{"id":"gen9vgc2023regulationc-1844862239","p1":"zurneus","p2":"FruitJuice148","format":"[Gen 9] VGC 2023 Regulation C","log":"|j|\u2606zurneus\n|j|\u2606FruitJuice148\n|t:|1681657722\n|gametype|doubles\n|player|p1|zurneus|richboy-gen4|\n|player|p2|FruitJuice148|hilbert-wonderlauncher|\n|teamsize|p1|6\n|teamsize|p2|6\n|gen|9\n|tier|[Gen 9] VGC 2023 Regulation C\n|rule|Species Clause: Limit one of each Pok\u00e9mon\n|rule|Item Clause: Limit one of each item\n|clearpoke\n|poke|p1|Arcanine, L50, M|\n|poke|p1|Palafin, L50, M|\n|poke|p1|Chien-Pao, L50|\n|poke|p1|Dragonite, L50, F|\n|poke|p1|Flutter Mane, L50|\n|poke|p1|Amoonguss, L50, M|\n|poke|p2|Flutter Mane, L50|\n|poke|p2|Glimmora, L50, F|\n|poke|p2|Wo-Chien, L50|\n|poke|p2|Ting-Lu, L50|\n|poke|p2|Chi-Yu, L50|\n|poke|p2|Gyarados, L50, F|\n|teampreview|4\nFruitJuice148 has agreed to open team sheets.\nzurneus has agreed to open team sheets.\n|\n|t:|1681657822\n|start\n|switch|p1a: Dragonite|Dragonite, L50, F|100\/100\n|switch|p1b: Chien-Pao|Chien-Pao, L50|100\/100\n|switch|p2a: Wo-Chien|Wo-Chien, L50|100\/100\n|switch|p2b: Gyarados|Gyarados, L50, F|100\/100\n|-ability|p1b: Chien-Pao|Sword of Ruin\n|-ability|p2b: Gyarados|Intimidate|boost\n|-fail|p1a: Dragonite|unboost|Attack|[from] ability: Inner Focus|[of] p1a: Dragonite\n|-unboost|p1b: Chien-Pao|atk|1\n|-ability|p2a: Wo-Chien|Tablets of Ruin\n|turn|1\n|\n|t:|1681657877\n|-terastallize|p1a: Dragonite|Flying\n|-terastallize|p2a: Wo-Chien|Poison\n|move|p1b: Chien-Pao|Ice Spinner|p2b: Gyarados\n|-damage|p2b: Gyarados|70\/100\n|move|p2b: Gyarados|Thunder Wave|p1b: Chien-Pao\n|-status|p1b: Chien-Pao|par\n|move|p1a: Dragonite|Tera Blast|p2b: Gyarados\n|-damage|p2b: Gyarados|2\/100\n|-enditem|p2b: Gyarados|Sitrus Berry|[eat]\n|-heal|p2b: Gyarados|27\/100|[from] item: Sitrus Berry\n|move|p2a: Wo-Chien|Leech Seed|p1a: Dragonite\n|-start|p1a: Dragonite|move: Leech Seed\n|\n|-damage|p1a: Dragonite|88\/100|[from] Leech Seed|[of] p2a: Wo-Chien\n|upkeep\n|turn|2\n|\n|t:|1681657944\n|switch|p2b: Flutter Mane|Flutter Mane, L50|100\/100\n|-enditem|p2b: Flutter Mane|Booster Energy\n|-activate|p2b: Flutter Mane|ability: Protosynthesis|[fromitem]\n|-start|p2b: Flutter Mane|protosynthesisspe\n|switch|p1b: Flutter Mane|Flutter Mane, L50|100\/100\n|-enditem|p1b: Flutter Mane|Booster Energy\n|-activate|p1b: Flutter Mane|ability: Protosynthesis|[fromitem]\n|-start|p1b: Flutter Mane|protosynthesisspe\n|move|p1a: Dragonite|Extreme Speed|p2b: Flutter Mane\n|-immune|p2b: Flutter Mane\n|move|p2a: Wo-Chien|Leech Seed|p1b: Flutter Mane\n|-start|p1b: Flutter Mane|move: Leech Seed\n|\n|-damage|p1b: Flutter Mane|88\/100|[from] Leech Seed|[of] p2a: Wo-Chien\n|-damage|p1a: Dragonite|76\/100|[from] Leech Seed|[of] p2a: Wo-Chien\n|upkeep\n|turn|3\n|\n|t:|1681657985\n|switch|p1a: Chien-Pao|Chien-Pao, L50|100\/100 par\n|-ability|p1a: Chien-Pao|Sword of Ruin\n|move|p2b: Flutter Mane|Protect|p2b: Flutter Mane\n|-singleturn|p2b: Flutter Mane|Protect\n|move|p1b: Flutter Mane|Shadow Ball|p2b: Flutter Mane\n|-activate|p2b: Flutter Mane|move: Protect\n|move|p2a: Wo-Chien|Foul Play|p1a: Chien-Pao\n|-resisted|p1a: Chien-Pao\n|-crit|p1a: Chien-Pao\n|-damage|p1a: Chien-Pao|56\/100 par\n|\n|-damage|p1b: Flutter Mane|75\/100|[from] Leech Seed|[of] p2a: Wo-Chien\n|upkeep\n|turn|4\n|\n|t:|1681658025\n|-end|p2b: Flutter Mane|Protosynthesis|[silent]\n|switch|p2b: Ting-Lu|Ting-Lu, L50|100\/100\n|-ability|p2b: Ting-Lu|Vessel of Ruin\n|-end|p1b: Flutter Mane|Protosynthesis|[silent]\n|switch|p1b: Arcanine|Arcanine, L50, M|100\/100\n|-ability|p1b: Arcanine|Intimidate|boost\n|-unboost|p2a: Wo-Chien|atk|1\n|-unboost|p2b: Ting-Lu|atk|1\n|move|p1a: Chien-Pao|Sucker Punch||[still]\n|-fail|p1a: Chien-Pao\n|move|p2a: Wo-Chien|Leech Seed|p1a: Chien-Pao\n|-start|p1a: Chien-Pao|move: Leech Seed\n|\n|-damage|p1a: Chien-Pao|44\/100 par|[from] Leech Seed|[of] p2a: Wo-Chien\n|upkeep\n|turn|5\n|\n|t:|1681658065\n|switch|p1a: Dragonite|Dragonite, L50, F, tera:Flying|76\/100\n|move|p1b: Arcanine|Will-O-Wisp|p2a: Wo-Chien\n|-status|p2a: Wo-Chien|brn\n|move|p2a: Wo-Chien|Leech Seed|p1b: Arcanine\n|-start|p1b: Arcanine|move: Leech Seed\n|move|p2b: Ting-Lu|Heavy Slam|p1a: Dragonite\n|-damage|p1a: Dragonite|64\/100\n|\n|-damage|p1b: Arcanine|88\/100|[from] Leech Seed|[of] p2a: Wo-Chien\n|-damage|p2a: Wo-Chien|94\/100 brn|[from] brn\n|upkeep\n|turn|6\n|\n|t:|1681658088\n|switch|p1b: Chien-Pao|Chien-Pao, L50|44\/100 par\n|-ability|p1b: Chien-Pao|Sword of Ruin\n|move|p1a: Dragonite|Low Kick|p2b: Ting-Lu\n|-supereffective|p2b: Ting-Lu\n|-damage|p2b: Ting-Lu|35\/100\n|move|p2a: Wo-Chien|Leech Seed|p1a: Dragonite\n|-start|p1a: Dragonite|move: Leech Seed\n|move|p2b: Ting-Lu|Ruination|p1b: Chien-Pao\n|-damage|p1b: Chien-Pao|22\/100 par\n|\n|-heal|p2a: Wo-Chien|100\/100 brn|[from] item: Leftovers\n|-damage|p1a: Dragonite|52\/100|[from] Leech Seed|[of] p2a: Wo-Chien\n|-damage|p2a: Wo-Chien|94\/100 brn|[from] brn\n|upkeep\n|turn|7\n|\n|t:|1681658124\n|switch|p1a: Arcanine|Arcanine, L50, M|88\/100\n|-ability|p1a: Arcanine|Intimidate|boost\n|-unboost|p2a: Wo-Chien|atk|1\n|-unboost|p2b: Ting-Lu|atk|1\n|switch|p2b: Gyarados|Gyarados, L50, F|27\/100\n|-ability|p2b: Gyarados|Intimidate|boost\n|-unboost|p1a: Arcanine|atk|1\n|-unboost|p1b: Chien-Pao|atk|1\n|move|p1b: Chien-Pao|Ice Spinner|p2b: Gyarados\n|-crit|p2b: Gyarados\n|-damage|p2b: Gyarados|0 fnt\n|faint|p2b: Gyarados\n|move|p2a: Wo-Chien|Foul Play|p1b: Chien-Pao\n|-resisted|p1b: Chien-Pao\n|-damage|p1b: Chien-Pao|13\/100 par\n|\n|-heal|p2a: Wo-Chien|100\/100 brn|[from] item: Leftovers\n|-damage|p2a: Wo-Chien|94\/100 brn|[from] brn\n|upkeep\n|\n|t:|1681658140\n|switch|p2b: Flutter Mane|Flutter Mane, L50|100\/100\n|turn|8\n|\n|t:|1681658193\n|switch|p1a: Flutter Mane|Flutter Mane, L50|75\/100\n|move|p2b: Flutter Mane|Protect|p2b: Flutter Mane\n|-singleturn|p2b: Flutter Mane|Protect\n|move|p1b: Chien-Pao|Protect|p1b: Chien-Pao\n|-singleturn|p1b: Chien-Pao|Protect\n|move|p2a: Wo-Chien|Leech Seed|p1a: Flutter Mane\n|-start|p1a: Flutter Mane|move: Leech Seed\n|\n|-heal|p2a: Wo-Chien|100\/100 brn|[from] item: Leftovers\n|-damage|p1a: Flutter Mane|63\/100|[from] Leech Seed|[of] p2a: Wo-Chien\n|-damage|p2a: Wo-Chien|94\/100 brn|[from] brn\n|upkeep\n|turn|9\n|\n|t:|1681658225\n|-end|p1a: Flutter Mane|Protosynthesis|[silent]\n|switch|p1a: Arcanine|Arcanine, L50, M|88\/100\n|-ability|p1a: Arcanine|Intimidate|boost\n|-unboost|p2a: Wo-Chien|atk|1\n|-unboost|p2b: Flutter Mane|atk|1\n|cant|p1b: Chien-Pao|par\n|move|p2b: Flutter Mane|Shadow Ball|p1a: Arcanine\n|-damage|p1a: Arcanine|40\/100\n|move|p2a: Wo-Chien|Leech Seed|p1b: Chien-Pao\n|-start|p1b: Chien-Pao|move: Leech Seed\n|\n|-heal|p2a: Wo-Chien|100\/100 brn|[from] item: Leftovers\n|-damage|p1b: Chien-Pao|0 fnt|[from] Leech Seed|[of] p2a: Wo-Chien\n|faint|p1b: Chien-Pao\n|-damage|p2a: Wo-Chien|94\/100 brn|[from] brn\n|upkeep\n|\n|t:|1681658241\n|switch|p1b: Flutter Mane|Flutter Mane, L50|63\/100\n|turn|10\n|\n|t:|1681658249\n|move|p1b: Flutter Mane|Protect|p1b: Flutter Mane\n|-singleturn|p1b: Flutter Mane|Protect\n|move|p2b: Flutter Mane|Shadow Ball|p1b: Flutter Mane\n|-activate|p1b: Flutter Mane|move: Protect\n|move|p1a: Arcanine|Will-O-Wisp|p2b: Flutter Mane\n|-status|p2b: Flutter Mane|brn\n|move|p2a: Wo-Chien|Leech Seed|p1a: Arcanine\n|-start|p1a: Arcanine|move: Leech Seed\n|\n|-heal|p2a: Wo-Chien|100\/100 brn|[from] item: Leftovers\n|-damage|p1a: Arcanine|28\/100|[from] Leech Seed|[of] p2a: Wo-Chien\n|-damage|p2b: Flutter Mane|94\/100 brn|[from] brn\n|-damage|p2a: Wo-Chien|94\/100 brn|[from] brn\n|upkeep\n|turn|11\n|\n|t:|1681658267\n|switch|p1a: Dragonite|Dragonite, L50, F, tera:Flying|52\/100\n|move|p2b: Flutter Mane|Shadow Ball|p1b: Flutter Mane\n|-supereffective|p1b: Flutter Mane\n|-damage|p1b: Flutter Mane|0 fnt\n|faint|p1b: Flutter Mane\n|-end|p1b: Flutter Mane|Protosynthesis|[silent]\n|move|p2a: Wo-Chien|Leech Seed|p1a: Dragonite\n|-start|p1a: Dragonite|move: Leech Seed\n|\n|-heal|p2a: Wo-Chien|100\/100 brn|[from] item: Leftovers\n|-damage|p1a: Dragonite|40\/100|[from] Leech Seed|[of] p2a: Wo-Chien\n|-damage|p2b: Flutter Mane|88\/100 brn|[from] brn\n|-damage|p2a: Wo-Chien|94\/100 brn|[from] brn\n|upkeep\n|c|\u2606zurneus|gg\n|-message|zurneus forfeited.\n|\n|win|FruitJuice148\n|l|\u2606zurneus\n","uploadtime":1681658284,"views":20,"p1id":"zurneus","p2id":"fruitjuice148","formatid":"gen9vgc2023regulationc","rating":0,"private":0,"password":""}