{"id":"gen9vgc2023regulationc-1848107700","p1":"Richias","p2":"dunsparcedingo","format":"[Gen 9] VGC 2023 Regulation C","log":"|j|\u2606Richias\n|j|\u2606dunsparcedingo\n|t:|1682030556\n|gametype|doubles\n|player|p1|Richias|170|1172\n|player|p2|dunsparcedingo|zinnia|1249\n|teamsize|p1|6\n|teamsize|p2|6\n|gen|9\n|tier|[Gen 9] VGC 2023 Regulation C\n|rated|\n|rule|Species Clause: Limit one of each Pok\u00e9mon\n|rule|Item Clause: Limit one of each item\n|clearpoke\n|poke|p1|Ting-Lu, L50|\n|poke|p1|Tsareena, L50, F|\n|poke|p1|Palafin, L50, M|\n|poke|p1|Arcanine, L50, F|\n|poke|p1|Chien-Pao, L50|\n|poke|p1|Slither Wing, L50|\n|poke|p2|Torkoal, L50, F|\n|poke|p2|Jumpluff, L50, F|\n|poke|p2|Chi-Yu, L50|\n|poke|p2|Flutter Mane, L50|\n|poke|p2|Iron Bundle, L50|\n|poke|p2|Slither Wing, L50|\n|teampreview|4\n|inactive|Battle timer is ON: inactive players will automatically lose when time's up. (requested by Richias)\ndunsparcedingo has agreed to open team sheets.\nRichias has agreed to open team sheets.\n|inactive|Richias has 60 seconds left.\n|inactive|dunsparcedingo has 60 seconds left.\n|inactive|dunsparcedingo has 30 seconds left.\n|inactive|dunsparcedingo has 20 seconds left.\n|\n|t:|1682030631\n|start\n|switch|p1a: Slither Wing|Slither Wing, L50|100\/100\n|switch|p1b: Palafin|Palafin, L50, M|100\/100\n|switch|p2a: Jumpluff|Jumpluff, L50, F|100\/100\n|switch|p2b: Slither Wing|Slither Wing, L50|100\/100\n|turn|1\n|inactive|Richias has 30 seconds left.\n|inactive|dunsparcedingo has 30 seconds left.\n|inactive|dunsparcedingo has 20 seconds left.\n|inactive|Richias has 20 seconds left.\n|inactive|Richias has 15 seconds left.\n|\n|t:|1682030678\n|detailschange|p1b: Palafin|Palafin-Hero, L50, M\n|switch|p1b: Arcanine|Arcanine, L50, F|100\/100\n|-ability|p1b: Arcanine|Intimidate|boost\n|-unboost|p2a: Jumpluff|atk|1\n|-unboost|p2b: Slither Wing|atk|1\n|move|p1a: Slither Wing|First Impression|p2a: Jumpluff\n|-damage|p2a: Jumpluff|34\/100\n|move|p2a: Jumpluff|Encore|p1a: Slither Wing\n|-start|p1a: Slither Wing|Encore\n|move|p2b: Slither Wing|Close Combat|p1b: Arcanine\n|-damage|p1b: Arcanine|46\/100\n|-unboost|p2b: Slither Wing|def|1\n|-unboost|p2b: Slither Wing|spd|1\n|-damage|p2b: Slither Wing|91\/100|[from] item: Life Orb\n|\n|upkeep\n|turn|2\n|inactive|dunsparcedingo has 30 seconds left.\n|inactive|dunsparcedingo has 20 seconds left.\n|\n|t:|1682030713\n|-end|p2b: Slither Wing|Protosynthesis|[silent]\n|switch|p2b: Torkoal|Torkoal, L50, F|100\/100\n|-weather|SunnyDay|[from] ability: Drought|[of] p2b: Torkoal\n|-activate|p1a: Slither Wing|ability: Protosynthesis\n|-start|p1a: Slither Wing|protosynthesisatk\n|switch|p1b: Palafin|Palafin-Hero, L50, M|100\/100\n|-activate|p1b: Palafin|ability: Zero to Hero\n|-end|p1a: Slither Wing|Protosynthesis|[silent]\n|switch|p1a: Ting-Lu|Ting-Lu, L50|100\/100\n|-ability|p1a: Ting-Lu|Vessel of Ruin\n|move|p2a: Jumpluff|Sleep Powder|p1b: Palafin|[miss]\n|-miss|p2a: Jumpluff|p1b: Palafin\n|\n|-weather|SunnyDay|[upkeep]\n|upkeep\n|turn|3\n|inactive|dunsparcedingo has 30 seconds left.\n|\n|t:|1682030742\n|move|p1b: Palafin|Protect|p1b: Palafin\n|-singleturn|p1b: Palafin|Protect\n|move|p2a: Jumpluff|Sleep Powder|p1a: Ting-Lu\n|-status|p1a: Ting-Lu|slp|[from] move: Sleep Powder\n|cant|p1a: Ting-Lu|slp\n|move|p2b: Torkoal|Will-O-Wisp|p1b: Palafin\n|-activate|p1b: Palafin|move: Protect\n|\n|-weather|SunnyDay|[upkeep]\n|upkeep\n|turn|4\n|inactive|dunsparcedingo has 30 seconds left.\n|\n|t:|1682030772\n|switch|p2a: Slither Wing|Slither Wing, L50|91\/100\n|-activate|p2a: Slither Wing|ability: Protosynthesis\n|-start|p2a: Slither Wing|protosynthesisatk\n|switch|p1b: Arcanine|Arcanine, L50, F|46\/100\n|-ability|p1b: Arcanine|Intimidate|boost\n|-unboost|p2a: Slither Wing|atk|1\n|-unboost|p2b: Torkoal|atk|1\n|cant|p1a: Ting-Lu|slp\n|move|p2b: Torkoal|Will-O-Wisp|p1b: Arcanine\n|-immune|p1b: Arcanine\n|\n|-weather|SunnyDay|[upkeep]\n|upkeep\n|turn|5\n|inactive|dunsparcedingo has 30 seconds left.\n|\n|t:|1682030797\n|-terastallize|p2a: Slither Wing|Fire\n|move|p2b: Torkoal|Protect|p2b: Torkoal\n|-singleturn|p2b: Torkoal|Protect\n|move|p2a: Slither Wing|Earthquake|p1b: Arcanine|[spread] p1a,p1b\n|-activate|p2b: Torkoal|move: Protect\n|-supereffective|p1b: Arcanine\n|-damage|p1a: Ting-Lu|83\/100 slp\n|-damage|p1b: Arcanine|0 fnt\n|faint|p1b: Arcanine\n|-damage|p2a: Slither Wing|81\/100|[from] item: Life Orb\n|cant|p1a: Ting-Lu|slp\n|\n|-weather|SunnyDay|[upkeep]\n|-heal|p1a: Ting-Lu|89\/100 slp|[from] item: Leftovers\n|upkeep\n|\n|t:|1682030811\n|switch|p1b: Palafin|Palafin-Hero, L50, M|100\/100\n|turn|6\n|\n|t:|1682030833\n|-end|p2a: Slither Wing|Protosynthesis|[silent]\n|switch|p2a: Jumpluff|Jumpluff, L50, F|34\/100\n|switch|p2b: Chi-Yu|Chi-Yu, L50|100\/100\n|-ability|p2b: Chi-Yu|Beads of Ruin\n|move|p1b: Palafin|Protect|p1b: Palafin\n|-singleturn|p1b: Palafin|Protect\n|-curestatus|p1a: Ting-Lu|slp|[msg]\n|move|p1a: Ting-Lu|Stomping Tantrum|p2a: Jumpluff\n|-immune|p2a: Jumpluff\n|\n|-weather|none\n|-heal|p1a: Ting-Lu|95\/100|[from] item: Leftovers\n|upkeep\n|turn|7\n|inactive|Richias has 30 seconds left.\n|inactive|dunsparcedingo has 30 seconds left.\n|inactive|Richias has 20 seconds left.\n|\n|t:|1682030871\n|switch|p1b: Slither Wing|Slither Wing, L50|100\/100\n|switch|p2b: Torkoal|Torkoal, L50, F|100\/100\n|-weather|SunnyDay|[from] ability: Drought|[of] p2b: Torkoal\n|-activate|p1b: Slither Wing|ability: Protosynthesis\n|-start|p1b: Slither Wing|protosynthesisatk\n|move|p2a: Jumpluff|Sleep Powder|p1b: Slither Wing|[miss]\n|-miss|p2a: Jumpluff|p1b: Slither Wing\n|move|p1a: Ting-Lu|Throat Chop|p2a: Jumpluff\n|-damage|p2a: Jumpluff|0 fnt\n|faint|p2a: Jumpluff\n|\n|-weather|SunnyDay|[upkeep]\n|-heal|p1a: Ting-Lu|100\/100|[from] item: Leftovers\n|upkeep\n|\n|t:|1682030888\n|switch|p2a: Slither Wing|Slither Wing, L50, tera:Fire|81\/100\n|-activate|p2a: Slither Wing|ability: Protosynthesis\n|-start|p2a: Slither Wing|protosynthesisatk\n|turn|8\n|\n|t:|1682030907\n|move|p2a: Slither Wing|First Impression|p1a: Ting-Lu\n|-supereffective|p1a: Ting-Lu\n|-damage|p1a: Ting-Lu|11\/100\n|-damage|p2a: Slither Wing|71\/100|[from] item: Life Orb\n|move|p1b: Slither Wing|First Impression|p2a: Slither Wing\n|-resisted|p2a: Slither Wing\n|-damage|p2a: Slither Wing|32\/100\n|move|p1a: Ting-Lu|Stomping Tantrum|p2a: Slither Wing\n|-supereffective|p2a: Slither Wing\n|-damage|p2a: Slither Wing|0 fnt\n|faint|p2a: Slither Wing\n|-end|p2a: Slither Wing|Protosynthesis|[silent]\n|move|p2b: Torkoal|Will-O-Wisp|p1b: Slither Wing\n|-status|p1b: Slither Wing|brn\n|\n|-weather|SunnyDay|[upkeep]\n|-heal|p1a: Ting-Lu|17\/100|[from] item: Leftovers\n|-damage|p1b: Slither Wing|94\/100 brn|[from] brn\n|upkeep\n|\n|t:|1682030923\n|switch|p2a: Chi-Yu|Chi-Yu, L50|100\/100\n|-ability|p2a: Chi-Yu|Beads of Ruin\n|turn|9\n|inactive|dunsparcedingo has 30 seconds left.\n|\n|t:|1682030955\n|move|p1a: Ting-Lu|Protect|p1a: Ting-Lu\n|-singleturn|p1a: Ting-Lu|Protect\n|move|p2a: Chi-Yu|Heat Wave|p1a: Ting-Lu|[spread] p1b\n|-activate|p1a: Ting-Lu|move: Protect\n|-supereffective|p1b: Slither Wing\n|-damage|p1b: Slither Wing|16\/100 brn\n|move|p1b: Slither Wing|Close Combat|p2a: Chi-Yu\n|-supereffective|p2a: Chi-Yu\n|-damage|p2a: Chi-Yu|0 fnt\n|-unboost|p1b: Slither Wing|def|1\n|-unboost|p1b: Slither Wing|spd|1\n|faint|p2a: Chi-Yu\n|move|p2b: Torkoal|Will-O-Wisp|p1b: Slither Wing\n|-fail|p1b: Slither Wing|brn\n|\n|-weather|SunnyDay|[upkeep]\n|-heal|p1a: Ting-Lu|23\/100|[from] item: Leftovers\n|-damage|p1b: Slither Wing|10\/100 brn|[from] brn\n|upkeep\n|turn|10\n|\n|t:|1682030979\n|move|p1b: Slither Wing|Close Combat|p2b: Torkoal\n|-damage|p2b: Torkoal|70\/100\n|-unboost|p1b: Slither Wing|def|1\n|-unboost|p1b: Slither Wing|spd|1\n|move|p1a: Ting-Lu|Stomping Tantrum|p2b: Torkoal\n|-supereffective|p2b: Torkoal\n|-damage|p2b: Torkoal|24\/100\n|move|p2b: Torkoal|Will-O-Wisp|p1a: Ting-Lu|[miss]\n|-miss|p2b: Torkoal|p1a: Ting-Lu\n|\n|-weather|SunnyDay|[upkeep]\n|-heal|p1a: Ting-Lu|30\/100|[from] item: Leftovers\n|-heal|p2b: Torkoal|30\/100|[from] item: Leftovers\n|-damage|p1b: Slither Wing|4\/100 brn|[from] brn\n|upkeep\n|turn|11\n|\n|t:|1682031000\n|move|p1b: Slither Wing|Close Combat|p2b: Torkoal\n|-damage|p2b: Torkoal|0 fnt\n|-unboost|p1b: Slither Wing|def|1\n|-unboost|p1b: Slither Wing|spd|1\n|faint|p2b: Torkoal\n|\n|win|Richias\n|raw|Richias's rating: 1172 → 1202<\/strong> (+30 for winning)\n|raw|dunsparcedingo's rating: 1249 → 1219<\/strong> (-30 for losing)\n","uploadtime":1682031008,"views":15,"p1id":"richias","p2id":"dunsparcedingo","formatid":"gen9vgc2023regulationc","rating":1202,"private":0,"password":""}