{"id":"gen9vgc2023regulationc-1851050436","p1":"DQNU33","p2":"OnHoldWithTheIRS","format":"[Gen 9] VGC 2023 Regulation C","log":"|j|\u2606DQNU33\n|j|\u2606OnHoldWithTheIRS\n|t:|1682400146\n|gametype|doubles\n|player|p1|DQNU33|1|1452\n|player|p2|OnHoldWithTheIRS|clerk|1445\n|teamsize|p1|6\n|teamsize|p2|6\n|gen|9\n|tier|[Gen 9] VGC 2023 Regulation C\n|rated|\n|rule|Species Clause: Limit one of each Pok\u00e9mon\n|rule|Item Clause: Limit one of each item\n|clearpoke\n|poke|p1|Dragonite, L50, F|\n|poke|p1|Chien-Pao, L50|\n|poke|p1|Flutter Mane, L50|\n|poke|p1|Ting-Lu, L50|\n|poke|p1|Amoonguss, L50, F|\n|poke|p1|Annihilape, L50, F|\n|poke|p2|Baxcalibur, L50, M|\n|poke|p2|Sandy Shocks, L50|\n|poke|p2|Klefki, L50, F|\n|poke|p2|Armarouge, L50, F|\n|poke|p2|Rotom-Wash, L50|\n|poke|p2|Meowscarada, L50, M|\n|teampreview|4\nOnHoldWithTheIRS has agreed to open team sheets.\n|inactive|Battle timer is ON: inactive players will automatically lose when time's up. (requested by DQNU33)\n|inactive|DQNU33 has 60 seconds left.\n|inactive|OnHoldWithTheIRS has 60 seconds left.\n|inactive|OnHoldWithTheIRS has 30 seconds left.\n|inactive|OnHoldWithTheIRS has 20 seconds left.\n|inactive|OnHoldWithTheIRS has 15 seconds left.\n|inactive|OnHoldWithTheIRS has 10 seconds left.\n|inactive|OnHoldWithTheIRS has 5 seconds left.\n|\n|t:|1682400238\n|start\n|switch|p1a: Ting-Lu|Ting-Lu, L50|100\/100\n|switch|p1b: Flutter Mane|Flutter Mane, L50, shiny|100\/100\n|switch|p2a: Klefki|Klefki, L50, F|100\/100\n|switch|p2b: Rotom|Rotom-Wash, L50|100\/100\n|-ability|p1a: Ting-Lu|Vessel of Ruin\n|-enditem|p1b: Flutter Mane|Booster Energy\n|-activate|p1b: Flutter Mane|ability: Protosynthesis|[fromitem]\n|-start|p1b: Flutter Mane|protosynthesisspe\n|turn|1\n|inactive|DQNU33 has 30 seconds left.\n|\n|t:|1682400267\n|move|p2a: Klefki|Thunder Wave|p1b: Flutter Mane\n|-status|p1b: Flutter Mane|par\n|move|p1b: Flutter Mane|Moonblast|p2b: Rotom\n|-crit|p2b: Rotom\n|-damage|p2b: Rotom|44\/100\n|-unboost|p2b: Rotom|spa|1\n|-enditem|p2b: Rotom|Sitrus Berry|[eat]\n|-heal|p2b: Rotom|69\/100|[from] item: Sitrus Berry\n|move|p2b: Rotom|Will-O-Wisp|p1a: Ting-Lu\n|-status|p1a: Ting-Lu|brn\n|move|p1a: Ting-Lu|Stomping Tantrum|p2a: Klefki\n|-supereffective|p2a: Klefki\n|-damage|p2a: Klefki|57\/100\n|\n|-damage|p1a: Ting-Lu|94\/100 brn|[from] brn\n|upkeep\n|turn|2\n|inactive|OnHoldWithTheIRS has 30 seconds left.\n|inactive|OnHoldWithTheIRS has 20 seconds left.\n|inactive|OnHoldWithTheIRS has 15 seconds left.\n|\n|t:|1682400308\n|move|p1b: Flutter Mane|Moonblast|p2b: Rotom\n|-damage|p2b: Rotom|34\/100\n|move|p2b: Rotom|Thunderbolt|p1b: Flutter Mane\n|-damage|p1b: Flutter Mane|82\/100 par\n|move|p2a: Klefki|Dazzling Gleam|p1a: Ting-Lu|[spread] p1a,p1b\n|-supereffective|p1a: Ting-Lu\n|-crit|p1b: Flutter Mane\n|-damage|p1a: Ting-Lu|80\/100 brn\n|-damage|p1b: Flutter Mane|65\/100 par\n|move|p1a: Ting-Lu|Stomping Tantrum|p2a: Klefki\n|-supereffective|p2a: Klefki\n|-damage|p2a: Klefki|16\/100\n|\n|-damage|p1a: Ting-Lu|74\/100 brn|[from] brn\n|upkeep\n|turn|3\n|inactive|OnHoldWithTheIRS has 30 seconds left.\n|\n|t:|1682400336\n|move|p2b: Rotom|Protect|p2b: Rotom\n|-singleturn|p2b: Rotom|Protect\n|move|p2a: Klefki|Rest|p2a: Klefki\n|-status|p2a: Klefki|slp|[from] move: Rest\n|-heal|p2a: Klefki|100\/100 slp|[silent]\n|-enditem|p2a: Klefki|Chesto Berry|[eat]\n|-curestatus|p2a: Klefki|slp|[msg]\n|move|p1b: Flutter Mane|Moonblast|p2b: Rotom\n|-activate|p2b: Rotom|move: Protect\n|move|p1a: Ting-Lu|Stomping Tantrum|p2a: Klefki\n|-supereffective|p2a: Klefki\n|-damage|p2a: Klefki|56\/100\n|\n|-damage|p1a: Ting-Lu|68\/100 brn|[from] brn\n|upkeep\n|turn|4\n|inactive|OnHoldWithTheIRS has 30 seconds left.\n|\n|t:|1682400366\n|switch|p2b: Armarouge|Armarouge, L50, F|100\/100\n|move|p2a: Klefki|Reflect|p2a: Klefki\n|-sidestart|p2: OnHoldWithTheIRS|Reflect\n|move|p1b: Flutter Mane|Moonblast|p2b: Armarouge\n|-resisted|p2b: Armarouge\n|-damage|p2b: Armarouge|82\/100\n|-unboost|p2b: Armarouge|spa|1\n|move|p1a: Ting-Lu|Stomping Tantrum|p2a: Klefki\n|-supereffective|p2a: Klefki\n|-damage|p2a: Klefki|30\/100\n|\n|-heal|p2b: Armarouge|89\/100|[from] item: Leftovers\n|-damage|p1a: Ting-Lu|62\/100 brn|[from] brn\n|upkeep\n|turn|5\n|j| gaymarriage3k\n|inactive|OnHoldWithTheIRS has 30 seconds left.\n|\n|t:|1682400400\n|-terastallize|p2b: Armarouge|Grass\n|cant|p1b: Flutter Mane|par\n|move|p2b: Armarouge|Calm Mind|p2b: Armarouge\n|-boost|p2b: Armarouge|spa|1\n|-boost|p2b: Armarouge|spd|1\n|move|p2a: Klefki|Dazzling Gleam|p1b: Flutter Mane|[spread] p1a,p1b\n|-supereffective|p1a: Ting-Lu\n|-damage|p1a: Ting-Lu|49\/100 brn\n|-damage|p1b: Flutter Mane|54\/100 par\n|move|p1a: Ting-Lu|Earthquake|p2a: Klefki|[spread] p1b,p2a,p2b\n|-supereffective|p2a: Klefki\n|-resisted|p2b: Armarouge\n|-damage|p1b: Flutter Mane|28\/100 par\n|-damage|p2a: Klefki|5\/100\n|-damage|p2b: Armarouge|84\/100\n|\n|-heal|p2b: Armarouge|90\/100|[from] item: Leftovers\n|-damage|p1a: Ting-Lu|43\/100 brn|[from] brn\n|upkeep\n|turn|6\n|l| gaymarriage3k\n|inactive|OnHoldWithTheIRS has 30 seconds left.\n|inactive|OnHoldWithTheIRS has 20 seconds left.\n|inactive|OnHoldWithTheIRS has 15 seconds left.\n|\n|t:|1682400443\n|move|p2a: Klefki|Rest|p2a: Klefki\n|-status|p2a: Klefki|slp|[from] move: Rest\n|-heal|p2a: Klefki|100\/100 slp|[silent]\n|cant|p1b: Flutter Mane|par\n|move|p2b: Armarouge|Calm Mind|p2b: Armarouge\n|-boost|p2b: Armarouge|spa|1\n|-boost|p2b: Armarouge|spd|1\n|move|p1a: Ting-Lu|Heavy Slam|p2b: Armarouge\n|-damage|p2b: Armarouge|79\/100\n|\n|-heal|p2b: Armarouge|85\/100|[from] item: Leftovers\n|-damage|p1a: Ting-Lu|37\/100 brn|[from] brn\n|upkeep\n|turn|7\n|\n|t:|1682400466\n|cant|p1b: Flutter Mane|par\n|move|p2b: Armarouge|Calm Mind|p2b: Armarouge\n|-boost|p2b: Armarouge|spa|1\n|-boost|p2b: Armarouge|spd|1\n|cant|p2a: Klefki|slp\n|move|p1a: Ting-Lu|Heavy Slam|p2b: Armarouge\n|-damage|p2b: Armarouge|75\/100\n|\n|-heal|p2b: Armarouge|81\/100|[from] item: Leftovers\n|-damage|p1a: Ting-Lu|30\/100 brn|[from] brn\n|upkeep\n|turn|8\n|-message|DQNU33 forfeited.\n|\n|win|OnHoldWithTheIRS\n|raw|DQNU33's rating: 1452 → 1432<\/strong> (-20 for losing)\n|raw|OnHoldWithTheIRS's rating: 1445 → 1465<\/strong> (+20 for winning)\n|l|\u2606DQNU33\n","uploadtime":1682400483,"views":14,"p1id":"dqnu33","p2id":"onholdwiththeirs","formatid":"gen9vgc2023regulationc","rating":1432,"private":0,"password":""}