{"id":"gen9vgc2023regulationc-1857870281","p1":"Lelandvgc","p2":"Voidbunny123","format":"[Gen 9] VGC 2023 Regulation C","log":"|j|\u2606Lelandvgc\n|j|\u2606Voidbunny123\n|t:|1683241130\n|gametype|doubles\n|player|p1|Lelandvgc|2|\n|player|p2|Voidbunny123|benga|\n|teamsize|p1|6\n|teamsize|p2|6\n|gen|9\n|tier|[Gen 9] VGC 2023 Regulation C\n|rated|Tournament battle\n|rule|Species Clause: Limit one of each Pok\u00e9mon\n|rule|Item Clause: Limit one of each item\n|clearpoke\n|poke|p1|Baxcalibur, L50, M|\n|poke|p1|Amoonguss, L50, M|\n|poke|p1|Flutter Mane, L50|\n|poke|p1|Palafin, L50, F|\n|poke|p1|Iron Moth, L50|\n|poke|p1|Hariyama, L50, F|\n|poke|p2|Grimmsnarl, L50, M|\n|poke|p2|Annihilape, L50, M|\n|poke|p2|Arcanine, L50, F|\n|poke|p2|Ting-Lu, L50|\n|poke|p2|Corviknight, L50, F|\n|poke|p2|Gholdengo, L50|\n|teampreview|4\n|raw| Open Team Sheet for Lelandvgc<\/summary>Baxcalibur @ Dragon Fang Ability: Thermal Exchange Level: 50 Tera Type: Dragon - Glaive Rush - Ice Shard - Protect - Swords Dance Amoonguss @ Mental Herb Ability: Regenerator Level: 50 Tera Type: Water - Spore - Pollen Puff - Protect - Rage Powder Flutter Mane @ Life Orb Ability: Protosynthesis Level: 50 Tera Type: Fairy - Moonblast - Shadow Ball - Protect - Dazzling Gleam Palafin @ Mystic Water Ability: Zero to Hero Level: 50 Tera Type: Water - Jet Punch - Wave Crash - Haze - Protect Iron Moth @ Booster Energy Ability: Quark Drive Level: 50 Tera Type: Grass - Protect - Acid Spray - Heat Wave - Energy Ball Hariyama @ Focus Sash Ability: Thick Fat Level: 50 Tera Type: Steel - Bullet Punch - Wide Guard - Close Combat - Detect <\/details><\/div> Open Team Sheet for Voidbunny123<\/summary>Grimmsnarl (M) @ Light Clay Ability: Prankster Level: 50 Tera Type: Dark - Light Screen - Reflect - Misty Terrain - Spirit Break Annihilape @ Sitrus Berry Ability: Defiant Level: 50 Tera Type: Fire - Bulk Up - Protect - Rage Fist - Drain Punch Arcanine @ Safety Goggles Ability: Intimidate Level: 50 Tera Type: Flying - Protect - Will-O-Wisp - Extreme Speed - Flare Blitz Ting-Lu @ Assault Vest Ability: Vessel of Ruin Level: 50 Tera Type: Grass - Earthquake - Stomping Tantrum - Ruination - Payback Corviknight @ Lum Berry Ability: Mirror Armor Level: 50 Tera Type: Dragon - Tailwind - Roost - Brave Bird - Iron Head Gholdengo @ Leftovers Ability: Good as Gold Level: 50 Tera Type: Steel - Make It Rain - Shadow Ball - Protect - Nasty Plot <\/details><\/div>\n|inactive|Battle timer is ON: inactive players will automatically lose when time's up. (requested by Lelandvgc)\n|j| MafuMafuSimpSimp\n|inactive|Voidbunny123 has 60 seconds left.\n|\n|t:|1683241183\n|start\n|switch|p1a: Iron Moth|Iron Moth, L50|100\/100\n|switch|p1b: Flutter Mane|Flutter Mane, L50|100\/100\n|switch|p2a: Grimmsnarl|Grimmsnarl, L50, M|100\/100\n|switch|p2b: Annihilape|Annihilape, L50, M|100\/100\n|-enditem|p1a: Iron Moth|Booster Energy\n|-activate|p1a: Iron Moth|ability: Quark Drive|[fromitem]\n|-start|p1a: Iron Moth|quarkdrivespe\n|turn|1\n|\n|t:|1683241199\n|-terastallize|p2b: Annihilape|Fire\n|move|p2a: Grimmsnarl|Light Screen|p2a: Grimmsnarl\n|-sidestart|p2: Voidbunny123|move: Light Screen\n|move|p1a: Iron Moth|Acid Spray|p2b: Annihilape\n|-damage|p2b: Annihilape|88\/100\n|-unboost|p2b: Annihilape|spd|2\n|-ability|p2b: Annihilape|Defiant|boost\n|-boost|p2b: Annihilape|atk|2\n|move|p1b: Flutter Mane|Shadow Ball|p2b: Annihilape\n|-damage|p2b: Annihilape|17\/100\n|-enditem|p2b: Annihilape|Sitrus Berry|[eat]\n|-heal|p2b: Annihilape|42\/100|[from] item: Sitrus Berry\n|-damage|p1b: Flutter Mane|91\/100|[from] item: Life Orb\n|move|p2b: Annihilape|Bulk Up|p2b: Annihilape\n|-boost|p2b: Annihilape|atk|1\n|-boost|p2b: Annihilape|def|1\n|\n|upkeep\n|turn|2\n|inactive|Voidbunny123 has 30 seconds left.\n|j| WeirdPolyCouple\n|\n|t:|1683241233\n|switch|p2b: Ting-Lu|Ting-Lu, L50|100\/100\n|-ability|p2b: Ting-Lu|Vessel of Ruin\n|move|p1a: Iron Moth|Acid Spray|p2a: Grimmsnarl\n|-supereffective|p2a: Grimmsnarl\n|-damage|p2a: Grimmsnarl|84\/100\n|-unboost|p2a: Grimmsnarl|spd|2\n|move|p1b: Flutter Mane|Shadow Ball|p2b: Ting-Lu\n|-resisted|p2b: Ting-Lu\n|-damage|p2b: Ting-Lu|95\/100\n|-damage|p1b: Flutter Mane|81\/100|[from] item: Life Orb\n|move|p2a: Grimmsnarl|Spirit Break|p1b: Flutter Mane\n|-damage|p1b: Flutter Mane|18\/100\n|-unboost|p1b: Flutter Mane|spa|1\n|\n|upkeep\n|turn|3\n|inactive|Lelandvgc has 30 seconds left.\n|inactive|Voidbunny123 has 30 seconds left.\n|\n|t:|1683241261\n|move|p2a: Grimmsnarl|Reflect|p2a: Grimmsnarl\n|-sidestart|p2: Voidbunny123|Reflect\n|move|p1a: Iron Moth|Acid Spray|p2b: Ting-Lu\n|-resisted|p2b: Ting-Lu\n|-damage|p2b: Ting-Lu|93\/100\n|-unboost|p2b: Ting-Lu|spd|2\n|move|p1b: Flutter Mane|Moonblast|p2b: Ting-Lu\n|-supereffective|p2b: Ting-Lu\n|-damage|p2b: Ting-Lu|59\/100\n|-damage|p1b: Flutter Mane|8\/100|[from] item: Life Orb\n|move|p2b: Ting-Lu|Earthquake|p1b: Flutter Mane|[spread] p2a,p1a,p1b\n|-supereffective|p1a: Iron Moth\n|-damage|p2a: Grimmsnarl|58\/100\n|-damage|p1a: Iron Moth|0 fnt\n|-damage|p1b: Flutter Mane|0 fnt\n|faint|p1a: Iron Moth\n|-end|p1a: Iron Moth|Quark Drive|[silent]\n|faint|p1b: Flutter Mane\n|-end|p1b: Flutter Mane|Protosynthesis|[silent]\n|\n|upkeep\n|j| KennyJ\n|\n|t:|1683241278\n|switch|p1b: Amoonguss|Amoonguss, L50, M|100\/100\n|switch|p1a: Baxcalibur|Baxcalibur, L50, M|100\/100\n|turn|4\n|j| PotatoFoe11\n|\n|t:|1683241287\n|switch|p2b: Gholdengo|Gholdengo, L50|100\/100\n|move|p1b: Amoonguss|Rage Powder|p1b: Amoonguss\n|-singleturn|p1b: Amoonguss|move: Rage Powder\n|move|p2a: Grimmsnarl|Misty Terrain|p2a: Grimmsnarl\n|-fieldstart|move: Misty Terrain\n|move|p1a: Baxcalibur|Swords Dance|p1a: Baxcalibur\n|-boost|p1a: Baxcalibur|atk|2\n|\n|upkeep\n|turn|5\n|inactive|Lelandvgc has 30 seconds left.\n|\n|t:|1683241314\n|-terastallize|p1a: Baxcalibur|Dragon\n|move|p1b: Amoonguss|Rage Powder|p1b: Amoonguss\n|-singleturn|p1b: Amoonguss|move: Rage Powder\n|move|p2b: Gholdengo|Nasty Plot|p2b: Gholdengo\n|-boost|p2b: Gholdengo|spa|2\n|move|p1a: Baxcalibur|Glaive Rush|p2b: Gholdengo\n|-resisted|p2b: Gholdengo\n|-damage|p2b: Gholdengo|52\/100\n|-singlemove|p1a: Baxcalibur|Glaive Rush|[silent]\n|move|p2a: Grimmsnarl|Spirit Break|p1b: Amoonguss\n|-resisted|p1b: Amoonguss\n|-damage|p1b: Amoonguss|87\/100\n|-unboost|p1b: Amoonguss|spa|1\n|\n|-heal|p2b: Gholdengo|58\/100|[from] item: Leftovers\n|upkeep\n|turn|6\n|j| gatorade sweet\n|\n|t:|1683241335\n|move|p1a: Baxcalibur|Protect|p1a: Baxcalibur\n|-singleturn|p1a: Baxcalibur|Protect\n|move|p1b: Amoonguss|Protect|p1b: Amoonguss\n|-singleturn|p1b: Amoonguss|Protect\n|move|p2b: Gholdengo|Make It Rain|p1a: Baxcalibur|[spread] \n|-activate|p1a: Baxcalibur|move: Protect\n|-activate|p1b: Amoonguss|move: Protect\n|move|p2a: Grimmsnarl|Spirit Break|p1a: Baxcalibur\n|-activate|p1a: Baxcalibur|move: Protect\n|\n|-heal|p2b: Gholdengo|64\/100|[from] item: Leftovers\n|upkeep\n|turn|7\n|j| Cachapita\n|\n|t:|1683241352\n|move|p1b: Amoonguss|Rage Powder|p1b: Amoonguss\n|-singleturn|p1b: Amoonguss|move: Rage Powder\n|move|p2b: Gholdengo|Make It Rain|p1a: Baxcalibur|[spread] p1a,p1b\n|-crit|p1a: Baxcalibur\n|-damage|p1a: Baxcalibur|0 fnt\n|-damage|p1b: Amoonguss|7\/100\n|-unboost|p2b: Gholdengo|spa|1\n|faint|p1a: Baxcalibur\n|move|p2a: Grimmsnarl|Spirit Break|p1b: Amoonguss\n|-resisted|p1b: Amoonguss\n|-damage|p1b: Amoonguss|0 fnt\n|faint|p1b: Amoonguss\n|\n|win|Voidbunny123\n|n|\u2606Lelandvgc|lelandvgc\n|n|\u2606Voidbunny123|voidbunny123\n|n| MafuMafuSimpSimp|mafumafusimpsimp\n|n| WeirdPolyCouple|weirdpolycouple\n|n| KennyJ|kennyj\n|n| PotatoFoe11|potatofoe11\n|n| gatorade sweet|gatoradesweet\n|n| Cachapita|cachapita\n","uploadtime":1683241353,"views":10,"p1id":"lelandvgc","p2id":"voidbunny123","formatid":"gen9vgc2023regulationc","rating":0,"private":0,"password":""}