{"id":"gen9vgc2023regulationc-1847953286","p1":"Sophie Lumina","p2":"PhantomEIR","format":"[Gen 9] VGC 2023 Regulation C","log":"|j|\u2606Sophie Lumina\n|j|\u2606PhantomEIR\n|t:|1682015430\n|gametype|doubles\n|player|p1|Sophie Lumina|iono|1171\n|player|p2|PhantomEIR|cheryl|1275\n|teamsize|p1|6\n|teamsize|p2|6\n|gen|9\n|tier|[Gen 9] VGC 2023 Regulation C\n|rated|\n|rule|Species Clause: Limit one of each Pok\u00e9mon\n|rule|Item Clause: Limit one of each item\n|clearpoke\n|poke|p1|Volcarona, L50, F|\n|poke|p1|Bellibolt, L50, F|\n|poke|p1|Glimmora, L50, M|\n|poke|p1|Orthworm, L50, F|\n|poke|p1|Dragonite, L50, M|\n|poke|p1|Great Tusk, L50|\n|poke|p2|Palafin, L50, F|\n|poke|p2|Wo-Chien, L50|\n|poke|p2|Iron Hands, L50|\n|poke|p2|Chi-Yu, L50|\n|poke|p2|Flutter Mane, L50|\n|poke|p2|Ting-Lu, L50|\n|teampreview|4\n|\n|t:|1682015461\n|start\n|switch|p1a: Glimmora|Glimmora, L50, M|100\/100\n|switch|p1b: Bellibolt|Bellibolt, L50, F|100\/100\n|switch|p2a: Palafin|Palafin, L50, F|100\/100\n|switch|p2b: Ting-Lu|Ting-Lu, L50|100\/100\n|-ability|p2b: Ting-Lu|Vessel of Ruin\n|turn|1\n|\n|t:|1682015486\n|move|p2a: Palafin|Protect|p2a: Palafin\n|-singleturn|p2a: Palafin|Protect\n|move|p1a: Glimmora|Reflect|p1a: Glimmora\n|-sidestart|p1: Sophie Lumina|Reflect\n|move|p1b: Bellibolt|Discharge|p2b: Ting-Lu|[spread] p1a\n|-activate|p2a: Palafin|move: Protect\n|-immune|p2b: Ting-Lu\n|-damage|p1a: Glimmora|63\/100\n|move|p2b: Ting-Lu|Body Press|p1a: Glimmora\n|-damage|p1a: Glimmora|40\/100\n|-activate|p1a: Glimmora|ability: Toxic Debris\n|-sidestart|p2: PhantomEIR|move: Toxic Spikes\n|\n|upkeep\n|turn|2\n|\n|t:|1682015512\n|move|p2a: Palafin|Jet Punch|p1a: Glimmora\n|-supereffective|p1a: Glimmora\n|-damage|p1a: Glimmora|0 fnt\n|-activate|p1a: Glimmora|ability: Toxic Debris\n|-sidestart|p2: PhantomEIR|move: Toxic Spikes\n|faint|p1a: Glimmora\n|move|p1b: Bellibolt|Muddy Water|p2a: Palafin|[spread] p2a\n|-miss|p1b: Bellibolt|p2b: Ting-Lu\n|-resisted|p2a: Palafin\n|-damage|p2a: Palafin|89\/100\n|-unboost|p2a: Palafin|accuracy|1\n|move|p2b: Ting-Lu|Body Press|p1b: Bellibolt\n|-damage|p1b: Bellibolt|85\/100\n|-start|p1b: Bellibolt|Charge|Body Press|[from] ability: Electromorphosis\n|\n|upkeep\n|\n|t:|1682015530\n|switch|p1a: Orthworm|Orthworm, L50, F|100\/100\n|turn|3\n|\n|t:|1682015542\n|detailschange|p2a: Palafin|Palafin-Hero, L50, F\n|switch|p2a: Flutter Mane|Flutter Mane, L50|100\/100\n|-status|p2a: Flutter Mane|tox\n|move|p1b: Bellibolt|Protect|p1b: Bellibolt\n|-singleturn|p1b: Bellibolt|Protect\n|move|p1a: Orthworm|Iron Defense|p1a: Orthworm\n|-boost|p1a: Orthworm|def|2\n|move|p2b: Ting-Lu|Body Press|p1a: Orthworm\n|-supereffective|p1a: Orthworm\n|-damage|p1a: Orthworm|87\/100\n|\n|-damage|p2a: Flutter Mane|94\/100 tox|[from] psn\n|upkeep\n|turn|4\n|\n|t:|1682015570\n|switch|p1b: Great Tusk|Great Tusk, L50|100\/100\n|-enditem|p1b: Great Tusk|Booster Energy\n|-activate|p1b: Great Tusk|ability: Protosynthesis|[fromitem]\n|-start|p1b: Great Tusk|protosynthesisatk\n|move|p2a: Flutter Mane|Power Gem|p1b: Great Tusk\n|-resisted|p1b: Great Tusk\n|-damage|p1b: Great Tusk|91\/100\n|move|p1a: Orthworm|Iron Head|p2a: Flutter Mane\n|-supereffective|p2a: Flutter Mane\n|-damage|p2a: Flutter Mane|0 fnt\n|faint|p2a: Flutter Mane\n|-end|p2a: Flutter Mane|Protosynthesis|[silent]\n|move|p2b: Ting-Lu|Ruination|p1a: Orthworm\n|-damage|p1a: Orthworm|44\/100\n|\n|upkeep\n|\n|t:|1682015587\n|switch|p2a: Chi-Yu|Chi-Yu, L50|100\/100\n|-status|p2a: Chi-Yu|tox\n|-ability|p2a: Chi-Yu|Beads of Ruin\n|turn|5\n|\n|t:|1682015617\n|switch|p1a: Bellibolt|Bellibolt, L50, F|85\/100\n|move|p2a: Chi-Yu|Heat Wave|p1b: Great Tusk|[spread] p1a,p1b\n|-damage|p1a: Bellibolt|47\/100\n|-damage|p1b: Great Tusk|39\/100\n|-status|p1a: Bellibolt|brn\n|-status|p1b: Great Tusk|brn\n|-start|p1a: Bellibolt|Charge|Heat Wave|[from] ability: Electromorphosis\n|move|p1b: Great Tusk|Close Combat|p2a: Chi-Yu\n|-supereffective|p2a: Chi-Yu\n|-damage|p2a: Chi-Yu|0 fnt\n|-unboost|p1b: Great Tusk|def|1\n|-unboost|p1b: Great Tusk|spd|1\n|faint|p2a: Chi-Yu\n|move|p2b: Ting-Lu|Ruination|p1b: Great Tusk\n|-damage|p1b: Great Tusk|20\/100 brn\n|\n|-damage|p1b: Great Tusk|14\/100 brn|[from] brn\n|-damage|p1a: Bellibolt|41\/100 brn|[from] brn\n|upkeep\n|\n|t:|1682015628\n|switch|p2a: Palafin|Palafin-Hero, L50, F|89\/100\n|-status|p2a: Palafin|tox\n|-activate|p2a: Palafin|ability: Zero to Hero\n|turn|6\n|\n|t:|1682015650\n|move|p2a: Palafin|Jet Punch|p1b: Great Tusk\n|-supereffective|p1b: Great Tusk\n|-damage|p1b: Great Tusk|0 fnt\n|faint|p1b: Great Tusk\n|-end|p1b: Great Tusk|Protosynthesis|[silent]\n|move|p1a: Bellibolt|Discharge|p2b: Ting-Lu|[spread] p2a\n|-immune|p2b: Ting-Lu\n|-supereffective|p2a: Palafin\n|-damage|p2a: Palafin|0 fnt\n|faint|p2a: Palafin\n|-end|p1a: Bellibolt|Charge|[silent]\n|move|p2b: Ting-Lu|Ruination|p1a: Bellibolt|[miss]\n|-miss|p2b: Ting-Lu|p1a: Bellibolt\n|\n|-damage|p1a: Bellibolt|35\/100 brn|[from] brn\n|upkeep\n|\n|t:|1682015665\n|switch|p1b: Orthworm|Orthworm, L50, F|44\/100\n|turn|7\n|\n|t:|1682015673\n|move|p1b: Orthworm|Iron Defense|p1b: Orthworm\n|-boost|p1b: Orthworm|def|2\n|move|p1a: Bellibolt|Muddy Water|p2b: Ting-Lu|[miss]\n|-miss|p1a: Bellibolt|p2b: Ting-Lu\n|move|p2b: Ting-Lu|Ruination|p1b: Orthworm\n|-damage|p1b: Orthworm|22\/100\n|\n|-damage|p1a: Bellibolt|29\/100 brn|[from] brn\n|upkeep\n|turn|8\n|\n|t:|1682015688\n|-terastallize|p2b: Ting-Lu|Grass\n|move|p1b: Orthworm|Body Press|p2b: Ting-Lu\n|-damage|p2b: Ting-Lu|68\/100\n|move|p1a: Bellibolt|Muddy Water|p2b: Ting-Lu\n|-resisted|p2b: Ting-Lu\n|-damage|p2b: Ting-Lu|57\/100\n|-unboost|p2b: Ting-Lu|accuracy|1\n|move|p2b: Ting-Lu|Body Press|p1b: Orthworm\n|-supereffective|p1b: Orthworm\n|-damage|p1b: Orthworm|9\/100\n|\n|-damage|p1a: Bellibolt|23\/100 brn|[from] brn\n|-sideend|p1: Sophie Lumina|Reflect\n|upkeep\n|turn|9\n|\n|t:|1682015707\n|move|p2b: Ting-Lu|Protect|p2b: Ting-Lu\n|-singleturn|p2b: Ting-Lu|Protect\n|move|p1b: Orthworm|Rest|p1b: Orthworm\n|-status|p1b: Orthworm|slp|[from] move: Rest\n|-heal|p1b: Orthworm|100\/100 slp|[silent]\n|-enditem|p1b: Orthworm|Chesto Berry|[eat]\n|-curestatus|p1b: Orthworm|slp|[msg]\n|move|p1a: Bellibolt|Muddy Water|p2b: Ting-Lu\n|-activate|p2b: Ting-Lu|move: Protect\n|\n|-damage|p1a: Bellibolt|17\/100 brn|[from] brn\n|upkeep\n|turn|10\n|\n|t:|1682015725\n|move|p1b: Orthworm|Iron Defense|p1b: Orthworm\n|-boost|p1b: Orthworm|def|2\n|move|p1a: Bellibolt|Muddy Water|p2b: Ting-Lu\n|-resisted|p2b: Ting-Lu\n|-crit|p2b: Ting-Lu\n|-damage|p2b: Ting-Lu|43\/100\n|-enditem|p2b: Ting-Lu|Sitrus Berry|[eat]\n|-heal|p2b: Ting-Lu|68\/100|[from] item: Sitrus Berry\n|move|p2b: Ting-Lu|Body Press|p1a: Bellibolt|[miss]\n|-miss|p2b: Ting-Lu|p1a: Bellibolt\n|\n|-damage|p1a: Bellibolt|11\/100 brn|[from] brn\n|upkeep\n|turn|11\n|\n|t:|1682015742\n|move|p2b: Ting-Lu|Protect|p2b: Ting-Lu\n|-singleturn|p2b: Ting-Lu|Protect\n|move|p1b: Orthworm|Iron Defense|p1b: Orthworm\n|-boost|p1b: Orthworm|def|2\n|move|p1a: Bellibolt|Muddy Water|p2b: Ting-Lu\n|-activate|p2b: Ting-Lu|move: Protect\n|\n|-damage|p1a: Bellibolt|5\/100 brn|[from] brn\n|upkeep\n|turn|12\n|\n|t:|1682015763\n|move|p1b: Orthworm|Body Press|p2b: Ting-Lu\n|-damage|p2b: Ting-Lu|2\/100\n|move|p1a: Bellibolt|Muddy Water|p2b: Ting-Lu|[miss]\n|-miss|p1a: Bellibolt|p2b: Ting-Lu\n|move|p2b: Ting-Lu|Body Press|p1b: Orthworm\n|-supereffective|p1b: Orthworm\n|-damage|p1b: Orthworm|91\/100\n|\n|-damage|p1a: Bellibolt|0 fnt|[from] brn\n|faint|p1a: Bellibolt\n|upkeep\n|turn|13\n|-message|PhantomEIR forfeited.\n|\n|win|Sophie Lumina\n|raw|Sophie Lumina's rating: 1171 → 1203<\/strong> (+32 for winning)\n|raw|PhantomEIR's rating: 1275 → 1243<\/strong> (-32 for losing)\n|l|\u2606PhantomEIR\n|c|\u2606Sophie Lumina|gg\n","uploadtime":1682015786,"views":5,"p1id":"sophielumina","p2id":"phantomeir","formatid":"gen9vgc2023regulationc","rating":1203,"private":0,"password":""}