{"id":"gen9vgc2023regulationc-1846031689","p1":"moses10","p2":"Qornstar*","format":"[Gen 9] VGC 2023 Regulation C","log":"|j|\u2606moses10\n|j|\u2606Qornstar*\n|t:|1681794488\n|gametype|doubles\n|player|p1|moses10|hilbert-wonderlauncher|1140\n|player|p2|Qornstar*|bruno|1032\n|teamsize|p1|6\n|teamsize|p2|6\n|gen|9\n|tier|[Gen 9] VGC 2023 Regulation C\n|rated|\n|rule|Species Clause: Limit one of each Pok\u00e9mon\n|rule|Item Clause: Limit one of each item\n|clearpoke\n|poke|p1|Kingambit, L50, F|\n|poke|p1|Indeedee-F, L50, F|\n|poke|p1|Maushold, L50|\n|poke|p1|Annihilape, L50, M|\n|poke|p1|Amoonguss, L50, F|\n|poke|p1|Armarouge, L50, M|\n|poke|p2|Arcanine, L50, F|\n|poke|p2|Palafin, L50, F|\n|poke|p2|Ting-Lu, L50|\n|poke|p2|Wo-Chien, L50|\n|poke|p2|Glimmora, L50, M|\n|poke|p2|Corviknight, L50, M|\n|teampreview|4\n|inactive|Battle timer is ON: inactive players will automatically lose when time's up. (requested by Qornstar*)\n|inactive|moses10 also wants the timer to be on.\n|inactive|moses10 has 60 seconds left.\n|\n|t:|1681794525\n|start\n|switch|p1a: Amoonguss|Amoonguss, L50, F|100\/100\n|switch|p1b: Kingambit|Kingambit, L50, F|100\/100\n|switch|p2a: Arcanine|Arcanine, L50, F|100\/100\n|switch|p2b: Corviknight|Corviknight, L50, M|100\/100\n|-ability|p2a: Arcanine|Intimidate|boost\n|-unboost|p1a: Amoonguss|atk|1\n|-unboost|p1b: Kingambit|atk|1\n|-ability|p1b: Kingambit|Defiant|boost\n|-boost|p1b: Kingambit|atk|2\n|turn|1\n|\n|t:|1681794550\n|move|p2a: Arcanine|Protect|p2a: Arcanine\n|-singleturn|p2a: Arcanine|Protect\n|move|p2b: Corviknight|Bulk Up|p2b: Corviknight\n|-boost|p2b: Corviknight|atk|1\n|-boost|p2b: Corviknight|def|1\n|move|p1b: Kingambit|Kowtow Cleave|p2b: Corviknight\n|-damage|p2b: Corviknight|57\/100\n|move|p1a: Amoonguss|Spore|p2a: Arcanine\n|-activate|p2a: Arcanine|move: Protect\n|\n|upkeep\n|turn|2\n|\n|t:|1681794575\n|move|p2a: Arcanine|Will-O-Wisp|p1b: Kingambit\n|-status|p1b: Kingambit|brn\n|move|p2b: Corviknight|Tailwind|p2b: Corviknight\n|-sidestart|p2: Qornstar*|move: Tailwind\n|move|p1b: Kingambit|Kowtow Cleave|p2a: Arcanine\n|-damage|p2a: Arcanine|52\/100\n|move|p1a: Amoonguss|Spore|p2b: Corviknight\n|-status|p2b: Corviknight|slp|[from] move: Spore\n|-enditem|p2b: Corviknight|Lum Berry|[eat]\n|-curestatus|p2b: Corviknight|slp|[msg]\n|\n|-damage|p1b: Kingambit|95\/100 brn|[from] brn\n|upkeep\n|turn|3\n|inactive|Qornstar* has 30 seconds left.\n|\n|t:|1681794600\n|switch|p2a: Wo-Chien|Wo-Chien, L50|100\/100\n|-ability|p2a: Wo-Chien|Tablets of Ruin\n|move|p2b: Corviknight|Brave Bird|p1a: Amoonguss\n|-supereffective|p1a: Amoonguss\n|-damage|p1a: Amoonguss|8\/100\n|-damage|p2b: Corviknight|40\/100|[from] item: Rocky Helmet|[of] p1a: Amoonguss\n|-damage|p2b: Corviknight|7\/100|[from] Recoil\n|move|p1b: Kingambit|Kowtow Cleave|p2a: Wo-Chien\n|-resisted|p2a: Wo-Chien\n|-damage|p2a: Wo-Chien|90\/100\n|move|p1a: Amoonguss|Spore|p2b: Corviknight\n|-status|p2b: Corviknight|slp|[from] move: Spore\n|\n|-heal|p2a: Wo-Chien|96\/100|[from] item: Leftovers\n|-damage|p1b: Kingambit|89\/100 brn|[from] brn\n|upkeep\n|turn|4\n|inactive|moses10 has 30 seconds left.\n|inactive|Qornstar* has 30 seconds left.\n|\n|t:|1681794631\n|switch|p1a: Maushold|Maushold, L50|100\/100\n|move|p2a: Wo-Chien|Leech Seed|p1b: Kingambit\n|-start|p1b: Kingambit|move: Leech Seed\n|cant|p2b: Corviknight|slp\n|move|p1b: Kingambit|Low Kick|p2a: Wo-Chien\n|-supereffective|p2a: Wo-Chien\n|-damage|p2a: Wo-Chien|70\/100\n|\n|-heal|p2a: Wo-Chien|77\/100|[from] item: Leftovers\n|-damage|p1b: Kingambit|77\/100 brn|[from] Leech Seed|[of] p2a: Wo-Chien\n|-heal|p2a: Wo-Chien|90\/100|[silent]\n|-damage|p1b: Kingambit|71\/100 brn|[from] brn\n|upkeep\n|turn|5\n|\n|t:|1681794651\n|-terastallize|p1a: Maushold|Normal\n|move|p2a: Wo-Chien|Protect|p2a: Wo-Chien\n|-singleturn|p2a: Wo-Chien|Protect\n|-curestatus|p2b: Corviknight|slp|[msg]\n|move|p2b: Corviknight|Roost|p2b: Corviknight\n|-heal|p2b: Corviknight|58\/100\n|-singleturn|p2b: Corviknight|move: Roost\n|move|p1a: Maushold|Population Bomb|p2a: Wo-Chien\n|-activate|p2a: Wo-Chien|move: Protect\n|move|p1b: Kingambit|Kowtow Cleave|p2b: Corviknight\n|-damage|p2b: Corviknight|42\/100\n|\n|-heal|p2a: Wo-Chien|96\/100|[from] item: Leftovers\n|-damage|p1b: Kingambit|59\/100 brn|[from] Leech Seed|[of] p2a: Wo-Chien\n|-heal|p2a: Wo-Chien|100\/100|[silent]\n|-damage|p1b: Kingambit|53\/100 brn|[from] brn\n|-sideend|p2: Qornstar*|move: Tailwind\n|upkeep\n|turn|6\n|inactive|Qornstar* has 30 seconds left.\n|\n|t:|1681794678\n|move|p1a: Maushold|Population Bomb|p2a: Wo-Chien\n|-damage|p2a: Wo-Chien|90\/100\n|-damage|p2a: Wo-Chien|81\/100\n|-damage|p2a: Wo-Chien|69\/100\n|-hitcount|p2a: Wo-Chien|3\n|move|p2a: Wo-Chien|Foul Play|p1b: Kingambit\n|-resisted|p1b: Kingambit\n|-damage|p1b: Kingambit|23\/100 brn\n|move|p2b: Corviknight|Bulk Up|p2b: Corviknight\n|-boost|p2b: Corviknight|atk|1\n|-boost|p2b: Corviknight|def|1\n|move|p1b: Kingambit|Kowtow Cleave|p2b: Corviknight\n|-damage|p2b: Corviknight|31\/100\n|\n|-heal|p2a: Wo-Chien|75\/100|[from] item: Leftovers\n|-damage|p1b: Kingambit|11\/100 brn|[from] Leech Seed|[of] p2a: Wo-Chien\n|-heal|p2a: Wo-Chien|89\/100|[silent]\n|-damage|p1b: Kingambit|5\/100 brn|[from] brn\n|upkeep\n|turn|7\n|inactive|moses10 has 30 seconds left.\n|inactive|Qornstar* has 30 seconds left.\n|\n|t:|1681794706\n|switch|p1b: Amoonguss|Amoonguss, L50, F|41\/100\n|move|p1a: Maushold|Population Bomb|p2a: Wo-Chien\n|-damage|p2a: Wo-Chien|79\/100\n|-damage|p2a: Wo-Chien|69\/100\n|-damage|p2a: Wo-Chien|58\/100\n|-damage|p2a: Wo-Chien|48\/100\n|-damage|p2a: Wo-Chien|37\/100\n|-damage|p2a: Wo-Chien|27\/100\n|-damage|p2a: Wo-Chien|17\/100\n|-hitcount|p2a: Wo-Chien|7\n|move|p2a: Wo-Chien|Pollen Puff|p2b: Corviknight\n|-heal|p2b: Corviknight|81\/100\n|move|p2b: Corviknight|Bulk Up|p2b: Corviknight\n|-boost|p2b: Corviknight|atk|1\n|-boost|p2b: Corviknight|def|1\n|\n|-heal|p2a: Wo-Chien|23\/100|[from] item: Leftovers\n|upkeep\n|turn|8\n|inactive|Qornstar* has 30 seconds left.\n|\n|t:|1681794738\n|move|p2a: Wo-Chien|Protect|p2a: Wo-Chien\n|-singleturn|p2a: Wo-Chien|Protect\n|move|p1a: Maushold|Population Bomb|p2a: Wo-Chien\n|-activate|p2a: Wo-Chien|move: Protect\n|move|p2b: Corviknight|Brave Bird|p1a: Maushold\n|-enditem|p1a: Maushold|Focus Sash\n|-damage|p1a: Maushold|1\/100\n|-damage|p2b: Corviknight|57\/100|[from] Recoil\n|move|p1b: Amoonguss|Spore|p2b: Corviknight\n|-status|p2b: Corviknight|slp|[from] move: Spore\n|\n|-heal|p2a: Wo-Chien|29\/100|[from] item: Leftovers\n|upkeep\n|turn|9\n|inactive|Qornstar* has 30 seconds left.\n|\n|t:|1681794770\n|switch|p1b: Armarouge|Armarouge, L50, M|100\/100\n|move|p1a: Maushold|Population Bomb|p2a: Wo-Chien\n|-damage|p2a: Wo-Chien|19\/100\n|-damage|p2a: Wo-Chien|9\/100\n|-hitcount|p2a: Wo-Chien|2\n|move|p2a: Wo-Chien|Foul Play|p1a: Maushold\n|-damage|p1a: Maushold|0 fnt\n|faint|p1a: Maushold\n|cant|p2b: Corviknight|slp\n|\n|-heal|p2a: Wo-Chien|16\/100|[from] item: Leftovers\n|upkeep\n|\n|t:|1681794785\n|switch|p1a: Amoonguss|Amoonguss, L50, F|74\/100\n|turn|10\n|\n|t:|1681794799\n|-terastallize|p2b: Corviknight|Water\n|move|p2a: Wo-Chien|Protect|p2a: Wo-Chien\n|-singleturn|p2a: Wo-Chien|Protect\n|move|p1b: Armarouge|Mystical Fire|p2b: Corviknight\n|-resisted|p2b: Corviknight\n|-damage|p2b: Corviknight|41\/100 slp\n|-ability|p2b: Corviknight|Mirror Armor\n|-unboost|p1b: Armarouge|spa|1\n|-curestatus|p2b: Corviknight|slp|[msg]\n|move|p2b: Corviknight|Brave Bird|p1a: Amoonguss\n|-supereffective|p1a: Amoonguss\n|-damage|p1a: Amoonguss|0 fnt\n|-damage|p2b: Corviknight|24\/100|[from] item: Rocky Helmet|[of] p1a: Amoonguss\n|faint|p1a: Amoonguss\n|-damage|p2b: Corviknight|0 fnt|[from] Recoil\n|faint|p2b: Corviknight\n|\n|-heal|p2a: Wo-Chien|22\/100|[from] item: Leftovers\n|upkeep\n|\n|t:|1681794817\n|switch|p2b: Ting-Lu|Ting-Lu, L50|100\/100\n|switch|p1a: Kingambit|Kingambit, L50, F|5\/100 brn\n|-ability|p2b: Ting-Lu|Vessel of Ruin\n|turn|11\n|\n|t:|1681794837\n|switch|p2a: Arcanine|Arcanine, L50, F|52\/100\n|-ability|p2a: Arcanine|Intimidate|boost\n|-unboost|p1a: Kingambit|atk|1\n|-ability|p1a: Kingambit|Defiant|boost\n|-boost|p1a: Kingambit|atk|2\n|-unboost|p1b: Armarouge|atk|1\n|move|p1b: Armarouge|Mystical Fire|p2a: Arcanine\n|-resisted|p2a: Arcanine\n|-damage|p2a: Arcanine|41\/100\n|-unboost|p2a: Arcanine|spa|1\n|move|p1a: Kingambit|Iron Head|p2a: Arcanine\n|-resisted|p2a: Arcanine\n|-damage|p2a: Arcanine|19\/100\n|move|p2b: Ting-Lu|Stomping Tantrum|p1b: Armarouge\n|-supereffective|p1b: Armarouge\n|-damage|p1b: Armarouge|32\/100\n|-enditem|p1b: Armarouge|Sitrus Berry|[eat]\n|-heal|p1b: Armarouge|57\/100|[from] item: Sitrus Berry\n|\n|-damage|p1a: Kingambit|0 fnt|[from] brn\n|faint|p1a: Kingambit\n|upkeep\n|turn|12\n|-message|moses10 forfeited.\n|\n|win|Qornstar*\n|raw|moses10's rating: 1140 → 1107<\/strong> (-33 for losing)\n|raw|Qornstar*'s rating: 1032 → 1078<\/strong> (+46 for winning)\n|l|\u2606moses10\n","uploadtime":1681794864,"views":9,"p1id":"moses10","p2id":"qornstar","formatid":"gen9vgc2023regulationc","rating":1078,"private":0,"password":""}