{"id":"gen9vgc2023regulationc-1847469763","p1":"Millie Jean","p2":"entrapy_13","format":"[Gen 9] VGC 2023 Regulation C","log":"|j|\u2606Millie Jean\n|j|\u2606entrapy_13\n|t:|1681959012\n|gametype|doubles\n|player|p1|Millie Jean|whitney|1223\n|player|p2|entrapy_13|gambler|1202\n|teamsize|p1|6\n|teamsize|p2|6\n|gen|9\n|tier|[Gen 9] VGC 2023 Regulation C\n|rated|\n|rule|Species Clause: Limit one of each Pok\u00e9mon\n|rule|Item Clause: Limit one of each item\n|clearpoke\n|poke|p1|Wo-Chien, L50|\n|poke|p1|Glimmora, L50, F|\n|poke|p1|Dondozo, L50, M|\n|poke|p1|Tatsugiri, L50, F|\n|poke|p1|Arcanine, L50, F|\n|poke|p1|Flutter Mane, L50|\n|poke|p2|Chi-Yu, L50|\n|poke|p2|Flutter Mane, L50|\n|poke|p2|Great Tusk, L50|\n|poke|p2|Talonflame, L50, F|\n|poke|p2|Amoonguss, L50, M|\n|poke|p2|Gyarados, L50, F|\n|teampreview|4\n|inactive|Battle timer is ON: inactive players will automatically lose when time's up. (requested by Millie Jean)\nMillie Jean has agreed to open team sheets.\n|inactive|Millie Jean has 60 seconds left.\n|inactive|entrapy_13 has 60 seconds left.\n|inactive|Millie Jean has 30 seconds left.\n|inactive|Millie Jean has 20 seconds left.\n|\n|t:|1681959084\n|start\n|switch|p1a: Wo-Chien|Wo-Chien, L50|100\/100\n|switch|p1b: Arcanine|Arcanine, L50, F|100\/100\n|switch|p2a: Chi-Yu|Chi-Yu, L50|100\/100\n|switch|p2b: Amoonguss|Amoonguss, L50, M, shiny|100\/100\n|-ability|p2a: Chi-Yu|Beads of Ruin\n|-ability|p1b: Arcanine|Intimidate|boost\n|-unboost|p2a: Chi-Yu|atk|1\n|-unboost|p2b: Amoonguss|atk|1\n|-ability|p1a: Wo-Chien|Tablets of Ruin\n|turn|1\n|inactive|Millie Jean has 30 seconds left.\n|inactive|entrapy_13 has 30 seconds left.\n|\n|t:|1681959118\n|move|p2a: Chi-Yu|Protect|p2a: Chi-Yu\n|-singleturn|p2a: Chi-Yu|Protect\n|move|p1a: Wo-Chien|Protect|p1a: Wo-Chien\n|-singleturn|p1a: Wo-Chien|Protect\n|move|p1b: Arcanine|Will-O-Wisp|p2b: Amoonguss\n|-status|p2b: Amoonguss|brn\n|move|p2b: Amoonguss|Spore|p1b: Arcanine\n|-activate|p1b: Arcanine|item: Safety Goggles|Spore\n|\n|-damage|p2b: Amoonguss|95\/100 brn|[from] brn\n|upkeep\n|turn|2\n|inactive|entrapy_13 has 30 seconds left.\n|\n|t:|1681959147\n|switch|p1a: Dondozo|Dondozo, L50, M|100\/100\n|move|p1b: Arcanine|Extreme Speed|p2a: Chi-Yu\n|-damage|p2a: Chi-Yu|66\/100\n|move|p2a: Chi-Yu|Heat Wave|p1a: Dondozo|[spread] p1a,p1b\n|-resisted|p1a: Dondozo\n|-resisted|p1b: Arcanine\n|-damage|p1a: Dondozo|76\/100\n|-damage|p1b: Arcanine|71\/100\n|-damage|p2a: Chi-Yu|56\/100|[from] item: Life Orb\n|move|p2b: Amoonguss|Pollen Puff|p2a: Chi-Yu\n|-heal|p2a: Chi-Yu|100\/100\n|\n|-heal|p1a: Dondozo|83\/100|[from] item: Leftovers\n|-damage|p2b: Amoonguss|89\/100 brn|[from] brn\n|upkeep\n|turn|3\n|inactive|Millie Jean has 30 seconds left.\n|inactive|Millie Jean has 20 seconds left.\n|\n|t:|1681959183\n|switch|p1b: Tatsugiri|Tatsugiri, L50, F|100\/100\n|-activate|p1b: Tatsugiri|ability: Commander|[of] p1a: Dondozo\n|-boost|p1a: Dondozo|atk|2\n|-boost|p1a: Dondozo|spa|2\n|-boost|p1a: Dondozo|spe|2\n|-boost|p1a: Dondozo|def|2\n|-boost|p1a: Dondozo|spd|2\n|move|p2a: Chi-Yu|Protect|p2a: Chi-Yu\n|-singleturn|p2a: Chi-Yu|Protect\n|move|p1a: Dondozo|Earthquake|p2b: Amoonguss|[spread] p2b\n|-miss|p1a: Dondozo|p1b: Tatsugiri\n|-activate|p2a: Chi-Yu|move: Protect\n|-damage|p2b: Amoonguss|58\/100 brn\n|move|p2b: Amoonguss|Spore|p1a: Dondozo\n|-status|p1a: Dondozo|slp|[from] move: Spore\n|\n|-heal|p1a: Dondozo|89\/100 slp|[from] item: Leftovers\n|-damage|p2b: Amoonguss|52\/100 brn|[from] brn\n|upkeep\n|turn|4\n|inactive|entrapy_13 has 30 seconds left.\n|\n|t:|1681959210\n|switch|p2b: Great Tusk|Great Tusk, L50|100\/100\n|-terastallize|p2a: Chi-Yu|Grass\n|cant|p1a: Dondozo|slp\n|move|p1a: Dondozo|Sleep Talk|p1a: Dondozo\n|move|p1a: Dondozo|Wave Crash|p2a: Chi-Yu|[from]move: Sleep Talk\n|-resisted|p2a: Chi-Yu\n|-damage|p2a: Chi-Yu|37\/100\n|-damage|p1a: Dondozo|75\/100 slp|[from] Recoil\n|move|p2a: Chi-Yu|Tera Blast|p1a: Dondozo\n|-supereffective|p1a: Dondozo\n|-damage|p1a: Dondozo|20\/100 slp\n|-damage|p2a: Chi-Yu|27\/100|[from] item: Life Orb\n|\n|-heal|p1a: Dondozo|26\/100 slp|[from] item: Leftovers\n|upkeep\n|turn|5\n|inactive|Millie Jean has 30 seconds left.\n|inactive|entrapy_13 has 30 seconds left.\n|inactive|Millie Jean has 20 seconds left.\n|inactive|Millie Jean has 15 seconds left.\n|\n|t:|1681959253\n|switch|p2a: Amoonguss|Amoonguss, L50, M, shiny|85\/100 brn\n|move|p2b: Great Tusk|Headlong Rush|p1a: Dondozo\n|-damage|p1a: Dondozo|6\/100 slp\n|-unboost|p2b: Great Tusk|def|1\n|-unboost|p2b: Great Tusk|spd|1\n|cant|p1a: Dondozo|slp\n|move|p1a: Dondozo|Sleep Talk|p1a: Dondozo\n|move|p1a: Dondozo|Earthquake|p2b: Great Tusk|[from]move: Sleep Talk|[spread] p2a,p2b\n|-miss|p1a: Dondozo|p1b: Tatsugiri\n|-damage|p2a: Amoonguss|54\/100 brn\n|-damage|p2b: Great Tusk|73\/100\n|\n|-heal|p1a: Dondozo|12\/100 slp|[from] item: Leftovers\n|-damage|p2a: Amoonguss|48\/100 brn|[from] brn\n|upkeep\n|-enditem|p2a: Amoonguss|Sitrus Berry|[eat]\n|-heal|p2a: Amoonguss|73\/100 brn|[from] item: Sitrus Berry\n|turn|6\n|inactive|entrapy_13 has 30 seconds left.\n|inactive|entrapy_13 has 20 seconds left.\n|\n|t:|1681959292\n|move|p2b: Great Tusk|Headlong Rush|p1a: Dondozo\n|-damage|p1a: Dondozo|0 fnt\n|-unboost|p2b: Great Tusk|def|1\n|-unboost|p2b: Great Tusk|spd|1\n|faint|p1a: Dondozo\n|move|p2a: Amoonguss|Spore|p1b: Tatsugiri\n|-status|p1b: Tatsugiri|slp|[from] move: Spore\n|\n|-damage|p2a: Amoonguss|67\/100 brn|[from] brn\n|upkeep\n|\n|t:|1681959304\n|switch|p1a: Wo-Chien|Wo-Chien, L50|100\/100\n|-ability|p1a: Wo-Chien|Tablets of Ruin\n|turn|7\n|inactive|entrapy_13 has 30 seconds left.\n|\n|t:|1681959330\n|cant|p1b: Tatsugiri|slp\n|move|p1b: Tatsugiri|Sleep Talk|p1b: Tatsugiri\n|move|p1b: Tatsugiri|Draco Meteor|p2b: Great Tusk|[from]move: Sleep Talk\n|-damage|p2b: Great Tusk|0 fnt\n|-unboost|p1b: Tatsugiri|spa|2\n|faint|p2b: Great Tusk\n|-end|p2b: Great Tusk|Protosynthesis|[silent]\n|move|p1a: Wo-Chien|Foul Play|p2a: Amoonguss\n|-damage|p2a: Amoonguss|48\/100 brn\n|move|p2a: Amoonguss|Pollen Puff|p2: Great Tusk|[notarget]\n|-fail|p2a: Amoonguss\n|\n|-damage|p2a: Amoonguss|42\/100 brn|[from] brn\n|upkeep\n|\n|t:|1681959349\n|switch|p2b: Flutter Mane|Flutter Mane, L50, shiny|100\/100\n|turn|8\n|\n|t:|1681959370\n|switch|p1b: Arcanine|Arcanine, L50, F|71\/100\n|-ability|p1b: Arcanine|Intimidate|boost\n|-unboost|p2a: Amoonguss|atk|1\n|-unboost|p2b: Flutter Mane|atk|1\n|switch|p2a: Chi-Yu|Chi-Yu, L50, tera:Grass|27\/100\n|-ability|p2a: Chi-Yu|Beads of Ruin\n|-terastallize|p1a: Wo-Chien|Poison\n|move|p2b: Flutter Mane|Moonblast|p1b: Arcanine\n|-resisted|p1b: Arcanine\n|-damage|p1b: Arcanine|27\/100\n|move|p1a: Wo-Chien|Pollen Puff|p2b: Flutter Mane\n|-resisted|p2b: Flutter Mane\n|-damage|p2b: Flutter Mane|94\/100\n|\n|upkeep\n|turn|9\n|\n|t:|1681959395\n|move|p2a: Chi-Yu|Protect|p2a: Chi-Yu\n|-singleturn|p2a: Chi-Yu|Protect\n|move|p1b: Arcanine|Extreme Speed|p2a: Chi-Yu\n|-activate|p2a: Chi-Yu|move: Protect\n|move|p2b: Flutter Mane|Moonblast|p1b: Arcanine\n|-resisted|p1b: Arcanine\n|-damage|p1b: Arcanine|0 fnt\n|faint|p1b: Arcanine\n|move|p1a: Wo-Chien|Leech Seed|p2b: Flutter Mane\n|-start|p2b: Flutter Mane|move: Leech Seed\n|\n|-damage|p2b: Flutter Mane|82\/100|[from] Leech Seed|[of] p1a: Wo-Chien\n|upkeep\n|\n|t:|1681959408\n|switch|p1b: Tatsugiri|Tatsugiri, L50, F|100\/100 slp\n|turn|10\n|\n|t:|1681959419\n|-curestatus|p1b: Tatsugiri|slp|[msg]\n|move|p1b: Tatsugiri|Icy Wind|p2b: Flutter Mane|[spread] p2a,p2b\n|-supereffective|p2a: Chi-Yu\n|-damage|p2a: Chi-Yu|0 fnt\n|-damage|p2b: Flutter Mane|64\/100\n|-unboost|p2b: Flutter Mane|spe|1\n|faint|p2a: Chi-Yu\n|move|p2b: Flutter Mane|Moonblast|p1b: Tatsugiri\n|-supereffective|p1b: Tatsugiri\n|-damage|p1b: Tatsugiri|0 fnt\n|faint|p1b: Tatsugiri\n|move|p1a: Wo-Chien|Pollen Puff|p2b: Flutter Mane\n|-resisted|p2b: Flutter Mane\n|-crit|p2b: Flutter Mane\n|-damage|p2b: Flutter Mane|58\/100\n|\n|-damage|p2b: Flutter Mane|46\/100|[from] Leech Seed|[of] p1a: Wo-Chien\n|upkeep\n|\n|t:|1681959437\n|switch|p2a: Amoonguss|Amoonguss, L50, M, shiny|75\/100 brn\n|turn|11\n|\n|t:|1681959443\n|move|p1a: Wo-Chien|Protect|p1a: Wo-Chien\n|-singleturn|p1a: Wo-Chien|Protect\n|move|p2b: Flutter Mane|Moonblast|p1a: Wo-Chien\n|-activate|p1a: Wo-Chien|move: Protect\n|move|p2a: Amoonguss|Spore|p1a: Wo-Chien\n|-activate|p1a: Wo-Chien|move: Protect\n|\n|-damage|p2b: Flutter Mane|34\/100|[from] Leech Seed|[of] p1a: Wo-Chien\n|-damage|p2a: Amoonguss|69\/100 brn|[from] brn\n|upkeep\n|turn|12\n|\n|t:|1681959458\n|move|p2b: Flutter Mane|Moonblast|p1a: Wo-Chien\n|-resisted|p1a: Wo-Chien\n|-damage|p1a: Wo-Chien|81\/100\n|move|p1a: Wo-Chien|Foul Play|p2b: Flutter Mane\n|-crit|p2b: Flutter Mane\n|-damage|p2b: Flutter Mane|0 fnt\n|faint|p2b: Flutter Mane\n|-end|p2b: Flutter Mane|Protosynthesis|[silent]\n|move|p2a: Amoonguss|Pollen Puff|p2: Flutter Mane|[notarget]\n|-fail|p2a: Amoonguss\n|\n|-damage|p2a: Amoonguss|63\/100 brn|[from] brn\n|upkeep\n|turn|13\n|inactive|Millie Jean has 30 seconds left.\n|\n|t:|1681959491\n|move|p1a: Wo-Chien|Pollen Puff|p2a: Amoonguss\n|-damage|p2a: Amoonguss|47\/100 brn\n|move|p2a: Amoonguss|Spore|p1a: Wo-Chien\n|-status|p1a: Wo-Chien|slp|[from] move: Spore\n|\n|-damage|p2a: Amoonguss|41\/100 brn|[from] brn\n|upkeep\n|turn|14\n|\n|t:|1681959504\n|cant|p1a: Wo-Chien|slp\n|move|p2a: Amoonguss|Pollen Puff|p1a: Wo-Chien\n|-resisted|p1a: Wo-Chien\n|-damage|p1a: Wo-Chien|76\/100 slp\n|\n|-damage|p2a: Amoonguss|35\/100 brn|[from] brn\n|upkeep\n|turn|15\n|-message|entrapy_13 forfeited.\n|\n|win|Millie Jean\n|raw|Millie Jean's rating: 1223 → 1246<\/strong> (+23 for winning)\n|raw|entrapy_13's rating: 1202 → 1179<\/strong> (-23 for losing)\n|c|\u2606Millie Jean|gg\n|l|\u2606entrapy_13\n","uploadtime":1681959529,"views":2,"p1id":"milliejean","p2id":"entrapy13","formatid":"gen9vgc2023regulationc","rating":1179,"private":0,"password":""}