{"id":"gen9vgc2023regulationc-1856973838","p1":"Samax2599","p2":"PurpleStyle","format":"[Gen 9] VGC 2023 Regulation C","log":"|j|\u2606Samax2599\n|j|\u2606PurpleStyle\n|t:|1683132286\n|gametype|doubles\n|player|p1|Samax2599|1|\n|player|p2|PurpleStyle|pokefan|\n|teamsize|p1|6\n|teamsize|p2|6\n|gen|9\n|tier|[Gen 9] VGC 2023 Regulation C\n|rule|Species Clause: Limit one of each Pok\u00e9mon\n|rule|Item Clause: Limit one of each item\n|clearpoke\n|poke|p1|Medicham, L50, M|\n|poke|p1|Sylveon, L50, F|\n|poke|p1|Ampharos, L50, M|\n|poke|p1|Bronzong, L50|\n|poke|p1|Arcanine, L50, F|\n|poke|p1|Roaring Moon, L50|\n|poke|p2|Drifblim, L50, M|\n|poke|p2|Indeedee, L50, M|\n|poke|p2|Flutter Mane, L50|\n|poke|p2|Tauros-Paldea-Combat, L50, M|\n|poke|p2|Azumarill, L50, M|\n|poke|p2|Donphan, L50, F|\n|teampreview|4\n|c|\u2606PurpleStyle|g2\nPurpleStyle rejected open team sheets.\n|c|\u2606Samax2599|glhf!\n|c|\u2606PurpleStyle|glhf\n|\n|t:|1683133149\n|start\n|switch|p1a: Ty Lee|Medicham, L50, M|100\/100\n|switch|p1b: Toph|Bronzong, L50|100\/100\n|switch|p2a: Drifblim|Drifblim, L50, M|100\/100\n|switch|p2b: Indeedee|Indeedee, L50, M|100\/100\n|-fieldstart|move: Psychic Terrain|[from] ability: Psychic Surge|[of] p2b: Indeedee\n|-enditem|p2a: Drifblim|Psychic Seed\n|-boost|p2a: Drifblim|spd|1|[from] item: Psychic Seed\n|turn|1\n|\n|t:|1683133194\n|move|p2a: Drifblim|Acrobatics|p1a: Ty Lee\n|-supereffective|p1a: Ty Lee\n|-enditem|p1a: Ty Lee|Focus Sash\n|-damage|p1a: Ty Lee|1\/100\n|move|p2b: Indeedee|Trick|p1b: Toph\n|-activate|p2b: Indeedee|move: Trick|[of] p1b: Toph\n|-item|p1b: Toph|Choice Scarf|[from] move: Trick\n|-item|p2b: Indeedee|Leftovers|[from] move: Trick\n|move|p1a: Ty Lee|Psycho Cut|p2a: Drifblim\n|-damage|p2a: Drifblim|38\/100\n|move|p1b: Toph|Gyro Ball|p2a: Drifblim\n|-crit|p2a: Drifblim\n|-damage|p2a: Drifblim|0 fnt\n|faint|p2a: Drifblim\n|\n|upkeep\n|j| thejordanvgc\n|\n|t:|1683133235\n|switch|p2a: Flutter Mane|Flutter Mane, L50|100\/100\n|-enditem|p2a: Flutter Mane|Booster Energy\n|-activate|p2a: Flutter Mane|ability: Protosynthesis|[fromitem]\n|-start|p2a: Flutter Mane|protosynthesisspe\n|turn|2\n|\n|t:|1683133256\n|switch|p1a: Azula|Ampharos, L50, M|100\/100\n|move|p2a: Flutter Mane|Protect|p2a: Flutter Mane\n|-singleturn|p2a: Flutter Mane|Protect\n|move|p2b: Indeedee|Dazzling Gleam|p1a: Azula|[spread] p1a,p1b\n|-resisted|p1b: Toph\n|-damage|p1a: Azula|83\/100\n|-damage|p1b: Toph|94\/100\n|move|p1b: Toph|Gyro Ball|p2a: Flutter Mane\n|-activate|p2a: Flutter Mane|move: Protect\n|\n|upkeep\n|turn|3\n|\n|t:|1683133337\n|-end|p2a: Flutter Mane|Protosynthesis|[silent]\n|switch|p2a: Donphan|Donphan, L50, F|100\/100\n|-terastallize|p1a: Azula|Water\n|move|p2b: Indeedee|Shadow Ball|p1b: Toph\n|-supereffective|p1b: Toph\n|-damage|p1b: Toph|57\/100\n|-unboost|p1b: Toph|spd|1\n|move|p1a: Azula|Tera Blast|p2a: Donphan\n|-supereffective|p2a: Donphan\n|-ability|p2a: Donphan|Sturdy\n|-damage|p2a: Donphan|1\/100\n|-damage|p1a: Azula|74\/100|[from] item: Life Orb\n|move|p1b: Toph|Gyro Ball|p2a: Donphan\n|-damage|p2a: Donphan|0 fnt\n|faint|p2a: Donphan\n|\n|upkeep\n|\n|t:|1683133353\n|switch|p2a: Flutter Mane|Flutter Mane, L50|100\/100\n|turn|4\n|\n|t:|1683133383\n|move|p2a: Flutter Mane|Shadow Ball|p1b: Toph\n|-supereffective|p1b: Toph\n|-damage|p1b: Toph|0 fnt\n|faint|p1b: Toph\n|move|p2b: Indeedee|Psyshock|p1a: Azula\n|-damage|p1a: Azula|21\/100\n|move|p1a: Azula|Thunderbolt|p2b: Indeedee\n|-damage|p2b: Indeedee|34\/100\n|-damage|p1a: Azula|12\/100|[from] item: Life Orb\n|\n|-heal|p2b: Indeedee|40\/100|[from] item: Leftovers\n|upkeep\n|\n|t:|1683133393\n|switch|p1b: SECRET TUNNEL|Sylveon, L50, F|100\/100\n|turn|5\n|\n|t:|1683133436\n|-terastallize|p2a: Flutter Mane|Fire\n|move|p1a: Azula|Protect|p1a: Azula\n|-singleturn|p1a: Azula|Protect\n|move|p2a: Flutter Mane|Dazzling Gleam|p1b: SECRET TUNNEL|[spread] p1b\n|-activate|p1a: Azula|move: Protect\n|-damage|p1b: SECRET TUNNEL|75\/100\n|move|p2b: Indeedee|Psyshock|p1b: SECRET TUNNEL\n|-damage|p1b: SECRET TUNNEL|13\/100\n|move|p1b: SECRET TUNNEL|Yawn|p2a: Flutter Mane\n|-start|p2a: Flutter Mane|move: Yawn|[of] p1b: SECRET TUNNEL\n|\n|-heal|p2b: Indeedee|46\/100|[from] item: Leftovers\n|-fieldend|move: Psychic Terrain\n|upkeep\n|turn|6\n|\n|t:|1683133490\n|move|p1b: SECRET TUNNEL|Protect|p1b: SECRET TUNNEL\n|-singleturn|p1b: SECRET TUNNEL|Protect\n|move|p2a: Flutter Mane|Dazzling Gleam|p1b: SECRET TUNNEL|[spread] p1a\n|-activate|p1b: SECRET TUNNEL|move: Protect\n|-damage|p1a: Azula|0 fnt\n|faint|p1a: Azula\n|move|p2b: Indeedee|Dazzling Gleam|p1b: SECRET TUNNEL\n|-activate|p1b: SECRET TUNNEL|move: Protect\n|\n|-heal|p2b: Indeedee|52\/100|[from] item: Leftovers\n|-end|p2a: Flutter Mane|move: Yawn|[silent]\n|-status|p2a: Flutter Mane|slp\n|upkeep\n|\n|t:|1683133498\n|switch|p1a: Ty Lee|Medicham, L50, M|1\/100\n|turn|7\n|\n|t:|1683133513\n|cant|p2a: Flutter Mane|slp\n|move|p1a: Ty Lee|Close Combat|p2b: Indeedee\n|-damage|p2b: Indeedee|0 fnt\n|-unboost|p1a: Ty Lee|def|1\n|-unboost|p1a: Ty Lee|spd|1\n|faint|p2b: Indeedee\n|move|p1b: SECRET TUNNEL|Hyper Voice|p2a: Flutter Mane\n|-resisted|p2a: Flutter Mane\n|-damage|p2a: Flutter Mane|72\/100 slp\n|-enditem|p1b: SECRET TUNNEL|Throat Spray\n|-boost|p1b: SECRET TUNNEL|spa|1|[from] item: Throat Spray\n|\n|upkeep\n|turn|8\n|\n|t:|1683133536\n|-curestatus|p2a: Flutter Mane|slp|[msg]\n|move|p2a: Flutter Mane|Dazzling Gleam|p1a: Ty Lee|[spread] p1a,p1b\n|-supereffective|p1a: Ty Lee\n|-damage|p1a: Ty Lee|0 fnt\n|-damage|p1b: SECRET TUNNEL|0 fnt\n|faint|p1a: Ty Lee\n|faint|p1b: SECRET TUNNEL\n|\n|win|PurpleStyle\n|c|\u2606PurpleStyle|ggs\n|c|\u2606Samax2599|ggs\n|l| thejordanvgc\n","uploadtime":1683133612,"views":54,"p1id":"samax2599","p2id":"purplestyle","formatid":"gen9vgc2023regulationc","rating":0,"private":0,"password":""}