{"id":"gen9vgc2023regulationc-1846510329","p1":"JIMJIM2000","p2":"hancec","format":"[Gen 9] VGC 2023 Regulation C","log":"|j|\u2606JIMJIM2000\n|j|\u2606hancec\n|t:|1681847038\n|gametype|doubles\n|player|p1|JIMJIM2000|rocketgrunt|1215\n|player|p2|hancec|gentleman-gen4dp|1296\n|teamsize|p1|6\n|teamsize|p2|6\n|gen|9\n|tier|[Gen 9] VGC 2023 Regulation C\n|rated|\n|rule|Species Clause: Limit one of each Pok\u00e9mon\n|rule|Item Clause: Limit one of each item\n|clearpoke\n|poke|p1|Amoonguss, L50, M|\n|poke|p1|Arcanine, L50, F|\n|poke|p1|Maushold, L50|\n|poke|p1|Palafin, L50, F|\n|poke|p1|Annihilape, L50, F|\n|poke|p1|Gholdengo, L50|\n|poke|p2|Murkrow, L50, M|\n|poke|p2|Iron Bundle, L50|\n|poke|p2|Chi-Yu, L50|\n|poke|p2|Gholdengo, L50|\n|poke|p2|Great Tusk, L50|\n|poke|p2|Brute Bonnet, L50|\n|teampreview|4\nhancec has agreed to open team sheets.\n|\n|t:|1681847065\n|start\n|switch|p1a: DeadMau5|Maushold, L50|100\/100\n|switch|p1b: Young Dolph|Palafin, L50, F|100\/100\n|switch|p2a: Matsuemon|Murkrow, L50, M, shiny|100\/100\n|switch|p2b: Inosuke|Great Tusk, L50|100\/100\n|turn|1\n|\n|t:|1681847083\n|detailschange|p1b: Young Dolph|Palafin-Hero, L50, F\n|switch|p1b: Tech Nine|Arcanine, L50, F|100\/100\n|move|p2a: Matsuemon|Tailwind|p2a: Matsuemon\n|-sidestart|p2: hancec|move: Tailwind\n|move|p2b: Inosuke|Close Combat|p1a: DeadMau5\n|-supereffective|p1a: DeadMau5\n|-damage|p1a: DeadMau5|0 fnt\n|-unboost|p2b: Inosuke|def|1\n|-unboost|p2b: Inosuke|spd|1\n|faint|p1a: DeadMau5\n|\n|upkeep\n|\n|t:|1681847089\n|switch|p1a: Young Dolph|Palafin-Hero, L50, F|100\/100\n|-activate|p1a: Young Dolph|ability: Zero to Hero\n|turn|2\n|\n|t:|1681847106\n|move|p2b: Inosuke|Protect|p2b: Inosuke\n|-singleturn|p2b: Inosuke|Protect\n|move|p2a: Matsuemon|Haze|p2a: Matsuemon\n|-clearallboost\n|move|p1a: Young Dolph|Jet Punch|p2b: Inosuke\n|-activate|p2b: Inosuke|move: Protect\n|move|p1b: Tech Nine|Play Rough|p2a: Matsuemon\n|-supereffective|p2a: Matsuemon\n|-enditem|p2a: Matsuemon|Focus Sash\n|-damage|p2a: Matsuemon|1\/100\n|\n|upkeep\n|turn|3\n|\n|t:|1681847119\n|-terastallize|p2b: Inosuke|Ground\n|-terastallize|p1a: Young Dolph|Water\n|move|p1b: Tech Nine|Extreme Speed|p2a: Matsuemon\n|-damage|p2a: Matsuemon|0 fnt\n|faint|p2a: Matsuemon\n|move|p2b: Inosuke|Earthquake|p1a: Young Dolph|[spread] p1a,p1b\n|-supereffective|p1b: Tech Nine\n|-damage|p1a: Young Dolph|50\/100\n|-damage|p1b: Tech Nine|0 fnt\n|faint|p1b: Tech Nine\n|move|p1a: Young Dolph|Wave Crash|p2b: Inosuke\n|-supereffective|p2b: Inosuke\n|-damage|p2b: Inosuke|0 fnt\n|faint|p2b: Inosuke\n|-end|p2b: Inosuke|Protosynthesis|[silent]\n|-damage|p1a: Young Dolph|19\/100|[from] Recoil\n|\n|upkeep\n|\n|t:|1681847130\n|switch|p2a: Enmu|Brute Bonnet, L50|100\/100\n|switch|p2b: Tanjiro|Chi-Yu, L50|100\/100\n|switch|p1b: Sun Kil Moon|Amoonguss, L50, M|100\/100\n|-ability|p2b: Tanjiro|Beads of Ruin\n|turn|4\n|\n|t:|1681847143\n|move|p2b: Tanjiro|Protect|p2b: Tanjiro\n|-singleturn|p2b: Tanjiro|Protect\n|move|p1a: Young Dolph|Jet Punch|p2b: Tanjiro\n|-activate|p2b: Tanjiro|move: Protect\n|move|p2a: Enmu|Spore|p1a: Young Dolph\n|-status|p1a: Young Dolph|slp|[from] move: Spore\n|move|p1b: Sun Kil Moon|Pollen Puff|p1a: Young Dolph\n|-heal|p1a: Young Dolph|69\/100 slp\n|\n|-sideend|p2: hancec|move: Tailwind\n|upkeep\n|turn|5\n|\n|t:|1681847157\n|move|p1b: Sun Kil Moon|Protect|p1b: Sun Kil Moon\n|-singleturn|p1b: Sun Kil Moon|Protect\n|move|p2b: Tanjiro|Overheat|p1b: Sun Kil Moon\n|-activate|p1b: Sun Kil Moon|move: Protect\n|cant|p1a: Young Dolph|slp\n|move|p2a: Enmu|Bullet Seed|p1a: Young Dolph\n|-supereffective|p1a: Young Dolph\n|-crit|p1a: Young Dolph\n|-damage|p1a: Young Dolph|29\/100 slp\n|-supereffective|p1a: Young Dolph\n|-damage|p1a: Young Dolph|2\/100 slp\n|-supereffective|p1a: Young Dolph\n|-damage|p1a: Young Dolph|0 fnt\n|faint|p1a: Young Dolph\n|-hitcount|p1: Young Dolph|3\n|\n|upkeep\n|turn|6\n|-message|JIMJIM2000 forfeited.\n|\n|win|hancec\n|raw|JIMJIM2000's rating: 1215 → 1196<\/strong> (-19 for losing)\n|raw|hancec's rating: 1296 → 1315<\/strong> (+19 for winning)\n|l|\u2606JIMJIM2000\n","uploadtime":1681847166,"views":7,"p1id":"jimjim2000","p2id":"hancec","formatid":"gen9vgc2023regulationc","rating":1196,"private":0,"password":""}