{"id":"gen9vgc2023regulationc-1844837854","p1":"Jude Salinas","p2":"guacamoel","format":"[Gen 9] VGC 2023 Regulation C","log":"|j|\u2606Jude Salinas\n|j|\u2606guacamoel\n|t:|1681654804\n|gametype|doubles\n|player|p1|Jude Salinas|102|\n|player|p2|guacamoel|larry|\n|teamsize|p1|6\n|teamsize|p2|6\n|gen|9\n|tier|[Gen 9] VGC 2023 Regulation C\n|rule|Species Clause: Limit one of each Pok\u00e9mon\n|rule|Item Clause: Limit one of each item\n|clearpoke\n|poke|p1|Grimmsnarl, L50, M|\n|poke|p1|Salamence, L50, M|\n|poke|p1|Heracross, L50, M|\n|poke|p1|Arcanine, L50, F|\n|poke|p1|Corviknight, L50, M|\n|poke|p1|Chien-Pao, L50|\n|poke|p2|Dragonite, L50, M|\n|poke|p2|Arcanine, L50, F|\n|poke|p2|Chien-Pao, L50|\n|poke|p2|Palafin, L50, M|\n|poke|p2|Amoonguss, L50, F|\n|poke|p2|Flutter Mane, L50|\n|teampreview|4\n|inactive|Battle timer is ON: inactive players will automatically lose when time's up. (requested by guacamoel)\n|j| Amaranth\nguacamoel has agreed to open team sheets.\n|inactiveoff|Battle timer is now OFF.\n|\n|t:|1681654840\n|start\n|switch|p1a: Chien-Pao|Chien-Pao, L50|100\/100\n|switch|p1b: Heracross|Heracross, L50, M|100\/100\n|switch|p2a: Flutter Mane|Flutter Mane, L50|100\/100\n|switch|p2b: Palafin|Palafin, L50, M|100\/100\n|-ability|p1a: Chien-Pao|Sword of Ruin\n|turn|1\n|\n|t:|1681654873\n|-terastallize|p2a: Flutter Mane|Fairy\n|move|p1a: Chien-Pao|Sucker Punch|p2a: Flutter Mane\n|-resisted|p2a: Flutter Mane\n|-damage|p2a: Flutter Mane|53\/100\n|move|p2b: Palafin|Jet Punch|p1a: Chien-Pao\n|-damage|p1a: Chien-Pao|63\/100\n|move|p2a: Flutter Mane|Dazzling Gleam|p1b: Heracross|[spread] p1a,p1b\n|-supereffective|p1a: Chien-Pao\n|-supereffective|p1b: Heracross\n|-damage|p1a: Chien-Pao|0 fnt\n|-damage|p1b: Heracross|0 fnt\n|faint|p1a: Chien-Pao\n|faint|p1b: Heracross\n|\n|upkeep\n|l| Amaranth\n|\n|t:|1681654889\n|switch|p1a: Arcanine|Arcanine, L50, F|100\/100\n|switch|p1b: Corviknight|Corviknight, L50, M|100\/100\n|-ability|p1a: Arcanine|Intimidate|boost\n|-unboost|p2a: Flutter Mane|atk|1\n|-unboost|p2b: Palafin|atk|1\n|turn|2\n|\n|t:|1681654914\n|-end|p2a: Flutter Mane|Protosynthesis|[silent]\n|switch|p2a: Arcanine|Arcanine, L50, F|100\/100\n|-ability|p2a: Arcanine|Intimidate|boost\n|-unboost|p1a: Arcanine|atk|1\n|-ability|p1b: Corviknight|Mirror Armor\n|-unboost|p2a: Arcanine|atk|1\n|detailschange|p2b: Palafin|Palafin-Hero, L50, M\n|switch|p2b: Chien-Pao|Chien-Pao, L50|100\/100\n|-ability|p2b: Chien-Pao|Sword of Ruin\n|move|p1a: Arcanine|Snarl|p2a: Arcanine|[spread] p2a,p2b\n|-resisted|p2b: Chien-Pao\n|-damage|p2a: Arcanine|91\/100\n|-damage|p2b: Chien-Pao|94\/100\n|-unboost|p2a: Arcanine|spa|1\n|-unboost|p2b: Chien-Pao|spa|1\n|move|p1b: Corviknight|Bulk Up|p1b: Corviknight\n|-boost|p1b: Corviknight|atk|1\n|-boost|p1b: Corviknight|def|1\n|\n|upkeep\n|turn|3\n|\n|t:|1681654939\n|-terastallize|p1b: Corviknight|Dragon\n|move|p2b: Chien-Pao|Protect|p2b: Chien-Pao\n|-singleturn|p2b: Chien-Pao|Protect\n|move|p1a: Arcanine|Flare Blitz|p2b: Chien-Pao\n|-activate|p2b: Chien-Pao|move: Protect\n|move|p2a: Arcanine|Will-O-Wisp|p1b: Corviknight\n|-status|p1b: Corviknight|brn\n|move|p1b: Corviknight|Body Press|p2a: Arcanine\n|-damage|p2a: Arcanine|66\/100\n|\n|-damage|p1b: Corviknight|95\/100 brn|[from] brn\n|upkeep\n|turn|4\n|\n|t:|1681654977\n|switch|p2b: Palafin|Palafin-Hero, L50, M|100\/100\n|-activate|p2b: Palafin|ability: Zero to Hero\n|move|p1a: Arcanine|Will-O-Wisp|p2b: Palafin|[miss]\n|-miss|p1a: Arcanine|p2b: Palafin\n|move|p2a: Arcanine|Howl|p2a: Arcanine|[spread] p2a,p2b\n|-boost|p2a: Arcanine|atk|1\n|-boost|p2b: Palafin|atk|1\n|move|p1b: Corviknight|Bulk Up|p1b: Corviknight\n|-boost|p1b: Corviknight|atk|1\n|-boost|p1b: Corviknight|def|1\n|\n|-heal|p1b: Corviknight|100\/100 brn|[from] item: Leftovers\n|-damage|p1b: Corviknight|95\/100 brn|[from] brn\n|upkeep\n|turn|5\n|\n|t:|1681655004\n|move|p1a: Arcanine|Protect|p1a: Arcanine\n|-singleturn|p1a: Arcanine|Protect\n|move|p2b: Palafin|Protect|p2b: Palafin\n|-singleturn|p2b: Palafin|Protect\n|move|p2a: Arcanine|Howl|p2a: Arcanine|[spread] p2a,p2b\n|-boost|p2a: Arcanine|atk|1\n|-boost|p2b: Palafin|atk|1\n|move|p1b: Corviknight|Body Press|p2b: Palafin\n|-activate|p2b: Palafin|move: Protect\n|\n|-heal|p1b: Corviknight|100\/100 brn|[from] item: Leftovers\n|-damage|p1b: Corviknight|95\/100 brn|[from] brn\n|upkeep\n|turn|6\n|\n|t:|1681655032\n|move|p2b: Palafin|Jet Punch|p1a: Arcanine\n|-supereffective|p1a: Arcanine\n|-damage|p1a: Arcanine|0 fnt\n|faint|p1a: Arcanine\n|move|p2a: Arcanine|Flare Blitz|p1b: Corviknight\n|-resisted|p1b: Corviknight\n|-damage|p1b: Corviknight|83\/100 brn\n|-damage|p2a: Arcanine|62\/100|[from] Recoil\n|move|p1b: Corviknight|Body Press|p2a: Arcanine\n|-damage|p2a: Arcanine|37\/100\n|\n|-heal|p1b: Corviknight|89\/100 brn|[from] item: Leftovers\n|-damage|p1b: Corviknight|83\/100 brn|[from] brn\n|upkeep\n|turn|7\n|\n|t:|1681655049\n|move|p2b: Palafin|Haze|p2b: Palafin\n|-clearallboost\n|move|p2a: Arcanine|Howl|p2a: Arcanine|[spread] p2a,p2b\n|-boost|p2a: Arcanine|atk|1\n|-boost|p2b: Palafin|atk|1\n|move|p1b: Corviknight|Body Press|p2b: Palafin\n|-damage|p2b: Palafin|89\/100\n|\n|-heal|p1b: Corviknight|89\/100 brn|[from] item: Leftovers\n|-damage|p1b: Corviknight|83\/100 brn|[from] brn\n|upkeep\n|turn|8\n|\n|t:|1681655062\n|move|p2b: Palafin|Wave Crash|p1b: Corviknight\n|-resisted|p1b: Corviknight\n|-damage|p1b: Corviknight|36\/100 brn\n|-damage|p2b: Palafin|73\/100|[from] Recoil\n|move|p2a: Arcanine|Flare Blitz|p1b: Corviknight\n|-resisted|p1b: Corviknight\n|-damage|p1b: Corviknight|11\/100 brn\n|-damage|p2a: Arcanine|29\/100|[from] Recoil\n|move|p1b: Corviknight|Body Press|p2b: Palafin\n|-damage|p2b: Palafin|62\/100\n|\n|-heal|p1b: Corviknight|17\/100 brn|[from] item: Leftovers\n|-damage|p1b: Corviknight|11\/100 brn|[from] brn\n|upkeep\n|turn|9\n|\n|t:|1681655078\n|move|p2a: Arcanine|Extreme Speed|p1b: Corviknight\n|-damage|p1b: Corviknight|0 fnt\n|faint|p1b: Corviknight\n|\n|win|guacamoel\n|c|\u2606guacamoel|need ata ng onting adjustment si corv\n|c|\u2606Jude Salinas|ye\n|c|\u2606guacamoel|pero ggs!\n|c|\u2606guacamoel|wp onting changes lang sa mga ibang mons\n|l|\u2606Jude Salinas\n","uploadtime":1681655207,"views":14,"p1id":"judesalinas","p2id":"guacamoel","formatid":"gen9vgc2023regulationc","rating":0,"private":0,"password":""}