{"id":"gen9vgc2023regulationc-1849915408","p1":"AFissure4GdMeasure","p2":"Dice que no","format":"[Gen 9] VGC 2023 Regulation C","log":"|j|\u2606AFissure4GdMeasure\n|j|\u2606Dice que no\n|t:|1682267693\n|gametype|doubles\n|player|p1|AFissure4GdMeasure|veteran|1148\n|player|p2|Dice que no|265|1140\n|teamsize|p1|6\n|teamsize|p2|6\n|gen|9\n|tier|[Gen 9] VGC 2023 Regulation C\n|rated|\n|rule|Species Clause: Limit one of each Pok\u00e9mon\n|rule|Item Clause: Limit one of each item\n|clearpoke\n|poke|p1|Gothitelle, L50, F|\n|poke|p1|Amoonguss, L50, F|\n|poke|p1|Flutter Mane, L50|\n|poke|p1|Gastrodon, L50, M|\n|poke|p1|Volcarona, L50, F|\n|poke|p1|Iron Hands, L50|\n|poke|p2|Ceruledge, L50, F|\n|poke|p2|Rotom-Wash, L50|\n|poke|p2|Amoonguss, L50, M|\n|poke|p2|Corviknight, L50, M|\n|poke|p2|Iron Hands, L50|\n|poke|p2|Baxcalibur, L50, M|\n|teampreview|4\n|inactive|Battle timer is ON: inactive players will automatically lose when time's up. (requested by Dice que no)\n|\n|t:|1682267710\n|start\n|switch|p1a: Volcarona|Volcarona, L50, F|100\/100\n|switch|p1b: Gothitelle|Gothitelle, L50, F|100\/100\n|switch|p2a: Rotom|Rotom-Wash, L50|100\/100\n|switch|p2b: Baxcalibur|Baxcalibur, L50, M, shiny|100\/100\n|turn|1\n|\n|t:|1682267721\n|move|p2b: Baxcalibur|Protect|p2b: Baxcalibur\n|-singleturn|p2b: Baxcalibur|Protect\n|move|p2a: Rotom|Protect|p2a: Rotom\n|-singleturn|p2a: Rotom|Protect\n|move|p1b: Gothitelle|Fake Out|p2a: Rotom\n|-activate|p2a: Rotom|move: Protect\n|move|p1a: Volcarona|Quiver Dance|p1a: Volcarona\n|-boost|p1a: Volcarona|spa|1\n|-boost|p1a: Volcarona|spd|1\n|-boost|p1a: Volcarona|spe|1\n|\n|upkeep\n|turn|2\n|inactive|AFissure4GdMeasure has 30 seconds left.\n|inactive|Dice que no has 30 seconds left.\n|\n|t:|1682267750\n|switch|p1b: Gastrodon|Gastrodon, L50, M|100\/100\n|move|p1a: Volcarona|Giga Drain|p2a: Rotom\n|-supereffective|p2a: Rotom\n|-damage|p2a: Rotom|33\/100\n|-enditem|p2a: Rotom|Red Card|[of] p1a: Volcarona\n|drag|p1a: Gothitelle|Gothitelle, L50, F|100\/100\n|move|p2b: Baxcalibur|Substitute|p2b: Baxcalibur\n|-start|p2b: Baxcalibur|Substitute\n|-damage|p2b: Baxcalibur|76\/100\n|move|p2a: Rotom|Hydro Pump|p1b: Gastrodon\n|-activate|p1b: Gastrodon|ability: Storm Drain\n|-ability|p1b: Gastrodon|Storm Drain|boost\n|-boost|p1b: Gastrodon|spa|1\n|\n|upkeep\n|turn|3\n|inactive|Dice que no has 30 seconds left.\n|\n|t:|1682267780\n|move|p2a: Rotom|Protect|p2a: Rotom\n|-singleturn|p2a: Rotom|Protect\n|move|p2b: Baxcalibur|Icicle Spear|p1a: Gothitelle\n|-damage|p1a: Gothitelle|86\/100\n|-damage|p1a: Gothitelle|71\/100\n|-damage|p1a: Gothitelle|56\/100\n|-crit|p1a: Gothitelle\n|-damage|p1a: Gothitelle|34\/100\n|-enditem|p1a: Gothitelle|Sitrus Berry|[eat]\n|-heal|p1a: Gothitelle|59\/100|[from] item: Sitrus Berry\n|-hitcount|p1a: Gothitelle|4\n|move|p1a: Gothitelle|Psychic|p2b: Baxcalibur\n|-crit|p2b: Baxcalibur\n|-end|p2b: Baxcalibur|Substitute\n|move|p1b: Gastrodon|Earth Power|p2b: Baxcalibur\n|-damage|p2b: Baxcalibur|33\/100\n|\n|upkeep\n|turn|4\n|\n|t:|1682267801\n|switch|p1a: Volcarona|Volcarona, L50, F|100\/100\n|move|p2b: Baxcalibur|Protect|p2b: Baxcalibur\n|-singleturn|p2b: Baxcalibur|Protect\n|move|p2a: Rotom|Volt Switch|p1a: Volcarona\n|-damage|p1a: Volcarona|78\/100\n|\n|t:|1682267811\n|switch|p2a: Amoonguss|Amoonguss, L50, M|100\/100|[from] Volt Switch\n|move|p1b: Gastrodon|Earth Power|p2b: Baxcalibur\n|-activate|p2b: Baxcalibur|move: Protect\n|\n|-heal|p1a: Volcarona|84\/100|[from] item: Leftovers\n|upkeep\n|turn|5\n|inactive|Dice que no has 30 seconds left.\n|\n|t:|1682267838\n|switch|p1b: Gothitelle|Gothitelle, L50, F|59\/100\n|-terastallize|p1a: Volcarona|Grass\n|-terastallize|p2b: Baxcalibur|Ground\n|move|p2a: Amoonguss|Rage Powder|p2a: Amoonguss\n|-singleturn|p2a: Amoonguss|move: Rage Powder\n|move|p1a: Volcarona|Quiver Dance|p1a: Volcarona\n|-boost|p1a: Volcarona|spa|1\n|-boost|p1a: Volcarona|spd|1\n|-boost|p1a: Volcarona|spe|1\n|move|p2b: Baxcalibur|Earthquake|p1a: Volcarona|[spread] p2a,p1a,p1b\n|-resisted|p1a: Volcarona\n|-crit|p1a: Volcarona\n|-damage|p2a: Amoonguss|67\/100\n|-damage|p1a: Volcarona|45\/100\n|-damage|p1b: Gothitelle|16\/100\n|\n|-heal|p1a: Volcarona|50\/100|[from] item: Leftovers\n|upkeep\n|turn|6\n|\n|t:|1682267860\n|move|p2b: Baxcalibur|Protect|p2b: Baxcalibur\n|-singleturn|p2b: Baxcalibur|Protect\n|move|p1b: Gothitelle|Fake Out|p2a: Amoonguss\n|-damage|p2a: Amoonguss|63\/100\n|-damage|p1b: Gothitelle|0 fnt|[from] item: Rocky Helmet|[of] p2a: Amoonguss\n|faint|p1b: Gothitelle\n|move|p1a: Volcarona|Giga Drain|p2b: Baxcalibur\n|-activate|p2b: Baxcalibur|move: Protect\n|cant|p2a: Amoonguss|flinch\n|\n|-heal|p1a: Volcarona|56\/100|[from] item: Leftovers\n|upkeep\n|\n|t:|1682267875\n|switch|p1b: Gastrodon|Gastrodon, L50, M|100\/100\n|turn|7\n|\n|t:|1682267884\n|switch|p2b: Corviknight|Corviknight, L50, M|100\/100\n|move|p1a: Volcarona|Heat Wave|p2a: Amoonguss|[spread] p2a,p2b\n|-supereffective|p2a: Amoonguss\n|-supereffective|p2b: Corviknight\n|-crit|p2b: Corviknight\n|-damage|p2a: Amoonguss|0 fnt\n|-damage|p2b: Corviknight|0 fnt\n|faint|p2a: Amoonguss\n|faint|p2b: Corviknight\n|move|p1b: Gastrodon|Earth Power|p2: Amoonguss|[notarget]\n|-fail|p1b: Gastrodon\n|\n|-heal|p1a: Volcarona|62\/100|[from] item: Leftovers\n|upkeep\n|c|\u2606AFissure4GdMeasure|oh crap\n|c|\u2606AFissure4GdMeasure|did that matter???\n|\n|t:|1682267897\n|switch|p2b: Rotom|Rotom-Wash, L50|33\/100\n|switch|p2a: Baxcalibur|Baxcalibur, L50, M, shiny, tera:Ground|33\/100\n|turn|8\n|\n|t:|1682267908\n|move|p1a: Volcarona|Heat Wave|p2a: Baxcalibur|[spread] p2a,p2b\n|-resisted|p2b: Rotom\n|-damage|p2a: Baxcalibur|0 fnt\n|-damage|p2b: Rotom|8\/100\n|faint|p2a: Baxcalibur\n|move|p2b: Rotom|Hydro Pump|p1b: Gastrodon\n|-activate|p1b: Gastrodon|ability: Storm Drain\n|-ability|p1b: Gastrodon|Storm Drain|boost\n|-boost|p1b: Gastrodon|spa|1\n|move|p1b: Gastrodon|Clear Smog|p2b: Rotom\n|-damage|p2b: Rotom|0 fnt\n|-clearboost|p2b: Rotom\n|faint|p2b: Rotom\n|\n|win|AFissure4GdMeasure\n|raw|AFissure4GdMeasure's rating: 1168 → 1191<\/strong> (+23 for winning)\n|raw|Dice que no's rating: 1140 → 1117<\/strong> (-23 for losing)\n|l|\u2606Dice que no\n","uploadtime":1682267929,"views":10,"p1id":"afissure4gdmeasure","p2id":"dicequeno","formatid":"gen9vgc2023regulationc","rating":1117,"private":0,"password":""}