{"id":"gen9vgc2023regulationc-1857989143","p1":"PackEmUpBoys","p2":"adamVGCtest","format":"[Gen 9] VGC 2023 Regulation C","log":"|j|\u2606PackEmUpBoys\n|j|\u2606adamVGCtest\n|t:|1683256547\n|gametype|doubles\n|player|p1|PackEmUpBoys|101|1144\n|player|p2|adamVGCtest|cyclist|1069\n|teamsize|p1|6\n|teamsize|p2|6\n|gen|9\n|tier|[Gen 9] VGC 2023 Regulation C\n|rated|\n|rule|Species Clause: Limit one of each Pok\u00e9mon\n|rule|Item Clause: Limit one of each item\n|clearpoke\n|poke|p1|Dondozo, L50, F|\n|poke|p1|Tatsugiri-Droopy, L50, F|\n|poke|p1|Pelipper, L50, F|\n|poke|p1|Drednaw, L50, F|\n|poke|p1|Chien-Pao, L50|\n|poke|p1|Dragonite, L50, F|\n|poke|p2|Annihilape, L50, M|\n|poke|p2|Maushold, L50|\n|poke|p2|Flutter Mane, L50|\n|poke|p2|Tyranitar, L50, M|\n|poke|p2|Lycanroc, L50, F|\n|poke|p2|Ting-Lu, L50|\n|teampreview|4\n|inactive|Battle timer is ON: inactive players will automatically lose when time's up. (requested by adamVGCtest)\n|inactive|PackEmUpBoys has 60 seconds left.\n|\n|t:|1683256579\n|start\n|switch|p1a: Pelipper|Pelipper, L50, F|100\/100\n|switch|p1b: Dondozo|Dondozo, L50, F, shiny|100\/100\n|switch|p2a: Maushold|Maushold, L50|100\/100\n|switch|p2b: Annihilape|Annihilape, L50, M|100\/100\n|-weather|RainDance|[from] ability: Drizzle|[of] p1a: Pelipper\n|turn|1\n|inactive|PackEmUpBoys has 30 seconds left.\n|inactive|adamVGCtest has 30 seconds left.\n|\n|t:|1683256607\n|switch|p1a: Tatsugiri|Tatsugiri-Droopy, L50, F, shiny|100\/100\n|-activate|p1a: Tatsugiri|ability: Commander|[of] p1b: Dondozo\n|-boost|p1b: Dondozo|atk|2\n|-boost|p1b: Dondozo|spa|2\n|-boost|p1b: Dondozo|spe|2\n|-boost|p1b: Dondozo|def|2\n|-boost|p1b: Dondozo|spd|2\n|-terastallize|p2b: Annihilape|Water\n|-terastallize|p1b: Dondozo|Water\n|move|p1b: Dondozo|Surf|p2a: Maushold|[spread] p2a,p2b\n|-miss|p1b: Dondozo|p1a: Tatsugiri\n|-resisted|p2b: Annihilape\n|-damage|p2a: Maushold|0 fnt\n|-damage|p2b: Annihilape|64\/100\n|faint|p2a: Maushold\n|-damage|p1b: Dondozo|91\/100|[from] item: Life Orb\n|move|p2b: Annihilape|Bulk Up|p2b: Annihilape\n|-boost|p2b: Annihilape|atk|1\n|-boost|p2b: Annihilape|def|1\n|\n|-weather|RainDance|[upkeep]\n|-heal|p2b: Annihilape|71\/100|[from] item: Leftovers\n|upkeep\n|\n|t:|1683256626\n|switch|p2a: Flutter Mane|Flutter Mane, L50|100\/100\n|turn|2\n|\n|t:|1683256648\n|move|p1b: Dondozo|Wave Crash|p2a: Flutter Mane\n|-damage|p2a: Flutter Mane|0 fnt\n|faint|p2a: Flutter Mane\n|-end|p2a: Flutter Mane|Protosynthesis|[silent]\n|-damage|p1b: Dondozo|72\/100|[from] Recoil\n|-damage|p1b: Dondozo|62\/100|[from] item: Life Orb\n|move|p2b: Annihilape|Rage Fist|p1b: Dondozo\n|-damage|p1b: Dondozo|45\/100\n|\n|-weather|RainDance|[upkeep]\n|-heal|p2b: Annihilape|77\/100|[from] item: Leftovers\n|upkeep\n|\n|t:|1683256657\n|switch|p2a: Ting-Lu|Ting-Lu, L50|100\/100\n|-ability|p2a: Ting-Lu|Vessel of Ruin\n|turn|3\n|\n|t:|1683256665\n|move|p1b: Dondozo|Protect|p1b: Dondozo\n|-singleturn|p1b: Dondozo|Protect\n|move|p2b: Annihilape|Drain Punch|p1b: Dondozo\n|-activate|p1b: Dondozo|move: Protect\n|move|p2a: Ting-Lu|Fissure|p1b: Dondozo\n|-activate|p1b: Dondozo|move: Protect\n|\n|-weather|RainDance|[upkeep]\n|-heal|p2b: Annihilape|83\/100|[from] item: Leftovers\n|upkeep\n|turn|4\n|\n|t:|1683256681\n|move|p2b: Annihilape|Protect|p2b: Annihilape\n|-singleturn|p2b: Annihilape|Protect\n|move|p1b: Dondozo|Wave Crash|p2a: Ting-Lu\n|-supereffective|p2a: Ting-Lu\n|-damage|p2a: Ting-Lu|0 fnt\n|faint|p2a: Ting-Lu\n|-damage|p1b: Dondozo|7\/100|[from] Recoil\n|-damage|p1b: Dondozo|0 fnt|[from] item: Life Orb\n|faint|p1b: Dondozo\n|\n|-weather|RainDance|[upkeep]\n|-heal|p2b: Annihilape|89\/100|[from] item: Leftovers\n|upkeep\n|\n|t:|1683256696\n|switch|p1b: Pelipper|Pelipper, L50, F|100\/100\n|turn|5\n|\n|t:|1683256704\n|move|p1a: Tatsugiri|Helping Hand|p1b: Pelipper\n|-singleturn|p1b: Pelipper|Helping Hand|[of] p1a: Tatsugiri\n|move|p2b: Annihilape|Rage Fist|p1a: Tatsugiri\n|-damage|p1a: Tatsugiri|0 fnt\n|faint|p1a: Tatsugiri\n|move|p1b: Pelipper|Hurricane|p2b: Annihilape\n|-crit|p2b: Annihilape\n|-damage|p2b: Annihilape|0 fnt\n|faint|p2b: Annihilape\n|\n|win|PackEmUpBoys\n|raw|PackEmUpBoys's rating: 1144 → 1164<\/strong> (+20 for winning)\n|raw|adamVGCtest's rating: 1069 → 1053<\/strong> (-16 for losing)\n|l|\u2606adamVGCtest\n","uploadtime":1683256729,"views":11,"p1id":"packemupboys","p2id":"adamvgctest","formatid":"gen9vgc2023regulationc","rating":1053,"private":0,"password":""}