{"id":"gen9vgc2023regulationc-1859070647","p1":"Jstardude","p2":"F3athers","format":"[Gen 9] VGC 2023 Regulation C","log":"|j|\u2606Jstardude\n|j|\u2606F3athers\n|t:|1683400938\n|gametype|doubles\n|player|p1|Jstardude|hilbert|\n|player|p2|F3athers|flannery|\n|teamsize|p1|6\n|teamsize|p2|6\n|gen|9\n|tier|[Gen 9] VGC 2023 Regulation C\n|rule|Species Clause: Limit one of each Pok\u00e9mon\n|rule|Item Clause: Limit one of each item\n|clearpoke\n|poke|p1|Dragapult, L50, M|\n|poke|p1|Chien-Pao, L50|\n|poke|p1|Tauros-Paldea-Blaze, L50, M|\n|poke|p1|Espathra, L50, M|\n|poke|p1|Scream Tail, L50|\n|poke|p1|Scizor, L50, M|\n|poke|p2|Qwilfish, L50, M|\n|poke|p2|Bronzong, L50|\n|poke|p2|Camerupt, L50, F|\n|poke|p2|Roaring Moon, L50|\n|poke|p2|Flutter Mane, L50|\n|poke|p2|Sableye, L50, M|\n|teampreview|4\nF3athers rejected open team sheets.\n|j| jayballester\n|j| Tuxmux\n|\n|t:|1683401006\n|start\n|switch|p1a: Scream Tail|Scream Tail, L50|100\/100\n|switch|p1b: Scizor|Scizor, L50, M|100\/100\n|switch|p2a: Sableye|Sableye, L50, M|100\/100\n|switch|p2b: Camerupt|Camerupt, L50, F|100\/100\n|-enditem|p1a: Scream Tail|Booster Energy\n|-activate|p1a: Scream Tail|ability: Protosynthesis|[fromitem]\n|-start|p1a: Scream Tail|protosynthesisspe\n|turn|1\n|j| riseofkingdomsadd\n|c| riseofkingdomsadd|real camerupt mement\n|\n|t:|1683401043\n|-terastallize|p1b: Scizor|Water\n|move|p2a: Sableye|Reflect|p2a: Sableye\n|-sidestart|p2: F3athers|Reflect\n|move|p1a: Scream Tail|Reflect|p1a: Scream Tail\n|-sidestart|p1: Jstardude|Reflect\n|move|p1b: Scizor|Tera Blast|p2b: Camerupt\n|-supereffective|p2b: Camerupt\n|-damage|p2b: Camerupt|18\/100\n|-enditem|p2b: Camerupt|Sitrus Berry|[eat]\n|-heal|p2b: Camerupt|43\/100|[from] item: Sitrus Berry\n|move|p2b: Camerupt|Yawn|p1a: Scream Tail\n|-start|p1a: Scream Tail|move: Yawn|[of] p2b: Camerupt\n|\n|upkeep\n|turn|2\n|c| riseofkingdomsadd|i love that pokemon\n|\n|t:|1683401073\n|-end|p1a: Scream Tail|Protosynthesis|[silent]\n|switch|p1a: Dragapult|Dragapult, L50, M|100\/100\n|switch|p2b: Qwilfish|Qwilfish, L50, M|100\/100\n|-ability|p2b: Qwilfish|Intimidate|boost\n|-unboost|p1a: Dragapult|atk|1\n|-unboost|p1b: Scizor|atk|1\n|move|p2a: Sableye|Will-O-Wisp|p1b: Scizor\n|-status|p1b: Scizor|brn\n|move|p1b: Scizor|Tera Blast|p2b: Qwilfish\n|-resisted|p2b: Qwilfish\n|-damage|p2b: Qwilfish|96\/100\n|\n|-heal|p2b: Qwilfish|100\/100|[from] item: Leftovers\n|-damage|p1b: Scizor|94\/100 brn|[from] brn\n|upkeep\n|turn|3\n|\n|t:|1683401138\n|move|p1b: Scizor|Bullet Punch|p2a: Sableye\n|-damage|p2a: Sableye|92\/100\n|move|p1a: Dragapult|Dragon Darts|p2a: Sableye\n|-damage|p2a: Sableye|69\/100\n|-anim|p1a: Dragapult|Dragon Darts|p2b: Qwilfish\n|-damage|p2b: Qwilfish|79\/100\n|move|p2b: Qwilfish|Thunder Wave|p1a: Dragapult\n|-status|p1a: Dragapult|par\n|move|p2a: Sableye|Foul Play|p1b: Scizor\n|-damage|p1b: Scizor|68\/100 brn\n|\n|-heal|p2b: Qwilfish|85\/100|[from] item: Leftovers\n|-heal|p1b: Scizor|75\/100 brn|[from] item: Leftovers\n|-damage|p1b: Scizor|68\/100 brn|[from] brn\n|upkeep\n|turn|4\n|\n|t:|1683401164\n|move|p2b: Qwilfish|Crunch|p1a: Dragapult\n|-supereffective|p1a: Dragapult\n|-damage|p1a: Dragapult|66\/100 par\n|move|p1a: Dragapult|Dragon Darts|p2a: Sableye\n|-damage|p2a: Sableye|46\/100\n|-anim|p1a: Dragapult|Dragon Darts|p2b: Qwilfish\n|-damage|p2b: Qwilfish|64\/100\n|move|p1b: Scizor|Tailwind|p1b: Scizor\n|-sidestart|p1: Jstardude|move: Tailwind\n|move|p2a: Sableye|Foul Play|p1a: Dragapult\n|-supereffective|p1a: Dragapult\n|-damage|p1a: Dragapult|11\/100 par\n|\n|-heal|p1b: Scizor|75\/100 brn|[from] item: Leftovers\n|-heal|p2b: Qwilfish|70\/100|[from] item: Leftovers\n|-damage|p1b: Scizor|68\/100 brn|[from] brn\n|upkeep\n|turn|5\n|\n|t:|1683401226\n|switch|p2b: Flutter Mane|Flutter Mane, L50|100\/100\n|move|p1b: Scizor|Bullet Punch|p2b: Flutter Mane\n|-supereffective|p2b: Flutter Mane\n|-damage|p2b: Flutter Mane|69\/100\n|move|p2a: Sableye|Sunny Day|p2a: Sableye\n|-weather|SunnyDay\n|-activate|p2b: Flutter Mane|ability: Protosynthesis\n|-start|p2b: Flutter Mane|protosynthesisspe\n|move|p1a: Dragapult|Dragon Darts|p2a: Sableye\n|-damage|p2a: Sableye|21\/100\n|-anim|p1a: Dragapult|Dragon Darts|p2a: Sableye\n|-damage|p2a: Sableye|0 fnt\n|faint|p2a: Sableye\n|\n|-weather|SunnyDay|[upkeep]\n|-heal|p1b: Scizor|75\/100 brn|[from] item: Leftovers\n|-damage|p1b: Scizor|68\/100 brn|[from] brn\n|-sideend|p1: Jstardude|Reflect\n|upkeep\n|\n|t:|1683401245\n|switch|p2a: Camerupt|Camerupt, L50, F|43\/100\n|turn|6\n|c| Tuxmux|ive never seen that dragon darts interaction that's actually really cool\n|c| Tuxmux|it just doubles up if the other mon is a fairy type\n|c|\u2606F3athers|okay yea i didnt realize that either\n|c|\u2606F3athers|i thought flutter was gonna soak one of them up\n|\n|t:|1683401279\n|move|p1b: Scizor|Bullet Punch|p2b: Flutter Mane\n|-supereffective|p2b: Flutter Mane\n|-damage|p2b: Flutter Mane|41\/100\n|move|p2b: Flutter Mane|Dazzling Gleam|p1b: Scizor|[spread] p1a,p1b\n|-supereffective|p1a: Dragapult\n|-damage|p1a: Dragapult|0 fnt\n|-damage|p1b: Scizor|32\/100 brn\n|faint|p1a: Dragapult\n|move|p2a: Camerupt|Heat Wave|p1b: Scizor\n|-resisted|p1b: Scizor\n|-damage|p1b: Scizor|4\/100 brn\n|\n|-weather|SunnyDay|[upkeep]\n|-heal|p1b: Scizor|10\/100 brn|[from] item: Leftovers\n|-damage|p1b: Scizor|4\/100 brn|[from] brn\n|upkeep\n|\n|t:|1683401287\n|switch|p1a: Chien-Pao|Chien-Pao, L50|100\/100\n|-ability|p1a: Chien-Pao|Sword of Ruin\n|turn|7\n|\n|t:|1683401324\n|-terastallize|p2b: Flutter Mane|Steel\n|move|p1a: Chien-Pao|Protect|p1a: Chien-Pao\n|-singleturn|p1a: Chien-Pao|Protect\n|move|p2b: Flutter Mane|Moonblast|p1a: Chien-Pao\n|-activate|p1a: Chien-Pao|move: Protect\n|move|p1b: Scizor|Tera Blast|p2a: Camerupt\n|-supereffective|p2a: Camerupt\n|-damage|p2a: Camerupt|24\/100\n|move|p2a: Camerupt|Heat Wave|p1b: Scizor|[spread] p1b\n|-activate|p1a: Chien-Pao|move: Protect\n|-resisted|p1b: Scizor\n|-damage|p1b: Scizor|0 fnt\n|faint|p1b: Scizor\n|\n|-weather|SunnyDay|[upkeep]\n|-sideend|p1: Jstardude|move: Tailwind\n|upkeep\n|\n|t:|1683401335\n|switch|p1b: Scream Tail|Scream Tail, L50|100\/100\n|-activate|p1b: Scream Tail|ability: Protosynthesis\n|-start|p1b: Scream Tail|protosynthesisspe\n|turn|8\n|\n|t:|1683401376\n|switch|p2a: Qwilfish|Qwilfish, L50, M|70\/100\n|-ability|p2a: Qwilfish|Intimidate|boost\n|-unboost|p1a: Chien-Pao|atk|1\n|-unboost|p1b: Scream Tail|atk|1\n|move|p1a: Chien-Pao|Protect||[still]\n|-fail|p1a: Chien-Pao\n|move|p2b: Flutter Mane|Moonblast|p1a: Chien-Pao\n|-supereffective|p1a: Chien-Pao\n|-enditem|p1a: Chien-Pao|Focus Sash\n|-damage|p1a: Chien-Pao|1\/100\n|move|p1b: Scream Tail|Light Screen|p1b: Scream Tail\n|-sidestart|p1: Jstardude|move: Light Screen\n|\n|-weather|SunnyDay|[upkeep]\n|-heal|p2a: Qwilfish|75\/100|[from] item: Leftovers\n|-sideend|p2: F3athers|Reflect\n|upkeep\n|turn|9\n|\n|t:|1683401406\n|move|p2b: Flutter Mane|Dazzling Gleam|p1a: Chien-Pao|[spread] p1a,p1b\n|-supereffective|p1a: Chien-Pao\n|-crit|p1a: Chien-Pao\n|-damage|p1a: Chien-Pao|0 fnt\n|-damage|p1b: Scream Tail|87\/100\n|faint|p1a: Chien-Pao\n|move|p1b: Scream Tail|Reflect|p1b: Scream Tail\n|-sidestart|p1: Jstardude|Reflect\n|move|p2a: Qwilfish|Thunder Wave|p1b: Scream Tail\n|-status|p1b: Scream Tail|par\n|\n|-weather|none\n|-end|p2b: Flutter Mane|Protosynthesis\n|-end|p1b: Scream Tail|Protosynthesis\n|-heal|p2a: Qwilfish|81\/100|[from] item: Leftovers\n|upkeep\n|turn|10\n|\n|t:|1683401423\n|move|p2b: Flutter Mane|Moonblast|p1b: Scream Tail\n|-damage|p1b: Scream Tail|64\/100 par\n|-unboost|p1b: Scream Tail|spa|1\n|move|p2a: Qwilfish|Liquidation|p1b: Scream Tail\n|-damage|p1b: Scream Tail|48\/100 par\n|move|p1b: Scream Tail|Dazzling Gleam|p2a: Qwilfish|[spread] p2a,p2b\n|-resisted|p2a: Qwilfish\n|-resisted|p2b: Flutter Mane\n|-damage|p2a: Qwilfish|73\/100\n|-damage|p2b: Flutter Mane|37\/100\n|\n|-heal|p2a: Qwilfish|78\/100|[from] item: Leftovers\n|upkeep\n|turn|11\n|l| riseofkingdomsadd\n|\n|t:|1683401436\n|move|p2b: Flutter Mane|Moonblast|p1b: Scream Tail\n|-damage|p1b: Scream Tail|28\/100 par\n|move|p2a: Qwilfish|Liquidation|p1b: Scream Tail\n|-damage|p1b: Scream Tail|12\/100 par\n|-unboost|p1b: Scream Tail|def|1\n|move|p1b: Scream Tail|Dazzling Gleam|p2a: Qwilfish|[spread] p2a,p2b\n|-resisted|p2a: Qwilfish\n|-resisted|p2b: Flutter Mane\n|-damage|p2a: Qwilfish|71\/100\n|-damage|p2b: Flutter Mane|32\/100\n|\n|-heal|p2a: Qwilfish|77\/100|[from] item: Leftovers\n|upkeep\n|turn|12\n|\n|t:|1683401449\n|move|p2b: Flutter Mane|Moonblast|p1b: Scream Tail\n|-damage|p1b: Scream Tail|0 fnt\n|faint|p1b: Scream Tail\n|-end|p1b: Scream Tail|Protosynthesis|[silent]\n|\n|win|F3athers\n|c|\u2606F3athers|gg\n","uploadtime":1683401458,"views":16,"p1id":"jstardude","p2id":"f3athers","formatid":"gen9vgc2023regulationc","rating":0,"private":0,"password":""}