{"id":"gen9vgc2023regulationc-1860350945","p1":"BaltimoreBuizels","p2":"Rosemary790","format":"[Gen 9] VGC 2023 Regulation C","log":"|j|\u2606BaltimoreBuizels\n|j|\u2606Rosemary790\n|t:|1683636054\n|gametype|doubles\n|player|p1|BaltimoreBuizels|flannery|1119\n|player|p2|Rosemary790|102|1087\n|teamsize|p1|6\n|teamsize|p2|6\n|gen|9\n|tier|[Gen 9] VGC 2023 Regulation C\n|rated|\n|rule|Species Clause: Limit one of each Pok\u00e9mon\n|rule|Item Clause: Limit one of each item\n|clearpoke\n|poke|p1|Dragapult, L50, M|\n|poke|p1|Chien-Pao, L50|\n|poke|p1|Talonflame, L50, M|\n|poke|p1|Iron Bundle, L50|\n|poke|p1|Flutter Mane, L50|\n|poke|p1|Amoonguss, L50, M|\n|poke|p2|Grimmsnarl, L50, M|\n|poke|p2|Ting-Lu, L50|\n|poke|p2|Maushold-Four, L50|\n|poke|p2|Annihilape, L50, F|\n|poke|p2|Palafin, L50, F|\n|poke|p2|Ceruledge, L50, F|\n|teampreview|4\n|inactive|Battle timer is ON: inactive players will automatically lose when time's up. (requested by Rosemary790)\n|\n|t:|1683636076\n|start\n|switch|p1a: Gimbob|Iron Bundle, L50, shiny|100\/100\n|switch|p1b: Fluttercott|Flutter Mane, L50, shiny|100\/100\n|switch|p2a: Palafin|Palafin, L50, F|100\/100\n|switch|p2b: Ceruledge|Ceruledge, L50, F|100\/100\n|-enditem|p1a: Gimbob|Booster Energy\n|-activate|p1a: Gimbob|ability: Quark Drive|[fromitem]\n|-start|p1a: Gimbob|quarkdrivespe\n|turn|1\n|\n|t:|1683636094\n|detailschange|p2a: Palafin|Palafin-Hero, L50, F\n|switch|p2a: Maushold|Maushold-Four, L50|100\/100\n|-terastallize|p2b: Ceruledge|Grass\n|move|p1a: Gimbob|Hydro Pump|p2b: Ceruledge\n|-resisted|p2b: Ceruledge\n|-damage|p2b: Ceruledge|76\/100\n|move|p1b: Fluttercott|Moonblast|p2a: Maushold\n|-damage|p2a: Maushold|10\/100\n|-unboost|p2a: Maushold|spa|1\n|-enditem|p2a: Maushold|Mago Berry|[eat]\n|-heal|p2a: Maushold|44\/100|[from] item: Mago Berry\n|move|p2b: Ceruledge|Flame Charge|p1b: Fluttercott\n|-damage|p1b: Fluttercott|63\/100\n|-boost|p2b: Ceruledge|spe|1\n|\n|upkeep\n|turn|2\n|\n|t:|1683636116\n|move|p2a: Maushold|Protect|p2a: Maushold\n|-singleturn|p2a: Maushold|Protect\n|move|p1a: Gimbob|Freeze-Dry|p2b: Ceruledge\n|-supereffective|p2b: Ceruledge\n|-damage|p2b: Ceruledge|12\/100\n|move|p2b: Ceruledge|Bitter Blade|p1b: Fluttercott\n|-damage|p1b: Fluttercott|0 fnt\n|-heal|p2b: Ceruledge|41\/100|[from] drain|[of] p1b: Fluttercott\n|faint|p1b: Fluttercott\n|-end|p1b: Fluttercott|Protosynthesis|[silent]\n|\n|upkeep\n|\n|t:|1683636123\n|switch|p1b: Whimsi-Pao|Chien-Pao, L50|100\/100\n|-ability|p1b: Whimsi-Pao|Sword of Ruin\n|turn|3\n|\n|t:|1683636131\n|move|p2a: Maushold|Follow Me|p2a: Maushold\n|-singleturn|p2a: Maushold|move: Follow Me\n|move|p1a: Gimbob|Hydro Pump|p2a: Maushold\n|-damage|p2a: Maushold|0 fnt\n|faint|p2a: Maushold\n|move|p2b: Ceruledge|Bitter Blade|p1b: Whimsi-Pao\n|-supereffective|p1b: Whimsi-Pao\n|-enditem|p1b: Whimsi-Pao|Focus Sash\n|-damage|p1b: Whimsi-Pao|1\/100\n|-heal|p2b: Ceruledge|92\/100|[from] drain|[of] p1b: Whimsi-Pao\n|move|p1b: Whimsi-Pao|Ice Spinner|p2b: Ceruledge\n|-supereffective|p2b: Ceruledge\n|-damage|p2b: Ceruledge|0 fnt\n|faint|p2b: Ceruledge\n|\n|upkeep\n|\n|t:|1683636146\n|switch|p2b: Annihilape|Annihilape, L50, F|100\/100\n|switch|p2a: Palafin|Palafin-Hero, L50, F|100\/100\n|-activate|p2a: Palafin|ability: Zero to Hero\n|turn|4\n|inactive|BaltimoreBuizels has 30 seconds left.\n|\n|t:|1683636174\n|move|p1b: Whimsi-Pao|Sucker Punch|p2a: Palafin\n|-damage|p2a: Palafin|54\/100\n|move|p2a: Palafin|Jet Punch|p1b: Whimsi-Pao\n|-damage|p1b: Whimsi-Pao|0 fnt\n|faint|p1b: Whimsi-Pao\n|move|p1a: Gimbob|Freeze-Dry|p2a: Palafin\n|-supereffective|p2a: Palafin\n|-damage|p2a: Palafin|0 fnt\n|faint|p2a: Palafin\n|move|p2b: Annihilape|Drain Punch|p1a: Gimbob\n|-supereffective|p1a: Gimbob\n|-damage|p1a: Gimbob|9\/100\n|\n|upkeep\n|\n|t:|1683636195\n|switch|p1b: Whimsiguss|Amoonguss, L50, M|100\/100\n|turn|5\n|\n|t:|1683636204\n|-terastallize|p1a: Gimbob|Ghost\n|move|p1a: Gimbob|Encore|p2b: Annihilape\n|-start|p2b: Annihilape|Encore\n|move|p2b: Annihilape|Drain Punch|p1b: Whimsiguss\n|-resisted|p1b: Whimsiguss\n|-damage|p1b: Whimsiguss|85\/100\n|move|p1b: Whimsiguss|Pollen Puff|p1a: Gimbob\n|-heal|p1a: Gimbob|59\/100\n|\n|upkeep\n|turn|6\n|\n|t:|1683636217\n|move|p1a: Gimbob|Hydro Pump|p2b: Annihilape\n|-damage|p2b: Annihilape|53\/100\n|move|p2b: Annihilape|Drain Punch|p1b: Whimsiguss\n|-resisted|p1b: Whimsiguss\n|-damage|p1b: Whimsiguss|70\/100\n|-heal|p2b: Annihilape|61\/100|[from] drain|[of] p1b: Whimsiguss\n|move|p1b: Whimsiguss|Pollen Puff|p1a: Gimbob\n|-heal|p1a: Gimbob|100\/100\n|\n|-heal|p2b: Annihilape|67\/100|[from] item: Leftovers\n|upkeep\n|turn|7\n|-message|Rosemary790 forfeited.\n|\n|win|BaltimoreBuizels\n|raw|BaltimoreBuizels's rating: 1119 → 1142<\/strong> (+23 for winning)\n|raw|Rosemary790's rating: 1087 → 1066<\/strong> (-21 for losing)\n|l|\u2606Rosemary790\n","uploadtime":1683636230,"views":16,"p1id":"baltimorebuizels","p2id":"rosemary790","formatid":"gen9vgc2023regulationc","rating":1066,"private":0,"password":""}