{"id":"gen9vgc2023regulationc-1847467837","p1":"Empiricist_14","p2":"Duecal1on","format":"[Gen 9] VGC 2023 Regulation C","log":"|j|\u2606Empiricist_14\n|j|\u2606Duecal1on\n|t:|1681958768\n|gametype|doubles\n|player|p1|Empiricist_14|pryce|1086\n|player|p2|Duecal1on|102|1010\n|teamsize|p1|6\n|teamsize|p2|6\n|gen|9\n|tier|[Gen 9] VGC 2023 Regulation C\n|rated|\n|rule|Species Clause: Limit one of each Pok\u00e9mon\n|rule|Item Clause: Limit one of each item\n|clearpoke\n|poke|p1|Palafin, L50, M|\n|poke|p1|Flutter Mane, L50|\n|poke|p1|Arcanine, L50, F|\n|poke|p1|Gholdengo, L50|\n|poke|p1|Amoonguss, L50, M|\n|poke|p1|Roaring Moon, L50|\n|poke|p2|Palafin, L50, M|\n|poke|p2|Arcanine, L50, M|\n|poke|p2|Chien-Pao, L50|\n|poke|p2|Scizor, L50, M|\n|poke|p2|Arboliva, L50, F|\n|poke|p2|Chi-Yu, L50|\n|teampreview|4\n|\n|t:|1681958800\n|start\n|switch|p1a: Delfino Curioso|Palafin, L50, M|100\/100\n|switch|p1b: Rennala|Flutter Mane, L50|100\/100\n|switch|p2a: Arcanine|Arcanine, L50, M, shiny|100\/100\n|switch|p2b: Scizor|Scizor, L50, M|100\/100\n|-ability|p2a: Arcanine|Intimidate|boost\n|-unboost|p1a: Delfino Curioso|atk|1\n|-unboost|p1b: Rennala|atk|1\n|turn|1\n|inactive|Battle timer is ON: inactive players will automatically lose when time's up. (requested by Duecal1on)\n|\n|t:|1681958830\n|detailschange|p1a: Delfino Curioso|Palafin-Hero, L50, M\n|switch|p1a: Uncle Maliketh|Arcanine, L50, F|100\/100\n|-ability|p1a: Uncle Maliketh|Intimidate|boost\n|-unboost|p2a: Arcanine|atk|1\n|-unboost|p2b: Scizor|atk|1\n|move|p2a: Arcanine|Protect|p2a: Arcanine\n|-singleturn|p2a: Arcanine|Protect\n|move|p1b: Rennala|Mystical Fire|p2b: Scizor\n|-supereffective|p2b: Scizor\n|-damage|p2b: Scizor|0 fnt\n|faint|p2b: Scizor\n|\n|upkeep\n|\n|t:|1681958844\n|switch|p2b: Chi-Yu|Chi-Yu, L50|100\/100\n|-ability|p2b: Chi-Yu|Beads of Ruin\n|turn|2\n|inactive|Empiricist_14 has 30 seconds left.\n|\n|t:|1681958873\n|switch|p2a: Arboliva|Arboliva, L50, F|100\/100\n|-end|p1b: Rennala|Protosynthesis|[silent]\n|switch|p1b: Delfino Curioso|Palafin-Hero, L50, M|100\/100\n|-activate|p1b: Delfino Curioso|ability: Zero to Hero\n|move|p2b: Chi-Yu|Dark Pulse|p1b: Delfino Curioso\n|-damage|p1b: Delfino Curioso|14\/100\n|move|p1a: Uncle Maliketh|Play Rough|p2b: Chi-Yu\n|-damage|p2b: Chi-Yu|56\/100\n|\n|upkeep\n|turn|3\n|\n|t:|1681958897\n|switch|p2b: Arcanine|Arcanine, L50, M, shiny|100\/100\n|-ability|p2b: Arcanine|Intimidate|boost\n|-unboost|p1a: Uncle Maliketh|atk|1\n|-unboost|p1b: Delfino Curioso|atk|1\n|move|p2a: Arboliva|Protect|p2a: Arboliva\n|-singleturn|p2a: Arboliva|Protect\n|move|p1b: Delfino Curioso|Jet Punch|p2b: Arcanine\n|-supereffective|p2b: Arcanine\n|-damage|p2b: Arcanine|28\/100\n|move|p1a: Uncle Maliketh|Overheat|p2a: Arboliva\n|-activate|p2a: Arboliva|move: Protect\n|\n|upkeep\n|turn|4\n|inactive|Duecal1on has 30 seconds left.\n|\n|t:|1681958926\n|move|p2b: Arcanine|Extreme Speed|p1b: Delfino Curioso\n|-damage|p1b: Delfino Curioso|0 fnt\n|faint|p1b: Delfino Curioso\n|move|p1a: Uncle Maliketh|Overheat|p2a: Arboliva\n|-supereffective|p2a: Arboliva\n|-damage|p2a: Arboliva|13\/100\n|-unboost|p1a: Uncle Maliketh|spa|2\n|-fieldstart|move: Grassy Terrain|[from] ability: Seed Sower|[of] p2a: Arboliva\n|move|p2a: Arboliva|Leech Seed|p1a: Uncle Maliketh\n|-start|p1a: Uncle Maliketh|move: Leech Seed\n|\n|-heal|p2b: Arcanine|34\/100|[from] Grassy Terrain\n|-heal|p2a: Arboliva|19\/100|[from] Grassy Terrain\n|-heal|p2a: Arboliva|25\/100|[from] item: Leftovers\n|-damage|p1a: Uncle Maliketh|88\/100|[from] Leech Seed|[of] p2a: Arboliva\n|-heal|p2a: Arboliva|36\/100|[silent]\n|upkeep\n|inactive|Empiricist_14 has 30 seconds left.\n|\n|t:|1681958953\n|switch|p1b: Rennala|Flutter Mane, L50|100\/100\n|turn|5\n|\n|t:|1681958965\n|switch|p1a: Goldone|Gholdengo, L50|100\/100\n|move|p2b: Arcanine|Protect|p2b: Arcanine\n|-singleturn|p2b: Arcanine|Protect\n|move|p2a: Arboliva|Protect|p2a: Arboliva\n|-singleturn|p2a: Arboliva|Protect\n|move|p1b: Rennala|Hyper Voice|p2b: Arcanine|[spread] \n|-activate|p2a: Arboliva|move: Protect\n|-activate|p2b: Arcanine|move: Protect\n|\n|-heal|p2b: Arcanine|40\/100|[from] Grassy Terrain\n|-heal|p2a: Arboliva|42\/100|[from] Grassy Terrain\n|-heal|p2a: Arboliva|48\/100|[from] item: Leftovers\n|upkeep\n|turn|6\n|\n|t:|1681958989\n|move|p1a: Goldone|Protect|p1a: Goldone\n|-singleturn|p1a: Goldone|Protect\n|move|p2b: Arcanine|Flare Blitz|p1a: Goldone\n|-activate|p1a: Goldone|move: Protect\n|move|p1b: Rennala|Hyper Voice|p2b: Arcanine|[spread] p2a,p2b\n|-damage|p2a: Arboliva|21\/100\n|-damage|p2b: Arcanine|0 fnt\n|faint|p2b: Arcanine\n|move|p2a: Arboliva|Terrain Pulse|p1b: Rennala\n|-damage|p1b: Rennala|52\/100\n|\n|-heal|p1b: Rennala|58\/100|[from] Grassy Terrain\n|-heal|p2a: Arboliva|27\/100|[from] Grassy Terrain\n|-heal|p2a: Arboliva|33\/100|[from] item: Leftovers\n|upkeep\n|\n|t:|1681959003\n|switch|p2b: Chi-Yu|Chi-Yu, L50|56\/100\n|-ability|p2b: Chi-Yu|Beads of Ruin\n|turn|7\n|inactive|Duecal1on has 30 seconds left.\n|\n|t:|1681959032\n|move|p2a: Arboliva|Protect|p2a: Arboliva\n|-singleturn|p2a: Arboliva|Protect\n|move|p2b: Chi-Yu|Heat Wave|p1a: Goldone|[spread] p1a,p1b\n|-supereffective|p1a: Goldone\n|-damage|p1a: Goldone|0 fnt\n|-damage|p1b: Rennala|0 fnt\n|faint|p1a: Goldone\n|faint|p1b: Rennala\n|-end|p1b: Rennala|Protosynthesis|[silent]\n|\n|-heal|p2b: Chi-Yu|62\/100|[from] Grassy Terrain\n|-heal|p2a: Arboliva|39\/100|[from] Grassy Terrain\n|-heal|p2a: Arboliva|45\/100|[from] item: Leftovers\n|upkeep\n|\n|t:|1681959046\n|switch|p1a: Uncle Maliketh|Arcanine, L50, F|88\/100\n|-ability|p1a: Uncle Maliketh|Intimidate|boost\n|-unboost|p2a: Arboliva|atk|1\n|-unboost|p2b: Chi-Yu|atk|1\n|turn|8\n|\n|t:|1681959064\n|move|p2b: Chi-Yu|Heat Wave|p1a: Uncle Maliketh\n|-resisted|p1a: Uncle Maliketh\n|-damage|p1a: Uncle Maliketh|21\/100\n|move|p1a: Uncle Maliketh|Play Rough|p2a: Arboliva\n|-damage|p2a: Arboliva|17\/100\n|-unboost|p2a: Arboliva|atk|1\n|move|p2a: Arboliva|Leech Seed|p1a: Uncle Maliketh\n|-start|p1a: Uncle Maliketh|move: Leech Seed\n|\n|-heal|p2b: Chi-Yu|68\/100|[from] Grassy Terrain\n|-heal|p1a: Uncle Maliketh|27\/100|[from] Grassy Terrain\n|-heal|p2a: Arboliva|23\/100|[from] Grassy Terrain\n|-heal|p2a: Arboliva|29\/100|[from] item: Leftovers\n|-damage|p1a: Uncle Maliketh|15\/100|[from] Leech Seed|[of] p2a: Arboliva\n|-heal|p2a: Arboliva|39\/100|[silent]\n|-fieldend|move: Grassy Terrain\n|upkeep\n|turn|9\n|-message|Empiricist_14 forfeited.\n|\n|win|Duecal1on\n|raw|Empiricist_14's rating: 1086 → 1058<\/strong> (-28 for losing)\n|raw|Duecal1on's rating: 1010 → 1057<\/strong> (+47 for winning)\n|l|\u2606Empiricist_14\n","uploadtime":1681959089,"views":12,"p1id":"empiricist14","p2id":"duecal1on","formatid":"gen9vgc2023regulationc","rating":1057,"private":0,"password":""}