{"id":"gen9vgc2023regulationc-1851701867","p1":"Tigertom91","p2":"mugiwaraLux","format":"[Gen 9] VGC 2023 Regulation C","log":"|j|\u2606Tigertom91\n|j|\u2606mugiwaraLux\n|t:|1682471786\n|gametype|doubles\n|player|p1|Tigertom91|psychic-gen4|1273\n|player|p2|mugiwaraLux|102|1291\n|teamsize|p1|6\n|teamsize|p2|6\n|gen|9\n|tier|[Gen 9] VGC 2023 Regulation C\n|rated|\n|rule|Species Clause: Limit one of each Pok\u00e9mon\n|rule|Item Clause: Limit one of each item\n|clearpoke\n|poke|p1|Armarouge, L50, M|\n|poke|p1|Indeedee-F, L50, F|\n|poke|p1|Hatterene, L50, F|\n|poke|p1|Great Tusk, L50|\n|poke|p1|Brute Bonnet, L50|\n|poke|p1|Baxcalibur, L50, M|\n|poke|p2|Palafin, L50, F|\n|poke|p2|Amoonguss, L50, M|\n|poke|p2|Flutter Mane, L50|\n|poke|p2|Arcanine, L50, M|\n|poke|p2|Roaring Moon, L50|\n|poke|p2|Chien-Pao, L50|\n|teampreview|4\n|inactive|Battle timer is ON: inactive players will automatically lose when time's up. (requested by mugiwaraLux)\n|inactive|Tigertom91 also wants the timer to be on.\n|inactive|mugiwaraLux has 60 seconds left.\n|inactive|Tigertom91 has 60 seconds left.\nmugiwaraLux has agreed to open team sheets.\n|inactive|mugiwaraLux has 30 seconds left.\n|inactive|mugiwaraLux has 20 seconds left.\n|inactive|mugiwaraLux has 15 seconds left.\n|\n|t:|1682471863\n|start\n|switch|p1a: Armarouge|Armarouge, L50, M|100\/100\n|switch|p1b: Indeedee|Indeedee-F, L50, F|100\/100\n|switch|p2a: Roaring Moon|Roaring Moon, L50|100\/100\n|switch|p2b: Mimi|Flutter Mane, L50|100\/100\n|-fieldstart|move: Psychic Terrain|[from] ability: Psychic Surge|[of] p1b: Indeedee\n|-enditem|p2a: Roaring Moon|Booster Energy\n|-activate|p2a: Roaring Moon|ability: Protosynthesis|[fromitem]\n|-start|p2a: Roaring Moon|protosynthesisatk\n|turn|1\n|\n|t:|1682471884\n|move|p1b: Indeedee|Follow Me|p1b: Indeedee\n|-singleturn|p1b: Indeedee|move: Follow Me\n|move|p2b: Mimi|Dazzling Gleam|p1a: Armarouge|[spread] p1a,p1b\n|-resisted|p1a: Armarouge\n|-damage|p1a: Armarouge|77\/100\n|-damage|p1b: Indeedee|54\/100\n|move|p2a: Roaring Moon|Throat Chop|p1b: Indeedee\n|-supereffective|p1b: Indeedee\n|-damage|p1b: Indeedee|0 fnt\n|faint|p1b: Indeedee\n|move|p1a: Armarouge|Trick Room|p1a: Armarouge\n|-fieldstart|move: Trick Room|[of] p1a: Armarouge\n|\n|upkeep\n|\n|t:|1682471896\n|switch|p1b: Hatterene|Hatterene, L50, F|100\/100\n|turn|2\n|\n|t:|1682471904\n|-end|p2b: Mimi|Protosynthesis|[silent]\n|switch|p2b: ChiYu|Arcanine, L50, M|100\/100\n|-ability|p2b: ChiYu|Intimidate|boost\n|-unboost|p1a: Armarouge|atk|1\n|-unboost|p1b: Hatterene|atk|1\n|move|p2a: Roaring Moon|Protect|p2a: Roaring Moon\n|-singleturn|p2a: Roaring Moon|Protect\n|move|p1b: Hatterene|Dazzling Gleam|p2a: Roaring Moon|[spread] p2b\n|-activate|p2a: Roaring Moon|move: Protect\n|-resisted|p2b: ChiYu\n|-damage|p2b: ChiYu|82\/100\n|-damage|p1b: Hatterene|91\/100|[from] item: Life Orb\n|move|p1a: Armarouge|Expanding Force|p2b: ChiYu|[spread] p2b\n|-activate|p2a: Roaring Moon|move: Protect\n|-damage|p2b: ChiYu|29\/100\n|\n|upkeep\n|turn|3\n|\n|t:|1682471923\n|-terastallize|p2a: Roaring Moon|Flying\n|move|p2b: ChiYu|Protect|p2b: ChiYu\n|-singleturn|p2b: ChiYu|Protect\n|move|p1b: Hatterene|Dazzling Gleam|p2a: Roaring Moon|[spread] p2a\n|-activate|p2b: ChiYu|move: Protect\n|-damage|p2a: Roaring Moon|62\/100\n|-damage|p1b: Hatterene|82\/100|[from] item: Life Orb\n|move|p1a: Armarouge|Expanding Force|p2a: Roaring Moon|[spread] p2a\n|-activate|p2b: ChiYu|move: Protect\n|-damage|p2a: Roaring Moon|2\/100\n|move|p2a: Roaring Moon|Acrobatics|p1b: Hatterene\n|-damage|p1b: Hatterene|0 fnt\n|faint|p1b: Hatterene\n|\n|upkeep\n|\n|t:|1682471941\n|switch|p1b: Great Tusk|Great Tusk, L50|100\/100\n|turn|4\n|\n|t:|1682471960\n|move|p2b: ChiYu|Protect||[still]\n|-fail|p2b: ChiYu\n|move|p2a: Roaring Moon|Protect|p2a: Roaring Moon\n|-singleturn|p2a: Roaring Moon|Protect\n|move|p1a: Armarouge|Expanding Force|p2a: Roaring Moon|[spread] p2b\n|-activate|p2a: Roaring Moon|move: Protect\n|-damage|p2b: ChiYu|0 fnt\n|faint|p2b: ChiYu\n|move|p1b: Great Tusk|Rock Slide|p2a: Roaring Moon\n|-activate|p2a: Roaring Moon|move: Protect\n|\n|upkeep\n|\n|t:|1682471965\n|switch|p2b: Chien-Pao|Chien-Pao, L50|100\/100\n|-ability|p2b: Chien-Pao|Sword of Ruin\n|turn|5\n|\n|t:|1682471984\n|-end|p2a: Roaring Moon|Protosynthesis|[silent]\n|switch|p2a: Mimi|Flutter Mane, L50|100\/100\n|-terastallize|p1a: Armarouge|Grass\n|move|p2b: Chien-Pao|Protect|p2b: Chien-Pao\n|-singleturn|p2b: Chien-Pao|Protect\n|move|p1a: Armarouge|Armor Cannon|p2b: Chien-Pao\n|-activate|p2b: Chien-Pao|move: Protect\n|move|p1b: Great Tusk|Rock Slide|p2b: Chien-Pao|[spread] \n|-activate|p2b: Chien-Pao|move: Protect\n|-miss|p1b: Great Tusk|p2a: Mimi\n|\n|-fieldend|move: Trick Room\n|-fieldend|move: Psychic Terrain\n|upkeep\n|turn|6\n|c|\u2606mugiwaraLux|gg\n|inactive|Tigertom91 has 30 seconds left.\n|\n|t:|1682472011\n|move|p1a: Armarouge|Wide Guard|p1a: Armarouge\n|-singleturn|p1a: Armarouge|Wide Guard\n|move|p2a: Mimi|Moonblast|p1b: Great Tusk\n|-supereffective|p1b: Great Tusk\n|-damage|p1b: Great Tusk|0 fnt\n|faint|p1b: Great Tusk\n|-end|p1b: Great Tusk|Protosynthesis|[silent]\n|move|p2b: Chien-Pao|Ice Spinner|p1a: Armarouge\n|-supereffective|p1a: Armarouge\n|-damage|p1a: Armarouge|0 fnt\n|faint|p1a: Armarouge\n|\n|win|mugiwaraLux\n|raw|Tigertom91's rating: 1273 → 1249<\/strong> (-24 for losing)\n|raw|mugiwaraLux's rating: 1291 → 1315<\/strong> (+24 for winning)\n","uploadtime":1682472017,"views":13,"p1id":"tigertom91","p2id":"mugiwaralux","formatid":"gen9vgc2023regulationc","rating":1249,"private":0,"password":""}