{"id":"gen9vgc2023regulationc-1854873314","p1":"flameingpigey2","p2":"SilverDragon550","format":"[Gen 9] VGC 2023 Regulation C","log":"|j|\u2606flameingpigey2\n|j|\u2606SilverDragon550\n|t:|1682875712\n|gametype|doubles\n|player|p1|flameingpigey2|hilbert-wonderlauncher|\n|player|p2|SilverDragon550|silver|\n|teamsize|p1|6\n|teamsize|p2|6\n|gen|9\n|tier|[Gen 9] VGC 2023 Regulation C\n|rule|Species Clause: Limit one of each Pok\u00e9mon\n|rule|Item Clause: Limit one of each item\n|clearpoke\n|poke|p1|Garganacl, L50, F|\n|poke|p1|Arcanine, L50, F|\n|poke|p1|Iron Hands, L50|\n|poke|p1|Gothitelle, L50, M|\n|poke|p1|Amoonguss, L50, M|\n|poke|p1|Flutter Mane, L50|\n|poke|p2|Chien-Pao, L50|\n|poke|p2|Iron Valiant, L50|\n|poke|p2|Amoonguss, L50, M|\n|poke|p2|Dragapult, L50, M|\n|poke|p2|Gyarados, L50, M|\n|poke|p2|Ting-Lu, L50|\n|teampreview|4\nSilverDragon550 has agreed to open team sheets.\nflameingpigey2 has agreed to open team sheets.\n|j| Keveloper\n|c|\u2606SilverDragon550|wait\n|c|\u2606SilverDragon550|did we end in a tie?\n|c| Keveloper|looks like it?\n|c|\u2606flameingpigey2|what?\n|c|\u2606flameingpigey2|oh we took too long LOL\n|c|\u2606flameingpigey2|we should play this anyways, could be an error\n|c|\u2606SilverDragon550|welp\n|c|\u2606SilverDragon550|yea def\n|c|\u2606flameingpigey2|plus i like playing pokemons\n|c|\u2606SilverDragon550|same\n|c| Keveloper|yeah, I made T4 I gotta go do my match\n|c| Keveloper|gl you two\n|c|\u2606SilverDragon550|I n e e d to know how this ends lol\n|l| Keveloper\n|c|\u2606flameingpigey2|lets gooooo\n|c|\u2606flameingpigey2|gl u got this\n|c|\u2606SilverDragon550|gl u 2\n|c|\u2606SilverDragon550|and gl kev lol\n|\n|t:|1682875923\n|start\n|switch|p1a: Iron Hands|Iron Hands, L50|100\/100\n|switch|p1b: Flutter Mane|Flutter Mane, L50|100\/100\n|switch|p2a: Bing Chiling|Chien-Pao, L50|100\/100\n|switch|p2b: Jetsicle|Dragapult, L50, M|100\/100\n|-ability|p2a: Bing Chiling|Sword of Ruin\n|turn|1\n|\n|t:|1682875975\n|move|p2a: Bing Chiling|Protect|p2a: Bing Chiling\n|-singleturn|p2a: Bing Chiling|Protect\n|move|p1a: Iron Hands|Fake Out|p2a: Bing Chiling\n|-activate|p2a: Bing Chiling|move: Protect\n|move|p2b: Jetsicle|Phantom Force||[still]\n|-prepare|p2b: Jetsicle|Phantom Force\n|move|p1b: Flutter Mane|Dazzling Gleam|p2b: Jetsicle|[spread] \n|-miss|p1b: Flutter Mane|p2b: Jetsicle\n|-activate|p2a: Bing Chiling|move: Protect\n|\n|upkeep\n|turn|2\n|\n|t:|1682876004\n|-end|p1b: Flutter Mane|Protosynthesis|[silent]\n|switch|p1b: Garganacl|Garganacl, L50, F|100\/100\n|move|p2b: Jetsicle|Phantom Force|p1b: Garganacl|[from]lockedmove\n|-damage|p1b: Garganacl|68\/100\n|move|p2a: Bing Chiling|Ice Spinner|p1b: Garganacl\n|-damage|p1b: Garganacl|31\/100\n|move|p1a: Iron Hands|Close Combat|p2a: Bing Chiling\n|-supereffective|p2a: Bing Chiling\n|-enditem|p2a: Bing Chiling|Focus Sash\n|-damage|p2a: Bing Chiling|1\/100\n|-unboost|p1a: Iron Hands|def|1\n|-unboost|p1a: Iron Hands|spd|1\n|\n|-heal|p1b: Garganacl|37\/100|[from] item: Leftovers\n|upkeep\n|turn|3\n|\n|t:|1682876034\n|switch|p2b: Sussy Gussy|Amoonguss, L50, M, shiny|100\/100\n|switch|p1b: Arcanine|Arcanine, L50, F|100\/100\n|-ability|p1b: Arcanine|Intimidate|boost\n|-unboost|p2a: Bing Chiling|atk|1\n|-unboost|p2b: Sussy Gussy|atk|1\n|move|p2a: Bing Chiling|Protect|p2a: Bing Chiling\n|-singleturn|p2a: Bing Chiling|Protect\n|move|p1a: Iron Hands|Volt Switch|p2a: Bing Chiling\n|-activate|p2a: Bing Chiling|move: Protect\n|\n|upkeep\n|turn|4\n|\n|t:|1682876077\n|switch|p2a: Jetsicle|Dragapult, L50, M|100\/100\n|move|p2b: Sussy Gussy|Protect|p2b: Sussy Gussy\n|-singleturn|p2b: Sussy Gussy|Protect\n|move|p1b: Arcanine|Flare Blitz|p2b: Sussy Gussy\n|-activate|p2b: Sussy Gussy|move: Protect\n|move|p1a: Iron Hands|Volt Switch|p2a: Jetsicle\n|-resisted|p2a: Jetsicle\n|-damage|p2a: Jetsicle|92\/100\n|\n|t:|1682876094\n|-end|p1a: Iron Hands|Quark Drive|[silent]\n|switch|p1a: Flutter Mane|Flutter Mane, L50|100\/100|[from] Volt Switch\n|\n|upkeep\n|turn|5\n|\n|t:|1682876132\n|-terastallize|p2b: Sussy Gussy|Water\n|move|p2a: Jetsicle|Phantom Force||[still]\n|-prepare|p2a: Jetsicle|Phantom Force\n|move|p1a: Flutter Mane|Shadow Ball|p2a: Jetsicle|[miss]\n|-miss|p1a: Flutter Mane|p2a: Jetsicle\n|move|p1b: Arcanine|Flare Blitz|p2b: Sussy Gussy\n|-resisted|p2b: Sussy Gussy\n|-damage|p2b: Sussy Gussy|70\/100\n|-damage|p1b: Arcanine|89\/100|[from] Recoil\n|move|p2b: Sussy Gussy|Spore|p1b: Arcanine\n|-status|p1b: Arcanine|slp|[from] move: Spore\n|\n|upkeep\n|turn|6\n|\n|t:|1682876159\n|cant|p1b: Arcanine|slp\n|move|p2a: Jetsicle|Phantom Force|p1a: Flutter Mane|[from]lockedmove\n|-supereffective|p1a: Flutter Mane\n|-enditem|p1a: Flutter Mane|Focus Sash\n|-damage|p1a: Flutter Mane|1\/100\n|move|p1a: Flutter Mane|Shadow Ball|p2a: Jetsicle\n|-supereffective|p2a: Jetsicle\n|-damage|p2a: Jetsicle|0 fnt\n|faint|p2a: Jetsicle\n|move|p2b: Sussy Gussy|Clear Smog|p1a: Flutter Mane\n|-damage|p1a: Flutter Mane|0 fnt\n|-clearboost|p1a: Flutter Mane\n|faint|p1a: Flutter Mane\n|-end|p1a: Flutter Mane|Protosynthesis|[silent]\n|\n|upkeep\n|\n|t:|1682876180\n|switch|p2a: Love Wins|Iron Valiant, L50|100\/100\n|switch|p1a: Garganacl|Garganacl, L50, F|37\/100\n|turn|7\n|\n|t:|1682876195\n|switch|p1b: Iron Hands|Iron Hands, L50|100\/100\n|move|p1a: Garganacl|Protect|p1a: Garganacl\n|-singleturn|p1a: Garganacl|Protect\n|move|p2b: Sussy Gussy|Rage Powder|p2b: Sussy Gussy\n|-singleturn|p2b: Sussy Gussy|move: Rage Powder\n|move|p2a: Love Wins|Swords Dance|p2a: Love Wins\n|-boost|p2a: Love Wins|atk|2\n|\n|-heal|p1a: Garganacl|43\/100|[from] item: Leftovers\n|upkeep\n|turn|8\n|\n|t:|1682876260\n|switch|p2b: Bing Chiling|Chien-Pao, L50|1\/100\n|-ability|p2b: Bing Chiling|Sword of Ruin\n|move|p2a: Love Wins|Protect|p2a: Love Wins\n|-singleturn|p2a: Love Wins|Protect\n|move|p1b: Iron Hands|Wild Charge|p2b: Bing Chiling\n|-damage|p2b: Bing Chiling|0 fnt\n|faint|p2b: Bing Chiling\n|-damage|p1b: Iron Hands|99\/100|[from] Recoil\n|move|p1a: Garganacl|Recover|p1a: Garganacl\n|-heal|p1a: Garganacl|93\/100\n|\n|-heal|p1a: Garganacl|99\/100|[from] item: Leftovers\n|upkeep\n|\n|t:|1682876271\n|switch|p2b: Sussy Gussy|Amoonguss, L50, M, shiny, tera:Water|100\/100\n|turn|9\n|\n|t:|1682876290\n|-terastallize|p1a: Garganacl|Ghost\n|move|p2b: Sussy Gussy|Rage Powder|p2b: Sussy Gussy\n|-singleturn|p2b: Sussy Gussy|move: Rage Powder\n|move|p2a: Love Wins|Spirit Break|p1b: Iron Hands\n|-supereffective|p1b: Iron Hands\n|-damage|p1b: Iron Hands|0 fnt\n|faint|p1b: Iron Hands\n|-end|p1b: Iron Hands|Quark Drive|[silent]\n|-damage|p2a: Love Wins|90\/100|[from] item: Life Orb\n|move|p1a: Garganacl|Salt Cure|p2b: Sussy Gussy\n|-damage|p2b: Sussy Gussy|90\/100\n|-start|p2b: Sussy Gussy|Salt Cure\n|\n|-heal|p1a: Garganacl|100\/100|[from] item: Leftovers\n|-damage|p2b: Sussy Gussy|65\/100|[from] Salt Cure\n|upkeep\n|\n|t:|1682876297\n|switch|p1b: Arcanine|Arcanine, L50, F|89\/100 slp\n|-ability|p1b: Arcanine|Intimidate|boost\n|-unboost|p2a: Love Wins|atk|1\n|-unboost|p2b: Sussy Gussy|atk|1\n|turn|10\n|\n|t:|1682876391\n|move|p2b: Sussy Gussy|Rage Powder|p2b: Sussy Gussy\n|-singleturn|p2b: Sussy Gussy|move: Rage Powder\n|move|p2a: Love Wins|Close Combat|p1b: Arcanine\n|-damage|p1b: Arcanine|0 fnt\n|-unboost|p2a: Love Wins|def|1\n|-unboost|p2a: Love Wins|spd|1\n|faint|p1b: Arcanine\n|-damage|p2a: Love Wins|80\/100|[from] item: Life Orb\n|move|p1a: Garganacl|Salt Cure|p2b: Sussy Gussy\n|-damage|p2b: Sussy Gussy|53\/100\n|\n|-damage|p2b: Sussy Gussy|28\/100|[from] Salt Cure\n|upkeep\n|-enditem|p2b: Sussy Gussy|Sitrus Berry|[eat]\n|-heal|p2b: Sussy Gussy|53\/100|[from] item: Sitrus Berry\n|turn|11\n|\n|t:|1682876414\n|move|p2b: Sussy Gussy|Rage Powder|p2b: Sussy Gussy\n|-singleturn|p2b: Sussy Gussy|move: Rage Powder\n|move|p2a: Love Wins|Spirit Break|p1a: Garganacl\n|-damage|p1a: Garganacl|52\/100\n|-unboost|p1a: Garganacl|spa|1\n|-damage|p2a: Love Wins|70\/100|[from] item: Life Orb\n|move|p1a: Garganacl|Salt Cure|p2b: Sussy Gussy\n|-damage|p2b: Sussy Gussy|41\/100\n|\n|-heal|p1a: Garganacl|58\/100|[from] item: Leftovers\n|-damage|p2b: Sussy Gussy|16\/100|[from] Salt Cure\n|upkeep\n|turn|12\n|c|\u2606SilverDragon550|dang the rock is buff\n|\n|t:|1682876452\n|move|p2b: Sussy Gussy|Rage Powder|p2b: Sussy Gussy\n|-singleturn|p2b: Sussy Gussy|move: Rage Powder\n|move|p2a: Love Wins|Swords Dance|p2a: Love Wins\n|-boost|p2a: Love Wins|atk|2\n|move|p1a: Garganacl|Recover|p1a: Garganacl\n|-heal|p1a: Garganacl|100\/100\n|\n|-damage|p2b: Sussy Gussy|0 fnt|[from] Salt Cure\n|faint|p2b: Sussy Gussy\n|upkeep\n|turn|13\n|c|\u2606flameingpigey2|very good\n|c|\u2606flameingpigey2|that was ur best play by a mile\n|\n|t:|1682876472\n|move|p2a: Love Wins|Spirit Break|p1a: Garganacl\n|-damage|p1a: Garganacl|10\/100\n|-unboost|p1a: Garganacl|spa|1\n|-damage|p2a: Love Wins|60\/100|[from] item: Life Orb\n|move|p1a: Garganacl|Salt Cure|p2a: Love Wins\n|-resisted|p2a: Love Wins\n|-damage|p2a: Love Wins|46\/100\n|-start|p2a: Love Wins|Salt Cure\n|\n|-heal|p1a: Garganacl|16\/100|[from] item: Leftovers\n|-damage|p2a: Love Wins|34\/100|[from] Salt Cure\n|upkeep\n|turn|14\n|\n|t:|1682876482\n|move|p1a: Garganacl|Protect|p1a: Garganacl\n|-singleturn|p1a: Garganacl|Protect\n|move|p2a: Love Wins|Spirit Break|p1a: Garganacl\n|-activate|p1a: Garganacl|move: Protect\n|\n|-heal|p1a: Garganacl|22\/100|[from] item: Leftovers\n|-damage|p2a: Love Wins|22\/100|[from] Salt Cure\n|upkeep\n|turn|15\n|\n|t:|1682876488\n|move|p1a: Garganacl|Protect||[still]\n|-fail|p1a: Garganacl\n|move|p2a: Love Wins|Spirit Break|p1a: Garganacl\n|-damage|p1a: Garganacl|0 fnt\n|faint|p1a: Garganacl\n|-damage|p2a: Love Wins|12\/100|[from] item: Life Orb\n|\n|win|SilverDragon550\n|c|\u2606flameingpigey2|gg\n|c|\u2606SilverDragon550|MMMMMMM\n|c|\u2606SilverDragon550|gg\n|c|\u2606SilverDragon550|that\n|c|\u2606SilverDragon550|was\n|c|\u2606SilverDragon550|I N T E N S E\n|l|\u2606flameingpigey2\n","uploadtime":1682876531,"views":6,"p1id":"flameingpigey2","p2id":"silverdragon550","formatid":"gen9vgc2023regulationc","rating":0,"private":0,"password":""}