{"id":"gen9vgc2023regulationc-1854488570","p1":"SrYopi","p2":"WillieDangerously","format":"[Gen 9] VGC 2023 Regulation C","log":"|j|\u2606SrYopi\n|j|\u2606WillieDangerously\n|t:|1682817454\n|gametype|doubles\n|player|p1|SrYopi|102|1395\n|player|p2|WillieDangerously|psychic-gen4|1361\n|teamsize|p1|6\n|teamsize|p2|6\n|gen|9\n|tier|[Gen 9] VGC 2023 Regulation C\n|rated|\n|rule|Species Clause: Limit one of each Pok\u00e9mon\n|rule|Item Clause: Limit one of each item\n|clearpoke\n|poke|p1|Iron Jugulis, L50|\n|poke|p1|Iron Hands, L50|\n|poke|p1|Bellibolt, L50, M|\n|poke|p1|Iron Bundle, L50|\n|poke|p1|Abomasnow, L50, F|\n|poke|p1|Palafin, L50, F|\n|poke|p2|Espathra, L50, F|\n|poke|p2|Iron Bundle, L50|\n|poke|p2|Iron Valiant, L50|\n|poke|p2|Salamence, L50, M|\n|poke|p2|Scizor, L50, M|\n|poke|p2|Sandy Shocks, L50|\n|teampreview|4\n|\n|t:|1682817492\n|start\n|switch|p1a: Iron Jugulis|Iron Jugulis, L50|100\/100\n|switch|p1b: Josemi|Iron Hands, L50, shiny|100\/100\n|switch|p2a: Espathra|Espathra, L50, F|100\/100\n|switch|p2b: Sandy Shocks|Sandy Shocks, L50|100\/100\n|-enditem|p1a: Iron Jugulis|Booster Energy\n|-activate|p1a: Iron Jugulis|ability: Quark Drive|[fromitem]\n|-start|p1a: Iron Jugulis|quarkdrivespe\n|-enditem|p2b: Sandy Shocks|Booster Energy\n|-activate|p2b: Sandy Shocks|ability: Protosynthesis|[fromitem]\n|-start|p2b: Sandy Shocks|protosynthesisspe\n|turn|1\n|\n|t:|1682817519\n|move|p2a: Espathra|Protect|p2a: Espathra\n|-singleturn|p2a: Espathra|Protect\n|move|p1b: Josemi|Fake Out|p2b: Sandy Shocks\n|-damage|p2b: Sandy Shocks|82\/100\n|move|p1a: Iron Jugulis|Electric Terrain|p1a: Iron Jugulis\n|-fieldstart|move: Electric Terrain\n|-activate|p1b: Josemi|ability: Quark Drive\n|-start|p1b: Josemi|quarkdriveatk\n|cant|p2b: Sandy Shocks|flinch\n|\n|-ability|p2a: Espathra|Speed Boost|boost\n|-boost|p2a: Espathra|spe|1\n|upkeep\n|turn|2\n|\n|t:|1682817553\n|move|p1a: Iron Jugulis|Tailwind|p1a: Iron Jugulis\n|-sidestart|p1: SrYopi|move: Tailwind\n|move|p2a: Espathra|Lumina Crash|p1b: Josemi\n|-supereffective|p1b: Josemi\n|-damage|p1b: Josemi|66\/100\n|-unboost|p1b: Josemi|spd|2\n|move|p2b: Sandy Shocks|Earth Power|p1b: Josemi\n|-supereffective|p1b: Josemi\n|-damage|p1b: Josemi|0 fnt\n|faint|p1b: Josemi\n|-end|p1b: Josemi|Quark Drive|[silent]\n|\n|-ability|p2a: Espathra|Speed Boost|boost\n|-boost|p2a: Espathra|spe|1\n|upkeep\n|\n|t:|1682817565\n|switch|p1b: Abomasnow|Abomasnow, L50, F|100\/100\n|-weather|Snow|[from] ability: Snow Warning|[of] p1b: Abomasnow\n|turn|3\n|\n|t:|1682817605\n|-terastallize|p2b: Sandy Shocks|Ghost\n|move|p2a: Espathra|Protect|p2a: Espathra\n|-singleturn|p2a: Espathra|Protect\n|move|p1a: Iron Jugulis|Snarl|p2b: Sandy Shocks|[spread] p2b\n|-activate|p2a: Espathra|move: Protect\n|-supereffective|p2b: Sandy Shocks\n|-damage|p2b: Sandy Shocks|32\/100\n|-unboost|p2b: Sandy Shocks|spa|1\n|move|p2b: Sandy Shocks|Gravity|p2b: Sandy Shocks\n|-fieldstart|move: Gravity\n|move|p1b: Abomasnow|Aurora Veil|p1b: Abomasnow\n|-sidestart|p1: SrYopi|move: Aurora Veil\n|\n|-weather|Snow|[upkeep]\n|-ability|p2a: Espathra|Speed Boost|boost\n|-boost|p2a: Espathra|spe|1\n|upkeep\n|turn|4\n|\n|t:|1682817658\n|-end|p1a: Iron Jugulis|Quark Drive|[silent]\n|switch|p1a: Iron Bundle|Iron Bundle, L50|100\/100\n|-activate|p1a: Iron Bundle|ability: Quark Drive\n|-start|p1a: Iron Bundle|quarkdrivespa\n|move|p2b: Sandy Shocks|Protect|p2b: Sandy Shocks\n|-singleturn|p2b: Sandy Shocks|Protect\n|move|p2a: Espathra|Lumina Crash|p1b: Abomasnow\n|-damage|p1b: Abomasnow|77\/100\n|-unboost|p1b: Abomasnow|spd|2\n|move|p1b: Abomasnow|Blizzard|p2a: Espathra|[spread] p2a\n|-activate|p2b: Sandy Shocks|move: Protect\n|-damage|p2a: Espathra|46\/100\n|\n|-weather|Snow|[upkeep]\n|-ability|p2a: Espathra|Speed Boost|boost\n|-boost|p2a: Espathra|spe|1\n|upkeep\n|turn|5\n|\n|t:|1682817687\n|-terastallize|p1a: Iron Bundle|Ice\n|move|p1b: Abomasnow|Helping Hand|p1a: Iron Bundle\n|-singleturn|p1a: Iron Bundle|Helping Hand|[of] p1b: Abomasnow\n|move|p2a: Espathra|Protect|p2a: Espathra\n|-singleturn|p2a: Espathra|Protect\n|move|p1a: Iron Bundle|Blizzard|p2a: Espathra|[spread] p2b\n|-activate|p2a: Espathra|move: Protect\n|-damage|p2b: Sandy Shocks|0 fnt\n|faint|p2b: Sandy Shocks\n|-end|p2b: Sandy Shocks|Protosynthesis|[silent]\n|\n|-weather|Snow|[upkeep]\n|-sideend|p1: SrYopi|move: Tailwind\n|-fieldend|move: Electric Terrain\n|-end|p1a: Iron Bundle|Quark Drive\n|-ability|p2a: Espathra|Speed Boost|boost\n|-boost|p2a: Espathra|spe|1\n|upkeep\n|\n|t:|1682817711\n|switch|p2b: Iron Valiant|Iron Valiant, L50|100\/100\n|turn|6\n|\n|t:|1682817722\n|move|p1b: Abomasnow|Helping Hand|p1a: Iron Bundle\n|-singleturn|p1a: Iron Bundle|Helping Hand|[of] p1b: Abomasnow\n|move|p2a: Espathra|Hypnosis|p1a: Iron Bundle\n|-status|p1a: Iron Bundle|slp|[from] move: Hypnosis\n|move|p2b: Iron Valiant|Focus Blast|p1b: Abomasnow\n|-supereffective|p1b: Abomasnow\n|-damage|p1b: Abomasnow|0 fnt\n|faint|p1b: Abomasnow\n|cant|p1a: Iron Bundle|slp\n|\n|-weather|Snow|[upkeep]\n|-ability|p2a: Espathra|Speed Boost|boost\n|-boost|p2a: Espathra|spe|1\n|upkeep\n|\n|t:|1682817733\n|switch|p1b: Iron Jugulis|Iron Jugulis, L50|100\/100\n|turn|7\n|\n|t:|1682817745\n|move|p2a: Espathra|Hypnosis|p1b: Iron Jugulis\n|-status|p1b: Iron Jugulis|slp|[from] move: Hypnosis\n|move|p2b: Iron Valiant|Focus Blast|p1a: Iron Bundle\n|-supereffective|p1a: Iron Bundle\n|-crit|p1a: Iron Bundle\n|-damage|p1a: Iron Bundle|0 fnt\n|faint|p1a: Iron Bundle\n|-end|p1a: Iron Bundle|Quark Drive|[silent]\n|cant|p1b: Iron Jugulis|slp\n|\n|-weather|none\n|-sideend|p1: SrYopi|move: Aurora Veil\n|-fieldend|move: Gravity\n|upkeep\n|turn|8\n|\n|t:|1682817754\n|move|p2a: Espathra|Dazzling Gleam|p1b: Iron Jugulis\n|-supereffective|p1b: Iron Jugulis\n|-damage|p1b: Iron Jugulis|48\/100 slp\n|move|p2b: Iron Valiant|Moonblast|p1b: Iron Jugulis\n|-supereffective|p1b: Iron Jugulis\n|-damage|p1b: Iron Jugulis|0 fnt\n|faint|p1b: Iron Jugulis\n|-end|p1b: Iron Jugulis|Quark Drive|[silent]\n|\n|win|WillieDangerously\n|raw|SrYopi's rating: 1395 → 1373<\/strong> (-22 for losing)\n|raw|WillieDangerously's rating: 1361 → 1383<\/strong> (+22 for winning)\n|c|\u2606SrYopi|gg\n","uploadtime":1682817761,"views":11,"p1id":"sryopi","p2id":"williedangerously","formatid":"gen9vgc2023regulationc","rating":1373,"private":0,"password":""}