{"id":"gen9vgc2023regulationc-1851928026","p1":"gnateo97","p2":"Shrijeet099","format":"[Gen 9] VGC 2023 Regulation C","log":"|j|\u2606gnateo97\n|j|\u2606Shrijeet099\n|t:|1682507118\n|gametype|doubles\n|player|p1|gnateo97|102|1076\n|player|p2|Shrijeet099|gambler|1000\n|teamsize|p1|6\n|teamsize|p2|6\n|gen|9\n|tier|[Gen 9] VGC 2023 Regulation C\n|rated|\n|rule|Species Clause: Limit one of each Pok\u00e9mon\n|rule|Item Clause: Limit one of each item\n|clearpoke\n|poke|p1|Maushold-Four, L50|\n|poke|p1|Annihilape, L50, M|\n|poke|p1|Wo-Chien, L50|\n|poke|p1|Rotom-Heat, L50|\n|poke|p1|Azumarill, L50, M|\n|poke|p1|Gothitelle, L50, F|\n|poke|p2|Flamigo, L50, M|\n|poke|p2|Tatsugiri, L50, M|\n|poke|p2|Dondozo, L50, M|\n|poke|p2|Annihilape, L50, M|\n|poke|p2|Veluza, L50, M|\n|poke|p2|Maushold-Four, L50|\n|teampreview|4\n|inactive|Battle timer is ON: inactive players will automatically lose when time's up. (requested by gnateo97)\nShrijeet099 rejected open team sheets.\n|\n|t:|1682507137\n|start\n|switch|p1a: Maushold|Maushold-Four, L50|100\/100\n|switch|p1b: Annihilape|Annihilape, L50, M|100\/100\n|switch|p2a: Tatsugiri|Tatsugiri, L50, M|100\/100\n|switch|p2b: Annihilape|Annihilape, L50, M|100\/100\n|turn|1\n|\n|t:|1682507151\n|move|p2a: Tatsugiri|Endure|p2a: Tatsugiri\n|-singleturn|p2a: Tatsugiri|move: Endure\n|move|p1a: Maushold|Follow Me|p1a: Maushold\n|-singleturn|p1a: Maushold|move: Follow Me\n|move|p2b: Annihilape|Final Gambit|p1a: Maushold\n|-enditem|p1a: Maushold|Focus Sash\n|-damage|p1a: Maushold|1\/100\n|faint|p2b: Annihilape\n|move|p1b: Annihilape|Bulk Up|p1b: Annihilape\n|-boost|p1b: Annihilape|atk|1\n|-boost|p1b: Annihilape|def|1\n|\n|-status|p2a: Tatsugiri|tox|[from] item: Toxic Orb\n|upkeep\n|\n|t:|1682507165\n|switch|p2b: Dondozo|Dondozo, L50, M|100\/100\n|-activate|p2a: Tatsugiri|ability: Commander|[of] p2b: Dondozo\n|-boost|p2b: Dondozo|atk|2\n|-boost|p2b: Dondozo|spa|2\n|-boost|p2b: Dondozo|spe|2\n|-boost|p2b: Dondozo|def|2\n|-boost|p2b: Dondozo|spd|2\n|turn|2\n|\n|t:|1682507181\n|-terastallize|p2b: Dondozo|Dragon\n|move|p1a: Maushold|Super Fang|p2b: Dondozo\n|-damage|p2b: Dondozo|50\/100\n|move|p2b: Dondozo|Order Up|p1a: Maushold\n|-damage|p1a: Maushold|0 fnt\n|faint|p1a: Maushold\n|-boost|p2b: Dondozo|atk|1\n|move|p1b: Annihilape|Rage Fist|p2b: Dondozo\n|-damage|p2b: Dondozo|43\/100\n|\n|-heal|p2b: Dondozo|50\/100|[from] item: Leftovers\n|-damage|p2a: Tatsugiri|94\/100 tox|[from] psn\n|upkeep\n|\n|t:|1682507198\n|switch|p1a: Wo-Chien|Wo-Chien, L50|100\/100\n|-ability|p1a: Wo-Chien|Tablets of Ruin\n|turn|3\n|\n|t:|1682507209\n|move|p2b: Dondozo|Order Up|p1b: Annihilape\n|-damage|p1b: Annihilape|37\/100\n|-boost|p2b: Dondozo|atk|1\n|move|p1b: Annihilape|Bulk Up|p1b: Annihilape\n|-boost|p1b: Annihilape|atk|1\n|-boost|p1b: Annihilape|def|1\n|move|p1a: Wo-Chien|Substitute|p1a: Wo-Chien\n|-start|p1a: Wo-Chien|Substitute\n|-damage|p1a: Wo-Chien|76\/100\n|\n|-heal|p2b: Dondozo|56\/100|[from] item: Leftovers\n|-heal|p1a: Wo-Chien|81\/100|[from] item: Leftovers\n|-damage|p2a: Tatsugiri|82\/100 tox|[from] psn\n|upkeep\n|turn|4\n|\n|t:|1682507232\n|move|p2b: Dondozo|Order Up|p1b: Annihilape\n|-damage|p1b: Annihilape|0 fnt\n|faint|p1b: Annihilape\n|-boost|p2b: Dondozo|atk|1\n|move|p1a: Wo-Chien|Leech Seed|p2b: Dondozo\n|-start|p2b: Dondozo|move: Leech Seed\n|\n|-heal|p2b: Dondozo|62\/100|[from] item: Leftovers\n|-heal|p1a: Wo-Chien|87\/100|[from] item: Leftovers\n|-damage|p2b: Dondozo|50\/100|[from] Leech Seed|[of] p1a: Wo-Chien\n|-heal|p1a: Wo-Chien|100\/100|[silent]\n|-damage|p2a: Tatsugiri|63\/100 tox|[from] psn\n|upkeep\n|\n|t:|1682507246\n|switch|p1b: Rotom|Rotom-Heat, L50|100\/100\n|turn|5\n|\n|t:|1682507256\n|move|p1b: Rotom|Protect|p1b: Rotom\n|-singleturn|p1b: Rotom|Protect\n|move|p2b: Dondozo|Wave Crash|p1b: Rotom\n|-activate|p1b: Rotom|move: Protect\n|move|p1a: Wo-Chien|Giga Drain|p2b: Dondozo\n|-resisted|p2b: Dondozo\n|-damage|p2b: Dondozo|43\/100\n|\n|-heal|p2b: Dondozo|49\/100|[from] item: Leftovers\n|-damage|p2b: Dondozo|37\/100|[from] Leech Seed|[of] p1a: Wo-Chien\n|-damage|p2a: Tatsugiri|38\/100 tox|[from] psn\n|upkeep\n|turn|6\n|inactive|gnateo97 has 30 seconds left.\n|\n|t:|1682507283\n|move|p2b: Dondozo|Order Up|p1b: Rotom\n|-damage|p1b: Rotom|0 fnt\n|faint|p1b: Rotom\n|-boost|p2b: Dondozo|atk|1\n|move|p1a: Wo-Chien|Giga Drain|p2b: Dondozo\n|-resisted|p2b: Dondozo\n|-damage|p2b: Dondozo|30\/100\n|\n|-heal|p2b: Dondozo|36\/100|[from] item: Leftovers\n|-damage|p2b: Dondozo|24\/100|[from] Leech Seed|[of] p1a: Wo-Chien\n|-damage|p2a: Tatsugiri|7\/100 tox|[from] psn\n|upkeep\n|turn|7\n|\n|t:|1682507301\n|move|p1a: Wo-Chien|Protect|p1a: Wo-Chien\n|-singleturn|p1a: Wo-Chien|Protect\n|move|p2b: Dondozo|Order Up|p1a: Wo-Chien\n|-activate|p1a: Wo-Chien|move: Protect\n|\n|-heal|p2b: Dondozo|30\/100|[from] item: Leftovers\n|-damage|p2b: Dondozo|17\/100|[from] Leech Seed|[of] p1a: Wo-Chien\n|-damage|p2a: Tatsugiri|0 fnt|[from] psn\n|faint|p2a: Tatsugiri\n|upkeep\n|\n|t:|1682507305\n|switch|p2a: Flamigo|Flamigo, L50, M|100\/100\n|-copyboost|p2a: Flamigo|p2b: Dondozo|[from] ability: Costar\n|turn|8\n|\n|t:|1682507321\n|move|p2a: Flamigo|Close Combat|p1a: Wo-Chien\n|-supereffective|p1a: Wo-Chien\n|-end|p1a: Wo-Chien|Substitute\n|-unboost|p2a: Flamigo|def|1\n|-unboost|p2a: Flamigo|spd|1\n|move|p2b: Dondozo|Order Up|p1a: Wo-Chien\n|-damage|p1a: Wo-Chien|10\/100\n|-boost|p2b: Dondozo|atk|0\n|move|p1a: Wo-Chien|Leech Seed|p2a: Flamigo\n|-start|p2a: Flamigo|move: Leech Seed\n|\n|-heal|p2b: Dondozo|24\/100|[from] item: Leftovers\n|-heal|p1a: Wo-Chien|16\/100|[from] item: Leftovers\n|-damage|p2a: Flamigo|88\/100|[from] Leech Seed|[of] p1a: Wo-Chien\n|-heal|p1a: Wo-Chien|26\/100|[silent]\n|-damage|p2b: Dondozo|11\/100|[from] Leech Seed|[of] p1a: Wo-Chien\n|-heal|p1a: Wo-Chien|41\/100|[silent]\n|upkeep\n|turn|9\n|\n|t:|1682507341\n|move|p1a: Wo-Chien|Protect|p1a: Wo-Chien\n|-singleturn|p1a: Wo-Chien|Protect\n|move|p2a: Flamigo|Brave Bird|p1a: Wo-Chien\n|-activate|p1a: Wo-Chien|move: Protect\n|move|p2b: Dondozo|Order Up|p1a: Wo-Chien\n|-activate|p1a: Wo-Chien|move: Protect\n|\n|-heal|p2b: Dondozo|17\/100|[from] item: Leftovers\n|-heal|p1a: Wo-Chien|47\/100|[from] item: Leftovers\n|-damage|p2a: Flamigo|76\/100|[from] Leech Seed|[of] p1a: Wo-Chien\n|-heal|p1a: Wo-Chien|57\/100|[silent]\n|-damage|p2b: Dondozo|5\/100|[from] Leech Seed|[of] p1a: Wo-Chien\n|-heal|p1a: Wo-Chien|71\/100|[silent]\n|upkeep\n|turn|10\n|inactive|gnateo97 has 30 seconds left.\n|\n|t:|1682507368\n|move|p1a: Wo-Chien|Protect||[still]\n|-fail|p1a: Wo-Chien\n|move|p2a: Flamigo|Brave Bird|p1a: Wo-Chien\n|-supereffective|p1a: Wo-Chien\n|-damage|p1a: Wo-Chien|0 fnt\n|faint|p1a: Wo-Chien\n|-damage|p2a: Flamigo|49\/100|[from] Recoil\n|\n|win|Shrijeet099\n|raw|gnateo97's rating: 1076 → 1050<\/strong> (-26 for losing)\n|raw|Shrijeet099's rating: 1000 → 1049<\/strong> (+49 for winning)\n|c|\u2606Shrijeet099|gg\n|l|\u2606gnateo97\n","uploadtime":1682507377,"views":7,"p1id":"gnateo97","p2id":"shrijeet099","formatid":"gen9vgc2023regulationc","rating":1049,"private":0,"password":""}