{"id":"gen9vgc2023regulationc-1848682930","p1":"LordSno","p2":"earwaxvgc","format":"[Gen 9] VGC 2023 Regulation C","log":"|j|\u2606LordSno\n|j|\u2606earwaxvgc\n|t:|1682100480\n|gametype|doubles\n|player|p1|LordSno|2|1181\n|player|p2|earwaxvgc|265|1206\n|teamsize|p1|6\n|teamsize|p2|6\n|gen|9\n|tier|[Gen 9] VGC 2023 Regulation C\n|rated|\n|rule|Species Clause: Limit one of each Pok\u00e9mon\n|rule|Item Clause: Limit one of each item\n|clearpoke\n|poke|p1|Chi-Yu, L50|\n|poke|p1|Flutter Mane, L50|\n|poke|p1|Torkoal, L50, M|\n|poke|p1|Jumpluff, L50, F|\n|poke|p1|Great Tusk, L50|\n|poke|p1|Wo-Chien, L50|\n|poke|p2|Umbreon, L50, F|\n|poke|p2|Annihilape, L50, F|\n|poke|p2|Ting-Lu, L50|\n|poke|p2|Klefki, L50, F|\n|poke|p2|Arcanine, L50, M|\n|poke|p2|Maushold-Four, L50|\n|teampreview|4\n|inactive|Battle timer is ON: inactive players will automatically lose when time's up. (requested by LordSno)\n|\n|t:|1682100505\n|start\n|switch|p1a: Jumpluff|Jumpluff, L50, F|100\/100\n|switch|p1b: Wo-Chien|Wo-Chien, L50|100\/100\n|switch|p2a: Umbreon|Umbreon, L50, F, shiny|100\/100\n|switch|p2b: Klefki|Klefki, L50, F|100\/100\n|-ability|p1b: Wo-Chien|Tablets of Ruin\n|turn|1\n|\n|t:|1682100527\n|move|p2b: Klefki|Thunder Wave|p1a: Jumpluff|[miss]\n|-miss|p2b: Klefki|p1a: Jumpluff\n|move|p1a: Jumpluff|Sleep Powder|p2a: Umbreon\n|-status|p2a: Umbreon|slp|[from] move: Sleep Powder\n|move|p1b: Wo-Chien|Leech Seed|p2a: Umbreon\n|-start|p2a: Umbreon|move: Leech Seed\n|cant|p2a: Umbreon|slp\n|\n|-damage|p2a: Umbreon|88\/100 slp|[from] Leech Seed|[of] p1b: Wo-Chien\n|upkeep\n|turn|2\n|\n|t:|1682100546\n|move|p2b: Klefki|Thunder Wave|p1a: Jumpluff\n|-status|p1a: Jumpluff|par\n|move|p1b: Wo-Chien|Leech Seed|p2b: Klefki\n|-start|p2b: Klefki|move: Leech Seed\n|move|p1a: Jumpluff|Sleep Powder|p2b: Klefki|[miss]\n|-miss|p1a: Jumpluff|p2b: Klefki\n|cant|p2a: Umbreon|slp\n|\n|-damage|p2b: Klefki|88\/100|[from] Leech Seed|[of] p1b: Wo-Chien\n|-damage|p2a: Umbreon|76\/100 slp|[from] Leech Seed|[of] p1b: Wo-Chien\n|upkeep\n|turn|3\n|\n|t:|1682100563\n|move|p2b: Klefki|Play Rough|p1b: Wo-Chien\n|-supereffective|p1b: Wo-Chien\n|-damage|p1b: Wo-Chien|65\/100\n|move|p1b: Wo-Chien|Ruination|p2a: Umbreon\n|-damage|p2a: Umbreon|38\/100 slp\n|-enditem|p2a: Umbreon|Sitrus Berry|[eat]\n|-heal|p2a: Umbreon|63\/100 slp|[from] item: Sitrus Berry\n|move|p1a: Jumpluff|Tailwind|p1a: Jumpluff\n|-sidestart|p1: LordSno|move: Tailwind\n|-curestatus|p2a: Umbreon|slp|[msg]\n|move|p2a: Umbreon|Taunt|p1a: Jumpluff\n|-start|p1a: Jumpluff|move: Taunt\n|\n|-heal|p1b: Wo-Chien|71\/100|[from] item: Leftovers\n|-damage|p2b: Klefki|76\/100|[from] Leech Seed|[of] p1b: Wo-Chien\n|-heal|p1b: Wo-Chien|82\/100|[silent]\n|-damage|p2a: Umbreon|50\/100|[from] Leech Seed|[of] p1b: Wo-Chien\n|-heal|p1b: Wo-Chien|95\/100|[silent]\n|upkeep\n|turn|4\n|inactive|earwaxvgc has 30 seconds left.\n|\n|t:|1682100592\n|switch|p1a: Torkoal|Torkoal, L50, M|100\/100\n|-weather|SunnyDay|[from] ability: Drought|[of] p1a: Torkoal\n|switch|p2a: Ting-Lu|Ting-Lu, L50|100\/100\n|-ability|p2a: Ting-Lu|Vessel of Ruin\n|move|p1b: Wo-Chien|Ruination|p2b: Klefki\n|-damage|p2b: Klefki|38\/100\n|move|p2b: Klefki|Play Rough|p1a: Torkoal\n|-resisted|p1a: Torkoal\n|-damage|p1a: Torkoal|93\/100\n|\n|-weather|SunnyDay|[upkeep]\n|-heal|p1b: Wo-Chien|100\/100|[from] item: Leftovers\n|-damage|p2b: Klefki|26\/100|[from] Leech Seed|[of] p1b: Wo-Chien\n|upkeep\n|turn|5\n|inactive|earwaxvgc has 30 seconds left.\n|\n|t:|1682100623\n|switch|p1a: Jumpluff|Jumpluff, L50, F|100\/100 par\n|move|p2b: Klefki|Light Screen|p2b: Klefki\n|-sidestart|p2: earwaxvgc|move: Light Screen\n|move|p1b: Wo-Chien|Leech Seed|p2a: Ting-Lu\n|-start|p2a: Ting-Lu|move: Leech Seed\n|move|p2a: Ting-Lu|Stomping Tantrum|p1a: Jumpluff\n|-immune|p1a: Jumpluff\n|\n|-weather|SunnyDay|[upkeep]\n|-damage|p2b: Klefki|14\/100|[from] Leech Seed|[of] p1b: Wo-Chien\n|-damage|p2a: Ting-Lu|88\/100|[from] Leech Seed|[of] p1b: Wo-Chien\n|upkeep\n|turn|6\n|\n|t:|1682100644\n|switch|p2b: Umbreon|Umbreon, L50, F, shiny|50\/100\n|move|p1a: Jumpluff|Sleep Powder|p2a: Ting-Lu\n|-status|p2a: Ting-Lu|slp|[from] move: Sleep Powder\n|move|p1b: Wo-Chien|Ruination|p2a: Ting-Lu\n|-damage|p2a: Ting-Lu|44\/100 slp\n|cant|p2a: Ting-Lu|slp\n|\n|-weather|SunnyDay|[upkeep]\n|-damage|p2a: Ting-Lu|32\/100 slp|[from] Leech Seed|[of] p1b: Wo-Chien\n|-sideend|p1: LordSno|move: Tailwind\n|upkeep\n|turn|7\n|-message|earwaxvgc forfeited.\n|\n|win|LordSno\n|raw|LordSno's rating: 1181 → 1208<\/strong> (+27 for winning)\n|raw|earwaxvgc's rating: 1206 → 1179<\/strong> (-27 for losing)\n|l|\u2606earwaxvgc\n","uploadtime":1682100661,"views":17,"p1id":"lordsno","p2id":"earwaxvgc","formatid":"gen9vgc2023regulationc","rating":1179,"private":0,"password":""}