{"id":"gen9vgc2023regulationc-1849830396","p1":"Moonz_e","p2":"jsjsjshshshzhsh","format":"[Gen 9] VGC 2023 Regulation C","log":"|j|\u2606Moonz_e\n|j|\u2606jsjsjshshshzhsh\n|t:|1682257968\n|gametype|doubles\n|player|p1|Moonz_e|caitlin|1136\n|player|p2|jsjsjshshshzhsh|giovanni|1040\n|teamsize|p1|6\n|teamsize|p2|6\n|gen|9\n|tier|[Gen 9] VGC 2023 Regulation C\n|rated|\n|rule|Species Clause: Limit one of each Pok\u00e9mon\n|rule|Item Clause: Limit one of each item\n|clearpoke\n|poke|p1|Ting-Lu, L50|\n|poke|p1|Amoonguss, L50, M|\n|poke|p1|Meowscarada, L50, M|\n|poke|p1|Dragonite, L50, F|\n|poke|p1|Arcanine, L50, F|\n|poke|p1|Iron Bundle, L50|\n|poke|p2|Orthworm, L50, M|\n|poke|p2|Ting-Lu, L50|\n|poke|p2|Arcanine, L50, F|\n|poke|p2|Palafin, L50, M|\n|poke|p2|Amoonguss, L50, M|\n|poke|p2|Great Tusk, L50|\n|teampreview|4\n|c|\u2606Moonz_e|Glhf\n|\n|t:|1682258028\n|start\n|switch|p1a: Arcanine|Arcanine, L50, F|100\/100\n|switch|p1b: Ting-Lu|Ting-Lu, L50|100\/100\n|switch|p2a: Palafin|Palafin, L50, M|100\/100\n|switch|p2b: Great Tusk|Great Tusk, L50|100\/100\n|-ability|p1a: Arcanine|Intimidate|boost\n|-unboost|p2a: Palafin|atk|1\n|-unboost|p2b: Great Tusk|atk|1\n|-ability|p1b: Ting-Lu|Vessel of Ruin\n|turn|1\n|\n|t:|1682258080\n|detailschange|p2a: Palafin|Palafin-Hero, L50, M\n|switch|p2a: Arcanine|Arcanine, L50, F|100\/100\n|-ability|p2a: Arcanine|Intimidate|boost\n|-unboost|p1a: Arcanine|atk|1\n|-unboost|p1b: Ting-Lu|atk|1\n|-terastallize|p2b: Great Tusk|Ground\n|-terastallize|p1a: Arcanine|Grass\n|move|p1b: Ting-Lu|Protect|p1b: Ting-Lu\n|-singleturn|p1b: Ting-Lu|Protect\n|move|p2b: Great Tusk|Headlong Rush|p1a: Arcanine\n|-resisted|p1a: Arcanine\n|-damage|p1a: Arcanine|66\/100\n|-unboost|p2b: Great Tusk|def|1\n|-unboost|p2b: Great Tusk|spd|1\n|move|p1a: Arcanine|Will-O-Wisp|p2b: Great Tusk\n|-status|p2b: Great Tusk|brn\n|\n|-damage|p2b: Great Tusk|95\/100 brn|[from] brn\n|upkeep\n|turn|2\n|\n|t:|1682258128\n|-end|p2b: Great Tusk|Protosynthesis|[silent]\n|switch|p2b: Palafin|Palafin-Hero, L50, M|100\/100\n|-activate|p2b: Palafin|ability: Zero to Hero\n|move|p1a: Arcanine|Helping Hand|p1b: Ting-Lu\n|-singleturn|p1b: Ting-Lu|Helping Hand|[of] p1a: Arcanine\n|move|p2a: Arcanine|Flare Blitz|p1a: Arcanine\n|-supereffective|p1a: Arcanine\n|-damage|p1a: Arcanine|0 fnt\n|faint|p1a: Arcanine\n|-damage|p2a: Arcanine|80\/100|[from] Recoil\n|move|p1b: Ting-Lu|Earthquake|p2b: Palafin|[spread] p2a,p2b\n|-supereffective|p2a: Arcanine\n|-damage|p2a: Arcanine|23\/100\n|-damage|p2b: Palafin|75\/100\n|\n|upkeep\n|\n|t:|1682258156\n|switch|p1a: Dragonite|Dragonite, L50, F|100\/100\n|turn|3\n|\n|t:|1682258182\n|move|p2a: Arcanine|Protect|p2a: Arcanine\n|-singleturn|p2a: Arcanine|Protect\n|move|p1b: Ting-Lu|Protect|p1b: Ting-Lu\n|-singleturn|p1b: Ting-Lu|Protect\n|move|p1a: Dragonite|Dragon Claw|p2b: Palafin\n|-damage|p2b: Palafin|21\/100\n|move|p2b: Palafin|Wave Crash|p1b: Ting-Lu\n|-activate|p1b: Ting-Lu|move: Protect\n|\n|upkeep\n|turn|4\n|\n|t:|1682258199\n|move|p2b: Palafin|Jet Punch|p1b: Ting-Lu\n|-supereffective|p1b: Ting-Lu\n|-damage|p1b: Ting-Lu|50\/100\n|move|p2a: Arcanine|Will-O-Wisp|p1a: Dragonite\n|-status|p1a: Dragonite|brn\n|move|p1a: Dragonite|Dragon Claw|p2b: Palafin\n|-damage|p2b: Palafin|0 fnt\n|faint|p2b: Palafin\n|move|p1b: Ting-Lu|Earthquake|p2a: Arcanine|[spread] p2a\n|-immune|p1a: Dragonite\n|-supereffective|p2a: Arcanine\n|-damage|p2a: Arcanine|0 fnt\n|faint|p2a: Arcanine\n|\n|-heal|p1b: Ting-Lu|55\/100|[from] item: Leftovers\n|-damage|p1a: Dragonite|95\/100 brn|[from] brn\n|upkeep\n|\n|t:|1682258220\n|switch|p2a: Orthworm|Orthworm, L50, M, shiny|100\/100\n|switch|p2b: Great Tusk|Great Tusk, L50, tera:Ground|95\/100 brn\n|turn|5\n|\n|t:|1682258252\n|switch|p1a: Amoonguss|Amoonguss, L50, M|100\/100\n|move|p1b: Ting-Lu|Protect|p1b: Ting-Lu\n|-singleturn|p1b: Ting-Lu|Protect\n|move|p2b: Great Tusk|Ice Spinner|p1a: Amoonguss\n|-supereffective|p1a: Amoonguss\n|-damage|p1a: Amoonguss|71\/100\n|move|p2a: Orthworm|Iron Defense|p2a: Orthworm\n|-boost|p2a: Orthworm|def|2\n|\n|-heal|p1b: Ting-Lu|61\/100|[from] item: Leftovers\n|-damage|p2b: Great Tusk|89\/100 brn|[from] brn\n|upkeep\n|turn|6\n|inactive|Battle timer is ON: inactive players will automatically lose when time's up. (requested by Moonz_e)\n|inactive|jsjsjshshshzhsh has 60 seconds left.\n|inactive|jsjsjshshshzhsh has 30 seconds left.\n|inactive|jsjsjshshshzhsh has 20 seconds left.\n|inactive|jsjsjshshshzhsh has 15 seconds left.\n|inactive|jsjsjshshshzhsh has 10 seconds left.\n|inactive|jsjsjshshshzhsh has 5 seconds left.\n|\n|t:|1682258590\n|move|p1b: Ting-Lu|Protect||[still]\n|-fail|p1b: Ting-Lu\n|move|p2a: Orthworm|Protect|p2a: Orthworm\n|-singleturn|p2a: Orthworm|Protect\n|move|p2b: Great Tusk|Ice Spinner|p1b: Ting-Lu\n|-supereffective|p1b: Ting-Lu\n|-damage|p1b: Ting-Lu|45\/100\n|move|p1a: Amoonguss|Spore|p2a: Orthworm\n|-activate|p2a: Orthworm|move: Protect\n|\n|-heal|p1b: Ting-Lu|51\/100|[from] item: Leftovers\n|-damage|p2b: Great Tusk|83\/100 brn|[from] brn\n|upkeep\n|turn|7\n|inactive|jsjsjshshshzhsh has 30 seconds left.\n|inactive|jsjsjshshshzhsh has 20 seconds left.\n|inactive|jsjsjshshshzhsh has 15 seconds left.\n|inactive|jsjsjshshshzhsh has 10 seconds left.\n|inactive|jsjsjshshshzhsh has 5 seconds left.\n|\n|t:|1682258645\n|move|p2a: Orthworm|Protect|p2a: Orthworm\n|-singleturn|p2a: Orthworm|Protect\n|move|p2b: Great Tusk|Ice Spinner|p1b: Ting-Lu\n|-supereffective|p1b: Ting-Lu\n|-damage|p1b: Ting-Lu|32\/100\n|move|p1b: Ting-Lu|Body Press|p2a: Orthworm\n|-activate|p2a: Orthworm|move: Protect\n|move|p1a: Amoonguss|Pollen Puff|p1b: Ting-Lu\n|-heal|p1b: Ting-Lu|82\/100\n|\n|-heal|p1b: Ting-Lu|88\/100|[from] item: Leftovers\n|-damage|p2b: Great Tusk|77\/100 brn|[from] brn\n|upkeep\n|turn|8\n|inactive|jsjsjshshshzhsh has 30 seconds left.\n|inactive|jsjsjshshshzhsh has 20 seconds left.\n|inactive|jsjsjshshshzhsh has 15 seconds left.\n|inactive|jsjsjshshshzhsh has 10 seconds left.\n|inactive|jsjsjshshshzhsh has 5 seconds left.\n|\n|t:|1682258701\n|move|p2a: Orthworm|Protect|p2a: Orthworm\n|-singleturn|p2a: Orthworm|Protect\n|move|p2b: Great Tusk|Ice Spinner|p1b: Ting-Lu\n|-supereffective|p1b: Ting-Lu\n|-damage|p1b: Ting-Lu|71\/100\n|move|p1b: Ting-Lu|Body Press|p2a: Orthworm\n|-activate|p2a: Orthworm|move: Protect\n|move|p1a: Amoonguss|Spore|p2a: Orthworm\n|-activate|p2a: Orthworm|move: Protect\n|\n|-heal|p1b: Ting-Lu|77\/100|[from] item: Leftovers\n|-damage|p2b: Great Tusk|72\/100 brn|[from] brn\n|upkeep\n|turn|9\n|inactive|jsjsjshshshzhsh has 30 seconds left.\n|inactive|jsjsjshshshzhsh has 20 seconds left.\n|inactive|jsjsjshshshzhsh has 15 seconds left.\n|inactive|jsjsjshshshzhsh has 10 seconds left.\n|inactive|jsjsjshshshzhsh has 5 seconds left.\n|\n|t:|1682258756\n|move|p2a: Orthworm|Protect||[still]\n|-fail|p2a: Orthworm\n|move|p2b: Great Tusk|Ice Spinner|p1b: Ting-Lu\n|-supereffective|p1b: Ting-Lu\n|-damage|p1b: Ting-Lu|59\/100\n|move|p1b: Ting-Lu|Body Press|p2a: Orthworm\n|-supereffective|p2a: Orthworm\n|-damage|p2a: Orthworm|84\/100\n|move|p1a: Amoonguss|Spore|p2a: Orthworm\n|-status|p2a: Orthworm|slp|[from] move: Spore\n|\n|-heal|p1b: Ting-Lu|65\/100|[from] item: Leftovers\n|-heal|p2a: Orthworm|90\/100 slp|[from] item: Leftovers\n|-damage|p2b: Great Tusk|66\/100 brn|[from] brn\n|upkeep\n|turn|10\n|inactive|jsjsjshshshzhsh has 30 seconds left.\n|inactive|jsjsjshshshzhsh has 20 seconds left.\n|inactive|jsjsjshshshzhsh has 15 seconds left.\n|inactive|jsjsjshshshzhsh has 10 seconds left.\n|inactive|jsjsjshshshzhsh has 5 seconds left.\n|\n|t:|1682258811\n|cant|p2a: Orthworm|slp\n|move|p2b: Great Tusk|Ice Spinner|p1b: Ting-Lu\n|-supereffective|p1b: Ting-Lu\n|-damage|p1b: Ting-Lu|47\/100\n|move|p1b: Ting-Lu|Body Press|p2a: Orthworm\n|-supereffective|p2a: Orthworm\n|-damage|p2a: Orthworm|72\/100 slp\n|move|p1a: Amoonguss|Pollen Puff|p1b: Ting-Lu\n|-heal|p1b: Ting-Lu|97\/100\n|\n|-heal|p1b: Ting-Lu|100\/100|[from] item: Leftovers\n|-heal|p2a: Orthworm|78\/100 slp|[from] item: Leftovers\n|-damage|p2b: Great Tusk|60\/100 brn|[from] brn\n|upkeep\n|turn|11\n|inactive|jsjsjshshshzhsh has 30 seconds left.\n|inactive|jsjsjshshshzhsh has 20 seconds left.\n|inactive|jsjsjshshshzhsh has 15 seconds left.\n|inactive|jsjsjshshshzhsh has 10 seconds left.\n|inactive|jsjsjshshshzhsh has 5 seconds left.\n|\n|t:|1682258866\n|cant|p2a: Orthworm|slp\n|move|p1a: Amoonguss|Rage Powder|p1a: Amoonguss\n|-singleturn|p1a: Amoonguss|move: Rage Powder\n|move|p2b: Great Tusk|Ice Spinner|p1a: Amoonguss\n|-supereffective|p1a: Amoonguss\n|-damage|p1a: Amoonguss|45\/100\n|move|p1b: Ting-Lu|Body Press|p2a: Orthworm\n|-supereffective|p2a: Orthworm\n|-damage|p2a: Orthworm|60\/100 slp\n|\n|-heal|p2a: Orthworm|66\/100 slp|[from] item: Leftovers\n|-damage|p2b: Great Tusk|54\/100 brn|[from] brn\n|upkeep\n|turn|12\n|l|\u2606jsjsjshshshzhsh\n|inactive|jsjsjshshshzhsh disconnected and has a minute to reconnect!\n|player|p2|\n|inactive|Moonz_e has 30 seconds left.\n|inactive|jsjsjshshshzhsh has 30 seconds left.\n|inactive|Moonz_e has 20 seconds left.\n|inactive|jsjsjshshshzhsh has 20 seconds left.\n|inactive|Moonz_e has 15 seconds left.\n|inactive|jsjsjshshshzhsh has 15 seconds left.\n|inactive|jsjsjshshshzhsh has 10 seconds left.\n|inactive|jsjsjshshshzhsh has 5 seconds left.\n|-message|jsjsjshshshzhsh lost due to inactivity.\n|\n|win|Moonz_e\n|raw|Moonz_e's rating: 1136 → 1154<\/strong> (+18 for winning)\n|raw|jsjsjshshshzhsh's rating: 1040 → 1028<\/strong> (-12 for losing)\n","uploadtime":1682258940,"views":21,"p1id":"moonze","p2id":"jsjsjshshshzhsh","formatid":"gen9vgc2023regulationc","rating":1028,"private":0,"password":""}