{"id":"gen9vgc2023regulationc-1862652609","p1":"pupulovessixsheep","p2":"tumadre2023","format":"[Gen 9] VGC 2023 Regulation C","log":"|j|\u2606pupulovessixsheep\n|j|\u2606tumadre2023\n|t:|1683909126\n|gametype|doubles\n|player|p1|pupulovessixsheep|169|1182\n|player|p2|tumadre2023|hilbert|1075\n|teamsize|p1|6\n|teamsize|p2|6\n|gen|9\n|tier|[Gen 9] VGC 2023 Regulation C\n|rated|\n|rule|Species Clause: Limit one of each Pok\u00e9mon\n|rule|Item Clause: Limit one of each item\n|clearpoke\n|poke|p1|Talonflame, L50, M|\n|poke|p1|Chi-Yu, L50|\n|poke|p1|Flutter Mane, L50|\n|poke|p1|Amoonguss, L50, F|\n|poke|p1|Tyranitar, L50, F|\n|poke|p1|Houndstone, L50, M|\n|poke|p2|Palafin, L50, F|\n|poke|p2|Iron Hands, L50|\n|poke|p2|Amoonguss, L50, M|\n|poke|p2|Dragonite, L50, F|\n|poke|p2|Flutter Mane, L50|\n|poke|p2|Ceruledge, L50, M|\n|teampreview|4\n|inactive|Battle timer is ON: inactive players will automatically lose when time's up. (requested by pupulovessixsheep)\n|\n|t:|1683909143\n|start\n|switch|p1a: Tyranitar|Tyranitar, L50, F, shiny|100\/100\n|switch|p1b: Amoonguss|Amoonguss, L50, F|100\/100\n|switch|p2a: Palafin|Palafin, L50, F|100\/100\n|switch|p2b: Dragonite|Dragonite, L50, F|100\/100\n|-weather|Sandstorm|[from] ability: Sand Stream|[of] p1a: Tyranitar\n|turn|1\n|inactive|tumadre2023 has 30 seconds left.\n|inactive|tumadre2023 has 20 seconds left.\n|inactive|tumadre2023 has 15 seconds left.\n|inactive|tumadre2023 has 10 seconds left.\n|inactive|tumadre2023 has 5 seconds left.\n|\n|t:|1683909198\n|move|p2b: Dragonite|Extreme Speed|p1b: Amoonguss\n|-damage|p1b: Amoonguss|76\/100\n|move|p1b: Amoonguss|Rage Powder|p1b: Amoonguss\n|-singleturn|p1b: Amoonguss|move: Rage Powder\n|move|p2a: Palafin|Jet Punch|p1b: Amoonguss\n|-resisted|p1b: Amoonguss\n|-damage|p1b: Amoonguss|67\/100\n|move|p1a: Tyranitar|Dragon Dance|p1a: Tyranitar\n|-boost|p1a: Tyranitar|atk|1\n|-boost|p1a: Tyranitar|spe|1\n|\n|-weather|Sandstorm|[upkeep]\n|-damage|p2a: Palafin|95\/100|[from] Sandstorm\n|-damage|p2b: Dragonite|95\/100|[from] Sandstorm\n|-damage|p1b: Amoonguss|61\/100|[from] Sandstorm\n|-heal|p1b: Amoonguss|67\/100|[from] item: Leftovers\n|upkeep\n|turn|2\n|\n|t:|1683909216\n|switch|p2b: Flutter Mane|Flutter Mane, L50|100\/100\n|move|p1b: Amoonguss|Rage Powder|p1b: Amoonguss\n|-singleturn|p1b: Amoonguss|move: Rage Powder\n|move|p1a: Tyranitar|Dragon Dance|p1a: Tyranitar\n|-boost|p1a: Tyranitar|atk|1\n|-boost|p1a: Tyranitar|spe|1\n|move|p2a: Palafin|Haze|p2a: Palafin\n|-clearallboost\n|\n|-weather|Sandstorm|[upkeep]\n|-damage|p2b: Flutter Mane|94\/100|[from] Sandstorm\n|-damage|p2a: Palafin|89\/100|[from] Sandstorm\n|-damage|p1b: Amoonguss|61\/100|[from] Sandstorm\n|-heal|p1b: Amoonguss|67\/100|[from] item: Leftovers\n|upkeep\n|turn|3\n|inactive|tumadre2023 has 30 seconds left.\n|\n|t:|1683909251\n|detailschange|p2a: Palafin|Palafin-Hero, L50, F\n|switch|p2a: Ceruledge|Ceruledge, L50, M|100\/100\n|move|p1a: Tyranitar|Protect|p1a: Tyranitar\n|-singleturn|p1a: Tyranitar|Protect\n|move|p2b: Flutter Mane|Moonblast|p1a: Tyranitar\n|-activate|p1a: Tyranitar|move: Protect\n|move|p1b: Amoonguss|Spore|p2a: Ceruledge\n|-status|p2a: Ceruledge|slp|[from] move: Spore\n|\n|-weather|Sandstorm|[upkeep]\n|-damage|p2b: Flutter Mane|88\/100|[from] Sandstorm\n|-damage|p2a: Ceruledge|95\/100 slp|[from] Sandstorm\n|-damage|p1b: Amoonguss|61\/100|[from] Sandstorm\n|-heal|p1b: Amoonguss|67\/100|[from] item: Leftovers\n|upkeep\n|turn|4\n|\n|t:|1683909268\n|move|p2b: Flutter Mane|Dazzling Gleam|p1a: Tyranitar|[spread] p1a,p1b\n|-supereffective|p1a: Tyranitar\n|-resisted|p1b: Amoonguss\n|-damage|p1a: Tyranitar|56\/100\n|-damage|p1b: Amoonguss|50\/100\n|-enditem|p1a: Tyranitar|Weakness Policy\n|-boost|p1a: Tyranitar|atk|2|[from] item: Weakness Policy\n|-boost|p1a: Tyranitar|spa|2|[from] item: Weakness Policy\n|move|p1a: Tyranitar|Dragon Dance|p1a: Tyranitar\n|-boost|p1a: Tyranitar|atk|1\n|-boost|p1a: Tyranitar|spe|1\n|cant|p2a: Ceruledge|slp\n|move|p1b: Amoonguss|Pollen Puff|p1a: Tyranitar\n|-heal|p1a: Tyranitar|100\/100\n|\n|-weather|Sandstorm|[upkeep]\n|-damage|p2b: Flutter Mane|82\/100|[from] Sandstorm\n|-damage|p2a: Ceruledge|89\/100 slp|[from] Sandstorm\n|-damage|p1b: Amoonguss|44\/100|[from] Sandstorm\n|-heal|p1b: Amoonguss|50\/100|[from] item: Leftovers\n|upkeep\n|turn|5\n|\n|t:|1683909293\n|-end|p2b: Flutter Mane|Protosynthesis|[silent]\n|switch|p2b: Palafin|Palafin-Hero, L50, F|89\/100\n|-activate|p2b: Palafin|ability: Zero to Hero\n|move|p1a: Tyranitar|Dragon Dance|p1a: Tyranitar\n|-boost|p1a: Tyranitar|atk|1\n|-boost|p1a: Tyranitar|spe|1\n|-curestatus|p2a: Ceruledge|slp|[msg]\n|move|p2a: Ceruledge|Bitter Blade|p1b: Amoonguss\n|-supereffective|p1b: Amoonguss\n|-damage|p1b: Amoonguss|0 fnt\n|-heal|p2a: Ceruledge|100\/100|[from] drain|[of] p1b: Amoonguss\n|faint|p1b: Amoonguss\n|\n|-weather|none\n|upkeep\n|\n|t:|1683909311\n|switch|p1b: Flutter Mane|Flutter Mane, L50|100\/100\n|-enditem|p1b: Flutter Mane|Booster Energy\n|-activate|p1b: Flutter Mane|ability: Protosynthesis|[fromitem]\n|-start|p1b: Flutter Mane|protosynthesisspa\n|turn|6\n|\n|t:|1683909321\n|-terastallize|p1b: Flutter Mane|Fairy\n|move|p1a: Tyranitar|Protect|p1a: Tyranitar\n|-singleturn|p1a: Tyranitar|Protect\n|move|p2a: Ceruledge|Shadow Sneak|p1b: Flutter Mane\n|-damage|p1b: Flutter Mane|59\/100\n|move|p1b: Flutter Mane|Dazzling Gleam|p2b: Palafin|[spread] p2a,p2b\n|-resisted|p2a: Ceruledge\n|-damage|p2a: Ceruledge|75\/100\n|-damage|p2b: Palafin|29\/100\n|move|p2b: Palafin|Haze|p2b: Palafin\n|-clearallboost\n|\n|upkeep\n|turn|7\n|\n|t:|1683909341\n|move|p2b: Palafin|Jet Punch|p1a: Tyranitar\n|-supereffective|p1a: Tyranitar\n|-damage|p1a: Tyranitar|11\/100\n|move|p1b: Flutter Mane|Dazzling Gleam|p2b: Palafin|[spread] p2a,p2b\n|-resisted|p2a: Ceruledge\n|-damage|p2a: Ceruledge|50\/100\n|-damage|p2b: Palafin|0 fnt\n|faint|p2b: Palafin\n|move|p1a: Tyranitar|Dragon Dance|p1a: Tyranitar\n|-boost|p1a: Tyranitar|atk|1\n|-boost|p1a: Tyranitar|spe|1\n|move|p2a: Ceruledge|Bitter Blade|p1b: Flutter Mane\n|-damage|p1b: Flutter Mane|0 fnt\n|-heal|p2a: Ceruledge|72\/100|[from] drain|[of] p1b: Flutter Mane\n|faint|p1b: Flutter Mane\n|-end|p1b: Flutter Mane|Protosynthesis|[silent]\n|\n|upkeep\n|\n|t:|1683909357\n|switch|p1b: Chi-Yu|Chi-Yu, L50|100\/100\n|switch|p2b: Flutter Mane|Flutter Mane, L50|82\/100\n|-ability|p1b: Chi-Yu|Beads of Ruin\n|turn|8\n|\n|t:|1683909372\n|move|p2a: Ceruledge|Shadow Sneak|p1a: Tyranitar\n|-resisted|p1a: Tyranitar\n|-damage|p1a: Tyranitar|3\/100\n|move|p1b: Chi-Yu|Heat Wave|p2b: Flutter Mane|[spread] p2b\n|-start|p2a: Ceruledge|ability: Flash Fire\n|-damage|p2b: Flutter Mane|25\/100\n|move|p2b: Flutter Mane|Moonblast|p1b: Chi-Yu\n|-damage|p1b: Chi-Yu|39\/100\n|-unboost|p1b: Chi-Yu|spa|1\n|move|p1a: Tyranitar|Rock Slide|p2a: Ceruledge|[spread] p2a,p2b\n|-supereffective|p2a: Ceruledge\n|-damage|p2a: Ceruledge|0 fnt\n|-damage|p2b: Flutter Mane|0 fnt\n|faint|p2a: Ceruledge\n|faint|p2b: Flutter Mane\n|-end|p2b: Flutter Mane|Protosynthesis|[silent]\n|\n|upkeep\n|\n|t:|1683909388\n|switch|p2b: Dragonite|Dragonite, L50, F|95\/100\n|turn|9\n|\n|t:|1683909394\n|move|p1a: Tyranitar|Protect|p1a: Tyranitar\n|-singleturn|p1a: Tyranitar|Protect\n|move|p2b: Dragonite|Extreme Speed|p1a: Tyranitar\n|-activate|p1a: Tyranitar|move: Protect\n|move|p1b: Chi-Yu|Heat Wave|p2b: Dragonite\n|-resisted|p2b: Dragonite\n|-damage|p2b: Dragonite|70\/100\n|\n|upkeep\n|turn|10\n|\n|t:|1683909413\n|move|p2b: Dragonite|Extreme Speed|p1a: Tyranitar\n|-resisted|p1a: Tyranitar\n|-damage|p1a: Tyranitar|0 fnt\n|faint|p1a: Tyranitar\n|move|p1b: Chi-Yu|Heat Wave|p2b: Dragonite\n|-resisted|p2b: Dragonite\n|-damage|p2b: Dragonite|46\/100\n|\n|upkeep\n|turn|11\n|\n|t:|1683909427\n|-terastallize|p2b: Dragonite|Flying\n|move|p1b: Chi-Yu|Heat Wave|p2b: Dragonite\n|-damage|p2b: Dragonite|0 fnt\n|faint|p2b: Dragonite\n|\n|win|pupulovessixsheep\n|raw|pupulovessixsheep's rating: 1182 → 1200<\/strong> (+18 for winning)\n|raw|tumadre2023's rating: 1075 → 1060<\/strong> (-15 for losing)\n|l|\u2606tumadre2023\n","uploadtime":1683909442,"views":6,"p1id":"pupulovessixsheep","p2id":"tumadre2023","formatid":"gen9vgc2023regulationc","rating":1060,"private":0,"password":""}