{"id":"gen9vgc2023regulationc-1864260525","p1":"trashy pup","p2":"sssnakysnake","format":"[Gen 9] VGC 2023 Regulation C","log":"|j|\u2606trashy pup\n|j|\u2606sssnakysnake\n|t:|1684146354\n|gametype|doubles\n|player|p1|trashy pup|fisherman-gen4|1216\n|player|p2|sssnakysnake|102|1148\n|teamsize|p1|6\n|teamsize|p2|6\n|gen|9\n|tier|[Gen 9] VGC 2023 Regulation C\n|rated|\n|rule|Species Clause: Limit one of each Pok\u00e9mon\n|rule|Item Clause: Limit one of each item\n|clearpoke\n|poke|p1|Iron Hands, L50|\n|poke|p1|Baxcalibur, L50, F|\n|poke|p1|Gyarados, L50, F|\n|poke|p1|Amoonguss, L50, M|\n|poke|p1|Chi-Yu, L50|\n|poke|p1|Flutter Mane, L50|\n|poke|p2|Armarouge, L50, F|\n|poke|p2|Ting-Lu, L50|\n|poke|p2|Flutter Mane, L50|\n|poke|p2|Iron Bundle, L50|\n|poke|p2|Kingambit, L50, M|\n|poke|p2|Copperajah, L50, M|\n|teampreview|4\n|inactive|Battle timer is ON: inactive players will automatically lose when time's up. (requested by trashy pup)\n|inactive|trashy pup has 60 seconds left.\n|\n|t:|1684146405\n|start\n|switch|p1a: Iron Hands|Iron Hands, L50|100\/100\n|switch|p1b: Baxcalibur|Baxcalibur, L50, F|100\/100\n|switch|p2a: Armarouge|Armarouge, L50, F|100\/100\n|switch|p2b: Ting-Lu|Ting-Lu, L50|100\/100\n|-ability|p2b: Ting-Lu|Vessel of Ruin\n|turn|1\n|c|\u2606sssnakysnake|I'm going to trick room. I want to see how the team fares if you try and counter that.\n|c|\u2606trashy pup|oohhh\n|inactive|trashy pup has 30 seconds left.\n|inactive|sssnakysnake has 30 seconds left.\n|c|\u2606trashy pup|I am bad at fighting trick room though but I will try\n|inactive|trashy pup has 20 seconds left.\n|inactive|sssnakysnake has 20 seconds left.\n|inactive|trashy pup has 15 seconds left.\n|inactive|sssnakysnake has 15 seconds left.\n|inactive|sssnakysnake has 10 seconds left.\n|\n|t:|1684146450\n|switch|p2a: Kingambit|Kingambit, L50, M|100\/100\n|move|p1a: Iron Hands|Fake Out|p2a: Kingambit\n|-resisted|p2a: Kingambit\n|-damage|p2a: Kingambit|95\/100\n|move|p1b: Baxcalibur|Dragon Dance|p1b: Baxcalibur\n|-boost|p1b: Baxcalibur|atk|1\n|-boost|p1b: Baxcalibur|spe|1\n|move|p2b: Ting-Lu|Fissure|p1b: Baxcalibur|[miss]\n|-miss|p2b: Ting-Lu|p1b: Baxcalibur\n|\n|upkeep\n|turn|2\n|\n|t:|1684146469\n|switch|p2a: Armarouge|Armarouge, L50, F|100\/100\n|-terastallize|p1b: Baxcalibur|Poison\n|move|p1b: Baxcalibur|Icicle Spear|p2b: Ting-Lu\n|-supereffective|p2b: Ting-Lu\n|-crit|p2b: Ting-Lu\n|-damage|p2b: Ting-Lu|65\/100\n|-supereffective|p2b: Ting-Lu\n|-damage|p2b: Ting-Lu|43\/100\n|-hitcount|p2b: Ting-Lu|2\n|-damage|p1b: Baxcalibur|91\/100|[from] item: Life Orb\n|move|p1a: Iron Hands|Drain Punch|p2a: Armarouge\n|-resisted|p2a: Armarouge\n|-damage|p2a: Armarouge|85\/100\n|move|p2b: Ting-Lu|Stomping Tantrum|p1a: Iron Hands\n|-supereffective|p1a: Iron Hands\n|-damage|p1a: Iron Hands|17\/100\n|\n|-heal|p2a: Armarouge|91\/100|[from] item: Leftovers\n|upkeep\n|turn|3\n|\n|t:|1684146487\n|move|p1b: Baxcalibur|Glaive Rush|p2a: Armarouge\n|-damage|p2a: Armarouge|5\/100\n|-singlemove|p1b: Baxcalibur|Glaive Rush|[silent]\n|-damage|p1b: Baxcalibur|81\/100|[from] item: Life Orb\n|move|p1a: Iron Hands|Drain Punch|p2b: Ting-Lu\n|-supereffective|p2b: Ting-Lu\n|-damage|p2b: Ting-Lu|8\/100\n|-heal|p1a: Iron Hands|37\/100|[from] drain|[of] p2b: Ting-Lu\n|move|p2b: Ting-Lu|Stomping Tantrum|p1a: Iron Hands\n|-supereffective|p1a: Iron Hands\n|-damage|p1a: Iron Hands|0 fnt\n|faint|p1a: Iron Hands\n|-end|p1a: Iron Hands|Quark Drive|[silent]\n|move|p2a: Armarouge|Trick Room|p2a: Armarouge\n|-fieldstart|move: Trick Room|[of] p2a: Armarouge\n|\n|-heal|p2a: Armarouge|10\/100|[from] item: Leftovers\n|upkeep\n|\n|t:|1684146499\n|switch|p1a: Amoonguss|Amoonguss, L50, M|100\/100\n|turn|4\n|\n|t:|1684146520\n|switch|p2a: Copperajah|Copperajah, L50, M|100\/100\n|move|p2b: Ting-Lu|Heavy Slam|p1b: Baxcalibur\n|-damage|p1b: Baxcalibur|45\/100\n|move|p1a: Amoonguss|Pollen Puff|p2b: Ting-Lu\n|-supereffective|p2b: Ting-Lu\n|-damage|p2b: Ting-Lu|0 fnt\n|faint|p2b: Ting-Lu\n|move|p1b: Baxcalibur|Icicle Spear|p2a: Copperajah\n|-resisted|p2a: Copperajah\n|-damage|p2a: Copperajah|88\/100\n|-resisted|p2a: Copperajah\n|-damage|p2a: Copperajah|74\/100\n|-resisted|p2a: Copperajah\n|-damage|p2a: Copperajah|61\/100\n|-resisted|p2a: Copperajah\n|-damage|p2a: Copperajah|47\/100\n|-hitcount|p2a: Copperajah|4\n|-damage|p1b: Baxcalibur|36\/100|[from] item: Life Orb\n|\n|upkeep\n|\n|t:|1684146531\n|switch|p2b: Kingambit|Kingambit, L50, M|95\/100\n|turn|5\n|inactive|sssnakysnake has 30 seconds left.\n|\n|t:|1684146562\n|move|p1b: Baxcalibur|Protect|p1b: Baxcalibur\n|-singleturn|p1b: Baxcalibur|Protect\n|move|p2a: Copperajah|Iron Head|p1b: Baxcalibur\n|-activate|p1b: Baxcalibur|move: Protect\n|move|p1a: Amoonguss|Spore|p2a: Copperajah\n|-status|p2a: Copperajah|slp|[from] move: Spore\n|move|p2b: Kingambit|X-Scissor|p1a: Amoonguss\n|-damage|p1a: Amoonguss|58\/100\n|\n|upkeep\n|turn|6\n|\n|t:|1684146585\n|cant|p2a: Copperajah|slp\n|move|p1a: Amoonguss|Pollen Puff|p1b: Baxcalibur\n|-heal|p1b: Baxcalibur|85\/100\n|move|p2b: Kingambit|X-Scissor|p1a: Amoonguss\n|-damage|p1a: Amoonguss|22\/100\n|move|p1b: Baxcalibur|Glaive Rush|p2a: Copperajah\n|-resisted|p2a: Copperajah\n|-damage|p2a: Copperajah|0 fnt\n|-singlemove|p1b: Baxcalibur|Glaive Rush|[silent]\n|faint|p2a: Copperajah\n|-damage|p1b: Baxcalibur|76\/100|[from] item: Life Orb\n|\n|upkeep\n|\n|t:|1684146589\n|switch|p2a: Armarouge|Armarouge, L50, F|10\/100\n|turn|7\n|\n|t:|1684146599\n|move|p1a: Amoonguss|Protect|p1a: Amoonguss\n|-singleturn|p1a: Amoonguss|Protect\n|move|p1b: Baxcalibur|Protect|p1b: Baxcalibur\n|-singleturn|p1b: Baxcalibur|Protect\n|move|p2b: Kingambit|X-Scissor|p1a: Amoonguss\n|-activate|p1a: Amoonguss|move: Protect\n|move|p2a: Armarouge|Heat Wave|p1a: Amoonguss|[spread] \n|-activate|p1a: Amoonguss|move: Protect\n|-activate|p1b: Baxcalibur|move: Protect\n|\n|-heal|p2a: Armarouge|16\/100|[from] item: Leftovers\n|-fieldend|move: Trick Room\n|upkeep\n|turn|8\n|\n|t:|1684146612\n|switch|p1a: Gyarados|Gyarados, L50, F|100\/100\n|-ability|p1a: Gyarados|Intimidate|boost\n|-unboost|p2a: Armarouge|atk|1\n|-unboost|p2b: Kingambit|atk|1\n|-ability|p2b: Kingambit|Defiant|boost\n|-boost|p2b: Kingambit|atk|2\n|move|p1b: Baxcalibur|Glaive Rush|p2a: Armarouge\n|-damage|p2a: Armarouge|0 fnt\n|-singlemove|p1b: Baxcalibur|Glaive Rush|[silent]\n|faint|p2a: Armarouge\n|-damage|p1b: Baxcalibur|66\/100|[from] item: Life Orb\n|move|p2b: Kingambit|X-Scissor|p1a: Gyarados\n|-resisted|p1a: Gyarados\n|-damage|p1a: Gyarados|62\/100\n|\n|upkeep\n|turn|9\n|c|\u2606sssnakysnake|You win. HEat wave is my only damaging move\n|c|\u2606sssnakysnake|back to the drawing board\n|inactive|sssnakysnake has 30 seconds left.\n|\n|t:|1684146637\n|move|p1b: Baxcalibur|Glaive Rush|p2b: Kingambit\n|-resisted|p2b: Kingambit\n|-damage|p2b: Kingambit|52\/100\n|-singlemove|p1b: Baxcalibur|Glaive Rush|[silent]\n|-damage|p1b: Baxcalibur|56\/100|[from] item: Life Orb\n|move|p1a: Gyarados|Thunder Wave|p2b: Kingambit\n|-status|p2b: Kingambit|par\n|cant|p2b: Kingambit|par\n|\n|upkeep\n|turn|10\n|-message|sssnakysnake forfeited.\n|\n|win|trashy pup\n|raw|trashy pup's rating: 1216 → 1236<\/strong> (+20 for winning)\n|raw|sssnakysnake's rating: 1148 → 1128<\/strong> (-20 for losing)\n|l|\u2606sssnakysnake\n|c|\u2606trashy pup|GG\n|c|\u2606trashy pup|: (\n","uploadtime":1684146814,"views":16,"p1id":"trashypup","p2id":"sssnakysnake","formatid":"gen9vgc2023regulationc","rating":1128,"private":0,"password":""}