{"id":"gen9vgc2023regulationc-1845230268","p1":"HeffNastyy","p2":"buggahz349","format":"[Gen 9] VGC 2023 Regulation C","log":"|j|\u2606HeffNastyy\n|j|\u2606buggahz349\n|t:|1681699351\n|gametype|doubles\n|player|p1|HeffNastyy|lance|\n|player|p2|buggahz349|n|\n|teamsize|p1|6\n|teamsize|p2|6\n|gen|9\n|tier|[Gen 9] VGC 2023 Regulation C\n|rated|Tournament battle\n|rule|Species Clause: Limit one of each Pok\u00e9mon\n|rule|Item Clause: Limit one of each item\n|clearpoke\n|poke|p1|Garchomp, L50, F|\n|poke|p1|Chien-Pao, L50|\n|poke|p1|Talonflame, L50, M|\n|poke|p1|Gyarados, L50, F|\n|poke|p1|Flutter Mane, L50|\n|poke|p1|Iron Hands, L50|\n|poke|p2|Sylveon, L50, M|\n|poke|p2|Gothitelle, L50, F|\n|poke|p2|Garganacl, L50, F|\n|poke|p2|Glimmora, L50, F|\n|poke|p2|Iron Hands, L50|\n|poke|p2|Mimikyu, L50, F|\n|teampreview|4\n|raw| Open Team Sheet for HeffNastyy<\/summary>Chompa (Garchomp) (F) @ Life Orb Ability: Rough Skin Level: 50 Shiny: Yes Tera Type: Fire - Earthquake - Dragon Claw - Rock Slide - Protect Chien-Pao @ Focus Sash Ability: Sword of Ruin Level: 50 Tera Type: Flying - Ice Spinner - Throat Chop - Haze - Protect Fawkes (Talonflame) @ Safety Goggles Ability: Gale Wings Level: 50 Shiny: Yes Tera Type: Ghost - Brave Bird - Will-O-Wisp - Tailwind - Quick Guard Jaws (Gyarados) @ Sitrus Berry Ability: Intimidate Level: 50 Shiny: Yes Tera Type: Steel - Waterfall - Taunt - Thunder Wave - Helping Hand Flutter Mane @ Booster Energy Ability: Protosynthesis Level: 50 Tera Type: Fairy - Moonblast - Shadow Ball - Dazzling Gleam - Protect Riley (Iron Hands) @ Assault Vest Ability: Quark Drive Level: 50 Tera Type: Grass - Volt Switch - Drain Punch - Wild Charge - Fake Out <\/details><\/div> Open Team Sheet for buggahz349<\/summary>Sylveon @ Choice Specs Ability: Pixilate Level: 50 Shiny: Yes Tera Type: Fairy - Hyper Voice - Hyper Beam - Psyshock - Quick Attack Gothitelle @ Safety Goggles Ability: Shadow Tag Level: 50 Shiny: Yes Tera Type: Fairy - Fake Out - Trick Room - Psyshock - Protect Garganacl @ Leftovers Ability: Purifying Salt Level: 50 Shiny: Yes Tera Type: Flying - Salt Cure - Protect - Recover - Wide Guard Glimmora @ Expert Belt Ability: Toxic Debris Level: 50 Shiny: Yes Tera Type: Grass - Energy Ball - Power Gem - Sludge Bomb - Spiky Shield Iron Hands @ Assault Vest Ability: Quark Drive Level: 50 Shiny: Yes Tera Type: Fire - Fake Out - Wild Charge - Drain Punch - Volt Switch Mimikyu @ Life Orb Ability: Disguise Level: 50 Shiny: Yes Tera Type: Fairy - Trick Room - Taunt - Play Rough - Shadow Claw <\/details><\/div>\n|inactive|Battle timer is ON: inactive players will automatically lose when time's up. (requested by buggahz349)\n|c|\u2606HeffNastyy|gl hf\n|c|\u2606buggahz349|glhf\n|inactive|HeffNastyy has 60 seconds left.\n|inactive|buggahz349 has 60 seconds left.\n|inactive|HeffNastyy has 30 seconds left.\n|inactive|HeffNastyy has 20 seconds left.\n|inactive|HeffNastyy has 15 seconds left.\n|\n|t:|1681699439\n|start\n|switch|p1a: Chien-Pao|Chien-Pao, L50|100\/100\n|switch|p1b: Chompa|Garchomp, L50, F, shiny|100\/100\n|switch|p2a: Gothitelle|Gothitelle, L50, F, shiny|100\/100\n|switch|p2b: Sylveon|Sylveon, L50, M, shiny|100\/100\n|-ability|p1a: Chien-Pao|Sword of Ruin\n|turn|1\n|inactive|HeffNastyy has 30 seconds left.\n|inactive|buggahz349 has 30 seconds left.\n|inactive|HeffNastyy has 20 seconds left.\n|inactive|buggahz349 has 20 seconds left.\n|inactive|HeffNastyy has 15 seconds left.\n|inactive|buggahz349 has 15 seconds left.\n|\n|t:|1681699483\n|-terastallize|p1b: Chompa|Fire\n|move|p1a: Chien-Pao|Ice Spinner|p2b: Sylveon\n|-damage|p2b: Sylveon|32\/100\n|move|p1b: Chompa|Earthquake|p2a: Gothitelle|[spread] p1a,p2a,p2b\n|-damage|p1a: Chien-Pao|31\/100\n|-damage|p2a: Gothitelle|39\/100\n|-damage|p2b: Sylveon|0 fnt\n|faint|p2b: Sylveon\n|-damage|p1b: Chompa|91\/100|[from] item: Life Orb\n|move|p2a: Gothitelle|Trick Room|p2a: Gothitelle\n|-fieldstart|move: Trick Room|[of] p2a: Gothitelle\n|\n|upkeep\n|\n|t:|1681699490\n|switch|p2b: Iron Hands|Iron Hands, L50, shiny|100\/100\n|turn|2\n|inactive|buggahz349 has 30 seconds left.\n|\n|t:|1681699517\n|move|p2a: Gothitelle|Protect|p2a: Gothitelle\n|-singleturn|p2a: Gothitelle|Protect\n|move|p1b: Chompa|Protect|p1b: Chompa\n|-singleturn|p1b: Chompa|Protect\n|move|p1a: Chien-Pao|Protect|p1a: Chien-Pao\n|-singleturn|p1a: Chien-Pao|Protect\n|move|p2b: Iron Hands|Fake Out|p1b: Chompa\n|-activate|p1b: Chompa|move: Protect\n|\n|upkeep\n|turn|3\n|\n|t:|1681699535\n|move|p2b: Iron Hands|Drain Punch|p1a: Chien-Pao\n|-supereffective|p1a: Chien-Pao\n|-damage|p1a: Chien-Pao|0 fnt\n|faint|p1a: Chien-Pao\n|move|p2a: Gothitelle|Psyshock|p1b: Chompa\n|-damage|p1b: Chompa|66\/100\n|move|p1b: Chompa|Earthquake|p2b: Iron Hands|[spread] p2a,p2b\n|-supereffective|p2b: Iron Hands\n|-damage|p2a: Gothitelle|0 fnt\n|-damage|p2b: Iron Hands|32\/100\n|faint|p2a: Gothitelle\n|-damage|p1b: Chompa|56\/100|[from] item: Life Orb\n|\n|upkeep\n|\n|t:|1681699547\n|switch|p2a: Garganacl|Garganacl, L50, F, shiny|100\/100\n|switch|p1a: Riley|Iron Hands, L50|100\/100\n|turn|4\n|inactive|buggahz349 has 30 seconds left.\n|\n|t:|1681699579\n|move|p2a: Garganacl|Wide Guard|p2a: Garganacl\n|-singleturn|p2a: Garganacl|Wide Guard\n|move|p1a: Riley|Fake Out|p2a: Garganacl\n|-resisted|p2a: Garganacl\n|-damage|p2a: Garganacl|97\/100\n|move|p2b: Iron Hands|Drain Punch|p1a: Riley\n|-damage|p1a: Riley|69\/100\n|-heal|p2b: Iron Hands|48\/100|[from] drain|[of] p1a: Riley\n|move|p1b: Chompa|Dragon Claw|p2b: Iron Hands\n|-damage|p2b: Iron Hands|13\/100\n|-damage|p1b: Chompa|47\/100|[from] item: Life Orb\n|\n|-heal|p2a: Garganacl|100\/100|[from] item: Leftovers\n|upkeep\n|turn|5\n|inactive|buggahz349 has 30 seconds left.\n|\n|t:|1681699609\n|-terastallize|p2a: Garganacl|Flying\n|move|p1b: Chompa|Protect|p1b: Chompa\n|-singleturn|p1b: Chompa|Protect\n|move|p2a: Garganacl|Salt Cure|p1a: Riley\n|-resisted|p1a: Riley\n|-damage|p1a: Riley|63\/100\n|-start|p1a: Riley|Salt Cure\n|move|p2b: Iron Hands|Drain Punch|p1a: Riley\n|-damage|p1a: Riley|35\/100\n|-heal|p2b: Iron Hands|27\/100|[from] drain|[of] p1a: Riley\n|move|p1a: Riley|Drain Punch|p2a: Garganacl\n|-resisted|p2a: Garganacl\n|-damage|p2a: Garganacl|89\/100\n|-heal|p1a: Riley|40\/100|[from] drain|[of] p2a: Garganacl\n|\n|-heal|p2a: Garganacl|95\/100|[from] item: Leftovers\n|-damage|p1a: Riley|28\/100|[from] Salt Cure\n|-fieldend|move: Trick Room\n|upkeep\n|turn|6\n|inactive|buggahz349 has 30 seconds left.\n|\n|t:|1681699635\n|move|p2a: Garganacl|Protect|p2a: Garganacl\n|-singleturn|p2a: Garganacl|Protect\n|move|p1b: Chompa|Dragon Claw|p2b: Iron Hands\n|-damage|p2b: Iron Hands|0 fnt\n|faint|p2b: Iron Hands\n|-end|p2b: Iron Hands|Quark Drive|[silent]\n|-damage|p1b: Chompa|37\/100|[from] item: Life Orb\n|move|p1a: Riley|Volt Switch|p2a: Garganacl\n|-activate|p2a: Garganacl|move: Protect\n|\n|-heal|p2a: Garganacl|100\/100|[from] item: Leftovers\n|-damage|p1a: Riley|15\/100|[from] Salt Cure\n|upkeep\n|turn|7\n|\n|t:|1681699657\n|move|p1b: Chompa|Rock Slide|p2a: Garganacl\n|-supereffective|p2a: Garganacl\n|-damage|p2a: Garganacl|61\/100\n|-damage|p1b: Chompa|27\/100|[from] item: Life Orb\n|move|p1a: Riley|Volt Switch|p2a: Garganacl\n|-supereffective|p2a: Garganacl\n|-damage|p2a: Garganacl|38\/100\n|\n|t:|1681699664\n|-end|p1a: Riley|Quark Drive|[silent]\n|switch|p1a: Flutter Mane|Flutter Mane, L50|100\/100|[from] Volt Switch\n|-enditem|p1a: Flutter Mane|Booster Energy\n|-activate|p1a: Flutter Mane|ability: Protosynthesis|[fromitem]\n|-start|p1a: Flutter Mane|protosynthesisspa\n|cant|p2a: Garganacl|flinch\n|\n|-heal|p2a: Garganacl|44\/100|[from] item: Leftovers\n|upkeep\n|turn|8\n|\n|t:|1681699676\n|move|p2a: Garganacl|Protect|p2a: Garganacl\n|-singleturn|p2a: Garganacl|Protect\n|move|p1a: Flutter Mane|Moonblast|p2a: Garganacl\n|-activate|p2a: Garganacl|move: Protect\n|move|p1b: Chompa|Dragon Claw|p2a: Garganacl\n|-activate|p2a: Garganacl|move: Protect\n|\n|-heal|p2a: Garganacl|50\/100|[from] item: Leftovers\n|upkeep\n|turn|9\n|\n|t:|1681699687\n|move|p1a: Flutter Mane|Moonblast|p2a: Garganacl\n|-damage|p2a: Garganacl|0 fnt\n|faint|p2a: Garganacl\n|\n|win|HeffNastyy\n|n|\u2606HeffNastyy|heffnastyy\n|n|\u2606buggahz349|buggahz349\n|c|\u2606HeffNastyy|gg\n|l|\u2606buggahz349\n","uploadtime":1681700129,"views":10,"p1id":"heffnastyy","p2id":"buggahz349","formatid":"gen9vgc2023regulationc","rating":0,"private":0,"password":""}