{"id":"gen9vgc2023regulationc-1848730988","p1":"Shit tier pro","p2":"kdlakjdlad","format":"[Gen 9] VGC 2023 Regulation C","log":"|j|\u2606Shit tier pro\n|j|\u2606kdlakjdlad\n|t:|1682104805\n|gametype|doubles\n|player|p1|Shit tier pro|266|1084\n|player|p2|kdlakjdlad|101|1009\n|teamsize|p1|6\n|teamsize|p2|6\n|gen|9\n|tier|[Gen 9] VGC 2023 Regulation C\n|rated|\n|rule|Species Clause: Limit one of each Pok\u00e9mon\n|rule|Item Clause: Limit one of each item\n|clearpoke\n|poke|p1|Palafin, L50, F|\n|poke|p1|Arboliva, L50, F|\n|poke|p1|Tauros-Paldea-Blaze, L50, M|\n|poke|p1|Salamence, L50, F|\n|poke|p1|Grimmsnarl, L50, M|\n|poke|p1|Hatterene, L50, F|\n|poke|p2|Skeledirge, L50, M|\n|poke|p2|Gastrodon, L50, M|\n|poke|p2|Garganacl, L50, M|\n|poke|p2|Stantler, L50, F|\n|poke|p2|Amoonguss, L50, M|\n|poke|p2|Grimmsnarl, L50, M|\n|teampreview|4\nShit tier pro has agreed to open team sheets.\n|inactive|Battle timer is ON: inactive players will automatically lose when time's up. (requested by Shit tier pro)\n|\n|t:|1682104827\n|start\n|switch|p1a: Salamence|Salamence, L50, F|100\/100\n|switch|p1b: Grimmsnarl|Grimmsnarl, L50, M, shiny|100\/100\n|switch|p2a: Skeledirge|Skeledirge, L50, M, shiny|100\/100\n|switch|p2b: Grimmsnarl|Grimmsnarl, L50, M|100\/100\n|-ability|p1a: Salamence|Intimidate|boost\n|-unboost|p2a: Skeledirge|atk|1\n|-unboost|p2b: Grimmsnarl|atk|1\n|turn|1\n|inactive|Shit tier pro has 30 seconds left.\n|inactive|kdlakjdlad has 30 seconds left.\n|inactive|kdlakjdlad has 20 seconds left.\n|inactive|Shit tier pro has 20 seconds left.\n|\n|t:|1682104869\n|move|p2b: Grimmsnarl|Fake Out|p1a: Salamence\n|-damage|p1a: Salamence|91\/100\n|move|p1b: Grimmsnarl|Taunt|p2a: Skeledirge\n|-start|p2a: Skeledirge|move: Taunt\n|cant|p1a: Salamence|flinch\n|move|p2a: Skeledirge|Fire Spin|p1a: Salamence\n|-resisted|p1a: Salamence\n|-damage|p1a: Salamence|83\/100\n|-activate|p1a: Salamence|move: Fire Spin|[of] p2a: Skeledirge\n|\n|-damage|p1a: Salamence|66\/100|[from] move: Fire Spin|[partiallytrapped]\n|upkeep\n|turn|2\n|inactive|kdlakjdlad has 30 seconds left.\n|inactive|kdlakjdlad has 20 seconds left.\n|inactive|Shit tier pro has 30 seconds left.\n|inactive|kdlakjdlad has 15 seconds left.\n|\n|t:|1682104913\n|move|p2b: Grimmsnarl|Reflect|p2b: Grimmsnarl\n|-sidestart|p2: kdlakjdlad|Reflect\n|move|p1a: Salamence|Iron Head|p2b: Grimmsnarl\n|-supereffective|p2b: Grimmsnarl\n|-damage|p2b: Grimmsnarl|67\/100\n|move|p2a: Skeledirge|Fire Spin|p1b: Grimmsnarl\n|-damage|p1b: Grimmsnarl|88\/100\n|-activate|p1b: Grimmsnarl|move: Fire Spin|[of] p2a: Skeledirge\n|move|p1b: Grimmsnarl|Spirit Break|p2a: Skeledirge\n|-resisted|p2a: Skeledirge\n|-damage|p2a: Skeledirge|94\/100\n|-unboost|p2a: Skeledirge|spa|1\n|\n|-damage|p1a: Salamence|50\/100|[from] move: Fire Spin|[partiallytrapped]\n|-damage|p1b: Grimmsnarl|72\/100|[from] move: Fire Spin|[partiallytrapped]\n|upkeep\n|turn|3\n|\n|t:|1682104935\n|move|p2b: Grimmsnarl|Light Screen|p2b: Grimmsnarl\n|-sidestart|p2: kdlakjdlad|move: Light Screen\n|move|p1b: Grimmsnarl|Parting Shot|p2a: Skeledirge\n|-unboost|p2a: Skeledirge|atk|1\n|-unboost|p2a: Skeledirge|spa|1\n|\n|t:|1682104941\n|switch|p1b: Palafin|Palafin, L50, F|100\/100|[from] Parting Shot\n|move|p1a: Salamence|Dragon Dance|p1a: Salamence\n|-boost|p1a: Salamence|atk|1\n|-boost|p1a: Salamence|spe|1\n|move|p2a: Skeledirge|Fire Spin|p1b: Palafin\n|-resisted|p1b: Palafin\n|-damage|p1b: Palafin|96\/100\n|-activate|p1b: Palafin|move: Fire Spin|[of] p2a: Skeledirge\n|\n|-heal|p1b: Palafin|100\/100|[from] item: Leftovers\n|-damage|p1a: Salamence|33\/100|[from] move: Fire Spin|[partiallytrapped]\n|-damage|p1b: Palafin|84\/100|[from] move: Fire Spin|[partiallytrapped]\n|-end|p2a: Skeledirge|move: Taunt\n|upkeep\n|turn|4\n|inactive|kdlakjdlad has 30 seconds left.\n|inactive|kdlakjdlad has 20 seconds left.\n|inactive|kdlakjdlad has 15 seconds left.\n|inactive|kdlakjdlad has 10 seconds left.\n|inactive|kdlakjdlad has 5 seconds left.\n|\n|t:|1682104996\n|move|p1b: Palafin|Jet Punch|p2a: Skeledirge\n|-supereffective|p2a: Skeledirge\n|-damage|p2a: Skeledirge|76\/100\n|move|p1a: Salamence|Iron Head|p2b: Grimmsnarl\n|-supereffective|p2b: Grimmsnarl\n|-damage|p2b: Grimmsnarl|13\/100\n|move|p2a: Skeledirge|Fire Spin|p1b: Palafin\n|-resisted|p1b: Palafin\n|-damage|p1b: Palafin|80\/100\n|move|p2b: Grimmsnarl|Spirit Break|p1b: Palafin\n|-damage|p1b: Palafin|56\/100\n|-unboost|p1b: Palafin|spa|1\n|\n|-heal|p1b: Palafin|62\/100|[from] item: Leftovers\n|-damage|p1a: Salamence|17\/100|[from] move: Fire Spin|[partiallytrapped]\n|-damage|p1b: Palafin|45\/100|[from] move: Fire Spin|[partiallytrapped]\n|upkeep\n|turn|5\n|inactive|kdlakjdlad has 30 seconds left.\n|inactive|kdlakjdlad has 20 seconds left.\n|inactive|kdlakjdlad has 15 seconds left.\n|inactive|kdlakjdlad has 10 seconds left.\n|\n|t:|1682105042\n|move|p1b: Palafin|Jet Punch|p2a: Skeledirge\n|-supereffective|p2a: Skeledirge\n|-damage|p2a: Skeledirge|57\/100\n|move|p1a: Salamence|Iron Head|p2b: Grimmsnarl\n|-supereffective|p2b: Grimmsnarl\n|-damage|p2b: Grimmsnarl|0 fnt\n|faint|p2b: Grimmsnarl\n|move|p2a: Skeledirge|Yawn|p1b: Palafin\n|-start|p1b: Palafin|move: Yawn|[of] p2a: Skeledirge\n|\n|-heal|p1b: Palafin|51\/100|[from] item: Leftovers\n|-damage|p1a: Salamence|0 fnt|[from] move: Fire Spin|[partiallytrapped]\n|faint|p1a: Salamence\n|-damage|p1b: Palafin|35\/100|[from] move: Fire Spin|[partiallytrapped]\n|upkeep\n|\n|t:|1682105060\n|switch|p1a: Arboliva|Arboliva, L50, F|100\/100\n|switch|p2b: Gastrodon|Gastrodon, L50, M, shiny|100\/100\n|turn|6\n|\n|t:|1682105080\n|move|p1b: Palafin|Close Combat|p2b: Gastrodon\n|-damage|p2b: Gastrodon|86\/100\n|-unboost|p1b: Palafin|def|1\n|-unboost|p1b: Palafin|spd|1\n|move|p2a: Skeledirge|Fire Spin|p1a: Arboliva\n|-supereffective|p1a: Arboliva\n|-damage|p1a: Arboliva|90\/100\n|-activate|p1a: Arboliva|move: Fire Spin|[of] p2a: Skeledirge\n|-fieldstart|move: Grassy Terrain|[from] ability: Seed Sower|[of] p1a: Arboliva\n|move|p1a: Arboliva|Pollen Puff|p1b: Palafin\n|-heal|p1b: Palafin|85\/100\n|move|p2b: Gastrodon|Yawn|p1a: Arboliva\n|-start|p1a: Arboliva|move: Yawn|[of] p2b: Gastrodon\n|\n|-heal|p1b: Palafin|90\/100|[from] Grassy Terrain\n|-heal|p1b: Palafin|96\/100|[from] item: Leftovers\n|-heal|p2a: Skeledirge|64\/100|[from] Grassy Terrain\n|-heal|p1a: Arboliva|96\/100|[from] Grassy Terrain\n|-heal|p2b: Gastrodon|92\/100|[from] Grassy Terrain\n|-heal|p2b: Gastrodon|98\/100|[from] item: Leftovers\n|-damage|p1b: Palafin|80\/100|[from] move: Fire Spin|[partiallytrapped]\n|-damage|p1a: Arboliva|79\/100|[from] move: Fire Spin|[partiallytrapped]\n|-end|p1b: Palafin|move: Yawn|[silent]\n|-status|p1b: Palafin|slp\n|upkeep\n|turn|7\n|inactive|Shit tier pro has 30 seconds left.\n|inactive|kdlakjdlad has 30 seconds left.\n|inactive|kdlakjdlad has 20 seconds left.\n|inactive|kdlakjdlad has 15 seconds left.\n|\n|t:|1682105122\n|cant|p1b: Palafin|slp\n|move|p2a: Skeledirge|Fire Spin|p1b: Palafin\n|-resisted|p1b: Palafin\n|-crit|p1b: Palafin\n|-damage|p1b: Palafin|68\/100 slp\n|move|p1a: Arboliva|Terrain Pulse|p2b: Gastrodon\n|-supereffective|p2b: Gastrodon\n|-damage|p2b: Gastrodon|0 fnt\n|faint|p2b: Gastrodon\n|\n|-heal|p1b: Palafin|73\/100 slp|[from] Grassy Terrain\n|-heal|p1b: Palafin|79\/100 slp|[from] item: Leftovers\n|-heal|p2a: Skeledirge|70\/100|[from] Grassy Terrain\n|-heal|p1a: Arboliva|85\/100|[from] Grassy Terrain\n|-end|p1b: Palafin|Fire Spin|[partiallytrapped]\n|-damage|p1a: Arboliva|69\/100|[from] move: Fire Spin|[partiallytrapped]\n|-end|p1a: Arboliva|move: Yawn|[silent]\n|-status|p1a: Arboliva|slp\n|upkeep\n|\n|t:|1682105139\n|switch|p2b: Garganacl|Garganacl, L50, M, shiny|100\/100\n|turn|8\n|\n|t:|1682105149\n|cant|p1b: Palafin|slp\n|move|p2a: Skeledirge|Fire Spin|p1a: Arboliva\n|-supereffective|p1a: Arboliva\n|-damage|p1a: Arboliva|58\/100 slp\n|cant|p1a: Arboliva|slp\n|move|p2b: Garganacl|Salt Cure|p1a: Arboliva\n|-damage|p1a: Arboliva|42\/100 slp\n|-start|p1a: Arboliva|Salt Cure\n|\n|-heal|p1b: Palafin|85\/100 slp|[from] Grassy Terrain\n|-heal|p1b: Palafin|91\/100 slp|[from] item: Leftovers\n|-heal|p2a: Skeledirge|76\/100|[from] Grassy Terrain\n|-heal|p1a: Arboliva|48\/100 slp|[from] Grassy Terrain\n|-damage|p1a: Arboliva|35\/100 slp|[from] Salt Cure\n|-damage|p1a: Arboliva|19\/100 slp|[from] move: Fire Spin|[partiallytrapped]\n|upkeep\n|turn|9\n|inactive|kdlakjdlad has 30 seconds left.\n|inactive|kdlakjdlad has 20 seconds left.\n|inactive|kdlakjdlad has 15 seconds left.\n|inactive|kdlakjdlad has 10 seconds left.\n|inactive|kdlakjdlad has 5 seconds left.\n|\n|t:|1682105200\n|detailschange|p1b: Palafin|Palafin-Hero, L50, F\n|switch|p1b: Grimmsnarl|Grimmsnarl, L50, M, shiny|72\/100\n|move|p2a: Skeledirge|Fire Spin|p1b: Grimmsnarl\n|-damage|p1b: Grimmsnarl|65\/100\n|-activate|p1b: Grimmsnarl|move: Fire Spin|[of] p2a: Skeledirge\n|cant|p1a: Arboliva|slp\n|move|p2b: Garganacl|Salt Cure|p1b: Grimmsnarl\n|-damage|p1b: Grimmsnarl|50\/100\n|\n|-heal|p2a: Skeledirge|82\/100|[from] Grassy Terrain\n|-heal|p1b: Grimmsnarl|56\/100|[from] Grassy Terrain\n|-heal|p1a: Arboliva|25\/100 slp|[from] Grassy Terrain\n|-damage|p1b: Grimmsnarl|40\/100|[from] move: Fire Spin|[partiallytrapped]\n|-damage|p1a: Arboliva|12\/100 slp|[from] Salt Cure\n|-damage|p1a: Arboliva|0 fnt|[from] move: Fire Spin|[partiallytrapped]\n|faint|p1a: Arboliva\n|-sideend|p2: kdlakjdlad|Reflect\n|upkeep\n|\n|t:|1682105207\n|switch|p1a: Palafin|Palafin-Hero, L50, F|91\/100 slp\n|-activate|p1a: Palafin|ability: Zero to Hero\n|turn|10\n|\n|t:|1682105231\n|move|p1b: Grimmsnarl|Fake Out|p2b: Garganacl\n|-resisted|p2b: Garganacl\n|-damage|p2b: Garganacl|97\/100\n|-curestatus|p1a: Palafin|slp|[msg]\n|move|p1a: Palafin|Jet Punch|p2a: Skeledirge\n|-supereffective|p2a: Skeledirge\n|-damage|p2a: Skeledirge|31\/100\n|move|p2a: Skeledirge|Fire Spin|p1a: Palafin\n|-resisted|p1a: Palafin\n|-damage|p1a: Palafin|87\/100\n|-activate|p1a: Palafin|move: Fire Spin|[of] p2a: Skeledirge\n|cant|p2b: Garganacl|flinch\n|\n|-heal|p1a: Palafin|93\/100|[from] Grassy Terrain\n|-heal|p1a: Palafin|99\/100|[from] item: Leftovers\n|-heal|p2a: Skeledirge|37\/100|[from] Grassy Terrain\n|-heal|p1b: Grimmsnarl|46\/100|[from] Grassy Terrain\n|-heal|p2b: Garganacl|100\/100|[from] Grassy Terrain\n|-damage|p1a: Palafin|83\/100|[from] move: Fire Spin|[partiallytrapped]\n|-damage|p1b: Grimmsnarl|30\/100|[from] move: Fire Spin|[partiallytrapped]\n|-sideend|p2: kdlakjdlad|move: Light Screen\n|-fieldend|move: Grassy Terrain\n|upkeep\n|turn|11\n|inactive|Shit tier pro has 30 seconds left.\n|inactive|kdlakjdlad has 30 seconds left.\n|\n|t:|1682105259\n|-terastallize|p2a: Skeledirge|Flying\n|move|p1a: Palafin|Jet Punch|p2b: Garganacl\n|-supereffective|p2b: Garganacl\n|-damage|p2b: Garganacl|55\/100\n|move|p1b: Grimmsnarl|Taunt|p2a: Skeledirge\n|-start|p2a: Skeledirge|move: Taunt\n|cant|p2a: Skeledirge|move: Taunt|Slack Off\n|move|p2b: Garganacl|Thunder Punch|p1a: Palafin\n|-supereffective|p1a: Palafin\n|-crit|p1a: Palafin\n|-damage|p1a: Palafin|35\/100\n|\n|-heal|p1a: Palafin|41\/100|[from] item: Leftovers\n|-damage|p1a: Palafin|25\/100|[from] move: Fire Spin|[partiallytrapped]\n|-damage|p1b: Grimmsnarl|13\/100|[from] move: Fire Spin|[partiallytrapped]\n|upkeep\n|turn|12\n|inactive|kdlakjdlad has 30 seconds left.\n|\n|t:|1682105279\n|-terastallize|p1a: Palafin|Electric\n|move|p1a: Palafin|Tera Blast|p2a: Skeledirge\n|-supereffective|p2a: Skeledirge\n|-damage|p2a: Skeledirge|0 fnt\n|faint|p2a: Skeledirge\n|move|p1b: Grimmsnarl|Spirit Break|p2b: Garganacl\n|-damage|p2b: Garganacl|37\/100\n|-unboost|p2b: Garganacl|spa|1\n|move|p2b: Garganacl|Thunder Punch|p1a: Palafin\n|-resisted|p1a: Palafin\n|-damage|p1a: Palafin|18\/100\n|\n|-heal|p1a: Palafin|24\/100|[from] item: Leftovers\n|-end|p1a: Palafin|Fire Spin|[partiallytrapped]|[silent]\n|-end|p1b: Grimmsnarl|Fire Spin|[partiallytrapped]|[silent]\n|upkeep\n|turn|13\n|inactive|kdlakjdlad has 25 seconds left this turn.\n|inactive|kdlakjdlad has 20 seconds left.\n|inactive|kdlakjdlad has 15 seconds left.\n|inactive|kdlakjdlad has 10 seconds left.\n|\n|t:|1682105299\n|move|p1a: Palafin|Jet Punch|p2b: Garganacl\n|-supereffective|p2b: Garganacl\n|-damage|p2b: Garganacl|0 fnt\n|faint|p2b: Garganacl\n|\n|win|Shit tier pro\n|inactive|kdlakjdlad has 10 seconds left this turn.\n|raw|Shit tier pro's rating: 1084 → 1106<\/strong> (+22 for winning)\n|raw|kdlakjdlad's rating: 1009 → 1000<\/strong> (-9 for losing)\n","uploadtime":1682105311,"views":11,"p1id":"shittierpro","p2id":"kdlakjdlad","formatid":"gen9vgc2023regulationc","rating":1000,"private":0,"password":""}