{"id":"gen9vgc2023regulationc-1857627211","p1":"Dragon Master Rosa","p2":"It Mickey","format":"[Gen 9] VGC 2023 Regulation C","log":"|j|\u2606Dragon Master Rosa\n|j|\u2606It Mickey\n|t:|1683214945\n|gametype|doubles\n|player|p1|Dragon Master Rosa|rosa|1186\n|player|p2|It Mickey|swimmer-gen4dp|1116\n|teamsize|p1|6\n|teamsize|p2|6\n|gen|9\n|tier|[Gen 9] VGC 2023 Regulation C\n|rated|\n|rule|Species Clause: Limit one of each Pok\u00e9mon\n|rule|Item Clause: Limit one of each item\n|clearpoke\n|poke|p1|Ting-Lu, L50|\n|poke|p1|Iron Hands, L50|\n|poke|p1|Flutter Mane, L50|\n|poke|p1|Amoonguss, L50, M|\n|poke|p1|Arcanine, L50, F|\n|poke|p1|Palafin, L50, M|\n|poke|p2|Tyranitar, L50, M|\n|poke|p2|Houndstone, L50, F|\n|poke|p2|Garchomp, L50, M|\n|poke|p2|Talonflame, L50, F|\n|poke|p2|Amoonguss, L50, M|\n|poke|p2|Flutter Mane, L50|\n|teampreview|4\n|inactive|Battle timer is ON: inactive players will automatically lose when time's up. (requested by It Mickey)\nDragon Master Rosa has agreed to open team sheets.\nIt Mickey has agreed to open team sheets.\n|inactive|Dragon Master Rosa has 60 seconds left.\n|inactive|It Mickey has 60 seconds left.\n|\n|t:|1683214988\n|start\n|switch|p1a: Ting-Lu|Ting-Lu, L50|100\/100\n|switch|p1b: Iron Hands|Iron Hands, L50|100\/100\n|switch|p2a: Talonflame|Talonflame, L50, F|100\/100\n|switch|p2b: T6|Garchomp, L50, M, shiny|100\/100\n|-ability|p1a: Ting-Lu|Vessel of Ruin\n|turn|1\n|inactive|It Mickey has 30 seconds left.\n|inactive|Dragon Master Rosa has 30 seconds left.\n|inactive|It Mickey has 20 seconds left.\n|inactive|It Mickey has 15 seconds left.\n|\n|t:|1683215029\n|move|p2a: Talonflame|Quick Guard|p2a: Talonflame\n|-singleturn|p2a: Talonflame|Quick Guard\n|move|p2b: T6|Iron Head|p1a: Ting-Lu\n|-damage|p1a: Ting-Lu|75\/100\n|move|p1b: Iron Hands|Wild Charge|p2a: Talonflame\n|-supereffective|p2a: Talonflame\n|-damage|p2a: Talonflame|0 fnt\n|faint|p2a: Talonflame\n|-damage|p1b: Iron Hands|86\/100|[from] Recoil\n|move|p1a: Ting-Lu|Fissure|p2b: T6|[miss]\n|-miss|p1a: Ting-Lu|p2b: T6\n|\n|upkeep\n|\n|t:|1683215044\n|switch|p2a: Tyranitar|Tyranitar, L50, M|100\/100\n|-weather|Sandstorm|[from] ability: Sand Stream|[of] p2a: Tyranitar\n|turn|2\n|inactive|Dragon Master Rosa has 30 seconds left.\n|inactive|It Mickey has 30 seconds left.\n|inactive|It Mickey has 20 seconds left.\n|inactive|It Mickey has 15 seconds left.\n|inactive|It Mickey has 10 seconds left.\n|\n|t:|1683215092\n|-terastallize|p2a: Tyranitar|Flying\n|move|p2b: T6|Iron Head|p1b: Iron Hands\n|-resisted|p1b: Iron Hands\n|-damage|p1b: Iron Hands|72\/100\n|move|p1b: Iron Hands|Wild Charge|p2a: Tyranitar\n|-supereffective|p2a: Tyranitar\n|-damage|p2a: Tyranitar|22\/100\n|-enditem|p2a: Tyranitar|Weakness Policy\n|-boost|p2a: Tyranitar|atk|2|[from] item: Weakness Policy\n|-boost|p2a: Tyranitar|spa|2|[from] item: Weakness Policy\n|-damage|p1b: Iron Hands|56\/100|[from] Recoil\n|move|p1a: Ting-Lu|Stomping Tantrum|p2a: Tyranitar\n|-immune|p2a: Tyranitar\n|move|p2a: Tyranitar|Tera Blast|p1b: Iron Hands\n|-damage|p1b: Iron Hands|0 fnt\n|faint|p1b: Iron Hands\n|-end|p1b: Iron Hands|Quark Drive|[silent]\n|\n|-weather|Sandstorm|[upkeep]\n|-damage|p2a: Tyranitar|16\/100|[from] Sandstorm\n|upkeep\n|\n|t:|1683215106\n|switch|p1b: Arcanine|Arcanine, L50, F|100\/100\n|-ability|p1b: Arcanine|Intimidate|boost\n|-unboost|p2a: Tyranitar|atk|1\n|-unboost|p2b: T6|atk|1\n|turn|3\n|inactive|It Mickey has 30 seconds left.\n|inactive|It Mickey has 20 seconds left.\n|\n|t:|1683215141\n|switch|p2b: Houndstone|Houndstone, L50, F, shiny|100\/100\n|move|p2a: Tyranitar|Protect|p2a: Tyranitar\n|-singleturn|p2a: Tyranitar|Protect\n|move|p1b: Arcanine|Flare Blitz|p2a: Tyranitar\n|-activate|p2a: Tyranitar|move: Protect\n|move|p1a: Ting-Lu|Fissure|p2b: Houndstone\n|-damage|p2b: Houndstone|0 fnt\n|faint|p2b: Houndstone\n|-ohko\n|\n|-weather|Sandstorm|[upkeep]\n|-damage|p1b: Arcanine|94\/100|[from] Sandstorm\n|-damage|p2a: Tyranitar|10\/100|[from] Sandstorm\n|upkeep\n|\n|t:|1683215153\n|switch|p2b: T6|Garchomp, L50, M, shiny|100\/100\n|turn|4\n|\n|t:|1683215168\n|move|p1b: Arcanine|Protect|p1b: Arcanine\n|-singleturn|p1b: Arcanine|Protect\n|move|p2b: T6|Rock Slide|p1a: Ting-Lu|[spread] p1a\n|-activate|p1b: Arcanine|move: Protect\n|-resisted|p1a: Ting-Lu\n|-damage|p1a: Ting-Lu|65\/100\n|move|p2a: Tyranitar|Low Kick|p1a: Ting-Lu\n|-supereffective|p1a: Ting-Lu\n|-damage|p1a: Ting-Lu|0 fnt\n|faint|p1a: Ting-Lu\n|\n|-weather|Sandstorm|[upkeep]\n|-damage|p1b: Arcanine|88\/100|[from] Sandstorm\n|-damage|p2a: Tyranitar|4\/100|[from] Sandstorm\n|upkeep\n|\n|t:|1683215178\n|switch|p1a: Palafin|Palafin, L50, M|100\/100\n|turn|5\n|\n|t:|1683215188\n|move|p1b: Arcanine|Helping Hand|p1a: Palafin\n|-singleturn|p1a: Palafin|Helping Hand|[of] p1b: Arcanine\n|move|p2b: T6|Rock Slide|p1a: Palafin|[spread] p1a,p1b\n|-supereffective|p1b: Arcanine\n|-damage|p1a: Palafin|66\/100\n|-damage|p1b: Arcanine|25\/100\n|-enditem|p1b: Arcanine|Figy Berry|[eat]\n|-heal|p1b: Arcanine|58\/100|[from] item: Figy Berry\n|move|p1a: Palafin|Ice Punch|p2b: T6\n|-supereffective|p2b: T6\n|-damage|p2b: T6|0 fnt\n|faint|p2b: T6\n|move|p2a: Tyranitar|Rock Slide|p1b: Arcanine|[spread] p1a,p1b\n|-supereffective|p1b: Arcanine\n|-damage|p1a: Palafin|18\/100\n|-damage|p1b: Arcanine|0 fnt\n|faint|p1b: Arcanine\n|\n|-weather|Sandstorm|[upkeep]\n|-damage|p1a: Palafin|13\/100|[from] Sandstorm\n|-damage|p2a: Tyranitar|0 fnt|[from] Sandstorm\n|faint|p2a: Tyranitar\n|\n|win|Dragon Master Rosa\n|upkeep\n|raw|Dragon Master Rosa's rating: 1186 → 1206<\/strong> (+20 for winning)\n|raw|It Mickey's rating: 1116 → 1096<\/strong> (-20 for losing)\n","uploadtime":1683215201,"views":14,"p1id":"dragonmasterrosa","p2id":"itmickey","formatid":"gen9vgc2023regulationc","rating":1096,"private":0,"password":""}