{"id":"gen9vgc2023regulationc-1845013748","p1":"tuxmux","p2":"Bushtguyberg","format":"[Gen 9] VGC 2023 Regulation C","log":"|j|\u2606tuxmux\n|j|\u2606Bushtguyberg\n|t:|1681674077\n|gametype|doubles\n|player|p1|tuxmux|170|1031\n|player|p2|Bushtguyberg|1|1075\n|teamsize|p1|6\n|teamsize|p2|6\n|gen|9\n|tier|[Gen 9] VGC 2023 Regulation C\n|rated|\n|rule|Species Clause: Limit one of each Pok\u00e9mon\n|rule|Item Clause: Limit one of each item\n|clearpoke\n|poke|p1|Chi-Yu, L50|\n|poke|p1|Meowscarada, L50, M|\n|poke|p1|Gholdengo, L50|\n|poke|p1|Talonflame, L50, M|\n|poke|p1|Vivillon, L50, F|\n|poke|p1|Gallade, L50, M|\n|poke|p2|Lilligant, L50, F|\n|poke|p2|Torkoal, L50, M|\n|poke|p2|Flutter Mane, L50|\n|poke|p2|Kingambit, L50, F|\n|poke|p2|Dragonite, L50, M|\n|poke|p2|Great Tusk, L50|\n|teampreview|4\n|\n|t:|1681674115\n|start\n|switch|p1a: Talonflame|Talonflame, L50, M|100\/100\n|switch|p1b: Vivillon|Vivillon, L50, F|100\/100\n|switch|p2a: Bubby|Lilligant, L50, F|100\/100\n|switch|p2b: Homie|Torkoal, L50, M|100\/100\n|-weather|SunnyDay|[from] ability: Drought|[of] p2b: Homie\n|turn|1\n|\n|t:|1681674135\n|-terastallize|p2b: Homie|Fire\n|move|p2a: Bubby|Protect|p2a: Bubby\n|-singleturn|p2a: Bubby|Protect\n|move|p1a: Talonflame|Tailwind|p1a: Talonflame\n|-sidestart|p1: tuxmux|move: Tailwind\n|move|p1b: Vivillon|Sleep Powder|p2b: Homie\n|-status|p2b: Homie|slp|[from] move: Sleep Powder\n|cant|p2b: Homie|slp\n|\n|-weather|SunnyDay|[upkeep]\n|upkeep\n|turn|2\n|\n|t:|1681674172\n|move|p1a: Talonflame|Brave Bird|p2b: Homie\n|-damage|p2b: Homie|67\/100 slp\n|-damage|p1a: Talonflame|87\/100|[from] Recoil\n|move|p1b: Vivillon|Pollen Puff|p2a: Bubby\n|-supereffective|p2a: Bubby\n|-damage|p2a: Bubby|13\/100\n|move|p2a: Bubby|Sleep Powder|p1a: Talonflame\n|-status|p1a: Talonflame|slp|[from] move: Sleep Powder\n|cant|p2b: Homie|slp\n|\n|-weather|SunnyDay|[upkeep]\n|upkeep\n|turn|3\n|\n|t:|1681674217\n|move|p1b: Vivillon|Protect|p1b: Vivillon\n|-singleturn|p1b: Vivillon|Protect\n|cant|p1a: Talonflame|slp\n|move|p2a: Bubby|Sleep Powder|p1b: Vivillon\n|-activate|p1b: Vivillon|move: Protect\n|-curestatus|p2b: Homie|slp|[msg]\n|move|p2b: Homie|Eruption|p1b: Vivillon|[spread] p1a\n|-activate|p1b: Vivillon|move: Protect\n|-resisted|p1a: Talonflame\n|-damage|p1a: Talonflame|34\/100 slp\n|\n|-weather|SunnyDay|[upkeep]\n|upkeep\n|turn|4\n|\n|t:|1681674251\n|move|p2a: Bubby|Protect|p2a: Bubby\n|-singleturn|p2a: Bubby|Protect\n|move|p2b: Homie|Protect|p2b: Homie\n|-singleturn|p2b: Homie|Protect\n|cant|p1a: Talonflame|slp\n|move|p1b: Vivillon|Pollen Puff|p2a: Bubby\n|-activate|p2a: Bubby|move: Protect\n|\n|-weather|SunnyDay|[upkeep]\n|-sideend|p1: tuxmux|move: Tailwind\n|upkeep\n|turn|5\n|\n|t:|1681674266\n|-curestatus|p1a: Talonflame|slp|[msg]\n|move|p1a: Talonflame|Protect|p1a: Talonflame\n|-singleturn|p1a: Talonflame|Protect\n|move|p2a: Bubby|After You|p2b: Homie\n|-activate|p2b: Homie|move: After You\n|move|p2b: Homie|Eruption|p1a: Talonflame|[spread] p1b\n|-activate|p1a: Talonflame|move: Protect\n|-supereffective|p1b: Vivillon\n|-enditem|p1b: Vivillon|Focus Sash\n|-damage|p1b: Vivillon|1\/100\n|move|p1b: Vivillon|Tailwind|p1b: Vivillon\n|-sidestart|p1: tuxmux|move: Tailwind\n|\n|-weather|none\n|upkeep\n|turn|6\n|\n|t:|1681674299\n|move|p1a: Talonflame|Brave Bird|p2a: Bubby\n|-supereffective|p2a: Bubby\n|-damage|p2a: Bubby|0 fnt\n|faint|p2a: Bubby\n|-damage|p1a: Talonflame|30\/100|[from] Recoil\n|move|p1b: Vivillon|Sleep Powder|p2b: Homie\n|-status|p2b: Homie|slp|[from] move: Sleep Powder\n|cant|p2b: Homie|slp\n|\n|upkeep\n|\n|t:|1681674309\n|switch|p2a: Taki|Kingambit, L50, F|100\/100\n|turn|7\n|\n|t:|1681674319\n|move|p2a: Taki|Sucker Punch|p1a: Talonflame\n|-damage|p1a: Talonflame|0 fnt\n|faint|p1a: Talonflame\n|move|p1b: Vivillon|Pollen Puff|p1: Talonflame|[notarget]\n|-fail|p1b: Vivillon\n|cant|p2b: Homie|slp\n|\n|upkeep\n|\n|t:|1681674325\n|switch|p1a: Gallade|Gallade, L50, M|100\/100\n|turn|8\n|\n|t:|1681674334\n|switch|p2a: Tummy|Flutter Mane, L50|100\/100\n|-terastallize|p1a: Gallade|Water\n|move|p1b: Vivillon|Sleep Powder|p2a: Tummy\n|-status|p2a: Tummy|slp|[from] move: Sleep Powder\n|move|p1a: Gallade|Aqua Cutter|p2b: Homie\n|-supereffective|p2b: Homie\n|-damage|p2b: Homie|0 fnt\n|faint|p2b: Homie\n|\n|-sideend|p1: tuxmux|move: Tailwind\n|upkeep\n|\n|t:|1681674346\n|switch|p2b: Taki|Kingambit, L50, F|100\/100\n|turn|9\n|\n|t:|1681674361\n|cant|p2a: Tummy|slp\n|move|p1b: Vivillon|Tailwind|p1b: Vivillon\n|-sidestart|p1: tuxmux|move: Tailwind\n|move|p1a: Gallade|Sacred Sword|p2b: Taki\n|-supereffective|p2b: Taki\n|-damage|p2b: Taki|0 fnt\n|faint|p2b: Taki\n|\n|upkeep\n|turn|10\n|\n|t:|1681674372\n|move|p1b: Vivillon|Protect|p1b: Vivillon\n|-singleturn|p1b: Vivillon|Protect\n|move|p1a: Gallade|Aqua Cutter|p2a: Tummy\n|-damage|p2a: Tummy|0 fnt\n|faint|p2a: Tummy\n|-end|p2a: Tummy|Protosynthesis|[silent]\n|\n|win|tuxmux\n|raw|tuxmux's rating: 1031 → 1071<\/strong> (+40 for winning)\n|raw|Bushtguyberg's rating: 1075 → 1051<\/strong> (-24 for losing)\n|l|\u2606Bushtguyberg\n","uploadtime":1681674382,"views":8,"p1id":"tuxmux","p2id":"bushtguyberg","formatid":"gen9vgc2023regulationc","rating":1051,"private":0,"password":""}