{"id":"gen9vgc2023regulationc-1862788060","p1":"TC1994","p2":"TGH_sr","format":"[Gen 9] VGC 2023 Regulation C","log":"|j|\u2606TC1994\n|j|\u2606TGH_sr\n|t:|1683921981\n|gametype|doubles\n|player|p1|TC1994|102|1227\n|player|p2|TGH_sr|steven|1237\n|teamsize|p1|6\n|teamsize|p2|6\n|gen|9\n|tier|[Gen 9] VGC 2023 Regulation C\n|rated|\n|rule|Species Clause: Limit one of each Pok\u00e9mon\n|rule|Item Clause: Limit one of each item\n|clearpoke\n|poke|p1|Palafin, L50, F|\n|poke|p1|Chi-Yu, L50|\n|poke|p1|Flutter Mane, L50|\n|poke|p1|Amoonguss, L50, F|\n|poke|p1|Iron Hands, L50|\n|poke|p1|Dragonite, L50, F|\n|poke|p2|Talonflame, L50, M|\n|poke|p2|Baxcalibur, L50, M|\n|poke|p2|Kingambit, L50, M|\n|poke|p2|Amoonguss, L50, M|\n|poke|p2|Iron Bundle, L50|\n|poke|p2|Flutter Mane, L50|\n|teampreview|4\nTGH_sr has agreed to open team sheets.\n|\n|t:|1683922011\n|start\n|switch|p1a: TheTerminat|Iron Hands, L50|100\/100\n|switch|p1b: Floa|Palafin, L50, F|100\/100\n|switch|p2a: Talonflame|Talonflame, L50, M|100\/100\n|switch|p2b: Baxcalibur|Baxcalibur, L50, M|100\/100\n|turn|1\n|\n|t:|1683922073\n|-terastallize|p2b: Baxcalibur|Ground\n|move|p1a: TheTerminat|Fake Out|p2b: Baxcalibur\n|-damage|p2b: Baxcalibur|88\/100\n|move|p2a: Talonflame|Tailwind|p2a: Talonflame\n|-sidestart|p2: TGH_sr|move: Tailwind\n|move|p1b: Floa|Jet Punch|p2a: Talonflame\n|-supereffective|p2a: Talonflame\n|-damage|p2a: Talonflame|11\/100\n|cant|p2b: Baxcalibur|flinch\n|\n|upkeep\n|turn|2\n|\n|t:|1683922113\n|move|p2a: Talonflame|Protect|p2a: Talonflame\n|-singleturn|p2a: Talonflame|Protect\n|move|p1b: Floa|Protect|p1b: Floa\n|-singleturn|p1b: Floa|Protect\n|move|p2b: Baxcalibur|Earthquake|p1a: TheTerminat|[spread] p1a\n|-activate|p2a: Talonflame|move: Protect\n|-activate|p1b: Floa|move: Protect\n|-supereffective|p1a: TheTerminat\n|-damage|p1a: TheTerminat|37\/100\n|move|p1a: TheTerminat|Volt Switch|p2a: Talonflame\n|-activate|p2a: Talonflame|move: Protect\n|\n|upkeep\n|turn|3\n|\n|t:|1683922158\n|detailschange|p1b: Floa|Palafin-Hero, L50, F\n|switch|p1b: Skarm|Amoonguss, L50, F|100\/100\n|move|p2a: Talonflame|Flare Blitz|p1b: Skarm\n|-supereffective|p1b: Skarm\n|-damage|p1b: Skarm|8\/100\n|-enditem|p1b: Skarm|Sitrus Berry|[eat]\n|-heal|p1b: Skarm|33\/100|[from] item: Sitrus Berry\n|-damage|p2a: Talonflame|0 fnt|[from] Recoil\n|faint|p2a: Talonflame\n|move|p2b: Baxcalibur|Earthquake|p1a: TheTerminat|[spread] p1a,p1b\n|-supereffective|p1a: TheTerminat\n|-damage|p1a: TheTerminat|0 fnt\n|-damage|p1b: Skarm|0 fnt\n|faint|p1a: TheTerminat\n|-end|p1a: TheTerminat|Quark Drive|[silent]\n|faint|p1b: Skarm\n|\n|upkeep\n|\n|t:|1683922181\n|switch|p2a: Iron Bundle|Iron Bundle, L50|100\/100\n|switch|p1a: Scowzer|Chi-Yu, L50|100\/100\n|switch|p1b: Floa|Palafin-Hero, L50, F|100\/100\n|-ability|p1a: Scowzer|Beads of Ruin\n|-activate|p1b: Floa|ability: Zero to Hero\n|-enditem|p2a: Iron Bundle|Booster Energy\n|-activate|p2a: Iron Bundle|ability: Quark Drive|[fromitem]\n|-start|p2a: Iron Bundle|quarkdrivespe\n|turn|4\n|\n|t:|1683922225\n|-terastallize|p1a: Scowzer|Water\n|move|p1b: Floa|Protect|p1b: Floa\n|-singleturn|p1b: Floa|Protect\n|move|p2a: Iron Bundle|Icy Wind|p1b: Floa|[spread] p1a\n|-activate|p1b: Floa|move: Protect\n|-resisted|p1a: Scowzer\n|-damage|p1a: Scowzer|90\/100\n|-unboost|p1a: Scowzer|spe|1\n|move|p2b: Baxcalibur|Glaive Rush|p1b: Floa\n|-activate|p1b: Floa|move: Protect\n|move|p1a: Scowzer|Heat Wave|p2a: Iron Bundle|[spread] p2a\n|-miss|p1a: Scowzer|p2b: Baxcalibur\n|-damage|p2a: Iron Bundle|17\/100\n|\n|-sideend|p2: TGH_sr|move: Tailwind\n|upkeep\n|turn|5\n|\n|t:|1683922262\n|move|p1b: Floa|Jet Punch|p2b: Baxcalibur\n|-supereffective|p2b: Baxcalibur\n|-damage|p2b: Baxcalibur|10\/100\n|move|p2a: Iron Bundle|Freeze-Dry|p1b: Floa\n|-supereffective|p1b: Floa\n|-damage|p1b: Floa|11\/100\n|move|p2b: Baxcalibur|Glaive Rush|p1a: Scowzer\n|-damage|p1a: Scowzer|0 fnt\n|-singlemove|p2b: Baxcalibur|Glaive Rush|[silent]\n|faint|p1a: Scowzer\n|\n|upkeep\n|turn|6\n|-message|TC1994 forfeited.\n|\n|win|TGH_sr\n|raw|TC1994's rating: 1227 → 1203<\/strong> (-24 for losing)\n|raw|TGH_sr's rating: 1237 → 1261<\/strong> (+24 for winning)\n|l|\u2606TC1994\n","uploadtime":1683922282,"views":10,"p1id":"tc1994","p2id":"tghsr","formatid":"gen9vgc2023regulationc","rating":1203,"private":0,"password":""}