{"id":"gen9vgc2023regulationc-1860656149","p1":"Unvirgining Oil","p2":"Piccolo Ruiz","format":"[Gen 9] VGC 2023 Regulation C","log":"|j|\u2606Unvirgining Oil\n|j|\u2606Piccolo Ruiz\n|t:|1683663111\n|gametype|doubles\n|player|p1|Unvirgining Oil|blackbelt-gen4dp|1343\n|player|p2|Piccolo Ruiz|valerie|1350\n|teamsize|p1|6\n|teamsize|p2|6\n|gen|9\n|tier|[Gen 9] VGC 2023 Regulation C\n|rated|\n|rule|Species Clause: Limit one of each Pok\u00e9mon\n|rule|Item Clause: Limit one of each item\n|clearpoke\n|poke|p1|Chi-Yu, L50|\n|poke|p1|Dachsbun, L50, F|\n|poke|p1|Dragonite, L50, M|\n|poke|p1|Flutter Mane, L50|\n|poke|p1|Azumarill, L50, F|\n|poke|p1|Chien-Pao, L50|\n|poke|p2|Flutter Mane, L50|\n|poke|p2|Amoonguss, L50, F|\n|poke|p2|Gyarados, L50, F|\n|poke|p2|Chi-Yu, L50|\n|poke|p2|Ting-Lu, L50|\n|poke|p2|Baxcalibur, L50, F|\n|teampreview|4\n|inactive|Battle timer is ON: inactive players will automatically lose when time's up. (requested by Piccolo Ruiz)\n|inactive|Unvirgining Oil also wants the timer to be on.\n|j| 25kBuddha\n|inactive|Piccolo Ruiz has 60 seconds left.\nUnvirgining Oil has agreed to open team sheets.\n|inactive|Piccolo Ruiz has 30 seconds left.\n|inactive|Piccolo Ruiz has 20 seconds left.\n|inactive|Piccolo Ruiz has 15 seconds left.\n|inactive|Piccolo Ruiz has 10 seconds left.\n|inactive|Piccolo Ruiz has 5 seconds left.\n|\n|t:|1683663201\n|start\n|switch|p1a: Dragonite|Dragonite, L50, M|100\/100\n|switch|p1b: Chien-Pao|Chien-Pao, L50|100\/100\n|switch|p2a: Sasha Colby|Flutter Mane, L50|100\/100\n|switch|p2b: Amoonguss|Amoonguss, L50, F, shiny|100\/100\n|-ability|p1b: Chien-Pao|Sword of Ruin\n|-enditem|p2a: Sasha Colby|Booster Energy\n|-activate|p2a: Sasha Colby|ability: Protosynthesis|[fromitem]\n|-start|p2a: Sasha Colby|protosynthesisspa\n|turn|1\n|inactive|Piccolo Ruiz has 30 seconds left.\n|inactive|Piccolo Ruiz has 20 seconds left.\n|inactive|Piccolo Ruiz has 15 seconds left.\n|inactive|Piccolo Ruiz has 10 seconds left.\n|\n|t:|1683663249\n|-terastallize|p1a: Dragonite|Flying\n|-terastallize|p2b: Amoonguss|Water\n|move|p2b: Amoonguss|Rage Powder|p2b: Amoonguss\n|-singleturn|p2b: Amoonguss|move: Rage Powder\n|move|p1b: Chien-Pao|Ice Spinner|p2b: Amoonguss\n|-resisted|p2b: Amoonguss\n|-damage|p2b: Amoonguss|79\/100\n|move|p2a: Sasha Colby|Dazzling Gleam|p1a: Dragonite|[spread] p1a,p1b\n|-crit|p1a: Dragonite\n|-supereffective|p1b: Chien-Pao\n|-damage|p1a: Dragonite|71\/100\n|-enditem|p1b: Chien-Pao|Focus Sash\n|-damage|p1b: Chien-Pao|1\/100\n|move|p1a: Dragonite|Tera Blast|p2b: Amoonguss\n|-damage|p2b: Amoonguss|15\/100\n|-enditem|p2b: Amoonguss|Sitrus Berry|[eat]\n|-heal|p2b: Amoonguss|40\/100|[from] item: Sitrus Berry\n|\n|upkeep\n|turn|2\n|inactive|Piccolo Ruiz has 30 seconds left.\n|inactive|Piccolo Ruiz has 20 seconds left.\n|inactive|Piccolo Ruiz has 15 seconds left.\n|inactive|Piccolo Ruiz has 10 seconds left.\n|\n|t:|1683663299\n|move|p2b: Amoonguss|Rage Powder|p2b: Amoonguss\n|-singleturn|p2b: Amoonguss|move: Rage Powder\n|move|p1b: Chien-Pao|Sucker Punch||[still]\n|-fail|p1b: Chien-Pao\n|move|p2a: Sasha Colby|Dazzling Gleam|p1a: Dragonite|[spread] p1a,p1b\n|-supereffective|p1b: Chien-Pao\n|-damage|p1a: Dragonite|32\/100\n|-damage|p1b: Chien-Pao|0 fnt\n|faint|p1b: Chien-Pao\n|move|p1a: Dragonite|Tera Blast|p2b: Amoonguss\n|-damage|p2b: Amoonguss|0 fnt\n|faint|p2b: Amoonguss\n|\n|upkeep\n|inactive|Piccolo Ruiz has 30 seconds left.\n|inactive|Piccolo Ruiz has 20 seconds left.\n|inactive|Piccolo Ruiz has 15 seconds left.\n|inactive|Piccolo Ruiz has 10 seconds left.\n|inactive|Piccolo Ruiz has 5 seconds left.\n|\n|t:|1683663353\n|switch|p1b: Flutter Mane|Flutter Mane, L50|100\/100\n|switch|p2b: Bianca|Gyarados, L50, F, shiny|100\/100\n|-ability|p2b: Bianca|Intimidate|boost\n|-fail|p1a: Dragonite|unboost|[from] item: Clear Amulet|[of] p1a: Dragonite\n|-unboost|p1b: Flutter Mane|atk|1\n|-enditem|p1b: Flutter Mane|Booster Energy\n|-activate|p1b: Flutter Mane|ability: Protosynthesis|[fromitem]\n|-start|p1b: Flutter Mane|protosynthesisspe\n|turn|3\n|inactive|Piccolo Ruiz has 30 seconds left.\n|\n|t:|1683663381\n|move|p2a: Sasha Colby|Protect|p2a: Sasha Colby\n|-singleturn|p2a: Sasha Colby|Protect\n|move|p1b: Flutter Mane|Shadow Ball|p2a: Sasha Colby\n|-activate|p2a: Sasha Colby|move: Protect\n|move|p2b: Bianca|Thunder Wave|p1b: Flutter Mane\n|-status|p1b: Flutter Mane|par\n|move|p1a: Dragonite|Tera Blast|p2b: Bianca\n|-damage|p2b: Bianca|42\/100\n|\n|upkeep\n|turn|4\n|inactive|Piccolo Ruiz has 30 seconds left.\n|l| 25kBuddha\n|inactive|Piccolo Ruiz has 20 seconds left.\n|inactive|Piccolo Ruiz has 15 seconds left.\n|inactive|Piccolo Ruiz has 10 seconds left.\n|inactive|Piccolo Ruiz has 5 seconds left.\n|\n|t:|1683663436\n|move|p2a: Sasha Colby|Moonblast|p1a: Dragonite\n|-damage|p1a: Dragonite|0 fnt\n|faint|p1a: Dragonite\n|move|p1b: Flutter Mane|Shadow Ball|p2a: Sasha Colby\n|-supereffective|p2a: Sasha Colby\n|-damage|p2a: Sasha Colby|16\/100\n|move|p2b: Bianca|Waterfall|p1b: Flutter Mane\n|-damage|p1b: Flutter Mane|47\/100 par\n|\n|upkeep\n|\n|t:|1683663439\n|switch|p1a: Chi-Yu|Chi-Yu, L50|100\/100\n|-ability|p1a: Chi-Yu|Beads of Ruin\n|turn|5\n|inactive|Piccolo Ruiz has 30 seconds left.\n|inactive|Piccolo Ruiz has 20 seconds left.\n|inactive|Piccolo Ruiz has 15 seconds left.\n|inactive|Piccolo Ruiz has 10 seconds left.\n|inactive|Piccolo Ruiz has 5 seconds left.\n|\n|t:|1683663492\n|move|p1a: Chi-Yu|Heat Wave|p2a: Sasha Colby|[spread] p2a,p2b\n|-resisted|p2b: Bianca\n|-damage|p2a: Sasha Colby|0 fnt\n|-damage|p2b: Bianca|23\/100\n|-enditem|p2b: Bianca|Aguav Berry|[eat]\n|-heal|p2b: Bianca|56\/100|[from] item: Aguav Berry\n|faint|p2a: Sasha Colby\n|-end|p2a: Sasha Colby|Protosynthesis|[silent]\n|move|p1b: Flutter Mane|Dazzling Gleam|p2b: Bianca\n|-damage|p2b: Bianca|14\/100\n|move|p2b: Bianca|Waterfall|p1a: Chi-Yu\n|-supereffective|p1a: Chi-Yu\n|-damage|p1a: Chi-Yu|0 fnt\n|faint|p1a: Chi-Yu\n|\n|upkeep\n|\n|t:|1683663504\n|switch|p2a: Mo Heart|Chi-Yu, L50|100\/100\n|-ability|p2a: Mo Heart|Beads of Ruin\n|turn|6\n|\n|t:|1683663516\n|move|p2a: Mo Heart|Dark Pulse|p1b: Flutter Mane\n|-damage|p1b: Flutter Mane|4\/100 par\n|move|p1b: Flutter Mane|Dazzling Gleam|p2a: Mo Heart|[spread] p2a,p2b\n|-damage|p2a: Mo Heart|72\/100\n|-damage|p2b: Bianca|0 fnt\n|faint|p2b: Bianca\n|\n|upkeep\n|turn|7\n|\n|t:|1683663529\n|move|p2a: Mo Heart|Flamethrower|p1b: Flutter Mane\n|-damage|p1b: Flutter Mane|0 fnt\n|faint|p1b: Flutter Mane\n|-end|p1b: Flutter Mane|Protosynthesis|[silent]\n|\n|win|Piccolo Ruiz\n|raw|Unvirgining Oil's rating: 1343 → 1323<\/strong> (-20 for losing)\n|raw|Piccolo Ruiz's rating: 1350 → 1370<\/strong> (+20 for winning)\n","uploadtime":1683663535,"views":6,"p1id":"unvirginingoil","p2id":"piccoloruiz","formatid":"gen9vgc2023regulationc","rating":1323,"private":0,"password":""}