{"id":"gen9vgc2023regulationc-1857557632","p1":"Lambvgc","p2":"swiggity swooter","format":"[Gen 9] VGC 2023 Regulation C","log":"|j|\u2606Lambvgc\n|j|\u2606swiggity swooter\n|t:|1683208053\n|gametype|doubles\n|player|p1|Lambvgc|2|1077\n|player|p2|swiggity swooter|169|1000\n|teamsize|p1|6\n|teamsize|p2|6\n|gen|9\n|tier|[Gen 9] VGC 2023 Regulation C\n|rated|\n|rule|Species Clause: Limit one of each Pok\u00e9mon\n|rule|Item Clause: Limit one of each item\n|clearpoke\n|poke|p1|Armarouge, L50, F|\n|poke|p1|Indeedee-F, L50, F|\n|poke|p1|Wo-Chien, L50|\n|poke|p1|Gyarados, L50, M|\n|poke|p1|Flutter Mane, L50|\n|poke|p1|Iron Hands, L50|\n|poke|p2|Ting-Lu, L50|\n|poke|p2|Indeedee-F, L50, F|\n|poke|p2|Armarouge, L50, F|\n|poke|p2|Amoonguss, L50, F|\n|poke|p2|Gastrodon, L50, F|\n|poke|p2|Rotom-Wash, L50|\n|teampreview|4\n|inactive|Battle timer is ON: inactive players will automatically lose when time's up. (requested by Lambvgc)\n|\n|t:|1683208075\n|start\n|switch|p1a: Gyarados|Gyarados, L50, M|100\/100\n|switch|p1b: Wo-Chien|Wo-Chien, L50|100\/100\n|switch|p2a: Ting-Lu|Ting-Lu, L50|100\/100\n|switch|p2b: Rotom|Rotom-Wash, L50|100\/100\n|-ability|p1a: Gyarados|Intimidate|boost\n|-unboost|p2a: Ting-Lu|atk|1\n|-unboost|p2b: Rotom|atk|1\n|-ability|p1b: Wo-Chien|Tablets of Ruin\n|-ability|p2a: Ting-Lu|Vessel of Ruin\n|turn|1\n|\n|t:|1683208094\n|switch|p1a: Iron Hands|Iron Hands, L50|100\/100\n|move|p2b: Rotom|Will-O-Wisp|p1a: Iron Hands|[miss]\n|-miss|p2b: Rotom|p1a: Iron Hands\n|move|p1b: Wo-Chien|Leech Seed|p2a: Ting-Lu\n|-start|p2a: Ting-Lu|move: Leech Seed\n|move|p2a: Ting-Lu|Whirlwind|p1b: Wo-Chien\n|drag|p1b: Armarouge|Armarouge, L50, F|100\/100\n|\n|-damage|p2a: Ting-Lu|88\/100|[from] Leech Seed|[of] p1b: Armarouge\n|upkeep\n|turn|2\n|inactive|swiggity swooter has 30 seconds left.\n|\n|t:|1683208119\n|-terastallize|p1b: Armarouge|Grass\n|move|p2b: Rotom|Will-O-Wisp|p1a: Iron Hands\n|-status|p1a: Iron Hands|brn\n|move|p1b: Armarouge|Energy Ball|p2b: Rotom\n|-supereffective|p2b: Rotom\n|-damage|p2b: Rotom|19\/100\n|-damage|p1b: Armarouge|91\/100|[from] item: Life Orb\n|move|p1a: Iron Hands|Swords Dance|p1a: Iron Hands\n|-boost|p1a: Iron Hands|atk|2\n|move|p2a: Ting-Lu|Rock Slide|p1b: Armarouge|[spread] p1a,p1b\n|-resisted|p1a: Iron Hands\n|-damage|p1a: Iron Hands|96\/100 brn\n|-damage|p1b: Armarouge|79\/100\n|\n|-heal|p1a: Iron Hands|100\/100 brn|[from] item: Leftovers\n|-damage|p2a: Ting-Lu|76\/100|[from] Leech Seed|[of] p1b: Armarouge\n|-heal|p1b: Armarouge|95\/100|[silent]\n|-damage|p1a: Iron Hands|94\/100 brn|[from] brn\n|upkeep\n|turn|3\n|\n|t:|1683208143\n|move|p2b: Rotom|Protect|p2b: Rotom\n|-singleturn|p2b: Rotom|Protect\n|move|p1b: Armarouge|Protect|p1b: Armarouge\n|-singleturn|p1b: Armarouge|Protect\n|move|p1a: Iron Hands|Swords Dance|p1a: Iron Hands\n|-boost|p1a: Iron Hands|atk|2\n|move|p2a: Ting-Lu|Whirlwind|p1a: Iron Hands\n|-end|p1a: Iron Hands|Quark Drive|[silent]\n|drag|p1a: Wo-Chien|Wo-Chien, L50|100\/100\n|-ability|p1a: Wo-Chien|Tablets of Ruin\n|\n|-damage|p2a: Ting-Lu|64\/100|[from] Leech Seed|[of] p1b: Armarouge\n|-heal|p1b: Armarouge|100\/100|[silent]\n|upkeep\n|turn|4\n|inactive|Lambvgc has 30 seconds left.\n|\n|t:|1683208177\n|switch|p2b: Armarouge|Armarouge, L50, F|100\/100\n|move|p1a: Wo-Chien|Leech Seed|p2b: Armarouge\n|-start|p2b: Armarouge|move: Leech Seed\n|move|p1b: Armarouge|Energy Ball|p2a: Ting-Lu\n|-supereffective|p2a: Ting-Lu\n|-damage|p2a: Ting-Lu|0 fnt\n|faint|p2a: Ting-Lu\n|-damage|p1b: Armarouge|91\/100|[from] item: Life Orb\n|\n|-damage|p2b: Armarouge|88\/100|[from] Leech Seed|[of] p1a: Wo-Chien\n|upkeep\n|\n|t:|1683208188\n|switch|p2a: Indeedee|Indeedee-F, L50, F|100\/100\n|-fieldstart|move: Psychic Terrain|[from] ability: Psychic Surge|[of] p2a: Indeedee\n|-enditem|p2a: Indeedee|Psychic Seed\n|-boost|p2a: Indeedee|spd|1|[from] item: Psychic Seed\n|-enditem|p1a: Wo-Chien|Psychic Seed\n|-boost|p1a: Wo-Chien|spd|1|[from] item: Psychic Seed\n|turn|5\n|\n|t:|1683208203\n|switch|p1a: Gyarados|Gyarados, L50, M|100\/100\n|-ability|p1a: Gyarados|Intimidate|boost\n|-unboost|p2a: Indeedee|atk|1\n|-unboost|p2b: Armarouge|atk|1\n|-terastallize|p2b: Armarouge|Fire\n|move|p1b: Armarouge|Protect|p1b: Armarouge\n|-singleturn|p1b: Armarouge|Protect\n|move|p2a: Indeedee|Follow Me|p2a: Indeedee\n|-singleturn|p2a: Indeedee|move: Follow Me\n|move|p2b: Armarouge|Heat Wave|p1b: Armarouge|[spread] p1a\n|-activate|p1b: Armarouge|move: Protect\n|-resisted|p1a: Gyarados\n|-damage|p1a: Gyarados|76\/100\n|-damage|p2b: Armarouge|78\/100|[from] item: Life Orb\n|\n|-damage|p2b: Armarouge|66\/100|[from] Leech Seed|[of] p1a: Gyarados\n|-heal|p1a: Gyarados|90\/100|[silent]\n|upkeep\n|turn|6\n|\n|t:|1683208223\n|move|p2a: Indeedee|Follow Me|p2a: Indeedee\n|-singleturn|p2a: Indeedee|move: Follow Me\n|move|p1a: Gyarados|Earthquake|p2b: Armarouge|[spread] p1b,p2a,p2b\n|-resisted|p1b: Armarouge\n|-supereffective|p2b: Armarouge\n|-damage|p1b: Armarouge|80\/100\n|-damage|p2a: Indeedee|61\/100\n|-damage|p2b: Armarouge|22\/100\n|move|p1b: Armarouge|Expanding Force|p2a: Indeedee|[spread] p2a,p2b\n|-resisted|p2a: Indeedee\n|-damage|p2a: Indeedee|39\/100\n|-damage|p2b: Armarouge|0 fnt\n|faint|p2b: Armarouge\n|-damage|p1b: Armarouge|70\/100|[from] item: Life Orb\n|\n|upkeep\n|-message|swiggity swooter forfeited.\n|\n|win|Lambvgc\n|raw|Lambvgc's rating: 1077 → 1099<\/strong> (+22 for winning)\n|raw|swiggity swooter's rating: 1000 → 1000<\/strong> (+0 for losing)\n|l|\u2606swiggity swooter\n","uploadtime":1683208232,"views":5,"p1id":"lambvgc","p2id":"swiggityswooter","formatid":"gen9vgc2023regulationc","rating":1000,"private":0,"password":""}