{"id":"gen9vgc2023regulationc-1862032950","p1":"saucyboiii","p2":"Disfrazdetigre","format":"[Gen 9] VGC 2023 Regulation C","log":"|j|\u2606saucyboiii\n|j|\u2606Disfrazdetigre\n|t:|1683830535\n|gametype|doubles\n|player|p1|saucyboiii|roxie|1106\n|player|p2|Disfrazdetigre|colress|1152\n|teamsize|p1|6\n|teamsize|p2|6\n|gen|9\n|tier|[Gen 9] VGC 2023 Regulation C\n|rated|\n|rule|Species Clause: Limit one of each Pok\u00e9mon\n|rule|Item Clause: Limit one of each item\n|clearpoke\n|poke|p1|Murkrow, L50, M|\n|poke|p1|Great Tusk, L50|\n|poke|p1|Chi-Yu, L50|\n|poke|p1|Gholdengo, L50|\n|poke|p1|Flutter Mane, L50|\n|poke|p1|Azumarill, L50, M|\n|poke|p2|Grafaiai, L50, F|\n|poke|p2|Flamigo, L50, M|\n|poke|p2|Garganacl, L50, F|\n|poke|p2|Rotom-Wash, L50|\n|poke|p2|Chien-Pao, L50|\n|poke|p2|Iron Valiant, L50|\n|teampreview|4\nsaucyboiii has agreed to open team sheets.\n|\n|t:|1683830578\n|start\n|switch|p1a: Murkrow|Murkrow, L50, M|100\/100\n|switch|p1b: Great Tusk|Great Tusk, L50|100\/100\n|switch|p2a: Rotom|Rotom-Wash, L50|100\/100\n|switch|p2b: Iron Valiant|Iron Valiant, L50|100\/100\n|-enditem|p2b: Iron Valiant|Booster Energy\n|-activate|p2b: Iron Valiant|ability: Quark Drive|[fromitem]\n|-start|p2b: Iron Valiant|quarkdrivespe\n|turn|1\n|\n|t:|1683830597\n|-end|p1b: Great Tusk|Protosynthesis|[silent]\n|switch|p1b: Gholdengo|Gholdengo, L50|100\/100\n|move|p1a: Murkrow|Tailwind|p1a: Murkrow\n|-sidestart|p1: saucyboiii|move: Tailwind\n|move|p2b: Iron Valiant|Spirit Break|p1a: Murkrow\n|-supereffective|p1a: Murkrow\n|-damage|p1a: Murkrow|9\/100\n|-unboost|p1a: Murkrow|spa|1\n|move|p2a: Rotom|Hydro Pump|p1b: Gholdengo\n|-damage|p1b: Gholdengo|58\/100\n|\n|upkeep\n|turn|2\n|\n|t:|1683830624\n|-terastallize|p2a: Rotom|Electric\n|move|p2b: Iron Valiant|Wide Guard|p2b: Iron Valiant\n|-singleturn|p2b: Iron Valiant|Wide Guard\n|move|p1a: Murkrow|Sunny Day|p1a: Murkrow\n|-weather|SunnyDay\n|move|p1b: Gholdengo|Make It Rain|p2b: Iron Valiant|[spread] \n|-activate|p2a: Rotom|move: Wide Guard\n|-activate|p2b: Iron Valiant|move: Wide Guard\n|move|p2a: Rotom|Thunderbolt|p1b: Gholdengo\n|-damage|p1b: Gholdengo|16\/100\n|-status|p1b: Gholdengo|par\n|\n|-weather|SunnyDay|[upkeep]\n|upkeep\n|turn|3\n|\n|t:|1683830655\n|move|p2b: Iron Valiant|Quick Guard|p2b: Iron Valiant\n|-singleturn|p2b: Iron Valiant|Quick Guard\n|move|p1a: Murkrow|Foul Play|p2b: Iron Valiant\n|-resisted|p2b: Iron Valiant\n|-damage|p2b: Iron Valiant|84\/100\n|move|p1b: Gholdengo|Make It Rain|p2a: Rotom|[spread] p2a,p2b\n|-resisted|p2a: Rotom\n|-supereffective|p2b: Iron Valiant\n|-damage|p2a: Rotom|58\/100\n|-damage|p2b: Iron Valiant|0 fnt\n|-unboost|p1b: Gholdengo|spa|1\n|faint|p2b: Iron Valiant\n|-end|p2b: Iron Valiant|Quark Drive|[silent]\n|move|p2a: Rotom|Thunderbolt|p1b: Gholdengo\n|-damage|p1b: Gholdengo|0 fnt\n|faint|p1b: Gholdengo\n|\n|-weather|SunnyDay|[upkeep]\n|upkeep\n|\n|t:|1683830672\n|switch|p2b: Garganacl|Garganacl, L50, F|100\/100\n|switch|p1b: Flutter Mane|Flutter Mane, L50|100\/100\n|-activate|p1b: Flutter Mane|ability: Protosynthesis\n|-start|p1b: Flutter Mane|protosynthesisspa\n|turn|4\n|inactive|Battle timer is ON: inactive players will automatically lose when time's up. (requested by Disfrazdetigre)\n|\n|t:|1683830701\n|move|p2a: Rotom|Protect|p2a: Rotom\n|-singleturn|p2a: Rotom|Protect\n|move|p1b: Flutter Mane|Moonblast|p2a: Rotom\n|-activate|p2a: Rotom|move: Protect\n|move|p1a: Murkrow|Foul Play|p2b: Garganacl\n|-damage|p2b: Garganacl|67\/100\n|move|p2b: Garganacl|Heavy Slam|p1b: Flutter Mane\n|-supereffective|p1b: Flutter Mane\n|-damage|p1b: Flutter Mane|0 fnt\n|faint|p1b: Flutter Mane\n|-end|p1b: Flutter Mane|Protosynthesis|[silent]\n|\n|-weather|SunnyDay|[upkeep]\n|-sideend|p1: saucyboiii|move: Tailwind\n|upkeep\n|\n|t:|1683830709\n|switch|p1b: Great Tusk|Great Tusk, L50|100\/100\n|-activate|p1b: Great Tusk|ability: Protosynthesis\n|-start|p1b: Great Tusk|protosynthesisatk\n|turn|5\n|\n|t:|1683830725\n|move|p2a: Rotom|Protect||[still]\n|-fail|p2a: Rotom\n|move|p1a: Murkrow|Tailwind|p1a: Murkrow\n|-sidestart|p1: saucyboiii|move: Tailwind\n|move|p1b: Great Tusk|Close Combat|p2a: Rotom\n|-damage|p2a: Rotom|0 fnt\n|-unboost|p1b: Great Tusk|def|1\n|-unboost|p1b: Great Tusk|spd|1\n|faint|p2a: Rotom\n|move|p2b: Garganacl|Heavy Slam|p1a: Murkrow\n|-damage|p1a: Murkrow|0 fnt\n|faint|p1a: Murkrow\n|\n|-weather|SunnyDay|[upkeep]\n|upkeep\n|\n|t:|1683830738\n|switch|p2a: Chien-Pao|Chien-Pao, L50|100\/100\n|-ability|p2a: Chien-Pao|Sword of Ruin\n|turn|6\n|\n|t:|1683830745\n|-terastallize|p1b: Great Tusk|Ground\n|move|p2a: Chien-Pao|Protect|p2a: Chien-Pao\n|-singleturn|p2a: Chien-Pao|Protect\n|move|p1b: Great Tusk|Earthquake|p2b: Garganacl|[spread] p2b\n|-activate|p2a: Chien-Pao|move: Protect\n|-supereffective|p2b: Garganacl\n|-damage|p2b: Garganacl|0 fnt\n|faint|p2b: Garganacl\n|\n|-weather|none\n|-end|p1b: Great Tusk|Protosynthesis\n|upkeep\n|turn|7\n|\n|t:|1683830761\n|move|p2a: Chien-Pao|Protect||[still]\n|-fail|p2a: Chien-Pao\n|move|p1b: Great Tusk|Earthquake|p2a: Chien-Pao\n|-damage|p2a: Chien-Pao|8\/100\n|\n|upkeep\n|turn|8\n|\n|t:|1683830772\n|move|p2a: Chien-Pao|Protect|p2a: Chien-Pao\n|-singleturn|p2a: Chien-Pao|Protect\n|move|p1b: Great Tusk|Earthquake|p2a: Chien-Pao\n|-activate|p2a: Chien-Pao|move: Protect\n|\n|-sideend|p1: saucyboiii|move: Tailwind\n|upkeep\n|turn|9\n|\n|t:|1683830775\n|move|p2a: Chien-Pao|Ice Spinner|p1b: Great Tusk\n|-supereffective|p1b: Great Tusk\n|-enditem|p1b: Great Tusk|Focus Sash\n|-damage|p1b: Great Tusk|1\/100\n|move|p1b: Great Tusk|Earthquake|p2a: Chien-Pao\n|-damage|p2a: Chien-Pao|0 fnt\n|faint|p2a: Chien-Pao\n|\n|win|saucyboiii\n|raw|saucyboiii's rating: 1106 → 1134<\/strong> (+28 for winning)\n|raw|Disfrazdetigre's rating: 1152 → 1124<\/strong> (-28 for losing)\n|c|\u2606saucyboiii|gg\n|c|\u2606Disfrazdetigre|Gg\n|l|\u2606Disfrazdetigre\n","uploadtime":1683830797,"views":8,"p1id":"saucyboiii","p2id":"disfrazdetigre","formatid":"gen9vgc2023regulationc","rating":1124,"private":0,"password":""}