{"id":"gen9vgc2023regulationc-1861081200","p1":"BaltimoreBuizels","p2":"nemooooo","format":"[Gen 9] VGC 2023 Regulation C","log":"|j|\u2606BaltimoreBuizels\n|j|\u2606nemooooo\n|t:|1683724704\n|gametype|doubles\n|player|p1|BaltimoreBuizels|flannery|1123\n|player|p2|nemooooo|102|1147\n|teamsize|p1|6\n|teamsize|p2|6\n|gen|9\n|tier|[Gen 9] VGC 2023 Regulation C\n|rated|\n|rule|Species Clause: Limit one of each Pok\u00e9mon\n|rule|Item Clause: Limit one of each item\n|clearpoke\n|poke|p1|Dragapult, L50, F|\n|poke|p1|Chien-Pao, L50|\n|poke|p1|Talonflame, L50, F|\n|poke|p1|Iron Bundle, L50|\n|poke|p1|Flutter Mane, L50|\n|poke|p1|Amoonguss, L50, M|\n|poke|p2|Espathra, L50, F|\n|poke|p2|Flutter Mane, L50|\n|poke|p2|Chien-Pao, L50|\n|poke|p2|Arcanine, L50, M|\n|poke|p2|Palafin, L50, F|\n|poke|p2|Glimmora, L50, F|\n|teampreview|4\n|inactive|Battle timer is ON: inactive players will automatically lose when time's up. (requested by BaltimoreBuizels)\n|\n|t:|1683724757\n|start\n|switch|p1a: Fluttercott|Flutter Mane, L50, shiny|100\/100\n|switch|p1b: Gimbob|Iron Bundle, L50, shiny|100\/100\n|switch|p2a: Chien-Pao|Chien-Pao, L50|100\/100\n|switch|p2b: Arcanine|Arcanine, L50, M|100\/100\n|-ability|p2a: Chien-Pao|Sword of Ruin\n|-ability|p2b: Arcanine|Intimidate|boost\n|-unboost|p1a: Fluttercott|atk|1\n|-unboost|p1b: Gimbob|atk|1\n|-enditem|p1b: Gimbob|Booster Energy\n|-activate|p1b: Gimbob|ability: Quark Drive|[fromitem]\n|-start|p1b: Gimbob|quarkdrivespe\n|turn|1\n|inactive|nemooooo has 30 seconds left.\n|\n|t:|1683724784\n|move|p2b: Arcanine|Extreme Speed|p1b: Gimbob\n|-damage|p1b: Gimbob|63\/100\n|move|p1b: Gimbob|Hydro Pump|p2b: Arcanine\n|-supereffective|p2b: Arcanine\n|-damage|p2b: Arcanine|0 fnt\n|faint|p2b: Arcanine\n|move|p2a: Chien-Pao|Sacred Sword|p1b: Gimbob\n|-supereffective|p1b: Gimbob\n|-damage|p1b: Gimbob|0 fnt\n|faint|p1b: Gimbob\n|-end|p1b: Gimbob|Quark Drive|[silent]\n|move|p1a: Fluttercott|Dazzling Gleam|p2a: Chien-Pao\n|-supereffective|p2a: Chien-Pao\n|-enditem|p2a: Chien-Pao|Focus Sash\n|-damage|p2a: Chien-Pao|1\/100\n|\n|upkeep\n|\n|t:|1683724799\n|switch|p1b: Whimsiguss|Amoonguss, L50, M|100\/100\n|switch|p2b: Glimmora|Glimmora, L50, F|100\/100\n|turn|2\n|inactive|nemooooo has 30 seconds left.\n|\n|t:|1683724824\n|move|p2a: Chien-Pao|Protect|p2a: Chien-Pao\n|-singleturn|p2a: Chien-Pao|Protect\n|move|p1a: Fluttercott|Dazzling Gleam|p2a: Chien-Pao|[spread] p2b\n|-activate|p2a: Chien-Pao|move: Protect\n|-resisted|p2b: Glimmora\n|-damage|p2b: Glimmora|78\/100\n|move|p2b: Glimmora|Mortal Spin|p1a: Fluttercott|[spread] p1a,p1b\n|-damage|p1a: Fluttercott|91\/100\n|-damage|p1b: Whimsiguss|96\/100\n|-status|p1a: Fluttercott|psn\n|move|p1b: Whimsiguss|Spore|p2b: Glimmora\n|-status|p2b: Glimmora|slp|[from] move: Spore\n|\n|-damage|p1a: Fluttercott|79\/100 psn|[from] psn\n|upkeep\n|turn|3\n|\n|t:|1683724846\n|-end|p1a: Fluttercott|Protosynthesis|[silent]\n|switch|p1a: Turkeyleg|Dragapult, L50, F, shiny|100\/100\n|move|p2a: Chien-Pao|Sucker Punch||[still]\n|-fail|p2a: Chien-Pao\n|cant|p2b: Glimmora|slp\n|move|p1b: Whimsiguss|Pollen Puff|p2a: Chien-Pao\n|-supereffective|p2a: Chien-Pao\n|-damage|p2a: Chien-Pao|0 fnt\n|faint|p2a: Chien-Pao\n|\n|upkeep\n|\n|t:|1683724851\n|switch|p2a: Flutter Mane|Flutter Mane, L50|100\/100\n|-enditem|p2a: Flutter Mane|Booster Energy\n|-activate|p2a: Flutter Mane|ability: Protosynthesis|[fromitem]\n|-start|p2a: Flutter Mane|protosynthesisspe\n|turn|4\n|\n|t:|1683724864\n|-terastallize|p2a: Flutter Mane|Fairy\n|-terastallize|p1a: Turkeyleg|Steel\n|move|p1b: Whimsiguss|Rage Powder|p1b: Whimsiguss\n|-singleturn|p1b: Whimsiguss|move: Rage Powder\n|move|p2a: Flutter Mane|Dazzling Gleam|p1b: Whimsiguss|[spread] p1a,p1b\n|-resisted|p1a: Turkeyleg\n|-resisted|p1b: Whimsiguss\n|-damage|p1a: Turkeyleg|71\/100\n|-damage|p1b: Whimsiguss|78\/100\n|move|p1a: Turkeyleg|Phantom Force||[still]\n|-prepare|p1a: Turkeyleg|Phantom Force\n|-curestatus|p2b: Glimmora|slp|[msg]\n|move|p2b: Glimmora|Sludge Bomb|p1b: Whimsiguss\n|-damage|p1b: Whimsiguss|38\/100\n|-enditem|p1b: Whimsiguss|Sitrus Berry|[eat]\n|-heal|p1b: Whimsiguss|63\/100|[from] item: Sitrus Berry\n|\n|upkeep\n|turn|5\n|\n|t:|1683724886\n|move|p2a: Flutter Mane|Shadow Ball|p1b: Whimsiguss\n|-damage|p1b: Whimsiguss|26\/100\n|move|p1a: Turkeyleg|Phantom Force|p2a: Flutter Mane|[from]lockedmove\n|-damage|p2a: Flutter Mane|0 fnt\n|faint|p2a: Flutter Mane\n|-end|p2a: Flutter Mane|Protosynthesis|[silent]\n|-damage|p1a: Turkeyleg|61\/100|[from] item: Life Orb\n|move|p2b: Glimmora|Earth Power|p1a: Turkeyleg\n|-supereffective|p1a: Turkeyleg\n|-damage|p1a: Turkeyleg|0 fnt\n|faint|p1a: Turkeyleg\n|move|p1b: Whimsiguss|Spore|p2b: Glimmora\n|-status|p2b: Glimmora|slp|[from] move: Spore\n|\n|upkeep\n|\n|t:|1683724892\n|switch|p1a: Fluttercott|Flutter Mane, L50, shiny|79\/100 psn\n|turn|6\n|\n|t:|1683724896\n|move|p1a: Fluttercott|Psyshock|p2b: Glimmora\n|-supereffective|p2b: Glimmora\n|-damage|p2b: Glimmora|0 fnt\n|faint|p2b: Glimmora\n|\n|win|BaltimoreBuizels\n|raw|BaltimoreBuizels's rating: 1123 → 1150<\/strong> (+27 for winning)\n|raw|nemooooo's rating: 1147 → 1120<\/strong> (-27 for losing)\n","uploadtime":1683724900,"views":17,"p1id":"baltimorebuizels","p2id":"nemooooo","formatid":"gen9vgc2023regulationc","rating":1120,"private":0,"password":""}