{"id":"gen9vgc2023regulationc-1847721967","p1":"tensing","p2":"Ricardo Randorez","format":"[Gen 9] VGC 2023 Regulation C","log":"|j|\u2606tensing\n|j|\u2606Ricardo Randorez\n|t:|1681996168\n|gametype|doubles\n|player|p1|tensing|silver|1263\n|player|p2|Ricardo Randorez|266|1185\n|teamsize|p1|6\n|teamsize|p2|6\n|gen|9\n|tier|[Gen 9] VGC 2023 Regulation C\n|rated|\n|rule|Species Clause: Limit one of each Pok\u00e9mon\n|rule|Item Clause: Limit one of each item\n|clearpoke\n|poke|p1|Talonflame, L50, F|\n|poke|p1|Gyarados, L50, M|\n|poke|p1|Dragonite, L50, F|\n|poke|p1|Rotom-Fan, L50|\n|poke|p1|Iron Jugulis, L50|\n|poke|p1|Tropius, L50, F|\n|poke|p2|Flutter Mane, L50|\n|poke|p2|Chi-Yu, L50|\n|poke|p2|Iron Bundle, L50|\n|poke|p2|Amoonguss, L50, F|\n|poke|p2|Palafin, L50, M|\n|poke|p2|Iron Hands, L50|\n|teampreview|4\n|inactive|Battle timer is ON: inactive players will automatically lose when time's up. (requested by Ricardo Randorez)\n|\n|t:|1681996215\n|start\n|switch|p1a: Talonflame|Talonflame, L50, F|100\/100\n|switch|p1b: Gyarados|Gyarados, L50, M|100\/100\n|switch|p2a: LOVE BETRAYAL|Chi-Yu, L50|100\/100\n|switch|p2b: bundle of bitches|Iron Bundle, L50|100\/100\n|-ability|p2a: LOVE BETRAYAL|Beads of Ruin\n|-ability|p1b: Gyarados|Intimidate|boost\n|-unboost|p2a: LOVE BETRAYAL|atk|1\n|-unboost|p2b: bundle of bitches|atk|1\n|-enditem|p2b: bundle of bitches|Booster Energy\n|-activate|p2b: bundle of bitches|ability: Quark Drive|[fromitem]\n|-start|p2b: bundle of bitches|quarkdrivespe\n|turn|1\n|inactive|Ricardo Randorez has 30 seconds left.\n|inactive|Ricardo Randorez has 20 seconds left.\n|inactive|Ricardo Randorez has 15 seconds left.\n|\n|t:|1681996258\n|-terastallize|p2a: LOVE BETRAYAL|Ghost\n|-terastallize|p1b: Gyarados|Ground\n|move|p1a: Talonflame|Tailwind|p1a: Talonflame\n|-sidestart|p1: tensing|move: Tailwind\n|move|p2b: bundle of bitches|Freeze-Dry|p1b: Gyarados\n|-supereffective|p1b: Gyarados\n|-damage|p1b: Gyarados|9\/100\n|move|p1b: Gyarados|Earthquake|p2a: LOVE BETRAYAL|[spread] p2a,p2b\n|-immune|p1a: Talonflame\n|-damage|p2a: LOVE BETRAYAL|33\/100\n|-damage|p2b: bundle of bitches|46\/100\n|move|p2a: LOVE BETRAYAL|Dark Pulse|p1a: Talonflame\n|-damage|p1a: Talonflame|3\/100\n|\n|upkeep\n|turn|2\n|inactive|Ricardo Randorez has 30 seconds left.\n|\n|t:|1681996284\n|switch|p2a: catch these hands|Iron Hands, L50|100\/100\n|move|p2b: bundle of bitches|Protect|p2b: bundle of bitches\n|-singleturn|p2b: bundle of bitches|Protect\n|move|p1a: Talonflame|Brave Bird|p2b: bundle of bitches\n|-activate|p2b: bundle of bitches|move: Protect\n|move|p1b: Gyarados|Earthquake|p2a: catch these hands|[spread] p2a\n|-activate|p2b: bundle of bitches|move: Protect\n|-immune|p1a: Talonflame\n|-supereffective|p2a: catch these hands\n|-damage|p2a: catch these hands|51\/100\n|\n|upkeep\n|turn|3\n|inactive|tensing has 30 seconds left.\n|inactive|Ricardo Randorez has 30 seconds left.\n|\n|t:|1681996319\n|switch|p1a: Iron Jugulis|Iron Jugulis, L50|100\/100\n|-enditem|p1a: Iron Jugulis|Booster Energy\n|-activate|p1a: Iron Jugulis|ability: Quark Drive|[fromitem]\n|-start|p1a: Iron Jugulis|quarkdrivespe\n|move|p2a: catch these hands|Fake Out|p1b: Gyarados\n|-damage|p1b: Gyarados|0 fnt\n|faint|p1b: Gyarados\n|move|p2b: bundle of bitches|Icy Wind|p1a: Iron Jugulis\n|-supereffective|p1a: Iron Jugulis\n|-damage|p1a: Iron Jugulis|32\/100\n|-unboost|p1a: Iron Jugulis|spe|1\n|\n|upkeep\n|\n|t:|1681996327\n|switch|p1b: Talonflame|Talonflame, L50, F|3\/100\n|turn|4\n|\n|t:|1681996337\n|move|p2b: bundle of bitches|Protect|p2b: bundle of bitches\n|-singleturn|p2b: bundle of bitches|Protect\n|move|p1b: Talonflame|Brave Bird|p2b: bundle of bitches\n|-activate|p2b: bundle of bitches|move: Protect\n|move|p1a: Iron Jugulis|Hurricane|p2a: catch these hands\n|-damage|p2a: catch these hands|17\/100\n|move|p2a: catch these hands|Volt Switch|p1b: Talonflame\n|-supereffective|p1b: Talonflame\n|-damage|p1b: Talonflame|0 fnt\n|faint|p1b: Talonflame\n|\n|t:|1681996354\n|-end|p2a: catch these hands|Quark Drive|[silent]\n|switch|p2a: LOVE BETRAYAL|Chi-Yu, L50, tera:Ghost|33\/100|[from] Volt Switch\n|-ability|p2a: LOVE BETRAYAL|Beads of Ruin\n|\n|-sideend|p1: tensing|move: Tailwind\n|upkeep\n|\n|t:|1681996357\n|switch|p1b: Rotom|Rotom-Fan, L50|100\/100\n|turn|5\n|\n|t:|1681996376\n|move|p2b: bundle of bitches|Freeze-Dry|p1b: Rotom\n|-supereffective|p1b: Rotom\n|-damage|p1b: Rotom|0 fnt\n|faint|p1b: Rotom\n|move|p1a: Iron Jugulis|Tailwind|p1a: Iron Jugulis\n|-sidestart|p1: tensing|move: Tailwind\n|move|p2a: LOVE BETRAYAL|Dark Pulse|p1a: Iron Jugulis\n|-resisted|p1a: Iron Jugulis\n|-damage|p1a: Iron Jugulis|0 fnt\n|faint|p1a: Iron Jugulis\n|-end|p1a: Iron Jugulis|Quark Drive|[silent]\n|\n|win|Ricardo Randorez\n|raw|tensing's rating: 1263 → 1232<\/strong> (-31 for losing)\n|raw|Ricardo Randorez's rating: 1185 → 1216<\/strong> (+31 for winning)\n","uploadtime":1681996389,"views":6,"p1id":"tensing","p2id":"ricardorandorez","formatid":"gen9vgc2023regulationc","rating":1216,"private":0,"password":""}