{"id":"gen9vgc2023regulationc-1863940472","p1":"CBiard","p2":"StantlerGOAT","format":"[Gen 9] VGC 2023 Regulation C","log":"|j|\u2606CBiard\n|j|\u2606StantlerGOAT\n|t:|1684095824\n|gametype|doubles\n|player|p1|CBiard|265|1198\n|player|p2|StantlerGOAT|1|1094\n|teamsize|p1|6\n|teamsize|p2|6\n|gen|9\n|tier|[Gen 9] VGC 2023 Regulation C\n|rated|\n|rule|Species Clause: Limit one of each Pok\u00e9mon\n|rule|Item Clause: Limit one of each item\n|clearpoke\n|poke|p1|Chien-Pao, L50|\n|poke|p1|Flutter Mane, L50|\n|poke|p1|Gothitelle, L50, F|\n|poke|p1|Amoonguss, L50, F|\n|poke|p1|Palafin, L50, F|\n|poke|p1|Ting-Lu, L50|\n|poke|p2|Dudunsparce-*, L50, M|\n|poke|p2|Oranguru, L50, M|\n|poke|p2|Iron Hands, L50|\n|poke|p2|Bronzong, L50|\n|poke|p2|Torkoal, L50, M|\n|poke|p2|Ting-Lu, L50|\n|teampreview|4\n|\n|t:|1684095868\n|start\n|switch|p1a: Chien-Pao|Chien-Pao, L50|100\/100\n|switch|p1b: Palafin|Palafin, L50, F|100\/100\n|switch|p2a: Dudunsparce|Dudunsparce, L50, M|100\/100\n|switch|p2b: Oranguru|Oranguru, L50, M|100\/100\n|-ability|p1a: Chien-Pao|Sword of Ruin\n|turn|1\n|inactive|Battle timer is ON: inactive players will automatically lose when time's up. (requested by CBiard)\n|\n|t:|1684095895\n|detailschange|p1b: Palafin|Palafin-Hero, L50, F\n|switch|p1b: Ting-Lu|Ting-Lu, L50|100\/100\n|-ability|p1b: Ting-Lu|Vessel of Ruin\n|-terastallize|p2b: Oranguru|Grass\n|move|p2a: Dudunsparce|Protect|p2a: Dudunsparce\n|-singleturn|p2a: Dudunsparce|Protect\n|move|p1a: Chien-Pao|Sacred Sword|p2a: Dudunsparce\n|-activate|p2a: Dudunsparce|move: Protect\n|move|p2b: Oranguru|Trick Room|p2b: Oranguru\n|-fieldstart|move: Trick Room|[of] p2b: Oranguru\n|\n|upkeep\n|turn|2\n|\n|t:|1684095920\n|move|p1a: Chien-Pao|Ice Shard|p2b: Oranguru\n|-supereffective|p2b: Oranguru\n|-damage|p2b: Oranguru|53\/100\n|-damage|p1a: Chien-Pao|91\/100|[from] item: Life Orb\n|move|p2b: Oranguru|Brick Break|p2a: Dudunsparce\n|-supereffective|p2a: Dudunsparce\n|-damage|p2a: Dudunsparce|78\/100\n|-enditem|p2a: Dudunsparce|Weakness Policy\n|-boost|p2a: Dudunsparce|atk|2|[from] item: Weakness Policy\n|-boost|p2a: Dudunsparce|spa|2|[from] item: Weakness Policy\n|-activate|p2b: Oranguru|ability: Symbiosis|Wide Lens|[of] p2a: Dudunsparce\n|move|p2a: Dudunsparce|Rock Slide|p1b: Ting-Lu|[spread] p1a,p1b\n|-supereffective|p1a: Chien-Pao\n|-resisted|p1b: Ting-Lu\n|-damage|p1a: Chien-Pao|0 fnt\n|-damage|p1b: Ting-Lu|86\/100\n|faint|p1a: Chien-Pao\n|cant|p1b: Ting-Lu|flinch\n|\n|upkeep\n|inactive|CBiard has 30 seconds left.\n|\n|t:|1684095945\n|switch|p1a: Palafin|Palafin-Hero, L50, F|100\/100\n|-activate|p1a: Palafin|ability: Zero to Hero\n|turn|3\n|\n|t:|1684095964\n|move|p1a: Palafin|Protect|p1a: Palafin\n|-singleturn|p1a: Palafin|Protect\n|move|p2b: Oranguru|Instruct|p2a: Dudunsparce\n|-singleturn|p2a: Dudunsparce|move: Instruct|[of] p2b: Oranguru\n|move|p2a: Dudunsparce|Rock Slide|p1a: Palafin|[spread] p1b\n|-activate|p1a: Palafin|move: Protect\n|-resisted|p1b: Ting-Lu\n|-damage|p1b: Ting-Lu|76\/100\n|move|p2a: Dudunsparce|Rock Slide|p1a: Palafin|[spread] p1b\n|-activate|p1a: Palafin|move: Protect\n|-resisted|p1b: Ting-Lu\n|-damage|p1b: Ting-Lu|66\/100\n|cant|p1b: Ting-Lu|flinch\n|\n|upkeep\n|turn|4\n|inactive|CBiard has 30 seconds left.\n|\n|t:|1684095991\n|-terastallize|p1a: Palafin|Water\n|move|p1a: Palafin|Jet Punch|p2a: Dudunsparce\n|-damage|p2a: Dudunsparce|18\/100\n|move|p2b: Oranguru|Instruct|p2a: Dudunsparce\n|-singleturn|p2a: Dudunsparce|move: Instruct|[of] p2b: Oranguru\n|move|p2a: Dudunsparce|Rock Slide|p1a: Palafin|[spread] p1a,p1b\n|-resisted|p1b: Ting-Lu\n|-damage|p1a: Palafin|69\/100\n|-damage|p1b: Ting-Lu|56\/100\n|move|p2a: Dudunsparce|Rock Slide|p1a: Palafin|[spread] p1a,p1b\n|-resisted|p1b: Ting-Lu\n|-damage|p1a: Palafin|35\/100\n|-damage|p1b: Ting-Lu|47\/100\n|cant|p1b: Ting-Lu|flinch\n|\n|upkeep\n|turn|5\n|inactive|StantlerGOAT has 30 seconds left.\n|\n|t:|1684096021\n|move|p1a: Palafin|Jet Punch|p2a: Dudunsparce\n|-damage|p2a: Dudunsparce|0 fnt\n|faint|p2a: Dudunsparce\n|move|p2b: Oranguru|Instruct|p2: Dudunsparce|[notarget]\n|-fail|p2b: Oranguru\n|move|p1b: Ting-Lu|Stomping Tantrum|p2b: Oranguru\n|-resisted|p2b: Oranguru\n|-damage|p2b: Oranguru|31\/100\n|\n|-fieldend|move: Trick Room\n|upkeep\n|\n|t:|1684096026\n|switch|p2a: Torkoal|Torkoal, L50, M|100\/100\n|-weather|SunnyDay|[from] ability: Drought|[of] p2a: Torkoal\n|turn|6\n|inactive|CBiard has 30 seconds left.\n|\n|t:|1684096058\n|switch|p2a: Iron Hands|Iron Hands, L50|100\/100\n|move|p2b: Oranguru|Protect|p2b: Oranguru\n|-singleturn|p2b: Oranguru|Protect\n|move|p1a: Palafin|Wave Crash|p2a: Iron Hands\n|-damage|p2a: Iron Hands|52\/100\n|-damage|p1a: Palafin|17\/100|[from] Recoil\n|move|p1b: Ting-Lu|Fissure|p2b: Oranguru\n|-activate|p2b: Oranguru|move: Protect\n|\n|-weather|SunnyDay|[upkeep]\n|upkeep\n|turn|7\n|c|\u2606StantlerGOAT|Oh no dundunsparce is dundn ded\n|\n|t:|1684096081\n|move|p2a: Iron Hands|Fake Out|p1a: Palafin\n|-damage|p1a: Palafin|2\/100\n|cant|p1a: Palafin|flinch\n|move|p1b: Ting-Lu|Stomping Tantrum|p2a: Iron Hands\n|-supereffective|p2a: Iron Hands\n|-damage|p2a: Iron Hands|10\/100\n|move|p2b: Oranguru|Trick Room|p2b: Oranguru\n|-fieldstart|move: Trick Room|[of] p2b: Oranguru\n|\n|-weather|SunnyDay|[upkeep]\n|upkeep\n|turn|8\n|inactive|CBiard has 30 seconds left.\n|inactive|StantlerGOAT has 30 seconds left.\n|inactive|CBiard has 20 seconds left.\n|\n|t:|1684096117\n|move|p1a: Palafin|Jet Punch|p2a: Iron Hands\n|-damage|p2a: Iron Hands|0 fnt\n|faint|p2a: Iron Hands\n|-end|p2a: Iron Hands|Quark Drive|[silent]\n|move|p2b: Oranguru|Brick Break|p1a: Palafin\n|-damage|p1a: Palafin|0 fnt\n|faint|p1a: Palafin\n|move|p1b: Ting-Lu|Fissure|p2b: Oranguru|[miss]\n|-miss|p1b: Ting-Lu|p2b: Oranguru\n|\n|-weather|SunnyDay|[upkeep]\n|upkeep\n|\n|t:|1684096129\n|switch|p2a: Torkoal|Torkoal, L50, M|100\/100\n|switch|p1a: Flutter Mane|Flutter Mane, L50|100\/100\n|-activate|p1a: Flutter Mane|ability: Protosynthesis\n|-start|p1a: Flutter Mane|protosynthesisspe\n|turn|9\n|\n|t:|1684096143\n|move|p1a: Flutter Mane|Protect|p1a: Flutter Mane\n|-singleturn|p1a: Flutter Mane|Protect\n|move|p2a: Torkoal|Eruption|p1b: Ting-Lu|[spread] p1b\n|-activate|p1a: Flutter Mane|move: Protect\n|-damage|p1b: Ting-Lu|21\/100\n|move|p2b: Oranguru|Instruct|p2a: Torkoal\n|-singleturn|p2a: Torkoal|move: Instruct|[of] p2b: Oranguru\n|move|p2a: Torkoal|Eruption|p1a: Flutter Mane|[spread] p1b\n|-activate|p1a: Flutter Mane|move: Protect\n|-damage|p1b: Ting-Lu|0 fnt\n|faint|p1b: Ting-Lu\n|\n|-weather|SunnyDay|[upkeep]\n|upkeep\n|turn|10\n|\n|t:|1684096162\n|move|p2a: Torkoal|Eruption|p1a: Flutter Mane\n|-enditem|p1a: Flutter Mane|Focus Sash\n|-damage|p1a: Flutter Mane|1\/100\n|move|p2b: Oranguru|Instruct|p2a: Torkoal\n|-singleturn|p2a: Torkoal|move: Instruct|[of] p2b: Oranguru\n|move|p2a: Torkoal|Eruption|p1a: Flutter Mane\n|-damage|p1a: Flutter Mane|0 fnt\n|faint|p1a: Flutter Mane\n|-end|p1a: Flutter Mane|Protosynthesis|[silent]\n|\n|win|StantlerGOAT\n|raw|CBiard's rating: 1198 → 1166<\/strong> (-32 for losing)\n|raw|StantlerGOAT's rating: 1094 → 1127<\/strong> (+33 for winning)\n|c|\u2606CBiard|gg\n|c|\u2606StantlerGOAT|Thanks\n|c|\u2606StantlerGOAT|Gg\n|c|\u2606CBiard|cool strat\n","uploadtime":1684096177,"views":6,"p1id":"cbiard","p2id":"stantlergoat","formatid":"gen9vgc2023regulationc","rating":1127,"private":0,"password":""}