{"id":"gen9vgc2023regulationc-1850508163","p1":"Infernape314","p2":"SlapDatLaprass","format":"[Gen 9] VGC 2023 Regulation C","log":"|j|\u2606Infernape314\n|j|\u2606SlapDatLaprass\n|t:|1682344143\n|gametype|doubles\n|player|p1|Infernape314|265|\n|player|p2|SlapDatLaprass|baker|\n|teamsize|p1|6\n|teamsize|p2|6\n|gen|9\n|tier|[Gen 9] VGC 2023 Regulation C\n|rated|Tournament battle\n|rule|Species Clause: Limit one of each Pok\u00e9mon\n|rule|Item Clause: Limit one of each item\n|clearpoke\n|poke|p1|Palafin, L50, F|\n|poke|p1|Amoonguss, L50, F|\n|poke|p1|Pelipper, L50, F|\n|poke|p1|Iron Hands, L50|\n|poke|p1|Chien-Pao, L50|\n|poke|p1|Salamence, L50, M|\n|poke|p2|Maushold, L50|\n|poke|p2|Annihilape, L50, M|\n|poke|p2|Tyranitar, L50, M|\n|poke|p2|Lycanroc, L50, M|\n|poke|p2|Lumineon, L50, F|\n|poke|p2|Meowscarada, L50, M|\n|teampreview|4\n|raw| Open Team Sheet for Infernape314<\/summary>Palafin @ Mystic Water Ability: Zero to Hero Level: 50 Tera Type: Water - Wave Crash - Jet Punch - Haze - Protect Amoonguss @ Sitrus Berry Ability: Regenerator Level: 50 Tera Type: Dark - Spore - Rage Powder - Pollen Puff - Protect Pelipper @ Focus Sash Ability: Drizzle Level: 50 Tera Type: Grass - Hydro Pump - Hurricane - Tailwind - Wide Guard Iron Hands @ Assault Vest Ability: Quark Drive Level: 50 Tera Type: Grass - Drain Punch - Wild Charge - Fake Out - Volt Switch Chien-Pao @ Life Orb Ability: Sword of Ruin Level: 50 Tera Type: Ghost - Ice Spinner - Sucker Punch - Sacred Sword - Protect Salamence @ Sharp Beak Ability: Intimidate Level: 50 Tera Type: Steel - Draco Meteor - Hurricane - Tera Blast - Protect <\/details><\/div> Open Team Sheet for SlapDatLaprass<\/summary>Maushold @ Safety Goggles Ability: Friend Guard Level: 50 Tera Type: Ghost - Feint - Protect - Beat Up - Follow Me Annihilape (M) @ Leftovers Ability: Defiant Level: 50 Tera Type: Flying - Rage Fist - Drain Punch - Bulk Up - Protect Tyranitar @ Assault Vest Ability: Sand Stream Level: 50 Tera Type: Flying - Rock Slide - Assurance - Low Kick - Tera Blast Lycanroc (M) @ Focus Sash Ability: Sand Rush Level: 50 Tera Type: Rock - Accelerock - Rock Slide - Endeavor - Endure Lumineon (F) @ Choice Scarf Ability: Storm Drain Level: 50 Tera Type: Ghost - Soak - Hydro Pump - Icy Wind - U-turn Meowscarada (M) @ Weakness Policy Ability: Overgrow Level: 50 Shiny: Yes Tera Type: Fire - Flower Trick - Thunder Punch - Knock Off - Protect <\/details><\/div>\n|inactive|Battle timer is ON: inactive players will automatically lose when time's up. (requested by Infernape314)\n|j| roby nait\n|l| roby nait\n|inactive|Infernape314 has 60 seconds left.\n|inactive|SlapDatLaprass has 60 seconds left.\n|\n|t:|1682344180\n|start\n|switch|p1a: Pelipper|Pelipper, L50, F|100\/100\n|switch|p1b: Palafin|Palafin, L50, F|100\/100\n|switch|p2a: Annihilape|Annihilape, L50, M|100\/100\n|switch|p2b: Maushold|Maushold, L50|100\/100\n|-weather|RainDance|[from] ability: Drizzle|[of] p1a: Pelipper\n|turn|1\n|inactive|Infernape314 has 30 seconds left.\n|inactive|Infernape314 has 20 seconds left.\n|inactive|Infernape314 has 15 seconds left.\n|\n|t:|1682344222\n|detailschange|p1b: Palafin|Palafin-Hero, L50, F\n|switch|p1b: Salamence|Salamence, L50, M|100\/100\n|-ability|p1b: Salamence|Intimidate|boost\n|-unboost|p2a: Annihilape|atk|1\n|-ability|p2a: Annihilape|Defiant|boost\n|-boost|p2a: Annihilape|atk|2\n|-unboost|p2b: Maushold|atk|1\n|move|p2b: Maushold|Beat Up|p2a: Annihilape\n|-damage|p2a: Annihilape|98\/100\n|-damage|p2a: Annihilape|97\/100\n|-damage|p2a: Annihilape|95\/100\n|-damage|p2a: Annihilape|93\/100\n|-hitcount|p2a: Annihilape|4\n|move|p2a: Annihilape|Rage Fist|p1b: Salamence\n|-damage|p1b: Salamence|0 fnt\n|faint|p1b: Salamence\n|move|p1a: Pelipper|Hurricane|p2a: Annihilape\n|-supereffective|p2a: Annihilape\n|-damage|p2a: Annihilape|47\/100\n|\n|-weather|RainDance|[upkeep]\n|-heal|p2a: Annihilape|53\/100|[from] item: Leftovers\n|upkeep\n|\n|t:|1682344243\n|switch|p1b: Palafin|Palafin-Hero, L50, F|100\/100\n|-activate|p1b: Palafin|ability: Zero to Hero\n|turn|2\n|inactive|SlapDatLaprass has 30 seconds left.\n|inactive|SlapDatLaprass has 20 seconds left.\n|\n|t:|1682344282\n|switch|p2b: Lumineon|Lumineon, L50, F|100\/100\n|-terastallize|p2a: Annihilape|Flying\n|move|p1b: Palafin|Protect|p1b: Palafin\n|-singleturn|p1b: Palafin|Protect\n|move|p2a: Annihilape|Rage Fist|p1b: Palafin\n|-activate|p1b: Palafin|move: Protect\n|move|p1a: Pelipper|Hurricane|p2a: Annihilape\n|-crit|p2a: Annihilape\n|-damage|p2a: Annihilape|6\/100\n|-start|p2a: Annihilape|confusion\n|\n|-weather|RainDance|[upkeep]\n|-heal|p2a: Annihilape|12\/100|[from] item: Leftovers\n|upkeep\n|turn|3\n|\n|t:|1682344306\n|switch|p1b: Iron Hands|Iron Hands, L50|100\/100\n|move|p2b: Lumineon|Icy Wind|p1a: Pelipper|[spread] p1a,p1b\n|-damage|p1a: Pelipper|88\/100\n|-damage|p1b: Iron Hands|97\/100\n|-unboost|p1a: Pelipper|spe|1\n|-unboost|p1b: Iron Hands|spe|1\n|-activate|p2a: Annihilape|confusion\n|move|p2a: Annihilape|Rage Fist|p1a: Pelipper\n|-damage|p1a: Pelipper|0 fnt\n|faint|p1a: Pelipper\n|\n|-weather|RainDance|[upkeep]\n|-heal|p2a: Annihilape|18\/100|[from] item: Leftovers\n|upkeep\n|\n|t:|1682344319\n|switch|p1a: Palafin|Palafin-Hero, L50, F|100\/100\n|turn|4\n|\n|t:|1682344333\n|move|p1a: Palafin|Protect|p1a: Palafin\n|-singleturn|p1a: Palafin|Protect\n|move|p1b: Iron Hands|Fake Out|p2a: Annihilape\n|-damage|p2a: Annihilape|0 fnt\n|faint|p2a: Annihilape\n|move|p2b: Lumineon|Icy Wind|p1b: Iron Hands|[spread] p1b\n|-activate|p1a: Palafin|move: Protect\n|-damage|p1b: Iron Hands|93\/100\n|-unboost|p1b: Iron Hands|spe|1\n|\n|-weather|RainDance|[upkeep]\n|upkeep\n|\n|t:|1682344338\n|switch|p2a: Meowscarada|Meowscarada, L50, M, shiny|100\/100\n|turn|5\n|\n|t:|1682344357\n|switch|p2b: Maushold|Maushold, L50|100\/100\n|-terastallize|p1b: Iron Hands|Grass\n|move|p1a: Palafin|Protect||[still]\n|-fail|p1a: Palafin\n|move|p2a: Meowscarada|Flower Trick|p1a: Palafin\n|-supereffective|p1a: Palafin\n|-crit|p1a: Palafin\n|-damage|p1a: Palafin|19\/100\n|move|p1b: Iron Hands|Wild Charge|p2b: Maushold\n|-damage|p2b: Maushold|42\/100\n|-damage|p1b: Iron Hands|82\/100|[from] Recoil\n|\n|-weather|none\n|upkeep\n|turn|6\n|inactive|SlapDatLaprass has 30 seconds left.\n|\n|t:|1682344390\n|move|p2b: Maushold|Feint|p1a: Palafin\n|-damage|p1a: Palafin|11\/100\n|move|p1a: Palafin|Jet Punch|p2b: Maushold\n|-damage|p2b: Maushold|0 fnt\n|faint|p2b: Maushold\n|move|p2a: Meowscarada|Flower Trick|p1a: Palafin\n|-supereffective|p1a: Palafin\n|-crit|p1a: Palafin\n|-damage|p1a: Palafin|0 fnt\n|faint|p1a: Palafin\n|move|p1b: Iron Hands|Drain Punch|p2a: Meowscarada\n|-supereffective|p2a: Meowscarada\n|-damage|p2a: Meowscarada|0 fnt\n|-heal|p1b: Iron Hands|100\/100|[from] drain|[of] p2a: Meowscarada\n|faint|p2a: Meowscarada\n|\n|upkeep\n|\n|t:|1682344398\n|switch|p2b: Lumineon|Lumineon, L50, F|100\/100\n|turn|7\n|\n|t:|1682344407\n|move|p2b: Lumineon|Icy Wind|p1b: Iron Hands\n|-supereffective|p1b: Iron Hands\n|-damage|p1b: Iron Hands|89\/100\n|-unboost|p1b: Iron Hands|spe|1\n|move|p1b: Iron Hands|Wild Charge|p2b: Lumineon\n|-supereffective|p2b: Lumineon\n|-damage|p2b: Lumineon|0 fnt\n|faint|p2b: Lumineon\n|-damage|p1b: Iron Hands|72\/100|[from] Recoil\n|\n|win|Infernape314\n|n|\u2606Infernape314|infernape314\n|n|\u2606SlapDatLaprass|slapdatlaprass\n|c|\u2606Infernape314|gg\n|l|\u2606SlapDatLaprass\n","uploadtime":1682344426,"views":27,"p1id":"infernape314","p2id":"slapdatlaprass","formatid":"gen9vgc2023regulationc","rating":0,"private":0,"password":""}