{"id":"gen9vgc2023regulationc-1862114478","p1":"WhenWillIGetGood","p2":"garfieldslaya","format":"[Gen 9] VGC 2023 Regulation C","log":"|j|\u2606WhenWillIGetGood\n|j|\u2606garfieldslaya\n|t:|1683838433\n|gametype|doubles\n|player|p1|WhenWillIGetGood|1|1138\n|player|p2|garfieldslaya|jasmine|1156\n|teamsize|p1|6\n|teamsize|p2|6\n|gen|9\n|tier|[Gen 9] VGC 2023 Regulation C\n|rated|\n|rule|Species Clause: Limit one of each Pok\u00e9mon\n|rule|Item Clause: Limit one of each item\n|clearpoke\n|poke|p1|Torkoal, L50, M|\n|poke|p1|Lilligant, L50, F|\n|poke|p1|Oranguru, L50, M|\n|poke|p1|Lycanroc-Midnight, L50, M|\n|poke|p1|Dondozo, L50, M|\n|poke|p1|Tatsugiri-Stretchy, L50, F|\n|poke|p2|Amoonguss, L50, M|\n|poke|p2|Flutter Mane, L50|\n|poke|p2|Arcanine, L50, M|\n|poke|p2|Baxcalibur, L50, F|\n|poke|p2|Ting-Lu, L50|\n|poke|p2|Rotom-Wash, L50|\n|teampreview|4\n|inactive|Battle timer is ON: inactive players will automatically lose when time's up. (requested by WhenWillIGetGood)\ngarfieldslaya has agreed to open team sheets.\nWhenWillIGetGood rejected open team sheets.\n|inactive|WhenWillIGetGood has 60 seconds left.\n|inactive|garfieldslaya has 60 seconds left.\n|\n|t:|1683838471\n|start\n|switch|p1a: Lilligant|Lilligant, L50, F|100\/100\n|switch|p1b: Oranguru|Oranguru, L50, M|100\/100\n|switch|p2a: Ting-Lu|Ting-Lu, L50|100\/100\n|switch|p2b: Amoonguss|Amoonguss, L50, M|100\/100\n|-ability|p2a: Ting-Lu|Vessel of Ruin\n|turn|1\n|\n|t:|1683838492\n|-terastallize|p1b: Oranguru|Grass\n|move|p2a: Ting-Lu|Protect|p2a: Ting-Lu\n|-singleturn|p2a: Ting-Lu|Protect\n|move|p1a: Lilligant|Sleep Powder|p2a: Ting-Lu\n|-activate|p2a: Ting-Lu|move: Protect\n|move|p2b: Amoonguss|Spore|p1b: Oranguru\n|-immune|p1b: Oranguru\n|move|p1b: Oranguru|Trick Room|p1b: Oranguru\n|-fieldstart|move: Trick Room|[of] p1b: Oranguru\n|\n|upkeep\n|turn|2\n|inactive|WhenWillIGetGood has 30 seconds left.\n|inactive|garfieldslaya has 30 seconds left.\n|inactive|garfieldslaya has 20 seconds left.\n|\n|t:|1683838530\n|move|p2b: Amoonguss|Pollen Puff|p1a: Lilligant\n|-supereffective|p1a: Lilligant\n|-damage|p1a: Lilligant|58\/100\n|move|p1b: Oranguru|Psyshock|p2b: Amoonguss\n|-supereffective|p2b: Amoonguss\n|-damage|p2b: Amoonguss|67\/100\n|move|p2a: Ting-Lu|Heavy Slam|p1a: Lilligant\n|-damage|p1a: Lilligant|5\/100\n|move|p1a: Lilligant|Solar Beam||[still]\n|-prepare|p1a: Lilligant|Solar Beam\n|-enditem|p1a: Lilligant|Power Herb\n|-anim|p1a: Lilligant|Solar Beam|p2a: Ting-Lu\n|-supereffective|p2a: Ting-Lu\n|-damage|p2a: Ting-Lu|50\/100\n|\n|-heal|p2a: Ting-Lu|56\/100|[from] item: Leftovers\n|upkeep\n|turn|3\n|inactive|garfieldslaya has 30 seconds left.\n|inactive|garfieldslaya has 20 seconds left.\n|\n|t:|1683838568\n|move|p1a: Lilligant|Protect|p1a: Lilligant\n|-singleturn|p1a: Lilligant|Protect\n|move|p2b: Amoonguss|Pollen Puff|p1a: Lilligant\n|-activate|p1a: Lilligant|move: Protect\n|move|p1b: Oranguru|Psyshock|p2b: Amoonguss\n|-supereffective|p2b: Amoonguss\n|-damage|p2b: Amoonguss|31\/100\n|move|p2a: Ting-Lu|Heavy Slam|p1b: Oranguru\n|-damage|p1b: Oranguru|76\/100\n|\n|-heal|p2a: Ting-Lu|62\/100|[from] item: Leftovers\n|upkeep\n|turn|4\n|inactive|garfieldslaya has 30 seconds left.\n|\n|t:|1683838598\n|switch|p1a: Torkoal|Torkoal, L50, M|100\/100\n|-weather|SunnyDay|[from] ability: Drought|[of] p1a: Torkoal\n|-terastallize|p2b: Amoonguss|Water\n|move|p2b: Amoonguss|Pollen Puff|p1a: Torkoal\n|-resisted|p1a: Torkoal\n|-damage|p1a: Torkoal|92\/100\n|move|p1b: Oranguru|Psyshock|p2b: Amoonguss\n|-damage|p2b: Amoonguss|14\/100\n|move|p2a: Ting-Lu|Heavy Slam|p1b: Oranguru\n|-damage|p1b: Oranguru|52\/100\n|\n|-weather|SunnyDay|[upkeep]\n|-heal|p2a: Ting-Lu|68\/100|[from] item: Leftovers\n|upkeep\n|turn|5\n|\n|t:|1683838622\n|switch|p2b: Rotom|Rotom-Wash, L50|100\/100\n|move|p1a: Torkoal|Eruption|p2a: Ting-Lu|[spread] p2a,p2b\n|-resisted|p2b: Rotom\n|-damage|p2a: Ting-Lu|40\/100\n|-damage|p2b: Rotom|82\/100\n|move|p1b: Oranguru|Instruct|p1a: Torkoal\n|-singleturn|p1a: Torkoal|move: Instruct|[of] p1b: Oranguru\n|move|p1a: Torkoal|Eruption|p2b: Rotom|[spread] p2a,p2b\n|-resisted|p2b: Rotom\n|-damage|p2a: Ting-Lu|12\/100\n|-damage|p2b: Rotom|63\/100\n|move|p2a: Ting-Lu|Stomping Tantrum|p1a: Torkoal\n|-supereffective|p1a: Torkoal\n|-damage|p1a: Torkoal|48\/100\n|-enditem|p1a: Torkoal|Sitrus Berry|[eat]\n|-heal|p1a: Torkoal|73\/100|[from] item: Sitrus Berry\n|\n|-weather|SunnyDay|[upkeep]\n|-heal|p2a: Ting-Lu|18\/100|[from] item: Leftovers\n|-fieldend|move: Trick Room\n|upkeep\n|turn|6\n|inactive|garfieldslaya has 30 seconds left.\n|\n|t:|1683838656\n|move|p2a: Ting-Lu|Protect|p2a: Ting-Lu\n|-singleturn|p2a: Ting-Lu|Protect\n|move|p1a: Torkoal|Protect|p1a: Torkoal\n|-singleturn|p1a: Torkoal|Protect\n|move|p2b: Rotom|Thunderbolt|p1a: Torkoal\n|-activate|p1a: Torkoal|move: Protect\n|move|p1b: Oranguru|Trick Room|p1b: Oranguru\n|-fieldstart|move: Trick Room|[of] p1b: Oranguru\n|\n|-weather|SunnyDay|[upkeep]\n|-heal|p2a: Ting-Lu|24\/100|[from] item: Leftovers\n|upkeep\n|turn|7\n|inactive|garfieldslaya has 30 seconds left.\n|inactive|garfieldslaya has 20 seconds left.\n|inactive|garfieldslaya has 15 seconds left.\n|inactive|garfieldslaya has 10 seconds left.\n|inactive|garfieldslaya has 5 seconds left.\n|\n|t:|1683838707\n|switch|p2a: Amoonguss|Amoonguss, L50, M, tera:Water|47\/100\n|move|p1a: Torkoal|Eruption|p2a: Amoonguss|[spread] p2a,p2b\n|-resisted|p2a: Amoonguss\n|-resisted|p2b: Rotom\n|-damage|p2a: Amoonguss|25\/100\n|-damage|p2b: Rotom|44\/100\n|move|p1b: Oranguru|Instruct|p1a: Torkoal\n|-singleturn|p1a: Torkoal|move: Instruct|[of] p1b: Oranguru\n|move|p1a: Torkoal|Eruption|p2a: Amoonguss|[spread] p2a,p2b\n|-resisted|p2a: Amoonguss\n|-resisted|p2b: Rotom\n|-damage|p2a: Amoonguss|5\/100\n|-damage|p2b: Rotom|23\/100\n|move|p2b: Rotom|Thunderbolt|p1a: Torkoal\n|-damage|p1a: Torkoal|23\/100\n|\n|-weather|SunnyDay|[upkeep]\n|upkeep\n|turn|8\n|inactive|garfieldslaya has 30 seconds left.\n|inactive|garfieldslaya has 20 seconds left.\n|inactive|garfieldslaya has 15 seconds left.\n|\n|t:|1683838751\n|switch|p2a: Ting-Lu|Ting-Lu, L50|24\/100\n|-ability|p2a: Ting-Lu|Vessel of Ruin\n|move|p1a: Torkoal|Protect|p1a: Torkoal\n|-singleturn|p1a: Torkoal|Protect\n|move|p1b: Oranguru|Psyshock|p2a: Ting-Lu\n|-immune|p2a: Ting-Lu\n|move|p2b: Rotom|Foul Play|p1b: Oranguru\n|-damage|p1b: Oranguru|43\/100\n|\n|-weather|none\n|-heal|p2a: Ting-Lu|30\/100|[from] item: Leftovers\n|upkeep\n|turn|9\n|inactive|WhenWillIGetGood has 30 seconds left.\n|inactive|garfieldslaya has 30 seconds left.\n|\n|t:|1683838783\n|switch|p1a: Lycanroc|Lycanroc-Midnight, L50, M|100\/100\n|switch|p2b: Amoonguss|Amoonguss, L50, M, tera:Water|38\/100\n|move|p1b: Oranguru|Skill Swap|p1a: Lycanroc\n|-activate|p1b: Oranguru|move: Skill Swap|||[of] p1a: Lycanroc\n|move|p2a: Ting-Lu|Stomping Tantrum|p1a: Lycanroc\n|-supereffective|p1a: Lycanroc\n|-damage|p1a: Lycanroc|15\/100\n|\n|-heal|p2a: Ting-Lu|37\/100|[from] item: Leftovers\n|upkeep\n|turn|10\n|inactive|garfieldslaya has 30 seconds left.\n|inactive|garfieldslaya has 20 seconds left.\n|inactive|garfieldslaya has 15 seconds left.\n|inactive|garfieldslaya has 10 seconds left.\n|\n|t:|1683838829\n|switch|p1a: Torkoal|Torkoal, L50, M|23\/100\n|-weather|SunnyDay|[from] ability: Drought|[of] p1a: Torkoal\n|move|p2b: Amoonguss|Pollen Puff|p1b: Oranguru\n|-supereffective|p1b: Oranguru\n|-damage|p1b: Oranguru|20\/100\n|move|p1b: Oranguru|Skill Swap|p1a: Torkoal\n|-activate|p1b: Oranguru|move: Skill Swap|||[of] p1a: Torkoal\n|move|p2a: Ting-Lu|Heavy Slam|p1b: Oranguru\n|-damage|p1b: Oranguru|0 fnt\n|faint|p1b: Oranguru\n|\n|-weather|SunnyDay|[upkeep]\n|-heal|p2a: Ting-Lu|43\/100|[from] item: Leftovers\n|-fieldend|move: Trick Room\n|upkeep\n|\n|t:|1683838833\n|switch|p1b: Lilligant|Lilligant, L50, F|5\/100\n|turn|11\n|inactive|WhenWillIGetGood has 30 seconds left.\n|inactive|garfieldslaya has 30 seconds left.\n|inactive|garfieldslaya has 20 seconds left.\n|inactive|WhenWillIGetGood has 20 seconds left.\n|inactive|WhenWillIGetGood has 15 seconds left.\n|inactive|WhenWillIGetGood has 10 seconds left.\n|\n|t:|1683838893\n|move|p1b: Lilligant|After You|p1a: Torkoal\n|-activate|p1a: Torkoal|move: After You\n|move|p1a: Torkoal|Fissure|p2a: Ting-Lu\n|-damage|p2a: Ting-Lu|0 fnt\n|faint|p2a: Ting-Lu\n|-ohko\n|move|p2b: Amoonguss|Pollen Puff|p1b: Lilligant\n|-supereffective|p1b: Lilligant\n|-damage|p1b: Lilligant|0 fnt\n|faint|p1b: Lilligant\n|\n|-weather|SunnyDay|[upkeep]\n|upkeep\n|\n|t:|1683838905\n|switch|p1b: Lycanroc|Lycanroc-Midnight, L50, M|15\/100\n|switch|p2a: Flutter Mane|Flutter Mane, L50|100\/100\n|-activate|p2a: Flutter Mane|ability: Protosynthesis\n|-start|p2a: Flutter Mane|protosynthesisspa\n|turn|12\n|\n|t:|1683838923\n|move|p2b: Amoonguss|Rage Powder|p2b: Amoonguss\n|-singleturn|p2b: Amoonguss|move: Rage Powder\n|move|p1b: Lycanroc|Rock Slide|p2a: Flutter Mane|[spread] p2a,p2b\n|-damage|p2a: Flutter Mane|33\/100\n|-damage|p2b: Amoonguss|12\/100\n|move|p2a: Flutter Mane|Shadow Ball|p1b: Lycanroc\n|-damage|p1b: Lycanroc|0 fnt\n|faint|p1b: Lycanroc\n|move|p1a: Torkoal|Fissure|p2b: Amoonguss\n|-damage|p2b: Amoonguss|0 fnt\n|faint|p2b: Amoonguss\n|-ohko\n|\n|-weather|SunnyDay|[upkeep]\n|upkeep\n|-message|WhenWillIGetGood forfeited.\n|\n|win|garfieldslaya\n|raw|WhenWillIGetGood's rating: 1138 → 1114<\/strong> (-24 for losing)\n|raw|garfieldslaya's rating: 1156 → 1180<\/strong> (+24 for winning)\n|l|\u2606WhenWillIGetGood\n","uploadtime":1683838935,"views":13,"p1id":"whenwilligetgood","p2id":"garfieldslaya","formatid":"gen9vgc2023regulationc","rating":1114,"private":0,"password":""}