{"id":"gen9vgc2023regulationc-1862834638","p1":"JJ22FTW","p2":"LightningLucario","format":"[Gen 9] VGC 2023 Regulation C","log":"|j|\u2606JJ22FTW\n|j|\u2606LightningLucario\n|t:|1683927245\n|gametype|doubles\n|player|p1|JJ22FTW|guitarist|\n|player|p2|LightningLucario|170|\n|teamsize|p1|6\n|teamsize|p2|6\n|gen|9\n|tier|[Gen 9] VGC 2023 Regulation C\n|rule|Species Clause: Limit one of each Pok\u00e9mon\n|rule|Item Clause: Limit one of each item\n|clearpoke\n|poke|p1|Garchomp, L50, M|\n|poke|p1|Talonflame, L50, F|\n|poke|p1|Scizor, L50, F|\n|poke|p1|Abomasnow, L50, M|\n|poke|p1|Gardevoir, L50, F|\n|poke|p1|Iron Valiant, L50|\n|poke|p2|Azumarill, L50, M|\n|poke|p2|Flutter Mane, L50|\n|poke|p2|Dragapult, L50, M|\n|poke|p2|Lucario, L50, M|\n|poke|p2|Rotom-Wash, L50|\n|poke|p2|Tyranitar, L50, M|\n|teampreview|4\n|\n|t:|1683927298\n|start\n|switch|p1a: Obama-Snow|Abomasnow, L50, M|100\/100\n|switch|p1b: Have Mercy...|Gardevoir, L50, F|100\/100\n|switch|p2a: Poomarill|Azumarill, L50, M, shiny|100\/100\n|switch|p2b: Flup Moom|Flutter Mane, L50|100\/100\n|-ability|p1b: Have Mercy...|Huge Power|[from] ability: Trace|[of] p2a: Poomarill\n|-weather|Snow|[from] ability: Snow Warning|[of] p1a: Obama-Snow\n|turn|1\n|j| ZonXJ\n|\n|t:|1683927318\n|-terastallize|p1b: Have Mercy...|Dark\n|move|p2b: Flup Moom|Shadow Ball|p1b: Have Mercy...\n|-resisted|p1b: Have Mercy...\n|-damage|p1b: Have Mercy...|84\/100\n|move|p1b: Have Mercy...|Dazzling Gleam|p2b: Flup Moom|[spread] p2a,p2b\n|-damage|p2a: Poomarill|72\/100\n|-damage|p2b: Flup Moom|66\/100\n|move|p1a: Obama-Snow|Aurora Veil|p1a: Obama-Snow\n|-sidestart|p1: JJ22FTW|move: Aurora Veil\n|move|p2a: Poomarill|Belly Drum|p2a: Poomarill\n|-damage|p2a: Poomarill|22\/100\n|-setboost|p2a: Poomarill|atk|6|[from] move: Belly Drum\n|-enditem|p2a: Poomarill|Sitrus Berry|[eat]\n|-heal|p2a: Poomarill|47\/100|[from] item: Sitrus Berry\n|\n|-weather|Snow|[upkeep]\n|upkeep\n|turn|2\n|\n|t:|1683927363\n|move|p2a: Poomarill|Protect|p2a: Poomarill\n|-singleturn|p2a: Poomarill|Protect\n|move|p2b: Flup Moom|Moonblast|p1a: Obama-Snow\n|-damage|p1a: Obama-Snow|59\/100\n|move|p1b: Have Mercy...|Dazzling Gleam|p2b: Flup Moom|[spread] p2b\n|-activate|p2a: Poomarill|move: Protect\n|-damage|p2b: Flup Moom|36\/100\n|move|p1a: Obama-Snow|Blizzard|p2a: Poomarill|[spread] p2b\n|-activate|p2a: Poomarill|move: Protect\n|-damage|p2b: Flup Moom|0 fnt\n|faint|p2b: Flup Moom\n|-end|p2b: Flup Moom|Protosynthesis|[silent]\n|\n|-weather|Snow|[upkeep]\n|upkeep\n|\n|t:|1683927390\n|switch|p2b: Lu|Lucario, L50, M|100\/100\n|turn|3\n|\n|t:|1683927401\n|-terastallize|p2b: Lu|Normal\n|move|p2b: Lu|Extreme Speed|p1a: Obama-Snow\n|-damage|p1a: Obama-Snow|28\/100\n|move|p2a: Poomarill|Aqua Jet|p1b: Have Mercy...\n|-crit|p1b: Have Mercy...\n|-damage|p1b: Have Mercy...|0 fnt\n|faint|p1b: Have Mercy...\n|move|p1a: Obama-Snow|Blizzard|p2b: Lu|[spread] p2a,p2b\n|-resisted|p2a: Poomarill\n|-damage|p2a: Poomarill|30\/100\n|-damage|p2b: Lu|50\/100\n|\n|-weather|Snow|[upkeep]\n|upkeep\n|\n|t:|1683927421\n|switch|p1b: Skizzors|Scizor, L50, F, shiny|100\/100\n|turn|4\n|\n|t:|1683927445\n|move|p2b: Lu|Extreme Speed|p1a: Obama-Snow\n|-damage|p1a: Obama-Snow|0 fnt\n|faint|p1a: Obama-Snow\n|move|p1b: Skizzors|Bullet Punch|p2a: Poomarill\n|-crit|p2a: Poomarill\n|-damage|p2a: Poomarill|0 fnt\n|faint|p2a: Poomarill\n|\n|-weather|Snow|[upkeep]\n|upkeep\n|\n|t:|1683927453\n|switch|p1a: IGarTheWaySheChomp|Garchomp, L50, M|100\/100\n|switch|p2a: Literally H*tler|Tyranitar, L50, M, shiny|100\/100\n|-weather|Sandstorm|[from] ability: Sand Stream|[of] p2a: Literally H*tler\n|turn|5\n|\n|t:|1683927512\n|move|p2b: Lu|Extreme Speed|p1b: Skizzors\n|-resisted|p1b: Skizzors\n|-damage|p1b: Skizzors|84\/100\n|move|p1b: Skizzors|Bullet Punch|p2b: Lu\n|-damage|p2b: Lu|24\/100\n|move|p1a: IGarTheWaySheChomp|Liquidation|p2a: Literally H*tler\n|-supereffective|p2a: Literally H*tler\n|-damage|p2a: Literally H*tler|58\/100\n|move|p2a: Literally H*tler|Ice Punch|p1a: IGarTheWaySheChomp\n|-supereffective|p1a: IGarTheWaySheChomp\n|-damage|p1a: IGarTheWaySheChomp|35\/100\n|-damage|p2a: Literally H*tler|46\/100|[from] ability: Rough Skin|[of] p1a: IGarTheWaySheChomp\n|\n|-weather|Sandstorm|[upkeep]\n|-damage|p2b: Lu|18\/100|[from] Sandstorm\n|-heal|p1b: Skizzors|90\/100|[from] item: Leftovers\n|upkeep\n|turn|6\n|\n|t:|1683927547\n|move|p2b: Lu|Extreme Speed|p1a: IGarTheWaySheChomp\n|-damage|p1a: IGarTheWaySheChomp|0 fnt\n|-damage|p2b: Lu|6\/100|[from] ability: Rough Skin|[of] p1a: IGarTheWaySheChomp\n|faint|p1a: IGarTheWaySheChomp\n|move|p1b: Skizzors|Bullet Punch|p2b: Lu\n|-damage|p2b: Lu|0 fnt\n|faint|p2b: Lu\n|move|p2a: Literally H*tler|Body Press|p1b: Skizzors\n|-damage|p1b: Skizzors|77\/100\n|\n|-weather|Sandstorm|[upkeep]\n|-heal|p1b: Skizzors|83\/100|[from] item: Leftovers\n|upkeep\n|turn|7\n|\n|t:|1683927583\n|move|p1b: Skizzors|X-Scissor|p2a: Literally H*tler\n|-supereffective|p2a: Literally H*tler\n|-damage|p2a: Literally H*tler|2\/100\n|move|p2a: Literally H*tler|Rock Slide|p1b: Skizzors\n|-damage|p1b: Skizzors|62\/100\n|\n|-weather|Sandstorm|[upkeep]\n|-heal|p1b: Skizzors|68\/100|[from] item: Leftovers\n|upkeep\n|turn|8\n|\n|t:|1683927596\n|move|p1b: Skizzors|Bullet Punch|p2a: Literally H*tler\n|-supereffective|p2a: Literally H*tler\n|-damage|p2a: Literally H*tler|0 fnt\n|faint|p2a: Literally H*tler\n|\n|win|JJ22FTW\n|l|\u2606LightningLucario\n|j| lethalpilot\n|l| lethalpilot\n|l| ZonXJ\n","uploadtime":1683928452,"views":15,"p1id":"jj22ftw","p2id":"lightninglucario","formatid":"gen9vgc2023regulationc","rating":0,"private":0,"password":""}