{"id":"gen9vgc2023regulationc-1860114162","p1":"xndo","p2":"Jayyster","format":"[Gen 9] VGC 2023 Regulation C","log":"|j|\u2606xndo\n|j|\u2606Jayyster\n|t:|1683596839\n|gametype|doubles\n|player|p1|xndo|265|\n|player|p2|Jayyster|266|\n|teamsize|p1|6\n|teamsize|p2|6\n|gen|9\n|tier|[Gen 9] VGC 2023 Regulation C\n|rule|Species Clause: Limit one of each Pok\u00e9mon\n|rule|Item Clause: Limit one of each item\n|clearpoke\n|poke|p1|Hippowdon, L50, F|\n|poke|p1|Palossand, L50, F|\n|poke|p1|Noivern, L50, M|\n|poke|p1|Spidops, L50, M|\n|poke|p1|Kilowattrel, L50, F|\n|poke|p1|Revavroom, L50, F|\n|poke|p2|Rotom-Mow, L50|\n|poke|p2|Goodra, L50, M|\n|poke|p2|Salazzle, L50, F|\n|poke|p2|Hippowdon, L50, F|\n|poke|p2|Palossand, L50, F|\n|poke|p2|Medicham, L50, M|\n|teampreview|4\nJayyster rejected open team sheets.\n|c|\u2606Jayyster|gl hf again\n|c|\u2606Jayyster|chatgpt go hard\n|\n|t:|1683596865\n|start\n|switch|p1a: THE KING|Spidops, L50, M|100\/100\n|switch|p1b: Best Free Agent|Kilowattrel, L50, F|100\/100\n|switch|p2a: Slimey Thing|Goodra, L50, M, shiny|100\/100\n|switch|p2b: Sand Castle!|Palossand, L50, F, shiny|100\/100\n|turn|1\n|c|\u2606xndo|glhf\n|\n|t:|1683596883\n|-terastallize|p2a: Slimey Thing|Fire\n|move|p1a: THE KING|First Impression|p2b: Sand Castle!\n|-resisted|p2b: Sand Castle!\n|-damage|p2b: Sand Castle!|86\/100\n|-damage|p1a: THE KING|84\/100|[from] item: Rocky Helmet|[of] p2b: Sand Castle!\n|move|p1b: Best Free Agent|Tailwind|p1b: Best Free Agent\n|-sidestart|p1: xndo|move: Tailwind\n|-start|p1b: Best Free Agent|Charge|Tailwind|[from] ability: Wind Power\n|move|p2a: Slimey Thing|Flamethrower|p1a: THE KING\n|-supereffective|p1a: THE KING\n|-damage|p1a: THE KING|0 fnt\n|faint|p1a: THE KING\n|move|p2b: Sand Castle!|Shadow Ball|p1b: Best Free Agent\n|-damage|p1b: Best Free Agent|62\/100\n|-unboost|p1b: Best Free Agent|spd|1\n|\n|upkeep\n|\n|t:|1683596901\n|switch|p1a: Concept of Love|Noivern, L50, M|100\/100\n|turn|2\n|\n|t:|1683596935\n|move|p1a: Concept of Love|Protect|p1a: Concept of Love\n|-singleturn|p1a: Concept of Love|Protect\n|move|p1b: Best Free Agent|Thunder Wave|p2a: Slimey Thing\n|-status|p2a: Slimey Thing|par\n|-end|p1b: Best Free Agent|Charge|[silent]\n|move|p2a: Slimey Thing|Dragon Pulse|p1a: Concept of Love\n|-activate|p1a: Concept of Love|move: Protect\n|move|p2b: Sand Castle!|Shadow Ball|p1b: Best Free Agent\n|-damage|p1b: Best Free Agent|0 fnt\n|faint|p1b: Best Free Agent\n|\n|upkeep\n|\n|t:|1683596942\n|switch|p1b: Forza|Revavroom, L50, F|100\/100\n|turn|3\n|\n|t:|1683596968\n|switch|p2a: Hungry Hippo|Hippowdon, L50, F|100\/100\n|-weather|Sandstorm|[from] ability: Sand Stream|[of] p2a: Hungry Hippo\n|-terastallize|p1b: Forza|Flying\n|move|p1a: Concept of Love|Boomburst|p2a: Hungry Hippo|[spread] p1b,p2a\n|-immune|p2b: Sand Castle!\n|-damage|p1b: Forza|64\/100\n|-damage|p2a: Hungry Hippo|70\/100\n|-enditem|p1a: Concept of Love|Throat Spray\n|-boost|p1a: Concept of Love|spa|1|[from] item: Throat Spray\n|move|p1b: Forza|Bulldoze|p2b: Sand Castle!|[spread] p2a,p2b\n|-activate|p1a: Concept of Love|ability: Telepathy\n|-damage|p2a: Hungry Hippo|61\/100\n|-damage|p2b: Sand Castle!|74\/100\n|-unboost|p2a: Hungry Hippo|spe|1\n|-unboost|p2b: Sand Castle!|spe|1\n|move|p2b: Sand Castle!|Earthquake|p1b: Forza|[spread] p2a\n|-immune|p1a: Concept of Love\n|-immune|p1b: Forza\n|-damage|p2a: Hungry Hippo|50\/100\n|\n|-weather|Sandstorm|[upkeep]\n|-damage|p1a: Concept of Love|94\/100|[from] Sandstorm\n|-damage|p1b: Forza|58\/100|[from] Sandstorm\n|-heal|p2a: Hungry Hippo|56\/100|[from] item: Leftovers\n|upkeep\n|turn|4\n|c|\u2606Jayyster|flying tera nice\n|c|\u2606xndo|things arent looking good lol\n|c|\u2606Jayyster|but half my team struggles to damage here lol\n|\n|t:|1683597015\n|move|p2a: Hungry Hippo|Protect|p2a: Hungry Hippo\n|-singleturn|p2a: Hungry Hippo|Protect\n|move|p2b: Sand Castle!|Protect|p2b: Sand Castle!\n|-singleturn|p2b: Sand Castle!|Protect\n|move|p1a: Concept of Love|Heat Wave|p2b: Sand Castle!|[spread] \n|-activate|p2a: Hungry Hippo|move: Protect\n|-activate|p2b: Sand Castle!|move: Protect\n|move|p1b: Forza|Tera Blast|p2b: Sand Castle!\n|-activate|p2b: Sand Castle!|move: Protect\n|\n|-weather|Sandstorm|[upkeep]\n|-damage|p1a: Concept of Love|88\/100|[from] Sandstorm\n|-damage|p1b: Forza|52\/100|[from] Sandstorm\n|-heal|p2a: Hungry Hippo|62\/100|[from] item: Leftovers\n|-sideend|p1: xndo|move: Tailwind\n|upkeep\n|turn|5\n|c|\u2606Jayyster|you may be able to pull out the comeback\n|\n|t:|1683597032\n|move|p1a: Concept of Love|Tailwind|p1a: Concept of Love\n|-sidestart|p1: xndo|move: Tailwind\n|move|p1b: Forza|Tera Blast|p2b: Sand Castle!\n|-damage|p2b: Sand Castle!|44\/100\n|move|p2a: Hungry Hippo|Slack Off|p2a: Hungry Hippo\n|-heal|p2a: Hungry Hippo|100\/100\n|move|p2b: Sand Castle!|Shore Up|p2b: Sand Castle!\n|-heal|p2b: Sand Castle!|100\/100\n|\n|-weather|Sandstorm|[upkeep]\n|-damage|p1a: Concept of Love|82\/100|[from] Sandstorm\n|-damage|p1b: Forza|46\/100|[from] Sandstorm\n|upkeep\n|turn|6\n|\n|t:|1683597052\n|move|p1a: Concept of Love|Heat Wave|p2b: Sand Castle!|[spread] p2a,p2b\n|-damage|p2a: Hungry Hippo|70\/100\n|-damage|p2b: Sand Castle!|73\/100\n|move|p1b: Forza|Tera Blast|p2a: Hungry Hippo\n|-damage|p2a: Hungry Hippo|48\/100\n|move|p2a: Hungry Hippo|Ice Fang|p1a: Concept of Love|[miss]\n|-miss|p2a: Hungry Hippo|p1a: Concept of Love\n|move|p2b: Sand Castle!|Shadow Ball|p1b: Forza\n|-damage|p1b: Forza|13\/100\n|-unboost|p1b: Forza|spd|1\n|\n|-weather|Sandstorm|[upkeep]\n|-damage|p1a: Concept of Love|76\/100|[from] Sandstorm\n|-damage|p1b: Forza|8\/100|[from] Sandstorm\n|-heal|p2a: Hungry Hippo|54\/100|[from] item: Leftovers\n|upkeep\n|turn|7\n|\n|t:|1683597069\n|move|p2a: Hungry Hippo|Protect|p2a: Hungry Hippo\n|-singleturn|p2a: Hungry Hippo|Protect\n|move|p2b: Sand Castle!|Protect|p2b: Sand Castle!\n|-singleturn|p2b: Sand Castle!|Protect\n|move|p1a: Concept of Love|Heat Wave|p2b: Sand Castle!|[spread] \n|-activate|p2a: Hungry Hippo|move: Protect\n|-activate|p2b: Sand Castle!|move: Protect\n|move|p1b: Forza|Tera Blast|p2a: Hungry Hippo\n|-activate|p2a: Hungry Hippo|move: Protect\n|\n|-weather|none\n|-heal|p2a: Hungry Hippo|60\/100|[from] item: Leftovers\n|upkeep\n|turn|8\n|\n|t:|1683597088\n|move|p1a: Concept of Love|Heat Wave|p2a: Hungry Hippo|[spread] p2a,p2b\n|-damage|p2a: Hungry Hippo|25\/100\n|-damage|p2b: Sand Castle!|44\/100\n|move|p1b: Forza|Tera Blast|p2a: Hungry Hippo\n|-crit|p2a: Hungry Hippo\n|-damage|p2a: Hungry Hippo|0 fnt\n|faint|p2a: Hungry Hippo\n|move|p2b: Sand Castle!|Shadow Ball|p1b: Forza\n|-damage|p1b: Forza|0 fnt\n|faint|p1b: Forza\n|\n|-sideend|p1: xndo|move: Tailwind\n|upkeep\n|\n|t:|1683597099\n|switch|p2a: TNT MVP|Medicham, L50, M, shiny|100\/100\n|turn|9\n|\n|t:|1683597106\n|move|p1a: Concept of Love|Protect|p1a: Concept of Love\n|-singleturn|p1a: Concept of Love|Protect\n|move|p2a: TNT MVP|Fake Out|p1a: Concept of Love\n|-activate|p1a: Concept of Love|move: Protect\n|move|p2b: Sand Castle!|Shadow Ball|p1a: Concept of Love\n|-activate|p1a: Concept of Love|move: Protect\n|\n|upkeep\n|turn|10\n|\n|t:|1683597121\n|move|p1a: Concept of Love|Heat Wave|p2b: Sand Castle!|[spread] p2a,p2b\n|-damage|p2a: TNT MVP|46\/100\n|-damage|p2b: Sand Castle!|18\/100\n|-status|p2a: TNT MVP|brn\n|-enditem|p2a: TNT MVP|Sitrus Berry|[eat]\n|-heal|p2a: TNT MVP|71\/100 brn|[from] item: Sitrus Berry\n|move|p2a: TNT MVP|Drain Punch|p1a: Concept of Love\n|-resisted|p1a: Concept of Love\n|-damage|p1a: Concept of Love|59\/100\n|-heal|p2a: TNT MVP|81\/100 brn|[from] drain|[of] p1a: Concept of Love\n|move|p2b: Sand Castle!|Shadow Ball|p1a: Concept of Love\n|-damage|p1a: Concept of Love|21\/100\n|\n|-damage|p2a: TNT MVP|75\/100 brn|[from] brn\n|upkeep\n|turn|11\n|\n|t:|1683597143\n|move|p1a: Concept of Love|Protect|p1a: Concept of Love\n|-singleturn|p1a: Concept of Love|Protect\n|move|p2a: TNT MVP|Drain Punch|p1a: Concept of Love\n|-activate|p1a: Concept of Love|move: Protect\n|move|p2b: Sand Castle!|Shadow Ball|p1a: Concept of Love\n|-activate|p1a: Concept of Love|move: Protect\n|\n|-damage|p2a: TNT MVP|69\/100 brn|[from] brn\n|upkeep\n|turn|12\n|\n|t:|1683597154\n|move|p1a: Concept of Love|Heat Wave|p2b: Sand Castle!|[spread] p2a\n|-miss|p1a: Concept of Love|p2b: Sand Castle!\n|-damage|p2a: TNT MVP|23\/100 brn\n|move|p2a: TNT MVP|Drain Punch|p1a: Concept of Love\n|-resisted|p1a: Concept of Love\n|-damage|p1a: Concept of Love|5\/100\n|-heal|p2a: TNT MVP|32\/100 brn|[from] drain|[of] p1a: Concept of Love\n|move|p2b: Sand Castle!|Shadow Ball|p1a: Concept of Love\n|-damage|p1a: Concept of Love|0 fnt\n|faint|p1a: Concept of Love\n|\n|win|Jayyster\n|c|\u2606xndo|ouch rip diff\n|c|\u2606Jayyster|gg\n|c|\u2606xndo|gg\n","uploadtime":1683597168,"views":18,"p1id":"xndo","p2id":"jayyster","formatid":"gen9vgc2023regulationc","rating":0,"private":0,"password":""}