{"id":"gen9vgc2023regulationc-1847583085","p1":"Lemobase","p2":"Wzi","format":"[Gen 9] VGC 2023 Regulation C","log":"|j|\u2606Lemobase\n|j|\u2606Wzi\n|t:|1681977286\n|gametype|doubles\n|player|p1|Lemobase|ingo|1124\n|player|p2|Wzi|pokekid|1064\n|teamsize|p1|6\n|teamsize|p2|6\n|gen|9\n|tier|[Gen 9] VGC 2023 Regulation C\n|rated|\n|rule|Species Clause: Limit one of each Pok\u00e9mon\n|rule|Item Clause: Limit one of each item\n|clearpoke\n|poke|p1|Flutter Mane, L50|\n|poke|p1|Espathra, L50, F|\n|poke|p1|Sandy Shocks, L50|\n|poke|p1|Gyarados, L50, F|\n|poke|p1|Oricorio, L50, F|\n|poke|p1|Lilligant, L50, F|\n|poke|p2|Gastrodon, L50, F|\n|poke|p2|Dondozo, L50, F|\n|poke|p2|Tatsugiri, L50, M|\n|poke|p2|Pelipper, L50, F|\n|poke|p2|Palafin, L50, M|\n|poke|p2|Kingambit, L50, F|\n|teampreview|4\n|inactive|Battle timer is ON: inactive players will automatically lose when time's up. (requested by Wzi)\n|\n|t:|1681977306\n|start\n|switch|p1a: Oricorio|Oricorio, L50, F, shiny|100\/100\n|switch|p1b: Lilligant|Lilligant, L50, F|100\/100\n|switch|p2a: Gastrodon|Gastrodon, L50, F|100\/100\n|switch|p2b: Tatsugiri|Tatsugiri, L50, M|100\/100\n|turn|1\n|\n|t:|1681977321\n|-terastallize|p2a: Gastrodon|Fire\n|move|p1a: Oricorio|Protect|p1a: Oricorio\n|-singleturn|p1a: Oricorio|Protect\n|move|p2b: Tatsugiri|Surf|p1b: Lilligant|[spread] p1b\n|-activate|p1a: Oricorio|move: Protect\n|-ability|p2a: Gastrodon|Storm Drain|boost\n|-boost|p2a: Gastrodon|spa|1\n|-resisted|p1b: Lilligant\n|-damage|p1b: Lilligant|80\/100\n|move|p1b: Lilligant|Quiver Dance|p1b: Lilligant\n|-boost|p1b: Lilligant|spa|1\n|-boost|p1b: Lilligant|spd|1\n|-boost|p1b: Lilligant|spe|1\n|-activate|p1a: Oricorio|ability: Dancer\n|move|p1a: Oricorio|Quiver Dance|p1a: Oricorio|[from]ability: Dancer\n|-boost|p1a: Oricorio|spa|1\n|-boost|p1a: Oricorio|spd|1\n|-boost|p1a: Oricorio|spe|1\n|move|p2a: Gastrodon|Surf|p1b: Lilligant|[spread] p1b\n|-activate|p1a: Oricorio|move: Protect\n|-ability|p2b: Tatsugiri|Storm Drain|boost\n|-boost|p2b: Tatsugiri|spa|1\n|-resisted|p1b: Lilligant\n|-damage|p1b: Lilligant|61\/100\n|\n|upkeep\n|turn|2\n|inactive|Lemobase has 30 seconds left.\n|inactive|Lemobase has 20 seconds left.\n|inactive|Lemobase has 15 seconds left.\n|inactive|Lemobase has 10 seconds left.\n|\n|t:|1681977368\n|move|p2b: Tatsugiri|Surf|p1a: Oricorio|[spread] p1a,p1b\n|-ability|p2a: Gastrodon|Storm Drain|boost\n|-boost|p2a: Gastrodon|spa|1\n|-supereffective|p1a: Oricorio\n|-resisted|p1b: Lilligant\n|-damage|p1a: Oricorio|0 fnt\n|-damage|p1b: Lilligant|43\/100\n|faint|p1a: Oricorio\n|move|p1b: Lilligant|Petal Dance|p2b: Tatsugiri\n|-damage|p2b: Tatsugiri|10\/100\n|move|p2a: Gastrodon|Tera Blast|p1b: Lilligant\n|-supereffective|p1b: Lilligant\n|-damage|p1b: Lilligant|0 fnt\n|faint|p1b: Lilligant\n|\n|upkeep\n|\n|t:|1681977382\n|switch|p1a: Sandy Shocks|Sandy Shocks, L50|100\/100\n|switch|p1b: Espathra|Espathra, L50, F|100\/100\n|turn|3\n|\n|t:|1681977391\n|-terastallize|p1a: Sandy Shocks|Electric\n|move|p1b: Espathra|Protect|p1b: Espathra\n|-singleturn|p1b: Espathra|Protect\n|move|p2b: Tatsugiri|Surf|p1b: Espathra|[spread] p1a\n|-activate|p1b: Espathra|move: Protect\n|-ability|p2a: Gastrodon|Storm Drain|boost\n|-boost|p2a: Gastrodon|spa|1\n|-crit|p1a: Sandy Shocks\n|-damage|p1a: Sandy Shocks|12\/100\n|move|p1a: Sandy Shocks|Gravity|p1a: Sandy Shocks\n|-fieldstart|move: Gravity\n|move|p2a: Gastrodon|Surf|p1b: Espathra|[spread] p1a\n|-activate|p1b: Espathra|move: Protect\n|-ability|p2b: Tatsugiri|Storm Drain|boost\n|-boost|p2b: Tatsugiri|spa|1\n|-damage|p1a: Sandy Shocks|0 fnt\n|faint|p1a: Sandy Shocks\n|-end|p1a: Sandy Shocks|Protosynthesis|[silent]\n|\n|-ability|p1b: Espathra|Speed Boost|boost\n|-boost|p1b: Espathra|spe|1\n|upkeep\n|turn|4\n|\n|t:|1681977412\n|move|p1b: Espathra|Hypnosis|p2a: Gastrodon\n|-status|p2a: Gastrodon|slp|[from] move: Hypnosis\n|move|p2b: Tatsugiri|Surf|p1b: Espathra|[spread] p1b\n|-ability|p2a: Gastrodon|Storm Drain|boost\n|-boost|p2a: Gastrodon|spa|1\n|-enditem|p1b: Espathra|Focus Sash\n|-damage|p1b: Espathra|1\/100\n|cant|p2a: Gastrodon|slp\n|\n|-ability|p1b: Espathra|Speed Boost|boost\n|-boost|p1b: Espathra|spe|1\n|upkeep\n|turn|5\n|\n|t:|1681977424\n|move|p1b: Espathra|Hyper Voice|p2a: Gastrodon|[spread] p2a,p2b\n|-damage|p2a: Gastrodon|77\/100 slp\n|-damage|p2b: Tatsugiri|0 fnt\n|faint|p2b: Tatsugiri\n|-curestatus|p2a: Gastrodon|slp|[msg]\n|move|p2a: Gastrodon|Surf|p1b: Espathra\n|-damage|p1b: Espathra|0 fnt\n|faint|p1b: Espathra\n|\n|win|Wzi\n|raw|Lemobase's rating: 1124 → 1095<\/strong> (-29 for losing)\n|raw|Wzi's rating: 1064 → 1100<\/strong> (+36 for winning)\n|l|\u2606Lemobase\n","uploadtime":1681977437,"views":6,"p1id":"lemobase","p2id":"wzi","formatid":"gen9vgc2023regulationc","rating":1095,"private":0,"password":""}