{"id":"gen9vgc2023regulationc-1859421344","p1":"BOhm11","p2":"deathdragon25o","format":"[Gen 9] VGC 2023 Regulation C","log":"|j|\u2606BOhm11\n|j|\u2606deathdragon25o\n|t:|1683464402\n|gametype|doubles\n|player|p1|BOhm11|102|\n|player|p2|deathdragon25o|cress|\n|teamsize|p1|6\n|teamsize|p2|6\n|gen|9\n|tier|[Gen 9] VGC 2023 Regulation C\n|rule|Species Clause: Limit one of each Pok\u00e9mon\n|rule|Item Clause: Limit one of each item\n|clearpoke\n|poke|p1|Lycanroc, L50, F|\n|poke|p1|Hippowdon, L50, M|\n|poke|p1|Magneton, L50|\n|poke|p1|Breloom, L50, F|\n|poke|p1|Scream Tail, L50|\n|poke|p1|Murkrow, L50, M|\n|poke|p2|Snover, L50, M|\n|poke|p2|Quaquaval, L50, M|\n|poke|p2|Morgrem, L50, M|\n|poke|p2|Iron Bundle, L50|\n|poke|p2|Lucario, L50, F|\n|poke|p2|Dudunsparce-*, L50, M|\n|teampreview|4\n|inactive|Battle timer is ON: inactive players will automatically lose when time's up. (requested by deathdragon25o)\n|inactiveoff|Battle timer is now OFF.\n|c|\u2606BOhm11|g2\n|c|\u2606BOhm11|glhf!\n|\n|t:|1683464690\n|start\n|switch|p1a: Lycanroc|Lycanroc, L50, F|100\/100\n|switch|p1b: Hippowdon|Hippowdon, L50, M|100\/100\n|switch|p2a: Morgrem|Morgrem, L50, M, shiny|100\/100\n|switch|p2b: Quaquaval|Quaquaval, L50, M|100\/100\n|-weather|Sandstorm|[from] ability: Sand Stream|[of] p1b: Hippowdon\n|turn|1\n|\n|t:|1683464724\n|-terastallize|p1b: Hippowdon|Grass\n|move|p1a: Lycanroc|Protect|p1a: Lycanroc\n|-singleturn|p1a: Lycanroc|Protect\n|move|p2a: Morgrem|Fake Out|p1a: Lycanroc\n|-activate|p1a: Lycanroc|move: Protect\n|move|p2b: Quaquaval|Aqua Step|p1a: Lycanroc\n|-activate|p1a: Lycanroc|move: Protect\n|move|p1b: Hippowdon|Tera Blast|p2b: Quaquaval\n|-supereffective|p2b: Quaquaval\n|-damage|p2b: Quaquaval|30\/100\n|\n|-weather|Sandstorm|[upkeep]\n|-damage|p2b: Quaquaval|23\/100|[from] Sandstorm\n|-damage|p2a: Morgrem|95\/100|[from] Sandstorm\n|-damage|p1b: Hippowdon|94\/100|[from] Sandstorm\n|upkeep\n|turn|2\n|\n|t:|1683464745\n|move|p2a: Morgrem|Reflect|p2a: Morgrem\n|-sidestart|p2: deathdragon25o|Reflect\n|move|p1a: Lycanroc|Play Rough|p2b: Quaquaval\n|-supereffective|p2b: Quaquaval\n|-damage|p2b: Quaquaval|0 fnt\n|faint|p2b: Quaquaval\n|move|p1b: Hippowdon|Body Press|p2a: Morgrem\n|-damage|p2a: Morgrem|47\/100\n|\n|-weather|Sandstorm|[upkeep]\n|-damage|p2a: Morgrem|41\/100|[from] Sandstorm\n|-damage|p1b: Hippowdon|88\/100|[from] Sandstorm\n|upkeep\n|\n|t:|1683464750\n|switch|p2b: Krampus|Iron Bundle, L50, shiny|100\/100\n|-enditem|p2b: Krampus|Booster Energy\n|-activate|p2b: Krampus|ability: Quark Drive|[fromitem]\n|-start|p2b: Krampus|quarkdrivespe\n|turn|3\n|\n|t:|1683464773\n|move|p1a: Lycanroc|Rock Slide|p2a: Morgrem|[spread] p2a\n|-miss|p1a: Lycanroc|p2b: Krampus\n|-damage|p2a: Morgrem|0 fnt\n|faint|p2a: Morgrem\n|move|p2b: Krampus|Hydro Pump|p1a: Lycanroc\n|-supereffective|p1a: Lycanroc\n|-damage|p1a: Lycanroc|0 fnt\n|faint|p1a: Lycanroc\n|move|p1b: Hippowdon|Body Press|p2b: Krampus\n|-supereffective|p2b: Krampus\n|-crit|p2b: Krampus\n|-damage|p2b: Krampus|0 fnt\n|faint|p2b: Krampus\n|-end|p2b: Krampus|Quark Drive|[silent]\n|\n|-weather|Sandstorm|[upkeep]\n|-damage|p1b: Hippowdon|82\/100|[from] Sandstorm\n|upkeep\n|\n|t:|1683464788\n|switch|p2b: Lucario|Lucario, L50, F|100\/100\n|switch|p1a: Breloom|Breloom, L50, F|100\/100\n|turn|4\n|\n|t:|1683464868\n|-terastallize|p2b: Lucario|Flying\n|move|p1a: Breloom|Mach Punch|p2b: Lucario\n|-resisted|p2b: Lucario\n|-damage|p2b: Lucario|83\/100\n|move|p2b: Lucario|Meteor Mash|p1b: Hippowdon\n|-damage|p1b: Hippowdon|48\/100\n|-boost|p2b: Lucario|atk|1\n|move|p1b: Hippowdon|Body Press|p2b: Lucario\n|-resisted|p2b: Lucario\n|-damage|p2b: Lucario|67\/100\n|\n|-weather|Sandstorm|[upkeep]\n|-damage|p2b: Lucario|61\/100|[from] Sandstorm\n|-damage|p1a: Breloom|95\/100|[from] Sandstorm\n|-damage|p1b: Hippowdon|42\/100|[from] Sandstorm\n|upkeep\n|turn|5\n|\n|t:|1683464892\n|move|p1b: Hippowdon|Helping Hand|p1a: Breloom\n|-singleturn|p1a: Breloom|Helping Hand|[of] p1b: Hippowdon\n|move|p2b: Lucario|Meteor Mash|p1b: Hippowdon\n|-damage|p1b: Hippowdon|0 fnt\n|faint|p1b: Hippowdon\n|move|p1a: Breloom|Bullet Seed|p2b: Lucario\n|-resisted|p2b: Lucario\n|-crit|p2b: Lucario\n|-damage|p2b: Lucario|22\/100\n|-resisted|p2b: Lucario\n|-damage|p2b: Lucario|5\/100\n|-resisted|p2b: Lucario\n|-damage|p2b: Lucario|0 fnt\n|faint|p2b: Lucario\n|-hitcount|p2: Lucario|3\n|\n|win|BOhm11\n|c|\u2606BOhm11|gg!\n|l|\u2606deathdragon25o\n","uploadtime":1683464964,"views":35,"p1id":"bohm11","p2id":"deathdragon25o","formatid":"gen9vgc2023regulationc","rating":0,"private":0,"password":""}