{"id":"gen9vgc2023regulationc-1849268815","p1":"Shoopkee","p2":"MiggHD_Br","format":"[Gen 9] VGC 2023 Regulation C","log":"|j|\u2606Shoopkee\n|j|\u2606MiggHD_Br\n|t:|1682179886\n|gametype|doubles\n|player|p1|Shoopkee|170|1159\n|player|p2|MiggHD_Br|hugh|1046\n|teamsize|p1|6\n|teamsize|p2|6\n|gen|9\n|tier|[Gen 9] VGC 2023 Regulation C\n|rated|\n|rule|Species Clause: Limit one of each Pok\u00e9mon\n|rule|Item Clause: Limit one of each item\n|clearpoke\n|poke|p1|Chien-Pao, L50|\n|poke|p1|Pelipper, L50, F|\n|poke|p1|Gholdengo, L50|\n|poke|p1|Iron Hands, L50|\n|poke|p1|Palafin, L50, F|\n|poke|p1|Amoonguss, L50, M|\n|poke|p2|Ting-Lu, L50|\n|poke|p2|Kingambit, L50, M|\n|poke|p2|Ceruledge, L50, M|\n|poke|p2|Flutter Mane, L50|\n|poke|p2|Torkoal, L50, M|\n|poke|p2|Indeedee-F, L50, F|\n|teampreview|4\n|inactive|Battle timer is ON: inactive players will automatically lose when time's up. (requested by Shoopkee)\n|inactive|Shoopkee has 60 seconds left.\n|inactive|MiggHD_Br has 60 seconds left.\n|\n|t:|1682179926\n|start\n|switch|p1a: Iron Hands|Iron Hands, L50|100\/100\n|switch|p1b: Palafin|Palafin, L50, F|100\/100\n|switch|p2a: Ceruledge|Ceruledge, L50, M|100\/100\n|switch|p2b: Indeedee|Indeedee-F, L50, F|100\/100\n|-fieldstart|move: Psychic Terrain|[from] ability: Psychic Surge|[of] p2b: Indeedee\n|turn|1\n|inactive|MiggHD_Br has 30 seconds left.\n|\n|t:|1682179951\n|detailschange|p1b: Palafin|Palafin-Hero, L50, F\n|switch|p1b: Pelipper|Pelipper, L50, F|100\/100\n|-weather|RainDance|[from] ability: Drizzle|[of] p1b: Pelipper\n|-terastallize|p2a: Ceruledge|Grass\n|move|p2a: Ceruledge|Swords Dance|p2a: Ceruledge\n|-boost|p2a: Ceruledge|atk|2\n|move|p2b: Indeedee|Stored Power|p1a: Iron Hands\n|-supereffective|p1a: Iron Hands\n|-damage|p1a: Iron Hands|89\/100\n|move|p1a: Iron Hands|Volt Switch|p2a: Ceruledge\n|-resisted|p2a: Ceruledge\n|-damage|p2a: Ceruledge|93\/100\n|\n|t:|1682179967\n|-end|p1a: Iron Hands|Quark Drive|[silent]\n|switch|p1a: Chien-Pao|Chien-Pao, L50|100\/100|[from] Volt Switch\n|-ability|p1a: Chien-Pao|Sword of Ruin\n|\n|-weather|RainDance|[upkeep]\n|upkeep\n|turn|2\n|\n|t:|1682179989\n|-terastallize|p1b: Pelipper|Grass\n|move|p2b: Indeedee|Follow Me|p2b: Indeedee\n|-singleturn|p2b: Indeedee|move: Follow Me\n|move|p1a: Chien-Pao|Ice Spinner|p2b: Indeedee\n|-damage|p2b: Indeedee|37\/100\n|-fieldend|move: Psychic Terrain\n|move|p2a: Ceruledge|Bitter Blade|p1a: Chien-Pao\n|-supereffective|p1a: Chien-Pao\n|-enditem|p1a: Chien-Pao|Focus Sash\n|-damage|p1a: Chien-Pao|1\/100\n|-heal|p2a: Ceruledge|100\/100|[from] drain|[of] p1a: Chien-Pao\n|move|p1b: Pelipper|Hurricane|p2b: Indeedee\n|-damage|p2b: Indeedee|0 fnt\n|faint|p2b: Indeedee\n|\n|-weather|RainDance|[upkeep]\n|upkeep\n|inactive|MiggHD_Br has 30 seconds left.\n|\n|t:|1682180015\n|switch|p2b: Ting-Lu|Ting-Lu, L50|100\/100\n|-ability|p2b: Ting-Lu|Vessel of Ruin\n|turn|3\n|\n|t:|1682180035\n|move|p1a: Chien-Pao|Protect|p1a: Chien-Pao\n|-singleturn|p1a: Chien-Pao|Protect\n|move|p2a: Ceruledge|Bitter Blade|p1b: Pelipper\n|-supereffective|p1b: Pelipper\n|-damage|p1b: Pelipper|0 fnt\n|faint|p1b: Pelipper\n|move|p2b: Ting-Lu|Stomping Tantrum|p1a: Chien-Pao\n|-activate|p1a: Chien-Pao|move: Protect\n|\n|-weather|RainDance|[upkeep]\n|upkeep\n|\n|t:|1682180046\n|switch|p1b: Palafin|Palafin-Hero, L50, F|100\/100\n|-activate|p1b: Palafin|ability: Zero to Hero\n|turn|4\n|\n|t:|1682180061\n|move|p1a: Chien-Pao|Ice Spinner|p2a: Ceruledge\n|-supereffective|p2a: Ceruledge\n|-enditem|p2a: Ceruledge|Focus Sash\n|-damage|p2a: Ceruledge|1\/100\n|-ability|p2a: Ceruledge|Weak Armor|boost\n|-unboost|p2a: Ceruledge|def|1\n|-boost|p2a: Ceruledge|spe|2\n|move|p2a: Ceruledge|Tera Blast|p1b: Palafin\n|-supereffective|p1b: Palafin\n|-damage|p1b: Palafin|0 fnt\n|faint|p1b: Palafin\n|move|p2b: Ting-Lu|Fissure|p1a: Chien-Pao|[miss]\n|-miss|p2b: Ting-Lu|p1a: Chien-Pao\n|\n|-weather|RainDance|[upkeep]\n|upkeep\n|\n|t:|1682180075\n|switch|p1b: Iron Hands|Iron Hands, L50|89\/100\n|turn|5\n|\n|t:|1682180083\n|move|p1b: Iron Hands|Fake Out|p2a: Ceruledge\n|-damage|p2a: Ceruledge|0 fnt\n|faint|p2a: Ceruledge\n|move|p1a: Chien-Pao|Ice Spinner|p2b: Ting-Lu\n|-supereffective|p2b: Ting-Lu\n|-damage|p2b: Ting-Lu|46\/100\n|move|p2b: Ting-Lu|Stomping Tantrum|p1b: Iron Hands\n|-supereffective|p1b: Iron Hands\n|-damage|p1b: Iron Hands|0 fnt\n|faint|p1b: Iron Hands\n|-end|p1b: Iron Hands|Quark Drive|[silent]\n|\n|-weather|RainDance|[upkeep]\n|upkeep\n|\n|t:|1682180096\n|switch|p2a: Flutter Mane|Flutter Mane, L50|100\/100\n|turn|6\n|\n|t:|1682180104\n|move|p1a: Chien-Pao|Ice Spinner|p2a: Flutter Mane\n|-damage|p2a: Flutter Mane|0 fnt\n|faint|p2a: Flutter Mane\n|-end|p2a: Flutter Mane|Protosynthesis|[silent]\n|move|p2b: Ting-Lu|Stomping Tantrum|p1a: Chien-Pao\n|-damage|p1a: Chien-Pao|0 fnt\n|faint|p1a: Chien-Pao\n|\n|win|MiggHD_Br\n|raw|Shoopkee's rating: 1159 → 1126<\/strong> (-33 for losing)\n|raw|MiggHD_Br's rating: 1046 → 1090<\/strong> (+44 for winning)\n|l|\u2606Shoopkee\n","uploadtime":1682180177,"views":9,"p1id":"shoopkee","p2id":"migghdbr","formatid":"gen9vgc2023regulationc","rating":1090,"private":0,"password":""}