{"id":"gen9vgc2023regulationc-1859871764","p1":"VillagerZz","p2":"zjeskin","format":"[Gen 9] VGC 2023 Regulation C","log":"|j|\u2606VillagerZz\n|j|\u2606zjeskin\n|t:|1683571556\n|gametype|doubles\n|player|p1|VillagerZz|102|1055\n|player|p2|zjeskin|blue-masters|1138\n|teamsize|p1|6\n|teamsize|p2|6\n|gen|9\n|tier|[Gen 9] VGC 2023 Regulation C\n|rated|\n|rule|Species Clause: Limit one of each Pok\u00e9mon\n|rule|Item Clause: Limit one of each item\n|clearpoke\n|poke|p1|Mudsdale, L50, M|\n|poke|p1|Ting-Lu, L50|\n|poke|p1|Gastrodon-East, L50, M|\n|poke|p1|Dachsbun, L50, M|\n|poke|p1|Scream Tail, L50|\n|poke|p1|Grimmsnarl, L50, M|\n|poke|p2|Talonflame, L50, F|\n|poke|p2|Great Tusk, L50|\n|poke|p2|Torkoal, L50, M|\n|poke|p2|Lilligant, L50, F|\n|poke|p2|Indeedee-F, L50, F|\n|poke|p2|Chi-Yu, L50|\n|teampreview|4\n|inactive|Battle timer is ON: inactive players will automatically lose when time's up. (requested by zjeskin)\nzjeskin has agreed to open team sheets.\n|\n|t:|1683571589\n|start\n|switch|p1a: Dachsbun|Dachsbun, L50, M|100\/100\n|switch|p1b: Gastrodon|Gastrodon-East, L50, M, shiny|100\/100\n|switch|p2a: Torkoal|Torkoal, L50, M|100\/100\n|switch|p2b: Lilligant|Lilligant, L50, F|100\/100\n|-weather|SunnyDay|[from] ability: Drought|[of] p2a: Torkoal\n|turn|1\n|inactive|VillagerZz has 30 seconds left.\n|\n|t:|1683571624\n|-terastallize|p1b: Gastrodon|Fire\n|move|p2b: Lilligant|Sleep Powder|p1a: Dachsbun\n|-status|p1a: Dachsbun|slp|[from] move: Sleep Powder\n|cant|p1a: Dachsbun|slp\n|move|p1b: Gastrodon|Stealth Rock|p2a: Torkoal\n|-sidestart|p2: zjeskin|move: Stealth Rock\n|move|p2a: Torkoal|Solar Beam||[still]\n|-prepare|p2a: Torkoal|Solar Beam\n|-anim|p2a: Torkoal|Solar Beam|p1b: Gastrodon\n|-resisted|p1b: Gastrodon\n|-damage|p1b: Gastrodon|89\/100\n|\n|-weather|SunnyDay|[upkeep]\n|upkeep\n|turn|2\n|\n|t:|1683571642\n|move|p2b: Lilligant|Helping Hand|p2a: Torkoal\n|-singleturn|p2a: Torkoal|Helping Hand|[of] p2b: Lilligant\n|cant|p1a: Dachsbun|slp\n|move|p1b: Gastrodon|Spikes|p2b: Lilligant\n|-sidestart|p2: zjeskin|Spikes\n|move|p2a: Torkoal|Earth Power|p1b: Gastrodon\n|-supereffective|p1b: Gastrodon\n|-damage|p1b: Gastrodon|35\/100\n|-enditem|p1b: Gastrodon|Sitrus Berry|[eat]\n|-heal|p1b: Gastrodon|60\/100|[from] item: Sitrus Berry\n|\n|-weather|SunnyDay|[upkeep]\n|upkeep\n|turn|3\n|\n|t:|1683571661\n|switch|p2a: Great Tusk|Great Tusk, L50|100\/100\n|-damage|p2a: Great Tusk|98\/100|[from] Stealth Rock\n|-damage|p2a: Great Tusk|86\/100|[from] Spikes\n|-activate|p2a: Great Tusk|ability: Protosynthesis\n|-start|p2a: Great Tusk|protosynthesisatk\n|move|p2b: Lilligant|Sleep Powder|p1b: Gastrodon\n|-status|p1b: Gastrodon|slp|[from] move: Sleep Powder\n|-curestatus|p1a: Dachsbun|slp|[msg]\n|move|p1a: Dachsbun|Yawn|p2b: Lilligant\n|-start|p2b: Lilligant|move: Yawn|[of] p1a: Dachsbun\n|cant|p1b: Gastrodon|slp\n|\n|-weather|SunnyDay|[upkeep]\n|upkeep\n|turn|4\n|\n|t:|1683571686\n|move|p1a: Dachsbun|Protect|p1a: Dachsbun\n|-singleturn|p1a: Dachsbun|Protect\n|move|p2b: Lilligant|Sleep Powder|p1a: Dachsbun\n|-activate|p1a: Dachsbun|move: Protect\n|move|p2a: Great Tusk|Headlong Rush|p1b: Gastrodon\n|-supereffective|p1b: Gastrodon\n|-damage|p1b: Gastrodon|0 fnt\n|-unboost|p2a: Great Tusk|def|1\n|-unboost|p2a: Great Tusk|spd|1\n|faint|p1b: Gastrodon\n|\n|-weather|SunnyDay|[upkeep]\n|-end|p2b: Lilligant|move: Yawn|[silent]\n|-status|p2b: Lilligant|slp\n|upkeep\n|inactive|VillagerZz has 30 seconds left.\n|\n|t:|1683571711\n|switch|p1b: Scream Tail|Scream Tail, L50, shiny|100\/100\n|-activate|p1b: Scream Tail|ability: Protosynthesis\n|-start|p1b: Scream Tail|protosynthesisspe\n|turn|5\n|\n|t:|1683571720\n|-end|p2a: Great Tusk|Protosynthesis|[silent]\n|switch|p2a: Torkoal|Torkoal, L50, M|100\/100\n|-damage|p2a: Torkoal|76\/100|[from] Stealth Rock\n|-damage|p2a: Torkoal|63\/100|[from] Spikes\n|cant|p2b: Lilligant|slp\n|move|p1b: Scream Tail|Wish|p1b: Scream Tail\n|move|p1a: Dachsbun|Yawn|p2a: Torkoal\n|-start|p2a: Torkoal|move: Yawn|[of] p1a: Dachsbun\n|\n|-weather|SunnyDay|[upkeep]\n|upkeep\n|turn|6\n|inactive|zjeskin has 30 seconds left.\n|\n|t:|1683571748\n|switch|p2a: Great Tusk|Great Tusk, L50|86\/100\n|-damage|p2a: Great Tusk|83\/100|[from] Stealth Rock\n|-damage|p2a: Great Tusk|71\/100|[from] Spikes\n|-activate|p2a: Great Tusk|ability: Protosynthesis\n|-start|p2a: Great Tusk|protosynthesisatk\n|move|p1b: Scream Tail|Protect|p1b: Scream Tail\n|-singleturn|p1b: Scream Tail|Protect\n|cant|p2b: Lilligant|slp\n|move|p1a: Dachsbun|Roar|p2b: Lilligant\n|drag|p2b: Torkoal|Torkoal, L50, M|63\/100\n|-damage|p2b: Torkoal|38\/100|[from] Stealth Rock\n|-damage|p2b: Torkoal|26\/100|[from] Spikes\n|\n|-weather|SunnyDay|[upkeep]\n|upkeep\n|turn|7\n|inactive|VillagerZz has 30 seconds left.\n|\n|t:|1683571777\n|-terastallize|p2a: Great Tusk|Ground\n|move|p1b: Scream Tail|Wish|p1b: Scream Tail\n|move|p2a: Great Tusk|Headlong Rush|p1b: Scream Tail\n|-damage|p1b: Scream Tail|16\/100\n|-unboost|p2a: Great Tusk|def|1\n|-unboost|p2a: Great Tusk|spd|1\n|move|p1a: Dachsbun|Yawn|p2a: Great Tusk\n|-start|p2a: Great Tusk|move: Yawn|[of] p1a: Dachsbun\n|move|p2b: Torkoal|Solar Beam||[still]\n|-prepare|p2b: Torkoal|Solar Beam\n|-anim|p2b: Torkoal|Solar Beam|p1a: Dachsbun\n|-damage|p1a: Dachsbun|57\/100\n|\n|-weather|SunnyDay|[upkeep]\n|upkeep\n|turn|8\n|inactive|VillagerZz has 30 seconds left.\n|\n|t:|1683571805\n|switch|p2b: Chi-Yu|Chi-Yu, L50|100\/100\n|-damage|p2b: Chi-Yu|76\/100|[from] Stealth Rock\n|-damage|p2b: Chi-Yu|64\/100|[from] Spikes\n|-ability|p2b: Chi-Yu|Beads of Ruin\n|move|p1b: Scream Tail|Protect|p1b: Scream Tail\n|-singleturn|p1b: Scream Tail|Protect\n|move|p2a: Great Tusk|Headlong Rush|p1a: Dachsbun\n|-damage|p1a: Dachsbun|0 fnt\n|-unboost|p2a: Great Tusk|def|1\n|-unboost|p2a: Great Tusk|spd|1\n|-damage|p2a: Great Tusk|55\/100|[from] item: Rocky Helmet|[of] p1a: Dachsbun\n|faint|p1a: Dachsbun\n|\n|-weather|none\n|-end|p1b: Scream Tail|Protosynthesis\n|-end|p2a: Great Tusk|Protosynthesis\n|-heal|p1b: Scream Tail|66\/100|[from] move: Wish|[wisher] Scream Tail\n|-end|p2a: Great Tusk|move: Yawn|[silent]\n|-status|p2a: Great Tusk|slp\n|upkeep\n|-enditem|p1b: Scream Tail|Booster Energy\n|-activate|p1b: Scream Tail|ability: Protosynthesis|[fromitem]\n|-start|p1b: Scream Tail|protosynthesisspe\n|\n|t:|1683571828\n|switch|p1a: Ting-Lu|Ting-Lu, L50|100\/100\n|-ability|p1a: Ting-Lu|Vessel of Ruin\n|turn|9\n|\n|t:|1683571843\n|-end|p2a: Great Tusk|Protosynthesis|[silent]\n|switch|p2a: Torkoal|Torkoal, L50, M|26\/100\n|-damage|p2a: Torkoal|1\/100|[from] Stealth Rock\n|-damage|p2a: Torkoal|0 fnt|[from] Spikes\n|faint|p2a: Torkoal\n|move|p1b: Scream Tail|Wish|p1b: Scream Tail\n|move|p2b: Chi-Yu|Heat Wave|p1a: Ting-Lu|[spread] p1a,p1b\n|-damage|p1a: Ting-Lu|57\/100\n|-damage|p1b: Scream Tail|24\/100\n|move|p1a: Ting-Lu|Whirlwind|p2b: Chi-Yu\n|drag|p2b: Great Tusk|Great Tusk, L50, tera:Ground|55\/100 slp\n|-damage|p2b: Great Tusk|49\/100 slp|[from] Stealth Rock\n|-damage|p2b: Great Tusk|37\/100 slp|[from] Spikes\n|\n|upkeep\n|\n|t:|1683571856\n|switch|p2a: Chi-Yu|Chi-Yu, L50|64\/100\n|-damage|p2a: Chi-Yu|39\/100|[from] Stealth Rock\n|-damage|p2a: Chi-Yu|27\/100|[from] Spikes\n|-ability|p2a: Chi-Yu|Beads of Ruin\n|turn|10\n|\n|t:|1683571869\n|move|p1b: Scream Tail|Protect|p1b: Scream Tail\n|-singleturn|p1b: Scream Tail|Protect\n|move|p1a: Ting-Lu|Protect|p1a: Ting-Lu\n|-singleturn|p1a: Ting-Lu|Protect\n|cant|p2b: Great Tusk|slp\n|move|p2a: Chi-Yu|Heat Wave|p1a: Ting-Lu|[spread] \n|-activate|p1a: Ting-Lu|move: Protect\n|-activate|p1b: Scream Tail|move: Protect\n|\n|-heal|p1b: Scream Tail|74\/100|[from] move: Wish|[wisher] Scream Tail\n|upkeep\n|turn|11\n|\n|t:|1683571886\n|move|p1b: Scream Tail|Disable|p2a: Chi-Yu\n|-start|p2a: Chi-Yu|Disable|Heat Wave\n|cant|p2b: Great Tusk|slp\n|cant|p2a: Chi-Yu|Disable|Heat Wave\n|move|p1a: Ting-Lu|Spikes|p2b: Great Tusk\n|-sidestart|p2: zjeskin|Spikes\n|\n|upkeep\n|turn|12\n|\n|t:|1683571902\n|move|p1b: Scream Tail|Wish|p1b: Scream Tail\n|-curestatus|p2b: Great Tusk|slp|[msg]\n|move|p2b: Great Tusk|Close Combat|p1a: Ting-Lu\n|-supereffective|p1a: Ting-Lu\n|-damage|p1a: Ting-Lu|7\/100\n|-unboost|p2b: Great Tusk|def|1\n|-unboost|p2b: Great Tusk|spd|1\n|-activate|p2a: Chi-Yu|move: Struggle\n|move|p2a: Chi-Yu|Struggle|p1a: Ting-Lu\n|-damage|p1a: Ting-Lu|4\/100\n|-damage|p2a: Chi-Yu|1\/100|[from] recoil\n|move|p1a: Ting-Lu|Whirlwind|p2a: Chi-Yu\n|drag|p2a: Lilligant|Lilligant, L50, F|100\/100 slp\n|-damage|p2a: Lilligant|88\/100 slp|[from] Stealth Rock\n|-damage|p2a: Lilligant|72\/100 slp|[from] Spikes\n|\n|upkeep\n|turn|13\n|-message|zjeskin forfeited.\n|\n|win|VillagerZz\n|raw|VillagerZz's rating: 1055 → 1094<\/strong> (+39 for winning)\n|raw|zjeskin's rating: 1138 → 1107<\/strong> (-31 for losing)\n|l|\u2606zjeskin\n","uploadtime":1683571932,"views":8,"p1id":"villagerzz","p2id":"zjeskin","formatid":"gen9vgc2023regulationc","rating":1094,"private":0,"password":""}