{"id":"gen9vgc2023regulationc-1861813513","p1":"NoahMP3","p2":"zzy6858","format":"[Gen 9] VGC 2023 Regulation C","log":"|j|\u2606NoahMP3\n|j|\u2606zzy6858\n|t:|1683811353\n|gametype|doubles\n|player|p1|NoahMP3|chuck|1121\n|player|p2|zzy6858|1|1026\n|teamsize|p1|6\n|teamsize|p2|6\n|gen|9\n|tier|[Gen 9] VGC 2023 Regulation C\n|rated|\n|rule|Species Clause: Limit one of each Pok\u00e9mon\n|rule|Item Clause: Limit one of each item\n|clearpoke\n|poke|p1|Hawlucha, L50, F|\n|poke|p1|Riolu, L50, M|\n|poke|p1|Slowking, L50, F|\n|poke|p1|Glaceon, L50, M|\n|poke|p1|Chi-Yu, L50|\n|poke|p1|Tsareena, L50, F|\n|poke|p2|Amoonguss, L50, M|\n|poke|p2|Chien-Pao, L50|\n|poke|p2|Arcanine, L50, M|\n|poke|p2|Dragapult, L50, F|\n|poke|p2|Flutter Mane, L50|\n|poke|p2|Palafin, L50, M|\n|teampreview|4\n|inactive|Battle timer is ON: inactive players will automatically lose when time's up. (requested by NoahMP3)\n|\n|t:|1683811378\n|start\n|switch|p1a: Hawlucha|Hawlucha, L50, F|100\/100\n|switch|p1b: Riolu|Riolu, L50, M|100\/100\n|switch|p2a: Amoonguss|Amoonguss, L50, M|100\/100\n|switch|p2b: Flutter Mane|Flutter Mane, L50|100\/100\n|-enditem|p2b: Flutter Mane|Booster Energy\n|-activate|p2b: Flutter Mane|ability: Protosynthesis|[fromitem]\n|-start|p2b: Flutter Mane|protosynthesisspa\n|turn|1\n|\n|t:|1683811392\n|-terastallize|p2b: Flutter Mane|Fairy\n|-terastallize|p1a: Hawlucha|Steel\n|move|p2a: Amoonguss|Rage Powder|p2a: Amoonguss\n|-singleturn|p2a: Amoonguss|move: Rage Powder\n|move|p1b: Riolu|Vacuum Wave|p2a: Amoonguss\n|-resisted|p2a: Amoonguss\n|-crit|p2a: Amoonguss\n|-damage|p2a: Amoonguss|98\/100\n|move|p2b: Flutter Mane|Dazzling Gleam|p1a: Hawlucha|[spread] p1a,p1b\n|-resisted|p1a: Hawlucha\n|-supereffective|p1b: Riolu\n|-damage|p1a: Hawlucha|63\/100\n|-enditem|p1b: Riolu|Focus Sash\n|-damage|p1b: Riolu|1\/100\n|move|p1a: Hawlucha|Acrobatics|p2a: Amoonguss\n|-supereffective|p2a: Amoonguss\n|-damage|p2a: Amoonguss|50\/100\n|-enditem|p2a: Amoonguss|Sitrus Berry|[eat]\n|-heal|p2a: Amoonguss|75\/100|[from] item: Sitrus Berry\n|\n|upkeep\n|turn|2\n|inactive|zzy6858 has 30 seconds left.\n|\n|t:|1683811418\n|move|p1b: Riolu|Vacuum Wave|p1a: Hawlucha\n|-supereffective|p1a: Hawlucha\n|-damage|p1a: Hawlucha|48\/100\n|-enditem|p1a: Hawlucha|Weakness Policy\n|-boost|p1a: Hawlucha|atk|2|[from] item: Weakness Policy\n|-boost|p1a: Hawlucha|spa|2|[from] item: Weakness Policy\n|move|p1a: Hawlucha|Acrobatics|p2b: Flutter Mane\n|-damage|p2b: Flutter Mane|0 fnt\n|faint|p2b: Flutter Mane\n|-end|p2b: Flutter Mane|Protosynthesis|[silent]\n|move|p2a: Amoonguss|Spore|p1a: Hawlucha\n|-status|p1a: Hawlucha|slp|[from] move: Spore\n|\n|upkeep\n|\n|t:|1683811428\n|switch|p2b: Chien-Pao|Chien-Pao, L50|100\/100\n|-ability|p2b: Chien-Pao|Sword of Ruin\n|turn|3\n|\n|t:|1683811439\n|move|p1b: Riolu|Feint|p2b: Chien-Pao\n|-damage|p2b: Chien-Pao|89\/100\n|move|p2a: Amoonguss|Rage Powder|p2a: Amoonguss\n|-singleturn|p2a: Amoonguss|move: Rage Powder\n|cant|p1a: Hawlucha|slp\n|move|p2b: Chien-Pao|Ice Spinner|p1a: Hawlucha\n|-resisted|p1a: Hawlucha\n|-damage|p1a: Hawlucha|16\/100 slp\n|\n|upkeep\n|turn|4\n|\n|t:|1683811454\n|switch|p1b: Chi-Yu|Chi-Yu, L50|100\/100\n|-ability|p1b: Chi-Yu|Beads of Ruin\n|-curestatus|p1a: Hawlucha|slp|[msg]\n|move|p1a: Hawlucha|Detect|p1a: Hawlucha\n|-singleturn|p1a: Hawlucha|Protect\n|move|p2b: Chien-Pao|Ice Spinner|p1a: Hawlucha\n|-activate|p1a: Hawlucha|move: Protect\n|move|p2a: Amoonguss|Pollen Puff|p1b: Chi-Yu\n|-damage|p1b: Chi-Yu|81\/100\n|\n|upkeep\n|turn|5\n|\n|t:|1683811471\n|move|p2a: Amoonguss|Protect|p2a: Amoonguss\n|-singleturn|p2a: Amoonguss|Protect\n|move|p2b: Chien-Pao|Sucker Punch|p1a: Hawlucha\n|-damage|p1a: Hawlucha|0 fnt\n|faint|p1a: Hawlucha\n|move|p1b: Chi-Yu|Heat Wave|p2b: Chien-Pao|[spread] p2b\n|-activate|p2a: Amoonguss|move: Protect\n|-supereffective|p2b: Chien-Pao\n|-damage|p2b: Chien-Pao|0 fnt\n|faint|p2b: Chien-Pao\n|\n|upkeep\n|\n|t:|1683811481\n|switch|p2b: Arcanine|Arcanine, L50, M|100\/100\n|switch|p1a: Tsareena|Tsareena, L50, F|100\/100\n|-ability|p2b: Arcanine|Intimidate|boost\n|-unboost|p1a: Tsareena|atk|1\n|-unboost|p1b: Chi-Yu|atk|1\n|-enditem|p1b: Chi-Yu|Eject Pack\n|\n|t:|1683811488\n|switch|p1b: Riolu|Riolu, L50, M|1\/100\n|turn|6\n|\n|t:|1683811504\n|move|p1b: Riolu|Helping Hand|p1a: Tsareena\n|-singleturn|p1a: Tsareena|Helping Hand|[of] p1b: Riolu\n|move|p2b: Arcanine|Flare Blitz|p1a: Tsareena\n|-supereffective|p1a: Tsareena\n|-damage|p1a: Tsareena|9\/100\n|-damage|p2b: Arcanine|73\/100|[from] Recoil\n|move|p1a: Tsareena|Low Kick|p2b: Arcanine\n|-damage|p2b: Arcanine|38\/100\n|move|p2a: Amoonguss|Pollen Puff|p1b: Riolu\n|-resisted|p1b: Riolu\n|-damage|p1b: Riolu|0 fnt\n|faint|p1b: Riolu\n|\n|upkeep\n|\n|t:|1683811515\n|switch|p1b: Chi-Yu|Chi-Yu, L50|81\/100\n|-ability|p1b: Chi-Yu|Beads of Ruin\n|turn|7\n|\n|t:|1683811526\n|move|p2b: Arcanine|Extreme Speed||[still]\n|cant|p1a: Tsareena|ability: Queenly Majesty|Extreme Speed|[of] p2b: Arcanine\n|move|p1b: Chi-Yu|Heat Wave|p2a: Amoonguss|[spread] p2a,p2b\n|-supereffective|p2a: Amoonguss\n|-resisted|p2b: Arcanine\n|-damage|p2a: Amoonguss|0 fnt\n|-damage|p2b: Arcanine|9\/100\n|faint|p2a: Amoonguss\n|move|p1a: Tsareena|Low Kick|p2b: Arcanine\n|-damage|p2b: Arcanine|0 fnt\n|faint|p2b: Arcanine\n|\n|win|NoahMP3\n|raw|NoahMP3's rating: 1121 → 1139<\/strong> (+18 for winning)\n|raw|zzy6858's rating: 1026 → 1016<\/strong> (-10 for losing)\n|l|\u2606zzy6858\n","uploadtime":1683811537,"views":15,"p1id":"noahmp3","p2id":"zzy6858","formatid":"gen9vgc2023regulationc","rating":1016,"private":0,"password":""}