{"id":"gen9vgc2023regulationc-1849885457","p1":"toocynical1","p2":"KoinuTheEevee","format":"[Gen 9] VGC 2023 Regulation C","log":"|j|\u2606toocynical1\n|j|\u2606KoinuTheEevee\n|t:|1682264475\n|gametype|doubles\n|player|p1|toocynical1|265|1270\n|player|p2|KoinuTheEevee|heroine2-conquest|1192\n|teamsize|p1|6\n|teamsize|p2|6\n|gen|9\n|tier|[Gen 9] VGC 2023 Regulation C\n|rated|\n|rule|Species Clause: Limit one of each Pok\u00e9mon\n|rule|Item Clause: Limit one of each item\n|clearpoke\n|poke|p1|Baxcalibur, L50, M|\n|poke|p1|Scream Tail, L50|\n|poke|p1|Gyarados, L50, M|\n|poke|p1|Azumarill, L50, F|\n|poke|p1|Ting-Lu, L50|\n|poke|p1|Gholdengo, L50|\n|poke|p2|Leafeon, L50, F|\n|poke|p2|Jolteon, L50, M|\n|poke|p2|Vaporeon, L50, M|\n|poke|p2|Sylveon, L50, F|\n|poke|p2|Chi-Yu, L50|\n|poke|p2|Umbreon, L50, M|\n|teampreview|4\ntoocynical1 has agreed to open team sheets.\n|\n|t:|1682264542\n|start\n|switch|p1a: Ting-Lu|Ting-Lu, L50|100\/100\n|switch|p1b: Gyarados|Gyarados, L50, M|100\/100\n|switch|p2a: Chi-Yu|Chi-Yu, L50|100\/100\n|switch|p2b: Jolteon|Jolteon, L50, M|100\/100\n|-ability|p2a: Chi-Yu|Beads of Ruin\n|-ability|p1b: Gyarados|Intimidate|boost\n|-unboost|p2a: Chi-Yu|atk|1\n|-unboost|p2b: Jolteon|atk|1\n|-ability|p1a: Ting-Lu|Vessel of Ruin\n|turn|1\n|\n|t:|1682264608\n|switch|p1b: Scream Tail|Scream Tail, L50|100\/100\n|-enditem|p1b: Scream Tail|Booster Energy\n|-activate|p1b: Scream Tail|ability: Protosynthesis|[fromitem]\n|-start|p1b: Scream Tail|protosynthesisspe\n|move|p2a: Chi-Yu|Sunny Day|p2a: Chi-Yu\n|-weather|SunnyDay\n|move|p2b: Jolteon|Thunderbolt|p1b: Scream Tail\n|-damage|p1b: Scream Tail|70\/100\n|move|p1a: Ting-Lu|Earthquake|p2b: Jolteon|[spread] p1b,p2a,p2b\n|-supereffective|p2a: Chi-Yu\n|-supereffective|p2b: Jolteon\n|-damage|p1b: Scream Tail|43\/100\n|-damage|p2a: Chi-Yu|0 fnt\n|-enditem|p2b: Jolteon|Focus Sash\n|-damage|p2b: Jolteon|1\/100\n|faint|p2a: Chi-Yu\n|\n|-weather|SunnyDay|[upkeep]\n|upkeep\n|\n|t:|1682264624\n|switch|p2a: Leafeon|Leafeon, L50, F|100\/100\n|turn|2\n|\n|t:|1682264643\n|move|p2a: Leafeon|Leaf Blade|p1a: Ting-Lu\n|-supereffective|p1a: Ting-Lu\n|-crit|p1a: Ting-Lu\n|-damage|p1a: Ting-Lu|6\/100\n|-damage|p2a: Leafeon|91\/100|[from] item: Life Orb\n|move|p1b: Scream Tail|Play Rough|p2b: Jolteon\n|-damage|p2b: Jolteon|0 fnt\n|faint|p2b: Jolteon\n|move|p1a: Ting-Lu|Sand Tomb|p2a: Leafeon\n|-resisted|p2a: Leafeon\n|-damage|p2a: Leafeon|81\/100\n|-activate|p2a: Leafeon|move: Sand Tomb|[of] p1a: Ting-Lu\n|\n|-weather|SunnyDay|[upkeep]\n|-damage|p2a: Leafeon|69\/100|[from] move: Sand Tomb|[partiallytrapped]\n|upkeep\n|\n|t:|1682264657\n|switch|p2b: Umbreon|Umbreon, L50, M|100\/100\n|turn|3\n|\n|t:|1682264674\n|switch|p1a: Gyarados|Gyarados, L50, M|100\/100\n|-ability|p1a: Gyarados|Intimidate|boost\n|-unboost|p2a: Leafeon|atk|1\n|-fail|p2b: Umbreon|unboost|Attack|[from] ability: Inner Focus|[of] p2b: Umbreon\n|-terastallize|p2a: Leafeon|Normal\n|move|p2a: Leafeon|Double-Edge|p1b: Scream Tail\n|-damage|p1b: Scream Tail|7\/100\n|-damage|p2a: Leafeon|50\/100|[from] Recoil\n|-damage|p2a: Leafeon|40\/100|[from] item: Life Orb\n|move|p1b: Scream Tail|Howl|p1b: Scream Tail|[spread] p1a,p1b\n|-boost|p1a: Gyarados|atk|1\n|-boost|p1b: Scream Tail|atk|1\n|move|p2b: Umbreon|Foul Play|p1a: Gyarados\n|-damage|p1a: Gyarados|34\/100\n|\n|-weather|SunnyDay|[upkeep]\n|-end|p2a: Leafeon|Sand Tomb|[partiallytrapped]|[silent]\n|upkeep\n|turn|4\n|\n|t:|1682264724\n|move|p2a: Leafeon|Leaf Blade|p1b: Scream Tail\n|-damage|p1b: Scream Tail|0 fnt\n|faint|p1b: Scream Tail\n|-end|p1b: Scream Tail|Protosynthesis|[silent]\n|-damage|p2a: Leafeon|30\/100|[from] item: Life Orb\n|move|p1a: Gyarados|Waterfall|p2a: Leafeon\n|-damage|p2a: Leafeon|3\/100\n|move|p2b: Umbreon|Foul Play|p1a: Gyarados\n|-damage|p1a: Gyarados|0 fnt\n|faint|p1a: Gyarados\n|\n|-weather|SunnyDay|[upkeep]\n|upkeep\n|\n|t:|1682264736\n|switch|p1b: Baxcalibur|Baxcalibur, L50, M|100\/100\n|switch|p1a: Ting-Lu|Ting-Lu, L50|6\/100\n|-ability|p1a: Ting-Lu|Vessel of Ruin\n|turn|5\n|\n|t:|1682264746\n|move|p2a: Leafeon|Quick Attack|p1a: Ting-Lu\n|-damage|p1a: Ting-Lu|0 fnt\n|faint|p1a: Ting-Lu\n|-damage|p2a: Leafeon|0 fnt|[from] item: Life Orb\n|faint|p2a: Leafeon\n|move|p1b: Baxcalibur|Ice Shard|p2b: Umbreon\n|-damage|p2b: Umbreon|84\/100\n|move|p2b: Umbreon|Foul Play|p1b: Baxcalibur\n|-damage|p1b: Baxcalibur|38\/100\n|\n|-weather|none\n|upkeep\n|turn|6\n|\n|t:|1682264760\n|move|p1b: Baxcalibur|Glaive Rush|p2b: Umbreon\n|-damage|p2b: Umbreon|27\/100\n|-singlemove|p1b: Baxcalibur|Glaive Rush|[silent]\n|move|p2b: Umbreon|Foul Play|p1b: Baxcalibur\n|-damage|p1b: Baxcalibur|0 fnt\n|faint|p1b: Baxcalibur\n|\n|win|KoinuTheEevee\n|raw|toocynical1's rating: 1270 → 1239<\/strong> (-31 for losing)\n|raw|KoinuTheEevee's rating: 1192 → 1223<\/strong> (+31 for winning)\n|l|\u2606toocynical1\n","uploadtime":1682264792,"views":9,"p1id":"toocynical1","p2id":"koinutheeevee","formatid":"gen9vgc2023regulationc","rating":1223,"private":0,"password":""}