{"id":"gen9vgc2023regulationc-1846837330","p1":"madurum","p2":"Nexnun","format":"[Gen 9] VGC 2023 Regulation C","log":"|j|\u203dmadurum\n|j|\u2606Nexnun\n|t:|1681888116\n|gametype|doubles\n|player|p1|madurum|gentleman|1273\n|player|p2|Nexnun|102|1281\n|teamsize|p1|6\n|teamsize|p2|6\n|gen|9\n|tier|[Gen 9] VGC 2023 Regulation C\n|rated|\n|rule|Species Clause: Limit one of each Pok\u00e9mon\n|rule|Item Clause: Limit one of each item\n|clearpoke\n|poke|p1|Dondozo, L50, F|\n|poke|p1|Tatsugiri-Droopy, L50, M|\n|poke|p1|Pelipper, L50, M|\n|poke|p1|Drednaw, L50, F|\n|poke|p1|Dragonite, L50, M|\n|poke|p1|Chien-Pao, L50|\n|poke|p2|Hariyama, L50, M|\n|poke|p2|Indeedee-F, L50, F|\n|poke|p2|Oranguru, L50, F|\n|poke|p2|Kingambit, L50, M|\n|poke|p2|Hatterene, L50, F|\n|poke|p2|Torkoal, L50, F|\n|teampreview|4\n|inactive|Battle timer is ON: inactive players will automatically lose when time's up. (requested by Nexnun)\n|inactive|madurum also wants the timer to be on.\n|inactive|Nexnun has 60 seconds left.\n|inactive|Nexnun has 30 seconds left.\n|inactive|Nexnun has 20 seconds left.\n|inactive|Nexnun has 15 seconds left.\n|inactive|Nexnun has 10 seconds left.\n|\n|t:|1681888200\n|start\n|switch|p1a: Dondozo|Dondozo, L50, F, shiny|100\/100\n|switch|p1b: Pelipper|Pelipper, L50, M, shiny|100\/100\n|switch|p2a: Indeedee|Indeedee-F, L50, F|100\/100\n|switch|p2b: Hariyama|Hariyama, L50, M|100\/100\n|-weather|RainDance|[from] ability: Drizzle|[of] p1b: Pelipper\n|-fieldstart|move: Psychic Terrain|[from] ability: Psychic Surge|[of] p2a: Indeedee\n|-enditem|p2a: Indeedee|Psychic Seed\n|-boost|p2a: Indeedee|spd|1|[from] item: Psychic Seed\n|turn|1\n|inactive|madurum has 30 seconds left.\n|inactive|madurum has 20 seconds left.\n|\n|t:|1681888240\n|move|p1a: Dondozo|Protect|p1a: Dondozo\n|-singleturn|p1a: Dondozo|Protect\n|move|p2b: Hariyama|Fake Out|p1b: Pelipper\n|-hint|Psychic Terrain doesn't affect Pok\u00e9mon immune to Ground.\n|-damage|p1b: Pelipper|84\/100\n|cant|p1b: Pelipper|flinch\n|move|p2a: Indeedee|Trick Room|p2a: Indeedee\n|-fieldstart|move: Trick Room|[of] p2a: Indeedee\n|\n|-weather|RainDance|[upkeep]\n|-status|p2b: Hariyama|brn|[from] item: Flame Orb\n|upkeep\n|turn|2\n|\n|t:|1681888256\n|switch|p2a: Torkoal|Torkoal, L50, F|100\/100\n|-weather|SunnyDay|[from] ability: Drought|[of] p2a: Torkoal\n|switch|p1b: Tatsugiri|Tatsugiri-Droopy, L50, M, shiny|100\/100\n|-activate|p1b: Tatsugiri|ability: Commander|[of] p1a: Dondozo\n|-boost|p1a: Dondozo|atk|2\n|-boost|p1a: Dondozo|spa|2\n|-boost|p1a: Dondozo|spe|2\n|-boost|p1a: Dondozo|def|2\n|-boost|p1a: Dondozo|spd|2\n|-terastallize|p1a: Dondozo|Water\n|move|p2b: Hariyama|Close Combat|p1a: Dondozo\n|-damage|p1a: Dondozo|62\/100\n|-unboost|p2b: Hariyama|def|1\n|-unboost|p2b: Hariyama|spd|1\n|move|p1a: Dondozo|Surf|p2a: Torkoal|[spread] p2a,p2b\n|-miss|p1a: Dondozo|p1b: Tatsugiri\n|-supereffective|p2a: Torkoal\n|-damage|p2a: Torkoal|0 fnt\n|-damage|p2b: Hariyama|63\/100 brn\n|faint|p2a: Torkoal\n|-damage|p1a: Dondozo|52\/100|[from] item: Life Orb\n|\n|-weather|SunnyDay|[upkeep]\n|-damage|p2b: Hariyama|57\/100 brn|[from] brn\n|upkeep\n|\n|t:|1681888268\n|switch|p2a: Hatterene|Hatterene, L50, F|100\/100\n|turn|3\n|\n|t:|1681888277\n|move|p2a: Hatterene|Psychic|p1a: Dondozo\n|-damage|p1a: Dondozo|4\/100\n|-damage|p2a: Hatterene|91\/100|[from] item: Life Orb\n|move|p2b: Hariyama|Close Combat|p1a: Dondozo\n|-damage|p1a: Dondozo|0 fnt\n|-unboost|p2b: Hariyama|def|1\n|-unboost|p2b: Hariyama|spd|1\n|faint|p1a: Dondozo\n|\n|-weather|SunnyDay|[upkeep]\n|-damage|p2b: Hariyama|51\/100 brn|[from] brn\n|upkeep\n|\n|t:|1681888285\n|switch|p1a: Pelipper|Pelipper, L50, M, shiny|84\/100\n|-weather|RainDance|[from] ability: Drizzle|[of] p1a: Pelipper\n|turn|4\n|\n|t:|1681888298\n|move|p2a: Hatterene|Dazzling Gleam|p1a: Pelipper|[spread] p1a,p1b\n|-supereffective|p1b: Tatsugiri\n|-damage|p1a: Pelipper|23\/100\n|-damage|p1b: Tatsugiri|0 fnt\n|faint|p1b: Tatsugiri\n|-damage|p2a: Hatterene|81\/100|[from] item: Life Orb\n|move|p2b: Hariyama|Close Combat|p1a: Pelipper\n|-resisted|p1a: Pelipper\n|-damage|p1a: Pelipper|0 fnt\n|-unboost|p2b: Hariyama|def|1\n|-unboost|p2b: Hariyama|spd|1\n|faint|p1a: Pelipper\n|\n|-weather|RainDance|[upkeep]\n|-damage|p2b: Hariyama|45\/100 brn|[from] brn\n|upkeep\n|\n|t:|1681888307\n|switch|p1b: Drednaw|Drednaw, L50, F, shiny|100\/100\n|turn|5\n|l|\u203dmadurum\n|inactive|madurum disconnected and has a minute to reconnect!\n|player|p1|\n|inactive|Nexnun has 30 seconds left.\n|\n|t:|1681888333\n|move|p2a: Hatterene|Psychic|p1b: Drednaw\n|-damage|p1b: Drednaw|0 fnt\n|faint|p1b: Drednaw\n|-damage|p2a: Hatterene|71\/100|[from] item: Life Orb\n|\n|win|Nexnun\n|raw|madurum's rating: 1273 → 1249<\/strong> (-24 for losing)\n|raw|Nexnun's rating: 1281 → 1305<\/strong> (+24 for winning)\n","uploadtime":1681888344,"views":7,"p1id":"madurum","p2id":"nexnun","formatid":"gen9vgc2023regulationc","rating":1249,"private":0,"password":""}