{"id":"gen9vgc2023regulationc-1861663401","p1":"Lefties Chi-Yu","p2":"Polentino","format":"[Gen 9] VGC 2023 Regulation C","log":"|j|\u2606Lefties Chi-Yu\n|j|\u2606Polentino\n|t:|1683790431\n|gametype|doubles\n|player|p1|Lefties Chi-Yu|acetrainer-gen6xy|1103\n|player|p2|Polentino|1|1009\n|teamsize|p1|6\n|teamsize|p2|4\n|gen|9\n|tier|[Gen 9] VGC 2023 Regulation C\n|rated|\n|rule|Species Clause: Limit one of each Pok\u00e9mon\n|rule|Item Clause: Limit one of each item\n|clearpoke\n|poke|p1|Arcanine, L50, M|\n|poke|p1|Amoonguss, L50, M|\n|poke|p1|Dragonite, L50, F|\n|poke|p1|Kingambit, L50, M|\n|poke|p1|Flutter Mane, L50|\n|poke|p1|Iron Bundle, L50|\n|poke|p2|Dragonite, L50, F|\n|poke|p2|Gyarados, L50, F|\n|poke|p2|Grimmsnarl, L50, M|\n|poke|p2|Sylveon, L50, M|\n|teampreview|4\nLefties Chi-Yu has agreed to open team sheets.\n|\n|t:|1683790513\n|start\n|switch|p1a: Flutter Mane|Flutter Mane, L50|100\/100\n|switch|p1b: Kingambit|Kingambit, L50, M|100\/100\n|switch|p2a: Grimmsnarl|Grimmsnarl, L50, M|100\/100\n|switch|p2b: Sylveon|Sylveon, L50, M|100\/100\n|turn|1\n|\n|t:|1683790542\n|switch|p2b: Gyarados|Gyarados, L50, F|100\/100\n|-ability|p2b: Gyarados|Intimidate|boost\n|-unboost|p1a: Flutter Mane|atk|1\n|-unboost|p1b: Kingambit|atk|1\n|-ability|p1b: Kingambit|Defiant|boost\n|-boost|p1b: Kingambit|atk|2\n|move|p1b: Kingambit|Protect|p1b: Kingambit\n|-singleturn|p1b: Kingambit|Protect\n|move|p2a: Grimmsnarl|Sucker Punch|p1a: Flutter Mane\n|-damage|p1a: Flutter Mane|36\/100\n|move|p1a: Flutter Mane|Moonblast|p2a: Grimmsnarl\n|-supereffective|p2a: Grimmsnarl\n|-damage|p2a: Grimmsnarl|0 fnt\n|faint|p2a: Grimmsnarl\n|\n|upkeep\n|\n|t:|1683790557\n|switch|p2a: Dragonite|Dragonite, L50, F|100\/100\n|turn|2\n|\n|t:|1683790604\n|-terastallize|p2a: Dragonite|Rock\n|-terastallize|p1b: Kingambit|Dark\n|move|p1a: Flutter Mane|Moonblast|p2a: Dragonite\n|-damage|p2a: Dragonite|35\/100\n|move|p2b: Gyarados|Icy Wind|p1b: Kingambit|[spread] p1b\n|-miss|p2b: Gyarados|p1a: Flutter Mane\n|-damage|p1b: Kingambit|94\/100\n|-unboost|p1b: Kingambit|spe|1\n|-ability|p1b: Kingambit|Defiant|boost\n|-boost|p1b: Kingambit|atk|2\n|move|p2a: Dragonite|Rock Slide|p1b: Kingambit|[spread] p1a,p1b\n|-damage|p1a: Flutter Mane|0 fnt\n|-damage|p1b: Kingambit|60\/100\n|faint|p1a: Flutter Mane\n|-end|p1a: Flutter Mane|Protosynthesis|[silent]\n|move|p1b: Kingambit|Kowtow Cleave|p2b: Gyarados\n|-damage|p2b: Gyarados|0 fnt\n|faint|p2b: Gyarados\n|\n|upkeep\n|\n|t:|1683790639\n|switch|p1a: Iron Bundle|Iron Bundle, L50|100\/100\n|switch|p2b: Sylveon|Sylveon, L50, M|100\/100\n|-enditem|p1a: Iron Bundle|Booster Energy\n|-activate|p1a: Iron Bundle|ability: Quark Drive|[fromitem]\n|-start|p1a: Iron Bundle|quarkdrivespe\n|turn|3\n|\n|t:|1683790663\n|move|p1b: Kingambit|Sucker Punch|p2b: Sylveon\n|-resisted|p2b: Sylveon\n|-damage|p2b: Sylveon|6\/100\n|move|p1a: Iron Bundle|Hydro Pump|p2a: Dragonite|[miss]\n|-miss|p1a: Iron Bundle|p2a: Dragonite\n|move|p2a: Dragonite|Rock Slide|p1a: Iron Bundle|[spread] p1a,p1b\n|-supereffective|p1a: Iron Bundle\n|-damage|p1a: Iron Bundle|0 fnt\n|-damage|p1b: Kingambit|29\/100\n|faint|p1a: Iron Bundle\n|-end|p1a: Iron Bundle|Quark Drive|[silent]\n|move|p2b: Sylveon|Hyper Voice|p1b: Kingambit\n|-supereffective|p1b: Kingambit\n|-damage|p1b: Kingambit|0 fnt\n|faint|p1b: Kingambit\n|-enditem|p2b: Sylveon|Throat Spray\n|-boost|p2b: Sylveon|spa|1|[from] item: Throat Spray\n|\n|upkeep\n|\n|t:|1683790671\n|switch|p1b: Amoonguss|Amoonguss, L50, M|100\/100\n|turn|4\n|\n|t:|1683790695\n|move|p2a: Dragonite|Rock Slide|p1b: Amoonguss\n|-damage|p1b: Amoonguss|54\/100\n|move|p2b: Sylveon|Yawn|p1b: Amoonguss\n|-start|p1b: Amoonguss|move: Yawn|[of] p2b: Sylveon\n|move|p1b: Amoonguss|Pollen Puff|p2b: Sylveon\n|-resisted|p2b: Sylveon\n|-damage|p2b: Sylveon|0 fnt\n|faint|p2b: Sylveon\n|\n|upkeep\n|turn|5\n|\n|t:|1683790708\n|move|p2a: Dragonite|Rock Slide|p1b: Amoonguss\n|-damage|p1b: Amoonguss|11\/100\n|-enditem|p1b: Amoonguss|Sitrus Berry|[eat]\n|-heal|p1b: Amoonguss|36\/100|[from] item: Sitrus Berry\n|move|p1b: Amoonguss|Spore|p2a: Dragonite\n|-status|p2a: Dragonite|slp|[from] move: Spore\n|\n|-end|p1b: Amoonguss|move: Yawn|[silent]\n|-status|p1b: Amoonguss|slp\n|upkeep\n|turn|6\n|-message|Polentino forfeited.\n|\n|win|Lefties Chi-Yu\n|raw|Lefties Chi-Yu's rating: 1103 → 1121<\/strong> (+18 for winning)\n|raw|Polentino's rating: 1009 → 1001<\/strong> (-8 for losing)\n|l|\u2606Polentino\n","uploadtime":1683790739,"views":14,"p1id":"leftieschiyu","p2id":"polentino","formatid":"gen9vgc2023regulationc","rating":1001,"private":0,"password":""}