{"id":"gen9vgc2023regulationc-1863904464","p1":"yuramas","p2":"Yueku","format":"[Gen 9] VGC 2023 Regulation C","log":"|j|\u2606yuramas\n|j|\u2606Yueku\n|t:|1684091580\n|gametype|doubles\n|player|p1|yuramas|n|\n|player|p2|Yueku|1|\n|teamsize|p1|6\n|teamsize|p2|6\n|gen|9\n|tier|[Gen 9] VGC 2023 Regulation C\n|rule|Tera Type Preview: Tera Types are shown at Team Preview\n|rule|Species Clause: Limit one of each Pok\u00e9mon\n|rule|Item Clause: Limit one of each item\n|clearpoke\n|poke|p1|Torkoal, L50, F|\n|poke|p1|Indeedee-F, L50, F|\n|poke|p1|Scovillain, L50, F|\n|poke|p1|Jumpluff, L50, F|\n|poke|p1|Espathra, L50, M|\n|poke|p1|Sandy Shocks, L50|\n|poke|p2|Iron Bundle, L50|\n|poke|p2|Arcanine, L50, F|\n|poke|p2|Garganacl, L50, M|\n|poke|p2|Iron Valiant, L50|\n|poke|p2|Salamence, L50, F|\n|poke|p2|Snover, L50, F|\n|teampreview|4\n|raw|yuramas's Tera Types: \/ \/ \/ \/ \/ \n|raw|Yueku's Tera Types: \/ \/ \/ \/ \/ \nYueku rejected open team sheets.\n|c|\u2606yuramas|g1\n|c|\u2606yuramas|Good luck and fave fun\n|c|\u2606yuramas|!\n|c|\u2606Yueku|glhf\n|\n|t:|1684091799\n|start\n|switch|p1a: Torkoal|Torkoal, L50, F|100\/100\n|switch|p1b: Indeedee|Indeedee-F, L50, F|100\/100\n|switch|p2a: Iron Valiant|Iron Valiant, L50|100\/100\n|switch|p2b: Arcanine|Arcanine, L50, F|100\/100\n|-ability|p2b: Arcanine|Intimidate|boost\n|-unboost|p1a: Torkoal|atk|1\n|-unboost|p1b: Indeedee|atk|1\n|-fieldstart|move: Psychic Terrain|[from] ability: Psychic Surge|[of] p1b: Indeedee\n|-enditem|p1b: Indeedee|Psychic Seed\n|-boost|p1b: Indeedee|spd|1|[from] item: Psychic Seed\n|-weather|SunnyDay|[from] ability: Drought|[of] p1a: Torkoal\n|-enditem|p2a: Iron Valiant|Booster Energy\n|-activate|p2a: Iron Valiant|ability: Quark Drive|[fromitem]\n|-start|p2a: Iron Valiant|quarkdrivespe\n|turn|1\n|\n|t:|1684091868\n|move|p1a: Torkoal|Protect|p1a: Torkoal\n|-singleturn|p1a: Torkoal|Protect\n|move|p2a: Iron Valiant|Misty Terrain|p2a: Iron Valiant\n|-fieldstart|move: Misty Terrain\n|move|p2b: Arcanine|Snarl|p1a: Torkoal|[spread] p1b\n|-activate|p1a: Torkoal|move: Protect\n|-supereffective|p1b: Indeedee\n|-damage|p1b: Indeedee|85\/100\n|-unboost|p1b: Indeedee|spa|1\n|move|p1b: Indeedee|Trick Room|p1b: Indeedee\n|-fieldstart|move: Trick Room|[of] p1b: Indeedee\n|\n|-weather|SunnyDay|[upkeep]\n|upkeep\n|turn|2\n|\n|t:|1684091957\n|switch|p1b: Jumpluff|Jumpluff, L50, F|100\/100\n|-terastallize|p2b: Arcanine|Ground\n|move|p1a: Torkoal|Eruption|p2b: Arcanine|[spread] p2a,p2b\n|-crit|p2b: Arcanine\n|-damage|p2a: Iron Valiant|17\/100\n|-damage|p2b: Arcanine|0 fnt\n|faint|p2b: Arcanine\n|move|p2a: Iron Valiant|Knock Off|p1b: Jumpluff\n|-damage|p1b: Jumpluff|72\/100\n|-enditem|p1b: Jumpluff|Aguav Berry|[from] move: Knock Off|[of] p2a: Iron Valiant\n|\n|-weather|SunnyDay|[upkeep]\n|upkeep\n|c|\u2606Yueku|the crit tho\n|c|\u2606yuramas|yup...\n|\n|t:|1684091986\n|switch|p2b: Snover|Snover, L50, F|100\/100\n|-weather|Snow|[from] ability: Snow Warning|[of] p2b: Snover\n|turn|3\n|\n|t:|1684092036\n|switch|p1a: Indeedee|Indeedee-F, L50, F|85\/100\n|-fieldstart|move: Psychic Terrain|[from] ability: Psychic Surge|[of] p1a: Indeedee\n|move|p2b: Snover|Protect|p2b: Snover\n|-singleturn|p2b: Snover|Protect\n|move|p1b: Jumpluff|Sleep Powder|p2a: Iron Valiant\n|-status|p2a: Iron Valiant|slp|[from] move: Sleep Powder\n|cant|p2a: Iron Valiant|slp\n|\n|-weather|Snow|[upkeep]\n|upkeep\n|turn|4\n|\n|t:|1684092059\n|move|p2b: Snover|Substitute|p2b: Snover\n|-start|p2b: Snover|Substitute\n|-damage|p2b: Snover|76\/100\n|move|p1a: Indeedee|Psychic|p2a: Iron Valiant\n|-supereffective|p2a: Iron Valiant\n|-damage|p2a: Iron Valiant|0 fnt\n|faint|p2a: Iron Valiant\n|-end|p2a: Iron Valiant|Quark Drive|[silent]\n|move|p1b: Jumpluff|U-turn|p2b: Snover\n|-supereffective|p2b: Snover\n|-activate|p2b: Snover|move: Substitute|[damage]\n|\n|t:|1684092068\n|switch|p1b: Torkoal|Torkoal, L50, F|100\/100|[from] U-turn\n|-weather|SunnyDay|[from] ability: Drought|[of] p1b: Torkoal\n|\n|-weather|SunnyDay|[upkeep]\n|upkeep\n|\n|t:|1684092070\n|switch|p2a: Iron Bundle|Iron Bundle, L50|100\/100\n|turn|5\n|j| bacon122\n|\n|t:|1684092121\n|move|p2b: Snover|Protect|p2b: Snover\n|-singleturn|p2b: Snover|Protect\n|move|p2a: Iron Bundle|Protect|p2a: Iron Bundle\n|-singleturn|p2a: Iron Bundle|Protect\n|move|p1b: Torkoal|Eruption|p2b: Snover|[spread] \n|-activate|p2a: Iron Bundle|move: Protect\n|-activate|p2b: Snover|move: Protect\n|move|p1a: Indeedee|Psychic|p2b: Snover\n|-activate|p2b: Snover|move: Protect\n|\n|-weather|SunnyDay|[upkeep]\n|-fieldend|move: Trick Room\n|upkeep\n|turn|6\n|\n|t:|1684092138\n|move|p1a: Indeedee|Follow Me|p1a: Indeedee\n|-singleturn|p1a: Indeedee|move: Follow Me\n|move|p2a: Iron Bundle|Hydro Pump|p1a: Indeedee\n|-damage|p1a: Indeedee|54\/100\n|move|p1b: Torkoal|Eruption|p2a: Iron Bundle|[spread] p2a,p2b\n|-supereffective|p2b: Snover\n|-end|p2b: Snover|Substitute\n|-enditem|p2a: Iron Bundle|Focus Sash\n|-damage|p2a: Iron Bundle|1\/100\n|move|p2b: Snover|Leech Seed|p1a: Indeedee|[miss]\n|-miss|p2b: Snover|p1a: Indeedee\n|\n|-weather|SunnyDay|[upkeep]\n|upkeep\n|turn|7\n|\n|t:|1684092179\n|move|p1a: Indeedee|Follow Me|p1a: Indeedee\n|-singleturn|p1a: Indeedee|move: Follow Me\n|move|p2a: Iron Bundle|Blizzard|p1a: Indeedee|[spread] p1a,p1b\n|-resisted|p1b: Torkoal\n|-damage|p1a: Indeedee|7\/100\n|-damage|p1b: Torkoal|70\/100\n|move|p2b: Snover|Sheer Cold|p1a: Indeedee|[miss]\n|-miss|p2b: Snover|p1a: Indeedee\n|move|p1b: Torkoal|Eruption|p2a: Iron Bundle|[spread] p2a,p2b\n|-supereffective|p2b: Snover\n|-damage|p2a: Iron Bundle|0 fnt\n|-damage|p2b: Snover|0 fnt\n|faint|p2a: Iron Bundle\n|-end|p2a: Iron Bundle|Quark Drive|[silent]\n|faint|p2b: Snover\n|\n|win|yuramas\n|c|\u2606Yueku|gg\n|c|\u2606yuramas|gg\n|l| bacon122\n|j| Judah<3\n|j| JayVGC YT\n|l| JayVGC YT\n|j| Feyette\n|l| Feyette\n|l| Judah<3\n|l|\u2606yuramas\n|l|\u2606Yueku\n|j|\u2606Yueku\n|player|p2|Yueku|1\n","uploadtime":1684092198,"views":9,"p1id":"yuramas","p2id":"yueku","formatid":"gen9vgc2023regulationc","rating":0,"private":0,"password":""}