{"id":"gen9vgc2023regulationc-1862601711","p1":"revocolombia","p2":"Insertable194","format":"[Gen 9] VGC 2023 Regulation C","log":"|j|\u2606revocolombia\n|j|\u2606Insertable194\n|t:|1683904590\n|gametype|doubles\n|player|p1|revocolombia|pokemonranger-gen4|1420\n|player|p2|Insertable194|hilbert-wonderlauncher|1365\n|teamsize|p1|6\n|teamsize|p2|6\n|gen|9\n|tier|[Gen 9] VGC 2023 Regulation C\n|rated|\n|rule|Species Clause: Limit one of each Pok\u00e9mon\n|rule|Item Clause: Limit one of each item\n|clearpoke\n|poke|p1|Flutter Mane, L50|\n|poke|p1|Great Tusk, L50|\n|poke|p1|Dragonite, L50, F|\n|poke|p1|Chien-Pao, L50|\n|poke|p1|Murkrow, L50, M|\n|poke|p1|Gholdengo, L50|\n|poke|p2|Ting-Lu, L50|\n|poke|p2|Palafin, L50, F|\n|poke|p2|Amoonguss, L50, M|\n|poke|p2|Arcanine, L50, M|\n|poke|p2|Flutter Mane, L50|\n|poke|p2|Iron Hands, L50|\n|teampreview|4\nInsertable194 has agreed to open team sheets.\n|inactive|Battle timer is ON: inactive players will automatically lose when time's up. (requested by Insertable194)\n|inactive|revocolombia has 60 seconds left.\n|inactive|Insertable194 has 60 seconds left.\n|\n|t:|1683904650\n|start\n|switch|p1a: Great Tusk|Great Tusk, L50|100\/100\n|switch|p1b: Murkrow|Murkrow, L50, M|100\/100\n|switch|p2a: Iron Hands|Iron Hands, L50|100\/100\n|switch|p2b: Palafin|Palafin, L50, F, shiny|100\/100\n|turn|1\n|inactive|revocolombia has 30 seconds left.\n|\n|t:|1683904685\n|move|p2a: Iron Hands|Protect|p2a: Iron Hands\n|-singleturn|p2a: Iron Hands|Protect\n|move|p1b: Murkrow|Tailwind|p1b: Murkrow\n|-sidestart|p1: revocolombia|move: Tailwind\n|move|p1a: Great Tusk|Earthquake|p2a: Iron Hands|[spread] p2b\n|-activate|p2a: Iron Hands|move: Protect\n|-immune|p1b: Murkrow\n|-damage|p2b: Palafin|47\/100\n|move|p2b: Palafin|Wave Crash|p1a: Great Tusk\n|-supereffective|p1a: Great Tusk\n|-damage|p1a: Great Tusk|25\/100\n|-damage|p2b: Palafin|20\/100|[from] Recoil\n|\n|upkeep\n|turn|2\n|\n|t:|1683904709\n|switch|p1b: Dragonite|Dragonite, L50, F|100\/100\n|-terastallize|p2b: Palafin|Water\n|move|p2b: Palafin|Jet Punch|p1a: Great Tusk\n|-supereffective|p1a: Great Tusk\n|-damage|p1a: Great Tusk|0 fnt\n|faint|p1a: Great Tusk\n|-end|p1a: Great Tusk|Protosynthesis|[silent]\n|move|p2a: Iron Hands|Swords Dance|p2a: Iron Hands\n|-boost|p2a: Iron Hands|atk|2\n|\n|upkeep\n|\n|t:|1683904721\n|switch|p1a: Murkrow|Murkrow, L50, M|100\/100\n|turn|3\n|\n|t:|1683904734\n|detailschange|p2b: Palafin|Palafin-Hero, L50, F, shiny, tera:Water\n|switch|p2b: Arcanine|Arcanine, L50, M|100\/100\n|-ability|p2b: Arcanine|Intimidate|boost\n|-unboost|p1a: Murkrow|atk|1\n|-unboost|p1b: Dragonite|atk|1\n|move|p2a: Iron Hands|Protect|p2a: Iron Hands\n|-singleturn|p2a: Iron Hands|Protect\n|move|p1a: Murkrow|Haze|p1a: Murkrow\n|-clearallboost\n|move|p1b: Dragonite|Earthquake|p2a: Iron Hands|[spread] p2b\n|-activate|p2a: Iron Hands|move: Protect\n|-immune|p1a: Murkrow\n|-supereffective|p2b: Arcanine\n|-damage|p2b: Arcanine|9\/100\n|-enditem|p2b: Arcanine|Figy Berry|[eat]\n|-heal|p2b: Arcanine|42\/100|[from] item: Figy Berry\n|\n|upkeep\n|turn|4\n|inactive|revocolombia has 30 seconds left.\n|inactive|revocolombia has 20 seconds left.\n|\n|t:|1683904774\n|move|p2b: Arcanine|Extreme Speed|p1a: Murkrow\n|-damage|p1a: Murkrow|72\/100\n|move|p1a: Murkrow|Taunt|p2b: Arcanine\n|-start|p2b: Arcanine|move: Taunt\n|move|p1b: Dragonite|Earthquake|p2a: Iron Hands|[spread] p2a,p2b\n|-immune|p1a: Murkrow\n|-supereffective|p2a: Iron Hands\n|-supereffective|p2b: Arcanine\n|-damage|p2a: Iron Hands|39\/100\n|-damage|p2b: Arcanine|0 fnt\n|faint|p2b: Arcanine\n|move|p2a: Iron Hands|Thunder Punch|p1a: Murkrow\n|-supereffective|p1a: Murkrow\n|-damage|p1a: Murkrow|0 fnt\n|faint|p1a: Murkrow\n|\n|-sideend|p1: revocolombia|move: Tailwind\n|upkeep\n|\n|t:|1683904793\n|switch|p2b: Palafin|Palafin-Hero, L50, F, shiny, tera:Water|20\/100\n|switch|p1a: Chien-Pao|Chien-Pao, L50|100\/100\n|-ability|p1a: Chien-Pao|Sword of Ruin\n|-activate|p2b: Palafin|ability: Zero to Hero\n|turn|5\n|\n|t:|1683904808\n|move|p2b: Palafin|Protect|p2b: Palafin\n|-singleturn|p2b: Palafin|Protect\n|move|p2a: Iron Hands|Protect|p2a: Iron Hands\n|-singleturn|p2a: Iron Hands|Protect\n|move|p1a: Chien-Pao|Sucker Punch||[still]\n|-fail|p1a: Chien-Pao\n|move|p1b: Dragonite|Earthquake|p2a: Iron Hands|[spread] p1a\n|-activate|p2a: Iron Hands|move: Protect\n|-activate|p2b: Palafin|move: Protect\n|-damage|p1a: Chien-Pao|48\/100\n|\n|upkeep\n|turn|6\n|\n|t:|1683904833\n|move|p1a: Chien-Pao|Sucker Punch|p2b: Palafin\n|-damage|p2b: Palafin|0 fnt\n|faint|p2b: Palafin\n|move|p1b: Dragonite|Earthquake|p2a: Iron Hands|[spread] p1a,p2a\n|-supereffective|p2a: Iron Hands\n|-damage|p1a: Chien-Pao|0 fnt\n|-damage|p2a: Iron Hands|0 fnt\n|faint|p1a: Chien-Pao\n|faint|p2a: Iron Hands\n|-end|p2a: Iron Hands|Quark Drive|[silent]\n|\n|upkeep\n|\n|t:|1683904837\n|switch|p2b: Flutter Mane|Flutter Mane, L50|100\/100\n|turn|7\n|\n|t:|1683904846\n|-terastallize|p1b: Dragonite|Normal\n|move|p2b: Flutter Mane|Moonblast|p1b: Dragonite\n|-damage|p1b: Dragonite|64\/100\n|-unboost|p1b: Dragonite|spa|1\n|move|p1b: Dragonite|Earthquake|p2b: Flutter Mane\n|-crit|p2b: Flutter Mane\n|-damage|p2b: Flutter Mane|0 fnt\n|faint|p2b: Flutter Mane\n|-end|p2b: Flutter Mane|Protosynthesis|[silent]\n|\n|win|revocolombia\n|raw|revocolombia's rating: 1420 → 1437<\/strong> (+17 for winning)\n|raw|Insertable194's rating: 1365 → 1348<\/strong> (-17 for losing)\n|l|\u2606Insertable194\n","uploadtime":1683904861,"views":7,"p1id":"revocolombia","p2id":"insertable194","formatid":"gen9vgc2023regulationc","rating":1348,"private":0,"password":""}