{"id":"gen9vgc2023regulationc-1859384162","p1":"Arcacagne","p2":"Windows11Goated","format":"[Gen 9] VGC 2023 Regulation C","log":"|j|\u2606Arcacagne\n|j|\u2606Windows11Goated\n|t:|1683453077\n|gametype|doubles\n|player|p1|Arcacagne|2|1233\n|player|p2|Windows11Goated|266|1327\n|teamsize|p1|6\n|teamsize|p2|6\n|gen|9\n|tier|[Gen 9] VGC 2023 Regulation C\n|rated|\n|rule|Species Clause: Limit one of each Pok\u00e9mon\n|rule|Item Clause: Limit one of each item\n|clearpoke\n|poke|p1|Chi-Yu, L50|\n|poke|p1|Flutter Mane, L50|\n|poke|p1|Amoonguss, L50, M|\n|poke|p1|Palafin, L50, F|\n|poke|p1|Kingambit, L50, F|\n|poke|p1|Arcanine, L50, F|\n|poke|p2|Palafin, L50, M|\n|poke|p2|Amoonguss, L50, M|\n|poke|p2|Chien-Pao, L50|\n|poke|p2|Flutter Mane, L50|\n|poke|p2|Arcanine, L50, M|\n|poke|p2|Dragonite, L50, F|\n|teampreview|4\n|inactive|Battle timer is ON: inactive players will automatically lose when time's up. (requested by Windows11Goated)\n|inactive|Arcacagne has 60 seconds left.\n|inactive|Windows11Goated has 60 seconds left.\n|\n|t:|1683453125\n|start\n|switch|p1a: Kingambit|Kingambit, L50, F|100\/100\n|switch|p1b: Amoonguss|Amoonguss, L50, M|100\/100\n|switch|p2a: Palafin|Palafin, L50, M|100\/100\n|switch|p2b: Chien-Pao|Chien-Pao, L50|100\/100\n|-ability|p2b: Chien-Pao|Sword of Ruin\n|turn|1\n|inactive|Windows11Goated has 30 seconds left.\n|\n|t:|1683453159\n|switch|p1b: Arcanine|Arcanine, L50, F|100\/100\n|-ability|p1b: Arcanine|Intimidate|boost\n|-unboost|p2a: Palafin|atk|1\n|-unboost|p2b: Chien-Pao|atk|1\n|-terastallize|p1a: Kingambit|Water\n|move|p2b: Chien-Pao|Protect|p2b: Chien-Pao\n|-singleturn|p2b: Chien-Pao|Protect\n|move|p2a: Palafin|Protect|p2a: Palafin\n|-singleturn|p2a: Palafin|Protect\n|move|p1a: Kingambit|Iron Head|p2b: Chien-Pao\n|-activate|p2b: Chien-Pao|move: Protect\n|\n|upkeep\n|turn|2\n|\n|t:|1683453183\n|detailschange|p2a: Palafin|Palafin-Hero, L50, M\n|switch|p2a: Flutter Mane|Flutter Mane, L50|100\/100\n|-enditem|p2a: Flutter Mane|Booster Energy\n|-activate|p2a: Flutter Mane|ability: Protosynthesis|[fromitem]\n|-start|p2a: Flutter Mane|protosynthesisspa\n|move|p2b: Chien-Pao|Throat Chop|p1b: Arcanine\n|-damage|p1b: Arcanine|67\/100\n|-start|p1b: Arcanine|Throat Chop|[silent]\n|move|p1b: Arcanine|Will-O-Wisp|p2a: Flutter Mane\n|-status|p2a: Flutter Mane|brn\n|move|p1a: Kingambit|Iron Head|p2b: Chien-Pao\n|-supereffective|p2b: Chien-Pao\n|-enditem|p2b: Chien-Pao|Focus Sash\n|-damage|p2b: Chien-Pao|1\/100\n|\n|-damage|p2a: Flutter Mane|95\/100 brn|[from] brn\n|upkeep\n|turn|3\n|inactive|Windows11Goated has 30 seconds left.\n|\n|t:|1683453208\n|move|p2a: Flutter Mane|Protect|p2a: Flutter Mane\n|-singleturn|p2a: Flutter Mane|Protect\n|move|p1b: Arcanine|Extreme Speed|p2b: Chien-Pao\n|-damage|p2b: Chien-Pao|0 fnt\n|faint|p2b: Chien-Pao\n|move|p1a: Kingambit|Iron Head|p2a: Flutter Mane\n|-activate|p2a: Flutter Mane|move: Protect\n|\n|-damage|p2a: Flutter Mane|89\/100 brn|[from] brn\n|-end|p1b: Arcanine|Throat Chop|[silent]\n|upkeep\n|\n|t:|1683453225\n|switch|p2b: Dragonite|Dragonite, L50, F|100\/100\n|turn|4\n|\n|t:|1683453239\n|-terastallize|p2b: Dragonite|Normal\n|move|p2b: Dragonite|Extreme Speed|p1a: Kingambit\n|-damage|p1a: Kingambit|49\/100\n|move|p2a: Flutter Mane|Moonblast|p1a: Kingambit\n|-damage|p1a: Kingambit|0 fnt\n|faint|p1a: Kingambit\n|move|p1b: Arcanine|Will-O-Wisp|p2b: Dragonite\n|-status|p2b: Dragonite|brn\n|\n|-damage|p2a: Flutter Mane|83\/100 brn|[from] brn\n|-damage|p2b: Dragonite|94\/100 brn|[from] brn\n|upkeep\n|\n|t:|1683453255\n|switch|p1a: Flutter Mane|Flutter Mane, L50|100\/100\n|-enditem|p1a: Flutter Mane|Booster Energy\n|-activate|p1a: Flutter Mane|ability: Protosynthesis|[fromitem]\n|-start|p1a: Flutter Mane|protosynthesisspa\n|turn|5\n|inactive|Arcacagne has 30 seconds left.\n|inactive|Windows11Goated has 30 seconds left.\n|\n|t:|1683453283\n|switch|p2b: Palafin|Palafin-Hero, L50, M|100\/100\n|-activate|p2b: Palafin|ability: Zero to Hero\n|move|p1a: Flutter Mane|Protect|p1a: Flutter Mane\n|-singleturn|p1a: Flutter Mane|Protect\n|move|p2a: Flutter Mane|Shadow Ball|p1a: Flutter Mane\n|-activate|p1a: Flutter Mane|move: Protect\n|move|p1b: Arcanine|Flare Blitz|p2a: Flutter Mane\n|-damage|p2a: Flutter Mane|13\/100 brn\n|-damage|p1b: Arcanine|49\/100|[from] Recoil\n|\n|-damage|p2a: Flutter Mane|7\/100 brn|[from] brn\n|upkeep\n|turn|6\n|inactive|Arcacagne has 30 seconds left.\n|\n|t:|1683453310\n|-end|p1a: Flutter Mane|Protosynthesis|[silent]\n|switch|p1a: Amoonguss|Amoonguss, L50, M|100\/100\n|move|p1b: Arcanine|Protect|p1b: Arcanine\n|-singleturn|p1b: Arcanine|Protect\n|move|p2b: Palafin|Jet Punch|p1b: Arcanine\n|-activate|p1b: Arcanine|move: Protect\n|move|p2a: Flutter Mane|Shadow Ball|p1a: Amoonguss\n|-damage|p1a: Amoonguss|58\/100\n|\n|-damage|p2a: Flutter Mane|1\/100 brn|[from] brn\n|upkeep\n|turn|7\n|inactive|Windows11Goated has 30 seconds left.\n|inactive|Windows11Goated has 20 seconds left.\n|\n|t:|1683453345\n|move|p1a: Amoonguss|Rage Powder|p1a: Amoonguss\n|-singleturn|p1a: Amoonguss|move: Rage Powder\n|move|p2a: Flutter Mane|Shadow Ball|p1a: Amoonguss\n|-damage|p1a: Amoonguss|10\/100\n|-enditem|p1a: Amoonguss|Sitrus Berry|[eat]\n|-heal|p1a: Amoonguss|34\/100|[from] item: Sitrus Berry\n|move|p2b: Palafin|Wave Crash|p1a: Amoonguss\n|-resisted|p1a: Amoonguss\n|-damage|p1a: Amoonguss|0 fnt\n|faint|p1a: Amoonguss\n|-damage|p2b: Palafin|86\/100|[from] Recoil\n|move|p1b: Arcanine|Will-O-Wisp|p2b: Palafin\n|-status|p2b: Palafin|brn\n|\n|-damage|p2a: Flutter Mane|0 fnt|[from] brn\n|faint|p2a: Flutter Mane\n|-end|p2a: Flutter Mane|Protosynthesis|[silent]\n|-damage|p2b: Palafin|80\/100 brn|[from] brn\n|upkeep\n|\n|t:|1683453361\n|switch|p2a: Dragonite|Dragonite, L50, F, tera:Normal|94\/100 brn\n|switch|p1a: Flutter Mane|Flutter Mane, L50|100\/100\n|turn|8\n|inactive|Windows11Goated has 30 seconds left.\n|\n|t:|1683453386\n|move|p1b: Arcanine|Protect|p1b: Arcanine\n|-singleturn|p1b: Arcanine|Protect\n|move|p1a: Flutter Mane|Substitute|p1a: Flutter Mane\n|-start|p1a: Flutter Mane|Substitute\n|-damage|p1a: Flutter Mane|76\/100\n|move|p2b: Palafin|Wave Crash|p1a: Flutter Mane\n|-end|p1a: Flutter Mane|Substitute\n|-damage|p2b: Palafin|73\/100 brn|[from] Recoil|[of] p1a: Flutter Mane\n|move|p2a: Dragonite|Rock Slide|p1a: Flutter Mane|[spread] p1a\n|-activate|p1b: Arcanine|move: Protect\n|-damage|p1a: Flutter Mane|55\/100\n|\n|-damage|p2b: Palafin|66\/100 brn|[from] brn\n|-damage|p2a: Dragonite|88\/100 brn|[from] brn\n|upkeep\n|turn|9\n|\n|t:|1683453408\n|move|p1a: Flutter Mane|Protect|p1a: Flutter Mane\n|-singleturn|p1a: Flutter Mane|Protect\n|move|p1b: Arcanine|Extreme Speed|p2b: Palafin\n|-damage|p2b: Palafin|45\/100 brn\n|move|p2b: Palafin|Wave Crash|p1a: Flutter Mane\n|-activate|p1a: Flutter Mane|move: Protect\n|move|p2a: Dragonite|Rock Slide|p1a: Flutter Mane|[spread] p1b\n|-activate|p1a: Flutter Mane|move: Protect\n|-supereffective|p1b: Arcanine\n|-damage|p1b: Arcanine|20\/100\n|-enditem|p1b: Arcanine|Aguav Berry|[eat]\n|-heal|p1b: Arcanine|53\/100|[from] item: Aguav Berry\n|\n|-damage|p2b: Palafin|39\/100 brn|[from] brn\n|-damage|p2a: Dragonite|82\/100 brn|[from] brn\n|upkeep\n|turn|10\n|\n|t:|1683453425\n|move|p2b: Palafin|Protect|p2b: Palafin\n|-singleturn|p2b: Palafin|Protect\n|move|p1b: Arcanine|Extreme Speed|p2b: Palafin\n|-activate|p2b: Palafin|move: Protect\n|move|p1a: Flutter Mane|Substitute|p1a: Flutter Mane\n|-start|p1a: Flutter Mane|Substitute\n|-damage|p1a: Flutter Mane|30\/100\n|move|p2a: Dragonite|Rock Slide|p1a: Flutter Mane|[spread] p1b\n|-miss|p2a: Dragonite|p1a: Flutter Mane\n|-supereffective|p1b: Arcanine\n|-damage|p1b: Arcanine|24\/100\n|\n|-damage|p2b: Palafin|33\/100 brn|[from] brn\n|-damage|p2a: Dragonite|75\/100 brn|[from] brn\n|upkeep\n|turn|11\n|\n|t:|1683453441\n|move|p1b: Arcanine|Extreme Speed|p2b: Palafin\n|-damage|p2b: Palafin|12\/100 brn\n|move|p2b: Palafin|Jet Punch|p1a: Flutter Mane\n|-end|p1a: Flutter Mane|Substitute\n|move|p1a: Flutter Mane|Moonblast|p2a: Dragonite\n|-crit|p2a: Dragonite\n|-damage|p2a: Dragonite|6\/100 brn\n|move|p2a: Dragonite|Rock Slide|p1b: Arcanine|[spread] p1a,p1b\n|-supereffective|p1b: Arcanine\n|-damage|p1a: Flutter Mane|9\/100\n|-damage|p1b: Arcanine|0 fnt\n|faint|p1b: Arcanine\n|\n|-damage|p2b: Palafin|6\/100 brn|[from] brn\n|-damage|p2a: Dragonite|0 fnt|[from] brn\n|faint|p2a: Dragonite\n|upkeep\n|turn|12\n|\n|t:|1683453456\n|move|p1a: Flutter Mane|Protect|p1a: Flutter Mane\n|-singleturn|p1a: Flutter Mane|Protect\n|move|p2b: Palafin|Jet Punch|p1a: Flutter Mane\n|-activate|p1a: Flutter Mane|move: Protect\n|\n|-damage|p2b: Palafin|0 fnt|[from] brn\n|faint|p2b: Palafin\n|\n|win|Arcacagne\n|upkeep\n|raw|Arcacagne's rating: 1233 → 1265<\/strong> (+32 for winning)\n|raw|Windows11Goated's rating: 1327 → 1302<\/strong> (-25 for losing)\n|c|\u2606Windows11Goated|gg\n|c|\u2606Arcacagne|gg\n|l|\u2606Windows11Goated\n","uploadtime":1683453468,"views":8,"p1id":"arcacagne","p2id":"windows11goated","formatid":"gen9vgc2023regulationc","rating":1265,"private":0,"password":""}