{"id":"gen9vgc2023regulationc-1846945915","p1":"QrdeJegoMac","p2":"actuary97","format":"[Gen 9] VGC 2023 Regulation C","log":"|j|\u2606QrdeJegoMac\n|j|\u2606actuary97\n|t:|1681904589\n|gametype|doubles\n|player|p1|QrdeJegoMac|265|1493\n|player|p2|actuary97|sabrina-lgpe|1594\n|teamsize|p1|6\n|teamsize|p2|6\n|gen|9\n|tier|[Gen 9] VGC 2023 Regulation C\n|rated|\n|rule|Species Clause: Limit one of each Pok\u00e9mon\n|rule|Item Clause: Limit one of each item\n|clearpoke\n|poke|p1|Murkrow, L50, F|\n|poke|p1|Chi-Yu, L50|\n|poke|p1|Flutter Mane, L50|\n|poke|p1|Great Tusk, L50|\n|poke|p1|Brute Bonnet, L50|\n|poke|p1|Corviknight, L50, M|\n|poke|p2|Tauros-Paldea-Blaze, L50, M|\n|poke|p2|Kingambit, L50, M|\n|poke|p2|Armarouge, L50, M|\n|poke|p2|Gallade, L50, M|\n|poke|p2|Indeedee, L50, M|\n|poke|p2|Drifblim, L50, M|\n|teampreview|4\n|inactive|Battle timer is ON: inactive players will automatically lose when time's up. (requested by QrdeJegoMac)\n|j| EllAkuro\n|\n|t:|1681904618\n|start\n|switch|p1a: Great Tusk|Great Tusk, L50|100\/100\n|switch|p1b: Murkrow|Murkrow, L50, F, shiny|100\/100\n|switch|p2a: Indeedee|Indeedee, L50, M, shiny|100\/100\n|switch|p2b: Balloon Boi|Drifblim, L50, M, shiny|100\/100\n|-fieldstart|move: Psychic Terrain|[from] ability: Psychic Surge|[of] p2a: Indeedee\n|-enditem|p2b: Balloon Boi|Psychic Seed\n|-boost|p2b: Balloon Boi|spd|1|[from] item: Psychic Seed\n|turn|1\n|\n|t:|1681904632\n|-terastallize|p1a: Great Tusk|Steel\n|-terastallize|p2a: Indeedee|Fairy\n|move|p1b: Murkrow|Sunny Day|p1b: Murkrow\n|-weather|SunnyDay\n|-activate|p1a: Great Tusk|ability: Protosynthesis\n|-start|p1a: Great Tusk|protosynthesisatk\n|move|p2b: Balloon Boi|Tailwind|p2b: Balloon Boi\n|-sidestart|p2: actuary97|move: Tailwind\n|move|p2a: Indeedee|Dazzling Gleam|p1a: Great Tusk|[spread] p1a,p1b\n|-resisted|p1a: Great Tusk\n|-supereffective|p1b: Murkrow\n|-damage|p1a: Great Tusk|67\/100\n|-damage|p1b: Murkrow|0 fnt\n|faint|p1b: Murkrow\n|move|p1a: Great Tusk|Rock Slide|p2a: Indeedee|[spread] p2a,p2b\n|-supereffective|p2b: Balloon Boi\n|-damage|p2a: Indeedee|42\/100\n|-damage|p2b: Balloon Boi|45\/100\n|\n|-weather|SunnyDay|[upkeep]\n|upkeep\n|c|\u2606QrdeJegoMac|Interesting team composition\n|\n|t:|1681904653\n|switch|p1b: Flutter Mane|Flutter Mane, L50|100\/100\n|-activate|p1b: Flutter Mane|ability: Protosynthesis\n|-start|p1b: Flutter Mane|protosynthesisspa\n|turn|2\n|\n|t:|1681904667\n|move|p2b: Balloon Boi|Strength Sap|p1a: Great Tusk\n|-unboost|p1a: Great Tusk|atk|1\n|-heal|p2b: Balloon Boi|100\/100\n|move|p2a: Indeedee|Dazzling Gleam|p1a: Great Tusk|[spread] p1a,p1b\n|-resisted|p1a: Great Tusk\n|-crit|p1a: Great Tusk\n|-damage|p1a: Great Tusk|17\/100\n|-damage|p1b: Flutter Mane|57\/100\n|move|p1a: Great Tusk|Rock Slide|p2b: Balloon Boi|[spread] p2a\n|-miss|p1a: Great Tusk|p2b: Balloon Boi\n|-damage|p2a: Indeedee|0 fnt\n|faint|p2a: Indeedee\n|move|p1b: Flutter Mane|Dazzling Gleam|p2b: Balloon Boi\n|-damage|p2b: Balloon Boi|30\/100\n|\n|-weather|SunnyDay|[upkeep]\n|upkeep\n|l| EllAkuro\n|\n|t:|1681904687\n|switch|p2a: Armarouge|Armarouge, L50, M, shiny|100\/100\n|turn|3\n|j| EllAkuro\n|j| C3c2\n|\n|t:|1681904706\n|-end|p1a: Great Tusk|Protosynthesis|[silent]\n|switch|p1a: Chi-Yu|Chi-Yu, L50|100\/100\n|-ability|p1a: Chi-Yu|Beads of Ruin\n|move|p2b: Balloon Boi|Strength Sap|p1a: Chi-Yu\n|-unboost|p1a: Chi-Yu|atk|1\n|-heal|p2b: Balloon Boi|62\/100\n|move|p1b: Flutter Mane|Dazzling Gleam|p2a: Armarouge|[spread] p2a,p2b\n|-resisted|p2a: Armarouge\n|-damage|p2a: Armarouge|57\/100\n|-damage|p2b: Balloon Boi|0 fnt\n|faint|p2b: Balloon Boi\n|move|p2a: Armarouge|Expanding Force|p1a: Chi-Yu|[spread] p1b\n|-immune|p1a: Chi-Yu\n|-damage|p1b: Flutter Mane|0 fnt\n|faint|p1b: Flutter Mane\n|-end|p1b: Flutter Mane|Protosynthesis|[silent]\n|-damage|p2a: Armarouge|47\/100|[from] item: Life Orb\n|\n|-weather|SunnyDay|[upkeep]\n|upkeep\n|c|\u2606actuary97|thank you\n|\n|t:|1681904725\n|switch|p1b: Great Tusk|Great Tusk, L50, tera:Steel|17\/100\n|switch|p2b: King|Gallade, L50, M, shiny|100\/100\n|-activate|p1b: Great Tusk|ability: Protosynthesis\n|-start|p1b: Great Tusk|protosynthesisatk\n|turn|4\n|\n|t:|1681904743\n|move|p2b: King|Sacred Sword|p1a: Chi-Yu\n|-supereffective|p1a: Chi-Yu\n|-crit|p1a: Chi-Yu\n|-damage|p1a: Chi-Yu|0 fnt\n|faint|p1a: Chi-Yu\n|move|p1b: Great Tusk|Headlong Rush|p2a: Armarouge\n|-supereffective|p2a: Armarouge\n|-damage|p2a: Armarouge|0 fnt\n|-unboost|p1b: Great Tusk|def|1\n|-unboost|p1b: Great Tusk|spd|1\n|faint|p2a: Armarouge\n|\n|-weather|SunnyDay|[upkeep]\n|-sideend|p2: actuary97|move: Tailwind\n|upkeep\n|turn|5\n|c|\u2606QrdeJegoMac|Gg wp\n|c|\u2606actuary97|oh shit I think u outspeed\n|c|\u2606actuary97|gg\n|\n|t:|1681904763\n|move|p1b: Great Tusk|Headlong Rush|p2b: King\n|-damage|p2b: King|0 fnt\n|-unboost|p1b: Great Tusk|def|1\n|-unboost|p1b: Great Tusk|spd|1\n|faint|p2b: King\n|\n|win|QrdeJegoMac\n|raw|QrdeJegoMac's rating: 1493 → 1519<\/strong> (+26 for winning)\n|raw|actuary97's rating: 1594 → 1568<\/strong> (-26 for losing)\n|c|\u2606QrdeJegoMac|Yep\n|l| EllAkuro\n|c|\u2606actuary97|wp\n|c|\u2606QrdeJegoMac|Thats why scarf tusk is amazing\n|c|\u2606actuary97|oooh I might try\n","uploadtime":1681904786,"views":14,"p1id":"qrdejegomac","p2id":"actuary97","formatid":"gen9vgc2023regulationc","rating":1519,"private":0,"password":""}