{"id":"gen9vgc2023regulationc-1858771443","p1":"ascore3","p2":"Xdstssgszsgs","format":"[Gen 9] VGC 2023 Regulation C","log":"|j|\u2606ascore3\n|j|\u2606Xdstssgszsgs\n|t:|1683357805\n|gametype|doubles\n|player|p1|ascore3|170|1092\n|player|p2|Xdstssgszsgs|falkner|1048\n|teamsize|p1|6\n|teamsize|p2|6\n|gen|9\n|tier|[Gen 9] VGC 2023 Regulation C\n|rated|\n|rule|Species Clause: Limit one of each Pok\u00e9mon\n|rule|Item Clause: Limit one of each item\n|clearpoke\n|poke|p1|Torkoal, L50, F|\n|poke|p1|Chi-Yu, L50|\n|poke|p1|Bronzong, L50|\n|poke|p1|Gastrodon, L50, F|\n|poke|p1|Grimmsnarl, L50, M|\n|poke|p1|Skeledirge, L50, M|\n|poke|p2|Brute Bonnet, L50|\n|poke|p2|Scizor, L50, M|\n|poke|p2|Palafin, L50, M|\n|poke|p2|Great Tusk, L50|\n|poke|p2|Iron Hands, L50|\n|poke|p2|Chien-Pao, L50|\n|teampreview|4\n|inactive|Battle timer is ON: inactive players will automatically lose when time's up. (requested by Xdstssgszsgs)\n|\n|t:|1683357832\n|start\n|switch|p1a: Skeledirge|Skeledirge, L50, M|100\/100\n|switch|p1b: Chi-Yu|Chi-Yu, L50|100\/100\n|switch|p2a: Palafin|Palafin, L50, M, shiny|100\/100\n|switch|p2b: Great Tusk|Great Tusk, L50, shiny|100\/100\n|-ability|p1b: Chi-Yu|Beads of Ruin\n|turn|1\n|\n|t:|1683357857\n|-terastallize|p1a: Skeledirge|Fairy\n|move|p1b: Chi-Yu|Protect|p1b: Chi-Yu\n|-singleturn|p1b: Chi-Yu|Protect\n|move|p2a: Palafin|Protect|p2a: Palafin\n|-singleturn|p2a: Palafin|Protect\n|move|p2b: Great Tusk|Earthquake|p1b: Chi-Yu|[spread] p1a\n|-activate|p2a: Palafin|move: Protect\n|-activate|p1b: Chi-Yu|move: Protect\n|-damage|p1a: Skeledirge|58\/100\n|-damage|p2b: Great Tusk|91\/100|[from] item: Life Orb\n|move|p1a: Skeledirge|Tera Blast|p2b: Great Tusk\n|-supereffective|p2b: Great Tusk\n|-damage|p2b: Great Tusk|0 fnt\n|faint|p2b: Great Tusk\n|-end|p2b: Great Tusk|Protosynthesis|[silent]\n|\n|-heal|p1a: Skeledirge|64\/100|[from] item: Leftovers\n|upkeep\n|\n|t:|1683357863\n|switch|p2b: Scizor|Scizor, L50, M, shiny|100\/100\n|turn|2\n|\n|t:|1683357876\n|detailschange|p2a: Palafin|Palafin-Hero, L50, M, shiny\n|switch|p2a: Iron Hands|Iron Hands, L50, shiny|100\/100\n|switch|p1a: Gastrodon|Gastrodon, L50, F|100\/100\n|-terastallize|p2b: Scizor|Fire\n|move|p2b: Scizor|Bullet Punch|p1a: Gastrodon\n|-resisted|p1a: Gastrodon\n|-damage|p1a: Gastrodon|81\/100\n|move|p1b: Chi-Yu|Snarl|p2a: Iron Hands|[spread] p2a,p2b\n|-resisted|p2a: Iron Hands\n|-crit|p2a: Iron Hands\n|-damage|p2a: Iron Hands|85\/100\n|-damage|p2b: Scizor|71\/100\n|-unboost|p2a: Iron Hands|spa|1\n|\n|-heal|p2a: Iron Hands|91\/100|[from] item: Leftovers\n|upkeep\n|turn|3\n|\n|t:|1683357895\n|switch|p1b: Skeledirge|Skeledirge, L50, M, tera:Fairy|64\/100\n|move|p1a: Gastrodon|Protect|p1a: Gastrodon\n|-singleturn|p1a: Gastrodon|Protect\n|move|p2b: Scizor|Swords Dance|p2b: Scizor\n|-boost|p2b: Scizor|atk|2\n|move|p2a: Iron Hands|Drain Punch|p1b: Skeledirge\n|-resisted|p1b: Skeledirge\n|-damage|p1b: Skeledirge|47\/100\n|-heal|p2a: Iron Hands|98\/100|[from] drain|[of] p1b: Skeledirge\n|\n|-heal|p1b: Skeledirge|53\/100|[from] item: Leftovers\n|-heal|p2a: Iron Hands|100\/100|[from] item: Leftovers\n|upkeep\n|turn|4\n|\n|t:|1683357907\n|move|p2b: Scizor|Bullet Punch|p1b: Skeledirge\n|-supereffective|p1b: Skeledirge\n|-damage|p1b: Skeledirge|0 fnt\n|faint|p1b: Skeledirge\n|move|p2a: Iron Hands|Swords Dance|p2a: Iron Hands\n|-boost|p2a: Iron Hands|atk|2\n|move|p1a: Gastrodon|Earth Power|p2b: Scizor\n|-supereffective|p2b: Scizor\n|-damage|p2b: Scizor|0 fnt\n|faint|p2b: Scizor\n|\n|upkeep\n|\n|t:|1683357917\n|switch|p1b: Chi-Yu|Chi-Yu, L50|100\/100\n|switch|p2b: Palafin|Palafin-Hero, L50, M, shiny|100\/100\n|-ability|p1b: Chi-Yu|Beads of Ruin\n|-activate|p2b: Palafin|ability: Zero to Hero\n|turn|5\n|\n|t:|1683357931\n|move|p1b: Chi-Yu|Protect|p1b: Chi-Yu\n|-singleturn|p1b: Chi-Yu|Protect\n|move|p2b: Palafin|Protect|p2b: Palafin\n|-singleturn|p2b: Palafin|Protect\n|move|p2a: Iron Hands|Drain Punch|p1b: Chi-Yu\n|-activate|p1b: Chi-Yu|move: Protect\n|move|p1a: Gastrodon|Clear Smog|p2a: Iron Hands\n|-damage|p2a: Iron Hands|84\/100\n|-clearboost|p2a: Iron Hands\n|\n|-heal|p2a: Iron Hands|91\/100|[from] item: Leftovers\n|upkeep\n|turn|6\n|\n|t:|1683357941\n|move|p1b: Chi-Yu|Substitute|p1b: Chi-Yu\n|-start|p1b: Chi-Yu|Substitute\n|-damage|p1b: Chi-Yu|76\/100\n|move|p2b: Palafin|Close Combat|p1a: Gastrodon\n|-damage|p1a: Gastrodon|19\/100\n|-unboost|p2b: Palafin|def|1\n|-unboost|p2b: Palafin|spd|1\n|move|p2a: Iron Hands|Drain Punch|p1b: Chi-Yu\n|-supereffective|p1b: Chi-Yu\n|-end|p1b: Chi-Yu|Substitute\n|-heal|p2a: Iron Hands|98\/100|[from] drain|[of] p1b: Chi-Yu\n|move|p1a: Gastrodon|Earth Power|p2a: Iron Hands\n|-supereffective|p2a: Iron Hands\n|-damage|p2a: Iron Hands|15\/100\n|\n|-heal|p2a: Iron Hands|21\/100|[from] item: Leftovers\n|upkeep\n|turn|7\n|\n|t:|1683357960\n|move|p2b: Palafin|Protect|p2b: Palafin\n|-singleturn|p2b: Palafin|Protect\n|move|p1a: Gastrodon|Protect|p1a: Gastrodon\n|-singleturn|p1a: Gastrodon|Protect\n|move|p1b: Chi-Yu|Tera Blast|p2a: Iron Hands\n|-damage|p2a: Iron Hands|0 fnt\n|faint|p2a: Iron Hands\n|-end|p2a: Iron Hands|Quark Drive|[silent]\n|\n|upkeep\n|turn|8\n|\n|t:|1683357972\n|move|p1b: Chi-Yu|Substitute|p1b: Chi-Yu\n|-start|p1b: Chi-Yu|Substitute\n|-damage|p1b: Chi-Yu|51\/100\n|move|p2b: Palafin|Close Combat|p1a: Gastrodon\n|-damage|p1a: Gastrodon|0 fnt\n|-unboost|p2b: Palafin|def|1\n|-unboost|p2b: Palafin|spd|1\n|faint|p1a: Gastrodon\n|\n|upkeep\n|\n|t:|1683357976\n|switch|p1a: Bronzong|Bronzong, L50|100\/100\n|turn|9\n|\n|t:|1683357982\n|move|p2b: Palafin|Jet Punch|p1b: Chi-Yu\n|-supereffective|p1b: Chi-Yu\n|-end|p1b: Chi-Yu|Substitute\n|move|p1b: Chi-Yu|Tera Blast|p2b: Palafin\n|-damage|p2b: Palafin|42\/100\n|move|p1a: Bronzong|Body Press|p2b: Palafin\n|-damage|p2b: Palafin|0 fnt\n|faint|p2b: Palafin\n|\n|win|ascore3\n|raw|ascore3's rating: 1118 → 1138<\/strong> (+20 for winning)\n|raw|Xdstssgszsgs's rating: 1048 → 1034<\/strong> (-14 for losing)\n|l|\u2606Xdstssgszsgs\n","uploadtime":1683357986,"views":14,"p1id":"ascore3","p2id":"xdstssgszsgs","formatid":"gen9vgc2023regulationc","rating":1034,"private":0,"password":""}