{"id":"gen9vgc2023regulationc-1856186230","p1":"pspkzar","p2":"Widxen","format":"[Gen 9] VGC 2023 Regulation C","log":"|j|\u2606pspkzar\n|j|\u2606Widxen\n|t:|1683038733\n|gametype|doubles\n|player|p1|pspkzar|170|1109\n|player|p2|Widxen|101|1171\n|teamsize|p1|6\n|teamsize|p2|6\n|gen|9\n|tier|[Gen 9] VGC 2023 Regulation C\n|rated|\n|rule|Species Clause: Limit one of each Pok\u00e9mon\n|rule|Item Clause: Limit one of each item\n|clearpoke\n|poke|p1|Hatterene, L50, F|\n|poke|p1|Indeedee-F, L50, F|\n|poke|p1|Torkoal, L50, M|\n|poke|p1|Kingambit, L50, M|\n|poke|p1|Hariyama, L50, F|\n|poke|p1|Oranguru, L50, M|\n|poke|p2|Ting-Lu, L50|\n|poke|p2|Gyarados, L50, F|\n|poke|p2|Meowscarada, L50, M|\n|poke|p2|Arcanine, L50, F|\n|poke|p2|Flutter Mane, L50|\n|poke|p2|Iron Bundle, L50|\n|teampreview|4\npspkzar rejected open team sheets.\n|\n|t:|1683038775\n|start\n|switch|p1a: Hatterene|Hatterene, L50, F|100\/100\n|switch|p1b: Indeedee|Indeedee-F, L50, F|100\/100\n|switch|p2a: Ting-Lu|Ting-Lu, L50|100\/100\n|switch|p2b: Meowscarada|Meowscarada, L50, M|100\/100\n|-fieldstart|move: Psychic Terrain|[from] ability: Psychic Surge|[of] p1b: Indeedee\n|-enditem|p1b: Indeedee|Psychic Seed\n|-boost|p1b: Indeedee|spd|1|[from] item: Psychic Seed\n|-ability|p2a: Ting-Lu|Vessel of Ruin\n|turn|1\n|\n|t:|1683038792\n|move|p1b: Indeedee|Follow Me|p1b: Indeedee\n|-singleturn|p1b: Indeedee|move: Follow Me\n|move|p2b: Meowscarada|Knock Off|p1b: Indeedee\n|-start|p2b: Meowscarada|typechange|Dark|[from] ability: Protean\n|-supereffective|p1b: Indeedee\n|-damage|p1b: Indeedee|45\/100\n|move|p2a: Ting-Lu|Heavy Slam|p1b: Indeedee\n|-damage|p1b: Indeedee|16\/100\n|move|p1a: Hatterene|Trick Room|p1a: Hatterene\n|-fieldstart|move: Trick Room|[of] p1a: Hatterene\n|\n|upkeep\n|turn|2\n|\n|t:|1683038824\n|switch|p2b: Arcanine|Arcanine, L50, F|100\/100\n|-ability|p2b: Arcanine|Intimidate|boost\n|-unboost|p1a: Hatterene|atk|1\n|-unboost|p1b: Indeedee|atk|1\n|-terastallize|p1a: Hatterene|Fire\n|move|p1b: Indeedee|Helping Hand|p1a: Hatterene\n|-singleturn|p1a: Hatterene|Helping Hand|[of] p1b: Indeedee\n|move|p2a: Ting-Lu|Protect|p2a: Ting-Lu\n|-singleturn|p2a: Ting-Lu|Protect\n|move|p1a: Hatterene|Dazzling Gleam|p2b: Arcanine|[spread] p2b\n|-activate|p2a: Ting-Lu|move: Protect\n|-resisted|p2b: Arcanine\n|-damage|p2b: Arcanine|78\/100\n|-damage|p1a: Hatterene|91\/100|[from] item: Life Orb\n|\n|upkeep\n|turn|3\n|\n|t:|1683038862\n|-terastallize|p2a: Ting-Lu|Water\n|move|p1b: Indeedee|Helping Hand|p1a: Hatterene\n|-singleturn|p1a: Hatterene|Helping Hand|[of] p1b: Indeedee\n|move|p1a: Hatterene|Dazzling Gleam|p2a: Ting-Lu|[spread] p2a,p2b\n|-resisted|p2b: Arcanine\n|-damage|p2a: Ting-Lu|68\/100\n|-damage|p2b: Arcanine|57\/100\n|-damage|p1a: Hatterene|81\/100|[from] item: Life Orb\n|move|p2a: Ting-Lu|Stomping Tantrum|p1a: Hatterene\n|-supereffective|p1a: Hatterene\n|-damage|p1a: Hatterene|19\/100\n|move|p2b: Arcanine|Flare Blitz|p1b: Indeedee\n|-damage|p1b: Indeedee|0 fnt\n|faint|p1b: Indeedee\n|-damage|p2b: Arcanine|53\/100|[from] Recoil\n|\n|-heal|p2a: Ting-Lu|74\/100|[from] item: Leftovers\n|upkeep\n|\n|t:|1683038900\n|switch|p1b: Kingambit|Kingambit, L50, M|100\/100\n|turn|4\n|\n|t:|1683038916\n|move|p2b: Arcanine|Protect|p2b: Arcanine\n|-singleturn|p2b: Arcanine|Protect\n|move|p1a: Hatterene|Dazzling Gleam|p2b: Arcanine|[spread] p2a\n|-activate|p2b: Arcanine|move: Protect\n|-damage|p2a: Ting-Lu|56\/100\n|-damage|p1a: Hatterene|9\/100|[from] item: Life Orb\n|move|p1b: Kingambit|Kowtow Cleave|p2b: Arcanine\n|-activate|p2b: Arcanine|move: Protect\n|move|p2a: Ting-Lu|Stomping Tantrum|p1b: Kingambit\n|-supereffective|p1b: Kingambit\n|-damage|p1b: Kingambit|53\/100\n|\n|-heal|p2a: Ting-Lu|62\/100|[from] item: Leftovers\n|upkeep\n|turn|5\n|\n|t:|1683038949\n|move|p2b: Arcanine|Protect|p2b: Arcanine\n|-singleturn|p2b: Arcanine|Protect\n|move|p1a: Hatterene|Dazzling Gleam|p2b: Arcanine|[spread] p2a\n|-activate|p2b: Arcanine|move: Protect\n|-damage|p2a: Ting-Lu|40\/100\n|-damage|p1a: Hatterene|0 fnt|[from] item: Life Orb\n|faint|p1a: Hatterene\n|move|p1b: Kingambit|Kowtow Cleave|p2b: Arcanine\n|-activate|p2b: Arcanine|move: Protect\n|move|p2a: Ting-Lu|Stomping Tantrum|p1b: Kingambit\n|-supereffective|p1b: Kingambit\n|-damage|p1b: Kingambit|12\/100\n|\n|-heal|p2a: Ting-Lu|47\/100|[from] item: Leftovers\n|-fieldend|move: Trick Room\n|-fieldend|move: Psychic Terrain\n|upkeep\n|\n|t:|1683038964\n|switch|p1a: Torkoal|Torkoal, L50, M|100\/100\n|-weather|SunnyDay|[from] ability: Drought|[of] p1a: Torkoal\n|turn|6\n|\n|t:|1683038978\n|move|p1b: Kingambit|Sucker Punch|p2a: Ting-Lu\n|-damage|p2a: Ting-Lu|21\/100\n|move|p2b: Arcanine|Will-O-Wisp|p1b: Kingambit\n|-status|p1b: Kingambit|brn\n|move|p2a: Ting-Lu|Stomping Tantrum|p1a: Torkoal\n|-supereffective|p1a: Torkoal\n|-damage|p1a: Torkoal|52\/100\n|move|p1a: Torkoal|Eruption|p2b: Arcanine|[spread] p2a,p2b\n|-resisted|p2a: Ting-Lu\n|-resisted|p2b: Arcanine\n|-damage|p2a: Ting-Lu|11\/100\n|-damage|p2b: Arcanine|39\/100\n|\n|-weather|SunnyDay|[upkeep]\n|-heal|p2a: Ting-Lu|18\/100|[from] item: Leftovers\n|-damage|p1b: Kingambit|6\/100 brn|[from] brn\n|upkeep\n|turn|7\n|inactive|Battle timer is ON: inactive players will automatically lose when time's up. (requested by Widxen)\n|inactive|pspkzar has 60 seconds left.\n|inactive|pspkzar has 30 seconds left.\n|inactive|pspkzar has 20 seconds left.\n|inactive|pspkzar has 15 seconds left.\n|inactive|pspkzar has 10 seconds left.\n|inactive|pspkzar has 5 seconds left.\n|\n|t:|1683039116\n|move|p2a: Ting-Lu|Protect|p2a: Ting-Lu\n|-singleturn|p2a: Ting-Lu|Protect\n|move|p2b: Arcanine|Extreme Speed|p1a: Torkoal\n|-damage|p1a: Torkoal|36\/100\n|move|p1b: Kingambit|Kowtow Cleave|p2b: Arcanine\n|-damage|p2b: Arcanine|11\/100\n|move|p1a: Torkoal|Eruption|p2a: Ting-Lu|[spread] p2b\n|-activate|p2a: Ting-Lu|move: Protect\n|-resisted|p2b: Arcanine\n|-damage|p2b: Arcanine|1\/100\n|\n|-weather|SunnyDay|[upkeep]\n|-heal|p2a: Ting-Lu|24\/100|[from] item: Leftovers\n|-damage|p1b: Kingambit|0 fnt|[from] brn\n|faint|p1b: Kingambit\n|upkeep\n|turn|8\n|inactive|pspkzar has 30 seconds left.\n|inactive|pspkzar has 20 seconds left.\n|inactive|pspkzar has 15 seconds left.\n|inactive|pspkzar has 10 seconds left.\n|inactive|pspkzar has 5 seconds left.\n|\n|t:|1683039173\n|switch|p2b: Flutter Mane|Flutter Mane, L50|100\/100\n|-activate|p2b: Flutter Mane|ability: Protosynthesis\n|-start|p2b: Flutter Mane|protosynthesisspa\n|move|p2a: Ting-Lu|Stomping Tantrum|p1a: Torkoal\n|-supereffective|p1a: Torkoal\n|-damage|p1a: Torkoal|0 fnt\n|faint|p1a: Torkoal\n|\n|win|Widxen\n|raw|pspkzar's rating: 1109 → 1088<\/strong> (-21 for losing)\n|raw|Widxen's rating: 1171 → 1192<\/strong> (+21 for winning)\n","uploadtime":1683039191,"views":15,"p1id":"pspkzar","p2id":"widxen","formatid":"gen9vgc2023regulationc","rating":1088,"private":0,"password":""}