{"id":"gen9vgc2023regulationc-1850962327","p1":"Miploud","p2":"jkhdsgkjsdgjkhds","format":"[Gen 9] VGC 2023 Regulation C","log":"|j|\u2606Miploud\n|j|\u2606jkhdsgkjsdgjkhds\n|t:|1682387443\n|gametype|doubles\n|player|p1|Miploud|clown|1000\n|player|p2|jkhdsgkjsdgjkhds|169|1000\n|teamsize|p1|6\n|teamsize|p2|6\n|gen|9\n|tier|[Gen 9] VGC 2023 Regulation C\n|rated|\n|rule|Species Clause: Limit one of each Pok\u00e9mon\n|rule|Item Clause: Limit one of each item\n|clearpoke\n|poke|p1|Hawlucha, L50, F|\n|poke|p1|Maushold-Four, L50|\n|poke|p1|Wo-Chien, L50|\n|poke|p1|Iron Moth, L50|\n|poke|p1|Pelipper, L50, F|\n|poke|p1|Floatzel, L50, M|\n|poke|p2|Lycanroc-Midnight, L50, M|\n|poke|p2|Medicham, L50, M|\n|poke|p2|Dondozo, L50, M|\n|poke|p2|Tatsugiri-Stretchy, L50, M|\n|poke|p2|Mimikyu, L50, F|\n|poke|p2|Ting-Lu, L50|\n|teampreview|4\n|inactive|Battle timer is ON: inactive players will automatically lose when time's up. (requested by Miploud)\n|\n|t:|1682387465\n|start\n|switch|p1a: Wo-Chien|Wo-Chien, L50|100\/100\n|switch|p1b: Maushold|Maushold-Four, L50|100\/100\n|switch|p2a: Lycanroc|Lycanroc-Midnight, L50, M|100\/100\n|switch|p2b: Medicham|Medicham, L50, M|100\/100\n|-ability|p1a: Wo-Chien|Tablets of Ruin\n|turn|1\n|inactive|jkhdsgkjsdgjkhds has 30 seconds left.\n|\n|t:|1682387492\n|move|p1b: Maushold|Follow Me|p1b: Maushold\n|-singleturn|p1b: Maushold|move: Follow Me\n|move|p2b: Medicham|Skill Swap|p1b: Maushold\n|-activate|p2b: Medicham|move: Skill Swap|Friend Guard|Pure Power|[of] p1b: Maushold\n|move|p2a: Lycanroc|Rock Slide|p1a: Wo-Chien|[spread] p1a,p1b\n|-damage|p1a: Wo-Chien|83\/100\n|-damage|p1b: Maushold|77\/100\n|cant|p1a: Wo-Chien|flinch\n|\n|-heal|p1a: Wo-Chien|89\/100|[from] item: Leftovers\n|upkeep\n|turn|2\n|\n|t:|1682387508\n|move|p1b: Maushold|Population Bomb|p2b: Medicham\n|-damage|p2b: Medicham|85\/100\n|-damage|p2b: Medicham|70\/100\n|-damage|p2b: Medicham|56\/100\n|-damage|p2b: Medicham|40\/100\n|-damage|p2b: Medicham|26\/100\n|-hitcount|p2b: Medicham|5\n|move|p2b: Medicham|Close Combat|p1b: Maushold\n|-supereffective|p1b: Maushold\n|-damage|p1b: Maushold|17\/100\n|-unboost|p2b: Medicham|def|1\n|-unboost|p2b: Medicham|spd|1\n|move|p2a: Lycanroc|Rock Slide|p1a: Wo-Chien|[spread] p1a,p1b\n|-crit|p1b: Maushold\n|-damage|p1a: Wo-Chien|73\/100\n|-damage|p1b: Maushold|0 fnt\n|faint|p1b: Maushold\n|cant|p1a: Wo-Chien|flinch\n|\n|-heal|p1a: Wo-Chien|80\/100|[from] item: Leftovers\n|upkeep\n|inactive|Miploud has 30 seconds left.\n|\n|t:|1682387536\n|switch|p1b: Hawlucha|Hawlucha, L50, F|100\/100\n|-ability|p1b: Hawlucha|Mold Breaker\n|turn|3\n|\n|t:|1682387553\n|move|p1b: Hawlucha|Swords Dance|p1b: Hawlucha\n|-boost|p1b: Hawlucha|atk|2\n|move|p2b: Medicham|Close Combat|p1a: Wo-Chien\n|-supereffective|p1a: Wo-Chien\n|-damage|p1a: Wo-Chien|35\/100\n|-unboost|p2b: Medicham|def|1\n|-unboost|p2b: Medicham|spd|1\n|move|p2a: Lycanroc|Rock Slide|p1b: Hawlucha|[spread] p1a,p1b\n|-damage|p1a: Wo-Chien|19\/100\n|-damage|p1b: Hawlucha|65\/100\n|cant|p1a: Wo-Chien|flinch\n|\n|-heal|p1a: Wo-Chien|25\/100|[from] item: Leftovers\n|upkeep\n|turn|4\n|n|!Miploud|miploud\n|inactive|Miploud has 30 seconds left.\n|inactive|Miploud has 20 seconds left.\n|inactive|Miploud has 15 seconds left.\n|inactive|Miploud has 10 seconds left.\n|\n|t:|1682387598\n|move|p2a: Lycanroc|Protect|p2a: Lycanroc\n|-singleturn|p2a: Lycanroc|Protect\n|move|p1a: Wo-Chien|Protect|p1a: Wo-Chien\n|-singleturn|p1a: Wo-Chien|Protect\n|move|p1b: Hawlucha|Fire Punch|p2a: Lycanroc\n|-activate|p2a: Lycanroc|move: Protect\n|move|p2b: Medicham|Close Combat|p1a: Wo-Chien\n|-activate|p1a: Wo-Chien|move: Protect\n|\n|-heal|p1a: Wo-Chien|31\/100|[from] item: Leftovers\n|upkeep\n|turn|5\n|inactive|Miploud has 30 seconds left.\n|inactive|jkhdsgkjsdgjkhds has 30 seconds left.\n|\n|t:|1682387629\n|move|p1b: Hawlucha|Brave Bird|p2b: Medicham\n|-supereffective|p2b: Medicham\n|-damage|p2b: Medicham|0 fnt\n|faint|p2b: Medicham\n|-damage|p1b: Hawlucha|57\/100|[from] Recoil\n|move|p2a: Lycanroc|Rock Slide|p1b: Hawlucha|[spread] p1a,p1b\n|-damage|p1a: Wo-Chien|16\/100\n|-damage|p1b: Hawlucha|23\/100\n|move|p1a: Wo-Chien|Leech Seed|p2a: Lycanroc\n|-start|p2a: Lycanroc|move: Leech Seed\n|\n|-heal|p1a: Wo-Chien|22\/100|[from] item: Leftovers\n|-damage|p2a: Lycanroc|88\/100|[from] Leech Seed|[of] p1a: Wo-Chien\n|-heal|p1a: Wo-Chien|32\/100|[silent]\n|upkeep\n|\n|t:|1682387635\n|switch|p2b: Mimikyu|Mimikyu, L50, F|100\/100\n|turn|6\n|\n|t:|1682387657\n|move|p2b: Mimikyu|Protect|p2b: Mimikyu\n|-singleturn|p2b: Mimikyu|Protect\n|move|p1b: Hawlucha|Fire Punch|p2b: Mimikyu\n|-activate|p2b: Mimikyu|move: Protect\n|move|p2a: Lycanroc|Stone Edge|p1a: Wo-Chien\n|-damage|p1a: Wo-Chien|1\/100\n|move|p1a: Wo-Chien|Leech Seed|p2b: Mimikyu\n|-activate|p2b: Mimikyu|move: Protect\n|\n|-heal|p1a: Wo-Chien|7\/100|[from] item: Leftovers\n|-damage|p2a: Lycanroc|76\/100|[from] Leech Seed|[of] p1a: Wo-Chien\n|-heal|p1a: Wo-Chien|18\/100|[silent]\n|upkeep\n|turn|7\n|\n|t:|1682387668\n|move|p1a: Wo-Chien|Protect|p1a: Wo-Chien\n|-singleturn|p1a: Wo-Chien|Protect\n|move|p1b: Hawlucha|Fire Punch|p2b: Mimikyu\n|-damage|p2b: Mimikyu|58\/100\n|move|p2a: Lycanroc|Stone Edge|p1b: Hawlucha\n|-damage|p1b: Hawlucha|0 fnt\n|faint|p1b: Hawlucha\n|move|p2b: Mimikyu|Play Rough|p1a: Wo-Chien\n|-activate|p1a: Wo-Chien|move: Protect\n|\n|-heal|p1a: Wo-Chien|24\/100|[from] item: Leftovers\n|-damage|p2a: Lycanroc|64\/100|[from] Leech Seed|[of] p1a: Wo-Chien\n|-heal|p1a: Wo-Chien|34\/100|[silent]\n|upkeep\n|\n|t:|1682387676\n|switch|p1b: Floatzel|Floatzel, L50, M|100\/100\n|turn|8\n|\n|t:|1682387698\n|move|p2a: Lycanroc|Protect|p2a: Lycanroc\n|-singleturn|p2a: Lycanroc|Protect\n|move|p1b: Floatzel|Ice Spinner|p2b: Mimikyu\n|-activate|p2b: Mimikyu|ability: Disguise\n|-damage|p2b: Mimikyu|58\/100\n|detailschange|p2b: Mimikyu|Mimikyu-Busted, L50, F\n|-damage|p2b: Mimikyu|46\/100|[from] pokemon: Mimikyu-Busted\n|move|p2b: Mimikyu|Play Rough|p1a: Wo-Chien\n|-supereffective|p1a: Wo-Chien\n|-damage|p1a: Wo-Chien|0 fnt\n|faint|p1a: Wo-Chien\n|-damage|p2b: Mimikyu|37\/100|[from] item: Life Orb\n|\n|upkeep\n|turn|9\n|-message|Miploud forfeited.\n|\n|win|jkhdsgkjsdgjkhds\n|raw|Miploud's rating: 1000 → 1000<\/strong> (+0 for losing)\n|raw|jkhdsgkjsdgjkhds's rating: 1000 → 1040<\/strong> (+40 for winning)\n|l|!Miploud\n","uploadtime":1682387574,"views":6,"p1id":"miploud","p2id":"jkhdsgkjsdgjkhds","formatid":"gen9vgc2023regulationc","rating":1000,"private":0,"password":""}