{"id":"gen9vgc2023regulationc-1848287775","p1":"Ponmo","p2":"superseriousboi","format":"[Gen 9] VGC 2023 Regulation C","log":"|j|\u2606Ponmo\n|j|\u2606superseriousboi\n|t:|1682054079\n|gametype|doubles\n|player|p1|Ponmo|102|1081\n|player|p2|superseriousboi|102|1097\n|teamsize|p1|4\n|teamsize|p2|6\n|gen|9\n|tier|[Gen 9] VGC 2023 Regulation C\n|rated|\n|rule|Species Clause: Limit one of each Pok\u00e9mon\n|rule|Item Clause: Limit one of each item\n|clearpoke\n|poke|p1|Sylveon, L50, F|\n|poke|p1|Arcanine, L50, M|\n|poke|p1|Great Tusk, L50|\n|poke|p1|Amoonguss, L50, M|\n|poke|p2|Lucario, L50, M|\n|poke|p2|Maushold, L50|\n|poke|p2|Grimmsnarl, L50, M|\n|poke|p2|Chi-Yu, L50|\n|poke|p2|Flutter Mane, L50|\n|poke|p2|Iron Bundle, L50|\n|teampreview|4\n|inactive|Battle timer is ON: inactive players will automatically lose when time's up. (requested by Ponmo)\n|inactive|superseriousboi has 60 seconds left.\n|\n|t:|1682054126\n|start\n|switch|p1a: Sylveon|Sylveon, L50, F|100\/100\n|switch|p1b: Arcanine|Arcanine, L50, M|100\/100\n|switch|p2a: Grimmsnarl|Grimmsnarl, L50, M|100\/100\n|switch|p2b: Flutter Mane|Flutter Mane, L50|100\/100\n|-ability|p1b: Arcanine|Intimidate|boost\n|-unboost|p2a: Grimmsnarl|atk|1\n|-unboost|p2b: Flutter Mane|atk|1\n|turn|1\n|c|\u2606superseriousboi|gl hf\n|inactive|superseriousboi has 30 seconds left.\n|\n|t:|1682054156\n|-terastallize|p1a: Sylveon|Normal\n|move|p2b: Flutter Mane|Protect|p2b: Flutter Mane\n|-singleturn|p2b: Flutter Mane|Protect\n|move|p2a: Grimmsnarl|Fake Tears|p1b: Arcanine\n|-unboost|p1b: Arcanine|spd|2\n|move|p1b: Arcanine|Snarl|p2a: Grimmsnarl|[spread] p2a\n|-activate|p2b: Flutter Mane|move: Protect\n|-resisted|p2a: Grimmsnarl\n|-damage|p2a: Grimmsnarl|98\/100\n|-unboost|p2a: Grimmsnarl|spa|1\n|move|p1a: Sylveon|Hyper Voice|p2a: Grimmsnarl|[spread] p2a\n|-activate|p2b: Flutter Mane|move: Protect\n|-supereffective|p2a: Grimmsnarl\n|-damage|p2a: Grimmsnarl|5\/100\n|-enditem|p2a: Grimmsnarl|Aguav Berry|[eat]\n|-heal|p2a: Grimmsnarl|38\/100|[from] item: Aguav Berry\n|\n|upkeep\n|turn|2\n|inactive|superseriousboi has 30 seconds left.\n|\n|t:|1682054184\n|switch|p1b: Amoonguss|Amoonguss, L50, M|100\/100\n|-terastallize|p2b: Flutter Mane|Fairy\n|move|p2a: Grimmsnarl|Fake Tears|p1a: Sylveon\n|-unboost|p1a: Sylveon|spd|2\n|move|p2b: Flutter Mane|Dazzling Gleam|p1b: Amoonguss|[spread] p1a,p1b\n|-resisted|p1b: Amoonguss\n|-damage|p1a: Sylveon|23\/100\n|-damage|p1b: Amoonguss|77\/100\n|-damage|p2b: Flutter Mane|91\/100|[from] item: Life Orb\n|move|p1a: Sylveon|Hyper Voice|p2a: Grimmsnarl|[spread] p2a,p2b\n|-supereffective|p2a: Grimmsnarl\n|-crit|p2a: Grimmsnarl\n|-damage|p2a: Grimmsnarl|0 fnt\n|-damage|p2b: Flutter Mane|46\/100\n|faint|p2a: Grimmsnarl\n|\n|-heal|p1a: Sylveon|29\/100|[from] item: Leftovers\n|upkeep\n|\n|t:|1682054202\n|switch|p2a: Chi-Yu|Chi-Yu, L50|100\/100\n|-ability|p2a: Chi-Yu|Beads of Ruin\n|turn|3\n|\n|t:|1682054215\n|switch|p1a: Arcanine|Arcanine, L50, M|100\/100\n|-ability|p1a: Arcanine|Intimidate|boost\n|-unboost|p2a: Chi-Yu|atk|1\n|-unboost|p2b: Flutter Mane|atk|1\n|move|p2b: Flutter Mane|Shadow Ball|p1b: Amoonguss\n|-damage|p1b: Amoonguss|12\/100\n|-damage|p2b: Flutter Mane|36\/100|[from] item: Life Orb\n|move|p2a: Chi-Yu|Heat Wave|p1b: Amoonguss|[spread] p1a,p1b\n|-resisted|p1a: Arcanine\n|-supereffective|p1b: Amoonguss\n|-damage|p1a: Arcanine|73\/100\n|-damage|p1b: Amoonguss|0 fnt\n|faint|p1b: Amoonguss\n|\n|upkeep\n|\n|t:|1682054227\n|switch|p1b: Great Tusk|Great Tusk, L50|100\/100\n|turn|4\n|inactive|superseriousboi has 30 seconds left.\n|\n|t:|1682054252\n|move|p2b: Flutter Mane|Dazzling Gleam|p1a: Arcanine|[spread] p1a,p1b\n|-resisted|p1a: Arcanine\n|-supereffective|p1b: Great Tusk\n|-damage|p1a: Arcanine|33\/100\n|-enditem|p1b: Great Tusk|Focus Sash\n|-damage|p1b: Great Tusk|1\/100\n|-damage|p2b: Flutter Mane|26\/100|[from] item: Life Orb\n|move|p2a: Chi-Yu|Dark Pulse|p1a: Arcanine\n|-damage|p1a: Arcanine|0 fnt\n|faint|p1a: Arcanine\n|move|p1b: Great Tusk|Knock Off|p2a: Chi-Yu\n|-resisted|p2a: Chi-Yu\n|-damage|p2a: Chi-Yu|74\/100\n|-enditem|p2a: Chi-Yu|Focus Sash|[from] move: Knock Off|[of] p1b: Great Tusk\n|\n|upkeep\n|\n|t:|1682054265\n|switch|p1a: Sylveon|Sylveon, L50, F, tera:Normal|29\/100\n|turn|5\n|\n|t:|1682054282\n|move|p1a: Sylveon|Quick Attack|p2b: Flutter Mane\n|-damage|p2b: Flutter Mane|0 fnt\n|faint|p2b: Flutter Mane\n|-end|p2b: Flutter Mane|Protosynthesis|[silent]\n|move|p2a: Chi-Yu|Dark Pulse|p1a: Sylveon\n|-crit|p1a: Sylveon\n|-damage|p1a: Sylveon|0 fnt\n|faint|p1a: Sylveon\n|move|p1b: Great Tusk|Close Combat|p2a: Chi-Yu\n|-supereffective|p2a: Chi-Yu\n|-damage|p2a: Chi-Yu|0 fnt\n|-unboost|p1b: Great Tusk|def|1\n|-unboost|p1b: Great Tusk|spd|1\n|faint|p2a: Chi-Yu\n|\n|upkeep\n|-message|Ponmo forfeited.\n|\n|win|superseriousboi\n|raw|Ponmo's rating: 1081 → 1060<\/strong> (-21 for losing)\n|raw|superseriousboi's rating: 1097 → 1121<\/strong> (+24 for winning)\n|l|\u2606Ponmo\n","uploadtime":1682054298,"views":11,"p1id":"ponmo","p2id":"superseriousboi","formatid":"gen9vgc2023regulationc","rating":1060,"private":0,"password":""}