{"id":"gen9vgc2023regulationc-1849027766","p1":"duff72","p2":"Codameron","format":"[Gen 9] VGC 2023 Regulation C","log":"|j|\u2606duff72\n|j|\u2606Codameron\n|t:|1682141381\n|gametype|doubles\n|player|p1|duff72|266|1074\n|player|p2|Codameron|2|1135\n|teamsize|p1|6\n|teamsize|p2|6\n|gen|9\n|tier|[Gen 9] VGC 2023 Regulation C\n|rated|\n|rule|Species Clause: Limit one of each Pok\u00e9mon\n|rule|Item Clause: Limit one of each item\n|clearpoke\n|poke|p1|Revavroom, L50, M|\n|poke|p1|Arboliva, L50, M|\n|poke|p1|Luxray, L50, F|\n|poke|p1|Brute Bonnet, L50|\n|poke|p1|Florges, L50, F|\n|poke|p1|Skeledirge, L50, M|\n|poke|p2|Bellibolt, L50, M|\n|poke|p2|Wo-Chien, L50|\n|poke|p2|Cloyster, L50, F|\n|poke|p2|Scizor, L50, M|\n|poke|p2|Foongus, L50, F|\n|poke|p2|Polteageist, L50|\n|teampreview|4\n|inactive|Battle timer is ON: inactive players will automatically lose when time's up. (requested by duff72)\nduff72 rejected open team sheets.\n|inactive|Codameron has 60 seconds left.\n|\n|t:|1682141446\n|start\n|switch|p1a: Luxray|Luxray, L50, F|100\/100\n|switch|p1b: Arboliva|Arboliva, L50, M|100\/100\n|switch|p2a: The Count|Cloyster, L50, F|100\/100\n|switch|p2b: Jelli Belli|Bellibolt, L50, M, shiny|100\/100\n|-ability|p1a: Luxray|Intimidate|boost\n|-unboost|p2a: The Count|atk|1\n|-unboost|p2b: Jelli Belli|atk|1\n|turn|1\n|inactive|Codameron has 30 seconds left.\n|\n|t:|1682141476\n|move|p2a: The Count|Protect|p2a: The Count\n|-singleturn|p2a: The Count|Protect\n|move|p1a: Luxray|Light Screen|p1a: Luxray\n|-sidestart|p1: duff72|move: Light Screen\n|move|p2b: Jelli Belli|Light Screen|p2b: Jelli Belli\n|-sidestart|p2: Codameron|move: Light Screen\n|move|p1b: Arboliva|Reflect|p1b: Arboliva\n|-sidestart|p1: duff72|Reflect\n|\n|upkeep\n|turn|2\n|\n|t:|1682141497\n|switch|p2a: Teatime|Polteageist, L50|100\/100\n|move|p1a: Luxray|Snarl|p2b: Jelli Belli|[spread] p2a,p2b\n|-supereffective|p2a: Teatime\n|-damage|p2a: Teatime|89\/100\n|-damage|p2b: Jelli Belli|94\/100\n|-unboost|p2a: Teatime|spa|1\n|-unboost|p2b: Jelli Belli|spa|1\n|-start|p2b: Jelli Belli|Charge|Snarl|[from] ability: Electromorphosis\n|move|p2b: Jelli Belli|Reflect|p2b: Jelli Belli\n|-sidestart|p2: Codameron|Reflect\n|move|p1b: Arboliva|Giga Drain|p2a: Teatime\n|-damage|p2a: Teatime|60\/100\n|\n|upkeep\n|turn|3\n|inactive|Codameron has 30 seconds left.\n|\n|t:|1682141526\n|move|p1a: Luxray|Psychic Fangs|p2a: Teatime\n|-sideend|p2: Codameron|Reflect\n|-sideend|p2: Codameron|move: Light Screen\n|-damage|p2a: Teatime|27\/100\n|move|p2a: Teatime|Will-O-Wisp|p1a: Luxray|[miss]\n|-miss|p2a: Teatime|p1a: Luxray\n|move|p2b: Jelli Belli|Thunderbolt|p1a: Luxray\n|-resisted|p1a: Luxray\n|-damage|p1a: Luxray|77\/100\n|-end|p2b: Jelli Belli|Charge|[silent]\n|move|p1b: Arboliva|Giga Drain|p2a: Teatime\n|-damage|p2a: Teatime|0 fnt\n|-start|p1b: Arboliva|Disable|Giga Drain|[from] ability: Cursed Body|[of] p2a: Teatime\n|faint|p2a: Teatime\n|\n|upkeep\n|\n|t:|1682141541\n|switch|p2a: The Count|Cloyster, L50, F|100\/100\n|turn|4\n|inactive|Codameron has 30 seconds left.\n|\n|t:|1682141566\n|switch|p2b: Rosetta|Wo-Chien, L50|100\/100\n|-ability|p2b: Rosetta|Tablets of Ruin\n|move|p2a: The Count|Shell Smash|p2a: The Count\n|-unboost|p2a: The Count|def|1\n|-unboost|p2a: The Count|spd|1\n|-boost|p2a: The Count|atk|2\n|-boost|p2a: The Count|spa|2\n|-boost|p2a: The Count|spe|2\n|move|p1a: Luxray|Volt Switch|p2a: The Count\n|-supereffective|p2a: The Count\n|-enditem|p2a: The Count|Focus Sash\n|-damage|p2a: The Count|1\/100\n|\n|t:|1682141580\n|switch|p1a: Skeledirge|Skeledirge, L50, M|100\/100|[from] Volt Switch\n|move|p1b: Arboliva|Pollen Puff|p2a: The Count\n|-damage|p2a: The Count|0 fnt\n|faint|p2a: The Count\n|\n|upkeep\n|\n|t:|1682141589\n|switch|p2a: Jelli Belli|Bellibolt, L50, M, shiny|94\/100\n|turn|5\n|\n|t:|1682141601\n|move|p2b: Rosetta|Leech Seed|p1a: Skeledirge\n|-start|p1a: Skeledirge|move: Leech Seed\n|move|p1a: Skeledirge|Torch Song|p2b: Rosetta\n|-supereffective|p2b: Rosetta\n|-damage|p2b: Rosetta|65\/100\n|-boost|p1a: Skeledirge|spa|1\n|-enditem|p1a: Skeledirge|Throat Spray\n|-boost|p1a: Skeledirge|spa|1|[from] item: Throat Spray\n|move|p2a: Jelli Belli|Light Screen|p2a: Jelli Belli\n|-sidestart|p2: Codameron|move: Light Screen\n|move|p1b: Arboliva|Pollen Puff|p2b: Rosetta\n|-supereffective|p2b: Rosetta\n|-damage|p2b: Rosetta|12\/100\n|\n|-heal|p2b: Rosetta|19\/100|[from] item: Leftovers\n|-damage|p1a: Skeledirge|88\/100|[from] Leech Seed|[of] p2b: Rosetta\n|-heal|p2b: Rosetta|32\/100|[silent]\n|-sideend|p1: duff72|Reflect\n|-sideend|p1: duff72|move: Light Screen\n|upkeep\n|turn|6\n|inactive|duff72 has 30 seconds left.\n|inactive|Codameron has 30 seconds left.\n|\n|t:|1682141629\n|move|p2b: Rosetta|Protect|p2b: Rosetta\n|-singleturn|p2b: Rosetta|Protect\n|move|p1a: Skeledirge|Torch Song|p2b: Rosetta\n|-activate|p2b: Rosetta|move: Protect\n|move|p2a: Jelli Belli|Muddy Water|p1a: Skeledirge|[spread] p1a,p1b\n|-supereffective|p1a: Skeledirge\n|-resisted|p1b: Arboliva\n|-damage|p1a: Skeledirge|54\/100\n|-damage|p1b: Arboliva|91\/100\n|-unboost|p1a: Skeledirge|accuracy|1\n|-fieldstart|move: Grassy Terrain|[from] ability: Seed Sower|[of] p1b: Arboliva\n|move|p1b: Arboliva|Pollen Puff|p2a: Jelli Belli\n|-damage|p2a: Jelli Belli|75\/100\n|-start|p2a: Jelli Belli|Charge|Pollen Puff|[from] ability: Electromorphosis\n|\n|-heal|p2b: Rosetta|39\/100|[from] Grassy Terrain\n|-heal|p2b: Rosetta|45\/100|[from] item: Leftovers\n|-heal|p1a: Skeledirge|60\/100|[from] Grassy Terrain\n|-heal|p2a: Jelli Belli|81\/100|[from] Grassy Terrain\n|-heal|p1b: Arboliva|97\/100|[from] Grassy Terrain\n|-heal|p1b: Arboliva|100\/100|[from] item: Leftovers\n|-damage|p1a: Skeledirge|48\/100|[from] Leech Seed|[of] p2b: Rosetta\n|-heal|p2b: Rosetta|58\/100|[silent]\n|-end|p1b: Arboliva|Disable\n|upkeep\n|turn|7\n|inactive|Codameron has 30 seconds left.\n|inactive|duff72 has 30 seconds left.\n|\n|t:|1682141666\n|-terastallize|p2b: Rosetta|Water\n|move|p2b: Rosetta|Snarl|p1a: Skeledirge|[spread] p1a,p1b\n|-supereffective|p1a: Skeledirge\n|-damage|p1a: Skeledirge|30\/100\n|-damage|p1b: Arboliva|88\/100\n|-unboost|p1a: Skeledirge|spa|1\n|-unboost|p1b: Arboliva|spa|1\n|move|p1a: Skeledirge|Torch Song|p2b: Rosetta\n|-resisted|p2b: Rosetta\n|-damage|p2b: Rosetta|49\/100\n|-boost|p1a: Skeledirge|spa|1\n|move|p2a: Jelli Belli|Thunderbolt|p1a: Skeledirge\n|-damage|p1a: Skeledirge|0 fnt\n|faint|p1a: Skeledirge\n|-end|p2a: Jelli Belli|Charge|[silent]\n|move|p1b: Arboliva|Pollen Puff|p1: Skeledirge|[notarget]\n|-fail|p1b: Arboliva\n|\n|-heal|p2b: Rosetta|56\/100|[from] Grassy Terrain\n|-heal|p2b: Rosetta|62\/100|[from] item: Leftovers\n|-heal|p2a: Jelli Belli|87\/100|[from] Grassy Terrain\n|-heal|p1b: Arboliva|94\/100|[from] Grassy Terrain\n|-heal|p1b: Arboliva|100\/100|[from] item: Leftovers\n|upkeep\n|\n|t:|1682141685\n|switch|p1a: Luxray|Luxray, L50, F|77\/100\n|-ability|p1a: Luxray|Intimidate|boost\n|-unboost|p2a: Jelli Belli|atk|1\n|-unboost|p2b: Rosetta|atk|1\n|turn|8\n|inactive|Codameron has 30 seconds left.\n|\n|t:|1682141713\n|move|p2b: Rosetta|Leech Seed|p1a: Luxray|[miss]\n|-miss|p2b: Rosetta|p1a: Luxray\n|move|p1a: Luxray|Light Screen|p1a: Luxray\n|-sidestart|p1: duff72|move: Light Screen\n|move|p2a: Jelli Belli|Thunderbolt|p1a: Luxray\n|-resisted|p1a: Luxray\n|-damage|p1a: Luxray|60\/100\n|move|p1b: Arboliva|Giga Drain|p2b: Rosetta\n|-supereffective|p2b: Rosetta\n|-damage|p2b: Rosetta|33\/100\n|\n|-heal|p2b: Rosetta|39\/100|[from] Grassy Terrain\n|-heal|p2b: Rosetta|45\/100|[from] item: Leftovers\n|-heal|p1a: Luxray|66\/100|[from] Grassy Terrain\n|-heal|p2a: Jelli Belli|93\/100|[from] Grassy Terrain\n|upkeep\n|turn|9\n|\n|t:|1682141737\n|move|p2b: Rosetta|Protect|p2b: Rosetta\n|-singleturn|p2b: Rosetta|Protect\n|move|p1a: Luxray|Snarl|p2b: Rosetta|[spread] p2a\n|-activate|p2b: Rosetta|move: Protect\n|-damage|p2a: Jelli Belli|88\/100\n|-unboost|p2a: Jelli Belli|spa|1\n|-start|p2a: Jelli Belli|Charge|Snarl|[from] ability: Electromorphosis\n|move|p2a: Jelli Belli|Muddy Water|p1a: Luxray|[spread] p1a,p1b\n|-resisted|p1b: Arboliva\n|-damage|p1a: Luxray|54\/100\n|-damage|p1b: Arboliva|96\/100\n|-unboost|p1a: Luxray|accuracy|1\n|move|p1b: Arboliva|Giga Drain|p2b: Rosetta\n|-activate|p2b: Rosetta|move: Protect\n|\n|-heal|p2b: Rosetta|52\/100|[from] Grassy Terrain\n|-heal|p2b: Rosetta|58\/100|[from] item: Leftovers\n|-heal|p1a: Luxray|60\/100|[from] Grassy Terrain\n|-heal|p2a: Jelli Belli|94\/100|[from] Grassy Terrain\n|-heal|p1b: Arboliva|100\/100|[from] Grassy Terrain\n|upkeep\n|turn|10\n|inactive|Codameron has 30 seconds left.\n|\n|t:|1682141769\n|move|p2b: Rosetta|Snarl|p1a: Luxray|[spread] p1a,p1b\n|-damage|p1a: Luxray|50\/100\n|-damage|p1b: Arboliva|92\/100\n|-unboost|p1a: Luxray|spa|1\n|-unboost|p1b: Arboliva|spa|1\n|-enditem|p1a: Luxray|Sitrus Berry|[eat]\n|-heal|p1a: Luxray|74\/100|[from] item: Sitrus Berry\n|move|p1a: Luxray|Snarl|p2a: Jelli Belli|[spread] p2a\n|-miss|p1a: Luxray|p2b: Rosetta\n|-damage|p2a: Jelli Belli|90\/100\n|-unboost|p2a: Jelli Belli|spa|1\n|-start|p2a: Jelli Belli|Charge|Snarl|[from] ability: Electromorphosis\n|move|p2a: Jelli Belli|Thunderbolt|p1a: Luxray\n|-resisted|p1a: Luxray\n|-damage|p1a: Luxray|57\/100\n|-end|p2a: Jelli Belli|Charge|[silent]\n|move|p1b: Arboliva|Giga Drain|p2b: Rosetta\n|-supereffective|p2b: Rosetta\n|-damage|p2b: Rosetta|34\/100\n|-heal|p1b: Arboliva|100\/100|[from] drain|[of] p2b: Rosetta\n|\n|-heal|p2b: Rosetta|41\/100|[from] Grassy Terrain\n|-heal|p2b: Rosetta|47\/100|[from] item: Leftovers\n|-heal|p1a: Luxray|63\/100|[from] Grassy Terrain\n|-heal|p2a: Jelli Belli|96\/100|[from] Grassy Terrain\n|-fieldend|move: Grassy Terrain\n|upkeep\n|turn|11\n|inactive|duff72 has 30 seconds left.\n|inactive|Codameron has 30 seconds left.\n|inactive|duff72 has 20 seconds left.\n|\n|t:|1682141805\n|move|p2b: Rosetta|Protect|p2b: Rosetta\n|-singleturn|p2b: Rosetta|Protect\n|move|p1a: Luxray|Volt Switch|p2b: Rosetta\n|-activate|p2b: Rosetta|move: Protect\n|move|p2a: Jelli Belli|Muddy Water|p1b: Arboliva|[spread] p1a,p1b\n|-resisted|p1b: Arboliva\n|-damage|p1a: Luxray|55\/100\n|-damage|p1b: Arboliva|98\/100\n|-fieldstart|move: Grassy Terrain|[from] ability: Seed Sower|[of] p1b: Arboliva\n|move|p1b: Arboliva|Giga Drain|p2b: Rosetta\n|-activate|p2b: Rosetta|move: Protect\n|\n|-heal|p2b: Rosetta|53\/100|[from] Grassy Terrain\n|-heal|p2b: Rosetta|59\/100|[from] item: Leftovers\n|-heal|p1a: Luxray|61\/100|[from] Grassy Terrain\n|-heal|p2a: Jelli Belli|100\/100|[from] Grassy Terrain\n|-heal|p1b: Arboliva|100\/100|[from] Grassy Terrain\n|upkeep\n|turn|12\n|inactive|Codameron has 30 seconds left.\n|\n|t:|1682141835\n|move|p2b: Rosetta|Snarl|p1b: Arboliva|[spread] p1a,p1b\n|-damage|p1a: Luxray|51\/100\n|-damage|p1b: Arboliva|93\/100\n|-unboost|p1a: Luxray|spa|1\n|-unboost|p1b: Arboliva|spa|1\n|move|p1a: Luxray|Volt Switch|p2b: Rosetta\n|-supereffective|p2b: Rosetta\n|-damage|p2b: Rosetta|49\/100\n|\n|t:|1682141843\n|switch|p1a: Revavroom|Revavroom, L50, M|100\/100|[from] Volt Switch\n|-item|p1a: Revavroom|Air Balloon\n|move|p2a: Jelli Belli|Muddy Water|p1a: Revavroom|[spread] p1a,p1b\n|-resisted|p1b: Arboliva\n|-damage|p1a: Revavroom|90\/100\n|-damage|p1b: Arboliva|90\/100\n|-enditem|p1a: Revavroom|Air Balloon\n|move|p1b: Arboliva|Giga Drain|p2b: Rosetta\n|-supereffective|p2b: Rosetta\n|-damage|p2b: Rosetta|32\/100\n|-heal|p1b: Arboliva|99\/100|[from] drain|[of] p2b: Rosetta\n|\n|-heal|p1a: Revavroom|96\/100|[from] Grassy Terrain\n|-heal|p2b: Rosetta|38\/100|[from] Grassy Terrain\n|-heal|p2b: Rosetta|44\/100|[from] item: Leftovers\n|-heal|p1b: Arboliva|100\/100|[from] Grassy Terrain\n|-sideend|p1: duff72|move: Light Screen\n|-sideend|p2: Codameron|move: Light Screen\n|upkeep\n|turn|13\n|inactive|Codameron has 30 seconds left.\n|\n|t:|1682141873\n|switch|p1b: Luxray|Luxray, L50, F|51\/100\n|-ability|p1b: Luxray|Intimidate|boost\n|-unboost|p2a: Jelli Belli|atk|1\n|-unboost|p2b: Rosetta|atk|1\n|move|p1a: Revavroom|Shift Gear|p1a: Revavroom\n|-boost|p1a: Revavroom|spe|2\n|-boost|p1a: Revavroom|atk|1\n|move|p2b: Rosetta|Leech Seed|p1a: Revavroom\n|-start|p1a: Revavroom|move: Leech Seed\n|move|p2a: Jelli Belli|Thunderbolt|p1a: Revavroom\n|-crit|p1a: Revavroom\n|-damage|p1a: Revavroom|9\/100\n|\n|-heal|p1a: Revavroom|15\/100|[from] Grassy Terrain\n|-heal|p2b: Rosetta|50\/100|[from] Grassy Terrain\n|-heal|p2b: Rosetta|57\/100|[from] item: Leftovers\n|-heal|p1b: Luxray|57\/100|[from] Grassy Terrain\n|-damage|p1a: Revavroom|3\/100|[from] Leech Seed|[of] p2b: Rosetta\n|-heal|p2b: Rosetta|69\/100|[silent]\n|upkeep\n|turn|14\n|inactive|duff72 has 30 seconds left.\n|\n|t:|1682141900\n|move|p2b: Rosetta|Protect|p2b: Rosetta\n|-singleturn|p2b: Rosetta|Protect\n|move|p1a: Revavroom|Poison Jab|p2a: Jelli Belli\n|-damage|p2a: Jelli Belli|60\/100\n|-start|p2a: Jelli Belli|Charge|Poison Jab|[from] ability: Electromorphosis\n|move|p1b: Luxray|Volt Switch|p2b: Rosetta\n|-activate|p2b: Rosetta|move: Protect\n|move|p2a: Jelli Belli|Light Screen|p2a: Jelli Belli\n|-sidestart|p2: Codameron|move: Light Screen\n|\n|-heal|p1a: Revavroom|9\/100|[from] Grassy Terrain\n|-heal|p2b: Rosetta|75\/100|[from] Grassy Terrain\n|-heal|p2b: Rosetta|81\/100|[from] item: Leftovers\n|-heal|p1b: Luxray|63\/100|[from] Grassy Terrain\n|-heal|p2a: Jelli Belli|66\/100|[from] Grassy Terrain\n|-damage|p1a: Revavroom|0 fnt|[from] Leech Seed|[of] p2b: Rosetta\n|-heal|p2b: Rosetta|89\/100|[silent]\n|faint|p1a: Revavroom\n|upkeep\n|\n|t:|1682141909\n|switch|p1a: Arboliva|Arboliva, L50, M|100\/100\n|turn|15\n|inactive|duff72 has 30 seconds left.\n|\n|t:|1682141939\n|move|p2b: Rosetta|Snarl|p1b: Luxray|[spread] p1a,p1b\n|-damage|p1a: Arboliva|89\/100\n|-damage|p1b: Luxray|48\/100\n|-unboost|p1a: Arboliva|spa|1\n|-unboost|p1b: Luxray|spa|1\n|move|p1b: Luxray|Snarl|p2a: Jelli Belli|[spread] p2a,p2b\n|-damage|p2a: Jelli Belli|61\/100\n|-damage|p2b: Rosetta|86\/100\n|-unboost|p2a: Jelli Belli|spa|1\n|-unboost|p2b: Rosetta|spa|1\n|-start|p2a: Jelli Belli|Charge|Snarl|[from] ability: Electromorphosis\n|move|p2a: Jelli Belli|Muddy Water|p1a: Arboliva|[spread] \n|-miss|p2a: Jelli Belli|p1a: Arboliva\n|-miss|p2a: Jelli Belli|p1b: Luxray\n|move|p1a: Arboliva|Giga Drain|p2b: Rosetta\n|-supereffective|p2b: Rosetta\n|-damage|p2b: Rosetta|59\/100\n|-heal|p1a: Arboliva|100\/100|[from] drain|[of] p2b: Rosetta\n|\n|-heal|p2b: Rosetta|66\/100|[from] Grassy Terrain\n|-heal|p2b: Rosetta|72\/100|[from] item: Leftovers\n|-heal|p1b: Luxray|54\/100|[from] Grassy Terrain\n|-heal|p2a: Jelli Belli|67\/100|[from] Grassy Terrain\n|-fieldend|move: Grassy Terrain\n|upkeep\n|turn|16\n|inactive|Codameron has 30 seconds left.\n|inactive|Codameron has 20 seconds left.\n|inactive|duff72 has 30 seconds left.\n|inactive|Codameron has 15 seconds left.\n|inactive|Codameron has 10 seconds left.\n|\n|t:|1682141972\n|move|p2b: Rosetta|Leech Seed|p1b: Luxray\n|-start|p1b: Luxray|move: Leech Seed\n|move|p1b: Luxray|Psychic Fangs|p2a: Jelli Belli\n|-sideend|p2: Codameron|move: Light Screen\n|-damage|p2a: Jelli Belli|53\/100\n|-start|p2a: Jelli Belli|Charge|Psychic Fangs|[from] ability: Electromorphosis\n|move|p2a: Jelli Belli|Muddy Water|p1b: Luxray|[spread] p1a,p1b\n|-resisted|p1a: Arboliva\n|-damage|p1a: Arboliva|97\/100\n|-damage|p1b: Luxray|43\/100\n|-unboost|p1b: Luxray|accuracy|1\n|-fieldstart|move: Grassy Terrain|[from] ability: Seed Sower|[of] p1a: Arboliva\n|move|p1a: Arboliva|Giga Drain|p2a: Jelli Belli\n|-damage|p2a: Jelli Belli|19\/100\n|-heal|p1a: Arboliva|100\/100|[from] drain|[of] p2a: Jelli Belli\n|-start|p2a: Jelli Belli|Charge|Giga Drain|[from] ability: Electromorphosis\n|\n|-heal|p2b: Rosetta|78\/100|[from] Grassy Terrain\n|-heal|p2b: Rosetta|84\/100|[from] item: Leftovers\n|-heal|p1b: Luxray|49\/100|[from] Grassy Terrain\n|-heal|p2a: Jelli Belli|25\/100|[from] Grassy Terrain\n|-damage|p1b: Luxray|36\/100|[from] Leech Seed|[of] p2b: Rosetta\n|-heal|p2b: Rosetta|96\/100|[silent]\n|upkeep\n|turn|17\n|inactive|Codameron has 10 seconds left this turn.\n|inactive|Codameron has 5 seconds left.\n|-message|Codameron lost due to inactivity.\n|\n|win|duff72\n|raw|duff72's rating: 1074 → 1108<\/strong> (+34 for winning)\n|raw|Codameron's rating: 1135 → 1106<\/strong> (-29 for losing)\n|l|\u2606duff72\n","uploadtime":1682142001,"views":14,"p1id":"duff72","p2id":"codameron","formatid":"gen9vgc2023regulationc","rating":1106,"private":0,"password":""}