{"id":"gen9vgc2023regulationc-1859795612","p1":"NeUnderTown","p2":"zacherybarrows","format":"[Gen 9] VGC 2023 Regulation C","log":"|j|\u2606NeUnderTown\n|j|\u2606zacherybarrows\n|t:|1683565211\n|gametype|doubles\n|player|p1|NeUnderTown|lusamine-nihilego|1088\n|player|p2|zacherybarrows|ethan|1164\n|teamsize|p1|6\n|teamsize|p2|6\n|gen|9\n|tier|[Gen 9] VGC 2023 Regulation C\n|rated|\n|rule|Species Clause: Limit one of each Pok\u00e9mon\n|rule|Item Clause: Limit one of each item\n|clearpoke\n|poke|p1|Klefki, L50, F|\n|poke|p1|Tyranitar, L50, M|\n|poke|p1|Kingambit, L50, M|\n|poke|p1|Gholdengo, L50|\n|poke|p1|Talonflame, L50, F|\n|poke|p1|Arboliva, L50, F|\n|poke|p2|Palafin, L50, M|\n|poke|p2|Flutter Mane, L50|\n|poke|p2|Dragonite, L50, M|\n|poke|p2|Amoonguss, L50, F|\n|poke|p2|Chien-Pao, L50|\n|poke|p2|Ting-Lu, L50|\n|teampreview|4\nNeUnderTown rejected open team sheets.\n|inactive|Battle timer is ON: inactive players will automatically lose when time's up. (requested by NeUnderTown)\n|\n|t:|1683565257\n|start\n|switch|p1a: Kingambit|Kingambit, L50, M|100\/100\n|switch|p1b: Talonflame|Talonflame, L50, F|100\/100\n|switch|p2a: Palafin|Palafin, L50, M|100\/100\n|switch|p2b: Dragonite|Dragonite, L50, M, shiny|100\/100\n|turn|1\n|\n|t:|1683565276\n|detailschange|p2a: Palafin|Palafin-Hero, L50, M\n|switch|p2a: Amoonguss|Amoonguss, L50, F|100\/100\n|move|p1a: Kingambit|Sucker Punch|p2b: Dragonite\n|-damage|p2b: Dragonite|81\/100\n|move|p1b: Talonflame|Will-O-Wisp|p2a: Amoonguss\n|-status|p2a: Amoonguss|brn\n|move|p2b: Dragonite|Dragon Claw|p1b: Talonflame\n|-damage|p1b: Talonflame|28\/100\n|\n|-damage|p2a: Amoonguss|95\/100 brn|[from] brn\n|upkeep\n|turn|2\n|inactive|NeUnderTown has 30 seconds left.\n|\n|t:|1683565304\n|move|p1b: Talonflame|Quick Guard|p1b: Talonflame\n|-singleturn|p1b: Talonflame|Quick Guard\n|move|p2b: Dragonite|Extreme Speed|p1b: Talonflame\n|-activate|p1b: Talonflame|move: Quick Guard\n|move|p1a: Kingambit|Kowtow Cleave|p2b: Dragonite\n|-damage|p2b: Dragonite|35\/100\n|move|p2a: Amoonguss|Spore|p1a: Kingambit\n|-status|p1a: Kingambit|slp|[from] move: Spore\n|\n|-damage|p2a: Amoonguss|89\/100 brn|[from] brn\n|upkeep\n|turn|3\n|\n|t:|1683565322\n|move|p2b: Dragonite|Extreme Speed|p1b: Talonflame\n|-damage|p1b: Talonflame|0 fnt\n|faint|p1b: Talonflame\n|cant|p1a: Kingambit|slp\n|move|p2a: Amoonguss|Pollen Puff|p2b: Dragonite\n|-heal|p2b: Dragonite|85\/100\n|\n|-damage|p2a: Amoonguss|83\/100 brn|[from] brn\n|upkeep\n|\n|t:|1683565334\n|switch|p1b: Tyranitar|Tyranitar, L50, M|100\/100\n|-weather|Sandstorm|[from] ability: Sand Stream|[of] p1b: Tyranitar\n|turn|4\n|\n|t:|1683565349\n|-terastallize|p2b: Dragonite|Steel\n|move|p2b: Dragonite|Tera Blast|p1b: Tyranitar\n|-supereffective|p1b: Tyranitar\n|-damage|p1b: Tyranitar|25\/100\n|move|p1b: Tyranitar|Rock Slide|p2a: Amoonguss|[spread] p2a\n|-miss|p1b: Tyranitar|p2b: Dragonite\n|-damage|p2a: Amoonguss|46\/100 brn\n|-enditem|p2a: Amoonguss|Sitrus Berry|[eat]\n|-heal|p2a: Amoonguss|71\/100 brn|[from] item: Sitrus Berry\n|cant|p1a: Kingambit|slp\n|cant|p2a: Amoonguss|flinch\n|\n|-weather|Sandstorm|[upkeep]\n|-damage|p2a: Amoonguss|65\/100 brn|[from] Sandstorm\n|-damage|p2a: Amoonguss|59\/100 brn|[from] brn\n|upkeep\n|turn|5\n|\n|t:|1683565370\n|move|p2b: Dragonite|Fire Punch|p1a: Kingambit\n|-supereffective|p1a: Kingambit\n|-damage|p1a: Kingambit|55\/100 slp\n|move|p1b: Tyranitar|Rock Slide|p2b: Dragonite|[spread] p2a\n|-miss|p1b: Tyranitar|p2b: Dragonite\n|-damage|p2a: Amoonguss|19\/100 brn\n|cant|p1a: Kingambit|slp\n|move|p2a: Amoonguss|Spore|p1b: Tyranitar\n|-status|p1b: Tyranitar|slp|[from] move: Spore\n|\n|-weather|Sandstorm|[upkeep]\n|-damage|p2a: Amoonguss|13\/100 brn|[from] Sandstorm\n|-damage|p2a: Amoonguss|7\/100 brn|[from] brn\n|upkeep\n|turn|6\n|\n|t:|1683565389\n|switch|p2a: Palafin|Palafin-Hero, L50, M|100\/100\n|-activate|p2a: Palafin|ability: Zero to Hero\n|move|p2b: Dragonite|Fire Punch|p1a: Kingambit\n|-supereffective|p1a: Kingambit\n|-damage|p1a: Kingambit|14\/100 slp\n|cant|p1b: Tyranitar|slp\n|-curestatus|p1a: Kingambit|slp|[msg]\n|move|p1a: Kingambit|Low Kick|p2b: Dragonite\n|-supereffective|p2b: Dragonite\n|-damage|p2b: Dragonite|0 fnt\n|faint|p2b: Dragonite\n|\n|-weather|Sandstorm|[upkeep]\n|-damage|p2a: Palafin|95\/100|[from] Sandstorm\n|upkeep\n|\n|t:|1683565405\n|switch|p2b: Amoonguss|Amoonguss, L50, F|40\/100 brn\n|turn|7\n|\n|t:|1683565418\n|move|p2a: Palafin|Jet Punch|p1a: Kingambit\n|-damage|p1a: Kingambit|0 fnt\n|faint|p1a: Kingambit\n|cant|p1b: Tyranitar|slp\n|move|p2b: Amoonguss|Leaf Storm|p1b: Tyranitar\n|-supereffective|p1b: Tyranitar\n|-damage|p1b: Tyranitar|0 fnt\n|-unboost|p2b: Amoonguss|spa|2\n|faint|p1b: Tyranitar\n|\n|-weather|Sandstorm|[upkeep]\n|-damage|p2a: Palafin|89\/100|[from] Sandstorm\n|-damage|p2b: Amoonguss|34\/100 brn|[from] Sandstorm\n|-damage|p2b: Amoonguss|28\/100 brn|[from] brn\n|upkeep\n|\n|t:|1683565426\n|switch|p1a: Arboliva|Arboliva, L50, F|100\/100\n|turn|8\n|\n|t:|1683565438\n|-terastallize|p1a: Arboliva|Water\n|move|p2a: Palafin|Ice Punch|p1a: Arboliva\n|-resisted|p1a: Arboliva\n|-damage|p1a: Arboliva|82\/100\n|move|p1a: Arboliva|Energy Ball|p2a: Palafin\n|-supereffective|p2a: Palafin\n|-damage|p2a: Palafin|8\/100\n|move|p2b: Amoonguss|Pollen Puff|p2a: Palafin\n|-heal|p2a: Palafin|58\/100\n|\n|-weather|none\n|-damage|p2b: Amoonguss|22\/100 brn|[from] brn\n|upkeep\n|turn|9\n|\n|t:|1683565460\n|move|p2a: Palafin|Wave Crash|p1a: Arboliva\n|-resisted|p1a: Arboliva\n|-damage|p1a: Arboliva|34\/100\n|-enditem|p1a: Arboliva|Sitrus Berry|[eat]\n|-heal|p1a: Arboliva|59\/100|[from] item: Sitrus Berry\n|-damage|p2a: Palafin|43\/100|[from] Recoil\n|move|p1a: Arboliva|Leech Seed|p2a: Palafin\n|-start|p2a: Palafin|move: Leech Seed\n|move|p2b: Amoonguss|Leaf Storm|p1a: Arboliva|[miss]\n|-miss|p2b: Amoonguss|p1a: Arboliva\n|\n|-damage|p2a: Palafin|31\/100|[from] Leech Seed|[of] p1a: Arboliva\n|-heal|p1a: Arboliva|73\/100|[silent]\n|-damage|p2b: Amoonguss|16\/100 brn|[from] brn\n|upkeep\n|turn|10\n|\n|t:|1683565474\n|move|p1a: Arboliva|Protect|p1a: Arboliva\n|-singleturn|p1a: Arboliva|Protect\n|move|p2a: Palafin|Wave Crash|p1a: Arboliva\n|-activate|p1a: Arboliva|move: Protect\n|move|p2b: Amoonguss|Leaf Storm|p1a: Arboliva\n|-activate|p1a: Arboliva|move: Protect\n|\n|-damage|p2a: Palafin|19\/100|[from] Leech Seed|[of] p1a: Arboliva\n|-heal|p1a: Arboliva|86\/100|[silent]\n|-damage|p2b: Amoonguss|10\/100 brn|[from] brn\n|-item|p1a: Arboliva|Sitrus Berry|[from] ability: Harvest\n|upkeep\n|turn|11\n|\n|t:|1683565490\n|move|p2a: Palafin|Wave Crash|p1a: Arboliva\n|-resisted|p1a: Arboliva\n|-damage|p1a: Arboliva|37\/100\n|-enditem|p1a: Arboliva|Sitrus Berry|[eat]\n|-heal|p1a: Arboliva|62\/100|[from] item: Sitrus Berry\n|-damage|p2a: Palafin|5\/100|[from] Recoil\n|move|p1a: Arboliva|Strength Sap|p2a: Palafin\n|-unboost|p2a: Palafin|atk|1\n|-heal|p1a: Arboliva|100\/100\n|move|p2b: Amoonguss|Spore|p1a: Arboliva\n|-status|p1a: Arboliva|slp|[from] move: Spore\n|\n|-damage|p2a: Palafin|0 fnt|[from] Leech Seed|[of] p1a: Arboliva\n|faint|p2a: Palafin\n|-damage|p2b: Amoonguss|5\/100 brn|[from] brn\n|-item|p1a: Arboliva|Sitrus Berry|[from] ability: Harvest\n|upkeep\n|c|\u2606NeUnderTown|lol\n|\n|t:|1683565506\n|switch|p2a: Flutter Mane|Flutter Mane, L50, shiny|100\/100\n|turn|12\n|\n|t:|1683565514\n|cant|p1a: Arboliva|slp\n|move|p2a: Flutter Mane|Moonblast|p1a: Arboliva\n|-damage|p1a: Arboliva|53\/100 slp\n|-unboost|p1a: Arboliva|spa|1\n|move|p2b: Amoonguss|Leaf Storm|p1a: Arboliva\n|-supereffective|p1a: Arboliva\n|-damage|p1a: Arboliva|27\/100 slp\n|-unboost|p2b: Amoonguss|spa|2\n|-enditem|p1a: Arboliva|Sitrus Berry|[eat]\n|-heal|p1a: Arboliva|52\/100 slp|[from] item: Sitrus Berry\n|\n|-damage|p2b: Amoonguss|0 fnt|[from] brn\n|faint|p2b: Amoonguss\n|-item|p1a: Arboliva|Sitrus Berry|[from] ability: Harvest\n|upkeep\n|turn|13\n|\n|t:|1683565530\n|cant|p1a: Arboliva|slp\n|move|p2a: Flutter Mane|Moonblast|p1a: Arboliva\n|-damage|p1a: Arboliva|1\/100 slp\n|-enditem|p1a: Arboliva|Sitrus Berry|[eat]\n|-heal|p1a: Arboliva|26\/100 slp|[from] item: Sitrus Berry\n|\n|-item|p1a: Arboliva|Sitrus Berry|[from] ability: Harvest\n|upkeep\n|-enditem|p1a: Arboliva|Sitrus Berry|[eat]\n|-heal|p1a: Arboliva|51\/100 slp|[from] item: Sitrus Berry\n|turn|14\n|c|\u2606zacherybarrows|arboliva craaaaazy\n|\n|t:|1683565546\n|cant|p1a: Arboliva|slp\n|move|p2a: Flutter Mane|Moonblast|p1a: Arboliva\n|-damage|p1a: Arboliva|0 fnt\n|faint|p1a: Arboliva\n|\n|win|zacherybarrows\n|raw|NeUnderTown's rating: 1088 → 1070<\/strong> (-18 for losing)\n|raw|zacherybarrows's rating: 1164 → 1184<\/strong> (+20 for winning)\n|c|\u2606NeUnderTown|wp\n|c|\u2606zacherybarrows|g\n|c|\u2606zacherybarrows|g\n|l|\u2606NeUnderTown\n","uploadtime":1683565561,"views":4,"p1id":"neundertown","p2id":"zacherybarrows","formatid":"gen9vgc2023regulationc","rating":1070,"private":0,"password":""}