{"id":"gen9vgc2023regulationc-1846730251","p1":"That_Leek","p2":"Ricardo Randorez","format":"[Gen 9] VGC 2023 Regulation C","log":"|j|\u2606That_Leek\n|j|\u2606Ricardo Randorez\n|t:|1681871191\n|gametype|doubles\n|player|p1|That_Leek|blue|1137\n|player|p2|Ricardo Randorez|170|1196\n|teamsize|p1|6\n|teamsize|p2|6\n|gen|9\n|tier|[Gen 9] VGC 2023 Regulation C\n|rated|\n|rule|Species Clause: Limit one of each Pok\u00e9mon\n|rule|Item Clause: Limit one of each item\n|clearpoke\n|poke|p1|Tyranitar, L50, F|\n|poke|p1|Gyarados, L50, F|\n|poke|p1|Scizor, L50, F|\n|poke|p1|Sandy Shocks, L50|\n|poke|p1|Amoonguss, L50, F|\n|poke|p1|Flutter Mane, L50|\n|poke|p2|Gyarados, L50, F|\n|poke|p2|Arcanine, L50, M|\n|poke|p2|Dragonite, L50, M|\n|poke|p2|Great Tusk, L50|\n|poke|p2|Iron Jugulis, L50|\n|poke|p2|Chien-Pao, L50|\n|teampreview|4\n|inactive|Battle timer is ON: inactive players will automatically lose when time's up. (requested by Ricardo Randorez)\nThat_Leek has agreed to open team sheets.\n|\n|t:|1681871234\n|start\n|switch|p1a: Sandy Shocks|Sandy Shocks, L50|100\/100\n|switch|p1b: Amoonguss|Amoonguss, L50, F|100\/100\n|switch|p2a: Iron Jugulis|Iron Jugulis, L50|100\/100\n|switch|p2b: Great Tusk|Great Tusk, L50|100\/100\n|-enditem|p2a: Iron Jugulis|Booster Energy\n|-activate|p2a: Iron Jugulis|ability: Quark Drive|[fromitem]\n|-start|p2a: Iron Jugulis|quarkdrivespe\n|turn|1\n|\n|t:|1681871256\n|-end|p1a: Sandy Shocks|Protosynthesis|[silent]\n|switch|p1a: Gyarados|Gyarados, L50, F|100\/100\n|-ability|p1a: Gyarados|Intimidate|boost\n|-unboost|p2a: Iron Jugulis|atk|1\n|-unboost|p2b: Great Tusk|atk|1\n|-terastallize|p2b: Great Tusk|Ground\n|move|p2a: Iron Jugulis|Tailwind|p2a: Iron Jugulis\n|-sidestart|p2: Ricardo Randorez|move: Tailwind\n|move|p2b: Great Tusk|Earthquake|p1a: Gyarados|[spread] p1b\n|-immune|p2a: Iron Jugulis\n|-immune|p1a: Gyarados\n|-crit|p1b: Amoonguss\n|-damage|p1b: Amoonguss|35\/100\n|move|p1b: Amoonguss|Spore|p2b: Great Tusk\n|-status|p2b: Great Tusk|slp|[from] move: Spore\n|\n|upkeep\n|turn|2\n|\n|t:|1681871279\n|move|p2a: Iron Jugulis|Air Slash|p1b: Amoonguss\n|-supereffective|p1b: Amoonguss\n|-damage|p1b: Amoonguss|0 fnt\n|faint|p1b: Amoonguss\n|cant|p2b: Great Tusk|slp\n|move|p1a: Gyarados|Dragon Dance|p1a: Gyarados\n|-boost|p1a: Gyarados|atk|1\n|-boost|p1a: Gyarados|spe|1\n|\n|upkeep\n|\n|t:|1681871289\n|switch|p1b: Tyranitar|Tyranitar, L50, F|100\/100\n|-weather|Sandstorm|[from] ability: Sand Stream|[of] p1b: Tyranitar\n|turn|3\n|\n|t:|1681871303\n|-terastallize|p1b: Tyranitar|Flying\n|move|p2a: Iron Jugulis|Air Slash|p1a: Gyarados\n|-damage|p1a: Gyarados|66\/100\n|-curestatus|p2b: Great Tusk|slp|[msg]\n|move|p2b: Great Tusk|Rock Slide|p1a: Gyarados|[spread] p1a,p1b\n|-supereffective|p1a: Gyarados\n|-supereffective|p1b: Tyranitar\n|-damage|p1a: Gyarados|39\/100\n|-damage|p1b: Tyranitar|78\/100\n|move|p1a: Gyarados|Dragon Dance|p1a: Gyarados\n|-boost|p1a: Gyarados|atk|1\n|-boost|p1a: Gyarados|spe|1\n|move|p1b: Tyranitar|Crunch|p2b: Great Tusk\n|-damage|p2b: Great Tusk|64\/100\n|-unboost|p2b: Great Tusk|def|1\n|\n|-weather|Sandstorm|[upkeep]\n|-damage|p2a: Iron Jugulis|94\/100|[from] Sandstorm\n|-damage|p1b: Tyranitar|72\/100|[from] Sandstorm\n|upkeep\n|turn|4\n|inactive|Ricardo Randorez has 30 seconds left.\n|\n|t:|1681871329\n|move|p1a: Gyarados|Protect|p1a: Gyarados\n|-singleturn|p1a: Gyarados|Protect\n|move|p2a: Iron Jugulis|Air Slash|p1a: Gyarados\n|-activate|p1a: Gyarados|move: Protect\n|move|p2b: Great Tusk|Rock Slide|p1b: Tyranitar|[spread] p1b\n|-activate|p1a: Gyarados|move: Protect\n|-supereffective|p1b: Tyranitar\n|-damage|p1b: Tyranitar|50\/100\n|move|p1b: Tyranitar|Rock Slide|p2a: Iron Jugulis|[spread] p2a,p2b\n|-supereffective|p2a: Iron Jugulis\n|-crit|p2a: Iron Jugulis\n|-resisted|p2b: Great Tusk\n|-crit|p2b: Great Tusk\n|-damage|p2a: Iron Jugulis|0 fnt\n|-damage|p2b: Great Tusk|35\/100\n|faint|p2a: Iron Jugulis\n|-end|p2a: Iron Jugulis|Quark Drive|[silent]\n|\n|-weather|Sandstorm|[upkeep]\n|-damage|p1b: Tyranitar|44\/100|[from] Sandstorm\n|-sideend|p2: Ricardo Randorez|move: Tailwind\n|upkeep\n|\n|t:|1681871332\n|switch|p2a: Dragonite|Dragonite, L50, M|100\/100\n|turn|5\n|\n|t:|1681871355\n|-end|p2b: Great Tusk|Protosynthesis|[silent]\n|switch|p2b: Chien-Pao|Chien-Pao, L50|100\/100\n|-ability|p2b: Chien-Pao|Sword of Ruin\n|move|p2a: Dragonite|Extreme Speed|p1a: Gyarados\n|-damage|p1a: Gyarados|0 fnt\n|faint|p1a: Gyarados\n|move|p1b: Tyranitar|Rock Slide|p2a: Dragonite|[spread] p2a,p2b\n|-supereffective|p2a: Dragonite\n|-crit|p2a: Dragonite\n|-supereffective|p2b: Chien-Pao\n|-damage|p2a: Dragonite|0 fnt\n|-damage|p2b: Chien-Pao|18\/100\n|faint|p2a: Dragonite\n|\n|-weather|Sandstorm|[upkeep]\n|-damage|p2b: Chien-Pao|12\/100|[from] Sandstorm\n|-damage|p1b: Tyranitar|39\/100|[from] Sandstorm\n|upkeep\n|\n|t:|1681871373\n|switch|p1a: Sandy Shocks|Sandy Shocks, L50|100\/100\n|switch|p2a: Great Tusk|Great Tusk, L50, tera:Ground|35\/100\n|turn|6\n|\n|t:|1681871398\n|move|p2b: Chien-Pao|Ice Spinner|p1a: Sandy Shocks\n|-supereffective|p1a: Sandy Shocks\n|-damage|p1a: Sandy Shocks|0 fnt\n|faint|p1a: Sandy Shocks\n|-end|p1a: Sandy Shocks|Protosynthesis|[silent]\n|move|p2a: Great Tusk|Close Combat|p1b: Tyranitar\n|-resisted|p1b: Tyranitar\n|-damage|p1b: Tyranitar|2\/100\n|-unboost|p2a: Great Tusk|def|1\n|-unboost|p2a: Great Tusk|spd|1\n|move|p1b: Tyranitar|Crunch|p2a: Great Tusk\n|-damage|p2a: Great Tusk|0 fnt\n|faint|p2a: Great Tusk\n|-end|p2a: Great Tusk|Protosynthesis|[silent]\n|\n|-weather|Sandstorm|[upkeep]\n|-damage|p2b: Chien-Pao|6\/100|[from] Sandstorm\n|-damage|p1b: Tyranitar|0 fnt|[from] Sandstorm\n|faint|p1b: Tyranitar\n|\n|win|Ricardo Randorez\n|upkeep\n|raw|That_Leek's rating: 1137 → 1116<\/strong> (-21 for losing)\n|raw|Ricardo Randorez's rating: 1196 → 1217<\/strong> (+21 for winning)\n|l|\u2606That_Leek\n","uploadtime":1681871419,"views":6,"p1id":"thatleek","p2id":"ricardorandorez","formatid":"gen9vgc2023regulationc","rating":1116,"private":0,"password":""}