{"id":"gen9vgc2023regulationc-1858267609","p1":"Pic1070","p2":"Qwhehey","format":"[Gen 9] VGC 2023 Regulation C","log":"|j|\u2606Pic1070\n|j|\u2606Qwhehey\n|t:|1683296921\n|gametype|doubles\n|player|p1|Pic1070|265|1058\n|player|p2|Qwhehey|170|1064\n|teamsize|p1|6\n|teamsize|p2|6\n|gen|9\n|tier|[Gen 9] VGC 2023 Regulation C\n|rated|\n|rule|Species Clause: Limit one of each Pok\u00e9mon\n|rule|Item Clause: Limit one of each item\n|clearpoke\n|poke|p1|Gholdengo, L50|\n|poke|p1|Murkrow, L50, F|\n|poke|p1|Arcanine, L50, F|\n|poke|p1|Gastrodon-East, L50, F|\n|poke|p1|Dragapult, L50, F|\n|poke|p1|Meowscarada, L50, M|\n|poke|p2|Kingambit, L50, M|\n|poke|p2|Misdreavus, L50, M|\n|poke|p2|Glalie, L50, M|\n|poke|p2|Dragonite, L50, M|\n|poke|p2|Talonflame, L50, M|\n|poke|p2|Hippowdon, L50, M|\n|teampreview|4\n|l|\u2606Pic1070\n|player|p1|\n|j|\u2606Pic1070\n|player|p1|Pic1070|265\n|inactive|Battle timer is ON: inactive players will automatically lose when time's up. (requested by Qwhehey)\n|\n|t:|1683297019\n|start\n|switch|p1a: Murkrow|Murkrow, L50, F, shiny|100\/100\n|switch|p1b: Arcanine|Arcanine, L50, F|100\/100\n|switch|p2a: Talonflame|Talonflame, L50, M, shiny|100\/100\n|switch|p2b: Kingambit|Kingambit, L50, M, shiny|100\/100\n|-ability|p1b: Arcanine|Intimidate|boost\n|-unboost|p2a: Talonflame|atk|1\n|-unboost|p2b: Kingambit|atk|1\n|-ability|p2b: Kingambit|Defiant|boost\n|-boost|p2b: Kingambit|atk|2\n|turn|1\n|inactive|Qwhehey has 30 seconds left.\n|\n|t:|1683297048\n|move|p1b: Arcanine|Extreme Speed|p2a: Talonflame\n|-damage|p2a: Talonflame|65\/100\n|move|p1a: Murkrow|Taunt|p2a: Talonflame\n|-start|p2a: Talonflame|move: Taunt\n|cant|p2a: Talonflame|move: Taunt|Tailwind\n|move|p2b: Kingambit|Guillotine|p1b: Arcanine\n|-damage|p1b: Arcanine|0 fnt\n|faint|p1b: Arcanine\n|-ohko\n|\n|upkeep\n|inactive|Pic1070 has 30 seconds left.\n|\n|t:|1683297074\n|switch|p1b: Dragapult|Dragapult, L50, F|100\/100\n|turn|2\n|\n|t:|1683297090\n|move|p1a: Murkrow|Tailwind|p1a: Murkrow\n|-sidestart|p1: Pic1070|move: Tailwind\n|move|p1b: Dragapult|Will-O-Wisp|p2b: Kingambit\n|-status|p2b: Kingambit|brn\n|move|p2a: Talonflame|Flare Blitz|p1a: Murkrow\n|-damage|p1a: Murkrow|59\/100\n|-damage|p2a: Talonflame|50\/100|[from] Recoil\n|move|p2b: Kingambit|Kowtow Cleave|p1b: Dragapult\n|-supereffective|p1b: Dragapult\n|-damage|p1b: Dragapult|4\/100\n|\n|-damage|p2b: Kingambit|95\/100 brn|[from] brn\n|upkeep\n|turn|3\n|\n|t:|1683297109\n|move|p1b: Dragapult|Protect|p1b: Dragapult\n|-singleturn|p1b: Dragapult|Protect\n|move|p1a: Murkrow|Foul Play|p2b: Kingambit\n|-resisted|p2b: Kingambit\n|-damage|p2b: Kingambit|63\/100 brn\n|move|p2a: Talonflame|Flare Blitz|p1b: Dragapult\n|-activate|p1b: Dragapult|move: Protect\n|move|p2b: Kingambit|Facade|p1a: Murkrow\n|-damage|p1a: Murkrow|0 fnt\n|faint|p1a: Murkrow\n|\n|-damage|p2b: Kingambit|57\/100 brn|[from] brn\n|-end|p2a: Talonflame|move: Taunt\n|upkeep\n|\n|t:|1683297124\n|switch|p1a: Meowscarada|Meowscarada, L50, M|100\/100\n|turn|4\n|inactive|Qwhehey has 30 seconds left.\n|\n|t:|1683297149\n|-terastallize|p1a: Meowscarada|Grass\n|move|p1b: Dragapult|Draco Meteor|p2a: Talonflame\n|-damage|p2a: Talonflame|0 fnt\n|-unboost|p1b: Dragapult|spa|2\n|faint|p2a: Talonflame\n|-damage|p1b: Dragapult|0 fnt|[from] item: Life Orb\n|faint|p1b: Dragapult\n|move|p1a: Meowscarada|Flower Trick|p2b: Kingambit\n|-resisted|p2b: Kingambit\n|-crit|p2b: Kingambit\n|-damage|p2b: Kingambit|27\/100 brn\n|move|p2b: Kingambit|Guillotine|p1a: Meowscarada|[miss]\n|-miss|p2b: Kingambit|p1a: Meowscarada\n|\n|-damage|p2b: Kingambit|21\/100 brn|[from] brn\n|upkeep\n|\n|t:|1683297163\n|switch|p2a: Glalie|Glalie, L50, M, shiny|100\/100\n|turn|5\n|\n|t:|1683297174\n|move|p1a: Meowscarada|Flower Trick|p2a: Glalie\n|-crit|p2a: Glalie\n|-damage|p2a: Glalie|26\/100\n|move|p2a: Glalie|Sheer Cold|p1a: Meowscarada|[miss]\n|-miss|p2a: Glalie|p1a: Meowscarada\n|move|p2b: Kingambit|Facade|p1a: Meowscarada\n|-enditem|p1a: Meowscarada|Focus Sash\n|-damage|p1a: Meowscarada|1\/100\n|\n|-heal|p2a: Glalie|31\/100|[from] item: Leftovers\n|-damage|p2b: Kingambit|15\/100 brn|[from] brn\n|-sideend|p1: Pic1070|move: Tailwind\n|-ability|p2a: Glalie|Moody|boost\n|-boost|p2a: Glalie|spe|2\n|-unboost|p2a: Glalie|atk|1\n|upkeep\n|turn|6\n|\n|t:|1683297198\n|move|p2a: Glalie|Sheer Cold|p1a: Meowscarada\n|-damage|p1a: Meowscarada|0 fnt\n|faint|p1a: Meowscarada\n|-ohko\n|\n|win|Qwhehey\n|raw|Pic1070's rating: 1058 → 1040<\/strong> (-18 for losing)\n|raw|Qwhehey's rating: 1064 → 1094<\/strong> (+30 for winning)\n|l|\u2606Qwhehey\n|c|\u2606Pic1070|Gimmick team\n|l|\u2606Pic1070\n|j|\u2606Pic1070\n|player|p1|Pic1070|265\n","uploadtime":1683297380,"views":3,"p1id":"pic1070","p2id":"qwhehey","formatid":"gen9vgc2023regulationc","rating":1040,"private":0,"password":""}