{"id":"gen9vgc2023regulationc-1854855292","p1":"XinBluQAQ","p2":"nickbucky","format":"[Gen 9] VGC 2023 Regulation C","log":"|j|\u2606XinBluQAQ\n|j|\u2606nickbucky\n|t:|1682873739\n|gametype|doubles\n|player|p1|XinBluQAQ|shadowtriad|1287\n|player|p2|nickbucky|1|1364\n|teamsize|p1|6\n|teamsize|p2|6\n|gen|9\n|tier|[Gen 9] VGC 2023 Regulation C\n|rated|\n|rule|Species Clause: Limit one of each Pok\u00e9mon\n|rule|Item Clause: Limit one of each item\n|clearpoke\n|poke|p1|Iron Bundle, L50|\n|poke|p1|Iron Hands, L50|\n|poke|p1|Garchomp, L50, M|\n|poke|p1|Chien-Pao, L50|\n|poke|p1|Ting-Lu, L50|\n|poke|p1|Flutter Mane, L50|\n|poke|p2|Amoonguss, L50, M|\n|poke|p2|Palafin, L50, F|\n|poke|p2|Arcanine, L50, F|\n|poke|p2|Ting-Lu, L50|\n|poke|p2|Flutter Mane, L50|\n|poke|p2|Iron Hands, L50|\n|teampreview|4\n|inactive|Battle timer is ON: inactive players will automatically lose when time's up. (requested by nickbucky)\n|\n|t:|1682873765\n|start\n|switch|p1a: Ting-Lu|Ting-Lu, L50|100\/100\n|switch|p1b: Chien-Pao|Chien-Pao, L50|100\/100\n|switch|p2a: Palafin|Palafin, L50, F|100\/100\n|switch|p2b: Flutter Mane|Flutter Mane, L50|100\/100\n|-ability|p1b: Chien-Pao|Sword of Ruin\n|-ability|p1a: Ting-Lu|Vessel of Ruin\n|turn|1\n|inactive|nickbucky has 30 seconds left.\n|\n|t:|1682873798\n|-terastallize|p2b: Flutter Mane|Fairy\n|-terastallize|p1a: Ting-Lu|Poison\n|move|p1b: Chien-Pao|Protect|p1b: Chien-Pao\n|-singleturn|p1b: Chien-Pao|Protect\n|move|p2b: Flutter Mane|Dazzling Gleam|p1a: Ting-Lu|[spread] p1a\n|-activate|p1b: Chien-Pao|move: Protect\n|-resisted|p1a: Ting-Lu\n|-damage|p1a: Ting-Lu|81\/100\n|move|p2a: Palafin|Wave Crash|p1a: Ting-Lu\n|-damage|p1a: Ting-Lu|40\/100\n|-damage|p2a: Palafin|80\/100|[from] Recoil\n|move|p1a: Ting-Lu|Heavy Slam|p2b: Flutter Mane\n|-supereffective|p2b: Flutter Mane\n|-damage|p2b: Flutter Mane|0 fnt\n|faint|p2b: Flutter Mane\n|-end|p2b: Flutter Mane|Protosynthesis|[silent]\n|\n|upkeep\n|\n|t:|1682873819\n|switch|p2b: Iron Hands|Iron Hands, L50|100\/100\n|turn|2\n|\n|t:|1682873838\n|switch|p1b: Flutter Mane|Flutter Mane, L50|100\/100\n|detailschange|p2a: Palafin|Palafin-Hero, L50, F\n|switch|p2a: Amoonguss|Amoonguss, L50, M|100\/100\n|move|p1a: Ting-Lu|Protect|p1a: Ting-Lu\n|-singleturn|p1a: Ting-Lu|Protect\n|move|p2b: Iron Hands|Drain Punch|p1b: Flutter Mane\n|-immune|p1b: Flutter Mane\n|\n|upkeep\n|turn|3\n|\n|t:|1682873861\n|move|p2b: Iron Hands|Protect|p2b: Iron Hands\n|-singleturn|p2b: Iron Hands|Protect\n|move|p1b: Flutter Mane|Psyshock|p2a: Amoonguss\n|-supereffective|p2a: Amoonguss\n|-crit|p2a: Amoonguss\n|-damage|p2a: Amoonguss|27\/100\n|move|p1a: Ting-Lu|Stomping Tantrum|p2a: Amoonguss\n|-damage|p2a: Amoonguss|0 fnt\n|faint|p2a: Amoonguss\n|\n|upkeep\n|\n|t:|1682873869\n|switch|p2a: Palafin|Palafin-Hero, L50, F|80\/100\n|-activate|p2a: Palafin|ability: Zero to Hero\n|turn|4\n|inactive|XinBluQAQ has 30 seconds left.\n|\n|t:|1682873896\n|-end|p1b: Flutter Mane|Protosynthesis|[silent]\n|switch|p1b: Garchomp|Garchomp, L50, M|100\/100\n|move|p2a: Palafin|Jet Punch|p1b: Garchomp\n|-damage|p1b: Garchomp|50\/100\n|-damage|p2a: Palafin|68\/100|[from] ability: Rough Skin|[of] p1b: Garchomp\n|move|p2b: Iron Hands|Wild Charge|p1a: Ting-Lu\n|-damage|p1a: Ting-Lu|9\/100\n|-damage|p2b: Iron Hands|93\/100|[from] Recoil\n|move|p1a: Ting-Lu|Stomping Tantrum|p2b: Iron Hands\n|-supereffective|p2b: Iron Hands\n|-damage|p2b: Iron Hands|39\/100\n|\n|upkeep\n|turn|5\n|\n|t:|1682873911\n|move|p1a: Ting-Lu|Protect|p1a: Ting-Lu\n|-singleturn|p1a: Ting-Lu|Protect\n|move|p2a: Palafin|Jet Punch|p1b: Garchomp\n|-damage|p1b: Garchomp|0 fnt\n|-damage|p2a: Palafin|57\/100|[from] ability: Rough Skin|[of] p1b: Garchomp\n|faint|p1b: Garchomp\n|move|p2b: Iron Hands|Wild Charge|p1a: Ting-Lu\n|-activate|p1a: Ting-Lu|move: Protect\n|\n|upkeep\n|\n|t:|1682873930\n|switch|p1b: Flutter Mane|Flutter Mane, L50|100\/100\n|turn|6\n|inactive|XinBluQAQ has 30 seconds left.\n|\n|t:|1682873963\n|move|p2a: Palafin|Jet Punch|p1b: Flutter Mane\n|-damage|p1b: Flutter Mane|26\/100\n|move|p1b: Flutter Mane|Moonblast|p2a: Palafin\n|-damage|p2a: Palafin|0 fnt\n|faint|p2a: Palafin\n|move|p2b: Iron Hands|Wild Charge|p1a: Ting-Lu\n|-damage|p1a: Ting-Lu|0 fnt\n|faint|p1a: Ting-Lu\n|-damage|p2b: Iron Hands|37\/100|[from] Recoil\n|\n|upkeep\n|\n|t:|1682873966\n|switch|p1a: Chien-Pao|Chien-Pao, L50|100\/100\n|-ability|p1a: Chien-Pao|Sword of Ruin\n|turn|7\n|\n|t:|1682873974\n|move|p2b: Iron Hands|Protect|p2b: Iron Hands\n|-singleturn|p2b: Iron Hands|Protect\n|move|p1a: Chien-Pao|Ice Spinner|p2b: Iron Hands\n|-activate|p2b: Iron Hands|move: Protect\n|move|p1b: Flutter Mane|Moonblast|p2b: Iron Hands\n|-activate|p2b: Iron Hands|move: Protect\n|\n|upkeep\n|turn|8\n|\n|t:|1682873978\n|move|p1a: Chien-Pao|Ice Spinner|p2b: Iron Hands\n|-damage|p2b: Iron Hands|5\/100\n|move|p1b: Flutter Mane|Moonblast|p2b: Iron Hands\n|-supereffective|p2b: Iron Hands\n|-damage|p2b: Iron Hands|0 fnt\n|faint|p2b: Iron Hands\n|-end|p2b: Iron Hands|Quark Drive|[silent]\n|\n|win|XinBluQAQ\n|raw|XinBluQAQ's rating: 1287 → 1317<\/strong> (+30 for winning)\n|raw|nickbucky's rating: 1364 → 1340<\/strong> (-24 for losing)\n|l|\u2606nickbucky\n","uploadtime":1682873991,"views":14,"p1id":"xinbluqaq","p2id":"nickbucky","formatid":"gen9vgc2023regulationc","rating":1317,"private":0,"password":""}