{"id":"gen9vgc2023regulationc-1858229320","p1":"RgAngel","p2":"Seal00","format":"[Gen 9] VGC 2023 Regulation C","log":"|j|\u2606RgAngel\n|j|\u2606Seal00\n|t:|1683293309\n|gametype|doubles\n|player|p1|RgAngel|candice|1244\n|player|p2|Seal00|169|1139\n|teamsize|p1|6\n|teamsize|p2|6\n|gen|9\n|tier|[Gen 9] VGC 2023 Regulation C\n|rated|\n|rule|Species Clause: Limit one of each Pok\u00e9mon\n|rule|Item Clause: Limit one of each item\n|clearpoke\n|poke|p1|Pelipper, L50, F|\n|poke|p1|Palafin, L50, F|\n|poke|p1|Scizor, L50, M|\n|poke|p1|Amoonguss, L50, M|\n|poke|p1|Sandy Shocks, L50|\n|poke|p1|Arcanine, L50, F|\n|poke|p2|Abomasnow, L50, F|\n|poke|p2|Iron Bundle, L50|\n|poke|p2|Baxcalibur, L50, M|\n|poke|p2|Arcanine, L50, M|\n|poke|p2|Amoonguss, L50, F|\n|poke|p2|Flutter Mane, L50|\n|teampreview|4\nRgAngel has agreed to open team sheets.\n|\n|t:|1683293335\n|start\n|switch|p1a: Arcanine|Arcanine, L50, F|100\/100\n|switch|p1b: Scizor|Scizor, L50, M|100\/100\n|switch|p2a: Mocio|Abomasnow, L50, F|100\/100\n|switch|p2b: Pingu|Iron Bundle, L50|100\/100\n|-ability|p1a: Arcanine|Intimidate|boost\n|-unboost|p2a: Mocio|atk|1\n|-unboost|p2b: Pingu|atk|1\n|-weather|Snow|[from] ability: Snow Warning|[of] p2a: Mocio\n|-enditem|p2b: Pingu|Booster Energy\n|-activate|p2b: Pingu|ability: Quark Drive|[fromitem]\n|-start|p2b: Pingu|quarkdrivespe\n|turn|1\n|\n|t:|1683293361\n|switch|p1b: Pelipper|Pelipper, L50, F, shiny|100\/100\n|-weather|RainDance|[from] ability: Drizzle|[of] p1b: Pelipper\n|-terastallize|p2a: Mocio|Ground\n|move|p1a: Arcanine|Protect|p1a: Arcanine\n|-singleturn|p1a: Arcanine|Protect\n|move|p2b: Pingu|Aurora Veil||[still]\n|-fail|p2b: Pingu\n|move|p2a: Mocio|Earth Power|p1a: Arcanine\n|-activate|p1a: Arcanine|move: Protect\n|\n|-weather|RainDance|[upkeep]\n|upkeep\n|turn|2\n|\n|t:|1683293383\n|switch|p1b: Scizor|Scizor, L50, M|100\/100\n|move|p2a: Mocio|Protect|p2a: Mocio\n|-singleturn|p2a: Mocio|Protect\n|move|p2b: Pingu|Freeze-Dry|p1b: Scizor\n|-resisted|p1b: Scizor\n|-damage|p1b: Scizor|85\/100\n|move|p1a: Arcanine|Snarl|p2a: Mocio|[spread] p2b\n|-activate|p2a: Mocio|move: Protect\n|-damage|p2b: Pingu|84\/100\n|-unboost|p2b: Pingu|spa|1\n|\n|-weather|RainDance|[upkeep]\n|upkeep\n|turn|3\n|\n|t:|1683293402\n|-end|p2b: Pingu|Quark Drive|[silent]\n|switch|p2b: Arcaninni|Arcanine, L50, M|100\/100\n|-ability|p2b: Arcaninni|Intimidate|boost\n|-unboost|p1a: Arcanine|atk|1\n|-unboost|p1b: Scizor|atk|1\n|switch|p2a: Sexcalibur|Baxcalibur, L50, M|100\/100\n|move|p1b: Scizor|Bullet Punch|p2b: Arcaninni\n|-resisted|p2b: Arcaninni\n|-damage|p2b: Arcaninni|89\/100\n|move|p1a: Arcanine|Snarl|p2b: Arcaninni|[spread] p2b\n|-miss|p1a: Arcanine|p2a: Sexcalibur\n|-damage|p2b: Arcaninni|79\/100\n|-unboost|p2b: Arcaninni|spa|1\n|\n|-weather|RainDance|[upkeep]\n|upkeep\n|turn|4\n|\n|t:|1683293428\n|-terastallize|p1b: Scizor|Fire\n|move|p1a: Arcanine|Protect|p1a: Arcanine\n|-singleturn|p1a: Arcanine|Protect\n|move|p1b: Scizor|Bullet Punch|p2a: Sexcalibur\n|-supereffective|p2a: Sexcalibur\n|-damage|p2a: Sexcalibur|62\/100\n|move|p2b: Arcaninni|Flare Blitz|p1b: Scizor\n|-resisted|p1b: Scizor\n|-damage|p1b: Scizor|72\/100\n|-damage|p2b: Arcaninni|76\/100|[from] Recoil\n|move|p2a: Sexcalibur|Brick Break|p1a: Arcanine\n|-activate|p1a: Arcanine|move: Protect\n|\n|-weather|RainDance|[upkeep]\n|upkeep\n|turn|5\n|\n|t:|1683293455\n|move|p2b: Arcaninni|Flare Blitz|p1b: Scizor\n|-resisted|p1b: Scizor\n|-damage|p1b: Scizor|60\/100\n|-damage|p2b: Arcaninni|72\/100|[from] Recoil\n|move|p1a: Arcanine|Flare Blitz|p2a: Sexcalibur\n|-crit|p2a: Sexcalibur\n|-damage|p2a: Sexcalibur|31\/100\n|-ability|p2a: Sexcalibur|Thermal Exchange|boost\n|-boost|p2a: Sexcalibur|atk|1\n|-damage|p1a: Arcanine|89\/100|[from] Recoil\n|move|p2a: Sexcalibur|Brick Break|p1a: Arcanine\n|-damage|p1a: Arcanine|39\/100\n|move|p1b: Scizor|U-turn|p2a: Sexcalibur\n|-damage|p2a: Sexcalibur|6\/100\n|\n|t:|1683293469\n|switch|p1b: Sandy Shocks|Sandy Shocks, L50|100\/100|[from] U-turn\n|-enditem|p1b: Sandy Shocks|Booster Energy\n|-activate|p1b: Sandy Shocks|ability: Protosynthesis|[fromitem]\n|-start|p1b: Sandy Shocks|protosynthesisspe\n|\n|-weather|RainDance|[upkeep]\n|upkeep\n|turn|6\n|\n|t:|1683293486\n|move|p1b: Sandy Shocks|Protect|p1b: Sandy Shocks\n|-singleturn|p1b: Sandy Shocks|Protect\n|move|p2b: Arcaninni|Extreme Speed|p1a: Arcanine\n|-damage|p1a: Arcanine|18\/100\n|move|p2a: Sexcalibur|Ice Shard|p1b: Sandy Shocks\n|-activate|p1b: Sandy Shocks|move: Protect\n|move|p1a: Arcanine|Snarl|p2b: Arcaninni|[spread] p2a,p2b\n|-damage|p2a: Sexcalibur|1\/100\n|-damage|p2b: Arcaninni|63\/100\n|-unboost|p2a: Sexcalibur|spa|1\n|-unboost|p2b: Arcaninni|spa|1\n|\n|-weather|RainDance|[upkeep]\n|upkeep\n|turn|7\n|\n|t:|1683293505\n|-end|p1b: Sandy Shocks|Protosynthesis|[silent]\n|switch|p1b: Scizor|Scizor, L50, M, tera:Fire|60\/100\n|move|p2b: Arcaninni|Protect|p2b: Arcaninni\n|-singleturn|p2b: Arcaninni|Protect\n|move|p2a: Sexcalibur|Ice Shard|p1b: Scizor\n|-resisted|p1b: Scizor\n|-damage|p1b: Scizor|40\/100\n|move|p1a: Arcanine|Snarl|p2a: Sexcalibur|[spread] p2a\n|-activate|p2b: Arcaninni|move: Protect\n|-damage|p2a: Sexcalibur|0 fnt\n|faint|p2a: Sexcalibur\n|\n|-weather|RainDance|[upkeep]\n|upkeep\n|\n|t:|1683293523\n|switch|p2a: Mocio|Abomasnow, L50, F, tera:Ground|100\/100\n|-weather|Snow|[from] ability: Snow Warning|[of] p2a: Mocio\n|turn|8\n|\n|t:|1683293545\n|switch|p2b: Pingu|Iron Bundle, L50|84\/100\n|move|p1a: Arcanine|Flare Blitz|p2a: Mocio\n|-damage|p2a: Mocio|62\/100\n|-damage|p1a: Arcanine|6\/100|[from] Recoil\n|move|p1b: Scizor|U-turn|p2a: Mocio\n|-damage|p2a: Mocio|21\/100\n|\n|t:|1683293552\n|switch|p1b: Pelipper|Pelipper, L50, F, shiny|100\/100|[from] U-turn\n|-weather|RainDance|[from] ability: Drizzle|[of] p1b: Pelipper\n|move|p2a: Mocio|Earth Power|p1b: Pelipper\n|-immune|p1b: Pelipper\n|\n|-weather|RainDance|[upkeep]\n|upkeep\n|turn|9\n|\n|t:|1683293576\n|move|p2a: Mocio|Protect|p2a: Mocio\n|-singleturn|p2a: Mocio|Protect\n|move|p2b: Pingu|Freeze-Dry|p1b: Pelipper\n|-supereffective|p1b: Pelipper\n|-damage|p1b: Pelipper|0 fnt\n|faint|p1b: Pelipper\n|move|p1a: Arcanine|Snarl|p2b: Pingu|[spread] p2b\n|-activate|p2a: Mocio|move: Protect\n|-damage|p2b: Pingu|66\/100\n|-unboost|p2b: Pingu|spa|1\n|\n|-weather|RainDance|[upkeep]\n|upkeep\n|\n|t:|1683293590\n|switch|p1b: Scizor|Scizor, L50, M, tera:Fire|40\/100\n|turn|10\n|\n|t:|1683293599\n|switch|p2a: Arcaninni|Arcanine, L50, M|63\/100\n|-ability|p2a: Arcaninni|Intimidate|boost\n|-unboost|p1a: Arcanine|atk|1\n|-unboost|p1b: Scizor|atk|1\n|move|p1b: Scizor|Bullet Punch|p2b: Pingu\n|-crit|p2b: Pingu\n|-damage|p2b: Pingu|1\/100\n|move|p2b: Pingu|Freeze-Dry|p1a: Arcanine\n|-resisted|p1a: Arcanine\n|-damage|p1a: Arcanine|0 fnt\n|faint|p1a: Arcanine\n|\n|-weather|RainDance|[upkeep]\n|upkeep\n|\n|t:|1683293610\n|switch|p1a: Sandy Shocks|Sandy Shocks, L50|100\/100\n|turn|11\n|\n|t:|1683293622\n|move|p2b: Pingu|Protect|p2b: Pingu\n|-singleturn|p2b: Pingu|Protect\n|move|p2a: Arcaninni|Extreme Speed|p1b: Scizor\n|-crit|p1b: Scizor\n|-damage|p1b: Scizor|4\/100\n|move|p1b: Scizor|Bullet Punch|p2b: Pingu\n|-activate|p2b: Pingu|move: Protect\n|move|p1a: Sandy Shocks|Earth Power|p2a: Arcaninni\n|-supereffective|p2a: Arcaninni\n|-damage|p2a: Arcaninni|0 fnt\n|faint|p2a: Arcaninni\n|\n|-weather|RainDance|[upkeep]\n|upkeep\n|\n|t:|1683293643\n|switch|p2a: Mocio|Abomasnow, L50, F, tera:Ground|21\/100\n|-weather|Snow|[from] ability: Snow Warning|[of] p2a: Mocio\n|turn|12\n|\n|t:|1683293650\n|move|p1b: Scizor|Bullet Punch|p2b: Pingu\n|-damage|p2b: Pingu|0 fnt\n|faint|p2b: Pingu\n|-end|p2b: Pingu|Quark Drive|[silent]\n|move|p1a: Sandy Shocks|Earth Power|p2a: Mocio\n|-damage|p2a: Mocio|0 fnt\n|faint|p2a: Mocio\n|\n|win|RgAngel\n|raw|RgAngel's rating: 1244 → 1262<\/strong> (+18 for winning)\n|raw|Seal00's rating: 1139 → 1121<\/strong> (-18 for losing)\n|l|\u2606Seal00\n","uploadtime":1683293670,"views":10,"p1id":"rgangel","p2id":"seal00","formatid":"gen9vgc2023regulationc","rating":1121,"private":0,"password":""}