{"id":"gen9vgc2023regulationc-1851430542","p1":"i homophobic","p2":"Garbless","format":"[Gen 9] VGC 2023 Regulation C","log":"|j|\u203di homophobic\n|j|\u2606Garbless\n|t:|1682444511\n|gametype|doubles\n|player|p1|i homophobic|lady|\n|player|p2|Garbless|hiker-gen4|\n|teamsize|p1|6\n|teamsize|p2|6\n|gen|9\n|tier|[Gen 9] VGC 2023 Regulation C\n|rated|Tournament battle\n|rule|Species Clause: Limit one of each Pok\u00e9mon\n|rule|Item Clause: Limit one of each item\n|clearpoke\n|poke|p1|Abomasnow, L50, F|\n|poke|p1|Iron Bundle, L50|\n|poke|p1|Chi-Yu, L50|\n|poke|p1|Arcanine, L50, M|\n|poke|p1|Flutter Mane, L50|\n|poke|p1|Dragonite, L50, F|\n|poke|p2|Ting-Lu, L50|\n|poke|p2|Pelipper, L50, M|\n|poke|p2|Chien-Pao, L50|\n|poke|p2|Iron Hands, L50|\n|poke|p2|Amoonguss, L50, M|\n|poke|p2|Palafin, L50, F|\n|teampreview|4\n|raw| Open Team Sheet for i homophobic<\/summary>Abomasnow (F) @ Focus Sash Ability: Snow Warning Level: 50 Tera Type: Water - Protect - Energy Ball - Blizzard - Aurora Veil Iron Bundle @ Assault Vest Ability: Quark Drive Level: 50 Shiny: Yes Tera Type: Ice - Blizzard - Icy Wind - Hydro Pump - Freeze-Dry Chi-Yu @ Choice Scarf Ability: Beads of Ruin Level: 50 Tera Type: Dark - Overheat - Heat Wave - Dark Pulse - Psychic Arcanine @ Sitrus Berry Ability: Intimidate Level: 50 Tera Type: Fire - Scary Face - Will-O-Wisp - Extreme Speed - Flare Blitz Flutter Mane @ Life Orb Ability: Protosynthesis Level: 50 Tera Type: Ghost - Moonblast - Dazzling Gleam - Shadow Ball - Protect Dragonite @ Safety Goggles Ability: Multiscale Level: 50 Tera Type: Flying - Protect - Extreme Speed - Tailwind - Tera Blast <\/details><\/div> Open Team Sheet for Garbless<\/summary>Ting-Lu @ Assault Vest Ability: Vessel of Ruin Level: 50 Tera Type: Poison - Fissure - Stomping Tantrum - Payback - Heavy Slam Pelipper @ Damp Rock Ability: Drizzle Level: 50 Tera Type: Grass - Protect - Tailwind - Hurricane - Hydro Pump Chien-Pao @ Focus Sash Ability: Sword of Ruin Level: 50 Tera Type: Ghost - Haze - Ice Spinner - Sucker Punch - Protect Iron Hands @ Life Orb Ability: Quark Drive Level: 50 Tera Type: Grass - Thunder Punch - Drain Punch - Fake Out - Iron Head Amoonguss @ Mental Herb Ability: Regenerator Level: 50 Tera Type: Water - Spore - Pollen Puff - Rage Powder - Protect Palafin @ Mystic Water Ability: Zero to Hero Level: 50 Tera Type: Water - Jet Punch - Wave Crash - Protect - Close Combat <\/details><\/div>\n|inactive|Battle timer is ON: inactive players will automatically lose when time's up. (requested by i homophobic)\n|j| ThatOneDedenne\n|c|\u2606Garbless|glhf\n|inactive|i homophobic has 60 seconds left.\n|inactive|Garbless has 60 seconds left.\n|\n|t:|1682444554\n|start\n|switch|p1a: Dragonite|Dragonite, L50, F|100\/100\n|switch|p1b: Iron Bundle|Iron Bundle, L50, shiny|100\/100\n|switch|p2a: Palafin|Palafin, L50, F|100\/100\n|switch|p2b: Ting-Lu|Ting-Lu, L50|100\/100\n|-ability|p2b: Ting-Lu|Vessel of Ruin\n|turn|1\n|\n|t:|1682444576\n|detailschange|p2a: Palafin|Palafin-Hero, L50, F\n|switch|p2a: Iron Hands|Iron Hands, L50|100\/100\n|-terastallize|p2b: Ting-Lu|Poison\n|move|p1b: Iron Bundle|Blizzard|p2b: Ting-Lu|[spread] p2a,p2b\n|-damage|p2a: Iron Hands|68\/100\n|-damage|p2b: Ting-Lu|82\/100\n|move|p1a: Dragonite|Tailwind|p1a: Dragonite\n|-sidestart|p1: i homophobic|move: Tailwind\n|move|p2b: Ting-Lu|Payback|p1b: Iron Bundle\n|-damage|p1b: Iron Bundle|39\/100\n|\n|upkeep\n|turn|2\n|inactive|Garbless has 30 seconds left.\n|\n|t:|1682444605\n|switch|p1a: Abomasnow|Abomasnow, L50, F|100\/100\n|-weather|Snow|[from] ability: Snow Warning|[of] p1a: Abomasnow\n|move|p2a: Iron Hands|Fake Out|p1a: Abomasnow\n|-damage|p1a: Abomasnow|82\/100\n|-damage|p2a: Iron Hands|58\/100|[from] item: Life Orb\n|move|p1b: Iron Bundle|Blizzard|p2b: Ting-Lu|[spread] p2a,p2b\n|-crit|p2b: Ting-Lu\n|-damage|p2a: Iron Hands|32\/100\n|-damage|p2b: Ting-Lu|57\/100\n|-status|p2b: Ting-Lu|frz\n|cant|p2b: Ting-Lu|frz\n|\n|-weather|Snow|[upkeep]\n|upkeep\n|turn|3\n|c|\u2606Garbless|this is fun\n|\n|t:|1682444628\n|switch|p2b: Pelipper|Pelipper, L50, M|100\/100\n|-weather|RainDance|[from] ability: Drizzle|[of] p2b: Pelipper\n|move|p1b: Iron Bundle|Blizzard|p2b: Pelipper|[spread] p2a,p2b\n|-damage|p2a: Iron Hands|0 fnt\n|-damage|p2b: Pelipper|23\/100\n|faint|p2a: Iron Hands\n|-end|p2a: Iron Hands|Quark Drive|[silent]\n|move|p1a: Abomasnow|Blizzard|p2b: Pelipper\n|-damage|p2b: Pelipper|0 fnt\n|faint|p2b: Pelipper\n|\n|-weather|RainDance|[upkeep]\n|upkeep\n|\n|t:|1682444635\n|switch|p2b: Ting-Lu|Ting-Lu, L50, tera:Poison|57\/100 frz\n|switch|p2a: Palafin|Palafin-Hero, L50, F|100\/100\n|-activate|p2a: Palafin|ability: Zero to Hero\n|-ability|p2b: Ting-Lu|Vessel of Ruin\n|turn|4\n|\n|t:|1682444649\n|move|p2a: Palafin|Protect|p2a: Palafin\n|-singleturn|p2a: Palafin|Protect\n|move|p1b: Iron Bundle|Freeze-Dry|p2a: Palafin\n|-activate|p2a: Palafin|move: Protect\n|move|p1a: Abomasnow|Energy Ball|p2a: Palafin\n|-activate|p2a: Palafin|move: Protect\n|-curestatus|p2b: Ting-Lu|frz|[msg]\n|move|p2b: Ting-Lu|Payback|p1b: Iron Bundle\n|-damage|p1b: Iron Bundle|0 fnt\n|faint|p1b: Iron Bundle\n|-end|p1b: Iron Bundle|Quark Drive|[silent]\n|\n|-weather|RainDance|[upkeep]\n|-sideend|p1: i homophobic|move: Tailwind\n|upkeep\n|j| Eelstartega\n|\n|t:|1682444655\n|switch|p1b: Arcanine|Arcanine, L50, M|100\/100\n|-ability|p1b: Arcanine|Intimidate|boost\n|-unboost|p2a: Palafin|atk|1\n|-unboost|p2b: Ting-Lu|atk|1\n|turn|5\n|inactive|Garbless has 30 seconds left.\n|inactive|Garbless has 20 seconds left.\n|\n|t:|1682444693\n|move|p1a: Abomasnow|Protect|p1a: Abomasnow\n|-singleturn|p1a: Abomasnow|Protect\n|move|p1b: Arcanine|Will-O-Wisp|p2a: Palafin\n|-status|p2a: Palafin|brn\n|move|p2a: Palafin|Close Combat|p1a: Abomasnow\n|-activate|p1a: Abomasnow|move: Protect\n|move|p2b: Ting-Lu|Payback|p1b: Arcanine\n|-damage|p1b: Arcanine|64\/100\n|\n|-weather|RainDance|[upkeep]\n|-damage|p2a: Palafin|95\/100 brn|[from] brn\n|upkeep\n|turn|6\n|\n|t:|1682444713\n|move|p1b: Arcanine|Scary Face|p2a: Palafin\n|-unboost|p2a: Palafin|spe|2\n|move|p1a: Abomasnow|Energy Ball|p2a: Palafin\n|-supereffective|p2a: Palafin\n|-damage|p2a: Palafin|42\/100 brn\n|move|p2b: Ting-Lu|Fissure|p1a: Abomasnow\n|-damage|p1a: Abomasnow|0 fnt\n|faint|p1a: Abomasnow\n|-ohko\n|move|p2a: Palafin|Wave Crash|p1b: Arcanine\n|-supereffective|p1b: Arcanine\n|-damage|p1b: Arcanine|0 fnt\n|faint|p1b: Arcanine\n|-damage|p2a: Palafin|24\/100 brn|[from] Recoil\n|\n|-weather|RainDance|[upkeep]\n|-damage|p2a: Palafin|18\/100 brn|[from] brn\n|upkeep\n|j| spectacled eider\n|\n|t:|1682444720\n|switch|p1b: Dragonite|Dragonite, L50, F|100\/100\n|turn|7\n|\n|t:|1682444732\n|-terastallize|p1b: Dragonite|Flying\n|move|p2a: Palafin|Protect|p2a: Palafin\n|-singleturn|p2a: Palafin|Protect\n|move|p1b: Dragonite|Extreme Speed|p2a: Palafin\n|-activate|p2a: Palafin|move: Protect\n|move|p2b: Ting-Lu|Heavy Slam|p1b: Dragonite\n|-damage|p1b: Dragonite|92\/100\n|\n|-weather|RainDance|[upkeep]\n|-damage|p2a: Palafin|12\/100 brn|[from] brn\n|upkeep\n|turn|8\n|l| spectacled eider\n|\n|t:|1682444748\n|move|p1b: Dragonite|Extreme Speed|p2a: Palafin\n|-damage|p2a: Palafin|0 fnt\n|faint|p2a: Palafin\n|move|p2b: Ting-Lu|Payback|p1b: Dragonite\n|-damage|p1b: Dragonite|61\/100\n|\n|-weather|RainDance|[upkeep]\n|upkeep\n|turn|9\n|\n|t:|1682444754\n|move|p1b: Dragonite|Tera Blast|p2b: Ting-Lu\n|-crit|p2b: Ting-Lu\n|-damage|p2b: Ting-Lu|8\/100\n|move|p2b: Ting-Lu|Payback|p1b: Dragonite\n|-damage|p1b: Dragonite|28\/100\n|\n|-weather|RainDance|[upkeep]\n|upkeep\n|turn|10\n|\n|t:|1682444760\n|move|p1b: Dragonite|Extreme Speed|p2b: Ting-Lu\n|-damage|p2b: Ting-Lu|0 fnt\n|faint|p2b: Ting-Lu\n|\n|win|i homophobic\n|n|\u203di homophobic|ihomophobic\n|n|\u2606Garbless|garbless\n|n| ThatOneDedenne|thatonededenne\n|n| Eelstartega|eelstartega\n|c|\u2606Garbless|gg\n|c|\u2606Garbless|wp\n|l| Eelstartega\n|l| ThatOneDedenne\n|l|\u2606Garbless\n","uploadtime":1682444785,"views":5,"p1id":"ihomophobic","p2id":"garbless","formatid":"gen9vgc2023regulationc","rating":0,"private":0,"password":""}