{"id":"gen9vgc2023regulationc-1864363275","p1":"xAlber93","p2":"nightamara","format":"[Gen 9] VGC 2023 Regulation C","log":"|j|\u2606xAlber93\n|j|\u2606nightamara\n|t:|1684159701\n|gametype|doubles\n|player|p1|xAlber93|hilbert|1268\n|player|p2|nightamara|greta-gen3|1252\n|teamsize|p1|6\n|teamsize|p2|6\n|gen|9\n|tier|[Gen 9] VGC 2023 Regulation C\n|rated|\n|rule|Species Clause: Limit one of each Pok\u00e9mon\n|rule|Item Clause: Limit one of each item\n|clearpoke\n|poke|p1|Garchomp, L50, M|\n|poke|p1|Ting-Lu, L50|\n|poke|p1|Amoonguss, L50, F|\n|poke|p1|Arcanine, L50, F|\n|poke|p1|Flutter Mane, L50|\n|poke|p1|Palafin, L50, M|\n|poke|p2|Talonflame, L50, M|\n|poke|p2|Great Tusk, L50|\n|poke|p2|Flutter Mane, L50|\n|poke|p2|Chien-Pao, L50|\n|poke|p2|Amoonguss, L50, M|\n|poke|p2|Kingambit, L50, M|\n|teampreview|4\nnightamara has agreed to open team sheets.\n|inactive|Battle timer is ON: inactive players will automatically lose when time's up. (requested by nightamara)\n|\n|t:|1684159756\n|start\n|switch|p1a: CHILENO|Garchomp, L50, M|100\/100\n|switch|p1b: SMOGON|Palafin, L50, M|100\/100\n|switch|p2a: Amoonguss|Amoonguss, L50, M|100\/100\n|switch|p2b: Chien-Pao|Chien-Pao, L50|100\/100\n|-ability|p2b: Chien-Pao|Sword of Ruin\n|turn|1\n|inactive|xAlber93 has 30 seconds left.\n|\n|t:|1684159781\n|switch|p2a: Great Tusk|Great Tusk, L50|100\/100\n|-terastallize|p1a: CHILENO|Fire\n|move|p1b: SMOGON|Jet Punch|p2b: Chien-Pao\n|-crit|p2b: Chien-Pao\n|-damage|p2b: Chien-Pao|43\/100\n|move|p2b: Chien-Pao|Ice Spinner|p1a: CHILENO\n|-resisted|p1a: CHILENO\n|-damage|p1a: CHILENO|75\/100\n|-damage|p2b: Chien-Pao|31\/100|[from] ability: Rough Skin|[of] p1a: CHILENO\n|-damage|p2b: Chien-Pao|14\/100|[from] item: Rocky Helmet|[of] p1a: CHILENO\n|move|p1a: CHILENO|Tera Blast|p2b: Chien-Pao\n|-supereffective|p2b: Chien-Pao\n|-damage|p2b: Chien-Pao|0 fnt\n|faint|p2b: Chien-Pao\n|\n|upkeep\n|inactive|nightamara has 30 seconds left.\n|\n|t:|1684159812\n|switch|p2b: Flutter Mane|Flutter Mane, L50, shiny|100\/100\n|-enditem|p2b: Flutter Mane|Booster Energy\n|-activate|p2b: Flutter Mane|ability: Protosynthesis|[fromitem]\n|-start|p2b: Flutter Mane|protosynthesisspa\n|turn|2\n|\n|t:|1684159827\n|detailschange|p1b: SMOGON|Palafin-Hero, L50, M\n|switch|p1b: ZASKO|Amoonguss, L50, F|100\/100\n|move|p1a: CHILENO|Protect|p1a: CHILENO\n|-singleturn|p1a: CHILENO|Protect\n|move|p2a: Great Tusk|Headlong Rush|p1a: CHILENO\n|-activate|p1a: CHILENO|move: Protect\n|move|p2b: Flutter Mane|Shadow Ball|p1b: ZASKO\n|-damage|p1b: ZASKO|47\/100\n|-enditem|p1b: ZASKO|Sitrus Berry|[eat]\n|-heal|p1b: ZASKO|72\/100|[from] item: Sitrus Berry\n|\n|upkeep\n|turn|3\n|inactive|xAlber93 has 30 seconds left.\n|\n|t:|1684159855\n|move|p1b: ZASKO|Rage Powder|p1b: ZASKO\n|-singleturn|p1b: ZASKO|move: Rage Powder\n|move|p2a: Great Tusk|Headlong Rush|p1b: ZASKO\n|-damage|p1b: ZASKO|16\/100\n|-unboost|p2a: Great Tusk|def|1\n|-unboost|p2a: Great Tusk|spd|1\n|move|p2b: Flutter Mane|Shadow Ball|p1b: ZASKO\n|-damage|p1b: ZASKO|0 fnt\n|faint|p1b: ZASKO\n|move|p1a: CHILENO|Earthquake|p2a: Great Tusk|[spread] p2a,p2b\n|-damage|p2a: Great Tusk|59\/100\n|-damage|p2b: Flutter Mane|47\/100\n|\n|upkeep\n|\n|t:|1684159867\n|switch|p1b: SMOGON|Palafin-Hero, L50, M|100\/100\n|-activate|p1b: SMOGON|ability: Zero to Hero\n|turn|4\n|\n|t:|1684159880\n|-end|p2a: Great Tusk|Protosynthesis|[silent]\n|switch|p2a: Amoonguss|Amoonguss, L50, M|100\/100\n|move|p2b: Flutter Mane|Protect|p2b: Flutter Mane\n|-singleturn|p2b: Flutter Mane|Protect\n|move|p1b: SMOGON|Jet Punch|p2a: Amoonguss\n|-resisted|p2a: Amoonguss\n|-damage|p2a: Amoonguss|80\/100\n|move|p1a: CHILENO|Tera Blast|p2b: Flutter Mane\n|-activate|p2b: Flutter Mane|move: Protect\n|\n|upkeep\n|turn|5\n|inactive|nightamara has 30 seconds left.\n|inactive|nightamara has 20 seconds left.\n|inactive|nightamara has 15 seconds left.\n|\n|t:|1684159923\n|move|p1b: SMOGON|Protect|p1b: SMOGON\n|-singleturn|p1b: SMOGON|Protect\n|move|p2b: Flutter Mane|Shadow Ball|p1b: SMOGON\n|-activate|p1b: SMOGON|move: Protect\n|move|p1a: CHILENO|Earthquake|p2b: Flutter Mane|[spread] p2a,p2b\n|-activate|p1b: SMOGON|move: Protect\n|-damage|p2a: Amoonguss|51\/100\n|-damage|p2b: Flutter Mane|0 fnt\n|faint|p2b: Flutter Mane\n|-end|p2b: Flutter Mane|Protosynthesis|[silent]\n|move|p2a: Amoonguss|Spore|p1b: SMOGON\n|-activate|p1b: SMOGON|move: Protect\n|\n|upkeep\n|\n|t:|1684159926\n|switch|p2b: Great Tusk|Great Tusk, L50|59\/100\n|turn|6\n|inactive|xAlber93 has 30 seconds left.\n|inactive|nightamara has 30 seconds left.\n|\n|t:|1684159960\n|switch|p1a: CHOP|Arcanine, L50, F|100\/100\n|-ability|p1a: CHOP|Intimidate|boost\n|-unboost|p2a: Amoonguss|atk|1\n|-unboost|p2b: Great Tusk|atk|1\n|-terastallize|p2b: Great Tusk|Steel\n|move|p2b: Great Tusk|Headlong Rush|p1a: CHOP\n|-supereffective|p1a: CHOP\n|-damage|p1a: CHOP|23\/100\n|-unboost|p2b: Great Tusk|def|1\n|-unboost|p2b: Great Tusk|spd|1\n|move|p1b: SMOGON|Wave Crash|p2a: Amoonguss\n|-resisted|p2a: Amoonguss\n|-damage|p2a: Amoonguss|12\/100\n|-enditem|p2a: Amoonguss|Sitrus Berry|[eat]\n|-heal|p2a: Amoonguss|37\/100|[from] item: Sitrus Berry\n|-damage|p1b: SMOGON|86\/100|[from] Recoil\n|move|p2a: Amoonguss|Spore|p1b: SMOGON\n|-status|p1b: SMOGON|slp|[from] move: Spore\n|\n|upkeep\n|turn|7\n|inactive|xAlber93 has 30 seconds left.\n|inactive|xAlber93 has 20 seconds left.\n|inactive|xAlber93 has 15 seconds left.\n|\n|t:|1684160003\n|move|p1a: CHOP|Protect|p1a: CHOP\n|-singleturn|p1a: CHOP|Protect\n|move|p2b: Great Tusk|Headlong Rush|p1a: CHOP\n|-activate|p1a: CHOP|move: Protect\n|cant|p1b: SMOGON|slp\n|move|p2a: Amoonguss|Pollen Puff|p2b: Great Tusk\n|-heal|p2b: Great Tusk|100\/100\n|\n|upkeep\n|turn|8\n|\n|t:|1684160025\n|switch|p1a: CHILENO|Garchomp, L50, M, tera:Fire|75\/100\n|move|p2b: Great Tusk|Headlong Rush|p1a: CHILENO\n|-supereffective|p1a: CHILENO\n|-damage|p1a: CHILENO|0 fnt\n|-unboost|p2b: Great Tusk|def|1\n|-unboost|p2b: Great Tusk|spd|1\n|-damage|p2b: Great Tusk|88\/100|[from] ability: Rough Skin|[of] p1a: CHILENO\n|-damage|p2b: Great Tusk|72\/100|[from] item: Rocky Helmet|[of] p1a: CHILENO\n|faint|p1a: CHILENO\n|cant|p1b: SMOGON|slp\n|move|p2a: Amoonguss|Pollen Puff|p1b: SMOGON\n|-damage|p1b: SMOGON|67\/100 slp\n|\n|upkeep\n|\n|t:|1684160040\n|switch|p1a: CHOP|Arcanine, L50, F|23\/100\n|-ability|p1a: CHOP|Intimidate|boost\n|-unboost|p2a: Amoonguss|atk|1\n|-unboost|p2b: Great Tusk|atk|1\n|turn|9\n|\n|t:|1684160063\n|move|p1a: CHOP|Extreme Speed|p2b: Great Tusk\n|-resisted|p2b: Great Tusk\n|-damage|p2b: Great Tusk|58\/100\n|move|p2a: Amoonguss|Rage Powder|p2a: Amoonguss\n|-singleturn|p2a: Amoonguss|move: Rage Powder\n|move|p2b: Great Tusk|Headlong Rush|p1b: SMOGON\n|-damage|p1b: SMOGON|36\/100 slp\n|-unboost|p2b: Great Tusk|def|1\n|-unboost|p2b: Great Tusk|spd|1\n|-curestatus|p1b: SMOGON|slp|[msg]\n|move|p1b: SMOGON|Wave Crash|p2a: Amoonguss\n|-resisted|p2a: Amoonguss\n|-crit|p2a: Amoonguss\n|-damage|p2a: Amoonguss|0 fnt\n|faint|p2a: Amoonguss\n|-damage|p1b: SMOGON|22\/100|[from] Recoil\n|\n|upkeep\n|turn|10\n|c|\u2606nightamara|gg\n|inactive|xAlber93 has 30 seconds left.\n|inactive|xAlber93 has 20 seconds left.\n|inactive|xAlber93 has 15 seconds left.\n|\n|t:|1684160105\n|move|p1b: SMOGON|Jet Punch|p2b: Great Tusk\n|-damage|p2b: Great Tusk|0 fnt\n|faint|p2b: Great Tusk\n|-end|p2b: Great Tusk|Protosynthesis|[silent]\n|\n|win|xAlber93\n|raw|xAlber93's rating: 1268 → 1292<\/strong> (+24 for winning)\n|raw|nightamara's rating: 1252 → 1228<\/strong> (-24 for losing)\n","uploadtime":1684160111,"views":5,"p1id":"xalber93","p2id":"nightamara","formatid":"gen9vgc2023regulationc","rating":1228,"private":0,"password":""}