{"id":"gen9vgc2023regulationc-1852005280","p1":"Vee_Sketch","p2":"Unovya","format":"[Gen 9] VGC 2023 Regulation C","log":"|j|\u2606Vee_Sketch\n|j|\u2606Unovya\n|t:|1682515974\n|gametype|doubles\n|player|p1|Vee_Sketch|iono|1091\n|player|p2|Unovya|n|1052\n|teamsize|p1|6\n|teamsize|p2|6\n|gen|9\n|tier|[Gen 9] VGC 2023 Regulation C\n|rated|\n|rule|Species Clause: Limit one of each Pok\u00e9mon\n|rule|Item Clause: Limit one of each item\n|clearpoke\n|poke|p1|Oricorio-Pom-Pom, L50, F|\n|poke|p1|Torkoal, L50, F|\n|poke|p1|Lilligant, L50, F|\n|poke|p1|Volcarona, L50, M|\n|poke|p1|Amoonguss, L50, M|\n|poke|p1|Dragonite, L50, F|\n|poke|p2|Garganacl, L50, M|\n|poke|p2|Ting-Lu, L50|\n|poke|p2|Mudsdale, L50, F|\n|poke|p2|Bisharp, L50, M|\n|poke|p2|Kingambit, L50, F|\n|poke|p2|Dondozo, L50, M|\n|teampreview|4\n|inactive|Battle timer is ON: inactive players will automatically lose when time's up. (requested by Vee_Sketch)\n|\n|t:|1682515991\n|start\n|switch|p1a: Torkoal|Torkoal, L50, F|100\/100\n|switch|p1b: Lilligant|Lilligant, L50, F|100\/100\n|switch|p2a: Garganacl|Garganacl, L50, M|100\/100\n|switch|p2b: Ting-Lu|Ting-Lu, L50|100\/100\n|-ability|p2b: Ting-Lu|Vessel of Ruin\n|-weather|SunnyDay|[from] ability: Drought|[of] p1a: Torkoal\n|turn|1\n|\n|t:|1682516011\n|move|p1b: Lilligant|Sleep Powder|p2b: Ting-Lu|[miss]\n|-miss|p1b: Lilligant|p2b: Ting-Lu\n|move|p2b: Ting-Lu|Fissure|p1b: Lilligant|[miss]\n|-miss|p2b: Ting-Lu|p1b: Lilligant\n|move|p2a: Garganacl|Fissure|p1a: Torkoal|[miss]\n|-miss|p2a: Garganacl|p1a: Torkoal\n|move|p1a: Torkoal|Yawn|p2a: Garganacl\n|-immune|p2a: Garganacl|[from] ability: Purifying Salt\n|\n|-weather|SunnyDay|[upkeep]\n|upkeep\n|turn|2\n|c|\u2606Unovya|joke team btw\n|c|\u2606Vee_Sketch|gotcha\n|inactive|Vee_Sketch has 30 seconds left.\n|c|\u2606Unovya|its pure luck lol\n|\n|t:|1682516038\n|move|p1a: Torkoal|Helping Hand|p1b: Lilligant\n|-singleturn|p1b: Lilligant|Helping Hand|[of] p1a: Torkoal\n|move|p1b: Lilligant|Petal Dance|p2b: Ting-Lu\n|-supereffective|p2b: Ting-Lu\n|-damage|p2b: Ting-Lu|26\/100\n|-damage|p1b: Lilligant|91\/100|[from] item: Life Orb\n|move|p2b: Ting-Lu|Fissure|p1a: Torkoal\n|-damage|p1a: Torkoal|0 fnt\n|faint|p1a: Torkoal\n|-ohko\n|move|p2a: Garganacl|Fissure|p1b: Lilligant\n|-damage|p1b: Lilligant|0 fnt\n|faint|p1b: Lilligant\n|-ohko\n|\n|-weather|SunnyDay|[upkeep]\n|upkeep\n|c|\u2606Vee_Sketch|lol\n|c|\u2606Vee_Sketch|well dam\n|c|\u2606Unovya|lol\n|\n|t:|1682516053\n|switch|p1b: Oricorio|Oricorio-Pom-Pom, L50, F|100\/100\n|switch|p1a: Dragonite|Dragonite, L50, F|100\/100\n|turn|3\n|c|\u2606Vee_Sketch|wow...\n|\n|t:|1682516075\n|switch|p2b: Kingambit|Kingambit, L50, F|100\/100\n|switch|p2a: Bisharp|Bisharp, L50, M|100\/100\n|move|p1a: Dragonite|Extreme Speed|p2b: Kingambit\n|-resisted|p2b: Kingambit\n|-damage|p2b: Kingambit|88\/100\n|move|p1b: Oricorio|Air Slash|p2a: Bisharp\n|-resisted|p2a: Bisharp\n|-damage|p2a: Bisharp|84\/100\n|\n|-weather|SunnyDay|[upkeep]\n|upkeep\n|turn|4\n|\n|t:|1682516093\n|move|p1b: Oricorio|Revelation Dance|p2a: Bisharp\n|-damage|p2a: Bisharp|44\/100\n|move|p1a: Dragonite|Dragon Claw|p2b: Kingambit\n|-resisted|p2b: Kingambit\n|-damage|p2b: Kingambit|72\/100\n|move|p2a: Bisharp|Guillotine|p1b: Oricorio|[miss]\n|-miss|p2a: Bisharp|p1b: Oricorio\n|move|p2b: Kingambit|Guillotine|p1a: Dragonite|[miss]\n|-miss|p2b: Kingambit|p1a: Dragonite\n|\n|-weather|SunnyDay|[upkeep]\n|upkeep\n|turn|5\n|\n|t:|1682516110\n|-terastallize|p1a: Dragonite|Flying\n|move|p1b: Oricorio|Revelation Dance|p2b: Kingambit\n|-damage|p2b: Kingambit|40\/100\n|move|p1a: Dragonite|Tera Blast|p2b: Kingambit\n|-resisted|p2b: Kingambit\n|-damage|p2b: Kingambit|16\/100\n|-enditem|p2b: Kingambit|Wiki Berry|[eat]\n|-heal|p2b: Kingambit|50\/100|[from] item: Wiki Berry\n|move|p2a: Bisharp|Guillotine|p1b: Oricorio\n|-damage|p1b: Oricorio|0 fnt\n|faint|p1b: Oricorio\n|-ohko\n|move|p2b: Kingambit|Guillotine|p1a: Dragonite|[miss]\n|-miss|p2b: Kingambit|p1a: Dragonite\n|\n|-weather|SunnyDay|[upkeep]\n|upkeep\n|turn|6\n|\n|t:|1682516129\n|move|p1a: Dragonite|Extreme Speed|p2b: Kingambit\n|-resisted|p2b: Kingambit\n|-damage|p2b: Kingambit|39\/100\n|move|p2a: Bisharp|Guillotine|p1a: Dragonite|[miss]\n|-miss|p2a: Bisharp|p1a: Dragonite\n|move|p2b: Kingambit|Guillotine|p1a: Dragonite|[miss]\n|-miss|p2b: Kingambit|p1a: Dragonite\n|\n|-weather|SunnyDay|[upkeep]\n|upkeep\n|turn|7\n|\n|t:|1682516143\n|move|p1a: Dragonite|Tera Blast|p2b: Kingambit\n|-resisted|p2b: Kingambit\n|-damage|p2b: Kingambit|15\/100\n|move|p2a: Bisharp|Guillotine|p1a: Dragonite\n|-damage|p1a: Dragonite|0 fnt\n|faint|p1a: Dragonite\n|-ohko\n|\n|win|Unovya\n|raw|Vee_Sketch's rating: 1091 → 1065<\/strong> (-26 for losing)\n|raw|Unovya's rating: 1052 → 1088<\/strong> (+36 for winning)\n|c|\u2606Unovya|gg lol\n|c|\u2606Vee_Sketch|gg great team\n|c|\u2606Unovya|rng was on my side today\n|c|\u2606Vee_Sketch|indeed\n|l|\u2606Vee_Sketch\n","uploadtime":1682516218,"views":7,"p1id":"veesketch","p2id":"unovya","formatid":"gen9vgc2023regulationc","rating":1065,"private":0,"password":""}