{"id":"gen9vgc2023regulationc-1856994172","p1":"Jscoot12","p2":"KingCS2","format":"[Gen 9] VGC 2023 Regulation C","log":"|j|\u2606Jscoot12\n|j|\u2606KingCS2\n|t:|1683134599\n|gametype|doubles\n|player|p1|Jscoot12|102|1316\n|player|p2|KingCS2|harlequin|1261\n|teamsize|p1|6\n|teamsize|p2|6\n|gen|9\n|tier|[Gen 9] VGC 2023 Regulation C\n|rated|\n|rule|Species Clause: Limit one of each Pok\u00e9mon\n|rule|Item Clause: Limit one of each item\n|clearpoke\n|poke|p1|Orthworm, L50, F|\n|poke|p1|Dragonite, L50, M|\n|poke|p1|Flutter Mane, L50|\n|poke|p1|Chi-Yu, L50|\n|poke|p1|Baxcalibur, L50, F|\n|poke|p1|Gyarados, L50, M|\n|poke|p2|Chien-Pao, L50|\n|poke|p2|Gastrodon-East, L50, F|\n|poke|p2|Pelipper, L50, M|\n|poke|p2|Slither Wing, L50|\n|poke|p2|Ceruledge, L50, M|\n|poke|p2|Beartic, L50, F|\n|teampreview|4\n|inactive|Battle timer is ON: inactive players will automatically lose when time's up. (requested by KingCS2)\nJscoot12 has agreed to open team sheets.\n|inactive|KingCS2 has 60 seconds left.\n|\n|t:|1683134633\n|start\n|switch|p1a: Chi-Yu|Chi-Yu, L50|100\/100\n|switch|p1b: Flutter Mane|Flutter Mane, L50|100\/100\n|switch|p2a: Pelipper|Pelipper, L50, M, shiny|100\/100\n|switch|p2b: Beartic|Beartic, L50, F, shiny|100\/100\n|-ability|p1a: Chi-Yu|Beads of Ruin\n|-weather|RainDance|[from] ability: Drizzle|[of] p2a: Pelipper\n|-enditem|p1b: Flutter Mane|Booster Energy\n|-activate|p1b: Flutter Mane|ability: Protosynthesis|[fromitem]\n|-start|p1b: Flutter Mane|protosynthesisspe\n|turn|1\n|n|\u2606Jscoot12|jscoot12\n|\n|t:|1683134653\n|move|p2a: Pelipper|Wide Guard|p2a: Pelipper\n|-singleturn|p2a: Pelipper|Wide Guard\n|move|p1b: Flutter Mane|Thunderbolt|p2a: Pelipper\n|-supereffective|p2a: Pelipper\n|-damage|p2a: Pelipper|0 fnt\n|faint|p2a: Pelipper\n|move|p2b: Beartic|Liquidation|p1b: Flutter Mane\n|-damage|p1b: Flutter Mane|24\/100\n|move|p1a: Chi-Yu|Heat Wave|p2b: Beartic\n|-activate|p2b: Beartic|move: Wide Guard\n|\n|-weather|RainDance|[upkeep]\n|upkeep\n|\n|t:|1683134675\n|switch|p2a: Slither Wing|Slither Wing, L50, shiny|100\/100\n|turn|2\n|\n|t:|1683134696\n|move|p1b: Flutter Mane|Protect|p1b: Flutter Mane\n|-singleturn|p1b: Flutter Mane|Protect\n|move|p2a: Slither Wing|First Impression|p1a: Chi-Yu\n|-damage|p1a: Chi-Yu|32\/100\n|move|p2b: Beartic|Aqua Jet|p1b: Flutter Mane\n|-activate|p1b: Flutter Mane|move: Protect\n|move|p1a: Chi-Yu|Heat Wave|p2b: Beartic|[spread] p2a,p2b\n|-supereffective|p2a: Slither Wing\n|-supereffective|p2b: Beartic\n|-damage|p2a: Slither Wing|44\/100\n|-damage|p2b: Beartic|18\/100\n|-damage|p1a: Chi-Yu|22\/100|[from] item: Life Orb\n|\n|-weather|RainDance|[upkeep]\n|upkeep\n|turn|3\n|\n|t:|1683134715\n|move|p1a: Chi-Yu|Protect|p1a: Chi-Yu\n|-singleturn|p1a: Chi-Yu|Protect\n|move|p2a: Slither Wing|First Impression||[still]\n|-hint|First Impression only works on your first turn out.\n|-fail|p2a: Slither Wing\n|move|p2b: Beartic|Aqua Jet|p1b: Flutter Mane\n|-damage|p1b: Flutter Mane|0 fnt\n|faint|p1b: Flutter Mane\n|-end|p1b: Flutter Mane|Protosynthesis|[silent]\n|\n|-weather|RainDance|[upkeep]\n|upkeep\n|\n|t:|1683134726\n|switch|p1b: Gyarados|Gyarados, L50, M|100\/100\n|-ability|p1b: Gyarados|Intimidate|boost\n|-fail|p2a: Slither Wing|unboost|[from] item: Clear Amulet|[of] p2a: Slither Wing\n|-unboost|p2b: Beartic|atk|1\n|turn|4\n|inactive|Jscoot12 has 30 seconds left.\n|\n|t:|1683134753\n|switch|p1a: Orthworm|Orthworm, L50, F|100\/100\n|-end|p2a: Slither Wing|Protosynthesis|[silent]\n|switch|p2a: Chien-Pao|Chien-Pao, L50|100\/100\n|-ability|p2a: Chien-Pao|Sword of Ruin\n|move|p2b: Beartic|Aqua Jet|p1a: Orthworm\n|-damage|p1a: Orthworm|85\/100\n|move|p1b: Gyarados|Bulldoze|p2b: Beartic|[spread] p2a,p2b\n|-heal|p1a: Orthworm|100\/100|[from] ability: Earth Eater|[of] p1b: Gyarados\n|-damage|p2a: Chien-Pao|82\/100\n|-damage|p2b: Beartic|0 fnt\n|-unboost|p2a: Chien-Pao|spe|1\n|faint|p2b: Beartic\n|\n|-weather|RainDance|[upkeep]\n|upkeep\n|\n|t:|1683134763\n|switch|p2b: Slither Wing|Slither Wing, L50, shiny|44\/100\n|turn|5\n|\n|t:|1683134788\n|-terastallize|p1a: Orthworm|Fire\n|move|p2a: Chien-Pao|Ice Spinner|p1b: Gyarados\n|-damage|p1b: Gyarados|49\/100\n|move|p1b: Gyarados|Bulldoze|p2a: Chien-Pao|[spread] p2a,p2b\n|-immune|p1a: Orthworm|[from] ability: Earth Eater\n|-resisted|p2b: Slither Wing\n|-damage|p2a: Chien-Pao|64\/100\n|-damage|p2b: Slither Wing|35\/100\n|-unboost|p2a: Chien-Pao|spe|1\n|move|p2b: Slither Wing|Close Combat|p1a: Orthworm\n|-damage|p1a: Orthworm|34\/100\n|-unboost|p2b: Slither Wing|def|1\n|-unboost|p2b: Slither Wing|spd|1\n|-enditem|p1a: Orthworm|Sitrus Berry|[eat]\n|-heal|p1a: Orthworm|59\/100|[from] item: Sitrus Berry\n|move|p1a: Orthworm|Shed Tail|p1a: Orthworm\n|-start|p1a: Orthworm|Substitute|[from] move: Shed Tail\n|-damage|p1a: Orthworm|8\/100\n|\n|t:|1683134806\n|switch|p1a: Chi-Yu|Chi-Yu, L50|22\/100|[from] Shed Tail\n|-ability|p1a: Chi-Yu|Beads of Ruin\n|\n|-weather|none\n|upkeep\n|turn|6\n|\n|t:|1683134819\n|-terastallize|p2a: Chien-Pao|Ghost\n|move|p1a: Chi-Yu|Heat Wave|p2a: Chien-Pao|[spread] p2a,p2b\n|-supereffective|p2b: Slither Wing\n|-damage|p2a: Chien-Pao|0 fnt\n|-damage|p2b: Slither Wing|0 fnt\n|faint|p2a: Chien-Pao\n|faint|p2b: Slither Wing\n|-end|p2b: Slither Wing|Protosynthesis|[silent]\n|-damage|p1a: Chi-Yu|12\/100|[from] item: Life Orb\n|\n|win|Jscoot12\n|raw|Jscoot12's rating: 1316 → 1333<\/strong> (+17 for winning)\n|raw|KingCS2's rating: 1261 → 1240<\/strong> (-21 for losing)\n|l|\u2606KingCS2\n","uploadtime":1683134838,"views":20,"p1id":"jscoot12","p2id":"kingcs2","formatid":"gen9vgc2023regulationc","rating":1240,"private":0,"password":""}