{"id":"gen9vgc2023regulationc-1864245557","p1":"Lone_Garurumon","p2":"ShadowTopaz","format":"[Gen 9] VGC 2023 Regulation C","log":"|j|\u2606Lone_Garurumon\n|j|\u2606ShadowTopaz\n|t:|1684143764\n|gametype|doubles\n|player|p1|Lone_Garurumon|riley|\n|player|p2|ShadowTopaz|marley|\n|teamsize|p1|6\n|teamsize|p2|6\n|gen|9\n|tier|[Gen 9] VGC 2023 Regulation C\n|rule|Species Clause: Limit one of each Pok\u00e9mon\n|rule|Item Clause: Limit one of each item\n|clearpoke\n|poke|p1|Garchomp, L50, M|\n|poke|p1|Lucario, L50, F|\n|poke|p1|Staraptor, L50, M|\n|poke|p1|Gallade, L50, M|\n|poke|p1|Drifblim, L50, M|\n|poke|p1|Bronzong, L50|\n|poke|p2|Garchomp, L50, M|\n|poke|p2|Gastrodon-East, L50, F|\n|poke|p2|Lucario, L50, M|\n|poke|p2|Hippowdon, L50, F|\n|poke|p2|Rotom-Wash, L50|\n|poke|p2|Magnezone, L50|\n|teampreview|4\n|\n|t:|1684143801\n|start\n|switch|p1a: Gawain|Gallade, L50, M|100\/100\n|switch|p1b: Heinz|Drifblim, L50, M|100\/100\n|switch|p2a: Iresu|Rotom-Wash, L50|100\/100\n|switch|p2b: Hoyau|Garchomp, L50, M|100\/100\n|turn|1\n|\n|t:|1684143817\n|move|p2b: Hoyau|Dragon Claw|p1b: Heinz\n|-damage|p1b: Heinz|10\/100\n|move|p1a: Gawain|Leaf Blade|p2a: Iresu\n|-supereffective|p2a: Iresu\n|-damage|p2a: Iresu|11\/100\n|move|p1b: Heinz|Tailwind|p1b: Heinz\n|-sidestart|p1: Lone_Garurumon|move: Tailwind\n|move|p2a: Iresu|Reflect|p2a: Iresu\n|-sidestart|p2: ShadowTopaz|Reflect\n|\n|-status|p1b: Heinz|brn|[from] item: Flame Orb\n|upkeep\n|turn|2\n|\n|t:|1684143838\n|move|p1a: Gawain|Leaf Blade|p2a: Iresu\n|-supereffective|p2a: Iresu\n|-crit|p2a: Iresu\n|-damage|p2a: Iresu|0 fnt\n|faint|p2a: Iresu\n|move|p1b: Heinz|Shadow Ball|p2b: Hoyau\n|-damage|p2b: Hoyau|39\/100\n|move|p2b: Hoyau|Dragon Claw|p1a: Gawain\n|-damage|p1a: Gawain|0 fnt\n|faint|p1a: Gawain\n|\n|-damage|p1b: Heinz|4\/100 brn|[from] brn\n|upkeep\n|\n|t:|1684143855\n|switch|p1a: Rio|Lucario, L50, F, shiny|100\/100\n|switch|p2a: Shinda|Hippowdon, L50, F|100\/100\n|-weather|Sandstorm|[from] ability: Sand Stream|[of] p2a: Shinda\n|turn|3\n|\n|t:|1684143873\n|-terastallize|p1a: Rio|Fighting\n|move|p1a: Rio|Aura Sphere|p2a: Shinda\n|-damage|p2a: Shinda|65\/100\n|move|p1b: Heinz|Shadow Ball|p2b: Hoyau\n|-damage|p2b: Hoyau|0 fnt\n|faint|p2b: Hoyau\n|move|p2a: Shinda|Stomping Tantrum|p1a: Rio\n|-damage|p1a: Rio|56\/100\n|\n|-weather|Sandstorm|[upkeep]\n|-damage|p1a: Rio|50\/100|[from] Sandstorm\n|-damage|p1b: Heinz|0 fnt|[from] Sandstorm\n|faint|p1b: Heinz\n|upkeep\n|\n|t:|1684143885\n|switch|p2b: Horkew|Lucario, L50, M|100\/100\n|switch|p1b: Rawk|Staraptor, L50, M|100\/100\n|-ability|p1b: Rawk|Intimidate|boost\n|-unboost|p2a: Shinda|atk|1\n|-fail|p2b: Horkew|unboost|Attack|[from] ability: Inner Focus|[of] p2b: Horkew\n|turn|4\n|\n|t:|1684143930\n|move|p2b: Horkew|Bullet Punch|p1b: Rawk\n|-damage|p1b: Rawk|71\/100\n|-damage|p2b: Horkew|91\/100|[from] item: Life Orb\n|move|p1a: Rio|Aura Sphere|p2b: Horkew\n|-supereffective|p2b: Horkew\n|-damage|p2b: Horkew|0 fnt\n|faint|p2b: Horkew\n|move|p1b: Rawk|Close Combat|p2a: Shinda\n|-damage|p2a: Shinda|36\/100\n|-unboost|p1b: Rawk|def|1\n|-unboost|p1b: Rawk|spd|1\n|-damage|p1b: Rawk|61\/100|[from] item: Life Orb\n|move|p2a: Shinda|Stomping Tantrum|p1a: Rio\n|-damage|p1a: Rio|20\/100\n|\n|-weather|Sandstorm|[upkeep]\n|-damage|p1a: Rio|14\/100|[from] Sandstorm\n|-damage|p1b: Rawk|55\/100|[from] Sandstorm\n|-sideend|p1: Lone_Garurumon|move: Tailwind\n|upkeep\n|turn|5\n|\n|t:|1684143955\n|move|p1a: Rio|Aura Sphere|p2a: Shinda\n|-damage|p2a: Shinda|0 fnt\n|faint|p2a: Shinda\n|\n|win|Lone_Garurumon\n","uploadtime":1684143961,"views":19,"p1id":"lonegarurumon","p2id":"shadowtopaz","formatid":"gen9vgc2023regulationc","rating":0,"private":0,"password":""}