{"id":"gen9vgc2023regulationc-1845282029","p1":"pollinosis","p2":"kamusito98","format":"[Gen 9] VGC 2023 Regulation C","log":"|j|\u2606pollinosis\n|j|\u2606kamusito98\n|t:|1681707147\n|gametype|doubles\n|player|p1|pollinosis|candice|1154\n|player|p2|kamusito98|hugh|1213\n|teamsize|p1|6\n|teamsize|p2|6\n|gen|9\n|tier|[Gen 9] VGC 2023 Regulation C\n|rated|\n|rule|Species Clause: Limit one of each Pok\u00e9mon\n|rule|Item Clause: Limit one of each item\n|clearpoke\n|poke|p1|Flutter Mane, L50|\n|poke|p1|Chi-Yu, L50|\n|poke|p1|Arcanine, L50, M|\n|poke|p1|Palafin, L50, M|\n|poke|p1|Maushold-Four, L50|\n|poke|p1|Tsareena, L50, F|\n|poke|p2|Gyarados, L50, M|\n|poke|p2|Amoonguss, L50, F|\n|poke|p2|Arcanine, L50, M|\n|poke|p2|Baxcalibur, L50, M|\n|poke|p2|Abomasnow, L50, F|\n|poke|p2|Iron Bundle, L50|\n|teampreview|4\n|inactive|Battle timer is ON: inactive players will automatically lose when time's up. (requested by kamusito98)\n|\n|t:|1681707221\n|start\n|switch|p1a: Thunderball|Chi-Yu, L50|100\/100\n|switch|p1b: GoldenEye|Arcanine, L50, M, shiny|100\/100\n|switch|p2a: Abomasnow|Abomasnow, L50, F|100\/100\n|switch|p2b: Iron Bundle|Iron Bundle, L50|100\/100\n|-ability|p1b: GoldenEye|Intimidate|boost\n|-unboost|p2a: Abomasnow|atk|1\n|-unboost|p2b: Iron Bundle|atk|1\n|-ability|p1a: Thunderball|Beads of Ruin\n|-weather|Snow|[from] ability: Snow Warning|[of] p2a: Abomasnow\n|-enditem|p2b: Iron Bundle|Booster Energy\n|-activate|p2b: Iron Bundle|ability: Quark Drive|[fromitem]\n|-start|p2b: Iron Bundle|quarkdrivespe\n|turn|1\n|inactive|kamusito98 has 30 seconds left.\n|inactive|kamusito98 has 20 seconds left.\n|inactive|kamusito98 has 15 seconds left.\n|inactive|kamusito98 has 10 seconds left.\n|inactive|kamusito98 has 5 seconds left.\n|\n|t:|1681707276\n|-terastallize|p1a: Thunderball|Grass\n|move|p2b: Iron Bundle|Blizzard|p1a: Thunderball|[spread] p1a,p1b\n|-supereffective|p1a: Thunderball\n|-resisted|p1b: GoldenEye\n|-damage|p1a: Thunderball|10\/100\n|-damage|p1b: GoldenEye|69\/100\n|move|p1b: GoldenEye|Flare Blitz|p2a: Abomasnow\n|-supereffective|p2a: Abomasnow\n|-damage|p2a: Abomasnow|0 fnt\n|faint|p2a: Abomasnow\n|-damage|p1b: GoldenEye|33\/100|[from] Recoil\n|move|p1a: Thunderball|Tera Blast|p2b: Iron Bundle\n|-supereffective|p2b: Iron Bundle\n|-damage|p2b: Iron Bundle|0 fnt\n|faint|p2b: Iron Bundle\n|-end|p2b: Iron Bundle|Quark Drive|[silent]\n|-damage|p1a: Thunderball|0 fnt|[from] item: Life Orb\n|faint|p1a: Thunderball\n|\n|-weather|Snow|[upkeep]\n|upkeep\n|inactive|kamusito98 has 30 seconds left.\n|inactive|kamusito98 has 20 seconds left.\n|inactive|kamusito98 has 15 seconds left.\n|inactive|kamusito98 has 10 seconds left.\n|inactive|kamusito98 has 5 seconds left.\n|\n|t:|1681707331\n|switch|p2b: Gyarados|Gyarados, L50, M|100\/100\n|switch|p1a: Skyfall|Palafin, L50, M|100\/100\n|switch|p2a: \u30a6\u30a4\u30f3\u30c7\u30a3|Arcanine, L50, M|100\/100\n|-ability|p2b: Gyarados|Intimidate|boost\n|-unboost|p1a: Skyfall|atk|1\n|-unboost|p1b: GoldenEye|atk|1\n|-ability|p2a: \u30a6\u30a4\u30f3\u30c7\u30a3|Intimidate|boost\n|-unboost|p1a: Skyfall|atk|1\n|-unboost|p1b: GoldenEye|atk|1\n|turn|2\n|inactive|kamusito98 has 30 seconds left.\n|inactive|kamusito98 has 20 seconds left.\n|inactive|kamusito98 has 15 seconds left.\n|inactive|kamusito98 has 10 seconds left.\n|inactive|kamusito98 has 5 seconds left.\n|\n|t:|1681707386\n|detailschange|p1a: Skyfall|Palafin-Hero, L50, M\n|switch|p1a: CasinoRoyale|Maushold-Four, L50|100\/100\n|move|p1b: GoldenEye|Will-O-Wisp|p2b: Gyarados\n|-status|p2b: Gyarados|brn\n|-enditem|p2b: Gyarados|Lum Berry|[eat]\n|-curestatus|p2b: Gyarados|brn|[msg]\n|move|p2b: Gyarados|Dragon Dance|p2b: Gyarados\n|-boost|p2b: Gyarados|atk|1\n|-boost|p2b: Gyarados|spe|1\n|move|p2a: \u30a6\u30a4\u30f3\u30c7\u30a3|Snarl|p1a: CasinoRoyale|[spread] p1a,p1b\n|-damage|p1a: CasinoRoyale|88\/100\n|-damage|p1b: GoldenEye|26\/100\n|-unboost|p1a: CasinoRoyale|spa|1\n|-unboost|p1b: GoldenEye|spa|1\n|\n|-weather|Snow|[upkeep]\n|upkeep\n|turn|3\n|inactive|kamusito98 has 30 seconds left.\n|inactive|kamusito98 has 20 seconds left.\n|inactive|kamusito98 has 15 seconds left.\n|inactive|kamusito98 has 10 seconds left.\n|inactive|kamusito98 has 5 seconds left.\n|\n|t:|1681707441\n|move|p1a: CasinoRoyale|Follow Me|p1a: CasinoRoyale\n|-singleturn|p1a: CasinoRoyale|move: Follow Me\n|move|p2b: Gyarados|Dragon Dance|p2b: Gyarados\n|-boost|p2b: Gyarados|atk|1\n|-boost|p2b: Gyarados|spe|1\n|move|p1b: GoldenEye|Will-O-Wisp|p2b: Gyarados|[miss]\n|-miss|p1b: GoldenEye|p2b: Gyarados\n|move|p2a: \u30a6\u30a4\u30f3\u30c7\u30a3|Snarl|p1b: GoldenEye|[spread] p1a,p1b\n|-damage|p1a: CasinoRoyale|77\/100\n|-damage|p1b: GoldenEye|19\/100\n|-unboost|p1a: CasinoRoyale|spa|1\n|-unboost|p1b: GoldenEye|spa|1\n|\n|-weather|Snow|[upkeep]\n|upkeep\n|turn|4\n|inactive|kamusito98 has 30 seconds left.\n|inactive|kamusito98 has 20 seconds left.\n|inactive|kamusito98 has 15 seconds left.\n|inactive|kamusito98 has 10 seconds left.\n|inactive|kamusito98 has 5 seconds left.\n|\n|t:|1681707497\n|move|p2b: Gyarados|Dragon Dance|p2b: Gyarados\n|-boost|p2b: Gyarados|atk|1\n|-boost|p2b: Gyarados|spe|1\n|move|p1a: CasinoRoyale|Population Bomb|p2a: \u30a6\u30a4\u30f3\u30c7\u30a3\n|-damage|p2a: \u30a6\u30a4\u30f3\u30c7\u30a3|95\/100\n|-hitcount|p2a: \u30a6\u30a4\u30f3\u30c7\u30a3|1\n|move|p1b: GoldenEye|Will-O-Wisp|p2b: Gyarados\n|-status|p2b: Gyarados|brn\n|move|p2a: \u30a6\u30a4\u30f3\u30c7\u30a3|Snarl|p1b: GoldenEye|[spread] p1a,p1b\n|-damage|p1a: CasinoRoyale|66\/100\n|-damage|p1b: GoldenEye|12\/100\n|-unboost|p1a: CasinoRoyale|spa|1\n|-unboost|p1b: GoldenEye|spa|1\n|\n|-weather|Snow|[upkeep]\n|-damage|p2b: Gyarados|95\/100 brn|[from] brn\n|upkeep\n|turn|5\n|inactive|pollinosis has 30 seconds left.\n|inactive|kamusito98 has 30 seconds left.\n|inactive|kamusito98 has 20 seconds left.\n|inactive|pollinosis has 20 seconds left.\n|inactive|kamusito98 has 15 seconds left.\n|inactive|pollinosis has 15 seconds left.\n|inactive|kamusito98 has 10 seconds left.\n|inactive|pollinosis has 10 seconds left.\n|inactive|kamusito98 has 5 seconds left.\n|\n|t:|1681707552\n|move|p1a: CasinoRoyale|Helping Hand|p1b: GoldenEye\n|-singleturn|p1b: GoldenEye|Helping Hand|[of] p1a: CasinoRoyale\n|move|p1b: GoldenEye|Extreme Speed|p2b: Gyarados\n|-crit|p2b: Gyarados\n|-damage|p2b: Gyarados|15\/100 brn\n|move|p2b: Gyarados|Dragon Dance|p2b: Gyarados\n|-boost|p2b: Gyarados|atk|1\n|-boost|p2b: Gyarados|spe|1\n|move|p2a: \u30a6\u30a4\u30f3\u30c7\u30a3|Snarl|p1a: CasinoRoyale|[spread] p1a,p1b\n|-damage|p1a: CasinoRoyale|55\/100\n|-damage|p1b: GoldenEye|5\/100\n|-unboost|p1a: CasinoRoyale|spa|1\n|-unboost|p1b: GoldenEye|spa|1\n|\n|-weather|none\n|-damage|p2b: Gyarados|9\/100 brn|[from] brn\n|upkeep\n|turn|6\n|inactive|kamusito98 has 30 seconds left.\n|inactive|kamusito98 has 20 seconds left.\n|inactive|kamusito98 has 15 seconds left.\n|inactive|kamusito98 has 10 seconds left.\n|inactive|kamusito98 has 5 seconds left.\n|\n|t:|1681707607\n|move|p1b: GoldenEye|Extreme Speed|p2b: Gyarados\n|-damage|p2b: Gyarados|0 fnt\n|faint|p2b: Gyarados\n|move|p1a: CasinoRoyale|Population Bomb|p2a: \u30a6\u30a4\u30f3\u30c7\u30a3\n|-damage|p2a: \u30a6\u30a4\u30f3\u30c7\u30a3|89\/100\n|-damage|p2a: \u30a6\u30a4\u30f3\u30c7\u30a3|83\/100\n|-crit|p2a: \u30a6\u30a4\u30f3\u30c7\u30a3\n|-damage|p2a: \u30a6\u30a4\u30f3\u30c7\u30a3|74\/100\n|-damage|p2a: \u30a6\u30a4\u30f3\u30c7\u30a3|68\/100\n|-damage|p2a: \u30a6\u30a4\u30f3\u30c7\u30a3|61\/100\n|-damage|p2a: \u30a6\u30a4\u30f3\u30c7\u30a3|55\/100\n|-damage|p2a: \u30a6\u30a4\u30f3\u30c7\u30a3|49\/100\n|-damage|p2a: \u30a6\u30a4\u30f3\u30c7\u30a3|44\/100\n|-damage|p2a: \u30a6\u30a4\u30f3\u30c7\u30a3|37\/100\n|-damage|p2a: \u30a6\u30a4\u30f3\u30c7\u30a3|32\/100\n|-hitcount|p2a: \u30a6\u30a4\u30f3\u30c7\u30a3|10\n|move|p2a: \u30a6\u30a4\u30f3\u30c7\u30a3|Snarl|p1a: CasinoRoyale|[spread] p1a,p1b\n|-damage|p1a: CasinoRoyale|44\/100\n|-damage|p1b: GoldenEye|0 fnt\n|-unboost|p1a: CasinoRoyale|spa|1\n|faint|p1b: GoldenEye\n|\n|upkeep\n|\n|t:|1681707625\n|switch|p1b: Skyfall|Palafin-Hero, L50, M|100\/100\n|-activate|p1b: Skyfall|ability: Zero to Hero\n|turn|7\n|inactive|kamusito98 has 30 seconds left.\n|inactive|kamusito98 has 20 seconds left.\n|inactive|kamusito98 has 15 seconds left.\n|inactive|kamusito98 has 10 seconds left.\n|inactive|kamusito98 has 5 seconds left.\n|-message|kamusito98 lost due to inactivity.\n|\n|win|pollinosis\n|raw|pollinosis's rating: 1154 → 1183<\/strong> (+29 for winning)\n|raw|kamusito98's rating: 1213 → 1184<\/strong> (-29 for losing)\n","uploadtime":1681707664,"views":9,"p1id":"pollinosis","p2id":"kamusito98","formatid":"gen9vgc2023regulationc","rating":1183,"private":0,"password":""}