{"id":"gen9vgc2023regulationc-1862260499","p1":"jamez10","p2":"labmonjo1210","format":"[Gen 9] VGC 2023 Regulation C","log":"|j|\u2606jamez10\n|j|\u2606labmonjo1210\n|t:|1683856404\n|gametype|doubles\n|player|p1|jamez10|1|\n|player|p2|labmonjo1210|101|\n|teamsize|p1|6\n|teamsize|p2|6\n|gen|9\n|tier|[Gen 9] VGC 2023 Regulation C\n|rule|Species Clause: Limit one of each Pok\u00e9mon\n|rule|Item Clause: Limit one of each item\n|clearpoke\n|poke|p1|Palafin, L50, M|\n|poke|p1|Rabsca, L50, M|\n|poke|p1|Iron Bundle, L50|\n|poke|p1|Bronzong, L50|\n|poke|p1|Raichu, L50, F|\n|poke|p1|Iron Jugulis, L50|\n|poke|p2|Armarouge, L50, M|\n|poke|p2|Gastrodon, L50, M|\n|poke|p2|Roaring Moon, L50|\n|poke|p2|Iron Moth, L50|\n|poke|p2|Cetitan, L50, F|\n|poke|p2|Pelipper, L50, F|\n|teampreview|4\n|j| JJ22FTW\n|j| lethalpilot\n|j| tomciv20\n|j| SuperToad916\n|\n|t:|1683856452\n|start\n|switch|p1a: Palafin|Palafin, L50, M|100\/100\n|switch|p1b: Iron Jugulis|Iron Jugulis, L50|100\/100\n|switch|p2a: Intigua|Roaring Moon, L50, shiny|100\/100\n|switch|p2b: Morty|Cetitan, L50, F|100\/100\n|-enditem|p1b: Iron Jugulis|Booster Energy\n|-activate|p1b: Iron Jugulis|ability: Quark Drive|[fromitem]\n|-start|p1b: Iron Jugulis|quarkdrivespe\n|-enditem|p2a: Intigua|Booster Energy\n|-activate|p2a: Intigua|ability: Protosynthesis|[fromitem]\n|-start|p2a: Intigua|protosynthesisatk\n|turn|1\n|j| CluelessGamer18\n|\n|t:|1683856496\n|-end|p2a: Intigua|Protosynthesis|[silent]\n|switch|p2a: Glorpis|Gastrodon, L50, M, shiny|100\/100\n|-terastallize|p1b: Iron Jugulis|Steel\n|move|p1a: Palafin|Protect|p1a: Palafin\n|-singleturn|p1a: Palafin|Protect\n|move|p1b: Iron Jugulis|Tailwind|p1b: Iron Jugulis\n|-sidestart|p1: jamez10|move: Tailwind\n|move|p2b: Morty|Icicle Crash|p1b: Iron Jugulis\n|-resisted|p1b: Iron Jugulis\n|-crit|p1b: Iron Jugulis\n|-damage|p1b: Iron Jugulis|54\/100\n|\n|upkeep\n|turn|2\n|\n|t:|1683856525\n|detailschange|p1a: Palafin|Palafin-Hero, L50, M\n|switch|p1a: Iron Bundle|Iron Bundle, L50|100\/100\n|switch|p2b: Intigua|Roaring Moon, L50, shiny|100\/100\n|move|p1b: Iron Jugulis|Flash Cannon|p2b: Intigua\n|-damage|p2b: Intigua|63\/100\n|move|p2a: Glorpis|Earthquake|p1a: Iron Bundle|[spread] p2b,p1a,p1b\n|-supereffective|p1b: Iron Jugulis\n|-damage|p2b: Intigua|35\/100\n|-damage|p1a: Iron Bundle|73\/100\n|-damage|p1b: Iron Jugulis|0 fnt\n|faint|p1b: Iron Jugulis\n|-end|p1b: Iron Jugulis|Quark Drive|[silent]\n|\n|upkeep\n|\n|t:|1683856541\n|switch|p1b: Raichu|Raichu, L50, F|100\/100\n|turn|3\n|\n|t:|1683856549\n|move|p1b: Raichu|Fake Out|p2a: Glorpis\n|-damage|p2a: Glorpis|92\/100\n|move|p1a: Iron Bundle|Icy Wind|p2b: Intigua|[spread] p2a,p2b\n|-supereffective|p2b: Intigua\n|-damage|p2a: Glorpis|65\/100\n|-damage|p2b: Intigua|0 fnt\n|-unboost|p2a: Glorpis|spe|1\n|faint|p2b: Intigua\n|-end|p2b: Intigua|Protosynthesis|[silent]\n|-damage|p1a: Iron Bundle|63\/100|[from] item: Life Orb\n|cant|p2a: Glorpis|flinch\n|\n|upkeep\n|\n|t:|1683856559\n|switch|p2b: Morty|Cetitan, L50, F|100\/100\n|turn|4\n|\n|t:|1683856594\n|move|p1a: Iron Bundle|Protect|p1a: Iron Bundle\n|-singleturn|p1a: Iron Bundle|Protect\n|move|p1b: Raichu|Nuzzle|p2b: Morty\n|-damage|p2b: Morty|95\/100\n|-status|p2b: Morty|par\n|move|p2b: Morty|Body Slam|p1a: Iron Bundle\n|-activate|p1a: Iron Bundle|move: Protect\n|move|p2a: Glorpis|Ice Beam|p1b: Raichu\n|-damage|p1b: Raichu|67\/100\n|-enditem|p1b: Raichu|Eject Button\n|\n|t:|1683856611\n|switch|p1b: Palafin|Palafin-Hero, L50, M|100\/100\n|-activate|p1b: Palafin|ability: Zero to Hero\n|\n|-sideend|p1: jamez10|move: Tailwind\n|upkeep\n|turn|5\n|\n|t:|1683856631\n|move|p1a: Iron Bundle|Freeze-Dry|p2a: Glorpis\n|-supereffective|p2a: Glorpis\n|-damage|p2a: Glorpis|0 fnt\n|faint|p2a: Glorpis\n|-damage|p1a: Iron Bundle|53\/100|[from] item: Life Orb\n|move|p1b: Palafin|Drain Punch|p2b: Morty\n|-supereffective|p2b: Morty\n|-damage|p2b: Morty|36\/100 par\n|move|p2b: Morty|Body Slam|p1a: Iron Bundle\n|-damage|p1a: Iron Bundle|7\/100\n|\n|upkeep\n|\n|t:|1683856635\n|switch|p2a: Phillip DeFranco|Iron Moth, L50|100\/100\n|turn|6\n|\n|t:|1683856658\n|move|p1a: Iron Bundle|Icy Wind|p2a: Phillip DeFranco|[spread] p2a,p2b\n|-resisted|p2a: Phillip DeFranco\n|-resisted|p2b: Morty\n|-damage|p2a: Phillip DeFranco|84\/100\n|-damage|p2b: Morty|26\/100 par\n|-unboost|p2a: Phillip DeFranco|spe|1\n|-unboost|p2b: Morty|spe|1\n|-damage|p1a: Iron Bundle|0 fnt|[from] item: Life Orb\n|faint|p1a: Iron Bundle\n|-end|p1a: Iron Bundle|Quark Drive|[silent]\n|move|p1b: Palafin|Wave Crash|p2a: Phillip DeFranco\n|-supereffective|p2a: Phillip DeFranco\n|-damage|p2a: Phillip DeFranco|0 fnt\n|-damage|p1b: Palafin|84\/100|[from] item: Rocky Helmet|[of] p2a: Phillip DeFranco\n|faint|p2a: Phillip DeFranco\n|-end|p2a: Phillip DeFranco|Quark Drive|[silent]\n|-damage|p1b: Palafin|63\/100|[from] Recoil\n|cant|p2b: Morty|par\n|\n|upkeep\n|\n|t:|1683856672\n|switch|p1a: Raichu|Raichu, L50, F|67\/100\n|turn|7\n|\n|t:|1683856680\n|move|p1a: Raichu|Fake Out|p2b: Morty\n|-damage|p2b: Morty|19\/100 par\n|move|p1b: Palafin|Drain Punch|p2b: Morty\n|-supereffective|p2b: Morty\n|-damage|p2b: Morty|0 fnt\n|-heal|p1b: Palafin|75\/100|[from] drain|[of] p2b: Morty\n|faint|p2b: Morty\n|\n|win|jamez10\n|l|\u2606labmonjo1210\n|l| lethalpilot\n","uploadtime":1683856692,"views":16,"p1id":"jamez10","p2id":"labmonjo1210","formatid":"gen9vgc2023regulationc","rating":0,"private":0,"password":""}