{"id":"gen9vgc2023regulationc-1860275278","p1":"fgdfg54","p2":"Ningo11123","format":"[Gen 9] VGC 2023 Regulation C","log":"|j|\u2606fgdfg54\n|j|\u2606Ningo11123\n|t:|1683623667\n|gametype|doubles\n|player|p1|fgdfg54|169|1123\n|player|p2|Ningo11123|korrina-masters|1000\n|teamsize|p1|6\n|teamsize|p2|6\n|gen|9\n|tier|[Gen 9] VGC 2023 Regulation C\n|rated|\n|rule|Species Clause: Limit one of each Pok\u00e9mon\n|rule|Item Clause: Limit one of each item\n|clearpoke\n|poke|p1|Torkoal, L50, F|\n|poke|p1|Chi-Yu, L50|\n|poke|p1|Bronzong, L50|\n|poke|p1|Gastrodon, L50, M|\n|poke|p1|Grimmsnarl, L50, M|\n|poke|p1|Skeledirge, L50, M|\n|poke|p2|Scream Tail, L50|\n|poke|p2|Flutter Mane, L50|\n|poke|p2|Gothitelle, L50, F|\n|poke|p2|Arcanine, L50, M|\n|poke|p2|Amoonguss, L50, F|\n|poke|p2|Palafin, L50, M|\n|teampreview|4\n|inactive|Battle timer is ON: inactive players will automatically lose when time's up. (requested by fgdfg54)\n|\n|t:|1683623692\n|start\n|switch|p1a: Grimmsnarl|Grimmsnarl, L50, M|100\/100\n|switch|p1b: Chi-Yu|Chi-Yu, L50|100\/100\n|switch|p2a: Scream Tail|Scream Tail, L50|100\/100\n|switch|p2b: Palafin|Palafin, L50, M|100\/100\n|-ability|p1b: Chi-Yu|Beads of Ruin\n|turn|1\n|\n|t:|1683623708\n|move|p1a: Grimmsnarl|Fake Out|p2a: Scream Tail\n|-damage|p2a: Scream Tail|91\/100\n|move|p1b: Chi-Yu|Snarl|p2b: Palafin|[spread] p2a,p2b\n|-damage|p2a: Scream Tail|73\/100\n|-damage|p2b: Palafin|67\/100\n|-unboost|p2b: Palafin|spa|1\n|move|p2a: Scream Tail|Perish Song|p2a: Scream Tail\n|-start|p1a: Grimmsnarl|perish3|[silent]\n|-start|p1b: Chi-Yu|perish3|[silent]\n|-start|p2a: Scream Tail|perish3|[silent]\n|-start|p2b: Palafin|perish3|[silent]\n|-fieldactivate|move: Perish Song\n|move|p2b: Palafin|Flip Turn|p1b: Chi-Yu\n|-supereffective|p1b: Chi-Yu\n|-damage|p1b: Chi-Yu|44\/100\n|\n|t:|1683623719\n|detailschange|p2b: Palafin|Palafin-Hero, L50, M\n|switch|p2b: Gothitelle|Gothitelle, L50, F|100\/100|[from] Flip Turn\n|\n|-start|p1b: Chi-Yu|perish3\n|-start|p2a: Scream Tail|perish3\n|-start|p1a: Grimmsnarl|perish3\n|upkeep\n|turn|2\n|\n|t:|1683623738\n|move|p1b: Chi-Yu|Protect|p1b: Chi-Yu\n|-singleturn|p1b: Chi-Yu|Protect\n|move|p2b: Gothitelle|Protect|p2b: Gothitelle\n|-singleturn|p2b: Gothitelle|Protect\n|move|p1a: Grimmsnarl|Trick|p2b: Gothitelle\n|-activate|p2b: Gothitelle|move: Protect\n|move|p2a: Scream Tail|Disable|p1b: Chi-Yu\n|-activate|p1b: Chi-Yu|move: Protect\n|\n|-start|p1b: Chi-Yu|perish2\n|-start|p2a: Scream Tail|perish2\n|-start|p1a: Grimmsnarl|perish2\n|upkeep\n|turn|3\n|\n|t:|1683623762\n|-terastallize|p1b: Chi-Yu|Ghost\n|move|p1a: Grimmsnarl|Trick|p2b: Gothitelle\n|-activate|p1a: Grimmsnarl|move: Trick|[of] p2b: Gothitelle\n|-item|p2b: Gothitelle|Lagging Tail|[from] move: Trick\n|-item|p1a: Grimmsnarl|Sitrus Berry|[from] move: Trick\n|move|p1b: Chi-Yu|Tera Blast|p2b: Gothitelle\n|-supereffective|p2b: Gothitelle\n|-damage|p2b: Gothitelle|25\/100\n|move|p2a: Scream Tail|Disable|p1a: Grimmsnarl\n|-start|p1a: Grimmsnarl|Disable|Trick\n|move|p2b: Gothitelle|Heal Pulse|p2a: Scream Tail\n|-heal|p2a: Scream Tail|100\/100\n|\n|-start|p1b: Chi-Yu|perish1\n|-start|p2a: Scream Tail|perish1\n|-start|p1a: Grimmsnarl|perish1\n|upkeep\n|turn|4\n|\n|t:|1683623786\n|switch|p1b: Skeledirge|Skeledirge, L50, M|100\/100\n|-end|p2a: Scream Tail|Protosynthesis|[silent]\n|switch|p2a: Amoonguss|Amoonguss, L50, F|100\/100\n|move|p2b: Gothitelle|Protect|p2b: Gothitelle\n|-singleturn|p2b: Gothitelle|Protect\n|move|p1a: Grimmsnarl|Spirit Break|p2a: Amoonguss\n|-resisted|p2a: Amoonguss\n|-damage|p2a: Amoonguss|83\/100\n|-unboost|p2a: Amoonguss|spa|1\n|\n|-heal|p2a: Amoonguss|89\/100|[from] item: Leftovers\n|-start|p1a: Grimmsnarl|perish0\n|faint|p1a: Grimmsnarl\n|upkeep\n|\n|t:|1683623793\n|switch|p1a: Chi-Yu|Chi-Yu, L50, tera:Ghost|44\/100\n|-ability|p1a: Chi-Yu|Beads of Ruin\n|turn|5\n|\n|t:|1683623813\n|switch|p2b: Scream Tail|Scream Tail, L50|100\/100\n|move|p1a: Chi-Yu|Substitute|p1a: Chi-Yu\n|-start|p1a: Chi-Yu|Substitute\n|-damage|p1a: Chi-Yu|19\/100\n|-enditem|p1a: Chi-Yu|Wiki Berry|[eat]\n|-heal|p1a: Chi-Yu|53\/100|[from] item: Wiki Berry\n|move|p1b: Skeledirge|Torch Song|p2b: Scream Tail\n|-damage|p2b: Scream Tail|61\/100\n|-boost|p1b: Skeledirge|spa|1\n|move|p2a: Amoonguss|Spore||[still]\n|-fail|p2a: Amoonguss\n|\n|-heal|p2a: Amoonguss|95\/100|[from] item: Leftovers\n|upkeep\n|turn|6\n|\n|t:|1683623835\n|move|p1b: Skeledirge|Protect|p1b: Skeledirge\n|-singleturn|p1b: Skeledirge|Protect\n|move|p1a: Chi-Yu|Tera Blast|p2b: Scream Tail\n|-supereffective|p2b: Scream Tail\n|-damage|p2b: Scream Tail|0 fnt\n|faint|p2b: Scream Tail\n|-end|p2b: Scream Tail|Protosynthesis|[silent]\n|move|p2a: Amoonguss|Pollen Puff|p2: Scream Tail|[notarget]\n|-fail|p2a: Amoonguss\n|\n|-heal|p2a: Amoonguss|100\/100|[from] item: Leftovers\n|upkeep\n|\n|t:|1683623846\n|switch|p2b: Palafin|Palafin-Hero, L50, M|67\/100\n|-activate|p2b: Palafin|ability: Zero to Hero\n|turn|7\n|\n|t:|1683623860\n|switch|p1b: Gastrodon|Gastrodon, L50, M|100\/100\n|-terastallize|p2b: Palafin|Water\n|move|p2b: Palafin|Jet Punch|p1b: Gastrodon\n|-ability|p1b: Gastrodon|Storm Drain|boost\n|-boost|p1b: Gastrodon|spa|1\n|move|p1a: Chi-Yu|Tera Blast|p2b: Palafin\n|-damage|p2b: Palafin|19\/100\n|move|p2a: Amoonguss|Spore|p1b: Gastrodon\n|-status|p1b: Gastrodon|slp|[from] move: Spore\n|\n|upkeep\n|turn|8\n|\n|t:|1683623883\n|move|p2b: Palafin|Protect|p2b: Palafin\n|-singleturn|p2b: Palafin|Protect\n|move|p1a: Chi-Yu|Tera Blast|p2b: Palafin\n|-activate|p2b: Palafin|move: Protect\n|cant|p1b: Gastrodon|slp\n|move|p2a: Amoonguss|Pollen Puff|p1a: Chi-Yu\n|-resisted|p1a: Chi-Yu\n|-activate|p1a: Chi-Yu|move: Substitute|[damage]\n|\n|upkeep\n|turn|9\n|\n|t:|1683623904\n|move|p2a: Amoonguss|Rage Powder|p2a: Amoonguss\n|-singleturn|p2a: Amoonguss|move: Rage Powder\n|move|p2b: Palafin|Jet Punch|p1b: Gastrodon\n|-activate|p1b: Gastrodon|ability: Storm Drain\n|-ability|p1b: Gastrodon|Storm Drain|boost\n|-boost|p1b: Gastrodon|spa|1\n|move|p1a: Chi-Yu|Tera Blast|p2a: Amoonguss\n|-damage|p2a: Amoonguss|62\/100\n|-curestatus|p1b: Gastrodon|slp|[msg]\n|move|p1b: Gastrodon|Earth Power|p2a: Amoonguss\n|-damage|p2a: Amoonguss|0 fnt\n|faint|p2a: Amoonguss\n|\n|upkeep\n|\n|t:|1683623917\n|switch|p2a: Gothitelle|Gothitelle, L50, F|25\/100\n|turn|10\n|\n|t:|1683623933\n|move|p1a: Chi-Yu|Tera Blast|p2b: Palafin\n|-damage|p2b: Palafin|0 fnt\n|faint|p2b: Palafin\n|move|p1b: Gastrodon|Earth Power|p2a: Gothitelle\n|-damage|p2a: Gothitelle|0 fnt\n|faint|p2a: Gothitelle\n|\n|win|fgdfg54\n|raw|fgdfg54's rating: 1101 → 1119<\/strong> (+18 for winning)\n|raw|Ningo11123's rating: 1000 → 1000<\/strong> (+0 for losing)\n|l|\u2606Ningo11123\n","uploadtime":1683623938,"views":7,"p1id":"fgdfg54","p2id":"ningo11123","formatid":"gen9vgc2023regulationc","rating":1000,"private":0,"password":""}