{"id":"gen9vgc2023regulationc-1857375470","p1":"nk4qovul","p2":"DarkPine60","format":"[Gen 9] VGC 2023 Regulation C","log":"|j|\u2606nk4qovul\n|j|\u2606DarkPine60\n|t:|1683182670\n|gametype|doubles\n|player|p1|nk4qovul|lady|1410\n|player|p2|DarkPine60|drayden|1433\n|teamsize|p1|6\n|teamsize|p2|6\n|gen|9\n|tier|[Gen 9] VGC 2023 Regulation C\n|rated|\n|rule|Species Clause: Limit one of each Pok\u00e9mon\n|rule|Item Clause: Limit one of each item\n|clearpoke\n|poke|p1|Dondozo, L50, M|\n|poke|p1|Pelipper, L50, M|\n|poke|p1|Tatsugiri, L50, M|\n|poke|p1|Drednaw, L50, M|\n|poke|p1|Kingambit, L50, M|\n|poke|p1|Gholdengo, L50|\n|poke|p2|Chien-Pao, L50|\n|poke|p2|Palafin, L50, F|\n|poke|p2|Corviknight, L50, F|\n|poke|p2|Volcarona, L50, M|\n|poke|p2|Gothitelle, L50, M|\n|poke|p2|Iron Hands, L50|\n|teampreview|4\n|inactive|Battle timer is ON: inactive players will automatically lose when time's up. (requested by DarkPine60)\nDarkPine60 has agreed to open team sheets.\n|inactive|DarkPine60 has 60 seconds left.\n|inactive|DarkPine60 has 30 seconds left.\n|inactive|DarkPine60 has 20 seconds left.\n|inactive|DarkPine60 has 15 seconds left.\n|inactive|DarkPine60 has 10 seconds left.\n|inactive|DarkPine60 has 5 seconds left.\n|\n|t:|1683182759\n|start\n|switch|p1a: Gholdengo|Gholdengo, L50|100\/100\n|switch|p1b: Dondozo|Dondozo, L50, M|100\/100\n|switch|p2a: Gothitelle|Gothitelle, L50, M|100\/100\n|switch|p2b: Iron Hands|Iron Hands, L50|100\/100\n|turn|1\n|inactive|nk4qovul has 30 seconds left.\n|\n|t:|1683182792\n|move|p1b: Dondozo|Protect|p1b: Dondozo\n|-singleturn|p1b: Dondozo|Protect\n|move|p2b: Iron Hands|Fake Out|p1b: Dondozo\n|-activate|p1b: Dondozo|move: Protect\n|move|p1a: Gholdengo|Make It Rain|p2a: Gothitelle|[spread] p2a,p2b\n|-resisted|p2b: Iron Hands\n|-damage|p2a: Gothitelle|46\/100\n|-damage|p2b: Iron Hands|82\/100\n|-unboost|p1a: Gholdengo|spa|1\n|-enditem|p2a: Gothitelle|Sitrus Berry|[eat]\n|-heal|p2a: Gothitelle|71\/100|[from] item: Sitrus Berry\n|move|p2a: Gothitelle|Trick Room|p2a: Gothitelle\n|-fieldstart|move: Trick Room|[of] p2a: Gothitelle\n|\n|upkeep\n|turn|2\n|inactive|nk4qovul has 30 seconds left.\n|inactive|DarkPine60 has 30 seconds left.\n|inactive|nk4qovul has 20 seconds left.\n|inactive|nk4qovul has 15 seconds left.\n|inactive|nk4qovul has 10 seconds left.\n|inactive|nk4qovul has 5 seconds left.\n|\n|t:|1683182845\n|move|p2a: Gothitelle|Protect|p2a: Gothitelle\n|-singleturn|p2a: Gothitelle|Protect\n|move|p2b: Iron Hands|Wild Charge|p1b: Dondozo\n|-supereffective|p1b: Dondozo\n|-damage|p1b: Dondozo|33\/100\n|-damage|p2b: Iron Hands|66\/100|[from] Recoil\n|move|p1b: Dondozo|Surf|p2b: Iron Hands|[spread] p1a,p2b\n|-activate|p2a: Gothitelle|move: Protect\n|-damage|p1a: Gholdengo|65\/100\n|-damage|p2b: Iron Hands|50\/100\n|-damage|p1b: Dondozo|23\/100|[from] item: Life Orb\n|move|p1a: Gholdengo|Make It Rain|p2a: Gothitelle|[spread] p2b\n|-activate|p2a: Gothitelle|move: Protect\n|-resisted|p2b: Iron Hands\n|-damage|p2b: Iron Hands|37\/100\n|-unboost|p1a: Gholdengo|spa|1\n|\n|upkeep\n|turn|3\n|inactive|nk4qovul has 30 seconds left.\n|inactive|nk4qovul has 20 seconds left.\n|inactive|nk4qovul has 15 seconds left.\n|inactive|nk4qovul has 10 seconds left.\n|\n|t:|1683182891\n|move|p1b: Dondozo|Protect|p1b: Dondozo\n|-singleturn|p1b: Dondozo|Protect\n|move|p2b: Iron Hands|Wild Charge|p1a: Gholdengo\n|-damage|p1a: Gholdengo|12\/100\n|-damage|p2b: Iron Hands|28\/100|[from] Recoil\n|move|p2a: Gothitelle|Psychic|p1b: Dondozo\n|-activate|p1b: Dondozo|move: Protect\n|move|p1a: Gholdengo|Make It Rain|p2a: Gothitelle|[spread] p2a,p2b\n|-resisted|p2b: Iron Hands\n|-damage|p2a: Gothitelle|40\/100\n|-damage|p2b: Iron Hands|19\/100\n|-unboost|p1a: Gholdengo|spa|1\n|\n|upkeep\n|turn|4\n|\n|t:|1683182914\n|move|p2b: Iron Hands|Wild Charge|p1b: Dondozo\n|-supereffective|p1b: Dondozo\n|-damage|p1b: Dondozo|0 fnt\n|faint|p1b: Dondozo\n|-damage|p2b: Iron Hands|14\/100|[from] Recoil\n|move|p2a: Gothitelle|Psychic|p1a: Gholdengo\n|-resisted|p1a: Gholdengo\n|-damage|p1a: Gholdengo|0 fnt\n|faint|p1a: Gholdengo\n|\n|upkeep\n|\n|t:|1683182922\n|switch|p1b: Tatsugiri|Tatsugiri, L50, M|100\/100\n|switch|p1a: Pelipper|Pelipper, L50, M|100\/100\n|-weather|RainDance|[from] ability: Drizzle|[of] p1a: Pelipper\n|turn|5\n|inactive|nk4qovul has 30 seconds left.\n|inactive|nk4qovul has 20 seconds left.\n|inactive|nk4qovul has 15 seconds left.\n|\n|t:|1683182963\n|-terastallize|p1a: Pelipper|Steel\n|move|p1b: Tatsugiri|Protect|p1b: Tatsugiri\n|-singleturn|p1b: Tatsugiri|Protect\n|move|p2b: Iron Hands|Drain Punch|p1b: Tatsugiri\n|-activate|p1b: Tatsugiri|move: Protect\n|move|p2a: Gothitelle|Psychic|p1b: Tatsugiri\n|-activate|p1b: Tatsugiri|move: Protect\n|move|p1a: Pelipper|Tailwind|p1a: Pelipper\n|-sidestart|p1: nk4qovul|move: Tailwind\n|\n|-weather|RainDance|[upkeep]\n|-fieldend|move: Trick Room\n|upkeep\n|turn|6\n|\n|t:|1683182981\n|move|p1b: Tatsugiri|Muddy Water|p2b: Iron Hands|[spread] p2b\n|-miss|p1b: Tatsugiri|p2a: Gothitelle\n|-damage|p2b: Iron Hands|0 fnt\n|faint|p2b: Iron Hands\n|-end|p2b: Iron Hands|Quark Drive|[silent]\n|move|p1a: Pelipper|Hurricane|p2a: Gothitelle\n|-damage|p2a: Gothitelle|15\/100\n|move|p2a: Gothitelle|Trick Room|p2a: Gothitelle\n|-fieldstart|move: Trick Room|[of] p2a: Gothitelle\n|\n|-weather|RainDance|[upkeep]\n|upkeep\n|\n|t:|1683182991\n|switch|p2b: Volcarona|Volcarona, L50, M|100\/100\n|turn|7\n|\n|t:|1683183005\n|move|p2b: Volcarona|Protect|p2b: Volcarona\n|-singleturn|p2b: Volcarona|Protect\n|move|p1a: Pelipper|Wide Guard|p1a: Pelipper\n|-singleturn|p1a: Pelipper|Wide Guard\n|move|p2a: Gothitelle|Psychic|p1b: Tatsugiri\n|-damage|p1b: Tatsugiri|64\/100\n|move|p1b: Tatsugiri|Muddy Water|p2a: Gothitelle|[spread] p2a\n|-activate|p2b: Volcarona|move: Protect\n|-damage|p2a: Gothitelle|0 fnt\n|faint|p2a: Gothitelle\n|\n|-weather|RainDance|[upkeep]\n|upkeep\n|\n|t:|1683183018\n|switch|p2a: Chien-Pao|Chien-Pao, L50|100\/100\n|-ability|p2a: Chien-Pao|Sword of Ruin\n|turn|8\n|\n|t:|1683183032\n|-terastallize|p2b: Volcarona|Grass\n|move|p1b: Tatsugiri|Protect|p1b: Tatsugiri\n|-singleturn|p1b: Tatsugiri|Protect\n|move|p2a: Chien-Pao|Sucker Punch||[still]\n|-fail|p2a: Chien-Pao\n|move|p2b: Volcarona|Fiery Dance|p1a: Pelipper\n|-supereffective|p1a: Pelipper\n|-damage|p1a: Pelipper|53\/100\n|-boost|p2b: Volcarona|spa|1\n|move|p1a: Pelipper|Hurricane|p2b: Volcarona\n|-supereffective|p2b: Volcarona\n|-damage|p2b: Volcarona|38\/100\n|\n|-weather|RainDance|[upkeep]\n|-heal|p2b: Volcarona|44\/100|[from] item: Leftovers\n|-sideend|p1: nk4qovul|move: Tailwind\n|upkeep\n|turn|9\n|inactive|nk4qovul has 30 seconds left.\n|inactive|DarkPine60 has 30 seconds left.\n|inactive|nk4qovul has 20 seconds left.\n|\n|t:|1683183067\n|move|p2a: Chien-Pao|Sucker Punch|p1a: Pelipper\n|-damage|p1a: Pelipper|8\/100\n|move|p1a: Pelipper|Hurricane|p2a: Chien-Pao\n|-damage|p2a: Chien-Pao|39\/100\n|move|p2b: Volcarona|Giga Drain|p1b: Tatsugiri\n|-damage|p1b: Tatsugiri|0 fnt\n|-heal|p2b: Volcarona|68\/100|[from] drain|[of] p1b: Tatsugiri\n|faint|p1b: Tatsugiri\n|\n|-weather|RainDance|[upkeep]\n|-heal|p2b: Volcarona|74\/100|[from] item: Leftovers\n|upkeep\n|turn|10\n|-message|nk4qovul forfeited.\n|\n|win|DarkPine60\n|raw|nk4qovul's rating: 1410 → 1391<\/strong> (-19 for losing)\n|raw|DarkPine60's rating: 1433 → 1452<\/strong> (+19 for winning)\n|l|\u2606nk4qovul\n","uploadtime":1683183088,"views":6,"p1id":"nk4qovul","p2id":"darkpine60","formatid":"gen9vgc2023regulationc","rating":1391,"private":0,"password":""}