{"id":"gen9vgc2023regulationc-1864030758","p1":"WorkerBeez14","p2":"nickfang7","format":"[Gen 9] VGC 2023 Regulation C","log":"|j|\u2606WorkerBeez14\n|j|\u2606nickfang7\n|t:|1684107704\n|gametype|doubles\n|player|p1|WorkerBeez14|will|1444\n|player|p2|nickfang7|1|1486\n|teamsize|p1|6\n|teamsize|p2|6\n|gen|9\n|tier|[Gen 9] VGC 2023 Regulation C\n|rated|\n|rule|Species Clause: Limit one of each Pok\u00e9mon\n|rule|Item Clause: Limit one of each item\n|clearpoke\n|poke|p1|Hatterene, L50, F|\n|poke|p1|Iron Hands, L50|\n|poke|p1|Clawitzer, L50, M|\n|poke|p1|Kingambit, L50, F|\n|poke|p1|Garganacl, L50, M|\n|poke|p1|Cyclizar, L50, M|\n|poke|p2|Torkoal, L50, F|\n|poke|p2|Jumpluff, L50, M|\n|poke|p2|Flutter Mane, L50|\n|poke|p2|Kingambit, L50, F|\n|poke|p2|Great Tusk, L50|\n|poke|p2|Chien-Pao, L50|\n|teampreview|4\n|inactive|Battle timer is ON: inactive players will automatically lose when time's up. (requested by nickfang7)\nWorkerBeez14 has agreed to open team sheets.\n|inactive|WorkerBeez14 has 60 seconds left.\n|inactive|nickfang7 has 60 seconds left.\nnickfang7 has agreed to open team sheets.\n|inactive|WorkerBeez14 has 30 seconds left.\n|inactive|WorkerBeez14 has 20 seconds left.\n|inactive|WorkerBeez14 has 15 seconds left.\n|inactive|WorkerBeez14 has 10 seconds left.\n|inactive|WorkerBeez14 has 5 seconds left.\n|\n|t:|1684107791\n|start\n|switch|p1a: Hatterene|Hatterene, L50, F|100\/100\n|switch|p1b: Iron Hands|Iron Hands, L50|100\/100\n|switch|p2a: Kingambit|Kingambit, L50, F|100\/100\n|switch|p2b: Flutter Mane|Flutter Mane, L50|100\/100\n|turn|1\n|inactive|nickfang7 has 30 seconds left.\n|inactive|nickfang7 has 20 seconds left.\n|inactive|nickfang7 has 15 seconds left.\n|inactive|nickfang7 has 10 seconds left.\n|inactive|nickfang7 has 5 seconds left.\n|\n|t:|1684107844\n|move|p1a: Hatterene|Protect|p1a: Hatterene\n|-singleturn|p1a: Hatterene|Protect\n|move|p2b: Flutter Mane|Shadow Ball|p1a: Hatterene\n|-activate|p1a: Hatterene|move: Protect\n|move|p2a: Kingambit|Iron Head|p1a: Hatterene\n|-activate|p1a: Hatterene|move: Protect\n|move|p1b: Iron Hands|Drain Punch|p2a: Kingambit\n|-supereffective|p2a: Kingambit\n|-damage|p2a: Kingambit|0 fnt\n|faint|p2a: Kingambit\n|\n|upkeep\n|\n|t:|1684107859\n|switch|p2a: Great Tusk|Great Tusk, L50|100\/100\n|turn|2\n|\n|t:|1684107874\n|-terastallize|p1b: Iron Hands|Grass\n|move|p2a: Great Tusk|Headlong Rush|p1a: Hatterene\n|-damage|p1a: Hatterene|36\/100\n|-unboost|p2a: Great Tusk|def|1\n|-unboost|p2a: Great Tusk|spd|1\n|move|p2b: Flutter Mane|Shadow Ball|p1a: Hatterene\n|-supereffective|p1a: Hatterene\n|-damage|p1a: Hatterene|0 fnt\n|faint|p1a: Hatterene\n|move|p1b: Iron Hands|Swords Dance|p1b: Iron Hands\n|-boost|p1b: Iron Hands|atk|2\n|\n|upkeep\n|\n|t:|1684107889\n|switch|p1a: Kingambit|Kingambit, L50, F|100\/100\n|turn|3\n|\n|t:|1684107899\n|-end|p2b: Flutter Mane|Protosynthesis|[silent]\n|switch|p2b: Torkoal|Torkoal, L50, F|100\/100\n|-weather|SunnyDay|[from] ability: Drought|[of] p2b: Torkoal\n|-activate|p2a: Great Tusk|ability: Protosynthesis\n|-start|p2a: Great Tusk|protosynthesisatk\n|move|p1a: Kingambit|Sucker Punch||[still]\n|-fail|p1a: Kingambit\n|move|p2a: Great Tusk|Headlong Rush|p1a: Kingambit\n|-supereffective|p1a: Kingambit\n|-damage|p1a: Kingambit|0 fnt\n|-unboost|p2a: Great Tusk|def|1\n|-unboost|p2a: Great Tusk|spd|1\n|faint|p1a: Kingambit\n|move|p1b: Iron Hands|Drain Punch|p2a: Great Tusk\n|-damage|p2a: Great Tusk|0 fnt\n|faint|p2a: Great Tusk\n|-end|p2a: Great Tusk|Protosynthesis|[silent]\n|\n|-weather|SunnyDay|[upkeep]\n|upkeep\n|\n|t:|1684107915\n|switch|p2a: Flutter Mane|Flutter Mane, L50|100\/100\n|switch|p1a: Garganacl|Garganacl, L50, M|100\/100\n|-activate|p2a: Flutter Mane|ability: Protosynthesis\n|-start|p2a: Flutter Mane|protosynthesisspe\n|turn|4\n|inactive|nickfang7 has 30 seconds left.\n|inactive|nickfang7 has 20 seconds left.\n|\n|t:|1684107954\n|-terastallize|p2a: Flutter Mane|Fairy\n|move|p1b: Iron Hands|Detect|p1b: Iron Hands\n|-singleturn|p1b: Iron Hands|Protect\n|move|p2a: Flutter Mane|Moonblast|p1a: Garganacl\n|-damage|p1a: Garganacl|35\/100\n|move|p2b: Torkoal|Overheat|p1b: Iron Hands\n|-activate|p1b: Iron Hands|move: Protect\n|move|p1a: Garganacl|Salt Cure|p2b: Torkoal\n|-supereffective|p2b: Torkoal\n|-damage|p2b: Torkoal|77\/100\n|-start|p2b: Torkoal|Salt Cure\n|\n|-weather|SunnyDay|[upkeep]\n|-heal|p1a: Garganacl|41\/100|[from] item: Leftovers\n|-damage|p2b: Torkoal|64\/100|[from] Salt Cure\n|upkeep\n|turn|5\n|inactive|WorkerBeez14 has 30 seconds left.\n|inactive|WorkerBeez14 has 20 seconds left.\n|\n|t:|1684107992\n|move|p2a: Flutter Mane|Moonblast|p1a: Garganacl\n|-damage|p1a: Garganacl|0 fnt\n|faint|p1a: Garganacl\n|move|p2b: Torkoal|Overheat|p1b: Iron Hands|[miss]\n|-miss|p2b: Torkoal|p1b: Iron Hands\n|move|p1b: Iron Hands|Drain Punch|p2b: Torkoal\n|-damage|p2b: Torkoal|0 fnt\n|faint|p2b: Torkoal\n|\n|-weather|SunnyDay|[upkeep]\n|upkeep\n|turn|6\n|\n|t:|1684108007\n|move|p2a: Flutter Mane|Moonblast|p1b: Iron Hands\n|-damage|p1b: Iron Hands|26\/100\n|move|p1b: Iron Hands|Wild Charge|p2a: Flutter Mane\n|-damage|p2a: Flutter Mane|0 fnt\n|faint|p2a: Flutter Mane\n|-end|p2a: Flutter Mane|Protosynthesis|[silent]\n|-damage|p1b: Iron Hands|11\/100|[from] Recoil\n|\n|win|WorkerBeez14\n|raw|WorkerBeez14's rating: 1444 → 1466<\/strong> (+22 for winning)\n|raw|nickfang7's rating: 1486 → 1464<\/strong> (-22 for losing)\n","uploadtime":1684108018,"views":16,"p1id":"workerbeez14","p2id":"nickfang7","formatid":"gen9vgc2023regulationc","rating":1464,"private":0,"password":""}