{"id":"gen9vgc2023regulationc-1846895847","p1":"tang justin","p2":"Il Mule","format":"[Gen 9] VGC 2023 Regulation C","log":"|j|\u2606tang justin\n|j|\u2606Il Mule\n|t:|1681897440\n|gametype|doubles\n|player|p1|tang justin|102|1733\n|player|p2|Il Mule|youngster-gen4dp|1808\n|teamsize|p1|6\n|teamsize|p2|6\n|gen|9\n|tier|[Gen 9] VGC 2023 Regulation C\n|rated|\n|rule|Species Clause: Limit one of each Pok\u00e9mon\n|rule|Item Clause: Limit one of each item\n|clearpoke\n|poke|p1|Iron Hands, L50|\n|poke|p1|Amoonguss, L50, F|\n|poke|p1|Gyarados, L50, M|\n|poke|p1|Flutter Mane, L50|\n|poke|p1|Chi-Yu, L50|\n|poke|p1|Roaring Moon, L50|\n|poke|p2|Great Tusk, L50|\n|poke|p2|Azumarill, L50, M|\n|poke|p2|Chi-Yu, L50|\n|poke|p2|Iron Bundle, L50|\n|poke|p2|Brute Bonnet, L50|\n|poke|p2|Flutter Mane, L50|\n|teampreview|4\n|j| EstoyFuerisimaVGC\n|j| hachiware\n|inactive|Battle timer is ON: inactive players will automatically lose when time's up. (requested by Il Mule)\n|inactive|Il Mule has 60 seconds left.\nIl Mule has agreed to open team sheets.\n|j| niniersi\n|inactive|Il Mule has 30 seconds left.\n|inactive|Il Mule has 20 seconds left.\n|inactive|Il Mule has 15 seconds left.\n|\n|t:|1681897565\n|start\n|switch|p1a: Iron Hands|Iron Hands, L50|100\/100\n|switch|p1b: Flutter Mane|Flutter Mane, L50|100\/100\n|switch|p2a: Bando|Iron Bundle, L50|100\/100\n|switch|p2b: Tasconi|Great Tusk, L50|100\/100\n|-enditem|p2a: Bando|Booster Energy\n|-activate|p2a: Bando|ability: Quark Drive|[fromitem]\n|-start|p2a: Bando|quarkdrivespe\n|turn|1\n|j| goodalakazam\n|\n|t:|1681897580\n|move|p2a: Bando|Protect|p2a: Bando\n|-singleturn|p2a: Bando|Protect\n|move|p2b: Tasconi|Protect|p2b: Tasconi\n|-singleturn|p2b: Tasconi|Protect\n|move|p1a: Iron Hands|Fake Out|p2b: Tasconi\n|-activate|p2b: Tasconi|move: Protect\n|move|p1b: Flutter Mane|Dazzling Gleam|p2a: Bando|[spread] \n|-activate|p2a: Bando|move: Protect\n|-activate|p2b: Tasconi|move: Protect\n|\n|upkeep\n|turn|2\n|inactive|Il Mule has 30 seconds left.\n|inactive|Il Mule has 20 seconds left.\n|inactive|Il Mule has 15 seconds left.\n|\n|t:|1681897620\n|-end|p1b: Flutter Mane|Protosynthesis|[silent]\n|switch|p1b: Amoonguss|Amoonguss, L50, F|100\/100\n|-terastallize|p1a: Iron Hands|Grass\n|move|p2a: Bando|Icy Wind|p1a: Iron Hands|[spread] p1a,p1b\n|-supereffective|p1a: Iron Hands\n|-supereffective|p1b: Amoonguss\n|-damage|p1a: Iron Hands|83\/100\n|-damage|p1b: Amoonguss|65\/100\n|-unboost|p1a: Iron Hands|spe|1\n|-unboost|p1b: Amoonguss|spe|1\n|move|p2b: Tasconi|Headlong Rush|p1b: Amoonguss\n|-damage|p1b: Amoonguss|13\/100\n|-unboost|p2b: Tasconi|def|1\n|-unboost|p2b: Tasconi|spd|1\n|-enditem|p1b: Amoonguss|Sitrus Berry|[eat]\n|-heal|p1b: Amoonguss|38\/100|[from] item: Sitrus Berry\n|move|p1a: Iron Hands|Drain Punch|p2a: Bando\n|-supereffective|p2a: Bando\n|-damage|p2a: Bando|10\/100\n|-heal|p1a: Iron Hands|100\/100|[from] drain|[of] p2a: Bando\n|\n|upkeep\n|turn|3\n|inactive|Il Mule has 30 seconds left.\n|\n|t:|1681897646\n|move|p2a: Bando|Protect|p2a: Bando\n|-singleturn|p2a: Bando|Protect\n|move|p2b: Tasconi|Close Combat|p1a: Iron Hands\n|-damage|p1a: Iron Hands|55\/100\n|-unboost|p2b: Tasconi|def|1\n|-unboost|p2b: Tasconi|spd|1\n|move|p1a: Iron Hands|Drain Punch|p2b: Tasconi\n|-damage|p2b: Tasconi|42\/100\n|-heal|p1a: Iron Hands|78\/100|[from] drain|[of] p2b: Tasconi\n|move|p1b: Amoonguss|Spore|p2a: Bando\n|-activate|p2a: Bando|move: Protect\n|\n|upkeep\n|turn|4\n|\n|t:|1681897665\n|move|p2a: Bando|Freeze-Dry|p1a: Iron Hands\n|-supereffective|p1a: Iron Hands\n|-damage|p1a: Iron Hands|46\/100\n|move|p2b: Tasconi|Close Combat|p1a: Iron Hands\n|-damage|p1a: Iron Hands|0 fnt\n|-unboost|p2b: Tasconi|def|1\n|-unboost|p2b: Tasconi|spd|1\n|faint|p1a: Iron Hands\n|-end|p1a: Iron Hands|Quark Drive|[silent]\n|move|p1b: Amoonguss|Spore|p2b: Tasconi\n|-status|p2b: Tasconi|slp|[from] move: Spore\n|\n|upkeep\n|\n|t:|1681897670\n|switch|p1a: Roaring Moon|Roaring Moon, L50|100\/100\n|-enditem|p1a: Roaring Moon|Booster Energy\n|-activate|p1a: Roaring Moon|ability: Protosynthesis|[fromitem]\n|-start|p1a: Roaring Moon|protosynthesisatk\n|turn|5\n|\n|t:|1681897687\n|-end|p2b: Tasconi|Protosynthesis|[silent]\n|switch|p2b: Dentoni|Chi-Yu, L50|100\/100\n|-ability|p2b: Dentoni|Beads of Ruin\n|move|p2a: Bando|Icy Wind|p1a: Roaring Moon|[spread] p1a,p1b\n|-supereffective|p1a: Roaring Moon\n|-supereffective|p1b: Amoonguss\n|-damage|p1a: Roaring Moon|53\/100\n|-damage|p1b: Amoonguss|0 fnt\n|-unboost|p1a: Roaring Moon|spe|1\n|faint|p1b: Amoonguss\n|move|p1a: Roaring Moon|Dragon Dance|p1a: Roaring Moon\n|-boost|p1a: Roaring Moon|atk|1\n|-boost|p1a: Roaring Moon|spe|1\n|\n|upkeep\n|\n|t:|1681897691\n|switch|p1b: Flutter Mane|Flutter Mane, L50|100\/100\n|turn|6\n|\n|t:|1681897710\n|move|p1a: Roaring Moon|Protect|p1a: Roaring Moon\n|-singleturn|p1a: Roaring Moon|Protect\n|move|p2a: Bando|Icy Wind|p1a: Roaring Moon|[spread] p1b\n|-activate|p1a: Roaring Moon|move: Protect\n|-damage|p1b: Flutter Mane|73\/100\n|-unboost|p1b: Flutter Mane|spe|1\n|move|p2b: Dentoni|Heat Wave|p1b: Flutter Mane|[spread] p1b\n|-activate|p1a: Roaring Moon|move: Protect\n|-damage|p1b: Flutter Mane|28\/100\n|move|p1b: Flutter Mane|Dazzling Gleam|p2a: Bando|[spread] p2a,p2b\n|-damage|p2a: Bando|0 fnt\n|-damage|p2b: Dentoni|55\/100\n|faint|p2a: Bando\n|-end|p2a: Bando|Quark Drive|[silent]\n|\n|upkeep\n|\n|t:|1681897723\n|switch|p2a: Flutter Mane|Flutter Mane, L50|100\/100\n|turn|7\n|-message|tang justin forfeited.\n|\n|win|Il Mule\n|raw|tang justin's rating: 1733 → 1717<\/strong> (-16 for losing)\n|raw|Il Mule's rating: 1808 → 1824<\/strong> (+16 for winning)\n|l|\u2606tang justin\n|l| niniersi\n|l|\u2606Il Mule\n","uploadtime":1681897744,"views":19,"p1id":"tangjustin","p2id":"ilmule","formatid":"gen9vgc2023regulationc","rating":1717,"private":0,"password":""}