{"id":"gen9vgc2023regulationc-1857261000","p1":"jakevw19","p2":"shmixxx","format":"[Gen 9] VGC 2023 Regulation C","log":"|j|\u2606jakevw19\n|j|\u2606shmixxx\n|t:|1683164756\n|gametype|doubles\n|player|p1|jakevw19|depotagent|1177\n|player|p2|shmixxx|arezu|1109\n|teamsize|p1|6\n|teamsize|p2|6\n|gen|9\n|tier|[Gen 9] VGC 2023 Regulation C\n|rated|\n|rule|Species Clause: Limit one of each Pok\u00e9mon\n|rule|Item Clause: Limit one of each item\n|clearpoke\n|poke|p1|Garganacl, L50, F|\n|poke|p1|Glimmora, L50, F|\n|poke|p1|Palafin, L50, F|\n|poke|p1|Rotom-Heat, L50|\n|poke|p1|Mimikyu, L50, M|\n|poke|p1|Ting-Lu, L50|\n|poke|p2|Arcanine, L50, F|\n|poke|p2|Amoonguss, L50, M|\n|poke|p2|Palafin, L50, F|\n|poke|p2|Flutter Mane, L50|\n|poke|p2|Ting-Lu, L50|\n|poke|p2|Baxcalibur, L50, M|\n|teampreview|4\n|inactive|Battle timer is ON: inactive players will automatically lose when time's up. (requested by shmixxx)\n|inactive|jakevw19 has 60 seconds left.\n|inactive|shmixxx has 60 seconds left.\n|\n|t:|1683164803\n|start\n|switch|p1a: The Dolphin|Palafin, L50, F|100\/100\n|switch|p1b: Gargachad|Garganacl, L50, F|100\/100\n|switch|p2a: Palafin|Palafin, L50, F|100\/100\n|switch|p2b: Ting-Lu|Ting-Lu, L50|100\/100\n|-ability|p2b: Ting-Lu|Vessel of Ruin\n|turn|1\n|\n|t:|1683164820\n|detailschange|p2a: Palafin|Palafin-Hero, L50, F\n|switch|p2a: Baxcalibur|Baxcalibur, L50, M|100\/100\n|-terastallize|p1b: Gargachad|Ghost\n|move|p1a: The Dolphin|Flip Turn|p2b: Ting-Lu\n|-supereffective|p2b: Ting-Lu\n|-damage|p2b: Ting-Lu|54\/100\n|\n|t:|1683164830\n|detailschange|p1a: The Dolphin|Palafin-Hero, L50, F\n|switch|p1a: The Creature|Mimikyu, L50, M|100\/100|[from] Flip Turn\n|move|p2b: Ting-Lu|Sand Tomb|p1b: Gargachad\n|-damage|p1b: Gargachad|89\/100\n|-activate|p1b: Gargachad|move: Sand Tomb|[of] p2b: Ting-Lu\n|move|p1b: Gargachad|Iron Defense|p1b: Gargachad\n|-boost|p1b: Gargachad|def|2\n|\n|-heal|p1b: Gargachad|95\/100|[from] item: Leftovers\n|-damage|p1b: Gargachad|83\/100|[from] move: Sand Tomb|[partiallytrapped]\n|upkeep\n|turn|2\n|\n|t:|1683164848\n|move|p1a: The Creature|Protect|p1a: The Creature\n|-singleturn|p1a: The Creature|Protect\n|move|p2a: Baxcalibur|Ice Shard|p1a: The Creature\n|-activate|p1a: The Creature|move: Protect\n|move|p2b: Ting-Lu|Heavy Slam|p1a: The Creature\n|-activate|p1a: The Creature|move: Protect\n|move|p1b: Gargachad|Salt Cure|p2b: Ting-Lu\n|-resisted|p2b: Ting-Lu\n|-damage|p2b: Ting-Lu|51\/100\n|-start|p2b: Ting-Lu|Salt Cure\n|\n|-heal|p1b: Gargachad|88\/100|[from] item: Leftovers\n|-damage|p2b: Ting-Lu|39\/100|[from] Salt Cure\n|-damage|p1b: Gargachad|76\/100|[from] move: Sand Tomb|[partiallytrapped]\n|upkeep\n|turn|3\n|inactive|shmixxx has 30 seconds left.\n|\n|t:|1683164876\n|move|p2a: Baxcalibur|Ice Shard|p1a: The Creature\n|-activate|p1a: The Creature|ability: Disguise\n|-damage|p1a: The Creature|100\/100\n|detailschange|p1a: The Creature|Mimikyu-Busted, L50, M\n|-damage|p1a: The Creature|88\/100|[from] pokemon: Mimikyu-Busted\n|move|p1a: The Creature|Play Rough|p2a: Baxcalibur\n|-supereffective|p2a: Baxcalibur\n|-damage|p2a: Baxcalibur|9\/100\n|-damage|p1a: The Creature|78\/100|[from] item: Life Orb\n|move|p2b: Ting-Lu|Heavy Slam|p1a: The Creature\n|-supereffective|p1a: The Creature\n|-damage|p1a: The Creature|0 fnt\n|faint|p1a: The Creature\n|move|p1b: Gargachad|Salt Cure|p2a: Baxcalibur\n|-supereffective|p2a: Baxcalibur\n|-damage|p2a: Baxcalibur|0 fnt\n|faint|p2a: Baxcalibur\n|\n|-heal|p1b: Gargachad|82\/100|[from] item: Leftovers\n|-damage|p2b: Ting-Lu|26\/100|[from] Salt Cure\n|-damage|p1b: Gargachad|70\/100|[from] move: Sand Tomb|[partiallytrapped]\n|upkeep\n|inactive|jakevw19 has 30 seconds left.\n|\n|t:|1683164901\n|switch|p1a: The Dolphin|Palafin-Hero, L50, F|100\/100\n|switch|p2a: Amoonguss|Amoonguss, L50, M|100\/100\n|-activate|p1a: The Dolphin|ability: Zero to Hero\n|turn|4\n|\n|t:|1683164913\n|-terastallize|p2b: Ting-Lu|Grass\n|move|p1a: The Dolphin|Flip Turn|p2b: Ting-Lu\n|-resisted|p2b: Ting-Lu\n|-damage|p2b: Ting-Lu|7\/100\n|\n|t:|1683164918\n|switch|p1a: The Oven|Rotom-Heat, L50|100\/100|[from] Flip Turn\n|move|p2b: Ting-Lu|Sand Tomb|p1a: The Oven\n|-immune|p1a: The Oven|[from] ability: Levitate\n|move|p1b: Gargachad|Salt Cure|p2a: Amoonguss\n|-damage|p2a: Amoonguss|88\/100\n|-start|p2a: Amoonguss|Salt Cure\n|move|p2a: Amoonguss|Pollen Puff|p2b: Ting-Lu\n|-heal|p2b: Ting-Lu|57\/100\n|\n|-heal|p1b: Gargachad|76\/100|[from] item: Leftovers\n|-damage|p2b: Ting-Lu|44\/100|[from] Salt Cure\n|-damage|p1b: Gargachad|64\/100|[from] move: Sand Tomb|[partiallytrapped]\n|-damage|p2a: Amoonguss|76\/100|[from] Salt Cure\n|upkeep\n|turn|5\n|\n|t:|1683164940\n|move|p1a: The Oven|Overheat|p2b: Ting-Lu\n|-supereffective|p2b: Ting-Lu\n|-damage|p2b: Ting-Lu|0 fnt\n|-unboost|p1a: The Oven|spa|2\n|faint|p2b: Ting-Lu\n|move|p1b: Gargachad|Recover|p1b: Gargachad\n|-heal|p1b: Gargachad|100\/100\n|move|p2a: Amoonguss|Pollen Puff|p2: Ting-Lu|[notarget]\n|-fail|p2a: Amoonguss\n|\n|-end|p1b: Gargachad|Sand Tomb|[partiallytrapped]\n|-damage|p2a: Amoonguss|64\/100|[from] Salt Cure\n|upkeep\n|\n|t:|1683164944\n|switch|p2b: Palafin|Palafin-Hero, L50, F|100\/100\n|-activate|p2b: Palafin|ability: Zero to Hero\n|turn|6\n|\n|t:|1683164964\n|move|p1a: The Oven|Overheat|p2a: Amoonguss|[miss]\n|-miss|p1a: The Oven|p2a: Amoonguss\n|move|p2b: Palafin|Haze|p2b: Palafin\n|-clearallboost\n|move|p1b: Gargachad|Salt Cure|p2b: Palafin\n|-damage|p2b: Palafin|87\/100\n|-start|p2b: Palafin|Salt Cure\n|move|p2a: Amoonguss|Spore|p1a: The Oven\n|-status|p1a: The Oven|slp|[from] move: Spore\n|\n|-heal|p2b: Palafin|93\/100|[from] item: Leftovers\n|-damage|p2b: Palafin|69\/100|[from] Salt Cure\n|-damage|p2a: Amoonguss|52\/100|[from] Salt Cure\n|upkeep\n|turn|7\n|\n|t:|1683164987\n|move|p2b: Palafin|Jet Punch|p1b: Gargachad\n|-damage|p1b: Gargachad|77\/100\n|cant|p1a: The Oven|slp\n|move|p1b: Gargachad|Iron Defense|p1b: Gargachad\n|-boost|p1b: Gargachad|def|2\n|move|p2a: Amoonguss|Pollen Puff|p2b: Palafin\n|-heal|p2b: Palafin|100\/100\n|\n|-heal|p1b: Gargachad|83\/100|[from] item: Leftovers\n|-damage|p2b: Palafin|76\/100|[from] Salt Cure\n|-damage|p2a: Amoonguss|39\/100|[from] Salt Cure\n|upkeep\n|-enditem|p2a: Amoonguss|Sitrus Berry|[eat]\n|-heal|p2a: Amoonguss|64\/100|[from] item: Sitrus Berry\n|turn|8\n|inactive|jakevw19 has 30 seconds left.\n|\n|t:|1683165016\n|move|p2b: Palafin|Jet Punch|p1a: The Oven\n|-supereffective|p1a: The Oven\n|-damage|p1a: The Oven|0 fnt\n|faint|p1a: The Oven\n|move|p1b: Gargachad|Salt Cure|p2a: Amoonguss\n|-damage|p2a: Amoonguss|52\/100\n|move|p2a: Amoonguss|Pollen Puff|p2b: Palafin\n|-heal|p2b: Palafin|100\/100\n|\n|-heal|p1b: Gargachad|88\/100|[from] item: Leftovers\n|-damage|p2b: Palafin|76\/100|[from] Salt Cure\n|-damage|p2a: Amoonguss|39\/100|[from] Salt Cure\n|upkeep\n|\n|t:|1683165029\n|switch|p1a: The Dolphin|Palafin-Hero, L50, F|100\/100\n|turn|9\n|\n|t:|1683165044\n|move|p1a: The Dolphin|Wave Crash|p2a: Amoonguss\n|-resisted|p2a: Amoonguss\n|-crit|p2a: Amoonguss\n|-damage|p2a: Amoonguss|0 fnt\n|faint|p2a: Amoonguss\n|-damage|p1a: The Dolphin|85\/100|[from] Recoil\n|move|p2b: Palafin|Drain Punch|p1a: The Dolphin\n|-damage|p1a: The Dolphin|49\/100\n|-heal|p2b: Palafin|91\/100|[from] drain|[of] p1a: The Dolphin\n|move|p1b: Gargachad|Salt Cure|p2b: Palafin\n|-damage|p2b: Palafin|79\/100\n|\n|-heal|p2b: Palafin|85\/100|[from] item: Leftovers\n|-heal|p1b: Gargachad|94\/100|[from] item: Leftovers\n|-damage|p2b: Palafin|60\/100|[from] Salt Cure\n|upkeep\n|turn|10\n|\n|t:|1683165061\n|move|p1a: The Dolphin|Wave Crash|p2b: Palafin\n|-resisted|p2b: Palafin\n|-damage|p2b: Palafin|11\/100\n|-damage|p1a: The Dolphin|30\/100|[from] Recoil\n|move|p2b: Palafin|Drain Punch|p1a: The Dolphin\n|-damage|p1a: The Dolphin|0 fnt\n|-heal|p2b: Palafin|24\/100|[from] drain|[of] p1a: The Dolphin\n|faint|p1a: The Dolphin\n|move|p1b: Gargachad|Iron Defense|p1b: Gargachad\n|-boost|p1b: Gargachad|def|2\n|\n|-heal|p2b: Palafin|29\/100|[from] item: Leftovers\n|-heal|p1b: Gargachad|99\/100|[from] item: Leftovers\n|-damage|p2b: Palafin|5\/100|[from] Salt Cure\n|upkeep\n|turn|11\n|\n|t:|1683165075\n|move|p1b: Gargachad|Protect|p1b: Gargachad\n|-singleturn|p1b: Gargachad|Protect\n|move|p2b: Palafin|Jet Punch|p1b: Gargachad\n|-activate|p1b: Gargachad|move: Protect\n|\n|-heal|p2b: Palafin|11\/100|[from] item: Leftovers\n|-heal|p1b: Gargachad|100\/100|[from] item: Leftovers\n|-damage|p2b: Palafin|0 fnt|[from] Salt Cure\n|faint|p2b: Palafin\n|\n|win|jakevw19\n|upkeep\n|raw|jakevw19's rating: 1177 → 1197<\/strong> (+20 for winning)\n|raw|shmixxx's rating: 1109 → 1089<\/strong> (-20 for losing)\n|l|\u2606shmixxx\n","uploadtime":1683165086,"views":18,"p1id":"jakevw19","p2id":"shmixxx","formatid":"gen9vgc2023regulationc","rating":1089,"private":0,"password":""}