{"id":"gen9vgc2023regulationc-1849116246","p1":"Stonny","p2":"sceptile4","format":"[Gen 9] VGC 2023 Regulation C","log":"|j|\u2606Stonny\n|j|\u2606sceptile4\n|t:|1682158383\n|gametype|doubles\n|player|p1|Stonny|acetrainer-gen4dp|1266\n|player|p2|sceptile4|169|1181\n|teamsize|p1|6\n|teamsize|p2|6\n|gen|9\n|tier|[Gen 9] VGC 2023 Regulation C\n|rated|\n|rule|Species Clause: Limit one of each Pok\u00e9mon\n|rule|Item Clause: Limit one of each item\n|clearpoke\n|poke|p1|Ting-Lu, L50|\n|poke|p1|Chi-Yu, L50|\n|poke|p1|Flutter Mane, L50|\n|poke|p1|Iron Hands, L50|\n|poke|p1|Amoonguss, L50, M|\n|poke|p1|Rabsca, L50, M|\n|poke|p2|Scizor, L50, F|\n|poke|p2|Tyranitar, L50, F|\n|poke|p2|Gholdengo, L50|\n|poke|p2|Talonflame, L50, F|\n|poke|p2|Houndstone, L50, M|\n|poke|p2|Baxcalibur, L50, M|\n|teampreview|4\n|inactive|Battle timer is ON: inactive players will automatically lose when time's up. (requested by Stonny)\n|inactive|sceptile4 has 60 seconds left.\n|\n|t:|1682158421\n|start\n|switch|p1a: Ting-Lu|Ting-Lu, L50|100\/100\n|switch|p1b: Rabsca|Rabsca, L50, M|100\/100\n|switch|p2a: Scizor|Scizor, L50, F|100\/100\n|switch|p2b: Talonflame|Talonflame, L50, F|100\/100\n|-ability|p1a: Ting-Lu|Vessel of Ruin\n|turn|1\n|inactive|Stonny has 30 seconds left.\n|inactive|sceptile4 has 30 seconds left.\n|\n|t:|1682158456\n|move|p2b: Talonflame|Will-O-Wisp|p1a: Ting-Lu\n|-status|p1a: Ting-Lu|brn\n|move|p2a: Scizor|U-turn|p1b: Rabsca\n|-supereffective|p1b: Rabsca\n|-damage|p1b: Rabsca|32\/100\n|-damage|p2a: Scizor|91\/100|[from] item: Life Orb\n|\n|t:|1682158471\n|switch|p2a: Houndstone|Houndstone, L50, M|100\/100|[from] U-turn\n|move|p1a: Ting-Lu|Throat Chop|p2b: Talonflame\n|-damage|p2b: Talonflame|75\/100\n|-start|p2b: Talonflame|Throat Chop|[silent]\n|-damage|p1a: Ting-Lu|84\/100 brn|[from] item: Rocky Helmet|[of] p2b: Talonflame\n|move|p1b: Rabsca|Trick Room|p1b: Rabsca\n|-fieldstart|move: Trick Room|[of] p1b: Rabsca\n|\n|-damage|p1a: Ting-Lu|78\/100 brn|[from] brn\n|upkeep\n|turn|2\n|inactive|sceptile4 has 30 seconds left.\n|\n|t:|1682158502\n|move|p1b: Rabsca|Pounce|p1a: Ting-Lu\n|-supereffective|p1a: Ting-Lu\n|-damage|p1a: Ting-Lu|67\/100 brn\n|-unboost|p1a: Ting-Lu|spe|1\n|-enditem|p1a: Ting-Lu|Weakness Policy\n|-boost|p1a: Ting-Lu|atk|2|[from] item: Weakness Policy\n|-boost|p1a: Ting-Lu|spa|2|[from] item: Weakness Policy\n|move|p1a: Ting-Lu|Throat Chop|p2a: Houndstone\n|-supereffective|p2a: Houndstone\n|-damage|p2a: Houndstone|22\/100\n|-start|p2a: Houndstone|Throat Chop|[silent]\n|-enditem|p2a: Houndstone|Sitrus Berry|[eat]\n|-heal|p2a: Houndstone|46\/100|[from] item: Sitrus Berry\n|move|p2a: Houndstone|Play Rough|p1a: Ting-Lu|[miss]\n|-miss|p2a: Houndstone|p1a: Ting-Lu\n|move|p2b: Talonflame|Brave Bird|p1b: Rabsca\n|-supereffective|p1b: Rabsca\n|-damage|p1b: Rabsca|0 fnt\n|faint|p1b: Rabsca\n|-damage|p2b: Talonflame|63\/100|[from] Recoil\n|\n|-damage|p1a: Ting-Lu|61\/100 brn|[from] brn\n|-end|p2b: Talonflame|Throat Chop|[silent]\n|upkeep\n|\n|t:|1682158520\n|switch|p1b: Iron Hands|Iron Hands, L50|100\/100\n|turn|3\n|\n|t:|1682158540\n|-terastallize|p2a: Houndstone|Fairy\n|move|p1a: Ting-Lu|Throat Chop|p2a: Houndstone\n|-resisted|p2a: Houndstone\n|-damage|p2a: Houndstone|25\/100\n|move|p1b: Iron Hands|Wild Charge|p2b: Talonflame\n|-supereffective|p2b: Talonflame\n|-damage|p2b: Talonflame|0 fnt\n|-damage|p1b: Iron Hands|84\/100|[from] item: Rocky Helmet|[of] p2b: Talonflame\n|faint|p2b: Talonflame\n|-damage|p1b: Iron Hands|73\/100|[from] Recoil\n|move|p2a: Houndstone|Play Rough|p1a: Ting-Lu\n|-supereffective|p1a: Ting-Lu\n|-damage|p1a: Ting-Lu|19\/100 brn\n|\n|-damage|p1a: Ting-Lu|13\/100 brn|[from] brn\n|-end|p2a: Houndstone|Throat Chop|[silent]\n|upkeep\n|\n|t:|1682158564\n|switch|p2b: Scizor|Scizor, L50, F|91\/100\n|turn|4\n|\n|t:|1682158588\n|move|p1a: Ting-Lu|Protect|p1a: Ting-Lu\n|-singleturn|p1a: Ting-Lu|Protect\n|move|p2b: Scizor|Bullet Punch|p1a: Ting-Lu\n|-activate|p1a: Ting-Lu|move: Protect\n|move|p1b: Iron Hands|Drain Punch|p2b: Scizor\n|-damage|p2b: Scizor|35\/100\n|-heal|p1b: Iron Hands|94\/100|[from] drain|[of] p2b: Scizor\n|move|p2a: Houndstone|Play Rough|p1b: Iron Hands\n|-supereffective|p1b: Iron Hands\n|-damage|p1b: Iron Hands|46\/100\n|\n|-damage|p1a: Ting-Lu|7\/100 brn|[from] brn\n|upkeep\n|turn|5\n|inactive|Stonny has 30 seconds left.\n|\n|t:|1682158614\n|move|p2b: Scizor|Protect|p2b: Scizor\n|-singleturn|p2b: Scizor|Protect\n|move|p1a: Ting-Lu|Heavy Slam|p2a: Houndstone\n|-supereffective|p2a: Houndstone\n|-damage|p2a: Houndstone|0 fnt\n|faint|p2a: Houndstone\n|move|p1b: Iron Hands|Wild Charge|p2b: Scizor\n|-activate|p2b: Scizor|move: Protect\n|\n|-damage|p1a: Ting-Lu|0 fnt|[from] brn\n|faint|p1a: Ting-Lu\n|-fieldend|move: Trick Room\n|upkeep\n|\n|t:|1682158627\n|switch|p2a: Tyranitar|Tyranitar, L50, F|100\/100\n|switch|p1a: Chi-Yu|Chi-Yu, L50|100\/100\n|-ability|p1a: Chi-Yu|Beads of Ruin\n|-weather|Sandstorm|[from] ability: Sand Stream|[of] p2a: Tyranitar\n|turn|6\n|inactive|Stonny has 30 seconds left.\n|inactive|sceptile4 has 30 seconds left.\n|inactive|sceptile4 has 20 seconds left.\n|inactive|sceptile4 has 15 seconds left.\n|\n|t:|1682158668\n|-terastallize|p1a: Chi-Yu|Fire\n|move|p1a: Chi-Yu|Heat Wave|p2a: Tyranitar|[spread] p2a,p2b\n|-resisted|p2a: Tyranitar\n|-supereffective|p2b: Scizor\n|-damage|p2a: Tyranitar|85\/100\n|-damage|p2b: Scizor|0 fnt\n|faint|p2b: Scizor\n|move|p2a: Tyranitar|Stomping Tantrum|p1b: Iron Hands\n|-supereffective|p1b: Iron Hands\n|-damage|p1b: Iron Hands|13\/100\n|move|p1b: Iron Hands|Drain Punch|p2a: Tyranitar\n|-supereffective|p2a: Tyranitar\n|-damage|p2a: Tyranitar|0 fnt\n|-heal|p1b: Iron Hands|49\/100|[from] drain|[of] p2a: Tyranitar\n|faint|p2a: Tyranitar\n|\n|win|Stonny\n|raw|Stonny's rating: 1266 → 1285<\/strong> (+19 for winning)\n|raw|sceptile4's rating: 1181 → 1162<\/strong> (-19 for losing)\n|l|\u2606sceptile4\n","uploadtime":1682158687,"views":11,"p1id":"stonny","p2id":"sceptile4","formatid":"gen9vgc2023regulationc","rating":1162,"private":0,"password":""}