{"id":"gen9vgc2023regulationc-1848419111","p1":"Yash Nair","p2":"SporeWhimsicott","format":"[Gen 9] VGC 2023 Regulation C","log":"|j|\u2606Yash Nair\n|j|\u2606SporeWhimsicott\n|t:|1682075533\n|gametype|doubles\n|player|p1|Yash Nair|rocketexecutive-gen2|1343\n|player|p2|SporeWhimsicott|2|1282\n|teamsize|p1|6\n|teamsize|p2|6\n|gen|9\n|tier|[Gen 9] VGC 2023 Regulation C\n|rated|\n|rule|Species Clause: Limit one of each Pok\u00e9mon\n|rule|Item Clause: Limit one of each item\n|clearpoke\n|poke|p1|Chi-Yu, L50|\n|poke|p1|Murkrow, L50, M|\n|poke|p1|Great Tusk, L50|\n|poke|p1|Gyarados, L50, M|\n|poke|p1|Flutter Mane, L50|\n|poke|p1|Gholdengo, L50|\n|poke|p2|Chi-Yu, L50|\n|poke|p2|Flutter Mane, L50|\n|poke|p2|Baxcalibur, L50, F|\n|poke|p2|Gyarados, L50, F|\n|poke|p2|Ting-Lu, L50|\n|poke|p2|Amoonguss, L50, M|\n|teampreview|4\n|inactive|Battle timer is ON: inactive players will automatically lose when time's up. (requested by SporeWhimsicott)\n|inactive|Yash Nair has 60 seconds left.\n|inactive|SporeWhimsicott has 60 seconds left.\n|inactive|Yash Nair has 30 seconds left.\n|inactive|SporeWhimsicott has 30 seconds left.\n|\n|t:|1682075604\n|start\n|switch|p1a: Murkrow|Murkrow, L50, M|100\/100\n|switch|p1b: Great Tusk|Great Tusk, L50|100\/100\n|switch|p2a: Ting-Lu|Ting-Lu, L50|100\/100\n|switch|p2b: Baxcalibur|Baxcalibur, L50, F|100\/100\n|-ability|p2a: Ting-Lu|Vessel of Ruin\n|turn|1\n|\n|t:|1682075628\n|-end|p1b: Great Tusk|Protosynthesis|[silent]\n|switch|p1b: Gyarados|Gyarados, L50, M|100\/100\n|-ability|p1b: Gyarados|Intimidate|boost\n|-unboost|p2a: Ting-Lu|atk|1\n|-unboost|p2b: Baxcalibur|atk|1\n|switch|p2a: Gyarados|Gyarados, L50, F|100\/100\n|-ability|p2a: Gyarados|Intimidate|boost\n|-unboost|p1a: Murkrow|atk|1\n|-unboost|p1b: Gyarados|atk|1\n|move|p1a: Murkrow|Tailwind|p1a: Murkrow\n|-sidestart|p1: Yash Nair|move: Tailwind\n|move|p2b: Baxcalibur|Icicle Spear|p1b: Gyarados\n|-damage|p1b: Gyarados|90\/100\n|-damage|p1b: Gyarados|79\/100\n|-damage|p1b: Gyarados|67\/100\n|-damage|p1b: Gyarados|55\/100\n|-damage|p1b: Gyarados|45\/100\n|-hitcount|p1b: Gyarados|5\n|\n|upkeep\n|turn|2\n|inactive|Yash Nair has 30 seconds left.\n|inactive|Yash Nair has 20 seconds left.\n|inactive|Yash Nair has 15 seconds left.\n|\n|t:|1682075671\n|move|p1b: Gyarados|Helping Hand|p1a: Murkrow\n|-singleturn|p1a: Murkrow|Helping Hand|[of] p1b: Gyarados\n|move|p2b: Baxcalibur|Protect|p2b: Baxcalibur\n|-singleturn|p2b: Baxcalibur|Protect\n|move|p1a: Murkrow|Foul Play|p2a: Gyarados\n|-damage|p2a: Gyarados|46\/100\n|move|p2a: Gyarados|Taunt|p1b: Gyarados\n|-start|p1b: Gyarados|move: Taunt\n|\n|upkeep\n|turn|3\n|inactive|Yash Nair has 30 seconds left.\n|inactive|SporeWhimsicott has 30 seconds left.\n|inactive|SporeWhimsicott has 20 seconds left.\n|\n|t:|1682075708\n|move|p2a: Gyarados|Helping Hand|p2b: Baxcalibur\n|-singleturn|p2b: Baxcalibur|Helping Hand|[of] p2a: Gyarados\n|move|p1a: Murkrow|Foul Play|p2a: Gyarados\n|-damage|p2a: Gyarados|10\/100\n|-enditem|p2a: Gyarados|Figy Berry|[eat]\n|-heal|p2a: Gyarados|43\/100|[from] item: Figy Berry\n|move|p1b: Gyarados|Waterfall|p2a: Gyarados\n|-resisted|p2a: Gyarados\n|-damage|p2a: Gyarados|32\/100\n|move|p2b: Baxcalibur|Icicle Spear|p1a: Murkrow\n|-supereffective|p1a: Murkrow\n|-damage|p1a: Murkrow|72\/100\n|-supereffective|p1a: Murkrow\n|-damage|p1a: Murkrow|42\/100\n|-supereffective|p1a: Murkrow\n|-damage|p1a: Murkrow|8\/100\n|-supereffective|p1a: Murkrow\n|-damage|p1a: Murkrow|0 fnt\n|faint|p1a: Murkrow\n|-hitcount|p1: Murkrow|4\n|\n|upkeep\n|inactive|Yash Nair has 30 seconds left.\n|\n|t:|1682075735\n|switch|p1a: Great Tusk|Great Tusk, L50|100\/100\n|turn|4\n|\n|t:|1682075743\n|switch|p1b: Chi-Yu|Chi-Yu, L50|100\/100\n|-ability|p1b: Chi-Yu|Beads of Ruin\n|switch|p2a: Ting-Lu|Ting-Lu, L50|100\/100\n|-ability|p2a: Ting-Lu|Vessel of Ruin\n|move|p2b: Baxcalibur|Protect|p2b: Baxcalibur\n|-singleturn|p2b: Baxcalibur|Protect\n|move|p1a: Great Tusk|Rock Slide|p2a: Ting-Lu|[spread] p2a\n|-activate|p2b: Baxcalibur|move: Protect\n|-resisted|p2a: Ting-Lu\n|-damage|p2a: Ting-Lu|95\/100\n|\n|-sideend|p1: Yash Nair|move: Tailwind\n|upkeep\n|turn|5\n|inactive|Yash Nair has 30 seconds left.\n|inactive|SporeWhimsicott has 30 seconds left.\n|inactive|Yash Nair has 20 seconds left.\n|inactive|SporeWhimsicott has 20 seconds left.\n|\n|t:|1682075787\n|-end|p1a: Great Tusk|Protosynthesis|[silent]\n|switch|p1a: Gyarados|Gyarados, L50, M|45\/100\n|-ability|p1a: Gyarados|Intimidate|boost\n|-unboost|p2a: Ting-Lu|atk|1\n|-unboost|p2b: Baxcalibur|atk|1\n|switch|p2b: Gyarados|Gyarados, L50, F|32\/100\n|-ability|p2b: Gyarados|Intimidate|boost\n|-unboost|p1a: Gyarados|atk|1\n|-unboost|p1b: Chi-Yu|atk|1\n|-terastallize|p1b: Chi-Yu|Fire\n|move|p1b: Chi-Yu|Heat Wave|p2b: Gyarados|[spread] p2a\n|-miss|p1b: Chi-Yu|p2b: Gyarados\n|-damage|p2a: Ting-Lu|60\/100\n|move|p2a: Ting-Lu|Stomping Tantrum|p1b: Chi-Yu\n|-supereffective|p1b: Chi-Yu\n|-damage|p1b: Chi-Yu|45\/100\n|\n|upkeep\n|turn|6\n|inactive|SporeWhimsicott has 30 seconds left.\n|inactive|SporeWhimsicott has 20 seconds left.\n|inactive|SporeWhimsicott has 15 seconds left.\n|inactive|SporeWhimsicott has 10 seconds left.\n|\n|t:|1682075833\n|move|p1b: Chi-Yu|Heat Wave|p2a: Ting-Lu|[spread] p2a,p2b\n|-resisted|p2b: Gyarados\n|-damage|p2a: Ting-Lu|24\/100\n|-damage|p2b: Gyarados|4\/100\n|move|p1a: Gyarados|Waterfall|p2a: Ting-Lu\n|-supereffective|p2a: Ting-Lu\n|-damage|p2a: Ting-Lu|0 fnt\n|faint|p2a: Ting-Lu\n|move|p2b: Gyarados|Taunt|p1a: Gyarados\n|-start|p1a: Gyarados|move: Taunt\n|\n|upkeep\n|\n|t:|1682075840\n|switch|p2a: Flutter Mane|Flutter Mane, L50|100\/100\n|-enditem|p2a: Flutter Mane|Booster Energy\n|-activate|p2a: Flutter Mane|ability: Protosynthesis|[fromitem]\n|-start|p2a: Flutter Mane|protosynthesisspa\n|turn|7\n|inactive|Yash Nair has 30 seconds left.\n|inactive|SporeWhimsicott has 30 seconds left.\n|\n|t:|1682075872\n|switch|p1a: Great Tusk|Great Tusk, L50|100\/100\n|switch|p2b: Baxcalibur|Baxcalibur, L50, F|100\/100\n|move|p2a: Flutter Mane|Shadow Ball|p1b: Chi-Yu\n|-damage|p1b: Chi-Yu|0 fnt\n|faint|p1b: Chi-Yu\n|\n|upkeep\n|\n|t:|1682075881\n|switch|p1b: Gyarados|Gyarados, L50, M|45\/100\n|-ability|p1b: Gyarados|Intimidate|boost\n|-unboost|p2a: Flutter Mane|atk|1\n|-unboost|p2b: Baxcalibur|atk|1\n|turn|8\n|inactive|Yash Nair has 30 seconds left.\n|\n|t:|1682075909\n|switch|p2b: Gyarados|Gyarados, L50, F|4\/100\n|-ability|p2b: Gyarados|Intimidate|boost\n|-unboost|p1a: Great Tusk|atk|1\n|-unboost|p1b: Gyarados|atk|1\n|move|p1b: Gyarados|Helping Hand|p1a: Great Tusk\n|-singleturn|p1a: Great Tusk|Helping Hand|[of] p1b: Gyarados\n|move|p2a: Flutter Mane|Protect|p2a: Flutter Mane\n|-singleturn|p2a: Flutter Mane|Protect\n|move|p1a: Great Tusk|Headlong Rush|p2a: Flutter Mane\n|-activate|p2a: Flutter Mane|move: Protect\n|\n|upkeep\n|turn|9\n|inactive|SporeWhimsicott has 30 seconds left.\n|inactive|SporeWhimsicott has 20 seconds left.\n|\n|t:|1682075949\n|move|p1b: Gyarados|Helping Hand|p1a: Great Tusk\n|-singleturn|p1a: Great Tusk|Helping Hand|[of] p1b: Gyarados\n|move|p1a: Great Tusk|Headlong Rush|p2a: Flutter Mane\n|-damage|p2a: Flutter Mane|0 fnt\n|-unboost|p1a: Great Tusk|def|1\n|-unboost|p1a: Great Tusk|spd|1\n|faint|p2a: Flutter Mane\n|-end|p2a: Flutter Mane|Protosynthesis|[silent]\n|move|p2b: Gyarados|Waterfall|p1a: Great Tusk\n|-supereffective|p1a: Great Tusk\n|-damage|p1a: Great Tusk|21\/100\n|\n|upkeep\n|\n|t:|1682075954\n|switch|p2a: Baxcalibur|Baxcalibur, L50, F|100\/100\n|turn|10\n|\n|t:|1682075978\n|move|p2a: Baxcalibur|Ice Shard|p1a: Great Tusk\n|-supereffective|p1a: Great Tusk\n|-damage|p1a: Great Tusk|0 fnt\n|faint|p1a: Great Tusk\n|-end|p1a: Great Tusk|Protosynthesis|[silent]\n|move|p1b: Gyarados|Waterfall|p2b: Gyarados\n|-resisted|p2b: Gyarados\n|-damage|p2b: Gyarados|0 fnt\n|faint|p2b: Gyarados\n|\n|upkeep\n|turn|11\n|-message|Yash Nair forfeited.\n|\n|win|SporeWhimsicott\n|raw|Yash Nair's rating: 1343 → 1320<\/strong> (-23 for losing)\n|raw|SporeWhimsicott's rating: 1282 → 1311<\/strong> (+29 for winning)\n|l|\u2606Yash Nair\n","uploadtime":1682076115,"views":12,"p1id":"yashnair","p2id":"sporewhimsicott","formatid":"gen9vgc2023regulationc","rating":1311,"private":0,"password":""}