{"id":"gen9vgc2023regulationc-1863274457","p1":"xenovasco","p2":"RushXCalibur","format":"[Gen 9] VGC 2023 Regulation C","log":"|j|\u2606xenovasco\n|j|\u2606RushXCalibur\n|t:|1683996588\n|gametype|doubles\n|player|p1|xenovasco|volkner|1172\n|player|p2|RushXCalibur|drayden|1175\n|teamsize|p1|6\n|teamsize|p2|6\n|gen|9\n|tier|[Gen 9] VGC 2023 Regulation C\n|rated|\n|rule|Species Clause: Limit one of each Pok\u00e9mon\n|rule|Item Clause: Limit one of each item\n|clearpoke\n|poke|p1|Amoonguss, L50, F|\n|poke|p1|Indeedee-F, L50, F|\n|poke|p1|Armarouge, L50, M|\n|poke|p1|Annihilape, L50, F|\n|poke|p1|Talonflame, L50, M|\n|poke|p1|Great Tusk, L50|\n|poke|p2|Hawlucha, L50, F|\n|poke|p2|Indeedee-F, L50, F|\n|poke|p2|Armarouge, L50, F|\n|poke|p2|Baxcalibur, L50, M|\n|poke|p2|Murkrow, L50, M|\n|poke|p2|Ting-Lu, L50|\n|teampreview|4\n|inactive|Battle timer is ON: inactive players will automatically lose when time's up. (requested by xenovasco)\nxenovasco rejected open team sheets.\n|\n|t:|1683996618\n|start\n|switch|p1a: Amoonguss|Amoonguss, L50, F|100\/100\n|switch|p1b: Indeedee|Indeedee-F, L50, F|100\/100\n|switch|p2a: Hawlucha|Hawlucha, L50, F|100\/100\n|switch|p2b: Indeedee|Indeedee-F, L50, F|100\/100\n|-fieldstart|move: Psychic Terrain|[from] ability: Psychic Surge|[of] p2b: Indeedee\n|-enditem|p2a: Hawlucha|Psychic Seed\n|-boost|p2a: Hawlucha|spd|1|[from] item: Psychic Seed\n|turn|1\n|\n|t:|1683996633\n|move|p2b: Indeedee|Follow Me|p2b: Indeedee\n|-singleturn|p2b: Indeedee|move: Follow Me\n|move|p1a: Amoonguss|Rage Powder|p1a: Amoonguss\n|-singleturn|p1a: Amoonguss|move: Rage Powder\n|move|p2a: Hawlucha|Swords Dance|p2a: Hawlucha\n|-boost|p2a: Hawlucha|atk|2\n|move|p1b: Indeedee|Trick Room|p1b: Indeedee\n|-fieldstart|move: Trick Room|[of] p1b: Indeedee\n|\n|upkeep\n|turn|2\n|\n|t:|1683996645\n|move|p2b: Indeedee|Follow Me|p2b: Indeedee\n|-singleturn|p2b: Indeedee|move: Follow Me\n|move|p1a: Amoonguss|Spore|p2b: Indeedee\n|-activate|p2b: Indeedee|item: Safety Goggles|Spore\n|move|p1b: Indeedee|Reflect|p1b: Indeedee\n|-sidestart|p1: xenovasco|Reflect\n|move|p2a: Hawlucha|Acrobatics|p1b: Indeedee\n|-crit|p1b: Indeedee\n|-damage|p1b: Indeedee|0 fnt\n|faint|p1b: Indeedee\n|\n|upkeep\n|\n|t:|1683996662\n|switch|p1b: Balu|Annihilape, L50, F|100\/100\n|turn|3\n|\n|t:|1683996686\n|-terastallize|p1b: Balu|Fairy\n|move|p2a: Hawlucha|Detect|p2a: Hawlucha\n|-singleturn|p2a: Hawlucha|Protect\n|move|p1a: Amoonguss|Pollen Puff|p1b: Balu\n|-immune|p1b: Balu\n|move|p1b: Balu|Bulk Up|p1b: Balu\n|-boost|p1b: Balu|atk|1\n|-boost|p1b: Balu|def|1\n|move|p2b: Indeedee|Trick Room|p2b: Indeedee\n|-fieldend|move: Trick Room\n|\n|upkeep\n|turn|4\n|\n|t:|1683996708\n|move|p1b: Balu|Protect|p1b: Balu\n|-singleturn|p1b: Balu|Protect\n|move|p2b: Indeedee|Follow Me|p2b: Indeedee\n|-singleturn|p2b: Indeedee|move: Follow Me\n|move|p2a: Hawlucha|Swords Dance|p2a: Hawlucha\n|-boost|p2a: Hawlucha|atk|2\n|move|p1a: Amoonguss|Spore|p2b: Indeedee\n|-activate|p2b: Indeedee|item: Safety Goggles|Spore\n|\n|upkeep\n|turn|5\n|\n|t:|1683996721\n|move|p2b: Indeedee|Follow Me|p2b: Indeedee\n|-singleturn|p2b: Indeedee|move: Follow Me\n|move|p2a: Hawlucha|Acrobatics|p1b: Balu\n|-damage|p1b: Balu|32\/100\n|move|p1b: Balu|Rage Fist|p2b: Indeedee\n|-immune|p2b: Indeedee\n|move|p1a: Amoonguss|Pollen Puff|p2b: Indeedee\n|-supereffective|p2b: Indeedee\n|-damage|p2b: Indeedee|65\/100\n|\n|-heal|p1b: Balu|38\/100|[from] item: Leftovers\n|-fieldend|move: Psychic Terrain\n|upkeep\n|turn|6\n|\n|t:|1683996738\n|move|p1b: Balu|Protect|p1b: Balu\n|-singleturn|p1b: Balu|Protect\n|move|p2b: Indeedee|Follow Me|p2b: Indeedee\n|-singleturn|p2b: Indeedee|move: Follow Me\n|move|p2a: Hawlucha|Acrobatics|p1a: Amoonguss\n|-supereffective|p1a: Amoonguss\n|-damage|p1a: Amoonguss|0 fnt\n|-damage|p2a: Hawlucha|84\/100|[from] item: Rocky Helmet|[of] p1a: Amoonguss\n|faint|p1a: Amoonguss\n|\n|-heal|p1b: Balu|44\/100|[from] item: Leftovers\n|upkeep\n|\n|t:|1683996745\n|switch|p1a: Armarouge|Armarouge, L50, M|100\/100\n|turn|7\n|\n|t:|1683996760\n|move|p2b: Indeedee|Helping Hand|p2a: Hawlucha\n|-singleturn|p2a: Hawlucha|Helping Hand|[of] p2b: Indeedee\n|move|p2a: Hawlucha|Acrobatics|p1a: Armarouge\n|-damage|p1a: Armarouge|0 fnt\n|faint|p1a: Armarouge\n|move|p1b: Balu|Drain Punch|p2b: Indeedee\n|-damage|p2b: Indeedee|10\/100\n|-heal|p1b: Balu|67\/100|[from] drain|[of] p2b: Indeedee\n|\n|-heal|p1b: Balu|73\/100|[from] item: Leftovers\n|upkeep\n|turn|8\n|\n|t:|1683996773\n|move|p2b: Indeedee|Helping Hand|p2a: Hawlucha\n|-singleturn|p2a: Hawlucha|Helping Hand|[of] p2b: Indeedee\n|move|p1b: Balu|Protect|p1b: Balu\n|-singleturn|p1b: Balu|Protect\n|move|p2a: Hawlucha|Acrobatics|p1b: Balu\n|-activate|p1b: Balu|move: Protect\n|\n|-heal|p1b: Balu|79\/100|[from] item: Leftovers\n|upkeep\n|turn|9\n|\n|t:|1683996781\n|move|p2b: Indeedee|Helping Hand|p2a: Hawlucha\n|-singleturn|p2a: Hawlucha|Helping Hand|[of] p2b: Indeedee\n|move|p2a: Hawlucha|Acrobatics|p1b: Balu\n|-damage|p1b: Balu|0 fnt\n|faint|p1b: Balu\n|\n|win|RushXCalibur\n|raw|xenovasco's rating: 1172 → 1147<\/strong> (-25 for losing)\n|raw|RushXCalibur's rating: 1175 → 1200<\/strong> (+25 for winning)\n|l|\u2606xenovasco\n","uploadtime":1683996815,"views":6,"p1id":"xenovasco","p2id":"rushxcalibur","formatid":"gen9vgc2023regulationc","rating":1147,"private":0,"password":""}