{"id":"gen9vgc2023regulationc-1850683159","p1":"DaWoblefet","p2":"chipp zanuff 7","format":"[Gen 9] VGC 2023 Regulation C","log":"|j|\u2606DaWoblefet\n|j|\u2606chipp zanuff 7\n|t:|1682358819\n|gametype|doubles\n|player|p1|DaWoblefet|#dawoblefet|\n|player|p2|chipp zanuff 7|102|\n|teamsize|p1|6\n|teamsize|p2|6\n|gen|9\n|tier|[Gen 9] VGC 2023 Regulation C\n|rated|Tournament battle\n|rule|Species Clause: Limit one of each Pok\u00e9mon\n|rule|Item Clause: Limit one of each item\n|clearpoke\n|poke|p1|Arcanine, L50, F|\n|poke|p1|Baxcalibur, L50, F|\n|poke|p1|Flutter Mane, L50|\n|poke|p1|Palafin, L50, M|\n|poke|p1|Amoonguss, L50, M|\n|poke|p1|Ting-Lu, L50|\n|poke|p2|Garganacl, L50, M|\n|poke|p2|Gyarados, L50, M|\n|poke|p2|Amoonguss, L50, M|\n|poke|p2|Ting-Lu, L50|\n|poke|p2|Flutter Mane, L50|\n|poke|p2|Orthworm, L50, M|\n|teampreview|4\n|raw| Open Team Sheet for DaWoblefet<\/summary>Arcanine @ Safety Goggles Ability: Intimidate Level: 50 Tera Type: Flying - Flare Blitz - Extreme Speed - Will-O-Wisp - Protect Baxcalibur @ Clear Amulet Ability: Thermal Exchange Level: 50 Tera Type: Poison - Glaive Rush - Icicle Crash - Ice Shard - Protect Flutter Mane @ Choice Specs Ability: Protosynthesis Level: 50 Shiny: Yes Tera Type: Fairy - Moonblast - Shadow Ball - Dazzling Gleam - Power Gem Palafin @ Mystic Water Ability: Zero to Hero Level: 50 Shiny: Yes Tera Type: Water - Wave Crash - Jet Punch - Substitute - Protect Amoonguss @ Sitrus Berry Ability: Regenerator Level: 50 Tera Type: Water - Rage Powder - Spore - Pollen Puff - Clear Smog Ting-Lu @ Assault Vest Ability: Vessel of Ruin Level: 50 Tera Type: Poison - Stomping Tantrum - Ruination - Heavy Slam - Stone Edge <\/details><\/div> Open Team Sheet for chipp zanuff 7<\/summary>Luck (Garganacl) @ Leftovers Ability: Purifying Salt Level: 50 Shiny: Yes Tera Type: Ghost - Salt Cure - Recover - Protect - Stealth Rock Magna (Gyarados) @ Safety Goggles Ability: Intimidate Level: 50 Shiny: Yes Tera Type: Grass - Waterfall - Protect - Taunt - Thunder Wave Finral (Amoonguss) (M) @ Sitrus Berry Ability: Regenerator Level: 50 Tera Type: Fire - Spore - Pollen Puff - Rage Powder - Protect Asta (Ting-Lu) @ Assault Vest Ability: Vessel of Ruin Level: 50 Tera Type: Poison - Stomping Tantrum - Ruination - Throat Chop - Earthquake Vanessa (Flutter Mane) @ Booster Energy Ability: Protosynthesis Level: 50 Tera Type: Fairy - Dazzling Gleam - Protect - Substitute - Hex Yuno (Orthworm) @ Aguav Berry Ability: Earth Eater Level: 50 Tera Type: Water - Iron Defense - Body Press - Shed Tail - Metal Burst <\/details><\/div>\n|c|\u2606DaWoblefet|gl hf\n|j| kitsuneInk\n|l| kitsuneInk\n|c|\u2606chipp zanuff 7|agati team\n|c|\u2606DaWoblefet|yep\n|j| hancec\n|\n|t:|1682358901\n|start\n|switch|p1a: Palafin|Palafin, L50, M, shiny|100\/100\n|switch|p1b: Arcanine|Arcanine, L50, F|100\/100\n|switch|p2a: Luck|Garganacl, L50, M, shiny|100\/100\n|switch|p2b: Magna|Gyarados, L50, M, shiny|100\/100\n|-ability|p1b: Arcanine|Intimidate|boost\n|-unboost|p2a: Luck|atk|1\n|-unboost|p2b: Magna|atk|1\n|-ability|p2b: Magna|Intimidate|boost\n|-unboost|p1a: Palafin|atk|1\n|-unboost|p1b: Arcanine|atk|1\n|turn|1\n|\n|t:|1682358916\n|detailschange|p1a: Palafin|Palafin-Hero, L50, M, shiny\n|switch|p1a: Amoonguss|Amoonguss, L50, M|100\/100\n|move|p1b: Arcanine|Will-O-Wisp|p2b: Magna\n|-status|p2b: Magna|brn\n|move|p2b: Magna|Thunder Wave|p1b: Arcanine\n|-status|p1b: Arcanine|par\n|move|p2a: Luck|Stealth Rock|p1b: Arcanine\n|-sidestart|p1: DaWoblefet|move: Stealth Rock\n|\n|-damage|p2b: Magna|95\/100 brn|[from] brn\n|upkeep\n|turn|2\n|c|\u2606DaWoblefet|up\n|j| MafuMafuSimp\n|\n|t:|1682358937\n|switch|p1b: Palafin|Palafin-Hero, L50, M, shiny|100\/100\n|-damage|p1b: Palafin|88\/100|[from] Stealth Rock\n|-activate|p1b: Palafin|ability: Zero to Hero\n|move|p2b: Magna|Thunder Wave|p1a: Amoonguss\n|-status|p1a: Amoonguss|par\n|move|p2a: Luck|Salt Cure|p1b: Palafin\n|-damage|p1b: Palafin|79\/100\n|-start|p1b: Palafin|Salt Cure\n|cant|p1a: Amoonguss|par\n|\n|-damage|p2b: Magna|89\/100 brn|[from] brn\n|-damage|p1b: Palafin|54\/100|[from] Salt Cure\n|upkeep\n|turn|3\n|j| rina slaywayama\n|c| hancec|tough full para there\n|\n|t:|1682358958\n|switch|p1b: Arcanine|Arcanine, L50, F|100\/100 par\n|-damage|p1b: Arcanine|76\/100 par|[from] Stealth Rock\n|-ability|p1b: Arcanine|Intimidate|boost\n|-unboost|p2a: Luck|atk|1\n|-unboost|p2b: Magna|atk|1\n|move|p2a: Luck|Protect|p2a: Luck\n|-singleturn|p2a: Luck|Protect\n|move|p2b: Magna|Thunder Wave|p1b: Arcanine\n|-fail|p1b: Arcanine|par\n|move|p1a: Amoonguss|Pollen Puff|p1b: Arcanine\n|-heal|p1b: Arcanine|100\/100 par\n|\n|-damage|p2b: Magna|83\/100 brn|[from] brn\n|upkeep\n|turn|4\n|c|\u2606chipp zanuff 7|hm\n|\n|t:|1682358985\n|move|p1b: Arcanine|Extreme Speed|p2b: Magna\n|-damage|p2b: Magna|60\/100 brn\n|move|p2b: Magna|Taunt|p1a: Amoonguss\n|-start|p1a: Amoonguss|move: Taunt\n|move|p2a: Luck|Salt Cure|p1a: Amoonguss\n|-damage|p1a: Amoonguss|94\/100 par\n|-start|p1a: Amoonguss|Salt Cure\n|cant|p1a: Amoonguss|par\n|\n|-damage|p2b: Magna|54\/100 brn|[from] brn\n|-damage|p1a: Amoonguss|81\/100 par|[from] Salt Cure\n|upkeep\n|turn|5\n|\n|t:|1682359013\n|switch|p2b: Asta|Ting-Lu, L50|100\/100\n|-ability|p2b: Asta|Vessel of Ruin\n|move|p1b: Arcanine|Flare Blitz|p2b: Asta\n|-damage|p2b: Asta|78\/100\n|-damage|p1b: Arcanine|90\/100 par|[from] Recoil\n|move|p2a: Luck|Salt Cure|p1b: Arcanine\n|-supereffective|p1b: Arcanine\n|-damage|p1b: Arcanine|77\/100 par\n|-start|p1b: Arcanine|Salt Cure\n|move|p1a: Amoonguss|Pollen Puff|p2b: Asta\n|-supereffective|p2b: Asta\n|-damage|p2b: Asta|64\/100\n|\n|-damage|p1b: Arcanine|65\/100 par|[from] Salt Cure\n|-damage|p1a: Amoonguss|69\/100 par|[from] Salt Cure\n|upkeep\n|turn|6\n|l| rina slaywayama\n|\n|t:|1682359032\n|switch|p1b: Palafin|Palafin-Hero, L50, M, shiny|54\/100\n|-damage|p1b: Palafin|42\/100|[from] Stealth Rock\n|switch|p2a: Yuno|Orthworm, L50, M|100\/100\n|move|p2b: Asta|Earthquake|p1b: Palafin|[spread] p1a,p1b\n|-immune|p2a: Yuno|[from] ability: Earth Eater\n|-damage|p1a: Amoonguss|45\/100 par\n|-damage|p1b: Palafin|20\/100\n|-enditem|p1a: Amoonguss|Sitrus Berry|[eat]\n|-heal|p1a: Amoonguss|70\/100 par|[from] item: Sitrus Berry\n|move|p1a: Amoonguss|Pollen Puff|p1b: Palafin\n|-heal|p1b: Palafin|70\/100\n|\n|-damage|p1a: Amoonguss|58\/100 par|[from] Salt Cure\n|-end|p1a: Amoonguss|move: Taunt\n|upkeep\n|turn|7\n|\n|t:|1682359062\n|switch|p2b: Magna|Gyarados, L50, M, shiny|54\/100 brn\n|-ability|p2b: Magna|Intimidate|boost\n|-unboost|p1a: Amoonguss|atk|1\n|-unboost|p1b: Palafin|atk|1\n|move|p1b: Palafin|Substitute|p1b: Palafin\n|-start|p1b: Palafin|Substitute\n|-damage|p1b: Palafin|45\/100\n|move|p2a: Yuno|Shed Tail|p2a: Yuno\n|-start|p2a: Yuno|Substitute|[from] move: Shed Tail\n|-damage|p2a: Yuno|50\/100\n|\n|t:|1682359077\n|switch|p2a: Asta|Ting-Lu, L50|64\/100|[from] Shed Tail\n|-ability|p2a: Asta|Vessel of Ruin\n|move|p1a: Amoonguss|Pollen Puff|p1b: Palafin\n|-heal|p1b: Palafin|95\/100\n|\n|-damage|p2b: Magna|48\/100 brn|[from] brn\n|-damage|p1a: Amoonguss|46\/100 par|[from] Salt Cure\n|upkeep\n|turn|8\n|\n|t:|1682359102\n|switch|p1a: Arcanine|Arcanine, L50, F|65\/100 par\n|-damage|p1a: Arcanine|40\/100 par|[from] Stealth Rock\n|-ability|p1a: Arcanine|Intimidate|boost\n|-immune|p2a: Asta\n|-unboost|p2b: Magna|atk|1\n|move|p1b: Palafin|Protect|p1b: Palafin\n|-singleturn|p1b: Palafin|Protect\n|move|p2b: Magna|Taunt|p1a: Arcanine\n|-start|p1a: Arcanine|move: Taunt\n|move|p2a: Asta|Earthquake|p1a: Arcanine|[spread] p1a\n|-activate|p1b: Palafin|move: Protect\n|-immune|p2b: Magna\n|-supereffective|p1a: Arcanine\n|-damage|p1a: Arcanine|0 fnt\n|faint|p1a: Arcanine\n|\n|-damage|p2b: Magna|42\/100 brn|[from] brn\n|upkeep\n|\n|t:|1682359124\n|switch|p1a: Flutter Mane|Flutter Mane, L50, shiny|100\/100\n|-damage|p1a: Flutter Mane|88\/100|[from] Stealth Rock\n|turn|9\n|j| Playingonmelaptop\n|\n|t:|1682359141\n|switch|p2b: Yuno|Orthworm, L50, M|50\/100\n|-terastallize|p1b: Palafin|Water\n|-terastallize|p2a: Asta|Poison\n|move|p1b: Palafin|Jet Punch|p2b: Yuno\n|-damage|p2b: Yuno|20\/100\n|-enditem|p2b: Yuno|Aguav Berry|[eat]\n|-heal|p2b: Yuno|53\/100|[from] item: Aguav Berry\n|move|p1a: Flutter Mane|Dazzling Gleam|p2b: Yuno|[spread] p2a,p2b\n|-resisted|p2a: Asta\n|-activate|p2a: Asta|move: Substitute|[damage]\n|-resisted|p2b: Yuno\n|-damage|p2b: Yuno|35\/100\n|move|p2a: Asta|Earthquake|p1b: Palafin|[spread] p1a,p1b\n|-heal|p2b: Yuno|60\/100|[from] ability: Earth Eater|[of] p2a: Asta\n|-activate|p1b: Palafin|move: Substitute|[damage]\n|-damage|p1a: Flutter Mane|41\/100\n|\n|upkeep\n|turn|10\n|j| Ab0ve5029\n|\n|t:|1682359175\n|move|p1a: Flutter Mane|Dazzling Gleam|p2b: Yuno|[spread] p2a,p2b\n|-resisted|p2a: Asta\n|-activate|p2a: Asta|move: Substitute|[damage]\n|-resisted|p2b: Yuno\n|-damage|p2b: Yuno|41\/100\n|move|p1b: Palafin|Wave Crash|p2b: Yuno\n|-damage|p2b: Yuno|0 fnt\n|faint|p2b: Yuno\n|-damage|p1b: Palafin|83\/100|[from] Recoil\n|move|p2a: Asta|Earthquake|p1b: Palafin|[spread] p1a,p1b\n|-end|p1b: Palafin|Substitute\n|-damage|p1a: Flutter Mane|0 fnt\n|faint|p1a: Flutter Mane\n|-end|p1a: Flutter Mane|Protosynthesis|[silent]\n|\n|upkeep\n|\n|t:|1682359187\n|switch|p1a: Amoonguss|Amoonguss, L50, M|79\/100 par\n|switch|p2b: Magna|Gyarados, L50, M, shiny|42\/100 brn\n|-ability|p2b: Magna|Intimidate|boost\n|-unboost|p1a: Amoonguss|atk|1\n|-unboost|p1b: Palafin|atk|1\n|-damage|p1a: Amoonguss|67\/100 par|[from] Stealth Rock\n|turn|11\n|c|\u2606chipp zanuff 7|gg\n|c|\u2606DaWoblefet|is it over?\n|c|\u2606chipp zanuff 7|yes\n|j| CyborgCrafter\n|\n|t:|1682359224\n|move|p1b: Palafin|Wave Crash|p2b: Magna\n|-resisted|p2b: Magna\n|-damage|p2b: Magna|12\/100 brn\n|-damage|p1b: Palafin|74\/100|[from] Recoil\n|move|p2b: Magna|Waterfall|p1a: Amoonguss\n|-resisted|p1a: Amoonguss\n|-damage|p1a: Amoonguss|60\/100 par\n|move|p2a: Asta|Stomping Tantrum|p1a: Amoonguss\n|-damage|p1a: Amoonguss|35\/100 par\n|move|p1a: Amoonguss|Pollen Puff|p1b: Palafin\n|-heal|p1b: Palafin|100\/100\n|\n|-damage|p2b: Magna|6\/100 brn|[from] brn\n|upkeep\n|turn|12\n|\n|t:|1682359240\n|move|p1b: Palafin|Jet Punch|p2b: Magna\n|-resisted|p2b: Magna\n|-damage|p2b: Magna|0 fnt\n|faint|p2b: Magna\n|move|p2a: Asta|Stomping Tantrum|p1a: Amoonguss\n|-damage|p1a: Amoonguss|13\/100 par\n|move|p1a: Amoonguss|Clear Smog|p1b: Palafin\n|-damage|p1b: Palafin|87\/100\n|-clearboost|p1b: Palafin\n|\n|upkeep\n|c|\u2606chipp zanuff 7|oo\n|\n|t:|1682359268\n|switch|p2b: Luck|Garganacl, L50, M, shiny|100\/100\n|turn|13\n|\n|t:|1682359285\n|move|p2b: Luck|Protect|p2b: Luck\n|-singleturn|p2b: Luck|Protect\n|move|p1a: Amoonguss|Rage Powder|p1a: Amoonguss\n|-singleturn|p1a: Amoonguss|move: Rage Powder\n|move|p1b: Palafin|Jet Punch|p2a: Asta\n|-end|p2a: Asta|Substitute\n|move|p2a: Asta|Stomping Tantrum|p1a: Amoonguss\n|-damage|p1a: Amoonguss|0 fnt\n|faint|p1a: Amoonguss\n|\n|upkeep\n|turn|14\n|\n|t:|1682359293\n|move|p1b: Palafin|Wave Crash|p2b: Luck\n|-supereffective|p2b: Luck\n|-damage|p2b: Luck|0 fnt\n|faint|p2b: Luck\n|-damage|p1b: Palafin|54\/100|[from] Recoil\n|move|p2a: Asta|Ruination|p1b: Palafin\n|-damage|p1b: Palafin|27\/100\n|\n|upkeep\n|turn|15\n|\n|t:|1682359300\n|move|p1b: Palafin|Wave Crash|p2a: Asta\n|-damage|p2a: Asta|5\/100\n|-damage|p1b: Palafin|2\/100|[from] Recoil\n|move|p2a: Asta|Stomping Tantrum|p1b: Palafin\n|-damage|p1b: Palafin|0 fnt\n|faint|p1b: Palafin\n|\n|win|chipp zanuff 7\n|n|\u2606DaWoblefet|dawoblefet\n|n|\u2606chipp zanuff 7|chippzanuff7\n|n| hancec|hancec\n|n| MafuMafuSimp|mafumafusimp\n|n| Playingonmelaptop|playingonmelaptop\n|n| Ab0ve5029|ab0ve5029\n|n| CyborgCrafter|cyborgcrafter\n|c|\u2606DaWoblefet|gg\n|c| hancec|gg\n|l| MafuMafuSimp\n|c|\u2606chipp zanuff 7|yes over\n|l| hancec\n|l|\u2606DaWoblefet\n|l| Playingonmelaptop\n","uploadtime":1682359315,"views":18,"p1id":"dawoblefet","p2id":"chippzanuff7","formatid":"gen9vgc2023regulationc","rating":0,"private":0,"password":""}