{"id":"gen9vgc2023regulationc-1858042743","p1":"Mononoke24","p2":"Nadoof","format":"[Gen 9] VGC 2023 Regulation C","log":"|j|\u2606Mononoke24\n|j|\u2606Nadoof\n|t:|1683265454\n|gametype|doubles\n|player|p1|Mononoke24|depotagent|1206\n|player|p2|Nadoof|266|1198\n|teamsize|p1|6\n|teamsize|p2|6\n|gen|9\n|tier|[Gen 9] VGC 2023 Regulation C\n|rated|\n|rule|Species Clause: Limit one of each Pok\u00e9mon\n|rule|Item Clause: Limit one of each item\n|clearpoke\n|poke|p1|Gallade, L50, M|\n|poke|p1|Dragonite, L50, M|\n|poke|p1|Iron Moth, L50|\n|poke|p1|Amoonguss, L50, F|\n|poke|p1|Kingambit, L50, F|\n|poke|p1|Lumineon, L50, M|\n|poke|p2|Palafin, L50, F|\n|poke|p2|Amoonguss, L50, M|\n|poke|p2|Flutter Mane, L50|\n|poke|p2|Chi-Yu, L50|\n|poke|p2|Arcanine, L50, F|\n|poke|p2|Kingambit, L50, F|\n|teampreview|4\n|\n|t:|1683265480\n|start\n|switch|p1a: Lumineon|Lumineon, L50, M|100\/100\n|switch|p1b: Iron Moth|Iron Moth, L50|100\/100\n|switch|p2a: Flutter Mane|Flutter Mane, L50|100\/100\n|switch|p2b: Chi-Yu|Chi-Yu, L50|100\/100\n|-ability|p2b: Chi-Yu|Beads of Ruin\n|turn|1\n|inactive|Battle timer is ON: inactive players will automatically lose when time's up. (requested by Nadoof)\n|\n|t:|1683265498\n|move|p2b: Chi-Yu|Protect|p2b: Chi-Yu\n|-singleturn|p2b: Chi-Yu|Protect\n|move|p1b: Iron Moth|Acid Spray|p2a: Flutter Mane\n|-damage|p2a: Flutter Mane|56\/100\n|-unboost|p2a: Flutter Mane|spd|2\n|move|p1a: Lumineon|Tailwind|p1a: Lumineon\n|-sidestart|p1: Mononoke24|move: Tailwind\n|move|p2a: Flutter Mane|Substitute|p2a: Flutter Mane\n|-start|p2a: Flutter Mane|Substitute\n|-damage|p2a: Flutter Mane|31\/100\n|\n|-heal|p2a: Flutter Mane|38\/100|[from] item: Leftovers\n|upkeep\n|turn|2\n|inactive|Nadoof has 30 seconds left.\n|\n|t:|1683265529\n|move|p1b: Iron Moth|Acid Spray|p2b: Chi-Yu\n|-damage|p2b: Chi-Yu|59\/100\n|-unboost|p2b: Chi-Yu|spd|2\n|move|p1a: Lumineon|Encore|p2a: Flutter Mane\n|-start|p2a: Flutter Mane|Encore\n|move|p2b: Chi-Yu|Dark Pulse|p1b: Iron Moth\n|-damage|p1b: Iron Moth|44\/100\n|move|p2a: Flutter Mane|Substitute|p2a: Flutter Mane\n|-fail|p2a: Flutter Mane|move: Substitute\n|\n|-heal|p2a: Flutter Mane|44\/100|[from] item: Leftovers\n|upkeep\n|turn|3\n|\n|t:|1683265537\n|-end|p2a: Flutter Mane|Protosynthesis|[silent]\n|switch|p2a: Arcanine|Arcanine, L50, F|100\/100\n|-ability|p2a: Arcanine|Intimidate|boost\n|-unboost|p1a: Lumineon|atk|1\n|-unboost|p1b: Iron Moth|atk|1\n|move|p2b: Chi-Yu|Protect|p2b: Chi-Yu\n|-singleturn|p2b: Chi-Yu|Protect\n|move|p1b: Iron Moth|Acid Spray|p2b: Chi-Yu\n|-activate|p2b: Chi-Yu|move: Protect\n|move|p1a: Lumineon|Icy Wind|p2a: Arcanine|[spread] p2a\n|-activate|p2b: Chi-Yu|move: Protect\n|-resisted|p2a: Arcanine\n|-damage|p2a: Arcanine|95\/100\n|-unboost|p2a: Arcanine|spe|1\n|\n|upkeep\n|turn|4\n|\n|t:|1683265561\n|switch|p1a: Gallade|Gallade, L50, M|100\/100\n|switch|p2b: Kingambit|Kingambit, L50, F|100\/100\n|move|p1b: Iron Moth|Acid Spray|p2b: Kingambit\n|-immune|p2b: Kingambit\n|move|p2a: Arcanine|Snarl|p1b: Iron Moth|[spread] p1a,p1b\n|-damage|p1a: Gallade|92\/100\n|-damage|p1b: Iron Moth|35\/100\n|-unboost|p1a: Gallade|spa|1\n|-unboost|p1b: Iron Moth|spa|1\n|\n|-sideend|p1: Mononoke24|move: Tailwind\n|upkeep\n|turn|5\n|inactive|Mononoke24 has 30 seconds left.\n|inactive|Nadoof has 30 seconds left.\n|inactive|Nadoof has 20 seconds left.\n|inactive|Nadoof has 15 seconds left.\n|inactive|Nadoof has 10 seconds left.\n|inactive|Nadoof has 5 seconds left.\n|\n|t:|1683265613\n|-terastallize|p2b: Kingambit|Dark\n|move|p2b: Kingambit|Sucker Punch|p1b: Iron Moth\n|-damage|p1b: Iron Moth|0 fnt\n|faint|p1b: Iron Moth\n|-end|p1b: Iron Moth|Quark Drive|[silent]\n|move|p1a: Gallade|Sacred Sword|p2b: Kingambit\n|-supereffective|p2b: Kingambit\n|-damage|p2b: Kingambit|0 fnt\n|faint|p2b: Kingambit\n|-damage|p1a: Gallade|82\/100|[from] item: Life Orb\n|move|p2a: Arcanine|Will-O-Wisp|p1a: Gallade\n|-status|p1a: Gallade|brn\n|\n|-damage|p1a: Gallade|76\/100 brn|[from] brn\n|upkeep\n|\n|t:|1683265631\n|switch|p1b: Lumineon|Lumineon, L50, M|100\/100\n|switch|p2b: Chi-Yu|Chi-Yu, L50|59\/100\n|-ability|p2b: Chi-Yu|Beads of Ruin\n|turn|6\n|inactive|Nadoof has 30 seconds left.\n|\n|t:|1683265664\n|move|p2b: Chi-Yu|Protect|p2b: Chi-Yu\n|-singleturn|p2b: Chi-Yu|Protect\n|move|p1a: Gallade|Protect|p1a: Gallade\n|-singleturn|p1a: Gallade|Protect\n|move|p1b: Lumineon|Tailwind|p1b: Lumineon\n|-sidestart|p1: Mononoke24|move: Tailwind\n|move|p2a: Arcanine|Snarl|p1b: Lumineon|[spread] \n|-activate|p1a: Gallade|move: Protect\n|-miss|p2a: Arcanine|p1b: Lumineon\n|\n|-damage|p1a: Gallade|70\/100 brn|[from] brn\n|upkeep\n|turn|7\n|\n|t:|1683265687\n|move|p1b: Lumineon|Encore|p2a: Arcanine\n|-start|p2a: Arcanine|Encore\n|move|p1a: Gallade|Sacred Sword|p2b: Chi-Yu\n|-supereffective|p2b: Chi-Yu\n|-damage|p2b: Chi-Yu|0 fnt\n|faint|p2b: Chi-Yu\n|-damage|p1a: Gallade|60\/100 brn|[from] item: Life Orb\n|move|p2a: Arcanine|Snarl|p1a: Gallade|[spread] p1a,p1b\n|-damage|p1a: Gallade|52\/100 brn\n|-damage|p1b: Lumineon|91\/100\n|-unboost|p1a: Gallade|spa|1\n|-unboost|p1b: Lumineon|spa|1\n|\n|-damage|p1a: Gallade|46\/100 brn|[from] brn\n|upkeep\n|\n|t:|1683265691\n|switch|p2b: Flutter Mane|Flutter Mane, L50|44\/100\n|turn|8\n|\n|t:|1683265695\n|move|p1b: Lumineon|Icy Wind|p2b: Flutter Mane|[spread] p2a,p2b\n|-resisted|p2a: Arcanine\n|-crit|p2b: Flutter Mane\n|-damage|p2a: Arcanine|93\/100\n|-damage|p2b: Flutter Mane|34\/100\n|-unboost|p2a: Arcanine|spe|1\n|-unboost|p2b: Flutter Mane|spe|1\n|move|p1a: Gallade|Psycho Cut|p2b: Flutter Mane\n|-damage|p2b: Flutter Mane|0 fnt\n|faint|p2b: Flutter Mane\n|-end|p2b: Flutter Mane|Protosynthesis|[silent]\n|-damage|p1a: Gallade|36\/100 brn|[from] item: Life Orb\n|move|p2a: Arcanine|Snarl|p1a: Gallade|[spread] p1a,p1b\n|-damage|p1a: Gallade|28\/100 brn\n|-damage|p1b: Lumineon|80\/100\n|-unboost|p1a: Gallade|spa|1\n|-unboost|p1b: Lumineon|spa|1\n|\n|-damage|p1a: Gallade|22\/100 brn|[from] brn\n|upkeep\n|turn|9\n|c|\u2606Mononoke24|gg\n|c|\u2606Mononoke24|wp\n|-message|Nadoof forfeited.\n|\n|win|Mononoke24\n|raw|Mononoke24's rating: 1206 → 1230<\/strong> (+24 for winning)\n|raw|Nadoof's rating: 1198 → 1174<\/strong> (-24 for losing)\n|l|\u2606Nadoof\n","uploadtime":1683265934,"views":7,"p1id":"mononoke24","p2id":"nadoof","formatid":"gen9vgc2023regulationc","rating":1174,"private":0,"password":""}