{"id":"gen9vgc2023regulationc-1863577682","p1":"Ace98121212","p2":"WoahThereAdo","format":"[Gen 9] VGC 2023 Regulation C","log":"|j|\u2606Ace98121212\n|j|\u2606WoahThereAdo\n|t:|1684037103\n|gametype|doubles\n|player|p1|Ace98121212|170|\n|player|p2|WoahThereAdo|dawn-gen4pt|\n|teamsize|p1|6\n|teamsize|p2|6\n|gen|9\n|tier|[Gen 9] VGC 2023 Regulation C\n|rule|Tera Type Preview: Tera Types are shown at Team Preview\n|rule|Species Clause: Limit one of each Pok\u00e9mon\n|rule|Item Clause: Limit one of each item\n|clearpoke\n|poke|p1|Torkoal, L50, M|\n|poke|p1|Oranguru, L50, F|\n|poke|p1|Amoonguss, L50, M|\n|poke|p1|Gastrodon, L50, F|\n|poke|p1|Skeledirge, L50, M|\n|poke|p1|Rabsca, L50, M|\n|poke|p2|Chi-Yu, L50|\n|poke|p2|Grimmsnarl, L50, M|\n|poke|p2|Glimmora, L50, M|\n|poke|p2|Corviknight, L50, M|\n|poke|p2|Quaquaval, L50, M|\n|poke|p2|Jumpluff, L50, F|\n|teampreview|4\n|raw|Ace98121212's Tera Types: \/ \/ \/ \/ \/ \n|raw|WoahThereAdo's Tera Types: \/ \/ \/ \/ \/ \nAce98121212 rejected open team sheets.\n|c|\u2606Ace98121212|G3\n|j| Feyette\n|j| Wow02\n|\n|t:|1684037910\n|start\n|switch|p1a: Gastrodon|Gastrodon, L50, F|100\/100\n|switch|p1b: Skeledirge|Skeledirge, L50, M|100\/100\n|switch|p2a: Corviknight|Corviknight, L50, M|100\/100\n|switch|p2b: Grimmsnarl|Grimmsnarl, L50, M|100\/100\n|turn|1\n|\n|t:|1684037933\n|switch|p1a: Oranguru|Oranguru, L50, F|100\/100\n|-terastallize|p1b: Skeledirge|Fairy\n|move|p2a: Corviknight|Protect|p2a: Corviknight\n|-singleturn|p2a: Corviknight|Protect\n|move|p2b: Grimmsnarl|Light Screen|p2b: Grimmsnarl\n|-sidestart|p2: WoahThereAdo|move: Light Screen\n|move|p1b: Skeledirge|Torch Song|p2a: Corviknight\n|-activate|p2a: Corviknight|move: Protect\n|\n|upkeep\n|turn|2\n|\n|t:|1684037954\n|-terastallize|p2a: Corviknight|Fire\n|move|p2b: Grimmsnarl|Sucker Punch|p1b: Skeledirge\n|-resisted|p1b: Skeledirge\n|-damage|p1b: Skeledirge|89\/100\n|move|p2a: Corviknight|Taunt|p1a: Oranguru\n|-start|p1a: Oranguru|move: Taunt\n|move|p1b: Skeledirge|Torch Song|p2a: Corviknight\n|-resisted|p2a: Corviknight\n|-damage|p2a: Corviknight|84\/100\n|-boost|p1b: Skeledirge|spa|1\n|-damage|p1b: Skeledirge|79\/100|[from] item: Life Orb\n|move|p1a: Oranguru|Thunderbolt|p2a: Corviknight\n|-damage|p2a: Corviknight|72\/100\n|-status|p2a: Corviknight|par\n|\n|-heal|p2a: Corviknight|78\/100 par|[from] item: Leftovers\n|upkeep\n|turn|3\n|\n|t:|1684037988\n|switch|p1a: Gastrodon|Gastrodon, L50, F|100\/100\n|switch|p2a: Chi-Yu|Chi-Yu, L50|100\/100\n|-ability|p2a: Chi-Yu|Beads of Ruin\n|move|p2b: Grimmsnarl|Sucker Punch||[still]\n|-fail|p2b: Grimmsnarl\n|move|p1b: Skeledirge|Shadow Ball|p2a: Chi-Yu\n|-resisted|p2a: Chi-Yu\n|-damage|p2a: Chi-Yu|68\/100\n|-unboost|p2a: Chi-Yu|spd|1\n|-damage|p1b: Skeledirge|69\/100|[from] item: Life Orb\n|\n|upkeep\n|turn|4\n|l| Wow02\n|j| Wow02\n|\n|t:|1684038019\n|move|p2b: Grimmsnarl|Sucker Punch|p1b: Skeledirge\n|-resisted|p1b: Skeledirge\n|-crit|p1b: Skeledirge\n|-damage|p1b: Skeledirge|50\/100\n|move|p2a: Chi-Yu|Heat Wave|p1b: Skeledirge|[spread] p1a,p1b\n|-resisted|p1a: Gastrodon\n|-crit|p1b: Skeledirge\n|-damage|p1a: Gastrodon|79\/100\n|-damage|p1b: Skeledirge|0 fnt\n|faint|p1b: Skeledirge\n|-damage|p2a: Chi-Yu|59\/100|[from] item: Life Orb\n|move|p1a: Gastrodon|Hydro Pump|p2b: Grimmsnarl\n|-damage|p2b: Grimmsnarl|60\/100\n|\n|upkeep\n|\n|t:|1684038033\n|switch|p1b: Oranguru|Oranguru, L50, F|100\/100\n|turn|5\n|\n|t:|1684038054\n|move|p2b: Grimmsnarl|Sucker Punch|p1a: Gastrodon\n|-damage|p1a: Gastrodon|47\/100\n|move|p2a: Chi-Yu|Dark Pulse|p1b: Oranguru\n|-supereffective|p1b: Oranguru\n|-damage|p1b: Oranguru|0 fnt\n|faint|p1b: Oranguru\n|-damage|p2a: Chi-Yu|49\/100|[from] item: Life Orb\n|move|p1a: Gastrodon|Earth Power|p2a: Chi-Yu\n|-supereffective|p2a: Chi-Yu\n|-damage|p2a: Chi-Yu|0 fnt\n|faint|p2a: Chi-Yu\n|\n|upkeep\n|\n|t:|1684038070\n|switch|p2a: Glimmora|Glimmora, L50, M|100\/100\n|switch|p1b: Torkoal|Torkoal, L50, M|100\/100\n|-weather|SunnyDay|[from] ability: Drought|[of] p1b: Torkoal\n|turn|6\n|\n|t:|1684038084\n|move|p2b: Grimmsnarl|Light Screen||[still]\n|-fail|p2b: Grimmsnarl\n|move|p2a: Glimmora|Energy Ball|p1a: Gastrodon\n|-supereffective|p1a: Gastrodon\n|-damage|p1a: Gastrodon|0 fnt\n|faint|p1a: Gastrodon\n|move|p1b: Torkoal|Eruption|p2b: Grimmsnarl|[spread] p2a,p2b\n|-resisted|p2a: Glimmora\n|-damage|p2a: Glimmora|64\/100\n|-damage|p2b: Grimmsnarl|13\/100\n|\n|-weather|SunnyDay|[upkeep]\n|upkeep\n|turn|7\n|\n|t:|1684038100\n|move|p1b: Torkoal|Protect|p1b: Torkoal\n|-singleturn|p1b: Torkoal|Protect\n|move|p2b: Grimmsnarl|Sucker Punch||[still]\n|-fail|p2b: Grimmsnarl\n|move|p2a: Glimmora|Power Gem|p1b: Torkoal\n|-activate|p1b: Torkoal|move: Protect\n|\n|-weather|SunnyDay|[upkeep]\n|upkeep\n|turn|8\n|\n|t:|1684038112\n|move|p2b: Grimmsnarl|Sucker Punch|p1b: Torkoal\n|-damage|p1b: Torkoal|80\/100\n|move|p2a: Glimmora|Power Gem|p1b: Torkoal\n|-supereffective|p1b: Torkoal\n|-damage|p1b: Torkoal|0 fnt\n|faint|p1b: Torkoal\n|\n|win|WoahThereAdo\n|c|\u2606WoahThereAdo|ggs\n|c|\u2606Ace98121212|Gg\n|l|\u2606Ace98121212\n|l|\u2606WoahThereAdo\n","uploadtime":1684038121,"views":16,"p1id":"ace98121212","p2id":"woahthereado","formatid":"gen9vgc2023regulationc","rating":0,"private":0,"password":""}