{"id":"gen9vgc2023regulationc-1847718404","p1":"Tonsoffamage","p2":"Quan GUoqing","format":"[Gen 9] VGC 2023 Regulation C","log":"|j|\u2606Tonsoffamage\n|j|\u2606Quan GUoqing\n|t:|1681995811\n|gametype|doubles\n|player|p1|Tonsoffamage|unknown|1132\n|player|p2|Quan GUoqing|cheren-gen5bw2|1116\n|teamsize|p1|6\n|teamsize|p2|6\n|gen|9\n|tier|[Gen 9] VGC 2023 Regulation C\n|rated|\n|rule|Species Clause: Limit one of each Pok\u00e9mon\n|rule|Item Clause: Limit one of each item\n|clearpoke\n|poke|p1|Rotom-Wash, L50|\n|poke|p1|Grimmsnarl, L50, M|\n|poke|p1|Dragapult, L50, M|\n|poke|p1|Flutter Mane, L50|\n|poke|p1|Amoonguss, L50, M|\n|poke|p1|Gastrodon, L50, F|\n|poke|p2|Flutter Mane, L50|\n|poke|p2|Chien-Pao, L50|\n|poke|p2|Torkoal, L50, M|\n|poke|p2|Scizor, L50, M|\n|poke|p2|Jumpluff, L50, M|\n|poke|p2|Great Tusk, L50|\n|teampreview|4\n|\n|t:|1681995861\n|start\n|switch|p1a: Dragapult|Dragapult, L50, M|100\/100\n|switch|p1b: Gastrodon|Gastrodon, L50, F|100\/100\n|switch|p2a: Torkoal|Torkoal, L50, M|100\/100\n|switch|p2b: Jumpluff|Jumpluff, L50, M|100\/100\n|-weather|SunnyDay|[from] ability: Drought|[of] p2a: Torkoal\n|turn|1\n|\n|t:|1681995891\n|-terastallize|p1b: Gastrodon|Fire\n|move|p2b: Jumpluff|Sleep Powder|p1a: Dragapult\n|-status|p1a: Dragapult|slp|[from] move: Sleep Powder\n|cant|p1a: Dragapult|slp\n|move|p1b: Gastrodon|Earth Power|p2a: Torkoal\n|-supereffective|p2a: Torkoal\n|-damage|p2a: Torkoal|36\/100\n|move|p2a: Torkoal|Overheat|p1b: Gastrodon\n|-resisted|p1b: Gastrodon\n|-damage|p1b: Gastrodon|82\/100\n|-unboost|p2a: Torkoal|spa|2\n|-enditem|p2a: Torkoal|Eject Pack\n|\n|t:|1681995904\n|switch|p2a: Great Tusk|Great Tusk, L50|100\/100\n|-activate|p2a: Great Tusk|ability: Protosynthesis\n|-start|p2a: Great Tusk|protosynthesisatk\n|\n|-weather|SunnyDay|[upkeep]\n|upkeep\n|turn|2\n|\n|t:|1681995924\n|switch|p1b: Rotom|Rotom-Wash, L50|100\/100\n|move|p2b: Jumpluff|Encore||[still]\n|-fail|p2b: Jumpluff\n|move|p2a: Great Tusk|Earthquake|p1b: Rotom|[spread] p1a\n|-immune|p2b: Jumpluff\n|-immune|p1b: Rotom|[from] ability: Levitate\n|-damage|p1a: Dragapult|23\/100 slp\n|cant|p1a: Dragapult|slp\n|\n|-weather|SunnyDay|[upkeep]\n|upkeep\n|turn|3\n|\n|t:|1681995952\n|move|p2b: Jumpluff|Sleep Powder|p1b: Rotom\n|-activate|p1b: Rotom|item: Safety Goggles|Sleep Powder\n|move|p2a: Great Tusk|Earthquake|p1b: Rotom|[spread] p1a\n|-immune|p2b: Jumpluff\n|-immune|p1b: Rotom|[from] ability: Levitate\n|-damage|p1a: Dragapult|0 fnt\n|faint|p1a: Dragapult\n|move|p1b: Rotom|Nasty Plot|p1b: Rotom\n|-boost|p1b: Rotom|spa|2\n|\n|-weather|SunnyDay|[upkeep]\n|upkeep\n|\n|t:|1681995963\n|switch|p1a: Flutter Mane|Flutter Mane, L50|100\/100\n|-activate|p1a: Flutter Mane|ability: Protosynthesis\n|-start|p1a: Flutter Mane|protosynthesisspa\n|turn|4\n|\n|t:|1681995992\n|move|p2b: Jumpluff|Sleep Powder|p1b: Rotom\n|-activate|p1b: Rotom|item: Safety Goggles|Sleep Powder\n|move|p2a: Great Tusk|Earthquake|p1a: Flutter Mane|[spread] p1a\n|-immune|p2b: Jumpluff\n|-immune|p1b: Rotom|[from] ability: Levitate\n|-damage|p1a: Flutter Mane|13\/100\n|move|p1a: Flutter Mane|Moonblast|p2a: Great Tusk\n|-supereffective|p2a: Great Tusk\n|-damage|p2a: Great Tusk|0 fnt\n|faint|p2a: Great Tusk\n|-end|p2a: Great Tusk|Protosynthesis|[silent]\n|move|p1b: Rotom|Thunderbolt|p2b: Jumpluff\n|-damage|p2b: Jumpluff|16\/100\n|\n|-weather|SunnyDay|[upkeep]\n|upkeep\n|\n|t:|1681996005\n|switch|p2a: Flutter Mane|Flutter Mane, L50|100\/100\n|-activate|p2a: Flutter Mane|ability: Protosynthesis\n|-start|p2a: Flutter Mane|protosynthesisspe\n|turn|5\n|\n|t:|1681996017\n|-end|p1a: Flutter Mane|Protosynthesis|[silent]\n|switch|p1a: Gastrodon|Gastrodon, L50, F, tera:Fire|82\/100\n|-terastallize|p2a: Flutter Mane|Fairy\n|move|p2b: Jumpluff|Tailwind|p2b: Jumpluff\n|-sidestart|p2: Quan GUoqing|move: Tailwind\n|move|p2a: Flutter Mane|Dazzling Gleam|p1a: Gastrodon|[spread] p1a,p1b\n|-resisted|p1a: Gastrodon\n|-damage|p1a: Gastrodon|62\/100\n|-damage|p1b: Rotom|38\/100\n|move|p1b: Rotom|Thunderbolt|p2a: Flutter Mane\n|-damage|p2a: Flutter Mane|29\/100\n|-status|p2a: Flutter Mane|par\n|\n|-weather|none\n|-end|p2a: Flutter Mane|Protosynthesis\n|upkeep\n|turn|6\n|\n|t:|1681996041\n|switch|p2b: Torkoal|Torkoal, L50, M|36\/100\n|-weather|SunnyDay|[from] ability: Drought|[of] p2b: Torkoal\n|-activate|p2a: Flutter Mane|ability: Protosynthesis\n|-start|p2a: Flutter Mane|protosynthesisspe\n|move|p1b: Rotom|Protect|p1b: Rotom\n|-singleturn|p1b: Rotom|Protect\n|move|p2a: Flutter Mane|Dazzling Gleam|p1a: Gastrodon|[spread] p1a\n|-activate|p1b: Rotom|move: Protect\n|-resisted|p1a: Gastrodon\n|-damage|p1a: Gastrodon|44\/100\n|move|p1a: Gastrodon|Earth Power|p2a: Flutter Mane\n|-damage|p2a: Flutter Mane|2\/100 par\n|\n|-weather|SunnyDay|[upkeep]\n|upkeep\n|turn|7\n|\n|t:|1681996065\n|move|p2a: Flutter Mane|Dazzling Gleam|p1a: Gastrodon|[spread] p1a,p1b\n|-resisted|p1a: Gastrodon\n|-damage|p1a: Gastrodon|23\/100\n|-damage|p1b: Rotom|0 fnt\n|faint|p1b: Rotom\n|move|p2b: Torkoal|Yawn|p1a: Gastrodon\n|-start|p1a: Gastrodon|move: Yawn|[of] p2b: Torkoal\n|move|p1a: Gastrodon|Earth Power|p2b: Torkoal\n|-supereffective|p2b: Torkoal\n|-damage|p2b: Torkoal|0 fnt\n|faint|p2b: Torkoal\n|\n|-weather|SunnyDay|[upkeep]\n|upkeep\n|\n|t:|1681996076\n|switch|p1b: Flutter Mane|Flutter Mane, L50|13\/100\n|switch|p2b: Jumpluff|Jumpluff, L50, M|16\/100\n|-activate|p1b: Flutter Mane|ability: Protosynthesis\n|-start|p1b: Flutter Mane|protosynthesisspa\n|turn|8\n|\n|t:|1681996090\n|move|p2b: Jumpluff|Leaf Storm|p1b: Flutter Mane\n|-damage|p1b: Flutter Mane|0 fnt\n|-unboost|p2b: Jumpluff|spa|2\n|faint|p1b: Flutter Mane\n|-end|p1b: Flutter Mane|Protosynthesis|[silent]\n|cant|p2a: Flutter Mane|par\n|move|p1a: Gastrodon|Recover|p1a: Gastrodon\n|-heal|p1a: Gastrodon|73\/100\n|\n|-weather|SunnyDay|[upkeep]\n|-end|p1a: Gastrodon|move: Yawn|[silent]\n|-status|p1a: Gastrodon|slp\n|-sideend|p2: Quan GUoqing|move: Tailwind\n|upkeep\n|turn|9\n|\n|t:|1681996110\n|move|p2b: Jumpluff|Leaf Storm|p1a: Gastrodon\n|-resisted|p1a: Gastrodon\n|-damage|p1a: Gastrodon|68\/100 slp\n|-unboost|p2b: Jumpluff|spa|2\n|cant|p2a: Flutter Mane|par\n|cant|p1a: Gastrodon|slp\n|\n|-weather|SunnyDay|[upkeep]\n|upkeep\n|turn|10\n|-message|Quan GUoqing forfeited.\n|\n|win|Tonsoffamage\n|raw|Tonsoffamage's rating: 1132 → 1156<\/strong> (+24 for winning)\n|raw|Quan GUoqing's rating: 1116 → 1092<\/strong> (-24 for losing)\n|l|\u2606Quan GUoqing\n","uploadtime":1681996127,"views":12,"p1id":"tonsoffamage","p2id":"quanguoqing","formatid":"gen9vgc2023regulationc","rating":1092,"private":0,"password":""}