{"id":"gen9vgc2023regulationc-1856092374","p1":"withane","p2":"tadano-reol","format":"[Gen 9] VGC 2023 Regulation C","log":"|j|\u2606withane\n|j|\u2606tadano-reol\n|t:|1683029177\n|gametype|doubles\n|player|p1|withane|101|1298\n|player|p2|tadano-reol|red|1369\n|teamsize|p1|6\n|teamsize|p2|6\n|gen|9\n|tier|[Gen 9] VGC 2023 Regulation C\n|rated|\n|rule|Species Clause: Limit one of each Pok\u00e9mon\n|rule|Item Clause: Limit one of each item\n|clearpoke\n|poke|p1|Ting-Lu, L50|\n|poke|p1|Abomasnow, L50, F|\n|poke|p1|Flutter Mane, L50|\n|poke|p1|Iron Hands, L50|\n|poke|p1|Bronzong, L50|\n|poke|p1|Amoonguss, L50, M|\n|poke|p2|Ting-Lu, L50|\n|poke|p2|Rotom-Wash, L50|\n|poke|p2|Amoonguss, L50, F|\n|poke|p2|Arcanine, L50, M|\n|poke|p2|Flutter Mane, L50|\n|poke|p2|Chien-Pao, L50|\n|teampreview|4\n|inactive|Battle timer is ON: inactive players will automatically lose when time's up. (requested by tadano-reol)\n|j| hisanory\n|inactive|withane has 60 seconds left.\n|\n|t:|1683029214\n|start\n|switch|p1a: Ting-Lu|Ting-Lu, L50|100\/100\n|switch|p1b: Iron Hands|Iron Hands, L50|100\/100\n|switch|p2a: Ting-Lu|Ting-Lu, L50|100\/100\n|switch|p2b: Rotom|Rotom-Wash, L50|100\/100\n|-ability|p2a: Ting-Lu|Vessel of Ruin\n|-ability|p1a: Ting-Lu|Vessel of Ruin\n|turn|1\n|\n|t:|1683029235\n|-end|p1b: Iron Hands|Quark Drive|[silent]\n|switch|p1b: Bronzong|Bronzong, L50|100\/100\n|move|p2b: Rotom|Hydro Pump|p1a: Ting-Lu\n|-supereffective|p1a: Ting-Lu\n|-damage|p1a: Ting-Lu|54\/100\n|move|p2a: Ting-Lu|Stomping Tantrum|p1b: Bronzong\n|-immune|p1b: Bronzong|[from] ability: Levitate\n|move|p1a: Ting-Lu|Throat Chop|p2b: Rotom\n|-damage|p2b: Rotom|41\/100\n|-start|p2b: Rotom|Throat Chop|[silent]\n|\n|upkeep\n|turn|2\n|\n|t:|1683029249\n|move|p2b: Rotom|Protect|p2b: Rotom\n|-singleturn|p2b: Rotom|Protect\n|move|p2a: Ting-Lu|Stomping Tantrum|p1a: Ting-Lu\n|-damage|p1a: Ting-Lu|0 fnt\n|faint|p1a: Ting-Lu\n|move|p1b: Bronzong|Trick Room|p1b: Bronzong\n|-fieldstart|move: Trick Room|[of] p1b: Bronzong\n|\n|-end|p2b: Rotom|Throat Chop|[silent]\n|upkeep\n|\n|t:|1683029260\n|switch|p1a: Abomasnow|Abomasnow, L50, F|100\/100\n|-weather|Snow|[from] ability: Snow Warning|[of] p1a: Abomasnow\n|turn|3\n|\n|t:|1683029268\n|move|p1b: Bronzong|Gyro Ball|p1a: Abomasnow\n|-supereffective|p1a: Abomasnow\n|-damage|p1a: Abomasnow|81\/100\n|-enditem|p1a: Abomasnow|Weakness Policy\n|-boost|p1a: Abomasnow|atk|2|[from] item: Weakness Policy\n|-boost|p1a: Abomasnow|spa|2|[from] item: Weakness Policy\n|move|p1a: Abomasnow|Blizzard|p2b: Rotom|[spread] p2a,p2b\n|-supereffective|p2a: Ting-Lu\n|-resisted|p2b: Rotom\n|-damage|p2a: Ting-Lu|19\/100\n|-damage|p2b: Rotom|10\/100\n|move|p2a: Ting-Lu|Stomping Tantrum|p1a: Abomasnow\n|-resisted|p1a: Abomasnow\n|-damage|p1a: Abomasnow|60\/100\n|move|p2b: Rotom|Thunderbolt|p1a: Abomasnow\n|-resisted|p1a: Abomasnow\n|-damage|p1a: Abomasnow|45\/100\n|\n|-weather|Snow|[upkeep]\n|upkeep\n|turn|4\n|\n|t:|1683029286\n|move|p2b: Rotom|Protect|p2b: Rotom\n|-singleturn|p2b: Rotom|Protect\n|move|p1b: Bronzong|Safeguard|p1b: Bronzong\n|-sidestart|p1: withane|Safeguard\n|move|p1a: Abomasnow|Blizzard|p2a: Ting-Lu|[spread] p2a\n|-activate|p2b: Rotom|move: Protect\n|-supereffective|p2a: Ting-Lu\n|-damage|p2a: Ting-Lu|0 fnt\n|faint|p2a: Ting-Lu\n|\n|-weather|Snow|[upkeep]\n|upkeep\n|\n|t:|1683029293\n|switch|p2a: Arcanine|Arcanine, L50, M|100\/100\n|-ability|p2a: Arcanine|Intimidate|boost\n|-unboost|p1a: Abomasnow|atk|1\n|-unboost|p1b: Bronzong|atk|1\n|turn|5\n|\n|t:|1683029304\n|-terastallize|p1a: Abomasnow|Ground\n|move|p2b: Rotom|Helping Hand|p2a: Arcanine\n|-singleturn|p2a: Arcanine|Helping Hand|[of] p2b: Rotom\n|move|p1b: Bronzong|Gyro Ball|p2b: Rotom\n|-resisted|p2b: Rotom\n|-damage|p2b: Rotom|6\/100\n|move|p1a: Abomasnow|Earth Power|p2a: Arcanine\n|-supereffective|p2a: Arcanine\n|-damage|p2a: Arcanine|0 fnt\n|faint|p2a: Arcanine\n|\n|-weather|Snow|[upkeep]\n|upkeep\n|\n|t:|1683029313\n|switch|p2a: Flutter Mane|Flutter Mane, L50|100\/100\n|turn|6\n|\n|t:|1683029326\n|move|p1b: Bronzong|Gyro Ball|p2a: Flutter Mane\n|-supereffective|p2a: Flutter Mane\n|-damage|p2a: Flutter Mane|3\/100\n|move|p1a: Abomasnow|Blizzard|p2a: Flutter Mane|[spread] p2a,p2b\n|-crit|p2a: Flutter Mane\n|-resisted|p2b: Rotom\n|-damage|p2a: Flutter Mane|0 fnt\n|-damage|p2b: Rotom|0 fnt\n|faint|p2a: Flutter Mane\n|-end|p2a: Flutter Mane|Protosynthesis|[silent]\n|faint|p2b: Rotom\n|\n|win|withane\n|raw|withane's rating: 1298 → 1328<\/strong> (+30 for winning)\n|raw|tadano-reol's rating: 1369 → 1345<\/strong> (-24 for losing)\n|l|\u2606tadano-reol\n|l|\u2606withane\n","uploadtime":1683029360,"views":4,"p1id":"withane","p2id":"tadanoreol","formatid":"gen9vgc2023regulationc","rating":1328,"private":0,"password":""}