{"id":"gen9vgc2023regulationc-1856573372","p1":"Ban Lylat","p2":"RushXCalibur","format":"[Gen 9] VGC 2023 Regulation C","log":"|j|\u2606Ban Lylat\n|j|\u2606RushXCalibur\n|t:|1683077408\n|gametype|doubles\n|player|p1|Ban Lylat|janitor|1176\n|player|p2|RushXCalibur|drayden|1235\n|teamsize|p1|6\n|teamsize|p2|6\n|gen|9\n|tier|[Gen 9] VGC 2023 Regulation C\n|rated|\n|rule|Species Clause: Limit one of each Pok\u00e9mon\n|rule|Item Clause: Limit one of each item\n|clearpoke\n|poke|p1|Ting-Lu, L50|\n|poke|p1|Chien-Pao, L50|\n|poke|p1|Wo-Chien, L50|\n|poke|p1|Chi-Yu, L50|\n|poke|p1|Mimikyu, L50, M|\n|poke|p1|Gothitelle, L50, M|\n|poke|p2|Ting-Lu, L50|\n|poke|p2|Murkrow, L50, F|\n|poke|p2|Garchomp, L50, F|\n|poke|p2|Wo-Chien, L50|\n|poke|p2|Glimmora, L50, F|\n|poke|p2|Flutter Mane, L50|\n|teampreview|4\n|inactive|Battle timer is ON: inactive players will automatically lose when time's up. (requested by Ban Lylat)\nBan Lylat has agreed to open team sheets.\n|inactive|Ban Lylat has 60 seconds left.\n|inactive|RushXCalibur has 60 seconds left.\n|inactive|Ban Lylat has 30 seconds left.\n|inactive|Ban Lylat has 20 seconds left.\n|inactive|Ban Lylat has 15 seconds left.\n|inactive|Ban Lylat has 10 seconds left.\n|\n|t:|1683077491\n|start\n|switch|p1a: Gothitelle|Gothitelle, L50, M|100\/100\n|switch|p1b: Mimikyu|Mimikyu, L50, M|100\/100\n|switch|p2a: Murkrow|Murkrow, L50, F|100\/100\n|switch|p2b: Ting-Lu|Ting-Lu, L50|100\/100\n|-ability|p2b: Ting-Lu|Vessel of Ruin\n|turn|1\n|inactive|Ban Lylat has 30 seconds left.\n|\n|t:|1683077518\n|move|p1a: Gothitelle|Protect|p1a: Gothitelle\n|-singleturn|p1a: Gothitelle|Protect\n|move|p2a: Murkrow|Foul Play|p1b: Mimikyu\n|-activate|p1b: Mimikyu|ability: Disguise\n|-damage|p1b: Mimikyu|100\/100\n|detailschange|p1b: Mimikyu|Mimikyu-Busted, L50, M\n|-damage|p1b: Mimikyu|88\/100|[from] pokemon: Mimikyu-Busted\n|move|p1b: Mimikyu|Will-O-Wisp|p2b: Ting-Lu\n|-status|p2b: Ting-Lu|brn\n|move|p2b: Ting-Lu|Heavy Slam|p1b: Mimikyu\n|-supereffective|p1b: Mimikyu\n|-damage|p1b: Mimikyu|48\/100\n|\n|-damage|p2b: Ting-Lu|95\/100 brn|[from] brn\n|upkeep\n|turn|2\n|\n|t:|1683077537\n|switch|p1b: Wo-Chien|Wo-Chien, L50|100\/100\n|-ability|p1b: Wo-Chien|Tablets of Ruin\n|move|p2a: Murkrow|Foul Play|p1b: Wo-Chien\n|-resisted|p1b: Wo-Chien\n|-damage|p1b: Wo-Chien|93\/100\n|move|p1a: Gothitelle|Calm Mind|p1a: Gothitelle\n|-boost|p1a: Gothitelle|spa|1\n|-boost|p1a: Gothitelle|spd|1\n|move|p2b: Ting-Lu|Snarl|p1b: Wo-Chien|[spread] p1a,p1b\n|-supereffective|p1a: Gothitelle\n|-resisted|p1b: Wo-Chien\n|-damage|p1a: Gothitelle|89\/100\n|-damage|p1b: Wo-Chien|90\/100\n|-unboost|p1a: Gothitelle|spa|1\n|-unboost|p1b: Wo-Chien|spa|1\n|\n|-damage|p2b: Ting-Lu|89\/100 brn|[from] brn\n|upkeep\n|turn|3\n|\n|t:|1683077559\n|move|p1a: Gothitelle|Protect|p1a: Gothitelle\n|-singleturn|p1a: Gothitelle|Protect\n|move|p2a: Murkrow|Taunt|p1a: Gothitelle\n|-activate|p1a: Gothitelle|move: Protect\n|move|p1b: Wo-Chien|Leech Seed|p2a: Murkrow\n|-start|p2a: Murkrow|move: Leech Seed\n|move|p2b: Ting-Lu|Fissure|p1b: Wo-Chien|[miss]\n|-miss|p2b: Ting-Lu|p1b: Wo-Chien\n|\n|-damage|p2a: Murkrow|89\/100|[from] Leech Seed|[of] p1b: Wo-Chien\n|-heal|p1b: Wo-Chien|100\/100|[silent]\n|-damage|p2b: Ting-Lu|83\/100 brn|[from] brn\n|upkeep\n|turn|4\n|inactive|Ban Lylat has 30 seconds left.\n|inactive|Ban Lylat has 20 seconds left.\n|inactive|RushXCalibur has 30 seconds left.\n|\n|t:|1683077594\n|switch|p1a: Chien-Pao|Chien-Pao, L50|100\/100\n|-ability|p1a: Chien-Pao|Sword of Ruin\n|move|p2a: Murkrow|Taunt|p1a: Chien-Pao\n|-hint|Since gen 7, Dark is immune to Prankster moves.\n|-immune|p1a: Chien-Pao\n|move|p1b: Wo-Chien|Leech Seed|p2b: Ting-Lu\n|-start|p2b: Ting-Lu|move: Leech Seed\n|move|p2b: Ting-Lu|Fissure|p1b: Wo-Chien|[miss]\n|-miss|p2b: Ting-Lu|p1b: Wo-Chien\n|\n|-damage|p2a: Murkrow|77\/100|[from] Leech Seed|[of] p1b: Wo-Chien\n|-damage|p2b: Ting-Lu|70\/100 brn|[from] Leech Seed|[of] p1b: Wo-Chien\n|-damage|p2b: Ting-Lu|64\/100 brn|[from] brn\n|upkeep\n|turn|5\n|inactive|Ban Lylat has 30 seconds left.\n|\n|t:|1683077622\n|switch|p1b: Gothitelle|Gothitelle, L50, M|89\/100\n|switch|p2b: Flutter Mane|Flutter Mane, L50|100\/100\n|move|p2a: Murkrow|Tailwind|p2a: Murkrow\n|-sidestart|p2: RushXCalibur|move: Tailwind\n|move|p1a: Chien-Pao|Swords Dance|p1a: Chien-Pao\n|-boost|p1a: Chien-Pao|atk|2\n|\n|-damage|p2a: Murkrow|65\/100|[from] Leech Seed|[of] p1b: Gothitelle\n|-heal|p1b: Gothitelle|100\/100|[silent]\n|upkeep\n|turn|6\n|\n|t:|1683077646\n|-terastallize|p2b: Flutter Mane|Fairy\n|-terastallize|p1b: Gothitelle|Steel\n|move|p1a: Chien-Pao|Protect|p1a: Chien-Pao\n|-singleturn|p1a: Chien-Pao|Protect\n|move|p2a: Murkrow|Haze|p2a: Murkrow\n|-clearallboost\n|move|p2b: Flutter Mane|Dazzling Gleam|p1a: Chien-Pao|[spread] p1b\n|-activate|p1a: Chien-Pao|move: Protect\n|-resisted|p1b: Gothitelle\n|-damage|p1b: Gothitelle|81\/100\n|move|p1b: Gothitelle|Psychic|p2b: Flutter Mane\n|-damage|p2b: Flutter Mane|59\/100\n|\n|-damage|p2a: Murkrow|53\/100|[from] Leech Seed|[of] p1b: Gothitelle\n|-heal|p1b: Gothitelle|92\/100|[silent]\n|upkeep\n|turn|7\n|inactive|Ban Lylat has 30 seconds left.\n|\n|t:|1683077674\n|move|p2b: Flutter Mane|Dazzling Gleam|p1a: Chien-Pao|[spread] p1a,p1b\n|-supereffective|p1a: Chien-Pao\n|-resisted|p1b: Gothitelle\n|-enditem|p1a: Chien-Pao|Focus Sash\n|-damage|p1a: Chien-Pao|1\/100\n|-damage|p1b: Gothitelle|72\/100\n|move|p2a: Murkrow|Foul Play|p1a: Chien-Pao\n|-resisted|p1a: Chien-Pao\n|-damage|p1a: Chien-Pao|0 fnt\n|faint|p1a: Chien-Pao\n|move|p1b: Gothitelle|Calm Mind|p1b: Gothitelle\n|-boost|p1b: Gothitelle|spa|1\n|-boost|p1b: Gothitelle|spd|1\n|\n|-damage|p2a: Murkrow|41\/100|[from] Leech Seed|[of] p1b: Gothitelle\n|-heal|p1b: Gothitelle|83\/100|[silent]\n|upkeep\n|\n|t:|1683077687\n|switch|p1a: Mimikyu|Mimikyu-Busted, L50, M|48\/100\n|turn|8\n|\n|t:|1683077700\n|move|p2a: Murkrow|Haze|p2a: Murkrow\n|-clearallboost\n|move|p2b: Flutter Mane|Shadow Ball|p1a: Mimikyu\n|-supereffective|p1a: Mimikyu\n|-damage|p1a: Mimikyu|0 fnt\n|faint|p1a: Mimikyu\n|move|p1b: Gothitelle|Calm Mind|p1b: Gothitelle\n|-boost|p1b: Gothitelle|spa|1\n|-boost|p1b: Gothitelle|spd|1\n|\n|-damage|p2a: Murkrow|29\/100|[from] Leech Seed|[of] p1b: Gothitelle\n|-heal|p1b: Gothitelle|94\/100|[silent]\n|-sideend|p2: RushXCalibur|move: Tailwind\n|upkeep\n|\n|t:|1683077706\n|switch|p1a: Wo-Chien|Wo-Chien, L50|100\/100\n|-ability|p1a: Wo-Chien|Tablets of Ruin\n|turn|9\n|\n|t:|1683077717\n|move|p1a: Wo-Chien|Protect|p1a: Wo-Chien\n|-singleturn|p1a: Wo-Chien|Protect\n|move|p2a: Murkrow|Haze|p2a: Murkrow\n|-clearallboost\n|move|p2b: Flutter Mane|Dazzling Gleam|p1a: Wo-Chien|[spread] p1b\n|-activate|p1a: Wo-Chien|move: Protect\n|-resisted|p1b: Gothitelle\n|-damage|p1b: Gothitelle|75\/100\n|move|p1b: Gothitelle|Psychic|p2b: Flutter Mane\n|-damage|p2b: Flutter Mane|15\/100\n|\n|-damage|p2a: Murkrow|17\/100|[from] Leech Seed|[of] p1b: Gothitelle\n|-heal|p1b: Gothitelle|86\/100|[silent]\n|upkeep\n|turn|10\n|inactive|Ban Lylat has 30 seconds left.\n|\n|t:|1683077742\n|move|p2b: Flutter Mane|Dazzling Gleam|p1a: Wo-Chien|[spread] p1a,p1b\n|-supereffective|p1a: Wo-Chien\n|-resisted|p1b: Gothitelle\n|-damage|p1a: Wo-Chien|50\/100\n|-damage|p1b: Gothitelle|65\/100\n|move|p2a: Murkrow|Foul Play|p1a: Wo-Chien\n|-resisted|p1a: Wo-Chien\n|-damage|p1a: Wo-Chien|43\/100\n|move|p1a: Wo-Chien|Foul Play|p2b: Flutter Mane\n|-resisted|p2b: Flutter Mane\n|-damage|p2b: Flutter Mane|0 fnt\n|faint|p2b: Flutter Mane\n|-end|p2b: Flutter Mane|Protosynthesis|[silent]\n|move|p1b: Gothitelle|Heal Pulse|p1a: Wo-Chien\n|-heal|p1a: Wo-Chien|93\/100\n|\n|-damage|p2a: Murkrow|5\/100|[from] Leech Seed|[of] p1b: Gothitelle\n|-heal|p1b: Gothitelle|77\/100|[silent]\n|upkeep\n|\n|t:|1683077751\n|switch|p2b: Ting-Lu|Ting-Lu, L50|64\/100 brn\n|-ability|p2b: Ting-Lu|Vessel of Ruin\n|turn|11\n|\n|t:|1683077768\n|move|p1b: Gothitelle|Protect|p1b: Gothitelle\n|-singleturn|p1b: Gothitelle|Protect\n|move|p2a: Murkrow|Taunt|p1b: Gothitelle\n|-activate|p1b: Gothitelle|move: Protect\n|move|p1a: Wo-Chien|Leech Seed|p2b: Ting-Lu\n|-start|p2b: Ting-Lu|move: Leech Seed\n|move|p2b: Ting-Lu|Fissure|p1a: Wo-Chien|[miss]\n|-miss|p2b: Ting-Lu|p1a: Wo-Chien\n|\n|-damage|p2a: Murkrow|0 fnt|[from] Leech Seed|[of] p1b: Gothitelle\n|-heal|p1b: Gothitelle|81\/100|[silent]\n|faint|p2a: Murkrow\n|-damage|p2b: Ting-Lu|52\/100 brn|[from] Leech Seed|[of] p1a: Wo-Chien\n|-heal|p1a: Wo-Chien|100\/100|[silent]\n|-damage|p2b: Ting-Lu|46\/100 brn|[from] brn\n|upkeep\n|\n|t:|1683077773\n|switch|p2a: Wo-Chien|Wo-Chien, L50|100\/100\n|-ability|p2a: Wo-Chien|Tablets of Ruin\n|turn|12\n|\n|t:|1683077795\n|move|p2a: Wo-Chien|Pollen Puff|p2b: Ting-Lu\n|-heal|p2b: Ting-Lu|96\/100 brn\n|move|p1a: Wo-Chien|Foul Play|p2b: Ting-Lu\n|-resisted|p2b: Ting-Lu\n|-damage|p2b: Ting-Lu|86\/100 brn\n|move|p1b: Gothitelle|Calm Mind|p1b: Gothitelle\n|-boost|p1b: Gothitelle|spa|1\n|-boost|p1b: Gothitelle|spd|1\n|move|p2b: Ting-Lu|Stomping Tantrum|p1b: Gothitelle\n|-supereffective|p1b: Gothitelle\n|-damage|p1b: Gothitelle|38\/100\n|\n|-damage|p2b: Ting-Lu|74\/100 brn|[from] Leech Seed|[of] p1a: Wo-Chien\n|-damage|p2b: Ting-Lu|68\/100 brn|[from] brn\n|upkeep\n|turn|13\n|\n|t:|1683077813\n|move|p1b: Gothitelle|Protect|p1b: Gothitelle\n|-singleturn|p1b: Gothitelle|Protect\n|move|p2a: Wo-Chien|Pollen Puff|p1a: Wo-Chien\n|-supereffective|p1a: Wo-Chien\n|-damage|p1a: Wo-Chien|61\/100\n|move|p1a: Wo-Chien|Pollen Puff|p2a: Wo-Chien\n|-supereffective|p2a: Wo-Chien\n|-damage|p2a: Wo-Chien|67\/100\n|move|p2b: Ting-Lu|Snarl|p1b: Gothitelle|[spread] p1a\n|-activate|p1b: Gothitelle|move: Protect\n|-resisted|p1a: Wo-Chien\n|-damage|p1a: Wo-Chien|58\/100\n|-unboost|p1a: Wo-Chien|spa|1\n|\n|-heal|p2a: Wo-Chien|73\/100|[from] item: Leftovers\n|-damage|p2b: Ting-Lu|56\/100 brn|[from] Leech Seed|[of] p1a: Wo-Chien\n|-heal|p1a: Wo-Chien|73\/100|[silent]\n|-damage|p2b: Ting-Lu|50\/100 brn|[from] brn\n|upkeep\n|turn|14\n|inactive|RushXCalibur has 30 seconds left.\n|\n|t:|1683077844\n|move|p2a: Wo-Chien|Leech Seed|p1b: Gothitelle|[miss]\n|-miss|p2a: Wo-Chien|p1b: Gothitelle\n|move|p1a: Wo-Chien|Pollen Puff|p2a: Wo-Chien\n|-supereffective|p2a: Wo-Chien\n|-damage|p2a: Wo-Chien|50\/100\n|move|p1b: Gothitelle|Heal Pulse|p1a: Wo-Chien\n|-heal|p1a: Wo-Chien|100\/100\n|move|p2b: Ting-Lu|Fissure|p1a: Wo-Chien\n|-damage|p1a: Wo-Chien|0 fnt\n|faint|p1a: Wo-Chien\n|-ohko\n|\n|-heal|p2a: Wo-Chien|55\/100|[from] item: Leftovers\n|-damage|p2b: Ting-Lu|44\/100 brn|[from] brn\n|upkeep\n|turn|15\n|-message|Ban Lylat forfeited.\n|\n|win|RushXCalibur\n|raw|Ban Lylat's rating: 1176 → 1155<\/strong> (-21 for losing)\n|raw|RushXCalibur's rating: 1235 → 1256<\/strong> (+21 for winning)\n|l|\u2606Ban Lylat\n|l|\u2606RushXCalibur\n|j|\u2606RushXCalibur\n|player|p2|RushXCalibur|drayden\n","uploadtime":1683078426,"views":14,"p1id":"banlylat","p2id":"rushxcalibur","formatid":"gen9vgc2023regulationc","rating":1155,"private":0,"password":""}