{"id":"gen9vgc2023regulationc-1860808297","p1":"Draco Jack17","p2":"z0gre","format":"[Gen 9] VGC 2023 Regulation C","log":"|j|\u2606Draco Jack17\n|j|\u2606z0gre\n|t:|1683680380\n|gametype|doubles\n|player|p1|Draco Jack17|n|1352\n|player|p2|z0gre|lucas|1362\n|teamsize|p1|6\n|teamsize|p2|6\n|gen|9\n|tier|[Gen 9] VGC 2023 Regulation C\n|rated|\n|rule|Species Clause: Limit one of each Pok\u00e9mon\n|rule|Item Clause: Limit one of each item\n|clearpoke\n|poke|p1|Amoonguss, L50, F|\n|poke|p1|Flutter Mane, L50|\n|poke|p1|Gyarados, L50, M|\n|poke|p1|Iron Hands, L50|\n|poke|p1|Roaring Moon, L50|\n|poke|p1|Ting-Lu, L50|\n|poke|p2|Hippowdon, L50, M|\n|poke|p2|Lycanroc, L50, F|\n|poke|p2|Indeedee-F, L50, F|\n|poke|p2|Houndstone, L50, F|\n|poke|p2|Hawlucha, L50, M|\n|poke|p2|Palossand, L50, M|\n|teampreview|4\n|inactive|Battle timer is ON: inactive players will automatically lose when time's up. (requested by z0gre)\nDraco Jack17 has agreed to open team sheets.\nz0gre rejected open team sheets.\n|inactive|Draco Jack17 has 60 seconds left.\n|\n|t:|1683680434\n|start\n|switch|p1a: Wrath 2|Iron Hands, L50|100\/100\n|switch|p1b: Envy|Gyarados, L50, M|100\/100\n|switch|p2a: Hippowdon|Hippowdon, L50, M, shiny|100\/100\n|switch|p2b: Houndstone|Houndstone, L50, F, shiny|100\/100\n|-ability|p1b: Envy|Intimidate|boost\n|-unboost|p2a: Hippowdon|atk|1\n|-unboost|p2b: Houndstone|atk|1\n|-weather|Sandstorm|[from] ability: Sand Stream|[of] p2a: Hippowdon\n|turn|1\n|\n|t:|1683680459\n|move|p1a: Wrath 2|Fake Out|p2a: Hippowdon\n|-damage|p2a: Hippowdon|90\/100\n|move|p2b: Houndstone|Will-O-Wisp|p1b: Envy\n|-status|p1b: Envy|brn\n|-enditem|p1b: Envy|Lum Berry|[eat]\n|-curestatus|p1b: Envy|brn|[msg]\n|move|p1b: Envy|Taunt|p2a: Hippowdon\n|-start|p2a: Hippowdon|move: Taunt\n|cant|p2a: Hippowdon|flinch\n|\n|-weather|Sandstorm|[upkeep]\n|-damage|p1b: Envy|95\/100|[from] Sandstorm\n|upkeep\n|turn|2\n|\n|t:|1683680478\n|move|p2b: Houndstone|Will-O-Wisp|p1b: Envy\n|-status|p1b: Envy|brn\n|move|p1b: Envy|Taunt|p2b: Houndstone\n|-start|p2b: Houndstone|move: Taunt\n|move|p1a: Wrath 2|Swords Dance|p1a: Wrath 2\n|-boost|p1a: Wrath 2|atk|2\n|move|p2a: Hippowdon|Fissure|p1a: Wrath 2|[miss]\n|-miss|p2a: Hippowdon|p1a: Wrath 2\n|\n|-weather|Sandstorm|[upkeep]\n|-damage|p1b: Envy|89\/100 brn|[from] Sandstorm\n|-damage|p1b: Envy|83\/100 brn|[from] brn\n|upkeep\n|turn|3\n|inactive|z0gre has 30 seconds left.\n|\n|t:|1683680508\n|switch|p2b: Indeedee|Indeedee-F, L50, F, shiny|100\/100\n|-fieldstart|move: Psychic Terrain|[from] ability: Psychic Surge|[of] p2b: Indeedee\n|-terastallize|p1a: Wrath 2|Fire\n|move|p1b: Envy|Waterfall|p2a: Hippowdon\n|-supereffective|p2a: Hippowdon\n|-damage|p2a: Hippowdon|63\/100\n|move|p1a: Wrath 2|Drain Punch|p2a: Hippowdon\n|-damage|p2a: Hippowdon|10\/100\n|move|p2a: Hippowdon|Fissure|p1a: Wrath 2\n|-damage|p1a: Wrath 2|0 fnt\n|faint|p1a: Wrath 2\n|-end|p1a: Wrath 2|Quark Drive|[silent]\n|-ohko\n|\n|-weather|Sandstorm|[upkeep]\n|-damage|p1b: Envy|77\/100 brn|[from] Sandstorm\n|-damage|p2b: Indeedee|94\/100|[from] Sandstorm\n|-damage|p1b: Envy|71\/100 brn|[from] brn\n|-end|p2a: Hippowdon|move: Taunt\n|upkeep\n|\n|t:|1683680522\n|switch|p1a: Sloth|Ting-Lu, L50|100\/100\n|-ability|p1a: Sloth|Vessel of Ruin\n|turn|4\n|\n|t:|1683680545\n|switch|p2a: Houndstone|Houndstone, L50, F, shiny|100\/100\n|move|p1b: Envy|Taunt|p2b: Indeedee\n|-start|p2b: Indeedee|move: Taunt\n|cant|p2b: Indeedee|move: Taunt|Reflect\n|move|p1a: Sloth|Heavy Slam|p2b: Indeedee\n|-damage|p2b: Indeedee|65\/100\n|\n|-weather|Sandstorm|[upkeep]\n|-damage|p1b: Envy|65\/100 brn|[from] Sandstorm\n|-damage|p2b: Indeedee|59\/100|[from] Sandstorm\n|-damage|p1b: Envy|59\/100 brn|[from] brn\n|upkeep\n|turn|5\n|\n|t:|1683680563\n|move|p2a: Houndstone|Will-O-Wisp|p1a: Sloth\n|-status|p1a: Sloth|brn\n|move|p1b: Envy|Taunt|p2a: Houndstone\n|-start|p2a: Houndstone|move: Taunt\n|move|p2b: Indeedee|Draining Kiss|p1a: Sloth\n|-supereffective|p1a: Sloth\n|-damage|p1a: Sloth|90\/100 brn\n|-heal|p2b: Indeedee|71\/100|[from] drain|[of] p1a: Sloth\n|move|p1a: Sloth|Sand Tomb|p2b: Indeedee|[miss]\n|-miss|p1a: Sloth|p2b: Indeedee\n|\n|-weather|Sandstorm|[upkeep]\n|-damage|p1b: Envy|53\/100 brn|[from] Sandstorm\n|-damage|p2b: Indeedee|64\/100|[from] Sandstorm\n|-damage|p1b: Envy|47\/100 brn|[from] brn\n|-damage|p1a: Sloth|84\/100 brn|[from] brn\n|upkeep\n|turn|6\n|\n|t:|1683680584\n|switch|p2a: Lycanroc|Lycanroc, L50, F, shiny|100\/100\n|move|p1b: Envy|Thunder Wave|p2a: Lycanroc\n|-status|p2a: Lycanroc|par\n|move|p2b: Indeedee|Draining Kiss|p1a: Sloth\n|-supereffective|p1a: Sloth\n|-damage|p1a: Sloth|73\/100 brn\n|-heal|p2b: Indeedee|76\/100|[from] drain|[of] p1a: Sloth\n|move|p1a: Sloth|Stomping Tantrum|p2b: Indeedee\n|-damage|p2b: Indeedee|49\/100\n|\n|-weather|Sandstorm|[upkeep]\n|-damage|p1b: Envy|41\/100 brn|[from] Sandstorm\n|-damage|p2b: Indeedee|43\/100|[from] Sandstorm\n|-damage|p1b: Envy|35\/100 brn|[from] brn\n|-damage|p1a: Sloth|67\/100 brn|[from] brn\n|-end|p2b: Indeedee|move: Taunt\n|upkeep\n|turn|7\n|\n|t:|1683680609\n|switch|p1b: Gluttony|Amoonguss, L50, F|100\/100\n|move|p2a: Lycanroc|Rock Slide|p1b: Gluttony|[spread] p1a,p1b\n|-resisted|p1a: Sloth\n|-damage|p1a: Sloth|60\/100 brn\n|-damage|p1b: Gluttony|80\/100\n|move|p2b: Indeedee|Reflect|p2b: Indeedee\n|-sidestart|p2: z0gre|Reflect\n|move|p1a: Sloth|Sand Tomb|p2b: Indeedee\n|-damage|p2b: Indeedee|39\/100\n|-activate|p2b: Indeedee|move: Sand Tomb|[of] p1a: Sloth\n|\n|-weather|Sandstorm|[upkeep]\n|-damage|p2b: Indeedee|33\/100|[from] Sandstorm\n|-damage|p1b: Gluttony|74\/100|[from] Sandstorm\n|-damage|p1a: Sloth|54\/100 brn|[from] brn\n|-damage|p2b: Indeedee|20\/100|[from] move: Sand Tomb|[partiallytrapped]\n|-fieldend|move: Psychic Terrain\n|upkeep\n|turn|8\n|\n|t:|1683680631\n|move|p2a: Lycanroc|Protect|p2a: Lycanroc\n|-singleturn|p2a: Lycanroc|Protect\n|move|p2b: Indeedee|Draining Kiss|p1a: Sloth\n|-supereffective|p1a: Sloth\n|-damage|p1a: Sloth|44\/100 brn\n|-heal|p2b: Indeedee|32\/100|[from] drain|[of] p1a: Sloth\n|move|p1a: Sloth|Ruination|p2a: Lycanroc\n|-activate|p2a: Lycanroc|move: Protect\n|move|p1b: Gluttony|Pollen Puff|p1a: Sloth\n|-heal|p1a: Sloth|94\/100 brn\n|\n|-weather|none\n|-damage|p1a: Sloth|88\/100 brn|[from] brn\n|-damage|p2b: Indeedee|19\/100|[from] move: Sand Tomb|[partiallytrapped]\n|upkeep\n|turn|9\n|inactive|Draco Jack17 has 30 seconds left.\n|inactive|z0gre has 30 seconds left.\n|\n|t:|1683680658\n|switch|p2a: Hippowdon|Hippowdon, L50, M, shiny|10\/100\n|-weather|Sandstorm|[from] ability: Sand Stream|[of] p2a: Hippowdon\n|move|p2b: Indeedee|Draining Kiss|p1a: Sloth\n|-supereffective|p1a: Sloth\n|-damage|p1a: Sloth|78\/100 brn\n|-heal|p2b: Indeedee|29\/100|[from] drain|[of] p1a: Sloth\n|move|p1a: Sloth|Sand Tomb|p2a: Hippowdon\n|-damage|p2a: Hippowdon|7\/100\n|-activate|p2a: Hippowdon|move: Sand Tomb|[of] p1a: Sloth\n|move|p1b: Gluttony|Pollen Puff|p1a: Sloth\n|-heal|p1a: Sloth|100\/100 brn\n|\n|-weather|Sandstorm|[upkeep]\n|-damage|p2b: Indeedee|23\/100|[from] Sandstorm\n|-damage|p1b: Gluttony|68\/100|[from] Sandstorm\n|-damage|p1a: Sloth|94\/100 brn|[from] brn\n|-damage|p2b: Indeedee|11\/100|[from] move: Sand Tomb|[partiallytrapped]\n|-damage|p2a: Hippowdon|0 fnt|[from] move: Sand Tomb|[partiallytrapped]\n|faint|p2a: Hippowdon\n|upkeep\n|\n|t:|1683680666\n|switch|p2a: Lycanroc|Lycanroc, L50, F, shiny|100\/100 par\n|turn|10\n|\n|t:|1683680689\n|move|p2a: Lycanroc|Rock Slide|p1a: Sloth|[spread] p1a,p1b\n|-resisted|p1a: Sloth\n|-damage|p1a: Sloth|88\/100 brn\n|-damage|p1b: Gluttony|47\/100\n|-enditem|p1b: Gluttony|Sitrus Berry|[eat]\n|-heal|p1b: Gluttony|72\/100|[from] item: Sitrus Berry\n|move|p2b: Indeedee|Draining Kiss|p1a: Sloth\n|-supereffective|p1a: Sloth\n|-damage|p1a: Sloth|77\/100 brn\n|-heal|p2b: Indeedee|22\/100|[from] drain|[of] p1a: Sloth\n|move|p1a: Sloth|Sand Tomb|p2a: Lycanroc\n|-supereffective|p2a: Lycanroc\n|-damage|p2a: Lycanroc|85\/100 par\n|-activate|p2a: Lycanroc|move: Sand Tomb|[of] p1a: Sloth\n|move|p1b: Gluttony|Pollen Puff|p1a: Sloth\n|-heal|p1a: Sloth|100\/100 brn\n|\n|-weather|Sandstorm|[upkeep]\n|-damage|p2b: Indeedee|16\/100|[from] Sandstorm\n|-damage|p1b: Gluttony|66\/100|[from] Sandstorm\n|-damage|p1a: Sloth|94\/100 brn|[from] brn\n|-damage|p2a: Lycanroc|73\/100 par|[from] move: Sand Tomb|[partiallytrapped]\n|-damage|p2b: Indeedee|3\/100|[from] move: Sand Tomb|[partiallytrapped]\n|upkeep\n|turn|11\n|\n|t:|1683680708\n|move|p1b: Gluttony|Protect|p1b: Gluttony\n|-singleturn|p1b: Gluttony|Protect\n|move|p2a: Lycanroc|Rock Slide|p1b: Gluttony|[spread] p1a\n|-activate|p1b: Gluttony|move: Protect\n|-resisted|p1a: Sloth\n|-damage|p1a: Sloth|88\/100 brn\n|move|p2b: Indeedee|Draining Kiss|p1a: Sloth\n|-supereffective|p1a: Sloth\n|-damage|p1a: Sloth|78\/100 brn\n|-heal|p2b: Indeedee|15\/100|[from] drain|[of] p1a: Sloth\n|move|p1a: Sloth|Stomping Tantrum|p2a: Lycanroc\n|-supereffective|p2a: Lycanroc\n|-damage|p2a: Lycanroc|39\/100 par\n|\n|-weather|Sandstorm|[upkeep]\n|-damage|p2b: Indeedee|8\/100|[from] Sandstorm\n|-damage|p1b: Gluttony|60\/100|[from] Sandstorm\n|-damage|p1a: Sloth|72\/100 brn|[from] brn\n|-damage|p2a: Lycanroc|27\/100 par|[from] move: Sand Tomb|[partiallytrapped]\n|-damage|p2b: Indeedee|0 fnt|[from] move: Sand Tomb|[partiallytrapped]\n|faint|p2b: Indeedee\n|upkeep\n|\n|t:|1683680718\n|switch|p2b: Houndstone|Houndstone, L50, F, shiny|100\/100\n|turn|12\n|\n|t:|1683680737\n|-terastallize|p2b: Houndstone|Ghost\n|move|p2b: Houndstone|Last Respects|p1b: Gluttony\n|-damage|p1b: Gluttony|0 fnt\n|faint|p1b: Gluttony\n|cant|p2a: Lycanroc|par\n|move|p1a: Sloth|Stomping Tantrum|p2a: Lycanroc\n|-supereffective|p2a: Lycanroc\n|-damage|p2a: Lycanroc|0 fnt\n|faint|p2a: Lycanroc\n|\n|-weather|Sandstorm|[upkeep]\n|-damage|p1a: Sloth|66\/100 brn|[from] brn\n|upkeep\n|\n|t:|1683680744\n|switch|p1b: Envy|Gyarados, L50, M|35\/100 brn\n|-ability|p1b: Envy|Intimidate|boost\n|-unboost|p2b: Houndstone|atk|1\n|turn|13\n|\n|t:|1683680763\n|move|p1b: Envy|Protect|p1b: Envy\n|-singleturn|p1b: Envy|Protect\n|move|p2b: Houndstone|Last Respects|p1b: Envy\n|-activate|p1b: Envy|move: Protect\n|move|p1a: Sloth|Sand Tomb|p2b: Houndstone\n|-damage|p2b: Houndstone|95\/100\n|-activate|p2b: Houndstone|move: Sand Tomb|[of] p1a: Sloth\n|\n|-weather|Sandstorm|[upkeep]\n|-damage|p1b: Envy|29\/100 brn|[from] Sandstorm\n|-damage|p1b: Envy|23\/100 brn|[from] brn\n|-damage|p1a: Sloth|60\/100 brn|[from] brn\n|-damage|p2b: Houndstone|83\/100|[from] move: Sand Tomb|[partiallytrapped]\n|upkeep\n|turn|14\n|c|\u2606z0gre|Gg\n|c|\u2606z0gre|u lose\n|\n|t:|1683680781\n|move|p2b: Houndstone|Last Respects|p1b: Envy\n|-damage|p1b: Envy|0 fnt\n|faint|p1b: Envy\n|move|p1a: Sloth|Ruination|p2b: Houndstone\n|-damage|p2b: Houndstone|42\/100\n|\n|-weather|Sandstorm|[upkeep]\n|-damage|p1a: Sloth|54\/100 brn|[from] brn\n|-damage|p2b: Houndstone|29\/100|[from] move: Sand Tomb|[partiallytrapped]\n|-sideend|p2: z0gre|Reflect\n|upkeep\n|turn|15\n|\n|t:|1683680798\n|move|p2b: Houndstone|Last Respects|p1a: Sloth\n|-resisted|p1a: Sloth\n|-damage|p1a: Sloth|35\/100 brn\n|move|p1a: Sloth|Stomping Tantrum|p2b: Houndstone\n|-damage|p2b: Houndstone|14\/100\n|\n|-weather|Sandstorm|[upkeep]\n|-damage|p1a: Sloth|29\/100 brn|[from] brn\n|-damage|p2b: Houndstone|1\/100|[from] move: Sand Tomb|[partiallytrapped]\n|upkeep\n|turn|16\n|c|\u2606Draco Jack17|ggz\n|c|\u2606Draco Jack17|I win\n|\n|t:|1683680815\n|move|p2b: Houndstone|Play Rough|p1a: Sloth\n|-supereffective|p1a: Sloth\n|-damage|p1a: Sloth|10\/100 brn\n|move|p1a: Sloth|Stomping Tantrum|p2b: Houndstone\n|-damage|p2b: Houndstone|0 fnt\n|faint|p2b: Houndstone\n|\n|win|Draco Jack17\n|raw|Draco Jack17's rating: 1352 → 1373<\/strong> (+21 for winning)\n|raw|z0gre's rating: 1362 → 1341<\/strong> (-21 for losing)\n|l|\u2606z0gre\n","uploadtime":1683680939,"views":29,"p1id":"dracojack17","p2id":"z0gre","formatid":"gen9vgc2023regulationc","rating":1341,"private":0,"password":""}