{"id":"gen9vgc2023regulationc-1863012723","p1":"yiyotop","p2":"Kuriboh448","format":"[Gen 9] VGC 2023 Regulation C","log":"|j|\u2606yiyotop\n|j|\u203dKuriboh448\n|t:|1683952219\n|gametype|doubles\n|player|p1|yiyotop|2|1343\n|player|p2|Kuriboh448|102|1372\n|teamsize|p1|6\n|teamsize|p2|6\n|gen|9\n|tier|[Gen 9] VGC 2023 Regulation C\n|rated|\n|rule|Species Clause: Limit one of each Pok\u00e9mon\n|rule|Item Clause: Limit one of each item\n|clearpoke\n|poke|p1|Maushold, L50|\n|poke|p1|Gyarados, L50, F|\n|poke|p1|Flutter Mane, L50|\n|poke|p1|Iron Hands, L50|\n|poke|p1|Amoonguss, L50, F|\n|poke|p1|Annihilape, L50, M|\n|poke|p2|Pachirisu, L50, M|\n|poke|p2|Gholdengo, L50|\n|poke|p2|Azumarill, L50, F|\n|poke|p2|Chien-Pao, L50|\n|poke|p2|Dragonite, L50, M|\n|poke|p2|Brute Bonnet, L50|\n|teampreview|4\n|\n|t:|1683952245\n|start\n|switch|p1a: Iron Hands|Iron Hands, L50|100\/100\n|switch|p1b: Gyarados|Gyarados, L50, F|100\/100\n|switch|p2a: Gholdengo|Gholdengo, L50|100\/100\n|switch|p2b: Pachirisu|Pachirisu, L50, M|100\/100\n|-ability|p1b: Gyarados|Intimidate|boost\n|-unboost|p2a: Gholdengo|atk|1\n|-unboost|p2b: Pachirisu|atk|1\n|turn|1\n|\n|t:|1683952257\n|move|p2a: Gholdengo|Nasty Plot|p2a: Gholdengo\n|-boost|p2a: Gholdengo|spa|2\n|move|p2b: Pachirisu|Nuzzle|p1b: Gyarados\n|-supereffective|p1b: Gyarados\n|-damage|p1b: Gyarados|88\/100\n|-status|p1b: Gyarados|par\n|move|p1a: Iron Hands|Swords Dance|p1a: Iron Hands\n|-boost|p1a: Iron Hands|atk|2\n|move|p1b: Gyarados|Taunt|p2b: Pachirisu\n|-start|p2b: Pachirisu|move: Taunt\n|\n|upkeep\n|turn|2\n|\n|t:|1683952280\n|move|p2a: Gholdengo|Protect|p2a: Gholdengo\n|-singleturn|p2a: Gholdengo|Protect\n|move|p2b: Pachirisu|Super Fang|p1a: Iron Hands|[miss]\n|-miss|p2b: Pachirisu|p1a: Iron Hands\n|move|p1a: Iron Hands|Wild Charge|p2a: Gholdengo\n|-activate|p2a: Gholdengo|move: Protect\n|move|p1b: Gyarados|Icy Wind|p2b: Pachirisu|[spread] p2b\n|-activate|p2a: Gholdengo|move: Protect\n|-damage|p2b: Pachirisu|95\/100\n|-unboost|p2b: Pachirisu|spe|1\n|\n|upkeep\n|turn|3\n|\n|t:|1683952311\n|move|p2a: Gholdengo|Shadow Ball|p1a: Iron Hands\n|-damage|p1a: Iron Hands|30\/100\n|move|p2b: Pachirisu|Super Fang|p1b: Gyarados\n|-damage|p1b: Gyarados|44\/100 par\n|-enditem|p1b: Gyarados|Sitrus Berry|[eat]\n|-heal|p1b: Gyarados|69\/100 par|[from] item: Sitrus Berry\n|move|p1a: Iron Hands|Wild Charge|p2a: Gholdengo\n|-damage|p2a: Gholdengo|6\/100\n|-damage|p1a: Iron Hands|12\/100|[from] Recoil\n|move|p1b: Gyarados|Icy Wind|p2a: Gholdengo|[spread] p2b\n|-miss|p1b: Gyarados|p2a: Gholdengo\n|-damage|p2b: Pachirisu|90\/100\n|-unboost|p2b: Pachirisu|spe|1\n|\n|-heal|p2a: Gholdengo|12\/100|[from] item: Leftovers\n|upkeep\n|turn|4\n|\n|t:|1683952330\n|move|p2a: Gholdengo|Protect|p2a: Gholdengo\n|-singleturn|p2a: Gholdengo|Protect\n|move|p1a: Iron Hands|Detect|p1a: Iron Hands\n|-singleturn|p1a: Iron Hands|Protect\n|move|p2b: Pachirisu|Super Fang|p1b: Gyarados\n|-damage|p1b: Gyarados|35\/100 par\n|move|p1b: Gyarados|Waterfall|p2a: Gholdengo\n|-activate|p2a: Gholdengo|move: Protect\n|\n|-heal|p2a: Gholdengo|18\/100|[from] item: Leftovers\n|-end|p2b: Pachirisu|move: Taunt\n|upkeep\n|turn|5\n|\n|t:|1683952348\n|move|p2b: Pachirisu|Follow Me|p2b: Pachirisu\n|-singleturn|p2b: Pachirisu|move: Follow Me\n|move|p2a: Gholdengo|Make It Rain|p1b: Gyarados|[spread] p1a,p1b\n|-resisted|p1a: Iron Hands\n|-resisted|p1b: Gyarados\n|-damage|p1a: Iron Hands|0 fnt\n|-damage|p1b: Gyarados|2\/100 par\n|-unboost|p2a: Gholdengo|spa|1\n|faint|p1a: Iron Hands\n|-end|p1a: Iron Hands|Quark Drive|[silent]\n|move|p1b: Gyarados|Icy Wind|p2a: Gholdengo|[spread] p2a,p2b\n|-resisted|p2a: Gholdengo\n|-damage|p2a: Gholdengo|15\/100\n|-damage|p2b: Pachirisu|85\/100\n|-unboost|p2a: Gholdengo|spe|1\n|-unboost|p2b: Pachirisu|spe|1\n|\n|-heal|p2a: Gholdengo|21\/100|[from] item: Leftovers\n|upkeep\n|\n|t:|1683952372\n|switch|p1a: Amoonguss|Amoonguss, L50, F|100\/100\n|turn|6\n|\n|t:|1683952387\n|move|p2a: Gholdengo|Protect|p2a: Gholdengo\n|-singleturn|p2a: Gholdengo|Protect\n|cant|p1b: Gyarados|par\n|move|p1a: Amoonguss|Pollen Puff|p1b: Gyarados\n|-heal|p1b: Gyarados|52\/100 par\n|move|p2b: Pachirisu|Super Fang|p1a: Amoonguss|[miss]\n|-miss|p2b: Pachirisu|p1a: Amoonguss\n|\n|-heal|p2a: Gholdengo|27\/100|[from] item: Leftovers\n|upkeep\n|turn|7\n|\n|t:|1683952403\n|move|p2b: Pachirisu|Follow Me|p2b: Pachirisu\n|-singleturn|p2b: Pachirisu|move: Follow Me\n|move|p2a: Gholdengo|Nasty Plot|p2a: Gholdengo\n|-boost|p2a: Gholdengo|spa|2\n|move|p1b: Gyarados|Waterfall|p2b: Pachirisu\n|-damage|p2b: Pachirisu|38\/100\n|-enditem|p2b: Pachirisu|Sitrus Berry|[eat]\n|-heal|p2b: Pachirisu|63\/100|[from] item: Sitrus Berry\n|move|p1a: Amoonguss|Spore|p2b: Pachirisu\n|-status|p2b: Pachirisu|slp|[from] move: Spore\n|\n|-heal|p2a: Gholdengo|33\/100|[from] item: Leftovers\n|upkeep\n|turn|8\n|\n|t:|1683952428\n|-terastallize|p1b: Gyarados|Steel\n|move|p2a: Gholdengo|Protect|p2a: Gholdengo\n|-singleturn|p2a: Gholdengo|Protect\n|move|p1b: Gyarados|Waterfall|p2a: Gholdengo\n|-activate|p2a: Gholdengo|move: Protect\n|move|p1a: Amoonguss|Pollen Puff|p1b: Gyarados\n|-heal|p1b: Gyarados|100\/100 par\n|cant|p2b: Pachirisu|slp\n|\n|-heal|p2a: Gholdengo|39\/100|[from] item: Leftovers\n|upkeep\n|turn|9\n|\n|t:|1683952449\n|move|p2a: Gholdengo|Shadow Ball|p1b: Gyarados\n|-damage|p1b: Gyarados|32\/100 par\n|move|p1b: Gyarados|Waterfall|p2a: Gholdengo\n|-damage|p2a: Gholdengo|8\/100\n|move|p1a: Amoonguss|Pollen Puff|p2a: Gholdengo\n|-resisted|p2a: Gholdengo\n|-damage|p2a: Gholdengo|3\/100\n|-curestatus|p2b: Pachirisu|slp|[msg]\n|move|p2b: Pachirisu|Super Fang|p1a: Amoonguss|[miss]\n|-miss|p2b: Pachirisu|p1a: Amoonguss\n|\n|-heal|p2a: Gholdengo|9\/100|[from] item: Leftovers\n|upkeep\n|turn|10\n|\n|t:|1683952476\n|move|p2a: Gholdengo|Protect|p2a: Gholdengo\n|-singleturn|p2a: Gholdengo|Protect\n|move|p1b: Gyarados|Icy Wind|p2b: Pachirisu|[spread] \n|-activate|p2a: Gholdengo|move: Protect\n|-miss|p1b: Gyarados|p2b: Pachirisu\n|move|p1a: Amoonguss|Pollen Puff|p1b: Gyarados\n|-heal|p1b: Gyarados|82\/100 par\n|move|p2b: Pachirisu|Super Fang|p1a: Amoonguss|[miss]\n|-miss|p2b: Pachirisu|p1a: Amoonguss\n|\n|-heal|p2a: Gholdengo|15\/100|[from] item: Leftovers\n|upkeep\n|turn|11\n|\n|t:|1683952496\n|move|p1a: Amoonguss|Rage Powder|p1a: Amoonguss\n|-singleturn|p1a: Amoonguss|move: Rage Powder\n|move|p2b: Pachirisu|Follow Me|p2b: Pachirisu\n|-singleturn|p2b: Pachirisu|move: Follow Me\n|move|p2a: Gholdengo|Shadow Ball|p1a: Amoonguss\n|-damage|p1a: Amoonguss|13\/100\n|move|p1b: Gyarados|Waterfall|p2b: Pachirisu\n|-damage|p2b: Pachirisu|18\/100\n|\n|-heal|p2a: Gholdengo|21\/100|[from] item: Leftovers\n|upkeep\n|turn|12\n|\n|t:|1683952517\n|move|p2b: Pachirisu|Follow Me|p2b: Pachirisu\n|-singleturn|p2b: Pachirisu|move: Follow Me\n|move|p2a: Gholdengo|Make It Rain|p1a: Amoonguss|[spread] p1a,p1b\n|-resisted|p1b: Gyarados\n|-damage|p1a: Amoonguss|0 fnt\n|-damage|p1b: Gyarados|45\/100 par\n|-unboost|p2a: Gholdengo|spa|1\n|faint|p1a: Amoonguss\n|cant|p1b: Gyarados|par\n|\n|-heal|p2a: Gholdengo|28\/100|[from] item: Leftovers\n|upkeep\n|\n|t:|1683952528\n|switch|p1a: Flutter Mane|Flutter Mane, L50|100\/100\n|-enditem|p1a: Flutter Mane|Booster Energy\n|-activate|p1a: Flutter Mane|ability: Protosynthesis|[fromitem]\n|-start|p1a: Flutter Mane|protosynthesisspa\n|turn|13\n|\n|t:|1683952540\n|move|p1a: Flutter Mane|Protect|p1a: Flutter Mane\n|-singleturn|p1a: Flutter Mane|Protect\n|move|p2a: Gholdengo|Protect|p2a: Gholdengo\n|-singleturn|p2a: Gholdengo|Protect\n|move|p2b: Pachirisu|Protect|p2b: Pachirisu\n|-singleturn|p2b: Pachirisu|Protect\n|move|p1b: Gyarados|Waterfall|p2b: Pachirisu\n|-activate|p2b: Pachirisu|move: Protect\n|\n|-heal|p2a: Gholdengo|34\/100|[from] item: Leftovers\n|upkeep\n|turn|14\n|\n|t:|1683952560\n|move|p1a: Flutter Mane|Protect||[still]\n|-fail|p1a: Flutter Mane\n|move|p2b: Pachirisu|Follow Me|p2b: Pachirisu\n|-singleturn|p2b: Pachirisu|move: Follow Me\n|move|p2a: Gholdengo|Make It Rain|p1a: Flutter Mane|[spread] p1a,p1b\n|-supereffective|p1a: Flutter Mane\n|-resisted|p1b: Gyarados\n|-damage|p1a: Flutter Mane|0 fnt\n|-damage|p1b: Gyarados|14\/100 par\n|-unboost|p2a: Gholdengo|spa|1\n|faint|p1a: Flutter Mane\n|-end|p1a: Flutter Mane|Protosynthesis|[silent]\n|move|p1b: Gyarados|Waterfall|p2b: Pachirisu\n|-damage|p2b: Pachirisu|0 fnt\n|faint|p2b: Pachirisu\n|\n|-heal|p2a: Gholdengo|40\/100|[from] item: Leftovers\n|upkeep\n|-message|yiyotop forfeited.\n|\n|win|Kuriboh448\n|raw|yiyotop's rating: 1343 → 1325<\/strong> (-18 for losing)\n|raw|Kuriboh448's rating: 1372 → 1390<\/strong> (+18 for winning)\n|l|\u2606yiyotop\n","uploadtime":1683952584,"views":15,"p1id":"yiyotop","p2id":"kuriboh448","formatid":"gen9vgc2023regulationc","rating":1325,"private":0,"password":""}