{"id":"gen9vgc2023regulationc-1857813180","p1":"Hadrian1917","p2":"finn_em","format":"[Gen 9] VGC 2023 Regulation C","log":"|j|\u2606Hadrian1917\n|j|\u2606finn_em\n|t:|1683234456\n|gametype|doubles\n|player|p1|Hadrian1917|brock|1173\n|player|p2|finn_em|pokekid|1104\n|teamsize|p1|6\n|teamsize|p2|6\n|gen|9\n|tier|[Gen 9] VGC 2023 Regulation C\n|rated|\n|rule|Species Clause: Limit one of each Pok\u00e9mon\n|rule|Item Clause: Limit one of each item\n|clearpoke\n|poke|p1|Flutter Mane, L50|\n|poke|p1|Chi-Yu, L50|\n|poke|p1|Iron Hands, L50|\n|poke|p1|Ting-Lu, L50|\n|poke|p1|Gyarados, L50, F|\n|poke|p1|Amoonguss, L50, F|\n|poke|p2|Tyranitar, L50, M|\n|poke|p2|Rotom-Wash, L50|\n|poke|p2|Gyarados, L50, M|\n|poke|p2|Garchomp, L50, M|\n|poke|p2|Arcanine, L50, M|\n|poke|p2|Garganacl, L50, M|\n|teampreview|4\n|\n|t:|1683234517\n|start\n|switch|p1a: Flutter Mane|Flutter Mane, L50|100\/100\n|switch|p1b: Chi-Yu|Chi-Yu, L50|100\/100\n|switch|p2a: Tyranitar|Tyranitar, L50, M|100\/100\n|switch|p2b: Garchomp|Garchomp, L50, M|100\/100\n|-ability|p1b: Chi-Yu|Beads of Ruin\n|-weather|Sandstorm|[from] ability: Sand Stream|[of] p2a: Tyranitar\n|-enditem|p1a: Flutter Mane|Booster Energy\n|-activate|p1a: Flutter Mane|ability: Protosynthesis|[fromitem]\n|-start|p1a: Flutter Mane|protosynthesisspa\n|turn|1\n|\n|t:|1683234572\n|-terastallize|p1a: Flutter Mane|Fairy\n|move|p1a: Flutter Mane|Moonblast|p2a: Tyranitar\n|-supereffective|p2a: Tyranitar\n|-damage|p2a: Tyranitar|0 fnt\n|faint|p2a: Tyranitar\n|move|p2b: Garchomp|Brick Break|p1b: Chi-Yu\n|-supereffective|p1b: Chi-Yu\n|-damage|p1b: Chi-Yu|30\/100\n|move|p1b: Chi-Yu|Heat Wave|p2b: Garchomp|[miss]\n|-miss|p1b: Chi-Yu|p2b: Garchomp\n|\n|-weather|Sandstorm|[upkeep]\n|-damage|p1a: Flutter Mane|94\/100|[from] Sandstorm\n|upkeep\n|\n|t:|1683234592\n|switch|p2a: Rotom|Rotom-Wash, L50|100\/100\n|turn|2\n|\n|t:|1683234630\n|switch|p1b: Gyarados|Gyarados, L50, F|100\/100\n|-ability|p1b: Gyarados|Intimidate|boost\n|-unboost|p2a: Rotom|atk|1\n|-unboost|p2b: Garchomp|atk|1\n|-terastallize|p2b: Garchomp|Steel\n|move|p1a: Flutter Mane|Protect|p1a: Flutter Mane\n|-singleturn|p1a: Flutter Mane|Protect\n|move|p2b: Garchomp|Earthquake|p1b: Gyarados|[spread] \n|-activate|p1a: Flutter Mane|move: Protect\n|-immune|p2a: Rotom|[from] ability: Levitate\n|-immune|p1b: Gyarados\n|move|p2a: Rotom|Thunder Wave|p1a: Flutter Mane\n|-activate|p1a: Flutter Mane|move: Protect\n|\n|-weather|Sandstorm|[upkeep]\n|-damage|p1a: Flutter Mane|88\/100|[from] Sandstorm\n|-damage|p2a: Rotom|95\/100|[from] Sandstorm\n|-damage|p1b: Gyarados|94\/100|[from] Sandstorm\n|-heal|p2a: Rotom|100\/100|[from] item: Leftovers\n|upkeep\n|turn|3\n|\n|t:|1683234691\n|move|p1a: Flutter Mane|Moonblast|p2a: Rotom\n|-damage|p2a: Rotom|0 fnt\n|faint|p2a: Rotom\n|move|p2b: Garchomp|Rock Slide|p1b: Gyarados|[spread] p1a,p1b\n|-supereffective|p1b: Gyarados\n|-damage|p1a: Flutter Mane|65\/100\n|-damage|p1b: Gyarados|69\/100\n|cant|p1b: Gyarados|flinch\n|\n|-weather|Sandstorm|[upkeep]\n|-damage|p1a: Flutter Mane|59\/100|[from] Sandstorm\n|-damage|p1b: Gyarados|63\/100|[from] Sandstorm\n|upkeep\n|\n|t:|1683234700\n|switch|p2a: Garganacl|Garganacl, L50, M|100\/100\n|turn|4\n|\n|t:|1683234710\n|move|p1a: Flutter Mane|Protect|p1a: Flutter Mane\n|-singleturn|p1a: Flutter Mane|Protect\n|move|p2b: Garchomp|Rock Slide|p1a: Flutter Mane|[spread] p1b\n|-activate|p1a: Flutter Mane|move: Protect\n|-supereffective|p1b: Gyarados\n|-damage|p1b: Gyarados|39\/100\n|move|p1b: Gyarados|Thunder Wave|p2b: Garchomp|[miss]\n|-miss|p1b: Gyarados|p2b: Garchomp\n|move|p2a: Garganacl|Salt Cure|p1b: Gyarados\n|-supereffective|p1b: Gyarados\n|-damage|p1b: Gyarados|5\/100\n|-start|p1b: Gyarados|Salt Cure\n|-enditem|p1b: Gyarados|Aguav Berry|[eat]\n|-heal|p1b: Gyarados|38\/100|[from] item: Aguav Berry\n|\n|-weather|Sandstorm|[upkeep]\n|-damage|p1a: Flutter Mane|53\/100|[from] Sandstorm\n|-damage|p1b: Gyarados|32\/100|[from] Sandstorm\n|-damage|p1b: Gyarados|8\/100|[from] Salt Cure\n|upkeep\n|turn|5\n|\n|t:|1683234740\n|switch|p1b: Chi-Yu|Chi-Yu, L50|30\/100\n|-ability|p1b: Chi-Yu|Beads of Ruin\n|move|p1a: Flutter Mane|Shadow Ball|p2a: Garganacl\n|-damage|p2a: Garganacl|71\/100\n|move|p2b: Garchomp|Rock Slide|p1a: Flutter Mane|[spread] p1a,p1b\n|-supereffective|p1b: Chi-Yu\n|-damage|p1a: Flutter Mane|31\/100\n|-damage|p1b: Chi-Yu|0 fnt\n|faint|p1b: Chi-Yu\n|move|p2a: Garganacl|Iron Defense|p2a: Garganacl\n|-boost|p2a: Garganacl|def|2\n|\n|-weather|Sandstorm|[upkeep]\n|-damage|p1a: Flutter Mane|25\/100|[from] Sandstorm\n|upkeep\n|\n|t:|1683234754\n|switch|p1b: Gyarados|Gyarados, L50, F|8\/100\n|-ability|p1b: Gyarados|Intimidate|boost\n|-unboost|p2a: Garganacl|atk|1\n|-unboost|p2b: Garchomp|atk|1\n|turn|6\n|\n|t:|1683234790\n|switch|p1b: Iron Hands|Iron Hands, L50|100\/100\n|move|p1a: Flutter Mane|Moonblast|p2a: Garganacl\n|-damage|p2a: Garganacl|2\/100\n|-enditem|p2a: Garganacl|Sitrus Berry|[eat]\n|-heal|p2a: Garganacl|27\/100|[from] item: Sitrus Berry\n|move|p2b: Garchomp|Rock Slide|p1b: Iron Hands|[spread] p1b\n|-miss|p2b: Garchomp|p1a: Flutter Mane\n|-resisted|p1b: Iron Hands\n|-damage|p1b: Iron Hands|97\/100\n|move|p2a: Garganacl|Iron Head|p1a: Flutter Mane\n|-supereffective|p1a: Flutter Mane\n|-damage|p1a: Flutter Mane|0 fnt\n|faint|p1a: Flutter Mane\n|-end|p1a: Flutter Mane|Protosynthesis|[silent]\n|\n|-weather|Sandstorm|[upkeep]\n|-damage|p1b: Iron Hands|91\/100|[from] Sandstorm\n|upkeep\n|\n|t:|1683234806\n|switch|p1a: Gyarados|Gyarados, L50, F|8\/100\n|-ability|p1a: Gyarados|Intimidate|boost\n|-unboost|p2a: Garganacl|atk|1\n|-unboost|p2b: Garchomp|atk|1\n|turn|7\n|\n|t:|1683234831\n|move|p1b: Iron Hands|Fake Out|p2b: Garchomp\n|-resisted|p2b: Garchomp\n|-damage|p2b: Garchomp|93\/100\n|cant|p2b: Garchomp|flinch\n|move|p1a: Gyarados|Taunt|p2a: Garganacl\n|-start|p2a: Garganacl|move: Taunt\n|move|p2a: Garganacl|Body Press|p1b: Iron Hands\n|-damage|p1b: Iron Hands|54\/100\n|\n|-weather|Sandstorm|[upkeep]\n|-damage|p1a: Gyarados|1\/100|[from] Sandstorm\n|-damage|p1b: Iron Hands|48\/100|[from] Sandstorm\n|upkeep\n|turn|8\n|\n|t:|1683234861\n|move|p2b: Garchomp|Earthquake|p1a: Gyarados|[spread] p2a,p1b\n|-immune|p1a: Gyarados\n|-supereffective|p2a: Garganacl\n|-supereffective|p1b: Iron Hands\n|-damage|p2a: Garganacl|16\/100\n|-damage|p1b: Iron Hands|26\/100\n|move|p1a: Gyarados|Waterfall|p2a: Garganacl\n|-supereffective|p2a: Garganacl\n|-damage|p2a: Garganacl|0 fnt\n|faint|p2a: Garganacl\n|move|p1b: Iron Hands|Drain Punch|p2b: Garchomp|[miss]\n|-miss|p1b: Iron Hands|p2b: Garchomp\n|\n|-weather|none\n|upkeep\n|turn|9\n|\n|t:|1683234881\n|move|p2b: Garchomp|Rock Slide|p1b: Iron Hands|[spread] p1a,p1b\n|-supereffective|p1a: Gyarados\n|-resisted|p1b: Iron Hands\n|-damage|p1a: Gyarados|0 fnt\n|-damage|p1b: Iron Hands|24\/100\n|faint|p1a: Gyarados\n|move|p1b: Iron Hands|Drain Punch|p2b: Garchomp|[miss]\n|-miss|p1b: Iron Hands|p2b: Garchomp\n|\n|upkeep\n|turn|10\n|\n|t:|1683234909\n|move|p2b: Garchomp|Earthquake|p1b: Iron Hands\n|-supereffective|p1b: Iron Hands\n|-damage|p1b: Iron Hands|0 fnt\n|faint|p1b: Iron Hands\n|-end|p1b: Iron Hands|Quark Drive|[silent]\n|\n|win|finn_em\n|raw|Hadrian1917's rating: 1173 → 1143<\/strong> (-30 for losing)\n|raw|finn_em's rating: 1104 → 1134<\/strong> (+30 for winning)\n|l|\u2606finn_em\n","uploadtime":1683234917,"views":6,"p1id":"hadrian1917","p2id":"finnem","formatid":"gen9vgc2023regulationc","rating":1134,"private":0,"password":""}