{"id":"gen9vgc2023regulationc-1846100218","p1":"Alterphyco21","p2":"99jiuli","format":"[Gen 9] VGC 2023 Regulation C","log":"|j|\u2606Alterphyco21\n|j|\u260699jiuli\n|t:|1681806222\n|gametype|doubles\n|player|p1|Alterphyco21|tate|1090\n|player|p2|99jiuli|169|1163\n|teamsize|p1|6\n|teamsize|p2|6\n|gen|9\n|tier|[Gen 9] VGC 2023 Regulation C\n|rated|\n|rule|Species Clause: Limit one of each Pok\u00e9mon\n|rule|Item Clause: Limit one of each item\n|clearpoke\n|poke|p1|Sandy Shocks, L50|\n|poke|p1|Kilowattrel, L50, F|\n|poke|p1|Gastrodon, L50, M|\n|poke|p1|Jolteon, L50, M|\n|poke|p1|Maushold-Four, L50|\n|poke|p1|Tinkaton, L50, F|\n|poke|p2|Torkoal, L50, M|\n|poke|p2|Lilligant, L50, F|\n|poke|p2|Dragonite, L50, M|\n|poke|p2|Chien-Pao, L50|\n|poke|p2|Great Tusk, L50|\n|poke|p2|Flutter Mane, L50|\n|teampreview|4\n|inactive|Battle timer is ON: inactive players will automatically lose when time's up. (requested by 99jiuli)\n|inactive|Alterphyco21 also wants the timer to be on.\n|\n|t:|1681806243\n|start\n|switch|p1a: Kilowattrel|Kilowattrel, L50, F|100\/100\n|switch|p1b: Sandy Shocks|Sandy Shocks, L50|100\/100\n|switch|p2a: Torkoal|Torkoal, L50, M|100\/100\n|switch|p2b: Lilligant|Lilligant, L50, F|100\/100\n|-weather|SunnyDay|[from] ability: Drought|[of] p2a: Torkoal\n|-activate|p1b: Sandy Shocks|ability: Protosynthesis\n|-start|p1b: Sandy Shocks|protosynthesisspa\n|turn|1\n|\n|t:|1681806268\n|move|p2a: Torkoal|Protect|p2a: Torkoal\n|-singleturn|p2a: Torkoal|Protect\n|move|p2b: Lilligant|Sleep Powder|p1a: Kilowattrel\n|-status|p1a: Kilowattrel|slp|[from] move: Sleep Powder\n|cant|p1a: Kilowattrel|slp\n|move|p1b: Sandy Shocks|Earth Power|p2a: Torkoal\n|-activate|p2a: Torkoal|move: Protect\n|\n|-weather|SunnyDay|[upkeep]\n|upkeep\n|turn|2\n|\n|t:|1681806285\n|move|p2b: Lilligant|Sleep Powder|p1b: Sandy Shocks\n|-status|p1b: Sandy Shocks|slp|[from] move: Sleep Powder\n|-curestatus|p1a: Kilowattrel|slp|[msg]\n|move|p1a: Kilowattrel|Tailwind|p1a: Kilowattrel\n|-sidestart|p1: Alterphyco21|move: Tailwind\n|cant|p1b: Sandy Shocks|slp\n|move|p2a: Torkoal|Eruption|p1a: Kilowattrel|[spread] p1a,p1b\n|-damage|p1a: Kilowattrel|0 fnt\n|-damage|p1b: Sandy Shocks|0 fnt\n|faint|p1a: Kilowattrel\n|faint|p1b: Sandy Shocks\n|-end|p1b: Sandy Shocks|Protosynthesis|[silent]\n|\n|-weather|SunnyDay|[upkeep]\n|upkeep\n|\n|t:|1681806289\n|switch|p1a: Tinkaton|Tinkaton, L50, F|100\/100\n|switch|p1b: Gastrodon|Gastrodon, L50, M|100\/100\n|-ability|p1a: Tinkaton|Mold Breaker\n|turn|3\n|\n|t:|1681806313\n|move|p1a: Tinkaton|Fake Out|p2b: Lilligant\n|-damage|p2b: Lilligant|86\/100\n|cant|p2b: Lilligant|flinch\n|move|p1b: Gastrodon|Earth Power|p2a: Torkoal\n|-supereffective|p2a: Torkoal\n|-damage|p2a: Torkoal|0 fnt\n|faint|p2a: Torkoal\n|\n|-weather|SunnyDay|[upkeep]\n|upkeep\n|\n|t:|1681806325\n|switch|p2a: Great Tusk|Great Tusk, L50|100\/100\n|-activate|p2a: Great Tusk|ability: Protosynthesis\n|-start|p2a: Great Tusk|protosynthesisatk\n|turn|4\n|\n|t:|1681806339\n|-terastallize|p1b: Gastrodon|Steel\n|move|p1a: Tinkaton|Protect|p1a: Tinkaton\n|-singleturn|p1a: Tinkaton|Protect\n|move|p2b: Lilligant|Leaf Storm|p1b: Gastrodon\n|-resisted|p1b: Gastrodon\n|-damage|p1b: Gastrodon|78\/100\n|-unboost|p2b: Lilligant|spa|2\n|move|p2a: Great Tusk|Headlong Rush|p1a: Tinkaton\n|-activate|p1a: Tinkaton|move: Protect\n|move|p1b: Gastrodon|Muddy Water|p2a: Great Tusk|[spread] p2a,p2b\n|-supereffective|p2a: Great Tusk\n|-resisted|p2b: Lilligant\n|-damage|p2a: Great Tusk|57\/100\n|-damage|p2b: Lilligant|78\/100\n|-unboost|p2a: Great Tusk|accuracy|1\n|\n|-weather|SunnyDay|[upkeep]\n|-heal|p1b: Gastrodon|84\/100|[from] item: Leftovers\n|upkeep\n|turn|5\n|\n|t:|1681806360\n|move|p2b: Lilligant|Sleep Powder|p1b: Gastrodon\n|-status|p1b: Gastrodon|slp|[from] move: Sleep Powder\n|move|p1a: Tinkaton|Play Rough|p2a: Great Tusk\n|-supereffective|p2a: Great Tusk\n|-damage|p2a: Great Tusk|6\/100\n|move|p2a: Great Tusk|Headlong Rush|p1a: Tinkaton\n|-supereffective|p1a: Tinkaton\n|-enditem|p1a: Tinkaton|Focus Sash\n|-damage|p1a: Tinkaton|1\/100\n|-unboost|p2a: Great Tusk|def|1\n|-unboost|p2a: Great Tusk|spd|1\n|cant|p1b: Gastrodon|slp\n|\n|-weather|none\n|-end|p2a: Great Tusk|Protosynthesis\n|-heal|p1b: Gastrodon|90\/100 slp|[from] item: Leftovers\n|-sideend|p1: Alterphyco21|move: Tailwind\n|upkeep\n|turn|6\n|\n|t:|1681806376\n|move|p1a: Tinkaton|Protect|p1a: Tinkaton\n|-singleturn|p1a: Tinkaton|Protect\n|move|p2a: Great Tusk|Headlong Rush|p1b: Gastrodon\n|-supereffective|p1b: Gastrodon\n|-damage|p1b: Gastrodon|0 fnt\n|-unboost|p2a: Great Tusk|def|1\n|-unboost|p2a: Great Tusk|spd|1\n|faint|p1b: Gastrodon\n|move|p2b: Lilligant|Leaf Storm|p1a: Tinkaton\n|-activate|p1a: Tinkaton|move: Protect\n|\n|upkeep\n|turn|7\n|\n|t:|1681806393\n|move|p2a: Great Tusk|Headlong Rush|p1a: Tinkaton|[miss]\n|-miss|p2a: Great Tusk|p1a: Tinkaton\n|move|p2b: Lilligant|Leaf Storm|p1a: Tinkaton\n|-resisted|p1a: Tinkaton\n|-damage|p1a: Tinkaton|0 fnt\n|-unboost|p2b: Lilligant|spa|2\n|faint|p1a: Tinkaton\n|\n|win|99jiuli\n|raw|Alterphyco21's rating: 1090 → 1071<\/strong> (-19 for losing)\n|raw|99jiuli's rating: 1163 → 1183<\/strong> (+20 for winning)\n|l|\u2606Alterphyco21\n","uploadtime":1681806404,"views":9,"p1id":"alterphyco21","p2id":"99jiuli","formatid":"gen9vgc2023regulationc","rating":1071,"private":0,"password":""}