{"id":"gen9vgc2023regulationc-1862333095","p1":"LegendBtw","p2":"2245663y","format":"[Gen 9] VGC 2023 Regulation C","log":"|j|\u2606LegendBtw\n|j|\u26062245663y\n|t:|1683867480\n|gametype|doubles\n|player|p1|LegendBtw|red-gen1|1340\n|player|p2|2245663y|dawn-gen4pt|1251\n|teamsize|p1|6\n|teamsize|p2|6\n|gen|9\n|tier|[Gen 9] VGC 2023 Regulation C\n|rated|\n|rule|Species Clause: Limit one of each Pok\u00e9mon\n|rule|Item Clause: Limit one of each item\n|clearpoke\n|poke|p1|Amoonguss, L50, F|\n|poke|p1|Ting-Lu, L50|\n|poke|p1|Arcanine, L50, F|\n|poke|p1|Palafin, L50, F|\n|poke|p1|Flutter Mane, L50|\n|poke|p1|Chien-Pao, L50|\n|poke|p2|Klefki, L50, F|\n|poke|p2|Amoonguss, L50, M|\n|poke|p2|Iron Bundle, L50|\n|poke|p2|Flutter Mane, L50|\n|poke|p2|Chi-Yu, L50|\n|poke|p2|Salamence, L50, M|\n|teampreview|4\n|inactive|Battle timer is ON: inactive players will automatically lose when time's up. (requested by 2245663y)\n|\n|t:|1683867554\n|start\n|switch|p1a: Ting-Lu|Ting-Lu, L50|100\/100\n|switch|p1b: Chien-Pao|Chien-Pao, L50|100\/100\n|switch|p2a: Klefki|Klefki, L50, F, shiny|100\/100\n|switch|p2b: Iron Bundle|Iron Bundle, L50, shiny|100\/100\n|-ability|p1b: Chien-Pao|Sword of Ruin\n|-ability|p1a: Ting-Lu|Vessel of Ruin\n|-enditem|p2b: Iron Bundle|Booster Energy\n|-activate|p2b: Iron Bundle|ability: Quark Drive|[fromitem]\n|-start|p2b: Iron Bundle|quarkdrivespe\n|turn|1\n|\n|t:|1683867576\n|move|p2b: Iron Bundle|Protect|p2b: Iron Bundle\n|-singleturn|p2b: Iron Bundle|Protect\n|move|p2a: Klefki|Reflect|p2a: Klefki\n|-sidestart|p2: 2245663y|Reflect\n|move|p1b: Chien-Pao|Sacred Sword|p2b: Iron Bundle\n|-activate|p2b: Iron Bundle|move: Protect\n|move|p1a: Ting-Lu|Payback|p2b: Iron Bundle\n|-activate|p2b: Iron Bundle|move: Protect\n|\n|upkeep\n|turn|2\n|inactive|2245663y has 30 seconds left.\n|inactive|2245663y has 20 seconds left.\n|inactive|2245663y has 15 seconds left.\n|\n|t:|1683867618\n|-end|p2b: Iron Bundle|Quark Drive|[silent]\n|switch|p2b: Amoonguss|Amoonguss, L50, M|100\/100\n|move|p1b: Chien-Pao|Sacred Sword|p2b: Amoonguss\n|-resisted|p2b: Amoonguss\n|-damage|p2b: Amoonguss|89\/100\n|move|p2a: Klefki|Dazzling Gleam|p1a: Ting-Lu|[spread] p1a,p1b\n|-supereffective|p1a: Ting-Lu\n|-supereffective|p1b: Chien-Pao\n|-damage|p1a: Ting-Lu|88\/100\n|-damage|p1b: Chien-Pao|58\/100\n|move|p1a: Ting-Lu|Payback|p2b: Amoonguss\n|-damage|p2b: Amoonguss|68\/100\n|\n|upkeep\n|turn|3\n|inactive|2245663y has 30 seconds left.\n|\n|t:|1683867649\n|move|p2b: Amoonguss|Protect|p2b: Amoonguss\n|-singleturn|p2b: Amoonguss|Protect\n|move|p1b: Chien-Pao|Ice Spinner|p2b: Amoonguss\n|-activate|p2b: Amoonguss|move: Protect\n|move|p2a: Klefki|Dazzling Gleam|p1a: Ting-Lu|[spread] p1a,p1b\n|-supereffective|p1a: Ting-Lu\n|-supereffective|p1b: Chien-Pao\n|-damage|p1a: Ting-Lu|76\/100\n|-damage|p1b: Chien-Pao|23\/100\n|move|p1a: Ting-Lu|Stomping Tantrum|p2a: Klefki\n|-supereffective|p2a: Klefki\n|-damage|p2a: Klefki|36\/100\n|\n|upkeep\n|turn|4\n|\n|t:|1683867669\n|move|p2b: Amoonguss|Rage Powder|p2b: Amoonguss\n|-singleturn|p2b: Amoonguss|move: Rage Powder\n|move|p1b: Chien-Pao|Sacred Sword|p2b: Amoonguss\n|-resisted|p2b: Amoonguss\n|-damage|p2b: Amoonguss|55\/100\n|move|p2a: Klefki|Dazzling Gleam|p1b: Chien-Pao|[spread] p1a,p1b\n|-supereffective|p1a: Ting-Lu\n|-supereffective|p1b: Chien-Pao\n|-damage|p1a: Ting-Lu|63\/100\n|-damage|p1b: Chien-Pao|0 fnt\n|faint|p1b: Chien-Pao\n|move|p1a: Ting-Lu|Stomping Tantrum|p2b: Amoonguss\n|-damage|p2b: Amoonguss|31\/100\n|-enditem|p2b: Amoonguss|Sitrus Berry|[eat]\n|-heal|p2b: Amoonguss|56\/100|[from] item: Sitrus Berry\n|\n|upkeep\n|\n|t:|1683867678\n|switch|p1b: Arcanine|Arcanine, L50, F|100\/100\n|-ability|p1b: Arcanine|Intimidate|boost\n|-unboost|p2a: Klefki|atk|1\n|-unboost|p2b: Amoonguss|atk|1\n|turn|5\n|\n|t:|1683867702\n|switch|p2a: Iron Bundle|Iron Bundle, L50, shiny|100\/100\n|-terastallize|p2b: Amoonguss|Water\n|move|p1b: Arcanine|Flare Blitz|p2b: Amoonguss\n|-resisted|p2b: Amoonguss\n|-damage|p2b: Amoonguss|40\/100\n|-damage|p1b: Arcanine|95\/100|[from] Recoil\n|move|p1a: Ting-Lu|Stomping Tantrum|p2a: Iron Bundle\n|-damage|p2a: Iron Bundle|76\/100\n|move|p2b: Amoonguss|Spore|p1a: Ting-Lu\n|-status|p1a: Ting-Lu|slp|[from] move: Spore\n|\n|upkeep\n|turn|6\n|\n|t:|1683867725\n|switch|p2b: Klefki|Klefki, L50, F, shiny|36\/100\n|-terastallize|p1b: Arcanine|Water\n|move|p2a: Iron Bundle|Hydro Pump|p1b: Arcanine\n|-resisted|p1b: Arcanine\n|-damage|p1b: Arcanine|75\/100\n|move|p1b: Arcanine|Flare Blitz|p2a: Iron Bundle\n|-damage|p2a: Iron Bundle|44\/100\n|-damage|p1b: Arcanine|66\/100|[from] Recoil\n|cant|p1a: Ting-Lu|slp\n|\n|upkeep\n|turn|7\n|inactive|LegendBtw has 30 seconds left.\n|inactive|LegendBtw has 20 seconds left.\n|\n|t:|1683867763\n|switch|p2b: Amoonguss|Amoonguss, L50, M, tera:Water|73\/100\n|move|p1b: Arcanine|Protect|p1b: Arcanine\n|-singleturn|p1b: Arcanine|Protect\n|move|p2a: Iron Bundle|Freeze-Dry|p1b: Arcanine\n|-activate|p1b: Arcanine|move: Protect\n|cant|p1a: Ting-Lu|slp\n|\n|upkeep\n|turn|8\n|\n|t:|1683867784\n|move|p2a: Iron Bundle|Protect|p2a: Iron Bundle\n|-singleturn|p2a: Iron Bundle|Protect\n|move|p1b: Arcanine|Protect|p1b: Arcanine\n|-singleturn|p1b: Arcanine|Protect\n|cant|p1a: Ting-Lu|slp\n|move|p2b: Amoonguss|Spore|p1a: Ting-Lu\n|-fail|p1a: Ting-Lu|slp\n|\n|-sideend|p2: 2245663y|Reflect\n|upkeep\n|turn|9\n|\n|t:|1683867805\n|move|p1b: Arcanine|Extreme Speed|p2a: Iron Bundle\n|-crit|p2a: Iron Bundle\n|-damage|p2a: Iron Bundle|11\/100\n|move|p2a: Iron Bundle|Freeze-Dry|p1b: Arcanine\n|-supereffective|p1b: Arcanine\n|-damage|p1b: Arcanine|14\/100\n|-curestatus|p1a: Ting-Lu|slp|[msg]\n|move|p1a: Ting-Lu|Stomping Tantrum|p2a: Iron Bundle\n|-crit|p2a: Iron Bundle\n|-damage|p2a: Iron Bundle|0 fnt\n|faint|p2a: Iron Bundle\n|-end|p2a: Iron Bundle|Quark Drive|[silent]\n|move|p2b: Amoonguss|Spore|p1a: Ting-Lu\n|-status|p1a: Ting-Lu|slp|[from] move: Spore\n|\n|upkeep\n|\n|t:|1683867813\n|switch|p2a: Flutter Mane|Flutter Mane, L50|100\/100\n|turn|10\n|\n|t:|1683867824\n|switch|p2b: Klefki|Klefki, L50, F, shiny|36\/100\n|move|p1b: Arcanine|Protect|p1b: Arcanine\n|-singleturn|p1b: Arcanine|Protect\n|move|p2a: Flutter Mane|Dazzling Gleam|p1a: Ting-Lu|[spread] p1a\n|-activate|p1b: Arcanine|move: Protect\n|-supereffective|p1a: Ting-Lu\n|-damage|p1a: Ting-Lu|33\/100 slp\n|-damage|p2a: Flutter Mane|91\/100|[from] item: Life Orb\n|cant|p1a: Ting-Lu|slp\n|\n|upkeep\n|turn|11\n|\n|t:|1683867833\n|move|p2a: Flutter Mane|Dazzling Gleam|p1b: Arcanine|[spread] p1a,p1b\n|-supereffective|p1a: Ting-Lu\n|-damage|p1a: Ting-Lu|3\/100 slp\n|-damage|p1b: Arcanine|0 fnt\n|faint|p1b: Arcanine\n|-damage|p2a: Flutter Mane|82\/100|[from] item: Life Orb\n|move|p2b: Klefki|Dazzling Gleam|p1a: Ting-Lu\n|-supereffective|p1a: Ting-Lu\n|-damage|p1a: Ting-Lu|0 fnt\n|faint|p1a: Ting-Lu\n|\n|upkeep\n|\n|t:|1683867838\n|switch|p1b: Flutter Mane|Flutter Mane, L50|100\/100\n|turn|12\n|\n|t:|1683867847\n|move|p2a: Flutter Mane|Protect|p2a: Flutter Mane\n|-singleturn|p2a: Flutter Mane|Protect\n|move|p2b: Klefki|Thunder Wave|p1b: Flutter Mane\n|-status|p1b: Flutter Mane|par\n|move|p1b: Flutter Mane|Shadow Ball|p2a: Flutter Mane\n|-activate|p2a: Flutter Mane|move: Protect\n|\n|upkeep\n|turn|13\n|-message|LegendBtw forfeited.\n|\n|win|2245663y\n|raw|LegendBtw's rating: 1340 → 1315<\/strong> (-25 for losing)\n|raw|2245663y's rating: 1251 → 1282<\/strong> (+31 for winning)\n|l|\u2606LegendBtw\n","uploadtime":1683867859,"views":13,"p1id":"legendbtw","p2id":"2245663y","formatid":"gen9vgc2023regulationc","rating":1282,"private":0,"password":""}