{"id":"gen9vgc2023regulationc-1861444104","p1":"Felipe.Miller.V","p2":"SpadesHS","format":"[Gen 9] VGC 2023 Regulation C","log":"|j|\u2606Felipe.Miller.V\n|j|\u2606SpadesHS\n|t:|1683758613\n|gametype|doubles\n|player|p1|Felipe.Miller.V|plasmagrunt-gen5bw|1365\n|player|p2|SpadesHS|n|1366\n|teamsize|p1|6\n|teamsize|p2|6\n|gen|9\n|tier|[Gen 9] VGC 2023 Regulation C\n|rated|\n|rule|Species Clause: Limit one of each Pok\u00e9mon\n|rule|Item Clause: Limit one of each item\n|clearpoke\n|poke|p1|Flutter Mane, L50|\n|poke|p1|Baxcalibur, L50, M|\n|poke|p1|Mimikyu, L50, M|\n|poke|p1|Maushold, L50|\n|poke|p1|Iron Hands, L50|\n|poke|p1|Torkoal, L50, F|\n|poke|p2|Great Tusk, L50|\n|poke|p2|Kingambit, L50, F|\n|poke|p2|Dragonite, L50, F|\n|poke|p2|Chien-Pao, L50|\n|poke|p2|Talonflame, L50, M|\n|poke|p2|Iron Bundle, L50|\n|teampreview|4\nSpadesHS has agreed to open team sheets.\n|\n|t:|1683758684\n|start\n|switch|p1a: Flutter Mane|Flutter Mane, L50, shiny|100\/100\n|switch|p1b: Baxcalibur|Baxcalibur, L50, M|100\/100\n|switch|p2a: Tuskar|Great Tusk, L50|100\/100\n|switch|p2b: Dragonite|Dragonite, L50, F|100\/100\n|turn|1\n|\n|t:|1683758708\n|-terastallize|p2a: Tuskar|Fire\n|-terastallize|p1b: Baxcalibur|Dragon\n|move|p2a: Tuskar|Headlong Rush|p1a: Flutter Mane\n|-damage|p1a: Flutter Mane|23\/100\n|-unboost|p2a: Tuskar|def|1\n|-unboost|p2a: Tuskar|spd|1\n|move|p2b: Dragonite|Dragon Dance|p2b: Dragonite\n|-boost|p2b: Dragonite|atk|1\n|-boost|p2b: Dragonite|spe|1\n|move|p1b: Baxcalibur|Breaking Swipe|p2b: Dragonite|[spread] p2a,p2b\n|-supereffective|p2b: Dragonite\n|-damage|p2a: Tuskar|58\/100\n|-damage|p2b: Dragonite|62\/100\n|-unboost|p2a: Tuskar|atk|1\n|-unboost|p2b: Dragonite|atk|1\n|move|p1a: Flutter Mane|Trick Room|p1a: Flutter Mane\n|-fieldstart|move: Trick Room|[of] p1a: Flutter Mane\n|\n|upkeep\n|turn|2\n|\n|t:|1683758733\n|-end|p2a: Tuskar|Protosynthesis|[silent]\n|switch|p2a: Magnus|Kingambit, L50, F|100\/100\n|move|p2b: Dragonite|Protect|p2b: Dragonite\n|-singleturn|p2b: Dragonite|Protect\n|move|p1a: Flutter Mane|Dazzling Gleam|p2a: Magnus|[spread] p2a\n|-activate|p2b: Dragonite|move: Protect\n|-damage|p2a: Magnus|83\/100\n|move|p1b: Baxcalibur|Breaking Swipe|p2b: Dragonite|[spread] p2a\n|-activate|p2b: Dragonite|move: Protect\n|-resisted|p2a: Magnus\n|-crit|p2a: Magnus\n|-damage|p2a: Magnus|63\/100\n|-unboost|p2a: Magnus|atk|1\n|-ability|p2a: Magnus|Defiant|boost\n|-boost|p2a: Magnus|atk|2\n|\n|upkeep\n|turn|3\n|\n|t:|1683758757\n|move|p2b: Dragonite|Extreme Speed|p1b: Baxcalibur\n|-crit|p1b: Baxcalibur\n|-damage|p1b: Baxcalibur|60\/100\n|-damage|p2b: Dragonite|46\/100|[from] item: Rocky Helmet|[of] p1b: Baxcalibur\n|move|p1a: Flutter Mane|Substitute|p1a: Flutter Mane\n|-fail|p1a: Flutter Mane|move: Substitute|[weak]\n|move|p2a: Magnus|Iron Head|p1a: Flutter Mane\n|-supereffective|p1a: Flutter Mane\n|-damage|p1a: Flutter Mane|0 fnt\n|faint|p1a: Flutter Mane\n|-end|p1a: Flutter Mane|Protosynthesis|[silent]\n|move|p1b: Baxcalibur|Breaking Swipe|p2a: Magnus|[spread] p2a,p2b\n|-resisted|p2a: Magnus\n|-supereffective|p2b: Dragonite\n|-damage|p2a: Magnus|50\/100\n|-damage|p2b: Dragonite|0 fnt\n|-unboost|p2a: Magnus|atk|1\n|-ability|p2a: Magnus|Defiant|boost\n|-boost|p2a: Magnus|atk|2\n|faint|p2b: Dragonite\n|\n|upkeep\n|\n|t:|1683758774\n|switch|p2b: Frostbite|Chien-Pao, L50|100\/100\n|switch|p1a: Torkoal|Torkoal, L50, F, shiny|100\/100\n|-weather|SunnyDay|[from] ability: Drought|[of] p1a: Torkoal\n|-ability|p2b: Frostbite|Sword of Ruin\n|turn|4\n|\n|t:|1683758791\n|move|p2a: Magnus|Sucker Punch|p1a: Torkoal\n|-damage|p1a: Torkoal|17\/100\n|move|p1b: Baxcalibur|Ice Shard|p2b: Frostbite\n|-resisted|p2b: Frostbite\n|-damage|p2b: Frostbite|83\/100\n|move|p1a: Torkoal|Lava Plume|p2b: Frostbite|[spread] p1b,p2a,p2b\n|-resisted|p1b: Baxcalibur\n|-supereffective|p2a: Magnus\n|-supereffective|p2b: Frostbite\n|-damage|p1b: Baxcalibur|35\/100\n|-damage|p2a: Magnus|0 fnt\n|-damage|p2b: Frostbite|0 fnt\n|-ability|p1b: Baxcalibur|Thermal Exchange|boost\n|-boost|p1b: Baxcalibur|atk|1\n|faint|p2a: Magnus\n|faint|p2b: Frostbite\n|\n|-weather|SunnyDay|[upkeep]\n|upkeep\n|\n|t:|1683758801\n|switch|p2b: Tuskar|Great Tusk, L50, tera:Fire|58\/100\n|-activate|p2b: Tuskar|ability: Protosynthesis\n|-start|p2b: Tuskar|protosynthesisatk\n|turn|5\n|\n|t:|1683758818\n|switch|p1a: Iron Hands|Iron Hands, L50|100\/100\n|-enditem|p1a: Iron Hands|Booster Energy\n|-activate|p1a: Iron Hands|ability: Quark Drive|[fromitem]\n|-start|p1a: Iron Hands|quarkdriveatk\n|move|p1b: Baxcalibur|Glaive Rush|p2b: Tuskar\n|-damage|p2b: Tuskar|0 fnt\n|-singlemove|p1b: Baxcalibur|Glaive Rush|[silent]\n|faint|p2b: Tuskar\n|-end|p2b: Tuskar|Protosynthesis|[silent]\n|\n|win|Felipe.Miller.V\n|raw|Felipe.Miller.V's rating: 1365 → 1385<\/strong> (+20 for winning)\n|raw|SpadesHS's rating: 1366 → 1346<\/strong> (-20 for losing)\n|l|\u2606SpadesHS\n","uploadtime":1683758829,"views":9,"p1id":"felipemillerv","p2id":"spadeshs","formatid":"gen9vgc2023regulationc","rating":1346,"private":0,"password":""}