{"id":"gen9vgc2023regulationc-1845905926","p1":"SL1D","p2":"jackiepeanuts","format":"[Gen 9] VGC 2023 Regulation C","log":"|j|\u2606SL1D\n|j|\u2606jackiepeanuts\n|t:|1681777721\n|gametype|doubles\n|player|p1|SL1D|palmer|1250\n|player|p2|jackiepeanuts|2|1344\n|teamsize|p1|6\n|teamsize|p2|6\n|gen|9\n|tier|[Gen 9] VGC 2023 Regulation C\n|rated|\n|rule|Species Clause: Limit one of each Pok\u00e9mon\n|rule|Item Clause: Limit one of each item\n|clearpoke\n|poke|p1|Kingambit, L50, M|\n|poke|p1|Talonflame, L50, F|\n|poke|p1|Gyarados, L50, M|\n|poke|p1|Flutter Mane, L50|\n|poke|p1|Ting-Lu, L50|\n|poke|p1|Baxcalibur, L50, M|\n|poke|p2|Lokix, L50, F|\n|poke|p2|Arcanine, L50, F|\n|poke|p2|Ting-Lu, L50|\n|poke|p2|Palafin, L50, M|\n|poke|p2|Flutter Mane, L50|\n|poke|p2|Chien-Pao, L50|\n|teampreview|4\n|inactive|Battle timer is ON: inactive players will automatically lose when time's up. (requested by SL1D)\n|\n|t:|1681777736\n|start\n|switch|p1a: Talonflame|Talonflame, L50, F|100\/100\n|switch|p1b: Flutter Mane|Flutter Mane, L50, shiny|100\/100\n|switch|p2a: Chien-Pao|Chien-Pao, L50|100\/100\n|switch|p2b: Palafin|Palafin, L50, M|100\/100\n|-ability|p2a: Chien-Pao|Sword of Ruin\n|turn|1\n|\n|t:|1681777747\n|move|p1a: Talonflame|Tailwind|p1a: Talonflame\n|-sidestart|p1: SL1D|move: Tailwind\n|move|p2a: Chien-Pao|Sucker Punch|p1b: Flutter Mane\n|-damage|p1b: Flutter Mane|43\/100\n|move|p2b: Palafin|Jet Punch|p1b: Flutter Mane\n|-damage|p1b: Flutter Mane|5\/100\n|move|p1b: Flutter Mane|Dazzling Gleam|p2a: Chien-Pao|[spread] p2a,p2b\n|-supereffective|p2a: Chien-Pao\n|-crit|p2a: Chien-Pao\n|-enditem|p2a: Chien-Pao|Focus Sash\n|-damage|p2a: Chien-Pao|1\/100\n|-damage|p2b: Palafin|50\/100\n|\n|upkeep\n|turn|2\n|\n|t:|1681777772\n|switch|p1a: Gyarados|Gyarados, L50, M|100\/100\n|-ability|p1a: Gyarados|Intimidate|boost\n|-unboost|p2a: Chien-Pao|atk|1\n|-unboost|p2b: Palafin|atk|1\n|-enditem|p2b: Palafin|Eject Pack\n|\n|t:|1681777778\n|detailschange|p2b: Palafin|Palafin-Hero, L50, M\n|switch|p2b: Ting-Lu|Ting-Lu, L50|100\/100\n|-ability|p2b: Ting-Lu|Vessel of Ruin\n|move|p2a: Chien-Pao|Sucker Punch|p1b: Flutter Mane\n|-damage|p1b: Flutter Mane|0 fnt\n|faint|p1b: Flutter Mane\n|-end|p1b: Flutter Mane|Protosynthesis|[silent]\n|\n|upkeep\n|\n|t:|1681777792\n|switch|p1b: Talonflame|Talonflame, L50, F|100\/100\n|turn|3\n|\n|t:|1681777801\n|move|p2a: Chien-Pao|Protect|p2a: Chien-Pao\n|-singleturn|p2a: Chien-Pao|Protect\n|move|p1b: Talonflame|Will-O-Wisp|p2b: Ting-Lu\n|-status|p2b: Ting-Lu|brn\n|move|p1a: Gyarados|Waterfall|p2a: Chien-Pao\n|-activate|p2a: Chien-Pao|move: Protect\n|move|p2b: Ting-Lu|Stone Edge|p1a: Gyarados\n|-supereffective|p1a: Gyarados\n|-damage|p1a: Gyarados|60\/100\n|\n|-damage|p2b: Ting-Lu|94\/100 brn|[from] brn\n|upkeep\n|turn|4\n|\n|t:|1681777823\n|move|p1b: Talonflame|Brave Bird|p2a: Chien-Pao\n|-damage|p2a: Chien-Pao|0 fnt\n|faint|p2a: Chien-Pao\n|-damage|p1b: Talonflame|99\/100|[from] Recoil\n|move|p1a: Gyarados|Waterfall|p2b: Ting-Lu\n|-supereffective|p2b: Ting-Lu\n|-damage|p2b: Ting-Lu|57\/100 brn\n|move|p2b: Ting-Lu|Stone Edge|p1a: Gyarados\n|-supereffective|p1a: Gyarados\n|-damage|p1a: Gyarados|25\/100\n|-enditem|p1a: Gyarados|Sitrus Berry|[eat]\n|-heal|p1a: Gyarados|50\/100|[from] item: Sitrus Berry\n|\n|-damage|p2b: Ting-Lu|51\/100 brn|[from] brn\n|-sideend|p1: SL1D|move: Tailwind\n|upkeep\n|\n|t:|1681777836\n|switch|p2a: Palafin|Palafin-Hero, L50, M|50\/100\n|-activate|p2a: Palafin|ability: Zero to Hero\n|turn|5\n|\n|t:|1681777847\n|-terastallize|p2a: Palafin|Water\n|move|p2a: Palafin|Jet Punch|p1b: Talonflame\n|-supereffective|p1b: Talonflame\n|-damage|p1b: Talonflame|0 fnt\n|faint|p1b: Talonflame\n|move|p1a: Gyarados|Waterfall|p2b: Ting-Lu\n|-supereffective|p2b: Ting-Lu\n|-damage|p2b: Ting-Lu|11\/100 brn\n|move|p2b: Ting-Lu|Stone Edge|p1a: Gyarados\n|-supereffective|p1a: Gyarados\n|-damage|p1a: Gyarados|16\/100\n|\n|-damage|p2b: Ting-Lu|5\/100 brn|[from] brn\n|upkeep\n|\n|t:|1681777858\n|switch|p1b: Kingambit|Kingambit, L50, M|100\/100\n|turn|6\n|\n|t:|1681777869\n|move|p1b: Kingambit|Protect|p1b: Kingambit\n|-singleturn|p1b: Kingambit|Protect\n|move|p1a: Gyarados|Thunder Wave|p2a: Palafin\n|-status|p2a: Palafin|par\n|move|p2b: Ting-Lu|Stone Edge|p1a: Gyarados\n|-supereffective|p1a: Gyarados\n|-damage|p1a: Gyarados|0 fnt\n|faint|p1a: Gyarados\n|cant|p2a: Palafin|par\n|\n|-damage|p2b: Ting-Lu|0 fnt|[from] brn\n|faint|p2b: Ting-Lu\n|upkeep\n|\n|t:|1681777878\n|switch|p2b: Lokix|Lokix, L50, F, shiny|100\/100\n|turn|7\n|\n|t:|1681777889\n|move|p2b: Lokix|First Impression|p1b: Kingambit\n|-damage|p1b: Kingambit|57\/100\n|-damage|p2b: Lokix|91\/100|[from] item: Life Orb\n|move|p1b: Kingambit|Kowtow Cleave|p2a: Palafin\n|-damage|p2a: Palafin|0 fnt\n|faint|p2a: Palafin\n|\n|upkeep\n|turn|8\n|\n|t:|1681777910\n|move|p2b: Lokix|Leech Life|p1b: Kingambit\n|-damage|p1b: Kingambit|20\/100\n|-heal|p2b: Lokix|100\/100|[from] drain|[of] p1b: Kingambit\n|-damage|p2b: Lokix|91\/100|[from] item: Life Orb\n|move|p1b: Kingambit|Iron Head|p2b: Lokix\n|-damage|p2b: Lokix|19\/100\n|\n|upkeep\n|turn|9\n|\n|t:|1681777920\n|-terastallize|p1b: Kingambit|Fire\n|move|p2b: Lokix|Sucker Punch|p1b: Kingambit\n|-damage|p1b: Kingambit|0 fnt\n|faint|p1b: Kingambit\n|-damage|p2b: Lokix|9\/100|[from] item: Life Orb\n|\n|win|jackiepeanuts\n|raw|SL1D's rating: 1250 → 1232<\/strong> (-18 for losing)\n|raw|jackiepeanuts's rating: 1344 → 1359<\/strong> (+15 for winning)\n|l|\u2606SL1D\n","uploadtime":1681777928,"views":13,"p1id":"sl1d","p2id":"jackiepeanuts","formatid":"gen9vgc2023regulationc","rating":1232,"private":0,"password":""}