{"id":"gen9vgc2023regulationc-1845157725","p1":"DeathToScarfChiYu","p2":"Clau de Neil","format":"[Gen 9] VGC 2023 Regulation C","log":"|j|\u2606DeathToScarfChiYu\n|j|\u2606Clau de Neil\n|t:|1681690457\n|gametype|doubles\n|player|p1|DeathToScarfChiYu|fennel|1654\n|player|p2|Clau de Neil|bertha|1807\n|teamsize|p1|6\n|teamsize|p2|6\n|gen|9\n|tier|[Gen 9] VGC 2023 Regulation C\n|rated|\n|rule|Species Clause: Limit one of each Pok\u00e9mon\n|rule|Item Clause: Limit one of each item\n|clearpoke\n|poke|p1|Bellibolt, L50, M|\n|poke|p1|Gastrodon-East, L50, F|\n|poke|p1|Iron Treads, L50|\n|poke|p1|Mimikyu, L50, M|\n|poke|p1|Chi-Yu, L50|\n|poke|p1|Corviknight, L50, F|\n|poke|p2|Flutter Mane, L50|\n|poke|p2|Arcanine, L50, F|\n|poke|p2|Great Tusk, L50|\n|poke|p2|Glimmora, L50, M|\n|poke|p2|Wo-Chien, L50|\n|poke|p2|Gothitelle, L50, M|\n|teampreview|4\nDeathToScarfChiYu has agreed to open team sheets.\n|inactive|Battle timer is ON: inactive players will automatically lose when time's up. (requested by Clau de Neil)\n|\n|t:|1681690494\n|start\n|switch|p1a: Rich Girl|Mimikyu, L50, M|100\/100\n|switch|p1b: Hollaback Girl|Gastrodon-East, L50, F|100\/100\n|switch|p2a: Flutter Mane|Flutter Mane, L50|100\/100\n|switch|p2b: Arcanine|Arcanine, L50, F|100\/100\n|-ability|p2b: Arcanine|Intimidate|boost\n|-unboost|p1a: Rich Girl|atk|1\n|-unboost|p1b: Hollaback Girl|atk|1\n|-enditem|p2a: Flutter Mane|Booster Energy\n|-activate|p2a: Flutter Mane|ability: Protosynthesis|[fromitem]\n|-start|p2a: Flutter Mane|protosynthesisspe\n|turn|1\n|\n|t:|1681690510\n|move|p2a: Flutter Mane|Moonblast|p1b: Hollaback Girl\n|-damage|p1b: Hollaback Girl|58\/100\n|move|p1a: Rich Girl|Taunt|p2b: Arcanine\n|-start|p2b: Arcanine|move: Taunt\n|cant|p2b: Arcanine|move: Taunt|Will-O-Wisp\n|move|p1b: Hollaback Girl|Yawn|p2a: Flutter Mane\n|-start|p2a: Flutter Mane|move: Yawn|[of] p1b: Hollaback Girl\n|\n|upkeep\n|turn|2\n|\n|t:|1681690525\n|-end|p2a: Flutter Mane|Protosynthesis|[silent]\n|switch|p2a: Wo-Chien|Wo-Chien, L50|100\/100\n|-ability|p2a: Wo-Chien|Tablets of Ruin\n|switch|p2b: Gothitelle|Gothitelle, L50, M|100\/100\n|move|p1a: Rich Girl|Play Rough|p2a: Wo-Chien\n|-supereffective|p2a: Wo-Chien\n|-damage|p2a: Wo-Chien|60\/100\n|-damage|p1a: Rich Girl|91\/100|[from] item: Life Orb\n|move|p1b: Hollaback Girl|Recover|p1b: Hollaback Girl\n|-heal|p1b: Hollaback Girl|100\/100\n|\n|-heal|p2a: Wo-Chien|66\/100|[from] item: Leftovers\n|upkeep\n|turn|3\n|\n|t:|1681690544\n|switch|p2b: Arcanine|Arcanine, L50, F|100\/100\n|-ability|p2b: Arcanine|Intimidate|boost\n|-unboost|p1a: Rich Girl|atk|1\n|-unboost|p1b: Hollaback Girl|atk|1\n|move|p1a: Rich Girl|Taunt|p2a: Wo-Chien\n|-start|p2a: Wo-Chien|move: Taunt\n|cant|p2a: Wo-Chien|move: Taunt|Leech Seed\n|move|p1b: Hollaback Girl|Yawn|p2b: Arcanine\n|-start|p2b: Arcanine|move: Yawn|[of] p1b: Hollaback Girl\n|\n|-heal|p2a: Wo-Chien|72\/100|[from] item: Leftovers\n|upkeep\n|turn|4\n|\n|t:|1681690554\n|switch|p2b: Gothitelle|Gothitelle, L50, M|100\/100\n|switch|p1b: Exit Movie|Corviknight, L50, F|100\/100\n|move|p1a: Rich Girl|Taunt|p2b: Gothitelle\n|-start|p2b: Gothitelle|move: Taunt\n|move|p2a: Wo-Chien|Giga Drain|p1a: Rich Girl\n|-activate|p1a: Rich Girl|ability: Disguise\n|-damage|p1a: Rich Girl|91\/100\n|detailschange|p1a: Rich Girl|Mimikyu-Busted, L50, M\n|-damage|p1a: Rich Girl|79\/100|[from] pokemon: Mimikyu-Busted\n|\n|-heal|p2a: Wo-Chien|79\/100|[from] item: Leftovers\n|upkeep\n|turn|5\n|\n|t:|1681690577\n|-terastallize|p2a: Wo-Chien|Water\n|move|p1a: Rich Girl|Play Rough|p2a: Wo-Chien\n|-damage|p2a: Wo-Chien|64\/100\n|-damage|p1a: Rich Girl|69\/100|[from] item: Life Orb\n|move|p2a: Wo-Chien|Giga Drain|p1a: Rich Girl\n|-damage|p1a: Rich Girl|34\/100\n|-heal|p2a: Wo-Chien|76\/100|[from] drain|[of] p1a: Rich Girl\n|move|p1b: Exit Movie|Bulk Up|p1b: Exit Movie\n|-boost|p1b: Exit Movie|atk|1\n|-boost|p1b: Exit Movie|def|1\n|move|p2b: Gothitelle|Psychic|p1a: Rich Girl\n|-damage|p1a: Rich Girl|0 fnt\n|faint|p1a: Rich Girl\n|\n|-heal|p2a: Wo-Chien|82\/100|[from] item: Leftovers\n|-end|p2a: Wo-Chien|move: Taunt\n|upkeep\n|\n|t:|1681690582\n|switch|p1a: Luxurious|Chi-Yu, L50|100\/100\n|-ability|p1a: Luxurious|Beads of Ruin\n|turn|6\n|inactive|Clau de Neil has 30 seconds left.\n|\n|t:|1681690607\n|switch|p2b: Arcanine|Arcanine, L50, F|100\/100\n|-ability|p2b: Arcanine|Intimidate|boost\n|-unboost|p1a: Luxurious|atk|1\n|-ability|p1b: Exit Movie|Mirror Armor\n|-unboost|p2b: Arcanine|atk|1\n|move|p1a: Luxurious|Dark Pulse|p2b: Arcanine\n|-damage|p2b: Arcanine|50\/100\n|move|p2a: Wo-Chien|Leech Seed|p1a: Luxurious\n|-start|p1a: Luxurious|move: Leech Seed\n|move|p1b: Exit Movie|Bulk Up|p1b: Exit Movie\n|-boost|p1b: Exit Movie|atk|1\n|-boost|p1b: Exit Movie|def|1\n|\n|-heal|p2a: Wo-Chien|89\/100|[from] item: Leftovers\n|-damage|p1a: Luxurious|88\/100|[from] Leech Seed|[of] p2a: Wo-Chien\n|-heal|p2a: Wo-Chien|97\/100|[silent]\n|upkeep\n|turn|7\n|\n|t:|1681690628\n|move|p1a: Luxurious|Dark Pulse|p2a: Wo-Chien\n|-damage|p2a: Wo-Chien|62\/100\n|move|p2b: Arcanine|Will-O-Wisp|p1b: Exit Movie\n|-status|p1b: Exit Movie|brn\n|-enditem|p1b: Exit Movie|Lum Berry|[eat]\n|-curestatus|p1b: Exit Movie|brn|[msg]\n|move|p2a: Wo-Chien|Leech Seed|p1b: Exit Movie\n|-start|p1b: Exit Movie|move: Leech Seed\n|move|p1b: Exit Movie|Bulk Up|p1b: Exit Movie\n|-boost|p1b: Exit Movie|atk|1\n|-boost|p1b: Exit Movie|def|1\n|\n|-heal|p2a: Wo-Chien|69\/100|[from] item: Leftovers\n|-damage|p1a: Luxurious|76\/100|[from] Leech Seed|[of] p2a: Wo-Chien\n|-heal|p2a: Wo-Chien|77\/100|[silent]\n|-damage|p1b: Exit Movie|88\/100|[from] Leech Seed|[of] p2a: Wo-Chien\n|-heal|p2a: Wo-Chien|90\/100|[silent]\n|upkeep\n|turn|8\n|\n|t:|1681690645\n|switch|p2a: Gothitelle|Gothitelle, L50, M|100\/100\n|move|p2b: Arcanine|Protect|p2b: Arcanine\n|-singleturn|p2b: Arcanine|Protect\n|move|p1a: Luxurious|Dark Pulse|p2b: Arcanine\n|-activate|p2b: Arcanine|move: Protect\n|move|p1b: Exit Movie|Bulk Up|p1b: Exit Movie\n|-boost|p1b: Exit Movie|atk|1\n|-boost|p1b: Exit Movie|def|1\n|\n|-damage|p1a: Luxurious|64\/100|[from] Leech Seed|[of] p2a: Gothitelle\n|-damage|p1b: Exit Movie|76\/100|[from] Leech Seed|[of] p2a: Gothitelle\n|upkeep\n|turn|9\n|\n|t:|1681690657\n|-terastallize|p1b: Exit Movie|Fire\n|move|p1a: Luxurious|Protect|p1a: Luxurious\n|-singleturn|p1a: Luxurious|Protect\n|move|p2a: Gothitelle|Fake Out|p1a: Luxurious\n|-activate|p1a: Luxurious|move: Protect\n|move|p2b: Arcanine|Will-O-Wisp|p1b: Exit Movie\n|-immune|p1b: Exit Movie\n|move|p1b: Exit Movie|Bulk Up|p1b: Exit Movie\n|-boost|p1b: Exit Movie|atk|1\n|-boost|p1b: Exit Movie|def|1\n|\n|-damage|p1a: Luxurious|51\/100|[from] Leech Seed|[of] p2a: Gothitelle\n|-damage|p1b: Exit Movie|63\/100|[from] Leech Seed|[of] p2a: Gothitelle\n|upkeep\n|turn|10\n|\n|t:|1681690667\n|move|p1a: Luxurious|Dark Pulse|p2b: Arcanine\n|-damage|p2b: Arcanine|0 fnt\n|faint|p2b: Arcanine\n|move|p1b: Exit Movie|Roost|p1b: Exit Movie\n|-heal|p1b: Exit Movie|100\/100\n|move|p2a: Gothitelle|Trick Room|p2a: Gothitelle\n|-fieldstart|move: Trick Room|[of] p2a: Gothitelle\n|\n|-damage|p1b: Exit Movie|88\/100|[from] Leech Seed|[of] p2a: Gothitelle\n|-damage|p1a: Luxurious|39\/100|[from] Leech Seed|[of] p2a: Gothitelle\n|upkeep\n|\n|t:|1681690672\n|switch|p2b: Wo-Chien|Wo-Chien, L50, tera:Water|90\/100\n|-ability|p2b: Wo-Chien|Tablets of Ruin\n|turn|11\n|\n|t:|1681690683\n|move|p2b: Wo-Chien|Protect|p2b: Wo-Chien\n|-singleturn|p2b: Wo-Chien|Protect\n|move|p1a: Luxurious|Protect|p1a: Luxurious\n|-singleturn|p1a: Luxurious|Protect\n|move|p2a: Gothitelle|Psychic|p1b: Exit Movie\n|-crit|p1b: Exit Movie\n|-damage|p1b: Exit Movie|40\/100\n|move|p1b: Exit Movie|Brave Bird|p2b: Wo-Chien\n|-activate|p2b: Wo-Chien|move: Protect\n|\n|-heal|p2b: Wo-Chien|96\/100|[from] item: Leftovers\n|-damage|p1b: Exit Movie|28\/100|[from] Leech Seed|[of] p2a: Gothitelle\n|-damage|p1a: Luxurious|27\/100|[from] Leech Seed|[of] p2a: Gothitelle\n|upkeep\n|turn|12\n|\n|t:|1681690691\n|move|p2a: Gothitelle|Psychic|p1b: Exit Movie\n|-damage|p1b: Exit Movie|0 fnt\n|faint|p1b: Exit Movie\n|move|p2b: Wo-Chien|Pollen Puff|p1a: Luxurious\n|-damage|p1a: Luxurious|1\/100\n|move|p1a: Luxurious|Dark Pulse|p2a: Gothitelle\n|-supereffective|p2a: Gothitelle\n|-crit|p2a: Gothitelle\n|-damage|p2a: Gothitelle|0 fnt\n|faint|p2a: Gothitelle\n|\n|-heal|p2b: Wo-Chien|100\/100|[from] item: Leftovers\n|upkeep\n|c|\u2606DeathToScarfChiYu|Lmao\n|c|\u2606DeathToScarfChiYu|of course\n|-message|DeathToScarfChiYu forfeited.\n|\n|win|Clau de Neil\n|raw|DeathToScarfChiYu's rating: 1654 → 1642<\/strong> (-12 for losing)\n|raw|Clau de Neil's rating: 1807 → 1819<\/strong> (+12 for winning)\n|l|\u2606DeathToScarfChiYu\n","uploadtime":1681690712,"views":25,"p1id":"deathtoscarfchiyu","p2id":"claudeneil","formatid":"gen9vgc2023regulationc","rating":1642,"private":0,"password":""}