{"id":"gen9vgc2023regulationc-1857686578","p1":"FalkSV","p2":"kaizerfattah","format":"[Gen 9] VGC 2023 Regulation C","log":"|j|\u2606FalkSV\n|j|\u2606kaizerfattah\n|t:|1683222103\n|gametype|doubles\n|player|p1|FalkSV|102|1418\n|player|p2|kaizerfattah|hilda-wonderlauncher|1396\n|teamsize|p1|6\n|teamsize|p2|6\n|gen|9\n|tier|[Gen 9] VGC 2023 Regulation C\n|rated|\n|rule|Species Clause: Limit one of each Pok\u00e9mon\n|rule|Item Clause: Limit one of each item\n|clearpoke\n|poke|p1|Flutter Mane, L50|\n|poke|p1|Arcanine, L50, M|\n|poke|p1|Amoonguss, L50, F|\n|poke|p1|Gyarados, L50, M|\n|poke|p1|Ting-Lu, L50|\n|poke|p1|Baxcalibur, L50, F|\n|poke|p2|Dachsbun, L50, F|\n|poke|p2|Flutter Mane, L50|\n|poke|p2|Baxcalibur, L50, M|\n|poke|p2|Chi-Yu, L50|\n|poke|p2|Azumarill, L50, M|\n|poke|p2|Iron Hands, L50|\n|teampreview|4\n|inactive|Battle timer is ON: inactive players will automatically lose when time's up. (requested by kaizerfattah)\n|n|\u2606kaizerfattah|kaizerfattah\n|inactive|FalkSV has 60 seconds left.\n|inactive|kaizerfattah has 60 seconds left.\n|\n|t:|1683222146\n|start\n|switch|p1a: Gyarados|Gyarados, L50, M|100\/100\n|switch|p1b: Ting-Lu|Ting-Lu, L50|100\/100\n|switch|p2a: Ghost pepper|Flutter Mane, L50|100\/100\n|switch|p2b: Popsicle|Baxcalibur, L50, M|100\/100\n|-ability|p1a: Gyarados|Intimidate|boost\n|-unboost|p2a: Ghost pepper|atk|1\n|-unboost|p2b: Popsicle|atk|1\n|-ability|p1b: Ting-Lu|Vessel of Ruin\n|-enditem|p2a: Ghost pepper|Booster Energy\n|-activate|p2a: Ghost pepper|ability: Protosynthesis|[fromitem]\n|-start|p2a: Ghost pepper|protosynthesisspe\n|turn|1\n|\n|t:|1683222170\n|move|p2a: Ghost pepper|Protect|p2a: Ghost pepper\n|-singleturn|p2a: Ghost pepper|Protect\n|move|p1a: Gyarados|Thunder Wave|p2b: Popsicle\n|-status|p2b: Popsicle|par\n|move|p1b: Ting-Lu|Heavy Slam|p2a: Ghost pepper\n|-activate|p2a: Ghost pepper|move: Protect\n|move|p2b: Popsicle|Icicle Spear|p1b: Ting-Lu\n|-supereffective|p1b: Ting-Lu\n|-damage|p1b: Ting-Lu|91\/100\n|-supereffective|p1b: Ting-Lu\n|-damage|p1b: Ting-Lu|84\/100\n|-supereffective|p1b: Ting-Lu\n|-damage|p1b: Ting-Lu|75\/100\n|-supereffective|p1b: Ting-Lu\n|-damage|p1b: Ting-Lu|67\/100\n|-hitcount|p1b: Ting-Lu|4\n|\n|upkeep\n|turn|2\n|inactive|FalkSV has 30 seconds left.\n|inactive|kaizerfattah has 30 seconds left.\n|inactive|FalkSV has 20 seconds left.\n|\n|t:|1683222207\n|-terastallize|p2a: Ghost pepper|Fairy\n|move|p2b: Popsicle|Ice Shard|p1b: Ting-Lu\n|-supereffective|p1b: Ting-Lu\n|-damage|p1b: Ting-Lu|53\/100\n|move|p2a: Ghost pepper|Dazzling Gleam|p1b: Ting-Lu|[spread] p1a,p1b\n|-supereffective|p1b: Ting-Lu\n|-crit|p1b: Ting-Lu\n|-damage|p1a: Gyarados|78\/100\n|-damage|p1b: Ting-Lu|4\/100\n|move|p1a: Gyarados|Waterfall|p2a: Ghost pepper\n|-damage|p2a: Ghost pepper|36\/100\n|move|p1b: Ting-Lu|Body Press|p2b: Popsicle\n|-supereffective|p2b: Popsicle\n|-damage|p2b: Popsicle|48\/100 par\n|\n|-heal|p1a: Gyarados|84\/100|[from] item: Leftovers\n|upkeep\n|turn|3\n|inactive|FalkSV has 30 seconds left.\n|inactive|kaizerfattah has 30 seconds left.\n|\n|t:|1683222234\n|switch|p1b: Arcanine|Arcanine, L50, M|100\/100\n|-ability|p1b: Arcanine|Intimidate|boost\n|-unboost|p2a: Ghost pepper|atk|1\n|-unboost|p2b: Popsicle|atk|1\n|move|p2a: Ghost pepper|Dazzling Gleam|p1a: Gyarados|[spread] p1a,p1b\n|-resisted|p1b: Arcanine\n|-damage|p1a: Gyarados|53\/100\n|-damage|p1b: Arcanine|77\/100\n|move|p1a: Gyarados|Waterfall|p2a: Ghost pepper\n|-damage|p2a: Ghost pepper|0 fnt\n|faint|p2a: Ghost pepper\n|-end|p2a: Ghost pepper|Protosynthesis|[silent]\n|move|p2b: Popsicle|Glaive Rush|p1a: Gyarados\n|-damage|p1a: Gyarados|17\/100\n|-singlemove|p2b: Popsicle|Glaive Rush|[silent]\n|\n|-heal|p1a: Gyarados|23\/100|[from] item: Leftovers\n|upkeep\n|inactive|kaizerfattah has 30 seconds left.\n|\n|t:|1683222264\n|switch|p2a: Smoked fillet|Chi-Yu, L50|100\/100\n|-ability|p2a: Smoked fillet|Beads of Ruin\n|turn|4\n|\n|t:|1683222279\n|switch|p2b: Hot Loaf|Dachsbun, L50, F|100\/100\n|move|p1a: Gyarados|Protect|p1a: Gyarados\n|-singleturn|p1a: Gyarados|Protect\n|move|p1b: Arcanine|Extreme Speed|p2a: Smoked fillet\n|-damage|p2a: Smoked fillet|68\/100\n|move|p2a: Smoked fillet|Lava Plume|p1b: Arcanine|[spread] p1b\n|-activate|p1a: Gyarados|move: Protect\n|-ability|p2b: Hot Loaf|Well-Baked Body|boost\n|-boost|p2b: Hot Loaf|def|2\n|-resisted|p1b: Arcanine\n|-damage|p1b: Arcanine|54\/100\n|\n|-heal|p1a: Gyarados|29\/100|[from] item: Leftovers\n|upkeep\n|turn|5\n|inactive|FalkSV has 30 seconds left.\n|inactive|FalkSV has 20 seconds left.\n|inactive|FalkSV has 15 seconds left.\n|inactive|FalkSV has 10 seconds left.\n|\n|t:|1683222326\n|move|p1b: Arcanine|Extreme Speed|p2a: Smoked fillet\n|-damage|p2a: Smoked fillet|36\/100\n|move|p2a: Smoked fillet|Lava Plume|p1a: Gyarados|[spread] p1a,p1b\n|-ability|p2b: Hot Loaf|Well-Baked Body|boost\n|-boost|p2b: Hot Loaf|def|2\n|-resisted|p1a: Gyarados\n|-resisted|p1b: Arcanine\n|-damage|p1a: Gyarados|12\/100\n|-damage|p1b: Arcanine|28\/100\n|move|p1a: Gyarados|Thunder Wave|p2b: Hot Loaf\n|-status|p2b: Hot Loaf|par\n|cant|p2b: Hot Loaf|par\n|\n|-heal|p1a: Gyarados|18\/100|[from] item: Leftovers\n|upkeep\n|turn|6\n|inactive|kaizerfattah has 30 seconds left.\n|\n|t:|1683222354\n|move|p1a: Gyarados|Protect|p1a: Gyarados\n|-singleturn|p1a: Gyarados|Protect\n|move|p1b: Arcanine|Extreme Speed|p2a: Smoked fillet\n|-damage|p2a: Smoked fillet|5\/100\n|move|p2a: Smoked fillet|Lava Plume|p1a: Gyarados|[spread] p1b\n|-activate|p1a: Gyarados|move: Protect\n|-ability|p2b: Hot Loaf|Well-Baked Body|boost\n|-boost|p2b: Hot Loaf|def|2\n|-resisted|p1b: Arcanine\n|-damage|p1b: Arcanine|2\/100\n|move|p2b: Hot Loaf|Body Press|p1a: Gyarados\n|-activate|p1a: Gyarados|move: Protect\n|\n|-heal|p1a: Gyarados|24\/100|[from] item: Leftovers\n|upkeep\n|turn|7\n|\n|t:|1683222376\n|switch|p2a: Popsicle|Baxcalibur, L50, M|48\/100 par\n|switch|p1a: Flutter Mane|Flutter Mane, L50|100\/100\n|move|p1b: Arcanine|Extreme Speed|p2a: Popsicle\n|-damage|p2a: Popsicle|27\/100 par\n|move|p2b: Hot Loaf|Body Press|p1b: Arcanine\n|-damage|p1b: Arcanine|0 fnt\n|faint|p1b: Arcanine\n|\n|upkeep\n|\n|t:|1683222391\n|switch|p1b: Gyarados|Gyarados, L50, M|24\/100\n|-ability|p1b: Gyarados|Intimidate|boost\n|-unboost|p2a: Popsicle|atk|1\n|-unboost|p2b: Hot Loaf|atk|1\n|turn|8\n|\n|t:|1683222412\n|-terastallize|p1a: Flutter Mane|Fairy\n|move|p2a: Popsicle|Protect|p2a: Popsicle\n|-singleturn|p2a: Popsicle|Protect\n|move|p1a: Flutter Mane|Moonblast|p2b: Hot Loaf\n|-damage|p2b: Hot Loaf|38\/100 par\n|-unboost|p2b: Hot Loaf|spa|1\n|move|p1b: Gyarados|Waterfall|p2b: Hot Loaf\n|-damage|p2b: Hot Loaf|30\/100 par\n|move|p2b: Hot Loaf|Yawn|p1a: Flutter Mane\n|-start|p1a: Flutter Mane|move: Yawn|[of] p2b: Hot Loaf\n|\n|-heal|p1b: Gyarados|30\/100|[from] item: Leftovers\n|-heal|p2b: Hot Loaf|36\/100 par|[from] item: Leftovers\n|upkeep\n|turn|9\n|inactive|FalkSV has 30 seconds left.\n|\n|t:|1683222440\n|move|p2b: Hot Loaf|Protect|p2b: Hot Loaf\n|-singleturn|p2b: Hot Loaf|Protect\n|move|p1a: Flutter Mane|Moonblast|p2a: Popsicle\n|-supereffective|p2a: Popsicle\n|-damage|p2a: Popsicle|0 fnt\n|faint|p2a: Popsicle\n|move|p1b: Gyarados|Taunt|p2b: Hot Loaf\n|-activate|p2b: Hot Loaf|move: Protect\n|\n|-heal|p1b: Gyarados|36\/100|[from] item: Leftovers\n|-heal|p2b: Hot Loaf|43\/100 par|[from] item: Leftovers\n|-end|p1a: Flutter Mane|move: Yawn|[silent]\n|-status|p1a: Flutter Mane|slp\n|upkeep\n|\n|t:|1683222453\n|switch|p2a: Smoked fillet|Chi-Yu, L50|5\/100\n|-ability|p2a: Smoked fillet|Beads of Ruin\n|turn|10\n|\n|t:|1683222470\n|cant|p1a: Flutter Mane|slp\n|move|p1b: Gyarados|Protect|p1b: Gyarados\n|-singleturn|p1b: Gyarados|Protect\n|move|p2a: Smoked fillet|Lava Plume|p1b: Gyarados|[spread] p1a\n|-activate|p1b: Gyarados|move: Protect\n|-immune|p2b: Hot Loaf|[from] ability: Well-Baked Body\n|-damage|p1a: Flutter Mane|50\/100 slp\n|move|p2b: Hot Loaf|Body Press|p1b: Gyarados\n|-activate|p1b: Gyarados|move: Protect\n|\n|-heal|p1b: Gyarados|42\/100|[from] item: Leftovers\n|-heal|p2b: Hot Loaf|49\/100 par|[from] item: Leftovers\n|upkeep\n|turn|11\n|\n|t:|1683222492\n|switch|p1b: Ting-Lu|Ting-Lu, L50|4\/100\n|-ability|p1b: Ting-Lu|Vessel of Ruin\n|move|p2a: Smoked fillet|Lava Plume|p1a: Flutter Mane|[spread] p1a,p1b\n|-immune|p2b: Hot Loaf|[from] ability: Well-Baked Body\n|-damage|p1a: Flutter Mane|13\/100 slp\n|-damage|p1b: Ting-Lu|0 fnt\n|faint|p1b: Ting-Lu\n|cant|p1a: Flutter Mane|slp\n|move|p2b: Hot Loaf|Body Press|p1a: Flutter Mane\n|-resisted|p1a: Flutter Mane\n|-damage|p1a: Flutter Mane|0 fnt\n|faint|p1a: Flutter Mane\n|-end|p1a: Flutter Mane|Protosynthesis|[silent]\n|\n|-heal|p2b: Hot Loaf|55\/100 par|[from] item: Leftovers\n|upkeep\n|\n|t:|1683222504\n|switch|p1b: Gyarados|Gyarados, L50, M|42\/100\n|-ability|p1b: Gyarados|Intimidate|boost\n|-unboost|p2a: Smoked fillet|atk|1\n|-unboost|p2b: Hot Loaf|atk|1\n|turn|12\n|\n|t:|1683222515\n|move|p1b: Gyarados|Protect|p1b: Gyarados\n|-singleturn|p1b: Gyarados|Protect\n|move|p2a: Smoked fillet|Lava Plume|p1b: Gyarados|[spread] \n|-activate|p1b: Gyarados|move: Protect\n|-immune|p2b: Hot Loaf|[from] ability: Well-Baked Body\n|move|p2b: Hot Loaf|Body Press|p1b: Gyarados\n|-activate|p1b: Gyarados|move: Protect\n|\n|-heal|p1b: Gyarados|48\/100|[from] item: Leftovers\n|-heal|p2b: Hot Loaf|61\/100 par|[from] item: Leftovers\n|upkeep\n|turn|13\n|\n|t:|1683222530\n|move|p2a: Smoked fillet|Lava Plume|p1b: Gyarados|[spread] p1b\n|-immune|p2b: Hot Loaf|[from] ability: Well-Baked Body\n|-resisted|p1b: Gyarados\n|-damage|p1b: Gyarados|30\/100\n|-status|p1b: Gyarados|brn\n|move|p1b: Gyarados|Waterfall|p2a: Smoked fillet\n|-supereffective|p2a: Smoked fillet\n|-damage|p2a: Smoked fillet|0 fnt\n|faint|p2a: Smoked fillet\n|move|p2b: Hot Loaf|Body Press|p1b: Gyarados\n|-resisted|p1b: Gyarados\n|-damage|p1b: Gyarados|0 fnt\n|faint|p1b: Gyarados\n|\n|win|kaizerfattah\n|raw|FalkSV's rating: 1418 → 1397<\/strong> (-21 for losing)\n|raw|kaizerfattah's rating: 1396 → 1417<\/strong> (+21 for winning)\n|l|\u2606FalkSV\n|c|\u2606kaizerfattah|Gg\n","uploadtime":1683222799,"views":12,"p1id":"falksv","p2id":"kaizerfattah","formatid":"gen9vgc2023regulationc","rating":1397,"private":0,"password":""}