{"id":"gen9vgc2023regulationc-1846427232","p1":"SecondtEnhydra","p2":"quiquezafi","format":"[Gen 9] VGC 2023 Regulation C","log":"|j|\u2606SecondtEnhydra\n|j|\u2606quiquezafi\n|t:|1681840002\n|gametype|doubles\n|player|p1|SecondtEnhydra|dawn-gen4pt|1538\n|player|p2|quiquezafi|ghetsis|1636\n|teamsize|p1|6\n|teamsize|p2|6\n|gen|9\n|tier|[Gen 9] VGC 2023 Regulation C\n|rated|\n|rule|Species Clause: Limit one of each Pok\u00e9mon\n|rule|Item Clause: Limit one of each item\n|clearpoke\n|poke|p1|Orthworm, L50, M|\n|poke|p1|Ting-Lu, L50|\n|poke|p1|Flutter Mane, L50|\n|poke|p1|Chien-Pao, L50|\n|poke|p1|Dragonite, L50, M|\n|poke|p1|Gyarados, L50, M|\n|poke|p2|Dudunsparce-*, L50, M|\n|poke|p2|Krookodile, L50, M|\n|poke|p2|Talonflame, L50, M|\n|poke|p2|Tauros-Paldea-Blaze, L50, M|\n|poke|p2|Meowscarada, L50, F|\n|poke|p2|Maushold, L50|\n|teampreview|4\n|inactive|Battle timer is ON: inactive players will automatically lose when time's up. (requested by SecondtEnhydra)\nSecondtEnhydra rejected open team sheets.\n|\n|t:|1681840014\n|start\n|switch|p1a: Orthworm|Orthworm, L50, M|100\/100\n|switch|p1b: Ting-Lu|Ting-Lu, L50|100\/100\n|switch|p2a: Meowscarada|Meowscarada, L50, F, shiny|100\/100\n|switch|p2b: Maushold|Maushold, L50, shiny|100\/100\n|-ability|p1b: Ting-Lu|Vessel of Ruin\n|turn|1\n|\n|t:|1681840031\n|move|p2b: Maushold|Super Fang|p1b: Ting-Lu\n|-damage|p1b: Ting-Lu|51\/100\n|move|p2a: Meowscarada|Flower Trick|p1b: Ting-Lu\n|-supereffective|p1b: Ting-Lu\n|-crit|p1b: Ting-Lu\n|-damage|p1b: Ting-Lu|0 fnt\n|faint|p1b: Ting-Lu\n|move|p1a: Orthworm|Body Press|p2a: Meowscarada\n|-supereffective|p2a: Meowscarada\n|-damage|p2a: Meowscarada|45\/100\n|\n|upkeep\n|j| wrgedwa\n|\n|t:|1681840042\n|switch|p1b: Chien-Pao|Chien-Pao, L50|100\/100\n|-ability|p1b: Chien-Pao|Sword of Ruin\n|turn|2\n|j| RAWAXXX\n|\n|t:|1681840051\n|move|p1b: Chien-Pao|Protect|p1b: Chien-Pao\n|-singleturn|p1b: Chien-Pao|Protect\n|move|p2b: Maushold|Follow Me|p2b: Maushold\n|-singleturn|p2b: Maushold|move: Follow Me\n|move|p1a: Orthworm|Body Press|p2b: Maushold\n|-supereffective|p2b: Maushold\n|-enditem|p2b: Maushold|Focus Sash\n|-damage|p2b: Maushold|1\/100\n|move|p2a: Meowscarada|Trick Room|p2a: Meowscarada\n|-fieldstart|move: Trick Room|[of] p2a: Meowscarada\n|-enditem|p2a: Meowscarada|Room Service\n|-unboost|p2a: Meowscarada|spe|1|[from] item: Room Service\n|\n|upkeep\n|turn|3\n|\n|t:|1681840072\n|switch|p2b: Tauros|Tauros-Paldea-Blaze, L50, M, shiny|100\/100\n|-terastallize|p2a: Meowscarada|Fire\n|move|p1a: Orthworm|Body Press|p2a: Meowscarada\n|-damage|p2a: Meowscarada|0 fnt\n|faint|p2a: Meowscarada\n|move|p1b: Chien-Pao|Ice Spinner|p2b: Tauros\n|-resisted|p2b: Tauros\n|-damage|p2b: Tauros|77\/100\n|\n|upkeep\n|\n|t:|1681840084\n|switch|p2a: Talonflame|Talonflame, L50, M, shiny|100\/100\n|turn|4\n|l| wrgedwa\n|j| wrgedwa\n|\n|t:|1681840106\n|-terastallize|p1a: Orthworm|Fire\n|move|p1b: Chien-Pao|Protect|p1b: Chien-Pao\n|-singleturn|p1b: Chien-Pao|Protect\n|move|p1a: Orthworm|Body Press|p2b: Tauros\n|-damage|p2b: Tauros|36\/100\n|-enditem|p2b: Tauros|Sitrus Berry|[eat]\n|-heal|p2b: Tauros|60\/100|[from] item: Sitrus Berry\n|move|p2b: Tauros|Raging Bull|p1a: Orthworm\n|-resisted|p1a: Orthworm\n|-damage|p1a: Orthworm|84\/100\n|move|p2a: Talonflame|Will-O-Wisp|p1b: Chien-Pao\n|-activate|p1b: Chien-Pao|move: Protect\n|\n|upkeep\n|turn|5\n|inactive|SecondtEnhydra has 30 seconds left.\n|inactive|SecondtEnhydra has 20 seconds left.\n|\n|t:|1681840145\n|move|p2a: Talonflame|Brave Bird|p1b: Chien-Pao\n|-damage|p1b: Chien-Pao|19\/100\n|-damage|p2a: Talonflame|73\/100|[from] Recoil\n|move|p1a: Orthworm|Shed Tail|p1a: Orthworm\n|-start|p1a: Orthworm|Substitute|[from] move: Shed Tail\n|-damage|p1a: Orthworm|34\/100\n|-enditem|p1a: Orthworm|Sitrus Berry|[eat]\n|-heal|p1a: Orthworm|59\/100|[from] item: Sitrus Berry\n|\n|t:|1681840153\n|switch|p1a: Flutter Mane|Flutter Mane, L50|100\/100|[from] Shed Tail\n|move|p2b: Tauros|Rock Slide|p1b: Chien-Pao|[spread] p1a,p1b\n|-end|p1a: Flutter Mane|Substitute\n|-supereffective|p1b: Chien-Pao\n|-damage|p1b: Chien-Pao|0 fnt\n|faint|p1b: Chien-Pao\n|\n|upkeep\n|\n|t:|1681840155\n|switch|p1b: Orthworm|Orthworm, L50, M, tera:Fire|59\/100\n|turn|6\n|\n|t:|1681840176\n|move|p1b: Orthworm|Shed Tail|p1b: Orthworm\n|-fail|p1b: Orthworm\n|move|p2b: Tauros|Rock Slide|p1a: Flutter Mane|[spread] p1a,p1b\n|-supereffective|p1b: Orthworm\n|-damage|p1a: Flutter Mane|71\/100\n|-damage|p1b: Orthworm|35\/100\n|move|p2a: Talonflame|Tailwind|p2a: Talonflame\n|-sidestart|p2: quiquezafi|move: Tailwind\n|cant|p1a: Flutter Mane|flinch\n|\n|-fieldend|move: Trick Room\n|upkeep\n|turn|7\n|l| wrgedwa\n|c|\u2606SecondtEnhydra|miscliiiiiick, aaaaaaaaaaaaaa\n|\n|t:|1681840198\n|move|p2a: Talonflame|Brave Bird|p1b: Orthworm\n|-crit|p1b: Orthworm\n|-damage|p1b: Orthworm|0 fnt\n|faint|p1b: Orthworm\n|-damage|p2a: Talonflame|60\/100|[from] Recoil\n|move|p2b: Tauros|Raging Bull|p1a: Flutter Mane\n|-damage|p1a: Flutter Mane|5\/100\n|move|p1a: Flutter Mane|Moonblast|p2b: Tauros\n|-damage|p2b: Tauros|0 fnt\n|faint|p2b: Tauros\n|\n|upkeep\n|\n|t:|1681840214\n|switch|p2b: Maushold|Maushold, L50, shiny|1\/100\n|turn|8\n|\n|t:|1681840220\n|move|p2b: Maushold|Beat Up|p1a: Flutter Mane\n|-damage|p1a: Flutter Mane|1\/100\n|-damage|p1a: Flutter Mane|0 fnt\n|faint|p1a: Flutter Mane\n|-end|p1a: Flutter Mane|Protosynthesis|[silent]\n|-hitcount|p1: Flutter Mane|2\n|\n|win|quiquezafi\n|raw|SecondtEnhydra's rating: 1538 → 1523<\/strong> (-15 for losing)\n|raw|quiquezafi's rating: 1636 → 1651<\/strong> (+15 for winning)\n|l|\u2606SecondtEnhydra\n|l|\u2606quiquezafi\n","uploadtime":1681840269,"views":11,"p1id":"secondtenhydra","p2id":"quiquezafi","formatid":"gen9vgc2023regulationc","rating":1523,"private":0,"password":""}