{"id":"gen9vgc2023regulationc-1859139014","p1":"Oxyuner","p2":"UltimoRyu","format":"[Gen 9] VGC 2023 Regulation C","log":"|j|\u2606Oxyuner\n|j|\u2606UltimoRyu\n|t:|1683409156\n|gametype|doubles\n|player|p1|Oxyuner|rosa|1110\n|player|p2|UltimoRyu|crasherwake|1175\n|teamsize|p1|6\n|teamsize|p2|6\n|gen|9\n|tier|[Gen 9] VGC 2023 Regulation C\n|rated|\n|rule|Species Clause: Limit one of each Pok\u00e9mon\n|rule|Item Clause: Limit one of each item\n|clearpoke\n|poke|p1|Meowscarada, L50, F|\n|poke|p1|Chien-Pao, L50|\n|poke|p1|Tauros-Paldea-Aqua, L50, M|\n|poke|p1|Rotom-Wash, L50|\n|poke|p1|Hatterene, L50, F|\n|poke|p1|Iron Hands, L50|\n|poke|p2|Slither Wing, L50|\n|poke|p2|Indeedee-F, L50, F|\n|poke|p2|Armarouge, L50, M|\n|poke|p2|Torkoal, L50, F|\n|poke|p2|Mimikyu, L50, M|\n|poke|p2|Murkrow, L50, F|\n|teampreview|4\nOxyuner rejected open team sheets.\n|\n|t:|1683409208\n|start\n|switch|p1a: Hatterene|Hatterene, L50, F|100\/100\n|switch|p1b: Iron Hands|Iron Hands, L50|100\/100\n|switch|p2a: Slither Wing|Slither Wing, L50|100\/100\n|switch|p2b: Indeedee|Indeedee-F, L50, F|100\/100\n|-fieldstart|move: Psychic Terrain|[from] ability: Psychic Surge|[of] p2b: Indeedee\n|-enditem|p2b: Indeedee|Psychic Seed\n|-boost|p2b: Indeedee|spd|1|[from] item: Psychic Seed\n|turn|1\n|\n|t:|1683409261\n|move|p1a: Hatterene|Protect|p1a: Hatterene\n|-singleturn|p1a: Hatterene|Protect\n|move|p1b: Iron Hands|Fake Out|p2b: Indeedee\n|-activate|p2b: Indeedee|move: Psychic Terrain\n|move|p2a: Slither Wing|Flare Blitz|p1a: Hatterene\n|-activate|p1a: Hatterene|move: Protect\n|move|p2b: Indeedee|Dazzling Gleam|p1a: Hatterene|[spread] p1b\n|-activate|p1a: Hatterene|move: Protect\n|-supereffective|p1b: Iron Hands\n|-damage|p1b: Iron Hands|75\/100\n|\n|upkeep\n|turn|2\n|\n|t:|1683409304\n|move|p2a: Slither Wing|Flare Blitz|p1a: Hatterene\n|-damage|p1a: Hatterene|26\/100\n|-status|p1a: Hatterene|brn\n|-enditem|p1a: Hatterene|Sitrus Berry|[eat]\n|-heal|p1a: Hatterene|51\/100 brn|[from] item: Sitrus Berry\n|-damage|p2a: Slither Wing|81\/100|[from] Recoil\n|move|p2b: Indeedee|Dazzling Gleam|p1b: Iron Hands|[spread] p1a,p1b\n|-supereffective|p1b: Iron Hands\n|-damage|p1a: Hatterene|39\/100 brn\n|-damage|p1b: Iron Hands|50\/100\n|move|p1b: Iron Hands|Wild Charge|p2b: Indeedee\n|-damage|p2b: Indeedee|50\/100\n|-damage|p1b: Iron Hands|41\/100|[from] Recoil\n|move|p1a: Hatterene|Draining Kiss|p2a: Slither Wing\n|-supereffective|p2a: Slither Wing\n|-damage|p2a: Slither Wing|37\/100\n|-heal|p1a: Hatterene|80\/100 brn|[from] drain|[of] p2a: Slither Wing\n|\n|-damage|p1a: Hatterene|74\/100 brn|[from] brn\n|upkeep\n|turn|3\n|\n|t:|1683409348\n|-terastallize|p2a: Slither Wing|Steel\n|move|p1a: Hatterene|Protect|p1a: Hatterene\n|-singleturn|p1a: Hatterene|Protect\n|move|p2a: Slither Wing|Flare Blitz|p1b: Iron Hands\n|-damage|p1b: Iron Hands|0 fnt\n|faint|p1b: Iron Hands\n|-end|p1b: Iron Hands|Quark Drive|[silent]\n|-damage|p2a: Slither Wing|19\/100|[from] Recoil\n|move|p2b: Indeedee|Heal Pulse|p2a: Slither Wing\n|-heal|p2a: Slither Wing|69\/100\n|\n|-damage|p1a: Hatterene|68\/100 brn|[from] brn\n|upkeep\n|\n|t:|1683409362\n|switch|p1b: Tauros|Tauros-Paldea-Aqua, L50, M|100\/100\n|-ability|p1b: Tauros|Intimidate|boost\n|-unboost|p2a: Slither Wing|atk|1\n|-unboost|p2b: Indeedee|atk|1\n|turn|4\n|\n|t:|1683409397\n|-end|p2a: Slither Wing|Protosynthesis|[silent]\n|switch|p2a: Mimikyu|Mimikyu, L50, M|100\/100\n|-terastallize|p1b: Tauros|Water\n|move|p1b: Tauros|Close Combat|p2a: Mimikyu\n|-immune|p2a: Mimikyu\n|move|p2b: Indeedee|Dazzling Gleam|p1a: Hatterene|[spread] p1a,p1b\n|-damage|p1a: Hatterene|55\/100 brn\n|-damage|p1b: Tauros|87\/100\n|move|p1a: Hatterene|Mystical Fire|p2a: Mimikyu\n|-activate|p2a: Mimikyu|ability: Disguise\n|-damage|p2a: Mimikyu|100\/100\n|-unboost|p2a: Mimikyu|spa|1\n|detailschange|p2a: Mimikyu|Mimikyu-Busted, L50, M\n|-damage|p2a: Mimikyu|88\/100|[from] pokemon: Mimikyu-Busted\n|\n|-heal|p2a: Mimikyu|94\/100|[from] item: Leftovers\n|-damage|p1a: Hatterene|48\/100 brn|[from] brn\n|upkeep\n|turn|5\n|\n|t:|1683409428\n|move|p2b: Indeedee|Follow Me|p2b: Indeedee\n|-singleturn|p2b: Indeedee|move: Follow Me\n|move|p1b: Tauros|Wave Crash|p2b: Indeedee\n|-damage|p2b: Indeedee|0 fnt\n|faint|p2b: Indeedee\n|-damage|p1b: Tauros|70\/100|[from] Recoil\n|move|p2a: Mimikyu|Swords Dance|p2a: Mimikyu\n|-boost|p2a: Mimikyu|atk|2\n|move|p1a: Hatterene|Draining Kiss|p2a: Mimikyu\n|-damage|p2a: Mimikyu|68\/100\n|-heal|p1a: Hatterene|71\/100 brn|[from] drain|[of] p2a: Mimikyu\n|\n|-heal|p2a: Mimikyu|74\/100|[from] item: Leftovers\n|-damage|p1a: Hatterene|64\/100 brn|[from] brn\n|-fieldend|move: Psychic Terrain\n|upkeep\n|\n|t:|1683409442\n|switch|p2b: Torkoal|Torkoal, L50, F|100\/100\n|-weather|SunnyDay|[from] ability: Drought|[of] p2b: Torkoal\n|turn|6\n|\n|t:|1683409458\n|switch|p2b: Slither Wing|Slither Wing, L50, tera:Steel|69\/100\n|-activate|p2b: Slither Wing|ability: Protosynthesis\n|-start|p2b: Slither Wing|protosynthesisatk\n|move|p2a: Mimikyu|Shadow Sneak|p1a: Hatterene\n|-supereffective|p1a: Hatterene\n|-damage|p1a: Hatterene|0 fnt\n|faint|p1a: Hatterene\n|move|p1b: Tauros|Wave Crash|p2b: Slither Wing\n|-damage|p2b: Slither Wing|35\/100\n|-damage|p1b: Tauros|58\/100|[from] Recoil\n|\n|-weather|SunnyDay|[upkeep]\n|-heal|p2a: Mimikyu|80\/100|[from] item: Leftovers\n|upkeep\n|\n|t:|1683409470\n|switch|p1a: Rotom|Rotom-Wash, L50|100\/100\n|turn|7\n|\n|t:|1683409509\n|-end|p2b: Slither Wing|Protosynthesis|[silent]\n|switch|p2b: Torkoal|Torkoal, L50, F|100\/100\n|move|p2a: Mimikyu|Shadow Sneak|p1b: Tauros\n|-damage|p1b: Tauros|22\/100\n|move|p1b: Tauros|Close Combat|p2b: Torkoal\n|-damage|p2b: Torkoal|59\/100\n|-unboost|p1b: Tauros|def|1\n|-unboost|p1b: Tauros|spd|1\n|move|p1a: Rotom|Will-O-Wisp|p2a: Mimikyu\n|-status|p2a: Mimikyu|brn\n|\n|-weather|SunnyDay|[upkeep]\n|-heal|p2a: Mimikyu|87\/100 brn|[from] item: Leftovers\n|-damage|p2a: Mimikyu|80\/100 brn|[from] brn\n|upkeep\n|turn|8\n|\n|t:|1683409542\n|move|p2b: Torkoal|Protect|p2b: Torkoal\n|-singleturn|p2b: Torkoal|Protect\n|move|p2a: Mimikyu|Shadow Sneak|p1b: Tauros\n|-damage|p1b: Tauros|0 fnt\n|faint|p1b: Tauros\n|move|p1a: Rotom|Foul Play|p2a: Mimikyu\n|-damage|p2a: Mimikyu|21\/100 brn\n|\n|-weather|SunnyDay|[upkeep]\n|-heal|p2a: Mimikyu|27\/100 brn|[from] item: Leftovers\n|-damage|p2a: Mimikyu|21\/100 brn|[from] brn\n|upkeep\n|turn|9\n|\n|t:|1683409566\n|move|p1a: Rotom|Foul Play|p2a: Mimikyu\n|-damage|p2a: Mimikyu|0 fnt\n|faint|p2a: Mimikyu\n|move|p2b: Torkoal|Heat Wave|p1a: Rotom\n|-resisted|p1a: Rotom\n|-damage|p1a: Rotom|72\/100\n|\n|-weather|SunnyDay|[upkeep]\n|upkeep\n|\n|t:|1683409570\n|switch|p2a: Slither Wing|Slither Wing, L50, tera:Steel|35\/100\n|-activate|p2a: Slither Wing|ability: Protosynthesis\n|-start|p2a: Slither Wing|protosynthesisatk\n|turn|10\n|\n|t:|1683409586\n|move|p2a: Slither Wing|Close Combat|p1a: Rotom\n|-damage|p1a: Rotom|0 fnt\n|-unboost|p2a: Slither Wing|def|1\n|-unboost|p2a: Slither Wing|spd|1\n|faint|p1a: Rotom\n|\n|win|UltimoRyu\n|raw|Oxyuner's rating: 1110 → 1090<\/strong> (-20 for losing)\n|raw|UltimoRyu's rating: 1175 → 1195<\/strong> (+20 for winning)\n|l|\u2606Oxyuner\n","uploadtime":1683409598,"views":10,"p1id":"oxyuner","p2id":"ultimoryu","formatid":"gen9vgc2023regulationc","rating":1090,"private":0,"password":""}