{"id":"gen9vgc2023regulationc-1847683631","p1":"DanTheMackGaming","p2":"PROFTOFFF","format":"[Gen 9] VGC 2023 Regulation C","log":"|j|\u2606DanTheMackGaming\n|j|\u2606PROFTOFFF\n|t:|1681992037\n|gametype|doubles\n|player|p1|DanTheMackGaming|265|1153\n|player|p2|PROFTOFFF|2|1053\n|teamsize|p1|6\n|teamsize|p2|6\n|gen|9\n|tier|[Gen 9] VGC 2023 Regulation C\n|rated|\n|rule|Species Clause: Limit one of each Pok\u00e9mon\n|rule|Item Clause: Limit one of each item\n|clearpoke\n|poke|p1|Dragapult, L50, F|\n|poke|p1|Glimmora, L50, F|\n|poke|p1|Hippowdon, L50, M|\n|poke|p1|Arcanine, L50, M|\n|poke|p1|Vivillon, L50, F|\n|poke|p1|Iron Bundle, L50|\n|poke|p2|Palafin, L50, F|\n|poke|p2|Scream Tail, L50|\n|poke|p2|Flutter Mane, L50|\n|poke|p2|Amoonguss, L50, M|\n|poke|p2|Arcanine, L50, F|\n|poke|p2|Gothitelle, L50, F|\n|teampreview|4\n|\n|t:|1681992079\n|start\n|switch|p1a: Vivillon|Vivillon, L50, F|100\/100\n|switch|p1b: Glimmora|Glimmora, L50, F|100\/100\n|switch|p2a: Arcanine|Arcanine, L50, F|100\/100\n|switch|p2b: Amoonguss|Amoonguss, L50, M|100\/100\n|-ability|p2a: Arcanine|Intimidate|boost\n|-unboost|p1a: Vivillon|atk|1\n|-unboost|p1b: Glimmora|atk|1\n|turn|1\n|\n|t:|1681992116\n|move|p1a: Vivillon|Safeguard|p1a: Vivillon\n|-sidestart|p1: DanTheMackGaming|Safeguard\n|move|p2a: Arcanine|Flare Blitz|p1a: Vivillon\n|-supereffective|p1a: Vivillon\n|-damage|p1a: Vivillon|0 fnt\n|faint|p1a: Vivillon\n|-damage|p2a: Arcanine|64\/100|[from] Recoil\n|move|p1b: Glimmora|Mortal Spin|p2b: Amoonguss|[spread] p2a,p2b\n|-damage|p2a: Arcanine|60\/100\n|-damage|p2b: Amoonguss|97\/100\n|-status|p2a: Arcanine|psn\n|move|p2b: Amoonguss|Spore|p1b: Glimmora\n|-activate|p1b: Glimmora|move: Safeguard\n|\n|-damage|p2a: Arcanine|48\/100 psn|[from] psn\n|upkeep\n|\n|t:|1681992127\n|switch|p1a: Hippowdon|Hippowdon, L50, M|100\/100\n|-weather|Sandstorm|[from] ability: Sand Stream|[of] p1a: Hippowdon\n|turn|2\n|\n|t:|1681992153\n|-terastallize|p1b: Glimmora|Flying\n|move|p2a: Arcanine|Will-O-Wisp|p1a: Hippowdon\n|-activate|p1a: Hippowdon|move: Safeguard\n|move|p1b: Glimmora|Power Gem|p2b: Amoonguss\n|-damage|p2b: Amoonguss|67\/100\n|move|p1a: Hippowdon|Earthquake|p2a: Arcanine|[spread] p2a,p2b\n|-immune|p1b: Glimmora\n|-supereffective|p2a: Arcanine\n|-crit|p2a: Arcanine\n|-damage|p2a: Arcanine|0 fnt\n|-damage|p2b: Amoonguss|39\/100\n|faint|p2a: Arcanine\n|move|p2b: Amoonguss|Pollen Puff|p2: Arcanine|[notarget]\n|-fail|p2b: Amoonguss\n|\n|-weather|Sandstorm|[upkeep]\n|-damage|p1b: Glimmora|95\/100|[from] Sandstorm\n|-damage|p2b: Amoonguss|33\/100|[from] Sandstorm\n|upkeep\n|\n|t:|1681992164\n|switch|p2a: Palafin|Palafin, L50, F|100\/100\n|turn|3\n|\n|t:|1681992170\n|detailschange|p2a: Palafin|Palafin-Hero, L50, F\n|switch|p2a: Scream Tail|Scream Tail, L50, shiny|100\/100\n|-enditem|p2a: Scream Tail|Booster Energy\n|-activate|p2a: Scream Tail|ability: Protosynthesis|[fromitem]\n|-start|p2a: Scream Tail|protosynthesisspe\n|move|p2b: Amoonguss|Rage Powder|p2b: Amoonguss\n|-singleturn|p2b: Amoonguss|move: Rage Powder\n|move|p1b: Glimmora|Mortal Spin|p2a: Scream Tail|[spread] p2a,p2b\n|-supereffective|p2a: Scream Tail\n|-damage|p2a: Scream Tail|95\/100\n|-damage|p2b: Amoonguss|30\/100\n|-status|p2a: Scream Tail|psn\n|move|p1a: Hippowdon|Earthquake|p2a: Scream Tail|[spread] p2a,p2b\n|-immune|p1b: Glimmora\n|-damage|p2a: Scream Tail|76\/100 psn\n|-damage|p2b: Amoonguss|6\/100\n|\n|-weather|Sandstorm|[upkeep]\n|-damage|p2a: Scream Tail|70\/100 psn|[from] Sandstorm\n|-damage|p1b: Glimmora|89\/100|[from] Sandstorm\n|-damage|p2b: Amoonguss|0 fnt|[from] Sandstorm\n|faint|p2b: Amoonguss\n|-damage|p2a: Scream Tail|58\/100 psn|[from] psn\n|upkeep\n|\n|t:|1681992183\n|switch|p2b: Palafin|Palafin-Hero, L50, F|100\/100\n|-activate|p2b: Palafin|ability: Zero to Hero\n|turn|4\n|\n|t:|1681992198\n|move|p1a: Hippowdon|Protect|p1a: Hippowdon\n|-singleturn|p1a: Hippowdon|Protect\n|move|p2b: Palafin|Jet Punch|p1a: Hippowdon\n|-activate|p1a: Hippowdon|move: Protect\n|move|p2a: Scream Tail|Disable|p1a: Hippowdon\n|-activate|p1a: Hippowdon|move: Protect\n|move|p1b: Glimmora|Mortal Spin|p2b: Palafin|[spread] p2a,p2b\n|-supereffective|p2a: Scream Tail\n|-damage|p2a: Scream Tail|52\/100 psn\n|-damage|p2b: Palafin|98\/100\n|-status|p2b: Palafin|psn\n|\n|-weather|Sandstorm|[upkeep]\n|-damage|p2a: Scream Tail|46\/100 psn|[from] Sandstorm\n|-damage|p1b: Glimmora|83\/100|[from] Sandstorm\n|-damage|p2b: Palafin|92\/100 psn|[from] Sandstorm\n|-damage|p2a: Scream Tail|34\/100 psn|[from] psn\n|-damage|p2b: Palafin|79\/100 psn|[from] psn\n|upkeep\n|turn|5\n|\n|t:|1681992218\n|-terastallize|p2b: Palafin|Water\n|move|p1b: Glimmora|Spiky Shield|p1b: Glimmora\n|-singleturn|p1b: Glimmora|move: Protect\n|move|p2b: Palafin|Jet Punch|p1a: Hippowdon\n|-supereffective|p1a: Hippowdon\n|-damage|p1a: Hippowdon|0 fnt\n|-damage|p2b: Palafin|63\/100 psn|[from] item: Rocky Helmet|[of] p1a: Hippowdon\n|faint|p1a: Hippowdon\n|move|p2a: Scream Tail|Disable|p1b: Glimmora\n|-activate|p1b: Glimmora|move: Protect\n|\n|-weather|Sandstorm|[upkeep]\n|-damage|p2a: Scream Tail|28\/100 psn|[from] Sandstorm\n|-damage|p1b: Glimmora|78\/100|[from] Sandstorm\n|-damage|p2b: Palafin|57\/100 psn|[from] Sandstorm\n|-damage|p2a: Scream Tail|16\/100 psn|[from] psn\n|-damage|p2b: Palafin|44\/100 psn|[from] psn\n|-sideend|p1: DanTheMackGaming|Safeguard\n|upkeep\n|\n|t:|1681992227\n|switch|p1a: Iron Bundle|Iron Bundle, L50|100\/100\n|-enditem|p1a: Iron Bundle|Booster Energy\n|-activate|p1a: Iron Bundle|ability: Quark Drive|[fromitem]\n|-start|p1a: Iron Bundle|quarkdrivespe\n|turn|6\n|\n|t:|1681992238\n|move|p1b: Glimmora|Spiky Shield|p1b: Glimmora\n|-singleturn|p1b: Glimmora|move: Protect\n|move|p1a: Iron Bundle|Substitute|p1a: Iron Bundle\n|-start|p1a: Iron Bundle|Substitute\n|-damage|p1a: Iron Bundle|76\/100\n|move|p2a: Scream Tail|Play Rough|p1a: Iron Bundle\n|-activate|p1a: Iron Bundle|move: Substitute|[damage]\n|move|p2b: Palafin|Wave Crash|p1a: Iron Bundle\n|-resisted|p1a: Iron Bundle\n|-end|p1a: Iron Bundle|Substitute\n|-damage|p2b: Palafin|43\/100 psn|[from] Recoil|[of] p1a: Iron Bundle\n|\n|-weather|none\n|-damage|p2a: Scream Tail|4\/100 psn|[from] psn\n|-damage|p2b: Palafin|30\/100 psn|[from] psn\n|upkeep\n|turn|7\n|inactive|Battle timer is ON: inactive players will automatically lose when time's up. (requested by DanTheMackGaming)\n|inactive|PROFTOFFF has 60 seconds left.\n|inactive|PROFTOFFF has 30 seconds left.\n|\n|t:|1681992375\n|move|p1a: Iron Bundle|Protect|p1a: Iron Bundle\n|-singleturn|p1a: Iron Bundle|Protect\n|move|p2a: Scream Tail|Play Rough|p1a: Iron Bundle\n|-activate|p1a: Iron Bundle|move: Protect\n|move|p1b: Glimmora|Earth Power|p2b: Palafin\n|-crit|p2b: Palafin\n|-damage|p2b: Palafin|0 fnt\n|faint|p2b: Palafin\n|\n|-damage|p2a: Scream Tail|0 fnt|[from] psn\n|faint|p2a: Scream Tail\n|-end|p2a: Scream Tail|Protosynthesis|[silent]\n|\n|win|DanTheMackGaming\n|upkeep\n|raw|DanTheMackGaming's rating: 1153 → 1171<\/strong> (+18 for winning)\n|raw|PROFTOFFF's rating: 1053 → 1040<\/strong> (-13 for losing)\n|l|\u2606PROFTOFFF\n","uploadtime":1681992393,"views":12,"p1id":"danthemackgaming","p2id":"proftofff","formatid":"gen9vgc2023regulationc","rating":1040,"private":0,"password":""}