{"id":"gen9vgc2023regulationc-1856579852","p1":"Bxega12","p2":"Shnipe_Cizy","format":"[Gen 9] VGC 2023 Regulation C","log":"|j|\u2606Bxega12\n|j|\u2606Shnipe_Cizy\n|t:|1683078197\n|gametype|doubles\n|player|p1|Bxega12|acetrainerf-gen4dp|1204\n|player|p2|Shnipe_Cizy|lance|1137\n|teamsize|p1|6\n|teamsize|p2|6\n|gen|9\n|tier|[Gen 9] VGC 2023 Regulation C\n|rated|\n|rule|Species Clause: Limit one of each Pok\u00e9mon\n|rule|Item Clause: Limit one of each item\n|clearpoke\n|poke|p1|Arcanine, L50, M|\n|poke|p1|Ting-Lu, L50|\n|poke|p1|Chi-Yu, L50|\n|poke|p1|Amoonguss, L50, M|\n|poke|p1|Roaring Moon, L50|\n|poke|p1|Flutter Mane, L50|\n|poke|p2|Palafin, L50, F|\n|poke|p2|Arcanine, L50, F|\n|poke|p2|Baxcalibur, L50, F|\n|poke|p2|Ting-Lu, L50|\n|poke|p2|Amoonguss, L50, M|\n|poke|p2|Flutter Mane, L50|\n|teampreview|4\nShnipe_Cizy has agreed to open team sheets.\n|\n|t:|1683078227\n|start\n|switch|p1a: Spicy Goldfish|Chi-Yu, L50|100\/100\n|switch|p1b: Casper|Flutter Mane, L50, shiny|100\/100\n|switch|p2a: Palafin|Palafin, L50, F|100\/100\n|switch|p2b: Baxcalibur|Baxcalibur, L50, F|100\/100\n|-ability|p1a: Spicy Goldfish|Beads of Ruin\n|turn|1\n|\n|t:|1683078243\n|-terastallize|p2b: Baxcalibur|Poison\n|move|p2a: Palafin|Protect|p2a: Palafin\n|-singleturn|p2a: Palafin|Protect\n|move|p1b: Casper|Moonblast|p2a: Palafin\n|-activate|p2a: Palafin|move: Protect\n|move|p1a: Spicy Goldfish|Heat Wave|p2b: Baxcalibur|[spread] p2b\n|-activate|p2a: Palafin|move: Protect\n|-crit|p2b: Baxcalibur\n|-damage|p2b: Baxcalibur|0 fnt\n|faint|p2b: Baxcalibur\n|\n|upkeep\n|\n|t:|1683078281\n|switch|p2b: Flutter Mane|Flutter Mane, L50|100\/100\n|turn|2\n|\n|t:|1683078291\n|detailschange|p2a: Palafin|Palafin-Hero, L50, F\n|switch|p2a: Arcanine|Arcanine, L50, F|100\/100\n|-ability|p2a: Arcanine|Intimidate|boost\n|-unboost|p1a: Spicy Goldfish|atk|1\n|-unboost|p1b: Casper|atk|1\n|move|p2b: Flutter Mane|Shadow Ball|p1b: Casper\n|-supereffective|p1b: Casper\n|-damage|p1b: Casper|0 fnt\n|faint|p1b: Casper\n|-end|p1b: Casper|Protosynthesis|[silent]\n|move|p1a: Spicy Goldfish|Heat Wave|p2b: Flutter Mane|[spread] p2a,p2b\n|-resisted|p2a: Arcanine\n|-damage|p2a: Arcanine|56\/100\n|-damage|p2b: Flutter Mane|28\/100\n|\n|upkeep\n|\n|t:|1683078299\n|switch|p1b: brrrrr|Roaring Moon, L50, shiny|100\/100\n|-enditem|p1b: brrrrr|Booster Energy\n|-activate|p1b: brrrrr|ability: Protosynthesis|[fromitem]\n|-start|p1b: brrrrr|protosynthesisatk\n|turn|3\n|\n|t:|1683078312\n|-end|p2b: Flutter Mane|Protosynthesis|[silent]\n|switch|p2b: Palafin|Palafin-Hero, L50, F|100\/100\n|-activate|p2b: Palafin|ability: Zero to Hero\n|-terastallize|p1b: brrrrr|Flying\n|move|p1b: brrrrr|Tailwind|p1b: brrrrr\n|-sidestart|p1: Bxega12|move: Tailwind\n|move|p1a: Spicy Goldfish|Heat Wave|p2a: Arcanine|[spread] p2a,p2b\n|-resisted|p2a: Arcanine\n|-resisted|p2b: Palafin\n|-damage|p2a: Arcanine|11\/100\n|-damage|p2b: Palafin|65\/100\n|move|p2a: Arcanine|Will-O-Wisp|p1b: brrrrr\n|-status|p1b: brrrrr|brn\n|\n|-damage|p1b: brrrrr|94\/100 brn|[from] brn\n|upkeep\n|turn|4\n|\n|t:|1683078327\n|move|p2b: Palafin|Protect|p2b: Palafin\n|-singleturn|p2b: Palafin|Protect\n|move|p1b: brrrrr|Acrobatics|p2b: Palafin\n|-activate|p2b: Palafin|move: Protect\n|move|p1a: Spicy Goldfish|Heat Wave|p2b: Palafin|[spread] p2a\n|-activate|p2b: Palafin|move: Protect\n|-resisted|p2a: Arcanine\n|-damage|p2a: Arcanine|0 fnt\n|faint|p2a: Arcanine\n|\n|-damage|p1b: brrrrr|88\/100 brn|[from] brn\n|upkeep\n|\n|t:|1683078334\n|switch|p2a: Flutter Mane|Flutter Mane, L50|28\/100\n|turn|5\n|inactive|Battle timer is ON: inactive players will automatically lose when time's up. (requested by Bxega12)\n|\n|t:|1683078365\n|move|p2b: Palafin|Jet Punch|p1a: Spicy Goldfish\n|-supereffective|p1a: Spicy Goldfish\n|-damage|p1a: Spicy Goldfish|0 fnt\n|faint|p1a: Spicy Goldfish\n|move|p1b: brrrrr|Acrobatics|p2b: Palafin\n|-damage|p2b: Palafin|31\/100\n|move|p2a: Flutter Mane|Dazzling Gleam|p1b: brrrrr\n|-damage|p1b: brrrrr|20\/100 brn\n|\n|-damage|p1b: brrrrr|14\/100 brn|[from] brn\n|upkeep\n|\n|t:|1683078371\n|switch|p1a: Super Bowl|Ting-Lu, L50|100\/100\n|-ability|p1a: Super Bowl|Vessel of Ruin\n|turn|6\n|\n|t:|1683078383\n|move|p2b: Palafin|Jet Punch|p1b: brrrrr\n|-damage|p1b: brrrrr|0 fnt\n|faint|p1b: brrrrr\n|-end|p1b: brrrrr|Protosynthesis|[silent]\n|move|p2a: Flutter Mane|Dazzling Gleam|p1a: Super Bowl\n|-supereffective|p1a: Super Bowl\n|-damage|p1a: Super Bowl|52\/100\n|move|p1a: Super Bowl|Earthquake|p2a: Flutter Mane|[spread] p2a,p2b\n|-damage|p2a: Flutter Mane|0 fnt\n|-damage|p2b: Palafin|3\/100\n|faint|p2a: Flutter Mane\n|-end|p2a: Flutter Mane|Protosynthesis|[silent]\n|\n|-sideend|p1: Bxega12|move: Tailwind\n|upkeep\n|turn|7\n|\n|t:|1683078399\n|move|p2b: Palafin|Wave Crash|p1a: Super Bowl\n|-supereffective|p1a: Super Bowl\n|-damage|p1a: Super Bowl|0 fnt\n|faint|p1a: Super Bowl\n|-damage|p2b: Palafin|0 fnt|[from] Recoil\n|faint|p2b: Palafin\n|\n|win|Shnipe_Cizy\n|raw|Bxega12's rating: 1204 → 1174<\/strong> (-30 for losing)\n|raw|Shnipe_Cizy's rating: 1137 → 1167<\/strong> (+30 for winning)\n|l|\u2606Bxega12\n","uploadtime":1683078535,"views":13,"p1id":"bxega12","p2id":"shnipecizy","formatid":"gen9vgc2023regulationc","rating":1167,"private":0,"password":""}