{"id":"gen9vgc2023regulationc-1856217208","p1":"Wastingtimern","p2":"haha you rage quit","format":"[Gen 9] VGC 2023 Regulation C","log":"|j|\u2606Wastingtimern\n|j|\u2606haha you rage quit\n|t:|1683041704\n|gametype|doubles\n|player|p1|Wastingtimern|101|1000\n|player|p2|haha you rage quit|pokemaniac|1091\n|teamsize|p1|6\n|teamsize|p2|6\n|gen|9\n|tier|[Gen 9] VGC 2023 Regulation C\n|rated|\n|rule|Species Clause: Limit one of each Pok\u00e9mon\n|rule|Item Clause: Limit one of each item\n|clearpoke\n|poke|p1|Iron Hands, L50|\n|poke|p1|Amoonguss, L50, F|\n|poke|p1|Pelipper, L50, F|\n|poke|p1|Palafin, L50, F|\n|poke|p1|Baxcalibur, L50, F|\n|poke|p1|Dragonite, L50, F|\n|poke|p2|Hariyama, L50, M|\n|poke|p2|Slowpoke, L50, M|\n|poke|p2|Indeedee-F, L50, F|\n|poke|p2|Torkoal, L50, M|\n|poke|p2|Arboliva, L50, M|\n|poke|p2|Gastrodon, L50, F|\n|teampreview|4\n|inactive|Battle timer is ON: inactive players will automatically lose when time's up. (requested by haha you rage quit)\n|\n|t:|1683041729\n|start\n|switch|p1a: ShiningArmor|Dragonite, L50, F|100\/100\n|switch|p1b: Torqoise|Palafin, L50, F|100\/100\n|switch|p2a: Hariyama|Hariyama, L50, M|100\/100\n|switch|p2b: Slowpoke|Slowpoke, L50, M, shiny|100\/100\n|turn|1\n|\n|t:|1683041748\n|detailschange|p1b: Torqoise|Palafin-Hero, L50, F\n|switch|p1b: Shrom41Mor|Amoonguss, L50, F|100\/100\n|move|p1a: ShiningArmor|Protect|p1a: ShiningArmor\n|-singleturn|p1a: ShiningArmor|Protect\n|move|p2a: Hariyama|Fake Out|p1a: ShiningArmor\n|-activate|p1a: ShiningArmor|move: Protect\n|move|p2b: Slowpoke|Trick Room|p2b: Slowpoke\n|-fieldstart|move: Trick Room|[of] p2b: Slowpoke\n|\n|-status|p2a: Hariyama|brn|[from] item: Flame Orb\n|upkeep\n|turn|2\n|inactive|Wastingtimern has 30 seconds left.\n|inactive|haha you rage quit has 30 seconds left.\n|inactive|Wastingtimern has 20 seconds left.\n|\n|t:|1683041787\n|-terastallize|p2b: Slowpoke|Grass\n|-terastallize|p1a: ShiningArmor|Flying\n|move|p2b: Slowpoke|Helping Hand|p2a: Hariyama\n|-singleturn|p2a: Hariyama|Helping Hand|[of] p2b: Slowpoke\n|move|p1a: ShiningArmor|Extreme Speed|p2a: Hariyama\n|-damage|p2a: Hariyama|72\/100 brn\n|move|p1b: Shrom41Mor|Spore|p2b: Slowpoke\n|-immune|p2b: Slowpoke\n|move|p2a: Hariyama|Knock Off|p1a: ShiningArmor\n|-damage|p1a: ShiningArmor|68\/100\n|-enditem|p1a: ShiningArmor|Lum Berry|[from] move: Knock Off|[of] p2a: Hariyama\n|\n|-damage|p2a: Hariyama|66\/100 brn|[from] brn\n|upkeep\n|turn|3\n|inactive|Wastingtimern has 30 seconds left.\n|inactive|haha you rage quit has 30 seconds left.\n|\n|t:|1683041818\n|move|p2b: Slowpoke|Helping Hand|p2a: Hariyama\n|-singleturn|p2a: Hariyama|Helping Hand|[of] p2b: Slowpoke\n|move|p1b: Shrom41Mor|Pollen Puff|p1a: ShiningArmor\n|-heal|p1a: ShiningArmor|100\/100\n|move|p2a: Hariyama|Knock Off|p1a: ShiningArmor\n|-damage|p1a: ShiningArmor|77\/100\n|move|p1a: ShiningArmor|Tera Blast|p2a: Hariyama\n|-supereffective|p2a: Hariyama\n|-damage|p2a: Hariyama|0 fnt\n|faint|p2a: Hariyama\n|\n|upkeep\n|\n|t:|1683041835\n|switch|p2a: Torkoal|Torkoal, L50, M, shiny|100\/100\n|-weather|SunnyDay|[from] ability: Drought|[of] p2a: Torkoal\n|turn|4\n|\n|t:|1683041848\n|move|p2b: Slowpoke|Surf|p1b: Shrom41Mor|[spread] p2a,p1a,p1b\n|-supereffective|p2a: Torkoal\n|-resisted|p1b: Shrom41Mor\n|-damage|p2a: Torkoal|86\/100\n|-damage|p1a: ShiningArmor|72\/100\n|-damage|p1b: Shrom41Mor|99\/100\n|-enditem|p2a: Torkoal|Weakness Policy\n|-boost|p2a: Torkoal|atk|2|[from] item: Weakness Policy\n|-boost|p2a: Torkoal|spa|2|[from] item: Weakness Policy\n|move|p2a: Torkoal|Eruption|p1b: Shrom41Mor|[spread] p1a,p1b\n|-supereffective|p1b: Shrom41Mor\n|-damage|p1a: ShiningArmor|0 fnt\n|-damage|p1b: Shrom41Mor|0 fnt\n|faint|p1a: ShiningArmor\n|faint|p1b: Shrom41Mor\n|\n|-weather|SunnyDay|[upkeep]\n|upkeep\n|\n|t:|1683041861\n|switch|p1b: Torqoise|Palafin-Hero, L50, F|100\/100\n|switch|p1a: Beaker|Pelipper, L50, F|100\/100\n|-weather|RainDance|[from] ability: Drizzle|[of] p1a: Beaker\n|-activate|p1b: Torqoise|ability: Zero to Hero\n|turn|5\n|\n|t:|1683041881\n|switch|p2a: Gastrodon|Gastrodon, L50, F, shiny|100\/100\n|move|p1b: Torqoise|Jet Punch|p2a: Gastrodon\n|-ability|p2a: Gastrodon|Storm Drain|boost\n|-boost|p2a: Gastrodon|spa|1\n|move|p2b: Slowpoke|Surf|p1a: Beaker|[spread] p1a,p1b\n|-ability|p2a: Gastrodon|Storm Drain|boost\n|-boost|p2a: Gastrodon|spa|1\n|-resisted|p1a: Beaker\n|-resisted|p1b: Torqoise\n|-damage|p1a: Beaker|87\/100\n|-damage|p1b: Torqoise|91\/100\n|move|p1a: Beaker|Hurricane|p2b: Slowpoke\n|-supereffective|p2b: Slowpoke\n|-damage|p2b: Slowpoke|14\/100\n|-start|p2b: Slowpoke|confusion\n|\n|-weather|RainDance|[upkeep]\n|-fieldend|move: Trick Room\n|upkeep\n|turn|6\n|\n|t:|1683041905\n|-activate|p2b: Slowpoke|confusion\n|move|p2b: Slowpoke|Helping Hand|p2a: Gastrodon\n|-singleturn|p2a: Gastrodon|Helping Hand|[of] p2b: Slowpoke\n|move|p1b: Torqoise|Haze|p1b: Torqoise\n|-clearallboost\n|move|p1a: Beaker|Hurricane|p2a: Gastrodon\n|-damage|p2a: Gastrodon|52\/100\n|move|p2a: Gastrodon|Muddy Water|p1a: Beaker|[spread] p1a,p1b\n|-resisted|p1a: Beaker\n|-resisted|p1b: Torqoise\n|-damage|p1a: Beaker|4\/100\n|-damage|p1b: Torqoise|47\/100\n|-damage|p2a: Gastrodon|43\/100|[from] item: Life Orb\n|\n|-weather|RainDance|[upkeep]\n|upkeep\n|turn|7\n|\n|t:|1683041931\n|switch|p2a: Torkoal|Torkoal, L50, M, shiny|86\/100\n|-weather|SunnyDay|[from] ability: Drought|[of] p2a: Torkoal\n|move|p1b: Torqoise|Jet Punch|p2b: Slowpoke\n|-resisted|p2b: Slowpoke\n|-damage|p2b: Slowpoke|6\/100\n|move|p1a: Beaker|Hurricane|p2a: Torkoal|[miss]\n|-miss|p1a: Beaker|p2a: Torkoal\n|-activate|p2b: Slowpoke|confusion\n|move|p2b: Slowpoke|Trick Room|p2b: Slowpoke\n|-fieldstart|move: Trick Room|[of] p2b: Slowpoke\n|\n|-weather|SunnyDay|[upkeep]\n|upkeep\n|turn|8\n|-message|Wastingtimern forfeited.\n|\n|win|haha you rage quit\n|raw|Wastingtimern's rating: 1000 → 1000<\/strong> (+0 for losing)\n|raw|haha you rage quit's rating: 1091 → 1111<\/strong> (+20 for winning)\n|l|\u2606Wastingtimern\n|l|\u2606haha you rage quit\n|j|\u2606haha you rage quit\n|player|p2|haha you rage quit|pokemaniac\n","uploadtime":1683041979,"views":2,"p1id":"wastingtimern","p2id":"hahayouragequit","formatid":"gen9vgc2023regulationc","rating":1000,"private":0,"password":""}