{"id":"gen9vgc2023regulationc-1850362344","p1":"Ytterby","p2":"Av3z","format":"[Gen 9] VGC 2023 Regulation C","log":"|j|\u2606Ytterby\n|j|\u2606Av3z\n|t:|1682324970\n|gametype|doubles\n|player|p1|Ytterby|266|1159\n|player|p2|Av3z|steven|1146\n|teamsize|p1|6\n|teamsize|p2|6\n|gen|9\n|tier|[Gen 9] VGC 2023 Regulation C\n|rated|\n|rule|Species Clause: Limit one of each Pok\u00e9mon\n|rule|Item Clause: Limit one of each item\n|clearpoke\n|poke|p1|Flutter Mane, L50|\n|poke|p1|Arcanine, L50, F|\n|poke|p1|Torkoal, L50, F|\n|poke|p1|Great Tusk, L50|\n|poke|p1|Indeedee-F, L50, F|\n|poke|p1|Talonflame, L50, F|\n|poke|p2|Ting-Lu, L50|\n|poke|p2|Flutter Mane, L50|\n|poke|p2|Garchomp, L50, M|\n|poke|p2|Amoonguss, L50, M|\n|poke|p2|Arcanine, L50, F|\n|poke|p2|Iron Bundle, L50|\n|teampreview|4\nAv3z has agreed to open team sheets.\n|inactive|Battle timer is ON: inactive players will automatically lose when time's up. (requested by Av3z)\n|\n|t:|1682325008\n|start\n|switch|p1a: Talonflame|Talonflame, L50, F|100\/100\n|switch|p1b: Great Tusk|Great Tusk, L50|100\/100\n|switch|p2a: Baljeet|Garchomp, L50, M|100\/100\n|switch|p2b: Carl|Iron Bundle, L50|100\/100\n|-enditem|p2b: Carl|Booster Energy\n|-activate|p2b: Carl|ability: Quark Drive|[fromitem]\n|-start|p2b: Carl|quarkdrivespe\n|turn|1\n|inactive|Ytterby has 30 seconds left.\n|inactive|Av3z has 30 seconds left.\n|\n|t:|1682325035\n|-end|p1b: Great Tusk|Protosynthesis|[silent]\n|switch|p1b: Arcanine|Arcanine, L50, F|100\/100\n|-ability|p1b: Arcanine|Intimidate|boost\n|-unboost|p2a: Baljeet|atk|1\n|-unboost|p2b: Carl|atk|1\n|-terastallize|p2a: Baljeet|Fire\n|move|p1a: Talonflame|Tailwind|p1a: Talonflame\n|-sidestart|p1: Ytterby|move: Tailwind\n|move|p2b: Carl|Hydro Pump|p1b: Arcanine\n|-supereffective|p1b: Arcanine\n|-damage|p1b: Arcanine|0 fnt\n|faint|p1b: Arcanine\n|move|p2a: Baljeet|Rock Slide|p1a: Talonflame\n|-supereffective|p1a: Talonflame\n|-damage|p1a: Talonflame|0 fnt\n|faint|p1a: Talonflame\n|-damage|p2a: Baljeet|91\/100|[from] item: Life Orb\n|\n|upkeep\n|\n|t:|1682325050\n|switch|p1a: Great Tusk|Great Tusk, L50|100\/100\n|switch|p1b: Torkoal|Torkoal, L50, F|100\/100\n|-weather|SunnyDay|[from] ability: Drought|[of] p1b: Torkoal\n|-activate|p1a: Great Tusk|ability: Protosynthesis\n|-start|p1a: Great Tusk|protosynthesisatk\n|turn|2\n|inactive|Ytterby has 30 seconds left.\n|inactive|Av3z has 30 seconds left.\n|\n|t:|1682325083\n|-terastallize|p1b: Torkoal|Grass\n|move|p2a: Baljeet|Protect|p2a: Baljeet\n|-singleturn|p2a: Baljeet|Protect\n|move|p2b: Carl|Hydro Pump|p1a: Great Tusk\n|-supereffective|p1a: Great Tusk\n|-damage|p1a: Great Tusk|28\/100\n|move|p1a: Great Tusk|Earthquake|p2a: Baljeet|[spread] p1b,p2b\n|-activate|p2a: Baljeet|move: Protect\n|-resisted|p1b: Torkoal\n|-damage|p1b: Torkoal|80\/100\n|-damage|p2b: Carl|39\/100\n|move|p1b: Torkoal|Solar Beam||[still]\n|-prepare|p1b: Torkoal|Solar Beam\n|-anim|p1b: Torkoal|Solar Beam|p2b: Carl\n|-supereffective|p2b: Carl\n|-damage|p2b: Carl|0 fnt\n|faint|p2b: Carl\n|-end|p2b: Carl|Quark Drive|[silent]\n|\n|-weather|SunnyDay|[upkeep]\n|upkeep\n|\n|t:|1682325101\n|switch|p2b: Ferb|Flutter Mane, L50|100\/100\n|-activate|p2b: Ferb|ability: Protosynthesis\n|-start|p2b: Ferb|protosynthesisspe\n|turn|3\n|\n|t:|1682325111\n|move|p1a: Great Tusk|Protect|p1a: Great Tusk\n|-singleturn|p1a: Great Tusk|Protect\n|move|p2b: Ferb|Shadow Ball|p1a: Great Tusk\n|-activate|p1a: Great Tusk|move: Protect\n|move|p2a: Baljeet|Rock Slide|p1a: Great Tusk|[spread] p1b\n|-activate|p1a: Great Tusk|move: Protect\n|-damage|p1b: Torkoal|67\/100\n|-damage|p2a: Baljeet|81\/100|[from] item: Life Orb\n|move|p1b: Torkoal|Heat Wave|p2a: Baljeet|[spread] p2a,p2b\n|-resisted|p2a: Baljeet\n|-damage|p2a: Baljeet|58\/100\n|-damage|p2b: Ferb|54\/100\n|\n|-weather|SunnyDay|[upkeep]\n|upkeep\n|turn|4\n|inactive|Ytterby has 30 seconds left.\n|\n|t:|1682325137\n|move|p2b: Ferb|Shadow Ball|p1a: Great Tusk\n|-damage|p1a: Great Tusk|0 fnt\n|faint|p1a: Great Tusk\n|-end|p1a: Great Tusk|Protosynthesis|[silent]\n|move|p2a: Baljeet|Rock Slide|p1b: Torkoal\n|-damage|p1b: Torkoal|50\/100\n|-damage|p2a: Baljeet|48\/100|[from] item: Life Orb\n|cant|p1b: Torkoal|flinch\n|\n|-weather|SunnyDay|[upkeep]\n|-sideend|p1: Ytterby|move: Tailwind\n|upkeep\n|turn|5\n|\n|t:|1682325162\n|move|p2b: Ferb|Shadow Ball|p1b: Torkoal\n|-damage|p1b: Torkoal|0 fnt\n|faint|p1b: Torkoal\n|\n|win|Av3z\n|raw|Ytterby's rating: 1159 → 1133<\/strong> (-26 for losing)\n|raw|Av3z's rating: 1146 → 1172<\/strong> (+26 for winning)\n","uploadtime":1682325168,"views":22,"p1id":"ytterby","p2id":"av3z","formatid":"gen9vgc2023regulationc","rating":1133,"private":0,"password":""}