{"id":"gen9vgc2023regulationc-1860394993","p1":"AllTheBilgamesh","p2":"Dragontamerty9","format":"[Gen 9] VGC 2023 Regulation C","log":"|j|\u2606AllTheBilgamesh\n|j|\u2606Dragontamerty9\n|t:|1683640386\n|gametype|doubles\n|player|p1|AllTheBilgamesh|n|1411\n|player|p2|Dragontamerty9|lance|1372\n|teamsize|p1|6\n|teamsize|p2|6\n|gen|9\n|tier|[Gen 9] VGC 2023 Regulation C\n|rated|\n|rule|Species Clause: Limit one of each Pok\u00e9mon\n|rule|Item Clause: Limit one of each item\n|clearpoke\n|poke|p1|Hydreigon, L50, M|\n|poke|p1|Chi-Yu, L50|\n|poke|p1|Flutter Mane, L50|\n|poke|p1|Kingambit, L50, M|\n|poke|p1|Great Tusk, L50|\n|poke|p1|Torkoal, L50, F|\n|poke|p2|Armarouge, L50, F|\n|poke|p2|Indeedee-F, L50, F|\n|poke|p2|Hatterene, L50, F|\n|poke|p2|Iron Hands, L50|\n|poke|p2|Gastrodon, L50, M|\n|poke|p2|Scizor, L50, F|\n|teampreview|4\n|\n|t:|1683640414\n|start\n|switch|p1a: Chee You|Chi-Yu, L50|100\/100\n|switch|p1b: Voldemort|Flutter Mane, L50|100\/100\n|switch|p2a: Iron Hands|Iron Hands, L50|100\/100\n|switch|p2b: Hatterene|Hatterene, L50, F|100\/100\n|-ability|p1a: Chee You|Beads of Ruin\n|turn|1\n|\n|t:|1683640451\n|switch|p1a: The Koal|Torkoal, L50, F|100\/100\n|-weather|SunnyDay|[from] ability: Drought|[of] p1a: The Koal\n|-activate|p1b: Voldemort|ability: Protosynthesis\n|-start|p1b: Voldemort|protosynthesisspa\n|-terastallize|p1b: Voldemort|Fairy\n|-terastallize|p2b: Hatterene|Fire\n|move|p2a: Iron Hands|Fake Out|p1a: The Koal\n|-damage|p1a: The Koal|89\/100\n|move|p1b: Voldemort|Dazzling Gleam|p2b: Hatterene|[spread] p2a,p2b\n|-supereffective|p2a: Iron Hands\n|-resisted|p2b: Hatterene\n|-damage|p2a: Iron Hands|13\/100\n|-damage|p2b: Hatterene|61\/100\n|move|p2b: Hatterene|Trick Room|p2b: Hatterene\n|-fieldstart|move: Trick Room|[of] p2b: Hatterene\n|\n|-weather|SunnyDay|[upkeep]\n|upkeep\n|turn|2\n|\n|t:|1683640485\n|move|p1a: The Koal|Fissure|p2b: Hatterene\n|-damage|p2b: Hatterene|0 fnt\n|faint|p2b: Hatterene\n|-ohko\n|move|p2a: Iron Hands|Wild Charge|p1b: Voldemort\n|-damage|p1b: Voldemort|20\/100\n|-damage|p2a: Iron Hands|0 fnt|[from] Recoil\n|faint|p2a: Iron Hands\n|-end|p2a: Iron Hands|Quark Drive|[silent]\n|move|p1b: Voldemort|Dazzling Gleam|p2: Iron Hands|[notarget]\n|-fail|p1b: Voldemort\n|\n|-weather|SunnyDay|[upkeep]\n|upkeep\n|\n|t:|1683640494\n|switch|p2b: Indeedee|Indeedee-F, L50, F|100\/100\n|switch|p2a: Armarouge|Armarouge, L50, F|100\/100\n|-fieldstart|move: Psychic Terrain|[from] ability: Psychic Surge|[of] p2b: Indeedee\n|turn|3\n|\n|t:|1683640529\n|move|p1a: The Koal|Protect|p1a: The Koal\n|-singleturn|p1a: The Koal|Protect\n|move|p2b: Indeedee|Follow Me|p2b: Indeedee\n|-singleturn|p2b: Indeedee|move: Follow Me\n|move|p2a: Armarouge|Expanding Force|p1a: The Koal|[spread] p1b\n|-activate|p1a: The Koal|move: Protect\n|-damage|p1b: Voldemort|0 fnt\n|faint|p1b: Voldemort\n|-end|p1b: Voldemort|Protosynthesis|[silent]\n|\n|-weather|SunnyDay|[upkeep]\n|upkeep\n|\n|t:|1683640540\n|switch|p1b: Kerbecs|Hydreigon, L50, M, shiny|100\/100\n|turn|4\n|\n|t:|1683640563\n|move|p1a: The Koal|Helping Hand|p1b: Kerbecs\n|-singleturn|p1b: Kerbecs|Helping Hand|[of] p1a: The Koal\n|move|p2b: Indeedee|Follow Me|p2b: Indeedee\n|-singleturn|p2b: Indeedee|move: Follow Me\n|move|p2a: Armarouge|Armor Cannon|p1b: Kerbecs\n|-resisted|p1b: Kerbecs\n|-damage|p1b: Kerbecs|47\/100\n|-unboost|p2a: Armarouge|def|1\n|-unboost|p2a: Armarouge|spd|1\n|move|p1b: Kerbecs|Dark Pulse|p2b: Indeedee\n|-supereffective|p2b: Indeedee\n|-damage|p2b: Indeedee|0 fnt\n|faint|p2b: Indeedee\n|\n|-weather|SunnyDay|[upkeep]\n|upkeep\n|turn|5\n|c|\u2606Dragontamerty9|gg\n|\n|t:|1683640581\n|switch|p1b: Chee You|Chi-Yu, L50|100\/100\n|-ability|p1b: Chee You|Beads of Ruin\n|move|p1a: The Koal|Protect|p1a: The Koal\n|-singleturn|p1a: The Koal|Protect\n|move|p2a: Armarouge|Armor Cannon|p1b: Chee You\n|-resisted|p1b: Chee You\n|-damage|p1b: Chee You|44\/100\n|-unboost|p2a: Armarouge|def|1\n|-unboost|p2a: Armarouge|spd|1\n|\n|-weather|none\n|-fieldend|move: Trick Room\n|upkeep\n|turn|6\n|\n|t:|1683640599\n|move|p1b: Chee You|Dark Pulse|p2a: Armarouge\n|-supereffective|p2a: Armarouge\n|-damage|p2a: Armarouge|0 fnt\n|faint|p2a: Armarouge\n|-damage|p1b: Chee You|34\/100|[from] item: Life Orb\n|\n|win|AllTheBilgamesh\n|raw|AllTheBilgamesh's rating: 1411 → 1429<\/strong> (+18 for winning)\n|raw|Dragontamerty9's rating: 1372 → 1354<\/strong> (-18 for losing)\n|c|\u2606AllTheBilgamesh|Gg\n","uploadtime":1683640618,"views":7,"p1id":"allthebilgamesh","p2id":"dragontamerty9","formatid":"gen9vgc2023regulationc","rating":1354,"private":0,"password":""}