{"id":"gen9vgc2023regulationc-1861959220","p1":"Kiky14","p2":"Bocz","format":"[Gen 9] VGC 2023 Regulation C","log":"|j|\u2606Kiky14\n|j|\u2606Bocz\n|t:|1683824190\n|gametype|doubles\n|player|p1|Kiky14|hilbert-wonderlauncher|1115\n|player|p2|Bocz|swimmerf|1044\n|teamsize|p1|6\n|teamsize|p2|6\n|gen|9\n|tier|[Gen 9] VGC 2023 Regulation C\n|rated|\n|rule|Species Clause: Limit one of each Pok\u00e9mon\n|rule|Item Clause: Limit one of each item\n|clearpoke\n|poke|p1|Ceruledge, L50, M|\n|poke|p1|Garganacl, L50, M|\n|poke|p1|Zoroark, L50, F|\n|poke|p1|Flutter Mane, L50|\n|poke|p1|Palafin, L50, F|\n|poke|p1|Amoonguss, L50, F|\n|poke|p2|Garganacl, L50, M|\n|poke|p2|Flutter Mane, L50|\n|poke|p2|Amoonguss, L50, M|\n|poke|p2|Ting-Lu, L50|\n|poke|p2|Arcanine, L50, M|\n|poke|p2|Chien-Pao, L50|\n|teampreview|4\n|\n|t:|1683824231\n|start\n|switch|p1a: Aespa|Ceruledge, L50, M|100\/100\n|switch|p1b: Ive|Amoonguss, L50, F|100\/100\n|switch|p2a: Chien-Pao|Chien-Pao, L50|100\/100\n|switch|p2b: Arcanine|Arcanine, L50, M|100\/100\n|-ability|p2a: Chien-Pao|Sword of Ruin\n|-ability|p2b: Arcanine|Intimidate|boost\n|-unboost|p1a: Aespa|atk|1\n|-unboost|p1b: Ive|atk|1\n|turn|1\n|\n|t:|1683824250\n|move|p2a: Chien-Pao|Ice Spinner|p1b: Ive\n|-damage|p1b: Ive|12\/100\n|replace|p1b: Blackpink|Zoroark, L50, F, shiny\n|-end|p1b: Blackpink|Illusion\n|-enditem|p1b: Blackpink|Salac Berry|[eat]\n|-boost|p1b: Blackpink|spe|1|[from] item: Salac Berry\n|move|p1b: Blackpink|Fling||[still]\n|-fail|p1b: Blackpink\n|move|p2b: Arcanine|Flare Blitz|p1b: Blackpink\n|-damage|p1b: Blackpink|0 fnt\n|faint|p1b: Blackpink\n|-damage|p2b: Arcanine|97\/100|[from] Recoil\n|move|p1a: Aespa|Bitter Blade|p2a: Chien-Pao\n|-supereffective|p2a: Chien-Pao\n|-damage|p2a: Chien-Pao|19\/100\n|\n|upkeep\n|\n|t:|1683824265\n|switch|p1b: Ive|Amoonguss, L50, F|100\/100\n|turn|2\n|\n|t:|1683824278\n|move|p1b: Ive|Protect|p1b: Ive\n|-singleturn|p1b: Ive|Protect\n|move|p2a: Chien-Pao|Ice Spinner|p1b: Ive\n|-activate|p1b: Ive|move: Protect\n|move|p2b: Arcanine|Flare Blitz|p1b: Ive\n|-activate|p1b: Ive|move: Protect\n|move|p1a: Aespa|Bitter Blade|p2a: Chien-Pao\n|-supereffective|p2a: Chien-Pao\n|-damage|p2a: Chien-Pao|0 fnt\n|faint|p2a: Chien-Pao\n|\n|upkeep\n|\n|t:|1683824307\n|switch|p2a: Flutter Mane|Flutter Mane, L50|100\/100\n|-enditem|p2a: Flutter Mane|Booster Energy\n|-activate|p2a: Flutter Mane|ability: Protosynthesis|[fromitem]\n|-start|p2a: Flutter Mane|protosynthesisspe\n|turn|3\n|inactive|Battle timer is ON: inactive players will automatically lose when time's up. (requested by Kiky14)\n|\n|t:|1683824324\n|switch|p1b: Mamamoo|Garganacl, L50, M|100\/100\n|-terastallize|p2a: Flutter Mane|Ghost\n|move|p1a: Aespa|Protect|p1a: Aespa\n|-singleturn|p1a: Aespa|Protect\n|move|p2a: Flutter Mane|Shadow Ball|p1a: Aespa\n|-activate|p1a: Aespa|move: Protect\n|move|p2b: Arcanine|Flare Blitz|p1b: Mamamoo\n|-resisted|p1b: Mamamoo\n|-damage|p1b: Mamamoo|87\/100\n|-damage|p2b: Arcanine|93\/100|[from] Recoil\n|\n|upkeep\n|turn|4\n|\n|t:|1683824347\n|switch|p1a: Ive|Amoonguss, L50, F|100\/100\n|move|p2a: Flutter Mane|Shadow Ball|p1a: Ive\n|-damage|p1a: Ive|60\/100\n|move|p2b: Arcanine|Will-O-Wisp|p1b: Mamamoo\n|-immune|p1b: Mamamoo|[from] ability: Purifying Salt\n|move|p1b: Mamamoo|Salt Cure|p2a: Flutter Mane\n|-damage|p2a: Flutter Mane|71\/100\n|-start|p2a: Flutter Mane|Salt Cure\n|\n|-heal|p1a: Ive|67\/100|[from] item: Black Sludge\n|-damage|p2a: Flutter Mane|59\/100|[from] Salt Cure\n|upkeep\n|turn|5\n|inactive|Kiky14 has 30 seconds left.\n|inactive|Bocz has 30 seconds left.\n|inactive|Kiky14 has 20 seconds left.\n|inactive|Bocz has 20 seconds left.\n|\n|t:|1683824385\n|switch|p2b: Ting-Lu|Ting-Lu, L50|100\/100\n|-ability|p2b: Ting-Lu|Vessel of Ruin\n|move|p1a: Ive|Protect|p1a: Ive\n|-singleturn|p1a: Ive|Protect\n|move|p2a: Flutter Mane|Dazzling Gleam|p1b: Mamamoo|[spread] p1b\n|-activate|p1a: Ive|move: Protect\n|-crit|p1b: Mamamoo\n|-damage|p1b: Mamamoo|60\/100\n|move|p1b: Mamamoo|Salt Cure|p2b: Ting-Lu\n|-resisted|p2b: Ting-Lu\n|-damage|p2b: Ting-Lu|96\/100\n|-start|p2b: Ting-Lu|Salt Cure\n|\n|-heal|p1a: Ive|73\/100|[from] item: Black Sludge\n|-damage|p2a: Flutter Mane|46\/100|[from] Salt Cure\n|-damage|p2b: Ting-Lu|84\/100|[from] Salt Cure\n|upkeep\n|turn|6\n|inactive|Kiky14 has 30 seconds left.\n|inactive|Bocz has 30 seconds left.\n|inactive|Kiky14 has 20 seconds left.\n|\n|t:|1683824423\n|move|p2a: Flutter Mane|Shadow Ball|p1b: Mamamoo\n|-damage|p1b: Mamamoo|46\/100\n|move|p2b: Ting-Lu|Heavy Slam|p1b: Mamamoo\n|-supereffective|p1b: Mamamoo\n|-damage|p1b: Mamamoo|25\/100\n|move|p1b: Mamamoo|Body Press|p2b: Ting-Lu\n|-supereffective|p2b: Ting-Lu\n|-damage|p2b: Ting-Lu|52\/100\n|move|p1a: Ive|Spore|p2b: Ting-Lu\n|-status|p2b: Ting-Lu|slp|[from] move: Spore\n|\n|-heal|p1a: Ive|79\/100|[from] item: Black Sludge\n|-damage|p2a: Flutter Mane|34\/100|[from] Salt Cure\n|-damage|p2b: Ting-Lu|40\/100 slp|[from] Salt Cure\n|upkeep\n|turn|7\n|-message|Bocz forfeited.\n|\n|win|Kiky14\n|raw|Kiky14's rating: 1115 → 1135<\/strong> (+20 for winning)\n|raw|Bocz's rating: 1044 → 1031<\/strong> (-13 for losing)\n|l|\u2606Bocz\n","uploadtime":1683824489,"views":8,"p1id":"kiky14","p2id":"bocz","formatid":"gen9vgc2023regulationc","rating":1031,"private":0,"password":""}