{"id":"gen9vgc2023regulationc-1857385012","p1":"fairynanbawan","p2":"Breloom3912","format":"[Gen 9] VGC 2023 Regulation C","log":"|j|\u2606fairynanbawan\n|j|\u2606Breloom3912\n|t:|1683184345\n|gametype|doubles\n|player|p1|fairynanbawan|skierf|1292\n|player|p2|Breloom3912|wallace|1219\n|teamsize|p1|6\n|teamsize|p2|6\n|gen|9\n|tier|[Gen 9] VGC 2023 Regulation C\n|rated|\n|rule|Species Clause: Limit one of each Pok\u00e9mon\n|rule|Item Clause: Limit one of each item\n|clearpoke\n|poke|p1|Tinkaton, L50, F|\n|poke|p1|Grimmsnarl, L50, M|\n|poke|p1|Azumarill, L50, F|\n|poke|p1|Flutter Mane, L50|\n|poke|p1|Iron Valiant, L50|\n|poke|p1|Mimikyu, L50, M|\n|poke|p2|Ting-Lu, L50|\n|poke|p2|Vivillon-Fancy, L50, M|\n|poke|p2|Iron Bundle, L50|\n|poke|p2|Abomasnow, L50, F|\n|poke|p2|Annihilape, L50, F|\n|poke|p2|Chien-Pao, L50|\n|teampreview|4\n|inactive|Battle timer is ON: inactive players will automatically lose when time's up. (requested by Breloom3912)\n|inactive|fairynanbawan has 60 seconds left.\n|inactive|fairynanbawan has 30 seconds left.\n|inactive|fairynanbawan has 20 seconds left.\n|\n|t:|1683184417\n|start\n|switch|p1a: Celestia|Iron Valiant, L50|100\/100\n|switch|p1b: Luna|Flutter Mane, L50|100\/100\n|switch|p2a: Vivillon|Vivillon-Fancy, L50, M|100\/100\n|switch|p2b: Ting-Lu|Ting-Lu, L50|100\/100\n|-ability|p2b: Ting-Lu|Vessel of Ruin\n|-enditem|p1a: Celestia|Booster Energy\n|-activate|p1a: Celestia|ability: Quark Drive|[fromitem]\n|-start|p1a: Celestia|quarkdrivespe\n|turn|1\n|\n|t:|1683184435\n|-terastallize|p2b: Ting-Lu|Ground\n|move|p1a: Celestia|Wide Guard|p1a: Celestia\n|-singleturn|p1a: Celestia|Wide Guard\n|move|p1b: Luna|Moonblast|p2a: Vivillon\n|-enditem|p2a: Vivillon|Focus Sash\n|-damage|p2a: Vivillon|1\/100\n|move|p2a: Vivillon|Pollen Puff|p2b: Ting-Lu\n|-immune|p2b: Ting-Lu\n|move|p2b: Ting-Lu|Earthquake|p1a: Celestia|[spread] \n|-activate|p1a: Celestia|move: Wide Guard\n|-activate|p1b: Luna|move: Wide Guard\n|-immune|p2a: Vivillon\n|\n|upkeep\n|turn|2\n|\n|t:|1683184453\n|move|p1a: Celestia|Wide Guard|p1a: Celestia\n|-singleturn|p1a: Celestia|Wide Guard\n|move|p2a: Vivillon|Rage Powder|p2a: Vivillon\n|-singleturn|p2a: Vivillon|move: Rage Powder\n|move|p1b: Luna|Moonblast|p2a: Vivillon\n|-damage|p2a: Vivillon|0 fnt\n|faint|p2a: Vivillon\n|move|p2b: Ting-Lu|Earthquake|p1b: Luna|[spread] \n|-activate|p1a: Celestia|move: Wide Guard\n|-activate|p1b: Luna|move: Wide Guard\n|\n|upkeep\n|\n|t:|1683184456\n|switch|p2a: Abomasnow|Abomasnow, L50, F|100\/100\n|-weather|Snow|[from] ability: Snow Warning|[of] p2a: Abomasnow\n|turn|3\n|\n|t:|1683184469\n|switch|p2b: Annihilape|Annihilape, L50, F|100\/100\n|move|p1a: Celestia|Wide Guard|p1a: Celestia\n|-singleturn|p1a: Celestia|Wide Guard\n|move|p1b: Luna|Moonblast|p2b: Annihilape\n|-supereffective|p2b: Annihilape\n|-crit|p2b: Annihilape\n|-enditem|p2b: Annihilape|Roseli Berry|[eat]\n|-enditem|p2b: Annihilape|Roseli Berry|[weaken]\n|-damage|p2b: Annihilape|0 fnt\n|faint|p2b: Annihilape\n|move|p2a: Abomasnow|Energy Ball|p1b: Luna\n|-damage|p1b: Luna|50\/100\n|-damage|p2a: Abomasnow|91\/100|[from] item: Life Orb\n|\n|-weather|Snow|[upkeep]\n|upkeep\n|\n|t:|1683184482\n|switch|p2b: Ting-Lu|Ting-Lu, L50, tera:Ground|100\/100\n|-ability|p2b: Ting-Lu|Vessel of Ruin\n|turn|4\n|\n|t:|1683184495\n|move|p1a: Celestia|Close Combat|p2a: Abomasnow\n|-supereffective|p2a: Abomasnow\n|-crit|p2a: Abomasnow\n|-damage|p2a: Abomasnow|0 fnt\n|-unboost|p1a: Celestia|def|1\n|-unboost|p1a: Celestia|spd|1\n|faint|p2a: Abomasnow\n|move|p1b: Luna|Moonblast|p2b: Ting-Lu\n|-damage|p2b: Ting-Lu|53\/100\n|move|p2b: Ting-Lu|Throat Chop|p1b: Luna\n|-damage|p1b: Luna|0 fnt\n|faint|p1b: Luna\n|-end|p1b: Luna|Protosynthesis|[silent]\n|\n|-weather|Snow|[upkeep]\n|upkeep\n|\n|t:|1683184507\n|switch|p1b: Twilight|Tinkaton, L50, F|100\/100\n|turn|5\n|\n|t:|1683184512\n|move|p1a: Celestia|Close Combat|p2b: Ting-Lu\n|-damage|p2b: Ting-Lu|18\/100\n|-unboost|p1a: Celestia|def|1\n|-unboost|p1a: Celestia|spd|1\n|move|p1b: Twilight|Gigaton Hammer|p2b: Ting-Lu\n|-damage|p2b: Ting-Lu|0 fnt\n|faint|p2b: Ting-Lu\n|\n|win|fairynanbawan\n|raw|fairynanbawan's rating: 1292 → 1312<\/strong> (+20 for winning)\n|raw|Breloom3912's rating: 1219 → 1199<\/strong> (-20 for losing)\n|l|\u2606Breloom3912\n","uploadtime":1683184522,"views":14,"p1id":"fairynanbawan","p2id":"breloom3912","formatid":"gen9vgc2023regulationc","rating":1199,"private":0,"password":""}