{"id":"gen9vgc2023regulationc-1849713288","p1":"SeviperGliscor","p2":"Flo51","format":"[Gen 9] VGC 2023 Regulation C","log":"|j|\u2606SeviperGliscor\n|j|\u2606Flo51\n|t:|1682237701\n|gametype|doubles\n|player|p1|SeviperGliscor|ethan|1091\n|player|p2|Flo51|266|1160\n|teamsize|p1|4\n|teamsize|p2|6\n|gen|9\n|tier|[Gen 9] VGC 2023 Regulation C\n|rated|\n|rule|Species Clause: Limit one of each Pok\u00e9mon\n|rule|Item Clause: Limit one of each item\n|clearpoke\n|poke|p1|Maushold, L50|\n|poke|p1|Chi-Yu, L50|\n|poke|p1|Amoonguss, L50, M|\n|poke|p1|Flutter Mane, L50|\n|poke|p2|Palafin, L50, M|\n|poke|p2|Glimmora, L50, M|\n|poke|p2|Wo-Chien, L50|\n|poke|p2|Corviknight, L50, M|\n|poke|p2|Arcanine, L50, M|\n|poke|p2|Hydreigon, L50, M|\n|teampreview|4\n|inactive|Battle timer is ON: inactive players will automatically lose when time's up. (requested by SeviperGliscor)\nSeviperGliscor rejected open team sheets.\n|\n|t:|1682237736\n|start\n|switch|p1a: Maushold|Maushold, L50|100\/100\n|switch|p1b: Chi-Yu|Chi-Yu, L50|100\/100\n|switch|p2a: Hydreigon|Hydreigon, L50, M|100\/100\n|switch|p2b: Glimmora|Glimmora, L50, M|100\/100\n|-ability|p1b: Chi-Yu|Beads of Ruin\n|turn|1\n|inactive|Flo51 has 30 seconds left.\n|\n|t:|1682237761\n|move|p1b: Chi-Yu|Nasty Plot|p1b: Chi-Yu\n|-boost|p1b: Chi-Yu|spa|2\n|move|p2b: Glimmora|Power Gem|p1b: Chi-Yu\n|-supereffective|p1b: Chi-Yu\n|-damage|p1b: Chi-Yu|34\/100\n|move|p1a: Maushold|Taunt|p2b: Glimmora\n|-start|p2b: Glimmora|move: Taunt\n|move|p2a: Hydreigon|Tailwind|p2a: Hydreigon\n|-sidestart|p2: Flo51|move: Tailwind\n|\n|upkeep\n|turn|2\n|\n|t:|1682237781\n|switch|p2b: Palafin|Palafin, L50, M|100\/100\n|move|p1a: Maushold|Follow Me|p1a: Maushold\n|-singleturn|p1a: Maushold|move: Follow Me\n|move|p2a: Hydreigon|Heat Wave|p1b: Chi-Yu|[spread] p1a,p1b\n|-resisted|p1b: Chi-Yu\n|-damage|p1a: Maushold|40\/100\n|-damage|p1b: Chi-Yu|19\/100\n|-damage|p2a: Hydreigon|91\/100|[from] item: Life Orb\n|move|p1b: Chi-Yu|Lava Plume|p2a: Hydreigon|[spread] p2a,p2b\n|-miss|p1b: Chi-Yu|p1a: Maushold\n|-resisted|p2a: Hydreigon\n|-resisted|p2b: Palafin\n|-crit|p2b: Palafin\n|-damage|p2a: Hydreigon|52\/100\n|-damage|p2b: Palafin|14\/100\n|-status|p2b: Palafin|brn\n|\n|-damage|p2b: Palafin|8\/100 brn|[from] brn\n|upkeep\n|turn|3\n|inactive|Flo51 has 30 seconds left.\n|c|\u2606Flo51|87% whereas it's not effective\n|c|\u2606Flo51|Okay lol\n|inactive|Flo51 has 20 seconds left.\n|inactive|Flo51 has 15 seconds left.\n|inactive|Flo51 has 10 seconds left.\n|\n|t:|1682237827\n|move|p1b: Chi-Yu|Protect|p1b: Chi-Yu\n|-singleturn|p1b: Chi-Yu|Protect\n|move|p1a: Maushold|Protect|p1a: Maushold\n|-singleturn|p1a: Maushold|Protect\n|move|p2b: Palafin|Jet Punch|p1b: Chi-Yu\n|-activate|p1b: Chi-Yu|move: Protect\n|move|p2a: Hydreigon|Heat Wave|p1b: Chi-Yu|[spread] \n|-activate|p1a: Maushold|move: Protect\n|-activate|p1b: Chi-Yu|move: Protect\n|\n|-damage|p2b: Palafin|2\/100 brn|[from] brn\n|upkeep\n|turn|4\n|\n|t:|1682237845\n|move|p1a: Maushold|Follow Me|p1a: Maushold\n|-singleturn|p1a: Maushold|move: Follow Me\n|move|p2b: Palafin|Jet Punch|p1a: Maushold\n|-damage|p1a: Maushold|26\/100\n|move|p2a: Hydreigon|Heat Wave|p1a: Maushold|[spread] p1b\n|-miss|p2a: Hydreigon|p1a: Maushold\n|-resisted|p1b: Chi-Yu\n|-damage|p1b: Chi-Yu|4\/100\n|-damage|p2a: Hydreigon|42\/100|[from] item: Life Orb\n|move|p1b: Chi-Yu|Dark Pulse|p2a: Hydreigon\n|-resisted|p2a: Hydreigon\n|-damage|p2a: Hydreigon|0 fnt\n|faint|p2a: Hydreigon\n|\n|-damage|p2b: Palafin|0 fnt|[from] brn\n|faint|p2b: Palafin\n|-sideend|p2: Flo51|move: Tailwind\n|upkeep\n|c|\u2606Flo51|LOL\n|\n|t:|1682237861\n|switch|p2b: Glimmora|Glimmora, L50, M|100\/100\n|switch|p2a: Corviknight|Corviknight, L50, M|100\/100\n|turn|5\n|inactive|Flo51 has 30 seconds left.\n|\n|t:|1682237886\n|-terastallize|p2a: Corviknight|Dragon\n|move|p1a: Maushold|Follow Me|p1a: Maushold\n|-singleturn|p1a: Maushold|move: Follow Me\n|move|p1b: Chi-Yu|Lava Plume|p2a: Corviknight|[spread] p1a,p2a,p2b\n|-crit|p1a: Maushold\n|-resisted|p2a: Corviknight\n|-resisted|p2b: Glimmora\n|-damage|p1a: Maushold|0 fnt\n|-damage|p2a: Corviknight|65\/100\n|-damage|p2b: Glimmora|52\/100\n|faint|p1a: Maushold\n|move|p2b: Glimmora|Sludge Wave|p1b: Chi-Yu|[spread] p2a,p1b\n|-damage|p2a: Corviknight|32\/100\n|-damage|p1b: Chi-Yu|0 fnt\n|faint|p1b: Chi-Yu\n|move|p2a: Corviknight|Drill Peck|p1: Maushold|[notarget]\n|-fail|p2a: Corviknight\n|\n|upkeep\n|\n|t:|1682237899\n|switch|p1b: Flutter Mane|Flutter Mane, L50|100\/100\n|switch|p1a: Amoonguss|Amoonguss, L50, M|100\/100\n|-enditem|p1b: Flutter Mane|Booster Energy\n|-activate|p1b: Flutter Mane|ability: Protosynthesis|[fromitem]\n|-start|p1b: Flutter Mane|protosynthesisspe\n|turn|6\n|\n|t:|1682237914\n|-terastallize|p1b: Flutter Mane|Fairy\n|move|p1a: Amoonguss|Protect|p1a: Amoonguss\n|-singleturn|p1a: Amoonguss|Protect\n|move|p1b: Flutter Mane|Dazzling Gleam|p2b: Glimmora|[spread] p2a,p2b\n|-supereffective|p2a: Corviknight\n|-resisted|p2b: Glimmora\n|-damage|p2a: Corviknight|0 fnt\n|-damage|p2b: Glimmora|28\/100\n|faint|p2a: Corviknight\n|move|p2b: Glimmora|Sludge Wave|p1a: Amoonguss|[spread] p1b\n|-activate|p1a: Amoonguss|move: Protect\n|-supereffective|p1b: Flutter Mane\n|-damage|p1b: Flutter Mane|34\/100\n|\n|upkeep\n|turn|7\n|inactive|SeviperGliscor has 30 seconds left.\n|\n|t:|1682237943\n|move|p1b: Flutter Mane|Shadow Ball|p2b: Glimmora\n|-damage|p2b: Glimmora|0 fnt\n|faint|p2b: Glimmora\n|\n|win|SeviperGliscor\n|raw|SeviperGliscor's rating: 1091 → 1123<\/strong> (+32 for winning)\n|raw|Flo51's rating: 1160 → 1130<\/strong> (-30 for losing)\n","uploadtime":1682237948,"views":13,"p1id":"sevipergliscor","p2id":"flo51","formatid":"gen9vgc2023regulationc","rating":1123,"private":0,"password":""}