{"id":"gen9vgc2023regulationc-1861666843","p1":"grumpyolddude","p2":"atiq144","format":"[Gen 9] VGC 2023 Regulation C","log":"|j|\u2606grumpyolddude\n|j|\u2606atiq144\n|t:|1683791018\n|gametype|doubles\n|player|p1|grumpyolddude|fisherman|1067\n|player|p2|atiq144|169|1097\n|teamsize|p1|6\n|teamsize|p2|6\n|gen|9\n|tier|[Gen 9] VGC 2023 Regulation C\n|rated|\n|rule|Species Clause: Limit one of each Pok\u00e9mon\n|rule|Item Clause: Limit one of each item\n|clearpoke\n|poke|p1|Ting-Lu, L50|\n|poke|p1|Ceruledge, L50, M|\n|poke|p1|Grimmsnarl, L50, M|\n|poke|p1|Iron Hands, L50|\n|poke|p1|Amoonguss, L50, M|\n|poke|p1|Iron Bundle, L50|\n|poke|p2|Dondozo, L50, M|\n|poke|p2|Tatsugiri, L50, F|\n|poke|p2|Chi-Yu, L50|\n|poke|p2|Iron Bundle, L50|\n|poke|p2|Flutter Mane, L50|\n|poke|p2|Glimmora, L50, M|\n|teampreview|4\n|inactive|Battle timer is ON: inactive players will automatically lose when time's up. (requested by grumpyolddude)\n|inactive|atiq144 has 60 seconds left.\n|inactive|atiq144 has 30 seconds left.\n|inactive|atiq144 has 20 seconds left.\n|inactive|atiq144 has 15 seconds left.\n|inactive|atiq144 has 10 seconds left.\n|inactive|atiq144 has 5 seconds left.\n|\n|t:|1683791164\n|start\n|switch|p1a: Amoonguss|Amoonguss, L50, M|100\/100\n|switch|p1b: Iron Hands|Iron Hands, L50|100\/100\n|switch|p2a: Dondozo|Dondozo, L50, M|100\/100\n|switch|p2b: Tatsugiri|Tatsugiri, L50, F|100\/100\n|-activate|p2b: Tatsugiri|ability: Commander|[of] p2a: Dondozo\n|-boost|p2a: Dondozo|atk|2\n|-boost|p2a: Dondozo|spa|2\n|-boost|p2a: Dondozo|spe|2\n|-boost|p2a: Dondozo|def|2\n|-boost|p2a: Dondozo|spd|2\n|turn|1\n|\n|t:|1683791182\n|-terastallize|p2a: Dondozo|Grass\n|move|p1b: Iron Hands|Protect|p1b: Iron Hands\n|-singleturn|p1b: Iron Hands|Protect\n|move|p2a: Dondozo|Earthquake|p1a: Amoonguss|[spread] p1a\n|-miss|p2a: Dondozo|p2b: Tatsugiri\n|-activate|p1b: Iron Hands|move: Protect\n|-damage|p1a: Amoonguss|66\/100\n|move|p1a: Amoonguss|Clear Smog|p2a: Dondozo\n|-supereffective|p2a: Dondozo\n|-damage|p2a: Dondozo|86\/100\n|-clearboost|p2a: Dondozo\n|\n|-heal|p2a: Dondozo|93\/100|[from] item: Leftovers\n|upkeep\n|turn|2\n|l|\u2606atiq144\n|inactive|atiq144 disconnected and has a minute to reconnect!\n|player|p2|\n|inactive|atiq144 has 30 seconds left.\n|j|\u2606atiq144\n|inactive|atiq144 reconnected and has 25 seconds left.\n|player|p2|atiq144|169\n|inactive|atiq144 has 20 seconds left.\n|inactive|atiq144 has 15 seconds left.\n|inactive|atiq144 has 10 seconds left.\n|inactive|atiq144 has 5 seconds left.\n|\n|t:|1683791236\n|move|p2a: Dondozo|Earthquake|p1a: Amoonguss|[spread] p1a,p1b\n|-miss|p2a: Dondozo|p2b: Tatsugiri\n|-supereffective|p1b: Iron Hands\n|-damage|p1a: Amoonguss|50\/100\n|-damage|p1b: Iron Hands|74\/100\n|move|p1b: Iron Hands|Belly Drum|p1b: Iron Hands\n|-damage|p1b: Iron Hands|24\/100\n|-setboost|p1b: Iron Hands|atk|6|[from] move: Belly Drum\n|-enditem|p1b: Iron Hands|Sitrus Berry|[eat]\n|-heal|p1b: Iron Hands|49\/100|[from] item: Sitrus Berry\n|move|p1a: Amoonguss|Pollen Puff|p1b: Iron Hands\n|-heal|p1b: Iron Hands|99\/100\n|\n|-heal|p2a: Dondozo|99\/100|[from] item: Leftovers\n|upkeep\n|turn|3\n|inactive|grumpyolddude has 30 seconds left.\n|inactive|atiq144 has 30 seconds left.\n|\n|t:|1683791269\n|move|p2a: Dondozo|Earthquake|p1a: Amoonguss|[spread] p1a,p1b\n|-miss|p2a: Dondozo|p2b: Tatsugiri\n|-supereffective|p1b: Iron Hands\n|-damage|p1a: Amoonguss|34\/100\n|-damage|p1b: Iron Hands|72\/100\n|move|p1b: Iron Hands|Drain Punch|p2a: Dondozo\n|-damage|p2a: Dondozo|0 fnt\n|-heal|p1b: Iron Hands|100\/100|[from] drain|[of] p2a: Dondozo\n|faint|p2a: Dondozo\n|move|p1a: Amoonguss|Pollen Puff|p2b: Tatsugiri\n|-damage|p2b: Tatsugiri|79\/100\n|\n|upkeep\n|\n|t:|1683791288\n|switch|p2a: Chi-Yu|Chi-Yu, L50|100\/100\n|-ability|p2a: Chi-Yu|Beads of Ruin\n|turn|4\n|\n|t:|1683791307\n|switch|p1a: Ceruledge|Ceruledge, L50, M|100\/100\n|-terastallize|p1b: Iron Hands|Fire\n|move|p2b: Tatsugiri|Muddy Water|p1b: Iron Hands|[spread] p1a\n|-miss|p2b: Tatsugiri|p1b: Iron Hands\n|-supereffective|p1a: Ceruledge\n|-damage|p1a: Ceruledge|11\/100\n|move|p2a: Chi-Yu|Overheat|p1b: Iron Hands|[miss]\n|-miss|p2a: Chi-Yu|p1b: Iron Hands\n|move|p1b: Iron Hands|Drain Punch|p2a: Chi-Yu\n|-supereffective|p2a: Chi-Yu\n|-enditem|p2a: Chi-Yu|Focus Sash\n|-damage|p2a: Chi-Yu|1\/100\n|\n|upkeep\n|turn|5\n|\n|t:|1683791332\n|move|p2a: Chi-Yu|Protect|p2a: Chi-Yu\n|-singleturn|p2a: Chi-Yu|Protect\n|move|p1a: Ceruledge|Shadow Sneak|p2a: Chi-Yu\n|-activate|p2a: Chi-Yu|move: Protect\n|move|p2b: Tatsugiri|Muddy Water|p1b: Iron Hands|[spread] p1a\n|-miss|p2b: Tatsugiri|p1b: Iron Hands\n|-supereffective|p1a: Ceruledge\n|-damage|p1a: Ceruledge|0 fnt\n|faint|p1a: Ceruledge\n|move|p1b: Iron Hands|Drain Punch|p2b: Tatsugiri\n|-damage|p2b: Tatsugiri|0 fnt\n|faint|p2b: Tatsugiri\n|\n|upkeep\n|-message|atiq144 forfeited.\n|\n|win|grumpyolddude\n|raw|grumpyolddude's rating: 1067 → 1100<\/strong> (+33 for winning)\n|raw|atiq144's rating: 1097 → 1070<\/strong> (-27 for losing)\n|l|\u2606atiq144\n","uploadtime":1683791346,"views":11,"p1id":"grumpyolddude","p2id":"atiq144","formatid":"gen9vgc2023regulationc","rating":1070,"private":0,"password":""}