{"id":"gen9vgc2023regulationc-1855705983","p1":"Matt4676436","p2":"blockybot2001","format":"[Gen 9] VGC 2023 Regulation C","log":"|j|\u2606Matt4676436\n|j|\u2606blockybot2001\n|t:|1682975116\n|gametype|doubles\n|player|p1|Matt4676436|169|1000\n|player|p2|blockybot2001|skier|1027\n|teamsize|p1|6\n|teamsize|p2|6\n|gen|9\n|tier|[Gen 9] VGC 2023 Regulation C\n|rated|\n|rule|Species Clause: Limit one of each Pok\u00e9mon\n|rule|Item Clause: Limit one of each item\n|clearpoke\n|poke|p1|Annihilape, L50, F|\n|poke|p1|Tatsugiri, L50, M|\n|poke|p1|Dondozo, L50, M|\n|poke|p1|Flamigo, L50, F|\n|poke|p1|Klefki, L50, F|\n|poke|p1|Chien-Pao, L50|\n|poke|p2|Annihilape, L50, M|\n|poke|p2|Arcanine, L50, M|\n|poke|p2|Palafin, L50, M|\n|poke|p2|Amoonguss, L50, M|\n|poke|p2|Maushold, L50|\n|poke|p2|Iron Moth, L50|\n|teampreview|4\nblockybot2001 rejected open team sheets.\n|c|\u2606blockybot2001|glhf\n|inactive|Battle timer is ON: inactive players will automatically lose when time's up. (requested by Matt4676436)\n|\n|t:|1682975149\n|start\n|switch|p1a: Annihilape|Annihilape, L50, F|100\/100\n|switch|p1b: Tatsugiri|Tatsugiri, L50, M|100\/100\n|switch|p2a: Amoonguss|Amoonguss, L50, M|100\/100\n|switch|p2b: Palafin|Palafin, L50, M|100\/100\n|turn|1\n|\n|t:|1682975167\n|move|p1b: Tatsugiri|Endure|p1b: Tatsugiri\n|-singleturn|p1b: Tatsugiri|move: Endure\n|move|p1a: Annihilape|Final Gambit|p2a: Amoonguss\n|-damage|p2a: Amoonguss|2\/100\n|faint|p1a: Annihilape\n|move|p2b: Palafin|Flip Turn|p1b: Tatsugiri\n|-resisted|p1b: Tatsugiri\n|-damage|p1b: Tatsugiri|91\/100\n|\n|t:|1682975185\n|detailschange|p2b: Palafin|Palafin-Hero, L50, M\n|switch|p2b: Iron Moth|Iron Moth, L50|100\/100|[from] Flip Turn\n|-enditem|p2b: Iron Moth|Booster Energy\n|-activate|p2b: Iron Moth|ability: Quark Drive|[fromitem]\n|-start|p2b: Iron Moth|quarkdrivespa\n|move|p2a: Amoonguss|Spore|p1b: Tatsugiri\n|-status|p1b: Tatsugiri|slp|[from] move: Spore\n|\n|-heal|p2a: Amoonguss|8\/100|[from] item: Leftovers\n|upkeep\n|\n|t:|1682975198\n|switch|p1a: Flamigo|Flamigo, L50, F|100\/100\n|-copyboost|p1a: Flamigo|p1b: Tatsugiri|[from] ability: Costar\n|turn|2\n|inactive|Matt4676436 has 30 seconds left.\n|inactive|blockybot2001 has 30 seconds left.\n|\n|t:|1682975224\n|switch|p2a: Palafin|Palafin-Hero, L50, M|100\/100\n|-activate|p2a: Palafin|ability: Zero to Hero\n|move|p2b: Iron Moth|Dazzling Gleam|p1b: Tatsugiri|[spread] p1a,p1b\n|-supereffective|p1a: Flamigo\n|-supereffective|p1b: Tatsugiri\n|-enditem|p1a: Flamigo|Focus Sash\n|-damage|p1a: Flamigo|1\/100\n|-damage|p1b: Tatsugiri|19\/100 slp\n|move|p1a: Flamigo|Brave Bird|p2a: Palafin\n|-damage|p2a: Palafin|49\/100\n|-damage|p1a: Flamigo|0 fnt|[from] Recoil\n|faint|p1a: Flamigo\n|cant|p1b: Tatsugiri|slp\n|\n|upkeep\n|\n|t:|1682975240\n|switch|p1a: Dondozo|Dondozo, L50, M|100\/100\n|-activate|p1b: Tatsugiri|ability: Commander|[of] p1a: Dondozo\n|-boost|p1a: Dondozo|atk|2\n|-boost|p1a: Dondozo|spa|2\n|-boost|p1a: Dondozo|spe|2\n|-boost|p1a: Dondozo|def|2\n|-boost|p1a: Dondozo|spd|2\n|turn|3\n|\n|t:|1682975255\n|-terastallize|p2b: Iron Moth|Grass\n|-terastallize|p1a: Dondozo|Dragon\n|move|p2b: Iron Moth|Energy Ball|p1a: Dondozo\n|-resisted|p1a: Dondozo\n|-damage|p1a: Dondozo|83\/100\n|move|p2a: Palafin|Drain Punch|p1a: Dondozo\n|-damage|p1a: Dondozo|74\/100\n|-heal|p2a: Palafin|55\/100|[from] drain|[of] p1a: Dondozo\n|move|p1a: Dondozo|Order Up|p2a: Palafin\n|-damage|p2a: Palafin|2\/100\n|-boost|p1a: Dondozo|atk|1\n|\n|-heal|p1a: Dondozo|81\/100|[from] item: Leftovers\n|upkeep\n|turn|4\n|\n|t:|1682975274\n|switch|p2a: Amoonguss|Amoonguss, L50, M|41\/100\n|move|p2b: Iron Moth|Dazzling Gleam|p1b: Tatsugiri|[spread] p1a\n|-miss|p2b: Iron Moth|p1b: Tatsugiri\n|-supereffective|p1a: Dondozo\n|-damage|p1a: Dondozo|47\/100\n|move|p1a: Dondozo|Yawn|p2b: Iron Moth\n|-start|p2b: Iron Moth|move: Yawn|[of] p1a: Dondozo\n|\n|-heal|p1a: Dondozo|53\/100|[from] item: Leftovers\n|-heal|p2a: Amoonguss|47\/100|[from] item: Leftovers\n|upkeep\n|turn|5\n|\n|t:|1682975292\n|move|p2b: Iron Moth|Dazzling Gleam|p1b: Tatsugiri|[spread] p1a\n|-miss|p2b: Iron Moth|p1b: Tatsugiri\n|-supereffective|p1a: Dondozo\n|-damage|p1a: Dondozo|25\/100\n|move|p1a: Dondozo|Order Up|p2a: Amoonguss\n|-damage|p2a: Amoonguss|0 fnt\n|faint|p2a: Amoonguss\n|-boost|p1a: Dondozo|atk|1\n|\n|-heal|p1a: Dondozo|32\/100|[from] item: Leftovers\n|-end|p2b: Iron Moth|move: Yawn|[silent]\n|-status|p2b: Iron Moth|slp\n|upkeep\n|\n|t:|1682975306\n|switch|p2a: Palafin|Palafin-Hero, L50, M|2\/100\n|turn|6\n|\n|t:|1682975314\n|-end|p2b: Iron Moth|Quark Drive|[silent]\n|switch|p2b: Annihilape|Annihilape, L50, M, shiny|100\/100\n|move|p2a: Palafin|Jet Punch|p1a: Dondozo\n|-resisted|p1a: Dondozo\n|-damage|p1a: Dondozo|26\/100\n|move|p1a: Dondozo|Order Up|p2b: Annihilape\n|-damage|p2b: Annihilape|6\/100\n|-boost|p1a: Dondozo|atk|1\n|\n|-heal|p1a: Dondozo|32\/100|[from] item: Leftovers\n|upkeep\n|turn|7\n|\n|t:|1682975334\n|move|p2b: Annihilape|Rage Fist|p1a: Dondozo\n|-damage|p1a: Dondozo|17\/100\n|-damage|p2b: Annihilape|0 fnt|[from] item: Life Orb\n|faint|p2b: Annihilape\n|move|p2a: Palafin|Wave Crash|p1a: Dondozo\n|-resisted|p1a: Dondozo\n|-crit|p1a: Dondozo\n|-damage|p1a: Dondozo|0 fnt\n|faint|p1a: Dondozo\n|-damage|p2a: Palafin|0 fnt|[from] Recoil\n|faint|p2a: Palafin\n|\n|upkeep\n|\n|t:|1682975347\n|switch|p2a: Iron Moth|Iron Moth, L50, tera:Grass|100\/100 slp\n|turn|8\n|\n|t:|1682975353\n|cant|p2a: Iron Moth|slp\n|cant|p1b: Tatsugiri|slp\n|\n|upkeep\n|turn|9\n|\n|t:|1682975359\n|cant|p2a: Iron Moth|slp\n|-curestatus|p1b: Tatsugiri|slp|[msg]\n|move|p1b: Tatsugiri|Draco Meteor|p2a: Iron Moth\n|-damage|p2a: Iron Moth|31\/100 slp\n|-unboost|p1b: Tatsugiri|spa|2\n|\n|-status|p1b: Tatsugiri|tox|[from] item: Toxic Orb\n|upkeep\n|turn|10\n|\n|t:|1682975369\n|-curestatus|p2a: Iron Moth|slp|[msg]\n|move|p2a: Iron Moth|Dazzling Gleam|p1b: Tatsugiri\n|-supereffective|p1b: Tatsugiri\n|-damage|p1b: Tatsugiri|0 fnt\n|faint|p1b: Tatsugiri\n|\n|win|blockybot2001\n|raw|Matt4676436's rating: 1000 → 1000<\/strong> (+0 for losing)\n|raw|blockybot2001's rating: 1027 → 1060<\/strong> (+33 for winning)\n","uploadtime":1682975379,"views":11,"p1id":"matt4676436","p2id":"blockybot2001","formatid":"gen9vgc2023regulationc","rating":1000,"private":0,"password":""}