{"id":"gen9vgc2023regulationc-1847117627","p1":"jayballester","p2":"Raymond935","format":"[Gen 9] VGC 2023 Regulation C","log":"|j|\u2606jayballester\n|j|\u2606Raymond935\n|t:|1681920512\n|gametype|doubles\n|player|p1|jayballester|riley|\n|player|p2|Raymond935|102|\n|teamsize|p1|6\n|teamsize|p2|6\n|gen|9\n|tier|[Gen 9] VGC 2023 Regulation C\n|rule|Species Clause: Limit one of each Pok\u00e9mon\n|rule|Item Clause: Limit one of each item\n|clearpoke\n|poke|p1|Corviknight, L50, M|\n|poke|p1|Ting-Lu, L50|\n|poke|p1|Salazzle, L50, F|\n|poke|p1|Palafin, L50, M|\n|poke|p1|Hatterene, L50, F|\n|poke|p1|Staraptor, L50, F|\n|poke|p2|Rotom-Mow, L50|\n|poke|p2|Chien-Pao, L50|\n|poke|p2|Dragonite, L50, F|\n|poke|p2|Slowbro, L50, M|\n|poke|p2|Naclstack, L50, F|\n|poke|p2|Ceruledge, L50, M|\n|teampreview|4\nRaymond935 rejected open team sheets.\n|c|\u2606jayballester|g1\n|c|\u2606Raymond935|G1\n|c|\u2606jayballester|glhf!\n|c|\u2606Raymond935|Gl hf!\n|j| BBRAFF\n|\n|t:|1681920642\n|start\n|switch|p1a: Corviknight|Corviknight, L50, M|100\/100\n|switch|p1b: Salazzle|Salazzle, L50, F|100\/100\n|switch|p2a: Slowbro|Slowbro, L50, M|100\/100\n|switch|p2b: Rotom|Rotom-Mow, L50|100\/100\n|-ability|p1a: Corviknight|Pressure\n|turn|1\n|\n|t:|1681920708\n|-terastallize|p1a: Corviknight|Dragon\n|move|p2b: Rotom|Protect|p2b: Rotom\n|-singleturn|p2b: Rotom|Protect\n|move|p1b: Salazzle|Fake Out|p2a: Slowbro\n|-damage|p2a: Slowbro|94\/100\n|move|p1a: Corviknight|Iron Defense|p1a: Corviknight\n|-boost|p1a: Corviknight|def|2\n|cant|p2a: Slowbro|flinch\n|\n|-heal|p2a: Slowbro|99\/100|[from] item: Leftovers\n|upkeep\n|turn|2\n|\n|t:|1681920767\n|switch|p2b: Dragonite|Dragonite, L50, F|100\/100\n|move|p1b: Salazzle|Heat Wave|p2a: Slowbro|[spread] p2a,p2b\n|-resisted|p2a: Slowbro\n|-resisted|p2b: Dragonite\n|-damage|p2a: Slowbro|82\/100\n|-damage|p2b: Dragonite|86\/100\n|-status|p2a: Slowbro|brn\n|move|p1a: Corviknight|Brave Bird|p2b: Dragonite\n|-damage|p2b: Dragonite|42\/100\n|-damage|p1a: Corviknight|88\/100|[from] Recoil\n|move|p2a: Slowbro|Psychic|p1a: Corviknight\n|-damage|p1a: Corviknight|46\/100\n|\n|-heal|p1a: Corviknight|52\/100|[from] item: Leftovers\n|-heal|p2a: Slowbro|88\/100 brn|[from] item: Leftovers\n|-damage|p2a: Slowbro|82\/100 brn|[from] brn\n|upkeep\n|turn|3\n|\n|t:|1681920832\n|move|p1b: Salazzle|Protect|p1b: Salazzle\n|-singleturn|p1b: Salazzle|Protect\n|move|p2b: Dragonite|Outrage|p1a: Corviknight\n|-supereffective|p1a: Corviknight\n|-damage|p1a: Corviknight|0 fnt\n|faint|p1a: Corviknight\n|move|p2a: Slowbro|Psychic|p1b: Salazzle\n|-activate|p1b: Salazzle|move: Protect\n|\n|-heal|p2a: Slowbro|88\/100 brn|[from] item: Leftovers\n|-damage|p2a: Slowbro|82\/100 brn|[from] brn\n|upkeep\n|\n|t:|1681920849\n|switch|p1a: Hatterene|Hatterene, L50, F|100\/100\n|turn|4\n|l| BBRAFF\n|\n|t:|1681920909\n|move|p1b: Salazzle|Heat Wave|p2b: Dragonite|[spread] p2a,p2b\n|-resisted|p2a: Slowbro\n|-resisted|p2b: Dragonite\n|-damage|p2a: Slowbro|64\/100 brn\n|-damage|p2b: Dragonite|28\/100\n|move|p2b: Dragonite|Outrage|p1b: Salazzle|[from]lockedmove\n|-enditem|p1b: Salazzle|Focus Sash\n|-damage|p1b: Salazzle|1\/100\n|move|p2a: Slowbro|Psychic|p1b: Salazzle\n|-supereffective|p1b: Salazzle\n|-damage|p1b: Salazzle|0 fnt\n|faint|p1b: Salazzle\n|move|p1a: Hatterene|Draining Kiss|p2b: Dragonite\n|-supereffective|p2b: Dragonite\n|-damage|p2b: Dragonite|0 fnt\n|faint|p2b: Dragonite\n|-damage|p1a: Hatterene|91\/100|[from] item: Life Orb\n|\n|-heal|p2a: Slowbro|70\/100 brn|[from] item: Leftovers\n|-damage|p2a: Slowbro|64\/100 brn|[from] brn\n|upkeep\n|\n|t:|1681920971\n|switch|p1b: Ting-Lu|Ting-Lu, L50|100\/100\n|switch|p2b: Chien-Pao|Chien-Pao, L50|100\/100\n|-ability|p2b: Chien-Pao|Sword of Ruin\n|-ability|p1b: Ting-Lu|Vessel of Ruin\n|turn|5\n|\n|t:|1681921040\n|-terastallize|p2b: Chien-Pao|Ice\n|move|p2b: Chien-Pao|Icicle Crash|p1a: Hatterene\n|-damage|p1a: Hatterene|18\/100\n|move|p2a: Slowbro|Hydro Pump|p1b: Ting-Lu\n|-supereffective|p1b: Ting-Lu\n|-damage|p1b: Ting-Lu|59\/100\n|move|p1b: Ting-Lu|Rock Slide|p2b: Chien-Pao|[spread] p2a,p2b\n|-supereffective|p2b: Chien-Pao\n|-damage|p2a: Slowbro|39\/100 brn\n|-damage|p2b: Chien-Pao|49\/100\n|move|p1a: Hatterene|Giga Drain|p2b: Chien-Pao\n|-damage|p2b: Chien-Pao|11\/100\n|-heal|p1a: Hatterene|35\/100|[from] drain|[of] p2b: Chien-Pao\n|-damage|p1a: Hatterene|25\/100|[from] item: Life Orb\n|\n|-heal|p2a: Slowbro|45\/100 brn|[from] item: Leftovers\n|-damage|p2a: Slowbro|39\/100 brn|[from] brn\n|upkeep\n|turn|6\n|c|\u2606jayballester|missclicked :)\n|c|\u2606Raymond935|sry man that sucks\n|\n|t:|1681921122\n|move|p1a: Hatterene|Protect|p1a: Hatterene\n|-singleturn|p1a: Hatterene|Protect\n|move|p2b: Chien-Pao|Icicle Crash|p1b: Ting-Lu\n|-supereffective|p1b: Ting-Lu\n|-damage|p1b: Ting-Lu|0 fnt\n|faint|p1b: Ting-Lu\n|move|p2a: Slowbro|Slack Off|p2a: Slowbro\n|-heal|p2a: Slowbro|89\/100 brn\n|\n|-heal|p2a: Slowbro|95\/100 brn|[from] item: Leftovers\n|-damage|p2a: Slowbro|89\/100 brn|[from] brn\n|upkeep\n|turn|7\n|c|\u2606jayballester|ggs\n|\n|t:|1681921145\n|switch|p2b: Rotom|Rotom-Mow, L50|100\/100\n|move|p2a: Slowbro|Hydro Pump|p1a: Hatterene\n|-damage|p1a: Hatterene|0 fnt\n|faint|p1a: Hatterene\n|\n|win|Raymond935\n|c|\u2606Raymond935|gg\n|l|\u2606Raymond935\n","uploadtime":1681922700,"views":41,"p1id":"jayballester","p2id":"raymond935","formatid":"gen9vgc2023regulationc","rating":0,"private":0,"password":""}