{"id":"gen9vgc2023regulationc-1852766598","p1":"TheHilbo","p2":"D4nkw33b","format":"[Gen 9] VGC 2023 Regulation C","log":"|j|\u2606TheHilbo\n|j|\u2606D4nkw33b\n|t:|1682604504\n|gametype|doubles\n|player|p1|TheHilbo|265|1119\n|player|p2|D4nkw33b|2|1095\n|teamsize|p1|6\n|teamsize|p2|6\n|gen|9\n|tier|[Gen 9] VGC 2023 Regulation C\n|rated|\n|rule|Species Clause: Limit one of each Pok\u00e9mon\n|rule|Item Clause: Limit one of each item\n|clearpoke\n|poke|p1|Wo-Chien, L50|\n|poke|p1|Arcanine, L50, M|\n|poke|p1|Garganacl, L50, F|\n|poke|p1|Gothitelle, L50, F|\n|poke|p1|Gastrodon, L50, M|\n|poke|p1|Scream Tail, L50|\n|poke|p2|Indeedee-F, L50, F|\n|poke|p2|Chi-Yu, L50|\n|poke|p2|Honchkrow, L50, F|\n|poke|p2|Tyranitar, L50, F|\n|poke|p2|Garchomp, L50, F|\n|poke|p2|Lycanroc, L50, M|\n|teampreview|4\n|inactive|Battle timer is ON: inactive players will automatically lose when time's up. (requested by D4nkw33b)\n|inactive|TheHilbo has 60 seconds left.\n|c|\u2606D4nkw33b|glhf\n|\n|t:|1682604566\n|start\n|switch|p1a: Gothitelle|Gothitelle, L50, F|100\/100\n|switch|p1b: Gastrodon|Gastrodon, L50, M|100\/100\n|switch|p2a: Tyranitar|Tyranitar, L50, F|100\/100\n|switch|p2b: Lycanroc|Lycanroc, L50, M|100\/100\n|-weather|Sandstorm|[from] ability: Sand Stream|[of] p2a: Tyranitar\n|turn|1\n|\n|t:|1682604584\n|-terastallize|p2b: Lycanroc|Ghost\n|move|p1a: Gothitelle|Fake Out|p2b: Lycanroc\n|-immune|p2b: Lycanroc\n|move|p2b: Lycanroc|Rock Slide|p1a: Gothitelle|[spread] p1a,p1b\n|-resisted|p1b: Gastrodon\n|-damage|p1a: Gothitelle|76\/100\n|-damage|p1b: Gastrodon|87\/100\n|move|p2a: Tyranitar|Dragon Dance|p2a: Tyranitar\n|-boost|p2a: Tyranitar|atk|1\n|-boost|p2a: Tyranitar|spe|1\n|move|p1b: Gastrodon|Muddy Water|p2b: Lycanroc|[spread] p2a,p2b\n|-supereffective|p2a: Tyranitar\n|-damage|p2a: Tyranitar|66\/100\n|-damage|p2b: Lycanroc|58\/100\n|-unboost|p2a: Tyranitar|accuracy|1\n|\n|-weather|Sandstorm|[upkeep]\n|-damage|p1a: Gothitelle|70\/100|[from] Sandstorm\n|upkeep\n|turn|2\n|inactive|TheHilbo has 30 seconds left.\n|inactive|TheHilbo has 20 seconds left.\n|inactive|TheHilbo has 15 seconds left.\n|\n|t:|1682604626\n|move|p2b: Lycanroc|Rock Slide|p1b: Gastrodon|[spread] p1a,p1b\n|-resisted|p1b: Gastrodon\n|-crit|p1b: Gastrodon\n|-damage|p1a: Gothitelle|44\/100\n|-damage|p1b: Gastrodon|68\/100\n|-enditem|p1a: Gothitelle|Sitrus Berry|[eat]\n|-heal|p1a: Gothitelle|69\/100|[from] item: Sitrus Berry\n|move|p2a: Tyranitar|Rock Slide|p1b: Gastrodon|[spread] p1a\n|-miss|p2a: Tyranitar|p1b: Gastrodon\n|-damage|p1a: Gothitelle|23\/100\n|move|p1b: Gastrodon|Earth Power|p2a: Tyranitar\n|-supereffective|p2a: Tyranitar\n|-damage|p2a: Tyranitar|19\/100\n|cant|p1a: Gothitelle|flinch\n|\n|-weather|Sandstorm|[upkeep]\n|-damage|p1a: Gothitelle|17\/100|[from] Sandstorm\n|upkeep\n|turn|3\n|\n|t:|1682604648\n|move|p1a: Gothitelle|Protect|p1a: Gothitelle\n|-singleturn|p1a: Gothitelle|Protect\n|move|p2b: Lycanroc|Rock Slide|p1a: Gothitelle|[spread] p1b\n|-activate|p1a: Gothitelle|move: Protect\n|-resisted|p1b: Gastrodon\n|-damage|p1b: Gastrodon|55\/100\n|move|p2a: Tyranitar|Rock Slide|p1a: Gothitelle|[spread] p1b\n|-activate|p1a: Gothitelle|move: Protect\n|-resisted|p1b: Gastrodon\n|-damage|p1b: Gastrodon|32\/100\n|move|p1b: Gastrodon|Muddy Water|p2b: Lycanroc|[spread] p2a,p2b\n|-supereffective|p2a: Tyranitar\n|-damage|p2a: Tyranitar|0 fnt\n|-damage|p2b: Lycanroc|18\/100\n|faint|p2a: Tyranitar\n|\n|-weather|Sandstorm|[upkeep]\n|-damage|p1a: Gothitelle|11\/100|[from] Sandstorm\n|upkeep\n|\n|t:|1682604667\n|switch|p2a: Garchomp|Garchomp, L50, F|100\/100\n|turn|4\n|inactive|TheHilbo has 30 seconds left.\n|\n|t:|1682604693\n|switch|p1a: Garganacl|Garganacl, L50, F|100\/100\n|move|p2b: Lycanroc|Rock Slide|p1b: Gastrodon|[spread] p1a,p1b\n|-resisted|p1b: Gastrodon\n|-damage|p1a: Garganacl|81\/100\n|-damage|p1b: Gastrodon|19\/100\n|move|p2a: Garchomp|Rock Slide|p1a: Garganacl|[spread] p1a,p1b\n|-resisted|p1b: Gastrodon\n|-damage|p1a: Garganacl|68\/100\n|-damage|p1b: Gastrodon|10\/100\n|cant|p1b: Gastrodon|flinch\n|\n|-weather|Sandstorm|[upkeep]\n|-heal|p1a: Garganacl|74\/100|[from] item: Leftovers\n|upkeep\n|turn|5\n|\n|t:|1682604711\n|switch|p1b: Wo-Chien|Wo-Chien, L50|100\/100\n|-ability|p1b: Wo-Chien|Tablets of Ruin\n|move|p2b: Lycanroc|Close Combat|p1a: Garganacl\n|-supereffective|p1a: Garganacl\n|-damage|p1a: Garganacl|34\/100\n|-unboost|p2b: Lycanroc|def|1\n|-unboost|p2b: Lycanroc|spd|1\n|move|p2a: Garchomp|Rock Slide|p1b: Wo-Chien|[spread] p1a,p1b\n|-damage|p1a: Garganacl|25\/100\n|-damage|p1b: Wo-Chien|88\/100\n|move|p1a: Garganacl|Salt Cure|p2b: Lycanroc\n|-damage|p2b: Lycanroc|0 fnt\n|faint|p2b: Lycanroc\n|\n|-weather|none\n|-heal|p1a: Garganacl|31\/100|[from] item: Leftovers\n|upkeep\n|\n|t:|1682604727\n|switch|p2b: Indeedee|Indeedee-F, L50, F|100\/100\n|-fieldstart|move: Psychic Terrain|[from] ability: Psychic Surge|[of] p2b: Indeedee\n|turn|6\n|inactive|TheHilbo has 30 seconds left.\n|\n|t:|1682604755\n|move|p2b: Indeedee|Helping Hand|p2a: Garchomp\n|-singleturn|p2a: Garchomp|Helping Hand|[of] p2b: Indeedee\n|move|p1a: Garganacl|Protect|p1a: Garganacl\n|-singleturn|p1a: Garganacl|Protect\n|move|p2a: Garchomp|Flamethrower|p1b: Wo-Chien\n|-supereffective|p1b: Wo-Chien\n|-damage|p1b: Wo-Chien|54\/100\n|-status|p1b: Wo-Chien|brn\n|move|p1b: Wo-Chien|Giga Drain|p2a: Garchomp\n|-damage|p2a: Garchomp|71\/100\n|-heal|p1b: Wo-Chien|72\/100 brn|[from] drain|[of] p2a: Garchomp\n|\n|-heal|p1a: Garganacl|37\/100|[from] item: Leftovers\n|-damage|p1b: Wo-Chien|66\/100 brn|[from] brn\n|upkeep\n|turn|7\n|inactive|TheHilbo has 30 seconds left.\n|\n|t:|1682604780\n|move|p2b: Indeedee|Helping Hand|p2a: Garchomp\n|-singleturn|p2a: Garchomp|Helping Hand|[of] p2b: Indeedee\n|move|p2a: Garchomp|Earthquake|p1a: Garganacl|[spread] p2b,p1a,p1b\n|-supereffective|p1a: Garganacl\n|-resisted|p1b: Wo-Chien\n|-damage|p2b: Indeedee|61\/100\n|-damage|p1a: Garganacl|0 fnt\n|-damage|p1b: Wo-Chien|50\/100 brn\n|faint|p1a: Garganacl\n|move|p1b: Wo-Chien|Giga Drain|p2a: Garchomp\n|-damage|p2a: Garchomp|40\/100\n|-heal|p1b: Wo-Chien|70\/100 brn|[from] drain|[of] p2a: Garchomp\n|\n|-damage|p1b: Wo-Chien|64\/100 brn|[from] brn\n|upkeep\n|\n|t:|1682604793\n|switch|p1a: Gothitelle|Gothitelle, L50, F|11\/100\n|turn|8\n|\n|t:|1682604808\n|move|p1a: Gothitelle|Protect|p1a: Gothitelle\n|-singleturn|p1a: Gothitelle|Protect\n|move|p2b: Indeedee|Follow Me|p2b: Indeedee\n|-singleturn|p2b: Indeedee|move: Follow Me\n|move|p2a: Garchomp|Rock Slide|p1a: Gothitelle|[spread] \n|-activate|p1a: Gothitelle|move: Protect\n|-miss|p2a: Garchomp|p1b: Wo-Chien\n|move|p1b: Wo-Chien|Giga Drain|p2b: Indeedee\n|-damage|p2b: Indeedee|37\/100\n|-heal|p1b: Wo-Chien|79\/100 brn|[from] drain|[of] p2b: Indeedee\n|-enditem|p2b: Indeedee|Sitrus Berry|[eat]\n|-heal|p2b: Indeedee|62\/100|[from] item: Sitrus Berry\n|\n|-damage|p1b: Wo-Chien|73\/100 brn|[from] brn\n|upkeep\n|turn|9\n|inactive|TheHilbo has 30 seconds left.\n|inactive|D4nkw33b has 30 seconds left.\n|\n|t:|1682604846\n|switch|p1a: Gastrodon|Gastrodon, L50, M|10\/100\n|move|p2b: Indeedee|Follow Me|p2b: Indeedee\n|-singleturn|p2b: Indeedee|move: Follow Me\n|move|p2a: Garchomp|Rock Slide|p1a: Gastrodon|[spread] p1a,p1b\n|-resisted|p1a: Gastrodon\n|-damage|p1a: Gastrodon|3\/100\n|-damage|p1b: Wo-Chien|61\/100 brn\n|cant|p1b: Wo-Chien|flinch\n|\n|-damage|p1b: Wo-Chien|55\/100 brn|[from] brn\n|upkeep\n|turn|10\n|\n|t:|1682604863\n|move|p2b: Indeedee|Helping Hand|p2a: Garchomp\n|-singleturn|p2a: Garchomp|Helping Hand|[of] p2b: Indeedee\n|move|p2a: Garchomp|Rock Slide|p1b: Wo-Chien|[spread] p1a,p1b\n|-resisted|p1a: Gastrodon\n|-damage|p1a: Gastrodon|0 fnt\n|-damage|p1b: Wo-Chien|40\/100 brn\n|faint|p1a: Gastrodon\n|cant|p1b: Wo-Chien|flinch\n|\n|-damage|p1b: Wo-Chien|34\/100 brn|[from] brn\n|-fieldend|move: Psychic Terrain\n|upkeep\n|\n|t:|1682604873\n|switch|p1a: Gothitelle|Gothitelle, L50, F|11\/100\n|turn|11\n|\n|t:|1682604897\n|-terastallize|p1a: Gothitelle|Dark\n|move|p2a: Garchomp|Protect|p2a: Garchomp\n|-singleturn|p2a: Garchomp|Protect\n|move|p2b: Indeedee|Protect|p2b: Indeedee\n|-singleturn|p2b: Indeedee|Protect\n|move|p1a: Gothitelle|Fake Out|p2a: Garchomp\n|-activate|p2a: Garchomp|move: Protect\n|move|p1b: Wo-Chien|Giga Drain|p2a: Garchomp\n|-activate|p2a: Garchomp|move: Protect\n|\n|-damage|p1b: Wo-Chien|28\/100 brn|[from] brn\n|upkeep\n|turn|12\n|\n|t:|1682604912\n|move|p2b: Indeedee|Helping Hand|p2a: Garchomp\n|-singleturn|p2a: Garchomp|Helping Hand|[of] p2b: Indeedee\n|move|p1a: Gothitelle|Protect|p1a: Gothitelle\n|-singleturn|p1a: Gothitelle|Protect\n|move|p2a: Garchomp|Rock Slide|p1b: Wo-Chien|[spread] p1b\n|-activate|p1a: Gothitelle|move: Protect\n|-damage|p1b: Wo-Chien|10\/100 brn\n|move|p1b: Wo-Chien|Giga Drain|p2a: Garchomp\n|-damage|p2a: Garchomp|11\/100\n|-heal|p1b: Wo-Chien|28\/100 brn|[from] drain|[of] p2a: Garchomp\n|\n|-damage|p1b: Wo-Chien|22\/100 brn|[from] brn\n|upkeep\n|turn|13\n|\n|t:|1682604930\n|move|p1a: Gothitelle|Protect|p1a: Gothitelle\n|-singleturn|p1a: Gothitelle|Protect\n|move|p2b: Indeedee|Follow Me|p2b: Indeedee\n|-singleturn|p2b: Indeedee|move: Follow Me\n|move|p2a: Garchomp|Rock Slide|p1b: Wo-Chien|[spread] p1b\n|-activate|p1a: Gothitelle|move: Protect\n|-damage|p1b: Wo-Chien|11\/100 brn\n|move|p1b: Wo-Chien|Giga Drain|p2b: Indeedee\n|-damage|p2b: Indeedee|39\/100\n|-heal|p1b: Wo-Chien|25\/100 brn|[from] drain|[of] p2b: Indeedee\n|\n|-damage|p1b: Wo-Chien|19\/100 brn|[from] brn\n|upkeep\n|turn|14\n|\n|t:|1682604946\n|move|p1a: Gothitelle|Protect||[still]\n|-fail|p1a: Gothitelle\n|move|p2b: Indeedee|Follow Me|p2b: Indeedee\n|-singleturn|p2b: Indeedee|move: Follow Me\n|move|p2a: Garchomp|Rock Slide|p1b: Wo-Chien|[spread] p1b\n|-miss|p2a: Garchomp|p1a: Gothitelle\n|-damage|p1b: Wo-Chien|7\/100 brn\n|cant|p1b: Wo-Chien|flinch\n|\n|-damage|p1b: Wo-Chien|1\/100 brn|[from] brn\n|upkeep\n|turn|15\n|\n|t:|1682604963\n|move|p1a: Gothitelle|Protect|p1a: Gothitelle\n|-singleturn|p1a: Gothitelle|Protect\n|move|p2b: Indeedee|Follow Me|p2b: Indeedee\n|-singleturn|p2b: Indeedee|move: Follow Me\n|move|p2a: Garchomp|Rock Slide|p1b: Wo-Chien|[spread] p1b\n|-activate|p1a: Gothitelle|move: Protect\n|-damage|p1b: Wo-Chien|0 fnt\n|faint|p1b: Wo-Chien\n|\n|upkeep\n|turn|16\n|\n|t:|1682604974\n|move|p2b: Indeedee|Follow Me|p2b: Indeedee\n|-singleturn|p2b: Indeedee|move: Follow Me\n|move|p2a: Garchomp|Rock Slide|p1a: Gothitelle\n|-damage|p1a: Gothitelle|0 fnt\n|faint|p1a: Gothitelle\n|\n|win|D4nkw33b\n|raw|TheHilbo's rating: 1119 → 1092<\/strong> (-27 for losing)\n|raw|D4nkw33b's rating: 1095 → 1123<\/strong> (+28 for winning)\n|c|\u2606D4nkw33b|good lorxd\n|l|\u2606TheHilbo\n","uploadtime":1682604987,"views":11,"p1id":"thehilbo","p2id":"d4nkw33b","formatid":"gen9vgc2023regulationc","rating":1092,"private":0,"password":""}