{"id":"gen9vgc2023regulationc-1848144143","p1":"Temporary name 3","p2":"dunsparcedingo","format":"[Gen 9] VGC 2023 Regulation C","log":"|j|\u2606Temporary name 3\n|j|\u2606dunsparcedingo\n|t:|1682034854\n|gametype|doubles\n|player|p1|Temporary name 3|musician|1103\n|player|p2|dunsparcedingo|zinnia|1126\n|teamsize|p1|6\n|teamsize|p2|6\n|gen|9\n|tier|[Gen 9] VGC 2023 Regulation C\n|rated|\n|rule|Species Clause: Limit one of each Pok\u00e9mon\n|rule|Item Clause: Limit one of each item\n|clearpoke\n|poke|p1|Dragonite, L50, F|\n|poke|p1|Chien-Pao, L50|\n|poke|p1|Scizor, L50, F|\n|poke|p1|Arcanine, L50, F|\n|poke|p1|Rotom-Wash, L50|\n|poke|p1|Amoonguss, L50, F|\n|poke|p2|Torkoal, L50, F|\n|poke|p2|Jumpluff, L50, F|\n|poke|p2|Chi-Yu, L50|\n|poke|p2|Flutter Mane, L50|\n|poke|p2|Iron Bundle, L50|\n|poke|p2|Slither Wing, L50|\n|teampreview|4\ndunsparcedingo has agreed to open team sheets.\nTemporary name 3 has agreed to open team sheets.\n|inactive|Battle timer is ON: inactive players will automatically lose when time's up. (requested by Temporary name 3)\n|inactive|dunsparcedingo has 60 seconds left.\n|\n|t:|1682034973\n|start\n|switch|p1a: Dragonite|Dragonite, L50, F, shiny|100\/100\n|switch|p1b: Amoonguss|Amoonguss, L50, F|100\/100\n|switch|p2a: Jumpluff|Jumpluff, L50, F|100\/100\n|switch|p2b: Chi-Yu|Chi-Yu, L50|100\/100\n|-ability|p2b: Chi-Yu|Beads of Ruin\n|turn|1\n|inactive|Temporary name 3 has 30 seconds left.\n|inactive|dunsparcedingo has 30 seconds left.\n|inactive|Temporary name 3 has 20 seconds left.\n|inactive|dunsparcedingo has 20 seconds left.\n|inactive|dunsparcedingo has 15 seconds left.\n|inactive|dunsparcedingo has 10 seconds left.\n|inactive|dunsparcedingo has 5 seconds left.\n|\n|t:|1682035026\n|switch|p1b: Arcanine|Arcanine, L50, F|100\/100\n|-ability|p1b: Arcanine|Intimidate|boost\n|-unboost|p2a: Jumpluff|atk|1\n|-unboost|p2b: Chi-Yu|atk|1\n|move|p2a: Jumpluff|Tailwind|p2a: Jumpluff\n|-sidestart|p2: dunsparcedingo|move: Tailwind\n|move|p2b: Chi-Yu|Heat Wave|p1b: Arcanine|[spread] p1a,p1b\n|-resisted|p1a: Dragonite\n|-resisted|p1b: Arcanine\n|-damage|p1a: Dragonite|88\/100\n|-damage|p1b: Arcanine|73\/100\n|move|p1a: Dragonite|Tailwind|p1a: Dragonite\n|-sidestart|p1: Temporary name 3|move: Tailwind\n|\n|upkeep\n|turn|2\n|inactive|dunsparcedingo has 30 seconds left.\n|\n|t:|1682035060\n|switch|p2b: Iron Bundle|Iron Bundle, L50|100\/100\n|move|p1a: Dragonite|Extreme Speed|p2a: Jumpluff\n|-damage|p2a: Jumpluff|62\/100\n|move|p2a: Jumpluff|Encore|p1a: Dragonite\n|-start|p1a: Dragonite|Encore\n|move|p1b: Arcanine|Flare Blitz|p2a: Jumpluff\n|-supereffective|p2a: Jumpluff\n|-damage|p2a: Jumpluff|0 fnt\n|faint|p2a: Jumpluff\n|-damage|p1b: Arcanine|54\/100|[from] Recoil\n|\n|upkeep\n|\n|t:|1682035074\n|switch|p2a: Chi-Yu|Chi-Yu, L50|100\/100\n|-ability|p2a: Chi-Yu|Beads of Ruin\n|turn|3\n|inactive|Temporary name 3 has 30 seconds left.\n|inactive|dunsparcedingo has 30 seconds left.\n|inactive|Temporary name 3 has 20 seconds left.\n|inactive|dunsparcedingo has 20 seconds left.\n|inactive|dunsparcedingo has 15 seconds left.\n|inactive|dunsparcedingo has 10 seconds left.\n|inactive|dunsparcedingo has 5 seconds left.\n|\n|t:|1682035126\n|switch|p1a: Amoonguss|Amoonguss, L50, F|100\/100\n|-terastallize|p2a: Chi-Yu|Steel\n|move|p2b: Iron Bundle|Freeze-Dry|p1a: Amoonguss\n|-supereffective|p1a: Amoonguss\n|-damage|p1a: Amoonguss|7\/100\n|-enditem|p1a: Amoonguss|Eject Button\n|\n|t:|1682035134\n|switch|p1a: Rotom|Rotom-Wash, L50|100\/100\n|move|p1b: Arcanine|Flare Blitz|p2b: Iron Bundle\n|-damage|p2b: Iron Bundle|47\/100\n|-damage|p1b: Arcanine|39\/100|[from] Recoil\n|move|p2a: Chi-Yu|Dark Pulse|p1b: Arcanine\n|-damage|p1b: Arcanine|0 fnt\n|faint|p1b: Arcanine\n|\n|upkeep\n|\n|t:|1682035154\n|switch|p1b: Dragonite|Dragonite, L50, F, shiny|88\/100\n|turn|4\n|inactive|Temporary name 3 has 30 seconds left.\n|inactive|dunsparcedingo has 30 seconds left.\n|inactive|dunsparcedingo has 20 seconds left.\n|\n|t:|1682035194\n|switch|p1b: Amoonguss|Amoonguss, L50, F|40\/100\n|-terastallize|p1a: Rotom|Electric\n|move|p2b: Iron Bundle|Freeze-Dry|p1a: Rotom\n|-damage|p1a: Rotom|33\/100\n|move|p2a: Chi-Yu|Dark Pulse|p1b: Amoonguss\n|-damage|p1b: Amoonguss|0 fnt\n|faint|p1b: Amoonguss\n|move|p1a: Rotom|Volt Switch|p2b: Iron Bundle\n|-supereffective|p2b: Iron Bundle\n|-damage|p2b: Iron Bundle|0 fnt\n|faint|p2b: Iron Bundle\n|-end|p2b: Iron Bundle|Quark Drive|[silent]\n|\n|t:|1682035213\n|switch|p1a: Dragonite|Dragonite, L50, F, shiny|88\/100|[from] Volt Switch\n|\n|-sideend|p2: dunsparcedingo|move: Tailwind\n|-sideend|p1: Temporary name 3|move: Tailwind\n|upkeep\n|\n|t:|1682035217\n|switch|p2b: Torkoal|Torkoal, L50, F|100\/100\n|switch|p1b: Rotom|Rotom-Wash, L50, tera:Electric|33\/100\n|-weather|SunnyDay|[from] ability: Drought|[of] p2b: Torkoal\n|turn|5\n|\n|t:|1682035240\n|move|p2b: Torkoal|Helping Hand|p2a: Chi-Yu\n|-singleturn|p2a: Chi-Yu|Helping Hand|[of] p2b: Torkoal\n|move|p1b: Rotom|Protect|p1b: Rotom\n|-singleturn|p1b: Rotom|Protect\n|move|p2a: Chi-Yu|Dark Pulse|p1a: Dragonite\n|-damage|p1a: Dragonite|0 fnt\n|faint|p1a: Dragonite\n|\n|-weather|SunnyDay|[upkeep]\n|-heal|p1b: Rotom|39\/100|[from] item: Leftovers\n|upkeep\n|turn|6\n|-message|Temporary name 3 forfeited.\n|\n|win|dunsparcedingo\n|raw|Temporary name 3's rating: 1103 → 1080<\/strong> (-23 for losing)\n|raw|dunsparcedingo's rating: 1126 → 1149<\/strong> (+23 for winning)\n|l|\u2606Temporary name 3\n","uploadtime":1682035252,"views":13,"p1id":"temporaryname3","p2id":"dunsparcedingo","formatid":"gen9vgc2023regulationc","rating":1080,"private":0,"password":""}