{"id":"gen9vgc2023regulationc-1845277932","p1":"Rean411","p2":"ShadowFlameDragn","format":"[Gen 9] VGC 2023 Regulation C","log":"|j|\u2606Rean411\n|j|\u2606ShadowFlameDragn\n|t:|1681706455\n|gametype|doubles\n|player|p1|Rean411|265|1142\n|player|p2|ShadowFlameDragn|hilbert|1199\n|teamsize|p1|6\n|teamsize|p2|6\n|gen|9\n|tier|[Gen 9] VGC 2023 Regulation C\n|rated|\n|rule|Species Clause: Limit one of each Pok\u00e9mon\n|rule|Item Clause: Limit one of each item\n|clearpoke\n|poke|p1|Arcanine, L50, F|\n|poke|p1|Ting-Lu, L50|\n|poke|p1|Amoonguss, L50, M|\n|poke|p1|Gyarados, L50, F|\n|poke|p1|Annihilape, L50, M|\n|poke|p1|Maushold, L50|\n|poke|p2|Flutter Mane, L50|\n|poke|p2|Brute Bonnet, L50|\n|poke|p2|Garganacl, L50, F|\n|poke|p2|Gastrodon, L50, F|\n|poke|p2|Talonflame, L50, F|\n|poke|p2|Baxcalibur, L50, F|\n|teampreview|4\n|c|\u2606ShadowFlameDragn|glhf!\nRean411 has agreed to open team sheets.\nShadowFlameDragn has agreed to open team sheets.\n|j| meteorberry\n|c|\u2606Rean411|GLHF\n|inactive|Battle timer is ON: inactive players will automatically lose when time's up. (requested by Rean411)\n|\n|t:|1681706604\n|start\n|switch|p1a: Annihilape|Annihilape, L50, M|100\/100\n|switch|p1b: Ting-Lu|Ting-Lu, L50|100\/100\n|switch|p2a: Garganacl|Garganacl, L50, F|100\/100\n|switch|p2b: Flutter Mane|Flutter Mane, L50|100\/100\n|-ability|p1b: Ting-Lu|Vessel of Ruin\n|-enditem|p2b: Flutter Mane|Booster Energy\n|-activate|p2b: Flutter Mane|ability: Protosynthesis|[fromitem]\n|-start|p2b: Flutter Mane|protosynthesisspe\n|turn|1\n|inactive|Rean411 has 30 seconds left.\n|inactive|ShadowFlameDragn has 30 seconds left.\n|inactive|Rean411 has 20 seconds left.\n|inactive|ShadowFlameDragn has 20 seconds left.\n|inactive|ShadowFlameDragn has 15 seconds left.\n|inactive|ShadowFlameDragn has 10 seconds left.\n|\n|t:|1681706649\n|-terastallize|p1a: Annihilape|Fire\n|-terastallize|p2a: Garganacl|Water\n|move|p2b: Flutter Mane|Moonblast|p1a: Annihilape\n|-resisted|p1a: Annihilape\n|-damage|p1a: Annihilape|84\/100\n|move|p1a: Annihilape|Rage Fist|p2b: Flutter Mane\n|-supereffective|p2b: Flutter Mane\n|-damage|p2b: Flutter Mane|0 fnt\n|faint|p2b: Flutter Mane\n|-end|p2b: Flutter Mane|Protosynthesis|[silent]\n|move|p1b: Ting-Lu|Fissure|p2a: Garganacl|[miss]\n|-miss|p1b: Ting-Lu|p2a: Garganacl\n|move|p2a: Garganacl|Iron Defense|p2a: Garganacl\n|-boost|p2a: Garganacl|def|2\n|\n|-heal|p1a: Annihilape|90\/100|[from] item: Leftovers\n|upkeep\n|\n|t:|1681706664\n|switch|p2b: Baxcalibur|Baxcalibur, L50, F|100\/100\n|turn|2\n|inactive|Rean411 has 30 seconds left.\n|\n|t:|1681706690\n|switch|p1b: Gyarados|Gyarados, L50, F|100\/100\n|-ability|p1b: Gyarados|Intimidate|boost\n|-unboost|p2a: Garganacl|atk|1\n|-unboost|p2b: Baxcalibur|atk|1\n|move|p1a: Annihilape|Bulk Up|p1a: Annihilape\n|-boost|p1a: Annihilape|atk|1\n|-boost|p1a: Annihilape|def|1\n|move|p2b: Baxcalibur|Icicle Spear|p1b: Gyarados\n|-damage|p1b: Gyarados|88\/100\n|-damage|p1b: Gyarados|76\/100\n|-damage|p1b: Gyarados|63\/100\n|-damage|p1b: Gyarados|52\/100\n|-hitcount|p1b: Gyarados|4\n|move|p2a: Garganacl|Salt Cure|p1a: Annihilape\n|-supereffective|p1a: Annihilape\n|-damage|p1a: Annihilape|76\/100\n|-start|p1a: Annihilape|Salt Cure\n|\n|-heal|p1a: Annihilape|81\/100|[from] item: Leftovers\n|-damage|p1a: Annihilape|69\/100|[from] Salt Cure\n|upkeep\n|turn|3\n|inactive|ShadowFlameDragn has 30 seconds left.\n|inactive|ShadowFlameDragn has 20 seconds left.\n|inactive|ShadowFlameDragn has 15 seconds left.\n|\n|t:|1681706731\n|move|p1a: Annihilape|Bulk Up|p1a: Annihilape\n|-boost|p1a: Annihilape|atk|1\n|-boost|p1a: Annihilape|def|1\n|move|p1b: Gyarados|Thunder Wave|p2b: Baxcalibur\n|-status|p2b: Baxcalibur|par\n|move|p2a: Garganacl|Salt Cure|p1b: Gyarados\n|-supereffective|p1b: Gyarados\n|-damage|p1b: Gyarados|31\/100\n|-start|p1b: Gyarados|Salt Cure\n|cant|p2b: Baxcalibur|par\n|\n|-heal|p1a: Annihilape|75\/100|[from] item: Leftovers\n|-damage|p1a: Annihilape|63\/100|[from] Salt Cure\n|-damage|p1b: Gyarados|6\/100|[from] Salt Cure\n|upkeep\n|turn|4\n|inactive|Rean411 has 30 seconds left.\n|\n|t:|1681706763\n|switch|p1b: Ting-Lu|Ting-Lu, L50|100\/100\n|-ability|p1b: Ting-Lu|Vessel of Ruin\n|move|p1a: Annihilape|Drain Punch|p2b: Baxcalibur\n|-supereffective|p2b: Baxcalibur\n|-damage|p2b: Baxcalibur|0 fnt\n|-heal|p1a: Annihilape|100\/100|[from] drain|[of] p2b: Baxcalibur\n|faint|p2b: Baxcalibur\n|move|p2a: Garganacl|Fissure|p1a: Annihilape\n|-damage|p1a: Annihilape|0 fnt\n|faint|p1a: Annihilape\n|-ohko\n|\n|upkeep\n|\n|t:|1681706778\n|switch|p1a: Amoonguss|Amoonguss, L50, M|100\/100\n|switch|p2b: Gastrodon|Gastrodon, L50, F|100\/100\n|turn|5\n|inactive|Rean411 has 30 seconds left.\n|inactive|Rean411 has 20 seconds left.\n|inactive|Rean411 has 15 seconds left.\n|inactive|Rean411 has 10 seconds left.\n|inactive|Rean411 has 5 seconds left.\n|\n|t:|1681706829\n|move|p1b: Ting-Lu|Fissure|p2a: Garganacl|[miss]\n|-miss|p1b: Ting-Lu|p2a: Garganacl\n|move|p2b: Gastrodon|Ice Beam|p1a: Amoonguss\n|-supereffective|p1a: Amoonguss\n|-damage|p1a: Amoonguss|77\/100\n|-status|p1a: Amoonguss|frz\n|move|p2a: Garganacl|Fissure|p1b: Ting-Lu|[miss]\n|-miss|p2a: Garganacl|p1b: Ting-Lu\n|cant|p1a: Amoonguss|frz\n|\n|upkeep\n|turn|6\n|inactive|ShadowFlameDragn has 30 seconds left.\n|\n|t:|1681706859\n|switch|p1a: Gyarados|Gyarados, L50, F|6\/100\n|-ability|p1a: Gyarados|Intimidate|boost\n|-unboost|p2a: Garganacl|atk|1\n|-unboost|p2b: Gastrodon|atk|1\n|move|p1b: Ting-Lu|Ruination|p2a: Garganacl|[miss]\n|-miss|p1b: Ting-Lu|p2a: Garganacl\n|move|p2b: Gastrodon|Ice Beam|p1b: Ting-Lu\n|-supereffective|p1b: Ting-Lu\n|-damage|p1b: Ting-Lu|87\/100\n|move|p2a: Garganacl|Salt Cure|p1b: Ting-Lu\n|-resisted|p1b: Ting-Lu\n|-damage|p1b: Ting-Lu|85\/100\n|-start|p1b: Ting-Lu|Salt Cure\n|\n|-damage|p1b: Ting-Lu|72\/100|[from] Salt Cure\n|upkeep\n|turn|7\n|c|\u2606Rean411|Oh come on!\n|inactive|Rean411 has 30 seconds left.\n|inactive|ShadowFlameDragn has 30 seconds left.\n|c|\u2606ShadowFlameDragn|Yikes that's unfortunate\/\n|inactive|ShadowFlameDragn has 20 seconds left.\n|inactive|ShadowFlameDragn has 15 seconds left.\n|l| meteorberry\n|inactive|ShadowFlameDragn has 10 seconds left.\n|\n|t:|1681706904\n|switch|p1b: Amoonguss|Amoonguss, L50, M|100\/100 frz\n|move|p1a: Gyarados|Iron Head|p2b: Gastrodon\n|-resisted|p2b: Gastrodon\n|-damage|p2b: Gastrodon|87\/100\n|move|p2b: Gastrodon|Ice Beam|p1a: Gyarados\n|-damage|p1a: Gyarados|0 fnt\n|faint|p1a: Gyarados\n|move|p2a: Garganacl|Salt Cure|p1b: Amoonguss\n|-damage|p1b: Amoonguss|94\/100 frz\n|-start|p1b: Amoonguss|Salt Cure\n|\n|-damage|p1b: Amoonguss|81\/100 frz|[from] Salt Cure\n|upkeep\n|inactive|Rean411 has 30 seconds left.\n|inactive|Rean411 has 20 seconds left.\n|inactive|Rean411 has 15 seconds left.\n|\n|t:|1681706948\n|switch|p1a: Ting-Lu|Ting-Lu, L50|72\/100\n|-ability|p1a: Ting-Lu|Vessel of Ruin\n|turn|8\n|inactive|Rean411 has 30 seconds left.\n|inactive|ShadowFlameDragn has 30 seconds left.\n|c|\u2606Rean411|No hate on you dude. But dang this game is feast or famine for my RNG\n|inactive|Rean411 has 20 seconds left.\n|inactive|ShadowFlameDragn has 20 seconds left.\n|inactive|Rean411 has 15 seconds left.\n|inactive|Rean411 has 10 seconds left.\n|c|\u2606ShadowFlameDragn|Yeah lots of RNG this game lol.\n|inactive|Rean411 has 5 seconds left.\n|\n|t:|1681707003\n|move|p1a: Ting-Lu|Stomping Tantrum|p2a: Garganacl\n|-damage|p2a: Garganacl|87\/100\n|move|p2b: Gastrodon|Ice Beam|p1b: Amoonguss\n|-supereffective|p1b: Amoonguss\n|-damage|p1b: Amoonguss|60\/100 frz\n|move|p2a: Garganacl|Salt Cure|p1a: Ting-Lu\n|-resisted|p1a: Ting-Lu\n|-crit|p1a: Ting-Lu\n|-damage|p1a: Ting-Lu|65\/100\n|-start|p1a: Ting-Lu|Salt Cure\n|cant|p1b: Amoonguss|frz\n|\n|-heal|p2a: Garganacl|93\/100|[from] item: Leftovers\n|-damage|p1a: Ting-Lu|53\/100|[from] Salt Cure\n|-damage|p1b: Amoonguss|48\/100 frz|[from] Salt Cure\n|upkeep\n|-enditem|p1b: Amoonguss|Sitrus Berry|[eat]\n|-heal|p1b: Amoonguss|72\/100 frz|[from] item: Sitrus Berry\n|turn|9\n|\n|t:|1681707028\n|move|p1a: Ting-Lu|Fissure|p2a: Garganacl|[miss]\n|-miss|p1a: Ting-Lu|p2a: Garganacl\n|move|p2b: Gastrodon|Ice Beam|p1b: Amoonguss\n|-supereffective|p1b: Amoonguss\n|-damage|p1b: Amoonguss|48\/100 frz\n|move|p2a: Garganacl|Fissure|p1a: Ting-Lu\n|-damage|p1a: Ting-Lu|0 fnt\n|faint|p1a: Ting-Lu\n|-ohko\n|cant|p1b: Amoonguss|frz\n|\n|-heal|p2a: Garganacl|99\/100|[from] item: Leftovers\n|-damage|p1b: Amoonguss|36\/100 frz|[from] Salt Cure\n|upkeep\n|turn|10\n|c|\u2606ShadowFlameDragn|Yikes.\n|c|\u2606ShadowFlameDragn|Sorry for that luck.\n|inactive|Rean411 has 30 seconds left.\n|inactive|Rean411 has 20 seconds left.\n|inactive|Rean411 has 15 seconds left.\n|inactive|Rean411 has 10 seconds left.\n|inactive|Rean411 has 5 seconds left.\n|\n|t:|1681707083\n|move|p2b: Gastrodon|Ice Beam|p1b: Amoonguss\n|-supereffective|p1b: Amoonguss\n|-damage|p1b: Amoonguss|7\/100 frz\n|move|p2a: Garganacl|Salt Cure|p1b: Amoonguss\n|-damage|p1b: Amoonguss|0 fnt\n|faint|p1b: Amoonguss\n|\n|win|ShadowFlameDragn\n|raw|Rean411's rating: 1142 → 1121<\/strong> (-21 for losing)\n|raw|ShadowFlameDragn's rating: 1199 → 1220<\/strong> (+21 for winning)\n|c|\u2606Rean411|GGWP\n|c|\u2606ShadowFlameDragn|ggs! Sorry for luck again.\n|c|\u2606Rean411|It\u2019s fine\n|c|\u2606Rean411|I once got frozen by freeze dry and thawed out 2.5 turns in a row\n|c|\u2606ShadowFlameDragn|Huh that's pretty wild.\n|c|\u2606Rean411|Yeah, something like 0.0315% chance\n|c|\u2606ShadowFlameDragn|I've only seen a freeze and thaw out in one turn, multiple times is crazy!\n|c|\u2606ShadowFlameDragn|I have gotten flinched 4 times in row before, that was pretty unfortunate.\n|c|\u2606Rean411|And freeze dry only has a 10% chance to freeze in the first place\n|c|\u2606ShadowFlameDragn|Yeah, same as Ice beam I think.\n|c|\u2606Rean411|.have a good one.\n|c|\u2606ShadowFlameDragn|You as well!\n","uploadtime":1681707400,"views":8,"p1id":"rean411","p2id":"shadowflamedragn","formatid":"gen9vgc2023regulationc","rating":1121,"private":0,"password":""}