{"id":"gen9vgc2023regulationc-1852122768","p1":"benutzdeindeo","p2":"jeffman323","format":"[Gen 9] VGC 2023 Regulation C","log":"|j|\u2606benutzdeindeo\n|j|\u2606jeffman323\n|t:|1682525985\n|gametype|doubles\n|player|p1|benutzdeindeo|1|1664\n|player|p2|jeffman323|steven|1596\n|teamsize|p1|6\n|teamsize|p2|6\n|gen|9\n|tier|[Gen 9] VGC 2023 Regulation C\n|rated|\n|rule|Species Clause: Limit one of each Pok\u00e9mon\n|rule|Item Clause: Limit one of each item\n|clearpoke\n|poke|p1|Gyarados, L50, F|\n|poke|p1|Flutter Mane, L50|\n|poke|p1|Orthworm, L50, M|\n|poke|p1|Ting-Lu, L50|\n|poke|p1|Amoonguss, L50, M|\n|poke|p1|Chi-Yu, L50|\n|poke|p2|Hatterene, L50, F|\n|poke|p2|Azumarill, L50, M|\n|poke|p2|Torkoal, L50, M|\n|poke|p2|Kingambit, L50, F|\n|poke|p2|Iron Hands, L50|\n|poke|p2|Stantler, L50, F|\n|teampreview|4\njeffman323 has agreed to open team sheets.\nbenutzdeindeo has agreed to open team sheets.\n|j| GSBird\n|inactive|Battle timer is ON: inactive players will automatically lose when time's up. (requested by jeffman323)\n|\n|t:|1682526073\n|start\n|switch|p1a: Gyarados|Gyarados, L50, F|100\/100\n|switch|p1b: Ting-Lu|Ting-Lu, L50|100\/100\n|switch|p2a: Iron Hands|Iron Hands, L50|100\/100\n|switch|p2b: Hatterene|Hatterene, L50, F|100\/100\n|-ability|p1a: Gyarados|Intimidate|boost\n|-unboost|p2a: Iron Hands|atk|1\n|-unboost|p2b: Hatterene|atk|1\n|-ability|p1b: Ting-Lu|Vessel of Ruin\n|turn|1\n|\n|t:|1682526090\n|-terastallize|p2b: Hatterene|Fire\n|move|p2a: Iron Hands|Fake Out|p1b: Ting-Lu\n|-damage|p1b: Ting-Lu|94\/100\n|move|p1a: Gyarados|Taunt|p2b: Hatterene\n|move|p2b: Hatterene|Taunt|p1a: Gyarados|[from]ability: Magic Bounce\n|-start|p1a: Gyarados|move: Taunt\n|cant|p1b: Ting-Lu|flinch\n|move|p2b: Hatterene|Trick Room|p2b: Hatterene\n|-fieldstart|move: Trick Room|[of] p2b: Hatterene\n|\n|upkeep\n|turn|2\n|j| Rayo20\n|j| Mybossisabum\n|inactive|jeffman323 has 30 seconds left.\n|\n|t:|1682526120\n|switch|p1a: Orthworm|Orthworm, L50, M|100\/100\n|-terastallize|p1b: Ting-Lu|Water\n|move|p2b: Hatterene|Psychic|p1a: Orthworm\n|-resisted|p1a: Orthworm\n|-damage|p1a: Orthworm|79\/100\n|move|p2a: Iron Hands|Thunder Punch|p1b: Ting-Lu\n|-supereffective|p1b: Ting-Lu\n|-damage|p1b: Ting-Lu|55\/100\n|move|p1b: Ting-Lu|Earthquake|p2a: Iron Hands|[spread] p2a,p2b\n|-heal|p1a: Orthworm|100\/100|[from] ability: Earth Eater|[of] p1b: Ting-Lu\n|-supereffective|p2a: Iron Hands\n|-supereffective|p2b: Hatterene\n|-damage|p2a: Iron Hands|32\/100\n|-enditem|p2b: Hatterene|Focus Sash\n|-damage|p2b: Hatterene|1\/100\n|\n|upkeep\n|turn|3\n|inactive|jeffman323 has 30 seconds left.\n|\n|t:|1682526145\n|move|p2b: Hatterene|Psychic|p1b: Ting-Lu\n|-damage|p1b: Ting-Lu|26\/100\n|move|p2a: Iron Hands|Thunder Punch|p1b: Ting-Lu\n|-supereffective|p1b: Ting-Lu\n|-damage|p1b: Ting-Lu|0 fnt\n|faint|p1b: Ting-Lu\n|move|p1a: Orthworm|Shed Tail|p1a: Orthworm\n|-start|p1a: Orthworm|Substitute|[from] move: Shed Tail\n|-damage|p1a: Orthworm|50\/100\n|-enditem|p1a: Orthworm|Sitrus Berry|[eat]\n|-heal|p1a: Orthworm|75\/100|[from] item: Sitrus Berry\n|\n|t:|1682526156\n|switch|p1a: Flutter Mane|Flutter Mane, L50|100\/100|[from] Shed Tail\n|\n|upkeep\n|\n|t:|1682526164\n|switch|p1b: Gyarados|Gyarados, L50, F|100\/100\n|-ability|p1b: Gyarados|Intimidate|boost\n|-unboost|p2a: Iron Hands|atk|1\n|-unboost|p2b: Hatterene|atk|1\n|turn|4\n|\n|t:|1682526174\n|switch|p1b: Orthworm|Orthworm, L50, M|75\/100\n|move|p2b: Hatterene|Dazzling Gleam|p1b: Orthworm|[spread] p1a,p1b\n|-end|p1a: Flutter Mane|Substitute\n|-resisted|p1b: Orthworm\n|-damage|p1b: Orthworm|58\/100\n|move|p2a: Iron Hands|Thunder Punch|p1b: Orthworm\n|-damage|p1b: Orthworm|42\/100\n|move|p1a: Flutter Mane|Dazzling Gleam|p2a: Iron Hands|[spread] p2a,p2b\n|-supereffective|p2a: Iron Hands\n|-resisted|p2b: Hatterene\n|-damage|p2a: Iron Hands|0 fnt\n|-damage|p2b: Hatterene|0 fnt\n|faint|p2a: Iron Hands\n|-end|p2a: Iron Hands|Quark Drive|[silent]\n|faint|p2b: Hatterene\n|\n|upkeep\n|\n|t:|1682526184\n|switch|p2b: Torkoal|Torkoal, L50, M|100\/100\n|switch|p2a: Azumarill|Azumarill, L50, M|100\/100\n|-weather|SunnyDay|[from] ability: Drought|[of] p2b: Torkoal\n|-activate|p1a: Flutter Mane|ability: Protosynthesis\n|-start|p1a: Flutter Mane|protosynthesisspa\n|turn|5\n|\n|t:|1682526198\n|-end|p1a: Flutter Mane|Protosynthesis|[silent]\n|switch|p1a: Gyarados|Gyarados, L50, F|100\/100\n|-ability|p1a: Gyarados|Intimidate|boost\n|-unboost|p2a: Azumarill|atk|1\n|-unboost|p2b: Torkoal|atk|1\n|move|p2b: Torkoal|Eruption|p1b: Orthworm|[spread] p1a,p1b\n|-resisted|p1a: Gyarados\n|-supereffective|p1b: Orthworm\n|-damage|p1a: Gyarados|62\/100\n|-damage|p1b: Orthworm|0 fnt\n|faint|p1b: Orthworm\n|move|p2a: Azumarill|Play Rough|p1a: Gyarados\n|-damage|p1a: Gyarados|25\/100\n|-enditem|p1a: Gyarados|Figy Berry|[eat]\n|-heal|p1a: Gyarados|58\/100|[from] item: Figy Berry\n|\n|-weather|SunnyDay|[upkeep]\n|-fieldend|move: Trick Room\n|upkeep\n|\n|t:|1682526212\n|switch|p1b: Flutter Mane|Flutter Mane, L50|100\/100\n|-activate|p1b: Flutter Mane|ability: Protosynthesis\n|-start|p1b: Flutter Mane|protosynthesisspa\n|turn|6\n|inactive|benutzdeindeo has 30 seconds left.\n|inactive|jeffman323 has 30 seconds left.\n|inactive|jeffman323 has 20 seconds left.\n|\n|t:|1682526251\n|move|p2b: Torkoal|Protect|p2b: Torkoal\n|-singleturn|p2b: Torkoal|Protect\n|move|p1b: Flutter Mane|Dazzling Gleam|p2b: Torkoal|[spread] p2a\n|-activate|p2b: Torkoal|move: Protect\n|-crit|p2a: Azumarill\n|-damage|p2a: Azumarill|1\/100\n|move|p1a: Gyarados|Iron Head|p2a: Azumarill\n|-damage|p2a: Azumarill|0 fnt\n|faint|p2a: Azumarill\n|\n|-weather|SunnyDay|[upkeep]\n|upkeep\n|turn|7\n|l| Mybossisabum\n|\n|t:|1682526264\n|move|p1b: Flutter Mane|Dazzling Gleam|p2b: Torkoal\n|-resisted|p2b: Torkoal\n|-damage|p2b: Torkoal|39\/100\n|move|p1a: Gyarados|Waterfall|p2b: Torkoal\n|-supereffective|p2b: Torkoal\n|-damage|p2b: Torkoal|12\/100\n|move|p2b: Torkoal|Heat Wave|p1a: Gyarados|[spread] p1a,p1b\n|-resisted|p1a: Gyarados\n|-damage|p1a: Gyarados|34\/100\n|-damage|p1b: Flutter Mane|53\/100\n|\n|-weather|SunnyDay|[upkeep]\n|upkeep\n|turn|8\n|\n|t:|1682526275\n|move|p1b: Flutter Mane|Dazzling Gleam|p2b: Torkoal\n|-resisted|p2b: Torkoal\n|-damage|p2b: Torkoal|0 fnt\n|faint|p2b: Torkoal\n|\n|win|benutzdeindeo\n|raw|benutzdeindeo's rating: 1664 → 1680<\/strong> (+16 for winning)\n|raw|jeffman323's rating: 1596 → 1580<\/strong> (-16 for losing)\n","uploadtime":1682526278,"views":15,"p1id":"benutzdeindeo","p2id":"jeffman323","formatid":"gen9vgc2023regulationc","rating":1580,"private":0,"password":""}