{"id":"gen9vgc2023regulationc-1863469064","p1":"BroDontFuckWithMe","p2":"TKOWL","format":"[Gen 9] VGC 2023 Regulation C","log":"|j|\u2606BroDontFuckWithMe\n|j|\u2606TKOWL\n|t:|1684021460\n|gametype|doubles\n|player|p1|BroDontFuckWithMe|170|1634\n|player|p2|TKOWL|roxie|1685\n|teamsize|p1|6\n|teamsize|p2|6\n|gen|9\n|tier|[Gen 9] VGC 2023 Regulation C\n|rated|\n|rule|Species Clause: Limit one of each Pok\u00e9mon\n|rule|Item Clause: Limit one of each item\n|clearpoke\n|poke|p1|Great Tusk, L50|\n|poke|p1|Amoonguss, L50, F|\n|poke|p1|Tyranitar, L50, F|\n|poke|p1|Iron Bundle, L50|\n|poke|p1|Talonflame, L50, F|\n|poke|p1|Gholdengo, L50|\n|poke|p2|Chi-Yu, L50|\n|poke|p2|Farigiraf, L50, M|\n|poke|p2|Gyarados, L50, F|\n|poke|p2|Flutter Mane, L50|\n|poke|p2|Iron Hands, L50|\n|poke|p2|Amoonguss, L50, F|\n|teampreview|4\nTKOWL has agreed to open team sheets.\nBroDontFuckWithMe has agreed to open team sheets.\n|j| merah merona\n|\n|t:|1684021539\n|start\n|switch|p1a: Gholdengo|Gholdengo, L50|100\/100\n|switch|p1b: Tyranitar|Tyranitar, L50, F|100\/100\n|switch|p2a: Chi-Yu|Chi-Yu, L50|100\/100\n|switch|p2b: Amoonguss|Amoonguss, L50, F, shiny|100\/100\n|-ability|p2a: Chi-Yu|Beads of Ruin\n|-weather|Sandstorm|[from] ability: Sand Stream|[of] p1b: Tyranitar\n|turn|1\n|\n|t:|1684021567\n|switch|p2b: Gyarados|Gyarados, L50, F, shiny|100\/100\n|-ability|p2b: Gyarados|Intimidate|boost\n|-unboost|p1a: Gholdengo|atk|1\n|-unboost|p1b: Tyranitar|atk|1\n|-terastallize|p2a: Chi-Yu|Water\n|-terastallize|p1a: Gholdengo|Water\n|move|p2a: Chi-Yu|Nasty Plot|p2a: Chi-Yu\n|-boost|p2a: Chi-Yu|spa|2\n|move|p1a: Gholdengo|Nasty Plot|p1a: Gholdengo\n|-boost|p1a: Gholdengo|spa|2\n|move|p1b: Tyranitar|Rock Slide|p2b: Gyarados|[spread] p2a,p2b\n|-supereffective|p2b: Gyarados\n|-damage|p2a: Chi-Yu|74\/100\n|-damage|p2b: Gyarados|63\/100\n|\n|-weather|Sandstorm|[upkeep]\n|-damage|p2b: Gyarados|57\/100|[from] Sandstorm\n|-damage|p1a: Gholdengo|95\/100|[from] Sandstorm\n|-heal|p1a: Gholdengo|100\/100|[from] item: Leftovers\n|upkeep\n|turn|2\n|\n|t:|1684021608\n|switch|p2b: Amoonguss|Amoonguss, L50, F, shiny|100\/100\n|move|p2a: Chi-Yu|Protect|p2a: Chi-Yu\n|-singleturn|p2a: Chi-Yu|Protect\n|move|p1a: Gholdengo|Protect|p1a: Gholdengo\n|-singleturn|p1a: Gholdengo|Protect\n|move|p1b: Tyranitar|Rock Slide|p2b: Amoonguss|[spread] p2b\n|-activate|p2a: Chi-Yu|move: Protect\n|-damage|p2b: Amoonguss|83\/100\n|\n|-weather|Sandstorm|[upkeep]\n|-damage|p1a: Gholdengo|95\/100|[from] Sandstorm\n|-damage|p2b: Amoonguss|77\/100|[from] Sandstorm\n|-heal|p1a: Gholdengo|100\/100|[from] item: Leftovers\n|upkeep\n|turn|3\n|\n|t:|1684021631\n|switch|p1a: Great Tusk|Great Tusk, L50|100\/100\n|switch|p1b: Amoonguss|Amoonguss, L50, F|100\/100\n|move|p2a: Chi-Yu|Dark Pulse|p1a: Great Tusk\n|-resisted|p1a: Great Tusk\n|-damage|p1a: Great Tusk|17\/100\n|move|p2b: Amoonguss|Spore|p1b: Amoonguss\n|-immune|p1b: Amoonguss\n|\n|-weather|Sandstorm|[upkeep]\n|-damage|p2b: Amoonguss|71\/100|[from] Sandstorm\n|-damage|p1b: Amoonguss|95\/100|[from] Sandstorm\n|upkeep\n|turn|4\n|inactive|Battle timer is ON: inactive players will automatically lose when time's up. (requested by BroDontFuckWithMe)\n|\n|t:|1684021654\n|switch|p2b: Gyarados|Gyarados, L50, F, shiny|57\/100\n|-ability|p2b: Gyarados|Intimidate|boost\n|-unboost|p1a: Great Tusk|atk|1\n|-unboost|p1b: Amoonguss|atk|1\n|move|p2a: Chi-Yu|Protect|p2a: Chi-Yu\n|-singleturn|p2a: Chi-Yu|Protect\n|move|p1a: Great Tusk|Rock Slide|p2b: Gyarados|[spread] p2b\n|-activate|p2a: Chi-Yu|move: Protect\n|-supereffective|p2b: Gyarados\n|-damage|p2b: Gyarados|31\/100\n|move|p1b: Amoonguss|Pollen Puff|p1a: Great Tusk\n|-heal|p1a: Great Tusk|67\/100\n|\n|-weather|Sandstorm|[upkeep]\n|-damage|p2b: Gyarados|25\/100|[from] Sandstorm\n|-damage|p1b: Amoonguss|89\/100|[from] Sandstorm\n|upkeep\n|turn|5\n|\n|t:|1684021672\n|switch|p2b: Amoonguss|Amoonguss, L50, F, shiny|100\/100\n|switch|p1b: Tyranitar|Tyranitar, L50, F|100\/100\n|move|p1a: Great Tusk|Rock Slide|p2a: Chi-Yu|[spread] p2a,p2b\n|-damage|p2a: Chi-Yu|58\/100\n|-damage|p2b: Amoonguss|89\/100\n|move|p2a: Chi-Yu|Heat Wave|p1b: Tyranitar|[spread] p1a,p1b\n|-resisted|p1b: Tyranitar\n|-damage|p1a: Great Tusk|0 fnt\n|-damage|p1b: Tyranitar|78\/100\n|faint|p1a: Great Tusk\n|-end|p1a: Great Tusk|Protosynthesis|[silent]\n|\n|-weather|none\n|upkeep\n|\n|t:|1684021688\n|switch|p1a: Gholdengo|Gholdengo, L50, tera:Water|100\/100\n|turn|6\n|\n|t:|1684021700\n|switch|p1b: Amoonguss|Amoonguss, L50, F|100\/100\n|move|p2a: Chi-Yu|Protect|p2a: Chi-Yu\n|-singleturn|p2a: Chi-Yu|Protect\n|move|p1a: Gholdengo|Shadow Ball|p2a: Chi-Yu\n|-activate|p2a: Chi-Yu|move: Protect\n|move|p2b: Amoonguss|Spore|p1b: Amoonguss\n|-immune|p1b: Amoonguss\n|\n|upkeep\n|turn|7\n|\n|t:|1684021722\n|move|p2a: Chi-Yu|Dark Pulse|p1a: Gholdengo\n|-damage|p1a: Gholdengo|0 fnt\n|faint|p1a: Gholdengo\n|move|p2b: Amoonguss|Pollen Puff|p2a: Chi-Yu\n|-heal|p2a: Chi-Yu|100\/100\n|move|p1b: Amoonguss|Pollen Puff|p1: Gholdengo|[notarget]\n|-fail|p1b: Amoonguss\n|\n|upkeep\n|-message|BroDontFuckWithMe forfeited.\n|\n|win|TKOWL\n|raw|BroDontFuckWithMe's rating: 1634 → 1617<\/strong> (-17 for losing)\n|raw|TKOWL's rating: 1685 → 1702<\/strong> (+17 for winning)\n|l|\u2606BroDontFuckWithMe\n|l|\u2606TKOWL\n","uploadtime":1684021837,"views":8,"p1id":"brodontfuckwithme","p2id":"tkowl","formatid":"gen9vgc2023regulationc","rating":1617,"private":0,"password":""}