{"id":"gen9vgc2023regulationc-1847278503","p1":"Whismuravocado","p2":"Lesqueegee","format":"[Gen 9] VGC 2023 Regulation C","log":"|j|\u2606Whismuravocado\n|j|\u2606Lesqueegee\n|t:|1681934087\n|gametype|doubles\n|player|p1|Whismuravocado|sabrina|1361\n|player|p2|Lesqueegee|bianca|1352\n|teamsize|p1|6\n|teamsize|p2|6\n|gen|9\n|tier|[Gen 9] VGC 2023 Regulation C\n|rated|\n|rule|Species Clause: Limit one of each Pok\u00e9mon\n|rule|Item Clause: Limit one of each item\n|clearpoke\n|poke|p1|Hippowdon, L50, F|\n|poke|p1|Corviknight, L50, F|\n|poke|p1|Houndstone, L50, M|\n|poke|p1|Amoonguss, L50, M|\n|poke|p1|Gastrodon, L50, F|\n|poke|p1|Farigiraf, L50, F|\n|poke|p2|Tyranitar, L50, F|\n|poke|p2|Salamence, L50, F|\n|poke|p2|Amoonguss, L50, F|\n|poke|p2|Palafin, L50, M|\n|poke|p2|Houndstone, L50, M|\n|poke|p2|Flutter Mane, L50|\n|teampreview|4\n|inactive|Battle timer is ON: inactive players will automatically lose when time's up. (requested by Whismuravocado)\nWhismuravocado has agreed to open team sheets.\n|j| FredtheBugCatcher\n|\n|t:|1681934114\n|start\n|switch|p1a: Hippowdon|Hippowdon, L50, F|100\/100\n|switch|p1b: Corviknight|Corviknight, L50, F|100\/100\n|switch|p2a: Salamence|Salamence, L50, F|100\/100\n|switch|p2b: Palafin|Palafin, L50, M|100\/100\n|-ability|p2a: Salamence|Intimidate|boost\n|-unboost|p1a: Hippowdon|atk|1\n|-ability|p1b: Corviknight|Mirror Armor\n|-fail|p2a: Salamence|unboost|[from] item: Clear Amulet|[of] p2a: Salamence\n|-weather|Sandstorm|[from] ability: Sand Stream|[of] p1a: Hippowdon\n|turn|1\n|inactive|Whismuravocado has 30 seconds left.\n|\n|t:|1681934143\n|detailschange|p2b: Palafin|Palafin-Hero, L50, M\n|switch|p2b: Houndstone|Houndstone, L50, M, shiny|100\/100\n|move|p2a: Salamence|Tailwind|p2a: Salamence\n|-sidestart|p2: Lesqueegee|move: Tailwind\n|move|p1b: Corviknight|Bulk Up|p1b: Corviknight\n|-boost|p1b: Corviknight|atk|1\n|-boost|p1b: Corviknight|def|1\n|move|p1a: Hippowdon|Yawn|p2a: Salamence\n|-start|p2a: Salamence|move: Yawn|[of] p1a: Hippowdon\n|\n|-weather|Sandstorm|[upkeep]\n|-damage|p2a: Salamence|95\/100|[from] Sandstorm\n|upkeep\n|turn|2\n|\n|t:|1681934167\n|switch|p2a: Palafin|Palafin-Hero, L50, M|100\/100\n|-activate|p2a: Palafin|ability: Zero to Hero\n|move|p2b: Houndstone|Will-O-Wisp|p1b: Corviknight|[miss]\n|-miss|p2b: Houndstone|p1b: Corviknight\n|move|p1b: Corviknight|Brave Bird|p2b: Houndstone\n|-damage|p2b: Houndstone|50\/100\n|-enditem|p2b: Houndstone|Sitrus Berry|[eat]\n|-heal|p2b: Houndstone|74\/100|[from] item: Sitrus Berry\n|-damage|p1b: Corviknight|86\/100|[from] Recoil\n|move|p1a: Hippowdon|Earthquake|p2a: Palafin|[spread] p2a,p2b\n|-immune|p1b: Corviknight\n|-damage|p2a: Palafin|78\/100\n|-damage|p2b: Houndstone|51\/100\n|\n|-weather|Sandstorm|[upkeep]\n|upkeep\n|turn|3\n|\n|t:|1681934191\n|switch|p1a: Gastrodon|Gastrodon, L50, F|100\/100\n|move|p2a: Palafin|Protect|p2a: Palafin\n|-singleturn|p2a: Palafin|Protect\n|move|p2b: Houndstone|Will-O-Wisp|p1b: Corviknight\n|-status|p1b: Corviknight|brn\n|-enditem|p1b: Corviknight|Lum Berry|[eat]\n|-curestatus|p1b: Corviknight|brn|[msg]\n|move|p1b: Corviknight|Brave Bird|p2b: Houndstone\n|-crit|p2b: Houndstone\n|-damage|p2b: Houndstone|0 fnt\n|faint|p2b: Houndstone\n|-damage|p1b: Corviknight|71\/100|[from] Recoil\n|\n|-weather|Sandstorm|[upkeep]\n|upkeep\n|\n|t:|1681934202\n|switch|p2b: Flutter Mane|Flutter Mane, L50|100\/100\n|turn|4\n|\n|t:|1681934219\n|switch|p2a: Salamence|Salamence, L50, F|95\/100\n|-ability|p2a: Salamence|Intimidate|boost\n|-unboost|p1a: Gastrodon|atk|1\n|-ability|p1b: Corviknight|Mirror Armor\n|-fail|p2a: Salamence|unboost|[from] item: Clear Amulet|[of] p2a: Salamence\n|-terastallize|p2b: Flutter Mane|Fairy\n|move|p2b: Flutter Mane|Dazzling Gleam|p1b: Corviknight|[spread] p1a,p1b\n|-resisted|p1b: Corviknight\n|-damage|p1a: Gastrodon|57\/100\n|-damage|p1b: Corviknight|44\/100\n|move|p1b: Corviknight|Iron Head|p2b: Flutter Mane\n|-supereffective|p2b: Flutter Mane\n|-damage|p2b: Flutter Mane|0 fnt\n|faint|p2b: Flutter Mane\n|-end|p2b: Flutter Mane|Protosynthesis|[silent]\n|move|p1a: Gastrodon|Muddy Water|p2a: Salamence\n|-resisted|p2a: Salamence\n|-damage|p2a: Salamence|74\/100\n|\n|-weather|Sandstorm|[upkeep]\n|-damage|p2a: Salamence|68\/100|[from] Sandstorm\n|-sideend|p2: Lesqueegee|move: Tailwind\n|upkeep\n|\n|t:|1681934229\n|switch|p2b: Palafin|Palafin-Hero, L50, M|78\/100\n|turn|5\n|l| FredtheBugCatcher\n|\n|t:|1681934251\n|move|p2b: Palafin|Protect|p2b: Palafin\n|-singleturn|p2b: Palafin|Protect\n|move|p2a: Salamence|Dual Wingbeat|p1a: Gastrodon\n|-damage|p1a: Gastrodon|36\/100\n|-damage|p1a: Gastrodon|17\/100\n|-hitcount|p1a: Gastrodon|2\n|move|p1b: Corviknight|Roost|p1b: Corviknight\n|-heal|p1b: Corviknight|95\/100\n|-singleturn|p1b: Corviknight|move: Roost\n|move|p1a: Gastrodon|Earth Power|p2b: Palafin\n|-activate|p2b: Palafin|move: Protect\n|\n|-weather|none\n|upkeep\n|turn|6\n|\n|t:|1681934276\n|switch|p1a: Hippowdon|Hippowdon, L50, F|100\/100\n|-weather|Sandstorm|[from] ability: Sand Stream|[of] p1a: Hippowdon\n|move|p2b: Palafin|Haze|p2b: Palafin\n|-clearallboost\n|move|p2a: Salamence|Dual Wingbeat|p1a: Hippowdon\n|-damage|p1a: Hippowdon|86\/100\n|-damage|p1a: Hippowdon|72\/100\n|-hitcount|p1a: Hippowdon|2\n|move|p1b: Corviknight|Brave Bird|p2b: Palafin\n|-damage|p2b: Palafin|43\/100\n|-damage|p1b: Corviknight|83\/100|[from] Recoil\n|\n|-weather|Sandstorm|[upkeep]\n|-damage|p2a: Salamence|62\/100|[from] Sandstorm\n|-heal|p1a: Hippowdon|78\/100|[from] item: Leftovers\n|upkeep\n|turn|7\n|\n|t:|1681934297\n|switch|p1b: Gastrodon|Gastrodon, L50, F|17\/100\n|-terastallize|p1a: Hippowdon|Rock\n|move|p2b: Palafin|Wave Crash|p1b: Gastrodon\n|-activate|p1b: Gastrodon|ability: Storm Drain\n|-ability|p1b: Gastrodon|Storm Drain|boost\n|-boost|p1b: Gastrodon|spa|1\n|move|p2a: Salamence|Iron Head|p1a: Hippowdon\n|-supereffective|p1a: Hippowdon\n|-damage|p1a: Hippowdon|37\/100\n|move|p1a: Hippowdon|Stone Edge|p2a: Salamence\n|-supereffective|p2a: Salamence\n|-damage|p2a: Salamence|0 fnt\n|faint|p2a: Salamence\n|\n|-weather|Sandstorm|[upkeep]\n|-heal|p1a: Hippowdon|43\/100|[from] item: Leftovers\n|upkeep\n|turn|8\n|c|\u2606Lesqueegee|Gg\n|inactive|Whismuravocado has 30 seconds left.\n|\n|t:|1681934328\n|move|p2b: Palafin|Haze|p2b: Palafin\n|-clearallboost\n|move|p1a: Hippowdon|Stone Edge|p2b: Palafin|[miss]\n|-miss|p1a: Hippowdon|p2b: Palafin\n|move|p1b: Gastrodon|Earth Power|p2b: Palafin\n|-damage|p2b: Palafin|5\/100\n|-unboost|p2b: Palafin|spd|1\n|\n|-weather|Sandstorm|[upkeep]\n|-heal|p1a: Hippowdon|48\/100|[from] item: Leftovers\n|upkeep\n|turn|9\n|\n|t:|1681934343\n|move|p2b: Palafin|Haze|p2b: Palafin\n|-clearallboost\n|move|p1a: Hippowdon|Stone Edge|p2b: Palafin\n|-damage|p2b: Palafin|0 fnt\n|faint|p2b: Palafin\n|\n|win|Whismuravocado\n|raw|Whismuravocado's rating: 1361 → 1380<\/strong> (+19 for winning)\n|raw|Lesqueegee's rating: 1352 → 1333<\/strong> (-19 for losing)\n|c|\u2606Whismuravocado|Gg\n|l|\u2606Lesqueegee\n","uploadtime":1681934371,"views":12,"p1id":"whismuravocado","p2id":"lesqueegee","formatid":"gen9vgc2023regulationc","rating":1333,"private":0,"password":""}