{"id":"gen9vgc2023regulationc-1845208894","p1":"DanceOfHearts","p2":"dogson5","format":"[Gen 9] VGC 2023 Regulation C","log":"|j|\u2606DanceOfHearts\n|j|\u2606dogson5\n|t:|1681696607\n|gametype|doubles\n|player|p1|DanceOfHearts|may-masters2|1355\n|player|p2|dogson5|nate|1353\n|teamsize|p1|6\n|teamsize|p2|6\n|gen|9\n|tier|[Gen 9] VGC 2023 Regulation C\n|rated|\n|rule|Species Clause: Limit one of each Pok\u00e9mon\n|rule|Item Clause: Limit one of each item\n|clearpoke\n|poke|p1|Amoonguss, L50, M|\n|poke|p1|Chien-Pao, L50|\n|poke|p1|Arcanine, L50, F|\n|poke|p1|Palafin, L50, F|\n|poke|p1|Flutter Mane, L50|\n|poke|p1|Kingambit, L50, F|\n|poke|p2|Gholdengo, L50|\n|poke|p2|Dragonite, L50, F|\n|poke|p2|Ting-Lu, L50|\n|poke|p2|Chien-Pao, L50|\n|poke|p2|Scream Tail, L50|\n|poke|p2|Rotom-Wash, L50|\n|teampreview|4\nDanceOfHearts has agreed to open team sheets.\n|inactive|Battle timer is ON: inactive players will automatically lose when time's up. (requested by DanceOfHearts)\n|inactive|DanceOfHearts has 60 seconds left.\n|inactive|dogson5 has 60 seconds left.\n|\n|t:|1681696663\n|start\n|switch|p1a: Rawr XD|Chien-Pao, L50|100\/100\n|switch|p1b: Uwu|Palafin, L50, F|100\/100\n|switch|p2a: Dragonite|Dragonite, L50, F|100\/100\n|switch|p2b: Ting-Lu|Ting-Lu, L50|100\/100\n|-ability|p1a: Rawr XD|Sword of Ruin\n|-ability|p2b: Ting-Lu|Vessel of Ruin\n|turn|1\n|inactive|dogson5 has 30 seconds left.\n|\n|t:|1681696695\n|detailschange|p1b: Uwu|Palafin-Hero, L50, F\n|switch|p1b: Nya|Amoonguss, L50, M|100\/100\n|switch|p2a: Gholdengo|Gholdengo, L50|100\/100\n|-terastallize|p2b: Ting-Lu|Water\n|move|p1a: Rawr XD|Icicle Crash|p2a: Gholdengo\n|-resisted|p2a: Gholdengo\n|-damage|p2a: Gholdengo|76\/100\n|move|p2b: Ting-Lu|Heavy Slam|p1a: Rawr XD\n|-supereffective|p1a: Rawr XD\n|-damage|p1a: Rawr XD|8\/100\n|\n|upkeep\n|turn|2\n|inactive|dogson5 has 30 seconds left.\n|inactive|dogson5 has 20 seconds left.\n|\n|t:|1681696733\n|move|p1a: Rawr XD|Protect|p1a: Rawr XD\n|-singleturn|p1a: Rawr XD|Protect\n|move|p2a: Gholdengo|Trick|p1b: Nya\n|-activate|p2a: Gholdengo|move: Trick|[of] p1b: Nya\n|-item|p1b: Nya|Choice Specs|[from] move: Trick\n|-item|p2a: Gholdengo|Sitrus Berry|[from] move: Trick\n|move|p2b: Ting-Lu|Heavy Slam|p1a: Rawr XD\n|-activate|p1a: Rawr XD|move: Protect\n|move|p1b: Nya|Spore|p2b: Ting-Lu\n|-status|p2b: Ting-Lu|slp|[from] move: Spore\n|-enditem|p2b: Ting-Lu|Lum Berry|[eat]\n|-curestatus|p2b: Ting-Lu|slp|[msg]\n|\n|upkeep\n|turn|3\n|inactive|DanceOfHearts has 30 seconds left.\n|inactive|dogson5 has 30 seconds left.\n|inactive|dogson5 has 20 seconds left.\n|inactive|dogson5 has 15 seconds left.\n|inactive|dogson5 has 10 seconds left.\n|inactive|dogson5 has 5 seconds left.\n|\n|t:|1681696787\n|move|p1a: Rawr XD|Sucker Punch|p2a: Gholdengo\n|-supereffective|p2a: Gholdengo\n|-damage|p2a: Gholdengo|0 fnt\n|faint|p2a: Gholdengo\n|move|p2b: Ting-Lu|Payback|p1a: Rawr XD\n|-resisted|p1a: Rawr XD\n|-damage|p1a: Rawr XD|0 fnt\n|faint|p1a: Rawr XD\n|move|p1b: Nya|Spore|p2b: Ting-Lu\n|-status|p2b: Ting-Lu|slp|[from] move: Spore\n|\n|upkeep\n|\n|t:|1681696811\n|switch|p1a: Flutter Mane|Flutter Mane, L50|100\/100\n|switch|p2a: Dragonite|Dragonite, L50, F|100\/100\n|turn|4\n|inactive|dogson5 has 30 seconds left.\n|\n|t:|1681696837\n|move|p1a: Flutter Mane|Dazzling Gleam|p2b: Ting-Lu|[spread] p2a,p2b\n|-supereffective|p2a: Dragonite\n|-damage|p2a: Dragonite|53\/100\n|-damage|p2b: Ting-Lu|77\/100 slp\n|move|p2a: Dragonite|Stomping Tantrum|p1a: Flutter Mane\n|-damage|p1a: Flutter Mane|54\/100\n|cant|p2b: Ting-Lu|slp\n|move|p1b: Nya|Spore|p2a: Dragonite\n|-status|p2a: Dragonite|slp|[from] move: Spore\n|\n|upkeep\n|turn|5\n|inactive|DanceOfHearts has 30 seconds left.\n|\n|t:|1681696871\n|switch|p1b: Uwu|Palafin-Hero, L50, F|100\/100\n|-activate|p1b: Uwu|ability: Zero to Hero\n|move|p1a: Flutter Mane|Dazzling Gleam|p2b: Ting-Lu|[spread] p2a,p2b\n|-supereffective|p2a: Dragonite\n|-damage|p2a: Dragonite|8\/100 slp\n|-damage|p2b: Ting-Lu|52\/100 slp\n|cant|p2a: Dragonite|slp\n|cant|p2b: Ting-Lu|slp\n|\n|upkeep\n|turn|6\n|inactive|DanceOfHearts has 30 seconds left.\n|\n|t:|1681696898\n|-end|p1a: Flutter Mane|Protosynthesis|[silent]\n|switch|p1a: Nya|Amoonguss, L50, M|100\/100\n|cant|p2a: Dragonite|slp\n|move|p1b: Uwu|Jet Punch|p2a: Dragonite\n|-resisted|p2a: Dragonite\n|-crit|p2a: Dragonite\n|-damage|p2a: Dragonite|0 fnt\n|faint|p2a: Dragonite\n|-curestatus|p2b: Ting-Lu|slp|[msg]\n|move|p2b: Ting-Lu|Heavy Slam|p1a: Nya\n|-damage|p1a: Nya|69\/100\n|\n|upkeep\n|\n|t:|1681696909\n|switch|p2a: Chien-Pao|Chien-Pao, L50|100\/100\n|-ability|p2a: Chien-Pao|Sword of Ruin\n|turn|7\n|\n|t:|1681696934\n|-terastallize|p1a: Nya|Water\n|move|p1b: Uwu|Jet Punch|p2a: Chien-Pao\n|-damage|p2a: Chien-Pao|34\/100\n|move|p2a: Chien-Pao|Ice Spinner|p1a: Nya\n|-resisted|p1a: Nya\n|-damage|p1a: Nya|44\/100\n|move|p2b: Ting-Lu|Payback|p1b: Uwu\n|-damage|p1b: Uwu|41\/100\n|move|p1a: Nya|Spore|p2b: Ting-Lu\n|-status|p2b: Ting-Lu|slp|[from] move: Spore\n|\n|upkeep\n|turn|8\n|inactive|DanceOfHearts has 30 seconds left.\n|inactive|dogson5 has 30 seconds left.\n|\n|t:|1681696960\n|switch|p1b: Flutter Mane|Flutter Mane, L50|54\/100\n|move|p2a: Chien-Pao|Protect|p2a: Chien-Pao\n|-singleturn|p2a: Chien-Pao|Protect\n|cant|p2b: Ting-Lu|slp\n|move|p1a: Nya|Spore|p2a: Chien-Pao\n|-activate|p2a: Chien-Pao|move: Protect\n|\n|upkeep\n|turn|9\n|inactive|DanceOfHearts has 30 seconds left.\n|inactive|dogson5 has 30 seconds left.\n|inactive|dogson5 has 20 seconds left.\n|\n|t:|1681696996\n|switch|p1a: Uwu|Palafin-Hero, L50, F|41\/100\n|move|p1b: Flutter Mane|Thunderbolt|p2b: Ting-Lu\n|-supereffective|p2b: Ting-Lu\n|-damage|p2b: Ting-Lu|3\/100 slp\n|move|p2a: Chien-Pao|Ice Spinner|p1b: Flutter Mane\n|-crit|p1b: Flutter Mane\n|-damage|p1b: Flutter Mane|0 fnt\n|faint|p1b: Flutter Mane\n|-end|p1b: Flutter Mane|Protosynthesis|[silent]\n|cant|p2b: Ting-Lu|slp\n|\n|upkeep\n|\n|t:|1681697006\n|switch|p1b: Nya|Amoonguss, L50, M, tera:Water|77\/100\n|turn|10\n|\n|t:|1681697018\n|move|p1a: Uwu|Protect|p1a: Uwu\n|-singleturn|p1a: Uwu|Protect\n|move|p2a: Chien-Pao|Sucker Punch||[still]\n|-fail|p2a: Chien-Pao\n|-curestatus|p2b: Ting-Lu|slp|[msg]\n|move|p2b: Ting-Lu|Payback|p1a: Uwu\n|-activate|p1a: Uwu|move: Protect\n|move|p1b: Nya|Pollen Puff|p2a: Chien-Pao\n|-supereffective|p2a: Chien-Pao\n|-damage|p2a: Chien-Pao|0 fnt\n|faint|p2a: Chien-Pao\n|\n|upkeep\n|turn|11\n|c|\u2606dogson5|ggwp\n|\n|t:|1681697041\n|move|p1a: Uwu|Jet Punch|p2b: Ting-Lu\n|-resisted|p2b: Ting-Lu\n|-damage|p2b: Ting-Lu|0 fnt\n|faint|p2b: Ting-Lu\n|\n|win|DanceOfHearts\n|raw|DanceOfHearts's rating: 1355 → 1375<\/strong> (+20 for winning)\n|raw|dogson5's rating: 1353 → 1333<\/strong> (-20 for losing)\n","uploadtime":1681697051,"views":12,"p1id":"danceofhearts","p2id":"dogson5","formatid":"gen9vgc2023regulationc","rating":1333,"private":0,"password":""}