{"id":"gen9vgc2023regulationc-1860753481","p1":"qu4xly","p2":"LIVN LA VIDA LOCA","format":"[Gen 9] VGC 2023 Regulation C","log":"|j|\u2606qu4xly\n|j|\u2606LIVN LA VIDA LOCA\n|t:|1683673740\n|gametype|doubles\n|player|p1|qu4xly|blackbelt-gen4dp|1074\n|player|p2|LIVN LA VIDA LOCA|biker-gen4|1094\n|teamsize|p1|6\n|teamsize|p2|6\n|gen|9\n|tier|[Gen 9] VGC 2023 Regulation C\n|rated|\n|rule|Species Clause: Limit one of each Pok\u00e9mon\n|rule|Item Clause: Limit one of each item\n|clearpoke\n|poke|p1|Ting-Lu, L50|\n|poke|p1|Abomasnow, L50, M|\n|poke|p1|Flutter Mane, L50|\n|poke|p1|Iron Hands, L50|\n|poke|p1|Bronzong, L50|\n|poke|p1|Arcanine, L50, F|\n|poke|p2|Maushold-Four, L50|\n|poke|p2|Annihilape, L50, F|\n|poke|p2|Dragonite, L50, M|\n|poke|p2|Amoonguss, L50, M|\n|poke|p2|Flutter Mane, L50|\n|poke|p2|Orthworm, L50, F|\n|teampreview|4\n|inactive|Battle timer is ON: inactive players will automatically lose when time's up. (requested by LIVN LA VIDA LOCA)\nqu4xly rejected open team sheets.\n|inactive|qu4xly has 60 seconds left.\n|\n|t:|1683673793\n|start\n|switch|p1a: Arcanine|Arcanine, L50, F|100\/100\n|switch|p1b: Flutter Mane|Flutter Mane, L50|100\/100\n|switch|p2a: Flutter Mane|Flutter Mane, L50|100\/100\n|switch|p2b: Orthworm|Orthworm, L50, F|100\/100\n|-ability|p1a: Arcanine|Intimidate|boost\n|-unboost|p2a: Flutter Mane|atk|1\n|-unboost|p2b: Orthworm|atk|1\n|turn|1\n|inactive|qu4xly has 30 seconds left.\n|inactive|LIVN LA VIDA LOCA has 30 seconds left.\n|inactive|LIVN LA VIDA LOCA has 20 seconds left.\n|inactive|LIVN LA VIDA LOCA has 15 seconds left.\n|\n|t:|1683673836\n|switch|p2b: Dragonite|Dragonite, L50, M|100\/100\n|-terastallize|p2a: Flutter Mane|Fairy\n|move|p2a: Flutter Mane|Shadow Ball|p1b: Flutter Mane\n|-supereffective|p1b: Flutter Mane\n|-damage|p1b: Flutter Mane|11\/100\n|-damage|p2a: Flutter Mane|91\/100|[from] item: Life Orb\n|move|p1b: Flutter Mane|Shadow Ball|p2a: Flutter Mane\n|-damage|p2a: Flutter Mane|40\/100\n|move|p1a: Arcanine|Flare Blitz|p2b: Dragonite\n|-resisted|p2b: Dragonite\n|-damage|p2b: Dragonite|71\/100\n|-damage|p1a: Arcanine|90\/100|[from] Recoil\n|\n|upkeep\n|turn|2\n|\n|t:|1683673860\n|-end|p1b: Flutter Mane|Protosynthesis|[silent]\n|switch|p1b: Bronzong|Bronzong, L50, shiny|100\/100\n|move|p1a: Arcanine|Extreme Speed|p2a: Flutter Mane\n|-damage|p2a: Flutter Mane|0 fnt\n|faint|p2a: Flutter Mane\n|-end|p2a: Flutter Mane|Protosynthesis|[silent]\n|move|p2b: Dragonite|Dragon Dance|p2b: Dragonite\n|-boost|p2b: Dragonite|atk|1\n|-boost|p2b: Dragonite|spe|1\n|-enditem|p1a: Arcanine|Mirror Herb\n|-boost|p1a: Arcanine|atk|1|[from] item: Mirror Herb\n|-boost|p1a: Arcanine|spe|1|[from] item: Mirror Herb\n|\n|upkeep\n|\n|t:|1683673876\n|switch|p2a: Orthworm|Orthworm, L50, F|100\/100\n|turn|3\n|inactive|qu4xly has 30 seconds left.\n|inactive|qu4xly has 20 seconds left.\n|\n|t:|1683673914\n|-terastallize|p1a: Arcanine|Flying\n|move|p2a: Orthworm|Protect|p2a: Orthworm\n|-singleturn|p2a: Orthworm|Protect\n|move|p1a: Arcanine|Flare Blitz|p2a: Orthworm\n|-activate|p2a: Orthworm|move: Protect\n|move|p2b: Dragonite|Waterfall|p1a: Arcanine\n|-damage|p1a: Arcanine|39\/100\n|move|p1b: Bronzong|Gyro Ball|p2b: Dragonite\n|-damage|p2b: Dragonite|33\/100\n|\n|upkeep\n|turn|4\n|\n|t:|1683673928\n|move|p2b: Dragonite|Extreme Speed|p1a: Arcanine\n|-damage|p1a: Arcanine|0 fnt\n|faint|p1a: Arcanine\n|move|p2a: Orthworm|Shed Tail|p2a: Orthworm\n|-start|p2a: Orthworm|Substitute|[from] move: Shed Tail\n|-damage|p2a: Orthworm|50\/100\n|-enditem|p2a: Orthworm|Sitrus Berry|[eat]\n|-heal|p2a: Orthworm|75\/100|[from] item: Sitrus Berry\n|\n|t:|1683673936\n|switch|p2a: Annihilape|Annihilape, L50, F|100\/100|[from] Shed Tail\n|move|p1b: Bronzong|Gyro Ball|p2b: Dragonite\n|-damage|p2b: Dragonite|0 fnt\n|faint|p2b: Dragonite\n|\n|upkeep\n|\n|t:|1683673942\n|switch|p1a: Abomasnow|Abomasnow, L50, M|100\/100\n|switch|p2b: Orthworm|Orthworm, L50, F|75\/100\n|-weather|Snow|[from] ability: Snow Warning|[of] p1a: Abomasnow\n|turn|5\n|inactive|qu4xly has 30 seconds left.\n|\n|t:|1683673982\n|move|p1a: Abomasnow|Protect|p1a: Abomasnow\n|-singleturn|p1a: Abomasnow|Protect\n|move|p2a: Annihilape|Earthquake|p1a: Abomasnow|[spread] \n|-activate|p1a: Abomasnow|move: Protect\n|-heal|p2b: Orthworm|100\/100|[from] ability: Earth Eater|[of] p2a: Annihilape\n|-immune|p1b: Bronzong|[from] ability: Levitate\n|move|p2b: Orthworm|Iron Defense|p2b: Orthworm\n|-boost|p2b: Orthworm|def|2\n|move|p1b: Bronzong|Trick Room|p1b: Bronzong\n|-fieldstart|move: Trick Room|[of] p1b: Bronzong\n|\n|-weather|Snow|[upkeep]\n|upkeep\n|turn|6\n|inactive|LIVN LA VIDA LOCA has 30 seconds left.\n|inactive|qu4xly has 30 seconds left.\n|inactive|LIVN LA VIDA LOCA has 20 seconds left.\n|inactive|qu4xly has 20 seconds left.\n|inactive|LIVN LA VIDA LOCA has 15 seconds left.\n|\n|t:|1683674024\n|move|p1b: Bronzong|Gyro Ball|p2a: Annihilape\n|-end|p2a: Annihilape|Substitute\n|move|p1a: Abomasnow|Blizzard|p2a: Annihilape|[spread] p2a,p2b\n|-resisted|p2b: Orthworm\n|-damage|p2a: Annihilape|70\/100\n|-damage|p2b: Orthworm|80\/100\n|move|p2b: Orthworm|Body Press|p1b: Bronzong\n|-damage|p1b: Bronzong|52\/100\n|move|p2a: Annihilape|Bulk Up|p2a: Annihilape\n|-boost|p2a: Annihilape|atk|1\n|-boost|p2a: Annihilape|def|1\n|\n|-weather|Snow|[upkeep]\n|-heal|p2a: Annihilape|76\/100|[from] item: Leftovers\n|upkeep\n|turn|7\n|inactive|qu4xly has 30 seconds left.\n|\n|t:|1683674054\n|move|p1b: Bronzong|Gyro Ball|p1a: Abomasnow\n|-supereffective|p1a: Abomasnow\n|-damage|p1a: Abomasnow|81\/100\n|-enditem|p1a: Abomasnow|Weakness Policy\n|-boost|p1a: Abomasnow|atk|2|[from] item: Weakness Policy\n|-boost|p1a: Abomasnow|spa|2|[from] item: Weakness Policy\n|move|p1a: Abomasnow|Giga Drain|p2b: Orthworm\n|-resisted|p2b: Orthworm\n|-damage|p2b: Orthworm|38\/100\n|-heal|p1a: Abomasnow|99\/100|[from] drain|[of] p2b: Orthworm\n|move|p2b: Orthworm|Iron Defense|p2b: Orthworm\n|-boost|p2b: Orthworm|def|2\n|move|p2a: Annihilape|Drain Punch|p1a: Abomasnow\n|-supereffective|p1a: Abomasnow\n|-damage|p1a: Abomasnow|19\/100\n|-heal|p2a: Annihilape|100\/100|[from] drain|[of] p1a: Abomasnow\n|\n|-weather|Snow|[upkeep]\n|upkeep\n|turn|8\n|inactive|LIVN LA VIDA LOCA has 30 seconds left.\n|inactive|qu4xly has 30 seconds left.\n|\n|t:|1683674096\n|move|p2b: Orthworm|Protect|p2b: Orthworm\n|-singleturn|p2b: Orthworm|Protect\n|move|p1b: Bronzong|Gyro Ball|p2a: Annihilape\n|-damage|p2a: Annihilape|76\/100\n|move|p1a: Abomasnow|Giga Drain|p2a: Annihilape\n|-damage|p2a: Annihilape|14\/100\n|-heal|p1a: Abomasnow|51\/100|[from] drain|[of] p2a: Annihilape\n|move|p2a: Annihilape|Rage Fist|p1b: Bronzong\n|-supereffective|p1b: Bronzong\n|-damage|p1b: Bronzong|0 fnt\n|faint|p1b: Bronzong\n|\n|-weather|Snow|[upkeep]\n|-heal|p2a: Annihilape|20\/100|[from] item: Leftovers\n|upkeep\n|\n|t:|1683674108\n|switch|p1b: Flutter Mane|Flutter Mane, L50|11\/100\n|turn|9\n|\n|t:|1683674130\n|move|p1a: Abomasnow|Giga Drain|p2a: Annihilape\n|-damage|p2a: Annihilape|0 fnt\n|-heal|p1a: Abomasnow|61\/100|[from] drain|[of] p2a: Annihilape\n|faint|p2a: Annihilape\n|move|p2b: Orthworm|Body Press|p1a: Abomasnow\n|-supereffective|p1a: Abomasnow\n|-damage|p1a: Abomasnow|0 fnt\n|faint|p1a: Abomasnow\n|move|p1b: Flutter Mane|Shadow Ball|p2b: Orthworm\n|-damage|p2b: Orthworm|0 fnt\n|faint|p2b: Orthworm\n|\n|win|qu4xly\n|raw|qu4xly's rating: 1074 → 1105<\/strong> (+31 for winning)\n|raw|LIVN LA VIDA LOCA's rating: 1094 → 1069<\/strong> (-25 for losing)\n|l|\u2606LIVN LA VIDA LOCA\n|c|\u2606qu4xly|gg\n","uploadtime":1683674147,"views":15,"p1id":"qu4xly","p2id":"livnlavidaloca","formatid":"gen9vgc2023regulationc","rating":1069,"private":0,"password":""}