{"id":"gen9vgc2023regulationc-1850346746","p1":"Zerostalfos","p2":"GoldieHonchkrow","format":"[Gen 9] VGC 2023 Regulation C","log":"|j|\u2606Zerostalfos\n|j|\u2606GoldieHonchkrow\n|t:|1682322228\n|gametype|doubles\n|player|p1|Zerostalfos|101|1007\n|player|p2|GoldieHonchkrow|266|1099\n|teamsize|p1|6\n|teamsize|p2|6\n|gen|9\n|tier|[Gen 9] VGC 2023 Regulation C\n|rated|\n|rule|Species Clause: Limit one of each Pok\u00e9mon\n|rule|Item Clause: Limit one of each item\n|clearpoke\n|poke|p1|Kingambit, L50, M|\n|poke|p1|Baxcalibur, L50, F|\n|poke|p1|Arcanine, L50, M|\n|poke|p1|Flutter Mane, L50|\n|poke|p1|Maushold-Four, L50|\n|poke|p1|Annihilape, L50, F|\n|poke|p2|Tatsugiri, L50, M|\n|poke|p2|Chi-Yu, L50|\n|poke|p2|Glimmora, L50, F|\n|poke|p2|Dragonite, L50, M|\n|poke|p2|Dondozo, L50, F|\n|poke|p2|Iron Bundle, L50|\n|teampreview|4\n|inactive|Battle timer is ON: inactive players will automatically lose when time's up. (requested by GoldieHonchkrow)\n|inactive|GoldieHonchkrow has 60 seconds left.\n|inactive|GoldieHonchkrow has 30 seconds left.\n|\n|t:|1682322304\n|start\n|switch|p1a: Baxcalibur|Baxcalibur, L50, F|100\/100\n|switch|p1b: Kingambit|Kingambit, L50, M|100\/100\n|switch|p2a: Tatsugiri|Tatsugiri, L50, M|100\/100\n|switch|p2b: Glimmora|Glimmora, L50, F|100\/100\n|turn|1\n|inactive|Zerostalfos has 30 seconds left.\n|\n|t:|1682322331\n|move|p1a: Baxcalibur|Ice Shard|p2b: Glimmora\n|-damage|p2b: Glimmora|82\/100\n|-activate|p2b: Glimmora|ability: Toxic Debris\n|-sidestart|p1: Zerostalfos|move: Toxic Spikes\n|move|p2a: Tatsugiri|Dragon Pulse|p1a: Baxcalibur\n|-supereffective|p1a: Baxcalibur\n|-damage|p1a: Baxcalibur|9\/100\n|move|p2b: Glimmora|Power Gem|p1a: Baxcalibur\n|-supereffective|p1a: Baxcalibur\n|-damage|p1a: Baxcalibur|0 fnt\n|faint|p1a: Baxcalibur\n|move|p1b: Kingambit|Swords Dance|p1b: Kingambit\n|-boost|p1b: Kingambit|atk|2\n|\n|upkeep\n|\n|t:|1682322352\n|switch|p1a: Flutter Mane|Flutter Mane, L50|100\/100\n|-status|p1a: Flutter Mane|psn\n|-enditem|p1a: Flutter Mane|Booster Energy\n|-activate|p1a: Flutter Mane|ability: Protosynthesis|[fromitem]\n|-start|p1a: Flutter Mane|protosynthesisspe\n|turn|2\n|\n|t:|1682322376\n|move|p1a: Flutter Mane|Moonblast|p2a: Tatsugiri\n|-supereffective|p2a: Tatsugiri\n|-damage|p2a: Tatsugiri|0 fnt\n|faint|p2a: Tatsugiri\n|move|p2b: Glimmora|Earth Power|p1b: Kingambit\n|-supereffective|p1b: Kingambit\n|-damage|p1b: Kingambit|53\/100\n|move|p1b: Kingambit|Kowtow Cleave|p2b: Glimmora\n|-damage|p2b: Glimmora|0 fnt\n|-activate|p2b: Glimmora|ability: Toxic Debris\n|-sidestart|p1: Zerostalfos|move: Toxic Spikes\n|faint|p2b: Glimmora\n|\n|-damage|p1a: Flutter Mane|88\/100 psn|[from] psn\n|upkeep\n|\n|t:|1682322391\n|switch|p2a: Iron Bundle|Iron Bundle, L50|100\/100\n|switch|p2b: Chi-Yu|Chi-Yu, L50|100\/100\n|-ability|p2b: Chi-Yu|Beads of Ruin\n|-enditem|p2a: Iron Bundle|Booster Energy\n|-activate|p2a: Iron Bundle|ability: Quark Drive|[fromitem]\n|-start|p2a: Iron Bundle|quarkdrivespe\n|turn|3\n|\n|t:|1682322413\n|-terastallize|p1b: Kingambit|Flying\n|move|p2a: Iron Bundle|Protect|p2a: Iron Bundle\n|-singleturn|p2a: Iron Bundle|Protect\n|move|p1b: Kingambit|Sucker Punch||[still]\n|-fail|p1b: Kingambit\n|move|p1a: Flutter Mane|Thunderbolt|p2a: Iron Bundle\n|-activate|p2a: Iron Bundle|move: Protect\n|move|p2b: Chi-Yu|Heat Wave|p1b: Kingambit|[spread] p1b\n|-miss|p2b: Chi-Yu|p1a: Flutter Mane\n|-damage|p1b: Kingambit|10\/100\n|-damage|p2b: Chi-Yu|91\/100|[from] item: Life Orb\n|\n|-damage|p1a: Flutter Mane|76\/100 psn|[from] psn\n|upkeep\n|turn|4\n|inactive|GoldieHonchkrow has 30 seconds left.\n|\n|t:|1682322445\n|move|p1b: Kingambit|Sucker Punch|p2a: Iron Bundle\n|-damage|p2a: Iron Bundle|0 fnt\n|faint|p2a: Iron Bundle\n|-end|p2a: Iron Bundle|Quark Drive|[silent]\n|move|p1a: Flutter Mane|Thunderbolt|p2b: Chi-Yu\n|-damage|p2b: Chi-Yu|63\/100\n|move|p2b: Chi-Yu|Heat Wave|p1b: Kingambit|[spread] p1a\n|-miss|p2b: Chi-Yu|p1b: Kingambit\n|-damage|p1a: Flutter Mane|30\/100 psn\n|-damage|p2b: Chi-Yu|53\/100|[from] item: Life Orb\n|\n|-damage|p1a: Flutter Mane|18\/100 psn|[from] psn\n|upkeep\n|turn|5\n|\n|t:|1682322465\n|move|p2b: Chi-Yu|Protect|p2b: Chi-Yu\n|-singleturn|p2b: Chi-Yu|Protect\n|move|p1a: Flutter Mane|Moonblast|p2b: Chi-Yu\n|-activate|p2b: Chi-Yu|move: Protect\n|move|p1b: Kingambit|Tera Blast|p2b: Chi-Yu\n|-activate|p2b: Chi-Yu|move: Protect\n|\n|-damage|p1a: Flutter Mane|6\/100 psn|[from] psn\n|upkeep\n|turn|6\n|\n|t:|1682322482\n|move|p2b: Chi-Yu|Protect|p2b: Chi-Yu\n|-singleturn|p2b: Chi-Yu|Protect\n|move|p1a: Flutter Mane|Moonblast|p2b: Chi-Yu\n|-activate|p2b: Chi-Yu|move: Protect\n|move|p1b: Kingambit|Tera Blast|p2b: Chi-Yu\n|-activate|p2b: Chi-Yu|move: Protect\n|\n|-damage|p1a: Flutter Mane|0 fnt|[from] psn\n|faint|p1a: Flutter Mane\n|-end|p1a: Flutter Mane|Protosynthesis|[silent]\n|upkeep\n|\n|t:|1682322494\n|switch|p1a: Annihilape|Annihilape, L50, F|100\/100\n|-status|p1a: Annihilape|tox\n|turn|7\n|\n|t:|1682322507\n|-terastallize|p2b: Chi-Yu|Ghost\n|move|p2b: Chi-Yu|Heat Wave|p1b: Kingambit|[spread] p1a,p1b\n|-damage|p1a: Annihilape|62\/100 tox\n|-damage|p1b: Kingambit|0 fnt\n|faint|p1b: Kingambit\n|-damage|p2b: Chi-Yu|44\/100|[from] item: Life Orb\n|move|p1a: Annihilape|Drain Punch|p2b: Chi-Yu\n|-immune|p2b: Chi-Yu\n|\n|-heal|p1a: Annihilape|68\/100 tox|[from] item: Leftovers\n|-damage|p1a: Annihilape|62\/100 tox|[from] psn\n|upkeep\n|turn|8\n|\n|t:|1682322522\n|move|p2b: Chi-Yu|Overheat|p1a: Annihilape\n|-damage|p1a: Annihilape|0 fnt\n|-unboost|p2b: Chi-Yu|spa|2\n|faint|p1a: Annihilape\n|-damage|p2b: Chi-Yu|34\/100|[from] item: Life Orb\n|\n|win|GoldieHonchkrow\n|raw|Zerostalfos's rating: 1007 → 1000<\/strong> (-7 for losing)\n|raw|GoldieHonchkrow's rating: 1099 → 1118<\/strong> (+19 for winning)\n|l|\u2606Zerostalfos\n","uploadtime":1682322533,"views":29,"p1id":"zerostalfos","p2id":"goldiehonchkrow","formatid":"gen9vgc2023regulationc","rating":1000,"private":0,"password":""}