{"id":"gen9vgc2023regulationc-1862288738","p1":"Erk7","p2":"AermanReid","format":"[Gen 9] VGC 2023 Regulation C","log":"|j|\u2606Erk7\n|j|\u2606AermanReid\n|t:|1683860230\n|gametype|doubles\n|player|p1|Erk7|veteran|1098\n|player|p2|AermanReid|blue|1000\n|teamsize|p1|6\n|teamsize|p2|6\n|gen|9\n|tier|[Gen 9] VGC 2023 Regulation C\n|rated|\n|rule|Species Clause: Limit one of each Pok\u00e9mon\n|rule|Item Clause: Limit one of each item\n|clearpoke\n|poke|p1|Iron Bundle, L50|\n|poke|p1|Iron Hands, L50|\n|poke|p1|Garchomp, L50, F|\n|poke|p1|Volcarona, L50, F|\n|poke|p1|Gardevoir, L50, F|\n|poke|p1|Grimmsnarl, L50, M|\n|poke|p2|Tsareena, L50, F|\n|poke|p2|Brambleghast, L50, M|\n|poke|p2|Rotom-Mow, L50|\n|poke|p2|Brute Bonnet, L50|\n|poke|p2|Arboliva, L50, M|\n|poke|p2|Breloom, L50, F|\n|teampreview|4\n|c|\u2606AermanReid|honestly\n|j| GymLeader Avery\n|c|\u2606AermanReid|i would quit now while you can\n|c|\u2606AermanReid|even my boy Avery joined in to see this beat down\n|inactive|Battle timer is ON: inactive players will automatically lose when time's up. (requested by AermanReid)\n|c| GymLeader Avery|[the viewer cautions that he should also leave before it gets funky]\n|inactive|AermanReid has 60 seconds left.\n|\n|t:|1683860288\n|start\n|switch|p1a: Channel|Gardevoir, L50, F, shiny|100\/100\n|switch|p1b: Santa|Iron Bundle, L50|100\/100\n|switch|p2a: Tsareena|Tsareena, L50, F|100\/100\n|switch|p2b: Breloom|Breloom, L50, F|100\/100\n|-ability|p1a: Channel|Technician|[from] ability: Trace|[of] p2b: Breloom\n|turn|1\n|c|\u2606AermanReid|prepare for trouble\n|c|\u2606AermanReid|and make it double\n|inactive|AermanReid has 30 seconds left.\n|inactive|AermanReid has 20 seconds left.\n|inactive|AermanReid has 15 seconds left.\n|\n|t:|1683860329\n|-terastallize|p2b: Breloom|Fighting\n|move|p1b: Santa|Protect|p1b: Santa\n|-singleturn|p1b: Santa|Protect\n|move|p1a: Channel|Misty Terrain|p1a: Channel\n|-fieldstart|move: Misty Terrain\n|move|p2a: Tsareena|Seed Bomb|p1a: Channel\n|-damage|p1a: Channel|46\/100\n|move|p2b: Breloom|Bullet Seed|p1b: Santa\n|-activate|p1b: Santa|move: Protect\n|\n|upkeep\n|turn|2\n|inactive|Erk7 has 30 seconds left.\n|\n|t:|1683860359\n|move|p2b: Breloom|Mach Punch|p1b: Santa\n|-supereffective|p1b: Santa\n|-enditem|p1b: Santa|Focus Sash\n|-damage|p1b: Santa|1\/100\n|move|p1b: Santa|Freeze-Dry|p2a: Tsareena\n|-supereffective|p2a: Tsareena\n|-damage|p2a: Tsareena|26\/100\n|move|p1a: Channel|Shadow Ball|p2a: Tsareena\n|-damage|p2a: Tsareena|0 fnt\n|faint|p2a: Tsareena\n|-damage|p1a: Channel|36\/100|[from] item: Life Orb\n|\n|upkeep\n|\n|t:|1683860372\n|switch|p2a: Brute Bonnet|Brute Bonnet, L50|100\/100\n|-enditem|p2a: Brute Bonnet|Booster Energy\n|-activate|p2a: Brute Bonnet|ability: Protosynthesis|[fromitem]\n|-start|p2a: Brute Bonnet|protosynthesisatk\n|turn|3\n|c|\u2606AermanReid|prepare for the\n|c|\u2606AermanReid|WAIT\n|\n|t:|1683860387\n|-end|p1b: Santa|Quark Drive|[silent]\n|switch|p1b: Cinthya|Garchomp, L50, F, shiny|100\/100\n|move|p2b: Breloom|Mach Punch|p1b: Cinthya\n|-damage|p1b: Cinthya|60\/100\n|-damage|p2b: Breloom|89\/100|[from] ability: Rough Skin|[of] p1b: Cinthya\n|-damage|p2b: Breloom|72\/100|[from] item: Rocky Helmet|[of] p1b: Cinthya\n|move|p2a: Brute Bonnet|Sucker Punch|p1a: Channel\n|-damage|p1a: Channel|0 fnt\n|faint|p1a: Channel\n|\n|upkeep\n|c|\u2606AermanReid|what comes after thunder?\n|c|\u2606AermanReid|LIGHTNING\n|c|\u2606AermanReid|SHAZAM\n|\n|t:|1683860403\n|switch|p1a: Volcabrona|Volcarona, L50, F, shiny|100\/100\n|turn|4\n|\n|t:|1683860417\n|switch|p2b: Arboliva|Arboliva, L50, M|100\/100\n|move|p1a: Volcabrona|Rage Powder|p1a: Volcabrona\n|-singleturn|p1a: Volcabrona|move: Rage Powder\n|move|p2a: Brute Bonnet|Sucker Punch||[still]\n|-fail|p2a: Brute Bonnet\n|move|p1b: Cinthya|Iron Head|p2b: Arboliva\n|-damage|p2b: Arboliva|71\/100\n|\n|upkeep\n|turn|5\n|\n|t:|1683860440\n|move|p1a: Volcabrona|Quiver Dance|p1a: Volcabrona\n|-boost|p1a: Volcabrona|spa|1\n|-boost|p1a: Volcabrona|spd|1\n|-boost|p1a: Volcabrona|spe|1\n|move|p1b: Cinthya|Iron Head|p2b: Arboliva\n|-crit|p2b: Arboliva\n|-damage|p2b: Arboliva|26\/100\n|-enditem|p2b: Arboliva|Sitrus Berry|[eat]\n|-heal|p2b: Arboliva|51\/100|[from] item: Sitrus Berry\n|move|p2a: Brute Bonnet|Spore|p1a: Volcabrona\n|-activate|p1a: Volcabrona|item: Safety Goggles|Spore\n|cant|p2b: Arboliva|flinch\n|\n|-fieldend|Misty Terrain\n|upkeep\n|turn|6\n|\n|t:|1683860462\n|move|p2a: Brute Bonnet|Sucker Punch||[still]\n|-fail|p2a: Brute Bonnet\n|move|p1a: Volcabrona|Quiver Dance|p1a: Volcabrona\n|-boost|p1a: Volcabrona|spa|1\n|-boost|p1a: Volcabrona|spd|1\n|-boost|p1a: Volcabrona|spe|1\n|move|p1b: Cinthya|Iron Head|p2b: Arboliva\n|-damage|p2b: Arboliva|24\/100\n|move|p2b: Arboliva|Hyper Voice|p1a: Volcabrona|[spread] p1a,p1b\n|-crit|p1b: Cinthya\n|-damage|p1a: Volcabrona|84\/100\n|-damage|p1b: Cinthya|9\/100\n|\n|upkeep\n|turn|7\n|\n|t:|1683860480\n|move|p2a: Brute Bonnet|Sucker Punch|p1b: Cinthya\n|-damage|p1b: Cinthya|0 fnt\n|-damage|p2a: Brute Bonnet|88\/100|[from] ability: Rough Skin|[of] p1b: Cinthya\n|-damage|p2a: Brute Bonnet|72\/100|[from] item: Rocky Helmet|[of] p1b: Cinthya\n|faint|p1b: Cinthya\n|move|p1a: Volcabrona|Fiery Dance|p2a: Brute Bonnet\n|-supereffective|p2a: Brute Bonnet\n|-damage|p2a: Brute Bonnet|0 fnt\n|faint|p2a: Brute Bonnet\n|-end|p2a: Brute Bonnet|Protosynthesis|[silent]\n|move|p2b: Arboliva|Leech Seed|p1a: Volcabrona\n|-start|p1a: Volcabrona|move: Leech Seed\n|\n|-damage|p1a: Volcabrona|71\/100|[from] Leech Seed|[of] p2b: Arboliva\n|-heal|p2b: Arboliva|35\/100|[silent]\n|upkeep\n|c| GymLeader Avery|[it would seem the red corner isn't going to like the result here]\n|c|\u2606AermanReid|now that youve been seeded\n|c|\u2606AermanReid|theres nothing you can do\n|c|\u2606AermanReid|>:)\n|c|\u2606AermanReid|after 12 turns\n|c|\u2606AermanReid|your done >:)\n|inactive|AermanReid has 30 seconds left.\n|\n|t:|1683860508\n|switch|p1b: Santa|Iron Bundle, L50|1\/100\n|switch|p2a: Breloom|Breloom, L50, F, tera:Fighting|72\/100\n|turn|8\n|\n|t:|1683860525\n|move|p1b: Santa|Protect|p1b: Santa\n|-singleturn|p1b: Santa|Protect\n|move|p2b: Arboliva|Protect|p2b: Arboliva\n|-singleturn|p2b: Arboliva|Protect\n|move|p2a: Breloom|Mach Punch|p1b: Santa\n|-activate|p1b: Santa|move: Protect\n|move|p1a: Volcabrona|Fiery Dance|p2a: Breloom\n|-damage|p2a: Breloom|0 fnt\n|faint|p2a: Breloom\n|\n|-damage|p1a: Volcabrona|59\/100|[from] Leech Seed|[of] p2b: Arboliva\n|-heal|p2b: Arboliva|45\/100|[silent]\n|upkeep\n|turn|9\n|c|\u2606AermanReid|oh\n|c|\u2606AermanReid|just youw ait\n|c| GymLeader Avery|i could've told you\n|\n|t:|1683860543\n|move|p1a: Volcabrona|Fiery Dance|p2b: Arboliva\n|-supereffective|p2b: Arboliva\n|-damage|p2b: Arboliva|0 fnt\n|faint|p2b: Arboliva\n|\n|win|Erk7\n|raw|Erk7's rating: 1098 → 1116<\/strong> (+18 for winning)\n|raw|AermanReid's rating: 1000 → 1000<\/strong> (+0 for losing)\n|c|\u2606AermanReid|11 mnore run\n|c|\u2606AermanReid|oh\n|l| GymLeader Avery\n|j| GymLeader Avery\n|c|\u2606Erk7|Gg\n","uploadtime":1683860553,"views":16,"p1id":"erk7","p2id":"aermanreid","formatid":"gen9vgc2023regulationc","rating":1000,"private":0,"password":""}