{"id":"gen9vgc2023regulationc-1853232865","p1":"D0NB0Z0","p2":"XxKillGore642xX","format":"[Gen 9] VGC 2023 Regulation C","log":"|j|\u2606D0NB0Z0\n|j|\u2606XxKillGore642xX\n|t:|1682652205\n|gametype|doubles\n|player|p1|D0NB0Z0|unknown|1091\n|player|p2|XxKillGore642xX|2|1000\n|teamsize|p1|6\n|teamsize|p2|6\n|gen|9\n|tier|[Gen 9] VGC 2023 Regulation C\n|rated|\n|rule|Species Clause: Limit one of each Pok\u00e9mon\n|rule|Item Clause: Limit one of each item\n|clearpoke\n|poke|p1|Bombirdier, L50, F|\n|poke|p1|Iron Valiant, L50|\n|poke|p1|Talonflame, L50, F|\n|poke|p1|Quaquaval, L50, M|\n|poke|p1|Houndstone, L50, F|\n|poke|p1|Magnezone, L50|\n|poke|p2|Wo-Chien, L50|\n|poke|p2|Slowbro, L50, F|\n|poke|p2|Ting-Lu, L50|\n|poke|p2|Misdreavus, L50, F|\n|poke|p2|Amoonguss, L50, F|\n|poke|p2|Gyarados, L50, M|\n|teampreview|4\n|\n|t:|1682652242\n|start\n|switch|p1a: BladeSprinter|Iron Valiant, L50|100\/100\n|switch|p1b: FalconPunch|Talonflame, L50, F|100\/100\n|switch|p2a: Misdreavus|Misdreavus, L50, F|100\/100\n|switch|p2b: Gyarados|Gyarados, L50, M|100\/100\n|-ability|p2b: Gyarados|Intimidate|boost\n|-unboost|p1a: BladeSprinter|atk|1\n|-unboost|p1b: FalconPunch|atk|1\n|turn|1\n|\n|t:|1682652258\n|-end|p1a: BladeSprinter|Quark Drive|[silent]\n|switch|p1a: StorkDork|Bombirdier, L50, F|100\/100\n|switch|p2b: Ting-Lu|Ting-Lu, L50|100\/100\n|-ability|p2b: Ting-Lu|Vessel of Ruin\n|move|p1b: FalconPunch|Tailwind|p1b: FalconPunch\n|-sidestart|p1: D0NB0Z0|move: Tailwind\n|move|p2a: Misdreavus|Trick Room|p2a: Misdreavus\n|-fieldstart|move: Trick Room|[of] p2a: Misdreavus\n|\n|upkeep\n|turn|2\n|\n|t:|1682652289\n|move|p1a: StorkDork|Sucker Punch|p2b: Ting-Lu\n|-resisted|p2b: Ting-Lu\n|-damage|p2b: Ting-Lu|91\/100\n|move|p1b: FalconPunch|Brave Bird|p2b: Ting-Lu\n|-damage|p2b: Ting-Lu|71\/100\n|-damage|p1b: FalconPunch|89\/100|[from] Recoil\n|move|p2b: Ting-Lu|Heavy Slam|p1a: StorkDork\n|-damage|p1a: StorkDork|43\/100\n|move|p2a: Misdreavus|Thunderbolt|p1b: FalconPunch\n|-supereffective|p1b: FalconPunch\n|-damage|p1b: FalconPunch|48\/100\n|\n|upkeep\n|turn|3\n|\n|t:|1682652317\n|move|p2b: Ting-Lu|Heavy Slam|p1a: StorkDork\n|-damage|p1a: StorkDork|0 fnt\n|faint|p1a: StorkDork\n|move|p2a: Misdreavus|Thunderbolt|p1b: FalconPunch\n|-supereffective|p1b: FalconPunch\n|-damage|p1b: FalconPunch|4\/100\n|move|p1b: FalconPunch|Will-O-Wisp|p2b: Ting-Lu\n|-status|p2b: Ting-Lu|brn\n|\n|-damage|p2b: Ting-Lu|65\/100 brn|[from] brn\n|upkeep\n|\n|t:|1682652344\n|switch|p1a: BookyRoll|Houndstone, L50, F|100\/100\n|turn|4\n|\n|t:|1682652369\n|-terastallize|p1a: BookyRoll|Fairy\n|move|p1a: BookyRoll|Shadow Sneak|p2a: Misdreavus\n|-supereffective|p2a: Misdreavus\n|-damage|p2a: Misdreavus|68\/100\n|move|p2b: Ting-Lu|Payback|p1a: BookyRoll\n|-resisted|p1a: BookyRoll\n|-damage|p1a: BookyRoll|94\/100\n|move|p2a: Misdreavus|Night Shade|p1a: BookyRoll\n|-damage|p1a: BookyRoll|66\/100\n|move|p1b: FalconPunch|Brave Bird|p2b: Ting-Lu\n|-damage|p2b: Ting-Lu|44\/100 brn\n|-damage|p1b: FalconPunch|0 fnt|[from] Recoil\n|faint|p1b: FalconPunch\n|\n|-damage|p2b: Ting-Lu|38\/100 brn|[from] brn\n|-sideend|p1: D0NB0Z0|move: Tailwind\n|upkeep\n|\n|t:|1682652383\n|switch|p1b: BladeSprinter|Iron Valiant, L50|100\/100\n|turn|5\n|\n|t:|1682652413\n|switch|p2a: Amoonguss|Amoonguss, L50, F|100\/100\n|move|p2b: Ting-Lu|Heavy Slam|p1a: BookyRoll\n|-supereffective|p1a: BookyRoll\n|-damage|p1a: BookyRoll|46\/100\n|move|p1a: BookyRoll|Last Respects|p2a: Amoonguss\n|-damage|p2a: Amoonguss|42\/100\n|move|p1b: BladeSprinter|Drain Punch|p2b: Ting-Lu\n|-supereffective|p2b: Ting-Lu\n|-damage|p2b: Ting-Lu|0 fnt\n|faint|p2b: Ting-Lu\n|\n|-fieldend|move: Trick Room\n|upkeep\n|\n|t:|1682652429\n|switch|p2b: Misdreavus|Misdreavus, L50, F|68\/100\n|turn|6\n|\n|t:|1682652437\n|switch|p2a: Gyarados|Gyarados, L50, M|100\/100\n|-ability|p2a: Gyarados|Intimidate|boost\n|-unboost|p1a: BookyRoll|atk|1\n|-unboost|p1b: BladeSprinter|atk|1\n|move|p1b: BladeSprinter|Drain Punch|p2a: Gyarados\n|-resisted|p2a: Gyarados\n|-damage|p2a: Gyarados|75\/100\n|move|p1a: BookyRoll|Last Respects|p2b: Misdreavus\n|-supereffective|p2b: Misdreavus\n|-damage|p2b: Misdreavus|0 fnt\n|faint|p2b: Misdreavus\n|\n|upkeep\n|\n|t:|1682652450\n|switch|p2b: Amoonguss|Amoonguss, L50, F|75\/100\n|turn|7\n|\n|t:|1682652467\n|-terastallize|p2a: Gyarados|Flying\n|move|p1b: BladeSprinter|Drain Punch|p2a: Gyarados\n|-resisted|p2a: Gyarados\n|-damage|p2a: Gyarados|52\/100\n|move|p2a: Gyarados|Tera Blast|p1b: BladeSprinter\n|-supereffective|p1b: BladeSprinter\n|-damage|p1b: BladeSprinter|0 fnt\n|faint|p1b: BladeSprinter\n|-end|p1b: BladeSprinter|Quark Drive|[silent]\n|move|p1a: BookyRoll|Last Respects|p2a: Gyarados\n|-damage|p2a: Gyarados|0 fnt\n|faint|p2a: Gyarados\n|move|p2b: Amoonguss|Spore|p1a: BookyRoll\n|-status|p1a: BookyRoll|slp|[from] move: Spore\n|\n|upkeep\n|turn|8\n|\n|t:|1682652488\n|cant|p1a: BookyRoll|slp\n|move|p2b: Amoonguss|Pollen Puff|p1a: BookyRoll\n|-resisted|p1a: BookyRoll\n|-damage|p1a: BookyRoll|41\/100 slp\n|\n|upkeep\n|turn|9\n|\n|t:|1682652496\n|cant|p1a: BookyRoll|slp\n|move|p2b: Amoonguss|Clear Smog|p1a: BookyRoll\n|-supereffective|p1a: BookyRoll\n|-damage|p1a: BookyRoll|19\/100 slp\n|-clearboost|p1a: BookyRoll\n|\n|upkeep\n|turn|10\n|\n|t:|1682652505\n|cant|p1a: BookyRoll|slp\n|move|p2b: Amoonguss|Clear Smog|p1a: BookyRoll\n|-supereffective|p1a: BookyRoll\n|-crit|p1a: BookyRoll\n|-damage|p1a: BookyRoll|0 fnt\n|-clearboost|p1a: BookyRoll\n|faint|p1a: BookyRoll\n|\n|win|XxKillGore642xX\n|raw|D0NB0Z0's rating: 1091 → 1061<\/strong> (-30 for losing)\n|raw|XxKillGore642xX's rating: 1000 → 1050<\/strong> (+50 for winning)\n|l|\u2606D0NB0Z0\n","uploadtime":1682652522,"views":4,"p1id":"d0nb0z0","p2id":"xxkillgore642xx","formatid":"gen9vgc2023regulationc","rating":1050,"private":0,"password":""}