{"id":"gen9vgc2023regulationc-1860757411","p1":"IcanBoogie","p2":"shiftyyy","format":"[Gen 9] VGC 2023 Regulation C","log":"|j|\u2606IcanBoogie\n|j|\u2606shiftyyy\n|t:|1683674222\n|gametype|doubles\n|player|p1|IcanBoogie|bugcatcher-gen4dp|1322\n|player|p2|shiftyyy|clerkf|1389\n|teamsize|p1|6\n|teamsize|p2|6\n|gen|9\n|tier|[Gen 9] VGC 2023 Regulation C\n|rated|\n|rule|Species Clause: Limit one of each Pok\u00e9mon\n|rule|Item Clause: Limit one of each item\n|clearpoke\n|poke|p1|Baxcalibur, L50, M|\n|poke|p1|Amoonguss, L50, M|\n|poke|p1|Ting-Lu, L50|\n|poke|p1|Arcanine, L50, F|\n|poke|p1|Palafin, L50, M|\n|poke|p1|Flutter Mane, L50|\n|poke|p2|Gyarados, L50, F|\n|poke|p2|Garchomp, L50, M|\n|poke|p2|Talonflame, L50, F|\n|poke|p2|Gholdengo, L50|\n|poke|p2|Iron Hands, L50|\n|poke|p2|Iron Bundle, L50|\n|teampreview|4\n|inactive|Battle timer is ON: inactive players will automatically lose when time's up. (requested by IcanBoogie)\n|inactive|shiftyyy has 60 seconds left.\n|\n|t:|1683674275\n|start\n|switch|p1a: Palafin|Palafin, L50, M|100\/100\n|switch|p1b: Arcanine|Arcanine, L50, F|100\/100\n|switch|p2a: Talonflame|Talonflame, L50, F|100\/100\n|switch|p2b: Garchomp|Garchomp, L50, M|100\/100\n|-ability|p1b: Arcanine|Intimidate|boost\n|-unboost|p2a: Talonflame|atk|1\n|-fail|p2b: Garchomp|unboost|[from] item: Clear Amulet|[of] p2b: Garchomp\n|turn|1\n|\n|t:|1683674291\n|switch|p2a: Gyarados|Gyarados, L50, F|100\/100\n|-ability|p2a: Gyarados|Intimidate|boost\n|-unboost|p1a: Palafin|atk|1\n|-unboost|p1b: Arcanine|atk|1\n|-terastallize|p2b: Garchomp|Fire\n|move|p1b: Arcanine|Extreme Speed|p2a: Gyarados\n|-damage|p2a: Gyarados|86\/100\n|move|p1a: Palafin|Jet Punch|p2a: Gyarados\n|-resisted|p2a: Gyarados\n|-damage|p2a: Gyarados|77\/100\n|move|p2b: Garchomp|Swords Dance|p2b: Garchomp\n|-boost|p2b: Garchomp|atk|2\n|\n|upkeep\n|turn|2\n|inactive|shiftyyy has 30 seconds left.\n|\n|t:|1683674323\n|move|p2b: Garchomp|Protect|p2b: Garchomp\n|-singleturn|p2b: Garchomp|Protect\n|move|p1b: Arcanine|Protect|p1b: Arcanine\n|-singleturn|p1b: Arcanine|Protect\n|move|p1a: Palafin|Haze|p1a: Palafin\n|-clearallboost\n|move|p2a: Gyarados|Thunder Wave|p1a: Palafin\n|-status|p1a: Palafin|par\n|\n|upkeep\n|turn|3\n|\n|t:|1683674348\n|detailschange|p1a: Palafin|Palafin-Hero, L50, M\n|switch|p1a: Baxcalibur|Baxcalibur, L50, M|100\/100\n|move|p2b: Garchomp|Earthquake|p1a: Baxcalibur|[spread] p1a,p1b\n|-immune|p2a: Gyarados\n|-supereffective|p1b: Arcanine\n|-damage|p1a: Baxcalibur|67\/100\n|-damage|p1b: Arcanine|21\/100\n|move|p1b: Arcanine|Will-O-Wisp|p2a: Gyarados\n|-status|p2a: Gyarados|brn\n|move|p2a: Gyarados|Waterfall|p1b: Arcanine\n|-supereffective|p1b: Arcanine\n|-damage|p1b: Arcanine|0 fnt\n|faint|p1b: Arcanine\n|\n|-damage|p2a: Gyarados|71\/100 brn|[from] brn\n|upkeep\n|\n|t:|1683674366\n|switch|p1b: Amoonguss|Amoonguss, L50, M|100\/100\n|turn|4\n|\n|t:|1683674378\n|-terastallize|p1a: Baxcalibur|Poison\n|move|p2b: Garchomp|Swords Dance|p2b: Garchomp\n|-boost|p2b: Garchomp|atk|2\n|move|p1a: Baxcalibur|Glaive Rush|p2b: Garchomp\n|-damage|p2b: Garchomp|32\/100\n|-singlemove|p1a: Baxcalibur|Glaive Rush|[silent]\n|-damage|p1a: Baxcalibur|55\/100|[from] ability: Rough Skin|[of] p2b: Garchomp\n|move|p2a: Gyarados|Taunt|p1b: Amoonguss\n|-start|p1b: Amoonguss|move: Taunt\n|cant|p1b: Amoonguss|move: Taunt|Spore\n|\n|-damage|p2a: Gyarados|65\/100 brn|[from] brn\n|upkeep\n|turn|5\n|\n|t:|1683674399\n|switch|p2a: Talonflame|Talonflame, L50, F|100\/100\n|move|p2b: Garchomp|Protect|p2b: Garchomp\n|-singleturn|p2b: Garchomp|Protect\n|move|p1a: Baxcalibur|Glaive Rush|p2b: Garchomp\n|-activate|p2b: Garchomp|move: Protect\n|move|p1b: Amoonguss|Pollen Puff|p1a: Baxcalibur\n|-heal|p1a: Baxcalibur|100\/100\n|\n|upkeep\n|turn|6\n|\n|t:|1683674416\n|switch|p1b: Palafin|Palafin-Hero, L50, M|100\/100 par\n|-activate|p1b: Palafin|ability: Zero to Hero\n|move|p2a: Talonflame|Tailwind|p2a: Talonflame\n|-sidestart|p2: shiftyyy|move: Tailwind\n|move|p2b: Garchomp|Earthquake|p1a: Baxcalibur|[spread] p1a,p1b\n|-immune|p2a: Talonflame\n|-supereffective|p1a: Baxcalibur\n|-damage|p1a: Baxcalibur|0 fnt\n|-damage|p1b: Palafin|29\/100 par\n|faint|p1a: Baxcalibur\n|\n|upkeep\n|\n|t:|1683674427\n|switch|p1a: Amoonguss|Amoonguss, L50, M|100\/100\n|turn|7\n|\n|t:|1683674444\n|move|p2a: Talonflame|Quick Guard|p2a: Talonflame\n|-singleturn|p2a: Talonflame|Quick Guard\n|move|p1b: Palafin|Jet Punch|p2b: Garchomp\n|-activate|p2b: Garchomp|move: Quick Guard\n|move|p2b: Garchomp|Earthquake|p1a: Amoonguss|[spread] p1a,p1b\n|-immune|p2a: Talonflame\n|-damage|p1a: Amoonguss|39\/100\n|-damage|p1b: Palafin|0 fnt\n|-enditem|p1a: Amoonguss|Sitrus Berry|[eat]\n|-heal|p1a: Amoonguss|64\/100|[from] item: Sitrus Berry\n|faint|p1b: Palafin\n|move|p1a: Amoonguss|Spore|p2a: Talonflame\n|-activate|p2a: Talonflame|item: Safety Goggles|Spore\n|\n|upkeep\n|turn|8\n|\n|t:|1683674460\n|move|p1a: Amoonguss|Rage Powder|p1a: Amoonguss\n|-singleturn|p1a: Amoonguss|move: Rage Powder\n|move|p2a: Talonflame|Brave Bird|p1a: Amoonguss\n|-supereffective|p1a: Amoonguss\n|-damage|p1a: Amoonguss|11\/100\n|-damage|p2a: Talonflame|80\/100|[from] Recoil\n|move|p2b: Garchomp|Earthquake|p1a: Amoonguss|[spread] p1a\n|-immune|p2a: Talonflame\n|-damage|p1a: Amoonguss|0 fnt\n|faint|p1a: Amoonguss\n|\n|win|shiftyyy\n|raw|IcanBoogie's rating: 1322 → 1306<\/strong> (-16 for losing)\n|raw|shiftyyy's rating: 1389 → 1405<\/strong> (+16 for winning)\n","uploadtime":1683674467,"views":19,"p1id":"icanboogie","p2id":"shiftyyy","formatid":"gen9vgc2023regulationc","rating":1306,"private":0,"password":""}