{"id":"gen9vgc2023regulationc-1853356736","p1":"MarVik01","p2":"haha u rage quit","format":"[Gen 9] VGC 2023 Regulation C","log":"|j|\u2606MarVik01\n|j|\u2606haha u rage quit\n|t:|1682673635\n|gametype|doubles\n|player|p1|MarVik01|cynthia-gen4|1219\n|player|p2|haha u rage quit|pokemaniac|1275\n|teamsize|p1|6\n|teamsize|p2|6\n|gen|9\n|tier|[Gen 9] VGC 2023 Regulation C\n|rated|\n|rule|Species Clause: Limit one of each Pok\u00e9mon\n|rule|Item Clause: Limit one of each item\n|clearpoke\n|poke|p1|Annihilape, L50, M|\n|poke|p1|Maushold, L50|\n|poke|p1|Flutter Mane, L50|\n|poke|p1|Tyranitar, L50, M|\n|poke|p1|Lycanroc, L50, F|\n|poke|p1|Ting-Lu, L50|\n|poke|p2|Roaring Moon, L50|\n|poke|p2|Hippowdon, L50, M|\n|poke|p2|Tyranitar, L50, M|\n|poke|p2|Great Tusk, L50|\n|poke|p2|Garchomp, L50, M|\n|poke|p2|Lycanroc, L50, M|\n|teampreview|4\n|inactive|Battle timer is ON: inactive players will automatically lose when time's up. (requested by MarVik01)\n|inactive|haha u rage quit has 60 seconds left.\n|\n|t:|1682673686\n|start\n|switch|p1a: Tyranitar|Tyranitar, L50, M|100\/100\n|switch|p1b: Lycanroc|Lycanroc, L50, F|100\/100\n|switch|p2a: Roaring Moon|Roaring Moon, L50|100\/100\n|switch|p2b: Great Tusk|Great Tusk, L50, shiny|100\/100\n|-weather|Sandstorm|[from] ability: Sand Stream|[of] p1a: Tyranitar\n|-enditem|p2a: Roaring Moon|Booster Energy\n|-activate|p2a: Roaring Moon|ability: Protosynthesis|[fromitem]\n|-start|p2a: Roaring Moon|protosynthesisspe\n|turn|1\n|inactive|MarVik01 has 30 seconds left.\n|inactive|haha u rage quit has 30 seconds left.\n|inactive|MarVik01 has 20 seconds left.\n|\n|t:|1682673723\n|-terastallize|p1a: Tyranitar|Flying\n|move|p1b: Lycanroc|Close Combat|p2a: Roaring Moon\n|-supereffective|p2a: Roaring Moon\n|-damage|p2a: Roaring Moon|11\/100\n|-unboost|p1b: Lycanroc|def|1\n|-unboost|p1b: Lycanroc|spd|1\n|move|p2a: Roaring Moon|Breaking Swipe|p1b: Lycanroc|[spread] p1a,p1b\n|-damage|p1a: Tyranitar|80\/100\n|-damage|p1b: Lycanroc|43\/100\n|-unboost|p1a: Tyranitar|atk|1\n|-unboost|p1b: Lycanroc|atk|1\n|move|p2b: Great Tusk|Rock Slide|p1a: Tyranitar|[spread] p1a,p1b\n|-supereffective|p1a: Tyranitar\n|-damage|p1a: Tyranitar|44\/100\n|-damage|p1b: Lycanroc|0 fnt\n|faint|p1b: Lycanroc\n|cant|p1a: Tyranitar|flinch\n|\n|-weather|Sandstorm|[upkeep]\n|-damage|p2a: Roaring Moon|5\/100|[from] Sandstorm\n|-damage|p1a: Tyranitar|39\/100|[from] Sandstorm\n|upkeep\n|\n|t:|1682673742\n|switch|p1b: Flutter Mane|Flutter Mane, L50|100\/100\n|turn|2\n|\n|t:|1682673753\n|-terastallize|p2b: Great Tusk|Steel\n|move|p2a: Roaring Moon|Tailwind|p2a: Roaring Moon\n|-sidestart|p2: haha u rage quit|move: Tailwind\n|move|p2b: Great Tusk|Rock Slide|p1a: Tyranitar|[spread] p1a,p1b\n|-supereffective|p1a: Tyranitar\n|-crit|p1b: Flutter Mane\n|-damage|p1a: Tyranitar|6\/100\n|-damage|p1b: Flutter Mane|30\/100\n|move|p1b: Flutter Mane|Dazzling Gleam|p2a: Roaring Moon|[spread] p2a,p2b\n|-supereffective|p2a: Roaring Moon\n|-resisted|p2b: Great Tusk\n|-damage|p2a: Roaring Moon|0 fnt\n|-damage|p2b: Great Tusk|63\/100\n|faint|p2a: Roaring Moon\n|-end|p2a: Roaring Moon|Protosynthesis|[silent]\n|move|p1a: Tyranitar|Tera Blast|p2b: Great Tusk\n|-resisted|p2b: Great Tusk\n|-damage|p2b: Great Tusk|52\/100\n|\n|-weather|Sandstorm|[upkeep]\n|-damage|p1b: Flutter Mane|24\/100|[from] Sandstorm\n|-damage|p1a: Tyranitar|0 fnt|[from] Sandstorm\n|faint|p1a: Tyranitar\n|upkeep\n|\n|t:|1682673775\n|switch|p2a: Garchomp|Garchomp, L50, M|100\/100\n|switch|p1a: Ting-Lu|Ting-Lu, L50|100\/100\n|-ability|p1a: Ting-Lu|Vessel of Ruin\n|turn|3\n|\n|t:|1682673783\n|move|p2b: Great Tusk|Rock Slide|p1a: Ting-Lu|[spread] p1a\n|-miss|p2b: Great Tusk|p1b: Flutter Mane\n|-resisted|p1a: Ting-Lu\n|-damage|p1a: Ting-Lu|95\/100\n|move|p2a: Garchomp|Rock Slide|p1a: Ting-Lu|[spread] p1a,p1b\n|-resisted|p1a: Ting-Lu\n|-damage|p1a: Ting-Lu|89\/100\n|-damage|p1b: Flutter Mane|0 fnt\n|faint|p1b: Flutter Mane\n|-end|p1b: Flutter Mane|Protosynthesis|[silent]\n|move|p1a: Ting-Lu|Stomping Tantrum|p2b: Great Tusk\n|-supereffective|p2b: Great Tusk\n|-damage|p2b: Great Tusk|0 fnt\n|faint|p2b: Great Tusk\n|-end|p2b: Great Tusk|Protosynthesis|[silent]\n|\n|-weather|Sandstorm|[upkeep]\n|upkeep\n|\n|t:|1682673787\n|switch|p2b: Tyranitar|Tyranitar, L50, M|100\/100\n|turn|4\n|\n|t:|1682673807\n|move|p2a: Garchomp|Rock Slide|p1a: Ting-Lu\n|-resisted|p1a: Ting-Lu\n|-damage|p1a: Ting-Lu|81\/100\n|move|p1a: Ting-Lu|Stomping Tantrum|p2b: Tyranitar\n|-supereffective|p2b: Tyranitar\n|-damage|p2b: Tyranitar|32\/100\n|move|p2b: Tyranitar|Avalanche|p1a: Ting-Lu\n|-supereffective|p1a: Ting-Lu\n|-damage|p1a: Ting-Lu|28\/100\n|\n|-weather|Sandstorm|[upkeep]\n|upkeep\n|turn|5\n|\n|t:|1682673824\n|move|p2a: Garchomp|Stomping Tantrum|p1a: Ting-Lu\n|-damage|p1a: Ting-Lu|2\/100\n|move|p2b: Tyranitar|Rock Slide|p1a: Ting-Lu\n|-resisted|p1a: Ting-Lu\n|-damage|p1a: Ting-Lu|0 fnt\n|faint|p1a: Ting-Lu\n|\n|win|haha u rage quit\n|raw|MarVik01's rating: 1219 → 1198<\/strong> (-21 for losing)\n|raw|haha u rage quit's rating: 1275 → 1296<\/strong> (+21 for winning)\n|l|\u2606MarVik01\n","uploadtime":1682673850,"views":8,"p1id":"marvik01","p2id":"hahauragequit","formatid":"gen9vgc2023regulationc","rating":1198,"private":0,"password":""}