{"id":"gen9vgc2023regulationc-1849803458","p1":"pupulovessixsheep","p2":"Pedra_1606","format":"[Gen 9] VGC 2023 Regulation C","log":"|j|\u2606pupulovessixsheep\n|j|\u2606Pedra_1606\n|t:|1682254195\n|gametype|doubles\n|player|p1|pupulovessixsheep|266|1400\n|player|p2|Pedra_1606|n|1411\n|teamsize|p1|6\n|teamsize|p2|6\n|gen|9\n|tier|[Gen 9] VGC 2023 Regulation C\n|rated|\n|rule|Species Clause: Limit one of each Pok\u00e9mon\n|rule|Item Clause: Limit one of each item\n|clearpoke\n|poke|p1|Talonflame, L50, M|\n|poke|p1|Chi-Yu, L50|\n|poke|p1|Flutter Mane, L50|\n|poke|p1|Amoonguss, L50, M|\n|poke|p1|Tyranitar, L50, F|\n|poke|p1|Houndstone, L50, M|\n|poke|p2|Gholdengo, L50|\n|poke|p2|Amoonguss, L50, F|\n|poke|p2|Arcanine, L50, M|\n|poke|p2|Iron Bundle, L50|\n|poke|p2|Great Tusk, L50|\n|poke|p2|Vivillon-Polar, L50, F|\n|teampreview|4\n|inactive|Battle timer is ON: inactive players will automatically lose when time's up. (requested by Pedra_1606)\n|j| ratbite\n|\n|t:|1682254210\n|start\n|switch|p1a: Tyranitar|Tyranitar, L50, F, shiny|100\/100\n|switch|p1b: Amoonguss|Amoonguss, L50, M|100\/100\n|switch|p2a: Psych\u00e9|Vivillon-Polar, L50, F|100\/100\n|switch|p2b: Lyuba|Great Tusk, L50|100\/100\n|-weather|Sandstorm|[from] ability: Sand Stream|[of] p1a: Tyranitar\n|turn|1\n|\n|t:|1682254227\n|move|p1a: Tyranitar|Protect|p1a: Tyranitar\n|-singleturn|p1a: Tyranitar|Protect\n|move|p2b: Lyuba|Rock Slide|p1b: Amoonguss|[spread] p1b\n|-activate|p1a: Tyranitar|move: Protect\n|-damage|p1b: Amoonguss|86\/100\n|move|p2a: Psych\u00e9|Tailwind|p2a: Psych\u00e9\n|-sidestart|p2: Pedra_1606|move: Tailwind\n|move|p1b: Amoonguss|Spore|p2b: Lyuba\n|-status|p2b: Lyuba|slp|[from] move: Spore\n|\n|-weather|Sandstorm|[upkeep]\n|-damage|p2a: Psych\u00e9|95\/100|[from] Sandstorm\n|-damage|p1b: Amoonguss|80\/100|[from] Sandstorm\n|-heal|p1b: Amoonguss|86\/100|[from] item: Leftovers\n|upkeep\n|turn|2\n|\n|t:|1682254245\n|-end|p2b: Lyuba|Protosynthesis|[silent]\n|switch|p2b: Denga|Gholdengo, L50|100\/100\n|move|p2a: Psych\u00e9|Pollen Puff|p2b: Denga\n|-immune|p2b: Denga\n|move|p1a: Tyranitar|Dragon Dance|p1a: Tyranitar\n|-boost|p1a: Tyranitar|atk|1\n|-boost|p1a: Tyranitar|spe|1\n|move|p1b: Amoonguss|Spore|p2a: Psych\u00e9\n|-status|p2a: Psych\u00e9|slp|[from] move: Spore\n|\n|-weather|Sandstorm|[upkeep]\n|-damage|p2a: Psych\u00e9|89\/100 slp|[from] Sandstorm\n|-damage|p1b: Amoonguss|80\/100|[from] Sandstorm\n|-heal|p1b: Amoonguss|86\/100|[from] item: Leftovers\n|upkeep\n|turn|3\n|\n|t:|1682254267\n|switch|p1b: Chi-Yu|Chi-Yu, L50|100\/100\n|-ability|p1b: Chi-Yu|Beads of Ruin\n|-terastallize|p2b: Denga|Water\n|move|p1a: Tyranitar|Protect|p1a: Tyranitar\n|-singleturn|p1a: Tyranitar|Protect\n|cant|p2a: Psych\u00e9|slp\n|move|p2b: Denga|Make It Rain|p1b: Chi-Yu|[spread] p1b\n|-activate|p1a: Tyranitar|move: Protect\n|-resisted|p1b: Chi-Yu\n|-damage|p1b: Chi-Yu|71\/100\n|-unboost|p2b: Denga|spa|1\n|\n|-weather|Sandstorm|[upkeep]\n|-damage|p2a: Psych\u00e9|83\/100 slp|[from] Sandstorm\n|-damage|p1b: Chi-Yu|65\/100|[from] Sandstorm\n|-damage|p2b: Denga|94\/100|[from] Sandstorm\n|-heal|p2b: Denga|100\/100|[from] item: Leftovers\n|upkeep\n|turn|4\n|inactive|pupulovessixsheep has 30 seconds left.\n|\n|t:|1682254293\n|switch|p2a: Lyuba|Great Tusk, L50|100\/100 slp\n|move|p1b: Chi-Yu|Heat Wave|p2b: Denga|[spread] p2a,p2b\n|-resisted|p2b: Denga\n|-damage|p2a: Lyuba|19\/100 slp\n|-damage|p2b: Denga|74\/100\n|move|p2b: Denga|Nasty Plot|p2b: Denga\n|-boost|p2b: Denga|spa|2\n|move|p1a: Tyranitar|Dragon Dance|p1a: Tyranitar\n|-boost|p1a: Tyranitar|atk|1\n|-boost|p1a: Tyranitar|spe|1\n|\n|-weather|Sandstorm|[upkeep]\n|-damage|p1b: Chi-Yu|59\/100|[from] Sandstorm\n|-damage|p2b: Denga|68\/100|[from] Sandstorm\n|-heal|p2b: Denga|74\/100|[from] item: Leftovers\n|-sideend|p2: Pedra_1606|move: Tailwind\n|upkeep\n|turn|5\n|\n|t:|1682254313\n|move|p1a: Tyranitar|Rock Slide|p2a: Lyuba|[spread] p2b\n|-miss|p1a: Tyranitar|p2a: Lyuba\n|-damage|p2b: Denga|16\/100\n|move|p1b: Chi-Yu|Heat Wave|p2a: Lyuba|[spread] p2b\n|-miss|p1b: Chi-Yu|p2a: Lyuba\n|-resisted|p2b: Denga\n|-damage|p2b: Denga|0 fnt\n|faint|p2b: Denga\n|cant|p2a: Lyuba|slp\n|\n|-weather|none\n|upkeep\n|\n|t:|1682254324\n|switch|p2b: Gifuto|Iron Bundle, L50|100\/100\n|-enditem|p2b: Gifuto|Booster Energy\n|-activate|p2b: Gifuto|ability: Quark Drive|[fromitem]\n|-start|p2b: Gifuto|quarkdrivespe\n|turn|6\n|\n|t:|1682254333\n|move|p2b: Gifuto|Hydro Pump|p1a: Tyranitar\n|-supereffective|p1a: Tyranitar\n|-damage|p1a: Tyranitar|0 fnt\n|faint|p1a: Tyranitar\n|move|p1b: Chi-Yu|Heat Wave|p2a: Lyuba|[spread] p2b\n|-miss|p1b: Chi-Yu|p2a: Lyuba\n|-damage|p2b: Gifuto|0 fnt\n|faint|p2b: Gifuto\n|-end|p2b: Gifuto|Quark Drive|[silent]\n|cant|p2a: Lyuba|slp\n|\n|upkeep\n|inactive|pupulovessixsheep has 30 seconds left.\n|\n|t:|1682254361\n|switch|p2b: Psych\u00e9|Vivillon-Polar, L50, F|83\/100 slp\n|switch|p1a: Flutter Mane|Flutter Mane, L50|100\/100\n|-enditem|p1a: Flutter Mane|Booster Energy\n|-activate|p1a: Flutter Mane|ability: Protosynthesis|[fromitem]\n|-start|p1a: Flutter Mane|protosynthesisspa\n|turn|7\n|\n|t:|1682254372\n|move|p1b: Chi-Yu|Heat Wave|p2b: Psych\u00e9|[spread] p2a,p2b\n|-supereffective|p2b: Psych\u00e9\n|-damage|p2a: Lyuba|0 fnt\n|-damage|p2b: Psych\u00e9|0 fnt\n|faint|p2a: Lyuba\n|-end|p2a: Lyuba|Protosynthesis|[silent]\n|faint|p2b: Psych\u00e9\n|\n|win|pupulovessixsheep\n|raw|pupulovessixsheep's rating: 1400 → 1421<\/strong> (+21 for winning)\n|raw|Pedra_1606's rating: 1411 → 1390<\/strong> (-21 for losing)\n|l|\u2606Pedra_1606\n","uploadtime":1682254383,"views":15,"p1id":"pupulovessixsheep","p2id":"pedra1606","formatid":"gen9vgc2023regulationc","rating":1390,"private":0,"password":""}