{"id":"gen9vgc2023regulationc-1863486925","p1":"Vgetghvgh","p2":"fdghyhvdvg","format":"[Gen 9] VGC 2023 Regulation C","log":"|j|\u2606Vgetghvgh\n|j|\u2606fdghyhvdvg\n|t:|1684023966\n|gametype|doubles\n|player|p1|Vgetghvgh|266|1000\n|player|p2|fdghyhvdvg|266|1000\n|teamsize|p1|6\n|teamsize|p2|6\n|gen|9\n|tier|[Gen 9] VGC 2023 Regulation C\n|rated|\n|rule|Species Clause: Limit one of each Pok\u00e9mon\n|rule|Item Clause: Limit one of each item\n|clearpoke\n|poke|p1|Grafaiai, L50, F|\n|poke|p1|Slaking, L50, M|\n|poke|p1|Talonflame, L50, F|\n|poke|p1|Amoonguss, L50, M|\n|poke|p1|Sylveon, L50, M|\n|poke|p1|Great Tusk, L50|\n|poke|p2|Hawlucha, L50, M|\n|poke|p2|Indeedee-F, L50, F|\n|poke|p2|Armarouge, L50, M|\n|poke|p2|Palafin, L50, F|\n|poke|p2|Sandy Shocks, L50|\n|poke|p2|Chien-Pao, L50|\n|teampreview|4\n|inactive|Battle timer is ON: inactive players will automatically lose when time's up. (requested by fdghyhvdvg)\n|\n|t:|1684023984\n|start\n|switch|p1a: Sylveon|Sylveon, L50, M|100\/100\n|switch|p1b: Slaking|Slaking, L50, M|100\/100\n|switch|p2a: Corrin|Palafin, L50, F, shiny|100\/100\n|switch|p2b: C. Falcon|Hawlucha, L50, M, shiny|100\/100\n|turn|1\n|\n|t:|1684023998\n|detailschange|p2a: Corrin|Palafin-Hero, L50, F, shiny\n|switch|p2a: Isabelle|Indeedee-F, L50, F|100\/100\n|-fieldstart|move: Psychic Terrain|[from] ability: Psychic Surge|[of] p2a: Isabelle\n|-enditem|p2b: C. Falcon|Psychic Seed\n|-boost|p2b: C. Falcon|spd|1|[from] item: Psychic Seed\n|-terastallize|p2b: C. Falcon|Steel\n|-terastallize|p1b: Slaking|Ghost\n|move|p2b: C. Falcon|Swords Dance|p2b: C. Falcon\n|-boost|p2b: C. Falcon|atk|2\n|move|p1a: Sylveon|Skill Swap|p1b: Slaking\n|-activate|p1a: Sylveon|move: Skill Swap|||[of] p1b: Slaking\n|move|p1b: Slaking|Facade|p2b: C. Falcon\n|-resisted|p2b: C. Falcon\n|-damage|p2b: C. Falcon|75\/100\n|\n|-status|p1b: Slaking|brn|[from] item: Flame Orb\n|upkeep\n|turn|2\n|inactive|fdghyhvdvg has 30 seconds left.\n|\n|t:|1684024026\n|switch|p1a: Talonflame|Talonflame, L50, F|100\/100\n|move|p2b: C. Falcon|Acrobatics|p1b: Slaking\n|-damage|p1b: Slaking|30\/100 brn\n|move|p1b: Slaking|Fling|p2b: C. Falcon\n|-damage|p2b: C. Falcon|66\/100\n|-status|p2b: C. Falcon|brn\n|-enditem|p1b: Slaking|Flame Orb|[from] move: Fling\n|move|p2a: Isabelle|Heal Pulse|p2b: C. Falcon\n|-heal|p2b: C. Falcon|100\/100 brn\n|\n|-damage|p2b: C. Falcon|94\/100 brn|[from] brn\n|-damage|p1b: Slaking|24\/100 brn|[from] brn\n|upkeep\n|turn|3\n|\n|t:|1684024044\n|move|p1a: Talonflame|Protect|p1a: Talonflame\n|-singleturn|p1a: Talonflame|Protect\n|move|p2a: Isabelle|Follow Me|p2a: Isabelle\n|-singleturn|p2a: Isabelle|move: Follow Me\n|move|p2b: C. Falcon|Acrobatics|p1b: Slaking\n|-damage|p1b: Slaking|0 fnt\n|faint|p1b: Slaking\n|\n|-damage|p2b: C. Falcon|88\/100 brn|[from] brn\n|upkeep\n|\n|t:|1684024052\n|switch|p1b: Great Tusk|Great Tusk, L50|100\/100\n|turn|4\n|\n|t:|1684024063\n|move|p2a: Isabelle|Follow Me|p2a: Isabelle\n|-singleturn|p2a: Isabelle|move: Follow Me\n|move|p2b: C. Falcon|Acrobatics|p1b: Great Tusk\n|-supereffective|p1b: Great Tusk\n|-damage|p1b: Great Tusk|32\/100\n|move|p1b: Great Tusk|Earthquake|p2b: C. Falcon|[spread] p2a,p2b\n|-immune|p1a: Talonflame\n|-supereffective|p2b: C. Falcon\n|-damage|p2a: Isabelle|58\/100\n|-damage|p2b: C. Falcon|0 fnt\n|faint|p2b: C. Falcon\n|move|p1a: Talonflame|Flare Blitz|p2a: Isabelle\n|-damage|p2a: Isabelle|17\/100\n|-damage|p1a: Talonflame|85\/100|[from] Recoil\n|\n|upkeep\n|\n|t:|1684024074\n|switch|p2b: Corrin|Palafin-Hero, L50, F, shiny|100\/100\n|-activate|p2b: Corrin|ability: Zero to Hero\n|turn|5\n|\n|t:|1684024082\n|move|p2b: Corrin|Protect|p2b: Corrin\n|-singleturn|p2b: Corrin|Protect\n|move|p2a: Isabelle|Protect|p2a: Isabelle\n|-singleturn|p2a: Isabelle|Protect\n|move|p1b: Great Tusk|Earthquake|p2a: Isabelle|[spread] \n|-activate|p2a: Isabelle|move: Protect\n|-activate|p2b: Corrin|move: Protect\n|-immune|p1a: Talonflame\n|move|p1a: Talonflame|Brave Bird|p2b: Corrin\n|-activate|p2b: Corrin|move: Protect\n|\n|-fieldend|move: Psychic Terrain\n|upkeep\n|turn|6\n|\n|t:|1684024102\n|move|p2b: Corrin|Jet Punch|p1a: Talonflame\n|-supereffective|p1a: Talonflame\n|-damage|p1a: Talonflame|0 fnt\n|faint|p1a: Talonflame\n|move|p1b: Great Tusk|Earthquake|p2b: Corrin|[spread] p2a,p2b\n|-damage|p2a: Isabelle|0 fnt\n|-damage|p2b: Corrin|54\/100\n|faint|p2a: Isabelle\n|\n|upkeep\n|\n|t:|1684024109\n|switch|p1a: Sylveon|Sylveon, L50, M|100\/100\n|switch|p2a: Marth|Chien-Pao, L50|100\/100\n|-ability|p2a: Marth|Sword of Ruin\n|turn|7\n|\n|t:|1684024130\n|move|p1a: Sylveon|Detect|p1a: Sylveon\n|-singleturn|p1a: Sylveon|Protect\n|move|p1b: Great Tusk|Earthquake|p2a: Marth|[spread] p2a,p2b\n|-activate|p1a: Sylveon|move: Protect\n|-damage|p2a: Marth|43\/100\n|-damage|p2b: Corrin|0 fnt\n|faint|p2b: Corrin\n|move|p2a: Marth|Ice Spinner|p1b: Great Tusk\n|-supereffective|p1b: Great Tusk\n|-damage|p1b: Great Tusk|0 fnt\n|faint|p1b: Great Tusk\n|-end|p1b: Great Tusk|Protosynthesis|[silent]\n|\n|upkeep\n|turn|8\n|\n|t:|1684024142\n|move|p2a: Marth|Ice Spinner|p1a: Sylveon\n|-damage|p1a: Sylveon|29\/100\n|move|p1a: Sylveon|Hyper Voice|p2a: Marth\n|-supereffective|p2a: Marth\n|-damage|p2a: Marth|0 fnt\n|faint|p2a: Marth\n|\n|win|Vgetghvgh\n|raw|Vgetghvgh's rating: 1000 → 1040<\/strong> (+40 for winning)\n|raw|fdghyhvdvg's rating: 1000 → 1000<\/strong> (+0 for losing)\n|l|\u2606fdghyhvdvg\n","uploadtime":1684024173,"views":8,"p1id":"vgetghvgh","p2id":"fdghyhvdvg","formatid":"gen9vgc2023regulationc","rating":1000,"private":0,"password":""}