{"id":"gen9vgc2023regulationc-1847597708","p1":"Benjisymbolism","p2":"xdfgdfgh","format":"[Gen 9] VGC 2023 Regulation C","log":"|j|\u2606Benjisymbolism\n|j|\u2606xdfgdfgh\n|t:|1681979628\n|gametype|doubles\n|player|p1|Benjisymbolism|red|1157\n|player|p2|xdfgdfgh|2|1073\n|teamsize|p1|6\n|teamsize|p2|6\n|gen|9\n|tier|[Gen 9] VGC 2023 Regulation C\n|rated|\n|rule|Species Clause: Limit one of each Pok\u00e9mon\n|rule|Item Clause: Limit one of each item\n|clearpoke\n|poke|p1|Tsareena, L50, F|\n|poke|p1|Talonflame, L50, M|\n|poke|p1|Garchomp, L50, M|\n|poke|p1|Gholdengo, L50|\n|poke|p1|Chi-Yu, L50|\n|poke|p1|Klefki, L50, M|\n|poke|p2|Torkoal, L50, M|\n|poke|p2|Chi-Yu, L50|\n|poke|p2|Bronzong, L50|\n|poke|p2|Gastrodon, L50, F|\n|poke|p2|Grimmsnarl, L50, M|\n|poke|p2|Skeledirge, L50, M|\n|teampreview|4\n|inactive|Battle timer is ON: inactive players will automatically lose when time's up. (requested by Benjisymbolism)\n|inactive|Benjisymbolism has 60 seconds left.\n|l|\u2606Benjisymbolism\n|inactive|Benjisymbolism disconnected and has a minute to reconnect!\n|player|p1|\n|inactive|xdfgdfgh has 60 seconds left.\n|j|\u2606Benjisymbolism\n|inactive|Benjisymbolism reconnected and has 45 seconds left.\n|player|p1|Benjisymbolism|red\n|inactive|Benjisymbolism has 30 seconds left.\n|inactive|Benjisymbolism has 20 seconds left.\n|inactive|Benjisymbolism has 15 seconds left.\n|inactive|Benjisymbolism has 10 seconds left.\n|\n|t:|1681979709\n|start\n|switch|p1a: Klefki|Klefki, L50, M|100\/100\n|switch|p1b: Chi-Yu|Chi-Yu, L50|100\/100\n|switch|p2a: Bronzong|Bronzong, L50|100\/100\n|switch|p2b: Chi-Yu|Chi-Yu, L50|100\/100\n|-ability|p2b: Chi-Yu|Beads of Ruin\n|-ability|p1b: Chi-Yu|Beads of Ruin\n|turn|1\n|inactive|Benjisymbolism has 30 seconds left.\n|\n|t:|1681979745\n|-terastallize|p1b: Chi-Yu|Water\n|-terastallize|p2a: Bronzong|Fighting\n|move|p1a: Klefki|Light Screen|p1a: Klefki\n|-sidestart|p1: Benjisymbolism|move: Light Screen\n|move|p2b: Chi-Yu|Substitute|p2b: Chi-Yu\n|-start|p2b: Chi-Yu|Substitute\n|-damage|p2b: Chi-Yu|76\/100\n|move|p1b: Chi-Yu|Dark Pulse|p2a: Bronzong\n|-resisted|p2a: Bronzong\n|-crit|p2a: Bronzong\n|-damage|p2a: Bronzong|47\/100\n|cant|p2a: Bronzong|flinch\n|\n|upkeep\n|turn|2\n|inactive|Benjisymbolism has 30 seconds left.\n|inactive|Benjisymbolism has 20 seconds left.\n|\n|t:|1681979781\n|move|p1a: Klefki|Thunder Wave|p2a: Bronzong\n|-status|p2a: Bronzong|par\n|move|p2b: Chi-Yu|Snarl|p1b: Chi-Yu|[spread] p1a,p1b\n|-resisted|p1a: Klefki\n|-damage|p1a: Klefki|91\/100\n|-damage|p1b: Chi-Yu|89\/100\n|-unboost|p1a: Klefki|spa|1\n|-unboost|p1b: Chi-Yu|spa|1\n|move|p1b: Chi-Yu|Dark Pulse|p2b: Chi-Yu\n|-resisted|p2b: Chi-Yu\n|-activate|p2b: Chi-Yu|move: Substitute|[damage]\n|move|p2a: Bronzong|Body Press|p1b: Chi-Yu\n|-damage|p1b: Chi-Yu|39\/100\n|\n|upkeep\n|turn|3\n|\n|t:|1681979800\n|switch|p1b: Gholdengo|Gholdengo, L50|100\/100\n|move|p2b: Chi-Yu|Snarl|p1b: Gholdengo|[spread] p1a,p1b\n|-resisted|p1a: Klefki\n|-supereffective|p1b: Gholdengo\n|-damage|p1a: Klefki|80\/100\n|-damage|p1b: Gholdengo|72\/100\n|-unboost|p1a: Klefki|spa|1\n|-unboost|p1b: Gholdengo|spa|1\n|move|p1a: Klefki|Flash Cannon|p2b: Chi-Yu\n|-resisted|p2b: Chi-Yu\n|-crit|p2b: Chi-Yu\n|-end|p2b: Chi-Yu|Substitute\n|move|p2a: Bronzong|Trick Room|p2a: Bronzong\n|-fieldstart|move: Trick Room|[of] p2a: Bronzong\n|\n|-heal|p1b: Gholdengo|78\/100|[from] item: Leftovers\n|upkeep\n|turn|4\n|inactive|Benjisymbolism has 30 seconds left.\n|\n|t:|1681979830\n|move|p2b: Chi-Yu|Protect|p2b: Chi-Yu\n|-singleturn|p2b: Chi-Yu|Protect\n|move|p1a: Klefki|Thunder Wave|p2b: Chi-Yu\n|-activate|p2b: Chi-Yu|move: Protect\n|move|p2a: Bronzong|Stomping Tantrum|p1b: Gholdengo\n|-supereffective|p1b: Gholdengo\n|-damage|p1b: Gholdengo|50\/100\n|move|p1b: Gholdengo|Shadow Ball|p2a: Bronzong\n|-damage|p2a: Bronzong|18\/100 par\n|\n|-heal|p1b: Gholdengo|56\/100|[from] item: Leftovers\n|upkeep\n|turn|5\n|\n|t:|1681979851\n|move|p1b: Gholdengo|Protect|p1b: Gholdengo\n|-singleturn|p1b: Gholdengo|Protect\n|move|p1a: Klefki|Thunder Wave|p2b: Chi-Yu\n|-hint|Since gen 7, Dark is immune to Prankster moves.\n|-immune|p2b: Chi-Yu\n|move|p2a: Bronzong|Stomping Tantrum|p1b: Gholdengo\n|-activate|p1b: Gholdengo|move: Protect\n|move|p2b: Chi-Yu|Substitute|p2b: Chi-Yu\n|-start|p2b: Chi-Yu|Substitute\n|-damage|p2b: Chi-Yu|51\/100\n|\n|-heal|p1b: Gholdengo|62\/100|[from] item: Leftovers\n|upkeep\n|turn|6\n|\n|t:|1681979873\n|move|p2a: Bronzong|Stomping Tantrum|p1b: Gholdengo\n|-supereffective|p1b: Gholdengo\n|-damage|p1b: Gholdengo|33\/100\n|move|p1a: Klefki|Flash Cannon|p2a: Bronzong\n|-damage|p2a: Bronzong|4\/100 par\n|move|p1b: Gholdengo|Make It Rain|p2b: Chi-Yu|[spread] p2a,p2b\n|-resisted|p2b: Chi-Yu\n|-activate|p2b: Chi-Yu|move: Substitute|[damage]\n|-damage|p2a: Bronzong|0 fnt\n|-unboost|p1b: Gholdengo|spa|1\n|faint|p2a: Bronzong\n|move|p2b: Chi-Yu|Snarl|p1b: Gholdengo|[spread] p1a,p1b\n|-resisted|p1a: Klefki\n|-supereffective|p1b: Gholdengo\n|-damage|p1a: Klefki|69\/100\n|-damage|p1b: Gholdengo|7\/100\n|-unboost|p1a: Klefki|spa|1\n|-unboost|p1b: Gholdengo|spa|1\n|\n|-heal|p1b: Gholdengo|13\/100|[from] item: Leftovers\n|upkeep\n|\n|t:|1681979893\n|switch|p2a: Skeledirge|Skeledirge, L50, M|100\/100\n|turn|7\n|\n|t:|1681979906\n|move|p1b: Gholdengo|Protect|p1b: Gholdengo\n|-singleturn|p1b: Gholdengo|Protect\n|move|p1a: Klefki|Thunder Wave|p2a: Skeledirge\n|-status|p2a: Skeledirge|par\n|cant|p2a: Skeledirge|par\n|move|p2b: Chi-Yu|Snarl|p1a: Klefki|[spread] p1a\n|-activate|p1b: Gholdengo|move: Protect\n|-resisted|p1a: Klefki\n|-damage|p1a: Klefki|60\/100\n|-unboost|p1a: Klefki|spa|1\n|\n|-heal|p1b: Gholdengo|19\/100|[from] item: Leftovers\n|-fieldend|move: Trick Room\n|upkeep\n|turn|8\n|inactive|Benjisymbolism has 30 seconds left.\n|inactive|Benjisymbolism has 20 seconds left.\n|\n|t:|1681979941\n|switch|p1b: Tsareena|Tsareena, L50, F|100\/100\n|switch|p1a: Chi-Yu|Chi-Yu, L50, tera:Water|39\/100\n|-ability|p1a: Chi-Yu|Beads of Ruin\n|move|p2b: Chi-Yu|Snarl|p1b: Tsareena|[spread] p1a,p1b\n|-damage|p1a: Chi-Yu|28\/100\n|-damage|p1b: Tsareena|89\/100\n|-unboost|p1a: Chi-Yu|spa|1\n|-unboost|p1b: Tsareena|spa|1\n|move|p2a: Skeledirge|Encore||[still]\n|-fail|p2a: Skeledirge\n|\n|-sideend|p1: Benjisymbolism|move: Light Screen\n|upkeep\n|turn|9\n|inactive|Benjisymbolism has 30 seconds left.\n|inactive|Benjisymbolism has 20 seconds left.\n|\n|t:|1681979977\n|move|p2b: Chi-Yu|Tera Blast|p1a: Chi-Yu\n|-damage|p1a: Chi-Yu|4\/100\n|move|p1a: Chi-Yu|Dark Pulse|p2a: Skeledirge\n|-supereffective|p2a: Skeledirge\n|-damage|p2a: Skeledirge|0 fnt\n|faint|p2a: Skeledirge\n|move|p1b: Tsareena|U-turn|p2b: Chi-Yu\n|-end|p2b: Chi-Yu|Substitute\n|\n|t:|1681979986\n|switch|p1b: Klefki|Klefki, L50, M|60\/100|[from] U-turn\n|\n|upkeep\n|\n|t:|1681979990\n|switch|p2a: Torkoal|Torkoal, L50, M|100\/100\n|-weather|SunnyDay|[from] ability: Drought|[of] p2a: Torkoal\n|turn|10\n|\n|t:|1681980008\n|move|p1b: Klefki|Light Screen|p1b: Klefki\n|-sidestart|p1: Benjisymbolism|move: Light Screen\n|move|p2b: Chi-Yu|Snarl|p1b: Klefki|[spread] p1a,p1b\n|-resisted|p1b: Klefki\n|-damage|p1a: Chi-Yu|0 fnt\n|-damage|p1b: Klefki|50\/100\n|-unboost|p1b: Klefki|spa|1\n|faint|p1a: Chi-Yu\n|move|p2a: Torkoal|Eruption|p1b: Klefki\n|-supereffective|p1b: Klefki\n|-damage|p1b: Klefki|0 fnt\n|faint|p1b: Klefki\n|-damage|p2a: Torkoal|91\/100|[from] item: Life Orb\n|\n|-weather|SunnyDay|[upkeep]\n|upkeep\n|\n|t:|1681980013\n|switch|p1a: Tsareena|Tsareena, L50, F|89\/100\n|switch|p1b: Gholdengo|Gholdengo, L50|19\/100\n|turn|11\n|inactive|Benjisymbolism has 30 seconds left.\n|inactive|Benjisymbolism has 20 seconds left.\n|\n|t:|1681980050\n|move|p2b: Chi-Yu|Protect|p2b: Chi-Yu\n|-singleturn|p2b: Chi-Yu|Protect\n|move|p2a: Torkoal|Protect|p2a: Torkoal\n|-singleturn|p2a: Torkoal|Protect\n|move|p1b: Gholdengo|Shadow Ball|p2a: Torkoal\n|-activate|p2a: Torkoal|move: Protect\n|move|p1a: Tsareena|High Jump Kick|p2b: Chi-Yu\n|-activate|p2b: Chi-Yu|move: Protect\n|-damage|p1a: Tsareena|40\/100|[from] highjumpkick\n|\n|-weather|SunnyDay|[upkeep]\n|-heal|p1b: Gholdengo|25\/100|[from] item: Leftovers\n|upkeep\n|turn|12\n|\n|t:|1681980069\n|move|p2b: Chi-Yu|Substitute|p2b: Chi-Yu\n|-start|p2b: Chi-Yu|Substitute\n|-damage|p2b: Chi-Yu|27\/100\n|move|p1b: Gholdengo|Nasty Plot|p1b: Gholdengo\n|-boost|p1b: Gholdengo|spa|2\n|move|p1a: Tsareena|High Jump Kick|p2b: Chi-Yu\n|-supereffective|p2b: Chi-Yu\n|-end|p2b: Chi-Yu|Substitute\n|move|p2a: Torkoal|Eruption|p1a: Tsareena|[spread] p1a,p1b\n|-supereffective|p1a: Tsareena\n|-supereffective|p1b: Gholdengo\n|-damage|p1a: Tsareena|0 fnt\n|-damage|p1b: Gholdengo|0 fnt\n|faint|p1a: Tsareena\n|faint|p1b: Gholdengo\n|-damage|p2a: Torkoal|82\/100|[from] item: Life Orb\n|\n|win|xdfgdfgh\n|raw|Benjisymbolism's rating: 1157 → 1126<\/strong> (-31 for losing)\n|raw|xdfgdfgh's rating: 1073 → 1109<\/strong> (+36 for winning)\n|l|\u2606Benjisymbolism\n","uploadtime":1681980078,"views":6,"p1id":"benjisymbolism","p2id":"xdfgdfgh","formatid":"gen9vgc2023regulationc","rating":1109,"private":0,"password":""}