{"id":"gen9vgc2023regulationc-1851593160","p1":"aeon_meme","p2":"mafumafusimpsimp","format":"[Gen 9] VGC 2023 Regulation C","log":"|j|\u2606aeon_meme\n|j|\u2606mafumafusimpsimp\n|t:|1682459071\n|gametype|doubles\n|player|p1|aeon_meme|harlequin|\n|player|p2|mafumafusimpsimp|crasherwake|\n|teamsize|p1|6\n|teamsize|p2|6\n|gen|9\n|tier|[Gen 9] VGC 2023 Regulation C\n|rated|Tournament battle\n|rule|Species Clause: Limit one of each Pok\u00e9mon\n|rule|Item Clause: Limit one of each item\n|clearpoke\n|poke|p1|Iron Bundle, L50|\n|poke|p1|Abomasnow, L50, F|\n|poke|p1|Chi-Yu, L50|\n|poke|p1|Flutter Mane, L50|\n|poke|p1|Great Tusk, L50|\n|poke|p1|Corviknight, L50, F|\n|poke|p2|Breloom, L50, M|\n|poke|p2|Chien-Pao, L50|\n|poke|p2|Flutter Mane, L50|\n|poke|p2|Kingambit, L50, F|\n|poke|p2|Iron Hands, L50|\n|poke|p2|Iron Bundle, L50|\n|teampreview|4\n|raw| Open Team Sheet for aeon_meme<\/summary>Fast Mezza (Iron Bundle) @ Booster Energy Ability: Quark Drive Level: 50 Tera Type: Ghost - Hydro Pump - Freeze-Dry - Icy Wind - Aurora Veil Slow Mezza (Abomasnow) @ Assault Vest Ability: Snow Warning Level: 50 Tera Type: Water - Ice Shard - Earth Power - Giga Drain - Blizzard Chi-Yu @ Life Orb Ability: Beads of Ruin Level: 50 Tera Type: Ghost - Heat Wave - Overheat - Dark Pulse - Protect Flutter Mane @ Choice Specs Ability: Protosynthesis Level: 50 Tera Type: Fairy - Moonblast - Shadow Ball - Dazzling Gleam - Thunderbolt Great Tusk @ Choice Scarf Ability: Protosynthesis Level: 50 Hidden Power: Fighting Tera Type: Steel - Headlong Rush - Earthquake - Close Combat - Rock Slide Corviknight @ Leftovers Ability: Mirror Armor Level: 50 Tera Type: Fire - Brave Bird - Iron Head - Tailwind - Protect <\/details><\/div> Open Team Sheet for mafumafusimpsimp<\/summary>Breloom @ Focus Sash Ability: Technician Level: 50 Tera Type: Fighting - Bullet Seed - Mach Punch - Rock Tomb - Spore Chien-Pao @ Life Orb Ability: Sword of Ruin Level: 50 Tera Type: Ghost - Protect - Ice Spinner - Sucker Punch - Sacred Sword Flutter Mane @ Booster Energy Ability: Protosynthesis Level: 50 Tera Type: Fairy - Dazzling Gleam - Moonblast - Shadow Ball - Protect Kingambit @ Safety Goggles Ability: Defiant Level: 50 Tera Type: Flying - Tera Blast - Iron Head - Swords Dance - Sucker Punch Iron Hands @ Clear Amulet Ability: Quark Drive Level: 50 Tera Type: Fire - Swords Dance - Drain Punch - Thunder Punch - Protect Iron Bundle @ Covert Cloak Ability: Quark Drive Level: 50 Tera Type: Ice - Icy Wind - Freeze-Dry - Hydro Pump - Encore <\/details><\/div>\n|c|\u2606mafumafusimpsimp|glhf\n|c|\u2606mafumafusimpsimp|or else\n|c|\u2606aeon_meme|glhf\n|j| Dongle Ponk\n|j| sadgirl23\n|\n|t:|1682459099\n|start\n|switch|p1a: Fast Mezza|Iron Bundle, L50|100\/100\n|switch|p1b: Flutter Mane|Flutter Mane, L50|100\/100\n|switch|p2a: Iron Hands|Iron Hands, L50|100\/100\n|switch|p2b: Kingambit|Kingambit, L50, F|100\/100\n|-enditem|p1a: Fast Mezza|Booster Energy\n|-activate|p1a: Fast Mezza|ability: Quark Drive|[fromitem]\n|-start|p1a: Fast Mezza|quarkdrivespe\n|turn|1\n|c| Dongle Ponk|mid teams, no charmander\n|j| capodinapoli\n|j|%Borghi\n|\n|t:|1682459122\n|-end|p1b: Flutter Mane|Protosynthesis|[silent]\n|switch|p1b: Slow Mezza|Abomasnow, L50, F|100\/100\n|-weather|Snow|[from] ability: Snow Warning|[of] p1b: Slow Mezza\n|-terastallize|p2a: Iron Hands|Fire\n|move|p1a: Fast Mezza|Aurora Veil|p1a: Fast Mezza\n|-sidestart|p1: aeon_meme|move: Aurora Veil\n|move|p2b: Kingambit|Iron Head|p1b: Slow Mezza\n|-supereffective|p1b: Slow Mezza\n|-damage|p1b: Slow Mezza|54\/100\n|move|p2a: Iron Hands|Drain Punch|p1a: Fast Mezza\n|-supereffective|p1a: Fast Mezza\n|-damage|p1a: Fast Mezza|55\/100\n|\n|-weather|Snow|[upkeep]\n|upkeep\n|turn|2\n|c| Dongle Ponk|use tackle\n|\n|t:|1682459151\n|-end|p2a: Iron Hands|Quark Drive|[silent]\n|switch|p2a: Iron Bundle|Iron Bundle, L50|100\/100\n|move|p1a: Fast Mezza|Hydro Pump|p2a: Iron Bundle\n|-resisted|p2a: Iron Bundle\n|-damage|p2a: Iron Bundle|48\/100\n|move|p1b: Slow Mezza|Earth Power|p2a: Iron Bundle\n|-damage|p2a: Iron Bundle|0 fnt\n|faint|p2a: Iron Bundle\n|-end|p2a: Iron Bundle|Quark Drive|[silent]\n|move|p2b: Kingambit|Swords Dance|p2b: Kingambit\n|-boost|p2b: Kingambit|atk|2\n|\n|-weather|Snow|[upkeep]\n|upkeep\n|j| rina slaywayama\n|\n|t:|1682459163\n|switch|p2a: Iron Hands|Iron Hands, L50, tera:Fire|100\/100\n|turn|3\n|c| capodinapoli|Why is iron bundle like that\n|\n|t:|1682459175\n|move|p2b: Kingambit|Sucker Punch|p1a: Fast Mezza\n|-damage|p1a: Fast Mezza|9\/100\n|move|p1a: Fast Mezza|Hydro Pump|p2a: Iron Hands\n|-supereffective|p2a: Iron Hands\n|-damage|p2a: Iron Hands|14\/100\n|move|p1b: Slow Mezza|Earth Power|p2b: Kingambit\n|-supereffective|p2b: Kingambit\n|-damage|p2b: Kingambit|47\/100\n|move|p2a: Iron Hands|Drain Punch|p1b: Slow Mezza\n|-supereffective|p1b: Slow Mezza\n|-damage|p1b: Slow Mezza|9\/100\n|-heal|p2a: Iron Hands|33\/100|[from] drain|[of] p1b: Slow Mezza\n|\n|-weather|Snow|[upkeep]\n|upkeep\n|turn|4\n|c| Dongle Ponk|it just goofy like that\n|l| rina slaywayama\n|c| Dongle Ponk|obama snow is tanky omg\n|\n|t:|1682459210\n|-end|p1a: Fast Mezza|Quark Drive|[silent]\n|switch|p1a: Great Tusk|Great Tusk, L50|100\/100\n|move|p2b: Kingambit|Sucker Punch|p1b: Slow Mezza\n|-damage|p1b: Slow Mezza|0 fnt\n|faint|p1b: Slow Mezza\n|move|p2a: Iron Hands|Drain Punch|p1a: Great Tusk\n|-damage|p1a: Great Tusk|81\/100\n|-heal|p2a: Iron Hands|42\/100|[from] drain|[of] p1a: Great Tusk\n|\n|-weather|Snow|[upkeep]\n|upkeep\n|\n|t:|1682459220\n|switch|p1b: Fast Mezza|Iron Bundle, L50|9\/100\n|turn|5\n|c|\u2606mafumafusimpsimp|jesus av bundle is kinda schnice\n|\n|t:|1682459244\n|move|p2a: Iron Hands|Protect|p2a: Iron Hands\n|-singleturn|p2a: Iron Hands|Protect\n|move|p2b: Kingambit|Sucker Punch|p1b: Fast Mezza\n|-damage|p1b: Fast Mezza|0 fnt\n|faint|p1b: Fast Mezza\n|-end|p1b: Fast Mezza|Quark Drive|[silent]\n|move|p1a: Great Tusk|Earthquake|p2b: Kingambit|[spread] p2b\n|-activate|p2a: Iron Hands|move: Protect\n|-supereffective|p2b: Kingambit\n|-damage|p2b: Kingambit|0 fnt\n|faint|p2b: Kingambit\n|\n|-weather|none\n|-sideend|p1: aeon_meme|move: Aurora Veil\n|upkeep\n|\n|t:|1682459248\n|switch|p1b: Flutter Mane|Flutter Mane, L50|100\/100\n|switch|p2b: Chien-Pao|Chien-Pao, L50|100\/100\n|-ability|p2b: Chien-Pao|Sword of Ruin\n|turn|6\n|c| Dongle Ponk|its a close game\n|\n|t:|1682459273\n|-terastallize|p1b: Flutter Mane|Fairy\n|move|p1a: Great Tusk|Earthquake|p2a: Iron Hands|[spread] p1b,p2a,p2b\n|-supereffective|p2a: Iron Hands\n|-damage|p1b: Flutter Mane|15\/100\n|-damage|p2a: Iron Hands|0 fnt\n|-damage|p2b: Chien-Pao|50\/100\n|faint|p2a: Iron Hands\n|-end|p2a: Iron Hands|Quark Drive|[silent]\n|move|p2b: Chien-Pao|Ice Spinner|p1a: Great Tusk\n|-supereffective|p1a: Great Tusk\n|-damage|p1a: Great Tusk|0 fnt\n|faint|p1a: Great Tusk\n|-end|p1a: Great Tusk|Protosynthesis|[silent]\n|-damage|p2b: Chien-Pao|40\/100|[from] item: Life Orb\n|move|p1b: Flutter Mane|Dazzling Gleam|p2b: Chien-Pao\n|-supereffective|p2b: Chien-Pao\n|-damage|p2b: Chien-Pao|0 fnt\n|faint|p2b: Chien-Pao\n|\n|win|aeon_meme\n|n|\u2606aeon_meme|aeonmeme\n|n|\u2606mafumafusimpsimp|mafumafusimpsimp\n|n| Dongle Ponk|dongleponk\n|n| sadgirl23|sadgirl23\n|n| capodinapoli|capodinapoli\n|n| Borghi|borghi\n","uploadtime":1682459274,"views":16,"p1id":"aeonmeme","p2id":"mafumafusimpsimp","formatid":"gen9vgc2023regulationc","rating":0,"private":0,"password":""}