{"id":"gen9vgc2023regulationc-1853090505","p1":"RossMellow","p2":"qwilfishfan5","format":"[Gen 9] VGC 2023 Regulation C","log":"|j|\u2606RossMellow\n|j|\u2606qwilfishfan5\n|t:|1682633964\n|gametype|doubles\n|player|p1|RossMellow|1|1128\n|player|p2|qwilfishfan5|169|1040\n|teamsize|p1|6\n|teamsize|p2|6\n|gen|9\n|tier|[Gen 9] VGC 2023 Regulation C\n|rated|\n|rule|Species Clause: Limit one of each Pok\u00e9mon\n|rule|Item Clause: Limit one of each item\n|clearpoke\n|poke|p1|Oricorio, L50, M|\n|poke|p1|Florges-Orange, L50, F|\n|poke|p1|Iron Moth, L50|\n|poke|p1|Quaquaval, L50, F|\n|poke|p1|Grafaiai, L50, F|\n|poke|p1|Chien-Pao, L50|\n|poke|p2|Alomomola, L50, M|\n|poke|p2|Flutter Mane, L50|\n|poke|p2|Pyroar, L50, F|\n|poke|p2|Appletun, L50, M|\n|poke|p2|Roaring Moon, L50|\n|poke|p2|Grimmsnarl, L50, M|\n|teampreview|4\n|\n|t:|1682633996\n|start\n|switch|p1a: Iron Moth|Iron Moth, L50|100\/100\n|switch|p1b: Florges|Florges-Orange, L50, F|100\/100\n|switch|p2a: Appletun|Appletun, L50, M|100\/100\n|switch|p2b: Flutter Mane|Flutter Mane, L50|100\/100\n|-enditem|p1a: Iron Moth|Booster Energy\n|-activate|p1b: Florges|ability: Symbiosis|Safety Goggles|[of] p1a: Iron Moth\n|-activate|p1a: Iron Moth|ability: Quark Drive|[fromitem]\n|-start|p1a: Iron Moth|quarkdrivespe\n|turn|1\n|\n|t:|1682634028\n|switch|p1b: Oricorio|Oricorio, L50, M|100\/100\n|-terastallize|p2b: Flutter Mane|Ghost\n|move|p1a: Iron Moth|Fiery Dance|p2b: Flutter Mane\n|-damage|p2b: Flutter Mane|60\/100\n|-boost|p1a: Iron Moth|spa|1\n|-activate|p1b: Oricorio|ability: Dancer\n|move|p1b: Oricorio|Fiery Dance|p2b: Flutter Mane|[from]ability: Dancer\n|-damage|p2b: Flutter Mane|17\/100\n|-boost|p1b: Oricorio|spa|1\n|move|p2b: Flutter Mane|Shadow Ball|p1a: Iron Moth\n|-damage|p1a: Iron Moth|42\/100\n|move|p2a: Appletun|Leech Seed|p1a: Iron Moth\n|-start|p1a: Iron Moth|move: Leech Seed\n|\n|-damage|p1a: Iron Moth|30\/100|[from] Leech Seed|[of] p2a: Appletun\n|upkeep\n|turn|2\n|\n|t:|1682634056\n|-end|p2b: Flutter Mane|Protosynthesis|[silent]\n|switch|p2b: Pyroar|Pyroar, L50, F|100\/100\n|move|p1a: Iron Moth|Fiery Dance|p2b: Pyroar\n|-resisted|p2b: Pyroar\n|-damage|p2b: Pyroar|52\/100\n|-boost|p1a: Iron Moth|spa|1\n|-activate|p1b: Oricorio|ability: Dancer\n|move|p1b: Oricorio|Fiery Dance|p2b: Pyroar|[from]ability: Dancer\n|-resisted|p2b: Pyroar\n|-damage|p2b: Pyroar|11\/100\n|-boost|p1b: Oricorio|spa|1\n|move|p1b: Oricorio|Tailwind|p1b: Oricorio\n|-sidestart|p1: RossMellow|move: Tailwind\n|move|p2a: Appletun|Leech Seed|p1b: Oricorio\n|-start|p1b: Oricorio|move: Leech Seed\n|\n|-damage|p1a: Iron Moth|17\/100|[from] Leech Seed|[of] p2a: Appletun\n|-damage|p1b: Oricorio|89\/100|[from] Leech Seed|[of] p2a: Appletun\n|upkeep\n|turn|3\n|\n|t:|1682634082\n|switch|p2b: Flutter Mane|Flutter Mane, L50, tera:Ghost|17\/100\n|move|p1a: Iron Moth|Fiery Dance|p2a: Appletun\n|-damage|p2a: Appletun|48\/100\n|-boost|p1a: Iron Moth|spa|1\n|-activate|p2a: Appletun|ability: Ripen\n|-enditem|p2a: Appletun|Sitrus Berry|[eat]\n|-heal|p2a: Appletun|98\/100|[from] item: Sitrus Berry\n|-activate|p1b: Oricorio|ability: Dancer\n|move|p1b: Oricorio|Fiery Dance|p2a: Appletun|[from]ability: Dancer\n|-damage|p2a: Appletun|47\/100\n|-boost|p1b: Oricorio|spa|1\n|move|p1b: Oricorio|Revelation Dance|p2b: Flutter Mane\n|-damage|p2b: Flutter Mane|0 fnt\n|faint|p2b: Flutter Mane\n|-end|p2b: Flutter Mane|Protosynthesis|[silent]\n|move|p2a: Appletun|Iron Defense|p2a: Appletun\n|-boost|p2a: Appletun|def|2\n|-enditem|p1b: Oricorio|Mirror Herb\n|-boost|p1b: Oricorio|def|2|[from] item: Mirror Herb\n|\n|-damage|p1a: Iron Moth|5\/100|[from] Leech Seed|[of] p2a: Appletun\n|-heal|p2a: Appletun|56\/100|[silent]\n|-damage|p1b: Oricorio|77\/100|[from] Leech Seed|[of] p2a: Appletun\n|-heal|p2a: Appletun|65\/100|[silent]\n|upkeep\n|\n|t:|1682634093\n|switch|p2b: Roaring Moon|Roaring Moon, L50|100\/100\n|-enditem|p2b: Roaring Moon|Booster Energy\n|-activate|p2b: Roaring Moon|ability: Protosynthesis|[fromitem]\n|-start|p2b: Roaring Moon|protosynthesisspe\n|turn|4\n|\n|t:|1682634115\n|move|p2b: Roaring Moon|Protect|p2b: Roaring Moon\n|-singleturn|p2b: Roaring Moon|Protect\n|move|p1a: Iron Moth|Fiery Dance|p2b: Roaring Moon\n|-activate|p2b: Roaring Moon|move: Protect\n|move|p1b: Oricorio|Revelation Dance|p2b: Roaring Moon\n|-activate|p2b: Roaring Moon|move: Protect\n|move|p2a: Appletun|Recycle|p2a: Appletun\n|-item|p2a: Appletun|Sitrus Berry|[from] move: Recycle\n|\n|-damage|p1a: Iron Moth|0 fnt|[from] Leech Seed|[of] p2a: Appletun\n|-heal|p2a: Appletun|68\/100|[silent]\n|faint|p1a: Iron Moth\n|-end|p1a: Iron Moth|Quark Drive|[silent]\n|-damage|p1b: Oricorio|65\/100|[from] Leech Seed|[of] p2a: Appletun\n|-heal|p2a: Appletun|77\/100|[silent]\n|upkeep\n|\n|t:|1682634130\n|switch|p1a: Florges|Florges-Orange, L50, F|100\/100\n|turn|5\n|\n|t:|1682634153\n|-terastallize|p1b: Oricorio|Grass\n|move|p1b: Oricorio|Revelation Dance|p2b: Roaring Moon\n|-resisted|p2b: Roaring Moon\n|-damage|p2b: Roaring Moon|48\/100\n|move|p2b: Roaring Moon|Dragon Claw|p1b: Oricorio\n|-damage|p1b: Oricorio|24\/100\n|move|p1a: Florges|Petal Dance|p2a: Appletun\n|-resisted|p2a: Appletun\n|-damage|p2a: Appletun|70\/100\n|-activate|p1b: Oricorio|ability: Dancer\n|move|p1b: Oricorio|Petal Dance|p2b: Roaring Moon|[from]ability: Dancer\n|-resisted|p2b: Roaring Moon\n|-damage|p2b: Roaring Moon|0 fnt\n|faint|p2b: Roaring Moon\n|-end|p2b: Roaring Moon|Protosynthesis|[silent]\n|move|p2a: Appletun|Body Press|p1a: Florges\n|-resisted|p1a: Florges\n|-crit|p1a: Florges\n|-damage|p1a: Florges|72\/100\n|\n|-damage|p1b: Oricorio|12\/100|[from] Leech Seed|[of] p2a: Appletun\n|-heal|p2a: Appletun|78\/100|[silent]\n|-sideend|p1: RossMellow|move: Tailwind\n|upkeep\n|\n|t:|1682634165\n|switch|p2b: Pyroar|Pyroar, L50, F|11\/100\n|turn|6\n|\n|t:|1682634180\n|move|p1b: Oricorio|Protect|p1b: Oricorio\n|-singleturn|p1b: Oricorio|Protect\n|move|p2b: Pyroar|Snarl|p1b: Oricorio|[spread] p1a\n|-activate|p1b: Oricorio|move: Protect\n|-resisted|p1a: Florges\n|-damage|p1a: Florges|65\/100\n|-unboost|p1a: Florges|spa|1\n|-damage|p2b: Pyroar|1\/100|[from] item: Life Orb\n|move|p1a: Florges|Petal Dance|p2b: Pyroar|[from]lockedmove\n|-resisted|p2b: Pyroar\n|-damage|p2b: Pyroar|0 fnt\n|faint|p2b: Pyroar\n|-start|p1a: Florges|confusion|[fatigue]\n|-activate|p1b: Oricorio|ability: Dancer\n|move|p1b: Oricorio|Petal Dance|p2a: Appletun|[from]ability: Dancer\n|-resisted|p2a: Appletun\n|-damage|p2a: Appletun|54\/100\n|move|p2a: Appletun|Iron Defense|p2a: Appletun\n|-boost|p2a: Appletun|def|2\n|\n|-damage|p1b: Oricorio|0 fnt|[from] Leech Seed|[of] p2a: Appletun\n|-heal|p2a: Appletun|63\/100|[silent]\n|faint|p1b: Oricorio\n|upkeep\n|\n|t:|1682634203\n|switch|p1b: Chien-Pao|Chien-Pao, L50|100\/100\n|-ability|p1b: Chien-Pao|Sword of Ruin\n|turn|7\n|\n|t:|1682634214\n|move|p1b: Chien-Pao|Ice Shard|p2a: Appletun\n|-supereffective|p2a: Appletun\n|-damage|p2a: Appletun|24\/100\n|-activate|p2a: Appletun|ability: Ripen\n|-enditem|p2a: Appletun|Sitrus Berry|[eat]\n|-heal|p2a: Appletun|74\/100|[from] item: Sitrus Berry\n|-activate|p1a: Florges|confusion\n|move|p1a: Florges|Draining Kiss|p2a: Appletun\n|-supereffective|p2a: Appletun\n|-damage|p2a: Appletun|51\/100\n|-heal|p1a: Florges|86\/100|[from] drain|[of] p2a: Appletun\n|move|p2a: Appletun|Body Press|p1b: Chien-Pao\n|-supereffective|p1b: Chien-Pao\n|-damage|p1b: Chien-Pao|0 fnt\n|faint|p1b: Chien-Pao\n|\n|upkeep\n|turn|8\n|\n|t:|1682634234\n|-activate|p1a: Florges|confusion\n|-damage|p1a: Florges|79\/100|[from] confusion\n|move|p2a: Appletun|Recycle|p2a: Appletun\n|-item|p2a: Appletun|Sitrus Berry|[from] move: Recycle\n|\n|upkeep\n|turn|9\n|\n|t:|1682634240\n|-activate|p1a: Florges|confusion\n|move|p1a: Florges|Light Screen|p1a: Florges\n|-sidestart|p1: RossMellow|move: Light Screen\n|move|p2a: Appletun|Leech Seed|p1a: Florges\n|-start|p1a: Florges|move: Leech Seed\n|\n|-damage|p1a: Florges|66\/100|[from] Leech Seed|[of] p2a: Appletun\n|-heal|p2a: Appletun|61\/100|[silent]\n|upkeep\n|turn|10\n|\n|t:|1682634254\n|-end|p1a: Florges|confusion\n|move|p1a: Florges|Draining Kiss|p2a: Appletun\n|-supereffective|p2a: Appletun\n|-crit|p2a: Appletun\n|-damage|p2a: Appletun|6\/100\n|-heal|p1a: Florges|100\/100|[from] drain|[of] p2a: Appletun\n|-activate|p2a: Appletun|ability: Ripen\n|-enditem|p2a: Appletun|Sitrus Berry|[eat]\n|-heal|p2a: Appletun|56\/100|[from] item: Sitrus Berry\n|move|p2a: Appletun|Body Press|p1a: Florges\n|-resisted|p1a: Florges\n|-damage|p1a: Florges|72\/100\n|\n|-damage|p1a: Florges|60\/100|[from] Leech Seed|[of] p2a: Appletun\n|-heal|p2a: Appletun|66\/100|[silent]\n|upkeep\n|turn|11\n|\n|t:|1682634286\n|move|p1a: Florges|Draining Kiss|p2a: Appletun\n|-supereffective|p2a: Appletun\n|-damage|p2a: Appletun|42\/100\n|-heal|p1a: Florges|82\/100|[from] drain|[of] p2a: Appletun\n|move|p2a: Appletun|Recycle|p2a: Appletun\n|-item|p2a: Appletun|Sitrus Berry|[from] move: Recycle\n|-activate|p2a: Appletun|ability: Ripen\n|-enditem|p2a: Appletun|Sitrus Berry|[eat]\n|-heal|p2a: Appletun|91\/100|[from] item: Sitrus Berry\n|\n|-damage|p1a: Florges|70\/100|[from] Leech Seed|[of] p2a: Appletun\n|-heal|p2a: Appletun|100\/100|[silent]\n|upkeep\n|turn|12\n|\n|t:|1682634308\n|move|p1a: Florges|Draining Kiss|p2a: Appletun\n|-supereffective|p2a: Appletun\n|-damage|p2a: Appletun|75\/100\n|-heal|p1a: Florges|92\/100|[from] drain|[of] p2a: Appletun\n|move|p2a: Appletun|Recycle|p2a: Appletun\n|-item|p2a: Appletun|Sitrus Berry|[from] move: Recycle\n|\n|-damage|p1a: Florges|80\/100|[from] Leech Seed|[of] p2a: Appletun\n|-heal|p2a: Appletun|85\/100|[silent]\n|upkeep\n|turn|13\n|\n|t:|1682634345\n|move|p1a: Florges|Draining Kiss|p2a: Appletun\n|-supereffective|p2a: Appletun\n|-damage|p2a: Appletun|59\/100\n|-heal|p1a: Florges|100\/100|[from] drain|[of] p2a: Appletun\n|move|p2a: Appletun|Iron Defense|p2a: Appletun\n|-boost|p2a: Appletun|def|2\n|\n|-damage|p1a: Florges|88\/100|[from] Leech Seed|[of] p2a: Appletun\n|-heal|p2a: Appletun|70\/100|[silent]\n|-sideend|p1: RossMellow|move: Light Screen\n|upkeep\n|turn|14\n|\n|t:|1682634370\n|move|p1a: Florges|Draining Kiss|p2a: Appletun\n|-supereffective|p2a: Appletun\n|-damage|p2a: Appletun|42\/100\n|-heal|p1a: Florges|100\/100|[from] drain|[of] p2a: Appletun\n|-activate|p2a: Appletun|ability: Ripen\n|-enditem|p2a: Appletun|Sitrus Berry|[eat]\n|-heal|p2a: Appletun|92\/100|[from] item: Sitrus Berry\n|move|p2a: Appletun|Iron Defense|p2a: Appletun\n|-boost|p2a: Appletun|def|0\n|\n|-damage|p1a: Florges|88\/100|[from] Leech Seed|[of] p2a: Appletun\n|-heal|p2a: Appletun|100\/100|[silent]\n|upkeep\n|turn|15\n|\n|t:|1682634383\n|move|p1a: Florges|Pollen Puff|p2a: Appletun\n|-supereffective|p2a: Appletun\n|-damage|p2a: Appletun|75\/100\n|move|p2a: Appletun|Recycle|p2a: Appletun\n|-item|p2a: Appletun|Sitrus Berry|[from] move: Recycle\n|\n|-damage|p1a: Florges|76\/100|[from] Leech Seed|[of] p2a: Appletun\n|-heal|p2a: Appletun|85\/100|[silent]\n|upkeep\n|turn|16\n|\n|t:|1682634393\n|move|p1a: Florges|Pollen Puff|p2a: Appletun\n|-supereffective|p2a: Appletun\n|-damage|p2a: Appletun|58\/100\n|move|p2a: Appletun|Body Press|p1a: Florges\n|-resisted|p1a: Florges\n|-damage|p1a: Florges|37\/100\n|\n|-damage|p1a: Florges|25\/100|[from] Leech Seed|[of] p2a: Appletun\n|-heal|p2a: Appletun|68\/100|[silent]\n|upkeep\n|turn|17\n|\n|t:|1682634403\n|move|p1a: Florges|Draining Kiss|p2a: Appletun\n|-supereffective|p2a: Appletun\n|-damage|p2a: Appletun|45\/100\n|-heal|p1a: Florges|45\/100|[from] drain|[of] p2a: Appletun\n|-activate|p2a: Appletun|ability: Ripen\n|-enditem|p2a: Appletun|Sitrus Berry|[eat]\n|-heal|p2a: Appletun|95\/100|[from] item: Sitrus Berry\n|move|p2a: Appletun|Body Press|p1a: Florges\n|-resisted|p1a: Florges\n|-damage|p1a: Florges|3\/100\n|\n|-damage|p1a: Florges|0 fnt|[from] Leech Seed|[of] p2a: Appletun\n|-heal|p2a: Appletun|97\/100|[silent]\n|faint|p1a: Florges\n|\n|win|qwilfishfan5\n|upkeep\n|raw|RossMellow's rating: 1128 → 1097<\/strong> (-31 for losing)\n|raw|qwilfishfan5's rating: 1040 → 1082<\/strong> (+42 for winning)\n|l|\u2606RossMellow\n","uploadtime":1682634423,"views":14,"p1id":"rossmellow","p2id":"qwilfishfan5","formatid":"gen9vgc2023regulationc","rating":1082,"private":0,"password":""}