{"id":"gen9vgc2023regulationc-1857713412","p1":"Gracamol","p2":"patheticfawn","format":"[Gen 9] VGC 2023 Regulation C","log":"|j|\u2606Gracamol\n|j|\u2606patheticfawn\n|t:|1683224867\n|gametype|doubles\n|player|p1|Gracamol|barry|1124\n|player|p2|patheticfawn|1|1130\n|teamsize|p1|6\n|teamsize|p2|6\n|gen|9\n|tier|[Gen 9] VGC 2023 Regulation C\n|rated|\n|rule|Species Clause: Limit one of each Pok\u00e9mon\n|rule|Item Clause: Limit one of each item\n|clearpoke\n|poke|p1|Flutter Mane, L50|\n|poke|p1|Grimmsnarl, L50, M|\n|poke|p1|Tauros-Paldea-Aqua, L50, M|\n|poke|p1|Rotom-Heat, L50|\n|poke|p1|Iron Bundle, L50|\n|poke|p1|Iron Treads, L50|\n|poke|p2|Lilligant, L50, F|\n|poke|p2|Torkoal, L50, F|\n|poke|p2|Flutter Mane, L50|\n|poke|p2|Wo-Chien, L50|\n|poke|p2|Roaring Moon, L50|\n|poke|p2|Jumpluff, L50, M|\n|teampreview|4\nGracamol has agreed to open team sheets.\n|inactive|Battle timer is ON: inactive players will automatically lose when time's up. (requested by patheticfawn)\n|inactive|Gracamol has 60 seconds left.\n|\n|t:|1683224930\n|start\n|switch|p1a: Blitzwing|Iron Bundle, L50|100\/100\n|switch|p1b: Wheeljack|Rotom-Heat, L50, shiny|100\/100\n|switch|p2a: Flutter Mane|Flutter Mane, L50|100\/100\n|switch|p2b: Wo-Chien|Wo-Chien, L50|100\/100\n|-ability|p2b: Wo-Chien|Tablets of Ruin\n|turn|1\n|\n|t:|1683224950\n|move|p1a: Blitzwing|Freeze-Dry|p2b: Wo-Chien\n|-supereffective|p2b: Wo-Chien\n|-damage|p2b: Wo-Chien|60\/100\n|move|p1b: Wheeljack|Overheat|p2b: Wo-Chien\n|-supereffective|p2b: Wo-Chien\n|-damage|p2b: Wo-Chien|0 fnt\n|-unboost|p1b: Wheeljack|spa|2\n|faint|p2b: Wo-Chien\n|move|p2a: Flutter Mane|Trick Room|p2a: Flutter Mane\n|-fieldstart|move: Trick Room|[of] p2a: Flutter Mane\n|\n|upkeep\n|\n|t:|1683224960\n|switch|p2b: Torkoal|Torkoal, L50, F|100\/100\n|-weather|SunnyDay|[from] ability: Drought|[of] p2b: Torkoal\n|-activate|p2a: Flutter Mane|ability: Protosynthesis\n|-start|p2a: Flutter Mane|protosynthesisspa\n|turn|2\n|inactive|Gracamol has 30 seconds left.\n|inactive|Gracamol has 20 seconds left.\n|\n|t:|1683224995\n|-terastallize|p2b: Torkoal|Fire\n|move|p1a: Blitzwing|Protect|p1a: Blitzwing\n|-singleturn|p1a: Blitzwing|Protect\n|move|p2b: Torkoal|Eruption|p1b: Wheeljack|[spread] p1b\n|-activate|p1a: Blitzwing|move: Protect\n|-resisted|p1b: Wheeljack\n|-damage|p1b: Wheeljack|56\/100\n|move|p2a: Flutter Mane|Thunderbolt|p1a: Blitzwing\n|-activate|p1a: Blitzwing|move: Protect\n|move|p1b: Wheeljack|Volt Switch|p2b: Torkoal\n|-damage|p2b: Torkoal|86\/100\n|\n|t:|1683225012\n|switch|p1b: Skywarp|Flutter Mane, L50|100\/100|[from] Volt Switch\n|-activate|p1b: Skywarp|ability: Protosynthesis\n|-start|p1b: Skywarp|protosynthesisspa\n|\n|-weather|SunnyDay|[upkeep]\n|upkeep\n|turn|3\n|inactive|Gracamol has 30 seconds left.\n|\n|t:|1683225041\n|-end|p1a: Blitzwing|Quark Drive|[silent]\n|switch|p1a: Wheeljack|Rotom-Heat, L50, shiny|56\/100\n|move|p2b: Torkoal|Eruption|p1a: Wheeljack|[spread] p1a,p1b\n|-resisted|p1a: Wheeljack\n|-damage|p1a: Wheeljack|13\/100\n|-damage|p1b: Skywarp|13\/100\n|-enditem|p1a: Wheeljack|Sitrus Berry|[eat]\n|-heal|p1a: Wheeljack|37\/100|[from] item: Sitrus Berry\n|move|p2a: Flutter Mane|Thunderbolt|p1a: Wheeljack\n|-resisted|p1a: Wheeljack\n|-damage|p1a: Wheeljack|20\/100\n|move|p1b: Skywarp|Shadow Ball|p2b: Torkoal\n|-damage|p2b: Torkoal|0 fnt\n|faint|p2b: Torkoal\n|\n|-weather|SunnyDay|[upkeep]\n|upkeep\n|\n|t:|1683225056\n|switch|p2b: Roaring Moon|Roaring Moon, L50|100\/100\n|-activate|p2b: Roaring Moon|ability: Protosynthesis\n|-start|p2b: Roaring Moon|protosynthesisatk\n|turn|4\n|\n|t:|1683225066\n|-end|p1b: Skywarp|Protosynthesis|[silent]\n|switch|p1b: Road Hauler|Iron Treads, L50|100\/100\n|-enditem|p1b: Road Hauler|Booster Energy\n|-activate|p1b: Road Hauler|ability: Quark Drive|[fromitem]\n|-start|p1b: Road Hauler|quarkdrivespe\n|move|p1a: Wheeljack|Protect|p1a: Wheeljack\n|-singleturn|p1a: Wheeljack|Protect\n|move|p2a: Flutter Mane|Dazzling Gleam|p1a: Wheeljack|[spread] p1b\n|-activate|p1a: Wheeljack|move: Protect\n|-resisted|p1b: Road Hauler\n|-damage|p1b: Road Hauler|77\/100\n|move|p2b: Roaring Moon|Crunch|p1a: Wheeljack\n|-activate|p1a: Wheeljack|move: Protect\n|\n|-weather|SunnyDay|[upkeep]\n|upkeep\n|turn|5\n|inactive|patheticfawn has 30 seconds left.\n|inactive|patheticfawn has 20 seconds left.\n|inactive|patheticfawn has 15 seconds left.\n|\n|t:|1683225106\n|switch|p1a: Blitzwing|Iron Bundle, L50|100\/100\n|move|p1b: Road Hauler|Protect|p1b: Road Hauler\n|-singleturn|p1b: Road Hauler|Protect\n|move|p2a: Flutter Mane|Shadow Ball|p1b: Road Hauler\n|-activate|p1b: Road Hauler|move: Protect\n|move|p2b: Roaring Moon|Crunch|p1a: Blitzwing\n|-damage|p1a: Blitzwing|39\/100\n|\n|-weather|SunnyDay|[upkeep]\n|-fieldend|move: Trick Room\n|upkeep\n|turn|6\n|\n|t:|1683225130\n|move|p1b: Road Hauler|Iron Head|p2a: Flutter Mane\n|-supereffective|p2a: Flutter Mane\n|-damage|p2a: Flutter Mane|12\/100\n|move|p1a: Blitzwing|Freeze-Dry|p2b: Roaring Moon\n|-supereffective|p2b: Roaring Moon\n|-damage|p2b: Roaring Moon|40\/100\n|-enditem|p2b: Roaring Moon|Weakness Policy\n|-boost|p2b: Roaring Moon|atk|2|[from] item: Weakness Policy\n|-boost|p2b: Roaring Moon|spa|2|[from] item: Weakness Policy\n|move|p2b: Roaring Moon|Rock Slide|p1b: Road Hauler|[spread] p1a,p1b\n|-supereffective|p1a: Blitzwing\n|-resisted|p1b: Road Hauler\n|-damage|p1a: Blitzwing|0 fnt\n|-damage|p1b: Road Hauler|66\/100\n|faint|p1a: Blitzwing\n|-end|p1a: Blitzwing|Quark Drive|[silent]\n|move|p2a: Flutter Mane|Trick Room|p2a: Flutter Mane\n|-fieldstart|move: Trick Room|[of] p2a: Flutter Mane\n|\n|-weather|none\n|-end|p2a: Flutter Mane|Protosynthesis\n|-end|p2b: Roaring Moon|Protosynthesis\n|upkeep\n|\n|t:|1683225149\n|switch|p1a: Wheeljack|Rotom-Heat, L50, shiny|20\/100\n|turn|7\n|\n|t:|1683225160\n|move|p1b: Road Hauler|Protect|p1b: Road Hauler\n|-singleturn|p1b: Road Hauler|Protect\n|move|p2a: Flutter Mane|Shadow Ball|p1b: Road Hauler\n|-activate|p1b: Road Hauler|move: Protect\n|move|p1a: Wheeljack|Volt Switch|p2a: Flutter Mane\n|-damage|p2a: Flutter Mane|0 fnt\n|faint|p2a: Flutter Mane\n|-end|p2a: Flutter Mane|Protosynthesis|[silent]\n|\n|t:|1683225171\n|switch|p1a: Skywarp|Flutter Mane, L50|13\/100|[from] Volt Switch\n|move|p2b: Roaring Moon|Rock Slide|p1a: Skywarp|[spread] p1a\n|-activate|p1b: Road Hauler|move: Protect\n|-damage|p1a: Skywarp|0 fnt\n|faint|p1a: Skywarp\n|-end|p1a: Skywarp|Protosynthesis|[silent]\n|\n|upkeep\n|\n|t:|1683225175\n|switch|p1a: Wheeljack|Rotom-Heat, L50, shiny|20\/100\n|turn|8\n|\n|t:|1683225192\n|-terastallize|p1b: Road Hauler|Ice\n|move|p1a: Wheeljack|Overheat|p2b: Roaring Moon\n|-resisted|p2b: Roaring Moon\n|-damage|p2b: Roaring Moon|19\/100\n|-unboost|p1a: Wheeljack|spa|2\n|move|p2b: Roaring Moon|Earthquake|p1b: Road Hauler|[spread] p1b\n|-immune|p1a: Wheeljack|[from] ability: Levitate\n|-damage|p1b: Road Hauler|20\/100\n|move|p1b: Road Hauler|Ice Spinner|p2b: Roaring Moon\n|-supereffective|p2b: Roaring Moon\n|-damage|p2b: Roaring Moon|0 fnt\n|faint|p2b: Roaring Moon\n|-end|p2b: Roaring Moon|Protosynthesis|[silent]\n|\n|win|Gracamol\n|raw|Gracamol's rating: 1093 → 1122<\/strong> (+29 for winning)\n|raw|patheticfawn's rating: 1130 → 1102<\/strong> (-28 for losing)\n|c|\u2606Gracamol|gg\n|l|\u2606patheticfawn\n","uploadtime":1683225210,"views":11,"p1id":"gracamol","p2id":"patheticfawn","formatid":"gen9vgc2023regulationc","rating":1102,"private":0,"password":""}