{"id":"gen9vgc2023regulationc-1847458981","p1":"ExcelSheet","p2":"darlingtonia","format":"[Gen 9] VGC 2023 Regulation C","log":"|j|\u2606ExcelSheet\n|j|\u2606darlingtonia\n|t:|1681957658\n|gametype|doubles\n|player|p1|ExcelSheet|hilbert-wonderlauncher|\n|player|p2|darlingtonia|proton|\n|teamsize|p1|6\n|teamsize|p2|6\n|gen|9\n|tier|[Gen 9] VGC 2023 Regulation C\n|rule|Species Clause: Limit one of each Pok\u00e9mon\n|rule|Item Clause: Limit one of each item\n|clearpoke\n|poke|p1|Flutter Mane, L50|\n|poke|p1|Great Tusk, L50|\n|poke|p1|Scizor, L50, F|\n|poke|p1|Corviknight, L50, M|\n|poke|p1|Chi-Yu, L50|\n|poke|p1|Iron Bundle, L50|\n|poke|p2|Chi-Yu, L50|\n|poke|p2|Palafin, L50, M|\n|poke|p2|Amoonguss, L50, M|\n|poke|p2|Glimmora, L50, M|\n|poke|p2|Flutter Mane, L50|\n|poke|p2|Dragonite, L50, M|\n|teampreview|4\n|inactive|Battle timer is ON: inactive players will automatically lose when time's up. (requested by ExcelSheet)\nExcelSheet has agreed to open team sheets.\ndarlingtonia has agreed to open team sheets.\n|inactive|ExcelSheet has 60 seconds left.\n|inactive|darlingtonia has 60 seconds left.\n|inactive|ExcelSheet has 30 seconds left.\n|inactive|ExcelSheet has 20 seconds left.\n|\n|t:|1681957732\n|start\n|switch|p1a: Corviknight|Corviknight, L50, M|100\/100\n|switch|p1b: Flutter Mane|Flutter Mane, L50|100\/100\n|switch|p2a: Amoonguss|Amoonguss, L50, M|100\/100\n|switch|p2b: Chi-Yu|Chi-Yu, L50|100\/100\n|-ability|p2b: Chi-Yu|Beads of Ruin\n|turn|1\n|inactive|ExcelSheet has 30 seconds left.\n|\n|t:|1681957765\n|-terastallize|p1a: Corviknight|Water\n|move|p1b: Flutter Mane|Shadow Ball|p2a: Amoonguss\n|-damage|p2a: Amoonguss|40\/100\n|-enditem|p2a: Amoonguss|Sitrus Berry|[eat]\n|-heal|p2a: Amoonguss|65\/100|[from] item: Sitrus Berry\n|-damage|p1b: Flutter Mane|91\/100|[from] item: Life Orb\n|move|p2b: Chi-Yu|Snarl|p1a: Corviknight|[spread] p1a,p1b\n|-damage|p1a: Corviknight|68\/100\n|-damage|p1b: Flutter Mane|61\/100\n|-ability|p1a: Corviknight|Mirror Armor\n|-unboost|p2b: Chi-Yu|spa|1\n|-unboost|p1b: Flutter Mane|spa|1\n|move|p1a: Corviknight|Brave Bird|p2a: Amoonguss\n|-supereffective|p2a: Amoonguss\n|-damage|p2a: Amoonguss|10\/100\n|-damage|p1a: Corviknight|48\/100|[from] Recoil\n|-enditem|p1a: Corviknight|Sitrus Berry|[eat]\n|-heal|p1a: Corviknight|73\/100|[from] item: Sitrus Berry\n|move|p2a: Amoonguss|Spore|p1b: Flutter Mane\n|-status|p1b: Flutter Mane|slp|[from] move: Spore\n|\n|upkeep\n|turn|2\n|inactive|ExcelSheet has 30 seconds left.\n|inactive|darlingtonia has 30 seconds left.\n|\n|t:|1681957800\n|-end|p1b: Flutter Mane|Protosynthesis|[silent]\n|switch|p1b: Scizor|Scizor, L50, F|100\/100\n|switch|p2a: Dragonite|Dragonite, L50, M|100\/100\n|-terastallize|p2b: Chi-Yu|Ghost\n|move|p2b: Chi-Yu|Tera Blast|p1b: Scizor\n|-damage|p1b: Scizor|48\/100\n|move|p1a: Corviknight|Brave Bird|p2a: Dragonite\n|-damage|p2a: Dragonite|66\/100\n|-damage|p1a: Corviknight|62\/100|[from] Recoil\n|\n|upkeep\n|turn|3\n|inactive|ExcelSheet has 30 seconds left.\n|\n|t:|1681957832\n|switch|p1b: Great Tusk|Great Tusk, L50|100\/100\n|move|p2a: Dragonite|Extreme Speed|p1a: Corviknight\n|-damage|p1a: Corviknight|33\/100\n|move|p2b: Chi-Yu|Tera Blast|p1b: Great Tusk\n|-damage|p1b: Great Tusk|40\/100\n|move|p1a: Corviknight|Tailwind|p1a: Corviknight\n|-sidestart|p1: ExcelSheet|move: Tailwind\n|\n|upkeep\n|turn|4\n|\n|t:|1681957856\n|move|p1b: Great Tusk|Protect|p1b: Great Tusk\n|-singleturn|p1b: Great Tusk|Protect\n|move|p2a: Dragonite|Extreme Speed|p1b: Great Tusk\n|-activate|p1b: Great Tusk|move: Protect\n|move|p1a: Corviknight|Brave Bird|p2a: Dragonite\n|-damage|p2a: Dragonite|30\/100\n|-damage|p1a: Corviknight|22\/100|[from] Recoil\n|move|p2b: Chi-Yu|Dark Pulse|p1b: Great Tusk\n|-activate|p1b: Great Tusk|move: Protect\n|\n|upkeep\n|turn|5\n|\n|t:|1681957876\n|move|p2a: Dragonite|Extreme Speed|p1a: Corviknight\n|-damage|p1a: Corviknight|0 fnt\n|faint|p1a: Corviknight\n|move|p1b: Great Tusk|Headlong Rush|p2b: Chi-Yu\n|-damage|p2b: Chi-Yu|0 fnt\n|-unboost|p1b: Great Tusk|def|1\n|-unboost|p1b: Great Tusk|spd|1\n|faint|p2b: Chi-Yu\n|\n|upkeep\n|\n|t:|1681957888\n|switch|p2b: Flutter Mane|Flutter Mane, L50|100\/100\n|switch|p1a: Scizor|Scizor, L50, F|48\/100\n|turn|6\n|inactive|ExcelSheet has 30 seconds left.\n|\n|t:|1681957916\n|-end|p2b: Flutter Mane|Protosynthesis|[silent]\n|switch|p2b: Amoonguss|Amoonguss, L50, M|43\/100\n|move|p1b: Great Tusk|Protect|p1b: Great Tusk\n|-singleturn|p1b: Great Tusk|Protect\n|move|p2a: Dragonite|Extreme Speed|p1b: Great Tusk\n|-activate|p1b: Great Tusk|move: Protect\n|move|p1a: Scizor|Bullet Punch|p2a: Dragonite\n|-damage|p2a: Dragonite|0 fnt\n|faint|p2a: Dragonite\n|\n|-sideend|p1: ExcelSheet|move: Tailwind\n|upkeep\n|\n|t:|1681957926\n|switch|p2a: Flutter Mane|Flutter Mane, L50|100\/100\n|turn|7\n|\n|t:|1681957939\n|move|p2b: Amoonguss|Rage Powder|p2b: Amoonguss\n|-singleturn|p2b: Amoonguss|move: Rage Powder\n|move|p1a: Scizor|Bullet Punch|p2b: Amoonguss\n|-damage|p2b: Amoonguss|4\/100\n|move|p2a: Flutter Mane|Substitute|p2a: Flutter Mane\n|-start|p2a: Flutter Mane|Substitute\n|-damage|p2a: Flutter Mane|76\/100\n|move|p1b: Great Tusk|Headlong Rush|p2b: Amoonguss\n|-damage|p2b: Amoonguss|0 fnt\n|-unboost|p1b: Great Tusk|def|1\n|-unboost|p1b: Great Tusk|spd|1\n|faint|p2b: Amoonguss\n|\n|-heal|p2a: Flutter Mane|82\/100|[from] item: Leftovers\n|upkeep\n|turn|8\n|\n|t:|1681957960\n|move|p1b: Great Tusk|Protect|p1b: Great Tusk\n|-singleturn|p1b: Great Tusk|Protect\n|move|p1a: Scizor|Bullet Punch|p2a: Flutter Mane\n|-supereffective|p2a: Flutter Mane\n|-crit|p2a: Flutter Mane\n|-end|p2a: Flutter Mane|Substitute\n|move|p2a: Flutter Mane|Dazzling Gleam|p1b: Great Tusk|[spread] p1a\n|-activate|p1b: Great Tusk|move: Protect\n|-resisted|p1a: Scizor\n|-damage|p1a: Scizor|29\/100\n|\n|-heal|p2a: Flutter Mane|87\/100|[from] item: Leftovers\n|upkeep\n|turn|9\n|\n|t:|1681957977\n|move|p1a: Scizor|Bullet Punch|p2a: Flutter Mane\n|-supereffective|p2a: Flutter Mane\n|-damage|p2a: Flutter Mane|0 fnt\n|faint|p2a: Flutter Mane\n|-end|p2a: Flutter Mane|Protosynthesis|[silent]\n|\n|win|ExcelSheet\n","uploadtime":1681957984,"views":9,"p1id":"excelsheet","p2id":"darlingtonia","formatid":"gen9vgc2023regulationc","rating":0,"private":0,"password":""}