{"id":"gen9vgc2023regulationc-1845610788","p1":"Mauvellous","p2":"TheSmashKid","format":"[Gen 9] VGC 2023 Regulation C","log":"|j|\u2606Mauvellous\n|j|\u2606TheSmashKid\n|t:|1681749281\n|gametype|doubles\n|player|p1|Mauvellous|hilda-wonderlauncher|1188\n|player|p2|TheSmashKid|169|1166\n|teamsize|p1|6\n|teamsize|p2|6\n|gen|9\n|tier|[Gen 9] VGC 2023 Regulation C\n|rated|\n|rule|Species Clause: Limit one of each Pok\u00e9mon\n|rule|Item Clause: Limit one of each item\n|clearpoke\n|poke|p1|Talonflame, L50, M|\n|poke|p1|Scream Tail, L50|\n|poke|p1|Palafin, L50, M|\n|poke|p1|Garchomp, L50, F|\n|poke|p1|Flutter Mane, L50|\n|poke|p1|Glimmora, L50, F|\n|poke|p2|Amoonguss, L50, M|\n|poke|p2|Arcanine, L50, M|\n|poke|p2|Chien-Pao, L50|\n|poke|p2|Dragonite, L50, M|\n|poke|p2|Gholdengo, L50|\n|poke|p2|Palafin, L50, M|\n|teampreview|4\n|\n|t:|1681749341\n|start\n|switch|p1a: Talonflame|Talonflame, L50, M, shiny|100\/100\n|switch|p1b: Palafin|Palafin, L50, M, shiny|100\/100\n|switch|p2a: Gholdengo|Gholdengo, L50|100\/100\n|switch|p2b: Amoonguss|Amoonguss, L50, M|100\/100\n|turn|1\n|\n|t:|1681749360\n|-terastallize|p2b: Amoonguss|Water\n|move|p1b: Palafin|Protect|p1b: Palafin\n|-singleturn|p1b: Palafin|Protect\n|move|p2b: Amoonguss|Rage Powder|p2b: Amoonguss\n|-singleturn|p2b: Amoonguss|move: Rage Powder\n|move|p1a: Talonflame|Tailwind|p1a: Talonflame\n|-sidestart|p1: Mauvellous|move: Tailwind\n|move|p2a: Gholdengo|Nasty Plot|p2a: Gholdengo\n|-boost|p2a: Gholdengo|spa|2\n|\n|upkeep\n|turn|2\n|\n|t:|1681749380\n|detailschange|p1b: Palafin|Palafin-Hero, L50, M, shiny\n|switch|p1b: Garchomp|Garchomp, L50, F|100\/100\n|move|p2b: Amoonguss|Rage Powder|p2b: Amoonguss\n|-singleturn|p2b: Amoonguss|move: Rage Powder\n|move|p1a: Talonflame|Taunt|p2b: Amoonguss\n|-start|p2b: Amoonguss|move: Taunt\n|move|p2a: Gholdengo|Shadow Ball|p1b: Garchomp\n|-damage|p1b: Garchomp|23\/100\n|-unboost|p1b: Garchomp|spd|1\n|\n|upkeep\n|turn|3\n|\n|t:|1681749409\n|switch|p2a: Dragonite|Dragonite, L50, M|100\/100\n|switch|p2b: Chien-Pao|Chien-Pao, L50|100\/100\n|-ability|p2b: Chien-Pao|Sword of Ruin\n|move|p1a: Talonflame|Brave Bird|p2b: Chien-Pao\n|-damage|p2b: Chien-Pao|47\/100\n|-damage|p1a: Talonflame|85\/100|[from] Recoil\n|move|p1b: Garchomp|Stomping Tantrum|p2a: Dragonite\n|-immune|p2a: Dragonite\n|\n|upkeep\n|turn|4\n|\n|t:|1681749439\n|switch|p2a: Amoonguss|Amoonguss, L50, M, tera:Water|100\/100\n|move|p2b: Chien-Pao|Protect|p2b: Chien-Pao\n|-singleturn|p2b: Chien-Pao|Protect\n|move|p1a: Talonflame|Will-O-Wisp|p2a: Amoonguss|[miss]\n|-miss|p1a: Talonflame|p2a: Amoonguss\n|move|p1b: Garchomp|Rock Slide|p2a: Amoonguss|[spread] p2a\n|-activate|p2b: Chien-Pao|move: Protect\n|-damage|p2a: Amoonguss|72\/100\n|-damage|p1b: Garchomp|14\/100|[from] item: Life Orb\n|\n|-sideend|p1: Mauvellous|move: Tailwind\n|upkeep\n|turn|5\n|\n|t:|1681749461\n|move|p1b: Garchomp|Protect|p1b: Garchomp\n|-singleturn|p1b: Garchomp|Protect\n|move|p2b: Chien-Pao|Sucker Punch||[still]\n|-fail|p2b: Chien-Pao\n|move|p1a: Talonflame|Tailwind|p1a: Talonflame\n|-sidestart|p1: Mauvellous|move: Tailwind\n|move|p2a: Amoonguss|Pollen Puff|p2b: Chien-Pao\n|-heal|p2b: Chien-Pao|97\/100\n|\n|upkeep\n|turn|6\n|\n|t:|1681749481\n|move|p2b: Chien-Pao|Sucker Punch|p1b: Garchomp\n|-damage|p1b: Garchomp|0 fnt\n|-damage|p2b: Chien-Pao|84\/100|[from] ability: Rough Skin|[of] p1b: Garchomp\n|faint|p1b: Garchomp\n|move|p1a: Talonflame|Taunt|p2a: Amoonguss\n|-start|p2a: Amoonguss|move: Taunt\n|move|p2a: Amoonguss|Pollen Puff|p2b: Chien-Pao\n|-heal|p2b: Chien-Pao|100\/100\n|\n|upkeep\n|\n|t:|1681749496\n|switch|p1b: Scream Tail|Scream Tail, L50|100\/100\n|-enditem|p1b: Scream Tail|Booster Energy\n|-activate|p1b: Scream Tail|ability: Protosynthesis|[fromitem]\n|-start|p1b: Scream Tail|protosynthesisspe\n|turn|7\n|\n|t:|1681749518\n|switch|p2a: Gholdengo|Gholdengo, L50|100\/100\n|move|p1b: Scream Tail|Reflect|p1b: Scream Tail\n|-sidestart|p1: Mauvellous|Reflect\n|move|p1a: Talonflame|Will-O-Wisp|p2b: Chien-Pao\n|-status|p2b: Chien-Pao|brn\n|move|p2b: Chien-Pao|Ice Spinner|p1b: Scream Tail\n|-damage|p1b: Scream Tail|88\/100\n|\n|-damage|p2b: Chien-Pao|95\/100 brn|[from] brn\n|upkeep\n|turn|8\n|\n|t:|1681749540\n|switch|p2b: Dragonite|Dragonite, L50, M|100\/100\n|move|p1b: Scream Tail|Howl|p1b: Scream Tail|[spread] p1a,p1b\n|-boost|p1a: Talonflame|atk|1\n|-boost|p1b: Scream Tail|atk|1\n|move|p1a: Talonflame|Brave Bird|p2b: Dragonite\n|-damage|p2b: Dragonite|74\/100\n|-damage|p1a: Talonflame|75\/100|[from] Recoil\n|move|p2a: Gholdengo|Nasty Plot|p2a: Gholdengo\n|-boost|p2a: Gholdengo|spa|2\n|\n|-sideend|p1: Mauvellous|move: Tailwind\n|upkeep\n|turn|9\n|\n|t:|1681749558\n|-terastallize|p1b: Scream Tail|Steel\n|move|p2b: Dragonite|Extreme Speed|p1b: Scream Tail\n|-resisted|p1b: Scream Tail\n|-damage|p1b: Scream Tail|80\/100\n|move|p1b: Scream Tail|Light Screen|p1b: Scream Tail\n|-sidestart|p1: Mauvellous|move: Light Screen\n|move|p1a: Talonflame|Tailwind|p1a: Talonflame\n|-sidestart|p1: Mauvellous|move: Tailwind\n|move|p2a: Gholdengo|Shadow Ball|p1b: Scream Tail\n|-damage|p1b: Scream Tail|43\/100\n|\n|upkeep\n|turn|10\n|\n|t:|1681749583\n|switch|p2a: Amoonguss|Amoonguss, L50, M, tera:Water|100\/100\n|move|p1b: Scream Tail|Play Rough|p2b: Dragonite\n|-supereffective|p2b: Dragonite\n|-damage|p2b: Dragonite|4\/100\n|move|p1a: Talonflame|Will-O-Wisp|p2b: Dragonite|[miss]\n|-miss|p1a: Talonflame|p2b: Dragonite\n|move|p2b: Dragonite|Stomping Tantrum|p1b: Scream Tail\n|-supereffective|p1b: Scream Tail\n|-damage|p1b: Scream Tail|18\/100\n|\n|upkeep\n|turn|11\n|\n|t:|1681749606\n|switch|p2b: Gholdengo|Gholdengo, L50|100\/100\n|move|p1b: Scream Tail|Play Rough|p2a: Amoonguss\n|-damage|p2a: Amoonguss|72\/100\n|move|p1a: Talonflame|Brave Bird|p2b: Gholdengo\n|-resisted|p2b: Gholdengo\n|-damage|p2b: Gholdengo|77\/100\n|-damage|p1a: Talonflame|67\/100|[from] Recoil\n|move|p2a: Amoonguss|Spore|p1a: Talonflame\n|-status|p1a: Talonflame|slp|[from] move: Spore\n|\n|-heal|p2b: Gholdengo|83\/100|[from] item: Leftovers\n|-sideend|p1: Mauvellous|Reflect\n|upkeep\n|turn|12\n|\n|t:|1681749636\n|move|p1b: Scream Tail|Reflect|p1b: Scream Tail\n|-sidestart|p1: Mauvellous|Reflect\n|cant|p1a: Talonflame|slp\n|move|p2b: Gholdengo|Nasty Plot|p2b: Gholdengo\n|-boost|p2b: Gholdengo|spa|2\n|move|p2a: Amoonguss|Spore|p1b: Scream Tail\n|-status|p1b: Scream Tail|slp|[from] move: Spore\n|\n|-heal|p2b: Gholdengo|89\/100|[from] item: Leftovers\n|-sideend|p1: Mauvellous|move: Tailwind\n|upkeep\n|turn|13\n|\n|t:|1681749656\n|switch|p2b: Dragonite|Dragonite, L50, M|4\/100\n|cant|p1b: Scream Tail|slp\n|cant|p1a: Talonflame|slp\n|move|p2a: Amoonguss|Pollen Puff|p2b: Dragonite\n|-heal|p2b: Dragonite|53\/100\n|\n|-sideend|p1: Mauvellous|move: Light Screen\n|upkeep\n|turn|14\n|\n|t:|1681749673\n|-curestatus|p1b: Scream Tail|slp|[msg]\n|move|p1b: Scream Tail|Play Rough|p2b: Dragonite\n|-supereffective|p2b: Dragonite\n|-damage|p2b: Dragonite|0 fnt\n|faint|p2b: Dragonite\n|cant|p1a: Talonflame|slp\n|move|p2a: Amoonguss|Pollen Puff|p2: Dragonite|[notarget]\n|-fail|p2a: Amoonguss\n|\n|upkeep\n|\n|t:|1681749689\n|switch|p2b: Gholdengo|Gholdengo, L50|89\/100\n|turn|15\n|\n|t:|1681749698\n|move|p2a: Amoonguss|Rage Powder|p2a: Amoonguss\n|-singleturn|p2a: Amoonguss|move: Rage Powder\n|move|p1b: Scream Tail|Light Screen|p1b: Scream Tail\n|-sidestart|p1: Mauvellous|move: Light Screen\n|-curestatus|p1a: Talonflame|slp|[msg]\n|move|p1a: Talonflame|Taunt|p2a: Amoonguss\n|-start|p2a: Amoonguss|move: Taunt\n|move|p2b: Gholdengo|Nasty Plot|p2b: Gholdengo\n|-boost|p2b: Gholdengo|spa|2\n|\n|-heal|p2b: Gholdengo|96\/100|[from] item: Leftovers\n|upkeep\n|turn|16\n|\n|t:|1681749716\n|move|p1b: Scream Tail|Howl|p1b: Scream Tail|[spread] p1a,p1b\n|-boost|p1a: Talonflame|atk|1\n|-boost|p1b: Scream Tail|atk|1\n|move|p1a: Talonflame|Brave Bird|p2a: Amoonguss\n|-damage|p2a: Amoonguss|16\/100\n|-enditem|p2a: Amoonguss|Sitrus Berry|[eat]\n|-heal|p2a: Amoonguss|41\/100|[from] item: Sitrus Berry\n|-damage|p1a: Talonflame|44\/100|[from] Recoil\n|move|p2b: Gholdengo|Shadow Ball|p1a: Talonflame\n|-damage|p1a: Talonflame|0 fnt\n|faint|p1a: Talonflame\n|move|p2a: Amoonguss|Pollen Puff|p2b: Gholdengo\n|-heal|p2b: Gholdengo|100\/100\n|\n|-sideend|p1: Mauvellous|Reflect\n|upkeep\n|\n|t:|1681749733\n|switch|p1a: Palafin|Palafin-Hero, L50, M, shiny|100\/100\n|-activate|p1a: Palafin|ability: Zero to Hero\n|turn|17\n|\n|t:|1681749749\n|move|p1b: Scream Tail|Howl|p1b: Scream Tail|[spread] p1a,p1b\n|-boost|p1a: Palafin|atk|1\n|-boost|p1b: Scream Tail|atk|1\n|move|p2b: Gholdengo|Nasty Plot|p2b: Gholdengo\n|-boost|p2b: Gholdengo|spa|2\n|move|p1a: Palafin|Focus Energy|p1a: Palafin\n|-start|p1a: Palafin|move: Focus Energy\n|move|p2a: Amoonguss|Pollen Puff|p2b: Gholdengo\n|-immune|p2b: Gholdengo\n|\n|upkeep\n|turn|18\n|\n|t:|1681749772\n|move|p2b: Gholdengo|Protect|p2b: Gholdengo\n|-singleturn|p2b: Gholdengo|Protect\n|move|p1a: Palafin|Jet Punch|p2b: Gholdengo\n|-activate|p2b: Gholdengo|move: Protect\n|move|p1b: Scream Tail|Play Rough|p2a: Amoonguss\n|-damage|p2a: Amoonguss|0 fnt\n|faint|p2a: Amoonguss\n|\n|upkeep\n|\n|t:|1681749780\n|switch|p2a: Chien-Pao|Chien-Pao, L50|95\/100 brn\n|-ability|p2a: Chien-Pao|Sword of Ruin\n|turn|19\n|\n|t:|1681749795\n|move|p2a: Chien-Pao|Sucker Punch|p1b: Scream Tail\n|-damage|p1b: Scream Tail|1\/100\n|move|p1a: Palafin|Jet Punch|p2b: Gholdengo\n|-crit|p2b: Gholdengo\n|-damage|p2b: Gholdengo|0 fnt\n|faint|p2b: Gholdengo\n|move|p1b: Scream Tail|Play Rough|p2a: Chien-Pao\n|-supereffective|p2a: Chien-Pao\n|-crit|p2a: Chien-Pao\n|-damage|p2a: Chien-Pao|0 fnt\n|faint|p2a: Chien-Pao\n|\n|win|Mauvellous\n|raw|Mauvellous's rating: 1188 → 1211<\/strong> (+23 for winning)\n|raw|TheSmashKid's rating: 1166 → 1143<\/strong> (-23 for losing)\n|l|\u2606TheSmashKid\n","uploadtime":1681749829,"views":10,"p1id":"mauvellous","p2id":"thesmashkid","formatid":"gen9vgc2023regulationc","rating":1143,"private":0,"password":""}