{"id":"gen9vgc2023regulationc-1847200335","p1":"Solcerer","p2":"tukeydukey","format":"[Gen 9] VGC 2023 Regulation C","log":"|j|\u2606Solcerer\n|j|\u2606tukeydukey\n|t:|1681927264\n|gametype|doubles\n|player|p1|Solcerer|2|1101\n|player|p2|tukeydukey|elesa|1146\n|teamsize|p1|6\n|teamsize|p2|6\n|gen|9\n|tier|[Gen 9] VGC 2023 Regulation C\n|rated|\n|rule|Species Clause: Limit one of each Pok\u00e9mon\n|rule|Item Clause: Limit one of each item\n|clearpoke\n|poke|p1|Tyranitar, L50, F|\n|poke|p1|Annihilape, L50, F|\n|poke|p1|Flutter Mane, L50|\n|poke|p1|Maushold, L50|\n|poke|p1|Ting-Lu, L50|\n|poke|p1|Arcanine, L50, M|\n|poke|p2|Pelipper, L50, M|\n|poke|p2|Palafin, L50, F|\n|poke|p2|Glimmora, L50, M|\n|poke|p2|Wo-Chien, L50|\n|poke|p2|Flutter Mane, L50|\n|poke|p2|Iron Hands, L50|\n|teampreview|4\n|inactive|Battle timer is ON: inactive players will automatically lose when time's up. (requested by tukeydukey)\n|\n|t:|1681927299\n|start\n|switch|p1a: Maushold|Maushold, L50|100\/100\n|switch|p1b: Tyranitar|Tyranitar, L50, F|100\/100\n|switch|p2a: Palafin|Palafin, L50, F|100\/100\n|switch|p2b: Iron Hands|Iron Hands, L50|100\/100\n|-weather|Sandstorm|[from] ability: Sand Stream|[of] p1b: Tyranitar\n|turn|1\n|\n|t:|1681927316\n|switch|p1b: Annihilape|Annihilape, L50, F|100\/100\n|move|p2a: Palafin|Protect|p2a: Palafin\n|-singleturn|p2a: Palafin|Protect\n|move|p1a: Maushold|Beat Up|p1b: Annihilape\n|-damage|p1b: Annihilape|99\/100\n|-damage|p1b: Annihilape|97\/100\n|-damage|p1b: Annihilape|95\/100\n|-damage|p1b: Annihilape|92\/100\n|-hitcount|p1b: Annihilape|4\n|move|p2b: Iron Hands|Drain Punch|p1b: Annihilape\n|-immune|p1b: Annihilape\n|\n|-weather|Sandstorm|[upkeep]\n|-damage|p1a: Maushold|94\/100|[from] Sandstorm\n|-damage|p2a: Palafin|95\/100|[from] Sandstorm\n|-damage|p1b: Annihilape|86\/100|[from] Sandstorm\n|-damage|p2b: Iron Hands|94\/100|[from] Sandstorm\n|upkeep\n|turn|2\n|inactive|Solcerer has 30 seconds left.\n|inactive|Solcerer has 20 seconds left.\n|\n|t:|1681927355\n|switch|p1a: Arcanine|Arcanine, L50, M|100\/100\n|-ability|p1a: Arcanine|Intimidate|boost\n|-unboost|p2a: Palafin|atk|1\n|-unboost|p2b: Iron Hands|atk|1\n|detailschange|p2a: Palafin|Palafin-Hero, L50, F\n|switch|p2a: Glimmora|Glimmora, L50, M|100\/100\n|-terastallize|p1b: Annihilape|Grass\n|move|p1b: Annihilape|Rage Fist|p2b: Iron Hands\n|-damage|p2b: Iron Hands|25\/100\n|move|p2b: Iron Hands|Drain Punch|p1a: Arcanine\n|-damage|p1a: Arcanine|76\/100\n|-heal|p2b: Iron Hands|33\/100|[from] drain|[of] p1a: Arcanine\n|\n|-weather|Sandstorm|[upkeep]\n|-damage|p1b: Annihilape|80\/100|[from] Sandstorm\n|-damage|p2b: Iron Hands|27\/100|[from] Sandstorm\n|upkeep\n|turn|3\n|inactive|Solcerer has 30 seconds left.\n|inactive|tukeydukey has 30 seconds left.\n|inactive|Solcerer has 20 seconds left.\n|\n|t:|1681927392\n|-end|p2b: Iron Hands|Quark Drive|[silent]\n|switch|p2b: Pelipper|Pelipper, L50, M|100\/100\n|-weather|RainDance|[from] ability: Drizzle|[of] p2b: Pelipper\n|move|p2a: Glimmora|Sludge Bomb|p1b: Annihilape\n|-supereffective|p1b: Annihilape\n|-damage|p1b: Annihilape|2\/100\n|-status|p1b: Annihilape|psn\n|move|p1a: Arcanine|Will-O-Wisp|p2b: Pelipper\n|-status|p2b: Pelipper|brn\n|move|p1b: Annihilape|Bulk Up|p1b: Annihilape\n|-boost|p1b: Annihilape|atk|1\n|-boost|p1b: Annihilape|def|1\n|\n|-weather|RainDance|[upkeep]\n|-damage|p1b: Annihilape|0 fnt|[from] psn\n|faint|p1b: Annihilape\n|-damage|p2b: Pelipper|95\/100 brn|[from] brn\n|upkeep\n|\n|t:|1681927412\n|switch|p1b: Tyranitar|Tyranitar, L50, F|100\/100\n|-weather|Sandstorm|[from] ability: Sand Stream|[of] p1b: Tyranitar\n|turn|4\n|\n|t:|1681927423\n|move|p2b: Pelipper|Protect|p2b: Pelipper\n|-singleturn|p2b: Pelipper|Protect\n|move|p2a: Glimmora|Power Gem|p1a: Arcanine\n|-supereffective|p1a: Arcanine\n|-damage|p1a: Arcanine|0 fnt\n|faint|p1a: Arcanine\n|move|p1b: Tyranitar|Rock Slide|p2b: Pelipper|[spread] p2a\n|-activate|p2b: Pelipper|move: Protect\n|-damage|p2a: Glimmora|67\/100\n|-activate|p2a: Glimmora|ability: Toxic Debris\n|-sidestart|p1: Solcerer|move: Toxic Spikes\n|\n|-weather|Sandstorm|[upkeep]\n|-damage|p2b: Pelipper|89\/100 brn|[from] Sandstorm\n|-damage|p2b: Pelipper|83\/100 brn|[from] brn\n|upkeep\n|\n|t:|1681927438\n|switch|p1a: Maushold|Maushold, L50|94\/100\n|-status|p1a: Maushold|psn\n|turn|5\n|\n|t:|1681927463\n|move|p1a: Maushold|Super Fang|p2b: Pelipper\n|-damage|p2b: Pelipper|42\/100 brn\n|move|p2a: Glimmora|Mortal Spin|p1b: Tyranitar|[spread] p1a,p1b\n|-crit|p1a: Maushold\n|-resisted|p1b: Tyranitar\n|-damage|p1a: Maushold|86\/100 psn\n|-damage|p1b: Tyranitar|99\/100\n|-status|p1b: Tyranitar|psn\n|move|p2b: Pelipper|Tailwind|p2b: Pelipper\n|-sidestart|p2: tukeydukey|move: Tailwind\n|move|p1b: Tyranitar|Rock Slide|p2a: Glimmora|[spread] p2a,p2b\n|-supereffective|p2b: Pelipper\n|-damage|p2a: Glimmora|32\/100\n|-damage|p2b: Pelipper|0 fnt\n|-activate|p2a: Glimmora|ability: Toxic Debris\n|-sidestart|p1: Solcerer|move: Toxic Spikes\n|faint|p2b: Pelipper\n|\n|-weather|Sandstorm|[upkeep]\n|-damage|p1a: Maushold|80\/100 psn|[from] Sandstorm\n|-damage|p1a: Maushold|68\/100 psn|[from] psn\n|-damage|p1b: Tyranitar|88\/100 psn|[from] psn\n|upkeep\n|\n|t:|1681927474\n|switch|p2b: Iron Hands|Iron Hands, L50|27\/100\n|turn|6\n|\n|t:|1681927492\n|move|p2a: Glimmora|Sludge Bomb|p1a: Maushold\n|-damage|p1a: Maushold|11\/100 psn\n|move|p1a: Maushold|Super Fang|p2b: Iron Hands\n|-damage|p2b: Iron Hands|14\/100\n|move|p2b: Iron Hands|Drain Punch|p1b: Tyranitar\n|-supereffective|p1b: Tyranitar\n|-damage|p1b: Tyranitar|4\/100 psn\n|-heal|p2b: Iron Hands|42\/100|[from] drain|[of] p1b: Tyranitar\n|move|p1b: Tyranitar|Rock Slide|p2b: Iron Hands|[spread] p2a,p2b\n|-resisted|p2b: Iron Hands\n|-damage|p2a: Glimmora|0 fnt\n|-damage|p2b: Iron Hands|33\/100\n|faint|p2a: Glimmora\n|\n|-weather|Sandstorm|[upkeep]\n|-damage|p1a: Maushold|5\/100 psn|[from] Sandstorm\n|-damage|p2b: Iron Hands|27\/100|[from] Sandstorm\n|-damage|p1a: Maushold|0 fnt|[from] psn\n|faint|p1a: Maushold\n|-damage|p1b: Tyranitar|0 fnt|[from] psn\n|faint|p1b: Tyranitar\n|\n|win|tukeydukey\n|upkeep\n|raw|Solcerer's rating: 1101 → 1079<\/strong> (-22 for losing)\n|raw|tukeydukey's rating: 1146 → 1168<\/strong> (+22 for winning)\n","uploadtime":1681927547,"views":14,"p1id":"solcerer","p2id":"tukeydukey","formatid":"gen9vgc2023regulationc","rating":1079,"private":0,"password":""}