{"id":"gen9vgc2023regulationc-1846735898","p1":"Argyris","p2":"HotWailord","format":"[Gen 9] VGC 2023 Regulation C","log":"|j|\u2606Argyris\n|j|\u2606HotWailord\n|t:|1681871913\n|gametype|doubles\n|player|p1|Argyris|lass-gen4|1150\n|player|p2|HotWailord|101|1126\n|teamsize|p1|6\n|teamsize|p2|6\n|gen|9\n|tier|[Gen 9] VGC 2023 Regulation C\n|rated|\n|rule|Species Clause: Limit one of each Pok\u00e9mon\n|rule|Item Clause: Limit one of each item\n|clearpoke\n|poke|p1|Tatsugiri, L50, M|\n|poke|p1|Glimmora, L50, M|\n|poke|p1|Dragonite, L50, M|\n|poke|p1|Iron Bundle, L50|\n|poke|p1|Dondozo, L50, M|\n|poke|p1|Chi-Yu, L50|\n|poke|p2|Hariyama, L50, M|\n|poke|p2|Azumarill, L50, F|\n|poke|p2|Dragapult, L50, M|\n|poke|p2|Gallade, L50, M|\n|poke|p2|Garchomp, L50, F|\n|poke|p2|Great Tusk, L50|\n|teampreview|4\nArgyris has agreed to open team sheets.\n|\n|t:|1681871958\n|start\n|switch|p1a: Chi-Yu|Chi-Yu, L50|100\/100\n|switch|p1b: Glimmora|Glimmora, L50, M|100\/100\n|switch|p2a: Hariyama|Hariyama, L50, M|100\/100\n|switch|p2b: Gallade|Gallade, L50, M|100\/100\n|-ability|p1a: Chi-Yu|Beads of Ruin\n|turn|1\n|\n|t:|1681871982\n|-terastallize|p1a: Chi-Yu|Ghost\n|move|p2a: Hariyama|Fake Out|p1a: Chi-Yu\n|-immune|p1a: Chi-Yu\n|move|p1a: Chi-Yu|Overheat|p2b: Gallade\n|-damage|p2b: Gallade|20\/100\n|-unboost|p1a: Chi-Yu|spa|2\n|move|p1b: Glimmora|Power Gem|p2b: Gallade\n|-resisted|p2b: Gallade\n|-damage|p2b: Gallade|0 fnt\n|faint|p2b: Gallade\n|\n|-status|p2a: Hariyama|brn|[from] item: Flame Orb\n|upkeep\n|\n|t:|1681872001\n|switch|p2b: Dragapult|Dragapult, L50, M|100\/100\n|turn|2\n|\n|t:|1681872021\n|switch|p1a: Dondozo|Dondozo, L50, M|100\/100\n|switch|p1b: Tatsugiri|Tatsugiri, L50, M|100\/100\n|-activate|p1b: Tatsugiri|ability: Commander|[of] p1a: Dondozo\n|-boost|p1a: Dondozo|atk|2\n|-boost|p1a: Dondozo|spa|2\n|-boost|p1a: Dondozo|spe|2\n|-boost|p1a: Dondozo|def|2\n|-boost|p1a: Dondozo|spd|2\n|move|p2b: Dragapult|Dragon Dance|p2b: Dragapult\n|-boost|p2b: Dragapult|atk|1\n|-boost|p2b: Dragapult|spe|1\n|move|p2a: Hariyama|Fling|p1a: Dondozo\n|-damage|p1a: Dondozo|95\/100\n|-status|p1a: Dondozo|brn\n|-enditem|p2a: Hariyama|Flame Orb|[from] move: Fling\n|\n|-heal|p1a: Dondozo|100\/100 brn|[from] item: Leftovers\n|-damage|p1a: Dondozo|94\/100 brn|[from] brn\n|-damage|p2a: Hariyama|95\/100 brn|[from] brn\n|upkeep\n|turn|3\n|\n|t:|1681872082\n|switch|p2a: Great Tusk|Great Tusk, L50|100\/100\n|move|p2b: Dragapult|Dragon Darts|p1a: Dondozo\n|-damage|p1a: Dondozo|85\/100 brn\n|-anim|p2b: Dragapult|Dragon Darts|p1a: Dondozo\n|-damage|p1a: Dondozo|75\/100 brn\n|move|p1a: Dondozo|Earthquake|p2b: Dragapult|[spread] p2a,p2b\n|-miss|p1a: Dondozo|p1b: Tatsugiri\n|-damage|p2a: Great Tusk|87\/100\n|-damage|p2b: Dragapult|73\/100\n|\n|-heal|p1a: Dondozo|81\/100 brn|[from] item: Leftovers\n|-damage|p1a: Dondozo|75\/100 brn|[from] brn\n|upkeep\n|turn|4\n|\n|t:|1681872118\n|move|p2b: Dragapult|Dragon Darts|p1a: Dondozo\n|-damage|p1a: Dondozo|66\/100 brn\n|-anim|p2b: Dragapult|Dragon Darts|p1a: Dondozo\n|-damage|p1a: Dondozo|57\/100 brn\n|move|p1a: Dondozo|Earthquake|p2b: Dragapult|[spread] p2a,p2b\n|-miss|p1a: Dondozo|p1b: Tatsugiri\n|-damage|p2a: Great Tusk|74\/100\n|-damage|p2b: Dragapult|43\/100\n|move|p2a: Great Tusk|Rapid Spin|p1a: Dondozo\n|-damage|p1a: Dondozo|50\/100 brn\n|-boost|p2a: Great Tusk|spe|1\n|\n|-heal|p1a: Dondozo|57\/100 brn|[from] item: Leftovers\n|-damage|p1a: Dondozo|50\/100 brn|[from] brn\n|upkeep\n|turn|5\n|\n|t:|1681872141\n|move|p2b: Dragapult|Dragon Dance|p2b: Dragapult\n|-boost|p2b: Dragapult|atk|1\n|-boost|p2b: Dragapult|spe|1\n|move|p1a: Dondozo|Wave Crash|p2a: Great Tusk\n|-supereffective|p2a: Great Tusk\n|-damage|p2a: Great Tusk|5\/100\n|-damage|p1a: Dondozo|30\/100 brn|[from] Recoil\n|move|p2a: Great Tusk|Play Rough|p1a: Dondozo\n|-damage|p1a: Dondozo|19\/100 brn\n|\n|-heal|p1a: Dondozo|25\/100 brn|[from] item: Leftovers\n|-damage|p1a: Dondozo|19\/100 brn|[from] brn\n|upkeep\n|turn|6\n|\n|t:|1681872166\n|move|p2b: Dragapult|Dragon Darts|p1a: Dondozo\n|-damage|p1a: Dondozo|11\/100 brn\n|-anim|p2b: Dragapult|Dragon Darts|p1a: Dondozo\n|-damage|p1a: Dondozo|2\/100 brn\n|move|p1a: Dondozo|Earthquake|p2a: Great Tusk|[spread] p2a,p2b\n|-miss|p1a: Dondozo|p1b: Tatsugiri\n|-damage|p2a: Great Tusk|0 fnt\n|-damage|p2b: Dragapult|11\/100\n|faint|p2a: Great Tusk\n|-end|p2a: Great Tusk|Protosynthesis|[silent]\n|\n|-heal|p1a: Dondozo|8\/100 brn|[from] item: Leftovers\n|-damage|p1a: Dondozo|2\/100 brn|[from] brn\n|upkeep\n|\n|t:|1681872180\n|switch|p2a: Hariyama|Hariyama, L50, M|95\/100 brn\n|turn|7\n|\n|t:|1681872192\n|move|p1a: Dondozo|Protect|p1a: Dondozo\n|-singleturn|p1a: Dondozo|Protect\n|move|p2a: Hariyama|Fake Out|p1a: Dondozo\n|-activate|p1a: Dondozo|move: Protect\n|move|p2b: Dragapult|Dragon Dance|p2b: Dragapult\n|-boost|p2b: Dragapult|atk|1\n|-boost|p2b: Dragapult|spe|1\n|\n|-heal|p1a: Dondozo|8\/100 brn|[from] item: Leftovers\n|-damage|p1a: Dondozo|2\/100 brn|[from] brn\n|-damage|p2a: Hariyama|89\/100 brn|[from] brn\n|upkeep\n|turn|8\n|\n|t:|1681872215\n|move|p2a: Hariyama|Feint|p1a: Dondozo\n|-damage|p1a: Dondozo|0 fnt\n|faint|p1a: Dondozo\n|move|p2b: Dragapult|Dragon Dance|p2b: Dragapult\n|-boost|p2b: Dragapult|atk|1\n|-boost|p2b: Dragapult|spe|1\n|\n|-damage|p2a: Hariyama|83\/100 brn|[from] brn\n|upkeep\n|\n|t:|1681872225\n|switch|p1a: Chi-Yu|Chi-Yu, L50, tera:Ghost|100\/100\n|-ability|p1a: Chi-Yu|Beads of Ruin\n|turn|9\n|\n|t:|1681872260\n|move|p2a: Hariyama|Feint|p1b: Tatsugiri\n|-damage|p1b: Tatsugiri|70\/100\n|move|p2b: Dragapult|Dragon Darts|p1a: Chi-Yu\n|-enditem|p1a: Chi-Yu|Focus Sash\n|-damage|p1a: Chi-Yu|1\/100\n|-anim|p2b: Dragapult|Dragon Darts|p1b: Tatsugiri\n|-supereffective|p1b: Tatsugiri\n|-damage|p1b: Tatsugiri|0 fnt\n|faint|p1b: Tatsugiri\n|move|p1a: Chi-Yu|Dark Pulse|p2b: Dragapult\n|-supereffective|p2b: Dragapult\n|-damage|p2b: Dragapult|0 fnt\n|faint|p2b: Dragapult\n|\n|-damage|p2a: Hariyama|77\/100 brn|[from] brn\n|upkeep\n|\n|t:|1681872274\n|switch|p1b: Glimmora|Glimmora, L50, M|100\/100\n|turn|10\n|-message|HotWailord forfeited.\n|\n|win|Argyris\n|raw|Argyris's rating: 1150 → 1173<\/strong> (+23 for winning)\n|raw|HotWailord's rating: 1126 → 1103<\/strong> (-23 for losing)\n|l|\u2606HotWailord\n|c|\u2606Argyris|gg\n","uploadtime":1681872303,"views":18,"p1id":"argyris","p2id":"hotwailord","formatid":"gen9vgc2023regulationc","rating":1103,"private":0,"password":""}