{"id":"gen9vgc2023regulationc-1854687310","p1":"Sumovgc","p2":"Raderph","format":"[Gen 9] VGC 2023 Regulation C","log":"|j|\u2606Sumovgc\n|j|\u2606Raderph\n|t:|1682850504\n|gametype|doubles\n|player|p1|Sumovgc|169|\n|player|p2|Raderph|hiker|\n|teamsize|p1|6\n|teamsize|p2|6\n|gen|9\n|tier|[Gen 9] VGC 2023 Regulation C\n|rule|Species Clause: Limit one of each Pok\u00e9mon\n|rule|Item Clause: Limit one of each item\n|clearpoke\n|poke|p1|Chi-Yu, L50|\n|poke|p1|Sandy Shocks, L50|\n|poke|p1|Sableye, L50, F|\n|poke|p1|Pachirisu, L50, M|\n|poke|p1|Tyranitar, L50, M|\n|poke|p1|Lycanroc, L50, F|\n|poke|p2|Grimmsnarl, L50, M|\n|poke|p2|Great Tusk, L50|\n|poke|p2|Lilligant, L50, F|\n|poke|p2|Dragalge, L50, M|\n|poke|p2|Lokix, L50, M|\n|poke|p2|Iron Valiant, L50|\n|teampreview|4\nRaderph has agreed to open team sheets.\nSumovgc has agreed to open team sheets.\n|c|\u2606Raderph|G2\n|c|\u2606Raderph|GLHF\n|c|\u2606Sumovgc|gl hf\n|\n|t:|1682850599\n|start\n|switch|p1a: Mecha Gojira|Tyranitar, L50, M|100\/100\n|switch|p1b: TheDogIStoleFromSy|Lycanroc, L50, F|100\/100\n|switch|p2a: Nittaewo|Lilligant, L50, F|100\/100\n|switch|p2b: Dover Demon|Great Tusk, L50|100\/100\n|-weather|Sandstorm|[from] ability: Sand Stream|[of] p1a: Mecha Gojira\n|turn|1\n|\n|t:|1682850630\n|switch|p1a: Salad Fingers|Sableye, L50, F|100\/100\n|move|p1b: TheDogIStoleFromSy|Rock Slide|p2a: Nittaewo|[spread] p2a,p2b\n|-resisted|p2b: Dover Demon\n|-damage|p2a: Nittaewo|61\/100\n|-damage|p2b: Dover Demon|96\/100\n|cant|p2a: Nittaewo|flinch\n|move|p2b: Dover Demon|Rock Slide|p1a: Salad Fingers|[spread] p1a,p1b\n|-damage|p1a: Salad Fingers|62\/100\n|-damage|p1b: TheDogIStoleFromSy|55\/100\n|-damage|p2b: Dover Demon|86\/100|[from] item: Life Orb\n|\n|-weather|Sandstorm|[upkeep]\n|-damage|p2a: Nittaewo|55\/100|[from] Sandstorm\n|-damage|p1a: Salad Fingers|56\/100|[from] Sandstorm\n|upkeep\n|turn|2\n|\n|t:|1682850661\n|-end|p2b: Dover Demon|Protosynthesis|[silent]\n|switch|p2b: Ogopogo|Dragalge, L50, M|100\/100\n|move|p1a: Salad Fingers|Will-O-Wisp|p2b: Ogopogo\n|-status|p2b: Ogopogo|brn\n|move|p1b: TheDogIStoleFromSy|Rock Slide|p2a: Nittaewo|[spread] p2a,p2b\n|-damage|p2a: Nittaewo|17\/100\n|-damage|p2b: Ogopogo|67\/100 brn\n|move|p2a: Nittaewo|Sunny Day|p2a: Nittaewo\n|-weather|SunnyDay\n|\n|-weather|SunnyDay|[upkeep]\n|-damage|p2b: Ogopogo|61\/100 brn|[from] brn\n|upkeep\n|turn|3\n|\n|t:|1682850690\n|switch|p1a: Mecha Gojira|Tyranitar, L50, M|100\/100\n|-weather|Sandstorm|[from] ability: Sand Stream|[of] p1a: Mecha Gojira\n|-terastallize|p2b: Ogopogo|Dragon\n|move|p2a: Nittaewo|Helping Hand|p2b: Ogopogo\n|-singleturn|p2b: Ogopogo|Helping Hand|[of] p2a: Nittaewo\n|move|p1b: TheDogIStoleFromSy|Rock Slide|p2a: Nittaewo|[spread] p2b\n|-miss|p1b: TheDogIStoleFromSy|p2a: Nittaewo\n|-damage|p2b: Ogopogo|30\/100 brn\n|move|p2b: Ogopogo|Dragon Pulse|p1b: TheDogIStoleFromSy\n|-damage|p1b: TheDogIStoleFromSy|0 fnt\n|faint|p1b: TheDogIStoleFromSy\n|\n|-weather|Sandstorm|[upkeep]\n|-damage|p2a: Nittaewo|11\/100|[from] Sandstorm\n|-damage|p2b: Ogopogo|24\/100 brn|[from] Sandstorm\n|-damage|p2b: Ogopogo|18\/100 brn|[from] brn\n|upkeep\n|\n|t:|1682850707\n|switch|p1b: Anul Beads|Chi-Yu, L50|100\/100\n|-ability|p1b: Anul Beads|Beads of Ruin\n|turn|4\n|\n|t:|1682850764\n|move|p1b: Anul Beads|Heat Wave|p2b: Ogopogo|[spread] p2a,p2b\n|-supereffective|p2a: Nittaewo\n|-resisted|p2b: Ogopogo\n|-damage|p2a: Nittaewo|0 fnt\n|-damage|p2b: Ogopogo|3\/100 brn\n|faint|p2a: Nittaewo\n|move|p1a: Mecha Gojira|Crunch|p2b: Ogopogo\n|-damage|p2b: Ogopogo|0 fnt\n|faint|p2b: Ogopogo\n|\n|-weather|Sandstorm|[upkeep]\n|-damage|p1b: Anul Beads|94\/100|[from] Sandstorm\n|upkeep\n|\n|t:|1682850773\n|switch|p2a: Dover Demon|Great Tusk, L50|86\/100\n|switch|p2b: Yeren|Iron Valiant, L50|100\/100\n|-enditem|p2b: Yeren|Booster Energy\n|-activate|p2b: Yeren|ability: Quark Drive|[fromitem]\n|-start|p2b: Yeren|quarkdrivespe\n|turn|5\n|\n|t:|1682850798\n|switch|p1b: Salad Fingers|Sableye, L50, F|56\/100\n|-terastallize|p1a: Mecha Gojira|Flying\n|move|p2b: Yeren|Close Combat|p1a: Mecha Gojira\n|-resisted|p1a: Mecha Gojira\n|-damage|p1a: Mecha Gojira|76\/100\n|-unboost|p2b: Yeren|def|1\n|-unboost|p2b: Yeren|spd|1\n|move|p2a: Dover Demon|Heavy Slam|p1b: Salad Fingers\n|-damage|p1b: Salad Fingers|0 fnt\n|faint|p1b: Salad Fingers\n|-damage|p2a: Dover Demon|76\/100|[from] item: Life Orb\n|move|p1a: Mecha Gojira|Tera Blast|p2a: Dover Demon\n|-supereffective|p2a: Dover Demon\n|-damage|p2a: Dover Demon|8\/100\n|\n|-weather|Sandstorm|[upkeep]\n|-damage|p2b: Yeren|94\/100|[from] Sandstorm\n|upkeep\n|\n|t:|1682850817\n|switch|p1b: Anul Beads|Chi-Yu, L50|94\/100\n|-ability|p1b: Anul Beads|Beads of Ruin\n|turn|6\n|\n|t:|1682850836\n|move|p2a: Dover Demon|Protect|p2a: Dover Demon\n|-singleturn|p2a: Dover Demon|Protect\n|move|p2b: Yeren|Close Combat|p1b: Anul Beads\n|-supereffective|p1b: Anul Beads\n|-damage|p1b: Anul Beads|0 fnt\n|-unboost|p2b: Yeren|def|1\n|-unboost|p2b: Yeren|spd|1\n|faint|p1b: Anul Beads\n|move|p1a: Mecha Gojira|Rock Slide|p2a: Dover Demon|[spread] p2b\n|-activate|p2a: Dover Demon|move: Protect\n|-resisted|p2b: Yeren\n|-damage|p2b: Yeren|54\/100\n|\n|-weather|Sandstorm|[upkeep]\n|-damage|p2b: Yeren|47\/100|[from] Sandstorm\n|upkeep\n|turn|7\n|\n|t:|1682850856\n|move|p2b: Yeren|Close Combat|p1a: Mecha Gojira\n|-resisted|p1a: Mecha Gojira\n|-damage|p1a: Mecha Gojira|53\/100\n|-unboost|p2b: Yeren|def|1\n|-unboost|p2b: Yeren|spd|1\n|move|p2a: Dover Demon|Rock Slide|p1a: Mecha Gojira\n|-supereffective|p1a: Mecha Gojira\n|-damage|p1a: Mecha Gojira|0 fnt\n|faint|p1a: Mecha Gojira\n|-damage|p2a: Dover Demon|0 fnt|[from] item: Life Orb\n|faint|p2a: Dover Demon\n|-end|p2a: Dover Demon|Protosynthesis|[silent]\n|\n|win|Raderph\n|c|\u2606Sumovgc|gg\n|c|\u2606Raderph|GG\n","uploadtime":1682850869,"views":9,"p1id":"sumovgc","p2id":"raderph","formatid":"gen9vgc2023regulationc","rating":0,"private":0,"password":""}