{"id":"gen9vgc2023regulationc-1862556696","p1":"mfDOOMvmax","p2":"kuritheforgoten","format":"[Gen 9] VGC 2023 Regulation C","log":"|j|\u2606mfDOOMvmax\n|j|\u2606kuritheforgoten\n|t:|1683900490\n|gametype|doubles\n|player|p1|mfDOOMvmax|ingo|1152\n|player|p2|kuritheforgoten|swimmerf|1072\n|teamsize|p1|6\n|teamsize|p2|6\n|gen|9\n|tier|[Gen 9] VGC 2023 Regulation C\n|rated|\n|rule|Species Clause: Limit one of each Pok\u00e9mon\n|rule|Item Clause: Limit one of each item\n|clearpoke\n|poke|p1|Orthworm, L50, F|\n|poke|p1|Ceruledge, L50, M|\n|poke|p1|Gholdengo, L50|\n|poke|p1|Flutter Mane, L50|\n|poke|p1|Tyranitar, L50, F|\n|poke|p1|Wo-Chien, L50|\n|poke|p2|Torkoal, L50, F|\n|poke|p2|Jumpluff, L50, F|\n|poke|p2|Great Tusk, L50|\n|poke|p2|Flutter Mane, L50|\n|poke|p2|Kingambit, L50, F|\n|poke|p2|Chien-Pao, L50|\n|teampreview|4\n|inactive|Battle timer is ON: inactive players will automatically lose when time's up. (requested by kuritheforgoten)\n|inactive|mfDOOMvmax also wants the timer to be on.\n|\n|t:|1683900504\n|start\n|switch|p1a: Gholdengo|Gholdengo, L50|100\/100\n|switch|p1b: Wo-Chien|Wo-Chien, L50|100\/100\n|switch|p2a: Torkoal|Torkoal, L50, F|100\/100\n|switch|p2b: Jumpluff|Jumpluff, L50, F|100\/100\n|-ability|p1b: Wo-Chien|Tablets of Ruin\n|-weather|SunnyDay|[from] ability: Drought|[of] p2a: Torkoal\n|turn|1\n|\n|t:|1683900520\n|switch|p1b: Ceruledge|Ceruledge, L50, M|100\/100\n|-terastallize|p1a: Gholdengo|Water\n|move|p2b: Jumpluff|Tailwind|p2b: Jumpluff\n|-sidestart|p2: kuritheforgoten|move: Tailwind\n|move|p1a: Gholdengo|Nasty Plot|p1a: Gholdengo\n|-boost|p1a: Gholdengo|spa|2\n|move|p2a: Torkoal|Overheat|p1a: Gholdengo\n|-resisted|p1a: Gholdengo\n|-damage|p1a: Gholdengo|63\/100\n|-unboost|p2a: Torkoal|spa|2\n|-enditem|p2a: Torkoal|Eject Pack\n|\n|t:|1683900535\n|switch|p2a: Flutter Mane|Flutter Mane, L50|100\/100\n|-activate|p2a: Flutter Mane|ability: Protosynthesis\n|-start|p2a: Flutter Mane|protosynthesisspa\n|\n|-weather|SunnyDay|[upkeep]\n|upkeep\n|turn|2\n|inactive|kuritheforgoten has 30 seconds left.\n|\n|t:|1683900567\n|-terastallize|p2a: Flutter Mane|Fairy\n|move|p1b: Ceruledge|Shadow Sneak|p2a: Flutter Mane\n|-damage|p2a: Flutter Mane|58\/100\n|move|p2b: Jumpluff|Sleep Powder|p1b: Ceruledge\n|-activate|p1b: Ceruledge|item: Safety Goggles|Sleep Powder\n|move|p2a: Flutter Mane|Dazzling Gleam|p1a: Gholdengo|[spread] p1a,p1b\n|-resisted|p1b: Ceruledge\n|-damage|p1a: Gholdengo|0 fnt\n|-damage|p1b: Ceruledge|60\/100\n|faint|p1a: Gholdengo\n|\n|-weather|SunnyDay|[upkeep]\n|upkeep\n|\n|t:|1683900579\n|switch|p1a: Tyranitar|Tyranitar, L50, F, shiny|100\/100\n|-weather|Sandstorm|[from] ability: Sand Stream|[of] p1a: Tyranitar\n|-end|p2a: Flutter Mane|Protosynthesis\n|turn|3\n|\n|t:|1683900595\n|move|p2a: Flutter Mane|Dazzling Gleam|p1a: Tyranitar|[spread] p1a,p1b\n|-supereffective|p1a: Tyranitar\n|-resisted|p1b: Ceruledge\n|-damage|p1a: Tyranitar|21\/100\n|-damage|p1b: Ceruledge|29\/100\n|move|p2b: Jumpluff|Leaf Storm|p1b: Ceruledge\n|-resisted|p1b: Ceruledge\n|-damage|p1b: Ceruledge|16\/100\n|-unboost|p2b: Jumpluff|spa|2\n|move|p1b: Ceruledge|Bulk Up|p1b: Ceruledge\n|-boost|p1b: Ceruledge|atk|1\n|-boost|p1b: Ceruledge|def|1\n|move|p1a: Tyranitar|Rock Slide|p2b: Jumpluff|[spread] p2a,p2b\n|-supereffective|p2b: Jumpluff\n|-damage|p2a: Flutter Mane|0 fnt\n|-damage|p2b: Jumpluff|0 fnt\n|faint|p2a: Flutter Mane\n|-end|p2a: Flutter Mane|Protosynthesis|[silent]\n|faint|p2b: Jumpluff\n|\n|-weather|Sandstorm|[upkeep]\n|upkeep\n|\n|t:|1683900603\n|switch|p2a: Kingambit|Kingambit, L50, F|100\/100\n|switch|p2b: Torkoal|Torkoal, L50, F|100\/100\n|-activate|p2a: Kingambit|ability: Supreme Overlord\n|-start|p2a: Kingambit|fallen2|[silent]\n|-weather|SunnyDay|[from] ability: Drought|[of] p2b: Torkoal\n|turn|4\n|\n|t:|1683900625\n|move|p2a: Kingambit|Sucker Punch||[still]\n|-fail|p2a: Kingambit\n|move|p1b: Ceruledge|Bulk Up|p1b: Ceruledge\n|-boost|p1b: Ceruledge|atk|1\n|-boost|p1b: Ceruledge|def|1\n|move|p1a: Tyranitar|Rock Slide|p2b: Torkoal|[spread] p2a,p2b\n|-resisted|p2a: Kingambit\n|-supereffective|p2b: Torkoal\n|-damage|p2a: Kingambit|83\/100\n|-damage|p2b: Torkoal|43\/100\n|move|p2b: Torkoal|Fissure|p1a: Tyranitar|[miss]\n|-miss|p2b: Torkoal|p1a: Tyranitar\n|\n|-weather|SunnyDay|[upkeep]\n|-sideend|p2: kuritheforgoten|move: Tailwind\n|upkeep\n|turn|5\n|\n|t:|1683900644\n|move|p1b: Ceruledge|Shadow Sneak|p2a: Kingambit\n|-resisted|p2a: Kingambit\n|-damage|p2a: Kingambit|69\/100\n|move|p1a: Tyranitar|Rock Slide|p2b: Torkoal|[spread] p2a,p2b\n|-resisted|p2a: Kingambit\n|-supereffective|p2b: Torkoal\n|-damage|p2a: Kingambit|50\/100\n|-damage|p2b: Torkoal|0 fnt\n|faint|p2b: Torkoal\n|move|p2a: Kingambit|Kowtow Cleave|p1b: Ceruledge\n|-supereffective|p1b: Ceruledge\n|-damage|p1b: Ceruledge|0 fnt\n|faint|p1b: Ceruledge\n|\n|-weather|SunnyDay|[upkeep]\n|upkeep\n|-message|kuritheforgoten forfeited.\n|\n|win|mfDOOMvmax\n|raw|mfDOOMvmax's rating: 1152 → 1171<\/strong> (+19 for winning)\n|raw|kuritheforgoten's rating: 1072 → 1056<\/strong> (-16 for losing)\n|l|\u2606kuritheforgoten\n","uploadtime":1683900655,"views":9,"p1id":"mfdoomvmax","p2id":"kuritheforgoten","formatid":"gen9vgc2023regulationc","rating":1056,"private":0,"password":""}