{"id":"gen9vgc2023regulationc-1845017505","p1":"Astonished_25","p2":"Gerbacia14","format":"[Gen 9] VGC 2023 Regulation C","log":"|j|\u2606Astonished_25\n|j|\u2606Gerbacia14\n|t:|1681674472\n|gametype|doubles\n|player|p1|Astonished_25|tate|\n|player|p2|Gerbacia14|benga|\n|teamsize|p1|6\n|teamsize|p2|6\n|gen|9\n|tier|[Gen 9] VGC 2023 Regulation C\n|rule|Species Clause: Limit one of each Pok\u00e9mon\n|rule|Item Clause: Limit one of each item\n|clearpoke\n|poke|p1|Ting-Lu, L50|\n|poke|p1|Grimmsnarl, L50, M|\n|poke|p1|Gastrodon, L50, M|\n|poke|p1|Annihilape, L50, F|\n|poke|p1|Arcanine, L50, M|\n|poke|p1|Wo-Chien, L50|\n|poke|p2|Wo-Chien, L50|\n|poke|p2|Glimmora, L50, F|\n|poke|p2|Chi-Yu, L50|\n|poke|p2|Flutter Mane, L50|\n|poke|p2|Dondozo, L50, M|\n|poke|p2|Tatsugiri, L50, M|\n|teampreview|4\nGerbacia14 has agreed to open team sheets.\n|c|\u2606Astonished_25|aqui si no te escapas\n|c|\u2606Astonished_25|XD\nAstonished_25 has agreed to open team sheets.\n|c|\u2606Gerbacia14|jajaja\n|c|\u2606Gerbacia14|justo hab\u00eda acertado la fisura\n|c|\u2606Gerbacia14|:(\n|c|\u2606Gerbacia14|te odio movistar\n|c|\u2606Astonished_25|a ver si aciertas otro\n|c|\u2606Gerbacia14|fue la \u00fanica fisura que us\u00e9 y la acert\u00e9 encima jaja\n|c|\u2606Astonished_25|XDDDDDD\n|c|\u2606Gerbacia14|justo estaba pensando en cambiarlo por order up\n|\n|t:|1681674512\n|start\n|switch|p1a: Grimmsnarl|Grimmsnarl, L50, M|100\/100\n|switch|p1b: Wo-Chien|Wo-Chien, L50|100\/100\n|switch|p2a: Glimmora|Glimmora, L50, F|100\/100\n|switch|p2b: Dondozo|Dondozo, L50, M|100\/100\n|-ability|p1b: Wo-Chien|Tablets of Ruin\n|turn|1\n|c|\u2606Gerbacia14|pero no\n|\n|t:|1681674521\n|move|p2b: Dondozo|Protect|p2b: Dondozo\n|-singleturn|p2b: Dondozo|Protect\n|move|p1a: Grimmsnarl|Reflect|p1a: Grimmsnarl\n|-sidestart|p1: Astonished_25|Reflect\n|move|p2a: Glimmora|Mortal Spin|p1a: Grimmsnarl|[spread] p1a,p1b\n|-supereffective|p1a: Grimmsnarl\n|-supereffective|p1b: Wo-Chien\n|-damage|p1a: Grimmsnarl|97\/100\n|-damage|p1b: Wo-Chien|96\/100\n|-status|p1a: Grimmsnarl|psn\n|-status|p1b: Wo-Chien|psn\n|move|p1b: Wo-Chien|Giga Drain|p2a: Glimmora\n|-damage|p2a: Glimmora|70\/100\n|-heal|p1b: Wo-Chien|100\/100 psn|[from] drain|[of] p2a: Glimmora\n|\n|-damage|p1b: Wo-Chien|88\/100 psn|[from] psn\n|-damage|p1a: Grimmsnarl|84\/100 psn|[from] psn\n|upkeep\n|turn|2\n|c|\u2606Astonished_25|por algo dios hace las cosas\n|\n|t:|1681674536\n|switch|p2a: Tatsugiri|Tatsugiri, L50, M|100\/100\n|-activate|p2a: Tatsugiri|ability: Commander|[of] p2b: Dondozo\n|-boost|p2b: Dondozo|atk|2\n|-boost|p2b: Dondozo|spa|2\n|-boost|p2b: Dondozo|spe|2\n|-boost|p2b: Dondozo|def|2\n|-boost|p2b: Dondozo|spd|2\n|move|p1a: Grimmsnarl|Parting Shot|p2b: Dondozo\n|-unboost|p2b: Dondozo|atk|1\n|-unboost|p2b: Dondozo|spa|1\n|\n|t:|1681674538\n|switch|p1a: Gastrodon|Gastrodon, L50, M|100\/100|[from] Parting Shot\n|move|p2b: Dondozo|Substitute|p2b: Dondozo\n|-start|p2b: Dondozo|Substitute\n|-damage|p2b: Dondozo|75\/100\n|move|p1b: Wo-Chien|Giga Drain|p2b: Dondozo\n|-supereffective|p2b: Dondozo\n|-activate|p2b: Dondozo|move: Substitute|[damage]\n|-heal|p1b: Wo-Chien|100\/100 psn|[from] drain|[of] p2b: Dondozo\n|\n|-heal|p2b: Dondozo|82\/100|[from] item: Leftovers\n|-damage|p1b: Wo-Chien|88\/100 psn|[from] psn\n|upkeep\n|turn|3\n|\n|t:|1681674548\n|move|p2b: Dondozo|Protect|p2b: Dondozo\n|-singleturn|p2b: Dondozo|Protect\n|move|p1b: Wo-Chien|Giga Drain|p2b: Dondozo\n|-activate|p2b: Dondozo|move: Protect\n|move|p1a: Gastrodon|Earth Power|p2b: Dondozo\n|-activate|p2b: Dondozo|move: Protect\n|\n|-heal|p2b: Dondozo|88\/100|[from] item: Leftovers\n|-heal|p1b: Wo-Chien|94\/100 psn|[from] item: Leftovers\n|-damage|p1b: Wo-Chien|82\/100 psn|[from] psn\n|upkeep\n|turn|4\n|\n|t:|1681674566\n|-terastallize|p2b: Dondozo|Steel\n|move|p2b: Dondozo|Fissure|p1a: Gastrodon|[miss]\n|-miss|p2b: Dondozo|p1a: Gastrodon\n|move|p1b: Wo-Chien|Giga Drain|p2b: Dondozo\n|-resisted|p2b: Dondozo\n|-end|p2b: Dondozo|Substitute\n|-heal|p1b: Wo-Chien|83\/100 psn|[from] drain|[of] p2b: Dondozo\n|move|p1a: Gastrodon|Earth Power|p2b: Dondozo\n|-supereffective|p2b: Dondozo\n|-damage|p2b: Dondozo|58\/100\n|\n|-heal|p2b: Dondozo|64\/100|[from] item: Leftovers\n|-heal|p1b: Wo-Chien|90\/100 psn|[from] item: Leftovers\n|-damage|p1b: Wo-Chien|77\/100 psn|[from] psn\n|upkeep\n|turn|5\n|\n|t:|1681674578\n|move|p2b: Dondozo|Protect|p2b: Dondozo\n|-singleturn|p2b: Dondozo|Protect\n|move|p1b: Wo-Chien|Leech Seed|p2b: Dondozo\n|-activate|p2b: Dondozo|move: Protect\n|move|p1a: Gastrodon|Earth Power|p2b: Dondozo\n|-activate|p2b: Dondozo|move: Protect\n|\n|-heal|p2b: Dondozo|70\/100|[from] item: Leftovers\n|-heal|p1b: Wo-Chien|83\/100 psn|[from] item: Leftovers\n|-damage|p1b: Wo-Chien|71\/100 psn|[from] psn\n|upkeep\n|turn|6\n|\n|t:|1681674587\n|move|p2b: Dondozo|Fissure|p1a: Gastrodon|[miss]\n|-miss|p2b: Dondozo|p1a: Gastrodon\n|move|p1b: Wo-Chien|Leech Seed|p2b: Dondozo\n|-start|p2b: Dondozo|move: Leech Seed\n|move|p1a: Gastrodon|Earth Power|p2b: Dondozo\n|-supereffective|p2b: Dondozo\n|-damage|p2b: Dondozo|42\/100\n|\n|-heal|p2b: Dondozo|48\/100|[from] item: Leftovers\n|-heal|p1b: Wo-Chien|77\/100 psn|[from] item: Leftovers\n|-damage|p2b: Dondozo|36\/100|[from] Leech Seed|[of] p1b: Wo-Chien\n|-heal|p1b: Wo-Chien|94\/100 psn|[silent]\n|-damage|p1b: Wo-Chien|82\/100 psn|[from] psn\n|upkeep\n|turn|7\n|\n|t:|1681674605\n|move|p1a: Gastrodon|Protect|p1a: Gastrodon\n|-singleturn|p1a: Gastrodon|Protect\n|move|p2b: Dondozo|Fissure|p1a: Gastrodon\n|-activate|p1a: Gastrodon|move: Protect\n|move|p1b: Wo-Chien|Giga Drain|p2b: Dondozo\n|-resisted|p2b: Dondozo\n|-damage|p2b: Dondozo|31\/100\n|-heal|p1b: Wo-Chien|85\/100 psn|[from] drain|[of] p2b: Dondozo\n|\n|-heal|p2b: Dondozo|37\/100|[from] item: Leftovers\n|-heal|p1b: Wo-Chien|91\/100 psn|[from] item: Leftovers\n|-damage|p2b: Dondozo|25\/100|[from] Leech Seed|[of] p1b: Wo-Chien\n|-heal|p1b: Wo-Chien|100\/100 psn|[silent]\n|-damage|p1b: Wo-Chien|88\/100 psn|[from] psn\n|upkeep\n|turn|8\n|\n|t:|1681674610\n|switch|p1a: Grimmsnarl|Grimmsnarl, L50, M|84\/100 psn\n|move|p2b: Dondozo|Fissure|p1a: Grimmsnarl\n|-damage|p1a: Grimmsnarl|0 fnt\n|faint|p1a: Grimmsnarl\n|-ohko\n|move|p1b: Wo-Chien|Giga Drain|p2b: Dondozo\n|-resisted|p2b: Dondozo\n|-damage|p2b: Dondozo|20\/100\n|-heal|p1b: Wo-Chien|91\/100 psn|[from] drain|[of] p2b: Dondozo\n|\n|-heal|p2b: Dondozo|26\/100|[from] item: Leftovers\n|-heal|p1b: Wo-Chien|98\/100 psn|[from] item: Leftovers\n|-damage|p2b: Dondozo|13\/100|[from] Leech Seed|[of] p1b: Wo-Chien\n|-heal|p1b: Wo-Chien|100\/100 psn|[silent]\n|-damage|p1b: Wo-Chien|88\/100 psn|[from] psn\n|-sideend|p1: Astonished_25|Reflect\n|upkeep\n|c|\u2606Astonished_25|rip grimmi\n|c|\u2606Gerbacia14|ah\u00ed s\u00ed no dondozo\n|c|\u2606Gerbacia14|jajaj\n|c|\u2606Astonished_25|XDDDDDDDDD\n|\n|t:|1681674623\n|switch|p1a: Gastrodon|Gastrodon, L50, M|100\/100\n|turn|9\n|\n|t:|1681674629\n|move|p1a: Gastrodon|Protect|p1a: Gastrodon\n|-singleturn|p1a: Gastrodon|Protect\n|move|p2b: Dondozo|Fissure|p1b: Wo-Chien|[miss]\n|-miss|p2b: Dondozo|p1b: Wo-Chien\n|move|p1b: Wo-Chien|Giga Drain|p2b: Dondozo\n|-resisted|p2b: Dondozo\n|-damage|p2b: Dondozo|8\/100\n|-heal|p1b: Wo-Chien|91\/100 psn|[from] drain|[of] p2b: Dondozo\n|\n|-heal|p2b: Dondozo|15\/100|[from] item: Leftovers\n|-heal|p1b: Wo-Chien|98\/100 psn|[from] item: Leftovers\n|-damage|p2b: Dondozo|2\/100|[from] Leech Seed|[of] p1b: Wo-Chien\n|-heal|p1b: Wo-Chien|100\/100 psn|[silent]\n|-damage|p1b: Wo-Chien|88\/100 psn|[from] psn\n|upkeep\n|turn|10\n|\n|t:|1681674643\n|move|p2b: Dondozo|Fissure|p1a: Gastrodon|[miss]\n|-miss|p2b: Dondozo|p1a: Gastrodon\n|move|p1b: Wo-Chien|Giga Drain|p2b: Dondozo\n|-resisted|p2b: Dondozo\n|-crit|p2b: Dondozo\n|-damage|p2b: Dondozo|0 fnt\n|-heal|p1b: Wo-Chien|89\/100 psn|[from] drain|[of] p2b: Dondozo\n|faint|p2b: Dondozo\n|move|p1a: Gastrodon|Earth Power|p2a: Tatsugiri\n|-damage|p2a: Tatsugiri|50\/100\n|\n|-heal|p1b: Wo-Chien|95\/100 psn|[from] item: Leftovers\n|-damage|p1b: Wo-Chien|83\/100 psn|[from] psn\n|upkeep\n|c|\u2606Gerbacia14|s\u00ed definitivamente\n|c|\u2606Gerbacia14|le pongo order up\n|c|\u2606Gerbacia14|o alg\u00fan otro move\n|c|\u2606Astonished_25|XDDDDDDDDDDDDDDDDDD\n|c|\u2606Astonished_25|fisura a veces te da wins\n|c|\u2606Astonished_25|y otras veces\n|c|\u2606Astonished_25|te destroza el allma\n|c|\u2606Gerbacia14|s\u00ed\n|c|\u2606Gerbacia14|tal cual\n|c|\u2606Astonished_25|grabare el combate para los chicos\n|c|\u2606Astonished_25|XD\n|\n|t:|1681674675\n|switch|p2b: Wo-Chien|Wo-Chien, L50|100\/100\n|-ability|p2b: Wo-Chien|Tablets of Ruin\n|turn|11\n|\n|t:|1681674691\n|switch|p1a: Ting-Lu|Ting-Lu, L50|100\/100\n|-ability|p1a: Ting-Lu|Vessel of Ruin\n|-terastallize|p1b: Wo-Chien|Water\n|move|p2a: Tatsugiri|Draco Meteor|p1b: Wo-Chien\n|-damage|p1b: Wo-Chien|49\/100 psn\n|-unboost|p2a: Tatsugiri|spa|2\n|move|p2b: Wo-Chien|Leech Seed|p1a: Ting-Lu\n|-start|p1a: Ting-Lu|move: Leech Seed\n|move|p1b: Wo-Chien|Giga Drain|p2a: Tatsugiri\n|-damage|p2a: Tatsugiri|27\/100\n|-heal|p1b: Wo-Chien|58\/100 psn|[from] drain|[of] p2a: Tatsugiri\n|\n|-heal|p1b: Wo-Chien|65\/100 psn|[from] item: Leftovers\n|-damage|p1a: Ting-Lu|88\/100|[from] Leech Seed|[of] p2b: Wo-Chien\n|-damage|p1b: Wo-Chien|52\/100 psn|[from] psn\n|upkeep\n|turn|12\n|\n|t:|1681674719\n|switch|p1a: Gastrodon|Gastrodon, L50, M|100\/100\n|move|p2a: Tatsugiri|Draco Meteor|p1b: Wo-Chien\n|-damage|p1b: Wo-Chien|28\/100 psn\n|-unboost|p2a: Tatsugiri|spa|2\n|move|p2b: Wo-Chien|Leech Seed|p1b: Wo-Chien\n|-start|p1b: Wo-Chien|move: Leech Seed\n|move|p1b: Wo-Chien|Pollen Puff|p2b: Wo-Chien\n|-supereffective|p2b: Wo-Chien\n|-damage|p2b: Wo-Chien|46\/100\n|-enditem|p2b: Wo-Chien|Sitrus Berry|[eat]\n|-heal|p2b: Wo-Chien|71\/100|[from] item: Sitrus Berry\n|\n|-heal|p1b: Wo-Chien|34\/100 psn|[from] item: Leftovers\n|-damage|p1b: Wo-Chien|22\/100 psn|[from] Leech Seed|[of] p2b: Wo-Chien\n|-heal|p2b: Wo-Chien|83\/100|[silent]\n|-damage|p1b: Wo-Chien|9\/100 psn|[from] psn\n|upkeep\n|turn|13\n|\n|t:|1681674746\n|switch|p1b: Ting-Lu|Ting-Lu, L50|88\/100\n|-ability|p1b: Ting-Lu|Vessel of Ruin\n|move|p2a: Tatsugiri|Draco Meteor|p1b: Ting-Lu\n|-damage|p1b: Ting-Lu|78\/100\n|-unboost|p2a: Tatsugiri|spa|2\n|move|p2b: Wo-Chien|Leech Seed|p1a: Gastrodon\n|-start|p1a: Gastrodon|move: Leech Seed\n|move|p1a: Gastrodon|Earth Power|p2a: Tatsugiri\n|-damage|p2a: Tatsugiri|0 fnt\n|faint|p2a: Tatsugiri\n|\n|-damage|p1a: Gastrodon|88\/100|[from] Leech Seed|[of] p2b: Wo-Chien\n|-heal|p2b: Wo-Chien|95\/100|[silent]\n|upkeep\n|\n|t:|1681674757\n|switch|p2a: Glimmora|Glimmora, L50, F|70\/100\n|turn|14\n|\n|t:|1681674778\n|move|p2a: Glimmora|Spiky Shield|p2a: Glimmora\n|-singleturn|p2a: Glimmora|move: Protect\n|move|p1a: Gastrodon|Protect|p1a: Gastrodon\n|-singleturn|p1a: Gastrodon|Protect\n|move|p2b: Wo-Chien|Leech Seed|p1b: Ting-Lu\n|-start|p1b: Ting-Lu|move: Leech Seed\n|move|p1b: Ting-Lu|Earthquake|p2b: Wo-Chien|[spread] p2b\n|-activate|p1a: Gastrodon|move: Protect\n|-activate|p2a: Glimmora|move: Protect\n|-resisted|p2b: Wo-Chien\n|-damage|p2b: Wo-Chien|87\/100\n|\n|-damage|p1a: Gastrodon|75\/100|[from] Leech Seed|[of] p2b: Wo-Chien\n|-heal|p2b: Wo-Chien|99\/100|[silent]\n|-damage|p1b: Ting-Lu|65\/100|[from] Leech Seed|[of] p2b: Wo-Chien\n|-heal|p2b: Wo-Chien|100\/100|[silent]\n|upkeep\n|turn|15\n|\n|t:|1681674796\n|switch|p1a: Wo-Chien|Wo-Chien, L50, tera:Water|9\/100 psn\n|-ability|p1a: Wo-Chien|Tablets of Ruin\n|move|p2a: Glimmora|Energy Ball|p1a: Wo-Chien\n|-supereffective|p1a: Wo-Chien\n|-damage|p1a: Wo-Chien|0 fnt\n|faint|p1a: Wo-Chien\n|move|p2b: Wo-Chien|Substitute|p2b: Wo-Chien\n|-start|p2b: Wo-Chien|Substitute\n|-damage|p2b: Wo-Chien|75\/100\n|move|p1b: Ting-Lu|Heavy Slam|p2a: Glimmora\n|-supereffective|p2a: Glimmora\n|-damage|p2a: Glimmora|12\/100\n|\n|-damage|p1b: Ting-Lu|53\/100|[from] Leech Seed|[of] p2b: Wo-Chien\n|-heal|p2b: Wo-Chien|91\/100|[silent]\n|upkeep\n|\n|t:|1681674802\n|switch|p1a: Gastrodon|Gastrodon, L50, M|75\/100\n|turn|16\n|\n|t:|1681674810\n|move|p2a: Glimmora|Spiky Shield|p2a: Glimmora\n|-singleturn|p2a: Glimmora|move: Protect\n|move|p2b: Wo-Chien|Leech Seed|p1a: Gastrodon\n|-start|p1a: Gastrodon|move: Leech Seed\n|move|p1a: Gastrodon|Ice Beam|p2b: Wo-Chien\n|-supereffective|p2b: Wo-Chien\n|-end|p2b: Wo-Chien|Substitute\n|move|p1b: Ting-Lu|Heavy Slam|p2a: Glimmora\n|-activate|p2a: Glimmora|move: Protect\n|-damage|p1b: Ting-Lu|40\/100|[from] Spiky Shield|[of] p2a: Glimmora\n|\n|-damage|p1a: Gastrodon|63\/100|[from] Leech Seed|[of] p2b: Wo-Chien\n|-heal|p2b: Wo-Chien|100\/100|[silent]\n|-damage|p1b: Ting-Lu|28\/100|[from] Leech Seed|[of] p2b: Wo-Chien\n|upkeep\n|turn|17\n|\n|t:|1681674835\n|move|p1a: Gastrodon|Protect|p1a: Gastrodon\n|-singleturn|p1a: Gastrodon|Protect\n|move|p2a: Glimmora|Energy Ball|p1a: Gastrodon\n|-activate|p1a: Gastrodon|move: Protect\n|move|p2b: Wo-Chien|Substitute|p2b: Wo-Chien\n|-start|p2b: Wo-Chien|Substitute\n|-damage|p2b: Wo-Chien|75\/100\n|move|p1b: Ting-Lu|Earthquake|p2a: Glimmora|[spread] p2a,p2b\n|-activate|p1a: Gastrodon|move: Protect\n|-resisted|p2b: Wo-Chien\n|-activate|p2b: Wo-Chien|move: Substitute|[damage]\n|-supereffective|p2a: Glimmora\n|-damage|p2a: Glimmora|0 fnt\n|faint|p2a: Glimmora\n|\n|-damage|p1a: Gastrodon|50\/100|[from] Leech Seed|[of] p2b: Wo-Chien\n|-heal|p2b: Wo-Chien|88\/100|[silent]\n|-damage|p1b: Ting-Lu|15\/100|[from] Leech Seed|[of] p2b: Wo-Chien\n|-heal|p2b: Wo-Chien|100\/100|[silent]\n|upkeep\n|turn|18\n|\n|t:|1681674846\n|move|p2b: Wo-Chien|Protect|p2b: Wo-Chien\n|-singleturn|p2b: Wo-Chien|Protect\n|move|p1a: Gastrodon|Ice Beam|p2b: Wo-Chien\n|-activate|p2b: Wo-Chien|move: Protect\n|move|p1b: Ting-Lu|Heavy Slam|p2b: Wo-Chien\n|-activate|p2b: Wo-Chien|move: Protect\n|\n|-damage|p1a: Gastrodon|38\/100|[from] Leech Seed|[of] p2b: Wo-Chien\n|-damage|p1b: Ting-Lu|3\/100|[from] Leech Seed|[of] p2b: Wo-Chien\n|upkeep\n|turn|19\n|\n|t:|1681674849\n|move|p2b: Wo-Chien|Pollen Puff|p1a: Gastrodon\n|-damage|p1a: Gastrodon|23\/100\n|move|p1a: Gastrodon|Ice Beam|p2b: Wo-Chien\n|-supereffective|p2b: Wo-Chien\n|-end|p2b: Wo-Chien|Substitute\n|move|p1b: Ting-Lu|Heavy Slam|p2b: Wo-Chien\n|-damage|p2b: Wo-Chien|82\/100\n|\n|-damage|p1a: Gastrodon|11\/100|[from] Leech Seed|[of] p2b: Wo-Chien\n|-heal|p2b: Wo-Chien|95\/100|[silent]\n|-damage|p1b: Ting-Lu|0 fnt|[from] Leech Seed|[of] p2b: Wo-Chien\n|-heal|p2b: Wo-Chien|98\/100|[silent]\n|faint|p1b: Ting-Lu\n|upkeep\n|turn|20\n|\n|t:|1681674853\n|move|p2b: Wo-Chien|Pollen Puff|p1a: Gastrodon\n|-damage|p1a: Gastrodon|0 fnt\n|faint|p1a: Gastrodon\n|\n|win|Gerbacia14\n|c|\u2606Astonished_25|uy cerquita\n","uploadtime":1681674856,"views":12,"p1id":"astonished25","p2id":"gerbacia14","formatid":"gen9vgc2023regulationc","rating":0,"private":0,"password":""}