{"id":"gen9vgc2023regulationc-1849004142","p1":"chrisbilledk","p2":"Xepher008","format":"[Gen 9] VGC 2023 Regulation C","log":"|j|\u2606chrisbilledk\n|j|\u2606Xepher008\n|t:|1682137530\n|gametype|doubles\n|player|p1|chrisbilledk|169|1199\n|player|p2|Xepher008|2|1164\n|teamsize|p1|6\n|teamsize|p2|6\n|gen|9\n|tier|[Gen 9] VGC 2023 Regulation C\n|rated|\n|rule|Species Clause: Limit one of each Pok\u00e9mon\n|rule|Item Clause: Limit one of each item\n|clearpoke\n|poke|p1|Roaring Moon, L50|\n|poke|p1|Palafin, L50, F|\n|poke|p1|Pelipper, L50, F|\n|poke|p1|Gholdengo, L50|\n|poke|p1|Great Tusk, L50|\n|poke|p1|Kingambit, L50, F|\n|poke|p2|Flutter Mane, L50|\n|poke|p2|Gastrodon, L50, M|\n|poke|p2|Chi-Yu, L50|\n|poke|p2|Chien-Pao, L50|\n|poke|p2|Dragonite, L50, M|\n|poke|p2|Amoonguss, L50, M|\n|teampreview|4\n|inactive|Battle timer is ON: inactive players will automatically lose when time's up. (requested by chrisbilledk)\nchrisbilledk rejected open team sheets.\n|inactive|chrisbilledk has 60 seconds left.\n|\n|t:|1682137566\n|start\n|switch|p1a: Gholdengo|Gholdengo, L50|100\/100\n|switch|p1b: Palafin|Palafin, L50, F|100\/100\n|switch|p2a: Flutter Mane|Flutter Mane, L50|100\/100\n|switch|p2b: Gastrodon|Gastrodon, L50, M|100\/100\n|turn|1\n|inactive|Xepher008 has 30 seconds left.\n|\n|t:|1682137591\n|-terastallize|p1a: Gholdengo|Normal\n|move|p1b: Palafin|Protect|p1b: Palafin\n|-singleturn|p1b: Palafin|Protect\n|move|p1a: Gholdengo|Shadow Ball|p2a: Flutter Mane\n|-supereffective|p2a: Flutter Mane\n|-damage|p2a: Flutter Mane|4\/100\n|move|p2a: Flutter Mane|Moonblast|p1b: Palafin\n|-activate|p1b: Palafin|move: Protect\n|move|p2b: Gastrodon|Earth Power|p1a: Gholdengo\n|-damage|p1a: Gholdengo|54\/100\n|\n|upkeep\n|turn|2\n|inactive|Xepher008 has 30 seconds left.\n|inactive|chrisbilledk has 30 seconds left.\n|inactive|Xepher008 has 20 seconds left.\n|inactive|Xepher008 has 15 seconds left.\n|inactive|Xepher008 has 10 seconds left.\n|inactive|Xepher008 has 5 seconds left.\n|\n|t:|1682137642\n|-end|p2a: Flutter Mane|Protosynthesis|[silent]\n|switch|p2a: Chi-Yu|Chi-Yu, L50|100\/100\n|-ability|p2a: Chi-Yu|Beads of Ruin\n|detailschange|p1b: Palafin|Palafin-Hero, L50, F\n|switch|p1b: Roaring Moon|Roaring Moon, L50|100\/100\n|-enditem|p1b: Roaring Moon|Booster Energy\n|-activate|p1b: Roaring Moon|ability: Protosynthesis|[fromitem]\n|-start|p1b: Roaring Moon|protosynthesisspe\n|move|p1a: Gholdengo|Shadow Ball|p2b: Gastrodon\n|-damage|p2b: Gastrodon|42\/100\n|move|p2b: Gastrodon|Muddy Water|p1b: Roaring Moon|[spread] p1a,p1b\n|-resisted|p1b: Roaring Moon\n|-damage|p1a: Gholdengo|9\/100\n|-damage|p1b: Roaring Moon|81\/100\n|\n|upkeep\n|turn|3\n|inactive|Xepher008 has 30 seconds left.\n|inactive|Xepher008 has 20 seconds left.\n|inactive|Xepher008 has 15 seconds left.\n|\n|t:|1682137686\n|move|p2b: Gastrodon|Protect|p2b: Gastrodon\n|-singleturn|p2b: Gastrodon|Protect\n|move|p1b: Roaring Moon|Acrobatics|p2a: Chi-Yu\n|-damage|p2a: Chi-Yu|38\/100\n|move|p1a: Gholdengo|Shadow Ball|p2b: Gastrodon\n|-activate|p2b: Gastrodon|move: Protect\n|move|p2a: Chi-Yu|Heat Wave|p1a: Gholdengo|[spread] p1a,p1b\n|-resisted|p1b: Roaring Moon\n|-damage|p1a: Gholdengo|0 fnt\n|-damage|p1b: Roaring Moon|55\/100\n|faint|p1a: Gholdengo\n|\n|upkeep\n|\n|t:|1682137694\n|switch|p1a: Great Tusk|Great Tusk, L50|100\/100\n|turn|4\n|inactive|Xepher008 has 30 seconds left.\n|inactive|Xepher008 has 20 seconds left.\n|inactive|Xepher008 has 15 seconds left.\n|inactive|Xepher008 has 10 seconds left.\n|\n|t:|1682137742\n|switch|p2b: Amoonguss|Amoonguss, L50, M|100\/100\n|move|p1b: Roaring Moon|Acrobatics|p2a: Chi-Yu\n|-damage|p2a: Chi-Yu|0 fnt\n|faint|p2a: Chi-Yu\n|move|p1a: Great Tusk|Headlong Rush|p2b: Amoonguss\n|-damage|p2b: Amoonguss|51\/100\n|-unboost|p1a: Great Tusk|def|1\n|-unboost|p1a: Great Tusk|spd|1\n|-damage|p1a: Great Tusk|84\/100|[from] item: Rocky Helmet|[of] p2b: Amoonguss\n|\n|upkeep\n|\n|t:|1682137755\n|switch|p2a: Flutter Mane|Flutter Mane, L50|4\/100\n|turn|5\n|\n|t:|1682137776\n|-terastallize|p2a: Flutter Mane|Fairy\n|move|p2b: Amoonguss|Rage Powder|p2b: Amoonguss\n|-singleturn|p2b: Amoonguss|move: Rage Powder\n|move|p1b: Roaring Moon|Acrobatics|p2b: Amoonguss\n|-supereffective|p2b: Amoonguss\n|-damage|p2b: Amoonguss|0 fnt\n|-damage|p1b: Roaring Moon|39\/100|[from] item: Rocky Helmet|[of] p2b: Amoonguss\n|faint|p2b: Amoonguss\n|move|p2a: Flutter Mane|Dazzling Gleam|p1b: Roaring Moon|[spread] p1a,p1b\n|-supereffective|p1a: Great Tusk\n|-supereffective|p1b: Roaring Moon\n|-damage|p1a: Great Tusk|0 fnt\n|-damage|p1b: Roaring Moon|0 fnt\n|faint|p1a: Great Tusk\n|-end|p1a: Great Tusk|Protosynthesis|[silent]\n|faint|p1b: Roaring Moon\n|-end|p1b: Roaring Moon|Protosynthesis|[silent]\n|\n|upkeep\n|\n|t:|1682137792\n|switch|p1b: Palafin|Palafin-Hero, L50, F|100\/100\n|switch|p2b: Gastrodon|Gastrodon, L50, M|42\/100\n|-activate|p1b: Palafin|ability: Zero to Hero\n|turn|6\n|\n|t:|1682137805\n|move|p2b: Gastrodon|Protect|p2b: Gastrodon\n|-singleturn|p2b: Gastrodon|Protect\n|move|p1b: Palafin|Jet Punch|p2b: Gastrodon\n|-activate|p2b: Gastrodon|ability: Storm Drain\n|-activate|p2b: Gastrodon|move: Protect\n|move|p2a: Flutter Mane|Dazzling Gleam|p1b: Palafin\n|-damage|p1b: Palafin|0 fnt\n|faint|p1b: Palafin\n|\n|win|Xepher008\n|raw|chrisbilledk's rating: 1199 → 1171<\/strong> (-28 for losing)\n|raw|Xepher008's rating: 1164 → 1192<\/strong> (+28 for winning)\n|l|\u2606chrisbilledk\n","uploadtime":1682137828,"views":9,"p1id":"chrisbilledk","p2id":"xepher008","formatid":"gen9vgc2023regulationc","rating":1171,"private":0,"password":""}