{"id":"gen9vgc2023regulationc-1851361312","p1":"PkmnTrainerHotPink","p2":"kokialcazar","format":"[Gen 9] VGC 2023 Regulation C","log":"|j|\u2606PkmnTrainerHotPink\n|j|\u2606kokialcazar\n|t:|1682438915\n|gametype|doubles\n|player|p1|PkmnTrainerHotPink|cynthia|1099\n|player|p2|kokialcazar|morty|1107\n|teamsize|p1|6\n|teamsize|p2|6\n|gen|9\n|tier|[Gen 9] VGC 2023 Regulation C\n|rated|\n|rule|Species Clause: Limit one of each Pok\u00e9mon\n|rule|Item Clause: Limit one of each item\n|clearpoke\n|poke|p1|Abomasnow, L50, F|\n|poke|p1|Iron Bundle, L50|\n|poke|p1|Baxcalibur, L50, F|\n|poke|p1|Flutter Mane, L50|\n|poke|p1|Amoonguss, L50, F|\n|poke|p1|Kingambit, L50, F|\n|poke|p2|Gastrodon-East, L50, M|\n|poke|p2|Arcanine, L50, M|\n|poke|p2|Flutter Mane, L50|\n|poke|p2|Corviknight, L50, M|\n|poke|p2|Great Tusk, L50|\n|poke|p2|Tyranitar, L50, M|\n|teampreview|4\n|inactive|Battle timer is ON: inactive players will automatically lose when time's up. (requested by PkmnTrainerHotPink)\nPkmnTrainerHotPink has agreed to open team sheets.\n|inactive|kokialcazar has 60 seconds left.\n|inactive|PkmnTrainerHotPink has 60 seconds left.\n|\n|t:|1682438953\n|start\n|switch|p1a: Brrr|Baxcalibur, L50, F|100\/100\n|switch|p1b: Saweetie|Flutter Mane, L50|100\/100\n|switch|p2a: Flutter Mane|Flutter Mane, L50, shiny|100\/100\n|switch|p2b: Great Tusk|Great Tusk, L50, shiny|100\/100\n|-enditem|p2b: Great Tusk|Booster Energy\n|-activate|p2b: Great Tusk|ability: Protosynthesis|[fromitem]\n|-start|p2b: Great Tusk|protosynthesisatk\n|turn|1\n|\n|t:|1682438976\n|-end|p2b: Great Tusk|Protosynthesis|[silent]\n|switch|p2b: Tyranitar|Tyranitar, L50, M, shiny|100\/100\n|-weather|Sandstorm|[from] ability: Sand Stream|[of] p2b: Tyranitar\n|-terastallize|p1b: Saweetie|Fairy\n|move|p1a: Brrr|Protect|p1a: Brrr\n|-singleturn|p1a: Brrr|Protect\n|move|p2a: Flutter Mane|Shadow Ball|p1b: Saweetie\n|-damage|p1b: Saweetie|47\/100\n|-damage|p2a: Flutter Mane|91\/100|[from] item: Life Orb\n|move|p1b: Saweetie|Moonblast|p2a: Flutter Mane\n|-damage|p2a: Flutter Mane|0 fnt\n|faint|p2a: Flutter Mane\n|-end|p2a: Flutter Mane|Protosynthesis|[silent]\n|\n|-weather|Sandstorm|[upkeep]\n|-damage|p1b: Saweetie|41\/100|[from] Sandstorm\n|-damage|p1a: Brrr|95\/100|[from] Sandstorm\n|upkeep\n|\n|t:|1682438995\n|switch|p2a: Great Tusk|Great Tusk, L50, shiny|100\/100\n|turn|2\n|inactive|PkmnTrainerHotPink has 30 seconds left.\n|\n|t:|1682439025\n|switch|p1a: UwU|Amoonguss, L50, F|100\/100\n|move|p2a: Great Tusk|Protect|p2a: Great Tusk\n|-singleturn|p2a: Great Tusk|Protect\n|move|p1b: Saweetie|Moonblast|p2b: Tyranitar\n|-supereffective|p2b: Tyranitar\n|-damage|p2b: Tyranitar|5\/100\n|-unboost|p2b: Tyranitar|spa|1\n|move|p2b: Tyranitar|Rock Slide|p1a: UwU|[spread] p1a,p1b\n|-damage|p1a: UwU|74\/100\n|-damage|p1b: Saweetie|0 fnt\n|faint|p1b: Saweetie\n|-end|p1b: Saweetie|Protosynthesis|[silent]\n|\n|-weather|Sandstorm|[upkeep]\n|-damage|p1a: UwU|69\/100|[from] Sandstorm\n|upkeep\n|\n|t:|1682439043\n|switch|p1b: Brrr|Baxcalibur, L50, F|95\/100\n|turn|3\n|\n|t:|1682439051\n|-terastallize|p2a: Great Tusk|Ground\n|move|p1b: Brrr|Protect|p1b: Brrr\n|-singleturn|p1b: Brrr|Protect\n|move|p2a: Great Tusk|Headlong Rush|p1a: UwU\n|-damage|p1a: UwU|11\/100\n|-unboost|p2a: Great Tusk|def|1\n|-unboost|p2a: Great Tusk|spd|1\n|-damage|p2a: Great Tusk|84\/100|[from] item: Rocky Helmet|[of] p1a: UwU\n|move|p2b: Tyranitar|Rock Slide|p1a: UwU|[spread] p1a\n|-activate|p1b: Brrr|move: Protect\n|-damage|p1a: UwU|0 fnt\n|faint|p1a: UwU\n|\n|-weather|Sandstorm|[upkeep]\n|-damage|p1b: Brrr|89\/100|[from] Sandstorm\n|upkeep\n|\n|t:|1682439066\n|switch|p1a: Grusha|Kingambit, L50, F|100\/100\n|turn|4\n|\n|t:|1682439087\n|-end|p2a: Great Tusk|Protosynthesis|[silent]\n|switch|p2a: Gastrodon|Gastrodon-East, L50, M, shiny|100\/100\n|move|p1b: Brrr|Ice Shard|p2b: Tyranitar\n|-damage|p2b: Tyranitar|0 fnt\n|faint|p2b: Tyranitar\n|move|p1a: Grusha|Sucker Punch||[still]\n|-fail|p1a: Grusha\n|\n|-weather|Sandstorm|[upkeep]\n|-damage|p1b: Brrr|83\/100|[from] Sandstorm\n|upkeep\n|\n|t:|1682439099\n|switch|p2b: Great Tusk|Great Tusk, L50, shiny, tera:Ground|84\/100\n|turn|5\n|inactive|PkmnTrainerHotPink has 30 seconds left.\n|\n|t:|1682439130\n|move|p2a: Gastrodon|Protect|p2a: Gastrodon\n|-singleturn|p2a: Gastrodon|Protect\n|move|p2b: Great Tusk|Earthquake|p1a: Grusha|[spread] p1a,p1b\n|-activate|p2a: Gastrodon|move: Protect\n|-supereffective|p1a: Grusha\n|-damage|p1a: Grusha|29\/100\n|-damage|p1b: Brrr|43\/100\n|move|p1b: Brrr|Icicle Spear|p2b: Great Tusk\n|-supereffective|p2b: Great Tusk\n|-damage|p2b: Great Tusk|62\/100\n|-supereffective|p2b: Great Tusk\n|-damage|p2b: Great Tusk|40\/100\n|-supereffective|p2b: Great Tusk\n|-damage|p2b: Great Tusk|17\/100\n|-supereffective|p2b: Great Tusk\n|-damage|p2b: Great Tusk|0 fnt\n|faint|p2b: Great Tusk\n|-end|p2b: Great Tusk|Protosynthesis|[silent]\n|-hitcount|p2: Great Tusk|4\n|move|p1a: Grusha|Iron Head|p2a: Gastrodon\n|-activate|p2a: Gastrodon|move: Protect\n|\n|-weather|none\n|upkeep\n|turn|6\n|\n|t:|1682439152\n|move|p1b: Brrr|Icicle Spear|p2a: Gastrodon\n|-damage|p2a: Gastrodon|87\/100\n|-damage|p2a: Gastrodon|72\/100\n|-damage|p2a: Gastrodon|57\/100\n|-damage|p2a: Gastrodon|44\/100\n|-hitcount|p2a: Gastrodon|4\n|move|p1a: Grusha|Iron Head|p2a: Gastrodon\n|-resisted|p2a: Gastrodon\n|-damage|p2a: Gastrodon|23\/100\n|-enditem|p2a: Gastrodon|Wiki Berry|[eat]\n|-heal|p2a: Gastrodon|56\/100|[from] item: Wiki Berry\n|move|p2a: Gastrodon|Muddy Water|p1a: Grusha|[spread] p1a,p1b\n|-crit|p1a: Grusha\n|-resisted|p1b: Brrr\n|-damage|p1a: Grusha|4\/100\n|-damage|p1b: Brrr|34\/100\n|-unboost|p1a: Grusha|accuracy|1\n|-ability|p1a: Grusha|Defiant|boost\n|-boost|p1a: Grusha|atk|2\n|\n|upkeep\n|turn|7\n|\n|t:|1682439177\n|move|p1b: Brrr|Protect|p1b: Brrr\n|-singleturn|p1b: Brrr|Protect\n|move|p1a: Grusha|Kowtow Cleave|p2a: Gastrodon\n|-damage|p2a: Gastrodon|0 fnt\n|faint|p2a: Gastrodon\n|\n|win|PkmnTrainerHotPink\n|raw|PkmnTrainerHotPink's rating: 1099 → 1125<\/strong> (+26 for winning)\n|raw|kokialcazar's rating: 1107 → 1081<\/strong> (-26 for losing)\n|c|\u2606PkmnTrainerHotPink|gg\n","uploadtime":1682439198,"views":5,"p1id":"pkmntrainerhotpink","p2id":"kokialcazar","formatid":"gen9vgc2023regulationc","rating":1081,"private":0,"password":""}