{"id":"gen9vgc2023regulationc-1859893161","p1":"voracious reader","p2":"khanh1910","format":"[Gen 9] VGC 2023 Regulation C","log":"|j|\u2606voracious reader\n|j|\u2606khanh1910\n|t:|1683573431\n|gametype|doubles\n|player|p1|voracious reader|cheren|1078\n|player|p2|khanh1910|nurse|1077\n|teamsize|p1|6\n|teamsize|p2|6\n|gen|9\n|tier|[Gen 9] VGC 2023 Regulation C\n|rated|\n|rule|Species Clause: Limit one of each Pok\u00e9mon\n|rule|Item Clause: Limit one of each item\n|clearpoke\n|poke|p1|Grimmsnarl, L50, M|\n|poke|p1|Flutter Mane, L50|\n|poke|p1|Chi-Yu, L50|\n|poke|p1|Flamigo, L50, F|\n|poke|p1|Farigiraf, L50, F|\n|poke|p1|Kingambit, L50, F|\n|poke|p2|Annihilape, L50, M|\n|poke|p2|Dragonite, L50, F|\n|poke|p2|Arcanine, L50, M|\n|poke|p2|Grimmsnarl, L50, M|\n|poke|p2|Maushold-Four, L50|\n|poke|p2|Oranguru, L50, F|\n|teampreview|4\n|inactive|Battle timer is ON: inactive players will automatically lose when time's up. (requested by khanh1910)\n|inactive|voracious reader has 60 seconds left.\n|\n|t:|1683573475\n|start\n|switch|p1a: Grimmsnarl|Grimmsnarl, L50, M|100\/100\n|switch|p1b: Flutter Mane|Flutter Mane, L50|100\/100\n|switch|p2a: Dragonite|Dragonite, L50, F|100\/100\n|switch|p2b: Arcanine|Arcanine, L50, M|100\/100\n|-ability|p2b: Arcanine|Intimidate|boost\n|-unboost|p1a: Grimmsnarl|atk|1\n|-unboost|p1b: Flutter Mane|atk|1\n|turn|1\n|\n|t:|1683573492\n|-terastallize|p2a: Dragonite|Normal\n|move|p1a: Grimmsnarl|Thunder Wave|p2b: Arcanine\n|-status|p2b: Arcanine|par\n|move|p1b: Flutter Mane|Hex|p2b: Arcanine\n|-damage|p2b: Arcanine|10\/100 par\n|-damage|p1b: Flutter Mane|90\/100|[from] item: Life Orb\n|move|p2a: Dragonite|Dragon Dance|p2a: Dragonite\n|-boost|p2a: Dragonite|atk|1\n|-boost|p2a: Dragonite|spe|1\n|cant|p2b: Arcanine|par\n|\n|upkeep\n|turn|2\n|inactive|khanh1910 has 30 seconds left.\n|\n|t:|1683573518\n|move|p2b: Arcanine|Protect|p2b: Arcanine\n|-singleturn|p2b: Arcanine|Protect\n|move|p2a: Dragonite|Extreme Speed|p1a: Grimmsnarl\n|-damage|p1a: Grimmsnarl|11\/100\n|-enditem|p1a: Grimmsnarl|Red Card|[of] p2a: Dragonite\n|drag|p2a: Maushold|Maushold-Four, L50|100\/100\n|move|p1a: Grimmsnarl|Parting Shot|p2a: Maushold\n|-unboost|p2a: Maushold|atk|1\n|-unboost|p2a: Maushold|spa|1\n|\n|t:|1683573528\n|switch|p1a: Farigiraf|Farigiraf, L50, F|100\/100|[from] Parting Shot\n|move|p1b: Flutter Mane|Hex|p2b: Arcanine\n|-activate|p2b: Arcanine|move: Protect\n|\n|upkeep\n|turn|3\n|inactive|khanh1910 has 30 seconds left.\n|\n|t:|1683573559\n|-terastallize|p1a: Farigiraf|Normal\n|move|p1b: Flutter Mane|Substitute|p1b: Flutter Mane\n|-start|p1b: Flutter Mane|Substitute\n|-damage|p1b: Flutter Mane|66\/100\n|move|p2a: Maushold|Super Fang|p1a: Farigiraf\n|-damage|p1a: Farigiraf|51\/100\n|move|p1a: Farigiraf|Hyper Voice|p2b: Arcanine|[spread] p2a,p2b\n|-damage|p2a: Maushold|52\/100\n|-damage|p2b: Arcanine|0 fnt\n|faint|p2b: Arcanine\n|\n|upkeep\n|\n|t:|1683573570\n|switch|p2b: Annihilape|Annihilape, L50, M|100\/100\n|turn|4\n|\n|t:|1683573589\n|move|p2b: Annihilape|Final Gambit|p1a: Farigiraf\n|-damage|p1a: Farigiraf|0 fnt\n|faint|p2b: Annihilape\n|faint|p1a: Farigiraf\n|move|p1b: Flutter Mane|Moonblast|p2a: Maushold\n|-damage|p2a: Maushold|0 fnt\n|faint|p2a: Maushold\n|-damage|p1b: Flutter Mane|56\/100|[from] item: Life Orb\n|\n|upkeep\n|\n|t:|1683573598\n|switch|p2b: Dragonite|Dragonite, L50, F, tera:Normal|100\/100\n|switch|p1a: Grimmsnarl|Grimmsnarl, L50, M|11\/100\n|turn|5\n|\n|t:|1683573609\n|move|p2b: Dragonite|Extreme Speed|p1a: Grimmsnarl\n|-damage|p1a: Grimmsnarl|0 fnt\n|faint|p1a: Grimmsnarl\n|move|p1b: Flutter Mane|Moonblast|p2b: Dragonite\n|-damage|p2b: Dragonite|62\/100\n|-damage|p1b: Flutter Mane|46\/100|[from] item: Life Orb\n|\n|upkeep\n|\n|t:|1683573612\n|switch|p1a: Kingambit|Kingambit, L50, F|100\/100\n|turn|6\n|\n|t:|1683573618\n|move|p1b: Flutter Mane|Moonblast|p2b: Dragonite\n|-damage|p2b: Dragonite|0 fnt\n|faint|p2b: Dragonite\n|-damage|p1b: Flutter Mane|36\/100|[from] item: Life Orb\n|\n|win|voracious reader\n|raw|voracious reader's rating: 1078 → 1106<\/strong> (+28 for winning)\n|raw|khanh1910's rating: 1077 → 1056<\/strong> (-21 for losing)\n|l|\u2606khanh1910\n","uploadtime":1683573629,"views":9,"p1id":"voraciousreader","p2id":"khanh1910","formatid":"gen9vgc2023regulationc","rating":1056,"private":0,"password":""}