{"id":"gen9vgc2023regulationc-1851947002","p1":"hysaaron","p2":"UserOmega","format":"[Gen 9] VGC 2023 Regulation C","log":"|j|\u2606hysaaron\n|j|\u2606UserOmega\n|t:|1682509669\n|gametype|doubles\n|player|p1|hysaaron|1|1226\n|player|p2|UserOmega|youngcouple-gen4dp|1322\n|teamsize|p1|6\n|teamsize|p2|6\n|gen|9\n|tier|[Gen 9] VGC 2023 Regulation C\n|rated|\n|rule|Species Clause: Limit one of each Pok\u00e9mon\n|rule|Item Clause: Limit one of each item\n|clearpoke\n|poke|p1|Chien-Pao, L50|\n|poke|p1|Dragonite, L50, M|\n|poke|p1|Palafin, L50, M|\n|poke|p1|Arcanine, L50, F|\n|poke|p1|Amoonguss, L50, F|\n|poke|p1|Ting-Lu, L50|\n|poke|p2|Klefki, L50, F|\n|poke|p2|Tyranitar, L50, M|\n|poke|p2|Ting-Lu, L50|\n|poke|p2|Glimmora, L50, M|\n|poke|p2|Annihilape, L50, M|\n|poke|p2|Scream Tail, L50|\n|teampreview|4\n|inactive|Battle timer is ON: inactive players will automatically lose when time's up. (requested by hysaaron)\n|c|\u2606UserOmega|palence is everywhere\n|c|\u2606UserOmega|tf\n|inactive|hysaaron has 60 seconds left.\n|inactive|UserOmega has 60 seconds left.\n|\n|t:|1682509729\n|start\n|switch|p1a: Palafin|Palafin, L50, M|100\/100\n|switch|p1b: Ting-Lu|Ting-Lu, L50|100\/100\n|switch|p2a: Glimmora|Glimmora, L50, M|100\/100\n|switch|p2b: Annihilape|Annihilape, L50, M|100\/100\n|-ability|p1b: Ting-Lu|Vessel of Ruin\n|turn|1\n|inactive|hysaaron has 30 seconds left.\n|\n|t:|1682509756\n|detailschange|p1a: Palafin|Palafin-Hero, L50, M\n|switch|p1a: Dragonite|Dragonite, L50, M, shiny|100\/100\n|-terastallize|p2a: Glimmora|Grass\n|move|p2a: Glimmora|Mortal Spin|p1b: Ting-Lu|[spread] p1a,p1b\n|-resisted|p1b: Ting-Lu\n|-damage|p1a: Dragonite|98\/100\n|-damage|p1b: Ting-Lu|99\/100\n|-status|p1a: Dragonite|psn\n|-enditem|p1a: Dragonite|Lum Berry|[eat]\n|-curestatus|p1a: Dragonite|psn|[msg]\n|-status|p1b: Ting-Lu|psn\n|move|p2b: Annihilape|Bulk Up|p2b: Annihilape\n|-boost|p2b: Annihilape|atk|1\n|-boost|p2b: Annihilape|def|1\n|move|p1b: Ting-Lu|Stomping Tantrum|p2a: Glimmora\n|-resisted|p2a: Glimmora\n|-damage|p2a: Glimmora|82\/100\n|-activate|p2a: Glimmora|ability: Toxic Debris\n|-sidestart|p1: hysaaron|move: Toxic Spikes\n|-enditem|p2a: Glimmora|Red Card|[of] p1b: Ting-Lu\n|drag|p1b: Palafin|Palafin-Hero, L50, M|100\/100\n|-status|p1b: Palafin|psn\n|-activate|p1b: Palafin|ability: Zero to Hero\n|\n|-damage|p1b: Palafin|88\/100 psn|[from] psn\n|upkeep\n|turn|2\n|inactive|hysaaron has 30 seconds left.\n|inactive|UserOmega has 30 seconds left.\n|inactive|hysaaron has 20 seconds left.\n|inactive|UserOmega has 20 seconds left.\n|inactive|hysaaron has 15 seconds left.\n|inactive|UserOmega has 15 seconds left.\n|\n|t:|1682509800\n|-terastallize|p1a: Dragonite|Flying\n|move|p2a: Glimmora|Energy Ball|p1b: Palafin\n|-supereffective|p1b: Palafin\n|-damage|p1b: Palafin|9\/100 psn\n|move|p1b: Palafin|Haze|p1b: Palafin\n|-clearallboost\n|move|p2b: Annihilape|Rage Fist|p1a: Dragonite\n|-damage|p1a: Dragonite|72\/100\n|move|p1a: Dragonite|Tera Blast|p2b: Annihilape\n|-supereffective|p2b: Annihilape\n|-damage|p2b: Annihilape|0 fnt\n|faint|p2b: Annihilape\n|\n|-damage|p1b: Palafin|0 fnt|[from] psn\n|faint|p1b: Palafin\n|upkeep\n|\n|t:|1682509820\n|switch|p1b: Arcanine|Arcanine, L50, F, shiny|100\/100\n|switch|p2b: Ting-Lu|Ting-Lu, L50|100\/100\n|-status|p1b: Arcanine|psn\n|-ability|p1b: Arcanine|Intimidate|boost\n|-unboost|p2a: Glimmora|atk|1\n|-unboost|p2b: Ting-Lu|atk|1\n|-ability|p2b: Ting-Lu|Vessel of Ruin\n|turn|3\n|inactive|hysaaron has 30 seconds left.\n|inactive|hysaaron has 20 seconds left.\n|inactive|hysaaron has 15 seconds left.\n|\n|t:|1682509863\n|move|p2a: Glimmora|Spiky Shield|p2a: Glimmora\n|-singleturn|p2a: Glimmora|move: Protect\n|move|p1a: Dragonite|Protect|p1a: Dragonite\n|-singleturn|p1a: Dragonite|Protect\n|move|p1b: Arcanine|Flare Blitz|p2a: Glimmora\n|-activate|p2a: Glimmora|move: Protect\n|-damage|p1b: Arcanine|88\/100 psn|[from] Spiky Shield|[of] p2a: Glimmora\n|move|p2b: Ting-Lu|Stone Edge|p1a: Dragonite\n|-activate|p1a: Dragonite|move: Protect\n|\n|-damage|p1b: Arcanine|76\/100 psn|[from] psn\n|upkeep\n|turn|4\n|inactive|hysaaron has 30 seconds left.\n|\n|t:|1682509896\n|move|p2a: Glimmora|Sludge Bomb|p1a: Dragonite\n|-damage|p1a: Dragonite|42\/100\n|move|p1b: Arcanine|Howl|p1b: Arcanine|[spread] p1a,p1b\n|-boost|p1a: Dragonite|atk|1\n|-boost|p1b: Arcanine|atk|1\n|move|p1a: Dragonite|Tera Blast|p2a: Glimmora\n|-supereffective|p2a: Glimmora\n|-damage|p2a: Glimmora|0 fnt\n|-activate|p2a: Glimmora|ability: Toxic Debris\n|-sidestart|p1: hysaaron|move: Toxic Spikes\n|faint|p2a: Glimmora\n|move|p2b: Ting-Lu|Stone Edge|p1a: Dragonite\n|-supereffective|p1a: Dragonite\n|-damage|p1a: Dragonite|1\/100\n|\n|-damage|p1b: Arcanine|64\/100 psn|[from] psn\n|upkeep\n|\n|t:|1682509907\n|switch|p2a: Scream Tail|Scream Tail, L50|100\/100\n|-enditem|p2a: Scream Tail|Booster Energy\n|-activate|p2a: Scream Tail|ability: Protosynthesis|[fromitem]\n|-start|p2a: Scream Tail|protosynthesisspe\n|turn|5\n|inactive|hysaaron has 30 seconds left.\n|inactive|hysaaron has 20 seconds left.\n|inactive|hysaaron has 15 seconds left.\n|\n|t:|1682509947\n|move|p1a: Dragonite|Extreme Speed|p2b: Ting-Lu\n|-damage|p2b: Ting-Lu|76\/100\n|move|p2a: Scream Tail|Psychic Fangs|p1a: Dragonite\n|-damage|p1a: Dragonite|0 fnt\n|faint|p1a: Dragonite\n|move|p1b: Arcanine|Flare Blitz|p2b: Ting-Lu\n|-damage|p2b: Ting-Lu|26\/100\n|-damage|p1b: Arcanine|43\/100 psn|[from] Recoil\n|-enditem|p1b: Arcanine|Sitrus Berry|[eat]\n|-heal|p1b: Arcanine|68\/100 psn|[from] item: Sitrus Berry\n|move|p2b: Ting-Lu|Stomping Tantrum|p1b: Arcanine\n|-supereffective|p1b: Arcanine\n|-damage|p1b: Arcanine|15\/100 psn\n|\n|-damage|p1b: Arcanine|3\/100 psn|[from] psn\n|upkeep\n|\n|t:|1682509964\n|switch|p1a: Ting-Lu|Ting-Lu, L50|99\/100 psn\n|-ability|p1a: Ting-Lu|Vessel of Ruin\n|turn|6\n|l|\u2606UserOmega\n|inactive|UserOmega disconnected and has a minute to reconnect!\n|player|p2|\n|inactive|UserOmega has 30 seconds left.\n|inactive|UserOmega has 20 seconds left.\n|inactive|UserOmega has 15 seconds left.\n|inactive|UserOmega has 10 seconds left.\n|inactive|UserOmega has 5 seconds left.\n|j|\u2606UserOmega\n|inactive|UserOmega reconnected and has 5 seconds left.\n|player|p2|UserOmega|youngcouple-gen4dp\n|\n|t:|1682510019\n|move|p1b: Arcanine|Extreme Speed|p2b: Ting-Lu\n|-damage|p2b: Ting-Lu|7\/100\n|move|p2a: Scream Tail|Howl|p2a: Scream Tail|[spread] p2a,p2b\n|-boost|p2a: Scream Tail|atk|1\n|-boost|p2b: Ting-Lu|atk|1\n|move|p1a: Ting-Lu|Stomping Tantrum|p2b: Ting-Lu\n|-damage|p2b: Ting-Lu|0 fnt\n|faint|p2b: Ting-Lu\n|\n|-damage|p1b: Arcanine|0 fnt|[from] psn\n|faint|p1b: Arcanine\n|-damage|p1a: Ting-Lu|87\/100 psn|[from] psn\n|upkeep\n|turn|7\n|\n|t:|1682510036\n|move|p2a: Scream Tail|Protect|p2a: Scream Tail\n|-singleturn|p2a: Scream Tail|Protect\n|move|p1a: Ting-Lu|Heavy Slam|p2a: Scream Tail\n|-activate|p2a: Scream Tail|move: Protect\n|\n|-damage|p1a: Ting-Lu|75\/100 psn|[from] psn\n|upkeep\n|turn|8\n|inactive|UserOmega has 30 seconds left.\n|inactive|UserOmega has 20 seconds left.\n|inactive|UserOmega has 15 seconds left.\n|\n|t:|1682510081\n|move|p2a: Scream Tail|Play Rough|p1a: Ting-Lu\n|-supereffective|p1a: Ting-Lu\n|-damage|p1a: Ting-Lu|25\/100 psn\n|move|p1a: Ting-Lu|Heavy Slam|p2a: Scream Tail\n|-supereffective|p2a: Scream Tail\n|-crit|p2a: Scream Tail\n|-damage|p2a: Scream Tail|7\/100\n|\n|-damage|p1a: Ting-Lu|13\/100 psn|[from] psn\n|upkeep\n|turn|9\n|c|\u2606hysaaron|gg\n|\n|t:|1682510094\n|move|p2a: Scream Tail|Protect|p2a: Scream Tail\n|-singleturn|p2a: Scream Tail|Protect\n|move|p1a: Ting-Lu|Heavy Slam|p2a: Scream Tail\n|-activate|p2a: Scream Tail|move: Protect\n|\n|-damage|p1a: Ting-Lu|0 fnt|[from] psn\n|faint|p1a: Ting-Lu\n|\n|win|UserOmega\n|upkeep\n|raw|hysaaron's rating: 1226 → 1208<\/strong> (-18 for losing)\n|raw|UserOmega's rating: 1322 → 1337<\/strong> (+15 for winning)\n","uploadtime":1682510097,"views":9,"p1id":"hysaaron","p2id":"useromega","formatid":"gen9vgc2023regulationc","rating":1208,"private":0,"password":""}