{"id":"gen9vgc2023regulationc-1863748030","p1":"ZachuVGC","p2":"godtech946","format":"[Gen 9] VGC 2023 Regulation C","log":"|j|\u2606ZachuVGC\n|j|\u2606godtech946\n|t:|1684071446\n|gametype|doubles\n|player|p1|ZachuVGC|may-masters3|\n|player|p2|godtech946|veteran|\n|teamsize|p1|6\n|teamsize|p2|6\n|gen|9\n|tier|[Gen 9] VGC 2023 Regulation C\n|rated|Tournament battle\n|rule|Species Clause: Limit one of each Pok\u00e9mon\n|rule|Item Clause: Limit one of each item\n|clearpoke\n|poke|p1|Dragonite, L50, M|\n|poke|p1|Great Tusk, L50|\n|poke|p1|Amoonguss, L50, M|\n|poke|p1|Flutter Mane, L50|\n|poke|p1|Chien-Pao, L50|\n|poke|p1|Azumarill, L50, M|\n|poke|p2|Azumarill, L50, F|\n|poke|p2|Dondozo, L50, M|\n|poke|p2|Ting-Lu, L50|\n|poke|p2|Annihilape, L50, F|\n|poke|p2|Dugtrio, L50, M|\n|poke|p2|Gothitelle, L50, M|\n|teampreview|4\n|raw| Open Team Sheet for ZachuVGC<\/summary>Firnen (Dragonite) @ Lum Berry Ability: Multiscale Level: 50 Shiny: Yes Tera Type: Normal - Protect - Extreme Speed - Fire Punch - Roost Nose Collector (Great Tusk) @ Choice Scarf Ability: Protosynthesis Level: 50 Hidden Power: Fighting Tera Type: Fire - Headlong Rush - Earthquake - Close Combat - Rock Slide Ariana Grande (Amoonguss) @ Covert Cloak Ability: Regenerator Level: 50 Tera Type: Water - Protect - Spore - Rage Powder - Pollen Puff Katherine (Flutter Mane) @ Booster Energy Ability: Protosynthesis Level: 50 Tera Type: Fairy - Protect - Moonblast - Shadow Ball - Substitute Tai Lung (Chien-Pao) @ Focus Sash Ability: Sword of Ruin Level: 50 Tera Type: Fairy - Protect - Ice Spinner - Sucker Punch - Sacred Sword Face of Mercy (Azumarill) @ Sitrus Berry Ability: Huge Power Level: 50 Tera Type: Water - Perish Song - Protect - Play Rough - Aqua Jet <\/details><\/div> Open Team Sheet for godtech946<\/summary>Azumarill @ Sitrus Berry Ability: Sap Sipper Level: 50 Tera Type: Ground - Perish Song - Protect - Aqua Jet - Bounce Dondozo @ Assault Vest Ability: Unaware Level: 50 Tera Type: Grass - Fissure - Wave Crash - Avalanche - Body Press Ting-Lu @ Figy Berry Ability: Vessel of Ruin Level: 50 Tera Type: Poison - Fissure - Stomping Tantrum - Protect - Heavy Slam Annihilape @ Choice Scarf Ability: Vital Spirit Level: 50 Tera Type: Fighting - Final Gambit - Close Combat - Phantom Force - U-turn Dugtrio @ Focus Sash Ability: Arena Trap Level: 50 Tera Type: Ground - Fissure - Substitute - Endure - Protect Gothitelle @ Ability Shield Ability: Shadow Tag Level: 50 Tera Type: Ghost - Skill Swap - Fake Out - Protect - Heal Pulse <\/details><\/div>\n|j| Rixhthug\n|j| DNDS\n|j| Yjun\u3010\u541b\u3011\n|\n|t:|1684071509\n|start\n|switch|p1a: Katherine|Flutter Mane, L50|100\/100\n|switch|p1b: Ariana Grande|Amoonguss, L50, M|100\/100\n|switch|p2a: Azumarill|Azumarill, L50, F|100\/100\n|switch|p2b: Gothitelle|Gothitelle, L50, M|100\/100\n|-enditem|p1a: Katherine|Booster Energy\n|-activate|p1a: Katherine|ability: Protosynthesis|[fromitem]\n|-start|p1a: Katherine|protosynthesisspe\n|turn|1\n|c| DNDS|\u88c2\u6b7b\u4ed6\n|\n|t:|1684071543\n|move|p2b: Gothitelle|Fake Out|p1b: Ariana Grande\n|-damage|p1b: Ariana Grande|95\/100\n|move|p1a: Katherine|Shadow Ball|p2b: Gothitelle\n|-supereffective|p2b: Gothitelle\n|-damage|p2b: Gothitelle|27\/100\n|move|p2a: Azumarill|Perish Song|p2a: Azumarill\n|-start|p1a: Katherine|perish3|[silent]\n|-start|p1b: Ariana Grande|perish3|[silent]\n|-start|p2a: Azumarill|perish3|[silent]\n|-start|p2b: Gothitelle|perish3|[silent]\n|-fieldactivate|move: Perish Song\n|move|p1b: Ariana Grande|Spore|p2a: Azumarill\n|-ability|p2a: Azumarill|Sap Sipper|boost\n|-boost|p2a: Azumarill|atk|1\n|\n|-start|p1a: Katherine|perish3\n|-start|p2b: Gothitelle|perish3\n|-start|p2a: Azumarill|perish3\n|-start|p1b: Ariana Grande|perish3\n|upkeep\n|turn|2\n|\n|t:|1684071581\n|-end|p1a: Katherine|Protosynthesis|[silent]\n|switch|p1a: Firnen|Dragonite, L50, M, shiny|100\/100\n|move|p2b: Gothitelle|Protect|p2b: Gothitelle\n|-singleturn|p2b: Gothitelle|Protect\n|move|p2a: Azumarill|Bounce||[still]\n|-prepare|p2a: Azumarill|Bounce\n|move|p1b: Ariana Grande|Pollen Puff|p1a: Firnen\n|-immune|p1a: Firnen\n|\n|-start|p2b: Gothitelle|perish2\n|-start|p2a: Azumarill|perish2\n|-start|p1b: Ariana Grande|perish2\n|upkeep\n|turn|3\n|\n|t:|1684071599\n|-terastallize|p2b: Gothitelle|Ghost\n|move|p1b: Ariana Grande|Protect|p1b: Ariana Grande\n|-singleturn|p1b: Ariana Grande|Protect\n|move|p1a: Firnen|Extreme Speed|p2b: Gothitelle\n|-immune|p2b: Gothitelle\n|move|p2b: Gothitelle|Skill Swap|p2a: Azumarill|[miss]\n|-miss|p2b: Gothitelle|p2a: Azumarill\n|move|p2a: Azumarill|Bounce|p1a: Firnen|[from]lockedmove\n|-damage|p1a: Firnen|92\/100\n|\n|-start|p2b: Gothitelle|perish1\n|-start|p2a: Azumarill|perish1\n|-start|p1b: Ariana Grande|perish1\n|upkeep\n|turn|4\n|\n|t:|1684071621\n|switch|p2a: Ting-Lu|Ting-Lu, L50|100\/100\n|-ability|p2a: Ting-Lu|Vessel of Ruin\n|move|p2b: Gothitelle|Protect|p2b: Gothitelle\n|-singleturn|p2b: Gothitelle|Protect\n|move|p1a: Firnen|Roost|p1a: Firnen\n|-heal|p1a: Firnen|100\/100\n|-singleturn|p1a: Firnen|move: Roost\n|move|p1b: Ariana Grande|Spore|p2a: Ting-Lu\n|-status|p2a: Ting-Lu|slp|[from] move: Spore\n|\n|-start|p2b: Gothitelle|perish0\n|-start|p1b: Ariana Grande|perish0\n|faint|p2b: Gothitelle\n|faint|p1b: Ariana Grande\n|upkeep\n|\n|t:|1684071637\n|switch|p2b: Dondozo|Dondozo, L50, M|100\/100\n|switch|p1b: Tai Lung|Chien-Pao, L50|100\/100\n|-ability|p1b: Tai Lung|Sword of Ruin\n|turn|5\n|\n|t:|1684071669\n|-terastallize|p1b: Tai Lung|Fairy\n|move|p1a: Firnen|Extreme Speed|p2a: Ting-Lu\n|-damage|p2a: Ting-Lu|79\/100 slp\n|move|p1b: Tai Lung|Ice Spinner|p2a: Ting-Lu\n|-supereffective|p2a: Ting-Lu\n|-damage|p2a: Ting-Lu|20\/100 slp\n|-enditem|p2a: Ting-Lu|Figy Berry|[eat]\n|-heal|p2a: Ting-Lu|53\/100 slp|[from] item: Figy Berry\n|cant|p2a: Ting-Lu|slp\n|move|p2b: Dondozo|Fissure|p1b: Tai Lung|[miss]\n|-miss|p2b: Dondozo|p1b: Tai Lung\n|\n|upkeep\n|turn|6\n|c| DNDS|\u6c14\u52bf\u76ae\u5e26\u7684\n|\n|t:|1684071699\n|switch|p2a: Azumarill|Azumarill, L50, F|100\/100\n|move|p1a: Firnen|Extreme Speed|p2a: Azumarill\n|-damage|p2a: Azumarill|62\/100\n|move|p1b: Tai Lung|Ice Spinner|p2a: Azumarill\n|-resisted|p2a: Azumarill\n|-damage|p2a: Azumarill|38\/100\n|-enditem|p2a: Azumarill|Sitrus Berry|[eat]\n|-heal|p2a: Azumarill|62\/100|[from] item: Sitrus Berry\n|move|p2b: Dondozo|Fissure|p1b: Tai Lung|[miss]\n|-miss|p2b: Dondozo|p1b: Tai Lung\n|\n|upkeep\n|turn|7\n|\n|t:|1684071728\n|move|p1a: Firnen|Extreme Speed|p2b: Dondozo\n|-damage|p2b: Dondozo|79\/100\n|move|p1b: Tai Lung|Sucker Punch|p2b: Dondozo\n|-damage|p2b: Dondozo|52\/100\n|move|p2a: Azumarill|Aqua Jet|p1b: Tai Lung\n|-crit|p1b: Tai Lung\n|-damage|p1b: Tai Lung|83\/100\n|move|p2b: Dondozo|Fissure|p1b: Tai Lung|[miss]\n|-miss|p2b: Dondozo|p1b: Tai Lung\n|\n|upkeep\n|turn|8\n|c| Yjun\u3010\u541b\u3011|\u3002\n|\n|t:|1684071768\n|move|p1b: Tai Lung|Protect|p1b: Tai Lung\n|-singleturn|p1b: Tai Lung|Protect\n|move|p2a: Azumarill|Protect|p2a: Azumarill\n|-singleturn|p2a: Azumarill|Protect\n|move|p1a: Firnen|Extreme Speed|p2a: Azumarill\n|-activate|p2a: Azumarill|move: Protect\n|move|p2b: Dondozo|Fissure|p1b: Tai Lung\n|-activate|p1b: Tai Lung|move: Protect\n|\n|upkeep\n|turn|9\n|\n|t:|1684071785\n|move|p1a: Firnen|Extreme Speed|p2a: Azumarill\n|-damage|p2a: Azumarill|28\/100\n|move|p1b: Tai Lung|Ice Spinner|p2a: Azumarill\n|-resisted|p2a: Azumarill\n|-damage|p2a: Azumarill|7\/100\n|move|p2a: Azumarill|Bounce||[still]\n|-prepare|p2a: Azumarill|Bounce\n|move|p2b: Dondozo|Fissure|p1b: Tai Lung|[miss]\n|-miss|p2b: Dondozo|p1b: Tai Lung\n|\n|upkeep\n|turn|10\n|c|\u2606godtech946|\u9019\u904b\u6c23\n|\n|t:|1684071805\n|move|p1b: Tai Lung|Protect|p1b: Tai Lung\n|-singleturn|p1b: Tai Lung|Protect\n|move|p1a: Firnen|Fire Punch|p2b: Dondozo\n|-resisted|p2b: Dondozo\n|-damage|p2b: Dondozo|41\/100\n|move|p2a: Azumarill|Bounce|p1b: Tai Lung|[from]lockedmove\n|-activate|p1b: Tai Lung|move: Protect\n|move|p2b: Dondozo|Fissure|p1b: Tai Lung\n|-activate|p1b: Tai Lung|move: Protect\n|\n|upkeep\n|turn|11\n|\n|t:|1684071821\n|move|p2a: Azumarill|Protect|p2a: Azumarill\n|-singleturn|p2a: Azumarill|Protect\n|move|p1b: Tai Lung|Sucker Punch|p2b: Dondozo\n|-damage|p2b: Dondozo|14\/100\n|move|p1a: Firnen|Fire Punch|p2a: Azumarill\n|-activate|p2a: Azumarill|move: Protect\n|move|p2b: Dondozo|Fissure|p1b: Tai Lung|[miss]\n|-miss|p2b: Dondozo|p1b: Tai Lung\n|\n|upkeep\n|turn|12\n|l| DNDS\n|\n|t:|1684071840\n|move|p2a: Azumarill|Protect|p2a: Azumarill\n|-singleturn|p2a: Azumarill|Protect\n|move|p1b: Tai Lung|Sacred Sword|p2b: Dondozo\n|-damage|p2b: Dondozo|0 fnt\n|faint|p2b: Dondozo\n|move|p1a: Firnen|Fire Punch|p2a: Azumarill\n|-activate|p2a: Azumarill|move: Protect\n|\n|upkeep\n|\n|t:|1684071849\n|switch|p2b: Ting-Lu|Ting-Lu, L50|53\/100 slp\n|-ability|p2b: Ting-Lu|Vessel of Ruin\n|turn|13\n|\n|t:|1684071866\n|move|p2a: Azumarill|Aqua Jet|p1a: Firnen\n|-resisted|p1a: Firnen\n|-damage|p1a: Firnen|98\/100\n|move|p1b: Tai Lung|Ice Spinner|p2b: Ting-Lu\n|-supereffective|p2b: Ting-Lu\n|-damage|p2b: Ting-Lu|0 fnt\n|faint|p2b: Ting-Lu\n|move|p1a: Firnen|Fire Punch|p2a: Azumarill\n|-resisted|p2a: Azumarill\n|-damage|p2a: Azumarill|0 fnt\n|faint|p2a: Azumarill\n|\n|win|ZachuVGC\n|n|\u2606ZachuVGC|zachuvgc\n|n|\u2606godtech946|godtech946\n|n| Rixhthug|rixhthug\n|n| Yjun\u3010\u541b\u3011|yjun\n|l|\u2606godtech946\n|l| Yjun\u3010\u541b\u3011\n|c|\u2606ZachuVGC|...\n|j| DNDS\n|n| DNDS|dnds\n|l| DNDS\n|l| Rixhthug\n","uploadtime":1684073366,"views":12,"p1id":"zachuvgc","p2id":"godtech946","formatid":"gen9vgc2023regulationc","rating":0,"private":0,"password":""}