{"id":"gen9vgc2023regulationc-1863347843","p1":"ardiestheparty","p2":"JayHaro","format":"[Gen 9] VGC 2023 Regulation C","log":"|j|\u2606ardiestheparty\n|j|\u2606JayHaro\n|t:|1684005522\n|gametype|doubles\n|player|p1|ardiestheparty|beauty-gen4dp|1119\n|player|p2|JayHaro|265|1000\n|teamsize|p1|6\n|teamsize|p2|6\n|gen|9\n|tier|[Gen 9] VGC 2023 Regulation C\n|rated|\n|rule|Species Clause: Limit one of each Pok\u00e9mon\n|rule|Item Clause: Limit one of each item\n|clearpoke\n|poke|p1|Baxcalibur, L50, M|\n|poke|p1|Mimikyu, L50, F|\n|poke|p1|Glimmora, L50, M|\n|poke|p1|Murkrow, L50, F|\n|poke|p1|Tyranitar, L50, F|\n|poke|p1|Amoonguss, L50, M|\n|poke|p2|Dondozo, L50, M|\n|poke|p2|Tatsugiri-Droopy, L50, F|\n|poke|p2|Pelipper, L50, F|\n|poke|p2|Drednaw, L50, M|\n|poke|p2|Dragonite, L50, M|\n|poke|p2|Chien-Pao, L50|\n|teampreview|4\n|inactive|Battle timer is ON: inactive players will automatically lose when time's up. (requested by JayHaro)\n|\n|t:|1684005585\n|start\n|switch|p1a: The Hat Man|Murkrow, L50, F|100\/100\n|switch|p1b: Benadryl|Glimmora, L50, M|100\/100\n|switch|p2a: Pelipper|Pelipper, L50, F|100\/100\n|switch|p2b: Tatsugiri|Tatsugiri-Droopy, L50, F, shiny|100\/100\n|-weather|RainDance|[from] ability: Drizzle|[of] p2a: Pelipper\n|turn|1\n|\n|t:|1684005606\n|move|p2a: Pelipper|Protect|p2a: Pelipper\n|-singleturn|p2a: Pelipper|Protect\n|move|p1a: The Hat Man|Taunt|p2a: Pelipper\n|-activate|p2a: Pelipper|move: Protect\n|move|p2b: Tatsugiri|Muddy Water|p1a: The Hat Man|[spread] p1b\n|-miss|p2b: Tatsugiri|p1a: The Hat Man\n|-supereffective|p1b: Benadryl\n|-damage|p1b: Benadryl|26\/100\n|-unboost|p1b: Benadryl|accuracy|1\n|move|p1b: Benadryl|Mortal Spin|p2a: Pelipper|[spread] p2b\n|-activate|p2a: Pelipper|move: Protect\n|-damage|p2b: Tatsugiri|91\/100\n|-status|p2b: Tatsugiri|psn\n|\n|-weather|RainDance|[upkeep]\n|-damage|p2b: Tatsugiri|79\/100 psn|[from] psn\n|upkeep\n|turn|2\n|inactive|ardiestheparty has 30 seconds left.\n|\n|t:|1684005638\n|move|p1a: The Hat Man|Tailwind|p1a: The Hat Man\n|-sidestart|p1: ardiestheparty|move: Tailwind\n|move|p1b: Benadryl|Power Gem|p2a: Pelipper|[miss]\n|-miss|p1b: Benadryl|p2a: Pelipper\n|move|p2b: Tatsugiri|Muddy Water|p1b: Benadryl|[spread] p1a,p1b\n|-supereffective|p1b: Benadryl\n|-damage|p1a: The Hat Man|60\/100\n|-damage|p1b: Benadryl|0 fnt\n|faint|p1b: Benadryl\n|move|p2a: Pelipper|Hydro Pump|p1a: The Hat Man|[miss]\n|-miss|p2a: Pelipper|p1a: The Hat Man\n|\n|-weather|RainDance|[upkeep]\n|-damage|p2b: Tatsugiri|66\/100 psn|[from] psn\n|upkeep\n|inactive|ardiestheparty has 30 seconds left.\n|\n|t:|1684005667\n|switch|p1b: AAAAAAAAA|Amoonguss, L50, M|100\/100\n|turn|3\n|inactive|ardiestheparty has 30 seconds left.\n|\n|t:|1684005694\n|-terastallize|p1b: AAAAAAAAA|Water\n|move|p1b: AAAAAAAAA|Rage Powder|p1b: AAAAAAAAA\n|-singleturn|p1b: AAAAAAAAA|move: Rage Powder\n|move|p1a: The Hat Man|Taunt|p2a: Pelipper\n|-start|p2a: Pelipper|move: Taunt\n|move|p2b: Tatsugiri|Muddy Water|p1a: The Hat Man|[spread] p1a\n|-miss|p2b: Tatsugiri|p1b: AAAAAAAAA\n|-damage|p1a: The Hat Man|15\/100\n|-unboost|p1a: The Hat Man|accuracy|1\n|move|p2a: Pelipper|Hurricane|p1b: AAAAAAAAA\n|-damage|p1b: AAAAAAAAA|65\/100\n|-start|p1b: AAAAAAAAA|confusion\n|\n|-weather|RainDance|[upkeep]\n|-damage|p2b: Tatsugiri|54\/100 psn|[from] psn\n|upkeep\n|turn|4\n|\n|t:|1684005718\n|move|p1a: The Hat Man|Brave Bird|p2b: Tatsugiri\n|-damage|p2b: Tatsugiri|0 fnt\n|faint|p2b: Tatsugiri\n|-damage|p1a: The Hat Man|0 fnt|[from] Recoil\n|faint|p1a: The Hat Man\n|-activate|p1b: AAAAAAAAA|confusion\n|move|p1b: AAAAAAAAA|Spore|p2a: Pelipper\n|-status|p2a: Pelipper|slp|[from] move: Spore\n|cant|p2a: Pelipper|slp\n|\n|-weather|RainDance|[upkeep]\n|upkeep\n|\n|t:|1684005734\n|switch|p2b: Dragonite|Dragonite, L50, M|100\/100\n|switch|p1a: Trophy Wife|Mimikyu, L50, F|100\/100\n|turn|5\n|inactive|ardiestheparty has 30 seconds left.\n|\n|t:|1684005768\n|switch|p2a: Dondozo|Dondozo, L50, M|100\/100\n|move|p1a: Trophy Wife|Swords Dance|p1a: Trophy Wife\n|-boost|p1a: Trophy Wife|atk|2\n|move|p2b: Dragonite|Thunder Punch|p1a: Trophy Wife\n|-activate|p1a: Trophy Wife|ability: Disguise\n|-damage|p1a: Trophy Wife|100\/100\n|detailschange|p1a: Trophy Wife|Mimikyu-Busted, L50, F\n|-damage|p1a: Trophy Wife|88\/100|[from] pokemon: Mimikyu-Busted\n|-activate|p1b: AAAAAAAAA|confusion\n|move|p1b: AAAAAAAAA|Spore|p2b: Dragonite\n|-status|p2b: Dragonite|slp|[from] move: Spore\n|-enditem|p2b: Dragonite|Lum Berry|[eat]\n|-curestatus|p2b: Dragonite|slp|[msg]\n|\n|-weather|RainDance|[upkeep]\n|-sideend|p1: ardiestheparty|move: Tailwind\n|upkeep\n|turn|6\n|inactive|ardiestheparty has 30 seconds left.\n|inactive|JayHaro has 30 seconds left.\n|\n|t:|1684005796\n|move|p1a: Trophy Wife|Play Rough|p2b: Dragonite\n|-supereffective|p2b: Dragonite\n|-crit|p2b: Dragonite\n|-damage|p2b: Dragonite|0 fnt\n|faint|p2b: Dragonite\n|-damage|p1a: Trophy Wife|78\/100|[from] item: Life Orb\n|move|p2a: Dondozo|Wave Crash|p1a: Trophy Wife\n|-damage|p1a: Trophy Wife|0 fnt\n|faint|p1a: Trophy Wife\n|-damage|p2a: Dondozo|86\/100|[from] Recoil\n|-damage|p2a: Dondozo|76\/100|[from] item: Life Orb\n|-end|p1b: AAAAAAAAA|confusion\n|move|p1b: AAAAAAAAA|Spore|p2a: Dondozo\n|-status|p2a: Dondozo|slp|[from] move: Spore\n|\n|-weather|RainDance|[upkeep]\n|upkeep\n|\n|t:|1684005815\n|switch|p2b: Pelipper|Pelipper, L50, F|100\/100 slp\n|turn|7\n|\n|t:|1684005825\n|cant|p2a: Dondozo|slp\n|cant|p2b: Pelipper|slp\n|move|p1b: AAAAAAAAA|Pollen Puff|p2a: Dondozo\n|-damage|p2a: Dondozo|56\/100 slp\n|\n|-weather|RainDance|[upkeep]\n|upkeep\n|turn|8\n|\n|t:|1684005839\n|cant|p2a: Dondozo|slp\n|cant|p2b: Pelipper|slp\n|move|p1b: AAAAAAAAA|Pollen Puff|p2a: Dondozo\n|-damage|p2a: Dondozo|35\/100 slp\n|\n|-weather|none\n|upkeep\n|turn|9\n|\n|t:|1684005851\n|cant|p2a: Dondozo|slp\n|-curestatus|p2b: Pelipper|slp|[msg]\n|move|p2b: Pelipper|Hurricane|p1b: AAAAAAAAA\n|-damage|p1b: AAAAAAAAA|31\/100\n|-enditem|p1b: AAAAAAAAA|Sitrus Berry|[eat]\n|-heal|p1b: AAAAAAAAA|56\/100|[from] item: Sitrus Berry\n|move|p1b: AAAAAAAAA|Pollen Puff|p2a: Dondozo\n|-damage|p2a: Dondozo|16\/100 slp\n|\n|upkeep\n|turn|10\n|\n|t:|1684005869\n|-curestatus|p2a: Dondozo|slp|[msg]\n|move|p2a: Dondozo|Wave Crash|p1b: AAAAAAAAA\n|-resisted|p1b: AAAAAAAAA\n|-damage|p1b: AAAAAAAAA|29\/100\n|-damage|p2a: Dondozo|8\/100|[from] Recoil\n|-damage|p2a: Dondozo|0 fnt|[from] item: Life Orb\n|faint|p2a: Dondozo\n|move|p2b: Pelipper|Hurricane|p1b: AAAAAAAAA\n|-crit|p1b: AAAAAAAAA\n|-damage|p1b: AAAAAAAAA|0 fnt\n|faint|p1b: AAAAAAAAA\n|\n|win|JayHaro\n|raw|ardiestheparty's rating: 1119 → 1086<\/strong> (-33 for losing)\n|raw|JayHaro's rating: 1000 → 1053<\/strong> (+53 for winning)\n|l|\u2606ardiestheparty\n|l|\u2606JayHaro\n|j|\u2606JayHaro\n|player|p2|JayHaro|265\n|l|\u2606JayHaro\n|player|p2|\n|j|\u2606JayHaro\n|player|p2|JayHaro|265\n","uploadtime":1684005893,"views":13,"p1id":"ardiestheparty","p2id":"jayharo","formatid":"gen9vgc2023regulationc","rating":1053,"private":0,"password":""}