{"id":"gen9vgc2023regulationc-1852882154","p1":"N8zaGr8","p2":"BIGMETAGROSSFAN","format":"[Gen 9] VGC 2023 Regulation C","log":"|j|\u2606N8zaGr8\n|j|\u2606BIGMETAGROSSFAN\n|t:|1682614188\n|gametype|doubles\n|player|p1|N8zaGr8|cynthia-gen4|\n|player|p2|BIGMETAGROSSFAN|170|\n|teamsize|p1|6\n|teamsize|p2|6\n|gen|9\n|tier|[Gen 9] VGC 2023 Regulation C\n|rated|Tournament battle\n|rule|Species Clause: Limit one of each Pok\u00e9mon\n|rule|Item Clause: Limit one of each item\n|clearpoke\n|poke|p1|Iron Bundle, L50|\n|poke|p1|Ting-Lu, L50|\n|poke|p1|Amoonguss, L50, F|\n|poke|p1|Bronzong, L50|\n|poke|p1|Ceruledge, L50, M|\n|poke|p1|Staraptor, L50, M|\n|poke|p2|Palafin, L50, M|\n|poke|p2|Arcanine, L50, F|\n|poke|p2|Amoonguss, L50, F|\n|poke|p2|Kingambit, L50, F|\n|poke|p2|Flutter Mane, L50|\n|poke|p2|Dragonite, L50, M|\n|teampreview|4\nN8zaGr8 has agreed to open team sheets.\nBIGMETAGROSSFAN has agreed to open team sheets.\n|j| imtehnub\n|\n|t:|1682614251\n|start\n|switch|p1a: Friend|Amoonguss, L50, F|100\/100\n|switch|p1b: dong|Bronzong, L50|100\/100\n|switch|p2a: Arcanine|Arcanine, L50, F|100\/100\n|switch|p2b: Kingambit|Kingambit, L50, F|100\/100\n|-ability|p2a: Arcanine|Intimidate|boost\n|-unboost|p1a: Friend|atk|1\n|-unboost|p1b: dong|atk|1\n|turn|1\n|\n|t:|1682614319\n|-terastallize|p1b: dong|Water\n|move|p2b: Kingambit|Protect|p2b: Kingambit\n|-singleturn|p2b: Kingambit|Protect\n|move|p1a: Friend|Rage Powder|p1a: Friend\n|-singleturn|p1a: Friend|move: Rage Powder\n|move|p2a: Arcanine|Howl|p2a: Arcanine|[spread] p2a,p2b\n|-boost|p2a: Arcanine|atk|1\n|-boost|p2b: Kingambit|atk|1\n|move|p1b: dong|Iron Defense|p1b: dong\n|-boost|p1b: dong|def|2\n|\n|upkeep\n|turn|2\n|\n|t:|1682614346\n|-terastallize|p2b: Kingambit|Dark\n|move|p1a: Friend|Protect|p1a: Friend\n|-singleturn|p1a: Friend|Protect\n|move|p2a: Arcanine|Howl|p2a: Arcanine|[spread] p2a,p2b\n|-boost|p2a: Arcanine|atk|1\n|-boost|p2b: Kingambit|atk|1\n|move|p2b: Kingambit|Kowtow Cleave|p1b: dong\n|-damage|p1b: dong|42\/100\n|move|p1b: dong|Body Press|p2b: Kingambit\n|-supereffective|p2b: Kingambit\n|-damage|p2b: Kingambit|30\/100\n|\n|upkeep\n|turn|3\n|\n|t:|1682614365\n|move|p1a: Friend|Rage Powder|p1a: Friend\n|-singleturn|p1a: Friend|move: Rage Powder\n|move|p2a: Arcanine|Flare Blitz|p1a: Friend\n|-supereffective|p1a: Friend\n|-damage|p1a: Friend|0 fnt\n|faint|p1a: Friend\n|-damage|p2a: Arcanine|65\/100|[from] Recoil\n|move|p2b: Kingambit|Kowtow Cleave|p1b: dong\n|-damage|p1b: dong|0 fnt\n|faint|p1b: dong\n|\n|upkeep\n|\n|t:|1682614370\n|switch|p1b: Swords? IDK|Ceruledge, L50, M|100\/100\n|switch|p1a: Fearful Leader|Iron Bundle, L50|100\/100\n|-enditem|p1a: Fearful Leader|Booster Energy\n|-activate|p1a: Fearful Leader|ability: Quark Drive|[fromitem]\n|-start|p1a: Fearful Leader|quarkdrivespe\n|turn|4\n|\n|t:|1682614406\n|switch|p2b: Palafin|Palafin, L50, M|100\/100\n|move|p1b: Swords? IDK|Protect|p1b: Swords? IDK\n|-singleturn|p1b: Swords? IDK|Protect\n|move|p2a: Arcanine|Extreme Speed|p1a: Fearful Leader\n|-damage|p1a: Fearful Leader|58\/100\n|move|p1a: Fearful Leader|Hydro Pump|p2a: Arcanine\n|-supereffective|p2a: Arcanine\n|-damage|p2a: Arcanine|0 fnt\n|faint|p2a: Arcanine\n|\n|upkeep\n|\n|t:|1682614438\n|switch|p2a: Amoonguss|Amoonguss, L50, F|100\/100\n|turn|5\n|\n|t:|1682614446\n|detailschange|p2b: Palafin|Palafin-Hero, L50, M\n|switch|p2b: Kingambit|Kingambit, L50, F, tera:Dark|30\/100\n|move|p2a: Amoonguss|Protect|p2a: Amoonguss\n|-singleturn|p2a: Amoonguss|Protect\n|move|p1a: Fearful Leader|Freeze-Dry|p2b: Kingambit\n|-damage|p2b: Kingambit|0 fnt\n|faint|p2b: Kingambit\n|move|p1b: Swords? IDK|Bitter Blade|p2a: Amoonguss\n|-activate|p2a: Amoonguss|move: Protect\n|\n|upkeep\n|\n|t:|1682614455\n|switch|p2b: Palafin|Palafin-Hero, L50, M|100\/100\n|-activate|p2b: Palafin|ability: Zero to Hero\n|turn|6\n|\n|t:|1682614495\n|move|p2a: Amoonguss|Rage Powder|p2a: Amoonguss\n|-singleturn|p2a: Amoonguss|move: Rage Powder\n|move|p1a: Fearful Leader|Freeze-Dry|p2a: Amoonguss\n|-supereffective|p2a: Amoonguss\n|-damage|p2a: Amoonguss|41\/100\n|-enditem|p2a: Amoonguss|Sitrus Berry|[eat]\n|-heal|p2a: Amoonguss|66\/100|[from] item: Sitrus Berry\n|move|p2b: Palafin|Wave Crash|p1a: Fearful Leader\n|-resisted|p1a: Fearful Leader\n|-damage|p1a: Fearful Leader|4\/100\n|-damage|p2b: Palafin|88\/100|[from] Recoil\n|move|p1b: Swords? IDK|Bitter Blade|p2a: Amoonguss\n|-supereffective|p2a: Amoonguss\n|-damage|p2a: Amoonguss|0 fnt\n|faint|p2a: Amoonguss\n|\n|upkeep\n|turn|7\n|\n|t:|1682614515\n|move|p1a: Fearful Leader|Protect|p1a: Fearful Leader\n|-singleturn|p1a: Fearful Leader|Protect\n|move|p2b: Palafin|Jet Punch|p1a: Fearful Leader\n|-activate|p1a: Fearful Leader|move: Protect\n|move|p1b: Swords? IDK|Bitter Blade|p2b: Palafin\n|-resisted|p2b: Palafin\n|-damage|p2b: Palafin|65\/100\n|\n|upkeep\n|turn|8\n|\n|t:|1682614535\n|move|p1a: Fearful Leader|Protect|p1a: Fearful Leader\n|-singleturn|p1a: Fearful Leader|Protect\n|move|p2b: Palafin|Jet Punch|p1a: Fearful Leader\n|-activate|p1a: Fearful Leader|move: Protect\n|move|p1b: Swords? IDK|Bitter Blade|p2b: Palafin\n|-resisted|p2b: Palafin\n|-damage|p2b: Palafin|42\/100\n|\n|upkeep\n|turn|9\n|\n|t:|1682614546\n|move|p2b: Palafin|Jet Punch|p1a: Fearful Leader\n|-resisted|p1a: Fearful Leader\n|-damage|p1a: Fearful Leader|0 fnt\n|faint|p1a: Fearful Leader\n|-end|p1a: Fearful Leader|Quark Drive|[silent]\n|move|p1b: Swords? IDK|Shadow Sneak|p2b: Palafin\n|-damage|p2b: Palafin|21\/100\n|\n|upkeep\n|turn|10\n|\n|t:|1682614561\n|move|p1b: Swords? IDK|Shadow Sneak|p2b: Palafin\n|-damage|p2b: Palafin|0 fnt\n|faint|p2b: Palafin\n|\n|win|N8zaGr8\n|n|\u2606N8zaGr8|n8zagr8\n|n|\u2606BIGMETAGROSSFAN|bigmetagrossfan\n|n| imtehnub|imtehnub\n|l| imtehnub\n","uploadtime":1682614575,"views":9,"p1id":"n8zagr8","p2id":"bigmetagrossfan","formatid":"gen9vgc2023regulationc","rating":0,"private":0,"password":""}