{"id":"gen9vgc2023regulationc-1848153827","p1":"dunsparcedingo","p2":"Zerostalfos","format":"[Gen 9] VGC 2023 Regulation C","log":"|j|\u2606dunsparcedingo\n|j|\u2606Zerostalfos\n|t:|1682036037\n|gametype|doubles\n|player|p1|dunsparcedingo|zinnia|1122\n|player|p2|Zerostalfos|2|1084\n|teamsize|p1|6\n|teamsize|p2|6\n|gen|9\n|tier|[Gen 9] VGC 2023 Regulation C\n|rated|\n|rule|Species Clause: Limit one of each Pok\u00e9mon\n|rule|Item Clause: Limit one of each item\n|clearpoke\n|poke|p1|Torkoal, L50, M|\n|poke|p1|Jumpluff, L50, F|\n|poke|p1|Chi-Yu, L50|\n|poke|p1|Flutter Mane, L50|\n|poke|p1|Iron Bundle, L50|\n|poke|p1|Slither Wing, L50|\n|poke|p2|Kingambit, L50, M|\n|poke|p2|Garchomp, L50, F|\n|poke|p2|Hatterene, L50, F|\n|poke|p2|Armarouge, L50, F|\n|poke|p2|Maushold-Four, L50|\n|poke|p2|Annihilape, L50, F|\n|teampreview|4\ndunsparcedingo has agreed to open team sheets.\n|\n|t:|1682036088\n|start\n|switch|p1a: Flutter Mane|Flutter Mane, L50|100\/100\n|switch|p1b: Torkoal|Torkoal, L50, M|100\/100\n|switch|p2a: Hatterene|Hatterene, L50, F, shiny|100\/100\n|switch|p2b: Kingambit|Kingambit, L50, M|100\/100\n|-weather|SunnyDay|[from] ability: Drought|[of] p1b: Torkoal\n|-activate|p1a: Flutter Mane|ability: Protosynthesis\n|-start|p1a: Flutter Mane|protosynthesisspe\n|turn|1\n|\n|t:|1682036119\n|-terastallize|p1a: Flutter Mane|Water\n|move|p1a: Flutter Mane|Shadow Ball|p2a: Hatterene\n|-supereffective|p2a: Hatterene\n|-damage|p2a: Hatterene|0 fnt\n|faint|p2a: Hatterene\n|move|p2b: Kingambit|Swords Dance|p2b: Kingambit\n|-boost|p2b: Kingambit|atk|2\n|move|p1b: Torkoal|Will-O-Wisp|p2b: Kingambit\n|-status|p2b: Kingambit|brn\n|\n|-weather|SunnyDay|[upkeep]\n|-damage|p2b: Kingambit|95\/100 brn|[from] brn\n|upkeep\n|\n|t:|1682036135\n|switch|p2a: Garchomp|Garchomp, L50, F|100\/100\n|turn|2\n|\n|t:|1682036147\n|-end|p1a: Flutter Mane|Protosynthesis|[silent]\n|switch|p1a: Jumpluff|Jumpluff, L50, F|100\/100\n|-terastallize|p2b: Kingambit|Flying\n|move|p2b: Kingambit|Sucker Punch||[still]\n|-fail|p2b: Kingambit\n|move|p2a: Garchomp|Earthquake|p1a: Jumpluff|[spread] p1b\n|-immune|p2b: Kingambit\n|-immune|p1a: Jumpluff\n|-supereffective|p1b: Torkoal\n|-damage|p1b: Torkoal|31\/100\n|-damage|p2a: Garchomp|91\/100|[from] item: Life Orb\n|move|p1b: Torkoal|Will-O-Wisp|p2a: Garchomp\n|-status|p2a: Garchomp|brn\n|\n|-weather|SunnyDay|[upkeep]\n|-heal|p1b: Torkoal|37\/100|[from] item: Leftovers\n|-damage|p2a: Garchomp|85\/100 brn|[from] brn\n|-damage|p2b: Kingambit|89\/100 brn|[from] brn\n|upkeep\n|turn|3\n|\n|t:|1682036191\n|move|p1a: Jumpluff|Pollen Puff|p1b: Torkoal\n|-heal|p1b: Torkoal|87\/100\n|move|p2a: Garchomp|Earthquake|p1b: Torkoal|[spread] p1b\n|-immune|p2b: Kingambit\n|-immune|p1a: Jumpluff\n|-supereffective|p1b: Torkoal\n|-damage|p1b: Torkoal|50\/100\n|-damage|p2a: Garchomp|75\/100 brn|[from] item: Life Orb\n|move|p2b: Kingambit|Tera Blast|p1a: Jumpluff\n|-supereffective|p1a: Jumpluff\n|-enditem|p1a: Jumpluff|Focus Sash\n|-damage|p1a: Jumpluff|1\/100\n|move|p1b: Torkoal|Overheat|p2b: Kingambit\n|-damage|p2b: Kingambit|35\/100 brn\n|-unboost|p1b: Torkoal|spa|2\n|\n|-weather|SunnyDay|[upkeep]\n|-heal|p1b: Torkoal|56\/100|[from] item: Leftovers\n|-damage|p2a: Garchomp|69\/100 brn|[from] brn\n|-damage|p2b: Kingambit|29\/100 brn|[from] brn\n|upkeep\n|turn|4\n|\n|t:|1682036248\n|move|p2b: Kingambit|Sucker Punch|p1b: Torkoal\n|-damage|p1b: Torkoal|28\/100\n|move|p1a: Jumpluff|Tailwind|p1a: Jumpluff\n|-sidestart|p1: dunsparcedingo|move: Tailwind\n|move|p2a: Garchomp|Rock Slide|p1b: Torkoal|[spread] p1a,p1b\n|-supereffective|p1a: Jumpluff\n|-supereffective|p1b: Torkoal\n|-damage|p1a: Jumpluff|0 fnt\n|-damage|p1b: Torkoal|9\/100\n|faint|p1a: Jumpluff\n|-damage|p2a: Garchomp|59\/100 brn|[from] item: Life Orb\n|move|p1b: Torkoal|Overheat|p2b: Kingambit\n|-damage|p2b: Kingambit|3\/100 brn\n|-unboost|p1b: Torkoal|spa|2\n|\n|-weather|SunnyDay|[upkeep]\n|-heal|p1b: Torkoal|15\/100|[from] item: Leftovers\n|-damage|p2a: Garchomp|53\/100 brn|[from] brn\n|-damage|p2b: Kingambit|0 fnt|[from] brn\n|faint|p2b: Kingambit\n|upkeep\n|\n|t:|1682036268\n|switch|p1a: Flutter Mane|Flutter Mane, L50, tera:Water|100\/100\n|switch|p2b: Armarouge|Armarouge, L50, F|100\/100\n|-activate|p1a: Flutter Mane|ability: Protosynthesis\n|-start|p1a: Flutter Mane|protosynthesisspe\n|turn|5\n|\n|t:|1682036304\n|move|p1b: Torkoal|Helping Hand|p1a: Flutter Mane\n|-singleturn|p1a: Flutter Mane|Helping Hand|[of] p1b: Torkoal\n|move|p1a: Flutter Mane|Dazzling Gleam|p2b: Armarouge|[spread] p2a,p2b\n|-supereffective|p2a: Garchomp\n|-crit|p2a: Garchomp\n|-resisted|p2b: Armarouge\n|-damage|p2a: Garchomp|0 fnt\n|-damage|p2b: Armarouge|61\/100\n|faint|p2a: Garchomp\n|move|p2b: Armarouge|Armor Cannon|p1a: Flutter Mane\n|-resisted|p1a: Flutter Mane\n|-damage|p1a: Flutter Mane|30\/100\n|-unboost|p2b: Armarouge|def|1\n|-unboost|p2b: Armarouge|spd|1\n|\n|-weather|none\n|-end|p1a: Flutter Mane|Protosynthesis\n|-heal|p1b: Torkoal|21\/100|[from] item: Leftovers\n|upkeep\n|turn|6\n|\n|t:|1682036320\n|move|p1b: Torkoal|Helping Hand|p1a: Flutter Mane\n|-singleturn|p1a: Flutter Mane|Helping Hand|[of] p1b: Torkoal\n|move|p1a: Flutter Mane|Dazzling Gleam|p2b: Armarouge\n|-resisted|p2b: Armarouge\n|-damage|p2b: Armarouge|0 fnt\n|faint|p2b: Armarouge\n|\n|win|dunsparcedingo\n|raw|dunsparcedingo's rating: 1122 → 1144<\/strong> (+22 for winning)\n|raw|Zerostalfos's rating: 1084 → 1064<\/strong> (-20 for losing)\n|l|\u2606Zerostalfos\n","uploadtime":1682036330,"views":12,"p1id":"dunsparcedingo","p2id":"zerostalfos","formatid":"gen9vgc2023regulationc","rating":1064,"private":0,"password":""}