{"id":"gen9vgc2023regulationc-1845924640","p1":"pkmnwoo","p2":"addyson789","format":"[Gen 9] VGC 2023 Regulation C","log":"|j|\u2606pkmnwoo\n|j|\u2606addyson789\n|t:|1681779875\n|gametype|doubles\n|player|p1|pkmnwoo|battlegirl-gen4|1319\n|player|p2|addyson789|ninjaboy|1268\n|teamsize|p1|6\n|teamsize|p2|6\n|gen|9\n|tier|[Gen 9] VGC 2023 Regulation C\n|rated|\n|rule|Species Clause: Limit one of each Pok\u00e9mon\n|rule|Item Clause: Limit one of each item\n|clearpoke\n|poke|p1|Ceruledge, L50, F|\n|poke|p1|Sableye, L50, M|\n|poke|p1|Iron Bundle, L50|\n|poke|p1|Flutter Mane, L50|\n|poke|p1|Chi-Yu, L50|\n|poke|p1|Ting-Lu, L50|\n|poke|p2|Flutter Mane, L50|\n|poke|p2|Kingambit, L50, M|\n|poke|p2|Garchomp, L50, M|\n|poke|p2|Chien-Pao, L50|\n|poke|p2|Dragonite, L50, F|\n|poke|p2|Gyarados, L50, M|\n|teampreview|4\n|\n|t:|1681779894\n|start\n|switch|p1a: Ceruledge|Ceruledge, L50, F|100\/100\n|switch|p1b: Sableye|Sableye, L50, M|100\/100\n|switch|p2a: Kingambit|Kingambit, L50, M|100\/100\n|switch|p2b: Garchomp|Garchomp, L50, M, shiny|100\/100\n|turn|1\n|\n|t:|1681779919\n|-terastallize|p2a: Kingambit|Flying\n|move|p1a: Ceruledge|Protect|p1a: Ceruledge\n|-singleturn|p1a: Ceruledge|Protect\n|move|p1b: Sableye|Reflect|p1b: Sableye\n|-sidestart|p1: pkmnwoo|Reflect\n|move|p2b: Garchomp|Earthquake|p1a: Ceruledge|[spread] p1b\n|-activate|p1a: Ceruledge|move: Protect\n|-immune|p2a: Kingambit\n|-damage|p1b: Sableye|53\/100\n|-damage|p2b: Garchomp|91\/100|[from] item: Life Orb\n|move|p2a: Kingambit|Tera Blast|p1a: Ceruledge\n|-activate|p1a: Ceruledge|move: Protect\n|\n|upkeep\n|turn|2\n|\n|t:|1681779939\n|move|p2a: Kingambit|Sucker Punch||[still]\n|-fail|p2a: Kingambit\n|move|p1b: Sableye|Disable|p2b: Garchomp\n|-start|p2b: Garchomp|Disable|Earthquake\n|cant|p2b: Garchomp|Disable|Earthquake\n|move|p1a: Ceruledge|Bulk Up|p1a: Ceruledge\n|-boost|p1a: Ceruledge|atk|1\n|-boost|p1a: Ceruledge|def|1\n|\n|upkeep\n|turn|3\n|\n|t:|1681779961\n|move|p2a: Kingambit|Sucker Punch||[still]\n|-fail|p2a: Kingambit\n|move|p1b: Sableye|Encore|p2a: Kingambit\n|-start|p2a: Kingambit|Encore\n|move|p2b: Garchomp|Rock Slide|p1a: Ceruledge|[spread] p1a,p1b\n|-supereffective|p1a: Ceruledge\n|-crit|p1b: Sableye\n|-damage|p1a: Ceruledge|77\/100\n|-damage|p1b: Sableye|3\/100\n|-damage|p2b: Garchomp|81\/100|[from] item: Life Orb\n|cant|p1a: Ceruledge|flinch\n|\n|-heal|p1a: Ceruledge|83\/100|[from] item: Leftovers\n|upkeep\n|turn|4\n|\n|t:|1681779992\n|move|p2a: Kingambit|Sucker Punch||[still]\n|-fail|p2a: Kingambit\n|move|p1b: Sableye|Light Screen|p1b: Sableye\n|-sidestart|p1: pkmnwoo|move: Light Screen\n|move|p2b: Garchomp|Rock Slide|p1b: Sableye|[spread] \n|-miss|p2b: Garchomp|p1a: Ceruledge\n|-miss|p2b: Garchomp|p1b: Sableye\n|move|p1a: Ceruledge|Bulk Up|p1a: Ceruledge\n|-boost|p1a: Ceruledge|atk|1\n|-boost|p1a: Ceruledge|def|1\n|\n|-heal|p1a: Ceruledge|89\/100|[from] item: Leftovers\n|upkeep\n|turn|5\n|\n|t:|1681780040\n|move|p2b: Garchomp|Protect|p2b: Garchomp\n|-singleturn|p2b: Garchomp|Protect\n|move|p2a: Kingambit|Sucker Punch||[still]\n|-fail|p2a: Kingambit\n|move|p1b: Sableye|Disable|p2a: Kingambit\n|-start|p2a: Kingambit|Disable|Sucker Punch\n|move|p1a: Ceruledge|Bulk Up|p1a: Ceruledge\n|-boost|p1a: Ceruledge|atk|1\n|-boost|p1a: Ceruledge|def|1\n|\n|-heal|p1a: Ceruledge|95\/100|[from] item: Leftovers\n|-end|p2b: Garchomp|Disable\n|upkeep\n|turn|6\n|\n|t:|1681780065\n|switch|p2a: Chien-Pao|Chien-Pao, L50|100\/100\n|-ability|p2a: Chien-Pao|Sword of Ruin\n|move|p1b: Sableye|Encore|p2b: Garchomp\n|-start|p2b: Garchomp|Encore\n|move|p2b: Garchomp|Protect|p2b: Garchomp\n|-singleturn|p2b: Garchomp|Protect\n|move|p1a: Ceruledge|Bitter Blade|p2a: Chien-Pao\n|-supereffective|p2a: Chien-Pao\n|-enditem|p2a: Chien-Pao|Focus Sash\n|-damage|p2a: Chien-Pao|1\/100\n|-heal|p1a: Ceruledge|100\/100|[from] drain|[of] p2a: Chien-Pao\n|\n|upkeep\n|turn|7\n|\n|t:|1681780087\n|switch|p2b: Flutter Mane|Flutter Mane, L50|100\/100\n|-enditem|p2b: Flutter Mane|Booster Energy\n|-activate|p2b: Flutter Mane|ability: Protosynthesis|[fromitem]\n|-start|p2b: Flutter Mane|protosynthesisspa\n|switch|p1b: Flutter Mane|Flutter Mane, L50|100\/100\n|move|p2a: Chien-Pao|Ice Spinner|p1b: Flutter Mane\n|-damage|p1b: Flutter Mane|49\/100\n|move|p1a: Ceruledge|Bulk Up|p1a: Ceruledge\n|-boost|p1a: Ceruledge|atk|1\n|-boost|p1a: Ceruledge|def|1\n|\n|upkeep\n|turn|8\n|\n|t:|1681780105\n|move|p2b: Flutter Mane|Protect|p2b: Flutter Mane\n|-singleturn|p2b: Flutter Mane|Protect\n|move|p2a: Chien-Pao|Sucker Punch|p1b: Flutter Mane\n|-damage|p1b: Flutter Mane|0 fnt\n|faint|p1b: Flutter Mane\n|-end|p1b: Flutter Mane|Protosynthesis|[silent]\n|move|p1a: Ceruledge|Shadow Sneak|p2b: Flutter Mane\n|-activate|p2b: Flutter Mane|move: Protect\n|\n|-sideend|p1: pkmnwoo|Reflect\n|upkeep\n|\n|t:|1681780116\n|switch|p1b: Sableye|Sableye, L50, M|3\/100\n|turn|9\n|\n|t:|1681780138\n|move|p1a: Ceruledge|Shadow Sneak|p2a: Chien-Pao\n|-resisted|p2a: Chien-Pao\n|-damage|p2a: Chien-Pao|0 fnt\n|faint|p2a: Chien-Pao\n|move|p1b: Sableye|Encore|p2b: Flutter Mane\n|-start|p2b: Flutter Mane|Encore\n|move|p2b: Flutter Mane|Protect||[still]\n|-fail|p2b: Flutter Mane\n|\n|upkeep\n|\n|t:|1681780146\n|switch|p2a: Garchomp|Garchomp, L50, M, shiny|81\/100\n|turn|10\n|\n|t:|1681780163\n|move|p2b: Flutter Mane|Protect|p2b: Flutter Mane\n|-singleturn|p2b: Flutter Mane|Protect\n|move|p1b: Sableye|Reflect|p1b: Sableye\n|-sidestart|p1: pkmnwoo|Reflect\n|move|p2a: Garchomp|Earthquake|p1a: Ceruledge|[spread] p1a,p1b\n|-activate|p2b: Flutter Mane|move: Protect\n|-supereffective|p1a: Ceruledge\n|-damage|p1a: Ceruledge|75\/100\n|-damage|p1b: Sableye|0 fnt\n|faint|p1b: Sableye\n|-damage|p2a: Garchomp|71\/100|[from] item: Life Orb\n|move|p1a: Ceruledge|Bitter Blade|p2a: Garchomp\n|-resisted|p2a: Garchomp\n|-damage|p2a: Garchomp|10\/100\n|-heal|p1a: Ceruledge|100\/100|[from] drain|[of] p2a: Garchomp\n|-damage|p1a: Ceruledge|88\/100|[from] ability: Rough Skin|[of] p2a: Garchomp\n|\n|-heal|p1a: Ceruledge|94\/100|[from] item: Leftovers\n|upkeep\n|\n|t:|1681780179\n|switch|p1b: Iron Bundle|Iron Bundle, L50|100\/100\n|-enditem|p1b: Iron Bundle|Booster Energy\n|-activate|p1b: Iron Bundle|ability: Quark Drive|[fromitem]\n|-start|p1b: Iron Bundle|quarkdrivespe\n|turn|11\n|\n|t:|1681780189\n|-end|p2b: Flutter Mane|Protosynthesis|[silent]\n|switch|p2b: Kingambit|Kingambit, L50, M, tera:Flying|100\/100\n|move|p1a: Ceruledge|Shadow Sneak|p2a: Garchomp\n|-damage|p2a: Garchomp|0 fnt\n|-damage|p1a: Ceruledge|82\/100|[from] ability: Rough Skin|[of] p2a: Garchomp\n|faint|p2a: Garchomp\n|move|p1b: Iron Bundle|Hydro Pump|p2b: Kingambit\n|-damage|p2b: Kingambit|68\/100\n|\n|-heal|p1a: Ceruledge|88\/100|[from] item: Leftovers\n|-sideend|p1: pkmnwoo|move: Light Screen\n|upkeep\n|\n|t:|1681780199\n|switch|p2a: Flutter Mane|Flutter Mane, L50|100\/100\n|turn|12\n|\n|t:|1681780217\n|-terastallize|p1a: Ceruledge|Grass\n|move|p2a: Flutter Mane|Protect|p2a: Flutter Mane\n|-singleturn|p2a: Flutter Mane|Protect\n|move|p1a: Ceruledge|Shadow Sneak|p2a: Flutter Mane\n|-activate|p2a: Flutter Mane|move: Protect\n|move|p1b: Iron Bundle|Freeze-Dry|p2b: Kingambit\n|-supereffective|p2b: Kingambit\n|-damage|p2b: Kingambit|27\/100\n|move|p2b: Kingambit|Assurance|p1a: Ceruledge\n|-damage|p1a: Ceruledge|79\/100\n|\n|-heal|p1a: Ceruledge|85\/100|[from] item: Leftovers\n|upkeep\n|turn|13\n|\n|t:|1681780236\n|move|p1a: Ceruledge|Shadow Sneak|p2a: Flutter Mane\n|-supereffective|p2a: Flutter Mane\n|-damage|p2a: Flutter Mane|0 fnt\n|faint|p2a: Flutter Mane\n|-end|p2a: Flutter Mane|Protosynthesis|[silent]\n|move|p2b: Kingambit|Sucker Punch|p1b: Iron Bundle\n|-damage|p1b: Iron Bundle|69\/100\n|move|p1b: Iron Bundle|Freeze-Dry|p2b: Kingambit\n|-supereffective|p2b: Kingambit\n|-damage|p2b: Kingambit|0 fnt\n|faint|p2b: Kingambit\n|\n|win|pkmnwoo\n|raw|pkmnwoo's rating: 1319 → 1336<\/strong> (+17 for winning)\n|raw|addyson789's rating: 1268 → 1247<\/strong> (-21 for losing)\n|l|\u2606pkmnwoo\n","uploadtime":1681780471,"views":13,"p1id":"pkmnwoo","p2id":"addyson789","formatid":"gen9vgc2023regulationc","rating":1247,"private":0,"password":""}