{"id":"gen9vgc2023regulationc-1859300054","p1":"Ytterby","p2":"ethan06","format":"[Gen 9] VGC 2023 Regulation C","log":"|j|\u2606Ytterby\n|j|\u2606ethan06\n|t:|1683430801\n|gametype|doubles\n|player|p1|Ytterby|brycenman|\n|player|p2|ethan06|ninjaboy|\n|teamsize|p1|6\n|teamsize|p2|6\n|gen|9\n|tier|[Gen 9] VGC 2023 Regulation C\n|rule|Species Clause: Limit one of each Pok\u00e9mon\n|rule|Item Clause: Limit one of each item\n|clearpoke\n|poke|p1|Hydreigon, L50, M|\n|poke|p1|Tinkaton, L50, F|\n|poke|p1|Slither Wing, L50|\n|poke|p1|Ceruledge, L50, F|\n|poke|p1|Arboliva, L50, F|\n|poke|p1|Bruxish, L50, M|\n|poke|p2|Dondozo, L50, F|\n|poke|p2|Tatsugiri, L50, M|\n|poke|p2|Salamence, L50, M|\n|poke|p2|Kingambit, L50, M|\n|poke|p2|Iron Valiant, L50|\n|poke|p2|Spewpa, L50, M|\n|teampreview|4\n|c|\u2606ethan06|this is really good i'm learning lots\n|c|\u2606ethan06|apprecate <3\nethan06 has agreed to open team sheets.\n|c|\u2606Ytterby|:3\n|c|\u2606Ytterby|i'm happy i can give you both practice going into the matchup\n|\n|t:|1683430853\n|start\n|switch|p1a: Ceruledge|Ceruledge, L50, F|100\/100\n|switch|p1b: Bruxish|Bruxish, L50, M|100\/100\n|switch|p2a: Iron Valiant|Iron Valiant, L50|100\/100\n|switch|p2b: Salamence|Salamence, L50, M|100\/100\n|-ability|p2b: Salamence|Intimidate|boost\n|-unboost|p1a: Ceruledge|atk|1\n|-unboost|p1b: Bruxish|atk|1\n|turn|1\n|c|\u2606Ytterby|lets it be more polished both sides\n|\n|t:|1683430912\n|move|p1b: Bruxish|Aqua Jet|p1a: Ceruledge\n|-supereffective|p1a: Ceruledge\n|-damage|p1a: Ceruledge|81\/100\n|-ability|p1a: Ceruledge|Weak Armor|boost\n|-unboost|p1a: Ceruledge|def|1\n|-boost|p1a: Ceruledge|spe|2\n|-enditem|p1a: Ceruledge|Weakness Policy\n|-boost|p1a: Ceruledge|atk|2|[from] item: Weakness Policy\n|-boost|p1a: Ceruledge|spa|2|[from] item: Weakness Policy\n|move|p1a: Ceruledge|Bitter Blade|p2b: Salamence\n|-resisted|p2b: Salamence\n|-damage|p2b: Salamence|53\/100\n|-heal|p1a: Ceruledge|100\/100|[from] drain|[of] p2b: Salamence\n|move|p2a: Iron Valiant|Knock Off|p1a: Ceruledge\n|-supereffective|p1a: Ceruledge\n|-damage|p1a: Ceruledge|22\/100\n|-ability|p1a: Ceruledge|Weak Armor|boost\n|-unboost|p1a: Ceruledge|def|1\n|-boost|p1a: Ceruledge|spe|2\n|move|p2b: Salamence|Dragon Dance|p2b: Salamence\n|-boost|p2b: Salamence|atk|1\n|-boost|p2b: Salamence|spe|1\n|\n|upkeep\n|turn|2\n|c|\u2606ethan06|woh big hitto\n|\n|t:|1683430952\n|switch|p1b: Tinkaton|Tinkaton, L50, F|100\/100\n|move|p1a: Ceruledge|Protect|p1a: Ceruledge\n|-singleturn|p1a: Ceruledge|Protect\n|move|p2a: Iron Valiant|Protect|p2a: Iron Valiant\n|-singleturn|p2a: Iron Valiant|Protect\n|move|p2b: Salamence|Dual Wingbeat|p1a: Ceruledge\n|-activate|p1a: Ceruledge|move: Protect\n|\n|upkeep\n|turn|3\n|\n|t:|1683431007\n|-end|p2a: Iron Valiant|Quark Drive|[silent]\n|switch|p2a: Kingambit|Kingambit, L50, M|100\/100\n|move|p2b: Salamence|Protect|p2b: Salamence\n|-singleturn|p2b: Salamence|Protect\n|move|p1b: Tinkaton|Fake Out|p2a: Kingambit\n|-resisted|p2a: Kingambit\n|-damage|p2a: Kingambit|98\/100\n|move|p1a: Ceruledge|Bitter Blade|p2a: Kingambit\n|-supereffective|p2a: Kingambit\n|-damage|p2a: Kingambit|0 fnt\n|-heal|p1a: Ceruledge|74\/100|[from] drain|[of] p2a: Kingambit\n|faint|p2a: Kingambit\n|\n|upkeep\n|\n|t:|1683431020\n|switch|p2a: Tatsugiri|Tatsugiri, L50, M|100\/100\n|turn|4\n|c|\u2606Ytterby|that's not a bitter blade\n|c|\u2606Ytterby|that's a lotta blade\n|c|\u2606ethan06|oof\n|c|\u2606Ytterby|<3\n|c|\u2606ethan06|you hurt me with your bords and your attacks\n|c|\u2606ethan06|man i am not sure if i can do this\n|\n|t:|1683431063\n|move|p1a: Ceruledge|Shadow Claw|p2b: Salamence\n|-damage|p2b: Salamence|0 fnt\n|faint|p2b: Salamence\n|move|p2a: Tatsugiri|Muddy Water|p1a: Ceruledge|[spread] p1a,p1b\n|-supereffective|p1a: Ceruledge\n|-damage|p1a: Ceruledge|0 fnt\n|-damage|p1b: Tinkaton|63\/100\n|faint|p1a: Ceruledge\n|move|p1b: Tinkaton|Skill Swap||[still]\n|-fail|p1b: Tinkaton\n|\n|upkeep\n|\n|t:|1683431080\n|switch|p2b: Iron Valiant|Iron Valiant, L50|100\/100\n|switch|p1a: Bruxish|Bruxish, L50, M|100\/100\n|turn|5\n|\n|t:|1683431096\n|-terastallize|p2b: Iron Valiant|Fire\n|move|p2a: Tatsugiri|Muddy Water|p1b: Tinkaton|[spread] p1b\n|-miss|p2a: Tatsugiri|p1a: Bruxish\n|-damage|p1b: Tinkaton|23\/100\n|-unboost|p1b: Tinkaton|accuracy|1\n|move|p2b: Iron Valiant|Fire Punch|p1b: Tinkaton\n|-supereffective|p1b: Tinkaton\n|-damage|p1b: Tinkaton|0 fnt\n|faint|p1b: Tinkaton\n|move|p1a: Bruxish|Trick Room|p1a: Bruxish\n|-fieldstart|move: Trick Room|[of] p1a: Bruxish\n|\n|upkeep\n|c|\u2606Ytterby|i played this one well\n|\n|t:|1683431107\n|switch|p1b: Arboliva|Arboliva, L50, F, shiny|100\/100\n|turn|6\n|c|\u2606ethan06|yeah agree\n|c|\u2606ethan06|i had to get t3 right\n|c|\u2606ethan06|and i fucked that read so bad xD\n|\n|t:|1683431163\n|-terastallize|p1b: Arboliva|Normal\n|move|p2b: Iron Valiant|Protect|p2b: Iron Valiant\n|-singleturn|p2b: Iron Valiant|Protect\n|move|p1b: Arboliva|Reflect|p1b: Arboliva\n|-sidestart|p1: Ytterby|Reflect\n|move|p1a: Bruxish|Super Fang|p2b: Iron Valiant\n|-activate|p2b: Iron Valiant|move: Protect\n|move|p2a: Tatsugiri|Muddy Water|p1b: Arboliva|[spread] p1a,p1b\n|-resisted|p1a: Bruxish\n|-damage|p1a: Bruxish|76\/100\n|-damage|p1b: Arboliva|66\/100\n|-unboost|p1a: Bruxish|accuracy|1\n|-unboost|p1b: Arboliva|accuracy|1\n|\n|upkeep\n|turn|7\n|c|\u2606Ytterby|xD\n|c|\u2606ethan06|ooooh ok\n|\n|t:|1683431198\n|move|p1b: Arboliva|Giga Drain|p2a: Tatsugiri\n|-damage|p2a: Tatsugiri|45\/100\n|-heal|p1b: Arboliva|88\/100|[from] drain|[of] p2a: Tatsugiri\n|move|p1a: Bruxish|Super Fang|p2b: Iron Valiant\n|-damage|p2b: Iron Valiant|51\/100\n|move|p2b: Iron Valiant|Knock Off|p1a: Bruxish\n|-supereffective|p1a: Bruxish\n|-damage|p1a: Bruxish|35\/100\n|-enditem|p1a: Bruxish|Wacan Berry|[from] move: Knock Off|[of] p2b: Iron Valiant\n|move|p2a: Tatsugiri|Muddy Water|p1a: Bruxish|[spread] p1a,p1b\n|-resisted|p1a: Bruxish\n|-damage|p1a: Bruxish|12\/100\n|-damage|p1b: Arboliva|52\/100\n|\n|upkeep\n|turn|8\n|c|\u2606ethan06|wacan\n|c|\u2606ethan06|more like wacan i do more damage\n|\n|t:|1683431259\n|move|p1a: Bruxish|Aqua Jet|p2b: Iron Valiant\n|-supereffective|p2b: Iron Valiant\n|-damage|p2b: Iron Valiant|17\/100\n|move|p1b: Arboliva|Pollen Puff|p1a: Bruxish\n|-heal|p1a: Bruxish|62\/100\n|move|p2b: Iron Valiant|Spirit Break|p1b: Arboliva\n|-damage|p1b: Arboliva|26\/100\n|-unboost|p1b: Arboliva|spa|1\n|-enditem|p1b: Arboliva|Sitrus Berry|[eat]\n|-heal|p1b: Arboliva|51\/100|[from] item: Sitrus Berry\n|move|p2a: Tatsugiri|Muddy Water|p1a: Bruxish|[spread] p1a\n|-miss|p2a: Tatsugiri|p1b: Arboliva\n|-resisted|p1a: Bruxish\n|-damage|p1a: Bruxish|39\/100\n|\n|upkeep\n|turn|9\n|c|\u2606ethan06|fook may\n|\n|t:|1683431280\n|move|p2b: Iron Valiant|Protect|p2b: Iron Valiant\n|-singleturn|p2b: Iron Valiant|Protect\n|move|p1a: Bruxish|Aqua Jet|p2b: Iron Valiant\n|-activate|p2b: Iron Valiant|move: Protect\n|move|p1b: Arboliva|Giga Drain|p2a: Tatsugiri\n|-damage|p2a: Tatsugiri|11\/100\n|-heal|p1b: Arboliva|64\/100|[from] drain|[of] p2a: Tatsugiri\n|move|p2a: Tatsugiri|Muddy Water|p1a: Bruxish|[spread] p1b\n|-miss|p2a: Tatsugiri|p1a: Bruxish\n|-damage|p1b: Arboliva|31\/100\n|\n|-fieldend|move: Trick Room\n|-item|p1b: Arboliva|Sitrus Berry|[from] ability: Harvest\n|upkeep\n|-enditem|p1b: Arboliva|Sitrus Berry|[eat]\n|-heal|p1b: Arboliva|56\/100|[from] item: Sitrus Berry\n|turn|10\n|c|\u2606Ytterby|:3\n|\n|t:|1683431299\n|move|p1a: Bruxish|Aqua Jet|p2b: Iron Valiant|[miss]\n|-miss|p1a: Bruxish|p2b: Iron Valiant\n|move|p2a: Tatsugiri|Muddy Water|p1a: Bruxish|[spread] p1a,p1b\n|-resisted|p1a: Bruxish\n|-damage|p1a: Bruxish|16\/100\n|-damage|p1b: Arboliva|22\/100\n|move|p2b: Iron Valiant|Knock Off|p1a: Bruxish\n|-supereffective|p1a: Bruxish\n|-damage|p1a: Bruxish|0 fnt\n|faint|p1a: Bruxish\n|move|p1b: Arboliva|Giga Drain|p2a: Tatsugiri|[miss]\n|-miss|p1b: Arboliva|p2a: Tatsugiri\n|\n|-sideend|p1: Ytterby|Reflect\n|upkeep\n|turn|11\n|c|\u2606Ytterby|good plays both sides!!\n|c|\u2606ethan06|:0\n|c|\u2606ethan06|hahahaha sorry\n|c|\u2606Ytterby|lot of fucking hax omfg hahahah\n|c|\u2606ethan06|man\n|c|\u2606Ytterby|no CP on the line dw\n|c|\u2606ethan06|this is my wincon\n|\n|t:|1683431341\n|move|p1b: Arboliva|Protect|p1b: Arboliva\n|-singleturn|p1b: Arboliva|Protect\n|move|p2a: Tatsugiri|Muddy Water|p1b: Arboliva\n|-activate|p1b: Arboliva|move: Protect\n|move|p2b: Iron Valiant|Spirit Break|p1b: Arboliva\n|-activate|p1b: Arboliva|move: Protect\n|\n|upkeep\n|turn|12\n|c|\u2606Ytterby|harvest pls\n|c|\u2606ethan06|rng sad\n|c|\u2606ethan06|gamer moment\n|\n|t:|1683431367\n|move|p2a: Tatsugiri|Muddy Water|p1b: Arboliva\n|-damage|p1b: Arboliva|0 fnt\n|faint|p1b: Arboliva\n|\n|win|ethan06\n|c|\u2606Ytterby|very well played hehe\n|c|\u2606Ytterby|more?\n","uploadtime":1683431383,"views":12,"p1id":"ytterby","p2id":"ethan06","formatid":"gen9vgc2023regulationc","rating":0,"private":0,"password":""}