{"id":"gen9vgc2023regulationc-1858644658","p1":"Sandwich350","p2":"Vengeful potato","format":"[Gen 9] VGC 2023 Regulation C","log":"|j|\u2606Sandwich350\n|j|\u2606Vengeful potato\n|t:|1683336606\n|gametype|doubles\n|player|p1|Sandwich350|olympia|1346\n|player|p2|Vengeful potato|swimmer-gen4|1328\n|teamsize|p1|6\n|teamsize|p2|6\n|gen|9\n|tier|[Gen 9] VGC 2023 Regulation C\n|rated|\n|rule|Species Clause: Limit one of each Pok\u00e9mon\n|rule|Item Clause: Limit one of each item\n|clearpoke\n|poke|p1|Volcarona, L50, M|\n|poke|p1|Grimmsnarl, L50, M|\n|poke|p1|Amoonguss, L50, M|\n|poke|p1|Iron Hands, L50|\n|poke|p1|Brute Bonnet, L50|\n|poke|p1|Dragalge, L50, M|\n|poke|p2|Dudunsparce-*, L50, M|\n|poke|p2|Hariyama, L50, M|\n|poke|p2|Gengar, L50, F|\n|poke|p2|Corviknight, L50, F|\n|poke|p2|Salamence, L50, F|\n|poke|p2|Rotom-Wash, L50|\n|teampreview|4\n|inactive|Battle timer is ON: inactive players will automatically lose when time's up. (requested by Sandwich350)\nSandwich350 rejected open team sheets.\n|inactive|Vengeful potato has 60 seconds left.\n|\n|t:|1683336653\n|start\n|switch|p1a: Grimmsnarl|Grimmsnarl, L50, M|100\/100\n|switch|p1b: Dragalge|Dragalge, L50, M|100\/100\n|switch|p2a: Double Trouble|Dudunsparce, L50, M|100\/100\n|switch|p2b: Polished|Corviknight, L50, F, shiny|100\/100\n|turn|1\n|\n|t:|1683336668\n|move|p1a: Grimmsnarl|Taunt|p2a: Double Trouble\n|-start|p2a: Double Trouble|move: Taunt\n|cant|p2a: Double Trouble|move: Taunt|Glare\n|move|p2b: Polished|Iron Head|p1a: Grimmsnarl\n|-supereffective|p1a: Grimmsnarl\n|-damage|p1a: Grimmsnarl|46\/100\n|move|p1b: Dragalge|Sludge Bomb|p2a: Double Trouble\n|-crit|p2a: Double Trouble\n|-damage|p2a: Double Trouble|0 fnt\n|faint|p2a: Double Trouble\n|\n|upkeep\n|\n|t:|1683336685\n|switch|p2a: MENACING|Salamence, L50, F|100\/100\n|-ability|p2a: MENACING|Intimidate|boost\n|-unboost|p1a: Grimmsnarl|atk|1\n|-unboost|p1b: Dragalge|atk|1\n|turn|2\n|\n|t:|1683336691\n|move|p1a: Grimmsnarl|Reflect|p1a: Grimmsnarl\n|-sidestart|p1: Sandwich350|Reflect\n|move|p2a: MENACING|Draco Meteor|p1b: Dragalge\n|-supereffective|p1b: Dragalge\n|-damage|p1b: Dragalge|0 fnt\n|-unboost|p2a: MENACING|spa|2\n|faint|p1b: Dragalge\n|move|p2b: Polished|Iron Head|p1a: Grimmsnarl\n|-supereffective|p1a: Grimmsnarl\n|-damage|p1a: Grimmsnarl|14\/100\n|\n|upkeep\n|\n|t:|1683336701\n|switch|p1b: Volcarona|Volcarona, L50, M|100\/100\n|turn|3\n|inactive|Vengeful potato has 30 seconds left.\n|\n|t:|1683336732\n|-terastallize|p1b: Volcarona|Fairy\n|-terastallize|p2b: Polished|Fire\n|move|p1a: Grimmsnarl|Light Screen|p1a: Grimmsnarl\n|-sidestart|p1: Sandwich350|move: Light Screen\n|move|p1b: Volcarona|Quiver Dance|p1b: Volcarona\n|-boost|p1b: Volcarona|spa|1\n|-boost|p1b: Volcarona|spd|1\n|-boost|p1b: Volcarona|spe|1\n|move|p2a: MENACING|Heat Wave|p1b: Volcarona|[spread] p1b\n|-miss|p2a: MENACING|p1a: Grimmsnarl\n|-damage|p1b: Volcarona|95\/100\n|move|p2b: Polished|Bulk Up|p2b: Polished\n|-boost|p2b: Polished|atk|1\n|-boost|p2b: Polished|def|1\n|\n|-heal|p1b: Volcarona|100\/100|[from] item: Leftovers\n|upkeep\n|turn|4\n|\n|t:|1683336756\n|switch|p2a: Status Enjoyer|Gengar, L50, F, shiny|100\/100\n|move|p1b: Volcarona|Fiery Dance|p2b: Polished\n|-resisted|p2b: Polished\n|-damage|p2b: Polished|78\/100\n|move|p2b: Polished|Iron Head|p1b: Volcarona\n|-supereffective|p1b: Volcarona\n|-damage|p1b: Volcarona|46\/100\n|move|p1a: Grimmsnarl|Spirit Break|p2a: Status Enjoyer\n|-resisted|p2a: Status Enjoyer\n|-damage|p2a: Status Enjoyer|81\/100\n|-unboost|p2a: Status Enjoyer|spa|1\n|\n|-heal|p1b: Volcarona|52\/100|[from] item: Leftovers\n|upkeep\n|turn|5\n|\n|t:|1683336772\n|move|p1a: Grimmsnarl|Taunt|p2a: Status Enjoyer\n|-start|p2a: Status Enjoyer|move: Taunt\n|move|p1b: Volcarona|Tera Blast|p2b: Polished\n|-resisted|p2b: Polished\n|-damage|p2b: Polished|53\/100\n|move|p2a: Status Enjoyer|Sludge Bomb|p1a: Grimmsnarl\n|-supereffective|p1a: Grimmsnarl\n|-damage|p1a: Grimmsnarl|0 fnt\n|faint|p1a: Grimmsnarl\n|move|p2b: Polished|Iron Head|p1b: Volcarona\n|-supereffective|p1b: Volcarona\n|-damage|p1b: Volcarona|0 fnt\n|faint|p1b: Volcarona\n|\n|upkeep\n|\n|t:|1683336784\n|switch|p1b: Brute Bonnet|Brute Bonnet, L50|100\/100\n|-enditem|p1b: Brute Bonnet|Booster Energy\n|-activate|p1b: Brute Bonnet|ability: Protosynthesis|[fromitem]\n|-start|p1b: Brute Bonnet|protosynthesisatk\n|turn|6\n|\n|t:|1683336793\n|switch|p2a: MENACING|Salamence, L50, F|100\/100\n|-ability|p2a: MENACING|Intimidate|boost\n|-unboost|p1b: Brute Bonnet|atk|1\n|move|p1b: Brute Bonnet|Sucker Punch||[still]\n|-fail|p1b: Brute Bonnet\n|move|p2b: Polished|Bulk Up|p2b: Polished\n|-boost|p2b: Polished|atk|1\n|-boost|p2b: Polished|def|1\n|\n|upkeep\n|turn|7\n|\n|t:|1683336801\n|move|p2a: MENACING|Air Slash|p1b: Brute Bonnet\n|-supereffective|p1b: Brute Bonnet\n|-damage|p1b: Brute Bonnet|58\/100\n|move|p2b: Polished|Brave Bird|p1b: Brute Bonnet\n|-supereffective|p1b: Brute Bonnet\n|-damage|p1b: Brute Bonnet|0 fnt\n|faint|p1b: Brute Bonnet\n|-end|p1b: Brute Bonnet|Protosynthesis|[silent]\n|-damage|p2b: Polished|33\/100|[from] Recoil\n|\n|win|Vengeful potato\n|raw|Sandwich350's rating: 1346 → 1325<\/strong> (-21 for losing)\n|raw|Vengeful potato's rating: 1328 → 1349<\/strong> (+21 for winning)\n|l|\u2606Sandwich350\n|c|\u2606Vengeful potato|Ggs\n","uploadtime":1683336814,"views":9,"p1id":"sandwich350","p2id":"vengefulpotato","formatid":"gen9vgc2023regulationc","rating":1325,"private":0,"password":""}