{"id":"gen9vgc2023regulationc-1859318593","p1":"appokalypstik","p2":"linxufan pokemon","format":"[Gen 9] VGC 2023 Regulation C","log":"|j|\u2606appokalypstik\n|j|\u2606linxufan pokemon\n|t:|1683433720\n|gametype|doubles\n|player|p1|appokalypstik|roxie|1586\n|player|p2|linxufan pokemon|hilbert|1681\n|teamsize|p1|6\n|teamsize|p2|6\n|gen|9\n|tier|[Gen 9] VGC 2023 Regulation C\n|rated|\n|rule|Species Clause: Limit one of each Pok\u00e9mon\n|rule|Item Clause: Limit one of each item\n|clearpoke\n|poke|p1|Wo-Chien, L50|\n|poke|p1|Farigiraf, L50, F|\n|poke|p1|Murkrow, L50, M|\n|poke|p1|Rotom-Wash, L50|\n|poke|p1|Great Tusk, L50|\n|poke|p1|Chi-Yu, L50|\n|poke|p2|Chien-Pao, L50|\n|poke|p2|Dragonite, L50, F|\n|poke|p2|Flutter Mane, L50|\n|poke|p2|Great Tusk, L50|\n|poke|p2|Talonflame, L50, M|\n|poke|p2|Gyarados, L50, M|\n|teampreview|4\n|inactive|Battle timer is ON: inactive players will automatically lose when time's up. (requested by appokalypstik)\n|\n|t:|1683433757\n|start\n|switch|p1a: Fig|Farigiraf, L50, F|100\/100\n|switch|p1b: Chi-Yu-Shamones|Chi-Yu, L50|100\/100\n|switch|p2a: Flutter Mane|Flutter Mane, L50|100\/100\n|switch|p2b: Talonflame|Talonflame, L50, M|100\/100\n|-ability|p1b: Chi-Yu-Shamones|Beads of Ruin\n|-enditem|p2a: Flutter Mane|Booster Energy\n|-activate|p2a: Flutter Mane|ability: Protosynthesis|[fromitem]\n|-start|p2a: Flutter Mane|protosynthesisspa\n|turn|1\n|\n|t:|1683433781\n|move|p1a: Fig|Protect|p1a: Fig\n|-singleturn|p1a: Fig|Protect\n|move|p2b: Talonflame|Taunt|p1a: Fig\n|-activate|p1a: Fig|move: Protect\n|move|p2a: Flutter Mane|Dazzling Gleam|p1b: Chi-Yu-Shamones|[spread] p1b\n|-activate|p1a: Fig|move: Protect\n|-damage|p1b: Chi-Yu-Shamones|73\/100\n|move|p1b: Chi-Yu-Shamones|Snarl|p2b: Talonflame|[spread] p2a,p2b\n|-damage|p2a: Flutter Mane|76\/100\n|-damage|p2b: Talonflame|53\/100\n|-unboost|p2a: Flutter Mane|spa|1\n|-unboost|p2b: Talonflame|spa|1\n|\n|upkeep\n|turn|2\n|inactive|linxufan pokemon has 30 seconds left.\n|inactive|appokalypstik has 30 seconds left.\n|\n|t:|1683433813\n|move|p2b: Talonflame|Brave Bird|p1b: Chi-Yu-Shamones\n|-damage|p1b: Chi-Yu-Shamones|20\/100\n|-damage|p2b: Talonflame|35\/100|[from] Recoil\n|move|p2a: Flutter Mane|Dazzling Gleam|p1b: Chi-Yu-Shamones|[spread] p1a,p1b\n|-damage|p1a: Fig|64\/100\n|-damage|p1b: Chi-Yu-Shamones|4\/100\n|move|p1b: Chi-Yu-Shamones|Dark Pulse|p2b: Talonflame\n|-damage|p2b: Talonflame|0 fnt\n|faint|p2b: Talonflame\n|move|p1a: Fig|Psyshock|p2a: Flutter Mane\n|-damage|p2a: Flutter Mane|0 fnt\n|faint|p2a: Flutter Mane\n|-end|p2a: Flutter Mane|Protosynthesis|[silent]\n|-damage|p1a: Fig|55\/100|[from] item: Life Orb\n|\n|upkeep\n|\n|t:|1683433829\n|switch|p2b: Great Tusk|Great Tusk, L50|100\/100\n|switch|p2a: Chien-Pao|Chien-Pao, L50|100\/100\n|-ability|p2a: Chien-Pao|Sword of Ruin\n|turn|3\n|inactive|linxufan pokemon has 30 seconds left.\n|\n|t:|1683433862\n|move|p1a: Fig|Protect|p1a: Fig\n|-singleturn|p1a: Fig|Protect\n|move|p2b: Great Tusk|Close Combat|p1a: Fig\n|-activate|p1a: Fig|move: Protect\n|move|p2a: Chien-Pao|Ice Spinner|p1b: Chi-Yu-Shamones\n|-resisted|p1b: Chi-Yu-Shamones\n|-damage|p1b: Chi-Yu-Shamones|0 fnt\n|faint|p1b: Chi-Yu-Shamones\n|-damage|p2a: Chien-Pao|91\/100|[from] item: Life Orb\n|\n|upkeep\n|\n|t:|1683433869\n|switch|p1b: Goobrow|Murkrow, L50, M|100\/100\n|turn|4\n|\n|t:|1683433884\n|move|p1b: Goobrow|Tailwind|p1b: Goobrow\n|-sidestart|p1: appokalypstik|move: Tailwind\n|move|p2b: Great Tusk|Close Combat|p1a: Fig\n|-damage|p1a: Fig|0 fnt\n|-unboost|p2b: Great Tusk|def|1\n|-unboost|p2b: Great Tusk|spd|1\n|faint|p1a: Fig\n|move|p2a: Chien-Pao|Ice Spinner|p1b: Goobrow\n|-supereffective|p1b: Goobrow\n|-enditem|p1b: Goobrow|Focus Sash\n|-damage|p1b: Goobrow|1\/100\n|-damage|p2a: Chien-Pao|81\/100|[from] item: Life Orb\n|\n|upkeep\n|\n|t:|1683433888\n|switch|p1a: Rotom-Goob|Rotom-Wash, L50|100\/100\n|turn|5\n|\n|t:|1683433903\n|move|p1b: Goobrow|Quash|p2b: Great Tusk\n|-activate|p2b: Great Tusk|move: Quash\n|move|p2a: Chien-Pao|Sucker Punch|p1a: Rotom-Goob\n|-damage|p1a: Rotom-Goob|40\/100\n|-enditem|p1a: Rotom-Goob|Sitrus Berry|[eat]\n|-heal|p1a: Rotom-Goob|65\/100|[from] item: Sitrus Berry\n|-damage|p2a: Chien-Pao|72\/100|[from] item: Life Orb\n|move|p1a: Rotom-Goob|Hydro Pump|p2b: Great Tusk\n|-supereffective|p2b: Great Tusk\n|-damage|p2b: Great Tusk|0 fnt\n|faint|p2b: Great Tusk\n|-end|p2b: Great Tusk|Protosynthesis|[silent]\n|\n|upkeep\n|turn|6\n|\n|t:|1683433931\n|-terastallize|p1b: Goobrow|Flying\n|move|p2a: Chien-Pao|Protect|p2a: Chien-Pao\n|-singleturn|p2a: Chien-Pao|Protect\n|move|p1b: Goobrow|Brave Bird|p2a: Chien-Pao\n|-activate|p2a: Chien-Pao|move: Protect\n|move|p1a: Rotom-Goob|Discharge|p2a: Chien-Pao|[spread] p1b\n|-activate|p2a: Chien-Pao|move: Protect\n|-supereffective|p1b: Goobrow\n|-damage|p1b: Goobrow|0 fnt\n|faint|p1b: Goobrow\n|\n|upkeep\n|turn|7\n|c|\u2606appokalypstik|rip\n|\n|t:|1683433950\n|move|p2a: Chien-Pao|Sucker Punch|p1a: Rotom-Goob\n|-damage|p1a: Rotom-Goob|0 fnt\n|faint|p1a: Rotom-Goob\n|-damage|p2a: Chien-Pao|62\/100|[from] item: Life Orb\n|\n|win|linxufan pokemon\n|raw|appokalypstik's rating: 1586 → 1571<\/strong> (-15 for losing)\n|raw|linxufan pokemon's rating: 1681 → 1696<\/strong> (+15 for winning)\n|l|\u2606appokalypstik\n","uploadtime":1683433958,"views":11,"p1id":"appokalypstik","p2id":"linxufanpokemon","formatid":"gen9vgc2023regulationc","rating":1571,"private":0,"password":""}