{"id":"gen9vgc2023regulationc-1848719669","p1":"BlindMagneton","p2":"shm0406","format":"[Gen 9] VGC 2023 Regulation C","log":"|j|\u2606BlindMagneton\n|j|\u2606shm0406\n|t:|1682103744\n|gametype|doubles\n|player|p1|BlindMagneton|wattson|1300\n|player|p2|shm0406|n|1371\n|teamsize|p1|6\n|teamsize|p2|6\n|gen|9\n|tier|[Gen 9] VGC 2023 Regulation C\n|rated|\n|rule|Species Clause: Limit one of each Pok\u00e9mon\n|rule|Item Clause: Limit one of each item\n|clearpoke\n|poke|p1|Tinkaton, L50, F|\n|poke|p1|Wo-Chien, L50|\n|poke|p1|Ceruledge, L50, F|\n|poke|p1|Grimmsnarl, L50, M|\n|poke|p1|Chien-Pao, L50|\n|poke|p1|Dragapult, L50, M|\n|poke|p2|Talonflame, L50, F|\n|poke|p2|Garchomp, L50, M|\n|poke|p2|Flutter Mane, L50|\n|poke|p2|Amoonguss, L50, M|\n|poke|p2|Chien-Pao, L50|\n|poke|p2|Iron Bundle, L50|\n|teampreview|4\n|\n|t:|1682103879\n|start\n|switch|p1a: Grimmsnarl|Grimmsnarl, L50, M|100\/100\n|switch|p1b: Dragapult|Dragapult, L50, M|100\/100\n|switch|p2a: Garchomp|Garchomp, L50, M|100\/100\n|switch|p2b: Talonflame|Talonflame, L50, F, shiny|100\/100\n|turn|1\n|\n|t:|1682103892\n|-terastallize|p1b: Dragapult|Fairy\n|-terastallize|p2a: Garchomp|Steel\n|move|p2b: Talonflame|Tailwind|p2b: Talonflame\n|-sidestart|p2: shm0406|move: Tailwind\n|move|p1a: Grimmsnarl|Swagger|p2b: Talonflame\n|-boost|p2b: Talonflame|atk|2\n|-enditem|p1b: Dragapult|Mirror Herb\n|-boost|p1b: Dragapult|atk|2|[from] item: Mirror Herb\n|-start|p2b: Talonflame|confusion\n|move|p2a: Garchomp|Swords Dance|p2a: Garchomp\n|-boost|p2a: Garchomp|atk|2\n|move|p1b: Dragapult|Dragon Darts|p2b: Talonflame\n|-damage|p2b: Talonflame|42\/100\n|-anim|p1b: Dragapult|Dragon Darts|p2a: Garchomp\n|-resisted|p2a: Garchomp\n|-damage|p2a: Garchomp|78\/100\n|\n|upkeep\n|turn|2\n|\n|t:|1682103929\n|move|p1a: Grimmsnarl|Thunder Wave|p2a: Garchomp\n|-status|p2a: Garchomp|par\n|-activate|p2b: Talonflame|confusion\n|move|p2b: Talonflame|Heat Wave|p1a: Grimmsnarl|[spread] p1a\n|-miss|p2b: Talonflame|p1b: Dragapult\n|-damage|p1a: Grimmsnarl|74\/100\n|move|p1b: Dragapult|Phantom Force||[still]\n|-prepare|p1b: Dragapult|Phantom Force\n|move|p2a: Garchomp|Earthquake|p1a: Grimmsnarl|[spread] p1a\n|-miss|p2a: Garchomp|p1b: Dragapult\n|-immune|p2b: Talonflame\n|-damage|p1a: Grimmsnarl|0 fnt\n|faint|p1a: Grimmsnarl\n|\n|upkeep\n|\n|t:|1682103949\n|switch|p1a: Ceruledge|Ceruledge, L50, F|100\/100\n|turn|3\n|\n|t:|1682103955\n|switch|p1a: Chien-Pao|Chien-Pao, L50|100\/100\n|-ability|p1a: Chien-Pao|Sword of Ruin\n|-activate|p2b: Talonflame|confusion\n|move|p2b: Talonflame|Quick Guard|p2b: Talonflame\n|-singleturn|p2b: Talonflame|Quick Guard\n|move|p1b: Dragapult|Phantom Force|p2a: Garchomp|[from]lockedmove\n|-activate|p2a: Garchomp|move: Phantom Force|[broken]\n|-damage|p2a: Garchomp|0 fnt\n|-damage|p1b: Dragapult|88\/100|[from] ability: Rough Skin|[of] p2a: Garchomp\n|faint|p2a: Garchomp\n|\n|upkeep\n|\n|t:|1682103972\n|switch|p2a: Flutter Mane|Flutter Mane, L50|100\/100\n|turn|4\n|\n|t:|1682103997\n|switch|p1a: Ceruledge|Ceruledge, L50, F|100\/100\n|move|p2a: Flutter Mane|Dazzling Gleam|p1b: Dragapult|[spread] p1a,p1b\n|-resisted|p1a: Ceruledge\n|-damage|p1a: Ceruledge|87\/100\n|-damage|p1b: Dragapult|46\/100\n|-activate|p2b: Talonflame|confusion\n|-damage|p2b: Talonflame|26\/100|[from] confusion\n|move|p1b: Dragapult|Phantom Force||[still]\n|-prepare|p1b: Dragapult|Phantom Force\n|\n|-sideend|p2: shm0406|move: Tailwind\n|upkeep\n|turn|5\n|\n|t:|1682104030\n|move|p1a: Ceruledge|Shadow Sneak|p2b: Talonflame\n|-damage|p2b: Talonflame|5\/100\n|move|p1b: Dragapult|Phantom Force|p2a: Flutter Mane|[from]lockedmove\n|-supereffective|p2a: Flutter Mane\n|-enditem|p2a: Flutter Mane|Focus Sash\n|-damage|p2a: Flutter Mane|1\/100\n|move|p2a: Flutter Mane|Shadow Ball|p1a: Ceruledge\n|-supereffective|p1a: Ceruledge\n|-damage|p1a: Ceruledge|17\/100\n|-end|p2b: Talonflame|confusion\n|move|p2b: Talonflame|Tailwind|p2b: Talonflame\n|-sidestart|p2: shm0406|move: Tailwind\n|\n|upkeep\n|turn|6\n|\n|t:|1682104066\n|move|p2b: Talonflame|Quick Guard|p2b: Talonflame\n|-singleturn|p2b: Talonflame|Quick Guard\n|move|p1a: Ceruledge|Shadow Sneak|p2a: Flutter Mane\n|-activate|p2a: Flutter Mane|move: Quick Guard\n|move|p2a: Flutter Mane|Dazzling Gleam|p1b: Dragapult|[spread] p1a,p1b\n|-resisted|p1a: Ceruledge\n|-damage|p1a: Ceruledge|4\/100\n|-damage|p1b: Dragapult|1\/100\n|move|p1b: Dragapult|Phantom Force||[still]\n|-prepare|p1b: Dragapult|Phantom Force\n|\n|upkeep\n|turn|7\n|\n|t:|1682104089\n|-end|p2a: Flutter Mane|Protosynthesis|[silent]\n|switch|p2a: Iron Bundle|Iron Bundle, L50|100\/100\n|-enditem|p2a: Iron Bundle|Booster Energy\n|-activate|p2a: Iron Bundle|ability: Quark Drive|[fromitem]\n|-start|p2a: Iron Bundle|quarkdrivespe\n|move|p1a: Ceruledge|Protect|p1a: Ceruledge\n|-singleturn|p1a: Ceruledge|Protect\n|move|p2b: Talonflame|Heat Wave|p1b: Dragapult|[spread] \n|-miss|p2b: Talonflame|p1b: Dragapult\n|-activate|p1a: Ceruledge|move: Protect\n|move|p1b: Dragapult|Phantom Force|p2b: Talonflame|[from]lockedmove\n|-damage|p2b: Talonflame|0 fnt\n|faint|p2b: Talonflame\n|\n|upkeep\n|\n|t:|1682104102\n|switch|p2b: Flutter Mane|Flutter Mane, L50|1\/100\n|turn|8\n|\n|t:|1682104126\n|switch|p1a: Chien-Pao|Chien-Pao, L50|100\/100\n|-ability|p1a: Chien-Pao|Sword of Ruin\n|move|p2b: Flutter Mane|Protect|p2b: Flutter Mane\n|-singleturn|p2b: Flutter Mane|Protect\n|move|p2a: Iron Bundle|Icy Wind|p1a: Chien-Pao|[spread] p1a,p1b\n|-resisted|p1a: Chien-Pao\n|-damage|p1a: Chien-Pao|84\/100\n|-damage|p1b: Dragapult|0 fnt\n|-unboost|p1a: Chien-Pao|spe|1\n|faint|p1b: Dragapult\n|\n|-sideend|p2: shm0406|move: Tailwind\n|upkeep\n|\n|t:|1682104137\n|switch|p1b: Ceruledge|Ceruledge, L50, F|4\/100\n|turn|9\n|\n|t:|1682104151\n|move|p2b: Flutter Mane|Protect|p2b: Flutter Mane\n|-singleturn|p2b: Flutter Mane|Protect\n|move|p1b: Ceruledge|Shadow Sneak|p2b: Flutter Mane\n|-activate|p2b: Flutter Mane|move: Protect\n|move|p2a: Iron Bundle|Icy Wind|p1b: Ceruledge|[spread] p1a,p1b\n|-resisted|p1a: Chien-Pao\n|-resisted|p1b: Ceruledge\n|-damage|p1a: Chien-Pao|66\/100\n|-damage|p1b: Ceruledge|0 fnt\n|-unboost|p1a: Chien-Pao|spe|1\n|faint|p1b: Ceruledge\n|move|p1a: Chien-Pao|Sacred Sword|p2a: Iron Bundle\n|-supereffective|p2a: Iron Bundle\n|-damage|p2a: Iron Bundle|0 fnt\n|faint|p2a: Iron Bundle\n|-end|p2a: Iron Bundle|Quark Drive|[silent]\n|-damage|p1a: Chien-Pao|56\/100|[from] item: Life Orb\n|\n|upkeep\n|turn|10\n|\n|t:|1682104166\n|move|p2b: Flutter Mane|Protect||[still]\n|-fail|p2b: Flutter Mane\n|move|p1a: Chien-Pao|Ice Shard|p2b: Flutter Mane\n|-damage|p2b: Flutter Mane|0 fnt\n|faint|p2b: Flutter Mane\n|-end|p2b: Flutter Mane|Protosynthesis|[silent]\n|-damage|p1a: Chien-Pao|46\/100|[from] item: Life Orb\n|\n|win|BlindMagneton\n|raw|BlindMagneton's rating: 1300 → 1330<\/strong> (+30 for winning)\n|raw|shm0406's rating: 1371 → 1347<\/strong> (-24 for losing)\n|l|\u2606shm0406\n","uploadtime":1682104180,"views":12,"p1id":"blindmagneton","p2id":"shm0406","formatid":"gen9vgc2023regulationc","rating":1330,"private":0,"password":""}