{"id":"gen9vgc2023regulationc-1849856063","p1":"Zer0x1","p2":"Eliseo1995","format":"[Gen 9] VGC 2023 Regulation C","log":"|j|\u2606Zer0x1\n|j|\u2606Eliseo1995\n|t:|1682261125\n|gametype|doubles\n|player|p1|Zer0x1|cynthia|1334\n|player|p2|Eliseo1995|bugcatcher-gen4dp|1433\n|teamsize|p1|6\n|teamsize|p2|6\n|gen|9\n|tier|[Gen 9] VGC 2023 Regulation C\n|rated|\n|rule|Species Clause: Limit one of each Pok\u00e9mon\n|rule|Item Clause: Limit one of each item\n|clearpoke\n|poke|p1|Dachsbun, L50, F|\n|poke|p1|Chi-Yu, L50|\n|poke|p1|Flutter Mane, L50|\n|poke|p1|Dragonite, L50, M|\n|poke|p1|Chien-Pao, L50|\n|poke|p1|Gyarados, L50, M|\n|poke|p2|Grimmsnarl, L50, M|\n|poke|p2|Wo-Chien, L50|\n|poke|p2|Flutter Mane, L50|\n|poke|p2|Chien-Pao, L50|\n|poke|p2|Palafin, L50, F|\n|poke|p2|Iron Moth, L50|\n|teampreview|4\n|inactive|Battle timer is ON: inactive players will automatically lose when time's up. (requested by Eliseo1995)\n|\n|t:|1682261142\n|start\n|switch|p1a: Dachsbun|Dachsbun, L50, F|100\/100\n|switch|p1b: Chi-Yu|Chi-Yu, L50|100\/100\n|switch|p2a: Grimmsnarl|Grimmsnarl, L50, M|100\/100\n|switch|p2b: Palafin|Palafin, L50, F|100\/100\n|-ability|p1b: Chi-Yu|Beads of Ruin\n|turn|1\n|inactive|Zer0x1 has 30 seconds left.\n|\n|t:|1682261169\n|switch|p1b: Gyarados|Gyarados, L50, M|100\/100\n|-ability|p1b: Gyarados|Intimidate|boost\n|-unboost|p2a: Grimmsnarl|atk|1\n|-unboost|p2b: Palafin|atk|1\n|move|p2a: Grimmsnarl|Fake Out|p1b: Gyarados\n|-damage|p1b: Gyarados|93\/100\n|move|p2b: Palafin|Flip Turn|p1a: Dachsbun\n|-damage|p1a: Dachsbun|78\/100\n|\n|t:|1682261180\n|detailschange|p2b: Palafin|Palafin-Hero, L50, F\n|switch|p2b: Wo-Chien|Wo-Chien, L50|100\/100|[from] Flip Turn\n|-ability|p2b: Wo-Chien|Tablets of Ruin\n|move|p1a: Dachsbun|Yawn|p2a: Grimmsnarl\n|-start|p2a: Grimmsnarl|move: Yawn|[of] p1a: Dachsbun\n|\n|-heal|p1a: Dachsbun|84\/100|[from] item: Leftovers\n|upkeep\n|turn|2\n|\n|t:|1682261196\n|switch|p2a: Flutter Mane|Flutter Mane, L50|100\/100\n|move|p1a: Dachsbun|Yawn|p2b: Wo-Chien\n|-start|p2b: Wo-Chien|move: Yawn|[of] p1a: Dachsbun\n|move|p1b: Gyarados|Thunder Wave|p2a: Flutter Mane\n|-status|p2a: Flutter Mane|par\n|move|p2b: Wo-Chien|Leech Seed|p1a: Dachsbun\n|-start|p1a: Dachsbun|move: Leech Seed\n|\n|-heal|p1a: Dachsbun|90\/100|[from] item: Leftovers\n|-damage|p1a: Dachsbun|78\/100|[from] Leech Seed|[of] p2b: Wo-Chien\n|upkeep\n|turn|3\n|\n|t:|1682261216\n|switch|p1a: Chi-Yu|Chi-Yu, L50|100\/100\n|-ability|p1a: Chi-Yu|Beads of Ruin\n|switch|p2b: Grimmsnarl|Grimmsnarl, L50, M|100\/100\n|move|p2a: Flutter Mane|Moonblast|p1a: Chi-Yu\n|-damage|p1a: Chi-Yu|43\/100\n|move|p1b: Gyarados|Waterfall|p2a: Flutter Mane\n|-enditem|p2a: Flutter Mane|Focus Sash\n|-damage|p2a: Flutter Mane|1\/100 par\n|\n|upkeep\n|turn|4\n|\n|t:|1682261235\n|switch|p1b: Dachsbun|Dachsbun, L50, F|78\/100\n|move|p2b: Grimmsnarl|Fake Out|p1a: Chi-Yu\n|-damage|p1a: Chi-Yu|25\/100\n|cant|p1a: Chi-Yu|flinch\n|move|p2a: Flutter Mane|Dazzling Gleam|p1a: Chi-Yu|[spread] p1a,p1b\n|-damage|p1a: Chi-Yu|0 fnt\n|-damage|p1b: Dachsbun|40\/100\n|faint|p1a: Chi-Yu\n|\n|-heal|p1b: Dachsbun|46\/100|[from] item: Leftovers\n|upkeep\n|\n|t:|1682261247\n|switch|p1a: Gyarados|Gyarados, L50, M|93\/100\n|-ability|p1a: Gyarados|Intimidate|boost\n|-unboost|p2a: Flutter Mane|atk|1\n|-unboost|p2b: Grimmsnarl|atk|1\n|turn|5\n|\n|t:|1682261262\n|move|p2b: Grimmsnarl|Reflect|p2b: Grimmsnarl\n|-sidestart|p2: Eliseo1995|Reflect\n|move|p1b: Dachsbun|Wish|p1b: Dachsbun\n|move|p2a: Flutter Mane|Dazzling Gleam|p1a: Gyarados|[spread] p1a,p1b\n|-damage|p1a: Gyarados|65\/100\n|-damage|p1b: Dachsbun|16\/100\n|move|p1a: Gyarados|Waterfall|p2a: Flutter Mane\n|-damage|p2a: Flutter Mane|0 fnt\n|faint|p2a: Flutter Mane\n|-end|p2a: Flutter Mane|Protosynthesis|[silent]\n|\n|-heal|p1b: Dachsbun|22\/100|[from] item: Leftovers\n|upkeep\n|\n|t:|1682261274\n|switch|p2a: Wo-Chien|Wo-Chien, L50|100\/100\n|-ability|p2a: Wo-Chien|Tablets of Ruin\n|turn|6\n|\n|t:|1682261287\n|move|p1b: Dachsbun|Protect|p1b: Dachsbun\n|-singleturn|p1b: Dachsbun|Protect\n|move|p1a: Gyarados|Taunt|p2a: Wo-Chien\n|-start|p2a: Wo-Chien|move: Taunt\n|cant|p2a: Wo-Chien|move: Taunt|Leech Seed\n|move|p2b: Grimmsnarl|Spirit Break|p1a: Gyarados\n|-crit|p1a: Gyarados\n|-damage|p1a: Gyarados|31\/100\n|-unboost|p1a: Gyarados|spa|1\n|\n|-heal|p1b: Dachsbun|72\/100|[from] move: Wish|[wisher] Dachsbun\n|-heal|p1b: Dachsbun|78\/100|[from] item: Leftovers\n|upkeep\n|turn|7\n|\n|t:|1682261310\n|move|p1b: Dachsbun|Yawn|p2a: Wo-Chien\n|-start|p2a: Wo-Chien|move: Yawn|[of] p1b: Dachsbun\n|move|p1a: Gyarados|Waterfall|p2b: Grimmsnarl\n|-damage|p2b: Grimmsnarl|74\/100\n|move|p2a: Wo-Chien|Giga Drain|p1a: Gyarados\n|-damage|p1a: Gyarados|10\/100\n|move|p2b: Grimmsnarl|Spirit Break|p1a: Gyarados\n|-damage|p1a: Gyarados|0 fnt\n|faint|p1a: Gyarados\n|\n|-heal|p1b: Dachsbun|84\/100|[from] item: Leftovers\n|upkeep\n|\n|t:|1682261324\n|switch|p1a: Flutter Mane|Flutter Mane, L50|100\/100\n|-enditem|p1a: Flutter Mane|Booster Energy\n|-activate|p1a: Flutter Mane|ability: Protosynthesis|[fromitem]\n|-start|p1a: Flutter Mane|protosynthesisspe\n|turn|8\n|\n|t:|1682261339\n|switch|p2a: Palafin|Palafin-Hero, L50, F|100\/100\n|-activate|p2a: Palafin|ability: Zero to Hero\n|-terastallize|p1a: Flutter Mane|Fairy\n|move|p2b: Grimmsnarl|Light Screen|p2b: Grimmsnarl\n|-sidestart|p2: Eliseo1995|move: Light Screen\n|move|p1a: Flutter Mane|Dazzling Gleam|p2a: Palafin|[spread] p2a,p2b\n|-supereffective|p2b: Grimmsnarl\n|-damage|p2a: Palafin|73\/100\n|-damage|p2b: Grimmsnarl|30\/100\n|move|p1b: Dachsbun|Yawn|p2b: Grimmsnarl\n|-start|p2b: Grimmsnarl|move: Yawn|[of] p1b: Dachsbun\n|\n|-heal|p1b: Dachsbun|90\/100|[from] item: Leftovers\n|upkeep\n|turn|9\n|inactive|Eliseo1995 has 30 seconds left.\n|\n|t:|1682261365\n|move|p1a: Flutter Mane|Protect|p1a: Flutter Mane\n|-singleturn|p1a: Flutter Mane|Protect\n|move|p2a: Palafin|Flip Turn|p1a: Flutter Mane\n|-activate|p1a: Flutter Mane|move: Protect\n|move|p1b: Dachsbun|Body Press|p2a: Palafin\n|-damage|p2a: Palafin|60\/100\n|move|p2b: Grimmsnarl|Spirit Break|p1a: Flutter Mane\n|-activate|p1a: Flutter Mane|move: Protect\n|\n|-heal|p1b: Dachsbun|96\/100|[from] item: Leftovers\n|-end|p2b: Grimmsnarl|move: Yawn|[silent]\n|-status|p2b: Grimmsnarl|slp\n|upkeep\n|turn|10\n|\n|t:|1682261388\n|move|p1a: Flutter Mane|Dazzling Gleam|p2b: Grimmsnarl|[spread] p2a,p2b\n|-supereffective|p2b: Grimmsnarl\n|-damage|p2a: Palafin|33\/100\n|-damage|p2b: Grimmsnarl|0 fnt\n|faint|p2b: Grimmsnarl\n|move|p2a: Palafin|Flip Turn|p1a: Flutter Mane\n|-damage|p1a: Flutter Mane|0 fnt\n|faint|p1a: Flutter Mane\n|-end|p1a: Flutter Mane|Protosynthesis|[silent]\n|\n|t:|1682261396\n|switch|p2a: Wo-Chien|Wo-Chien, L50|100\/100|[from] Flip Turn\n|-ability|p2a: Wo-Chien|Tablets of Ruin\n|move|p1b: Dachsbun|Yawn|p2a: Wo-Chien\n|-start|p2a: Wo-Chien|move: Yawn|[of] p1b: Dachsbun\n|\n|-heal|p1b: Dachsbun|100\/100|[from] item: Leftovers\n|upkeep\n|-message|Zer0x1 forfeited.\n|\n|win|Eliseo1995\n|raw|Zer0x1's rating: 1334 → 1320<\/strong> (-14 for losing)\n|raw|Eliseo1995's rating: 1433 → 1447<\/strong> (+14 for winning)\n","uploadtime":1682261408,"views":15,"p1id":"zer0x1","p2id":"eliseo1995","formatid":"gen9vgc2023regulationc","rating":1320,"private":0,"password":""}