{"id":"gen9vgc2023regulationc-1845182151","p1":"DoctorCaliente","p2":"Flakzin","format":"[Gen 9] VGC 2023 Regulation C","log":"|j|\u2606DoctorCaliente\n|j|\u2606Flakzin\n|t:|1681693385\n|gametype|doubles\n|player|p1|DoctorCaliente|pokemonrangerf|\n|player|p2|Flakzin|unknown|\n|teamsize|p1|6\n|teamsize|p2|6\n|gen|9\n|tier|[Gen 9] VGC 2023 Regulation C\n|rule|Species Clause: Limit one of each Pok\u00e9mon\n|rule|Item Clause: Limit one of each item\n|clearpoke\n|poke|p1|Chi-Yu, L50|\n|poke|p1|Iron Bundle, L50|\n|poke|p1|Chien-Pao, L50|\n|poke|p1|Dragonite, L50, M|\n|poke|p1|Gholdengo, L50|\n|poke|p1|Amoonguss, L50, M|\n|poke|p2|Talonflame, L50, F|\n|poke|p2|Flutter Mane, L50|\n|poke|p2|Great Tusk, L50|\n|poke|p2|Iron Bundle, L50|\n|poke|p2|Brute Bonnet, L50|\n|poke|p2|Baxcalibur, L50, F|\n|teampreview|4\nDoctorCaliente has agreed to open team sheets.\nFlakzin has agreed to open team sheets.\n|\n|t:|1681693444\n|start\n|switch|p1a: Iron Bonkle|Iron Bundle, L50|100\/100\n|switch|p1b: Bonkonite|Dragonite, L50, M|100\/100\n|switch|p2a: Iron Bundle|Iron Bundle, L50|100\/100\n|switch|p2b: Brute Bonnet|Brute Bonnet, L50|100\/100\n|-enditem|p2a: Iron Bundle|Booster Energy\n|-activate|p2a: Iron Bundle|ability: Quark Drive|[fromitem]\n|-start|p2a: Iron Bundle|quarkdrivespe\n|-enditem|p1a: Iron Bonkle|Booster Energy\n|-activate|p1a: Iron Bonkle|ability: Quark Drive|[fromitem]\n|-start|p1a: Iron Bonkle|quarkdrivespe\n|turn|1\n|\n|t:|1681693466\n|-terastallize|p2a: Iron Bundle|Ghost\n|-terastallize|p1b: Bonkonite|Flying\n|move|p1a: Iron Bonkle|Protect|p1a: Iron Bonkle\n|-singleturn|p1a: Iron Bonkle|Protect\n|move|p2a: Iron Bundle|Icy Wind|p1a: Iron Bonkle|[spread] p1b\n|-activate|p1a: Iron Bonkle|move: Protect\n|-supereffective|p1b: Bonkonite\n|-damage|p1b: Bonkonite|88\/100\n|-unboost|p1b: Bonkonite|spe|1\n|move|p2b: Brute Bonnet|Spore|p1b: Bonkonite\n|-status|p1b: Bonkonite|slp|[from] move: Spore\n|cant|p1b: Bonkonite|slp\n|\n|upkeep\n|turn|2\n|\n|t:|1681693503\n|-end|p1a: Iron Bonkle|Quark Drive|[silent]\n|switch|p1a: Chien-Bonk|Chien-Pao, L50|100\/100\n|-ability|p1a: Chien-Bonk|Sword of Ruin\n|move|p2b: Brute Bonnet|Sucker Punch||[still]\n|-fail|p2b: Brute Bonnet\n|move|p2a: Iron Bundle|Freeze-Dry|p1a: Chien-Bonk\n|-resisted|p1a: Chien-Bonk\n|-damage|p1a: Chien-Bonk|73\/100\n|cant|p1b: Bonkonite|slp\n|\n|upkeep\n|turn|3\n|\n|t:|1681693533\n|move|p1a: Chien-Bonk|Sucker Punch|p2a: Iron Bundle\n|-supereffective|p2a: Iron Bundle\n|-damage|p2a: Iron Bundle|0 fnt\n|faint|p2a: Iron Bundle\n|-end|p2a: Iron Bundle|Quark Drive|[silent]\n|move|p2b: Brute Bonnet|Spore|p1a: Chien-Bonk\n|-status|p1a: Chien-Bonk|slp|[from] move: Spore\n|-curestatus|p1b: Bonkonite|slp|[msg]\n|move|p1b: Bonkonite|Tera Blast|p2b: Brute Bonnet\n|-supereffective|p2b: Brute Bonnet\n|-damage|p2b: Brute Bonnet|0 fnt\n|faint|p2b: Brute Bonnet\n|-end|p2b: Brute Bonnet|Protosynthesis|[silent]\n|\n|upkeep\n|\n|t:|1681693542\n|switch|p2a: Great Tusk|Great Tusk, L50|100\/100\n|switch|p2b: Flutter Mane|Flutter Mane, L50|100\/100\n|turn|4\n|\n|t:|1681693557\n|cant|p1a: Chien-Bonk|slp\n|move|p2b: Flutter Mane|Dazzling Gleam|p1a: Chien-Bonk|[spread] p1a,p1b\n|-supereffective|p1a: Chien-Bonk\n|-damage|p1a: Chien-Bonk|0 fnt\n|-damage|p1b: Bonkonite|60\/100\n|faint|p1a: Chien-Bonk\n|move|p2a: Great Tusk|Ice Spinner|p1b: Bonkonite\n|-supereffective|p1b: Bonkonite\n|-damage|p1b: Bonkonite|9\/100\n|move|p1b: Bonkonite|Tera Blast|p2a: Great Tusk\n|-supereffective|p2a: Great Tusk\n|-damage|p2a: Great Tusk|8\/100\n|\n|upkeep\n|\n|t:|1681693569\n|switch|p1a: Bonk-Yu|Chi-Yu, L50|100\/100\n|-ability|p1a: Bonk-Yu|Beads of Ruin\n|turn|5\n|\n|t:|1681693578\n|move|p1b: Bonkonite|Extreme Speed|p2a: Great Tusk\n|-crit|p2a: Great Tusk\n|-damage|p2a: Great Tusk|0 fnt\n|faint|p2a: Great Tusk\n|-end|p2a: Great Tusk|Protosynthesis|[silent]\n|move|p1a: Bonk-Yu|Dark Pulse|p2b: Flutter Mane\n|-damage|p2b: Flutter Mane|48\/100\n|move|p2b: Flutter Mane|Dazzling Gleam|p1a: Bonk-Yu|[spread] p1a,p1b\n|-damage|p1a: Bonk-Yu|45\/100\n|-damage|p1b: Bonkonite|0 fnt\n|faint|p1b: Bonkonite\n|\n|upkeep\n|\n|t:|1681693589\n|switch|p1b: Iron Bonkle|Iron Bundle, L50|100\/100\n|turn|6\n|\n|t:|1681693594\n|move|p1a: Bonk-Yu|Dark Pulse|p2b: Flutter Mane\n|-damage|p2b: Flutter Mane|0 fnt\n|faint|p2b: Flutter Mane\n|-end|p2b: Flutter Mane|Protosynthesis|[silent]\n|\n|win|DoctorCaliente\n|l|\u2606Flakzin\n","uploadtime":1681693602,"views":13,"p1id":"doctorcaliente","p2id":"flakzin","formatid":"gen9vgc2023regulationc","rating":0,"private":0,"password":""}