{"id":"gen9vgc2023regulationc-1860917041","p1":"Turbanmeyer","p2":"1123274538wsn","format":"[Gen 9] VGC 2023 Regulation C","log":"|j|\u2606Turbanmeyer\n|j|\u26061123274538wsn\n|t:|1683695521\n|gametype|doubles\n|player|p1|Turbanmeyer|169|1342\n|player|p2|1123274538wsn|102|1374\n|teamsize|p1|6\n|teamsize|p2|6\n|gen|9\n|tier|[Gen 9] VGC 2023 Regulation C\n|rated|\n|rule|Species Clause: Limit one of each Pok\u00e9mon\n|rule|Item Clause: Limit one of each item\n|clearpoke\n|poke|p1|Wo-Chien, L50|\n|poke|p1|Klefki, L50, M|\n|poke|p1|Azumarill, L50, M|\n|poke|p1|Volcarona, L50, F|\n|poke|p1|Ceruledge, L50, M|\n|poke|p1|Iron Hands, L50|\n|poke|p2|Flutter Mane, L50|\n|poke|p2|Iron Bundle, L50|\n|poke|p2|Chi-Yu, L50|\n|poke|p2|Glimmora, L50, M|\n|poke|p2|Dondozo, L50, M|\n|poke|p2|Tatsugiri, L50, M|\n|teampreview|4\n|inactive|Battle timer is ON: inactive players will automatically lose when time's up. (requested by Turbanmeyer)\n|inactive|Turbanmeyer has 60 seconds left.\n|\n|t:|1683695575\n|start\n|switch|p1a: Iron Hands|Iron Hands, L50|100\/100\n|switch|p1b: Volcarona|Volcarona, L50, F|100\/100\n|switch|p2a: Flutter Mane|Flutter Mane, L50|100\/100\n|switch|p2b: Chi-Yu|Chi-Yu, L50|100\/100\n|-ability|p2b: Chi-Yu|Beads of Ruin\n|turn|1\n|inactive|1123274538wsn has 30 seconds left.\n|\n|t:|1683695603\n|-terastallize|p2a: Flutter Mane|Fairy\n|-terastallize|p1a: Iron Hands|Fire\n|move|p2b: Chi-Yu|Protect|p2b: Chi-Yu\n|-singleturn|p2b: Chi-Yu|Protect\n|move|p1b: Volcarona|Protect|p1b: Volcarona\n|-singleturn|p1b: Volcarona|Protect\n|move|p2a: Flutter Mane|Dazzling Gleam|p1b: Volcarona|[spread] p1a\n|-activate|p1b: Volcarona|move: Protect\n|-resisted|p1a: Iron Hands\n|-damage|p1a: Iron Hands|80\/100\n|move|p1a: Iron Hands|Heavy Slam|p2a: Flutter Mane\n|-supereffective|p2a: Flutter Mane\n|-damage|p2a: Flutter Mane|0 fnt\n|faint|p2a: Flutter Mane\n|-end|p2a: Flutter Mane|Protosynthesis|[silent]\n|\n|upkeep\n|\n|t:|1683695617\n|switch|p2a: Dondozo|Dondozo, L50, M|100\/100\n|turn|2\n|\n|t:|1683695635\n|switch|p2b: Tatsugiri|Tatsugiri, L50, M|100\/100\n|-activate|p2b: Tatsugiri|ability: Commander|[of] p2a: Dondozo\n|-boost|p2a: Dondozo|atk|2\n|-boost|p2a: Dondozo|spa|2\n|-boost|p2a: Dondozo|spe|2\n|-boost|p2a: Dondozo|def|2\n|-boost|p2a: Dondozo|spd|2\n|-end|p1a: Iron Hands|Quark Drive|[silent]\n|switch|p1a: Wo-Chien|Wo-Chien, L50|100\/100\n|-ability|p1a: Wo-Chien|Tablets of Ruin\n|move|p2a: Dondozo|Substitute|p2a: Dondozo\n|-start|p2a: Dondozo|Substitute\n|-damage|p2a: Dondozo|76\/100\n|move|p1b: Volcarona|Quiver Dance|p1b: Volcarona\n|-boost|p1b: Volcarona|spa|1\n|-boost|p1b: Volcarona|spd|1\n|-boost|p1b: Volcarona|spe|1\n|\n|-heal|p2a: Dondozo|82\/100|[from] item: Leftovers\n|upkeep\n|turn|3\n|\n|t:|1683695657\n|switch|p1a: Iron Hands|Iron Hands, L50, tera:Fire|80\/100\n|move|p1b: Volcarona|Giga Drain|p2a: Dondozo\n|-supereffective|p2a: Dondozo\n|-activate|p2a: Dondozo|move: Substitute|[damage]\n|move|p2a: Dondozo|Wave Crash|p1b: Volcarona\n|-supereffective|p1b: Volcarona\n|-damage|p1b: Volcarona|0 fnt\n|faint|p1b: Volcarona\n|-damage|p2a: Dondozo|55\/100|[from] Recoil\n|\n|-heal|p2a: Dondozo|61\/100|[from] item: Leftovers\n|upkeep\n|\n|t:|1683695664\n|switch|p1b: Wo-Chien|Wo-Chien, L50|100\/100\n|-ability|p1b: Wo-Chien|Tablets of Ruin\n|turn|4\n|\n|t:|1683695682\n|move|p2a: Dondozo|Protect|p2a: Dondozo\n|-singleturn|p2a: Dondozo|Protect\n|move|p1b: Wo-Chien|Leech Seed|p2a: Dondozo\n|-activate|p2a: Dondozo|move: Protect\n|move|p1a: Iron Hands|Wild Charge|p2a: Dondozo\n|-activate|p2a: Dondozo|move: Protect\n|\n|-heal|p2a: Dondozo|67\/100|[from] item: Leftovers\n|upkeep\n|turn|5\n|\n|t:|1683695693\n|move|p2a: Dondozo|Wave Crash|p1a: Iron Hands\n|-supereffective|p1a: Iron Hands\n|-damage|p1a: Iron Hands|0 fnt\n|faint|p1a: Iron Hands\n|-end|p1a: Iron Hands|Quark Drive|[silent]\n|-damage|p2a: Dondozo|40\/100|[from] Recoil\n|move|p1b: Wo-Chien|Leech Seed||[still]\n|-fail|p1b: Wo-Chien\n|\n|-heal|p2a: Dondozo|46\/100|[from] item: Leftovers\n|upkeep\n|\n|t:|1683695696\n|switch|p1a: Azumarill|Azumarill, L50, M|100\/100\n|turn|6\n|\n|t:|1683695707\n|move|p1a: Azumarill|Aqua Jet|p2a: Dondozo\n|-resisted|p2a: Dondozo\n|-end|p2a: Dondozo|Substitute\n|move|p2a: Dondozo|Earthquake|p1b: Wo-Chien|[spread] p1a,p1b\n|-miss|p2a: Dondozo|p2b: Tatsugiri\n|-resisted|p1b: Wo-Chien\n|-damage|p1a: Azumarill|64\/100\n|-damage|p1b: Wo-Chien|86\/100\n|move|p1b: Wo-Chien|Leech Seed|p2a: Dondozo\n|-start|p2a: Dondozo|move: Leech Seed\n|\n|-heal|p2a: Dondozo|52\/100|[from] item: Leftovers\n|-heal|p1b: Wo-Chien|93\/100|[from] item: Leftovers\n|-damage|p2a: Dondozo|40\/100|[from] Leech Seed|[of] p1b: Wo-Chien\n|-heal|p1b: Wo-Chien|100\/100|[silent]\n|upkeep\n|turn|7\n|\n|t:|1683695730\n|move|p1a: Azumarill|Aqua Jet|p2a: Dondozo\n|-resisted|p2a: Dondozo\n|-damage|p2a: Dondozo|35\/100\n|move|p2a: Dondozo|Wave Crash|p1a: Azumarill\n|-resisted|p1a: Azumarill\n|-damage|p1a: Azumarill|24\/100\n|-damage|p2a: Dondozo|23\/100|[from] Recoil\n|move|p1b: Wo-Chien|Pollen Puff|p1a: Azumarill\n|-heal|p1a: Azumarill|74\/100\n|\n|-heal|p2a: Dondozo|29\/100|[from] item: Leftovers\n|-damage|p2a: Dondozo|16\/100|[from] Leech Seed|[of] p1b: Wo-Chien\n|upkeep\n|turn|8\n|\n|t:|1683695747\n|move|p1a: Azumarill|Aqua Jet|p2a: Dondozo\n|-resisted|p2a: Dondozo\n|-damage|p2a: Dondozo|11\/100\n|move|p2a: Dondozo|Wave Crash|p1b: Wo-Chien\n|-resisted|p1b: Wo-Chien\n|-damage|p1b: Wo-Chien|65\/100\n|-damage|p2a: Dondozo|1\/100|[from] Recoil\n|move|p1b: Wo-Chien|Pollen Puff|p1a: Azumarill\n|-heal|p1a: Azumarill|100\/100\n|\n|-heal|p2a: Dondozo|8\/100|[from] item: Leftovers\n|-heal|p1b: Wo-Chien|71\/100|[from] item: Leftovers\n|-damage|p2a: Dondozo|0 fnt|[from] Leech Seed|[of] p1b: Wo-Chien\n|-heal|p1b: Wo-Chien|80\/100|[silent]\n|faint|p2a: Dondozo\n|upkeep\n|\n|t:|1683695752\n|switch|p2a: Chi-Yu|Chi-Yu, L50|100\/100\n|-ability|p2a: Chi-Yu|Beads of Ruin\n|turn|9\n|\n|t:|1683695775\n|move|p2a: Chi-Yu|Protect|p2a: Chi-Yu\n|-singleturn|p2a: Chi-Yu|Protect\n|move|p1b: Wo-Chien|Protect|p1b: Wo-Chien\n|-singleturn|p1b: Wo-Chien|Protect\n|move|p1a: Azumarill|Aqua Jet|p2a: Chi-Yu\n|-activate|p2a: Chi-Yu|move: Protect\n|move|p2b: Tatsugiri|Muddy Water|p1b: Wo-Chien|[spread] p1a\n|-activate|p1b: Wo-Chien|move: Protect\n|-resisted|p1a: Azumarill\n|-damage|p1a: Azumarill|78\/100\n|-unboost|p1a: Azumarill|accuracy|1\n|\n|-heal|p1b: Wo-Chien|86\/100|[from] item: Leftovers\n|upkeep\n|turn|10\n|inactive|1123274538wsn has 30 seconds left.\n|\n|t:|1683695801\n|move|p1a: Azumarill|Aqua Jet|p2a: Chi-Yu\n|-supereffective|p2a: Chi-Yu\n|-damage|p2a: Chi-Yu|0 fnt\n|faint|p2a: Chi-Yu\n|move|p2b: Tatsugiri|Muddy Water|p1b: Wo-Chien|[spread] p1b\n|-miss|p2b: Tatsugiri|p1a: Azumarill\n|-resisted|p1b: Wo-Chien\n|-damage|p1b: Wo-Chien|75\/100\n|-unboost|p1b: Wo-Chien|accuracy|1\n|move|p1b: Wo-Chien|Leech Seed|p2b: Tatsugiri|[miss]\n|-miss|p1b: Wo-Chien|p2b: Tatsugiri\n|\n|-heal|p1b: Wo-Chien|82\/100|[from] item: Leftovers\n|upkeep\n|turn|11\n|\n|t:|1683695811\n|move|p1a: Azumarill|Aqua Jet|p2b: Tatsugiri|[miss]\n|-miss|p1a: Azumarill|p2b: Tatsugiri\n|move|p2b: Tatsugiri|Muddy Water|p1b: Wo-Chien|[spread] p1a\n|-miss|p2b: Tatsugiri|p1b: Wo-Chien\n|-resisted|p1a: Azumarill\n|-damage|p1a: Azumarill|60\/100\n|-unboost|p1a: Azumarill|accuracy|1\n|move|p1b: Wo-Chien|Leech Seed|p2b: Tatsugiri|[miss]\n|-miss|p1b: Wo-Chien|p2b: Tatsugiri\n|\n|-heal|p1b: Wo-Chien|88\/100|[from] item: Leftovers\n|upkeep\n|turn|12\n|\n|t:|1683695819\n|move|p1a: Azumarill|Aqua Jet|p2b: Tatsugiri|[miss]\n|-miss|p1a: Azumarill|p2b: Tatsugiri\n|move|p2b: Tatsugiri|Muddy Water|p1b: Wo-Chien|[spread] p1a,p1b\n|-resisted|p1a: Azumarill\n|-resisted|p1b: Wo-Chien\n|-damage|p1a: Azumarill|43\/100\n|-damage|p1b: Wo-Chien|79\/100\n|-unboost|p1a: Azumarill|accuracy|1\n|-unboost|p1b: Wo-Chien|accuracy|1\n|move|p1b: Wo-Chien|Pollen Puff|p1a: Azumarill\n|-heal|p1a: Azumarill|93\/100\n|\n|-heal|p1b: Wo-Chien|85\/100|[from] item: Leftovers\n|upkeep\n|turn|13\n|\n|t:|1683695833\n|move|p1b: Wo-Chien|Protect|p1b: Wo-Chien\n|-singleturn|p1b: Wo-Chien|Protect\n|move|p1a: Azumarill|Aqua Jet|p2b: Tatsugiri|[miss]\n|-miss|p1a: Azumarill|p2b: Tatsugiri\n|move|p2b: Tatsugiri|Muddy Water|p1a: Azumarill|[spread] p1a\n|-activate|p1b: Wo-Chien|move: Protect\n|-resisted|p1a: Azumarill\n|-damage|p1a: Azumarill|77\/100\n|-unboost|p1a: Azumarill|accuracy|1\n|\n|-heal|p1b: Wo-Chien|91\/100|[from] item: Leftovers\n|upkeep\n|turn|14\n|\n|t:|1683695845\n|move|p1a: Azumarill|Aqua Jet|p2b: Tatsugiri\n|-resisted|p2b: Tatsugiri\n|-damage|p2b: Tatsugiri|88\/100\n|move|p2b: Tatsugiri|Muddy Water|p1a: Azumarill|[spread] p1a,p1b\n|-resisted|p1a: Azumarill\n|-resisted|p1b: Wo-Chien\n|-damage|p1a: Azumarill|59\/100\n|-damage|p1b: Wo-Chien|82\/100\n|-unboost|p1a: Azumarill|accuracy|1\n|move|p1b: Wo-Chien|Pollen Puff|p1a: Azumarill\n|-heal|p1a: Azumarill|100\/100\n|\n|-heal|p1b: Wo-Chien|88\/100|[from] item: Leftovers\n|upkeep\n|turn|15\n|\n|t:|1683695859\n|move|p1a: Azumarill|Aqua Jet|p2b: Tatsugiri|[miss]\n|-miss|p1a: Azumarill|p2b: Tatsugiri\n|move|p2b: Tatsugiri|Muddy Water|p1a: Azumarill|[spread] p1a,p1b\n|-resisted|p1a: Azumarill\n|-resisted|p1b: Wo-Chien\n|-damage|p1a: Azumarill|85\/100\n|-damage|p1b: Wo-Chien|78\/100\n|move|p1b: Wo-Chien|Knock Off|p2b: Tatsugiri|[miss]\n|-miss|p1b: Wo-Chien|p2b: Tatsugiri\n|\n|-heal|p1b: Wo-Chien|84\/100|[from] item: Leftovers\n|upkeep\n|turn|16\n|\n|t:|1683695869\n|move|p1a: Azumarill|Aqua Jet|p2b: Tatsugiri|[miss]\n|-miss|p1a: Azumarill|p2b: Tatsugiri\n|move|p2b: Tatsugiri|Muddy Water|p1b: Wo-Chien|[spread] p1a,p1b\n|-resisted|p1a: Azumarill\n|-resisted|p1b: Wo-Chien\n|-damage|p1a: Azumarill|67\/100\n|-damage|p1b: Wo-Chien|75\/100\n|-unboost|p1a: Azumarill|accuracy|1\n|move|p1b: Wo-Chien|Leech Seed|p2b: Tatsugiri|[miss]\n|-miss|p1b: Wo-Chien|p2b: Tatsugiri\n|\n|-heal|p1b: Wo-Chien|81\/100|[from] item: Leftovers\n|upkeep\n|turn|17\n|\n|t:|1683695881\n|move|p1a: Azumarill|Aqua Jet|p2b: Tatsugiri\n|-resisted|p2b: Tatsugiri\n|-damage|p2b: Tatsugiri|75\/100\n|move|p2b: Tatsugiri|Muddy Water|p1a: Azumarill|[spread] p1a,p1b\n|-resisted|p1a: Azumarill\n|-resisted|p1b: Wo-Chien\n|-damage|p1a: Azumarill|51\/100\n|-damage|p1b: Wo-Chien|72\/100\n|move|p1b: Wo-Chien|Pollen Puff|p1a: Azumarill\n|-heal|p1a: Azumarill|100\/100\n|\n|-heal|p1b: Wo-Chien|78\/100|[from] item: Leftovers\n|upkeep\n|turn|18\n|\n|t:|1683695893\n|move|p1a: Azumarill|Aqua Jet|p2b: Tatsugiri\n|-resisted|p2b: Tatsugiri\n|-damage|p2b: Tatsugiri|63\/100\n|move|p2b: Tatsugiri|Muddy Water|p1b: Wo-Chien|[spread] p1a,p1b\n|-resisted|p1a: Azumarill\n|-resisted|p1b: Wo-Chien\n|-damage|p1a: Azumarill|85\/100\n|-damage|p1b: Wo-Chien|69\/100\n|move|p1b: Wo-Chien|Leech Seed|p2b: Tatsugiri\n|-start|p2b: Tatsugiri|move: Leech Seed\n|\n|-heal|p1b: Wo-Chien|75\/100|[from] item: Leftovers\n|-damage|p2b: Tatsugiri|51\/100|[from] Leech Seed|[of] p1b: Wo-Chien\n|-heal|p1b: Wo-Chien|84\/100|[silent]\n|upkeep\n|turn|19\n|-message|1123274538wsn forfeited.\n|\n|win|Turbanmeyer\n|raw|Turbanmeyer's rating: 1342 → 1364<\/strong> (+22 for winning)\n|raw|1123274538wsn's rating: 1374 → 1352<\/strong> (-22 for losing)\n|l|\u26061123274538wsn\n","uploadtime":1683695908,"views":20,"p1id":"turbanmeyer","p2id":"1123274538wsn","formatid":"gen9vgc2023regulationc","rating":1352,"private":0,"password":""}