{"id":"gen9vgc2023regulationc-1851214647","p1":"gundojuan8","p2":"Test4sum","format":"[Gen 9] VGC 2023 Regulation C","log":"|j|\u2606gundojuan8\n|j|\u2606Test4sum\n|t:|1682425883\n|gametype|doubles\n|player|p1|gundojuan8|ethan|1193\n|player|p2|Test4sum|102|1244\n|teamsize|p1|6\n|teamsize|p2|6\n|gen|9\n|tier|[Gen 9] VGC 2023 Regulation C\n|rated|\n|rule|Species Clause: Limit one of each Pok\u00e9mon\n|rule|Item Clause: Limit one of each item\n|clearpoke\n|poke|p1|Farigiraf, L50, M|\n|poke|p1|Scizor, L50, M|\n|poke|p1|Iron Bundle, L50|\n|poke|p1|Chi-Yu, L50|\n|poke|p1|Flutter Mane, L50|\n|poke|p1|Iron Hands, L50|\n|poke|p2|Annihilape, L50, F|\n|poke|p2|Maushold-Four, L50|\n|poke|p2|Roaring Moon, L50|\n|poke|p2|Flutter Mane, L50|\n|poke|p2|Chi-Yu, L50|\n|poke|p2|Ting-Lu, L50|\n|teampreview|4\n|inactive|Battle timer is ON: inactive players will automatically lose when time's up. (requested by gundojuan8)\n|inactive|gundojuan8 has 60 seconds left.\n|inactive|Test4sum has 60 seconds left.\n|\n|t:|1682425937\n|start\n|switch|p1a: Iron Bundle|Iron Bundle, L50|100\/100\n|switch|p1b: Flutter Mane|Flutter Mane, L50, shiny|100\/100\n|switch|p2a: Annihilape|Annihilape, L50, F|100\/100\n|switch|p2b: Ting-Lu|Ting-Lu, L50|100\/100\n|-ability|p2b: Ting-Lu|Vessel of Ruin\n|-enditem|p1a: Iron Bundle|Booster Energy\n|-activate|p1a: Iron Bundle|ability: Quark Drive|[fromitem]\n|-start|p1a: Iron Bundle|quarkdrivespe\n|turn|1\n|inactive|gundojuan8 has 30 seconds left.\n|inactive|gundojuan8 has 20 seconds left.\n|inactive|gundojuan8 has 15 seconds left.\n|\n|t:|1682425982\n|-terastallize|p2b: Ting-Lu|Grass\n|move|p1a: Iron Bundle|Hydro Pump|p2a: Annihilape\n|-damage|p2a: Annihilape|63\/100\n|move|p2a: Annihilape|U-turn|p2b: Ting-Lu\n|-supereffective|p2b: Ting-Lu\n|-damage|p2b: Ting-Lu|73\/100\n|-enditem|p2b: Ting-Lu|Weakness Policy\n|-boost|p2b: Ting-Lu|atk|2|[from] item: Weakness Policy\n|-boost|p2b: Ting-Lu|spa|2|[from] item: Weakness Policy\n|\n|t:|1682425994\n|switch|p2a: Chi-Yu|Chi-Yu, L50|100\/100|[from] U-turn\n|-ability|p2a: Chi-Yu|Beads of Ruin\n|move|p1b: Flutter Mane|Dazzling Gleam|p2b: Ting-Lu|[spread] p2a,p2b\n|-damage|p2a: Chi-Yu|70\/100\n|-damage|p2b: Ting-Lu|47\/100\n|move|p2b: Ting-Lu|Tera Blast|p1a: Iron Bundle\n|-supereffective|p1a: Iron Bundle\n|-damage|p1a: Iron Bundle|0 fnt\n|faint|p1a: Iron Bundle\n|-end|p1a: Iron Bundle|Quark Drive|[silent]\n|\n|upkeep\n|\n|t:|1682426010\n|switch|p1a: Chi-Yu|Chi-Yu, L50|100\/100\n|-ability|p1a: Chi-Yu|Beads of Ruin\n|turn|2\n|\n|t:|1682426024\n|move|p2b: Ting-Lu|Protect|p2b: Ting-Lu\n|-singleturn|p2b: Ting-Lu|Protect\n|move|p1b: Flutter Mane|Moonblast|p2a: Chi-Yu\n|-damage|p2a: Chi-Yu|21\/100\n|move|p2a: Chi-Yu|Heat Wave|p1b: Flutter Mane|[spread] p1a,p1b\n|-resisted|p1a: Chi-Yu\n|-crit|p1b: Flutter Mane\n|-damage|p1a: Chi-Yu|82\/100\n|-damage|p1b: Flutter Mane|24\/100\n|-damage|p2a: Chi-Yu|11\/100|[from] item: Life Orb\n|move|p1a: Chi-Yu|Heat Wave|p2b: Ting-Lu|[spread] p2a\n|-activate|p2b: Ting-Lu|move: Protect\n|-resisted|p2a: Chi-Yu\n|-damage|p2a: Chi-Yu|0 fnt\n|faint|p2a: Chi-Yu\n|\n|upkeep\n|\n|t:|1682426042\n|switch|p2a: Annihilape|Annihilape, L50, F|63\/100\n|turn|3\n|\n|t:|1682426053\n|move|p2a: Annihilape|Close Combat|p1a: Chi-Yu\n|-supereffective|p1a: Chi-Yu\n|-damage|p1a: Chi-Yu|0 fnt\n|-unboost|p2a: Annihilape|def|1\n|-unboost|p2a: Annihilape|spd|1\n|faint|p1a: Chi-Yu\n|move|p1b: Flutter Mane|Moonblast|p2a: Annihilape\n|-supereffective|p2a: Annihilape\n|-damage|p2a: Annihilape|0 fnt\n|faint|p2a: Annihilape\n|move|p2b: Ting-Lu|Stomping Tantrum|p1b: Flutter Mane\n|-damage|p1b: Flutter Mane|0 fnt\n|faint|p1b: Flutter Mane\n|-end|p1b: Flutter Mane|Protosynthesis|[silent]\n|\n|upkeep\n|\n|t:|1682426066\n|switch|p1a: Scizor|Scizor, L50, M|100\/100\n|switch|p2a: Flutter Mane|Flutter Mane, L50|100\/100\n|turn|4\n|\n|t:|1682426084\n|move|p1a: Scizor|Protect|p1a: Scizor\n|-singleturn|p1a: Scizor|Protect\n|move|p2b: Ting-Lu|Protect|p2b: Ting-Lu\n|-singleturn|p2b: Ting-Lu|Protect\n|move|p2a: Flutter Mane|Trick Room|p2a: Flutter Mane\n|-fieldstart|move: Trick Room|[of] p2a: Flutter Mane\n|\n|upkeep\n|turn|5\n|\n|t:|1682426108\n|-terastallize|p1a: Scizor|Fire\n|move|p1a: Scizor|Bullet Punch|p2a: Flutter Mane\n|-supereffective|p2a: Flutter Mane\n|-crit|p2a: Flutter Mane\n|-enditem|p2a: Flutter Mane|Focus Sash\n|-damage|p2a: Flutter Mane|1\/100\n|-damage|p1a: Scizor|91\/100|[from] item: Life Orb\n|move|p2b: Ting-Lu|Stomping Tantrum|p1a: Scizor\n|-supereffective|p1a: Scizor\n|-damage|p1a: Scizor|0 fnt\n|faint|p1a: Scizor\n|\n|win|Test4sum\n|raw|gundojuan8's rating: 1193 → 1172<\/strong> (-21 for losing)\n|raw|Test4sum's rating: 1244 → 1265<\/strong> (+21 for winning)\n|l|\u2606gundojuan8\n","uploadtime":1682426123,"views":17,"p1id":"gundojuan8","p2id":"test4sum","formatid":"gen9vgc2023regulationc","rating":1172,"private":0,"password":""}