{"id":"gen9vgc2023regulationc-1862678482","p1":"Hillosogaymer","p2":"Mortipherus","format":"[Gen 9] VGC 2023 Regulation C","log":"|j|\u2606Hillosogaymer\n|j|\u2606Mortipherus\n|t:|1683911441\n|gametype|doubles\n|player|p1|Hillosogaymer|265|1144\n|player|p2|Mortipherus|hooligans|1157\n|teamsize|p1|6\n|teamsize|p2|6\n|gen|9\n|tier|[Gen 9] VGC 2023 Regulation C\n|rated|\n|rule|Species Clause: Limit one of each Pok\u00e9mon\n|rule|Item Clause: Limit one of each item\n|clearpoke\n|poke|p1|Baxcalibur, L50, M|\n|poke|p1|Vivillon, L50, F|\n|poke|p1|Ting-Lu, L50|\n|poke|p1|Orthworm, L50, M|\n|poke|p1|Gyarados, L50, M|\n|poke|p1|Flutter Mane, L50|\n|poke|p2|Dragapult, L50, F|\n|poke|p2|Chien-Pao, L50|\n|poke|p2|Arcanine, L50, F|\n|poke|p2|Amoonguss, L50, M|\n|poke|p2|Gyarados, L50, F|\n|poke|p2|Flutter Mane, L50|\n|teampreview|4\n|inactive|Battle timer is ON: inactive players will automatically lose when time's up. (requested by Mortipherus)\n|inactive|Hillosogaymer has 60 seconds left.\n|\n|t:|1683911506\n|start\n|switch|p1a: Vivillon|Vivillon, L50, F|100\/100\n|switch|p1b: Ting-Lu|Ting-Lu, L50|100\/100\n|switch|p2a: Dragapult|Dragapult, L50, F|100\/100\n|switch|p2b: Arcanine|Arcanine, L50, F|100\/100\n|-ability|p2b: Arcanine|Intimidate|boost\n|-unboost|p1a: Vivillon|atk|1\n|-unboost|p1b: Ting-Lu|atk|1\n|-ability|p1b: Ting-Lu|Vessel of Ruin\n|turn|1\n|inactive|Hillosogaymer has 30 seconds left.\n|\n|t:|1683911536\n|switch|p1b: Gyarados|Gyarados, L50, M|100\/100\n|-ability|p1b: Gyarados|Intimidate|boost\n|-fail|p2a: Dragapult|unboost|[from] ability: Clear Body|[of] p2a: Dragapult\n|-unboost|p2b: Arcanine|atk|1\n|move|p2a: Dragapult|Phantom Force||[still]\n|-prepare|p2a: Dragapult|Phantom Force\n|move|p1a: Vivillon|Tailwind|p1a: Vivillon\n|-sidestart|p1: Hillosogaymer|move: Tailwind\n|move|p2b: Arcanine|Will-O-Wisp|p1b: Gyarados\n|-status|p1b: Gyarados|brn\n|-enditem|p1b: Gyarados|Lum Berry|[eat]\n|-curestatus|p1b: Gyarados|brn|[msg]\n|\n|upkeep\n|turn|2\n|inactive|Hillosogaymer has 30 seconds left.\n|inactive|Hillosogaymer has 20 seconds left.\n|\n|t:|1683911572\n|switch|p1a: Ting-Lu|Ting-Lu, L50|100\/100\n|-ability|p1a: Ting-Lu|Vessel of Ruin\n|move|p2a: Dragapult|Phantom Force|p1a: Ting-Lu|[from]lockedmove\n|-resisted|p1a: Ting-Lu\n|-damage|p1a: Ting-Lu|89\/100\n|move|p1b: Gyarados|Taunt|p2b: Arcanine\n|-start|p2b: Arcanine|move: Taunt\n|cant|p2b: Arcanine|move: Taunt|Will-O-Wisp\n|\n|upkeep\n|turn|3\n|inactive|Hillosogaymer has 30 seconds left.\n|\n|t:|1683911599\n|switch|p2b: Gyarados|Gyarados, L50, F|100\/100\n|-ability|p2b: Gyarados|Intimidate|boost\n|-unboost|p1a: Ting-Lu|atk|1\n|-unboost|p1b: Gyarados|atk|1\n|move|p2a: Dragapult|Phantom Force||[still]\n|-prepare|p2a: Dragapult|Phantom Force\n|move|p1b: Gyarados|Waterfall|p2a: Dragapult|[miss]\n|-miss|p1b: Gyarados|p2a: Dragapult\n|move|p1a: Ting-Lu|Earthquake|p2b: Gyarados|[spread] \n|-miss|p1a: Ting-Lu|p2a: Dragapult\n|-immune|p1b: Gyarados\n|-immune|p2b: Gyarados\n|\n|upkeep\n|turn|4\n|inactive|Hillosogaymer has 30 seconds left.\n|inactive|Mortipherus has 30 seconds left.\n|inactive|Hillosogaymer has 20 seconds left.\n|\n|t:|1683911636\n|switch|p1a: Vivillon|Vivillon, L50, F|100\/100\n|move|p2a: Dragapult|Phantom Force|p1b: Gyarados|[from]lockedmove\n|-damage|p1b: Gyarados|69\/100\n|move|p1b: Gyarados|Taunt|p2b: Gyarados\n|-start|p2b: Gyarados|move: Taunt\n|move|p2b: Gyarados|Waterfall|p1a: Vivillon\n|-damage|p1a: Vivillon|44\/100\n|\n|-sideend|p1: Hillosogaymer|move: Tailwind\n|upkeep\n|turn|5\n|\n|t:|1683911654\n|switch|p2b: Arcanine|Arcanine, L50, F|100\/100\n|-ability|p2b: Arcanine|Intimidate|boost\n|-unboost|p1a: Vivillon|atk|1\n|-unboost|p1b: Gyarados|atk|1\n|move|p2a: Dragapult|Dragon Darts|p1a: Vivillon\n|-damage|p1a: Vivillon|0 fnt\n|-anim|p2a: Dragapult|Dragon Darts|p1b: Gyarados\n|-damage|p1b: Gyarados|47\/100\n|faint|p1a: Vivillon\n|move|p1b: Gyarados|Iron Head|p2a: Dragapult\n|-damage|p2a: Dragapult|84\/100\n|\n|upkeep\n|\n|t:|1683911675\n|switch|p1a: Ting-Lu|Ting-Lu, L50|89\/100\n|-ability|p1a: Ting-Lu|Vessel of Ruin\n|turn|6\n|\n|t:|1683911687\n|switch|p1b: Flutter Mane|Flutter Mane, L50|100\/100\n|move|p2a: Dragapult|Phantom Force||[still]\n|-prepare|p2a: Dragapult|Phantom Force\n|move|p2b: Arcanine|Will-O-Wisp|p1a: Ting-Lu\n|-status|p1a: Ting-Lu|brn\n|move|p1a: Ting-Lu|Rock Slide|p2a: Dragapult|[spread] \n|-miss|p1a: Ting-Lu|p2a: Dragapult\n|-miss|p1a: Ting-Lu|p2b: Arcanine\n|\n|-damage|p1a: Ting-Lu|83\/100 brn|[from] brn\n|upkeep\n|turn|7\n|\n|t:|1683911711\n|move|p2a: Dragapult|Phantom Force|p1b: Flutter Mane|[from]lockedmove\n|-supereffective|p1b: Flutter Mane\n|-damage|p1b: Flutter Mane|0 fnt\n|faint|p1b: Flutter Mane\n|-end|p1b: Flutter Mane|Protosynthesis|[silent]\n|move|p2b: Arcanine|Flare Blitz|p1a: Ting-Lu\n|-damage|p1a: Ting-Lu|52\/100 brn\n|-damage|p2b: Arcanine|87\/100|[from] Recoil\n|move|p1a: Ting-Lu|Rock Slide|p2a: Dragapult|[spread] p2a,p2b\n|-supereffective|p2b: Arcanine\n|-damage|p2a: Dragapult|63\/100\n|-damage|p2b: Arcanine|57\/100\n|\n|-damage|p1a: Ting-Lu|46\/100 brn|[from] brn\n|upkeep\n|\n|t:|1683911723\n|switch|p1b: Gyarados|Gyarados, L50, M|47\/100\n|-ability|p1b: Gyarados|Intimidate|boost\n|-fail|p2a: Dragapult|unboost|[from] ability: Clear Body|[of] p2a: Dragapult\n|-unboost|p2b: Arcanine|atk|1\n|turn|8\n|inactive|Hillosogaymer has 30 seconds left.\n|inactive|Hillosogaymer has 20 seconds left.\n|\n|t:|1683911759\n|switch|p2b: Gyarados|Gyarados, L50, F|100\/100\n|-ability|p2b: Gyarados|Intimidate|boost\n|-unboost|p1a: Ting-Lu|atk|1\n|-unboost|p1b: Gyarados|atk|1\n|move|p2a: Dragapult|Phantom Force||[still]\n|-prepare|p2a: Dragapult|Phantom Force\n|move|p1b: Gyarados|Iron Head|p2a: Dragapult|[miss]\n|-miss|p1b: Gyarados|p2a: Dragapult\n|move|p1a: Ting-Lu|Rock Slide|p2a: Dragapult|[spread] p2b\n|-miss|p1a: Ting-Lu|p2a: Dragapult\n|-supereffective|p2b: Gyarados\n|-damage|p2b: Gyarados|82\/100\n|\n|-damage|p1a: Ting-Lu|39\/100 brn|[from] brn\n|upkeep\n|turn|9\n|-message|Hillosogaymer forfeited.\n|\n|win|Mortipherus\n|raw|Hillosogaymer's rating: 1144 → 1120<\/strong> (-24 for losing)\n|raw|Mortipherus's rating: 1157 → 1181<\/strong> (+24 for winning)\n|l|\u2606Hillosogaymer\n","uploadtime":1683911832,"views":14,"p1id":"hillosogaymer","p2id":"mortipherus","formatid":"gen9vgc2023regulationc","rating":1120,"private":0,"password":""}