{"id":"gen9vgc2023regulationc-1859658076","p1":"karita67","p2":"bpinela","format":"[Gen 9] VGC 2023 Regulation C","log":"|j|\u2606karita67\n|j|\u2606bpinela\n|t:|1683553470\n|gametype|doubles\n|player|p1|karita67|colress|1063\n|player|p2|bpinela|kimonogirl|1126\n|teamsize|p1|6\n|teamsize|p2|6\n|gen|9\n|tier|[Gen 9] VGC 2023 Regulation C\n|rated|\n|rule|Species Clause: Limit one of each Pok\u00e9mon\n|rule|Item Clause: Limit one of each item\n|clearpoke\n|poke|p1|Arcanine, L50, M|\n|poke|p1|Dragonite, L50, F|\n|poke|p1|Arboliva, L50, M|\n|poke|p1|Chien-Pao, L50|\n|poke|p1|Gholdengo, L50|\n|poke|p1|Slither Wing, L50|\n|poke|p2|Pincurchin, L50, F|\n|poke|p2|Iron Treads, L50|\n|poke|p2|Iron Bundle, L50|\n|poke|p2|Gothitelle, L50, F|\n|poke|p2|Brute Bonnet, L50|\n|poke|p2|Arcanine, L50, F|\n|teampreview|4\n|inactive|Battle timer is ON: inactive players will automatically lose when time's up. (requested by karita67)\n|inactive|bpinela has 60 seconds left.\n|\n|t:|1683553534\n|start\n|switch|p1a: Arcanine|Arcanine, L50, M|100\/100\n|switch|p1b: Chien-Pao|Chien-Pao, L50|100\/100\n|switch|p2a: Iron Bundle|Iron Bundle, L50|100\/100\n|switch|p2b: Arcanine|Arcanine, L50, F|100\/100\n|-ability|p1b: Chien-Pao|Sword of Ruin\n|-ability|p1a: Arcanine|Intimidate|boost\n|-unboost|p2a: Iron Bundle|atk|1\n|-unboost|p2b: Arcanine|atk|1\n|-ability|p2b: Arcanine|Intimidate|boost\n|-unboost|p1a: Arcanine|atk|1\n|-unboost|p1b: Chien-Pao|atk|1\n|-enditem|p2a: Iron Bundle|Booster Energy\n|-activate|p2a: Iron Bundle|ability: Quark Drive|[fromitem]\n|-start|p2a: Iron Bundle|quarkdrivespe\n|turn|1\n|\n|t:|1683553548\n|switch|p1b: Gholdengo|Gholdengo, L50|100\/100\n|move|p2a: Iron Bundle|Protect|p2a: Iron Bundle\n|-singleturn|p2a: Iron Bundle|Protect\n|move|p1a: Arcanine|Snarl|p2b: Arcanine|[spread] \n|-activate|p2a: Iron Bundle|move: Protect\n|-miss|p1a: Arcanine|p2b: Arcanine\n|move|p2b: Arcanine|Will-O-Wisp|p1b: Gholdengo\n|-immune|p1b: Gholdengo|[from] ability: Good as Gold\n|\n|upkeep\n|turn|2\n|\n|t:|1683553566\n|-end|p2a: Iron Bundle|Quark Drive|[silent]\n|switch|p2a: Brute Bonnet|Brute Bonnet, L50|100\/100\n|move|p1b: Gholdengo|Thunderbolt|p2a: Brute Bonnet\n|-resisted|p2a: Brute Bonnet\n|-damage|p2a: Brute Bonnet|93\/100\n|move|p1a: Arcanine|Snarl|p2a: Brute Bonnet|[spread] p2a,p2b\n|-resisted|p2a: Brute Bonnet\n|-damage|p2a: Brute Bonnet|90\/100\n|-damage|p2b: Arcanine|89\/100\n|-unboost|p2a: Brute Bonnet|spa|1\n|-unboost|p2b: Arcanine|spa|1\n|move|p2b: Arcanine|Flare Blitz|p1b: Gholdengo\n|-supereffective|p1b: Gholdengo\n|-damage|p1b: Gholdengo|25\/100\n|-damage|p2b: Arcanine|69\/100|[from] Recoil\n|\n|upkeep\n|turn|3\n|inactive|bpinela has 30 seconds left.\n|\n|t:|1683553591\n|switch|p1b: Slither Wing|Slither Wing, L50|100\/100\n|-terastallize|p2a: Brute Bonnet|Fire\n|move|p1a: Arcanine|Heat Wave|p2b: Arcanine|[spread] p2a,p2b\n|-resisted|p2a: Brute Bonnet\n|-resisted|p2b: Arcanine\n|-damage|p2a: Brute Bonnet|83\/100\n|-damage|p2b: Arcanine|55\/100\n|move|p2b: Arcanine|Flare Blitz|p1b: Slither Wing\n|-supereffective|p1b: Slither Wing\n|-damage|p1b: Slither Wing|37\/100\n|-damage|p2b: Arcanine|38\/100|[from] Recoil\n|move|p2a: Brute Bonnet|Crunch|p1a: Arcanine\n|-damage|p1a: Arcanine|55\/100\n|\n|upkeep\n|turn|4\n|inactive|karita67 has 30 seconds left.\n|inactive|bpinela has 30 seconds left.\n|inactive|karita67 has 20 seconds left.\n|\n|t:|1683553631\n|move|p1a: Arcanine|Snarl|p2b: Arcanine|[spread] p2a,p2b\n|-damage|p2a: Brute Bonnet|78\/100\n|-damage|p2b: Arcanine|26\/100\n|-unboost|p2a: Brute Bonnet|spa|1\n|-unboost|p2b: Arcanine|spa|1\n|move|p2b: Arcanine|Flare Blitz|p1b: Slither Wing\n|-supereffective|p1b: Slither Wing\n|-damage|p1b: Slither Wing|0 fnt\n|faint|p1b: Slither Wing\n|-end|p1b: Slither Wing|Protosynthesis|[silent]\n|-damage|p2b: Arcanine|17\/100|[from] Recoil\n|move|p2a: Brute Bonnet|Crunch|p1a: Arcanine\n|-damage|p1a: Arcanine|4\/100\n|-enditem|p1a: Arcanine|Aguav Berry|[eat]\n|-heal|p1a: Arcanine|37\/100|[from] item: Aguav Berry\n|\n|upkeep\n|\n|t:|1683553638\n|switch|p1b: Gholdengo|Gholdengo, L50|25\/100\n|turn|5\n|\n|t:|1683553662\n|switch|p2b: Iron Bundle|Iron Bundle, L50|100\/100\n|move|p2a: Brute Bonnet|Sucker Punch|p1b: Gholdengo\n|-supereffective|p1b: Gholdengo\n|-damage|p1b: Gholdengo|0 fnt\n|faint|p1b: Gholdengo\n|move|p1a: Arcanine|Snarl|p2a: Brute Bonnet|[spread] p2a,p2b\n|-damage|p2a: Brute Bonnet|72\/100\n|-damage|p2b: Iron Bundle|80\/100\n|-unboost|p2a: Brute Bonnet|spa|1\n|-unboost|p2b: Iron Bundle|spa|1\n|\n|upkeep\n|\n|t:|1683553669\n|switch|p1b: Chien-Pao|Chien-Pao, L50|100\/100\n|-ability|p1b: Chien-Pao|Sword of Ruin\n|turn|6\n|-message|karita67 forfeited.\n|\n|win|bpinela\n|raw|karita67's rating: 1063 → 1047<\/strong> (-16 for losing)\n|raw|bpinela's rating: 1126 → 1147<\/strong> (+21 for winning)\n|l|\u2606karita67\n","uploadtime":1683553689,"views":8,"p1id":"karita67","p2id":"bpinela","formatid":"gen9vgc2023regulationc","rating":1047,"private":0,"password":""}