{"id":"gen9vgc2023regulationc-1856932877","p1":"Inwaves22","p2":"noooooooooot","format":"[Gen 9] VGC 2023 Regulation C","log":"|j|\u2606Inwaves22\n|j|\u2606noooooooooot\n|t:|1683126955\n|gametype|doubles\n|player|p1|Inwaves22|falkner|1136\n|player|p2|noooooooooot|n|1233\n|teamsize|p1|6\n|teamsize|p2|6\n|gen|9\n|tier|[Gen 9] VGC 2023 Regulation C\n|rated|\n|rule|Species Clause: Limit one of each Pok\u00e9mon\n|rule|Item Clause: Limit one of each item\n|clearpoke\n|poke|p1|Annihilape, L50, M|\n|poke|p1|Iron Bundle, L50|\n|poke|p1|Arcanine, L50, M|\n|poke|p1|Roaring Moon, L50|\n|poke|p1|Gholdengo, L50|\n|poke|p1|Maushold-Four, L50|\n|poke|p2|Ceruledge, L50, M|\n|poke|p2|Sableye, L50, M|\n|poke|p2|Flutter Mane, L50|\n|poke|p2|Amoonguss, L50, M|\n|poke|p2|Chien-Pao, L50|\n|poke|p2|Chi-Yu, L50|\n|teampreview|4\n|inactive|Battle timer is ON: inactive players will automatically lose when time's up. (requested by noooooooooot)\n|\n|t:|1683126991\n|start\n|switch|p1a: Maushold|Maushold-Four, L50|100\/100\n|switch|p1b: Annihilape|Annihilape, L50, M|100\/100\n|switch|p2a: Sableye|Sableye, L50, M|100\/100\n|switch|p2b: Flutter Mane|Flutter Mane, L50|100\/100\n|turn|1\n|inactive|Inwaves22 has 30 seconds left.\n|inactive|noooooooooot has 30 seconds left.\n|\n|t:|1683127021\n|-terastallize|p1b: Annihilape|Water\n|move|p2a: Sableye|Reflect|p2a: Sableye\n|-sidestart|p2: noooooooooot|Reflect\n|move|p2b: Flutter Mane|Shadow Ball|p1b: Annihilape\n|-damage|p1b: Annihilape|64\/100\n|move|p1a: Maushold|Beat Up|p1b: Annihilape\n|-damage|p1b: Annihilape|63\/100\n|-damage|p1b: Annihilape|60\/100\n|-damage|p1b: Annihilape|57\/100\n|-damage|p1b: Annihilape|55\/100\n|-hitcount|p1b: Annihilape|4\n|move|p1b: Annihilape|Rage Fist|p2b: Flutter Mane\n|-supereffective|p2b: Flutter Mane\n|-damage|p2b: Flutter Mane|0 fnt\n|faint|p2b: Flutter Mane\n|-end|p2b: Flutter Mane|Protosynthesis|[silent]\n|\n|upkeep\n|\n|t:|1683127034\n|switch|p2b: Chi-Yu|Chi-Yu, L50|100\/100\n|-ability|p2b: Chi-Yu|Beads of Ruin\n|turn|2\n|\n|t:|1683127044\n|move|p2b: Chi-Yu|Protect|p2b: Chi-Yu\n|-singleturn|p2b: Chi-Yu|Protect\n|move|p1a: Maushold|Follow Me|p1a: Maushold\n|-singleturn|p1a: Maushold|move: Follow Me\n|move|p2a: Sableye|Disable|p1a: Maushold\n|-start|p1a: Maushold|Disable|Follow Me\n|move|p1b: Annihilape|Drain Punch|p2b: Chi-Yu\n|-activate|p2b: Chi-Yu|move: Protect\n|\n|upkeep\n|turn|3\n|\n|t:|1683127059\n|-terastallize|p2b: Chi-Yu|Ghost\n|move|p1b: Annihilape|Protect|p1b: Annihilape\n|-singleturn|p1b: Annihilape|Protect\n|move|p2a: Sableye|Encore|p1b: Annihilape\n|-activate|p1b: Annihilape|move: Protect\n|move|p2b: Chi-Yu|Dark Pulse|p1b: Annihilape\n|-activate|p1b: Annihilape|move: Protect\n|move|p1a: Maushold|Super Fang|p2b: Chi-Yu\n|-immune|p2b: Chi-Yu\n|\n|upkeep\n|turn|4\n|\n|t:|1683127077\n|switch|p1a: Roaring Moon|Roaring Moon, L50|100\/100\n|-enditem|p1a: Roaring Moon|Booster Energy\n|-activate|p1a: Roaring Moon|ability: Protosynthesis|[fromitem]\n|-start|p1a: Roaring Moon|protosynthesisatk\n|move|p2a: Sableye|Encore|p1b: Annihilape\n|-start|p1b: Annihilape|Encore\n|move|p2b: Chi-Yu|Dark Pulse|p1b: Annihilape\n|-damage|p1b: Annihilape|6\/100\n|-enditem|p1b: Annihilape|Sitrus Berry|[eat]\n|-heal|p1b: Annihilape|31\/100|[from] item: Sitrus Berry\n|move|p1b: Annihilape|Protect||[still]\n|-fail|p1b: Annihilape\n|\n|upkeep\n|turn|5\n|-message|noooooooooot forfeited.\n|\n|win|Inwaves22\n|raw|Inwaves22's rating: 1136 → 1168<\/strong> (+32 for winning)\n|raw|noooooooooot's rating: 1233 → 1201<\/strong> (-32 for losing)\n|l|\u2606noooooooooot\n","uploadtime":1683127095,"views":6,"p1id":"inwaves22","p2id":"noooooooooot","formatid":"gen9vgc2023regulationc","rating":1168,"private":0,"password":""}