{"id":"gen9vgc2023regulationc-1846107028","p1":"TonyJazs","p2":"Wal42","format":"[Gen 9] VGC 2023 Regulation C","log":"|j|\u2606TonyJazs\n|j|\u2606Wal42\n|t:|1681807341\n|gametype|doubles\n|player|p1|TonyJazs|brawly|1059\n|player|p2|Wal42|169|1064\n|teamsize|p1|6\n|teamsize|p2|6\n|gen|9\n|tier|[Gen 9] VGC 2023 Regulation C\n|rated|\n|rule|Species Clause: Limit one of each Pok\u00e9mon\n|rule|Item Clause: Limit one of each item\n|clearpoke\n|poke|p1|Sableye, L50, M|\n|poke|p1|Flutter Mane, L50|\n|poke|p1|Wo-Chien, L50|\n|poke|p1|Glimmora, L50, F|\n|poke|p1|Arcanine, L50, F|\n|poke|p1|Chien-Pao, L50|\n|poke|p2|Ting-Lu, L50|\n|poke|p2|Amoonguss, L50, F|\n|poke|p2|Arcanine, L50, M|\n|poke|p2|Flutter Mane, L50|\n|poke|p2|Palafin, L50, F|\n|poke|p2|Baxcalibur, L50, F|\n|teampreview|4\n|inactive|Battle timer is ON: inactive players will automatically lose when time's up. (requested by TonyJazs)\n|\n|t:|1681807363\n|start\n|switch|p1a: Sableye|Sableye, L50, M|100\/100\n|switch|p1b: Glimmora|Glimmora, L50, F, shiny|100\/100\n|switch|p2a: Palafin|Palafin, L50, F, shiny|100\/100\n|switch|p2b: Amoonguss|Amoonguss, L50, F, shiny|100\/100\n|turn|1\n|\n|t:|1681807384\n|detailschange|p2a: Palafin|Palafin-Hero, L50, F, shiny\n|switch|p2a: Arcanine|Arcanine, L50, M, shiny|100\/100\n|-ability|p2a: Arcanine|Intimidate|boost\n|-unboost|p1a: Sableye|atk|1\n|-unboost|p1b: Glimmora|atk|1\n|move|p1a: Sableye|Will-O-Wisp|p2a: Arcanine\n|-immune|p2a: Arcanine\n|move|p1b: Glimmora|Mortal Spin|p2a: Arcanine|[spread] p2a,p2b\n|-damage|p2a: Arcanine|97\/100\n|-damage|p2b: Amoonguss|99\/100\n|-status|p2a: Arcanine|psn\n|move|p2b: Amoonguss|Spore|p1a: Sableye\n|-status|p1a: Sableye|slp|[from] move: Spore\n|\n|-damage|p2a: Arcanine|85\/100 psn|[from] psn\n|upkeep\n|turn|2\n|inactive|TonyJazs has 30 seconds left.\n|inactive|Wal42 has 30 seconds left.\n|\n|t:|1681807414\n|switch|p2b: Flutter Mane|Flutter Mane, L50, shiny|100\/100\n|-enditem|p2b: Flutter Mane|Booster Energy\n|-activate|p2b: Flutter Mane|ability: Protosynthesis|[fromitem]\n|-start|p2b: Flutter Mane|protosynthesisspa\n|move|p2a: Arcanine|Will-O-Wisp|p1b: Glimmora\n|-status|p1b: Glimmora|brn\n|move|p1b: Glimmora|Earth Power|p2a: Arcanine\n|-supereffective|p2a: Arcanine\n|-damage|p2a: Arcanine|4\/100 psn\n|cant|p1a: Sableye|slp\n|\n|-damage|p2a: Arcanine|0 fnt|[from] psn\n|faint|p2a: Arcanine\n|-damage|p1b: Glimmora|95\/100 brn|[from] brn\n|upkeep\n|\n|t:|1681807434\n|switch|p2a: Palafin|Palafin-Hero, L50, F, shiny|100\/100\n|-activate|p2a: Palafin|ability: Zero to Hero\n|turn|3\n|\n|t:|1681807452\n|-terastallize|p2a: Palafin|Water\n|move|p2a: Palafin|Jet Punch|p1b: Glimmora\n|-supereffective|p1b: Glimmora\n|-damage|p1b: Glimmora|0 fnt\n|-activate|p1b: Glimmora|ability: Toxic Debris\n|-sidestart|p2: Wal42|move: Toxic Spikes\n|faint|p1b: Glimmora\n|-curestatus|p1a: Sableye|slp|[msg]\n|move|p1a: Sableye|Will-O-Wisp|p2a: Palafin\n|-status|p2a: Palafin|brn\n|move|p2b: Flutter Mane|Substitute|p2b: Flutter Mane\n|-start|p2b: Flutter Mane|Substitute\n|-damage|p2b: Flutter Mane|76\/100\n|\n|-damage|p2a: Palafin|94\/100 brn|[from] brn\n|upkeep\n|\n|t:|1681807467\n|switch|p1b: Wo-Chien|Wo-Chien, L50|100\/100\n|-ability|p1b: Wo-Chien|Tablets of Ruin\n|turn|4\n|\n|t:|1681807490\n|move|p2a: Palafin|Jet Punch|p1a: Sableye\n|-damage|p1a: Sableye|67\/100\n|move|p1a: Sableye|Quash||[still]\n|-fail|p1a: Sableye\n|move|p2b: Flutter Mane|Shadow Ball|p1b: Wo-Chien\n|-resisted|p1b: Wo-Chien\n|-damage|p1b: Wo-Chien|85\/100\n|move|p1b: Wo-Chien|Leech Seed|p2a: Palafin\n|-start|p2a: Palafin|move: Leech Seed\n|\n|-heal|p1b: Wo-Chien|91\/100|[from] item: Leftovers\n|-damage|p2a: Palafin|82\/100 brn|[from] Leech Seed|[of] p1b: Wo-Chien\n|-heal|p1b: Wo-Chien|100\/100|[silent]\n|-damage|p2a: Palafin|76\/100 brn|[from] brn\n|upkeep\n|turn|5\n|inactive|Wal42 has 30 seconds left.\n|\n|t:|1681807518\n|move|p2a: Palafin|Jet Punch|p1a: Sableye\n|-damage|p1a: Sableye|35\/100\n|move|p2b: Flutter Mane|Shadow Ball|p1b: Wo-Chien\n|-resisted|p1b: Wo-Chien\n|-damage|p1b: Wo-Chien|84\/100\n|-unboost|p1b: Wo-Chien|spd|1\n|move|p1b: Wo-Chien|Pollen Puff|p1a: Sableye\n|-heal|p1a: Sableye|84\/100\n|move|p1a: Sableye|Snarl|p2a: Palafin|[spread] p2a\n|-miss|p1a: Sableye|p2b: Flutter Mane\n|-damage|p2a: Palafin|62\/100 brn\n|-unboost|p2a: Palafin|spa|1\n|-damage|p1a: Sableye|75\/100|[from] item: Life Orb\n|\n|-heal|p1b: Wo-Chien|90\/100|[from] item: Leftovers\n|-damage|p2a: Palafin|49\/100 brn|[from] Leech Seed|[of] p1b: Wo-Chien\n|-heal|p1b: Wo-Chien|100\/100|[silent]\n|-damage|p2a: Palafin|43\/100 brn|[from] brn\n|upkeep\n|turn|6\n|inactive|TonyJazs has 30 seconds left.\n|inactive|Wal42 has 30 seconds left.\n|\n|t:|1681807550\n|move|p2a: Palafin|Jet Punch|p1a: Sableye\n|-damage|p1a: Sableye|42\/100\n|move|p2b: Flutter Mane|Shadow Ball|p1a: Sableye\n|-damage|p1a: Sableye|0 fnt\n|faint|p1a: Sableye\n|move|p1b: Wo-Chien|Ruination|p2b: Flutter Mane\n|-end|p2b: Flutter Mane|Substitute\n|\n|-damage|p2a: Palafin|31\/100 brn|[from] Leech Seed|[of] p1b: Wo-Chien\n|-damage|p2a: Palafin|25\/100 brn|[from] brn\n|upkeep\n|\n|t:|1681807562\n|switch|p1a: Flutter Mane|Flutter Mane, L50, shiny|100\/100\n|-enditem|p1a: Flutter Mane|Booster Energy\n|-activate|p1a: Flutter Mane|ability: Protosynthesis|[fromitem]\n|-start|p1a: Flutter Mane|protosynthesisspe\n|turn|7\n|\n|t:|1681807583\n|-terastallize|p1a: Flutter Mane|Fairy\n|move|p1b: Wo-Chien|Protect|p1b: Wo-Chien\n|-singleturn|p1b: Wo-Chien|Protect\n|move|p2a: Palafin|Jet Punch|p1a: Flutter Mane\n|-damage|p1a: Flutter Mane|51\/100\n|move|p1a: Flutter Mane|Shadow Ball|p2b: Flutter Mane\n|-supereffective|p2b: Flutter Mane\n|-damage|p2b: Flutter Mane|0 fnt\n|faint|p2b: Flutter Mane\n|-end|p2b: Flutter Mane|Protosynthesis|[silent]\n|\n|-damage|p2a: Palafin|13\/100 brn|[from] Leech Seed|[of] p1b: Wo-Chien\n|-damage|p2a: Palafin|7\/100 brn|[from] brn\n|upkeep\n|\n|t:|1681807598\n|switch|p2b: Amoonguss|Amoonguss, L50, F, shiny|100\/100\n|-sideend|p2: Wal42|move: Toxic Spikes|[of] p2b: Amoonguss\n|turn|8\n|\n|t:|1681807615\n|move|p2a: Palafin|Jet Punch|p1a: Flutter Mane\n|-damage|p1a: Flutter Mane|0 fnt\n|faint|p1a: Flutter Mane\n|-end|p1a: Flutter Mane|Protosynthesis|[silent]\n|move|p1b: Wo-Chien|Ruination|p2b: Amoonguss\n|-damage|p2b: Amoonguss|50\/100\n|-enditem|p2b: Amoonguss|Sitrus Berry|[eat]\n|-heal|p2b: Amoonguss|75\/100|[from] item: Sitrus Berry\n|move|p2b: Amoonguss|Pollen Puff|p2a: Palafin\n|-heal|p2a: Palafin|57\/100 brn\n|\n|-damage|p2a: Palafin|45\/100 brn|[from] Leech Seed|[of] p1b: Wo-Chien\n|-damage|p2a: Palafin|39\/100 brn|[from] brn\n|upkeep\n|turn|9\n|\n|t:|1681807640\n|move|p2a: Palafin|Protect|p2a: Palafin\n|-singleturn|p2a: Palafin|Protect\n|move|p1b: Wo-Chien|Pollen Puff|p2b: Amoonguss\n|-damage|p2b: Amoonguss|58\/100\n|move|p2b: Amoonguss|Pollen Puff|p2a: Palafin\n|-activate|p2a: Palafin|move: Protect\n|\n|-damage|p2a: Palafin|27\/100 brn|[from] Leech Seed|[of] p1b: Wo-Chien\n|-damage|p2a: Palafin|21\/100 brn|[from] brn\n|upkeep\n|turn|10\n|\n|t:|1681807664\n|move|p2a: Palafin|Jet Punch|p1b: Wo-Chien\n|-resisted|p1b: Wo-Chien\n|-damage|p1b: Wo-Chien|90\/100\n|move|p1b: Wo-Chien|Ruination|p2a: Palafin\n|-damage|p2a: Palafin|11\/100 brn\n|move|p2b: Amoonguss|Pollen Puff|p2a: Palafin\n|-heal|p2a: Palafin|61\/100 brn\n|\n|-heal|p1b: Wo-Chien|96\/100|[from] item: Leftovers\n|-damage|p2a: Palafin|48\/100 brn|[from] Leech Seed|[of] p1b: Wo-Chien\n|-heal|p1b: Wo-Chien|100\/100|[silent]\n|-damage|p2a: Palafin|42\/100 brn|[from] brn\n|upkeep\n|turn|11\n|inactive|Wal42 has 30 seconds left.\n|\n|t:|1681807695\n|move|p2a: Palafin|Jet Punch|p1b: Wo-Chien\n|-resisted|p1b: Wo-Chien\n|-damage|p1b: Wo-Chien|90\/100\n|move|p1b: Wo-Chien|Ruination|p2b: Amoonguss|[miss]\n|-miss|p1b: Wo-Chien|p2b: Amoonguss\n|move|p2b: Amoonguss|Pollen Puff|p2a: Palafin\n|-heal|p2a: Palafin|92\/100 brn\n|\n|-heal|p1b: Wo-Chien|96\/100|[from] item: Leftovers\n|-damage|p2a: Palafin|80\/100 brn|[from] Leech Seed|[of] p1b: Wo-Chien\n|-heal|p1b: Wo-Chien|100\/100|[silent]\n|-damage|p2a: Palafin|74\/100 brn|[from] brn\n|upkeep\n|turn|12\n|inactive|Wal42 has 30 seconds left.\n|inactive|Wal42 has 20 seconds left.\n|inactive|Wal42 has 15 seconds left.\n|\n|t:|1681807739\n|move|p2a: Palafin|Wave Crash|p1b: Wo-Chien\n|-resisted|p1b: Wo-Chien\n|-damage|p1b: Wo-Chien|79\/100\n|-damage|p2a: Palafin|67\/100 brn|[from] Recoil\n|move|p1b: Wo-Chien|Ruination|p2b: Amoonguss\n|-damage|p2b: Amoonguss|29\/100\n|move|p2b: Amoonguss|Pollen Puff|p2a: Palafin\n|-heal|p2a: Palafin|100\/100 brn\n|\n|-heal|p1b: Wo-Chien|85\/100|[from] item: Leftovers\n|-damage|p2a: Palafin|88\/100 brn|[from] Leech Seed|[of] p1b: Wo-Chien\n|-heal|p1b: Wo-Chien|98\/100|[silent]\n|-damage|p2a: Palafin|82\/100 brn|[from] brn\n|upkeep\n|turn|13\n|\n|t:|1681807761\n|move|p2b: Amoonguss|Rage Powder|p2b: Amoonguss\n|-singleturn|p2b: Amoonguss|move: Rage Powder\n|move|p2a: Palafin|Jet Punch|p1b: Wo-Chien\n|-resisted|p1b: Wo-Chien\n|-damage|p1b: Wo-Chien|87\/100\n|move|p1b: Wo-Chien|Ruination|p2b: Amoonguss\n|-damage|p2b: Amoonguss|15\/100\n|\n|-heal|p1b: Wo-Chien|94\/100|[from] item: Leftovers\n|-damage|p2a: Palafin|70\/100 brn|[from] Leech Seed|[of] p1b: Wo-Chien\n|-heal|p1b: Wo-Chien|100\/100|[silent]\n|-damage|p2a: Palafin|64\/100 brn|[from] brn\n|upkeep\n|turn|14\n|inactive|Wal42 has 30 seconds left.\n|\n|t:|1681807793\n|move|p2b: Amoonguss|Protect|p2b: Amoonguss\n|-singleturn|p2b: Amoonguss|Protect\n|move|p2a: Palafin|Jet Punch|p1b: Wo-Chien\n|-resisted|p1b: Wo-Chien\n|-damage|p1b: Wo-Chien|89\/100\n|move|p1b: Wo-Chien|Pollen Puff|p2b: Amoonguss\n|-activate|p2b: Amoonguss|move: Protect\n|\n|-heal|p1b: Wo-Chien|95\/100|[from] item: Leftovers\n|-damage|p2a: Palafin|52\/100 brn|[from] Leech Seed|[of] p1b: Wo-Chien\n|-heal|p1b: Wo-Chien|100\/100|[silent]\n|-damage|p2a: Palafin|46\/100 brn|[from] brn\n|upkeep\n|turn|15\n|inactive|Wal42 has 30 seconds left.\n|\n|t:|1681807819\n|move|p2a: Palafin|Jet Punch|p1b: Wo-Chien\n|-resisted|p1b: Wo-Chien\n|-damage|p1b: Wo-Chien|90\/100\n|move|p1b: Wo-Chien|Pollen Puff|p2b: Amoonguss\n|-damage|p2b: Amoonguss|0 fnt\n|faint|p2b: Amoonguss\n|\n|-heal|p1b: Wo-Chien|96\/100|[from] item: Leftovers\n|-damage|p2a: Palafin|34\/100 brn|[from] Leech Seed|[of] p1b: Wo-Chien\n|-heal|p1b: Wo-Chien|100\/100|[silent]\n|-damage|p2a: Palafin|28\/100 brn|[from] brn\n|upkeep\n|turn|16\n|inactive|Wal42 has 30 seconds left.\n|inactive|Wal42 has 20 seconds left.\n|\n|t:|1681807840\n|move|p2a: Palafin|Jet Punch|p1b: Wo-Chien\n|-resisted|p1b: Wo-Chien\n|-damage|p1b: Wo-Chien|90\/100\n|move|p1b: Wo-Chien|Ruination|p2a: Palafin\n|-damage|p2a: Palafin|14\/100 brn\n|\n|-heal|p1b: Wo-Chien|96\/100|[from] item: Leftovers\n|-damage|p2a: Palafin|2\/100 brn|[from] Leech Seed|[of] p1b: Wo-Chien\n|-heal|p1b: Wo-Chien|100\/100|[silent]\n|-damage|p2a: Palafin|0 fnt|[from] brn\n|faint|p2a: Palafin\n|\n|win|TonyJazs\n|upkeep\n|inactive|Wal42 has 20 seconds left this turn.\n|raw|TonyJazs's rating: 1059 → 1091<\/strong> (+32 for winning)\n|raw|Wal42's rating: 1064 → 1044<\/strong> (-20 for losing)\n|c|\u2606TonyJazs|gg\n","uploadtime":1681807856,"views":16,"p1id":"tonyjazs","p2id":"wal42","formatid":"gen9vgc2023regulationc","rating":1044,"private":0,"password":""}