{"id":"gen9vgc2023regulationc-1849765052","p1":"Meta Strats","p2":"CelestG","format":"[Gen 9] VGC 2023 Regulation C","log":"|j|\u2606Meta Strats\n|j|\u2606CelestG\n|t:|1682247738\n|gametype|doubles\n|player|p1|Meta Strats|norman|1047\n|player|p2|CelestG|n|1000\n|teamsize|p1|6\n|teamsize|p2|6\n|gen|9\n|tier|[Gen 9] VGC 2023 Regulation C\n|rated|\n|rule|Species Clause: Limit one of each Pok\u00e9mon\n|rule|Item Clause: Limit one of each item\n|clearpoke\n|poke|p1|Ting-Lu, L50|\n|poke|p1|Tyranitar, L50, F|\n|poke|p1|Donphan, L50, F|\n|poke|p1|Banette, L50, F|\n|poke|p1|Hawlucha, L50, F|\n|poke|p1|Amoonguss, L50, F|\n|poke|p2|Ting-Lu, L50|\n|poke|p2|Garchomp, L50, M|\n|poke|p2|Bisharp, L50, M|\n|poke|p2|Chi-Yu, L50|\n|poke|p2|Flutter Mane, L50|\n|poke|p2|Pawmot, L50, F|\n|teampreview|4\n|inactive|Battle timer is ON: inactive players will automatically lose when time's up. (requested by CelestG)\n|inactive|CelestG has 60 seconds left.\n|\n|t:|1682247776\n|start\n|switch|p1a: Ting-Lu|Ting-Lu, L50|100\/100\n|switch|p1b: Banette|Banette, L50, F|100\/100\n|switch|p2a: Ting-Lu|Ting-Lu, L50|100\/100\n|switch|p2b: Bisharp|Bisharp, L50, M|100\/100\n|-ability|p2a: Ting-Lu|Vessel of Ruin\n|-ability|p1a: Ting-Lu|Vessel of Ruin\n|turn|1\n|inactive|CelestG has 30 seconds left.\n|\n|t:|1682247803\n|move|p1b: Banette|Trick|p2a: Ting-Lu\n|-activate|p1b: Banette|move: Trick|[of] p2a: Ting-Lu\n|-item|p2a: Ting-Lu|Choice Band|[from] move: Trick\n|-item|p1b: Banette|Assault Vest|[from] move: Trick\n|move|p2b: Bisharp|Swords Dance|p2b: Bisharp\n|-boost|p2b: Bisharp|atk|2\n|move|p2a: Ting-Lu|Ruination|p1a: Ting-Lu\n|-damage|p1a: Ting-Lu|50\/100\n|move|p1a: Ting-Lu|Fissure|p2b: Bisharp|[miss]\n|-miss|p1a: Ting-Lu|p2b: Bisharp\n|\n|upkeep\n|turn|2\n|inactive|Meta Strats has 30 seconds left.\n|\n|t:|1682247834\n|switch|p1b: Hawlucha|Hawlucha, L50, F|100\/100\n|-ability|p1b: Hawlucha|Mold Breaker\n|move|p2b: Bisharp|Iron Head|p1a: Ting-Lu\n|-damage|p1a: Ting-Lu|0 fnt\n|faint|p1a: Ting-Lu\n|move|p2a: Ting-Lu|Ruination|p1b: Hawlucha\n|-damage|p1b: Hawlucha|50\/100\n|\n|upkeep\n|\n|t:|1682247847\n|switch|p1a: Amoonguss|Amoonguss, L50, F|100\/100\n|turn|3\n|\n|t:|1682247858\n|move|p1b: Hawlucha|Flying Press|p2b: Bisharp\n|-supereffective|p2b: Bisharp\n|-damage|p2b: Bisharp|45\/100\n|move|p2b: Bisharp|Aerial Ace|p1b: Hawlucha\n|-supereffective|p1b: Hawlucha\n|-damage|p1b: Hawlucha|0 fnt\n|faint|p1b: Hawlucha\n|move|p2a: Ting-Lu|Ruination|p1a: Amoonguss\n|-damage|p1a: Amoonguss|51\/100\n|move|p1a: Amoonguss|Spore|p2b: Bisharp\n|-status|p2b: Bisharp|slp|[from] move: Spore\n|\n|-heal|p1a: Amoonguss|57\/100|[from] item: Black Sludge\n|upkeep\n|\n|t:|1682247871\n|switch|p1b: Banette|Banette, L50, F|100\/100\n|turn|4\n|c|\u2606Meta Strats|gg\n|\n|t:|1682247885\n|move|p1b: Banette|Phantom Force||[still]\n|-prepare|p1b: Banette|Phantom Force\n|cant|p2b: Bisharp|slp\n|move|p2a: Ting-Lu|Ruination|p1b: Banette|[miss]\n|-miss|p2a: Ting-Lu|p1b: Banette\n|move|p1a: Amoonguss|Seed Bomb|p2a: Ting-Lu\n|-supereffective|p2a: Ting-Lu\n|-damage|p2a: Ting-Lu|73\/100\n|\n|-heal|p1a: Amoonguss|62\/100|[from] item: Black Sludge\n|upkeep\n|turn|5\n|\n|t:|1682247909\n|move|p1b: Banette|Phantom Force|p2b: Bisharp|[from]lockedmove\n|-resisted|p2b: Bisharp\n|-damage|p2b: Bisharp|28\/100 slp\n|-curestatus|p2b: Bisharp|slp|[msg]\n|move|p2b: Bisharp|Aerial Ace|p1a: Amoonguss\n|-supereffective|p1a: Amoonguss\n|-damage|p1a: Amoonguss|0 fnt\n|faint|p1a: Amoonguss\n|move|p2a: Ting-Lu|Ruination|p1b: Banette\n|-damage|p1b: Banette|50\/100\n|\n|upkeep\n|turn|6\n|\n|t:|1682247923\n|move|p1b: Banette|Sucker Punch|p2b: Bisharp\n|-resisted|p2b: Bisharp\n|-damage|p2b: Bisharp|19\/100\n|move|p2b: Bisharp|Sucker Punch||[still]\n|-fail|p2b: Bisharp\n|move|p2a: Ting-Lu|Ruination|p1b: Banette\n|-damage|p1b: Banette|25\/100\n|\n|upkeep\n|turn|7\n|\n|t:|1682247937\n|move|p1b: Banette|Sucker Punch|p2b: Bisharp\n|-resisted|p2b: Bisharp\n|-damage|p2b: Bisharp|10\/100\n|move|p2b: Bisharp|Iron Head|p1b: Banette\n|-damage|p1b: Banette|0 fnt\n|faint|p1b: Banette\n|\n|win|CelestG\n|raw|Meta Strats's rating: 1047 → 1028<\/strong> (-19 for losing)\n|raw|CelestG's rating: 1000 → 1045<\/strong> (+45 for winning)\n|l|\u2606Meta Strats\n|c|\u2606CelestG|Gg\n","uploadtime":1682247950,"views":20,"p1id":"metastrats","p2id":"celestg","formatid":"gen9vgc2023regulationc","rating":1028,"private":0,"password":""}