{"id":"gen9vgc2023regulationc-1849691043","p1":"Peripuff","p2":"Picaro7","format":"[Gen 9] VGC 2023 Regulation C","log":"|j|\u2606Peripuff\n|j|\u2606Picaro7\n|t:|1682233190\n|gametype|doubles\n|player|p1|Peripuff|bianca|1026\n|player|p2|Picaro7|gambler|1125\n|teamsize|p1|6\n|teamsize|p2|6\n|gen|9\n|tier|[Gen 9] VGC 2023 Regulation C\n|rated|\n|rule|Species Clause: Limit one of each Pok\u00e9mon\n|rule|Item Clause: Limit one of each item\n|clearpoke\n|poke|p1|Maushold-Four, L50|\n|poke|p1|Annihilape, L50, M|\n|poke|p1|Iron Bundle, L50|\n|poke|p1|Flutter Mane, L50|\n|poke|p1|Chi-Yu, L50|\n|poke|p1|Amoonguss, L50, M|\n|poke|p2|Gyarados, L50, F|\n|poke|p2|Lucario, L50, M|\n|poke|p2|Tyranitar, L50, M|\n|poke|p2|Dragapult, L50, F|\n|poke|p2|Scream Tail, L50|\n|poke|p2|Murkrow, L50, F|\n|teampreview|4\n|\n|t:|1682233216\n|start\n|switch|p1a: TRANS!!!!!!!|Maushold-Four, L50|100\/100\n|switch|p1b: angy >:(|Annihilape, L50, M|100\/100\n|switch|p2a: Scream Tail|Scream Tail, L50|100\/100\n|switch|p2b: Tyranitar|Tyranitar, L50, M|100\/100\n|-ability|p2b: Tyranitar|Unnerve\n|-enditem|p2a: Scream Tail|Booster Energy\n|-activate|p2a: Scream Tail|ability: Protosynthesis|[fromitem]\n|-start|p2a: Scream Tail|protosynthesisspe\n|turn|1\n|\n|t:|1682233266\n|-terastallize|p2b: Tyranitar|Flying\n|move|p2a: Scream Tail|Disable||[still]\n|-fail|p2a: Scream Tail\n|move|p1a: TRANS!!!!!!!|Beat Up|p1b: angy >:(\n|-damage|p1b: angy >:(|99\/100\n|-damage|p1b: angy >:(|97\/100\n|-damage|p1b: angy >:(|95\/100\n|-damage|p1b: angy >:(|93\/100\n|-hitcount|p1b: angy >:(|4\n|move|p1b: angy >:(|Bulk Up|p1b: angy >:(\n|-boost|p1b: angy >:(|atk|1\n|-boost|p1b: angy >:(|def|1\n|move|p2b: Tyranitar|Heavy Slam|p1a: TRANS!!!!!!!\n|-damage|p1a: TRANS!!!!!!!|40\/100\n|\n|-heal|p1b: angy >:(|99\/100|[from] item: Leftovers\n|upkeep\n|turn|2\n|\n|t:|1682233299\n|move|p2a: Scream Tail|Protect|p2a: Scream Tail\n|-singleturn|p2a: Scream Tail|Protect\n|move|p1a: TRANS!!!!!!!|Beat Up|p1b: angy >:(\n|-damage|p1b: angy >:(|99\/100\n|-crit|p1b: angy >:(\n|-damage|p1b: angy >:(|95\/100\n|-damage|p1b: angy >:(|94\/100\n|-damage|p1b: angy >:(|93\/100\n|-hitcount|p1b: angy >:(|4\n|move|p1b: angy >:(|Rage Fist|p2b: Tyranitar\n|-damage|p2b: Tyranitar|0 fnt\n|faint|p2b: Tyranitar\n|\n|-heal|p1b: angy >:(|99\/100|[from] item: Leftovers\n|upkeep\n|\n|t:|1682233315\n|switch|p2b: Lucario|Lucario, L50, M, shiny|100\/100\n|turn|3\n|\n|t:|1682233338\n|move|p2b: Lucario|Protect|p2b: Lucario\n|-singleturn|p2b: Lucario|Protect\n|move|p1a: TRANS!!!!!!!|Follow Me|p1a: TRANS!!!!!!!\n|-singleturn|p1a: TRANS!!!!!!!|move: Follow Me\n|move|p2a: Scream Tail|Thunder Wave|p1a: TRANS!!!!!!!\n|-status|p1a: TRANS!!!!!!!|par\n|move|p1b: angy >:(|Rage Fist|p2a: Scream Tail\n|-supereffective|p2a: Scream Tail\n|-damage|p2a: Scream Tail|0 fnt\n|faint|p2a: Scream Tail\n|-end|p2a: Scream Tail|Protosynthesis|[silent]\n|\n|-heal|p1b: angy >:(|100\/100|[from] item: Leftovers\n|upkeep\n|\n|t:|1682233350\n|switch|p2a: Gyarados|Gyarados, L50, F|100\/100\n|-ability|p2a: Gyarados|Intimidate|boost\n|-unboost|p1a: TRANS!!!!!!!|atk|1\n|-unboost|p1b: angy >:(|atk|1\n|-ability|p1b: angy >:(|Defiant|boost\n|-boost|p1b: angy >:(|atk|2\n|turn|4\n|\n|t:|1682233369\n|move|p1a: TRANS!!!!!!!|Protect|p1a: TRANS!!!!!!!\n|-singleturn|p1a: TRANS!!!!!!!|Protect\n|move|p2b: Lucario|Bullet Punch|p1b: angy >:(\n|-crit|p1b: angy >:(\n|-damage|p1b: angy >:(|76\/100\n|-damage|p2b: Lucario|91\/100|[from] item: Life Orb\n|move|p2a: Gyarados|Waterfall|p1b: angy >:(\n|-damage|p1b: angy >:(|58\/100\n|move|p1b: angy >:(|Rage Fist|p2a: Gyarados\n|-damage|p2a: Gyarados|0 fnt\n|faint|p2a: Gyarados\n|\n|-heal|p1b: angy >:(|64\/100|[from] item: Leftovers\n|upkeep\n|turn|5\n|\n|t:|1682233384\n|cant|p1a: TRANS!!!!!!!|par\n|move|p2b: Lucario|Drain Punch|p1a: TRANS!!!!!!!\n|-supereffective|p1a: TRANS!!!!!!!\n|-damage|p1a: TRANS!!!!!!!|0 fnt\n|-heal|p2b: Lucario|100\/100|[from] drain|[of] p1a: TRANS!!!!!!!\n|faint|p1a: TRANS!!!!!!!\n|-damage|p2b: Lucario|91\/100|[from] item: Life Orb\n|move|p1b: angy >:(|Drain Punch|p2b: Lucario\n|-supereffective|p2b: Lucario\n|-damage|p2b: Lucario|0 fnt\n|-heal|p1b: angy >:(|96\/100|[from] drain|[of] p2b: Lucario\n|faint|p2b: Lucario\n|\n|win|Peripuff\n|raw|Peripuff's rating: 1026 → 1072<\/strong> (+46 for winning)\n|raw|Picaro7's rating: 1125 → 1093<\/strong> (-32 for losing)\n","uploadtime":1682233398,"views":15,"p1id":"peripuff","p2id":"picaro7","formatid":"gen9vgc2023regulationc","rating":1072,"private":0,"password":""}