{"id":"gen9vgc2023regulationc-1861755406","p1":"Bankaimike","p2":"darthnius","format":"[Gen 9] VGC 2023 Regulation C","log":"|j|\u2606Bankaimike\n|j|\u2606darthnius\n|t:|1683804892\n|gametype|doubles\n|player|p1|Bankaimike|1|1370\n|player|p2|darthnius|volkner|1451\n|teamsize|p1|6\n|teamsize|p2|6\n|gen|9\n|tier|[Gen 9] VGC 2023 Regulation C\n|rated|\n|rule|Species Clause: Limit one of each Pok\u00e9mon\n|rule|Item Clause: Limit one of each item\n|clearpoke\n|poke|p1|Amoonguss, L50, F|\n|poke|p1|Baxcalibur, L50, F|\n|poke|p1|Chi-Yu, L50|\n|poke|p1|Iron Bundle, L50|\n|poke|p1|Ting-Lu, L50|\n|poke|p1|Flutter Mane, L50|\n|poke|p2|Orthworm, L50, M|\n|poke|p2|Dragonite, L50, F|\n|poke|p2|Ting-Lu, L50|\n|poke|p2|Gyarados, L50, M|\n|poke|p2|Flutter Mane, L50|\n|poke|p2|Chien-Pao, L50|\n|teampreview|4\ndarthnius has agreed to open team sheets.\nBankaimike has agreed to open team sheets.\n|\n|t:|1683804945\n|start\n|switch|p1a: Chi-Yu|Chi-Yu, L50|100\/100\n|switch|p1b: Baxcalibur|Baxcalibur, L50, F|100\/100\n|switch|p2a: Orthworm|Orthworm, L50, M|100\/100\n|switch|p2b: Ting-Lu|Ting-Lu, L50|100\/100\n|-ability|p1a: Chi-Yu|Beads of Ruin\n|-ability|p2b: Ting-Lu|Vessel of Ruin\n|turn|1\n|inactive|Battle timer is ON: inactive players will automatically lose when time's up. (requested by darthnius)\n|\n|t:|1683804974\n|move|p1a: Chi-Yu|Dark Pulse|p2a: Orthworm\n|-crit|p2a: Orthworm\n|-damage|p2a: Orthworm|30\/100\n|-enditem|p2a: Orthworm|Sitrus Berry|[eat]\n|-heal|p2a: Orthworm|55\/100|[from] item: Sitrus Berry\n|move|p1b: Baxcalibur|Glaive Rush|p2a: Orthworm\n|-resisted|p2a: Orthworm\n|-damage|p2a: Orthworm|34\/100\n|-singlemove|p1b: Baxcalibur|Glaive Rush|[silent]\n|move|p2b: Ting-Lu|Earthquake|p1b: Baxcalibur|[spread] p1a,p1b\n|-heal|p2a: Orthworm|59\/100|[from] ability: Earth Eater|[of] p2b: Ting-Lu\n|-supereffective|p1a: Chi-Yu\n|-damage|p1a: Chi-Yu|0 fnt\n|-damage|p1b: Baxcalibur|10\/100\n|faint|p1a: Chi-Yu\n|cant|p2a: Orthworm|flinch\n|\n|upkeep\n|\n|t:|1683804993\n|switch|p1a: Iron Bundle|Iron Bundle, L50|100\/100\n|-enditem|p1a: Iron Bundle|Booster Energy\n|-activate|p1a: Iron Bundle|ability: Quark Drive|[fromitem]\n|-start|p1a: Iron Bundle|quarkdrivespe\n|turn|2\n|\n|t:|1683805012\n|-terastallize|p2b: Ting-Lu|Water\n|move|p1a: Iron Bundle|Hydro Pump|p2a: Orthworm\n|-damage|p2a: Orthworm|9\/100\n|move|p1b: Baxcalibur|Icicle Crash|p2b: Ting-Lu\n|-resisted|p2b: Ting-Lu\n|-damage|p2b: Ting-Lu|85\/100\n|cant|p2b: Ting-Lu|flinch\n|move|p2a: Orthworm|Body Press|p1a: Iron Bundle\n|-supereffective|p1a: Iron Bundle\n|-damage|p1a: Iron Bundle|31\/100\n|\n|upkeep\n|turn|3\n|\n|t:|1683805030\n|switch|p2a: Gyarados|Gyarados, L50, M|100\/100\n|-ability|p2a: Gyarados|Intimidate|boost\n|-unboost|p1a: Iron Bundle|atk|1\n|-fail|p1b: Baxcalibur|unboost|[from] item: Clear Amulet|[of] p1b: Baxcalibur\n|move|p1b: Baxcalibur|Protect|p1b: Baxcalibur\n|-singleturn|p1b: Baxcalibur|Protect\n|move|p1a: Iron Bundle|Hydro Pump|p2a: Gyarados\n|-resisted|p2a: Gyarados\n|-damage|p2a: Gyarados|84\/100\n|move|p2b: Ting-Lu|Earthquake|p1b: Baxcalibur|[spread] p1a\n|-activate|p1b: Baxcalibur|move: Protect\n|-immune|p2a: Gyarados\n|-crit|p1a: Iron Bundle\n|-damage|p1a: Iron Bundle|0 fnt\n|faint|p1a: Iron Bundle\n|-end|p1a: Iron Bundle|Quark Drive|[silent]\n|\n|upkeep\n|\n|t:|1683805034\n|switch|p1a: Amoonguss|Amoonguss, L50, F|100\/100\n|turn|4\n|\n|t:|1683805054\n|move|p2a: Gyarados|Taunt|p1a: Amoonguss\n|-start|p1a: Amoonguss|move: Taunt\n|move|p1b: Baxcalibur|Glaive Rush|p2a: Gyarados\n|-damage|p2a: Gyarados|16\/100\n|-singlemove|p1b: Baxcalibur|Glaive Rush|[silent]\n|move|p2b: Ting-Lu|Earthquake|p1b: Baxcalibur|[spread] p1a,p1b\n|-immune|p2a: Gyarados\n|-damage|p1a: Amoonguss|56\/100\n|-damage|p1b: Baxcalibur|0 fnt\n|faint|p1b: Baxcalibur\n|cant|p1a: Amoonguss|move: Taunt|Spore\n|\n|upkeep\n|turn|5\n|-message|Bankaimike forfeited.\n|\n|win|darthnius\n|raw|Bankaimike's rating: 1370 → 1355<\/strong> (-15 for losing)\n|raw|darthnius's rating: 1451 → 1466<\/strong> (+15 for winning)\n|l|\u2606Bankaimike\n","uploadtime":1683805081,"views":17,"p1id":"bankaimike","p2id":"darthnius","formatid":"gen9vgc2023regulationc","rating":1355,"private":0,"password":""}