{"id":"gen9vgc2023regulationc-1854155526","p1":"Goozy Goobler","p2":"TJRaynes","format":"[Gen 9] VGC 2023 Regulation C","log":"|j|\u2606Goozy Goobler\n|j|\u2606TJRaynes\n|t:|1682777436\n|gametype|doubles\n|player|p1|Goozy Goobler|1|1088\n|player|p2|TJRaynes|marley|1107\n|teamsize|p1|6\n|teamsize|p2|6\n|gen|9\n|tier|[Gen 9] VGC 2023 Regulation C\n|rated|\n|rule|Species Clause: Limit one of each Pok\u00e9mon\n|rule|Item Clause: Limit one of each item\n|clearpoke\n|poke|p1|Tyranitar, L50, M|\n|poke|p1|Houndstone, L50, M|\n|poke|p1|Corviknight, L50, M|\n|poke|p1|Scizor, L50, M|\n|poke|p1|Sandy Shocks, L50|\n|poke|p1|Maushold-Four, L50|\n|poke|p2|Venomoth, L50, F|\n|poke|p2|Maushold-Four, L50|\n|poke|p2|Lucario, L50, M|\n|poke|p2|Chi-Yu, L50|\n|poke|p2|Amoonguss, L50, M|\n|poke|p2|Iron Jugulis, L50|\n|teampreview|4\nTJRaynes has agreed to open team sheets.\n|\n|t:|1682777465\n|start\n|switch|p1a: Tyranitar|Tyranitar, L50, M|100\/100\n|switch|p1b: Scizor|Scizor, L50, M|100\/100\n|switch|p2a: Lucario|Lucario, L50, M|100\/100\n|switch|p2b: Iron Jugulis|Iron Jugulis, L50|100\/100\n|-weather|Sandstorm|[from] ability: Sand Stream|[of] p1a: Tyranitar\n|-enditem|p2b: Iron Jugulis|Booster Energy\n|-activate|p2b: Iron Jugulis|ability: Quark Drive|[fromitem]\n|-start|p2b: Iron Jugulis|quarkdrivespe\n|turn|1\n|\n|t:|1682777489\n|switch|p1a: Houndstone|Houndstone, L50, M|100\/100\n|move|p2b: Iron Jugulis|Dark Pulse|p1b: Scizor\n|-damage|p1b: Scizor|52\/100\n|move|p2a: Lucario|Thunder Punch|p1a: Houndstone\n|-damage|p1a: Houndstone|63\/100\n|-damage|p2a: Lucario|91\/100|[from] item: Life Orb\n|move|p1b: Scizor|Pounce|p2b: Iron Jugulis\n|-damage|p2b: Iron Jugulis|54\/100\n|-unboost|p2b: Iron Jugulis|spe|1\n|\n|-weather|Sandstorm|[upkeep]\n|-damage|p2b: Iron Jugulis|48\/100|[from] Sandstorm\n|-heal|p1b: Scizor|59\/100|[from] item: Leftovers\n|upkeep\n|turn|2\n|\n|t:|1682777515\n|move|p1a: Houndstone|Protect|p1a: Houndstone\n|-singleturn|p1a: Houndstone|Protect\n|move|p2b: Iron Jugulis|Tailwind|p2b: Iron Jugulis\n|-sidestart|p2: TJRaynes|move: Tailwind\n|move|p2a: Lucario|Close Combat|p1b: Scizor\n|-damage|p1b: Scizor|0 fnt\n|-unboost|p2a: Lucario|def|1\n|-unboost|p2a: Lucario|spd|1\n|faint|p1b: Scizor\n|-damage|p2a: Lucario|81\/100|[from] item: Life Orb\n|\n|-weather|Sandstorm|[upkeep]\n|-damage|p2b: Iron Jugulis|42\/100|[from] Sandstorm\n|upkeep\n|\n|t:|1682777529\n|switch|p1b: Maushold|Maushold-Four, L50|100\/100\n|turn|3\n|\n|t:|1682777539\n|move|p1b: Maushold|Follow Me|p1b: Maushold\n|-singleturn|p1b: Maushold|move: Follow Me\n|move|p2b: Iron Jugulis|Dark Pulse|p1b: Maushold\n|-damage|p1b: Maushold|55\/100\n|move|p2a: Lucario|Close Combat|p1b: Maushold\n|-supereffective|p1b: Maushold\n|-damage|p1b: Maushold|0 fnt\n|-unboost|p2a: Lucario|def|1\n|-unboost|p2a: Lucario|spd|1\n|faint|p1b: Maushold\n|-damage|p2a: Lucario|72\/100|[from] item: Life Orb\n|move|p1a: Houndstone|Ice Fang|p2b: Iron Jugulis\n|-supereffective|p2b: Iron Jugulis\n|-damage|p2b: Iron Jugulis|0 fnt\n|faint|p2b: Iron Jugulis\n|-end|p2b: Iron Jugulis|Quark Drive|[silent]\n|-damage|p1a: Houndstone|54\/100|[from] item: Life Orb\n|\n|-weather|Sandstorm|[upkeep]\n|upkeep\n|\n|t:|1682777553\n|switch|p1b: Tyranitar|Tyranitar, L50, M|100\/100\n|switch|p2b: Chi-Yu|Chi-Yu, L50|100\/100\n|-ability|p2b: Chi-Yu|Beads of Ruin\n|turn|4\n|\n|t:|1682777564\n|-terastallize|p1b: Tyranitar|Rock\n|move|p1a: Houndstone|Protect|p1a: Houndstone\n|-singleturn|p1a: Houndstone|Protect\n|move|p2a: Lucario|Thunder Punch|p1b: Tyranitar\n|-damage|p1b: Tyranitar|78\/100\n|-damage|p2a: Lucario|62\/100|[from] item: Life Orb\n|move|p2b: Chi-Yu|Dark Pulse|p1a: Houndstone\n|-activate|p1a: Houndstone|move: Protect\n|move|p1b: Tyranitar|Rock Slide|p2b: Chi-Yu|[spread] p2b\n|-miss|p1b: Tyranitar|p2a: Lucario\n|-supereffective|p2b: Chi-Yu\n|-damage|p2b: Chi-Yu|0 fnt\n|faint|p2b: Chi-Yu\n|\n|-weather|Sandstorm|[upkeep]\n|upkeep\n|\n|t:|1682777575\n|switch|p2b: Amoonguss|Amoonguss, L50, M|100\/100\n|turn|5\n|\n|t:|1682777585\n|move|p2b: Amoonguss|Rage Powder|p2b: Amoonguss\n|-singleturn|p2b: Amoonguss|move: Rage Powder\n|move|p2a: Lucario|Close Combat|p1b: Tyranitar\n|-supereffective|p1b: Tyranitar\n|-damage|p1b: Tyranitar|0 fnt\n|-unboost|p2a: Lucario|def|1\n|-unboost|p2a: Lucario|spd|1\n|faint|p1b: Tyranitar\n|-damage|p2a: Lucario|53\/100|[from] item: Life Orb\n|move|p1a: Houndstone|Ice Fang|p2b: Amoonguss\n|-supereffective|p2b: Amoonguss\n|-damage|p2b: Amoonguss|55\/100\n|-damage|p1a: Houndstone|44\/100|[from] item: Life Orb\n|\n|-weather|Sandstorm|[upkeep]\n|-damage|p2b: Amoonguss|49\/100|[from] Sandstorm\n|-enditem|p2b: Amoonguss|Sitrus Berry|[eat]\n|-heal|p2b: Amoonguss|74\/100|[from] item: Sitrus Berry\n|-sideend|p2: TJRaynes|move: Tailwind\n|upkeep\n|turn|6\n|\n|t:|1682777603\n|-terastallize|p2a: Lucario|Electric\n|move|p2b: Amoonguss|Rage Powder|p2b: Amoonguss\n|-singleturn|p2b: Amoonguss|move: Rage Powder\n|move|p1a: Houndstone|Last Respects|p2b: Amoonguss\n|-damage|p2b: Amoonguss|0 fnt\n|faint|p2b: Amoonguss\n|-damage|p1a: Houndstone|35\/100|[from] item: Life Orb\n|move|p2a: Lucario|Thunder Punch|p1a: Houndstone\n|-damage|p1a: Houndstone|0 fnt\n|faint|p1a: Houndstone\n|-damage|p2a: Lucario|43\/100|[from] item: Life Orb\n|\n|win|TJRaynes\n|raw|Goozy Goobler's rating: 1088 → 1066<\/strong> (-22 for losing)\n|raw|TJRaynes's rating: 1107 → 1131<\/strong> (+24 for winning)\n|l|\u2606Goozy Goobler\n","uploadtime":1682777638,"views":19,"p1id":"goozygoobler","p2id":"tjraynes","formatid":"gen9vgc2023regulationc","rating":1066,"private":0,"password":""}