{"id":"gen9vgc2023regulationc-1852373666","p1":"Memes4.0","p2":"epicrufus17","format":"[Gen 9] VGC 2023 Regulation C","log":"|j|\u2606Memes4.0\n|j|\u2606epicrufus17\n|t:|1682549689\n|gametype|doubles\n|player|p1|Memes4.0|170|1033\n|player|p2|epicrufus17|101|1022\n|teamsize|p1|6\n|teamsize|p2|6\n|gen|9\n|tier|[Gen 9] VGC 2023 Regulation C\n|rated|\n|rule|Species Clause: Limit one of each Pok\u00e9mon\n|rule|Item Clause: Limit one of each item\n|clearpoke\n|poke|p1|Annihilape, L50, M|\n|poke|p1|Amoonguss, L50, F|\n|poke|p1|Gothitelle, L50, F|\n|poke|p1|Farigiraf, L50, M|\n|poke|p1|Azumarill, L50, M|\n|poke|p1|Misdreavus, L50, F|\n|poke|p2|Greedent, L50, M|\n|poke|p2|Grimmsnarl, L50, M|\n|poke|p2|Rabsca, L50, F|\n|poke|p2|Zangoose, L50, F|\n|poke|p2|Garganacl, L50, F|\n|poke|p2|Spiritomb, L50, F|\n|teampreview|4\n|inactive|Battle timer is ON: inactive players will automatically lose when time's up. (requested by epicrufus17)\n|inactive|Memes4.0 also wants the timer to be on.\n|\n|t:|1682549710\n|start\n|switch|p1a: Hi|Gothitelle, L50, F|100\/100\n|switch|p1b: Zebra|Farigiraf, L50, M|100\/100\n|switch|p2a: Rabsca|Rabsca, L50, F|100\/100\n|switch|p2b: Grimmsnarl|Grimmsnarl, L50, M|100\/100\n|turn|1\n|inactive|epicrufus17 has 30 seconds left.\n|inactive|epicrufus17 has 20 seconds left.\n|\n|t:|1682549746\n|move|p1a: Hi|Fake Out|p2b: Grimmsnarl\n|-damage|p2b: Grimmsnarl|94\/100\n|cant|p2b: Grimmsnarl|flinch\n|move|p1b: Zebra|Trick Room|p1b: Zebra\n|-fieldstart|move: Trick Room|[of] p1b: Zebra\n|move|p2a: Rabsca|Trick Room|p2a: Rabsca\n|-fieldend|move: Trick Room\n|\n|upkeep\n|turn|2\n|\n|t:|1682549758\n|move|p2b: Grimmsnarl|Taunt||[still]\n|cant|p1b: Zebra|ability: Armor Tail|Taunt|[of] p2b: Grimmsnarl\n|move|p1b: Zebra|Dazzling Gleam|p2b: Grimmsnarl|[spread] p2a,p2b\n|-supereffective|p2b: Grimmsnarl\n|-damage|p2a: Rabsca|81\/100\n|-damage|p2b: Grimmsnarl|50\/100\n|-damage|p1b: Zebra|91\/100|[from] item: Life Orb\n|move|p1a: Hi|Trick Room|p1a: Hi\n|-fieldstart|move: Trick Room|[of] p1a: Hi\n|move|p2a: Rabsca|Trick Room|p2a: Rabsca\n|-fieldend|move: Trick Room\n|\n|upkeep\n|turn|3\n|inactive|epicrufus17 has 30 seconds left.\n|\n|t:|1682549787\n|-terastallize|p1b: Zebra|Fairy\n|move|p2b: Grimmsnarl|Trick||[still]\n|cant|p1b: Zebra|ability: Armor Tail|Trick|[of] p2b: Grimmsnarl\n|move|p1a: Hi|Psychic|p2a: Rabsca\n|-resisted|p2a: Rabsca\n|-damage|p2a: Rabsca|71\/100\n|move|p1b: Zebra|Dazzling Gleam|p2a: Rabsca|[spread] p2a,p2b\n|-supereffective|p2b: Grimmsnarl\n|-damage|p2a: Rabsca|43\/100\n|-damage|p2b: Grimmsnarl|0 fnt\n|faint|p2b: Grimmsnarl\n|-damage|p1b: Zebra|81\/100|[from] item: Life Orb\n|move|p2a: Rabsca|Rest|p2a: Rabsca\n|-status|p2a: Rabsca|slp|[from] move: Rest\n|-heal|p2a: Rabsca|100\/100 slp|[silent]\n|\n|upkeep\n|\n|t:|1682549802\n|switch|p2b: Zangoose|Zangoose, L50, F|100\/100\n|turn|4\n|\n|t:|1682549814\n|move|p1a: Hi|Psychic|p2b: Zangoose\n|-damage|p2b: Zangoose|70\/100\n|move|p2b: Zangoose|Gunk Shot|p1b: Zebra\n|-supereffective|p1b: Zebra\n|-damage|p1b: Zebra|23\/100\n|move|p1b: Zebra|Psyshock|p2b: Zangoose\n|-damage|p2b: Zangoose|0 fnt\n|faint|p2b: Zangoose\n|-damage|p1b: Zebra|13\/100|[from] item: Life Orb\n|cant|p2a: Rabsca|slp\n|move|p2a: Rabsca|Sleep Talk|p2a: Rabsca\n|move|p2a: Rabsca|Rest||[from]move: Sleep Talk|[still]\n|-fail|p2a: Rabsca\n|\n|upkeep\n|\n|t:|1682549826\n|switch|p2b: Garganacl|Garganacl, L50, F|100\/100\n|turn|5\n|\n|t:|1682549837\n|move|p1a: Hi|Psychic|p2a: Rabsca\n|-resisted|p2a: Rabsca\n|-damage|p2a: Rabsca|89\/100 slp\n|cant|p2a: Rabsca|slp\n|move|p2a: Rabsca|Sleep Talk|p2a: Rabsca\n|move|p2a: Rabsca|Revival Blessing|p2a: Rabsca|[from]move: Sleep Talk\n|\n|t:|1682549847\n|-heal|p2: Grimmsnarl|50\/100|[from] move: Revival Blessing\n|move|p1b: Zebra|Psyshock|p2a: Rabsca\n|-resisted|p2a: Rabsca\n|-damage|p2a: Rabsca|59\/100 slp\n|-damage|p1b: Zebra|4\/100|[from] item: Life Orb\n|move|p2b: Garganacl|Earthquake|p1a: Hi|[spread] p1a,p1b\n|-activate|p2a: Rabsca|ability: Telepathy\n|-damage|p1a: Hi|79\/100\n|-damage|p1b: Zebra|0 fnt\n|faint|p1b: Zebra\n|\n|upkeep\n|\n|t:|1682549859\n|switch|p1b: Walking Nuke|Azumarill, L50, M|100\/100\n|turn|6\n|\n|t:|1682549875\n|move|p1a: Hi|Psychic|p2b: Garganacl\n|-damage|p2b: Garganacl|71\/100\n|move|p1b: Walking Nuke|Liquidation|p2b: Garganacl\n|-supereffective|p2b: Garganacl\n|-damage|p2b: Garganacl|0 fnt\n|faint|p2b: Garganacl\n|-curestatus|p2a: Rabsca|slp|[msg]\n|move|p2a: Rabsca|Rest|p2a: Rabsca\n|-status|p2a: Rabsca|slp|[from] move: Rest\n|-heal|p2a: Rabsca|100\/100 slp|[silent]\n|\n|upkeep\n|\n|t:|1682549885\n|switch|p2b: Grimmsnarl|Grimmsnarl, L50, M|50\/100\n|turn|7\n|\n|t:|1682549900\n|switch|p1a: Help|Amoonguss, L50, F|100\/100\n|move|p2b: Grimmsnarl|Trick|p1b: Walking Nuke\n|-activate|p2b: Grimmsnarl|move: Trick|[of] p1b: Walking Nuke\n|-item|p1b: Walking Nuke|Lagging Tail|[from] move: Trick\n|-item|p2b: Grimmsnarl|Assault Vest|[from] move: Trick\n|move|p1b: Walking Nuke|Liquidation|p2a: Rabsca\n|-damage|p2a: Rabsca|36\/100 slp\n|-unboost|p2a: Rabsca|def|1\n|cant|p2a: Rabsca|slp\n|move|p2a: Rabsca|Sleep Talk|p2a: Rabsca\n|move|p2a: Rabsca|Trick Room|p2a: Rabsca|[from]move: Sleep Talk\n|-fieldstart|move: Trick Room|[of] p2a: Rabsca\n|\n|upkeep\n|turn|8\n|inactive|epicrufus17 has 30 seconds left.\n|\n|t:|1682549927\n|move|p1a: Help|Spore|p2b: Grimmsnarl\n|-status|p2b: Grimmsnarl|slp|[from] move: Spore\n|cant|p2a: Rabsca|slp\n|move|p2a: Rabsca|Sleep Talk|p2a: Rabsca\n|move|p2a: Rabsca|Trick Room|p2a: Rabsca|[from]move: Sleep Talk\n|-fieldend|move: Trick Room\n|cant|p2b: Grimmsnarl|slp\n|move|p1b: Walking Nuke|Liquidation|p2a: Rabsca\n|-damage|p2a: Rabsca|0 fnt\n|faint|p2a: Rabsca\n|\n|upkeep\n|turn|9\n|-message|epicrufus17 forfeited.\n|\n|win|Memes4.0\n|raw|Memes4.0's rating: 1033 → 1067<\/strong> (+34 for winning)\n|raw|epicrufus17's rating: 1022 → 1009<\/strong> (-13 for losing)\n|l|\u2606epicrufus17\n|l|\u2606Memes4.0\n|j|\u2606Memes4.0\n|player|p1|Memes4.0|170\n","uploadtime":1682549967,"views":9,"p1id":"memes40","p2id":"epicrufus17","formatid":"gen9vgc2023regulationc","rating":1009,"private":0,"password":""}