{"id":"gen9vgc2023regulationc-1857219838","p1":"leafyarrow","p2":"JSkiingcfc","format":"[Gen 9] VGC 2023 Regulation C","log":"|j|\u2606leafyarrow\n|j|\u2606JSkiingcfc\n|t:|1683159578\n|gametype|doubles\n|player|p1|leafyarrow|leaf-masters|1147\n|player|p2|JSkiingcfc|265|1064\n|teamsize|p1|6\n|teamsize|p2|6\n|gen|9\n|tier|[Gen 9] VGC 2023 Regulation C\n|rated|\n|rule|Species Clause: Limit one of each Pok\u00e9mon\n|rule|Item Clause: Limit one of each item\n|clearpoke\n|poke|p1|Flutter Mane, L50|\n|poke|p1|Palafin, L50, F|\n|poke|p1|Amoonguss, L50, F|\n|poke|p1|Ting-Lu, L50|\n|poke|p1|Arcanine, L50, F|\n|poke|p1|Kingambit, L50, M|\n|poke|p2|Garganacl, L50, M|\n|poke|p2|Annihilape, L50, F|\n|poke|p2|Arboliva, L50, F|\n|poke|p2|Grimmsnarl, L50, M|\n|poke|p2|Chi-Yu, L50|\n|poke|p2|Great Tusk, L50|\n|teampreview|4\nleafyarrow has agreed to open team sheets.\n|\n|t:|1683159611\n|start\n|switch|p1a: Palafin|Palafin, L50, F|100\/100\n|switch|p1b: Flutter Mane|Flutter Mane, L50|100\/100\n|switch|p2a: Chi-Yu|Chi-Yu, L50|100\/100\n|switch|p2b: Great Tusk|Great Tusk, L50|100\/100\n|-ability|p2a: Chi-Yu|Beads of Ruin\n|turn|1\n|\n|t:|1683159651\n|-terastallize|p1b: Flutter Mane|Fairy\n|move|p1a: Palafin|Jet Punch|p2a: Chi-Yu\n|-supereffective|p2a: Chi-Yu\n|-damage|p2a: Chi-Yu|2\/100\n|move|p2b: Great Tusk|Headlong Rush|p1b: Flutter Mane\n|-damage|p1b: Flutter Mane|0 fnt\n|-unboost|p2b: Great Tusk|def|1\n|-unboost|p2b: Great Tusk|spd|1\n|faint|p1b: Flutter Mane\n|-end|p1b: Flutter Mane|Protosynthesis|[silent]\n|move|p2a: Chi-Yu|Heat Wave|p1a: Palafin\n|-resisted|p1a: Palafin\n|-damage|p1a: Palafin|54\/100\n|\n|upkeep\n|\n|t:|1683159664\n|switch|p1b: Arcanine|Arcanine, L50, F|100\/100\n|-ability|p1b: Arcanine|Intimidate|boost\n|-unboost|p2a: Chi-Yu|atk|1\n|-unboost|p2b: Great Tusk|atk|1\n|turn|2\n|\n|t:|1683159680\n|switch|p2a: Garganacl|Garganacl, L50, M|100\/100\n|detailschange|p1a: Palafin|Palafin-Hero, L50, F\n|switch|p1a: Kingambit|Kingambit, L50, M|100\/100\n|move|p1b: Arcanine|Protect|p1b: Arcanine\n|-singleturn|p1b: Arcanine|Protect\n|move|p2b: Great Tusk|Headlong Rush|p1a: Kingambit\n|-supereffective|p1a: Kingambit\n|-damage|p1a: Kingambit|43\/100\n|-unboost|p2b: Great Tusk|def|1\n|-unboost|p2b: Great Tusk|spd|1\n|\n|upkeep\n|turn|3\n|\n|t:|1683159715\n|-end|p2b: Great Tusk|Protosynthesis|[silent]\n|switch|p2b: Chi-Yu|Chi-Yu, L50|2\/100\n|-ability|p2b: Chi-Yu|Beads of Ruin\n|move|p1b: Arcanine|Extreme Speed|p2b: Chi-Yu\n|-damage|p2b: Chi-Yu|0 fnt\n|faint|p2b: Chi-Yu\n|move|p1a: Kingambit|Iron Head|p2a: Garganacl\n|-supereffective|p2a: Garganacl\n|-damage|p2a: Garganacl|48\/100\n|move|p2a: Garganacl|Body Press|p1a: Kingambit\n|-supereffective|p1a: Kingambit\n|-damage|p1a: Kingambit|0 fnt\n|faint|p1a: Kingambit\n|\n|-heal|p2a: Garganacl|54\/100|[from] item: Leftovers\n|upkeep\n|\n|t:|1683159732\n|switch|p2b: Arboliva|Arboliva, L50, F|100\/100\n|switch|p1a: Palafin|Palafin-Hero, L50, F|54\/100\n|-activate|p1a: Palafin|ability: Zero to Hero\n|turn|4\n|\n|t:|1683159763\n|-terastallize|p2b: Arboliva|Water\n|move|p1a: Palafin|Protect|p1a: Palafin\n|-singleturn|p1a: Palafin|Protect\n|move|p1b: Arcanine|Flare Blitz|p2b: Arboliva\n|-resisted|p2b: Arboliva\n|-damage|p2b: Arboliva|69\/100\n|-fieldstart|move: Grassy Terrain|[from] ability: Seed Sower|[of] p2b: Arboliva\n|-damage|p1b: Arcanine|92\/100|[from] Recoil\n|move|p2b: Arboliva|Grass Knot|p1a: Palafin\n|-activate|p1a: Palafin|move: Protect\n|move|p2a: Garganacl|Iron Defense|p2a: Garganacl\n|-boost|p2a: Garganacl|def|2\n|\n|-heal|p1b: Arcanine|98\/100|[from] Grassy Terrain\n|-heal|p1a: Palafin|60\/100|[from] Grassy Terrain\n|-heal|p2b: Arboliva|75\/100|[from] Grassy Terrain\n|-heal|p2a: Garganacl|60\/100|[from] Grassy Terrain\n|-heal|p2a: Garganacl|66\/100|[from] item: Leftovers\n|upkeep\n|turn|5\n|\n|t:|1683159779\n|move|p1b: Arcanine|Will-O-Wisp|p2b: Arboliva|[miss]\n|-miss|p1b: Arcanine|p2b: Arboliva\n|move|p1a: Palafin|Wave Crash|p2a: Garganacl\n|-supereffective|p2a: Garganacl\n|-damage|p2a: Garganacl|4\/100\n|-damage|p1a: Palafin|40\/100|[from] Recoil\n|move|p2b: Arboliva|Giga Drain|p1a: Palafin\n|-supereffective|p1a: Palafin\n|-crit|p1a: Palafin\n|-damage|p1a: Palafin|0 fnt\n|-heal|p2b: Arboliva|99\/100|[from] drain|[of] p1a: Palafin\n|faint|p1a: Palafin\n|move|p2a: Garganacl|Recover|p2a: Garganacl\n|-heal|p2a: Garganacl|54\/100\n|\n|-heal|p1b: Arcanine|100\/100|[from] Grassy Terrain\n|-heal|p2b: Arboliva|100\/100|[from] Grassy Terrain\n|-heal|p2a: Garganacl|60\/100|[from] Grassy Terrain\n|-heal|p2a: Garganacl|66\/100|[from] item: Leftovers\n|upkeep\n|turn|6\n|-message|leafyarrow forfeited.\n|\n|win|JSkiingcfc\n|raw|leafyarrow's rating: 1147 → 1116<\/strong> (-31 for losing)\n|raw|JSkiingcfc's rating: 1064 → 1102<\/strong> (+38 for winning)\n","uploadtime":1683159792,"views":15,"p1id":"leafyarrow","p2id":"jskiingcfc","formatid":"gen9vgc2023regulationc","rating":1102,"private":0,"password":""}