{"id":"gen9vgc2023regulationc-1863744181","p1":"LowQualityGaming","p2":"metalgymleader","format":"[Gen 9] VGC 2023 Regulation C","log":"|j|\u2606LowQualityGaming\n|j|\u2606metalgymleader\n|t:|1684070858\n|gametype|doubles\n|player|p1|LowQualityGaming|265|1196\n|player|p2|metalgymleader|colress|1197\n|teamsize|p1|6\n|teamsize|p2|6\n|gen|9\n|tier|[Gen 9] VGC 2023 Regulation C\n|rated|\n|rule|Species Clause: Limit one of each Pok\u00e9mon\n|rule|Item Clause: Limit one of each item\n|clearpoke\n|poke|p1|Ceruledge, L50, M|\n|poke|p1|Corviknight, L50, M|\n|poke|p1|Ting-Lu, L50|\n|poke|p1|Amoonguss, L50, M|\n|poke|p1|Iron Bundle, L50|\n|poke|p1|Flutter Mane, L50|\n|poke|p2|Torkoal, L50, F|\n|poke|p2|Maushold, L50|\n|poke|p2|Great Tusk, L50|\n|poke|p2|Oranguru, L50, F|\n|poke|p2|Hatterene, L50, F|\n|poke|p2|Jumpluff, L50, M|\n|teampreview|4\n|\n|t:|1684070879\n|start\n|switch|p1a: Iron Bundle|Iron Bundle, L50|100\/100\n|switch|p1b: Flutter Mane|Flutter Mane, L50|100\/100\n|switch|p2a: Jumpluff|Jumpluff, L50, M|100\/100\n|switch|p2b: Torkoal|Torkoal, L50, F|100\/100\n|-weather|SunnyDay|[from] ability: Drought|[of] p2b: Torkoal\n|-activate|p1b: Flutter Mane|ability: Protosynthesis\n|-start|p1b: Flutter Mane|protosynthesisspe\n|-enditem|p1a: Iron Bundle|Booster Energy\n|-activate|p1a: Iron Bundle|ability: Quark Drive|[fromitem]\n|-start|p1a: Iron Bundle|quarkdrivespe\n|turn|1\n|\n|t:|1684070920\n|-terastallize|p1a: Iron Bundle|Ghost\n|move|p2a: Jumpluff|Sleep Powder|p1b: Flutter Mane\n|-status|p1b: Flutter Mane|slp|[from] move: Sleep Powder\n|move|p1a: Iron Bundle|Icy Wind|p2b: Torkoal|[spread] p2a,p2b\n|-supereffective|p2a: Jumpluff\n|-resisted|p2b: Torkoal\n|-damage|p2a: Jumpluff|19\/100\n|-damage|p2b: Torkoal|88\/100\n|-unboost|p2b: Torkoal|spe|1\n|cant|p1b: Flutter Mane|slp\n|move|p2b: Torkoal|Heat Wave|p1a: Iron Bundle|[spread] p1a,p1b\n|-damage|p1a: Iron Bundle|0 fnt\n|-damage|p1b: Flutter Mane|42\/100 slp\n|faint|p1a: Iron Bundle\n|-end|p1a: Iron Bundle|Quark Drive|[silent]\n|\n|-weather|SunnyDay|[upkeep]\n|upkeep\n|\n|t:|1684070936\n|switch|p1a: Amoonguss|Amoonguss, L50, M|100\/100\n|turn|2\n|\n|t:|1684070951\n|move|p1a: Amoonguss|Protect|p1a: Amoonguss\n|-singleturn|p1a: Amoonguss|Protect\n|move|p2a: Jumpluff|Rage Powder|p2a: Jumpluff\n|-singleturn|p2a: Jumpluff|move: Rage Powder\n|cant|p1b: Flutter Mane|slp\n|move|p2b: Torkoal|Heat Wave|p1a: Amoonguss|[spread] p1b\n|-activate|p1a: Amoonguss|move: Protect\n|-damage|p1b: Flutter Mane|0 fnt\n|faint|p1b: Flutter Mane\n|-end|p1b: Flutter Mane|Protosynthesis|[silent]\n|\n|-weather|SunnyDay|[upkeep]\n|upkeep\n|\n|t:|1684070960\n|switch|p1b: Ting-Lu|Ting-Lu, L50|100\/100\n|-ability|p1b: Ting-Lu|Vessel of Ruin\n|turn|3\n|\n|t:|1684070987\n|move|p2a: Jumpluff|Sleep Powder|p1b: Ting-Lu\n|-status|p1b: Ting-Lu|slp|[from] move: Sleep Powder\n|cant|p1b: Ting-Lu|slp\n|move|p1a: Amoonguss|Pollen Puff|p2a: Jumpluff\n|-damage|p2a: Jumpluff|4\/100\n|move|p2b: Torkoal|Heat Wave|p1a: Amoonguss|[spread] p1a,p1b\n|-supereffective|p1a: Amoonguss\n|-damage|p1a: Amoonguss|15\/100\n|-damage|p1b: Ting-Lu|72\/100 slp\n|-status|p1a: Amoonguss|brn\n|-enditem|p1a: Amoonguss|Sitrus Berry|[eat]\n|-heal|p1a: Amoonguss|40\/100 brn|[from] item: Sitrus Berry\n|\n|-weather|SunnyDay|[upkeep]\n|-damage|p1a: Amoonguss|34\/100 brn|[from] brn\n|upkeep\n|turn|4\n|\n|t:|1684071009\n|move|p1a: Amoonguss|Protect|p1a: Amoonguss\n|-singleturn|p1a: Amoonguss|Protect\n|move|p2a: Jumpluff|Rage Powder|p2a: Jumpluff\n|-singleturn|p2a: Jumpluff|move: Rage Powder\n|cant|p1b: Ting-Lu|slp\n|move|p2b: Torkoal|Heat Wave|p1b: Ting-Lu|[spread] p1b\n|-activate|p1a: Amoonguss|move: Protect\n|-damage|p1b: Ting-Lu|46\/100 slp\n|\n|-weather|SunnyDay|[upkeep]\n|-damage|p1a: Amoonguss|28\/100 brn|[from] brn\n|upkeep\n|turn|5\n|\n|t:|1684071024\n|move|p2a: Jumpluff|Rage Powder|p2a: Jumpluff\n|-singleturn|p2a: Jumpluff|move: Rage Powder\n|cant|p1b: Ting-Lu|slp\n|move|p1a: Amoonguss|Pollen Puff|p1b: Ting-Lu\n|-heal|p1b: Ting-Lu|95\/100 slp\n|move|p2b: Torkoal|Heat Wave|p1b: Ting-Lu|[spread] p1a,p1b\n|-supereffective|p1a: Amoonguss\n|-damage|p1a: Amoonguss|0 fnt\n|-damage|p1b: Ting-Lu|70\/100 slp\n|faint|p1a: Amoonguss\n|\n|-weather|none\n|upkeep\n|turn|6\n|\n|t:|1684071044\n|move|p2a: Jumpluff|Rage Powder|p2a: Jumpluff\n|-singleturn|p2a: Jumpluff|move: Rage Powder\n|-curestatus|p1b: Ting-Lu|slp|[msg]\n|move|p1b: Ting-Lu|Earthquake|p2a: Jumpluff|[spread] p2b\n|-immune|p2a: Jumpluff\n|-supereffective|p2b: Torkoal\n|-damage|p2b: Torkoal|29\/100\n|move|p2b: Torkoal|Heat Wave|p1b: Ting-Lu\n|-damage|p1b: Ting-Lu|46\/100\n|\n|upkeep\n|turn|7\n|\n|t:|1684071057\n|move|p2a: Jumpluff|Sleep Powder|p1b: Ting-Lu\n|-status|p1b: Ting-Lu|slp|[from] move: Sleep Powder\n|cant|p1b: Ting-Lu|slp\n|move|p2b: Torkoal|Heat Wave|p1b: Ting-Lu\n|-damage|p1b: Ting-Lu|22\/100 slp\n|\n|upkeep\n|turn|8\n|-message|LowQualityGaming forfeited.\n|\n|win|metalgymleader\n|raw|LowQualityGaming's rating: 1196 → 1171<\/strong> (-25 for losing)\n|raw|metalgymleader's rating: 1197 → 1222<\/strong> (+25 for winning)\n|l|\u2606LowQualityGaming\n","uploadtime":1684071250,"views":16,"p1id":"lowqualitygaming","p2id":"metalgymleader","formatid":"gen9vgc2023regulationc","rating":1171,"private":0,"password":""}