{"id":"gen9vgc2023regulationc-1860207225","p1":"MasterofMetapods5","p2":"xafy","format":"[Gen 9] VGC 2023 Regulation C","log":"|j|\u2606MasterofMetapods5\n|j|\u2606xafy\n|t:|1683610255\n|gametype|doubles\n|player|p1|MasterofMetapods5|lance|\n|player|p2|xafy|giovanni|\n|teamsize|p1|6\n|teamsize|p2|6\n|gen|9\n|tier|[Gen 9] VGC 2023 Regulation C\n|rated|Tournament battle\n|rule|Species Clause: Limit one of each Pok\u00e9mon\n|rule|Item Clause: Limit one of each item\n|clearpoke\n|poke|p1|Amoonguss, L50, M|\n|poke|p1|Ting-Lu, L50|\n|poke|p1|Corviknight, L50, M|\n|poke|p1|Rotom-Wash, L50|\n|poke|p1|Chi-Yu, L50|\n|poke|p1|Flutter Mane, L50|\n|poke|p2|Farigiraf, L50, F|\n|poke|p2|Torkoal, L50, F|\n|poke|p2|Brute Bonnet, L50|\n|poke|p2|Hatterene, L50, F|\n|poke|p2|Iron Hands, L50|\n|poke|p2|Annihilape, L50, F|\n|teampreview|4\n|raw| Open Team Sheet for MasterofMetapods5<\/summary>Amoonguss (M) @ Sitrus Berry Ability: Regenerator Level: 50 Tera Type: Water - Clear Smog - Pollen Puff - Spore - Rage Powder Ting-Lu @ Leftovers Ability: Vessel of Ruin Level: 50 Tera Type: Poison - Protect - Earthquake - Heavy Slam - Ruination Corviknight (M) @ Lum Berry Ability: Mirror Armor Level: 50 Tera Type: Dragon - Brave Bird - Iron Head - Roost - Tailwind Rotom (Rotom-Wash) @ Safety Goggles Ability: Levitate Level: 50 Tera Type: Poison - Protect - Thunderbolt - Hydro Pump - Nasty Plot Chi-Yu @ Focus Sash Ability: Beads of Ruin Level: 50 Tera Type: Fire - Protect - Heat Wave - Dark Pulse - Overheat Flutter Mane @ Booster Energy Ability: Protosynthesis Level: 50 Tera Type: Fairy - Protect - Moonblast - Shadow Ball - Icy Wind <\/details><\/div> Open Team Sheet for xafy<\/summary>Farigiraf @ Mental Herb Ability: Armor Tail Level: 50 Tera Type: Fairy - Trick Room - Helping Hand - Dazzling Gleam - Hyper Voice Torkoal @ Safety Goggles Ability: Drought Level: 50 Tera Type: Fire - Eruption - Solar Beam - Flamethrower - Earth Power Brute Bonnet @ Loaded Dice Ability: Protosynthesis Level: 50 Tera Type: Poison - Bullet Seed - Spore - Sucker Punch - Close Combat Hatterene (F) @ Life Orb Ability: Magic Bounce Level: 50 Tera Type: Fire - Psyshock - Dazzling Gleam - Mystical Fire - Trick Room Iron Hands @ Assault Vest Ability: Quark Drive Level: 50 Tera Type: Grass - Drain Punch - Wild Charge - Volt Switch - Fake Out Annihilape @ Choice Scarf Ability: Defiant Level: 50 Tera Type: Normal - Close Combat - U-turn - Final Gambit - Shadow Claw <\/details><\/div>\n|c|\u2606MasterofMetapods5|glhf\n|c|\u2606xafy|glhf\n|inactive|Battle timer is ON: inactive players will automatically lose when time's up. (requested by MasterofMetapods5)\n|\n|t:|1683610317\n|start\n|switch|p1a: Chi-Yu|Chi-Yu, L50|100\/100\n|switch|p1b: Amoonguss|Amoonguss, L50, M|100\/100\n|switch|p2a: Annihilape|Annihilape, L50, F|100\/100\n|switch|p2b: Farigiraf|Farigiraf, L50, F|100\/100\n|-ability|p1a: Chi-Yu|Beads of Ruin\n|turn|1\n|inactive|xafy has 30 seconds left.\n|\n|t:|1683610347\n|move|p2a: Annihilape|Final Gambit|p1b: Amoonguss\n|-damage|p1b: Amoonguss|2\/100\n|-enditem|p1b: Amoonguss|Sitrus Berry|[eat]\n|-heal|p1b: Amoonguss|27\/100|[from] item: Sitrus Berry\n|faint|p2a: Annihilape\n|move|p1a: Chi-Yu|Dark Pulse|p2b: Farigiraf\n|-supereffective|p2b: Farigiraf\n|-damage|p2b: Farigiraf|9\/100\n|cant|p2b: Farigiraf|flinch\n|move|p1b: Amoonguss|Spore|p2b: Farigiraf\n|-status|p2b: Farigiraf|slp|[from] move: Spore\n|\n|upkeep\n|\n|t:|1683610355\n|switch|p2a: Brute Bonnet|Brute Bonnet, L50|100\/100\n|turn|2\n|\n|t:|1683610371\n|-terastallize|p2a: Brute Bonnet|Poison\n|move|p1a: Chi-Yu|Heat Wave|p2b: Farigiraf|[spread] p2a,p2b\n|-damage|p2a: Brute Bonnet|63\/100\n|-damage|p2b: Farigiraf|0 fnt\n|faint|p2b: Farigiraf\n|move|p2a: Brute Bonnet|Spore|p1a: Chi-Yu\n|-status|p1a: Chi-Yu|slp|[from] move: Spore\n|move|p1b: Amoonguss|Pollen Puff|p2a: Brute Bonnet\n|-resisted|p2a: Brute Bonnet\n|-damage|p2a: Brute Bonnet|55\/100\n|\n|upkeep\n|\n|t:|1683610375\n|switch|p2b: Torkoal|Torkoal, L50, F|100\/100\n|-weather|SunnyDay|[from] ability: Drought|[of] p2b: Torkoal\n|-activate|p2a: Brute Bonnet|ability: Protosynthesis\n|-start|p2a: Brute Bonnet|protosynthesisatk\n|turn|3\n|\n|t:|1683610388\n|move|p2a: Brute Bonnet|Sucker Punch||[still]\n|-fail|p2a: Brute Bonnet\n|cant|p1a: Chi-Yu|slp\n|move|p1b: Amoonguss|Spore|p2b: Torkoal\n|-activate|p2b: Torkoal|item: Safety Goggles|Spore\n|move|p2b: Torkoal|Eruption|p1b: Amoonguss|[spread] p1a,p1b\n|-resisted|p1a: Chi-Yu\n|-supereffective|p1b: Amoonguss\n|-damage|p1a: Chi-Yu|61\/100 slp\n|-damage|p1b: Amoonguss|0 fnt\n|faint|p1b: Amoonguss\n|\n|-weather|SunnyDay|[upkeep]\n|upkeep\n|\n|t:|1683610395\n|switch|p1b: Ting-Lu|Ting-Lu, L50|100\/100\n|-ability|p1b: Ting-Lu|Vessel of Ruin\n|turn|4\n|\n|t:|1683610404\n|move|p1b: Ting-Lu|Protect|p1b: Ting-Lu\n|-singleturn|p1b: Ting-Lu|Protect\n|cant|p1a: Chi-Yu|slp\n|move|p2a: Brute Bonnet|Bullet Seed|p1b: Ting-Lu\n|-activate|p1b: Ting-Lu|move: Protect\n|move|p2b: Torkoal|Earth Power|p1a: Chi-Yu\n|-supereffective|p1a: Chi-Yu\n|-damage|p1a: Chi-Yu|18\/100 slp\n|\n|-weather|SunnyDay|[upkeep]\n|upkeep\n|turn|5\n|\n|t:|1683610426\n|move|p2a: Brute Bonnet|Sucker Punch|p1a: Chi-Yu\n|-resisted|p1a: Chi-Yu\n|-damage|p1a: Chi-Yu|0 fnt\n|faint|p1a: Chi-Yu\n|move|p1b: Ting-Lu|Earthquake|p2b: Torkoal|[spread] p2a,p2b\n|-supereffective|p2a: Brute Bonnet\n|-supereffective|p2b: Torkoal\n|-damage|p2a: Brute Bonnet|0 fnt\n|-damage|p2b: Torkoal|50\/100\n|faint|p2a: Brute Bonnet\n|-end|p2a: Brute Bonnet|Protosynthesis|[silent]\n|move|p2b: Torkoal|Solar Beam||[still]\n|-prepare|p2b: Torkoal|Solar Beam\n|-anim|p2b: Torkoal|Solar Beam|p1b: Ting-Lu\n|-supereffective|p1b: Ting-Lu\n|-damage|p1b: Ting-Lu|64\/100\n|\n|-weather|SunnyDay|[upkeep]\n|-heal|p1b: Ting-Lu|69\/100|[from] item: Leftovers\n|upkeep\n|\n|t:|1683610432\n|switch|p1a: Corviknight|Corviknight, L50, M|100\/100\n|turn|6\n|c|\u2606MasterofMetapods5|gg\n|c|\u2606xafy|gg\n|\n|t:|1683610442\n|move|p1a: Corviknight|Iron Head|p2b: Torkoal\n|-resisted|p2b: Torkoal\n|-damage|p2b: Torkoal|38\/100\n|move|p1b: Ting-Lu|Earthquake|p2b: Torkoal|[spread] p2b\n|-immune|p1a: Corviknight\n|-supereffective|p2b: Torkoal\n|-damage|p2b: Torkoal|0 fnt\n|faint|p2b: Torkoal\n|\n|win|MasterofMetapods5\n|n|\u2606MasterofMetapods5|masterofmetapods5\n|n|\u2606xafy|xafy\n","uploadtime":1683610444,"views":9,"p1id":"masterofmetapods5","p2id":"xafy","formatid":"gen9vgc2023regulationc","rating":0,"private":0,"password":""}