{"id":"gen9vgc2023regulationc-1855848247","p1":"Denngekibuko","p2":"FriskDitto","format":"[Gen 9] VGC 2023 Regulation C","log":"|j|\u2606Denngekibuko\n|j|\u2606FriskDitto\n|t:|1682991384\n|gametype|doubles\n|player|p1|Denngekibuko|lucas|1192\n|player|p2|FriskDitto|bugcatcher-gen4dp|1107\n|teamsize|p1|6\n|teamsize|p2|6\n|gen|9\n|tier|[Gen 9] VGC 2023 Regulation C\n|rated|\n|rule|Species Clause: Limit one of each Pok\u00e9mon\n|rule|Item Clause: Limit one of each item\n|clearpoke\n|poke|p1|Orthworm, L50, F|\n|poke|p1|Oranguru, L50, M|\n|poke|p1|Pelipper, L50, M|\n|poke|p1|Iron Hands, L50|\n|poke|p1|Ting-Lu, L50|\n|poke|p1|Gastrodon, L50, M|\n|poke|p2|Ceruledge, L50, F|\n|poke|p2|Gyarados, L50, F|\n|poke|p2|Amoonguss, L50, F|\n|poke|p2|Glimmora, L50, F|\n|poke|p2|Ting-Lu, L50|\n|poke|p2|Flutter Mane, L50|\n|teampreview|4\n|\n|t:|1682991422\n|start\n|switch|p1a: Orthworm|Orthworm, L50, F|100\/100\n|switch|p1b: Ting-Lu|Ting-Lu, L50|100\/100\n|switch|p2a: Gyarados|Gyarados, L50, F|100\/100\n|switch|p2b: Glimmora|Glimmora, L50, F|100\/100\n|-ability|p2a: Gyarados|Intimidate|boost\n|-unboost|p1a: Orthworm|atk|1\n|-unboost|p1b: Ting-Lu|atk|1\n|-ability|p1b: Ting-Lu|Vessel of Ruin\n|turn|1\n|\n|t:|1682991456\n|move|p2b: Glimmora|Toxic|p1b: Ting-Lu\n|-status|p1b: Ting-Lu|tox\n|move|p2a: Gyarados|Thunder Wave|p1a: Orthworm\n|-status|p1a: Orthworm|par\n|move|p1b: Ting-Lu|Rock Slide|p2b: Glimmora|[spread] p2a,p2b\n|-supereffective|p2a: Gyarados\n|-damage|p2a: Gyarados|55\/100\n|-damage|p2b: Glimmora|76\/100\n|-activate|p2b: Glimmora|ability: Toxic Debris\n|-sidestart|p1: Denngekibuko|move: Toxic Spikes\n|move|p1a: Orthworm|Heavy Slam|p2b: Glimmora\n|-supereffective|p2b: Glimmora\n|-damage|p2b: Glimmora|16\/100\n|-activate|p2b: Glimmora|ability: Toxic Debris\n|-sidestart|p1: Denngekibuko|move: Toxic Spikes\n|\n|-damage|p1b: Ting-Lu|94\/100 tox|[from] psn\n|upkeep\n|turn|2\n|\n|t:|1682991502\n|move|p2b: Glimmora|Spiky Shield|p2b: Glimmora\n|-singleturn|p2b: Glimmora|move: Protect\n|move|p2a: Gyarados|Waterfall|p1b: Ting-Lu\n|-supereffective|p1b: Ting-Lu\n|-damage|p1b: Ting-Lu|49\/100 tox\n|move|p1b: Ting-Lu|Rock Slide|p2b: Glimmora|[spread] p2a\n|-activate|p2b: Glimmora|move: Protect\n|-supereffective|p2a: Gyarados\n|-damage|p2a: Gyarados|3\/100\n|move|p1a: Orthworm|Iron Defense|p1a: Orthworm\n|-boost|p1a: Orthworm|def|2\n|\n|-damage|p1b: Ting-Lu|36\/100 tox|[from] psn\n|upkeep\n|turn|3\n|\n|t:|1682991530\n|move|p2b: Glimmora|Power Gem|p1b: Ting-Lu\n|-resisted|p1b: Ting-Lu\n|-damage|p1b: Ting-Lu|23\/100 tox\n|move|p2a: Gyarados|Waterfall|p1b: Ting-Lu\n|-supereffective|p1b: Ting-Lu\n|-damage|p1b: Ting-Lu|0 fnt\n|faint|p1b: Ting-Lu\n|move|p1a: Orthworm|Heavy Slam|p2a: Gyarados\n|-resisted|p2a: Gyarados\n|-damage|p2a: Gyarados|0 fnt\n|faint|p2a: Gyarados\n|\n|upkeep\n|\n|t:|1682991551\n|switch|p2a: Ting-Lu|Ting-Lu, L50|100\/100\n|switch|p1b: Oranguru|Oranguru, L50, M|100\/100\n|-status|p1b: Oranguru|tox\n|-ability|p2a: Ting-Lu|Vessel of Ruin\n|turn|4\n|\n|t:|1682991568\n|move|p2b: Glimmora|Power Gem|p1b: Oranguru\n|-damage|p1b: Oranguru|76\/100 tox\n|move|p2a: Ting-Lu|Ruination|p1a: Orthworm\n|-damage|p1a: Orthworm|51\/100 par\n|cant|p1a: Orthworm|par\n|move|p1b: Oranguru|Trick Room|p1b: Oranguru\n|-fieldstart|move: Trick Room|[of] p1b: Oranguru\n|\n|-heal|p1a: Orthworm|57\/100 par|[from] item: Leftovers\n|-damage|p1b: Oranguru|70\/100 tox|[from] psn\n|upkeep\n|turn|5\n|\n|t:|1682991602\n|move|p2b: Glimmora|Spiky Shield|p2b: Glimmora\n|-singleturn|p2b: Glimmora|move: Protect\n|move|p1a: Orthworm|Body Press|p2a: Ting-Lu\n|-supereffective|p2a: Ting-Lu\n|-damage|p2a: Ting-Lu|46\/100\n|move|p2a: Ting-Lu|Heavy Slam|p1b: Oranguru\n|-damage|p1b: Oranguru|41\/100 tox\n|move|p1b: Oranguru|Psychic|p2b: Glimmora\n|-activate|p2b: Glimmora|move: Protect\n|\n|-heal|p1a: Orthworm|63\/100 par|[from] item: Leftovers\n|-damage|p1b: Oranguru|29\/100 tox|[from] psn\n|upkeep\n|turn|6\n|\n|t:|1682991631\n|switch|p2b: Flutter Mane|Flutter Mane, L50|100\/100\n|-enditem|p2b: Flutter Mane|Booster Energy\n|-activate|p2b: Flutter Mane|ability: Protosynthesis|[fromitem]\n|-start|p2b: Flutter Mane|protosynthesisspe\n|move|p1a: Orthworm|Body Press|p2a: Ting-Lu\n|-supereffective|p2a: Ting-Lu\n|-damage|p2a: Ting-Lu|0 fnt\n|faint|p2a: Ting-Lu\n|move|p1b: Oranguru|Psychic|p2b: Flutter Mane\n|-damage|p2b: Flutter Mane|75\/100\n|\n|-heal|p1a: Orthworm|69\/100 par|[from] item: Leftovers\n|-damage|p1b: Oranguru|11\/100 tox|[from] psn\n|upkeep\n|\n|t:|1682991641\n|switch|p2a: Glimmora|Glimmora, L50, F|16\/100\n|turn|7\n|\n|t:|1682991656\n|move|p2a: Glimmora|Spiky Shield|p2a: Glimmora\n|-singleturn|p2a: Glimmora|move: Protect\n|move|p2b: Flutter Mane|Protect|p2b: Flutter Mane\n|-singleturn|p2b: Flutter Mane|Protect\n|move|p1a: Orthworm|Substitute|p1a: Orthworm\n|-start|p1a: Orthworm|Substitute\n|-damage|p1a: Orthworm|45\/100 par\n|move|p1b: Oranguru|Taunt|p2b: Flutter Mane\n|-activate|p2b: Flutter Mane|move: Protect\n|\n|-heal|p1a: Orthworm|51\/100 par|[from] item: Leftovers\n|-damage|p1b: Oranguru|0 fnt|[from] psn\n|faint|p1b: Oranguru\n|upkeep\n|c|\u2606FriskDitto|wp\n|\n|t:|1682991671\n|switch|p1b: Iron Hands|Iron Hands, L50|100\/100\n|-status|p1b: Iron Hands|tox\n|-enditem|p1b: Iron Hands|Booster Energy\n|-activate|p1b: Iron Hands|ability: Quark Drive|[fromitem]\n|-start|p1b: Iron Hands|quarkdriveatk\n|turn|8\n|l|\u2606FriskDitto\n|player|p2|\n|j|\u2606FriskDitto\n|player|p2|FriskDitto|bugcatcher-gen4dp\n|\n|t:|1682991770\n|move|p2a: Glimmora|Spiky Shield||[still]\n|-fail|p2a: Glimmora\n|move|p1a: Orthworm|Heavy Slam|p2b: Flutter Mane\n|-supereffective|p2b: Flutter Mane\n|-damage|p2b: Flutter Mane|0 fnt\n|faint|p2b: Flutter Mane\n|-end|p2b: Flutter Mane|Protosynthesis|[silent]\n|move|p1b: Iron Hands|Earthquake|p2a: Glimmora|[spread] p2a\n|-heal|p1a: Orthworm|76\/100 par|[from] ability: Earth Eater|[of] p1b: Iron Hands\n|-supereffective|p2a: Glimmora\n|-damage|p2a: Glimmora|0 fnt\n|faint|p2a: Glimmora\n|\n|win|Denngekibuko\n|raw|Denngekibuko's rating: 1192 → 1211<\/strong> (+19 for winning)\n|raw|FriskDitto's rating: 1107 → 1088<\/strong> (-19 for losing)\n","uploadtime":1682991783,"views":16,"p1id":"denngekibuko","p2id":"friskditto","formatid":"gen9vgc2023regulationc","rating":1088,"private":0,"password":""}