{"id":"gen9vgc2023regulationc-1846624581","p1":"WindowNipples","p2":"Connowot","format":"[Gen 9] VGC 2023 Regulation C","log":"|j|\u2606WindowNipples\n|j|\u2606Connowot\n|t:|1681858572\n|gametype|doubles\n|player|p1|WindowNipples|bellelba|1236\n|player|p2|Connowot|102|1213\n|teamsize|p1|6\n|teamsize|p2|6\n|gen|9\n|tier|[Gen 9] VGC 2023 Regulation C\n|rated|\n|rule|Species Clause: Limit one of each Pok\u00e9mon\n|rule|Item Clause: Limit one of each item\n|clearpoke\n|poke|p1|Stonjourner, L50, M|\n|poke|p1|Iron Bundle, L50|\n|poke|p1|Blissey, L50, F|\n|poke|p1|Spiritomb, L50, M|\n|poke|p1|Gastrodon, L50, F|\n|poke|p1|Salamence, L50, F|\n|poke|p2|Flutter Mane, L50|\n|poke|p2|Chi-Yu, L50|\n|poke|p2|Lilligant, L50, F|\n|poke|p2|Torkoal, L50, M|\n|poke|p2|Dachsbun, L50, M|\n|poke|p2|Salamence, L50, F|\n|teampreview|4\nWindowNipples rejected open team sheets.\n|\n|t:|1681858640\n|start\n|switch|p1a: Stonjourner|Stonjourner, L50, M|100\/100\n|switch|p1b: Blissey|Blissey, L50, F|100\/100\n|switch|p2a: Salamence|Salamence, L50, F|100\/100\n|switch|p2b: Torkoal|Torkoal, L50, M|100\/100\n|-weather|SunnyDay|[from] ability: Drought|[of] p2b: Torkoal\n|turn|1\n|\n|t:|1681858657\n|switch|p2b: Flutter Mane|Flutter Mane, L50|100\/100\n|-activate|p2b: Flutter Mane|ability: Protosynthesis\n|-start|p2b: Flutter Mane|protosynthesisspe\n|move|p2a: Salamence|Dragon Dance|p2a: Salamence\n|-boost|p2a: Salamence|atk|1\n|-boost|p2a: Salamence|spe|1\n|move|p1a: Stonjourner|Gravity|p1a: Stonjourner\n|-fieldstart|move: Gravity\n|move|p1b: Blissey|Sing|p2b: Flutter Mane|[miss]\n|-miss|p1b: Blissey|p2b: Flutter Mane\n|\n|-weather|SunnyDay|[upkeep]\n|upkeep\n|turn|2\n|\n|t:|1681858684\n|move|p2b: Flutter Mane|Moonblast|p1b: Blissey\n|-damage|p1b: Blissey|71\/100\n|move|p2a: Salamence|Dragon Claw|p1b: Blissey\n|-damage|p1b: Blissey|4\/100\n|move|p1a: Stonjourner|Stone Edge|p2b: Flutter Mane\n|-damage|p2b: Flutter Mane|4\/100\n|move|p1b: Blissey|Blizzard|p2a: Salamence|[spread] p2a,p2b\n|-supereffective|p2a: Salamence\n|-damage|p2a: Salamence|0 fnt\n|-damage|p2b: Flutter Mane|0 fnt\n|faint|p2a: Salamence\n|faint|p2b: Flutter Mane\n|-end|p2b: Flutter Mane|Protosynthesis|[silent]\n|\n|-weather|SunnyDay|[upkeep]\n|upkeep\n|\n|t:|1681858696\n|switch|p2b: Chi-Yu|Chi-Yu, L50|100\/100\n|switch|p2a: Torkoal|Torkoal, L50, M|100\/100\n|-ability|p2b: Chi-Yu|Beads of Ruin\n|turn|3\n|c|\u2606Connowot|:(\n|\n|t:|1681858728\n|-terastallize|p2b: Chi-Yu|Grass\n|move|p1a: Stonjourner|Wide Guard|p1a: Stonjourner\n|-singleturn|p1a: Stonjourner|Wide Guard\n|move|p2b: Chi-Yu|Tera Blast|p1a: Stonjourner\n|-supereffective|p1a: Stonjourner\n|-enditem|p1a: Stonjourner|Focus Sash\n|-damage|p1a: Stonjourner|1\/100\n|move|p1b: Blissey|Sing|p2b: Chi-Yu\n|-status|p2b: Chi-Yu|slp|[from] move: Sing\n|-enditem|p1b: Blissey|Throat Spray\n|-boost|p1b: Blissey|spa|1|[from] item: Throat Spray\n|move|p2a: Torkoal|Heat Wave|p1a: Stonjourner|[spread] \n|-activate|p1a: Stonjourner|move: Wide Guard\n|-activate|p1b: Blissey|move: Wide Guard\n|\n|-weather|SunnyDay|[upkeep]\n|upkeep\n|turn|4\n|\n|t:|1681858747\n|move|p2a: Torkoal|Protect|p2a: Torkoal\n|-singleturn|p2a: Torkoal|Protect\n|cant|p2b: Chi-Yu|slp\n|move|p1a: Stonjourner|Stone Edge|p2a: Torkoal\n|-activate|p2a: Torkoal|move: Protect\n|move|p1b: Blissey|Fire Blast|p2b: Chi-Yu\n|-supereffective|p2b: Chi-Yu\n|-damage|p2b: Chi-Yu|0 fnt\n|faint|p2b: Chi-Yu\n|\n|-weather|SunnyDay|[upkeep]\n|upkeep\n|turn|5\n|\n|t:|1681858756\n|move|p1a: Stonjourner|Stone Edge|p2a: Torkoal\n|-supereffective|p2a: Torkoal\n|-damage|p2a: Torkoal|35\/100\n|move|p1b: Blissey|Sing|p2a: Torkoal\n|-status|p2a: Torkoal|slp|[from] move: Sing\n|cant|p2a: Torkoal|slp\n|\n|-weather|none\n|-fieldend|move: Gravity\n|upkeep\n|turn|6\n|c|\u2606Connowot|gg\n|c|\u2606WindowNipples|gg\n|\n|t:|1681858764\n|move|p1a: Stonjourner|Stone Edge|p2a: Torkoal\n|-supereffective|p2a: Torkoal\n|-damage|p2a: Torkoal|0 fnt\n|faint|p2a: Torkoal\n|\n|win|WindowNipples\n|raw|WindowNipples's rating: 1236 → 1259<\/strong> (+23 for winning)\n|raw|Connowot's rating: 1213 → 1190<\/strong> (-23 for losing)\n","uploadtime":1681858769,"views":12,"p1id":"windownipples","p2id":"connowot","formatid":"gen9vgc2023regulationc","rating":1190,"private":0,"password":""}