{"id":"gen9vgc2023regulationc-1847293482","p1":"Mast3rCruz","p2":"warlocj","format":"[Gen 9] VGC 2023 Regulation C","log":"|j|\u2606Mast3rCruz\n|j|\u2606warlocj\n|t:|1681935483\n|gametype|doubles\n|player|p1|Mast3rCruz|dragontamer|1134\n|player|p2|warlocj|265|1085\n|teamsize|p1|6\n|teamsize|p2|6\n|gen|9\n|tier|[Gen 9] VGC 2023 Regulation C\n|rated|\n|rule|Species Clause: Limit one of each Pok\u00e9mon\n|rule|Item Clause: Limit one of each item\n|clearpoke\n|poke|p1|Iron Moth, L50|\n|poke|p1|Flutter Mane, L50|\n|poke|p1|Garchomp, L50, M|\n|poke|p1|Talonflame, L50, M|\n|poke|p1|Raichu, L50, F|\n|poke|p1|Gastrodon, L50, F|\n|poke|p2|Corviknight, L50, F|\n|poke|p2|Iron Hands, L50|\n|poke|p2|Flutter Mane, L50|\n|poke|p2|Chien-Pao, L50|\n|poke|p2|Palafin, L50, M|\n|poke|p2|Gholdengo, L50|\n|teampreview|4\n|\n|t:|1681935518\n|start\n|switch|p1a: Raichu|Raichu, L50, F|100\/100\n|switch|p1b: Iron Moth|Iron Moth, L50|100\/100\n|switch|p2a: Corviknight|Corviknight, L50, F|100\/100\n|switch|p2b: Chien-Pao|Chien-Pao, L50|100\/100\n|-ability|p2b: Chien-Pao|Sword of Ruin\n|turn|1\n|\n|t:|1681935554\n|move|p2a: Corviknight|Protect|p2a: Corviknight\n|-singleturn|p2a: Corviknight|Protect\n|move|p1a: Raichu|Fake Out|p2a: Corviknight\n|-activate|p2a: Corviknight|move: Protect\n|move|p2b: Chien-Pao|Sucker Punch|p1b: Iron Moth\n|-damage|p1b: Iron Moth|15\/100\n|move|p1b: Iron Moth|Heat Wave|p2b: Chien-Pao|[spread] p2b\n|-activate|p2a: Corviknight|move: Protect\n|-supereffective|p2b: Chien-Pao\n|-enditem|p2b: Chien-Pao|Focus Sash\n|-damage|p2b: Chien-Pao|1\/100\n|\n|upkeep\n|turn|2\n|\n|t:|1681935588\n|-end|p1b: Iron Moth|Quark Drive|[silent]\n|switch|p1b: Gastrodon|Gastrodon, L50, F|100\/100\n|move|p2b: Chien-Pao|Sucker Punch||[still]\n|-fail|p2b: Chien-Pao\n|move|p1a: Raichu|Discharge|p2b: Chien-Pao|[spread] p2a,p2b\n|-immune|p1b: Gastrodon\n|-supereffective|p2a: Corviknight\n|-damage|p2a: Corviknight|35\/100\n|-damage|p2b: Chien-Pao|0 fnt\n|faint|p2b: Chien-Pao\n|-damage|p1a: Raichu|91\/100|[from] item: Life Orb\n|move|p2a: Corviknight|Tailwind|p2a: Corviknight\n|-sidestart|p2: warlocj|move: Tailwind\n|\n|-heal|p2a: Corviknight|40\/100|[from] item: Leftovers\n|upkeep\n|\n|t:|1681935603\n|switch|p2b: Flutter Mane|Flutter Mane, L50|100\/100\n|turn|3\n|\n|t:|1681935617\n|-terastallize|p2b: Flutter Mane|Fairy\n|move|p2b: Flutter Mane|Moonblast|p1a: Raichu\n|-crit|p1a: Raichu\n|-damage|p1a: Raichu|0 fnt\n|faint|p1a: Raichu\n|move|p2a: Corviknight|Iron Head|p1b: Gastrodon\n|-resisted|p1b: Gastrodon\n|-damage|p1b: Gastrodon|88\/100\n|move|p1b: Gastrodon|Yawn|p2b: Flutter Mane\n|-start|p2b: Flutter Mane|move: Yawn|[of] p1b: Gastrodon\n|\n|-heal|p2a: Corviknight|46\/100|[from] item: Leftovers\n|-heal|p1b: Gastrodon|94\/100|[from] item: Leftovers\n|upkeep\n|\n|t:|1681935636\n|switch|p1a: Iron Moth|Iron Moth, L50|15\/100\n|turn|4\n|\n|t:|1681935661\n|move|p2b: Flutter Mane|Moonblast|p1b: Gastrodon\n|-damage|p1b: Gastrodon|16\/100\n|move|p1a: Iron Moth|Heat Wave|p2b: Flutter Mane|[spread] p2a,p2b\n|-supereffective|p2a: Corviknight\n|-damage|p2a: Corviknight|0 fnt\n|-damage|p2b: Flutter Mane|57\/100\n|faint|p2a: Corviknight\n|move|p1b: Gastrodon|Earth Power|p2b: Flutter Mane\n|-damage|p2b: Flutter Mane|26\/100\n|\n|-heal|p1b: Gastrodon|22\/100|[from] item: Leftovers\n|-end|p2b: Flutter Mane|move: Yawn|[silent]\n|-status|p2b: Flutter Mane|slp\n|upkeep\n|\n|t:|1681935672\n|switch|p2a: Gholdengo|Gholdengo, L50|100\/100\n|turn|5\n|\n|t:|1681935692\n|move|p1b: Gastrodon|Protect|p1b: Gastrodon\n|-singleturn|p1b: Gastrodon|Protect\n|cant|p2b: Flutter Mane|slp\n|move|p2a: Gholdengo|Make It Rain|p1a: Iron Moth|[spread] p1a\n|-activate|p1b: Gastrodon|move: Protect\n|-resisted|p1a: Iron Moth\n|-damage|p1a: Iron Moth|0 fnt\n|-unboost|p2a: Gholdengo|spa|1\n|faint|p1a: Iron Moth\n|-end|p1a: Iron Moth|Quark Drive|[silent]\n|\n|-heal|p1b: Gastrodon|28\/100|[from] item: Leftovers\n|-sideend|p2: warlocj|move: Tailwind\n|upkeep\n|\n|t:|1681935708\n|switch|p1a: Garchomp|Garchomp, L50, M|100\/100\n|turn|6\n|\n|t:|1681935735\n|-terastallize|p1b: Gastrodon|Fire\n|move|p1a: Garchomp|Rock Slide|p2a: Gholdengo|[spread] p2b\n|-miss|p1a: Garchomp|p2a: Gholdengo\n|-damage|p2b: Flutter Mane|0 fnt\n|faint|p2b: Flutter Mane\n|-end|p2b: Flutter Mane|Protosynthesis|[silent]\n|move|p2a: Gholdengo|Nasty Plot|p2a: Gholdengo\n|-boost|p2a: Gholdengo|spa|2\n|move|p1b: Gastrodon|Earth Power|p2a: Gholdengo\n|-supereffective|p2a: Gholdengo\n|-damage|p2a: Gholdengo|26\/100\n|\n|-heal|p1b: Gastrodon|34\/100|[from] item: Leftovers\n|upkeep\n|turn|7\n|\n|t:|1681935754\n|move|p1a: Garchomp|Rock Slide|p2a: Gholdengo\n|-resisted|p2a: Gholdengo\n|-damage|p2a: Gholdengo|12\/100\n|move|p2a: Gholdengo|Shadow Ball|p1a: Garchomp\n|-damage|p1a: Garchomp|31\/100\n|move|p1b: Gastrodon|Earth Power|p2a: Gholdengo\n|-supereffective|p2a: Gholdengo\n|-damage|p2a: Gholdengo|0 fnt\n|faint|p2a: Gholdengo\n|\n|win|Mast3rCruz\n|raw|Mast3rCruz's rating: 1134 → 1155<\/strong> (+21 for winning)\n|raw|warlocj's rating: 1085 → 1065<\/strong> (-20 for losing)\n","uploadtime":1681935767,"views":8,"p1id":"mast3rcruz","p2id":"warlocj","formatid":"gen9vgc2023regulationc","rating":1065,"private":0,"password":""}