{"id":"gen9vgc2023regulationc-1850994903","p1":"Terotes","p2":"Zardycoolers","format":"[Gen 9] VGC 2023 Regulation C","log":"|j|\u2606Terotes\n|j|\u2606Zardycoolers\n|t:|1682391552\n|gametype|doubles\n|player|p1|Terotes|cyclistf|1000\n|player|p2|Zardycoolers|265|1000\n|teamsize|p1|6\n|teamsize|p2|6\n|gen|9\n|tier|[Gen 9] VGC 2023 Regulation C\n|rated|\n|rule|Species Clause: Limit one of each Pok\u00e9mon\n|rule|Item Clause: Limit one of each item\n|clearpoke\n|poke|p1|Torkoal, L50, M|\n|poke|p1|Oranguru, L50, F|\n|poke|p1|Flamigo, L50, M|\n|poke|p1|Cloyster, L50, M|\n|poke|p1|Indeedee-F, L50, F|\n|poke|p1|Chi-Yu, L50|\n|poke|p2|Ceruledge, L50, M|\n|poke|p2|Great Tusk, L50|\n|poke|p2|Iron Bundle, L50|\n|poke|p2|Chien-Pao, L50|\n|poke|p2|Dragonite, L50, M|\n|poke|p2|Maushold-Four, L50|\n|teampreview|4\n|inactive|Battle timer is ON: inactive players will automatically lose when time's up. (requested by Terotes)\nZardycoolers has agreed to open team sheets.\n|\n|t:|1682391568\n|start\n|switch|p1a: Torkoal|Torkoal, L50, M|100\/100\n|switch|p1b: Oranguru|Oranguru, L50, F|100\/100\n|switch|p2a: Ceruledge|Ceruledge, L50, M|100\/100\n|switch|p2b: Maushold|Maushold-Four, L50|100\/100\n|-weather|SunnyDay|[from] ability: Drought|[of] p1a: Torkoal\n|turn|1\n|\n|t:|1682391589\n|switch|p2a: Iron Bundle|Iron Bundle, L50|100\/100\n|-enditem|p2a: Iron Bundle|Booster Energy\n|-activate|p2a: Iron Bundle|ability: Quark Drive|[fromitem]\n|-start|p2a: Iron Bundle|quarkdrivespe\n|move|p2b: Maushold|Follow Me|p2b: Maushold\n|-singleturn|p2b: Maushold|move: Follow Me\n|move|p1a: Torkoal|Shell Smash|p1a: Torkoal\n|-unboost|p1a: Torkoal|def|1\n|-unboost|p1a: Torkoal|spd|1\n|-boost|p1a: Torkoal|atk|2\n|-boost|p1a: Torkoal|spa|2\n|-boost|p1a: Torkoal|spe|2\n|move|p1b: Oranguru|Instruct|p2b: Maushold\n|-singleturn|p2b: Maushold|move: Instruct|[of] p1b: Oranguru\n|move|p2b: Maushold|Follow Me||[still]\n|-fail|p2b: Maushold\n|\n|-weather|SunnyDay|[upkeep]\n|upkeep\n|turn|2\n|inactive|Zardycoolers has 30 seconds left.\n|\n|t:|1682391615\n|move|p1a: Torkoal|Protect|p1a: Torkoal\n|-singleturn|p1a: Torkoal|Protect\n|move|p2a: Iron Bundle|Hydro Pump|p1a: Torkoal\n|-activate|p1a: Torkoal|move: Protect\n|move|p2b: Maushold|Super Fang|p1a: Torkoal\n|-activate|p1a: Torkoal|move: Protect\n|move|p1b: Oranguru|Psych Up|p1a: Torkoal\n|-copyboost|p1b: Oranguru|p1a: Torkoal|[from] move: Psych Up\n|\n|-weather|SunnyDay|[upkeep]\n|upkeep\n|turn|3\n|\n|t:|1682391635\n|move|p2b: Maushold|Follow Me|p2b: Maushold\n|-singleturn|p2b: Maushold|move: Follow Me\n|move|p2a: Iron Bundle|Hydro Pump|p1a: Torkoal\n|-supereffective|p1a: Torkoal\n|-damage|p1a: Torkoal|0 fnt\n|faint|p1a: Torkoal\n|move|p1b: Oranguru|Stored Power|p2b: Maushold\n|-damage|p2b: Maushold|0 fnt\n|faint|p2b: Maushold\n|\n|-weather|SunnyDay|[upkeep]\n|upkeep\n|\n|t:|1682391645\n|switch|p2b: Ceruledge|Ceruledge, L50, M|100\/100\n|switch|p1a: Flamigo|Flamigo, L50, M|100\/100\n|-copyboost|p1a: Flamigo|p1b: Oranguru|[from] ability: Costar\n|turn|4\n|\n|t:|1682391662\n|move|p2b: Ceruledge|Protect|p2b: Ceruledge\n|-singleturn|p2b: Ceruledge|Protect\n|move|p1a: Flamigo|Close Combat|p2a: Iron Bundle\n|-supereffective|p2a: Iron Bundle\n|-damage|p2a: Iron Bundle|0 fnt\n|-unboost|p1a: Flamigo|def|1\n|-unboost|p1a: Flamigo|spd|1\n|faint|p2a: Iron Bundle\n|-end|p2a: Iron Bundle|Quark Drive|[silent]\n|-damage|p1a: Flamigo|91\/100|[from] item: Life Orb\n|move|p1b: Oranguru|Stored Power|p2b: Ceruledge\n|-activate|p2b: Ceruledge|move: Protect\n|\n|-weather|SunnyDay|[upkeep]\n|upkeep\n|\n|t:|1682391674\n|switch|p2a: Dragonite|Dragonite, L50, M|100\/100\n|turn|5\n|\n|t:|1682391684\n|move|p1a: Flamigo|Detect|p1a: Flamigo\n|-singleturn|p1a: Flamigo|Protect\n|move|p1b: Oranguru|Stored Power|p2b: Ceruledge\n|-damage|p2b: Ceruledge|25\/100\n|move|p2a: Dragonite|Dragon Dance|p2a: Dragonite\n|-boost|p2a: Dragonite|atk|1\n|-boost|p2a: Dragonite|spe|1\n|move|p2b: Ceruledge|Bulk Up|p2b: Ceruledge\n|-boost|p2b: Ceruledge|atk|1\n|-boost|p2b: Ceruledge|def|1\n|\n|-weather|none\n|upkeep\n|turn|6\n|inactive|Zardycoolers has 30 seconds left.\n|\n|t:|1682391714\n|move|p2b: Ceruledge|Protect|p2b: Ceruledge\n|-singleturn|p2b: Ceruledge|Protect\n|move|p1a: Flamigo|Brave Bird|p2a: Dragonite\n|-damage|p2a: Dragonite|13\/100\n|-damage|p1a: Flamigo|61\/100|[from] Recoil\n|-damage|p1a: Flamigo|51\/100|[from] item: Life Orb\n|move|p2a: Dragonite|Rock Slide|p1b: Oranguru|[spread] p1a,p1b\n|-damage|p1a: Flamigo|0 fnt\n|-damage|p1b: Oranguru|55\/100\n|faint|p1a: Flamigo\n|move|p1b: Oranguru|Stored Power|p2b: Ceruledge\n|-activate|p2b: Ceruledge|move: Protect\n|\n|upkeep\n|\n|t:|1682391719\n|switch|p1a: Chi-Yu|Chi-Yu, L50|100\/100\n|-ability|p1a: Chi-Yu|Beads of Ruin\n|turn|7\n|\n|t:|1682391738\n|move|p1a: Chi-Yu|Dark Pulse|p2b: Ceruledge\n|-supereffective|p2b: Ceruledge\n|-damage|p2b: Ceruledge|0 fnt\n|faint|p2b: Ceruledge\n|move|p2a: Dragonite|Rock Slide|p1b: Oranguru|[spread] p1b\n|-miss|p2a: Dragonite|p1a: Chi-Yu\n|-damage|p1b: Oranguru|6\/100\n|move|p1b: Oranguru|Stored Power|p2a: Dragonite\n|-damage|p2a: Dragonite|0 fnt\n|faint|p2a: Dragonite\n|\n|win|Terotes\n|raw|Terotes's rating: 1000 → 1040<\/strong> (+40 for winning)\n|raw|Zardycoolers's rating: 1000 → 1000<\/strong> (+0 for losing)\n|l|\u2606Terotes\n","uploadtime":1682391751,"views":8,"p1id":"terotes","p2id":"zardycoolers","formatid":"gen9vgc2023regulationc","rating":1000,"private":0,"password":""}