{"id":"gen9vgc2023regulationc-1854460609","p1":"Duck_Man104","p2":"Felon Degeneres","format":"[Gen 9] VGC 2023 Regulation C","log":"|j|\u2606Duck_Man104\n|j|\u2606Felon Degeneres\n|t:|1682813776\n|gametype|doubles\n|player|p1|Duck_Man104|cyrus|1186\n|player|p2|Felon Degeneres|rocketgruntf|1263\n|teamsize|p1|6\n|teamsize|p2|6\n|gen|9\n|tier|[Gen 9] VGC 2023 Regulation C\n|rated|\n|rule|Species Clause: Limit one of each Pok\u00e9mon\n|rule|Item Clause: Limit one of each item\n|clearpoke\n|poke|p1|Palafin, L50, F|\n|poke|p1|Amoonguss, L50, M|\n|poke|p1|Arcanine, L50, M|\n|poke|p1|Baxcalibur, L50, M|\n|poke|p1|Flutter Mane, L50|\n|poke|p1|Chien-Pao, L50|\n|poke|p2|Tyranitar, L50, M|\n|poke|p2|Lycanroc, L50, F|\n|poke|p2|Quaquaval, L50, F|\n|poke|p2|Maushold-Four, L50|\n|poke|p2|Skeledirge, L50, M|\n|poke|p2|Scizor, L50, F|\n|teampreview|4\n|\n|t:|1682813814\n|start\n|switch|p1a: The Distraction|Amoonguss, L50, M|100\/100\n|switch|p1b: Superphin|Palafin, L50, F|100\/100\n|switch|p2a: Tyranitar|Tyranitar, L50, M|100\/100\n|switch|p2b: Lycanroc|Lycanroc, L50, F|100\/100\n|-weather|Sandstorm|[from] ability: Sand Stream|[of] p2a: Tyranitar\n|turn|1\n|inactive|Battle timer is ON: inactive players will automatically lose when time's up. (requested by Felon Degeneres)\n|\n|t:|1682813831\n|-terastallize|p2a: Tyranitar|Flying\n|move|p1b: Superphin|Protect|p1b: Superphin\n|-singleturn|p1b: Superphin|Protect\n|move|p2b: Lycanroc|Rock Slide|p1a: The Distraction|[spread] p1a\n|-activate|p1b: Superphin|move: Protect\n|-damage|p1a: The Distraction|80\/100\n|move|p2a: Tyranitar|Tera Blast|p1a: The Distraction\n|-supereffective|p1a: The Distraction\n|-damage|p1a: The Distraction|4\/100\n|cant|p1a: The Distraction|flinch\n|\n|-weather|Sandstorm|[upkeep]\n|-damage|p1b: Superphin|95\/100|[from] Sandstorm\n|-damage|p2a: Tyranitar|95\/100|[from] Sandstorm\n|-damage|p1a: The Distraction|0 fnt|[from] Sandstorm\n|faint|p1a: The Distraction\n|upkeep\n|\n|t:|1682813846\n|switch|p1a: The Hellhound|Arcanine, L50, M|100\/100\n|-ability|p1a: The Hellhound|Intimidate|boost\n|-unboost|p2a: Tyranitar|atk|1\n|-unboost|p2b: Lycanroc|atk|1\n|turn|2\n|\n|t:|1682813854\n|detailschange|p1b: Superphin|Palafin-Hero, L50, F\n|switch|p1b: The Saber|Baxcalibur, L50, M|100\/100\n|move|p1a: The Hellhound|Protect|p1a: The Hellhound\n|-singleturn|p1a: The Hellhound|Protect\n|move|p2b: Lycanroc|Rock Slide|p1a: The Hellhound|[spread] p1b\n|-activate|p1a: The Hellhound|move: Protect\n|-supereffective|p1b: The Saber\n|-damage|p1b: The Saber|68\/100\n|move|p2a: Tyranitar|Rock Slide|p1a: The Hellhound|[spread] p1b\n|-activate|p1a: The Hellhound|move: Protect\n|-supereffective|p1b: The Saber\n|-damage|p1b: The Saber|29\/100\n|\n|-weather|Sandstorm|[upkeep]\n|-damage|p1b: The Saber|23\/100|[from] Sandstorm\n|-damage|p2a: Tyranitar|89\/100|[from] Sandstorm\n|upkeep\n|turn|3\n|\n|t:|1682813871\n|move|p1b: The Saber|Protect|p1b: The Saber\n|-singleturn|p1b: The Saber|Protect\n|move|p2b: Lycanroc|Rock Slide|p1b: The Saber|[spread] p1a\n|-activate|p1b: The Saber|move: Protect\n|-supereffective|p1a: The Hellhound\n|-damage|p1a: The Hellhound|70\/100\n|cant|p1a: The Hellhound|flinch\n|move|p2a: Tyranitar|Rock Slide|p1a: The Hellhound|[spread] p1a\n|-activate|p1b: The Saber|move: Protect\n|-supereffective|p1a: The Hellhound\n|-damage|p1a: The Hellhound|36\/100\n|\n|-weather|Sandstorm|[upkeep]\n|-damage|p1b: The Saber|17\/100|[from] Sandstorm\n|-damage|p2a: Tyranitar|83\/100|[from] Sandstorm\n|upkeep\n|turn|4\n|\n|t:|1682813888\n|move|p2b: Lycanroc|Rock Slide|p1b: The Saber|[spread] p1a,p1b\n|-supereffective|p1a: The Hellhound\n|-supereffective|p1b: The Saber\n|-damage|p1a: The Hellhound|10\/100\n|-damage|p1b: The Saber|0 fnt\n|faint|p1b: The Saber\n|cant|p1a: The Hellhound|flinch\n|move|p2a: Tyranitar|Rock Slide|p1a: The Hellhound\n|-supereffective|p1a: The Hellhound\n|-damage|p1a: The Hellhound|0 fnt\n|faint|p1a: The Hellhound\n|\n|-weather|Sandstorm|[upkeep]\n|-damage|p2a: Tyranitar|77\/100|[from] Sandstorm\n|upkeep\n|\n|t:|1682813896\n|switch|p1b: Superphin|Palafin-Hero, L50, F|95\/100\n|-activate|p1b: Superphin|ability: Zero to Hero\n|turn|5\n|\n|t:|1682813915\n|-terastallize|p1b: Superphin|Grass\n|move|p2b: Lycanroc|Endeavor|p1b: Superphin\n|-damage|p1b: Superphin|73\/100\n|move|p1b: Superphin|Wave Crash|p2b: Lycanroc\n|-supereffective|p2b: Lycanroc\n|-enditem|p2b: Lycanroc|Focus Sash\n|-damage|p2b: Lycanroc|1\/100\n|-damage|p1b: Superphin|49\/100|[from] Recoil\n|move|p2a: Tyranitar|Assurance|p1b: Superphin\n|-damage|p1b: Superphin|10\/100\n|\n|-weather|none\n|upkeep\n|turn|6\n|\n|t:|1682813939\n|move|p1b: Superphin|Jet Punch|p2b: Lycanroc\n|-supereffective|p2b: Lycanroc\n|-crit|p2b: Lycanroc\n|-damage|p2b: Lycanroc|0 fnt\n|faint|p2b: Lycanroc\n|move|p2a: Tyranitar|Tera Blast|p1b: Superphin\n|-supereffective|p1b: Superphin\n|-damage|p1b: Superphin|0 fnt\n|faint|p1b: Superphin\n|\n|win|Felon Degeneres\n|raw|Duck_Man104's rating: 1186 → 1166<\/strong> (-20 for losing)\n|raw|Felon Degeneres's rating: 1263 → 1283<\/strong> (+20 for winning)\n|l|\u2606Duck_Man104\n","uploadtime":1682813945,"views":23,"p1id":"duckman104","p2id":"felondegeneres","formatid":"gen9vgc2023regulationc","rating":1166,"private":0,"password":""}