{"id":"gen9vgc2023regulationc-1857772563","p1":"Bananenen","p2":"MrMaro","format":"[Gen 9] VGC 2023 Regulation C","log":"|j|\u2606Bananenen\n|j|\u2606MrMaro\n|t:|1683230270\n|gametype|doubles\n|player|p1|Bananenen|1|1459\n|player|p2|MrMaro|170|1372\n|teamsize|p1|6\n|teamsize|p2|6\n|gen|9\n|tier|[Gen 9] VGC 2023 Regulation C\n|rated|\n|rule|Species Clause: Limit one of each Pok\u00e9mon\n|rule|Item Clause: Limit one of each item\n|clearpoke\n|poke|p1|Dondozo, L50, M|\n|poke|p1|Tatsugiri-Droopy, L50, F|\n|poke|p1|Pelipper, L50, F|\n|poke|p1|Kilowattrel, L50, F|\n|poke|p1|Baxcalibur, L50, M|\n|poke|p1|Kingambit, L50, F|\n|poke|p2|Dondozo, L50, M|\n|poke|p2|Tatsugiri, L50, F|\n|poke|p2|Torkoal, L50, F|\n|poke|p2|Jumpluff, L50, M|\n|poke|p2|Sandy Shocks, L50|\n|poke|p2|Flutter Mane, L50|\n|teampreview|4\n|inactive|Battle timer is ON: inactive players will automatically lose when time's up. (requested by Bananenen)\nMrMaro has agreed to open team sheets.\nBananenen has agreed to open team sheets.\n|inactive|Bananenen has 60 seconds left.\n|\n|t:|1683230305\n|start\n|switch|p1a: Baxcalibur|Baxcalibur, L50, M|100\/100\n|switch|p1b: Kilowattrel|Kilowattrel, L50, F|100\/100\n|switch|p2a: Jumpluff|Jumpluff, L50, M|100\/100\n|switch|p2b: Torkoal|Torkoal, L50, F|100\/100\n|-weather|SunnyDay|[from] ability: Drought|[of] p2b: Torkoal\n|turn|1\n|inactive|Bananenen has 30 seconds left.\n|inactive|MrMaro has 30 seconds left.\n|\n|t:|1683230335\n|switch|p1a: Pelipper|Pelipper, L50, F|100\/100\n|-weather|RainDance|[from] ability: Drizzle|[of] p1a: Pelipper\n|move|p2b: Torkoal|Protect|p2b: Torkoal\n|-singleturn|p2b: Torkoal|Protect\n|move|p1b: Kilowattrel|Thunder|p2a: Jumpluff\n|-damage|p2a: Jumpluff|50\/100\n|move|p2a: Jumpluff|Tailwind|p2a: Jumpluff\n|-sidestart|p2: MrMaro|move: Tailwind\n|\n|-weather|RainDance|[upkeep]\n|upkeep\n|turn|2\n|inactive|Bananenen has 30 seconds left.\n|inactive|MrMaro has 30 seconds left.\n|\n|t:|1683230365\n|switch|p2b: Sandy Shocks|Sandy Shocks, L50|100\/100\n|move|p2a: Jumpluff|Sleep Powder|p1a: Pelipper\n|-status|p1a: Pelipper|slp|[from] move: Sleep Powder\n|move|p1b: Kilowattrel|Hurricane|p2a: Jumpluff\n|-supereffective|p2a: Jumpluff\n|-damage|p2a: Jumpluff|0 fnt\n|faint|p2a: Jumpluff\n|cant|p1a: Pelipper|slp\n|\n|-weather|RainDance|[upkeep]\n|upkeep\n|\n|t:|1683230377\n|switch|p2a: Torkoal|Torkoal, L50, F|100\/100\n|-weather|SunnyDay|[from] ability: Drought|[of] p2a: Torkoal\n|-activate|p2b: Sandy Shocks|ability: Protosynthesis\n|-start|p2b: Sandy Shocks|protosynthesisspe\n|turn|3\n|inactive|Bananenen has 30 seconds left.\n|\n|t:|1683230411\n|switch|p2a: Flutter Mane|Flutter Mane, L50|100\/100\n|-activate|p2a: Flutter Mane|ability: Protosynthesis\n|-start|p2a: Flutter Mane|protosynthesisspa\n|switch|p1a: Baxcalibur|Baxcalibur, L50, M|100\/100\n|move|p1b: Kilowattrel|Protect|p1b: Kilowattrel\n|-singleturn|p1b: Kilowattrel|Protect\n|move|p2b: Sandy Shocks|Thunderbolt|p1a: Baxcalibur\n|-resisted|p1a: Baxcalibur\n|-damage|p1a: Baxcalibur|75\/100\n|-damage|p2b: Sandy Shocks|91\/100|[from] item: Life Orb\n|\n|-weather|SunnyDay|[upkeep]\n|upkeep\n|turn|4\n|inactive|Bananenen has 30 seconds left.\n|inactive|MrMaro has 30 seconds left.\n|inactive|MrMaro has 20 seconds left.\n|\n|t:|1683230451\n|-terastallize|p2a: Flutter Mane|Fairy\n|-terastallize|p1a: Baxcalibur|Poison\n|move|p2b: Sandy Shocks|Thunderbolt|p1b: Kilowattrel\n|-enditem|p1b: Kilowattrel|Focus Sash\n|-damage|p1b: Kilowattrel|1\/100\n|-damage|p2b: Sandy Shocks|81\/100|[from] item: Life Orb\n|move|p2a: Flutter Mane|Dazzling Gleam|p1a: Baxcalibur|[spread] p1a,p1b\n|-resisted|p1a: Baxcalibur\n|-damage|p1a: Baxcalibur|37\/100\n|-damage|p1b: Kilowattrel|0 fnt\n|faint|p1b: Kilowattrel\n|move|p1a: Baxcalibur|Icicle Crash|p2b: Sandy Shocks\n|-supereffective|p2b: Sandy Shocks\n|-damage|p2b: Sandy Shocks|0 fnt\n|faint|p2b: Sandy Shocks\n|-end|p2b: Sandy Shocks|Protosynthesis|[silent]\n|\n|-weather|SunnyDay|[upkeep]\n|-sideend|p2: MrMaro|move: Tailwind\n|upkeep\n|\n|t:|1683230467\n|switch|p1b: Kingambit|Kingambit, L50, F|100\/100\n|switch|p2b: Torkoal|Torkoal, L50, F|100\/100\n|turn|5\n|\n|t:|1683230488\n|switch|p1b: Pelipper|Pelipper, L50, F|100\/100 slp\n|-weather|RainDance|[from] ability: Drizzle|[of] p1b: Pelipper\n|-end|p2a: Flutter Mane|Protosynthesis\n|move|p1a: Baxcalibur|Protect|p1a: Baxcalibur\n|-singleturn|p1a: Baxcalibur|Protect\n|move|p2a: Flutter Mane|Dazzling Gleam|p1a: Baxcalibur|[spread] p1b\n|-activate|p1a: Baxcalibur|move: Protect\n|-damage|p1b: Pelipper|14\/100 slp\n|move|p2b: Torkoal|Overheat|p1b: Pelipper\n|-resisted|p1b: Pelipper\n|-damage|p1b: Pelipper|2\/100 slp\n|-unboost|p2b: Torkoal|spa|2\n|\n|-weather|RainDance|[upkeep]\n|upkeep\n|turn|6\n|inactive|Bananenen has 30 seconds left.\n|\n|t:|1683230517\n|-curestatus|p1b: Pelipper|slp|[msg]\n|move|p1b: Pelipper|Protect|p1b: Pelipper\n|-singleturn|p1b: Pelipper|Protect\n|move|p1a: Baxcalibur|Ice Shard|p2a: Flutter Mane\n|-damage|p2a: Flutter Mane|59\/100\n|move|p2a: Flutter Mane|Dazzling Gleam|p1a: Baxcalibur|[spread] p1a\n|-activate|p1b: Pelipper|move: Protect\n|-resisted|p1a: Baxcalibur\n|-damage|p1a: Baxcalibur|8\/100\n|move|p2b: Torkoal|Yawn|p1a: Baxcalibur\n|-start|p1a: Baxcalibur|move: Yawn|[of] p2b: Torkoal\n|\n|-weather|RainDance|[upkeep]\n|upkeep\n|turn|7\n|inactive|Bananenen has 30 seconds left.\n|\n|t:|1683230547\n|move|p2b: Torkoal|Protect|p2b: Torkoal\n|-singleturn|p2b: Torkoal|Protect\n|move|p1a: Baxcalibur|Ice Shard|p2a: Flutter Mane\n|-damage|p2a: Flutter Mane|20\/100\n|move|p2a: Flutter Mane|Dazzling Gleam|p1b: Pelipper|[spread] p1a,p1b\n|-resisted|p1a: Baxcalibur\n|-damage|p1a: Baxcalibur|0 fnt\n|-damage|p1b: Pelipper|0 fnt\n|faint|p1a: Baxcalibur\n|faint|p1b: Pelipper\n|\n|-weather|RainDance|[upkeep]\n|upkeep\n|\n|t:|1683230555\n|switch|p1b: Kingambit|Kingambit, L50, F|100\/100\n|turn|8\n|\n|t:|1683230565\n|move|p1b: Kingambit|Sucker Punch|p2a: Flutter Mane\n|-resisted|p2a: Flutter Mane\n|-damage|p2a: Flutter Mane|0 fnt\n|faint|p2a: Flutter Mane\n|-end|p2a: Flutter Mane|Protosynthesis|[silent]\n|move|p2b: Torkoal|Yawn|p1b: Kingambit\n|-start|p1b: Kingambit|move: Yawn|[of] p2b: Torkoal\n|\n|-weather|RainDance|[upkeep]\n|upkeep\n|turn|9\n|\n|t:|1683230574\n|move|p2b: Torkoal|Protect|p2b: Torkoal\n|-singleturn|p2b: Torkoal|Protect\n|move|p1b: Kingambit|Kowtow Cleave|p2b: Torkoal\n|-activate|p2b: Torkoal|move: Protect\n|\n|-weather|RainDance|[upkeep]\n|-end|p1b: Kingambit|move: Yawn|[silent]\n|-status|p1b: Kingambit|slp\n|upkeep\n|turn|10\n|\n|t:|1683230590\n|cant|p1b: Kingambit|slp\n|move|p2b: Torkoal|Overheat|p1b: Kingambit\n|-supereffective|p1b: Kingambit\n|-damage|p1b: Kingambit|80\/100 slp\n|-unboost|p2b: Torkoal|spa|2\n|\n|-weather|RainDance|[upkeep]\n|upkeep\n|turn|11\n|\n|t:|1683230599\n|cant|p1b: Kingambit|slp\n|move|p2b: Torkoal|Overheat|p1b: Kingambit\n|-supereffective|p1b: Kingambit\n|-damage|p1b: Kingambit|69\/100 slp\n|-unboost|p2b: Torkoal|spa|2\n|\n|-weather|RainDance|[upkeep]\n|upkeep\n|turn|12\n|\n|t:|1683230609\n|cant|p1b: Kingambit|slp\n|move|p2b: Torkoal|Overheat|p1b: Kingambit\n|-supereffective|p1b: Kingambit\n|-damage|p1b: Kingambit|60\/100 slp\n|\n|-weather|none\n|upkeep\n|turn|13\n|\n|t:|1683230616\n|-curestatus|p1b: Kingambit|slp|[msg]\n|move|p1b: Kingambit|Kowtow Cleave|p2b: Torkoal\n|-damage|p2b: Torkoal|52\/100\n|move|p2b: Torkoal|Overheat|p1b: Kingambit\n|-supereffective|p1b: Kingambit\n|-damage|p1b: Kingambit|40\/100\n|\n|upkeep\n|turn|14\n|\n|t:|1683230630\n|move|p1b: Kingambit|Kowtow Cleave|p2b: Torkoal\n|-crit|p2b: Torkoal\n|-damage|p2b: Torkoal|0 fnt\n|faint|p2b: Torkoal\n|\n|win|Bananenen\n|raw|Bananenen's rating: 1459 → 1474<\/strong> (+15 for winning)\n|raw|MrMaro's rating: 1372 → 1357<\/strong> (-15 for losing)\n|l|\u2606MrMaro\n","uploadtime":1683230652,"views":7,"p1id":"bananenen","p2id":"mrmaro","formatid":"gen9vgc2023regulationc","rating":1357,"private":0,"password":""}