{"id":"gen9vgc2023regulationc-1844829700","p1":"Jude Salinas","p2":"Paradisejj","format":"[Gen 9] VGC 2023 Regulation C","log":"|j|\u2606Jude Salinas\n|j|\u2606Paradisejj\n|t:|1681653753\n|gametype|doubles\n|player|p1|Jude Salinas|102|1006\n|player|p2|Paradisejj|169|1036\n|teamsize|p1|6\n|teamsize|p2|6\n|gen|9\n|tier|[Gen 9] VGC 2023 Regulation C\n|rated|\n|rule|Species Clause: Limit one of each Pok\u00e9mon\n|rule|Item Clause: Limit one of each item\n|clearpoke\n|poke|p1|Grimmsnarl, L50, M|\n|poke|p1|Salamence, L50, M|\n|poke|p1|Heracross, L50, M|\n|poke|p1|Arcanine, L50, M|\n|poke|p1|Corviknight, L50, M|\n|poke|p1|Chien-Pao, L50|\n|poke|p2|Chien-Pao, L50|\n|poke|p2|Dragonite, L50, F|\n|poke|p2|Amoonguss, L50, F|\n|poke|p2|Palafin, L50, M|\n|poke|p2|Flutter Mane, L50|\n|poke|p2|Ting-Lu, L50|\n|teampreview|4\nParadisejj rejected open team sheets.\n|inactive|Battle timer is ON: inactive players will automatically lose when time's up. (requested by Paradisejj)\n|\n|t:|1681653785\n|start\n|switch|p1a: Arcanine|Arcanine, L50, M|100\/100\n|switch|p1b: Chien-Pao|Chien-Pao, L50|100\/100\n|switch|p2a: Ting-Lu|Ting-Lu, L50|100\/100\n|switch|p2b: Palafin|Palafin, L50, M|100\/100\n|-ability|p1b: Chien-Pao|Sword of Ruin\n|-ability|p1a: Arcanine|Intimidate|boost\n|-unboost|p2a: Ting-Lu|atk|1\n|-unboost|p2b: Palafin|atk|1\n|-ability|p2a: Ting-Lu|Vessel of Ruin\n|turn|1\n|inactive|Paradisejj has 30 seconds left.\n|\n|t:|1681653813\n|detailschange|p2b: Palafin|Palafin-Hero, L50, M\n|switch|p2b: Flutter Mane|Flutter Mane, L50|100\/100\n|move|p1b: Chien-Pao|Ice Spinner|p2a: Ting-Lu\n|-supereffective|p2a: Ting-Lu\n|-damage|p2a: Ting-Lu|28\/100\n|move|p1a: Arcanine|Will-O-Wisp|p2b: Flutter Mane\n|-status|p2b: Flutter Mane|brn\n|move|p2a: Ting-Lu|Fissure|p1a: Arcanine|[miss]\n|-miss|p2a: Ting-Lu|p1a: Arcanine\n|\n|-damage|p2b: Flutter Mane|94\/100 brn|[from] brn\n|upkeep\n|turn|2\n|inactive|Jude Salinas has 30 seconds left.\n|inactive|Paradisejj has 30 seconds left.\n|\n|t:|1681653839\n|move|p1b: Chien-Pao|Sucker Punch|p2b: Flutter Mane\n|-damage|p2b: Flutter Mane|0 fnt\n|faint|p2b: Flutter Mane\n|-end|p2b: Flutter Mane|Protosynthesis|[silent]\n|move|p1a: Arcanine|Will-O-Wisp|p2a: Ting-Lu|[miss]\n|-miss|p1a: Arcanine|p2a: Ting-Lu\n|move|p2a: Ting-Lu|Stomping Tantrum|p1a: Arcanine\n|-supereffective|p1a: Arcanine\n|-damage|p1a: Arcanine|0 fnt\n|faint|p1a: Arcanine\n|\n|upkeep\n|\n|t:|1681653849\n|switch|p2b: Amoonguss|Amoonguss, L50, F|100\/100\n|switch|p1a: Heracross|Heracross, L50, M|100\/100\n|turn|3\n|\n|t:|1681653868\n|-terastallize|p1a: Heracross|Fighting\n|move|p1b: Chien-Pao|Ice Spinner|p2b: Amoonguss\n|-supereffective|p2b: Amoonguss\n|-damage|p2b: Amoonguss|10\/100\n|-enditem|p2b: Amoonguss|Sitrus Berry|[eat]\n|-heal|p2b: Amoonguss|35\/100|[from] item: Sitrus Berry\n|move|p1a: Heracross|Brick Break|p2a: Ting-Lu\n|-supereffective|p2a: Ting-Lu\n|-damage|p2a: Ting-Lu|0 fnt\n|faint|p2a: Ting-Lu\n|-ability|p1a: Heracross|Moxie|boost\n|-boost|p1a: Heracross|atk|1\n|move|p2b: Amoonguss|Spore|p1a: Heracross\n|-status|p1a: Heracross|slp|[from] move: Spore\n|\n|upkeep\n|\n|t:|1681653882\n|switch|p2a: Palafin|Palafin-Hero, L50, M|100\/100\n|-activate|p2a: Palafin|ability: Zero to Hero\n|turn|4\n|\n|t:|1681653890\n|-terastallize|p2a: Palafin|Water\n|move|p1b: Chien-Pao|Ice Shard|p2b: Amoonguss\n|-supereffective|p2b: Amoonguss\n|-damage|p2b: Amoonguss|0 fnt\n|faint|p2b: Amoonguss\n|cant|p1a: Heracross|slp\n|move|p2a: Palafin|Wave Crash|p1b: Chien-Pao\n|-enditem|p1b: Chien-Pao|Focus Sash\n|-damage|p1b: Chien-Pao|1\/100\n|-damage|p2a: Palafin|76\/100|[from] Recoil\n|\n|upkeep\n|turn|5\n|-message|Paradisejj forfeited.\n|\n|win|Jude Salinas\n|raw|Jude Salinas's rating: 1006 → 1048<\/strong> (+42 for winning)\n|raw|Paradisejj's rating: 1036 → 1019<\/strong> (-17 for losing)\n|l|\u2606Paradisejj\n","uploadtime":1681653915,"views":17,"p1id":"judesalinas","p2id":"paradisejj","formatid":"gen9vgc2023regulationc","rating":1019,"private":0,"password":""}