{"id":"gen9vgc2023regulationc-1848591813","p1":"BMDL_Champ_Phenix","p2":"Brawlicjon","format":"[Gen 9] VGC 2023 Regulation C","log":"|j|\u2606BMDL_Champ_Phenix\n|j|\u2606Brawlicjon\n|t:|1682092701\n|gametype|doubles\n|player|p1|BMDL_Champ_Phenix|steven|\n|player|p2|Brawlicjon|101|\n|teamsize|p1|6\n|teamsize|p2|6\n|gen|9\n|tier|[Gen 9] VGC 2023 Regulation C\n|rule|Species Clause: Limit one of each Pok\u00e9mon\n|rule|Item Clause: Limit one of each item\n|clearpoke\n|poke|p1|Iron Valiant, L50|\n|poke|p1|Skeledirge, L50, M|\n|poke|p1|Farigiraf, L50, M|\n|poke|p1|Tinkaton, L50, F|\n|poke|p1|Mudsdale, L50, F|\n|poke|p1|Morgrem, L50, M|\n|poke|p2|Maushold-Four, L50|\n|poke|p2|Annihilape, L50, F|\n|poke|p2|Flutter Mane, L50|\n|poke|p2|Amoonguss, L50, M|\n|poke|p2|Palossand, L50, F|\n|poke|p2|Scizor, L50, M|\n|teampreview|4\n|c|\u2606BMDL_Champ_Phenix|Game 1\n|c|\u2606Brawlicjon|ok here?\n|c|\u2606BMDL_Champ_Phenix|Yep\n|c|\u2606Brawlicjon|okie\n|\n|t:|1682092747\n|start\n|switch|p1a: Leonardo|Iron Valiant, L50|100\/100\n|switch|p1b: YOLO|Morgrem, L50, M|100\/100\n|switch|p2a: HE HOLDS|Maushold-Four, L50|100\/100\n|switch|p2b: KONG|Annihilape, L50, F|100\/100\n|turn|1\n|\n|t:|1682092786\n|-terastallize|p2b: KONG|Fire\n|move|p2a: HE HOLDS|Protect|p2a: HE HOLDS\n|-singleturn|p2a: HE HOLDS|Protect\n|move|p1b: YOLO|Reflect|p1b: YOLO\n|-sidestart|p1: BMDL_Champ_Phenix|Reflect\n|move|p1a: Leonardo|Moonblast|p2b: KONG\n|-resisted|p2b: KONG\n|-damage|p2b: KONG|86\/100\n|move|p2b: KONG|Bulk Up|p2b: KONG\n|-boost|p2b: KONG|atk|1\n|-boost|p2b: KONG|def|1\n|\n|-heal|p2b: KONG|92\/100|[from] item: Leftovers\n|upkeep\n|turn|2\n|\n|t:|1682092811\n|move|p1b: YOLO|Parting Shot|p2a: HE HOLDS\n|-unboost|p2a: HE HOLDS|atk|1\n|-unboost|p2a: HE HOLDS|spa|1\n|\n|t:|1682092815\n|switch|p1b: Sans|Skeledirge, L50, M|100\/100|[from] Parting Shot\n|move|p1a: Leonardo|Aura Sphere|p2b: KONG\n|-damage|p2b: KONG|69\/100\n|move|p2a: HE HOLDS|Population Bomb|p1b: Sans\n|-immune|p1b: Sans\n|move|p2b: KONG|Rage Fist|p1a: Leonardo\n|-damage|p1a: Leonardo|13\/100\n|\n|-heal|p2b: KONG|75\/100|[from] item: Leftovers\n|upkeep\n|turn|3\n|\n|t:|1682092842\n|move|p1a: Leonardo|Protect|p1a: Leonardo\n|-singleturn|p1a: Leonardo|Protect\n|move|p2a: HE HOLDS|Follow Me|p2a: HE HOLDS\n|-singleturn|p2a: HE HOLDS|move: Follow Me\n|move|p2b: KONG|Rage Fist|p1b: Sans\n|-supereffective|p1b: Sans\n|-enditem|p1b: Sans|Kasib Berry|[eat]\n|-enditem|p1b: Sans|Kasib Berry|[weaken]\n|-damage|p1b: Sans|61\/100\n|move|p1b: Sans|Earth Power|p2a: HE HOLDS\n|-damage|p2a: HE HOLDS|64\/100\n|\n|-heal|p2b: KONG|81\/100|[from] item: Leftovers\n|upkeep\n|turn|4\n|\n|t:|1682092868\n|move|p1a: Leonardo|Aura Sphere|p2a: HE HOLDS\n|-supereffective|p2a: HE HOLDS\n|-damage|p2a: HE HOLDS|0 fnt\n|faint|p2a: HE HOLDS\n|move|p2b: KONG|Rage Fist|p1b: Sans\n|-supereffective|p1b: Sans\n|-damage|p1b: Sans|0 fnt\n|faint|p1b: Sans\n|\n|-heal|p2b: KONG|87\/100|[from] item: Leftovers\n|upkeep\n|\n|t:|1682092878\n|switch|p2a: Puff Puff Pass|Amoonguss, L50, M|100\/100\n|switch|p1b: Harley Quinn|Tinkaton, L50, F|100\/100\n|-ability|p1b: Harley Quinn|Mold Breaker\n|turn|5\n|\n|t:|1682092896\n|-terastallize|p1b: Harley Quinn|Fairy\n|move|p2b: KONG|Protect|p2b: KONG\n|-singleturn|p2b: KONG|Protect\n|move|p2a: Puff Puff Pass|Protect|p2a: Puff Puff Pass\n|-singleturn|p2a: Puff Puff Pass|Protect\n|move|p1a: Leonardo|Shadow Ball|p2b: KONG\n|-activate|p2b: KONG|move: Protect\n|move|p1b: Harley Quinn|Ice Hammer|p2a: Puff Puff Pass\n|-activate|p2a: Puff Puff Pass|move: Protect\n|\n|-heal|p2b: KONG|93\/100|[from] item: Leftovers\n|-sideend|p1: BMDL_Champ_Phenix|Reflect\n|upkeep\n|turn|6\n|\n|t:|1682092926\n|-end|p1a: Leonardo|Quark Drive|[silent]\n|switch|p1a: YOLO|Morgrem, L50, M|100\/100\n|move|p2a: Puff Puff Pass|Rage Powder|p2a: Puff Puff Pass\n|-singleturn|p2a: Puff Puff Pass|move: Rage Powder\n|move|p1b: Harley Quinn|Ice Hammer|p2a: Puff Puff Pass\n|-supereffective|p2a: Puff Puff Pass\n|-damage|p2a: Puff Puff Pass|56\/100\n|-unboost|p1b: Harley Quinn|spe|1\n|move|p2b: KONG|Rage Fist|p1b: Harley Quinn\n|-damage|p1b: Harley Quinn|0 fnt\n|faint|p1b: Harley Quinn\n|\n|-heal|p2b: KONG|99\/100|[from] item: Leftovers\n|upkeep\n|\n|t:|1682092939\n|switch|p1b: Leonardo|Iron Valiant, L50|13\/100\n|turn|7\n|\n|t:|1682092957\n|move|p1b: Leonardo|Protect|p1b: Leonardo\n|-singleturn|p1b: Leonardo|Protect\n|move|p2b: KONG|Protect|p2b: KONG\n|-singleturn|p2b: KONG|Protect\n|move|p2a: Puff Puff Pass|Protect|p2a: Puff Puff Pass\n|-singleturn|p2a: Puff Puff Pass|Protect\n|move|p1a: YOLO|Reflect|p1a: YOLO\n|-sidestart|p1: BMDL_Champ_Phenix|Reflect\n|\n|-heal|p2b: KONG|100\/100|[from] item: Leftovers\n|upkeep\n|turn|8\n|\n|t:|1682092979\n|move|p2a: Puff Puff Pass|Rage Powder|p2a: Puff Puff Pass\n|-singleturn|p2a: Puff Puff Pass|move: Rage Powder\n|move|p1b: Leonardo|Shadow Ball|p2a: Puff Puff Pass\n|-damage|p2a: Puff Puff Pass|34\/100\n|-enditem|p2a: Puff Puff Pass|Sitrus Berry|[eat]\n|-heal|p2a: Puff Puff Pass|59\/100|[from] item: Sitrus Berry\n|move|p2b: KONG|Rage Fist|p1b: Leonardo\n|-damage|p1b: Leonardo|0 fnt\n|faint|p1b: Leonardo\n|-end|p1b: Leonardo|Quark Drive|[silent]\n|move|p1a: YOLO|Dark Pulse|p2a: Puff Puff Pass\n|-damage|p2a: Puff Puff Pass|41\/100\n|\n|upkeep\n|turn|9\n|\n|t:|1682092998\n|move|p2a: Puff Puff Pass|Rage Powder|p2a: Puff Puff Pass\n|-singleturn|p2a: Puff Puff Pass|move: Rage Powder\n|move|p1a: YOLO|Parting Shot|p2a: Puff Puff Pass\n|-unboost|p2a: Puff Puff Pass|atk|1\n|-unboost|p2a: Puff Puff Pass|spa|1\n|move|p2b: KONG|Rage Fist|p1a: YOLO\n|-resisted|p1a: YOLO\n|-damage|p1a: YOLO|60\/100\n|\n|upkeep\n|turn|10\n|\n|t:|1682093024\n|move|p2a: Puff Puff Pass|Rage Powder|p2a: Puff Puff Pass\n|-singleturn|p2a: Puff Puff Pass|move: Rage Powder\n|move|p1a: YOLO|Parting Shot|p2a: Puff Puff Pass\n|-unboost|p2a: Puff Puff Pass|atk|1\n|-unboost|p2a: Puff Puff Pass|spa|1\n|move|p2b: KONG|Rage Fist|p1a: YOLO\n|-resisted|p1a: YOLO\n|-crit|p1a: YOLO\n|-damage|p1a: YOLO|0 fnt\n|faint|p1a: YOLO\n|\n|win|Brawlicjon\n|c|\u2606Brawlicjon|ok u gunna save?\n|c|\u2606Brawlicjon|also gg\n|l|\u2606Brawlicjon\n","uploadtime":1682093091,"views":13,"p1id":"bmdlchampphenix","p2id":"brawlicjon","formatid":"gen9vgc2023regulationc","rating":0,"private":0,"password":""}