{"id":"gen9vgc2023regulationc-1854863532","p1":"SilverDragon550","p2":"flameingpigey2","format":"[Gen 9] VGC 2023 Regulation C","log":"|j|\u2606SilverDragon550\n|j|\u2606flameingpigey2\n|t:|1682874630\n|gametype|doubles\n|player|p1|SilverDragon550|silver|\n|player|p2|flameingpigey2|hilbert-wonderlauncher|\n|teamsize|p1|6\n|teamsize|p2|6\n|gen|9\n|tier|[Gen 9] VGC 2023 Regulation C\n|rule|Species Clause: Limit one of each Pok\u00e9mon\n|rule|Item Clause: Limit one of each item\n|clearpoke\n|poke|p1|Chien-Pao, L50|\n|poke|p1|Iron Valiant, L50|\n|poke|p1|Amoonguss, L50, M|\n|poke|p1|Dragapult, L50, F|\n|poke|p1|Gyarados, L50, F|\n|poke|p1|Ting-Lu, L50|\n|poke|p2|Garganacl, L50, M|\n|poke|p2|Arcanine, L50, F|\n|poke|p2|Iron Hands, L50|\n|poke|p2|Gothitelle, L50, M|\n|poke|p2|Amoonguss, L50, F|\n|poke|p2|Flutter Mane, L50|\n|teampreview|4\nflameingpigey2 has agreed to open team sheets.\nSilverDragon550 has agreed to open team sheets.\n|c|\u2606SilverDragon550|glhf\n|c|\u2606flameingpigey2|u2!\n|j| Keveloper\n|c|\u2606flameingpigey2|whats ur record kev?\n|c| Keveloper|2-1\n|c| Keveloper|just popping in to check on you guys\n|c|\u2606SilverDragon550|My brain is currently 1000 degrees\n|c|\u2606flameingpigey2|nice\n|c|\u2606SilverDragon550|lmao\n|c| Keveloper|I've heard\n|c|\u2606flameingpigey2|are there only 3 rounds?\n|c| Keveloper|yeah\n|c|\u2606flameingpigey2|that sucks\n|c|\u2606SilverDragon550|oh dang\n|c|\u2606flameingpigey2|i cant believe i lost either of my rounds\n|c| Keveloper|top 4 cut and I think I'm positioned to land 5th\n|c|\u2606SilverDragon550|same\n|c|\u2606flameingpigey2|like actually was so bad\n|c|\u2606SilverDragon550|same lol\n|c| Keveloper|I'm pretty happy with my performance, I think I lost R2 off a misplay that I could've avoided\n|c| Keveloper|no BS luck occurred fortunately\n|c|\u2606flameingpigey2|i lost r2 to two consecutive fissure hits into a crit\n|c| Keveloper|I heard, that's so fucked\n|c|\u2606flameingpigey2|tbf, i lost game 3 after that\n|c|\u2606flameingpigey2|which is my fault\n|c|\u2606flameingpigey2|i have the games up on my showdown tab now, gonna review after to see how bad the tilt affected my play\n|c|\u2606flameingpigey2|not gonna be fun lol\n|c| Keveloper|good idea\n|c|\u2606flameingpigey2|also silver, we should start so we dont hold up the tourney\n|c|\u2606SilverDragon550|right yea\n|\n|t:|1682874987\n|start\n|switch|p1a: Bing Chiling|Chien-Pao, L50|100\/100\n|switch|p1b: Jetsicle|Dragapult, L50, F|100\/100\n|switch|p2a: Iron Hands|Iron Hands, L50|100\/100\n|switch|p2b: Arcanine|Arcanine, L50, F|100\/100\n|-ability|p1a: Bing Chiling|Sword of Ruin\n|-ability|p2b: Arcanine|Intimidate|boost\n|-unboost|p1a: Bing Chiling|atk|1\n|-fail|p1b: Jetsicle|unboost|[from] ability: Clear Body|[of] p1b: Jetsicle\n|turn|1\n|\n|t:|1682875035\n|move|p1a: Bing Chiling|Protect|p1a: Bing Chiling\n|-singleturn|p1a: Bing Chiling|Protect\n|move|p2a: Iron Hands|Fake Out|p1a: Bing Chiling\n|-activate|p1a: Bing Chiling|move: Protect\n|move|p1b: Jetsicle|U-turn|p2a: Iron Hands\n|-resisted|p2a: Iron Hands\n|-damage|p2a: Iron Hands|84\/100\n|\n|t:|1682875042\n|switch|p1b: The Deer|Ting-Lu, L50|100\/100|[from] U-turn\n|-ability|p1b: The Deer|Vessel of Ruin\n|move|p2b: Arcanine|Will-O-Wisp|p1b: The Deer\n|-status|p1b: The Deer|brn\n|\n|-damage|p1b: The Deer|94\/100 brn|[from] brn\n|upkeep\n|turn|2\n|c| Keveloper|wait I was reading Opp Opp % for retention instead of Opp Win %, I might be safe\n|\n|t:|1682875089\n|switch|p1a: Jetsicle|Dragapult, L50, F|100\/100\n|-terastallize|p1b: The Deer|Poison\n|move|p2b: Arcanine|Flare Blitz|p1a: Jetsicle\n|-resisted|p1a: Jetsicle\n|-damage|p1a: Jetsicle|58\/100\n|-status|p1a: Jetsicle|brn\n|-damage|p2b: Arcanine|88\/100|[from] Recoil\n|move|p2a: Iron Hands|Close Combat|p1b: The Deer\n|-resisted|p1b: The Deer\n|-damage|p1b: The Deer|72\/100 brn\n|-unboost|p2a: Iron Hands|def|1\n|-unboost|p2a: Iron Hands|spd|1\n|move|p1b: The Deer|Fissure|p2a: Iron Hands|[miss]\n|-miss|p1b: The Deer|p2a: Iron Hands\n|\n|-damage|p1a: Jetsicle|52\/100 brn|[from] brn\n|-damage|p1b: The Deer|66\/100 brn|[from] brn\n|upkeep\n|turn|3\n|c|\u2606flameingpigey2|oof sorry\n|c|\u2606SilverDragon550|not the burn\n|c|\u2606flameingpigey2|although u clicked fissure and deserve it\n|c|\u2606flameingpigey2|>:)\n|c|\u2606SilverDragon550|mmmm\n|\n|t:|1682875153\n|move|p1a: Jetsicle|Phantom Force||[still]\n|-prepare|p1a: Jetsicle|Phantom Force\n|move|p2b: Arcanine|Flare Blitz|p1b: The Deer\n|-damage|p1b: The Deer|27\/100 brn\n|-damage|p2b: Arcanine|70\/100|[from] Recoil\n|move|p2a: Iron Hands|Wild Charge|p1b: The Deer\n|-damage|p1b: The Deer|0 fnt\n|faint|p1b: The Deer\n|-damage|p2a: Iron Hands|77\/100|[from] Recoil\n|\n|-damage|p1a: Jetsicle|46\/100 brn|[from] brn\n|upkeep\n|c|\u2606SilverDragon550|ACK\n|\n|t:|1682875186\n|switch|p1b: Bing Chiling|Chien-Pao, L50|100\/100\n|-ability|p1b: Bing Chiling|Sword of Ruin\n|turn|4\n|\n|t:|1682875244\n|move|p2b: Arcanine|Extreme Speed|p1b: Bing Chiling\n|-damage|p1b: Bing Chiling|67\/100\n|move|p1a: Jetsicle|Phantom Force|p2b: Arcanine|[from]lockedmove\n|-damage|p2b: Arcanine|16\/100\n|move|p1b: Bing Chiling|Sacred Sword|p2b: Arcanine\n|-damage|p2b: Arcanine|0 fnt\n|faint|p2b: Arcanine\n|move|p2a: Iron Hands|Volt Switch|p1a: Jetsicle\n|-resisted|p1a: Jetsicle\n|-damage|p1a: Jetsicle|38\/100 brn\n|\n|t:|1682875263\n|-end|p2a: Iron Hands|Quark Drive|[silent]\n|switch|p2a: Flutter Mane|Flutter Mane, L50|100\/100|[from] Volt Switch\n|\n|-damage|p1a: Jetsicle|32\/100 brn|[from] brn\n|upkeep\n|\n|t:|1682875284\n|switch|p2b: Garganacl|Garganacl, L50, M|100\/100\n|turn|5\n|c| Keveloper|damn PForce ohko's arcanine?\n|c| Keveloper|wild\n|c|\u2606flameingpigey2|clear body moment\n|\n|t:|1682875333\n|move|p1b: Bing Chiling|Protect|p1b: Bing Chiling\n|-singleturn|p1b: Bing Chiling|Protect\n|move|p2b: Garganacl|Protect|p2b: Garganacl\n|-singleturn|p2b: Garganacl|Protect\n|move|p1a: Jetsicle|Phantom Force||[still]\n|-prepare|p1a: Jetsicle|Phantom Force\n|move|p2a: Flutter Mane|Dazzling Gleam|p1a: Jetsicle|[spread] \n|-miss|p2a: Flutter Mane|p1a: Jetsicle\n|-activate|p1b: Bing Chiling|move: Protect\n|\n|-damage|p1a: Jetsicle|27\/100 brn|[from] brn\n|upkeep\n|turn|6\n|\n|t:|1682875393\n|-terastallize|p2b: Garganacl|Ghost\n|move|p1b: Bing Chiling|Sucker Punch|p2a: Flutter Mane\n|-enditem|p2a: Flutter Mane|Focus Sash\n|-damage|p2a: Flutter Mane|1\/100\n|move|p1a: Jetsicle|Phantom Force|p2a: Flutter Mane|[from]lockedmove\n|-supereffective|p2a: Flutter Mane\n|-damage|p2a: Flutter Mane|0 fnt\n|faint|p2a: Flutter Mane\n|-end|p2a: Flutter Mane|Protosynthesis|[silent]\n|move|p2b: Garganacl|Salt Cure|p1b: Bing Chiling\n|-supereffective|p1b: Bing Chiling\n|-damage|p1b: Bing Chiling|24\/100\n|-start|p1b: Bing Chiling|Salt Cure\n|\n|-damage|p1a: Jetsicle|21\/100 brn|[from] brn\n|-damage|p1b: Bing Chiling|11\/100|[from] Salt Cure\n|upkeep\n|\n|t:|1682875450\n|switch|p2a: Iron Hands|Iron Hands, L50|77\/100\n|turn|7\n|\n|t:|1682875542\n|switch|p1b: Love Wins|Iron Valiant, L50|100\/100\n|move|p2a: Iron Hands|Fake Out|p1b: Love Wins\n|-damage|p1b: Love Wins|80\/100\n|move|p1a: Jetsicle|Phantom Force||[still]\n|-prepare|p1a: Jetsicle|Phantom Force\n|move|p2b: Garganacl|Salt Cure|p1a: Jetsicle|[miss]\n|-miss|p2b: Garganacl|p1a: Jetsicle\n|\n|-damage|p1a: Jetsicle|15\/100 brn|[from] brn\n|upkeep\n|turn|8\n|\n|t:|1682875616\n|move|p1b: Love Wins|Protect|p1b: Love Wins\n|-singleturn|p1b: Love Wins|Protect\n|move|p1a: Jetsicle|Phantom Force|p2b: Garganacl|[from]lockedmove\n|-supereffective|p2b: Garganacl\n|-crit|p2b: Garganacl\n|-damage|p2b: Garganacl|68\/100\n|move|p2a: Iron Hands|Wild Charge|p1b: Love Wins\n|-activate|p1b: Love Wins|move: Protect\n|move|p2b: Garganacl|Salt Cure|p1b: Love Wins\n|-activate|p1b: Love Wins|move: Protect\n|\n|-heal|p2b: Garganacl|74\/100|[from] item: Leftovers\n|-damage|p1a: Jetsicle|9\/100 brn|[from] brn\n|upkeep\n|turn|9\n|\n|t:|1682875636\n|switch|p1a: Bing Chiling|Chien-Pao, L50|11\/100\n|-ability|p1a: Bing Chiling|Sword of Ruin\n|move|p2b: Garganacl|Protect|p2b: Garganacl\n|-singleturn|p2b: Garganacl|Protect\n|move|p1b: Love Wins|Spirit Break|p2a: Iron Hands\n|-supereffective|p2a: Iron Hands\n|-damage|p2a: Iron Hands|0 fnt\n|faint|p2a: Iron Hands\n|-end|p2a: Iron Hands|Quark Drive|[silent]\n|-damage|p1b: Love Wins|70\/100|[from] item: Life Orb\n|\n|-heal|p2b: Garganacl|80\/100|[from] item: Leftovers\n|upkeep\n|turn|10\n|c|\u2606flameingpigey2|sorry abt that\n|c|\u2606flameingpigey2|oh\n|c|\u2606SilverDragon550|bout what? :)\n|c|\u2606flameingpigey2|oops\n|c|\u2606flameingpigey2|i took forever bc my dad called me lol\n|c|\u2606SilverDragon550|oh lol\n|c|\u2606flameingpigey2|and when i came back i forgot u could switch\n|c|\u2606SilverDragon550|I also took forever\n|c|\u2606SilverDragon550|mmmm\n|\n|t:|1682875686\n|move|p1a: Bing Chiling|Sucker Punch||[still]\n|-fail|p1a: Bing Chiling\n|move|p1b: Love Wins|Swords Dance|p1b: Love Wins\n|-boost|p1b: Love Wins|atk|2\n|move|p2b: Garganacl|Recover|p2b: Garganacl\n|-heal|p2b: Garganacl|100\/100\n|\n|upkeep\n|turn|11\n|\n|t:|1682875701\n|move|p1a: Bing Chiling|Sucker Punch|p2b: Garganacl\n|-supereffective|p2b: Garganacl\n|-damage|p2b: Garganacl|34\/100\n|move|p1b: Love Wins|Spirit Break|p2b: Garganacl\n|-damage|p2b: Garganacl|0 fnt\n|faint|p2b: Garganacl\n|-damage|p1b: Love Wins|60\/100|[from] item: Life Orb\n|\n|win|SilverDragon550\n|c|\u2606SilverDragon550|gg\n|l|\u2606flameingpigey2\n","uploadtime":1682875709,"views":7,"p1id":"silverdragon550","p2id":"flameingpigey2","formatid":"gen9vgc2023regulationc","rating":0,"private":0,"password":""}