{"id":"gen9vgc2023regulationc-1851479509","p1":"Zerowen","p2":"Auraen","format":"[Gen 9] VGC 2023 Regulation C","log":"|j|\u2606Zerowen\n|j|\u2606Auraen\n|t:|1682448506\n|gametype|doubles\n|player|p1|Zerowen|ingo|1282\n|player|p2|Auraen|flannery|1268\n|teamsize|p1|6\n|teamsize|p2|6\n|gen|9\n|tier|[Gen 9] VGC 2023 Regulation C\n|rated|\n|rule|Species Clause: Limit one of each Pok\u00e9mon\n|rule|Item Clause: Limit one of each item\n|clearpoke\n|poke|p1|Palafin, L50, F|\n|poke|p1|Arcanine, L50, M|\n|poke|p1|Corviknight, L50, M|\n|poke|p1|Brute Bonnet, L50|\n|poke|p1|Flutter Mane, L50|\n|poke|p1|Amoonguss, L50, M|\n|poke|p2|Rotom-Wash, L50|\n|poke|p2|Wo-Chien, L50|\n|poke|p2|Salamence, L50, F|\n|poke|p2|Tyranitar, L50, M|\n|poke|p2|Glimmora, L50, M|\n|poke|p2|Gholdengo, L50|\n|teampreview|4\nZerowen has agreed to open team sheets.\nAuraen has agreed to open team sheets.\n|\n|t:|1682448596\n|start\n|switch|p1a: BATMAN?!?!|Palafin, L50, F|100\/100\n|switch|p1b: Nightwing|Corviknight, L50, M|100\/100\n|switch|p2a: Glimmora|Glimmora, L50, M|100\/100\n|switch|p2b: Rotom|Rotom-Wash, L50|100\/100\n|turn|1\n|\n|t:|1682448634\n|detailschange|p1a: BATMAN?!?!|Palafin-Hero, L50, F\n|switch|p1a: The Joker|Brute Bonnet, L50|100\/100\n|switch|p1b: RK9|Arcanine, L50, M|100\/100\n|-ability|p1b: RK9|Intimidate|boost\n|-unboost|p2a: Glimmora|atk|1\n|-unboost|p2b: Rotom|atk|1\n|move|p2b: Rotom|Will-O-Wisp|p1b: RK9\n|-immune|p1b: RK9\n|move|p2a: Glimmora|Mortal Spin|p1b: RK9|[spread] p1a,p1b\n|-supereffective|p1a: The Joker\n|-damage|p1a: The Joker|97\/100\n|-damage|p1b: RK9|97\/100\n|-status|p1a: The Joker|psn\n|-status|p1b: RK9|psn\n|\n|-damage|p1b: RK9|85\/100 psn|[from] psn\n|-damage|p1a: The Joker|84\/100 psn|[from] psn\n|upkeep\n|turn|2\n|\n|t:|1682448666\n|switch|p1b: BATMAN?!?!|Palafin-Hero, L50, F|100\/100\n|-activate|p1b: BATMAN?!?!|ability: Zero to Hero\n|switch|p2b: Salamence|Salamence, L50, F|100\/100\n|-ability|p2b: Salamence|Intimidate|boost\n|-unboost|p1a: The Joker|atk|1\n|-unboost|p1b: BATMAN?!?!|atk|1\n|move|p2a: Glimmora|Power Gem|p1b: BATMAN?!?!\n|-damage|p1b: BATMAN?!?!|67\/100\n|move|p1a: The Joker|Bullet Seed|p2b: Salamence\n|-resisted|p2b: Salamence\n|-damage|p2b: Salamence|99\/100\n|-resisted|p2b: Salamence\n|-damage|p2b: Salamence|97\/100\n|-resisted|p2b: Salamence\n|-damage|p2b: Salamence|95\/100\n|-resisted|p2b: Salamence\n|-damage|p2b: Salamence|93\/100\n|-hitcount|p2b: Salamence|4\n|\n|-damage|p1a: The Joker|72\/100 psn|[from] psn\n|upkeep\n|turn|3\n|\n|t:|1682448691\n|-end|p1a: The Joker|Protosynthesis|[silent]\n|switch|p1a: RK9|Arcanine, L50, M|85\/100 psn\n|-ability|p1a: RK9|Intimidate|boost\n|-unboost|p2a: Glimmora|atk|1\n|-unboost|p2b: Salamence|atk|1\n|move|p2b: Salamence|Tailwind|p2b: Salamence\n|-sidestart|p2: Auraen|move: Tailwind\n|move|p2a: Glimmora|Sludge Bomb|p1a: RK9\n|-damage|p1a: RK9|37\/100 psn\n|move|p1b: BATMAN?!?!|Wave Crash|p2a: Glimmora\n|-supereffective|p2a: Glimmora\n|-damage|p2a: Glimmora|6\/100\n|-activate|p2a: Glimmora|ability: Toxic Debris\n|-sidestart|p1: Zerowen|move: Toxic Spikes\n|-damage|p1b: BATMAN?!?!|38\/100|[from] Recoil\n|\n|-damage|p1a: RK9|24\/100 psn|[from] psn\n|upkeep\n|turn|4\n|\n|t:|1682448721\n|switch|p2a: Gholdengo|Gholdengo, L50|100\/100\n|switch|p1a: Nightwing|Corviknight, L50, M|100\/100\n|move|p1b: BATMAN?!?!|Jet Punch|p2a: Gholdengo\n|-damage|p2a: Gholdengo|68\/100\n|move|p2b: Salamence|Dragon Claw|p1b: BATMAN?!?!\n|-damage|p1b: BATMAN?!?!|13\/100\n|\n|upkeep\n|turn|5\n|\n|t:|1682448736\n|switch|p1b: RK9|Arcanine, L50, M|24\/100 psn\n|-ability|p1b: RK9|Intimidate|boost\n|-unboost|p2a: Gholdengo|atk|1\n|-unboost|p2b: Salamence|atk|1\n|-terastallize|p1a: Nightwing|Fire\n|move|p2a: Gholdengo|Protect|p2a: Gholdengo\n|-singleturn|p2a: Gholdengo|Protect\n|move|p2b: Salamence|Dragon Claw|p1b: RK9\n|-damage|p1b: RK9|3\/100 psn\n|move|p1a: Nightwing|Tera Blast|p2a: Gholdengo\n|-activate|p2a: Gholdengo|move: Protect\n|\n|-damage|p1b: RK9|0 fnt|[from] psn\n|faint|p1b: RK9\n|upkeep\n|\n|t:|1682448751\n|switch|p1b: The Joker|Brute Bonnet, L50|72\/100 psn\n|turn|6\n|\n|t:|1682448776\n|switch|p2b: Glimmora|Glimmora, L50, M|6\/100\n|switch|p2a: Rotom|Rotom-Wash, L50|100\/100\n|move|p1a: Nightwing|Tera Blast|p2a: Rotom\n|-resisted|p2a: Rotom\n|-damage|p2a: Rotom|85\/100\n|move|p1b: The Joker|Spore|p2b: Glimmora\n|-status|p2b: Glimmora|slp|[from] move: Spore\n|\n|-damage|p1b: The Joker|60\/100 psn|[from] psn\n|-sideend|p2: Auraen|move: Tailwind\n|upkeep\n|turn|7\n|\n|t:|1682448803\n|switch|p2b: Salamence|Salamence, L50, F|93\/100\n|-ability|p2b: Salamence|Intimidate|boost\n|-ability|p1a: Nightwing|Mirror Armor\n|-unboost|p2b: Salamence|atk|1\n|-unboost|p1b: The Joker|atk|1\n|switch|p1a: BATMAN?!?!|Palafin-Hero, L50, F|13\/100\n|-status|p1a: BATMAN?!?!|psn\n|move|p2a: Rotom|Protect|p2a: Rotom\n|-singleturn|p2a: Rotom|Protect\n|move|p1b: The Joker|Bullet Seed|p2a: Rotom\n|-activate|p2a: Rotom|move: Protect\n|\n|-damage|p1a: BATMAN?!?!|1\/100 psn|[from] psn\n|-damage|p1b: The Joker|47\/100 psn|[from] psn\n|upkeep\n|turn|8\n|\n|t:|1682448823\n|switch|p2a: Glimmora|Glimmora, L50, M|6\/100 slp\n|move|p1a: BATMAN?!?!|Jet Punch|p2b: Salamence\n|-resisted|p2b: Salamence\n|-damage|p2b: Salamence|67\/100\n|move|p2b: Salamence|Tailwind|p2b: Salamence\n|-sidestart|p2: Auraen|move: Tailwind\n|move|p1b: The Joker|Bullet Seed|p2a: Glimmora\n|-damage|p2a: Glimmora|0 fnt\n|-activate|p2a: Glimmora|ability: Toxic Debris\n|-sidestart|p1: Zerowen|move: Toxic Spikes\n|faint|p2a: Glimmora\n|-hitcount|p2: Glimmora|1\n|\n|-damage|p1a: BATMAN?!?!|0 fnt|[from] psn\n|faint|p1a: BATMAN?!?!\n|-damage|p1b: The Joker|35\/100 psn|[from] psn\n|upkeep\n|\n|t:|1682448838\n|switch|p1a: Nightwing|Corviknight, L50, M, tera:Fire|100\/100\n|switch|p2a: Gholdengo|Gholdengo, L50|68\/100\n|-status|p1a: Nightwing|tox\n|turn|9\n|\n|t:|1682448851\n|move|p1b: The Joker|Protect|p1b: The Joker\n|-singleturn|p1b: The Joker|Protect\n|move|p2b: Salamence|Dual Wingbeat|p1b: The Joker\n|-activate|p1b: The Joker|move: Protect\n|move|p2a: Gholdengo|Hex|p1a: Nightwing\n|-damage|p1a: Nightwing|56\/100 tox\n|move|p1a: Nightwing|Brave Bird|p2b: Salamence\n|-damage|p2b: Salamence|13\/100\n|-damage|p1a: Nightwing|38\/100 tox|[from] Recoil\n|\n|-damage|p1a: Nightwing|32\/100 tox|[from] psn\n|-damage|p1b: The Joker|23\/100 psn|[from] psn\n|upkeep\n|turn|10\n|\n|t:|1682448875\n|move|p2b: Salamence|Dual Wingbeat|p1b: The Joker|[miss]\n|-miss|p2b: Salamence|p1b: The Joker\n|move|p2a: Gholdengo|Hex|p1a: Nightwing\n|-damage|p1a: Nightwing|0 fnt\n|faint|p1a: Nightwing\n|move|p1b: The Joker|Close Combat|p2b: Salamence\n|-resisted|p2b: Salamence\n|-damage|p2b: Salamence|0 fnt\n|-unboost|p1b: The Joker|def|1\n|-unboost|p1b: The Joker|spd|1\n|faint|p2b: Salamence\n|\n|-damage|p1b: The Joker|10\/100 psn|[from] psn\n|upkeep\n|-message|Zerowen forfeited.\n|\n|win|Auraen\n|raw|Zerowen's rating: 1282 → 1256<\/strong> (-26 for losing)\n|raw|Auraen's rating: 1268 → 1294<\/strong> (+26 for winning)\n|l|\u2606Zerowen\n","uploadtime":1682448890,"views":9,"p1id":"zerowen","p2id":"auraen","formatid":"gen9vgc2023regulationc","rating":1256,"private":0,"password":""}