{"id":"gen9vgc2023regulationc-1849871600","p1":"Sh4d0w277038","p2":"Laithani","format":"[Gen 9] VGC 2023 Regulation C","log":"|j|\u2606Sh4d0w277038\n|j|\u2606Laithani\n|t:|1682262914\n|gametype|doubles\n|player|p1|Sh4d0w277038|marshal|1048\n|player|p2|Laithani|169|1108\n|teamsize|p1|6\n|teamsize|p2|6\n|gen|9\n|tier|[Gen 9] VGC 2023 Regulation C\n|rated|\n|rule|Species Clause: Limit one of each Pok\u00e9mon\n|rule|Item Clause: Limit one of each item\n|clearpoke\n|poke|p1|Dragonite, L50, F|\n|poke|p1|Palafin, L50, M|\n|poke|p1|Iron Hands, L50|\n|poke|p1|Ting-Lu, L50|\n|poke|p1|Arcanine, L50, M|\n|poke|p1|Garganacl, L50, F|\n|poke|p2|Goodra, L50, F|\n|poke|p2|Vaporeon, L50, M|\n|poke|p2|Arcanine, L50, F|\n|poke|p2|Toxapex, L50, F|\n|poke|p2|Tyranitar, L50, F|\n|poke|p2|Lycanroc, L50, F|\n|teampreview|4\n|inactive|Battle timer is ON: inactive players will automatically lose when time's up. (requested by Sh4d0w277038)\n|\n|t:|1682262963\n|start\n|switch|p1a: Dragonite|Dragonite, L50, F|100\/100\n|switch|p1b: Arcanine|Arcanine, L50, M|100\/100\n|switch|p2a: Goodra|Goodra, L50, F|100\/100\n|switch|p2b: Vaporeon|Vaporeon, L50, M|100\/100\n|-ability|p1b: Arcanine|Intimidate|boost\n|-unboost|p2a: Goodra|atk|1\n|-unboost|p2b: Vaporeon|atk|1\n|turn|1\n|\n|t:|1682262978\n|-terastallize|p2a: Goodra|Water\n|move|p1b: Arcanine|Will-O-Wisp|p2b: Vaporeon\n|-status|p2b: Vaporeon|brn\n|move|p1a: Dragonite|Dragon Dance|p1a: Dragonite\n|-boost|p1a: Dragonite|atk|1\n|-boost|p1a: Dragonite|spe|1\n|move|p2a: Goodra|Surf|p1b: Arcanine|[spread] p1a,p1b\n|-immune|p2b: Vaporeon|[from] ability: Water Absorb\n|-resisted|p1a: Dragonite\n|-supereffective|p1b: Arcanine\n|-damage|p1a: Dragonite|93\/100\n|-damage|p1b: Arcanine|52\/100\n|move|p2b: Vaporeon|Ice Beam|p1a: Dragonite\n|-supereffective|p1a: Dragonite\n|-damage|p1a: Dragonite|0 fnt\n|faint|p1a: Dragonite\n|\n|-damage|p2b: Vaporeon|94\/100 brn|[from] brn\n|upkeep\n|\n|t:|1682262996\n|switch|p1a: Iron Hands|Iron Hands, L50|100\/100\n|turn|2\n|\n|t:|1682263013\n|move|p1b: Arcanine|Will-O-Wisp|p2a: Goodra\n|-status|p2a: Goodra|brn\n|move|p2a: Goodra|Dragon Pulse|p1a: Iron Hands\n|-damage|p1a: Iron Hands|79\/100\n|move|p2b: Vaporeon|Chilling Water|p1a: Iron Hands\n|-damage|p1a: Iron Hands|65\/100\n|-unboost|p1a: Iron Hands|atk|1\n|move|p1a: Iron Hands|Wild Charge|p2a: Goodra\n|-supereffective|p2a: Goodra\n|-damage|p2a: Goodra|21\/100 brn\n|-enditem|p2a: Goodra|Sitrus Berry|[eat]\n|-heal|p2a: Goodra|46\/100 brn|[from] item: Sitrus Berry\n|-damage|p1a: Iron Hands|49\/100|[from] Recoil\n|\n|-damage|p2a: Goodra|40\/100 brn|[from] brn\n|-damage|p2b: Vaporeon|88\/100 brn|[from] brn\n|upkeep\n|turn|3\n|\n|t:|1682263033\n|move|p1b: Arcanine|Snarl|p2a: Goodra|[spread] p2a,p2b\n|-damage|p2a: Goodra|33\/100 brn\n|-damage|p2b: Vaporeon|83\/100 brn\n|-unboost|p2a: Goodra|spa|1\n|-unboost|p2b: Vaporeon|spa|1\n|move|p2a: Goodra|Surf|p1b: Arcanine|[spread] p1a,p1b\n|-heal|p2b: Vaporeon|100\/100 brn|[from] ability: Water Absorb|[of] p2a: Goodra\n|-crit|p1a: Iron Hands\n|-supereffective|p1b: Arcanine\n|-damage|p1a: Iron Hands|21\/100\n|-damage|p1b: Arcanine|17\/100\n|-enditem|p1b: Arcanine|Sitrus Berry|[eat]\n|-heal|p1b: Arcanine|42\/100|[from] item: Sitrus Berry\n|move|p2b: Vaporeon|Hydro Pump|p1a: Iron Hands\n|-crit|p1a: Iron Hands\n|-damage|p1a: Iron Hands|0 fnt\n|faint|p1a: Iron Hands\n|-end|p1a: Iron Hands|Quark Drive|[silent]\n|\n|-damage|p2a: Goodra|27\/100 brn|[from] brn\n|-damage|p2b: Vaporeon|94\/100 brn|[from] brn\n|upkeep\n|\n|t:|1682263049\n|switch|p1a: Garganacl|Garganacl, L50, F|100\/100\n|turn|4\n|\n|t:|1682263057\n|move|p1b: Arcanine|Protect|p1b: Arcanine\n|-singleturn|p1b: Arcanine|Protect\n|move|p2a: Goodra|Protect|p2a: Goodra\n|-singleturn|p2a: Goodra|Protect\n|move|p2b: Vaporeon|Hydro Pump|p1a: Garganacl\n|-supereffective|p1a: Garganacl\n|-damage|p1a: Garganacl|50\/100\n|move|p1a: Garganacl|Salt Cure|p2a: Goodra\n|-activate|p2a: Goodra|move: Protect\n|\n|-heal|p1a: Garganacl|56\/100|[from] item: Leftovers\n|-damage|p2a: Goodra|22\/100 brn|[from] brn\n|-damage|p2b: Vaporeon|88\/100 brn|[from] brn\n|upkeep\n|turn|5\n|\n|t:|1682263079\n|-terastallize|p1a: Garganacl|Ghost\n|move|p1b: Arcanine|Snarl|p2b: Vaporeon|[spread] p2a,p2b\n|-damage|p2a: Goodra|15\/100 brn\n|-damage|p2b: Vaporeon|82\/100 brn\n|-unboost|p2a: Goodra|spa|1\n|-unboost|p2b: Vaporeon|spa|1\n|move|p2a: Goodra|Surf|p1b: Arcanine|[spread] p1a,p1b\n|-heal|p2b: Vaporeon|100\/100 brn|[from] ability: Water Absorb|[of] p2a: Goodra\n|-supereffective|p1b: Arcanine\n|-damage|p1a: Garganacl|44\/100\n|-damage|p1b: Arcanine|18\/100\n|move|p2b: Vaporeon|Muddy Water|p1a: Garganacl|[spread] p1a,p1b\n|-supereffective|p1b: Arcanine\n|-damage|p1a: Garganacl|32\/100\n|-damage|p1b: Arcanine|0 fnt\n|faint|p1b: Arcanine\n|move|p1a: Garganacl|Recover|p1a: Garganacl\n|-heal|p1a: Garganacl|83\/100\n|\n|-heal|p1a: Garganacl|88\/100|[from] item: Leftovers\n|-damage|p2a: Goodra|9\/100 brn|[from] brn\n|-damage|p2b: Vaporeon|94\/100 brn|[from] brn\n|upkeep\n|turn|6\n|inactive|Sh4d0w277038 has 30 seconds left.\n|inactive|Laithani has 30 seconds left.\n|\n|t:|1682263113\n|move|p2a: Goodra|Surf|p1a: Garganacl|[spread] p1a\n|-heal|p2b: Vaporeon|100\/100 brn|[from] ability: Water Absorb|[of] p2a: Goodra\n|-damage|p1a: Garganacl|75\/100\n|move|p2b: Vaporeon|Muddy Water|p1a: Garganacl|[miss]\n|-miss|p2b: Vaporeon|p1a: Garganacl\n|move|p1a: Garganacl|Iron Defense|p1a: Garganacl\n|-boost|p1a: Garganacl|def|2\n|\n|-heal|p1a: Garganacl|81\/100|[from] item: Leftovers\n|-damage|p2a: Goodra|3\/100 brn|[from] brn\n|-damage|p2b: Vaporeon|94\/100 brn|[from] brn\n|upkeep\n|turn|7\n|inactive|Laithani has 30 seconds left.\n|inactive|Laithani has 20 seconds left.\n|\n|t:|1682263151\n|switch|p2b: Tyranitar|Tyranitar, L50, F|100\/100\n|-weather|Sandstorm|[from] ability: Sand Stream|[of] p2b: Tyranitar\n|move|p2a: Goodra|Dragon Pulse|p1a: Garganacl\n|-damage|p1a: Garganacl|66\/100\n|move|p1a: Garganacl|Salt Cure|p2b: Tyranitar\n|-damage|p2b: Tyranitar|90\/100\n|-start|p2b: Tyranitar|Salt Cure\n|\n|-weather|Sandstorm|[upkeep]\n|-damage|p2a: Goodra|0 fnt|[from] Sandstorm\n|-damage|p1a: Garganacl|60\/100|[from] Sandstorm\n|faint|p2a: Goodra\n|-heal|p1a: Garganacl|66\/100|[from] item: Leftovers\n|-damage|p2b: Tyranitar|78\/100|[from] Salt Cure\n|upkeep\n|\n|t:|1682263164\n|switch|p2a: Lycanroc|Lycanroc, L50, F|100\/100\n|turn|8\n|\n|t:|1682263180\n|move|p2a: Lycanroc|Rock Slide|p1a: Garganacl\n|-damage|p1a: Garganacl|53\/100\n|move|p2b: Tyranitar|Crunch|p1a: Garganacl\n|-supereffective|p1a: Garganacl\n|-damage|p1a: Garganacl|24\/100\n|move|p1a: Garganacl|Salt Cure|p2a: Lycanroc\n|-damage|p2a: Lycanroc|76\/100\n|-start|p2a: Lycanroc|Salt Cure\n|\n|-weather|Sandstorm|[upkeep]\n|-damage|p1a: Garganacl|18\/100|[from] Sandstorm\n|-heal|p1a: Garganacl|24\/100|[from] item: Leftovers\n|-damage|p2a: Lycanroc|64\/100|[from] Salt Cure\n|-damage|p2b: Tyranitar|66\/100|[from] Salt Cure\n|upkeep\n|turn|9\n|\n|t:|1682263199\n|move|p2a: Lycanroc|Accelerock|p1a: Garganacl\n|-damage|p1a: Garganacl|17\/100\n|move|p2b: Tyranitar|Crunch|p1a: Garganacl\n|-supereffective|p1a: Garganacl\n|-damage|p1a: Garganacl|0 fnt\n|faint|p1a: Garganacl\n|\n|win|Laithani\n|raw|Sh4d0w277038's rating: 1048 → 1034<\/strong> (-14 for losing)\n|raw|Laithani's rating: 1108 → 1129<\/strong> (+21 for winning)\n|l|\u2606Sh4d0w277038\n","uploadtime":1682263229,"views":13,"p1id":"sh4d0w277038","p2id":"laithani","formatid":"gen9vgc2023regulationc","rating":1034,"private":0,"password":""}