{"id":"gen9vgc2023regulationc-1846166606","p1":"ggomochi","p2":"camchaotix","format":"[Gen 9] VGC 2023 Regulation C","log":"|j|\u2606ggomochi\n|j|\u2606camchaotix\n|t:|1681816325\n|gametype|doubles\n|player|p1|ggomochi|dawn-gen4pt|1335\n|player|p2|camchaotix|169|1227\n|teamsize|p1|6\n|teamsize|p2|6\n|gen|9\n|tier|[Gen 9] VGC 2023 Regulation C\n|rated|\n|rule|Species Clause: Limit one of each Pok\u00e9mon\n|rule|Item Clause: Limit one of each item\n|clearpoke\n|poke|p1|Iron Hands, L50|\n|poke|p1|Arcanine, L50, M|\n|poke|p1|Grimmsnarl, L50, M|\n|poke|p1|Iron Bundle, L50|\n|poke|p1|Ting-Lu, L50|\n|poke|p1|Amoonguss, L50, M|\n|poke|p2|Ceruledge, L50, F|\n|poke|p2|Chien-Pao, L50|\n|poke|p2|Gyarados, L50, M|\n|poke|p2|Ting-Lu, L50|\n|poke|p2|Dragonite, L50, F|\n|poke|p2|Scream Tail, L50|\n|teampreview|4\ncamchaotix rejected open team sheets.\n|inactive|Battle timer is ON: inactive players will automatically lose when time's up. (requested by camchaotix)\n|inactive|ggomochi also wants the timer to be on.\n|inactive|ggomochi has 60 seconds left.\n|inactive|camchaotix has 60 seconds left.\n|\n|t:|1681816386\n|start\n|switch|p1a: Iron Bundle|Iron Bundle, L50|100\/100\n|switch|p1b: Arcanine|Arcanine, L50, M|100\/100\n|switch|p2a: Scream Tail|Scream Tail, L50, shiny|100\/100\n|switch|p2b: Ting-Lu|Ting-Lu, L50|100\/100\n|-ability|p1b: Arcanine|Intimidate|boost\n|-unboost|p2a: Scream Tail|atk|1\n|-unboost|p2b: Ting-Lu|atk|1\n|-ability|p2b: Ting-Lu|Vessel of Ruin\n|-enditem|p2a: Scream Tail|Booster Energy\n|-activate|p2a: Scream Tail|ability: Protosynthesis|[fromitem]\n|-start|p2a: Scream Tail|protosynthesisspe\n|turn|1\n|inactive|ggomochi has 30 seconds left.\n|inactive|ggomochi has 20 seconds left.\n|inactive|ggomochi has 15 seconds left.\n|\n|t:|1681816427\n|-end|p1a: Iron Bundle|Quark Drive|[silent]\n|switch|p1a: Ting-Lu|Ting-Lu, L50|100\/100\n|-ability|p1a: Ting-Lu|Vessel of Ruin\n|switch|p2b: Ceruledge|Ceruledge, L50, F, shiny|100\/100\n|move|p2a: Scream Tail|Misty Terrain|p2a: Scream Tail\n|-fieldstart|move: Misty Terrain\n|move|p1b: Arcanine|Iron Head|p2a: Scream Tail\n|-supereffective|p2a: Scream Tail\n|-damage|p2a: Scream Tail|57\/100\n|\n|upkeep\n|turn|2\n|inactive|ggomochi has 30 seconds left.\n|inactive|camchaotix has 30 seconds left.\n|inactive|ggomochi has 20 seconds left.\n|inactive|ggomochi has 15 seconds left.\n|inactive|ggomochi has 10 seconds left.\n|inactive|ggomochi has 5 seconds left.\n|\n|t:|1681816478\n|-end|p2a: Scream Tail|Protosynthesis|[silent]\n|switch|p2a: Ting-Lu|Ting-Lu, L50|100\/100\n|-ability|p2a: Ting-Lu|Vessel of Ruin\n|-terastallize|p2b: Ceruledge|Grass\n|move|p2b: Ceruledge|Bulk Up|p2b: Ceruledge\n|-boost|p2b: Ceruledge|atk|1\n|-boost|p2b: Ceruledge|def|1\n|move|p1b: Arcanine|Iron Head|p2a: Ting-Lu\n|-damage|p2a: Ting-Lu|89\/100\n|move|p1a: Ting-Lu|Heavy Slam|p2a: Ting-Lu\n|-damage|p2a: Ting-Lu|84\/100\n|\n|-heal|p2a: Ting-Lu|90\/100|[from] item: Leftovers\n|upkeep\n|turn|3\n|inactive|ggomochi has 30 seconds left.\n|\n|t:|1681816509\n|switch|p1b: Iron Bundle|Iron Bundle, L50|100\/100\n|move|p2b: Ceruledge|Bulk Up|p2b: Ceruledge\n|-boost|p2b: Ceruledge|atk|1\n|-boost|p2b: Ceruledge|def|1\n|move|p1a: Ting-Lu|Ruination|p2a: Ting-Lu\n|-damage|p2a: Ting-Lu|46\/100\n|move|p2a: Ting-Lu|Substitute|p2a: Ting-Lu\n|-start|p2a: Ting-Lu|Substitute\n|-damage|p2a: Ting-Lu|21\/100\n|\n|-heal|p2a: Ting-Lu|27\/100|[from] item: Leftovers\n|upkeep\n|turn|4\n|inactive|ggomochi has 30 seconds left.\n|inactive|camchaotix has 30 seconds left.\n|inactive|ggomochi has 20 seconds left.\n|\n|t:|1681816544\n|move|p2b: Ceruledge|Protect|p2b: Ceruledge\n|-singleturn|p2b: Ceruledge|Protect\n|move|p1b: Iron Bundle|Encore|p2b: Ceruledge\n|-activate|p2b: Ceruledge|move: Protect\n|move|p1a: Ting-Lu|Heavy Slam|p2a: Ting-Lu\n|-activate|p2a: Ting-Lu|move: Substitute|[damage]\n|move|p2a: Ting-Lu|Earthquake|p1a: Ting-Lu|[spread] p1a,p1b\n|-activate|p2b: Ceruledge|move: Protect\n|-damage|p1a: Ting-Lu|83\/100\n|-damage|p1b: Iron Bundle|66\/100\n|\n|-heal|p2a: Ting-Lu|33\/100|[from] item: Leftovers\n|upkeep\n|turn|5\n|inactive|camchaotix has 30 seconds left.\n|\n|t:|1681816571\n|move|p2b: Ceruledge|Shadow Sneak|p1b: Iron Bundle\n|-damage|p1b: Iron Bundle|18\/100\n|move|p1b: Iron Bundle|Encore|p2b: Ceruledge\n|-start|p2b: Ceruledge|Encore\n|move|p1a: Ting-Lu|Stomping Tantrum|p2a: Ting-Lu\n|-activate|p2a: Ting-Lu|move: Substitute|[damage]\n|move|p2a: Ting-Lu|Heavy Slam|p1a: Ting-Lu\n|-damage|p1a: Ting-Lu|77\/100\n|\n|-heal|p2a: Ting-Lu|39\/100|[from] item: Leftovers\n|-fieldend|Misty Terrain\n|upkeep\n|turn|6\n|\n|t:|1681816586\n|move|p1b: Iron Bundle|Protect|p1b: Iron Bundle\n|-singleturn|p1b: Iron Bundle|Protect\n|move|p2b: Ceruledge|Shadow Sneak|p1b: Iron Bundle\n|-activate|p1b: Iron Bundle|move: Protect\n|move|p1a: Ting-Lu|Ruination|p2b: Ceruledge\n|-damage|p2b: Ceruledge|50\/100\n|move|p2a: Ting-Lu|Heavy Slam|p1a: Ting-Lu\n|-damage|p1a: Ting-Lu|71\/100\n|\n|-heal|p2a: Ting-Lu|45\/100|[from] item: Leftovers\n|upkeep\n|turn|7\n|\n|t:|1681816602\n|-end|p1b: Iron Bundle|Quark Drive|[silent]\n|switch|p1b: Iron Hands|Iron Hands, L50|100\/100\n|move|p2b: Ceruledge|Shadow Sneak|p1b: Iron Hands\n|-damage|p1b: Iron Hands|75\/100\n|move|p1a: Ting-Lu|Ruination|p2b: Ceruledge\n|-damage|p2b: Ceruledge|26\/100\n|move|p2a: Ting-Lu|Heavy Slam|p1a: Ting-Lu\n|-damage|p1a: Ting-Lu|64\/100\n|\n|-heal|p2a: Ting-Lu|51\/100|[from] item: Leftovers\n|upkeep\n|turn|8\n|inactive|camchaotix has 30 seconds left.\n|\n|t:|1681816628\n|move|p2b: Ceruledge|Shadow Sneak|p1b: Iron Hands\n|-damage|p1b: Iron Hands|50\/100\n|-enditem|p1b: Iron Hands|Sitrus Berry|[eat]\n|-heal|p1b: Iron Hands|75\/100|[from] item: Sitrus Berry\n|move|p1b: Iron Hands|Drain Punch|p2a: Ting-Lu\n|-supereffective|p2a: Ting-Lu\n|-end|p2a: Ting-Lu|Substitute\n|-heal|p1b: Iron Hands|79\/100|[from] drain|[of] p2a: Ting-Lu\n|move|p1a: Ting-Lu|Ruination|p2b: Ceruledge\n|-damage|p2b: Ceruledge|13\/100\n|move|p2a: Ting-Lu|Earthquake|p1b: Iron Hands|[spread] p2b,p1a,p1b\n|-resisted|p2b: Ceruledge\n|-crit|p2b: Ceruledge\n|-supereffective|p1b: Iron Hands\n|-damage|p2b: Ceruledge|0 fnt\n|-damage|p1a: Ting-Lu|48\/100\n|-damage|p1b: Iron Hands|41\/100\n|faint|p2b: Ceruledge\n|\n|-heal|p2a: Ting-Lu|57\/100|[from] item: Leftovers\n|upkeep\n|\n|t:|1681816644\n|switch|p2b: Dragonite|Dragonite, L50, F, shiny|100\/100\n|turn|9\n|\n|t:|1681816665\n|-terastallize|p1b: Iron Hands|Flying\n|move|p2b: Dragonite|Outrage|p1a: Ting-Lu\n|-damage|p1a: Ting-Lu|0 fnt\n|faint|p1a: Ting-Lu\n|move|p1b: Iron Hands|Drain Punch|p2a: Ting-Lu\n|-supereffective|p2a: Ting-Lu\n|-damage|p2a: Ting-Lu|21\/100\n|-heal|p1b: Iron Hands|62\/100|[from] drain|[of] p2a: Ting-Lu\n|move|p2a: Ting-Lu|Earthquake|p1b: Iron Hands|[spread] \n|-immune|p2b: Dragonite\n|-immune|p1b: Iron Hands\n|\n|-heal|p2a: Ting-Lu|27\/100|[from] item: Leftovers\n|upkeep\n|inactive|ggomochi has 30 seconds left.\n|\n|t:|1681816697\n|switch|p1a: Arcanine|Arcanine, L50, M|100\/100\n|-ability|p1a: Arcanine|Intimidate|boost\n|-unboost|p2a: Ting-Lu|atk|1\n|-unboost|p2b: Dragonite|atk|1\n|turn|10\n|\n|t:|1681816703\n|switch|p2a: Scream Tail|Scream Tail, L50, shiny|57\/100\n|move|p1b: Iron Hands|Protect|p1b: Iron Hands\n|-singleturn|p1b: Iron Hands|Protect\n|move|p2b: Dragonite|Outrage|p1b: Iron Hands|[from]lockedmove\n|-activate|p1b: Iron Hands|move: Protect\n|move|p1a: Arcanine|Flare Blitz|p2b: Dragonite\n|-resisted|p2b: Dragonite\n|-crit|p2b: Dragonite\n|-damage|p2b: Dragonite|75\/100\n|-damage|p1a: Arcanine|93\/100|[from] Recoil\n|\n|upkeep\n|turn|11\n|\n|t:|1681816723\n|switch|p2b: Ting-Lu|Ting-Lu, L50|27\/100\n|-ability|p2b: Ting-Lu|Vessel of Ruin\n|move|p2a: Scream Tail|Misty Terrain|p2a: Scream Tail\n|-fieldstart|move: Misty Terrain\n|move|p1a: Arcanine|Flare Blitz|p2a: Scream Tail\n|-damage|p2a: Scream Tail|12\/100\n|-damage|p1a: Arcanine|76\/100|[from] Recoil\n|move|p1b: Iron Hands|Wild Charge|p2a: Scream Tail\n|-damage|p2a: Scream Tail|0 fnt\n|faint|p2a: Scream Tail\n|-end|p2a: Scream Tail|Protosynthesis|[silent]\n|-damage|p1b: Iron Hands|59\/100|[from] Recoil\n|\n|-heal|p2b: Ting-Lu|33\/100|[from] item: Leftovers\n|upkeep\n|\n|t:|1681816733\n|switch|p2a: Dragonite|Dragonite, L50, F, shiny|75\/100\n|turn|12\n|inactive|ggomochi has 30 seconds left.\n|\n|t:|1681816762\n|move|p2a: Dragonite|Rock Slide|p1a: Arcanine|[spread] p1a,p1b\n|-supereffective|p1a: Arcanine\n|-supereffective|p1b: Iron Hands\n|-damage|p1a: Arcanine|10\/100\n|-damage|p1b: Iron Hands|19\/100\n|move|p1a: Arcanine|Flare Blitz|p2a: Dragonite\n|-resisted|p2a: Dragonite\n|-damage|p2a: Dragonite|43\/100\n|-damage|p1a: Arcanine|0 fnt|[from] Recoil\n|faint|p1a: Arcanine\n|move|p1b: Iron Hands|Drain Punch|p2b: Ting-Lu\n|-supereffective|p2b: Ting-Lu\n|-damage|p2b: Ting-Lu|0 fnt\n|-heal|p1b: Iron Hands|37\/100|[from] drain|[of] p2b: Ting-Lu\n|faint|p2b: Ting-Lu\n|\n|upkeep\n|\n|t:|1681816775\n|switch|p1a: Iron Bundle|Iron Bundle, L50|18\/100\n|turn|13\n|c|\u2606camchaotix|lucky\n|c|\u2606camchaotix|that should of ko\n|c|\u2606camchaotix|both\n|c|\u2606camchaotix|you got both rolls in your odds\n|inactive|ggomochi has 30 seconds left.\n|c|\u2606camchaotix|rng\n|\n|t:|1681816807\n|move|p1a: Iron Bundle|Protect|p1a: Iron Bundle\n|-singleturn|p1a: Iron Bundle|Protect\n|move|p2a: Dragonite|Rock Slide|p1b: Iron Hands|[spread] p1b\n|-activate|p1a: Iron Bundle|move: Protect\n|-supereffective|p1b: Iron Hands\n|-damage|p1b: Iron Hands|0 fnt\n|faint|p1b: Iron Hands\n|-end|p1b: Iron Hands|Quark Drive|[silent]\n|\n|upkeep\n|turn|14\n|c|\u2606ggomochi|yeah for sure\n|\n|t:|1681816818\n|move|p1a: Iron Bundle|Freeze-Dry|p2a: Dragonite\n|-supereffective|p2a: Dragonite\n|-damage|p2a: Dragonite|0 fnt\n|faint|p2a: Dragonite\n|\n|win|ggomochi\n|raw|ggomochi's rating: 1335 → 1349<\/strong> (+14 for winning)\n|raw|camchaotix's rating: 1227 → 1210<\/strong> (-17 for losing)\n|c|\u2606ggomochi|gg tho\n|c|\u2606camchaotix|do the calcs\n|l|\u2606camchaotix\n","uploadtime":1681816939,"views":15,"p1id":"ggomochi","p2id":"camchaotix","formatid":"gen9vgc2023regulationc","rating":1210,"private":0,"password":""}