{"id":"gen9vgc2023regulationc-1847193742","p1":"Qicide","p2":"Bricclow","format":"[Gen 9] VGC 2023 Regulation C","log":"|j|\u2606Qicide\n|j|\u2606Bricclow\n|t:|1681926729\n|gametype|doubles\n|player|p1|Qicide|red|1311\n|player|p2|Bricclow|2|1362\n|teamsize|p1|6\n|teamsize|p2|6\n|gen|9\n|tier|[Gen 9] VGC 2023 Regulation C\n|rated|\n|rule|Species Clause: Limit one of each Pok\u00e9mon\n|rule|Item Clause: Limit one of each item\n|clearpoke\n|poke|p1|Wo-Chien, L50|\n|poke|p1|Arcanine, L50, F|\n|poke|p1|Flutter Mane, L50|\n|poke|p1|Iron Hands, L50|\n|poke|p1|Ting-Lu, L50|\n|poke|p1|Garganacl, L50, M|\n|poke|p2|Tyranitar, L50, M|\n|poke|p2|Houndstone, L50, M|\n|poke|p2|Gastrodon-East, L50, M|\n|poke|p2|Orthworm, L50, M|\n|poke|p2|Krookodile, L50, M|\n|poke|p2|Glimmora, L50, M|\n|teampreview|4\n|inactive|Battle timer is ON: inactive players will automatically lose when time's up. (requested by Qicide)\n|\n|t:|1681926750\n|start\n|switch|p1a: Garganacl|Garganacl, L50, M|100\/100\n|switch|p1b: Wo-Chien|Wo-Chien, L50|100\/100\n|switch|p2a: Tyranitar|Tyranitar, L50, M, shiny|100\/100\n|switch|p2b: Houndstone|Houndstone, L50, M|100\/100\n|-ability|p1b: Wo-Chien|Tablets of Ruin\n|-weather|Sandstorm|[from] ability: Sand Stream|[of] p2a: Tyranitar\n|turn|1\n|\n|t:|1681926773\n|-terastallize|p2a: Tyranitar|Flying\n|move|p2b: Houndstone|Howl|p2b: Houndstone|[spread] p2a,p2b\n|-boost|p2a: Tyranitar|atk|1\n|-boost|p2b: Houndstone|atk|1\n|move|p1b: Wo-Chien|Leech Seed|p2a: Tyranitar\n|-start|p2a: Tyranitar|move: Leech Seed\n|move|p2a: Tyranitar|Tera Blast|p1b: Wo-Chien\n|-supereffective|p1b: Wo-Chien\n|-damage|p1b: Wo-Chien|16\/100\n|move|p1a: Garganacl|Salt Cure|p2a: Tyranitar\n|-supereffective|p2a: Tyranitar\n|-damage|p2a: Tyranitar|82\/100\n|-start|p2a: Tyranitar|Salt Cure\n|\n|-weather|Sandstorm|[upkeep]\n|-damage|p1b: Wo-Chien|10\/100|[from] Sandstorm\n|-damage|p2a: Tyranitar|76\/100|[from] Sandstorm\n|-damage|p2a: Tyranitar|64\/100|[from] Leech Seed|[of] p1b: Wo-Chien\n|-heal|p1b: Wo-Chien|27\/100|[silent]\n|-damage|p2a: Tyranitar|52\/100|[from] Salt Cure\n|upkeep\n|turn|2\n|\n|t:|1681926796\n|move|p1b: Wo-Chien|Protect|p1b: Wo-Chien\n|-singleturn|p1b: Wo-Chien|Protect\n|move|p2b: Houndstone|Howl|p2b: Houndstone|[spread] p2a,p2b\n|-boost|p2a: Tyranitar|atk|1\n|-boost|p2b: Houndstone|atk|1\n|move|p2a: Tyranitar|Low Kick|p1a: Garganacl\n|-supereffective|p1a: Garganacl\n|-damage|p1a: Garganacl|23\/100\n|move|p1a: Garganacl|Salt Cure|p2b: Houndstone\n|-damage|p2b: Houndstone|89\/100\n|-start|p2b: Houndstone|Salt Cure\n|\n|-weather|Sandstorm|[upkeep]\n|-damage|p1b: Wo-Chien|21\/100|[from] Sandstorm\n|-damage|p2a: Tyranitar|46\/100|[from] Sandstorm\n|-heal|p1a: Garganacl|29\/100|[from] item: Leftovers\n|-damage|p2a: Tyranitar|34\/100|[from] Leech Seed|[of] p1b: Wo-Chien\n|-heal|p1b: Wo-Chien|38\/100|[silent]\n|-damage|p2b: Houndstone|76\/100|[from] Salt Cure\n|-damage|p2a: Tyranitar|22\/100|[from] Salt Cure\n|upkeep\n|turn|3\n|inactive|Bricclow has 30 seconds left.\n|\n|t:|1681926826\n|switch|p1b: Arcanine|Arcanine, L50, F|100\/100\n|-ability|p1b: Arcanine|Intimidate|boost\n|-unboost|p2a: Tyranitar|atk|1\n|-unboost|p2b: Houndstone|atk|1\n|move|p2b: Houndstone|Last Respects|p1a: Garganacl\n|-damage|p1a: Garganacl|20\/100\n|move|p2a: Tyranitar|Tera Blast|p1b: Arcanine\n|-damage|p1b: Arcanine|35\/100\n|move|p1a: Garganacl|Recover|p1a: Garganacl\n|-heal|p1a: Garganacl|71\/100\n|\n|-weather|Sandstorm|[upkeep]\n|-damage|p2a: Tyranitar|16\/100|[from] Sandstorm\n|-heal|p1a: Garganacl|76\/100|[from] item: Leftovers\n|-damage|p2a: Tyranitar|4\/100|[from] Leech Seed|[of] p1b: Arcanine\n|-heal|p1b: Arcanine|48\/100|[silent]\n|-damage|p2b: Houndstone|64\/100|[from] Salt Cure\n|-damage|p2a: Tyranitar|0 fnt|[from] Salt Cure\n|faint|p2a: Tyranitar\n|upkeep\n|\n|t:|1681926838\n|switch|p2a: Gastrodon|Gastrodon-East, L50, M, shiny|100\/100\n|turn|4\n|\n|t:|1681926854\n|switch|p1b: Ting-Lu|Ting-Lu, L50|100\/100\n|-ability|p1b: Ting-Lu|Vessel of Ruin\n|move|p2b: Houndstone|Last Respects|p1b: Ting-Lu\n|-resisted|p1b: Ting-Lu\n|-damage|p1b: Ting-Lu|86\/100\n|move|p2a: Gastrodon|Muddy Water|p1b: Ting-Lu|[spread] p1a,p1b\n|-supereffective|p1a: Garganacl\n|-supereffective|p1b: Ting-Lu\n|-damage|p1a: Garganacl|55\/100\n|-damage|p1b: Ting-Lu|66\/100\n|move|p1a: Garganacl|Salt Cure|p2a: Gastrodon\n|-resisted|p2a: Gastrodon\n|-damage|p2a: Gastrodon|93\/100\n|-start|p2a: Gastrodon|Salt Cure\n|\n|-weather|Sandstorm|[upkeep]\n|-heal|p1a: Garganacl|61\/100|[from] item: Leftovers\n|-damage|p2b: Houndstone|52\/100|[from] Salt Cure\n|-damage|p2a: Gastrodon|69\/100|[from] Salt Cure\n|upkeep\n|turn|5\n|\n|t:|1681926878\n|move|p1a: Garganacl|Wide Guard|p1a: Garganacl\n|-singleturn|p1a: Garganacl|Wide Guard\n|move|p2b: Houndstone|Will-O-Wisp|p1b: Ting-Lu\n|-status|p1b: Ting-Lu|brn\n|move|p1b: Ting-Lu|Ruination|p2a: Gastrodon\n|-damage|p2a: Gastrodon|35\/100\n|move|p2a: Gastrodon|Muddy Water|p1a: Garganacl|[spread] \n|-activate|p1a: Garganacl|move: Wide Guard\n|-activate|p1b: Ting-Lu|move: Wide Guard\n|\n|-weather|none\n|-heal|p1a: Garganacl|67\/100|[from] item: Leftovers\n|-damage|p1b: Ting-Lu|60\/100 brn|[from] brn\n|-damage|p2b: Houndstone|40\/100|[from] Salt Cure\n|-damage|p2a: Gastrodon|10\/100|[from] Salt Cure\n|upkeep\n|-enditem|p2b: Houndstone|Sitrus Berry|[eat]\n|-heal|p2b: Houndstone|64\/100|[from] item: Sitrus Berry\n|turn|6\n|\n|t:|1681926901\n|switch|p2a: Orthworm|Orthworm, L50, M, shiny|100\/100\n|move|p1a: Garganacl|Wide Guard|p1a: Garganacl\n|-singleturn|p1a: Garganacl|Wide Guard\n|move|p2b: Houndstone|Howl|p2b: Houndstone|[spread] p2a,p2b\n|-boost|p2a: Orthworm|atk|1\n|-boost|p2b: Houndstone|atk|1\n|move|p1b: Ting-Lu|Ruination|p2b: Houndstone\n|-damage|p2b: Houndstone|32\/100\n|\n|-heal|p1a: Garganacl|72\/100|[from] item: Leftovers\n|-damage|p1b: Ting-Lu|53\/100 brn|[from] brn\n|-damage|p2b: Houndstone|20\/100|[from] Salt Cure\n|upkeep\n|turn|7\n|\n|t:|1681926915\n|switch|p1b: Arcanine|Arcanine, L50, F|48\/100\n|-ability|p1b: Arcanine|Intimidate|boost\n|-unboost|p2a: Orthworm|atk|1\n|-unboost|p2b: Houndstone|atk|1\n|move|p2b: Houndstone|Howl|p2b: Houndstone|[spread] p2a,p2b\n|-boost|p2a: Orthworm|atk|1\n|-boost|p2b: Houndstone|atk|1\n|move|p2a: Orthworm|Iron Defense|p2a: Orthworm\n|-boost|p2a: Orthworm|def|2\n|move|p1a: Garganacl|Salt Cure|p2a: Orthworm\n|-resisted|p2a: Orthworm\n|-damage|p2a: Orthworm|98\/100\n|-start|p2a: Orthworm|Salt Cure\n|\n|-heal|p2a: Orthworm|100\/100|[from] item: Leftovers\n|-heal|p1a: Garganacl|78\/100|[from] item: Leftovers\n|-damage|p2b: Houndstone|8\/100|[from] Salt Cure\n|-damage|p2a: Orthworm|76\/100|[from] Salt Cure\n|upkeep\n|turn|8\n|inactive|Qicide has 30 seconds left.\n|inactive|Qicide has 20 seconds left.\n|inactive|Qicide has 15 seconds left.\n|\n|t:|1681926957\n|move|p1b: Arcanine|Protect|p1b: Arcanine\n|-singleturn|p1b: Arcanine|Protect\n|move|p2b: Houndstone|Last Respects|p1b: Arcanine\n|-activate|p1b: Arcanine|move: Protect\n|move|p2a: Orthworm|Body Press|p1b: Arcanine\n|-activate|p1b: Arcanine|move: Protect\n|move|p1a: Garganacl|Recover|p1a: Garganacl\n|-heal|p1a: Garganacl|100\/100\n|\n|-heal|p2a: Orthworm|82\/100|[from] item: Leftovers\n|-damage|p2b: Houndstone|0 fnt|[from] Salt Cure\n|faint|p2b: Houndstone\n|-damage|p2a: Orthworm|57\/100|[from] Salt Cure\n|upkeep\n|c|\u2606Bricclow|Bitch ass stall team\n|inactive|Bricclow has 30 seconds left.\n|-message|Bricclow forfeited.\n|\n|win|Qicide\n|raw|Qicide's rating: 1311 → 1334<\/strong> (+23 for winning)\n|raw|Bricclow's rating: 1362 → 1339<\/strong> (-23 for losing)\n|l|\u2606Bricclow\n|c|\u2606Qicide|gg\n","uploadtime":1681926980,"views":7,"p1id":"qicide","p2id":"bricclow","formatid":"gen9vgc2023regulationc","rating":1334,"private":0,"password":""}