{"id":"gen9vgc2023regulationc-1855915449","p1":"that_qtpi","p2":"Dinokid475inteleon","format":"[Gen 9] VGC 2023 Regulation C","log":"|j|\u2606that_qtpi\n|j|\u2606Dinokid475inteleon\n|t:|1683000049\n|gametype|doubles\n|player|p1|that_qtpi|caitlin|1078\n|player|p2|Dinokid475inteleon|volo|1004\n|teamsize|p1|6\n|teamsize|p2|6\n|gen|9\n|tier|[Gen 9] VGC 2023 Regulation C\n|rated|\n|rule|Species Clause: Limit one of each Pok\u00e9mon\n|rule|Item Clause: Limit one of each item\n|clearpoke\n|poke|p1|Annihilape, L50, M|\n|poke|p1|Maushold-Four, L50|\n|poke|p1|Ting-Lu, L50|\n|poke|p1|Arcanine, L50, F|\n|poke|p1|Iron Bundle, L50|\n|poke|p1|Amoonguss, L50, M|\n|poke|p2|Ting-Lu, L50|\n|poke|p2|Flutter Mane, L50|\n|poke|p2|Gothitelle, L50, M|\n|poke|p2|Arcanine, L50, F|\n|poke|p2|Amoonguss, L50, M|\n|poke|p2|Palafin, L50, M|\n|teampreview|4\nDinokid475inteleon has agreed to open team sheets.\n|c|\u2606that_qtpi|oh man what ever could gothitelle flutter be\n|inactive|Battle timer is ON: inactive players will automatically lose when time's up. (requested by Dinokid475inteleon)\n|\n|t:|1683000077\n|start\n|switch|p1a: Orphanmaker|Annihilape, L50, M|100\/100\n|switch|p1b: Childhaver|Maushold-Four, L50|100\/100\n|switch|p2a: Amoonguss|Amoonguss, L50, M|100\/100\n|switch|p2b: Flutter Mane|Flutter Mane, L50|100\/100\n|turn|1\n|\n|t:|1683000095\n|move|p1b: Childhaver|Follow Me|p1b: Childhaver\n|-singleturn|p1b: Childhaver|move: Follow Me\n|move|p2b: Flutter Mane|Moonblast|p1b: Childhaver\n|-damage|p1b: Childhaver|37\/100\n|move|p1a: Orphanmaker|Bulk Up|p1a: Orphanmaker\n|-boost|p1a: Orphanmaker|atk|1\n|-boost|p1a: Orphanmaker|def|1\n|move|p2a: Amoonguss|Spore|p1b: Childhaver\n|-activate|p1b: Childhaver|item: Safety Goggles|Spore\n|\n|upkeep\n|turn|2\n|inactive|that_qtpi has 30 seconds left.\n|inactive|Dinokid475inteleon has 30 seconds left.\n|\n|t:|1683000120\n|move|p2b: Flutter Mane|Protect|p2b: Flutter Mane\n|-singleturn|p2b: Flutter Mane|Protect\n|move|p1a: Orphanmaker|Protect|p1a: Orphanmaker\n|-singleturn|p1a: Orphanmaker|Protect\n|move|p1b: Childhaver|Encore|p2a: Amoonguss\n|-start|p2a: Amoonguss|Encore\n|move|p2a: Amoonguss|Spore|p1b: Childhaver\n|-activate|p1b: Childhaver|item: Safety Goggles|Spore\n|\n|upkeep\n|turn|3\n|inactive|that_qtpi has 30 seconds left.\n|\n|t:|1683000146\n|switch|p2a: Arcanine|Arcanine, L50, F|100\/100\n|-ability|p2a: Arcanine|Intimidate|boost\n|-unboost|p1a: Orphanmaker|atk|1\n|-ability|p1a: Orphanmaker|Defiant|boost\n|-boost|p1a: Orphanmaker|atk|2\n|-unboost|p1b: Childhaver|atk|1\n|move|p2b: Flutter Mane|Moonblast|p1b: Childhaver\n|-damage|p1b: Childhaver|0 fnt\n|faint|p1b: Childhaver\n|move|p1a: Orphanmaker|Rage Fist|p2b: Flutter Mane\n|-supereffective|p2b: Flutter Mane\n|-enditem|p2b: Flutter Mane|Focus Sash\n|-damage|p2b: Flutter Mane|1\/100\n|\n|upkeep\n|\n|t:|1683000161\n|switch|p1b: Bullwinkle|Ting-Lu, L50|100\/100\n|-ability|p1b: Bullwinkle|Vessel of Ruin\n|turn|4\n|\n|t:|1683000175\n|-terastallize|p1a: Orphanmaker|Fire\n|move|p2b: Flutter Mane|Protect|p2b: Flutter Mane\n|-singleturn|p2b: Flutter Mane|Protect\n|move|p2a: Arcanine|Extreme Speed|p1b: Bullwinkle\n|-damage|p1b: Bullwinkle|90\/100\n|move|p1a: Orphanmaker|Drain Punch|p2a: Arcanine\n|-damage|p2a: Arcanine|33\/100\n|move|p1b: Bullwinkle|Stomping Tantrum|p2b: Flutter Mane\n|-activate|p2b: Flutter Mane|move: Protect\n|\n|upkeep\n|turn|5\n|inactive|that_qtpi has 30 seconds left.\n|inactive|that_qtpi has 20 seconds left.\n|\n|t:|1683000215\n|move|p2b: Flutter Mane|Perish Song|p2b: Flutter Mane\n|-start|p1a: Orphanmaker|perish3|[silent]\n|-start|p1b: Bullwinkle|perish3|[silent]\n|-start|p2a: Arcanine|perish3|[silent]\n|-start|p2b: Flutter Mane|perish3|[silent]\n|-fieldactivate|move: Perish Song\n|move|p2a: Arcanine|Snarl|p1a: Orphanmaker|[spread] p1a,p1b\n|-resisted|p1b: Bullwinkle\n|-damage|p1a: Orphanmaker|95\/100\n|-damage|p1b: Bullwinkle|89\/100\n|-unboost|p1a: Orphanmaker|spa|1\n|-ability|p1a: Orphanmaker|Defiant|boost\n|-boost|p1a: Orphanmaker|atk|2\n|-unboost|p1b: Bullwinkle|spa|1\n|move|p1a: Orphanmaker|Drain Punch|p2a: Arcanine\n|-damage|p2a: Arcanine|0 fnt\n|-heal|p1a: Orphanmaker|100\/100|[from] drain|[of] p2a: Arcanine\n|faint|p2a: Arcanine\n|move|p1b: Bullwinkle|Stomping Tantrum|p2b: Flutter Mane\n|-damage|p2b: Flutter Mane|0 fnt\n|faint|p2b: Flutter Mane\n|-end|p2b: Flutter Mane|Protosynthesis|[silent]\n|\n|-start|p1a: Orphanmaker|perish3\n|-start|p1b: Bullwinkle|perish3\n|upkeep\n|c|\u2606Dinokid475inteleon|Just end me evrything that has gone wrong has gone wrong today\n|\n|t:|1683000228\n|switch|p2b: Amoonguss|Amoonguss, L50, M|100\/100\n|switch|p2a: Ting-Lu|Ting-Lu, L50|100\/100\n|-ability|p2a: Ting-Lu|Vessel of Ruin\n|turn|6\n|c|\u2606that_qtpi|closed sheet karma\n|c|\u2606Dinokid475inteleon|I agreed to open sheets\n|\n|t:|1683000252\n|move|p2b: Amoonguss|Rage Powder|p2b: Amoonguss\n|-singleturn|p2b: Amoonguss|move: Rage Powder\n|move|p1a: Orphanmaker|Drain Punch|p2b: Amoonguss\n|-resisted|p2b: Amoonguss\n|-damage|p2b: Amoonguss|51\/100\n|-damage|p1a: Orphanmaker|84\/100|[from] item: Rocky Helmet|[of] p2b: Amoonguss\n|move|p1b: Bullwinkle|Fissure|p2b: Amoonguss\n|-damage|p2b: Amoonguss|0 fnt\n|faint|p2b: Amoonguss\n|-ohko\n|move|p2a: Ting-Lu|Fissure|p1b: Bullwinkle|[miss]\n|-miss|p2a: Ting-Lu|p1b: Bullwinkle\n|\n|-heal|p1a: Orphanmaker|90\/100|[from] item: Leftovers\n|-start|p1a: Orphanmaker|perish2\n|-start|p1b: Bullwinkle|perish2\n|upkeep\n|turn|7\n|\n|t:|1683000272\n|switch|p1b: Amoonguss|Amoonguss, L50, M|100\/100\n|move|p1a: Orphanmaker|Drain Punch|p2a: Ting-Lu\n|-supereffective|p2a: Ting-Lu\n|-damage|p2a: Ting-Lu|0 fnt\n|-heal|p1a: Orphanmaker|100\/100|[from] drain|[of] p2a: Ting-Lu\n|faint|p2a: Ting-Lu\n|\n|win|that_qtpi\n|raw|that_qtpi's rating: 1078 → 1100<\/strong> (+22 for winning)\n|raw|Dinokid475inteleon's rating: 1004 → 1000<\/strong> (-4 for losing)\n|l|\u2606Dinokid475inteleon\n","uploadtime":1683000282,"views":11,"p1id":"thatqtpi","p2id":"dinokid475inteleon","formatid":"gen9vgc2023regulationc","rating":1000,"private":0,"password":""}