{"id":"gen9vgc2023regulationc-1860980307","p1":"Geradifdorudini","p2":"Beru98","format":"[Gen 9] VGC 2023 Regulation C","log":"|j|\u2606Geradifdorudini\n|j|\u2606Beru98\n|t:|1683707593\n|gametype|doubles\n|player|p1|Geradifdorudini|lucas|1257\n|player|p2|Beru98|170|1318\n|teamsize|p1|6\n|teamsize|p2|6\n|gen|9\n|tier|[Gen 9] VGC 2023 Regulation C\n|rated|\n|rule|Species Clause: Limit one of each Pok\u00e9mon\n|rule|Item Clause: Limit one of each item\n|clearpoke\n|poke|p1|Garchomp, L50, M|\n|poke|p1|Corviknight, L50, F|\n|poke|p1|Flutter Mane, L50|\n|poke|p1|Chi-Yu, L50|\n|poke|p1|Gyarados, L50, F|\n|poke|p1|Amoonguss, L50, M|\n|poke|p2|Kingambit, L50, M|\n|poke|p2|Flutter Mane, L50|\n|poke|p2|Amoonguss, L50, F|\n|poke|p2|Palafin, L50, M|\n|poke|p2|Dragonite, L50, M|\n|poke|p2|Ting-Lu, L50|\n|teampreview|4\n|inactive|Battle timer is ON: inactive players will automatically lose when time's up. (requested by Beru98)\n|inactive|Geradifdorudini has 60 seconds left.\n|inactive|Beru98 has 60 seconds left.\n|inactive|Beru98 has 30 seconds left.\n|\n|t:|1683707659\n|start\n|switch|p1a: Corviknight|Corviknight, L50, F|100\/100\n|switch|p1b: Chi-Yu|Chi-Yu, L50|100\/100\n|switch|p2a: Kingambit|Kingambit, L50, M|100\/100\n|switch|p2b: Palafin|Palafin, L50, M|100\/100\n|-ability|p1b: Chi-Yu|Beads of Ruin\n|turn|1\n|\n|t:|1683707681\n|detailschange|p2b: Palafin|Palafin-Hero, L50, M\n|switch|p2b: Amoonguss|Amoonguss, L50, F|100\/100\n|-terastallize|p1b: Chi-Yu|Grass\n|-terastallize|p2a: Kingambit|Fire\n|move|p1b: Chi-Yu|Heat Wave|p2a: Kingambit|[spread] p2a,p2b\n|-resisted|p2a: Kingambit\n|-supereffective|p2b: Amoonguss\n|-damage|p2a: Kingambit|83\/100\n|-damage|p2b: Amoonguss|4\/100\n|-enditem|p2b: Amoonguss|Sitrus Berry|[eat]\n|-heal|p2b: Amoonguss|29\/100|[from] item: Sitrus Berry\n|-damage|p1b: Chi-Yu|91\/100|[from] item: Life Orb\n|move|p1a: Corviknight|Tailwind|p1a: Corviknight\n|-sidestart|p1: Geradifdorudini|move: Tailwind\n|move|p2a: Kingambit|Kowtow Cleave|p1a: Corviknight\n|-damage|p1a: Corviknight|57\/100\n|\n|upkeep\n|turn|2\n|\n|t:|1683707706\n|switch|p1a: Gyarados|Gyarados, L50, F|100\/100\n|-ability|p1a: Gyarados|Intimidate|boost\n|-unboost|p2a: Kingambit|atk|1\n|-ability|p2a: Kingambit|Defiant|boost\n|-boost|p2a: Kingambit|atk|2\n|-unboost|p2b: Amoonguss|atk|1\n|move|p2b: Amoonguss|Protect|p2b: Amoonguss\n|-singleturn|p2b: Amoonguss|Protect\n|move|p2a: Kingambit|Sucker Punch|p1b: Chi-Yu\n|-damage|p1b: Chi-Yu|0 fnt\n|faint|p1b: Chi-Yu\n|\n|upkeep\n|\n|t:|1683707715\n|switch|p1b: Garchomp|Garchomp, L50, M|100\/100\n|turn|3\n|inactive|Beru98 has 30 seconds left.\n|inactive|Beru98 has 20 seconds left.\n|inactive|Beru98 has 15 seconds left.\n|inactive|Beru98 has 10 seconds left.\n|\n|t:|1683707762\n|move|p2b: Amoonguss|Rage Powder|p2b: Amoonguss\n|-singleturn|p2b: Amoonguss|move: Rage Powder\n|move|p2a: Kingambit|Sucker Punch|p1b: Garchomp\n|-damage|p1b: Garchomp|35\/100\n|-damage|p2a: Kingambit|71\/100|[from] ability: Rough Skin|[of] p1b: Garchomp\n|move|p1b: Garchomp|Earthquake|p2a: Kingambit|[spread] p2a,p2b\n|-immune|p1a: Gyarados\n|-supereffective|p2a: Kingambit\n|-damage|p2a: Kingambit|14\/100\n|-damage|p2b: Amoonguss|0 fnt\n|faint|p2b: Amoonguss\n|move|p1a: Gyarados|Taunt|p2a: Kingambit\n|-start|p2a: Kingambit|move: Taunt\n|\n|upkeep\n|\n|t:|1683707778\n|switch|p2b: Flutter Mane|Flutter Mane, L50|100\/100\n|-enditem|p2b: Flutter Mane|Booster Energy\n|-activate|p2b: Flutter Mane|ability: Protosynthesis|[fromitem]\n|-start|p2b: Flutter Mane|protosynthesisspa\n|turn|4\n|\n|t:|1683707791\n|move|p1b: Garchomp|Protect|p1b: Garchomp\n|-singleturn|p1b: Garchomp|Protect\n|move|p2b: Flutter Mane|Protect|p2b: Flutter Mane\n|-singleturn|p2b: Flutter Mane|Protect\n|move|p2a: Kingambit|Sucker Punch||[still]\n|-fail|p2a: Kingambit\n|move|p1a: Gyarados|Waterfall|p2a: Kingambit\n|-supereffective|p2a: Kingambit\n|-damage|p2a: Kingambit|0 fnt\n|faint|p2a: Kingambit\n|\n|-sideend|p1: Geradifdorudini|move: Tailwind\n|upkeep\n|\n|t:|1683707795\n|switch|p2a: Palafin|Palafin-Hero, L50, M|100\/100\n|-activate|p2a: Palafin|ability: Zero to Hero\n|turn|5\n|\n|t:|1683707810\n|move|p2a: Palafin|Jet Punch|p1a: Gyarados\n|-resisted|p1a: Gyarados\n|-damage|p1a: Gyarados|82\/100\n|move|p1b: Garchomp|Earthquake|p2b: Flutter Mane|[spread] p2a,p2b\n|-immune|p1a: Gyarados\n|-damage|p2a: Palafin|68\/100\n|-damage|p2b: Flutter Mane|37\/100\n|move|p2b: Flutter Mane|Dazzling Gleam|p1b: Garchomp|[spread] p1a,p1b\n|-supereffective|p1b: Garchomp\n|-damage|p1a: Gyarados|50\/100\n|-damage|p1b: Garchomp|0 fnt\n|-enditem|p1a: Gyarados|Sitrus Berry|[eat]\n|-heal|p1a: Gyarados|75\/100|[from] item: Sitrus Berry\n|faint|p1b: Garchomp\n|move|p1a: Gyarados|Thunder Wave|p2a: Palafin\n|-status|p2a: Palafin|par\n|\n|upkeep\n|\n|t:|1683707824\n|switch|p1b: Corviknight|Corviknight, L50, F|57\/100\n|turn|6\n|\n|t:|1683707840\n|move|p2b: Flutter Mane|Moonblast|p1a: Gyarados\n|-damage|p1a: Gyarados|23\/100\n|move|p1a: Gyarados|Waterfall|p2b: Flutter Mane\n|-damage|p2b: Flutter Mane|0 fnt\n|faint|p2b: Flutter Mane\n|-end|p2b: Flutter Mane|Protosynthesis|[silent]\n|move|p1b: Corviknight|Brave Bird|p2a: Palafin\n|-damage|p2a: Palafin|23\/100 par\n|-damage|p1b: Corviknight|42\/100|[from] Recoil\n|move|p2a: Palafin|Wave Crash|p1b: Corviknight\n|-damage|p1b: Corviknight|0 fnt\n|faint|p1b: Corviknight\n|-damage|p2a: Palafin|9\/100 par|[from] Recoil\n|\n|upkeep\n|turn|7\n|\n|t:|1683707853\n|move|p2a: Palafin|Jet Punch|p1a: Gyarados\n|-resisted|p1a: Gyarados\n|-damage|p1a: Gyarados|3\/100\n|move|p1a: Gyarados|Waterfall|p2a: Palafin\n|-resisted|p2a: Palafin\n|-damage|p2a: Palafin|0 fnt\n|faint|p2a: Palafin\n|\n|win|Geradifdorudini\n|raw|Geradifdorudini's rating: 1257 → 1286<\/strong> (+29 for winning)\n|raw|Beru98's rating: 1318 → 1295<\/strong> (-23 for losing)\n|l|\u2606Beru98\n","uploadtime":1683707866,"views":19,"p1id":"geradifdorudini","p2id":"beru98","formatid":"gen9vgc2023regulationc","rating":1286,"private":0,"password":""}