{"id":"gen9vgc2023regulationc-1851554961","p1":"feafwewf","p2":"Piccolo Ruiz","format":"[Gen 9] VGC 2023 Regulation C","log":"|j|\u2606feafwewf\n|j|\u2606Piccolo Ruiz\n|t:|1682455249\n|gametype|doubles\n|player|p1|feafwewf|102|1233\n|player|p2|Piccolo Ruiz|valerie|1321\n|teamsize|p1|5\n|teamsize|p2|6\n|gen|9\n|tier|[Gen 9] VGC 2023 Regulation C\n|rated|\n|rule|Species Clause: Limit one of each Pok\u00e9mon\n|rule|Item Clause: Limit one of each item\n|clearpoke\n|poke|p1|Abomasnow, L50, M|\n|poke|p1|Iron Bundle, L50|\n|poke|p1|Armarouge, L50, M|\n|poke|p1|Indeedee-F, L50, F|\n|poke|p1|Annihilape, L50, F|\n|poke|p2|Flutter Mane, L50|\n|poke|p2|Amoonguss, L50, F|\n|poke|p2|Gyarados, L50, F|\n|poke|p2|Arcanine, L50, F|\n|poke|p2|Ting-Lu, L50|\n|poke|p2|Baxcalibur, L50, F|\n|teampreview|4\n|inactive|Battle timer is ON: inactive players will automatically lose when time's up. (requested by Piccolo Ruiz)\n|inactive|feafwewf has 60 seconds left.\n|inactive|Piccolo Ruiz has 60 seconds left.\n|inactive|Piccolo Ruiz has 30 seconds left.\n|inactive|Piccolo Ruiz has 20 seconds left.\n|inactive|Piccolo Ruiz has 15 seconds left.\n|inactive|Piccolo Ruiz has 10 seconds left.\n|\n|t:|1682455332\n|start\n|switch|p1a: Indeedee|Indeedee-F, L50, F, shiny|100\/100\n|switch|p1b: Annihilape|Annihilape, L50, F|100\/100\n|switch|p2a: Katya|Baxcalibur, L50, F, shiny|100\/100\n|switch|p2b: Ting-Lu|Ting-Lu, L50|100\/100\n|-fieldstart|move: Psychic Terrain|[from] ability: Psychic Surge|[of] p1a: Indeedee\n|-enditem|p1a: Indeedee|Psychic Seed\n|-boost|p1a: Indeedee|spd|1|[from] item: Psychic Seed\n|-ability|p2b: Ting-Lu|Vessel of Ruin\n|turn|1\n|inactive|feafwewf has 30 seconds left.\n|inactive|Piccolo Ruiz has 30 seconds left.\n|\n|t:|1682455360\n|move|p1a: Indeedee|Follow Me|p1a: Indeedee\n|-singleturn|p1a: Indeedee|move: Follow Me\n|move|p2a: Katya|Icicle Crash|p1a: Indeedee\n|-damage|p1a: Indeedee|29\/100\n|move|p1b: Annihilape|Bulk Up|p1b: Annihilape\n|-boost|p1b: Annihilape|atk|1\n|-boost|p1b: Annihilape|def|1\n|move|p2b: Ting-Lu|Fissure|p1a: Indeedee|[miss]\n|-miss|p2b: Ting-Lu|p1a: Indeedee\n|\n|upkeep\n|turn|2\n|\n|t:|1682455382\n|move|p1a: Indeedee|Follow Me|p1a: Indeedee\n|-singleturn|p1a: Indeedee|move: Follow Me\n|move|p2a: Katya|Glaive Rush|p1a: Indeedee\n|-damage|p1a: Indeedee|0 fnt\n|-singlemove|p2a: Katya|Glaive Rush|[silent]\n|faint|p1a: Indeedee\n|move|p1b: Annihilape|Bulk Up|p1b: Annihilape\n|-boost|p1b: Annihilape|atk|1\n|-boost|p1b: Annihilape|def|1\n|move|p2b: Ting-Lu|Ruination|p1b: Annihilape\n|-damage|p1b: Annihilape|50\/100\n|\n|-heal|p1b: Annihilape|57\/100|[from] item: Leftovers\n|upkeep\n|\n|t:|1682455405\n|switch|p1a: Abomasnow|Abomasnow, L50, M, shiny|100\/100\n|-weather|Snow|[from] ability: Snow Warning|[of] p1a: Abomasnow\n|turn|3\n|inactive|Piccolo Ruiz has 30 seconds left.\n|\n|t:|1682455437\n|move|p1b: Annihilape|Protect|p1b: Annihilape\n|-singleturn|p1b: Annihilape|Protect\n|move|p2a: Katya|Glaive Rush|p1a: Abomasnow\n|-damage|p1a: Abomasnow|47\/100\n|-singlemove|p2a: Katya|Glaive Rush|[silent]\n|move|p1a: Abomasnow|Aurora Veil|p1a: Abomasnow\n|-sidestart|p1: feafwewf|move: Aurora Veil\n|move|p2b: Ting-Lu|Ruination|p1b: Annihilape\n|-activate|p1b: Annihilape|move: Protect\n|\n|-weather|Snow|[upkeep]\n|-heal|p1b: Annihilape|63\/100|[from] item: Leftovers\n|upkeep\n|turn|4\n|inactive|feafwewf has 30 seconds left.\n|\n|t:|1682455466\n|move|p2a: Katya|Icicle Crash|p1a: Abomasnow\n|-damage|p1a: Abomasnow|24\/100\n|move|p1b: Annihilape|Drain Punch|p2a: Katya\n|-supereffective|p2a: Katya\n|-damage|p2a: Katya|31\/100\n|-heal|p1b: Annihilape|99\/100|[from] drain|[of] p2a: Katya\n|move|p1a: Abomasnow|Giga Drain|p2b: Ting-Lu\n|-supereffective|p2b: Ting-Lu\n|-damage|p2b: Ting-Lu|82\/100\n|-heal|p1a: Abomasnow|35\/100|[from] drain|[of] p2b: Ting-Lu\n|move|p2b: Ting-Lu|Ruination|p1b: Annihilape\n|-damage|p1b: Annihilape|50\/100\n|\n|-weather|Snow|[upkeep]\n|-heal|p1b: Annihilape|56\/100|[from] item: Leftovers\n|upkeep\n|turn|5\n|inactive|Piccolo Ruiz has 30 seconds left.\n|\n|t:|1682455495\n|move|p1b: Annihilape|Protect|p1b: Annihilape\n|-singleturn|p1b: Annihilape|Protect\n|move|p2a: Katya|Glaive Rush|p1a: Abomasnow\n|-damage|p1a: Abomasnow|2\/100\n|-singlemove|p2a: Katya|Glaive Rush|[silent]\n|move|p1a: Abomasnow|Blizzard|p2a: Katya|[spread] p2a,p2b\n|-supereffective|p2b: Ting-Lu\n|-damage|p2a: Katya|0 fnt\n|-damage|p2b: Ting-Lu|62\/100\n|faint|p2a: Katya\n|move|p2b: Ting-Lu|Ruination|p1b: Annihilape\n|-activate|p1b: Annihilape|move: Protect\n|\n|-weather|Snow|[upkeep]\n|-heal|p1b: Annihilape|62\/100|[from] item: Leftovers\n|-fieldend|move: Psychic Terrain\n|upkeep\n|\n|t:|1682455505\n|switch|p2a: Amoonguss|Amoonguss, L50, F, shiny|100\/100\n|turn|6\n|\n|t:|1682455526\n|-terastallize|p2a: Amoonguss|Water\n|move|p1b: Annihilape|Rage Fist|p2a: Amoonguss\n|-damage|p2a: Amoonguss|0 fnt\n|-damage|p1b: Annihilape|46\/100|[from] item: Rocky Helmet|[of] p2a: Amoonguss\n|faint|p2a: Amoonguss\n|move|p1a: Abomasnow|Blizzard|p2b: Ting-Lu\n|-supereffective|p2b: Ting-Lu\n|-damage|p2b: Ting-Lu|34\/100\n|move|p2b: Ting-Lu|Fissure|p1b: Annihilape|[miss]\n|-miss|p2b: Ting-Lu|p1b: Annihilape\n|\n|-weather|Snow|[upkeep]\n|-heal|p1b: Annihilape|52\/100|[from] item: Leftovers\n|upkeep\n|\n|t:|1682455536\n|switch|p2a: Sasha Colby|Flutter Mane, L50|100\/100\n|-enditem|p2a: Sasha Colby|Booster Energy\n|-activate|p2a: Sasha Colby|ability: Protosynthesis|[fromitem]\n|-start|p2a: Sasha Colby|protosynthesisspa\n|turn|7\n|\n|t:|1682455557\n|-terastallize|p1b: Annihilape|Fire\n|move|p2a: Sasha Colby|Protect|p2a: Sasha Colby\n|-singleturn|p2a: Sasha Colby|Protect\n|move|p1b: Annihilape|Rage Fist|p2a: Sasha Colby\n|-activate|p2a: Sasha Colby|move: Protect\n|move|p1a: Abomasnow|Giga Drain|p2b: Ting-Lu\n|-supereffective|p2b: Ting-Lu\n|-damage|p2b: Ting-Lu|15\/100\n|-heal|p1a: Abomasnow|13\/100|[from] drain|[of] p2b: Ting-Lu\n|move|p2b: Ting-Lu|Stomping Tantrum|p1b: Annihilape\n|-supereffective|p1b: Annihilape\n|-crit|p1b: Annihilape\n|-damage|p1b: Annihilape|0 fnt\n|faint|p1b: Annihilape\n|\n|-weather|none\n|upkeep\n|\n|t:|1682455568\n|switch|p1b: Iron Bundle|Iron Bundle, L50|100\/100\n|turn|8\n|\n|t:|1682455576\n|move|p1b: Iron Bundle|Blizzard|p2a: Sasha Colby|[spread] p2b\n|-miss|p1b: Iron Bundle|p2a: Sasha Colby\n|-supereffective|p2b: Ting-Lu\n|-damage|p2b: Ting-Lu|0 fnt\n|faint|p2b: Ting-Lu\n|move|p2a: Sasha Colby|Dazzling Gleam|p1a: Abomasnow|[spread] p1a,p1b\n|-damage|p1a: Abomasnow|0 fnt\n|-damage|p1b: Iron Bundle|69\/100\n|faint|p1a: Abomasnow\n|\n|upkeep\n|turn|9\n|\n|t:|1682455586\n|move|p1b: Iron Bundle|Freeze-Dry|p2a: Sasha Colby\n|-damage|p2a: Sasha Colby|72\/100\n|move|p2a: Sasha Colby|Moonblast|p1b: Iron Bundle\n|-damage|p1b: Iron Bundle|17\/100\n|-unboost|p1b: Iron Bundle|spa|1\n|\n|upkeep\n|turn|10\n|inactive|feafwewf has 30 seconds left.\n|\n|t:|1682455612\n|move|p1b: Iron Bundle|Freeze-Dry|p2a: Sasha Colby\n|-damage|p2a: Sasha Colby|51\/100\n|move|p2a: Sasha Colby|Moonblast|p1b: Iron Bundle\n|-damage|p1b: Iron Bundle|0 fnt\n|faint|p1b: Iron Bundle\n|-end|p1b: Iron Bundle|Quark Drive|[silent]\n|\n|win|Piccolo Ruiz\n|raw|feafwewf's rating: 1233 → 1214<\/strong> (-19 for losing)\n|raw|Piccolo Ruiz's rating: 1321 → 1336<\/strong> (+15 for winning)\n|l|\u2606feafwewf\n","uploadtime":1682455615,"views":4,"p1id":"feafwewf","p2id":"piccoloruiz","formatid":"gen9vgc2023regulationc","rating":1214,"private":0,"password":""}