{"id":"gen9vgc2023regulationc-1857608817","p1":"Valeriv","p2":"quinn4444","format":"[Gen 9] VGC 2023 Regulation C","log":"|j|\u2606Valeriv\n|j|\u2606quinn4444\n|t:|1683212640\n|gametype|doubles\n|player|p1|Valeriv|red|1268\n|player|p2|quinn4444|170|1192\n|teamsize|p1|6\n|teamsize|p2|6\n|gen|9\n|tier|[Gen 9] VGC 2023 Regulation C\n|rated|\n|rule|Species Clause: Limit one of each Pok\u00e9mon\n|rule|Item Clause: Limit one of each item\n|clearpoke\n|poke|p1|Orthworm, L50, M|\n|poke|p1|Ting-Lu, L50|\n|poke|p1|Dragonite, L50, M|\n|poke|p1|Chien-Pao, L50|\n|poke|p1|Flutter Mane, L50|\n|poke|p1|Gyarados, L50, F|\n|poke|p2|Amoonguss, L50, F|\n|poke|p2|Palafin, L50, F|\n|poke|p2|Arcanine, L50, F|\n|poke|p2|Flutter Mane, L50|\n|poke|p2|Chien-Pao, L50|\n|poke|p2|Dragapult, L50, M|\n|teampreview|4\n|\n|t:|1683212674\n|start\n|switch|p1a: Orthworm|Orthworm, L50, M|100\/100\n|switch|p1b: Gyarados|Gyarados, L50, F|100\/100\n|switch|p2a: Chien-Pao|Chien-Pao, L50|100\/100\n|switch|p2b: Dragapult|Dragapult, L50, M|100\/100\n|-ability|p2a: Chien-Pao|Sword of Ruin\n|-ability|p1b: Gyarados|Intimidate|boost\n|-unboost|p2a: Chien-Pao|atk|1\n|-fail|p2b: Dragapult|unboost|[from] ability: Clear Body|[of] p2b: Dragapult\n|turn|1\n|\n|t:|1683212697\n|move|p2a: Chien-Pao|Protect|p2a: Chien-Pao\n|-singleturn|p2a: Chien-Pao|Protect\n|move|p2b: Dragapult|Phantom Force||[still]\n|-prepare|p2b: Dragapult|Phantom Force\n|move|p1b: Gyarados|Thunder Wave|p2b: Dragapult|[miss]\n|-miss|p1b: Gyarados|p2b: Dragapult\n|move|p1a: Orthworm|Heavy Slam|p2a: Chien-Pao\n|-activate|p2a: Chien-Pao|move: Protect\n|\n|upkeep\n|turn|2\n|\n|t:|1683212712\n|move|p2b: Dragapult|Phantom Force|p1b: Gyarados|[from]lockedmove\n|-damage|p1b: Gyarados|21\/100\n|move|p2a: Chien-Pao|Ice Spinner|p1b: Gyarados\n|-damage|p1b: Gyarados|0 fnt\n|faint|p1b: Gyarados\n|move|p1a: Orthworm|Iron Defense|p1a: Orthworm\n|-boost|p1a: Orthworm|def|2\n|\n|upkeep\n|\n|t:|1683212722\n|switch|p1b: Chien-Pao|Chien-Pao, L50|100\/100\n|-ability|p1b: Chien-Pao|Sword of Ruin\n|turn|3\n|\n|t:|1683212729\n|switch|p2b: Arcanine|Arcanine, L50, F|100\/100\n|-ability|p2b: Arcanine|Intimidate|boost\n|-unboost|p1a: Orthworm|atk|1\n|-unboost|p1b: Chien-Pao|atk|1\n|move|p2a: Chien-Pao|Protect|p2a: Chien-Pao\n|-singleturn|p2a: Chien-Pao|Protect\n|move|p1b: Chien-Pao|Protect|p1b: Chien-Pao\n|-singleturn|p1b: Chien-Pao|Protect\n|move|p1a: Orthworm|Heavy Slam|p2a: Chien-Pao\n|-activate|p2a: Chien-Pao|move: Protect\n|\n|upkeep\n|turn|4\n|\n|t:|1683212753\n|switch|p2a: Dragapult|Dragapult, L50, M|100\/100\n|switch|p1b: Dragonite|Dragonite, L50, M|100\/100\n|-terastallize|p1a: Orthworm|Fire\n|move|p2b: Arcanine|Will-O-Wisp|p1a: Orthworm\n|-immune|p1a: Orthworm\n|move|p1a: Orthworm|Body Press|p2b: Arcanine\n|-damage|p2b: Arcanine|24\/100\n|\n|upkeep\n|turn|5\n|\n|t:|1683212774\n|switch|p2b: Flutter Mane|Flutter Mane, L50|100\/100\n|-enditem|p2b: Flutter Mane|Booster Energy\n|-activate|p2b: Flutter Mane|ability: Protosynthesis|[fromitem]\n|-start|p2b: Flutter Mane|protosynthesisspa\n|move|p2a: Dragapult|Dragon Darts|p1a: Orthworm\n|-damage|p1a: Orthworm|90\/100\n|-anim|p2a: Dragapult|Dragon Darts|p1b: Dragonite\n|-supereffective|p1b: Dragonite\n|-damage|p1b: Dragonite|63\/100\n|move|p1b: Dragonite|Earthquake|p2a: Dragapult|[spread] p2a,p2b\n|-heal|p1a: Orthworm|100\/100|[from] ability: Earth Eater|[of] p1b: Dragonite\n|-damage|p2a: Dragapult|67\/100\n|-damage|p2b: Flutter Mane|58\/100\n|move|p1a: Orthworm|Body Press|p2b: Flutter Mane\n|-immune|p2b: Flutter Mane\n|\n|upkeep\n|turn|6\n|\n|t:|1683212797\n|move|p2b: Flutter Mane|Protect|p2b: Flutter Mane\n|-singleturn|p2b: Flutter Mane|Protect\n|move|p2a: Dragapult|Dragon Darts|p1a: Orthworm\n|-damage|p1a: Orthworm|90\/100\n|-anim|p2a: Dragapult|Dragon Darts|p1b: Dragonite\n|-supereffective|p1b: Dragonite\n|-damage|p1b: Dragonite|0 fnt\n|faint|p1b: Dragonite\n|move|p1a: Orthworm|Heavy Slam|p2b: Flutter Mane\n|-activate|p2b: Flutter Mane|move: Protect\n|\n|upkeep\n|\n|t:|1683212806\n|switch|p1b: Chien-Pao|Chien-Pao, L50|100\/100\n|-ability|p1b: Chien-Pao|Sword of Ruin\n|turn|7\n|\n|t:|1683212817\n|switch|p2a: Chien-Pao|Chien-Pao, L50|100\/100\n|-ability|p2a: Chien-Pao|Sword of Ruin\n|-end|p2b: Flutter Mane|Protosynthesis|[silent]\n|switch|p2b: Arcanine|Arcanine, L50, F|24\/100\n|-ability|p2b: Arcanine|Intimidate|boost\n|-unboost|p1a: Orthworm|atk|1\n|-unboost|p1b: Chien-Pao|atk|1\n|move|p1b: Chien-Pao|Sucker Punch||[still]\n|-fail|p1b: Chien-Pao\n|move|p1a: Orthworm|Heavy Slam|p2b: Arcanine\n|-resisted|p2b: Arcanine\n|-damage|p2b: Arcanine|17\/100\n|\n|upkeep\n|turn|8\n|\n|t:|1683212840\n|-terastallize|p2a: Chien-Pao|Ghost\n|move|p2b: Arcanine|Extreme Speed|p1b: Chien-Pao\n|-crit|p1b: Chien-Pao\n|-damage|p1b: Chien-Pao|49\/100\n|move|p2a: Chien-Pao|Sacred Sword|p1b: Chien-Pao\n|-supereffective|p1b: Chien-Pao\n|-damage|p1b: Chien-Pao|0 fnt\n|faint|p1b: Chien-Pao\n|move|p1a: Orthworm|Body Press|p2a: Chien-Pao\n|-immune|p2a: Chien-Pao\n|\n|upkeep\n|turn|9\n|-message|Valeriv forfeited.\n|\n|win|quinn4444\n|raw|Valeriv's rating: 1268 → 1238<\/strong> (-30 for losing)\n|raw|quinn4444's rating: 1192 → 1222<\/strong> (+30 for winning)\n|l|\u2606Valeriv\n","uploadtime":1683212857,"views":21,"p1id":"valeriv","p2id":"quinn4444","formatid":"gen9vgc2023regulationc","rating":1222,"private":0,"password":""}