{"id":"gen9vgc2023regulationc-1850718417","p1":"dagrzekrom","p2":"That_Leek","format":"[Gen 9] VGC 2023 Regulation C","log":"|j|\u2606dagrzekrom\n|j|\u2606That_Leek\n|t:|1682361722\n|gametype|doubles\n|player|p1|dagrzekrom|2|1314\n|player|p2|That_Leek|blue-masters|1340\n|teamsize|p1|6\n|teamsize|p2|6\n|gen|9\n|tier|[Gen 9] VGC 2023 Regulation C\n|rated|\n|rule|Species Clause: Limit one of each Pok\u00e9mon\n|rule|Item Clause: Limit one of each item\n|clearpoke\n|poke|p1|Amoonguss, L50, F|\n|poke|p1|Ting-Lu, L50|\n|poke|p1|Flutter Mane, L50|\n|poke|p1|Palafin, L50, F|\n|poke|p1|Arcanine, L50, M|\n|poke|p1|Annihilape, L50, M|\n|poke|p2|Gholdengo, L50|\n|poke|p2|Gyarados, L50, M|\n|poke|p2|Tyranitar, L50, F|\n|poke|p2|Maushold-Four, L50|\n|poke|p2|Annihilape, L50, M|\n|poke|p2|Volcarona, L50, M|\n|teampreview|4\nThat_Leek has agreed to open team sheets.\n|\n|t:|1682361765\n|start\n|switch|p1a: Palafin|Palafin, L50, F|100\/100\n|switch|p1b: Flutter Mane|Flutter Mane, L50|100\/100\n|switch|p2a: Maushold|Maushold-Four, L50|100\/100\n|switch|p2b: Annihilape|Annihilape, L50, M|100\/100\n|turn|1\n|\n|t:|1682361792\n|-terastallize|p2b: Annihilape|Fire\n|move|p2a: Maushold|Beat Up|p2b: Annihilape\n|-damage|p2b: Annihilape|99\/100\n|-damage|p2b: Annihilape|96\/100\n|-damage|p2b: Annihilape|94\/100\n|-damage|p2b: Annihilape|92\/100\n|-hitcount|p2b: Annihilape|4\n|move|p1a: Palafin|Flip Turn|p2a: Maushold\n|-damage|p2a: Maushold|59\/100\n|\n|t:|1682361802\n|detailschange|p1a: Palafin|Palafin-Hero, L50, F\n|switch|p1a: Amoonguss|Amoonguss, L50, F|100\/100|[from] Flip Turn\n|move|p1b: Flutter Mane|Power Gem|p2b: Annihilape\n|-supereffective|p2b: Annihilape\n|-damage|p2b: Annihilape|43\/100\n|move|p2b: Annihilape|Bulk Up|p2b: Annihilape\n|-boost|p2b: Annihilape|atk|1\n|-boost|p2b: Annihilape|def|1\n|\n|-heal|p2b: Annihilape|49\/100|[from] item: Leftovers\n|upkeep\n|turn|2\n|\n|t:|1682361820\n|move|p2a: Maushold|Follow Me|p2a: Maushold\n|-singleturn|p2a: Maushold|move: Follow Me\n|move|p1a: Amoonguss|Rage Powder|p1a: Amoonguss\n|-singleturn|p1a: Amoonguss|move: Rage Powder\n|move|p1b: Flutter Mane|Power Gem|p2a: Maushold\n|-crit|p2a: Maushold\n|-damage|p2a: Maushold|0 fnt\n|faint|p2a: Maushold\n|move|p2b: Annihilape|Rage Fist|p1a: Amoonguss\n|-damage|p1a: Amoonguss|0 fnt\n|faint|p1a: Amoonguss\n|\n|-heal|p2b: Annihilape|55\/100|[from] item: Leftovers\n|upkeep\n|\n|t:|1682361832\n|switch|p2a: Gholdengo|Gholdengo, L50|100\/100\n|switch|p1a: Palafin|Palafin-Hero, L50, F|100\/100\n|-activate|p1a: Palafin|ability: Zero to Hero\n|turn|3\n|\n|t:|1682361851\n|-end|p1b: Flutter Mane|Protosynthesis|[silent]\n|switch|p1b: Arcanine|Arcanine, L50, M|100\/100\n|-ability|p1b: Arcanine|Intimidate|boost\n|-unboost|p2a: Gholdengo|atk|1\n|-unboost|p2b: Annihilape|atk|1\n|-ability|p2b: Annihilape|Defiant|boost\n|-boost|p2b: Annihilape|atk|2\n|switch|p2a: Gyarados|Gyarados, L50, M|100\/100\n|-ability|p2a: Gyarados|Intimidate|boost\n|-unboost|p1a: Palafin|atk|1\n|-unboost|p1b: Arcanine|atk|1\n|-terastallize|p1a: Palafin|Ice\n|move|p2b: Annihilape|Protect|p2b: Annihilape\n|-singleturn|p2b: Annihilape|Protect\n|move|p1a: Palafin|Wave Crash|p2b: Annihilape\n|-activate|p2b: Annihilape|move: Protect\n|\n|-heal|p2b: Annihilape|62\/100|[from] item: Leftovers\n|upkeep\n|turn|4\n|\n|t:|1682361872\n|move|p1b: Arcanine|Extreme Speed|p2b: Annihilape\n|-damage|p2b: Annihilape|51\/100\n|move|p1a: Palafin|Wave Crash|p2b: Annihilape\n|-supereffective|p2b: Annihilape\n|-damage|p2b: Annihilape|0 fnt\n|faint|p2b: Annihilape\n|-damage|p1a: Palafin|81\/100|[from] Recoil\n|move|p2a: Gyarados|Thunder Wave|p1a: Palafin\n|-status|p1a: Palafin|par\n|\n|upkeep\n|\n|t:|1682361878\n|switch|p2b: Gholdengo|Gholdengo, L50|100\/100\n|turn|5\n|\n|t:|1682361892\n|move|p1b: Arcanine|Protect|p1b: Arcanine\n|-singleturn|p1b: Arcanine|Protect\n|move|p2b: Gholdengo|Protect|p2b: Gholdengo\n|-singleturn|p2b: Gholdengo|Protect\n|move|p2a: Gyarados|Dragon Dance|p2a: Gyarados\n|-boost|p2a: Gyarados|atk|1\n|-boost|p2a: Gyarados|spe|1\n|move|p1a: Palafin|Wave Crash|p2b: Gholdengo\n|-activate|p2b: Gholdengo|move: Protect\n|\n|upkeep\n|turn|6\n|\n|t:|1682361916\n|move|p1b: Arcanine|Flare Blitz|p2b: Gholdengo\n|-supereffective|p2b: Gholdengo\n|-damage|p2b: Gholdengo|34\/100\n|-damage|p1b: Arcanine|76\/100|[from] Recoil\n|move|p2a: Gyarados|Waterfall|p1b: Arcanine\n|-supereffective|p1b: Arcanine\n|-damage|p1b: Arcanine|0 fnt\n|faint|p1b: Arcanine\n|move|p2b: Gholdengo|Make It Rain|p1a: Palafin\n|-supereffective|p1a: Palafin\n|-damage|p1a: Palafin|0 fnt\n|-unboost|p2b: Gholdengo|spa|1\n|faint|p1a: Palafin\n|-damage|p2b: Gholdengo|24\/100|[from] item: Life Orb\n|\n|upkeep\n|\n|t:|1682361921\n|switch|p1b: Flutter Mane|Flutter Mane, L50|100\/100\n|turn|7\n|\n|t:|1682361925\n|move|p1b: Flutter Mane|Dazzling Gleam|p2b: Gholdengo|[spread] p2a,p2b\n|-resisted|p2b: Gholdengo\n|-crit|p2b: Gholdengo\n|-damage|p2a: Gyarados|62\/100\n|-damage|p2b: Gholdengo|0 fnt\n|faint|p2b: Gholdengo\n|move|p2a: Gyarados|Waterfall|p1b: Flutter Mane\n|-damage|p1b: Flutter Mane|13\/100\n|\n|upkeep\n|turn|8\n|\n|t:|1682361948\n|move|p1b: Flutter Mane|Dazzling Gleam|p2a: Gyarados\n|-damage|p2a: Gyarados|3\/100\n|-enditem|p2a: Gyarados|Sitrus Berry|[eat]\n|-heal|p2a: Gyarados|28\/100|[from] item: Sitrus Berry\n|move|p2a: Gyarados|Waterfall|p1b: Flutter Mane\n|-damage|p1b: Flutter Mane|0 fnt\n|faint|p1b: Flutter Mane\n|-end|p1b: Flutter Mane|Protosynthesis|[silent]\n|\n|win|That_Leek\n|raw|dagrzekrom's rating: 1314 → 1295<\/strong> (-19 for losing)\n|raw|That_Leek's rating: 1340 → 1359<\/strong> (+19 for winning)\n|l|\u2606dagrzekrom\n|l|\u2606That_Leek\n|j|\u2606That_Leek\n|player|p2|That_Leek|blue-masters\n","uploadtime":1682361964,"views":14,"p1id":"dagrzekrom","p2id":"thatleek","formatid":"gen9vgc2023regulationc","rating":1295,"private":0,"password":""}