{"id":"gen9vgc2023regulationc-1851409182","p1":"KB1107","p2":"icedragonkid105","format":"[Gen 9] VGC 2023 Regulation C","log":"|j|\u2606KB1107\n|j|\u2606icedragonkid105\n|t:|1682442804\n|gametype|doubles\n|player|p1|KB1107|hugh|1117\n|player|p2|icedragonkid105|101|1159\n|teamsize|p1|6\n|teamsize|p2|6\n|gen|9\n|tier|[Gen 9] VGC 2023 Regulation C\n|rated|\n|rule|Species Clause: Limit one of each Pok\u00e9mon\n|rule|Item Clause: Limit one of each item\n|clearpoke\n|poke|p1|Torkoal, L50, M|\n|poke|p1|Lilligant, L50, F|\n|poke|p1|Amoonguss, L50, M|\n|poke|p1|Kingambit, L50, F|\n|poke|p1|Cetitan, L50, F|\n|poke|p1|Flutter Mane, L50|\n|poke|p2|Baxcalibur, L50, M|\n|poke|p2|Flutter Mane, L50|\n|poke|p2|Chi-Yu, L50|\n|poke|p2|Gastrodon-East, L50, F|\n|poke|p2|Iron Bundle, L50|\n|poke|p2|Arcanine, L50, M|\n|teampreview|4\n|inactive|Battle timer is ON: inactive players will automatically lose when time's up. (requested by KB1107)\nKB1107 rejected open team sheets.\n|\n|t:|1682442842\n|start\n|switch|p1a: Amoonguss|Amoonguss, L50, M|100\/100\n|switch|p1b: Cetitan|Cetitan, L50, F|100\/100\n|switch|p2a: K-9|Arcanine, L50, M|100\/100\n|switch|p2b: Glacius|Baxcalibur, L50, M|100\/100\n|-ability|p2a: K-9|Intimidate|boost\n|-unboost|p1a: Amoonguss|atk|1\n|-unboost|p1b: Cetitan|atk|1\n|turn|1\n|\n|t:|1682442859\n|move|p1a: Amoonguss|Rage Powder|p1a: Amoonguss\n|-singleturn|p1a: Amoonguss|move: Rage Powder\n|move|p2a: K-9|Howl|p2a: K-9|[spread] p2a,p2b\n|-boost|p2a: K-9|atk|1\n|-boost|p2b: Glacius|atk|1\n|move|p2b: Glacius|Icicle Crash|p1a: Amoonguss\n|-supereffective|p1a: Amoonguss\n|-damage|p1a: Amoonguss|0 fnt\n|faint|p1a: Amoonguss\n|move|p1b: Cetitan|Belly Drum|p1b: Cetitan\n|-damage|p1b: Cetitan|50\/100\n|-setboost|p1b: Cetitan|atk|6|[from] move: Belly Drum\n|-enditem|p1b: Cetitan|Sitrus Berry|[eat]\n|-heal|p1b: Cetitan|75\/100|[from] item: Sitrus Berry\n|\n|upkeep\n|\n|t:|1682442875\n|switch|p1a: Lilligant|Lilligant, L50, F|100\/100\n|turn|2\n|\n|t:|1682442895\n|move|p1a: Lilligant|Protect|p1a: Lilligant\n|-singleturn|p1a: Lilligant|Protect\n|move|p2a: K-9|Flare Blitz|p1b: Cetitan\n|-supereffective|p1b: Cetitan\n|-damage|p1b: Cetitan|0 fnt\n|faint|p1b: Cetitan\n|-damage|p2a: K-9|60\/100|[from] Recoil\n|move|p2b: Glacius|Glaive Rush|p1a: Lilligant\n|-activate|p1a: Lilligant|move: Protect\n|\n|upkeep\n|\n|t:|1682442906\n|switch|p1b: Torkoal|Torkoal, L50, M|100\/100\n|-weather|SunnyDay|[from] ability: Drought|[of] p1b: Torkoal\n|turn|3\n|\n|t:|1682442914\n|move|p2a: K-9|Extreme Speed|p1b: Torkoal\n|-damage|p1b: Torkoal|72\/100\n|move|p2b: Glacius|Ice Shard|p1b: Torkoal\n|-resisted|p1b: Torkoal\n|-damage|p1b: Torkoal|58\/100\n|move|p1a: Lilligant|After You|p1b: Torkoal\n|-activate|p1b: Torkoal|move: After You\n|move|p1b: Torkoal|Eruption|p2b: Glacius|[spread] p2a,p2b\n|-resisted|p2a: K-9\n|-damage|p2a: K-9|27\/100\n|-damage|p2b: Glacius|53\/100\n|-ability|p2b: Glacius|Thermal Exchange|boost\n|-boost|p2b: Glacius|atk|1\n|\n|-weather|SunnyDay|[upkeep]\n|upkeep\n|turn|4\n|\n|t:|1682442938\n|-terastallize|p1b: Torkoal|Fire\n|move|p2a: K-9|Extreme Speed|p1a: Lilligant\n|-damage|p1a: Lilligant|38\/100\n|move|p2b: Glacius|Ice Shard|p1a: Lilligant\n|-supereffective|p1a: Lilligant\n|-damage|p1a: Lilligant|0 fnt\n|faint|p1a: Lilligant\n|move|p1b: Torkoal|Eruption|p2a: K-9|[spread] p2a,p2b\n|-resisted|p2a: K-9\n|-damage|p2a: K-9|0 fnt\n|-damage|p2b: Glacius|0 fnt\n|faint|p2a: K-9\n|faint|p2b: Glacius\n|\n|-weather|SunnyDay|[upkeep]\n|upkeep\n|\n|t:|1682442954\n|switch|p2a: Rouge|Flutter Mane, L50, shiny|100\/100\n|switch|p2b: Wreckingball|Chi-Yu, L50|100\/100\n|-ability|p2b: Wreckingball|Beads of Ruin\n|-activate|p2a: Rouge|ability: Protosynthesis\n|-start|p2a: Rouge|protosynthesisspe\n|turn|5\n|-message|KB1107 forfeited.\n|\n|win|icedragonkid105\n|raw|KB1107's rating: 1117 → 1095<\/strong> (-22 for losing)\n|raw|icedragonkid105's rating: 1159 → 1181<\/strong> (+22 for winning)\n|l|\u2606KB1107\n","uploadtime":1682442972,"views":8,"p1id":"kb1107","p2id":"icedragonkid105","formatid":"gen9vgc2023regulationc","rating":1095,"private":0,"password":""}