{"id":"gen9vgc2023regulationc-1860032602","p1":"zachleft","p2":"StormBirdAR!081","format":"[Gen 9] VGC 2023 Regulation C","log":"|j|\u2606zachleft\n|j|\u2606StormBirdAR!081\n|t:|1683587322\n|gametype|doubles\n|player|p1|zachleft|102|1067\n|player|p2|StormBirdAR!081|2|1020\n|teamsize|p1|6\n|teamsize|p2|6\n|gen|9\n|tier|[Gen 9] VGC 2023 Regulation C\n|rated|\n|rule|Species Clause: Limit one of each Pok\u00e9mon\n|rule|Item Clause: Limit one of each item\n|clearpoke\n|poke|p1|Iron Valiant, L50|\n|poke|p1|Abomasnow, L50, M|\n|poke|p1|Arcanine, L50, M|\n|poke|p1|Annihilape, L50, F|\n|poke|p1|Muk, L50, M|\n|poke|p1|Azumarill, L50, F|\n|poke|p2|Salamence, L50, F|\n|poke|p2|Scovillain, L50, M|\n|poke|p2|Iron Valiant, L50|\n|poke|p2|Pawmot, L50, M|\n|poke|p2|Torkoal, L50, M|\n|poke|p2|Indeedee-F, L50, F|\n|teampreview|4\nStormBirdAR!081 has agreed to open team sheets.\n|inactive|Battle timer is ON: inactive players will automatically lose when time's up. (requested by StormBirdAR!081)\n|inactive|zachleft has 60 seconds left.\n|inactive|zachleft has 30 seconds left.\n|inactive|zachleft has 20 seconds left.\n|inactive|zachleft has 15 seconds left.\n|inactive|zachleft has 10 seconds left.\n|inactive|zachleft has 5 seconds left.\n|\n|t:|1683587435\n|start\n|switch|p1a: Iron Valiant|Iron Valiant, L50|100\/100\n|switch|p1b: Abomasnow|Abomasnow, L50, M|100\/100\n|switch|p2a: Torkoal|Torkoal, L50, M|100\/100\n|switch|p2b: Salamence|Salamence, L50, F|100\/100\n|-weather|Snow|[from] ability: Snow Warning|[of] p1b: Abomasnow\n|-weather|SunnyDay|[from] ability: Drought|[of] p2a: Torkoal\n|-enditem|p1a: Iron Valiant|Booster Energy\n|-activate|p1a: Iron Valiant|ability: Quark Drive|[fromitem]\n|-start|p1a: Iron Valiant|quarkdrivespe\n|turn|1\n|\n|t:|1683587456\n|-terastallize|p2b: Salamence|Steel\n|move|p1a: Iron Valiant|Hypnosis|p2a: Torkoal\n|-status|p2a: Torkoal|slp|[from] move: Hypnosis\n|move|p2b: Salamence|Tailwind|p2b: Salamence\n|-sidestart|p2: StormBirdAR!081|move: Tailwind\n|move|p1b: Abomasnow|Aurora Veil||[still]\n|-fail|p1b: Abomasnow\n|cant|p2a: Torkoal|slp\n|\n|-weather|SunnyDay|[upkeep]\n|upkeep\n|turn|2\n|inactive|StormBirdAR!081 has 30 seconds left.\n|inactive|StormBirdAR!081 has 20 seconds left.\n|\n|t:|1683587494\n|switch|p1b: Arcanine|Arcanine, L50, M|100\/100\n|-ability|p1b: Arcanine|Intimidate|boost\n|-unboost|p2a: Torkoal|atk|1\n|-unboost|p2b: Salamence|atk|1\n|move|p2b: Salamence|Protect|p2b: Salamence\n|-singleturn|p2b: Salamence|Protect\n|move|p1a: Iron Valiant|Hypnosis|p2b: Salamence\n|-activate|p2b: Salamence|move: Protect\n|cant|p2a: Torkoal|slp\n|\n|-weather|SunnyDay|[upkeep]\n|upkeep\n|turn|3\n|\n|t:|1683587513\n|move|p2b: Salamence|Earthquake|p1a: Iron Valiant|[spread] p2a,p1a,p1b\n|-supereffective|p2a: Torkoal\n|-crit|p2a: Torkoal\n|-supereffective|p1b: Arcanine\n|-damage|p2a: Torkoal|40\/100 slp\n|-damage|p1a: Iron Valiant|84\/100\n|-damage|p1b: Arcanine|62\/100\n|-enditem|p2a: Torkoal|Eject Button\n|\n|t:|1683587523\n|switch|p2a: Indeedee|Indeedee-F, L50, F|100\/100\n|-fieldstart|move: Psychic Terrain|[from] ability: Psychic Surge|[of] p2a: Indeedee\n|move|p1a: Iron Valiant|Hex|p2a: Indeedee\n|-immune|p2a: Indeedee\n|move|p1b: Arcanine|Flare Blitz|p2a: Indeedee\n|-damage|p2a: Indeedee|0 fnt\n|faint|p2a: Indeedee\n|-damage|p1b: Arcanine|32\/100|[from] Recoil\n|\n|-weather|SunnyDay|[upkeep]\n|upkeep\n|\n|t:|1683587537\n|switch|p2a: Scovillain|Scovillain, L50, M|100\/100\n|turn|4\n|\n|t:|1683587545\n|move|p2a: Scovillain|Spicy Extract|p1a: Iron Valiant\n|-boost|p1a: Iron Valiant|atk|2\n|-unboost|p1a: Iron Valiant|def|2\n|-enditem|p2b: Salamence|Mirror Herb\n|-boost|p2b: Salamence|atk|2|[from] item: Mirror Herb\n|move|p2b: Salamence|Earthquake|p1a: Iron Valiant|[spread] p2a,p1a,p1b\n|-crit|p2a: Scovillain\n|-supereffective|p1b: Arcanine\n|-damage|p2a: Scovillain|0 fnt\n|-damage|p1a: Iron Valiant|1\/100\n|-damage|p1b: Arcanine|0 fnt\n|faint|p2a: Scovillain\n|faint|p1b: Arcanine\n|-ability|p2b: Salamence|Moxie|boost\n|-boost|p2b: Salamence|atk|2\n|move|p1a: Iron Valiant|Hypnosis|p2b: Salamence|[miss]\n|-miss|p1a: Iron Valiant|p2b: Salamence\n|\n|-weather|SunnyDay|[upkeep]\n|-sideend|p2: StormBirdAR!081|move: Tailwind\n|upkeep\n|\n|t:|1683587562\n|switch|p2a: Torkoal|Torkoal, L50, M|40\/100 slp\n|switch|p1b: Abomasnow|Abomasnow, L50, M|100\/100\n|-weather|Snow|[from] ability: Snow Warning|[of] p1b: Abomasnow\n|-weather|SunnyDay|[from] ability: Drought|[of] p2a: Torkoal\n|turn|5\n|\n|t:|1683587582\n|switch|p1b: Annihilape|Annihilape, L50, F|100\/100\n|move|p1a: Iron Valiant|Hypnosis|p2b: Salamence\n|-status|p2b: Salamence|slp|[from] move: Hypnosis\n|cant|p2b: Salamence|slp\n|-curestatus|p2a: Torkoal|slp|[msg]\n|move|p2a: Torkoal|Overheat|p1b: Annihilape\n|-crit|p1b: Annihilape\n|-damage|p1b: Annihilape|30\/100\n|-unboost|p2a: Torkoal|spa|2\n|\n|-weather|SunnyDay|[upkeep]\n|upkeep\n|turn|6\n|inactive|zachleft has 30 seconds left.\n|\n|t:|1683587610\n|-curestatus|p2b: Salamence|slp|[msg]\n|move|p2b: Salamence|Protect|p2b: Salamence\n|-singleturn|p2b: Salamence|Protect\n|move|p1a: Iron Valiant|Hypnosis|p2a: Torkoal\n|-status|p2a: Torkoal|slp|[from] move: Hypnosis\n|move|p1b: Annihilape|Drain Punch|p2b: Salamence\n|-activate|p2b: Salamence|move: Protect\n|cant|p2a: Torkoal|slp\n|\n|-weather|SunnyDay|[upkeep]\n|upkeep\n|turn|7\n|\n|t:|1683587625\n|move|p1a: Iron Valiant|Hypnosis|p2b: Salamence|[miss]\n|-miss|p1a: Iron Valiant|p2b: Salamence\n|move|p2b: Salamence|Earthquake|p1a: Iron Valiant|[spread] p2a,p1a,p1b\n|-supereffective|p2a: Torkoal\n|-damage|p2a: Torkoal|0 fnt\n|-damage|p1a: Iron Valiant|0 fnt\n|-damage|p1b: Annihilape|0 fnt\n|faint|p2a: Torkoal\n|faint|p1a: Iron Valiant\n|-end|p1a: Iron Valiant|Quark Drive|[silent]\n|faint|p1b: Annihilape\n|-ability|p2b: Salamence|Moxie|boost\n|-boost|p2b: Salamence|atk|3\n|\n|-weather|SunnyDay|[upkeep]\n|-fieldend|move: Psychic Terrain\n|upkeep\n|\n|t:|1683587637\n|switch|p1b: Abomasnow|Abomasnow, L50, M|100\/100\n|-weather|Snow|[from] ability: Snow Warning|[of] p1b: Abomasnow\n|turn|8\n|\n|t:|1683587641\n|move|p2b: Salamence|Rock Slide|p1b: Abomasnow\n|-supereffective|p1b: Abomasnow\n|-damage|p1b: Abomasnow|0 fnt\n|faint|p1b: Abomasnow\n|\n|win|StormBirdAR!081\n|raw|zachleft's rating: 1067 → 1044<\/strong> (-23 for losing)\n|raw|StormBirdAR!081's rating: 1020 → 1062<\/strong> (+42 for winning)\n|l|\u2606zachleft\n","uploadtime":1683587649,"views":17,"p1id":"zachleft","p2id":"stormbirdar081","formatid":"gen9vgc2023regulationc","rating":1044,"private":0,"password":""}