{"id":"gen9vgc2023regulationc-1860685539","p1":"Gpdos","p2":"ModestOddish","format":"[Gen 9] VGC 2023 Regulation C","log":"|j|\u2606Gpdos\n|j|\u2606ModestOddish\n|t:|1683666101\n|gametype|doubles\n|player|p1|Gpdos|cynthia|1000\n|player|p2|ModestOddish|lance|1086\n|teamsize|p1|6\n|teamsize|p2|6\n|gen|9\n|tier|[Gen 9] VGC 2023 Regulation C\n|rated|\n|rule|Species Clause: Limit one of each Pok\u00e9mon\n|rule|Item Clause: Limit one of each item\n|clearpoke\n|poke|p1|Annihilape, L50, M|\n|poke|p1|Maushold-Four, L50|\n|poke|p1|Meowscarada, L50, F|\n|poke|p1|Murkrow, L50, F|\n|poke|p1|Dondozo, L50, M|\n|poke|p1|Tatsugiri, L50, F|\n|poke|p2|Wo-Chien, L50|\n|poke|p2|Glimmora, L50, F|\n|poke|p2|Flutter Mane, L50|\n|poke|p2|Gyarados, L50, F|\n|poke|p2|Indeedee-F, L50, F|\n|poke|p2|Armarouge, L50, F|\n|teampreview|4\n|\n|t:|1683666142\n|start\n|switch|p1a: Murkrow|Murkrow, L50, F|100\/100\n|switch|p1b: Annihilape|Annihilape, L50, M, shiny|100\/100\n|switch|p2a: Flutter Mane|Flutter Mane, L50|100\/100\n|switch|p2b: Wo-Chien|Wo-Chien, L50|100\/100\n|-ability|p2b: Wo-Chien|Tablets of Ruin\n|-enditem|p2a: Flutter Mane|Booster Energy\n|-activate|p2a: Flutter Mane|ability: Protosynthesis|[fromitem]\n|-start|p2a: Flutter Mane|protosynthesisspe\n|turn|1\n|\n|t:|1683666160\n|-terastallize|p1b: Annihilape|Poison\n|move|p1a: Murkrow|Tailwind|p1a: Murkrow\n|-sidestart|p1: Gpdos|move: Tailwind\n|move|p2a: Flutter Mane|Thunderbolt|p1a: Murkrow\n|-supereffective|p1a: Murkrow\n|-damage|p1a: Murkrow|29\/100\n|move|p1b: Annihilape|Poison Jab|p2a: Flutter Mane\n|-damage|p2a: Flutter Mane|25\/100\n|move|p2b: Wo-Chien|Leech Seed|p1b: Annihilape\n|-start|p1b: Annihilape|move: Leech Seed\n|\n|-damage|p1b: Annihilape|88\/100|[from] Leech Seed|[of] p2b: Wo-Chien\n|upkeep\n|turn|2\n|\n|t:|1683666180\n|move|p1a: Murkrow|Protect|p1a: Murkrow\n|-singleturn|p1a: Murkrow|Protect\n|move|p2a: Flutter Mane|Protect|p2a: Flutter Mane\n|-singleturn|p2a: Flutter Mane|Protect\n|move|p1b: Annihilape|Poison Jab|p2a: Flutter Mane\n|-activate|p2a: Flutter Mane|move: Protect\n|move|p2b: Wo-Chien|Leech Seed|p1a: Murkrow\n|-activate|p1a: Murkrow|move: Protect\n|\n|-damage|p1b: Annihilape|75\/100|[from] Leech Seed|[of] p2b: Wo-Chien\n|upkeep\n|turn|3\n|\n|t:|1683666202\n|-end|p2a: Flutter Mane|Protosynthesis|[silent]\n|switch|p2a: Glimmora|Glimmora, L50, F|100\/100\n|move|p1a: Murkrow|Brave Bird|p2b: Wo-Chien\n|-supereffective|p2b: Wo-Chien\n|-damage|p2b: Wo-Chien|57\/100\n|-damage|p1a: Murkrow|12\/100|[from] Recoil\n|move|p1b: Annihilape|Poison Jab|p2a: Glimmora\n|-resisted|p2a: Glimmora\n|-damage|p2a: Glimmora|92\/100\n|-activate|p2a: Glimmora|ability: Toxic Debris\n|-sidestart|p1: Gpdos|move: Toxic Spikes\n|move|p2b: Wo-Chien|Leech Seed|p1a: Murkrow\n|-start|p1a: Murkrow|move: Leech Seed\n|\n|-heal|p2b: Wo-Chien|63\/100|[from] item: Leftovers\n|-damage|p1a: Murkrow|0 fnt|[from] Leech Seed|[of] p2b: Wo-Chien\n|-heal|p2b: Wo-Chien|73\/100|[silent]\n|faint|p1a: Murkrow\n|-damage|p1b: Annihilape|63\/100|[from] Leech Seed|[of] p2b: Wo-Chien\n|-heal|p2b: Wo-Chien|86\/100|[silent]\n|upkeep\n|\n|t:|1683666212\n|switch|p1a: Maushold|Maushold-Four, L50, shiny|100\/100\n|-status|p1a: Maushold|psn\n|turn|4\n|\n|t:|1683666237\n|move|p1a: Maushold|Helping Hand|p1b: Annihilape\n|-singleturn|p1b: Annihilape|Helping Hand|[of] p1a: Maushold\n|move|p2a: Glimmora|Spiky Shield|p2a: Glimmora\n|-singleturn|p2a: Glimmora|move: Protect\n|move|p1b: Annihilape|Drain Punch|p2b: Wo-Chien\n|-supereffective|p2b: Wo-Chien\n|-damage|p2b: Wo-Chien|17\/100\n|-heal|p1b: Annihilape|96\/100|[from] drain|[of] p2b: Wo-Chien\n|move|p2b: Wo-Chien|Ruination|p1a: Maushold\n|-damage|p1a: Maushold|51\/100 psn\n|\n|-heal|p2b: Wo-Chien|23\/100|[from] item: Leftovers\n|-damage|p1b: Annihilape|83\/100|[from] Leech Seed|[of] p2b: Wo-Chien\n|-heal|p2b: Wo-Chien|36\/100|[silent]\n|-damage|p1a: Maushold|39\/100 psn|[from] psn\n|-sideend|p1: Gpdos|move: Tailwind\n|upkeep\n|turn|5\n|\n|t:|1683666267\n|move|p2b: Wo-Chien|Protect|p2b: Wo-Chien\n|-singleturn|p2b: Wo-Chien|Protect\n|move|p1a: Maushold|Beat Up|p1b: Annihilape\n|-damage|p1b: Annihilape|82\/100\n|-damage|p1b: Annihilape|81\/100\n|-damage|p1b: Annihilape|79\/100\n|-hitcount|p1b: Annihilape|3\n|move|p2a: Glimmora|Earth Power|p1b: Annihilape\n|-supereffective|p1b: Annihilape\n|-damage|p1b: Annihilape|28\/100\n|move|p1b: Annihilape|Bulk Up|p1b: Annihilape\n|-boost|p1b: Annihilape|atk|1\n|-boost|p1b: Annihilape|def|1\n|\n|-heal|p2b: Wo-Chien|43\/100|[from] item: Leftovers\n|-damage|p1b: Annihilape|15\/100|[from] Leech Seed|[of] p2b: Wo-Chien\n|-heal|p2b: Wo-Chien|56\/100|[silent]\n|-damage|p1a: Maushold|26\/100 psn|[from] psn\n|upkeep\n|-enditem|p1b: Annihilape|Aguav Berry|[eat]\n|-heal|p1b: Annihilape|48\/100|[from] item: Aguav Berry\n|turn|6\n|\n|t:|1683666306\n|move|p2a: Glimmora|Spiky Shield|p2a: Glimmora\n|-singleturn|p2a: Glimmora|move: Protect\n|move|p1a: Maushold|Follow Me|p1a: Maushold\n|-singleturn|p1a: Maushold|move: Follow Me\n|move|p1b: Annihilape|Drain Punch|p2a: Glimmora\n|-activate|p2a: Glimmora|move: Protect\n|-damage|p1b: Annihilape|36\/100|[from] Spiky Shield|[of] p2a: Glimmora\n|move|p2b: Wo-Chien|Leech Seed|p1a: Maushold\n|-start|p1a: Maushold|move: Leech Seed\n|\n|-heal|p2b: Wo-Chien|62\/100|[from] item: Leftovers\n|-damage|p1a: Maushold|14\/100 psn|[from] Leech Seed|[of] p2b: Wo-Chien\n|-heal|p2b: Wo-Chien|73\/100|[silent]\n|-damage|p1b: Annihilape|23\/100|[from] Leech Seed|[of] p2b: Wo-Chien\n|-heal|p2b: Wo-Chien|86\/100|[silent]\n|-damage|p1a: Maushold|2\/100 psn|[from] psn\n|upkeep\n|turn|7\n|\n|t:|1683666355\n|-terastallize|p2a: Glimmora|Ground\n|move|p1a: Maushold|Helping Hand|p1b: Annihilape\n|-singleturn|p1b: Annihilape|Helping Hand|[of] p1a: Maushold\n|move|p2a: Glimmora|Earth Power|p1b: Annihilape\n|-supereffective|p1b: Annihilape\n|-damage|p1b: Annihilape|0 fnt\n|faint|p1b: Annihilape\n|move|p2b: Wo-Chien|Pollen Puff|p2a: Glimmora\n|-heal|p2a: Glimmora|100\/100\n|\n|-heal|p2b: Wo-Chien|93\/100|[from] item: Leftovers\n|-damage|p1a: Maushold|0 fnt|[from] Leech Seed|[of] p2b: Wo-Chien\n|-heal|p2b: Wo-Chien|94\/100|[silent]\n|faint|p1a: Maushold\n|upkeep\n|-message|Gpdos forfeited.\n|\n|win|ModestOddish\n|raw|Gpdos's rating: 1000 → 1000<\/strong> (+0 for losing)\n|raw|ModestOddish's rating: 1086 → 1107<\/strong> (+21 for winning)\n|l|\u2606Gpdos\n","uploadtime":1683666379,"views":16,"p1id":"gpdos","p2id":"modestoddish","formatid":"gen9vgc2023regulationc","rating":1000,"private":0,"password":""}