{"id":"gen9vgc2023regulationc-1844942900","p1":"flameingpigey2","p2":"Keveloper","format":"[Gen 9] VGC 2023 Regulation C","log":"|j|\u2606flameingpigey2\n|j|\u2606Keveloper\n|t:|1681666609\n|gametype|doubles\n|player|p1|flameingpigey2|hilbert-wonderlauncher|\n|player|p2|Keveloper|lusamine-nihilego|\n|teamsize|p1|6\n|teamsize|p2|6\n|gen|9\n|tier|[Gen 9] VGC 2023 Regulation C\n|rule|Species Clause: Limit one of each Pok\u00e9mon\n|rule|Item Clause: Limit one of each item\n|clearpoke\n|poke|p1|Brute Bonnet, L50|\n|poke|p1|Chi-Yu, L50|\n|poke|p1|Great Tusk, L50|\n|poke|p1|Flutter Mane, L50|\n|poke|p1|Gastrodon-East, L50, M|\n|poke|p1|Murkrow, L50, F|\n|poke|p2|Salamence, L50, M|\n|poke|p2|Amoonguss, L50, F|\n|poke|p2|Palafin, L50, M|\n|poke|p2|Ceruledge, L50, F|\n|poke|p2|Flutter Mane, L50|\n|poke|p2|Ting-Lu, L50|\n|teampreview|4\nflameingpigey2 has agreed to open team sheets.\n|c|\u2606Keveloper|now full power, glhf\nKeveloper has agreed to open team sheets.\n|c|\u2606Keveloper|G3\n|c|\u2606flameingpigey2|great luck, have the time of ur life\n|c|\u2606Keveloper|let's gooooooo\n|\n|t:|1681666731\n|start\n|switch|p1a: Murkrow|Murkrow, L50, F|100\/100\n|switch|p1b: Great Tusk|Great Tusk, L50|100\/100\n|switch|p2a: Palafin|Palafin, L50, M|100\/100\n|switch|p2b: Ceruledge|Ceruledge, L50, F|100\/100\n|turn|1\n|\n|t:|1681666818\n|detailschange|p2a: Palafin|Palafin-Hero, L50, M\n|switch|p2a: Salamence|Salamence, L50, M|100\/100\n|-ability|p2a: Salamence|Intimidate|boost\n|-unboost|p1a: Murkrow|atk|1\n|-unboost|p1b: Great Tusk|atk|1\n|-terastallize|p2b: Ceruledge|Grass\n|move|p1b: Great Tusk|Headlong Rush|p2a: Salamence\n|-immune|p2a: Salamence\n|move|p2b: Ceruledge|Bitter Blade|p1b: Great Tusk\n|-damage|p1b: Great Tusk|51\/100\n|-damage|p2b: Ceruledge|91\/100|[from] item: Life Orb\n|move|p1a: Murkrow|Brave Bird|p2b: Ceruledge\n|-supereffective|p2b: Ceruledge\n|-damage|p2b: Ceruledge|23\/100\n|-damage|p1a: Murkrow|78\/100|[from] Recoil\n|\n|upkeep\n|turn|2\n|\n|t:|1681666861\n|switch|p2b: Palafin|Palafin-Hero, L50, M|100\/100\n|-activate|p2b: Palafin|ability: Zero to Hero\n|move|p1a: Murkrow|Tailwind|p1a: Murkrow\n|-sidestart|p1: flameingpigey2|move: Tailwind\n|move|p1b: Great Tusk|Ice Spinner|p2b: Palafin\n|-resisted|p2b: Palafin\n|-damage|p2b: Palafin|93\/100\n|move|p2a: Salamence|Air Slash|p1b: Great Tusk\n|-supereffective|p1b: Great Tusk\n|-damage|p1b: Great Tusk|0 fnt\n|faint|p1b: Great Tusk\n|-end|p1b: Great Tusk|Protosynthesis|[silent]\n|\n|upkeep\n|\n|t:|1681666879\n|switch|p1b: Flutter Mane|Flutter Mane, L50|100\/100\n|turn|3\n|\n|t:|1681666911\n|switch|p2a: Ting-Lu|Ting-Lu, L50|100\/100\n|-ability|p2a: Ting-Lu|Vessel of Ruin\n|-terastallize|p1b: Flutter Mane|Grass\n|move|p1a: Murkrow|Sunny Day|p1a: Murkrow\n|-weather|SunnyDay\n|-activate|p1b: Flutter Mane|ability: Protosynthesis\n|-start|p1b: Flutter Mane|protosynthesisspa\n|move|p2b: Palafin|Jet Punch|p1b: Flutter Mane\n|-resisted|p1b: Flutter Mane\n|-damage|p1b: Flutter Mane|76\/100\n|move|p1b: Flutter Mane|Dazzling Gleam|p2a: Ting-Lu|[spread] p2a,p2b\n|-supereffective|p2a: Ting-Lu\n|-damage|p2a: Ting-Lu|68\/100\n|-damage|p2b: Palafin|57\/100\n|\n|-weather|SunnyDay|[upkeep]\n|upkeep\n|turn|4\n|\n|t:|1681666955\n|switch|p1a: Chi-Yu|Chi-Yu, L50|100\/100\n|-ability|p1a: Chi-Yu|Beads of Ruin\n|move|p2b: Palafin|Protect|p2b: Palafin\n|-singleturn|p2b: Palafin|Protect\n|move|p1b: Flutter Mane|Moonblast|p2b: Palafin\n|-activate|p2b: Palafin|move: Protect\n|move|p2a: Ting-Lu|Heavy Slam|p1b: Flutter Mane\n|-damage|p1b: Flutter Mane|16\/100\n|\n|-weather|SunnyDay|[upkeep]\n|upkeep\n|turn|5\n|\n|t:|1681667000\n|-end|p1b: Flutter Mane|Protosynthesis|[silent]\n|switch|p1b: Murkrow|Murkrow, L50, F|78\/100\n|move|p2b: Palafin|Jet Punch|p1b: Murkrow\n|-damage|p1b: Murkrow|53\/100\n|move|p1a: Chi-Yu|Dark Pulse|p2b: Palafin\n|-damage|p2b: Palafin|0 fnt\n|faint|p2b: Palafin\n|move|p2a: Ting-Lu|Stomping Tantrum|p1a: Chi-Yu\n|-supereffective|p1a: Chi-Yu\n|-damage|p1a: Chi-Yu|17\/100\n|\n|-weather|SunnyDay|[upkeep]\n|-sideend|p1: flameingpigey2|move: Tailwind\n|upkeep\n|\n|t:|1681667021\n|switch|p2b: Ceruledge|Ceruledge, L50, F, tera:Grass|23\/100\n|turn|6\n|\n|t:|1681667051\n|move|p2b: Ceruledge|Shadow Sneak|p1a: Chi-Yu\n|-resisted|p1a: Chi-Yu\n|-damage|p1a: Chi-Yu|0 fnt\n|faint|p1a: Chi-Yu\n|-damage|p2b: Ceruledge|13\/100|[from] item: Life Orb\n|move|p1b: Murkrow|Tailwind|p1b: Murkrow\n|-sidestart|p1: flameingpigey2|move: Tailwind\n|move|p2a: Ting-Lu|Heavy Slam|p1b: Murkrow\n|-damage|p1b: Murkrow|19\/100\n|\n|-weather|SunnyDay|[upkeep]\n|upkeep\n|\n|t:|1681667059\n|switch|p1a: Flutter Mane|Flutter Mane, L50, tera:Grass|16\/100\n|-activate|p1a: Flutter Mane|ability: Protosynthesis\n|-start|p1a: Flutter Mane|protosynthesisspa\n|turn|7\n|\n|t:|1681667098\n|move|p2b: Ceruledge|Shadow Sneak|p1b: Murkrow\n|-resisted|p1b: Murkrow\n|-damage|p1b: Murkrow|4\/100\n|-damage|p2b: Ceruledge|3\/100|[from] item: Life Orb\n|move|p1a: Flutter Mane|Moonblast|p2a: Ting-Lu\n|-supereffective|p2a: Ting-Lu\n|-damage|p2a: Ting-Lu|18\/100\n|move|p1b: Murkrow|Brave Bird|p2a: Ting-Lu\n|-damage|p2a: Ting-Lu|0 fnt\n|faint|p2a: Ting-Lu\n|-damage|p1b: Murkrow|0 fnt|[from] Recoil\n|faint|p1b: Murkrow\n|\n|-weather|none\n|-end|p1a: Flutter Mane|Protosynthesis\n|upkeep\n|\n|t:|1681667109\n|switch|p2a: Salamence|Salamence, L50, M|100\/100\n|-ability|p2a: Salamence|Intimidate|boost\n|-unboost|p1a: Flutter Mane|atk|1\n|turn|8\n|c|\u2606flameingpigey2|gg\n|c|\u2606Keveloper|gg\n|c|\u2606flameingpigey2|needed to get the hard read protect\n|\n|t:|1681667141\n|move|p2b: Ceruledge|Shadow Sneak|p1a: Flutter Mane\n|-damage|p1a: Flutter Mane|0 fnt\n|faint|p1a: Flutter Mane\n|-end|p1a: Flutter Mane|Protosynthesis|[silent]\n|-damage|p2b: Ceruledge|0 fnt|[from] item: Life Orb\n|faint|p2b: Ceruledge\n|\n|win|Keveloper\n|c|\u2606Keveloper|close games\n|c|\u2606Keveloper|turn 1 of this game was insane\n|c|\u2606flameingpigey2|yeah,\n|c|\u2606Keveloper|like it went so deep\n|c|\u2606flameingpigey2|shouldnt have wished u luck\n|c|\u2606Keveloper|you had the right idea from the beginning\n|c|\u2606Keveloper|damn, 5th place\n|c|\u2606flameingpigey2|top cut is 8 i think\n|c|\u2606Keveloper|oh wait it hasn't updated\n|c|\u2606Keveloper|you're #8 then\n|c|\u2606Keveloper|I'm #4\n|c|\u2606Keveloper|oh no it's top 4 cut\n","uploadtime":1681667292,"views":14,"p1id":"flameingpigey2","p2id":"keveloper","formatid":"gen9vgc2023regulationc","rating":0,"private":0,"password":""}