{"id":"gen9vgc2023regulationc-1852322996","p1":"Pandapalooza69420","p2":"WillieDangerously","format":"[Gen 9] VGC 2023 Regulation C","log":"|j|\u2606Pandapalooza69420\n|j|\u2606WillieDangerously\n|t:|1682543952\n|gametype|doubles\n|player|p1|Pandapalooza69420|101|1258\n|player|p2|WillieDangerously|psychic-gen4|1346\n|teamsize|p1|6\n|teamsize|p2|6\n|gen|9\n|tier|[Gen 9] VGC 2023 Regulation C\n|rated|\n|rule|Species Clause: Limit one of each Pok\u00e9mon\n|rule|Item Clause: Limit one of each item\n|clearpoke\n|poke|p1|Palafin, L50, M|\n|poke|p1|Arcanine, L50, M|\n|poke|p1|Amoonguss, L50, M|\n|poke|p1|Flutter Mane, L50|\n|poke|p1|Ting-Lu, L50|\n|poke|p1|Glimmora, L50, F|\n|poke|p2|Espathra, L50, F|\n|poke|p2|Iron Bundle, L50|\n|poke|p2|Iron Valiant, L50|\n|poke|p2|Salamence, L50, M|\n|poke|p2|Scizor, L50, M|\n|poke|p2|Sandy Shocks, L50|\n|teampreview|4\n|inactive|Battle timer is ON: inactive players will automatically lose when time's up. (requested by Pandapalooza69420)\n|inactive|WillieDangerously has 60 seconds left.\n|inactive|Pandapalooza69420 has 60 seconds left.\n|\n|t:|1682543999\n|start\n|switch|p1a: Palafin|Palafin, L50, M|100\/100\n|switch|p1b: Ting-Lu|Ting-Lu, L50|100\/100\n|switch|p2a: Sandy Shocks|Sandy Shocks, L50|100\/100\n|switch|p2b: Espathra|Espathra, L50, F|100\/100\n|-ability|p1b: Ting-Lu|Vessel of Ruin\n|-enditem|p2a: Sandy Shocks|Booster Energy\n|-activate|p2a: Sandy Shocks|ability: Protosynthesis|[fromitem]\n|-start|p2a: Sandy Shocks|protosynthesisspe\n|turn|1\n|\n|t:|1682544018\n|detailschange|p1a: Palafin|Palafin-Hero, L50, M\n|switch|p1a: Arcanine|Arcanine, L50, M|100\/100\n|-ability|p1a: Arcanine|Intimidate|boost\n|-unboost|p2a: Sandy Shocks|atk|1\n|-unboost|p2b: Espathra|atk|1\n|-terastallize|p2a: Sandy Shocks|Ghost\n|move|p2a: Sandy Shocks|Gravity|p2a: Sandy Shocks\n|-fieldstart|move: Gravity\n|move|p2b: Espathra|Hypnosis|p1b: Ting-Lu\n|-status|p1b: Ting-Lu|slp|[from] move: Hypnosis\n|cant|p1b: Ting-Lu|slp\n|\n|-ability|p2b: Espathra|Speed Boost|boost\n|-boost|p2b: Espathra|spe|1\n|upkeep\n|turn|2\n|\n|t:|1682544038\n|move|p2b: Espathra|Lumina Crash|p1a: Arcanine\n|-damage|p1a: Arcanine|78\/100\n|-unboost|p1a: Arcanine|spd|2\n|move|p2a: Sandy Shocks|Earth Power|p1a: Arcanine\n|-supereffective|p1a: Arcanine\n|-damage|p1a: Arcanine|0 fnt\n|faint|p1a: Arcanine\n|cant|p1b: Ting-Lu|slp\n|\n|-ability|p2b: Espathra|Speed Boost|boost\n|-boost|p2b: Espathra|spe|1\n|upkeep\n|\n|t:|1682544043\n|switch|p1a: Palafin|Palafin-Hero, L50, M|100\/100\n|-activate|p1a: Palafin|ability: Zero to Hero\n|turn|3\n|\n|t:|1682544066\n|move|p1a: Palafin|Protect|p1a: Palafin\n|-singleturn|p1a: Palafin|Protect\n|move|p2b: Espathra|Dazzling Gleam|p1b: Ting-Lu|[spread] p1b\n|-activate|p1a: Palafin|move: Protect\n|-supereffective|p1b: Ting-Lu\n|-damage|p1b: Ting-Lu|89\/100 slp\n|move|p2a: Sandy Shocks|Thunder|p1a: Palafin\n|-activate|p1a: Palafin|move: Protect\n|-curestatus|p1b: Ting-Lu|slp|[msg]\n|move|p1b: Ting-Lu|Stomping Tantrum|p2a: Sandy Shocks\n|-damage|p2a: Sandy Shocks|24\/100\n|\n|-ability|p2b: Espathra|Speed Boost|boost\n|-boost|p2b: Espathra|spe|1\n|upkeep\n|turn|4\n|\n|t:|1682544085\n|move|p2a: Sandy Shocks|Protect|p2a: Sandy Shocks\n|-singleturn|p2a: Sandy Shocks|Protect\n|move|p1a: Palafin|Jet Punch|p2a: Sandy Shocks\n|-activate|p2a: Sandy Shocks|move: Protect\n|move|p2b: Espathra|Hypnosis|p1a: Palafin\n|-status|p1a: Palafin|slp|[from] move: Hypnosis\n|move|p1b: Ting-Lu|Stomping Tantrum|p2b: Espathra\n|-damage|p2b: Espathra|55\/100\n|\n|-ability|p2b: Espathra|Speed Boost|boost\n|-boost|p2b: Espathra|spe|1\n|upkeep\n|turn|5\n|\n|t:|1682544100\n|switch|p1a: Amoonguss|Amoonguss, L50, M|100\/100\n|move|p2b: Espathra|Hypnosis|p1b: Ting-Lu\n|-status|p1b: Ting-Lu|slp|[from] move: Hypnosis\n|move|p2a: Sandy Shocks|Thunder|p1a: Amoonguss\n|-resisted|p1a: Amoonguss\n|-damage|p1a: Amoonguss|84\/100\n|cant|p1b: Ting-Lu|slp\n|\n|-fieldend|move: Gravity\n|-ability|p2b: Espathra|Speed Boost|boost\n|-boost|p2b: Espathra|spe|1\n|upkeep\n|turn|6\n|\n|t:|1682544115\n|move|p2b: Espathra|Protect|p2b: Espathra\n|-singleturn|p2b: Espathra|Protect\n|move|p1a: Amoonguss|Protect|p1a: Amoonguss\n|-singleturn|p1a: Amoonguss|Protect\n|move|p2a: Sandy Shocks|Gravity|p2a: Sandy Shocks\n|-fieldstart|move: Gravity\n|cant|p1b: Ting-Lu|slp\n|\n|-ability|p2b: Espathra|Speed Boost|boost\n|-boost|p2b: Espathra|spe|1\n|upkeep\n|turn|7\n|\n|t:|1682544129\n|-terastallize|p1a: Amoonguss|Water\n|move|p2b: Espathra|Lumina Crash|p1a: Amoonguss\n|-damage|p1a: Amoonguss|64\/100\n|-unboost|p1a: Amoonguss|spd|2\n|move|p2a: Sandy Shocks|Earth Power|p1a: Amoonguss\n|-damage|p1a: Amoonguss|13\/100\n|-enditem|p1a: Amoonguss|Sitrus Berry|[eat]\n|-heal|p1a: Amoonguss|38\/100|[from] item: Sitrus Berry\n|-curestatus|p1b: Ting-Lu|slp|[msg]\n|move|p1b: Ting-Lu|Stomping Tantrum|p2a: Sandy Shocks\n|-damage|p2a: Sandy Shocks|0 fnt\n|faint|p2a: Sandy Shocks\n|-end|p2a: Sandy Shocks|Protosynthesis|[silent]\n|move|p1a: Amoonguss|Spore|p2b: Espathra\n|-status|p2b: Espathra|slp|[from] move: Spore\n|\n|upkeep\n|\n|t:|1682544150\n|switch|p2a: Iron Valiant|Iron Valiant, L50|100\/100\n|turn|8\n|\n|t:|1682544163\n|cant|p2b: Espathra|slp\n|move|p2a: Iron Valiant|Focus Blast|p1a: Amoonguss\n|-damage|p1a: Amoonguss|0 fnt\n|faint|p1a: Amoonguss\n|move|p1b: Ting-Lu|Heavy Slam|p2a: Iron Valiant\n|-supereffective|p2a: Iron Valiant\n|-damage|p2a: Iron Valiant|7\/100\n|\n|upkeep\n|\n|t:|1682544168\n|switch|p1a: Palafin|Palafin-Hero, L50, M|100\/100 slp\n|turn|9\n|\n|t:|1682544178\n|cant|p1a: Palafin|slp\n|cant|p2b: Espathra|slp\n|move|p2a: Iron Valiant|Hypnosis|p1b: Ting-Lu\n|-status|p1b: Ting-Lu|slp|[from] move: Hypnosis\n|cant|p1b: Ting-Lu|slp\n|\n|upkeep\n|turn|10\n|\n|t:|1682544201\n|-end|p2a: Iron Valiant|Quark Drive|[silent]\n|switch|p2a: Scizor|Scizor, L50, M|100\/100\n|cant|p1a: Palafin|slp\n|-curestatus|p2b: Espathra|slp|[msg]\n|move|p2b: Espathra|Lumina Crash|p1a: Palafin\n|-damage|p1a: Palafin|75\/100 slp\n|-unboost|p1a: Palafin|spd|2\n|cant|p1b: Ting-Lu|slp\n|\n|-fieldend|move: Gravity\n|upkeep\n|turn|11\n|\n|t:|1682544218\n|-curestatus|p1a: Palafin|slp|[msg]\n|move|p1a: Palafin|Jet Punch|p2b: Espathra\n|-damage|p2b: Espathra|0 fnt\n|faint|p2b: Espathra\n|move|p2a: Scizor|Swords Dance|p2a: Scizor\n|-boost|p2a: Scizor|atk|2\n|cant|p1b: Ting-Lu|slp\n|\n|upkeep\n|\n|t:|1682544229\n|switch|p2b: Iron Valiant|Iron Valiant, L50|7\/100\n|turn|12\n|\n|t:|1682544236\n|move|p2b: Iron Valiant|Protect|p2b: Iron Valiant\n|-singleturn|p2b: Iron Valiant|Protect\n|move|p1a: Palafin|Jet Punch|p2b: Iron Valiant\n|-activate|p2b: Iron Valiant|move: Protect\n|move|p2a: Scizor|Pounce|p1b: Ting-Lu\n|-supereffective|p1b: Ting-Lu\n|-damage|p1b: Ting-Lu|0 fnt\n|faint|p1b: Ting-Lu\n|\n|upkeep\n|turn|13\n|\n|t:|1682544250\n|move|p1a: Palafin|Jet Punch|p2b: Iron Valiant\n|-damage|p2b: Iron Valiant|0 fnt\n|faint|p2b: Iron Valiant\n|-end|p2b: Iron Valiant|Quark Drive|[silent]\n|move|p2a: Scizor|Pounce|p1a: Palafin\n|-damage|p1a: Palafin|0 fnt\n|faint|p1a: Palafin\n|\n|win|WillieDangerously\n|raw|Pandapalooza69420's rating: 1258 → 1239<\/strong> (-19 for losing)\n|raw|WillieDangerously's rating: 1346 → 1361<\/strong> (+15 for winning)\n|l|\u2606Pandapalooza69420\n","uploadtime":1682544258,"views":8,"p1id":"pandapalooza69420","p2id":"williedangerously","formatid":"gen9vgc2023regulationc","rating":1239,"private":0,"password":""}