{"id":"gen9vgc2023regulationc-1850314049","p1":"Sumo'sWeenusVGC","p2":"Zestti","format":"[Gen 9] VGC 2023 Regulation C","log":"|j|\u2606Sumo'sWeenusVGC\n|j|\u2606Zestti\n|t:|1682316383\n|gametype|doubles\n|player|p1|Sumo'sWeenusVGC|colress|1140\n|player|p2|Zestti|170|1120\n|teamsize|p1|6\n|teamsize|p2|6\n|gen|9\n|tier|[Gen 9] VGC 2023 Regulation C\n|rated|\n|rule|Species Clause: Limit one of each Pok\u00e9mon\n|rule|Item Clause: Limit one of each item\n|clearpoke\n|poke|p1|Rotom-Wash, L50|\n|poke|p1|Amoonguss, L50, F|\n|poke|p1|Tauros-Paldea-Blaze, L50, M|\n|poke|p1|Dragonite, L50, F|\n|poke|p1|Gholdengo, L50|\n|poke|p1|Chi-Yu, L50|\n|poke|p2|Grimmsnarl, L50, M|\n|poke|p2|Gholdengo, L50|\n|poke|p2|Garganacl, L50, F|\n|poke|p2|Chien-Pao, L50|\n|poke|p2|Dragonite, L50, F|\n|poke|p2|Arcanine, L50, M|\n|teampreview|4\n|inactive|Battle timer is ON: inactive players will automatically lose when time's up. (requested by Sumo'sWeenusVGC)\nSumo'sWeenusVGC has agreed to open team sheets.\n|inactive|Sumo'sWeenusVGC has 60 seconds left.\n|inactive|Zestti has 60 seconds left.\n|\n|t:|1682316432\n|start\n|switch|p1a: Rotom|Rotom-Wash, L50, shiny|100\/100\n|switch|p1b: Chi-Yu|Chi-Yu, L50|100\/100\n|switch|p2a: Grimmsnarl|Grimmsnarl, L50, M|100\/100\n|switch|p2b: Gholdengo|Gholdengo, L50|100\/100\n|-ability|p1b: Chi-Yu|Beads of Ruin\n|turn|1\n|inactive|Sumo'sWeenusVGC has 30 seconds left.\n|\n|t:|1682316460\n|-terastallize|p2b: Gholdengo|Water\n|move|p2a: Grimmsnarl|Light Screen|p2a: Grimmsnarl\n|-sidestart|p2: Zestti|move: Light Screen\n|move|p1b: Chi-Yu|Dark Pulse|p2b: Gholdengo\n|-damage|p2b: Gholdengo|69\/100\n|move|p1a: Rotom|Nasty Plot|p1a: Rotom\n|-boost|p1a: Rotom|spa|2\n|move|p2b: Gholdengo|Nasty Plot|p2b: Gholdengo\n|-boost|p2b: Gholdengo|spa|2\n|\n|upkeep\n|turn|2\n|\n|t:|1682316483\n|-terastallize|p1a: Rotom|Electric\n|move|p1b: Chi-Yu|Dark Pulse|p2a: Grimmsnarl\n|-resisted|p2a: Grimmsnarl\n|-crit|p2a: Grimmsnarl\n|-damage|p2a: Grimmsnarl|87\/100\n|move|p1a: Rotom|Thunderbolt|p2b: Gholdengo\n|-supereffective|p2b: Gholdengo\n|-damage|p2b: Gholdengo|0 fnt\n|faint|p2b: Gholdengo\n|move|p2a: Grimmsnarl|Spirit Break|p1b: Chi-Yu\n|-damage|p1b: Chi-Yu|63\/100\n|-unboost|p1b: Chi-Yu|spa|1\n|\n|upkeep\n|inactive|Zestti has 30 seconds left.\n|\n|t:|1682316509\n|switch|p2b: Dnite|Dragonite, L50, F|100\/100\n|turn|3\n|\n|t:|1682316533\n|switch|p1b: Gholdengo|Gholdengo, L50|100\/100\n|move|p2a: Grimmsnarl|Parting Shot|p1a: Rotom\n|-unboost|p1a: Rotom|atk|1\n|-unboost|p1a: Rotom|spa|1\n|\n|t:|1682316539\n|switch|p2a: Cp|Chien-Pao, L50|100\/100|[from] Parting Shot\n|-ability|p2a: Cp|Sword of Ruin\n|move|p1a: Rotom|Nasty Plot|p1a: Rotom\n|-boost|p1a: Rotom|spa|2\n|move|p2b: Dnite|Stomping Tantrum|p1b: Gholdengo\n|-supereffective|p1b: Gholdengo\n|-damage|p1b: Gholdengo|26\/100\n|\n|upkeep\n|turn|4\n|\n|t:|1682316562\n|move|p2b: Dnite|Extreme Speed|p1a: Rotom\n|-damage|p1a: Rotom|51\/100\n|move|p2a: Cp|Sucker Punch|p1a: Rotom\n|-damage|p1a: Rotom|0 fnt\n|faint|p1a: Rotom\n|move|p1b: Gholdengo|Make It Rain|p2b: Dnite|[spread] p2a,p2b\n|-supereffective|p2a: Cp\n|-enditem|p2a: Cp|Focus Sash\n|-damage|p2a: Cp|1\/100\n|-damage|p2b: Dnite|83\/100\n|-unboost|p1b: Gholdengo|spa|1\n|-damage|p1b: Gholdengo|16\/100|[from] item: Life Orb\n|\n|upkeep\n|\n|t:|1682316578\n|switch|p1a: Dragonite|Dragonite, L50, F|100\/100\n|turn|5\n|inactive|Zestti has 30 seconds left.\n|\n|t:|1682316604\n|move|p1b: Gholdengo|Protect|p1b: Gholdengo\n|-singleturn|p1b: Gholdengo|Protect\n|move|p2a: Cp|Ice Spinner|p1a: Dragonite\n|-supereffective|p1a: Dragonite\n|-damage|p1a: Dragonite|2\/100\n|move|p1a: Dragonite|Ice Spinner|p2b: Dnite\n|-supereffective|p2b: Dnite\n|-damage|p2b: Dnite|0 fnt\n|faint|p2b: Dnite\n|\n|upkeep\n|\n|t:|1682316613\n|switch|p2b: Grimmsnarl|Grimmsnarl, L50, M|87\/100\n|turn|6\n|inactive|Sumo'sWeenusVGC has 30 seconds left.\n|\n|t:|1682316638\n|move|p2a: Cp|Sucker Punch|p1b: Gholdengo\n|-supereffective|p1b: Gholdengo\n|-damage|p1b: Gholdengo|0 fnt\n|faint|p1b: Gholdengo\n|move|p1a: Dragonite|Ice Spinner|p2b: Grimmsnarl\n|-damage|p2b: Grimmsnarl|37\/100\n|move|p2b: Grimmsnarl|Spirit Break|p1a: Dragonite\n|-supereffective|p1a: Dragonite\n|-damage|p1a: Dragonite|0 fnt\n|faint|p1a: Dragonite\n|\n|upkeep\n|\n|t:|1682316649\n|switch|p1b: Chi-Yu|Chi-Yu, L50|63\/100\n|-ability|p1b: Chi-Yu|Beads of Ruin\n|turn|7\n|\n|t:|1682316666\n|move|p2a: Cp|Sacred Sword|p1b: Chi-Yu\n|-supereffective|p1b: Chi-Yu\n|-damage|p1b: Chi-Yu|0 fnt\n|faint|p1b: Chi-Yu\n|\n|win|Zestti\n|raw|Sumo'sWeenusVGC's rating: 1140 → 1114<\/strong> (-26 for losing)\n|raw|Zestti's rating: 1120 → 1146<\/strong> (+26 for winning)\n|c|\u2606Sumo'sWeenusVGC|gg\n","uploadtime":1682316674,"views":27,"p1id":"sumosweenusvgc","p2id":"zestti","formatid":"gen9vgc2023regulationc","rating":1114,"private":0,"password":""}