{"id":"gen9vgc2023regulationc-1861553544","p1":"Xalvadore","p2":"Adge77","format":"[Gen 9] VGC 2023 Regulation C","log":"|j|\u2606Xalvadore\n|j|\u2606Adge77\n|t:|1683772379\n|gametype|doubles\n|player|p1|Xalvadore|marnie|1127\n|player|p2|Adge77|1|1199\n|teamsize|p1|6\n|teamsize|p2|6\n|gen|9\n|tier|[Gen 9] VGC 2023 Regulation C\n|rated|\n|rule|Species Clause: Limit one of each Pok\u00e9mon\n|rule|Item Clause: Limit one of each item\n|clearpoke\n|poke|p1|Dragonite, L50, F|\n|poke|p1|Tyranitar, L50, M|\n|poke|p1|Gastrodon, L50, F|\n|poke|p1|Arcanine, L50, M|\n|poke|p1|Flutter Mane, L50|\n|poke|p1|Corviknight, L50, F|\n|poke|p2|Wo-Chien, L50|\n|poke|p2|Glimmora, L50, M|\n|poke|p2|Gothitelle, L50, M|\n|poke|p2|Tyranitar, L50, F|\n|poke|p2|Tauros-Paldea-Blaze, L50, M|\n|poke|p2|Sableye, L50, M|\n|teampreview|4\n|inactive|Battle timer is ON: inactive players will automatically lose when time's up. (requested by Adge77)\n|inactive|Adge77 has 60 seconds left.\n|\n|t:|1683772412\n|start\n|switch|p1a: Tyranitar|Tyranitar, L50, M|100\/100\n|switch|p1b: Arcanine|Arcanine, L50, M|100\/100\n|switch|p2a: Glimmora|Glimmora, L50, M|100\/100\n|switch|p2b: Tyranitar|Tyranitar, L50, F|100\/100\n|-ability|p1b: Arcanine|Intimidate|boost\n|-unboost|p2a: Glimmora|atk|1\n|-unboost|p2b: Tyranitar|atk|1\n|-weather|Sandstorm|[from] ability: Sand Stream|[of] p1a: Tyranitar\n|turn|1\n|inactive|Xalvadore has 30 seconds left.\n|inactive|Adge77 has 30 seconds left.\n|inactive|Xalvadore has 20 seconds left.\n|inactive|Xalvadore has 15 seconds left.\n|inactive|Xalvadore has 10 seconds left.\n|inactive|Xalvadore has 5 seconds left.\n|\n|t:|1683772467\n|move|p1b: Arcanine|Flare Blitz|p2a: Glimmora\n|-resisted|p2a: Glimmora\n|-damage|p2a: Glimmora|76\/100\n|-activate|p2a: Glimmora|ability: Toxic Debris\n|-sidestart|p1: Xalvadore|move: Toxic Spikes\n|-damage|p1b: Arcanine|93\/100|[from] Recoil\n|move|p2a: Glimmora|Power Gem|p1b: Arcanine\n|-supereffective|p1b: Arcanine\n|-damage|p1b: Arcanine|19\/100\n|move|p1a: Tyranitar|Rock Slide|p2a: Glimmora|[spread] p2a,p2b\n|-damage|p2a: Glimmora|45\/100\n|-damage|p2b: Tyranitar|75\/100\n|-activate|p2a: Glimmora|ability: Toxic Debris\n|-sidestart|p1: Xalvadore|move: Toxic Spikes\n|cant|p2b: Tyranitar|flinch\n|\n|-weather|Sandstorm|[upkeep]\n|-heal|p2b: Tyranitar|81\/100|[from] item: Leftovers\n|upkeep\n|turn|2\n|inactive|Xalvadore has 30 seconds left.\n|inactive|Adge77 has 30 seconds left.\n|inactive|Adge77 has 20 seconds left.\n|\n|t:|1683772503\n|move|p1b: Arcanine|Will-O-Wisp|p2a: Glimmora|[miss]\n|-miss|p1b: Arcanine|p2a: Glimmora\n|move|p2a: Glimmora|Mortal Spin|p1a: Tyranitar|[spread] p1a,p1b\n|-resisted|p1a: Tyranitar\n|-damage|p1a: Tyranitar|99\/100\n|-damage|p1b: Arcanine|16\/100\n|-status|p1a: Tyranitar|psn\n|-status|p1b: Arcanine|psn\n|move|p1a: Tyranitar|Brick Break|p2b: Tyranitar\n|-supereffective|p2b: Tyranitar\n|-damage|p2b: Tyranitar|4\/100\n|move|p2b: Tyranitar|Crunch|p1b: Arcanine\n|-damage|p1b: Arcanine|0 fnt\n|faint|p1b: Arcanine\n|\n|-weather|Sandstorm|[upkeep]\n|-heal|p2b: Tyranitar|10\/100|[from] item: Leftovers\n|-damage|p1a: Tyranitar|87\/100 psn|[from] psn\n|upkeep\n|\n|t:|1683772522\n|switch|p1b: Flutter Mane|Flutter Mane, L50|100\/100\n|-status|p1b: Flutter Mane|tox\n|turn|3\n|\n|t:|1683772538\n|move|p2b: Tyranitar|Protect|p2b: Tyranitar\n|-singleturn|p2b: Tyranitar|Protect\n|move|p1b: Flutter Mane|Moonblast|p2b: Tyranitar\n|-activate|p2b: Tyranitar|move: Protect\n|move|p2a: Glimmora|Sludge Bomb|p1b: Flutter Mane\n|-damage|p1b: Flutter Mane|57\/100 tox\n|move|p1a: Tyranitar|Iron Head|p2a: Glimmora\n|-supereffective|p2a: Glimmora\n|-damage|p2a: Glimmora|0 fnt\n|faint|p2a: Glimmora\n|\n|-weather|Sandstorm|[upkeep]\n|-damage|p1b: Flutter Mane|50\/100 tox|[from] Sandstorm\n|-heal|p2b: Tyranitar|15\/100|[from] item: Leftovers\n|-damage|p1b: Flutter Mane|44\/100 tox|[from] psn\n|-damage|p1a: Tyranitar|75\/100 psn|[from] psn\n|upkeep\n|\n|t:|1683772559\n|switch|p2a: Gothitelle|Gothitelle, L50, M|100\/100\n|turn|4\n|\n|t:|1683772576\n|move|p2a: Gothitelle|Fake Out|p1a: Tyranitar\n|-resisted|p1a: Tyranitar\n|-damage|p1a: Tyranitar|73\/100 psn\n|move|p1b: Flutter Mane|Moonblast|p2b: Tyranitar\n|-supereffective|p2b: Tyranitar\n|-damage|p2b: Tyranitar|0 fnt\n|faint|p2b: Tyranitar\n|cant|p1a: Tyranitar|flinch\n|\n|-weather|Sandstorm|[upkeep]\n|-damage|p1b: Flutter Mane|38\/100 tox|[from] Sandstorm\n|-damage|p1b: Flutter Mane|26\/100 tox|[from] psn\n|-damage|p1a: Tyranitar|61\/100 psn|[from] psn\n|upkeep\n|\n|t:|1683772586\n|switch|p2b: Tauros|Tauros-Paldea-Blaze, L50, M|100\/100\n|-ability|p2b: Tauros|Intimidate|boost\n|-unboost|p1a: Tyranitar|atk|1\n|-unboost|p1b: Flutter Mane|atk|1\n|-item|p2b: Tauros|Air Balloon\n|turn|5\n|\n|t:|1683772597\n|-terastallize|p1a: Tyranitar|Flying\n|move|p2b: Tauros|Protect|p2b: Tauros\n|-singleturn|p2b: Tauros|Protect\n|move|p2a: Gothitelle|Protect|p2a: Gothitelle\n|-singleturn|p2a: Gothitelle|Protect\n|move|p1b: Flutter Mane|Moonblast|p2b: Tauros\n|-activate|p2b: Tauros|move: Protect\n|move|p1a: Tyranitar|Assurance|p2a: Gothitelle\n|-activate|p2a: Gothitelle|move: Protect\n|\n|-weather|none\n|-damage|p1b: Flutter Mane|7\/100 tox|[from] psn\n|-damage|p1a: Tyranitar|49\/100 psn|[from] psn\n|upkeep\n|turn|6\n|\n|t:|1683772621\n|-terastallize|p2b: Tauros|Rock\n|move|p1b: Flutter Mane|Moonblast|p2b: Tauros\n|-damage|p2b: Tauros|0 fnt\n|-enditem|p2b: Tauros|Air Balloon\n|faint|p2b: Tauros\n|move|p2a: Gothitelle|Heal Pulse|p2: Tauros|[notarget]\n|-fail|p2a: Gothitelle\n|move|p1a: Tyranitar|Assurance|p2a: Gothitelle\n|-supereffective|p2a: Gothitelle\n|-damage|p2a: Gothitelle|55\/100\n|\n|-damage|p1b: Flutter Mane|0 fnt|[from] psn\n|faint|p1b: Flutter Mane\n|-end|p1b: Flutter Mane|Protosynthesis|[silent]\n|-damage|p1a: Tyranitar|37\/100 psn|[from] psn\n|upkeep\n|\n|t:|1683772635\n|switch|p1b: Corviknight|Corviknight, L50, F|100\/100\n|turn|7\n|\n|t:|1683772643\n|move|p1b: Corviknight|Iron Head|p2a: Gothitelle\n|-damage|p2a: Gothitelle|30\/100\n|move|p2a: Gothitelle|Psychic|p1a: Tyranitar\n|-damage|p1a: Tyranitar|19\/100 psn\n|move|p1a: Tyranitar|Assurance|p2a: Gothitelle\n|-supereffective|p2a: Gothitelle\n|-damage|p2a: Gothitelle|0 fnt\n|faint|p2a: Gothitelle\n|\n|win|Xalvadore\n|raw|Xalvadore's rating: 1127 → 1157<\/strong> (+30 for winning)\n|raw|Adge77's rating: 1199 → 1169<\/strong> (-30 for losing)\n|l|\u2606Adge77\n|c|\u2606Xalvadore|gg\n","uploadtime":1683772658,"views":17,"p1id":"xalvadore","p2id":"adge77","formatid":"gen9vgc2023regulationc","rating":1157,"private":0,"password":""}