{"id":"gen9vgc2023regulationc-1855472728","p1":"Crest of Thunders","p2":"kiboboubo","format":"[Gen 9] VGC 2023 Regulation C","log":"|j|\u2606Crest of Thunders\n|j|\u2606kiboboubo\n|t:|1682954614\n|gametype|doubles\n|player|p1|Crest of Thunders|barry|1352\n|player|p2|kiboboubo|n|1405\n|teamsize|p1|6\n|teamsize|p2|6\n|gen|9\n|tier|[Gen 9] VGC 2023 Regulation C\n|rated|\n|rule|Species Clause: Limit one of each Pok\u00e9mon\n|rule|Item Clause: Limit one of each item\n|clearpoke\n|poke|p1|Iron Hands, L50|\n|poke|p1|Arcanine, L50, M|\n|poke|p1|Ting-Lu, L50|\n|poke|p1|Flutter Mane, L50|\n|poke|p1|Iron Bundle, L50|\n|poke|p1|Amoonguss, L50, F|\n|poke|p2|Iron Bundle, L50|\n|poke|p2|Abomasnow, L50, F|\n|poke|p2|Roaring Moon, L50|\n|poke|p2|Arcanine, L50, F|\n|poke|p2|Garganacl, L50, F|\n|poke|p2|Ting-Lu, L50|\n|teampreview|4\n|c|\u2606Crest of Thunders|glhf\n|inactive|Battle timer is ON: inactive players will automatically lose when time's up. (requested by kiboboubo)\nCrest of Thunders has agreed to open team sheets.\n|inactive|kiboboubo has 60 seconds left.\n|\n|t:|1682954657\n|start\n|switch|p1a: Tigger|Arcanine, L50, M|100\/100\n|switch|p1b: 5UM0|Iron Hands, L50|100\/100\n|switch|p2a: Garganacl|Garganacl, L50, F|100\/100\n|switch|p2b: Arcanine|Arcanine, L50, F|100\/100\n|-ability|p2b: Arcanine|Intimidate|boost\n|-unboost|p1a: Tigger|atk|1\n|-unboost|p1b: 5UM0|atk|1\n|-ability|p1a: Tigger|Intimidate|boost\n|-unboost|p2a: Garganacl|atk|1\n|-unboost|p2b: Arcanine|atk|1\n|turn|1\n|inactive|Crest of Thunders has 30 seconds left.\n|inactive|Crest of Thunders has 20 seconds left.\n|\n|t:|1682954693\n|switch|p1a: Gravestone|Flutter Mane, L50, shiny|100\/100\n|-terastallize|p2a: Garganacl|Ghost\n|move|p2b: Arcanine|Protect|p2b: Arcanine\n|-singleturn|p2b: Arcanine|Protect\n|move|p1b: 5UM0|Fake Out|p2b: Arcanine\n|-activate|p2b: Arcanine|move: Protect\n|move|p2a: Garganacl|Stealth Rock|p1a: Gravestone\n|-sidestart|p1: Crest of Thunders|move: Stealth Rock\n|\n|upkeep\n|turn|2\n|\n|t:|1682954716\n|switch|p2b: Ting-Lu|Ting-Lu, L50|100\/100\n|-ability|p2b: Ting-Lu|Vessel of Ruin\n|move|p1a: Gravestone|Taunt|p2b: Ting-Lu\n|-start|p2b: Ting-Lu|move: Taunt\n|move|p1b: 5UM0|Swords Dance|p1b: 5UM0\n|-boost|p1b: 5UM0|atk|2\n|move|p2a: Garganacl|Salt Cure|p1b: 5UM0\n|-resisted|p1b: 5UM0\n|-damage|p1b: 5UM0|97\/100\n|-start|p1b: 5UM0|Salt Cure\n|\n|-damage|p1b: 5UM0|85\/100|[from] Salt Cure\n|upkeep\n|turn|3\n|\n|t:|1682954732\n|switch|p2b: Arcanine|Arcanine, L50, F|100\/100\n|-ability|p2b: Arcanine|Intimidate|boost\n|-unboost|p1a: Gravestone|atk|1\n|-unboost|p1b: 5UM0|atk|1\n|-terastallize|p1a: Gravestone|Water\n|move|p1a: Gravestone|Shadow Ball|p2a: Garganacl\n|-supereffective|p2a: Garganacl\n|-damage|p2a: Garganacl|67\/100\n|-damage|p1a: Gravestone|91\/100|[from] item: Life Orb\n|move|p1b: 5UM0|Wild Charge|p2a: Garganacl\n|-damage|p2a: Garganacl|35\/100\n|-damage|p1b: 5UM0|78\/100|[from] Recoil\n|move|p2a: Garganacl|Salt Cure|p1a: Gravestone\n|-damage|p1a: Gravestone|76\/100\n|-start|p1a: Gravestone|Salt Cure\n|\n|-heal|p2a: Garganacl|41\/100|[from] item: Leftovers\n|-damage|p1a: Gravestone|52\/100|[from] Salt Cure\n|-damage|p1b: 5UM0|66\/100|[from] Salt Cure\n|upkeep\n|turn|4\n|inactive|kiboboubo has 30 seconds left.\n|\n|t:|1682954757\n|move|p2a: Garganacl|Protect|p2a: Garganacl\n|-singleturn|p2a: Garganacl|Protect\n|move|p1a: Gravestone|Taunt|p2b: Arcanine\n|-start|p2b: Arcanine|move: Taunt\n|cant|p2b: Arcanine|move: Taunt|Will-O-Wisp\n|move|p1b: 5UM0|Wild Charge|p2a: Garganacl\n|-activate|p2a: Garganacl|move: Protect\n|\n|-heal|p2a: Garganacl|46\/100|[from] item: Leftovers\n|-damage|p1a: Gravestone|27\/100|[from] Salt Cure\n|-damage|p1b: 5UM0|53\/100|[from] Salt Cure\n|upkeep\n|turn|5\n|\n|t:|1682954776\n|-end|p1a: Gravestone|Protosynthesis|[silent]\n|switch|p1a: Tigger|Arcanine, L50, M|100\/100\n|-damage|p1a: Tigger|76\/100|[from] Stealth Rock\n|-ability|p1a: Tigger|Intimidate|boost\n|-unboost|p2a: Garganacl|atk|1\n|-unboost|p2b: Arcanine|atk|1\n|switch|p2a: Ting-Lu|Ting-Lu, L50|100\/100\n|-ability|p2a: Ting-Lu|Vessel of Ruin\n|move|p2b: Arcanine|Extreme Speed|p1a: Tigger\n|-damage|p1a: Tigger|58\/100\n|move|p1b: 5UM0|Swords Dance|p1b: 5UM0\n|-boost|p1b: 5UM0|atk|2\n|\n|-damage|p1b: 5UM0|41\/100|[from] Salt Cure\n|upkeep\n|-enditem|p1b: 5UM0|Sitrus Berry|[eat]\n|-heal|p1b: 5UM0|66\/100|[from] item: Sitrus Berry\n|turn|6\n|inactive|kiboboubo has 30 seconds left.\n|inactive|Crest of Thunders has 30 seconds left.\n|\n|t:|1682954810\n|move|p2b: Arcanine|Flare Blitz|p1b: 5UM0\n|-damage|p1b: 5UM0|45\/100\n|-damage|p2b: Arcanine|91\/100|[from] Recoil\n|move|p1a: Tigger|Will-O-Wisp|p2a: Ting-Lu\n|-status|p2a: Ting-Lu|brn\n|move|p1b: 5UM0|Drain Punch|p2b: Arcanine\n|-damage|p2b: Arcanine|8\/100\n|-heal|p1b: 5UM0|77\/100|[from] drain|[of] p2b: Arcanine\n|-enditem|p2b: Arcanine|Sitrus Berry|[eat]\n|-heal|p2b: Arcanine|33\/100|[from] item: Sitrus Berry\n|move|p2a: Ting-Lu|Stomping Tantrum|p1b: 5UM0\n|-supereffective|p1b: 5UM0\n|-damage|p1b: 5UM0|57\/100\n|\n|-damage|p2a: Ting-Lu|95\/100 brn|[from] brn\n|-damage|p1b: 5UM0|44\/100|[from] Salt Cure\n|-end|p2b: Arcanine|move: Taunt\n|upkeep\n|turn|7\n|\n|t:|1682954828\n|move|p2b: Arcanine|Protect|p2b: Arcanine\n|-singleturn|p2b: Arcanine|Protect\n|move|p1a: Tigger|Flare Blitz|p2b: Arcanine\n|-activate|p2b: Arcanine|move: Protect\n|move|p1b: 5UM0|Drain Punch|p2a: Ting-Lu\n|-supereffective|p2a: Ting-Lu\n|-damage|p2a: Ting-Lu|11\/100 brn\n|-heal|p1b: 5UM0|86\/100|[from] drain|[of] p2a: Ting-Lu\n|move|p2a: Ting-Lu|Earthquake|p1b: 5UM0|[spread] p1a,p1b\n|-activate|p2b: Arcanine|move: Protect\n|-supereffective|p1a: Tigger\n|-supereffective|p1b: 5UM0\n|-damage|p1a: Tigger|24\/100\n|-damage|p1b: 5UM0|67\/100\n|\n|-damage|p2a: Ting-Lu|5\/100 brn|[from] brn\n|-damage|p1b: 5UM0|55\/100|[from] Salt Cure\n|upkeep\n|turn|8\n|\n|t:|1682954849\n|switch|p2a: Garganacl|Garganacl, L50, F, tera:Ghost|46\/100\n|move|p1a: Tigger|Flare Blitz|p2a: Garganacl\n|-damage|p2a: Garganacl|15\/100\n|-damage|p1a: Tigger|12\/100|[from] Recoil\n|move|p2b: Arcanine|Will-O-Wisp|p1b: 5UM0\n|-status|p1b: 5UM0|brn\n|move|p1b: 5UM0|Wild Charge|p2b: Arcanine\n|-damage|p2b: Arcanine|0 fnt\n|faint|p2b: Arcanine\n|-damage|p1b: 5UM0|48\/100 brn|[from] Recoil\n|\n|-heal|p2a: Garganacl|20\/100|[from] item: Leftovers\n|-damage|p1b: 5UM0|42\/100 brn|[from] brn\n|-damage|p1b: 5UM0|30\/100 brn|[from] Salt Cure\n|upkeep\n|inactive|kiboboubo has 30 seconds left.\n|\n|t:|1682954875\n|switch|p2b: Iron Bundle|Iron Bundle, L50|100\/100\n|turn|9\n|inactive|Crest of Thunders has 30 seconds left.\n|inactive|kiboboubo has 30 seconds left.\n|\n|t:|1682954905\n|move|p2a: Garganacl|Protect|p2a: Garganacl\n|-singleturn|p2a: Garganacl|Protect\n|move|p2b: Iron Bundle|Freeze-Dry|p1a: Tigger\n|-resisted|p1a: Tigger\n|-damage|p1a: Tigger|0 fnt\n|faint|p1a: Tigger\n|move|p1b: 5UM0|Drain Punch|p2b: Iron Bundle\n|-supereffective|p2b: Iron Bundle\n|-crit|p2b: Iron Bundle\n|-enditem|p2b: Iron Bundle|Focus Sash\n|-damage|p2b: Iron Bundle|1\/100\n|-heal|p1b: 5UM0|56\/100 brn|[from] drain|[of] p2b: Iron Bundle\n|\n|-heal|p2a: Garganacl|26\/100|[from] item: Leftovers\n|-damage|p1b: 5UM0|50\/100 brn|[from] brn\n|-damage|p1b: 5UM0|38\/100 brn|[from] Salt Cure\n|upkeep\n|\n|t:|1682954912\n|switch|p1a: 5A1NT_N1K|Iron Bundle, L50|100\/100\n|-damage|p1a: 5A1NT_N1K|76\/100|[from] Stealth Rock\n|-enditem|p1a: 5A1NT_N1K|Booster Energy\n|-activate|p1a: 5A1NT_N1K|ability: Quark Drive|[fromitem]\n|-start|p1a: 5A1NT_N1K|quarkdrivespe\n|turn|10\n|inactive|Crest of Thunders has 30 seconds left.\n|\n|t:|1682954940\n|-end|p2b: Iron Bundle|Quark Drive|[silent]\n|switch|p2b: Ting-Lu|Ting-Lu, L50|5\/100 brn\n|-ability|p2b: Ting-Lu|Vessel of Ruin\n|move|p1a: 5A1NT_N1K|Freeze-Dry|p2b: Ting-Lu\n|-supereffective|p2b: Ting-Lu\n|-damage|p2b: Ting-Lu|0 fnt\n|faint|p2b: Ting-Lu\n|move|p1b: 5UM0|Wild Charge|p2a: Garganacl\n|-damage|p2a: Garganacl|0 fnt\n|faint|p2a: Garganacl\n|-damage|p1b: 5UM0|33\/100 brn|[from] Recoil\n|\n|-damage|p1b: 5UM0|27\/100 brn|[from] brn\n|-damage|p1b: 5UM0|15\/100 brn|[from] Salt Cure\n|upkeep\n|-message|kiboboubo forfeited.\n|\n|win|Crest of Thunders\n|raw|Crest of Thunders's rating: 1352 → 1375<\/strong> (+23 for winning)\n|raw|kiboboubo's rating: 1405 → 1382<\/strong> (-23 for losing)\n|l|\u2606kiboboubo\n|c|\u2606Crest of Thunders|gg\n","uploadtime":1682954963,"views":27,"p1id":"crestofthunders","p2id":"kiboboubo","formatid":"gen9vgc2023regulationc","rating":1375,"private":0,"password":""}