{"id":"gen9vgc2023regulationc-1854719667","p1":"KinimaP","p2":"mummycass","format":"[Gen 9] VGC 2023 Regulation C","log":"|j|\u2606KinimaP\n|j|\u2606mummycass\n|t:|1682856353\n|gametype|doubles\n|player|p1|KinimaP|cameraman|1419\n|player|p2|mummycass|iris-gen5bw2|1600\n|teamsize|p1|6\n|teamsize|p2|6\n|gen|9\n|tier|[Gen 9] VGC 2023 Regulation C\n|rated|\n|rule|Species Clause: Limit one of each Pok\u00e9mon\n|rule|Item Clause: Limit one of each item\n|clearpoke\n|poke|p1|Vivillon-Fancy, L50, M|\n|poke|p1|Chi-Yu, L50|\n|poke|p1|Abomasnow, L50, F|\n|poke|p1|Iron Bundle, L50|\n|poke|p1|Ting-Lu, L50|\n|poke|p1|Baxcalibur, L50, F|\n|poke|p2|Annihilape, L50, F|\n|poke|p2|Maushold, L50|\n|poke|p2|Baxcalibur, L50, F|\n|poke|p2|Ting-Lu, L50|\n|poke|p2|Flutter Mane, L50|\n|poke|p2|Talonflame, L50, F|\n|teampreview|4\n|\n|t:|1682856380\n|start\n|switch|p1a: Vivillon|Vivillon-Fancy, L50, M|100\/100\n|switch|p1b: Chi-Yu|Chi-Yu, L50|100\/100\n|switch|p2a: Makimane|Flutter Mane, L50|100\/100\n|switch|p2b: POWERRRR|Talonflame, L50, F|100\/100\n|-ability|p1b: Chi-Yu|Beads of Ruin\n|-enditem|p2a: Makimane|Booster Energy\n|-activate|p2a: Makimane|ability: Protosynthesis|[fromitem]\n|-start|p2a: Makimane|protosynthesisspa\n|turn|1\n|\n|t:|1682856395\n|-terastallize|p1b: Chi-Yu|Water\n|move|p2b: POWERRRR|Tailwind|p2b: POWERRRR\n|-sidestart|p2: mummycass|move: Tailwind\n|move|p2a: Makimane|Dazzling Gleam|p1b: Chi-Yu|[spread] p1a,p1b\n|-damage|p1a: Vivillon|2\/100\n|-damage|p1b: Chi-Yu|67\/100\n|move|p1a: Vivillon|Tailwind|p1a: Vivillon\n|-sidestart|p1: KinimaP|move: Tailwind\n|move|p1b: Chi-Yu|Tera Blast|p2b: POWERRRR\n|-supereffective|p2b: POWERRRR\n|-damage|p2b: POWERRRR|0 fnt\n|faint|p2b: POWERRRR\n|\n|upkeep\n|\n|t:|1682856412\n|switch|p2b: Akicalibur|Baxcalibur, L50, F, shiny|100\/100\n|turn|2\n|\n|t:|1682856425\n|move|p1a: Vivillon|Protect|p1a: Vivillon\n|-singleturn|p1a: Vivillon|Protect\n|move|p2a: Makimane|Dazzling Gleam|p1a: Vivillon|[spread] p1b\n|-activate|p1a: Vivillon|move: Protect\n|-damage|p1b: Chi-Yu|36\/100\n|-enditem|p1b: Chi-Yu|Sitrus Berry|[eat]\n|-heal|p1b: Chi-Yu|61\/100|[from] item: Sitrus Berry\n|move|p1b: Chi-Yu|Tera Blast|p2b: Akicalibur\n|-resisted|p2b: Akicalibur\n|-damage|p2b: Akicalibur|73\/100\n|move|p2b: Akicalibur|Glaive Rush|p1b: Chi-Yu\n|-damage|p1b: Chi-Yu|0 fnt\n|-singlemove|p2b: Akicalibur|Glaive Rush|[silent]\n|faint|p1b: Chi-Yu\n|\n|upkeep\n|\n|t:|1682856443\n|switch|p1b: Iron Bundle|Iron Bundle, L50|100\/100\n|-enditem|p1b: Iron Bundle|Booster Energy\n|-activate|p1b: Iron Bundle|ability: Quark Drive|[fromitem]\n|-start|p1b: Iron Bundle|quarkdrivespe\n|turn|3\n|\n|t:|1682856450\n|switch|p1a: Abomasnow|Abomasnow, L50, F|100\/100\n|-weather|Snow|[from] ability: Snow Warning|[of] p1a: Abomasnow\n|move|p1b: Iron Bundle|Blizzard|p2b: Akicalibur|[spread] p2a,p2b\n|-damage|p2a: Makimane|63\/100\n|-damage|p2b: Akicalibur|0 fnt\n|faint|p2b: Akicalibur\n|move|p2a: Makimane|Moonblast|p1b: Iron Bundle\n|-damage|p1b: Iron Bundle|1\/100\n|-unboost|p1b: Iron Bundle|spa|1\n|\n|-weather|Snow|[upkeep]\n|upkeep\n|\n|t:|1682856463\n|switch|p2b: Denjiape|Annihilape, L50, F, shiny|100\/100\n|turn|4\n|\n|t:|1682856471\n|-terastallize|p2a: Makimane|Water\n|move|p1b: Iron Bundle|Blizzard|p2b: Denjiape|[spread] p2a,p2b\n|-resisted|p2a: Makimane\n|-damage|p2a: Makimane|51\/100\n|-damage|p2b: Denjiape|75\/100\n|-status|p2a: Makimane|frz\n|-status|p2b: Denjiape|frz\n|-curestatus|p2a: Makimane|frz|[msg]\n|move|p2a: Makimane|Dazzling Gleam|p1a: Abomasnow|[spread] p1a,p1b\n|-damage|p1a: Abomasnow|57\/100\n|-damage|p1b: Iron Bundle|0 fnt\n|faint|p1b: Iron Bundle\n|-end|p1b: Iron Bundle|Quark Drive|[silent]\n|cant|p2b: Denjiape|frz\n|move|p1a: Abomasnow|Blizzard|p2a: Makimane|[spread] p2a,p2b\n|-resisted|p2a: Makimane\n|-damage|p2a: Makimane|32\/100\n|-damage|p2b: Denjiape|34\/100 frz\n|-status|p2a: Makimane|frz\n|-enditem|p2b: Denjiape|Sitrus Berry|[eat]\n|-heal|p2b: Denjiape|59\/100 frz|[from] item: Sitrus Berry\n|-damage|p1a: Abomasnow|48\/100|[from] item: Life Orb\n|\n|-weather|Snow|[upkeep]\n|-sideend|p2: mummycass|move: Tailwind\n|-sideend|p1: KinimaP|move: Tailwind\n|upkeep\n|\n|t:|1682856496\n|switch|p1b: Vivillon|Vivillon-Fancy, L50, M|2\/100\n|turn|5\n|c|\u2606mummycass|DUDE\n|\n|t:|1682856507\n|cant|p2a: Makimane|frz\n|-curestatus|p2b: Denjiape|frz|[msg]\n|move|p2b: Denjiape|Drain Punch|p1a: Abomasnow\n|-supereffective|p1a: Abomasnow\n|-damage|p1a: Abomasnow|14\/100\n|-heal|p2b: Denjiape|75\/100|[from] drain|[of] p1a: Abomasnow\n|move|p1b: Vivillon|Tailwind|p1b: Vivillon\n|-sidestart|p1: KinimaP|move: Tailwind\n|move|p1a: Abomasnow|Energy Ball|p2a: Makimane\n|-supereffective|p2a: Makimane\n|-damage|p2a: Makimane|0 fnt\n|faint|p2a: Makimane\n|-end|p2a: Makimane|Protosynthesis|[silent]\n|-damage|p1a: Abomasnow|4\/100|[from] item: Life Orb\n|\n|-weather|Snow|[upkeep]\n|upkeep\n|turn|6\n|\n|t:|1682856529\n|move|p1b: Vivillon|Pollen Puff|p2b: Denjiape\n|-resisted|p2b: Denjiape\n|-damage|p2b: Denjiape|65\/100\n|move|p1a: Abomasnow|Blizzard|p2b: Denjiape\n|-damage|p2b: Denjiape|13\/100\n|-damage|p1a: Abomasnow|0 fnt|[from] item: Life Orb\n|faint|p1a: Abomasnow\n|move|p2b: Denjiape|Drain Punch|p1b: Vivillon\n|-resisted|p1b: Vivillon\n|-damage|p1b: Vivillon|0 fnt\n|-heal|p2b: Denjiape|13\/100|[from] drain|[of] p1b: Vivillon\n|faint|p1b: Vivillon\n|\n|win|mummycass\n|raw|KinimaP's rating: 1419 → 1409<\/strong> (-10 for losing)\n|raw|mummycass's rating: 1600 → 1610<\/strong> (+10 for winning)\n","uploadtime":1682856551,"views":11,"p1id":"kinimap","p2id":"mummycass","formatid":"gen9vgc2023regulationc","rating":1409,"private":0,"password":""}