{"id":"gen9vgc2023regulationc-1845730932","p1":"Windwinged","p2":"BodaciousBulbasaur","format":"[Gen 9] VGC 2023 Regulation C","log":"|j|\u2606Windwinged\n|j|\u2606BodaciousBulbasaur\n|t:|1681759349\n|gametype|doubles\n|player|p1|Windwinged|169|1232\n|player|p2|BodaciousBulbasaur|acetrainerf-gen4dp|1302\n|teamsize|p1|6\n|teamsize|p2|6\n|gen|9\n|tier|[Gen 9] VGC 2023 Regulation C\n|rated|\n|rule|Species Clause: Limit one of each Pok\u00e9mon\n|rule|Item Clause: Limit one of each item\n|clearpoke\n|poke|p1|Dondozo, L50, F|\n|poke|p1|Tatsugiri, L50, F|\n|poke|p1|Electrode, L50|\n|poke|p1|Stonjourner, L50, F|\n|poke|p1|Ting-Lu, L50|\n|poke|p1|Chi-Yu, L50|\n|poke|p2|Murkrow, L50, F|\n|poke|p2|Great Tusk, L50|\n|poke|p2|Scream Tail, L50|\n|poke|p2|Gyarados, L50, F|\n|poke|p2|Flutter Mane, L50|\n|poke|p2|Dragapult, L50, M|\n|teampreview|4\n|inactive|Battle timer is ON: inactive players will automatically lose when time's up. (requested by BodaciousBulbasaur)\nBodaciousBulbasaur rejected open team sheets.\n|inactive|Windwinged has 60 seconds left.\n|inactive|Windwinged has 30 seconds left.\n|inactive|Windwinged has 20 seconds left.\n|inactive|Windwinged has 15 seconds left.\n|inactive|Windwinged has 10 seconds left.\n|inactive|Windwinged has 5 seconds left.\n|\n|t:|1681759468\n|start\n|switch|p1a: Dondozo|Dondozo, L50, F|100\/100\n|switch|p1b: Tatsugiri|Tatsugiri, L50, F|100\/100\n|switch|p2a: Great Tusk|Great Tusk, L50|100\/100\n|switch|p2b: Murkrow|Murkrow, L50, F|100\/100\n|-activate|p1b: Tatsugiri|ability: Commander|[of] p1a: Dondozo\n|-boost|p1a: Dondozo|atk|2\n|-boost|p1a: Dondozo|spa|2\n|-boost|p1a: Dondozo|spe|2\n|-boost|p1a: Dondozo|def|2\n|-boost|p1a: Dondozo|spd|2\n|turn|1\n|inactive|Windwinged has 30 seconds left.\n|inactive|Windwinged has 20 seconds left.\n|inactive|Windwinged has 15 seconds left.\n|inactive|Windwinged has 10 seconds left.\n|inactive|Windwinged has 5 seconds left.\n|\n|t:|1681759523\n|-end|p2a: Great Tusk|Protosynthesis|[silent]\n|switch|p2a: Scream Tail|Scream Tail, L50|100\/100\n|-enditem|p2a: Scream Tail|Booster Energy\n|-activate|p2a: Scream Tail|ability: Protosynthesis|[fromitem]\n|-start|p2a: Scream Tail|protosynthesisspe\n|move|p2b: Murkrow|Haze|p2b: Murkrow\n|-clearallboost\n|move|p1a: Dondozo|Order Up|p2a: Scream Tail\n|-immune|p2a: Scream Tail\n|\n|upkeep\n|turn|2\n|inactive|Windwinged has 30 seconds left.\n|inactive|Windwinged has 20 seconds left.\n|inactive|Windwinged has 15 seconds left.\n|inactive|Windwinged has 10 seconds left.\n|inactive|Windwinged has 5 seconds left.\n|\n|t:|1681759579\n|switch|p2b: Flutter Mane|Flutter Mane, L50|100\/100\n|move|p2a: Scream Tail|Encore|p1a: Dondozo\n|-start|p1a: Dondozo|Encore\n|move|p1a: Dondozo|Order Up|p2b: Flutter Mane\n|-immune|p2b: Flutter Mane\n|\n|upkeep\n|turn|3\n|inactive|Windwinged has 30 seconds left.\n|inactive|Windwinged has 20 seconds left.\n|inactive|Windwinged has 15 seconds left.\n|inactive|Windwinged has 10 seconds left.\n|inactive|Windwinged has 5 seconds left.\n|\n|t:|1681759634\n|move|p2a: Scream Tail|Howl|p2a: Scream Tail|[spread] p2a,p2b\n|-boost|p2a: Scream Tail|atk|1\n|-boost|p2b: Flutter Mane|atk|1\n|move|p2b: Flutter Mane|Dazzling Gleam|p1b: Tatsugiri|[spread] p1a\n|-miss|p2b: Flutter Mane|p1b: Tatsugiri\n|-damage|p1a: Dondozo|70\/100\n|move|p1a: Dondozo|Order Up|p2a: Scream Tail\n|-immune|p2a: Scream Tail\n|\n|upkeep\n|turn|4\n|inactive|Windwinged has 30 seconds left.\n|inactive|Windwinged has 20 seconds left.\n|inactive|Windwinged has 15 seconds left.\n|inactive|Windwinged has 10 seconds left.\n|inactive|Windwinged has 5 seconds left.\n|\n|t:|1681759689\n|move|p2a: Scream Tail|Howl|p2a: Scream Tail|[spread] p2a,p2b\n|-boost|p2a: Scream Tail|atk|1\n|-boost|p2b: Flutter Mane|atk|1\n|move|p2b: Flutter Mane|Dazzling Gleam|p1a: Dondozo|[spread] p1a\n|-miss|p2b: Flutter Mane|p1b: Tatsugiri\n|-damage|p1a: Dondozo|36\/100\n|move|p1a: Dondozo|Order Up|p2b: Flutter Mane\n|-immune|p2b: Flutter Mane\n|\n|-end|p1a: Dondozo|Encore\n|upkeep\n|turn|5\n|c|\u2606BodaciousBulbasaur|You're not gonna get me to leave by timer stalling.\n|inactive|Windwinged has 30 seconds left.\n|inactive|Windwinged has 20 seconds left.\n|inactive|Windwinged has 15 seconds left.\n|inactive|Windwinged has 10 seconds left.\n|inactive|Windwinged has 5 seconds left.\n|\n|t:|1681759744\n|move|p2a: Scream Tail|Encore|p1a: Dondozo\n|-start|p1a: Dondozo|Encore\n|move|p2b: Flutter Mane|Dazzling Gleam|p1a: Dondozo|[spread] p1a\n|-miss|p2b: Flutter Mane|p1b: Tatsugiri\n|-damage|p1a: Dondozo|5\/100\n|move|p1a: Dondozo|Order Up|p2a: Scream Tail\n|-immune|p2a: Scream Tail\n|\n|upkeep\n|turn|6\n|\n|t:|1681759768\n|move|p2a: Scream Tail|Play Rough|p1a: Dondozo\n|-damage|p1a: Dondozo|0 fnt\n|-damage|p2a: Scream Tail|84\/100|[from] item: Rocky Helmet|[of] p1a: Dondozo\n|faint|p1a: Dondozo\n|move|p2b: Flutter Mane|Dazzling Gleam|p1b: Tatsugiri\n|-supereffective|p1b: Tatsugiri\n|-enditem|p1b: Tatsugiri|Focus Sash\n|-damage|p1b: Tatsugiri|1\/100\n|\n|upkeep\n|c|\u2606Windwinged|I'm so sorry forgot I started this game at work XD\n|\n|t:|1681759791\n|switch|p1a: Electrode|Electrode, L50|100\/100\n|turn|7\n|\n|t:|1681759808\n|move|p1a: Electrode|Protect|p1a: Electrode\n|-singleturn|p1a: Electrode|Protect\n|move|p2a: Scream Tail|Play Rough|p1a: Electrode\n|-activate|p1a: Electrode|move: Protect\n|move|p2b: Flutter Mane|Dazzling Gleam|p1a: Electrode|[spread] p1b\n|-activate|p1a: Electrode|move: Protect\n|-supereffective|p1b: Tatsugiri\n|-damage|p1b: Tatsugiri|0 fnt\n|faint|p1b: Tatsugiri\n|\n|upkeep\n|\n|t:|1681759811\n|switch|p1b: Stonjourner|Stonjourner, L50, F|100\/100\n|turn|8\n|\n|t:|1681759828\n|-terastallize|p1a: Electrode|Electric\n|move|p1b: Stonjourner|Wide Guard|p1b: Stonjourner\n|-singleturn|p1b: Stonjourner|Wide Guard\n|move|p2a: Scream Tail|Encore|p1a: Electrode\n|-start|p1a: Electrode|Encore\n|move|p1a: Electrode|Protect|p1a: Electrode\n|-singleturn|p1a: Electrode|Protect\n|move|p2b: Flutter Mane|Dazzling Gleam|p1a: Electrode|[spread] \n|-activate|p1a: Electrode|move: Wide Guard\n|-activate|p1b: Stonjourner|move: Wide Guard\n|\n|upkeep\n|turn|9\n|-message|Windwinged forfeited.\n|\n|win|BodaciousBulbasaur\n|raw|Windwinged's rating: 1232 → 1212<\/strong> (-20 for losing)\n|raw|BodaciousBulbasaur's rating: 1302 → 1318<\/strong> (+16 for winning)\n|l|\u2606Windwinged\n","uploadtime":1681759851,"views":15,"p1id":"windwinged","p2id":"bodaciousbulbasaur","formatid":"gen9vgc2023regulationc","rating":1212,"private":0,"password":""}