{"id":"gen9vgc2023regulationc-1846743420","p1":"bentoboxkiller","p2":"Cyberdevil","format":"[Gen 9] VGC 2023 Regulation C","log":"|j|\u2606bentoboxkiller\n|j|\u2606Cyberdevil\n|t:|1681872898\n|gametype|doubles\n|player|p1|bentoboxkiller|169|1232\n|player|p2|Cyberdevil|pokekid|1244\n|teamsize|p1|6\n|teamsize|p2|6\n|gen|9\n|tier|[Gen 9] VGC 2023 Regulation C\n|rated|\n|rule|Species Clause: Limit one of each Pok\u00e9mon\n|rule|Item Clause: Limit one of each item\n|clearpoke\n|poke|p1|Murkrow, L50, F|\n|poke|p1|Orthworm, L50, F|\n|poke|p1|Indeedee-F, L50, F|\n|poke|p1|Armarouge, L50, F|\n|poke|p1|Ting-Lu, L50|\n|poke|p1|Gyarados, L50, F|\n|poke|p2|Chi-Yu, L50|\n|poke|p2|Dachsbun, L50, M|\n|poke|p2|Dragonite, L50, F|\n|poke|p2|Flutter Mane, L50|\n|poke|p2|Chien-Pao, L50|\n|poke|p2|Azumarill, L50, M|\n|teampreview|4\n|inactive|Battle timer is ON: inactive players will automatically lose when time's up. (requested by bentoboxkiller)\n|inactive|Cyberdevil has 60 seconds left.\n|\n|t:|1681872936\n|start\n|switch|p1a: Murkrow|Murkrow, L50, F|100\/100\n|switch|p1b: Orthworm|Orthworm, L50, F|100\/100\n|switch|p2a: Chi-Yu|Chi-Yu, L50|100\/100\n|switch|p2b: Dachsbun|Dachsbun, L50, M|100\/100\n|-ability|p2a: Chi-Yu|Beads of Ruin\n|turn|1\n|inactive|bentoboxkiller has 30 seconds left.\n|\n|t:|1681872964\n|-terastallize|p1b: Orthworm|Fire\n|move|p1a: Murkrow|Quash|p2b: Dachsbun\n|-activate|p2b: Dachsbun|move: Quash\n|move|p2a: Chi-Yu|Lava Plume|p1a: Murkrow|[spread] p1a,p1b\n|-ability|p2b: Dachsbun|Well-Baked Body|boost\n|-boost|p2b: Dachsbun|def|2\n|-resisted|p1b: Orthworm\n|-damage|p1a: Murkrow|56\/100\n|-damage|p1b: Orthworm|77\/100\n|-status|p1a: Murkrow|brn\n|move|p1b: Orthworm|Heavy Slam|p2b: Dachsbun\n|-supereffective|p2b: Dachsbun\n|-damage|p2b: Dachsbun|59\/100\n|move|p2b: Dachsbun|Body Press|p1b: Orthworm\n|-damage|p1b: Orthworm|48\/100\n|\n|-heal|p2b: Dachsbun|65\/100|[from] item: Leftovers\n|-heal|p1b: Orthworm|54\/100|[from] item: Leftovers\n|-damage|p1a: Murkrow|50\/100 brn|[from] brn\n|upkeep\n|turn|2\n|inactive|bentoboxkiller has 30 seconds left.\n|inactive|Cyberdevil has 30 seconds left.\n|inactive|Cyberdevil has 20 seconds left.\n|\n|t:|1681872999\n|-terastallize|p2b: Dachsbun|Ghost\n|move|p1b: Orthworm|Protect|p1b: Orthworm\n|-singleturn|p1b: Orthworm|Protect\n|move|p1a: Murkrow|Haze|p1a: Murkrow\n|-clearallboost\n|move|p2a: Chi-Yu|Lava Plume|p1b: Orthworm|[spread] p1a\n|-activate|p1b: Orthworm|move: Protect\n|-ability|p2b: Dachsbun|Well-Baked Body|boost\n|-boost|p2b: Dachsbun|def|2\n|-damage|p1a: Murkrow|6\/100 brn\n|move|p2b: Dachsbun|Wish|p2b: Dachsbun\n|\n|-heal|p2b: Dachsbun|71\/100|[from] item: Leftovers\n|-heal|p1b: Orthworm|60\/100|[from] item: Leftovers\n|-damage|p1a: Murkrow|0 fnt|[from] brn\n|faint|p1a: Murkrow\n|upkeep\n|\n|t:|1681873012\n|switch|p1a: Ting-Lu|Ting-Lu, L50|100\/100\n|-ability|p1a: Ting-Lu|Vessel of Ruin\n|turn|3\n|\n|t:|1681873025\n|move|p2a: Chi-Yu|Lava Plume|p1b: Orthworm|[spread] p1a,p1b\n|-ability|p2b: Dachsbun|Well-Baked Body|boost\n|-boost|p2b: Dachsbun|def|2\n|-resisted|p1b: Orthworm\n|-damage|p1a: Ting-Lu|87\/100\n|-damage|p1b: Orthworm|42\/100\n|move|p2b: Dachsbun|Body Press|p1a: Ting-Lu\n|-supereffective|p1a: Ting-Lu\n|-damage|p1a: Ting-Lu|14\/100\n|move|p1b: Orthworm|Iron Defense|p1b: Orthworm\n|-boost|p1b: Orthworm|def|2\n|move|p1a: Ting-Lu|Earthquake|p2a: Chi-Yu|[spread] p2a,p2b\n|-heal|p1b: Orthworm|67\/100|[from] ability: Earth Eater|[of] p1a: Ting-Lu\n|-supereffective|p2a: Chi-Yu\n|-damage|p2a: Chi-Yu|0 fnt\n|-damage|p2b: Dachsbun|60\/100\n|faint|p2a: Chi-Yu\n|\n|-heal|p2b: Dachsbun|100\/100|[from] move: Wish|[wisher] Dachsbun\n|-heal|p1b: Orthworm|73\/100|[from] item: Leftovers\n|upkeep\n|\n|t:|1681873040\n|switch|p2a: Azumarill|Azumarill, L50, M|100\/100\n|turn|4\n|\n|t:|1681873051\n|switch|p1a: Gyarados|Gyarados, L50, F|100\/100\n|-ability|p1a: Gyarados|Intimidate|boost\n|-unboost|p2a: Azumarill|atk|1\n|-unboost|p2b: Dachsbun|atk|1\n|move|p2b: Dachsbun|Body Press|p1a: Gyarados\n|-resisted|p1a: Gyarados\n|-damage|p1a: Gyarados|68\/100\n|move|p1b: Orthworm|Iron Defense|p1b: Orthworm\n|-boost|p1b: Orthworm|def|2\n|move|p2a: Azumarill|Liquidation|p1b: Orthworm\n|-supereffective|p1b: Orthworm\n|-damage|p1b: Orthworm|55\/100\n|\n|-heal|p1b: Orthworm|61\/100|[from] item: Leftovers\n|upkeep\n|turn|5\n|inactive|Cyberdevil has 30 seconds left.\n|\n|t:|1681873082\n|switch|p2a: Flutter Mane|Flutter Mane, L50|100\/100\n|-enditem|p2a: Flutter Mane|Booster Energy\n|-activate|p2a: Flutter Mane|ability: Protosynthesis|[fromitem]\n|-start|p2a: Flutter Mane|protosynthesisspe\n|move|p2b: Dachsbun|Yawn|p1a: Gyarados\n|-start|p1a: Gyarados|move: Yawn|[of] p2b: Dachsbun\n|move|p1a: Gyarados|Earthquake|p2b: Dachsbun|[spread] p2a,p2b\n|-heal|p1b: Orthworm|86\/100|[from] ability: Earth Eater|[of] p1a: Gyarados\n|-damage|p2a: Flutter Mane|46\/100\n|-damage|p2b: Dachsbun|91\/100\n|move|p1b: Orthworm|Iron Defense|p1b: Orthworm\n|-boost|p1b: Orthworm|def|2\n|\n|-heal|p2b: Dachsbun|97\/100|[from] item: Leftovers\n|-heal|p1b: Orthworm|92\/100|[from] item: Leftovers\n|upkeep\n|turn|6\n|\n|t:|1681873098\n|switch|p1a: Ting-Lu|Ting-Lu, L50|14\/100\n|-ability|p1a: Ting-Lu|Vessel of Ruin\n|move|p2a: Flutter Mane|Protect|p2a: Flutter Mane\n|-singleturn|p2a: Flutter Mane|Protect\n|move|p2b: Dachsbun|Body Press|p1a: Ting-Lu\n|-supereffective|p1a: Ting-Lu\n|-damage|p1a: Ting-Lu|0 fnt\n|faint|p1a: Ting-Lu\n|move|p1b: Orthworm|Heavy Slam|p2a: Flutter Mane\n|-activate|p2a: Flutter Mane|move: Protect\n|\n|-heal|p2b: Dachsbun|100\/100|[from] item: Leftovers\n|-heal|p1b: Orthworm|98\/100|[from] item: Leftovers\n|upkeep\n|\n|t:|1681873104\n|switch|p1a: Gyarados|Gyarados, L50, F|68\/100\n|-ability|p1a: Gyarados|Intimidate|boost\n|-unboost|p2a: Flutter Mane|atk|1\n|-unboost|p2b: Dachsbun|atk|1\n|turn|7\n|\n|t:|1681873127\n|-end|p2a: Flutter Mane|Protosynthesis|[silent]\n|switch|p2a: Azumarill|Azumarill, L50, M|100\/100\n|move|p1a: Gyarados|Protect|p1a: Gyarados\n|-singleturn|p1a: Gyarados|Protect\n|move|p2b: Dachsbun|Yawn|p1a: Gyarados\n|-activate|p1a: Gyarados|move: Protect\n|move|p1b: Orthworm|Heavy Slam|p2a: Azumarill\n|-damage|p2a: Azumarill|60\/100\n|\n|-heal|p1b: Orthworm|100\/100|[from] item: Leftovers\n|upkeep\n|turn|8\n|\n|t:|1681873140\n|move|p2a: Azumarill|Protect|p2a: Azumarill\n|-singleturn|p2a: Azumarill|Protect\n|move|p2b: Dachsbun|Yawn|p1a: Gyarados\n|-start|p1a: Gyarados|move: Yawn|[of] p2b: Dachsbun\n|move|p1a: Gyarados|Taunt|p2b: Dachsbun\n|-start|p2b: Dachsbun|move: Taunt\n|move|p1b: Orthworm|Body Press|p2a: Azumarill\n|-activate|p2a: Azumarill|move: Protect\n|\n|upkeep\n|turn|9\n|\n|t:|1681873154\n|move|p2b: Dachsbun|Body Press|p1a: Gyarados\n|-resisted|p1a: Gyarados\n|-damage|p1a: Gyarados|34\/100\n|move|p1a: Gyarados|Earthquake|p2a: Azumarill|[spread] p2a,p2b\n|-immune|p1b: Orthworm|[from] ability: Earth Eater\n|-damage|p2a: Azumarill|30\/100\n|-damage|p2b: Dachsbun|92\/100\n|move|p1b: Orthworm|Heavy Slam|p2a: Azumarill\n|-damage|p2a: Azumarill|0 fnt\n|faint|p2a: Azumarill\n|\n|-heal|p2b: Dachsbun|98\/100|[from] item: Leftovers\n|-end|p1a: Gyarados|move: Yawn|[silent]\n|-status|p1a: Gyarados|slp\n|-enditem|p1a: Gyarados|Lum Berry|[eat]\n|-curestatus|p1a: Gyarados|slp|[msg]\n|upkeep\n|\n|t:|1681873164\n|switch|p2a: Flutter Mane|Flutter Mane, L50|46\/100\n|turn|10\n|\n|t:|1681873182\n|move|p1a: Gyarados|Protect|p1a: Gyarados\n|-singleturn|p1a: Gyarados|Protect\n|move|p2a: Flutter Mane|Shadow Ball|p1b: Orthworm\n|-damage|p1b: Orthworm|48\/100\n|move|p2b: Dachsbun|Body Press|p1b: Orthworm\n|-damage|p1b: Orthworm|36\/100\n|move|p1b: Orthworm|Heavy Slam|p2a: Flutter Mane\n|-supereffective|p2a: Flutter Mane\n|-damage|p2a: Flutter Mane|0 fnt\n|faint|p2a: Flutter Mane\n|-end|p2a: Flutter Mane|Protosynthesis|[silent]\n|\n|-heal|p2b: Dachsbun|100\/100|[from] item: Leftovers\n|-heal|p1b: Orthworm|42\/100|[from] item: Leftovers\n|upkeep\n|turn|11\n|\n|t:|1681873195\n|move|p2b: Dachsbun|Body Press|p1a: Gyarados\n|-resisted|p1a: Gyarados\n|-damage|p1a: Gyarados|0 fnt\n|faint|p1a: Gyarados\n|move|p1b: Orthworm|Heavy Slam|p2b: Dachsbun\n|-damage|p2b: Dachsbun|86\/100\n|\n|-heal|p2b: Dachsbun|92\/100|[from] item: Leftovers\n|-heal|p1b: Orthworm|49\/100|[from] item: Leftovers\n|-end|p2b: Dachsbun|move: Taunt\n|upkeep\n|turn|12\n|\n|t:|1681873206\n|move|p2b: Dachsbun|Yawn|p1b: Orthworm\n|-start|p1b: Orthworm|move: Yawn|[of] p2b: Dachsbun\n|move|p1b: Orthworm|Heavy Slam|p2b: Dachsbun\n|-damage|p2b: Dachsbun|79\/100\n|\n|-heal|p2b: Dachsbun|85\/100|[from] item: Leftovers\n|-heal|p1b: Orthworm|55\/100|[from] item: Leftovers\n|upkeep\n|turn|13\n|\n|t:|1681873214\n|move|p2b: Dachsbun|Body Press|p1b: Orthworm\n|-damage|p1b: Orthworm|44\/100\n|move|p1b: Orthworm|Heavy Slam|p2b: Dachsbun\n|-damage|p2b: Dachsbun|71\/100\n|\n|-heal|p2b: Dachsbun|77\/100|[from] item: Leftovers\n|-heal|p1b: Orthworm|50\/100|[from] item: Leftovers\n|-end|p1b: Orthworm|move: Yawn|[silent]\n|-status|p1b: Orthworm|slp\n|upkeep\n|turn|14\n|\n|t:|1681873229\n|move|p2b: Dachsbun|Body Press|p1b: Orthworm\n|-damage|p1b: Orthworm|39\/100 slp\n|cant|p1b: Orthworm|slp\n|\n|-heal|p2b: Dachsbun|83\/100|[from] item: Leftovers\n|-heal|p1b: Orthworm|45\/100 slp|[from] item: Leftovers\n|upkeep\n|turn|15\n|\n|t:|1681873237\n|move|p2b: Dachsbun|Body Press|p1b: Orthworm\n|-damage|p1b: Orthworm|33\/100 slp\n|cant|p1b: Orthworm|slp\n|\n|-heal|p2b: Dachsbun|90\/100|[from] item: Leftovers\n|-heal|p1b: Orthworm|39\/100 slp|[from] item: Leftovers\n|upkeep\n|turn|16\n|\n|t:|1681873244\n|move|p2b: Dachsbun|Body Press|p1b: Orthworm\n|-damage|p1b: Orthworm|26\/100 slp\n|-curestatus|p1b: Orthworm|slp|[msg]\n|move|p1b: Orthworm|Heavy Slam|p2b: Dachsbun\n|-damage|p2b: Dachsbun|76\/100\n|\n|-heal|p2b: Dachsbun|82\/100|[from] item: Leftovers\n|-heal|p1b: Orthworm|33\/100|[from] item: Leftovers\n|upkeep\n|turn|17\n|\n|t:|1681873255\n|move|p1b: Orthworm|Protect|p1b: Orthworm\n|-singleturn|p1b: Orthworm|Protect\n|move|p2b: Dachsbun|Yawn|p1b: Orthworm\n|-activate|p1b: Orthworm|move: Protect\n|\n|-heal|p2b: Dachsbun|88\/100|[from] item: Leftovers\n|-heal|p1b: Orthworm|39\/100|[from] item: Leftovers\n|upkeep\n|turn|18\n|\n|t:|1681873263\n|move|p1b: Orthworm|Protect||[still]\n|-fail|p1b: Orthworm\n|move|p2b: Dachsbun|Yawn|p1b: Orthworm\n|-start|p1b: Orthworm|move: Yawn|[of] p2b: Dachsbun\n|\n|-heal|p2b: Dachsbun|94\/100|[from] item: Leftovers\n|-heal|p1b: Orthworm|45\/100|[from] item: Leftovers\n|upkeep\n|turn|19\n|\n|t:|1681873271\n|move|p2b: Dachsbun|Body Press|p1b: Orthworm\n|-damage|p1b: Orthworm|33\/100\n|move|p1b: Orthworm|Heavy Slam|p2b: Dachsbun\n|-damage|p2b: Dachsbun|80\/100\n|\n|-heal|p2b: Dachsbun|86\/100|[from] item: Leftovers\n|-heal|p1b: Orthworm|39\/100|[from] item: Leftovers\n|-end|p1b: Orthworm|move: Yawn|[silent]\n|-status|p1b: Orthworm|slp\n|upkeep\n|turn|20\n|\n|t:|1681873278\n|cant|p1b: Orthworm|slp\n|move|p2b: Dachsbun|Body Press|p1b: Orthworm\n|-damage|p1b: Orthworm|28\/100 slp\n|\n|-heal|p2b: Dachsbun|92\/100|[from] item: Leftovers\n|-heal|p1b: Orthworm|34\/100 slp|[from] item: Leftovers\n|upkeep\n|turn|21\n|\n|t:|1681873284\n|cant|p1b: Orthworm|slp\n|move|p2b: Dachsbun|Body Press|p1b: Orthworm\n|-damage|p1b: Orthworm|23\/100 slp\n|\n|-heal|p2b: Dachsbun|98\/100|[from] item: Leftovers\n|-heal|p1b: Orthworm|29\/100 slp|[from] item: Leftovers\n|upkeep\n|turn|22\n|\n|t:|1681873292\n|cant|p1b: Orthworm|slp\n|move|p2b: Dachsbun|Body Press|p1b: Orthworm\n|-damage|p1b: Orthworm|18\/100 slp\n|\n|-heal|p2b: Dachsbun|100\/100|[from] item: Leftovers\n|-heal|p1b: Orthworm|24\/100 slp|[from] item: Leftovers\n|upkeep\n|turn|23\n|-message|bentoboxkiller forfeited.\n|\n|win|Cyberdevil\n|raw|bentoboxkiller's rating: 1232 → 1208<\/strong> (-24 for losing)\n|raw|Cyberdevil's rating: 1244 → 1268<\/strong> (+24 for winning)\n|l|\u2606bentoboxkiller\n","uploadtime":1681873307,"views":13,"p1id":"bentoboxkiller","p2id":"cyberdevil","formatid":"gen9vgc2023regulationc","rating":1208,"private":0,"password":""}