{"id":"gen9vgc2023regulationc-1852277162","p1":"Fetus Karate","p2":"kwantumvgc","format":"[Gen 9] VGC 2023 Regulation C","log":"|j|\u2606Fetus Karate\n|j|\u2606kwantumvgc\n|t:|1682539298\n|gametype|doubles\n|player|p1|Fetus Karate|hilda|1214\n|player|p2|kwantumvgc|1|1264\n|teamsize|p1|6\n|teamsize|p2|6\n|gen|9\n|tier|[Gen 9] VGC 2023 Regulation C\n|rated|\n|rule|Species Clause: Limit one of each Pok\u00e9mon\n|rule|Item Clause: Limit one of each item\n|clearpoke\n|poke|p1|Tinkaton, L50, F|\n|poke|p1|Gyarados, L50, F|\n|poke|p1|Flutter Mane, L50|\n|poke|p1|Garchomp, L50, M|\n|poke|p1|Talonflame, L50, M|\n|poke|p1|Iron Bundle, L50|\n|poke|p2|Toxicroak, L50, F|\n|poke|p2|Azumarill, L50, M|\n|poke|p2|Flutter Mane, L50|\n|poke|p2|Chi-Yu, L50|\n|poke|p2|Pelipper, L50, M|\n|poke|p2|Amoonguss, L50, M|\n|teampreview|4\n|inactive|Battle timer is ON: inactive players will automatically lose when time's up. (requested by kwantumvgc)\nkwantumvgc has agreed to open team sheets.\n|inactive|Fetus Karate has 60 seconds left.\n|inactive|kwantumvgc has 60 seconds left.\n|\n|t:|1682539356\n|start\n|switch|p1a: Talonflame|Talonflame, L50, M|100\/100\n|switch|p1b: Iron Bundle|Iron Bundle, L50|100\/100\n|switch|p2a: Azumarill|Azumarill, L50, M|100\/100\n|switch|p2b: Pelipper|Pelipper, L50, M|100\/100\n|-weather|RainDance|[from] ability: Drizzle|[of] p2b: Pelipper\n|turn|1\n|inactive|kwantumvgc has 30 seconds left.\n|inactive|kwantumvgc has 20 seconds left.\n|inactive|kwantumvgc has 15 seconds left.\n|\n|t:|1682539401\n|switch|p1a: Gyarados|Gyarados, L50, F|100\/100\n|-ability|p1a: Gyarados|Intimidate|boost\n|-unboost|p2a: Azumarill|atk|1\n|-unboost|p2b: Pelipper|atk|1\n|move|p2b: Pelipper|Protect|p2b: Pelipper\n|-singleturn|p2b: Pelipper|Protect\n|move|p2a: Azumarill|Protect|p2a: Azumarill\n|-singleturn|p2a: Azumarill|Protect\n|move|p1b: Iron Bundle|Freeze-Dry|p2b: Pelipper\n|-activate|p2b: Pelipper|move: Protect\n|\n|-weather|RainDance|[upkeep]\n|upkeep\n|turn|2\n|\n|t:|1682539418\n|switch|p2b: Toxicroak|Toxicroak, L50, F|100\/100\n|move|p1b: Iron Bundle|Encore|p2a: Azumarill\n|-start|p2a: Azumarill|Encore\n|move|p1a: Gyarados|Taunt|p2b: Toxicroak\n|-start|p2b: Toxicroak|move: Taunt\n|move|p2a: Azumarill|Protect||[still]\n|-fail|p2a: Azumarill\n|\n|-weather|RainDance|[upkeep]\n|upkeep\n|turn|3\n|inactive|Fetus Karate has 30 seconds left.\n|inactive|kwantumvgc has 30 seconds left.\n|inactive|Fetus Karate has 20 seconds left.\n|\n|t:|1682539455\n|switch|p1a: Talonflame|Talonflame, L50, M|100\/100\n|switch|p2a: Amoonguss|Amoonguss, L50, M|100\/100\n|-terastallize|p1b: Iron Bundle|Ghost\n|move|p1b: Iron Bundle|Freeze-Dry|p2a: Amoonguss\n|-supereffective|p2a: Amoonguss\n|-damage|p2a: Amoonguss|38\/100\n|move|p2b: Toxicroak|Drain Punch|p1b: Iron Bundle\n|-immune|p1b: Iron Bundle\n|\n|-weather|RainDance|[upkeep]\n|upkeep\n|turn|4\n|inactive|kwantumvgc has 30 seconds left.\n|inactive|kwantumvgc has 20 seconds left.\n|\n|t:|1682539493\n|switch|p2b: Azumarill|Azumarill, L50, M|100\/100\n|move|p2a: Amoonguss|Protect|p2a: Amoonguss\n|-singleturn|p2a: Amoonguss|Protect\n|move|p1a: Talonflame|Brave Bird|p2b: Azumarill\n|-damage|p2b: Azumarill|56\/100\n|-damage|p1a: Talonflame|81\/100|[from] Recoil\n|move|p1b: Iron Bundle|Freeze-Dry|p2a: Amoonguss\n|-activate|p2a: Amoonguss|move: Protect\n|\n|-weather|RainDance|[upkeep]\n|upkeep\n|turn|5\n|\n|t:|1682539515\n|switch|p1a: Gyarados|Gyarados, L50, F|100\/100\n|-ability|p1a: Gyarados|Intimidate|boost\n|-unboost|p2a: Amoonguss|atk|1\n|-unboost|p2b: Azumarill|atk|1\n|move|p2b: Azumarill|Aqua Jet|p1a: Gyarados\n|-resisted|p1a: Gyarados\n|-damage|p1a: Gyarados|88\/100\n|move|p1b: Iron Bundle|Freeze-Dry|p2b: Azumarill\n|-supereffective|p2b: Azumarill\n|-damage|p2b: Azumarill|0 fnt\n|faint|p2b: Azumarill\n|move|p2a: Amoonguss|Spore|p1b: Iron Bundle\n|-status|p1b: Iron Bundle|slp|[from] move: Spore\n|\n|-weather|RainDance|[upkeep]\n|upkeep\n|-message|kwantumvgc forfeited.\n|\n|win|Fetus Karate\n|raw|Fetus Karate's rating: 1214 → 1243<\/strong> (+29 for winning)\n|raw|kwantumvgc's rating: 1264 → 1235<\/strong> (-29 for losing)\n|l|\u2606kwantumvgc\n","uploadtime":1682539573,"views":12,"p1id":"fetuskarate","p2id":"kwantumvgc","formatid":"gen9vgc2023regulationc","rating":1235,"private":0,"password":""}