{"id":"gen9vgc2023regulationc-1861472206","p1":"Freya_23","p2":"revocolombia","format":"[Gen 9] VGC 2023 Regulation C","log":"|j|\u203dFreya_23\n|j|\u2606revocolombia\n|t:|1683762053\n|gametype|doubles\n|player|p1|Freya_23|bellelba|1204\n|player|p2|revocolombia|169|1298\n|teamsize|p1|6\n|teamsize|p2|6\n|gen|9\n|tier|[Gen 9] VGC 2023 Regulation C\n|rated|\n|rule|Species Clause: Limit one of each Pok\u00e9mon\n|rule|Item Clause: Limit one of each item\n|clearpoke\n|poke|p1|Torkoal, L50, F|\n|poke|p1|Ceruledge, L50, F|\n|poke|p1|Great Tusk, L50|\n|poke|p1|Flutter Mane, L50|\n|poke|p1|Brute Bonnet, L50|\n|poke|p1|Iron Bundle, L50|\n|poke|p2|Flutter Mane, L50|\n|poke|p2|Great Tusk, L50|\n|poke|p2|Gholdengo, L50|\n|poke|p2|Chien-Pao, L50|\n|poke|p2|Murkrow, L50, F|\n|poke|p2|Dragonite, L50, M|\n|teampreview|4\n|\n|t:|1683762078\n|start\n|switch|p1a: Torkoal|Torkoal, L50, F|100\/100\n|switch|p1b: Ceruledge|Ceruledge, L50, F|100\/100\n|switch|p2a: Great Tusk|Great Tusk, L50|100\/100\n|switch|p2b: Murkrow|Murkrow, L50, F|100\/100\n|-weather|SunnyDay|[from] ability: Drought|[of] p1a: Torkoal\n|-activate|p2a: Great Tusk|ability: Protosynthesis\n|-start|p2a: Great Tusk|protosynthesisatk\n|turn|1\n|\n|t:|1683762107\n|-terastallize|p1b: Ceruledge|Grass\n|move|p2b: Murkrow|Tailwind|p2b: Murkrow\n|-sidestart|p2: revocolombia|move: Tailwind\n|move|p2a: Great Tusk|Rock Slide|p1a: Torkoal|[spread] p1a,p1b\n|-supereffective|p1a: Torkoal\n|-damage|p1a: Torkoal|62\/100\n|-damage|p1b: Ceruledge|69\/100\n|move|p1b: Ceruledge|Solar Blade||[still]\n|-prepare|p1b: Ceruledge|Solar Blade\n|-anim|p1b: Ceruledge|Solar Blade|p2a: Great Tusk\n|-supereffective|p2a: Great Tusk\n|-damage|p2a: Great Tusk|0 fnt\n|faint|p2a: Great Tusk\n|-end|p2a: Great Tusk|Protosynthesis|[silent]\n|-damage|p1b: Ceruledge|59\/100|[from] item: Life Orb\n|cant|p1a: Torkoal|flinch\n|\n|-weather|SunnyDay|[upkeep]\n|upkeep\n|\n|t:|1683762127\n|switch|p2a: Chien-Pao|Chien-Pao, L50|100\/100\n|-ability|p2a: Chien-Pao|Sword of Ruin\n|turn|2\n|\n|t:|1683762146\n|switch|p2b: Flutter Mane|Flutter Mane, L50|100\/100\n|-activate|p2b: Flutter Mane|ability: Protosynthesis\n|-start|p2b: Flutter Mane|protosynthesisspa\n|move|p1b: Ceruledge|Protect|p1b: Ceruledge\n|-singleturn|p1b: Ceruledge|Protect\n|move|p2a: Chien-Pao|Ice Spinner|p1b: Ceruledge\n|-activate|p1b: Ceruledge|move: Protect\n|move|p1a: Torkoal|Eruption|p2a: Chien-Pao|[spread] p2a,p2b\n|-supereffective|p2a: Chien-Pao\n|-damage|p2a: Chien-Pao|5\/100\n|-damage|p2b: Flutter Mane|64\/100\n|\n|-weather|SunnyDay|[upkeep]\n|upkeep\n|turn|3\n|\n|t:|1683762172\n|move|p2a: Chien-Pao|Sucker Punch|p1b: Ceruledge\n|-damage|p1b: Ceruledge|4\/100\n|move|p1b: Ceruledge|Shadow Sneak|p2b: Flutter Mane\n|-supereffective|p2b: Flutter Mane\n|-damage|p2b: Flutter Mane|0 fnt\n|faint|p2b: Flutter Mane\n|-end|p2b: Flutter Mane|Protosynthesis|[silent]\n|-damage|p1b: Ceruledge|0 fnt|[from] item: Life Orb\n|faint|p1b: Ceruledge\n|move|p1a: Torkoal|Lava Plume|p2a: Chien-Pao\n|-supereffective|p2a: Chien-Pao\n|-damage|p2a: Chien-Pao|0 fnt\n|faint|p2a: Chien-Pao\n|\n|-weather|SunnyDay|[upkeep]\n|upkeep\n|\n|t:|1683762196\n|switch|p2a: Murkrow|Murkrow, L50, F|100\/100\n|switch|p1b: Iron Bundle|Iron Bundle, L50|100\/100\n|-enditem|p1b: Iron Bundle|Booster Energy\n|-activate|p1b: Iron Bundle|ability: Quark Drive|[fromitem]\n|-start|p1b: Iron Bundle|quarkdrivespe\n|turn|4\n|\n|t:|1683762209\n|move|p2a: Murkrow|Sunny Day||[still]\n|-fail|p2a: Murkrow\n|move|p1b: Iron Bundle|Freeze-Dry|p2a: Murkrow\n|-supereffective|p2a: Murkrow\n|-damage|p2a: Murkrow|31\/100\n|move|p1a: Torkoal|Will-O-Wisp|p2a: Murkrow\n|-status|p2a: Murkrow|brn\n|\n|-weather|SunnyDay|[upkeep]\n|-damage|p2a: Murkrow|25\/100 brn|[from] brn\n|-sideend|p2: revocolombia|move: Tailwind\n|upkeep\n|turn|5\n|\n|t:|1683762226\n|move|p2a: Murkrow|Tailwind|p2a: Murkrow\n|-sidestart|p2: revocolombia|move: Tailwind\n|move|p1b: Iron Bundle|Freeze-Dry|p2a: Murkrow\n|-supereffective|p2a: Murkrow\n|-damage|p2a: Murkrow|0 fnt\n|faint|p2a: Murkrow\n|\n|win|Freya_23\n|raw|Freya_23's rating: 1204 → 1236<\/strong> (+32 for winning)\n|raw|revocolombia's rating: 1298 → 1266<\/strong> (-32 for losing)\n","uploadtime":1683762238,"views":6,"p1id":"freya23","p2id":"revocolombia","formatid":"gen9vgc2023regulationc","rating":1236,"private":0,"password":""}