{"id":"gen9vgc2023regulationc-1861470981","p1":"SpadesHS","p2":"Nightfront","format":"[Gen 9] VGC 2023 Regulation C","log":"|j|\u2606SpadesHS\n|j|\u2606Nightfront\n|t:|1683761906\n|gametype|doubles\n|player|p1|SpadesHS|n|\n|player|p2|Nightfront|winona-gen6|\n|teamsize|p1|6\n|teamsize|p2|6\n|gen|9\n|tier|[Gen 9] VGC 2023 Regulation C\n|rule|Species Clause: Limit one of each Pok\u00e9mon\n|rule|Item Clause: Limit one of each item\n|clearpoke\n|poke|p1|Amoonguss, L50, M|\n|poke|p1|Palafin, L50, F|\n|poke|p1|Arcanine, L50, F|\n|poke|p1|Ting-Lu, L50|\n|poke|p1|Kingambit, L50, F|\n|poke|p1|Flutter Mane, L50|\n|poke|p2|Iron Treads, L50|\n|poke|p2|Hydreigon, L50, M|\n|poke|p2|Pawmot, L50, M|\n|poke|p2|Bronzong, L50|\n|poke|p2|Arboliva, L50, M|\n|poke|p2|Sylveon, L50, F|\n|teampreview|4\n|\n|t:|1683761937\n|start\n|switch|p1a: Magnus|Kingambit, L50, F|100\/100\n|switch|p1b: Imposter|Amoonguss, L50, M|100\/100\n|switch|p2a: Sylveon|Sylveon, L50, F|100\/100\n|switch|p2b: Iron Treads|Iron Treads, L50|100\/100\n|turn|1\n|\n|t:|1683761960\n|switch|p1a: Fun Police|Arcanine, L50, F|100\/100\n|-ability|p1a: Fun Police|Intimidate|boost\n|-unboost|p2a: Sylveon|atk|1\n|-fail|p2b: Iron Treads|unboost|[from] item: Clear Amulet|[of] p2b: Iron Treads\n|-terastallize|p2a: Sylveon|Fire\n|move|p2b: Iron Treads|Stomping Tantrum|p1a: Fun Police\n|-supereffective|p1a: Fun Police\n|-damage|p1a: Fun Police|33\/100\n|move|p2a: Sylveon|Tera Blast|p1b: Imposter\n|-supereffective|p1b: Imposter\n|-damage|p1b: Imposter|37\/100\n|move|p1b: Imposter|Spore|p2b: Iron Treads\n|-status|p2b: Iron Treads|slp|[from] move: Spore\n|\n|upkeep\n|turn|2\n|\n|t:|1683761988\n|switch|p1b: Timeline|Flutter Mane, L50|100\/100\n|cant|p2b: Iron Treads|slp\n|move|p1a: Fun Police|Flare Blitz|p2b: Iron Treads\n|-supereffective|p2b: Iron Treads\n|-damage|p2b: Iron Treads|5\/100 slp\n|-damage|p1a: Fun Police|7\/100|[from] Recoil\n|move|p2a: Sylveon|Hyper Voice|p1a: Fun Police|[spread] p1a,p1b\n|-resisted|p1a: Fun Police\n|-damage|p1a: Fun Police|0 fnt\n|-damage|p1b: Timeline|56\/100\n|faint|p1a: Fun Police\n|\n|upkeep\n|\n|t:|1683762000\n|switch|p1a: Magnus|Kingambit, L50, F|100\/100\n|turn|3\n|\n|t:|1683762013\n|-curestatus|p2b: Iron Treads|slp|[msg]\n|move|p2b: Iron Treads|Body Press|p1a: Magnus\n|-supereffective|p1a: Magnus\n|-damage|p1a: Magnus|41\/100\n|move|p1b: Timeline|Dazzling Gleam|p2b: Iron Treads|[spread] p2a,p2b\n|-resisted|p2a: Sylveon\n|-resisted|p2b: Iron Treads\n|-damage|p2a: Sylveon|86\/100\n|-damage|p2b: Iron Treads|0 fnt\n|faint|p2b: Iron Treads\n|-end|p2b: Iron Treads|Quark Drive|[silent]\n|move|p2a: Sylveon|Hyper Voice|p1b: Timeline|[spread] p1a,p1b\n|-damage|p1a: Magnus|0 fnt\n|-damage|p1b: Timeline|14\/100\n|faint|p1a: Magnus\n|\n|upkeep\n|\n|t:|1683762026\n|switch|p2b: Pawmot|Pawmot, L50, M|100\/100\n|switch|p1a: Imposter|Amoonguss, L50, M|70\/100\n|turn|4\n|\n|t:|1683762049\n|-terastallize|p1b: Timeline|Fairy\n|move|p2b: Pawmot|Fake Out|p1a: Imposter\n|-damage|p1a: Imposter|59\/100\n|-damage|p2b: Pawmot|84\/100|[from] item: Rocky Helmet|[of] p1a: Imposter\n|move|p1b: Timeline|Dazzling Gleam|p2b: Pawmot|[spread] p2a,p2b\n|-resisted|p2a: Sylveon\n|-supereffective|p2b: Pawmot\n|-damage|p2a: Sylveon|66\/100\n|-damage|p2b: Pawmot|0 fnt\n|faint|p2b: Pawmot\n|move|p2a: Sylveon|Hyper Voice|p1b: Timeline|[spread] p1a,p1b\n|-resisted|p1a: Imposter\n|-crit|p1b: Timeline\n|-damage|p1a: Imposter|43\/100\n|-damage|p1b: Timeline|0 fnt\n|faint|p1b: Timeline\n|-end|p1b: Timeline|Protosynthesis|[silent]\n|cant|p1a: Imposter|flinch\n|\n|upkeep\n|\n|t:|1683762055\n|switch|p2b: Arboliva|Arboliva, L50, M|100\/100\n|turn|5\n|\n|t:|1683762061\n|move|p2a: Sylveon|Tera Blast|p1a: Imposter\n|-supereffective|p1a: Imposter\n|-damage|p1a: Imposter|0 fnt\n|faint|p1a: Imposter\n|\n|win|Nightfront\n|l|\u2606SpadesHS\n","uploadtime":1683762111,"views":9,"p1id":"spadeshs","p2id":"nightfront","formatid":"gen9vgc2023regulationc","rating":0,"private":0,"password":""}