{"id":"gen9vgc2023regulationc-1851356626","p1":"Reegon23","p2":"Scrinkytroph","format":"[Gen 9] VGC 2023 Regulation C","log":"|j|\u2606Reegon23\n|j|\u2606Scrinkytroph\n|t:|1682438522\n|gametype|doubles\n|player|p1|Reegon23|1|1203\n|player|p2|Scrinkytroph|dawn-gen4pt|1129\n|teamsize|p1|6\n|teamsize|p2|6\n|gen|9\n|tier|[Gen 9] VGC 2023 Regulation C\n|rated|\n|rule|Species Clause: Limit one of each Pok\u00e9mon\n|rule|Item Clause: Limit one of each item\n|clearpoke\n|poke|p1|Palafin, L50, F|\n|poke|p1|Kingambit, L50, F|\n|poke|p1|Flutter Mane, L50|\n|poke|p1|Iron Hands, L50|\n|poke|p1|Chi-Yu, L50|\n|poke|p1|Amoonguss, L50, M|\n|poke|p2|Garchomp, L50, M|\n|poke|p2|Amoonguss, L50, F|\n|poke|p2|Gholdengo, L50|\n|poke|p2|Iron Jugulis, L50|\n|poke|p2|Chi-Yu, L50|\n|poke|p2|Cetitan, L50, M|\n|teampreview|4\n|inactive|Battle timer is ON: inactive players will automatically lose when time's up. (requested by Scrinkytroph)\n|inactive|Reegon23 has 60 seconds left.\n|inactive|Scrinkytroph has 60 seconds left.\n|\n|t:|1682438567\n|start\n|switch|p1a: Amoonguss|Amoonguss, L50, M|100\/100\n|switch|p1b: Palafin|Palafin, L50, F|100\/100\n|switch|p2a: Raiden|Garchomp, L50, M|100\/100\n|switch|p2b: Spicy Nemo|Chi-Yu, L50|100\/100\n|-ability|p2b: Spicy Nemo|Beads of Ruin\n|turn|1\n|inactive|Scrinkytroph has 30 seconds left.\n|inactive|Scrinkytroph has 20 seconds left.\n|inactive|Scrinkytroph has 15 seconds left.\n|\n|t:|1682438608\n|switch|p2b: The Funni|Amoonguss, L50, F, shiny|100\/100\n|move|p2a: Raiden|Swords Dance|p2a: Raiden\n|-boost|p2a: Raiden|atk|2\n|move|p1b: Palafin|Wave Crash|p2b: The Funni\n|-resisted|p2b: The Funni\n|-damage|p2b: The Funni|77\/100\n|-damage|p1b: Palafin|84\/100|[from] item: Rocky Helmet|[of] p2b: The Funni\n|-damage|p1b: Palafin|74\/100|[from] Recoil\n|move|p1a: Amoonguss|Spore|p2a: Raiden\n|-status|p2a: Raiden|slp|[from] move: Spore\n|\n|upkeep\n|turn|2\n|inactive|Scrinkytroph has 30 seconds left.\n|inactive|Scrinkytroph has 20 seconds left.\n|\n|t:|1682438646\n|detailschange|p1b: Palafin|Palafin-Hero, L50, F\n|switch|p1b: Chi-Yu|Chi-Yu, L50|100\/100\n|-ability|p1b: Chi-Yu|Beads of Ruin\n|switch|p1a: Iron Hands|Iron Hands, L50|100\/100\n|cant|p2a: Raiden|slp\n|move|p2b: The Funni|Spore|p1b: Chi-Yu\n|-status|p1b: Chi-Yu|slp|[from] move: Spore\n|\n|upkeep\n|turn|3\n|\n|t:|1682438670\n|move|p1a: Iron Hands|Protect|p1a: Iron Hands\n|-singleturn|p1a: Iron Hands|Protect\n|move|p2b: The Funni|Rage Powder|p2b: The Funni\n|-singleturn|p2b: The Funni|move: Rage Powder\n|-curestatus|p2a: Raiden|slp|[msg]\n|move|p2a: Raiden|Earthquake|p1b: Chi-Yu|[spread] p2b,p1b\n|-activate|p1a: Iron Hands|move: Protect\n|-supereffective|p1b: Chi-Yu\n|-damage|p2b: The Funni|0 fnt\n|-damage|p1b: Chi-Yu|0 fnt\n|faint|p2b: The Funni\n|faint|p1b: Chi-Yu\n|\n|upkeep\n|\n|t:|1682438688\n|switch|p1b: Palafin|Palafin-Hero, L50, F|74\/100\n|switch|p2b: Ghidorah|Iron Jugulis, L50|100\/100\n|-activate|p1b: Palafin|ability: Zero to Hero\n|turn|4\n|inactive|Scrinkytroph has 30 seconds left.\n|\n|t:|1682438713\n|-terastallize|p1a: Iron Hands|Grass\n|move|p2a: Raiden|Protect|p2a: Raiden\n|-singleturn|p2a: Raiden|Protect\n|move|p2b: Ghidorah|Tailwind|p2b: Ghidorah\n|-sidestart|p2: Scrinkytroph|move: Tailwind\n|move|p1b: Palafin|Ice Punch|p2a: Raiden\n|-activate|p2a: Raiden|move: Protect\n|move|p1a: Iron Hands|Wild Charge|p2b: Ghidorah\n|-supereffective|p2b: Ghidorah\n|-enditem|p2b: Ghidorah|Focus Sash\n|-damage|p2b: Ghidorah|1\/100\n|-damage|p1a: Iron Hands|81\/100|[from] Recoil\n|\n|-heal|p1a: Iron Hands|87\/100|[from] item: Leftovers\n|upkeep\n|turn|5\n|inactive|Scrinkytroph has 30 seconds left.\n|\n|t:|1682438746\n|move|p2b: Ghidorah|Protect|p2b: Ghidorah\n|-singleturn|p2b: Ghidorah|Protect\n|move|p1b: Palafin|Jet Punch|p2b: Ghidorah\n|-activate|p2b: Ghidorah|move: Protect\n|move|p2a: Raiden|Dragon Claw|p1b: Palafin\n|-damage|p1b: Palafin|0 fnt\n|faint|p1b: Palafin\n|move|p1a: Iron Hands|Swords Dance|p1a: Iron Hands\n|-boost|p1a: Iron Hands|atk|2\n|\n|-heal|p1a: Iron Hands|94\/100|[from] item: Leftovers\n|upkeep\n|\n|t:|1682438750\n|switch|p1b: Amoonguss|Amoonguss, L50, M|100\/100\n|turn|6\n|inactive|Scrinkytroph has 30 seconds left.\n|\n|t:|1682438778\n|move|p2b: Ghidorah|Taunt|p1b: Amoonguss\n|-start|p1b: Amoonguss|move: Taunt\n|move|p2a: Raiden|Dragon Claw|p1b: Amoonguss\n|-damage|p1b: Amoonguss|7\/100\n|move|p1a: Iron Hands|Drain Punch|p2a: Raiden\n|-damage|p2a: Raiden|13\/100\n|-heal|p1a: Iron Hands|100\/100|[from] drain|[of] p2a: Raiden\n|-damage|p1a: Iron Hands|88\/100|[from] ability: Rough Skin|[of] p2a: Raiden\n|move|p1b: Amoonguss|Sludge Bomb|p2b: Ghidorah\n|-damage|p2b: Ghidorah|0 fnt\n|faint|p2b: Ghidorah\n|-end|p2b: Ghidorah|Quark Drive|[silent]\n|\n|-heal|p2a: Raiden|19\/100|[from] item: Leftovers\n|-heal|p1a: Iron Hands|94\/100|[from] item: Leftovers\n|upkeep\n|\n|t:|1682438797\n|switch|p2b: Spicy Nemo|Chi-Yu, L50|100\/100\n|-ability|p2b: Spicy Nemo|Beads of Ruin\n|turn|7\n|\n|t:|1682438818\n|-terastallize|p2b: Spicy Nemo|Fire\n|move|p2b: Spicy Nemo|Heat Wave|p1b: Amoonguss|[spread] p1a,p1b\n|-supereffective|p1a: Iron Hands\n|-supereffective|p1b: Amoonguss\n|-enditem|p1b: Amoonguss|Occa Berry|[eat]\n|-enditem|p1b: Amoonguss|Occa Berry|[weaken]\n|-damage|p1a: Iron Hands|0 fnt\n|-damage|p1b: Amoonguss|0 fnt\n|faint|p1a: Iron Hands\n|-end|p1a: Iron Hands|Quark Drive|[silent]\n|faint|p1b: Amoonguss\n|\n|win|Scrinkytroph\n|raw|Reegon23's rating: 1203 → 1173<\/strong> (-30 for losing)\n|raw|Scrinkytroph's rating: 1129 → 1159<\/strong> (+30 for winning)\n|l|\u2606Reegon23\n|c|\u2606Scrinkytroph|Gg\n","uploadtime":1682438839,"views":14,"p1id":"reegon23","p2id":"scrinkytroph","formatid":"gen9vgc2023regulationc","rating":1159,"private":0,"password":""}