{"id":"gen9vgc2023regulationc-1856073738","p1":"Allitza","p2":"Testostrazone","format":"[Gen 9] VGC 2023 Regulation C","log":"|j|\u2606Allitza\n|j|\u2606Testostrazone\n|t:|1683026758\n|gametype|doubles\n|player|p1|Allitza|sightseerf|1130\n|player|p2|Testostrazone|brycenman|1153\n|teamsize|p1|6\n|teamsize|p2|6\n|gen|9\n|tier|[Gen 9] VGC 2023 Regulation C\n|rated|\n|rule|Species Clause: Limit one of each Pok\u00e9mon\n|rule|Item Clause: Limit one of each item\n|clearpoke\n|poke|p1|Palafin, L50, F|\n|poke|p1|Hydreigon, L50, M|\n|poke|p1|Meowscarada, L50, M|\n|poke|p1|Sylveon, L50, F|\n|poke|p1|Clodsire, L50, F|\n|poke|p1|Corviknight, L50, M|\n|poke|p2|Bronzong, L50|\n|poke|p2|Iron Hands, L50|\n|poke|p2|Hatterene, L50, F|\n|poke|p2|Ting-Lu, L50|\n|poke|p2|Torkoal, L50, F|\n|poke|p2|Sunflora, L50, F|\n|teampreview|4\n|inactive|Battle timer is ON: inactive players will automatically lose when time's up. (requested by Allitza)\n|\n|t:|1683026802\n|start\n|switch|p1a: Palafin|Palafin, L50, F|100\/100\n|switch|p1b: Clodsire|Clodsire, L50, F|100\/100\n|switch|p2a: Iron Hands|Iron Hands, L50|100\/100\n|switch|p2b: Bronzong|Bronzong, L50|100\/100\n|turn|1\n|\n|t:|1683026826\n|move|p2a: Iron Hands|Fake Out|p1b: Clodsire\n|-damage|p1b: Clodsire|83\/100\n|move|p1a: Palafin|Flip Turn|p2b: Bronzong\n|-crit|p2b: Bronzong\n|-damage|p2b: Bronzong|64\/100\n|\n|t:|1683026834\n|detailschange|p1a: Palafin|Palafin-Hero, L50, F\n|switch|p1a: Hydreigon|Hydreigon, L50, M|100\/100|[from] Flip Turn\n|cant|p1b: Clodsire|flinch\n|move|p2b: Bronzong|Trick Room|p2b: Bronzong\n|-fieldstart|move: Trick Room|[of] p2b: Bronzong\n|\n|-heal|p1b: Clodsire|89\/100|[from] item: Black Sludge\n|upkeep\n|turn|2\n|\n|t:|1683026853\n|move|p2b: Bronzong|Protect|p2b: Bronzong\n|-singleturn|p2b: Bronzong|Protect\n|move|p1b: Clodsire|Earthquake|p2b: Bronzong|[spread] p2a\n|-activate|p2b: Bronzong|move: Protect\n|-immune|p1a: Hydreigon|[from] ability: Levitate\n|-supereffective|p2a: Iron Hands\n|-damage|p2a: Iron Hands|71\/100\n|move|p2a: Iron Hands|Drain Punch|p1a: Hydreigon\n|-supereffective|p1a: Hydreigon\n|-damage|p1a: Hydreigon|3\/100\n|-heal|p2a: Iron Hands|100\/100|[from] drain|[of] p1a: Hydreigon\n|move|p1a: Hydreigon|Fire Blast|p2b: Bronzong\n|-activate|p2b: Bronzong|move: Protect\n|\n|-heal|p1b: Clodsire|95\/100|[from] item: Black Sludge\n|upkeep\n|turn|3\n|inactive|Testostrazone has 30 seconds left.\n|\n|t:|1683026881\n|switch|p1a: Sylveon|Sylveon, L50, F|100\/100\n|move|p2b: Bronzong|Gyro Ball|p1b: Clodsire\n|-damage|p1b: Clodsire|84\/100\n|move|p1b: Clodsire|Yawn|p2b: Bronzong\n|-start|p2b: Bronzong|move: Yawn|[of] p1b: Clodsire\n|move|p2a: Iron Hands|Volt Switch|p1a: Sylveon\n|-damage|p1a: Sylveon|93\/100\n|\n|t:|1683026892\n|-end|p2a: Iron Hands|Quark Drive|[silent]\n|switch|p2a: Torkoal|Torkoal, L50, F|100\/100|[from] Volt Switch\n|-weather|SunnyDay|[from] ability: Drought|[of] p2a: Torkoal\n|\n|-weather|SunnyDay|[upkeep]\n|-heal|p1b: Clodsire|90\/100|[from] item: Black Sludge\n|upkeep\n|turn|4\n|inactive|Testostrazone has 30 seconds left.\n|\n|t:|1683026919\n|switch|p2b: Iron Hands|Iron Hands, L50|100\/100\n|-terastallize|p2a: Torkoal|Fire\n|-terastallize|p1a: Sylveon|Fire\n|move|p2a: Torkoal|Eruption|p1a: Sylveon|[spread] p1a,p1b\n|-resisted|p1a: Sylveon\n|-crit|p1b: Clodsire\n|-damage|p1a: Sylveon|67\/100\n|-damage|p1b: Clodsire|0 fnt\n|faint|p1b: Clodsire\n|move|p1a: Sylveon|Shadow Ball|p2a: Torkoal\n|-damage|p2a: Torkoal|66\/100\n|\n|-weather|SunnyDay|[upkeep]\n|upkeep\n|j| Topperlecat\n|\n|t:|1683026931\n|switch|p1b: Palafin|Palafin-Hero, L50, F|100\/100\n|-activate|p1b: Palafin|ability: Zero to Hero\n|turn|5\n|\n|t:|1683026947\n|move|p1b: Palafin|Jet Punch|p2a: Torkoal\n|-supereffective|p2a: Torkoal\n|-damage|p2a: Torkoal|24\/100\n|move|p2a: Torkoal|Heat Wave|p1a: Sylveon|[spread] p1a,p1b\n|-resisted|p1a: Sylveon\n|-crit|p1a: Sylveon\n|-resisted|p1b: Palafin\n|-damage|p1a: Sylveon|42\/100\n|-damage|p1b: Palafin|54\/100\n|move|p2b: Iron Hands|Volt Switch|p1b: Palafin\n|-supereffective|p1b: Palafin\n|-damage|p1b: Palafin|23\/100\n|\n|t:|1683026960\n|-end|p2b: Iron Hands|Quark Drive|[silent]\n|switch|p2b: Bronzong|Bronzong, L50|64\/100|[from] Volt Switch\n|move|p1a: Sylveon|Hyper Voice|p2b: Bronzong|[spread] p2a,p2b\n|-resisted|p2a: Torkoal\n|-resisted|p2b: Bronzong\n|-damage|p2a: Torkoal|0 fnt\n|-damage|p2b: Bronzong|47\/100\n|faint|p2a: Torkoal\n|\n|-weather|SunnyDay|[upkeep]\n|-fieldend|move: Trick Room\n|upkeep\n|\n|t:|1683026971\n|switch|p2a: Iron Hands|Iron Hands, L50|100\/100\n|turn|6\n|\n|t:|1683026986\n|move|p2a: Iron Hands|Fake Out|p1a: Sylveon\n|-damage|p1a: Sylveon|22\/100\n|move|p1b: Palafin|Jet Punch|p2b: Bronzong\n|-damage|p2b: Bronzong|26\/100\n|cant|p1a: Sylveon|flinch\n|move|p2b: Bronzong|Trick Room|p2b: Bronzong\n|-fieldstart|move: Trick Room|[of] p2b: Bronzong\n|\n|-weather|SunnyDay|[upkeep]\n|upkeep\n|turn|7\n|inactive|Testostrazone has 30 seconds left.\n|\n|t:|1683027017\n|move|p2b: Bronzong|Protect|p2b: Bronzong\n|-singleturn|p2b: Bronzong|Protect\n|move|p1b: Palafin|Jet Punch|p2a: Iron Hands\n|-damage|p2a: Iron Hands|83\/100\n|move|p2a: Iron Hands|Wild Charge|p1b: Palafin\n|-supereffective|p1b: Palafin\n|-damage|p1b: Palafin|0 fnt\n|faint|p1b: Palafin\n|-damage|p2a: Iron Hands|79\/100|[from] Recoil\n|move|p1a: Sylveon|Hyper Voice|p2a: Iron Hands|[spread] p2a\n|-activate|p2b: Bronzong|move: Protect\n|-supereffective|p2a: Iron Hands\n|-damage|p2a: Iron Hands|36\/100\n|\n|-weather|none\n|upkeep\n|\n|t:|1683027027\n|switch|p1b: Hydreigon|Hydreigon, L50, M|3\/100\n|turn|8\n|\n|t:|1683027041\n|move|p1a: Sylveon|Quick Attack|p2a: Iron Hands\n|-supereffective|p2a: Iron Hands\n|-damage|p2a: Iron Hands|22\/100\n|move|p2b: Bronzong|Gyro Ball|p1b: Hydreigon\n|-crit|p1b: Hydreigon\n|-damage|p1b: Hydreigon|0 fnt\n|faint|p1b: Hydreigon\n|move|p2a: Iron Hands|Wild Charge|p1a: Sylveon\n|-damage|p1a: Sylveon|0 fnt\n|faint|p1a: Sylveon\n|-damage|p2a: Iron Hands|17\/100|[from] Recoil\n|\n|win|Testostrazone\n|raw|Allitza's rating: 1130 → 1107<\/strong> (-23 for losing)\n|raw|Testostrazone's rating: 1153 → 1176<\/strong> (+23 for winning)\n|l|\u2606Allitza\n|c|\u2606Testostrazone|GG\n|l| Topperlecat\n","uploadtime":1683027046,"views":13,"p1id":"allitza","p2id":"testostrazone","formatid":"gen9vgc2023regulationc","rating":1107,"private":0,"password":""}