{"id":"gen9vgc2023regulationc-1856112464","p1":"hnknt","p2":"Vengeful potato","format":"[Gen 9] VGC 2023 Regulation C","log":"|j|\u2606hnknt\n|j|\u2606Vengeful potato\n|t:|1683031489\n|gametype|doubles\n|player|p1|hnknt|101|1364\n|player|p2|Vengeful potato|swimmer-gen4|1359\n|teamsize|p1|6\n|teamsize|p2|6\n|gen|9\n|tier|[Gen 9] VGC 2023 Regulation C\n|rated|\n|rule|Species Clause: Limit one of each Pok\u00e9mon\n|rule|Item Clause: Limit one of each item\n|clearpoke\n|poke|p1|Flutter Mane, L50|\n|poke|p1|Arcanine, L50, M|\n|poke|p1|Ting-Lu, L50|\n|poke|p1|Iron Hands, L50|\n|poke|p1|Dondozo, L50, M|\n|poke|p1|Tatsugiri, L50, M|\n|poke|p2|Dudunsparce-*, L50, M|\n|poke|p2|Hariyama, L50, M|\n|poke|p2|Gholdengo, L50|\n|poke|p2|Salamence, L50, F|\n|poke|p2|Amoonguss, L50, F|\n|poke|p2|Drednaw, L50, M|\n|teampreview|4\n|\n|t:|1683031575\n|start\n|switch|p1a: Dondozo|Dondozo, L50, M, shiny|100\/100\n|switch|p1b: Flutter Mane|Flutter Mane, L50|100\/100\n|switch|p2a: It\u2019s Sparcin\u2019 time|Dudunsparce, L50, M|100\/100\n|switch|p2b: THICC|Hariyama, L50, M, shiny|100\/100\n|-enditem|p1b: Flutter Mane|Booster Energy\n|-activate|p1b: Flutter Mane|ability: Protosynthesis|[fromitem]\n|-start|p1b: Flutter Mane|protosynthesisspe\n|turn|1\n|\n|t:|1683031607\n|move|p2b: THICC|Bullet Punch|p1b: Flutter Mane\n|-supereffective|p1b: Flutter Mane\n|-damage|p1b: Flutter Mane|59\/100\n|move|p1b: Flutter Mane|Moonblast|p2b: THICC\n|-supereffective|p2b: THICC\n|-damage|p2b: THICC|29\/100\n|move|p2a: It\u2019s Sparcin\u2019 time|Glare|p1a: Dondozo\n|-status|p1a: Dondozo|par\n|cant|p1a: Dondozo|par\n|\n|upkeep\n|turn|2\n|\n|t:|1683031638\n|move|p1b: Flutter Mane|Moonblast|p2b: THICC\n|-supereffective|p2b: THICC\n|-damage|p2b: THICC|0 fnt\n|faint|p2b: THICC\n|move|p2a: It\u2019s Sparcin\u2019 time|Rock Slide|p1b: Flutter Mane|[spread] p1a,p1b\n|-damage|p1a: Dondozo|93\/100 par\n|-damage|p1b: Flutter Mane|38\/100\n|cant|p1a: Dondozo|flinch\n|\n|-heal|p1a: Dondozo|99\/100 par|[from] item: Leftovers\n|upkeep\n|\n|t:|1683031648\n|switch|p2b: Croissant|Salamence, L50, F|100\/100\n|-ability|p2b: Croissant|Intimidate|boost\n|-fail|p1a: Dondozo|unboost|Attack|[from] ability: Oblivious|[of] p1a: Dondozo\n|-unboost|p1b: Flutter Mane|atk|1\n|turn|3\n|\n|t:|1683031664\n|switch|p2b: Big Stonks|Gholdengo, L50|100\/100\n|move|p1b: Flutter Mane|Moonblast|p2b: Big Stonks\n|-resisted|p2b: Big Stonks\n|-damage|p2b: Big Stonks|79\/100\n|move|p2a: It\u2019s Sparcin\u2019 time|Rock Slide|p1b: Flutter Mane|[spread] p1a,p1b\n|-damage|p1a: Dondozo|91\/100 par\n|-damage|p1b: Flutter Mane|14\/100\n|cant|p1a: Dondozo|flinch\n|\n|-heal|p1a: Dondozo|97\/100 par|[from] item: Leftovers\n|upkeep\n|turn|4\n|\n|t:|1683031682\n|-terastallize|p2b: Big Stonks|Fairy\n|move|p1b: Flutter Mane|Shadow Ball|p2b: Big Stonks\n|-damage|p2b: Big Stonks|43\/100\n|move|p2b: Big Stonks|Hex|p1a: Dondozo\n|-damage|p1a: Dondozo|12\/100 par\n|move|p2a: It\u2019s Sparcin\u2019 time|Rock Slide|p1b: Flutter Mane|[spread] p1a,p1b\n|-damage|p1a: Dondozo|4\/100 par\n|-damage|p1b: Flutter Mane|0 fnt\n|faint|p1b: Flutter Mane\n|-end|p1b: Flutter Mane|Protosynthesis|[silent]\n|cant|p1a: Dondozo|flinch\n|\n|-heal|p1a: Dondozo|10\/100 par|[from] item: Leftovers\n|upkeep\n|\n|t:|1683031697\n|switch|p1b: Ting-Lu|Ting-Lu, L50|100\/100\n|-ability|p1b: Ting-Lu|Vessel of Ruin\n|turn|5\n|\n|t:|1683031704\n|switch|p2b: Croissant|Salamence, L50, F|100\/100\n|-ability|p2b: Croissant|Intimidate|boost\n|-fail|p1a: Dondozo|unboost|Attack|[from] ability: Oblivious|[of] p1a: Dondozo\n|-fail|p1b: Ting-Lu|unboost|[from] item: Clear Amulet|[of] p1b: Ting-Lu\n|move|p2a: It\u2019s Sparcin\u2019 time|Glare|p1b: Ting-Lu\n|-status|p1b: Ting-Lu|par\n|move|p1b: Ting-Lu|Heavy Slam|p2b: Croissant\n|-damage|p2b: Croissant|70\/100\n|move|p1a: Dondozo|Yawn|p2a: It\u2019s Sparcin\u2019 time\n|-start|p2a: It\u2019s Sparcin\u2019 time|move: Yawn|[of] p1a: Dondozo\n|\n|-heal|p1a: Dondozo|15\/100 par|[from] item: Leftovers\n|upkeep\n|turn|6\n|\n|t:|1683031722\n|switch|p2a: Big Stonks|Gholdengo, L50, tera:Fairy|43\/100\n|move|p2b: Croissant|Air Slash|p1a: Dondozo\n|-damage|p1a: Dondozo|0 fnt\n|faint|p1a: Dondozo\n|move|p1b: Ting-Lu|Heavy Slam|p2a: Big Stonks\n|-supereffective|p2a: Big Stonks\n|-damage|p2a: Big Stonks|0 fnt\n|faint|p2a: Big Stonks\n|\n|upkeep\n|\n|t:|1683031731\n|switch|p2a: It\u2019s Sparcin\u2019 time|Dudunsparce, L50, M|100\/100\n|switch|p1a: Arcanine|Arcanine, L50, M|100\/100\n|-ability|p1a: Arcanine|Intimidate|boost\n|-unboost|p2a: It\u2019s Sparcin\u2019 time|atk|1\n|-unboost|p2b: Croissant|atk|1\n|turn|7\n|\n|t:|1683031749\n|move|p1a: Arcanine|Flare Blitz|p2a: It\u2019s Sparcin\u2019 time\n|-damage|p2a: It\u2019s Sparcin\u2019 time|61\/100\n|-damage|p1a: Arcanine|87\/100|[from] Recoil\n|move|p2b: Croissant|Air Slash|p1b: Ting-Lu\n|-damage|p1b: Ting-Lu|82\/100 par\n|move|p2a: It\u2019s Sparcin\u2019 time|Glare|p1a: Arcanine\n|-status|p1a: Arcanine|par\n|move|p1b: Ting-Lu|Rock Slide|p2b: Croissant|[spread] p2a,p2b\n|-supereffective|p2b: Croissant\n|-damage|p2a: It\u2019s Sparcin\u2019 time|48\/100\n|-damage|p2b: Croissant|42\/100\n|-enditem|p2a: It\u2019s Sparcin\u2019 time|Sitrus Berry|[eat]\n|-heal|p2a: It\u2019s Sparcin\u2019 time|73\/100|[from] item: Sitrus Berry\n|\n|upkeep\n|turn|8\n|\n|t:|1683031765\n|move|p2b: Croissant|Roost|p2b: Croissant\n|-heal|p2b: Croissant|93\/100\n|-singleturn|p2b: Croissant|move: Roost\n|move|p2a: It\u2019s Sparcin\u2019 time|Rock Slide|p1a: Arcanine|[spread] p1a,p1b\n|-supereffective|p1a: Arcanine\n|-crit|p1a: Arcanine\n|-resisted|p1b: Ting-Lu\n|-damage|p1a: Arcanine|41\/100 par\n|-damage|p1b: Ting-Lu|80\/100 par\n|cant|p1a: Arcanine|flinch\n|cant|p1b: Ting-Lu|flinch\n|\n|upkeep\n|turn|9\n|l|\u2606hnknt\n|player|p1|\n|\n|t:|1683031776\n|move|p2b: Croissant|Air Slash|p1b: Ting-Lu\n|-damage|p1b: Ting-Lu|59\/100 par\n|move|p2a: It\u2019s Sparcin\u2019 time|Rock Slide|p1a: Arcanine|[spread] p1a,p1b\n|-supereffective|p1a: Arcanine\n|-resisted|p1b: Ting-Lu\n|-damage|p1a: Arcanine|23\/100 par\n|-damage|p1b: Ting-Lu|57\/100 par\n|cant|p1a: Arcanine|flinch\n|cant|p1b: Ting-Lu|flinch\n|\n|upkeep\n|turn|10\n|inactive|Battle timer is ON: inactive players will automatically lose when time's up. (requested by Vengeful potato)\n|inactive|hnknt has 30 seconds to reconnect!\n|inactive|hnknt has 20 seconds to reconnect!\n|inactive|hnknt has 15 seconds to reconnect!\n|inactive|hnknt has 10 seconds to reconnect!\n|inactive|hnknt has 5 seconds to reconnect!\n|-message|hnknt lost due to inactivity.\n|\n|win|Vengeful potato\n|raw|hnknt's rating: 1364 → 1344<\/strong> (-20 for losing)\n|raw|Vengeful potato's rating: 1359 → 1379<\/strong> (+20 for winning)\n","uploadtime":1683031882,"views":6,"p1id":"hnknt","p2id":"vengefulpotato","formatid":"gen9vgc2023regulationc","rating":1344,"private":0,"password":""}