{"id":"gen9vgc2023regulationc-1863099200","p1":"Arcacagne","p2":"Finally I did it","format":"[Gen 9] VGC 2023 Regulation C","log":"|j|\u2606Arcacagne\n|j|\u2606Finally I did it\n|t:|1683969697\n|gametype|doubles\n|player|p1|Arcacagne|169|1322\n|player|p2|Finally I did it|twins-gen4dp|1263\n|teamsize|p1|6\n|teamsize|p2|6\n|gen|9\n|tier|[Gen 9] VGC 2023 Regulation C\n|rated|\n|rule|Species Clause: Limit one of each Pok\u00e9mon\n|rule|Item Clause: Limit one of each item\n|clearpoke\n|poke|p1|Chi-Yu, L50|\n|poke|p1|Flutter Mane, L50|\n|poke|p1|Amoonguss, L50, F|\n|poke|p1|Ting-Lu, L50|\n|poke|p1|Iron Hands, L50|\n|poke|p1|Gyarados, L50, M|\n|poke|p2|Oranguru, L50, M|\n|poke|p2|Scream Tail, L50|\n|poke|p2|Maushold, L50|\n|poke|p2|Arcanine, L50, M|\n|poke|p2|Meowscarada, L50, F|\n|poke|p2|Gholdengo, L50|\n|teampreview|4\n|inactive|Battle timer is ON: inactive players will automatically lose when time's up. (requested by Arcacagne)\n|\n|t:|1683969768\n|start\n|switch|p1a: Chi-Yu|Chi-Yu, L50|100\/100\n|switch|p1b: Flutter Mane|Flutter Mane, L50|100\/100\n|switch|p2a: Arcanine|Arcanine, L50, M|100\/100\n|switch|p2b: Maushold|Maushold, L50|100\/100\n|-ability|p1a: Chi-Yu|Beads of Ruin\n|-ability|p2a: Arcanine|Intimidate|boost\n|-unboost|p1a: Chi-Yu|atk|1\n|-unboost|p1b: Flutter Mane|atk|1\n|-item|p2a: Arcanine|Air Balloon\n|-enditem|p1b: Flutter Mane|Booster Energy\n|-activate|p1b: Flutter Mane|ability: Protosynthesis|[fromitem]\n|-start|p1b: Flutter Mane|protosynthesisspe\n|turn|1\n|inactive|Arcacagne has 30 seconds left.\n|inactive|Arcacagne has 20 seconds left.\n|\n|t:|1683969807\n|-end|p1b: Flutter Mane|Protosynthesis|[silent]\n|switch|p1b: Gyarados|Gyarados, L50, M|100\/100\n|-ability|p1b: Gyarados|Intimidate|boost\n|-unboost|p2a: Arcanine|atk|1\n|-unboost|p2b: Maushold|atk|1\n|-terastallize|p1a: Chi-Yu|Ghost\n|move|p2b: Maushold|Protect|p2b: Maushold\n|-singleturn|p2b: Maushold|Protect\n|move|p1a: Chi-Yu|Overheat|p2b: Maushold\n|-activate|p2b: Maushold|move: Protect\n|move|p2a: Arcanine|Snarl|p1a: Chi-Yu|[spread] p1a,p1b\n|-supereffective|p1a: Chi-Yu\n|-damage|p1a: Chi-Yu|79\/100\n|-damage|p1b: Gyarados|91\/100\n|-unboost|p1a: Chi-Yu|spa|1\n|-unboost|p1b: Gyarados|spa|1\n|\n|upkeep\n|turn|2\n|inactive|Finally I did it has 30 seconds left.\n|inactive|Finally I did it has 20 seconds left.\n|inactive|Finally I did it has 15 seconds left.\n|\n|t:|1683969851\n|switch|p1a: Ting-Lu|Ting-Lu, L50|100\/100\n|-ability|p1a: Ting-Lu|Vessel of Ruin\n|move|p2b: Maushold|Shadow Claw|p1a: Ting-Lu\n|-resisted|p1a: Ting-Lu\n|-damage|p1a: Ting-Lu|97\/100\n|move|p2a: Arcanine|Will-O-Wisp|p1b: Gyarados\n|-status|p1b: Gyarados|brn\n|move|p1b: Gyarados|Thunder Wave|p2b: Maushold\n|-status|p2b: Maushold|par\n|\n|-damage|p1b: Gyarados|85\/100 brn|[from] brn\n|upkeep\n|turn|3\n|inactive|Finally I did it has 30 seconds left.\n|inactive|Finally I did it has 20 seconds left.\n|inactive|Finally I did it has 15 seconds left.\n|inactive|Finally I did it has 10 seconds left.\n|\n|t:|1683969899\n|switch|p1a: Chi-Yu|Chi-Yu, L50, tera:Ghost|79\/100\n|-ability|p1a: Chi-Yu|Beads of Ruin\n|move|p2a: Arcanine|Will-O-Wisp|p1a: Chi-Yu\n|-status|p1a: Chi-Yu|brn\n|move|p1b: Gyarados|Thunder Wave|p2a: Arcanine\n|-status|p2a: Arcanine|par\n|move|p2b: Maushold|Population Bomb|p1b: Gyarados\n|-damage|p1b: Gyarados|77\/100 brn\n|-damage|p1b: Gyarados|69\/100 brn\n|-damage|p1b: Gyarados|61\/100 brn\n|-damage|p1b: Gyarados|54\/100 brn\n|-damage|p1b: Gyarados|46\/100 brn\n|-damage|p1b: Gyarados|39\/100 brn\n|-damage|p1b: Gyarados|31\/100 brn\n|-damage|p1b: Gyarados|24\/100 brn\n|-damage|p1b: Gyarados|17\/100 brn\n|-damage|p1b: Gyarados|10\/100 brn\n|-hitcount|p1b: Gyarados|10\n|\n|-damage|p1a: Chi-Yu|73\/100 brn|[from] brn\n|-damage|p1b: Gyarados|4\/100 brn|[from] brn\n|upkeep\n|turn|4\n|inactive|Arcacagne has 30 seconds left.\n|inactive|Arcacagne has 20 seconds left.\n|inactive|Arcacagne has 15 seconds left.\n|inactive|Finally I did it has 30 seconds left.\n|inactive|Arcacagne has 10 seconds left.\n|\n|t:|1683969947\n|move|p2b: Maushold|Protect|p2b: Maushold\n|-singleturn|p2b: Maushold|Protect\n|move|p1a: Chi-Yu|Dark Pulse|p2a: Arcanine\n|-damage|p2a: Arcanine|57\/100 par\n|-enditem|p2a: Arcanine|Air Balloon\n|move|p1b: Gyarados|Waterfall|p2b: Maushold\n|-activate|p2b: Maushold|move: Protect\n|cant|p2a: Arcanine|flinch\n|\n|-damage|p1a: Chi-Yu|67\/100 brn|[from] brn\n|-damage|p1b: Gyarados|0 fnt|[from] brn\n|faint|p1b: Gyarados\n|upkeep\n|\n|t:|1683969967\n|switch|p1b: Flutter Mane|Flutter Mane, L50|100\/100\n|turn|5\n|\n|t:|1683969985\n|move|p1b: Flutter Mane|Dazzling Gleam|p2b: Maushold|[spread] p2a,p2b\n|-resisted|p2a: Arcanine\n|-damage|p2a: Arcanine|44\/100 par\n|-damage|p2b: Maushold|49\/100 par\n|move|p1a: Chi-Yu|Dark Pulse|p2b: Maushold\n|-damage|p2b: Maushold|0 fnt\n|faint|p2b: Maushold\n|move|p2a: Arcanine|Snarl|p1a: Chi-Yu|[spread] p1a\n|-miss|p2a: Arcanine|p1b: Flutter Mane\n|-supereffective|p1a: Chi-Yu\n|-damage|p1a: Chi-Yu|47\/100 brn\n|-unboost|p1a: Chi-Yu|spa|1\n|\n|-damage|p1a: Chi-Yu|41\/100 brn|[from] brn\n|upkeep\n|c|\u2606Finally I did it|sick\n|inactive|Finally I did it has 30 seconds left.\n|\n|t:|1683970019\n|switch|p2b: Meowscarada|Meowscarada, L50, F|100\/100\n|turn|6\n|inactive|Arcacagne has 30 seconds left.\n|\n|t:|1683970045\n|move|p2b: Meowscarada|Sucker Punch|p1a: Chi-Yu\n|-supereffective|p1a: Chi-Yu\n|-damage|p1a: Chi-Yu|0 fnt\n|faint|p1a: Chi-Yu\n|move|p1b: Flutter Mane|Shadow Ball|p2a: Arcanine\n|-damage|p2a: Arcanine|16\/100 par\n|cant|p2a: Arcanine|par\n|\n|upkeep\n|\n|t:|1683970053\n|switch|p1a: Ting-Lu|Ting-Lu, L50|97\/100\n|-ability|p1a: Ting-Lu|Vessel of Ruin\n|turn|7\n|\n|t:|1683970078\n|move|p1b: Flutter Mane|Protect|p1b: Flutter Mane\n|-singleturn|p1b: Flutter Mane|Protect\n|move|p2b: Meowscarada|Protect|p2b: Meowscarada\n|-singleturn|p2b: Meowscarada|Protect\n|move|p1a: Ting-Lu|Throat Chop|p2a: Arcanine\n|-damage|p2a: Arcanine|0 fnt\n|faint|p2a: Arcanine\n|\n|upkeep\n|\n|t:|1683970086\n|switch|p2a: Gholdengo|Gholdengo, L50|100\/100\n|turn|8\n|\n|t:|1683970110\n|-terastallize|p2a: Gholdengo|Flying\n|move|p1b: Flutter Mane|Icy Wind|p2b: Meowscarada|[spread] p2a,p2b\n|-supereffective|p2a: Gholdengo\n|-supereffective|p2b: Meowscarada\n|-damage|p2a: Gholdengo|84\/100\n|-damage|p2b: Meowscarada|67\/100\n|-unboost|p2a: Gholdengo|spe|1\n|-unboost|p2b: Meowscarada|spe|1\n|move|p2b: Meowscarada|Flower Trick|p1b: Flutter Mane\n|-crit|p1b: Flutter Mane\n|-damage|p1b: Flutter Mane|11\/100\n|move|p1a: Ting-Lu|Throat Chop|p2a: Gholdengo\n|-damage|p2a: Gholdengo|41\/100\n|-start|p2a: Gholdengo|Throat Chop|[silent]\n|move|p2a: Gholdengo|Shadow Ball|p1b: Flutter Mane\n|-supereffective|p1b: Flutter Mane\n|-damage|p1b: Flutter Mane|0 fnt\n|faint|p1b: Flutter Mane\n|-end|p1b: Flutter Mane|Protosynthesis|[silent]\n|\n|-heal|p2a: Gholdengo|47\/100|[from] item: Leftovers\n|upkeep\n|turn|9\n|-message|Arcacagne forfeited.\n|\n|win|Finally I did it\n|raw|Arcacagne's rating: 1322 → 1299<\/strong> (-23 for losing)\n|raw|Finally I did it's rating: 1263 → 1292<\/strong> (+29 for winning)\n","uploadtime":1683970132,"views":11,"p1id":"arcacagne","p2id":"finallyididit","formatid":"gen9vgc2023regulationc","rating":1292,"private":0,"password":""}