{"id":"gen9vgc2023regulationc-1845839986","p1":"Matutinha","p2":"TingLusing","format":"[Gen 9] VGC 2023 Regulation C","log":"|j|\u2606Matutinha\n|j|\u2606TingLusing\n|t:|1681770046\n|gametype|doubles\n|player|p1|Matutinha|266|1664\n|player|p2|TingLusing|marnie-league|1759\n|teamsize|p1|6\n|teamsize|p2|6\n|gen|9\n|tier|[Gen 9] VGC 2023 Regulation C\n|rated|\n|rule|Species Clause: Limit one of each Pok\u00e9mon\n|rule|Item Clause: Limit one of each item\n|clearpoke\n|poke|p1|Vivillon, L50, F|\n|poke|p1|Iron Bundle, L50|\n|poke|p1|Abomasnow, L50, M|\n|poke|p1|Ting-Lu, L50|\n|poke|p1|Dragonite, L50, M|\n|poke|p1|Chien-Pao, L50|\n|poke|p2|Glimmora, L50, F|\n|poke|p2|Dragonite, L50, M|\n|poke|p2|Dondozo, L50, F|\n|poke|p2|Tatsugiri, L50, F|\n|poke|p2|Chi-Yu, L50|\n|poke|p2|Iron Bundle, L50|\n|teampreview|4\nTingLusing has agreed to open team sheets.\n|inactive|Battle timer is ON: inactive players will automatically lose when time's up. (requested by TingLusing)\n|j| Daisy Chainsaw\n|inactive|Matutinha has 60 seconds left.\n|inactive|Matutinha has 30 seconds left.\n|\n|t:|1681770114\n|start\n|switch|p1a: Ting-Lu|Ting-Lu, L50|100\/100\n|switch|p1b: Iron Bundle|Iron Bundle, L50|100\/100\n|switch|p2a: Glimmora|Glimmora, L50, F|100\/100\n|switch|p2b: Chi-Yu|Chi-Yu, L50|100\/100\n|-ability|p2b: Chi-Yu|Beads of Ruin\n|-ability|p1a: Ting-Lu|Vessel of Ruin\n|-enditem|p1b: Iron Bundle|Booster Energy\n|-activate|p1b: Iron Bundle|ability: Quark Drive|[fromitem]\n|-start|p1b: Iron Bundle|quarkdrivespe\n|turn|1\n|j| hard trier\n|l| hard trier\n|\n|t:|1681770130\n|-terastallize|p1a: Ting-Lu|Fire\n|move|p1b: Iron Bundle|Protect|p1b: Iron Bundle\n|-singleturn|p1b: Iron Bundle|Protect\n|move|p2b: Chi-Yu|Protect|p2b: Chi-Yu\n|-singleturn|p2b: Chi-Yu|Protect\n|move|p2a: Glimmora|Power Gem|p1b: Iron Bundle\n|-activate|p1b: Iron Bundle|move: Protect\n|move|p1a: Ting-Lu|Earthquake|p2b: Chi-Yu|[spread] p2a\n|-activate|p1b: Iron Bundle|move: Protect\n|-activate|p2b: Chi-Yu|move: Protect\n|-supereffective|p2a: Glimmora\n|-damage|p2a: Glimmora|0 fnt\n|-activate|p2a: Glimmora|ability: Toxic Debris\n|-sidestart|p1: Matutinha|move: Toxic Spikes\n|faint|p2a: Glimmora\n|\n|upkeep\n|\n|t:|1681770134\n|switch|p2a: Dondozo|Dondozo, L50, F|100\/100\n|turn|2\n|\n|t:|1681770157\n|switch|p2b: Tatsugiri|Tatsugiri, L50, F|100\/100\n|-activate|p2b: Tatsugiri|ability: Commander|[of] p2a: Dondozo\n|-boost|p2a: Dondozo|atk|2\n|-boost|p2a: Dondozo|spa|2\n|-boost|p2a: Dondozo|spe|2\n|-boost|p2a: Dondozo|def|2\n|-boost|p2a: Dondozo|spd|2\n|-terastallize|p2a: Dondozo|Grass\n|move|p1b: Iron Bundle|Freeze-Dry|p2a: Dondozo\n|-supereffective|p2a: Dondozo\n|-crit|p2a: Dondozo\n|-damage|p2a: Dondozo|33\/100\n|move|p2a: Dondozo|Tera Blast|p1b: Iron Bundle\n|-supereffective|p1b: Iron Bundle\n|-damage|p1b: Iron Bundle|0 fnt\n|faint|p1b: Iron Bundle\n|-end|p1b: Iron Bundle|Quark Drive|[silent]\n|move|p1a: Ting-Lu|Throat Chop|p2b: Tatsugiri|[miss]\n|-miss|p1a: Ting-Lu|p2b: Tatsugiri\n|\n|-heal|p2a: Dondozo|39\/100|[from] item: Leftovers\n|upkeep\n|\n|t:|1681770173\n|switch|p1b: Chien-Pao|Chien-Pao, L50|100\/100\n|-status|p1b: Chien-Pao|psn\n|-ability|p1b: Chien-Pao|Sword of Ruin\n|turn|3\n|\n|t:|1681770178\n|move|p1b: Chien-Pao|Haze|p1b: Chien-Pao\n|-clearallboost\n|move|p2a: Dondozo|Wave Crash|p1b: Chien-Pao\n|-damage|p1b: Chien-Pao|45\/100 psn\n|-enditem|p1b: Chien-Pao|Sitrus Berry|[eat]\n|-heal|p1b: Chien-Pao|70\/100 psn|[from] item: Sitrus Berry\n|-damage|p2a: Dondozo|24\/100|[from] Recoil\n|move|p1a: Ting-Lu|Throat Chop|p2a: Dondozo\n|-damage|p2a: Dondozo|0 fnt\n|faint|p2a: Dondozo\n|\n|-damage|p1b: Chien-Pao|57\/100 psn|[from] psn\n|upkeep\n|\n|t:|1681770183\n|switch|p2a: Chi-Yu|Chi-Yu, L50|100\/100\n|-ability|p2a: Chi-Yu|Beads of Ruin\n|turn|4\n|\n|t:|1681770199\n|move|p1b: Chien-Pao|Protect|p1b: Chien-Pao\n|-singleturn|p1b: Chien-Pao|Protect\n|move|p2a: Chi-Yu|Protect|p2a: Chi-Yu\n|-singleturn|p2a: Chi-Yu|Protect\n|move|p2b: Tatsugiri|Muddy Water|p1b: Chien-Pao|[spread] p1a\n|-activate|p1b: Chien-Pao|move: Protect\n|-supereffective|p1a: Ting-Lu\n|-damage|p1a: Ting-Lu|48\/100\n|move|p1a: Ting-Lu|Earthquake|p2a: Chi-Yu|[spread] p2b\n|-activate|p1b: Chien-Pao|move: Protect\n|-activate|p2a: Chi-Yu|move: Protect\n|-damage|p2b: Tatsugiri|0 fnt\n|faint|p2b: Tatsugiri\n|\n|-damage|p1b: Chien-Pao|45\/100 psn|[from] psn\n|upkeep\n|turn|5\n|-message|TingLusing forfeited.\n|\n|win|Matutinha\n|raw|Matutinha's rating: 1664 → 1689<\/strong> (+25 for winning)\n|raw|TingLusing's rating: 1759 → 1734<\/strong> (-25 for losing)\n|l|\u2606TingLusing\n|j|\u2606TingLusing\n|player|p2|TingLusing|marnie-league\n","uploadtime":1681770217,"views":4,"p1id":"matutinha","p2id":"tinglusing","formatid":"gen9vgc2023regulationc","rating":1689,"private":0,"password":""}