{"id":"gen9vgc2023regulationc-1858015931","p1":"Ijustwantagarchomp","p2":"zeth886","format":"[Gen 9] VGC 2023 Regulation C","log":"|j|\u2606Ijustwantagarchomp\n|j|\u2606zeth886\n|t:|1683260683\n|gametype|doubles\n|player|p1|Ijustwantagarchomp|169|1149\n|player|p2|zeth886|102|1119\n|teamsize|p1|6\n|teamsize|p2|6\n|gen|9\n|tier|[Gen 9] VGC 2023 Regulation C\n|rated|\n|rule|Species Clause: Limit one of each Pok\u00e9mon\n|rule|Item Clause: Limit one of each item\n|clearpoke\n|poke|p1|Corviknight, L50, M|\n|poke|p1|Baxcalibur, L50, M|\n|poke|p1|Volcarona, L50, F|\n|poke|p1|Gastrodon, L50, F|\n|poke|p1|Scizor, L50, M|\n|poke|p1|Iron Hands, L50|\n|poke|p2|Chien-Pao, L50|\n|poke|p2|Dragonite, L50, M|\n|poke|p2|Gengar, L50, M|\n|poke|p2|Chi-Yu, L50|\n|poke|p2|Scizor, L50, F|\n|poke|p2|Gyarados, L50, M|\n|teampreview|4\n|\n|t:|1683260770\n|start\n|switch|p1a: Baxcalibur|Baxcalibur, L50, M|100\/100\n|switch|p1b: Iron Hands|Iron Hands, L50|100\/100\n|switch|p2a: Chi-Yu|Chi-Yu, L50|100\/100\n|switch|p2b: Gengar|Gengar, L50, M|100\/100\n|-ability|p2a: Chi-Yu|Beads of Ruin\n|turn|1\n|\n|t:|1683260838\n|switch|p2a: Gyarados|Gyarados, L50, M|100\/100\n|-ability|p2a: Gyarados|Intimidate|boost\n|-unboost|p1a: Baxcalibur|atk|1\n|-unboost|p1b: Iron Hands|atk|1\n|move|p2b: Gengar|Sludge Bomb|p1a: Baxcalibur\n|-damage|p1a: Baxcalibur|56\/100\n|move|p1a: Baxcalibur|Icicle Spear|p2a: Gyarados\n|-damage|p2a: Gyarados|90\/100\n|-damage|p2a: Gyarados|79\/100\n|-damage|p2a: Gyarados|68\/100\n|-damage|p2a: Gyarados|56\/100\n|-hitcount|p2a: Gyarados|4\n|move|p1b: Iron Hands|Wild Charge|p2b: Gengar\n|-damage|p2b: Gengar|38\/100\n|-start|p1b: Iron Hands|Disable|Wild Charge|[from] ability: Cursed Body|[of] p2b: Gengar\n|-damage|p1b: Iron Hands|92\/100|[from] Recoil\n|\n|upkeep\n|turn|2\n|\n|t:|1683260886\n|-end|p1b: Iron Hands|Quark Drive|[silent]\n|switch|p1b: Gastrodon|Gastrodon, L50, F|100\/100\n|-terastallize|p2a: Gyarados|Ground\n|move|p2b: Gengar|Sludge Bomb|p1a: Baxcalibur\n|-damage|p1a: Baxcalibur|14\/100\n|-status|p1a: Baxcalibur|psn\n|move|p1a: Baxcalibur|Icicle Spear|p2b: Gengar\n|-damage|p2b: Gengar|17\/100\n|-damage|p2b: Gengar|0 fnt\n|faint|p2b: Gengar\n|-hitcount|p2: Gengar|2\n|move|p2a: Gyarados|Earthquake|p1b: Gastrodon|[spread] p1a,p1b\n|-damage|p1a: Baxcalibur|0 fnt\n|-damage|p1b: Gastrodon|60\/100\n|faint|p1a: Baxcalibur\n|\n|upkeep\n|\n|t:|1683260914\n|switch|p2b: Scizor|Scizor, L50, F|100\/100\n|switch|p1a: Iron Hands|Iron Hands, L50|92\/100\n|turn|3\n|\n|t:|1683260971\n|move|p2a: Gyarados|Facade|p1a: Iron Hands\n|-damage|p1a: Iron Hands|73\/100\n|move|p2b: Scizor|Trailblaze|p1b: Gastrodon\n|-supereffective|p1b: Gastrodon\n|-crit|p1b: Gastrodon\n|-damage|p1b: Gastrodon|0 fnt\n|-boost|p2b: Scizor|spe|1\n|faint|p1b: Gastrodon\n|-damage|p2b: Scizor|91\/100|[from] item: Life Orb\n|move|p1a: Iron Hands|Drain Punch|p2a: Gyarados\n|-damage|p2a: Gyarados|11\/100\n|-heal|p1a: Iron Hands|90\/100|[from] drain|[of] p2a: Gyarados\n|\n|upkeep\n|\n|t:|1683260984\n|switch|p1b: Scizor|Scizor, L50, M|100\/100\n|turn|4\n|\n|t:|1683261022\n|move|p1b: Scizor|Bullet Punch|p2a: Gyarados\n|-damage|p2a: Gyarados|0 fnt\n|faint|p2a: Gyarados\n|move|p2b: Scizor|Trailblaze|p1a: Iron Hands\n|-damage|p1a: Iron Hands|63\/100\n|-boost|p2b: Scizor|spe|1\n|-damage|p2b: Scizor|82\/100|[from] item: Life Orb\n|move|p1a: Iron Hands|Drain Punch|p2b: Scizor\n|-crit|p2b: Scizor\n|-damage|p2b: Scizor|17\/100\n|-heal|p1a: Iron Hands|84\/100|[from] drain|[of] p2b: Scizor\n|\n|upkeep\n|\n|t:|1683261036\n|switch|p2a: Chi-Yu|Chi-Yu, L50|100\/100\n|-ability|p2a: Chi-Yu|Beads of Ruin\n|turn|5\n|\n|t:|1683261061\n|-terastallize|p1b: Scizor|Fire\n|move|p2b: Scizor|Bullet Punch|p1b: Scizor\n|-resisted|p1b: Scizor\n|-damage|p1b: Scizor|75\/100\n|-damage|p2b: Scizor|7\/100|[from] item: Life Orb\n|move|p2a: Chi-Yu|Heat Wave|p1b: Scizor|[spread] p1a,p1b\n|-resisted|p1b: Scizor\n|-damage|p1a: Iron Hands|44\/100\n|-damage|p1b: Scizor|30\/100\n|move|p1b: Scizor|Tailwind|p1b: Scizor\n|-sidestart|p1: Ijustwantagarchomp|move: Tailwind\n|move|p1a: Iron Hands|Drain Punch|p2a: Chi-Yu\n|-supereffective|p2a: Chi-Yu\n|-damage|p2a: Chi-Yu|0 fnt\n|-heal|p1a: Iron Hands|70\/100|[from] drain|[of] p2a: Chi-Yu\n|faint|p2a: Chi-Yu\n|\n|upkeep\n|turn|6\n|l|\u2606zeth886\n|player|p2|\n|inactive|Battle timer is ON: inactive players will automatically lose when time's up. (requested by Ijustwantagarchomp)\n|inactive|zeth886 has 30 seconds to reconnect!\n|inactive|zeth886 has 20 seconds to reconnect!\n|inactive|zeth886 has 15 seconds to reconnect!\n|inactive|zeth886 has 10 seconds to reconnect!\n|inactive|zeth886 has 5 seconds to reconnect!\n|-message|zeth886 lost due to inactivity.\n|\n|win|Ijustwantagarchomp\n|raw|Ijustwantagarchomp's rating: 1149 → 1172<\/strong> (+23 for winning)\n|raw|zeth886's rating: 1119 → 1096<\/strong> (-23 for losing)\n","uploadtime":1683261224,"views":8,"p1id":"ijustwantagarchomp","p2id":"zeth886","formatid":"gen9vgc2023regulationc","rating":1096,"private":0,"password":""}