{"id":"gen9vgc2023regulationc-1851516207","p1":"KLooby","p2":"Duecal1on","format":"[Gen 9] VGC 2023 Regulation C","log":"|j|\u2606KLooby\n|j|\u2606Duecal1on\n|t:|1682451738\n|gametype|doubles\n|player|p1|KLooby|265|1108\n|player|p2|Duecal1on|pokefan|1048\n|teamsize|p1|6\n|teamsize|p2|6\n|gen|9\n|tier|[Gen 9] VGC 2023 Regulation C\n|rated|\n|rule|Species Clause: Limit one of each Pok\u00e9mon\n|rule|Item Clause: Limit one of each item\n|clearpoke\n|poke|p1|Wo-Chien, L50|\n|poke|p1|Ting-Lu, L50|\n|poke|p1|Glimmora, L50, F|\n|poke|p1|Garganacl, L50, F|\n|poke|p1|Flutter Mane, L50|\n|poke|p1|Dragonite, L50, F|\n|poke|p2|Ting-Lu, L50|\n|poke|p2|Rotom-Wash, L50|\n|poke|p2|Scizor, L50, M|\n|poke|p2|Dondozo, L50, M|\n|poke|p2|Tatsugiri-Stretchy, L50, M|\n|poke|p2|Iron Bundle, L50|\n|teampreview|4\n|inactive|Battle timer is ON: inactive players will automatically lose when time's up. (requested by KLooby)\n|inactive|KLooby has 60 seconds left.\n|\n|t:|1682451777\n|start\n|switch|p1a: Ting-Lu|Ting-Lu, L50|100\/100\n|switch|p1b: Garganacl|Garganacl, L50, F|100\/100\n|switch|p2a: Scizor|Scizor, L50, M|100\/100\n|switch|p2b: Rotom|Rotom-Wash, L50|100\/100\n|-ability|p1a: Ting-Lu|Vessel of Ruin\n|turn|1\n|inactive|KLooby has 30 seconds left.\n|\n|t:|1682451810\n|switch|p2b: Dondozo|Dondozo, L50, M, shiny|100\/100\n|move|p2a: Scizor|Swords Dance|p2a: Scizor\n|-boost|p2a: Scizor|atk|2\n|move|p1a: Ting-Lu|Ruination|p2b: Dondozo\n|-damage|p2b: Dondozo|51\/100\n|move|p1b: Garganacl|Salt Cure|p2b: Dondozo\n|-crit|p2b: Dondozo\n|-damage|p2b: Dondozo|36\/100\n|-start|p2b: Dondozo|Salt Cure\n|\n|-heal|p2b: Dondozo|43\/100|[from] item: Leftovers\n|-damage|p2b: Dondozo|18\/100|[from] Salt Cure\n|upkeep\n|turn|2\n|inactive|Duecal1on has 30 seconds left.\n|\n|t:|1682451838\n|move|p1b: Garganacl|Protect|p1b: Garganacl\n|-singleturn|p1b: Garganacl|Protect\n|move|p2a: Scizor|Bullet Punch|p1b: Garganacl\n|-activate|p1b: Garganacl|move: Protect\n|move|p1a: Ting-Lu|Bulldoze|p2a: Scizor|[spread] p2a,p2b\n|-activate|p1b: Garganacl|move: Protect\n|-damage|p2a: Scizor|84\/100\n|-damage|p2b: Dondozo|7\/100\n|-unboost|p2b: Dondozo|spe|1\n|move|p2b: Dondozo|Wave Crash|p1a: Ting-Lu\n|-supereffective|p1a: Ting-Lu\n|-damage|p1a: Ting-Lu|55\/100\n|-damage|p2b: Dondozo|0 fnt|[from] Recoil\n|faint|p2b: Dondozo\n|\n|upkeep\n|\n|t:|1682451843\n|switch|p2b: Rotom|Rotom-Wash, L50|100\/100\n|turn|3\n|inactive|KLooby has 30 seconds left.\n|\n|t:|1682451869\n|-terastallize|p1b: Garganacl|Water\n|move|p2a: Scizor|Bullet Punch|p1b: Garganacl\n|-resisted|p1b: Garganacl\n|-damage|p1b: Garganacl|77\/100\n|move|p2b: Rotom|Hydro Pump|p1a: Ting-Lu|[miss]\n|-miss|p2b: Rotom|p1a: Ting-Lu\n|move|p1a: Ting-Lu|Ruination|p2a: Scizor|[miss]\n|-miss|p1a: Ting-Lu|p2a: Scizor\n|move|p1b: Garganacl|Salt Cure|p2a: Scizor\n|-damage|p2a: Scizor|69\/100\n|-start|p2a: Scizor|Salt Cure\n|\n|-heal|p1b: Garganacl|83\/100|[from] item: Leftovers\n|-damage|p2a: Scizor|45\/100|[from] Salt Cure\n|upkeep\n|turn|4\n|inactive|KLooby has 30 seconds left.\n|\n|t:|1682451901\n|-terastallize|p2b: Rotom|Electric\n|move|p2a: Scizor|Feint|p1b: Garganacl\n|-damage|p1b: Garganacl|61\/100\n|move|p2b: Rotom|Thunderbolt|p1b: Garganacl\n|-supereffective|p1b: Garganacl\n|-damage|p1b: Garganacl|9\/100\n|move|p1a: Ting-Lu|Ruination|p2b: Rotom\n|-damage|p2b: Rotom|51\/100\n|move|p1b: Garganacl|Substitute|p1b: Garganacl\n|-fail|p1b: Garganacl|move: Substitute|[weak]\n|\n|-heal|p1b: Garganacl|15\/100|[from] item: Leftovers\n|-damage|p2a: Scizor|20\/100|[from] Salt Cure\n|upkeep\n|turn|5\n|\n|t:|1682451924\n|switch|p2a: Ting-Lu|Ting-Lu, L50|100\/100\n|-ability|p2a: Ting-Lu|Vessel of Ruin\n|switch|p1b: Glimmora|Glimmora, L50, F|100\/100\n|move|p2b: Rotom|Hydro Pump|p1a: Ting-Lu\n|-supereffective|p1a: Ting-Lu\n|-crit|p1a: Ting-Lu\n|-damage|p1a: Ting-Lu|13\/100\n|move|p1a: Ting-Lu|Snarl|p2a: Ting-Lu|[spread] p2a,p2b\n|-resisted|p2a: Ting-Lu\n|-damage|p2a: Ting-Lu|99\/100\n|-damage|p2b: Rotom|43\/100\n|-unboost|p2a: Ting-Lu|spa|1\n|-unboost|p2b: Rotom|spa|1\n|-enditem|p2b: Rotom|Sitrus Berry|[eat]\n|-heal|p2b: Rotom|67\/100|[from] item: Sitrus Berry\n|\n|upkeep\n|turn|6\n|inactive|KLooby has 30 seconds left.\n|inactive|Duecal1on has 30 seconds left.\n|\n|t:|1682451958\n|move|p2b: Rotom|Protect|p2b: Rotom\n|-singleturn|p2b: Rotom|Protect\n|move|p1b: Glimmora|Mortal Spin|p2a: Ting-Lu|[spread] p2a\n|-activate|p2b: Rotom|move: Protect\n|-resisted|p2a: Ting-Lu\n|-damage|p2a: Ting-Lu|97\/100\n|-status|p2a: Ting-Lu|psn\n|move|p1a: Ting-Lu|Snarl|p2a: Ting-Lu|[spread] p2a\n|-activate|p2b: Rotom|move: Protect\n|-resisted|p2a: Ting-Lu\n|-damage|p2a: Ting-Lu|96\/100 psn\n|-unboost|p2a: Ting-Lu|spa|1\n|move|p2a: Ting-Lu|Stomping Tantrum|p1b: Glimmora\n|-supereffective|p1b: Glimmora\n|-enditem|p1b: Glimmora|Focus Sash\n|-damage|p1b: Glimmora|1\/100\n|-activate|p1b: Glimmora|ability: Toxic Debris\n|-sidestart|p2: Duecal1on|move: Toxic Spikes\n|\n|-damage|p2a: Ting-Lu|83\/100 psn|[from] psn\n|upkeep\n|turn|7\n|inactive|KLooby has 30 seconds left.\n|inactive|Duecal1on has 30 seconds left.\n|\n|t:|1682451993\n|move|p1b: Glimmora|Spiky Shield|p1b: Glimmora\n|-singleturn|p1b: Glimmora|move: Protect\n|move|p2b: Rotom|Hydro Pump|p1a: Ting-Lu\n|-supereffective|p1a: Ting-Lu\n|-damage|p1a: Ting-Lu|0 fnt\n|faint|p1a: Ting-Lu\n|move|p2a: Ting-Lu|Snarl|p1b: Glimmora\n|-activate|p1b: Glimmora|move: Protect\n|\n|-damage|p2a: Ting-Lu|71\/100 psn|[from] psn\n|upkeep\n|\n|t:|1682452008\n|switch|p1a: Garganacl|Garganacl, L50, F, tera:Water|15\/100\n|turn|8\n|\n|t:|1682452014\n|move|p2b: Rotom|Protect|p2b: Rotom\n|-singleturn|p2b: Rotom|Protect\n|move|p1a: Garganacl|Protect|p1a: Garganacl\n|-singleturn|p1a: Garganacl|Protect\n|move|p1b: Glimmora|Mortal Spin|p2b: Rotom|[spread] p2a\n|-activate|p2b: Rotom|move: Protect\n|-resisted|p2a: Ting-Lu\n|-damage|p2a: Ting-Lu|70\/100 psn\n|move|p2a: Ting-Lu|Snarl|p1a: Garganacl|[spread] p1b\n|-activate|p1a: Garganacl|move: Protect\n|-damage|p1b: Glimmora|0 fnt\n|faint|p1b: Glimmora\n|\n|-heal|p1a: Garganacl|20\/100|[from] item: Leftovers\n|-damage|p2a: Ting-Lu|58\/100 psn|[from] psn\n|upkeep\n|\n|t:|1682452029\n|switch|p1b: Flutter Mane|Flutter Mane, L50|100\/100\n|-enditem|p1b: Flutter Mane|Booster Energy\n|-activate|p1b: Flutter Mane|ability: Protosynthesis|[fromitem]\n|-start|p1b: Flutter Mane|protosynthesisspe\n|turn|9\n|\n|t:|1682452045\n|move|p1b: Flutter Mane|Dazzling Gleam|p2b: Rotom|[spread] p2a,p2b\n|-supereffective|p2a: Ting-Lu\n|-damage|p2a: Ting-Lu|36\/100 psn\n|-damage|p2b: Rotom|42\/100\n|move|p2b: Rotom|Thunderbolt|p1a: Garganacl\n|-supereffective|p1a: Garganacl\n|-damage|p1a: Garganacl|0 fnt\n|faint|p1a: Garganacl\n|move|p2a: Ting-Lu|Snarl|p1b: Flutter Mane\n|-damage|p1b: Flutter Mane|94\/100\n|-unboost|p1b: Flutter Mane|spa|1\n|\n|-damage|p2a: Ting-Lu|24\/100 psn|[from] psn\n|upkeep\n|turn|10\n|\n|t:|1682452061\n|move|p2b: Rotom|Protect|p2b: Rotom\n|-singleturn|p2b: Rotom|Protect\n|move|p1b: Flutter Mane|Dazzling Gleam|p2b: Rotom|[spread] p2a\n|-activate|p2b: Rotom|move: Protect\n|-supereffective|p2a: Ting-Lu\n|-damage|p2a: Ting-Lu|8\/100 psn\n|move|p2a: Ting-Lu|Ruination|p1b: Flutter Mane\n|-damage|p1b: Flutter Mane|47\/100\n|\n|-damage|p2a: Ting-Lu|0 fnt|[from] psn\n|faint|p2a: Ting-Lu\n|upkeep\n|\n|t:|1682452074\n|switch|p2a: Scizor|Scizor, L50, M|20\/100\n|turn|11\n|\n|t:|1682452082\n|move|p2a: Scizor|Bullet Punch|p1b: Flutter Mane\n|-supereffective|p1b: Flutter Mane\n|-damage|p1b: Flutter Mane|0 fnt\n|faint|p1b: Flutter Mane\n|-end|p1b: Flutter Mane|Protosynthesis|[silent]\n|\n|win|Duecal1on\n|raw|KLooby's rating: 1108 → 1079<\/strong> (-29 for losing)\n|raw|Duecal1on's rating: 1048 → 1086<\/strong> (+38 for winning)\n|l|\u2606KLooby\n","uploadtime":1682452089,"views":18,"p1id":"klooby","p2id":"duecal1on","formatid":"gen9vgc2023regulationc","rating":1079,"private":0,"password":""}