{"id":"gen9vgc2023regulationc-1847796802","p1":"whosgemini","p2":"Futturo","format":"[Gen 9] VGC 2023 Regulation C","log":"|j|\u2606whosgemini\n|j|\u2606Futturo\n|t:|1682002747\n|gametype|doubles\n|player|p1|whosgemini|n|1100\n|player|p2|Futturo|266|1125\n|teamsize|p1|6\n|teamsize|p2|6\n|gen|9\n|tier|[Gen 9] VGC 2023 Regulation C\n|rated|\n|rule|Species Clause: Limit one of each Pok\u00e9mon\n|rule|Item Clause: Limit one of each item\n|clearpoke\n|poke|p1|Ceruledge, L50, M|\n|poke|p1|Torkoal, L50, F|\n|poke|p1|Lilligant, L50, F|\n|poke|p1|Flutter Mane, L50|\n|poke|p1|Roaring Moon, L50|\n|poke|p1|Pachirisu, L50, F|\n|poke|p2|Ceruledge, L50, F|\n|poke|p2|Scizor, L50, F|\n|poke|p2|Great Tusk, L50|\n|poke|p2|Palafin, L50, M|\n|poke|p2|Murkrow, L50, M|\n|poke|p2|Gyarados, L50, M|\n|teampreview|4\nFutturo has agreed to open team sheets.\n|inactive|Battle timer is ON: inactive players will automatically lose when time's up. (requested by Futturo)\n|\n|t:|1682002773\n|start\n|switch|p1a: Flutter Mane|Flutter Mane, L50|100\/100\n|switch|p1b: Torkoal|Torkoal, L50, F|100\/100\n|switch|p2a: Ceruledge|Ceruledge, L50, F|100\/100\n|switch|p2b: Palafin|Palafin, L50, M|100\/100\n|-weather|SunnyDay|[from] ability: Drought|[of] p1b: Torkoal\n|-activate|p1a: Flutter Mane|ability: Protosynthesis\n|-start|p1a: Flutter Mane|protosynthesisspa\n|turn|1\n|\n|t:|1682002795\n|-terastallize|p2a: Ceruledge|Grass\n|move|p2b: Palafin|Protect|p2b: Palafin\n|-singleturn|p2b: Palafin|Protect\n|move|p2a: Ceruledge|Shadow Sneak|p1a: Flutter Mane\n|-supereffective|p1a: Flutter Mane\n|-damage|p1a: Flutter Mane|20\/100\n|move|p1a: Flutter Mane|Shadow Ball|p2a: Ceruledge\n|-damage|p2a: Ceruledge|32\/100\n|move|p1b: Torkoal|Will-O-Wisp|p2b: Palafin\n|-activate|p2b: Palafin|move: Protect\n|\n|-weather|SunnyDay|[upkeep]\n|upkeep\n|turn|2\n|inactive|Futturo has 30 seconds left.\n|inactive|Futturo has 20 seconds left.\n|\n|t:|1682002831\n|detailschange|p2b: Palafin|Palafin-Hero, L50, M\n|switch|p2b: Gyarados|Gyarados, L50, M|100\/100\n|-ability|p2b: Gyarados|Intimidate|boost\n|-unboost|p1a: Flutter Mane|atk|1\n|-unboost|p1b: Torkoal|atk|1\n|move|p1a: Flutter Mane|Protect|p1a: Flutter Mane\n|-singleturn|p1a: Flutter Mane|Protect\n|move|p2a: Ceruledge|Protect|p2a: Ceruledge\n|-singleturn|p2a: Ceruledge|Protect\n|move|p1b: Torkoal|Yawn|p2a: Ceruledge\n|-activate|p2a: Ceruledge|move: Protect\n|\n|-weather|SunnyDay|[upkeep]\n|upkeep\n|turn|3\n|\n|t:|1682002855\n|-end|p1a: Flutter Mane|Protosynthesis|[silent]\n|switch|p1a: Roaring Moon|Roaring Moon, L50|100\/100\n|-activate|p1a: Roaring Moon|ability: Protosynthesis\n|-start|p1a: Roaring Moon|protosynthesisatk\n|move|p2a: Ceruledge|Shadow Sneak|p1a: Roaring Moon\n|-resisted|p1a: Roaring Moon\n|-damage|p1a: Roaring Moon|88\/100\n|move|p2b: Gyarados|Waterfall|p1b: Torkoal\n|-supereffective|p1b: Torkoal\n|-damage|p1b: Torkoal|76\/100\n|move|p1b: Torkoal|Will-O-Wisp|p2a: Ceruledge\n|-start|p2a: Ceruledge|ability: Flash Fire\n|\n|-weather|SunnyDay|[upkeep]\n|upkeep\n|turn|4\n|\n|t:|1682002878\n|move|p1a: Roaring Moon|Dragon Dance|p1a: Roaring Moon\n|-boost|p1a: Roaring Moon|atk|1\n|-boost|p1a: Roaring Moon|spe|1\n|move|p2a: Ceruledge|Bitter Blade|p1a: Roaring Moon\n|-resisted|p1a: Roaring Moon\n|-damage|p1a: Roaring Moon|30\/100\n|-heal|p2a: Ceruledge|67\/100|[from] drain|[of] p1a: Roaring Moon\n|move|p2b: Gyarados|Thunder Wave|p1a: Roaring Moon|[miss]\n|-miss|p2b: Gyarados|p1a: Roaring Moon\n|move|p1b: Torkoal|Will-O-Wisp|p2b: Gyarados\n|-status|p2b: Gyarados|brn\n|\n|-weather|SunnyDay|[upkeep]\n|-damage|p2b: Gyarados|95\/100 brn|[from] brn\n|upkeep\n|turn|5\n|inactive|whosgemini has 30 seconds left.\n|inactive|Futturo has 30 seconds left.\n|\n|t:|1682002905\n|switch|p1b: Flutter Mane|Flutter Mane, L50|20\/100\n|-activate|p1b: Flutter Mane|ability: Protosynthesis\n|-start|p1b: Flutter Mane|protosynthesisspa\n|move|p1a: Roaring Moon|Throat Chop|p2a: Ceruledge\n|-damage|p2a: Ceruledge|0 fnt\n|faint|p2a: Ceruledge\n|-damage|p1a: Roaring Moon|20\/100|[from] item: Life Orb\n|move|p2b: Gyarados|Taunt|p1b: Flutter Mane\n|-start|p1b: Flutter Mane|move: Taunt\n|\n|-weather|SunnyDay|[upkeep]\n|-damage|p2b: Gyarados|89\/100 brn|[from] brn\n|upkeep\n|\n|t:|1682002929\n|switch|p2a: Palafin|Palafin-Hero, L50, M|100\/100\n|-activate|p2a: Palafin|ability: Zero to Hero\n|turn|6\n|inactive|whosgemini has 30 seconds left.\n|inactive|whosgemini has 20 seconds left.\n|inactive|whosgemini has 15 seconds left.\n|\n|t:|1682002974\n|move|p2a: Palafin|Jet Punch|p1b: Flutter Mane\n|-damage|p1b: Flutter Mane|0 fnt\n|faint|p1b: Flutter Mane\n|-end|p1b: Flutter Mane|Protosynthesis|[silent]\n|move|p1a: Roaring Moon|Throat Chop|p2a: Palafin\n|-damage|p2a: Palafin|0 fnt\n|faint|p2a: Palafin\n|-damage|p1a: Roaring Moon|10\/100|[from] item: Life Orb\n|move|p2b: Gyarados|Waterfall|p1a: Roaring Moon\n|-resisted|p1a: Roaring Moon\n|-damage|p1a: Roaring Moon|4\/100\n|\n|-weather|SunnyDay|[upkeep]\n|-damage|p2b: Gyarados|83\/100 brn|[from] brn\n|upkeep\n|\n|t:|1682002990\n|switch|p1b: Lilligant|Lilligant, L50, F|100\/100\n|switch|p2a: Great Tusk|Great Tusk, L50|100\/100\n|-activate|p2a: Great Tusk|ability: Protosynthesis\n|-start|p2a: Great Tusk|protosynthesisatk\n|turn|7\n|\n|t:|1682003011\n|move|p1b: Lilligant|Solar Beam||[still]\n|-prepare|p1b: Lilligant|Solar Beam\n|-anim|p1b: Lilligant|Solar Beam|p2a: Great Tusk\n|-supereffective|p2a: Great Tusk\n|-damage|p2a: Great Tusk|0 fnt\n|faint|p2a: Great Tusk\n|-end|p2a: Great Tusk|Protosynthesis|[silent]\n|move|p1a: Roaring Moon|Throat Chop|p2b: Gyarados\n|-damage|p2b: Gyarados|0 fnt\n|faint|p2b: Gyarados\n|-damage|p1a: Roaring Moon|0 fnt|[from] item: Life Orb\n|faint|p1a: Roaring Moon\n|-end|p1a: Roaring Moon|Protosynthesis|[silent]\n|\n|win|whosgemini\n|raw|whosgemini's rating: 1100 → 1127<\/strong> (+27 for winning)\n|raw|Futturo's rating: 1125 → 1098<\/strong> (-27 for losing)\n","uploadtime":1682003024,"views":7,"p1id":"whosgemini","p2id":"futturo","formatid":"gen9vgc2023regulationc","rating":1098,"private":0,"password":""}