{"id":"gen9vgc2023regulationc-1854249849","p1":"MyGennaTollsItch","p2":"UltimateClix","format":"[Gen 9] VGC 2023 Regulation C","log":"|j|\u2606MyGennaTollsItch\n|j|\u2606UltimateClix\n|t:|1682788552\n|gametype|doubles\n|player|p1|MyGennaTollsItch|shadowtriad|1058\n|player|p2|UltimateClix|steven|1009\n|teamsize|p1|6\n|teamsize|p2|6\n|gen|9\n|tier|[Gen 9] VGC 2023 Regulation C\n|rated|\n|rule|Species Clause: Limit one of each Pok\u00e9mon\n|rule|Item Clause: Limit one of each item\n|clearpoke\n|poke|p1|Iron Hands, L50|\n|poke|p1|Tyranitar, L50, F|\n|poke|p1|Volcarona, L50, F|\n|poke|p1|Garchomp, L50, M|\n|poke|p1|Iron Bundle, L50|\n|poke|p1|Gholdengo, L50|\n|poke|p2|Lucario, L50, F|\n|poke|p2|Arcanine, L50, M|\n|poke|p2|Grimmsnarl, L50, M|\n|poke|p2|Dugtrio, L50, F|\n|poke|p2|Cyclizar, L50, M|\n|poke|p2|Meowscarada, L50, F|\n|teampreview|4\n|inactive|Battle timer is ON: inactive players will automatically lose when time's up. (requested by MyGennaTollsItch)\n|\n|t:|1682788580\n|start\n|switch|p1a: Iron Bundle|Iron Bundle, L50|100\/100\n|switch|p1b: Iron Hands|Iron Hands, L50|100\/100\n|switch|p2a: Cyclizar|Cyclizar, L50, M|100\/100\n|switch|p2b: Arcanine|Arcanine, L50, M|100\/100\n|-ability|p2b: Arcanine|Intimidate|boost\n|-unboost|p1a: Iron Bundle|atk|1\n|-unboost|p1b: Iron Hands|atk|1\n|-enditem|p1a: Iron Bundle|Booster Energy\n|-activate|p1a: Iron Bundle|ability: Quark Drive|[fromitem]\n|-start|p1a: Iron Bundle|quarkdrivespe\n|turn|1\n|\n|t:|1682788602\n|-end|p1b: Iron Hands|Quark Drive|[silent]\n|switch|p1b: Volcarona|Volcarona, L50, F|100\/100\n|move|p1a: Iron Bundle|Hydro Pump|p2b: Arcanine\n|-supereffective|p2b: Arcanine\n|-damage|p2b: Arcanine|0 fnt\n|faint|p2b: Arcanine\n|move|p2a: Cyclizar|Shed Tail|p2a: Cyclizar\n|-start|p2a: Cyclizar|Substitute|[from] move: Shed Tail\n|-damage|p2a: Cyclizar|50\/100\n|-enditem|p2a: Cyclizar|Sitrus Berry|[eat]\n|-heal|p2a: Cyclizar|75\/100|[from] item: Sitrus Berry\n|\n|t:|1682788614\n|switch|p2a: Dugtrio|Dugtrio, L50, F|100\/100|[from] Shed Tail\n|\n|upkeep\n|\n|t:|1682788618\n|switch|p2b: Meowscarada|Meowscarada, L50, F|100\/100\n|turn|2\n|\n|t:|1682788634\n|move|p2b: Meowscarada|Protect|p2b: Meowscarada\n|-singleturn|p2b: Meowscarada|Protect\n|move|p1b: Volcarona|Rage Powder|p1b: Volcarona\n|-singleturn|p1b: Volcarona|move: Rage Powder\n|move|p1a: Iron Bundle|Icy Wind|p2a: Dugtrio|[spread] p2a\n|-activate|p2b: Meowscarada|move: Protect\n|-supereffective|p2a: Dugtrio\n|-end|p2a: Dugtrio|Substitute\n|move|p2a: Dugtrio|Ancient Power|p1b: Volcarona\n|-supereffective|p1b: Volcarona\n|-damage|p1b: Volcarona|73\/100\n|\n|upkeep\n|turn|3\n|inactive|UltimateClix has 30 seconds left.\n|\n|t:|1682788668\n|-terastallize|p1b: Volcarona|Water\n|move|p1b: Volcarona|Rage Powder|p1b: Volcarona\n|-singleturn|p1b: Volcarona|move: Rage Powder\n|move|p1a: Iron Bundle|Icy Wind|p2a: Dugtrio|[spread] p2a,p2b\n|-supereffective|p2a: Dugtrio\n|-supereffective|p2b: Meowscarada\n|-damage|p2a: Dugtrio|44\/100\n|-damage|p2b: Meowscarada|29\/100\n|-unboost|p2a: Dugtrio|spe|1\n|-unboost|p2b: Meowscarada|spe|1\n|move|p2b: Meowscarada|Flower Trick|p1a: Iron Bundle\n|-supereffective|p1a: Iron Bundle\n|-crit|p1a: Iron Bundle\n|-damage|p1a: Iron Bundle|0 fnt\n|faint|p1a: Iron Bundle\n|-end|p1a: Iron Bundle|Quark Drive|[silent]\n|move|p2a: Dugtrio|Rock Slide|p1b: Volcarona|[miss]\n|-miss|p2a: Dugtrio|p1b: Volcarona\n|\n|upkeep\n|\n|t:|1682788687\n|switch|p1a: Iron Hands|Iron Hands, L50|100\/100\n|turn|4\n|\n|t:|1682788704\n|switch|p2b: Cyclizar|Cyclizar, L50, M|75\/100\n|move|p1a: Iron Hands|Fake Out|p2a: Dugtrio\n|-damage|p2a: Dugtrio|10\/100\n|move|p1b: Volcarona|Heat Wave|p2a: Dugtrio|[spread] p2a,p2b\n|-resisted|p2b: Cyclizar\n|-damage|p2a: Dugtrio|0 fnt\n|-damage|p2b: Cyclizar|43\/100\n|faint|p2a: Dugtrio\n|\n|upkeep\n|\n|t:|1682788712\n|switch|p2a: Meowscarada|Meowscarada, L50, F|29\/100\n|turn|5\n|\n|t:|1682788723\n|switch|p1b: Gholdengo|Gholdengo, L50|100\/100\n|-terastallize|p2a: Meowscarada|Grass\n|move|p2b: Cyclizar|Knock Off|p1a: Iron Hands\n|-resisted|p1a: Iron Hands\n|-damage|p1a: Iron Hands|91\/100\n|-enditem|p1a: Iron Hands|Assault Vest|[from] move: Knock Off|[of] p2b: Cyclizar\n|move|p2a: Meowscarada|Flower Trick|p1b: Gholdengo\n|-resisted|p1b: Gholdengo\n|-crit|p1b: Gholdengo\n|-damage|p1b: Gholdengo|54\/100\n|move|p1a: Iron Hands|Heavy Slam|p2a: Meowscarada\n|-crit|p2a: Meowscarada\n|-damage|p2a: Meowscarada|0 fnt\n|faint|p2a: Meowscarada\n|\n|upkeep\n|turn|6\n|-message|UltimateClix forfeited.\n|\n|win|MyGennaTollsItch\n|raw|MyGennaTollsItch's rating: 1058 → 1085<\/strong> (+27 for winning)\n|raw|UltimateClix's rating: 1009 → 1000<\/strong> (-9 for losing)\n|l|\u2606UltimateClix\n","uploadtime":1682788743,"views":16,"p1id":"mygennatollsitch","p2id":"ultimateclix","formatid":"gen9vgc2023regulationc","rating":1000,"private":0,"password":""}