{"id":"gen9vgc2023regulationc-1850985965","p1":"Most Bread","p2":"megaprawn","format":"[Gen 9] VGC 2023 Regulation C","log":"|j|\u2606Most Bread\n|j|\u2606megaprawn\n|t:|1682390399\n|gametype|doubles\n|player|p1|Most Bread|janitor|1408\n|player|p2|megaprawn|skierf-gen4dp|1434\n|teamsize|p1|6\n|teamsize|p2|6\n|gen|9\n|tier|[Gen 9] VGC 2023 Regulation C\n|rated|\n|rule|Species Clause: Limit one of each Pok\u00e9mon\n|rule|Item Clause: Limit one of each item\n|clearpoke\n|poke|p1|Farigiraf, L50, F|\n|poke|p1|Rotom-Wash, L50|\n|poke|p1|Ceruledge, L50, M|\n|poke|p1|Scizor, L50, M|\n|poke|p1|Iron Hands, L50|\n|poke|p1|Glimmora, L50, M|\n|poke|p2|Armarouge, L50, F|\n|poke|p2|Great Tusk, L50|\n|poke|p2|Talonflame, L50, M|\n|poke|p2|Indeedee-F, L50, F|\n|poke|p2|Gyarados, L50, M|\n|poke|p2|Flutter Mane, L50|\n|teampreview|4\nmegaprawn has agreed to open team sheets.\n|inactive|Battle timer is ON: inactive players will automatically lose when time's up. (requested by megaprawn)\n|j| xtyeah\n|inactive|Most Bread has 60 seconds left.\n|\n|t:|1682390483\n|start\n|switch|p1a: Rotom|Rotom-Wash, L50, shiny|100\/100\n|switch|p1b: Farigiraf|Farigiraf, L50, F|100\/100\n|switch|p2a: Gyarados|Gyarados, L50, M, shiny|100\/100\n|switch|p2b: Great Tusk|Great Tusk, L50|100\/100\n|-ability|p2a: Gyarados|Intimidate|boost\n|-unboost|p1a: Rotom|atk|1\n|-unboost|p1b: Farigiraf|atk|1\n|turn|1\n|\n|t:|1682390505\n|-end|p2b: Great Tusk|Protosynthesis|[silent]\n|switch|p2b: Indeedee|Indeedee-F, L50, F|100\/100\n|-fieldstart|move: Psychic Terrain|[from] ability: Psychic Surge|[of] p2b: Indeedee\n|-enditem|p2a: Gyarados|Psychic Seed\n|-boost|p2a: Gyarados|spd|1|[from] item: Psychic Seed\n|move|p2a: Gyarados|Taunt|p1b: Farigiraf\n|-start|p1b: Farigiraf|move: Taunt\n|move|p1a: Rotom|Hydro Pump|p2b: Indeedee\n|-damage|p2b: Indeedee|59\/100\n|move|p1b: Farigiraf|Hyper Voice|p2a: Gyarados|[spread] p2a,p2b\n|-damage|p2a: Gyarados|85\/100\n|-damage|p2b: Indeedee|30\/100\n|-enditem|p1b: Farigiraf|Throat Spray\n|-boost|p1b: Farigiraf|spa|1|[from] item: Throat Spray\n|\n|upkeep\n|turn|2\n|j| THUNDERSND77\n|\n|t:|1682390534\n|move|p2b: Indeedee|Helping Hand|p2a: Gyarados\n|-singleturn|p2a: Gyarados|Helping Hand|[of] p2b: Indeedee\n|move|p2a: Gyarados|Waterfall|p1b: Farigiraf\n|-damage|p1b: Farigiraf|44\/100\n|move|p1a: Rotom|Reflect|p1a: Rotom\n|-sidestart|p1: Most Bread|Reflect\n|move|p1b: Farigiraf|Hyper Voice|p2b: Indeedee|[spread] p2a,p2b\n|-damage|p2a: Gyarados|63\/100\n|-damage|p2b: Indeedee|0 fnt\n|faint|p2b: Indeedee\n|\n|upkeep\n|\n|t:|1682390543\n|switch|p2b: Armarouge|Armarouge, L50, F|100\/100\n|turn|3\n|\n|t:|1682390558\n|move|p2b: Armarouge|Endure|p2b: Armarouge\n|-singleturn|p2b: Armarouge|move: Endure\n|move|p2a: Gyarados|Waterfall|p2b: Armarouge\n|-supereffective|p2b: Armarouge\n|-damage|p2b: Armarouge|20\/100\n|-ability|p2b: Armarouge|Weak Armor|boost\n|-unboost|p2b: Armarouge|def|1\n|-boost|p2b: Armarouge|spe|2\n|-enditem|p2b: Armarouge|Weakness Policy\n|-boost|p2b: Armarouge|atk|2|[from] item: Weakness Policy\n|-boost|p2b: Armarouge|spa|2|[from] item: Weakness Policy\n|move|p1a: Rotom|Light Screen|p1a: Rotom\n|-sidestart|p1: Most Bread|move: Light Screen\n|move|p1b: Farigiraf|Shadow Ball|p2b: Armarouge\n|-supereffective|p2b: Armarouge\n|-activate|p2b: Armarouge|move: Endure\n|-damage|p2b: Armarouge|1\/100\n|\n|-end|p1b: Farigiraf|move: Taunt\n|upkeep\n|turn|4\n|inactive|Most Bread has 30 seconds left.\n|inactive|megaprawn has 30 seconds left.\n|\n|t:|1682390591\n|-terastallize|p2b: Armarouge|Psychic\n|move|p2b: Armarouge|Expanding Force|p1b: Farigiraf|[spread] p1a,p1b\n|-resisted|p1b: Farigiraf\n|-damage|p1a: Rotom|0 fnt\n|-damage|p1b: Farigiraf|0 fnt\n|faint|p1a: Rotom\n|faint|p1b: Farigiraf\n|move|p2a: Gyarados|Waterfall|p1: Rotom|[notarget]\n|-fail|p2a: Gyarados\n|\n|upkeep\n|\n|t:|1682390596\n|switch|p1a: Glimmora|Glimmora, L50, M, shiny|100\/100\n|switch|p1b: Scizor|Scizor, L50, M, shiny|100\/100\n|turn|5\n|\n|t:|1682390609\n|-terastallize|p1a: Glimmora|Grass\n|move|p2b: Armarouge|Expanding Force|p1b: Scizor|[spread] p1a,p1b\n|-resisted|p1b: Scizor\n|-damage|p1a: Glimmora|29\/100\n|-damage|p1b: Scizor|31\/100\n|move|p2a: Gyarados|Waterfall|p1a: Glimmora\n|-resisted|p1a: Glimmora\n|-damage|p1a: Glimmora|17\/100\n|-activate|p1a: Glimmora|ability: Toxic Debris\n|-sidestart|p2: megaprawn|move: Toxic Spikes\n|cant|p1a: Glimmora|flinch\n|move|p1b: Scizor|U-turn|p2b: Armarouge\n|-supereffective|p2b: Armarouge\n|-damage|p2b: Armarouge|0 fnt\n|faint|p2b: Armarouge\n|\n|-fieldend|move: Psychic Terrain\n|upkeep\n|\n|t:|1682390617\n|switch|p2b: Great Tusk|Great Tusk, L50|100\/100\n|-status|p2b: Great Tusk|psn\n|turn|6\n|-message|Most Bread forfeited.\n|\n|win|megaprawn\n|raw|Most Bread's rating: 1408 → 1389<\/strong> (-19 for losing)\n|raw|megaprawn's rating: 1434 → 1453<\/strong> (+19 for winning)\n|l| xtyeah\n","uploadtime":1682390632,"views":11,"p1id":"mostbread","p2id":"megaprawn","formatid":"gen9vgc2023regulationc","rating":1389,"private":0,"password":""}