{"id":"gen9vgc2023regulationc-1857159816","p1":"callmecatlord","p2":"qunqun24","format":"[Gen 9] VGC 2023 Regulation C","log":"|j|\u2606callmecatlord\n|j|\u2606qunqun24\n|t:|1683152252\n|gametype|doubles\n|player|p1|callmecatlord|gambler|1297\n|player|p2|qunqun24|1|1325\n|teamsize|p1|6\n|teamsize|p2|6\n|gen|9\n|tier|[Gen 9] VGC 2023 Regulation C\n|rated|\n|rule|Species Clause: Limit one of each Pok\u00e9mon\n|rule|Item Clause: Limit one of each item\n|clearpoke\n|poke|p1|Glimmora, L50, F|\n|poke|p1|Wo-Chien, L50|\n|poke|p1|Hippowdon, L50, F|\n|poke|p1|Palafin, L50, F|\n|poke|p1|Rotom-Heat, L50|\n|poke|p1|Gholdengo, L50|\n|poke|p2|Annihilape, L50, F|\n|poke|p2|Maushold-Four, L50|\n|poke|p2|Gholdengo, L50|\n|poke|p2|Gyarados, L50, M|\n|poke|p2|Scream Tail, L50|\n|poke|p2|Ting-Lu, L50|\n|teampreview|4\n|inactive|Battle timer is ON: inactive players will automatically lose when time's up. (requested by qunqun24)\n|inactive|callmecatlord has 60 seconds left.\n|\n|t:|1683152294\n|start\n|switch|p1a: Glimmora|Glimmora, L50, F, shiny|100\/100\n|switch|p1b: Wo-Chien|Wo-Chien, L50|100\/100\n|switch|p2a: Maushold|Maushold-Four, L50|100\/100\n|switch|p2b: Annihilape|Annihilape, L50, F|100\/100\n|-ability|p1b: Wo-Chien|Tablets of Ruin\n|turn|1\n|inactive|callmecatlord has 30 seconds left.\n|\n|t:|1683152324\n|-terastallize|p1b: Wo-Chien|Fairy\n|move|p2a: Maushold|Super Fang|p1b: Wo-Chien\n|-damage|p1b: Wo-Chien|50\/100\n|move|p2b: Annihilape|Drain Punch|p1b: Wo-Chien\n|-resisted|p1b: Wo-Chien\n|-damage|p1b: Wo-Chien|39\/100\n|move|p1a: Glimmora|Mortal Spin|p2a: Maushold|[spread] p2a,p2b\n|-resisted|p2b: Annihilape\n|-damage|p2a: Maushold|97\/100\n|-damage|p2b: Annihilape|99\/100\n|-status|p2a: Maushold|psn\n|-status|p2b: Annihilape|psn\n|move|p1b: Wo-Chien|Leech Seed|p2b: Annihilape\n|-start|p2b: Annihilape|move: Leech Seed\n|\n|-heal|p2b: Annihilape|100\/100 psn|[from] item: Leftovers\n|-heal|p1b: Wo-Chien|45\/100|[from] item: Leftovers\n|-damage|p2b: Annihilape|88\/100 psn|[from] Leech Seed|[of] p1b: Wo-Chien\n|-heal|p1b: Wo-Chien|59\/100|[silent]\n|-damage|p2a: Maushold|85\/100 psn|[from] psn\n|-damage|p2b: Annihilape|76\/100 psn|[from] psn\n|upkeep\n|turn|2\n|inactive|callmecatlord has 30 seconds left.\n|\n|t:|1683152355\n|switch|p1a: Hippowdon|Hippowdon, L50, F|100\/100\n|-weather|Sandstorm|[from] ability: Sand Stream|[of] p1a: Hippowdon\n|move|p1b: Wo-Chien|Protect|p1b: Wo-Chien\n|-singleturn|p1b: Wo-Chien|Protect\n|move|p2a: Maushold|Beat Up|p2b: Annihilape\n|-damage|p2b: Annihilape|74\/100 psn\n|-crit|p2b: Annihilape\n|-damage|p2b: Annihilape|71\/100 psn\n|-damage|p2b: Annihilape|69\/100 psn\n|-hitcount|p2b: Annihilape|3\n|move|p2b: Annihilape|Rage Fist|p1b: Wo-Chien\n|-activate|p1b: Wo-Chien|move: Protect\n|\n|-weather|Sandstorm|[upkeep]\n|-damage|p2b: Annihilape|63\/100 psn|[from] Sandstorm\n|-damage|p1b: Wo-Chien|53\/100|[from] Sandstorm\n|-heal|p2b: Annihilape|69\/100 psn|[from] item: Leftovers\n|-heal|p1b: Wo-Chien|59\/100|[from] item: Leftovers\n|-damage|p2b: Annihilape|57\/100 psn|[from] Leech Seed|[of] p1b: Wo-Chien\n|-heal|p1b: Wo-Chien|72\/100|[silent]\n|-damage|p2a: Maushold|73\/100 psn|[from] psn\n|-damage|p2b: Annihilape|45\/100 psn|[from] psn\n|upkeep\n|turn|3\n|inactive|callmecatlord has 30 seconds left.\n|inactive|callmecatlord has 20 seconds left.\n|inactive|callmecatlord has 15 seconds left.\n|inactive|callmecatlord has 10 seconds left.\n|\n|t:|1683152400\n|switch|p2a: Ting-Lu|Ting-Lu, L50|100\/100\n|-ability|p2a: Ting-Lu|Vessel of Ruin\n|switch|p1b: Glimmora|Glimmora, L50, F, shiny|100\/100\n|move|p2b: Annihilape|Rage Fist|p1b: Glimmora\n|-damage|p1b: Glimmora|0 fnt\n|-activate|p1b: Glimmora|ability: Toxic Debris\n|-sidestart|p2: qunqun24|move: Toxic Spikes\n|faint|p1b: Glimmora\n|move|p1a: Hippowdon|Sand Tomb|p2b: Annihilape\n|-damage|p2b: Annihilape|33\/100 psn\n|-activate|p2b: Annihilape|move: Sand Tomb|[of] p1a: Hippowdon\n|\n|-weather|Sandstorm|[upkeep]\n|-damage|p2b: Annihilape|26\/100 psn|[from] Sandstorm\n|-heal|p2b: Annihilape|33\/100 psn|[from] item: Leftovers\n|-damage|p2b: Annihilape|20\/100 psn|[from] psn\n|-damage|p2b: Annihilape|8\/100 psn|[from] move: Sand Tomb|[partiallytrapped]\n|upkeep\n|inactive|callmecatlord has 30 seconds left.\n|\n|t:|1683152427\n|switch|p1b: Wo-Chien|Wo-Chien, L50, tera:Fairy|72\/100\n|-ability|p1b: Wo-Chien|Tablets of Ruin\n|turn|4\n|\n|t:|1683152442\n|move|p1b: Wo-Chien|Protect|p1b: Wo-Chien\n|-singleturn|p1b: Wo-Chien|Protect\n|move|p1a: Hippowdon|Protect|p1a: Hippowdon\n|-singleturn|p1a: Hippowdon|Protect\n|move|p2b: Annihilape|Rage Fist|p1a: Hippowdon\n|-activate|p1a: Hippowdon|move: Protect\n|move|p2a: Ting-Lu|Heavy Slam|p1b: Wo-Chien\n|-activate|p1b: Wo-Chien|move: Protect\n|\n|-weather|Sandstorm|[upkeep]\n|-damage|p2b: Annihilape|1\/100 psn|[from] Sandstorm\n|-damage|p1b: Wo-Chien|66\/100|[from] Sandstorm\n|-heal|p2b: Annihilape|8\/100 psn|[from] item: Leftovers\n|-heal|p1b: Wo-Chien|72\/100|[from] item: Leftovers\n|-damage|p2b: Annihilape|0 fnt|[from] Leech Seed|[of] p1b: Wo-Chien\n|-heal|p1b: Wo-Chien|80\/100|[silent]\n|faint|p2b: Annihilape\n|upkeep\n|\n|t:|1683152450\n|switch|p2b: Gyarados|Gyarados, L50, M|100\/100\n|-ability|p2b: Gyarados|Intimidate|boost\n|-unboost|p1a: Hippowdon|atk|1\n|-unboost|p1b: Wo-Chien|atk|1\n|turn|5\n|inactive|callmecatlord has 30 seconds left.\n|\n|t:|1683152476\n|move|p2b: Gyarados|Taunt|p1b: Wo-Chien\n|-start|p1b: Wo-Chien|move: Taunt\n|cant|p1b: Wo-Chien|move: Taunt|Leech Seed\n|move|p2a: Ting-Lu|Heavy Slam|p1b: Wo-Chien\n|-supereffective|p1b: Wo-Chien\n|-damage|p1b: Wo-Chien|18\/100\n|move|p1a: Hippowdon|Yawn|p2b: Gyarados\n|-start|p2b: Gyarados|move: Yawn|[of] p1a: Hippowdon\n|\n|-weather|Sandstorm|[upkeep]\n|-damage|p2b: Gyarados|94\/100|[from] Sandstorm\n|-damage|p1b: Wo-Chien|11\/100|[from] Sandstorm\n|-heal|p1b: Wo-Chien|18\/100|[from] item: Leftovers\n|upkeep\n|turn|6\n|inactive|callmecatlord has 30 seconds left.\n|\n|t:|1683152505\n|switch|p1b: Rotom|Rotom-Heat, L50, shiny|100\/100\n|move|p2b: Gyarados|Taunt|p1a: Hippowdon\n|-start|p1a: Hippowdon|move: Taunt\n|move|p2a: Ting-Lu|Heavy Slam|p1b: Rotom\n|-resisted|p1b: Rotom\n|-damage|p1b: Rotom|89\/100\n|move|p1a: Hippowdon|Sand Tomb|p2a: Ting-Lu\n|-damage|p2a: Ting-Lu|94\/100\n|-activate|p2a: Ting-Lu|move: Sand Tomb|[of] p1a: Hippowdon\n|\n|-weather|none\n|-damage|p2a: Ting-Lu|82\/100|[from] move: Sand Tomb|[partiallytrapped]\n|-end|p2b: Gyarados|move: Yawn|[silent]\n|-status|p2b: Gyarados|slp\n|upkeep\n|turn|7\n|inactive|callmecatlord has 30 seconds left.\n|\n|t:|1683152537\n|-terastallize|p2b: Gyarados|Steel\n|move|p1b: Rotom|Nasty Plot|p1b: Rotom\n|-boost|p1b: Rotom|spa|2\n|cant|p2b: Gyarados|slp\n|move|p2a: Ting-Lu|Heavy Slam|p1a: Hippowdon\n|-damage|p1a: Hippowdon|85\/100\n|move|p1a: Hippowdon|Sand Tomb|p2b: Gyarados|[miss]\n|-miss|p1a: Hippowdon|p2b: Gyarados\n|\n|-damage|p2a: Ting-Lu|70\/100|[from] move: Sand Tomb|[partiallytrapped]\n|upkeep\n|turn|8\n|inactive|qunqun24 has 30 seconds left.\n|inactive|callmecatlord has 30 seconds left.\n|\n|t:|1683152569\n|switch|p2b: Maushold|Maushold-Four, L50|73\/100 psn\n|move|p1b: Rotom|Overheat|p2b: Maushold\n|-crit|p2b: Maushold\n|-damage|p2b: Maushold|0 fnt\n|-unboost|p1b: Rotom|spa|2\n|faint|p2b: Maushold\n|move|p2a: Ting-Lu|Heavy Slam|p1a: Hippowdon\n|-damage|p1a: Hippowdon|69\/100\n|move|p1a: Hippowdon|Sand Tomb|p2a: Ting-Lu\n|-damage|p2a: Ting-Lu|64\/100\n|\n|-damage|p2a: Ting-Lu|52\/100|[from] move: Sand Tomb|[partiallytrapped]\n|-end|p1a: Hippowdon|move: Taunt\n|upkeep\n|\n|t:|1683152571\n|switch|p2b: Gyarados|Gyarados, L50, M, tera:Steel|94\/100 slp\n|-ability|p2b: Gyarados|Intimidate|boost\n|-unboost|p1a: Hippowdon|atk|1\n|-unboost|p1b: Rotom|atk|1\n|turn|9\n|\n|t:|1683152592\n|move|p1b: Rotom|Overheat|p2b: Gyarados\n|-supereffective|p2b: Gyarados\n|-damage|p2b: Gyarados|21\/100 slp\n|-unboost|p1b: Rotom|spa|2\n|-enditem|p2b: Gyarados|Aguav Berry|[eat]\n|-heal|p2b: Gyarados|55\/100 slp|[from] item: Aguav Berry\n|cant|p2b: Gyarados|slp\n|move|p2a: Ting-Lu|Payback|p1a: Hippowdon\n|-damage|p1a: Hippowdon|50\/100\n|-enditem|p1a: Hippowdon|Sitrus Berry|[eat]\n|-heal|p1a: Hippowdon|75\/100|[from] item: Sitrus Berry\n|move|p1a: Hippowdon|Sand Tomb|p2b: Gyarados|[miss]\n|-miss|p1a: Hippowdon|p2b: Gyarados\n|\n|-damage|p2a: Ting-Lu|40\/100|[from] move: Sand Tomb|[partiallytrapped]\n|upkeep\n|turn|10\n|inactive|callmecatlord has 30 seconds left.\n|\n|t:|1683152619\n|switch|p1b: Wo-Chien|Wo-Chien, L50, tera:Fairy|18\/100\n|-ability|p1b: Wo-Chien|Tablets of Ruin\n|cant|p2b: Gyarados|slp\n|move|p2a: Ting-Lu|Fissure|p1a: Hippowdon|[miss]\n|-miss|p2a: Ting-Lu|p1a: Hippowdon\n|move|p1a: Hippowdon|Yawn||[still]\n|-fail|p1a: Hippowdon\n|\n|-heal|p1b: Wo-Chien|24\/100|[from] item: Leftovers\n|-end|p2a: Ting-Lu|Sand Tomb|[partiallytrapped]\n|upkeep\n|turn|11\n|\n|t:|1683152640\n|-curestatus|p2b: Gyarados|slp|[msg]\n|move|p2b: Gyarados|Iron Head|p1b: Wo-Chien\n|-supereffective|p1b: Wo-Chien\n|-damage|p1b: Wo-Chien|0 fnt\n|faint|p1b: Wo-Chien\n|move|p2a: Ting-Lu|Fissure|p1a: Hippowdon|[miss]\n|-miss|p2a: Ting-Lu|p1a: Hippowdon\n|move|p1a: Hippowdon|Slack Off|p1a: Hippowdon\n|-heal|p1a: Hippowdon|100\/100\n|\n|upkeep\n|\n|t:|1683152652\n|switch|p1b: Rotom|Rotom-Heat, L50, shiny|89\/100\n|turn|12\n|\n|t:|1683152669\n|move|p1b: Rotom|Protect|p1b: Rotom\n|-singleturn|p1b: Rotom|Protect\n|move|p2b: Gyarados|Waterfall|p1b: Rotom\n|-activate|p1b: Rotom|move: Protect\n|move|p2a: Ting-Lu|Fissure|p1a: Hippowdon|[miss]\n|-miss|p2a: Ting-Lu|p1a: Hippowdon\n|move|p1a: Hippowdon|Sand Tomb|p2b: Gyarados\n|-supereffective|p2b: Gyarados\n|-damage|p2b: Gyarados|41\/100\n|-activate|p2b: Gyarados|move: Sand Tomb|[of] p1a: Hippowdon\n|\n|-damage|p2b: Gyarados|29\/100|[from] move: Sand Tomb|[partiallytrapped]\n|upkeep\n|turn|13\n|j| Zoro567890\n|\n|t:|1683152693\n|move|p1b: Rotom|Overheat|p2b: Gyarados\n|-supereffective|p2b: Gyarados\n|-damage|p2b: Gyarados|0 fnt\n|-unboost|p1b: Rotom|spa|2\n|faint|p2b: Gyarados\n|move|p2a: Ting-Lu|Fissure|p1a: Hippowdon|[miss]\n|-miss|p2a: Ting-Lu|p1a: Hippowdon\n|move|p1a: Hippowdon|Yawn|p2a: Ting-Lu\n|-start|p2a: Ting-Lu|move: Yawn|[of] p1a: Hippowdon\n|\n|upkeep\n|turn|14\n|\n|t:|1683152709\n|move|p1a: Hippowdon|Protect|p1a: Hippowdon\n|-singleturn|p1a: Hippowdon|Protect\n|move|p1b: Rotom|Nasty Plot|p1b: Rotom\n|-boost|p1b: Rotom|spa|2\n|move|p2a: Ting-Lu|Fissure|p1a: Hippowdon\n|-activate|p1a: Hippowdon|move: Protect\n|\n|-end|p2a: Ting-Lu|move: Yawn|[silent]\n|-status|p2a: Ting-Lu|slp\n|upkeep\n|turn|15\n|\n|t:|1683152724\n|move|p1b: Rotom|Overheat|p2a: Ting-Lu|[miss]\n|-miss|p1b: Rotom|p2a: Ting-Lu\n|cant|p2a: Ting-Lu|slp\n|move|p1a: Hippowdon|Sand Tomb|p2a: Ting-Lu\n|-damage|p2a: Ting-Lu|36\/100 slp\n|-activate|p2a: Ting-Lu|move: Sand Tomb|[of] p1a: Hippowdon\n|\n|-damage|p2a: Ting-Lu|24\/100 slp|[from] move: Sand Tomb|[partiallytrapped]\n|upkeep\n|turn|16\n|\n|t:|1683152740\n|move|p1b: Rotom|Overheat|p2a: Ting-Lu\n|-damage|p2a: Ting-Lu|0 fnt\n|-unboost|p1b: Rotom|spa|2\n|faint|p2a: Ting-Lu\n|\n|win|callmecatlord\n|raw|callmecatlord's rating: 1297 → 1324<\/strong> (+27 for winning)\n|raw|qunqun24's rating: 1325 → 1303<\/strong> (-22 for losing)\n|l| Zoro567890\n|l|\u2606qunqun24\n","uploadtime":1683154083,"views":8,"p1id":"callmecatlord","p2id":"qunqun24","formatid":"gen9vgc2023regulationc","rating":1303,"private":0,"password":""}