{"id":"gen9vgc2023regulationc-1863912165","p1":"StantlerGOAT","p2":"Mmike","format":"[Gen 9] VGC 2023 Regulation C","log":"|j|\u2606StantlerGOAT\n|j|\u2606Mmike\n|t:|1684092479\n|gametype|doubles\n|player|p1|StantlerGOAT|1|1157\n|player|p2|Mmike|170|1187\n|teamsize|p1|6\n|teamsize|p2|6\n|gen|9\n|tier|[Gen 9] VGC 2023 Regulation C\n|rated|\n|rule|Species Clause: Limit one of each Pok\u00e9mon\n|rule|Item Clause: Limit one of each item\n|clearpoke\n|poke|p1|Misdreavus, L50, M|\n|poke|p1|Ting-Lu, L50|\n|poke|p1|Bronzong, L50|\n|poke|p1|Iron Hands, L50|\n|poke|p1|Torkoal, L50, F|\n|poke|p1|Dudunsparce-*, L50, F|\n|poke|p2|Brambleghast, L50, M|\n|poke|p2|Flutter Mane, L50|\n|poke|p2|Kingambit, L50, M|\n|poke|p2|Talonflame, L50, M|\n|poke|p2|Ceruledge, L50, M|\n|poke|p2|Chi-Yu, L50|\n|teampreview|4\nStantlerGOAT rejected open team sheets.\n|\n|t:|1684092521\n|start\n|switch|p1a: Misdreavus|Misdreavus, L50, M|100\/100\n|switch|p1b: Ting-Lu|Ting-Lu, L50|100\/100\n|switch|p2a: Talonflame|Talonflame, L50, M|100\/100\n|switch|p2b: Chi-Yu|Chi-Yu, L50|100\/100\n|-ability|p2b: Chi-Yu|Beads of Ruin\n|-ability|p1b: Ting-Lu|Vessel of Ruin\n|turn|1\n|inactive|Battle timer is ON: inactive players will automatically lose when time's up. (requested by Mmike)\n|\n|t:|1684092537\n|move|p2b: Chi-Yu|Protect|p2b: Chi-Yu\n|-singleturn|p2b: Chi-Yu|Protect\n|move|p2a: Talonflame|Taunt|p1a: Misdreavus\n|-start|p1a: Misdreavus|move: Taunt\n|move|p1a: Misdreavus|Energy Ball|p1b: Ting-Lu\n|-supereffective|p1b: Ting-Lu\n|-damage|p1b: Ting-Lu|64\/100\n|-enditem|p1b: Ting-Lu|Weakness Policy\n|-boost|p1b: Ting-Lu|atk|2|[from] item: Weakness Policy\n|-boost|p1b: Ting-Lu|spa|2|[from] item: Weakness Policy\n|move|p1b: Ting-Lu|Rock Slide|p2a: Talonflame|[spread] p2a\n|-activate|p2b: Chi-Yu|move: Protect\n|-supereffective|p2a: Talonflame\n|-damage|p2a: Talonflame|0 fnt\n|faint|p2a: Talonflame\n|\n|upkeep\n|\n|t:|1684092558\n|switch|p2a: Brambleghast|Brambleghast, L50, M|100\/100\n|turn|2\n|inactive|StantlerGOAT has 30 seconds left.\n|\n|t:|1684092587\n|switch|p1a: Iron Hands|Iron Hands, L50|100\/100\n|move|p1b: Ting-Lu|Protect|p1b: Ting-Lu\n|-singleturn|p1b: Ting-Lu|Protect\n|move|p2b: Chi-Yu|Dark Pulse|p1a: Iron Hands\n|-resisted|p1a: Iron Hands\n|-damage|p1a: Iron Hands|83\/100\n|-damage|p2b: Chi-Yu|90\/100|[from] item: Life Orb\n|move|p2a: Brambleghast|Bullet Seed|p1b: Ting-Lu\n|-activate|p1b: Ting-Lu|move: Protect\n|\n|upkeep\n|turn|3\n|\n|t:|1684092612\n|-terastallize|p1a: Iron Hands|Grass\n|move|p2b: Chi-Yu|Protect|p2b: Chi-Yu\n|-singleturn|p2b: Chi-Yu|Protect\n|move|p1a: Iron Hands|Fake Out|p2a: Brambleghast\n|-immune|p2a: Brambleghast\n|move|p2a: Brambleghast|Bullet Seed|p1b: Ting-Lu\n|-supereffective|p1b: Ting-Lu\n|-damage|p1b: Ting-Lu|46\/100\n|-supereffective|p1b: Ting-Lu\n|-damage|p1b: Ting-Lu|27\/100\n|-supereffective|p1b: Ting-Lu\n|-damage|p1b: Ting-Lu|11\/100\n|-supereffective|p1b: Ting-Lu\n|-damage|p1b: Ting-Lu|0 fnt\n|faint|p1b: Ting-Lu\n|-hitcount|p1: Ting-Lu|4\n|\n|upkeep\n|c|\u2606StantlerGOAT|Oops\n|\n|t:|1684092633\n|switch|p1b: Misdreavus|Misdreavus, L50, M|100\/100\n|turn|4\n|\n|t:|1684092644\n|-end|p1a: Iron Hands|Quark Drive|[silent]\n|switch|p1a: Dudunsparce|Dudunsparce, L50, F|100\/100\n|move|p2a: Brambleghast|Shadow Sneak|p1b: Misdreavus\n|-supereffective|p1b: Misdreavus\n|-damage|p1b: Misdreavus|65\/100\n|move|p2b: Chi-Yu|Heat Wave|p1b: Misdreavus|[spread] p1a,p1b\n|-damage|p1a: Dudunsparce|31\/100\n|-damage|p1b: Misdreavus|2\/100\n|-damage|p2b: Chi-Yu|80\/100|[from] item: Life Orb\n|move|p1b: Misdreavus|Trick Room|p1b: Misdreavus\n|-fieldstart|move: Trick Room|[of] p1b: Misdreavus\n|\n|upkeep\n|turn|5\n|\n|t:|1684092668\n|switch|p1b: Iron Hands|Iron Hands, L50, tera:Grass|83\/100\n|move|p2a: Brambleghast|Shadow Sneak|p1b: Iron Hands\n|-damage|p1b: Iron Hands|66\/100\n|move|p1a: Dudunsparce|Rock Slide|p2a: Brambleghast|[spread] p2a,p2b\n|-supereffective|p2b: Chi-Yu\n|-damage|p2a: Brambleghast|75\/100\n|-damage|p2b: Chi-Yu|19\/100\n|cant|p2b: Chi-Yu|flinch\n|\n|upkeep\n|turn|6\n|inactive|StantlerGOAT has 30 seconds left.\n|inactive|StantlerGOAT has 20 seconds left.\n|\n|t:|1684092707\n|move|p1b: Iron Hands|Heavy Slam|p2a: Brambleghast\n|-damage|p2a: Brambleghast|7\/100\n|move|p1a: Dudunsparce|Rock Slide|p2a: Brambleghast|[spread] p2a,p2b\n|-supereffective|p2b: Chi-Yu\n|-damage|p2a: Brambleghast|0 fnt\n|-damage|p2b: Chi-Yu|0 fnt\n|faint|p2a: Brambleghast\n|faint|p2b: Chi-Yu\n|\n|upkeep\n|\n|t:|1684092717\n|switch|p2b: Ceruledge|Ceruledge, L50, M|100\/100\n|turn|7\n|\n|t:|1684092734\n|move|p2b: Ceruledge|Protect|p2b: Ceruledge\n|-singleturn|p2b: Ceruledge|Protect\n|move|p1b: Iron Hands|Wild Charge|p2b: Ceruledge\n|-activate|p2b: Ceruledge|move: Protect\n|move|p1a: Dudunsparce|Rock Slide|p2b: Ceruledge\n|-activate|p2b: Ceruledge|move: Protect\n|\n|upkeep\n|turn|8\n|\n|t:|1684092743\n|-terastallize|p2b: Ceruledge|Grass\n|move|p1b: Iron Hands|Wild Charge|p2b: Ceruledge\n|-resisted|p2b: Ceruledge\n|-damage|p2b: Ceruledge|73\/100\n|-damage|p1b: Iron Hands|61\/100|[from] Recoil\n|move|p1a: Dudunsparce|Rock Slide|p2b: Ceruledge\n|-damage|p2b: Ceruledge|45\/100\n|move|p2b: Ceruledge|Bulk Up|p2b: Ceruledge\n|-boost|p2b: Ceruledge|atk|1\n|-boost|p2b: Ceruledge|def|1\n|\n|-fieldend|move: Trick Room\n|upkeep\n|turn|9\n|inactive|StantlerGOAT has 30 seconds left.\n|\n|t:|1684092773\n|-end|p1b: Iron Hands|Quark Drive|[silent]\n|switch|p1b: Misdreavus|Misdreavus, L50, M|2\/100\n|move|p2b: Ceruledge|Bitter Blade|p1b: Misdreavus\n|-damage|p1b: Misdreavus|0 fnt\n|-heal|p2b: Ceruledge|46\/100|[from] drain|[of] p1b: Misdreavus\n|faint|p1b: Misdreavus\n|move|p1a: Dudunsparce|Rock Slide|p2b: Ceruledge\n|-damage|p2b: Ceruledge|28\/100\n|\n|upkeep\n|\n|t:|1684092784\n|switch|p1b: Iron Hands|Iron Hands, L50, tera:Grass|61\/100\n|turn|10\n|\n|t:|1684092791\n|move|p2b: Ceruledge|Protect|p2b: Ceruledge\n|-singleturn|p2b: Ceruledge|Protect\n|move|p1b: Iron Hands|Fake Out|p2b: Ceruledge\n|-activate|p2b: Ceruledge|move: Protect\n|move|p1a: Dudunsparce|Hyper Drill|p2b: Ceruledge\n|-damage|p2b: Ceruledge|0 fnt\n|faint|p2b: Ceruledge\n|\n|win|StantlerGOAT\n|raw|StantlerGOAT's rating: 1157 → 1184<\/strong> (+27 for winning)\n|raw|Mmike's rating: 1187 → 1160<\/strong> (-27 for losing)\n|l|\u2606Mmike\n|c|\u2606StantlerGOAT|Bad choice\n","uploadtime":1684092807,"views":4,"p1id":"stantlergoat","p2id":"mmike","formatid":"gen9vgc2023regulationc","rating":1160,"private":0,"password":""}