{"id":"gen9vgc2023regulationc-1852902133","p1":"MasterofMetapods5","p2":"Jbenn","format":"[Gen 9] VGC 2023 Regulation C","log":"|j|\u2606MasterofMetapods5\n|j|\u2606Jbenn\n|t:|1682615884\n|gametype|doubles\n|player|p1|MasterofMetapods5|lance|\n|player|p2|Jbenn|steven|\n|teamsize|p1|6\n|teamsize|p2|6\n|gen|9\n|tier|[Gen 9] VGC 2023 Regulation C\n|rated|Tournament battle\n|rule|Species Clause: Limit one of each Pok\u00e9mon\n|rule|Item Clause: Limit one of each item\n|clearpoke\n|poke|p1|Amoonguss, L50, M|\n|poke|p1|Ting-Lu, L50|\n|poke|p1|Corviknight, L50, F|\n|poke|p1|Rotom-Wash, L50|\n|poke|p1|Chi-Yu, L50|\n|poke|p1|Flutter Mane, L50|\n|poke|p2|Roaring Moon, L50|\n|poke|p2|Great Tusk, L50|\n|poke|p2|Gholdengo, L50|\n|poke|p2|Hariyama, L50, F|\n|poke|p2|Mimikyu, L50, M|\n|poke|p2|Gyarados, L50, M|\n|teampreview|4\n|j| Radio Free C-Side\n|j| Rayo20\n|c|\u2606MasterofMetapods5|glhf\nMasterofMetapods5 has agreed to open team sheets.\n|j| ale cog\nJbenn has agreed to open team sheets.\n|j| rokusho vgc\n|c|\u2606Jbenn|u2\n|l|rayo20\n|j| Eldegoss32\n|c|\u2606MasterofMetapods5|damn great tusk dont get a nickname\n|j| RoderickVE\n|c|\u2606Jbenn|he's been off and back on the squad thats why lmao\n|c|\u2606Jbenn|gotta come up w one\n|c| Radio Free C-Side|Dumbo the Flying Elephant\n|c|\u2606Jbenn|this is not a good MU but lets give it our best shot\n|\n|t:|1682616017\n|start\n|switch|p1a: Corviknight|Corviknight, L50, F|100\/100\n|switch|p1b: Rotom|Rotom-Wash, L50|100\/100\n|switch|p2a: Yokozuna|Hariyama, L50, F, shiny|100\/100\n|switch|p2b: Casper|Mimikyu, L50, M|100\/100\n|turn|1\n|\n|t:|1682616051\n|move|p1b: Rotom|Thunderbolt|p2b: Casper\n|-activate|p2b: Casper|ability: Disguise\n|-damage|p2b: Casper|100\/100\n|detailschange|p2b: Casper|Mimikyu-Busted, L50, M\n|-damage|p2b: Casper|88\/100|[from] pokemon: Mimikyu-Busted\n|move|p2b: Casper|Curse|p1b: Rotom\n|-start|p1b: Rotom|Curse|[of] p2b: Casper\n|-damage|p2b: Casper|38\/100\n|-enditem|p2b: Casper|Sitrus Berry|[eat]\n|-heal|p2b: Casper|63\/100|[from] item: Sitrus Berry\n|move|p1a: Corviknight|Iron Head|p2b: Casper\n|-supereffective|p2b: Casper\n|-damage|p2b: Casper|0 fnt\n|faint|p2b: Casper\n|move|p2a: Yokozuna|Close Combat|p1b: Rotom\n|-damage|p1b: Rotom|37\/100\n|-unboost|p2a: Yokozuna|def|1\n|-unboost|p2a: Yokozuna|spd|1\n|\n|-damage|p1b: Rotom|13\/100|[from] Curse\n|upkeep\n|\n|t:|1682616073\n|switch|p2b: 50 Cent|Gholdengo, L50|100\/100\n|turn|2\n|j| CaptainInsecto\n|\n|t:|1682616116\n|switch|p2a: Smaug|Roaring Moon, L50|100\/100\n|-enditem|p2a: Smaug|Booster Energy\n|-activate|p2a: Smaug|ability: Protosynthesis|[fromitem]\n|-start|p2a: Smaug|protosynthesisspe\n|move|p1b: Rotom|Hydro Pump|p2b: 50 Cent\n|-damage|p2b: 50 Cent|53\/100\n|move|p2b: 50 Cent|Nasty Plot|p2b: 50 Cent\n|-boost|p2b: 50 Cent|spa|2\n|move|p1a: Corviknight|Brave Bird|p2a: Smaug\n|-damage|p2a: Smaug|45\/100\n|-damage|p1a: Corviknight|84\/100|[from] Recoil\n|\n|-heal|p2b: 50 Cent|59\/100|[from] item: Leftovers\n|-damage|p1b: Rotom|0 fnt|[from] Curse\n|faint|p1b: Rotom\n|upkeep\n|l| CaptainInsecto\n|\n|t:|1682616125\n|switch|p1b: Flutter Mane|Flutter Mane, L50|100\/100\n|-enditem|p1b: Flutter Mane|Booster Energy\n|-activate|p1b: Flutter Mane|ability: Protosynthesis|[fromitem]\n|-start|p1b: Flutter Mane|protosynthesisspe\n|turn|3\n|j| Wyvern129\n|\n|t:|1682616163\n|move|p2a: Smaug|Protect|p2a: Smaug\n|-singleturn|p2a: Smaug|Protect\n|move|p2b: 50 Cent|Protect|p2b: 50 Cent\n|-singleturn|p2b: 50 Cent|Protect\n|move|p1b: Flutter Mane|Moonblast|p2a: Smaug\n|-activate|p2a: Smaug|move: Protect\n|move|p1a: Corviknight|Tailwind|p1a: Corviknight\n|-sidestart|p1: MasterofMetapods5|move: Tailwind\n|\n|-heal|p2b: 50 Cent|65\/100|[from] item: Leftovers\n|upkeep\n|turn|4\n|\n|t:|1682616212\n|-terastallize|p2b: 50 Cent|Water\n|move|p1b: Flutter Mane|Shadow Ball|p2b: 50 Cent\n|-damage|p2b: 50 Cent|24\/100\n|move|p2a: Smaug|Tailwind|p2a: Smaug\n|-sidestart|p2: Jbenn|move: Tailwind\n|move|p2b: 50 Cent|Make It Rain|p1a: Corviknight|[spread] p1a,p1b\n|-resisted|p1a: Corviknight\n|-supereffective|p1b: Flutter Mane\n|-crit|p1b: Flutter Mane\n|-damage|p1a: Corviknight|35\/100\n|-damage|p1b: Flutter Mane|0 fnt\n|-unboost|p2b: 50 Cent|spa|1\n|faint|p1b: Flutter Mane\n|-end|p1b: Flutter Mane|Protosynthesis|[silent]\n|move|p1a: Corviknight|Brave Bird|p2a: Smaug\n|-damage|p2a: Smaug|0 fnt\n|faint|p2a: Smaug\n|-end|p2a: Smaug|Protosynthesis|[silent]\n|-damage|p1a: Corviknight|21\/100|[from] Recoil\n|\n|-heal|p2b: 50 Cent|30\/100|[from] item: Leftovers\n|upkeep\n|\n|t:|1682616231\n|switch|p2a: Yokozuna|Hariyama, L50, F, shiny|100\/100\n|switch|p1b: Chi-Yu|Chi-Yu, L50|100\/100\n|-ability|p1b: Chi-Yu|Beads of Ruin\n|turn|5\n|\n|t:|1682616276\n|move|p1b: Chi-Yu|Protect|p1b: Chi-Yu\n|-singleturn|p1b: Chi-Yu|Protect\n|move|p2b: 50 Cent|Protect|p2b: 50 Cent\n|-singleturn|p2b: 50 Cent|Protect\n|move|p1a: Corviknight|Roost|p1a: Corviknight\n|-heal|p1a: Corviknight|72\/100\n|-singleturn|p1a: Corviknight|move: Roost\n|move|p2a: Yokozuna|Close Combat|p1a: Corviknight\n|-supereffective|p1a: Corviknight\n|-damage|p1a: Corviknight|0 fnt\n|-unboost|p2a: Yokozuna|def|1\n|-unboost|p2a: Yokozuna|spd|1\n|faint|p1a: Corviknight\n|\n|-heal|p2b: 50 Cent|36\/100|[from] item: Leftovers\n|upkeep\n|turn|6\n|\n|t:|1682616298\n|move|p1b: Chi-Yu|Dark Pulse|p2b: 50 Cent\n|-damage|p2b: 50 Cent|0 fnt\n|faint|p2b: 50 Cent\n|move|p2a: Yokozuna|Close Combat|p1b: Chi-Yu\n|-supereffective|p1b: Chi-Yu\n|-enditem|p1b: Chi-Yu|Focus Sash\n|-damage|p1b: Chi-Yu|1\/100\n|-unboost|p2a: Yokozuna|def|1\n|-unboost|p2a: Yokozuna|spd|1\n|\n|-sideend|p1: MasterofMetapods5|move: Tailwind\n|upkeep\n|turn|7\n|c|\u2606Jbenn|HARI!!!!!!!!\n|c|\u2606Jbenn|gg tho u win lol\n|c|\u2606MasterofMetapods5|do i?\n|c|\u2606Jbenn|yeh\n|\n|t:|1682616330\n|move|p1b: Chi-Yu|Protect|p1b: Chi-Yu\n|-singleturn|p1b: Chi-Yu|Protect\n|move|p2a: Yokozuna|Iron Head|p1b: Chi-Yu\n|-activate|p1b: Chi-Yu|move: Protect\n|\n|-sideend|p2: Jbenn|move: Tailwind\n|upkeep\n|turn|8\n|c| Radio Free C-Side|could miss\n|c|\u2606MasterofMetapods5|hari a thicc boi\n|\n|t:|1682616350\n|-terastallize|p1b: Chi-Yu|Fire\n|move|p1b: Chi-Yu|Overheat|p2a: Yokozuna\n|-damage|p2a: Yokozuna|0 fnt\n|-unboost|p1b: Chi-Yu|spa|2\n|faint|p2a: Yokozuna\n|\n|win|MasterofMetapods5\n|n|\u2606MasterofMetapods5|masterofmetapods5\n|n|\u2606Jbenn|jbenn\n|n| Radio Free C-Side|radiofreecside\n|n| ale cog|alecog\n|n| rokusho vgc|rokushovgc\n|n| Eldegoss32|eldegoss32\n|n| RoderickVE|roderickve\n|n| Wyvern129|wyvern129\n|c|\u2606MasterofMetapods5|gg\n|l| Eldegoss32\n|c|\u2606Jbenn|GG!\n|l| Radio Free C-Side\n|l| RoderickVE\n|c|\u2606MasterofMetapods5|i forget how broken chi yu is\n|c|\u2606Jbenn|I was at -2\n|c|\u2606Jbenn|the overheat neutral calcs w thick fat r nice\n|c|\u2606Jbenn|Hari slept on\n","uploadtime":1682616351,"views":10,"p1id":"masterofmetapods5","p2id":"jbenn","formatid":"gen9vgc2023regulationc","rating":0,"private":0,"password":""}