{"id":"gen9vgc2023regulationc-1859374202","p1":"Freischieb","p2":"Ytterby","format":"[Gen 9] VGC 2023 Regulation C","log":"|j|\u2606Freischieb\n|j|\u2606Ytterby\n|t:|1683450549\n|gametype|doubles\n|player|p1|Freischieb|266|\n|player|p2|Ytterby|brycenman|\n|teamsize|p1|6\n|teamsize|p2|6\n|gen|9\n|tier|[Gen 9] VGC 2023 Regulation C\n|rule|Species Clause: Limit one of each Pok\u00e9mon\n|rule|Item Clause: Limit one of each item\n|clearpoke\n|poke|p1|Clodsire, L50, F|\n|poke|p1|Sableye, L50, F|\n|poke|p1|Sandy Shocks, L50|\n|poke|p1|Pachirisu, L50, M|\n|poke|p1|Tyranitar, L50, M|\n|poke|p1|Scizor, L50, F|\n|poke|p2|Murkrow, L50, M|\n|poke|p2|Garchomp, L50, M|\n|poke|p2|Barraskewda, L50, F|\n|poke|p2|Klefki, L50, M|\n|poke|p2|Salamence, L50, F|\n|poke|p2|Hariyama, L50, M|\n|teampreview|4\nFreischieb has agreed to open team sheets.\nYtterby has agreed to open team sheets.\n|\n|t:|1683450628\n|start\n|switch|p1a: Salad Fingers|Sableye, L50, F|100\/100\n|switch|p1b: really fast|Scizor, L50, F|100\/100\n|switch|p2a: Klefki|Klefki, L50, M, shiny|100\/100\n|switch|p2b: Hariyama|Hariyama, L50, M, shiny|100\/100\n|turn|1\n|\n|t:|1683450666\n|move|p1a: Salad Fingers|Fake Out|p2b: Hariyama\n|-damage|p2b: Hariyama|93\/100\n|cant|p2b: Hariyama|flinch\n|move|p1b: really fast|Swords Dance|p1b: really fast\n|-boost|p1b: really fast|atk|2\n|move|p2a: Klefki|Trick Room|p2a: Klefki\n|-fieldstart|move: Trick Room|[of] p2a: Klefki\n|\n|upkeep\n|turn|2\n|j| 252 accuracy\n|\n|t:|1683450699\n|switch|p1a: THICC BOI|Tyranitar, L50, M|100\/100\n|-ability|p1a: THICC BOI|Unnerve\n|move|p1b: really fast|Bullet Punch|p2a: Klefki\n|-damage|p2a: Klefki|16\/100\n|move|p2a: Klefki|Thunder Wave|p1b: really fast\n|-status|p1b: really fast|par\n|move|p2b: Hariyama|Drain Punch|p1b: really fast\n|-damage|p1b: really fast|56\/100 par\n|-heal|p2b: Hariyama|100\/100|[from] drain|[of] p1b: really fast\n|\n|upkeep\n|turn|3\n|\n|t:|1683450729\n|switch|p2a: Garchomp|Garchomp, L50, M|100\/100\n|-terastallize|p1a: THICC BOI|Flying\n|move|p1b: really fast|Bullet Punch|p2a: Garchomp\n|-damage|p2a: Garchomp|25\/100\n|-damage|p1b: really fast|44\/100 par|[from] ability: Rough Skin|[of] p2a: Garchomp\n|move|p2b: Hariyama|Drain Punch|p1a: THICC BOI\n|-resisted|p1a: THICC BOI\n|-damage|p1a: THICC BOI|85\/100\n|move|p1a: THICC BOI|Rock Slide|p2a: Garchomp|[spread] p2b\n|-miss|p1a: THICC BOI|p2a: Garchomp\n|-resisted|p2b: Hariyama\n|-damage|p2b: Hariyama|86\/100\n|\n|upkeep\n|turn|4\n|\n|t:|1683450800\n|switch|p1b: Salad Fingers|Sableye, L50, F|100\/100\n|move|p2a: Garchomp|Protect|p2a: Garchomp\n|-singleturn|p2a: Garchomp|Protect\n|move|p2b: Hariyama|Drain Punch|p1b: Salad Fingers\n|-immune|p1b: Salad Fingers\n|move|p1a: THICC BOI|Tera Blast|p2b: Hariyama\n|-supereffective|p2b: Hariyama\n|-crit|p2b: Hariyama\n|-damage|p2b: Hariyama|0 fnt\n|faint|p2b: Hariyama\n|\n|upkeep\n|\n|t:|1683450816\n|switch|p2b: Klefki|Klefki, L50, M, shiny|16\/100\n|turn|5\n|\n|t:|1683450869\n|move|p1b: Salad Fingers|Fake Out|p2b: Klefki\n|-resisted|p2b: Klefki\n|-damage|p2b: Klefki|12\/100\n|cant|p2b: Klefki|flinch\n|move|p1a: THICC BOI|Rock Slide|p2a: Garchomp|[spread] p2a,p2b\n|-resisted|p2a: Garchomp\n|-resisted|p2b: Klefki\n|-damage|p2a: Garchomp|9\/100\n|-damage|p2b: Klefki|0 fnt\n|faint|p2b: Klefki\n|cant|p2a: Garchomp|flinch\n|\n|-fieldend|move: Trick Room\n|upkeep\n|\n|t:|1683450881\n|switch|p2b: 188\/206|Barraskewda, L50, F|100\/100\n|turn|6\n|\n|t:|1683450899\n|-terastallize|p2b: 188\/206|Water\n|move|p1b: Salad Fingers|Will-O-Wisp|p2b: 188\/206\n|-status|p2b: 188\/206|brn\n|move|p2b: 188\/206|Liquidation|p1a: THICC BOI\n|-damage|p1a: THICC BOI|48\/100\n|move|p2a: Garchomp|Rock Slide|p1a: THICC BOI|[spread] p1a,p1b\n|-supereffective|p1a: THICC BOI\n|-damage|p1a: THICC BOI|13\/100\n|-damage|p1b: Salad Fingers|76\/100\n|move|p1a: THICC BOI|Rock Slide|p2b: 188\/206|[spread] p2a,p2b\n|-resisted|p2a: Garchomp\n|-damage|p2a: Garchomp|0 fnt\n|-damage|p2b: 188\/206|38\/100 brn\n|faint|p2a: Garchomp\n|\n|-damage|p2b: 188\/206|33\/100 brn|[from] brn\n|upkeep\n|turn|7\n|\n|t:|1683450921\n|move|p1b: Salad Fingers|Quash|p2b: 188\/206\n|-activate|p2b: 188\/206|move: Quash\n|move|p1a: THICC BOI|Tera Blast|p2b: 188\/206\n|-damage|p2b: 188\/206|0 fnt\n|faint|p2b: 188\/206\n|\n|win|Freischieb\n|l|\u2606Ytterby\n","uploadtime":1683451014,"views":11,"p1id":"freischieb","p2id":"ytterby","formatid":"gen9vgc2023regulationc","rating":0,"private":0,"password":""}