{"id":"gen9vgc2023regulationc-1849353560","p1":"pacho0","p2":"marioman6444","format":"[Gen 9] VGC 2023 Regulation C","log":"|j|\u2606pacho0\n|j|\u2606marioman6444\n|t:|1682189120\n|gametype|doubles\n|player|p1|pacho0|n|1112\n|player|p2|marioman6444|hoopster|1217\n|teamsize|p1|6\n|teamsize|p2|6\n|gen|9\n|tier|[Gen 9] VGC 2023 Regulation C\n|rated|\n|rule|Species Clause: Limit one of each Pok\u00e9mon\n|rule|Item Clause: Limit one of each item\n|clearpoke\n|poke|p1|Ting-Lu, L50|\n|poke|p1|Spiritomb, L50, F|\n|poke|p1|Amoonguss, L50, M|\n|poke|p1|Kingambit, L50, M|\n|poke|p1|Azumarill, L50, F|\n|poke|p1|Torkoal, L50, F|\n|poke|p2|Tsareena, L50, F|\n|poke|p2|Maushold, L50|\n|poke|p2|Garchomp, L50, F|\n|poke|p2|Iron Bundle, L50|\n|poke|p2|Ting-Lu, L50|\n|poke|p2|Dragonite, L50, F|\n|teampreview|4\n|inactive|Battle timer is ON: inactive players will automatically lose when time's up. (requested by marioman6444)\n|inactive|marioman6444 has 60 seconds left.\npacho0 has agreed to open team sheets.\n|inactive|marioman6444 has 30 seconds left.\n|inactive|marioman6444 has 20 seconds left.\n|\n|t:|1682189193\n|start\n|switch|p1a: Spiritomb|Spiritomb, L50, F|100\/100\n|switch|p1b: Amoonguss|Amoonguss, L50, M, shiny|100\/100\n|switch|p2a: THE RATS|Maushold, L50, shiny|100\/100\n|switch|p2b: G-Girl|Garchomp, L50, F, shiny|100\/100\n|turn|1\n|\n|t:|1682189209\n|move|p2b: G-Girl|Protect|p2b: G-Girl\n|-singleturn|p2b: G-Girl|Protect\n|move|p2a: THE RATS|Taunt|p1b: Amoonguss\n|-start|p1b: Amoonguss|move: Taunt\n|cant|p1b: Amoonguss|move: Taunt|Spore\n|move|p1a: Spiritomb|Trick Room|p1a: Spiritomb\n|-fieldstart|move: Trick Room|[of] p1a: Spiritomb\n|\n|upkeep\n|turn|2\n|inactiveoff|Battle timer is now OFF.\n|\n|t:|1682189232\n|switch|p1b: Azumarill|Azumarill, L50, F|100\/100\n|move|p2a: THE RATS|Follow Me|p2a: THE RATS\n|-singleturn|p2a: THE RATS|move: Follow Me\n|move|p1a: Spiritomb|Will-O-Wisp|p2a: THE RATS\n|-status|p2a: THE RATS|brn\n|move|p2b: G-Girl|Swords Dance|p2b: G-Girl\n|-boost|p2b: G-Girl|atk|2\n|\n|-damage|p2a: THE RATS|94\/100 brn|[from] brn\n|upkeep\n|turn|3\n|\n|t:|1682189252\n|switch|p1b: Amoonguss|Amoonguss, L50, M, shiny|100\/100\n|move|p2a: THE RATS|Follow Me|p2a: THE RATS\n|-singleturn|p2a: THE RATS|move: Follow Me\n|move|p1a: Spiritomb|Will-O-Wisp|p2a: THE RATS\n|-fail|p2a: THE RATS|brn\n|move|p2b: G-Girl|Swords Dance|p2b: G-Girl\n|-boost|p2b: G-Girl|atk|2\n|\n|-damage|p2a: THE RATS|88\/100 brn|[from] brn\n|upkeep\n|turn|4\n|\n|t:|1682189269\n|move|p2b: G-Girl|Protect|p2b: G-Girl\n|-singleturn|p2b: G-Girl|Protect\n|move|p1b: Amoonguss|Pollen Puff|p2a: THE RATS\n|-damage|p2a: THE RATS|68\/100 brn\n|move|p1a: Spiritomb|Dark Pulse|p2a: THE RATS\n|-damage|p2a: THE RATS|41\/100 brn\n|move|p2a: THE RATS|Taunt|p1a: Spiritomb\n|-start|p1a: Spiritomb|move: Taunt\n|\n|-damage|p2a: THE RATS|35\/100 brn|[from] brn\n|upkeep\n|turn|5\n|inactive|Battle timer is ON: inactive players will automatically lose when time's up. (requested by pacho0)\n|\n|t:|1682189291\n|move|p2a: THE RATS|Follow Me|p2a: THE RATS\n|-singleturn|p2a: THE RATS|move: Follow Me\n|move|p1b: Amoonguss|Spore|p2a: THE RATS\n|-activate|p2a: THE RATS|item: Safety Goggles|Spore\n|move|p1a: Spiritomb|Dark Pulse|p2a: THE RATS\n|-damage|p2a: THE RATS|5\/100 brn\n|move|p2b: G-Girl|Rock Slide|p1a: Spiritomb|[spread] p1a,p1b\n|-damage|p1a: Spiritomb|53\/100\n|-damage|p1b: Amoonguss|48\/100\n|\n|-heal|p1a: Spiritomb|58\/100|[from] item: Leftovers\n|-damage|p2a: THE RATS|0 fnt|[from] brn\n|faint|p2a: THE RATS\n|-fieldend|move: Trick Room\n|upkeep\n|\n|t:|1682189307\n|switch|p2a: Dragonite|Dragonite, L50, F|100\/100\n|turn|6\n|\n|t:|1682189326\n|switch|p1a: Kingambit|Kingambit, L50, M|100\/100\n|move|p1b: Amoonguss|Protect|p1b: Amoonguss\n|-singleturn|p1b: Amoonguss|Protect\n|move|p2b: G-Girl|Rock Slide|p1b: Amoonguss|[spread] p1a\n|-activate|p1b: Amoonguss|move: Protect\n|-resisted|p1a: Kingambit\n|-damage|p1a: Kingambit|83\/100\n|move|p2a: Dragonite|Outrage|p1a: Kingambit\n|-resisted|p1a: Kingambit\n|-damage|p1a: Kingambit|58\/100\n|\n|upkeep\n|turn|7\n|inactive|marioman6444 has 30 seconds left.\n|\n|t:|1682189356\n|move|p1a: Kingambit|Protect|p1a: Kingambit\n|-singleturn|p1a: Kingambit|Protect\n|move|p2b: G-Girl|Rock Slide|p1a: Kingambit|[spread] p1b\n|-activate|p1a: Kingambit|move: Protect\n|-damage|p1b: Amoonguss|0 fnt\n|faint|p1b: Amoonguss\n|move|p2a: Dragonite|Outrage|p1a: Kingambit|[from]lockedmove\n|-activate|p1a: Kingambit|move: Protect\n|\n|upkeep\n|-message|pacho0 forfeited.\n|\n|win|marioman6444\n|raw|pacho0's rating: 1112 → 1094<\/strong> (-18 for losing)\n|raw|marioman6444's rating: 1217 → 1235<\/strong> (+18 for winning)\n|l|\u2606pacho0\n|c|\u2606marioman6444|Tricky one you are\n|c|\u2606marioman6444|Gg\n","uploadtime":1682189375,"views":5,"p1id":"pacho0","p2id":"marioman6444","formatid":"gen9vgc2023regulationc","rating":1094,"private":0,"password":""}