{"id":"gen9vgc2023regulationc-1850717973","p1":"mfDOOMvmax","p2":"Vast Universe","format":"[Gen 9] VGC 2023 Regulation C","log":"|j|\u2606mfDOOMvmax\n|j|\u2606Vast Universe\n|t:|1682361686\n|gametype|doubles\n|player|p1|mfDOOMvmax|lucas|1087\n|player|p2|Vast Universe|101|1033\n|teamsize|p1|6\n|teamsize|p2|6\n|gen|9\n|tier|[Gen 9] VGC 2023 Regulation C\n|rated|\n|rule|Species Clause: Limit one of each Pok\u00e9mon\n|rule|Item Clause: Limit one of each item\n|clearpoke\n|poke|p1|Iron Treads, L50|\n|poke|p1|Chien-Pao, L50|\n|poke|p1|Dondozo, L50, M|\n|poke|p1|Tatsugiri-Stretchy, L50, F|\n|poke|p1|Grimmsnarl, L50, M|\n|poke|p1|Dudunsparce-*, L50, F|\n|poke|p2|Tinkaton, L50, F|\n|poke|p2|Ting-Lu, L50|\n|poke|p2|Tauros-Paldea-Blaze, L50, M|\n|poke|p2|Meowscarada, L50, M|\n|poke|p2|Rotom-Wash, L50|\n|poke|p2|Brute Bonnet, L50|\n|teampreview|4\n|inactive|Battle timer is ON: inactive players will automatically lose when time's up. (requested by mfDOOMvmax)\n|inactive|Vast Universe also wants the timer to be on.\n|\n|t:|1682361717\n|start\n|switch|p1a: Grimmsnarl|Grimmsnarl, L50, M, shiny|100\/100\n|switch|p1b: Dondozo|Dondozo, L50, M|100\/100\n|switch|p2a: Tinkaton|Tinkaton, L50, F|100\/100\n|switch|p2b: Rotom|Rotom-Wash, L50|100\/100\n|turn|1\n|\n|t:|1682361735\n|move|p1a: Grimmsnarl|Thunder Wave|p2a: Tinkaton\n|-status|p2a: Tinkaton|par\n|move|p2b: Rotom|Trick|p1b: Dondozo\n|-activate|p2b: Rotom|move: Trick|[of] p1b: Dondozo\n|-item|p1b: Dondozo|Choice Scarf|[from] move: Trick\n|-item|p2b: Rotom|Leftovers|[from] move: Trick\n|move|p1b: Dondozo|Substitute|p1b: Dondozo\n|-start|p1b: Dondozo|Substitute\n|-damage|p1b: Dondozo|76\/100\n|move|p2a: Tinkaton|Gigaton Hammer|p1a: Grimmsnarl\n|-supereffective|p1a: Grimmsnarl\n|-damage|p1a: Grimmsnarl|0 fnt\n|faint|p1a: Grimmsnarl\n|\n|upkeep\n|\n|t:|1682361747\n|switch|p1a: Chien-Pao|Chien-Pao, L50|100\/100\n|-ability|p1a: Chien-Pao|Sword of Ruin\n|turn|2\n|\n|t:|1682361770\n|switch|p1b: Tatsugiri|Tatsugiri-Stretchy, L50, F|100\/100\n|-terastallize|p1a: Chien-Pao|Ghost\n|move|p2a: Tinkaton|Protect|p2a: Tinkaton\n|-singleturn|p2a: Tinkaton|Protect\n|move|p1a: Chien-Pao|Sacred Sword|p2a: Tinkaton\n|-activate|p2a: Tinkaton|move: Protect\n|move|p2b: Rotom|Volt Switch|p1b: Tatsugiri\n|-damage|p1b: Tatsugiri|61\/100\n|\n|t:|1682361786\n|switch|p2b: Tauros|Tauros-Paldea-Blaze, L50, M|100\/100|[from] Volt Switch\n|-ability|p2b: Tauros|Intimidate|boost\n|-unboost|p1a: Chien-Pao|atk|1\n|-unboost|p1b: Tatsugiri|atk|1\n|\n|upkeep\n|turn|3\n|inactive|mfDOOMvmax has 30 seconds left.\n|\n|t:|1682361814\n|switch|p1a: Dondozo|Dondozo, L50, M|76\/100\n|-activate|p1b: Tatsugiri|ability: Commander|[of] p1a: Dondozo\n|-boost|p1a: Dondozo|atk|2\n|-boost|p1a: Dondozo|spa|2\n|-boost|p1a: Dondozo|spe|2\n|-boost|p1a: Dondozo|def|2\n|-boost|p1a: Dondozo|spd|2\n|switch|p2b: Rotom|Rotom-Wash, L50|100\/100\n|move|p2a: Tinkaton|Gigaton Hammer|p1a: Dondozo\n|-resisted|p1a: Dondozo\n|-damage|p1a: Dondozo|69\/100\n|\n|upkeep\n|turn|4\n|\n|t:|1682361836\n|cant|p2a: Tinkaton|par\n|move|p1a: Dondozo|Wave Crash|p2a: Tinkaton\n|-damage|p2a: Tinkaton|0 fnt\n|faint|p2a: Tinkaton\n|-damage|p1a: Dondozo|44\/100|[from] Recoil\n|move|p2b: Rotom|Volt Switch|p1a: Dondozo\n|-supereffective|p1a: Dondozo\n|-damage|p1a: Dondozo|14\/100\n|\n|t:|1682361847\n|switch|p2b: Tauros|Tauros-Paldea-Blaze, L50, M|100\/100|[from] Volt Switch\n|-ability|p2b: Tauros|Intimidate|boost\n|-unboost|p1a: Dondozo|atk|1\n|-unboost|p1b: Tatsugiri|atk|1\n|\n|upkeep\n|\n|t:|1682361853\n|switch|p2a: Rotom|Rotom-Wash, L50|100\/100\n|turn|5\n|\n|t:|1682361859\n|move|p2b: Tauros|Protect|p2b: Tauros\n|-singleturn|p2b: Tauros|Protect\n|move|p1a: Dondozo|Wave Crash|p2b: Tauros\n|-activate|p2b: Tauros|move: Protect\n|move|p2a: Rotom|Volt Switch|p1a: Dondozo\n|-supereffective|p1a: Dondozo\n|-damage|p1a: Dondozo|0 fnt\n|faint|p1a: Dondozo\n|\n|t:|1682361869\n|switch|p2a: Ting-Lu|Ting-Lu, L50|100\/100|[from] Volt Switch\n|-ability|p2a: Ting-Lu|Vessel of Ruin\n|\n|upkeep\n|\n|t:|1682361871\n|switch|p1a: Chien-Pao|Chien-Pao, L50, tera:Ghost|100\/100\n|-ability|p1a: Chien-Pao|Sword of Ruin\n|turn|6\n|\n|t:|1682361887\n|switch|p2b: Rotom|Rotom-Wash, L50|100\/100\n|-terastallize|p2a: Ting-Lu|Ghost\n|move|p1b: Tatsugiri|Hydro Pump|p2b: Rotom|[miss]\n|-miss|p1b: Tatsugiri|p2b: Rotom\n|move|p1a: Chien-Pao|Ice Spinner|p2a: Ting-Lu\n|-damage|p2a: Ting-Lu|66\/100\n|move|p2a: Ting-Lu|Stomping Tantrum|p1b: Tatsugiri\n|-damage|p1b: Tatsugiri|0 fnt\n|faint|p1b: Tatsugiri\n|\n|-heal|p2a: Ting-Lu|72\/100|[from] item: Leftovers\n|upkeep\n|turn|7\n|-message|mfDOOMvmax forfeited.\n|\n|win|Vast Universe\n|raw|mfDOOMvmax's rating: 1087 → 1060<\/strong> (-27 for losing)\n|raw|Vast Universe's rating: 1033 → 1073<\/strong> (+40 for winning)\n|l|\u2606mfDOOMvmax\n","uploadtime":1682361911,"views":16,"p1id":"mfdoomvmax","p2id":"vastuniverse","formatid":"gen9vgc2023regulationc","rating":1060,"private":0,"password":""}