{"id":"gen9vgc2023regulationc-1848030181","p1":"sejuntest","p2":"withane","format":"[Gen 9] VGC 2023 Regulation C","log":"|j|\u203dsejuntest\n|j|\u2606withane\n|t:|1682022278\n|gametype|doubles\n|player|p1|sejuntest|170|1137\n|player|p2|withane|265|1113\n|teamsize|p1|6\n|teamsize|p2|6\n|gen|9\n|tier|[Gen 9] VGC 2023 Regulation C\n|rated|\n|rule|Species Clause: Limit one of each Pok\u00e9mon\n|rule|Item Clause: Limit one of each item\n|clearpoke\n|poke|p1|Gholdengo, L50|\n|poke|p1|Maushold, L50|\n|poke|p1|Flutter Mane, L50|\n|poke|p1|Palafin, L50, M|\n|poke|p1|Mimikyu, L50, M|\n|poke|p1|Iron Hands, L50|\n|poke|p2|Orthworm, L50, M|\n|poke|p2|Revavroom, L50, M|\n|poke|p2|Palafin, L50, F|\n|poke|p2|Chien-Pao, L50|\n|poke|p2|Dragonite, L50, F|\n|poke|p2|Indeedee-F, L50, F|\n|teampreview|4\nsejuntest has agreed to open team sheets.\n|inactive|Battle timer is ON: inactive players will automatically lose when time's up. (requested by sejuntest)\n|\n|t:|1682022329\n|start\n|switch|p1a: Gholdengo|Gholdengo, L50|100\/100\n|switch|p1b: Flutter Mane|Flutter Mane, L50|100\/100\n|switch|p2a: Revavroom|Revavroom, L50, M|100\/100\n|switch|p2b: Indeedee|Indeedee-F, L50, F|100\/100\n|-fieldstart|move: Psychic Terrain|[from] ability: Psychic Surge|[of] p2b: Indeedee\n|-enditem|p2b: Indeedee|Psychic Seed\n|-boost|p2b: Indeedee|spd|1|[from] item: Psychic Seed\n|-enditem|p1b: Flutter Mane|Booster Energy\n|-activate|p1b: Flutter Mane|ability: Protosynthesis|[fromitem]\n|-start|p1b: Flutter Mane|protosynthesisspa\n|turn|1\n|\n|t:|1682022352\n|switch|p1a: Mimikyu|Mimikyu, L50, M|100\/100\n|-terastallize|p1b: Flutter Mane|Water\n|move|p2b: Indeedee|Follow Me|p2b: Indeedee\n|-singleturn|p2b: Indeedee|move: Follow Me\n|move|p1b: Flutter Mane|Moonblast|p2b: Indeedee\n|-damage|p2b: Indeedee|63\/100\n|-unboost|p2b: Indeedee|spa|1\n|move|p2a: Revavroom|Iron Head|p1b: Flutter Mane\n|-resisted|p1b: Flutter Mane\n|-damage|p1b: Flutter Mane|58\/100\n|-damage|p2a: Revavroom|91\/100|[from] item: Life Orb\n|\n|upkeep\n|turn|2\n|\n|t:|1682022370\n|move|p1b: Flutter Mane|Protect|p1b: Flutter Mane\n|-singleturn|p1b: Flutter Mane|Protect\n|move|p2a: Revavroom|Shift Gear|p2a: Revavroom\n|-boost|p2a: Revavroom|spe|2\n|-boost|p2a: Revavroom|atk|1\n|move|p1a: Mimikyu|Will-O-Wisp|p2a: Revavroom\n|-status|p2a: Revavroom|brn\n|move|p2b: Indeedee|Psychic|p1b: Flutter Mane\n|-activate|p1b: Flutter Mane|move: Protect\n|\n|-damage|p2a: Revavroom|85\/100 brn|[from] brn\n|upkeep\n|turn|3\n|\n|t:|1682022384\n|move|p2a: Revavroom|Gunk Shot|p1b: Flutter Mane|[miss]\n|-miss|p2a: Revavroom|p1b: Flutter Mane\n|move|p1b: Flutter Mane|Dazzling Gleam|p2a: Revavroom|[spread] p2a,p2b\n|-resisted|p2a: Revavroom\n|-damage|p2a: Revavroom|70\/100 brn\n|-damage|p2b: Indeedee|43\/100\n|move|p1a: Mimikyu|Play Rough|p2b: Indeedee\n|-damage|p2b: Indeedee|0 fnt\n|faint|p2b: Indeedee\n|-damage|p1a: Mimikyu|91\/100|[from] item: Life Orb\n|\n|-damage|p2a: Revavroom|64\/100 brn|[from] brn\n|upkeep\n|\n|t:|1682022397\n|switch|p2b: Bundle|Chien-Pao, L50|100\/100\n|-ability|p2b: Bundle|Sword of Ruin\n|turn|4\n|\n|t:|1682022406\n|move|p2b: Bundle|Protect|p2b: Bundle\n|-singleturn|p2b: Bundle|Protect\n|move|p1b: Flutter Mane|Protect|p1b: Flutter Mane\n|-singleturn|p1b: Flutter Mane|Protect\n|move|p2a: Revavroom|Gunk Shot|p1b: Flutter Mane\n|-activate|p1b: Flutter Mane|move: Protect\n|move|p1a: Mimikyu|Trick Room|p1a: Mimikyu\n|-fieldstart|move: Trick Room|[of] p1a: Mimikyu\n|\n|-damage|p2a: Revavroom|58\/100 brn|[from] brn\n|upkeep\n|turn|5\n|\n|t:|1682022426\n|switch|p2b: Orthworm|Orthworm, L50, M|100\/100\n|move|p1a: Mimikyu|Play Rough|p2b: Orthworm|[miss]\n|-miss|p1a: Mimikyu|p2b: Orthworm\n|move|p1b: Flutter Mane|Dazzling Gleam|p2b: Orthworm|[spread] p2a,p2b\n|-resisted|p2a: Revavroom\n|-resisted|p2b: Orthworm\n|-damage|p2a: Revavroom|44\/100 brn\n|-damage|p2b: Orthworm|70\/100\n|move|p2a: Revavroom|Gunk Shot|p1b: Flutter Mane\n|-damage|p1b: Flutter Mane|0 fnt\n|faint|p1b: Flutter Mane\n|-end|p1b: Flutter Mane|Protosynthesis|[silent]\n|-damage|p2a: Revavroom|35\/100 brn|[from] item: Life Orb\n|\n|-damage|p2a: Revavroom|29\/100 brn|[from] brn\n|-fieldend|move: Psychic Terrain\n|upkeep\n|\n|t:|1682022440\n|switch|p1b: Gholdengo|Gholdengo, L50|100\/100\n|turn|6\n|\n|t:|1682022459\n|move|p1a: Mimikyu|Shadow Sneak|p2b: Orthworm\n|-damage|p2b: Orthworm|56\/100\n|-damage|p1a: Mimikyu|81\/100|[from] item: Life Orb\n|move|p2b: Orthworm|Shed Tail|p2b: Orthworm\n|-start|p2b: Orthworm|Substitute|[from] move: Shed Tail\n|-damage|p2b: Orthworm|6\/100\n|\n|t:|1682022465\n|switch|p2b: Bundle|Chien-Pao, L50|100\/100|[from] Shed Tail\n|-ability|p2b: Bundle|Sword of Ruin\n|move|p1b: Gholdengo|Shadow Ball|p2a: Revavroom\n|-damage|p2a: Revavroom|0 fnt\n|faint|p2a: Revavroom\n|\n|upkeep\n|\n|t:|1682022469\n|switch|p2a: Orthworm|Orthworm, L50, M|6\/100\n|turn|7\n|\n|t:|1682022484\n|move|p1a: Mimikyu|Shadow Sneak|p2a: Orthworm\n|-damage|p2a: Orthworm|0 fnt\n|faint|p2a: Orthworm\n|-damage|p1a: Mimikyu|71\/100|[from] item: Life Orb\n|move|p1b: Gholdengo|Shadow Ball|p2b: Bundle\n|-resisted|p2b: Bundle\n|-end|p2b: Bundle|Substitute\n|move|p2b: Bundle|Ice Spinner|p1a: Mimikyu\n|-activate|p1a: Mimikyu|ability: Disguise\n|-damage|p1a: Mimikyu|71\/100\n|detailschange|p1a: Mimikyu|Mimikyu-Busted, L50, M\n|-damage|p1a: Mimikyu|58\/100|[from] pokemon: Mimikyu-Busted\n|\n|upkeep\n|turn|8\n|\n|t:|1682022497\n|move|p2b: Bundle|Sucker Punch|p1b: Gholdengo\n|-supereffective|p1b: Gholdengo\n|-damage|p1b: Gholdengo|10\/100\n|move|p1b: Gholdengo|Shadow Ball|p2b: Bundle\n|-resisted|p2b: Bundle\n|-damage|p2b: Bundle|53\/100\n|move|p1a: Mimikyu|Play Rough|p2b: Bundle|[miss]\n|-miss|p1a: Mimikyu|p2b: Bundle\n|\n|-fieldend|move: Trick Room\n|upkeep\n|turn|9\n|\n|t:|1682022506\n|move|p2b: Bundle|Ice Spinner|p1a: Mimikyu\n|-damage|p1a: Mimikyu|0 fnt\n|faint|p1a: Mimikyu\n|move|p1b: Gholdengo|Shadow Ball|p2b: Bundle\n|-resisted|p2b: Bundle\n|-damage|p2b: Bundle|4\/100\n|\n|upkeep\n|\n|t:|1682022509\n|switch|p1a: Iron Hands|Iron Hands, L50|100\/100\n|turn|10\n|-message|withane forfeited.\n|\n|win|sejuntest\n|raw|sejuntest's rating: 1137 → 1160<\/strong> (+23 for winning)\n|raw|withane's rating: 1113 → 1090<\/strong> (-23 for losing)\n|l|\u2606withane\n","uploadtime":1682022519,"views":5,"p1id":"sejuntest","p2id":"withane","formatid":"gen9vgc2023regulationc","rating":1090,"private":0,"password":""}