{"id":"gen9vgc2023regulationc-1844940334","p1":"Ricardo Randorez","p2":"12123434a","format":"[Gen 9] VGC 2023 Regulation C","log":"|j|\u2606Ricardo Randorez\n|j|\u260612123434a\n|t:|1681666337\n|gametype|doubles\n|player|p1|Ricardo Randorez|169|1107\n|player|p2|12123434a|twins-gen4dp|1035\n|teamsize|p1|6\n|teamsize|p2|6\n|gen|9\n|tier|[Gen 9] VGC 2023 Regulation C\n|rated|\n|rule|Species Clause: Limit one of each Pok\u00e9mon\n|rule|Item Clause: Limit one of each item\n|clearpoke\n|poke|p1|Arcanine, L50, M|\n|poke|p1|Gyarados, L50, F|\n|poke|p1|Flutter Mane, L50|\n|poke|p1|Volcarona, L50, M|\n|poke|p1|Gothitelle, L50, M|\n|poke|p1|Ting-Lu, L50|\n|poke|p2|Brute Bonnet, L50|\n|poke|p2|Arboliva, L50, F|\n|poke|p2|Ceruledge, L50, F|\n|poke|p2|Roaring Moon, L50|\n|poke|p2|Torkoal, L50, M|\n|poke|p2|Armarouge, L50, F|\n|teampreview|4\n|inactive|Battle timer is ON: inactive players will automatically lose when time's up. (requested by 12123434a)\n|inactive|Ricardo Randorez has 60 seconds left.\n|\n|t:|1681666368\n|start\n|switch|p1a: Volcarona|Volcarona, L50, M|100\/100\n|switch|p1b: Gyarados|Gyarados, L50, F|100\/100\n|switch|p2a: Torkoal|Torkoal, L50, M|100\/100\n|switch|p2b: Ceruledge|Ceruledge, L50, F|100\/100\n|-ability|p1b: Gyarados|Intimidate|boost\n|-unboost|p2a: Torkoal|atk|1\n|-unboost|p2b: Ceruledge|atk|1\n|-weather|SunnyDay|[from] ability: Drought|[of] p2a: Torkoal\n|turn|1\n|inactive|Ricardo Randorez has 30 seconds left.\n|inactive|Ricardo Randorez has 20 seconds left.\n|\n|t:|1681666405\n|move|p1a: Volcarona|Struggle Bug|p2b: Ceruledge|[spread] p2a,p2b\n|-resisted|p2a: Torkoal\n|-resisted|p2b: Ceruledge\n|-damage|p2a: Torkoal|86\/100\n|-damage|p2b: Ceruledge|98\/100\n|-unboost|p2a: Torkoal|spa|1\n|-unboost|p2b: Ceruledge|spa|1\n|move|p2b: Ceruledge|Lava Plume|p1a: Volcarona|[spread] p2a,p1a,p1b\n|-resisted|p2a: Torkoal\n|-resisted|p1b: Gyarados\n|-damage|p2a: Torkoal|76\/100\n|-damage|p1a: Volcarona|90\/100\n|-damage|p1b: Gyarados|96\/100\n|move|p1b: Gyarados|Dragon Dance|p1b: Gyarados\n|-boost|p1b: Gyarados|atk|1\n|-boost|p1b: Gyarados|spe|1\n|move|p2a: Torkoal|Eruption|p1a: Volcarona|[spread] p1a,p1b\n|-resisted|p1b: Gyarados\n|-damage|p1a: Volcarona|58\/100\n|-damage|p1b: Gyarados|79\/100\n|\n|-weather|SunnyDay|[upkeep]\n|upkeep\n|turn|2\n|inactive|Ricardo Randorez has 30 seconds left.\n|\n|t:|1681666431\n|move|p1b: Gyarados|Waterfall|p2b: Ceruledge\n|-supereffective|p2b: Ceruledge\n|-damage|p2b: Ceruledge|48\/100\n|move|p1a: Volcarona|Struggle Bug|p2a: Torkoal|[spread] p2a,p2b\n|-resisted|p2a: Torkoal\n|-resisted|p2b: Ceruledge\n|-damage|p2a: Torkoal|61\/100\n|-damage|p2b: Ceruledge|45\/100\n|-unboost|p2a: Torkoal|spa|1\n|-unboost|p2b: Ceruledge|spa|1\n|cant|p2b: Ceruledge|flinch\n|move|p2a: Torkoal|Clear Smog|p1b: Gyarados\n|-damage|p1b: Gyarados|73\/100\n|-clearboost|p1b: Gyarados\n|\n|-weather|SunnyDay|[upkeep]\n|upkeep\n|turn|3\n|\n|t:|1681666451\n|switch|p2a: Arboliva|Arboliva, L50, F|100\/100\n|move|p1a: Volcarona|Struggle Bug|p2a: Arboliva|[spread] p2a,p2b\n|-supereffective|p2a: Arboliva\n|-resisted|p2b: Ceruledge\n|-crit|p2b: Ceruledge\n|-damage|p2a: Arboliva|80\/100\n|-damage|p2b: Ceruledge|42\/100\n|-unboost|p2a: Arboliva|spa|1\n|-unboost|p2b: Ceruledge|spa|1\n|-fieldstart|move: Grassy Terrain|[from] ability: Seed Sower|[of] p2a: Arboliva\n|move|p2b: Ceruledge|Bitter Blade|p1a: Volcarona\n|-damage|p1a: Volcarona|14\/100\n|-heal|p2b: Ceruledge|67\/100|[from] drain|[of] p1a: Volcarona\n|-damage|p2b: Ceruledge|51\/100|[from] item: Rocky Helmet|[of] p1a: Volcarona\n|move|p1b: Gyarados|Dragon Dance|p1b: Gyarados\n|-boost|p1b: Gyarados|atk|1\n|-boost|p1b: Gyarados|spe|1\n|\n|-weather|SunnyDay|[upkeep]\n|-heal|p1a: Volcarona|19\/100|[from] Grassy Terrain\n|-heal|p2b: Ceruledge|57\/100|[from] Grassy Terrain\n|-heal|p2a: Arboliva|86\/100|[from] Grassy Terrain\n|upkeep\n|turn|4\n|inactive|Ricardo Randorez has 30 seconds left.\n|inactive|12123434a has 30 seconds left.\n|\n|t:|1681666482\n|move|p2b: Ceruledge|Shadow Sneak|p1a: Volcarona\n|-damage|p1a: Volcarona|7\/100\n|-damage|p2b: Ceruledge|41\/100|[from] item: Rocky Helmet|[of] p1a: Volcarona\n|move|p1b: Gyarados|Waterfall|p2b: Ceruledge\n|-supereffective|p2b: Ceruledge\n|-damage|p2b: Ceruledge|0 fnt\n|faint|p2b: Ceruledge\n|move|p1a: Volcarona|Overheat|p2a: Arboliva|[miss]\n|-miss|p1a: Volcarona|p2a: Arboliva\n|move|p2a: Arboliva|Leech Seed|p1b: Gyarados\n|-start|p1b: Gyarados|move: Leech Seed\n|\n|-weather|SunnyDay|[upkeep]\n|-heal|p1a: Volcarona|13\/100|[from] Grassy Terrain\n|-heal|p2a: Arboliva|92\/100|[from] Grassy Terrain\n|-damage|p1b: Gyarados|60\/100|[from] Leech Seed|[of] p2a: Arboliva\n|-heal|p2a: Arboliva|100\/100|[silent]\n|upkeep\n|\n|t:|1681666492\n|switch|p2b: Torkoal|Torkoal, L50, M|61\/100\n|turn|5\n|\n|t:|1681666504\n|move|p1b: Gyarados|Waterfall|p2b: Torkoal\n|-supereffective|p2b: Torkoal\n|-damage|p2b: Torkoal|19\/100\n|move|p1a: Volcarona|Overheat|p2a: Arboliva\n|-supereffective|p2a: Arboliva\n|-damage|p2a: Arboliva|0 fnt\n|-unboost|p1a: Volcarona|spa|2\n|faint|p2a: Arboliva\n|move|p2b: Torkoal|Eruption|p1b: Gyarados|[spread] p1a,p1b\n|-resisted|p1b: Gyarados\n|-damage|p1a: Volcarona|1\/100\n|-damage|p1b: Gyarados|54\/100\n|\n|-weather|none\n|-heal|p1a: Volcarona|7\/100|[from] Grassy Terrain\n|-heal|p2b: Torkoal|25\/100|[from] Grassy Terrain\n|upkeep\n|\n|t:|1681666510\n|switch|p2a: Brute Bonnet|Brute Bonnet, L50|100\/100\n|turn|6\n|\n|t:|1681666525\n|move|p2b: Torkoal|Protect|p2b: Torkoal\n|-singleturn|p2b: Torkoal|Protect\n|move|p1b: Gyarados|Waterfall|p2b: Torkoal\n|-activate|p2b: Torkoal|move: Protect\n|move|p1a: Volcarona|Overheat|p2a: Brute Bonnet\n|-supereffective|p2a: Brute Bonnet\n|-damage|p2a: Brute Bonnet|56\/100\n|-unboost|p1a: Volcarona|spa|2\n|move|p2a: Brute Bonnet|Spore|p1b: Gyarados\n|-status|p1b: Gyarados|slp|[from] move: Spore\n|\n|-heal|p1a: Volcarona|13\/100|[from] Grassy Terrain\n|-heal|p2a: Brute Bonnet|62\/100|[from] Grassy Terrain\n|-heal|p2b: Torkoal|31\/100|[from] Grassy Terrain\n|-damage|p1b: Gyarados|42\/100 slp|[from] Leech Seed|[of] p2a: Brute Bonnet\n|-heal|p2a: Brute Bonnet|73\/100|[silent]\n|upkeep\n|turn|7\n|inactive|Ricardo Randorez has 30 seconds left.\n|\n|t:|1681666556\n|switch|p1b: Ting-Lu|Ting-Lu, L50|100\/100\n|-ability|p1b: Ting-Lu|Vessel of Ruin\n|switch|p1a: Arcanine|Arcanine, L50, M|100\/100\n|-ability|p1a: Arcanine|Intimidate|boost\n|-unboost|p2a: Brute Bonnet|atk|1\n|-unboost|p2b: Torkoal|atk|1\n|move|p2a: Brute Bonnet|Bullet Seed|p1a: Arcanine\n|-resisted|p1a: Arcanine\n|-damage|p1a: Arcanine|93\/100\n|-resisted|p1a: Arcanine\n|-damage|p1a: Arcanine|86\/100\n|-resisted|p1a: Arcanine\n|-damage|p1a: Arcanine|80\/100\n|-resisted|p1a: Arcanine\n|-damage|p1a: Arcanine|73\/100\n|-hitcount|p1a: Arcanine|4\n|move|p2b: Torkoal|Clear Smog|p1b: Ting-Lu\n|-resisted|p1b: Ting-Lu\n|-damage|p1b: Ting-Lu|98\/100\n|-clearboost|p1b: Ting-Lu\n|\n|-heal|p1a: Arcanine|79\/100|[from] Grassy Terrain\n|-heal|p2a: Brute Bonnet|79\/100|[from] Grassy Terrain\n|-heal|p1b: Ting-Lu|100\/100|[from] Grassy Terrain\n|-heal|p2b: Torkoal|37\/100|[from] Grassy Terrain\n|-fieldend|move: Grassy Terrain\n|upkeep\n|turn|8\n|inactive|Ricardo Randorez has 30 seconds left.\n|\n|t:|1681666589\n|move|p1a: Arcanine|Flare Blitz|p2a: Brute Bonnet\n|-supereffective|p2a: Brute Bonnet\n|-damage|p2a: Brute Bonnet|0 fnt\n|faint|p2a: Brute Bonnet\n|-end|p2a: Brute Bonnet|Protosynthesis|[silent]\n|-damage|p1a: Arcanine|50\/100|[from] Recoil\n|move|p1b: Ting-Lu|Stomping Tantrum|p2b: Torkoal\n|-supereffective|p2b: Torkoal\n|-damage|p2b: Torkoal|0 fnt\n|faint|p2b: Torkoal\n|\n|win|Ricardo Randorez\n|raw|Ricardo Randorez's rating: 1107 → 1127<\/strong> (+20 for winning)\n|raw|12123434a's rating: 1035 → 1023<\/strong> (-12 for losing)\n|l|\u260612123434a\n","uploadtime":1681666601,"views":12,"p1id":"ricardorandorez","p2id":"12123434a","formatid":"gen9vgc2023regulationc","rating":1023,"private":0,"password":""}