{"id":"gen9vgc2023regulationc-1850573339","p1":"Wooper187","p2":"littlerootlessons","format":"[Gen 9] VGC 2023 Regulation C","log":"|j|\u203dWooper187\n|j|\u2606littlerootlessons\n|t:|1682349782\n|gametype|doubles\n|player|p1|Wooper187|102|1035\n|player|p2|littlerootlessons|102|1025\n|teamsize|p1|6\n|teamsize|p2|6\n|gen|9\n|tier|[Gen 9] VGC 2023 Regulation C\n|rated|\n|rule|Species Clause: Limit one of each Pok\u00e9mon\n|rule|Item Clause: Limit one of each item\n|clearpoke\n|poke|p1|Ting-Lu, L50|\n|poke|p1|Arcanine, L50, M|\n|poke|p1|Amoonguss, L50, M|\n|poke|p1|Talonflame, L50, F|\n|poke|p1|Iron Bundle, L50|\n|poke|p1|Rotom-Wash, L50|\n|poke|p2|Scizor, L50, F|\n|poke|p2|Azumarill, L50, M|\n|poke|p2|Kilowattrel, L50, F|\n|poke|p2|Garchomp, L50, F|\n|poke|p2|Amoonguss, L50, M|\n|poke|p2|Arcanine, L50, M|\n|teampreview|4\n|\n|t:|1682349812\n|start\n|switch|p1a: Iron Bundle|Iron Bundle, L50|100\/100\n|switch|p1b: Talonflame|Talonflame, L50, F|100\/100\n|switch|p2a: Kilowattrel|Kilowattrel, L50, F|100\/100\n|switch|p2b: Garchomp|Garchomp, L50, F|100\/100\n|-enditem|p1a: Iron Bundle|Booster Energy\n|-activate|p1a: Iron Bundle|ability: Quark Drive|[fromitem]\n|-start|p1a: Iron Bundle|quarkdrivespe\n|turn|1\n|\n|t:|1682349828\n|-terastallize|p2b: Garchomp|Steel\n|move|p1b: Talonflame|Tailwind|p1b: Talonflame\n|-sidestart|p1: Wooper187|move: Tailwind\n|move|p1a: Iron Bundle|Freeze-Dry|p2b: Garchomp\n|-resisted|p2b: Garchomp\n|-damage|p2b: Garchomp|79\/100\n|move|p2a: Kilowattrel|Discharge|p1a: Iron Bundle|[spread] p2b,p1a,p1b\n|-supereffective|p1a: Iron Bundle\n|-supereffective|p1b: Talonflame\n|-damage|p2b: Garchomp|51\/100\n|-damage|p1a: Iron Bundle|0 fnt\n|-damage|p1b: Talonflame|13\/100\n|-status|p2b: Garchomp|par\n|faint|p1a: Iron Bundle\n|-end|p1a: Iron Bundle|Quark Drive|[silent]\n|move|p2b: Garchomp|Rock Slide|p1b: Talonflame\n|-supereffective|p1b: Talonflame\n|-crit|p1b: Talonflame\n|-damage|p1b: Talonflame|0 fnt\n|faint|p1b: Talonflame\n|\n|upkeep\n|\n|t:|1682349843\n|switch|p1a: Rotom|Rotom-Wash, L50|100\/100\n|switch|p1b: Amoonguss|Amoonguss, L50, M|100\/100\n|turn|2\n|\n|t:|1682349864\n|-terastallize|p1a: Rotom|Electric\n|move|p1b: Amoonguss|Rage Powder|p1b: Amoonguss\n|-singleturn|p1b: Amoonguss|move: Rage Powder\n|move|p1a: Rotom|Thunderbolt|p2a: Kilowattrel\n|-damage|p2a: Kilowattrel|8\/100\n|move|p2a: Kilowattrel|Thunderbolt|p1b: Amoonguss\n|-resisted|p1b: Amoonguss\n|-crit|p1b: Amoonguss\n|-damage|p1b: Amoonguss|75\/100\n|move|p2b: Garchomp|Rock Slide|p1b: Amoonguss|[spread] p1a,p1b\n|-damage|p1a: Rotom|83\/100\n|-damage|p1b: Amoonguss|56\/100\n|\n|-heal|p1b: Amoonguss|62\/100|[from] item: Leftovers\n|upkeep\n|turn|3\n|\n|t:|1682349901\n|move|p2a: Kilowattrel|Protect|p2a: Kilowattrel\n|-singleturn|p2a: Kilowattrel|Protect\n|move|p1b: Amoonguss|Protect|p1b: Amoonguss\n|-singleturn|p1b: Amoonguss|Protect\n|move|p1a: Rotom|Thunderbolt|p2a: Kilowattrel\n|-activate|p2a: Kilowattrel|move: Protect\n|cant|p2b: Garchomp|par\n|\n|-heal|p1b: Amoonguss|68\/100|[from] item: Leftovers\n|upkeep\n|turn|4\n|\n|t:|1682349926\n|switch|p2a: Amoonguss|Amoonguss, L50, M|100\/100\n|move|p1b: Amoonguss|Rage Powder|p1b: Amoonguss\n|-singleturn|p1b: Amoonguss|move: Rage Powder\n|move|p1a: Rotom|Thunderbolt|p2a: Amoonguss\n|-resisted|p2a: Amoonguss\n|-damage|p2a: Amoonguss|85\/100\n|move|p2b: Garchomp|Rock Slide|p1a: Rotom|[spread] p1a,p1b\n|-crit|p1a: Rotom\n|-damage|p1a: Rotom|52\/100\n|-damage|p1b: Amoonguss|52\/100\n|\n|-heal|p1b: Amoonguss|58\/100|[from] item: Leftovers\n|-sideend|p1: Wooper187|move: Tailwind\n|upkeep\n|turn|5\n|\n|t:|1682349946\n|move|p2b: Garchomp|Protect|p2b: Garchomp\n|-singleturn|p2b: Garchomp|Protect\n|move|p1a: Rotom|Thunderbolt|p2b: Garchomp\n|-activate|p2b: Garchomp|move: Protect\n|move|p2a: Amoonguss|Spore|p1a: Rotom\n|-status|p1a: Rotom|slp|[from] move: Spore\n|move|p1b: Amoonguss|Pollen Puff|p1a: Rotom\n|-heal|p1a: Rotom|100\/100 slp\n|\n|-heal|p1b: Amoonguss|64\/100|[from] item: Leftovers\n|upkeep\n|turn|6\n|\n|t:|1682349967\n|switch|p2a: Arcanine|Arcanine, L50, M|100\/100\n|-ability|p2a: Arcanine|Intimidate|boost\n|-unboost|p1a: Rotom|atk|1\n|-unboost|p1b: Amoonguss|atk|1\n|cant|p1a: Rotom|slp\n|move|p2b: Garchomp|Rock Slide|p1b: Amoonguss|[spread] p1a,p1b\n|-damage|p1a: Rotom|83\/100 slp\n|-damage|p1b: Amoonguss|48\/100\n|move|p1b: Amoonguss|Pollen Puff|p1a: Rotom\n|-heal|p1a: Rotom|100\/100 slp\n|\n|-heal|p1b: Amoonguss|54\/100|[from] item: Leftovers\n|upkeep\n|turn|7\n|-message|Wooper187 forfeited.\n|\n|win|littlerootlessons\n|raw|Wooper187's rating: 1035 → 1019<\/strong> (-16 for losing)\n|raw|littlerootlessons's rating: 1025 → 1062<\/strong> (+37 for winning)\n|l|\u203dWooper187\n","uploadtime":1682349983,"views":23,"p1id":"wooper187","p2id":"littlerootlessons","formatid":"gen9vgc2023regulationc","rating":1019,"private":0,"password":""}