{"id":"gen9vgc2023regulationc-1854290998","p1":"jawj","p2":"TheEeveeAnimations","format":"[Gen 9] VGC 2023 Regulation C","log":"|j|\u2606jawj\n|j|\u2606TheEeveeAnimations\n|t:|1682793249\n|gametype|doubles\n|player|p1|jawj|169|1370\n|player|p2|TheEeveeAnimations|dahlia|1510\n|teamsize|p1|6\n|teamsize|p2|6\n|gen|9\n|tier|[Gen 9] VGC 2023 Regulation C\n|rated|\n|rule|Species Clause: Limit one of each Pok\u00e9mon\n|rule|Item Clause: Limit one of each item\n|clearpoke\n|poke|p1|Ting-Lu, L50|\n|poke|p1|Vivillon-Fancy, L50, M|\n|poke|p1|Iron Bundle, L50|\n|poke|p1|Abomasnow, L50, M|\n|poke|p1|Annihilape, L50, M|\n|poke|p1|Chien-Pao, L50|\n|poke|p2|Gholdengo, L50|\n|poke|p2|Maushold-Four, L50|\n|poke|p2|Flutter Mane, L50|\n|poke|p2|Wo-Chien, L50|\n|poke|p2|Palafin, L50, M|\n|poke|p2|Arcanine, L50, F|\n|teampreview|4\n|c|\u2606TheEeveeAnimations|glhf\nTheEeveeAnimations has agreed to open team sheets.\n|inactive|Battle timer is ON: inactive players will automatically lose when time's up. (requested by jawj)\n|inactive|TheEeveeAnimations has 60 seconds left.\n|\n|t:|1682793333\n|start\n|switch|p1a: Abomasnow|Abomasnow, L50, M|100\/100\n|switch|p1b: Iron Bundle|Iron Bundle, L50|100\/100\n|switch|p2a: Gholdengo|Gholdengo, L50|100\/100\n|switch|p2b: Maushold|Maushold-Four, L50|100\/100\n|-weather|Snow|[from] ability: Snow Warning|[of] p1a: Abomasnow\n|-enditem|p1b: Iron Bundle|Booster Energy\n|-activate|p1b: Iron Bundle|ability: Quark Drive|[fromitem]\n|-start|p1b: Iron Bundle|quarkdrivespe\n|turn|1\n|\n|t:|1682793355\n|switch|p1a: Ting-Lu|Ting-Lu, L50|100\/100\n|-ability|p1a: Ting-Lu|Vessel of Ruin\n|move|p2b: Maushold|Protect|p2b: Maushold\n|-singleturn|p2b: Maushold|Protect\n|move|p1b: Iron Bundle|Aurora Veil|p1b: Iron Bundle\n|-sidestart|p1: jawj|move: Aurora Veil\n|move|p2a: Gholdengo|Nasty Plot|p2a: Gholdengo\n|-boost|p2a: Gholdengo|spa|2\n|\n|-weather|Snow|[upkeep]\n|upkeep\n|turn|2\n|inactive|TheEeveeAnimations has 30 seconds left.\n|inactive|TheEeveeAnimations has 20 seconds left.\n|inactive|TheEeveeAnimations has 15 seconds left.\n|\n|t:|1682793397\n|-terastallize|p2a: Gholdengo|Water\n|move|p2b: Maushold|Baby-Doll Eyes|p1a: Ting-Lu\n|-unboost|p1a: Ting-Lu|atk|1\n|move|p1b: Iron Bundle|Blizzard|p2b: Maushold|[spread] p2a,p2b\n|-resisted|p2a: Gholdengo\n|-crit|p2a: Gholdengo\n|-damage|p2a: Gholdengo|83\/100\n|-damage|p2b: Maushold|61\/100\n|-status|p2b: Maushold|frz\n|move|p2a: Gholdengo|Shadow Ball|p1b: Iron Bundle\n|-damage|p1b: Iron Bundle|46\/100\n|move|p1a: Ting-Lu|Stomping Tantrum|p2a: Gholdengo\n|-damage|p2a: Gholdengo|58\/100\n|\n|-weather|Snow|[upkeep]\n|-heal|p2a: Gholdengo|63\/100|[from] item: Leftovers\n|upkeep\n|turn|3\n|inactive|jawj has 30 seconds left.\n|\n|t:|1682793429\n|switch|p2b: badonkadonk|Flutter Mane, L50|100\/100\n|move|p2a: Gholdengo|Protect|p2a: Gholdengo\n|-singleturn|p2a: Gholdengo|Protect\n|move|p1b: Iron Bundle|Blizzard|p2b: badonkadonk|[spread] p2b\n|-activate|p2a: Gholdengo|move: Protect\n|-damage|p2b: badonkadonk|73\/100\n|move|p1a: Ting-Lu|Stomping Tantrum|p2a: Gholdengo\n|-activate|p2a: Gholdengo|move: Protect\n|\n|-weather|Snow|[upkeep]\n|-heal|p2a: Gholdengo|69\/100|[from] item: Leftovers\n|upkeep\n|turn|4\n|inactive|TheEeveeAnimations has 30 seconds left.\n|inactive|TheEeveeAnimations has 20 seconds left.\n|\n|t:|1682793467\n|-end|p2b: badonkadonk|Protosynthesis|[silent]\n|switch|p2b: Cloud|Arcanine, L50, F|100\/100\n|-ability|p2b: Cloud|Intimidate|boost\n|-unboost|p1a: Ting-Lu|atk|1\n|-unboost|p1b: Iron Bundle|atk|1\n|switch|p1a: Abomasnow|Abomasnow, L50, M|100\/100\n|move|p1b: Iron Bundle|Protect|p1b: Iron Bundle\n|-singleturn|p1b: Iron Bundle|Protect\n|move|p2a: Gholdengo|Shadow Ball|p1b: Iron Bundle\n|-activate|p1b: Iron Bundle|move: Protect\n|\n|-weather|Snow|[upkeep]\n|-heal|p2a: Gholdengo|75\/100|[from] item: Leftovers\n|upkeep\n|turn|5\n|inactive|TheEeveeAnimations has 30 seconds left.\n|\n|t:|1682793501\n|switch|p2b: Maushold|Maushold-Four, L50|61\/100 frz\n|-terastallize|p1a: Abomasnow|Water\n|move|p1b: Iron Bundle|Hydro Pump|p2b: Maushold\n|-damage|p2b: Maushold|0 fnt\n|faint|p2b: Maushold\n|move|p2a: Gholdengo|Make It Rain|p1b: Iron Bundle|[spread] p1a,p1b\n|-resisted|p1a: Abomasnow\n|-damage|p1a: Abomasnow|72\/100\n|-damage|p1b: Iron Bundle|0 fnt\n|-unboost|p2a: Gholdengo|spa|1\n|faint|p1b: Iron Bundle\n|-end|p1b: Iron Bundle|Quark Drive|[silent]\n|move|p1a: Abomasnow|Energy Ball|p2a: Gholdengo\n|-supereffective|p2a: Gholdengo\n|-damage|p2a: Gholdengo|0 fnt\n|faint|p2a: Gholdengo\n|-damage|p1a: Abomasnow|63\/100|[from] item: Life Orb\n|\n|-weather|none\n|-sideend|p1: jawj|move: Aurora Veil\n|upkeep\n|\n|t:|1682793525\n|switch|p1b: Annihilape|Annihilape, L50, M|100\/100\n|switch|p2b: Cloud|Arcanine, L50, F|100\/100\n|switch|p2a: badonkadonk|Flutter Mane, L50|73\/100\n|-ability|p2b: Cloud|Intimidate|boost\n|-unboost|p1a: Abomasnow|atk|1\n|-unboost|p1b: Annihilape|atk|1\n|-ability|p1b: Annihilape|Defiant|boost\n|-boost|p1b: Annihilape|atk|2\n|turn|6\n|inactive|jawj has 30 seconds left.\n|inactive|TheEeveeAnimations has 30 seconds left.\n|inactive|jawj has 20 seconds left.\n|inactive|jawj has 15 seconds left.\n|\n|t:|1682793566\n|move|p2a: badonkadonk|Dazzling Gleam|p1b: Annihilape|[spread] p1a,p1b\n|-supereffective|p1b: Annihilape\n|-enditem|p1b: Annihilape|Roseli Berry|[eat]\n|-enditem|p1b: Annihilape|Roseli Berry|[weaken]\n|-damage|p1a: Abomasnow|17\/100\n|-damage|p1b: Annihilape|61\/100\n|move|p2b: Cloud|Flare Blitz|p1b: Annihilape\n|-damage|p1b: Annihilape|11\/100\n|-damage|p2b: Cloud|80\/100|[from] Recoil\n|move|p1b: Annihilape|Phantom Force||[still]\n|-prepare|p1b: Annihilape|Phantom Force\n|move|p1a: Abomasnow|Energy Ball|p2a: badonkadonk\n|-damage|p2a: badonkadonk|32\/100\n|-damage|p1a: Abomasnow|7\/100|[from] item: Life Orb\n|\n|upkeep\n|turn|7\n|inactive|jawj has 30 seconds left.\n|inactive|TheEeveeAnimations has 30 seconds left.\n|c|\u2606TheEeveeAnimations|roseli berry annihilape\n|c|\u2606TheEeveeAnimations|is insane\n|inactive|TheEeveeAnimations has 20 seconds left.\n|inactive|TheEeveeAnimations has 15 seconds left.\n|inactive|jawj has 20 seconds left.\n|inactive|TheEeveeAnimations has 10 seconds left.\n|\n|t:|1682793615\n|move|p2b: Cloud|Extreme Speed|p1a: Abomasnow\n|-damage|p1a: Abomasnow|0 fnt\n|faint|p1a: Abomasnow\n|move|p2a: badonkadonk|Dazzling Gleam|p1b: Annihilape|[miss]\n|-miss|p2a: badonkadonk|p1b: Annihilape\n|move|p1b: Annihilape|Phantom Force|p2b: Cloud|[from]lockedmove\n|-damage|p2b: Cloud|0 fnt\n|faint|p2b: Cloud\n|\n|upkeep\n|\n|t:|1682793626\n|switch|p1a: Ting-Lu|Ting-Lu, L50|100\/100\n|-ability|p1a: Ting-Lu|Vessel of Ruin\n|turn|8\n|\n|t:|1682793639\n|move|p2a: badonkadonk|Dazzling Gleam|p1b: Annihilape|[spread] p1a,p1b\n|-supereffective|p1a: Ting-Lu\n|-supereffective|p1b: Annihilape\n|-damage|p1a: Ting-Lu|47\/100\n|-damage|p1b: Annihilape|0 fnt\n|faint|p1b: Annihilape\n|move|p1a: Ting-Lu|Stomping Tantrum|p2a: badonkadonk\n|-damage|p2a: badonkadonk|0 fnt\n|faint|p2a: badonkadonk\n|-end|p2a: badonkadonk|Protosynthesis|[silent]\n|\n|win|jawj\n|raw|jawj's rating: 1370 → 1398<\/strong> (+28 for winning)\n|raw|TheEeveeAnimations's rating: 1510 → 1482<\/strong> (-28 for losing)\n","uploadtime":1682793649,"views":24,"p1id":"jawj","p2id":"theeeveeanimations","formatid":"gen9vgc2023regulationc","rating":1398,"private":0,"password":""}