{"id":"gen9vgc2023regulationc-1847234716","p1":"axue2333","p2":"morton cologne","format":"[Gen 9] VGC 2023 Regulation C","log":"|j|\u2606axue2333\n|j|\u2606morton cologne\n|t:|1681930094\n|gametype|doubles\n|player|p1|axue2333|steven|1103\n|player|p2|morton cologne|pokemonrangerf|1040\n|teamsize|p1|6\n|teamsize|p2|6\n|gen|9\n|tier|[Gen 9] VGC 2023 Regulation C\n|rated|\n|rule|Species Clause: Limit one of each Pok\u00e9mon\n|rule|Item Clause: Limit one of each item\n|clearpoke\n|poke|p1|Slither Wing, L50|\n|poke|p1|Iron Bundle, L50|\n|poke|p1|Chi-Yu, L50|\n|poke|p1|Abomasnow, L50, M|\n|poke|p1|Flutter Mane, L50|\n|poke|p1|Corviknight, L50, M|\n|poke|p2|Maushold-Four, L50|\n|poke|p2|Annihilape, L50, F|\n|poke|p2|Grimmsnarl, L50, M|\n|poke|p2|Iron Thorns, L50|\n|poke|p2|Kingambit, L50, F|\n|poke|p2|Dragapult, L50, M|\n|teampreview|4\n|\n|t:|1681930137\n|start\n|switch|p1a: Abomasnow|Abomasnow, L50, M|100\/100\n|switch|p1b: Flutter Mane|Flutter Mane, L50|100\/100\n|switch|p2a: Dragapult|Dragapult, L50, M|100\/100\n|switch|p2b: Grimmsnarl|Grimmsnarl, L50, M|100\/100\n|-weather|Snow|[from] ability: Snow Warning|[of] p1a: Abomasnow\n|turn|1\n|\n|t:|1681930153\n|move|p2b: Grimmsnarl|Light Screen|p2b: Grimmsnarl\n|-sidestart|p2: morton cologne|move: Light Screen\n|move|p2a: Dragapult|Phantom Force||[still]\n|-prepare|p2a: Dragapult|Phantom Force\n|move|p1b: Flutter Mane|Dazzling Gleam|p2a: Dragapult|[spread] p2b\n|-miss|p1b: Flutter Mane|p2a: Dragapult\n|-supereffective|p2b: Grimmsnarl\n|-damage|p2b: Grimmsnarl|51\/100\n|move|p1a: Abomasnow|Aurora Veil|p1a: Abomasnow\n|-sidestart|p1: axue2333|move: Aurora Veil\n|\n|-weather|Snow|[upkeep]\n|upkeep\n|turn|2\n|\n|t:|1681930178\n|move|p1a: Abomasnow|Protect|p1a: Abomasnow\n|-singleturn|p1a: Abomasnow|Protect\n|move|p2a: Dragapult|Phantom Force|p1b: Flutter Mane|[from]lockedmove\n|-supereffective|p1b: Flutter Mane\n|-damage|p1b: Flutter Mane|0 fnt\n|faint|p1b: Flutter Mane\n|-end|p1b: Flutter Mane|Protosynthesis|[silent]\n|move|p2b: Grimmsnarl|Spirit Break|p1a: Abomasnow\n|-activate|p1a: Abomasnow|move: Protect\n|\n|-weather|Snow|[upkeep]\n|upkeep\n|\n|t:|1681930194\n|switch|p1b: Corviknight|Corviknight, L50, M|100\/100\n|turn|3\n|\n|t:|1681930205\n|switch|p2a: Iron Thorns|Iron Thorns, L50|100\/100\n|move|p2b: Grimmsnarl|Reflect|p2b: Grimmsnarl\n|-sidestart|p2: morton cologne|Reflect\n|move|p1a: Abomasnow|Blizzard|p2a: Iron Thorns|[spread] p2a,p2b\n|-damage|p2a: Iron Thorns|71\/100\n|-damage|p2b: Grimmsnarl|31\/100\n|-status|p2a: Iron Thorns|frz\n|move|p1b: Corviknight|Tailwind|p1b: Corviknight\n|-sidestart|p1: axue2333|move: Tailwind\n|\n|-weather|Snow|[upkeep]\n|upkeep\n|turn|4\n|\n|t:|1681930240\n|-end|p2a: Iron Thorns|Quark Drive|[silent]\n|switch|p2a: Annihilape|Annihilape, L50, F|100\/100\n|move|p1a: Abomasnow|Blizzard|p2b: Grimmsnarl|[spread] p2a,p2b\n|-damage|p2a: Annihilape|85\/100\n|-damage|p2b: Grimmsnarl|11\/100\n|move|p1b: Corviknight|Bulk Up|p1b: Corviknight\n|-boost|p1b: Corviknight|atk|1\n|-boost|p1b: Corviknight|def|1\n|move|p2b: Grimmsnarl|Spirit Break|p1a: Abomasnow\n|-crit|p1a: Abomasnow\n|-damage|p1a: Abomasnow|59\/100\n|-unboost|p1a: Abomasnow|spa|1\n|\n|-weather|Snow|[upkeep]\n|-heal|p2a: Annihilape|91\/100|[from] item: Leftovers\n|upkeep\n|turn|5\n|\n|t:|1681930271\n|move|p1a: Abomasnow|Protect|p1a: Abomasnow\n|-singleturn|p1a: Abomasnow|Protect\n|move|p1b: Corviknight|Brave Bird|p2a: Annihilape\n|-supereffective|p2a: Annihilape\n|-damage|p2a: Annihilape|0 fnt\n|faint|p2a: Annihilape\n|-damage|p1b: Corviknight|68\/100|[from] Recoil\n|move|p2b: Grimmsnarl|Spirit Break|p1a: Abomasnow\n|-activate|p1a: Abomasnow|move: Protect\n|\n|-weather|none\n|-sideend|p1: axue2333|move: Aurora Veil\n|upkeep\n|\n|t:|1681930279\n|switch|p2a: Iron Thorns|Iron Thorns, L50|71\/100 frz\n|turn|6\n|\n|t:|1681930296\n|move|p1a: Abomasnow|Blizzard|p2a: Iron Thorns|[spread] p2a,p2b\n|-damage|p2a: Iron Thorns|51\/100 frz\n|-damage|p2b: Grimmsnarl|0 fnt\n|faint|p2b: Grimmsnarl\n|move|p1b: Corviknight|Bulk Up|p1b: Corviknight\n|-boost|p1b: Corviknight|atk|1\n|-boost|p1b: Corviknight|def|1\n|cant|p2a: Iron Thorns|frz\n|\n|-sideend|p1: axue2333|move: Tailwind\n|upkeep\n|\n|t:|1681930305\n|switch|p2b: Dragapult|Dragapult, L50, M|100\/100\n|turn|7\n|-message|morton cologne forfeited.\n|\n|win|axue2333\n|raw|axue2333's rating: 1103 → 1124<\/strong> (+21 for winning)\n|raw|morton cologne's rating: 1040 → 1027<\/strong> (-13 for losing)\n|l|\u2606morton cologne\n","uploadtime":1681930325,"views":11,"p1id":"axue2333","p2id":"mortoncologne","formatid":"gen9vgc2023regulationc","rating":1027,"private":0,"password":""}