{"id":"gen9vgc2023regulationc-1852954669","p1":"coolkhiid","p2":"AshVGCMX","format":"[Gen 9] VGC 2023 Regulation C","log":"|j|\u2606coolkhiid\n|j|\u2606AshVGCMX\n|t:|1682620285\n|gametype|doubles\n|player|p1|coolkhiid|170|1378\n|player|p2|AshVGCMX|ash-capbackward|1443\n|teamsize|p1|6\n|teamsize|p2|6\n|gen|9\n|tier|[Gen 9] VGC 2023 Regulation C\n|rated|\n|rule|Species Clause: Limit one of each Pok\u00e9mon\n|rule|Item Clause: Limit one of each item\n|clearpoke\n|poke|p1|Ting-Lu, L50|\n|poke|p1|Abomasnow, L50, F|\n|poke|p1|Iron Bundle, L50|\n|poke|p1|Gyarados, L50, M|\n|poke|p1|Gholdengo, L50|\n|poke|p1|Iron Moth, L50|\n|poke|p2|Pikachu, L50, M|\n|poke|p2|Flutter Mane, L50|\n|poke|p2|Chi-Yu, L50|\n|poke|p2|Gholdengo, L50|\n|poke|p2|Murkrow, L50, M|\n|poke|p2|Great Tusk, L50|\n|teampreview|4\n|inactive|Battle timer is ON: inactive players will automatically lose when time's up. (requested by coolkhiid)\n|\n|t:|1682620318\n|start\n|switch|p1a: Ting-Lu|Ting-Lu, L50|100\/100\n|switch|p1b: Abomasnow|Abomasnow, L50, F|100\/100\n|switch|p2a: Eh\u00e9catl|Murkrow, L50, M|100\/100\n|switch|p2b: Qu\u00edmichin|Pikachu, L50, M|100\/100\n|-weather|Snow|[from] ability: Snow Warning|[of] p1b: Abomasnow\n|-ability|p1a: Ting-Lu|Vessel of Ruin\n|turn|1\n|inactive|coolkhiid has 30 seconds left.\n|\n|t:|1682620346\n|move|p2b: Qu\u00edmichin|Protect|p2b: Qu\u00edmichin\n|-singleturn|p2b: Qu\u00edmichin|Protect\n|move|p2a: Eh\u00e9catl|Sunny Day|p2a: Eh\u00e9catl\n|-weather|SunnyDay\n|move|p1b: Abomasnow|Aurora Veil||[still]\n|-fail|p1b: Abomasnow\n|move|p1a: Ting-Lu|Earthquake|p2b: Qu\u00edmichin|[spread] p1b\n|-activate|p2b: Qu\u00edmichin|move: Protect\n|-immune|p2a: Eh\u00e9catl\n|-resisted|p1b: Abomasnow\n|-damage|p1b: Abomasnow|81\/100\n|\n|-weather|SunnyDay|[upkeep]\n|upkeep\n|turn|2\n|\n|t:|1682620363\n|switch|p1b: Gyarados|Gyarados, L50, M|100\/100\n|-ability|p1b: Gyarados|Intimidate|boost\n|-unboost|p2a: Eh\u00e9catl|atk|1\n|-unboost|p2b: Qu\u00edmichin|atk|1\n|move|p2a: Eh\u00e9catl|Tailwind|p2a: Eh\u00e9catl\n|-sidestart|p2: AshVGCMX|move: Tailwind\n|move|p2b: Qu\u00edmichin|Volt Switch|p1b: Gyarados\n|-supereffective|p1b: Gyarados\n|-damage|p1b: Gyarados|0 fnt\n|faint|p1b: Gyarados\n|\n|t:|1682620372\n|switch|p2b: Mixc\u00f3atl|Great Tusk, L50|100\/100|[from] Volt Switch\n|-activate|p2b: Mixc\u00f3atl|ability: Protosynthesis\n|-start|p2b: Mixc\u00f3atl|protosynthesisatk\n|move|p1a: Ting-Lu|Earthquake|p2b: Mixc\u00f3atl|[spread] p2b\n|-immune|p2a: Eh\u00e9catl\n|-damage|p2b: Mixc\u00f3atl|75\/100\n|\n|-weather|SunnyDay|[upkeep]\n|upkeep\n|\n|t:|1682620384\n|switch|p1b: Iron Bundle|Iron Bundle, L50|100\/100\n|turn|3\n|\n|t:|1682620393\n|switch|p1a: Abomasnow|Abomasnow, L50, F|81\/100\n|-weather|Snow|[from] ability: Snow Warning|[of] p1a: Abomasnow\n|-end|p2b: Mixc\u00f3atl|Protosynthesis\n|-terastallize|p2b: Mixc\u00f3atl|Fire\n|-terastallize|p1b: Iron Bundle|Ice\n|move|p2a: Eh\u00e9catl|Foul Play|p1b: Iron Bundle\n|-damage|p1b: Iron Bundle|85\/100\n|move|p2b: Mixc\u00f3atl|Close Combat|p1a: Abomasnow\n|-supereffective|p1a: Abomasnow\n|-damage|p1a: Abomasnow|0 fnt\n|-unboost|p2b: Mixc\u00f3atl|def|1\n|-unboost|p2b: Mixc\u00f3atl|spd|1\n|faint|p1a: Abomasnow\n|move|p1b: Iron Bundle|Blizzard|p2b: Mixc\u00f3atl|[spread] p2a,p2b\n|-supereffective|p2a: Eh\u00e9catl\n|-crit|p2a: Eh\u00e9catl\n|-resisted|p2b: Mixc\u00f3atl\n|-damage|p2a: Eh\u00e9catl|0 fnt\n|-damage|p2b: Mixc\u00f3atl|16\/100\n|faint|p2a: Eh\u00e9catl\n|-damage|p1b: Iron Bundle|75\/100|[from] item: Life Orb\n|\n|-weather|Snow|[upkeep]\n|upkeep\n|\n|t:|1682620412\n|switch|p2a: Xiuhtecuhtli|Chi-Yu, L50|100\/100\n|switch|p1a: Ting-Lu|Ting-Lu, L50|100\/100\n|-ability|p2a: Xiuhtecuhtli|Beads of Ruin\n|-ability|p1a: Ting-Lu|Vessel of Ruin\n|turn|4\n|\n|t:|1682620424\n|move|p1b: Iron Bundle|Protect|p1b: Iron Bundle\n|-singleturn|p1b: Iron Bundle|Protect\n|move|p2a: Xiuhtecuhtli|Heat Wave|p1a: Ting-Lu|[spread] p1a\n|-activate|p1b: Iron Bundle|move: Protect\n|-damage|p1a: Ting-Lu|83\/100\n|move|p2b: Mixc\u00f3atl|Close Combat|p1a: Ting-Lu\n|-supereffective|p1a: Ting-Lu\n|-damage|p1a: Ting-Lu|3\/100\n|-unboost|p2b: Mixc\u00f3atl|def|1\n|-unboost|p2b: Mixc\u00f3atl|spd|1\n|move|p1a: Ting-Lu|Earthquake|p2b: Mixc\u00f3atl|[spread] p2a,p2b\n|-activate|p1b: Iron Bundle|move: Protect\n|-supereffective|p2a: Xiuhtecuhtli\n|-supereffective|p2b: Mixc\u00f3atl\n|-damage|p2a: Xiuhtecuhtli|0 fnt\n|-damage|p2b: Mixc\u00f3atl|0 fnt\n|faint|p2a: Xiuhtecuhtli\n|faint|p2b: Mixc\u00f3atl\n|-end|p2b: Mixc\u00f3atl|Protosynthesis|[silent]\n|\n|-weather|Snow|[upkeep]\n|upkeep\n|\n|t:|1682620436\n|switch|p2b: Qu\u00edmichin|Pikachu, L50, M|100\/100\n|turn|5\n|\n|t:|1682620446\n|move|p2b: Qu\u00edmichin|Volt Tackle|p1b: Iron Bundle\n|-damage|p1b: Iron Bundle|26\/100\n|-damage|p2b: Qu\u00edmichin|80\/100|[from] Recoil\n|move|p1b: Iron Bundle|Blizzard|p2b: Qu\u00edmichin\n|-damage|p2b: Qu\u00edmichin|0 fnt\n|faint|p2b: Qu\u00edmichin\n|-damage|p1b: Iron Bundle|16\/100|[from] item: Life Orb\n|\n|win|coolkhiid\n|raw|coolkhiid's rating: 1378 → 1402<\/strong> (+24 for winning)\n|raw|AshVGCMX's rating: 1443 → 1419<\/strong> (-24 for losing)\n|l|\u2606AshVGCMX\n","uploadtime":1682620459,"views":6,"p1id":"coolkhiid","p2id":"ashvgcmx","formatid":"gen9vgc2023regulationc","rating":1402,"private":0,"password":""}