{"id":"gen9vgc2023regulationc-1852963139","p1":"vgcproto","p2":"don zaloog is real","format":"[Gen 9] VGC 2023 Regulation C","log":"|j|\u2606vgcproto\n|j|\u2606don zaloog is real\n|t:|1682621025\n|gametype|doubles\n|player|p1|vgcproto|lucas|1413\n|player|p2|don zaloog is real|ingo|1481\n|teamsize|p1|6\n|teamsize|p2|6\n|gen|9\n|tier|[Gen 9] VGC 2023 Regulation C\n|rated|\n|rule|Species Clause: Limit one of each Pok\u00e9mon\n|rule|Item Clause: Limit one of each item\n|clearpoke\n|poke|p1|Drednaw, L50, M|\n|poke|p1|Pelipper, L50, F|\n|poke|p1|Dondozo, L50, F|\n|poke|p1|Tatsugiri, L50, F|\n|poke|p1|Scizor, L50, M|\n|poke|p1|Hariyama, L50, F|\n|poke|p2|Baxcalibur, L50, M|\n|poke|p2|Iron Hands, L50|\n|poke|p2|Palafin, L50, F|\n|poke|p2|Pelipper, L50, F|\n|poke|p2|Scizor, L50, F|\n|poke|p2|Flutter Mane, L50|\n|teampreview|4\ndon zaloog is real has agreed to open team sheets.\n|\n|t:|1682621075\n|start\n|switch|p1a: Pelipper|Pelipper, L50, F|100\/100\n|switch|p1b: Dondozo|Dondozo, L50, F|100\/100\n|switch|p2a: Palafin|Palafin, L50, F|100\/100\n|switch|p2b: Iron Hands|Iron Hands, L50|100\/100\n|-weather|RainDance|[from] ability: Drizzle|[of] p1a: Pelipper\n|turn|1\n|inactive|Battle timer is ON: inactive players will automatically lose when time's up. (requested by vgcproto)\n|inactive|don zaloog is real has 60 seconds left.\n|\n|t:|1682621125\n|-terastallize|p2b: Iron Hands|Grass\n|move|p2a: Palafin|Haze|p2a: Palafin\n|-clearallboost\n|move|p1b: Dondozo|Wave Crash|p2b: Iron Hands\n|-resisted|p2b: Iron Hands\n|-damage|p2b: Iron Hands|74\/100\n|-damage|p1b: Dondozo|90\/100|[from] Recoil\n|-damage|p1b: Dondozo|81\/100|[from] item: Life Orb\n|move|p1a: Pelipper|Tailwind|p1a: Pelipper\n|-sidestart|p1: vgcproto|move: Tailwind\n|move|p2b: Iron Hands|Wild Charge|p1a: Pelipper\n|-supereffective|p1a: Pelipper\n|-crit|p1a: Pelipper\n|-damage|p1a: Pelipper|0 fnt\n|faint|p1a: Pelipper\n|-damage|p2b: Iron Hands|58\/100|[from] Recoil\n|\n|-weather|RainDance|[upkeep]\n|upkeep\n|\n|t:|1682621141\n|switch|p1a: Drednaw|Drednaw, L50, M|100\/100\n|turn|2\n|\n|t:|1682621165\n|-terastallize|p1a: Drednaw|Grass\n|move|p1b: Dondozo|Protect|p1b: Dondozo\n|-singleturn|p1b: Dondozo|Protect\n|move|p2a: Palafin|Protect|p2a: Palafin\n|-singleturn|p2a: Palafin|Protect\n|move|p1a: Drednaw|Rock Slide|p2a: Palafin|[spread] p2b\n|-activate|p2a: Palafin|move: Protect\n|-damage|p2b: Iron Hands|29\/100\n|move|p2b: Iron Hands|Drain Punch|p1a: Drednaw\n|-crit|p1a: Drednaw\n|-damage|p1a: Drednaw|34\/100\n|-heal|p2b: Iron Hands|50\/100|[from] drain|[of] p1a: Drednaw\n|\n|-weather|RainDance|[upkeep]\n|upkeep\n|turn|3\n|inactive|don zaloog is real has 30 seconds left.\n|\n|t:|1682621191\n|switch|p1a: Tatsugiri|Tatsugiri, L50, F|100\/100\n|-activate|p1a: Tatsugiri|ability: Commander|[of] p1b: Dondozo\n|-boost|p1b: Dondozo|atk|2\n|-boost|p1b: Dondozo|spa|2\n|-boost|p1b: Dondozo|spe|2\n|-boost|p1b: Dondozo|def|2\n|-boost|p1b: Dondozo|spd|2\n|detailschange|p2a: Palafin|Palafin-Hero, L50, F\n|switch|p2a: Scizor|Scizor, L50, F|100\/100\n|move|p1b: Dondozo|Surf|p2b: Iron Hands|[spread] p2a,p2b\n|-miss|p1b: Dondozo|p1a: Tatsugiri\n|-resisted|p2b: Iron Hands\n|-crit|p2b: Iron Hands\n|-damage|p2a: Scizor|0 fnt\n|-damage|p2b: Iron Hands|15\/100\n|faint|p2a: Scizor\n|-damage|p1b: Dondozo|71\/100|[from] item: Life Orb\n|move|p2b: Iron Hands|Drain Punch|p1b: Dondozo\n|-damage|p1b: Dondozo|56\/100\n|-heal|p2b: Iron Hands|22\/100|[from] drain|[of] p1b: Dondozo\n|\n|-weather|RainDance|[upkeep]\n|upkeep\n|j| LasermanZ111\n|l| LasermanZ111\n|\n|t:|1682621214\n|switch|p2a: Palafin|Palafin-Hero, L50, F|100\/100\n|-activate|p2a: Palafin|ability: Zero to Hero\n|turn|4\n|\n|t:|1682621221\n|move|p2a: Palafin|Protect|p2a: Palafin\n|-singleturn|p2a: Palafin|Protect\n|move|p1b: Dondozo|Surf|p2b: Iron Hands|[spread] p2b\n|-miss|p1b: Dondozo|p1a: Tatsugiri\n|-activate|p2a: Palafin|move: Protect\n|-resisted|p2b: Iron Hands\n|-damage|p2b: Iron Hands|0 fnt\n|faint|p2b: Iron Hands\n|-end|p2b: Iron Hands|Quark Drive|[silent]\n|-damage|p1b: Dondozo|46\/100|[from] item: Life Orb\n|\n|-weather|RainDance|[upkeep]\n|-sideend|p1: vgcproto|move: Tailwind\n|upkeep\n|\n|t:|1682621231\n|switch|p2b: Baxcalibur|Baxcalibur, L50, M|100\/100\n|turn|5\n|\n|t:|1682621239\n|move|p2b: Baxcalibur|Protect|p2b: Baxcalibur\n|-singleturn|p2b: Baxcalibur|Protect\n|move|p1b: Dondozo|Surf|p2a: Palafin|[spread] p2a\n|-miss|p1b: Dondozo|p1a: Tatsugiri\n|-activate|p2b: Baxcalibur|move: Protect\n|-resisted|p2a: Palafin\n|-damage|p2a: Palafin|53\/100\n|-damage|p1b: Dondozo|36\/100|[from] item: Life Orb\n|move|p2a: Palafin|Haze|p2a: Palafin\n|-clearallboost\n|\n|-weather|RainDance|[upkeep]\n|upkeep\n|turn|6\n|\n|t:|1682621258\n|move|p2a: Palafin|Wave Crash|p1b: Dondozo\n|-resisted|p1b: Dondozo\n|-damage|p1b: Dondozo|0 fnt\n|faint|p1b: Dondozo\n|-damage|p2a: Palafin|40\/100|[from] Recoil\n|move|p2b: Baxcalibur|Glaive Rush|p1a: Tatsugiri\n|-supereffective|p1a: Tatsugiri\n|-damage|p1a: Tatsugiri|0 fnt\n|-singlemove|p2b: Baxcalibur|Glaive Rush|[silent]\n|faint|p1a: Tatsugiri\n|\n|-weather|RainDance|[upkeep]\n|upkeep\n|\n|t:|1682621263\n|switch|p1b: Drednaw|Drednaw, L50, M, tera:Grass|34\/100\n|turn|7\n|\n|t:|1682621272\n|move|p2a: Palafin|Jet Punch|p1b: Drednaw\n|-resisted|p1b: Drednaw\n|-damage|p1b: Drednaw|0 fnt\n|faint|p1b: Drednaw\n|\n|win|don zaloog is real\n|raw|vgcproto's rating: 1413 → 1397<\/strong> (-16 for losing)\n|raw|don zaloog is real's rating: 1481 → 1497<\/strong> (+16 for winning)\n|l|\u2606vgcproto\n","uploadtime":1682621279,"views":7,"p1id":"vgcproto","p2id":"donzaloogisreal","formatid":"gen9vgc2023regulationc","rating":1397,"private":0,"password":""}