{"id":"gen9vgc2023regulationc-1847158485","p1":"Dawnsky_Darkness","p2":"elgervax","format":"[Gen 9] VGC 2023 Regulation C","log":"|j|\u2606Dawnsky_Darkness\n|j|\u2606elgervax\n|t:|1681923864\n|gametype|doubles\n|player|p1|Dawnsky_Darkness|policeman-gen4|1171\n|player|p2|elgervax|102|1249\n|teamsize|p1|6\n|teamsize|p2|6\n|gen|9\n|tier|[Gen 9] VGC 2023 Regulation C\n|rated|\n|rule|Species Clause: Limit one of each Pok\u00e9mon\n|rule|Item Clause: Limit one of each item\n|clearpoke\n|poke|p1|Chien-Pao, L50|\n|poke|p1|Chi-Yu, L50|\n|poke|p1|Flutter Mane, L50|\n|poke|p1|Dragonite, L50, F|\n|poke|p1|Iron Bundle, L50|\n|poke|p1|Abomasnow, L50, F|\n|poke|p2|Palafin, L50, M|\n|poke|p2|Flutter Mane, L50|\n|poke|p2|Arcanine, L50, F|\n|poke|p2|Amoonguss, L50, M|\n|poke|p2|Ting-Lu, L50|\n|poke|p2|Roaring Moon, L50|\n|teampreview|4\n|inactive|Battle timer is ON: inactive players will automatically lose when time's up. (requested by elgervax)\n|\n|t:|1681923889\n|start\n|switch|p1a: Abomasnow|Abomasnow, L50, F|100\/100\n|switch|p1b: Iron Bundle|Iron Bundle, L50|100\/100\n|switch|p2a: Palafin|Palafin, L50, M|100\/100\n|switch|p2b: Amoonguss|Amoonguss, L50, M|100\/100\n|-weather|Snow|[from] ability: Snow Warning|[of] p1a: Abomasnow\n|-enditem|p1b: Iron Bundle|Booster Energy\n|-activate|p1b: Iron Bundle|ability: Quark Drive|[fromitem]\n|-start|p1b: Iron Bundle|quarkdrivespe\n|turn|1\n|inactive|elgervax has 30 seconds left.\n|\n|t:|1681923917\n|move|p2a: Palafin|Protect|p2a: Palafin\n|-singleturn|p2a: Palafin|Protect\n|move|p1b: Iron Bundle|Blizzard|p2a: Palafin|[spread] p2b\n|-activate|p2a: Palafin|move: Protect\n|-supereffective|p2b: Amoonguss\n|-damage|p2b: Amoonguss|49\/100\n|-status|p2b: Amoonguss|frz\n|-enditem|p2b: Amoonguss|Sitrus Berry|[eat]\n|-heal|p2b: Amoonguss|74\/100 frz|[from] item: Sitrus Berry\n|move|p1a: Abomasnow|Blizzard|p2a: Palafin|[spread] p2b\n|-activate|p2a: Palafin|move: Protect\n|-supereffective|p2b: Amoonguss\n|-damage|p2b: Amoonguss|21\/100 frz\n|cant|p2b: Amoonguss|frz\n|\n|-weather|Snow|[upkeep]\n|upkeep\n|turn|2\n|\n|t:|1681923942\n|detailschange|p2a: Palafin|Palafin-Hero, L50, M\n|switch|p2a: Flutter Mane|Flutter Mane, L50|100\/100\n|move|p1b: Iron Bundle|Blizzard|p2a: Flutter Mane|[spread] p2a,p2b\n|-crit|p2a: Flutter Mane\n|-supereffective|p2b: Amoonguss\n|-damage|p2a: Flutter Mane|30\/100\n|-damage|p2b: Amoonguss|0 fnt\n|faint|p2b: Amoonguss\n|move|p1a: Abomasnow|Blizzard|p2a: Flutter Mane\n|-damage|p2a: Flutter Mane|0 fnt\n|faint|p2a: Flutter Mane\n|-end|p2a: Flutter Mane|Protosynthesis|[silent]\n|\n|-weather|Snow|[upkeep]\n|upkeep\n|\n|t:|1681923955\n|switch|p2a: Ting-Lu|Ting-Lu, L50|100\/100\n|switch|p2b: Palafin|Palafin-Hero, L50, M|100\/100\n|-activate|p2b: Palafin|ability: Zero to Hero\n|-ability|p2a: Ting-Lu|Vessel of Ruin\n|turn|3\n|inactive|elgervax has 30 seconds left.\n|\n|t:|1681923982\n|-terastallize|p2a: Ting-Lu|Poison\n|move|p1b: Iron Bundle|Blizzard|p2b: Palafin|[spread] p2a,p2b\n|-resisted|p2b: Palafin\n|-damage|p2a: Ting-Lu|82\/100\n|-damage|p2b: Palafin|82\/100\n|-status|p2a: Ting-Lu|frz\n|-status|p2b: Palafin|frz\n|cant|p2b: Palafin|frz\n|move|p1a: Abomasnow|Blizzard|p2b: Palafin|[spread] p2a,p2b\n|-resisted|p2b: Palafin\n|-damage|p2a: Ting-Lu|67\/100 frz\n|-damage|p2b: Palafin|66\/100 frz\n|cant|p2a: Ting-Lu|frz\n|\n|-weather|Snow|[upkeep]\n|upkeep\n|turn|4\n|\n|t:|1681924004\n|move|p1b: Iron Bundle|Blizzard|p2a: Ting-Lu|[spread] p2a,p2b\n|-resisted|p2b: Palafin\n|-damage|p2a: Ting-Lu|51\/100 frz\n|-damage|p2b: Palafin|47\/100 frz\n|cant|p2b: Palafin|frz\n|move|p1a: Abomasnow|Energy Ball|p2b: Palafin\n|-supereffective|p2b: Palafin\n|-damage|p2b: Palafin|0 fnt\n|faint|p2b: Palafin\n|-curestatus|p2a: Ting-Lu|frz|[msg]\n|move|p2a: Ting-Lu|Heavy Slam|p1b: Iron Bundle\n|-damage|p1b: Iron Bundle|69\/100\n|\n|-weather|Snow|[upkeep]\n|upkeep\n|turn|5\n|\n|t:|1681924024\n|move|p1b: Iron Bundle|Blizzard|p2a: Ting-Lu\n|-damage|p2a: Ting-Lu|27\/100\n|move|p1a: Abomasnow|Blizzard|p2a: Ting-Lu\n|-damage|p2a: Ting-Lu|7\/100\n|move|p2a: Ting-Lu|Stomping Tantrum|p1b: Iron Bundle\n|-damage|p1b: Iron Bundle|40\/100\n|\n|-weather|Snow|[upkeep]\n|upkeep\n|turn|6\n|\n|t:|1681924035\n|move|p1b: Iron Bundle|Blizzard|p2a: Ting-Lu\n|-damage|p2a: Ting-Lu|0 fnt\n|faint|p2a: Ting-Lu\n|\n|win|Dawnsky_Darkness\n|raw|Dawnsky_Darkness's rating: 1171 → 1202<\/strong> (+31 for winning)\n|raw|elgervax's rating: 1249 → 1218<\/strong> (-31 for losing)\n","uploadtime":1681924043,"views":14,"p1id":"dawnskydarkness","p2id":"elgervax","formatid":"gen9vgc2023regulationc","rating":1202,"private":0,"password":""}