{"id":"gen9vgc2023regulationc-1848158497","p1":"b(R)2","p2":"number86","format":"[Gen 9] VGC 2023 Regulation C","log":"|j|\u2606b(R)2\n|j|\u2606number86\n|t:|1682036599\n|gametype|doubles\n|player|p1|b(R)2|169|1363\n|player|p2|number86|266|1355\n|teamsize|p1|6\n|teamsize|p2|6\n|gen|9\n|tier|[Gen 9] VGC 2023 Regulation C\n|rated|\n|rule|Species Clause: Limit one of each Pok\u00e9mon\n|rule|Item Clause: Limit one of each item\n|clearpoke\n|poke|p1|Tatsugiri-Stretchy, L50, F|\n|poke|p1|Flutter Mane, L50|\n|poke|p1|Arcanine, L50, F|\n|poke|p1|Annihilape, L50, M|\n|poke|p1|Dondozo, L50, F|\n|poke|p1|Amoonguss, L50, F|\n|poke|p2|Palafin, L50, M|\n|poke|p2|Arcanine, L50, M|\n|poke|p2|Amoonguss, L50, F|\n|poke|p2|Flutter Mane, L50|\n|poke|p2|Ting-Lu, L50|\n|poke|p2|Kingambit, L50, M|\n|teampreview|4\nb(R)2 rejected open team sheets.\n|\n|t:|1682036634\n|start\n|switch|p1a: Dondozo|Dondozo, L50, F|100\/100\n|switch|p1b: Annihilape|Annihilape, L50, M|100\/100\n|switch|p2a: Palafin|Palafin, L50, M|100\/100\n|switch|p2b: Amoonguss|Amoonguss, L50, F|100\/100\n|turn|1\n|\n|t:|1682036652\n|move|p2a: Palafin|Haze|p2a: Palafin\n|-clearallboost\n|move|p1b: Annihilape|Bulk Up|p1b: Annihilape\n|-boost|p1b: Annihilape|atk|1\n|-boost|p1b: Annihilape|def|1\n|move|p1a: Dondozo|Yawn|p2b: Amoonguss\n|-start|p2b: Amoonguss|move: Yawn|[of] p1a: Dondozo\n|move|p2b: Amoonguss|Spore|p1a: Dondozo\n|-status|p1a: Dondozo|slp|[from] move: Spore\n|\n|upkeep\n|turn|2\n|\n|t:|1682036679\n|switch|p1a: Arcanine|Arcanine, L50, F|100\/100\n|-ability|p1a: Arcanine|Intimidate|boost\n|-unboost|p2a: Palafin|atk|1\n|-unboost|p2b: Amoonguss|atk|1\n|switch|p2b: Flutter Mane|Flutter Mane, L50|100\/100\n|-enditem|p2b: Flutter Mane|Booster Energy\n|-activate|p2b: Flutter Mane|ability: Protosynthesis|[fromitem]\n|-start|p2b: Flutter Mane|protosynthesisspa\n|move|p2a: Palafin|Haze|p2a: Palafin\n|-clearallboost\n|move|p1b: Annihilape|Drain Punch|p2a: Palafin\n|-damage|p2a: Palafin|65\/100\n|\n|upkeep\n|turn|3\n|\n|t:|1682036727\n|switch|p1a: Tatsugiri|Tatsugiri-Stretchy, L50, F|100\/100\n|detailschange|p2a: Palafin|Palafin-Hero, L50, M\n|switch|p2a: Amoonguss|Amoonguss, L50, F|100\/100\n|-terastallize|p1b: Annihilape|Fire\n|move|p2b: Flutter Mane|Shadow Ball|p1b: Annihilape\n|-damage|p1b: Annihilape|64\/100\n|move|p1b: Annihilape|Rage Fist|p2b: Flutter Mane\n|-supereffective|p2b: Flutter Mane\n|-crit|p2b: Flutter Mane\n|-damage|p2b: Flutter Mane|0 fnt\n|faint|p2b: Flutter Mane\n|-end|p2b: Flutter Mane|Protosynthesis|[silent]\n|\n|upkeep\n|\n|t:|1682036751\n|switch|p2b: Palafin|Palafin-Hero, L50, M|65\/100\n|-activate|p2b: Palafin|ability: Zero to Hero\n|turn|4\n|\n|t:|1682036763\n|move|p2b: Palafin|Jet Punch|p1a: Tatsugiri\n|-activate|p1a: Tatsugiri|ability: Storm Drain\n|-ability|p1a: Tatsugiri|Storm Drain|boost\n|-boost|p1a: Tatsugiri|spa|1\n|move|p1b: Annihilape|Rage Fist|p2a: Amoonguss\n|-damage|p2a: Amoonguss|69\/100\n|-damage|p1b: Annihilape|48\/100|[from] item: Rocky Helmet|[of] p2a: Amoonguss\n|move|p1a: Tatsugiri|Icy Wind|p2a: Amoonguss|[spread] p2a,p2b\n|-supereffective|p2a: Amoonguss\n|-resisted|p2b: Palafin\n|-crit|p2b: Palafin\n|-damage|p2a: Amoonguss|40\/100\n|-damage|p2b: Palafin|53\/100\n|-unboost|p2a: Amoonguss|spe|1\n|-unboost|p2b: Palafin|spe|1\n|move|p2a: Amoonguss|Spore|p1b: Annihilape\n|-activate|p1b: Annihilape|item: Safety Goggles|Spore\n|\n|upkeep\n|turn|5\n|\n|t:|1682036794\n|switch|p2a: Kingambit|Kingambit, L50, M|100\/100\n|move|p1b: Annihilape|Rage Fist|p2a: Kingambit\n|-resisted|p2a: Kingambit\n|-damage|p2a: Kingambit|85\/100\n|move|p1a: Tatsugiri|Muddy Water|p2b: Palafin|[spread] p2b\n|-miss|p1a: Tatsugiri|p2a: Kingambit\n|-resisted|p2b: Palafin\n|-damage|p2b: Palafin|35\/100\n|move|p2b: Palafin|Haze|p2b: Palafin\n|-clearallboost\n|\n|upkeep\n|turn|6\n|\n|t:|1682036816\n|switch|p2b: Amoonguss|Amoonguss, L50, F|73\/100\n|switch|p1b: Arcanine|Arcanine, L50, F|100\/100\n|-ability|p1b: Arcanine|Intimidate|boost\n|-unboost|p2a: Kingambit|atk|1\n|-ability|p2a: Kingambit|Defiant|boost\n|-boost|p2a: Kingambit|atk|2\n|-unboost|p2b: Amoonguss|atk|1\n|-terastallize|p2a: Kingambit|Flying\n|move|p1a: Tatsugiri|Muddy Water|p2a: Kingambit|[spread] p2a,p2b\n|-resisted|p2b: Amoonguss\n|-damage|p2a: Kingambit|61\/100\n|-damage|p2b: Amoonguss|62\/100\n|move|p2a: Kingambit|Tera Blast|p1a: Tatsugiri\n|-damage|p1a: Tatsugiri|18\/100\n|-enditem|p1a: Tatsugiri|Sitrus Berry|[eat]\n|-heal|p1a: Tatsugiri|42\/100|[from] item: Sitrus Berry\n|\n|upkeep\n|turn|7\n|\n|t:|1682036851\n|switch|p1a: Annihilape|Annihilape, L50, M, tera:Fire|48\/100\n|switch|p2b: Palafin|Palafin-Hero, L50, M|35\/100\n|move|p2a: Kingambit|Protect|p2a: Kingambit\n|-singleturn|p2a: Kingambit|Protect\n|move|p1b: Arcanine|Flare Blitz|p2a: Kingambit\n|-activate|p2a: Kingambit|move: Protect\n|\n|upkeep\n|turn|8\n|\n|t:|1682036869\n|switch|p1b: Tatsugiri|Tatsugiri-Stretchy, L50, F|42\/100\n|move|p2a: Kingambit|Sucker Punch|p1a: Annihilape\n|-damage|p1a: Annihilape|0 fnt\n|faint|p1a: Annihilape\n|move|p2b: Palafin|Wave Crash|p1b: Tatsugiri\n|-ability|p1b: Tatsugiri|Storm Drain|boost\n|-boost|p1b: Tatsugiri|spa|1\n|\n|upkeep\n|\n|t:|1682036881\n|switch|p1a: Dondozo|Dondozo, L50, F|100\/100 slp\n|turn|9\n|\n|t:|1682036896\n|switch|p2b: Amoonguss|Amoonguss, L50, F|95\/100\n|move|p1b: Tatsugiri|Protect|p1b: Tatsugiri\n|-singleturn|p1b: Tatsugiri|Protect\n|move|p2a: Kingambit|Sucker Punch||[still]\n|-fail|p2a: Kingambit\n|cant|p1a: Dondozo|slp\n|\n|upkeep\n|turn|10\n|\n|t:|1682036916\n|move|p1b: Tatsugiri|Protect|p1b: Tatsugiri\n|-singleturn|p1b: Tatsugiri|Protect\n|move|p2a: Kingambit|Tera Blast|p1b: Tatsugiri\n|-activate|p1b: Tatsugiri|move: Protect\n|cant|p1a: Dondozo|slp\n|move|p2b: Amoonguss|Pollen Puff|p2a: Kingambit\n|-heal|p2a: Kingambit|100\/100\n|\n|upkeep\n|turn|11\n|\n|t:|1682036935\n|move|p2b: Amoonguss|Rage Powder|p2b: Amoonguss\n|-singleturn|p2b: Amoonguss|move: Rage Powder\n|move|p1b: Tatsugiri|Draco Meteor|p2b: Amoonguss\n|-damage|p2b: Amoonguss|35\/100\n|-unboost|p1b: Tatsugiri|spa|2\n|move|p2a: Kingambit|Tera Blast|p1b: Tatsugiri\n|-damage|p1b: Tatsugiri|0 fnt\n|faint|p1b: Tatsugiri\n|cant|p1a: Dondozo|slp\n|\n|upkeep\n|\n|t:|1682036944\n|switch|p1b: Arcanine|Arcanine, L50, F|100\/100\n|-ability|p1b: Arcanine|Intimidate|boost\n|-unboost|p2a: Kingambit|atk|1\n|-ability|p2a: Kingambit|Defiant|boost\n|-boost|p2a: Kingambit|atk|2\n|-unboost|p2b: Amoonguss|atk|1\n|turn|12\n|\n|t:|1682036958\n|move|p2b: Amoonguss|Rage Powder|p2b: Amoonguss\n|-singleturn|p2b: Amoonguss|move: Rage Powder\n|move|p1b: Arcanine|Flare Blitz|p2b: Amoonguss\n|-supereffective|p2b: Amoonguss\n|-damage|p2b: Amoonguss|0 fnt\n|-damage|p1b: Arcanine|84\/100|[from] item: Rocky Helmet|[of] p2b: Amoonguss\n|faint|p2b: Amoonguss\n|-damage|p1b: Arcanine|69\/100|[from] Recoil\n|move|p2a: Kingambit|Tera Blast|p1b: Arcanine\n|-crit|p1b: Arcanine\n|-damage|p1b: Arcanine|0 fnt\n|faint|p1b: Arcanine\n|-curestatus|p1a: Dondozo|slp|[msg]\n|move|p1a: Dondozo|Wave Crash|p2a: Kingambit\n|-damage|p2a: Kingambit|68\/100\n|-damage|p1a: Dondozo|92\/100|[from] Recoil\n|\n|-heal|p1a: Dondozo|98\/100|[from] item: Leftovers\n|upkeep\n|\n|t:|1682036981\n|switch|p2b: Palafin|Palafin-Hero, L50, M|35\/100\n|turn|13\n|inactive|Battle timer is ON: inactive players will automatically lose when time's up. (requested by b(R)2)\n|\n|t:|1682036994\n|move|p2a: Kingambit|Sucker Punch||[still]\n|-fail|p2a: Kingambit\n|move|p2b: Palafin|Wave Crash|p1a: Dondozo\n|-resisted|p1a: Dondozo\n|-damage|p1a: Dondozo|68\/100\n|-damage|p2b: Palafin|23\/100|[from] Recoil\n|move|p1a: Dondozo|Yawn|p2a: Kingambit\n|-start|p2a: Kingambit|move: Yawn|[of] p1a: Dondozo\n|\n|-heal|p1a: Dondozo|74\/100|[from] item: Leftovers\n|upkeep\n|turn|14\n|\n|t:|1682037013\n|move|p2a: Kingambit|Protect|p2a: Kingambit\n|-singleturn|p2a: Kingambit|Protect\n|move|p1a: Dondozo|Protect|p1a: Dondozo\n|-singleturn|p1a: Dondozo|Protect\n|move|p2b: Palafin|Wave Crash|p1a: Dondozo\n|-activate|p1a: Dondozo|move: Protect\n|\n|-heal|p1a: Dondozo|80\/100|[from] item: Leftovers\n|-end|p2a: Kingambit|move: Yawn|[silent]\n|-status|p2a: Kingambit|slp\n|upkeep\n|turn|15\n|\n|t:|1682037031\n|move|p2b: Palafin|Wave Crash|p1a: Dondozo\n|-resisted|p1a: Dondozo\n|-damage|p1a: Dondozo|51\/100\n|-damage|p2b: Palafin|11\/100|[from] Recoil\n|cant|p2a: Kingambit|slp\n|move|p1a: Dondozo|Wave Crash|p2a: Kingambit\n|-damage|p2a: Kingambit|37\/100 slp\n|-damage|p1a: Dondozo|43\/100|[from] Recoil\n|\n|-heal|p1a: Dondozo|49\/100|[from] item: Leftovers\n|upkeep\n|turn|16\n|\n|t:|1682037048\n|cant|p2a: Kingambit|slp\n|move|p2b: Palafin|Wave Crash|p1a: Dondozo\n|-resisted|p1a: Dondozo\n|-damage|p1a: Dondozo|20\/100\n|-damage|p2b: Palafin|0 fnt|[from] Recoil\n|faint|p2b: Palafin\n|move|p1a: Dondozo|Wave Crash|p2a: Kingambit\n|-damage|p2a: Kingambit|5\/100 slp\n|-damage|p1a: Dondozo|11\/100|[from] Recoil\n|\n|-heal|p1a: Dondozo|17\/100|[from] item: Leftovers\n|upkeep\n|turn|17\n|\n|t:|1682037070\n|cant|p2a: Kingambit|slp\n|move|p1a: Dondozo|Wave Crash|p2a: Kingambit\n|-damage|p2a: Kingambit|0 fnt\n|faint|p2a: Kingambit\n|-damage|p1a: Dondozo|16\/100|[from] Recoil\n|\n|win|b(R)2\n|raw|b(R)2's rating: 1363 → 1383<\/strong> (+20 for winning)\n|raw|number86's rating: 1355 → 1335<\/strong> (-20 for losing)\n","uploadtime":1682037080,"views":5,"p1id":"br2","p2id":"number86","formatid":"gen9vgc2023regulationc","rating":1335,"private":0,"password":""}