{"id":"gen9vgc2023regulationc-1857911631","p1":"Millie Jean","p2":"caiobarbalho","format":"[Gen 9] VGC 2023 Regulation C","log":"|j|\u2606Millie Jean\n|j|\u2606caiobarbalho\n|t:|1683246353\n|gametype|doubles\n|player|p1|Millie Jean|whitney|1207\n|player|p2|caiobarbalho|rosa|1134\n|teamsize|p1|6\n|teamsize|p2|6\n|gen|9\n|tier|[Gen 9] VGC 2023 Regulation C\n|rated|\n|rule|Species Clause: Limit one of each Pok\u00e9mon\n|rule|Item Clause: Limit one of each item\n|clearpoke\n|poke|p1|Wo-Chien, L50|\n|poke|p1|Glimmora, L50, M|\n|poke|p1|Dondozo, L50, F|\n|poke|p1|Tatsugiri, L50, M|\n|poke|p1|Arcanine, L50, F|\n|poke|p1|Flutter Mane, L50|\n|poke|p2|Palafin, L50, F|\n|poke|p2|Flutter Mane, L50|\n|poke|p2|Arcanine, L50, F|\n|poke|p2|Amoonguss, L50, M|\n|poke|p2|Corviknight, L50, F|\n|poke|p2|Baxcalibur, L50, F|\n|teampreview|4\n|inactive|Battle timer is ON: inactive players will automatically lose when time's up. (requested by caiobarbalho)\n|inactive|Millie Jean also wants the timer to be on.\nMillie Jean has agreed to open team sheets.\ncaiobarbalho has agreed to open team sheets.\n|inactive|Millie Jean has 60 seconds left.\n|inactive|caiobarbalho has 60 seconds left.\n|inactive|Millie Jean has 30 seconds left.\n|inactive|caiobarbalho has 30 seconds left.\n|inactive|Millie Jean has 20 seconds left.\n|inactive|Millie Jean has 15 seconds left.\n|inactive|Millie Jean has 10 seconds left.\n|inactive|Millie Jean has 5 seconds left.\n|inactive|caiobarbalho has 20 seconds left.\n|inactive|caiobarbalho has 15 seconds left.\n|inactive|caiobarbalho has 10 seconds left.\n|\n|t:|1683246454\n|start\n|switch|p1a: Wo-Chien|Wo-Chien, L50|100\/100\n|switch|p1b: Flutter Mane|Flutter Mane, L50|100\/100\n|switch|p2a: Baxcalibur|Baxcalibur, L50, F|100\/100\n|switch|p2b: Arcanine|Arcanine, L50, F|100\/100\n|-ability|p2b: Arcanine|Intimidate|boost\n|-unboost|p1a: Wo-Chien|atk|1\n|-unboost|p1b: Flutter Mane|atk|1\n|-ability|p1a: Wo-Chien|Tablets of Ruin\n|turn|1\n|inactive|Millie Jean has 30 seconds left.\n|inactive|caiobarbalho has 30 seconds left.\n|inactive|Millie Jean has 20 seconds left.\n|inactive|caiobarbalho has 20 seconds left.\n|inactive|caiobarbalho has 15 seconds left.\n|inactive|caiobarbalho has 10 seconds left.\n|\n|t:|1683246504\n|switch|p2a: Corviknight|Corviknight, L50, F, shiny|100\/100\n|move|p1a: Wo-Chien|Protect|p1a: Wo-Chien\n|-singleturn|p1a: Wo-Chien|Protect\n|move|p1b: Flutter Mane|Moonblast|p2a: Corviknight\n|-resisted|p2a: Corviknight\n|-damage|p2a: Corviknight|78\/100\n|move|p2b: Arcanine|Flare Blitz|p1b: Flutter Mane\n|-damage|p1b: Flutter Mane|34\/100\n|-damage|p2b: Arcanine|86\/100|[from] Recoil\n|\n|-heal|p2a: Corviknight|84\/100|[from] item: Leftovers\n|upkeep\n|turn|2\n|inactive|Millie Jean has 30 seconds left.\n|\n|t:|1683246532\n|move|p1b: Flutter Mane|Thunderbolt|p2a: Corviknight\n|-supereffective|p2a: Corviknight\n|-damage|p2a: Corviknight|17\/100\n|move|p2b: Arcanine|Howl|p2b: Arcanine|[spread] p2a,p2b\n|-boost|p2a: Corviknight|atk|1\n|-boost|p2b: Arcanine|atk|1\n|move|p2a: Corviknight|Brave Bird|p1a: Wo-Chien\n|-supereffective|p1a: Wo-Chien\n|-damage|p1a: Wo-Chien|12\/100\n|-enditem|p1a: Wo-Chien|Sitrus Berry|[eat]\n|-heal|p1a: Wo-Chien|37\/100|[from] item: Sitrus Berry\n|-damage|p2a: Corviknight|0 fnt|[from] Recoil\n|faint|p2a: Corviknight\n|move|p1a: Wo-Chien|Leech Seed|p2b: Arcanine\n|-start|p2b: Arcanine|move: Leech Seed\n|\n|-damage|p2b: Arcanine|73\/100|[from] Leech Seed|[of] p1a: Wo-Chien\n|-heal|p1a: Wo-Chien|49\/100|[silent]\n|upkeep\n|\n|t:|1683246551\n|switch|p2a: Flutter Mane|Flutter Mane, L50|100\/100\n|-enditem|p2a: Flutter Mane|Booster Energy\n|-activate|p2a: Flutter Mane|ability: Protosynthesis|[fromitem]\n|-start|p2a: Flutter Mane|protosynthesisspe\n|turn|3\n|\n|t:|1683246569\n|move|p2a: Flutter Mane|Shadow Ball|p1b: Flutter Mane\n|-supereffective|p1b: Flutter Mane\n|-damage|p1b: Flutter Mane|0 fnt\n|faint|p1b: Flutter Mane\n|-end|p1b: Flutter Mane|Protosynthesis|[silent]\n|move|p2b: Arcanine|Flare Blitz|p1a: Wo-Chien\n|-supereffective|p1a: Wo-Chien\n|-damage|p1a: Wo-Chien|0 fnt\n|faint|p1a: Wo-Chien\n|-damage|p2b: Arcanine|57\/100|[from] Recoil\n|\n|upkeep\n|\n|t:|1683246580\n|switch|p1b: Tatsugiri|Tatsugiri, L50, M|100\/100\n|switch|p1a: Dondozo|Dondozo, L50, F|100\/100\n|-activate|p1b: Tatsugiri|ability: Commander|[of] p1a: Dondozo\n|-boost|p1a: Dondozo|atk|2\n|-boost|p1a: Dondozo|spa|2\n|-boost|p1a: Dondozo|spe|2\n|-boost|p1a: Dondozo|def|2\n|-boost|p1a: Dondozo|spd|2\n|turn|4\n|\n|t:|1683246598\n|switch|p2b: Baxcalibur|Baxcalibur, L50, F|100\/100\n|move|p1a: Dondozo|Protect|p1a: Dondozo\n|-singleturn|p1a: Dondozo|Protect\n|move|p2a: Flutter Mane|Substitute|p2a: Flutter Mane\n|-start|p2a: Flutter Mane|Substitute\n|-damage|p2a: Flutter Mane|76\/100\n|\n|upkeep\n|turn|5\n|inactive|Millie Jean has 30 seconds left.\n|inactive|caiobarbalho has 30 seconds left.\n|inactive|Millie Jean has 20 seconds left.\n|\n|t:|1683246634\n|switch|p2b: Arcanine|Arcanine, L50, F|57\/100\n|-ability|p2b: Arcanine|Intimidate|boost\n|-unboost|p1a: Dondozo|atk|1\n|-unboost|p1b: Tatsugiri|atk|1\n|move|p2a: Flutter Mane|Shadow Ball|p1a: Dondozo\n|-damage|p1a: Dondozo|82\/100\n|-unboost|p1a: Dondozo|spd|1\n|move|p1a: Dondozo|Earthquake|p2b: Arcanine|[spread] p2a,p2b\n|-miss|p1a: Dondozo|p1b: Tatsugiri\n|-end|p2a: Flutter Mane|Substitute\n|-supereffective|p2b: Arcanine\n|-damage|p2b: Arcanine|0 fnt\n|faint|p2b: Arcanine\n|\n|-heal|p1a: Dondozo|88\/100|[from] item: Leftovers\n|upkeep\n|\n|t:|1683246649\n|switch|p2b: Baxcalibur|Baxcalibur, L50, F|100\/100\n|turn|6\n|\n|t:|1683246670\n|move|p2a: Flutter Mane|Protect|p2a: Flutter Mane\n|-singleturn|p2a: Flutter Mane|Protect\n|move|p1a: Dondozo|Earthquake|p2b: Baxcalibur|[spread] p2b\n|-miss|p1a: Dondozo|p1b: Tatsugiri\n|-activate|p2a: Flutter Mane|move: Protect\n|-damage|p2b: Baxcalibur|77\/100\n|move|p2b: Baxcalibur|Glaive Rush|p1a: Dondozo\n|-damage|p1a: Dondozo|61\/100\n|-singlemove|p2b: Baxcalibur|Glaive Rush|[silent]\n|\n|-heal|p1a: Dondozo|68\/100|[from] item: Leftovers\n|upkeep\n|turn|7\n|\n|t:|1683246689\n|move|p2a: Flutter Mane|Substitute|p2a: Flutter Mane\n|-start|p2a: Flutter Mane|Substitute\n|-damage|p2a: Flutter Mane|52\/100\n|move|p1a: Dondozo|Earthquake|p2b: Baxcalibur|[spread] p2a,p2b\n|-miss|p1a: Dondozo|p1b: Tatsugiri\n|-end|p2a: Flutter Mane|Substitute\n|-damage|p2b: Baxcalibur|30\/100\n|move|p2b: Baxcalibur|Glaive Rush|p1a: Dondozo\n|-damage|p1a: Dondozo|42\/100\n|-singlemove|p2b: Baxcalibur|Glaive Rush|[silent]\n|\n|-heal|p1a: Dondozo|48\/100|[from] item: Leftovers\n|upkeep\n|turn|8\n|inactive|caiobarbalho has 30 seconds left.\n|inactive|caiobarbalho has 20 seconds left.\n|\n|t:|1683246725\n|-terastallize|p2a: Flutter Mane|Fairy\n|move|p2b: Baxcalibur|Ice Shard|p1a: Dondozo\n|-resisted|p1a: Dondozo\n|-damage|p1a: Dondozo|44\/100\n|move|p2a: Flutter Mane|Moonblast|p1a: Dondozo\n|-damage|p1a: Dondozo|6\/100\n|move|p1a: Dondozo|Wave Crash|p2b: Baxcalibur\n|-resisted|p2b: Baxcalibur\n|-damage|p2b: Baxcalibur|4\/100\n|-damage|p1a: Dondozo|0 fnt|[from] Recoil\n|faint|p1a: Dondozo\n|\n|upkeep\n|turn|9\n|inactive|Millie Jean has 30 seconds left.\n|\n|t:|1683246750\n|-terastallize|p1b: Tatsugiri|Steel\n|move|p2b: Baxcalibur|Ice Shard|p1b: Tatsugiri\n|-resisted|p1b: Tatsugiri\n|-damage|p1b: Tatsugiri|78\/100\n|move|p2a: Flutter Mane|Moonblast|p1b: Tatsugiri\n|-resisted|p1b: Tatsugiri\n|-damage|p1b: Tatsugiri|37\/100\n|-unboost|p1b: Tatsugiri|spa|1\n|move|p1b: Tatsugiri|Icy Wind|p2b: Baxcalibur|[spread] p2a,p2b\n|-damage|p2a: Flutter Mane|42\/100\n|-damage|p2b: Baxcalibur|0 fnt\n|-unboost|p2a: Flutter Mane|spe|1\n|faint|p2b: Baxcalibur\n|\n|upkeep\n|turn|10\n|\n|t:|1683246765\n|move|p1b: Tatsugiri|Icy Wind|p2a: Flutter Mane\n|-damage|p2a: Flutter Mane|30\/100\n|-unboost|p2a: Flutter Mane|spe|1\n|move|p2a: Flutter Mane|Moonblast|p1b: Tatsugiri\n|-resisted|p1b: Tatsugiri\n|-damage|p1b: Tatsugiri|0 fnt\n|faint|p1b: Tatsugiri\n|\n|win|caiobarbalho\n|raw|Millie Jean's rating: 1207 → 1177<\/strong> (-30 for losing)\n|raw|caiobarbalho's rating: 1134 → 1164<\/strong> (+30 for winning)\n|c|\u2606Millie Jean|gg\n|c|\u2606caiobarbalho|wp\n|c|\u2606caiobarbalho|why wave cradh?\n|c|\u2606caiobarbalho|crash*\n|c|\u2606Millie Jean|Really helps with fire and ground types\n|c|\u2606caiobarbalho|yes, but earthquake wouldve won the game\n|c|\u2606Millie Jean|sizeable damage, too.\n|c|\u2606caiobarbalho|i mean when you wave crashed bax\n|c|\u2606Millie Jean|I thought you were going to sub again. Maybe I misplayed lol\n|c|\u2606Millie Jean|^^\"\n|c|\u2606caiobarbalho|happens all the time\n|c|\u2606caiobarbalho|the game is yours man\n|c|\u2606Millie Jean|:)\n|c|\u2606caiobarbalho|or girl idk\n|c|\u2606caiobarbalho|wp\n|c|\u2606Millie Jean|lol I'm a girl but np\n|c|\u2606Millie Jean|gg wp\n|l|\u2606Millie Jean\n|c|\u2606caiobarbalho|gg\n","uploadtime":1683246890,"views":11,"p1id":"milliejean","p2id":"caiobarbalho","formatid":"gen9vgc2023regulationc","rating":1164,"private":0,"password":""}