{"id":"gen9vgc2023regulationc-1847928102","p1":"MorphinVGC","p2":"TharoksVGC","format":"[Gen 9] VGC 2023 Regulation C","log":"|j|\u2606MorphinVGC\n|j|\u2606TharoksVGC\n|t:|1682013400\n|gametype|doubles\n|player|p1|MorphinVGC|265|1101\n|player|p2|TharoksVGC|hoopster|1135\n|teamsize|p1|6\n|teamsize|p2|6\n|gen|9\n|tier|[Gen 9] VGC 2023 Regulation C\n|rated|\n|rule|Species Clause: Limit one of each Pok\u00e9mon\n|rule|Item Clause: Limit one of each item\n|clearpoke\n|poke|p1|Ting-Lu, L50|\n|poke|p1|Grimmsnarl, L50, M|\n|poke|p1|Palafin, L50, F|\n|poke|p1|Arcanine, L50, F|\n|poke|p1|Breloom, L50, F|\n|poke|p1|Flutter Mane, L50|\n|poke|p2|Forretress, L50, F|\n|poke|p2|Chien-Pao, L50|\n|poke|p2|Gastrodon-East, L50, M|\n|poke|p2|Ting-Lu, L50|\n|poke|p2|Talonflame, L50, F|\n|poke|p2|Arcanine, L50, M|\n|teampreview|4\n|inactive|Battle timer is ON: inactive players will automatically lose when time's up. (requested by MorphinVGC)\n|inactive|TharoksVGC has 60 seconds left.\n|\n|t:|1682013461\n|start\n|switch|p1a: Ting-Lu|Ting-Lu, L50|100\/100\n|switch|p1b: Palafin|Palafin, L50, F|100\/100\n|switch|p2a: Talonflame|Talonflame, L50, F|100\/100\n|switch|p2b: Gastrodon|Gastrodon-East, L50, M|100\/100\n|-ability|p1a: Ting-Lu|Vessel of Ruin\n|turn|1\n|\n|t:|1682013481\n|detailschange|p1b: Palafin|Palafin-Hero, L50, F\n|switch|p1b: Arcanine|Arcanine, L50, F|100\/100\n|-ability|p1b: Arcanine|Intimidate|boost\n|-unboost|p2a: Talonflame|atk|1\n|-unboost|p2b: Gastrodon|atk|1\n|move|p2a: Talonflame|Tailwind|p2a: Talonflame\n|-sidestart|p2: TharoksVGC|move: Tailwind\n|move|p2b: Gastrodon|Muddy Water|p1b: Arcanine|[spread] p1a,p1b\n|-supereffective|p1a: Ting-Lu\n|-supereffective|p1b: Arcanine\n|-damage|p1a: Ting-Lu|77\/100\n|-damage|p1b: Arcanine|54\/100\n|move|p1a: Ting-Lu|Stone Edge|p2a: Talonflame\n|-supereffective|p2a: Talonflame\n|-damage|p2a: Talonflame|0 fnt\n|faint|p2a: Talonflame\n|\n|upkeep\n|\n|t:|1682013498\n|switch|p2a: Forretress|Forretress, L50, F|100\/100\n|turn|2\n|\n|t:|1682013513\n|-terastallize|p2a: Forretress|Rock\n|move|p2a: Forretress|Rock Blast|p1b: Arcanine\n|-supereffective|p1b: Arcanine\n|-damage|p1b: Arcanine|36\/100\n|-supereffective|p1b: Arcanine\n|-damage|p1b: Arcanine|16\/100\n|-enditem|p1b: Arcanine|Aguav Berry|[eat]\n|-heal|p1b: Arcanine|49\/100|[from] item: Aguav Berry\n|-supereffective|p1b: Arcanine\n|-damage|p1b: Arcanine|31\/100\n|-supereffective|p1b: Arcanine\n|-damage|p1b: Arcanine|10\/100\n|-supereffective|p1b: Arcanine\n|-damage|p1b: Arcanine|0 fnt\n|faint|p1b: Arcanine\n|-hitcount|p1: Arcanine|5\n|move|p2b: Gastrodon|Muddy Water|p1a: Ting-Lu\n|-supereffective|p1a: Ting-Lu\n|-damage|p1a: Ting-Lu|45\/100\n|move|p1a: Ting-Lu|Stone Edge|p2b: Gastrodon\n|-resisted|p2b: Gastrodon\n|-damage|p2b: Gastrodon|82\/100\n|\n|upkeep\n|\n|t:|1682013523\n|switch|p1b: Palafin|Palafin-Hero, L50, F|100\/100\n|-activate|p1b: Palafin|ability: Zero to Hero\n|turn|3\n|\n|t:|1682013544\n|-terastallize|p1b: Palafin|Flying\n|move|p1b: Palafin|Tera Blast|p2b: Gastrodon\n|-damage|p2b: Gastrodon|29\/100\n|move|p2a: Forretress|Pin Missile|p1a: Ting-Lu\n|-supereffective|p1a: Ting-Lu\n|-damage|p1a: Ting-Lu|31\/100\n|-supereffective|p1a: Ting-Lu\n|-damage|p1a: Ting-Lu|17\/100\n|-supereffective|p1a: Ting-Lu\n|-damage|p1a: Ting-Lu|4\/100\n|-supereffective|p1a: Ting-Lu\n|-damage|p1a: Ting-Lu|0 fnt\n|faint|p1a: Ting-Lu\n|-hitcount|p1: Ting-Lu|4\n|move|p2b: Gastrodon|Earth Power|p1b: Palafin\n|-immune|p1b: Palafin\n|\n|upkeep\n|\n|t:|1682013552\n|switch|p1a: Flutter Mane|Flutter Mane, L50|100\/100\n|-enditem|p1a: Flutter Mane|Booster Energy\n|-activate|p1a: Flutter Mane|ability: Protosynthesis|[fromitem]\n|-start|p1a: Flutter Mane|protosynthesisspe\n|turn|4\n|\n|t:|1682013571\n|move|p2b: Gastrodon|Protect|p2b: Gastrodon\n|-singleturn|p2b: Gastrodon|Protect\n|move|p1a: Flutter Mane|Dazzling Gleam|p2b: Gastrodon|[spread] p2a\n|-activate|p2b: Gastrodon|move: Protect\n|-damage|p2a: Forretress|49\/100\n|move|p1b: Palafin|Tera Blast|p2b: Gastrodon\n|-activate|p2b: Gastrodon|move: Protect\n|move|p2a: Forretress|Heavy Slam|p1a: Flutter Mane\n|-supereffective|p1a: Flutter Mane\n|-damage|p1a: Flutter Mane|0 fnt\n|faint|p1a: Flutter Mane\n|-end|p1a: Flutter Mane|Protosynthesis|[silent]\n|\n|-sideend|p2: TharoksVGC|move: Tailwind\n|upkeep\n|turn|5\n|\n|t:|1682013590\n|move|p1b: Palafin|Tera Blast|p2b: Gastrodon\n|-damage|p2b: Gastrodon|0 fnt\n|faint|p2b: Gastrodon\n|move|p2a: Forretress|Rock Blast|p1b: Palafin\n|-supereffective|p1b: Palafin\n|-damage|p1b: Palafin|75\/100\n|-supereffective|p1b: Palafin\n|-damage|p1b: Palafin|48\/100\n|-supereffective|p1b: Palafin\n|-damage|p1b: Palafin|23\/100\n|-supereffective|p1b: Palafin\n|-damage|p1b: Palafin|0 fnt\n|faint|p1b: Palafin\n|-hitcount|p1: Palafin|4\n|\n|win|TharoksVGC\n|raw|MorphinVGC's rating: 1101 → 1078<\/strong> (-23 for losing)\n|raw|TharoksVGC's rating: 1135 → 1158<\/strong> (+23 for winning)\n|l|\u2606MorphinVGC\n","uploadtime":1682013609,"views":13,"p1id":"morphinvgc","p2id":"tharoksvgc","formatid":"gen9vgc2023regulationc","rating":1078,"private":0,"password":""}