{"id":"gen9vgc2023regulationc-1852391199","p1":"Gioilele","p2":"vivian20","format":"[Gen 9] VGC 2023 Regulation C","log":"|j|\u2606Gioilele\n|j|\u2606vivian20\n|t:|1682551823\n|gametype|doubles\n|player|p1|Gioilele|pokemonbreeder-gen4|\n|player|p2|vivian20|170|\n|teamsize|p1|6\n|teamsize|p2|6\n|gen|9\n|tier|[Gen 9] VGC 2023 Regulation C\n|rule|Species Clause: Limit one of each Pok\u00e9mon\n|rule|Item Clause: Limit one of each item\n|clearpoke\n|poke|p1|Palafin, L50, F|\n|poke|p1|Chien-Pao, L50|\n|poke|p1|Dragapult, L50, F|\n|poke|p1|Amoonguss, L50, F|\n|poke|p1|Arcanine, L50, M|\n|poke|p1|Flutter Mane, L50|\n|poke|p2|Glimmora, L50, F|\n|poke|p2|Flutter Mane, L50|\n|poke|p2|Tatsugiri, L50, M|\n|poke|p2|Dondozo, L50, M|\n|poke|p2|Arcanine, L50, M|\n|poke|p2|Wo-Chien, L50|\n|teampreview|4\nvivian20 has agreed to open team sheets.\nGioilele has agreed to open team sheets.\n|\n|t:|1682551868\n|start\n|switch|p1a: Dozo|Palafin, L50, F|100\/100\n|switch|p1b: Dnite|Dragapult, L50, F|100\/100\n|switch|p2a: Arcanine|Arcanine, L50, M|100\/100\n|switch|p2b: Flutter Mane|Flutter Mane, L50|100\/100\n|-ability|p2a: Arcanine|Intimidate|boost\n|-unboost|p1a: Dozo|atk|1\n|-fail|p1b: Dnite|unboost|[from] ability: Clear Body|[of] p1b: Dnite\n|turn|1\n|\n|t:|1682551893\n|detailschange|p1a: Dozo|Palafin-Hero, L50, F\n|switch|p1a: ChiYu|Arcanine, L50, M|100\/100\n|-ability|p1a: ChiYu|Intimidate|boost\n|-unboost|p2a: Arcanine|atk|1\n|-unboost|p2b: Flutter Mane|atk|1\n|move|p1b: Dnite|Phantom Force||[still]\n|-prepare|p1b: Dnite|Phantom Force\n|move|p2b: Flutter Mane|Dazzling Gleam|p1a: ChiYu|[spread] p1a\n|-miss|p2b: Flutter Mane|p1b: Dnite\n|-resisted|p1a: ChiYu\n|-damage|p1a: ChiYu|82\/100\n|move|p2a: Arcanine|Will-O-Wisp|p1a: ChiYu\n|-immune|p1a: ChiYu\n|\n|upkeep\n|turn|2\n|\n|t:|1682551928\n|switch|p2a: Dondozo|Dondozo, L50, M|100\/100\n|move|p1b: Dnite|Phantom Force|p2b: Flutter Mane|[from]lockedmove\n|-supereffective|p2b: Flutter Mane\n|-enditem|p2b: Flutter Mane|Focus Sash\n|-damage|p2b: Flutter Mane|1\/100\n|move|p2b: Flutter Mane|Moonblast|p1b: Dnite\n|-supereffective|p1b: Dnite\n|-damage|p1b: Dnite|0 fnt\n|faint|p1b: Dnite\n|move|p1a: ChiYu|Flare Blitz|p2b: Flutter Mane\n|-damage|p2b: Flutter Mane|0 fnt\n|faint|p2b: Flutter Mane\n|-end|p2b: Flutter Mane|Protosynthesis|[silent]\n|-damage|p1a: ChiYu|81\/100|[from] Recoil\n|\n|upkeep\n|\n|t:|1682551943\n|switch|p1b: Dozo|Palafin-Hero, L50, F|100\/100\n|switch|p2b: Arcanine|Arcanine, L50, M|100\/100\n|-activate|p1b: Dozo|ability: Zero to Hero\n|-ability|p2b: Arcanine|Intimidate|boost\n|-unboost|p1a: ChiYu|atk|1\n|-unboost|p1b: Dozo|atk|1\n|turn|3\n|\n|t:|1682551961\n|switch|p1b: WoChien|Amoonguss, L50, F|100\/100\n|switch|p2b: Tatsugiri|Tatsugiri, L50, M|100\/100\n|-activate|p2b: Tatsugiri|ability: Commander|[of] p2a: Dondozo\n|-boost|p2a: Dondozo|atk|2\n|-boost|p2a: Dondozo|spa|2\n|-boost|p2a: Dondozo|spe|2\n|-boost|p2a: Dondozo|def|2\n|-boost|p2a: Dondozo|spd|2\n|move|p2a: Dondozo|Protect|p2a: Dondozo\n|-singleturn|p2a: Dondozo|Protect\n|move|p1a: ChiYu|Will-O-Wisp|p2a: Dondozo\n|-activate|p2a: Dondozo|move: Protect\n|\n|upkeep\n|turn|4\n|\n|t:|1682551991\n|-terastallize|p1a: ChiYu|Flying\n|-terastallize|p2a: Dondozo|Grass\n|move|p1b: WoChien|Rage Powder|p1b: WoChien\n|-singleturn|p1b: WoChien|move: Rage Powder\n|move|p1a: ChiYu|Will-O-Wisp|p2a: Dondozo\n|-status|p2a: Dondozo|brn\n|move|p2a: Dondozo|Earthquake|p1b: WoChien|[spread] p1b\n|-miss|p2a: Dondozo|p2b: Tatsugiri\n|-immune|p1a: ChiYu\n|-damage|p1b: WoChien|80\/100\n|\n|-damage|p2a: Dondozo|94\/100 brn|[from] brn\n|upkeep\n|turn|5\n|\n|t:|1682552006\n|move|p1a: ChiYu|Flare Blitz|p2a: Dondozo\n|-supereffective|p2a: Dondozo\n|-damage|p2a: Dondozo|62\/100 brn\n|-damage|p1a: ChiYu|69\/100|[from] Recoil\n|move|p2a: Dondozo|Wave Crash|p1a: ChiYu\n|-damage|p1a: ChiYu|4\/100\n|-damage|p2a: Dondozo|43\/100 brn|[from] Recoil\n|move|p1b: WoChien|Pollen Puff|p1a: ChiYu\n|-heal|p1a: ChiYu|54\/100\n|\n|-damage|p2a: Dondozo|37\/100 brn|[from] brn\n|upkeep\n|turn|6\n|\n|t:|1682552023\n|switch|p1a: Dozo|Palafin-Hero, L50, F|100\/100\n|move|p2a: Dondozo|Wave Crash|p1a: Dozo\n|-resisted|p1a: Dozo\n|-damage|p1a: Dozo|77\/100\n|-damage|p2a: Dondozo|30\/100 brn|[from] Recoil\n|move|p1b: WoChien|Pollen Puff|p2a: Dondozo\n|-supereffective|p2a: Dondozo\n|-damage|p2a: Dondozo|13\/100 brn\n|-enditem|p2a: Dondozo|Aguav Berry|[eat]\n|-heal|p2a: Dondozo|46\/100 brn|[from] item: Aguav Berry\n|\n|-damage|p2a: Dondozo|40\/100 brn|[from] brn\n|upkeep\n|turn|7\n|\n|t:|1682552037\n|move|p1b: WoChien|Rage Powder|p1b: WoChien\n|-singleturn|p1b: WoChien|move: Rage Powder\n|move|p2a: Dondozo|Tera Blast|p1a: Dozo\n|-supereffective|p1a: Dozo\n|-damage|p1a: Dozo|9\/100\n|move|p1a: Dozo|Haze|p1a: Dozo\n|-clearallboost\n|\n|-damage|p2a: Dondozo|34\/100 brn|[from] brn\n|upkeep\n|turn|8\n|\n|t:|1682552048\n|switch|p1a: ChiYu|Arcanine, L50, M, tera:Flying|54\/100\n|-ability|p1a: ChiYu|Intimidate|boost\n|-unboost|p2a: Dondozo|atk|1\n|-unboost|p2b: Tatsugiri|atk|1\n|move|p2a: Dondozo|Earthquake|p1b: WoChien|[spread] p1b\n|-miss|p2a: Dondozo|p2b: Tatsugiri\n|-immune|p1a: ChiYu\n|-damage|p1b: WoChien|73\/100\n|move|p1b: WoChien|Pollen Puff|p1a: ChiYu\n|-heal|p1a: ChiYu|100\/100\n|\n|-damage|p2a: Dondozo|27\/100 brn|[from] brn\n|upkeep\n|turn|9\n|\n|t:|1682552087\n|move|p1a: ChiYu|Flare Blitz|p2a: Dondozo\n|-supereffective|p2a: Dondozo\n|-damage|p2a: Dondozo|0 fnt\n|faint|p2a: Dondozo\n|-damage|p1a: ChiYu|90\/100|[from] Recoil\n|move|p1b: WoChien|Spore|p2b: Tatsugiri\n|-status|p2b: Tatsugiri|slp|[from] move: Spore\n|\n|upkeep\n|\n|t:|1682552095\n|switch|p2a: Arcanine|Arcanine, L50, M|100\/100\n|-ability|p2a: Arcanine|Intimidate|boost\n|-unboost|p1a: ChiYu|atk|1\n|-unboost|p1b: WoChien|atk|1\n|turn|10\n|\n|t:|1682552108\n|move|p1a: ChiYu|Protect|p1a: ChiYu\n|-singleturn|p1a: ChiYu|Protect\n|cant|p2b: Tatsugiri|slp\n|move|p2b: Tatsugiri|Sleep Talk|p2b: Tatsugiri\n|move|p2b: Tatsugiri|Muddy Water|p1a: ChiYu|[from]move: Sleep Talk|[spread] \n|-activate|p1a: ChiYu|move: Protect\n|-miss|p2b: Tatsugiri|p1b: WoChien\n|move|p2a: Arcanine|Will-O-Wisp|p1a: ChiYu\n|-activate|p1a: ChiYu|move: Protect\n|move|p1b: WoChien|Spore|p2a: Arcanine\n|-activate|p2a: Arcanine|item: Safety Goggles|Spore\n|\n|upkeep\n|turn|11\n|\n|t:|1682552124\n|switch|p1a: Dozo|Palafin-Hero, L50, F|9\/100\n|cant|p2b: Tatsugiri|slp\n|move|p2b: Tatsugiri|Sleep Talk|p2b: Tatsugiri\n|move|p2b: Tatsugiri|Draco Meteor|p1b: WoChien|[from]move: Sleep Talk|[miss]\n|-miss|p2b: Tatsugiri|p1b: WoChien\n|move|p2a: Arcanine|Will-O-Wisp|p1a: Dozo\n|-status|p1a: Dozo|brn\n|move|p1b: WoChien|Pollen Puff|p1a: Dozo\n|-heal|p1a: Dozo|59\/100 brn\n|\n|-damage|p1a: Dozo|53\/100 brn|[from] brn\n|upkeep\n|turn|12\n|\n|t:|1682552140\n|move|p1a: Dozo|Protect|p1a: Dozo\n|-singleturn|p1a: Dozo|Protect\n|move|p2a: Arcanine|Protect|p2a: Arcanine\n|-singleturn|p2a: Arcanine|Protect\n|move|p1b: WoChien|Protect|p1b: WoChien\n|-singleturn|p1b: WoChien|Protect\n|-curestatus|p2b: Tatsugiri|slp|[msg]\n|move|p2b: Tatsugiri|Sleep Talk||[still]\n|-fail|p2b: Tatsugiri\n|\n|-damage|p1a: Dozo|47\/100 brn|[from] brn\n|upkeep\n|turn|13\n|\n|t:|1682552154\n|move|p1a: Dozo|Jet Punch|p2a: Arcanine\n|-supereffective|p2a: Arcanine\n|-damage|p2a: Arcanine|57\/100\n|move|p2b: Tatsugiri|Sleep Talk||[still]\n|-fail|p2b: Tatsugiri\n|move|p2a: Arcanine|Flare Blitz|p1b: WoChien\n|-supereffective|p1b: WoChien\n|-crit|p1b: WoChien\n|-damage|p1b: WoChien|0 fnt\n|faint|p1b: WoChien\n|-damage|p2a: Arcanine|29\/100|[from] Recoil\n|\n|-damage|p1a: Dozo|41\/100 brn|[from] brn\n|upkeep\n|\n|t:|1682552157\n|switch|p1b: ChiYu|Arcanine, L50, M, tera:Flying|90\/100\n|-ability|p1b: ChiYu|Intimidate|boost\n|-unboost|p2a: Arcanine|atk|1\n|-unboost|p2b: Tatsugiri|atk|1\n|turn|14\n|\n|t:|1682552177\n|move|p2a: Arcanine|Protect|p2a: Arcanine\n|-singleturn|p2a: Arcanine|Protect\n|move|p1b: ChiYu|Extreme Speed|p2b: Tatsugiri\n|-crit|p2b: Tatsugiri\n|-damage|p2b: Tatsugiri|38\/100\n|move|p1a: Dozo|Jet Punch|p2a: Arcanine\n|-activate|p2a: Arcanine|move: Protect\n|move|p2b: Tatsugiri|Sleep Talk||[still]\n|-fail|p2b: Tatsugiri\n|\n|-damage|p1a: Dozo|35\/100 brn|[from] brn\n|upkeep\n|turn|15\n|\n|t:|1682552193\n|move|p1b: ChiYu|Extreme Speed|p2a: Arcanine\n|-crit|p2a: Arcanine\n|-damage|p2a: Arcanine|0 fnt\n|faint|p2a: Arcanine\n|move|p1a: Dozo|Jet Punch|p2b: Tatsugiri\n|-resisted|p2b: Tatsugiri\n|-damage|p2b: Tatsugiri|28\/100\n|move|p2b: Tatsugiri|Sleep Talk||[still]\n|-fail|p2b: Tatsugiri\n|\n|-damage|p1a: Dozo|29\/100 brn|[from] brn\n|upkeep\n|turn|16\n|\n|t:|1682552203\n|move|p1b: ChiYu|Extreme Speed|p2b: Tatsugiri\n|-damage|p2b: Tatsugiri|0 fnt\n|faint|p2b: Tatsugiri\n|\n|win|Gioilele\n|c|\u2606Gioilele|gg\n","uploadtime":1682552207,"views":16,"p1id":"gioilele","p2id":"vivian20","formatid":"gen9vgc2023regulationc","rating":0,"private":0,"password":""}