{"id":"gen9vgc2023regulationc-1848400010","p1":"Prompto88","p2":"nvdnodn","format":"[Gen 9] VGC 2023 Regulation C","log":"|j|\u2606Prompto88\n|j|\u2606nvdnodn\n|t:|1682072714\n|gametype|doubles\n|player|p1|Prompto88|1|1165\n|player|p2|nvdnodn|lance|1135\n|teamsize|p1|6\n|teamsize|p2|6\n|gen|9\n|tier|[Gen 9] VGC 2023 Regulation C\n|rated|\n|rule|Species Clause: Limit one of each Pok\u00e9mon\n|rule|Item Clause: Limit one of each item\n|clearpoke\n|poke|p1|Palafin, L50, F|\n|poke|p1|Arcanine, L50, M|\n|poke|p1|Garganacl, L50, M|\n|poke|p1|Ting-Lu, L50|\n|poke|p1|Wo-Chien, L50|\n|poke|p1|Orthworm, L50, F|\n|poke|p2|Gastrodon, L50, M|\n|poke|p2|Dragonite, L50, M|\n|poke|p2|Chien-Pao, L50|\n|poke|p2|Gallade, L50, M|\n|poke|p2|Arcanine, L50, F|\n|poke|p2|Flutter Mane, L50|\n|teampreview|4\n|inactive|Battle timer is ON: inactive players will automatically lose when time's up. (requested by Prompto88)\n|\n|t:|1682072735\n|start\n|switch|p1a: Arcanine|Arcanine, L50, M|100\/100\n|switch|p1b: Garganacl|Garganacl, L50, M|100\/100\n|switch|p2a: SnarlsBarkley|Arcanine, L50, F|100\/100\n|switch|p2b: GastroDonCorleone|Gastrodon, L50, M|100\/100\n|-ability|p2a: SnarlsBarkley|Intimidate|boost\n|-unboost|p1a: Arcanine|atk|1\n|-unboost|p1b: Garganacl|atk|1\n|-ability|p1a: Arcanine|Intimidate|boost\n|-unboost|p2a: SnarlsBarkley|atk|1\n|-unboost|p2b: GastroDonCorleone|atk|1\n|turn|1\n|inactive|nvdnodn has 30 seconds left.\n|inactive|nvdnodn has 20 seconds left.\n|\n|t:|1682072770\n|switch|p2a: GalladeyGaga|Gallade, L50, M|100\/100\n|move|p2b: GastroDonCorleone|Protect|p2b: GastroDonCorleone\n|-singleturn|p2b: GastroDonCorleone|Protect\n|move|p1a: Arcanine|Snarl|p2b: GastroDonCorleone|[spread] p2a\n|-activate|p2b: GastroDonCorleone|move: Protect\n|-damage|p2a: GalladeyGaga|90\/100\n|-unboost|p2a: GalladeyGaga|spa|1\n|move|p1b: Garganacl|Salt Cure|p2b: GastroDonCorleone\n|-activate|p2b: GastroDonCorleone|move: Protect\n|\n|upkeep\n|turn|2\n|inactive|nvdnodn has 30 seconds left.\n|inactive|nvdnodn has 20 seconds left.\n|\n|t:|1682072806\n|move|p1b: Garganacl|Protect|p1b: Garganacl\n|-singleturn|p1b: Garganacl|Protect\n|move|p2a: GalladeyGaga|Sacred Sword|p1b: Garganacl\n|-activate|p1b: Garganacl|move: Protect\n|move|p1a: Arcanine|Will-O-Wisp|p2a: GalladeyGaga\n|-status|p2a: GalladeyGaga|brn\n|move|p2b: GastroDonCorleone|Earth Power|p1b: Garganacl\n|-activate|p1b: Garganacl|move: Protect\n|\n|-damage|p2a: GalladeyGaga|84\/100 brn|[from] brn\n|upkeep\n|turn|3\n|\n|t:|1682072824\n|-terastallize|p1b: Garganacl|Ghost\n|move|p2a: GalladeyGaga|Sacred Sword|p1b: Garganacl\n|-immune|p1b: Garganacl\n|move|p1a: Arcanine|Snarl|p2b: GastroDonCorleone|[spread] p2a,p2b\n|-crit|p2a: GalladeyGaga\n|-damage|p2a: GalladeyGaga|68\/100 brn\n|-damage|p2b: GastroDonCorleone|93\/100\n|-unboost|p2a: GalladeyGaga|spa|1\n|-unboost|p2b: GastroDonCorleone|spa|1\n|move|p2b: GastroDonCorleone|Earth Power|p1a: Arcanine\n|-supereffective|p1a: Arcanine\n|-damage|p1a: Arcanine|66\/100\n|move|p1b: Garganacl|Salt Cure|p2a: GalladeyGaga\n|-resisted|p2a: GalladeyGaga\n|-damage|p2a: GalladeyGaga|60\/100 brn\n|-start|p2a: GalladeyGaga|Salt Cure\n|\n|-damage|p2a: GalladeyGaga|54\/100 brn|[from] brn\n|-damage|p2a: GalladeyGaga|42\/100 brn|[from] Salt Cure\n|upkeep\n|turn|4\n|inactive|nvdnodn has 30 seconds left.\n|\n|t:|1682072851\n|move|p2a: GalladeyGaga|Sacred Sword|p1a: Arcanine\n|-damage|p1a: Arcanine|31\/100\n|move|p1a: Arcanine|Snarl|p2b: GastroDonCorleone|[spread] p2a,p2b\n|-damage|p2a: GalladeyGaga|32\/100 brn\n|-damage|p2b: GastroDonCorleone|85\/100\n|-unboost|p2a: GalladeyGaga|spa|1\n|-unboost|p2b: GastroDonCorleone|spa|1\n|move|p2b: GastroDonCorleone|Earth Power|p1a: Arcanine\n|-supereffective|p1a: Arcanine\n|-damage|p1a: Arcanine|2\/100\n|move|p1b: Garganacl|Salt Cure|p2b: GastroDonCorleone\n|-resisted|p2b: GastroDonCorleone\n|-damage|p2b: GastroDonCorleone|81\/100\n|-start|p2b: GastroDonCorleone|Salt Cure\n|\n|-damage|p2a: GalladeyGaga|26\/100 brn|[from] brn\n|-damage|p2a: GalladeyGaga|14\/100 brn|[from] Salt Cure\n|-damage|p2b: GastroDonCorleone|56\/100|[from] Salt Cure\n|upkeep\n|turn|5\n|inactive|nvdnodn has 30 seconds left.\n|\n|t:|1682072883\n|move|p1a: Arcanine|Protect|p1a: Arcanine\n|-singleturn|p1a: Arcanine|Protect\n|move|p2a: GalladeyGaga|Shadow Sneak|p1a: Arcanine\n|-activate|p1a: Arcanine|move: Protect\n|move|p2b: GastroDonCorleone|Earth Power|p1b: Garganacl\n|-damage|p1b: Garganacl|91\/100\n|move|p1b: Garganacl|Salt Cure|p2a: GalladeyGaga\n|-resisted|p2a: GalladeyGaga\n|-damage|p2a: GalladeyGaga|6\/100 brn\n|\n|-heal|p1b: Garganacl|97\/100|[from] item: Leftovers\n|-damage|p2a: GalladeyGaga|0 fnt|[from] brn\n|faint|p2a: GalladeyGaga\n|-damage|p2b: GastroDonCorleone|31\/100|[from] Salt Cure\n|upkeep\n|-enditem|p2b: GastroDonCorleone|Sitrus Berry|[eat]\n|-heal|p2b: GastroDonCorleone|56\/100|[from] item: Sitrus Berry\n|\n|t:|1682072903\n|switch|p2a: SnarlsBarkley|Arcanine, L50, F|100\/100\n|-ability|p2a: SnarlsBarkley|Intimidate|boost\n|-unboost|p1a: Arcanine|atk|1\n|-unboost|p1b: Garganacl|atk|1\n|turn|6\n|\n|t:|1682072916\n|switch|p1a: Ting-Lu|Ting-Lu, L50|100\/100\n|-ability|p1a: Ting-Lu|Vessel of Ruin\n|move|p2b: GastroDonCorleone|Protect|p2b: GastroDonCorleone\n|-singleturn|p2b: GastroDonCorleone|Protect\n|move|p2a: SnarlsBarkley|Extreme Speed|p1a: Ting-Lu\n|-damage|p1a: Ting-Lu|90\/100\n|move|p1b: Garganacl|Salt Cure|p2a: SnarlsBarkley\n|-supereffective|p2a: SnarlsBarkley\n|-damage|p2a: SnarlsBarkley|84\/100\n|-start|p2a: SnarlsBarkley|Salt Cure\n|\n|-heal|p1b: Garganacl|100\/100|[from] item: Leftovers\n|-damage|p2a: SnarlsBarkley|72\/100|[from] Salt Cure\n|-damage|p2b: GastroDonCorleone|31\/100|[from] Salt Cure\n|upkeep\n|turn|7\n|inactive|nvdnodn has 30 seconds left.\n|\n|t:|1682072948\n|switch|p2a: GucciMane|Flutter Mane, L50|100\/100\n|-enditem|p2a: GucciMane|Booster Energy\n|-activate|p2a: GucciMane|ability: Protosynthesis|[fromitem]\n|-start|p2a: GucciMane|protosynthesisspe\n|move|p1a: Ting-Lu|Sand Tomb|p2b: GastroDonCorleone\n|-damage|p2b: GastroDonCorleone|20\/100\n|-activate|p2b: GastroDonCorleone|move: Sand Tomb|[of] p1a: Ting-Lu\n|move|p2b: GastroDonCorleone|Earth Power|p1b: Garganacl\n|-damage|p1b: Garganacl|93\/100\n|move|p1b: Garganacl|Salt Cure|p2b: GastroDonCorleone\n|-resisted|p2b: GastroDonCorleone\n|-damage|p2b: GastroDonCorleone|18\/100\n|\n|-heal|p1b: Garganacl|99\/100|[from] item: Leftovers\n|-damage|p2b: GastroDonCorleone|0 fnt|[from] Salt Cure\n|faint|p2b: GastroDonCorleone\n|upkeep\n|\n|t:|1682072964\n|switch|p2b: SnarlsBarkley|Arcanine, L50, F|72\/100\n|-ability|p2b: SnarlsBarkley|Intimidate|boost\n|-unboost|p1a: Ting-Lu|atk|1\n|-unboost|p1b: Garganacl|atk|1\n|turn|8\n|\n|t:|1682072986\n|-terastallize|p2a: GucciMane|Grass\n|move|p2a: GucciMane|Energy Ball|p1a: Ting-Lu\n|-supereffective|p1a: Ting-Lu\n|-damage|p1a: Ting-Lu|38\/100\n|move|p2b: SnarlsBarkley|Close Combat|p1a: Ting-Lu\n|-supereffective|p1a: Ting-Lu\n|-crit|p1a: Ting-Lu\n|-damage|p1a: Ting-Lu|0 fnt\n|-unboost|p2b: SnarlsBarkley|def|1\n|-unboost|p2b: SnarlsBarkley|spd|1\n|faint|p1a: Ting-Lu\n|move|p1b: Garganacl|Salt Cure|p2a: GucciMane\n|-damage|p2a: GucciMane|88\/100\n|-start|p2a: GucciMane|Salt Cure\n|\n|-heal|p1b: Garganacl|100\/100|[from] item: Leftovers\n|-damage|p2a: GucciMane|76\/100|[from] Salt Cure\n|upkeep\n|\n|t:|1682073005\n|switch|p1a: Arcanine|Arcanine, L50, M|2\/100\n|-ability|p1a: Arcanine|Intimidate|boost\n|-unboost|p2a: GucciMane|atk|1\n|-unboost|p2b: SnarlsBarkley|atk|1\n|turn|9\n|\n|t:|1682073015\n|move|p1a: Arcanine|Protect|p1a: Arcanine\n|-singleturn|p1a: Arcanine|Protect\n|move|p2b: SnarlsBarkley|Extreme Speed|p1a: Arcanine\n|-activate|p1a: Arcanine|move: Protect\n|move|p2a: GucciMane|Shadow Ball|p1b: Garganacl\n|-supereffective|p1b: Garganacl\n|-damage|p1b: Garganacl|66\/100\n|move|p1b: Garganacl|Salt Cure|p2b: SnarlsBarkley\n|-supereffective|p2b: SnarlsBarkley\n|-crit|p2b: SnarlsBarkley\n|-damage|p2b: SnarlsBarkley|13\/100\n|-start|p2b: SnarlsBarkley|Salt Cure\n|\n|-heal|p1b: Garganacl|72\/100|[from] item: Leftovers\n|-damage|p2a: GucciMane|64\/100|[from] Salt Cure\n|-damage|p2b: SnarlsBarkley|1\/100|[from] Salt Cure\n|upkeep\n|turn|10\n|inactive|nvdnodn has 30 seconds left.\n|inactive|nvdnodn has 20 seconds left.\n|\n|t:|1682073051\n|move|p1a: Arcanine|Extreme Speed|p2a: GucciMane\n|-damage|p2a: GucciMane|20\/100\n|move|p2a: GucciMane|Dazzling Gleam|p1a: Arcanine|[spread] p1a,p1b\n|-resisted|p1a: Arcanine\n|-damage|p1a: Arcanine|0 fnt\n|-damage|p1b: Garganacl|49\/100\n|faint|p1a: Arcanine\n|move|p2b: SnarlsBarkley|Flare Blitz|p1b: Garganacl\n|-damage|p1b: Garganacl|27\/100\n|-damage|p2b: SnarlsBarkley|0 fnt|[from] Recoil\n|faint|p2b: SnarlsBarkley\n|move|p1b: Garganacl|Recover|p1b: Garganacl\n|-heal|p1b: Garganacl|77\/100\n|\n|-heal|p1b: Garganacl|83\/100|[from] item: Leftovers\n|-damage|p2a: GucciMane|7\/100|[from] Salt Cure\n|upkeep\n|\n|t:|1682073066\n|switch|p1a: Wo-Chien|Wo-Chien, L50|100\/100\n|-ability|p1a: Wo-Chien|Tablets of Ruin\n|turn|11\n|\n|t:|1682073073\n|move|p1b: Garganacl|Protect|p1b: Garganacl\n|-singleturn|p1b: Garganacl|Protect\n|move|p2a: GucciMane|Dazzling Gleam|p1a: Wo-Chien|[spread] p1a\n|-activate|p1b: Garganacl|move: Protect\n|-supereffective|p1a: Wo-Chien\n|-damage|p1a: Wo-Chien|63\/100\n|move|p1a: Wo-Chien|Pollen Puff|p2a: GucciMane\n|-supereffective|p2a: GucciMane\n|-damage|p2a: GucciMane|0 fnt\n|faint|p2a: GucciMane\n|-end|p2a: GucciMane|Protosynthesis|[silent]\n|\n|win|Prompto88\n|raw|Prompto88's rating: 1165 → 1188<\/strong> (+23 for winning)\n|raw|nvdnodn's rating: 1135 → 1112<\/strong> (-23 for losing)\n|l|\u2606nvdnodn\n","uploadtime":1682073086,"views":19,"p1id":"prompto88","p2id":"nvdnodn","formatid":"gen9vgc2023regulationc","rating":1112,"private":0,"password":""}