{"id":"gen9vgc2023regulationc-1844803171","p1":"bachu1st","p2":"haha u rage quit","format":"[Gen 9] VGC 2023 Regulation C","log":"|j|\u2606bachu1st\n|j|\u2606haha u rage quit\n|t:|1681650112\n|gametype|doubles\n|player|p1|bachu1st|169|1213\n|player|p2|haha u rage quit|pokemaniac|1276\n|teamsize|p1|6\n|teamsize|p2|6\n|gen|9\n|tier|[Gen 9] VGC 2023 Regulation C\n|rated|\n|rule|Species Clause: Limit one of each Pok\u00e9mon\n|rule|Item Clause: Limit one of each item\n|clearpoke\n|poke|p1|Grimmsnarl, L50, M|\n|poke|p1|Arcanine, L50, F|\n|poke|p1|Annihilape, L50, M|\n|poke|p1|Chien-Pao, L50|\n|poke|p1|Amoonguss, L50, M|\n|poke|p1|Roaring Moon, L50|\n|poke|p2|Meowscarada, L50, M|\n|poke|p2|Tatsugiri-Droopy, L50, M|\n|poke|p2|Talonflame, L50, M|\n|poke|p2|Pawmot, L50, M|\n|poke|p2|Dondozo, L50, M|\n|poke|p2|Arcanine, L50, M|\n|teampreview|4\n|inactive|Battle timer is ON: inactive players will automatically lose when time's up. (requested by bachu1st)\n|\n|t:|1681650145\n|start\n|switch|p1a: Grimmsnarl|Grimmsnarl, L50, M|100\/100\n|switch|p1b: Annihilape|Annihilape, L50, M|100\/100\n|switch|p2a: Meowscarada|Meowscarada, L50, M|100\/100\n|switch|p2b: Arcanine|Arcanine, L50, M|100\/100\n|-ability|p2b: Arcanine|Intimidate|boost\n|-unboost|p1a: Grimmsnarl|atk|1\n|-unboost|p1b: Annihilape|atk|1\n|-ability|p1b: Annihilape|Defiant|boost\n|-boost|p1b: Annihilape|atk|2\n|turn|1\n|\n|t:|1681650161\n|-terastallize|p1b: Annihilape|Fire\n|move|p1a: Grimmsnarl|Reflect|p1a: Grimmsnarl\n|-sidestart|p1: bachu1st|Reflect\n|move|p2a: Meowscarada|Play Rough|p1a: Grimmsnarl\n|-start|p2a: Meowscarada|typechange|Fairy|[from] ability: Protean\n|-supereffective|p1a: Grimmsnarl\n|-damage|p1a: Grimmsnarl|39\/100\n|move|p2b: Arcanine|Iron Head|p1a: Grimmsnarl\n|-supereffective|p1a: Grimmsnarl\n|-damage|p1a: Grimmsnarl|0 fnt\n|faint|p1a: Grimmsnarl\n|-damage|p2b: Arcanine|91\/100|[from] item: Life Orb\n|move|p1b: Annihilape|Bulk Up|p1b: Annihilape\n|-boost|p1b: Annihilape|atk|1\n|-boost|p1b: Annihilape|def|1\n|\n|upkeep\n|inactive|bachu1st has 30 seconds left.\n|\n|t:|1681650186\n|switch|p1a: Arcanine|Arcanine, L50, F|100\/100\n|-ability|p1a: Arcanine|Intimidate|boost\n|-unboost|p2a: Meowscarada|atk|1\n|-unboost|p2b: Arcanine|atk|1\n|turn|2\n|\n|t:|1681650202\n|switch|p2a: Tatsugiri|Tatsugiri-Droopy, L50, M|100\/100\n|switch|p2b: Dondozo|Dondozo, L50, M|100\/100\n|-activate|p2a: Tatsugiri|ability: Commander|[of] p2b: Dondozo\n|-boost|p2b: Dondozo|atk|2\n|-boost|p2b: Dondozo|spa|2\n|-boost|p2b: Dondozo|spe|2\n|-boost|p2b: Dondozo|def|2\n|-boost|p2b: Dondozo|spd|2\n|move|p1a: Arcanine|Will-O-Wisp|p2a: Tatsugiri|[miss]\n|-miss|p1a: Arcanine|p2a: Tatsugiri\n|move|p1b: Annihilape|Drain Punch|p2b: Dondozo\n|-damage|p2b: Dondozo|76\/100\n|\n|upkeep\n|turn|3\n|\n|t:|1681650222\n|move|p1b: Annihilape|Protect|p1b: Annihilape\n|-singleturn|p1b: Annihilape|Protect\n|move|p2b: Dondozo|Wave Crash|p1a: Arcanine\n|-supereffective|p1a: Arcanine\n|-damage|p1a: Arcanine|0 fnt\n|faint|p1a: Arcanine\n|-damage|p2b: Dondozo|47\/100|[from] Recoil\n|\n|upkeep\n|\n|t:|1681650232\n|switch|p1a: Amoonguss|Amoonguss, L50, M|100\/100\n|turn|4\n|\n|t:|1681650246\n|-terastallize|p2b: Dondozo|Grass\n|move|p1a: Amoonguss|Rage Powder|p1a: Amoonguss\n|-singleturn|p1a: Amoonguss|move: Rage Powder\n|move|p2b: Dondozo|Wave Crash|p1b: Annihilape\n|-supereffective|p1b: Annihilape\n|-damage|p1b: Annihilape|12\/100\n|-damage|p2b: Dondozo|20\/100|[from] Recoil\n|move|p1b: Annihilape|Bulk Up|p1b: Annihilape\n|-boost|p1b: Annihilape|atk|1\n|-boost|p1b: Annihilape|def|1\n|\n|-heal|p1b: Annihilape|18\/100|[from] item: Leftovers\n|upkeep\n|turn|5\n|\n|t:|1681650264\n|move|p1b: Annihilape|Protect|p1b: Annihilape\n|-singleturn|p1b: Annihilape|Protect\n|move|p2b: Dondozo|Rest|p2b: Dondozo\n|-status|p2b: Dondozo|slp|[from] move: Rest\n|-heal|p2b: Dondozo|100\/100 slp|[silent]\n|-enditem|p2b: Dondozo|Chesto Berry|[eat]\n|-curestatus|p2b: Dondozo|slp|[msg]\n|move|p1a: Amoonguss|Pollen Puff|p2b: Dondozo\n|-supereffective|p2b: Dondozo\n|-crit|p2b: Dondozo\n|-damage|p2b: Dondozo|36\/100\n|\n|-heal|p1b: Annihilape|24\/100|[from] item: Leftovers\n|upkeep\n|turn|6\n|inactive|bachu1st has 30 seconds left.\n|inactive|bachu1st has 20 seconds left.\n|inactive|bachu1st has 15 seconds left.\n|\n|t:|1681650304\n|move|p1b: Annihilape|Protect|p1b: Annihilape\n|-singleturn|p1b: Annihilape|Protect\n|move|p2b: Dondozo|Wave Crash|p1b: Annihilape\n|-activate|p1b: Annihilape|move: Protect\n|move|p1a: Amoonguss|Pollen Puff|p2b: Dondozo\n|-supereffective|p2b: Dondozo\n|-damage|p2b: Dondozo|16\/100\n|\n|-heal|p1b: Annihilape|30\/100|[from] item: Leftovers\n|upkeep\n|turn|7\n|\n|t:|1681650325\n|move|p2b: Dondozo|Wave Crash|p1b: Annihilape\n|-supereffective|p1b: Annihilape\n|-crit|p1b: Annihilape\n|-damage|p1b: Annihilape|0 fnt\n|faint|p1b: Annihilape\n|-damage|p2b: Dondozo|7\/100|[from] Recoil\n|move|p1a: Amoonguss|Pollen Puff|p1: Annihilape|[notarget]\n|-fail|p1a: Amoonguss\n|\n|upkeep\n|turn|8\n|-message|bachu1st forfeited.\n|\n|win|haha u rage quit\n|raw|bachu1st's rating: 1213 → 1192<\/strong> (-21 for losing)\n|raw|haha u rage quit's rating: 1276 → 1297<\/strong> (+21 for winning)\n|l|\u2606bachu1st\n","uploadtime":1681650346,"views":8,"p1id":"bachu1st","p2id":"hahauragequit","formatid":"gen9vgc2023regulationc","rating":1192,"private":0,"password":""}