{"id":"gen9vgc2023regulationc-1847343751","p1":"yarettores","p2":"Hactorgv_128","format":"[Gen 9] VGC 2023 Regulation C","log":"|j|\u2606yarettores\n|j|\u2606Hactorgv_128\n|t:|1681940543\n|gametype|doubles\n|player|p1|yarettores|shadowtriad|1077\n|player|p2|Hactorgv_128|bruno|1097\n|teamsize|p1|6\n|teamsize|p2|6\n|gen|9\n|tier|[Gen 9] VGC 2023 Regulation C\n|rated|\n|rule|Species Clause: Limit one of each Pok\u00e9mon\n|rule|Item Clause: Limit one of each item\n|clearpoke\n|poke|p1|Garganacl, L50, F|\n|poke|p1|Baxcalibur, L50, M|\n|poke|p1|Kingambit, L50, M|\n|poke|p1|Chi-Yu, L50|\n|poke|p1|Flutter Mane, L50|\n|poke|p1|Eiscue, L50, F|\n|poke|p2|Zangoose, L50, M|\n|poke|p2|Indeedee-F, L50, F|\n|poke|p2|Ting-Lu, L50|\n|poke|p2|Azumarill, L50, M|\n|poke|p2|Gengar, L50, M|\n|poke|p2|Bellibolt, L50, F|\n|teampreview|4\n|inactive|Battle timer is ON: inactive players will automatically lose when time's up. (requested by Hactorgv_128)\n|inactive|yarettores also wants the timer to be on.\n|inactive|Hactorgv_128 has 60 seconds left.\n|\n|t:|1681940590\n|start\n|switch|p1a: Garganacl|Garganacl, L50, F|100\/100\n|switch|p1b: Flutter Mane|Flutter Mane, L50|100\/100\n|switch|p2a: Ting-Lu|Ting-Lu, L50|100\/100\n|switch|p2b: Bellibolt|Bellibolt, L50, F|100\/100\n|-ability|p2a: Ting-Lu|Vessel of Ruin\n|-enditem|p1b: Flutter Mane|Booster Energy\n|-activate|p1b: Flutter Mane|ability: Protosynthesis|[fromitem]\n|-start|p1b: Flutter Mane|protosynthesisspe\n|turn|1\n|inactive|yarettores has 30 seconds left.\n|\n|t:|1681940617\n|move|p1a: Garganacl|Wide Guard|p1a: Garganacl\n|-singleturn|p1a: Garganacl|Wide Guard\n|move|p1b: Flutter Mane|Psyshock|p2b: Bellibolt\n|-damage|p2b: Bellibolt|81\/100\n|-start|p2b: Bellibolt|Charge|Psyshock|[from] ability: Electromorphosis\n|move|p2b: Bellibolt|Light Screen|p2b: Bellibolt\n|-sidestart|p2: Hactorgv_128|move: Light Screen\n|move|p2a: Ting-Lu|Stealth Rock|p1b: Flutter Mane\n|-sidestart|p1: yarettores|move: Stealth Rock\n|\n|upkeep\n|turn|2\n|\n|t:|1681940632\n|move|p1b: Flutter Mane|Power Gem|p2b: Bellibolt\n|-damage|p2b: Bellibolt|68\/100\n|-start|p2b: Bellibolt|Charge|Power Gem|[from] ability: Electromorphosis\n|move|p2a: Ting-Lu|Spikes|p1b: Flutter Mane\n|-sidestart|p1: yarettores|Spikes\n|move|p2b: Bellibolt|Reflect|p2b: Bellibolt\n|-sidestart|p2: Hactorgv_128|Reflect\n|move|p1a: Garganacl|Salt Cure|p2b: Bellibolt\n|-damage|p2b: Bellibolt|59\/100\n|-start|p2b: Bellibolt|Salt Cure\n|-start|p2b: Bellibolt|Charge|Salt Cure|[from] ability: Electromorphosis\n|\n|-damage|p2b: Bellibolt|47\/100|[from] Salt Cure\n|upkeep\n|turn|3\n|\n|t:|1681940647\n|move|p1b: Flutter Mane|Power Gem|p2b: Bellibolt\n|-damage|p2b: Bellibolt|34\/100\n|-start|p2b: Bellibolt|Charge|Power Gem|[from] ability: Electromorphosis\n|move|p2b: Bellibolt|Muddy Water|p1a: Garganacl|[spread] p1a,p1b\n|-supereffective|p1a: Garganacl\n|-damage|p1a: Garganacl|71\/100\n|-damage|p1b: Flutter Mane|81\/100\n|move|p2a: Ting-Lu|Heavy Slam|p1b: Flutter Mane\n|-supereffective|p1b: Flutter Mane\n|-damage|p1b: Flutter Mane|0 fnt\n|faint|p1b: Flutter Mane\n|-end|p1b: Flutter Mane|Protosynthesis|[silent]\n|move|p1a: Garganacl|Salt Cure|p2a: Ting-Lu\n|-resisted|p2a: Ting-Lu\n|-damage|p2a: Ting-Lu|98\/100\n|-start|p2a: Ting-Lu|Salt Cure\n|\n|-heal|p2a: Ting-Lu|100\/100|[from] item: Leftovers\n|-damage|p2b: Bellibolt|22\/100|[from] Salt Cure\n|-damage|p2a: Ting-Lu|88\/100|[from] Salt Cure\n|upkeep\n|\n|t:|1681940662\n|switch|p1b: Kingambit|Kingambit, L50, M|100\/100\n|-damage|p1b: Kingambit|95\/100|[from] Stealth Rock\n|-damage|p1b: Kingambit|83\/100|[from] Spikes\n|-activate|p1b: Kingambit|ability: Supreme Overlord\n|-start|p1b: Kingambit|fallen1|[silent]\n|turn|4\n|\n|t:|1681940672\n|move|p1b: Kingambit|Low Kick|p2a: Ting-Lu\n|-supereffective|p2a: Ting-Lu\n|-damage|p2a: Ting-Lu|47\/100\n|move|p2b: Bellibolt|Parabolic Charge|p1a: Garganacl|[spread] p1a,p1b\n|-immune|p2a: Ting-Lu\n|-damage|p1a: Garganacl|41\/100\n|-heal|p2b: Bellibolt|36\/100|[from] drain|[of] p1a: Garganacl\n|-damage|p1b: Kingambit|60\/100\n|-heal|p2b: Bellibolt|47\/100|[from] drain|[of] p1b: Kingambit\n|-end|p2b: Bellibolt|Charge|[silent]\n|move|p2a: Ting-Lu|Stomping Tantrum|p1b: Kingambit\n|-supereffective|p1b: Kingambit\n|-damage|p1b: Kingambit|4\/100\n|move|p1a: Garganacl|Salt Cure|p2a: Ting-Lu\n|-resisted|p2a: Ting-Lu\n|-damage|p2a: Ting-Lu|44\/100\n|\n|-heal|p2a: Ting-Lu|50\/100|[from] item: Leftovers\n|-damage|p2b: Bellibolt|35\/100|[from] Salt Cure\n|-damage|p2a: Ting-Lu|38\/100|[from] Salt Cure\n|upkeep\n|turn|5\n|\n|t:|1681940693\n|move|p1b: Kingambit|Low Kick|p2a: Ting-Lu\n|-supereffective|p2a: Ting-Lu\n|-crit|p2a: Ting-Lu\n|-damage|p2a: Ting-Lu|0 fnt\n|faint|p2a: Ting-Lu\n|move|p2b: Bellibolt|Parabolic Charge|p1a: Garganacl|[spread] p1a,p1b\n|-damage|p1a: Garganacl|21\/100\n|-heal|p2b: Bellibolt|44\/100|[from] drain|[of] p1a: Garganacl\n|-damage|p1b: Kingambit|0 fnt\n|-heal|p2b: Bellibolt|46\/100|[from] drain|[of] p1b: Kingambit\n|faint|p1b: Kingambit\n|-end|p1b: Kingambit|fallen1|[silent]\n|move|p1a: Garganacl|Recover|p1a: Garganacl\n|-heal|p1a: Garganacl|71\/100\n|\n|-damage|p2b: Bellibolt|34\/100|[from] Salt Cure\n|upkeep\n|\n|t:|1681940708\n|switch|p1b: Chi-Yu|Chi-Yu, L50|100\/100\n|switch|p2a: Azumarill|Azumarill, L50, M|100\/100\n|-damage|p1b: Chi-Yu|76\/100|[from] Stealth Rock\n|-damage|p1b: Chi-Yu|64\/100|[from] Spikes\n|-ability|p1b: Chi-Yu|Beads of Ruin\n|turn|6\n|\n|t:|1681940723\n|-terastallize|p1b: Chi-Yu|Water\n|move|p1b: Chi-Yu|Nasty Plot|p1b: Chi-Yu\n|-boost|p1b: Chi-Yu|spa|2\n|move|p2a: Azumarill|Belly Drum|p2a: Azumarill\n|-damage|p2a: Azumarill|50\/100\n|-setboost|p2a: Azumarill|atk|6|[from] move: Belly Drum\n|-enditem|p2a: Azumarill|Sitrus Berry|[eat]\n|-heal|p2a: Azumarill|75\/100|[from] item: Sitrus Berry\n|move|p2b: Bellibolt|Muddy Water|p1a: Garganacl|[spread] p1a,p1b\n|-supereffective|p1a: Garganacl\n|-resisted|p1b: Chi-Yu\n|-damage|p1a: Garganacl|20\/100\n|-damage|p1b: Chi-Yu|51\/100\n|move|p1a: Garganacl|Salt Cure|p2a: Azumarill\n|-damage|p2a: Azumarill|65\/100\n|-start|p2a: Azumarill|Salt Cure\n|\n|-damage|p2a: Azumarill|40\/100|[from] Salt Cure\n|-damage|p2b: Bellibolt|22\/100|[from] Salt Cure\n|upkeep\n|turn|7\n|\n|t:|1681940747\n|move|p1b: Chi-Yu|Heat Wave|p2a: Azumarill|[spread] p2b\n|-miss|p1b: Chi-Yu|p2a: Azumarill\n|-damage|p2b: Bellibolt|0 fnt\n|faint|p2b: Bellibolt\n|move|p2a: Azumarill|Brick Break|p1a: Garganacl\n|-supereffective|p1a: Garganacl\n|-damage|p1a: Garganacl|0 fnt\n|faint|p1a: Garganacl\n|\n|-damage|p2a: Azumarill|15\/100|[from] Salt Cure\n|upkeep\n|\n|t:|1681940753\n|switch|p2b: Zangoose|Zangoose, L50, M|100\/100\n|turn|8\n|\n|t:|1681940761\n|-terastallize|p2b: Zangoose|Ghost\n|move|p1b: Chi-Yu|Heat Wave|p2a: Azumarill|[spread] p2a,p2b\n|-resisted|p2a: Azumarill\n|-damage|p2a: Azumarill|0 fnt\n|-damage|p2b: Zangoose|0 fnt\n|faint|p2a: Azumarill\n|faint|p2b: Zangoose\n|\n|win|yarettores\n|raw|yarettores's rating: 1077 → 1107<\/strong> (+30 for winning)\n|raw|Hactorgv_128's rating: 1097 → 1071<\/strong> (-26 for losing)\n|l|\u2606Hactorgv_128\n","uploadtime":1681940775,"views":5,"p1id":"yarettores","p2id":"hactorgv128","formatid":"gen9vgc2023regulationc","rating":1071,"private":0,"password":""}