{"id":"gen9vgc2023regulationc-1860096304","p1":"Maywind","p2":"defofarc","format":"[Gen 9] VGC 2023 Regulation C","log":"|j|\u2606Maywind\n|j|\u2606defofarc\n|t:|1683594748\n|gametype|doubles\n|player|p1|Maywind|102|1374\n|player|p2|defofarc|dawn|1427\n|teamsize|p1|6\n|teamsize|p2|6\n|gen|9\n|tier|[Gen 9] VGC 2023 Regulation C\n|rated|\n|rule|Species Clause: Limit one of each Pok\u00e9mon\n|rule|Item Clause: Limit one of each item\n|clearpoke\n|poke|p1|Palafin, L50, M|\n|poke|p1|Arcanine, L50, F|\n|poke|p1|Amoonguss, L50, F|\n|poke|p1|Ting-Lu, L50|\n|poke|p1|Baxcalibur, L50, F|\n|poke|p1|Flutter Mane, L50|\n|poke|p2|Scream Tail, L50|\n|poke|p2|Flutter Mane, L50|\n|poke|p2|Ting-Lu, L50|\n|poke|p2|Gyarados, L50, F|\n|poke|p2|Corviknight, L50, F|\n|poke|p2|Iron Hands, L50|\n|teampreview|4\n|\n|t:|1683594802\n|start\n|switch|p1a: Baxcalibur|Baxcalibur, L50, F|100\/100\n|switch|p1b: Flutter Mane|Flutter Mane, L50|100\/100\n|switch|p2a: Scream Tail|Scream Tail, L50|100\/100\n|switch|p2b: Gyarados|Gyarados, L50, F|100\/100\n|-ability|p2b: Gyarados|Intimidate|boost\n|-fail|p1a: Baxcalibur|unboost|[from] item: Clear Amulet|[of] p1a: Baxcalibur\n|-unboost|p1b: Flutter Mane|atk|1\n|-enditem|p2a: Scream Tail|Booster Energy\n|-activate|p2a: Scream Tail|ability: Protosynthesis|[fromitem]\n|-start|p2a: Scream Tail|protosynthesisspe\n|turn|1\n|\n|t:|1683594823\n|move|p2a: Scream Tail|Thunder Wave|p1b: Flutter Mane\n|-status|p1b: Flutter Mane|par\n|move|p1a: Baxcalibur|Icicle Crash|p2a: Scream Tail|[miss]\n|-miss|p1a: Baxcalibur|p2a: Scream Tail\n|move|p2b: Gyarados|Thunder Wave|p1a: Baxcalibur\n|-status|p1a: Baxcalibur|par\n|cant|p1b: Flutter Mane|par\n|\n|upkeep\n|turn|2\n|\n|t:|1683594845\n|move|p2a: Scream Tail|Play Rough|p1b: Flutter Mane\n|-damage|p1b: Flutter Mane|69\/100 par\n|move|p2b: Gyarados|Waterfall|p1b: Flutter Mane\n|-damage|p1b: Flutter Mane|23\/100 par\n|move|p1b: Flutter Mane|Thunderbolt|p2b: Gyarados\n|-supereffective|p2b: Gyarados\n|-crit|p2b: Gyarados\n|-damage|p2b: Gyarados|0 fnt\n|faint|p2b: Gyarados\n|move|p1a: Baxcalibur|Icicle Crash|p2a: Scream Tail\n|-damage|p2a: Scream Tail|62\/100\n|\n|upkeep\n|\n|t:|1683594859\n|switch|p2b: Iron Hands|Iron Hands, L50|100\/100\n|turn|3\n|\n|t:|1683594869\n|-end|p1b: Flutter Mane|Protosynthesis|[silent]\n|switch|p1b: Arcanine|Arcanine, L50, F|100\/100\n|-ability|p1b: Arcanine|Intimidate|boost\n|-unboost|p2a: Scream Tail|atk|1\n|-unboost|p2b: Iron Hands|atk|1\n|move|p2a: Scream Tail|Play Rough|p1b: Arcanine\n|-resisted|p1b: Arcanine\n|-damage|p1b: Arcanine|94\/100\n|move|p2b: Iron Hands|Drain Punch|p1a: Baxcalibur\n|-supereffective|p1a: Baxcalibur\n|-damage|p1a: Baxcalibur|44\/100 par\n|move|p1a: Baxcalibur|Glaive Rush|p2b: Iron Hands\n|-damage|p2b: Iron Hands|47\/100\n|-singlemove|p1a: Baxcalibur|Glaive Rush|[silent]\n|\n|upkeep\n|turn|4\n|\n|t:|1683594898\n|switch|p1a: Amoonguss|Amoonguss, L50, F|100\/100\n|move|p2a: Scream Tail|Misty Terrain|p2a: Scream Tail\n|-fieldstart|move: Misty Terrain\n|move|p1b: Arcanine|Will-O-Wisp|p2b: Iron Hands\n|-activate|p2b: Iron Hands|move: Misty Terrain\n|move|p2b: Iron Hands|Drain Punch|p1b: Arcanine\n|-damage|p1b: Arcanine|60\/100\n|-heal|p2b: Iron Hands|61\/100|[from] drain|[of] p1b: Arcanine\n|\n|upkeep\n|turn|5\n|\n|t:|1683594916\n|move|p2a: Scream Tail|Howl|p2a: Scream Tail|[spread] p2a,p2b\n|-boost|p2a: Scream Tail|atk|1\n|-boost|p2b: Iron Hands|atk|1\n|move|p1b: Arcanine|Howl|p1b: Arcanine|[spread] p1a,p1b\n|-boost|p1a: Amoonguss|atk|1\n|-boost|p1b: Arcanine|atk|1\n|move|p2b: Iron Hands|Thunder Punch|p1b: Arcanine\n|-damage|p1b: Arcanine|13\/100\n|move|p1a: Amoonguss|Pollen Puff|p1b: Arcanine\n|-heal|p1b: Arcanine|63\/100\n|\n|upkeep\n|turn|6\n|\n|t:|1683594939\n|move|p1a: Amoonguss|Rage Powder|p1a: Amoonguss\n|-singleturn|p1a: Amoonguss|move: Rage Powder\n|move|p2a: Scream Tail|Howl|p2a: Scream Tail|[spread] p2a,p2b\n|-boost|p2a: Scream Tail|atk|1\n|-boost|p2b: Iron Hands|atk|1\n|move|p1b: Arcanine|Flare Blitz|p2a: Scream Tail\n|-damage|p2a: Scream Tail|9\/100\n|-damage|p1b: Arcanine|43\/100|[from] Recoil\n|move|p2b: Iron Hands|Drain Punch|p1a: Amoonguss\n|-resisted|p1a: Amoonguss\n|-damage|p1a: Amoonguss|70\/100\n|-heal|p2b: Iron Hands|75\/100|[from] drain|[of] p1a: Amoonguss\n|\n|upkeep\n|turn|7\n|\n|t:|1683594959\n|-end|p2b: Iron Hands|Quark Drive|[silent]\n|switch|p2b: Ting-Lu|Ting-Lu, L50|100\/100\n|-ability|p2b: Ting-Lu|Vessel of Ruin\n|move|p1a: Amoonguss|Rage Powder|p1a: Amoonguss\n|-singleturn|p1a: Amoonguss|move: Rage Powder\n|move|p2a: Scream Tail|Howl|p2a: Scream Tail|[spread] p2a,p2b\n|-boost|p2a: Scream Tail|atk|1\n|-boost|p2b: Ting-Lu|atk|1\n|move|p1b: Arcanine|Flare Blitz|p2a: Scream Tail\n|-damage|p2a: Scream Tail|0 fnt\n|faint|p2a: Scream Tail\n|-end|p2a: Scream Tail|Protosynthesis|[silent]\n|-damage|p1b: Arcanine|40\/100|[from] Recoil\n|\n|upkeep\n|\n|t:|1683594971\n|switch|p2a: Iron Hands|Iron Hands, L50|75\/100\n|turn|8\n|\n|t:|1683595014\n|switch|p1a: Flutter Mane|Flutter Mane, L50|23\/100 par\n|move|p1b: Arcanine|Protect|p1b: Arcanine\n|-singleturn|p1b: Arcanine|Protect\n|move|p2a: Iron Hands|Fake Out|p1b: Arcanine\n|-activate|p1b: Arcanine|move: Protect\n|move|p2b: Ting-Lu|Earthquake|p1a: Flutter Mane|[spread] p2a,p1a\n|-activate|p1b: Arcanine|move: Protect\n|-supereffective|p2a: Iron Hands\n|-damage|p2a: Iron Hands|6\/100\n|-damage|p1a: Flutter Mane|0 fnt\n|faint|p1a: Flutter Mane\n|-end|p1a: Flutter Mane|Protosynthesis|[silent]\n|\n|-fieldend|Misty Terrain\n|upkeep\n|\n|t:|1683595030\n|switch|p1a: Baxcalibur|Baxcalibur, L50, F|44\/100 par\n|turn|9\n|\n|t:|1683595044\n|switch|p1b: Amoonguss|Amoonguss, L50, F|100\/100\n|move|p1a: Baxcalibur|Ice Shard|p2a: Iron Hands\n|-damage|p2a: Iron Hands|0 fnt\n|faint|p2a: Iron Hands\n|-end|p2a: Iron Hands|Quark Drive|[silent]\n|move|p2b: Ting-Lu|Earthquake|p1b: Amoonguss|[spread] p1a,p1b\n|-damage|p1a: Baxcalibur|0 fnt\n|-damage|p1b: Amoonguss|60\/100\n|faint|p1a: Baxcalibur\n|\n|upkeep\n|\n|t:|1683595055\n|switch|p1a: Arcanine|Arcanine, L50, F|40\/100\n|-ability|p1a: Arcanine|Intimidate|boost\n|-fail|p2b: Ting-Lu|unboost|[from] item: Clear Amulet|[of] p2b: Ting-Lu\n|turn|10\n|\n|t:|1683595066\n|-terastallize|p1a: Arcanine|Flying\n|-terastallize|p2b: Ting-Lu|Water\n|move|p1a: Arcanine|Will-O-Wisp|p2b: Ting-Lu\n|-status|p2b: Ting-Lu|brn\n|move|p2b: Ting-Lu|Earthquake|p1a: Arcanine|[spread] p1b\n|-immune|p1a: Arcanine\n|-damage|p1b: Amoonguss|41\/100\n|-enditem|p1b: Amoonguss|Sitrus Berry|[eat]\n|-heal|p1b: Amoonguss|65\/100|[from] item: Sitrus Berry\n|move|p1b: Amoonguss|Pollen Puff|p1a: Arcanine\n|-heal|p1a: Arcanine|90\/100\n|\n|-damage|p2b: Ting-Lu|94\/100 brn|[from] brn\n|upkeep\n|turn|11\n|\n|t:|1683595099\n|move|p1a: Arcanine|Flare Blitz|p2b: Ting-Lu\n|-resisted|p2b: Ting-Lu\n|-damage|p2b: Ting-Lu|83\/100 brn\n|-damage|p1a: Arcanine|85\/100|[from] Recoil\n|move|p2b: Ting-Lu|Fissure|p1b: Amoonguss|[miss]\n|-miss|p2b: Ting-Lu|p1b: Amoonguss\n|move|p1b: Amoonguss|Clear Smog|p2b: Ting-Lu\n|-damage|p2b: Ting-Lu|72\/100 brn\n|-clearboost|p2b: Ting-Lu\n|\n|-damage|p2b: Ting-Lu|66\/100 brn|[from] brn\n|upkeep\n|turn|12\n|-message|defofarc forfeited.\n|\n|win|Maywind\n|raw|Maywind's rating: 1374 → 1397<\/strong> (+23 for winning)\n|raw|defofarc's rating: 1427 → 1404<\/strong> (-23 for losing)\n|l|\u2606defofarc\n","uploadtime":1683595126,"views":12,"p1id":"maywind","p2id":"defofarc","formatid":"gen9vgc2023regulationc","rating":1397,"private":0,"password":""}