{"id":"gen9vgc2023regulationc-1857204621","p1":"rudyxkam","p2":"TranquEll","format":"[Gen 9] VGC 2023 Regulation C","log":"|j|\u2606rudyxkam\n|j|\u2606TranquEll\n|t:|1683157704\n|gametype|doubles\n|player|p1|rudyxkam|gardenia|1082\n|player|p2|TranquEll|hilbert-wonderlauncher|1147\n|teamsize|p1|6\n|teamsize|p2|6\n|gen|9\n|tier|[Gen 9] VGC 2023 Regulation C\n|rated|\n|rule|Species Clause: Limit one of each Pok\u00e9mon\n|rule|Item Clause: Limit one of each item\n|clearpoke\n|poke|p1|Gyarados, L50, F|\n|poke|p1|Talonflame, L50, M|\n|poke|p1|Baxcalibur, L50, F|\n|poke|p1|Corviknight, L50, M|\n|poke|p1|Ting-Lu, L50|\n|poke|p1|Flutter Mane, L50|\n|poke|p2|Corviknight, L50, F|\n|poke|p2|Chi-Yu, L50|\n|poke|p2|Iron Valiant, L50|\n|poke|p2|Salamence, L50, M|\n|poke|p2|Rotom-Wash, L50|\n|poke|p2|Abomasnow, L50, M|\n|teampreview|4\n|inactive|Battle timer is ON: inactive players will automatically lose when time's up. (requested by rudyxkam)\nrudyxkam has agreed to open team sheets.\nTranquEll has agreed to open team sheets.\n|inactive|rudyxkam has 60 seconds left.\n|inactive|TranquEll has 60 seconds left.\n|inactive|rudyxkam has 30 seconds left.\n|inactive|TranquEll has 30 seconds left.\n|inactive|rudyxkam has 20 seconds left.\n|inactive|rudyxkam has 15 seconds left.\n|inactive|rudyxkam has 10 seconds left.\n|inactive|rudyxkam has 5 seconds left.\n|\n|t:|1683157792\n|start\n|switch|p1a: Sker|Ting-Lu, L50|100\/100\n|switch|p1b: T. Gojira|Baxcalibur, L50, F, shiny|100\/100\n|switch|p2a: Corviknight|Corviknight, L50, F|100\/100\n|switch|p2b: Rotom|Rotom-Wash, L50|100\/100\n|-ability|p1a: Sker|Vessel of Ruin\n|turn|1\n|inactive|rudyxkam has 30 seconds left.\n|inactive|TranquEll has 30 seconds left.\n|inactive|rudyxkam has 20 seconds left.\n|inactive|TranquEll has 20 seconds left.\n|inactive|TranquEll has 15 seconds left.\n|inactive|TranquEll has 10 seconds left.\n|inactive|TranquEll has 5 seconds left.\n|\n|t:|1683157846\n|-terastallize|p1a: Sker|Fairy\n|move|p2b: Rotom|Hydro Pump|p1a: Sker\n|-damage|p1a: Sker|80\/100\n|-damage|p2b: Rotom|91\/100|[from] item: Life Orb\n|move|p1b: T. Gojira|Icicle Crash|p2a: Corviknight\n|-crit|p2a: Corviknight\n|-damage|p2a: Corviknight|55\/100\n|move|p2a: Corviknight|Iron Head|p1b: T. Gojira\n|-supereffective|p1b: T. Gojira\n|-damage|p1b: T. Gojira|52\/100\n|move|p1a: Sker|Heavy Slam|p2a: Corviknight\n|-resisted|p2a: Corviknight\n|-damage|p2a: Corviknight|45\/100\n|\n|-heal|p2a: Corviknight|51\/100|[from] item: Leftovers\n|upkeep\n|turn|2\n|inactive|rudyxkam has 30 seconds left.\n|inactive|TranquEll has 30 seconds left.\n|inactive|rudyxkam has 20 seconds left.\n|inactive|TranquEll has 20 seconds left.\n|inactive|rudyxkam has 15 seconds left.\n|inactive|TranquEll has 15 seconds left.\n|inactive|rudyxkam has 10 seconds left.\n|inactive|TranquEll has 10 seconds left.\n|inactive|rudyxkam has 5 seconds left.\n|\n|t:|1683157897\n|switch|p1b: Gigan|Corviknight, L50, M, shiny|100\/100\n|move|p2b: Rotom|Shadow Ball|p1b: Gigan\n|-damage|p1b: Gigan|81\/100\n|-ability|p1b: Gigan|Mirror Armor\n|-unboost|p2b: Rotom|spd|1\n|-damage|p2b: Rotom|81\/100|[from] item: Life Orb\n|move|p2a: Corviknight|Tailwind|p2a: Corviknight\n|-sidestart|p2: TranquEll|move: Tailwind\n|move|p1a: Sker|Ruination|p2b: Rotom\n|-damage|p2b: Rotom|41\/100\n|\n|-heal|p2a: Corviknight|57\/100|[from] item: Leftovers\n|upkeep\n|turn|3\n|inactive|rudyxkam has 30 seconds left.\n|inactive|TranquEll has 30 seconds left.\n|inactive|rudyxkam has 20 seconds left.\n|inactive|TranquEll has 20 seconds left.\n|inactive|rudyxkam has 15 seconds left.\n|inactive|TranquEll has 15 seconds left.\n|inactive|rudyxkam has 10 seconds left.\n|\n|t:|1683157944\n|switch|p1b: T. Gojira|Baxcalibur, L50, F, shiny|52\/100\n|-terastallize|p2b: Rotom|Electric\n|move|p2b: Rotom|Thunderbolt|p1b: T. Gojira\n|-resisted|p1b: T. Gojira\n|-damage|p1b: T. Gojira|30\/100\n|-damage|p2b: Rotom|32\/100|[from] item: Life Orb\n|move|p2a: Corviknight|Body Press|p1a: Sker\n|-resisted|p1a: Sker\n|-damage|p1a: Sker|74\/100\n|move|p1a: Sker|Ruination|p2a: Corviknight\n|-damage|p2a: Corviknight|29\/100\n|\n|-heal|p2a: Corviknight|35\/100|[from] item: Leftovers\n|upkeep\n|turn|4\n|inactive|rudyxkam has 30 seconds left.\n|inactive|TranquEll has 30 seconds left.\n|inactive|rudyxkam has 20 seconds left.\n|\n|t:|1683157980\n|move|p1b: T. Gojira|Protect|p1b: T. Gojira\n|-singleturn|p1b: T. Gojira|Protect\n|move|p2b: Rotom|Shadow Ball|p1b: T. Gojira\n|-activate|p1b: T. Gojira|move: Protect\n|move|p2a: Corviknight|Iron Head|p1b: T. Gojira\n|-activate|p1b: T. Gojira|move: Protect\n|move|p1a: Sker|Ruination|p2a: Corviknight\n|-damage|p2a: Corviknight|18\/100\n|\n|-heal|p2a: Corviknight|23\/100|[from] item: Leftovers\n|upkeep\n|turn|5\n|inactive|TranquEll has 30 seconds left.\n|inactive|TranquEll has 20 seconds left.\n|inactive|TranquEll has 15 seconds left.\n|\n|t:|1683158023\n|switch|p2a: Abomasnow|Abomasnow, L50, M|100\/100\n|-weather|Snow|[from] ability: Snow Warning|[of] p2a: Abomasnow\n|switch|p1b: Gigan|Corviknight, L50, M, shiny|81\/100\n|switch|p1a: Rodan|Talonflame, L50, M, shiny|100\/100\n|move|p2b: Rotom|Shadow Ball|p1b: Gigan\n|-damage|p1b: Gigan|53\/100\n|-ability|p1b: Gigan|Mirror Armor\n|-unboost|p2b: Rotom|spd|1\n|-damage|p2b: Rotom|22\/100|[from] item: Life Orb\n|\n|-weather|Snow|[upkeep]\n|-sideend|p2: TranquEll|move: Tailwind\n|upkeep\n|turn|6\n|inactive|TranquEll has 30 seconds left.\n|\n|t:|1683158055\n|move|p2a: Abomasnow|Protect|p2a: Abomasnow\n|-singleturn|p2a: Abomasnow|Protect\n|move|p1a: Rodan|Taunt|p2a: Abomasnow\n|-activate|p2a: Abomasnow|move: Protect\n|move|p2b: Rotom|Thunderbolt|p1a: Rodan\n|-supereffective|p1a: Rodan\n|-damage|p1a: Rodan|0 fnt\n|faint|p1a: Rodan\n|-damage|p2b: Rotom|12\/100|[from] item: Life Orb\n|move|p1b: Gigan|Body Press|p2b: Rotom\n|-damage|p2b: Rotom|0 fnt\n|faint|p2b: Rotom\n|\n|-weather|Snow|[upkeep]\n|upkeep\n|\n|t:|1683158080\n|switch|p1a: T. Gojira|Baxcalibur, L50, F, shiny|30\/100\n|switch|p2b: Iron Valiant|Iron Valiant, L50|100\/100\n|-enditem|p2b: Iron Valiant|Booster Energy\n|-activate|p2b: Iron Valiant|ability: Quark Drive|[fromitem]\n|-start|p2b: Iron Valiant|quarkdrivespe\n|turn|7\n|\n|t:|1683158104\n|switch|p1a: Sker|Ting-Lu, L50, tera:Fairy|74\/100\n|-ability|p1a: Sker|Vessel of Ruin\n|move|p2b: Iron Valiant|Protect|p2b: Iron Valiant\n|-singleturn|p2b: Iron Valiant|Protect\n|move|p1b: Gigan|Brave Bird|p2b: Iron Valiant\n|-activate|p2b: Iron Valiant|move: Protect\n|move|p2a: Abomasnow|Aurora Veil|p2a: Abomasnow\n|-sidestart|p2: TranquEll|move: Aurora Veil\n|\n|-weather|Snow|[upkeep]\n|upkeep\n|turn|8\n|\n|t:|1683158125\n|move|p2b: Iron Valiant|Aura Sphere|p1b: Gigan\n|-damage|p1b: Gigan|26\/100\n|move|p1b: Gigan|Brave Bird|p2b: Iron Valiant\n|-supereffective|p2b: Iron Valiant\n|-damage|p2b: Iron Valiant|36\/100\n|-damage|p1b: Gigan|11\/100|[from] Recoil\n|move|p2a: Abomasnow|Blizzard|p1a: Sker|[spread] p1a,p1b\n|-damage|p1a: Sker|66\/100\n|-damage|p1b: Gigan|0 fnt\n|faint|p1b: Gigan\n|move|p1a: Sker|Heavy Slam|p2a: Abomasnow\n|-supereffective|p2a: Abomasnow\n|-damage|p2a: Abomasnow|72\/100\n|\n|-weather|Snow|[upkeep]\n|upkeep\n|\n|t:|1683158139\n|switch|p1b: T. Gojira|Baxcalibur, L50, F, shiny|30\/100\n|turn|9\n|inactive|TranquEll has 30 seconds left.\n|\n|t:|1683158165\n|move|p2b: Iron Valiant|Protect|p2b: Iron Valiant\n|-singleturn|p2b: Iron Valiant|Protect\n|move|p1b: T. Gojira|Protect|p1b: T. Gojira\n|-singleturn|p1b: T. Gojira|Protect\n|move|p2a: Abomasnow|Blizzard|p1a: Sker|[spread] p1a\n|-activate|p1b: T. Gojira|move: Protect\n|-damage|p1a: Sker|57\/100\n|move|p1a: Sker|Heavy Slam|p2b: Iron Valiant\n|-activate|p2b: Iron Valiant|move: Protect\n|\n|-weather|none\n|upkeep\n|turn|10\n|inactive|TranquEll has 30 seconds left.\n|\n|t:|1683158199\n|move|p1b: T. Gojira|Protect|p1b: T. Gojira\n|-singleturn|p1b: T. Gojira|Protect\n|move|p2b: Iron Valiant|Aura Sphere|p1b: T. Gojira\n|-activate|p1b: T. Gojira|move: Protect\n|move|p2a: Abomasnow|Energy Ball|p1a: Sker\n|-damage|p1a: Sker|46\/100\n|move|p1a: Sker|Heavy Slam|p2b: Iron Valiant\n|-supereffective|p2b: Iron Valiant\n|-damage|p2b: Iron Valiant|0 fnt\n|faint|p2b: Iron Valiant\n|-end|p2b: Iron Valiant|Quark Drive|[silent]\n|\n|upkeep\n|c|\u2606TranquEll|gg\n|c|\u2606rudyxkam|gg\n|-message|TranquEll forfeited.\n|\n|win|rudyxkam\n|raw|rudyxkam's rating: 1082 → 1115<\/strong> (+33 for winning)\n|raw|TranquEll's rating: 1147 → 1117<\/strong> (-30 for losing)\n|l|\u2606TranquEll\n|c|\u2606rudyxkam|wait\n","uploadtime":1683158227,"views":16,"p1id":"rudyxkam","p2id":"tranquell","formatid":"gen9vgc2023regulationc","rating":1115,"private":0,"password":""}