{"id":"gen9vgc2023regulationc-1846747921","p1":"That_Leek","p2":"luckyrabbitnp","format":"[Gen 9] VGC 2023 Regulation C","log":"|j|\u2606That_Leek\n|j|\u2606luckyrabbitnp\n|t:|1681873498\n|gametype|doubles\n|player|p1|That_Leek|blue|1233\n|player|p2|luckyrabbitnp|101|1140\n|teamsize|p1|6\n|teamsize|p2|4\n|gen|9\n|tier|[Gen 9] VGC 2023 Regulation C\n|rated|\n|rule|Species Clause: Limit one of each Pok\u00e9mon\n|rule|Item Clause: Limit one of each item\n|clearpoke\n|poke|p1|Tyranitar, L50, M|\n|poke|p1|Gyarados, L50, F|\n|poke|p1|Scizor, L50, F|\n|poke|p1|Sandy Shocks, L50|\n|poke|p1|Amoonguss, L50, M|\n|poke|p1|Flutter Mane, L50|\n|poke|p2|Oranguru, L50, F|\n|poke|p2|Iron Hands, L50|\n|poke|p2|Tyranitar, L50, M|\n|poke|p2|Ceruledge, L50, M|\n|teampreview|4\nThat_Leek has agreed to open team sheets.\n|\n|t:|1681873520\n|start\n|switch|p1a: Flutter Mane|Flutter Mane, L50|100\/100\n|switch|p1b: Tyranitar|Tyranitar, L50, M|100\/100\n|switch|p2a: Tyranitar|Tyranitar, L50, M|100\/100\n|switch|p2b: Iron Hands|Iron Hands, L50|100\/100\n|-weather|Sandstorm|[from] ability: Sand Stream|[of] p1b: Tyranitar\n|-item|p2a: Tyranitar|Air Balloon\n|turn|1\n|\n|t:|1681873547\n|-terastallize|p1b: Tyranitar|Flying\n|-terastallize|p2a: Tyranitar|Grass\n|move|p2b: Iron Hands|Fake Out|p1b: Tyranitar\n|-damage|p1b: Tyranitar|87\/100\n|move|p1a: Flutter Mane|Dazzling Gleam|p2b: Iron Hands|[spread] p2a,p2b\n|-supereffective|p2b: Iron Hands\n|-damage|p2a: Tyranitar|58\/100\n|-damage|p2b: Iron Hands|21\/100\n|-enditem|p2a: Tyranitar|Air Balloon\n|-enditem|p2b: Iron Hands|Eject Button\n|\n|t:|1681873566\n|-end|p2b: Iron Hands|Quark Drive|[silent]\n|switch|p2b: Ceruledge|Ceruledge, L50, M|100\/100\n|cant|p1b: Tyranitar|flinch\n|move|p2a: Tyranitar|Focus Energy|p2a: Tyranitar\n|-start|p2a: Tyranitar|move: Focus Energy\n|\n|-weather|Sandstorm|[upkeep]\n|-damage|p1a: Flutter Mane|94\/100|[from] Sandstorm\n|-damage|p2b: Ceruledge|95\/100|[from] Sandstorm\n|-damage|p1b: Tyranitar|82\/100|[from] Sandstorm\n|-damage|p2a: Tyranitar|52\/100|[from] Sandstorm\n|upkeep\n|turn|2\n|\n|t:|1681873591\n|-end|p1a: Flutter Mane|Protosynthesis|[silent]\n|switch|p1a: Gyarados|Gyarados, L50, F|100\/100\n|-ability|p1a: Gyarados|Intimidate|boost\n|-unboost|p2a: Tyranitar|atk|1\n|-fail|p2b: Ceruledge|unboost|[from] item: Clear Amulet|[of] p2b: Ceruledge\n|switch|p2b: Iron Hands|Iron Hands, L50|21\/100\n|move|p1b: Tyranitar|Tera Blast|p2a: Tyranitar\n|-supereffective|p2a: Tyranitar\n|-damage|p2a: Tyranitar|0 fnt\n|faint|p2a: Tyranitar\n|\n|-weather|Sandstorm|[upkeep]\n|-damage|p1b: Tyranitar|76\/100|[from] Sandstorm\n|-damage|p2b: Iron Hands|15\/100|[from] Sandstorm\n|upkeep\n|\n|t:|1681873619\n|switch|p2a: Ceruledge|Ceruledge, L50, M|95\/100\n|turn|3\n|\n|t:|1681873629\n|move|p2b: Iron Hands|Fake Out|p1a: Gyarados\n|-damage|p1a: Gyarados|82\/100\n|cant|p1a: Gyarados|flinch\n|move|p2a: Ceruledge|Bulk Up|p2a: Ceruledge\n|-boost|p2a: Ceruledge|atk|1\n|-boost|p2a: Ceruledge|def|1\n|move|p1b: Tyranitar|Rock Slide|p2b: Iron Hands|[spread] p2a,p2b\n|-supereffective|p2a: Ceruledge\n|-resisted|p2b: Iron Hands\n|-damage|p2a: Ceruledge|38\/100\n|-damage|p2b: Iron Hands|3\/100\n|\n|-weather|Sandstorm|[upkeep]\n|-damage|p2a: Ceruledge|32\/100|[from] Sandstorm\n|-damage|p1b: Tyranitar|70\/100|[from] Sandstorm\n|-damage|p2b: Iron Hands|0 fnt|[from] Sandstorm\n|faint|p2b: Iron Hands\n|-end|p2b: Iron Hands|Quark Drive|[silent]\n|upkeep\n|\n|t:|1681873646\n|switch|p2b: Oranguru|Oranguru, L50, F|100\/100\n|turn|4\n|\n|t:|1681873655\n|move|p2a: Ceruledge|Protect|p2a: Ceruledge\n|-singleturn|p2a: Ceruledge|Protect\n|move|p1a: Gyarados|Waterfall|p2a: Ceruledge\n|-activate|p2a: Ceruledge|move: Protect\n|move|p1b: Tyranitar|Crunch|p2b: Oranguru\n|-supereffective|p2b: Oranguru\n|-damage|p2b: Oranguru|33\/100\n|move|p2b: Oranguru|Trick Room|p2b: Oranguru\n|-fieldstart|move: Trick Room|[of] p2b: Oranguru\n|\n|-weather|Sandstorm|[upkeep]\n|-damage|p2b: Oranguru|27\/100|[from] Sandstorm\n|-damage|p1b: Tyranitar|64\/100|[from] Sandstorm\n|-damage|p2a: Ceruledge|26\/100|[from] Sandstorm\n|upkeep\n|turn|5\n|\n|t:|1681873688\n|move|p2b: Oranguru|Instruct|p2a: Ceruledge\n|-singleturn|p2a: Ceruledge|move: Instruct|[of] p2b: Oranguru\n|move|p2a: Ceruledge|Protect||[still]\n|-fail|p2a: Ceruledge\n|move|p1b: Tyranitar|Crunch|p2b: Oranguru\n|-supereffective|p2b: Oranguru\n|-damage|p2b: Oranguru|0 fnt\n|faint|p2b: Oranguru\n|move|p2a: Ceruledge|Bitter Blade|p1b: Tyranitar\n|-damage|p1b: Tyranitar|0 fnt\n|-heal|p2a: Ceruledge|69\/100|[from] drain|[of] p1b: Tyranitar\n|faint|p1b: Tyranitar\n|move|p1a: Gyarados|Waterfall|p2a: Ceruledge\n|-supereffective|p2a: Ceruledge\n|-damage|p2a: Ceruledge|0 fnt\n|faint|p2a: Ceruledge\n|\n|win|That_Leek\n|raw|That_Leek's rating: 1233 → 1251<\/strong> (+18 for winning)\n|raw|luckyrabbitnp's rating: 1140 → 1122<\/strong> (-18 for losing)\n|l|\u2606luckyrabbitnp\n","uploadtime":1681873780,"views":8,"p1id":"thatleek","p2id":"luckyrabbitnp","formatid":"gen9vgc2023regulationc","rating":1122,"private":0,"password":""}