{"id":"gen9vgc2023regulationc-1861778929","p1":"Charlisito","p2":"chi3fross","format":"[Gen 9] VGC 2023 Regulation C","log":"|j|\u2606Charlisito\n|j|\u2606chi3fross\n|t:|1683807711\n|gametype|doubles\n|player|p1|Charlisito|170|1383\n|player|p2|chi3fross|2|1474\n|teamsize|p1|6\n|teamsize|p2|6\n|gen|9\n|tier|[Gen 9] VGC 2023 Regulation C\n|rated|\n|rule|Species Clause: Limit one of each Pok\u00e9mon\n|rule|Item Clause: Limit one of each item\n|clearpoke\n|poke|p1|Bellibolt, L50, F|\n|poke|p1|Palafin, L50, M|\n|poke|p1|Arcanine, L50, M|\n|poke|p1|Amoonguss, L50, M|\n|poke|p1|Flutter Mane, L50|\n|poke|p1|Ting-Lu, L50|\n|poke|p2|Misdreavus, L50, M|\n|poke|p2|Raichu, L50, F|\n|poke|p2|Chi-Yu, L50|\n|poke|p2|Lilligant, L50, F|\n|poke|p2|Scizor, L50, F|\n|poke|p2|Quaquaval, L50, M|\n|teampreview|4\n|\n|t:|1683807744\n|start\n|switch|p1a: Bellibolt|Bellibolt, L50, F|100\/100\n|switch|p1b: Arcanine|Arcanine, L50, M|100\/100\n|switch|p2a: Lilligant|Lilligant, L50, F|100\/100\n|switch|p2b: Scizor|Scizor, L50, F|100\/100\n|-ability|p1b: Arcanine|Intimidate|boost\n|-unboost|p2a: Lilligant|atk|1\n|-unboost|p2b: Scizor|atk|1\n|turn|1\n|\n|t:|1683807755\n|switch|p2b: Raichu|Raichu, L50, F|100\/100\n|-terastallize|p2a: Lilligant|Water\n|move|p2a: Lilligant|Quiver Dance|p2a: Lilligant\n|-boost|p2a: Lilligant|spa|1\n|-boost|p2a: Lilligant|spd|1\n|-boost|p2a: Lilligant|spe|1\n|move|p1b: Arcanine|Flare Blitz|p2a: Lilligant\n|-resisted|p2a: Lilligant\n|-damage|p2a: Lilligant|67\/100\n|-damage|p1b: Arcanine|92\/100|[from] Recoil\n|move|p1a: Bellibolt|Volt Switch|p2b: Raichu\n|-activate|p2b: Raichu|ability: Lightning Rod\n|-ability|p2b: Raichu|Lightning Rod|boost\n|-boost|p2b: Raichu|spa|1\n|\n|upkeep\n|turn|2\n|\n|t:|1683807773\n|-terastallize|p1a: Bellibolt|Grass\n|move|p1b: Arcanine|Protect|p1b: Arcanine\n|-singleturn|p1b: Arcanine|Protect\n|move|p2b: Raichu|Fake Out|p1b: Arcanine\n|-activate|p1b: Arcanine|move: Protect\n|move|p2a: Lilligant|Quiver Dance|p2a: Lilligant\n|-boost|p2a: Lilligant|spa|1\n|-boost|p2a: Lilligant|spd|1\n|-boost|p2a: Lilligant|spe|1\n|move|p1a: Bellibolt|Tera Blast|p2a: Lilligant\n|-supereffective|p2a: Lilligant\n|-damage|p2a: Lilligant|20\/100\n|\n|upkeep\n|turn|3\n|\n|t:|1683807813\n|switch|p1a: Amoonguss|Amoonguss, L50, M|100\/100\n|move|p1b: Arcanine|Extreme Speed|p2a: Lilligant\n|-damage|p2a: Lilligant|0 fnt\n|faint|p2a: Lilligant\n|move|p2b: Raichu|Thunderbolt|p1b: Arcanine\n|-damage|p1b: Arcanine|48\/100\n|\n|upkeep\n|\n|t:|1683807823\n|switch|p2a: Scizor|Scizor, L50, F|100\/100\n|turn|4\n|\n|t:|1683807829\n|move|p1b: Arcanine|Protect|p1b: Arcanine\n|-singleturn|p1b: Arcanine|Protect\n|move|p2b: Raichu|Thunderbolt|p1b: Arcanine\n|-activate|p1b: Arcanine|move: Protect\n|move|p2a: Scizor|Swords Dance|p2a: Scizor\n|-boost|p2a: Scizor|atk|2\n|move|p1a: Amoonguss|Clear Smog|p2b: Raichu\n|-damage|p2b: Raichu|89\/100\n|-clearboost|p2b: Raichu\n|\n|upkeep\n|turn|5\n|\n|t:|1683807844\n|move|p2a: Scizor|Protect|p2a: Scizor\n|-singleturn|p2a: Scizor|Protect\n|move|p1b: Arcanine|Will-O-Wisp|p2a: Scizor\n|-activate|p2a: Scizor|move: Protect\n|move|p2b: Raichu|Volt Switch|p1b: Arcanine\n|-damage|p1b: Arcanine|25\/100\n|\n|t:|1683807851\n|switch|p2b: Misdreavus|Misdreavus, L50, M|100\/100|[from] Volt Switch\n|move|p1a: Amoonguss|Clear Smog|p2a: Scizor\n|-activate|p2a: Scizor|move: Protect\n|\n|upkeep\n|turn|6\n|\n|t:|1683807864\n|move|p1b: Arcanine|Protect|p1b: Arcanine\n|-singleturn|p1b: Arcanine|Protect\n|move|p2a: Scizor|Bullet Punch|p1b: Arcanine\n|-activate|p1b: Arcanine|move: Protect\n|move|p2b: Misdreavus|Will-O-Wisp|p1a: Amoonguss\n|-status|p1a: Amoonguss|brn\n|move|p1a: Amoonguss|Spore|p2a: Scizor\n|-status|p2a: Scizor|slp|[from] move: Spore\n|\n|-damage|p1a: Amoonguss|95\/100 brn|[from] brn\n|upkeep\n|turn|7\n|\n|t:|1683807876\n|switch|p2a: Raichu|Raichu, L50, F|89\/100\n|move|p1b: Arcanine|Will-O-Wisp|p2b: Misdreavus\n|-status|p2b: Misdreavus|brn\n|move|p2b: Misdreavus|Hex|p1b: Arcanine\n|-damage|p1b: Arcanine|4\/100\n|move|p1a: Amoonguss|Pollen Puff|p1b: Arcanine\n|-heal|p1b: Arcanine|54\/100\n|\n|-damage|p2b: Misdreavus|95\/100 brn|[from] brn\n|-damage|p1a: Amoonguss|89\/100 brn|[from] brn\n|upkeep\n|turn|8\n|\n|t:|1683807896\n|move|p2a: Raichu|Fake Out|p1a: Amoonguss\n|-damage|p1a: Amoonguss|82\/100 brn\n|move|p1b: Arcanine|Flare Blitz|p2a: Raichu\n|-damage|p2a: Raichu|24\/100\n|-damage|p1b: Arcanine|35\/100|[from] Recoil\n|move|p2b: Misdreavus|Hex|p1a: Amoonguss\n|-damage|p1a: Amoonguss|49\/100 brn\n|-enditem|p1a: Amoonguss|Sitrus Berry|[eat]\n|-heal|p1a: Amoonguss|74\/100 brn|[from] item: Sitrus Berry\n|cant|p1a: Amoonguss|flinch\n|\n|-damage|p2b: Misdreavus|89\/100 brn|[from] brn\n|-damage|p1a: Amoonguss|68\/100 brn|[from] brn\n|upkeep\n|turn|9\n|\n|t:|1683807917\n|switch|p1b: Flutter Mane|Flutter Mane, L50|100\/100\n|-enditem|p1b: Flutter Mane|Booster Energy\n|-activate|p1b: Flutter Mane|ability: Protosynthesis|[fromitem]\n|-start|p1b: Flutter Mane|protosynthesisspa\n|move|p2a: Raichu|Feint|p1a: Amoonguss\n|-damage|p1a: Amoonguss|63\/100 brn\n|move|p2b: Misdreavus|Hex|p1a: Amoonguss\n|-damage|p1a: Amoonguss|29\/100 brn\n|move|p1a: Amoonguss|Pollen Puff|p2a: Raichu\n|-damage|p2a: Raichu|10\/100\n|\n|-damage|p2b: Misdreavus|83\/100 brn|[from] brn\n|-damage|p1a: Amoonguss|23\/100 brn|[from] brn\n|upkeep\n|turn|10\n|\n|t:|1683807934\n|switch|p1a: Bellibolt|Bellibolt, L50, F, tera:Grass|100\/100\n|move|p2a: Raichu|Feint|p1a: Bellibolt\n|-damage|p1a: Bellibolt|95\/100\n|-start|p1a: Bellibolt|Charge|Feint|[from] ability: Electromorphosis\n|move|p1b: Flutter Mane|Dazzling Gleam|p2b: Misdreavus|[spread] p2a,p2b\n|-damage|p2a: Raichu|0 fnt\n|-damage|p2b: Misdreavus|51\/100 brn\n|faint|p2a: Raichu\n|move|p2b: Misdreavus|Hex|p1a: Bellibolt\n|-damage|p1a: Bellibolt|83\/100\n|-start|p1a: Bellibolt|Charge|Hex|[from] ability: Electromorphosis\n|\n|-damage|p2b: Misdreavus|45\/100 brn|[from] brn\n|upkeep\n|-message|chi3fross forfeited.\n|\n|win|Charlisito\n|raw|Charlisito's rating: 1383 → 1408<\/strong> (+25 for winning)\n|raw|chi3fross's rating: 1474 → 1449<\/strong> (-25 for losing)\n|l|\u2606chi3fross\n","uploadtime":1683807956,"views":17,"p1id":"charlisito","p2id":"chi3fross","formatid":"gen9vgc2023regulationc","rating":1408,"private":0,"password":""}