{"id":"gen9vgc2023regulationc-1863105972","p1":"HakuCookie","p2":"Becornix","format":"[Gen 9] VGC 2023 Regulation C","log":"|j|\u2606HakuCookie\n|j|\u2606Becornix\n|t:|1683971153\n|gametype|doubles\n|player|p1|HakuCookie|2|1343\n|player|p2|Becornix|101|1252\n|teamsize|p1|6\n|teamsize|p2|6\n|gen|9\n|tier|[Gen 9] VGC 2023 Regulation C\n|rated|\n|rule|Species Clause: Limit one of each Pok\u00e9mon\n|rule|Item Clause: Limit one of each item\n|clearpoke\n|poke|p1|Jumpluff, L50, F|\n|poke|p1|Torkoal, L50, M|\n|poke|p1|Chi-Yu, L50|\n|poke|p1|Flutter Mane, L50|\n|poke|p1|Great Tusk, L50|\n|poke|p1|Gyarados, L50, M|\n|poke|p2|Scizor, L50, M|\n|poke|p2|Flutter Mane, L50|\n|poke|p2|Iron Bundle, L50|\n|poke|p2|Chi-Yu, L50|\n|poke|p2|Iron Hands, L50|\n|poke|p2|Abomasnow, L50, F|\n|teampreview|4\n|inactive|Battle timer is ON: inactive players will automatically lose when time's up. (requested by HakuCookie)\n|inactive|HakuCookie has 60 seconds left.\n|inactive|Becornix has 60 seconds left.\nHakuCookie rejected open team sheets.\n|\n|t:|1683971219\n|start\n|switch|p1a: Jumpluff|Jumpluff, L50, F|100\/100\n|switch|p1b: Flutter Mane|Flutter Mane, L50|100\/100\n|switch|p2a: Chi-Yu|Chi-Yu, L50|100\/100\n|switch|p2b: Iron Bundle|Iron Bundle, L50|100\/100\n|-ability|p2a: Chi-Yu|Beads of Ruin\n|-enditem|p2b: Iron Bundle|Booster Energy\n|-activate|p2b: Iron Bundle|ability: Quark Drive|[fromitem]\n|-start|p2b: Iron Bundle|quarkdrivespe\n|turn|1\n|inactive|Becornix has 30 seconds left.\n|inactive|Becornix has 20 seconds left.\n|inactive|Becornix has 15 seconds left.\n|\n|t:|1683971263\n|switch|p2a: Abomasnow|Abomasnow, L50, F|100\/100\n|-weather|Snow|[from] ability: Snow Warning|[of] p2a: Abomasnow\n|-end|p1b: Flutter Mane|Protosynthesis|[silent]\n|switch|p1b: Torkoal|Torkoal, L50, M|100\/100\n|-weather|SunnyDay|[from] ability: Drought|[of] p1b: Torkoal\n|move|p1a: Jumpluff|Tailwind|p1a: Jumpluff\n|-sidestart|p1: HakuCookie|move: Tailwind\n|move|p2b: Iron Bundle|Hydro Pump|p1b: Torkoal\n|-supereffective|p1b: Torkoal\n|-damage|p1b: Torkoal|22\/100\n|\n|-weather|SunnyDay|[upkeep]\n|upkeep\n|turn|2\n|inactive|Becornix has 30 seconds left.\n|inactive|Becornix has 20 seconds left.\n|inactive|Becornix has 15 seconds left.\n|inactive|Becornix has 10 seconds left.\n|\n|t:|1683971308\n|switch|p2a: Chi-Yu|Chi-Yu, L50|100\/100\n|-ability|p2a: Chi-Yu|Beads of Ruin\n|move|p1a: Jumpluff|Leaf Storm|p2b: Iron Bundle\n|-supereffective|p2b: Iron Bundle\n|-damage|p2b: Iron Bundle|0 fnt\n|-unboost|p1a: Jumpluff|spa|2\n|faint|p2b: Iron Bundle\n|-end|p2b: Iron Bundle|Quark Drive|[silent]\n|move|p1b: Torkoal|Overheat|p2a: Chi-Yu|[miss]\n|-miss|p1b: Torkoal|p2a: Chi-Yu\n|\n|-weather|SunnyDay|[upkeep]\n|upkeep\n|\n|t:|1683971325\n|switch|p2b: Abomasnow|Abomasnow, L50, F|100\/100\n|-weather|Snow|[from] ability: Snow Warning|[of] p2b: Abomasnow\n|turn|3\n|inactive|HakuCookie has 30 seconds left.\n|\n|t:|1683971352\n|switch|p1b: Gyarados|Gyarados, L50, M|100\/100\n|-ability|p1b: Gyarados|Intimidate|boost\n|-unboost|p2a: Chi-Yu|atk|1\n|-unboost|p2b: Abomasnow|atk|1\n|move|p1a: Jumpluff|Sleep Powder|p2a: Chi-Yu\n|-status|p2a: Chi-Yu|slp|[from] move: Sleep Powder\n|cant|p2a: Chi-Yu|slp\n|move|p2b: Abomasnow|Blizzard|p1a: Jumpluff|[spread] p1a,p1b\n|-supereffective|p1a: Jumpluff\n|-damage|p1a: Jumpluff|0 fnt\n|-damage|p1b: Gyarados|47\/100\n|faint|p1a: Jumpluff\n|-damage|p2b: Abomasnow|91\/100|[from] item: Life Orb\n|\n|-weather|Snow|[upkeep]\n|upkeep\n|inactive|HakuCookie has 30 seconds left.\n|\n|t:|1683971381\n|switch|p1a: Torkoal|Torkoal, L50, M|22\/100\n|-weather|SunnyDay|[from] ability: Drought|[of] p1a: Torkoal\n|turn|4\n|inactive|Becornix has 30 seconds left.\n|inactive|Becornix has 20 seconds left.\n|inactive|Becornix has 15 seconds left.\n|\n|t:|1683971426\n|-terastallize|p1b: Gyarados|Flying\n|move|p1a: Torkoal|Helping Hand|p1b: Gyarados\n|-singleturn|p1b: Gyarados|Helping Hand|[of] p1a: Torkoal\n|cant|p2a: Chi-Yu|slp\n|move|p1b: Gyarados|Tera Blast|p2a: Chi-Yu\n|-damage|p2a: Chi-Yu|0 fnt\n|faint|p2a: Chi-Yu\n|move|p2b: Abomasnow|Earth Power|p1a: Torkoal\n|-supereffective|p1a: Torkoal\n|-damage|p1a: Torkoal|0 fnt\n|faint|p1a: Torkoal\n|-damage|p2b: Abomasnow|81\/100|[from] item: Life Orb\n|\n|-weather|SunnyDay|[upkeep]\n|-sideend|p1: HakuCookie|move: Tailwind\n|upkeep\n|\n|t:|1683971440\n|switch|p2a: Scizor|Scizor, L50, M|100\/100\n|switch|p1a: Flutter Mane|Flutter Mane, L50|100\/100\n|-activate|p1a: Flutter Mane|ability: Protosynthesis\n|-start|p1a: Flutter Mane|protosynthesisspe\n|turn|5\n|\n|t:|1683971465\n|move|p2a: Scizor|Bullet Punch|p1a: Flutter Mane\n|-supereffective|p1a: Flutter Mane\n|-damage|p1a: Flutter Mane|0 fnt\n|faint|p1a: Flutter Mane\n|-end|p1a: Flutter Mane|Protosynthesis|[silent]\n|move|p1b: Gyarados|Tera Blast|p2a: Scizor\n|-damage|p2a: Scizor|17\/100\n|-enditem|p2a: Scizor|Sitrus Berry|[eat]\n|-heal|p2a: Scizor|42\/100|[from] item: Sitrus Berry\n|move|p2b: Abomasnow|Blizzard|p1b: Gyarados\n|-supereffective|p1b: Gyarados\n|-damage|p1b: Gyarados|0 fnt\n|faint|p1b: Gyarados\n|-damage|p2b: Abomasnow|71\/100|[from] item: Life Orb\n|\n|win|Becornix\n|raw|HakuCookie's rating: 1343 → 1318<\/strong> (-25 for losing)\n|raw|Becornix's rating: 1252 → 1283<\/strong> (+31 for winning)\n|l|\u2606HakuCookie\n|l|\u2606Becornix\n|j|\u2606Becornix\n|player|p2|Becornix|101\n","uploadtime":1683971562,"views":11,"p1id":"hakucookie","p2id":"becornix","formatid":"gen9vgc2023regulationc","rating":1283,"private":0,"password":""}