{"id":"gen9vgc2023regulationc-1856693487","p1":"TheMismatcher","p2":"Bdogplatinum","format":"[Gen 9] VGC 2023 Regulation C","log":"|j|\u2606TheMismatcher\n|j|\u2606Bdogplatinum\n|t:|1683095719\n|gametype|doubles\n|player|p1|TheMismatcher|102|\n|player|p2|Bdogplatinum|cress|\n|teamsize|p1|6\n|teamsize|p2|6\n|gen|9\n|tier|[Gen 9] VGC 2023 Regulation C\n|rule|Species Clause: Limit one of each Pok\u00e9mon\n|rule|Item Clause: Limit one of each item\n|clearpoke\n|poke|p1|Salamence, L50, M|\n|poke|p1|Toxicroak, L50, M|\n|poke|p1|Krookodile, L50, M|\n|poke|p1|Chien-Pao, L50|\n|poke|p1|Sylveon, L50, F|\n|poke|p1|Toedscool, L50, M|\n|poke|p2|Hatterene, L50, F|\n|poke|p2|Indeedee-F, L50, F|\n|poke|p2|Armarouge, L50, M|\n|poke|p2|Falinks, L50|\n|poke|p2|Eiscue, L50, M|\n|poke|p2|Dachsbun, L50, M|\n|teampreview|4\n|c|\u2606TheMismatcher|game 1\n|\n|t:|1683095865\n|start\n|switch|p1a: Krookodile|Krookodile, L50, M|100\/100\n|switch|p1b: Chien-Pao|Chien-Pao, L50|100\/100\n|switch|p2a: Armarouge|Armarouge, L50, M|100\/100\n|switch|p2b: Indeedee|Indeedee-F, L50, F|100\/100\n|-ability|p1b: Chien-Pao|Sword of Ruin\n|-fieldstart|move: Psychic Terrain|[from] ability: Psychic Surge|[of] p2b: Indeedee\n|turn|1\n|\n|t:|1683095907\n|switch|p2b: Dachsbun|Dachsbun, L50, M|100\/100\n|-terastallize|p2a: Armarouge|Steel\n|move|p1b: Chien-Pao|Ice Spinner|p2b: Dachsbun\n|-damage|p2b: Dachsbun|64\/100\n|-fieldend|move: Psychic Terrain\n|move|p1a: Krookodile|Snarl|p2a: Armarouge|[spread] p2a,p2b\n|-resisted|p2b: Dachsbun\n|-damage|p2a: Armarouge|90\/100\n|-damage|p2b: Dachsbun|58\/100\n|-unboost|p2a: Armarouge|spa|1\n|-unboost|p2b: Dachsbun|spa|1\n|move|p2a: Armarouge|Lava Plume|p1b: Chien-Pao|[spread] p1a,p1b\n|-ability|p2b: Dachsbun|Well-Baked Body|boost\n|-boost|p2b: Dachsbun|def|2\n|-supereffective|p1b: Chien-Pao\n|-crit|p1b: Chien-Pao\n|-damage|p1a: Krookodile|71\/100\n|-enditem|p1b: Chien-Pao|Focus Sash\n|-damage|p1b: Chien-Pao|1\/100\n|-status|p1b: Chien-Pao|brn\n|-damage|p2a: Armarouge|81\/100|[from] item: Life Orb\n|\n|-heal|p2b: Dachsbun|65\/100|[from] item: Leftovers\n|-damage|p1b: Chien-Pao|0 fnt|[from] brn\n|faint|p1b: Chien-Pao\n|upkeep\n|\n|t:|1683095942\n|switch|p1b: Toxicroak|Toxicroak, L50, M|100\/100\n|turn|2\n|\n|t:|1683095993\n|switch|p2a: Indeedee|Indeedee-F, L50, F|100\/100\n|-fieldstart|move: Psychic Terrain|[from] ability: Psychic Surge|[of] p2a: Indeedee\n|-terastallize|p1a: Krookodile|Ground\n|move|p1b: Toxicroak|Protect|p1b: Toxicroak\n|-singleturn|p1b: Toxicroak|Protect\n|move|p2b: Dachsbun|Body Press|p1a: Krookodile\n|-damage|p1a: Krookodile|10\/100\n|move|p1a: Krookodile|Earthquake|p2a: Indeedee|[spread] p2a,p2b\n|-activate|p1b: Toxicroak|move: Protect\n|-damage|p2a: Indeedee|53\/100\n|-damage|p2b: Dachsbun|43\/100\n|\n|-heal|p2b: Dachsbun|49\/100|[from] item: Leftovers\n|upkeep\n|turn|3\n|\n|t:|1683096062\n|switch|p1a: Sylveon|Sylveon, L50, F|100\/100\n|move|p1b: Toxicroak|Poison Jab|p2b: Dachsbun\n|-supereffective|p2b: Dachsbun\n|-damage|p2b: Dachsbun|14\/100\n|-damage|p1b: Toxicroak|91\/100|[from] item: Life Orb\n|move|p2b: Dachsbun|Body Press|p1a: Sylveon\n|-resisted|p1a: Sylveon\n|-damage|p1a: Sylveon|71\/100\n|move|p2a: Indeedee|Heal Pulse|p2b: Dachsbun\n|-heal|p2b: Dachsbun|64\/100\n|\n|-heal|p2b: Dachsbun|70\/100|[from] item: Leftovers\n|upkeep\n|turn|4\n|\n|t:|1683096085\n|move|p1b: Toxicroak|Poison Jab|p2b: Dachsbun\n|-supereffective|p2b: Dachsbun\n|-damage|p2b: Dachsbun|35\/100\n|-status|p2b: Dachsbun|psn\n|-damage|p1b: Toxicroak|82\/100|[from] item: Life Orb\n|move|p2b: Dachsbun|Yawn|p1a: Sylveon\n|-start|p1a: Sylveon|move: Yawn|[of] p2b: Dachsbun\n|move|p2a: Indeedee|Heal Pulse|p2b: Dachsbun\n|-heal|p2b: Dachsbun|85\/100 psn\n|move|p1a: Sylveon|Hyper Voice|p2a: Indeedee|[spread] p2a,p2b\n|-damage|p2a: Indeedee|13\/100\n|-damage|p2b: Dachsbun|32\/100 psn\n|-enditem|p1a: Sylveon|Throat Spray\n|-boost|p1a: Sylveon|spa|1|[from] item: Throat Spray\n|\n|-heal|p2b: Dachsbun|38\/100 psn|[from] item: Leftovers\n|-damage|p2b: Dachsbun|25\/100 psn|[from] psn\n|upkeep\n|turn|5\n|\n|t:|1683096140\n|switch|p1a: Krookodile|Krookodile, L50, M, tera:Ground|10\/100\n|move|p2b: Dachsbun|Protect|p2b: Dachsbun\n|-singleturn|p2b: Dachsbun|Protect\n|move|p1b: Toxicroak|Poison Jab|p2a: Indeedee\n|-damage|p2a: Indeedee|0 fnt\n|faint|p2a: Indeedee\n|-damage|p1b: Toxicroak|72\/100|[from] item: Life Orb\n|\n|-heal|p2b: Dachsbun|32\/100 psn|[from] item: Leftovers\n|-damage|p2b: Dachsbun|19\/100 psn|[from] psn\n|upkeep\n|\n|t:|1683096147\n|switch|p2a: Eiscue|Eiscue, L50, M, shiny|100\/100\n|turn|6\n|\n|t:|1683096193\n|move|p1b: Toxicroak|Poison Jab|p2b: Dachsbun\n|-supereffective|p2b: Dachsbun\n|-damage|p2b: Dachsbun|0 fnt\n|faint|p2b: Dachsbun\n|-damage|p1b: Toxicroak|63\/100|[from] item: Life Orb\n|move|p1a: Krookodile|Crunch|p2a: Eiscue\n|-activate|p2a: Eiscue|ability: Ice Face\n|-damage|p2a: Eiscue|100\/100\n|detailschange|p2a: Eiscue|Eiscue-Noice, L50, M, shiny\n|move|p2a: Eiscue|Zen Headbutt|p1b: Toxicroak\n|-supereffective|p1b: Toxicroak\n|-damage|p1b: Toxicroak|0 fnt\n|faint|p1b: Toxicroak\n|\n|-fieldend|move: Psychic Terrain\n|upkeep\n|\n|t:|1683096206\n|switch|p1b: Sylveon|Sylveon, L50, F|71\/100\n|switch|p2b: Armarouge|Armarouge, L50, M, tera:Steel|81\/100\n|turn|7\n|\n|t:|1683096231\n|move|p2a: Eiscue|Liquidation|p1a: Krookodile\n|-supereffective|p1a: Krookodile\n|-damage|p1a: Krookodile|0 fnt\n|faint|p1a: Krookodile\n|move|p2b: Armarouge|Tera Blast|p1b: Sylveon\n|-supereffective|p1b: Sylveon\n|-damage|p1b: Sylveon|0 fnt\n|faint|p1b: Sylveon\n|-damage|p2b: Armarouge|71\/100|[from] item: Life Orb\n|\n|win|Bdogplatinum\n","uploadtime":1683097130,"views":11,"p1id":"themismatcher","p2id":"bdogplatinum","formatid":"gen9vgc2023regulationc","rating":0,"private":0,"password":""}