{"id":"gen9vgc2023regulationc-1852501231","p1":"Adri 2022","p2":"Tango2089","format":"[Gen 9] VGC 2023 Regulation C","log":"|j|\u2606Adri 2022\n|j|\u2606Tango2089\n|t:|1682566003\n|gametype|doubles\n|player|p1|Adri 2022|plasmagrunt|\n|player|p2|Tango2089|102|\n|teamsize|p1|6\n|teamsize|p2|6\n|gen|9\n|tier|[Gen 9] VGC 2023 Regulation C\n|rule|Species Clause: Limit one of each Pok\u00e9mon\n|rule|Item Clause: Limit one of each item\n|clearpoke\n|poke|p1|Dachsbun, L50, F|\n|poke|p1|Arcanine, L50, M|\n|poke|p1|Gyarados, L50, F|\n|poke|p1|Amoonguss, L50, M|\n|poke|p1|Garganacl, L50, M|\n|poke|p1|Dragonite, L50, M|\n|poke|p2|Amoonguss, L50, M|\n|poke|p2|Goodra, L50, M|\n|poke|p2|Mimikyu, L50, M|\n|poke|p2|Corviknight, L50, F|\n|poke|p2|Arcanine, L50, F|\n|poke|p2|Palafin, L50, F|\n|teampreview|4\nAdri 2022 has agreed to open team sheets.\n|j| Elena_Louise\n|c|\u2606Adri 2022|glhf\n|\n|t:|1682566100\n|start\n|switch|p1a: Arcanine|Arcanine, L50, M|100\/100\n|switch|p1b: Dachsbun|Dachsbun, L50, F|100\/100\n|switch|p2a: Palafin|Palafin, L50, F|100\/100\n|switch|p2b: Arcanine|Arcanine, L50, F|100\/100\n|-ability|p2b: Arcanine|Intimidate|boost\n|-unboost|p1a: Arcanine|atk|1\n|-unboost|p1b: Dachsbun|atk|1\n|turn|1\n|\n|t:|1682566201\n|detailschange|p2a: Palafin|Palafin-Hero, L50, F\n|switch|p2a: Goodra|Goodra, L50, M|100\/100\n|-terastallize|p1b: Dachsbun|Fighting\n|move|p1a: Arcanine|Fire Spin|p1b: Dachsbun\n|-ability|p1b: Dachsbun|Well-Baked Body|boost\n|-boost|p1b: Dachsbun|def|2\n|move|p1b: Dachsbun|Body Press|p2b: Arcanine\n|-damage|p2b: Arcanine|35\/100\n|move|p2b: Arcanine|Snarl|p1b: Dachsbun|[spread] p1a,p1b\n|-resisted|p1b: Dachsbun\n|-damage|p1a: Arcanine|85\/100\n|-damage|p1b: Dachsbun|95\/100\n|-unboost|p1a: Arcanine|spa|1\n|-unboost|p1b: Dachsbun|spa|1\n|-ability|p1a: Arcanine|Justified|boost\n|-boost|p1a: Arcanine|atk|1\n|\n|upkeep\n|turn|2\n|\n|t:|1682566242\n|switch|p2b: Corviknight|Corviknight, L50, F|100\/100\n|move|p1a: Arcanine|Fire Spin|p1b: Dachsbun\n|-ability|p1b: Dachsbun|Well-Baked Body|boost\n|-boost|p1b: Dachsbun|def|2\n|move|p1b: Dachsbun|Baton Pass|p1b: Dachsbun\n|\n|t:|1682566249\n|switch|p1b: Garganacl|Garganacl, L50, M|100\/100|[from] Baton Pass\n|move|p2a: Goodra|Earthquake|p1b: Garganacl|[spread] p1a,p1b\n|-immune|p2b: Corviknight\n|-supereffective|p1a: Arcanine\n|-supereffective|p1b: Garganacl\n|-damage|p1a: Arcanine|24\/100\n|-damage|p1b: Garganacl|93\/100\n|\n|-heal|p1b: Garganacl|99\/100|[from] item: Leftovers\n|upkeep\n|turn|3\n|\n|t:|1682566275\n|switch|p1a: Gyarados|Gyarados, L50, F|100\/100\n|move|p2a: Goodra|Earthquake|p1a: Gyarados|[spread] p1b\n|-immune|p2b: Corviknight\n|-immune|p1a: Gyarados\n|-supereffective|p1b: Garganacl\n|-damage|p1b: Garganacl|91\/100\n|move|p2b: Corviknight|Tailwind|p2b: Corviknight\n|-sidestart|p2: Tango2089|move: Tailwind\n|move|p1b: Garganacl|Body Press|p2a: Goodra\n|-damage|p2a: Goodra|0 fnt\n|faint|p2a: Goodra\n|\n|-heal|p1b: Garganacl|97\/100|[from] item: Leftovers\n|upkeep\n|\n|t:|1682566293\n|switch|p2a: Palafin|Palafin-Hero, L50, F|100\/100\n|-activate|p2a: Palafin|ability: Zero to Hero\n|turn|4\n|\n|t:|1682566313\n|move|p2a: Palafin|Wave Crash|p1b: Garganacl\n|-supereffective|p1b: Garganacl\n|-damage|p1b: Garganacl|62\/100\n|-damage|p2a: Palafin|89\/100|[from] Recoil\n|move|p2b: Corviknight|Iron Head|p1a: Gyarados\n|-resisted|p1a: Gyarados\n|-damage|p1a: Gyarados|78\/100\n|cant|p1a: Gyarados|flinch\n|move|p1b: Garganacl|Body Press|p2a: Palafin\n|-damage|p2a: Palafin|13\/100\n|\n|-heal|p1b: Garganacl|68\/100|[from] item: Leftovers\n|upkeep\n|turn|5\n|\n|t:|1682566348\n|-terastallize|p2a: Palafin|Water\n|move|p2a: Palafin|Wave Crash|p1b: Garganacl\n|-supereffective|p1b: Garganacl\n|-damage|p1b: Garganacl|17\/100\n|-damage|p2a: Palafin|0 fnt|[from] Recoil\n|faint|p2a: Palafin\n|move|p2b: Corviknight|Iron Head|p1b: Garganacl\n|-supereffective|p1b: Garganacl\n|-damage|p1b: Garganacl|5\/100\n|move|p1a: Gyarados|Crunch|p2b: Corviknight\n|-damage|p2b: Corviknight|65\/100\n|cant|p1b: Garganacl|flinch\n|\n|-heal|p2b: Corviknight|71\/100|[from] item: Leftovers\n|-heal|p1b: Garganacl|11\/100|[from] item: Leftovers\n|upkeep\n|\n|t:|1682566378\n|switch|p2a: Arcanine|Arcanine, L50, F|35\/100\n|-ability|p2a: Arcanine|Intimidate|boost\n|-unboost|p1a: Gyarados|atk|1\n|-unboost|p1b: Garganacl|atk|1\n|turn|6\n|\n|t:|1682566432\n|move|p2a: Arcanine|Protect|p2a: Arcanine\n|-singleturn|p2a: Arcanine|Protect\n|move|p1b: Garganacl|Protect|p1b: Garganacl\n|-singleturn|p1b: Garganacl|Protect\n|move|p2b: Corviknight|Iron Head|p1b: Garganacl\n|-activate|p1b: Garganacl|move: Protect\n|move|p1a: Gyarados|Crunch|p2a: Arcanine\n|-activate|p2a: Arcanine|move: Protect\n|\n|-heal|p2b: Corviknight|77\/100|[from] item: Leftovers\n|-heal|p1b: Garganacl|16\/100|[from] item: Leftovers\n|-sideend|p2: Tango2089|move: Tailwind\n|upkeep\n|turn|7\n|\n|t:|1682566465\n|switch|p1a: Arcanine|Arcanine, L50, M|24\/100\n|move|p2a: Arcanine|Will-O-Wisp|p1a: Arcanine\n|-immune|p1a: Arcanine\n|move|p2b: Corviknight|Brave Bird|p1b: Garganacl\n|-resisted|p1b: Garganacl\n|-damage|p1b: Garganacl|12\/100\n|-damage|p2b: Corviknight|75\/100|[from] Recoil\n|move|p1b: Garganacl|Body Press|p2a: Arcanine\n|-damage|p2a: Arcanine|0 fnt\n|faint|p2a: Arcanine\n|\n|-heal|p2b: Corviknight|81\/100|[from] item: Leftovers\n|-heal|p1b: Garganacl|17\/100|[from] item: Leftovers\n|upkeep\n|turn|8\n|\n|t:|1682566516\n|move|p1b: Garganacl|Protect|p1b: Garganacl\n|-singleturn|p1b: Garganacl|Protect\n|move|p1a: Arcanine|Fire Blast|p2b: Corviknight\n|-supereffective|p2b: Corviknight\n|-damage|p2b: Corviknight|0 fnt\n|faint|p2b: Corviknight\n|\n|win|Adri 2022\n","uploadtime":1682566550,"views":7,"p1id":"adri2022","p2id":"tango2089","formatid":"gen9vgc2023regulationc","rating":0,"private":0,"password":""}