{"id":"gen9vgc2023regulationc-1861207327","p1":"Pyte 17","p2":"darthnius","format":"[Gen 9] VGC 2023 Regulation C","log":"|j|\u2606Pyte 17\n|j|\u2606darthnius\n|t:|1683735896\n|gametype|doubles\n|player|p1|Pyte 17|169|1558\n|player|p2|darthnius|volkner|1556\n|teamsize|p1|6\n|teamsize|p2|6\n|gen|9\n|tier|[Gen 9] VGC 2023 Regulation C\n|rated|\n|rule|Species Clause: Limit one of each Pok\u00e9mon\n|rule|Item Clause: Limit one of each item\n|clearpoke\n|poke|p1|Talonflame, L50, F|\n|poke|p1|Corviknight, L50, F|\n|poke|p1|Azumarill, L50, M|\n|poke|p1|Iron Hands, L50|\n|poke|p1|Scream Tail, L50|\n|poke|p1|Amoonguss, L50, M|\n|poke|p2|Murkrow, L50, F|\n|poke|p2|Chi-Yu, L50|\n|poke|p2|Flutter Mane, L50|\n|poke|p2|Great Tusk, L50|\n|poke|p2|Brute Bonnet, L50|\n|poke|p2|Corviknight, L50, M|\n|teampreview|4\ndarthnius has agreed to open team sheets.\n|\n|t:|1683735928\n|start\n|switch|p1a: Talonflame|Talonflame, L50, F|100\/100\n|switch|p1b: Azumarill|Azumarill, L50, M|100\/100\n|switch|p2a: Corviknight|Corviknight, L50, M|100\/100\n|switch|p2b: Murkrow|Murkrow, L50, F|100\/100\n|turn|1\n|\n|t:|1683735950\n|move|p1a: Talonflame|Tailwind|p1a: Talonflame\n|-sidestart|p1: Pyte 17|move: Tailwind\n|move|p2b: Murkrow|Tailwind|p2b: Murkrow\n|-sidestart|p2: darthnius|move: Tailwind\n|move|p2a: Corviknight|Brave Bird|p1a: Talonflame\n|-damage|p1a: Talonflame|0 fnt\n|faint|p1a: Talonflame\n|-damage|p2a: Corviknight|69\/100|[from] Recoil\n|move|p1b: Azumarill|Play Rough|p2b: Murkrow\n|-supereffective|p2b: Murkrow\n|-damage|p2b: Murkrow|0 fnt\n|faint|p2b: Murkrow\n|\n|upkeep\n|\n|t:|1683735978\n|switch|p1a: Scream Tail|Scream Tail, L50|100\/100\n|switch|p2b: Chi-Yu|Chi-Yu, L50|100\/100\n|-ability|p2b: Chi-Yu|Beads of Ruin\n|-enditem|p1a: Scream Tail|Booster Energy\n|-activate|p1a: Scream Tail|ability: Protosynthesis|[fromitem]\n|-start|p1a: Scream Tail|protosynthesisspe\n|turn|2\n|\n|t:|1683735996\n|-terastallize|p2b: Chi-Yu|Ghost\n|move|p1a: Scream Tail|Disable|p2a: Corviknight\n|-start|p2a: Corviknight|Disable|Brave Bird\n|move|p2b: Chi-Yu|Heat Wave|p1a: Scream Tail|[spread] p1a,p1b\n|-resisted|p1b: Azumarill\n|-damage|p1a: Scream Tail|57\/100\n|-damage|p1b: Azumarill|77\/100\n|-status|p1b: Azumarill|brn\n|-damage|p2b: Chi-Yu|90\/100|[from] item: Life Orb\n|cant|p2a: Corviknight|Disable|Brave Bird\n|move|p1b: Azumarill|Liquidation|p2b: Chi-Yu\n|-damage|p2b: Chi-Yu|49\/100\n|\n|-damage|p1b: Azumarill|70\/100 brn|[from] brn\n|upkeep\n|turn|3\n|j| ScV Test 2\n|\n|t:|1683736019\n|switch|p2a: Flutter Mane|Flutter Mane, L50|100\/100\n|move|p2b: Chi-Yu|Protect|p2b: Chi-Yu\n|-singleturn|p2b: Chi-Yu|Protect\n|move|p1a: Scream Tail|Encore||[still]\n|-fail|p1a: Scream Tail\n|move|p1b: Azumarill|Liquidation|p2b: Chi-Yu\n|-activate|p2b: Chi-Yu|move: Protect\n|\n|-damage|p1b: Azumarill|64\/100 brn|[from] brn\n|upkeep\n|turn|4\n|\n|t:|1683736034\n|switch|p2b: Corviknight|Corviknight, L50, M|69\/100\n|-terastallize|p1a: Scream Tail|Normal\n|move|p1a: Scream Tail|Encore||[still]\n|-fail|p1a: Scream Tail\n|move|p2a: Flutter Mane|Dazzling Gleam|p1a: Scream Tail|[spread] p1a,p1b\n|-damage|p1a: Scream Tail|19\/100\n|-damage|p1b: Azumarill|29\/100 brn\n|move|p1b: Azumarill|Play Rough|p2a: Flutter Mane\n|-damage|p2a: Flutter Mane|50\/100\n|-unboost|p2a: Flutter Mane|atk|1\n|\n|-damage|p1b: Azumarill|22\/100 brn|[from] brn\n|-sideend|p1: Pyte 17|move: Tailwind\n|-sideend|p2: darthnius|move: Tailwind\n|upkeep\n|turn|5\n|\n|t:|1683736060\n|move|p1a: Scream Tail|Protect|p1a: Scream Tail\n|-singleturn|p1a: Scream Tail|Protect\n|move|p1b: Azumarill|Aqua Jet|p2a: Flutter Mane\n|-crit|p2a: Flutter Mane\n|-damage|p2a: Flutter Mane|15\/100\n|move|p2a: Flutter Mane|Dazzling Gleam|p1a: Scream Tail|[spread] p1b\n|-activate|p1a: Scream Tail|move: Protect\n|-damage|p1b: Azumarill|0 fnt\n|faint|p1b: Azumarill\n|move|p2b: Corviknight|Brave Bird|p1a: Scream Tail\n|-activate|p1a: Scream Tail|move: Protect\n|\n|upkeep\n|\n|t:|1683736072\n|switch|p1b: Corviknight|Corviknight, L50, F|100\/100\n|turn|6\n|\n|t:|1683736094\n|move|p1a: Scream Tail|Disable|p2b: Corviknight\n|-start|p2b: Corviknight|Disable|Brave Bird\n|move|p2a: Flutter Mane|Dazzling Gleam|p1b: Corviknight|[spread] p1a,p1b\n|-resisted|p1b: Corviknight\n|-damage|p1a: Scream Tail|0 fnt\n|-damage|p1b: Corviknight|75\/100\n|faint|p1a: Scream Tail\n|-end|p1a: Scream Tail|Protosynthesis|[silent]\n|cant|p2b: Corviknight|Disable|Brave Bird\n|move|p1b: Corviknight|Bulk Up|p1b: Corviknight\n|-boost|p1b: Corviknight|atk|1\n|-boost|p1b: Corviknight|def|1\n|\n|upkeep\n|turn|7\n|\n|t:|1683736116\n|-end|p2a: Flutter Mane|Protosynthesis|[silent]\n|switch|p2a: Chi-Yu|Chi-Yu, L50, tera:Ghost|49\/100\n|-ability|p2a: Chi-Yu|Beads of Ruin\n|-activate|p2b: Corviknight|move: Struggle\n|move|p2b: Corviknight|Struggle|p1b: Corviknight\n|-damage|p1b: Corviknight|63\/100\n|-damage|p2b: Corviknight|44\/100|[from] recoil\n|move|p1b: Corviknight|Brave Bird|p2b: Corviknight\n|-resisted|p2b: Corviknight\n|-damage|p2b: Corviknight|12\/100\n|-damage|p1b: Corviknight|53\/100|[from] Recoil\n|\n|upkeep\n|turn|8\n|\n|t:|1683736135\n|move|p2a: Chi-Yu|Overheat|p1b: Corviknight|[miss]\n|-miss|p2a: Chi-Yu|p1b: Corviknight\n|-activate|p2b: Corviknight|move: Struggle\n|move|p2b: Corviknight|Struggle|p1b: Corviknight\n|-damage|p1b: Corviknight|39\/100\n|-enditem|p1b: Corviknight|Sitrus Berry|[eat]\n|-heal|p1b: Corviknight|64\/100|[from] item: Sitrus Berry\n|-damage|p2b: Corviknight|0 fnt|[from] recoil\n|faint|p2b: Corviknight\n|move|p1b: Corviknight|Brave Bird|p2a: Chi-Yu\n|-damage|p2a: Chi-Yu|0 fnt\n|faint|p2a: Chi-Yu\n|-damage|p1b: Corviknight|53\/100|[from] Recoil\n|\n|upkeep\n|\n|t:|1683736147\n|switch|p2b: Flutter Mane|Flutter Mane, L50|15\/100\n|turn|9\n|\n|t:|1683736153\n|move|p1b: Corviknight|Protect|p1b: Corviknight\n|-singleturn|p1b: Corviknight|Protect\n|move|p2b: Flutter Mane|Mystical Fire|p1b: Corviknight\n|-activate|p1b: Corviknight|move: Protect\n|\n|upkeep\n|turn|10\n|\n|t:|1683736160\n|move|p2b: Flutter Mane|Mystical Fire|p1b: Corviknight\n|-supereffective|p1b: Corviknight\n|-damage|p1b: Corviknight|0 fnt\n|faint|p1b: Corviknight\n|\n|win|darthnius\n|raw|Pyte 17's rating: 1558 → 1538<\/strong> (-20 for losing)\n|raw|darthnius's rating: 1556 → 1576<\/strong> (+20 for winning)\n|l|\u2606Pyte 17\n","uploadtime":1683736172,"views":12,"p1id":"pyte17","p2id":"darthnius","formatid":"gen9vgc2023regulationc","rating":1538,"private":0,"password":""}