{"id":"gen9vgc2023regulationc-1852388951","p1":"anshar_training","p2":"EpicRedditor69","format":"[Gen 9] VGC 2023 Regulation C","log":"|j|\u2606anshar_training\n|j|\u2606EpicRedditor69\n|t:|1682551545\n|gametype|doubles\n|player|p1|anshar_training|colress|1084\n|player|p2|EpicRedditor69|101|1068\n|teamsize|p1|6\n|teamsize|p2|6\n|gen|9\n|tier|[Gen 9] VGC 2023 Regulation C\n|rated|\n|rule|Species Clause: Limit one of each Pok\u00e9mon\n|rule|Item Clause: Limit one of each item\n|clearpoke\n|poke|p1|Palafin, L50, F|\n|poke|p1|Flutter Mane, L50|\n|poke|p1|Arcanine, L50, F|\n|poke|p1|Amoonguss, L50, F|\n|poke|p1|Ting-Lu, L50|\n|poke|p1|Roaring Moon, L50|\n|poke|p2|Maushold-Four, L50|\n|poke|p2|Annihilape, L50, F|\n|poke|p2|Iron Valiant, L50|\n|poke|p2|Scream Tail, L50|\n|poke|p2|Garganacl, L50, F|\n|poke|p2|Fletchling, L50, F|\n|teampreview|4\n|inactive|Battle timer is ON: inactive players will automatically lose when time's up. (requested by EpicRedditor69)\n|inactive|anshar_training has 60 seconds left.\n|inactive|EpicRedditor69 has 60 seconds left.\n|\n|t:|1682551608\n|start\n|switch|p1a: PlusUltra|Palafin, L50, F|100\/100\n|switch|p1b: Susy|Amoonguss, L50, F|100\/100\n|switch|p2a: Monke|Annihilape, L50, F|100\/100\n|switch|p2b: Wholesome|Iron Valiant, L50|100\/100\n|-enditem|p2b: Wholesome|Booster Energy\n|-activate|p2b: Wholesome|ability: Quark Drive|[fromitem]\n|-start|p2b: Wholesome|quarkdrivespe\n|turn|1\n|inactive|anshar_training has 30 seconds left.\n|inactive|EpicRedditor69 has 30 seconds left.\n|inactive|anshar_training has 20 seconds left.\n|inactive|EpicRedditor69 has 20 seconds left.\n|inactive|EpicRedditor69 has 15 seconds left.\n|inactive|EpicRedditor69 has 10 seconds left.\n|\n|t:|1682551656\n|detailschange|p1a: PlusUltra|Palafin-Hero, L50, F\n|switch|p1a: Cornelia|Flutter Mane, L50|100\/100\n|move|p2b: Wholesome|Moonblast|p1b: Susy\n|-resisted|p1b: Susy\n|-damage|p1b: Susy|80\/100\n|move|p2a: Monke|Final Gambit|p1b: Susy\n|-damage|p1b: Susy|0 fnt\n|faint|p2a: Monke\n|faint|p1b: Susy\n|\n|upkeep\n|c|\u2606anshar_training|mmmmmm\n|c|\u2606anshar_training|monke\n|c|\u2606anshar_training|:)\n|\n|t:|1682551676\n|switch|p2a: Loud|Scream Tail, L50|100\/100\n|switch|p1b: PlusUltra|Palafin-Hero, L50, F|100\/100\n|-activate|p1b: PlusUltra|ability: Zero to Hero\n|turn|2\n|c|\u2606EpicRedditor69|Monke\n|\n|t:|1682551695\n|-terastallize|p1a: Cornelia|Fairy\n|move|p2a: Loud|Protect|p2a: Loud\n|-singleturn|p2a: Loud|Protect\n|move|p1b: PlusUltra|Jet Punch|p2a: Loud\n|-activate|p2a: Loud|move: Protect\n|move|p2b: Wholesome|Destiny Bond|p2b: Wholesome\n|-singlemove|p2b: Wholesome|Destiny Bond\n|move|p1a: Cornelia|Dazzling Gleam|p2a: Loud|[spread] p2b\n|-activate|p2a: Loud|move: Protect\n|-supereffective|p2b: Wholesome\n|-damage|p2b: Wholesome|0 fnt\n|faint|p2b: Wholesome\n|-activate|p2b: Wholesome|move: Destiny Bond\n|-end|p2b: Wholesome|Quark Drive|[silent]\n|faint|p1a: Cornelia\n|-end|p1a: Cornelia|Protosynthesis|[silent]\n|\n|upkeep\n|\n|t:|1682551709\n|switch|p1a: Good Soup|Ting-Lu, L50|100\/100\n|switch|p2b: Trollface|Fletchling, L50, F|100\/100\n|-ability|p1a: Good Soup|Vessel of Ruin\n|turn|3\n|\n|t:|1682551729\n|move|p2b: Trollface|Protect|p2b: Trollface\n|-singleturn|p2b: Trollface|Protect\n|move|p1b: PlusUltra|Jet Punch|p2a: Loud\n|-damage|p2a: Loud|60\/100\n|move|p2a: Loud|Perish Song|p2a: Loud\n|-start|p1a: Good Soup|perish3|[silent]\n|-start|p1b: PlusUltra|perish3|[silent]\n|-start|p2a: Loud|perish3|[silent]\n|-start|p2b: Trollface|perish3|[silent]\n|-fieldactivate|move: Perish Song\n|move|p1a: Good Soup|Ruination|p2a: Loud\n|-damage|p2a: Loud|30\/100\n|\n|-start|p2a: Loud|perish3\n|-start|p1b: PlusUltra|perish3\n|-start|p1a: Good Soup|perish3\n|-start|p2b: Trollface|perish3\n|-status|p2b: Trollface|tox|[from] item: Toxic Orb\n|upkeep\n|turn|4\n|\n|t:|1682551753\n|move|p2a: Loud|Protect|p2a: Loud\n|-singleturn|p2a: Loud|Protect\n|move|p1b: PlusUltra|Jet Punch|p2b: Trollface\n|-damage|p2b: Trollface|29\/100 tox\n|move|p1a: Good Soup|Heavy Slam|p2b: Trollface\n|-damage|p2b: Trollface|0 fnt\n|faint|p2b: Trollface\n|\n|-start|p2a: Loud|perish2\n|-start|p1b: PlusUltra|perish2\n|-start|p1a: Good Soup|perish2\n|upkeep\n|turn|5\n|\n|t:|1682551771\n|move|p2a: Loud|Protect||[still]\n|-fail|p2a: Loud\n|move|p1b: PlusUltra|Jet Punch|p2a: Loud\n|-damage|p2a: Loud|0 fnt\n|faint|p2a: Loud\n|-end|p2a: Loud|Protosynthesis|[silent]\n|\n|win|anshar_training\n|raw|anshar_training's rating: 1084 → 1110<\/strong> (+26 for winning)\n|raw|EpicRedditor69's rating: 1068 → 1049<\/strong> (-19 for losing)\n","uploadtime":1682551780,"views":10,"p1id":"anshartraining","p2id":"epicredditor69","formatid":"gen9vgc2023regulationc","rating":1049,"private":0,"password":""}