{"id":"gen9vgc2023regulationc-1862589911","p1":"Sombeon","p2":"KKKKkingsy","format":"[Gen 9] VGC 2023 Regulation C","log":"|j|\u2606Sombeon\n|j|\u2606KKKKkingsy\n|t:|1683903505\n|gametype|doubles\n|player|p1|Sombeon|lucas|1042\n|player|p2|KKKKkingsy|102|1121\n|teamsize|p1|6\n|teamsize|p2|6\n|gen|9\n|tier|[Gen 9] VGC 2023 Regulation C\n|rated|\n|rule|Species Clause: Limit one of each Pok\u00e9mon\n|rule|Item Clause: Limit one of each item\n|clearpoke\n|poke|p1|Ting-Lu, L50|\n|poke|p1|Iron Valiant, L50|\n|poke|p1|Baxcalibur, L50, M|\n|poke|p1|Hatterene, L50, F|\n|poke|p1|Gholdengo, L50|\n|poke|p1|Bellibolt, L50, M|\n|poke|p2|Lokix, L50, F|\n|poke|p2|Rotom-Wash, L50|\n|poke|p2|Talonflame, L50, F|\n|poke|p2|Gastrodon-East, L50, M|\n|poke|p2|Scizor, L50, F|\n|poke|p2|Indeedee-F, L50, F|\n|teampreview|4\n|\n|t:|1683903557\n|start\n|switch|p1a: Hatterene|Hatterene, L50, F|100\/100\n|switch|p1b: Ting-Lu|Ting-Lu, L50|100\/100\n|switch|p2a: Lokix|Lokix, L50, F|100\/100\n|switch|p2b: Talonflame|Talonflame, L50, F|100\/100\n|-ability|p1b: Ting-Lu|Vessel of Ruin\n|turn|1\n|\n|t:|1683903574\n|-terastallize|p2a: Lokix|Bug\n|move|p2a: Lokix|First Impression|p1b: Ting-Lu\n|-supereffective|p1b: Ting-Lu\n|-damage|p1b: Ting-Lu|23\/100\n|-damage|p2a: Lokix|91\/100|[from] item: Life Orb\n|move|p2b: Talonflame|U-turn|p1a: Hatterene\n|-damage|p1a: Hatterene|79\/100\n|\n|t:|1683903585\n|switch|p2b: Scizor|Scizor, L50, F|100\/100|[from] U-turn\n|move|p1b: Ting-Lu|Stone Edge|p2b: Scizor\n|-damage|p2b: Scizor|77\/100\n|move|p1a: Hatterene|Heal Pulse|p1b: Ting-Lu\n|-heal|p1b: Ting-Lu|73\/100\n|\n|-heal|p1a: Hatterene|85\/100|[from] item: Leftovers\n|upkeep\n|turn|2\n|\n|t:|1683903610\n|switch|p1b: Iron Valiant|Iron Valiant, L50|100\/100\n|move|p1a: Hatterene|Protect|p1a: Hatterene\n|-singleturn|p1a: Hatterene|Protect\n|move|p2b: Scizor|Bullet Punch|p1a: Hatterene\n|-activate|p1a: Hatterene|move: Protect\n|move|p2a: Lokix|U-turn|p1b: Iron Valiant\n|-resisted|p1b: Iron Valiant\n|-damage|p1b: Iron Valiant|60\/100\n|-damage|p2a: Lokix|81\/100|[from] item: Life Orb\n|\n|t:|1683903623\n|switch|p2a: Talonflame|Talonflame, L50, F|100\/100|[from] U-turn\n|\n|-heal|p1a: Hatterene|91\/100|[from] item: Leftovers\n|upkeep\n|turn|3\n|\n|t:|1683903660\n|-terastallize|p1b: Iron Valiant|Ghost\n|move|p2a: Talonflame|Brave Bird|p1b: Iron Valiant\n|-damage|p1b: Iron Valiant|0 fnt\n|faint|p1b: Iron Valiant\n|-end|p1b: Iron Valiant|Quark Drive|[silent]\n|-damage|p2a: Talonflame|84\/100|[from] Recoil\n|move|p2b: Scizor|Bullet Punch|p1a: Hatterene\n|-supereffective|p1a: Hatterene\n|-damage|p1a: Hatterene|0 fnt\n|faint|p1a: Hatterene\n|\n|upkeep\n|\n|t:|1683903672\n|switch|p1b: Ting-Lu|Ting-Lu, L50|73\/100\n|switch|p1a: Baxcalibur|Baxcalibur, L50, M|100\/100\n|-ability|p1b: Ting-Lu|Vessel of Ruin\n|turn|4\n|\n|t:|1683903692\n|move|p1a: Baxcalibur|Protect|p1a: Baxcalibur\n|-singleturn|p1a: Baxcalibur|Protect\n|move|p2b: Scizor|Protect|p2b: Scizor\n|-singleturn|p2b: Scizor|Protect\n|move|p2a: Talonflame|Tailwind|p2a: Talonflame\n|-sidestart|p2: KKKKkingsy|move: Tailwind\n|move|p1b: Ting-Lu|Stone Edge|p2a: Talonflame\n|-supereffective|p2a: Talonflame\n|-damage|p2a: Talonflame|0 fnt\n|faint|p2a: Talonflame\n|\n|upkeep\n|\n|t:|1683903705\n|switch|p2a: Lokix|Lokix, L50, F, tera:Bug|81\/100\n|turn|5\n|\n|t:|1683903728\n|move|p2a: Lokix|First Impression|p1b: Ting-Lu\n|-supereffective|p1b: Ting-Lu\n|-damage|p1b: Ting-Lu|0 fnt\n|faint|p1b: Ting-Lu\n|-damage|p2a: Lokix|72\/100|[from] item: Life Orb\n|move|p2b: Scizor|Bullet Punch|p1a: Baxcalibur\n|-supereffective|p1a: Baxcalibur\n|-damage|p1a: Baxcalibur|19\/100\n|move|p1a: Baxcalibur|Ice Shard|p2a: Lokix\n|-damage|p2a: Lokix|33\/100\n|\n|upkeep\n|turn|6\n|\n|t:|1683903743\n|move|p2a: Lokix|Sucker Punch|p1a: Baxcalibur\n|-damage|p1a: Baxcalibur|0 fnt\n|faint|p1a: Baxcalibur\n|-damage|p2a: Lokix|24\/100|[from] item: Life Orb\n|\n|win|KKKKkingsy\n|raw|Sombeon's rating: 1042 → 1029<\/strong> (-13 for losing)\n|raw|KKKKkingsy's rating: 1121 → 1140<\/strong> (+19 for winning)\n|l|\u2606Sombeon\n","uploadtime":1683903763,"views":8,"p1id":"sombeon","p2id":"kkkkkingsy","formatid":"gen9vgc2023regulationc","rating":1029,"private":0,"password":""}