{"id":"gen9vgc2023regulationc-1859431412","p1":"Piccius","p2":"parissof","format":"[Gen 9] VGC 2023 Regulation C","log":"|j|\u2606Piccius\n|j|\u2606parissof\n|t:|1683466144\n|gametype|doubles\n|player|p1|Piccius|hiker-gen4|1282\n|player|p2|parissof|dragontamer|1321\n|teamsize|p1|6\n|teamsize|p2|6\n|gen|9\n|tier|[Gen 9] VGC 2023 Regulation C\n|rated|\n|rule|Species Clause: Limit one of each Pok\u00e9mon\n|rule|Item Clause: Limit one of each item\n|clearpoke\n|poke|p1|Garchomp, L50, M|\n|poke|p1|Flutter Mane, L50|\n|poke|p1|Azumarill, L50, F|\n|poke|p1|Ting-Lu, L50|\n|poke|p1|Arcanine, L50, F|\n|poke|p1|Murkrow, L50, F|\n|poke|p2|Arcanine, L50, F|\n|poke|p2|Baxcalibur, L50, M|\n|poke|p2|Gothitelle, L50, F|\n|poke|p2|Gastrodon, L50, F|\n|poke|p2|Annihilape, L50, M|\n|poke|p2|Iron Moth, L50|\n|teampreview|4\n|inactive|Battle timer is ON: inactive players will automatically lose when time's up. (requested by parissof)\n|\n|t:|1683466193\n|start\n|switch|p1a: Flutter Mane|Flutter Mane, L50|100\/100\n|switch|p1b: Ting-Lu|Ting-Lu, L50|100\/100\n|switch|p2a: Arcanine|Arcanine, L50, F|100\/100\n|switch|p2b: Annihilape|Annihilape, L50, M|100\/100\n|-ability|p2a: Arcanine|Intimidate|boost\n|-unboost|p1a: Flutter Mane|atk|1\n|-unboost|p1b: Ting-Lu|atk|1\n|-ability|p1b: Ting-Lu|Vessel of Ruin\n|turn|1\n|inactive|parissof has 30 seconds left.\n|\n|t:|1683466219\n|-terastallize|p2b: Annihilape|Fire\n|move|p1a: Flutter Mane|Shadow Ball|p2b: Annihilape\n|-damage|p2b: Annihilape|59\/100\n|move|p2a: Arcanine|Howl|p2a: Arcanine|[spread] p2a,p2b\n|-boost|p2a: Arcanine|atk|1\n|-boost|p2b: Annihilape|atk|1\n|move|p2b: Annihilape|Drain Punch|p1b: Ting-Lu\n|-supereffective|p1b: Ting-Lu\n|-damage|p1b: Ting-Lu|42\/100\n|-heal|p2b: Annihilape|96\/100|[from] drain|[of] p1b: Ting-Lu\n|move|p1b: Ting-Lu|Stomping Tantrum|p2b: Annihilape\n|-supereffective|p2b: Annihilape\n|-damage|p2b: Annihilape|52\/100\n|\n|-heal|p2b: Annihilape|58\/100|[from] item: Leftovers\n|-heal|p1b: Ting-Lu|49\/100|[from] item: Leftovers\n|upkeep\n|turn|2\n|inactive|Piccius has 30 seconds left.\n|\n|t:|1683466248\n|move|p1a: Flutter Mane|Shadow Ball|p2b: Annihilape\n|-damage|p2b: Annihilape|17\/100\n|-unboost|p2b: Annihilape|spd|1\n|-ability|p2b: Annihilape|Defiant|boost\n|-boost|p2b: Annihilape|atk|2\n|move|p2a: Arcanine|Howl|p2a: Arcanine|[spread] p2a,p2b\n|-boost|p2a: Arcanine|atk|1\n|-boost|p2b: Annihilape|atk|1\n|move|p2b: Annihilape|Rage Fist|p1a: Flutter Mane\n|-supereffective|p1a: Flutter Mane\n|-damage|p1a: Flutter Mane|0 fnt\n|faint|p1a: Flutter Mane\n|-end|p1a: Flutter Mane|Protosynthesis|[silent]\n|move|p1b: Ting-Lu|Stomping Tantrum|p2a: Arcanine\n|-supereffective|p2a: Arcanine\n|-damage|p2a: Arcanine|57\/100\n|\n|-heal|p2b: Annihilape|22\/100|[from] item: Leftovers\n|-heal|p1b: Ting-Lu|55\/100|[from] item: Leftovers\n|upkeep\n|\n|t:|1683466258\n|switch|p1a: Garchomp|Garchomp, L50, M|100\/100\n|turn|3\n|inactive|parissof has 30 seconds left.\n|\n|t:|1683466285\n|switch|p2a: Gastrodon|Gastrodon, L50, F|100\/100\n|move|p1b: Ting-Lu|Protect|p1b: Ting-Lu\n|-singleturn|p1b: Ting-Lu|Protect\n|move|p1a: Garchomp|Earthquake|p2b: Annihilape|[spread] p2a,p2b\n|-activate|p1b: Ting-Lu|move: Protect\n|-supereffective|p2b: Annihilape\n|-damage|p2a: Gastrodon|61\/100\n|-damage|p2b: Annihilape|0 fnt\n|faint|p2b: Annihilape\n|\n|-heal|p1b: Ting-Lu|61\/100|[from] item: Leftovers\n|upkeep\n|\n|t:|1683466298\n|switch|p2b: Baxcalibur|Baxcalibur, L50, M|100\/100\n|turn|4\n|\n|t:|1683466311\n|move|p1a: Garchomp|Protect|p1a: Garchomp\n|-singleturn|p1a: Garchomp|Protect\n|move|p2b: Baxcalibur|Protect|p2b: Baxcalibur\n|-singleturn|p2b: Baxcalibur|Protect\n|move|p1b: Ting-Lu|Fissure|p2b: Baxcalibur\n|-activate|p2b: Baxcalibur|move: Protect\n|move|p2a: Gastrodon|Yawn|p1a: Garchomp\n|-activate|p1a: Garchomp|move: Protect\n|\n|-heal|p1b: Ting-Lu|67\/100|[from] item: Leftovers\n|upkeep\n|turn|5\n|\n|t:|1683466333\n|switch|p1a: Azumarill|Azumarill, L50, F, shiny|100\/100\n|move|p2b: Baxcalibur|Glaive Rush|p1a: Azumarill\n|-immune|p1a: Azumarill\n|move|p1b: Ting-Lu|Stomping Tantrum|p2b: Baxcalibur\n|-damage|p2b: Baxcalibur|79\/100\n|move|p2a: Gastrodon|Yawn|p1b: Ting-Lu\n|-start|p1b: Ting-Lu|move: Yawn|[of] p2a: Gastrodon\n|\n|-heal|p1b: Ting-Lu|73\/100|[from] item: Leftovers\n|upkeep\n|turn|6\n|\n|t:|1683466356\n|move|p2b: Baxcalibur|Protect|p2b: Baxcalibur\n|-singleturn|p2b: Baxcalibur|Protect\n|move|p1a: Azumarill|Play Rough|p2b: Baxcalibur\n|-activate|p2b: Baxcalibur|move: Protect\n|move|p1b: Ting-Lu|Stomping Tantrum|p2b: Baxcalibur\n|-activate|p2b: Baxcalibur|move: Protect\n|move|p2a: Gastrodon|Yawn|p1a: Azumarill\n|-start|p1a: Azumarill|move: Yawn|[of] p2a: Gastrodon\n|\n|-heal|p1b: Ting-Lu|79\/100|[from] item: Leftovers\n|-end|p1b: Ting-Lu|move: Yawn|[silent]\n|-status|p1b: Ting-Lu|slp\n|upkeep\n|turn|7\n|\n|t:|1683466378\n|switch|p2b: Arcanine|Arcanine, L50, F|57\/100\n|-ability|p2b: Arcanine|Intimidate|boost\n|-unboost|p1a: Azumarill|atk|1\n|-unboost|p1b: Ting-Lu|atk|1\n|move|p1a: Azumarill|Play Rough|p2b: Arcanine\n|-resisted|p2b: Arcanine\n|-damage|p2b: Arcanine|40\/100\n|cant|p1b: Ting-Lu|slp\n|move|p2a: Gastrodon|Muddy Water|p1b: Ting-Lu|[spread] p1b\n|-miss|p2a: Gastrodon|p1a: Azumarill\n|-supereffective|p1b: Ting-Lu\n|-damage|p1b: Ting-Lu|52\/100 slp\n|\n|-heal|p1b: Ting-Lu|58\/100 slp|[from] item: Leftovers\n|-end|p1a: Azumarill|move: Yawn|[silent]\n|-status|p1a: Azumarill|slp\n|upkeep\n|turn|8\n|inactive|parissof has 30 seconds left.\n|\n|t:|1683466404\n|move|p2b: Arcanine|Howl|p2b: Arcanine|[spread] p2a,p2b\n|-boost|p2a: Gastrodon|atk|1\n|-boost|p2b: Arcanine|atk|1\n|cant|p1a: Azumarill|slp\n|-curestatus|p1b: Ting-Lu|slp|[msg]\n|move|p1b: Ting-Lu|Stomping Tantrum|p2a: Gastrodon\n|-damage|p2a: Gastrodon|30\/100\n|-damage|p1b: Ting-Lu|41\/100|[from] item: Rocky Helmet|[of] p2a: Gastrodon\n|move|p2a: Gastrodon|Muddy Water|p1b: Ting-Lu|[spread] p1a\n|-miss|p2a: Gastrodon|p1b: Ting-Lu\n|-resisted|p1a: Azumarill\n|-damage|p1a: Azumarill|94\/100 slp\n|-unboost|p1a: Azumarill|accuracy|1\n|\n|-heal|p1b: Ting-Lu|47\/100|[from] item: Leftovers\n|upkeep\n|turn|9\n|\n|t:|1683466429\n|move|p2b: Arcanine|Extreme Speed|p1a: Azumarill\n|-crit|p1a: Azumarill\n|-damage|p1a: Azumarill|39\/100 slp\n|cant|p1a: Azumarill|slp\n|move|p1b: Ting-Lu|Stomping Tantrum|p2b: Arcanine\n|-supereffective|p2b: Arcanine\n|-damage|p2b: Arcanine|9\/100\n|move|p2a: Gastrodon|Muddy Water|p1b: Ting-Lu|[spread] p1a,p1b\n|-resisted|p1a: Azumarill\n|-supereffective|p1b: Ting-Lu\n|-damage|p1a: Azumarill|33\/100 slp\n|-damage|p1b: Ting-Lu|22\/100\n|\n|-heal|p1b: Ting-Lu|28\/100|[from] item: Leftovers\n|upkeep\n|turn|10\n|\n|t:|1683466446\n|switch|p1a: Garchomp|Garchomp, L50, M|100\/100\n|move|p2b: Arcanine|Extreme Speed|p1a: Garchomp\n|-damage|p1a: Garchomp|69\/100\n|-damage|p2b: Arcanine|0 fnt|[from] ability: Rough Skin|[of] p1a: Garchomp\n|faint|p2b: Arcanine\n|move|p1b: Ting-Lu|Stomping Tantrum|p2a: Gastrodon\n|-damage|p2a: Gastrodon|14\/100\n|-damage|p1b: Ting-Lu|12\/100|[from] item: Rocky Helmet|[of] p2a: Gastrodon\n|move|p2a: Gastrodon|Muddy Water|p1a: Garchomp|[spread] p1a,p1b\n|-supereffective|p1b: Ting-Lu\n|-damage|p1a: Garchomp|49\/100\n|-damage|p1b: Ting-Lu|0 fnt\n|faint|p1b: Ting-Lu\n|\n|upkeep\n|\n|t:|1683466459\n|switch|p2b: Baxcalibur|Baxcalibur, L50, M|79\/100\n|switch|p1b: Azumarill|Azumarill, L50, F, shiny|33\/100 slp\n|turn|11\n|\n|t:|1683466477\n|move|p1a: Garchomp|Protect|p1a: Garchomp\n|-singleturn|p1a: Garchomp|Protect\n|move|p2b: Baxcalibur|Icicle Spear|p1a: Garchomp\n|-activate|p1a: Garchomp|move: Protect\n|-curestatus|p1b: Azumarill|slp|[msg]\n|move|p1b: Azumarill|Ice Spinner|p2a: Gastrodon\n|-damage|p2a: Gastrodon|0 fnt\n|-damage|p1b: Azumarill|17\/100|[from] item: Rocky Helmet|[of] p2a: Gastrodon\n|faint|p2a: Gastrodon\n|\n|upkeep\n|turn|12\n|inactive|parissof has 30 seconds left.\n|\n|t:|1683466504\n|-terastallize|p1a: Garchomp|Ground\n|move|p1a: Garchomp|Dragon Claw|p2b: Baxcalibur\n|-supereffective|p2b: Baxcalibur\n|-damage|p2b: Baxcalibur|9\/100\n|move|p2b: Baxcalibur|Icicle Spear|p1b: Azumarill\n|-resisted|p1b: Azumarill\n|-damage|p1b: Azumarill|9\/100\n|-resisted|p1b: Azumarill\n|-damage|p1b: Azumarill|1\/100\n|-resisted|p1b: Azumarill\n|-damage|p1b: Azumarill|0 fnt\n|faint|p1b: Azumarill\n|-hitcount|p1: Azumarill|3\n|\n|upkeep\n|turn|13\n|\n|t:|1683466519\n|move|p2b: Baxcalibur|Ice Shard|p1a: Garchomp\n|-supereffective|p1a: Garchomp\n|-damage|p1a: Garchomp|0 fnt\n|faint|p1a: Garchomp\n|\n|win|parissof\n|raw|Piccius's rating: 1282 → 1260<\/strong> (-22 for losing)\n|raw|parissof's rating: 1321 → 1339<\/strong> (+18 for winning)\n|l|\u2606Piccius\n","uploadtime":1683466548,"views":2,"p1id":"piccius","p2id":"parissof","formatid":"gen9vgc2023regulationc","rating":1260,"private":0,"password":""}