{"id":"gen9vgc2023regulationc-1862308731","p1":"YT_JoseRockzVGC","p2":"jchemmy","format":"[Gen 9] VGC 2023 Regulation C","log":"|j|\u2606YT_JoseRockzVGC\n|j|\u2606jchemmy\n|t:|1683863237\n|gametype|doubles\n|player|p1|YT_JoseRockzVGC|102|1380\n|player|p2|jchemmy|brock|1342\n|teamsize|p1|6\n|teamsize|p2|6\n|gen|9\n|tier|[Gen 9] VGC 2023 Regulation C\n|rated|\n|rule|Species Clause: Limit one of each Pok\u00e9mon\n|rule|Item Clause: Limit one of each item\n|clearpoke\n|poke|p1|Chi-Yu, L50|\n|poke|p1|Dondozo, L50, F|\n|poke|p1|Tatsugiri, L50, F|\n|poke|p1|Iron Bundle, L50|\n|poke|p1|Iron Valiant, L50|\n|poke|p1|Gholdengo, L50|\n|poke|p2|Flutter Mane, L50|\n|poke|p2|Ting-Lu, L50|\n|poke|p2|Baxcalibur, L50, F|\n|poke|p2|Palafin, L50, F|\n|poke|p2|Arcanine, L50, F|\n|poke|p2|Amoonguss, L50, M|\n|teampreview|4\n|c|\u2606YT_JoseRockzVGC|Yo bro if you have time would you mind subscribing to my youtube ? I would greatly appreciate it https:\/\/youtu.be\/sdAwnryYupc\n|inactive|Battle timer is ON: inactive players will automatically lose when time's up. (requested by jchemmy)\njchemmy has agreed to open team sheets.\n|c|\u2606jchemmy|only if you accept OTS\n|c|\u2606jchemmy|;)\n|inactive|jchemmy has 60 seconds left.\n|c|\u2606YT_JoseRockzVGC|sure why not\nYT_JoseRockzVGC has agreed to open team sheets.\n|inactive|jchemmy has 30 seconds left.\n|\n|t:|1683863319\n|start\n|switch|p1a: Chi-Yu|Chi-Yu, L50|100\/100\n|switch|p1b: Gholdengo|Gholdengo, L50|100\/100\n|switch|p2a: Ting-Lu|Ting-Lu, L50|100\/100\n|switch|p2b: Arcanine|Arcanine, L50, F|100\/100\n|-ability|p2b: Arcanine|Intimidate|boost\n|-unboost|p1a: Chi-Yu|atk|1\n|-unboost|p1b: Gholdengo|atk|1\n|-ability|p1a: Chi-Yu|Beads of Ruin\n|-ability|p2a: Ting-Lu|Vessel of Ruin\n|turn|1\n|\n|t:|1683863344\n|-terastallize|p1b: Gholdengo|Bug\n|move|p1b: Gholdengo|Tera Blast|p2a: Ting-Lu\n|-supereffective|p2a: Ting-Lu\n|-crit|p2a: Ting-Lu\n|-damage|p2a: Ting-Lu|21\/100\n|-damage|p1b: Gholdengo|91\/100|[from] item: Life Orb\n|move|p2b: Arcanine|Howl|p2b: Arcanine|[spread] p2a,p2b\n|-boost|p2a: Ting-Lu|atk|1\n|-boost|p2b: Arcanine|atk|1\n|move|p1a: Chi-Yu|Heat Wave|p2b: Arcanine|[spread] \n|-miss|p1a: Chi-Yu|p2a: Ting-Lu\n|-miss|p1a: Chi-Yu|p2b: Arcanine\n|move|p2a: Ting-Lu|Stomping Tantrum|p1a: Chi-Yu\n|-supereffective|p1a: Chi-Yu\n|-damage|p1a: Chi-Yu|0 fnt\n|faint|p1a: Chi-Yu\n|\n|upkeep\n|\n|t:|1683863365\n|switch|p1a: Iron Bundle|Iron Bundle, L50|100\/100\n|-enditem|p1a: Iron Bundle|Booster Energy\n|-activate|p1a: Iron Bundle|ability: Quark Drive|[fromitem]\n|-start|p1a: Iron Bundle|quarkdrivespe\n|turn|2\n|\n|t:|1683863386\n|-terastallize|p2b: Arcanine|Flying\n|move|p1a: Iron Bundle|Encore|p2b: Arcanine\n|-start|p2b: Arcanine|Encore\n|move|p1b: Gholdengo|Shadow Ball|p2a: Ting-Lu\n|-resisted|p2a: Ting-Lu\n|-damage|p2a: Ting-Lu|10\/100\n|-damage|p1b: Gholdengo|81\/100|[from] item: Life Orb\n|move|p2b: Arcanine|Howl|p2b: Arcanine|[spread] p2a,p2b\n|-boost|p2a: Ting-Lu|atk|1\n|-boost|p2b: Arcanine|atk|1\n|move|p2a: Ting-Lu|Stone Edge|p1a: Iron Bundle\n|-supereffective|p1a: Iron Bundle\n|-damage|p1a: Iron Bundle|0 fnt\n|faint|p1a: Iron Bundle\n|-end|p1a: Iron Bundle|Quark Drive|[silent]\n|\n|upkeep\n|\n|t:|1683863408\n|switch|p1a: Iron Valiant|Iron Valiant, L50|100\/100\n|turn|3\n|\n|t:|1683863426\n|switch|p2a: Baxcalibur|Baxcalibur, L50, F|100\/100\n|move|p1a: Iron Valiant|Moonblast|p2b: Arcanine\n|-damage|p2b: Arcanine|55\/100\n|-unboost|p2b: Arcanine|spa|1\n|move|p1b: Gholdengo|Tera Blast|p2a: Baxcalibur\n|-damage|p2a: Baxcalibur|47\/100\n|-damage|p1b: Gholdengo|71\/100|[from] item: Life Orb\n|move|p2b: Arcanine|Howl|p2b: Arcanine|[spread] p2a,p2b\n|-boost|p2a: Baxcalibur|atk|1\n|-boost|p2b: Arcanine|atk|1\n|\n|upkeep\n|turn|4\n|\n|t:|1683863445\n|move|p2a: Baxcalibur|Protect|p2a: Baxcalibur\n|-singleturn|p2a: Baxcalibur|Protect\n|move|p1a: Iron Valiant|Moonblast|p2a: Baxcalibur\n|-activate|p2a: Baxcalibur|move: Protect\n|move|p1b: Gholdengo|Shadow Ball|p2b: Arcanine\n|-damage|p2b: Arcanine|6\/100\n|-unboost|p2b: Arcanine|spd|1\n|-damage|p1b: Gholdengo|61\/100|[from] item: Life Orb\n|move|p2b: Arcanine|Howl|p2b: Arcanine|[spread] p2a,p2b\n|-boost|p2a: Baxcalibur|atk|1\n|-boost|p2b: Arcanine|atk|1\n|\n|-end|p2b: Arcanine|Encore\n|upkeep\n|turn|5\n|\n|t:|1683863464\n|move|p1a: Iron Valiant|Protect|p1a: Iron Valiant\n|-singleturn|p1a: Iron Valiant|Protect\n|move|p2a: Baxcalibur|Ice Shard|p1b: Gholdengo\n|-damage|p1b: Gholdengo|4\/100\n|move|p1b: Gholdengo|Make It Rain|p2b: Arcanine|[spread] p2a,p2b\n|-supereffective|p2a: Baxcalibur\n|-damage|p2a: Baxcalibur|0 fnt\n|-damage|p2b: Arcanine|0 fnt\n|-unboost|p1b: Gholdengo|spa|1\n|faint|p2a: Baxcalibur\n|faint|p2b: Arcanine\n|-damage|p1b: Gholdengo|0 fnt|[from] item: Life Orb\n|faint|p1b: Gholdengo\n|\n|upkeep\n|\n|t:|1683863469\n|switch|p2b: Ting-Lu|Ting-Lu, L50|10\/100\n|switch|p2a: Amoonguss|Amoonguss, L50, M|100\/100\n|-ability|p2b: Ting-Lu|Vessel of Ruin\n|turn|6\n|\n|t:|1683863486\n|move|p2a: Amoonguss|Rage Powder|p2a: Amoonguss\n|-singleturn|p2a: Amoonguss|move: Rage Powder\n|move|p1a: Iron Valiant|Moonblast|p2a: Amoonguss\n|-resisted|p2a: Amoonguss\n|-damage|p2a: Amoonguss|83\/100\n|move|p2b: Ting-Lu|Heavy Slam|p1a: Iron Valiant\n|-supereffective|p1a: Iron Valiant\n|-damage|p1a: Iron Valiant|4\/100\n|\n|upkeep\n|turn|7\n|c|\u2606YT_JoseRockzVGC|gg bro\n|c|\u2606jchemmy|ggs!\n|inactive|YT_JoseRockzVGC has 30 seconds left.\n|inactive|YT_JoseRockzVGC has 20 seconds left.\n|c|\u2606YT_JoseRockzVGC|hope to see you on the channel\n|inactive|YT_JoseRockzVGC has 15 seconds left.\n|\n|t:|1683863530\n|move|p1a: Iron Valiant|Moonblast|p2b: Ting-Lu\n|-supereffective|p2b: Ting-Lu\n|-damage|p2b: Ting-Lu|0 fnt\n|faint|p2b: Ting-Lu\n|move|p2a: Amoonguss|Pollen Puff|p1a: Iron Valiant\n|-resisted|p1a: Iron Valiant\n|-damage|p1a: Iron Valiant|0 fnt\n|faint|p1a: Iron Valiant\n|-end|p1a: Iron Valiant|Quark Drive|[silent]\n|\n|win|jchemmy\n|raw|YT_JoseRockzVGC's rating: 1380 → 1358<\/strong> (-22 for losing)\n|raw|jchemmy's rating: 1342 → 1364<\/strong> (+22 for winning)\n|c|\u2606jchemmy|subscribed!\n","uploadtime":1683863540,"views":16,"p1id":"ytjoserockzvgc","p2id":"jchemmy","formatid":"gen9vgc2023regulationc","rating":1358,"private":0,"password":""}