{"id":"gen9vgc2023regulationc-1862226051","p1":"Awsomesause84","p2":"stack of pancake","format":"[Gen 9] VGC 2023 Regulation C","log":"|j|\u2606Awsomesause84\n|j|\u2606stack of pancake\n|t:|1683851895\n|gametype|doubles\n|player|p1|Awsomesause84|acetrainer-gen4dp|1136\n|player|p2|stack of pancake|steven|1090\n|teamsize|p1|6\n|teamsize|p2|6\n|gen|9\n|tier|[Gen 9] VGC 2023 Regulation C\n|rated|\n|rule|Species Clause: Limit one of each Pok\u00e9mon\n|rule|Item Clause: Limit one of each item\n|clearpoke\n|poke|p1|Great Tusk, L50|\n|poke|p1|Flutter Mane, L50|\n|poke|p1|Torkoal, L50, M|\n|poke|p1|Jumpluff, L50, M|\n|poke|p1|Kingambit, L50, M|\n|poke|p1|Chien-Pao, L50|\n|poke|p2|Murkrow, L50, F|\n|poke|p2|Flutter Mane, L50|\n|poke|p2|Great Tusk, L50|\n|poke|p2|Amoonguss, L50, M|\n|poke|p2|Kingambit, L50, M|\n|poke|p2|Arcanine, L50, F|\n|teampreview|4\n|\n|t:|1683851935\n|start\n|switch|p1a: Torkoal|Torkoal, L50, M, shiny|100\/100\n|switch|p1b: Jumpluff|Jumpluff, L50, M, shiny|100\/100\n|switch|p2a: Great Tusk|Great Tusk, L50|100\/100\n|switch|p2b: Kingambit|Kingambit, L50, M|100\/100\n|-weather|SunnyDay|[from] ability: Drought|[of] p1a: Torkoal\n|-activate|p2a: Great Tusk|ability: Protosynthesis\n|-start|p2a: Great Tusk|protosynthesisatk\n|turn|1\n|\n|t:|1683851990\n|-terastallize|p2b: Kingambit|Flying\n|move|p1b: Jumpluff|Sleep Powder|p2a: Great Tusk\n|-status|p2a: Great Tusk|slp|[from] move: Sleep Powder\n|cant|p2a: Great Tusk|slp\n|move|p2b: Kingambit|Tera Blast|p1b: Jumpluff\n|-supereffective|p1b: Jumpluff\n|-damage|p1b: Jumpluff|0 fnt\n|faint|p1b: Jumpluff\n|move|p1a: Torkoal|Overheat|p2b: Kingambit\n|-damage|p2b: Kingambit|60\/100\n|-unboost|p1a: Torkoal|spa|2\n|-enditem|p1a: Torkoal|Eject Pack\n|\n|t:|1683852005\n|switch|p1a: Great Tusk|Great Tusk, L50|100\/100\n|-activate|p1a: Great Tusk|ability: Protosynthesis\n|-start|p1a: Great Tusk|protosynthesisatk\n|\n|-weather|SunnyDay|[upkeep]\n|upkeep\n|\n|t:|1683852012\n|switch|p1b: Chien-Pao|Chien-Pao, L50|100\/100\n|-ability|p1b: Chien-Pao|Sword of Ruin\n|turn|2\n|\n|t:|1683852055\n|move|p2b: Kingambit|Sucker Punch|p1b: Chien-Pao\n|-resisted|p1b: Chien-Pao\n|-damage|p1b: Chien-Pao|70\/100\n|move|p1a: Great Tusk|Rock Slide|p2b: Kingambit|[spread] p2a,p2b\n|-resisted|p2a: Great Tusk\n|-supereffective|p2b: Kingambit\n|-damage|p2a: Great Tusk|94\/100 slp\n|-damage|p2b: Kingambit|12\/100\n|cant|p2a: Great Tusk|slp\n|move|p1b: Chien-Pao|Ice Spinner|p2b: Kingambit\n|-supereffective|p2b: Kingambit\n|-damage|p2b: Kingambit|0 fnt\n|faint|p2b: Kingambit\n|\n|-weather|SunnyDay|[upkeep]\n|upkeep\n|\n|t:|1683852076\n|switch|p2b: Amoonguss|Amoonguss, L50, M|100\/100\n|turn|3\n|\n|t:|1683852089\n|move|p2b: Amoonguss|Protect|p2b: Amoonguss\n|-singleturn|p2b: Amoonguss|Protect\n|move|p1a: Great Tusk|Rock Slide|p2a: Great Tusk|[spread] p2a\n|-activate|p2b: Amoonguss|move: Protect\n|-resisted|p2a: Great Tusk\n|-damage|p2a: Great Tusk|88\/100 slp\n|-curestatus|p2a: Great Tusk|slp|[msg]\n|move|p2a: Great Tusk|Close Combat|p1b: Chien-Pao\n|-supereffective|p1b: Chien-Pao\n|-damage|p1b: Chien-Pao|0 fnt\n|-unboost|p2a: Great Tusk|def|1\n|-unboost|p2a: Great Tusk|spd|1\n|faint|p1b: Chien-Pao\n|\n|-weather|SunnyDay|[upkeep]\n|upkeep\n|\n|t:|1683852105\n|switch|p1b: Torkoal|Torkoal, L50, M, shiny|100\/100\n|turn|4\n|\n|t:|1683852132\n|move|p1a: Great Tusk|Rock Slide|p2a: Great Tusk|[spread] p2a\n|-miss|p1a: Great Tusk|p2b: Amoonguss\n|-resisted|p2a: Great Tusk\n|-damage|p2a: Great Tusk|81\/100\n|move|p2a: Great Tusk|Close Combat|p1a: Great Tusk\n|-damage|p1a: Great Tusk|29\/100\n|-unboost|p2a: Great Tusk|def|1\n|-unboost|p2a: Great Tusk|spd|1\n|move|p1b: Torkoal|Overheat|p2b: Amoonguss\n|-supereffective|p2b: Amoonguss\n|-damage|p2b: Amoonguss|3\/100\n|-unboost|p1b: Torkoal|spa|2\n|-enditem|p2b: Amoonguss|Sitrus Berry|[eat]\n|-heal|p2b: Amoonguss|28\/100|[from] item: Sitrus Berry\n|move|p2b: Amoonguss|Spore|p1b: Torkoal\n|-status|p1b: Torkoal|slp|[from] move: Spore\n|\n|-weather|SunnyDay|[upkeep]\n|upkeep\n|turn|5\n|\n|t:|1683852173\n|move|p1a: Great Tusk|Rock Slide|p2a: Great Tusk|[spread] p2a,p2b\n|-resisted|p2a: Great Tusk\n|-damage|p2a: Great Tusk|72\/100\n|-damage|p2b: Amoonguss|6\/100\n|cant|p2a: Great Tusk|flinch\n|cant|p1b: Torkoal|slp\n|move|p2b: Amoonguss|Spore|p1a: Great Tusk\n|-status|p1a: Great Tusk|slp|[from] move: Spore\n|\n|-weather|none\n|-end|p1a: Great Tusk|Protosynthesis\n|-end|p2a: Great Tusk|Protosynthesis\n|upkeep\n|turn|6\n|\n|t:|1683852203\n|switch|p2b: Flutter Mane|Flutter Mane, L50|100\/100\n|cant|p1a: Great Tusk|slp\n|move|p2a: Great Tusk|Close Combat|p1a: Great Tusk\n|-damage|p1a: Great Tusk|0 fnt\n|-unboost|p2a: Great Tusk|def|1\n|-unboost|p2a: Great Tusk|spd|1\n|faint|p1a: Great Tusk\n|-end|p1a: Great Tusk|Protosynthesis|[silent]\n|cant|p1b: Torkoal|slp\n|\n|upkeep\n|turn|7\n|\n|t:|1683852217\n|cant|p1b: Torkoal|slp\n|move|p2a: Great Tusk|Close Combat|p1b: Torkoal\n|-damage|p1b: Torkoal|59\/100 slp\n|-unboost|p2a: Great Tusk|def|1\n|-unboost|p2a: Great Tusk|spd|1\n|move|p2b: Flutter Mane|Shadow Ball|p1b: Torkoal\n|-damage|p1b: Torkoal|0 fnt\n|faint|p1b: Torkoal\n|\n|win|stack of pancake\n|raw|Awsomesause84's rating: 1136 → 1108<\/strong> (-28 for losing)\n|raw|stack of pancake's rating: 1090 → 1120<\/strong> (+30 for winning)\n","uploadtime":1683852228,"views":8,"p1id":"awsomesause84","p2id":"stackofpancake","formatid":"gen9vgc2023regulationc","rating":1108,"private":0,"password":""}