{"id":"gen9vgc2023regulationc-1845956823","p1":"Dajuicebar","p2":"shhh6","format":"[Gen 9] VGC 2023 Regulation C","log":"|j|\u2606Dajuicebar\n|j|\u2606shhh6\n|t:|1681783700\n|gametype|doubles\n|player|p1|Dajuicebar|1|1021\n|player|p2|shhh6|101|1086\n|teamsize|p1|6\n|teamsize|p2|6\n|gen|9\n|tier|[Gen 9] VGC 2023 Regulation C\n|rated|\n|rule|Species Clause: Limit one of each Pok\u00e9mon\n|rule|Item Clause: Limit one of each item\n|clearpoke\n|poke|p1|Cyclizar, L50, M|\n|poke|p1|Flutter Mane, L50|\n|poke|p1|Toxapex, L50, F|\n|poke|p1|Gothitelle, L50, M|\n|poke|p1|Goodra, L50, F|\n|poke|p1|Meowscarada, L50, F|\n|poke|p2|Torkoal, L50, M|\n|poke|p2|Chi-Yu, L50|\n|poke|p2|Bronzong, L50|\n|poke|p2|Gastrodon, L50, M|\n|poke|p2|Grimmsnarl, L50, M|\n|poke|p2|Skeledirge, L50, F|\n|teampreview|4\n|inactive|Battle timer is ON: inactive players will automatically lose when time's up. (requested by Dajuicebar)\n|\n|t:|1681783728\n|start\n|switch|p1a: Meowscarada|Meowscarada, L50, F|100\/100\n|switch|p1b: Goodra|Goodra, L50, F|100\/100\n|switch|p2a: Grimmsnarl|Grimmsnarl, L50, M|100\/100\n|switch|p2b: Chi-Yu|Chi-Yu, L50|100\/100\n|-ability|p2b: Chi-Yu|Beads of Ruin\n|turn|1\n|\n|t:|1681783747\n|move|p1a: Meowscarada|Protect|p1a: Meowscarada\n|-singleturn|p1a: Meowscarada|Protect\n|move|p2a: Grimmsnarl|Fake Out|p1a: Meowscarada\n|-activate|p1a: Meowscarada|move: Protect\n|move|p2b: Chi-Yu|Snarl|p1b: Goodra|[spread] p1b\n|-activate|p1a: Meowscarada|move: Protect\n|-damage|p1b: Goodra|90\/100\n|-unboost|p1b: Goodra|spa|1\n|move|p1b: Goodra|Rock Slide|p2b: Chi-Yu|[spread] p2a,p2b\n|-supereffective|p2b: Chi-Yu\n|-damage|p2a: Grimmsnarl|86\/100\n|-damage|p2b: Chi-Yu|68\/100\n|\n|upkeep\n|turn|2\n|\n|t:|1681783770\n|move|p2b: Chi-Yu|Protect|p2b: Chi-Yu\n|-singleturn|p2b: Chi-Yu|Protect\n|move|p1a: Meowscarada|Petal Blizzard|p2a: Grimmsnarl|[spread] p2a\n|-activate|p2b: Chi-Yu|move: Protect\n|-ability|p1b: Goodra|Sap Sipper|boost\n|-boost|p1b: Goodra|atk|1\n|-damage|p2a: Grimmsnarl|46\/100\n|move|p1b: Goodra|Rock Slide|p2a: Grimmsnarl|[spread] p2a\n|-activate|p2b: Chi-Yu|move: Protect\n|-damage|p2a: Grimmsnarl|26\/100\n|cant|p2a: Grimmsnarl|flinch\n|\n|upkeep\n|turn|3\n|\n|t:|1681783786\n|switch|p2b: Bronzong|Bronzong, L50|100\/100\n|move|p2a: Grimmsnarl|Trick|p1b: Goodra\n|-activate|p2a: Grimmsnarl|move: Trick|[of] p1b: Goodra\n|-item|p1b: Goodra|Lagging Tail|[from] move: Trick\n|-item|p2a: Grimmsnarl|Assault Vest|[from] move: Trick\n|move|p1a: Meowscarada|Petal Blizzard|p2b: Bronzong|[spread] p2a,p2b\n|-ability|p1b: Goodra|Sap Sipper|boost\n|-boost|p1b: Goodra|atk|1\n|-resisted|p2b: Bronzong\n|-damage|p2a: Grimmsnarl|0 fnt\n|-damage|p2b: Bronzong|90\/100\n|faint|p2a: Grimmsnarl\n|move|p1b: Goodra|Rock Slide|p2b: Bronzong|[miss]\n|-miss|p1b: Goodra|p2b: Bronzong\n|\n|upkeep\n|\n|t:|1681783795\n|switch|p2a: Skeledirge|Skeledirge, L50, F|100\/100\n|turn|4\n|inactive|Dajuicebar has 30 seconds left.\n|inactive|Dajuicebar has 20 seconds left.\n|inactive|Dajuicebar has 15 seconds left.\n|inactive|Dajuicebar has 10 seconds left.\n|\n|t:|1681783841\n|move|p1a: Meowscarada|Protect|p1a: Meowscarada\n|-singleturn|p1a: Meowscarada|Protect\n|move|p2a: Skeledirge|Protect|p2a: Skeledirge\n|-singleturn|p2a: Skeledirge|Protect\n|move|p1b: Goodra|Rock Slide|p2a: Skeledirge|[spread] p2b\n|-activate|p2a: Skeledirge|move: Protect\n|-resisted|p2b: Bronzong\n|-damage|p2b: Bronzong|80\/100\n|move|p2b: Bronzong|Trick Room|p2b: Bronzong\n|-fieldstart|move: Trick Room|[of] p2b: Bronzong\n|\n|upkeep\n|turn|5\n|\n|t:|1681783857\n|switch|p1a: Toxapex|Toxapex, L50, F|100\/100\n|-terastallize|p2a: Skeledirge|Fairy\n|move|p2b: Bronzong|Body Press|p1b: Goodra\n|-damage|p1b: Goodra|66\/100\n|move|p2a: Skeledirge|Tera Blast|p1b: Goodra\n|-supereffective|p1b: Goodra\n|-crit|p1b: Goodra\n|-damage|p1b: Goodra|0 fnt\n|faint|p1b: Goodra\n|\n|upkeep\n|-message|Dajuicebar forfeited.\n|\n|win|shhh6\n|raw|Dajuicebar's rating: 1021 → 1010<\/strong> (-11 for losing)\n|raw|shhh6's rating: 1086 → 1108<\/strong> (+22 for winning)\n|l|\u2606Dajuicebar\n","uploadtime":1681783873,"views":3,"p1id":"dajuicebar","p2id":"shhh6","formatid":"gen9vgc2023regulationc","rating":1010,"private":0,"password":""}