{"id":"gen9vgc2023regulationc-1846792622","p1":"FurretSucksVGC","p2":"LDJorsy","format":"[Gen 9] VGC 2023 Regulation C","log":"|j|\u2606FurretSucksVGC\n|j|\u2606LDJorsy\n|t:|1681880190\n|gametype|doubles\n|player|p1|FurretSucksVGC|hilbert|1464\n|player|p2|LDJorsy|shadowtriad|1411\n|teamsize|p1|6\n|teamsize|p2|6\n|gen|9\n|tier|[Gen 9] VGC 2023 Regulation C\n|rated|\n|rule|Species Clause: Limit one of each Pok\u00e9mon\n|rule|Item Clause: Limit one of each item\n|clearpoke\n|poke|p1|Revavroom, L50, M|\n|poke|p1|Iron Hands, L50|\n|poke|p1|Vivillon, L50, F|\n|poke|p1|Baxcalibur, L50, M|\n|poke|p1|Chi-Yu, L50|\n|poke|p1|Vaporeon, L50, M|\n|poke|p2|Wo-Chien, L50|\n|poke|p2|Glimmora, L50, M|\n|poke|p2|Arcanine, L50, M|\n|poke|p2|Palafin, L50, M|\n|poke|p2|Chien-Pao, L50|\n|poke|p2|Dragapult, L50, M|\n|teampreview|4\nFurretSucksVGC has agreed to open team sheets.\n|inactive|Battle timer is ON: inactive players will automatically lose when time's up. (requested by LDJorsy)\n|inactive|FurretSucksVGC has 60 seconds left.\n|\n|t:|1681880246\n|start\n|switch|p1a: Iron Hands|Iron Hands, L50|100\/100\n|switch|p1b: Chi-Yu|Chi-Yu, L50|100\/100\n|switch|p2a: Arcanine|Arcanine, L50, M|100\/100\n|switch|p2b: Wo-Chien|Wo-Chien, L50|100\/100\n|-ability|p1b: Chi-Yu|Beads of Ruin\n|-ability|p2a: Arcanine|Intimidate|boost\n|-unboost|p1a: Iron Hands|atk|1\n|-unboost|p1b: Chi-Yu|atk|1\n|-ability|p2b: Wo-Chien|Tablets of Ruin\n|turn|1\n|inactive|FurretSucksVGC has 30 seconds left.\n|\n|t:|1681880281\n|switch|p2a: Dragapult|Dragapult, L50, M|100\/100\n|-terastallize|p2b: Wo-Chien|Poison\n|move|p1a: Iron Hands|Fake Out|p2a: Dragapult\n|-immune|p2a: Dragapult\n|move|p1b: Chi-Yu|Dark Pulse|p2a: Dragapult\n|-supereffective|p2a: Dragapult\n|-damage|p2a: Dragapult|0 fnt\n|faint|p2a: Dragapult\n|move|p2b: Wo-Chien|Leech Seed|p1b: Chi-Yu\n|-start|p1b: Chi-Yu|move: Leech Seed\n|\n|-damage|p1b: Chi-Yu|89\/100|[from] Leech Seed|[of] p2b: Wo-Chien\n|upkeep\n|inactive|LDJorsy has 30 seconds left.\n|\n|t:|1681880313\n|switch|p2a: Arcanine|Arcanine, L50, M|100\/100\n|-ability|p2a: Arcanine|Intimidate|boost\n|-unboost|p1a: Iron Hands|atk|1\n|-unboost|p1b: Chi-Yu|atk|1\n|turn|2\n|\n|t:|1681880341\n|move|p1b: Chi-Yu|Dark Pulse|p2a: Arcanine\n|-damage|p2a: Arcanine|25\/100\n|move|p2a: Arcanine|Wild Charge|p1b: Chi-Yu\n|-damage|p1b: Chi-Yu|55\/100\n|-damage|p2a: Arcanine|18\/100|[from] Recoil\n|move|p2b: Wo-Chien|Leech Seed|p1a: Iron Hands\n|-start|p1a: Iron Hands|move: Leech Seed\n|move|p1a: Iron Hands|Volt Switch|p2b: Wo-Chien\n|-damage|p2b: Wo-Chien|89\/100\n|inactive|FurretSucksVGC has 30 seconds left.\n|\n|t:|1681880368\n|-end|p1a: Iron Hands|Quark Drive|[silent]\n|switch|p1a: Baxcalibur|Baxcalibur, L50, M|100\/100|[from] Volt Switch\n|\n|-heal|p2b: Wo-Chien|95\/100|[from] item: Leftovers\n|-damage|p1b: Chi-Yu|43\/100|[from] Leech Seed|[of] p2b: Wo-Chien\n|-heal|p2b: Wo-Chien|100\/100|[silent]\n|upkeep\n|turn|3\n|\n|t:|1681880382\n|switch|p2a: Chien-Pao|Chien-Pao, L50|100\/100\n|-ability|p2a: Chien-Pao|Sword of Ruin\n|move|p1b: Chi-Yu|Dark Pulse|p2a: Chien-Pao\n|-resisted|p2a: Chien-Pao\n|-damage|p2a: Chien-Pao|50\/100\n|move|p1a: Baxcalibur|Icicle Spear|p2b: Wo-Chien\n|-damage|p2b: Wo-Chien|87\/100\n|-damage|p2b: Wo-Chien|75\/100\n|-damage|p2b: Wo-Chien|63\/100\n|-damage|p2b: Wo-Chien|50\/100\n|-hitcount|p2b: Wo-Chien|4\n|move|p2b: Wo-Chien|Leech Seed|p1a: Baxcalibur\n|-start|p1a: Baxcalibur|move: Leech Seed\n|\n|-heal|p2b: Wo-Chien|56\/100|[from] item: Leftovers\n|-damage|p1b: Chi-Yu|31\/100|[from] Leech Seed|[of] p2b: Wo-Chien\n|-heal|p2b: Wo-Chien|66\/100|[silent]\n|-damage|p1a: Baxcalibur|88\/100|[from] Leech Seed|[of] p2b: Wo-Chien\n|-heal|p2b: Wo-Chien|81\/100|[silent]\n|upkeep\n|turn|4\n|inactive|FurretSucksVGC has 30 seconds left.\n|inactive|LDJorsy has 30 seconds left.\n|\n|t:|1681880417\n|switch|p1b: Iron Hands|Iron Hands, L50|100\/100\n|switch|p1a: Revavroom|Revavroom, L50, M|100\/100\n|move|p2a: Chien-Pao|Protect|p2a: Chien-Pao\n|-singleturn|p2a: Chien-Pao|Protect\n|move|p2b: Wo-Chien|Substitute|p2b: Wo-Chien\n|-start|p2b: Wo-Chien|Substitute\n|-damage|p2b: Wo-Chien|56\/100\n|\n|-heal|p2b: Wo-Chien|62\/100|[from] item: Leftovers\n|upkeep\n|turn|5\n|inactive|FurretSucksVGC has 30 seconds left.\n|\n|t:|1681880450\n|switch|p2a: Arcanine|Arcanine, L50, M|18\/100\n|-ability|p2a: Arcanine|Intimidate|boost\n|-fail|p1a: Revavroom|unboost|[from] item: Clear Amulet|[of] p1a: Revavroom\n|-unboost|p1b: Iron Hands|atk|1\n|move|p1a: Revavroom|Shift Gear|p1a: Revavroom\n|-boost|p1a: Revavroom|spe|2\n|-boost|p1a: Revavroom|atk|1\n|move|p2b: Wo-Chien|Leech Seed|p1b: Iron Hands\n|-start|p1b: Iron Hands|move: Leech Seed\n|move|p1b: Iron Hands|Drain Punch|p2a: Arcanine\n|-damage|p2a: Arcanine|0 fnt\n|faint|p2a: Arcanine\n|\n|-heal|p2b: Wo-Chien|68\/100|[from] item: Leftovers\n|-damage|p1b: Iron Hands|88\/100|[from] Leech Seed|[of] p2b: Wo-Chien\n|-heal|p2b: Wo-Chien|86\/100|[silent]\n|upkeep\n|\n|t:|1681880470\n|switch|p2a: Chien-Pao|Chien-Pao, L50|50\/100\n|-ability|p2a: Chien-Pao|Sword of Ruin\n|turn|6\n|\n|t:|1681880487\n|move|p1a: Revavroom|Protect|p1a: Revavroom\n|-singleturn|p1a: Revavroom|Protect\n|move|p2a: Chien-Pao|Protect|p2a: Chien-Pao\n|-singleturn|p2a: Chien-Pao|Protect\n|move|p2b: Wo-Chien|Leech Seed|p1a: Revavroom\n|-activate|p1a: Revavroom|move: Protect\n|move|p1b: Iron Hands|Volt Switch|p2b: Wo-Chien\n|-activate|p2b: Wo-Chien|move: Substitute|[damage]\n|l|\u2606LDJorsy\n|inactive|LDJorsy disconnected and has a minute to reconnect!\n|player|p2|\n|\n|t:|1681880504\n|-end|p1b: Iron Hands|Quark Drive|[silent]\n|switch|p1b: Chi-Yu|Chi-Yu, L50|31\/100|[from] Volt Switch\n|-ability|p1b: Chi-Yu|Beads of Ruin\n|\n|-heal|p2b: Wo-Chien|92\/100|[from] item: Leftovers\n|upkeep\n|turn|7\n|inactive|LDJorsy has 30 seconds left.\n|inactive|LDJorsy has 20 seconds left.\n|inactive|LDJorsy has 15 seconds left.\n|inactive|LDJorsy has 10 seconds left.\n|inactive|LDJorsy has 5 seconds left.\n|-message|LDJorsy lost due to inactivity.\n|\n|win|FurretSucksVGC\n|raw|FurretSucksVGC's rating: 1464 → 1481<\/strong> (+17 for winning)\n|raw|LDJorsy's rating: 1411 → 1394<\/strong> (-17 for losing)\n","uploadtime":1681880566,"views":8,"p1id":"furretsucksvgc","p2id":"ldjorsy","formatid":"gen9vgc2023regulationc","rating":1394,"private":0,"password":""}