{"id":"gen9vgc2023regulationc-1864165978","p1":"2knight","p2":"Freudianbreath","format":"[Gen 9] VGC 2023 Regulation C","log":"|j|\u26062knight\n|j|\u2606Freudianbreath\n|t:|1684128418\n|gametype|doubles\n|player|p1|2knight|brock|1108\n|player|p2|Freudianbreath|170|1030\n|teamsize|p1|6\n|teamsize|p2|6\n|gen|9\n|tier|[Gen 9] VGC 2023 Regulation C\n|rated|\n|rule|Species Clause: Limit one of each Pok\u00e9mon\n|rule|Item Clause: Limit one of each item\n|clearpoke\n|poke|p1|Ditto, L50|\n|poke|p1|Iron Bundle, L50|\n|poke|p1|Grimmsnarl, L50, M|\n|poke|p1|Armarouge, L50, F|\n|poke|p1|Palafin, L50, M|\n|poke|p1|Wo-Chien, L50|\n|poke|p2|Cetitan, L50, F|\n|poke|p2|Abomasnow, L50, M|\n|poke|p2|Pelipper, L50, M|\n|poke|p2|Gyarados, L50, F|\n|poke|p2|Flutter Mane, L50|\n|poke|p2|Farigiraf, L50, F|\n|teampreview|4\n|inactive|Battle timer is ON: inactive players will automatically lose when time's up. (requested by Freudianbreath)\n|inactive|2knight also wants the timer to be on.\nFreudianbreath has agreed to open team sheets.\n2knight has agreed to open team sheets.\n|inactive|2knight has 60 seconds left.\n|inactive|Freudianbreath has 60 seconds left.\n|inactive|Freudianbreath has 30 seconds left.\n|\n|t:|1684128481\n|start\n|switch|p1a: Tumor|Ditto, L50|100\/100\n|switch|p1b: Palussy|Palafin, L50, M, shiny|100\/100\n|switch|p2a: Abomasnow|Abomasnow, L50, M|100\/100\n|switch|p2b: Gyarados|Gyarados, L50, F|100\/100\n|-ability|p2b: Gyarados|Intimidate|boost\n|-unboost|p1a: Tumor|atk|1\n|-unboost|p1b: Palussy|atk|1\n|-transform|p1a: Tumor|p2b: Gyarados|[from] ability: Imposter\n|-ability|p1a: Tumor|Intimidate|boost\n|-unboost|p2a: Abomasnow|atk|1\n|-unboost|p2b: Gyarados|atk|1\n|-weather|Snow|[from] ability: Snow Warning|[of] p2a: Abomasnow\n|turn|1\n|inactive|Freudianbreath has 30 seconds left.\n|inactive|Freudianbreath has 20 seconds left.\n|\n|t:|1684128519\n|move|p1b: Palussy|Flip Turn|p2b: Gyarados\n|-resisted|p2b: Gyarados\n|-damage|p2b: Gyarados|92\/100\n|\n|t:|1684128534\n|detailschange|p1b: Palussy|Palafin-Hero, L50, M, shiny\n|switch|p1b: BootyHole Brown|Wo-Chien, L50|100\/100|[from] Flip Turn\n|-ability|p1b: BootyHole Brown|Tablets of Ruin\n|move|p1a: Tumor|Taunt|p2a: Abomasnow\n|-start|p2a: Abomasnow|move: Taunt\n|move|p2b: Gyarados|Thunder Wave|p1b: BootyHole Brown|[miss]\n|-miss|p2b: Gyarados|p1b: BootyHole Brown\n|cant|p2a: Abomasnow|move: Taunt|Aurora Veil\n|\n|-weather|Snow|[upkeep]\n|upkeep\n|turn|2\n|inactive|Freudianbreath has 30 seconds left.\n|inactive|Freudianbreath has 20 seconds left.\n|\n|t:|1684128571\n|-terastallize|p1b: BootyHole Brown|Fairy\n|move|p1a: Tumor|Taunt|p2b: Gyarados\n|-start|p2b: Gyarados|move: Taunt\n|cant|p2b: Gyarados|move: Taunt|Thunder Wave\n|move|p1b: BootyHole Brown|Leech Seed|p2b: Gyarados\n|-start|p2b: Gyarados|move: Leech Seed\n|move|p2a: Abomasnow|Blizzard|p1b: BootyHole Brown|[spread] p1a,p1b\n|-damage|p1a: Tumor|68\/100\n|-damage|p1b: BootyHole Brown|82\/100\n|\n|-weather|Snow|[upkeep]\n|-heal|p1b: BootyHole Brown|88\/100|[from] item: Leftovers\n|-damage|p2b: Gyarados|79\/100|[from] Leech Seed|[of] p1b: BootyHole Brown\n|-heal|p1b: BootyHole Brown|100\/100|[silent]\n|upkeep\n|turn|3\n|inactive|2knight has 30 seconds left.\n|inactive|2knight has 20 seconds left.\n|inactive|Freudianbreath has 30 seconds left.\n|inactive|2knight has 15 seconds left.\n|inactive|2knight has 10 seconds left.\n|\n|t:|1684128618\n|switch|p1a: Hobo Bird|Iron Bundle, L50|100\/100\n|-enditem|p1a: Hobo Bird|Booster Energy\n|-activate|p1a: Hobo Bird|ability: Quark Drive|[fromitem]\n|-start|p1a: Hobo Bird|quarkdrivespe\n|move|p2b: Gyarados|Waterfall|p1b: BootyHole Brown\n|-damage|p1b: BootyHole Brown|86\/100\n|move|p1b: BootyHole Brown|Snarl|p2b: Gyarados|[spread] p2a,p2b\n|-damage|p2a: Abomasnow|91\/100\n|-damage|p2b: Gyarados|70\/100\n|-unboost|p2a: Abomasnow|spa|1\n|-unboost|p2b: Gyarados|spa|1\n|move|p2a: Abomasnow|Blizzard|p1b: BootyHole Brown|[spread] p1a,p1b\n|-resisted|p1a: Hobo Bird\n|-damage|p1a: Hobo Bird|92\/100\n|-damage|p1b: BootyHole Brown|74\/100\n|\n|-weather|Snow|[upkeep]\n|-heal|p1b: BootyHole Brown|81\/100|[from] item: Leftovers\n|-damage|p2b: Gyarados|57\/100|[from] Leech Seed|[of] p1b: BootyHole Brown\n|-heal|p1b: BootyHole Brown|96\/100|[silent]\n|-end|p2a: Abomasnow|move: Taunt\n|upkeep\n|turn|4\n|inactive|2knight has 30 seconds left.\n|inactive|Freudianbreath has 30 seconds left.\n|inactive|Freudianbreath has 20 seconds left.\n|inactive|Freudianbreath has 15 seconds left.\n|\n|t:|1684128659\n|switch|p1b: Palussy|Palafin-Hero, L50, M, shiny|100\/100\n|-activate|p1b: Palussy|ability: Zero to Hero\n|move|p1a: Hobo Bird|Encore|p2a: Abomasnow\n|-start|p2a: Abomasnow|Encore\n|move|p2b: Gyarados|Waterfall|p1b: Palussy\n|-resisted|p1b: Palussy\n|-damage|p1b: Palussy|89\/100\n|move|p2a: Abomasnow|Blizzard|p1a: Hobo Bird|[spread] p1a,p1b\n|-resisted|p1a: Hobo Bird\n|-resisted|p1b: Palussy\n|-damage|p1a: Hobo Bird|84\/100\n|-damage|p1b: Palussy|80\/100\n|\n|-weather|Snow|[upkeep]\n|-damage|p2b: Gyarados|45\/100|[from] Leech Seed|[of] p1b: Palussy\n|-heal|p1b: Palussy|94\/100|[silent]\n|-end|p2b: Gyarados|move: Taunt\n|upkeep\n|turn|5\n|inactive|Freudianbreath has 30 seconds left.\n|\n|t:|1684128690\n|switch|p2a: Flutter Mane|Flutter Mane, L50|100\/100\n|-enditem|p2a: Flutter Mane|Booster Energy\n|-activate|p2a: Flutter Mane|ability: Protosynthesis|[fromitem]\n|-start|p2a: Flutter Mane|protosynthesisspe\n|move|p1a: Hobo Bird|Freeze-Dry|p2b: Gyarados\n|-supereffective|p2b: Gyarados\n|-damage|p2b: Gyarados|0 fnt\n|faint|p2b: Gyarados\n|move|p1b: Palussy|Bulk Up|p1b: Palussy\n|-boost|p1b: Palussy|atk|1\n|-boost|p1b: Palussy|def|1\n|\n|-weather|none\n|upkeep\n|\n|t:|1684128693\n|switch|p2b: Abomasnow|Abomasnow, L50, M|91\/100\n|-weather|Snow|[from] ability: Snow Warning|[of] p2b: Abomasnow\n|turn|6\n|inactive|2knight has 30 seconds left.\n|\n|t:|1684128723\n|-terastallize|p2a: Flutter Mane|Fairy\n|move|p1a: Hobo Bird|Icy Wind|p2b: Abomasnow|[spread] p2a,p2b\n|-damage|p2a: Flutter Mane|77\/100\n|-damage|p2b: Abomasnow|76\/100\n|-unboost|p2a: Flutter Mane|spe|1\n|-unboost|p2b: Abomasnow|spe|1\n|move|p2a: Flutter Mane|Moonblast|p1b: Palussy\n|-damage|p1b: Palussy|16\/100\n|move|p1b: Palussy|Flip Turn|p2a: Flutter Mane\n|-damage|p2a: Flutter Mane|0 fnt\n|faint|p2a: Flutter Mane\n|-end|p2a: Flutter Mane|Protosynthesis|[silent]\n|\n|t:|1684128736\n|switch|p1b: Tumor|Ditto, L50|68\/100|[from] Flip Turn\n|move|p2b: Abomasnow|Aurora Veil|p2b: Abomasnow\n|-sidestart|p2: Freudianbreath|move: Aurora Veil\n|\n|-weather|Snow|[upkeep]\n|upkeep\n|\n|t:|1684128738\n|switch|p2a: Cetitan|Cetitan, L50, F|100\/100\n|turn|7\n|\n|t:|1684128759\n|switch|p1b: BootyHole Brown|Wo-Chien, L50, tera:Fairy|96\/100\n|-ability|p1b: BootyHole Brown|Tablets of Ruin\n|move|p1a: Hobo Bird|Encore|p2b: Abomasnow\n|-start|p2b: Abomasnow|Encore\n|move|p2a: Cetitan|Liquidation|p1b: BootyHole Brown\n|-damage|p1b: BootyHole Brown|72\/100\n|move|p2b: Abomasnow|Aurora Veil||[still]\n|-fail|p2b: Abomasnow\n|\n|-weather|Snow|[upkeep]\n|-heal|p1b: BootyHole Brown|78\/100|[from] item: Leftovers\n|upkeep\n|turn|8\n|\n|t:|1684128774\n|move|p1a: Hobo Bird|Encore|p2a: Cetitan\n|-start|p2a: Cetitan|Encore\n|move|p2a: Cetitan|Liquidation|p1a: Hobo Bird\n|-resisted|p1a: Hobo Bird\n|-crit|p1a: Hobo Bird\n|-damage|p1a: Hobo Bird|67\/100\n|move|p1b: BootyHole Brown|Leech Seed|p2a: Cetitan\n|-start|p2a: Cetitan|move: Leech Seed\n|move|p2b: Abomasnow|Aurora Veil||[still]\n|-fail|p2b: Abomasnow\n|\n|-weather|Snow|[upkeep]\n|-heal|p1b: BootyHole Brown|84\/100|[from] item: Leftovers\n|-damage|p2a: Cetitan|88\/100|[from] Leech Seed|[of] p1b: BootyHole Brown\n|-heal|p1b: BootyHole Brown|100\/100|[silent]\n|upkeep\n|turn|9\n|\n|t:|1684128788\n|move|p1a: Hobo Bird|Freeze-Dry|p2b: Abomasnow\n|-damage|p2b: Abomasnow|59\/100\n|move|p2a: Cetitan|Liquidation|p1b: BootyHole Brown\n|-damage|p1b: BootyHole Brown|76\/100\n|move|p1b: BootyHole Brown|Snarl|p2b: Abomasnow|[spread] p2a,p2b\n|-damage|p2a: Cetitan|80\/100\n|-damage|p2b: Abomasnow|53\/100\n|-unboost|p2a: Cetitan|spa|1\n|-unboost|p2b: Abomasnow|spa|1\n|move|p2b: Abomasnow|Aurora Veil||[still]\n|-fail|p2b: Abomasnow\n|\n|-weather|Snow|[upkeep]\n|-heal|p1b: BootyHole Brown|82\/100|[from] item: Leftovers\n|-damage|p2a: Cetitan|68\/100|[from] Leech Seed|[of] p1b: BootyHole Brown\n|-heal|p1b: BootyHole Brown|100\/100|[silent]\n|-end|p2b: Abomasnow|Encore\n|upkeep\n|turn|10\n|\n|t:|1684128803\n|move|p1a: Hobo Bird|Freeze-Dry|p2b: Abomasnow\n|-damage|p2b: Abomasnow|36\/100\n|move|p2a: Cetitan|Liquidation|p1b: BootyHole Brown\n|-damage|p1b: BootyHole Brown|76\/100\n|move|p1b: BootyHole Brown|Snarl|p2a: Cetitan|[spread] p2a,p2b\n|-damage|p2a: Cetitan|59\/100\n|-damage|p2b: Abomasnow|29\/100\n|-unboost|p2a: Cetitan|spa|1\n|-unboost|p2b: Abomasnow|spa|1\n|move|p2b: Abomasnow|Leech Seed|p1b: BootyHole Brown\n|-start|p1b: BootyHole Brown|move: Leech Seed\n|\n|-weather|none\n|-heal|p1b: BootyHole Brown|82\/100|[from] item: Leftovers\n|-damage|p2a: Cetitan|46\/100|[from] Leech Seed|[of] p1b: BootyHole Brown\n|-heal|p1b: BootyHole Brown|100\/100|[silent]\n|-damage|p1b: BootyHole Brown|88\/100|[from] Leech Seed|[of] p2b: Abomasnow\n|-heal|p2b: Abomasnow|40\/100|[silent]\n|-end|p2a: Cetitan|Encore\n|upkeep\n|-enditem|p2a: Cetitan|Sitrus Berry|[eat]\n|-heal|p2a: Cetitan|71\/100|[from] item: Sitrus Berry\n|turn|11\n|inactive|2knight has 30 seconds left.\n|\n|t:|1684128832\n|-end|p1a: Hobo Bird|Quark Drive|[silent]\n|switch|p1a: Tumor|Ditto, L50|68\/100\n|-transform|p1a: Tumor|p2b: Abomasnow|[from] ability: Imposter\n|-weather|Snow|[from] ability: Snow Warning|[of] p1a: Tumor\n|switch|p1b: Palussy|Palafin-Hero, L50, M, shiny|16\/100\n|move|p2a: Cetitan|Ice Spinner|p1b: Palussy\n|-resisted|p1b: Palussy\n|-damage|p1b: Palussy|0 fnt\n|faint|p1b: Palussy\n|move|p2b: Abomasnow|Leech Seed|p1a: Tumor\n|-immune|p1a: Tumor\n|\n|-weather|Snow|[upkeep]\n|upkeep\n|inactive|2knight has 30 seconds left.\n|inactive|2knight has 20 seconds left.\n|inactive|2knight has 15 seconds left.\n|inactive|2knight has 10 seconds left.\n|\n|t:|1684128878\n|switch|p1b: BootyHole Brown|Wo-Chien, L50, tera:Fairy|88\/100\n|-ability|p1b: BootyHole Brown|Tablets of Ruin\n|turn|12\n|\n|t:|1684128893\n|move|p1b: BootyHole Brown|Protect|p1b: BootyHole Brown\n|-singleturn|p1b: BootyHole Brown|Protect\n|move|p2a: Cetitan|Ice Spinner|p1b: BootyHole Brown\n|-activate|p1b: BootyHole Brown|move: Protect\n|move|p2b: Abomasnow|Blizzard|p1b: BootyHole Brown|[spread] p1a\n|-activate|p1b: BootyHole Brown|move: Protect\n|-damage|p1a: Tumor|51\/100\n|move|p1a: Tumor|Aurora Veil|p1a: Tumor\n|-sidestart|p1: 2knight|move: Aurora Veil\n|\n|-weather|Snow|[upkeep]\n|-heal|p1b: BootyHole Brown|94\/100|[from] item: Leftovers\n|-damage|p2a: Cetitan|59\/100|[from] Leech Seed|[of] p1b: BootyHole Brown\n|-heal|p1b: BootyHole Brown|100\/100|[silent]\n|upkeep\n|turn|13\n|-activate|p1a: Tumor|item: Quick Claw\n|\n|t:|1684128914\n|move|p1a: Tumor|Blizzard|p2a: Cetitan|[spread] p2a,p2b\n|-resisted|p2a: Cetitan\n|-crit|p2a: Cetitan\n|-damage|p2a: Cetitan|42\/100\n|-damage|p2b: Abomasnow|33\/100\n|move|p2a: Cetitan|Ice Spinner|p1b: BootyHole Brown\n|-damage|p1b: BootyHole Brown|81\/100\n|move|p1b: BootyHole Brown|Snarl|p2a: Cetitan|[spread] p2a,p2b\n|-damage|p2a: Cetitan|34\/100\n|-damage|p2b: Abomasnow|26\/100\n|-unboost|p2a: Cetitan|spa|1\n|-unboost|p2b: Abomasnow|spa|1\n|move|p2b: Abomasnow|Blizzard|p1a: Tumor|[spread] p1a,p1b\n|-damage|p1a: Tumor|42\/100\n|-damage|p1b: BootyHole Brown|76\/100\n|\n|-weather|Snow|[upkeep]\n|-heal|p1b: BootyHole Brown|82\/100|[from] item: Leftovers\n|-damage|p2a: Cetitan|22\/100|[from] Leech Seed|[of] p1b: BootyHole Brown\n|-heal|p1b: BootyHole Brown|100\/100|[silent]\n|-sideend|p2: Freudianbreath|move: Aurora Veil\n|upkeep\n|turn|14\n|inactive|Freudianbreath has 30 seconds left.\n|\n|t:|1684128939\n|move|p2a: Cetitan|Ice Shard|p1a: Tumor\n|-damage|p1a: Tumor|30\/100\n|move|p1b: BootyHole Brown|Snarl|p2a: Cetitan|[spread] p2a,p2b\n|-damage|p2a: Cetitan|8\/100\n|-damage|p2b: Abomasnow|16\/100\n|-unboost|p2a: Cetitan|spa|1\n|-unboost|p2b: Abomasnow|spa|1\n|move|p2b: Abomasnow|Leech Seed|p1b: BootyHole Brown\n|-start|p1b: BootyHole Brown|move: Leech Seed\n|move|p1a: Tumor|Blizzard|p2b: Abomasnow|[spread] p2a,p2b\n|-resisted|p2a: Cetitan\n|-damage|p2a: Cetitan|3\/100\n|-damage|p2b: Abomasnow|5\/100\n|\n|-weather|Snow|[upkeep]\n|-damage|p2a: Cetitan|0 fnt|[from] Leech Seed|[of] p1b: BootyHole Brown\n|faint|p2a: Cetitan\n|-damage|p1b: BootyHole Brown|88\/100|[from] Leech Seed|[of] p2b: Abomasnow\n|-heal|p2b: Abomasnow|15\/100|[silent]\n|upkeep\n|turn|15\n|\n|t:|1684128950\n|switch|p1b: Hobo Bird|Iron Bundle, L50|67\/100\n|move|p2b: Abomasnow|Protect|p2b: Abomasnow\n|-singleturn|p2b: Abomasnow|Protect\n|move|p1a: Tumor|Blizzard|p2b: Abomasnow\n|-activate|p2b: Abomasnow|move: Protect\n|\n|-weather|none\n|upkeep\n|turn|16\n|\n|t:|1684128968\n|switch|p1a: BootyHole Brown|Wo-Chien, L50, tera:Fairy|88\/100\n|-ability|p1a: BootyHole Brown|Tablets of Ruin\n|move|p1b: Hobo Bird|Encore|p2b: Abomasnow\n|-start|p2b: Abomasnow|Encore\n|move|p2b: Abomasnow|Protect||[still]\n|-fail|p2b: Abomasnow\n|\n|-heal|p1a: BootyHole Brown|94\/100|[from] item: Leftovers\n|-sideend|p1: 2knight|move: Aurora Veil\n|upkeep\n|turn|17\n|inactive|2knight has 30 seconds left.\n|\n|t:|1684128994\n|move|p2b: Abomasnow|Protect|p2b: Abomasnow\n|-singleturn|p2b: Abomasnow|Protect\n|move|p1b: Hobo Bird|Hydro Pump|p2b: Abomasnow\n|-activate|p2b: Abomasnow|move: Protect\n|move|p1a: BootyHole Brown|Snarl|p2b: Abomasnow\n|-activate|p2b: Abomasnow|move: Protect\n|\n|-heal|p1a: BootyHole Brown|100\/100|[from] item: Leftovers\n|upkeep\n|turn|18\n|\n|t:|1684129003\n|move|p2b: Abomasnow|Protect|p2b: Abomasnow\n|-singleturn|p2b: Abomasnow|Protect\n|move|p1b: Hobo Bird|Freeze-Dry|p2b: Abomasnow\n|-activate|p2b: Abomasnow|move: Protect\n|move|p1a: BootyHole Brown|Snarl|p2b: Abomasnow\n|-activate|p2b: Abomasnow|move: Protect\n|\n|-end|p2b: Abomasnow|Encore\n|upkeep\n|turn|19\n|\n|t:|1684129012\n|move|p1b: Hobo Bird|Encore|p2b: Abomasnow\n|-start|p2b: Abomasnow|Encore\n|move|p1a: BootyHole Brown|Snarl|p2b: Abomasnow\n|-damage|p2b: Abomasnow|2\/100\n|-unboost|p2b: Abomasnow|spa|1\n|move|p2b: Abomasnow|Protect||[still]\n|-fail|p2b: Abomasnow\n|\n|upkeep\n|turn|20\n|inactive|2knight has 30 seconds left.\n|\n|t:|1684129021\n|move|p2b: Abomasnow|Protect|p2b: Abomasnow\n|-singleturn|p2b: Abomasnow|Protect\n|move|p1b: Hobo Bird|Freeze-Dry|p2b: Abomasnow\n|-activate|p2b: Abomasnow|move: Protect\n|move|p1a: BootyHole Brown|Snarl|p2b: Abomasnow\n|-activate|p2b: Abomasnow|move: Protect\n|\n|upkeep\n|turn|21\n|inactive|2knight has 30 seconds left this turn.\n|inactive|2knight has 20 seconds left.\n|\n|t:|1684129035\n|move|p2b: Abomasnow|Protect||[still]\n|-fail|p2b: Abomasnow\n|move|p1b: Hobo Bird|Freeze-Dry|p2b: Abomasnow\n|-damage|p2b: Abomasnow|0 fnt\n|faint|p2b: Abomasnow\n|\n|win|2knight\n|inactive|2knight has 20 seconds left this turn.\n|raw|2knight's rating: 1108 → 1127<\/strong> (+19 for winning)\n|raw|Freudianbreath's rating: 1030 → 1019<\/strong> (-11 for losing)\n","uploadtime":1684129043,"views":8,"p1id":"2knight","p2id":"freudianbreath","formatid":"gen9vgc2023regulationc","rating":1019,"private":0,"password":""}