{"id":"gen9vgc2023regulationc-1862535170","p1":"bpinela","p2":"yandanielX","format":"[Gen 9] VGC 2023 Regulation C","log":"|j|\u2606bpinela\n|j|\u2606yandanielX\n|t:|1683898424\n|gametype|doubles\n|player|p1|bpinela|kimonogirl|\n|player|p2|yandanielX|169|\n|teamsize|p1|6\n|teamsize|p2|6\n|gen|9\n|tier|[Gen 9] VGC 2023 Regulation C\n|rule|Species Clause: Limit one of each Pok\u00e9mon\n|rule|Item Clause: Limit one of each item\n|clearpoke\n|poke|p1|Ting-Lu, L50|\n|poke|p1|Annihilape, L50, M|\n|poke|p1|Corviknight, L50, M|\n|poke|p1|Iron Moth, L50|\n|poke|p1|Grimmsnarl, L50, M|\n|poke|p1|Gholdengo, L50|\n|poke|p2|Talonflame, L50, F|\n|poke|p2|Amoonguss, L50, F|\n|poke|p2|Iron Bundle, L50|\n|poke|p2|Iron Hands, L50|\n|poke|p2|Annihilape, L50, M|\n|poke|p2|Orthworm, L50, M|\n|teampreview|4\nyandanielX has agreed to open team sheets.\n|c|\u2606bpinela|g1\nbpinela has agreed to open team sheets.\n|c|\u2606yandanielX|bora gg\n|c|\u2606bpinela|bons jogos mano\n|\n|t:|1683898513\n|start\n|switch|p1a: angrybird|Corviknight, L50, M|100\/100\n|switch|p1b: rj|Iron Moth, L50|100\/100\n|switch|p2a: Annihilape|Annihilape, L50, M|100\/100\n|switch|p2b: Iron Hands|Iron Hands, L50|100\/100\n|-enditem|p1b: rj|Booster Energy\n|-activate|p1b: rj|ability: Quark Drive|[fromitem]\n|-start|p1b: rj|quarkdrivespa\n|turn|1\n|\n|t:|1683898571\n|-end|p2b: Iron Hands|Quark Drive|[silent]\n|switch|p2b: Orthworm|Orthworm, L50, M|100\/100\n|move|p1b: rj|Protect|p1b: rj\n|-singleturn|p1b: rj|Protect\n|move|p2a: Annihilape|Earthquake|p1a: angrybird|[spread] \n|-activate|p1b: rj|move: Protect\n|-immune|p2b: Orthworm|[from] ability: Earth Eater\n|-immune|p1a: angrybird\n|move|p1a: angrybird|Brave Bird|p2a: Annihilape\n|-supereffective|p2a: Annihilape\n|-damage|p2a: Annihilape|6\/100\n|-damage|p1a: angrybird|73\/100|[from] Recoil\n|\n|-heal|p2a: Annihilape|12\/100|[from] item: Leftovers\n|upkeep\n|turn|2\n|\n|t:|1683898609\n|switch|p2a: Iron Bundle|Iron Bundle, L50|100\/100\n|-terastallize|p1b: rj|Grass\n|move|p1b: rj|Fiery Dance|p2b: Orthworm\n|-supereffective|p2b: Orthworm\n|-crit|p2b: Orthworm\n|-damage|p2b: Orthworm|0 fnt\n|-boost|p1b: rj|spa|1\n|faint|p2b: Orthworm\n|move|p1a: angrybird|Brave Bird|p2a: Iron Bundle\n|-damage|p2a: Iron Bundle|50\/100\n|-damage|p1a: angrybird|62\/100|[from] Recoil\n|\n|upkeep\n|\n|t:|1683898623\n|switch|p2b: Iron Hands|Iron Hands, L50|100\/100\n|turn|3\n|\n|t:|1683898655\n|move|p1b: rj|Protect|p1b: rj\n|-singleturn|p1b: rj|Protect\n|move|p2b: Iron Hands|Fake Out|p1a: angrybird\n|-resisted|p1a: angrybird\n|-damage|p1a: angrybird|56\/100\n|move|p2a: Iron Bundle|Hydro Pump|p1a: angrybird\n|-damage|p1a: angrybird|1\/100\n|cant|p1a: angrybird|flinch\n|\n|upkeep\n|turn|4\n|\n|t:|1683898687\n|move|p2a: Iron Bundle|Hydro Pump|p1b: rj\n|-resisted|p1b: rj\n|-damage|p1b: rj|73\/100\n|move|p1b: rj|Sludge Wave|p2a: Iron Bundle|[spread] p2a,p2b\n|-immune|p1a: angrybird\n|-damage|p2a: Iron Bundle|0 fnt\n|-damage|p2b: Iron Hands|53\/100\n|faint|p2a: Iron Bundle\n|-end|p2a: Iron Bundle|Quark Drive|[silent]\n|move|p1a: angrybird|Tailwind|p1a: angrybird\n|-sidestart|p1: bpinela|move: Tailwind\n|move|p2b: Iron Hands|Drain Punch|p1a: angrybird\n|-damage|p1a: angrybird|0 fnt\n|-heal|p2b: Iron Hands|54\/100|[from] drain|[of] p1a: angrybird\n|faint|p1a: angrybird\n|\n|upkeep\n|\n|t:|1683898709\n|switch|p2a: Annihilape|Annihilape, L50, M|12\/100\n|switch|p1a: goldenSurfer|Gholdengo, L50|100\/100\n|turn|5\n|\n|t:|1683898736\n|move|p1b: rj|Sludge Wave|p2a: Annihilape|[spread] p2a,p2b\n|-immune|p1a: goldenSurfer\n|-resisted|p2a: Annihilape\n|-damage|p2a: Annihilape|0 fnt\n|-damage|p2b: Iron Hands|2\/100\n|-status|p2b: Iron Hands|psn\n|faint|p2a: Annihilape\n|move|p1a: goldenSurfer|Shadow Ball|p2b: Iron Hands\n|-damage|p2b: Iron Hands|0 fnt\n|faint|p2b: Iron Hands\n|-end|p2b: Iron Hands|Quark Drive|[silent]\n|\n|win|bpinela\n|c|\u2606bpinela|gg\n","uploadtime":1683899308,"views":8,"p1id":"bpinela","p2id":"yandanielx","formatid":"gen9vgc2023regulationc","rating":0,"private":0,"password":""}