{"id":"gen9vgc2023regulationc-1853063585","p1":"CaptainEricVGC","p2":"I LOVE WOOPER","format":"[Gen 9] VGC 2023 Regulation C","log":"|j|\u2606CaptainEricVGC\n|j|\u2606I LOVE WOOPER\n|t:|1682630921\n|gametype|doubles\n|player|p1|CaptainEricVGC|170|1126\n|player|p2|I LOVE WOOPER|101|1207\n|teamsize|p1|6\n|teamsize|p2|6\n|gen|9\n|tier|[Gen 9] VGC 2023 Regulation C\n|rated|\n|rule|Species Clause: Limit one of each Pok\u00e9mon\n|rule|Item Clause: Limit one of each item\n|clearpoke\n|poke|p1|Arcanine, L50, M|\n|poke|p1|Baxcalibur, L50, M|\n|poke|p1|Brute Bonnet, L50|\n|poke|p1|Flutter Mane, L50|\n|poke|p1|Palafin, L50, F|\n|poke|p1|Ting-Lu, L50|\n|poke|p2|Arboliva, L50, M|\n|poke|p2|Chi-Yu, L50|\n|poke|p2|Flutter Mane, L50|\n|poke|p2|Gyarados, L50, F|\n|poke|p2|Corviknight, L50, M|\n|poke|p2|Gholdengo, L50|\n|teampreview|4\nCaptainEricVGC rejected open team sheets.\n|inactive|Battle timer is ON: inactive players will automatically lose when time's up. (requested by CaptainEricVGC)\n|inactive|CaptainEricVGC has 60 seconds left.\n|\n|t:|1682631026\n|start\n|switch|p1a: Palafin|Palafin, L50, F|100\/100\n|switch|p1b: Flutter Mane|Flutter Mane, L50|100\/100\n|switch|p2a: Gyarados|Gyarados, L50, F|100\/100\n|switch|p2b: Flutter Mane|Flutter Mane, L50|100\/100\n|-ability|p2a: Gyarados|Intimidate|boost\n|-unboost|p1a: Palafin|atk|1\n|-unboost|p1b: Flutter Mane|atk|1\n|-enditem|p1b: Flutter Mane|Booster Energy\n|-activate|p1b: Flutter Mane|ability: Protosynthesis|[fromitem]\n|-start|p1b: Flutter Mane|protosynthesisspa\n|-enditem|p2b: Flutter Mane|Booster Energy\n|-activate|p2b: Flutter Mane|ability: Protosynthesis|[fromitem]\n|-start|p2b: Flutter Mane|protosynthesisspa\n|turn|1\n|inactive|CaptainEricVGC has 30 seconds left.\n|\n|t:|1682631052\n|detailschange|p1a: Palafin|Palafin-Hero, L50, F\n|switch|p1a: Arcanine|Arcanine, L50, M|100\/100\n|-ability|p1a: Arcanine|Intimidate|boost\n|-unboost|p2a: Gyarados|atk|1\n|-unboost|p2b: Flutter Mane|atk|1\n|move|p2b: Flutter Mane|Protect|p2b: Flutter Mane\n|-singleturn|p2b: Flutter Mane|Protect\n|move|p1b: Flutter Mane|Substitute|p1b: Flutter Mane\n|-start|p1b: Flutter Mane|Substitute\n|-damage|p1b: Flutter Mane|76\/100\n|move|p2a: Gyarados|Thunder Wave||[still]\n|-fail|p2a: Gyarados\n|\n|upkeep\n|turn|2\n|\n|t:|1682631076\n|switch|p2a: Corviknight|Corviknight, L50, M|100\/100\n|move|p1b: Flutter Mane|Protect|p1b: Flutter Mane\n|-singleturn|p1b: Flutter Mane|Protect\n|move|p2b: Flutter Mane|Shadow Ball|p1a: Arcanine\n|-crit|p1a: Arcanine\n|-damage|p1a: Arcanine|26\/100\n|move|p1a: Arcanine|Will-O-Wisp|p2a: Corviknight\n|-status|p2a: Corviknight|brn\n|\n|-damage|p2a: Corviknight|95\/100 brn|[from] brn\n|upkeep\n|turn|3\n|\n|t:|1682631095\n|move|p1a: Arcanine|Protect|p1a: Arcanine\n|-singleturn|p1a: Arcanine|Protect\n|move|p1b: Flutter Mane|Shadow Ball|p2b: Flutter Mane\n|-supereffective|p2b: Flutter Mane\n|-damage|p2b: Flutter Mane|10\/100\n|move|p2b: Flutter Mane|Shadow Ball|p1a: Arcanine\n|-activate|p1a: Arcanine|move: Protect\n|move|p2a: Corviknight|Brave Bird|p1b: Flutter Mane\n|-end|p1b: Flutter Mane|Substitute\n|-damage|p2a: Corviknight|89\/100 brn|[from] Recoil|[of] p1b: Flutter Mane\n|\n|-damage|p2a: Corviknight|83\/100 brn|[from] brn\n|upkeep\n|turn|4\n|inactive|CaptainEricVGC has 30 seconds left.\n|inactive|CaptainEricVGC has 20 seconds left.\n|inactive|CaptainEricVGC has 15 seconds left.\n|\n|t:|1682631138\n|-end|p2b: Flutter Mane|Protosynthesis|[silent]\n|switch|p2b: Arboliva|Arboliva, L50, M|100\/100\n|move|p1b: Flutter Mane|Shadow Ball|p2b: Arboliva\n|-immune|p2b: Arboliva\n|move|p1a: Arcanine|Flare Blitz|p2a: Corviknight\n|-supereffective|p2a: Corviknight\n|-damage|p2a: Corviknight|15\/100 brn\n|-enditem|p2a: Corviknight|Sitrus Berry|[eat]\n|-heal|p2a: Corviknight|40\/100 brn|[from] item: Sitrus Berry\n|-damage|p1a: Arcanine|3\/100|[from] Recoil\n|move|p2a: Corviknight|Brave Bird|p1b: Flutter Mane\n|-damage|p1b: Flutter Mane|46\/100\n|-damage|p2a: Corviknight|33\/100 brn|[from] Recoil\n|\n|-damage|p2a: Corviknight|27\/100 brn|[from] brn\n|upkeep\n|turn|5\n|inactive|CaptainEricVGC has 30 seconds left.\n|\n|t:|1682631167\n|-terastallize|p2b: Arboliva|Water\n|move|p1b: Flutter Mane|Substitute|p1b: Flutter Mane\n|-start|p1b: Flutter Mane|Substitute\n|-damage|p1b: Flutter Mane|21\/100\n|move|p1a: Arcanine|Flare Blitz|p2a: Corviknight\n|-supereffective|p2a: Corviknight\n|-damage|p2a: Corviknight|0 fnt\n|faint|p2a: Corviknight\n|-damage|p1a: Arcanine|0 fnt|[from] Recoil\n|faint|p1a: Arcanine\n|move|p2b: Arboliva|Giga Drain|p1b: Flutter Mane\n|-end|p1b: Flutter Mane|Substitute\n|\n|upkeep\n|inactive|I LOVE WOOPER has 30 seconds left.\n|\n|t:|1682631194\n|switch|p1a: Ting-Lu|Ting-Lu, L50|100\/100\n|switch|p2a: Flutter Mane|Flutter Mane, L50|10\/100\n|-ability|p1a: Ting-Lu|Vessel of Ruin\n|turn|6\n|\n|t:|1682631217\n|-terastallize|p1a: Ting-Lu|Poison\n|move|p1b: Flutter Mane|Protect|p1b: Flutter Mane\n|-singleturn|p1b: Flutter Mane|Protect\n|move|p2a: Flutter Mane|Protect|p2a: Flutter Mane\n|-singleturn|p2a: Flutter Mane|Protect\n|move|p1a: Ting-Lu|Stomping Tantrum|p2b: Arboliva\n|-damage|p2b: Arboliva|58\/100\n|-fieldstart|move: Grassy Terrain|[from] ability: Seed Sower|[of] p2b: Arboliva\n|move|p2b: Arboliva|Giga Drain|p1b: Flutter Mane\n|-activate|p1b: Flutter Mane|move: Protect\n|\n|-heal|p1b: Flutter Mane|27\/100|[from] Grassy Terrain\n|-heal|p2a: Flutter Mane|17\/100|[from] Grassy Terrain\n|-heal|p2b: Arboliva|64\/100|[from] Grassy Terrain\n|upkeep\n|turn|7\n|inactive|CaptainEricVGC has 30 seconds left.\n|inactive|I LOVE WOOPER has 30 seconds left.\n|inactive|CaptainEricVGC has 20 seconds left.\n|inactive|CaptainEricVGC has 15 seconds left.\n|\n|t:|1682631261\n|switch|p2b: Gyarados|Gyarados, L50, F|100\/100\n|-ability|p2b: Gyarados|Intimidate|boost\n|-unboost|p1a: Ting-Lu|atk|1\n|-unboost|p1b: Flutter Mane|atk|1\n|move|p1b: Flutter Mane|Substitute|p1b: Flutter Mane\n|-start|p1b: Flutter Mane|Substitute\n|-damage|p1b: Flutter Mane|2\/100\n|move|p2a: Flutter Mane|Shadow Ball|p1b: Flutter Mane\n|-supereffective|p1b: Flutter Mane\n|-end|p1b: Flutter Mane|Substitute\n|move|p1a: Ting-Lu|Heavy Slam|p2a: Flutter Mane\n|-supereffective|p2a: Flutter Mane\n|-damage|p2a: Flutter Mane|0 fnt\n|faint|p2a: Flutter Mane\n|-end|p2a: Flutter Mane|Protosynthesis|[silent]\n|\n|-heal|p1b: Flutter Mane|8\/100|[from] Grassy Terrain\n|upkeep\n|\n|t:|1682631272\n|switch|p2a: Arboliva|Arboliva, L50, M, tera:Water|64\/100\n|turn|8\n|\n|t:|1682631285\n|move|p1b: Flutter Mane|Protect|p1b: Flutter Mane\n|-singleturn|p1b: Flutter Mane|Protect\n|move|p2b: Gyarados|Thunder Wave|p1a: Ting-Lu\n|-status|p1a: Ting-Lu|par\n|move|p2a: Arboliva|Giga Drain|p1b: Flutter Mane\n|-activate|p1b: Flutter Mane|move: Protect\n|cant|p1a: Ting-Lu|par\n|\n|-heal|p1b: Flutter Mane|13\/100|[from] Grassy Terrain\n|-heal|p2a: Arboliva|70\/100|[from] Grassy Terrain\n|upkeep\n|turn|9\n|inactive|CaptainEricVGC has 30 seconds left.\n|\n|t:|1682631314\n|move|p1b: Flutter Mane|Moonblast|p2a: Arboliva\n|-damage|p2a: Arboliva|44\/100\n|-unboost|p2a: Arboliva|spa|1\n|move|p2b: Gyarados|Waterfall|p1a: Ting-Lu\n|-damage|p1a: Ting-Lu|78\/100 par\n|move|p2a: Arboliva|Giga Drain|p1b: Flutter Mane\n|-damage|p1b: Flutter Mane|0 fnt\n|-heal|p2a: Arboliva|49\/100|[from] drain|[of] p1b: Flutter Mane\n|faint|p1b: Flutter Mane\n|-end|p1b: Flutter Mane|Protosynthesis|[silent]\n|cant|p1a: Ting-Lu|flinch\n|\n|-heal|p2a: Arboliva|55\/100|[from] Grassy Terrain\n|-heal|p1a: Ting-Lu|84\/100 par|[from] Grassy Terrain\n|upkeep\n|\n|t:|1682631328\n|switch|p1b: Palafin|Palafin-Hero, L50, F|100\/100\n|-activate|p1b: Palafin|ability: Zero to Hero\n|turn|10\n|\n|t:|1682631337\n|move|p1b: Palafin|Protect|p1b: Palafin\n|-singleturn|p1b: Palafin|Protect\n|move|p2b: Gyarados|Thunder Wave|p1b: Palafin\n|-activate|p1b: Palafin|move: Protect\n|move|p2a: Arboliva|Giga Drain|p1b: Palafin\n|-activate|p1b: Palafin|move: Protect\n|move|p1a: Ting-Lu|Fissure|p2a: Arboliva|[miss]\n|-miss|p1a: Ting-Lu|p2a: Arboliva\n|\n|-heal|p2a: Arboliva|61\/100|[from] Grassy Terrain\n|-heal|p1a: Ting-Lu|91\/100 par|[from] Grassy Terrain\n|-fieldend|move: Grassy Terrain\n|upkeep\n|turn|11\n|\n|t:|1682631354\n|move|p1b: Palafin|Protect||[still]\n|-fail|p1b: Palafin\n|move|p2b: Gyarados|Waterfall|p1a: Ting-Lu\n|-damage|p1a: Ting-Lu|68\/100 par\n|move|p2a: Arboliva|Giga Drain|p1b: Palafin\n|-supereffective|p1b: Palafin\n|-damage|p1b: Palafin|64\/100\n|-heal|p2a: Arboliva|81\/100|[from] drain|[of] p1b: Palafin\n|cant|p1a: Ting-Lu|par\n|\n|upkeep\n|turn|12\n|\n|t:|1682631372\n|move|p1b: Palafin|Jet Punch|p2b: Gyarados\n|-resisted|p2b: Gyarados\n|-damage|p2b: Gyarados|75\/100\n|move|p2b: Gyarados|Waterfall|p1a: Ting-Lu\n|-crit|p1a: Ting-Lu\n|-damage|p1a: Ting-Lu|36\/100 par\n|move|p2a: Arboliva|Giga Drain|p1b: Palafin\n|-supereffective|p1b: Palafin\n|-damage|p1b: Palafin|28\/100\n|-heal|p2a: Arboliva|100\/100|[from] drain|[of] p1b: Palafin\n|move|p1a: Ting-Lu|Fissure|p2a: Arboliva|[miss]\n|-miss|p1a: Ting-Lu|p2a: Arboliva\n|\n|upkeep\n|turn|13\n|\n|t:|1682631387\n|move|p1b: Palafin|Protect|p1b: Palafin\n|-singleturn|p1b: Palafin|Protect\n|move|p2b: Gyarados|Waterfall|p1a: Ting-Lu\n|-damage|p1a: Ting-Lu|14\/100 par\n|move|p2a: Arboliva|Giga Drain|p1b: Palafin\n|-activate|p1b: Palafin|move: Protect\n|move|p1a: Ting-Lu|Fissure|p2a: Arboliva|[miss]\n|-miss|p1a: Ting-Lu|p2a: Arboliva\n|\n|upkeep\n|turn|14\n|inactive|CaptainEricVGC has 30 seconds left.\n|inactive|CaptainEricVGC has 20 seconds left.\n|inactive|CaptainEricVGC has 15 seconds left.\n|inactive|CaptainEricVGC has 10 seconds left.\n|\n|t:|1682631432\n|move|p1b: Palafin|Wave Crash|p2a: Arboliva\n|-resisted|p2a: Arboliva\n|-damage|p2a: Arboliva|53\/100\n|-fieldstart|move: Grassy Terrain|[from] ability: Seed Sower|[of] p2a: Arboliva\n|-damage|p1b: Palafin|14\/100|[from] Recoil\n|move|p2b: Gyarados|Waterfall|p1a: Ting-Lu\n|-damage|p1a: Ting-Lu|0 fnt\n|faint|p1a: Ting-Lu\n|move|p2a: Arboliva|Giga Drain|p1b: Palafin\n|-supereffective|p1b: Palafin\n|-damage|p1b: Palafin|0 fnt\n|-heal|p2a: Arboliva|61\/100|[from] drain|[of] p1b: Palafin\n|faint|p1b: Palafin\n|\n|win|I LOVE WOOPER\n|raw|CaptainEricVGC's rating: 1126 → 1107<\/strong> (-19 for losing)\n|raw|I LOVE WOOPER's rating: 1207 → 1226<\/strong> (+19 for winning)\n","uploadtime":1682631437,"views":14,"p1id":"captainericvgc","p2id":"ilovewooper","formatid":"gen9vgc2023regulationc","rating":1107,"private":0,"password":""}