{"id":"gen9vgc2023regulationc-1852149879","p1":"Ykrach","p2":"MAC N9NE","format":"[Gen 9] VGC 2023 Regulation C","log":"|j|\u2606Ykrach\n|j|\u2606MAC N9NE\n|t:|1682528232\n|gametype|doubles\n|player|p1|Ykrach|acetrainer-gen4dp|1035\n|player|p2|MAC N9NE|lance|1120\n|teamsize|p1|6\n|teamsize|p2|6\n|gen|9\n|tier|[Gen 9] VGC 2023 Regulation C\n|rated|\n|rule|Species Clause: Limit one of each Pok\u00e9mon\n|rule|Item Clause: Limit one of each item\n|clearpoke\n|poke|p1|Scizor, L50, F|\n|poke|p1|Dachsbun, L50, M|\n|poke|p1|Talonflame, L50, F|\n|poke|p1|Bellibolt, L50, F|\n|poke|p1|Umbreon, L50, M|\n|poke|p1|Gastrodon, L50, M|\n|poke|p2|Armarouge, L50, F|\n|poke|p2|Indeedee-F, L50, F|\n|poke|p2|Kingambit, L50, M|\n|poke|p2|Amoonguss, L50, M|\n|poke|p2|Flutter Mane, L50|\n|poke|p2|Bellibolt, L50, M|\n|teampreview|4\n|inactive|Battle timer is ON: inactive players will automatically lose when time's up. (requested by Ykrach)\n|\n|t:|1682528328\n|start\n|switch|p1a: Scizor|Scizor, L50, F|100\/100\n|switch|p1b: Umbreon|Umbreon, L50, M|100\/100\n|switch|p2a: Armarouge|Armarouge, L50, F, shiny|100\/100\n|switch|p2b: Indeedee|Indeedee-F, L50, F, shiny|100\/100\n|-fieldstart|move: Psychic Terrain|[from] ability: Psychic Surge|[of] p2b: Indeedee\n|-enditem|p2b: Indeedee|Psychic Seed\n|-boost|p2b: Indeedee|spd|1|[from] item: Psychic Seed\n|turn|1\n|inactive|MAC N9NE has 30 seconds left.\n|\n|t:|1682528354\n|move|p2b: Indeedee|Dazzling Gleam|p1a: Scizor|[spread] p1a,p1b\n|-resisted|p1a: Scizor\n|-supereffective|p1b: Umbreon\n|-damage|p1a: Scizor|90\/100\n|-damage|p1b: Umbreon|82\/100\n|move|p1a: Scizor|U-turn|p2a: Armarouge\n|-crit|p2a: Armarouge\n|-damage|p2a: Armarouge|48\/100\n|\n|t:|1682528362\n|switch|p1a: Talonflame|Talonflame, L50, F|100\/100|[from] U-turn\n|move|p1b: Umbreon|Light Screen|p1b: Umbreon\n|-sidestart|p1: Ykrach|move: Light Screen\n|move|p2a: Armarouge|Trick Room|p2a: Armarouge\n|-fieldstart|move: Trick Room|[of] p2a: Armarouge\n|\n|upkeep\n|turn|2\n|inactive|MAC N9NE has 30 seconds left.\n|inactive|MAC N9NE has 20 seconds left.\n|inactive|MAC N9NE has 15 seconds left.\n|\n|t:|1682528403\n|move|p1b: Umbreon|Foul Play|p2a: Armarouge\n|-supereffective|p2a: Armarouge\n|-damage|p2a: Armarouge|11\/100\n|-enditem|p2a: Armarouge|Weakness Policy\n|-boost|p2a: Armarouge|atk|2|[from] item: Weakness Policy\n|-boost|p2a: Armarouge|spa|2|[from] item: Weakness Policy\n|move|p2b: Indeedee|Dazzling Gleam|p1a: Talonflame|[spread] p1a,p1b\n|-resisted|p1a: Talonflame\n|-supereffective|p1b: Umbreon\n|-damage|p1a: Talonflame|92\/100\n|-damage|p1b: Umbreon|68\/100\n|move|p2a: Armarouge|Expanding Force|p1b: Umbreon|[spread] p1a\n|-immune|p1b: Umbreon\n|-damage|p1a: Talonflame|0 fnt\n|faint|p1a: Talonflame\n|\n|upkeep\n|\n|t:|1682528418\n|switch|p1a: Bellibolt|Bellibolt, L50, F|100\/100\n|turn|3\n|\n|t:|1682528437\n|move|p1a: Bellibolt|Parabolic Charge|p2a: Armarouge|[spread] p1b,p2a,p2b\n|-crit|p2a: Armarouge\n|-damage|p1b: Umbreon|60\/100\n|-damage|p2a: Armarouge|0 fnt\n|-damage|p2b: Indeedee|86\/100\n|faint|p2a: Armarouge\n|move|p1b: Umbreon|Foul Play|p2b: Indeedee\n|-supereffective|p2b: Indeedee\n|-damage|p2b: Indeedee|42\/100\n|move|p2b: Indeedee|Dazzling Gleam|p1b: Umbreon|[spread] p1a,p1b\n|-supereffective|p1b: Umbreon\n|-damage|p1a: Bellibolt|93\/100\n|-damage|p1b: Umbreon|47\/100\n|-start|p1a: Bellibolt|Charge|Dazzling Gleam|[from] ability: Electromorphosis\n|\n|upkeep\n|\n|t:|1682528450\n|switch|p2a: Kingambit|Kingambit, L50, M, shiny|100\/100\n|turn|4\n|inactive|MAC N9NE has 30 seconds left.\n|inactive|MAC N9NE has 20 seconds left.\n|\n|t:|1682528487\n|move|p1a: Bellibolt|Volt Switch|p2a: Kingambit\n|-damage|p2a: Kingambit|33\/100\n|-end|p1a: Bellibolt|Charge|[silent]\n|\n|t:|1682528491\n|switch|p1a: Scizor|Scizor, L50, F|90\/100|[from] Volt Switch\n|move|p2a: Kingambit|Brick Break|p1b: Umbreon\n|-sideend|p1: Ykrach|move: Light Screen\n|-supereffective|p1b: Umbreon\n|-damage|p1b: Umbreon|0 fnt\n|faint|p1b: Umbreon\n|move|p2b: Indeedee|Skill Swap|p1a: Scizor\n|-activate|p2b: Indeedee|move: Skill Swap|Technician|Psychic Surge|[of] p1a: Scizor\n|\n|upkeep\n|\n|t:|1682528500\n|switch|p1b: Bellibolt|Bellibolt, L50, F|93\/100\n|turn|5\n|\n|t:|1682528522\n|move|p1b: Bellibolt|Parabolic Charge|p2b: Indeedee|[spread] p1a,p2a,p2b\n|-damage|p1a: Scizor|63\/100\n|-heal|p1b: Bellibolt|100\/100|[from] drain|[of] p1a: Scizor\n|-damage|p2a: Kingambit|12\/100\n|-damage|p2b: Indeedee|28\/100\n|move|p2a: Kingambit|Brick Break|p1a: Scizor\n|-damage|p1a: Scizor|33\/100\n|move|p1a: Scizor|Swords Dance|p1a: Scizor\n|-boost|p1a: Scizor|atk|2\n|move|p2b: Indeedee|Skill Swap|p1b: Bellibolt\n|-activate|p2b: Indeedee|move: Skill Swap|Electromorphosis|Technician|[of] p1b: Bellibolt\n|\n|-fieldend|move: Trick Room\n|-fieldend|move: Psychic Terrain\n|upkeep\n|turn|6\n|inactive|MAC N9NE has 30 seconds left.\n|inactive|MAC N9NE has 20 seconds left.\n|inactive|MAC N9NE has 15 seconds left.\n|inactive|MAC N9NE has 10 seconds left.\n|\n|t:|1682528570\n|move|p1a: Scizor|Bullet Punch|p2a: Kingambit\n|-resisted|p2a: Kingambit\n|-damage|p2a: Kingambit|0 fnt\n|faint|p2a: Kingambit\n|move|p2b: Indeedee|Dazzling Gleam|p1b: Bellibolt|[spread] p1a,p1b\n|-resisted|p1a: Scizor\n|-damage|p1a: Scizor|23\/100\n|-damage|p1b: Bellibolt|89\/100\n|move|p1b: Bellibolt|Volt Switch|p2b: Indeedee\n|-damage|p2b: Indeedee|8\/100\n|-start|p2b: Indeedee|Charge|Volt Switch|[from] ability: Electromorphosis\n|\n|upkeep\n|\n|t:|1682528583\n|switch|p2a: Amoonguss|Amoonguss, L50, M, shiny|100\/100\n|turn|7\n|inactive|MAC N9NE has 30 seconds left.\n|\n|t:|1682528617\n|move|p2b: Indeedee|Protect|p2b: Indeedee\n|-singleturn|p2b: Indeedee|Protect\n|move|p1a: Scizor|Bullet Punch|p2b: Indeedee\n|-activate|p2b: Indeedee|move: Protect\n|move|p1b: Bellibolt|Hyper Voice|p2a: Amoonguss|[spread] p2a\n|-activate|p2b: Indeedee|move: Protect\n|-damage|p2a: Amoonguss|84\/100\n|move|p2a: Amoonguss|Spore|p1b: Bellibolt\n|-status|p1b: Bellibolt|slp|[from] move: Spore\n|\n|-heal|p2a: Amoonguss|90\/100|[from] item: Black Sludge\n|upkeep\n|turn|8\n|inactive|MAC N9NE has 30 seconds left.\n|\n|t:|1682528646\n|move|p2b: Indeedee|Protect||[still]\n|-fail|p2b: Indeedee\n|move|p1a: Scizor|Bullet Punch|p2b: Indeedee\n|-damage|p2b: Indeedee|0 fnt\n|faint|p2b: Indeedee\n|cant|p1b: Bellibolt|slp\n|move|p2a: Amoonguss|Pollen Puff|p2: Indeedee|[notarget]\n|-fail|p2a: Amoonguss\n|\n|-heal|p2a: Amoonguss|96\/100|[from] item: Black Sludge\n|upkeep\n|turn|9\n|inactive|MAC N9NE has 30 seconds left.\n|\n|t:|1682528673\n|move|p1a: Scizor|Aerial Ace|p2a: Amoonguss\n|-supereffective|p2a: Amoonguss\n|-damage|p2a: Amoonguss|24\/100\n|-status|p1a: Scizor|slp|[from] ability: Effect Spore|[of] p2a: Amoonguss\n|-curestatus|p1b: Bellibolt|slp|[msg]\n|move|p1b: Bellibolt|Volt Switch|p2a: Amoonguss\n|-resisted|p2a: Amoonguss\n|-damage|p2a: Amoonguss|12\/100\n|move|p2a: Amoonguss|Spore|p1a: Scizor\n|-fail|p1a: Scizor|slp\n|\n|-heal|p2a: Amoonguss|18\/100|[from] item: Black Sludge\n|upkeep\n|turn|10\n|\n|t:|1682528690\n|-terastallize|p1b: Bellibolt|Grass\n|-terastallize|p2a: Amoonguss|Dark\n|cant|p1a: Scizor|slp\n|move|p1b: Bellibolt|Volt Switch|p2a: Amoonguss\n|-damage|p2a: Amoonguss|0 fnt\n|faint|p2a: Amoonguss\n|\n|win|Ykrach\n|raw|Ykrach's rating: 1035 → 1078<\/strong> (+43 for winning)\n|raw|MAC N9NE's rating: 1120 → 1089<\/strong> (-31 for losing)\n|l|\u2606MAC N9NE\n","uploadtime":1682530498,"views":11,"p1id":"ykrach","p2id":"macn9ne","formatid":"gen9vgc2023regulationc","rating":1078,"private":0,"password":""}