{"id":"gen9vgc2023regulationc-1845517739","p1":"TiptopFlipflop","p2":"costoya98","format":"[Gen 9] VGC 2023 Regulation C","log":"|j|\u2606TiptopFlipflop\n|j|\u2606costoya98\n|t:|1681741381\n|gametype|doubles\n|player|p1|TiptopFlipflop|swimmer-gen4dp|1034\n|player|p2|costoya98|101|1027\n|teamsize|p1|6\n|teamsize|p2|6\n|gen|9\n|tier|[Gen 9] VGC 2023 Regulation C\n|rated|\n|rule|Species Clause: Limit one of each Pok\u00e9mon\n|rule|Item Clause: Limit one of each item\n|clearpoke\n|poke|p1|Skeledirge, L50, F|\n|poke|p1|Luxray, L50, M|\n|poke|p1|Farigiraf, L50, F|\n|poke|p1|Froslass, L50, F|\n|poke|p1|Tinkaton, L50, F|\n|poke|p1|Stantler, L50, F|\n|poke|p2|Palafin, L50, F|\n|poke|p2|Amoonguss, L50, M|\n|poke|p2|Arcanine, L50, M|\n|poke|p2|Ting-Lu, L50|\n|poke|p2|Flutter Mane, L50|\n|poke|p2|Baxcalibur, L50, F|\n|teampreview|4\ncostoya98 has agreed to open team sheets.\n|\n|t:|1681741447\n|start\n|switch|p1a: Froslass|Froslass, L50, F|100\/100\n|switch|p1b: Tinkaton|Tinkaton, L50, F|100\/100\n|switch|p2a: Amoonguss|Amoonguss, L50, M, shiny|100\/100\n|switch|p2b: Palafin|Palafin, L50, F|100\/100\n|-ability|p1b: Tinkaton|Mold Breaker\n|turn|1\n|inactive|Battle timer is ON: inactive players will automatically lose when time's up. (requested by costoya98)\n|inactive|costoya98 has 60 seconds left.\n|\n|t:|1681741490\n|detailschange|p2b: Palafin|Palafin-Hero, L50, F\n|switch|p2b: Flutter Mane|Flutter Mane, L50, shiny|100\/100\n|-enditem|p2b: Flutter Mane|Booster Energy\n|-activate|p2b: Flutter Mane|ability: Protosynthesis|[fromitem]\n|-start|p2b: Flutter Mane|protosynthesisspe\n|move|p1b: Tinkaton|Fake Out|p2b: Flutter Mane\n|-immune|p2b: Flutter Mane\n|move|p1a: Froslass|Taunt|p2a: Amoonguss\n|-start|p2a: Amoonguss|move: Taunt\n|cant|p2a: Amoonguss|move: Taunt|Spore\n|\n|upkeep\n|turn|2\n|\n|t:|1681741512\n|switch|p2a: Palafin|Palafin-Hero, L50, F|100\/100\n|-activate|p2a: Palafin|ability: Zero to Hero\n|-terastallize|p2b: Flutter Mane|Fairy\n|move|p2b: Flutter Mane|Dazzling Gleam|p1b: Tinkaton|[spread] p1a,p1b\n|-resisted|p1b: Tinkaton\n|-damage|p1a: Froslass|31\/100\n|-damage|p1b: Tinkaton|87\/100\n|move|p1a: Froslass|Ice Spinner|p2a: Palafin\n|-resisted|p2a: Palafin\n|-damage|p2a: Palafin|86\/100\n|move|p1b: Tinkaton|Gigaton Hammer|p2b: Flutter Mane\n|-supereffective|p2b: Flutter Mane\n|-damage|p2b: Flutter Mane|0 fnt\n|faint|p2b: Flutter Mane\n|-end|p2b: Flutter Mane|Protosynthesis|[silent]\n|\n|upkeep\n|\n|t:|1681741528\n|switch|p2b: Amoonguss|Amoonguss, L50, M, shiny|100\/100\n|turn|3\n|\n|t:|1681741545\n|move|p2b: Amoonguss|Rage Powder|p2b: Amoonguss\n|-singleturn|p2b: Amoonguss|move: Rage Powder\n|move|p2a: Palafin|Jet Punch|p1a: Froslass\n|-damage|p1a: Froslass|0 fnt\n|faint|p1a: Froslass\n|move|p1b: Tinkaton|Knock Off|p2b: Amoonguss\n|-damage|p2b: Amoonguss|78\/100\n|-enditem|p2b: Amoonguss|Sitrus Berry|[from] move: Knock Off|[of] p1b: Tinkaton\n|\n|upkeep\n|\n|t:|1681741556\n|switch|p1a: Farigiraf|Farigiraf, L50, F|100\/100\n|turn|4\n|\n|t:|1681741574\n|move|p2b: Amoonguss|Rage Powder|p2b: Amoonguss\n|-singleturn|p2b: Amoonguss|move: Rage Powder\n|move|p2a: Palafin|Wave Crash|p1a: Farigiraf\n|-damage|p1a: Farigiraf|0 fnt\n|faint|p1a: Farigiraf\n|-damage|p2a: Palafin|50\/100|[from] Recoil\n|move|p1b: Tinkaton|Gigaton Hammer|p2b: Amoonguss\n|-damage|p2b: Amoonguss|22\/100\n|\n|upkeep\n|\n|t:|1681741584\n|switch|p1a: Luxray|Luxray, L50, M|100\/100\n|-ability|p1a: Luxray|Intimidate|boost\n|-unboost|p2a: Palafin|atk|1\n|-unboost|p2b: Amoonguss|atk|1\n|turn|5\n|\n|t:|1681741600\n|-terastallize|p1a: Luxray|Grass\n|move|p2b: Amoonguss|Rage Powder|p2b: Amoonguss\n|-singleturn|p2b: Amoonguss|move: Rage Powder\n|move|p2a: Palafin|Haze|p2a: Palafin\n|-clearallboost\n|move|p1b: Tinkaton|Knock Off|p2b: Amoonguss\n|-damage|p2b: Amoonguss|8\/100\n|move|p1a: Luxray|Ice Fang|p2b: Amoonguss\n|-supereffective|p2b: Amoonguss\n|-damage|p2b: Amoonguss|0 fnt\n|faint|p2b: Amoonguss\n|\n|upkeep\n|\n|t:|1681741612\n|switch|p2b: Ting-Lu|Ting-Lu, L50|100\/100\n|-ability|p2b: Ting-Lu|Vessel of Ruin\n|turn|6\n|\n|t:|1681741623\n|move|p2a: Palafin|Wave Crash|p1b: Tinkaton\n|-damage|p1b: Tinkaton|0 fnt\n|faint|p1b: Tinkaton\n|-damage|p2a: Palafin|23\/100|[from] Recoil\n|move|p1a: Luxray|Wild Charge|p2a: Palafin\n|-supereffective|p2a: Palafin\n|-damage|p2a: Palafin|0 fnt\n|faint|p2a: Palafin\n|-damage|p1a: Luxray|94\/100|[from] Recoil\n|move|p2b: Ting-Lu|Fissure|p1a: Luxray|[miss]\n|-miss|p2b: Ting-Lu|p1a: Luxray\n|\n|upkeep\n|turn|7\n|\n|t:|1681741639\n|move|p1a: Luxray|Play Rough|p2b: Ting-Lu\n|-supereffective|p2b: Ting-Lu\n|-damage|p2b: Ting-Lu|64\/100\n|move|p2b: Ting-Lu|Stomping Tantrum|p1a: Luxray\n|-resisted|p1a: Luxray\n|-damage|p1a: Luxray|48\/100\n|\n|upkeep\n|turn|8\n|\n|t:|1681741647\n|move|p1a: Luxray|Ice Fang|p2b: Ting-Lu\n|-supereffective|p2b: Ting-Lu\n|-damage|p2b: Ting-Lu|35\/100\n|move|p2b: Ting-Lu|Fissure|p1a: Luxray\n|-damage|p1a: Luxray|0 fnt\n|faint|p1a: Luxray\n|-ohko\n|\n|win|costoya98\n|raw|TiptopFlipflop's rating: 1034 → 1019<\/strong> (-15 for losing)\n|raw|costoya98's rating: 1027 → 1064<\/strong> (+37 for winning)\n|l|\u2606TiptopFlipflop\n|c|\u2606costoya98|gg\n","uploadtime":1681741668,"views":9,"p1id":"tiptopflipflop","p2id":"costoya98","formatid":"gen9vgc2023regulationc","rating":1019,"private":0,"password":""}