{"id":"gen9vgc2023regulationc-1853127589","p1":"Yuni Sensei","p2":"Cyruno","format":"[Gen 9] VGC 2023 Regulation C","log":"|j|\u2606Yuni Sensei\n|j|\u2606Cyruno\n|t:|1682638490\n|gametype|doubles\n|player|p1|Yuni Sensei|ninjaboy|1362\n|player|p2|Cyruno|blue|1244\n|teamsize|p1|6\n|teamsize|p2|6\n|gen|9\n|tier|[Gen 9] VGC 2023 Regulation C\n|rated|\n|rule|Species Clause: Limit one of each Pok\u00e9mon\n|rule|Item Clause: Limit one of each item\n|clearpoke\n|poke|p1|Glimmora, L50, F|\n|poke|p1|Flutter Mane, L50|\n|poke|p1|Gothitelle, L50, F|\n|poke|p1|Palafin, L50, F|\n|poke|p1|Corviknight, L50, F|\n|poke|p1|Great Tusk, L50|\n|poke|p2|Scizor, L50, M|\n|poke|p2|Flutter Mane, L50|\n|poke|p2|Chien-Pao, L50|\n|poke|p2|Arcanine, L50, M|\n|poke|p2|Azumarill, L50, F|\n|poke|p2|Amoonguss, L50, F|\n|teampreview|4\n|inactive|Battle timer is ON: inactive players will automatically lose when time's up. (requested by Yuni Sensei)\n|\n|t:|1682638554\n|start\n|switch|p1a: Glimmora|Glimmora, L50, F|100\/100\n|switch|p1b: Gothitelle|Gothitelle, L50, F|100\/100\n|switch|p2a: Ice Weasel|Chien-Pao, L50|100\/100\n|switch|p2b: Scissors|Scizor, L50, M|100\/100\n|-ability|p2a: Ice Weasel|Sword of Ruin\n|turn|1\n|\n|t:|1682638574\n|move|p2a: Ice Weasel|Sacred Sword|p1a: Glimmora\n|-damage|p1a: Glimmora|42\/100\n|-activate|p1a: Glimmora|ability: Toxic Debris\n|-sidestart|p2: Cyruno|move: Toxic Spikes\n|move|p1a: Glimmora|Mortal Spin|p2a: Ice Weasel|[spread] p2a\n|-immune|p2b: Scissors\n|-damage|p2a: Ice Weasel|95\/100\n|-status|p2a: Ice Weasel|psn\n|move|p2b: Scissors|U-turn|p1b: Gothitelle\n|-supereffective|p1b: Gothitelle\n|-damage|p1b: Gothitelle|12\/100\n|-enditem|p1b: Gothitelle|Sitrus Berry|[eat]\n|-heal|p1b: Gothitelle|37\/100|[from] item: Sitrus Berry\n|\n|t:|1682638588\n|switch|p2b: Misdreavus v2|Flutter Mane, L50|100\/100|[from] U-turn\n|-enditem|p2b: Misdreavus v2|Booster Energy\n|-activate|p2b: Misdreavus v2|ability: Protosynthesis|[fromitem]\n|-start|p2b: Misdreavus v2|protosynthesisspa\n|-status|p2b: Misdreavus v2|psn\n|move|p1b: Gothitelle|Thunder Wave||[still]\n|-fail|p1b: Gothitelle\n|\n|-damage|p2a: Ice Weasel|83\/100 psn|[from] psn\n|-damage|p2b: Misdreavus v2|89\/100 psn|[from] psn\n|upkeep\n|turn|2\n|inactive|Yuni Sensei has 30 seconds left.\n|\n|t:|1682638618\n|move|p2a: Ice Weasel|Sacred Sword|p1a: Glimmora\n|-damage|p1a: Glimmora|0 fnt\n|-activate|p1a: Glimmora|ability: Toxic Debris\n|-sidestart|p2: Cyruno|move: Toxic Spikes\n|faint|p1a: Glimmora\n|move|p2b: Misdreavus v2|Dazzling Gleam|p1b: Gothitelle\n|-damage|p1b: Gothitelle|0 fnt\n|faint|p1b: Gothitelle\n|\n|-damage|p2a: Ice Weasel|70\/100 psn|[from] psn\n|-damage|p2b: Misdreavus v2|77\/100 psn|[from] psn\n|upkeep\n|\n|t:|1682638629\n|switch|p1a: Flutter Mane|Flutter Mane, L50|100\/100\n|switch|p1b: Corviknight|Corviknight, L50, F|100\/100\n|-enditem|p1a: Flutter Mane|Booster Energy\n|-activate|p1a: Flutter Mane|ability: Protosynthesis|[fromitem]\n|-start|p1a: Flutter Mane|protosynthesisspa\n|turn|3\n|\n|t:|1682638653\n|move|p2b: Misdreavus v2|Protect|p2b: Misdreavus v2\n|-singleturn|p2b: Misdreavus v2|Protect\n|move|p1a: Flutter Mane|Protect|p1a: Flutter Mane\n|-singleturn|p1a: Flutter Mane|Protect\n|move|p2a: Ice Weasel|Sucker Punch||[still]\n|-fail|p2a: Ice Weasel\n|move|p1b: Corviknight|Iron Head|p2a: Ice Weasel\n|-supereffective|p2a: Ice Weasel\n|-damage|p2a: Ice Weasel|0 fnt\n|faint|p2a: Ice Weasel\n|\n|-damage|p2b: Misdreavus v2|65\/100 psn|[from] psn\n|upkeep\n|\n|t:|1682638660\n|switch|p2a: Lola|Azumarill, L50, F, shiny|100\/100\n|-status|p2a: Lola|tox\n|turn|4\n|\n|t:|1682638673\n|-terastallize|p2b: Misdreavus v2|Fairy\n|-terastallize|p1a: Flutter Mane|Fairy\n|move|p2b: Misdreavus v2|Thunderbolt|p1b: Corviknight\n|-supereffective|p1b: Corviknight\n|-damage|p1b: Corviknight|31\/100\n|move|p1a: Flutter Mane|Hex|p2b: Misdreavus v2\n|-damage|p2b: Misdreavus v2|0 fnt\n|faint|p2b: Misdreavus v2\n|-end|p2b: Misdreavus v2|Protosynthesis|[silent]\n|move|p1b: Corviknight|Bulk Up|p1b: Corviknight\n|-boost|p1b: Corviknight|atk|1\n|-boost|p1b: Corviknight|def|1\n|move|p2a: Lola|Liquidation|p1a: Flutter Mane\n|-damage|p1a: Flutter Mane|26\/100\n|\n|-damage|p2a: Lola|95\/100 tox|[from] psn\n|upkeep\n|\n|t:|1682638681\n|switch|p2b: Scissors|Scizor, L50, M|100\/100\n|turn|5\n|\n|t:|1682638691\n|move|p1a: Flutter Mane|Protect|p1a: Flutter Mane\n|-singleturn|p1a: Flutter Mane|Protect\n|move|p2b: Scissors|Bullet Punch|p1a: Flutter Mane\n|-activate|p1a: Flutter Mane|move: Protect\n|move|p1b: Corviknight|Roost|p1b: Corviknight\n|-heal|p1b: Corviknight|81\/100\n|-singleturn|p1b: Corviknight|move: Roost\n|move|p2a: Lola|Ice Spinner|p1b: Corviknight\n|-resisted|p1b: Corviknight\n|-damage|p1b: Corviknight|73\/100\n|\n|-damage|p2a: Lola|83\/100 tox|[from] psn\n|upkeep\n|turn|6\n|\n|t:|1682638716\n|move|p2b: Scissors|Bullet Punch|p1a: Flutter Mane\n|-supereffective|p1a: Flutter Mane\n|-damage|p1a: Flutter Mane|0 fnt\n|faint|p1a: Flutter Mane\n|-end|p1a: Flutter Mane|Protosynthesis|[silent]\n|move|p1b: Corviknight|Roost|p1b: Corviknight\n|-heal|p1b: Corviknight|100\/100\n|-singleturn|p1b: Corviknight|move: Roost\n|move|p2a: Lola|Ice Spinner|p1b: Corviknight\n|-resisted|p1b: Corviknight\n|-damage|p1b: Corviknight|92\/100\n|\n|-damage|p2a: Lola|66\/100 tox|[from] psn\n|upkeep\n|turn|7\n|\n|t:|1682638728\n|move|p1b: Corviknight|Bulk Up|p1b: Corviknight\n|-boost|p1b: Corviknight|atk|1\n|-boost|p1b: Corviknight|def|1\n|move|p2b: Scissors|Close Combat|p1b: Corviknight\n|-damage|p1b: Corviknight|71\/100\n|-unboost|p2b: Scissors|def|1\n|-unboost|p2b: Scissors|spd|1\n|move|p2a: Lola|Ice Spinner|p1b: Corviknight\n|-damage|p1b: Corviknight|58\/100\n|\n|-damage|p2a: Lola|43\/100 tox|[from] psn\n|upkeep\n|turn|8\n|\n|t:|1682638746\n|move|p1b: Corviknight|Brave Bird|p2b: Scissors\n|-crit|p2b: Scissors\n|-damage|p2b: Scissors|0 fnt\n|faint|p2b: Scissors\n|-damage|p1b: Corviknight|29\/100|[from] Recoil\n|move|p2a: Lola|Ice Spinner|p1b: Corviknight\n|-damage|p1b: Corviknight|16\/100\n|\n|-damage|p2a: Lola|14\/100 tox|[from] psn\n|upkeep\n|turn|9\n|inactive|Cyruno has 30 seconds left.\n|inactive|Cyruno has 20 seconds left.\n|\n|t:|1682638781\n|move|p2a: Lola|Aqua Jet|p1b: Corviknight\n|-damage|p1b: Corviknight|5\/100\n|move|p1b: Corviknight|Iron Head|p2a: Lola\n|-damage|p2a: Lola|0 fnt\n|faint|p2a: Lola\n|\n|win|Yuni Sensei\n|raw|Yuni Sensei's rating: 1362 → 1375<\/strong> (+13 for winning)\n|raw|Cyruno's rating: 1244 → 1227<\/strong> (-17 for losing)\n","uploadtime":1682638791,"views":8,"p1id":"yunisensei","p2id":"cyruno","formatid":"gen9vgc2023regulationc","rating":1227,"private":0,"password":""}