{"id":"gen9vgc2023regulationc-1855033564","p1":"gataen42","p2":"NDShepard","format":"[Gen 9] VGC 2023 Regulation C","log":"|j|\u2606gataen42\n|j|\u2606NDShepard\n|t:|1682893285\n|gametype|doubles\n|player|p1|gataen42|lass-gen4|\n|player|p2|NDShepard|caitlin|\n|teamsize|p1|6\n|teamsize|p2|6\n|gen|9\n|tier|[Gen 9] VGC 2023 Regulation C\n|rule|Species Clause: Limit one of each Pok\u00e9mon\n|rule|Item Clause: Limit one of each item\n|clearpoke\n|poke|p1|Amoonguss, L50, M|\n|poke|p1|Chi-Yu, L50|\n|poke|p1|Gyarados, L50, M|\n|poke|p1|Flutter Mane, L50|\n|poke|p1|Klefki, L50, F|\n|poke|p1|Roaring Moon, L50|\n|poke|p2|Torkoal, L50, M|\n|poke|p2|Hoppip, L50, F|\n|poke|p2|Flutter Mane, L50|\n|poke|p2|Great Tusk, L50|\n|poke|p2|Chien-Pao, L50|\n|poke|p2|Kingambit, L50, F|\n|teampreview|4\n|c|\u2606gataen42|ah la team \u00e0 joseph ?\n|c|\u2606gataen42|bon pick\ngataen42 has agreed to open team sheets.\n|j|%Clementine\n|j| Zenadark\n|c|\u2606NDShepard|Gros y'a un Hoppip quand m\u00eame\n|c|%Clementine|HOPPIP\n|j| Misstikon\n|c|\u2606NDShepard|Fin tu te dis pas que y'a un probl\u00e8me\nNDShepard has agreed to open team sheets.\n|j| Sharow\n|l| Sharow\n|j| Masskeauuu\n|c|\u2606gataen42|justement\n|c|\u2606gataen42|je sais pas jouer contre\n|j| lemonstre1\n|c|\u2606NDShepard|Oh la gueule de tes surnoms\n|c|\u2606gataen42|surtout ce chartor mdrr\n|j| Sharow\n|j| Gelbel3c\n|j| Squash\n|j| Skip n Slash\n|c| lemonstre1|c qui joseph?\n|j| wertsd26\n|c|\u2606gataen42|2\u00e8me meilleur joueur am\u00e9ricain\n|c|\u2606gataen42|j'ai perdu contre lui et cette team hier mdrr\n|\n|t:|1682893472\n|start\n|switch|p1a: Alekso <3|Amoonguss, L50, M|100\/100\n|switch|p1b: EviGaro <3|Roaring Moon, L50|100\/100\n|switch|p2a: Torkoal|Torkoal, L50, M|100\/100\n|switch|p2b: Hoppip|Hoppip, L50, F, shiny|100\/100\n|-weather|SunnyDay|[from] ability: Drought|[of] p2a: Torkoal\n|-activate|p1b: EviGaro <3|ability: Protosynthesis\n|-start|p1b: EviGaro <3|protosynthesisspe\n|turn|1\n|j| Otark\n|\n|t:|1682893489\n|move|p1b: EviGaro <3|Tailwind|p1b: EviGaro <3\n|-sidestart|p1: gataen42|move: Tailwind\n|move|p2b: Hoppip|Tailwind|p2b: Hoppip\n|-sidestart|p2: NDShepard|move: Tailwind\n|move|p2a: Torkoal|Overheat|p1a: Alekso <3\n|-supereffective|p1a: Alekso <3\n|-crit|p1a: Alekso <3\n|-damage|p1a: Alekso <3|0 fnt\n|-unboost|p2a: Torkoal|spa|2\n|-enditem|p2a: Torkoal|Eject Pack\n|faint|p1a: Alekso <3\n|l| wertsd26\n|c|\u2606gataen42|ouf\n|\n|t:|1682893501\n|switch|p2a: Great Tusk|Great Tusk, L50|100\/100\n|-activate|p2a: Great Tusk|ability: Protosynthesis\n|-start|p2a: Great Tusk|protosynthesisatk\n|\n|-weather|SunnyDay|[upkeep]\n|upkeep\n|c|\u2606gataen42|je tanque en plus mdrr\n|\n|t:|1682893509\n|switch|p1a: Tuthur <3|Chi-Yu, L50|100\/100\n|-ability|p1a: Tuthur <3|Beads of Ruin\n|turn|2\n|j| Heika\n|\n|t:|1682893535\n|-terastallize|p2a: Great Tusk|Fire\n|move|p1a: Tuthur <3|Protect|p1a: Tuthur <3\n|-singleturn|p1a: Tuthur <3|Protect\n|move|p1b: EviGaro <3|Breaking Swipe|p2a: Great Tusk|[spread] p2a,p2b\n|-damage|p2a: Great Tusk|85\/100\n|-damage|p2b: Hoppip|49\/100\n|-unboost|p2a: Great Tusk|atk|1\n|move|p2a: Great Tusk|Earthquake|p1a: Tuthur <3|[spread] p1b\n|-activate|p1a: Tuthur <3|move: Protect\n|-immune|p2b: Hoppip\n|-damage|p1b: EviGaro <3|61\/100\n|move|p2b: Hoppip|Sleep Powder|p1a: Tuthur <3\n|-activate|p1a: Tuthur <3|move: Protect\n|\n|-weather|SunnyDay|[upkeep]\n|upkeep\n|turn|3\n|\n|t:|1682893554\n|-terastallize|p1a: Tuthur <3|Grass\n|move|p1b: EviGaro <3|Breaking Swipe|p2b: Hoppip|[spread] p2a,p2b\n|-damage|p2a: Great Tusk|68\/100\n|-damage|p2b: Hoppip|0 fnt\n|-unboost|p2a: Great Tusk|atk|1\n|faint|p2b: Hoppip\n|move|p2a: Great Tusk|Earthquake|p1b: EviGaro <3|[spread] p1a,p1b\n|-resisted|p1a: Tuthur <3\n|-damage|p1a: Tuthur <3|81\/100\n|-damage|p1b: EviGaro <3|33\/100\n|move|p1a: Tuthur <3|Dark Pulse|p2a: Great Tusk\n|-damage|p2a: Great Tusk|0 fnt\n|faint|p2a: Great Tusk\n|-end|p2a: Great Tusk|Protosynthesis|[silent]\n|-damage|p1a: Tuthur <3|71\/100|[from] item: Life Orb\n|\n|-weather|SunnyDay|[upkeep]\n|upkeep\n|\n|t:|1682893560\n|switch|p2a: Torkoal|Torkoal, L50, M|100\/100\n|switch|p2b: Flutter Mane|Flutter Mane, L50|100\/100\n|-activate|p2b: Flutter Mane|ability: Protosynthesis\n|-start|p2b: Flutter Mane|protosynthesisspe\n|turn|4\n|j| Toadow\n|\n|t:|1682893573\n|move|p2a: Torkoal|Helping Hand|p2b: Flutter Mane\n|-singleturn|p2b: Flutter Mane|Helping Hand|[of] p2a: Torkoal\n|move|p1b: EviGaro <3|Protect|p1b: EviGaro <3\n|-singleturn|p1b: EviGaro <3|Protect\n|move|p1a: Tuthur <3|Protect|p1a: Tuthur <3\n|-singleturn|p1a: Tuthur <3|Protect\n|move|p2b: Flutter Mane|Dazzling Gleam|p1b: EviGaro <3|[spread] \n|-activate|p1a: Tuthur <3|move: Protect\n|-activate|p1b: EviGaro <3|move: Protect\n|\n|-weather|SunnyDay|[upkeep]\n|-sideend|p2: NDShepard|move: Tailwind\n|-sideend|p1: gataen42|move: Tailwind\n|upkeep\n|turn|5\n|j| wertsd26\n|j| Remi25\n|l| Remi25\n|\n|t:|1682893620\n|switch|p1a: hurtadoo <3|Flutter Mane, L50|100\/100\n|-activate|p1a: hurtadoo <3|ability: Protosynthesis\n|-start|p1a: hurtadoo <3|protosynthesisspe\n|move|p2a: Torkoal|Helping Hand|p2b: Flutter Mane\n|-singleturn|p2b: Flutter Mane|Helping Hand|[of] p2a: Torkoal\n|move|p1b: EviGaro <3|Protect||[still]\n|-fail|p1b: EviGaro <3\n|move|p2b: Flutter Mane|Dazzling Gleam|p1b: EviGaro <3|[spread] p1a,p1b\n|-supereffective|p1b: EviGaro <3\n|-damage|p1a: hurtadoo <3|34\/100\n|-damage|p1b: EviGaro <3|0 fnt\n|faint|p1b: EviGaro <3\n|-end|p1b: EviGaro <3|Protosynthesis|[silent]\n|\n|-weather|none\n|-end|p1a: hurtadoo <3|Protosynthesis\n|-end|p2b: Flutter Mane|Protosynthesis\n|upkeep\n|\n|t:|1682893630\n|switch|p1b: Tuthur <3|Chi-Yu, L50, tera:Grass|71\/100\n|-ability|p1b: Tuthur <3|Beads of Ruin\n|turn|6\n|\n|t:|1682893636\n|move|p1a: hurtadoo <3|Shadow Ball|p2b: Flutter Mane\n|-supereffective|p2b: Flutter Mane\n|-damage|p2b: Flutter Mane|0 fnt\n|faint|p2b: Flutter Mane\n|-end|p2b: Flutter Mane|Protosynthesis|[silent]\n|move|p1b: Tuthur <3|Dark Pulse|p2a: Torkoal\n|-damage|p2a: Torkoal|24\/100\n|-damage|p1b: Tuthur <3|62\/100|[from] item: Life Orb\n|move|p2a: Torkoal|Overheat|p1b: Tuthur <3\n|-supereffective|p1b: Tuthur <3\n|-damage|p1b: Tuthur <3|0 fnt\n|-unboost|p2a: Torkoal|spa|2\n|faint|p1b: Tuthur <3\n|\n|upkeep\n|turn|7\n|\n|t:|1682893647\n|move|p1a: hurtadoo <3|Shadow Ball|p2a: Torkoal\n|-damage|p2a: Torkoal|0 fnt\n|faint|p2a: Torkoal\n|\n|win|gataen42\n|c|\u2606gataen42|gg\n|l| Misstikon\n|j| Misstikon\n|l| Masskeauuu\n|l| Misstikon\n|l| wertsd26\n|j| wertsd26\n|l| wertsd26\n|j| Elyoss\n|l| Zenadark\n|l| lemonstre1\n|l| Gelbel3c\n|l| Elyoss\n|l| Skip n Slash\n","uploadtime":1682894028,"views":12,"p1id":"gataen42","p2id":"ndshepard","formatid":"gen9vgc2023regulationc","rating":0,"private":0,"password":""}