{"id":"gen9vgc2023regulationc-1847501148","p1":"The Penguinari","p2":"ModernNeesh","format":"[Gen 9] VGC 2023 Regulation C","log":"|j|\u2606The Penguinari\n|j|\u2606ModernNeesh\n|t:|1681963337\n|gametype|doubles\n|player|p1|The Penguinari|grimsley|\n|player|p2|ModernNeesh|hilbert|\n|teamsize|p1|6\n|teamsize|p2|6\n|gen|9\n|tier|[Gen 9] VGC 2023 Regulation C\n|rule|Species Clause: Limit one of each Pok\u00e9mon\n|rule|Item Clause: Limit one of each item\n|clearpoke\n|poke|p1|Iron Bundle, L50|\n|poke|p1|Amoonguss, L50, M|\n|poke|p1|Chi-Yu, L50|\n|poke|p1|Gyarados, L50, M|\n|poke|p1|Dragapult, L50, M|\n|poke|p1|Chien-Pao, L50|\n|poke|p2|Talonflame, L50, F|\n|poke|p2|Flutter Mane, L50|\n|poke|p2|Dragonite, L50, M|\n|poke|p2|Amoonguss, L50, F|\n|poke|p2|Iron Bundle, L50|\n|poke|p2|Great Tusk, L50|\n|teampreview|4\nThe Penguinari has agreed to open team sheets.\nModernNeesh has agreed to open team sheets.\n|\n|t:|1681963380\n|start\n|switch|p1a: Gyarados|Gyarados, L50, M|100\/100\n|switch|p1b: Dragapult|Dragapult, L50, M|100\/100\n|switch|p2a: Iron Bundle|Iron Bundle, L50|100\/100\n|switch|p2b: Flutter Mane|Flutter Mane, L50|100\/100\n|-ability|p1a: Gyarados|Intimidate|boost\n|-unboost|p2a: Iron Bundle|atk|1\n|-unboost|p2b: Flutter Mane|atk|1\n|-enditem|p2a: Iron Bundle|Booster Energy\n|-activate|p2a: Iron Bundle|ability: Quark Drive|[fromitem]\n|-start|p2a: Iron Bundle|quarkdrivespe\n|turn|1\n|\n|t:|1681963421\n|-terastallize|p1b: Dragapult|Steel\n|move|p2a: Iron Bundle|Icy Wind|p1a: Gyarados|[spread] p1a,p1b\n|-resisted|p1b: Dragapult\n|-damage|p1a: Gyarados|87\/100\n|-damage|p1b: Dragapult|86\/100\n|-unboost|p1a: Gyarados|spe|1\n|move|p1b: Dragapult|Tera Blast|p2b: Flutter Mane\n|-supereffective|p2b: Flutter Mane\n|-damage|p2b: Flutter Mane|0 fnt\n|faint|p2b: Flutter Mane\n|-end|p2b: Flutter Mane|Protosynthesis|[silent]\n|move|p1a: Gyarados|Thunder Wave|p2a: Iron Bundle\n|-status|p2a: Iron Bundle|par\n|\n|upkeep\n|\n|t:|1681963440\n|switch|p2b: Great Tusk|Great Tusk, L50|100\/100\n|turn|2\n|\n|t:|1681963488\n|switch|p1b: Chien-Pao|Chien-Pao, L50|100\/100\n|-ability|p1b: Chien-Pao|Sword of Ruin\n|move|p2a: Iron Bundle|Freeze-Dry|p1a: Gyarados\n|-supereffective|p1a: Gyarados\n|-damage|p1a: Gyarados|0 fnt\n|faint|p1a: Gyarados\n|move|p2b: Great Tusk|Headlong Rush|p1b: Chien-Pao\n|-damage|p1b: Chien-Pao|15\/100\n|-unboost|p2b: Great Tusk|def|1\n|-unboost|p2b: Great Tusk|spd|1\n|\n|upkeep\n|\n|t:|1681963502\n|switch|p1a: Iron Bundle|Iron Bundle, L50|100\/100\n|-enditem|p1a: Iron Bundle|Booster Energy\n|-activate|p1a: Iron Bundle|ability: Quark Drive|[fromitem]\n|-start|p1a: Iron Bundle|quarkdrivespe\n|turn|3\n|inactive|Battle timer is ON: inactive players will automatically lose when time's up. (requested by The Penguinari)\n|\n|t:|1681963576\n|move|p1a: Iron Bundle|Freeze-Dry|p2b: Great Tusk\n|-supereffective|p2b: Great Tusk\n|-damage|p2b: Great Tusk|1\/100\n|move|p1b: Chien-Pao|Sacred Sword|p2a: Iron Bundle\n|-supereffective|p2a: Iron Bundle\n|-damage|p2a: Iron Bundle|9\/100 par\n|cant|p2a: Iron Bundle|par\n|move|p2b: Great Tusk|Headlong Rush|p1b: Chien-Pao\n|-damage|p1b: Chien-Pao|0 fnt\n|-unboost|p2b: Great Tusk|def|1\n|-unboost|p2b: Great Tusk|spd|1\n|faint|p1b: Chien-Pao\n|\n|upkeep\n|\n|t:|1681963593\n|switch|p1b: Dragapult|Dragapult, L50, M, tera:Steel|86\/100\n|turn|4\n|inactive|The Penguinari has 30 seconds left.\n|inactive|ModernNeesh has 30 seconds left.\n|inactive|ModernNeesh has 20 seconds left.\n|inactive|ModernNeesh has 15 seconds left.\n|inactive|ModernNeesh has 10 seconds left.\n|\n|t:|1681963640\n|move|p1a: Iron Bundle|Freeze-Dry|p2b: Great Tusk\n|-supereffective|p2b: Great Tusk\n|-damage|p2b: Great Tusk|0 fnt\n|faint|p2b: Great Tusk\n|-end|p2b: Great Tusk|Protosynthesis|[silent]\n|move|p1b: Dragapult|Dragon Darts|p2a: Iron Bundle\n|-damage|p2a: Iron Bundle|0 fnt\n|faint|p2a: Iron Bundle\n|-end|p2a: Iron Bundle|Quark Drive|[silent]\n|\n|upkeep\n|\n|t:|1681963646\n|switch|p2b: Dragonite|Dragonite, L50, M|100\/100\n|turn|5\n|\n|t:|1681963660\n|-terastallize|p2b: Dragonite|Normal\n|move|p1a: Iron Bundle|Freeze-Dry|p2b: Dragonite\n|-damage|p2b: Dragonite|67\/100\n|move|p1b: Dragapult|Dragon Darts|p2b: Dragonite\n|-damage|p2b: Dragonite|32\/100\n|-anim|p1b: Dragapult|Dragon Darts|p2b: Dragonite\n|-damage|p2b: Dragonite|0 fnt\n|faint|p2b: Dragonite\n|\n|win|The Penguinari\n|c|\u2606The Penguinari|gg\n|c|\u2606ModernNeesh|gg\n","uploadtime":1681963675,"views":15,"p1id":"thepenguinari","p2id":"modernneesh","formatid":"gen9vgc2023regulationc","rating":0,"private":0,"password":""}