{"id":"gen9vgc2023regulationc-1861085069","p1":"ITS PAPAW TIME","p2":"Kipzho","format":"[Gen 9] VGC 2023 Regulation C","log":"|j|\u2606ITS PAPAW TIME\n|j|\u2606Kipzho\n|t:|1683725108\n|gametype|doubles\n|player|p1|ITS PAPAW TIME|ingo|\n|player|p2|Kipzho|adaman|\n|teamsize|p1|6\n|teamsize|p2|6\n|gen|9\n|tier|[Gen 9] VGC 2023 Regulation C\n|rule|Species Clause: Limit one of each Pok\u00e9mon\n|rule|Item Clause: Limit one of each item\n|clearpoke\n|poke|p1|Baxcalibur, L50, M|\n|poke|p1|Palafin, L50, F|\n|poke|p1|Arcanine, L50, M|\n|poke|p1|Flutter Mane, L50|\n|poke|p1|Ting-Lu, L50|\n|poke|p1|Amoonguss, L50, F|\n|poke|p2|Scizor, L50, M|\n|poke|p2|Tauros-Paldea-Blaze, L50, M|\n|poke|p2|Chien-Pao, L50|\n|poke|p2|Garchomp, L50, M|\n|poke|p2|Rotom-Wash, L50|\n|poke|p2|Flutter Mane, L50|\n|teampreview|4\nKipzho has agreed to open team sheets.\n|c|\u2606ITS PAPAW TIME|el combate anterior\n|c|\u2606ITS PAPAW TIME|fue muy tecnico\n|l|\u2606Kipzho\n|player|p2|\n|j|\u2606Kipzho\n|player|p2|Kipzho|adaman\n|c|\u2606Kipzho|siii estuvo re bueno, para los palance no se si llevar a gyarados por rotom, pero rotom lo hace bien contra teams anti palance\n|c|\u2606Kipzho|que grande que es el vgc\n|\n|t:|1683725214\n|start\n|switch|p1a: Baxcalibur|Baxcalibur, L50, M|100\/100\n|switch|p1b: Ting-Lu|Ting-Lu, L50|100\/100\n|switch|p2a: Quaker|Garchomp, L50, M|100\/100\n|switch|p2b: Andes|Chien-Pao, L50|100\/100\n|-ability|p2b: Andes|Sword of Ruin\n|-ability|p1b: Ting-Lu|Vessel of Ruin\n|turn|1\n|c|\u2606ITS PAPAW TIME|el vgc es tremendo\n|\n|t:|1683725247\n|switch|p1a: Arcanine|Arcanine, L50, M|100\/100\n|-ability|p1a: Arcanine|Intimidate|boost\n|-unboost|p2a: Quaker|atk|1\n|-unboost|p2b: Andes|atk|1\n|-terastallize|p1b: Ting-Lu|Water\n|move|p2b: Andes|Taunt|p1a: Arcanine\n|-start|p1a: Arcanine|move: Taunt\n|move|p2a: Quaker|Rock Slide|p1a: Arcanine|[spread] p1a,p1b\n|-supereffective|p1a: Arcanine\n|-damage|p1a: Arcanine|65\/100\n|-damage|p1b: Ting-Lu|92\/100\n|move|p1b: Ting-Lu|Ruination|p2a: Quaker\n|-damage|p2a: Quaker|51\/100\n|\n|upkeep\n|turn|2\n|\n|t:|1683725284\n|switch|p1a: Amoonguss|Amoonguss, L50, F|100\/100\n|move|p2b: Andes|Throat Chop|p1a: Amoonguss\n|-damage|p1a: Amoonguss|76\/100\n|-start|p1a: Amoonguss|Throat Chop|[silent]\n|move|p2a: Quaker|Rock Slide|p1a: Amoonguss|[spread] p1a,p1b\n|-damage|p1a: Amoonguss|62\/100\n|-damage|p1b: Ting-Lu|83\/100\n|cant|p1b: Ting-Lu|flinch\n|\n|upkeep\n|turn|3\n|\n|t:|1683725319\n|switch|p2a: Fiura|Flutter Mane, L50|100\/100\n|switch|p1a: Arcanine|Arcanine, L50, M|65\/100\n|-ability|p1a: Arcanine|Intimidate|boost\n|-unboost|p2a: Fiura|atk|1\n|-unboost|p2b: Andes|atk|1\n|move|p2b: Andes|Taunt|p1a: Arcanine\n|-start|p1a: Arcanine|move: Taunt\n|move|p1b: Ting-Lu|Heavy Slam|p2b: Andes\n|-supereffective|p2b: Andes\n|-damage|p2b: Andes|31\/100\n|\n|upkeep\n|turn|4\n|c|\u2606ITS PAPAW TIME|pan\n|c|\u2606ITS PAPAW TIME|debes ir a temuco\n|\n|t:|1683725367\n|switch|p2b: Quix|Scizor, L50, M|100\/100\n|switch|p1a: Amoonguss|Amoonguss, L50, F|95\/100\n|move|p2a: Fiura|Shadow Ball|p1a: Amoonguss\n|-damage|p1a: Amoonguss|46\/100\n|-enditem|p1a: Amoonguss|Sitrus Berry|[eat]\n|-heal|p1a: Amoonguss|71\/100|[from] item: Sitrus Berry\n|move|p1b: Ting-Lu|Heavy Slam|p2a: Fiura\n|-supereffective|p2a: Fiura\n|-damage|p2a: Fiura|0 fnt\n|faint|p2a: Fiura\n|-end|p2a: Fiura|Protosynthesis|[silent]\n|\n|upkeep\n|\n|t:|1683725378\n|switch|p2a: Andes|Chien-Pao, L50|31\/100\n|-ability|p2a: Andes|Sword of Ruin\n|turn|5\n|\n|t:|1683725397\n|switch|p1a: Arcanine|Arcanine, L50, M|65\/100\n|-ability|p1a: Arcanine|Intimidate|boost\n|-unboost|p2a: Andes|atk|1\n|-fail|p2b: Quix|unboost|[from] item: Clear Amulet|[of] p2b: Quix\n|move|p2a: Andes|Protect|p2a: Andes\n|-singleturn|p2a: Andes|Protect\n|move|p2b: Quix|Close Combat|p1b: Ting-Lu\n|-damage|p1b: Ting-Lu|49\/100\n|-unboost|p2b: Quix|def|1\n|-unboost|p2b: Quix|spd|1\n|move|p1b: Ting-Lu|Stomping Tantrum|p2b: Quix\n|-damage|p2b: Quix|42\/100\n|\n|upkeep\n|turn|6\n|\n|t:|1683725416\n|switch|p2a: Quaker|Garchomp, L50, M|51\/100\n|switch|p1b: Amoonguss|Amoonguss, L50, F|100\/100\n|move|p1a: Arcanine|Extreme Speed|p2a: Quaker\n|-damage|p2a: Quaker|29\/100\n|-damage|p1a: Arcanine|53\/100|[from] ability: Rough Skin|[of] p2a: Quaker\n|move|p2b: Quix|Tailwind|p2b: Quix\n|-sidestart|p2: Kipzho|move: Tailwind\n|\n|upkeep\n|turn|7\n|c|\u2606Kipzho|para el segundo premier ir\u00e9\n|\n|t:|1683725433\n|switch|p2b: Andes|Chien-Pao, L50|31\/100\n|-ability|p2b: Andes|Sword of Ruin\n|switch|p1a: Ting-Lu|Ting-Lu, L50, tera:Water|49\/100\n|-ability|p1a: Ting-Lu|Vessel of Ruin\n|-terastallize|p2a: Quaker|Fire\n|move|p2a: Quaker|Outrage|p1a: Ting-Lu\n|-damage|p1a: Ting-Lu|7\/100\n|move|p1b: Amoonguss|Pollen Puff|p1a: Ting-Lu\n|-heal|p1a: Ting-Lu|57\/100\n|\n|upkeep\n|turn|8\n|\n|t:|1683725459\n|switch|p1b: Arcanine|Arcanine, L50, M|53\/100\n|-ability|p1b: Arcanine|Intimidate|boost\n|-unboost|p2a: Quaker|atk|1\n|-unboost|p2b: Andes|atk|1\n|move|p2b: Andes|Protect|p2b: Andes\n|-singleturn|p2b: Andes|Protect\n|move|p2a: Quaker|Outrage|p1a: Ting-Lu|[from]lockedmove\n|-damage|p1a: Ting-Lu|28\/100\n|move|p1a: Ting-Lu|Stomping Tantrum|p2a: Quaker\n|-supereffective|p2a: Quaker\n|-damage|p2a: Quaker|0 fnt\n|-damage|p1a: Ting-Lu|16\/100|[from] ability: Rough Skin|[of] p2a: Quaker\n|faint|p2a: Quaker\n|\n|upkeep\n|\n|t:|1683725470\n|switch|p2a: Quix|Scizor, L50, M|42\/100\n|turn|9\n|\n|t:|1683725482\n|switch|p1a: Amoonguss|Amoonguss, L50, F|100\/100\n|move|p1b: Arcanine|Extreme Speed|p2b: Andes\n|-damage|p2b: Andes|2\/100\n|move|p2b: Andes|Throat Chop|p1a: Amoonguss\n|-damage|p1a: Amoonguss|73\/100\n|-start|p1a: Amoonguss|Throat Chop|[silent]\n|move|p2a: Quix|Close Combat|p1b: Arcanine\n|-damage|p1b: Arcanine|0 fnt\n|-unboost|p2a: Quix|def|1\n|-unboost|p2a: Quix|spd|1\n|faint|p1b: Arcanine\n|\n|-sideend|p2: Kipzho|move: Tailwind\n|upkeep\n|\n|t:|1683725495\n|switch|p1b: Baxcalibur|Baxcalibur, L50, M|100\/100\n|turn|10\n|\n|t:|1683725509\n|move|p1b: Baxcalibur|Protect|p1b: Baxcalibur\n|-singleturn|p1b: Baxcalibur|Protect\n|move|p2b: Andes|Ice Spinner|p1a: Amoonguss\n|-supereffective|p1a: Amoonguss\n|-damage|p1a: Amoonguss|21\/100\n|move|p2a: Quix|Close Combat|p1b: Baxcalibur\n|-activate|p1b: Baxcalibur|move: Protect\n|move|p1a: Amoonguss|Pollen Puff|p2b: Andes\n|-supereffective|p2b: Andes\n|-damage|p2b: Andes|0 fnt\n|faint|p2b: Andes\n|\n|-end|p1a: Amoonguss|Throat Chop|[silent]\n|upkeep\n|turn|11\n|\n|t:|1683725525\n|switch|p1a: Ting-Lu|Ting-Lu, L50, tera:Water|16\/100\n|-ability|p1a: Ting-Lu|Vessel of Ruin\n|move|p1b: Baxcalibur|Glaive Rush|p2a: Quix\n|-resisted|p2a: Quix\n|-damage|p2a: Quix|0 fnt\n|-singlemove|p1b: Baxcalibur|Glaive Rush|[silent]\n|faint|p2a: Quix\n|\n|win|ITS PAPAW TIME\n","uploadtime":1683725534,"views":12,"p1id":"itspapawtime","p2id":"kipzho","formatid":"gen9vgc2023regulationc","rating":0,"private":0,"password":""}