{"id":"gen9vgc2023regulationc-1848521065","p1":"fuwamoko","p2":"dreamswgh","format":"[Gen 9] VGC 2023 Regulation C","log":"|j|\u2606fuwamoko\n|j|\u2606dreamswgh\n|t:|1682086749\n|gametype|doubles\n|player|p1|fuwamoko|2|1516\n|player|p2|dreamswgh|nate|1418\n|teamsize|p1|6\n|teamsize|p2|6\n|gen|9\n|tier|[Gen 9] VGC 2023 Regulation C\n|rated|\n|rule|Species Clause: Limit one of each Pok\u00e9mon\n|rule|Item Clause: Limit one of each item\n|clearpoke\n|poke|p1|Chien-Pao, L50|\n|poke|p1|Dragonite, L50, F|\n|poke|p1|Flutter Mane, L50|\n|poke|p1|Ting-Lu, L50|\n|poke|p1|Annihilape, L50, F|\n|poke|p1|Maushold-Four, L50|\n|poke|p2|Torkoal, L50, F|\n|poke|p2|Indeedee-F, L50, F|\n|poke|p2|Hatterene, L50, F|\n|poke|p2|Corviknight, L50, F|\n|poke|p2|Mimikyu, L50, M|\n|poke|p2|Lilligant, L50, F|\n|teampreview|4\n|\n|t:|1682086805\n|start\n|switch|p1a: Annihilape|Annihilape, L50, F|100\/100\n|switch|p1b: Ting-Lu|Ting-Lu, L50|100\/100\n|switch|p2a: Nevada|Indeedee-F, L50, F|100\/100\n|switch|p2b: New Mexico|Hatterene, L50, F|100\/100\n|-fieldstart|move: Psychic Terrain|[from] ability: Psychic Surge|[of] p2a: Nevada\n|-enditem|p2a: Nevada|Psychic Seed\n|-boost|p2a: Nevada|spd|1|[from] item: Psychic Seed\n|-ability|p1b: Ting-Lu|Vessel of Ruin\n|turn|1\n|\n|t:|1682086823\n|move|p2a: Nevada|Follow Me|p2a: Nevada\n|-singleturn|p2a: Nevada|move: Follow Me\n|move|p1a: Annihilape|Bulk Up|p1a: Annihilape\n|-boost|p1a: Annihilape|atk|1\n|-boost|p1a: Annihilape|def|1\n|move|p1b: Ting-Lu|Heavy Slam|p2a: Nevada\n|-damage|p2a: Nevada|60\/100\n|move|p2b: New Mexico|Trick Room|p2b: New Mexico\n|-fieldstart|move: Trick Room|[of] p2b: New Mexico\n|\n|upkeep\n|turn|2\n|\n|t:|1682086846\n|move|p2a: Nevada|Helping Hand|p2b: New Mexico\n|-singleturn|p2b: New Mexico|Helping Hand|[of] p2a: Nevada\n|move|p1a: Annihilape|Protect|p1a: Annihilape\n|-singleturn|p1a: Annihilape|Protect\n|move|p2b: New Mexico|Psychic|p1a: Annihilape\n|-activate|p1a: Annihilape|move: Protect\n|move|p1b: Ting-Lu|Earthquake|p2b: New Mexico|[spread] p2a,p2b\n|-activate|p1a: Annihilape|move: Protect\n|-damage|p2a: Nevada|22\/100\n|-damage|p2b: New Mexico|62\/100\n|\n|upkeep\n|turn|3\n|\n|t:|1682086867\n|-terastallize|p1a: Annihilape|Normal\n|move|p2a: Nevada|Helping Hand|p2b: New Mexico\n|-singleturn|p2b: New Mexico|Helping Hand|[of] p2a: Nevada\n|move|p2b: New Mexico|Dazzling Gleam|p1a: Annihilape|[spread] p1a,p1b\n|-supereffective|p1b: Ting-Lu\n|-damage|p1a: Annihilape|59\/100\n|-damage|p1b: Ting-Lu|29\/100\n|-enditem|p1b: Ting-Lu|Weakness Policy\n|-boost|p1b: Ting-Lu|atk|2|[from] item: Weakness Policy\n|-boost|p1b: Ting-Lu|spa|2|[from] item: Weakness Policy\n|-damage|p2b: New Mexico|53\/100|[from] item: Life Orb\n|move|p1b: Ting-Lu|Heavy Slam|p2b: New Mexico\n|-supereffective|p2b: New Mexico\n|-damage|p2b: New Mexico|0 fnt\n|faint|p2b: New Mexico\n|move|p1a: Annihilape|Rage Fist|p2a: Nevada\n|-immune|p2a: Nevada\n|\n|-heal|p1a: Annihilape|65\/100|[from] item: Leftovers\n|upkeep\n|\n|t:|1682086882\n|switch|p2b: Arizona|Torkoal, L50, F|100\/100\n|-weather|SunnyDay|[from] ability: Drought|[of] p2b: Arizona\n|turn|4\n|\n|t:|1682086897\n|-terastallize|p2b: Arizona|Fire\n|move|p2a: Nevada|Helping Hand|p2b: Arizona\n|-singleturn|p2b: Arizona|Helping Hand|[of] p2a: Nevada\n|move|p1b: Ting-Lu|Protect|p1b: Ting-Lu\n|-singleturn|p1b: Ting-Lu|Protect\n|move|p2b: Arizona|Eruption|p1a: Annihilape|[spread] p1a\n|-activate|p1b: Ting-Lu|move: Protect\n|-damage|p1a: Annihilape|0 fnt\n|faint|p1a: Annihilape\n|\n|-weather|SunnyDay|[upkeep]\n|upkeep\n|\n|t:|1682086916\n|switch|p1a: Flutter Mane|Flutter Mane, L50|100\/100\n|-activate|p1a: Flutter Mane|ability: Protosynthesis\n|-start|p1a: Flutter Mane|protosynthesisspd\n|turn|5\n|\n|t:|1682086937\n|switch|p1b: Maushold|Maushold-Four, L50|100\/100\n|move|p2a: Nevada|Follow Me|p2a: Nevada\n|-singleturn|p2a: Nevada|move: Follow Me\n|move|p2b: Arizona|Eruption|p1a: Flutter Mane|[spread] p1a,p1b\n|-damage|p1a: Flutter Mane|49\/100\n|-damage|p1b: Maushold|0 fnt\n|faint|p1b: Maushold\n|move|p1a: Flutter Mane|Dazzling Gleam|p2b: Arizona|[spread] p2a,p2b\n|-resisted|p2b: Arizona\n|-damage|p2a: Nevada|6\/100\n|-damage|p2b: Arizona|81\/100\n|\n|-weather|SunnyDay|[upkeep]\n|-fieldend|move: Trick Room\n|-fieldend|move: Psychic Terrain\n|upkeep\n|\n|t:|1682086949\n|switch|p1b: Ting-Lu|Ting-Lu, L50|29\/100\n|-ability|p1b: Ting-Lu|Vessel of Ruin\n|turn|6\n|\n|t:|1682086967\n|move|p2a: Nevada|Helping Hand|p2b: Arizona\n|-singleturn|p2b: Arizona|Helping Hand|[of] p2a: Nevada\n|move|p1a: Flutter Mane|Protect|p1a: Flutter Mane\n|-singleturn|p1a: Flutter Mane|Protect\n|move|p1b: Ting-Lu|Earthquake|p2a: Nevada|[spread] p2a,p2b\n|-activate|p1a: Flutter Mane|move: Protect\n|-supereffective|p2b: Arizona\n|-damage|p2a: Nevada|0 fnt\n|-damage|p2b: Arizona|23\/100\n|faint|p2a: Nevada\n|move|p2b: Arizona|Eruption|p1b: Ting-Lu|[spread] p1b\n|-activate|p1a: Flutter Mane|move: Protect\n|-damage|p1b: Ting-Lu|6\/100\n|\n|-weather|SunnyDay|[upkeep]\n|upkeep\n|\n|t:|1682086980\n|switch|p2a: Oklahoma|Corviknight, L50, F|100\/100\n|turn|7\n|\n|t:|1682086999\n|move|p1a: Flutter Mane|Shadow Ball|p2a: Oklahoma\n|-damage|p2a: Oklahoma|76\/100\n|move|p2a: Oklahoma|Iron Head|p1a: Flutter Mane\n|-supereffective|p1a: Flutter Mane\n|-damage|p1a: Flutter Mane|0 fnt\n|faint|p1a: Flutter Mane\n|-end|p1a: Flutter Mane|Protosynthesis|[silent]\n|move|p1b: Ting-Lu|Rock Slide|p2a: Oklahoma|[spread] p2a,p2b\n|-crit|p2a: Oklahoma\n|-supereffective|p2b: Arizona\n|-damage|p2a: Oklahoma|51\/100\n|-damage|p2b: Arizona|0 fnt\n|faint|p2b: Arizona\n|\n|-weather|SunnyDay|[upkeep]\n|upkeep\n|turn|8\n|-message|fuwamoko forfeited.\n|\n|win|dreamswgh\n|raw|fuwamoko's rating: 1516 → 1491<\/strong> (-25 for losing)\n|raw|dreamswgh's rating: 1418 → 1443<\/strong> (+25 for winning)\n|l|\u2606fuwamoko\n","uploadtime":1682087029,"views":10,"p1id":"fuwamoko","p2id":"dreamswgh","formatid":"gen9vgc2023regulationc","rating":1443,"private":0,"password":""}