{"id":"gen9vgc2023regulationc-1863151421","p1":"PyroLockeyy","p2":"R2VGC","format":"[Gen 9] VGC 2023 Regulation C","log":"|j|\u2606PyroLockeyy\n|j|\u2606R2VGC\n|t:|1683980176\n|gametype|doubles\n|player|p1|PyroLockeyy|2|1106\n|player|p2|R2VGC|102|1139\n|teamsize|p1|6\n|teamsize|p2|6\n|gen|9\n|tier|[Gen 9] VGC 2023 Regulation C\n|rated|\n|rule|Species Clause: Limit one of each Pok\u00e9mon\n|rule|Item Clause: Limit one of each item\n|clearpoke\n|poke|p1|Palafin, L50, F|\n|poke|p1|Flutter Mane, L50|\n|poke|p1|Arcanine, L50, M|\n|poke|p1|Amoonguss, L50, M|\n|poke|p1|Ting-Lu, L50|\n|poke|p1|Roaring Moon, L50|\n|poke|p2|Amoonguss, L50, F|\n|poke|p2|Arcanine, L50, F|\n|poke|p2|Flutter Mane, L50|\n|poke|p2|Kingambit, L50, M|\n|poke|p2|Palafin, L50, M|\n|poke|p2|Baxcalibur, L50, M|\n|teampreview|4\nR2VGC has agreed to open team sheets.\n|inactive|Battle timer is ON: inactive players will automatically lose when time's up. (requested by R2VGC)\n|\n|t:|1683980230\n|start\n|switch|p1a: Ting-Lu|Ting-Lu, L50|100\/100\n|switch|p1b: Amoonguss|Amoonguss, L50, M|100\/100\n|switch|p2a: Flutter Mane|Flutter Mane, L50|100\/100\n|switch|p2b: Kingambit|Kingambit, L50, M|100\/100\n|-ability|p1a: Ting-Lu|Vessel of Ruin\n|-enditem|p2a: Flutter Mane|Booster Energy\n|-activate|p2a: Flutter Mane|ability: Protosynthesis|[fromitem]\n|-start|p2a: Flutter Mane|protosynthesisspe\n|turn|1\n|inactive|PyroLockeyy has 30 seconds left.\n|inactive|R2VGC has 30 seconds left.\n|inactive|PyroLockeyy has 20 seconds left.\n|\n|t:|1683980267\n|-terastallize|p2b: Kingambit|Dark\n|-terastallize|p1a: Ting-Lu|Poison\n|move|p1b: Amoonguss|Protect|p1b: Amoonguss\n|-singleturn|p1b: Amoonguss|Protect\n|move|p2a: Flutter Mane|Shadow Ball|p1b: Amoonguss\n|-activate|p1b: Amoonguss|move: Protect\n|move|p2b: Kingambit|Assurance|p1b: Amoonguss\n|-activate|p1b: Amoonguss|move: Protect\n|move|p1a: Ting-Lu|Stomping Tantrum|p2b: Kingambit\n|-crit|p2b: Kingambit\n|-damage|p2b: Kingambit|50\/100\n|\n|upkeep\n|turn|2\n|inactive|PyroLockeyy has 30 seconds left.\n|inactive|PyroLockeyy has 20 seconds left.\n|inactive|PyroLockeyy has 15 seconds left.\n|inactive|PyroLockeyy has 10 seconds left.\n|inactive|PyroLockeyy has 5 seconds left.\n|\n|t:|1683980319\n|move|p1b: Amoonguss|Rage Powder|p1b: Amoonguss\n|-singleturn|p1b: Amoonguss|move: Rage Powder\n|move|p2a: Flutter Mane|Shadow Ball|p1b: Amoonguss\n|-damage|p1b: Amoonguss|74\/100\n|move|p2b: Kingambit|Assurance|p1b: Amoonguss\n|-damage|p1b: Amoonguss|0 fnt\n|faint|p1b: Amoonguss\n|move|p1a: Ting-Lu|Sand Tomb|p2b: Kingambit\n|-crit|p2b: Kingambit\n|-damage|p2b: Kingambit|27\/100\n|-activate|p2b: Kingambit|move: Sand Tomb|[of] p1a: Ting-Lu\n|\n|-damage|p2b: Kingambit|14\/100|[from] move: Sand Tomb|[partiallytrapped]\n|upkeep\n|inactive|PyroLockeyy has 30 seconds left.\n|\n|t:|1683980350\n|switch|p1b: Flutter Mane|Flutter Mane, L50|100\/100\n|turn|3\n|\n|t:|1683980367\n|move|p2b: Kingambit|Sucker Punch|p1b: Flutter Mane\n|-damage|p1b: Flutter Mane|0 fnt\n|faint|p1b: Flutter Mane\n|-end|p1b: Flutter Mane|Protosynthesis|[silent]\n|move|p2a: Flutter Mane|Shadow Ball|p1a: Ting-Lu\n|-damage|p1a: Ting-Lu|82\/100\n|-unboost|p1a: Ting-Lu|spd|1\n|move|p1a: Ting-Lu|Ruination|p2a: Flutter Mane\n|-damage|p2a: Flutter Mane|51\/100\n|\n|-damage|p2b: Kingambit|2\/100|[from] move: Sand Tomb|[partiallytrapped]\n|upkeep\n|\n|t:|1683980380\n|switch|p1b: Arcanine|Arcanine, L50, M|100\/100\n|-ability|p1b: Arcanine|Intimidate|boost\n|-unboost|p2a: Flutter Mane|atk|1\n|-unboost|p2b: Kingambit|atk|1\n|-ability|p2b: Kingambit|Defiant|boost\n|-boost|p2b: Kingambit|atk|2\n|turn|4\n|\n|t:|1683980394\n|move|p1b: Arcanine|Protect|p1b: Arcanine\n|-singleturn|p1b: Arcanine|Protect\n|move|p2a: Flutter Mane|Shadow Ball|p1b: Arcanine\n|-activate|p1b: Arcanine|move: Protect\n|move|p2b: Kingambit|Assurance|p1b: Arcanine\n|-activate|p1b: Arcanine|move: Protect\n|move|p1a: Ting-Lu|Heavy Slam|p2a: Flutter Mane\n|-supereffective|p2a: Flutter Mane\n|-damage|p2a: Flutter Mane|0 fnt\n|faint|p2a: Flutter Mane\n|-end|p2a: Flutter Mane|Protosynthesis|[silent]\n|\n|-damage|p2b: Kingambit|0 fnt|[from] move: Sand Tomb|[partiallytrapped]\n|faint|p2b: Kingambit\n|upkeep\n|\n|t:|1683980398\n|switch|p2a: Baxcalibur|Baxcalibur, L50, M|100\/100\n|switch|p2b: Arcanine|Arcanine, L50, F|100\/100\n|-ability|p2b: Arcanine|Intimidate|boost\n|-unboost|p1a: Ting-Lu|atk|1\n|-unboost|p1b: Arcanine|atk|1\n|turn|5\n|inactive|PyroLockeyy has 30 seconds left.\n|\n|t:|1683980432\n|move|p2b: Arcanine|Howl|p2b: Arcanine|[spread] p2a,p2b\n|-boost|p2a: Baxcalibur|atk|1\n|-boost|p2b: Arcanine|atk|1\n|move|p1b: Arcanine|Flare Blitz|p2a: Baxcalibur\n|-damage|p2a: Baxcalibur|67\/100\n|-ability|p2a: Baxcalibur|Thermal Exchange|boost\n|-boost|p2a: Baxcalibur|atk|1\n|-damage|p1b: Arcanine|86\/100|[from] Recoil\n|move|p2a: Baxcalibur|Breaking Swipe|p1a: Ting-Lu|[spread] p1a,p1b\n|-damage|p1a: Ting-Lu|51\/100\n|-damage|p1b: Arcanine|28\/100\n|-unboost|p1a: Ting-Lu|atk|1\n|-unboost|p1b: Arcanine|atk|1\n|move|p1a: Ting-Lu|Stomping Tantrum|p2a: Baxcalibur\n|-damage|p2a: Baxcalibur|49\/100\n|\n|upkeep\n|turn|6\n|inactive|PyroLockeyy has 30 seconds left.\n|inactive|R2VGC has 30 seconds left.\n|\n|t:|1683980465\n|move|p1b: Arcanine|Extreme Speed|p2a: Baxcalibur\n|-damage|p2a: Baxcalibur|36\/100\n|move|p2b: Arcanine|Flare Blitz|p1a: Ting-Lu\n|-damage|p1a: Ting-Lu|2\/100\n|-damage|p2b: Arcanine|79\/100|[from] Recoil\n|move|p2a: Baxcalibur|Breaking Swipe|p1b: Arcanine|[spread] p1a,p1b\n|-damage|p1a: Ting-Lu|0 fnt\n|-damage|p1b: Arcanine|0 fnt\n|faint|p1a: Ting-Lu\n|faint|p1b: Arcanine\n|\n|win|R2VGC\n|raw|PyroLockeyy's rating: 1106 → 1083<\/strong> (-23 for losing)\n|raw|R2VGC's rating: 1139 → 1162<\/strong> (+23 for winning)\n|l|\u2606PyroLockeyy\n","uploadtime":1683980480,"views":20,"p1id":"pyrolockeyy","p2id":"r2vgc","formatid":"gen9vgc2023regulationc","rating":1083,"private":0,"password":""}