{"id":"gen9vgc2023regulationc-1851762613","p1":"Erikbound","p2":"1Skyler0","format":"[Gen 9] VGC 2023 Regulation C","log":"|j|\u2606Erikbound\n|j|\u26061Skyler0\n|t:|1682479721\n|gametype|doubles\n|player|p1|Erikbound|artist-gen4|\n|player|p2|1Skyler0|guitarist|\n|teamsize|p1|6\n|teamsize|p2|6\n|gen|9\n|tier|[Gen 9] VGC 2023 Regulation C\n|rated|Tournament battle\n|rule|Species Clause: Limit one of each Pok\u00e9mon\n|rule|Item Clause: Limit one of each item\n|clearpoke\n|poke|p1|Dondozo, L50, F|\n|poke|p1|Tatsugiri, L50, M|\n|poke|p1|Glimmora, L50, M|\n|poke|p1|Kingambit, L50, M|\n|poke|p1|Arcanine, L50, F|\n|poke|p1|Farigiraf, L50, M|\n|poke|p2|Chi-Yu, L50|\n|poke|p2|Flutter Mane, L50|\n|poke|p2|Hydreigon, L50, M|\n|poke|p2|Wo-Chien, L50|\n|poke|p2|Tyranitar, L50, M|\n|poke|p2|Slither Wing, L50|\n|teampreview|4\n|raw| Open Team Sheet for Erikbound<\/summary>Dondevious (Dondozo) @ Chesto Berry Ability: Oblivious Level: 50 Shiny: Yes Tera Type: Steel - Wave Crash - Order Up - Rest - Sleep Talk Tatsugiri @ Choice Scarf Ability: Commander Level: 50 Tera Type: Ghost - Muddy Water - Draco Meteor - Icy Wind - Sleep Talk Glimmora @ Focus Sash Ability: Toxic Debris Level: 50 Tera Type: Grass - Spiky Shield - Power Gem - Earth Power - Energy Ball Kingambit @ Assault Vest Ability: Defiant Level: 50 Tera Type: Flying - Kowtow Cleave - Iron Head - Sucker Punch - Tera Blast Arcanine @ Sitrus Berry Ability: Intimidate Level: 50 Tera Type: Grass - Flare Blitz - Extreme Speed - Will-O-Wisp - Protect Farigiraf @ Safety Goggles Ability: Armor Tail Level: 50 Tera Type: Fairy - Psychic - Dazzling Gleam - Nasty Plot - Protect <\/details><\/div> Open Team Sheet for 1Skyler0<\/summary>Chi-Yu @ Sitrus Berry Ability: Beads of Ruin Level: 50 Tera Type: Grass - Protect - Overheat - Heat Wave - Dark Pulse Flutter Mane @ Booster Energy Ability: Protosynthesis Level: 50 Tera Type: Fairy - Protect - Moonblast - Dazzling Gleam - Shadow Ball Hydreigon @ Life Orb Ability: Levitate Level: 50 Tera Type: Poison - Protect - Tailwind - Dark Pulse - Draco Meteor Wo-Chien @ Leftovers Ability: Tablets of Ruin Level: 50 Tera Type: Dark - Protect - Snarl - Body Press - Pollen Puff Tyranitar @ Assault Vest Ability: Sand Stream Level: 50 Shiny: Yes Tera Type: Flying - Rock Slide - Tera Blast - Assurance - Low Kick Slither Wing @ Clear Amulet Ability: Protosynthesis Level: 50 Tera Type: Fire - First Impression - Flame Charge - Close Combat - Leech Life <\/details><\/div>\n|c|\u26061Skyler0|glhf\n|j| kangkang\n|c|\u2606Erikbound|u2\n|j| NicTheFighter\n|l| NicTheFighter\n|\n|t:|1682479807\n|start\n|switch|p1a: Arcanine|Arcanine, L50, F|100\/100\n|switch|p1b: Glimmora|Glimmora, L50, M|100\/100\n|switch|p2a: Hydreigon|Hydreigon, L50, M|100\/100\n|switch|p2b: Slither Wing|Slither Wing, L50|100\/100\n|-ability|p1a: Arcanine|Intimidate|boost\n|-unboost|p2a: Hydreigon|atk|1\n|-fail|p2b: Slither Wing|unboost|[from] item: Clear Amulet|[of] p2b: Slither Wing\n|turn|1\n|j| TooStandard4u\n|\n|t:|1682479851\n|-terastallize|p2b: Slither Wing|Fire\n|move|p2a: Hydreigon|Tailwind|p2a: Hydreigon\n|-sidestart|p2: 1Skyler0|move: Tailwind\n|move|p2b: Slither Wing|Close Combat|p1a: Arcanine\n|-damage|p1a: Arcanine|36\/100\n|-unboost|p2b: Slither Wing|def|1\n|-unboost|p2b: Slither Wing|spd|1\n|-enditem|p1a: Arcanine|Sitrus Berry|[eat]\n|-heal|p1a: Arcanine|61\/100|[from] item: Sitrus Berry\n|move|p1b: Glimmora|Power Gem|p2b: Slither Wing\n|-supereffective|p2b: Slither Wing\n|-damage|p2b: Slither Wing|0 fnt\n|faint|p2b: Slither Wing\n|-end|p2b: Slither Wing|Protosynthesis|[silent]\n|move|p1a: Arcanine|Flare Blitz|p2a: Hydreigon\n|-resisted|p2a: Hydreigon\n|-damage|p2a: Hydreigon|71\/100\n|-damage|p1a: Arcanine|53\/100|[from] Recoil\n|\n|upkeep\n|\n|t:|1682479867\n|switch|p2b: Chi-Yu|Chi-Yu, L50|100\/100\n|-ability|p2b: Chi-Yu|Beads of Ruin\n|turn|2\n|l| TooStandard4u\n|\n|t:|1682479901\n|move|p1b: Glimmora|Spiky Shield|p1b: Glimmora\n|-singleturn|p1b: Glimmora|move: Protect\n|move|p1a: Arcanine|Extreme Speed|p2b: Chi-Yu\n|-damage|p2b: Chi-Yu|70\/100\n|move|p2a: Hydreigon|Dark Pulse|p1b: Glimmora\n|-activate|p1b: Glimmora|move: Protect\n|move|p2b: Chi-Yu|Dark Pulse|p1b: Glimmora\n|-activate|p1b: Glimmora|move: Protect\n|\n|upkeep\n|turn|3\n|\n|t:|1682479934\n|switch|p1b: Tatsugiri|Tatsugiri, L50, M|100\/100\n|switch|p1a: Dondevious|Dondozo, L50, F, shiny|100\/100\n|-activate|p1b: Tatsugiri|ability: Commander|[of] p1a: Dondevious\n|-boost|p1a: Dondevious|atk|2\n|-boost|p1a: Dondevious|spa|2\n|-boost|p1a: Dondevious|spe|2\n|-boost|p1a: Dondevious|def|2\n|-boost|p1a: Dondevious|spd|2\n|move|p2a: Hydreigon|Draco Meteor|p1b: Tatsugiri|[miss]\n|-miss|p2a: Hydreigon|p1b: Tatsugiri\n|move|p2b: Chi-Yu|Dark Pulse|p1b: Tatsugiri|[miss]\n|-miss|p2b: Chi-Yu|p1b: Tatsugiri\n|\n|upkeep\n|turn|4\n|\n|t:|1682479964\n|switch|p2a: Wo-Chien|Wo-Chien, L50|100\/100\n|-ability|p2a: Wo-Chien|Tablets of Ruin\n|move|p2b: Chi-Yu|Protect|p2b: Chi-Yu\n|-singleturn|p2b: Chi-Yu|Protect\n|move|p1a: Dondevious|Order Up|p2b: Chi-Yu\n|-activate|p2b: Chi-Yu|move: Protect\n|\n|-sideend|p2: 1Skyler0|move: Tailwind\n|upkeep\n|turn|5\n|\n|t:|1682479985\n|move|p1a: Dondevious|Order Up|p2b: Chi-Yu\n|-crit|p2b: Chi-Yu\n|-damage|p2b: Chi-Yu|4\/100\n|-enditem|p2b: Chi-Yu|Sitrus Berry|[eat]\n|-heal|p2b: Chi-Yu|29\/100|[from] item: Sitrus Berry\n|-boost|p1a: Dondevious|atk|1\n|move|p2b: Chi-Yu|Dark Pulse|p1a: Dondevious\n|-crit|p1a: Dondevious\n|-damage|p1a: Dondevious|21\/100\n|move|p2a: Wo-Chien|Pollen Puff|p2b: Chi-Yu\n|-heal|p2b: Chi-Yu|79\/100\n|\n|upkeep\n|turn|6\n|\n|t:|1682480011\n|move|p2b: Chi-Yu|Protect|p2b: Chi-Yu\n|-singleturn|p2b: Chi-Yu|Protect\n|move|p1a: Dondevious|Rest|p1a: Dondevious\n|-status|p1a: Dondevious|slp|[from] move: Rest\n|-heal|p1a: Dondevious|100\/100 slp|[silent]\n|-enditem|p1a: Dondevious|Chesto Berry|[eat]\n|-curestatus|p1a: Dondevious|slp|[msg]\n|move|p2a: Wo-Chien|Pollen Puff|p1a: Dondevious\n|-damage|p1a: Dondevious|89\/100\n|\n|upkeep\n|turn|7\n|\n|t:|1682480025\n|move|p1a: Dondevious|Order Up|p2b: Chi-Yu\n|-damage|p2b: Chi-Yu|22\/100\n|-boost|p1a: Dondevious|atk|1\n|move|p2b: Chi-Yu|Dark Pulse|p1a: Dondevious\n|-damage|p1a: Dondevious|63\/100\n|move|p2a: Wo-Chien|Pollen Puff|p2b: Chi-Yu\n|-heal|p2b: Chi-Yu|72\/100\n|\n|upkeep\n|turn|8\n|\n|t:|1682480042\n|move|p1a: Dondevious|Wave Crash|p2b: Chi-Yu\n|-supereffective|p2b: Chi-Yu\n|-damage|p2b: Chi-Yu|0 fnt\n|faint|p2b: Chi-Yu\n|-damage|p1a: Dondevious|48\/100|[from] Recoil\n|move|p2a: Wo-Chien|Pollen Puff|p2: Chi-Yu|[notarget]\n|-fail|p2a: Wo-Chien\n|\n|upkeep\n|\n|t:|1682480044\n|switch|p2b: Hydreigon|Hydreigon, L50, M|71\/100\n|turn|9\n|\n|t:|1682480062\n|move|p2b: Hydreigon|Protect|p2b: Hydreigon\n|-singleturn|p2b: Hydreigon|Protect\n|move|p1a: Dondevious|Order Up|p2b: Hydreigon\n|-activate|p2b: Hydreigon|move: Protect\n|move|p2a: Wo-Chien|Pollen Puff|p1a: Dondevious\n|-damage|p1a: Dondevious|38\/100\n|\n|upkeep\n|turn|10\n|\n|t:|1682480082\n|move|p1a: Dondevious|Order Up|p2b: Hydreigon\n|-supereffective|p2b: Hydreigon\n|-damage|p2b: Hydreigon|0 fnt\n|faint|p2b: Hydreigon\n|-boost|p1a: Dondevious|atk|1\n|move|p2a: Wo-Chien|Body Press|p1a: Dondevious\n|-damage|p1a: Dondevious|29\/100\n|\n|upkeep\n|turn|11\n|c|\u26061Skyler0|ggs\n|-message|1Skyler0 forfeited.\n|\n|win|Erikbound\n|n|\u2606Erikbound|erikbound\n|n|\u26061Skyler0|1skyler0\n|n| kangkang|kangkang\n","uploadtime":1682480090,"views":10,"p1id":"erikbound","p2id":"1skyler0","formatid":"gen9vgc2023regulationc","rating":0,"private":0,"password":""}