{"id":"gen9vgc2023regulationc-1862590982","p1":"taterstotz","p2":"AndyLaVGC","format":"[Gen 9] VGC 2023 Regulation C","log":"|j|\u2606taterstotz\n|j|\u2606AndyLaVGC\n|t:|1683903605\n|gametype|doubles\n|player|p1|taterstotz|266|1375\n|player|p2|AndyLaVGC|265|1509\n|teamsize|p1|6\n|teamsize|p2|6\n|gen|9\n|tier|[Gen 9] VGC 2023 Regulation C\n|rated|\n|rule|Species Clause: Limit one of each Pok\u00e9mon\n|rule|Item Clause: Limit one of each item\n|clearpoke\n|poke|p1|Palafin, L50, F|\n|poke|p1|Pelipper, L50, F|\n|poke|p1|Amoonguss, L50, F|\n|poke|p1|Scream Tail, L50|\n|poke|p1|Gothitelle, L50, F|\n|poke|p1|Kingambit, L50, M|\n|poke|p2|Numel, L50, M|\n|poke|p2|Torkoal, L50, F|\n|poke|p2|Oranguru, L50, M|\n|poke|p2|Amoonguss, L50, M|\n|poke|p2|Flutter Mane, L50|\n|poke|p2|Chi-Yu, L50|\n|teampreview|4\n|inactive|Battle timer is ON: inactive players will automatically lose when time's up. (requested by taterstotz)\n|j| tovar_pk\ntaterstotz has agreed to open team sheets.\n|c|\u2606taterstotz|is that\n|c|\u2606taterstotz|a numel?!?\n|inactive|AndyLaVGC has 60 seconds left.\n|c|\u2606taterstotz|you beast\n|c|\u2606AndyLaVGC|i'm tryina see something\n|\n|t:|1683903660\n|start\n|switch|p1a: Palafin|Palafin, L50, F|100\/100\n|switch|p1b: Scream Tail|Scream Tail, L50|100\/100\n|switch|p2a: Oranguru|Oranguru, L50, M|100\/100\n|switch|p2b: Torkoal|Torkoal, L50, F|100\/100\n|-weather|SunnyDay|[from] ability: Drought|[of] p2b: Torkoal\n|-activate|p1b: Scream Tail|ability: Protosynthesis\n|-start|p1b: Scream Tail|protosynthesisspe\n|turn|1\n|inactive|taterstotz has 30 seconds left.\n|inactive|taterstotz has 20 seconds left.\n|\n|t:|1683903697\n|detailschange|p1a: Palafin|Palafin-Hero, L50, F\n|switch|p1a: Pelipper|Pelipper, L50, F|100\/100\n|-weather|RainDance|[from] ability: Drizzle|[of] p1a: Pelipper\n|-end|p1b: Scream Tail|Protosynthesis\n|-enditem|p1b: Scream Tail|Booster Energy\n|-activate|p1b: Scream Tail|ability: Protosynthesis|[fromitem]\n|-start|p1b: Scream Tail|protosynthesisspe\n|move|p1b: Scream Tail|Perish Song|p1b: Scream Tail\n|-start|p1a: Pelipper|perish3|[silent]\n|-start|p1b: Scream Tail|perish3|[silent]\n|-start|p2a: Oranguru|perish3|[silent]\n|-start|p2b: Torkoal|perish3|[silent]\n|-fieldactivate|move: Perish Song\n|move|p2b: Torkoal|Overheat|p1b: Scream Tail\n|-damage|p1b: Scream Tail|82\/100\n|-unboost|p2b: Torkoal|spa|2\n|-enditem|p2b: Torkoal|Eject Pack\n|\n|t:|1683903709\n|switch|p2b: Numel|Numel, L50, M|100\/100\n|move|p2a: Oranguru|Trick Room|p2a: Oranguru\n|-fieldstart|move: Trick Room|[of] p2a: Oranguru\n|\n|-weather|RainDance|[upkeep]\n|-start|p2a: Oranguru|perish3\n|-start|p1a: Pelipper|perish3\n|-start|p1b: Scream Tail|perish3\n|upkeep\n|turn|2\n|inactive|taterstotz has 30 seconds left.\n|\n|t:|1683903738\n|switch|p2a: Torkoal|Torkoal, L50, F|100\/100\n|-weather|SunnyDay|[from] ability: Drought|[of] p2a: Torkoal\n|switch|p1a: Gothitelle|Gothitelle, L50, F|100\/100\n|-terastallize|p2b: Numel|Grass\n|move|p2b: Numel|Stockpile|p2b: Numel\n|-start|p2b: Numel|stockpile1\n|-boost|p2b: Numel|def|2\n|-boost|p2b: Numel|spd|2\n|move|p1b: Scream Tail|Disable|p2b: Numel\n|-start|p2b: Numel|Disable|Stockpile\n|\n|-weather|SunnyDay|[upkeep]\n|-start|p1b: Scream Tail|perish2\n|upkeep\n|turn|3\n|\n|t:|1683903755\n|move|p1a: Gothitelle|Fake Out|p2b: Numel\n|-damage|p2b: Numel|98\/100\n|move|p2a: Torkoal|Eruption|p1b: Scream Tail|[spread] p1a,p1b\n|-damage|p1a: Gothitelle|35\/100\n|-damage|p1b: Scream Tail|35\/100\n|-enditem|p1a: Gothitelle|Sitrus Berry|[eat]\n|-heal|p1a: Gothitelle|59\/100|[from] item: Sitrus Berry\n|cant|p2b: Numel|flinch\n|move|p1b: Scream Tail|Encore|p2b: Numel\n|-start|p2b: Numel|Encore\n|\n|-weather|SunnyDay|[upkeep]\n|-start|p1b: Scream Tail|perish1\n|upkeep\n|turn|4\n|c|\u2606AndyLaVGC|why are you so mean lol\n|inactive|taterstotz has 30 seconds left.\n|\n|t:|1683903782\n|switch|p1a: Palafin|Palafin-Hero, L50, F|100\/100\n|-activate|p1a: Palafin|ability: Zero to Hero\n|-end|p1b: Scream Tail|Protosynthesis|[silent]\n|switch|p1b: Pelipper|Pelipper, L50, F|100\/100\n|-weather|RainDance|[from] ability: Drizzle|[of] p1b: Pelipper\n|move|p2a: Torkoal|Eruption|p1b: Pelipper|[spread] p1a,p1b\n|-resisted|p1a: Palafin\n|-resisted|p1b: Pelipper\n|-damage|p1a: Palafin|90\/100\n|-damage|p1b: Pelipper|88\/100\n|-activate|p2b: Numel|move: Struggle\n|move|p2b: Numel|Struggle|p1a: Palafin\n|-damage|p1a: Palafin|84\/100\n|-damage|p2b: Numel|72\/100|[from] recoil\n|\n|-weather|RainDance|[upkeep]\n|upkeep\n|turn|5\n|c|\u2606taterstotz|lol\n|\n|t:|1683903806\n|switch|p2a: Oranguru|Oranguru, L50, M|100\/100\n|-terastallize|p1a: Palafin|Water\n|-activate|p2b: Numel|move: Struggle\n|move|p2b: Numel|Struggle|p1b: Pelipper\n|-damage|p1b: Pelipper|81\/100\n|-damage|p2b: Numel|47\/100|[from] recoil\n|move|p1b: Pelipper|Tailwind|p1b: Pelipper\n|-sidestart|p1: taterstotz|move: Tailwind\n|move|p1a: Palafin|Wave Crash|p2a: Oranguru\n|-damage|p2a: Oranguru|0 fnt\n|faint|p2a: Oranguru\n|-damage|p1a: Palafin|52\/100|[from] Recoil\n|\n|-weather|RainDance|[upkeep]\n|-fieldend|move: Trick Room\n|upkeep\n|\n|t:|1683903820\n|switch|p2a: Torkoal|Torkoal, L50, F|100\/100\n|-weather|SunnyDay|[from] ability: Drought|[of] p2a: Torkoal\n|turn|6\n|inactive|AndyLaVGC has 30 seconds left.\n|inactive|AndyLaVGC has 20 seconds left.\n|inactive|AndyLaVGC has 15 seconds left.\n|inactive|AndyLaVGC has 10 seconds left.\n|inactive|AndyLaVGC has 5 seconds left.\n|\n|t:|1683903876\n|switch|p1b: Scream Tail|Scream Tail, L50|35\/100\n|-activate|p1b: Scream Tail|ability: Protosynthesis\n|-start|p1b: Scream Tail|protosynthesisspe\n|move|p1a: Palafin|Protect|p1a: Palafin\n|-singleturn|p1a: Palafin|Protect\n|-activate|p2b: Numel|move: Struggle\n|move|p2b: Numel|Struggle|p1a: Palafin\n|-activate|p1a: Palafin|move: Protect\n|move|p2a: Torkoal|Eruption|p1a: Palafin|[spread] p1b\n|-activate|p1a: Palafin|move: Protect\n|-damage|p1b: Scream Tail|0 fnt\n|faint|p1b: Scream Tail\n|-end|p1b: Scream Tail|Protosynthesis|[silent]\n|\n|-weather|SunnyDay|[upkeep]\n|-end|p2b: Numel|Encore\n|-end|p2b: Numel|Disable\n|upkeep\n|\n|t:|1683903886\n|switch|p1b: Pelipper|Pelipper, L50, F|81\/100\n|-weather|RainDance|[from] ability: Drizzle|[of] p1b: Pelipper\n|turn|7\n|\n|t:|1683903898\n|switch|p2a: Chi-Yu|Chi-Yu, L50|100\/100\n|-ability|p2a: Chi-Yu|Beads of Ruin\n|move|p2b: Numel|Protect|p2b: Numel\n|-singleturn|p2b: Numel|Protect\n|move|p1a: Palafin|Wave Crash|p2a: Chi-Yu\n|-supereffective|p2a: Chi-Yu\n|-damage|p2a: Chi-Yu|0 fnt\n|faint|p2a: Chi-Yu\n|-damage|p1a: Palafin|27\/100|[from] Recoil\n|move|p1b: Pelipper|Hurricane|p2b: Numel\n|-activate|p2b: Numel|move: Protect\n|\n|-weather|RainDance|[upkeep]\n|upkeep\n|\n|t:|1683903900\n|switch|p2a: Torkoal|Torkoal, L50, F|100\/100\n|-weather|SunnyDay|[from] ability: Drought|[of] p2a: Torkoal\n|turn|8\n|\n|t:|1683903916\n|switch|p1b: Gothitelle|Gothitelle, L50, F|59\/100\n|move|p1a: Palafin|Protect|p1a: Palafin\n|-singleturn|p1a: Palafin|Protect\n|move|p2b: Numel|Growth|p2b: Numel\n|-boost|p2b: Numel|atk|4\n|-boost|p2b: Numel|spa|4\n|move|p2a: Torkoal|Overheat|p1a: Palafin\n|-activate|p1a: Palafin|move: Protect\n|\n|-weather|SunnyDay|[upkeep]\n|-sideend|p1: taterstotz|move: Tailwind\n|upkeep\n|turn|9\n|inactive|taterstotz has 30 seconds left.\n|c|\u2606AndyLaVGC|it just had to be a disable encore rain team lol\n|\n|t:|1683903944\n|switch|p1a: Pelipper|Pelipper, L50, F|81\/100\n|-weather|RainDance|[from] ability: Drizzle|[of] p1a: Pelipper\n|move|p2a: Torkoal|Helping Hand|p2b: Numel\n|-singleturn|p2b: Numel|Helping Hand|[of] p2a: Torkoal\n|move|p1b: Gothitelle|Heal Pulse|p1a: Pelipper\n|-heal|p1a: Pelipper|100\/100\n|move|p2b: Numel|Heat Wave|p1b: Gothitelle|[spread] p1b\n|-miss|p2b: Numel|p1a: Pelipper\n|-damage|p1b: Gothitelle|24\/100\n|\n|-weather|RainDance|[upkeep]\n|upkeep\n|turn|10\n|\n|t:|1683903958\n|move|p2a: Torkoal|Protect|p2a: Torkoal\n|-singleturn|p2a: Torkoal|Protect\n|move|p1a: Pelipper|Hurricane|p2b: Numel\n|-supereffective|p2b: Numel\n|-damage|p2b: Numel|0 fnt\n|faint|p2b: Numel\n|move|p1b: Gothitelle|Psyshock|p2a: Torkoal\n|-activate|p2a: Torkoal|move: Protect\n|\n|-weather|RainDance|[upkeep]\n|upkeep\n|turn|11\n|-message|AndyLaVGC forfeited.\n|\n|win|taterstotz\n|raw|taterstotz's rating: 1375 → 1402<\/strong> (+27 for winning)\n|raw|AndyLaVGC's rating: 1509 → 1482<\/strong> (-27 for losing)\n|l|\u2606AndyLaVGC\n|c|\u2606taterstotz|gg\n|l| tovar_pk\n","uploadtime":1683906011,"views":7,"p1id":"taterstotz","p2id":"andylavgc","formatid":"gen9vgc2023regulationc","rating":1402,"private":0,"password":""}