{"id":"gen9vgc2023regulationc-1846671867","p1":"BatmanxD81","p2":"Sprye0216","format":"[Gen 9] VGC 2023 Regulation C","log":"|j|\u2606BatmanxD81\n|j|\u2606Sprye0216\n|t:|1681864106\n|gametype|doubles\n|player|p1|BatmanxD81|cynthia|1129\n|player|p2|Sprye0216|skyla|1113\n|teamsize|p1|6\n|teamsize|p2|6\n|gen|9\n|tier|[Gen 9] VGC 2023 Regulation C\n|rated|\n|rule|Species Clause: Limit one of each Pok\u00e9mon\n|rule|Item Clause: Limit one of each item\n|clearpoke\n|poke|p1|Palafin, L50, M|\n|poke|p1|Flutter Mane, L50|\n|poke|p1|Arcanine, L50, M|\n|poke|p1|Amoonguss, L50, M|\n|poke|p1|Ting-Lu, L50|\n|poke|p1|Roaring Moon, L50|\n|poke|p2|Kingambit, L50, F|\n|poke|p2|Gyarados, L50, F|\n|poke|p2|Amoonguss, L50, F|\n|poke|p2|Flutter Mane, L50|\n|poke|p2|Chi-Yu, L50|\n|poke|p2|Iron Hands, L50|\n|teampreview|4\n|\n|t:|1681864131\n|start\n|switch|p1a: Flutter Mane|Flutter Mane, L50|100\/100\n|switch|p1b: Palafin|Palafin, L50, M|100\/100\n|switch|p2a: Chi-Yu|Chi-Yu, L50|100\/100\n|switch|p2b: Flutter Mane|Flutter Mane, L50|100\/100\n|-ability|p2a: Chi-Yu|Beads of Ruin\n|-enditem|p2b: Flutter Mane|Booster Energy\n|-activate|p2b: Flutter Mane|ability: Protosynthesis|[fromitem]\n|-start|p2b: Flutter Mane|protosynthesisspe\n|turn|1\n|\n|t:|1681864152\n|-end|p1a: Flutter Mane|Protosynthesis|[silent]\n|switch|p1a: Arcanine|Arcanine, L50, M|100\/100\n|-ability|p1a: Arcanine|Intimidate|boost\n|-unboost|p2a: Chi-Yu|atk|1\n|-unboost|p2b: Flutter Mane|atk|1\n|move|p1b: Palafin|Protect|p1b: Palafin\n|-singleturn|p1b: Palafin|Protect\n|move|p2b: Flutter Mane|Shadow Ball|p1a: Arcanine\n|-damage|p1a: Arcanine|42\/100\n|move|p2a: Chi-Yu|Heat Wave|p1a: Arcanine|[spread] p1a\n|-activate|p1b: Palafin|move: Protect\n|-resisted|p1a: Arcanine\n|-damage|p1a: Arcanine|11\/100\n|\n|upkeep\n|turn|2\n|\n|t:|1681864170\n|detailschange|p1b: Palafin|Palafin-Hero, L50, M\n|switch|p1b: Ting-Lu|Ting-Lu, L50|100\/100\n|-ability|p1b: Ting-Lu|Vessel of Ruin\n|move|p1a: Arcanine|Protect|p1a: Arcanine\n|-singleturn|p1a: Arcanine|Protect\n|move|p2b: Flutter Mane|Dazzling Gleam|p1b: Ting-Lu|[spread] p1b\n|-activate|p1a: Arcanine|move: Protect\n|-supereffective|p1b: Ting-Lu\n|-damage|p1b: Ting-Lu|73\/100\n|move|p2a: Chi-Yu|Heat Wave|p1a: Arcanine|[spread] p1b\n|-activate|p1a: Arcanine|move: Protect\n|-damage|p1b: Ting-Lu|53\/100\n|\n|upkeep\n|turn|3\n|\n|t:|1681864185\n|move|p1a: Arcanine|Extreme Speed|p2a: Chi-Yu\n|-damage|p2a: Chi-Yu|70\/100\n|move|p2b: Flutter Mane|Dazzling Gleam|p1b: Ting-Lu|[spread] p1a,p1b\n|-resisted|p1a: Arcanine\n|-supereffective|p1b: Ting-Lu\n|-damage|p1a: Arcanine|0 fnt\n|-damage|p1b: Ting-Lu|23\/100\n|faint|p1a: Arcanine\n|move|p2a: Chi-Yu|Heat Wave|p1b: Ting-Lu\n|-damage|p1b: Ting-Lu|0 fnt\n|faint|p1b: Ting-Lu\n|\n|upkeep\n|\n|t:|1681864195\n|switch|p1a: Flutter Mane|Flutter Mane, L50|100\/100\n|switch|p1b: Palafin|Palafin-Hero, L50, M|100\/100\n|-activate|p1b: Palafin|ability: Zero to Hero\n|turn|4\n|\n|t:|1681864204\n|-terastallize|p1b: Palafin|Water\n|move|p1b: Palafin|Jet Punch|p2b: Flutter Mane\n|-damage|p2b: Flutter Mane|0 fnt\n|faint|p2b: Flutter Mane\n|-end|p2b: Flutter Mane|Protosynthesis|[silent]\n|move|p2a: Chi-Yu|Heat Wave|p1b: Palafin|[spread] p1a,p1b\n|-resisted|p1b: Palafin\n|-damage|p1a: Flutter Mane|52\/100\n|-damage|p1b: Palafin|71\/100\n|move|p1a: Flutter Mane|Moonblast|p2a: Chi-Yu\n|-damage|p2a: Chi-Yu|0 fnt\n|faint|p2a: Chi-Yu\n|\n|upkeep\n|\n|t:|1681864216\n|switch|p2b: Iron Hands|Iron Hands, L50|100\/100\n|switch|p2a: Gyarados|Gyarados, L50, F|100\/100\n|-ability|p2a: Gyarados|Intimidate|boost\n|-unboost|p1a: Flutter Mane|atk|1\n|-unboost|p1b: Palafin|atk|1\n|turn|5\n|\n|t:|1681864231\n|-terastallize|p2b: Iron Hands|Grass\n|move|p1b: Palafin|Protect|p1b: Palafin\n|-singleturn|p1b: Palafin|Protect\n|move|p1a: Flutter Mane|Moonblast|p2b: Iron Hands\n|-damage|p2b: Iron Hands|61\/100\n|move|p2a: Gyarados|Waterfall|p1a: Flutter Mane\n|-damage|p1a: Flutter Mane|0 fnt\n|faint|p1a: Flutter Mane\n|-end|p1a: Flutter Mane|Protosynthesis|[silent]\n|move|p2b: Iron Hands|Wild Charge|p1b: Palafin\n|-activate|p1b: Palafin|move: Protect\n|\n|upkeep\n|turn|6\n|-message|BatmanxD81 forfeited.\n|\n|win|Sprye0216\n|raw|BatmanxD81's rating: 1129 → 1103<\/strong> (-26 for losing)\n|raw|Sprye0216's rating: 1113 → 1139<\/strong> (+26 for winning)\n|l|\u2606BatmanxD81\n","uploadtime":1681864245,"views":15,"p1id":"batmanxd81","p2id":"sprye0216","formatid":"gen9vgc2023regulationc","rating":1103,"private":0,"password":""}