{"id":"gen9vgc2023regulationc-1860485931","p1":"boat emoji","p2":"GameMaster271","format":"[Gen 9] VGC 2023 Regulation C","log":"|j|\u203dboat emoji\n|j|\u2606GameMaster271\n|t:|1683648342\n|gametype|doubles\n|player|p1|boat emoji|caitlin|1134\n|player|p2|GameMaster271|steven|1176\n|teamsize|p1|6\n|teamsize|p2|6\n|gen|9\n|tier|[Gen 9] VGC 2023 Regulation C\n|rated|\n|rule|Species Clause: Limit one of each Pok\u00e9mon\n|rule|Item Clause: Limit one of each item\n|clearpoke\n|poke|p1|Kingambit, L50, M|\n|poke|p1|Flutter Mane, L50|\n|poke|p1|Jumpluff, L50, F|\n|poke|p1|Torkoal, L50, F|\n|poke|p1|Chien-Pao, L50|\n|poke|p1|Great Tusk, L50|\n|poke|p2|Tyranitar, L50, M|\n|poke|p2|Lycanroc, L50, F|\n|poke|p2|Houndstone, L50, F|\n|poke|p2|Scizor, L50, F|\n|poke|p2|Sylveon, L50, M|\n|poke|p2|Talonflame, L50, F|\n|teampreview|4\n|inactive|Battle timer is ON: inactive players will automatically lose when time's up. (requested by boat emoji)\n|inactive|boat emoji has 60 seconds left.\n|\n|t:|1683648374\n|start\n|switch|p1a: Kingambit|Kingambit, L50, M, shiny|100\/100\n|switch|p1b: Chien-Pao|Chien-Pao, L50|100\/100\n|switch|p2a: Lycanroc|Lycanroc, L50, F|100\/100\n|switch|p2b: Scizor|Scizor, L50, F|100\/100\n|-ability|p1b: Chien-Pao|Sword of Ruin\n|turn|1\n|\n|t:|1683648389\n|move|p1b: Chien-Pao|Protect|p1b: Chien-Pao\n|-singleturn|p1b: Chien-Pao|Protect\n|move|p2b: Scizor|Bullet Punch|p1b: Chien-Pao\n|-activate|p1b: Chien-Pao|move: Protect\n|move|p2a: Lycanroc|Close Combat|p1a: Kingambit\n|-supereffective|p1a: Kingambit\n|-damage|p1a: Kingambit|0 fnt\n|-unboost|p2a: Lycanroc|def|1\n|-unboost|p2a: Lycanroc|spd|1\n|faint|p1a: Kingambit\n|\n|upkeep\n|\n|t:|1683648399\n|switch|p1a: Torkoal|Torkoal, L50, F, shiny|100\/100\n|-weather|SunnyDay|[from] ability: Drought|[of] p1a: Torkoal\n|turn|2\n|\n|t:|1683648405\n|move|p2b: Scizor|Bullet Punch|p1b: Chien-Pao\n|-supereffective|p1b: Chien-Pao\n|-damage|p1b: Chien-Pao|14\/100\n|move|p1b: Chien-Pao|Ice Spinner|p2a: Lycanroc\n|-enditem|p2a: Lycanroc|Focus Sash\n|-damage|p2a: Lycanroc|1\/100\n|move|p2a: Lycanroc|Rock Slide|p1a: Torkoal|[spread] p1a,p1b\n|-supereffective|p1a: Torkoal\n|-supereffective|p1b: Chien-Pao\n|-damage|p1a: Torkoal|39\/100\n|-damage|p1b: Chien-Pao|0 fnt\n|faint|p1b: Chien-Pao\n|move|p1a: Torkoal|Overheat|p2b: Scizor\n|-supereffective|p2b: Scizor\n|-damage|p2b: Scizor|0 fnt\n|-unboost|p1a: Torkoal|spa|2\n|-enditem|p1a: Torkoal|Eject Pack\n|faint|p2b: Scizor\n|\n|t:|1683648417\n|switch|p1a: Flutter Mane|Flutter Mane, L50, shiny|100\/100\n|-activate|p1a: Flutter Mane|ability: Protosynthesis\n|-start|p1a: Flutter Mane|protosynthesisspa\n|\n|-weather|SunnyDay|[upkeep]\n|upkeep\n|\n|t:|1683648420\n|switch|p1b: Torkoal|Torkoal, L50, F, shiny|39\/100\n|switch|p2b: Tyranitar|Tyranitar, L50, M|100\/100\n|-weather|Sandstorm|[from] ability: Sand Stream|[of] p2b: Tyranitar\n|-end|p1a: Flutter Mane|Protosynthesis\n|-weather|SunnyDay|[from] ability: Drought|[of] p1b: Torkoal\n|-activate|p1a: Flutter Mane|ability: Protosynthesis\n|-start|p1a: Flutter Mane|protosynthesisspa\n|turn|3\n|\n|t:|1683648443\n|switch|p2b: Houndstone|Houndstone, L50, F|100\/100\n|-terastallize|p1a: Flutter Mane|Fairy\n|move|p1b: Torkoal|Protect|p1b: Torkoal\n|-singleturn|p1b: Torkoal|Protect\n|move|p1a: Flutter Mane|Dazzling Gleam|p2b: Houndstone|[spread] p2a,p2b\n|-damage|p2a: Lycanroc|0 fnt\n|-damage|p2b: Houndstone|0 fnt\n|faint|p2a: Lycanroc\n|faint|p2b: Houndstone\n|\n|-weather|SunnyDay|[upkeep]\n|upkeep\n|\n|t:|1683648452\n|switch|p2b: Tyranitar|Tyranitar, L50, M|100\/100\n|-weather|Sandstorm|[from] ability: Sand Stream|[of] p2b: Tyranitar\n|-end|p1a: Flutter Mane|Protosynthesis\n|turn|4\n|\n|t:|1683648459\n|-terastallize|p2b: Tyranitar|Flying\n|move|p1b: Torkoal|Helping Hand|p1a: Flutter Mane\n|-singleturn|p1a: Flutter Mane|Helping Hand|[of] p1b: Torkoal\n|move|p1a: Flutter Mane|Dazzling Gleam|p2b: Tyranitar\n|-damage|p2b: Tyranitar|26\/100\n|move|p2b: Tyranitar|Rock Slide|p1b: Torkoal|[spread] p1a\n|-miss|p2b: Tyranitar|p1b: Torkoal\n|-damage|p1a: Flutter Mane|43\/100\n|\n|-weather|Sandstorm|[upkeep]\n|-damage|p1a: Flutter Mane|37\/100|[from] Sandstorm\n|-damage|p2b: Tyranitar|20\/100|[from] Sandstorm\n|-damage|p1b: Torkoal|33\/100|[from] Sandstorm\n|upkeep\n|turn|5\n|\n|t:|1683648469\n|move|p1b: Torkoal|Helping Hand|p1a: Flutter Mane\n|-singleturn|p1a: Flutter Mane|Helping Hand|[of] p1b: Torkoal\n|move|p1a: Flutter Mane|Dazzling Gleam|p2b: Tyranitar\n|-damage|p2b: Tyranitar|0 fnt\n|faint|p2b: Tyranitar\n|\n|win|boat emoji\n|raw|boat emoji's rating: 1134 → 1162<\/strong> (+28 for winning)\n|raw|GameMaster271's rating: 1176 → 1148<\/strong> (-28 for losing)\n|l|\u2606GameMaster271\n","uploadtime":1683648478,"views":22,"p1id":"boatemoji","p2id":"gamemaster271","formatid":"gen9vgc2023regulationc","rating":1148,"private":0,"password":""}