{"id":"gen9vgc2023regulationc-1857211847","p1":"rudyxkam","p2":"JonaJoe7","format":"[Gen 9] VGC 2023 Regulation C","log":"|j|\u2606rudyxkam\n|j|\u2606JonaJoe7\n|t:|1683158591\n|gametype|doubles\n|player|p1|rudyxkam|gardenia|1091\n|player|p2|JonaJoe7|hilbert-wonderlauncher|1151\n|teamsize|p1|6\n|teamsize|p2|6\n|gen|9\n|tier|[Gen 9] VGC 2023 Regulation C\n|rated|\n|rule|Species Clause: Limit one of each Pok\u00e9mon\n|rule|Item Clause: Limit one of each item\n|clearpoke\n|poke|p1|Gyarados, L50, F|\n|poke|p1|Talonflame, L50, M|\n|poke|p1|Baxcalibur, L50, F|\n|poke|p1|Corviknight, L50, M|\n|poke|p1|Ting-Lu, L50|\n|poke|p1|Flutter Mane, L50|\n|poke|p2|Iron Hands, L50|\n|poke|p2|Palafin, L50, M|\n|poke|p2|Flutter Mane, L50|\n|poke|p2|Ting-Lu, L50|\n|poke|p2|Ceruledge, L50, M|\n|poke|p2|Amoonguss, L50, M|\n|teampreview|4\n|inactive|Battle timer is ON: inactive players will automatically lose when time's up. (requested by rudyxkam)\n|c|\u2606rudyxkam|glhf!\nrudyxkam has agreed to open team sheets.\n|inactive|rudyxkam has 60 seconds left.\n|\n|t:|1683158624\n|start\n|switch|p1a: T. Gojira|Baxcalibur, L50, F, shiny|100\/100\n|switch|p1b: Gigan|Corviknight, L50, M, shiny|100\/100\n|switch|p2a: Ceruledge|Ceruledge, L50, M|100\/100\n|switch|p2b: Amoonguss|Amoonguss, L50, M, shiny|100\/100\n|turn|1\n|c|\u2606JonaJoe7|Godzilla names?XD\n|inactive|JonaJoe7 has 30 seconds left.\n|c|\u2606rudyxkam|Yessirrrrr\n|inactive|JonaJoe7 has 20 seconds left.\n|\n|t:|1683158660\n|move|p2b: Amoonguss|Protect|p2b: Amoonguss\n|-singleturn|p2b: Amoonguss|Protect\n|move|p1a: T. Gojira|Icicle Crash|p2b: Amoonguss\n|-activate|p2b: Amoonguss|move: Protect\n|move|p2a: Ceruledge|Bulk Up|p2a: Ceruledge\n|-boost|p2a: Ceruledge|atk|1\n|-boost|p2a: Ceruledge|def|1\n|move|p1b: Gigan|Brave Bird|p2b: Amoonguss\n|-activate|p2b: Amoonguss|move: Protect\n|\n|upkeep\n|turn|2\n|c|\u2606JonaJoe7|Niceeee\n|c|\u2606JonaJoe7|Love it\n|inactive|rudyxkam has 30 seconds left.\n|inactive|JonaJoe7 has 30 seconds left.\n|c|\u2606rudyxkam|thanks homie\n|inactive|rudyxkam has 20 seconds left.\n|inactive|JonaJoe7 has 20 seconds left.\n|inactive|rudyxkam has 15 seconds left.\n|inactive|JonaJoe7 has 15 seconds left.\n|\n|t:|1683158701\n|switch|p1a: Manda|Gyarados, L50, F, shiny|100\/100\n|-ability|p1a: Manda|Intimidate|boost\n|-fail|p2a: Ceruledge|unboost|[from] item: Clear Amulet|[of] p2a: Ceruledge\n|-unboost|p2b: Amoonguss|atk|1\n|-terastallize|p1b: Gigan|Dragon\n|-terastallize|p2b: Amoonguss|Water\n|move|p2a: Ceruledge|Bulk Up|p2a: Ceruledge\n|-boost|p2a: Ceruledge|atk|1\n|-boost|p2a: Ceruledge|def|1\n|move|p1b: Gigan|Bulk Up|p1b: Gigan\n|-boost|p1b: Gigan|atk|1\n|-boost|p1b: Gigan|def|1\n|move|p2b: Amoonguss|Spore|p1b: Gigan\n|-activate|p1b: Gigan|item: Safety Goggles|Spore\n|\n|upkeep\n|turn|3\n|inactive|rudyxkam has 30 seconds left.\n|inactive|JonaJoe7 has 30 seconds left.\n|inactive|JonaJoe7 has 20 seconds left.\n|\n|t:|1683158739\n|move|p2b: Amoonguss|Protect|p2b: Amoonguss\n|-singleturn|p2b: Amoonguss|Protect\n|move|p2a: Ceruledge|Bitter Blade|p1a: Manda\n|-resisted|p1a: Manda\n|-damage|p1a: Manda|53\/100\n|move|p1a: Manda|Taunt|p2b: Amoonguss\n|-activate|p2b: Amoonguss|move: Protect\n|move|p1b: Gigan|Bulk Up|p1b: Gigan\n|-boost|p1b: Gigan|atk|1\n|-boost|p1b: Gigan|def|1\n|\n|upkeep\n|turn|4\n|\n|t:|1683158759\n|move|p1a: Manda|Helping Hand|p1b: Gigan\n|-singleturn|p1b: Gigan|Helping Hand|[of] p1a: Manda\n|move|p2b: Amoonguss|Rage Powder|p2b: Amoonguss\n|-singleturn|p2b: Amoonguss|move: Rage Powder\n|move|p2a: Ceruledge|Bulk Up|p2a: Ceruledge\n|-boost|p2a: Ceruledge|atk|1\n|-boost|p2a: Ceruledge|def|1\n|move|p1b: Gigan|Brave Bird|p2a: Ceruledge\n|-damage|p2a: Ceruledge|52\/100\n|-damage|p1b: Gigan|86\/100|[from] Recoil\n|\n|upkeep\n|turn|5\n|inactive|rudyxkam has 30 seconds left.\n|inactive|JonaJoe7 has 30 seconds left.\n|\n|t:|1683158790\n|switch|p2b: Flutter Mane|Flutter Mane, L50|100\/100\n|move|p2a: Ceruledge|Bitter Blade|p1a: Manda\n|-resisted|p1a: Manda\n|-damage|p1a: Manda|0 fnt\n|-heal|p2a: Ceruledge|81\/100|[from] drain|[of] p1a: Manda\n|faint|p1a: Manda\n|move|p1b: Gigan|Roost|p1b: Gigan\n|-heal|p1b: Gigan|100\/100\n|\n|upkeep\n|\n|t:|1683158796\n|switch|p1a: Sker|Ting-Lu, L50|100\/100\n|-ability|p1a: Sker|Vessel of Ruin\n|turn|6\n|\n|t:|1683158814\n|move|p2a: Ceruledge|Protect|p2a: Ceruledge\n|-singleturn|p2a: Ceruledge|Protect\n|move|p2b: Flutter Mane|Dazzling Gleam|p1a: Sker|[spread] p1a,p1b\n|-supereffective|p1a: Sker\n|-supereffective|p1b: Gigan\n|-damage|p1a: Sker|72\/100\n|-damage|p1b: Gigan|42\/100\n|move|p1b: Gigan|Brave Bird|p2b: Flutter Mane\n|-damage|p2b: Flutter Mane|0 fnt\n|faint|p2b: Flutter Mane\n|-end|p2b: Flutter Mane|Protosynthesis|[silent]\n|-damage|p1b: Gigan|16\/100|[from] Recoil\n|move|p1a: Sker|Bulldoze|p2a: Ceruledge|[spread] p1b\n|-activate|p2a: Ceruledge|move: Protect\n|-damage|p1b: Gigan|10\/100\n|-ability|p1b: Gigan|Mirror Armor\n|-unboost|p1a: Sker|spe|1\n|\n|upkeep\n|\n|t:|1683158838\n|switch|p2b: Iron Hands|Iron Hands, L50, shiny|100\/100\n|turn|7\n|c|\u2606rudyxkam|gg!\n|-message|rudyxkam forfeited.\n|\n|win|JonaJoe7\n|raw|rudyxkam's rating: 1091 → 1071<\/strong> (-20 for losing)\n|raw|JonaJoe7's rating: 1151 → 1172<\/strong> (+21 for winning)\n","uploadtime":1683158859,"views":9,"p1id":"rudyxkam","p2id":"jonajoe7","formatid":"gen9vgc2023regulationc","rating":1071,"private":0,"password":""}