{"id":"gen9vgc2023regulationc-1862141253","p1":"MasterofMetapods5","p2":"IeroTenparansu","format":"[Gen 9] VGC 2023 Regulation C","log":"|j|\u2606MasterofMetapods5\n|j|\u2606IeroTenparansu\n|t:|1683841384\n|gametype|doubles\n|player|p1|MasterofMetapods5|lance|\n|player|p2|IeroTenparansu|madame-gen4dp|\n|teamsize|p1|6\n|teamsize|p2|6\n|gen|9\n|tier|[Gen 9] VGC 2023 Regulation C\n|rated|Tournament battle\n|rule|Species Clause: Limit one of each Pok\u00e9mon\n|rule|Item Clause: Limit one of each item\n|clearpoke\n|poke|p1|Amoonguss, L50, M|\n|poke|p1|Ting-Lu, L50|\n|poke|p1|Corviknight, L50, M|\n|poke|p1|Rotom-Wash, L50|\n|poke|p1|Chi-Yu, L50|\n|poke|p1|Flutter Mane, L50|\n|poke|p2|Dondozo, L50, M|\n|poke|p2|Tatsugiri, L50, F|\n|poke|p2|Chi-Yu, L50|\n|poke|p2|Iron Bundle, L50|\n|poke|p2|Flutter Mane, L50|\n|poke|p2|Glimmora, L50, M|\n|teampreview|4\n|c|\u2606MasterofMetapods5|glhf\n|\n|t:|1683841421\n|start\n|switch|p1a: Rotom|Rotom-Wash, L50|100\/100\n|switch|p1b: Ting-Lu|Ting-Lu, L50|100\/100\n|switch|p2a: Iron Bundle|Iron Bundle, L50, shiny|100\/100\n|switch|p2b: Glimmora|Glimmora, L50, M, shiny|100\/100\n|-ability|p1b: Ting-Lu|Vessel of Ruin\n|-enditem|p2a: Iron Bundle|Booster Energy\n|-activate|p2a: Iron Bundle|ability: Quark Drive|[fromitem]\n|-start|p2a: Iron Bundle|quarkdrivespe\n|turn|1\n|\n|t:|1683841447\n|-terastallize|p2b: Glimmora|Grass\n|move|p2a: Iron Bundle|Freeze-Dry|p1b: Ting-Lu\n|-supereffective|p1b: Ting-Lu\n|-damage|p1b: Ting-Lu|63\/100\n|move|p1a: Rotom|Thunderbolt|p2a: Iron Bundle\n|-supereffective|p2a: Iron Bundle\n|-damage|p2a: Iron Bundle|0 fnt\n|faint|p2a: Iron Bundle\n|-end|p2a: Iron Bundle|Quark Drive|[silent]\n|move|p2b: Glimmora|Mortal Spin|p1a: Rotom|[spread] p1a,p1b\n|-resisted|p1b: Ting-Lu\n|-damage|p1a: Rotom|96\/100\n|-damage|p1b: Ting-Lu|61\/100\n|-status|p1a: Rotom|psn\n|-status|p1b: Ting-Lu|psn\n|move|p1b: Ting-Lu|Earthquake|p2b: Glimmora|[spread] p2b\n|-immune|p1a: Rotom|[from] ability: Levitate\n|-resisted|p2b: Glimmora\n|-damage|p2b: Glimmora|87\/100\n|-activate|p2b: Glimmora|ability: Toxic Debris\n|-sidestart|p1: MasterofMetapods5|move: Toxic Spikes\n|\n|-heal|p1b: Ting-Lu|67\/100 psn|[from] item: Leftovers\n|-damage|p1a: Rotom|84\/100 psn|[from] psn\n|-damage|p1b: Ting-Lu|55\/100 psn|[from] psn\n|upkeep\n|\n|t:|1683841468\n|switch|p2a: Dondozo|Dondozo, L50, M|100\/100\n|turn|2\n|\n|t:|1683841475\n|switch|p1a: Amoonguss|Amoonguss, L50, M|100\/100\n|-sideend|p1: MasterofMetapods5|move: Toxic Spikes|[of] p1a: Amoonguss\n|move|p2a: Dondozo|Protect|p2a: Dondozo\n|-singleturn|p2a: Dondozo|Protect\n|move|p2b: Glimmora|Energy Ball|p1a: Amoonguss\n|-resisted|p1a: Amoonguss\n|-damage|p1a: Amoonguss|95\/100\n|move|p1b: Ting-Lu|Ruination|p2a: Dondozo\n|-activate|p2a: Dondozo|move: Protect\n|\n|-heal|p1b: Ting-Lu|61\/100 psn|[from] item: Leftovers\n|-damage|p1b: Ting-Lu|49\/100 psn|[from] psn\n|upkeep\n|turn|3\n|\n|t:|1683841500\n|switch|p2b: Tatsugiri|Tatsugiri, L50, F|100\/100\n|-activate|p2b: Tatsugiri|ability: Commander|[of] p2a: Dondozo\n|-boost|p2a: Dondozo|atk|2\n|-boost|p2a: Dondozo|spa|2\n|-boost|p2a: Dondozo|spe|2\n|-boost|p2a: Dondozo|def|2\n|-boost|p2a: Dondozo|spd|2\n|move|p2a: Dondozo|Wave Crash|p1b: Ting-Lu\n|-supereffective|p1b: Ting-Lu\n|-damage|p1b: Ting-Lu|0 fnt\n|faint|p1b: Ting-Lu\n|-damage|p2a: Dondozo|84\/100|[from] Recoil\n|move|p1a: Amoonguss|Spore|p2a: Dondozo\n|-status|p2a: Dondozo|slp|[from] move: Spore\n|\n|-heal|p2a: Dondozo|90\/100 slp|[from] item: Leftovers\n|upkeep\n|\n|t:|1683841516\n|switch|p1b: Rotom|Rotom-Wash, L50|84\/100 psn\n|turn|4\n|\n|t:|1683841520\n|cant|p2a: Dondozo|slp\n|move|p1b: Rotom|Nasty Plot|p1b: Rotom\n|-boost|p1b: Rotom|spa|2\n|move|p1a: Amoonguss|Clear Smog|p2a: Dondozo\n|-damage|p2a: Dondozo|83\/100 slp\n|-clearboost|p2a: Dondozo\n|\n|-heal|p2a: Dondozo|89\/100 slp|[from] item: Leftovers\n|-damage|p1b: Rotom|72\/100 psn|[from] psn\n|upkeep\n|turn|5\n|\n|t:|1683841534\n|move|p1b: Rotom|Thunderbolt|p2a: Dondozo\n|-supereffective|p2a: Dondozo\n|-damage|p2a: Dondozo|0 fnt\n|faint|p2a: Dondozo\n|move|p1a: Amoonguss|Spore|p2b: Tatsugiri\n|-status|p2b: Tatsugiri|slp|[from] move: Spore\n|\n|-damage|p1b: Rotom|60\/100 psn|[from] psn\n|upkeep\n|\n|t:|1683841540\n|switch|p2a: Glimmora|Glimmora, L50, M, shiny, tera:Grass|87\/100\n|turn|6\n|\n|t:|1683841562\n|-terastallize|p1b: Rotom|Poison\n|cant|p2b: Tatsugiri|slp\n|move|p2b: Tatsugiri|Sleep Talk|p2b: Tatsugiri\n|move|p2b: Tatsugiri|Muddy Water|p1a: Amoonguss|[from]move: Sleep Talk|[spread] p1a\n|-miss|p2b: Tatsugiri|p1b: Rotom\n|-resisted|p1a: Amoonguss\n|-damage|p1a: Amoonguss|80\/100\n|move|p1b: Rotom|Thunderbolt|p2b: Tatsugiri\n|-damage|p2b: Tatsugiri|2\/100 slp\n|move|p2a: Glimmora|Energy Ball|p1b: Rotom\n|-resisted|p1b: Rotom\n|-damage|p1b: Rotom|38\/100 psn\n|move|p1a: Amoonguss|Clear Smog|p2a: Glimmora\n|-supereffective|p2a: Glimmora\n|-damage|p2a: Glimmora|65\/100\n|-clearboost|p2a: Glimmora\n|\n|-damage|p1b: Rotom|26\/100 psn|[from] psn\n|upkeep\n|turn|7\n|\n|t:|1683841598\n|cant|p2b: Tatsugiri|slp\n|move|p2b: Tatsugiri|Sleep Talk|p2b: Tatsugiri\n|move|p2b: Tatsugiri|Muddy Water|p1a: Amoonguss|[from]move: Sleep Talk|[spread] p1a,p1b\n|-resisted|p1a: Amoonguss\n|-damage|p1a: Amoonguss|68\/100\n|-damage|p1b: Rotom|0 fnt\n|-unboost|p1a: Amoonguss|accuracy|1\n|faint|p1b: Rotom\n|move|p2a: Glimmora|Power Gem|p1a: Amoonguss\n|-damage|p1a: Amoonguss|40\/100\n|-enditem|p1a: Amoonguss|Sitrus Berry|[eat]\n|-heal|p1a: Amoonguss|65\/100|[from] item: Sitrus Berry\n|move|p1a: Amoonguss|Clear Smog|p2b: Tatsugiri\n|-damage|p2b: Tatsugiri|0 fnt\n|-clearboost|p2b: Tatsugiri\n|faint|p2b: Tatsugiri\n|\n|upkeep\n|\n|t:|1683841603\n|switch|p1b: Chi-Yu|Chi-Yu, L50|100\/100\n|-ability|p1b: Chi-Yu|Beads of Ruin\n|turn|8\n|\n|t:|1683841617\n|move|p1b: Chi-Yu|Dark Pulse|p2a: Glimmora\n|-damage|p2a: Glimmora|27\/100\n|move|p2a: Glimmora|Power Gem|p1b: Chi-Yu\n|-supereffective|p1b: Chi-Yu\n|-damage|p1b: Chi-Yu|17\/100\n|move|p1a: Amoonguss|Clear Smog|p2a: Glimmora\n|-supereffective|p2a: Glimmora\n|-damage|p2a: Glimmora|0 fnt\n|-clearboost|p2a: Glimmora\n|faint|p2a: Glimmora\n|\n|win|MasterofMetapods5\n|n|\u2606MasterofMetapods5|masterofmetapods5\n|n|\u2606IeroTenparansu|ierotenparansu\n","uploadtime":1683841627,"views":10,"p1id":"masterofmetapods5","p2id":"ierotenparansu","formatid":"gen9vgc2023regulationc","rating":0,"private":0,"password":""}