{"id":"gen9vgc2023regulationc-1861923618","p1":"Arcacagne","p2":"dericos","format":"[Gen 9] VGC 2023 Regulation C","log":"|j|\u2606Arcacagne\n|j|\u2606dericos\n|t:|1683821142\n|gametype|doubles\n|player|p1|Arcacagne|102|1315\n|player|p2|dericos|1|1348\n|teamsize|p1|6\n|teamsize|p2|6\n|gen|9\n|tier|[Gen 9] VGC 2023 Regulation C\n|rated|\n|rule|Species Clause: Limit one of each Pok\u00e9mon\n|rule|Item Clause: Limit one of each item\n|clearpoke\n|poke|p1|Chi-Yu, L50|\n|poke|p1|Flutter Mane, L50|\n|poke|p1|Amoonguss, L50, F|\n|poke|p1|Ting-Lu, L50|\n|poke|p1|Iron Hands, L50|\n|poke|p1|Gyarados, L50, M|\n|poke|p2|Iron Bundle, L50|\n|poke|p2|Iron Hands, L50|\n|poke|p2|Pelipper, L50, F|\n|poke|p2|Palafin, L50, F|\n|poke|p2|Arcanine, L50, F|\n|poke|p2|Gholdengo, L50|\n|teampreview|4\n|inactive|Battle timer is ON: inactive players will automatically lose when time's up. (requested by dericos)\n|\n|t:|1683821223\n|start\n|switch|p1a: Ting-Lu|Ting-Lu, L50|100\/100\n|switch|p1b: Iron Hands|Iron Hands, L50|100\/100\n|switch|p2a: Iron Bundle|Iron Bundle, L50|100\/100\n|switch|p2b: Palafin|Palafin, L50, F|100\/100\n|-ability|p1a: Ting-Lu|Vessel of Ruin\n|-enditem|p2a: Iron Bundle|Booster Energy\n|-activate|p2a: Iron Bundle|ability: Quark Drive|[fromitem]\n|-start|p2a: Iron Bundle|quarkdrivespe\n|turn|1\n|inactive|Arcacagne has 30 seconds left.\n|\n|t:|1683821253\n|detailschange|p2b: Palafin|Palafin-Hero, L50, F\n|switch|p2b: Arcanine|Arcanine, L50, F|100\/100\n|-ability|p2b: Arcanine|Intimidate|boost\n|-unboost|p1a: Ting-Lu|atk|1\n|-fail|p1b: Iron Hands|unboost|[from] item: Clear Amulet|[of] p1b: Iron Hands\n|-terastallize|p1a: Ting-Lu|Poison\n|move|p2a: Iron Bundle|Protect|p2a: Iron Bundle\n|-singleturn|p2a: Iron Bundle|Protect\n|move|p1b: Iron Hands|Swords Dance|p1b: Iron Hands\n|-boost|p1b: Iron Hands|atk|2\n|move|p1a: Ting-Lu|Throat Chop|p2b: Arcanine\n|-damage|p2b: Arcanine|74\/100\n|-start|p2b: Arcanine|Throat Chop|[silent]\n|\n|upkeep\n|turn|2\n|inactive|Arcacagne has 30 seconds left.\n|inactive|dericos has 30 seconds left.\n|\n|t:|1683821284\n|move|p2a: Iron Bundle|Freeze-Dry|p1b: Iron Hands\n|-damage|p1b: Iron Hands|82\/100\n|-status|p1b: Iron Hands|frz\n|move|p2b: Arcanine|Will-O-Wisp||[still]\n|-fail|p2b: Arcanine\n|cant|p1b: Iron Hands|frz\n|move|p1a: Ting-Lu|Stomping Tantrum|p2b: Arcanine\n|-supereffective|p2b: Arcanine\n|-damage|p2b: Arcanine|25\/100\n|\n|-end|p2b: Arcanine|Throat Chop|[silent]\n|upkeep\n|turn|3\n|c|\u2606Arcacagne|This is skill\n|\n|t:|1683821305\n|move|p2a: Iron Bundle|Hydro Pump|p1a: Ting-Lu|[miss]\n|-miss|p2a: Iron Bundle|p1a: Ting-Lu\n|move|p2b: Arcanine|Flare Blitz|p1a: Ting-Lu\n|-damage|p1a: Ting-Lu|72\/100\n|-damage|p2b: Arcanine|12\/100|[from] Recoil\n|cant|p1b: Iron Hands|frz\n|move|p1a: Ting-Lu|Stomping Tantrum|p2b: Arcanine\n|-supereffective|p2b: Arcanine\n|-damage|p2b: Arcanine|0 fnt\n|faint|p2b: Arcanine\n|\n|upkeep\n|\n|t:|1683821315\n|switch|p2b: Palafin|Palafin-Hero, L50, F|100\/100\n|-activate|p2b: Palafin|ability: Zero to Hero\n|turn|4\n|\n|t:|1683821327\n|switch|p1a: Gyarados|Gyarados, L50, M|100\/100\n|-ability|p1a: Gyarados|Intimidate|boost\n|-unboost|p2a: Iron Bundle|atk|1\n|-unboost|p2b: Palafin|atk|1\n|-terastallize|p2b: Palafin|Water\n|move|p2a: Iron Bundle|Freeze-Dry|p1b: Iron Hands\n|-damage|p1b: Iron Hands|59\/100 frz\n|move|p2b: Palafin|Wave Crash|p1b: Iron Hands\n|-damage|p1b: Iron Hands|6\/100 frz\n|-damage|p2b: Palafin|75\/100|[from] Recoil\n|cant|p1b: Iron Hands|frz\n|\n|upkeep\n|turn|5\n|\n|t:|1683821351\n|move|p1a: Gyarados|Protect|p1a: Gyarados\n|-singleturn|p1a: Gyarados|Protect\n|move|p2a: Iron Bundle|Freeze-Dry|p1a: Gyarados\n|-activate|p1a: Gyarados|move: Protect\n|move|p2b: Palafin|Wave Crash|p1b: Iron Hands\n|-damage|p1b: Iron Hands|0 fnt\n|faint|p1b: Iron Hands\n|-end|p1b: Iron Hands|Quark Drive|[silent]\n|-damage|p2b: Palafin|73\/100|[from] Recoil\n|\n|upkeep\n|\n|t:|1683821364\n|switch|p1b: Ting-Lu|Ting-Lu, L50, tera:Poison|72\/100\n|-ability|p1b: Ting-Lu|Vessel of Ruin\n|turn|6\n|\n|t:|1683821379\n|switch|p2b: Gholdengo|Gholdengo, L50|100\/100\n|switch|p1a: Flutter Mane|Flutter Mane, L50|100\/100\n|-enditem|p1a: Flutter Mane|Booster Energy\n|-activate|p1a: Flutter Mane|ability: Protosynthesis|[fromitem]\n|-start|p1a: Flutter Mane|protosynthesisspa\n|move|p2a: Iron Bundle|Protect|p2a: Iron Bundle\n|-singleturn|p2a: Iron Bundle|Protect\n|move|p1b: Ting-Lu|Throat Chop|p2b: Gholdengo\n|-supereffective|p2b: Gholdengo\n|-damage|p2b: Gholdengo|30\/100\n|-start|p2b: Gholdengo|Throat Chop|[silent]\n|\n|-heal|p2b: Gholdengo|37\/100|[from] item: Leftovers\n|upkeep\n|turn|7\n|inactive|Arcacagne has 30 seconds left.\n|inactive|Arcacagne has 20 seconds left.\n|\n|t:|1683821417\n|move|p1a: Flutter Mane|Protect|p1a: Flutter Mane\n|-singleturn|p1a: Flutter Mane|Protect\n|move|p2b: Gholdengo|Protect|p2b: Gholdengo\n|-singleturn|p2b: Gholdengo|Protect\n|move|p2a: Iron Bundle|Icy Wind|p1a: Flutter Mane|[spread] p1b\n|-activate|p1a: Flutter Mane|move: Protect\n|-damage|p1b: Ting-Lu|65\/100\n|-unboost|p1b: Ting-Lu|spe|1\n|move|p1b: Ting-Lu|Stomping Tantrum|p2b: Gholdengo\n|-activate|p2b: Gholdengo|move: Protect\n|\n|-heal|p2b: Gholdengo|43\/100|[from] item: Leftovers\n|-end|p2b: Gholdengo|Throat Chop|[silent]\n|upkeep\n|turn|8\n|\n|t:|1683821439\n|-end|p1a: Flutter Mane|Protosynthesis|[silent]\n|switch|p1a: Gyarados|Gyarados, L50, M|100\/100\n|-ability|p1a: Gyarados|Intimidate|boost\n|-unboost|p2a: Iron Bundle|atk|1\n|-unboost|p2b: Gholdengo|atk|1\n|move|p2a: Iron Bundle|Icy Wind|p1b: Ting-Lu|[spread] p1a,p1b\n|-damage|p1a: Gyarados|90\/100\n|-damage|p1b: Ting-Lu|57\/100\n|-unboost|p1a: Gyarados|spe|1\n|-unboost|p1b: Ting-Lu|spe|1\n|move|p2b: Gholdengo|Make It Rain|p1b: Ting-Lu|[spread] p1a,p1b\n|-resisted|p1a: Gyarados\n|-damage|p1a: Gyarados|77\/100\n|-damage|p1b: Ting-Lu|42\/100\n|-unboost|p2b: Gholdengo|spa|1\n|move|p1b: Ting-Lu|Stomping Tantrum|p2b: Gholdengo\n|-supereffective|p2b: Gholdengo\n|-damage|p2b: Gholdengo|0 fnt\n|faint|p2b: Gholdengo\n|\n|upkeep\n|\n|t:|1683821442\n|switch|p2b: Palafin|Palafin-Hero, L50, F, tera:Water|73\/100\n|turn|9\n|inactive|Arcacagne has 30 seconds left.\n|inactive|Arcacagne has 20 seconds left.\n|\n|t:|1683821480\n|switch|p1a: Flutter Mane|Flutter Mane, L50|100\/100\n|move|p2a: Iron Bundle|Freeze-Dry|p1a: Flutter Mane\n|-damage|p1a: Flutter Mane|76\/100\n|move|p2b: Palafin|Wave Crash|p1b: Ting-Lu\n|-damage|p1b: Ting-Lu|0 fnt\n|faint|p1b: Ting-Lu\n|-damage|p2b: Palafin|53\/100|[from] Recoil\n|\n|upkeep\n|\n|t:|1683821491\n|switch|p1b: Gyarados|Gyarados, L50, M|77\/100\n|-ability|p1b: Gyarados|Intimidate|boost\n|-unboost|p2a: Iron Bundle|atk|1\n|-unboost|p2b: Palafin|atk|1\n|turn|10\n|\n|t:|1683821503\n|move|p1b: Gyarados|Protect|p1b: Gyarados\n|-singleturn|p1b: Gyarados|Protect\n|move|p2a: Iron Bundle|Icy Wind|p1b: Gyarados|[spread] p1a\n|-activate|p1b: Gyarados|move: Protect\n|-crit|p1a: Flutter Mane\n|-damage|p1a: Flutter Mane|46\/100\n|-unboost|p1a: Flutter Mane|spe|1\n|move|p2b: Palafin|Wave Crash|p1a: Flutter Mane\n|-damage|p1a: Flutter Mane|0 fnt\n|faint|p1a: Flutter Mane\n|-end|p1a: Flutter Mane|Protosynthesis|[silent]\n|-damage|p2b: Palafin|39\/100|[from] Recoil\n|\n|upkeep\n|turn|11\n|-message|Arcacagne forfeited.\n|\n|win|dericos\n|raw|Arcacagne's rating: 1315 → 1297<\/strong> (-18 for losing)\n|raw|dericos's rating: 1348 → 1366<\/strong> (+18 for winning)\n","uploadtime":1683821524,"views":11,"p1id":"arcacagne","p2id":"dericos","formatid":"gen9vgc2023regulationc","rating":1297,"private":0,"password":""}