{"id":"gen9vgc2023regulationc-1850986913","p1":"knowking Trump","p2":"Beaugardes","format":"[Gen 9] VGC 2023 Regulation C","log":"|j|\u2606knowking Trump\n|j|\u2606Beaugardes\n|t:|1682390523\n|gametype|doubles\n|player|p1|knowking Trump|rosa|1522\n|player|p2|Beaugardes|silver-gen2kanto|1574\n|teamsize|p1|6\n|teamsize|p2|6\n|gen|9\n|tier|[Gen 9] VGC 2023 Regulation C\n|rated|\n|rule|Species Clause: Limit one of each Pok\u00e9mon\n|rule|Item Clause: Limit one of each item\n|clearpoke\n|poke|p1|Iron Bundle, L50|\n|poke|p1|Ting-Lu, L50|\n|poke|p1|Dondozo, L50, M|\n|poke|p1|Tatsugiri, L50, F|\n|poke|p1|Arcanine, L50, M|\n|poke|p1|Flutter Mane, L50|\n|poke|p2|Torkoal, L50, M|\n|poke|p2|Hatterene, L50, F|\n|poke|p2|Farigiraf, L50, M|\n|poke|p2|Kingambit, L50, M|\n|poke|p2|Brute Bonnet, L50|\n|poke|p2|Iron Hands, L50|\n|teampreview|4\n|inactive|Battle timer is ON: inactive players will automatically lose when time's up. (requested by Beaugardes)\nBeaugardes has agreed to open team sheets.\n|\n|t:|1682390545\n|start\n|switch|p1a: Flutter Mane|Flutter Mane, L50|100\/100\n|switch|p1b: Dondozo|Dondozo, L50, M|100\/100\n|switch|p2a: Iron Hands|Iron Hands, L50|100\/100\n|switch|p2b: Hatterene|Hatterene, L50, F|100\/100\n|turn|1\n|\n|t:|1682390554\n|switch|p1b: Arcanine|Arcanine, L50, M|100\/100\n|-ability|p1b: Arcanine|Intimidate|boost\n|-unboost|p2a: Iron Hands|atk|1\n|-unboost|p2b: Hatterene|atk|1\n|move|p2a: Iron Hands|Fake Out|p1b: Arcanine\n|-damage|p1b: Arcanine|90\/100\n|move|p1a: Flutter Mane|Dazzling Gleam|p2a: Iron Hands|[spread] p2a,p2b\n|-supereffective|p2a: Iron Hands\n|-damage|p2a: Iron Hands|7\/100\n|-damage|p2b: Hatterene|51\/100\n|move|p2b: Hatterene|Trick Room|p2b: Hatterene\n|-fieldstart|move: Trick Room|[of] p2b: Hatterene\n|\n|upkeep\n|turn|2\n|\n|t:|1682390577\n|-end|p2a: Iron Hands|Quark Drive|[silent]\n|switch|p2a: Torkoal|Torkoal, L50, M|100\/100\n|-weather|SunnyDay|[from] ability: Drought|[of] p2a: Torkoal\n|-activate|p1a: Flutter Mane|ability: Protosynthesis\n|-start|p1a: Flutter Mane|protosynthesisspa\n|move|p1b: Arcanine|Extreme Speed|p2a: Torkoal\n|-damage|p2a: Torkoal|84\/100\n|move|p2b: Hatterene|Psychic|p1b: Arcanine\n|-damage|p1b: Arcanine|40\/100\n|move|p1a: Flutter Mane|Dazzling Gleam|p2b: Hatterene|[spread] p2a,p2b\n|-resisted|p2a: Torkoal\n|-damage|p2a: Torkoal|45\/100\n|-damage|p2b: Hatterene|0 fnt\n|faint|p2b: Hatterene\n|\n|-weather|SunnyDay|[upkeep]\n|upkeep\n|j| ArrogantPride\n|\n|t:|1682390593\n|switch|p2b: Brute Bonnet|Brute Bonnet, L50|100\/100\n|-activate|p2b: Brute Bonnet|ability: Protosynthesis\n|-start|p2b: Brute Bonnet|protosynthesisatk\n|turn|3\n|\n|t:|1682390609\n|-terastallize|p2b: Brute Bonnet|Fire\n|move|p2a: Torkoal|Earth Power|p1b: Arcanine\n|-supereffective|p1b: Arcanine\n|-damage|p1b: Arcanine|0 fnt\n|faint|p1b: Arcanine\n|move|p2b: Brute Bonnet|Bullet Seed|p1a: Flutter Mane\n|-damage|p1a: Flutter Mane|68\/100\n|-damage|p1a: Flutter Mane|36\/100\n|-damage|p1a: Flutter Mane|9\/100\n|-crit|p1a: Flutter Mane\n|-damage|p1a: Flutter Mane|0 fnt\n|faint|p1a: Flutter Mane\n|-end|p1a: Flutter Mane|Protosynthesis|[silent]\n|-hitcount|p1: Flutter Mane|4\n|\n|-weather|SunnyDay|[upkeep]\n|upkeep\n|\n|t:|1682390621\n|switch|p1b: Tatsugiri|Tatsugiri, L50, F|100\/100\n|switch|p1a: Dondozo|Dondozo, L50, M|100\/100\n|-activate|p1b: Tatsugiri|ability: Commander|[of] p1a: Dondozo\n|-boost|p1a: Dondozo|atk|2\n|-boost|p1a: Dondozo|spa|2\n|-boost|p1a: Dondozo|spe|2\n|-boost|p1a: Dondozo|def|2\n|-boost|p1a: Dondozo|spd|2\n|turn|4\n|\n|t:|1682390633\n|move|p1a: Dondozo|Protect|p1a: Dondozo\n|-singleturn|p1a: Dondozo|Protect\n|move|p2a: Torkoal|Flamethrower|p1a: Dondozo\n|-activate|p1a: Dondozo|move: Protect\n|move|p2b: Brute Bonnet|Spore|p1a: Dondozo\n|-activate|p1a: Dondozo|move: Protect\n|\n|-weather|SunnyDay|[upkeep]\n|upkeep\n|turn|5\n|j| THUNDERSND77\n|\n|t:|1682390643\n|-terastallize|p1a: Dondozo|Fire\n|move|p2a: Torkoal|Flamethrower|p1a: Dondozo\n|-resisted|p1a: Dondozo\n|-damage|p1a: Dondozo|86\/100\n|move|p2b: Brute Bonnet|Spore|p1a: Dondozo\n|-status|p1a: Dondozo|slp|[from] move: Spore\n|cant|p1a: Dondozo|slp\n|\n|-weather|SunnyDay|[upkeep]\n|-heal|p1a: Dondozo|92\/100 slp|[from] item: Leftovers\n|-fieldend|move: Trick Room\n|upkeep\n|turn|6\n|j| xtyeah\n|\n|t:|1682390655\n|cant|p1a: Dondozo|slp\n|move|p2b: Brute Bonnet|Crunch|p1a: Dondozo\n|-damage|p1a: Dondozo|71\/100 slp\n|move|p2a: Torkoal|Earth Power|p1a: Dondozo\n|-supereffective|p1a: Dondozo\n|-damage|p1a: Dondozo|40\/100 slp\n|\n|-weather|none\n|-end|p2b: Brute Bonnet|Protosynthesis\n|-heal|p1a: Dondozo|46\/100 slp|[from] item: Leftovers\n|upkeep\n|turn|7\n|\n|t:|1682390677\n|switch|p2a: Iron Hands|Iron Hands, L50|7\/100\n|move|p2b: Brute Bonnet|Protect|p2b: Brute Bonnet\n|-singleturn|p2b: Brute Bonnet|Protect\n|-curestatus|p1a: Dondozo|slp|[msg]\n|move|p1a: Dondozo|Earthquake|p2a: Iron Hands|[spread] p2a\n|-miss|p1a: Dondozo|p1b: Tatsugiri\n|-activate|p2b: Brute Bonnet|move: Protect\n|-supereffective|p2a: Iron Hands\n|-damage|p2a: Iron Hands|0 fnt\n|faint|p2a: Iron Hands\n|-end|p2a: Iron Hands|Quark Drive|[silent]\n|\n|-heal|p1a: Dondozo|52\/100|[from] item: Leftovers\n|upkeep\n|\n|t:|1682390690\n|switch|p2a: Torkoal|Torkoal, L50, M|45\/100\n|-weather|SunnyDay|[from] ability: Drought|[of] p2a: Torkoal\n|-activate|p2b: Brute Bonnet|ability: Protosynthesis\n|-start|p2b: Brute Bonnet|protosynthesisatk\n|turn|8\n|\n|t:|1682390696\n|move|p1a: Dondozo|Protect|p1a: Dondozo\n|-singleturn|p1a: Dondozo|Protect\n|move|p2a: Torkoal|Protect|p2a: Torkoal\n|-singleturn|p2a: Torkoal|Protect\n|move|p2b: Brute Bonnet|Spore|p1a: Dondozo\n|-activate|p1a: Dondozo|move: Protect\n|\n|-weather|SunnyDay|[upkeep]\n|-heal|p1a: Dondozo|58\/100|[from] item: Leftovers\n|upkeep\n|turn|9\n|\n|t:|1682390704\n|move|p2a: Torkoal|Protect||[still]\n|-fail|p2a: Torkoal\n|move|p1a: Dondozo|Earthquake|p2a: Torkoal|[spread] p2a,p2b\n|-miss|p1a: Dondozo|p1b: Tatsugiri\n|-supereffective|p2a: Torkoal\n|-supereffective|p2b: Brute Bonnet\n|-damage|p2a: Torkoal|0 fnt\n|-damage|p2b: Brute Bonnet|28\/100\n|faint|p2a: Torkoal\n|move|p2b: Brute Bonnet|Spore|p1a: Dondozo\n|-status|p1a: Dondozo|slp|[from] move: Spore\n|\n|-weather|SunnyDay|[upkeep]\n|-heal|p1a: Dondozo|65\/100 slp|[from] item: Leftovers\n|upkeep\n|turn|10\n|l| xtyeah\n|\n|t:|1682390716\n|cant|p1a: Dondozo|slp\n|move|p2b: Brute Bonnet|Crunch|p1a: Dondozo\n|-damage|p1a: Dondozo|43\/100 slp\n|\n|-weather|SunnyDay|[upkeep]\n|-heal|p1a: Dondozo|50\/100 slp|[from] item: Leftovers\n|upkeep\n|turn|11\n|\n|t:|1682390722\n|cant|p1a: Dondozo|slp\n|move|p2b: Brute Bonnet|Crunch|p1a: Dondozo\n|-damage|p1a: Dondozo|29\/100 slp\n|\n|-weather|SunnyDay|[upkeep]\n|-heal|p1a: Dondozo|35\/100 slp|[from] item: Leftovers\n|upkeep\n|turn|12\n|\n|t:|1682390730\n|cant|p1a: Dondozo|slp\n|move|p2b: Brute Bonnet|Crunch|p1a: Dondozo\n|-damage|p1a: Dondozo|13\/100 slp\n|\n|-weather|none\n|-end|p2b: Brute Bonnet|Protosynthesis\n|-heal|p1a: Dondozo|19\/100 slp|[from] item: Leftovers\n|upkeep\n|turn|13\n|\n|t:|1682390735\n|-curestatus|p1a: Dondozo|slp|[msg]\n|move|p1a: Dondozo|Protect|p1a: Dondozo\n|-singleturn|p1a: Dondozo|Protect\n|move|p2b: Brute Bonnet|Crunch|p1a: Dondozo\n|-activate|p1a: Dondozo|move: Protect\n|\n|-heal|p1a: Dondozo|25\/100|[from] item: Leftovers\n|upkeep\n|turn|14\n|\n|t:|1682390742\n|move|p1a: Dondozo|Earthquake|p2b: Brute Bonnet|[spread] p2b\n|-miss|p1a: Dondozo|p1b: Tatsugiri\n|-supereffective|p2b: Brute Bonnet\n|-damage|p2b: Brute Bonnet|0 fnt\n|faint|p2b: Brute Bonnet\n|-end|p2b: Brute Bonnet|Protosynthesis|[silent]\n|\n|win|knowking Trump\n|raw|knowking Trump's rating: 1522 → 1545<\/strong> (+23 for winning)\n|raw|Beaugardes's rating: 1574 → 1551<\/strong> (-23 for losing)\n|l|\u2606knowking Trump\n|l|\u2606Beaugardes\n","uploadtime":1682390763,"views":7,"p1id":"knowkingtrump","p2id":"beaugardes","formatid":"gen9vgc2023regulationc","rating":1545,"private":0,"password":""}