{"id":"gen9vgc2023regulationc-1846339716","p1":"hero231","p2":"Bobby Seegul","format":"[Gen 9] VGC 2023 Regulation C","log":"|j|\u2606hero231\n|j|\u2606Bobby Seegul\n|t:|1681832942\n|gametype|doubles\n|player|p1|hero231|infielder|1190\n|player|p2|Bobby Seegul|101|1093\n|teamsize|p1|6\n|teamsize|p2|6\n|gen|9\n|tier|[Gen 9] VGC 2023 Regulation C\n|rated|\n|rule|Species Clause: Limit one of each Pok\u00e9mon\n|rule|Item Clause: Limit one of each item\n|clearpoke\n|poke|p1|Glimmora, L50, M|\n|poke|p1|Arcanine, L50, M|\n|poke|p1|Chi-Yu, L50|\n|poke|p1|Flutter Mane, L50|\n|poke|p1|Dondozo, L50, F|\n|poke|p1|Tatsugiri-Stretchy, L50, M|\n|poke|p2|Gothitelle, L50, F|\n|poke|p2|Amoonguss, L50, M|\n|poke|p2|Ting-Lu, L50|\n|poke|p2|Scream Tail, L50|\n|poke|p2|Iron Hands, L50|\n|poke|p2|Arcanine, L50, F|\n|teampreview|4\nhero231 has agreed to open team sheets.\n|\n|t:|1681833018\n|start\n|switch|p1a: Smiles Back|Chi-Yu, L50|100\/100\n|switch|p1b: Flutter Mid|Flutter Mane, L50, shiny|100\/100\n|switch|p2a: Ting-Lu|Ting-Lu, L50|100\/100\n|switch|p2b: Arcanine|Arcanine, L50, F|100\/100\n|-ability|p1a: Smiles Back|Beads of Ruin\n|-ability|p2b: Arcanine|Intimidate|boost\n|-unboost|p1a: Smiles Back|atk|1\n|-unboost|p1b: Flutter Mid|atk|1\n|-ability|p2a: Ting-Lu|Vessel of Ruin\n|-enditem|p1b: Flutter Mid|Booster Energy\n|-activate|p1b: Flutter Mid|ability: Protosynthesis|[fromitem]\n|-start|p1b: Flutter Mid|protosynthesisspa\n|turn|1\n|\n|t:|1681833056\n|-terastallize|p2b: Arcanine|Flying\n|move|p1b: Flutter Mid|Dazzling Gleam|p2a: Ting-Lu|[spread] p2a,p2b\n|-supereffective|p2a: Ting-Lu\n|-crit|p2a: Ting-Lu\n|-damage|p2a: Ting-Lu|40\/100\n|-damage|p2b: Arcanine|63\/100\n|move|p1a: Smiles Back|Heat Wave|p2b: Arcanine|[spread] p2a,p2b\n|-damage|p2a: Ting-Lu|23\/100\n|-damage|p2b: Arcanine|26\/100\n|move|p2b: Arcanine|Howl|p2b: Arcanine|[spread] p2a,p2b\n|-boost|p2a: Ting-Lu|atk|1\n|-boost|p2b: Arcanine|atk|1\n|move|p2a: Ting-Lu|Earthquake|p1b: Flutter Mid|[spread] p1a,p1b\n|-immune|p2b: Arcanine\n|-supereffective|p1a: Smiles Back\n|-enditem|p1a: Smiles Back|Focus Sash\n|-damage|p1a: Smiles Back|1\/100\n|-damage|p1b: Flutter Mid|24\/100\n|\n|upkeep\n|turn|2\n|\n|t:|1681833076\n|switch|p2a: Amoonguss|Amoonguss, L50, M|100\/100\n|move|p1a: Smiles Back|Protect|p1a: Smiles Back\n|-singleturn|p1a: Smiles Back|Protect\n|move|p2b: Arcanine|Extreme Speed|p1a: Smiles Back\n|-activate|p1a: Smiles Back|move: Protect\n|move|p1b: Flutter Mid|Dazzling Gleam|p2b: Arcanine|[spread] p2a,p2b\n|-resisted|p2a: Amoonguss\n|-damage|p2a: Amoonguss|80\/100\n|-damage|p2b: Arcanine|0 fnt\n|faint|p2b: Arcanine\n|\n|upkeep\n|\n|t:|1681833081\n|switch|p2b: Iron Hands|Iron Hands, L50, shiny|100\/100\n|turn|3\n|\n|t:|1681833097\n|switch|p1a: Pee Wee|Tatsugiri-Stretchy, L50, M|100\/100\n|move|p2b: Iron Hands|Fake Out|p1a: Pee Wee\n|-damage|p1a: Pee Wee|73\/100\n|move|p1b: Flutter Mid|Taunt|p2a: Amoonguss\n|-start|p2a: Amoonguss|move: Taunt\n|move|p2a: Amoonguss|Pollen Puff|p2b: Iron Hands\n|-immune|p2b: Iron Hands\n|\n|upkeep\n|turn|4\n|\n|t:|1681833128\n|move|p1a: Pee Wee|Draco Meteor|p2a: Amoonguss\n|-damage|p2a: Amoonguss|21\/100\n|-unboost|p1a: Pee Wee|spa|2\n|move|p1b: Flutter Mid|Dazzling Gleam|p2a: Amoonguss|[spread] p2a,p2b\n|-resisted|p2a: Amoonguss\n|-supereffective|p2b: Iron Hands\n|-damage|p2a: Amoonguss|3\/100\n|-damage|p2b: Iron Hands|40\/100\n|-enditem|p2b: Iron Hands|Sitrus Berry|[eat]\n|-heal|p2b: Iron Hands|64\/100|[from] item: Sitrus Berry\n|move|p2b: Iron Hands|Wild Charge|p1b: Flutter Mid\n|-damage|p1b: Flutter Mid|0 fnt\n|faint|p1b: Flutter Mid\n|-end|p1b: Flutter Mid|Protosynthesis|[silent]\n|-damage|p2b: Iron Hands|61\/100|[from] Recoil\n|move|p2a: Amoonguss|Pollen Puff|p1a: Pee Wee\n|-damage|p1a: Pee Wee|49\/100\n|\n|upkeep\n|\n|t:|1681833144\n|switch|p1b: Largo Margo|Dondozo, L50, F|100\/100\n|-activate|p1a: Pee Wee|ability: Commander|[of] p1b: Largo Margo\n|-boost|p1b: Largo Margo|atk|2\n|-boost|p1b: Largo Margo|spa|2\n|-boost|p1b: Largo Margo|spe|2\n|-boost|p1b: Largo Margo|def|2\n|-boost|p1b: Largo Margo|spd|2\n|turn|5\n|\n|t:|1681833162\n|move|p1b: Largo Margo|Earthquake|p2b: Iron Hands|[spread] p2a,p2b\n|-miss|p1b: Largo Margo|p1a: Pee Wee\n|-supereffective|p2b: Iron Hands\n|-damage|p2a: Amoonguss|0 fnt\n|-damage|p2b: Iron Hands|3\/100\n|faint|p2a: Amoonguss\n|move|p2b: Iron Hands|Wild Charge|p1b: Largo Margo\n|-supereffective|p1b: Largo Margo\n|-damage|p1b: Largo Margo|66\/100\n|-damage|p2b: Iron Hands|0 fnt|[from] Recoil\n|faint|p2b: Iron Hands\n|-end|p2b: Iron Hands|Quark Drive|[silent]\n|\n|-heal|p1b: Largo Margo|72\/100|[from] item: Leftovers\n|upkeep\n|\n|t:|1681833167\n|switch|p2b: Ting-Lu|Ting-Lu, L50|23\/100\n|-ability|p2b: Ting-Lu|Vessel of Ruin\n|turn|6\n|-message|Bobby Seegul forfeited.\n|\n|win|hero231\n|raw|hero231's rating: 1190 → 1208<\/strong> (+18 for winning)\n|raw|Bobby Seegul's rating: 1093 → 1076<\/strong> (-17 for losing)\n|l|\u2606Bobby Seegul\n|c|\u2606hero231|gg\n","uploadtime":1681833183,"views":11,"p1id":"hero231","p2id":"bobbyseegul","formatid":"gen9vgc2023regulationc","rating":1076,"private":0,"password":""}