{"id":"gen9vgc2023regulationc-1857181863","p1":"Lazza01","p2":"TGH_sr","format":"[Gen 9] VGC 2023 Regulation C","log":"|j|\u2606Lazza01\n|j|\u2606TGH_sr\n|t:|1683154911\n|gametype|doubles\n|player|p1|Lazza01|alder|1233\n|player|p2|TGH_sr|steven|1333\n|teamsize|p1|6\n|teamsize|p2|6\n|gen|9\n|tier|[Gen 9] VGC 2023 Regulation C\n|rated|\n|rule|Species Clause: Limit one of each Pok\u00e9mon\n|rule|Item Clause: Limit one of each item\n|clearpoke\n|poke|p1|Dragonite, L50, M|\n|poke|p1|Gyarados, L50, M|\n|poke|p1|Glimmora, L50, F|\n|poke|p1|Amoonguss, L50, F|\n|poke|p1|Palafin, L50, F|\n|poke|p1|Talonflame, L50, M|\n|poke|p2|Talonflame, L50, M|\n|poke|p2|Garchomp, L50, F|\n|poke|p2|Gholdengo, L50|\n|poke|p2|Gyarados, L50, M|\n|poke|p2|Flutter Mane, L50|\n|poke|p2|Chi-Yu, L50|\n|teampreview|4\nTGH_sr has agreed to open team sheets.\nLazza01 has agreed to open team sheets.\n|inactive|Battle timer is ON: inactive players will automatically lose when time's up. (requested by Lazza01)\n|inactive|Lazza01 has 60 seconds left.\n|inactive|TGH_sr has 60 seconds left.\n|\n|t:|1683154969\n|start\n|switch|p1a: Palafin|Palafin, L50, F|100\/100\n|switch|p1b: Talonflame|Talonflame, L50, M|100\/100\n|switch|p2a: Talonflame|Talonflame, L50, M|100\/100\n|switch|p2b: Garchomp|Garchomp, L50, F|100\/100\n|turn|1\n|inactive|Lazza01 has 30 seconds left.\n|inactive|TGH_sr has 30 seconds left.\n|\n|t:|1683155001\n|detailschange|p1a: Palafin|Palafin-Hero, L50, F\n|switch|p1a: Gyarados|Gyarados, L50, M|100\/100\n|-ability|p1a: Gyarados|Intimidate|boost\n|-unboost|p2a: Talonflame|atk|1\n|-unboost|p2b: Garchomp|atk|1\n|move|p1b: Talonflame|Tailwind|p1b: Talonflame\n|-sidestart|p1: Lazza01|move: Tailwind\n|move|p2a: Talonflame|Tailwind|p2a: Talonflame\n|-sidestart|p2: TGH_sr|move: Tailwind\n|move|p2b: Garchomp|Rock Slide|p1b: Talonflame|[spread] p1a\n|-miss|p2b: Garchomp|p1b: Talonflame\n|-supereffective|p1a: Gyarados\n|-damage|p1a: Gyarados|68\/100\n|-damage|p2b: Garchomp|91\/100|[from] item: Life Orb\n|\n|upkeep\n|turn|2\n|inactive|Lazza01 has 30 seconds left.\n|\n|t:|1683155028\n|move|p1b: Talonflame|Will-O-Wisp|p2b: Garchomp\n|-status|p2b: Garchomp|brn\n|move|p2a: Talonflame|Will-O-Wisp|p1a: Gyarados|[miss]\n|-miss|p2a: Talonflame|p1a: Gyarados\n|move|p2b: Garchomp|Rock Slide|p1b: Talonflame|[spread] p1b\n|-miss|p2b: Garchomp|p1a: Gyarados\n|-supereffective|p1b: Talonflame\n|-damage|p1b: Talonflame|48\/100\n|-damage|p2b: Garchomp|81\/100 brn|[from] item: Life Orb\n|move|p1a: Gyarados|Waterfall|p2a: Talonflame\n|-supereffective|p2a: Talonflame\n|-damage|p2a: Talonflame|17\/100\n|\n|-damage|p2b: Garchomp|75\/100 brn|[from] brn\n|upkeep\n|turn|3\n|inactive|Lazza01 has 30 seconds left.\n|inactive|TGH_sr has 30 seconds left.\n|\n|t:|1683155061\n|move|p1b: Talonflame|Growl|p2a: Talonflame|[spread] p2a,p2b\n|-unboost|p2a: Talonflame|atk|1\n|-unboost|p2b: Garchomp|atk|1\n|move|p2a: Talonflame|Will-O-Wisp|p1a: Gyarados\n|-status|p1a: Gyarados|brn\n|move|p2b: Garchomp|Rock Slide|p1b: Talonflame|[spread] p1a,p1b\n|-supereffective|p1a: Gyarados\n|-supereffective|p1b: Talonflame\n|-damage|p1a: Gyarados|55\/100 brn\n|-damage|p1b: Talonflame|4\/100\n|-damage|p2b: Garchomp|66\/100 brn|[from] item: Life Orb\n|move|p1a: Gyarados|Waterfall|p2a: Talonflame\n|-supereffective|p2a: Talonflame\n|-damage|p2a: Talonflame|0 fnt\n|faint|p2a: Talonflame\n|\n|-damage|p2b: Garchomp|60\/100 brn|[from] brn\n|-damage|p1a: Gyarados|50\/100 brn|[from] brn\n|upkeep\n|inactive|TGH_sr has 30 seconds left.\n|inactive|TGH_sr has 20 seconds left.\n|inactive|TGH_sr has 15 seconds left.\n|inactive|TGH_sr has 10 seconds left.\n|\n|t:|1683155108\n|switch|p2a: Gyarados|Gyarados, L50, M|100\/100\n|-ability|p2a: Gyarados|Intimidate|boost\n|-unboost|p1a: Gyarados|atk|1\n|-unboost|p1b: Talonflame|atk|1\n|turn|4\n|inactive|Lazza01 has 30 seconds left.\n|\n|t:|1683155133\n|move|p1b: Talonflame|Growl|p2b: Garchomp|[spread] p2a,p2b\n|-unboost|p2a: Gyarados|atk|1\n|-unboost|p2b: Garchomp|atk|1\n|move|p2b: Garchomp|Rock Slide|p1a: Gyarados|[spread] p1a,p1b\n|-supereffective|p1a: Gyarados\n|-supereffective|p1b: Talonflame\n|-damage|p1a: Gyarados|39\/100 brn\n|-damage|p1b: Talonflame|0 fnt\n|faint|p1b: Talonflame\n|-damage|p2b: Garchomp|50\/100 brn|[from] item: Life Orb\n|cant|p1a: Gyarados|flinch\n|move|p2a: Gyarados|Waterfall|p1a: Gyarados\n|-resisted|p1a: Gyarados\n|-damage|p1a: Gyarados|27\/100 brn\n|\n|-damage|p2b: Garchomp|44\/100 brn|[from] brn\n|-damage|p1a: Gyarados|21\/100 brn|[from] brn\n|-sideend|p2: TGH_sr|move: Tailwind\n|-sideend|p1: Lazza01|move: Tailwind\n|upkeep\n|\n|t:|1683155152\n|switch|p1b: Glimmora|Glimmora, L50, F|100\/100\n|turn|5\n|inactive|Lazza01 has 30 seconds left.\n|inactive|TGH_sr has 30 seconds left.\n|inactive|Lazza01 has 20 seconds left.\n|\n|t:|1683155190\n|switch|p2b: Flutter Mane|Flutter Mane, L50|100\/100\n|move|p1b: Glimmora|Energy Ball|p2b: Flutter Mane\n|-damage|p2b: Flutter Mane|66\/100\n|move|p1a: Gyarados|Thunder Wave|p2a: Gyarados\n|-status|p2a: Gyarados|par\n|move|p2a: Gyarados|Waterfall|p1b: Glimmora\n|-supereffective|p1b: Glimmora\n|-damage|p1b: Glimmora|28\/100\n|-activate|p1b: Glimmora|ability: Toxic Debris\n|-sidestart|p2: TGH_sr|move: Toxic Spikes\n|\n|-damage|p1a: Gyarados|15\/100 brn|[from] brn\n|upkeep\n|turn|6\n|inactive|Lazza01 has 30 seconds left.\n|inactive|TGH_sr has 30 seconds left.\n|inactive|Lazza01 has 20 seconds left.\n|inactive|TGH_sr has 20 seconds left.\n|inactive|Lazza01 has 15 seconds left.\n|inactive|TGH_sr has 15 seconds left.\n|inactive|TGH_sr has 10 seconds left.\n|inactive|TGH_sr has 5 seconds left.\n|\n|t:|1683155245\n|move|p1a: Gyarados|Protect|p1a: Gyarados\n|-singleturn|p1a: Gyarados|Protect\n|move|p2a: Gyarados|Protect|p2a: Gyarados\n|-singleturn|p2a: Gyarados|Protect\n|move|p2b: Flutter Mane|Dazzling Gleam|p1b: Glimmora|[spread] p1b\n|-activate|p1a: Gyarados|move: Protect\n|-resisted|p1b: Glimmora\n|-damage|p1b: Glimmora|0 fnt\n|faint|p1b: Glimmora\n|\n|-damage|p1a: Gyarados|9\/100 brn|[from] brn\n|upkeep\n|\n|t:|1683155255\n|switch|p1b: Palafin|Palafin-Hero, L50, F|100\/100\n|-activate|p1b: Palafin|ability: Zero to Hero\n|turn|7\n|\n|t:|1683155270\n|-end|p2b: Flutter Mane|Protosynthesis|[silent]\n|switch|p2b: Garchomp|Garchomp, L50, F|44\/100 brn\n|-terastallize|p1b: Palafin|Water\n|move|p1b: Palafin|Wave Crash|p2b: Garchomp\n|-damage|p2b: Garchomp|0 fnt\n|-damage|p1b: Palafin|88\/100|[from] ability: Rough Skin|[of] p2b: Garchomp\n|faint|p2b: Garchomp\n|-damage|p1b: Palafin|74\/100|[from] Recoil\n|move|p1a: Gyarados|Thunder Wave|p2a: Gyarados|[miss]\n|-miss|p1a: Gyarados|p2a: Gyarados\n|move|p2a: Gyarados|Thunder Wave|p1b: Palafin|[miss]\n|-miss|p2a: Gyarados|p1b: Palafin\n|\n|-damage|p1a: Gyarados|3\/100 brn|[from] brn\n|upkeep\n|\n|t:|1683155291\n|switch|p2b: Flutter Mane|Flutter Mane, L50|66\/100\n|-status|p2b: Flutter Mane|psn\n|turn|8\n|\n|t:|1683155311\n|-terastallize|p2b: Flutter Mane|Grass\n|move|p1b: Palafin|Protect|p1b: Palafin\n|-singleturn|p1b: Palafin|Protect\n|move|p2b: Flutter Mane|Energy Ball|p1b: Palafin\n|-activate|p1b: Palafin|move: Protect\n|move|p1a: Gyarados|Waterfall|p2b: Flutter Mane\n|-resisted|p2b: Flutter Mane\n|-damage|p2b: Flutter Mane|56\/100 psn\n|move|p2a: Gyarados|Waterfall|p1a: Gyarados\n|-resisted|p1a: Gyarados\n|-crit|p1a: Gyarados\n|-damage|p1a: Gyarados|0 fnt\n|faint|p1a: Gyarados\n|\n|-damage|p2b: Flutter Mane|44\/100 psn|[from] psn\n|upkeep\n|turn|9\n|\n|t:|1683155334\n|move|p1b: Palafin|Jet Punch|p2b: Flutter Mane\n|-resisted|p2b: Flutter Mane\n|-damage|p2b: Flutter Mane|0 fnt\n|faint|p2b: Flutter Mane\n|-end|p2b: Flutter Mane|Protosynthesis|[silent]\n|cant|p2a: Gyarados|par\n|\n|upkeep\n|turn|10\n|\n|t:|1683155344\n|move|p1b: Palafin|Wave Crash|p2a: Gyarados\n|-resisted|p2a: Gyarados\n|-crit|p2a: Gyarados\n|-damage|p2a: Gyarados|9\/100 par\n|-damage|p1b: Palafin|44\/100|[from] Recoil\n|move|p2a: Gyarados|Waterfall|p1b: Palafin\n|-resisted|p1b: Palafin\n|-damage|p1b: Palafin|32\/100\n|\n|upkeep\n|turn|11\n|\n|t:|1683155355\n|move|p1b: Palafin|Jet Punch|p2a: Gyarados\n|-resisted|p2a: Gyarados\n|-damage|p2a: Gyarados|0 fnt\n|faint|p2a: Gyarados\n|\n|win|Lazza01\n|raw|Lazza01's rating: 1233 → 1265<\/strong> (+32 for winning)\n|raw|TGH_sr's rating: 1333 → 1307<\/strong> (-26 for losing)\n|l|\u2606Lazza01\n","uploadtime":1683155371,"views":8,"p1id":"lazza01","p2id":"tghsr","formatid":"gen9vgc2023regulationc","rating":1265,"private":0,"password":""}