{"id":"gen9vgc2023regulationc-1858393215","p1":"Tentacruel Man","p2":"ImprovedBore","format":"[Gen 9] VGC 2023 Regulation C","log":"|j|\u2606Tentacruel Man\n|j|\u2606ImprovedBore\n|t:|1683308149\n|gametype|doubles\n|player|p1|Tentacruel Man|102|1310\n|player|p2|ImprovedBore|gambler|1233\n|teamsize|p1|6\n|teamsize|p2|6\n|gen|9\n|tier|[Gen 9] VGC 2023 Regulation C\n|rated|\n|rule|Species Clause: Limit one of each Pok\u00e9mon\n|rule|Item Clause: Limit one of each item\n|clearpoke\n|poke|p1|Amoonguss, L50, M|\n|poke|p1|Iron Hands, L50|\n|poke|p1|Palafin, L50, M|\n|poke|p1|Flutter Mane, L50|\n|poke|p1|Talonflame, L50, F|\n|poke|p1|Garchomp, L50, F|\n|poke|p2|Iron Hands, L50|\n|poke|p2|Gyarados, L50, F|\n|poke|p2|Chi-Yu, L50|\n|poke|p2|Murkrow, L50, M|\n|poke|p2|Great Tusk, L50|\n|poke|p2|Flutter Mane, L50|\n|teampreview|4\nImprovedBore has agreed to open team sheets.\nTentacruel Man has agreed to open team sheets.\n|\n|t:|1683308246\n|start\n|switch|p1a: Talonflame|Talonflame, L50, F|100\/100\n|switch|p1b: Palafin|Palafin, L50, M|100\/100\n|switch|p2a: Murkrow|Murkrow, L50, M|100\/100\n|switch|p2b: Chi-Yu|Chi-Yu, L50|100\/100\n|-ability|p2b: Chi-Yu|Beads of Ruin\n|turn|1\n|\n|t:|1683308269\n|detailschange|p1b: Palafin|Palafin-Hero, L50, M\n|switch|p1b: Garchomp|Garchomp, L50, F|100\/100\n|-terastallize|p2b: Chi-Yu|Water\n|move|p1a: Talonflame|Tailwind|p1a: Talonflame\n|-sidestart|p1: Tentacruel Man|move: Tailwind\n|move|p2a: Murkrow|Tailwind|p2a: Murkrow\n|-sidestart|p2: ImprovedBore|move: Tailwind\n|move|p2b: Chi-Yu|Nasty Plot|p2b: Chi-Yu\n|-boost|p2b: Chi-Yu|spa|2\n|\n|upkeep\n|turn|2\n|\n|t:|1683308294\n|move|p1a: Talonflame|Brave Bird|p2b: Chi-Yu\n|-damage|p2b: Chi-Yu|61\/100\n|-damage|p1a: Talonflame|89\/100|[from] Recoil\n|move|p1b: Garchomp|Earthquake|p2a: Murkrow|[spread] p2b\n|-immune|p1a: Talonflame\n|-immune|p2a: Murkrow\n|-damage|p2b: Chi-Yu|16\/100\n|move|p2b: Chi-Yu|Dark Pulse|p1b: Garchomp\n|-damage|p1b: Garchomp|0 fnt\n|faint|p1b: Garchomp\n|move|p2a: Murkrow|Foul Play|p1a: Talonflame\n|-damage|p1a: Talonflame|50\/100\n|\n|upkeep\n|\n|t:|1683308313\n|switch|p1b: Flutter Mane|Flutter Mane, L50|100\/100\n|-enditem|p1b: Flutter Mane|Booster Energy\n|-activate|p1b: Flutter Mane|ability: Protosynthesis|[fromitem]\n|-start|p1b: Flutter Mane|protosynthesisspe\n|turn|3\n|\n|t:|1683308344\n|switch|p2a: Flutter Mane|Flutter Mane, L50|100\/100\n|-enditem|p2a: Flutter Mane|Booster Energy\n|-activate|p2a: Flutter Mane|ability: Protosynthesis|[fromitem]\n|-start|p2a: Flutter Mane|protosynthesisspa\n|move|p1b: Flutter Mane|Protect|p1b: Flutter Mane\n|-singleturn|p1b: Flutter Mane|Protect\n|move|p2b: Chi-Yu|Protect|p2b: Chi-Yu\n|-singleturn|p2b: Chi-Yu|Protect\n|move|p1a: Talonflame|Taunt|p2a: Flutter Mane\n|-start|p2a: Flutter Mane|move: Taunt\n|\n|upkeep\n|turn|4\n|\n|t:|1683308383\n|move|p1b: Flutter Mane|Substitute|p1b: Flutter Mane\n|-start|p1b: Flutter Mane|Substitute\n|-damage|p1b: Flutter Mane|76\/100\n|move|p1a: Talonflame|Brave Bird|p2b: Chi-Yu\n|-damage|p2b: Chi-Yu|0 fnt\n|faint|p2b: Chi-Yu\n|-damage|p1a: Talonflame|46\/100|[from] Recoil\n|move|p2a: Flutter Mane|Shadow Ball|p1b: Flutter Mane\n|-supereffective|p1b: Flutter Mane\n|-end|p1b: Flutter Mane|Substitute\n|\n|-sideend|p2: ImprovedBore|move: Tailwind\n|-sideend|p1: Tentacruel Man|move: Tailwind\n|upkeep\n|\n|t:|1683308391\n|switch|p2b: Gyarados|Gyarados, L50, F|100\/100\n|-ability|p2b: Gyarados|Intimidate|boost\n|-unboost|p1a: Talonflame|atk|1\n|-unboost|p1b: Flutter Mane|atk|1\n|turn|5\n|\n|t:|1683308417\n|switch|p2b: Murkrow|Murkrow, L50, M|100\/100\n|move|p1b: Flutter Mane|Shadow Ball|p2a: Flutter Mane\n|-supereffective|p2a: Flutter Mane\n|-damage|p2a: Flutter Mane|24\/100\n|-unboost|p2a: Flutter Mane|spd|1\n|move|p1a: Talonflame|Brave Bird|p2a: Flutter Mane\n|-damage|p2a: Flutter Mane|0 fnt\n|faint|p2a: Flutter Mane\n|-end|p2a: Flutter Mane|Protosynthesis|[silent]\n|-damage|p1a: Talonflame|40\/100|[from] Recoil\n|\n|upkeep\n|\n|t:|1683308429\n|switch|p2a: Gyarados|Gyarados, L50, F|100\/100\n|-ability|p2a: Gyarados|Intimidate|boost\n|-unboost|p1a: Talonflame|atk|1\n|-unboost|p1b: Flutter Mane|atk|1\n|turn|6\n|\n|t:|1683308454\n|move|p1b: Flutter Mane|Protect|p1b: Flutter Mane\n|-singleturn|p1b: Flutter Mane|Protect\n|move|p2b: Murkrow|Tailwind|p2b: Murkrow\n|-sidestart|p2: ImprovedBore|move: Tailwind\n|move|p2a: Gyarados|Waterfall|p1a: Talonflame\n|-supereffective|p1a: Talonflame\n|-damage|p1a: Talonflame|0 fnt\n|faint|p1a: Talonflame\n|\n|upkeep\n|\n|t:|1683308462\n|switch|p1a: Palafin|Palafin-Hero, L50, M|100\/100\n|-activate|p1a: Palafin|ability: Zero to Hero\n|turn|7\n|\n|t:|1683308491\n|-terastallize|p1b: Flutter Mane|Fairy\n|move|p1b: Flutter Mane|Dazzling Gleam|p2a: Gyarados|[spread] p2a,p2b\n|-supereffective|p2b: Murkrow\n|-damage|p2a: Gyarados|66\/100\n|-damage|p2b: Murkrow|14\/100\n|move|p2b: Murkrow|Foul Play|p1a: Palafin\n|-damage|p1a: Palafin|44\/100\n|move|p2a: Gyarados|Thunder Wave|p1b: Flutter Mane\n|-status|p1b: Flutter Mane|par\n|move|p1a: Palafin|Substitute|p1a: Palafin\n|-start|p1a: Palafin|Substitute\n|-damage|p1a: Palafin|19\/100\n|\n|upkeep\n|turn|8\n|\n|t:|1683308511\n|move|p1a: Palafin|Jet Punch|p2b: Murkrow\n|-damage|p2b: Murkrow|0 fnt\n|faint|p2b: Murkrow\n|move|p2a: Gyarados|Waterfall|p1b: Flutter Mane\n|-damage|p1b: Flutter Mane|11\/100 par\n|cant|p1b: Flutter Mane|par\n|\n|upkeep\n|turn|9\n|\n|t:|1683308526\n|move|p1b: Flutter Mane|Protect|p1b: Flutter Mane\n|-singleturn|p1b: Flutter Mane|Protect\n|move|p2a: Gyarados|Waterfall|p1b: Flutter Mane\n|-activate|p1b: Flutter Mane|move: Protect\n|move|p1a: Palafin|Wave Crash|p2a: Gyarados\n|-resisted|p2a: Gyarados\n|-damage|p2a: Gyarados|24\/100\n|-enditem|p2a: Gyarados|Sitrus Berry|[eat]\n|-heal|p2a: Gyarados|49\/100|[from] item: Sitrus Berry\n|-damage|p1a: Palafin|6\/100|[from] Recoil\n|\n|-sideend|p2: ImprovedBore|move: Tailwind\n|upkeep\n|turn|10\n|\n|t:|1683308543\n|cant|p1b: Flutter Mane|par\n|move|p1a: Palafin|Wave Crash|p2a: Gyarados\n|-resisted|p2a: Gyarados\n|-damage|p2a: Gyarados|2\/100\n|-damage|p1a: Palafin|0 fnt|[from] Recoil\n|faint|p1a: Palafin\n|move|p2a: Gyarados|Waterfall|p1b: Flutter Mane\n|-damage|p1b: Flutter Mane|0 fnt\n|faint|p1b: Flutter Mane\n|-end|p1b: Flutter Mane|Protosynthesis|[silent]\n|\n|win|ImprovedBore\n|raw|Tentacruel Man's rating: 1310 → 1286<\/strong> (-24 for losing)\n|raw|ImprovedBore's rating: 1233 → 1263<\/strong> (+30 for winning)\n|c|\u2606Tentacruel Man|Gg\n","uploadtime":1683308558,"views":10,"p1id":"tentacruelman","p2id":"improvedbore","formatid":"gen9vgc2023regulationc","rating":1263,"private":0,"password":""}