{"id":"gen9vgc2023regulationc-1864166040","p1":"LeChamp James","p2":"Geradifdorudini","format":"[Gen 9] VGC 2023 Regulation C","log":"|j|\u2606LeChamp James\n|j|\u2606Geradifdorudini\n|t:|1684128431\n|gametype|doubles\n|player|p1|LeChamp James|hoopster|1373\n|player|p2|Geradifdorudini|lucas|1260\n|teamsize|p1|6\n|teamsize|p2|6\n|gen|9\n|tier|[Gen 9] VGC 2023 Regulation C\n|rated|\n|rule|Species Clause: Limit one of each Pok\u00e9mon\n|rule|Item Clause: Limit one of each item\n|clearpoke\n|poke|p1|Ting-Lu, L50|\n|poke|p1|Arcanine, L50, M|\n|poke|p1|Palafin, L50, M|\n|poke|p1|Amoonguss, L50, M|\n|poke|p1|Flutter Mane, L50|\n|poke|p1|Garganacl, L50, M|\n|poke|p2|Garchomp, L50, F|\n|poke|p2|Corviknight, L50, M|\n|poke|p2|Flutter Mane, L50|\n|poke|p2|Chi-Yu, L50|\n|poke|p2|Gyarados, L50, F|\n|poke|p2|Amoonguss, L50, F|\n|teampreview|4\n|inactive|Battle timer is ON: inactive players will automatically lose when time's up. (requested by LeChamp James)\n|\n|t:|1684128487\n|start\n|switch|p1a: Palafin|Palafin, L50, M, shiny|100\/100\n|switch|p1b: Garganacl|Garganacl, L50, M, shiny|100\/100\n|switch|p2a: Corviknight|Corviknight, L50, M|100\/100\n|switch|p2b: Gyarados|Gyarados, L50, F|100\/100\n|-ability|p2b: Gyarados|Intimidate|boost\n|-unboost|p1a: Palafin|atk|1\n|-unboost|p1b: Garganacl|atk|1\n|turn|1\n|inactive|LeChamp James has 30 seconds left.\n|inactive|Geradifdorudini has 30 seconds left.\n|\n|t:|1684128518\n|detailschange|p1a: Palafin|Palafin-Hero, L50, M, shiny\n|switch|p1a: Arcanine|Arcanine, L50, M, shiny|100\/100\n|-ability|p1a: Arcanine|Intimidate|boost\n|-ability|p2a: Corviknight|Mirror Armor\n|-unboost|p1a: Arcanine|atk|1\n|-unboost|p2b: Gyarados|atk|1\n|-terastallize|p1b: Garganacl|Water\n|move|p2b: Gyarados|Waterfall|p1b: Garganacl\n|-resisted|p1b: Garganacl\n|-damage|p1b: Garganacl|93\/100\n|move|p2a: Corviknight|Tailwind|p2a: Corviknight\n|-sidestart|p2: Geradifdorudini|move: Tailwind\n|cant|p1b: Garganacl|flinch\n|\n|-heal|p1b: Garganacl|99\/100|[from] item: Leftovers\n|upkeep\n|turn|2\n|\n|t:|1684128542\n|move|p2b: Gyarados|Waterfall|p1a: Arcanine\n|-supereffective|p1a: Arcanine\n|-damage|p1a: Arcanine|49\/100\n|move|p2a: Corviknight|Brave Bird|p1a: Arcanine\n|-damage|p1a: Arcanine|0 fnt\n|faint|p1a: Arcanine\n|-damage|p2a: Corviknight|85\/100|[from] Recoil\n|move|p1b: Garganacl|Iron Defense|p1b: Garganacl\n|-boost|p1b: Garganacl|def|2\n|\n|-heal|p1b: Garganacl|100\/100|[from] item: Leftovers\n|upkeep\n|\n|t:|1684128556\n|switch|p1a: Palafin|Palafin-Hero, L50, M, shiny|100\/100\n|-activate|p1a: Palafin|ability: Zero to Hero\n|turn|3\n|\n|t:|1684128570\n|switch|p2b: Flutter Mane|Flutter Mane, L50|100\/100\n|-enditem|p2b: Flutter Mane|Booster Energy\n|-activate|p2b: Flutter Mane|ability: Protosynthesis|[fromitem]\n|-start|p2b: Flutter Mane|protosynthesisspa\n|move|p1a: Palafin|Protect|p1a: Palafin\n|-singleturn|p1a: Palafin|Protect\n|move|p2a: Corviknight|Brave Bird|p1a: Palafin\n|-activate|p1a: Palafin|move: Protect\n|move|p1b: Garganacl|Salt Cure|p2a: Corviknight\n|-damage|p2a: Corviknight|78\/100\n|-start|p2a: Corviknight|Salt Cure\n|\n|-damage|p2a: Corviknight|53\/100|[from] Salt Cure\n|upkeep\n|turn|4\n|\n|t:|1684128590\n|-end|p2b: Flutter Mane|Protosynthesis|[silent]\n|switch|p2b: Gyarados|Gyarados, L50, F|100\/100\n|-ability|p2b: Gyarados|Intimidate|boost\n|-unboost|p1a: Palafin|atk|1\n|-unboost|p1b: Garganacl|atk|1\n|switch|p2a: Chi-Yu|Chi-Yu, L50|100\/100\n|-ability|p2a: Chi-Yu|Beads of Ruin\n|switch|p1a: Amoonguss|Amoonguss, L50, M, shiny|100\/100\n|move|p1b: Garganacl|Salt Cure|p2b: Gyarados\n|-supereffective|p2b: Gyarados\n|-damage|p2b: Gyarados|88\/100\n|-start|p2b: Gyarados|Salt Cure\n|\n|-damage|p2b: Gyarados|63\/100|[from] Salt Cure\n|-sideend|p2: Geradifdorudini|move: Tailwind\n|upkeep\n|turn|5\n|inactive|LeChamp James has 30 seconds left.\n|\n|t:|1684128620\n|-terastallize|p2a: Chi-Yu|Grass\n|move|p2a: Chi-Yu|Tera Blast|p1b: Garganacl\n|-supereffective|p1b: Garganacl\n|-damage|p1b: Garganacl|5\/100\n|-damage|p2a: Chi-Yu|91\/100|[from] item: Life Orb\n|move|p2b: Gyarados|Taunt|p1a: Amoonguss\n|-start|p1a: Amoonguss|move: Taunt\n|move|p1b: Garganacl|Salt Cure|p2a: Chi-Yu\n|-damage|p2a: Chi-Yu|80\/100\n|-start|p2a: Chi-Yu|Salt Cure\n|cant|p1a: Amoonguss|move: Taunt|Spore\n|\n|-heal|p1b: Garganacl|11\/100|[from] item: Leftovers\n|-damage|p2a: Chi-Yu|68\/100|[from] Salt Cure\n|-damage|p2b: Gyarados|38\/100|[from] Salt Cure\n|upkeep\n|-enditem|p2b: Gyarados|Sitrus Berry|[eat]\n|-heal|p2b: Gyarados|63\/100|[from] item: Sitrus Berry\n|turn|6\n|inactive|LeChamp James has 30 seconds left.\n|\n|t:|1684128652\n|move|p2b: Gyarados|Helping Hand|p2a: Chi-Yu\n|-singleturn|p2a: Chi-Yu|Helping Hand|[of] p2b: Gyarados\n|move|p1b: Garganacl|Protect|p1b: Garganacl\n|-singleturn|p1b: Garganacl|Protect\n|move|p2a: Chi-Yu|Heat Wave|p1a: Amoonguss|[spread] p1a\n|-activate|p1b: Garganacl|move: Protect\n|-supereffective|p1a: Amoonguss\n|-damage|p1a: Amoonguss|0 fnt\n|faint|p1a: Amoonguss\n|-damage|p2a: Chi-Yu|59\/100|[from] item: Life Orb\n|\n|-heal|p1b: Garganacl|16\/100|[from] item: Leftovers\n|-damage|p2a: Chi-Yu|47\/100|[from] Salt Cure\n|-damage|p2b: Gyarados|38\/100|[from] Salt Cure\n|upkeep\n|\n|t:|1684128669\n|switch|p1a: Palafin|Palafin-Hero, L50, M, shiny|100\/100\n|turn|7\n|\n|t:|1684128684\n|move|p1a: Palafin|Jet Punch|p2a: Chi-Yu\n|-resisted|p2a: Chi-Yu\n|-damage|p2a: Chi-Yu|8\/100\n|move|p2a: Chi-Yu|Tera Blast|p1a: Palafin\n|-supereffective|p1a: Palafin\n|-damage|p1a: Palafin|0 fnt\n|faint|p1a: Palafin\n|-damage|p2a: Chi-Yu|0 fnt|[from] item: Life Orb\n|faint|p2a: Chi-Yu\n|move|p2b: Gyarados|Thunder Wave|p1b: Garganacl\n|-immune|p1b: Garganacl|[from] ability: Purifying Salt\n|move|p1b: Garganacl|Recover|p1b: Garganacl\n|-heal|p1b: Garganacl|67\/100\n|\n|-heal|p1b: Garganacl|72\/100|[from] item: Leftovers\n|-damage|p2b: Gyarados|13\/100|[from] Salt Cure\n|upkeep\n|\n|t:|1684128699\n|switch|p2a: Flutter Mane|Flutter Mane, L50|100\/100\n|turn|8\n|\n|t:|1684128709\n|move|p1b: Garganacl|Protect|p1b: Garganacl\n|-singleturn|p1b: Garganacl|Protect\n|move|p2a: Flutter Mane|Thunderbolt|p1b: Garganacl\n|-activate|p1b: Garganacl|move: Protect\n|move|p2b: Gyarados|Taunt|p1b: Garganacl\n|-activate|p1b: Garganacl|move: Protect\n|\n|-heal|p1b: Garganacl|78\/100|[from] item: Leftovers\n|-damage|p2b: Gyarados|0 fnt|[from] Salt Cure\n|faint|p2b: Gyarados\n|upkeep\n|\n|t:|1684128712\n|switch|p2b: Corviknight|Corviknight, L50, M|53\/100\n|turn|9\n|\n|t:|1684128725\n|move|p2a: Flutter Mane|Thunderbolt|p1b: Garganacl\n|-supereffective|p1b: Garganacl\n|-damage|p1b: Garganacl|36\/100\n|move|p2b: Corviknight|Brave Bird|p1b: Garganacl\n|-damage|p1b: Garganacl|21\/100\n|-damage|p2b: Corviknight|48\/100|[from] Recoil\n|move|p1b: Garganacl|Recover|p1b: Garganacl\n|-heal|p1b: Garganacl|71\/100\n|\n|-heal|p1b: Garganacl|77\/100|[from] item: Leftovers\n|upkeep\n|turn|10\n|\n|t:|1684128740\n|move|p1b: Garganacl|Protect|p1b: Garganacl\n|-singleturn|p1b: Garganacl|Protect\n|move|p2a: Flutter Mane|Thunderbolt|p1b: Garganacl\n|-activate|p1b: Garganacl|move: Protect\n|move|p2b: Corviknight|Brave Bird|p1b: Garganacl\n|-activate|p1b: Garganacl|move: Protect\n|\n|-heal|p1b: Garganacl|83\/100|[from] item: Leftovers\n|upkeep\n|turn|11\n|\n|t:|1684128751\n|move|p2a: Flutter Mane|Thunderbolt|p1b: Garganacl\n|-supereffective|p1b: Garganacl\n|-crit|p1b: Garganacl\n|-damage|p1b: Garganacl|17\/100\n|move|p2b: Corviknight|Brave Bird|p1b: Garganacl\n|-damage|p1b: Garganacl|0 fnt\n|faint|p1b: Garganacl\n|-damage|p2b: Corviknight|42\/100|[from] Recoil\n|\n|win|Geradifdorudini\n|raw|LeChamp James's rating: 1373 → 1347<\/strong> (-26 for losing)\n|raw|Geradifdorudini's rating: 1260 → 1293<\/strong> (+33 for winning)\n|l|\u2606LeChamp James\n","uploadtime":1684128763,"views":7,"p1id":"lechampjames","p2id":"geradifdorudini","formatid":"gen9vgc2023regulationc","rating":1293,"private":0,"password":""}