{"id":"gen9vgc2023regulationc-1852016714","p1":"Tilzie","p2":"Barbie120","format":"[Gen 9] VGC 2023 Regulation C","log":"|j|\u2606Tilzie\n|j|\u2606Barbie120\n|t:|1682517023\n|gametype|doubles\n|player|p1|Tilzie|170|1495\n|player|p2|Barbie120|drayden|1530\n|teamsize|p1|6\n|teamsize|p2|6\n|gen|9\n|tier|[Gen 9] VGC 2023 Regulation C\n|rated|\n|rule|Species Clause: Limit one of each Pok\u00e9mon\n|rule|Item Clause: Limit one of each item\n|clearpoke\n|poke|p1|Dondozo, L50, F|\n|poke|p1|Tatsugiri, L50, M|\n|poke|p1|Pelipper, L50, F|\n|poke|p1|Drednaw, L50, F|\n|poke|p1|Chien-Pao, L50|\n|poke|p1|Dragonite, L50, F|\n|poke|p2|Indeedee-F, L50, F|\n|poke|p2|Chi-Yu, L50|\n|poke|p2|Arcanine, L50, M|\n|poke|p2|Flutter Mane, L50|\n|poke|p2|Baxcalibur, L50, M|\n|poke|p2|Corviknight, L50, F|\n|teampreview|4\nTilzie rejected open team sheets.\n|inactive|Battle timer is ON: inactive players will automatically lose when time's up. (requested by Tilzie)\n|\n|t:|1682517049\n|start\n|switch|p1a: Pelipper|Pelipper, L50, F|100\/100\n|switch|p1b: Drednaw|Drednaw, L50, F|100\/100\n|switch|p2a: Flutter Mane|Flutter Mane, L50|100\/100\n|switch|p2b: Arcanine|Arcanine, L50, M|100\/100\n|-ability|p2b: Arcanine|Intimidate|boost\n|-unboost|p1a: Pelipper|atk|1\n|-unboost|p1b: Drednaw|atk|1\n|-weather|RainDance|[from] ability: Drizzle|[of] p1a: Pelipper\n|-enditem|p2a: Flutter Mane|Booster Energy\n|-activate|p2a: Flutter Mane|ability: Protosynthesis|[fromitem]\n|-start|p2a: Flutter Mane|protosynthesisspe\n|turn|1\n|\n|t:|1682517069\n|-terastallize|p1a: Pelipper|Steel\n|move|p2b: Arcanine|Extreme Speed|p1a: Pelipper\n|-resisted|p1a: Pelipper\n|-damage|p1a: Pelipper|89\/100\n|move|p2a: Flutter Mane|Thunderbolt|p1b: Drednaw\n|-supereffective|p1b: Drednaw\n|-damage|p1b: Drednaw|11\/100\n|move|p1b: Drednaw|Rock Slide|p2b: Arcanine|[spread] p2a\n|-miss|p1b: Drednaw|p2b: Arcanine\n|-damage|p2a: Flutter Mane|39\/100\n|move|p1a: Pelipper|Tailwind|p1a: Pelipper\n|-sidestart|p1: Tilzie|move: Tailwind\n|\n|-weather|RainDance|[upkeep]\n|upkeep\n|turn|2\n|j| THUNDERSND77\n|\n|t:|1682517087\n|switch|p1b: Tatsugiri|Tatsugiri, L50, M|100\/100\n|switch|p1a: Dondozo|Dondozo, L50, F|100\/100\n|-activate|p1b: Tatsugiri|ability: Commander|[of] p1a: Dondozo\n|-boost|p1a: Dondozo|atk|2\n|-boost|p1a: Dondozo|spa|2\n|-boost|p1a: Dondozo|spe|2\n|-boost|p1a: Dondozo|def|2\n|-boost|p1a: Dondozo|spd|2\n|move|p2b: Arcanine|Extreme Speed|p1b: Tatsugiri|[miss]\n|-miss|p2b: Arcanine|p1b: Tatsugiri\n|move|p2a: Flutter Mane|Shadow Ball|p1a: Dondozo\n|-damage|p1a: Dondozo|78\/100\n|\n|-weather|RainDance|[upkeep]\n|upkeep\n|turn|3\n|\n|t:|1682517099\n|switch|p2b: Corviknight|Corviknight, L50, F|100\/100\n|move|p1a: Dondozo|Surf|p2a: Flutter Mane|[spread] p2a,p2b\n|-miss|p1a: Dondozo|p1b: Tatsugiri\n|-damage|p2a: Flutter Mane|0 fnt\n|-damage|p2b: Corviknight|25\/100\n|faint|p2a: Flutter Mane\n|-end|p2a: Flutter Mane|Protosynthesis|[silent]\n|-damage|p1a: Dondozo|68\/100|[from] item: Life Orb\n|\n|-weather|RainDance|[upkeep]\n|-heal|p2b: Corviknight|32\/100|[from] item: Leftovers\n|upkeep\n|\n|t:|1682517112\n|switch|p2a: Baxcalibur|Baxcalibur, L50, M|100\/100\n|turn|4\n|\n|t:|1682517119\n|move|p2b: Corviknight|Protect|p2b: Corviknight\n|-singleturn|p2b: Corviknight|Protect\n|move|p1a: Dondozo|Surf|p2a: Baxcalibur|[spread] p2a\n|-miss|p1a: Dondozo|p1b: Tatsugiri\n|-activate|p2b: Corviknight|move: Protect\n|-resisted|p2a: Baxcalibur\n|-crit|p2a: Baxcalibur\n|-damage|p2a: Baxcalibur|60\/100\n|-damage|p1a: Dondozo|58\/100|[from] item: Life Orb\n|move|p2a: Baxcalibur|Glaive Rush|p1a: Dondozo\n|-damage|p1a: Dondozo|32\/100\n|-singlemove|p2a: Baxcalibur|Glaive Rush|[silent]\n|\n|-weather|RainDance|[upkeep]\n|-heal|p2b: Corviknight|38\/100|[from] item: Leftovers\n|-sideend|p1: Tilzie|move: Tailwind\n|upkeep\n|turn|5\n|\n|t:|1682517139\n|switch|p2a: Arcanine|Arcanine, L50, M|100\/100\n|-ability|p2a: Arcanine|Intimidate|boost\n|-unboost|p1a: Dondozo|atk|1\n|-unboost|p1b: Tatsugiri|atk|1\n|move|p1a: Dondozo|Surf|p2a: Arcanine|[spread] p2a,p2b\n|-miss|p1a: Dondozo|p1b: Tatsugiri\n|-supereffective|p2a: Arcanine\n|-damage|p2a: Arcanine|0 fnt\n|-damage|p2b: Corviknight|0 fnt\n|faint|p2a: Arcanine\n|faint|p2b: Corviknight\n|-damage|p1a: Dondozo|22\/100|[from] item: Life Orb\n|\n|-weather|RainDance|[upkeep]\n|upkeep\n|\n|t:|1682517147\n|switch|p2b: Baxcalibur|Baxcalibur, L50, M|60\/100\n|turn|6\n|\n|t:|1682517153\n|move|p1a: Dondozo|Wave Crash|p2b: Baxcalibur\n|-resisted|p2b: Baxcalibur\n|-damage|p2b: Baxcalibur|5\/100\n|-damage|p1a: Dondozo|6\/100|[from] Recoil\n|-damage|p1a: Dondozo|0 fnt|[from] item: Life Orb\n|faint|p1a: Dondozo\n|move|p2b: Baxcalibur|Glaive Rush|p1b: Tatsugiri\n|-supereffective|p1b: Tatsugiri\n|-damage|p1b: Tatsugiri|0 fnt\n|-singlemove|p2b: Baxcalibur|Glaive Rush|[silent]\n|faint|p1b: Tatsugiri\n|\n|-weather|RainDance|[upkeep]\n|upkeep\n|\n|t:|1682517157\n|switch|p1b: Drednaw|Drednaw, L50, F|11\/100\n|switch|p1a: Pelipper|Pelipper, L50, F, tera:Steel|89\/100\n|turn|7\n|\n|t:|1682517163\n|move|p2b: Baxcalibur|Ice Shard|p1b: Drednaw\n|-resisted|p1b: Drednaw\n|-damage|p1b: Drednaw|0 fnt\n|faint|p1b: Drednaw\n|move|p1a: Pelipper|Hurricane|p2b: Baxcalibur\n|-damage|p2b: Baxcalibur|0 fnt\n|faint|p2b: Baxcalibur\n|\n|win|Tilzie\n|raw|Tilzie's rating: 1495 → 1517<\/strong> (+22 for winning)\n|raw|Barbie120's rating: 1530 → 1508<\/strong> (-22 for losing)\n","uploadtime":1682517176,"views":13,"p1id":"tilzie","p2id":"barbie120","formatid":"gen9vgc2023regulationc","rating":1508,"private":0,"password":""}