{"id":"gen9vgc2023regulationc-1862941892","p1":"SpadesHS","p2":"marcschnei","format":"[Gen 9] VGC 2023 Regulation C","log":"|j|\u2606SpadesHS\n|j|\u2606marcschnei\n|t:|1683941557\n|gametype|doubles\n|player|p1|SpadesHS|n|\n|player|p2|marcschnei|101|\n|teamsize|p1|6\n|teamsize|p2|6\n|gen|9\n|tier|[Gen 9] VGC 2023 Regulation C\n|rule|Species Clause: Limit one of each Pok\u00e9mon\n|rule|Item Clause: Limit one of each item\n|clearpoke\n|poke|p1|Amoonguss, L50, F|\n|poke|p1|Palafin, L50, M|\n|poke|p1|Arcanine, L50, M|\n|poke|p1|Ting-Lu, L50|\n|poke|p1|Kingambit, L50, M|\n|poke|p1|Flutter Mane, L50|\n|poke|p2|Tauros-Paldea-Blaze, L50, M|\n|poke|p2|Honchkrow, L50, M|\n|poke|p2|Gothorita, L50, M|\n|poke|p2|Lumineon, L50, M|\n|poke|p2|Salamence, L50, F|\n|poke|p2|Staraptor, L50, M|\n|teampreview|4\n|\n|t:|1683941586\n|start\n|switch|p1a: Magnus|Kingambit, L50, M|100\/100\n|switch|p1b: Fun Police|Arcanine, L50, M|100\/100\n|switch|p2a: Tauros|Tauros-Paldea-Blaze, L50, M|100\/100\n|switch|p2b: Honchkrow|Honchkrow, L50, M|100\/100\n|-ability|p1b: Fun Police|Intimidate|boost\n|-unboost|p2a: Tauros|atk|1\n|-unboost|p2b: Honchkrow|atk|1\n|turn|1\n|\n|t:|1683941613\n|-terastallize|p2a: Tauros|Ground\n|move|p1a: Magnus|Protect|p1a: Magnus\n|-singleturn|p1a: Magnus|Protect\n|move|p2b: Honchkrow|Sucker Punch|p2a: Tauros\n|-damage|p2a: Tauros|70\/100\n|move|p2a: Tauros|Earthquake|p1a: Magnus|[spread] p1b\n|-activate|p1a: Magnus|move: Protect\n|-immune|p2b: Honchkrow\n|-supereffective|p1b: Fun Police\n|-damage|p1b: Fun Police|41\/100\n|-damage|p2a: Tauros|60\/100|[from] item: Life Orb\n|move|p1b: Fun Police|Howl|p1b: Fun Police|[spread] p1a,p1b\n|-boost|p1a: Magnus|atk|1\n|-boost|p1b: Fun Police|atk|1\n|\n|upkeep\n|turn|2\n|\n|t:|1683941646\n|move|p1a: Magnus|Sucker Punch|p2a: Tauros\n|-damage|p2a: Tauros|0 fnt\n|faint|p2a: Tauros\n|move|p2b: Honchkrow|Brave Bird|p1b: Fun Police\n|-damage|p1b: Fun Police|0 fnt\n|faint|p1b: Fun Police\n|-damage|p2b: Honchkrow|86\/100|[from] Recoil\n|\n|upkeep\n|\n|t:|1683941656\n|switch|p2a: Gothorita|Gothorita, L50, M|100\/100\n|switch|p1b: Timeline|Flutter Mane, L50|100\/100\n|turn|3\n|\n|t:|1683941678\n|-terastallize|p1b: Timeline|Fairy\n|move|p2a: Gothorita|Fake Out|p1a: Magnus\n|-resisted|p1a: Magnus\n|-damage|p1a: Magnus|99\/100\n|move|p2b: Honchkrow|Sucker Punch|p1b: Timeline\n|-resisted|p1b: Timeline\n|-crit|p1b: Timeline\n|-damage|p1b: Timeline|63\/100\n|move|p1b: Timeline|Moonblast|p2b: Honchkrow\n|-supereffective|p2b: Honchkrow\n|-damage|p2b: Honchkrow|0 fnt\n|faint|p2b: Honchkrow\n|cant|p1a: Magnus|flinch\n|\n|upkeep\n|\n|t:|1683941687\n|switch|p2b: Salamence|Salamence, L50, F|100\/100\n|-ability|p2b: Salamence|Intimidate|boost\n|-unboost|p1a: Magnus|atk|1\n|-ability|p1a: Magnus|Defiant|boost\n|-boost|p1a: Magnus|atk|2\n|-unboost|p1b: Timeline|atk|1\n|turn|4\n|\n|t:|1683941710\n|move|p2b: Salamence|Protect|p2b: Salamence\n|-singleturn|p2b: Salamence|Protect\n|move|p1b: Timeline|Moonblast|p2b: Salamence\n|-activate|p2b: Salamence|move: Protect\n|move|p2a: Gothorita|Foul Play|p1a: Magnus\n|-resisted|p1a: Magnus\n|-damage|p1a: Magnus|73\/100\n|move|p1a: Magnus|Kowtow Cleave|p2a: Gothorita\n|-supereffective|p2a: Gothorita\n|-crit|p2a: Gothorita\n|-damage|p2a: Gothorita|0 fnt\n|faint|p2a: Gothorita\n|\n|upkeep\n|turn|5\n|\n|t:|1683941724\n|move|p1a: Magnus|Sucker Punch|p2b: Salamence\n|-damage|p2b: Salamence|0 fnt\n|faint|p2b: Salamence\n|\n|win|SpadesHS\n|l|\u2606marcschnei\n|j|\u2606marcschnei\n|player|p2|marcschnei|101\n|l|\u2606marcschnei\n|player|p2|\n","uploadtime":1683941817,"views":10,"p1id":"spadeshs","p2id":"marcschnei","formatid":"gen9vgc2023regulationc","rating":0,"private":0,"password":""}