{"id":"gen9vgc2023regulationc-1853531708","p1":"Superkrunk","p2":"Nehzzy","format":"[Gen 9] VGC 2023 Regulation C","log":"|j|\u2606Superkrunk\n|j|\u2606Nehzzy\n|t:|1682693935\n|gametype|doubles\n|player|p1|Superkrunk|veteran|1212\n|player|p2|Nehzzy|steven|1293\n|teamsize|p1|6\n|teamsize|p2|6\n|gen|9\n|tier|[Gen 9] VGC 2023 Regulation C\n|rated|\n|rule|Species Clause: Limit one of each Pok\u00e9mon\n|rule|Item Clause: Limit one of each item\n|clearpoke\n|poke|p1|Chi-Yu, L50|\n|poke|p1|Iron Hands, L50|\n|poke|p1|Grimmsnarl, L50, M|\n|poke|p1|Gastrodon, L50, M|\n|poke|p1|Flutter Mane, L50|\n|poke|p1|Corviknight, L50, F|\n|poke|p2|Orthworm, L50, F|\n|poke|p2|Garchomp, L50, M|\n|poke|p2|Talonflame, L50, F|\n|poke|p2|Tyranitar, L50, M|\n|poke|p2|Rotom-Mow, L50|\n|poke|p2|Maushold-Four, L50|\n|teampreview|4\nNehzzy has agreed to open team sheets.\n|inactive|Battle timer is ON: inactive players will automatically lose when time's up. (requested by Superkrunk)\n|\n|t:|1682693980\n|start\n|switch|p1a: Corviknight|Corviknight, L50, F|100\/100\n|switch|p1b: Chi-Yu|Chi-Yu, L50|100\/100\n|switch|p2a: Maushold|Maushold-Four, L50|100\/100\n|switch|p2b: Tyranitar|Tyranitar, L50, M|100\/100\n|-ability|p1b: Chi-Yu|Beads of Ruin\n|-weather|Sandstorm|[from] ability: Sand Stream|[of] p2b: Tyranitar\n|turn|1\n|\n|t:|1682693998\n|-terastallize|p2b: Tyranitar|Ground\n|move|p1b: Chi-Yu|Protect|p1b: Chi-Yu\n|-singleturn|p1b: Chi-Yu|Protect\n|move|p2a: Maushold|Super Fang|p1a: Corviknight\n|-damage|p1a: Corviknight|50\/100\n|-enditem|p1a: Corviknight|Sitrus Berry|[eat]\n|-heal|p1a: Corviknight|75\/100|[from] item: Sitrus Berry\n|move|p1a: Corviknight|Body Press|p2b: Tyranitar\n|-damage|p2b: Tyranitar|87\/100\n|move|p2b: Tyranitar|Rock Slide|p1b: Chi-Yu|[spread] p1a\n|-activate|p1b: Chi-Yu|move: Protect\n|-damage|p1a: Corviknight|53\/100\n|\n|-weather|Sandstorm|[upkeep]\n|-damage|p1b: Chi-Yu|94\/100|[from] Sandstorm\n|upkeep\n|turn|2\n|inactive|Superkrunk has 30 seconds left.\n|inactive|Nehzzy has 30 seconds left.\n|\n|t:|1682694031\n|move|p2a: Maushold|Follow Me|p2a: Maushold\n|-singleturn|p2a: Maushold|move: Follow Me\n|move|p1b: Chi-Yu|Dark Pulse|p2a: Maushold\n|-damage|p2a: Maushold|9\/100\n|-damage|p1b: Chi-Yu|84\/100|[from] item: Life Orb\n|move|p1a: Corviknight|Brave Bird|p2a: Maushold\n|-damage|p2a: Maushold|0 fnt\n|faint|p2a: Maushold\n|-damage|p1a: Corviknight|51\/100|[from] Recoil\n|move|p2b: Tyranitar|Rock Slide|p1a: Corviknight|[spread] p1a,p1b\n|-supereffective|p1b: Chi-Yu\n|-damage|p1a: Corviknight|30\/100\n|-damage|p1b: Chi-Yu|0 fnt\n|faint|p1b: Chi-Yu\n|\n|-weather|Sandstorm|[upkeep]\n|upkeep\n|\n|t:|1682694050\n|switch|p2a: Orthworm|Orthworm, L50, F|100\/100\n|switch|p1b: Flutter Mane|Flutter Mane, L50|100\/100\n|turn|3\n|\n|t:|1682694062\n|move|p1b: Flutter Mane|Shadow Ball|p2a: Orthworm\n|-damage|p2a: Orthworm|49\/100\n|-unboost|p2a: Orthworm|spd|1\n|move|p1a: Corviknight|Roost|p1a: Corviknight\n|-heal|p1a: Corviknight|80\/100\n|-singleturn|p1a: Corviknight|move: Roost\n|move|p2a: Orthworm|Iron Head|p1b: Flutter Mane\n|-supereffective|p1b: Flutter Mane\n|-enditem|p1b: Flutter Mane|Focus Sash\n|-damage|p1b: Flutter Mane|1\/100\n|move|p2b: Tyranitar|Earthquake|p1a: Corviknight|[spread] p1a,p1b\n|-heal|p2a: Orthworm|74\/100|[from] ability: Earth Eater|[of] p2b: Tyranitar\n|-supereffective|p1a: Corviknight\n|-damage|p1a: Corviknight|22\/100\n|-damage|p1b: Flutter Mane|0 fnt\n|faint|p1b: Flutter Mane\n|-end|p1b: Flutter Mane|Protosynthesis|[silent]\n|\n|-weather|Sandstorm|[upkeep]\n|-heal|p2a: Orthworm|80\/100|[from] item: Leftovers\n|upkeep\n|\n|t:|1682694086\n|switch|p1b: Iron Hands|Iron Hands, L50|100\/100\n|turn|4\n|\n|t:|1682694097\n|move|p1a: Corviknight|Brave Bird|p2b: Tyranitar\n|-damage|p2b: Tyranitar|59\/100\n|-damage|p1a: Corviknight|12\/100|[from] Recoil\n|move|p2a: Orthworm|Shed Tail|p2a: Orthworm\n|-start|p2a: Orthworm|Substitute|[from] move: Shed Tail\n|-damage|p2a: Orthworm|29\/100\n|\n|t:|1682694103\n|switch|p2a: Rotom|Rotom-Mow, L50|100\/100|[from] Shed Tail\n|move|p2b: Tyranitar|Earthquake|p1a: Corviknight|[spread] p1b\n|-immune|p2a: Rotom|[from] ability: Levitate\n|-immune|p1a: Corviknight\n|-supereffective|p1b: Iron Hands\n|-damage|p1b: Iron Hands|39\/100\n|move|p1b: Iron Hands|Drain Punch|p2a: Rotom\n|-end|p2a: Rotom|Substitute\n|-heal|p1b: Iron Hands|48\/100|[from] drain|[of] p2a: Rotom\n|\n|-weather|Sandstorm|[upkeep]\n|-damage|p2a: Rotom|95\/100|[from] Sandstorm\n|-damage|p1b: Iron Hands|42\/100|[from] Sandstorm\n|upkeep\n|turn|5\n|c|\u2606Nehzzy|Gg\n|\n|t:|1682694127\n|move|p2a: Rotom|Discharge|p1b: Iron Hands|[spread] p1a,p1b\n|-immune|p2b: Tyranitar\n|-supereffective|p1a: Corviknight\n|-resisted|p1b: Iron Hands\n|-damage|p1a: Corviknight|0 fnt\n|-damage|p1b: Iron Hands|35\/100\n|faint|p1a: Corviknight\n|move|p2b: Tyranitar|Earthquake|p1b: Iron Hands|[spread] p1b\n|-immune|p2a: Rotom|[from] ability: Levitate\n|-supereffective|p1b: Iron Hands\n|-damage|p1b: Iron Hands|0 fnt\n|faint|p1b: Iron Hands\n|-end|p1b: Iron Hands|Quark Drive|[silent]\n|\n|win|Nehzzy\n|raw|Superkrunk's rating: 1212 → 1193<\/strong> (-19 for losing)\n|raw|Nehzzy's rating: 1293 → 1312<\/strong> (+19 for winning)\n","uploadtime":1682694142,"views":14,"p1id":"superkrunk","p2id":"nehzzy","formatid":"gen9vgc2023regulationc","rating":1193,"private":0,"password":""}