{"id":"gen9vgc2023regulationc-1847527461","p1":"shu795","p2":"GB Seraphix","format":"[Gen 9] VGC 2023 Regulation C","log":"|j|\u2606shu795\n|j|\u2606GB Seraphix\n|t:|1681967645\n|gametype|doubles\n|player|p1|shu795|102|1214\n|player|p2|GB Seraphix|rosa|1264\n|teamsize|p1|6\n|teamsize|p2|6\n|gen|9\n|tier|[Gen 9] VGC 2023 Regulation C\n|rated|\n|rule|Species Clause: Limit one of each Pok\u00e9mon\n|rule|Item Clause: Limit one of each item\n|clearpoke\n|poke|p1|Chi-Yu, L50|\n|poke|p1|Flutter Mane, L50|\n|poke|p1|Dondozo, L50, F|\n|poke|p1|Tatsugiri-Stretchy, L50, F|\n|poke|p1|Dragonite, L50, M|\n|poke|p1|Glimmora, L50, M|\n|poke|p2|Chi-Yu, L50|\n|poke|p2|Dachsbun, L50, F|\n|poke|p2|Flutter Mane, L50|\n|poke|p2|Baxcalibur, L50, M|\n|poke|p2|Amoonguss, L50, M|\n|poke|p2|Rotom-Wash, L50|\n|teampreview|4\n|inactive|Battle timer is ON: inactive players will automatically lose when time's up. (requested by GB Seraphix)\n|l|\u2606GB Seraphix\n|inactive|GB Seraphix disconnected and has a minute to reconnect!\n|player|p2|\n|inactive|shu795 has 60 seconds left.\n|\n|t:|1681967740\n|start\n|switch|p1a: Dondozo|Dondozo, L50, F|100\/100\n|switch|p1b: Chi-Yu|Chi-Yu, L50|100\/100\n|switch|p2a: Nemo|Chi-Yu, L50|100\/100\n|switch|p2b: Gardenia|Dachsbun, L50, F|100\/100\n|-ability|p2a: Nemo|Beads of Ruin\n|-ability|p1b: Chi-Yu|Beads of Ruin\n|turn|1\n|j|\u2606GB Seraphix\n|inactive|GB Seraphix reconnected and has 45 seconds left.\n|player|p2|GB Seraphix|rosa\n|inactive|shu795 has 30 seconds left.\n|inactive|GB Seraphix has 30 seconds left.\n|\n|t:|1681967771\n|move|p1b: Chi-Yu|Protect|p1b: Chi-Yu\n|-singleturn|p1b: Chi-Yu|Protect\n|move|p2a: Nemo|Lava Plume|p1b: Chi-Yu|[spread] p1a\n|-activate|p1b: Chi-Yu|move: Protect\n|-ability|p2b: Gardenia|Well-Baked Body|boost\n|-boost|p2b: Gardenia|def|2\n|-resisted|p1a: Dondozo\n|-damage|p1a: Dondozo|86\/100\n|-status|p1a: Dondozo|brn\n|move|p2b: Gardenia|Yawn||[still]\n|-fail|p2b: Gardenia\n|move|p1a: Dondozo|Yawn|p2b: Gardenia\n|-start|p2b: Gardenia|move: Yawn|[of] p1a: Dondozo\n|\n|-damage|p1a: Dondozo|80\/100 brn|[from] brn\n|upkeep\n|turn|2\n|inactive|shu795 has 30 seconds left.\n|inactive|GB Seraphix has 30 seconds left.\n|inactive|shu795 has 20 seconds left.\n|inactive|shu795 has 15 seconds left.\n|\n|t:|1681967813\n|move|p2a: Nemo|Lava Plume|p1b: Chi-Yu|[spread] p1a,p1b\n|-ability|p2b: Gardenia|Well-Baked Body|boost\n|-boost|p2b: Gardenia|def|2\n|-resisted|p1a: Dondozo\n|-resisted|p1b: Chi-Yu\n|-damage|p1a: Dondozo|67\/100 brn\n|-damage|p1b: Chi-Yu|84\/100\n|move|p1b: Chi-Yu|Dark Pulse|p2a: Nemo\n|-resisted|p2a: Nemo\n|-crit|p2a: Nemo\n|-damage|p2a: Nemo|64\/100\n|move|p2b: Gardenia|Yawn|p1b: Chi-Yu\n|-start|p1b: Chi-Yu|move: Yawn|[of] p2b: Gardenia\n|move|p1a: Dondozo|Yawn|p2a: Nemo\n|-start|p2a: Nemo|move: Yawn|[of] p1a: Dondozo\n|\n|-damage|p1a: Dondozo|61\/100 brn|[from] brn\n|-end|p2b: Gardenia|move: Yawn|[silent]\n|-status|p2b: Gardenia|slp\n|upkeep\n|turn|3\n|inactive|shu795 has 30 seconds left.\n|inactive|GB Seraphix has 30 seconds left.\n|\n|t:|1681967842\n|switch|p2a: Hanabishi|Rotom-Wash, L50|100\/100\n|switch|p1b: Flutter Mane|Flutter Mane, L50|100\/100\n|-enditem|p1b: Flutter Mane|Booster Energy\n|-activate|p1b: Flutter Mane|ability: Protosynthesis|[fromitem]\n|-start|p1b: Flutter Mane|protosynthesisspe\n|cant|p2b: Gardenia|slp\n|move|p1a: Dondozo|Yawn|p2a: Hanabishi\n|-start|p2a: Hanabishi|move: Yawn|[of] p1a: Dondozo\n|\n|-damage|p1a: Dondozo|54\/100 brn|[from] brn\n|upkeep\n|turn|4\n|\n|t:|1681967865\n|move|p1a: Dondozo|Protect|p1a: Dondozo\n|-singleturn|p1a: Dondozo|Protect\n|move|p1b: Flutter Mane|Hex|p2b: Gardenia\n|-crit|p2b: Gardenia\n|-damage|p2b: Gardenia|0 fnt\n|faint|p2b: Gardenia\n|move|p2a: Hanabishi|Thunderbolt|p1a: Dondozo\n|-activate|p1a: Dondozo|move: Protect\n|\n|-damage|p1a: Dondozo|48\/100 brn|[from] brn\n|-end|p2a: Hanabishi|move: Yawn|[silent]\n|-status|p2a: Hanabishi|slp\n|upkeep\n|-enditem|p1a: Dondozo|Sitrus Berry|[eat]\n|-heal|p1a: Dondozo|73\/100 brn|[from] item: Sitrus Berry\n|\n|t:|1681967879\n|switch|p2b: Nemo|Chi-Yu, L50|64\/100\n|-ability|p2b: Nemo|Beads of Ruin\n|turn|5\n|inactive|shu795 has 30 seconds left.\n|inactive|shu795 has 20 seconds left.\n|\n|t:|1681967917\n|move|p1b: Flutter Mane|Hex|p2a: Hanabishi\n|-damage|p2a: Hanabishi|0 fnt\n|faint|p2a: Hanabishi\n|move|p2b: Nemo|Snarl|p1a: Dondozo|[spread] p1a,p1b\n|-damage|p1a: Dondozo|54\/100 brn\n|-damage|p1b: Flutter Mane|72\/100\n|-unboost|p1a: Dondozo|spa|1\n|-unboost|p1b: Flutter Mane|spa|1\n|move|p1a: Dondozo|Wave Crash|p2b: Nemo\n|-supereffective|p2b: Nemo\n|-damage|p2b: Nemo|0 fnt\n|faint|p2b: Nemo\n|-damage|p1a: Dondozo|43\/100 brn|[from] Recoil\n|\n|-damage|p1a: Dondozo|37\/100 brn|[from] brn\n|upkeep\n|\n|t:|1681967931\n|switch|p2b: Red Sus|Amoonguss, L50, M|100\/100\n|turn|6\n|-message|GB Seraphix forfeited.\n|\n|win|shu795\n|raw|shu795's rating: 1214 → 1243<\/strong> (+29 for winning)\n|raw|GB Seraphix's rating: 1264 → 1235<\/strong> (-29 for losing)\n","uploadtime":1681967939,"views":8,"p1id":"shu795","p2id":"gbseraphix","formatid":"gen9vgc2023regulationc","rating":1235,"private":0,"password":""}