{"id":"gen9vgc2023regulationc-1850940748","p1":"Jop is a let down","p2":"larkyfood","format":"[Gen 9] VGC 2023 Regulation C","log":"|j|\u2606Jop is a let down\n|j|\u2606larkyfood\n|t:|1682384835\n|gametype|doubles\n|player|p1|Jop is a let down|lillie|1144\n|player|p2|larkyfood|1|1030\n|teamsize|p1|6\n|teamsize|p2|6\n|gen|9\n|tier|[Gen 9] VGC 2023 Regulation C\n|rated|\n|rule|Species Clause: Limit one of each Pok\u00e9mon\n|rule|Item Clause: Limit one of each item\n|clearpoke\n|poke|p1|Palafin, L50, F|\n|poke|p1|Flutter Mane, L50|\n|poke|p1|Arcanine, L50, F|\n|poke|p1|Ting-Lu, L50|\n|poke|p1|Amoonguss, L50, F|\n|poke|p1|Kingambit, L50, M|\n|poke|p2|Lurantis, L50, M|\n|poke|p2|Bombirdier, L50, M|\n|poke|p2|Wugtrio, L50, M|\n|poke|p2|Chi-Yu, L50|\n|poke|p2|Revavroom, L50, M|\n|poke|p2|Iron Valiant, L50|\n|teampreview|4\n|\n|t:|1682384862\n|start\n|switch|p1a: Ting-Lu|Ting-Lu, L50|100\/100\n|switch|p1b: Palafin|Palafin, L50, F, shiny|100\/100\n|switch|p2a: Wugtrio|Wugtrio, L50, M|100\/100\n|switch|p2b: Revavroom|Revavroom, L50, M|100\/100\n|-ability|p1a: Ting-Lu|Vessel of Ruin\n|turn|1\n|\n|t:|1682384879\n|detailschange|p1b: Palafin|Palafin-Hero, L50, F, shiny\n|switch|p1b: Amoonguss|Amoonguss, L50, F, shiny|100\/100\n|move|p2a: Wugtrio|Triple Dive|p1a: Ting-Lu\n|-supereffective|p1a: Ting-Lu\n|-damage|p1a: Ting-Lu|74\/100\n|-supereffective|p1a: Ting-Lu\n|-damage|p1a: Ting-Lu|49\/100\n|-supereffective|p1a: Ting-Lu\n|-damage|p1a: Ting-Lu|23\/100\n|-hitcount|p1a: Ting-Lu|3\n|move|p2b: Revavroom|Toxic Spikes|p1b: Amoonguss\n|-sidestart|p1: Jop is a let down|move: Toxic Spikes\n|move|p1a: Ting-Lu|Ruination|p2a: Wugtrio\n|-damage|p2a: Wugtrio|50\/100\n|\n|upkeep\n|turn|2\n|inactive|Battle timer is ON: inactive players will automatically lose when time's up. (requested by Jop is a let down)\n|\n|t:|1682384905\n|-terastallize|p1a: Ting-Lu|Grass\n|move|p2a: Wugtrio|Triple Dive|p1a: Ting-Lu\n|-resisted|p1a: Ting-Lu\n|-damage|p1a: Ting-Lu|18\/100\n|-resisted|p1a: Ting-Lu\n|-damage|p1a: Ting-Lu|11\/100\n|-resisted|p1a: Ting-Lu\n|-damage|p1a: Ting-Lu|5\/100\n|-hitcount|p1a: Ting-Lu|3\n|move|p2b: Revavroom|Iron Head|p1b: Amoonguss\n|-damage|p1b: Amoonguss|74\/100\n|-damage|p2b: Revavroom|84\/100|[from] item: Rocky Helmet|[of] p1b: Amoonguss\n|move|p1a: Ting-Lu|Stomping Tantrum|p2b: Revavroom\n|-supereffective|p2b: Revavroom\n|-damage|p2b: Revavroom|0 fnt\n|faint|p2b: Revavroom\n|move|p1b: Amoonguss|Pollen Puff|p1a: Ting-Lu\n|-heal|p1a: Ting-Lu|55\/100\n|\n|upkeep\n|\n|t:|1682384924\n|switch|p2b: Chi-Yu|Chi-Yu, L50|100\/100\n|-ability|p2b: Chi-Yu|Beads of Ruin\n|turn|3\n|\n|t:|1682384938\n|switch|p2a: Iron Valiant|Iron Valiant, L50|100\/100\n|switch|p1b: Arcanine|Arcanine, L50, F, shiny|100\/100\n|-status|p1b: Arcanine|psn\n|-ability|p1b: Arcanine|Intimidate|boost\n|-unboost|p2a: Iron Valiant|atk|1\n|-unboost|p2b: Chi-Yu|atk|1\n|move|p2b: Chi-Yu|Overheat|p1a: Ting-Lu\n|-supereffective|p1a: Ting-Lu\n|-damage|p1a: Ting-Lu|0 fnt\n|-unboost|p2b: Chi-Yu|spa|2\n|faint|p1a: Ting-Lu\n|\n|-damage|p1b: Arcanine|88\/100 psn|[from] psn\n|upkeep\n|\n|t:|1682384950\n|switch|p1a: Amoonguss|Amoonguss, L50, F, shiny|100\/100\n|-sideend|p1: Jop is a let down|move: Toxic Spikes|[of] p1a: Amoonguss\n|turn|4\n|\n|t:|1682384971\n|move|p2b: Chi-Yu|Overheat|p1a: Amoonguss\n|-supereffective|p1a: Amoonguss\n|-damage|p1a: Amoonguss|15\/100\n|-unboost|p2b: Chi-Yu|spa|2\n|move|p2a: Iron Valiant|Moonblast|p1b: Arcanine\n|-resisted|p1b: Arcanine\n|-damage|p1b: Arcanine|39\/100 psn\n|-unboost|p1b: Arcanine|spa|1\n|move|p1b: Arcanine|Flare Blitz|p2a: Iron Valiant\n|-damage|p2a: Iron Valiant|30\/100\n|-status|p2a: Iron Valiant|brn\n|-damage|p1b: Arcanine|21\/100 psn|[from] Recoil\n|move|p1a: Amoonguss|Spore|p2b: Chi-Yu\n|-status|p2b: Chi-Yu|slp|[from] move: Spore\n|\n|-damage|p1b: Arcanine|9\/100 psn|[from] psn\n|-damage|p2a: Iron Valiant|24\/100 brn|[from] brn\n|upkeep\n|turn|5\n|inactive|larkyfood has 30 seconds left.\n|\n|t:|1682385000\n|switch|p2b: Wugtrio|Wugtrio, L50, M|50\/100\n|move|p1b: Arcanine|Extreme Speed|p2a: Iron Valiant\n|-damage|p2a: Iron Valiant|0 fnt\n|faint|p2a: Iron Valiant\n|-end|p2a: Iron Valiant|Quark Drive|[silent]\n|move|p1a: Amoonguss|Pollen Puff|p1b: Arcanine\n|-heal|p1b: Arcanine|58\/100 psn\n|\n|-damage|p1b: Arcanine|46\/100 psn|[from] psn\n|upkeep\n|\n|t:|1682385012\n|switch|p2a: Chi-Yu|Chi-Yu, L50|100\/100 slp\n|-ability|p2a: Chi-Yu|Beads of Ruin\n|turn|6\n|\n|t:|1682385031\n|-terastallize|p2b: Wugtrio|Water\n|move|p1a: Amoonguss|Rage Powder|p1a: Amoonguss\n|-singleturn|p1a: Amoonguss|move: Rage Powder\n|move|p2b: Wugtrio|Aqua Jet|p1a: Amoonguss\n|-resisted|p1a: Amoonguss\n|-damage|p1a: Amoonguss|0 fnt\n|-damage|p2b: Wugtrio|34\/100|[from] item: Rocky Helmet|[of] p1a: Amoonguss\n|faint|p1a: Amoonguss\n|cant|p2a: Chi-Yu|slp\n|move|p1b: Arcanine|Flare Blitz|p2a: Chi-Yu\n|-resisted|p2a: Chi-Yu\n|-damage|p2a: Chi-Yu|57\/100 slp\n|-damage|p1b: Arcanine|37\/100 psn|[from] Recoil\n|\n|-damage|p1b: Arcanine|24\/100 psn|[from] psn\n|upkeep\n|\n|t:|1682385042\n|switch|p1a: Palafin|Palafin-Hero, L50, F, shiny|100\/100\n|-activate|p1a: Palafin|ability: Zero to Hero\n|turn|7\n|\n|t:|1682385052\n|move|p1b: Arcanine|Extreme Speed|p2b: Wugtrio\n|-damage|p2b: Wugtrio|0 fnt\n|-ability|p2b: Wugtrio|Gooey\n|-unboost|p1b: Arcanine|spe|1\n|faint|p2b: Wugtrio\n|move|p1a: Palafin|Jet Punch|p2a: Chi-Yu\n|-supereffective|p2a: Chi-Yu\n|-crit|p2a: Chi-Yu\n|-damage|p2a: Chi-Yu|0 fnt\n|faint|p2a: Chi-Yu\n|\n|win|Jop is a let down\n|raw|Jop is a let down's rating: 1144 → 1161<\/strong> (+17 for winning)\n|raw|larkyfood's rating: 1030 → 1020<\/strong> (-10 for losing)\n|l|\u2606larkyfood\n","uploadtime":1682385066,"views":9,"p1id":"jopisaletdown","p2id":"larkyfood","formatid":"gen9vgc2023regulationc","rating":1020,"private":0,"password":""}