{"id":"gen9vgc2023regulationc-1850045477","p1":"eshe0","p2":"Mr. Darwin","format":"[Gen 9] VGC 2023 Regulation C","log":"|j|\u2606eshe0\n|j|\u2606Mr. Darwin\n|t:|1682281289\n|gametype|doubles\n|player|p1|eshe0|101|\n|player|p2|Mr. Darwin|266|\n|teamsize|p1|6\n|teamsize|p2|6\n|gen|9\n|tier|[Gen 9] VGC 2023 Regulation C\n|rule|Species Clause: Limit one of each Pok\u00e9mon\n|rule|Item Clause: Limit one of each item\n|clearpoke\n|poke|p1|Dachsbun, L50, F|\n|poke|p1|Kingambit, L50, M|\n|poke|p1|Iron Valiant, L50|\n|poke|p1|Pawmot, L50, M|\n|poke|p1|Stantler, L50, F|\n|poke|p1|Krokorok, L50, M|\n|poke|p2|Iron Moth, L50|\n|poke|p2|Gogoat, L50, M|\n|poke|p2|Houndstone, L50, M|\n|poke|p2|Grimmsnarl, L50, M|\n|poke|p2|Tyranitar, L50, F|\n|poke|p2|Gastrodon-East, L50, M|\n|teampreview|4\n|j| exstraspaceDND\n|j| judevgc\n|\n|t:|1682281336\n|start\n|switch|p1a: Pawmot|Pawmot, L50, M|100\/100\n|switch|p1b: Iron Valiant|Iron Valiant, L50|100\/100\n|switch|p2a: Gogoat|Gogoat, L50, M, shiny|100\/100\n|switch|p2b: Grimmsnarl|Grimmsnarl, L50, M, shiny|100\/100\n|turn|1\n|c|\u2606Mr. Darwin|can stantler hold eviolite?\n|\n|t:|1682281360\n|move|p1a: Pawmot|Fake Out|p2b: Grimmsnarl\n|-damage|p2b: Grimmsnarl|84\/100\n|cant|p2b: Grimmsnarl|flinch\n|move|p1b: Iron Valiant|Spirit Break|p2b: Grimmsnarl\n|-supereffective|p2b: Grimmsnarl\n|-damage|p2b: Grimmsnarl|5\/100\n|-unboost|p2b: Grimmsnarl|spa|1\n|move|p2a: Gogoat|Bulk Up|p2a: Gogoat\n|-boost|p2a: Gogoat|atk|1\n|-boost|p2a: Gogoat|def|1\n|\n|upkeep\n|turn|2\n|c| exstraspaceDND|it should be able to\n|c|\u2606eshe0|it is holding one\n|c| exstraspaceDND|but its not in showdown\n|c| exstraspaceDND|i think\n|c| exstraspaceDND|idk tho\n|\n|t:|1682281391\n|-end|p1b: Iron Valiant|Quark Drive|[silent]\n|switch|p1b: Stantler|Stantler, L50, F|100\/100\n|-ability|p1b: Stantler|Intimidate|boost\n|-unboost|p2a: Gogoat|atk|1\n|-unboost|p2b: Grimmsnarl|atk|1\n|move|p2b: Grimmsnarl|Reflect|p2b: Grimmsnarl\n|-sidestart|p2: Mr. Darwin|Reflect\n|move|p1a: Pawmot|Close Combat|p2b: Grimmsnarl\n|-crit|p2b: Grimmsnarl\n|-damage|p2b: Grimmsnarl|0 fnt\n|-unboost|p1a: Pawmot|def|1\n|-unboost|p1a: Pawmot|spd|1\n|faint|p2b: Grimmsnarl\n|move|p2a: Gogoat|Bulk Up|p2a: Gogoat\n|-boost|p2a: Gogoat|atk|1\n|-boost|p2a: Gogoat|def|1\n|\n|upkeep\n|c| judevgc|yes it is implemented\n|c|\u2606Mr. Darwin|oh shit that was a value pick with intimidate\n|c|\u2606eshe0|it is implemented\n|\n|t:|1682281401\n|switch|p2b: Tyranitar|Tyranitar, L50, F, shiny|100\/100\n|-weather|Sandstorm|[from] ability: Sand Stream|[of] p2b: Tyranitar\n|turn|3\n|c| exstraspaceDND|oh nice\n|c| exstraspaceDND|thats really good then\n|\n|t:|1682281418\n|move|p2b: Tyranitar|Protect|p2b: Tyranitar\n|-singleturn|p2b: Tyranitar|Protect\n|move|p1a: Pawmot|Close Combat|p2b: Tyranitar\n|-activate|p2b: Tyranitar|move: Protect\n|move|p1b: Stantler|Bulldoze|p2a: Gogoat|[spread] p1a,p2a\n|-activate|p2b: Tyranitar|move: Protect\n|-supereffective|p1a: Pawmot\n|-enditem|p1a: Pawmot|Shuca Berry|[eat]\n|-enditem|p1a: Pawmot|Shuca Berry|[weaken]\n|-resisted|p2a: Gogoat\n|-damage|p1a: Pawmot|83\/100\n|-damage|p2a: Gogoat|99\/100\n|-unboost|p1a: Pawmot|spe|1\n|-unboost|p2a: Gogoat|spe|1\n|move|p2a: Gogoat|Earthquake|p1b: Stantler|[spread] p1a,p1b\n|-activate|p2b: Tyranitar|move: Protect\n|-supereffective|p1a: Pawmot\n|-damage|p1a: Pawmot|0 fnt\n|-damage|p1b: Stantler|82\/100\n|faint|p1a: Pawmot\n|\n|-weather|Sandstorm|[upkeep]\n|-damage|p1b: Stantler|76\/100|[from] Sandstorm\n|-damage|p2a: Gogoat|93\/100|[from] Sandstorm\n|upkeep\n|\n|t:|1682281422\n|switch|p1a: Kingambit|Kingambit, L50, M|100\/100\n|turn|4\n|\n|t:|1682281440\n|switch|p2b: Gastrodon|Gastrodon-East, L50, M, shiny|100\/100\n|-terastallize|p1a: Kingambit|Fighting\n|move|p1b: Stantler|Skill Swap|p2a: Gogoat\n|-activate|p1b: Stantler|move: Skill Swap|Sap Sipper|Intimidate|[of] p2a: Gogoat\n|-ability|p2a: Gogoat|Intimidate|boost\n|-unboost|p1a: Kingambit|atk|1\n|-ability|p1a: Kingambit|Defiant|boost\n|-boost|p1a: Kingambit|atk|2\n|-unboost|p1b: Stantler|atk|1\n|move|p1a: Kingambit|Brick Break|p2b: Gastrodon\n|-sideend|p2: Mr. Darwin|Reflect\n|-damage|p2b: Gastrodon|32\/100\n|move|p2a: Gogoat|Bulk Up|p2a: Gogoat\n|-boost|p2a: Gogoat|atk|1\n|-boost|p2a: Gogoat|def|1\n|\n|-weather|Sandstorm|[upkeep]\n|-damage|p1b: Stantler|70\/100|[from] Sandstorm\n|-damage|p1a: Kingambit|95\/100|[from] Sandstorm\n|-damage|p2a: Gogoat|87\/100|[from] Sandstorm\n|upkeep\n|turn|5\n|\n|t:|1682281481\n|move|p1a: Kingambit|Sucker Punch|p2a: Gogoat\n|-damage|p2a: Gogoat|64\/100\n|move|p1b: Stantler|Skill Swap|p2a: Gogoat\n|-activate|p1b: Stantler|move: Skill Swap|Intimidate|Sap Sipper|[of] p2a: Gogoat\n|-ability|p1b: Stantler|Intimidate|boost\n|-unboost|p2a: Gogoat|atk|1\n|-unboost|p2b: Gastrodon|atk|1\n|move|p2b: Gastrodon|Recover|p2b: Gastrodon\n|-heal|p2b: Gastrodon|82\/100\n|move|p2a: Gogoat|Horn Leech|p1b: Stantler\n|-damage|p1b: Stantler|42\/100\n|-heal|p2a: Gogoat|75\/100|[from] drain|[of] p1b: Stantler\n|\n|-weather|Sandstorm|[upkeep]\n|-damage|p1b: Stantler|35\/100|[from] Sandstorm\n|-damage|p1a: Kingambit|89\/100|[from] Sandstorm\n|-damage|p2a: Gogoat|69\/100|[from] Sandstorm\n|upkeep\n|turn|6\n|\n|t:|1682281502\n|move|p1b: Stantler|Skill Swap|p2a: Gogoat\n|-activate|p1b: Stantler|move: Skill Swap|Sap Sipper|Intimidate|[of] p2a: Gogoat\n|-ability|p2a: Gogoat|Intimidate|boost\n|-unboost|p1a: Kingambit|atk|1\n|-ability|p1a: Kingambit|Defiant|boost\n|-boost|p1a: Kingambit|atk|2\n|-unboost|p1b: Stantler|atk|1\n|move|p1a: Kingambit|Kowtow Cleave|p2b: Gastrodon\n|-damage|p2b: Gastrodon|0 fnt\n|faint|p2b: Gastrodon\n|move|p2a: Gogoat|Bulk Up|p2a: Gogoat\n|-boost|p2a: Gogoat|atk|1\n|-boost|p2a: Gogoat|def|1\n|\n|-weather|Sandstorm|[upkeep]\n|-damage|p1b: Stantler|29\/100|[from] Sandstorm\n|-damage|p1a: Kingambit|83\/100|[from] Sandstorm\n|-damage|p2a: Gogoat|63\/100|[from] Sandstorm\n|upkeep\n|l|exstraspacednd\n|\n|t:|1682281514\n|switch|p2b: Tyranitar|Tyranitar, L50, F, shiny|100\/100\n|turn|7\n|c| judevgc|imagine sap sipper tera flying on kingambit lmao\n|\n|t:|1682281528\n|-terastallize|p2b: Tyranitar|Fire\n|move|p1b: Stantler|Skill Swap|p2a: Gogoat\n|-activate|p1b: Stantler|move: Skill Swap|Intimidate|Sap Sipper|[of] p2a: Gogoat\n|-ability|p1b: Stantler|Intimidate|boost\n|-unboost|p2a: Gogoat|atk|1\n|-unboost|p2b: Tyranitar|atk|1\n|move|p2b: Tyranitar|Earthquake|p1b: Stantler|[spread] p2a,p1a,p1b\n|-resisted|p2a: Gogoat\n|-crit|p1a: Kingambit\n|-damage|p2a: Gogoat|60\/100\n|-damage|p1a: Kingambit|49\/100\n|-damage|p1b: Stantler|16\/100\n|move|p1a: Kingambit|Kowtow Cleave|p2a: Gogoat\n|-damage|p2a: Gogoat|29\/100\n|move|p2a: Gogoat|Horn Leech|p1a: Kingambit\n|-damage|p1a: Kingambit|20\/100\n|-heal|p2a: Gogoat|42\/100|[from] drain|[of] p1a: Kingambit\n|\n|-weather|none\n|upkeep\n|turn|8\n|j| exstraspaceDND\n|\n|t:|1682281551\n|move|p1b: Stantler|Skill Swap|p2a: Gogoat\n|-activate|p1b: Stantler|move: Skill Swap|Sap Sipper|Intimidate|[of] p2a: Gogoat\n|-ability|p2a: Gogoat|Intimidate|boost\n|-unboost|p1a: Kingambit|atk|1\n|-ability|p1a: Kingambit|Defiant|boost\n|-boost|p1a: Kingambit|atk|2\n|-unboost|p1b: Stantler|atk|1\n|move|p2b: Tyranitar|Earthquake|p1a: Kingambit|[spread] p2a,p1a,p1b\n|-resisted|p2a: Gogoat\n|-damage|p2a: Gogoat|39\/100\n|-damage|p1a: Kingambit|6\/100\n|-damage|p1b: Stantler|1\/100\n|move|p1a: Kingambit|Kowtow Cleave|p2a: Gogoat\n|-damage|p2a: Gogoat|0 fnt\n|faint|p2a: Gogoat\n|\n|upkeep\n|turn|9\n|c|\u2606Mr. Darwin|fuckkk\n|c| exstraspaceDND|pffff\n|c| exstraspaceDND|god dam\n|\n|t:|1682281575\n|move|p1a: Kingambit|Sucker Punch|p2b: Tyranitar\n|-damage|p2b: Tyranitar|16\/100\n|-enditem|p2b: Tyranitar|Figy Berry|[eat]\n|-heal|p2b: Tyranitar|49\/100|[from] item: Figy Berry\n|move|p1b: Stantler|Skill Swap|p2b: Tyranitar\n|-activate|p1b: Stantler|move: Skill Swap|Sand Stream|Sap Sipper|[of] p2b: Tyranitar\n|-weather|Sandstorm|[from] ability: Sand Stream|[of] p1b: Stantler\n|move|p2b: Tyranitar|Earthquake|p1b: Stantler|[spread] p1a,p1b\n|-damage|p1a: Kingambit|0 fnt\n|-damage|p1b: Stantler|0 fnt\n|faint|p1a: Kingambit\n|faint|p1b: Stantler\n|\n|-weather|Sandstorm|[upkeep]\n|-damage|p2b: Tyranitar|43\/100|[from] Sandstorm\n|upkeep\n|\n|t:|1682281581\n|switch|p1a: Iron Valiant|Iron Valiant, L50|100\/100\n|turn|10\n|\n|t:|1682281589\n|move|p1a: Iron Valiant|Drain Punch|p2b: Tyranitar\n|-damage|p2b: Tyranitar|20\/100\n|move|p2b: Tyranitar|Crunch|p1a: Iron Valiant\n|-resisted|p1a: Iron Valiant\n|-damage|p1a: Iron Valiant|91\/100\n|\n|-weather|Sandstorm|[upkeep]\n|-damage|p1a: Iron Valiant|86\/100|[from] Sandstorm\n|-damage|p2b: Tyranitar|15\/100|[from] Sandstorm\n|upkeep\n|turn|11\n|c|\u2606Mr. Darwin|gg\n|c|\u2606Mr. Darwin|that stantler is a menace\n|c|\u2606eshe0|gg\n|\n|t:|1682281601\n|move|p1a: Iron Valiant|Drain Punch|p2b: Tyranitar\n|-damage|p2b: Tyranitar|0 fnt\n|-heal|p1a: Iron Valiant|95\/100|[from] drain|[of] p2b: Tyranitar\n|faint|p2b: Tyranitar\n|\n|win|eshe0\n|c| exstraspaceDND|yea fr fr\n|c|\u2606eshe0|yeah, if I give it proper moves\n|c|\u2606eshe0|you should have seen the games v extraspace\n|c|\u2606Mr. Darwin|I want to make some changes and run it back in a bit if youd be down\n|c|\u2606eshe0|it's almost eleven over here\n|c|\u2606eshe0|I don't have the brain power to build another team\n|c|\u2606Mr. Darwin|all good we get it another day\n|c|\u2606Mr. Darwin|gn\n|c|\u2606eshe0|gn\n|l|\u2606Mr. Darwin\n|c| judevgc|byee\n|l| judevgc\n|l| exstraspaceDND\n","uploadtime":1682281723,"views":6,"p1id":"eshe0","p2id":"mrdarwin","formatid":"gen9vgc2023regulationc","rating":0,"private":0,"password":""}