{"id":"gen9vgc2023regulationc-1852902611","p1":"CaptainInsecto","p2":"tezminator","format":"[Gen 9] VGC 2023 Regulation C","log":"|j|\u2606CaptainInsecto\n|j|\u2606tezminator\n|t:|1682615924\n|gametype|doubles\n|player|p1|CaptainInsecto|rood|1142\n|player|p2|tezminator|169|1113\n|teamsize|p1|6\n|teamsize|p2|6\n|gen|9\n|tier|[Gen 9] VGC 2023 Regulation C\n|rated|\n|rule|Species Clause: Limit one of each Pok\u00e9mon\n|rule|Item Clause: Limit one of each item\n|clearpoke\n|poke|p1|Ting-Lu, L50|\n|poke|p1|Dondozo, L50, F|\n|poke|p1|Copperajah, L50, F|\n|poke|p1|Kingambit, L50, M|\n|poke|p1|Abomasnow, L50, M|\n|poke|p1|Beartic, L50, M|\n|poke|p2|Volcarona, L50, F|\n|poke|p2|Espathra, L50, F|\n|poke|p2|Scream Tail, L50|\n|poke|p2|Staraptor, L50, M|\n|poke|p2|Tsareena, L50, F|\n|poke|p2|Mudsdale, L50, F|\n|teampreview|4\n|\n|t:|1682615955\n|start\n|switch|p1a: Ting-Lu|Ting-Lu, L50|100\/100\n|switch|p1b: Dondozo|Dondozo, L50, F|100\/100\n|switch|p2a: Espathra|Espathra, L50, F|100\/100\n|switch|p2b: Scream Tail|Scream Tail, L50|100\/100\n|-ability|p1a: Ting-Lu|Vessel of Ruin\n|turn|1\n|c|\u2606CaptainInsecto|Gl hf\n|\n|t:|1682615977\n|move|p2a: Espathra|Protect|p2a: Espathra\n|-singleturn|p2a: Espathra|Protect\n|move|p2b: Scream Tail|Reflect|p2b: Scream Tail\n|-sidestart|p2: tezminator|Reflect\n|move|p1a: Ting-Lu|Fissure|p2b: Scream Tail|[miss]\n|-miss|p1a: Ting-Lu|p2b: Scream Tail\n|move|p1b: Dondozo|Fissure|p2a: Espathra\n|-activate|p2a: Espathra|move: Protect\n|\n|upkeep\n|turn|2\n|\n|t:|1682615994\n|move|p2b: Scream Tail|Disable|p1a: Ting-Lu\n|-start|p1a: Ting-Lu|Disable|Fissure\n|move|p2a: Espathra|Lumina Crash|p1b: Dondozo\n|-damage|p1b: Dondozo|85\/100\n|-unboost|p1b: Dondozo|spd|2\n|cant|p1a: Ting-Lu|Disable|Fissure\n|move|p1b: Dondozo|Fissure|p2b: Scream Tail|[miss]\n|-miss|p1b: Dondozo|p2b: Scream Tail\n|\n|-heal|p1b: Dondozo|91\/100|[from] item: Leftovers\n|upkeep\n|turn|3\n|\n|t:|1682616008\n|switch|p1a: Abomasnow|Abomasnow, L50, M|100\/100\n|-weather|Snow|[from] ability: Snow Warning|[of] p1a: Abomasnow\n|move|p2b: Scream Tail|Disable|p1b: Dondozo\n|-start|p1b: Dondozo|Disable|Fissure\n|move|p2a: Espathra|Lumina Crash|p1b: Dondozo\n|-damage|p1b: Dondozo|53\/100\n|-unboost|p1b: Dondozo|spd|2\n|cant|p1b: Dondozo|Disable|Fissure\n|\n|-weather|Snow|[upkeep]\n|-heal|p1b: Dondozo|60\/100|[from] item: Leftovers\n|upkeep\n|turn|4\n|\n|t:|1682616034\n|switch|p1b: Beartic|Beartic, L50, M|100\/100\n|move|p2b: Scream Tail|Psychic Fangs|p1a: Abomasnow\n|-damage|p1a: Abomasnow|85\/100\n|move|p2a: Espathra|Lumina Crash|p1a: Abomasnow\n|-damage|p1a: Abomasnow|58\/100\n|-unboost|p1a: Abomasnow|spd|2\n|move|p1a: Abomasnow|Sheer Cold|p2b: Scream Tail\n|-damage|p2b: Scream Tail|0 fnt\n|faint|p2b: Scream Tail\n|-end|p2b: Scream Tail|Protosynthesis|[silent]\n|-ohko\n|\n|-weather|Snow|[upkeep]\n|upkeep\n|\n|t:|1682616049\n|switch|p2b: Volcarona|Volcarona, L50, F|100\/100\n|turn|5\n|\n|t:|1682616065\n|move|p2a: Espathra|Lumina Crash|p1b: Beartic\n|-damage|p1b: Beartic|65\/100\n|-unboost|p1b: Beartic|spd|2\n|move|p2b: Volcarona|Fiery Dance|p1a: Abomasnow\n|-supereffective|p1a: Abomasnow\n|-enditem|p1a: Abomasnow|Occa Berry|[eat]\n|-enditem|p1a: Abomasnow|Occa Berry|[weaken]\n|-damage|p1a: Abomasnow|0 fnt\n|-boost|p2b: Volcarona|spa|1\n|faint|p1a: Abomasnow\n|move|p1b: Beartic|Sheer Cold|p2b: Volcarona|[miss]\n|-miss|p1b: Beartic|p2b: Volcarona\n|\n|-weather|Snow|[upkeep]\n|-sideend|p2: tezminator|Reflect\n|upkeep\n|\n|t:|1682616079\n|switch|p1a: Ting-Lu|Ting-Lu, L50|100\/100\n|-ability|p1a: Ting-Lu|Vessel of Ruin\n|turn|6\n|\n|t:|1682616096\n|move|p2b: Volcarona|Protect|p2b: Volcarona\n|-singleturn|p2b: Volcarona|Protect\n|move|p2a: Espathra|Skill Swap|p1a: Ting-Lu\n|-activate|p2a: Espathra|move: Skill Swap|Vessel of Ruin|Opportunist|[of] p1a: Ting-Lu\n|-ability|p2a: Espathra|Vessel of Ruin\n|move|p1b: Beartic|Sheer Cold|p2b: Volcarona\n|-activate|p2b: Volcarona|move: Protect\n|move|p1a: Ting-Lu|Fissure|p2b: Volcarona\n|-activate|p2b: Volcarona|move: Protect\n|\n|-weather|Snow|[upkeep]\n|upkeep\n|turn|7\n|\n|t:|1682616119\n|move|p2a: Espathra|Skill Swap|p2b: Volcarona\n|-activate|p2a: Espathra|move: Skill Swap|||[of] p2b: Volcarona\n|-ability|p2b: Volcarona|Vessel of Ruin\n|move|p2b: Volcarona|Fiery Dance|p1b: Beartic|[miss]\n|-miss|p2b: Volcarona|p1b: Beartic\n|move|p1b: Beartic|Sheer Cold|p2b: Volcarona|[miss]\n|-miss|p1b: Beartic|p2b: Volcarona\n|move|p1a: Ting-Lu|Fissure|p2b: Volcarona|[miss]\n|-miss|p1a: Ting-Lu|p2b: Volcarona\n|\n|-weather|none\n|upkeep\n|turn|8\n|\n|t:|1682616137\n|switch|p1b: Dondozo|Dondozo, L50, F|60\/100\n|move|p2a: Espathra|Shadow Ball|p1a: Ting-Lu\n|-resisted|p1a: Ting-Lu\n|-damage|p1a: Ting-Lu|98\/100\n|move|p2b: Volcarona|Fiery Dance|p1b: Dondozo\n|-resisted|p1b: Dondozo\n|-damage|p1b: Dondozo|47\/100\n|-boost|p2b: Volcarona|spa|1\n|-ability|p1a: Ting-Lu|Opportunist|boost\n|-boost|p1a: Ting-Lu|spa|1\n|move|p1a: Ting-Lu|Fissure|p2b: Volcarona\n|-damage|p2b: Volcarona|0 fnt\n|faint|p2b: Volcarona\n|-ohko\n|\n|-heal|p1b: Dondozo|53\/100|[from] item: Leftovers\n|upkeep\n|\n|t:|1682616152\n|switch|p2b: Mudsdale|Mudsdale, L50, F|100\/100\n|turn|9\n|\n|t:|1682616165\n|move|p2a: Espathra|Lumina Crash|p1b: Dondozo\n|-damage|p1b: Dondozo|33\/100\n|-unboost|p1b: Dondozo|spd|2\n|move|p1a: Ting-Lu|Fissure|p2a: Espathra|[miss]\n|-miss|p1a: Ting-Lu|p2a: Espathra\n|move|p1b: Dondozo|Fissure|p2a: Espathra\n|-damage|p2a: Espathra|0 fnt\n|faint|p2a: Espathra\n|-ohko\n|move|p2b: Mudsdale|Body Press|p1a: Ting-Lu\n|-supereffective|p1a: Ting-Lu\n|-damage|p1a: Ting-Lu|76\/100\n|\n|-heal|p1b: Dondozo|39\/100|[from] item: Leftovers\n|upkeep\n|turn|10\n|c|\u2606tezminator|i know you're with this team just for fun, but a single cryogonal can do the same and is immune to everything you did\n|c|\u2606tezminator|so, consider putting one in your team :)\n|c|\u2606tezminator|maybe replace the bear\n|c|\u2606CaptainInsecto|Thanks\n|\n|t:|1682616231\n|move|p1a: Ting-Lu|Fissure|p2b: Mudsdale|[miss]\n|-miss|p1a: Ting-Lu|p2b: Mudsdale\n|move|p2b: Mudsdale|Body Press|p1a: Ting-Lu\n|-supereffective|p1a: Ting-Lu\n|-damage|p1a: Ting-Lu|52\/100\n|move|p1b: Dondozo|Fissure|p2b: Mudsdale\n|-damage|p2b: Mudsdale|0 fnt\n|faint|p2b: Mudsdale\n|-ohko\n|\n|win|CaptainInsecto\n|raw|CaptainInsecto's rating: 1142 → 1165<\/strong> (+23 for winning)\n|raw|tezminator's rating: 1113 → 1090<\/strong> (-23 for losing)\n|l|\u2606tezminator\n","uploadtime":1682616251,"views":6,"p1id":"captaininsecto","p2id":"tezminator","formatid":"gen9vgc2023regulationc","rating":1090,"private":0,"password":""}