{"id":"gen9vgc2023regulationc-1858726993","p1":"RAW_TOAST_94","p2":"goraku","format":"[Gen 9] VGC 2023 Regulation C","log":"|j|\u2606RAW_TOAST_94\n|j|\u2606goraku\n|t:|1683349111\n|gametype|doubles\n|player|p1|RAW_TOAST_94|cynthia|1000\n|player|p2|goraku|266|1000\n|teamsize|p1|6\n|teamsize|p2|6\n|gen|9\n|tier|[Gen 9] VGC 2023 Regulation C\n|rated|\n|rule|Species Clause: Limit one of each Pok\u00e9mon\n|rule|Item Clause: Limit one of each item\n|clearpoke\n|poke|p1|Scizor, L50, F|\n|poke|p1|Amoonguss, L50, M|\n|poke|p1|Ting-Lu, L50|\n|poke|p1|Iron Hands, L50|\n|poke|p1|Iron Bundle, L50|\n|poke|p1|Ceruledge, L50, M|\n|poke|p2|Torkoal, L50, M|\n|poke|p2|Arcanine, L50, F|\n|poke|p2|Amoonguss, L50, F|\n|poke|p2|Great Tusk, L50|\n|poke|p2|Palafin, L50, M|\n|poke|p2|Murkrow, L50, M|\n|teampreview|4\n|\n|t:|1683349152\n|start\n|switch|p1a: Amoonguss|Amoonguss, L50, M, shiny|100\/100\n|switch|p1b: Ceruledge|Ceruledge, L50, M, shiny|100\/100\n|switch|p2a: Murkrow|Murkrow, L50, M|100\/100\n|switch|p2b: Palafin|Palafin, L50, M|100\/100\n|turn|1\n|\n|t:|1683349178\n|move|p1b: Ceruledge|Protect|p1b: Ceruledge\n|-singleturn|p1b: Ceruledge|Protect\n|move|p2a: Murkrow|Rain Dance|p2a: Murkrow\n|-weather|RainDance\n|move|p2b: Palafin|Flip Turn|p1b: Ceruledge\n|-activate|p1b: Ceruledge|move: Protect\n|move|p1a: Amoonguss|Spore|p2b: Palafin\n|-status|p2b: Palafin|slp|[from] move: Spore\n|\n|-weather|RainDance|[upkeep]\n|upkeep\n|turn|2\n|\n|t:|1683349194\n|move|p1a: Amoonguss|Rage Powder|p1a: Amoonguss\n|-singleturn|p1a: Amoonguss|move: Rage Powder\n|cant|p2b: Palafin|slp\n|move|p2a: Murkrow|Foul Play|p1a: Amoonguss\n|-crit|p1a: Amoonguss\n|-damage|p1a: Amoonguss|65\/100\n|move|p1b: Ceruledge|Swords Dance|p1b: Ceruledge\n|-boost|p1b: Ceruledge|atk|2\n|\n|-weather|RainDance|[upkeep]\n|upkeep\n|turn|3\n|\n|t:|1683349218\n|move|p1a: Amoonguss|Rage Powder|p1a: Amoonguss\n|-singleturn|p1a: Amoonguss|move: Rage Powder\n|move|p2a: Murkrow|Tailwind|p2a: Murkrow\n|-sidestart|p2: goraku|move: Tailwind\n|move|p1b: Ceruledge|Shadow Sneak|p2b: Palafin\n|-damage|p2b: Palafin|42\/100 slp\n|-curestatus|p2b: Palafin|slp|[msg]\n|move|p2b: Palafin|Flip Turn|p1a: Amoonguss\n|-resisted|p1a: Amoonguss\n|-damage|p1a: Amoonguss|43\/100\n|\n|t:|1683349223\n|detailschange|p2b: Palafin|Palafin-Hero, L50, M\n|switch|p2b: Amoonguss|Amoonguss, L50, F|100\/100|[from] Flip Turn\n|\n|-weather|RainDance|[upkeep]\n|upkeep\n|turn|4\n|\n|t:|1683349246\n|-terastallize|p1b: Ceruledge|Grass\n|move|p2a: Murkrow|Brave Bird|p1a: Amoonguss\n|-supereffective|p1a: Amoonguss\n|-damage|p1a: Amoonguss|0 fnt\n|faint|p1a: Amoonguss\n|-damage|p2a: Murkrow|78\/100|[from] Recoil\n|move|p1b: Ceruledge|Bitter Blade|p2b: Amoonguss\n|-supereffective|p2b: Amoonguss\n|-damage|p2b: Amoonguss|32\/100\n|move|p2b: Amoonguss|Spore|p1b: Ceruledge\n|-immune|p1b: Ceruledge\n|\n|-weather|RainDance|[upkeep]\n|-heal|p2b: Amoonguss|38\/100|[from] item: Leftovers\n|upkeep\n|\n|t:|1683349263\n|switch|p1a: Iron Bundle|Iron Bundle, L50|100\/100\n|-enditem|p1a: Iron Bundle|Booster Energy\n|-activate|p1a: Iron Bundle|ability: Quark Drive|[fromitem]\n|-start|p1a: Iron Bundle|quarkdrivespe\n|turn|5\n|\n|t:|1683349278\n|move|p1a: Iron Bundle|Protect|p1a: Iron Bundle\n|-singleturn|p1a: Iron Bundle|Protect\n|move|p2b: Amoonguss|Protect|p2b: Amoonguss\n|-singleturn|p2b: Amoonguss|Protect\n|move|p2a: Murkrow|Brave Bird|p1b: Ceruledge\n|-supereffective|p1b: Ceruledge\n|-enditem|p1b: Ceruledge|Focus Sash\n|-damage|p1b: Ceruledge|1\/100\n|-damage|p2a: Murkrow|41\/100|[from] Recoil\n|move|p1b: Ceruledge|Bitter Blade|p2b: Amoonguss\n|-activate|p2b: Amoonguss|move: Protect\n|\n|-weather|none\n|-heal|p2b: Amoonguss|43\/100|[from] item: Leftovers\n|upkeep\n|turn|6\n|\n|t:|1683349310\n|move|p2a: Murkrow|Rain Dance|p2a: Murkrow\n|-weather|RainDance\n|move|p1b: Ceruledge|Shadow Sneak|p2a: Murkrow\n|-resisted|p2a: Murkrow\n|-damage|p2a: Murkrow|0 fnt\n|faint|p2a: Murkrow\n|move|p1a: Iron Bundle|Icy Wind|p2b: Amoonguss\n|-supereffective|p2b: Amoonguss\n|-damage|p2b: Amoonguss|0 fnt\n|faint|p2b: Amoonguss\n|\n|-weather|RainDance|[upkeep]\n|-sideend|p2: goraku|move: Tailwind\n|upkeep\n|\n|t:|1683349318\n|switch|p2a: Great Tusk|Great Tusk, L50|100\/100\n|switch|p2b: Palafin|Palafin-Hero, L50, M|42\/100\n|-activate|p2b: Palafin|ability: Zero to Hero\n|turn|7\n|\n|t:|1683349345\n|move|p2b: Palafin|Protect|p2b: Palafin\n|-singleturn|p2b: Palafin|Protect\n|move|p1b: Ceruledge|Protect|p1b: Ceruledge\n|-singleturn|p1b: Ceruledge|Protect\n|move|p1a: Iron Bundle|Chilling Water|p2a: Great Tusk\n|-supereffective|p2a: Great Tusk\n|-damage|p2a: Great Tusk|0 fnt\n|faint|p2a: Great Tusk\n|-end|p2a: Great Tusk|Protosynthesis|[silent]\n|\n|-weather|RainDance|[upkeep]\n|upkeep\n|turn|8\n|-message|goraku forfeited.\n|\n|win|RAW_TOAST_94\n|raw|RAW_TOAST_94's rating: 1000 → 1040<\/strong> (+40 for winning)\n|raw|goraku's rating: 1000 → 1000<\/strong> (+0 for losing)\n|l|\u2606goraku\n","uploadtime":1683349364,"views":10,"p1id":"rawtoast94","p2id":"goraku","formatid":"gen9vgc2023regulationc","rating":1000,"private":0,"password":""}