{"id":"gen9vgc2023regulationc-1855606237","p1":"ee123","p2":"Missed Ledgedash","format":"[Gen 9] VGC 2023 Regulation C","log":"|j|\u2606ee123\n|j|\u2606Missed Ledgedash\n|t:|1682965961\n|gametype|doubles\n|player|p1|ee123|lady|1489\n|player|p2|Missed Ledgedash|juan-gen3|1427\n|teamsize|p1|6\n|teamsize|p2|6\n|gen|9\n|tier|[Gen 9] VGC 2023 Regulation C\n|rated|\n|rule|Species Clause: Limit one of each Pok\u00e9mon\n|rule|Item Clause: Limit one of each item\n|clearpoke\n|poke|p1|Iron Bundle, L50|\n|poke|p1|Flutter Mane, L50|\n|poke|p1|Chi-Yu, L50|\n|poke|p1|Wo-Chien, L50|\n|poke|p1|Baxcalibur, L50, F|\n|poke|p1|Scizor, L50, M|\n|poke|p2|Flutter Mane, L50|\n|poke|p2|Arcanine, L50, M|\n|poke|p2|Amoonguss, L50, M|\n|poke|p2|Palafin, L50, F|\n|poke|p2|Corviknight, L50, F|\n|poke|p2|Iron Hands, L50|\n|teampreview|4\n|inactive|Battle timer is ON: inactive players will automatically lose when time's up. (requested by ee123)\nMissed Ledgedash has agreed to open team sheets.\n|inactive|ee123 has 60 seconds left.\n|\n|t:|1682966008\n|start\n|switch|p1a: Chi-Yu|Chi-Yu, L50|100\/100\n|switch|p1b: Flutter Mane|Flutter Mane, L50|100\/100\n|switch|p2a: Palafin|Palafin, L50, F|100\/100\n|switch|p2b: Maurice|Arcanine, L50, M|100\/100\n|-ability|p2b: Maurice|Intimidate|boost\n|-unboost|p1a: Chi-Yu|atk|1\n|-unboost|p1b: Flutter Mane|atk|1\n|-ability|p1a: Chi-Yu|Beads of Ruin\n|turn|1\n|inactive|Missed Ledgedash has 30 seconds left.\n|inactive|Missed Ledgedash has 20 seconds left.\n|\n|t:|1682966046\n|move|p2a: Palafin|Jet Punch|p1a: Chi-Yu\n|-supereffective|p1a: Chi-Yu\n|-damage|p1a: Chi-Yu|23\/100\n|move|p1b: Flutter Mane|Shadow Ball|p2b: Maurice\n|-damage|p2b: Maurice|5\/100\n|move|p2b: Maurice|Flare Blitz|p1b: Flutter Mane\n|-damage|p1b: Flutter Mane|14\/100\n|-damage|p2b: Maurice|0 fnt|[from] Recoil\n|faint|p2b: Maurice\n|move|p1a: Chi-Yu|Heat Wave|p2a: Palafin\n|-resisted|p2a: Palafin\n|-damage|p2a: Palafin|44\/100\n|-damage|p1a: Chi-Yu|13\/100|[from] item: Life Orb\n|\n|upkeep\n|\n|t:|1682966061\n|switch|p2b: Flutter Mane|Flutter Mane, L50|100\/100\n|turn|2\n|\n|t:|1682966069\n|-end|p1b: Flutter Mane|Protosynthesis|[silent]\n|switch|p1b: Scizor|Scizor, L50, M|100\/100\n|move|p2a: Palafin|Jet Punch|p1b: Scizor\n|-damage|p1b: Scizor|71\/100\n|move|p2b: Flutter Mane|Dazzling Gleam|p1b: Scizor|[spread] p1a,p1b\n|-crit|p1a: Chi-Yu\n|-resisted|p1b: Scizor\n|-damage|p1a: Chi-Yu|0 fnt\n|-damage|p1b: Scizor|38\/100\n|-enditem|p1b: Scizor|Sitrus Berry|[eat]\n|-heal|p1b: Scizor|62\/100|[from] item: Sitrus Berry\n|faint|p1a: Chi-Yu\n|\n|upkeep\n|\n|t:|1682966077\n|switch|p1a: Wo-Chien|Wo-Chien, L50|100\/100\n|-ability|p1a: Wo-Chien|Tablets of Ruin\n|turn|3\n|\n|t:|1682966094\n|-end|p2b: Flutter Mane|Protosynthesis|[silent]\n|switch|p2b: Corviknight|Corviknight, L50, F|100\/100\n|move|p1b: Scizor|Bullet Punch|p2b: Corviknight\n|-resisted|p2b: Corviknight\n|-damage|p2b: Corviknight|89\/100\n|move|p2a: Palafin|Wave Crash|p1b: Scizor\n|-damage|p1b: Scizor|19\/100\n|-damage|p2a: Palafin|32\/100|[from] Recoil\n|move|p1a: Wo-Chien|Giga Drain|p2a: Palafin\n|-supereffective|p2a: Palafin\n|-damage|p2a: Palafin|0 fnt\n|faint|p2a: Palafin\n|\n|-heal|p2b: Corviknight|95\/100|[from] item: Leftovers\n|upkeep\n|\n|t:|1682966104\n|switch|p2a: Flutter Mane|Flutter Mane, L50|100\/100\n|turn|4\n|\n|t:|1682966118\n|move|p1b: Scizor|Bullet Punch|p2a: Flutter Mane\n|-supereffective|p2a: Flutter Mane\n|-damage|p2a: Flutter Mane|25\/100\n|move|p2a: Flutter Mane|Dazzling Gleam|p1a: Wo-Chien|[spread] p1a,p1b\n|-supereffective|p1a: Wo-Chien\n|-resisted|p1b: Scizor\n|-damage|p1a: Wo-Chien|60\/100\n|-damage|p1b: Scizor|0 fnt\n|faint|p1b: Scizor\n|move|p1a: Wo-Chien|Giga Drain|p2b: Corviknight\n|-resisted|p2b: Corviknight\n|-damage|p2b: Corviknight|87\/100\n|-heal|p1a: Wo-Chien|64\/100|[from] drain|[of] p2b: Corviknight\n|move|p2b: Corviknight|Substitute|p2b: Corviknight\n|-start|p2b: Corviknight|Substitute\n|-damage|p2b: Corviknight|62\/100\n|\n|-heal|p2b: Corviknight|68\/100|[from] item: Leftovers\n|upkeep\n|\n|t:|1682966123\n|switch|p1b: Flutter Mane|Flutter Mane, L50|14\/100\n|turn|5\n|\n|t:|1682966137\n|move|p2a: Flutter Mane|Dazzling Gleam|p1a: Wo-Chien|[spread] p1a,p1b\n|-supereffective|p1a: Wo-Chien\n|-damage|p1a: Wo-Chien|29\/100\n|-damage|p1b: Flutter Mane|0 fnt\n|faint|p1b: Flutter Mane\n|-end|p1b: Flutter Mane|Protosynthesis|[silent]\n|move|p1a: Wo-Chien|Snarl|p2a: Flutter Mane|[spread] p2a,p2b\n|-crit|p2a: Flutter Mane\n|-damage|p2a: Flutter Mane|0 fnt\n|-damage|p2b: Corviknight|51\/100\n|-ability|p2b: Corviknight|Mirror Armor\n|-unboost|p1a: Wo-Chien|spa|1\n|faint|p2a: Flutter Mane\n|-end|p2a: Flutter Mane|Protosynthesis|[silent]\n|move|p2b: Corviknight|Brave Bird|p1a: Wo-Chien\n|-supereffective|p1a: Wo-Chien\n|-damage|p1a: Wo-Chien|0 fnt\n|faint|p1a: Wo-Chien\n|-damage|p2b: Corviknight|42\/100|[from] Recoil\n|\n|win|Missed Ledgedash\n|raw|ee123's rating: 1489 → 1465<\/strong> (-24 for losing)\n|raw|Missed Ledgedash's rating: 1427 → 1451<\/strong> (+24 for winning)\n|l|\u2606ee123\n","uploadtime":1682966157,"views":51,"p1id":"ee123","p2id":"missedledgedash","formatid":"gen9vgc2023regulationc","rating":1451,"private":0,"password":""}