{"id":"gen9vgc2023regulationc-1852164155","p1":"PandaPat75","p2":"Stonny","format":"[Gen 9] VGC 2023 Regulation C","log":"|j|\u2606PandaPat75\n|j|\u2606Stonny\n|t:|1682529400\n|gametype|doubles\n|player|p1|PandaPat75|crasherwake|1464\n|player|p2|Stonny|acetrainer-gen4dp|1374\n|teamsize|p1|6\n|teamsize|p2|6\n|gen|9\n|tier|[Gen 9] VGC 2023 Regulation C\n|rated|\n|rule|Species Clause: Limit one of each Pok\u00e9mon\n|rule|Item Clause: Limit one of each item\n|clearpoke\n|poke|p1|Dondozo, L50, F|\n|poke|p1|Tatsugiri, L50, M|\n|poke|p1|Chi-Yu, L50|\n|poke|p1|Glimmora, L50, M|\n|poke|p1|Gothitelle, L50, F|\n|poke|p1|Flutter Mane, L50|\n|poke|p2|Ting-Lu, L50|\n|poke|p2|Chi-Yu, L50|\n|poke|p2|Flutter Mane, L50|\n|poke|p2|Iron Hands, L50|\n|poke|p2|Gastrodon-East, L50, M|\n|poke|p2|Rabsca, L50, F|\n|teampreview|4\n|inactive|Battle timer is ON: inactive players will automatically lose when time's up. (requested by Stonny)\n|\n|t:|1682529418\n|start\n|switch|p1a: Tatsugiri|Tatsugiri, L50, M|100\/100\n|switch|p1b: Chi-Yu|Chi-Yu, L50|100\/100\n|switch|p2a: Ruin Statue|Ting-Lu, L50|100\/100\n|switch|p2b: Garry|Rabsca, L50, F|100\/100\n|-ability|p1b: Chi-Yu|Beads of Ruin\n|-ability|p2a: Ruin Statue|Vessel of Ruin\n|turn|1\n|inactive|Stonny has 30 seconds left.\n|\n|t:|1682529443\n|-terastallize|p2b: Garry|Normal\n|move|p2a: Ruin Statue|Protect|p2a: Ruin Statue\n|-singleturn|p2a: Ruin Statue|Protect\n|move|p1a: Tatsugiri|Muddy Water|p2b: Garry|[spread] p2b\n|-activate|p2a: Ruin Statue|move: Protect\n|-damage|p2b: Garry|69\/100\n|move|p1b: Chi-Yu|Heat Wave|p2b: Garry|[spread] p2b\n|-activate|p2a: Ruin Statue|move: Protect\n|-crit|p2b: Garry\n|-damage|p2b: Garry|11\/100\n|move|p2b: Garry|Trick Room|p2b: Garry\n|-fieldstart|move: Trick Room|[of] p2b: Garry\n|\n|upkeep\n|turn|2\n|\n|t:|1682529462\n|move|p2b: Garry|Pounce|p2a: Ruin Statue\n|-supereffective|p2a: Ruin Statue\n|-damage|p2a: Ruin Statue|90\/100\n|-unboost|p2a: Ruin Statue|spe|1\n|-enditem|p2a: Ruin Statue|Weakness Policy\n|-boost|p2a: Ruin Statue|atk|2|[from] item: Weakness Policy\n|-boost|p2a: Ruin Statue|spa|2|[from] item: Weakness Policy\n|move|p2a: Ruin Statue|Earthquake|p1a: Tatsugiri|[spread] p1a,p1b\n|-activate|p2b: Garry|ability: Telepathy\n|-supereffective|p1b: Chi-Yu\n|-damage|p1a: Tatsugiri|0 fnt\n|-enditem|p1b: Chi-Yu|Focus Sash\n|-damage|p1b: Chi-Yu|1\/100\n|faint|p1a: Tatsugiri\n|move|p1b: Chi-Yu|Snarl|p2a: Ruin Statue|[spread] p2a,p2b\n|-resisted|p2a: Ruin Statue\n|-damage|p2a: Ruin Statue|82\/100\n|-damage|p2b: Garry|0 fnt\n|-unboost|p2a: Ruin Statue|spa|1\n|faint|p2b: Garry\n|\n|upkeep\n|\n|t:|1682529480\n|switch|p2b: Thick|Iron Hands, L50|100\/100\n|switch|p1a: Glimmora|Glimmora, L50, M|100\/100\n|turn|3\n|inactive|Stonny has 30 seconds left.\n|\n|t:|1682529510\n|-terastallize|p1a: Glimmora|Grass\n|move|p1b: Chi-Yu|Protect|p1b: Chi-Yu\n|-singleturn|p1b: Chi-Yu|Protect\n|move|p2b: Thick|Fake Out|p1b: Chi-Yu\n|-activate|p1b: Chi-Yu|move: Protect\n|move|p2a: Ruin Statue|Throat Chop|p1a: Glimmora\n|-damage|p1a: Glimmora|11\/100\n|-start|p1a: Glimmora|Throat Chop|[silent]\n|-activate|p1a: Glimmora|ability: Toxic Debris\n|-sidestart|p2: Stonny|move: Toxic Spikes\n|move|p1a: Glimmora|Energy Ball|p2a: Ruin Statue\n|-supereffective|p2a: Ruin Statue\n|-damage|p2a: Ruin Statue|5\/100\n|\n|upkeep\n|turn|4\n|inactive|Stonny has 30 seconds left.\n|\n|t:|1682529539\n|move|p1b: Chi-Yu|Protect|p1b: Chi-Yu\n|-singleturn|p1b: Chi-Yu|Protect\n|move|p2a: Ruin Statue|Throat Chop|p1a: Glimmora\n|-damage|p1a: Glimmora|0 fnt\n|-activate|p1a: Glimmora|ability: Toxic Debris\n|-sidestart|p2: Stonny|move: Toxic Spikes\n|faint|p1a: Glimmora\n|move|p2b: Thick|Drain Punch|p1b: Chi-Yu\n|-activate|p1b: Chi-Yu|move: Protect\n|\n|upkeep\n|\n|t:|1682529541\n|switch|p1a: Flutter Mane|Flutter Mane, L50, shiny|100\/100\n|-enditem|p1a: Flutter Mane|Booster Energy\n|-activate|p1a: Flutter Mane|ability: Protosynthesis|[fromitem]\n|-start|p1a: Flutter Mane|protosynthesisspe\n|turn|5\n|inactive|Stonny has 30 seconds left.\n|inactive|Stonny has 20 seconds left.\n|\n|t:|1682529577\n|move|p1b: Chi-Yu|Protect||[still]\n|-fail|p1b: Chi-Yu\n|move|p1a: Flutter Mane|Protect|p1a: Flutter Mane\n|-singleturn|p1a: Flutter Mane|Protect\n|move|p2a: Ruin Statue|Rock Slide|p1b: Chi-Yu|[spread] p1b\n|-activate|p1a: Flutter Mane|move: Protect\n|-supereffective|p1b: Chi-Yu\n|-damage|p1b: Chi-Yu|0 fnt\n|faint|p1b: Chi-Yu\n|move|p2b: Thick|Wild Charge|p1a: Flutter Mane\n|-activate|p1a: Flutter Mane|move: Protect\n|\n|-fieldend|move: Trick Room\n|upkeep\n|turn|6\n|inactive|PandaPat75 has 30 seconds left.\n|inactive|PandaPat75 has 20 seconds left.\n|inactive|PandaPat75 has 15 seconds left.\n|inactive|PandaPat75 has 10 seconds left.\n|inactive|PandaPat75 has 5 seconds left.\n|inactive|Stonny has 30 seconds left.\n|\n|t:|1682529634\n|move|p1a: Flutter Mane|Protect|p1a: Flutter Mane\n|-singleturn|p1a: Flutter Mane|Protect\n|move|p2b: Thick|Wild Charge|p1a: Flutter Mane\n|-activate|p1a: Flutter Mane|move: Protect\n|move|p2a: Ruin Statue|Throat Chop|p1a: Flutter Mane\n|-activate|p1a: Flutter Mane|move: Protect\n|\n|upkeep\n|turn|7\n|inactive|PandaPat75 has 30 seconds left.\n|inactive|PandaPat75 has 20 seconds left.\n|inactive|PandaPat75 has 15 seconds left.\n|inactive|PandaPat75 has 10 seconds left.\n|inactive|PandaPat75 has 5 seconds left.\n|\n|t:|1682529689\n|move|p1a: Flutter Mane|Protect||[still]\n|-fail|p1a: Flutter Mane\n|move|p2b: Thick|Wild Charge|p1a: Flutter Mane\n|-damage|p1a: Flutter Mane|0 fnt\n|faint|p1a: Flutter Mane\n|-end|p1a: Flutter Mane|Protosynthesis|[silent]\n|-damage|p2b: Thick|85\/100|[from] Recoil\n|\n|win|Stonny\n|raw|PandaPat75's rating: 1464 → 1439<\/strong> (-25 for losing)\n|raw|Stonny's rating: 1374 → 1399<\/strong> (+25 for winning)\n","uploadtime":1682529698,"views":10,"p1id":"pandapat75","p2id":"stonny","formatid":"gen9vgc2023regulationc","rating":1399,"private":0,"password":""}