{"id":"gen9vgc2023regulationc-1850287819","p1":"Sailsun","p2":"charedeburlap","format":"[Gen 9] VGC 2023 Regulation C","log":"|j|\u2606Sailsun\n|j|\u2606charedeburlap\n|t:|1682311519\n|gametype|doubles\n|player|p1|Sailsun|101|1203\n|player|p2|charedeburlap|lucian|1118\n|teamsize|p1|6\n|teamsize|p2|6\n|gen|9\n|tier|[Gen 9] VGC 2023 Regulation C\n|rated|\n|rule|Species Clause: Limit one of each Pok\u00e9mon\n|rule|Item Clause: Limit one of each item\n|clearpoke\n|poke|p1|Dondozo, L50, M|\n|poke|p1|Tatsugiri-Stretchy, L50, M|\n|poke|p1|Chi-Yu, L50|\n|poke|p1|Flutter Mane, L50|\n|poke|p1|Dragonite, L50, F|\n|poke|p1|Glimmora, L50, M|\n|poke|p2|Glimmora, L50, F|\n|poke|p2|Chi-Yu, L50|\n|poke|p2|Kingambit, L50, M|\n|poke|p2|Palafin, L50, M|\n|poke|p2|Flutter Mane, L50|\n|poke|p2|Iron Hands, L50|\n|teampreview|4\n|inactive|Battle timer is ON: inactive players will automatically lose when time's up. (requested by charedeburlap)\n|inactive|Sailsun has 60 seconds left.\n|\n|t:|1682311557\n|start\n|switch|p1a: Dragonite|Dragonite, L50, F|100\/100\n|switch|p1b: Flutter Mane|Flutter Mane, L50|100\/100\n|switch|p2a: Palafin|Palafin, L50, M|100\/100\n|switch|p2b: Glimmora|Glimmora, L50, F|100\/100\n|-enditem|p1b: Flutter Mane|Booster Energy\n|-activate|p1b: Flutter Mane|ability: Protosynthesis|[fromitem]\n|-start|p1b: Flutter Mane|protosynthesisspe\n|turn|1\n|inactive|charedeburlap has 30 seconds left.\n|\n|t:|1682311583\n|move|p1b: Flutter Mane|Substitute|p1b: Flutter Mane\n|-start|p1b: Flutter Mane|Substitute\n|-damage|p1b: Flutter Mane|76\/100\n|move|p2a: Palafin|Flip Turn|p1b: Flutter Mane\n|-end|p1b: Flutter Mane|Substitute\n|\n|t:|1682311590\n|detailschange|p2a: Palafin|Palafin-Hero, L50, M\n|switch|p2a: Kingambit|Kingambit, L50, M|100\/100|[from] Flip Turn\n|move|p2b: Glimmora|Sludge Bomb|p1b: Flutter Mane\n|-damage|p1b: Flutter Mane|34\/100\n|-status|p1b: Flutter Mane|psn\n|move|p1a: Dragonite|Stomping Tantrum|p2b: Glimmora\n|-supereffective|p2b: Glimmora\n|-damage|p2b: Glimmora|0 fnt\n|-activate|p2b: Glimmora|ability: Toxic Debris\n|-sidestart|p1: Sailsun|move: Toxic Spikes\n|faint|p2b: Glimmora\n|\n|-damage|p1b: Flutter Mane|21\/100 psn|[from] psn\n|upkeep\n|\n|t:|1682311595\n|switch|p2b: Palafin|Palafin-Hero, L50, M|100\/100\n|-activate|p2b: Palafin|ability: Zero to Hero\n|turn|2\n|inactive|Sailsun has 30 seconds left.\n|\n|t:|1682311621\n|-end|p1b: Flutter Mane|Protosynthesis|[silent]\n|switch|p1b: Tatsugiri|Tatsugiri-Stretchy, L50, M|100\/100\n|-status|p1b: Tatsugiri|psn\n|-terastallize|p1a: Dragonite|Normal\n|move|p1a: Dragonite|Extreme Speed|p2b: Palafin\n|-damage|p2b: Palafin|55\/100\n|move|p2b: Palafin|Jet Punch|p1b: Tatsugiri\n|-ability|p1b: Tatsugiri|Storm Drain|boost\n|-boost|p1b: Tatsugiri|spa|1\n|move|p2a: Kingambit|Kowtow Cleave|p1a: Dragonite\n|-damage|p1a: Dragonite|74\/100\n|\n|-damage|p1b: Tatsugiri|88\/100 psn|[from] psn\n|upkeep\n|turn|3\n|inactive|Sailsun has 30 seconds left.\n|\n|t:|1682311652\n|switch|p2b: Flutter Mane|Flutter Mane, L50|100\/100\n|-enditem|p2b: Flutter Mane|Booster Energy\n|-activate|p2b: Flutter Mane|ability: Protosynthesis|[fromitem]\n|-start|p2b: Flutter Mane|protosynthesisspe\n|move|p1a: Dragonite|Stomping Tantrum|p2a: Kingambit\n|-supereffective|p2a: Kingambit\n|-damage|p2a: Kingambit|56\/100\n|-damage|p1a: Dragonite|58\/100|[from] item: Rocky Helmet|[of] p2a: Kingambit\n|move|p1b: Tatsugiri|Dragon Pulse|p2b: Flutter Mane\n|-immune|p2b: Flutter Mane\n|move|p2a: Kingambit|Kowtow Cleave|p1b: Tatsugiri\n|-damage|p1b: Tatsugiri|15\/100 psn\n|\n|-damage|p1b: Tatsugiri|3\/100 psn|[from] psn\n|upkeep\n|turn|4\n|inactive|Sailsun has 30 seconds left.\n|\n|t:|1682311682\n|switch|p1b: Flutter Mane|Flutter Mane, L50|21\/100 psn\n|move|p1a: Dragonite|Protect|p1a: Dragonite\n|-singleturn|p1a: Dragonite|Protect\n|move|p2a: Kingambit|Sucker Punch||[still]\n|-fail|p2a: Kingambit\n|move|p2b: Flutter Mane|Moonblast|p1a: Dragonite\n|-activate|p1a: Dragonite|move: Protect\n|\n|-damage|p1b: Flutter Mane|9\/100 psn|[from] psn\n|upkeep\n|turn|5\n|\n|t:|1682311702\n|move|p1b: Flutter Mane|Protect|p1b: Flutter Mane\n|-singleturn|p1b: Flutter Mane|Protect\n|move|p2a: Kingambit|Sucker Punch||[still]\n|-fail|p2a: Kingambit\n|move|p2b: Flutter Mane|Dazzling Gleam|p1b: Flutter Mane|[spread] p1a\n|-activate|p1b: Flutter Mane|move: Protect\n|-damage|p1a: Dragonite|29\/100\n|move|p1a: Dragonite|Aerial Ace|p2b: Flutter Mane\n|-damage|p2b: Flutter Mane|24\/100\n|\n|-damage|p1b: Flutter Mane|0 fnt|[from] psn\n|faint|p1b: Flutter Mane\n|-end|p1b: Flutter Mane|Protosynthesis|[silent]\n|upkeep\n|\n|t:|1682311717\n|switch|p1b: Chi-Yu|Chi-Yu, L50|100\/100\n|-status|p1b: Chi-Yu|psn\n|-ability|p1b: Chi-Yu|Beads of Ruin\n|turn|6\n|\n|t:|1682311736\n|move|p2b: Flutter Mane|Protect|p2b: Flutter Mane\n|-singleturn|p2b: Flutter Mane|Protect\n|move|p1a: Dragonite|Protect|p1a: Dragonite\n|-singleturn|p1a: Dragonite|Protect\n|move|p2a: Kingambit|Sucker Punch||[still]\n|-fail|p2a: Kingambit\n|move|p1b: Chi-Yu|Flamethrower|p2a: Kingambit\n|-supereffective|p2a: Kingambit\n|-damage|p2a: Kingambit|0 fnt\n|faint|p2a: Kingambit\n|\n|-damage|p1b: Chi-Yu|89\/100 psn|[from] psn\n|upkeep\n|\n|t:|1682311744\n|switch|p2a: Palafin|Palafin-Hero, L50, M|55\/100\n|turn|7\n|\n|t:|1682311763\n|switch|p1a: Tatsugiri|Tatsugiri-Stretchy, L50, M|3\/100 psn\n|-terastallize|p2a: Palafin|Water\n|move|p2a: Palafin|Jet Punch|p1a: Tatsugiri\n|-activate|p1a: Tatsugiri|ability: Storm Drain\n|-ability|p1a: Tatsugiri|Storm Drain|boost\n|-boost|p1a: Tatsugiri|spa|1\n|move|p2b: Flutter Mane|Dazzling Gleam|p1b: Chi-Yu|[spread] p1a,p1b\n|-supereffective|p1a: Tatsugiri\n|-damage|p1a: Tatsugiri|0 fnt\n|-damage|p1b: Chi-Yu|56\/100 psn\n|faint|p1a: Tatsugiri\n|move|p1b: Chi-Yu|Dark Pulse|p2a: Palafin\n|-damage|p2a: Palafin|0 fnt\n|faint|p2a: Palafin\n|\n|-damage|p1b: Chi-Yu|45\/100 psn|[from] psn\n|upkeep\n|\n|t:|1682311781\n|switch|p1a: Dragonite|Dragonite, L50, F, tera:Normal|29\/100\n|-status|p1a: Dragonite|psn\n|turn|8\n|l|\u2606Sailsun\n|inactive|Sailsun disconnected and has a minute to reconnect!\n|player|p1|\n|j|\u2606Sailsun\n|inactive|Sailsun reconnected and has 35 seconds left.\n|player|p1|Sailsun|101\n|inactive|Sailsun has 30 seconds left.\n|\n|t:|1682311810\n|move|p2b: Flutter Mane|Protect|p2b: Flutter Mane\n|-singleturn|p2b: Flutter Mane|Protect\n|move|p1b: Chi-Yu|Flamethrower|p2b: Flutter Mane\n|-activate|p2b: Flutter Mane|move: Protect\n|move|p1a: Dragonite|Aerial Ace|p2b: Flutter Mane\n|-activate|p2b: Flutter Mane|move: Protect\n|\n|-damage|p1b: Chi-Yu|33\/100 psn|[from] psn\n|-damage|p1a: Dragonite|17\/100 psn|[from] psn\n|upkeep\n|turn|9\n|\n|t:|1682311823\n|move|p2b: Flutter Mane|Dazzling Gleam|p1b: Chi-Yu|[spread] p1a,p1b\n|-damage|p1a: Dragonite|0 fnt\n|-damage|p1b: Chi-Yu|2\/100 psn\n|faint|p1a: Dragonite\n|move|p1b: Chi-Yu|Flamethrower|p2b: Flutter Mane\n|-damage|p2b: Flutter Mane|0 fnt\n|faint|p2b: Flutter Mane\n|-end|p2b: Flutter Mane|Protosynthesis|[silent]\n|\n|win|Sailsun\n|raw|Sailsun's rating: 1203 → 1222<\/strong> (+19 for winning)\n|raw|charedeburlap's rating: 1118 → 1099<\/strong> (-19 for losing)\n|l|\u2606charedeburlap\n","uploadtime":1682311839,"views":35,"p1id":"sailsun","p2id":"charedeburlap","formatid":"gen9vgc2023regulationc","rating":1099,"private":0,"password":""}