{"id":"gen9vgc2023regulationc-1860772388","p1":"BBRAFF","p2":"thejordanvgc","format":"[Gen 9] VGC 2023 Regulation C","log":"|j|\u2606BBRAFF\n|j|\u2606thejordanvgc\n|t:|1683676063\n|gametype|doubles\n|player|p1|BBRAFF|cyclist|\n|player|p2|thejordanvgc|265|\n|teamsize|p1|6\n|teamsize|p2|6\n|gen|9\n|tier|[Gen 9] VGC 2023 Regulation C\n|rule|Species Clause: Limit one of each Pok\u00e9mon\n|rule|Item Clause: Limit one of each item\n|clearpoke\n|poke|p1|Honchkrow, L50, F|\n|poke|p1|Iron Valiant, L50|\n|poke|p1|Raichu, L50, F|\n|poke|p1|Skrelp, L50, M|\n|poke|p1|Maushold, L50|\n|poke|p1|Gyarados, L50, M|\n|poke|p2|Iron Jugulis, L50|\n|poke|p2|Garchomp, L50, M|\n|poke|p2|Toxicroak, L50, F|\n|poke|p2|Florges, L50, F|\n|poke|p2|Klefki, L50, M|\n|poke|p2|Eelektross, L50, F|\n|teampreview|4\n|c|\u2606thejordanvgc|hey\n|c|\u2606BBRAFF|hey hey TJ wassup\n|c|\u2606thejordanvgc|g1\nBBRAFF rejected open team sheets.\n|\n|t:|1683676197\n|start\n|switch|p1a: Alita|Iron Valiant, L50|100\/100\n|switch|p1b: Pregnant|Skrelp, L50, M|100\/100\n|switch|p2a: Juggy Baby|Iron Jugulis, L50|100\/100\n|switch|p2b: Gadget|Klefki, L50, M|100\/100\n|-enditem|p1a: Alita|Booster Energy\n|-activate|p1a: Alita|ability: Quark Drive|[fromitem]\n|-start|p1a: Alita|quarkdrivespe\n|turn|1\n|c|\u2606thejordanvgc|gl hf!\n|c|\u2606BBRAFF|u2?\n|c|\u2606BBRAFF|!\n|\n|t:|1683676246\n|move|p1a: Alita|Icy Wind|p2b: Gadget|[spread] p2a,p2b\n|-supereffective|p2a: Juggy Baby\n|-resisted|p2b: Gadget\n|-damage|p2a: Juggy Baby|75\/100\n|-damage|p2b: Gadget|94\/100\n|-unboost|p2b: Gadget|spe|1\n|move|p2a: Juggy Baby|Tailwind|p2a: Juggy Baby\n|-sidestart|p2: thejordanvgc|move: Tailwind\n|move|p2b: Gadget|Dazzling Gleam|p1b: Pregnant|[spread] p1a,p1b\n|-supereffective|p1a: Alita\n|-resisted|p1b: Pregnant\n|-crit|p1b: Pregnant\n|-damage|p1a: Alita|45\/100\n|-damage|p1b: Pregnant|78\/100\n|move|p1b: Pregnant|Liquidation|p2b: Gadget\n|-damage|p2b: Gadget|36\/100\n|-unboost|p2b: Gadget|def|1\n|\n|upkeep\n|turn|2\n|\n|t:|1683676283\n|move|p2a: Juggy Baby|Earth Power|p1b: Pregnant\n|-supereffective|p1b: Pregnant\n|-damage|p1b: Pregnant|0 fnt\n|faint|p1b: Pregnant\n|move|p1a: Alita|Dazzling Gleam|p2b: Gadget|[spread] p2a,p2b\n|-supereffective|p2a: Juggy Baby\n|-resisted|p2b: Gadget\n|-damage|p2a: Juggy Baby|13\/100\n|-damage|p2b: Gadget|22\/100\n|move|p2b: Gadget|Dazzling Gleam|p1a: Alita\n|-supereffective|p1a: Alita\n|-crit|p1a: Alita\n|-damage|p1a: Alita|0 fnt\n|faint|p1a: Alita\n|-end|p1a: Alita|Quark Drive|[silent]\n|\n|upkeep\n|\n|t:|1683676288\n|switch|p1a: Al Capone|Honchkrow, L50, F|100\/100\n|switch|p1b: Remy + Fam|Maushold, L50|100\/100\n|turn|3\n|\n|t:|1683676344\n|-terastallize|p1a: Al Capone|Ice\n|move|p1b: Remy + Fam|Helping Hand|p1a: Al Capone\n|-singleturn|p1a: Al Capone|Helping Hand|[of] p1b: Remy + Fam\n|move|p2b: Gadget|Reflect|p2b: Gadget\n|-sidestart|p2: thejordanvgc|Reflect\n|move|p2a: Juggy Baby|Air Slash|p1b: Remy + Fam\n|-damage|p1b: Remy + Fam|54\/100\n|move|p1a: Al Capone|Icy Wind|p2b: Gadget|[spread] p2a,p2b\n|-supereffective|p2a: Juggy Baby\n|-resisted|p2b: Gadget\n|-damage|p2a: Juggy Baby|0 fnt\n|-damage|p2b: Gadget|7\/100\n|-unboost|p2b: Gadget|spe|1\n|faint|p2a: Juggy Baby\n|-end|p2a: Juggy Baby|Quark Drive|[silent]\n|\n|upkeep\n|\n|t:|1683676372\n|switch|p2a: Mozilla Firefrog|Toxicroak, L50, F|100\/100\n|turn|4\n|\n|t:|1683676385\n|move|p1b: Remy + Fam|Helping Hand|p1a: Al Capone\n|-singleturn|p1a: Al Capone|Helping Hand|[of] p1b: Remy + Fam\n|move|p2a: Mozilla Firefrog|Fake Out|p1a: Al Capone\n|-damage|p1a: Al Capone|80\/100\n|-damage|p2a: Mozilla Firefrog|91\/100|[from] item: Life Orb\n|move|p2b: Gadget|Switcheroo|p1b: Remy + Fam\n|-activate|p2b: Gadget|move: Trick|[of] p1b: Remy + Fam\n|-item|p1b: Remy + Fam|Iron Ball|[from] move: Switcheroo\n|-item|p2b: Gadget|Sitrus Berry|[from] move: Switcheroo\n|-enditem|p2b: Gadget|Sitrus Berry|[eat]\n|-heal|p2b: Gadget|32\/100|[from] item: Sitrus Berry\n|cant|p1a: Al Capone|flinch\n|\n|-sideend|p2: thejordanvgc|move: Tailwind\n|upkeep\n|turn|5\n|\n|t:|1683676410\n|-terastallize|p2a: Mozilla Firefrog|Rock\n|move|p1b: Remy + Fam|Helping Hand|p1a: Al Capone\n|-singleturn|p1a: Al Capone|Helping Hand|[of] p1b: Remy + Fam\n|move|p1a: Al Capone|Icy Wind|p2b: Gadget|[spread] p2a,p2b\n|-resisted|p2b: Gadget\n|-damage|p2a: Mozilla Firefrog|40\/100\n|-damage|p2b: Gadget|16\/100\n|-unboost|p2a: Mozilla Firefrog|spe|1\n|-unboost|p2b: Gadget|spe|1\n|move|p2a: Mozilla Firefrog|Stone Edge|p1a: Al Capone\n|-supereffective|p1a: Al Capone\n|-damage|p1a: Al Capone|0 fnt\n|faint|p1a: Al Capone\n|-damage|p2a: Mozilla Firefrog|30\/100|[from] item: Life Orb\n|move|p2b: Gadget|Dazzling Gleam|p1b: Remy + Fam\n|-damage|p1b: Remy + Fam|25\/100\n|\n|upkeep\n|turn|6\n|\n|t:|1683676432\n|move|p1b: Remy + Fam|Helping Hand|p1: Al Capone|[notarget]\n|-fail|p1b: Remy + Fam\n|move|p2a: Mozilla Firefrog|Stone Edge|p1b: Remy + Fam\n|-damage|p1b: Remy + Fam|0 fnt\n|faint|p1b: Remy + Fam\n|-damage|p2a: Mozilla Firefrog|20\/100|[from] item: Life Orb\n|\n|win|thejordanvgc\n|c|\u2606BBRAFF|gg\n|c|\u2606thejordanvgc|gg\n","uploadtime":1683676440,"views":21,"p1id":"bbraff","p2id":"thejordanvgc","formatid":"gen9vgc2023regulationc","rating":0,"private":0,"password":""}