{"id":"gen9vgc2023regulationc-1857499777","p1":"Sgutar_64","p2":"Feliber","format":"[Gen 9] VGC 2023 Regulation C","log":"|j|\u2606Sgutar_64\n|j|\u2606Feliber\n|t:|1683202015\n|gametype|doubles\n|player|p1|Sgutar_64|170|1087\n|player|p2|Feliber|102|1000\n|teamsize|p1|6\n|teamsize|p2|6\n|gen|9\n|tier|[Gen 9] VGC 2023 Regulation C\n|rated|\n|rule|Species Clause: Limit one of each Pok\u00e9mon\n|rule|Item Clause: Limit one of each item\n|clearpoke\n|poke|p1|Roaring Moon, L50|\n|poke|p1|Torkoal, L50, F|\n|poke|p1|Amoonguss, L50, M|\n|poke|p1|Palafin, L50, F|\n|poke|p1|Ting-Lu, L50|\n|poke|p1|Flutter Mane, L50|\n|poke|p2|Brute Bonnet, L50|\n|poke|p2|Altaria, L50, F|\n|poke|p2|Revavroom, L50, M|\n|poke|p2|Vaporeon, L50, M|\n|poke|p2|Krookodile, L50, M|\n|poke|p2|Arcanine, L50, M|\n|teampreview|4\n|\n|t:|1683202056\n|start\n|switch|p1a: Palafin|Palafin, L50, F|100\/100\n|switch|p1b: Roaring Moon|Roaring Moon, L50, shiny|100\/100\n|switch|p2a: Cloudia|Altaria, L50, F, shiny|100\/100\n|switch|p2b: BROOOOMM|Revavroom, L50, M|100\/100\n|-ability|p2a: Cloudia|Cloud Nine\n|-enditem|p1b: Roaring Moon|Booster Energy\n|-activate|p1b: Roaring Moon|ability: Protosynthesis|[fromitem]\n|-start|p1b: Roaring Moon|protosynthesisatk\n|turn|1\n|inactive|Battle timer is ON: inactive players will automatically lose when time's up. (requested by Sgutar_64)\n|\n|t:|1683202081\n|detailschange|p1a: Palafin|Palafin-Hero, L50, F\n|switch|p1a: Amoonguss|Amoonguss, L50, M|100\/100\n|-terastallize|p2a: Cloudia|Fairy\n|move|p1b: Roaring Moon|Protect|p1b: Roaring Moon\n|-singleturn|p1b: Roaring Moon|Protect\n|move|p2a: Cloudia|Dazzling Gleam|p1b: Roaring Moon|[spread] p1a\n|-activate|p1b: Roaring Moon|move: Protect\n|-resisted|p1a: Amoonguss\n|-damage|p1a: Amoonguss|93\/100\n|move|p2b: BROOOOMM|Shift Gear|p2b: BROOOOMM\n|-boost|p2b: BROOOOMM|spe|2\n|-boost|p2b: BROOOOMM|atk|1\n|\n|upkeep\n|turn|2\n|inactive|Feliber has 30 seconds left.\n|\n|t:|1683202106\n|move|p1a: Amoonguss|Rage Powder|p1a: Amoonguss\n|-singleturn|p1a: Amoonguss|move: Rage Powder\n|move|p2b: BROOOOMM|Toxic Spikes|p1a: Amoonguss\n|-sidestart|p1: Sgutar_64|move: Toxic Spikes\n|move|p1b: Roaring Moon|Tailwind|p1b: Roaring Moon\n|-sidestart|p1: Sgutar_64|move: Tailwind\n|move|p2a: Cloudia|Tailwind|p2a: Cloudia\n|-sidestart|p2: Feliber|move: Tailwind\n|\n|upkeep\n|turn|3\n|\n|t:|1683202127\n|move|p2b: BROOOOMM|Shift Gear|p2b: BROOOOMM\n|-boost|p2b: BROOOOMM|spe|2\n|-boost|p2b: BROOOOMM|atk|1\n|move|p1b: Roaring Moon|Acrobatics|p2a: Cloudia\n|-damage|p2a: Cloudia|35\/100\n|move|p2a: Cloudia|Dazzling Gleam|p1a: Amoonguss|[spread] p1a,p1b\n|-resisted|p1a: Amoonguss\n|-supereffective|p1b: Roaring Moon\n|-damage|p1a: Amoonguss|86\/100\n|-damage|p1b: Roaring Moon|18\/100\n|move|p1a: Amoonguss|Spore|p2a: Cloudia\n|-activate|p2a: Cloudia|item: Safety Goggles|Spore\n|\n|upkeep\n|turn|4\n|\n|t:|1683202151\n|move|p2a: Cloudia|Protect|p2a: Cloudia\n|-singleturn|p2a: Cloudia|Protect\n|move|p2b: BROOOOMM|Self-Destruct|p1a: Amoonguss|[spread] p1a,p1b\n|-activate|p2a: Cloudia|move: Protect\n|-damage|p1a: Amoonguss|0 fnt\n|-damage|p1b: Roaring Moon|0 fnt\n|faint|p2b: BROOOOMM\n|faint|p1a: Amoonguss\n|faint|p1b: Roaring Moon\n|-end|p1b: Roaring Moon|Protosynthesis|[silent]\n|\n|upkeep\n|\n|t:|1683202167\n|switch|p1b: Palafin|Palafin-Hero, L50, F|100\/100\n|switch|p2b: Lebron James|Arcanine, L50, M|100\/100\n|switch|p1a: Flutter Mane|Flutter Mane, L50|100\/100\n|-status|p1a: Flutter Mane|psn\n|-ability|p2b: Lebron James|Intimidate|boost\n|-unboost|p1a: Flutter Mane|atk|1\n|-unboost|p1b: Palafin|atk|1\n|-status|p1b: Palafin|psn\n|-activate|p1b: Palafin|ability: Zero to Hero\n|turn|5\n|inactive|Sgutar_64 has 30 seconds left.\n|inactive|Feliber has 30 seconds left.\n|inactive|Feliber has 20 seconds left.\n|\n|t:|1683202204\n|-terastallize|p1b: Palafin|Water\n|move|p1b: Palafin|Jet Punch|p2b: Lebron James\n|-supereffective|p2b: Lebron James\n|-damage|p2b: Lebron James|0 fnt\n|faint|p2b: Lebron James\n|move|p1a: Flutter Mane|Shadow Ball|p2a: Cloudia\n|-damage|p2a: Cloudia|0 fnt\n|faint|p2a: Cloudia\n|-damage|p1a: Flutter Mane|90\/100 psn|[from] item: Life Orb\n|\n|-damage|p1a: Flutter Mane|78\/100 psn|[from] psn\n|-damage|p1b: Palafin|88\/100 psn|[from] psn\n|-sideend|p2: Feliber|move: Tailwind\n|-sideend|p1: Sgutar_64|move: Tailwind\n|upkeep\n|\n|t:|1683202216\n|switch|p2b: Sabbiadrillo|Krookodile, L50, M|100\/100\n|-ability|p2b: Sabbiadrillo|Intimidate|boost\n|-unboost|p1a: Flutter Mane|atk|1\n|-unboost|p1b: Palafin|atk|1\n|turn|6\n|\n|t:|1683202226\n|move|p1a: Flutter Mane|Moonblast|p2b: Sabbiadrillo\n|-supereffective|p2b: Sabbiadrillo\n|-damage|p2b: Sabbiadrillo|0 fnt\n|faint|p2b: Sabbiadrillo\n|-damage|p1a: Flutter Mane|68\/100 psn|[from] item: Life Orb\n|\n|win|Sgutar_64\n|raw|Sgutar_64's rating: 1087 → 1107<\/strong> (+20 for winning)\n|raw|Feliber's rating: 1000 → 1000<\/strong> (+0 for losing)\n|l|\u2606Feliber\n","uploadtime":1683202238,"views":6,"p1id":"sgutar64","p2id":"feliber","formatid":"gen9vgc2023regulationc","rating":1000,"private":0,"password":""}