{"id":"gen9vgc2023regulationc-1857164514","p1":"Compact subset","p2":"Aotn091","format":"[Gen 9] VGC 2023 Regulation C","log":"|j|\u2606Compact subset\n|j|\u2606Aotn091\n|t:|1683152812\n|gametype|doubles\n|player|p1|Compact subset|ethan-gen2c|1000\n|player|p2|Aotn091|169|1035\n|teamsize|p1|6\n|teamsize|p2|6\n|gen|9\n|tier|[Gen 9] VGC 2023 Regulation C\n|rated|\n|rule|Species Clause: Limit one of each Pok\u00e9mon\n|rule|Item Clause: Limit one of each item\n|clearpoke\n|poke|p1|Pincurchin, L50, M|\n|poke|p1|Iron Bundle, L50|\n|poke|p1|Iron Treads, L50|\n|poke|p1|Annihilape, L50, F|\n|poke|p1|Orthworm, L50, M|\n|poke|p1|Hawlucha, L50, F|\n|poke|p2|Tauros-Paldea-Combat, L50, M|\n|poke|p2|Annihilape, L50, F|\n|poke|p2|Arcanine, L50, M|\n|poke|p2|Rotom-Wash, L50|\n|poke|p2|Toedscruel, L50, M|\n|poke|p2|Flutter Mane, L50|\n|teampreview|4\n|inactive|Battle timer is ON: inactive players will automatically lose when time's up. (requested by Compact subset)\n|\n|t:|1683152831\n|start\n|switch|p1a: Pincurchin|Pincurchin, L50, M|100\/100\n|switch|p1b: Iron Bundle|Iron Bundle, L50|100\/100\n|switch|p2a: Tauros|Tauros-Paldea-Combat, L50, M|100\/100\n|switch|p2b: Arcanine|Arcanine, L50, M|100\/100\n|-ability|p2b: Arcanine|Intimidate|boost\n|-unboost|p1a: Pincurchin|atk|1\n|-unboost|p1b: Iron Bundle|atk|1\n|-ability|p2a: Tauros|Intimidate|boost\n|-unboost|p1a: Pincurchin|atk|1\n|-unboost|p1b: Iron Bundle|atk|1\n|-fieldstart|move: Electric Terrain|[from] ability: Electric Surge|[of] p1a: Pincurchin\n|-activate|p1b: Iron Bundle|ability: Quark Drive\n|-start|p1b: Iron Bundle|quarkdrivespa\n|turn|1\n|inactive|Compact subset has 30 seconds left.\n|inactive|Compact subset has 20 seconds left.\n|\n|t:|1683152867\n|-end|p1b: Iron Bundle|Quark Drive|[silent]\n|switch|p1b: Annihilape|Annihilape, L50, F|100\/100\n|move|p2b: Arcanine|Wild Charge|p1b: Annihilape\n|-damage|p1b: Annihilape|51\/100\n|-damage|p2b: Arcanine|85\/100|[from] Recoil\n|-damage|p2b: Arcanine|75\/100|[from] item: Life Orb\n|move|p2a: Tauros|Curse|p2a: Tauros\n|-unboost|p2a: Tauros|spe|1\n|-boost|p2a: Tauros|atk|1\n|-boost|p2a: Tauros|def|1\n|move|p1a: Pincurchin|Thunder Wave|p2a: Tauros|[miss]\n|-miss|p1a: Pincurchin|p2a: Tauros\n|\n|-heal|p1b: Annihilape|57\/100|[from] item: Leftovers\n|upkeep\n|turn|2\n|inactive|Compact subset has 30 seconds left.\n|inactive|Aotn091 has 30 seconds left.\n|\n|t:|1683152902\n|-terastallize|p2a: Tauros|Ghost\n|move|p1b: Annihilape|Protect|p1b: Annihilape\n|-singleturn|p1b: Annihilape|Protect\n|move|p2b: Arcanine|Flare Blitz|p1a: Pincurchin\n|-damage|p1a: Pincurchin|42\/100\n|-damage|p2b: Arcanine|57\/100|[from] Recoil\n|-damage|p2b: Arcanine|47\/100|[from] item: Life Orb\n|move|p2a: Tauros|Tera Blast|p1b: Annihilape\n|-activate|p1b: Annihilape|move: Protect\n|move|p1a: Pincurchin|Thunder Wave|p2a: Tauros\n|-status|p2a: Tauros|par\n|-enditem|p2a: Tauros|Lum Berry|[eat]\n|-curestatus|p2a: Tauros|par|[msg]\n|\n|-heal|p1b: Annihilape|63\/100|[from] item: Leftovers\n|upkeep\n|turn|3\n|inactive|Compact subset has 30 seconds left.\n|inactive|Compact subset has 20 seconds left.\n|inactive|Compact subset has 15 seconds left.\n|\n|t:|1683152945\n|switch|p1a: Iron Treads|Iron Treads, L50|100\/100\n|-activate|p1a: Iron Treads|ability: Quark Drive\n|-start|p1a: Iron Treads|quarkdrivedef\n|-terastallize|p1b: Annihilape|Fire\n|move|p2b: Arcanine|Flare Blitz|p1a: Iron Treads\n|-supereffective|p1a: Iron Treads\n|-damage|p1a: Iron Treads|19\/100\n|-damage|p2b: Arcanine|18\/100|[from] Recoil\n|-damage|p2b: Arcanine|8\/100|[from] item: Life Orb\n|move|p1b: Annihilape|Rage Fist|p2a: Tauros\n|-supereffective|p2a: Tauros\n|-damage|p2a: Tauros|57\/100\n|move|p2a: Tauros|Tera Blast|p1b: Annihilape\n|-damage|p1b: Annihilape|12\/100\n|\n|-heal|p1b: Annihilape|18\/100|[from] item: Leftovers\n|upkeep\n|turn|4\n|inactive|Aotn091 has 30 seconds left.\n|\n|t:|1683152971\n|move|p1b: Annihilape|Protect|p1b: Annihilape\n|-singleturn|p1b: Annihilape|Protect\n|move|p2b: Arcanine|Extreme Speed|p1b: Annihilape\n|-activate|p1b: Annihilape|move: Protect\n|move|p1a: Iron Treads|Earthquake|p2b: Arcanine|[spread] p2a,p2b\n|-activate|p1b: Annihilape|move: Protect\n|-supereffective|p2b: Arcanine\n|-damage|p2a: Tauros|38\/100\n|-damage|p2b: Arcanine|0 fnt\n|faint|p2b: Arcanine\n|move|p2a: Tauros|Close Combat|p1a: Iron Treads\n|-supereffective|p1a: Iron Treads\n|-damage|p1a: Iron Treads|0 fnt\n|-unboost|p2a: Tauros|def|1\n|-unboost|p2a: Tauros|spd|1\n|faint|p1a: Iron Treads\n|-end|p1a: Iron Treads|Quark Drive|[silent]\n|\n|-heal|p1b: Annihilape|24\/100|[from] item: Leftovers\n|upkeep\n|\n|t:|1683152990\n|switch|p2b: Rotom|Rotom-Wash, L50|100\/100\n|switch|p1a: Iron Bundle|Iron Bundle, L50|100\/100\n|-activate|p1a: Iron Bundle|ability: Quark Drive\n|-start|p1a: Iron Bundle|quarkdrivespa\n|turn|5\n|\n|t:|1683153010\n|move|p1a: Iron Bundle|Freeze-Dry|p2a: Tauros\n|-damage|p2a: Tauros|0 fnt\n|faint|p2a: Tauros\n|move|p1b: Annihilape|Rage Fist|p2b: Rotom\n|-damage|p2b: Rotom|51\/100\n|move|p2b: Rotom|Thunderbolt|p1a: Iron Bundle\n|-supereffective|p1a: Iron Bundle\n|-damage|p1a: Iron Bundle|0 fnt\n|faint|p1a: Iron Bundle\n|-end|p1a: Iron Bundle|Quark Drive|[silent]\n|\n|-heal|p1b: Annihilape|30\/100|[from] item: Leftovers\n|-heal|p2b: Rotom|57\/100|[from] item: Leftovers\n|-fieldend|move: Electric Terrain\n|upkeep\n|\n|t:|1683153023\n|switch|p1a: Pincurchin|Pincurchin, L50, M|42\/100\n|switch|p2a: Flutter Mane|Flutter Mane, L50|100\/100\n|-fieldstart|move: Electric Terrain|[from] ability: Electric Surge|[of] p1a: Pincurchin\n|-enditem|p2a: Flutter Mane|Booster Energy\n|-activate|p2a: Flutter Mane|ability: Protosynthesis|[fromitem]\n|-start|p2a: Flutter Mane|protosynthesisspe\n|turn|6\n|\n|t:|1683153038\n|move|p1b: Annihilape|Protect|p1b: Annihilape\n|-singleturn|p1b: Annihilape|Protect\n|move|p2a: Flutter Mane|Moonblast|p1b: Annihilape\n|-activate|p1b: Annihilape|move: Protect\n|move|p2b: Rotom|Hydro Pump|p1a: Pincurchin\n|-damage|p1a: Pincurchin|0 fnt\n|faint|p1a: Pincurchin\n|\n|-heal|p1b: Annihilape|36\/100|[from] item: Leftovers\n|-heal|p2b: Rotom|62\/100|[from] item: Leftovers\n|upkeep\n|turn|7\n|\n|t:|1683153052\n|move|p2a: Flutter Mane|Moonblast|p1b: Annihilape\n|-resisted|p1b: Annihilape\n|-damage|p1b: Annihilape|22\/100\n|move|p1b: Annihilape|Rage Fist|p2a: Flutter Mane\n|-supereffective|p2a: Flutter Mane\n|-damage|p2a: Flutter Mane|0 fnt\n|faint|p2a: Flutter Mane\n|-end|p2a: Flutter Mane|Protosynthesis|[silent]\n|move|p2b: Rotom|Thunderbolt|p1b: Annihilape\n|-damage|p1b: Annihilape|0 fnt\n|faint|p1b: Annihilape\n|\n|win|Aotn091\n|raw|Compact subset's rating: 1000 → 1000<\/strong> (+0 for losing)\n|raw|Aotn091's rating: 1035 → 1066<\/strong> (+31 for winning)\n|c|\u2606Compact subset|gg wp\n|c|\u2606Aotn091|gg\n|l|\u2606Compact subset\n","uploadtime":1683153295,"views":8,"p1id":"compactsubset","p2id":"aotn091","formatid":"gen9vgc2023regulationc","rating":1000,"private":0,"password":""}