{"id":"gen9vgc2023regulationc-1860104438","p1":"Boppenheimer","p2":"Max_97","format":"[Gen 9] VGC 2023 Regulation C","log":"|j|\u2606Boppenheimer\n|j|\u2606Max_97\n|t:|1683595688\n|gametype|doubles\n|player|p1|Boppenheimer|bellelba|1334\n|player|p2|Max_97|lucas|1389\n|teamsize|p1|6\n|teamsize|p2|6\n|gen|9\n|tier|[Gen 9] VGC 2023 Regulation C\n|rated|\n|rule|Species Clause: Limit one of each Pok\u00e9mon\n|rule|Item Clause: Limit one of each item\n|clearpoke\n|poke|p1|Tyranitar, L50, M|\n|poke|p1|Gastrodon, L50, M|\n|poke|p1|Flutter Mane, L50|\n|poke|p1|Klefki, L50, M|\n|poke|p1|Chi-Yu, L50|\n|poke|p1|Corviknight, L50, M|\n|poke|p2|Chien-Pao, L50|\n|poke|p2|Dragonite, L50, M|\n|poke|p2|Amoonguss, L50, M|\n|poke|p2|Iron Hands, L50|\n|poke|p2|Flutter Mane, L50|\n|poke|p2|Chi-Yu, L50|\n|teampreview|4\n|\n|t:|1683595722\n|start\n|switch|p1a: Klefki|Klefki, L50, M|100\/100\n|switch|p1b: Tyranitar|Tyranitar, L50, M|100\/100\n|switch|p2a: Iron Hands|Iron Hands, L50|100\/100\n|switch|p2b: Amoonguss|Amoonguss, L50, M|100\/100\n|-weather|Sandstorm|[from] ability: Sand Stream|[of] p1b: Tyranitar\n|turn|1\n|\n|t:|1683595747\n|-terastallize|p1b: Tyranitar|Grass\n|move|p2a: Iron Hands|Fake Out|p1b: Tyranitar\n|-damage|p1b: Tyranitar|87\/100\n|move|p1a: Klefki|Misty Terrain|p1a: Klefki\n|-fieldstart|move: Misty Terrain\n|cant|p1b: Tyranitar|flinch\n|move|p2b: Amoonguss|Spore|p1a: Klefki\n|-activate|p1a: Klefki|move: Misty Terrain\n|\n|-weather|Sandstorm|[upkeep]\n|-damage|p1b: Tyranitar|82\/100|[from] Sandstorm\n|-damage|p2a: Iron Hands|94\/100|[from] Sandstorm\n|-damage|p2b: Amoonguss|95\/100|[from] Sandstorm\n|upkeep\n|turn|2\n|\n|t:|1683595770\n|move|p2b: Amoonguss|Rage Powder|p2b: Amoonguss\n|-singleturn|p2b: Amoonguss|move: Rage Powder\n|move|p1a: Klefki|Reflect|p1a: Klefki\n|-sidestart|p1: Boppenheimer|Reflect\n|move|p1b: Tyranitar|Rock Slide|p2b: Amoonguss|[spread] p2a,p2b\n|-resisted|p2a: Iron Hands\n|-damage|p2a: Iron Hands|77\/100\n|-damage|p2b: Amoonguss|50\/100\n|move|p2a: Iron Hands|Drain Punch|p1b: Tyranitar\n|-damage|p1b: Tyranitar|56\/100\n|-heal|p2a: Iron Hands|89\/100|[from] drain|[of] p1b: Tyranitar\n|\n|-weather|Sandstorm|[upkeep]\n|-damage|p1b: Tyranitar|50\/100|[from] Sandstorm\n|-damage|p2a: Iron Hands|83\/100|[from] Sandstorm\n|-damage|p2b: Amoonguss|44\/100|[from] Sandstorm\n|upkeep\n|turn|3\n|\n|t:|1683595783\n|move|p2b: Amoonguss|Protect|p2b: Amoonguss\n|-singleturn|p2b: Amoonguss|Protect\n|move|p1a: Klefki|Dazzling Gleam|p2a: Iron Hands|[spread] p2a\n|-activate|p2b: Amoonguss|move: Protect\n|-supereffective|p2a: Iron Hands\n|-damage|p2a: Iron Hands|65\/100\n|move|p1b: Tyranitar|Rock Slide|p2a: Iron Hands|[spread] \n|-activate|p2b: Amoonguss|move: Protect\n|-miss|p1b: Tyranitar|p2a: Iron Hands\n|move|p2a: Iron Hands|Drain Punch|p1b: Tyranitar\n|-damage|p1b: Tyranitar|25\/100\n|-heal|p2a: Iron Hands|76\/100|[from] drain|[of] p1b: Tyranitar\n|\n|-weather|Sandstorm|[upkeep]\n|-damage|p1b: Tyranitar|19\/100|[from] Sandstorm\n|-damage|p2a: Iron Hands|70\/100|[from] Sandstorm\n|-damage|p2b: Amoonguss|38\/100|[from] Sandstorm\n|upkeep\n|turn|4\n|\n|t:|1683595798\n|move|p1a: Klefki|Dazzling Gleam|p2b: Amoonguss|[spread] p2a,p2b\n|-supereffective|p2a: Iron Hands\n|-crit|p2a: Iron Hands\n|-resisted|p2b: Amoonguss\n|-damage|p2a: Iron Hands|44\/100\n|-damage|p2b: Amoonguss|32\/100\n|move|p1b: Tyranitar|Rock Slide|p2a: Iron Hands|[spread] p2a,p2b\n|-resisted|p2a: Iron Hands\n|-damage|p2a: Iron Hands|26\/100\n|-damage|p2b: Amoonguss|0 fnt\n|faint|p2b: Amoonguss\n|cant|p2a: Iron Hands|flinch\n|\n|-weather|Sandstorm|[upkeep]\n|-damage|p1b: Tyranitar|13\/100|[from] Sandstorm\n|-damage|p2a: Iron Hands|20\/100|[from] Sandstorm\n|upkeep\n|\n|t:|1683595805\n|switch|p2b: Chi-Yu|Chi-Yu, L50|100\/100\n|-ability|p2b: Chi-Yu|Beads of Ruin\n|turn|5\n|\n|t:|1683595824\n|move|p1a: Klefki|Light Screen|p1a: Klefki\n|-sidestart|p1: Boppenheimer|move: Light Screen\n|move|p2b: Chi-Yu|Heat Wave|p1a: Klefki|[spread] p1a,p1b\n|-supereffective|p1a: Klefki\n|-supereffective|p1b: Tyranitar\n|-damage|p1a: Klefki|0 fnt\n|-damage|p1b: Tyranitar|0 fnt\n|faint|p1a: Klefki\n|faint|p1b: Tyranitar\n|move|p2a: Iron Hands|Drain Punch|p1: Klefki|[notarget]\n|-fail|p2a: Iron Hands\n|\n|-weather|none\n|-fieldend|Misty Terrain\n|upkeep\n|\n|t:|1683595829\n|switch|p1a: Flutter Mane|Flutter Mane, L50|100\/100\n|switch|p1b: Chi-Yu|Chi-Yu, L50|100\/100\n|-ability|p1b: Chi-Yu|Beads of Ruin\n|-enditem|p1a: Flutter Mane|Booster Energy\n|-activate|p1a: Flutter Mane|ability: Protosynthesis|[fromitem]\n|-start|p1a: Flutter Mane|protosynthesisspa\n|turn|6\n|\n|t:|1683595845\n|-terastallize|p2b: Chi-Yu|Water\n|move|p1a: Flutter Mane|Dazzling Gleam|p2b: Chi-Yu|[spread] p2a,p2b\n|-supereffective|p2a: Iron Hands\n|-damage|p2a: Iron Hands|0 fnt\n|-damage|p2b: Chi-Yu|47\/100\n|faint|p2a: Iron Hands\n|-end|p2a: Iron Hands|Quark Drive|[silent]\n|move|p1b: Chi-Yu|Flamethrower|p2b: Chi-Yu\n|-resisted|p2b: Chi-Yu\n|-damage|p2b: Chi-Yu|14\/100\n|-damage|p1b: Chi-Yu|90\/100|[from] item: Life Orb\n|move|p2b: Chi-Yu|Heat Wave|p1a: Flutter Mane|[spread] p1a,p1b\n|-resisted|p1b: Chi-Yu\n|-damage|p1a: Flutter Mane|51\/100\n|-damage|p1b: Chi-Yu|69\/100\n|\n|upkeep\n|\n|t:|1683595850\n|switch|p2a: Flutter Mane|Flutter Mane, L50|100\/100\n|-enditem|p2a: Flutter Mane|Booster Energy\n|-activate|p2a: Flutter Mane|ability: Protosynthesis|[fromitem]\n|-start|p2a: Flutter Mane|protosynthesisspe\n|turn|7\n|\n|t:|1683595860\n|move|p1a: Flutter Mane|Protect|p1a: Flutter Mane\n|-singleturn|p1a: Flutter Mane|Protect\n|move|p2a: Flutter Mane|Shadow Ball|p1a: Flutter Mane\n|-activate|p1a: Flutter Mane|move: Protect\n|move|p2b: Chi-Yu|Heat Wave|p1a: Flutter Mane|[spread] p1b\n|-activate|p1a: Flutter Mane|move: Protect\n|-resisted|p1b: Chi-Yu\n|-damage|p1b: Chi-Yu|45\/100\n|move|p1b: Chi-Yu|Heat Wave|p2a: Flutter Mane|[spread] p2a,p2b\n|-resisted|p2b: Chi-Yu\n|-damage|p2a: Flutter Mane|27\/100\n|-damage|p2b: Chi-Yu|0 fnt\n|faint|p2b: Chi-Yu\n|-damage|p1b: Chi-Yu|35\/100|[from] item: Life Orb\n|\n|upkeep\n|turn|8\n|\n|t:|1683595875\n|move|p2a: Flutter Mane|Dazzling Gleam|p1b: Chi-Yu|[spread] p1a,p1b\n|-damage|p1a: Flutter Mane|24\/100\n|-damage|p1b: Chi-Yu|9\/100\n|move|p1a: Flutter Mane|Shadow Ball|p2a: Flutter Mane\n|-supereffective|p2a: Flutter Mane\n|-damage|p2a: Flutter Mane|0 fnt\n|faint|p2a: Flutter Mane\n|-end|p2a: Flutter Mane|Protosynthesis|[silent]\n|\n|win|Boppenheimer\n|raw|Boppenheimer's rating: 1334 → 1357<\/strong> (+23 for winning)\n|raw|Max_97's rating: 1389 → 1366<\/strong> (-23 for losing)\n|l|\u2606Max_97\n","uploadtime":1683595883,"views":8,"p1id":"boppenheimer","p2id":"max97","formatid":"gen9vgc2023regulationc","rating":1357,"private":0,"password":""}