{"id":"gen9vgc2023regulationc-1851134835","p1":"Sharpievgc","p2":"SisalVT","format":"[Gen 9] VGC 2023 Regulation C","log":"|j|\u2606Sharpievgc\n|j|\u2606SisalVT\n|t:|1682414980\n|gametype|doubles\n|player|p1|Sharpievgc|nate|1711\n|player|p2|SisalVT|blue|1693\n|teamsize|p1|6\n|teamsize|p2|6\n|gen|9\n|tier|[Gen 9] VGC 2023 Regulation C\n|rated|\n|rule|Species Clause: Limit one of each Pok\u00e9mon\n|rule|Item Clause: Limit one of each item\n|clearpoke\n|poke|p1|Armarouge, L50, F|\n|poke|p1|Iron Hands, L50|\n|poke|p1|Indeedee-F, L50, F|\n|poke|p1|Annihilape, L50, F|\n|poke|p1|Torkoal, L50, M|\n|poke|p1|Dragapult, L50, M|\n|poke|p2|Breloom, L50, F|\n|poke|p2|Chien-Pao, L50|\n|poke|p2|Flutter Mane, L50|\n|poke|p2|Chi-Yu, L50|\n|poke|p2|Dondozo, L50, M|\n|poke|p2|Tatsugiri-Stretchy, L50, F|\n|teampreview|4\nSharpievgc has agreed to open team sheets.\n|inactive|Battle timer is ON: inactive players will automatically lose when time's up. (requested by Sharpievgc)\n|j| ALLen030\nSisalVT has agreed to open team sheets.\n|j| bombart\n|\n|t:|1682415029\n|start\n|switch|p1a: Indeedee|Indeedee-F, L50, F|100\/100\n|switch|p1b: Armarouge|Armarouge, L50, F|100\/100\n|switch|p2a: Nivalis|Chien-Pao, L50|100\/100\n|switch|p2b: Tattisaurus|Breloom, L50, F|100\/100\n|-ability|p2a: Nivalis|Sword of Ruin\n|-fieldstart|move: Psychic Terrain|[from] ability: Psychic Surge|[of] p1a: Indeedee\n|turn|1\n|\n|t:|1682415037\n|move|p1a: Indeedee|Follow Me|p1a: Indeedee\n|-singleturn|p1a: Indeedee|move: Follow Me\n|move|p2a: Nivalis|Ice Spinner|p1a: Indeedee\n|-damage|p1a: Indeedee|15\/100\n|-fieldend|move: Psychic Terrain\n|-damage|p2a: Nivalis|91\/100|[from] item: Life Orb\n|move|p2b: Tattisaurus|Spore|p1a: Indeedee\n|-activate|p1a: Indeedee|item: Safety Goggles|Spore\n|move|p1b: Armarouge|Trick Room|p1b: Armarouge\n|-fieldstart|move: Trick Room|[of] p1b: Armarouge\n|\n|upkeep\n|turn|2\n|\n|t:|1682415059\n|move|p1a: Indeedee|Follow Me|p1a: Indeedee\n|-singleturn|p1a: Indeedee|move: Follow Me\n|move|p2b: Tattisaurus|Mach Punch|p1a: Indeedee\n|-damage|p1a: Indeedee|0 fnt\n|faint|p1a: Indeedee\n|move|p2a: Nivalis|Sucker Punch|p1b: Armarouge\n|-supereffective|p1b: Armarouge\n|-damage|p1b: Armarouge|0 fnt\n|faint|p1b: Armarouge\n|-damage|p2a: Nivalis|81\/100|[from] item: Life Orb\n|\n|upkeep\n|\n|t:|1682415069\n|switch|p1b: Iron Hands|Iron Hands, L50|100\/100\n|switch|p1a: Torkoal|Torkoal, L50, M|100\/100\n|-weather|SunnyDay|[from] ability: Drought|[of] p1a: Torkoal\n|-enditem|p1b: Iron Hands|Booster Energy\n|-activate|p1b: Iron Hands|ability: Quark Drive|[fromitem]\n|-start|p1b: Iron Hands|quarkdriveatk\n|turn|3\n|\n|t:|1682415079\n|-terastallize|p1b: Iron Hands|Grass\n|move|p1a: Torkoal|Protect|p1a: Torkoal\n|-singleturn|p1a: Torkoal|Protect\n|move|p2b: Tattisaurus|Protect|p2b: Tattisaurus\n|-singleturn|p2b: Tattisaurus|Protect\n|move|p2a: Nivalis|Protect|p2a: Nivalis\n|-singleturn|p2a: Nivalis|Protect\n|move|p1b: Iron Hands|Drain Punch|p2a: Nivalis\n|-activate|p2a: Nivalis|move: Protect\n|\n|-weather|SunnyDay|[upkeep]\n|upkeep\n|turn|4\n|\n|t:|1682415091\n|move|p1a: Torkoal|Protect||[still]\n|-fail|p1a: Torkoal\n|move|p2b: Tattisaurus|Mach Punch|p1b: Iron Hands\n|-damage|p1b: Iron Hands|71\/100\n|move|p2a: Nivalis|Sucker Punch|p1b: Iron Hands\n|-damage|p1b: Iron Hands|31\/100\n|-damage|p2a: Nivalis|72\/100|[from] item: Life Orb\n|move|p1b: Iron Hands|Drain Punch|p2a: Nivalis\n|-supereffective|p2a: Nivalis\n|-damage|p2a: Nivalis|0 fnt\n|-heal|p1b: Iron Hands|52\/100|[from] drain|[of] p2a: Nivalis\n|faint|p2a: Nivalis\n|\n|-weather|SunnyDay|[upkeep]\n|upkeep\n|\n|t:|1682415100\n|switch|p2a: Hanako|Chi-Yu, L50|100\/100\n|-ability|p2a: Hanako|Beads of Ruin\n|turn|5\n|-message|Sharpievgc forfeited.\n|\n|win|SisalVT\n|raw|Sharpievgc's rating: 1711 → 1690<\/strong> (-21 for losing)\n|raw|SisalVT's rating: 1693 → 1714<\/strong> (+21 for winning)\n","uploadtime":1682415113,"views":16,"p1id":"sharpievgc","p2id":"sisalvt","formatid":"gen9vgc2023regulationc","rating":1690,"private":0,"password":""}