{"id":"gen9vgc2023regulationc-1857922786","p1":"Avaddov","p2":"Charlisito","format":"[Gen 9] VGC 2023 Regulation C","log":"|j|\u2606Avaddov\n|j|\u2606Charlisito\n|t:|1683247763\n|gametype|doubles\n|player|p1|Avaddov|cynthia-masters|1352\n|player|p2|Charlisito|lucas|1275\n|teamsize|p1|6\n|teamsize|p2|6\n|gen|9\n|tier|[Gen 9] VGC 2023 Regulation C\n|rated|\n|rule|Species Clause: Limit one of each Pok\u00e9mon\n|rule|Item Clause: Limit one of each item\n|clearpoke\n|poke|p1|Flutter Mane, L50|\n|poke|p1|Arcanine, L50, F|\n|poke|p1|Palafin, L50, M|\n|poke|p1|Ting-Lu, L50|\n|poke|p1|Corviknight, L50, M|\n|poke|p1|Tsareena, L50, F|\n|poke|p2|Palafin, L50, M|\n|poke|p2|Arcanine, L50, M|\n|poke|p2|Amoonguss, L50, M|\n|poke|p2|Flutter Mane, L50|\n|poke|p2|Ting-Lu, L50|\n|poke|p2|Bellibolt, L50, F|\n|teampreview|4\nAvaddov has agreed to open team sheets.\n|\n|t:|1683247788\n|start\n|switch|p1a: Dol-Might|Palafin, L50, M|100\/100\n|switch|p1b: Corviknight|Corviknight, L50, M|100\/100\n|switch|p2a: Bellibolt|Bellibolt, L50, F|100\/100\n|switch|p2b: Palafin|Palafin, L50, M|100\/100\n|turn|1\n|inactive|Battle timer is ON: inactive players will automatically lose when time's up. (requested by Avaddov)\n|inactive|Charlisito has 60 seconds left.\n|inactive|Charlisito has 30 seconds left.\n|inactive|Charlisito has 20 seconds left.\n|inactive|Charlisito has 15 seconds left.\n|inactive|Charlisito has 10 seconds left.\n|inactive|Charlisito has 5 seconds left.\n|\n|t:|1683247982\n|detailschange|p1a: Dol-Might|Palafin-Hero, L50, M\n|switch|p1a: Bowl Moose|Ting-Lu, L50|100\/100\n|-ability|p1a: Bowl Moose|Vessel of Ruin\n|move|p2b: Palafin|Jet Punch|p1a: Bowl Moose\n|-supereffective|p1a: Bowl Moose\n|-damage|p1a: Bowl Moose|64\/100\n|move|p1b: Corviknight|Brave Bird|p2b: Palafin\n|-crit|p2b: Palafin\n|-damage|p2b: Palafin|25\/100\n|-damage|p1b: Corviknight|76\/100|[from] Recoil\n|move|p2a: Bellibolt|Parabolic Charge|p1b: Corviknight|[spread] p2b,p1b\n|-immune|p1a: Bowl Moose\n|-supereffective|p2b: Palafin\n|-supereffective|p1b: Corviknight\n|-damage|p2b: Palafin|0 fnt\n|-damage|p1b: Corviknight|50\/100\n|faint|p2b: Palafin\n|\n|-heal|p1b: Corviknight|56\/100|[from] item: Leftovers\n|upkeep\n|\n|t:|1683248006\n|switch|p2b: Flutter Mane|Flutter Mane, L50|100\/100\n|-enditem|p2b: Flutter Mane|Booster Energy\n|-activate|p2b: Flutter Mane|ability: Protosynthesis|[fromitem]\n|-start|p2b: Flutter Mane|protosynthesisspa\n|turn|2\n|\n|t:|1683248023\n|-terastallize|p1a: Bowl Moose|Poison\n|move|p2b: Flutter Mane|Protect|p2b: Flutter Mane\n|-singleturn|p2b: Flutter Mane|Protect\n|move|p1b: Corviknight|Roost|p1b: Corviknight\n|-heal|p1b: Corviknight|100\/100\n|-singleturn|p1b: Corviknight|move: Roost\n|move|p2a: Bellibolt|Volt Switch|p1b: Corviknight\n|-damage|p1b: Corviknight|80\/100\n|\n|t:|1683248027\n|switch|p2a: Amoonguss|Amoonguss, L50, M|100\/100|[from] Volt Switch\n|move|p1a: Bowl Moose|Heavy Slam|p2b: Flutter Mane\n|-activate|p2b: Flutter Mane|move: Protect\n|\n|-heal|p1b: Corviknight|86\/100|[from] item: Leftovers\n|upkeep\n|turn|3\n|\n|t:|1683248043\n|-end|p2b: Flutter Mane|Protosynthesis|[silent]\n|switch|p2b: Bellibolt|Bellibolt, L50, F|100\/100\n|move|p1b: Corviknight|Brave Bird|p2a: Amoonguss\n|-supereffective|p2a: Amoonguss\n|-damage|p2a: Amoonguss|26\/100\n|-enditem|p2a: Amoonguss|Sitrus Berry|[eat]\n|-heal|p2a: Amoonguss|51\/100|[from] item: Sitrus Berry\n|-damage|p1b: Corviknight|60\/100|[from] Recoil\n|move|p1a: Bowl Moose|Heavy Slam|p2b: Bellibolt\n|-resisted|p2b: Bellibolt\n|-damage|p2b: Bellibolt|85\/100\n|-start|p2b: Bellibolt|Charge|Heavy Slam|[from] ability: Electromorphosis\n|move|p2a: Amoonguss|Spore|p1b: Corviknight\n|-status|p1b: Corviknight|slp|[from] move: Spore\n|\n|-heal|p1b: Corviknight|65\/100 slp|[from] item: Leftovers\n|upkeep\n|turn|4\n|\n|t:|1683248064\n|cant|p1b: Corviknight|slp\n|move|p2b: Bellibolt|Parabolic Charge|p1a: Bowl Moose|[spread] p2a,p1a,p1b\n|-resisted|p2a: Amoonguss\n|-supereffective|p1b: Corviknight\n|-damage|p2a: Amoonguss|38\/100\n|-heal|p2b: Bellibolt|92\/100|[from] drain|[of] p2a: Amoonguss\n|-damage|p1a: Bowl Moose|50\/100\n|-heal|p2b: Bellibolt|99\/100|[from] drain|[of] p1a: Bowl Moose\n|-damage|p1b: Corviknight|12\/100 slp\n|-heal|p2b: Bellibolt|100\/100|[from] drain|[of] p1b: Corviknight\n|-end|p2b: Bellibolt|Charge|[silent]\n|move|p1a: Bowl Moose|Earthquake|p2b: Bellibolt|[spread] p2a,p2b\n|-immune|p1b: Corviknight\n|-supereffective|p2b: Bellibolt\n|-damage|p2a: Amoonguss|12\/100\n|-damage|p2b: Bellibolt|46\/100\n|-start|p2b: Bellibolt|Charge|Earthquake|[from] ability: Electromorphosis\n|move|p2a: Amoonguss|Spore|p1a: Bowl Moose\n|-status|p1a: Bowl Moose|slp|[from] move: Spore\n|\n|-heal|p1b: Corviknight|18\/100 slp|[from] item: Leftovers\n|upkeep\n|turn|5\n|\n|t:|1683248087\n|switch|p2a: Flutter Mane|Flutter Mane, L50|100\/100\n|cant|p1b: Corviknight|slp\n|move|p2b: Bellibolt|Volt Switch|p1b: Corviknight\n|-supereffective|p1b: Corviknight\n|-damage|p1b: Corviknight|0 fnt\n|faint|p1b: Corviknight\n|-end|p2b: Bellibolt|Charge|[silent]\n|\n|t:|1683248090\n|switch|p2b: Amoonguss|Amoonguss, L50, M|45\/100|[from] Volt Switch\n|cant|p1a: Bowl Moose|slp\n|\n|upkeep\n|\n|t:|1683248101\n|switch|p1b: Thiccorita|Tsareena, L50, F|100\/100\n|turn|6\n|\n|t:|1683248124\n|switch|p2b: Bellibolt|Bellibolt, L50, F|46\/100\n|move|p1b: Thiccorita|Protect|p1b: Thiccorita\n|-singleturn|p1b: Thiccorita|Protect\n|move|p2a: Flutter Mane|Shadow Ball|p1a: Bowl Moose\n|-damage|p1a: Bowl Moose|36\/100 slp\n|cant|p1a: Bowl Moose|slp\n|\n|upkeep\n|turn|7\n|\n|t:|1683248144\n|-terastallize|p2b: Bellibolt|Grass\n|move|p2a: Flutter Mane|Shadow Ball|p1a: Bowl Moose\n|-damage|p1a: Bowl Moose|23\/100 slp\n|move|p1b: Thiccorita|Trop Kick|p2a: Flutter Mane\n|-damage|p2a: Flutter Mane|33\/100\n|-unboost|p2a: Flutter Mane|atk|1\n|move|p2b: Bellibolt|Volt Switch|p1a: Bowl Moose\n|-damage|p1a: Bowl Moose|14\/100 slp\n|\n|t:|1683248149\n|switch|p2b: Amoonguss|Amoonguss, L50, M|78\/100|[from] Volt Switch\n|cant|p1a: Bowl Moose|slp\n|\n|upkeep\n|turn|8\n|\n|t:|1683248167\n|move|p2a: Flutter Mane|Protect|p2a: Flutter Mane\n|-singleturn|p2a: Flutter Mane|Protect\n|move|p1b: Thiccorita|Trop Kick|p2a: Flutter Mane\n|-activate|p2a: Flutter Mane|move: Protect\n|-curestatus|p1a: Bowl Moose|slp|[msg]\n|move|p1a: Bowl Moose|Ruination|p2b: Amoonguss\n|-damage|p2b: Amoonguss|40\/100\n|move|p2b: Amoonguss|Spore|p1a: Bowl Moose\n|-status|p1a: Bowl Moose|slp|[from] move: Spore\n|\n|upkeep\n|turn|9\n|\n|t:|1683248184\n|switch|p2b: Bellibolt|Bellibolt, L50, F, tera:Grass|46\/100\n|move|p2a: Flutter Mane|Dazzling Gleam|p1b: Thiccorita|[spread] p1a,p1b\n|-resisted|p1a: Bowl Moose\n|-damage|p1a: Bowl Moose|9\/100 slp\n|-damage|p1b: Thiccorita|78\/100\n|move|p1b: Thiccorita|Trop Kick|p2a: Flutter Mane\n|-damage|p2a: Flutter Mane|0 fnt\n|faint|p2a: Flutter Mane\n|-end|p2a: Flutter Mane|Protosynthesis|[silent]\n|cant|p1a: Bowl Moose|slp\n|\n|upkeep\n|\n|t:|1683248186\n|switch|p2a: Amoonguss|Amoonguss, L50, M|73\/100\n|turn|10\n|inactive|Avaddov has 30 seconds left.\n|\n|t:|1683248220\n|move|p1b: Thiccorita|Protect|p1b: Thiccorita\n|-singleturn|p1b: Thiccorita|Protect\n|move|p2b: Bellibolt|Muddy Water|p1b: Thiccorita|[spread] p1a\n|-activate|p1b: Thiccorita|move: Protect\n|-crit|p1a: Bowl Moose\n|-damage|p1a: Bowl Moose|0 fnt\n|faint|p1a: Bowl Moose\n|move|p2a: Amoonguss|Pollen Puff|p2b: Bellibolt\n|-heal|p2b: Bellibolt|95\/100\n|\n|upkeep\n|\n|t:|1683248230\n|switch|p1a: Dol-Might|Palafin-Hero, L50, M|100\/100\n|-activate|p1a: Dol-Might|ability: Zero to Hero\n|turn|11\n|\n|t:|1683248245\n|move|p1a: Dol-Might|Wave Crash|p2a: Amoonguss\n|-resisted|p2a: Amoonguss\n|-damage|p2a: Amoonguss|36\/100\n|-damage|p1a: Dol-Might|88\/100|[from] Recoil\n|move|p1b: Thiccorita|U-turn|p2a: Amoonguss\n|-damage|p2a: Amoonguss|18\/100\n|move|p2b: Bellibolt|Tera Blast|p1a: Dol-Might\n|-supereffective|p1a: Dol-Might\n|-damage|p1a: Dol-Might|24\/100\n|move|p2a: Amoonguss|Pollen Puff|p1b: Thiccorita\n|-supereffective|p1b: Thiccorita\n|-damage|p1b: Thiccorita|46\/100\n|\n|upkeep\n|turn|12\n|inactive|Avaddov has 30 seconds left.\n|\n|t:|1683248280\n|move|p1a: Dol-Might|Wave Crash|p2a: Amoonguss\n|-resisted|p2a: Amoonguss\n|-damage|p2a: Amoonguss|0 fnt\n|faint|p2a: Amoonguss\n|-damage|p1a: Dol-Might|17\/100|[from] Recoil\n|move|p1b: Thiccorita|Trop Kick|p2b: Bellibolt\n|-resisted|p2b: Bellibolt\n|-damage|p2b: Bellibolt|82\/100\n|-unboost|p2b: Bellibolt|atk|1\n|-start|p2b: Bellibolt|Charge|Trop Kick|[from] ability: Electromorphosis\n|move|p2b: Bellibolt|Parabolic Charge|p1b: Thiccorita|[spread] p1a,p1b\n|-supereffective|p1a: Dol-Might\n|-resisted|p1b: Thiccorita\n|-damage|p1a: Dol-Might|0 fnt\n|-heal|p2b: Bellibolt|90\/100|[from] drain|[of] p1a: Dol-Might\n|-damage|p1b: Thiccorita|29\/100\n|-heal|p2b: Bellibolt|97\/100|[from] drain|[of] p1b: Thiccorita\n|faint|p1a: Dol-Might\n|-end|p2b: Bellibolt|Charge|[silent]\n|\n|upkeep\n|turn|13\n|\n|t:|1683248298\n|move|p1b: Thiccorita|U-turn|p2b: Bellibolt\n|-supereffective|p2b: Bellibolt\n|-damage|p2b: Bellibolt|60\/100\n|-start|p2b: Bellibolt|Charge|U-turn|[from] ability: Electromorphosis\n|move|p2b: Bellibolt|Parabolic Charge|p1b: Thiccorita\n|-resisted|p1b: Thiccorita\n|-damage|p1b: Thiccorita|7\/100\n|-heal|p2b: Bellibolt|70\/100|[from] drain|[of] p1b: Thiccorita\n|-end|p2b: Bellibolt|Charge|[silent]\n|\n|upkeep\n|turn|14\n|\n|t:|1683248303\n|move|p1b: Thiccorita|U-turn|p2b: Bellibolt\n|-supereffective|p2b: Bellibolt\n|-damage|p2b: Bellibolt|33\/100\n|-start|p2b: Bellibolt|Charge|U-turn|[from] ability: Electromorphosis\n|move|p2b: Bellibolt|Muddy Water|p1b: Thiccorita\n|-resisted|p1b: Thiccorita\n|-damage|p1b: Thiccorita|0 fnt\n|faint|p1b: Thiccorita\n|\n|win|Charlisito\n|raw|Avaddov's rating: 1352 → 1328<\/strong> (-24 for losing)\n|raw|Charlisito's rating: 1275 → 1305<\/strong> (+30 for winning)\n","uploadtime":1683248331,"views":6,"p1id":"avaddov","p2id":"charlisito","formatid":"gen9vgc2023regulationc","rating":1305,"private":0,"password":""}