{"id":"gen9vgc2023regulationc-1849703031","p1":"Blur123","p2":"oredaruma","format":"[Gen 9] VGC 2023 Regulation C","log":"|j|\u2606Blur123\n|j|\u2606oredaruma\n|t:|1682235601\n|gametype|doubles\n|player|p1|Blur123|266|1419\n|player|p2|oredaruma|101|1425\n|teamsize|p1|6\n|teamsize|p2|6\n|gen|9\n|tier|[Gen 9] VGC 2023 Regulation C\n|rated|\n|rule|Species Clause: Limit one of each Pok\u00e9mon\n|rule|Item Clause: Limit one of each item\n|clearpoke\n|poke|p1|Tinkaton, L50, F|\n|poke|p1|Gyarados, L50, F|\n|poke|p1|Ceruledge, L50, F|\n|poke|p1|Arboliva, L50, M|\n|poke|p1|Iron Bundle, L50|\n|poke|p1|Flutter Mane, L50|\n|poke|p2|Wo-Chien, L50|\n|poke|p2|Ting-Lu, L50|\n|poke|p2|Arcanine, L50, M|\n|poke|p2|Palafin, L50, M|\n|poke|p2|Glimmora, L50, F|\n|poke|p2|Flutter Mane, L50|\n|teampreview|4\n|inactive|Battle timer is ON: inactive players will automatically lose when time's up. (requested by oredaruma)\n|\n|t:|1682235712\n|start\n|switch|p1a: Iron Bundle|Iron Bundle, L50|100\/100\n|switch|p1b: Ceruledge|Ceruledge, L50, F|100\/100\n|switch|p2a: \u30c1\u30aa\u30f3\u30b8\u30a7\u30f3|Wo-Chien, L50|100\/100\n|switch|p2b: \u30ad\u30e9\u30d5\u30ed\u30eb|Glimmora, L50, F|100\/100\n|-ability|p2a: \u30c1\u30aa\u30f3\u30b8\u30a7\u30f3|Tablets of Ruin\n|turn|1\n|inactive|oredaruma has 30 seconds left.\n|inactive|oredaruma has 20 seconds left.\n|\n|t:|1682235752\n|-terastallize|p2a: \u30c1\u30aa\u30f3\u30b8\u30a7\u30f3|Poison\n|move|p1a: Iron Bundle|Icy Wind|p2a: \u30c1\u30aa\u30f3\u30b8\u30a7\u30f3|[spread] p2a\n|-miss|p1a: Iron Bundle|p2b: \u30ad\u30e9\u30d5\u30ed\u30eb\n|-damage|p2a: \u30c1\u30aa\u30f3\u30b8\u30a7\u30f3|86\/100\n|-unboost|p2a: \u30c1\u30aa\u30f3\u30b8\u30a7\u30f3|spe|1\n|move|p2b: \u30ad\u30e9\u30d5\u30ed\u30eb|Power Gem|p1a: Iron Bundle\n|-supereffective|p1a: Iron Bundle\n|-enditem|p1a: Iron Bundle|Focus Sash\n|-damage|p1a: Iron Bundle|1\/100\n|move|p1b: Ceruledge|Bitter Blade|p2a: \u30c1\u30aa\u30f3\u30b8\u30a7\u30f3\n|-damage|p2a: \u30c1\u30aa\u30f3\u30b8\u30a7\u30f3|61\/100\n|move|p2a: \u30c1\u30aa\u30f3\u30b8\u30a7\u30f3|Leech Seed|p1b: Ceruledge\n|-start|p1b: Ceruledge|move: Leech Seed\n|\n|-heal|p2a: \u30c1\u30aa\u30f3\u30b8\u30a7\u30f3|68\/100|[from] item: Leftovers\n|-damage|p1b: Ceruledge|89\/100|[from] Leech Seed|[of] p2a: \u30c1\u30aa\u30f3\u30b8\u30a7\u30f3\n|-heal|p2a: \u30c1\u30aa\u30f3\u30b8\u30a7\u30f3|78\/100|[silent]\n|upkeep\n|turn|2\n|inactive|Blur123 has 30 seconds left.\n|inactive|oredaruma has 30 seconds left.\n|inactive|Blur123 has 20 seconds left.\n|inactive|oredaruma has 20 seconds left.\n|inactive|Blur123 has 15 seconds left.\n|inactive|oredaruma has 15 seconds left.\n|\n|t:|1682235797\n|switch|p1b: Gyarados|Gyarados, L50, F|100\/100\n|-ability|p1b: Gyarados|Intimidate|boost\n|-unboost|p2a: \u30c1\u30aa\u30f3\u30b8\u30a7\u30f3|atk|1\n|-unboost|p2b: \u30ad\u30e9\u30d5\u30ed\u30eb|atk|1\n|move|p1a: Iron Bundle|Protect|p1a: Iron Bundle\n|-singleturn|p1a: Iron Bundle|Protect\n|move|p2b: \u30ad\u30e9\u30d5\u30ed\u30eb|Spiky Shield|p2b: \u30ad\u30e9\u30d5\u30ed\u30eb\n|-singleturn|p2b: \u30ad\u30e9\u30d5\u30ed\u30eb|move: Protect\n|move|p2a: \u30c1\u30aa\u30f3\u30b8\u30a7\u30f3|Pollen Puff|p1a: Iron Bundle\n|-activate|p1a: Iron Bundle|move: Protect\n|\n|-heal|p2a: \u30c1\u30aa\u30f3\u30b8\u30a7\u30f3|84\/100|[from] item: Leftovers\n|upkeep\n|turn|3\n|\n|t:|1682235821\n|move|p1a: Iron Bundle|Encore|p2b: \u30ad\u30e9\u30d5\u30ed\u30eb\n|-start|p2b: \u30ad\u30e9\u30d5\u30ed\u30eb|Encore\n|move|p2b: \u30ad\u30e9\u30d5\u30ed\u30eb|Spiky Shield|p2b: \u30ad\u30e9\u30d5\u30ed\u30eb\n|-singleturn|p2b: \u30ad\u30e9\u30d5\u30ed\u30eb|move: Protect\n|move|p1b: Gyarados|Dragon Dance|p1b: Gyarados\n|-boost|p1b: Gyarados|atk|1\n|-boost|p1b: Gyarados|spe|1\n|move|p2a: \u30c1\u30aa\u30f3\u30b8\u30a7\u30f3|Leech Seed|p1b: Gyarados\n|-start|p1b: Gyarados|move: Leech Seed\n|\n|-heal|p2a: \u30c1\u30aa\u30f3\u30b8\u30a7\u30f3|90\/100|[from] item: Leftovers\n|-damage|p1b: Gyarados|88\/100|[from] Leech Seed|[of] p2a: \u30c1\u30aa\u30f3\u30b8\u30a7\u30f3\n|-heal|p2a: \u30c1\u30aa\u30f3\u30b8\u30a7\u30f3|100\/100|[silent]\n|upkeep\n|turn|4\n|inactive|Blur123 has 30 seconds left.\n|inactive|oredaruma has 30 seconds left.\n|\n|t:|1682235855\n|switch|p2b: \u30cf\u30d0\u30bf\u30af\u30ab\u30df|Flutter Mane, L50|100\/100\n|-enditem|p2b: \u30cf\u30d0\u30bf\u30af\u30ab\u30df|Booster Energy\n|-activate|p2b: \u30cf\u30d0\u30bf\u30af\u30ab\u30df|ability: Protosynthesis|[fromitem]\n|-start|p2b: \u30cf\u30d0\u30bf\u30af\u30ab\u30df|protosynthesisspe\n|move|p1a: Iron Bundle|Icy Wind|p2a: \u30c1\u30aa\u30f3\u30b8\u30a7\u30f3|[spread] p2a,p2b\n|-damage|p2a: \u30c1\u30aa\u30f3\u30b8\u30a7\u30f3|87\/100\n|-damage|p2b: \u30cf\u30d0\u30bf\u30af\u30ab\u30df|79\/100\n|-unboost|p2a: \u30c1\u30aa\u30f3\u30b8\u30a7\u30f3|spe|1\n|-unboost|p2b: \u30cf\u30d0\u30bf\u30af\u30ab\u30df|spe|1\n|move|p1b: Gyarados|Waterfall|p2b: \u30cf\u30d0\u30bf\u30af\u30ab\u30df\n|-damage|p2b: \u30cf\u30d0\u30bf\u30af\u30ab\u30df|0 fnt\n|faint|p2b: \u30cf\u30d0\u30bf\u30af\u30ab\u30df\n|-end|p2b: \u30cf\u30d0\u30bf\u30af\u30ab\u30df|Protosynthesis|[silent]\n|move|p2a: \u30c1\u30aa\u30f3\u30b8\u30a7\u30f3|Taunt|p1b: Gyarados\n|-start|p1b: Gyarados|move: Taunt\n|\n|-heal|p2a: \u30c1\u30aa\u30f3\u30b8\u30a7\u30f3|94\/100|[from] item: Leftovers\n|-damage|p1b: Gyarados|76\/100|[from] Leech Seed|[of] p2a: \u30c1\u30aa\u30f3\u30b8\u30a7\u30f3\n|-heal|p2a: \u30c1\u30aa\u30f3\u30b8\u30a7\u30f3|100\/100|[silent]\n|upkeep\n|j| mpudi\n|inactive|oredaruma has 30 seconds left.\n|\n|t:|1682235884\n|switch|p2b: \u30ad\u30e9\u30d5\u30ed\u30eb|Glimmora, L50, F|100\/100\n|turn|5\n|j| Lopez Family\n|l| Lopez Family\n|inactive|Blur123 has 30 seconds left.\n|inactive|oredaruma has 30 seconds left.\n|inactive|oredaruma has 20 seconds left.\n|inactive|oredaruma has 15 seconds left.\n|inactive|oredaruma has 10 seconds left.\n|\n|t:|1682235934\n|move|p2a: \u30c1\u30aa\u30f3\u30b8\u30a7\u30f3|Protect|p2a: \u30c1\u30aa\u30f3\u30b8\u30a7\u30f3\n|-singleturn|p2a: \u30c1\u30aa\u30f3\u30b8\u30a7\u30f3|Protect\n|move|p1a: Iron Bundle|Freeze-Dry|p2b: \u30ad\u30e9\u30d5\u30ed\u30eb\n|-damage|p2b: \u30ad\u30e9\u30d5\u30ed\u30eb|53\/100\n|-status|p2b: \u30ad\u30e9\u30d5\u30ed\u30eb|frz\n|move|p1b: Gyarados|Waterfall|p2b: \u30ad\u30e9\u30d5\u30ed\u30eb\n|-supereffective|p2b: \u30ad\u30e9\u30d5\u30ed\u30eb\n|-damage|p2b: \u30ad\u30e9\u30d5\u30ed\u30eb|0 fnt\n|-activate|p2b: \u30ad\u30e9\u30d5\u30ed\u30eb|ability: Toxic Debris\n|-sidestart|p1: Blur123|move: Toxic Spikes\n|faint|p2b: \u30ad\u30e9\u30d5\u30ed\u30eb\n|\n|-damage|p1b: Gyarados|63\/100|[from] Leech Seed|[of] p2a: \u30c1\u30aa\u30f3\u30b8\u30a7\u30f3\n|upkeep\n|\n|t:|1682235949\n|switch|p2b: \u30c7\u30a3\u30f3\u30eb\u30fc|Ting-Lu, L50|100\/100\n|-ability|p2b: \u30c7\u30a3\u30f3\u30eb\u30fc|Vessel of Ruin\n|turn|6\n|j| Cyberdevil\n|\n|t:|1682235960\n|move|p1a: Iron Bundle|Encore|p2a: \u30c1\u30aa\u30f3\u30b8\u30a7\u30f3\n|-start|p2a: \u30c1\u30aa\u30f3\u30b8\u30a7\u30f3|Encore\n|move|p1b: Gyarados|Waterfall|p2b: \u30c7\u30a3\u30f3\u30eb\u30fc\n|-supereffective|p2b: \u30c7\u30a3\u30f3\u30eb\u30fc\n|-damage|p2b: \u30c7\u30a3\u30f3\u30eb\u30fc|52\/100\n|move|p2b: \u30c7\u30a3\u30f3\u30eb\u30fc|Snarl|p1b: Gyarados|[spread] p1a,p1b\n|-crit|p1a: Iron Bundle\n|-damage|p1a: Iron Bundle|0 fnt\n|-damage|p1b: Gyarados|56\/100\n|-unboost|p1b: Gyarados|spa|1\n|faint|p1a: Iron Bundle\n|-end|p1a: Iron Bundle|Quark Drive|[silent]\n|move|p2a: \u30c1\u30aa\u30f3\u30b8\u30a7\u30f3|Protect||[still]\n|-fail|p2a: \u30c1\u30aa\u30f3\u30b8\u30a7\u30f3\n|\n|-damage|p1b: Gyarados|43\/100|[from] Leech Seed|[of] p2a: \u30c1\u30aa\u30f3\u30b8\u30a7\u30f3\n|upkeep\n|inactive|Blur123 has 30 seconds left.\n|inactive|Blur123 has 20 seconds left.\n|\n|t:|1682235999\n|switch|p1a: Flutter Mane|Flutter Mane, L50|100\/100\n|-status|p1a: Flutter Mane|psn\n|-enditem|p1a: Flutter Mane|Booster Energy\n|-activate|p1a: Flutter Mane|ability: Protosynthesis|[fromitem]\n|-start|p1a: Flutter Mane|protosynthesisspe\n|turn|7\n|inactive|oredaruma has 30 seconds left.\n|inactive|oredaruma has 20 seconds left.\n|inactive|oredaruma has 15 seconds left.\n|inactive|oredaruma has 10 seconds left.\n|inactive|oredaruma has 5 seconds left.\n|\n|t:|1682236054\n|move|p2a: \u30c1\u30aa\u30f3\u30b8\u30a7\u30f3|Protect|p2a: \u30c1\u30aa\u30f3\u30b8\u30a7\u30f3\n|-singleturn|p2a: \u30c1\u30aa\u30f3\u30b8\u30a7\u30f3|Protect\n|move|p1a: Flutter Mane|Dazzling Gleam|p2a: \u30c1\u30aa\u30f3\u30b8\u30a7\u30f3|[spread] p2b\n|-activate|p2a: \u30c1\u30aa\u30f3\u30b8\u30a7\u30f3|move: Protect\n|-supereffective|p2b: \u30c7\u30a3\u30f3\u30eb\u30fc\n|-damage|p2b: \u30c7\u30a3\u30f3\u30eb\u30fc|32\/100\n|move|p1b: Gyarados|Waterfall|p2b: \u30c7\u30a3\u30f3\u30eb\u30fc\n|-supereffective|p2b: \u30c7\u30a3\u30f3\u30eb\u30fc\n|-damage|p2b: \u30c7\u30a3\u30f3\u30eb\u30fc|0 fnt\n|faint|p2b: \u30c7\u30a3\u30f3\u30eb\u30fc\n|\n|-damage|p1b: Gyarados|31\/100|[from] Leech Seed|[of] p2a: \u30c1\u30aa\u30f3\u30b8\u30a7\u30f3\n|-damage|p1a: Flutter Mane|88\/100 psn|[from] psn\n|-end|p1b: Gyarados|move: Taunt\n|upkeep\n|turn|8\n|inactive|Blur123 has 30 seconds left.\n|inactive|oredaruma has 30 seconds left.\n|inactive|oredaruma has 20 seconds left.\n|inactive|Blur123 has 20 seconds left.\n|inactive|oredaruma has 15 seconds left.\n|inactive|Blur123 has 15 seconds left.\n|inactive|oredaruma has 10 seconds left.\n|inactive|Blur123 has 10 seconds left.\n|inactive|oredaruma has 5 seconds left.\n|\n|t:|1682236109\n|-terastallize|p1b: Gyarados|Ground\n|move|p1a: Flutter Mane|Protect|p1a: Flutter Mane\n|-singleturn|p1a: Flutter Mane|Protect\n|move|p2a: \u30c1\u30aa\u30f3\u30b8\u30a7\u30f3|Protect||[still]\n|-fail|p2a: \u30c1\u30aa\u30f3\u30b8\u30a7\u30f3\n|move|p1b: Gyarados|Earthquake|p2a: \u30c1\u30aa\u30f3\u30b8\u30a7\u30f3|[spread] p2a\n|-activate|p1a: Flutter Mane|move: Protect\n|-supereffective|p2a: \u30c1\u30aa\u30f3\u30b8\u30a7\u30f3\n|-damage|p2a: \u30c1\u30aa\u30f3\u30b8\u30a7\u30f3|19\/100\n|\n|-heal|p2a: \u30c1\u30aa\u30f3\u30b8\u30a7\u30f3|25\/100|[from] item: Leftovers\n|-damage|p1b: Gyarados|19\/100|[from] Leech Seed|[of] p2a: \u30c1\u30aa\u30f3\u30b8\u30a7\u30f3\n|-heal|p2a: \u30c1\u30aa\u30f3\u30b8\u30a7\u30f3|36\/100|[silent]\n|-damage|p1a: Flutter Mane|76\/100 psn|[from] psn\n|-end|p2a: \u30c1\u30aa\u30f3\u30b8\u30a7\u30f3|Encore\n|upkeep\n|turn|9\n|inactive|oredaruma has 30 seconds left.\n|inactive|oredaruma has 20 seconds left.\n|inactive|oredaruma has 15 seconds left.\n|inactive|oredaruma has 10 seconds left.\n|inactive|oredaruma has 5 seconds left.\n|\n|t:|1682236164\n|move|p1a: Flutter Mane|Shadow Ball|p2a: \u30c1\u30aa\u30f3\u30b8\u30a7\u30f3\n|-damage|p2a: \u30c1\u30aa\u30f3\u30b8\u30a7\u30f3|9\/100\n|move|p1b: Gyarados|Waterfall|p2a: \u30c1\u30aa\u30f3\u30b8\u30a7\u30f3\n|-damage|p2a: \u30c1\u30aa\u30f3\u30b8\u30a7\u30f3|0 fnt\n|faint|p2a: \u30c1\u30aa\u30f3\u30b8\u30a7\u30f3\n|\n|win|Blur123\n|raw|Blur123's rating: 1419 → 1439<\/strong> (+20 for winning)\n|raw|oredaruma's rating: 1425 → 1405<\/strong> (-20 for losing)\n|l| mpudi\n","uploadtime":1682236182,"views":14,"p1id":"blur123","p2id":"oredaruma","formatid":"gen9vgc2023regulationc","rating":1405,"private":0,"password":""}