{"id":"gen9vgc2023regulationc-1846084246","p1":"Kiquemo","p2":"garfieldslaya","format":"[Gen 9] VGC 2023 Regulation C","log":"|j|\u2606Kiquemo\n|j|\u2606garfieldslaya\n|t:|1681803603\n|gametype|doubles\n|player|p1|Kiquemo|2|1249\n|player|p2|garfieldslaya|jasmine|1318\n|teamsize|p1|6\n|teamsize|p2|6\n|gen|9\n|tier|[Gen 9] VGC 2023 Regulation C\n|rated|\n|rule|Species Clause: Limit one of each Pok\u00e9mon\n|rule|Item Clause: Limit one of each item\n|clearpoke\n|poke|p1|Arcanine, L50, M|\n|poke|p1|Ting-Lu, L50|\n|poke|p1|Corviknight, L50, M|\n|poke|p1|Palafin, L50, F|\n|poke|p1|Flutter Mane, L50|\n|poke|p1|Amoonguss, L50, F|\n|poke|p2|Great Tusk, L50|\n|poke|p2|Talonflame, L50, M|\n|poke|p2|Flutter Mane, L50|\n|poke|p2|Amoonguss, L50, M|\n|poke|p2|Arcanine, L50, M|\n|poke|p2|Gholdengo, L50|\n|teampreview|4\ngarfieldslaya has agreed to open team sheets.\n|j| Yellowbard\nKiquemo has agreed to open team sheets.\n|\n|t:|1681803642\n|start\n|switch|p1a: Palafin|Palafin, L50, F|100\/100\n|switch|p1b: Arcanine|Arcanine, L50, M|100\/100\n|switch|p2a: Talonflame|Talonflame, L50, M|100\/100\n|switch|p2b: Amoonguss|Amoonguss, L50, M|100\/100\n|-ability|p1b: Arcanine|Intimidate|boost\n|-unboost|p2a: Talonflame|atk|1\n|-unboost|p2b: Amoonguss|atk|1\n|turn|1\n|\n|t:|1681803698\n|switch|p2b: Great Tusk|Great Tusk, L50|100\/100\n|move|p1a: Palafin|Protect|p1a: Palafin\n|-singleturn|p1a: Palafin|Protect\n|move|p1b: Arcanine|Extreme Speed|p2a: Talonflame\n|-crit|p2a: Talonflame\n|-damage|p2a: Talonflame|63\/100\n|move|p2a: Talonflame|Tailwind|p2a: Talonflame\n|-sidestart|p2: garfieldslaya|move: Tailwind\n|\n|upkeep\n|turn|2\n|\n|t:|1681803728\n|detailschange|p1a: Palafin|Palafin-Hero, L50, F\n|switch|p1a: Amoonguss|Amoonguss, L50, F|100\/100\n|-terastallize|p2b: Great Tusk|Ground\n|-terastallize|p1b: Arcanine|Water\n|move|p2a: Talonflame|Brave Bird|p1a: Amoonguss\n|-supereffective|p1a: Amoonguss\n|-damage|p1a: Amoonguss|65\/100\n|-damage|p2a: Talonflame|49\/100|[from] Recoil\n|move|p2b: Great Tusk|Earthquake|p1b: Arcanine|[spread] p1a,p1b\n|-immune|p2a: Talonflame\n|-crit|p1a: Amoonguss\n|-crit|p1b: Arcanine\n|-damage|p1a: Amoonguss|0 fnt\n|-damage|p1b: Arcanine|19\/100\n|faint|p1a: Amoonguss\n|move|p1b: Arcanine|Will-O-Wisp|p2b: Great Tusk\n|-status|p2b: Great Tusk|brn\n|\n|-damage|p2b: Great Tusk|95\/100 brn|[from] brn\n|upkeep\n|\n|t:|1681803744\n|switch|p1a: Palafin|Palafin-Hero, L50, F|100\/100\n|-activate|p1a: Palafin|ability: Zero to Hero\n|turn|3\n|\n|t:|1681803768\n|switch|p2a: Gholdengo|Gholdengo, L50|100\/100\n|-end|p2b: Great Tusk|Protosynthesis|[silent]\n|switch|p2b: Amoonguss|Amoonguss, L50, M|100\/100\n|move|p1b: Arcanine|Extreme Speed|p2a: Gholdengo\n|-immune|p2a: Gholdengo\n|move|p1a: Palafin|Jet Punch|p2b: Amoonguss\n|-resisted|p2b: Amoonguss\n|-damage|p2b: Amoonguss|80\/100\n|-damage|p1a: Palafin|84\/100|[from] item: Rocky Helmet|[of] p2b: Amoonguss\n|\n|upkeep\n|turn|4\n|\n|t:|1681803800\n|move|p1b: Arcanine|Protect|p1b: Arcanine\n|-singleturn|p1b: Arcanine|Protect\n|move|p1a: Palafin|Protect|p1a: Palafin\n|-singleturn|p1a: Palafin|Protect\n|move|p2a: Gholdengo|Make It Rain|p1b: Arcanine|[spread] \n|-activate|p1a: Palafin|move: Protect\n|-activate|p1b: Arcanine|move: Protect\n|move|p2b: Amoonguss|Spore|p1a: Palafin\n|-activate|p1a: Palafin|move: Protect\n|\n|-sideend|p2: garfieldslaya|move: Tailwind\n|upkeep\n|turn|5\n|\n|t:|1681803821\n|switch|p1b: Ting-Lu|Ting-Lu, L50|100\/100\n|-ability|p1b: Ting-Lu|Vessel of Ruin\n|move|p2b: Amoonguss|Rage Powder|p2b: Amoonguss\n|-singleturn|p2b: Amoonguss|move: Rage Powder\n|move|p1a: Palafin|Wave Crash|p2b: Amoonguss\n|-resisted|p2b: Amoonguss\n|-damage|p2b: Amoonguss|40\/100\n|-damage|p1a: Palafin|68\/100|[from] item: Rocky Helmet|[of] p2b: Amoonguss\n|-damage|p1a: Palafin|53\/100|[from] Recoil\n|move|p2a: Gholdengo|Make It Rain|p1a: Palafin|[spread] p1a,p1b\n|-resisted|p1a: Palafin\n|-damage|p1a: Palafin|35\/100\n|-damage|p1b: Ting-Lu|81\/100\n|-unboost|p2a: Gholdengo|spa|1\n|\n|upkeep\n|turn|6\n|\n|t:|1681803842\n|switch|p2b: Talonflame|Talonflame, L50, M|49\/100\n|move|p1a: Palafin|Protect|p1a: Palafin\n|-singleturn|p1a: Palafin|Protect\n|move|p2a: Gholdengo|Protect|p2a: Gholdengo\n|-singleturn|p2a: Gholdengo|Protect\n|move|p1b: Ting-Lu|Stomping Tantrum|p2b: Talonflame\n|-immune|p2b: Talonflame\n|\n|upkeep\n|turn|7\n|\n|t:|1681803868\n|switch|p2b: Amoonguss|Amoonguss, L50, M|73\/100\n|move|p1a: Palafin|Jet Punch|p2b: Amoonguss\n|-resisted|p2b: Amoonguss\n|-damage|p2b: Amoonguss|55\/100\n|-damage|p1a: Palafin|19\/100|[from] item: Rocky Helmet|[of] p2b: Amoonguss\n|move|p2a: Gholdengo|Shadow Ball|p1a: Palafin\n|-damage|p1a: Palafin|0 fnt\n|faint|p1a: Palafin\n|move|p1b: Ting-Lu|Stomping Tantrum|p2a: Gholdengo\n|-supereffective|p2a: Gholdengo\n|-damage|p2a: Gholdengo|0 fnt\n|faint|p2a: Gholdengo\n|\n|upkeep\n|\n|t:|1681803876\n|switch|p1a: Arcanine|Arcanine, L50, M, tera:Water|19\/100\n|switch|p2a: Great Tusk|Great Tusk, L50, tera:Ground|95\/100 brn\n|-ability|p1a: Arcanine|Intimidate|boost\n|-unboost|p2a: Great Tusk|atk|1\n|-unboost|p2b: Amoonguss|atk|1\n|turn|8\n|\n|t:|1681803890\n|move|p1a: Arcanine|Protect|p1a: Arcanine\n|-singleturn|p1a: Arcanine|Protect\n|move|p2b: Amoonguss|Rage Powder|p2b: Amoonguss\n|-singleturn|p2b: Amoonguss|move: Rage Powder\n|move|p2a: Great Tusk|Close Combat|p1b: Ting-Lu\n|-supereffective|p1b: Ting-Lu\n|-damage|p1b: Ting-Lu|60\/100\n|-unboost|p2a: Great Tusk|def|1\n|-unboost|p2a: Great Tusk|spd|1\n|move|p1b: Ting-Lu|Ruination|p2b: Amoonguss\n|-damage|p2b: Amoonguss|28\/100\n|\n|-damage|p2a: Great Tusk|89\/100 brn|[from] brn\n|upkeep\n|turn|9\n|\n|t:|1681803912\n|switch|p2b: Talonflame|Talonflame, L50, M|49\/100\n|move|p2a: Great Tusk|Close Combat|p1a: Arcanine\n|-damage|p1a: Arcanine|0 fnt\n|-unboost|p2a: Great Tusk|def|1\n|-unboost|p2a: Great Tusk|spd|1\n|faint|p1a: Arcanine\n|move|p1b: Ting-Lu|Ruination|p2a: Great Tusk\n|-damage|p2a: Great Tusk|45\/100 brn\n|\n|-damage|p2a: Great Tusk|39\/100 brn|[from] brn\n|upkeep\n|turn|10\n|\n|t:|1681803926\n|move|p2b: Talonflame|Will-O-Wisp|p1b: Ting-Lu\n|-status|p1b: Ting-Lu|brn\n|move|p2a: Great Tusk|Close Combat|p1b: Ting-Lu\n|-supereffective|p1b: Ting-Lu\n|-damage|p1b: Ting-Lu|38\/100 brn\n|-unboost|p2a: Great Tusk|def|1\n|-unboost|p2a: Great Tusk|spd|1\n|move|p1b: Ting-Lu|Body Press|p2b: Talonflame\n|-resisted|p2b: Talonflame\n|-damage|p2b: Talonflame|41\/100\n|\n|-damage|p2a: Great Tusk|33\/100 brn|[from] brn\n|-damage|p1b: Ting-Lu|32\/100 brn|[from] brn\n|upkeep\n|turn|11\n|-message|Kiquemo forfeited.\n|\n|win|garfieldslaya\n|raw|Kiquemo's rating: 1249 → 1229<\/strong> (-20 for losing)\n|raw|garfieldslaya's rating: 1318 → 1334<\/strong> (+16 for winning)\n|l|\u2606Kiquemo\n","uploadtime":1681803941,"views":11,"p1id":"kiquemo","p2id":"garfieldslaya","formatid":"gen9vgc2023regulationc","rating":1229,"private":0,"password":""}