{"id":"gen9vgc2023regulationc-1856360139","p1":"refanner","p2":"KiryaeTest","format":"[Gen 9] VGC 2023 Regulation C","log":"|j|\u2606refanner\n|j|\u2606KiryaeTest\n|t:|1683054044\n|gametype|doubles\n|player|p1|refanner|2|1204\n|player|p2|KiryaeTest|101|1183\n|teamsize|p1|6\n|teamsize|p2|6\n|gen|9\n|tier|[Gen 9] VGC 2023 Regulation C\n|rated|\n|rule|Species Clause: Limit one of each Pok\u00e9mon\n|rule|Item Clause: Limit one of each item\n|clearpoke\n|poke|p1|Amoonguss, L50, M|\n|poke|p1|Ting-Lu, L50|\n|poke|p1|Arcanine, L50, M|\n|poke|p1|Garganacl, L50, M|\n|poke|p1|Glimmora, L50, M|\n|poke|p1|Roaring Moon, L50|\n|poke|p2|Ting-Lu, L50|\n|poke|p2|Annihilape, L50, F|\n|poke|p2|Corviknight, L50, F|\n|poke|p2|Iron Moth, L50|\n|poke|p2|Grimmsnarl, L50, M|\n|poke|p2|Gholdengo, L50|\n|teampreview|4\n|inactive|Battle timer is ON: inactive players will automatically lose when time's up. (requested by KiryaeTest)\n|inactive|refanner has 60 seconds left.\n|inactive|KiryaeTest has 60 seconds left.\n|inactive|KiryaeTest has 30 seconds left.\n|\n|t:|1683054106\n|start\n|switch|p1a: Garganacl|Garganacl, L50, M|100\/100\n|switch|p1b: Ting-Lu|Ting-Lu, L50|100\/100\n|switch|p2a: Annihilape|Annihilape, L50, F|100\/100\n|switch|p2b: Ting-Lu|Ting-Lu, L50|100\/100\n|-ability|p1b: Ting-Lu|Vessel of Ruin\n|-ability|p2b: Ting-Lu|Vessel of Ruin\n|turn|1\n|\n|t:|1683054127\n|switch|p1b: Amoonguss|Amoonguss, L50, M|100\/100\n|-terastallize|p1a: Garganacl|Ghost\n|move|p2a: Annihilape|Bulk Up|p2a: Annihilape\n|-boost|p2a: Annihilape|atk|1\n|-boost|p2a: Annihilape|def|1\n|move|p2b: Ting-Lu|Ruination|p1b: Amoonguss\n|-damage|p1b: Amoonguss|51\/100\n|move|p1a: Garganacl|Salt Cure|p2a: Annihilape\n|-resisted|p2a: Annihilape\n|-damage|p2a: Annihilape|95\/100\n|-start|p2a: Annihilape|Salt Cure\n|\n|-damage|p2a: Annihilape|83\/100|[from] Salt Cure\n|upkeep\n|turn|2\n|inactive|KiryaeTest has 30 seconds left.\n|\n|t:|1683054155\n|move|p2a: Annihilape|Rage Fist|p1b: Amoonguss\n|-damage|p1b: Amoonguss|0 fnt\n|faint|p1b: Amoonguss\n|move|p2b: Ting-Lu|Stomping Tantrum|p1a: Garganacl\n|-damage|p1a: Garganacl|78\/100\n|move|p1a: Garganacl|Salt Cure|p2b: Ting-Lu\n|-resisted|p2b: Ting-Lu\n|-crit|p2b: Ting-Lu\n|-damage|p2b: Ting-Lu|93\/100\n|-start|p2b: Ting-Lu|Salt Cure\n|\n|-heal|p1a: Garganacl|84\/100|[from] item: Leftovers\n|-damage|p2a: Annihilape|71\/100|[from] Salt Cure\n|-damage|p2b: Ting-Lu|81\/100|[from] Salt Cure\n|upkeep\n|\n|t:|1683054168\n|switch|p1b: Roaring Moon|Roaring Moon, L50|100\/100\n|-enditem|p1b: Roaring Moon|Booster Energy\n|-activate|p1b: Roaring Moon|ability: Protosynthesis|[fromitem]\n|-start|p1b: Roaring Moon|protosynthesisatk\n|turn|3\n|inactive|refanner has 30 seconds left.\n|\n|t:|1683054200\n|switch|p2b: Gholdengo|Gholdengo, L50|100\/100\n|switch|p1a: Ting-Lu|Ting-Lu, L50|100\/100\n|-ability|p1a: Ting-Lu|Vessel of Ruin\n|move|p2a: Annihilape|Protect|p2a: Annihilape\n|-singleturn|p2a: Annihilape|Protect\n|move|p1b: Roaring Moon|Jaw Lock|p2a: Annihilape\n|-activate|p2a: Annihilape|move: Protect\n|\n|-damage|p2a: Annihilape|59\/100|[from] Salt Cure\n|upkeep\n|turn|4\n|\n|t:|1683054223\n|switch|p2b: Ting-Lu|Ting-Lu, L50|81\/100\n|-ability|p2b: Ting-Lu|Vessel of Ruin\n|-terastallize|p2a: Annihilape|Fire\n|move|p1b: Roaring Moon|Jaw Lock|p2a: Annihilape\n|-damage|p2a: Annihilape|23\/100\n|-activate|p1b: Roaring Moon|trapped\n|-activate|p2a: Annihilape|trapped\n|-enditem|p2a: Annihilape|Sitrus Berry|[eat]\n|-heal|p2a: Annihilape|48\/100|[from] item: Sitrus Berry\n|move|p2a: Annihilape|Drain Punch|p1a: Ting-Lu\n|-supereffective|p1a: Ting-Lu\n|-damage|p1a: Ting-Lu|49\/100\n|-heal|p2a: Annihilape|81\/100|[from] drain|[of] p1a: Ting-Lu\n|move|p1a: Ting-Lu|Stomping Tantrum|p2b: Ting-Lu\n|-damage|p2b: Ting-Lu|62\/100\n|\n|-damage|p2a: Annihilape|69\/100|[from] Salt Cure\n|upkeep\n|turn|5\n|\n|t:|1683054244\n|switch|p1a: Garganacl|Garganacl, L50, M, tera:Ghost|84\/100\n|move|p1b: Roaring Moon|Jaw Lock|p2a: Annihilape\n|-damage|p2a: Annihilape|34\/100\n|move|p2a: Annihilape|Drain Punch|p1a: Garganacl\n|-immune|p1a: Garganacl\n|move|p2b: Ting-Lu|Ruination|p1b: Roaring Moon\n|-damage|p1b: Roaring Moon|51\/100\n|\n|-heal|p1a: Garganacl|90\/100|[from] item: Leftovers\n|-damage|p2a: Annihilape|22\/100|[from] Salt Cure\n|upkeep\n|turn|6\n|\n|t:|1683054261\n|move|p2a: Annihilape|Protect|p2a: Annihilape\n|-singleturn|p2a: Annihilape|Protect\n|move|p1b: Roaring Moon|Roost|p1b: Roaring Moon\n|-heal|p1b: Roaring Moon|100\/100\n|-singleturn|p1b: Roaring Moon|move: Roost\n|move|p2b: Ting-Lu|Ruination|p1a: Garganacl\n|-damage|p1a: Garganacl|45\/100\n|move|p1a: Garganacl|Salt Cure|p2b: Ting-Lu\n|-resisted|p2b: Ting-Lu\n|-damage|p2b: Ting-Lu|58\/100\n|-start|p2b: Ting-Lu|Salt Cure\n|\n|-heal|p1a: Garganacl|51\/100|[from] item: Leftovers\n|-damage|p2a: Annihilape|10\/100|[from] Salt Cure\n|-damage|p2b: Ting-Lu|46\/100|[from] Salt Cure\n|upkeep\n|turn|7\n|\n|t:|1683054284\n|move|p1b: Roaring Moon|Jaw Lock|p2a: Annihilape\n|-crit|p2a: Annihilape\n|-damage|p2a: Annihilape|0 fnt\n|faint|p2a: Annihilape\n|move|p2b: Ting-Lu|Earthquake|p1b: Roaring Moon|[spread] p1a,p1b\n|-damage|p1a: Garganacl|28\/100\n|-damage|p1b: Roaring Moon|56\/100\n|move|p1a: Garganacl|Recover|p1a: Garganacl\n|-heal|p1a: Garganacl|78\/100\n|\n|-heal|p1a: Garganacl|84\/100|[from] item: Leftovers\n|-damage|p2b: Ting-Lu|34\/100|[from] Salt Cure\n|upkeep\n|\n|t:|1683054304\n|switch|p2a: Gholdengo|Gholdengo, L50|100\/100\n|turn|8\n|inactive|KiryaeTest has 30 seconds left.\n|\n|t:|1683054331\n|switch|p2b: Iron Moth|Iron Moth, L50|100\/100\n|-enditem|p2b: Iron Moth|Booster Energy\n|-activate|p2b: Iron Moth|ability: Quark Drive|[fromitem]\n|-start|p2b: Iron Moth|quarkdrivespa\n|move|p2a: Gholdengo|Protect|p2a: Gholdengo\n|-singleturn|p2a: Gholdengo|Protect\n|move|p1b: Roaring Moon|Jaw Lock|p2a: Gholdengo\n|-activate|p2a: Gholdengo|move: Protect\n|move|p1a: Garganacl|Salt Cure|p2a: Gholdengo\n|-activate|p2a: Gholdengo|move: Protect\n|\n|-heal|p1a: Garganacl|90\/100|[from] item: Leftovers\n|upkeep\n|turn|9\n|\n|t:|1683054354\n|-end|p1b: Roaring Moon|Protosynthesis|[silent]\n|switch|p1b: Ting-Lu|Ting-Lu, L50|49\/100\n|-ability|p1b: Ting-Lu|Vessel of Ruin\n|move|p2b: Iron Moth|Sludge Wave|p1b: Ting-Lu|[spread] p1a,p1b\n|-immune|p2a: Gholdengo\n|-resisted|p1a: Garganacl\n|-resisted|p1b: Ting-Lu\n|-damage|p1a: Garganacl|78\/100\n|-damage|p1b: Ting-Lu|41\/100\n|move|p2a: Gholdengo|Shadow Ball|p1a: Garganacl\n|-supereffective|p1a: Garganacl\n|-damage|p1a: Garganacl|57\/100\n|move|p1a: Garganacl|Salt Cure|p2b: Iron Moth\n|-supereffective|p2b: Iron Moth\n|-damage|p2b: Iron Moth|53\/100\n|-start|p2b: Iron Moth|Salt Cure\n|\n|-heal|p1a: Garganacl|63\/100|[from] item: Leftovers\n|-damage|p2b: Iron Moth|41\/100|[from] Salt Cure\n|upkeep\n|turn|10\n|-message|KiryaeTest forfeited.\n|\n|win|refanner\n|raw|refanner's rating: 1204 → 1227<\/strong> (+23 for winning)\n|raw|KiryaeTest's rating: 1183 → 1160<\/strong> (-23 for losing)\n|l|\u2606KiryaeTest\n","uploadtime":1683054374,"views":9,"p1id":"refanner","p2id":"kiryaetest","formatid":"gen9vgc2023regulationc","rating":1160,"private":0,"password":""}