{"id":"gen9vgc2023regulationc-1861132900","p1":"ts02942461","p2":"yokai19","format":"[Gen 9] VGC 2023 Regulation C","log":"|j|\u2606ts02942461\n|j|\u2606yokai19\n|t:|1683729473\n|gametype|doubles\n|player|p1|ts02942461|1|1256\n|player|p2|yokai19|266|1302\n|teamsize|p1|6\n|teamsize|p2|6\n|gen|9\n|tier|[Gen 9] VGC 2023 Regulation C\n|rated|\n|rule|Species Clause: Limit one of each Pok\u00e9mon\n|rule|Item Clause: Limit one of each item\n|clearpoke\n|poke|p1|Scizor, L50, M|\n|poke|p1|Ceruledge, L50, M|\n|poke|p1|Gastrodon, L50, M|\n|poke|p1|Glimmora, L50, M|\n|poke|p1|Toxapex, L50, F|\n|poke|p1|Hydreigon, L50, F|\n|poke|p2|Chi-Yu, L50|\n|poke|p2|Iron Hands, L50|\n|poke|p2|Amoonguss, L50, F|\n|poke|p2|Gyarados, L50, M|\n|poke|p2|Iron Bundle, L50|\n|poke|p2|Flutter Mane, L50|\n|teampreview|4\n|inactive|Battle timer is ON: inactive players will automatically lose when time's up. (requested by ts02942461)\n|\n|t:|1683729534\n|start\n|switch|p1a: Glimmora|Glimmora, L50, M|100\/100\n|switch|p1b: Toxapex|Toxapex, L50, F|100\/100\n|switch|p2a: Iron Bundle|Iron Bundle, L50|100\/100\n|switch|p2b: Chi-Yu|Chi-Yu, L50|100\/100\n|-ability|p2b: Chi-Yu|Beads of Ruin\n|-enditem|p2a: Iron Bundle|Booster Energy\n|-activate|p2a: Iron Bundle|ability: Quark Drive|[fromitem]\n|-start|p2a: Iron Bundle|quarkdrivespe\n|turn|1\n|inactive|ts02942461 has 30 seconds left.\n|inactive|yokai19 has 30 seconds left.\n|inactive|yokai19 has 20 seconds left.\n|inactive|ts02942461 has 20 seconds left.\n|\n|t:|1683729578\n|move|p2a: Iron Bundle|Freeze-Dry|p1b: Toxapex\n|-supereffective|p1b: Toxapex\n|-damage|p1b: Toxapex|20\/100\n|move|p1a: Glimmora|Power Gem|p2a: Iron Bundle\n|-supereffective|p2a: Iron Bundle\n|-damage|p2a: Iron Bundle|0 fnt\n|faint|p2a: Iron Bundle\n|-end|p2a: Iron Bundle|Quark Drive|[silent]\n|move|p2b: Chi-Yu|Nasty Plot|p2b: Chi-Yu\n|-boost|p2b: Chi-Yu|spa|2\n|move|p1b: Toxapex|Toxic|p2b: Chi-Yu\n|-status|p2b: Chi-Yu|tox\n|\n|-heal|p1b: Toxapex|26\/100|[from] item: Black Sludge\n|-damage|p2b: Chi-Yu|95\/100 tox|[from] psn\n|upkeep\n|inactive|yokai19 has 30 seconds left.\n|\n|t:|1683729603\n|switch|p2a: Iron Hands|Iron Hands, L50|100\/100\n|turn|2\n|\n|t:|1683729623\n|move|p1a: Glimmora|Spiky Shield|p1a: Glimmora\n|-singleturn|p1a: Glimmora|move: Protect\n|move|p2b: Chi-Yu|Protect|p2b: Chi-Yu\n|-singleturn|p2b: Chi-Yu|Protect\n|move|p2a: Iron Hands|Drain Punch|p1a: Glimmora\n|-activate|p1a: Glimmora|move: Protect\n|-damage|p2a: Iron Hands|88\/100|[from] Spiky Shield|[of] p1a: Glimmora\n|move|p1b: Toxapex|Haze|p1b: Toxapex\n|-clearallboost\n|\n|-heal|p1b: Toxapex|32\/100|[from] item: Black Sludge\n|-damage|p2b: Chi-Yu|83\/100 tox|[from] psn\n|upkeep\n|turn|3\n|\n|t:|1683729644\n|switch|p2b: Amoonguss|Amoonguss, L50, F|100\/100\n|switch|p1b: Gastrodon|Gastrodon, L50, M|100\/100\n|move|p1a: Glimmora|Power Gem|p2b: Amoonguss\n|-damage|p2b: Amoonguss|67\/100\n|move|p2a: Iron Hands|Drain Punch|p1a: Glimmora\n|-damage|p1a: Glimmora|53\/100\n|-heal|p2a: Iron Hands|100\/100|[from] drain|[of] p1a: Glimmora\n|-activate|p1a: Glimmora|ability: Toxic Debris\n|-sidestart|p2: yokai19|move: Toxic Spikes\n|\n|upkeep\n|turn|4\n|inactive|yokai19 has 30 seconds left.\n|\n|t:|1683729671\n|move|p1a: Glimmora|Earth Power|p2a: Iron Hands\n|-supereffective|p2a: Iron Hands\n|-damage|p2a: Iron Hands|66\/100\n|move|p2a: Iron Hands|Drain Punch|p1b: Gastrodon\n|-damage|p1b: Gastrodon|61\/100\n|-heal|p2a: Iron Hands|84\/100|[from] drain|[of] p1b: Gastrodon\n|move|p1b: Gastrodon|Earth Power|p2a: Iron Hands\n|-supereffective|p2a: Iron Hands\n|-damage|p2a: Iron Hands|50\/100\n|move|p2b: Amoonguss|Spore|p1a: Glimmora\n|-status|p1a: Glimmora|slp|[from] move: Spore\n|\n|upkeep\n|turn|5\n|\n|t:|1683729695\n|switch|p1a: Scizor|Scizor, L50, M|100\/100\n|move|p2a: Iron Hands|Drain Punch|p1a: Scizor\n|-damage|p1a: Scizor|57\/100\n|-heal|p2a: Iron Hands|66\/100|[from] drain|[of] p1a: Scizor\n|move|p1b: Gastrodon|Chilling Water|p2a: Iron Hands\n|-damage|p2a: Iron Hands|57\/100\n|-unboost|p2a: Iron Hands|atk|1\n|move|p2b: Amoonguss|Pollen Puff|p2a: Iron Hands\n|-heal|p2a: Iron Hands|100\/100\n|\n|upkeep\n|turn|6\n|inactive|yokai19 has 30 seconds left.\n|inactive|yokai19 has 20 seconds left.\n|inactive|yokai19 has 15 seconds left.\n|inactive|yokai19 has 10 seconds left.\n|\n|t:|1683729744\n|switch|p1a: Toxapex|Toxapex, L50, F|66\/100\n|move|p2a: Iron Hands|Drain Punch|p1a: Toxapex\n|-resisted|p1a: Toxapex\n|-damage|p1a: Toxapex|57\/100\n|move|p1b: Gastrodon|Chilling Water|p2a: Iron Hands\n|-damage|p2a: Iron Hands|93\/100\n|-unboost|p2a: Iron Hands|atk|1\n|move|p2b: Amoonguss|Spore|p1b: Gastrodon\n|-status|p1b: Gastrodon|slp|[from] move: Spore\n|\n|-heal|p1a: Toxapex|63\/100|[from] item: Black Sludge\n|upkeep\n|turn|7\n|inactive|yokai19 has 30 seconds left.\n|\n|t:|1683729777\n|-end|p2a: Iron Hands|Quark Drive|[silent]\n|switch|p2a: Chi-Yu|Chi-Yu, L50|83\/100 tox\n|-ability|p2a: Chi-Yu|Beads of Ruin\n|cant|p1b: Gastrodon|slp\n|move|p1a: Toxapex|Toxic|p2a: Chi-Yu\n|-fail|p2a: Chi-Yu|tox\n|move|p2b: Amoonguss|Pollen Puff|p2a: Chi-Yu\n|-heal|p2a: Chi-Yu|100\/100 tox\n|\n|-heal|p1a: Toxapex|69\/100|[from] item: Black Sludge\n|-damage|p2a: Chi-Yu|95\/100 tox|[from] psn\n|upkeep\n|turn|8\n|\n|t:|1683729800\n|move|p2b: Amoonguss|Rage Powder|p2b: Amoonguss\n|-singleturn|p2b: Amoonguss|move: Rage Powder\n|move|p2a: Chi-Yu|Heat Wave|p1b: Gastrodon|[spread] p1a,p1b\n|-resisted|p1a: Toxapex\n|-resisted|p1b: Gastrodon\n|-crit|p1b: Gastrodon\n|-damage|p1a: Toxapex|46\/100\n|-damage|p1b: Gastrodon|32\/100 slp\n|-curestatus|p1b: Gastrodon|slp|[msg]\n|move|p1b: Gastrodon|Earth Power|p2b: Amoonguss\n|-damage|p2b: Amoonguss|32\/100\n|-unboost|p2b: Amoonguss|spd|1\n|-enditem|p2b: Amoonguss|Sitrus Berry|[eat]\n|-heal|p2b: Amoonguss|57\/100|[from] item: Sitrus Berry\n|move|p1a: Toxapex|Haze|p1a: Toxapex\n|-clearallboost\n|\n|-heal|p1a: Toxapex|53\/100|[from] item: Black Sludge\n|-damage|p2a: Chi-Yu|83\/100 tox|[from] psn\n|upkeep\n|turn|9\n|inactive|ts02942461 has 30 seconds left.\n|inactive|yokai19 has 30 seconds left.\n|\n|t:|1683729827\n|switch|p1b: Glimmora|Glimmora, L50, M|53\/100 slp\n|move|p1a: Toxapex|Wide Guard|p1a: Toxapex\n|-singleturn|p1a: Toxapex|Wide Guard\n|move|p2b: Amoonguss|Rage Powder|p2b: Amoonguss\n|-singleturn|p2b: Amoonguss|move: Rage Powder\n|move|p2a: Chi-Yu|Dark Pulse|p1b: Glimmora\n|-damage|p1b: Glimmora|0 fnt\n|faint|p1b: Glimmora\n|\n|-heal|p1a: Toxapex|59\/100|[from] item: Black Sludge\n|-damage|p2a: Chi-Yu|65\/100 tox|[from] psn\n|upkeep\n|\n|t:|1683729837\n|switch|p1b: Gastrodon|Gastrodon, L50, M|32\/100\n|turn|10\n|inactive|yokai19 has 30 seconds left.\n|\n|t:|1683729870\n|switch|p2b: Iron Hands|Iron Hands, L50|93\/100\n|-status|p2b: Iron Hands|psn\n|move|p2a: Chi-Yu|Dark Pulse|p1b: Gastrodon\n|-damage|p1b: Gastrodon|0 fnt\n|faint|p1b: Gastrodon\n|move|p1a: Toxapex|Mud Shot|p2a: Chi-Yu\n|-supereffective|p2a: Chi-Yu\n|-damage|p2a: Chi-Yu|48\/100 tox\n|-unboost|p2a: Chi-Yu|spe|1\n|\n|-heal|p1a: Toxapex|65\/100|[from] item: Black Sludge\n|-damage|p2a: Chi-Yu|24\/100 tox|[from] psn\n|-damage|p2b: Iron Hands|80\/100 psn|[from] psn\n|upkeep\n|\n|t:|1683729877\n|switch|p1b: Scizor|Scizor, L50, M|57\/100\n|turn|11\n|inactive|ts02942461 has 30 seconds left.\n|inactive|yokai19 has 30 seconds left.\n|\n|t:|1683729904\n|switch|p2a: Amoonguss|Amoonguss, L50, F|90\/100\n|-sideend|p2: yokai19|move: Toxic Spikes|[of] p2a: Amoonguss\n|move|p1b: Scizor|Bullet Punch|p2a: Amoonguss\n|-damage|p2a: Amoonguss|60\/100\n|move|p2b: Iron Hands|Wild Charge|p1a: Toxapex\n|-supereffective|p1a: Toxapex\n|-damage|p1a: Toxapex|0 fnt\n|faint|p1a: Toxapex\n|-damage|p2b: Iron Hands|71\/100 psn|[from] Recoil\n|\n|-damage|p2b: Iron Hands|58\/100 psn|[from] psn\n|upkeep\n|turn|12\n|\n|t:|1683729922\n|move|p1b: Scizor|Swords Dance|p1b: Scizor\n|-boost|p1b: Scizor|atk|2\n|move|p2b: Iron Hands|Drain Punch|p1b: Scizor\n|-damage|p1b: Scizor|10\/100\n|-heal|p2b: Iron Hands|75\/100 psn|[from] drain|[of] p1b: Scizor\n|move|p2a: Amoonguss|Spore|p1b: Scizor\n|-activate|p1b: Scizor|item: Safety Goggles|Spore\n|\n|-damage|p2b: Iron Hands|63\/100 psn|[from] psn\n|upkeep\n|turn|13\n|\n|t:|1683729935\n|move|p2a: Amoonguss|Rage Powder|p2a: Amoonguss\n|-singleturn|p2a: Amoonguss|move: Rage Powder\n|move|p1b: Scizor|Pounce|p2a: Amoonguss\n|-damage|p2a: Amoonguss|0 fnt\n|faint|p2a: Amoonguss\n|move|p2b: Iron Hands|Drain Punch|p1b: Scizor\n|-damage|p1b: Scizor|0 fnt\n|-heal|p2b: Iron Hands|66\/100 psn|[from] drain|[of] p1b: Scizor\n|faint|p1b: Scizor\n|\n|win|yokai19\n|raw|ts02942461's rating: 1256 → 1234<\/strong> (-22 for losing)\n|raw|yokai19's rating: 1302 → 1319<\/strong> (+17 for winning)\n|l|\u2606ts02942461\n|l|\u2606yokai19\n|j|\u2606yokai19\n|player|p2|yokai19|266\n","uploadtime":1683729990,"views":9,"p1id":"ts02942461","p2id":"yokai19","formatid":"gen9vgc2023regulationc","rating":1234,"private":0,"password":""}