{"id":"gen9vgc2023regulationc-1853532930","p1":"aed96","p2":"judevgc","format":"[Gen 9] VGC 2023 Regulation C","log":"|j|\u2606aed96\n|j|\u2606judevgc\n|t:|1682694041\n|gametype|doubles\n|player|p1|aed96|red-masters|\n|player|p2|judevgc|cyclist|\n|teamsize|p1|6\n|teamsize|p2|6\n|gen|9\n|tier|[Gen 9] VGC 2023 Regulation C\n|rule|Species Clause: Limit one of each Pok\u00e9mon\n|rule|Item Clause: Limit one of each item\n|clearpoke\n|poke|p1|Azumarill, L50, F|\n|poke|p1|Garchomp, L50, M|\n|poke|p1|Kilowattrel, L50, F|\n|poke|p1|Gholdengo, L50|\n|poke|p1|Skuntank, L50, M|\n|poke|p1|Gardevoir, L50, F|\n|poke|p2|Roaring Moon, L50|\n|poke|p2|Tauros-Paldea-Aqua, L50, M|\n|poke|p2|Glimmora, L50, M|\n|poke|p2|Armarouge, L50, M|\n|poke|p2|Indeedee-F, L50, F|\n|poke|p2|Brambleghast, L50, F|\n|teampreview|4\n|c|\u2606aed96|g1\n|j| PorygonTheBot\n|c| PorygonTheBot|y'all suck\njudevgc rejected open team sheets.\n|c|\u2606aed96|i sent the link\n|c|\u2606aed96|glhf\n|c|\u2606judevgc|all seems tto be in order haha\n|c|\u2606judevgc|glhf\n|\n|t:|1682694151\n|start\n|switch|p1a: Garchomp|Garchomp, L50, M|100\/100\n|switch|p1b: Gardevoir|Gardevoir, L50, F|100\/100\n|switch|p2a: Roaring Moon|Roaring Moon, L50|100\/100\n|switch|p2b: Glimmora|Glimmora, L50, M|100\/100\n|-enditem|p2a: Roaring Moon|Booster Energy\n|-activate|p2a: Roaring Moon|ability: Protosynthesis|[fromitem]\n|-start|p2a: Roaring Moon|protosynthesisspe\n|turn|1\n|\n|t:|1682694213\n|-terastallize|p2b: Glimmora|Fairy\n|move|p2a: Roaring Moon|Tailwind|p2a: Roaring Moon\n|-sidestart|p2: judevgc|move: Tailwind\n|move|p2b: Glimmora|Dazzling Gleam|p1a: Garchomp|[spread] p1a,p1b\n|-supereffective|p1a: Garchomp\n|-damage|p1a: Garchomp|14\/100\n|-damage|p1b: Gardevoir|71\/100\n|move|p1a: Garchomp|Earthquake|p2b: Glimmora|[spread] p2a,p2b\n|-activate|p1b: Gardevoir|ability: Telepathy\n|-crit|p2a: Roaring Moon\n|-damage|p2a: Roaring Moon|32\/100\n|-damage|p2b: Glimmora|47\/100\n|-activate|p2b: Glimmora|ability: Toxic Debris\n|-sidestart|p1: aed96|move: Toxic Spikes\n|move|p1b: Gardevoir|Dazzling Gleam|p2b: Glimmora|[spread] p2a,p2b\n|-supereffective|p2a: Roaring Moon\n|-damage|p2a: Roaring Moon|0 fnt\n|-damage|p2b: Glimmora|2\/100\n|faint|p2a: Roaring Moon\n|-end|p2a: Roaring Moon|Protosynthesis|[silent]\n|\n|upkeep\n|\n|t:|1682694250\n|switch|p2a: Brambleghast|Brambleghast, L50, F|100\/100\n|-ability|p2a: Brambleghast|Wind Rider|boost\n|-boost|p2a: Brambleghast|atk|1\n|turn|2\n|\n|t:|1682694261\n|-terastallize|p1b: Gardevoir|Steel\n|move|p1a: Garchomp|Protect|p1a: Garchomp\n|-singleturn|p1a: Garchomp|Protect\n|move|p2a: Brambleghast|Shadow Sneak|p1b: Gardevoir\n|-damage|p1b: Gardevoir|0 fnt\n|faint|p1b: Gardevoir\n|move|p2b: Glimmora|Dazzling Gleam|p1a: Garchomp\n|-activate|p1a: Garchomp|move: Protect\n|\n|upkeep\n|\n|t:|1682694270\n|switch|p1b: Azumarill|Azumarill, L50, F|100\/100\n|-status|p1b: Azumarill|psn\n|turn|3\n|\n|t:|1682694277\n|switch|p2b: Tauros|Tauros-Paldea-Aqua, L50, M|100\/100\n|-ability|p2b: Tauros|Intimidate|boost\n|-fail|p1a: Garchomp|unboost|[from] item: Clear Amulet|[of] p1a: Garchomp\n|-unboost|p1b: Azumarill|atk|1\n|move|p2a: Brambleghast|Shadow Sneak|p1a: Garchomp\n|-damage|p1a: Garchomp|0 fnt\n|-damage|p2a: Brambleghast|88\/100|[from] ability: Rough Skin|[of] p1a: Garchomp\n|faint|p1a: Garchomp\n|move|p1b: Azumarill|Aqua Jet|p2b: Tauros\n|-resisted|p2b: Tauros\n|-damage|p2b: Tauros|92\/100\n|\n|-damage|p1b: Azumarill|88\/100 psn|[from] psn\n|upkeep\n|\n|t:|1682694284\n|switch|p1a: Skuntank|Skuntank, L50, M|100\/100\n|-sideend|p1: aed96|move: Toxic Spikes|[of] p1a: Skuntank\n|turn|4\n|\n|t:|1682694320\n|switch|p2b: Glimmora|Glimmora, L50, M, tera:Fairy|2\/100\n|move|p2a: Brambleghast|Shadow Sneak|p1b: Azumarill\n|-damage|p1b: Azumarill|37\/100 psn\n|move|p1a: Skuntank|Crunch|p2a: Brambleghast\n|-supereffective|p2a: Brambleghast\n|-damage|p2a: Brambleghast|0 fnt\n|faint|p2a: Brambleghast\n|move|p1b: Azumarill|Play Rough|p2b: Glimmora\n|-damage|p2b: Glimmora|0 fnt\n|-activate|p2b: Glimmora|ability: Toxic Debris\n|-sidestart|p1: aed96|move: Toxic Spikes\n|faint|p2b: Glimmora\n|\n|-damage|p1b: Azumarill|24\/100 psn|[from] psn\n|-sideend|p2: judevgc|move: Tailwind\n|upkeep\n|\n|t:|1682694328\n|switch|p2a: Tauros|Tauros-Paldea-Aqua, L50, M|92\/100\n|-ability|p2a: Tauros|Intimidate|boost\n|-unboost|p1a: Skuntank|atk|1\n|-unboost|p1b: Azumarill|atk|1\n|turn|5\n|\n|t:|1682694354\n|move|p2a: Tauros|Wild Charge|p1b: Azumarill\n|-supereffective|p1b: Azumarill\n|-damage|p1b: Azumarill|0 fnt\n|faint|p1b: Azumarill\n|-damage|p2a: Tauros|86\/100|[from] Recoil\n|move|p1a: Skuntank|Poison Jab|p2a: Tauros\n|-crit|p2a: Tauros\n|-damage|p2a: Tauros|47\/100\n|\n|upkeep\n|turn|6\n|\n|t:|1682694365\n|move|p2a: Tauros|Stomping Tantrum|p1a: Skuntank\n|-supereffective|p1a: Skuntank\n|-damage|p1a: Skuntank|46\/100\n|move|p1a: Skuntank|Poison Jab|p2a: Tauros\n|-damage|p2a: Tauros|27\/100\n|\n|upkeep\n|turn|7\n|\n|t:|1682694376\n|move|p2a: Tauros|Stomping Tantrum|p1a: Skuntank\n|-supereffective|p1a: Skuntank\n|-damage|p1a: Skuntank|0 fnt\n|faint|p1a: Skuntank\n|\n|win|judevgc\n","uploadtime":1682694377,"views":12,"p1id":"aed96","p2id":"judevgc","formatid":"gen9vgc2023regulationc","rating":0,"private":0,"password":null}