{"id":"gen9vgc2023regulationc-1856563480","p1":"Bankaimike","p2":"gspm02","format":"[Gen 9] VGC 2023 Regulation C","log":"|j|\u2606Bankaimike\n|j|\u2606gspm02\n|t:|1683076220\n|gametype|doubles\n|player|p1|Bankaimike|170|1265\n|player|p2|gspm02|2|1331\n|teamsize|p1|6\n|teamsize|p2|6\n|gen|9\n|tier|[Gen 9] VGC 2023 Regulation C\n|rated|\n|rule|Species Clause: Limit one of each Pok\u00e9mon\n|rule|Item Clause: Limit one of each item\n|clearpoke\n|poke|p1|Amoonguss, L50, F|\n|poke|p1|Baxcalibur, L50, M|\n|poke|p1|Arcanine, L50, F|\n|poke|p1|Iron Bundle, L50|\n|poke|p1|Ting-Lu, L50|\n|poke|p1|Flutter Mane, L50|\n|poke|p2|Palafin, L50, M|\n|poke|p2|Amoonguss, L50, M|\n|poke|p2|Iron Hands, L50|\n|poke|p2|Flutter Mane, L50|\n|poke|p2|Baxcalibur, L50, F|\n|poke|p2|Arcanine, L50, F|\n|teampreview|4\n|inactive|Battle timer is ON: inactive players will automatically lose when time's up. (requested by Bankaimike)\n|inactive|Bankaimike has 60 seconds left.\n|inactive|gspm02 has 60 seconds left.\n|\n|t:|1683076262\n|start\n|switch|p1a: Amoonguss|Amoonguss, L50, F|100\/100\n|switch|p1b: Ting-Lu|Ting-Lu, L50|100\/100\n|switch|p2a: Iron Hands|Iron Hands, L50|100\/100\n|switch|p2b: Flutter Mane|Flutter Mane, L50|100\/100\n|-ability|p1b: Ting-Lu|Vessel of Ruin\n|-enditem|p2b: Flutter Mane|Booster Energy\n|-activate|p2b: Flutter Mane|ability: Protosynthesis|[fromitem]\n|-start|p2b: Flutter Mane|protosynthesisspa\n|turn|1\n|\n|t:|1683076279\n|move|p2a: Iron Hands|Fake Out|p1a: Amoonguss\n|-damage|p1a: Amoonguss|87\/100\n|move|p2b: Flutter Mane|Moonblast|p1b: Ting-Lu\n|-supereffective|p1b: Ting-Lu\n|-damage|p1b: Ting-Lu|62\/100\n|move|p1b: Ting-Lu|Heavy Slam|p2b: Flutter Mane\n|-supereffective|p2b: Flutter Mane\n|-damage|p2b: Flutter Mane|8\/100\n|cant|p1a: Amoonguss|flinch\n|\n|upkeep\n|turn|2\n|\n|t:|1683076303\n|-terastallize|p2a: Iron Hands|Grass\n|move|p2b: Flutter Mane|Protect|p2b: Flutter Mane\n|-singleturn|p2b: Flutter Mane|Protect\n|move|p2a: Iron Hands|Drain Punch|p1b: Ting-Lu\n|-supereffective|p1b: Ting-Lu\n|-damage|p1b: Ting-Lu|16\/100\n|move|p1b: Ting-Lu|Stomping Tantrum|p2a: Iron Hands\n|-resisted|p2a: Iron Hands\n|-damage|p2a: Iron Hands|91\/100\n|move|p1a: Amoonguss|Pollen Puff|p1b: Ting-Lu\n|-heal|p1b: Ting-Lu|66\/100\n|\n|upkeep\n|turn|3\n|inactive|Bankaimike has 30 seconds left.\n|inactive|gspm02 has 30 seconds left.\n|\n|t:|1683076334\n|-end|p2b: Flutter Mane|Protosynthesis|[silent]\n|switch|p2b: Arcanine|Arcanine, L50, F|100\/100\n|-ability|p2b: Arcanine|Intimidate|boost\n|-unboost|p1a: Amoonguss|atk|1\n|-unboost|p1b: Ting-Lu|atk|1\n|-terastallize|p1b: Ting-Lu|Poison\n|move|p2a: Iron Hands|Drain Punch|p1b: Ting-Lu\n|-resisted|p1b: Ting-Lu\n|-crit|p1b: Ting-Lu\n|-damage|p1b: Ting-Lu|50\/100\n|-heal|p2a: Iron Hands|99\/100|[from] drain|[of] p1b: Ting-Lu\n|move|p1b: Ting-Lu|Ruination|p2a: Iron Hands\n|-damage|p2a: Iron Hands|50\/100\n|move|p1a: Amoonguss|Spore|p2b: Arcanine\n|-activate|p2b: Arcanine|item: Safety Goggles|Spore\n|\n|upkeep\n|turn|4\n|inactive|Bankaimike has 30 seconds left.\n|inactive|Bankaimike has 20 seconds left.\n|inactive|Bankaimike has 15 seconds left.\n|inactive|Bankaimike has 10 seconds left.\n|\n|t:|1683076380\n|move|p2b: Arcanine|Howl|p2b: Arcanine|[spread] p2a,p2b\n|-boost|p2a: Iron Hands|atk|1\n|-boost|p2b: Arcanine|atk|1\n|move|p2a: Iron Hands|Stomping Tantrum|p1b: Ting-Lu\n|-supereffective|p1b: Ting-Lu\n|-damage|p1b: Ting-Lu|4\/100\n|move|p1b: Ting-Lu|Ruination|p2b: Arcanine\n|-damage|p2b: Arcanine|51\/100\n|move|p1a: Amoonguss|Pollen Puff|p1b: Ting-Lu\n|-heal|p1b: Ting-Lu|53\/100\n|\n|upkeep\n|turn|5\n|inactive|Bankaimike has 30 seconds left.\n|inactive|Bankaimike has 20 seconds left.\n|\n|t:|1683076419\n|move|p2b: Arcanine|Howl|p2b: Arcanine|[spread] p2a,p2b\n|-boost|p2a: Iron Hands|atk|1\n|-boost|p2b: Arcanine|atk|1\n|move|p2a: Iron Hands|Stomping Tantrum|p1b: Ting-Lu\n|-supereffective|p1b: Ting-Lu\n|-damage|p1b: Ting-Lu|0 fnt\n|faint|p1b: Ting-Lu\n|move|p1a: Amoonguss|Pollen Puff|p2a: Iron Hands\n|-supereffective|p2a: Iron Hands\n|-damage|p2a: Iron Hands|26\/100\n|\n|upkeep\n|\n|t:|1683076435\n|switch|p1b: Flutter Mane|Flutter Mane, L50|100\/100\n|turn|6\n|inactive|gspm02 has 30 seconds left.\n|\n|t:|1683076461\n|-end|p2a: Iron Hands|Quark Drive|[silent]\n|switch|p2a: Amoonguss|Amoonguss, L50, M|100\/100\n|move|p1b: Flutter Mane|Dazzling Gleam|p2a: Amoonguss|[spread] p2a,p2b\n|-resisted|p2a: Amoonguss\n|-resisted|p2b: Arcanine\n|-damage|p2a: Amoonguss|81\/100\n|-damage|p2b: Arcanine|30\/100\n|move|p2b: Arcanine|Flare Blitz|p1b: Flutter Mane\n|-damage|p1b: Flutter Mane|0 fnt\n|faint|p1b: Flutter Mane\n|-end|p1b: Flutter Mane|Protosynthesis|[silent]\n|-damage|p2b: Arcanine|3\/100|[from] Recoil\n|move|p1a: Amoonguss|Clear Smog|p2b: Arcanine\n|-damage|p2b: Arcanine|0 fnt\n|-clearboost|p2b: Arcanine\n|faint|p2b: Arcanine\n|\n|upkeep\n|\n|t:|1683076482\n|switch|p1b: Iron Bundle|Iron Bundle, L50|100\/100\n|switch|p2b: Iron Hands|Iron Hands, L50, tera:Grass|26\/100\n|-enditem|p1b: Iron Bundle|Booster Energy\n|-activate|p1b: Iron Bundle|ability: Quark Drive|[fromitem]\n|-start|p1b: Iron Bundle|quarkdrivespe\n|turn|7\n|\n|t:|1683076492\n|move|p1b: Iron Bundle|Protect|p1b: Iron Bundle\n|-singleturn|p1b: Iron Bundle|Protect\n|move|p2b: Iron Hands|Fake Out|p1b: Iron Bundle\n|-activate|p1b: Iron Bundle|move: Protect\n|move|p1a: Amoonguss|Pollen Puff|p2b: Iron Hands\n|-supereffective|p2b: Iron Hands\n|-damage|p2b: Iron Hands|6\/100\n|move|p2a: Amoonguss|Pollen Puff|p2b: Iron Hands\n|-heal|p2b: Iron Hands|55\/100\n|\n|upkeep\n|turn|8\n|\n|t:|1683076512\n|move|p2a: Amoonguss|Rage Powder|p2a: Amoonguss\n|-singleturn|p2a: Amoonguss|move: Rage Powder\n|move|p1b: Iron Bundle|Freeze-Dry|p2a: Amoonguss\n|-supereffective|p2a: Amoonguss\n|-crit|p2a: Amoonguss\n|-damage|p2a: Amoonguss|0 fnt\n|faint|p2a: Amoonguss\n|move|p2b: Iron Hands|Drain Punch|p1b: Iron Bundle\n|-supereffective|p1b: Iron Bundle\n|-damage|p1b: Iron Bundle|0 fnt\n|-heal|p2b: Iron Hands|84\/100|[from] drain|[of] p1b: Iron Bundle\n|faint|p1b: Iron Bundle\n|-end|p1b: Iron Bundle|Quark Drive|[silent]\n|move|p1a: Amoonguss|Pollen Puff|p1: Iron Bundle|[notarget]\n|-fail|p1a: Amoonguss\n|\n|upkeep\n|\n|t:|1683076527\n|switch|p2a: Flutter Mane|Flutter Mane, L50|8\/100\n|turn|9\n|\n|t:|1683076536\n|move|p2a: Flutter Mane|Shadow Ball|p1a: Amoonguss\n|-damage|p1a: Amoonguss|52\/100\n|move|p2b: Iron Hands|Stomping Tantrum|p1a: Amoonguss\n|-damage|p1a: Amoonguss|28\/100\n|-enditem|p1a: Amoonguss|Sitrus Berry|[eat]\n|-heal|p1a: Amoonguss|53\/100|[from] item: Sitrus Berry\n|move|p1a: Amoonguss|Pollen Puff|p2a: Flutter Mane\n|-resisted|p2a: Flutter Mane\n|-crit|p2a: Flutter Mane\n|-damage|p2a: Flutter Mane|1\/100\n|\n|upkeep\n|turn|10\n|c|\u2606Bankaimike|Lol gg\n|-message|Bankaimike forfeited.\n|\n|win|gspm02\n|raw|Bankaimike's rating: 1265 → 1245<\/strong> (-20 for losing)\n|raw|gspm02's rating: 1331 → 1347<\/strong> (+16 for winning)\n|c|\u2606gspm02|Gg\n","uploadtime":1683076568,"views":7,"p1id":"bankaimike","p2id":"gspm02","formatid":"gen9vgc2023regulationc","rating":1245,"private":0,"password":""}