{"id":"gen9vgc2023regulationc-1851202523","p1":"Tilzie","p2":"random9136","format":"[Gen 9] VGC 2023 Regulation C","log":"|j|\u2606Tilzie\n|j|\u2606random9136\n|t:|1682424505\n|gametype|doubles\n|player|p1|Tilzie|102|\n|player|p2|random9136|101|\n|teamsize|p1|6\n|teamsize|p2|6\n|gen|9\n|tier|[Gen 9] VGC 2023 Regulation C\n|rated|Tournament battle\n|rule|Species Clause: Limit one of each Pok\u00e9mon\n|rule|Item Clause: Limit one of each item\n|clearpoke\n|poke|p1|Dondozo, L50, F|\n|poke|p1|Tatsugiri, L50, M|\n|poke|p1|Pelipper, L50, F|\n|poke|p1|Drednaw, L50, M|\n|poke|p1|Chien-Pao, L50|\n|poke|p1|Dragonite, L50, M|\n|poke|p2|Torkoal, L50, F|\n|poke|p2|Flutter Mane, L50|\n|poke|p2|Murkrow, L50, M|\n|poke|p2|Ceruledge, L50, M|\n|poke|p2|Sandy Shocks, L50|\n|poke|p2|Amoonguss, L50, M|\n|teampreview|4\n|raw| Open Team Sheet for Tilzie<\/summary>Dondozo @ Life Orb Ability: Unaware Level: 50 Tera Type: Water - Wave Crash - Surf - Sleep Talk - Protect Tatsugiri @ Choice Scarf Ability: Commander Level: 50 Tera Type: Steel - Muddy Water - Icy Wind - Draco Meteor - Helping Hand Pelipper @ Damp Rock Ability: Drizzle Level: 50 Tera Type: Steel - Hurricane - Hydro Pump - Tailwind - Protect Drednaw @ Choice Band Ability: Swift Swim Level: 50 Tera Type: Grass - Rock Slide - Waterfall - Tera Blast - Earthquake Chien-Pao @ Focus Sash Ability: Sword of Ruin Level: 50 Tera Type: Dark - Ice Spinner - Sucker Punch - Sacred Sword - Protect Dragonite @ Lum Berry Ability: Inner Focus Level: 50 Tera Type: Normal - Extreme Speed - Ice Spinner - Thunder Punch - Protect <\/details><\/div> Open Team Sheet for random9136<\/summary>Torkoal @ Heat Rock Ability: Drought Level: 50 Tera Type: Water - Yawn - Earth Power - Flamethrower - Will-O-Wisp Flutter Mane @ Focus Sash Ability: Protosynthesis Level: 50 Tera Type: Steel - Trick Room - Moonblast - Power Gem - Shadow Ball Murkrow @ Eviolite Ability: Prankster Level: 50 Tera Type: Fire - Taunt - Foul Play - Haze - Tailwind Ceruledge @ Clear Amulet Ability: Flash Fire Level: 50 Tera Type: Grass - Bulk Up - Close Combat - Bitter Blade - Shadow Sneak Sandy Shocks @ Assault Vest Ability: Protosynthesis Level: 50 Tera Type: Water - Discharge - Earth Power - Flash Cannon - Power Gem Amoonguss @ Mental Herb Ability: Regenerator Level: 50 Tera Type: Water - Toxic - Spore - Rage Powder - Pollen Puff <\/details><\/div>\n|j| sunnyco\n|j| Eldegoss32\n|l| sunnyco\n|\n|t:|1682424551\n|start\n|switch|p1a: Pelipper|Pelipper, L50, F|100\/100\n|switch|p1b: Drednaw|Drednaw, L50, M|100\/100\n|switch|p2a: Torkoal|Torkoal, L50, F|100\/100\n|switch|p2b: Murkrow|Murkrow, L50, M|100\/100\n|-weather|RainDance|[from] ability: Drizzle|[of] p1a: Pelipper\n|-weather|SunnyDay|[from] ability: Drought|[of] p2a: Torkoal\n|turn|1\n|\n|t:|1682424570\n|-terastallize|p1b: Drednaw|Grass\n|move|p2b: Murkrow|Taunt|p1a: Pelipper\n|-start|p1a: Pelipper|move: Taunt\n|move|p1b: Drednaw|Rock Slide|p2b: Murkrow|[spread] p2a,p2b\n|-supereffective|p2a: Torkoal\n|-supereffective|p2b: Murkrow\n|-damage|p2a: Torkoal|37\/100\n|-damage|p2b: Murkrow|6\/100\n|cant|p1a: Pelipper|move: Taunt|Tailwind\n|move|p2a: Torkoal|Earth Power|p1b: Drednaw\n|-resisted|p1b: Drednaw\n|-damage|p1b: Drednaw|86\/100\n|\n|-weather|SunnyDay|[upkeep]\n|upkeep\n|turn|2\n|\n|t:|1682424587\n|switch|p1a: Dragonite|Dragonite, L50, M|100\/100\n|switch|p2a: Sandy Shocks|Sandy Shocks, L50|100\/100\n|-activate|p2a: Sandy Shocks|ability: Protosynthesis\n|-start|p2a: Sandy Shocks|protosynthesisspa\n|move|p2b: Murkrow|Tailwind|p2b: Murkrow\n|-sidestart|p2: random9136|move: Tailwind\n|move|p1b: Drednaw|Rock Slide|p2a: Sandy Shocks|[spread] p2a,p2b\n|-resisted|p2a: Sandy Shocks\n|-supereffective|p2b: Murkrow\n|-damage|p2a: Sandy Shocks|79\/100\n|-damage|p2b: Murkrow|0 fnt\n|faint|p2b: Murkrow\n|\n|-weather|SunnyDay|[upkeep]\n|upkeep\n|\n|t:|1682424601\n|switch|p2b: Flutter Mane|Flutter Mane, L50|100\/100\n|-activate|p2b: Flutter Mane|ability: Protosynthesis\n|-start|p2b: Flutter Mane|protosynthesisspa\n|turn|3\n|\n|t:|1682424646\n|switch|p1b: Chien-Pao|Chien-Pao, L50|100\/100\n|-ability|p1b: Chien-Pao|Sword of Ruin\n|move|p1a: Dragonite|Extreme Speed|p2a: Sandy Shocks\n|-damage|p2a: Sandy Shocks|43\/100\n|move|p2b: Flutter Mane|Moonblast|p1a: Dragonite\n|-supereffective|p1a: Dragonite\n|-damage|p1a: Dragonite|0 fnt\n|faint|p1a: Dragonite\n|move|p2a: Sandy Shocks|Flash Cannon|p1b: Chien-Pao\n|-supereffective|p1b: Chien-Pao\n|-enditem|p1b: Chien-Pao|Focus Sash\n|-damage|p1b: Chien-Pao|1\/100\n|\n|-weather|SunnyDay|[upkeep]\n|upkeep\n|\n|t:|1682424654\n|switch|p1a: Pelipper|Pelipper, L50, F|100\/100\n|-weather|RainDance|[from] ability: Drizzle|[of] p1a: Pelipper\n|-end|p2b: Flutter Mane|Protosynthesis\n|-end|p2a: Sandy Shocks|Protosynthesis\n|turn|4\n|\n|t:|1682424684\n|move|p1a: Pelipper|Protect|p1a: Pelipper\n|-singleturn|p1a: Pelipper|Protect\n|move|p1b: Chien-Pao|Sucker Punch|p2b: Flutter Mane\n|-damage|p2b: Flutter Mane|5\/100\n|move|p2b: Flutter Mane|Shadow Ball|p1b: Chien-Pao\n|-resisted|p1b: Chien-Pao\n|-damage|p1b: Chien-Pao|0 fnt\n|faint|p1b: Chien-Pao\n|move|p2a: Sandy Shocks|Discharge|p1a: Pelipper|[spread] p2b\n|-activate|p1a: Pelipper|move: Protect\n|-damage|p2b: Flutter Mane|0 fnt\n|faint|p2b: Flutter Mane\n|-end|p2b: Flutter Mane|Protosynthesis|[silent]\n|\n|-weather|RainDance|[upkeep]\n|upkeep\n|\n|t:|1682424698\n|switch|p1b: Drednaw|Drednaw, L50, M, tera:Grass|86\/100\n|switch|p2b: Torkoal|Torkoal, L50, F|37\/100\n|-weather|SunnyDay|[from] ability: Drought|[of] p2b: Torkoal\n|-activate|p2a: Sandy Shocks|ability: Protosynthesis\n|-start|p2a: Sandy Shocks|protosynthesisspa\n|turn|5\n|\n|t:|1682424715\n|-terastallize|p2b: Torkoal|Water\n|move|p2a: Sandy Shocks|Flash Cannon|p1b: Drednaw\n|-damage|p1b: Drednaw|37\/100\n|move|p1b: Drednaw|Rock Slide|p2b: Torkoal|[spread] p2a,p2b\n|-resisted|p2a: Sandy Shocks\n|-damage|p2a: Sandy Shocks|22\/100\n|-damage|p2b: Torkoal|5\/100\n|move|p1a: Pelipper|Hurricane|p2a: Sandy Shocks|[miss]\n|-miss|p1a: Pelipper|p2a: Sandy Shocks\n|move|p2b: Torkoal|Flamethrower|p1b: Drednaw\n|-supereffective|p1b: Drednaw\n|-damage|p1b: Drednaw|0 fnt\n|faint|p1b: Drednaw\n|\n|-weather|SunnyDay|[upkeep]\n|-sideend|p2: random9136|move: Tailwind\n|upkeep\n|turn|6\n|\n|t:|1682424737\n|move|p2a: Sandy Shocks|Discharge|p1a: Pelipper|[spread] p2b,p1a\n|-supereffective|p2b: Torkoal\n|-supereffective|p1a: Pelipper\n|-damage|p2b: Torkoal|0 fnt\n|-damage|p1a: Pelipper|0 fnt\n|faint|p2b: Torkoal\n|faint|p1a: Pelipper\n|\n|win|random9136\n|n|\u2606Tilzie|tilzie\n|n|\u2606random9136|random9136\n|n| Eldegoss32|eldegoss32\n","uploadtime":1682424738,"views":7,"p1id":"tilzie","p2id":"random9136","formatid":"gen9vgc2023regulationc","rating":0,"private":0,"password":""}