{"id":"gen9vgc2023regulationc-1851912486","p1":"OwlOtter","p2":"corrrcrcrcrc","format":"[Gen 9] VGC 2023 Regulation C","log":"|j|\u2606OwlOtter\n|j|\u2606corrrcrcrcrc\n|t:|1682504848\n|gametype|doubles\n|player|p1|OwlOtter|ingo|1181\n|player|p2|corrrcrcrcrc|1|1154\n|teamsize|p1|6\n|teamsize|p2|6\n|gen|9\n|tier|[Gen 9] VGC 2023 Regulation C\n|rated|\n|rule|Species Clause: Limit one of each Pok\u00e9mon\n|rule|Item Clause: Limit one of each item\n|clearpoke\n|poke|p1|Roaring Moon, L50|\n|poke|p1|Palafin, L50, M|\n|poke|p1|Tatsugiri, L50, F|\n|poke|p1|Dondozo, L50, F|\n|poke|p1|Dragalge, L50, M|\n|poke|p1|Arcanine, L50, M|\n|poke|p2|Wo-Chien, L50|\n|poke|p2|Ting-Lu, L50|\n|poke|p2|Flutter Mane, L50|\n|poke|p2|Glimmora, L50, M|\n|poke|p2|Arcanine, L50, M|\n|poke|p2|Gyarados, L50, M|\n|teampreview|4\n|inactive|Battle timer is ON: inactive players will automatically lose when time's up. (requested by corrrcrcrcrc)\ncorrrcrcrcrc rejected open team sheets.\n|\n|t:|1682504871\n|start\n|switch|p1a: Dondozo|Dondozo, L50, F|100\/100\n|switch|p1b: Palafin|Palafin, L50, M|100\/100\n|switch|p2a: Arcanine|Arcanine, L50, M|100\/100\n|switch|p2b: Flutter Mane|Flutter Mane, L50|100\/100\n|-ability|p2a: Arcanine|Intimidate|boost\n|-unboost|p1a: Dondozo|atk|1\n|-unboost|p1b: Palafin|atk|1\n|turn|1\n|\n|t:|1682504889\n|detailschange|p1b: Palafin|Palafin-Hero, L50, M\n|switch|p1b: Tatsugiri|Tatsugiri, L50, F|100\/100\n|-activate|p1b: Tatsugiri|ability: Commander|[of] p1a: Dondozo\n|-boost|p1a: Dondozo|atk|2\n|-boost|p1a: Dondozo|spa|2\n|-boost|p1a: Dondozo|spe|2\n|-boost|p1a: Dondozo|def|2\n|-boost|p1a: Dondozo|spd|2\n|move|p1a: Dondozo|Protect|p1a: Dondozo\n|-singleturn|p1a: Dondozo|Protect\n|move|p2b: Flutter Mane|Thunderbolt|p1a: Dondozo\n|-activate|p1a: Dondozo|move: Protect\n|move|p2a: Arcanine|Will-O-Wisp|p1a: Dondozo\n|-activate|p1a: Dondozo|move: Protect\n|\n|upkeep\n|turn|2\n|\n|t:|1682504909\n|-end|p2b: Flutter Mane|Protosynthesis|[silent]\n|switch|p2b: Gyarados|Gyarados, L50, M|100\/100\n|-ability|p2b: Gyarados|Intimidate|boost\n|-unboost|p1a: Dondozo|atk|1\n|-unboost|p1b: Tatsugiri|atk|1\n|switch|p2a: Wo-Chien|Wo-Chien, L50|100\/100\n|-ability|p2a: Wo-Chien|Tablets of Ruin\n|move|p1a: Dondozo|Order Up|p2a: Wo-Chien\n|-damage|p2a: Wo-Chien|86\/100\n|-boost|p1a: Dondozo|atk|1\n|\n|-heal|p2a: Wo-Chien|92\/100|[from] item: Leftovers\n|upkeep\n|turn|3\n|inactive|OwlOtter has 30 seconds left.\n|inactive|corrrcrcrcrc has 30 seconds left.\n|\n|t:|1682504935\n|switch|p2b: Arcanine|Arcanine, L50, M|100\/100\n|-ability|p2b: Arcanine|Intimidate|boost\n|-unboost|p1a: Dondozo|atk|1\n|-unboost|p1b: Tatsugiri|atk|1\n|move|p1a: Dondozo|Order Up|p2b: Arcanine\n|-damage|p2b: Arcanine|82\/100\n|-boost|p1a: Dondozo|atk|1\n|move|p2a: Wo-Chien|Leech Seed|p1a: Dondozo\n|-start|p1a: Dondozo|move: Leech Seed\n|\n|-heal|p2a: Wo-Chien|98\/100|[from] item: Leftovers\n|-damage|p1a: Dondozo|88\/100|[from] Leech Seed|[of] p2a: Wo-Chien\n|-heal|p2a: Wo-Chien|100\/100|[silent]\n|upkeep\n|turn|4\n|inactive|corrrcrcrcrc has 30 seconds left.\n|\n|t:|1682504963\n|-terastallize|p2b: Arcanine|Grass\n|move|p1a: Dondozo|Order Up|p2a: Wo-Chien\n|-damage|p2a: Wo-Chien|78\/100\n|-boost|p1a: Dondozo|atk|1\n|move|p2b: Arcanine|Will-O-Wisp|p1a: Dondozo\n|-immune|p1a: Dondozo|[from] ability: Water Veil\n|move|p2a: Wo-Chien|Pollen Puff|p2b: Arcanine\n|-heal|p2b: Arcanine|100\/100\n|\n|-heal|p2a: Wo-Chien|84\/100|[from] item: Leftovers\n|-damage|p1a: Dondozo|76\/100|[from] Leech Seed|[of] p2a: Wo-Chien\n|-heal|p2a: Wo-Chien|98\/100|[silent]\n|upkeep\n|turn|5\n|inactive|corrrcrcrcrc has 30 seconds left.\n|\n|t:|1682504989\n|switch|p2b: Gyarados|Gyarados, L50, M|100\/100\n|-ability|p2b: Gyarados|Intimidate|boost\n|-unboost|p1a: Dondozo|atk|1\n|-unboost|p1b: Tatsugiri|atk|1\n|switch|p2a: Flutter Mane|Flutter Mane, L50|100\/100\n|move|p1a: Dondozo|Order Up|p2b: Gyarados\n|-damage|p2b: Gyarados|63\/100\n|-boost|p1a: Dondozo|atk|1\n|\n|-damage|p1a: Dondozo|63\/100|[from] Leech Seed|[of] p2a: Flutter Mane\n|upkeep\n|turn|6\n|\n|t:|1682505006\n|switch|p2b: Arcanine|Arcanine, L50, M, tera:Grass|100\/100\n|-ability|p2b: Arcanine|Intimidate|boost\n|-unboost|p1a: Dondozo|atk|1\n|-unboost|p1b: Tatsugiri|atk|1\n|move|p1a: Dondozo|Earthquake|p2b: Arcanine|[spread] p2a,p2b\n|-miss|p1a: Dondozo|p1b: Tatsugiri\n|-resisted|p2b: Arcanine\n|-damage|p2a: Flutter Mane|58\/100\n|-damage|p2b: Arcanine|84\/100\n|move|p2a: Flutter Mane|Thunderbolt|p1a: Dondozo\n|-supereffective|p1a: Dondozo\n|-damage|p1a: Dondozo|13\/100\n|\n|-damage|p1a: Dondozo|1\/100|[from] Leech Seed|[of] p2a: Flutter Mane\n|-heal|p2a: Flutter Mane|78\/100|[silent]\n|upkeep\n|turn|7\n|\n|t:|1682505024\n|move|p2b: Arcanine|Extreme Speed|p1a: Dondozo\n|-damage|p1a: Dondozo|0 fnt\n|faint|p1a: Dondozo\n|move|p2a: Flutter Mane|Thunderbolt|p1b: Tatsugiri\n|-damage|p1b: Tatsugiri|44\/100\n|\n|upkeep\n|\n|t:|1682505032\n|switch|p1a: Palafin|Palafin-Hero, L50, M|100\/100\n|-activate|p1a: Palafin|ability: Zero to Hero\n|turn|8\n|\n|t:|1682505044\n|-end|p2a: Flutter Mane|Protosynthesis|[silent]\n|switch|p2a: Gyarados|Gyarados, L50, M|63\/100\n|-ability|p2a: Gyarados|Intimidate|boost\n|-unboost|p1a: Palafin|atk|1\n|-unboost|p1b: Tatsugiri|atk|1\n|-terastallize|p1a: Palafin|Water\n|move|p1a: Palafin|Jet Punch|p2a: Gyarados\n|-resisted|p2a: Gyarados\n|-damage|p2a: Gyarados|42\/100\n|move|p1b: Tatsugiri|Icy Wind|p2b: Arcanine|[spread] p2a,p2b\n|-supereffective|p2b: Arcanine\n|-damage|p2a: Gyarados|34\/100\n|-damage|p2b: Arcanine|57\/100\n|-unboost|p2a: Gyarados|spe|1\n|-unboost|p2b: Arcanine|spe|1\n|move|p2b: Arcanine|Will-O-Wisp|p1a: Palafin\n|-status|p1a: Palafin|brn\n|\n|-damage|p1a: Palafin|94\/100 brn|[from] brn\n|upkeep\n|turn|9\n|inactive|OwlOtter has 30 seconds left.\n|inactive|OwlOtter has 20 seconds left.\n|inactive|OwlOtter has 15 seconds left.\n|inactive|OwlOtter has 10 seconds left.\n|inactive|OwlOtter has 5 seconds left.\n|\n|t:|1682505099\n|move|p2b: Arcanine|Extreme Speed|p1b: Tatsugiri\n|-damage|p1b: Tatsugiri|0 fnt\n|faint|p1b: Tatsugiri\n|move|p1a: Palafin|Jet Punch|p2b: Arcanine\n|-resisted|p2b: Arcanine\n|-damage|p2b: Arcanine|46\/100\n|move|p2a: Gyarados|Thunder Wave|p1a: Palafin|[miss]\n|-miss|p2a: Gyarados|p1a: Palafin\n|\n|-damage|p1a: Palafin|88\/100 brn|[from] brn\n|upkeep\n|l|\u2606OwlOtter\n|inactive|OwlOtter disconnected and has a minute to reconnect!\n|player|p1|\n|inactive|OwlOtter has 30 seconds left.\n|inactive|OwlOtter has 20 seconds left.\n|inactive|OwlOtter has 15 seconds left.\n|inactive|OwlOtter has 10 seconds left.\n|inactive|OwlOtter has 5 seconds left.\n|-message|OwlOtter lost due to inactivity.\n|\n|win|corrrcrcrcrc\n|raw|OwlOtter's rating: 1181 → 1154<\/strong> (-27 for losing)\n|raw|corrrcrcrcrc's rating: 1154 → 1181<\/strong> (+27 for winning)\n","uploadtime":1682505161,"views":9,"p1id":"owlotter","p2id":"corrrcrcrcrc","formatid":"gen9vgc2023regulationc","rating":1154,"private":0,"password":""}