{"id":"gen9vgc2023regulationc-1847072805","p1":"Xcdc9182","p2":"DITO_555","format":"[Gen 9] VGC 2023 Regulation C","log":"|j|\u203dXcdc9182\n|j|\u2606DITO_555\n|t:|1681916816\n|gametype|doubles\n|player|p1|Xcdc9182|265|1103\n|player|p2|DITO_555|cynthia|1000\n|teamsize|p1|6\n|teamsize|p2|6\n|gen|9\n|tier|[Gen 9] VGC 2023 Regulation C\n|rated|\n|rule|Species Clause: Limit one of each Pok\u00e9mon\n|rule|Item Clause: Limit one of each item\n|clearpoke\n|poke|p1|Gyarados, L50, M|\n|poke|p1|Great Tusk, L50|\n|poke|p1|Scream Tail, L50|\n|poke|p1|Arcanine, L50, M|\n|poke|p1|Dragapult, L50, F|\n|poke|p1|Flutter Mane, L50|\n|poke|p2|Orthworm, L50, M|\n|poke|p2|Dragonite, L50, F|\n|poke|p2|Ting-Lu, L50|\n|poke|p2|Gyarados, L50, M|\n|poke|p2|Flutter Mane, L50|\n|poke|p2|Chien-Pao, L50|\n|teampreview|4\n|inactive|Battle timer is ON: inactive players will automatically lose when time's up. (requested by Xcdc9182)\n|inactive|DITO_555 has 60 seconds left.\n|\n|t:|1681916903\n|start\n|switch|p1a: Scream Tail|Scream Tail, L50|100\/100\n|switch|p1b: Dragapult|Dragapult, L50, F|100\/100\n|switch|p2a: Gyarados|Gyarados, L50, M|100\/100\n|switch|p2b: :D|Orthworm, L50, M|100\/100\n|-ability|p2a: Gyarados|Intimidate|boost\n|-unboost|p1a: Scream Tail|atk|1\n|-fail|p1b: Dragapult|unboost|[from] ability: Clear Body|[of] p1b: Dragapult\n|-enditem|p1a: Scream Tail|Booster Energy\n|-activate|p1a: Scream Tail|ability: Protosynthesis|[fromitem]\n|-start|p1a: Scream Tail|protosynthesisspe\n|turn|1\n|\n|t:|1681916924\n|move|p1b: Dragapult|Protect|p1b: Dragapult\n|-singleturn|p1b: Dragapult|Protect\n|move|p1a: Scream Tail|Howl|p1a: Scream Tail|[spread] p1a,p1b\n|-boost|p1a: Scream Tail|atk|1\n|-boost|p1b: Dragapult|atk|1\n|move|p2a: Gyarados|Thunder Wave|p1b: Dragapult\n|-activate|p1b: Dragapult|move: Protect\n|move|p2b: :D|Heavy Slam|p1a: Scream Tail\n|-supereffective|p1a: Scream Tail\n|-damage|p1a: Scream Tail|38\/100\n|\n|upkeep\n|turn|2\n|inactive|Xcdc9182 has 30 seconds left.\n|inactive|Xcdc9182 has 20 seconds left.\n|inactive|DITO_555 has 30 seconds left.\n|\n|t:|1681916965\n|-end|p1a: Scream Tail|Protosynthesis|[silent]\n|switch|p1a: Arcanine|Arcanine, L50, M|100\/100\n|-ability|p1a: Arcanine|Intimidate|boost\n|-unboost|p2a: Gyarados|atk|1\n|-unboost|p2b: :D|atk|1\n|move|p1b: Dragapult|Phantom Force||[still]\n|-prepare|p1b: Dragapult|Phantom Force\n|move|p2a: Gyarados|Taunt|p1a: Arcanine\n|-start|p1a: Arcanine|move: Taunt\n|move|p2b: :D|Shed Tail|p2b: :D\n|-start|p2b: :D|Substitute|[from] move: Shed Tail\n|-damage|p2b: :D|50\/100\n|-enditem|p2b: :D|Sitrus Berry|[eat]\n|-heal|p2b: :D|75\/100|[from] item: Sitrus Berry\n|\n|t:|1681916968\n|switch|p2b: Chien-Pao|Chien-Pao, L50|100\/100|[from] Shed Tail\n|-ability|p2b: Chien-Pao|Sword of Ruin\n|\n|upkeep\n|turn|3\n|\n|t:|1681916988\n|move|p1a: Arcanine|Extreme Speed|p2b: Chien-Pao\n|-end|p2b: Chien-Pao|Substitute\n|move|p2b: Chien-Pao|Haze|p2b: Chien-Pao\n|-clearallboost\n|move|p1b: Dragapult|Phantom Force|p2a: Gyarados|[from]lockedmove\n|-damage|p2a: Gyarados|13\/100\n|-damage|p1b: Dragapult|91\/100|[from] item: Life Orb\n|move|p2a: Gyarados|Thunder Wave|p1b: Dragapult\n|-status|p1b: Dragapult|par\n|\n|upkeep\n|turn|4\n|\n|t:|1681917007\n|switch|p2b: :D|Orthworm, L50, M|75\/100\n|switch|p1b: Scream Tail|Scream Tail, L50|38\/100\n|move|p1a: Arcanine|Extreme Speed|p2a: Gyarados\n|-damage|p2a: Gyarados|0 fnt\n|faint|p2a: Gyarados\n|\n|-end|p1a: Arcanine|move: Taunt\n|upkeep\n|\n|t:|1681917012\n|switch|p2a: Ting-Lu|Ting-Lu, L50|100\/100\n|-ability|p2a: Ting-Lu|Vessel of Ruin\n|turn|5\n|\n|t:|1681917034\n|move|p1b: Scream Tail|Howl|p1b: Scream Tail|[spread] p1a,p1b\n|-boost|p1a: Arcanine|atk|1\n|-boost|p1b: Scream Tail|atk|1\n|move|p1a: Arcanine|Flare Blitz|p2b: :D\n|-supereffective|p2b: :D\n|-damage|p2b: :D|0 fnt\n|faint|p2b: :D\n|-damage|p1a: Arcanine|79\/100|[from] Recoil\n|move|p2a: Ting-Lu|Earthquake|p1a: Arcanine|[spread] p1a,p1b\n|-supereffective|p1a: Arcanine\n|-damage|p1a: Arcanine|0 fnt\n|-damage|p1b: Scream Tail|0 fnt\n|faint|p1a: Arcanine\n|faint|p1b: Scream Tail\n|-end|p1b: Scream Tail|Protosynthesis|[silent]\n|\n|upkeep\n|\n|t:|1681917050\n|switch|p1b: Dragapult|Dragapult, L50, F|91\/100 par\n|switch|p1a: Flutter Mane|Flutter Mane, L50|100\/100\n|switch|p2b: Chien-Pao|Chien-Pao, L50|100\/100\n|-ability|p2b: Chien-Pao|Sword of Ruin\n|turn|6\n|\n|t:|1681917070\n|-terastallize|p1b: Dragapult|Steel\n|move|p2b: Chien-Pao|Protect|p2b: Chien-Pao\n|-singleturn|p2b: Chien-Pao|Protect\n|move|p1a: Flutter Mane|Dazzling Gleam|p2b: Chien-Pao|[spread] p2a\n|-activate|p2b: Chien-Pao|move: Protect\n|-supereffective|p2a: Ting-Lu\n|-damage|p2a: Ting-Lu|46\/100\n|move|p1b: Dragapult|Dragon Darts|p2a: Ting-Lu\n|-damage|p2a: Ting-Lu|16\/100\n|-anim|p1b: Dragapult|Dragon Darts|p2a: Ting-Lu\n|-damage|p2a: Ting-Lu|0 fnt\n|faint|p2a: Ting-Lu\n|-damage|p1b: Dragapult|81\/100 par|[from] item: Life Orb\n|\n|upkeep\n|turn|7\n|\n|t:|1681917093\n|-terastallize|p2b: Chien-Pao|Dark\n|move|p2b: Chien-Pao|Sucker Punch|p1a: Flutter Mane\n|-damage|p1a: Flutter Mane|0 fnt\n|faint|p1a: Flutter Mane\n|-end|p1a: Flutter Mane|Protosynthesis|[silent]\n|cant|p1b: Dragapult|par\n|\n|upkeep\n|turn|8\n|\n|t:|1681917102\n|move|p2b: Chien-Pao|Sucker Punch|p1b: Dragapult\n|-damage|p1b: Dragapult|0 fnt\n|faint|p1b: Dragapult\n|\n|win|DITO_555\n|raw|Xcdc9182's rating: 1103 → 1071<\/strong> (-32 for losing)\n|raw|DITO_555's rating: 1000 → 1052<\/strong> (+52 for winning)\n|l|\u203dXcdc9182\n","uploadtime":1681917125,"views":7,"p1id":"xcdc9182","p2id":"dito555","formatid":"gen9vgc2023regulationc","rating":1052,"private":0,"password":""}