{"id":"gen9vgc2023regulationc-1862913336","p1":"FanTNTastic","p2":"gucci_shinigami","format":"[Gen 9] VGC 2023 Regulation C","log":"|j|\u2606FanTNTastic\n|j|\u2606gucci_shinigami\n|t:|1683937577\n|gametype|doubles\n|player|p1|FanTNTastic|pokemaniac|1053\n|player|p2|gucci_shinigami|karen|1152\n|teamsize|p1|6\n|teamsize|p2|6\n|gen|9\n|tier|[Gen 9] VGC 2023 Regulation C\n|rated|\n|rule|Species Clause: Limit one of each Pok\u00e9mon\n|rule|Item Clause: Limit one of each item\n|clearpoke\n|poke|p1|Abomasnow, L50, M|\n|poke|p1|Avalugg, L50, F|\n|poke|p1|Slowking, L50, M|\n|poke|p1|Brute Bonnet, L50|\n|poke|p1|Gholdengo, L50|\n|poke|p1|Corviknight, L50, M|\n|poke|p2|Chien-Pao, L50|\n|poke|p2|Dragapult, L50, F|\n|poke|p2|Amoonguss, L50, M|\n|poke|p2|Talonflame, L50, M|\n|poke|p2|Iron Moth, L50|\n|poke|p2|Iron Hands, L50|\n|teampreview|4\n|\n|t:|1683937620\n|start\n|switch|p1a: Avalugg|Avalugg, L50, F|100\/100\n|switch|p1b: Slowking|Slowking, L50, M|100\/100\n|switch|p2a: Talonflame|Talonflame, L50, M|100\/100\n|switch|p2b: Dragapult|Dragapult, L50, F|100\/100\n|turn|1\n|\n|t:|1683937641\n|move|p2b: Dragapult|U-turn|p1b: Slowking\n|-supereffective|p1b: Slowking\n|-damage|p1b: Slowking|32\/100\n|-enditem|p1b: Slowking|Sitrus Berry|[eat]\n|-heal|p1b: Slowking|57\/100|[from] item: Sitrus Berry\n|\n|t:|1683937649\n|switch|p2b: Iron Moth|Iron Moth, L50|100\/100|[from] U-turn\n|-enditem|p2b: Iron Moth|Booster Energy\n|-activate|p2b: Iron Moth|ability: Quark Drive|[fromitem]\n|-start|p2b: Iron Moth|quarkdrivespa\n|move|p2a: Talonflame|Taunt|p1b: Slowking\n|-start|p1b: Slowking|move: Taunt\n|move|p1a: Avalugg|Iron Defense|p1a: Avalugg\n|-boost|p1a: Avalugg|def|2\n|cant|p1b: Slowking|move: Taunt|Trick Room\n|\n|upkeep\n|turn|2\n|\n|t:|1683937679\n|switch|p1b: Brute Bonnet|Brute Bonnet, L50|100\/100\n|move|p2a: Talonflame|Brave Bird|p1a: Avalugg\n|-damage|p1a: Avalugg|91\/100\n|-damage|p2a: Talonflame|97\/100|[from] Recoil\n|move|p2b: Iron Moth|Fiery Dance|p1a: Avalugg\n|-supereffective|p1a: Avalugg\n|-damage|p1a: Avalugg|0 fnt\n|-boost|p2b: Iron Moth|spa|1\n|faint|p1a: Avalugg\n|\n|upkeep\n|\n|t:|1683937699\n|switch|p1a: Gholdengo|Gholdengo, L50|100\/100\n|turn|3\n|\n|t:|1683937715\n|-terastallize|p1b: Brute Bonnet|Dark\n|move|p2b: Iron Moth|Protect|p2b: Iron Moth\n|-singleturn|p2b: Iron Moth|Protect\n|move|p1b: Brute Bonnet|Sucker Punch||[still]\n|-fail|p1b: Brute Bonnet\n|move|p2a: Talonflame|Taunt|p1b: Brute Bonnet\n|-start|p1b: Brute Bonnet|move: Taunt\n|move|p1a: Gholdengo|Make It Rain|p2a: Talonflame|[spread] p2a\n|-activate|p2b: Iron Moth|move: Protect\n|-resisted|p2a: Talonflame\n|-damage|p2a: Talonflame|50\/100\n|-unboost|p1a: Gholdengo|spa|1\n|\n|upkeep\n|turn|4\n|\n|t:|1683937749\n|move|p1b: Brute Bonnet|Sucker Punch||[still]\n|-fail|p1b: Brute Bonnet\n|move|p2a: Talonflame|Tailwind|p2a: Talonflame\n|-sidestart|p2: gucci_shinigami|move: Tailwind\n|move|p2b: Iron Moth|Fiery Dance|p1a: Gholdengo\n|-supereffective|p1a: Gholdengo\n|-damage|p1a: Gholdengo|0 fnt\n|-boost|p2b: Iron Moth|spa|1\n|faint|p1a: Gholdengo\n|\n|upkeep\n|\n|t:|1683937761\n|switch|p1a: Slowking|Slowking, L50, M|90\/100\n|turn|5\n|\n|t:|1683937785\n|move|p2b: Iron Moth|Protect|p2b: Iron Moth\n|-singleturn|p2b: Iron Moth|Protect\n|move|p1b: Brute Bonnet|Sucker Punch||[still]\n|-fail|p1b: Brute Bonnet\n|move|p2a: Talonflame|Taunt|p1a: Slowking\n|-start|p1a: Slowking|move: Taunt\n|cant|p1a: Slowking|move: Taunt|Disable\n|\n|upkeep\n|turn|6\n|\n|t:|1683937799\n|-terastallize|p2b: Iron Moth|Grass\n|move|p1b: Brute Bonnet|Sucker Punch||[still]\n|-fail|p1b: Brute Bonnet\n|move|p2a: Talonflame|Will-O-Wisp|p1b: Brute Bonnet\n|-status|p1b: Brute Bonnet|brn\n|move|p2b: Iron Moth|Energy Ball|p1a: Slowking\n|-supereffective|p1a: Slowking\n|-damage|p1a: Slowking|0 fnt\n|faint|p1a: Slowking\n|\n|-damage|p1b: Brute Bonnet|95\/100 brn|[from] brn\n|-end|p1b: Brute Bonnet|move: Taunt\n|upkeep\n|turn|7\n|-message|FanTNTastic forfeited.\n|\n|win|gucci_shinigami\n|raw|FanTNTastic's rating: 1053 → 1040<\/strong> (-13 for losing)\n|raw|gucci_shinigami's rating: 1152 → 1170<\/strong> (+18 for winning)\n|l|\u2606FanTNTastic\n","uploadtime":1683937902,"views":20,"p1id":"fantntastic","p2id":"guccishinigami","formatid":"gen9vgc2023regulationc","rating":1040,"private":0,"password":""}