{"id":"gen9vgc2023regulationc-1858274352","p1":"neote","p2":"TehTerminator128","format":"[Gen 9] VGC 2023 Regulation C","log":"|j|\u2606neote\n|j|\u2606TehTerminator128\n|t:|1683297534\n|gametype|doubles\n|player|p1|neote|burglar|1163\n|player|p2|TehTerminator128|giovanni|1140\n|teamsize|p1|6\n|teamsize|p2|6\n|gen|9\n|tier|[Gen 9] VGC 2023 Regulation C\n|rated|\n|rule|Species Clause: Limit one of each Pok\u00e9mon\n|rule|Item Clause: Limit one of each item\n|clearpoke\n|poke|p1|Flutter Mane, L50|\n|poke|p1|Arcanine, L50, M|\n|poke|p1|Kingambit, L50, M|\n|poke|p1|Great Tusk, L50|\n|poke|p1|Iron Bundle, L50|\n|poke|p1|Amoonguss, L50, M|\n|poke|p2|Palafin, L50, F|\n|poke|p2|Garganacl, L50, M|\n|poke|p2|Grimmsnarl, L50, M|\n|poke|p2|Roaring Moon, L50|\n|poke|p2|Gholdengo, L50|\n|poke|p2|Hydreigon, L50, M|\n|teampreview|4\n|\n|t:|1683297580\n|start\n|switch|p1a: Arcanine|Arcanine, L50, M|100\/100\n|switch|p1b: Flutter Mane|Flutter Mane, L50|100\/100\n|switch|p2a: The Immortal|Garganacl, L50, M, shiny|100\/100\n|switch|p2b: Porky|Grimmsnarl, L50, M, shiny|100\/100\n|-ability|p1a: Arcanine|Intimidate|boost\n|-unboost|p2a: The Immortal|atk|1\n|-unboost|p2b: Porky|atk|1\n|turn|1\n|\n|t:|1683297622\n|switch|p1a: Kingambit|Kingambit, L50, M|100\/100\n|move|p2b: Porky|Light Screen|p2b: Porky\n|-sidestart|p2: TehTerminator128|move: Light Screen\n|move|p1b: Flutter Mane|Moonblast|p2b: Porky\n|-supereffective|p2b: Porky\n|-damage|p2b: Porky|0 fnt\n|faint|p2b: Porky\n|-damage|p1b: Flutter Mane|90\/100|[from] item: Life Orb\n|move|p2a: The Immortal|Iron Defense|p2a: The Immortal\n|-boost|p2a: The Immortal|def|2\n|\n|upkeep\n|\n|t:|1683297639\n|switch|p2b: Cheesy|Gholdengo, L50|100\/100\n|turn|2\n|\n|t:|1683297662\n|move|p2b: Cheesy|Protect|p2b: Cheesy\n|-singleturn|p2b: Cheesy|Protect\n|move|p1a: Kingambit|Sucker Punch||[still]\n|-fail|p1a: Kingambit\n|move|p1b: Flutter Mane|Shadow Ball|p2a: The Immortal\n|-damage|p2a: The Immortal|86\/100\n|-damage|p1b: Flutter Mane|80\/100|[from] item: Life Orb\n|move|p2a: The Immortal|Body Press|p1a: Kingambit\n|-supereffective|p1a: Kingambit\n|-damage|p1a: Kingambit|0 fnt\n|faint|p1a: Kingambit\n|\n|-heal|p2a: The Immortal|92\/100|[from] item: Leftovers\n|upkeep\n|\n|t:|1683297672\n|switch|p1a: Arcanine|Arcanine, L50, M|100\/100\n|-ability|p1a: Arcanine|Intimidate|boost\n|-unboost|p2a: The Immortal|atk|1\n|-unboost|p2b: Cheesy|atk|1\n|turn|3\n|\n|t:|1683297686\n|move|p1b: Flutter Mane|Shadow Ball|p2a: The Immortal\n|-damage|p2a: The Immortal|77\/100\n|-damage|p1b: Flutter Mane|70\/100|[from] item: Life Orb\n|move|p1a: Arcanine|Flare Blitz|p2b: Cheesy\n|-supereffective|p2b: Cheesy\n|-damage|p2b: Cheesy|0 fnt\n|faint|p2b: Cheesy\n|-damage|p1a: Arcanine|68\/100|[from] Recoil\n|move|p2a: The Immortal|Iron Defense|p2a: The Immortal\n|-boost|p2a: The Immortal|def|2\n|\n|-heal|p2a: The Immortal|83\/100|[from] item: Leftovers\n|upkeep\n|\n|t:|1683297699\n|switch|p2b: King Draco|Roaring Moon, L50|100\/100\n|-enditem|p2b: King Draco|Booster Energy\n|-activate|p2b: King Draco|ability: Protosynthesis|[fromitem]\n|-start|p2b: King Draco|protosynthesisspe\n|turn|4\n|\n|t:|1683297730\n|switch|p1a: Great Tusk|Great Tusk, L50|100\/100\n|-terastallize|p2b: King Draco|Flying\n|move|p1b: Flutter Mane|Protect|p1b: Flutter Mane\n|-singleturn|p1b: Flutter Mane|Protect\n|move|p2b: King Draco|Dragon Dance|p2b: King Draco\n|-boost|p2b: King Draco|atk|1\n|-boost|p2b: King Draco|spe|1\n|move|p2a: The Immortal|Salt Cure|p1b: Flutter Mane\n|-activate|p1b: Flutter Mane|move: Protect\n|\n|-heal|p2a: The Immortal|89\/100|[from] item: Leftovers\n|upkeep\n|turn|5\n|\n|t:|1683297753\n|-end|p1b: Flutter Mane|Protosynthesis|[silent]\n|switch|p1b: Arcanine|Arcanine, L50, M|68\/100\n|-ability|p1b: Arcanine|Intimidate|boost\n|-unboost|p2a: The Immortal|atk|1\n|-unboost|p2b: King Draco|atk|1\n|move|p2b: King Draco|Acrobatics|p1a: Great Tusk\n|-supereffective|p1a: Great Tusk\n|-damage|p1a: Great Tusk|28\/100\n|move|p1a: Great Tusk|Ice Spinner|p2b: King Draco\n|-supereffective|p2b: King Draco\n|-damage|p2b: King Draco|26\/100\n|move|p2a: The Immortal|Salt Cure|p1b: Arcanine\n|-supereffective|p1b: Arcanine\n|-damage|p1b: Arcanine|50\/100\n|-start|p1b: Arcanine|Salt Cure\n|-enditem|p1b: Arcanine|Sitrus Berry|[eat]\n|-heal|p1b: Arcanine|74\/100|[from] item: Sitrus Berry\n|\n|-heal|p2a: The Immortal|95\/100|[from] item: Leftovers\n|-damage|p1b: Arcanine|62\/100|[from] Salt Cure\n|upkeep\n|turn|6\n|\n|t:|1683297794\n|move|p1b: Arcanine|Extreme Speed|p2b: King Draco\n|-damage|p2b: King Draco|0 fnt\n|faint|p2b: King Draco\n|-end|p2b: King Draco|Protosynthesis|[silent]\n|move|p1a: Great Tusk|Headlong Rush|p2a: The Immortal\n|-supereffective|p2a: The Immortal\n|-damage|p2a: The Immortal|65\/100\n|-unboost|p1a: Great Tusk|def|1\n|-unboost|p1a: Great Tusk|spd|1\n|move|p2a: The Immortal|Iron Defense|p2a: The Immortal\n|-boost|p2a: The Immortal|def|2\n|\n|-heal|p2a: The Immortal|70\/100|[from] item: Leftovers\n|-damage|p1b: Arcanine|50\/100|[from] Salt Cure\n|upkeep\n|turn|7\n|\n|t:|1683297817\n|move|p1b: Arcanine|Flare Blitz|p2a: The Immortal\n|-resisted|p2a: The Immortal\n|-damage|p2a: The Immortal|66\/100\n|-damage|p1b: Arcanine|48\/100|[from] Recoil\n|move|p1a: Great Tusk|Headlong Rush|p2a: The Immortal\n|-supereffective|p2a: The Immortal\n|-damage|p2a: The Immortal|46\/100\n|-unboost|p1a: Great Tusk|def|1\n|-unboost|p1a: Great Tusk|spd|1\n|move|p2a: The Immortal|Recover|p2a: The Immortal\n|-heal|p2a: The Immortal|96\/100\n|\n|-heal|p2a: The Immortal|100\/100|[from] item: Leftovers\n|-damage|p1b: Arcanine|36\/100|[from] Salt Cure\n|upkeep\n|turn|8\n|\n|t:|1683297840\n|move|p1b: Arcanine|Flare Blitz|p2a: The Immortal\n|-resisted|p2a: The Immortal\n|-damage|p2a: The Immortal|96\/100\n|-damage|p1b: Arcanine|34\/100|[from] Recoil\n|move|p1a: Great Tusk|Close Combat|p2a: The Immortal\n|-supereffective|p2a: The Immortal\n|-damage|p2a: The Immortal|75\/100\n|-unboost|p1a: Great Tusk|def|1\n|-unboost|p1a: Great Tusk|spd|1\n|move|p2a: The Immortal|Salt Cure|p1a: Great Tusk\n|-resisted|p1a: Great Tusk\n|-damage|p1a: Great Tusk|25\/100\n|-start|p1a: Great Tusk|Salt Cure\n|\n|-heal|p2a: The Immortal|81\/100|[from] item: Leftovers\n|-damage|p1b: Arcanine|22\/100|[from] Salt Cure\n|-damage|p1a: Great Tusk|13\/100|[from] Salt Cure\n|-sideend|p2: TehTerminator128|move: Light Screen\n|upkeep\n|turn|9\n|\n|t:|1683297864\n|-end|p1a: Great Tusk|Protosynthesis|[silent]\n|switch|p1a: Flutter Mane|Flutter Mane, L50|70\/100\n|move|p1b: Arcanine|Flare Blitz|p2a: The Immortal\n|-resisted|p2a: The Immortal\n|-crit|p2a: The Immortal\n|-damage|p2a: The Immortal|53\/100\n|-damage|p1b: Arcanine|11\/100|[from] Recoil\n|move|p2a: The Immortal|Recover|p2a: The Immortal\n|-heal|p2a: The Immortal|100\/100\n|\n|-damage|p1b: Arcanine|0 fnt|[from] Salt Cure\n|faint|p1b: Arcanine\n|upkeep\n|\n|t:|1683297879\n|switch|p1b: Great Tusk|Great Tusk, L50|13\/100\n|turn|10\n|\n|t:|1683297890\n|-terastallize|p1b: Great Tusk|Ground\n|move|p1a: Flutter Mane|Shadow Ball|p2a: The Immortal\n|-damage|p2a: The Immortal|77\/100\n|-damage|p1a: Flutter Mane|60\/100|[from] item: Life Orb\n|move|p1b: Great Tusk|Headlong Rush|p2a: The Immortal\n|-supereffective|p2a: The Immortal\n|-damage|p2a: The Immortal|50\/100\n|-unboost|p1b: Great Tusk|def|1\n|-unboost|p1b: Great Tusk|spd|1\n|move|p2a: The Immortal|Salt Cure|p1b: Great Tusk\n|-resisted|p1b: Great Tusk\n|-damage|p1b: Great Tusk|10\/100\n|-start|p1b: Great Tusk|Salt Cure\n|\n|-heal|p2a: The Immortal|56\/100|[from] item: Leftovers\n|-damage|p1b: Great Tusk|0 fnt|[from] Salt Cure\n|faint|p1b: Great Tusk\n|-end|p1b: Great Tusk|Protosynthesis|[silent]\n|upkeep\n|turn|11\n|\n|t:|1683297911\n|move|p1a: Flutter Mane|Shadow Ball|p2a: The Immortal\n|-damage|p2a: The Immortal|31\/100\n|-damage|p1a: Flutter Mane|50\/100|[from] item: Life Orb\n|move|p2a: The Immortal|Recover|p2a: The Immortal\n|-heal|p2a: The Immortal|81\/100\n|\n|-heal|p2a: The Immortal|87\/100|[from] item: Leftovers\n|upkeep\n|turn|12\n|\n|t:|1683297929\n|move|p1a: Flutter Mane|Shadow Ball|p2a: The Immortal\n|-damage|p2a: The Immortal|66\/100\n|-damage|p1a: Flutter Mane|40\/100|[from] item: Life Orb\n|move|p2a: The Immortal|Salt Cure|p1a: Flutter Mane\n|-damage|p1a: Flutter Mane|27\/100\n|-start|p1a: Flutter Mane|Salt Cure\n|\n|-heal|p2a: The Immortal|72\/100|[from] item: Leftovers\n|-damage|p1a: Flutter Mane|14\/100|[from] Salt Cure\n|upkeep\n|turn|13\n|\n|t:|1683297941\n|move|p1a: Flutter Mane|Shadow Ball|p2a: The Immortal\n|-damage|p2a: The Immortal|49\/100\n|-damage|p1a: Flutter Mane|4\/100|[from] item: Life Orb\n|move|p2a: The Immortal|Recover|p2a: The Immortal\n|-heal|p2a: The Immortal|99\/100\n|\n|-heal|p2a: The Immortal|100\/100|[from] item: Leftovers\n|-damage|p1a: Flutter Mane|0 fnt|[from] Salt Cure\n|faint|p1a: Flutter Mane\n|-end|p1a: Flutter Mane|Protosynthesis|[silent]\n|\n|win|TehTerminator128\n|upkeep\n|raw|neote's rating: 1163 → 1136<\/strong> (-27 for losing)\n|raw|TehTerminator128's rating: 1140 → 1167<\/strong> (+27 for winning)\n|c|\u2606TehTerminator128|Buddy that's gg\n|c|\u2606neote|gg\n|c|\u2606neote|He's rlly immortal kkkkk\n","uploadtime":1683297967,"views":10,"p1id":"neote","p2id":"tehterminator128","formatid":"gen9vgc2023regulationc","rating":1136,"private":0,"password":""}