{"id":"gen9vgc2023regulationc-1848390557","p1":"PooOnMeOften","p2":"revesdepinsir","format":"[Gen 9] VGC 2023 Regulation C","log":"|j|\u203dPooOnMeOften\n|j|\u2606revesdepinsir\n|t:|1682071239\n|gametype|doubles\n|player|p1|PooOnMeOften|265|1164\n|player|p2|revesdepinsir|bugcatcher-gen4dp|1148\n|teamsize|p1|6\n|teamsize|p2|6\n|gen|9\n|tier|[Gen 9] VGC 2023 Regulation C\n|rated|\n|rule|Species Clause: Limit one of each Pok\u00e9mon\n|rule|Item Clause: Limit one of each item\n|clearpoke\n|poke|p1|Chien-Pao, L50|\n|poke|p1|Flutter Mane, L50|\n|poke|p1|Arcanine, L50, M|\n|poke|p1|Annihilape, L50, M|\n|poke|p1|Scizor, L50, M|\n|poke|p1|Palafin, L50, M|\n|poke|p2|Chien-Pao, L50|\n|poke|p2|Maushold-Four, L50|\n|poke|p2|Sudowoodo, L50, F|\n|poke|p2|Flamigo, L50, F|\n|poke|p2|Forretress, L50, F|\n|poke|p2|Hydreigon, L50, M|\n|teampreview|4\n|inactive|Battle timer is ON: inactive players will automatically lose when time's up. (requested by PooOnMeOften)\n|inactive|PooOnMeOften has 60 seconds left.\n|\n|t:|1682071290\n|start\n|switch|p1a: Arcanine|Arcanine, L50, M|100\/100\n|switch|p1b: Scizor|Scizor, L50, M|100\/100\n|switch|p2a: Maushold|Maushold-Four, L50|100\/100\n|switch|p2b: Sudowoodo|Sudowoodo, L50, F|100\/100\n|-ability|p1a: Arcanine|Intimidate|boost\n|-unboost|p2a: Maushold|atk|1\n|-unboost|p2b: Sudowoodo|atk|1\n|-ability|p2b: Sudowoodo|Rattled|boost\n|-boost|p2b: Sudowoodo|spe|1\n|turn|1\n|inactive|PooOnMeOften has 30 seconds left.\n|inactive|PooOnMeOften has 20 seconds left.\n|inactive|PooOnMeOften has 15 seconds left.\n|inactive|PooOnMeOften has 10 seconds left.\n|\n|t:|1682071337\n|-terastallize|p2b: Sudowoodo|Ghost\n|move|p2a: Maushold|Beat Up|p2b: Sudowoodo\n|-supereffective|p2b: Sudowoodo\n|-damage|p2b: Sudowoodo|98\/100\n|-ability|p2b: Sudowoodo|Rattled|boost\n|-boost|p2b: Sudowoodo|spe|1\n|-enditem|p2b: Sudowoodo|Weakness Policy\n|-boost|p2b: Sudowoodo|atk|2|[from] item: Weakness Policy\n|-boost|p2b: Sudowoodo|spa|2|[from] item: Weakness Policy\n|-supereffective|p2b: Sudowoodo\n|-damage|p2b: Sudowoodo|93\/100\n|-ability|p2b: Sudowoodo|Rattled|boost\n|-boost|p2b: Sudowoodo|spe|1\n|-supereffective|p2b: Sudowoodo\n|-damage|p2b: Sudowoodo|89\/100\n|-ability|p2b: Sudowoodo|Rattled|boost\n|-boost|p2b: Sudowoodo|spe|1\n|-supereffective|p2b: Sudowoodo\n|-damage|p2b: Sudowoodo|85\/100\n|-ability|p2b: Sudowoodo|Rattled|boost\n|-boost|p2b: Sudowoodo|spe|1\n|-hitcount|p2b: Sudowoodo|4\n|move|p2b: Sudowoodo|Rock Slide|p1b: Scizor|[spread] p1a,p1b\n|-supereffective|p1a: Arcanine\n|-damage|p1a: Arcanine|21\/100\n|-damage|p1b: Scizor|59\/100\n|move|p1a: Arcanine|Will-O-Wisp|p2a: Maushold\n|-status|p2a: Maushold|brn\n|cant|p1b: Scizor|flinch\n|\n|-heal|p1a: Arcanine|27\/100|[from] item: Leftovers\n|-damage|p2a: Maushold|94\/100 brn|[from] brn\n|upkeep\n|turn|2\n|inactive|PooOnMeOften has 30 seconds left.\n|inactive|revesdepinsir has 30 seconds left.\n|inactive|PooOnMeOften has 20 seconds left.\n|inactive|PooOnMeOften has 15 seconds left.\n|inactive|PooOnMeOften has 10 seconds left.\n|\n|t:|1682071384\n|switch|p2a: Flamigo|Flamigo, L50, F|100\/100\n|-copyboost|p2a: Flamigo|p2b: Sudowoodo|[from] ability: Costar\n|switch|p1a: Annihilape|Annihilape, L50, M|100\/100\n|-terastallize|p1b: Scizor|Steel\n|move|p1b: Scizor|Bullet Punch|p2b: Sudowoodo\n|-damage|p2b: Sudowoodo|15\/100\n|move|p2b: Sudowoodo|Rock Slide|p1a: Annihilape|[spread] p1a,p1b\n|-resisted|p1a: Annihilape\n|-resisted|p1b: Scizor\n|-damage|p1a: Annihilape|81\/100\n|-damage|p1b: Scizor|38\/100\n|\n|upkeep\n|turn|3\n|\n|t:|1682071408\n|move|p1b: Scizor|Bullet Punch|p2b: Sudowoodo\n|-damage|p2b: Sudowoodo|0 fnt\n|faint|p2b: Sudowoodo\n|move|p2a: Flamigo|Acrobatics|p1a: Annihilape\n|-supereffective|p1a: Annihilape\n|-damage|p1a: Annihilape|0 fnt\n|faint|p1a: Annihilape\n|\n|upkeep\n|\n|t:|1682071417\n|switch|p1a: Arcanine|Arcanine, L50, M|27\/100\n|switch|p2b: Maushold|Maushold-Four, L50|94\/100 brn\n|-ability|p1a: Arcanine|Intimidate|boost\n|-unboost|p2a: Flamigo|atk|1\n|-unboost|p2b: Maushold|atk|1\n|turn|4\n|inactive|PooOnMeOften has 30 seconds left.\n|\n|t:|1682071443\n|move|p2a: Flamigo|Protect|p2a: Flamigo\n|-singleturn|p2a: Flamigo|Protect\n|move|p1b: Scizor|Bullet Punch|p2b: Maushold\n|-damage|p2b: Maushold|17\/100 brn\n|move|p2b: Maushold|Switcheroo|p1b: Scizor\n|-activate|p2b: Maushold|move: Trick|[of] p1b: Scizor\n|-item|p1b: Scizor|Choice Scarf|[from] move: Switcheroo\n|-item|p2b: Maushold|Choice Band|[from] move: Switcheroo\n|move|p1a: Arcanine|Heat Wave|p2a: Flamigo|[spread] \n|-activate|p2a: Flamigo|move: Protect\n|-miss|p1a: Arcanine|p2b: Maushold\n|\n|-heal|p1a: Arcanine|33\/100|[from] item: Leftovers\n|-damage|p2b: Maushold|11\/100 brn|[from] brn\n|upkeep\n|turn|5\n|inactive|PooOnMeOften has 30 seconds left.\n|inactive|revesdepinsir has 30 seconds left.\n|inactive|PooOnMeOften has 20 seconds left.\n|inactive|PooOnMeOften has 15 seconds left.\n|\n|t:|1682071487\n|switch|p1a: Flutter Mane|Flutter Mane, L50|100\/100\n|-enditem|p1a: Flutter Mane|Booster Energy\n|-activate|p1a: Flutter Mane|ability: Protosynthesis|[fromitem]\n|-start|p1a: Flutter Mane|protosynthesisspa\n|move|p1b: Scizor|Bullet Punch|p2b: Maushold\n|-damage|p2b: Maushold|0 fnt\n|faint|p2b: Maushold\n|move|p2a: Flamigo|Liquidation|p1b: Scizor\n|-crit|p1b: Scizor\n|-damage|p1b: Scizor|0 fnt\n|faint|p1b: Scizor\n|\n|upkeep\n|\n|t:|1682071497\n|switch|p2b: Chien-Pao|Chien-Pao, L50|100\/100\n|switch|p1b: Arcanine|Arcanine, L50, M|33\/100\n|-ability|p2b: Chien-Pao|Sword of Ruin\n|-ability|p1b: Arcanine|Intimidate|boost\n|-unboost|p2a: Flamigo|atk|1\n|-unboost|p2b: Chien-Pao|atk|1\n|turn|6\n|\n|t:|1682071518\n|move|p2a: Flamigo|Acrobatics|p1a: Flutter Mane\n|-damage|p1a: Flutter Mane|2\/100\n|move|p2b: Chien-Pao|Sacred Sword|p1b: Arcanine\n|-damage|p1b: Arcanine|7\/100\n|move|p1a: Flutter Mane|Dazzling Gleam|p2a: Flamigo|[spread] p2a,p2b\n|-supereffective|p2a: Flamigo\n|-supereffective|p2b: Chien-Pao\n|-damage|p2a: Flamigo|0 fnt\n|-enditem|p2b: Chien-Pao|Focus Sash\n|-damage|p2b: Chien-Pao|1\/100\n|faint|p2a: Flamigo\n|move|p1b: Arcanine|Heat Wave|p2b: Chien-Pao\n|-supereffective|p2b: Chien-Pao\n|-damage|p2b: Chien-Pao|0 fnt\n|faint|p2b: Chien-Pao\n|\n|win|PooOnMeOften\n|raw|PooOnMeOften's rating: 1164 → 1188<\/strong> (+24 for winning)\n|raw|revesdepinsir's rating: 1148 → 1124<\/strong> (-24 for losing)\n|l|\u2606revesdepinsir\n","uploadtime":1682071540,"views":15,"p1id":"pooonmeoften","p2id":"revesdepinsir","formatid":"gen9vgc2023regulationc","rating":1124,"private":0,"password":""}