{"id":"gen9vgc2023regulationc-1849709518","p1":"Topperlecat","p2":"hgfghfhjgfhj","format":"[Gen 9] VGC 2023 Regulation C","log":"|j|\u2606Topperlecat\n|j|\u2606hgfghfhjgfhj\n|t:|1682236923\n|gametype|doubles\n|player|p1|Topperlecat|n|1123\n|player|p2|hgfghfhjgfhj|265|1071\n|teamsize|p1|6\n|teamsize|p2|6\n|gen|9\n|tier|[Gen 9] VGC 2023 Regulation C\n|rated|\n|rule|Species Clause: Limit one of each Pok\u00e9mon\n|rule|Item Clause: Limit one of each item\n|clearpoke\n|poke|p1|Wo-Chien, L50|\n|poke|p1|Glimmora, L50, F|\n|poke|p1|Gothitelle, L50, F|\n|poke|p1|Arcanine, L50, F|\n|poke|p1|Palafin, L50, M|\n|poke|p1|Flutter Mane, L50|\n|poke|p2|Lycanroc, L50, M|\n|poke|p2|Tyranitar, L50, F|\n|poke|p2|Flutter Mane, L50|\n|poke|p2|Ting-Lu, L50|\n|poke|p2|Salamence, L50, M|\n|poke|p2|Volcarona, L50, M|\n|teampreview|4\nTopperlecat has agreed to open team sheets.\n|c|\u2606Topperlecat|Glhf\n|\n|t:|1682237004\n|start\n|switch|p1a: Palafin|Palafin, L50, M|100\/100\n|switch|p1b: Arcanine|Arcanine, L50, F|100\/100\n|switch|p2a: Salamence|Salamence, L50, M|100\/100\n|switch|p2b: Lycanroc|Lycanroc, L50, M|100\/100\n|-ability|p2a: Salamence|Intimidate|boost\n|-unboost|p1a: Palafin|atk|1\n|-unboost|p1b: Arcanine|atk|1\n|-ability|p1b: Arcanine|Intimidate|boost\n|-unboost|p2a: Salamence|atk|1\n|-enditem|p2a: Salamence|Eject Pack\n|-unboost|p2b: Lycanroc|atk|1\n|\n|t:|1682237028\n|switch|p2a: Tyranitar|Tyranitar, L50, F|100\/100\n|-weather|Sandstorm|[from] ability: Sand Stream|[of] p2a: Tyranitar\n|turn|1\n|inactive|Battle timer is ON: inactive players will automatically lose when time's up. (requested by hgfghfhjgfhj)\n|\n|t:|1682237068\n|detailschange|p1a: Palafin|Palafin-Hero, L50, M\n|switch|p1a: Flutter Mane|Flutter Mane, L50|100\/100\n|switch|p2a: Volcarona|Volcarona, L50, M|100\/100\n|move|p1b: Arcanine|Protect|p1b: Arcanine\n|-singleturn|p1b: Arcanine|Protect\n|move|p2b: Lycanroc|Rock Slide|p1b: Arcanine|[spread] \n|-activate|p1b: Arcanine|move: Protect\n|-miss|p2b: Lycanroc|p1a: Flutter Mane\n|\n|-weather|Sandstorm|[upkeep]\n|-damage|p1a: Flutter Mane|94\/100|[from] Sandstorm\n|upkeep\n|turn|2\n|inactive|Topperlecat has 30 seconds left.\n|inactive|hgfghfhjgfhj has 30 seconds left.\n|inactive|hgfghfhjgfhj has 20 seconds left.\n|\n|t:|1682237105\n|-terastallize|p1b: Arcanine|Water\n|move|p1a: Flutter Mane|Protect|p1a: Flutter Mane\n|-singleturn|p1a: Flutter Mane|Protect\n|move|p2b: Lycanroc|Rock Slide|p1a: Flutter Mane|[spread] p1b\n|-activate|p1a: Flutter Mane|move: Protect\n|-damage|p1b: Arcanine|79\/100\n|move|p2a: Volcarona|Quiver Dance|p2a: Volcarona\n|-boost|p2a: Volcarona|spa|1\n|-boost|p2a: Volcarona|spd|1\n|-boost|p2a: Volcarona|spe|1\n|move|p1b: Arcanine|Will-O-Wisp|p2b: Lycanroc\n|-status|p2b: Lycanroc|brn\n|\n|-weather|Sandstorm|[upkeep]\n|-damage|p1a: Flutter Mane|88\/100|[from] Sandstorm\n|-damage|p2b: Lycanroc|95\/100 brn|[from] brn\n|upkeep\n|turn|3\n|inactive|Topperlecat has 30 seconds left.\n|\n|t:|1682237137\n|move|p1b: Arcanine|Extreme Speed|p2a: Volcarona\n|-damage|p2a: Volcarona|75\/100\n|-status|p1b: Arcanine|brn|[from] ability: Flame Body|[of] p2a: Volcarona\n|move|p2b: Lycanroc|Rock Slide|p1a: Flutter Mane|[spread] p1a,p1b\n|-damage|p1a: Flutter Mane|70\/100\n|-damage|p1b: Arcanine|67\/100 brn\n|move|p2a: Volcarona|Bug Buzz|p1b: Arcanine\n|-damage|p1b: Arcanine|0 fnt\n|faint|p1b: Arcanine\n|move|p1a: Flutter Mane|Perish Song|p1a: Flutter Mane\n|-start|p1a: Flutter Mane|perish3|[silent]\n|-start|p2a: Volcarona|perish3|[silent]\n|-start|p2b: Lycanroc|perish3|[silent]\n|-fieldactivate|move: Perish Song\n|\n|-weather|Sandstorm|[upkeep]\n|-damage|p1a: Flutter Mane|64\/100|[from] Sandstorm\n|-damage|p2b: Lycanroc|89\/100 brn|[from] brn\n|-start|p2b: Lycanroc|perish3\n|-start|p2a: Volcarona|perish3\n|-start|p1a: Flutter Mane|perish3\n|upkeep\n|\n|t:|1682237154\n|switch|p1b: Palafin|Palafin-Hero, L50, M|100\/100\n|-activate|p1b: Palafin|ability: Zero to Hero\n|turn|4\n|\n|t:|1682237179\n|switch|p2b: Salamence|Salamence, L50, M|100\/100\n|-ability|p2b: Salamence|Intimidate|boost\n|-unboost|p1a: Flutter Mane|atk|1\n|-unboost|p1b: Palafin|atk|1\n|-terastallize|p2a: Volcarona|Steel\n|move|p1b: Palafin|Jet Punch|p2a: Volcarona\n|-crit|p2a: Volcarona\n|-damage|p2a: Volcarona|0 fnt\n|faint|p2a: Volcarona\n|move|p1a: Flutter Mane|Moonblast|p2b: Salamence\n|-supereffective|p2b: Salamence\n|-damage|p2b: Salamence|0 fnt\n|faint|p2b: Salamence\n|\n|-weather|Sandstorm|[upkeep]\n|-damage|p1a: Flutter Mane|57\/100|[from] Sandstorm\n|-damage|p1b: Palafin|95\/100|[from] Sandstorm\n|-start|p1a: Flutter Mane|perish2\n|upkeep\n|\n|t:|1682237195\n|switch|p2b: Lycanroc|Lycanroc, L50, M|89\/100 brn\n|switch|p2a: Tyranitar|Tyranitar, L50, F|100\/100\n|turn|5\n|\n|t:|1682237205\n|switch|p1b: Glimmora|Glimmora, L50, F|100\/100\n|move|p1a: Flutter Mane|Protect|p1a: Flutter Mane\n|-singleturn|p1a: Flutter Mane|Protect\n|move|p2b: Lycanroc|Rock Slide|p1b: Glimmora|[spread] \n|-activate|p1a: Flutter Mane|move: Protect\n|-miss|p2b: Lycanroc|p1b: Glimmora\n|move|p2a: Tyranitar|Rock Slide|p1a: Flutter Mane|[spread] p1b\n|-activate|p1a: Flutter Mane|move: Protect\n|-damage|p1b: Glimmora|69\/100\n|-activate|p1b: Glimmora|ability: Toxic Debris\n|-sidestart|p2: hgfghfhjgfhj|move: Toxic Spikes\n|\n|-weather|none\n|-damage|p2b: Lycanroc|83\/100 brn|[from] brn\n|-start|p1a: Flutter Mane|perish1\n|upkeep\n|turn|6\n|inactive|hgfghfhjgfhj has 30 seconds left.\n|\n|t:|1682237233\n|move|p1a: Flutter Mane|Perish Song|p1a: Flutter Mane\n|-start|p1b: Glimmora|perish3|[silent]\n|-start|p2a: Tyranitar|perish3|[silent]\n|-start|p2b: Lycanroc|perish3|[silent]\n|-fieldactivate|move: Perish Song\n|move|p2b: Lycanroc|Rock Slide|p1a: Flutter Mane|[spread] p1a,p1b\n|-damage|p1a: Flutter Mane|27\/100\n|-damage|p1b: Glimmora|56\/100\n|-activate|p1b: Glimmora|ability: Toxic Debris\n|-sidestart|p2: hgfghfhjgfhj|move: Toxic Spikes\n|move|p1b: Glimmora|Mortal Spin|p2a: Tyranitar|[spread] p2a,p2b\n|-resisted|p2a: Tyranitar\n|-resisted|p2b: Lycanroc\n|-damage|p2a: Tyranitar|99\/100\n|-damage|p2b: Lycanroc|79\/100 brn\n|-status|p2a: Tyranitar|psn\n|move|p2a: Tyranitar|Rock Slide|p1a: Flutter Mane|[spread] p1a,p1b\n|-damage|p1a: Flutter Mane|0 fnt\n|-damage|p1b: Glimmora|26\/100\n|faint|p1a: Flutter Mane\n|-end|p1a: Flutter Mane|Protosynthesis|[silent]\n|\n|-damage|p2a: Tyranitar|87\/100 psn|[from] psn\n|-damage|p2b: Lycanroc|73\/100 brn|[from] brn\n|-start|p2b: Lycanroc|perish3\n|-start|p1b: Glimmora|perish3\n|-start|p2a: Tyranitar|perish3\n|upkeep\n|\n|t:|1682237250\n|switch|p1a: Palafin|Palafin-Hero, L50, M|95\/100\n|turn|7\n|\n|t:|1682237259\n|move|p2b: Lycanroc|Rock Slide|p1b: Glimmora|[spread] p1a,p1b\n|-damage|p1a: Palafin|82\/100\n|-damage|p1b: Glimmora|14\/100\n|move|p1a: Palafin|Close Combat|p2a: Tyranitar\n|-supereffective|p2a: Tyranitar\n|-damage|p2a: Tyranitar|0 fnt\n|-unboost|p1a: Palafin|def|1\n|-unboost|p1a: Palafin|spd|1\n|faint|p2a: Tyranitar\n|move|p1b: Glimmora|Earth Power|p2b: Lycanroc\n|-supereffective|p2b: Lycanroc\n|-damage|p2b: Lycanroc|0 fnt\n|faint|p2b: Lycanroc\n|\n|win|Topperlecat\n|raw|Topperlecat's rating: 1123 → 1144<\/strong> (+21 for winning)\n|raw|hgfghfhjgfhj's rating: 1071 → 1053<\/strong> (-18 for losing)\n|l|\u2606hgfghfhjgfhj\n","uploadtime":1682237277,"views":15,"p1id":"topperlecat","p2id":"hgfghfhjgfhj","formatid":"gen9vgc2023regulationc","rating":1053,"private":0,"password":""}