{"id":"gen9vgc2023regulationc-1855331379","p1":"haha you rage quit","p2":"mawilesarang","format":"[Gen 9] VGC 2023 Regulation C","log":"|j|\u2606haha you rage quit\n|j|\u203dmawilesarang\n|t:|1682938379\n|gametype|doubles\n|player|p1|haha you rage quit|pokemaniac|1378\n|player|p2|mawilesarang|170|1341\n|teamsize|p1|6\n|teamsize|p2|6\n|gen|9\n|tier|[Gen 9] VGC 2023 Regulation C\n|rated|\n|rule|Species Clause: Limit one of each Pok\u00e9mon\n|rule|Item Clause: Limit one of each item\n|clearpoke\n|poke|p1|Chi-Yu, L50|\n|poke|p1|Chien-Pao, L50|\n|poke|p1|Wo-Chien, L50|\n|poke|p1|Ting-Lu, L50|\n|poke|p1|Dondozo, L50, M|\n|poke|p1|Tatsugiri-Droopy, L50, M|\n|poke|p2|Orthworm, L50, F|\n|poke|p2|Dragonite, L50, F|\n|poke|p2|Ting-Lu, L50|\n|poke|p2|Gyarados, L50, M|\n|poke|p2|Flutter Mane, L50|\n|poke|p2|Vaporeon, L50, F|\n|teampreview|4\nmawilesarang rejected open team sheets.\n|inactive|Battle timer is ON: inactive players will automatically lose when time's up. (requested by mawilesarang)\n|inactive|mawilesarang has 60 seconds left.\n|\n|t:|1682938418\n|start\n|switch|p1a: Chi-Yu|Chi-Yu, L50|100\/100\n|switch|p1b: Chien-Pao|Chien-Pao, L50|100\/100\n|switch|p2a: Orthworm|Orthworm, L50, F|100\/100\n|switch|p2b: Gyarados|Gyarados, L50, M|100\/100\n|-ability|p1b: Chien-Pao|Sword of Ruin\n|-ability|p1a: Chi-Yu|Beads of Ruin\n|-ability|p2b: Gyarados|Intimidate|boost\n|-unboost|p1a: Chi-Yu|atk|1\n|-unboost|p1b: Chien-Pao|atk|1\n|turn|1\n|l|\u2606haha you rage quit\n|inactive|haha you rage quit disconnected and has a minute to reconnect!\n|player|p1|\n|j|\u2606haha you rage quit\n|inactive|haha you rage quit reconnected and has 35 seconds left.\n|player|p1|haha you rage quit|pokemaniac\n|inactive|haha you rage quit has 30 seconds left.\n|inactive|mawilesarang has 30 seconds left.\n|inactive|haha you rage quit has 20 seconds left.\n|\n|t:|1682938455\n|-terastallize|p2a: Orthworm|Fire\n|move|p1a: Chi-Yu|Protect|p1a: Chi-Yu\n|-singleturn|p1a: Chi-Yu|Protect\n|move|p1b: Chien-Pao|Sacred Sword|p2a: Orthworm\n|-damage|p2a: Orthworm|82\/100\n|move|p2b: Gyarados|Bulldoze|p1b: Chien-Pao|[spread] p1b\n|-activate|p1a: Chi-Yu|move: Protect\n|-heal|p2a: Orthworm|100\/100|[from] ability: Earth Eater|[of] p2b: Gyarados\n|-damage|p1b: Chien-Pao|82\/100\n|-unboost|p1b: Chien-Pao|spe|1\n|move|p2a: Orthworm|Body Press|p1b: Chien-Pao\n|-supereffective|p1b: Chien-Pao\n|-damage|p1b: Chien-Pao|0 fnt\n|faint|p1b: Chien-Pao\n|\n|upkeep\n|\n|t:|1682938480\n|switch|p1b: Tatsugiri|Tatsugiri-Droopy, L50, M|100\/100\n|turn|2\n|inactive|haha you rage quit has 30 seconds left.\n|inactive|mawilesarang has 30 seconds left.\n|inactive|mawilesarang has 20 seconds left.\n|\n|t:|1682938520\n|move|p1b: Tatsugiri|Muddy Water|p2a: Orthworm|[spread] p2a,p2b\n|-supereffective|p2a: Orthworm\n|-resisted|p2b: Gyarados\n|-damage|p2a: Orthworm|0 fnt\n|-damage|p2b: Gyarados|83\/100\n|faint|p2a: Orthworm\n|move|p1a: Chi-Yu|Heat Wave|p2b: Gyarados|[miss]\n|-miss|p1a: Chi-Yu|p2b: Gyarados\n|move|p2b: Gyarados|Thunder Wave|p1b: Tatsugiri\n|-status|p1b: Tatsugiri|par\n|\n|upkeep\n|\n|t:|1682938538\n|switch|p2a: Dragonite|Dragonite, L50, F|100\/100\n|turn|3\n|\n|t:|1682938544\n|switch|p1a: Dondozo|Dondozo, L50, M|100\/100\n|-activate|p1b: Tatsugiri|ability: Commander|[of] p1a: Dondozo\n|-boost|p1a: Dondozo|atk|2\n|-boost|p1a: Dondozo|spa|2\n|-boost|p1a: Dondozo|spe|2\n|-boost|p1a: Dondozo|def|2\n|-boost|p1a: Dondozo|spd|2\n|move|p2a: Dragonite|Extreme Speed|p1b: Tatsugiri|[miss]\n|-miss|p2a: Dragonite|p1b: Tatsugiri\n|move|p2b: Gyarados|Bulldoze|p1a: Dondozo|[spread] p1a\n|-miss|p2b: Gyarados|p1b: Tatsugiri\n|-immune|p2a: Dragonite\n|-damage|p1a: Dondozo|96\/100\n|-unboost|p1a: Dondozo|spe|1\n|\n|upkeep\n|turn|4\n|\n|t:|1682938563\n|switch|p2a: Vaporeon|Vaporeon, L50, F|100\/100\n|-terastallize|p1a: Dondozo|Grass\n|move|p1a: Dondozo|Tera Blast|p2b: Gyarados\n|-damage|p2b: Gyarados|15\/100\n|move|p2b: Gyarados|Taunt|p1a: Dondozo\n|-start|p1a: Dondozo|move: Taunt\n|\n|upkeep\n|turn|5\n|\n|t:|1682938583\n|switch|p2b: Dragonite|Dragonite, L50, F|100\/100\n|move|p1a: Dondozo|Tera Blast|p2a: Vaporeon\n|-supereffective|p2a: Vaporeon\n|-damage|p2a: Vaporeon|0 fnt\n|faint|p2a: Vaporeon\n|\n|upkeep\n|\n|t:|1682938590\n|switch|p2a: Gyarados|Gyarados, L50, M|15\/100\n|-ability|p2a: Gyarados|Intimidate|boost\n|-unboost|p1a: Dondozo|atk|1\n|-unboost|p1b: Tatsugiri|atk|1\n|turn|6\n|-message|mawilesarang forfeited.\n|\n|win|haha you rage quit\n|raw|haha you rage quit's rating: 1378 → 1396<\/strong> (+18 for winning)\n|raw|mawilesarang's rating: 1341 → 1323<\/strong> (-18 for losing)\n|l|\u203dmawilesarang\n","uploadtime":1682938613,"views":21,"p1id":"hahayouragequit","p2id":"mawilesarang","formatid":"gen9vgc2023regulationc","rating":1323,"private":0,"password":""}