{"id":"gen9vgc2023regulationc-1856880949","p1":"Lividsquid","p2":"BabySlayer19","format":"[Gen 9] VGC 2023 Regulation C","log":"|j|\u2606Lividsquid\n|j|\u2606BabySlayer19\n|t:|1683122285\n|gametype|doubles\n|player|p1|Lividsquid|bellepa|1081\n|player|p2|BabySlayer19|170|1087\n|teamsize|p1|6\n|teamsize|p2|6\n|gen|9\n|tier|[Gen 9] VGC 2023 Regulation C\n|rated|\n|rule|Species Clause: Limit one of each Pok\u00e9mon\n|rule|Item Clause: Limit one of each item\n|clearpoke\n|poke|p1|Grimmsnarl, L50, M|\n|poke|p1|Dragonite, L50, M|\n|poke|p1|Corviknight, L50, M|\n|poke|p1|Volcarona, L50, M|\n|poke|p1|Hawlucha, L50, F|\n|poke|p1|Indeedee-F, L50, F|\n|poke|p2|Pincurchin, L50, M|\n|poke|p2|Iron Jugulis, L50|\n|poke|p2|Garchomp, L50, M|\n|poke|p2|Iron Bundle, L50|\n|poke|p2|Iron Treads, L50|\n|poke|p2|Kilowattrel, L50, F|\n|teampreview|4\n|inactive|Battle timer is ON: inactive players will automatically lose when time's up. (requested by BabySlayer19)\n|\n|t:|1683122309\n|start\n|switch|p1a: Grimmsnarl|Grimmsnarl, L50, M|100\/100\n|switch|p1b: Indeedee|Indeedee-F, L50, F|100\/100\n|switch|p2a: Pincurchin|Pincurchin, L50, M|100\/100\n|switch|p2b: Iron Jugulis|Iron Jugulis, L50, shiny|100\/100\n|-fieldstart|move: Psychic Terrain|[from] ability: Psychic Surge|[of] p1b: Indeedee\n|-fieldstart|move: Electric Terrain|[from] ability: Electric Surge|[of] p2a: Pincurchin\n|-activate|p2b: Iron Jugulis|ability: Quark Drive\n|-start|p2b: Iron Jugulis|quarkdrivespe\n|turn|1\n|\n|t:|1683122333\n|switch|p1b: Volcarona|Volcarona, L50, M|100\/100\n|move|p1a: Grimmsnarl|Light Screen|p1a: Grimmsnarl\n|-sidestart|p1: Lividsquid|move: Light Screen\n|move|p2b: Iron Jugulis|Dark Pulse|p1b: Volcarona\n|-damage|p1b: Volcarona|54\/100\n|move|p2a: Pincurchin|Thunder Wave|p1b: Volcarona\n|-status|p1b: Volcarona|par\n|\n|upkeep\n|turn|2\n|\n|t:|1683122352\n|-end|p2b: Iron Jugulis|Quark Drive|[silent]\n|switch|p2b: Garchomp|Garchomp, L50, M|100\/100\n|move|p1a: Grimmsnarl|Spirit Break|p2b: Garchomp\n|-supereffective|p2b: Garchomp\n|-damage|p2b: Garchomp|40\/100\n|-unboost|p2b: Garchomp|spa|1\n|-damage|p1a: Grimmsnarl|88\/100|[from] ability: Rough Skin|[of] p2b: Garchomp\n|cant|p1b: Volcarona|par\n|move|p2a: Pincurchin|Discharge|p1b: Volcarona|[spread] p1a,p1b\n|-immune|p2b: Garchomp\n|-damage|p1a: Grimmsnarl|66\/100\n|-damage|p1b: Volcarona|30\/100 par\n|-status|p1a: Grimmsnarl|par\n|\n|upkeep\n|turn|3\n|\n|t:|1683122377\n|switch|p1a: Indeedee|Indeedee-F, L50, F|100\/100\n|-fieldstart|move: Psychic Terrain|[from] ability: Psychic Surge|[of] p1a: Indeedee\n|move|p2b: Garchomp|Rock Slide|p1b: Volcarona|[spread] p1a,p1b\n|-supereffective|p1b: Volcarona\n|-damage|p1a: Indeedee|73\/100\n|-damage|p1b: Volcarona|0 fnt\n|faint|p1b: Volcarona\n|move|p2a: Pincurchin|Discharge|p1a: Indeedee|[spread] p1a\n|-immune|p2b: Garchomp\n|-damage|p1a: Indeedee|57\/100\n|\n|upkeep\n|\n|t:|1683122386\n|switch|p1b: Hawlucha|Hawlucha, L50, F|100\/100\n|-enditem|p1b: Hawlucha|Psychic Seed\n|-boost|p1b: Hawlucha|spd|1|[from] item: Psychic Seed\n|turn|4\n|inactive|Lividsquid has 30 seconds left.\n|\n|t:|1683122422\n|-terastallize|p1b: Hawlucha|Steel\n|move|p1b: Hawlucha|Iron Head|p2a: Pincurchin\n|-resisted|p2a: Pincurchin\n|-damage|p2a: Pincurchin|83\/100\n|move|p2b: Garchomp|Rock Slide|p1b: Hawlucha|[spread] p1a,p1b\n|-resisted|p1b: Hawlucha\n|-damage|p1a: Indeedee|28\/100\n|-damage|p1b: Hawlucha|80\/100\n|move|p1a: Indeedee|Hyper Voice|p2b: Garchomp|[spread] p2a,p2b\n|-damage|p2a: Pincurchin|51\/100\n|-damage|p2b: Garchomp|17\/100\n|-enditem|p1a: Indeedee|Throat Spray\n|-boost|p1a: Indeedee|spa|1|[from] item: Throat Spray\n|move|p2a: Pincurchin|Discharge|p1b: Hawlucha|[spread] p1a,p1b\n|-immune|p2b: Garchomp\n|-damage|p1a: Indeedee|10\/100\n|-damage|p1b: Hawlucha|65\/100\n|-status|p1a: Indeedee|par\n|\n|upkeep\n|turn|5\n|inactive|Lividsquid has 30 seconds left.\n|\n|t:|1683122452\n|switch|p2a: Kilowattrel|Kilowattrel, L50, F|100\/100\n|move|p1b: Hawlucha|Flying Press|p2b: Garchomp\n|-damage|p2b: Garchomp|0 fnt\n|-damage|p1b: Hawlucha|53\/100|[from] ability: Rough Skin|[of] p2b: Garchomp\n|faint|p2b: Garchomp\n|move|p1a: Indeedee|Psyshock|p2a: Kilowattrel\n|-damage|p2a: Kilowattrel|5\/100\n|\n|-heal|p2a: Kilowattrel|11\/100|[from] item: Leftovers\n|upkeep\n|\n|t:|1683122465\n|switch|p2b: Pincurchin|Pincurchin, L50, M|51\/100\n|-fieldstart|move: Electric Terrain|[from] ability: Electric Surge|[of] p2b: Pincurchin\n|turn|6\n|\n|t:|1683122487\n|move|p1b: Hawlucha|Flying Press|p2b: Pincurchin\n|-resisted|p2b: Pincurchin\n|-damage|p2b: Pincurchin|28\/100\n|move|p2a: Kilowattrel|Tailwind|p2a: Kilowattrel\n|-sidestart|p2: BabySlayer19|move: Tailwind\n|move|p2b: Pincurchin|Discharge|p1b: Hawlucha|[spread] p1a,p1b\n|-heal|p2a: Kilowattrel|36\/100|[from] ability: Volt Absorb|[of] p2b: Pincurchin\n|-damage|p1a: Indeedee|0 fnt\n|-damage|p1b: Hawlucha|33\/100\n|faint|p1a: Indeedee\n|\n|-heal|p2a: Kilowattrel|42\/100|[from] item: Leftovers\n|upkeep\n|\n|t:|1683122497\n|switch|p1a: Grimmsnarl|Grimmsnarl, L50, M|66\/100 par\n|turn|7\n|inactive|Lividsquid has 30 seconds left.\n|\n|t:|1683122524\n|move|p1b: Hawlucha|Protect|p1b: Hawlucha\n|-singleturn|p1b: Hawlucha|Protect\n|move|p2a: Kilowattrel|Air Slash|p1a: Grimmsnarl\n|-damage|p1a: Grimmsnarl|46\/100 par\n|move|p2b: Pincurchin|Discharge|p1a: Grimmsnarl|[spread] p1a\n|-activate|p1b: Hawlucha|move: Protect\n|-heal|p2a: Kilowattrel|67\/100|[from] ability: Volt Absorb|[of] p2b: Pincurchin\n|-damage|p1a: Grimmsnarl|22\/100 par\n|move|p1a: Grimmsnarl|Spirit Break|p2b: Pincurchin\n|-damage|p2b: Pincurchin|0 fnt\n|faint|p2b: Pincurchin\n|\n|-heal|p2a: Kilowattrel|73\/100|[from] item: Leftovers\n|upkeep\n|\n|t:|1683122537\n|switch|p2b: Iron Jugulis|Iron Jugulis, L50, shiny|100\/100\n|-activate|p2b: Iron Jugulis|ability: Quark Drive\n|-start|p2b: Iron Jugulis|quarkdrivespe\n|turn|8\n|-message|Lividsquid forfeited.\n|\n|win|BabySlayer19\n|raw|Lividsquid's rating: 1081 → 1059<\/strong> (-22 for losing)\n|raw|BabySlayer19's rating: 1087 → 1113<\/strong> (+26 for winning)\n|l|\u2606Lividsquid\n","uploadtime":1683122548,"views":8,"p1id":"lividsquid","p2id":"babyslayer19","formatid":"gen9vgc2023regulationc","rating":1059,"private":0,"password":""}