{"id":"gen9vgc2023regulationc-1860183574","p1":"AzenNate","p2":"Juliet69","format":"[Gen 9] VGC 2023 Regulation C","log":"|j|\u2606AzenNate\n|j|\u2606Juliet69\n|t:|1683606250\n|gametype|doubles\n|player|p1|AzenNate|2|1111\n|player|p2|Juliet69|2|1145\n|teamsize|p1|6\n|teamsize|p2|6\n|gen|9\n|tier|[Gen 9] VGC 2023 Regulation C\n|rated|\n|rule|Species Clause: Limit one of each Pok\u00e9mon\n|rule|Item Clause: Limit one of each item\n|clearpoke\n|poke|p1|Abomasnow, L50, M|\n|poke|p1|Baxcalibur, L50, M|\n|poke|p1|Ting-Lu, L50|\n|poke|p1|Flutter Mane, L50|\n|poke|p1|Chi-Yu, L50|\n|poke|p1|Gyarados, L50, F|\n|poke|p2|Amoonguss, L50, F|\n|poke|p2|Ceruledge, L50, M|\n|poke|p2|Palafin, L50, F|\n|poke|p2|Flutter Mane, L50|\n|poke|p2|Chi-Yu, L50|\n|poke|p2|Iron Hands, L50|\n|teampreview|4\n|inactive|Battle timer is ON: inactive players will automatically lose when time's up. (requested by Juliet69)\n|inactive|AzenNate also wants the timer to be on.\n|inactive|AzenNate has 60 seconds left.\n|\n|t:|1683606298\n|start\n|switch|p1a: Abomasnow|Abomasnow, L50, M, shiny|100\/100\n|switch|p1b: Ting-Lu|Ting-Lu, L50|100\/100\n|switch|p2a: Chi-Yu|Chi-Yu, L50|100\/100\n|switch|p2b: Iron Hands|Iron Hands, L50|100\/100\n|-ability|p2a: Chi-Yu|Beads of Ruin\n|-weather|Snow|[from] ability: Snow Warning|[of] p1a: Abomasnow\n|-ability|p1b: Ting-Lu|Vessel of Ruin\n|turn|1\n|inactive|Juliet69 has 30 seconds left.\n|inactive|Juliet69 has 20 seconds left.\n|\n|t:|1683606335\n|move|p2b: Iron Hands|Fake Out|p1b: Ting-Lu\n|-damage|p1b: Ting-Lu|92\/100\n|move|p2a: Chi-Yu|Flamethrower|p1a: Abomasnow\n|-supereffective|p1a: Abomasnow\n|-enditem|p1a: Abomasnow|Focus Sash\n|-damage|p1a: Abomasnow|1\/100\n|move|p1a: Abomasnow|Aurora Veil|p1a: Abomasnow\n|-sidestart|p1: AzenNate|move: Aurora Veil\n|cant|p1b: Ting-Lu|flinch\n|\n|-weather|Snow|[upkeep]\n|upkeep\n|turn|2\n|inactive|AzenNate has 30 seconds left.\n|inactive|AzenNate has 20 seconds left.\n|\n|t:|1683606371\n|switch|p1a: Baxcalibur|Baxcalibur, L50, M|100\/100\n|move|p2a: Chi-Yu|Flamethrower|p1a: Baxcalibur\n|-damage|p1a: Baxcalibur|59\/100\n|-ability|p1a: Baxcalibur|Thermal Exchange|boost\n|-boost|p1a: Baxcalibur|atk|1\n|move|p2b: Iron Hands|Close Combat|p1b: Ting-Lu\n|-supereffective|p1b: Ting-Lu\n|-damage|p1b: Ting-Lu|44\/100\n|-unboost|p2b: Iron Hands|def|1\n|-unboost|p2b: Iron Hands|spd|1\n|move|p1b: Ting-Lu|Fissure|p2b: Iron Hands|[miss]\n|-miss|p1b: Ting-Lu|p2b: Iron Hands\n|\n|-weather|Snow|[upkeep]\n|upkeep\n|turn|3\n|\n|t:|1683606394\n|-terastallize|p2a: Chi-Yu|Fire\n|-terastallize|p1a: Baxcalibur|Poison\n|move|p2a: Chi-Yu|Flamethrower|p1a: Baxcalibur\n|-damage|p1a: Baxcalibur|1\/100\n|-ability|p1a: Baxcalibur|Thermal Exchange|boost\n|-boost|p1a: Baxcalibur|atk|1\n|move|p1a: Baxcalibur|Glaive Rush|p2a: Chi-Yu\n|-crit|p2a: Chi-Yu\n|-damage|p2a: Chi-Yu|0 fnt\n|-singlemove|p1a: Baxcalibur|Glaive Rush|[silent]\n|faint|p2a: Chi-Yu\n|move|p2b: Iron Hands|Close Combat|p1b: Ting-Lu\n|-supereffective|p1b: Ting-Lu\n|-damage|p1b: Ting-Lu|0 fnt\n|-unboost|p2b: Iron Hands|def|1\n|-unboost|p2b: Iron Hands|spd|1\n|faint|p1b: Ting-Lu\n|\n|-weather|Snow|[upkeep]\n|upkeep\n|\n|t:|1683606410\n|switch|p2a: Flutter Mane|Flutter Mane, L50|100\/100\n|switch|p1b: Flutter Mane|Flutter Mane, L50, shiny|100\/100\n|-enditem|p2a: Flutter Mane|Booster Energy\n|-activate|p2a: Flutter Mane|ability: Protosynthesis|[fromitem]\n|-start|p2a: Flutter Mane|protosynthesisspe\n|turn|4\n|\n|t:|1683606431\n|-end|p2b: Iron Hands|Quark Drive|[silent]\n|switch|p2b: Amoonguss|Amoonguss, L50, F|100\/100\n|move|p2a: Flutter Mane|Protect|p2a: Flutter Mane\n|-singleturn|p2a: Flutter Mane|Protect\n|move|p1a: Baxcalibur|Ice Shard|p2b: Amoonguss\n|-supereffective|p2b: Amoonguss\n|-damage|p2b: Amoonguss|30\/100\n|move|p1b: Flutter Mane|Shadow Ball|p2a: Flutter Mane\n|-activate|p2a: Flutter Mane|move: Protect\n|\n|-weather|Snow|[upkeep]\n|upkeep\n|turn|5\n|inactive|Juliet69 has 30 seconds left.\n|inactive|Juliet69 has 20 seconds left.\n|inactive|Juliet69 has 15 seconds left.\n|inactive|Juliet69 has 10 seconds left.\n|\n|t:|1683606479\n|move|p1a: Baxcalibur|Ice Shard|p2b: Amoonguss\n|-supereffective|p2b: Amoonguss\n|-damage|p2b: Amoonguss|0 fnt\n|faint|p2b: Amoonguss\n|move|p2a: Flutter Mane|Shadow Ball|p1b: Flutter Mane\n|-supereffective|p1b: Flutter Mane\n|-damage|p1b: Flutter Mane|36\/100\n|-unboost|p1b: Flutter Mane|spd|1\n|move|p1b: Flutter Mane|Shadow Ball|p2a: Flutter Mane\n|-supereffective|p2a: Flutter Mane\n|-damage|p2a: Flutter Mane|0 fnt\n|faint|p2a: Flutter Mane\n|-end|p2a: Flutter Mane|Protosynthesis|[silent]\n|\n|-weather|none\n|-sideend|p1: AzenNate|move: Aurora Veil\n|upkeep\n|\n|t:|1683606483\n|switch|p2b: Iron Hands|Iron Hands, L50|100\/100\n|turn|6\n|\n|t:|1683606500\n|-end|p1b: Flutter Mane|Protosynthesis|[silent]\n|switch|p1b: Abomasnow|Abomasnow, L50, M, shiny|1\/100\n|-weather|Snow|[from] ability: Snow Warning|[of] p1b: Abomasnow\n|move|p1a: Baxcalibur|Ice Shard|p2b: Iron Hands\n|-damage|p2b: Iron Hands|74\/100\n|move|p2b: Iron Hands|Rock Slide|p1b: Abomasnow|[spread] p1a\n|-miss|p2b: Iron Hands|p1b: Abomasnow\n|-damage|p1a: Baxcalibur|0 fnt\n|faint|p1a: Baxcalibur\n|\n|-weather|Snow|[upkeep]\n|upkeep\n|\n|t:|1683606514\n|switch|p1a: Flutter Mane|Flutter Mane, L50, shiny|36\/100\n|turn|7\n|\n|t:|1683606534\n|move|p1b: Abomasnow|Ice Shard|p2b: Iron Hands\n|-damage|p2b: Iron Hands|66\/100\n|move|p1a: Flutter Mane|Moonblast|p2b: Iron Hands\n|-supereffective|p2b: Iron Hands\n|-damage|p2b: Iron Hands|0 fnt\n|faint|p2b: Iron Hands\n|-end|p2b: Iron Hands|Quark Drive|[silent]\n|\n|win|AzenNate\n|raw|AzenNate's rating: 1111 → 1138<\/strong> (+27 for winning)\n|raw|Juliet69's rating: 1145 → 1118<\/strong> (-27 for losing)\n|l|\u2606Juliet69\n","uploadtime":1683606546,"views":12,"p1id":"azennate","p2id":"juliet69","formatid":"gen9vgc2023regulationc","rating":1118,"private":0,"password":""}