{"id":"gen9vgc2023regulationc-1846342889","p1":"khadir","p2":"YSL1017THUG","format":"[Gen 9] VGC 2023 Regulation C","log":"|j|\u2606khadir\n|j|\u2606YSL1017THUG\n|t:|1681833197\n|gametype|doubles\n|player|p1|khadir|1|1065\n|player|p2|YSL1017THUG|170|1037\n|teamsize|p1|6\n|teamsize|p2|6\n|gen|9\n|tier|[Gen 9] VGC 2023 Regulation C\n|rated|\n|rule|Species Clause: Limit one of each Pok\u00e9mon\n|rule|Item Clause: Limit one of each item\n|clearpoke\n|poke|p1|Torkoal, L50, F|\n|poke|p1|Jumpluff, L50, M|\n|poke|p1|Flutter Mane, L50|\n|poke|p1|Great Tusk, L50|\n|poke|p1|Chien-Pao, L50|\n|poke|p1|Kingambit, L50, M|\n|poke|p2|Ting-Lu, L50|\n|poke|p2|Wo-Chien, L50|\n|poke|p2|Arcanine, L50, M|\n|poke|p2|Palafin, L50, F|\n|poke|p2|Flutter Mane, L50|\n|poke|p2|Dragapult, L50, F|\n|teampreview|4\n|inactive|Battle timer is ON: inactive players will automatically lose when time's up. (requested by khadir)\n|\n|t:|1681833219\n|start\n|switch|p1a: Torkoal|Torkoal, L50, F|100\/100\n|switch|p1b: Jumpluff|Jumpluff, L50, M|100\/100\n|switch|p2a: Palafin|Palafin, L50, F|100\/100\n|switch|p2b: Arcanine|Arcanine, L50, M|100\/100\n|-ability|p2b: Arcanine|Intimidate|boost\n|-unboost|p1a: Torkoal|atk|1\n|-enditem|p1a: Torkoal|Eject Pack\n|-unboost|p1b: Jumpluff|atk|1\n|\n|t:|1681833228\n|switch|p1a: Flutter Mane|Flutter Mane, L50|100\/100\n|turn|1\n|\n|t:|1681833239\n|-terastallize|p1a: Flutter Mane|Water\n|move|p1a: Flutter Mane|Dazzling Gleam|p2a: Palafin|[spread] p2a,p2b\n|-resisted|p2b: Arcanine\n|-damage|p2a: Palafin|28\/100\n|-damage|p2b: Arcanine|80\/100\n|move|p1b: Jumpluff|Tailwind|p1b: Jumpluff\n|-sidestart|p1: khadir|move: Tailwind\n|move|p2a: Palafin|Flip Turn|p1a: Flutter Mane\n|-resisted|p1a: Flutter Mane\n|-damage|p1a: Flutter Mane|75\/100\n|\n|t:|1681833253\n|detailschange|p2a: Palafin|Palafin-Hero, L50, F\n|switch|p2a: Flutter Mane|Flutter Mane, L50|100\/100|[from] Flip Turn\n|-enditem|p2a: Flutter Mane|Booster Energy\n|-activate|p2a: Flutter Mane|ability: Protosynthesis|[fromitem]\n|-start|p2a: Flutter Mane|protosynthesisspa\n|move|p2b: Arcanine|Flare Blitz|p1b: Jumpluff\n|-supereffective|p1b: Jumpluff\n|-damage|p1b: Jumpluff|0 fnt\n|faint|p1b: Jumpluff\n|-damage|p2b: Arcanine|49\/100|[from] Recoil\n|\n|upkeep\n|\n|t:|1681833262\n|switch|p1b: Torkoal|Torkoal, L50, F|100\/100\n|-weather|SunnyDay|[from] ability: Drought|[of] p1b: Torkoal\n|-activate|p1a: Flutter Mane|ability: Protosynthesis\n|-start|p1a: Flutter Mane|protosynthesisspe\n|turn|2\n|\n|t:|1681833282\n|-terastallize|p2a: Flutter Mane|Fairy\n|move|p2b: Arcanine|Extreme Speed|p1a: Flutter Mane\n|-damage|p1a: Flutter Mane|35\/100\n|move|p1a: Flutter Mane|Dazzling Gleam|p2a: Flutter Mane|[spread] p2a,p2b\n|-resisted|p2b: Arcanine\n|-damage|p2a: Flutter Mane|52\/100\n|-damage|p2b: Arcanine|29\/100\n|move|p2a: Flutter Mane|Dazzling Gleam|p1b: Torkoal|[spread] p1a,p1b\n|-resisted|p1b: Torkoal\n|-damage|p1a: Flutter Mane|0 fnt\n|-damage|p1b: Torkoal|75\/100\n|faint|p1a: Flutter Mane\n|-end|p1a: Flutter Mane|Protosynthesis|[silent]\n|move|p1b: Torkoal|Yawn|p2a: Flutter Mane\n|-start|p2a: Flutter Mane|move: Yawn|[of] p1b: Torkoal\n|\n|-weather|SunnyDay|[upkeep]\n|upkeep\n|\n|t:|1681833297\n|switch|p1a: Chien-Pao|Chien-Pao, L50|100\/100\n|-ability|p1a: Chien-Pao|Sword of Ruin\n|turn|3\n|\n|t:|1681833312\n|move|p1a: Chien-Pao|Ice Spinner|p2a: Flutter Mane\n|-damage|p2a: Flutter Mane|0 fnt\n|faint|p2a: Flutter Mane\n|-end|p2a: Flutter Mane|Protosynthesis|[silent]\n|move|p2b: Arcanine|Flare Blitz|p1a: Chien-Pao\n|-supereffective|p1a: Chien-Pao\n|-enditem|p1a: Chien-Pao|Focus Sash\n|-damage|p1a: Chien-Pao|1\/100\n|-damage|p2b: Arcanine|3\/100|[from] Recoil\n|move|p1b: Torkoal|Overheat|p2b: Arcanine\n|-resisted|p2b: Arcanine\n|-damage|p2b: Arcanine|0 fnt\n|-unboost|p1b: Torkoal|spa|2\n|faint|p2b: Arcanine\n|\n|-weather|SunnyDay|[upkeep]\n|upkeep\n|\n|t:|1681833327\n|switch|p2a: Ting-Lu|Ting-Lu, L50|100\/100\n|switch|p2b: Palafin|Palafin-Hero, L50, F|28\/100\n|-activate|p2b: Palafin|ability: Zero to Hero\n|-ability|p2a: Ting-Lu|Vessel of Ruin\n|turn|4\n|\n|t:|1681833343\n|move|p1a: Chien-Pao|Sucker Punch|p2b: Palafin\n|-damage|p2b: Palafin|0 fnt\n|faint|p2b: Palafin\n|move|p1b: Torkoal|Yawn|p2a: Ting-Lu\n|-start|p2a: Ting-Lu|move: Yawn|[of] p1b: Torkoal\n|move|p2a: Ting-Lu|Fissure|p1b: Torkoal|[miss]\n|-miss|p2a: Ting-Lu|p1b: Torkoal\n|\n|-weather|SunnyDay|[upkeep]\n|-sideend|p1: khadir|move: Tailwind\n|upkeep\n|turn|5\n|\n|t:|1681833355\n|move|p1a: Chien-Pao|Protect|p1a: Chien-Pao\n|-singleturn|p1a: Chien-Pao|Protect\n|move|p1b: Torkoal|Protect|p1b: Torkoal\n|-singleturn|p1b: Torkoal|Protect\n|move|p2a: Ting-Lu|Stomping Tantrum|p1b: Torkoal\n|-activate|p1b: Torkoal|move: Protect\n|\n|-weather|SunnyDay|[upkeep]\n|-end|p2a: Ting-Lu|move: Yawn|[silent]\n|-status|p2a: Ting-Lu|slp\n|upkeep\n|turn|6\n|n|!YSL1017THUG|ysl1017thug\n|inactive|YSL1017THUG has 30 seconds left.\n|inactive|YSL1017THUG has 20 seconds left.\n|\n|t:|1681833394\n|move|p1b: Torkoal|Helping Hand|p1a: Chien-Pao\n|-singleturn|p1a: Chien-Pao|Helping Hand|[of] p1b: Torkoal\n|move|p1a: Chien-Pao|Ice Spinner|p2a: Ting-Lu\n|-supereffective|p2a: Ting-Lu\n|-damage|p2a: Ting-Lu|20\/100 slp\n|cant|p2a: Ting-Lu|slp\n|\n|-weather|none\n|upkeep\n|turn|7\n|inactive|YSL1017THUG has 30 seconds left.\n|inactive|YSL1017THUG has 20 seconds left.\n|inactive|YSL1017THUG has 15 seconds left.\n|inactive|YSL1017THUG has 10 seconds left.\n|-message|khadir forfeited.\n|\n|win|YSL1017THUG\n|raw|khadir's rating: 1065 → 1044<\/strong> (-21 for losing)\n|raw|YSL1017THUG's rating: 1037 → 1074<\/strong> (+37 for winning)\n|l|\u2606khadir\n","uploadtime":1681833365,"views":9,"p1id":"khadir","p2id":"ysl1017thug","formatid":"gen9vgc2023regulationc","rating":1044,"private":0,"password":""}