{"id":"gen9vgc2023regulationc-1853329061","p1":"Prompto88","p2":"CarlettoJack","format":"[Gen 9] VGC 2023 Regulation C","log":"|j|\u2606Prompto88\n|j|\u2606CarlettoJack\n|t:|1682668948\n|gametype|doubles\n|player|p1|Prompto88|170|\n|player|p2|CarlettoJack|roughneck-gen4|\n|teamsize|p1|6\n|teamsize|p2|6\n|gen|9\n|tier|[Gen 9] VGC 2023 Regulation C\n|rule|Species Clause: Limit one of each Pok\u00e9mon\n|rule|Item Clause: Limit one of each item\n|clearpoke\n|poke|p1|Torkoal, L50, M|\n|poke|p1|Chi-Yu, L50|\n|poke|p1|Flutter Mane, L50|\n|poke|p1|Chien-Pao, L50|\n|poke|p1|Great Tusk, L50|\n|poke|p1|Roaring Moon, L50|\n|poke|p2|Tyranitar, L50, M|\n|poke|p2|Orthworm, L50, F|\n|poke|p2|Dragonite, L50, M|\n|poke|p2|Amoonguss, L50, M|\n|poke|p2|Houndstone, L50, M|\n|poke|p2|Iron Bundle, L50|\n|teampreview|4\n|inactive|Battle timer is ON: inactive players will automatically lose when time's up. (requested by Prompto88)\n|\n|t:|1682668962\n|start\n|switch|p1a: Chi-Yu|Chi-Yu, L50|100\/100\n|switch|p1b: Flutter Mane|Flutter Mane, L50|100\/100\n|switch|p2a: Orthworm|Orthworm, L50, F|100\/100\n|switch|p2b: Amoonguss|Amoonguss, L50, M, shiny|100\/100\n|-ability|p1a: Chi-Yu|Beads of Ruin\n|turn|1\n|\n|t:|1682668981\n|-end|p1b: Flutter Mane|Protosynthesis|[silent]\n|switch|p1b: Torkoal|Torkoal, L50, M|100\/100\n|-weather|SunnyDay|[from] ability: Drought|[of] p1b: Torkoal\n|-terastallize|p2a: Orthworm|Fire\n|move|p2b: Amoonguss|Rage Powder|p2b: Amoonguss\n|-singleturn|p2b: Amoonguss|move: Rage Powder\n|move|p1a: Chi-Yu|Heat Wave|p2b: Amoonguss|[spread] p2a,p2b\n|-resisted|p2a: Orthworm\n|-supereffective|p2b: Amoonguss\n|-damage|p2a: Orthworm|56\/100\n|-damage|p2b: Amoonguss|0 fnt\n|faint|p2b: Amoonguss\n|move|p2a: Orthworm|Heavy Slam|p1b: Torkoal\n|-resisted|p1b: Torkoal\n|-damage|p1b: Torkoal|93\/100\n|\n|-weather|SunnyDay|[upkeep]\n|upkeep\n|\n|t:|1682668996\n|switch|p2b: Tyranitar|Tyranitar, L50, M|100\/100\n|-weather|Sandstorm|[from] ability: Sand Stream|[of] p2b: Tyranitar\n|turn|2\n|\n|t:|1682669013\n|-terastallize|p1a: Chi-Yu|Ghost\n|move|p1a: Chi-Yu|Heat Wave|p2a: Orthworm|[spread] p2a,p2b\n|-resisted|p2a: Orthworm\n|-resisted|p2b: Tyranitar\n|-damage|p2a: Orthworm|22\/100\n|-damage|p2b: Tyranitar|84\/100\n|-status|p2b: Tyranitar|brn\n|-enditem|p2a: Orthworm|Sitrus Berry|[eat]\n|-heal|p2a: Orthworm|47\/100|[from] item: Sitrus Berry\n|move|p2b: Tyranitar|Earthquake|p1a: Chi-Yu|[spread] p1a,p1b\n|-heal|p2a: Orthworm|72\/100|[from] ability: Earth Eater|[of] p2b: Tyranitar\n|-supereffective|p1b: Torkoal\n|-damage|p1a: Chi-Yu|70\/100\n|-damage|p1b: Torkoal|70\/100\n|-damage|p2b: Tyranitar|74\/100 brn|[from] item: Life Orb\n|move|p2a: Orthworm|Iron Defense|p2a: Orthworm\n|-boost|p2a: Orthworm|def|2\n|move|p1b: Torkoal|Yawn||[still]\n|-fail|p1b: Torkoal\n|\n|-weather|Sandstorm|[upkeep]\n|-damage|p1a: Chi-Yu|64\/100|[from] Sandstorm\n|-damage|p2a: Orthworm|66\/100|[from] Sandstorm\n|-damage|p1b: Torkoal|64\/100|[from] Sandstorm\n|-damage|p2b: Tyranitar|69\/100 brn|[from] brn\n|upkeep\n|turn|3\n|c|\u2606CarlettoJack|ma daiii\n|inactive|CarlettoJack has 30 seconds left.\n|\n|t:|1682669044\n|switch|p1b: Flutter Mane|Flutter Mane, L50|100\/100\n|move|p1a: Chi-Yu|Heat Wave|p2a: Orthworm|[spread] p2a\n|-miss|p1a: Chi-Yu|p2b: Tyranitar\n|-resisted|p2a: Orthworm\n|-damage|p2a: Orthworm|35\/100\n|move|p2b: Tyranitar|Rock Slide|p1b: Flutter Mane|[spread] p1a,p1b\n|-damage|p1a: Chi-Yu|30\/100\n|-damage|p1b: Flutter Mane|60\/100\n|-damage|p2b: Tyranitar|59\/100 brn|[from] item: Life Orb\n|move|p2a: Orthworm|Body Press|p1b: Flutter Mane\n|-immune|p1b: Flutter Mane\n|\n|-weather|Sandstorm|[upkeep]\n|-damage|p1a: Chi-Yu|24\/100|[from] Sandstorm\n|-damage|p1b: Flutter Mane|54\/100|[from] Sandstorm\n|-damage|p2a: Orthworm|29\/100|[from] Sandstorm\n|-damage|p2b: Tyranitar|53\/100 brn|[from] brn\n|upkeep\n|turn|4\n|\n|t:|1682669066\n|switch|p1a: Torkoal|Torkoal, L50, M|64\/100\n|-weather|SunnyDay|[from] ability: Drought|[of] p1a: Torkoal\n|-activate|p1b: Flutter Mane|ability: Protosynthesis\n|-start|p1b: Flutter Mane|protosynthesisspe\n|move|p1b: Flutter Mane|Dazzling Gleam|p2b: Tyranitar|[spread] p2a,p2b\n|-resisted|p2a: Orthworm\n|-supereffective|p2b: Tyranitar\n|-damage|p2a: Orthworm|2\/100\n|-damage|p2b: Tyranitar|0 fnt\n|faint|p2b: Tyranitar\n|move|p2a: Orthworm|Heavy Slam|p1b: Flutter Mane\n|-supereffective|p1b: Flutter Mane\n|-damage|p1b: Flutter Mane|0 fnt\n|faint|p1b: Flutter Mane\n|-end|p1b: Flutter Mane|Protosynthesis|[silent]\n|\n|-weather|SunnyDay|[upkeep]\n|upkeep\n|\n|t:|1682669080\n|switch|p1b: Chi-Yu|Chi-Yu, L50, tera:Ghost|24\/100\n|switch|p2b: Houndstone|Houndstone, L50, M|100\/100\n|-ability|p1b: Chi-Yu|Beads of Ruin\n|turn|5\n|\n|t:|1682669092\n|move|p1a: Torkoal|Helping Hand|p1b: Chi-Yu\n|-singleturn|p1b: Chi-Yu|Helping Hand|[of] p1a: Torkoal\n|move|p2b: Houndstone|Shadow Sneak|p1b: Chi-Yu\n|-supereffective|p1b: Chi-Yu\n|-damage|p1b: Chi-Yu|0 fnt\n|faint|p1b: Chi-Yu\n|move|p2a: Orthworm|Body Press|p1a: Torkoal\n|-damage|p1a: Torkoal|27\/100\n|-enditem|p1a: Torkoal|Sitrus Berry|[eat]\n|-heal|p1a: Torkoal|52\/100|[from] item: Sitrus Berry\n|\n|-weather|SunnyDay|[upkeep]\n|upkeep\n|\n|t:|1682669102\n|switch|p1b: Chien-Pao|Chien-Pao, L50|100\/100\n|-ability|p1b: Chien-Pao|Sword of Ruin\n|turn|6\n|\n|t:|1682669115\n|move|p1b: Chien-Pao|Sucker Punch|p2b: Houndstone\n|-supereffective|p2b: Houndstone\n|-damage|p2b: Houndstone|0 fnt\n|faint|p2b: Houndstone\n|move|p2a: Orthworm|Body Press|p1b: Chien-Pao\n|-supereffective|p1b: Chien-Pao\n|-enditem|p1b: Chien-Pao|Focus Sash\n|-damage|p1b: Chien-Pao|1\/100\n|move|p1a: Torkoal|Clear Smog|p2a: Orthworm\n|-damage|p2a: Orthworm|0 fnt\n|-clearboost|p2a: Orthworm\n|faint|p2a: Orthworm\n|\n|win|Prompto88\n|c|\u2606Prompto88|gg\n","uploadtime":1682669141,"views":8,"p1id":"prompto88","p2id":"carlettojack","formatid":"gen9vgc2023regulationc","rating":0,"private":0,"password":""}