{"id":"gen9vgc2023regulationc-1864098182","p1":"vhne","p2":"thrillcorner","format":"[Gen 9] VGC 2023 Regulation C","log":"|j|\u2606vhne\n|j|\u2606thrillcorner\n|t:|1684117080\n|gametype|doubles\n|player|p1|vhne|red|1383\n|player|p2|thrillcorner|red-masters2|1463\n|teamsize|p1|6\n|teamsize|p2|6\n|gen|9\n|tier|[Gen 9] VGC 2023 Regulation C\n|rated|\n|rule|Species Clause: Limit one of each Pok\u00e9mon\n|rule|Item Clause: Limit one of each item\n|clearpoke\n|poke|p1|Volcarona, L50, M|\n|poke|p1|Amoonguss, L50, F|\n|poke|p1|Gyarados, L50, F|\n|poke|p1|Flutter Mane, L50|\n|poke|p1|Iron Hands, L50|\n|poke|p1|Roaring Moon, L50|\n|poke|p2|Arcanine, L50, M|\n|poke|p2|Amoonguss, L50, F|\n|poke|p2|Flutter Mane, L50|\n|poke|p2|Kingambit, L50, F|\n|poke|p2|Baxcalibur, L50, M|\n|poke|p2|Iron Bundle, L50|\n|teampreview|4\nthrillcorner has agreed to open team sheets.\n|inactive|Battle timer is ON: inactive players will automatically lose when time's up. (requested by vhne)\nvhne rejected open team sheets.\n|inactive|thrillcorner has 60 seconds left.\n|\n|t:|1684117138\n|start\n|switch|p1a: Gyarados|Gyarados, L50, F, shiny|100\/100\n|switch|p1b: Flutter Mane|Flutter Mane, L50|100\/100\n|switch|p2a: Ripley|Arcanine, L50, M|100\/100\n|switch|p2b: Spordyceps|Amoonguss, L50, F|100\/100\n|-ability|p2a: Ripley|Intimidate|boost\n|-unboost|p1a: Gyarados|atk|1\n|-unboost|p1b: Flutter Mane|atk|1\n|-ability|p1a: Gyarados|Intimidate|boost\n|-unboost|p2a: Ripley|atk|1\n|-unboost|p2b: Spordyceps|atk|1\n|turn|1\n|inactive|thrillcorner has 30 seconds left.\n|\n|t:|1684117168\n|move|p1b: Flutter Mane|Power Gem|p2a: Ripley\n|-supereffective|p2a: Ripley\n|-damage|p2a: Ripley|21\/100\n|-damage|p1b: Flutter Mane|91\/100|[from] item: Life Orb\n|move|p2a: Ripley|Flare Blitz|p1b: Flutter Mane\n|-damage|p1b: Flutter Mane|35\/100\n|-damage|p2a: Ripley|8\/100|[from] Recoil\n|move|p1a: Gyarados|Taunt|p2b: Spordyceps\n|-start|p2b: Spordyceps|move: Taunt\n|move|p2b: Spordyceps|Pollen Puff|p2a: Ripley\n|-heal|p2a: Ripley|57\/100\n|\n|upkeep\n|turn|2\n|inactive|thrillcorner has 30 seconds left.\n|\n|t:|1684117198\n|switch|p2b: Iron Bundle|Iron Bundle, L50|100\/100\n|-enditem|p2b: Iron Bundle|Booster Energy\n|-activate|p2b: Iron Bundle|ability: Quark Drive|[fromitem]\n|-start|p2b: Iron Bundle|quarkdrivespe\n|move|p1b: Flutter Mane|Protect|p1b: Flutter Mane\n|-singleturn|p1b: Flutter Mane|Protect\n|move|p2a: Ripley|Protect|p2a: Ripley\n|-singleturn|p2a: Ripley|Protect\n|move|p1a: Gyarados|Waterfall|p2a: Ripley\n|-activate|p2a: Ripley|move: Protect\n|\n|upkeep\n|turn|3\n|inactive|thrillcorner has 30 seconds left.\n|\n|t:|1684117226\n|-end|p1b: Flutter Mane|Protosynthesis|[silent]\n|switch|p1b: Iron Hands|Iron Hands, L50|100\/100\n|switch|p2a: Spordyceps|Amoonguss, L50, F|100\/100\n|move|p2b: Iron Bundle|Protect|p2b: Iron Bundle\n|-singleturn|p2b: Iron Bundle|Protect\n|move|p1a: Gyarados|Thunder Wave|p2b: Iron Bundle\n|-activate|p2b: Iron Bundle|move: Protect\n|\n|upkeep\n|turn|4\n|inactive|vhne has 30 seconds left.\n|\n|t:|1684117252\n|-end|p2b: Iron Bundle|Quark Drive|[silent]\n|switch|p2b: Willow|Flutter Mane, L50|100\/100\n|switch|p2a: Ripley|Arcanine, L50, M|57\/100\n|-ability|p2a: Ripley|Intimidate|boost\n|-unboost|p1a: Gyarados|atk|1\n|-unboost|p1b: Iron Hands|atk|1\n|move|p1b: Iron Hands|Fake Out|p2b: Willow\n|-immune|p2b: Willow\n|move|p1a: Gyarados|Thunder Wave|p2b: Willow|[miss]\n|-miss|p1a: Gyarados|p2b: Willow\n|\n|upkeep\n|turn|5\n|\n|t:|1684117270\n|switch|p2a: Spordyceps|Amoonguss, L50, F|100\/100\n|switch|p1a: Amoonguss|Amoonguss, L50, F, shiny|100\/100\n|-terastallize|p2b: Willow|Fairy\n|move|p2b: Willow|Dazzling Gleam|p1a: Amoonguss|[spread] p1a,p1b\n|-resisted|p1a: Amoonguss\n|-supereffective|p1b: Iron Hands\n|-damage|p1a: Amoonguss|74\/100\n|-damage|p1b: Iron Hands|41\/100\n|move|p1b: Iron Hands|Heavy Slam|p2b: Willow\n|-supereffective|p2b: Willow\n|-damage|p2b: Willow|0 fnt\n|faint|p2b: Willow\n|-end|p2b: Willow|Protosynthesis|[silent]\n|\n|upkeep\n|\n|t:|1684117284\n|switch|p2b: Ripley|Arcanine, L50, M|57\/100\n|-ability|p2b: Ripley|Intimidate|boost\n|-unboost|p1a: Amoonguss|atk|1\n|-unboost|p1b: Iron Hands|atk|1\n|turn|6\n|inactive|vhne has 30 seconds left.\n|\n|t:|1684117314\n|move|p2b: Ripley|Flare Blitz|p1a: Amoonguss\n|-supereffective|p1a: Amoonguss\n|-damage|p1a: Amoonguss|4\/100\n|-status|p1a: Amoonguss|brn\n|-damage|p2b: Ripley|41\/100|[from] item: Rocky Helmet|[of] p1a: Amoonguss\n|-damage|p2b: Ripley|16\/100|[from] Recoil\n|move|p1b: Iron Hands|Drain Punch|p2b: Ripley\n|-crit|p2b: Ripley\n|-damage|p2b: Ripley|0 fnt\n|-heal|p1b: Iron Hands|48\/100|[from] drain|[of] p2b: Ripley\n|faint|p2b: Ripley\n|move|p2a: Spordyceps|Pollen Puff|p2: Ripley|[notarget]\n|-fail|p2a: Spordyceps\n|move|p1a: Amoonguss|Pollen Puff|p1b: Iron Hands\n|-heal|p1b: Iron Hands|98\/100\n|\n|-damage|p1a: Amoonguss|0 fnt|[from] brn\n|faint|p1a: Amoonguss\n|upkeep\n|\n|t:|1684117331\n|switch|p2b: Iron Bundle|Iron Bundle, L50|100\/100\n|switch|p1a: Gyarados|Gyarados, L50, F, shiny|100\/100\n|-ability|p1a: Gyarados|Intimidate|boost\n|-unboost|p2a: Spordyceps|atk|1\n|-unboost|p2b: Iron Bundle|atk|1\n|turn|7\n|\n|t:|1684117351\n|move|p2b: Iron Bundle|Freeze-Dry|p1a: Gyarados\n|-supereffective|p1a: Gyarados\n|-damage|p1a: Gyarados|0 fnt\n|faint|p1a: Gyarados\n|move|p1b: Iron Hands|Drain Punch|p2b: Iron Bundle\n|-supereffective|p2b: Iron Bundle\n|-damage|p2b: Iron Bundle|46\/100\n|-heal|p1b: Iron Hands|100\/100|[from] drain|[of] p2b: Iron Bundle\n|move|p2a: Spordyceps|Spore|p1b: Iron Hands\n|-status|p1b: Iron Hands|slp|[from] move: Spore\n|\n|upkeep\n|\n|t:|1684117358\n|switch|p1a: Flutter Mane|Flutter Mane, L50|35\/100\n|turn|8\n|\n|t:|1684117375\n|move|p1a: Flutter Mane|Protect|p1a: Flutter Mane\n|-singleturn|p1a: Flutter Mane|Protect\n|move|p2b: Iron Bundle|Hydro Pump|p1a: Flutter Mane\n|-activate|p1a: Flutter Mane|move: Protect\n|cant|p1b: Iron Hands|slp\n|move|p2a: Spordyceps|Pollen Puff|p2b: Iron Bundle\n|-heal|p2b: Iron Bundle|96\/100\n|\n|upkeep\n|turn|9\n|\n|t:|1684117397\n|-terastallize|p1b: Iron Hands|Grass\n|move|p2a: Spordyceps|Rage Powder|p2a: Spordyceps\n|-singleturn|p2a: Spordyceps|move: Rage Powder\n|move|p2b: Iron Bundle|Hydro Pump|p1a: Flutter Mane\n|-damage|p1a: Flutter Mane|0 fnt\n|faint|p1a: Flutter Mane\n|-end|p1a: Flutter Mane|Protosynthesis|[silent]\n|cant|p1b: Iron Hands|slp\n|\n|upkeep\n|turn|10\n|\n|t:|1684117411\n|move|p2b: Iron Bundle|Freeze-Dry|p1b: Iron Hands\n|-supereffective|p1b: Iron Hands\n|-damage|p1b: Iron Hands|60\/100 slp\n|cant|p1b: Iron Hands|slp\n|move|p2a: Spordyceps|Pollen Puff|p2b: Iron Bundle\n|-heal|p2b: Iron Bundle|100\/100\n|\n|upkeep\n|turn|11\n|\n|t:|1684117422\n|move|p2b: Iron Bundle|Protect|p2b: Iron Bundle\n|-singleturn|p2b: Iron Bundle|Protect\n|-curestatus|p1b: Iron Hands|slp|[msg]\n|move|p1b: Iron Hands|Drain Punch|p2b: Iron Bundle\n|-activate|p2b: Iron Bundle|move: Protect\n|move|p2a: Spordyceps|Pollen Puff|p1b: Iron Hands\n|-supereffective|p1b: Iron Hands\n|-damage|p1b: Iron Hands|42\/100\n|\n|upkeep\n|turn|12\n|\n|t:|1684117441\n|move|p2b: Iron Bundle|Freeze-Dry|p1b: Iron Hands\n|-supereffective|p1b: Iron Hands\n|-damage|p1b: Iron Hands|6\/100\n|move|p1b: Iron Hands|Drain Punch|p2b: Iron Bundle\n|-supereffective|p2b: Iron Bundle\n|-damage|p2b: Iron Bundle|46\/100\n|-heal|p1b: Iron Hands|21\/100|[from] drain|[of] p2b: Iron Bundle\n|move|p2a: Spordyceps|Pollen Puff|p2b: Iron Bundle\n|-heal|p2b: Iron Bundle|96\/100\n|\n|upkeep\n|turn|13\n|c|\u2606thrillcorner|gg\n|\n|t:|1684117461\n|move|p2b: Iron Bundle|Freeze-Dry|p1b: Iron Hands\n|-supereffective|p1b: Iron Hands\n|-damage|p1b: Iron Hands|0 fnt\n|faint|p1b: Iron Hands\n|-end|p1b: Iron Hands|Quark Drive|[silent]\n|\n|win|thrillcorner\n|raw|vhne's rating: 1383 → 1368<\/strong> (-15 for losing)\n|raw|thrillcorner's rating: 1463 → 1478<\/strong> (+15 for winning)\n|l|\u2606vhne\n","uploadtime":1684117469,"views":34,"p1id":"vhne","p2id":"thrillcorner","formatid":"gen9vgc2023regulationc","rating":1368,"private":0,"password":""}