{"id":"gen9vgc2023regulationc-1855093529","p1":"caZISA","p2":"tatsugirl i~","format":"[Gen 9] VGC 2023 Regulation C","log":"|j|\u2606caZISA\n|j|\u2606tatsugirl i~\n|t:|1682900479\n|gametype|doubles\n|player|p1|caZISA|red|\n|player|p2|tatsugirl i~|may-masters|\n|teamsize|p1|6\n|teamsize|p2|6\n|gen|9\n|tier|[Gen 9] VGC 2023 Regulation C\n|rated|Tournament battle\n|rule|Species Clause: Limit one of each Pok\u00e9mon\n|rule|Item Clause: Limit one of each item\n|clearpoke\n|poke|p1|Roaring Moon, L50|\n|poke|p1|Corviknight, L50, M|\n|poke|p1|Flutter Mane, L50|\n|poke|p1|Arcanine, L50, M|\n|poke|p1|Ting-Lu, L50|\n|poke|p1|Rotom-Wash, L50|\n|poke|p2|Kingambit, L50, F|\n|poke|p2|Gyarados, L50, M|\n|poke|p2|Dragapult, L50, M|\n|poke|p2|Flutter Mane, L50|\n|poke|p2|Chi-Yu, L50|\n|poke|p2|Dachsbun, L50, F|\n|teampreview|4\n|raw| Open Team Sheet for caZISA<\/summary>blood Moon (Roaring Moon) @ Booster Energy Ability: Protosynthesis Level: 50 Tera Type: Flying - Throat Chop - Acrobatics - Dragon Claw - Protect Never more (Corviknight) @ Safety Goggles Ability: Mirror Armor Level: 50 Shiny: Yes Tera Type: Dragon - Brave Bird - Tailwind - Roost - Iron Head Khameleon (Flutter Mane) @ Choice Specs Ability: Protosynthesis Level: 50 Tera Type: Fairy - Shadow Ball - Dazzling Gleam - Moonblast - Power Gem Arcanine @ Sitrus Berry Ability: Intimidate Level: 50 Shiny: Yes Tera Type: Normal - Flare Blitz - Extreme Speed - Snarl - Protect Ting-Lu @ Assault Vest Ability: Vessel of Ruin Level: 50 Tera Type: Poison - Ruination - Stomping Tantrum - Heavy Slam - Snarl washer (Rotom-Wash) @ Leftovers Ability: Levitate Level: 50 Tera Type: Electric - Hydro Pump - Thunderbolt - Will-O-Wisp - Protect <\/details><\/div> Open Team Sheet for tatsugirl i~<\/summary>Kingambit @ Safety Goggles Ability: Defiant Level: 50 Tera Type: Fire - Sucker Punch - Iron Head - Kowtow Cleave - Protect Gyarados @ Rocky Helmet Ability: Intimidate Level: 50 Tera Type: Steel - Waterfall - Iron Head - Icy Wind - Protect Dragapult @ Life Orb Ability: Clear Body Level: 50 Tera Type: Steel - Dragon Darts - Phantom Force - Will-O-Wisp - Protect Flutter Mane @ Booster Energy Ability: Protosynthesis Level: 50 Tera Type: Fairy - Shadow Ball - Moonblast - Dazzling Gleam - Protect Chi-Yu @ Charcoal Ability: Beads of Ruin Level: 50 Tera Type: Grass - Lava Plume - Heat Wave - Dark Pulse - Protect Dachsbun @ Leftovers Ability: Well-Baked Body Level: 50 Tera Type: Steel - Body Press - Play Rough - Yawn - Protect <\/details><\/div>\n|j| crimson_requiem5\n|j| Radio Free C-Side\n|j| child Pikachu\n|j| toh1217\n|j| esotilin123456\n|c| Radio Free C-Side|planned crit time\n|j| a12351\n|l| a12351\n|c|\u2606caZISA|glhf\n|c|\u2606tatsugirl i~|im needing a few million crits for this 1\n|c|\u2606tatsugirl i~|u2\n|l| child Pikachu\n|\n|t:|1682900561\n|start\n|switch|p1a: Ting-Lu|Ting-Lu, L50|100\/100\n|switch|p1b: Never more|Corviknight, L50, M, shiny|100\/100\n|switch|p2a: Dragapult|Dragapult, L50, M|100\/100\n|switch|p2b: Flutter Mane|Flutter Mane, L50|100\/100\n|-ability|p1a: Ting-Lu|Vessel of Ruin\n|-enditem|p2b: Flutter Mane|Booster Energy\n|-activate|p2b: Flutter Mane|ability: Protosynthesis|[fromitem]\n|-start|p2b: Flutter Mane|protosynthesisspe\n|turn|1\n|inactive|Battle timer is ON: inactive players will automatically lose when time's up. (requested by caZISA)\n|\n|t:|1682900582\n|move|p2b: Flutter Mane|Protect|p2b: Flutter Mane\n|-singleturn|p2b: Flutter Mane|Protect\n|move|p2a: Dragapult|Will-O-Wisp|p1b: Never more|[miss]\n|-miss|p2a: Dragapult|p1b: Never more\n|move|p1b: Never more|Tailwind|p1b: Never more\n|-sidestart|p1: caZISA|move: Tailwind\n|move|p1a: Ting-Lu|Ruination|p2a: Dragapult\n|-damage|p2a: Dragapult|51\/100\n|\n|upkeep\n|turn|2\n|\n|t:|1682900605\n|move|p2b: Flutter Mane|Moonblast|p1a: Ting-Lu\n|-supereffective|p1a: Ting-Lu\n|-damage|p1a: Ting-Lu|59\/100\n|move|p2a: Dragapult|Will-O-Wisp|p1a: Ting-Lu\n|-status|p1a: Ting-Lu|brn\n|move|p1b: Never more|Brave Bird|p2a: Dragapult\n|-damage|p2a: Dragapult|0 fnt\n|faint|p2a: Dragapult\n|-damage|p1b: Never more|87\/100|[from] Recoil\n|move|p1a: Ting-Lu|Heavy Slam|p2b: Flutter Mane\n|-supereffective|p2b: Flutter Mane\n|-damage|p2b: Flutter Mane|17\/100\n|\n|-damage|p1a: Ting-Lu|53\/100 brn|[from] brn\n|upkeep\n|\n|t:|1682900618\n|switch|p2a: Chi-Yu|Chi-Yu, L50|100\/100\n|-ability|p2a: Chi-Yu|Beads of Ruin\n|turn|3\n|\n|t:|1682900629\n|switch|p1b: Arcanine|Arcanine, L50, M, shiny|100\/100\n|-ability|p1b: Arcanine|Intimidate|boost\n|-unboost|p2a: Chi-Yu|atk|1\n|-unboost|p2b: Flutter Mane|atk|1\n|move|p2b: Flutter Mane|Protect|p2b: Flutter Mane\n|-singleturn|p2b: Flutter Mane|Protect\n|move|p2a: Chi-Yu|Lava Plume|p1b: Arcanine|[spread] p1a,p1b\n|-activate|p2b: Flutter Mane|move: Protect\n|-resisted|p1b: Arcanine\n|-damage|p1a: Ting-Lu|39\/100 brn\n|-damage|p1b: Arcanine|84\/100\n|move|p1a: Ting-Lu|Snarl|p2a: Chi-Yu|[spread] p2a\n|-activate|p2b: Flutter Mane|move: Protect\n|-resisted|p2a: Chi-Yu\n|-damage|p2a: Chi-Yu|97\/100\n|-unboost|p2a: Chi-Yu|spa|1\n|\n|-damage|p1a: Ting-Lu|33\/100 brn|[from] brn\n|upkeep\n|turn|4\n|\n|t:|1682900652\n|switch|p2a: Kingambit|Kingambit, L50, F|100\/100\n|move|p1b: Arcanine|Extreme Speed|p2a: Kingambit\n|-resisted|p2a: Kingambit\n|-damage|p2a: Kingambit|91\/100\n|move|p2b: Flutter Mane|Moonblast|p1a: Ting-Lu\n|-supereffective|p1a: Ting-Lu\n|-damage|p1a: Ting-Lu|0 fnt\n|faint|p1a: Ting-Lu\n|\n|-sideend|p1: caZISA|move: Tailwind\n|upkeep\n|\n|t:|1682900660\n|switch|p1a: Khameleon|Flutter Mane, L50|100\/100\n|turn|5\n|\n|t:|1682900675\n|-end|p1a: Khameleon|Protosynthesis|[silent]\n|switch|p1a: Never more|Corviknight, L50, M, shiny|87\/100\n|-terastallize|p2a: Kingambit|Fire\n|move|p2b: Flutter Mane|Protect|p2b: Flutter Mane\n|-singleturn|p2b: Flutter Mane|Protect\n|move|p1b: Arcanine|Flare Blitz|p2a: Kingambit\n|-resisted|p2a: Kingambit\n|-damage|p2a: Kingambit|68\/100\n|-damage|p1b: Arcanine|75\/100|[from] Recoil\n|move|p2a: Kingambit|Iron Head|p1a: Never more\n|-resisted|p1a: Never more\n|-damage|p1a: Never more|68\/100\n|\n|upkeep\n|turn|6\n|\n|t:|1682900689\n|switch|p2a: Chi-Yu|Chi-Yu, L50|97\/100\n|-ability|p2a: Chi-Yu|Beads of Ruin\n|move|p1b: Arcanine|Extreme Speed|p2a: Chi-Yu\n|-damage|p2a: Chi-Yu|71\/100\n|move|p2b: Flutter Mane|Shadow Ball|p1a: Never more\n|-damage|p1a: Never more|13\/100\n|move|p1a: Never more|Tailwind|p1a: Never more\n|-sidestart|p1: caZISA|move: Tailwind\n|\n|upkeep\n|turn|7\n|\n|t:|1682900707\n|-end|p2b: Flutter Mane|Protosynthesis|[silent]\n|switch|p2b: Kingambit|Kingambit, L50, F, tera:Fire|68\/100\n|move|p1b: Arcanine|Flare Blitz|p2b: Kingambit\n|-resisted|p2b: Kingambit\n|-damage|p2b: Kingambit|47\/100\n|-damage|p1b: Arcanine|68\/100|[from] Recoil\n|move|p1a: Never more|Roost|p1a: Never more\n|-heal|p1a: Never more|63\/100\n|-singleturn|p1a: Never more|move: Roost\n|move|p2a: Chi-Yu|Dark Pulse|p1b: Arcanine\n|-damage|p1b: Arcanine|16\/100\n|-enditem|p1b: Arcanine|Sitrus Berry|[eat]\n|-heal|p1b: Arcanine|40\/100|[from] item: Sitrus Berry\n|\n|upkeep\n|turn|8\n|inactive|tatsugirl i~ has 30 seconds left.\n|\n|t:|1682900735\n|-terastallize|p1a: Never more|Dragon\n|move|p2a: Chi-Yu|Protect|p2a: Chi-Yu\n|-singleturn|p2a: Chi-Yu|Protect\n|move|p1b: Arcanine|Extreme Speed|p2b: Kingambit\n|-damage|p2b: Kingambit|29\/100\n|move|p1a: Never more|Brave Bird|p2a: Chi-Yu\n|-activate|p2a: Chi-Yu|move: Protect\n|move|p2b: Kingambit|Kowtow Cleave|p1b: Arcanine\n|-damage|p1b: Arcanine|0 fnt\n|faint|p1b: Arcanine\n|\n|upkeep\n|\n|t:|1682900738\n|switch|p1b: Khameleon|Flutter Mane, L50|100\/100\n|turn|9\n|\n|t:|1682900755\n|move|p2b: Kingambit|Protect|p2b: Kingambit\n|-singleturn|p2b: Kingambit|Protect\n|move|p1b: Khameleon|Power Gem|p2a: Chi-Yu\n|-supereffective|p2a: Chi-Yu\n|-damage|p2a: Chi-Yu|0 fnt\n|faint|p2a: Chi-Yu\n|move|p1a: Never more|Brave Bird|p2b: Kingambit\n|-activate|p2b: Kingambit|move: Protect\n|\n|-sideend|p1: caZISA|move: Tailwind\n|upkeep\n|\n|t:|1682900763\n|switch|p2a: Flutter Mane|Flutter Mane, L50|17\/100\n|turn|10\n|\n|t:|1682900769\n|move|p2b: Kingambit|Sucker Punch|p1b: Khameleon\n|-damage|p1b: Khameleon|10\/100\n|move|p1b: Khameleon|Power Gem|p2b: Kingambit\n|-supereffective|p2b: Kingambit\n|-damage|p2b: Kingambit|0 fnt\n|faint|p2b: Kingambit\n|move|p2a: Flutter Mane|Moonblast|p1a: Never more\n|-supereffective|p1a: Never more\n|-damage|p1a: Never more|0 fnt\n|faint|p1a: Never more\n|\n|upkeep\n|turn|11\n|c|\u2606caZISA|gg\n|c|\u2606tatsugirl i~|ggwp\n|\n|t:|1682900782\n|move|p1b: Khameleon|Power Gem|p2a: Flutter Mane\n|-damage|p2a: Flutter Mane|0 fnt\n|faint|p2a: Flutter Mane\n|-end|p2a: Flutter Mane|Protosynthesis|[silent]\n|\n|win|caZISA\n|n|\u2606caZISA|cazisa\n|n|\u2606tatsugirl i~|tatsugirli\n|n| crimson_requiem5|crimsonrequiem5\n|n| Radio Free C-Side|radiofreecside\n|n| toh1217|toh1217\n|n| esotilin123456|esotilin123456\n","uploadtime":1682900782,"views":1,"p1id":"cazisa","p2id":"tatsugirli","formatid":"gen9vgc2023regulationc","rating":0,"private":0,"password":""}