{"id":"gen9vgc2023regulationc-1849839111","p1":"TheLegendaryMuffin","p2":"Pnutnoob","format":"[Gen 9] VGC 2023 Regulation C","log":"|j|\u2606TheLegendaryMuffin\n|j|\u2606Pnutnoob\n|t:|1682259093\n|gametype|doubles\n|player|p1|TheLegendaryMuffin|proton|1323\n|player|p2|Pnutnoob|unknown|1292\n|teamsize|p1|6\n|teamsize|p2|6\n|gen|9\n|tier|[Gen 9] VGC 2023 Regulation C\n|rated|\n|rule|Species Clause: Limit one of each Pok\u00e9mon\n|rule|Item Clause: Limit one of each item\n|clearpoke\n|poke|p1|Arcanine, L50, M|\n|poke|p1|Rotom-Wash, L50|\n|poke|p1|Amoonguss, L50, M|\n|poke|p1|Ting-Lu, L50|\n|poke|p1|Flutter Mane, L50|\n|poke|p1|Baxcalibur, L50, F|\n|poke|p2|Great Tusk, L50|\n|poke|p2|Pelipper, L50, F|\n|poke|p2|Palafin, L50, F|\n|poke|p2|Chien-Pao, L50|\n|poke|p2|Amoonguss, L50, F|\n|poke|p2|Gholdengo, L50|\n|teampreview|4\n|\n|t:|1682259145\n|start\n|switch|p1a: Rotom|Rotom-Wash, L50|100\/100\n|switch|p1b: Baxcalibur|Baxcalibur, L50, F|100\/100\n|switch|p2a: Palafin|Palafin, L50, F|100\/100\n|switch|p2b: Amoonguss|Amoonguss, L50, F|100\/100\n|turn|1\n|\n|t:|1682259191\n|switch|p1b: Amoonguss|Amoonguss, L50, M|100\/100\n|move|p2a: Palafin|Protect|p2a: Palafin\n|-singleturn|p2a: Palafin|Protect\n|move|p1a: Rotom|Thunderbolt|p2a: Palafin\n|-activate|p2a: Palafin|move: Protect\n|move|p2b: Amoonguss|Spore|p1a: Rotom\n|-activate|p1a: Rotom|item: Safety Goggles|Spore\n|\n|upkeep\n|turn|2\n|\n|t:|1682259225\n|detailschange|p2a: Palafin|Palafin-Hero, L50, F\n|switch|p2a: Chien-Pao|Chien-Pao, L50|100\/100\n|-ability|p2a: Chien-Pao|Sword of Ruin\n|move|p1a: Rotom|Hydro Pump|p2a: Chien-Pao\n|-damage|p2a: Chien-Pao|31\/100\n|move|p2b: Amoonguss|Pollen Puff|p2a: Chien-Pao\n|-heal|p2a: Chien-Pao|81\/100\n|move|p1b: Amoonguss|Spore|p2a: Chien-Pao\n|-status|p2a: Chien-Pao|slp|[from] move: Spore\n|\n|upkeep\n|turn|3\n|\n|t:|1682259263\n|cant|p2a: Chien-Pao|slp\n|move|p1a: Rotom|Thunder Wave|p2b: Amoonguss\n|-status|p2b: Amoonguss|par\n|move|p1b: Amoonguss|Pollen Puff|p2a: Chien-Pao\n|-supereffective|p2a: Chien-Pao\n|-damage|p2a: Chien-Pao|32\/100 slp\n|move|p2b: Amoonguss|Pollen Puff|p2a: Chien-Pao\n|-heal|p2a: Chien-Pao|82\/100 slp\n|\n|upkeep\n|turn|4\n|\n|t:|1682259295\n|switch|p2a: Gholdengo|Gholdengo, L50|100\/100\n|move|p1b: Amoonguss|Protect|p1b: Amoonguss\n|-singleturn|p1b: Amoonguss|Protect\n|move|p1a: Rotom|Thunderbolt|p2a: Gholdengo\n|-damage|p2a: Gholdengo|55\/100\n|-status|p2a: Gholdengo|par\n|move|p2b: Amoonguss|Pollen Puff|p2a: Gholdengo\n|-heal|p2a: Gholdengo|100\/100 par\n|\n|upkeep\n|turn|5\n|\n|t:|1682259337\n|switch|p1b: Baxcalibur|Baxcalibur, L50, F|100\/100\n|move|p2b: Amoonguss|Rage Powder|p2b: Amoonguss\n|-singleturn|p2b: Amoonguss|move: Rage Powder\n|move|p1a: Rotom|Hydro Pump|p2a: Gholdengo\n|-damage|p2a: Gholdengo|47\/100 par\n|cant|p2a: Gholdengo|par\n|\n|upkeep\n|turn|6\n|\n|t:|1682259391\n|switch|p2a: Palafin|Palafin-Hero, L50, F|100\/100\n|-activate|p2a: Palafin|ability: Zero to Hero\n|move|p1b: Baxcalibur|Protect|p1b: Baxcalibur\n|-singleturn|p1b: Baxcalibur|Protect\n|move|p1a: Rotom|Hydro Pump|p2a: Palafin\n|-resisted|p2a: Palafin\n|-damage|p2a: Palafin|77\/100\n|cant|p2b: Amoonguss|par\n|\n|upkeep\n|turn|7\n|\n|t:|1682259407\n|switch|p1b: Amoonguss|Amoonguss, L50, M|100\/100\n|move|p2a: Palafin|Protect|p2a: Palafin\n|-singleturn|p2a: Palafin|Protect\n|move|p1a: Rotom|Thunderbolt|p2a: Palafin\n|-activate|p2a: Palafin|move: Protect\n|cant|p2b: Amoonguss|par\n|\n|upkeep\n|turn|8\n|\n|t:|1682259460\n|switch|p2a: Chien-Pao|Chien-Pao, L50|82\/100 slp\n|-ability|p2a: Chien-Pao|Sword of Ruin\n|move|p1a: Rotom|Thunderbolt|p2a: Chien-Pao\n|-damage|p2a: Chien-Pao|27\/100 slp\n|move|p1b: Amoonguss|Pollen Puff|p2a: Chien-Pao\n|-supereffective|p2a: Chien-Pao\n|-damage|p2a: Chien-Pao|0 fnt\n|faint|p2a: Chien-Pao\n|cant|p2b: Amoonguss|par\n|\n|upkeep\n|\n|t:|1682259482\n|switch|p2a: Gholdengo|Gholdengo, L50|47\/100 par\n|turn|9\n|\n|t:|1682259512\n|-terastallize|p2a: Gholdengo|Water\n|move|p1a: Rotom|Thunderbolt|p2a: Gholdengo\n|-supereffective|p2a: Gholdengo\n|-damage|p2a: Gholdengo|0 fnt\n|faint|p2a: Gholdengo\n|move|p1b: Amoonguss|Pollen Puff|p2b: Amoonguss\n|-damage|p2b: Amoonguss|83\/100 par\n|cant|p2b: Amoonguss|par\n|\n|upkeep\n|-message|Pnutnoob forfeited.\n|\n|win|TheLegendaryMuffin\n|raw|TheLegendaryMuffin's rating: 1323 → 1341<\/strong> (+18 for winning)\n|raw|Pnutnoob's rating: 1292 → 1269<\/strong> (-23 for losing)\n|l|\u2606Pnutnoob\n","uploadtime":1682259539,"views":16,"p1id":"thelegendarymuffin","p2id":"pnutnoob","formatid":"gen9vgc2023regulationc","rating":1269,"private":0,"password":""}