{"id":"gen9vgc2023regulationc-1859529503","p1":"Poopyfartkingtrue","p2":"DuskDevoir","format":"[Gen 9] VGC 2023 Regulation C","log":"|j|\u2606Poopyfartkingtrue\n|j|\u2606DuskDevoir\n|t:|1683536364\n|gametype|doubles\n|player|p1|Poopyfartkingtrue|li|1103\n|player|p2|DuskDevoir|bellelba|1138\n|teamsize|p1|6\n|teamsize|p2|6\n|gen|9\n|tier|[Gen 9] VGC 2023 Regulation C\n|rated|\n|rule|Species Clause: Limit one of each Pok\u00e9mon\n|rule|Item Clause: Limit one of each item\n|clearpoke\n|poke|p1|Riolu, L50, M|\n|poke|p1|Muk, L50, F|\n|poke|p1|Qwilfish, L50, F|\n|poke|p1|Klefki, L50, F|\n|poke|p1|Scream Tail, L50|\n|poke|p1|Avalugg, L50, F|\n|poke|p2|Scream Tail, L50|\n|poke|p2|Grimmsnarl, L50, M|\n|poke|p2|Chien-Pao, L50|\n|poke|p2|Tauros-Paldea-Blaze, L50, M|\n|poke|p2|Florges, L50, F|\n|poke|p2|Wo-Chien, L50|\n|teampreview|4\n|\n|t:|1683536401\n|start\n|switch|p1a: Klekfi|Klefki, L50, F|100\/100\n|switch|p1b: Qwiflish|Qwilfish, L50, F|100\/100\n|switch|p2a: Scream Tail|Scream Tail, L50|100\/100\n|switch|p2b: Chien-Pao|Chien-Pao, L50|100\/100\n|-ability|p2b: Chien-Pao|Sword of Ruin\n|-enditem|p2a: Scream Tail|Booster Energy\n|-activate|p2a: Scream Tail|ability: Protosynthesis|[fromitem]\n|-start|p2a: Scream Tail|protosynthesisspe\n|turn|1\n|\n|t:|1683536429\n|-terastallize|p1b: Qwiflish|Water\n|move|p2b: Chien-Pao|Protect|p2b: Chien-Pao\n|-singleturn|p2b: Chien-Pao|Protect\n|move|p1a: Klekfi|Rain Dance|p1a: Klekfi\n|-weather|RainDance\n|move|p1b: Qwiflish|Liquidation|p2b: Chien-Pao\n|-activate|p2b: Chien-Pao|move: Protect\n|move|p2a: Scream Tail|Misty Terrain|p2a: Scream Tail\n|-fieldstart|move: Misty Terrain\n|\n|-weather|RainDance|[upkeep]\n|upkeep\n|turn|2\n|\n|t:|1683536471\n|switch|p2b: Wo-Chien|Wo-Chien, L50|100\/100\n|-ability|p2b: Wo-Chien|Tablets of Ruin\n|switch|p1a: Muhk|Muk, L50, F|100\/100\n|move|p1b: Qwiflish|Liquidation|p2b: Wo-Chien\n|-resisted|p2b: Wo-Chien\n|-damage|p2b: Wo-Chien|73\/100\n|move|p2a: Scream Tail|Psychic Fangs|p1b: Qwiflish\n|-damage|p1b: Qwiflish|78\/100\n|\n|-weather|RainDance|[upkeep]\n|upkeep\n|turn|3\n|\n|t:|1683536511\n|-terastallize|p2b: Wo-Chien|Water\n|move|p1b: Qwiflish|Poison Jab|p2b: Wo-Chien\n|-crit|p2b: Wo-Chien\n|-damage|p2b: Wo-Chien|35\/100\n|move|p2a: Scream Tail|Encore|p1b: Qwiflish\n|-start|p1b: Qwiflish|Encore\n|move|p2b: Wo-Chien|Giga Drain|p1b: Qwiflish\n|-supereffective|p1b: Qwiflish\n|-damage|p1b: Qwiflish|0 fnt\n|-heal|p2b: Wo-Chien|66\/100|[from] drain|[of] p1b: Qwiflish\n|faint|p1b: Qwiflish\n|move|p1a: Muhk|Toxic|p2a: Scream Tail\n|-activate|p2a: Scream Tail|move: Misty Terrain\n|\n|-weather|RainDance|[upkeep]\n|upkeep\n|\n|t:|1683536527\n|switch|p1b: Scraem Tail|Scream Tail, L50|100\/100\n|-enditem|p1b: Scraem Tail|Booster Energy\n|-activate|p1b: Scraem Tail|ability: Protosynthesis|[fromitem]\n|-start|p1b: Scraem Tail|protosynthesisdef\n|turn|4\n|\n|t:|1683536539\n|move|p2a: Scream Tail|Encore|p1a: Muhk\n|-start|p1a: Muhk|Encore\n|move|p1b: Scraem Tail|Wish|p1b: Scraem Tail\n|move|p2b: Wo-Chien|Tera Blast|p1b: Scraem Tail\n|-crit|p1b: Scraem Tail\n|-damage|p1b: Scraem Tail|47\/100\n|move|p1a: Muhk|Toxic|p2b: Wo-Chien\n|-activate|p2b: Wo-Chien|move: Misty Terrain\n|\n|-weather|RainDance|[upkeep]\n|upkeep\n|turn|5\n|c|\u2606Poopyfartkingtrue|Oh ok thats what misty terrain was for\n|\n|t:|1683536566\n|move|p2a: Scream Tail|Encore|p1b: Scraem Tail\n|-start|p1b: Scraem Tail|Encore\n|move|p1b: Scraem Tail|Wish||[still]\n|-fail|p1b: Scraem Tail\n|move|p2b: Wo-Chien|Tera Blast|p1a: Muhk\n|-damage|p1a: Muhk|54\/100\n|move|p1a: Muhk|Toxic|p2b: Wo-Chien\n|-activate|p2b: Wo-Chien|move: Misty Terrain\n|\n|-weather|RainDance|[upkeep]\n|-heal|p1b: Scraem Tail|97\/100|[from] move: Wish|[wisher] Scraem Tail\n|-heal|p1a: Muhk|60\/100|[from] item: Black Sludge\n|-fieldend|Misty Terrain\n|upkeep\n|turn|6\n|\n|t:|1683536585\n|move|p2a: Scream Tail|Misty Terrain|p2a: Scream Tail\n|-fieldstart|move: Misty Terrain\n|move|p1b: Scraem Tail|Wish|p1b: Scraem Tail\n|move|p2b: Wo-Chien|Tera Blast|p1a: Muhk\n|-damage|p1a: Muhk|19\/100\n|move|p1a: Muhk|Toxic|p2a: Scream Tail\n|-activate|p2a: Scream Tail|move: Misty Terrain\n|\n|-weather|RainDance|[upkeep]\n|-heal|p1a: Muhk|25\/100|[from] item: Black Sludge\n|-end|p1a: Muhk|Encore\n|upkeep\n|turn|7\n|\n|t:|1683536608\n|move|p2a: Scream Tail|Psychic Fangs|p1b: Scraem Tail\n|-resisted|p1b: Scraem Tail\n|-damage|p1b: Scraem Tail|93\/100\n|move|p1b: Scraem Tail|Wish||[still]\n|-fail|p1b: Scraem Tail\n|move|p2b: Wo-Chien|Tera Blast|p1a: Muhk\n|-damage|p1a: Muhk|0 fnt\n|faint|p1a: Muhk\n|\n|-weather|RainDance|[upkeep]\n|-heal|p1b: Scraem Tail|100\/100|[from] move: Wish|[wisher] Scraem Tail\n|-end|p1b: Scraem Tail|Encore\n|upkeep\n|\n|t:|1683536619\n|switch|p1a: Klekfi|Klefki, L50, F|100\/100\n|turn|8\n|\n|t:|1683536627\n|move|p2a: Scream Tail|Encore|p1b: Scraem Tail\n|-start|p1b: Scraem Tail|Encore\n|move|p1b: Scraem Tail|Wish|p1b: Scraem Tail\n|move|p1a: Klekfi|Draining Kiss|p2b: Wo-Chien\n|-damage|p2b: Wo-Chien|54\/100\n|move|p2b: Wo-Chien|Tera Blast|p1a: Klekfi\n|-damage|p1a: Klekfi|44\/100\n|\n|-weather|none\n|upkeep\n|turn|9\n|\n|t:|1683536648\n|move|p2a: Scream Tail|Howl|p2a: Scream Tail|[spread] p2a,p2b\n|-boost|p2a: Scream Tail|atk|1\n|-boost|p2b: Wo-Chien|atk|1\n|move|p1b: Scraem Tail|Wish||[still]\n|-fail|p1b: Scraem Tail\n|move|p1a: Klekfi|Draining Kiss|p2b: Wo-Chien\n|-damage|p2b: Wo-Chien|42\/100\n|-heal|p1a: Klekfi|54\/100|[from] drain|[of] p2b: Wo-Chien\n|move|p2b: Wo-Chien|Tera Blast|p1a: Klekfi\n|-damage|p1a: Klekfi|17\/100\n|\n|upkeep\n|turn|10\n|\n|t:|1683536669\n|move|p2a: Scream Tail|Howl|p2a: Scream Tail|[spread] p2a,p2b\n|-boost|p2a: Scream Tail|atk|1\n|-boost|p2b: Wo-Chien|atk|1\n|move|p1b: Scraem Tail|Wish|p1b: Scraem Tail\n|move|p1a: Klekfi|Draining Kiss|p2b: Wo-Chien\n|-damage|p2b: Wo-Chien|29\/100\n|-heal|p1a: Klekfi|27\/100|[from] drain|[of] p2b: Wo-Chien\n|move|p2b: Wo-Chien|Tera Blast|p1a: Klekfi\n|-damage|p1a: Klekfi|0 fnt\n|faint|p1a: Klekfi\n|\n|-end|p1b: Scraem Tail|Encore\n|-fieldend|Misty Terrain\n|upkeep\n|turn|11\n|\n|t:|1683536687\n|move|p2a: Scream Tail|Encore|p1b: Scraem Tail\n|-start|p1b: Scraem Tail|Encore\n|move|p1b: Scraem Tail|Wish||[still]\n|-fail|p1b: Scraem Tail\n|move|p2b: Wo-Chien|Giga Drain|p1b: Scraem Tail\n|-damage|p1b: Scraem Tail|80\/100\n|-heal|p2b: Wo-Chien|42\/100|[from] drain|[of] p1b: Scraem Tail\n|\n|-heal|p1b: Scraem Tail|100\/100|[from] move: Wish|[wisher] Scraem Tail\n|upkeep\n|turn|12\n|\n|t:|1683536704\n|-end|p2a: Scream Tail|Protosynthesis|[silent]\n|switch|p2a: Florges|Florges, L50, F, shiny|100\/100\n|move|p1b: Scraem Tail|Wish|p1b: Scraem Tail\n|move|p2b: Wo-Chien|Snarl|p1b: Scraem Tail\n|-damage|p1b: Scraem Tail|86\/100\n|-unboost|p1b: Scraem Tail|spa|1\n|\n|upkeep\n|turn|13\n|\n|t:|1683536718\n|move|p1b: Scraem Tail|Wish||[still]\n|-fail|p1b: Scraem Tail\n|move|p2a: Florges|Pollen Puff|p2b: Wo-Chien\n|-heal|p2b: Wo-Chien|92\/100\n|move|p2b: Wo-Chien|Snarl|p1b: Scraem Tail\n|-damage|p1b: Scraem Tail|68\/100\n|-unboost|p1b: Scraem Tail|spa|1\n|\n|-heal|p1b: Scraem Tail|100\/100|[from] move: Wish|[wisher] Scraem Tail\n|-end|p1b: Scraem Tail|Encore\n|upkeep\n|turn|14\n|\n|t:|1683536735\n|move|p1b: Scraem Tail|Howl|p1b: Scraem Tail\n|-boost|p1b: Scraem Tail|atk|1\n|move|p2a: Florges|Petal Blizzard|p1b: Scraem Tail|[spread] p2b,p1b\n|-supereffective|p2b: Wo-Chien\n|-damage|p2b: Wo-Chien|78\/100\n|-damage|p1b: Scraem Tail|96\/100\n|-enditem|p2b: Wo-Chien|Weakness Policy\n|-boost|p2b: Wo-Chien|atk|2|[from] item: Weakness Policy\n|-boost|p2b: Wo-Chien|spa|2|[from] item: Weakness Policy\n|-activate|p2a: Florges|ability: Symbiosis|Leftovers|[of] p2b: Wo-Chien\n|move|p2b: Wo-Chien|Tera Blast|p1b: Scraem Tail\n|-damage|p1b: Scraem Tail|45\/100\n|\n|-heal|p2b: Wo-Chien|84\/100|[from] item: Leftovers\n|upkeep\n|turn|15\n|\n|t:|1683536754\n|move|p1b: Scraem Tail|Howl|p1b: Scraem Tail\n|-boost|p1b: Scraem Tail|atk|1\n|move|p2a: Florges|Dazzling Gleam|p1b: Scraem Tail\n|-damage|p1b: Scraem Tail|27\/100\n|move|p2b: Wo-Chien|Tera Blast|p1b: Scraem Tail\n|-damage|p1b: Scraem Tail|0 fnt\n|faint|p1b: Scraem Tail\n|-end|p1b: Scraem Tail|Protosynthesis|[silent]\n|\n|win|DuskDevoir\n|raw|Poopyfartkingtrue's rating: 1103 → 1081<\/strong> (-22 for losing)\n|raw|DuskDevoir's rating: 1138 → 1160<\/strong> (+22 for winning)\n|l|\u2606Poopyfartkingtrue\n","uploadtime":1683536766,"views":10,"p1id":"poopyfartkingtrue","p2id":"duskdevoir","formatid":"gen9vgc2023regulationc","rating":1081,"private":0,"password":""}