{"id":"gen9vgc2023regulationc-1849051039","p1":"marioman6444","p2":"antolin19","format":"[Gen 9] VGC 2023 Regulation C","log":"|j|\u2606marioman6444\n|j|\u2606antolin19\n|t:|1682145637\n|gametype|doubles\n|player|p1|marioman6444|hoopster|1368\n|player|p2|antolin19|102|1388\n|teamsize|p1|6\n|teamsize|p2|6\n|gen|9\n|tier|[Gen 9] VGC 2023 Regulation C\n|rated|\n|rule|Species Clause: Limit one of each Pok\u00e9mon\n|rule|Item Clause: Limit one of each item\n|clearpoke\n|poke|p1|Garchomp, L50, F|\n|poke|p1|Iron Bundle, L50|\n|poke|p1|Flutter Mane, L50|\n|poke|p1|Ting-Lu, L50|\n|poke|p1|Amoonguss, L50, M|\n|poke|p1|Kingambit, L50, F|\n|poke|p2|Flutter Mane, L50|\n|poke|p2|Iron Bundle, L50|\n|poke|p2|Amoonguss, L50, M|\n|poke|p2|Palafin, L50, F|\n|poke|p2|Garchomp, L50, M|\n|poke|p2|Annihilape, L50, M|\n|teampreview|4\n|inactive|Battle timer is ON: inactive players will automatically lose when time's up. (requested by marioman6444)\n|inactive|marioman6444 has 60 seconds left.\n|inactive|antolin19 has 60 seconds left.\n|\n|t:|1682145697\n|start\n|switch|p1a: G-Girl|Garchomp, L50, F, shiny|100\/100\n|switch|p1b: Happy Happy|Iron Bundle, L50|100\/100\n|switch|p2a: Iron Bundle|Iron Bundle, L50|100\/100\n|switch|p2b: Garchomp|Garchomp, L50, M|100\/100\n|-enditem|p2a: Iron Bundle|Booster Energy\n|-activate|p2a: Iron Bundle|ability: Quark Drive|[fromitem]\n|-start|p2a: Iron Bundle|quarkdrivespe\n|-enditem|p1b: Happy Happy|Booster Energy\n|-activate|p1b: Happy Happy|ability: Quark Drive|[fromitem]\n|-start|p1b: Happy Happy|quarkdrivespe\n|turn|1\n|\n|t:|1682145718\n|-terastallize|p1a: G-Girl|Steel\n|move|p2b: Garchomp|Protect|p2b: Garchomp\n|-singleturn|p2b: Garchomp|Protect\n|move|p1b: Happy Happy|Icy Wind|p2a: Iron Bundle|[spread] p2a\n|-activate|p2b: Garchomp|move: Protect\n|-resisted|p2a: Iron Bundle\n|-crit|p2a: Iron Bundle\n|-damage|p2a: Iron Bundle|86\/100\n|-unboost|p2a: Iron Bundle|spe|1\n|move|p2a: Iron Bundle|Freeze-Dry|p1b: Happy Happy\n|-damage|p1b: Happy Happy|34\/100\n|move|p1a: G-Girl|Swords Dance|p1a: G-Girl\n|-boost|p1a: G-Girl|atk|2\n|\n|upkeep\n|turn|2\n|c|\u2606marioman6444|GLHF\n|inactive|marioman6444 has 30 seconds left.\n|inactive|antolin19 has 30 seconds left.\n|j| THUNDERSND77\n|inactive|marioman6444 has 20 seconds left.\n|inactive|antolin19 has 20 seconds left.\n|\n|t:|1682145758\n|switch|p2b: Annihilape|Annihilape, L50, M|100\/100\n|move|p1b: Happy Happy|Encore||[still]\n|-fail|p1b: Happy Happy\n|move|p2a: Iron Bundle|Icy Wind|p1b: Happy Happy|[spread] p1a,p1b\n|-resisted|p1a: G-Girl\n|-resisted|p1b: Happy Happy\n|-damage|p1a: G-Girl|93\/100\n|-damage|p1b: Happy Happy|24\/100\n|-unboost|p1b: Happy Happy|spe|1\n|move|p1a: G-Girl|Stomping Tantrum|p2b: Annihilape\n|-damage|p2b: Annihilape|36\/100\n|\n|-heal|p2b: Annihilape|42\/100|[from] item: Leftovers\n|upkeep\n|turn|3\n|inactive|marioman6444 has 30 seconds left.\n|inactive|antolin19 has 30 seconds left.\n|\n|t:|1682145789\n|move|p2b: Annihilape|Protect|p2b: Annihilape\n|-singleturn|p2b: Annihilape|Protect\n|move|p1b: Happy Happy|Encore|p2a: Iron Bundle\n|-start|p2a: Iron Bundle|Encore\n|move|p2a: Iron Bundle|Icy Wind|p1a: G-Girl|[spread] p1a,p1b\n|-resisted|p1a: G-Girl\n|-resisted|p1b: Happy Happy\n|-damage|p1a: G-Girl|85\/100\n|-damage|p1b: Happy Happy|13\/100\n|-unboost|p1b: Happy Happy|spe|1\n|move|p1a: G-Girl|Stomping Tantrum|p2b: Annihilape\n|-activate|p2b: Annihilape|move: Protect\n|\n|-heal|p2b: Annihilape|48\/100|[from] item: Leftovers\n|upkeep\n|turn|4\n|inactive|marioman6444 has 30 seconds left.\n|inactive|marioman6444 has 20 seconds left.\n|inactive|marioman6444 has 15 seconds left.\n|\n|t:|1682145831\n|switch|p2b: Amoonguss|Amoonguss, L50, M|100\/100\n|move|p2a: Iron Bundle|Icy Wind|p1a: G-Girl|[spread] p1a,p1b\n|-resisted|p1a: G-Girl\n|-resisted|p1b: Happy Happy\n|-damage|p1a: G-Girl|78\/100\n|-damage|p1b: Happy Happy|3\/100\n|-unboost|p1b: Happy Happy|spe|1\n|move|p1a: G-Girl|Stomping Tantrum|p2b: Amoonguss\n|-damage|p2b: Amoonguss|54\/100\n|-damage|p1a: G-Girl|62\/100|[from] item: Rocky Helmet|[of] p2b: Amoonguss\n|move|p1b: Happy Happy|Freeze-Dry|p2a: Iron Bundle\n|-damage|p2a: Iron Bundle|8\/100\n|\n|upkeep\n|turn|5\n|inactive|marioman6444 has 30 seconds left.\n|c|\u2606marioman6444|Whos ya friend?\n|inactive|marioman6444 has 20 seconds left.\n|inactiveoff|Battle timer is now OFF.\n|c|\u2606antolin19|no clue\n|c|\u2606antolin19|why off\n|\n|t:|1682145916\n|-end|p1b: Happy Happy|Quark Drive|[silent]\n|switch|p1b: Kingambit|Kingambit, L50, F|100\/100\n|move|p2a: Iron Bundle|Icy Wind|p1a: G-Girl|[spread] p1b\n|-miss|p2a: Iron Bundle|p1a: G-Girl\n|-resisted|p1b: Kingambit\n|-damage|p1b: Kingambit|90\/100\n|-unboost|p1b: Kingambit|spe|1\n|-ability|p1b: Kingambit|Defiant|boost\n|-boost|p1b: Kingambit|atk|2\n|move|p1a: G-Girl|Rock Slide|p2b: Amoonguss|[spread] p2a,p2b\n|-supereffective|p2a: Iron Bundle\n|-damage|p2a: Iron Bundle|0 fnt\n|-damage|p2b: Amoonguss|29\/100\n|faint|p2a: Iron Bundle\n|-end|p2a: Iron Bundle|Quark Drive|[silent]\n|move|p2b: Amoonguss|Spore|p1a: G-Girl\n|-status|p1a: G-Girl|slp|[from] move: Spore\n|\n|upkeep\n|\n|t:|1682145932\n|switch|p2a: Annihilape|Annihilape, L50, M|48\/100\n|turn|6\n|\n|t:|1682145951\n|move|p2b: Amoonguss|Rage Powder|p2b: Amoonguss\n|-singleturn|p2b: Amoonguss|move: Rage Powder\n|move|p1b: Kingambit|Sucker Punch|p2a: Annihilape\n|-damage|p2a: Annihilape|0 fnt\n|faint|p2a: Annihilape\n|cant|p1a: G-Girl|slp\n|\n|upkeep\n|\n|t:|1682145958\n|switch|p2a: Garchomp|Garchomp, L50, M|100\/100\n|turn|7\n|\n|t:|1682145977\n|switch|p1b: Amoonguss|Amoonguss, L50, M|100\/100\n|move|p2a: Garchomp|Protect|p2a: Garchomp\n|-singleturn|p2a: Garchomp|Protect\n|cant|p1a: G-Girl|slp\n|move|p2b: Amoonguss|Spore|p1b: Amoonguss\n|-immune|p1b: Amoonguss\n|\n|upkeep\n|turn|8\n|\n|t:|1682146008\n|move|p2a: Garchomp|Earthquake|p1a: G-Girl|[spread] p2b,p1a,p1b\n|-supereffective|p1a: G-Girl\n|-damage|p2b: Amoonguss|0 fnt\n|-damage|p1a: G-Girl|0 fnt\n|-damage|p1b: Amoonguss|70\/100\n|faint|p2b: Amoonguss\n|faint|p1a: G-Girl\n|move|p1b: Amoonguss|Scary Face|p2a: Garchomp\n|-fail|p2a: Garchomp|unboost|[from] item: Clear Amulet|[of] p2a: Garchomp\n|\n|upkeep\n|\n|t:|1682146021\n|switch|p1a: Happy Happy|Iron Bundle, L50|3\/100\n|turn|9\n|\n|t:|1682146035\n|-terastallize|p2a: Garchomp|Fire\n|move|p1a: Happy Happy|Protect|p1a: Happy Happy\n|-singleturn|p1a: Happy Happy|Protect\n|move|p2a: Garchomp|Rock Slide|p1b: Amoonguss|[spread] p1b\n|-activate|p1a: Happy Happy|move: Protect\n|-damage|p1b: Amoonguss|55\/100\n|move|p1b: Amoonguss|Spore|p2a: Garchomp\n|-status|p2a: Garchomp|slp|[from] move: Spore\n|\n|upkeep\n|turn|10\n|\n|t:|1682146066\n|switch|p1b: Kingambit|Kingambit, L50, F|90\/100\n|move|p1a: Happy Happy|Encore|p2a: Garchomp\n|-start|p2a: Garchomp|Encore\n|cant|p2a: Garchomp|slp\n|\n|upkeep\n|turn|11\n|-message|antolin19 forfeited.\n|\n|win|marioman6444\n|raw|marioman6444's rating: 1368 → 1389<\/strong> (+21 for winning)\n|raw|antolin19's rating: 1388 → 1367<\/strong> (-21 for losing)\n|l|\u2606antolin19\n|c|\u2606marioman6444|Gg\n|l| THUNDERSND77\n","uploadtime":1682146114,"views":4,"p1id":"marioman6444","p2id":"antolin19","formatid":"gen9vgc2023regulationc","rating":1367,"private":0,"password":""}