{"id":"gen9vgc2023regulationc-1860546757","p1":"littensalt","p2":"Sorenjedi","format":"[Gen 9] VGC 2023 Regulation C","log":"|j|\u2606littensalt\n|j|\u2606Sorenjedi\n|t:|1683653452\n|gametype|doubles\n|player|p1|littensalt|hugh|1102\n|player|p2|Sorenjedi|265|1096\n|teamsize|p1|6\n|teamsize|p2|6\n|gen|9\n|tier|[Gen 9] VGC 2023 Regulation C\n|rated|\n|rule|Species Clause: Limit one of each Pok\u00e9mon\n|rule|Item Clause: Limit one of each item\n|clearpoke\n|poke|p1|Indeedee-F, L50, F|\n|poke|p1|Armarouge, L50, F|\n|poke|p1|Gholdengo, L50|\n|poke|p1|Murkrow, L50, M|\n|poke|p1|Meowscarada, L50, F|\n|poke|p1|Great Tusk, L50|\n|poke|p2|Sandaconda, L50, M|\n|poke|p2|Garchomp, L50, F|\n|poke|p2|Tyranitar, L50, F|\n|poke|p2|Orthworm, L50, F|\n|poke|p2|Hippowdon, L50, M|\n|poke|p2|Maushold-Four, L50|\n|teampreview|4\n|inactive|Battle timer is ON: inactive players will automatically lose when time's up. (requested by Sorenjedi)\n|\n|t:|1683653477\n|start\n|switch|p1a: Murkrow|Murkrow, L50, M|100\/100\n|switch|p1b: Gholdengo|Gholdengo, L50|100\/100\n|switch|p2a: Sandaconda|Sandaconda, L50, M|100\/100\n|switch|p2b: Tyranitar|Tyranitar, L50, F|100\/100\n|-weather|Sandstorm|[from] ability: Sand Stream|[of] p2b: Tyranitar\n|turn|1\n|\n|t:|1683653495\n|switch|p2b: Orthworm|Orthworm, L50, F|100\/100\n|move|p1a: Murkrow|Tailwind|p1a: Murkrow\n|-sidestart|p1: littensalt|move: Tailwind\n|move|p1b: Gholdengo|Make It Rain|p2b: Orthworm|[spread] p2a,p2b\n|-resisted|p2b: Orthworm\n|-damage|p2a: Sandaconda|55\/100\n|-damage|p2b: Orthworm|62\/100\n|-unboost|p1b: Gholdengo|spa|1\n|move|p2a: Sandaconda|Minimize|p2a: Sandaconda\n|-boost|p2a: Sandaconda|evasion|2\n|\n|-weather|Sandstorm|[upkeep]\n|-damage|p1a: Murkrow|95\/100|[from] Sandstorm\n|-heal|p2a: Sandaconda|61\/100|[from] item: Leftovers\n|upkeep\n|turn|2\n|\n|t:|1683653514\n|move|p1a: Murkrow|Haze|p1a: Murkrow\n|-clearallboost\n|move|p1b: Gholdengo|Nasty Plot|p1b: Gholdengo\n|-boost|p1b: Gholdengo|spa|2\n|move|p2a: Sandaconda|Substitute|p2a: Sandaconda\n|-start|p2a: Sandaconda|Substitute\n|-damage|p2a: Sandaconda|37\/100\n|move|p2b: Orthworm|Substitute|p2b: Orthworm\n|-start|p2b: Orthworm|Substitute\n|-damage|p2b: Orthworm|37\/100\n|\n|-weather|Sandstorm|[upkeep]\n|-damage|p1a: Murkrow|89\/100|[from] Sandstorm\n|-heal|p2a: Sandaconda|43\/100|[from] item: Leftovers\n|upkeep\n|turn|3\n|inactive|littensalt has 30 seconds left.\n|inactive|Sorenjedi has 30 seconds left.\n|\n|t:|1683653546\n|move|p2b: Orthworm|Protect|p2b: Orthworm\n|-singleturn|p2b: Orthworm|Protect\n|move|p1b: Gholdengo|Shadow Ball|p2a: Sandaconda\n|-end|p2a: Sandaconda|Substitute\n|move|p1a: Murkrow|U-turn|p2a: Sandaconda|[miss]\n|-miss|p1a: Murkrow|p2a: Sandaconda\n|move|p2a: Sandaconda|Minimize|p2a: Sandaconda\n|-boost|p2a: Sandaconda|evasion|2\n|\n|-weather|Sandstorm|[upkeep]\n|-damage|p1a: Murkrow|83\/100|[from] Sandstorm\n|-heal|p2a: Sandaconda|49\/100|[from] item: Leftovers\n|upkeep\n|turn|4\n|\n|t:|1683653569\n|move|p1b: Gholdengo|Make It Rain|p2b: Orthworm|[spread] p2b\n|-miss|p1b: Gholdengo|p2a: Sandaconda\n|-resisted|p2b: Orthworm\n|-end|p2b: Orthworm|Substitute\n|-unboost|p1b: Gholdengo|spa|1\n|move|p1a: Murkrow|U-turn|p2b: Orthworm\n|-resisted|p2b: Orthworm\n|-damage|p2b: Orthworm|33\/100\n|\n|t:|1683653579\n|switch|p1a: Great Tusk|Great Tusk, L50|100\/100|[from] U-turn\n|-enditem|p1a: Great Tusk|Booster Energy\n|-activate|p1a: Great Tusk|ability: Protosynthesis|[fromitem]\n|-start|p1a: Great Tusk|protosynthesisatk\n|move|p2a: Sandaconda|Substitute|p2a: Sandaconda\n|-start|p2a: Sandaconda|Substitute\n|-damage|p2a: Sandaconda|25\/100\n|move|p2b: Orthworm|Iron Defense|p2b: Orthworm\n|-boost|p2b: Orthworm|def|2\n|\n|-weather|Sandstorm|[upkeep]\n|-heal|p2a: Sandaconda|31\/100|[from] item: Leftovers\n|-sideend|p1: littensalt|move: Tailwind\n|upkeep\n|turn|5\n|inactive|littensalt has 30 seconds left.\n|\n|t:|1683653606\n|move|p1a: Great Tusk|Ice Spinner|p2a: Sandaconda|[miss]\n|-miss|p1a: Great Tusk|p2a: Sandaconda\n|move|p1b: Gholdengo|Shadow Ball|p2b: Orthworm\n|-damage|p2b: Orthworm|0 fnt\n|faint|p2b: Orthworm\n|move|p2a: Sandaconda|Earthquake|p1b: Gholdengo|[spread] p1a,p1b\n|-supereffective|p1b: Gholdengo\n|-damage|p1a: Great Tusk|81\/100\n|-damage|p1b: Gholdengo|34\/100\n|\n|-weather|none\n|-heal|p1b: Gholdengo|40\/100|[from] item: Leftovers\n|-heal|p2a: Sandaconda|37\/100|[from] item: Leftovers\n|upkeep\n|\n|t:|1683653626\n|switch|p2b: Garchomp|Garchomp, L50, F|100\/100\n|turn|6\n|\n|t:|1683653640\n|move|p2b: Garchomp|Protect|p2b: Garchomp\n|-singleturn|p2b: Garchomp|Protect\n|move|p1a: Great Tusk|Ice Spinner|p2b: Garchomp\n|-activate|p2b: Garchomp|move: Protect\n|move|p1b: Gholdengo|Make It Rain|p2b: Garchomp|[spread] p2a\n|-activate|p2b: Garchomp|move: Protect\n|-end|p2a: Sandaconda|Substitute\n|-unboost|p1b: Gholdengo|spa|1\n|move|p2a: Sandaconda|Minimize|p2a: Sandaconda\n|-boost|p2a: Sandaconda|evasion|2\n|\n|-heal|p1b: Gholdengo|46\/100|[from] item: Leftovers\n|-heal|p2a: Sandaconda|43\/100|[from] item: Leftovers\n|upkeep\n|turn|7\n|\n|t:|1683653662\n|switch|p1b: Murkrow|Murkrow, L50, M|83\/100\n|move|p2b: Garchomp|Earthquake|p1b: Murkrow|[spread] p2a,p1a\n|-immune|p1b: Murkrow\n|-damage|p2a: Sandaconda|0 fnt\n|-damage|p1a: Great Tusk|42\/100\n|faint|p2a: Sandaconda\n|-damage|p2b: Garchomp|91\/100|[from] item: Life Orb\n|move|p1a: Great Tusk|Ice Spinner|p2b: Garchomp\n|-supereffective|p2b: Garchomp\n|-damage|p2b: Garchomp|0 fnt\n|faint|p2b: Garchomp\n|\n|upkeep\n|\n|t:|1683653682\n|switch|p2a: Tyranitar|Tyranitar, L50, F|100\/100\n|-weather|Sandstorm|[from] ability: Sand Stream|[of] p2a: Tyranitar\n|turn|8\n|\n|t:|1683653690\n|move|p1b: Murkrow|Tailwind|p1b: Murkrow\n|-sidestart|p1: littensalt|move: Tailwind\n|move|p1a: Great Tusk|Close Combat|p2a: Tyranitar\n|-supereffective|p2a: Tyranitar\n|-damage|p2a: Tyranitar|0 fnt\n|-unboost|p1a: Great Tusk|def|1\n|-unboost|p1a: Great Tusk|spd|1\n|faint|p2a: Tyranitar\n|\n|win|littensalt\n|raw|littensalt's rating: 1102 → 1127<\/strong> (+25 for winning)\n|raw|Sorenjedi's rating: 1096 → 1072<\/strong> (-24 for losing)\n|c|\u2606littensalt|gg\n","uploadtime":1683653703,"views":11,"p1id":"littensalt","p2id":"sorenjedi","formatid":"gen9vgc2023regulationc","rating":1072,"private":0,"password":""}