{"id":"gen9vgc2023regulationc-1846299366","p1":"RadicalJerry23","p2":"jdj95","format":"[Gen 9] VGC 2023 Regulation C","log":"|j|\u2606RadicalJerry23\n|j|\u2606jdj95\n|t:|1681829639\n|gametype|doubles\n|player|p1|RadicalJerry23|169|1254\n|player|p2|jdj95|2|1270\n|teamsize|p1|6\n|teamsize|p2|6\n|gen|9\n|tier|[Gen 9] VGC 2023 Regulation C\n|rated|\n|rule|Species Clause: Limit one of each Pok\u00e9mon\n|rule|Item Clause: Limit one of each item\n|clearpoke\n|poke|p1|Flutter Mane, L50|\n|poke|p1|Amoonguss, L50, M|\n|poke|p1|Arcanine, L50, F|\n|poke|p1|Palafin, L50, F|\n|poke|p1|Garchomp, L50, M|\n|poke|p1|Kingambit, L50, M|\n|poke|p2|Wo-Chien, L50|\n|poke|p2|Glimmora, L50, F|\n|poke|p2|Sableye, L50, F|\n|poke|p2|Flutter Mane, L50|\n|poke|p2|Iron Bundle, L50|\n|poke|p2|Arcanine, L50, M|\n|teampreview|4\n|inactive|Battle timer is ON: inactive players will automatically lose when time's up. (requested by RadicalJerry23)\n|inactive|RadicalJerry23 has 60 seconds left.\n|inactive|jdj95 has 60 seconds left.\n|\n|t:|1681829676\n|start\n|switch|p1a: Kingambit|Kingambit, L50, M|100\/100\n|switch|p1b: Palafin|Palafin, L50, F|100\/100\n|switch|p2a: Flutter Mane|Flutter Mane, L50|100\/100\n|switch|p2b: Glimmora|Glimmora, L50, F|100\/100\n|turn|1\n|\n|t:|1681829690\n|detailschange|p1b: Palafin|Palafin-Hero, L50, F\n|switch|p1b: Garchomp|Garchomp, L50, M|100\/100\n|switch|p2b: Wo-Chien|Wo-Chien, L50|100\/100\n|-ability|p2b: Wo-Chien|Tablets of Ruin\n|move|p2a: Flutter Mane|Protect|p2a: Flutter Mane\n|-singleturn|p2a: Flutter Mane|Protect\n|move|p1a: Kingambit|Iron Head|p2a: Flutter Mane\n|-activate|p2a: Flutter Mane|move: Protect\n|\n|upkeep\n|turn|2\n|inactive|jdj95 has 30 seconds left.\n|\n|t:|1681829720\n|-end|p2a: Flutter Mane|Protosynthesis|[silent]\n|switch|p2a: Glimmora|Glimmora, L50, F|100\/100\n|-terastallize|p1a: Kingambit|Flying\n|move|p1b: Garchomp|Dragon Claw|p2b: Wo-Chien\n|-damage|p2b: Wo-Chien|75\/100\n|move|p2b: Wo-Chien|Leech Seed|p1b: Garchomp\n|-start|p1b: Garchomp|move: Leech Seed\n|move|p1a: Kingambit|Tera Blast|p2b: Wo-Chien\n|-supereffective|p2b: Wo-Chien\n|-crit|p2b: Wo-Chien\n|-damage|p2b: Wo-Chien|0 fnt\n|faint|p2b: Wo-Chien\n|\n|upkeep\n|\n|t:|1681829733\n|switch|p2b: Flutter Mane|Flutter Mane, L50|100\/100\n|turn|3\n|inactive|RadicalJerry23 has 30 seconds left.\n|\n|t:|1681829766\n|switch|p1b: Palafin|Palafin-Hero, L50, F|100\/100\n|-activate|p1b: Palafin|ability: Zero to Hero\n|-terastallize|p2b: Flutter Mane|Fairy\n|move|p2b: Flutter Mane|Dazzling Gleam|p1a: Kingambit|[spread] p1a,p1b\n|-damage|p1a: Kingambit|66\/100\n|-damage|p1b: Palafin|50\/100\n|-damage|p2b: Flutter Mane|90\/100|[from] item: Life Orb\n|move|p2a: Glimmora|Power Gem|p1a: Kingambit\n|-supereffective|p1a: Kingambit\n|-damage|p1a: Kingambit|15\/100\n|move|p1a: Kingambit|Iron Head|p2b: Flutter Mane\n|-supereffective|p2b: Flutter Mane\n|-damage|p2b: Flutter Mane|0 fnt\n|faint|p2b: Flutter Mane\n|-end|p2b: Flutter Mane|Protosynthesis|[silent]\n|\n|upkeep\n|\n|t:|1681829780\n|switch|p2b: Arcanine|Arcanine, L50, M|100\/100\n|-ability|p2b: Arcanine|Intimidate|boost\n|-unboost|p1a: Kingambit|atk|1\n|-ability|p1a: Kingambit|Defiant|boost\n|-boost|p1a: Kingambit|atk|2\n|-unboost|p1b: Palafin|atk|1\n|turn|4\n|\n|t:|1681829801\n|move|p2b: Arcanine|Protect|p2b: Arcanine\n|-singleturn|p2b: Arcanine|Protect\n|move|p1b: Palafin|Wave Crash|p2a: Glimmora\n|-supereffective|p2a: Glimmora\n|-damage|p2a: Glimmora|0 fnt\n|-activate|p2a: Glimmora|ability: Toxic Debris\n|-sidestart|p1: RadicalJerry23|move: Toxic Spikes\n|faint|p2a: Glimmora\n|-damage|p1b: Palafin|21\/100|[from] Recoil\n|move|p1a: Kingambit|Tera Blast|p2b: Arcanine\n|-activate|p2b: Arcanine|move: Protect\n|\n|upkeep\n|turn|5\n|-message|jdj95 forfeited.\n|\n|win|RadicalJerry23\n|raw|RadicalJerry23's rating: 1254 → 1280<\/strong> (+26 for winning)\n|raw|jdj95's rating: 1270 → 1244<\/strong> (-26 for losing)\n","uploadtime":1681829826,"views":4,"p1id":"radicaljerry23","p2id":"jdj95","formatid":"gen9vgc2023regulationc","rating":1244,"private":0,"password":""}