{"id":"gen9vgc2023regulationc-1852500045","p1":"z0gre","p2":"Borghi","format":"[Gen 9] VGC 2023 Regulation C","log":"|j|\u2606z0gre\n|j|\u2606Borghi\n|t:|1682565828\n|gametype|doubles\n|player|p1|z0gre|lucas|\n|player|p2|Borghi|blue-masters|\n|teamsize|p1|6\n|teamsize|p2|6\n|gen|9\n|tier|[Gen 9] VGC 2023 Regulation C\n|rated|Tournament battle\n|rule|Species Clause: Limit one of each Pok\u00e9mon\n|rule|Item Clause: Limit one of each item\n|clearpoke\n|poke|p1|Hippowdon, L50, M|\n|poke|p1|Lycanroc, L50, F|\n|poke|p1|Indeedee-F, L50, F|\n|poke|p1|Houndstone, L50, F|\n|poke|p1|Hawlucha, L50, M|\n|poke|p1|Palossand, L50, M|\n|poke|p2|Azumarill, L50, F|\n|poke|p2|Amoonguss, L50, F|\n|poke|p2|Flutter Mane, L50|\n|poke|p2|Chi-Yu, L50|\n|poke|p2|Iron Hands, L50|\n|poke|p2|Gothitelle, L50, M|\n|teampreview|4\n|raw| Open Team Sheet for z0gre<\/summary>Hippowdon (M) @ Smooth Rock Ability: Sand Stream Level: 50 Shiny: Yes Tera Type: Steel - Yawn - Slack Off - Fissure - Stockpile Lycanroc (F) @ Focus Sash Ability: Sand Rush Level: 50 Shiny: Yes Tera Type: Rock - Rock Slide - Protect - Endure - Endeavor Indeedee (Indeedee-F) (F) @ Light Clay Ability: Psychic Surge Level: 50 Shiny: Yes Tera Type: Grass - Follow Me - Light Screen - Reflect - Draining Kiss Houndstone (F) @ Wide Lens Ability: Sand Rush Level: 50 Shiny: Yes Tera Type: Ghost - Last Respects - Play Rough - Will-O-Wisp - Protect Hawlucha (M) @ Psychic Seed Ability: Unburden Level: 50 Shiny: Yes Tera Type: Steel - Bulk Up - Acrobatics - Drain Punch - Protect Palossand (M) @ Bright Powder Ability: Sand Veil Level: 50 Shiny: Yes Tera Type: Normal - Stockpile - Shore Up - Sandstorm - Chilling Water <\/details><\/div> Open Team Sheet for Borghi<\/summary>Azumarill @ Sitrus Berry Ability: Huge Power Level: 50 Tera Type: Grass - Protect - Aqua Jet - Ice Spinner - Belly Drum Amoonguss @ Rocky Helmet Ability: Regenerator Level: 50 Tera Type: Water - Protect - Pollen Puff - Spore - Rage Powder Flutter Mane @ Focus Sash Ability: Protosynthesis Level: 50 Tera Type: Fairy - Protect - Moonblast - Shadow Ball - Perish Song Chi-Yu @ Safety Goggles Ability: Beads of Ruin Level: 50 Tera Type: Fire - Protect - Dark Pulse - Heat Wave - Nasty Plot Iron Hands @ Assault Vest Ability: Quark Drive Level: 50 Tera Type: Grass - Wild Charge - Drain Punch - Fake Out - Volt Switch Gothitelle @ Colbur Berry Ability: Shadow Tag Level: 50 Tera Type: Grass - Fake Out - Protect - Taunt - Psychic <\/details><\/div>\n|inactive|Battle timer is ON: inactive players will automatically lose when time's up. (requested by Borghi)\n|j| MareeohYT\n|j| Radio Free C-Side\n|j| Rean412\n|l| Rean412\n|j| ZootZootCaboot\n|l| MareeohYT\n|j| Tempest brute\n|inactive|z0gre has 60 seconds left.\n|j|%Bright Size\n|j| BoredBred\n|inactive|z0gre has 30 seconds left.\n|inactive|z0gre has 20 seconds left.\n|inactive|z0gre has 15 seconds left.\n|inactive|z0gre has 10 seconds left.\n|inactive|z0gre has 5 seconds left.\n|\n|t:|1682565914\n|start\n|switch|p1a: Houndstone|Houndstone, L50, F, shiny|100\/100\n|switch|p1b: Hippowdon|Hippowdon, L50, M, shiny|100\/100\n|switch|p2a: Amoonguss|Amoonguss, L50, F|100\/100\n|switch|p2b: Azumarill|Azumarill, L50, F|100\/100\n|-weather|Sandstorm|[from] ability: Sand Stream|[of] p1b: Hippowdon\n|turn|1\n|\n|t:|1682565938\n|switch|p1b: Indeedee|Indeedee-F, L50, F, shiny|100\/100\n|-fieldstart|move: Psychic Terrain|[from] ability: Psychic Surge|[of] p1b: Indeedee\n|move|p2b: Azumarill|Protect|p2b: Azumarill\n|-singleturn|p2b: Azumarill|Protect\n|move|p1a: Houndstone|Will-O-Wisp|p2b: Azumarill\n|-activate|p2b: Azumarill|move: Protect\n|move|p2a: Amoonguss|Spore|p1b: Indeedee\n|-status|p1b: Indeedee|slp|[from] move: Spore\n|\n|-weather|Sandstorm|[upkeep]\n|-damage|p1b: Indeedee|94\/100 slp|[from] Sandstorm\n|-damage|p2b: Azumarill|94\/100|[from] Sandstorm\n|-damage|p2a: Amoonguss|95\/100|[from] Sandstorm\n|upkeep\n|turn|2\n|inactive|z0gre has 30 seconds left.\n|inactive|z0gre has 20 seconds left.\n|\n|t:|1682565974\n|cant|p1b: Indeedee|slp\n|move|p2a: Amoonguss|Rage Powder|p2a: Amoonguss\n|-singleturn|p2a: Amoonguss|move: Rage Powder\n|move|p1a: Houndstone|Will-O-Wisp|p2a: Amoonguss\n|-status|p2a: Amoonguss|brn\n|move|p2b: Azumarill|Belly Drum|p2b: Azumarill\n|-damage|p2b: Azumarill|44\/100\n|-setboost|p2b: Azumarill|atk|6|[from] move: Belly Drum\n|-enditem|p2b: Azumarill|Sitrus Berry|[eat]\n|-heal|p2b: Azumarill|69\/100|[from] item: Sitrus Berry\n|\n|-weather|Sandstorm|[upkeep]\n|-damage|p1b: Indeedee|88\/100 slp|[from] Sandstorm\n|-damage|p2b: Azumarill|63\/100|[from] Sandstorm\n|-damage|p2a: Amoonguss|89\/100 brn|[from] Sandstorm\n|-damage|p2a: Amoonguss|83\/100 brn|[from] brn\n|upkeep\n|turn|3\n|\n|t:|1682565989\n|move|p1a: Houndstone|Protect|p1a: Houndstone\n|-singleturn|p1a: Houndstone|Protect\n|move|p2a: Amoonguss|Rage Powder|p2a: Amoonguss\n|-singleturn|p2a: Amoonguss|move: Rage Powder\n|cant|p1b: Indeedee|slp\n|move|p2b: Azumarill|Ice Spinner|p1a: Houndstone\n|-activate|p1a: Houndstone|move: Protect\n|\n|-weather|Sandstorm|[upkeep]\n|-damage|p1b: Indeedee|82\/100 slp|[from] Sandstorm\n|-damage|p2b: Azumarill|57\/100|[from] Sandstorm\n|-damage|p2a: Amoonguss|77\/100 brn|[from] Sandstorm\n|-damage|p2a: Amoonguss|71\/100 brn|[from] brn\n|upkeep\n|turn|4\n|\n|t:|1682566009\n|switch|p1a: Palossand|Palossand, L50, M, shiny|100\/100\n|move|p2a: Amoonguss|Rage Powder|p2a: Amoonguss\n|-singleturn|p2a: Amoonguss|move: Rage Powder\n|-curestatus|p1b: Indeedee|slp|[msg]\n|move|p1b: Indeedee|Reflect|p1b: Indeedee\n|-sidestart|p1: z0gre|Reflect\n|move|p2b: Azumarill|Ice Spinner|p1a: Palossand\n|-supereffective|p1a: Palossand\n|-damage|p1a: Palossand|0 fnt\n|-fieldend|move: Psychic Terrain\n|faint|p1a: Palossand\n|\n|-weather|Sandstorm|[upkeep]\n|-damage|p1b: Indeedee|76\/100|[from] Sandstorm\n|-damage|p2b: Azumarill|51\/100|[from] Sandstorm\n|-damage|p2a: Amoonguss|65\/100 brn|[from] Sandstorm\n|-damage|p2a: Amoonguss|59\/100 brn|[from] brn\n|upkeep\n|\n|t:|1682566024\n|switch|p1a: Hippowdon|Hippowdon, L50, M, shiny|100\/100\n|turn|5\n|\n|t:|1682566039\n|move|p1b: Indeedee|Follow Me|p1b: Indeedee\n|-singleturn|p1b: Indeedee|move: Follow Me\n|move|p2b: Azumarill|Aqua Jet|p1b: Indeedee\n|-damage|p1b: Indeedee|9\/100\n|move|p1a: Hippowdon|Fissure|p2b: Azumarill|[miss]\n|-miss|p1a: Hippowdon|p2b: Azumarill\n|move|p2a: Amoonguss|Spore|p1b: Indeedee\n|-status|p1b: Indeedee|slp|[from] move: Spore\n|\n|-weather|Sandstorm|[upkeep]\n|-damage|p1b: Indeedee|3\/100 slp|[from] Sandstorm\n|-damage|p2b: Azumarill|45\/100|[from] Sandstorm\n|-damage|p2a: Amoonguss|53\/100 brn|[from] Sandstorm\n|-damage|p2a: Amoonguss|47\/100 brn|[from] brn\n|upkeep\n|turn|6\n|\n|t:|1682566049\n|switch|p1b: Houndstone|Houndstone, L50, F, shiny|100\/100\n|move|p2b: Azumarill|Aqua Jet|p1b: Houndstone\n|-damage|p1b: Houndstone|25\/100\n|move|p1a: Hippowdon|Fissure|p2b: Azumarill|[miss]\n|-miss|p1a: Hippowdon|p2b: Azumarill\n|move|p2a: Amoonguss|Spore|p1a: Hippowdon\n|-status|p1a: Hippowdon|slp|[from] move: Spore\n|\n|-weather|Sandstorm|[upkeep]\n|-damage|p2b: Azumarill|39\/100|[from] Sandstorm\n|-damage|p2a: Amoonguss|41\/100 brn|[from] Sandstorm\n|-damage|p2a: Amoonguss|35\/100 brn|[from] brn\n|upkeep\n|turn|7\n|\n|t:|1682566058\n|switch|p1a: Indeedee|Indeedee-F, L50, F, shiny|3\/100 slp\n|-fieldstart|move: Psychic Terrain|[from] ability: Psychic Surge|[of] p1a: Indeedee\n|-terastallize|p1b: Houndstone|Ghost\n|move|p1b: Houndstone|Last Respects|p2b: Azumarill\n|-damage|p2b: Azumarill|0 fnt\n|faint|p2b: Azumarill\n|move|p2a: Amoonguss|Pollen Puff|p2: Azumarill|[notarget]\n|-fail|p2a: Amoonguss\n|\n|-weather|Sandstorm|[upkeep]\n|-damage|p1a: Indeedee|0 fnt|[from] Sandstorm\n|-damage|p2a: Amoonguss|30\/100 brn|[from] Sandstorm\n|faint|p1a: Indeedee\n|-damage|p2a: Amoonguss|24\/100 brn|[from] brn\n|upkeep\n|c|\u2606z0gre|I lose\n|c|\u2606z0gre|Blunder start\n|\n|t:|1682566083\n|switch|p1a: Hippowdon|Hippowdon, L50, M, shiny|100\/100 slp\n|switch|p2b: Flutter Mane|Flutter Mane, L50|100\/100\n|turn|8\n|\n|t:|1682566105\n|move|p2a: Amoonguss|Rage Powder|p2a: Amoonguss\n|-singleturn|p2a: Amoonguss|move: Rage Powder\n|move|p1b: Houndstone|Last Respects|p2a: Amoonguss\n|-damage|p2a: Amoonguss|0 fnt\n|faint|p2a: Amoonguss\n|move|p2b: Flutter Mane|Moonblast|p1b: Houndstone\n|-damage|p1b: Houndstone|0 fnt\n|faint|p1b: Houndstone\n|cant|p1a: Hippowdon|slp\n|\n|-weather|none\n|upkeep\n|l| ZootZootCaboot\n|\n|t:|1682566110\n|switch|p2a: Iron Hands|Iron Hands, L50|100\/100\n|turn|9\n|\n|t:|1682566123\n|-terastallize|p2b: Flutter Mane|Fairy\n|move|p2b: Flutter Mane|Moonblast|p1a: Hippowdon\n|-damage|p1a: Hippowdon|48\/100 slp\n|-unboost|p1a: Hippowdon|spa|1\n|move|p2a: Iron Hands|Drain Punch|p1a: Hippowdon\n|-damage|p1a: Hippowdon|28\/100 slp\n|cant|p1a: Hippowdon|slp\n|\n|upkeep\n|turn|10\n|\n|t:|1682566134\n|move|p2b: Flutter Mane|Moonblast|p1a: Hippowdon\n|-damage|p1a: Hippowdon|0 fnt\n|faint|p1a: Hippowdon\n|\n|win|Borghi\n|n|\u2606z0gre|z0gre\n|n|\u2606Borghi|borghi\n|n| Radio Free C-Side|radiofreecside\n|n| Tempest brute|tempestbrute\n|n| Bright Size|brightsize\n|n| BoredBred|boredbred\n","uploadtime":1682566134,"views":7,"p1id":"z0gre","p2id":"borghi","formatid":"gen9vgc2023regulationc","rating":0,"private":0,"password":""}