{"id":"gen9vgc2023regulationc-1854522277","p1":"Eletrofly","p2":"Coco4dayz","format":"[Gen 9] VGC 2023 Regulation C","log":"|j|\u2606Eletrofly\n|j|\u2606Coco4dayz\n|t:|1682821840\n|gametype|doubles\n|player|p1|Eletrofly|hilbert-wonderlauncher|\n|player|p2|Coco4dayz|boarder|\n|teamsize|p1|6\n|teamsize|p2|6\n|gen|9\n|tier|[Gen 9] VGC 2023 Regulation C\n|rule|Species Clause: Limit one of each Pok\u00e9mon\n|rule|Item Clause: Limit one of each item\n|clearpoke\n|poke|p1|Chi-Yu, L50|\n|poke|p1|Flutter Mane, L50|\n|poke|p1|Iron Bundle, L50|\n|poke|p1|Annihilape, L50, F|\n|poke|p1|Maushold, L50|\n|poke|p1|Dragonite, L50, M|\n|poke|p2|Amoonguss, L50, F|\n|poke|p2|Chien-Pao, L50|\n|poke|p2|Dragonite, L50, M|\n|poke|p2|Flutter Mane, L50|\n|poke|p2|Chi-Yu, L50|\n|poke|p2|Gastrodon-East, L50, F|\n|teampreview|4\n|inactive|Battle timer is ON: inactive players will automatically lose when time's up. (requested by Coco4dayz)\n|inactive|Coco4dayz has 60 seconds left.\n|\n|t:|1682821884\n|start\n|switch|p1a: Chi-Yu|Chi-Yu, L50|100\/100\n|switch|p1b: Flutter Mane|Flutter Mane, L50|100\/100\n|switch|p2a: Chien-Pao|Chien-Pao, L50|100\/100\n|switch|p2b: Dragonite|Dragonite, L50, M|100\/100\n|-ability|p2a: Chien-Pao|Sword of Ruin\n|-ability|p1a: Chi-Yu|Beads of Ruin\n|turn|1\n|inactive|Eletrofly has 30 seconds left.\n|\n|t:|1682821910\n|-terastallize|p2b: Dragonite|Normal\n|move|p2b: Dragonite|Extreme Speed|p1a: Chi-Yu\n|-damage|p1a: Chi-Yu|0 fnt\n|faint|p1a: Chi-Yu\n|move|p2a: Chien-Pao|Sucker Punch|p1b: Flutter Mane\n|-enditem|p1b: Flutter Mane|Focus Sash\n|-damage|p1b: Flutter Mane|1\/100\n|move|p1b: Flutter Mane|Dazzling Gleam|p2b: Dragonite|[spread] p2a,p2b\n|-supereffective|p2a: Chien-Pao\n|-damage|p2a: Chien-Pao|3\/100\n|-damage|p2b: Dragonite|72\/100\n|\n|upkeep\n|\n|t:|1682821922\n|switch|p1a: Dragonite|Dragonite, L50, M|100\/100\n|turn|2\n|\n|t:|1682821933\n|move|p2b: Dragonite|Extreme Speed|p1a: Dragonite\n|-damage|p1a: Dragonite|53\/100\n|move|p1a: Dragonite|Extreme Speed|p2a: Chien-Pao\n|-damage|p2a: Chien-Pao|0 fnt\n|faint|p2a: Chien-Pao\n|move|p1b: Flutter Mane|Moonblast|p2b: Dragonite\n|-crit|p2b: Dragonite\n|-damage|p2b: Dragonite|0 fnt\n|faint|p2b: Dragonite\n|\n|upkeep\n|\n|t:|1682821938\n|switch|p2a: Gastrodon|Gastrodon-East, L50, F|100\/100\n|switch|p2b: Flutter Mane|Flutter Mane, L50, shiny|100\/100\n|turn|3\n|\n|t:|1682821957\n|move|p1b: Flutter Mane|Protect|p1b: Flutter Mane\n|-singleturn|p1b: Flutter Mane|Protect\n|move|p2b: Flutter Mane|Dazzling Gleam|p1a: Dragonite|[spread] p1a\n|-activate|p1b: Flutter Mane|move: Protect\n|-supereffective|p1a: Dragonite\n|-damage|p1a: Dragonite|0 fnt\n|faint|p1a: Dragonite\n|move|p2a: Gastrodon|Muddy Water|p1b: Flutter Mane\n|-activate|p1b: Flutter Mane|move: Protect\n|\n|upkeep\n|\n|t:|1682821966\n|switch|p1a: Iron Bundle|Iron Bundle, L50|100\/100\n|-enditem|p1a: Iron Bundle|Booster Energy\n|-activate|p1a: Iron Bundle|ability: Quark Drive|[fromitem]\n|-start|p1a: Iron Bundle|quarkdrivespe\n|turn|4\n|\n|t:|1682821978\n|move|p2a: Gastrodon|Protect|p2a: Gastrodon\n|-singleturn|p2a: Gastrodon|Protect\n|move|p1a: Iron Bundle|Freeze-Dry|p2a: Gastrodon\n|-activate|p2a: Gastrodon|move: Protect\n|move|p1b: Flutter Mane|Shadow Ball|p2b: Flutter Mane\n|-supereffective|p2b: Flutter Mane\n|-damage|p2b: Flutter Mane|10\/100\n|move|p2b: Flutter Mane|Dazzling Gleam|p1a: Iron Bundle|[spread] p1a,p1b\n|-damage|p1a: Iron Bundle|11\/100\n|-damage|p1b: Flutter Mane|0 fnt\n|faint|p1b: Flutter Mane\n|-end|p1b: Flutter Mane|Protosynthesis|[silent]\n|\n|upkeep\n|turn|5\n|\n|t:|1682821994\n|move|p1a: Iron Bundle|Freeze-Dry|p2a: Gastrodon\n|-supereffective|p2a: Gastrodon\n|-damage|p2a: Gastrodon|0 fnt\n|faint|p2a: Gastrodon\n|move|p2b: Flutter Mane|Dazzling Gleam|p1a: Iron Bundle\n|-damage|p1a: Iron Bundle|0 fnt\n|faint|p1a: Iron Bundle\n|-end|p1a: Iron Bundle|Quark Drive|[silent]\n|\n|win|Coco4dayz\n|c|\u2606Eletrofly|gg\n|l|\u2606Eletrofly\n","uploadtime":1682822232,"views":9,"p1id":"eletrofly","p2id":"coco4dayz","formatid":"gen9vgc2023regulationc","rating":0,"private":0,"password":""}