{"id":"gen9vgc2023regulationc-1857386900","p1":"Ujujyhh","p2":"DarkPine60","format":"[Gen 9] VGC 2023 Regulation C","log":"|j|\u2606Ujujyhh\n|j|\u2606DarkPine60\n|t:|1683184663\n|gametype|doubles\n|player|p1|Ujujyhh|265|1523\n|player|p2|DarkPine60|drayden|1464\n|teamsize|p1|6\n|teamsize|p2|6\n|gen|9\n|tier|[Gen 9] VGC 2023 Regulation C\n|rated|\n|rule|Species Clause: Limit one of each Pok\u00e9mon\n|rule|Item Clause: Limit one of each item\n|clearpoke\n|poke|p1|Brute Bonnet, L50|\n|poke|p1|Glimmora, L50, F|\n|poke|p1|Murkrow, L50, F|\n|poke|p1|Farigiraf, L50, M|\n|poke|p1|Chi-Yu, L50|\n|poke|p1|Torkoal, L50, M|\n|poke|p2|Chien-Pao, L50|\n|poke|p2|Palafin, L50, F|\n|poke|p2|Corviknight, L50, M|\n|poke|p2|Volcarona, L50, F|\n|poke|p2|Gothitelle, L50, M|\n|poke|p2|Iron Hands, L50|\n|teampreview|4\n|inactive|Battle timer is ON: inactive players will automatically lose when time's up. (requested by DarkPine60)\n|j| Jsierra32\n|inactive|DarkPine60 has 60 seconds left.\n|inactive|DarkPine60 has 30 seconds left.\n|inactive|DarkPine60 has 20 seconds left.\n|inactive|DarkPine60 has 15 seconds left.\n|inactive|DarkPine60 has 10 seconds left.\n|\n|t:|1683184743\n|start\n|switch|p1a: Murkrow|Murkrow, L50, F, shiny|100\/100\n|switch|p1b: Chi-Yu|Chi-Yu, L50|100\/100\n|switch|p2a: Palafin|Palafin, L50, F, shiny|100\/100\n|switch|p2b: Corviknight|Corviknight, L50, M, shiny|100\/100\n|-ability|p1b: Chi-Yu|Beads of Ruin\n|turn|1\n|\n|t:|1683184760\n|-terastallize|p2b: Corviknight|Fire\n|move|p1a: Murkrow|Sunny Day|p1a: Murkrow\n|-weather|SunnyDay\n|move|p1b: Chi-Yu|Heat Wave|p2a: Palafin|[spread] p2a,p2b\n|-resisted|p2a: Palafin\n|-resisted|p2b: Corviknight\n|-damage|p2a: Palafin|32\/100\n|-damage|p2b: Corviknight|53\/100\n|-status|p2a: Palafin|brn\n|move|p2a: Palafin|Wave Crash|p1b: Chi-Yu\n|-supereffective|p1b: Chi-Yu\n|-crit|p1b: Chi-Yu\n|-damage|p1b: Chi-Yu|49\/100\n|-damage|p2a: Palafin|20\/100 brn|[from] Recoil\n|move|p2b: Corviknight|Brave Bird|p1b: Chi-Yu\n|-damage|p1b: Chi-Yu|0 fnt\n|faint|p1b: Chi-Yu\n|-damage|p2b: Corviknight|43\/100|[from] Recoil\n|\n|-weather|SunnyDay|[upkeep]\n|-damage|p2a: Palafin|14\/100 brn|[from] brn\n|upkeep\n|\n|t:|1683184779\n|switch|p1b: Glimmora|Glimmora, L50, F, shiny|100\/100\n|turn|2\n|\n|t:|1683184793\n|move|p1a: Murkrow|Tailwind|p1a: Murkrow\n|-sidestart|p1: Ujujyhh|move: Tailwind\n|move|p2a: Palafin|Jet Punch|p1a: Murkrow\n|-damage|p1a: Murkrow|90\/100\n|move|p1b: Glimmora|Power Gem|p2b: Corviknight\n|-supereffective|p2b: Corviknight\n|-damage|p2b: Corviknight|0 fnt\n|faint|p2b: Corviknight\n|\n|-weather|SunnyDay|[upkeep]\n|-damage|p2a: Palafin|8\/100 brn|[from] brn\n|upkeep\n|\n|t:|1683184806\n|switch|p2b: Iron Hands|Iron Hands, L50|100\/100\n|turn|3\n|inactive|DarkPine60 has 30 seconds left.\n|\n|t:|1683184839\n|switch|p1a: Brute Bonnet|Brute Bonnet, L50|100\/100\n|-activate|p1a: Brute Bonnet|ability: Protosynthesis\n|-start|p1a: Brute Bonnet|protosynthesisatk\n|move|p1b: Glimmora|Earth Power|p2b: Iron Hands\n|-supereffective|p2b: Iron Hands\n|-damage|p2b: Iron Hands|68\/100\n|move|p2a: Palafin|Wave Crash|p1b: Glimmora\n|-supereffective|p1b: Glimmora\n|-crit|p1b: Glimmora\n|-damage|p1b: Glimmora|53\/100\n|-activate|p1b: Glimmora|ability: Toxic Debris\n|-sidestart|p2: DarkPine60|move: Toxic Spikes\n|-damage|p2a: Palafin|0 fnt|[from] Recoil\n|faint|p2a: Palafin\n|move|p2b: Iron Hands|Wild Charge|p1a: Brute Bonnet\n|-resisted|p1a: Brute Bonnet\n|-damage|p1a: Brute Bonnet|78\/100\n|-damage|p2b: Iron Hands|63\/100|[from] Recoil\n|\n|-weather|SunnyDay|[upkeep]\n|upkeep\n|\n|t:|1683184857\n|switch|p2a: Chien-Pao|Chien-Pao, L50|100\/100\n|-status|p2a: Chien-Pao|psn\n|-ability|p2a: Chien-Pao|Sword of Ruin\n|turn|4\n|\n|t:|1683184877\n|move|p1b: Glimmora|Earth Power|p2b: Iron Hands\n|-supereffective|p2b: Iron Hands\n|-crit|p2b: Iron Hands\n|-damage|p2b: Iron Hands|11\/100\n|move|p1a: Brute Bonnet|Close Combat|p2b: Iron Hands\n|-damage|p2b: Iron Hands|0 fnt\n|-unboost|p1a: Brute Bonnet|def|1\n|-unboost|p1a: Brute Bonnet|spd|1\n|faint|p2b: Iron Hands\n|-end|p2b: Iron Hands|Quark Drive|[silent]\n|move|p2a: Chien-Pao|Ice Spinner|p1b: Glimmora\n|-damage|p1b: Glimmora|0 fnt\n|-activate|p1b: Glimmora|ability: Toxic Debris\n|-sidestart|p2: DarkPine60|move: Toxic Spikes\n|faint|p1b: Glimmora\n|\n|-weather|SunnyDay|[upkeep]\n|-damage|p2a: Chien-Pao|88\/100 psn|[from] psn\n|upkeep\n|\n|t:|1683184881\n|switch|p1b: Murkrow|Murkrow, L50, F, shiny|90\/100\n|turn|5\n|\n|t:|1683184900\n|-terastallize|p1b: Murkrow|Flying\n|move|p1b: Murkrow|Brave Bird|p2a: Chien-Pao\n|-damage|p2a: Chien-Pao|4\/100 psn\n|-damage|p1b: Murkrow|58\/100|[from] Recoil\n|move|p1a: Brute Bonnet|Close Combat|p2a: Chien-Pao\n|-supereffective|p2a: Chien-Pao\n|-damage|p2a: Chien-Pao|0 fnt\n|-unboost|p1a: Brute Bonnet|def|1\n|-unboost|p1a: Brute Bonnet|spd|1\n|faint|p2a: Chien-Pao\n|\n|win|Ujujyhh\n|raw|Ujujyhh's rating: 1523 → 1540<\/strong> (+17 for winning)\n|raw|DarkPine60's rating: 1464 → 1447<\/strong> (-17 for losing)\n","uploadtime":1683184916,"views":8,"p1id":"ujujyhh","p2id":"darkpine60","formatid":"gen9vgc2023regulationc","rating":1447,"private":0,"password":""}