{"id":"gen9vgc2023regulationc-1854406371","p1":"OLBAPP!!!!!","p2":"previouslyunnamed","format":"[Gen 9] VGC 2023 Regulation C","log":"|j|\u2606OLBAPP!!!!!\n|j|\u2606previouslyunnamed\n|t:|1682806892\n|gametype|doubles\n|player|p1|OLBAPP!!!!!|170|1159\n|player|p2|previouslyunnamed|swimmerf-gen4|1112\n|teamsize|p1|6\n|teamsize|p2|6\n|gen|9\n|tier|[Gen 9] VGC 2023 Regulation C\n|rated|\n|rule|Species Clause: Limit one of each Pok\u00e9mon\n|rule|Item Clause: Limit one of each item\n|clearpoke\n|poke|p1|Meowscarada, L50, F|\n|poke|p1|Armarouge, L50, F|\n|poke|p1|Palafin, L50, F|\n|poke|p1|Baxcalibur, L50, F|\n|poke|p1|Indeedee-F, L50, F|\n|poke|p1|Hatterene, L50, F|\n|poke|p2|Murkrow, L50, M|\n|poke|p2|Flutter Mane, L50|\n|poke|p2|Chi-Yu, L50|\n|poke|p2|Great Tusk, L50|\n|poke|p2|Tyranitar, L50, M|\n|poke|p2|Chien-Pao, L50|\n|teampreview|4\n|inactive|Battle timer is ON: inactive players will automatically lose when time's up. (requested by previouslyunnamed)\n|inactive|OLBAPP!!!!! also wants the timer to be on.\n|inactive|OLBAPP!!!!! has 60 seconds left.\n|inactive|previouslyunnamed has 60 seconds left.\n|\n|t:|1682806934\n|start\n|switch|p1a: Palafin|Palafin, L50, F|100\/100\n|switch|p1b: Armarouge|Armarouge, L50, F|100\/100\n|switch|p2a: Flutter Mane|Flutter Mane, L50|100\/100\n|switch|p2b: Chi-Yu|Chi-Yu, L50|100\/100\n|-ability|p2b: Chi-Yu|Beads of Ruin\n|turn|1\n|\n|t:|1682806954\n|detailschange|p1a: Palafin|Palafin-Hero, L50, F\n|switch|p1a: Indeedee|Indeedee-F, L50, F|100\/100\n|-fieldstart|move: Psychic Terrain|[from] ability: Psychic Surge|[of] p1a: Indeedee\n|-enditem|p1a: Indeedee|Psychic Seed\n|-boost|p1a: Indeedee|spd|1|[from] item: Psychic Seed\n|move|p2b: Chi-Yu|Protect|p2b: Chi-Yu\n|-singleturn|p2b: Chi-Yu|Protect\n|move|p1b: Armarouge|Wide Guard|p1b: Armarouge\n|-singleturn|p1b: Armarouge|Wide Guard\n|move|p2a: Flutter Mane|Shadow Ball|p1b: Armarouge\n|-supereffective|p1b: Armarouge\n|-damage|p1b: Armarouge|0 fnt\n|faint|p1b: Armarouge\n|\n|upkeep\n|\n|t:|1682806972\n|switch|p1b: Palafin|Palafin-Hero, L50, F|100\/100\n|-activate|p1b: Palafin|ability: Zero to Hero\n|turn|2\n|\n|t:|1682806985\n|-terastallize|p2b: Chi-Yu|Ghost\n|-terastallize|p1b: Palafin|Water\n|move|p1a: Indeedee|Follow Me|p1a: Indeedee\n|-singleturn|p1a: Indeedee|move: Follow Me\n|move|p2a: Flutter Mane|Shadow Ball|p1a: Indeedee\n|-immune|p1a: Indeedee\n|move|p2b: Chi-Yu|Heat Wave|p1b: Palafin|[spread] p1a,p1b\n|-resisted|p1b: Palafin\n|-damage|p1a: Indeedee|59\/100\n|-damage|p1b: Palafin|65\/100\n|-status|p1b: Palafin|brn\n|move|p1b: Palafin|Wave Crash|p2a: Flutter Mane\n|-damage|p2a: Flutter Mane|9\/100\n|-damage|p1b: Palafin|41\/100 brn|[from] Recoil\n|\n|-damage|p1b: Palafin|35\/100 brn|[from] brn\n|upkeep\n|turn|3\n|\n|t:|1682807009\n|switch|p1b: Baxcalibur|Baxcalibur, L50, F|100\/100\n|move|p2a: Flutter Mane|Shadow Ball|p1b: Baxcalibur\n|-damage|p1b: Baxcalibur|57\/100\n|move|p2b: Chi-Yu|Heat Wave|p1b: Baxcalibur|[spread] p1b\n|-miss|p2b: Chi-Yu|p1a: Indeedee\n|-damage|p1b: Baxcalibur|22\/100\n|-ability|p1b: Baxcalibur|Thermal Exchange|boost\n|-boost|p1b: Baxcalibur|atk|1\n|move|p1a: Indeedee|Healing Wish|p1a: Indeedee\n|faint|p1a: Indeedee\n|\n|upkeep\n|\n|t:|1682807024\n|switch|p1a: Palafin|Palafin-Hero, L50, F, tera:Water|35\/100 brn\n|-heal|p1a: Palafin|100\/100|[from] move: Healing Wish\n|turn|4\n|\n|t:|1682807030\n|move|p2b: Chi-Yu|Protect|p2b: Chi-Yu\n|-singleturn|p2b: Chi-Yu|Protect\n|move|p1a: Palafin|Jet Punch|p2a: Flutter Mane\n|-activate|p2a: Flutter Mane|move: Psychic Terrain\n|move|p1b: Baxcalibur|Ice Shard|p2b: Chi-Yu\n|-activate|p2b: Chi-Yu|move: Psychic Terrain\n|move|p2a: Flutter Mane|Shadow Ball|p1a: Palafin\n|-damage|p1a: Palafin|16\/100\n|\n|upkeep\n|turn|5\n|\n|t:|1682807042\n|move|p1a: Palafin|Protect|p1a: Palafin\n|-singleturn|p1a: Palafin|Protect\n|move|p2a: Flutter Mane|Shadow Ball|p1b: Baxcalibur\n|-damage|p1b: Baxcalibur|0 fnt\n|faint|p1b: Baxcalibur\n|move|p2b: Chi-Yu|Heat Wave|p1a: Palafin\n|-activate|p1a: Palafin|move: Protect\n|\n|-fieldend|move: Psychic Terrain\n|upkeep\n|turn|6\n|-message|OLBAPP!!!!! forfeited.\n|\n|win|previouslyunnamed\n|raw|OLBAPP!!!!!'s rating: 1159 → 1131<\/strong> (-28 for losing)\n|raw|previouslyunnamed's rating: 1112 → 1140<\/strong> (+28 for winning)\n|c|\u2606previouslyunnamed|ggs\n|l|\u2606OLBAPP!!!!!\n","uploadtime":1682807054,"views":11,"p1id":"olbapp","p2id":"previouslyunnamed","formatid":"gen9vgc2023regulationc","rating":1131,"private":0,"password":""}