{"id":"gen9vgc2023regulationc-1856161571","p1":"Bambambi","p2":"MightyMudsdale","format":"[Gen 9] VGC 2023 Regulation C","log":"|j|\u2606Bambambi\n|j|\u2606MightyMudsdale\n|t:|1683036390\n|gametype|doubles\n|player|p1|Bambambi|wallace-gen6|\n|player|p2|MightyMudsdale|nessa-masters|\n|teamsize|p1|6\n|teamsize|p2|6\n|gen|9\n|tier|[Gen 9] VGC 2023 Regulation C\n|rule|Species Clause: Limit one of each Pok\u00e9mon\n|rule|Item Clause: Limit one of each item\n|clearpoke\n|poke|p1|Flutter Mane, L50|\n|poke|p1|Gothitelle, L50, F|\n|poke|p1|Scream Tail, L50|\n|poke|p1|Chi-Yu, L50|\n|poke|p1|Amoonguss, L50, M|\n|poke|p1|Palafin, L50, M|\n|poke|p2|Flutter Mane, L50|\n|poke|p2|Chi-Yu, L50|\n|poke|p2|Gyarados, L50, F|\n|poke|p2|Orthworm, L50, M|\n|poke|p2|Glimmora, L50, M|\n|poke|p2|Iron Hands, L50|\n|teampreview|4\nBambambi has agreed to open team sheets.\n|c|\u2606MightyMudsdale|gl hf!\nMightyMudsdale has agreed to open team sheets.\n|c|\u2606Bambambi|If I dc it\u2019s because I\u2019m calcing lol\n|c|\u2606MightyMudsdale|sorry for the wait I didn't hear the discord ping\n|c|\u2606Bambambi|No worries\n|c|\u2606Bambambi|im on my phone rn\n|c|\u2606MightyMudsdale|ah gotcha. Didn't know showdown could run on phones\n|c|\u2606Bambambi|It runs in browser perfectly\n|c|\u2606Bambambi|Same with calculator\n|\n|t:|1683036491\n|start\n|switch|p1a: Pearls|Flutter Mane, L50|100\/100\n|switch|p1b: AllMight|Palafin, L50, M|100\/100\n|switch|p2a: Chi-Yu|Chi-Yu, L50|100\/100\n|switch|p2b: Flutter Mane|Flutter Mane, L50|100\/100\n|-ability|p2a: Chi-Yu|Beads of Ruin\n|turn|1\n|c|\u2606Bambambi|Gl hf!\n|c|\u2606MightyMudsdale|u2\n|\n|t:|1683036527\n|switch|p2a: Unagi|Gyarados, L50, F|100\/100\n|-ability|p2a: Unagi|Intimidate|boost\n|-unboost|p1a: Pearls|atk|1\n|-unboost|p1b: AllMight|atk|1\n|move|p1a: Pearls|Protect|p1a: Pearls\n|-singleturn|p1a: Pearls|Protect\n|move|p1b: AllMight|Protect|p1b: AllMight\n|-singleturn|p1b: AllMight|Protect\n|move|p2b: Flutter Mane|Shadow Ball|p1a: Pearls\n|-activate|p1a: Pearls|move: Protect\n|\n|upkeep\n|turn|2\n|\n|t:|1683036549\n|switch|p2a: Chi-Yu|Chi-Yu, L50|100\/100\n|-ability|p2a: Chi-Yu|Beads of Ruin\n|-terastallize|p1b: AllMight|Water\n|move|p1b: AllMight|Jet Punch|p2b: Flutter Mane\n|-damage|p2b: Flutter Mane|55\/100\n|move|p1a: Pearls|Shadow Ball|p2b: Flutter Mane\n|-supereffective|p2b: Flutter Mane\n|-damage|p2b: Flutter Mane|0 fnt\n|faint|p2b: Flutter Mane\n|-end|p2b: Flutter Mane|Protosynthesis|[silent]\n|\n|upkeep\n|\n|t:|1683036561\n|switch|p2b: Orchidiris|Glimmora, L50, M|100\/100\n|turn|3\n|\n|t:|1683036574\n|-terastallize|p2b: Orchidiris|Grass\n|move|p1a: Pearls|Protect|p1a: Pearls\n|-singleturn|p1a: Pearls|Protect\n|move|p1b: AllMight|Protect|p1b: AllMight\n|-singleturn|p1b: AllMight|Protect\n|move|p2a: Chi-Yu|Heat Wave|p1a: Pearls|[spread] \n|-activate|p1a: Pearls|move: Protect\n|-activate|p1b: AllMight|move: Protect\n|move|p2b: Orchidiris|Energy Ball|p1b: AllMight\n|-activate|p1b: AllMight|move: Protect\n|\n|upkeep\n|turn|4\n|\n|t:|1683036595\n|switch|p2a: Unagi|Gyarados, L50, F|100\/100\n|-ability|p2a: Unagi|Intimidate|boost\n|-unboost|p1a: Pearls|atk|1\n|-unboost|p1b: AllMight|atk|1\n|detailschange|p1b: AllMight|Palafin-Hero, L50, M, tera:Water\n|switch|p1b: Ironmouse|Gothitelle, L50, F, shiny|100\/100\n|move|p1a: Pearls|Perish Song|p1a: Pearls\n|-start|p1a: Pearls|perish3|[silent]\n|-start|p1b: Ironmouse|perish3|[silent]\n|-start|p2a: Unagi|perish3|[silent]\n|-start|p2b: Orchidiris|perish3|[silent]\n|-fieldactivate|move: Perish Song\n|move|p2b: Orchidiris|Mortal Spin|p1a: Pearls|[spread] p1a,p1b\n|-damage|p1a: Pearls|91\/100\n|-damage|p1b: Ironmouse|97\/100\n|-status|p1a: Pearls|psn\n|-status|p1b: Ironmouse|psn\n|\n|-damage|p1a: Pearls|78\/100 psn|[from] psn\n|-damage|p1b: Ironmouse|84\/100 psn|[from] psn\n|-start|p1a: Pearls|perish3\n|-start|p2a: Unagi|perish3\n|-start|p2b: Orchidiris|perish3\n|-start|p1b: Ironmouse|perish3\n|upkeep\n|turn|5\n|\n|t:|1683036631\n|move|p1a: Pearls|Protect|p1a: Pearls\n|-singleturn|p1a: Pearls|Protect\n|move|p1b: Ironmouse|Fake Out|p2a: Unagi\n|-crit|p2a: Unagi\n|-damage|p2a: Unagi|92\/100\n|cant|p2a: Unagi|flinch\n|move|p2b: Orchidiris|Venoshock|p1a: Pearls\n|-activate|p1a: Pearls|move: Protect\n|\n|-damage|p1a: Pearls|66\/100 psn|[from] psn\n|-damage|p1b: Ironmouse|72\/100 psn|[from] psn\n|-start|p1a: Pearls|perish2\n|-start|p2a: Unagi|perish2\n|-start|p2b: Orchidiris|perish2\n|-start|p1b: Ironmouse|perish2\n|upkeep\n|turn|6\n|\n|t:|1683036648\n|-end|p1a: Pearls|Protosynthesis|[silent]\n|switch|p1a: O|Amoonguss, L50, M|100\/100\n|move|p2a: Unagi|Helping Hand|p2b: Orchidiris\n|-singleturn|p2b: Orchidiris|Helping Hand|[of] p2a: Unagi\n|move|p1b: Ironmouse|Protect|p1b: Ironmouse\n|-singleturn|p1b: Ironmouse|Protect\n|move|p2b: Orchidiris|Venoshock|p1b: Ironmouse\n|-activate|p1b: Ironmouse|move: Protect\n|\n|-damage|p1b: Ironmouse|59\/100 psn|[from] psn\n|-start|p2a: Unagi|perish1\n|-start|p2b: Orchidiris|perish1\n|-start|p1b: Ironmouse|perish1\n|upkeep\n|turn|7\n|\n|t:|1683036668\n|switch|p1b: AllMight|Palafin-Hero, L50, M, tera:Water|100\/100\n|-activate|p1b: AllMight|ability: Zero to Hero\n|move|p1a: O|Protect|p1a: O\n|-singleturn|p1a: O|Protect\n|move|p2a: Unagi|Taunt|p1a: O\n|-activate|p1a: O|move: Protect\n|move|p2b: Orchidiris|Energy Ball|p1b: AllMight\n|-supereffective|p1b: AllMight\n|-crit|p1b: AllMight\n|-damage|p1b: AllMight|0 fnt\n|faint|p1b: AllMight\n|\n|-start|p2a: Unagi|perish0\n|-start|p2b: Orchidiris|perish0\n|faint|p2a: Unagi\n|faint|p2b: Orchidiris\n|upkeep\n|c|\u2606MightyMudsdale|gg wp\n|\n|t:|1683036680\n|switch|p1b: Pearls|Flutter Mane, L50|66\/100 psn\n|switch|p2b: Chi-Yu|Chi-Yu, L50|100\/100\n|-ability|p2b: Chi-Yu|Beads of Ruin\n|turn|8\n|\n|t:|1683036702\n|move|p2b: Chi-Yu|Heat Wave|p1a: O|[spread] p1a,p1b\n|-supereffective|p1a: O\n|-damage|p1a: O|26\/100\n|-damage|p1b: Pearls|11\/100 psn\n|move|p1b: Pearls|Perish Song|p1b: Pearls\n|-start|p1a: O|perish3|[silent]\n|-start|p1b: Pearls|perish3|[silent]\n|-start|p2b: Chi-Yu|perish3|[silent]\n|-fieldactivate|move: Perish Song\n|move|p1a: O|Spore|p2b: Chi-Yu\n|-status|p2b: Chi-Yu|slp|[from] move: Spore\n|\n|-damage|p1b: Pearls|0 fnt|[from] psn\n|faint|p1b: Pearls\n|-end|p1b: Pearls|Protosynthesis|[silent]\n|-start|p2b: Chi-Yu|perish3\n|-start|p1a: O|perish3\n|upkeep\n|\n|t:|1683036712\n|switch|p1b: Ironmouse|Gothitelle, L50, F, shiny|59\/100 psn\n|turn|9\n|\n|t:|1683036730\n|move|p1b: Ironmouse|Fake Out|p2b: Chi-Yu\n|-damage|p2b: Chi-Yu|92\/100 slp\n|cant|p2b: Chi-Yu|slp\n|move|p1a: O|Pollen Puff|p1b: Ironmouse\n|-heal|p1b: Ironmouse|100\/100 psn\n|\n|-damage|p1b: Ironmouse|88\/100 psn|[from] psn\n|-start|p2b: Chi-Yu|perish2\n|-start|p1a: O|perish2\n|upkeep\n|turn|10\n|\n|t:|1683036742\n|cant|p2b: Chi-Yu|slp\n|move|p1b: Ironmouse|Light Screen|p1b: Ironmouse\n|-sidestart|p1: Bambambi|move: Light Screen\n|move|p1a: O|Pollen Puff|p1b: Ironmouse\n|-heal|p1b: Ironmouse|100\/100 psn\n|\n|-damage|p1b: Ironmouse|88\/100 psn|[from] psn\n|-start|p2b: Chi-Yu|perish1\n|-start|p1a: O|perish1\n|upkeep\n|turn|11\n|\n|t:|1683036753\n|move|p1b: Ironmouse|Protect|p1b: Ironmouse\n|-singleturn|p1b: Ironmouse|Protect\n|move|p1a: O|Protect|p1a: O\n|-singleturn|p1a: O|Protect\n|cant|p2b: Chi-Yu|slp\n|\n|-damage|p1b: Ironmouse|75\/100 psn|[from] psn\n|-start|p2b: Chi-Yu|perish0\n|-start|p1a: O|perish0\n|faint|p2b: Chi-Yu\n|faint|p1a: O\n|\n|win|Bambambi\n|upkeep\n|c|\u2606Bambambi|Gg wp\n","uploadtime":1683036784,"views":13,"p1id":"bambambi","p2id":"mightymudsdale","formatid":"gen9vgc2023regulationc","rating":0,"private":0,"password":""}