{"id":"gen9vgc2023regulationc-1850328293","p1":"XinBluQAQ","p2":"maku83199","format":"[Gen 9] VGC 2023 Regulation C","log":"|j|\u2606XinBluQAQ\n|j|\u2606maku83199\n|t:|1682318965\n|gametype|doubles\n|player|p1|XinBluQAQ|shadowtriad|\n|player|p2|maku83199|1|\n|teamsize|p1|6\n|teamsize|p2|6\n|gen|9\n|tier|[Gen 9] VGC 2023 Regulation C\n|rule|Species Clause: Limit one of each Pok\u00e9mon\n|rule|Item Clause: Limit one of each item\n|clearpoke\n|poke|p1|Amoonguss, L50, F|\n|poke|p1|Iron Hands, L50|\n|poke|p1|Dondozo, L50, M|\n|poke|p1|Ting-Lu, L50|\n|poke|p1|Flutter Mane, L50|\n|poke|p1|Chi-Yu, L50|\n|poke|p2|Klefki, L50, M|\n|poke|p2|Corviknight, L50, M|\n|poke|p2|Ting-Lu, L50|\n|poke|p2|Iron Hands, L50|\n|poke|p2|Flutter Mane, L50|\n|poke|p2|Dragonite, L50, F|\n|teampreview|4\n|\n|t:|1682319027\n|start\n|switch|p1a: Iron Hands|Iron Hands, L50, shiny|100\/100\n|switch|p1b: Chi-Yu|Chi-Yu, L50|100\/100\n|switch|p2a: Klefki|Klefki, L50, M|100\/100\n|switch|p2b: Ting-Lu|Ting-Lu, L50|100\/100\n|-ability|p1b: Chi-Yu|Beads of Ruin\n|-ability|p2b: Ting-Lu|Vessel of Ruin\n|turn|1\n|\n|t:|1682319102\n|move|p2a: Klefki|Light Screen|p2a: Klefki\n|-sidestart|p2: maku83199|move: Light Screen\n|move|p1b: Chi-Yu|Heat Wave|p2a: Klefki|[spread] p2a,p2b\n|-supereffective|p2a: Klefki\n|-damage|p2a: Klefki|35\/100\n|-damage|p2b: Ting-Lu|85\/100\n|-damage|p1b: Chi-Yu|91\/100|[from] item: Life Orb\n|move|p2b: Ting-Lu|Stomping Tantrum|p1b: Chi-Yu\n|-supereffective|p1b: Chi-Yu\n|-damage|p1b: Chi-Yu|0 fnt\n|faint|p1b: Chi-Yu\n|move|p1a: Iron Hands|Close Combat|p2b: Ting-Lu\n|-supereffective|p2b: Ting-Lu\n|-damage|p2b: Ting-Lu|0 fnt\n|-unboost|p1a: Iron Hands|def|1\n|-unboost|p1a: Iron Hands|spd|1\n|faint|p2b: Ting-Lu\n|\n|upkeep\n|\n|t:|1682319123\n|switch|p1b: Ting-Lu|Ting-Lu, L50|100\/100\n|switch|p2b: Flutter Mane|Flutter Mane, L50|100\/100\n|-ability|p1b: Ting-Lu|Vessel of Ruin\n|-enditem|p2b: Flutter Mane|Booster Energy\n|-activate|p2b: Flutter Mane|ability: Protosynthesis|[fromitem]\n|-start|p2b: Flutter Mane|protosynthesisspa\n|turn|2\n|\n|t:|1682319178\n|-terastallize|p1b: Ting-Lu|Poison\n|move|p2b: Flutter Mane|Protect|p2b: Flutter Mane\n|-singleturn|p2b: Flutter Mane|Protect\n|move|p2a: Klefki|Reflect|p2a: Klefki\n|-sidestart|p2: maku83199|Reflect\n|move|p1a: Iron Hands|Wild Charge|p2b: Flutter Mane\n|-activate|p2b: Flutter Mane|move: Protect\n|move|p1b: Ting-Lu|Rock Slide|p2a: Klefki|[spread] p2a\n|-activate|p2b: Flutter Mane|move: Protect\n|-resisted|p2a: Klefki\n|-damage|p2a: Klefki|28\/100\n|\n|upkeep\n|turn|3\n|\n|t:|1682319195\n|move|p2b: Flutter Mane|Moonblast|p1a: Iron Hands\n|-supereffective|p1a: Iron Hands\n|-damage|p1a: Iron Hands|19\/100\n|move|p2a: Klefki|Foul Play|p1b: Ting-Lu\n|-damage|p1b: Ting-Lu|81\/100\n|move|p1a: Iron Hands|Wild Charge|p2b: Flutter Mane\n|-damage|p2b: Flutter Mane|26\/100\n|-damage|p1a: Iron Hands|8\/100|[from] Recoil\n|move|p1b: Ting-Lu|Heavy Slam|p2b: Flutter Mane\n|-supereffective|p2b: Flutter Mane\n|-damage|p2b: Flutter Mane|0 fnt\n|faint|p2b: Flutter Mane\n|-end|p2b: Flutter Mane|Protosynthesis|[silent]\n|\n|upkeep\n|\n|t:|1682319203\n|switch|p2b: Dragonite|Dragonite, L50, F|100\/100\n|turn|4\n|\n|t:|1682319230\n|-terastallize|p2b: Dragonite|Flying\n|move|p1b: Ting-Lu|Protect|p1b: Ting-Lu\n|-singleturn|p1b: Ting-Lu|Protect\n|move|p2b: Dragonite|Tera Blast|p1b: Ting-Lu\n|-activate|p1b: Ting-Lu|move: Protect\n|move|p2a: Klefki|Foul Play|p1a: Iron Hands\n|-resisted|p1a: Iron Hands\n|-damage|p1a: Iron Hands|0 fnt\n|faint|p1a: Iron Hands\n|-end|p1a: Iron Hands|Quark Drive|[silent]\n|\n|upkeep\n|\n|t:|1682319240\n|switch|p1a: Flutter Mane|Flutter Mane, L50|100\/100\n|-enditem|p1a: Flutter Mane|Booster Energy\n|-activate|p1a: Flutter Mane|ability: Protosynthesis|[fromitem]\n|-start|p1a: Flutter Mane|protosynthesisspe\n|turn|5\n|\n|t:|1682319281\n|move|p1a: Flutter Mane|Substitute|p1a: Flutter Mane\n|-start|p1a: Flutter Mane|Substitute\n|-damage|p1a: Flutter Mane|76\/100\n|move|p2b: Dragonite|Tera Blast|p1a: Flutter Mane\n|-end|p1a: Flutter Mane|Substitute\n|move|p2a: Klefki|Foul Play|p1b: Ting-Lu\n|-crit|p1b: Ting-Lu\n|-damage|p1b: Ting-Lu|55\/100\n|move|p1b: Ting-Lu|Rock Slide|p2a: Klefki|[spread] p2a\n|-miss|p1b: Ting-Lu|p2b: Dragonite\n|-resisted|p2a: Klefki\n|-damage|p2a: Klefki|21\/100\n|\n|upkeep\n|turn|6\n|\n|t:|1682319335\n|move|p1b: Ting-Lu|Protect|p1b: Ting-Lu\n|-singleturn|p1b: Ting-Lu|Protect\n|move|p1a: Flutter Mane|Dazzling Gleam|p2a: Klefki|[spread] p2a,p2b\n|-resisted|p2a: Klefki\n|-damage|p2a: Klefki|14\/100\n|-damage|p2b: Dragonite|93\/100\n|move|p2b: Dragonite|Tera Blast|p1a: Flutter Mane\n|-damage|p1a: Flutter Mane|0 fnt\n|faint|p1a: Flutter Mane\n|-end|p1a: Flutter Mane|Protosynthesis|[silent]\n|move|p2a: Klefki|Foul Play|p1b: Ting-Lu\n|-activate|p1b: Ting-Lu|move: Protect\n|\n|upkeep\n|turn|7\n|\n|t:|1682319346\n|move|p2b: Dragonite|Tera Blast|p1b: Ting-Lu\n|-damage|p1b: Ting-Lu|21\/100\n|move|p2a: Klefki|Foul Play|p1b: Ting-Lu\n|-damage|p1b: Ting-Lu|2\/100\n|move|p1b: Ting-Lu|Rock Slide|p2b: Dragonite|[spread] p2a,p2b\n|-resisted|p2a: Klefki\n|-supereffective|p2b: Dragonite\n|-damage|p2a: Klefki|7\/100\n|-damage|p2b: Dragonite|71\/100\n|\n|upkeep\n|turn|8\n|\n|t:|1682319355\n|move|p2b: Dragonite|Tera Blast|p1b: Ting-Lu\n|-damage|p1b: Ting-Lu|0 fnt\n|faint|p1b: Ting-Lu\n|\n|win|maku83199\n|l|\u2606XinBluQAQ\n|l|\u2606maku83199\n|j|\u2606XinBluQAQ\n|player|p1|XinBluQAQ|shadowtriad\n","uploadtime":1682319358,"views":33,"p1id":"xinbluqaq","p2id":"maku83199","formatid":"gen9vgc2023regulationc","rating":0,"private":0,"password":""}