{"id":"gen9vgc2023regulationc-1863477613","p1":"MoboyPlaysPokemon","p2":"PittsburghEmpoleon","format":"[Gen 9] VGC 2023 Regulation C","log":"|j|\u2606MoboyPlaysPokemon\n|j|\u2606PittsburghEmpoleon\n|t:|1684022670\n|gametype|doubles\n|player|p1|MoboyPlaysPokemon|266|\n|player|p2|PittsburghEmpoleon|steven|\n|teamsize|p1|6\n|teamsize|p2|6\n|gen|9\n|tier|[Gen 9] VGC 2023 Regulation C\n|rule|Species Clause: Limit one of each Pok\u00e9mon\n|rule|Item Clause: Limit one of each item\n|clearpoke\n|poke|p1|Ceruledge, L50, M|\n|poke|p1|Toxapex, L50, M|\n|poke|p1|Iron Thorns, L50|\n|poke|p1|Indeedee-F, L50, F|\n|poke|p1|Kingambit, L50, M|\n|poke|p1|Meowscarada, L50, M|\n|poke|p2|Dondozo, L50, F|\n|poke|p2|Chien-Pao, L50|\n|poke|p2|Dragonite, L50, F|\n|poke|p2|Mimikyu, L50, F|\n|poke|p2|Glimmora, L50, M|\n|poke|p2|Tatsugiri, L50, F|\n|teampreview|4\n|c|\u2606PittsburghEmpoleon|gl hf\n|c|\u2606MoboyPlaysPokemon|glhf\n|j| Douey$$$6o69\n|\n|t:|1684022736\n|start\n|switch|p1a: Muffin Baker|Indeedee-F, L50, F|100\/100\n|switch|p1b: Fallacious Feline|Meowscarada, L50, M|100\/100\n|switch|p2a: Glimmora|Glimmora, L50, M|100\/100\n|switch|p2b: Mimikyu|Mimikyu, L50, F|100\/100\n|-fieldstart|move: Psychic Terrain|[from] ability: Psychic Surge|[of] p1a: Muffin Baker\n|-enditem|p1a: Muffin Baker|Psychic Seed\n|-boost|p1a: Muffin Baker|spd|1|[from] item: Psychic Seed\n|turn|1\n|\n|t:|1684022783\n|move|p1a: Muffin Baker|Follow Me|p1a: Muffin Baker\n|-singleturn|p1a: Muffin Baker|move: Follow Me\n|move|p2b: Mimikyu|Swords Dance|p2b: Mimikyu\n|-boost|p2b: Mimikyu|atk|2\n|move|p2a: Glimmora|Sludge Bomb|p1a: Muffin Baker\n|-damage|p1a: Muffin Baker|63\/100\n|move|p1b: Fallacious Feline|Trick Room|p1b: Fallacious Feline\n|-fieldstart|move: Trick Room|[of] p1b: Fallacious Feline\n|\n|upkeep\n|turn|2\n|\n|t:|1684022801\n|move|p2b: Mimikyu|Protect|p2b: Mimikyu\n|-singleturn|p2b: Mimikyu|Protect\n|move|p1a: Muffin Baker|Psychic|p2a: Glimmora\n|-supereffective|p2a: Glimmora\n|-damage|p2a: Glimmora|5\/100\n|move|p2a: Glimmora|Sludge Bomb|p1b: Fallacious Feline\n|-supereffective|p1b: Fallacious Feline\n|-enditem|p1b: Fallacious Feline|Focus Sash\n|-damage|p1b: Fallacious Feline|1\/100\n|move|p1b: Fallacious Feline|Flower Trick|p2b: Mimikyu\n|-activate|p2b: Mimikyu|move: Protect\n|\n|upkeep\n|turn|3\n|\n|t:|1684022821\n|switch|p2a: Chien-Pao|Chien-Pao, L50|100\/100\n|-ability|p2a: Chien-Pao|Sword of Ruin\n|move|p1b: Fallacious Feline|Protect|p1b: Fallacious Feline\n|-singleturn|p1b: Fallacious Feline|Protect\n|move|p1a: Muffin Baker|Psychic|p2b: Mimikyu\n|-activate|p2b: Mimikyu|ability: Disguise\n|-damage|p2b: Mimikyu|100\/100\n|-unboost|p2b: Mimikyu|spd|1\n|detailschange|p2b: Mimikyu|Mimikyu-Busted, L50, F\n|-damage|p2b: Mimikyu|88\/100|[from] pokemon: Mimikyu-Busted\n|move|p2b: Mimikyu|Play Rough|p1a: Muffin Baker\n|-damage|p1a: Muffin Baker|0 fnt\n|faint|p1a: Muffin Baker\n|-damage|p2b: Mimikyu|78\/100|[from] item: Life Orb\n|\n|upkeep\n|\n|t:|1684022837\n|switch|p1a: Darth Voke|Ceruledge, L50, M|100\/100\n|turn|4\n|\n|t:|1684022863\n|-terastallize|p2b: Mimikyu|Fire\n|move|p2a: Chien-Pao|Protect|p2a: Chien-Pao\n|-singleturn|p2a: Chien-Pao|Protect\n|move|p1a: Darth Voke|Bitter Blade|p2a: Chien-Pao\n|-activate|p2a: Chien-Pao|move: Protect\n|move|p1b: Fallacious Feline|Flower Trick|p2b: Mimikyu\n|-resisted|p2b: Mimikyu\n|-crit|p2b: Mimikyu\n|-damage|p2b: Mimikyu|4\/100\n|move|p2b: Mimikyu|Play Rough|p1b: Fallacious Feline\n|-supereffective|p1b: Fallacious Feline\n|-damage|p1b: Fallacious Feline|0 fnt\n|faint|p1b: Fallacious Feline\n|-damage|p2b: Mimikyu|0 fnt|[from] item: Life Orb\n|faint|p2b: Mimikyu\n|\n|upkeep\n|\n|t:|1684022884\n|switch|p1b: Jade Colossus|Iron Thorns, L50|100\/100\n|switch|p2b: Glimmora|Glimmora, L50, M|5\/100\n|turn|5\n|\n|t:|1684022903\n|switch|p2a: Dragonite|Dragonite, L50, F|100\/100\n|move|p1b: Jade Colossus|Thunder Punch|p2b: Glimmora\n|-damage|p2b: Glimmora|0 fnt\n|-activate|p2b: Glimmora|ability: Toxic Debris\n|-sidestart|p1: MoboyPlaysPokemon|move: Toxic Spikes\n|faint|p2b: Glimmora\n|move|p1a: Darth Voke|Bitter Blade|p2a: Dragonite\n|-resisted|p2a: Dragonite\n|-damage|p2a: Dragonite|89\/100\n|\n|-fieldend|move: Trick Room\n|-fieldend|move: Psychic Terrain\n|upkeep\n|\n|t:|1684022913\n|switch|p2b: Chien-Pao|Chien-Pao, L50|100\/100\n|-ability|p2b: Chien-Pao|Sword of Ruin\n|turn|6\n|\n|t:|1684022932\n|move|p2b: Chien-Pao|Sucker Punch||[still]\n|-fail|p2b: Chien-Pao\n|move|p2a: Dragonite|Stomping Tantrum|p1a: Darth Voke\n|-supereffective|p1a: Darth Voke\n|-crit|p1a: Darth Voke\n|-damage|p1a: Darth Voke|0 fnt\n|faint|p1a: Darth Voke\n|move|p1b: Jade Colossus|Rock Blast|p2b: Chien-Pao\n|-supereffective|p2b: Chien-Pao\n|-damage|p2b: Chien-Pao|57\/100\n|-supereffective|p2b: Chien-Pao\n|-damage|p2b: Chien-Pao|14\/100\n|-supereffective|p2b: Chien-Pao\n|-damage|p2b: Chien-Pao|0 fnt\n|faint|p2b: Chien-Pao\n|-hitcount|p2: Chien-Pao|3\n|\n|upkeep\n|turn|7\n|\n|t:|1684022945\n|-terastallize|p1b: Jade Colossus|Rock\n|move|p2a: Dragonite|Stomping Tantrum|p1b: Jade Colossus\n|-supereffective|p1b: Jade Colossus\n|-damage|p1b: Jade Colossus|36\/100\n|move|p1b: Jade Colossus|Rock Blast|p2a: Dragonite\n|-supereffective|p2a: Dragonite\n|-damage|p2a: Dragonite|51\/100\n|-supereffective|p2a: Dragonite\n|-crit|p2a: Dragonite\n|-damage|p2a: Dragonite|0 fnt\n|faint|p2a: Dragonite\n|-hitcount|p2: Dragonite|2\n|\n|win|MoboyPlaysPokemon\n|c|\u2606PittsburghEmpoleon|gg\n|c|\u2606MoboyPlaysPokemon|gg\n","uploadtime":1684022954,"views":17,"p1id":"moboyplayspokemon","p2id":"pittsburghempoleon","formatid":"gen9vgc2023regulationc","rating":0,"private":0,"password":""}