{"id":"gen9vgc2023regulationc-1854917392","p1":"ironhandsfanacct","p2":"BodaciousBulbasaur","format":"[Gen 9] VGC 2023 Regulation C","log":"|j|\u2606ironhandsfanacct\n|j|\u2606BodaciousBulbasaur\n|t:|1682880559\n|gametype|doubles\n|player|p1|ironhandsfanacct|iris-gen5bw2|\n|player|p2|BodaciousBulbasaur|acetrainerf-gen4dp|\n|teamsize|p1|6\n|teamsize|p2|6\n|gen|9\n|tier|[Gen 9] VGC 2023 Regulation C\n|rule|Species Clause: Limit one of each Pok\u00e9mon\n|rule|Item Clause: Limit one of each item\n|clearpoke\n|poke|p1|Palafin, L50, F|\n|poke|p1|Pelipper, L50, M|\n|poke|p1|Bisharp, L50, F|\n|poke|p1|Glimmora, L50, F|\n|poke|p1|Breloom, L50, F|\n|poke|p1|Magnezone, L50|\n|poke|p2|Dragonite, L50, F|\n|poke|p2|Scream Tail, L50|\n|poke|p2|Tauros-Paldea-Aqua, L50, M|\n|poke|p2|Houndoom, L50, M|\n|poke|p2|Rotom-Wash, L50|\n|poke|p2|Vivillon-Fancy, L50, M|\n|teampreview|4\n|c|\u2606BodaciousBulbasaur|G3\n|c|\u2606ironhandsfanacct|r?\n|c|\u2606BodaciousBulbasaur|Ready. GLHF\n|inactive|Battle timer is ON: inactive players will automatically lose when time's up. (requested by BodaciousBulbasaur)\n|c|\u2606ironhandsfanacct|glhf\n|inactive|BodaciousBulbasaur has 60 seconds left.\n|\n|t:|1682881245\n|start\n|switch|p1a: Palafin|Palafin, L50, F, shiny|100\/100\n|switch|p1b: Pelipper|Pelipper, L50, M, shiny|100\/100\n|switch|p2a: Tauros|Tauros-Paldea-Aqua, L50, M|100\/100\n|switch|p2b: Scream Tail|Scream Tail, L50|100\/100\n|-ability|p2a: Tauros|Intimidate|boost\n|-unboost|p1a: Palafin|atk|1\n|-unboost|p1b: Pelipper|atk|1\n|-weather|RainDance|[from] ability: Drizzle|[of] p1b: Pelipper\n|turn|1\n|inactive|ironhandsfanacct has 30 seconds left.\n|inactive|BodaciousBulbasaur has 30 seconds left.\n|\n|t:|1682881277\n|move|p2b: Scream Tail|Howl|p2b: Scream Tail|[spread] p2a,p2b\n|-boost|p2a: Tauros|atk|1\n|-boost|p2b: Scream Tail|atk|1\n|move|p1a: Palafin|Flip Turn|p2b: Scream Tail\n|-damage|p2b: Scream Tail|74\/100\n|\n|t:|1682881292\n|detailschange|p1a: Palafin|Palafin-Hero, L50, F, shiny\n|switch|p1a: Magnezone|Magnezone, L50, shiny|100\/100|[from] Flip Turn\n|move|p2a: Tauros|Wild Charge|p1b: Pelipper\n|-supereffective|p1b: Pelipper\n|-enditem|p1b: Pelipper|Focus Sash\n|-damage|p1b: Pelipper|1\/100\n|-damage|p2a: Tauros|73\/100|[from] Recoil\n|-damage|p2a: Tauros|63\/100|[from] item: Life Orb\n|move|p1b: Pelipper|Tailwind|p1b: Pelipper\n|-sidestart|p1: ironhandsfanacct|move: Tailwind\n|\n|-weather|RainDance|[upkeep]\n|upkeep\n|turn|2\n|\n|t:|1682881316\n|switch|p2a: Rotom|Rotom-Wash, L50|100\/100\n|move|p2b: Scream Tail|Protect|p2b: Scream Tail\n|-singleturn|p2b: Scream Tail|Protect\n|move|p1b: Pelipper|Hydro Pump|p2b: Scream Tail\n|-activate|p2b: Scream Tail|move: Protect\n|move|p1a: Magnezone|Thunder|p2a: Rotom\n|-damage|p2a: Rotom|41\/100\n|-enditem|p2a: Rotom|Sitrus Berry|[eat]\n|-heal|p2a: Rotom|65\/100|[from] item: Sitrus Berry\n|\n|-weather|RainDance|[upkeep]\n|upkeep\n|turn|3\n|inactive|BodaciousBulbasaur has 30 seconds left.\n|\n|t:|1682881349\n|switch|p1b: Bisharp|Bisharp, L50, F, shiny|100\/100\n|move|p2b: Scream Tail|Encore||[still]\n|-fail|p2b: Scream Tail\n|move|p1a: Magnezone|Thunder|p2a: Rotom\n|-damage|p2a: Rotom|9\/100\n|move|p2a: Rotom|Hydro Pump|p1a: Magnezone|[miss]\n|-miss|p2a: Rotom|p1a: Magnezone\n|\n|-weather|RainDance|[upkeep]\n|upkeep\n|turn|4\n|inactive|BodaciousBulbasaur has 30 seconds left.\n|\n|t:|1682881380\n|-terastallize|p2b: Scream Tail|Dragon\n|move|p2a: Rotom|Protect|p2a: Rotom\n|-singleturn|p2a: Rotom|Protect\n|move|p1b: Bisharp|Iron Head|p2b: Scream Tail\n|-damage|p2b: Scream Tail|43\/100\n|move|p2b: Scream Tail|Disable|p1a: Magnezone\n|-start|p1a: Magnezone|Disable|Thunder\n|cant|p1a: Magnezone|Disable|Thunder\n|\n|-weather|RainDance|[upkeep]\n|-sideend|p1: ironhandsfanacct|move: Tailwind\n|upkeep\n|turn|5\n|\n|t:|1682881401\n|switch|p2a: Dragonite|Dragonite, L50, F|100\/100\n|switch|p1a: Pelipper|Pelipper, L50, M, shiny|1\/100\n|move|p2b: Scream Tail|Howl|p2b: Scream Tail|[spread] p2a,p2b\n|-boost|p2a: Dragonite|atk|1\n|-boost|p2b: Scream Tail|atk|1\n|move|p1b: Bisharp|Assurance|p2a: Dragonite\n|-damage|p2a: Dragonite|83\/100\n|\n|-weather|none\n|-heal|p2a: Dragonite|89\/100|[from] item: Leftovers\n|upkeep\n|turn|6\n|\n|t:|1682881426\n|move|p2b: Scream Tail|Howl|p2b: Scream Tail|[spread] p2a,p2b\n|-boost|p2a: Dragonite|atk|1\n|-boost|p2b: Scream Tail|atk|1\n|move|p2a: Dragonite|Dragon Claw|p1a: Pelipper\n|-damage|p1a: Pelipper|0 fnt\n|faint|p1a: Pelipper\n|move|p1b: Bisharp|Iron Head|p2b: Scream Tail\n|-damage|p2b: Scream Tail|9\/100\n|\n|-heal|p2a: Dragonite|95\/100|[from] item: Leftovers\n|upkeep\n|\n|t:|1682881441\n|switch|p1a: Magnezone|Magnezone, L50, shiny|100\/100\n|turn|7\n|inactive|ironhandsfanacct has 30 seconds left.\n|\n|t:|1682881476\n|move|p2a: Dragonite|Protect|p2a: Dragonite\n|-singleturn|p2a: Dragonite|Protect\n|move|p1b: Bisharp|Protect|p1b: Bisharp\n|-singleturn|p1b: Bisharp|Protect\n|move|p2b: Scream Tail|Disable|p1b: Bisharp\n|-activate|p1b: Bisharp|move: Protect\n|move|p1a: Magnezone|Flash Cannon|p2b: Scream Tail\n|-damage|p2b: Scream Tail|0 fnt\n|faint|p2b: Scream Tail\n|-end|p2b: Scream Tail|Protosynthesis|[silent]\n|\n|-heal|p2a: Dragonite|100\/100|[from] item: Leftovers\n|upkeep\n|\n|t:|1682881489\n|switch|p2b: Tauros|Tauros-Paldea-Aqua, L50, M|63\/100\n|-ability|p2b: Tauros|Intimidate|boost\n|-unboost|p1a: Magnezone|atk|1\n|-unboost|p1b: Bisharp|atk|1\n|-ability|p1b: Bisharp|Defiant|boost\n|-boost|p1b: Bisharp|atk|2\n|turn|8\n|\n|t:|1682881516\n|-terastallize|p1a: Magnezone|Flying\n|move|p1b: Bisharp|Sucker Punch|p2a: Dragonite\n|-crit|p2a: Dragonite\n|-damage|p2a: Dragonite|60\/100\n|move|p2b: Tauros|Stomping Tantrum|p1a: Magnezone\n|-immune|p1a: Magnezone\n|move|p2a: Dragonite|Low Kick|p1b: Bisharp\n|-supereffective|p1b: Bisharp\n|-damage|p1b: Bisharp|0 fnt\n|faint|p1b: Bisharp\n|move|p1a: Magnezone|Thunderbolt|p2b: Tauros\n|-supereffective|p2b: Tauros\n|-damage|p2b: Tauros|0 fnt\n|faint|p2b: Tauros\n|\n|-heal|p2a: Dragonite|66\/100|[from] item: Leftovers\n|upkeep\n|\n|t:|1682881529\n|switch|p2b: Rotom|Rotom-Wash, L50|9\/100\n|switch|p1b: Palafin|Palafin-Hero, L50, F, shiny|100\/100\n|-activate|p1b: Palafin|ability: Zero to Hero\n|turn|9\n|\n|t:|1682881553\n|move|p1b: Palafin|Jet Punch|p2b: Rotom\n|-resisted|p2b: Rotom\n|-damage|p2b: Rotom|0 fnt\n|faint|p2b: Rotom\n|move|p2a: Dragonite|Dragon Claw|p1a: Magnezone\n|-damage|p1a: Magnezone|35\/100\n|move|p1a: Magnezone|Thunderbolt|p2a: Dragonite\n|-damage|p2a: Dragonite|14\/100\n|\n|-heal|p2a: Dragonite|20\/100|[from] item: Leftovers\n|upkeep\n|turn|10\n|c|\u2606BodaciousBulbasaur|GG\n|c|\u2606ironhandsfanacct|ggs\n|\n|t:|1682881565\n|move|p1b: Palafin|Jet Punch|p2a: Dragonite\n|-resisted|p2a: Dragonite\n|-damage|p2a: Dragonite|0 fnt\n|faint|p2a: Dragonite\n|\n|win|ironhandsfanacct\n|c|\u2606BodaciousBulbasaur|I'll get replays\n|c|\u2606ironhandsfanacct|oh\n|c|\u2606ironhandsfanacct|shit\n|c|\u2606ironhandsfanacct|sorry\n","uploadtime":1682881606,"views":11,"p1id":"ironhandsfanacct","p2id":"bodaciousbulbasaur","formatid":"gen9vgc2023regulationc","rating":0,"private":0,"password":""}