{"id":"gen9vgc2023regulationc-1849335349","p1":"Manolo M","p2":"123datastage123","format":"[Gen 9] VGC 2023 Regulation C","log":"|j|\u2606Manolo M\n|j|\u2606123datastage123\n|t:|1682187156\n|gametype|doubles\n|player|p1|Manolo M|bugcatcher-gen4dp|1338\n|player|p2|123datastage123|n|1282\n|teamsize|p1|6\n|teamsize|p2|6\n|gen|9\n|tier|[Gen 9] VGC 2023 Regulation C\n|rated|\n|rule|Species Clause: Limit one of each Pok\u00e9mon\n|rule|Item Clause: Limit one of each item\n|clearpoke\n|poke|p1|Amoonguss, L50, M|\n|poke|p1|Gyarados, L50, F|\n|poke|p1|Arcanine, L50, F|\n|poke|p1|Flutter Mane, L50|\n|poke|p1|Glimmora, L50, M|\n|poke|p1|Chi-Yu, L50|\n|poke|p2|Ting-Lu, L50|\n|poke|p2|Palafin, L50, M|\n|poke|p2|Flutter Mane, L50|\n|poke|p2|Arcanine, L50, M|\n|poke|p2|Amoonguss, L50, F|\n|poke|p2|Corviknight, L50, F|\n|teampreview|4\n|inactive|Battle timer is ON: inactive players will automatically lose when time's up. (requested by 123datastage123)\n|inactive|123datastage123 has 60 seconds left.\n|inactive|123datastage123 has 30 seconds left.\n|inactive|123datastage123 has 20 seconds left.\n|inactive|123datastage123 has 15 seconds left.\n|inactive|123datastage123 has 10 seconds left.\n|inactive|123datastage123 has 5 seconds left.\n|\n|t:|1682187246\n|start\n|switch|p1a: Glimmora|Glimmora, L50, M|100\/100\n|switch|p1b: Chi-Yu|Chi-Yu, L50|100\/100\n|switch|p2a: Ting-Lu|Ting-Lu, L50|100\/100\n|switch|p2b: Palafin|Palafin, L50, M|100\/100\n|-ability|p1b: Chi-Yu|Beads of Ruin\n|-ability|p2a: Ting-Lu|Vessel of Ruin\n|turn|1\n|inactive|123datastage123 has 30 seconds left.\n|inactive|123datastage123 has 20 seconds left.\n|inactive|123datastage123 has 15 seconds left.\n|\n|t:|1682187287\n|-terastallize|p1a: Glimmora|Grass\n|move|p1b: Chi-Yu|Protect|p1b: Chi-Yu\n|-singleturn|p1b: Chi-Yu|Protect\n|move|p2b: Palafin|Wave Crash|p1a: Glimmora\n|-resisted|p1a: Glimmora\n|-damage|p1a: Glimmora|75\/100\n|-activate|p1a: Glimmora|ability: Toxic Debris\n|-sidestart|p2: 123datastage123|move: Toxic Spikes\n|-damage|p2b: Palafin|93\/100|[from] Recoil\n|move|p1a: Glimmora|Mortal Spin|p2a: Ting-Lu|[spread] p2a,p2b\n|-resisted|p2a: Ting-Lu\n|-damage|p2a: Ting-Lu|99\/100\n|-damage|p2b: Palafin|88\/100\n|-status|p2a: Ting-Lu|psn\n|-status|p2b: Palafin|psn\n|move|p2a: Ting-Lu|Fissure|p1b: Chi-Yu\n|-activate|p1b: Chi-Yu|move: Protect\n|\n|-damage|p2b: Palafin|76\/100 psn|[from] psn\n|-damage|p2a: Ting-Lu|87\/100 psn|[from] psn\n|upkeep\n|turn|2\n|inactive|Manolo M has 30 seconds left.\n|inactive|123datastage123 has 30 seconds left.\n|inactive|123datastage123 has 20 seconds left.\n|inactive|123datastage123 has 15 seconds left.\n|inactive|123datastage123 has 10 seconds left.\n|inactive|123datastage123 has 5 seconds left.\n|\n|t:|1682187337\n|switch|p1b: Amoonguss|Amoonguss, L50, M|100\/100\n|move|p2b: Palafin|Jet Punch|p1b: Amoonguss\n|-resisted|p1b: Amoonguss\n|-damage|p1b: Amoonguss|88\/100\n|move|p1a: Glimmora|Energy Ball|p2a: Ting-Lu\n|-supereffective|p2a: Ting-Lu\n|-damage|p2a: Ting-Lu|54\/100 psn\n|move|p2a: Ting-Lu|Ruination|p1a: Glimmora\n|-damage|p1a: Glimmora|38\/100\n|\n|-damage|p2b: Palafin|63\/100 psn|[from] psn\n|-damage|p2a: Ting-Lu|42\/100 psn|[from] psn\n|upkeep\n|turn|3\n|inactive|Manolo M has 30 seconds left.\n|\n|t:|1682187363\n|detailschange|p2b: Palafin|Palafin-Hero, L50, M\n|switch|p2b: Arcanine|Arcanine, L50, M|100\/100\n|-status|p2b: Arcanine|psn\n|-ability|p2b: Arcanine|Intimidate|boost\n|-unboost|p1a: Glimmora|atk|1\n|-unboost|p1b: Amoonguss|atk|1\n|move|p1a: Glimmora|Power Gem|p2b: Arcanine\n|-supereffective|p2b: Arcanine\n|-damage|p2b: Arcanine|34\/100 psn\n|move|p2a: Ting-Lu|Ruination|p1b: Amoonguss\n|-damage|p1b: Amoonguss|44\/100\n|-enditem|p1b: Amoonguss|Sitrus Berry|[eat]\n|-heal|p1b: Amoonguss|69\/100|[from] item: Sitrus Berry\n|move|p1b: Amoonguss|Pollen Puff|p1a: Glimmora\n|-heal|p1a: Glimmora|88\/100\n|\n|-damage|p2b: Arcanine|22\/100 psn|[from] psn\n|-damage|p2a: Ting-Lu|30\/100 psn|[from] psn\n|upkeep\n|turn|4\n|inactive|Manolo M has 30 seconds left.\n|inactive|Manolo M has 20 seconds left.\n|\n|t:|1682187400\n|switch|p2a: Flutter Mane|Flutter Mane, L50, shiny|100\/100\n|-enditem|p2a: Flutter Mane|Booster Energy\n|-activate|p2a: Flutter Mane|ability: Protosynthesis|[fromitem]\n|-start|p2a: Flutter Mane|protosynthesisspa\n|-status|p2a: Flutter Mane|psn\n|switch|p1b: Chi-Yu|Chi-Yu, L50|100\/100\n|-ability|p1b: Chi-Yu|Beads of Ruin\n|move|p2b: Arcanine|Flare Blitz|p1a: Glimmora\n|-supereffective|p1a: Glimmora\n|-damage|p1a: Glimmora|0 fnt\n|-activate|p1a: Glimmora|ability: Toxic Debris\n|-sidestart|p2: 123datastage123|move: Toxic Spikes\n|faint|p1a: Glimmora\n|-damage|p2b: Arcanine|0 fnt|[from] Recoil\n|faint|p2b: Arcanine\n|\n|-damage|p2a: Flutter Mane|89\/100 psn|[from] psn\n|upkeep\n|\n|t:|1682187423\n|switch|p2b: Palafin|Palafin-Hero, L50, M|63\/100 psn\n|switch|p1a: Amoonguss|Amoonguss, L50, M|100\/100\n|-activate|p2b: Palafin|ability: Zero to Hero\n|turn|5\n|\n|t:|1682187444\n|-terastallize|p2b: Palafin|Water\n|move|p1a: Amoonguss|Rage Powder|p1a: Amoonguss\n|-singleturn|p1a: Amoonguss|move: Rage Powder\n|move|p2a: Flutter Mane|Shadow Ball|p1a: Amoonguss\n|-damage|p1a: Amoonguss|38\/100\n|move|p2b: Palafin|Wave Crash|p1a: Amoonguss\n|-resisted|p1a: Amoonguss\n|-damage|p1a: Amoonguss|0 fnt\n|faint|p1a: Amoonguss\n|-damage|p2b: Palafin|50\/100 psn|[from] Recoil\n|move|p1b: Chi-Yu|Hex|p2a: Flutter Mane\n|-supereffective|p2a: Flutter Mane\n|-damage|p2a: Flutter Mane|0 fnt\n|faint|p2a: Flutter Mane\n|-end|p2a: Flutter Mane|Protosynthesis|[silent]\n|-damage|p1b: Chi-Yu|91\/100|[from] item: Life Orb\n|\n|-damage|p2b: Palafin|38\/100 psn|[from] psn\n|upkeep\n|\n|t:|1682187460\n|switch|p2a: Ting-Lu|Ting-Lu, L50|30\/100 psn\n|switch|p1a: Flutter Mane|Flutter Mane, L50|100\/100\n|-ability|p2a: Ting-Lu|Vessel of Ruin\n|turn|6\n|\n|t:|1682187478\n|move|p1b: Chi-Yu|Protect|p1b: Chi-Yu\n|-singleturn|p1b: Chi-Yu|Protect\n|move|p2b: Palafin|Jet Punch|p1a: Flutter Mane\n|-damage|p1a: Flutter Mane|32\/100\n|move|p1a: Flutter Mane|Hex|p2b: Palafin\n|-damage|p2b: Palafin|0 fnt\n|faint|p2b: Palafin\n|move|p2a: Ting-Lu|Stomping Tantrum|p1b: Chi-Yu\n|-activate|p1b: Chi-Yu|move: Protect\n|\n|-heal|p1a: Flutter Mane|38\/100|[from] item: Leftovers\n|-damage|p2a: Ting-Lu|18\/100 psn|[from] psn\n|upkeep\n|turn|7\n|\n|t:|1682187495\n|move|p1a: Flutter Mane|Moonblast|p2a: Ting-Lu\n|-supereffective|p2a: Ting-Lu\n|-damage|p2a: Ting-Lu|0 fnt\n|faint|p2a: Ting-Lu\n|\n|win|Manolo M\n|raw|Manolo M's rating: 1338 → 1355<\/strong> (+17 for winning)\n|raw|123datastage123's rating: 1282 → 1261<\/strong> (-21 for losing)\n","uploadtime":1682187498,"views":8,"p1id":"manolom","p2id":"123datastage123","formatid":"gen9vgc2023regulationc","rating":1261,"private":0,"password":""}