{"id":"gen9vgc2023regulationc-1859264592","p1":"MasterofMetapods5","p2":"Snowstorm brute","format":"[Gen 9] VGC 2023 Regulation C","log":"|j|\u2606MasterofMetapods5\n|j|\u2606Snowstorm brute\n|t:|1683425779\n|gametype|doubles\n|player|p1|MasterofMetapods5|lance|\n|player|p2|Snowstorm brute|veteran|\n|teamsize|p1|6\n|teamsize|p2|5\n|gen|9\n|tier|[Gen 9] VGC 2023 Regulation C\n|rated|Tournament battle\n|rule|Species Clause: Limit one of each Pok\u00e9mon\n|rule|Item Clause: Limit one of each item\n|clearpoke\n|poke|p1|Amoonguss, L50, M|\n|poke|p1|Ting-Lu, L50|\n|poke|p1|Corviknight, L50, M|\n|poke|p1|Rotom-Wash, L50|\n|poke|p1|Chi-Yu, L50|\n|poke|p1|Flutter Mane, L50|\n|poke|p2|Dondozo, L50, F|\n|poke|p2|Tatsugiri, L50, F|\n|poke|p2|Kingambit, L50, F|\n|poke|p2|Iron Valiant, L50|\n|poke|p2|Indeedee-F, L50, F|\n|teampreview|4\n|raw| Open Team Sheet for MasterofMetapods5<\/summary>Amoonguss (M) @ Sitrus Berry Ability: Regenerator Level: 50 Tera Type: Water - Clear Smog - Pollen Puff - Spore - Rage Powder Ting-Lu @ Leftovers Ability: Vessel of Ruin Level: 50 Tera Type: Poison - Protect - Earthquake - Heavy Slam - Ruination Corviknight (M) @ Lum Berry Ability: Mirror Armor Level: 50 Tera Type: Dragon - Brave Bird - Iron Head - Roost - Tailwind Rotom (Rotom-Wash) @ Safety Goggles Ability: Levitate Level: 50 Tera Type: Poison - Protect - Thunderbolt - Hydro Pump - Nasty Plot Chi-Yu @ Focus Sash Ability: Beads of Ruin Level: 50 Tera Type: Fire - Protect - Heat Wave - Dark Pulse - Overheat Flutter Mane @ Booster Energy Ability: Protosynthesis Level: 50 Tera Type: Ghost - Protect - Moonblast - Shadow Ball - Icy Wind <\/details><\/div> Open Team Sheet for Snowstorm brute<\/summary>Dondozo @ Safety Goggles Ability: Water Veil Level: 50 Tera Type: Steel - Noble Roar - Wave Crash - Order Up - Rest Tatsugiri @ Roseli Berry Ability: Commander Level: 50 Tera Type: Fairy - Muddy Water - Draco Meteor - Helping Hand - Protect Kingambit @ Leftovers Ability: Defiant Level: 50 Tera Type: Water - Substitute - Iron Head - Kowtow Cleave - Protect Iron Valiant @ Focus Sash Ability: Quark Drive Level: 50 Tera Type: Steel - Moonblast - Aura Sphere - Trick Room - Protect Indeedee (Indeedee-F) (F) @ Psychic Seed Ability: Psychic Surge Level: 50 Tera Type: Psychic - Follow Me - Psychic - Dazzling Gleam - Trick Room <\/details><\/div>\n|c|\u2606MasterofMetapods5|glhf\n|j|%Aldrich\n|c|\u2606Snowstorm brute|gl\n|j| AmongusMaster5678\n|j| Radio Free C-Side\n|j| Jet Pilot Skyla\n|c|\u2606Snowstorm brute|the only person who has beat the newly made 5man squad\n|\n|t:|1683425821\n|start\n|switch|p1a: Chi-Yu|Chi-Yu, L50|100\/100\n|switch|p1b: Ting-Lu|Ting-Lu, L50|100\/100\n|switch|p2a: Kingambit|Kingambit, L50, F|100\/100\n|switch|p2b: Indeedee|Indeedee-F, L50, F|100\/100\n|-ability|p1a: Chi-Yu|Beads of Ruin\n|-fieldstart|move: Psychic Terrain|[from] ability: Psychic Surge|[of] p2b: Indeedee\n|-enditem|p2b: Indeedee|Psychic Seed\n|-boost|p2b: Indeedee|spd|1|[from] item: Psychic Seed\n|-ability|p1b: Ting-Lu|Vessel of Ruin\n|turn|1\n|\n|t:|1683425841\n|-terastallize|p2a: Kingambit|Water\n|move|p1a: Chi-Yu|Protect|p1a: Chi-Yu\n|-singleturn|p1a: Chi-Yu|Protect\n|move|p1b: Ting-Lu|Earthquake|p2b: Indeedee|[spread] p2a,p2b\n|-activate|p1a: Chi-Yu|move: Protect\n|-damage|p2a: Kingambit|74\/100\n|-damage|p2b: Indeedee|64\/100\n|move|p2a: Kingambit|Substitute|p2a: Kingambit\n|-start|p2a: Kingambit|Substitute\n|-damage|p2a: Kingambit|49\/100\n|move|p2b: Indeedee|Trick Room|p2b: Indeedee\n|-fieldstart|move: Trick Room|[of] p2b: Indeedee\n|\n|-heal|p2a: Kingambit|55\/100|[from] item: Leftovers\n|upkeep\n|turn|2\n|\n|t:|1683425852\n|switch|p1a: Amoonguss|Amoonguss, L50, M|100\/100\n|move|p1b: Ting-Lu|Earthquake|p2a: Kingambit|[spread] p1a,p2a,p2b\n|-end|p2a: Kingambit|Substitute\n|-damage|p1a: Amoonguss|67\/100\n|-damage|p2b: Indeedee|30\/100\n|move|p2a: Kingambit|Kowtow Cleave|p1a: Amoonguss\n|-damage|p1a: Amoonguss|36\/100\n|-enditem|p1a: Amoonguss|Sitrus Berry|[eat]\n|-heal|p1a: Amoonguss|61\/100|[from] item: Sitrus Berry\n|move|p2b: Indeedee|Dazzling Gleam|p1a: Amoonguss|[spread] p1a,p1b\n|-resisted|p1a: Amoonguss\n|-supereffective|p1b: Ting-Lu\n|-damage|p1a: Amoonguss|56\/100\n|-damage|p1b: Ting-Lu|85\/100\n|\n|-heal|p2a: Kingambit|61\/100|[from] item: Leftovers\n|-heal|p1b: Ting-Lu|91\/100|[from] item: Leftovers\n|upkeep\n|turn|3\n|\n|t:|1683425860\n|move|p1a: Amoonguss|Spore|p2a: Kingambit\n|-status|p2a: Kingambit|slp|[from] move: Spore\n|cant|p2a: Kingambit|slp\n|move|p1b: Ting-Lu|Heavy Slam|p2b: Indeedee\n|-damage|p2b: Indeedee|0 fnt\n|faint|p2b: Indeedee\n|\n|-heal|p1b: Ting-Lu|97\/100|[from] item: Leftovers\n|-heal|p2a: Kingambit|67\/100 slp|[from] item: Leftovers\n|upkeep\n|\n|t:|1683425865\n|switch|p2b: Dondozo|Dondozo, L50, F|100\/100\n|turn|4\n|\n|t:|1683425873\n|switch|p1a: Rotom|Rotom-Wash, L50|100\/100\n|switch|p2a: Tatsugiri|Tatsugiri, L50, F|100\/100\n|-activate|p2a: Tatsugiri|ability: Commander|[of] p2b: Dondozo\n|-boost|p2b: Dondozo|atk|2\n|-boost|p2b: Dondozo|spa|2\n|-boost|p2b: Dondozo|spe|2\n|-boost|p2b: Dondozo|def|2\n|-boost|p2b: Dondozo|spd|2\n|move|p1b: Ting-Lu|Ruination|p2b: Dondozo|[miss]\n|-miss|p1b: Ting-Lu|p2b: Dondozo\n|move|p2b: Dondozo|Wave Crash|p1b: Ting-Lu\n|-supereffective|p1b: Ting-Lu\n|-damage|p1b: Ting-Lu|0 fnt\n|faint|p1b: Ting-Lu\n|-damage|p2b: Dondozo|67\/100|[from] Recoil\n|\n|upkeep\n|\n|t:|1683425876\n|switch|p1b: Amoonguss|Amoonguss, L50, M|90\/100\n|turn|5\n|\n|t:|1683425885\n|move|p1b: Amoonguss|Clear Smog|p2b: Dondozo\n|-damage|p2b: Dondozo|61\/100\n|-clearboost|p2b: Dondozo\n|move|p2b: Dondozo|Order Up|p1a: Rotom\n|-damage|p1a: Rotom|76\/100\n|-boost|p2b: Dondozo|atk|1\n|move|p1a: Rotom|Nasty Plot|p1a: Rotom\n|-boost|p1a: Rotom|spa|2\n|\n|-fieldend|move: Trick Room\n|-fieldend|move: Psychic Terrain\n|upkeep\n|turn|6\n|j|%Borghi\n|\n|t:|1683425891\n|move|p1a: Rotom|Nasty Plot|p1a: Rotom\n|-boost|p1a: Rotom|spa|2\n|move|p2b: Dondozo|Order Up|p1a: Rotom\n|-damage|p1a: Rotom|37\/100\n|-boost|p2b: Dondozo|atk|1\n|move|p1b: Amoonguss|Pollen Puff|p1a: Rotom\n|-heal|p1a: Rotom|86\/100\n|\n|upkeep\n|turn|7\n|c|\u2606Snowstorm brute|i should have tera steeled\n|\n|t:|1683425900\n|move|p1a: Rotom|Thunderbolt|p2b: Dondozo\n|-supereffective|p2b: Dondozo\n|-damage|p2b: Dondozo|0 fnt\n|faint|p2b: Dondozo\n|move|p1b: Amoonguss|Spore|p2a: Tatsugiri\n|-status|p2a: Tatsugiri|slp|[from] move: Spore\n|\n|upkeep\n|\n|t:|1683425903\n|switch|p2b: Kingambit|Kingambit, L50, F, tera:Water|67\/100 slp\n|turn|8\n|c|\u2606Snowstorm brute|eh\n|c|\u2606Snowstorm brute|gg\n|c|\u2606MasterofMetapods5|tbf heat wave very dangerous to start with no tera\n|c|\u2606MasterofMetapods5|gg\n|c|\u2606Snowstorm brute|i shoudl have then led with dozo\n|c|\u2606Snowstorm brute|can you help me afterwards make this dozo work\n|\n|t:|1683425943\n|cant|p2a: Tatsugiri|slp\n|cant|p2b: Kingambit|slp\n|move|p1a: Rotom|Thunderbolt|p2b: Kingambit\n|-supereffective|p2b: Kingambit\n|-damage|p2b: Kingambit|0 fnt\n|faint|p2b: Kingambit\n|move|p1b: Amoonguss|Pollen Puff|p1a: Rotom\n|-heal|p1a: Rotom|100\/100\n|\n|upkeep\n|turn|9\n|c|\u2606MasterofMetapods5|probably\n|l| Jet Pilot Skyla\n|\n|t:|1683425951\n|move|p1a: Rotom|Thunderbolt|p2a: Tatsugiri\n|-damage|p2a: Tatsugiri|0 fnt\n|faint|p2a: Tatsugiri\n|\n|win|MasterofMetapods5\n|n|\u2606MasterofMetapods5|masterofmetapods5\n|n|\u2606Snowstorm brute|snowstormbrute\n|n| Aldrich|aldrich\n|n| AmongusMaster5678|amongusmaster5678\n|n| Radio Free C-Side|radiofreecside\n|n| Borghi|borghi\n","uploadtime":1683425952,"views":10,"p1id":"masterofmetapods5","p2id":"snowstormbrute","formatid":"gen9vgc2023regulationc","rating":0,"private":0,"password":""}