{"id":"gen9vgc2023regulationc-1853275548","p1":"XxKillGore642xX","p2":"TuP1cha","format":"[Gen 9] VGC 2023 Regulation C","log":"|j|\u2606XxKillGore642xX\n|j|\u2606TuP1cha\n|t:|1682659209\n|gametype|doubles\n|player|p1|XxKillGore642xX|2|1101\n|player|p2|TuP1cha|lucian|1180\n|teamsize|p1|6\n|teamsize|p2|6\n|gen|9\n|tier|[Gen 9] VGC 2023 Regulation C\n|rated|\n|rule|Species Clause: Limit one of each Pok\u00e9mon\n|rule|Item Clause: Limit one of each item\n|clearpoke\n|poke|p1|Wo-Chien, L50|\n|poke|p1|Gothitelle, L50, M|\n|poke|p1|Arboliva, L50, F|\n|poke|p1|Chien-Pao, L50|\n|poke|p1|Gallade, L50, M|\n|poke|p1|Gyarados, L50, F|\n|poke|p2|Volcarona, L50, M|\n|poke|p2|Gyarados, L50, M|\n|poke|p2|Ting-Lu, L50|\n|poke|p2|Iron Hands, L50|\n|poke|p2|Corviknight, L50, F|\n|poke|p2|Flutter Mane, L50|\n|teampreview|4\n|inactive|Battle timer is ON: inactive players will automatically lose when time's up. (requested by TuP1cha)\n|\n|t:|1682659264\n|start\n|switch|p1a: Arboliva|Arboliva, L50, F|100\/100\n|switch|p1b: Gyarados|Gyarados, L50, F|100\/100\n|switch|p2a: Gyarados|Gyarados, L50, M|100\/100\n|switch|p2b: Volcarona|Volcarona, L50, M, shiny|100\/100\n|-ability|p1b: Gyarados|Intimidate|boost\n|-unboost|p2a: Gyarados|atk|1\n|-unboost|p2b: Volcarona|atk|1\n|-ability|p2a: Gyarados|Intimidate|boost\n|-unboost|p1a: Arboliva|atk|1\n|-unboost|p1b: Gyarados|atk|1\n|turn|1\n|inactive|TuP1cha has 30 seconds left.\n|\n|t:|1682659293\n|-terastallize|p1a: Arboliva|Ghost\n|move|p1b: Gyarados|Helping Hand|p1a: Arboliva\n|-singleturn|p1a: Arboliva|Helping Hand|[of] p1b: Gyarados\n|move|p2b: Volcarona|Heat Wave|p1b: Gyarados|[spread] p1a,p1b\n|-resisted|p1b: Gyarados\n|-damage|p1a: Arboliva|84\/100\n|-damage|p1b: Gyarados|84\/100\n|-fieldstart|move: Grassy Terrain|[from] ability: Seed Sower|[of] p1a: Arboliva\n|move|p2a: Gyarados|Taunt|p1a: Arboliva\n|-start|p1a: Arboliva|move: Taunt\n|move|p1a: Arboliva|Earth Power|p2b: Volcarona\n|-damage|p2b: Volcarona|60\/100\n|-unboost|p2b: Volcarona|spd|1\n|\n|-heal|p2b: Volcarona|66\/100|[from] Grassy Terrain\n|-heal|p1a: Arboliva|90\/100|[from] Grassy Terrain\n|upkeep\n|turn|2\n|inactive|XxKillGore642xX has 30 seconds left.\n|inactive|TuP1cha has 30 seconds left.\n|\n|t:|1682659319\n|-terastallize|p2b: Volcarona|Grass\n|move|p1b: Gyarados|Helping Hand|p1a: Arboliva\n|-singleturn|p1a: Arboliva|Helping Hand|[of] p1b: Gyarados\n|move|p2b: Volcarona|Quiver Dance|p2b: Volcarona\n|-boost|p2b: Volcarona|spa|1\n|-boost|p2b: Volcarona|spd|1\n|-boost|p2b: Volcarona|spe|1\n|move|p2a: Gyarados|Taunt|p1b: Gyarados\n|-start|p1b: Gyarados|move: Taunt\n|move|p1a: Arboliva|Earth Power|p2b: Volcarona\n|-resisted|p2b: Volcarona\n|-crit|p2b: Volcarona\n|-damage|p2b: Volcarona|38\/100\n|-unboost|p2b: Volcarona|spd|1\n|\n|-heal|p2b: Volcarona|43\/100|[from] Grassy Terrain\n|-heal|p1a: Arboliva|96\/100|[from] Grassy Terrain\n|upkeep\n|turn|3\n|inactive|XxKillGore642xX has 30 seconds left.\n|inactive|TuP1cha has 30 seconds left.\n|inactive|TuP1cha has 20 seconds left.\n|\n|t:|1682659356\n|move|p2b: Volcarona|Quiver Dance|p2b: Volcarona\n|-boost|p2b: Volcarona|spa|1\n|-boost|p2b: Volcarona|spd|1\n|-boost|p2b: Volcarona|spe|1\n|move|p1b: Gyarados|Tera Blast|p2b: Volcarona\n|-damage|p2b: Volcarona|33\/100\n|move|p2a: Gyarados|Thunder Wave|p1b: Gyarados\n|-status|p1b: Gyarados|par\n|move|p1a: Arboliva|Pollen Puff|p2b: Volcarona\n|-supereffective|p2b: Volcarona\n|-damage|p2b: Volcarona|0 fnt\n|faint|p2b: Volcarona\n|\n|-heal|p1a: Arboliva|100\/100|[from] Grassy Terrain\n|-end|p1a: Arboliva|move: Taunt\n|upkeep\n|\n|t:|1682659381\n|switch|p2b: Flutter Mane|Flutter Mane, L50|100\/100\n|-enditem|p2b: Flutter Mane|Booster Energy\n|-activate|p2b: Flutter Mane|ability: Protosynthesis|[fromitem]\n|-start|p2b: Flutter Mane|protosynthesisspa\n|turn|4\n|\n|t:|1682659398\n|switch|p1a: Chien-Pao|Chien-Pao, L50|100\/100\n|-ability|p1a: Chien-Pao|Sword of Ruin\n|move|p2a: Gyarados|Helping Hand|p2b: Flutter Mane\n|-singleturn|p2b: Flutter Mane|Helping Hand|[of] p2a: Gyarados\n|move|p2b: Flutter Mane|Shadow Ball|p1b: Gyarados\n|-damage|p1b: Gyarados|11\/100 par\n|-enditem|p1b: Gyarados|Sitrus Berry|[eat]\n|-heal|p1b: Gyarados|35\/100 par|[from] item: Sitrus Berry\n|move|p1b: Gyarados|Waterfall|p2b: Flutter Mane\n|-damage|p2b: Flutter Mane|37\/100\n|\n|-heal|p2b: Flutter Mane|43\/100|[from] Grassy Terrain\n|upkeep\n|turn|5\n|inactive|XxKillGore642xX has 30 seconds left.\n|inactive|TuP1cha has 30 seconds left.\n|inactive|XxKillGore642xX has 20 seconds left.\n|inactive|TuP1cha has 20 seconds left.\n|\n|t:|1682659436\n|move|p2b: Flutter Mane|Protect|p2b: Flutter Mane\n|-singleturn|p2b: Flutter Mane|Protect\n|move|p1a: Chien-Pao|Sucker Punch||[still]\n|-fail|p1a: Chien-Pao\n|move|p2a: Gyarados|Waterfall|p1a: Chien-Pao\n|-damage|p1a: Chien-Pao|65\/100\n|move|p1b: Gyarados|Waterfall|p2b: Flutter Mane\n|-activate|p2b: Flutter Mane|move: Protect\n|\n|-heal|p1a: Chien-Pao|71\/100|[from] Grassy Terrain\n|-heal|p2b: Flutter Mane|48\/100|[from] Grassy Terrain\n|-end|p1b: Gyarados|move: Taunt\n|-fieldend|move: Grassy Terrain\n|upkeep\n|turn|6\n|\n|t:|1682659458\n|-end|p2b: Flutter Mane|Protosynthesis|[silent]\n|switch|p2b: Iron Hands|Iron Hands, L50|100\/100\n|cant|p1b: Gyarados|par\n|move|p1a: Chien-Pao|Sucker Punch||[still]\n|-fail|p1a: Chien-Pao\n|move|p2a: Gyarados|Taunt|p1b: Gyarados\n|-start|p1b: Gyarados|move: Taunt\n|\n|upkeep\n|turn|7\n|inactive|XxKillGore642xX has 30 seconds left.\n|inactive|TuP1cha has 30 seconds left.\n|inactive|TuP1cha has 20 seconds left.\n|\n|t:|1682659494\n|switch|p1b: Arboliva|Arboliva, L50, F, tera:Ghost|100\/100\n|move|p2b: Iron Hands|Fake Out|p1b: Arboliva\n|-immune|p1b: Arboliva\n|move|p1a: Chien-Pao|Sacred Sword|p2b: Iron Hands\n|-damage|p2b: Iron Hands|72\/100\n|move|p2a: Gyarados|Taunt|p1a: Chien-Pao\n|-start|p1a: Chien-Pao|move: Taunt\n|\n|upkeep\n|turn|8\n|inactive|TuP1cha has 30 seconds left.\n|\n|t:|1682659522\n|move|p1a: Chien-Pao|Sacred Sword|p2b: Iron Hands\n|-crit|p2b: Iron Hands\n|-damage|p2b: Iron Hands|31\/100\n|move|p2a: Gyarados|Taunt|p1b: Arboliva\n|-start|p1b: Arboliva|move: Taunt\n|move|p2b: Iron Hands|Wild Charge|p1a: Chien-Pao\n|-damage|p1a: Chien-Pao|0 fnt\n|faint|p1a: Chien-Pao\n|-damage|p2b: Iron Hands|19\/100|[from] Recoil\n|move|p1b: Arboliva|Earth Power|p2b: Iron Hands\n|-supereffective|p2b: Iron Hands\n|-damage|p2b: Iron Hands|0 fnt\n|faint|p2b: Iron Hands\n|-end|p2b: Iron Hands|Quark Drive|[silent]\n|\n|upkeep\n|\n|t:|1682659540\n|switch|p1a: Gallade|Gallade, L50, M|100\/100\n|switch|p2b: Flutter Mane|Flutter Mane, L50|48\/100\n|turn|9\n|\n|t:|1682659559\n|move|p2a: Gyarados|Helping Hand|p2b: Flutter Mane\n|-singleturn|p2b: Flutter Mane|Helping Hand|[of] p2a: Gyarados\n|move|p1a: Gallade|Night Slash|p2b: Flutter Mane\n|-crit|p2b: Flutter Mane\n|-damage|p2b: Flutter Mane|0 fnt\n|faint|p2b: Flutter Mane\n|-end|p2b: Flutter Mane|Protosynthesis|[silent]\n|move|p1b: Arboliva|Energy Ball|p2a: Gyarados\n|-damage|p2a: Gyarados|72\/100\n|-unboost|p2a: Gyarados|spd|1\n|\n|upkeep\n|turn|10\n|-message|TuP1cha forfeited.\n|\n|win|XxKillGore642xX\n|raw|XxKillGore642xX's rating: 1101 → 1132<\/strong> (+31 for winning)\n|raw|TuP1cha's rating: 1180 → 1149<\/strong> (-31 for losing)\n","uploadtime":1682659585,"views":9,"p1id":"xxkillgore642xx","p2id":"tup1cha","formatid":"gen9vgc2023regulationc","rating":1132,"private":0,"password":""}