{"id":"gen9vgc2023regulationc-1854295829","p1":"Akalaman","p2":"Cyclades","format":"[Gen 9] VGC 2023 Regulation C","log":"|j|\u2606Akalaman\n|j|\u2606Cyclades\n|t:|1682793796\n|gametype|doubles\n|player|p1|Akalaman|265|1408\n|player|p2|Cyclades|ninjaboy|1481\n|teamsize|p1|6\n|teamsize|p2|6\n|gen|9\n|tier|[Gen 9] VGC 2023 Regulation C\n|rated|\n|rule|Species Clause: Limit one of each Pok\u00e9mon\n|rule|Item Clause: Limit one of each item\n|clearpoke\n|poke|p1|Tinkaton, L50, F|\n|poke|p1|Chien-Pao, L50|\n|poke|p1|Breloom, L50, F|\n|poke|p1|Garganacl, L50, F|\n|poke|p1|Iron Moth, L50|\n|poke|p1|Flutter Mane, L50|\n|poke|p2|Rotom-Wash, L50|\n|poke|p2|Ting-Lu, L50|\n|poke|p2|Arcanine, L50, F|\n|poke|p2|Flutter Mane, L50|\n|poke|p2|Amoonguss, L50, F|\n|poke|p2|Toxicroak, L50, F|\n|teampreview|4\n|inactive|Battle timer is ON: inactive players will automatically lose when time's up. (requested by Akalaman)\nAkalaman has agreed to open team sheets.\n|\n|t:|1682793831\n|start\n|switch|p1a: Garganacl|Garganacl, L50, F, shiny|100\/100\n|switch|p1b: Tinkaton|Tinkaton, L50, F|100\/100\n|switch|p2a: Arcanine|Arcanine, L50, F|100\/100\n|switch|p2b: Toxicroak|Toxicroak, L50, F, shiny|100\/100\n|-ability|p2a: Arcanine|Intimidate|boost\n|-unboost|p1a: Garganacl|atk|1\n|-unboost|p1b: Tinkaton|atk|1\n|-ability|p1b: Tinkaton|Mold Breaker\n|turn|1\n|\n|t:|1682793848\n|move|p2b: Toxicroak|Fake Out|p1b: Tinkaton\n|-resisted|p1b: Tinkaton\n|-damage|p1b: Tinkaton|95\/100\n|cant|p1b: Tinkaton|flinch\n|move|p2a: Arcanine|Will-O-Wisp|p1b: Tinkaton\n|-status|p1b: Tinkaton|brn\n|move|p1a: Garganacl|Salt Cure|p2a: Arcanine\n|-supereffective|p2a: Arcanine\n|-damage|p2a: Arcanine|82\/100\n|-start|p2a: Arcanine|Salt Cure\n|\n|-damage|p1b: Tinkaton|89\/100 brn|[from] brn\n|-damage|p2a: Arcanine|70\/100|[from] Salt Cure\n|upkeep\n|turn|2\n|inactive|Cyclades has 30 seconds left.\n|\n|t:|1682793877\n|switch|p2a: Ting-Lu|Ting-Lu, L50|100\/100\n|-ability|p2a: Ting-Lu|Vessel of Ruin\n|move|p2b: Toxicroak|Drain Punch|p1a: Garganacl\n|-supereffective|p1a: Garganacl\n|-damage|p1a: Garganacl|60\/100\n|move|p1b: Tinkaton|Knock Off|p2a: Ting-Lu\n|-resisted|p2a: Ting-Lu\n|-damage|p2a: Ting-Lu|99\/100\n|-enditem|p2a: Ting-Lu|Leftovers|[from] move: Knock Off|[of] p1b: Tinkaton\n|move|p1a: Garganacl|Salt Cure|p2b: Toxicroak\n|-resisted|p2b: Toxicroak\n|-damage|p2b: Toxicroak|93\/100\n|-start|p2b: Toxicroak|Salt Cure\n|\n|-heal|p1a: Garganacl|66\/100|[from] item: Leftovers\n|-damage|p1b: Tinkaton|82\/100 brn|[from] brn\n|-damage|p2b: Toxicroak|81\/100|[from] Salt Cure\n|upkeep\n|turn|3\n|inactive|Cyclades has 30 seconds left.\n|\n|t:|1682793903\n|-terastallize|p1a: Garganacl|Grass\n|move|p2b: Toxicroak|Drain Punch|p1a: Garganacl\n|-damage|p1a: Garganacl|43\/100\n|-heal|p2b: Toxicroak|95\/100|[from] drain|[of] p1a: Garganacl\n|move|p1b: Tinkaton|Knock Off|p2b: Toxicroak\n|-resisted|p2b: Toxicroak\n|-damage|p2b: Toxicroak|90\/100\n|-enditem|p2b: Toxicroak|Assault Vest|[from] move: Knock Off|[of] p1b: Tinkaton\n|move|p2a: Ting-Lu|Stomping Tantrum|p1a: Garganacl\n|-resisted|p1a: Garganacl\n|-damage|p1a: Garganacl|32\/100\n|move|p1a: Garganacl|Salt Cure|p2a: Ting-Lu\n|-resisted|p2a: Ting-Lu\n|-damage|p2a: Ting-Lu|96\/100\n|-start|p2a: Ting-Lu|Salt Cure\n|\n|-heal|p1a: Garganacl|38\/100|[from] item: Leftovers\n|-damage|p1b: Tinkaton|76\/100 brn|[from] brn\n|-damage|p2b: Toxicroak|78\/100|[from] Salt Cure\n|-damage|p2a: Ting-Lu|84\/100|[from] Salt Cure\n|upkeep\n|turn|4\n|\n|t:|1682793927\n|switch|p2a: Arcanine|Arcanine, L50, F|70\/100\n|-ability|p2a: Arcanine|Intimidate|boost\n|-unboost|p1a: Garganacl|atk|1\n|-unboost|p1b: Tinkaton|atk|1\n|move|p1a: Garganacl|Protect|p1a: Garganacl\n|-singleturn|p1a: Garganacl|Protect\n|move|p2b: Toxicroak|Gunk Shot|p1a: Garganacl\n|-activate|p1a: Garganacl|move: Protect\n|move|p1b: Tinkaton|Knock Off|p2b: Toxicroak\n|-resisted|p2b: Toxicroak\n|-damage|p2b: Toxicroak|76\/100\n|\n|-heal|p1a: Garganacl|43\/100|[from] item: Leftovers\n|-damage|p1b: Tinkaton|70\/100 brn|[from] brn\n|-damage|p2b: Toxicroak|64\/100|[from] Salt Cure\n|upkeep\n|turn|5\n|\n|t:|1682793950\n|switch|p1a: Iron Moth|Iron Moth, L50|100\/100\n|move|p2a: Arcanine|Flare Blitz|p1a: Iron Moth\n|-resisted|p1a: Iron Moth\n|-damage|p1a: Iron Moth|52\/100\n|-damage|p2a: Arcanine|57\/100|[from] Recoil\n|move|p2b: Toxicroak|Drain Punch|p1a: Iron Moth\n|-resisted|p1a: Iron Moth\n|-damage|p1a: Iron Moth|24\/100\n|-heal|p2b: Toxicroak|77\/100|[from] drain|[of] p1a: Iron Moth\n|move|p1b: Tinkaton|Knock Off|p2a: Arcanine\n|-damage|p2a: Arcanine|52\/100\n|-enditem|p2a: Arcanine|Safety Goggles|[from] move: Knock Off|[of] p1b: Tinkaton\n|\n|-damage|p1b: Tinkaton|64\/100 brn|[from] brn\n|-damage|p2b: Toxicroak|64\/100|[from] Salt Cure\n|upkeep\n|turn|6\n|inactive|Cyclades has 30 seconds left.\n|\n|t:|1682793977\n|move|p2a: Arcanine|Extreme Speed|p1a: Iron Moth\n|-damage|p1a: Iron Moth|0 fnt\n|faint|p1a: Iron Moth\n|-end|p1a: Iron Moth|Quark Drive|[silent]\n|move|p2b: Toxicroak|Drain Punch|p1b: Tinkaton\n|-damage|p1b: Tinkaton|34\/100 brn\n|-heal|p2b: Toxicroak|81\/100|[from] drain|[of] p1b: Tinkaton\n|move|p1b: Tinkaton|Gigaton Hammer|p2b: Toxicroak\n|-damage|p2b: Toxicroak|65\/100\n|\n|-damage|p1b: Tinkaton|28\/100 brn|[from] brn\n|-damage|p2b: Toxicroak|52\/100|[from] Salt Cure\n|upkeep\n|\n|t:|1682793987\n|switch|p1a: Flutter Mane|Flutter Mane, L50, shiny|100\/100\n|-enditem|p1a: Flutter Mane|Booster Energy\n|-activate|p1a: Flutter Mane|ability: Protosynthesis|[fromitem]\n|-start|p1a: Flutter Mane|protosynthesisspe\n|turn|7\n|\n|t:|1682794008\n|move|p2b: Toxicroak|Sucker Punch|p1a: Flutter Mane\n|-damage|p1a: Flutter Mane|66\/100\n|move|p1a: Flutter Mane|Dazzling Gleam|p2a: Arcanine|[spread] p2a,p2b\n|-resisted|p2a: Arcanine\n|-damage|p2a: Arcanine|35\/100\n|-damage|p2b: Toxicroak|20\/100\n|move|p2a: Arcanine|Flare Blitz|p1a: Flutter Mane\n|-damage|p1a: Flutter Mane|0 fnt\n|faint|p1a: Flutter Mane\n|-end|p1a: Flutter Mane|Protosynthesis|[silent]\n|-damage|p2a: Arcanine|17\/100|[from] Recoil\n|move|p1b: Tinkaton|Knock Off|p2a: Arcanine\n|-damage|p2a: Arcanine|13\/100\n|\n|-damage|p1b: Tinkaton|21\/100 brn|[from] brn\n|-damage|p2b: Toxicroak|8\/100|[from] Salt Cure\n|upkeep\n|\n|t:|1682794016\n|switch|p1a: Garganacl|Garganacl, L50, F, shiny, tera:Grass|43\/100\n|turn|8\n|\n|t:|1682794032\n|move|p2a: Arcanine|Protect|p2a: Arcanine\n|-singleturn|p2a: Arcanine|Protect\n|move|p1a: Garganacl|Protect|p1a: Garganacl\n|-singleturn|p1a: Garganacl|Protect\n|move|p2b: Toxicroak|Gunk Shot|p1a: Garganacl\n|-activate|p1a: Garganacl|move: Protect\n|move|p1b: Tinkaton|Gigaton Hammer|p2a: Arcanine\n|-activate|p2a: Arcanine|move: Protect\n|\n|-heal|p1a: Garganacl|49\/100|[from] item: Leftovers\n|-damage|p1b: Tinkaton|15\/100 brn|[from] brn\n|-damage|p2b: Toxicroak|0 fnt|[from] Salt Cure\n|faint|p2b: Toxicroak\n|upkeep\n|\n|t:|1682794049\n|switch|p2b: Flutter Mane|Flutter Mane, L50|100\/100\n|turn|9\n|-message|Akalaman forfeited.\n|\n|win|Cyclades\n|raw|Akalaman's rating: 1408 → 1392<\/strong> (-16 for losing)\n|raw|Cyclades's rating: 1481 → 1497<\/strong> (+16 for winning)\n|l|\u2606Akalaman\n","uploadtime":1682794069,"views":15,"p1id":"akalaman","p2id":"cyclades","formatid":"gen9vgc2023regulationc","rating":1392,"private":0,"password":""}