{"id":"gen9vgc2023regulationc-1845922938","p1":"Shearman360","p2":"Drinkwt","format":"[Gen 9] VGC 2023 Regulation C","log":"|j|\u2606Shearman360\n|j|\u2606Drinkwt\n|t:|1681779679\n|gametype|doubles\n|player|p1|Shearman360|zinnia|1136\n|player|p2|Drinkwt|266|1133\n|teamsize|p1|6\n|teamsize|p2|6\n|gen|9\n|tier|[Gen 9] VGC 2023 Regulation C\n|rated|\n|rule|Species Clause: Limit one of each Pok\u00e9mon\n|rule|Item Clause: Limit one of each item\n|clearpoke\n|poke|p1|Torkoal, L50, M|\n|poke|p1|Amoonguss, L50, M|\n|poke|p1|Oranguru, L50, F|\n|poke|p1|Corviknight, L50, M|\n|poke|p1|Ting-Lu, L50|\n|poke|p1|Garganacl, L50, M|\n|poke|p2|Hatterene, L50, F|\n|poke|p2|Indeedee-F, L50, F|\n|poke|p2|Torkoal, L50, F|\n|poke|p2|Brute Bonnet, L50|\n|poke|p2|Flutter Mane, L50|\n|poke|p2|Mimikyu, L50, M|\n|teampreview|4\n|\n|t:|1681779719\n|start\n|switch|p1a: Amoonguss|Amoonguss, L50, M|100\/100\n|switch|p1b: Oranguru|Oranguru, L50, F|100\/100\n|switch|p2a: Brute Bonnet|Brute Bonnet, L50|100\/100\n|switch|p2b: Flutter Mane|Flutter Mane, L50|100\/100\n|turn|1\n|inactive|Battle timer is ON: inactive players will automatically lose when time's up. (requested by Drinkwt)\n|inactive|Drinkwt has 60 seconds left.\n|\n|t:|1681779759\n|move|p2b: Flutter Mane|Perish Song|p2b: Flutter Mane\n|-start|p1a: Amoonguss|perish3|[silent]\n|-start|p1b: Oranguru|perish3|[silent]\n|-start|p2a: Brute Bonnet|perish3|[silent]\n|-start|p2b: Flutter Mane|perish3|[silent]\n|-fieldactivate|move: Perish Song\n|move|p2a: Brute Bonnet|Spore|p1b: Oranguru\n|-status|p1b: Oranguru|slp|[from] move: Spore\n|move|p1a: Amoonguss|Spore|p2b: Flutter Mane\n|-status|p2b: Flutter Mane|slp|[from] move: Spore\n|cant|p1b: Oranguru|slp\n|\n|-start|p2b: Flutter Mane|perish3\n|-start|p1b: Oranguru|perish3\n|-start|p2a: Brute Bonnet|perish3\n|-start|p1a: Amoonguss|perish3\n|upkeep\n|turn|2\n|inactive|Drinkwt has 30 seconds left.\n|\n|t:|1681779794\n|-end|p2b: Flutter Mane|Protosynthesis|[silent]\n|switch|p2b: Torkoal|Torkoal, L50, F|100\/100\n|-weather|SunnyDay|[from] ability: Drought|[of] p2b: Torkoal\n|-activate|p2a: Brute Bonnet|ability: Protosynthesis\n|-start|p2a: Brute Bonnet|protosynthesisatk\n|cant|p1b: Oranguru|slp\n|move|p2a: Brute Bonnet|Spore|p1b: Oranguru\n|-fail|p1b: Oranguru|slp\n|move|p1a: Amoonguss|Sludge Bomb|p2a: Brute Bonnet\n|-supereffective|p2a: Brute Bonnet\n|-damage|p2a: Brute Bonnet|58\/100\n|\n|-weather|SunnyDay|[upkeep]\n|-start|p1b: Oranguru|perish2\n|-start|p2a: Brute Bonnet|perish2\n|-start|p1a: Amoonguss|perish2\n|upkeep\n|turn|3\n|inactive|Shearman360 has 30 seconds left.\n|inactive|Drinkwt has 30 seconds left.\n|inactive|Shearman360 has 20 seconds left.\n|inactive|Drinkwt has 20 seconds left.\n|\n|t:|1681779830\n|-end|p2a: Brute Bonnet|Protosynthesis|[silent]\n|switch|p2a: Flutter Mane|Flutter Mane, L50|100\/100 slp\n|-activate|p2a: Flutter Mane|ability: Protosynthesis\n|-start|p2a: Flutter Mane|protosynthesisspe\n|move|p2b: Torkoal|Protect|p2b: Torkoal\n|-singleturn|p2b: Torkoal|Protect\n|-curestatus|p1b: Oranguru|slp|[msg]\n|move|p1b: Oranguru|Psychic|p2b: Torkoal\n|-activate|p2b: Torkoal|move: Protect\n|move|p1a: Amoonguss|Sludge Bomb|p2a: Flutter Mane\n|-damage|p2a: Flutter Mane|75\/100 slp\n|\n|-weather|SunnyDay|[upkeep]\n|-start|p1b: Oranguru|perish1\n|-start|p1a: Amoonguss|perish1\n|upkeep\n|turn|4\n|inactive|Drinkwt has 30 seconds left.\n|\n|t:|1681779857\n|switch|p1b: Garganacl|Garganacl, L50, M|100\/100\n|switch|p1a: Torkoal|Torkoal, L50, M|100\/100\n|switch|p2b: Brute Bonnet|Brute Bonnet, L50|58\/100\n|-activate|p2b: Brute Bonnet|ability: Protosynthesis\n|-start|p2b: Brute Bonnet|protosynthesisatk\n|cant|p2a: Flutter Mane|slp\n|\n|-weather|SunnyDay|[upkeep]\n|upkeep\n|turn|5\n|inactive|Shearman360 has 30 seconds left.\n|inactive|Shearman360 has 20 seconds left.\n|\n|t:|1681779892\n|-terastallize|p1a: Torkoal|Fire\n|cant|p2a: Flutter Mane|slp\n|move|p2b: Brute Bonnet|Spore|p1a: Torkoal\n|-status|p1a: Torkoal|slp|[from] move: Spore\n|move|p1b: Garganacl|Salt Cure|p2b: Brute Bonnet\n|-damage|p2b: Brute Bonnet|47\/100\n|-start|p2b: Brute Bonnet|Salt Cure\n|cant|p1a: Torkoal|slp\n|\n|-weather|SunnyDay|[upkeep]\n|-damage|p2b: Brute Bonnet|34\/100|[from] Salt Cure\n|upkeep\n|turn|6\n|\n|t:|1681779916\n|cant|p2a: Flutter Mane|slp\n|move|p2b: Brute Bonnet|Bullet Seed|p1b: Garganacl\n|-supereffective|p1b: Garganacl\n|-damage|p1b: Garganacl|80\/100\n|-supereffective|p1b: Garganacl\n|-damage|p1b: Garganacl|59\/100\n|-supereffective|p1b: Garganacl\n|-damage|p1b: Garganacl|36\/100\n|-supereffective|p1b: Garganacl\n|-damage|p1b: Garganacl|15\/100\n|-enditem|p1b: Garganacl|Aguav Berry|[eat]\n|-heal|p1b: Garganacl|49\/100|[from] item: Aguav Berry\n|-supereffective|p1b: Garganacl\n|-damage|p1b: Garganacl|26\/100\n|-hitcount|p1b: Garganacl|5\n|move|p1b: Garganacl|Salt Cure|p2a: Flutter Mane\n|-damage|p2a: Flutter Mane|44\/100 slp\n|-start|p2a: Flutter Mane|Salt Cure\n|cant|p1a: Torkoal|slp\n|\n|-weather|none\n|-end|p2a: Flutter Mane|Protosynthesis\n|-end|p2b: Brute Bonnet|Protosynthesis\n|-damage|p2a: Flutter Mane|32\/100 slp|[from] Salt Cure\n|-damage|p2b: Brute Bonnet|22\/100|[from] Salt Cure\n|upkeep\n|turn|7\n|inactive|Drinkwt has 30 seconds left.\n|\n|t:|1681779943\n|-curestatus|p2a: Flutter Mane|slp|[msg]\n|move|p2a: Flutter Mane|Shadow Ball|p1a: Torkoal\n|-damage|p1a: Torkoal|42\/100 slp\n|-enditem|p1a: Torkoal|Sitrus Berry|[eat]\n|-heal|p1a: Torkoal|67\/100 slp|[from] item: Sitrus Berry\n|move|p2b: Brute Bonnet|Close Combat|p1a: Torkoal\n|-damage|p1a: Torkoal|34\/100 slp\n|-unboost|p2b: Brute Bonnet|def|1\n|-unboost|p2b: Brute Bonnet|spd|1\n|move|p1b: Garganacl|Recover|p1b: Garganacl\n|-heal|p1b: Garganacl|76\/100\n|cant|p1a: Torkoal|slp\n|\n|-damage|p2a: Flutter Mane|20\/100|[from] Salt Cure\n|-damage|p2b: Brute Bonnet|10\/100|[from] Salt Cure\n|upkeep\n|turn|8\n|inactive|Shearman360 has 30 seconds left.\n|inactive|Drinkwt has 30 seconds left.\n|inactive|Drinkwt has 20 seconds left.\n|inactive|Drinkwt has 15 seconds left.\n|\n|t:|1681779985\n|-end|p2b: Brute Bonnet|Protosynthesis|[silent]\n|switch|p2b: Mimikyu|Mimikyu, L50, M|100\/100\n|-curestatus|p1a: Torkoal|slp|[msg]\n|move|p1a: Torkoal|Protect|p1a: Torkoal\n|-singleturn|p1a: Torkoal|Protect\n|move|p2a: Flutter Mane|Perish Song|p2a: Flutter Mane\n|-start|p1a: Torkoal|perish3|[silent]\n|-start|p1b: Garganacl|perish3|[silent]\n|-start|p2a: Flutter Mane|perish3|[silent]\n|-start|p2b: Mimikyu|perish3|[silent]\n|-fieldactivate|move: Perish Song\n|move|p1b: Garganacl|Iron Defense|p1b: Garganacl\n|-boost|p1b: Garganacl|def|2\n|\n|-damage|p2a: Flutter Mane|7\/100|[from] Salt Cure\n|-start|p2a: Flutter Mane|perish3\n|-start|p2b: Mimikyu|perish3\n|-start|p1b: Garganacl|perish3\n|-start|p1a: Torkoal|perish3\n|upkeep\n|turn|9\n|inactive|Shearman360 has 30 seconds left.\n|inactive|Drinkwt has 30 seconds left.\n|\n|t:|1681780018\n|switch|p2b: Brute Bonnet|Brute Bonnet, L50|10\/100\n|move|p2a: Flutter Mane|Shadow Ball|p1a: Torkoal\n|-damage|p1a: Torkoal|0 fnt\n|faint|p1a: Torkoal\n|move|p1b: Garganacl|Salt Cure|p2b: Brute Bonnet\n|-damage|p2b: Brute Bonnet|0 fnt\n|faint|p2b: Brute Bonnet\n|-end|p2b: Brute Bonnet|Protosynthesis|[silent]\n|\n|-damage|p2a: Flutter Mane|0 fnt|[from] Salt Cure\n|faint|p2a: Flutter Mane\n|-end|p2a: Flutter Mane|Protosynthesis|[silent]\n|-start|p1b: Garganacl|perish2\n|upkeep\n|\n|t:|1681780033\n|switch|p2a: Torkoal|Torkoal, L50, F|100\/100\n|switch|p2b: Mimikyu|Mimikyu, L50, M|100\/100\n|switch|p1a: Amoonguss|Amoonguss, L50, M|100\/100\n|-weather|SunnyDay|[from] ability: Drought|[of] p2a: Torkoal\n|turn|10\n|\n|t:|1681780057\n|move|p2a: Torkoal|Protect|p2a: Torkoal\n|-singleturn|p2a: Torkoal|Protect\n|move|p1b: Garganacl|Wide Guard|p1b: Garganacl\n|-singleturn|p1b: Garganacl|Wide Guard\n|move|p1a: Amoonguss|Spore|p2a: Torkoal\n|-activate|p2a: Torkoal|move: Protect\n|move|p2b: Mimikyu|Trick Room|p2b: Mimikyu\n|-fieldstart|move: Trick Room|[of] p2b: Mimikyu\n|\n|-weather|SunnyDay|[upkeep]\n|-start|p1b: Garganacl|perish1\n|upkeep\n|turn|11\n|\n|t:|1681780078\n|switch|p1b: Oranguru|Oranguru, L50, F|100\/100\n|move|p2a: Torkoal|Eruption|p1b: Oranguru|[spread] p1a,p1b\n|-supereffective|p1a: Amoonguss\n|-damage|p1a: Amoonguss|0 fnt\n|-damage|p1b: Oranguru|31\/100\n|faint|p1a: Amoonguss\n|move|p2b: Mimikyu|Curse|p1b: Oranguru\n|-start|p1b: Oranguru|Curse|[of] p2b: Mimikyu\n|-damage|p2b: Mimikyu|50\/100\n|\n|-weather|SunnyDay|[upkeep]\n|-damage|p1b: Oranguru|7\/100|[from] Curse\n|upkeep\n|\n|t:|1681780092\n|switch|p1a: Garganacl|Garganacl, L50, M|76\/100\n|turn|12\n|\n|t:|1681780112\n|move|p1a: Garganacl|Wide Guard|p1a: Garganacl\n|-singleturn|p1a: Garganacl|Wide Guard\n|move|p2a: Torkoal|Earth Power|p1a: Garganacl\n|-supereffective|p1a: Garganacl\n|-damage|p1a: Garganacl|23\/100\n|move|p1b: Oranguru|Psychic|p2a: Torkoal\n|-damage|p2a: Torkoal|45\/100\n|-unboost|p2a: Torkoal|spd|1\n|move|p2b: Mimikyu|Curse|p1a: Garganacl\n|-start|p1a: Garganacl|Curse|[of] p2b: Mimikyu\n|-damage|p2b: Mimikyu|0 fnt\n|faint|p2b: Mimikyu\n|\n|-weather|SunnyDay|[upkeep]\n|-damage|p1a: Garganacl|0 fnt|[from] Curse\n|faint|p1a: Garganacl\n|-damage|p1b: Oranguru|0 fnt|[from] Curse\n|faint|p1b: Oranguru\n|\n|win|Drinkwt\n|upkeep\n|raw|Shearman360's rating: 1136 → 1111<\/strong> (-25 for losing)\n|raw|Drinkwt's rating: 1133 → 1158<\/strong> (+25 for winning)\n|l|\u2606Shearman360\n","uploadtime":1681780142,"views":15,"p1id":"shearman360","p2id":"drinkwt","formatid":"gen9vgc2023regulationc","rating":1111,"private":0,"password":""}