{"id":"gen9vgc2023regulationc-1845062536","p1":"Hvac goon","p2":"uhoh I poopd","format":"[Gen 9] VGC 2023 Regulation C","log":"|j|\u2606Hvac goon\n|j|\u2606uhoh I poopd\n|t:|1681679261\n|gametype|doubles\n|player|p1|Hvac goon|ninjaboy|1297\n|player|p2|uhoh I poopd|colress|1296\n|teamsize|p1|6\n|teamsize|p2|6\n|gen|9\n|tier|[Gen 9] VGC 2023 Regulation C\n|rated|\n|rule|Species Clause: Limit one of each Pok\u00e9mon\n|rule|Item Clause: Limit one of each item\n|clearpoke\n|poke|p1|Dondozo, L50, M|\n|poke|p1|Tatsugiri, L50, F|\n|poke|p1|Ting-Lu, L50|\n|poke|p1|Arcanine, L50, F|\n|poke|p1|Chi-Yu, L50|\n|poke|p1|Flutter Mane, L50|\n|poke|p2|Masquerain, L50, M|\n|poke|p2|Coalossal, L50, M|\n|poke|p2|Ting-Lu, L50|\n|poke|p2|Amoonguss, L50, M|\n|poke|p2|Arcanine, L50, M|\n|poke|p2|Palafin, L50, M|\n|teampreview|4\n|inactive|Battle timer is ON: inactive players will automatically lose when time's up. (requested by Hvac goon)\n|\n|t:|1681679276\n|start\n|switch|p1a: Arcanine|Arcanine, L50, F|100\/100\n|switch|p1b: Dondozo|Dondozo, L50, M|100\/100\n|switch|p2a: de Havilland|Masquerain, L50, M|100\/100\n|switch|p2b: Armavee|Coalossal, L50, M|100\/100\n|-ability|p1a: Arcanine|Intimidate|boost\n|-unboost|p2a: de Havilland|atk|1\n|-unboost|p2b: Armavee|atk|1\n|-ability|p2a: de Havilland|Intimidate|boost\n|-unboost|p1a: Arcanine|atk|1\n|-fail|p1b: Dondozo|unboost|Attack|[from] ability: Oblivious|[of] p1b: Dondozo\n|turn|1\n|\n|t:|1681679297\n|move|p1b: Dondozo|Protect|p1b: Dondozo\n|-singleturn|p1b: Dondozo|Protect\n|move|p2a: de Havilland|Aqua Jet|p2b: Armavee\n|-supereffective|p2b: Armavee\n|-damage|p2b: Armavee|88\/100\n|-ability|p2b: Armavee|Steam Engine|boost\n|-boost|p2b: Armavee|spe|6\n|-enditem|p2b: Armavee|Weakness Policy\n|-boost|p2b: Armavee|atk|2|[from] item: Weakness Policy\n|-boost|p2b: Armavee|spa|2|[from] item: Weakness Policy\n|move|p2b: Armavee|Power Gem|p1a: Arcanine\n|-supereffective|p1a: Arcanine\n|-damage|p1a: Arcanine|0 fnt\n|faint|p1a: Arcanine\n|\n|upkeep\n|\n|t:|1681679312\n|switch|p1a: Ting-Lu|Ting-Lu, L50|100\/100\n|-ability|p1a: Ting-Lu|Vessel of Ruin\n|turn|2\n|\n|t:|1681679325\n|switch|p2a: Toad|Amoonguss, L50, M|100\/100\n|switch|p1a: Tatsugiri|Tatsugiri, L50, F|100\/100\n|-activate|p1a: Tatsugiri|ability: Commander|[of] p1b: Dondozo\n|-boost|p1b: Dondozo|atk|2\n|-boost|p1b: Dondozo|spa|2\n|-boost|p1b: Dondozo|spe|2\n|-boost|p1b: Dondozo|def|2\n|-boost|p1b: Dondozo|spd|2\n|-terastallize|p2b: Armavee|Grass\n|move|p2b: Armavee|Tera Blast|p1b: Dondozo\n|-supereffective|p1b: Dondozo\n|-damage|p1b: Dondozo|36\/100\n|move|p1b: Dondozo|Wave Crash|p2b: Armavee\n|-resisted|p2b: Armavee\n|-damage|p2b: Armavee|44\/100\n|-damage|p1b: Dondozo|24\/100|[from] Recoil\n|\n|-heal|p1b: Dondozo|30\/100|[from] item: Leftovers\n|upkeep\n|turn|3\n|\n|t:|1681679349\n|-terastallize|p1b: Dondozo|Grass\n|move|p2b: Armavee|Tera Blast|p1b: Dondozo\n|-resisted|p1b: Dondozo\n|-damage|p1b: Dondozo|15\/100\n|move|p1b: Dondozo|Wave Crash|p2b: Armavee\n|-resisted|p2b: Armavee\n|-damage|p2b: Armavee|0 fnt\n|faint|p2b: Armavee\n|-damage|p1b: Dondozo|3\/100|[from] Recoil\n|move|p2a: Toad|Spore|p1a: Tatsugiri|[miss]\n|-miss|p2a: Toad|p1a: Tatsugiri\n|\n|-heal|p1b: Dondozo|9\/100|[from] item: Leftovers\n|upkeep\n|\n|t:|1681679353\n|switch|p2b: de Havilland|Masquerain, L50, M|100\/100\n|-ability|p2b: de Havilland|Intimidate|boost\n|-unboost|p1a: Tatsugiri|atk|1\n|-fail|p1b: Dondozo|unboost|Attack|[from] ability: Oblivious|[of] p1b: Dondozo\n|turn|4\n|\n|t:|1681679374\n|move|p1b: Dondozo|Protect|p1b: Dondozo\n|-singleturn|p1b: Dondozo|Protect\n|move|p2b: de Havilland|Struggle Bug|p1b: Dondozo|[spread] \n|-miss|p2b: de Havilland|p1a: Tatsugiri\n|-activate|p1b: Dondozo|move: Protect\n|move|p2a: Toad|Spore|p1a: Tatsugiri|[miss]\n|-miss|p2a: Toad|p1a: Tatsugiri\n|\n|-heal|p1b: Dondozo|16\/100|[from] item: Leftovers\n|upkeep\n|turn|5\n|\n|t:|1681679387\n|move|p1b: Dondozo|Wave Crash|p2b: de Havilland\n|-damage|p2b: de Havilland|0 fnt\n|faint|p2b: de Havilland\n|-damage|p1b: Dondozo|0 fnt|[from] Recoil\n|faint|p1b: Dondozo\n|move|p2a: Toad|Spore|p1a: Tatsugiri\n|-status|p1a: Tatsugiri|slp|[from] move: Spore\n|\n|upkeep\n|\n|t:|1681679395\n|switch|p2b: Israfel|Ting-Lu, L50|100\/100\n|switch|p1b: Ting-Lu|Ting-Lu, L50|100\/100\n|-ability|p1b: Ting-Lu|Vessel of Ruin\n|-ability|p2b: Israfel|Vessel of Ruin\n|turn|6\n|\n|t:|1681679413\n|cant|p1a: Tatsugiri|slp\n|move|p2b: Israfel|Fissure|p1b: Ting-Lu|[miss]\n|-miss|p2b: Israfel|p1b: Ting-Lu\n|move|p1b: Ting-Lu|Ruination|p2a: Toad\n|-damage|p2a: Toad|51\/100\n|move|p2a: Toad|Spore|p1b: Ting-Lu\n|-status|p1b: Ting-Lu|slp|[from] move: Spore\n|-enditem|p1b: Ting-Lu|Lum Berry|[eat]\n|-curestatus|p1b: Ting-Lu|slp|[msg]\n|\n|upkeep\n|turn|7\n|\n|t:|1681679428\n|move|p1b: Ting-Lu|Protect|p1b: Ting-Lu\n|-singleturn|p1b: Ting-Lu|Protect\n|move|p2a: Toad|Rage Powder|p2a: Toad\n|-singleturn|p2a: Toad|move: Rage Powder\n|-curestatus|p1a: Tatsugiri|slp|[msg]\n|move|p1a: Tatsugiri|Draco Meteor|p2a: Toad\n|-damage|p2a: Toad|14\/100\n|-unboost|p1a: Tatsugiri|spa|2\n|-enditem|p2a: Toad|Iapapa Berry|[eat]\n|-heal|p2a: Toad|47\/100|[from] item: Iapapa Berry\n|move|p2b: Israfel|Stomping Tantrum|p1a: Tatsugiri\n|-damage|p1a: Tatsugiri|0 fnt\n|faint|p1a: Tatsugiri\n|\n|upkeep\n|turn|8\n|\n|t:|1681679445\n|move|p2b: Israfel|Fissure|p1b: Ting-Lu|[miss]\n|-miss|p2b: Israfel|p1b: Ting-Lu\n|move|p1b: Ting-Lu|Earthquake|p2b: Israfel|[spread] p2a,p2b\n|-damage|p2a: Toad|14\/100\n|-damage|p2b: Israfel|75\/100\n|move|p2a: Toad|Spore|p1b: Ting-Lu\n|-status|p1b: Ting-Lu|slp|[from] move: Spore\n|\n|upkeep\n|turn|9\n|\n|t:|1681679453\n|move|p2b: Israfel|Stomping Tantrum|p1b: Ting-Lu\n|-damage|p1b: Ting-Lu|60\/100 slp\n|cant|p1b: Ting-Lu|slp\n|move|p2a: Toad|Pollen Puff|p2b: Israfel\n|-heal|p2b: Israfel|100\/100\n|\n|upkeep\n|turn|10\n|\n|t:|1681679462\n|move|p2a: Toad|Protect|p2a: Toad\n|-singleturn|p2a: Toad|Protect\n|move|p2b: Israfel|Fissure|p1b: Ting-Lu|[miss]\n|-miss|p2b: Israfel|p1b: Ting-Lu\n|cant|p1b: Ting-Lu|slp\n|\n|upkeep\n|turn|11\n|\n|t:|1681679469\n|-curestatus|p1b: Ting-Lu|slp|[msg]\n|move|p1b: Ting-Lu|Protect|p1b: Ting-Lu\n|-singleturn|p1b: Ting-Lu|Protect\n|move|p2a: Toad|Rage Powder|p2a: Toad\n|-singleturn|p2a: Toad|move: Rage Powder\n|move|p2b: Israfel|Stomping Tantrum|p1b: Ting-Lu\n|-activate|p1b: Ting-Lu|move: Protect\n|\n|upkeep\n|turn|12\n|\n|t:|1681679477\n|move|p2b: Israfel|Fissure|p1b: Ting-Lu|[miss]\n|-miss|p2b: Israfel|p1b: Ting-Lu\n|move|p1b: Ting-Lu|Earthquake|p2b: Israfel|[spread] p2a,p2b\n|-damage|p2a: Toad|0 fnt\n|-damage|p2b: Israfel|79\/100\n|faint|p2a: Toad\n|\n|upkeep\n|turn|13\n|\n|t:|1681679483\n|move|p1b: Ting-Lu|Protect|p1b: Ting-Lu\n|-singleturn|p1b: Ting-Lu|Protect\n|move|p2b: Israfel|Stomping Tantrum|p1b: Ting-Lu\n|-activate|p1b: Ting-Lu|move: Protect\n|\n|upkeep\n|turn|14\n|\n|t:|1681679489\n|move|p1b: Ting-Lu|Ruination|p2b: Israfel\n|-damage|p2b: Israfel|40\/100\n|move|p2b: Israfel|Fissure|p1b: Ting-Lu\n|-damage|p1b: Ting-Lu|0 fnt\n|faint|p1b: Ting-Lu\n|-ohko\n|\n|win|uhoh I poopd\n|raw|Hvac goon's rating: 1297 → 1272<\/strong> (-25 for losing)\n|raw|uhoh I poopd's rating: 1296 → 1321<\/strong> (+25 for winning)\n|c|\u2606uhoh I poopd|Gg\n|c|\u2606Hvac goon|gg\n|l|\u2606Hvac goon\n","uploadtime":1681679505,"views":7,"p1id":"hvacgoon","p2id":"uhohipoopd","formatid":"gen9vgc2023regulationc","rating":1272,"private":0,"password":""}