{"id":"gen9vgc2023regulationc-1863007069","p1":"Igpvala","p2":"HalfGallon67","format":"[Gen 9] VGC 2023 Regulation C","log":"|j|\u2606Igpvala\n|j|\u2606HalfGallon67\n|t:|1683951265\n|gametype|doubles\n|player|p1|Igpvala|hugh|1236\n|player|p2|HalfGallon67|cilan|1334\n|teamsize|p1|6\n|teamsize|p2|6\n|gen|9\n|tier|[Gen 9] VGC 2023 Regulation C\n|rated|\n|rule|Species Clause: Limit one of each Pok\u00e9mon\n|rule|Item Clause: Limit one of each item\n|clearpoke\n|poke|p1|Vaporeon, L50, F|\n|poke|p1|Garganacl, L50, M|\n|poke|p1|Flutter Mane, L50|\n|poke|p1|Iron Bundle, L50|\n|poke|p1|Iron Hands, L50|\n|poke|p1|Great Tusk, L50|\n|poke|p2|Dondozo, L50, F|\n|poke|p2|Tatsugiri, L50, F|\n|poke|p2|Flutter Mane, L50|\n|poke|p2|Iron Bundle, L50|\n|poke|p2|Chi-Yu, L50|\n|poke|p2|Glimmora, L50, M|\n|teampreview|4\nIgpvala has agreed to open team sheets.\n|inactive|Battle timer is ON: inactive players will automatically lose when time's up. (requested by Igpvala)\n|inactive|HalfGallon67 has 60 seconds left.\n|\n|t:|1683951337\n|start\n|switch|p1a: Iron Hands|Iron Hands, L50, shiny|100\/100\n|switch|p1b: Vaporeon|Vaporeon, L50, F, shiny|100\/100\n|switch|p2a: Flutter Mane|Flutter Mane, L50|100\/100\n|switch|p2b: Iron Bundle|Iron Bundle, L50|100\/100\n|-enditem|p2b: Iron Bundle|Booster Energy\n|-activate|p2b: Iron Bundle|ability: Quark Drive|[fromitem]\n|-start|p2b: Iron Bundle|quarkdrivespe\n|turn|1\n|\n|t:|1683951354\n|move|p2b: Iron Bundle|Protect|p2b: Iron Bundle\n|-singleturn|p2b: Iron Bundle|Protect\n|move|p2a: Flutter Mane|Moonblast|p1a: Iron Hands\n|-supereffective|p1a: Iron Hands\n|-damage|p1a: Iron Hands|30\/100\n|move|p1b: Vaporeon|Muddy Water|p2a: Flutter Mane|[spread] p2a\n|-activate|p2b: Iron Bundle|move: Protect\n|-damage|p2a: Flutter Mane|80\/100\n|move|p1a: Iron Hands|Wild Charge|p2a: Flutter Mane\n|-damage|p2a: Flutter Mane|0 fnt\n|faint|p2a: Flutter Mane\n|-end|p2a: Flutter Mane|Protosynthesis|[silent]\n|-damage|p1a: Iron Hands|16\/100|[from] Recoil\n|\n|upkeep\n|inactive|HalfGallon67 has 30 seconds left.\n|inactive|HalfGallon67 has 20 seconds left.\n|inactive|HalfGallon67 has 15 seconds left.\n|\n|t:|1683951395\n|switch|p2a: Dondozo|Dondozo, L50, F|100\/100\n|turn|2\n|\n|t:|1683951409\n|-end|p2b: Iron Bundle|Quark Drive|[silent]\n|switch|p2b: Tatsugiri|Tatsugiri, L50, F|100\/100\n|-activate|p2b: Tatsugiri|ability: Commander|[of] p2a: Dondozo\n|-boost|p2a: Dondozo|atk|2\n|-boost|p2a: Dondozo|spa|2\n|-boost|p2a: Dondozo|spe|2\n|-boost|p2a: Dondozo|def|2\n|-boost|p2a: Dondozo|spd|2\n|-terastallize|p2a: Dondozo|Grass\n|move|p1b: Vaporeon|Protect|p1b: Vaporeon\n|-singleturn|p1b: Vaporeon|Protect\n|move|p2a: Dondozo|Tera Blast|p1b: Vaporeon\n|-activate|p1b: Vaporeon|move: Protect\n|move|p1a: Iron Hands|Wild Charge|p2a: Dondozo\n|-resisted|p2a: Dondozo\n|-damage|p2a: Dondozo|91\/100\n|-damage|p1a: Iron Hands|14\/100|[from] Recoil\n|\n|-heal|p2a: Dondozo|97\/100|[from] item: Leftovers\n|upkeep\n|turn|3\n|inactive|HalfGallon67 has 30 seconds left.\n|\n|t:|1683951437\n|-terastallize|p1b: Vaporeon|Grass\n|move|p2a: Dondozo|Earthquake|p1b: Vaporeon|[spread] p1a,p1b\n|-miss|p2a: Dondozo|p2b: Tatsugiri\n|-supereffective|p1a: Iron Hands\n|-resisted|p1b: Vaporeon\n|-damage|p1a: Iron Hands|0 fnt\n|-damage|p1b: Vaporeon|83\/100\n|faint|p1a: Iron Hands\n|-end|p1a: Iron Hands|Quark Drive|[silent]\n|move|p1b: Vaporeon|Haze|p1b: Vaporeon\n|-clearallboost\n|\n|-heal|p1b: Vaporeon|89\/100|[from] item: Leftovers\n|-heal|p2a: Dondozo|100\/100|[from] item: Leftovers\n|upkeep\n|\n|t:|1683951455\n|switch|p1a: Iron Bundle|Iron Bundle, L50, shiny|100\/100\n|turn|4\n|\n|t:|1683951470\n|move|p2a: Dondozo|Protect|p2a: Dondozo\n|-singleturn|p2a: Dondozo|Protect\n|move|p1a: Iron Bundle|Freeze-Dry|p2a: Dondozo\n|-activate|p2a: Dondozo|move: Protect\n|move|p1b: Vaporeon|Yawn|p2a: Dondozo\n|-activate|p2a: Dondozo|move: Protect\n|\n|-heal|p1b: Vaporeon|96\/100|[from] item: Leftovers\n|upkeep\n|turn|5\n|\n|t:|1683951484\n|move|p1a: Iron Bundle|Encore|p2a: Dondozo\n|-start|p2a: Dondozo|Encore\n|move|p1b: Vaporeon|Yawn|p2a: Dondozo\n|-start|p2a: Dondozo|move: Yawn|[of] p1b: Vaporeon\n|move|p2a: Dondozo|Protect||[still]\n|-fail|p2a: Dondozo\n|\n|-heal|p1b: Vaporeon|100\/100|[from] item: Leftovers\n|upkeep\n|turn|6\n|\n|t:|1683951496\n|switch|p1b: Garganacl|Garganacl, L50, M, shiny|100\/100\n|move|p2a: Dondozo|Protect|p2a: Dondozo\n|-singleturn|p2a: Dondozo|Protect\n|move|p1a: Iron Bundle|Freeze-Dry|p2a: Dondozo\n|-activate|p2a: Dondozo|move: Protect\n|\n|-end|p2a: Dondozo|move: Yawn|[silent]\n|-status|p2a: Dondozo|slp\n|upkeep\n|turn|7\n|\n|t:|1683951510\n|cant|p2a: Dondozo|slp\n|move|p1a: Iron Bundle|Freeze-Dry|p2a: Dondozo\n|-supereffective|p2a: Dondozo\n|-damage|p2a: Dondozo|34\/100 slp\n|move|p1b: Garganacl|Stealth Rock|p2a: Dondozo\n|-sidestart|p2: HalfGallon67|move: Stealth Rock\n|\n|-heal|p2a: Dondozo|40\/100 slp|[from] item: Leftovers\n|-end|p2a: Dondozo|Encore\n|upkeep\n|turn|8\n|\n|t:|1683951523\n|move|p1a: Iron Bundle|Freeze-Dry|p2a: Dondozo\n|-supereffective|p2a: Dondozo\n|-damage|p2a: Dondozo|0 fnt\n|faint|p2a: Dondozo\n|move|p1b: Garganacl|Salt Cure|p2b: Tatsugiri\n|-damage|p2b: Tatsugiri|75\/100\n|-start|p2b: Tatsugiri|Salt Cure\n|\n|-damage|p2b: Tatsugiri|50\/100|[from] Salt Cure\n|upkeep\n|\n|t:|1683951534\n|switch|p2a: Iron Bundle|Iron Bundle, L50|100\/100\n|-damage|p2a: Iron Bundle|75\/100|[from] Stealth Rock\n|turn|9\n|\n|t:|1683951549\n|move|p1b: Garganacl|Wide Guard|p1b: Garganacl\n|-singleturn|p1b: Garganacl|Wide Guard\n|move|p2b: Tatsugiri|Draco Meteor|p1a: Iron Bundle\n|-enditem|p1a: Iron Bundle|Focus Sash\n|-damage|p1a: Iron Bundle|1\/100\n|-unboost|p2b: Tatsugiri|spa|2\n|move|p1a: Iron Bundle|Icy Wind|p2b: Tatsugiri|[spread] p2a,p2b\n|-resisted|p2a: Iron Bundle\n|-damage|p2a: Iron Bundle|66\/100\n|-damage|p2b: Tatsugiri|23\/100\n|-unboost|p2a: Iron Bundle|spe|1\n|-unboost|p2b: Tatsugiri|spe|1\n|move|p2a: Iron Bundle|Icy Wind|p1b: Garganacl|[spread] \n|-activate|p1a: Iron Bundle|move: Wide Guard\n|-activate|p1b: Garganacl|move: Wide Guard\n|\n|-damage|p2b: Tatsugiri|0 fnt|[from] Salt Cure\n|faint|p2b: Tatsugiri\n|upkeep\n|turn|10\n|\n|t:|1683951571\n|move|p1a: Iron Bundle|Freeze-Dry|p2a: Iron Bundle\n|-damage|p2a: Iron Bundle|0 fnt\n|faint|p2a: Iron Bundle\n|-end|p2a: Iron Bundle|Quark Drive|[silent]\n|\n|win|Igpvala\n|raw|Igpvala's rating: 1236 → 1268<\/strong> (+32 for winning)\n|raw|HalfGallon67's rating: 1334 → 1309<\/strong> (-25 for losing)\n","uploadtime":1683951578,"views":10,"p1id":"igpvala","p2id":"halfgallon67","formatid":"gen9vgc2023regulationc","rating":1268,"private":0,"password":""}