{"id":"gen9vgc2023regulationc-1860182651","p1":"Silralisk","p2":"GreenMidoriVerde","format":"[Gen 9] VGC 2023 Regulation C","log":"|j|\u2606Silralisk\n|j|\u2606GreenMidoriVerde\n|t:|1683606106\n|gametype|doubles\n|player|p1|Silralisk|102|1344\n|player|p2|GreenMidoriVerde|doubleteam|1244\n|teamsize|p1|6\n|teamsize|p2|6\n|gen|9\n|tier|[Gen 9] VGC 2023 Regulation C\n|rated|\n|rule|Species Clause: Limit one of each Pok\u00e9mon\n|rule|Item Clause: Limit one of each item\n|clearpoke\n|poke|p1|Arcanine, L50, M|\n|poke|p1|Wo-Chien, L50|\n|poke|p1|Gholdengo, L50|\n|poke|p1|Chien-Pao, L50|\n|poke|p1|Dragonite, L50, M|\n|poke|p1|Scream Tail, L50|\n|poke|p2|Chi-Yu, L50|\n|poke|p2|Flutter Mane, L50|\n|poke|p2|Roaring Moon, L50|\n|poke|p2|Lilligant, L50, F|\n|poke|p2|Torkoal, L50, F|\n|poke|p2|Iron Valiant, L50|\n|teampreview|4\n|inactive|Battle timer is ON: inactive players will automatically lose when time's up. (requested by Silralisk)\n|inactive|GreenMidoriVerde also wants the timer to be on.\n|inactive|Silralisk has 60 seconds left.\n|inactive|GreenMidoriVerde has 60 seconds left.\nGreenMidoriVerde rejected open team sheets.\n|inactive|Silralisk has 30 seconds left.\n|inactive|Silralisk has 20 seconds left.\n|inactive|Silralisk has 15 seconds left.\n|inactive|Silralisk has 10 seconds left.\n|\n|t:|1683606190\n|start\n|switch|p1a: Scream Tail|Scream Tail, L50|100\/100\n|switch|p1b: Dragonite|Dragonite, L50, M|100\/100\n|switch|p2a: Rua|Torkoal, L50, F, shiny|100\/100\n|switch|p2b: Omega|Iron Valiant, L50|100\/100\n|-weather|SunnyDay|[from] ability: Drought|[of] p2a: Rua\n|-activate|p1a: Scream Tail|ability: Protosynthesis\n|-start|p1a: Scream Tail|protosynthesisspe\n|-enditem|p2b: Omega|Booster Energy\n|-activate|p2b: Omega|ability: Quark Drive|[fromitem]\n|-start|p2b: Omega|quarkdrivedef\n|turn|1\n|inactive|Silralisk has 30 seconds left.\n|inactive|Silralisk has 20 seconds left.\n|inactive|Silralisk has 15 seconds left.\n|\n|t:|1683606234\n|move|p2b: Omega|Wide Guard|p2b: Omega\n|-singleturn|p2b: Omega|Wide Guard\n|move|p1a: Scream Tail|Howl|p1a: Scream Tail|[spread] p1a,p1b\n|-boost|p1a: Scream Tail|atk|1\n|-boost|p1b: Dragonite|atk|1\n|move|p1b: Dragonite|Stomping Tantrum|p2a: Rua\n|-supereffective|p2a: Rua\n|-damage|p2a: Rua|36\/100\n|move|p2a: Rua|Will-O-Wisp|p1b: Dragonite|[miss]\n|-miss|p2a: Rua|p1b: Dragonite\n|\n|-weather|SunnyDay|[upkeep]\n|upkeep\n|turn|2\n|\n|t:|1683606259\n|move|p2a: Rua|Protect|p2a: Rua\n|-singleturn|p2a: Rua|Protect\n|move|p1a: Scream Tail|Encore|p2b: Omega\n|-start|p2b: Omega|Encore\n|move|p2b: Omega|Wide Guard|p2b: Omega\n|-singleturn|p2b: Omega|Wide Guard\n|move|p1b: Dragonite|Stomping Tantrum|p2a: Rua\n|-activate|p2a: Rua|move: Protect\n|\n|-weather|SunnyDay|[upkeep]\n|upkeep\n|turn|3\n|\n|t:|1683606276\n|move|p2b: Omega|Wide Guard|p2b: Omega\n|-singleturn|p2b: Omega|Wide Guard\n|move|p1a: Scream Tail|Encore|p2a: Rua\n|-start|p2a: Rua|Encore\n|move|p1b: Dragonite|Stomping Tantrum|p2b: Omega\n|-damage|p2b: Omega|75\/100\n|move|p2a: Rua|Protect||[still]\n|-fail|p2a: Rua\n|\n|-weather|SunnyDay|[upkeep]\n|upkeep\n|turn|4\n|\n|t:|1683606295\n|-terastallize|p1b: Dragonite|Flying\n|move|p2a: Rua|Protect|p2a: Rua\n|-singleturn|p2a: Rua|Protect\n|move|p2b: Omega|Wide Guard|p2b: Omega\n|-singleturn|p2b: Omega|Wide Guard\n|move|p1a: Scream Tail|Howl|p1a: Scream Tail|[spread] p1a,p1b\n|-boost|p1a: Scream Tail|atk|1\n|-boost|p1b: Dragonite|atk|1\n|move|p1b: Dragonite|Tera Blast|p2b: Omega\n|-supereffective|p2b: Omega\n|-damage|p2b: Omega|0 fnt\n|faint|p2b: Omega\n|-end|p2b: Omega|Quark Drive|[silent]\n|\n|-weather|SunnyDay|[upkeep]\n|upkeep\n|\n|t:|1683606308\n|switch|p2b: Pepperjack|Chi-Yu, L50|100\/100\n|-ability|p2b: Pepperjack|Beads of Ruin\n|turn|5\n|\n|t:|1683606327\n|-terastallize|p2b: Pepperjack|Fire\n|move|p2a: Rua|Protect|p2a: Rua\n|-singleturn|p2a: Rua|Protect\n|move|p2b: Pepperjack|Heat Wave|p1a: Scream Tail|[spread] p1b\n|-miss|p2b: Pepperjack|p1a: Scream Tail\n|-damage|p1b: Dragonite|52\/100\n|move|p1a: Scream Tail|Howl|p1a: Scream Tail|[spread] p1a,p1b\n|-boost|p1a: Scream Tail|atk|1\n|-boost|p1b: Dragonite|atk|1\n|move|p1b: Dragonite|Stomping Tantrum|p2b: Pepperjack\n|-supereffective|p2b: Pepperjack\n|-damage|p2b: Pepperjack|0 fnt\n|faint|p2b: Pepperjack\n|\n|-weather|SunnyDay|[upkeep]\n|-end|p2a: Rua|Encore\n|upkeep\n|\n|t:|1683606338\n|switch|p2b: Moe|Flutter Mane, L50, shiny|100\/100\n|-activate|p2b: Moe|ability: Protosynthesis\n|-start|p2b: Moe|protosynthesisspe\n|turn|6\n|\n|t:|1683606363\n|move|p2a: Rua|Helping Hand|p2b: Moe\n|-singleturn|p2b: Moe|Helping Hand|[of] p2a: Rua\n|move|p1b: Dragonite|Protect|p1b: Dragonite\n|-singleturn|p1b: Dragonite|Protect\n|move|p2b: Moe|Dazzling Gleam|p1b: Dragonite|[spread] p1a\n|-activate|p1b: Dragonite|move: Protect\n|-damage|p1a: Scream Tail|55\/100\n|move|p1a: Scream Tail|Encore|p2a: Rua\n|-start|p2a: Rua|Encore\n|\n|-weather|SunnyDay|[upkeep]\n|upkeep\n|turn|7\n|inactive|Silralisk has 30 seconds left.\n|\n|t:|1683606392\n|move|p2a: Rua|Helping Hand|p2b: Moe\n|-singleturn|p2b: Moe|Helping Hand|[of] p2a: Rua\n|move|p1b: Dragonite|Extreme Speed|p2a: Rua\n|-damage|p2a: Rua|0 fnt\n|faint|p2a: Rua\n|move|p2b: Moe|Dazzling Gleam|p1b: Dragonite|[spread] p1a,p1b\n|-damage|p1a: Scream Tail|5\/100\n|-damage|p1b: Dragonite|0 fnt\n|faint|p1b: Dragonite\n|move|p1a: Scream Tail|Psychic Fangs|p2b: Moe\n|-damage|p2b: Moe|0 fnt\n|faint|p2b: Moe\n|-end|p2b: Moe|Protosynthesis|[silent]\n|\n|win|Silralisk\n|raw|Silralisk's rating: 1344 → 1358<\/strong> (+14 for winning)\n|raw|GreenMidoriVerde's rating: 1244 → 1226<\/strong> (-18 for losing)\n|l|\u2606GreenMidoriVerde\n","uploadtime":1683606409,"views":12,"p1id":"silralisk","p2id":"greenmidoriverde","formatid":"gen9vgc2023regulationc","rating":1226,"private":0,"password":""}