{"id":"gen9vgc2023regulationc-1850513115","p1":"Tamdoduc","p2":"adrilf2000","format":"[Gen 9] VGC 2023 Regulation C","log":"|j|\u2606Tamdoduc\n|j|\u2606adrilf2000\n|t:|1682344597\n|gametype|doubles\n|player|p1|Tamdoduc|alder|1000\n|player|p2|adrilf2000|2|1000\n|teamsize|p1|6\n|teamsize|p2|6\n|gen|9\n|tier|[Gen 9] VGC 2023 Regulation C\n|rated|\n|rule|Species Clause: Limit one of each Pok\u00e9mon\n|rule|Item Clause: Limit one of each item\n|clearpoke\n|poke|p1|Arcanine, L50, F|\n|poke|p1|Maushold-Four, L50|\n|poke|p1|Amoonguss, L50, F|\n|poke|p1|Roaring Moon, L50|\n|poke|p1|Annihilape, L50, F|\n|poke|p1|Iron Bundle, L50|\n|poke|p2|Bellibolt, L50, M|\n|poke|p2|Corviknight, L50, F|\n|poke|p2|Brute Bonnet, L50|\n|poke|p2|Arcanine, L50, F|\n|poke|p2|Dragapult, L50, M|\n|poke|p2|Chi-Yu, L50|\n|teampreview|4\n|inactive|Battle timer is ON: inactive players will automatically lose when time's up. (requested by Tamdoduc)\n|inactive|Tamdoduc has 60 seconds left.\n|\n|t:|1682344633\n|start\n|switch|p1a: Annihilape|Annihilape, L50, F|100\/100\n|switch|p1b: Iron Bundle|Iron Bundle, L50|100\/100\n|switch|p2a: Bellibolt|Bellibolt, L50, M|100\/100\n|switch|p2b: Chi-Yu|Chi-Yu, L50|100\/100\n|-ability|p2b: Chi-Yu|Beads of Ruin\n|turn|1\n|inactive|adrilf2000 has 30 seconds left.\n|inactive|adrilf2000 has 20 seconds left.\n|\n|t:|1682344673\n|move|p2a: Bellibolt|Protect|p2a: Bellibolt\n|-singleturn|p2a: Bellibolt|Protect\n|move|p2b: Chi-Yu|Psychic|p1a: Annihilape\n|-supereffective|p1a: Annihilape\n|-damage|p1a: Annihilape|17\/100\n|move|p1b: Iron Bundle|Hydro Pump|p2b: Chi-Yu\n|-supereffective|p2b: Chi-Yu\n|-damage|p2b: Chi-Yu|0 fnt\n|faint|p2b: Chi-Yu\n|-damage|p1b: Iron Bundle|91\/100|[from] item: Life Orb\n|move|p1a: Annihilape|Bulk Up|p1a: Annihilape\n|-boost|p1a: Annihilape|atk|1\n|-boost|p1a: Annihilape|def|1\n|\n|-heal|p1a: Annihilape|23\/100|[from] item: Leftovers\n|upkeep\n|\n|t:|1682344687\n|switch|p2b: Arcanine|Arcanine, L50, F|100\/100\n|-ability|p2b: Arcanine|Intimidate|boost\n|-unboost|p1a: Annihilape|atk|1\n|-ability|p1a: Annihilape|Defiant|boost\n|-boost|p1a: Annihilape|atk|2\n|-unboost|p1b: Iron Bundle|atk|1\n|turn|2\n|inactive|adrilf2000 has 30 seconds left.\n|\n|t:|1682344714\n|-terastallize|p2a: Bellibolt|Electric\n|move|p2b: Arcanine|Extreme Speed|p1a: Annihilape\n|-immune|p1a: Annihilape\n|move|p1b: Iron Bundle|Hydro Pump|p2b: Arcanine\n|-supereffective|p2b: Arcanine\n|-damage|p2b: Arcanine|0 fnt\n|faint|p2b: Arcanine\n|-damage|p1b: Iron Bundle|81\/100|[from] item: Life Orb\n|move|p1a: Annihilape|Drain Punch|p2a: Bellibolt\n|-damage|p2a: Bellibolt|41\/100\n|-heal|p1a: Annihilape|53\/100|[from] drain|[of] p2a: Bellibolt\n|-start|p2a: Bellibolt|Charge|Drain Punch|[from] ability: Electromorphosis\n|-enditem|p2a: Bellibolt|Sitrus Berry|[eat]\n|-heal|p2a: Bellibolt|66\/100|[from] item: Sitrus Berry\n|move|p2a: Bellibolt|Parabolic Charge|p1a: Annihilape|[spread] p1a,p1b\n|-supereffective|p1b: Iron Bundle\n|-damage|p1a: Annihilape|8\/100\n|-heal|p2a: Bellibolt|88\/100|[from] drain|[of] p1a: Annihilape\n|-damage|p1b: Iron Bundle|0 fnt\n|-heal|p2a: Bellibolt|100\/100|[from] drain|[of] p1b: Iron Bundle\n|faint|p1b: Iron Bundle\n|-end|p1b: Iron Bundle|Quark Drive|[silent]\n|-end|p2a: Bellibolt|Charge|[silent]\n|\n|-heal|p1a: Annihilape|14\/100|[from] item: Leftovers\n|upkeep\n|inactive|Tamdoduc has 30 seconds left.\n|\n|t:|1682344742\n|switch|p1b: Roaring Moon|Roaring Moon, L50|100\/100\n|switch|p2b: Brute Bonnet|Brute Bonnet, L50|100\/100\n|-enditem|p1b: Roaring Moon|Booster Energy\n|-activate|p1b: Roaring Moon|ability: Protosynthesis|[fromitem]\n|-start|p1b: Roaring Moon|protosynthesisatk\n|turn|3\n|\n|t:|1682344763\n|move|p2b: Brute Bonnet|Sucker Punch|p1a: Annihilape\n|-damage|p1a: Annihilape|0 fnt\n|faint|p1a: Annihilape\n|move|p1b: Roaring Moon|Dragon Dance|p1b: Roaring Moon\n|-boost|p1b: Roaring Moon|atk|1\n|-boost|p1b: Roaring Moon|spe|1\n|move|p2a: Bellibolt|Parabolic Charge|p1b: Roaring Moon|[spread] p2b,p1b\n|-resisted|p2b: Brute Bonnet\n|-crit|p2b: Brute Bonnet\n|-resisted|p1b: Roaring Moon\n|-damage|p2b: Brute Bonnet|86\/100\n|-damage|p1b: Roaring Moon|87\/100\n|\n|-heal|p2b: Brute Bonnet|92\/100|[from] item: Leftovers\n|upkeep\n|\n|t:|1682344776\n|switch|p1a: Amoonguss|Amoonguss, L50, F|100\/100\n|turn|4\n|\n|t:|1682344790\n|-terastallize|p1b: Roaring Moon|Flying\n|move|p2a: Bellibolt|Protect|p2a: Bellibolt\n|-singleturn|p2a: Bellibolt|Protect\n|move|p1b: Roaring Moon|Acrobatics|p2b: Brute Bonnet\n|-supereffective|p2b: Brute Bonnet\n|-damage|p2b: Brute Bonnet|0 fnt\n|faint|p2b: Brute Bonnet\n|-end|p2b: Brute Bonnet|Protosynthesis|[silent]\n|move|p1a: Amoonguss|Spore|p2a: Bellibolt\n|-activate|p2a: Bellibolt|move: Protect\n|\n|upkeep\n|turn|5\n|\n|t:|1682344808\n|move|p1b: Roaring Moon|Jaw Lock|p2a: Bellibolt\n|-damage|p2a: Bellibolt|29\/100\n|-activate|p1b: Roaring Moon|trapped\n|-activate|p2a: Bellibolt|trapped\n|-start|p2a: Bellibolt|Charge|Jaw Lock|[from] ability: Electromorphosis\n|move|p2a: Bellibolt|Parabolic Charge|p1a: Amoonguss|[spread] p1a,p1b\n|-resisted|p1a: Amoonguss\n|-supereffective|p1b: Roaring Moon\n|-damage|p1a: Amoonguss|77\/100\n|-heal|p2a: Bellibolt|41\/100|[from] drain|[of] p1a: Amoonguss\n|-damage|p1b: Roaring Moon|0 fnt\n|-heal|p2a: Bellibolt|77\/100|[from] drain|[of] p1b: Roaring Moon\n|faint|p1b: Roaring Moon\n|-end|p1b: Roaring Moon|Protosynthesis|[silent]\n|-end|p2a: Bellibolt|Charge|[silent]\n|move|p1a: Amoonguss|Spore|p2a: Bellibolt\n|-status|p2a: Bellibolt|slp|[from] move: Spore\n|\n|upkeep\n|turn|6\n|\n|t:|1682344827\n|cant|p2a: Bellibolt|slp\n|move|p1a: Amoonguss|Pollen Puff|p2a: Bellibolt\n|-damage|p2a: Bellibolt|60\/100 slp\n|-start|p2a: Bellibolt|Charge|Pollen Puff|[from] ability: Electromorphosis\n|\n|upkeep\n|turn|7\n|\n|t:|1682344838\n|-curestatus|p2a: Bellibolt|slp|[msg]\n|move|p2a: Bellibolt|Parabolic Charge|p1a: Amoonguss\n|-resisted|p1a: Amoonguss\n|-damage|p1a: Amoonguss|48\/100\n|-heal|p2a: Bellibolt|75\/100|[from] drain|[of] p1a: Amoonguss\n|-enditem|p1a: Amoonguss|Sitrus Berry|[eat]\n|-heal|p1a: Amoonguss|72\/100|[from] item: Sitrus Berry\n|-end|p2a: Bellibolt|Charge|[silent]\n|move|p1a: Amoonguss|Pollen Puff|p2a: Bellibolt\n|-damage|p2a: Bellibolt|59\/100\n|-start|p2a: Bellibolt|Charge|Pollen Puff|[from] ability: Electromorphosis\n|\n|upkeep\n|turn|8\n|inactive|adrilf2000 has 30 seconds left.\n|\n|t:|1682344863\n|move|p2a: Bellibolt|Slack Off|p2a: Bellibolt\n|-heal|p2a: Bellibolt|100\/100\n|move|p1a: Amoonguss|Spore|p2a: Bellibolt\n|-status|p2a: Bellibolt|slp|[from] move: Spore\n|\n|upkeep\n|turn|9\n|\n|t:|1682344875\n|cant|p2a: Bellibolt|slp\n|-end|p2a: Bellibolt|Charge|[silent]\n|move|p1a: Amoonguss|Pollen Puff|p2a: Bellibolt\n|-damage|p2a: Bellibolt|84\/100 slp\n|-start|p2a: Bellibolt|Charge|Pollen Puff|[from] ability: Electromorphosis\n|\n|upkeep\n|turn|10\n|\n|t:|1682344885\n|-curestatus|p2a: Bellibolt|slp|[msg]\n|move|p2a: Bellibolt|Parabolic Charge|p1a: Amoonguss\n|-resisted|p1a: Amoonguss\n|-damage|p1a: Amoonguss|41\/100\n|-heal|p2a: Bellibolt|99\/100|[from] drain|[of] p1a: Amoonguss\n|-end|p2a: Bellibolt|Charge|[silent]\n|move|p1a: Amoonguss|Pollen Puff|p1: Roaring Moon|[notarget]\n|-fail|p1a: Amoonguss\n|\n|upkeep\n|turn|11\n|\n|t:|1682344898\n|move|p2a: Bellibolt|Parabolic Charge|p1a: Amoonguss\n|-resisted|p1a: Amoonguss\n|-damage|p1a: Amoonguss|25\/100\n|-heal|p2a: Bellibolt|100\/100|[from] drain|[of] p1a: Amoonguss\n|move|p1a: Amoonguss|Spore|p2a: Bellibolt\n|-status|p2a: Bellibolt|slp|[from] move: Spore\n|\n|upkeep\n|turn|12\n|\n|t:|1682344916\n|cant|p2a: Bellibolt|slp\n|move|p1a: Amoonguss|Pollen Puff|p2a: Bellibolt\n|-damage|p2a: Bellibolt|84\/100 slp\n|-start|p2a: Bellibolt|Charge|Pollen Puff|[from] ability: Electromorphosis\n|\n|upkeep\n|turn|13\n|\n|t:|1682344925\n|cant|p2a: Bellibolt|slp\n|-end|p2a: Bellibolt|Charge|[silent]\n|move|p1a: Amoonguss|Spore|p2a: Bellibolt\n|-fail|p2a: Bellibolt|slp\n|\n|upkeep\n|turn|14\n|\n|t:|1682344940\n|cant|p2a: Bellibolt|slp\n|move|p1a: Amoonguss|Spore|p2a: Bellibolt\n|-fail|p2a: Bellibolt|slp\n|\n|upkeep\n|turn|15\n|\n|t:|1682344955\n|-curestatus|p2a: Bellibolt|slp|[msg]\n|move|p2a: Bellibolt|Parabolic Charge|p1a: Amoonguss\n|-resisted|p1a: Amoonguss\n|-damage|p1a: Amoonguss|11\/100\n|-heal|p2a: Bellibolt|92\/100|[from] drain|[of] p1a: Amoonguss\n|move|p1a: Amoonguss|Spore|p2a: Bellibolt\n|-status|p2a: Bellibolt|slp|[from] move: Spore\n|\n|upkeep\n|turn|16\n|\n|t:|1682344966\n|cant|p2a: Bellibolt|slp\n|move|p1a: Amoonguss|Pollen Puff|p2a: Bellibolt\n|-damage|p2a: Bellibolt|74\/100 slp\n|-start|p2a: Bellibolt|Charge|Pollen Puff|[from] ability: Electromorphosis\n|\n|upkeep\n|turn|17\n|\n|t:|1682344975\n|cant|p2a: Bellibolt|slp\n|-end|p2a: Bellibolt|Charge|[silent]\n|move|p1a: Amoonguss|Pollen Puff|p2a: Bellibolt\n|-damage|p2a: Bellibolt|58\/100 slp\n|-start|p2a: Bellibolt|Charge|Pollen Puff|[from] ability: Electromorphosis\n|\n|upkeep\n|turn|18\n|\n|t:|1682344988\n|-curestatus|p2a: Bellibolt|slp|[msg]\n|move|p2a: Bellibolt|Parabolic Charge|p1a: Amoonguss\n|-resisted|p1a: Amoonguss\n|-crit|p1a: Amoonguss\n|-damage|p1a: Amoonguss|0 fnt\n|-heal|p2a: Bellibolt|63\/100|[from] drain|[of] p1a: Amoonguss\n|faint|p1a: Amoonguss\n|-end|p2a: Bellibolt|Charge|[silent]\n|\n|win|adrilf2000\n|raw|Tamdoduc's rating: 1000 → 1000<\/strong> (+0 for losing)\n|raw|adrilf2000's rating: 1000 → 1040<\/strong> (+40 for winning)\n|l|\u2606Tamdoduc\n","uploadtime":1682344997,"views":23,"p1id":"tamdoduc","p2id":"adrilf2000","formatid":"gen9vgc2023regulationc","rating":1000,"private":0,"password":""}