{"id":"gen9vgc2023regulationc-1852158645","p1":"Palance_Bear","p2":"los fudidos","format":"[Gen 9] VGC 2023 Regulation C","log":"|j|\u2606Palance_Bear\n|j|\u2606los fudidos\n|t:|1682528947\n|gametype|doubles\n|player|p1|Palance_Bear|veteran-gen4|1131\n|player|p2|los fudidos|brycenman|1234\n|teamsize|p1|6\n|teamsize|p2|6\n|gen|9\n|tier|[Gen 9] VGC 2023 Regulation C\n|rated|\n|rule|Species Clause: Limit one of each Pok\u00e9mon\n|rule|Item Clause: Limit one of each item\n|clearpoke\n|poke|p1|Palafin, L50, F|\n|poke|p1|Arcanine, L50, F|\n|poke|p1|Amoonguss, L50, F|\n|poke|p1|Ting-Lu, L50|\n|poke|p1|Baxcalibur, L50, F|\n|poke|p1|Flutter Mane, L50|\n|poke|p2|Palafin, L50, F|\n|poke|p2|Arcanine, L50, M|\n|poke|p2|Ting-Lu, L50|\n|poke|p2|Iron Hands, L50|\n|poke|p2|Flutter Mane, L50|\n|poke|p2|Iron Bundle, L50|\n|teampreview|4\n|inactive|Battle timer is ON: inactive players will automatically lose when time's up. (requested by los fudidos)\nlos fudidos rejected open team sheets.\n|n|!Palance_Bear|palancebear\n|inactive|los fudidos has 60 seconds left.\n|\n|t:|1682528982\n|start\n|switch|p1a: Palafin|Palafin, L50, F|100\/100\n|switch|p1b: Ting-Lu|Ting-Lu, L50|100\/100\n|switch|p2a: Iron Hands|Iron Hands, L50|100\/100\n|switch|p2b: Iron Bundle|Iron Bundle, L50|100\/100\n|-ability|p1b: Ting-Lu|Vessel of Ruin\n|turn|1\n|\n|t:|1682529006\n|detailschange|p1a: Palafin|Palafin-Hero, L50, F\n|switch|p1a: Arcanine|Arcanine, L50, F|100\/100\n|-ability|p1a: Arcanine|Intimidate|boost\n|-unboost|p2a: Iron Hands|atk|1\n|-unboost|p2b: Iron Bundle|atk|1\n|-terastallize|p1b: Ting-Lu|Poison\n|move|p2a: Iron Hands|Fake Out|p1b: Ting-Lu\n|-damage|p1b: Ting-Lu|94\/100\n|move|p2b: Iron Bundle|Freeze-Dry|p1a: Arcanine\n|-resisted|p1a: Arcanine\n|-damage|p1a: Arcanine|83\/100\n|cant|p1b: Ting-Lu|flinch\n|\n|upkeep\n|turn|2\n|\n|t:|1682529027\n|switch|p1a: Baxcalibur|Baxcalibur, L50, F|100\/100\n|-terastallize|p2a: Iron Hands|Fire\n|move|p2b: Iron Bundle|Hydro Pump|p1a: Baxcalibur\n|-resisted|p1a: Baxcalibur\n|-damage|p1a: Baxcalibur|82\/100\n|move|p2a: Iron Hands|Drain Punch|p1b: Ting-Lu\n|-resisted|p1b: Ting-Lu\n|-damage|p1b: Ting-Lu|85\/100\n|move|p1b: Ting-Lu|Stomping Tantrum|p2a: Iron Hands\n|-supereffective|p2a: Iron Hands\n|-damage|p2a: Iron Hands|3\/100\n|\n|upkeep\n|turn|3\n|inactive|los fudidos has 30 seconds left.\n|\n|t:|1682529058\n|-end|p2b: Iron Bundle|Quark Drive|[silent]\n|switch|p2b: Arcanine|Arcanine, L50, M|100\/100\n|-ability|p2b: Arcanine|Intimidate|boost\n|-fail|p1a: Baxcalibur|unboost|[from] item: Clear Amulet|[of] p1a: Baxcalibur\n|-unboost|p1b: Ting-Lu|atk|1\n|move|p1a: Baxcalibur|Ice Shard|p2a: Iron Hands\n|-resisted|p2a: Iron Hands\n|-damage|p2a: Iron Hands|0 fnt\n|faint|p2a: Iron Hands\n|-end|p2a: Iron Hands|Quark Drive|[silent]\n|move|p1b: Ting-Lu|Heavy Slam|p2b: Arcanine\n|-resisted|p2b: Arcanine\n|-damage|p2b: Arcanine|91\/100\n|\n|upkeep\n|\n|t:|1682529064\n|switch|p2a: Ting-Lu|Ting-Lu, L50|100\/100\n|-ability|p2a: Ting-Lu|Vessel of Ruin\n|turn|4\n|\n|t:|1682529080\n|move|p2b: Arcanine|Flare Blitz|p1a: Baxcalibur\n|-damage|p1a: Baxcalibur|46\/100\n|-ability|p1a: Baxcalibur|Thermal Exchange|boost\n|-boost|p1a: Baxcalibur|atk|1\n|-damage|p2b: Arcanine|77\/100|[from] Recoil\n|move|p1a: Baxcalibur|Glaive Rush|p2b: Arcanine\n|-damage|p2b: Arcanine|0 fnt\n|-singlemove|p1a: Baxcalibur|Glaive Rush|[silent]\n|faint|p2b: Arcanine\n|move|p1b: Ting-Lu|Stomping Tantrum|p2a: Ting-Lu\n|-damage|p2a: Ting-Lu|88\/100\n|move|p2a: Ting-Lu|Fissure|p1b: Ting-Lu|[miss]\n|-miss|p2a: Ting-Lu|p1b: Ting-Lu\n|\n|-heal|p2a: Ting-Lu|94\/100|[from] item: Leftovers\n|upkeep\n|\n|t:|1682529088\n|switch|p2b: Iron Bundle|Iron Bundle, L50|100\/100\n|turn|5\n|\n|t:|1682529109\n|move|p1a: Baxcalibur|Ice Shard|p2a: Ting-Lu\n|-supereffective|p2a: Ting-Lu\n|-damage|p2a: Ting-Lu|49\/100\n|move|p2b: Iron Bundle|Freeze-Dry|p1a: Baxcalibur\n|-damage|p1a: Baxcalibur|24\/100\n|move|p1b: Ting-Lu|Heavy Slam|p2b: Iron Bundle\n|-damage|p2b: Iron Bundle|72\/100\n|move|p2a: Ting-Lu|Fissure|p1b: Ting-Lu|[miss]\n|-miss|p2a: Ting-Lu|p1b: Ting-Lu\n|\n|-heal|p2a: Ting-Lu|55\/100|[from] item: Leftovers\n|upkeep\n|turn|6\n|inactive|los fudidos has 30 seconds left.\n|inactive|los fudidos has 20 seconds left.\n|inactive|los fudidos has 15 seconds left.\n|inactive|Palance_Bear has 30 seconds left.\n|\n|t:|1682529154\n|move|p2b: Iron Bundle|Freeze-Dry|p1a: Baxcalibur\n|-damage|p1a: Baxcalibur|0 fnt\n|faint|p1a: Baxcalibur\n|move|p1b: Ting-Lu|Stone Edge|p2b: Iron Bundle\n|-supereffective|p2b: Iron Bundle\n|-damage|p2b: Iron Bundle|16\/100\n|move|p2a: Ting-Lu|Fissure|p1b: Ting-Lu\n|-damage|p1b: Ting-Lu|0 fnt\n|faint|p1b: Ting-Lu\n|-ohko\n|\n|-heal|p2a: Ting-Lu|62\/100|[from] item: Leftovers\n|upkeep\n|\n|t:|1682529157\n|switch|p1a: Palafin|Palafin-Hero, L50, F|100\/100\n|switch|p1b: Arcanine|Arcanine, L50, F|83\/100\n|-ability|p1b: Arcanine|Intimidate|boost\n|-unboost|p2a: Ting-Lu|atk|1\n|-unboost|p2b: Iron Bundle|atk|1\n|-activate|p1a: Palafin|ability: Zero to Hero\n|turn|7\n|\n|t:|1682529172\n|move|p1a: Palafin|Protect|p1a: Palafin\n|-singleturn|p1a: Palafin|Protect\n|move|p2b: Iron Bundle|Freeze-Dry|p1a: Palafin\n|-activate|p1a: Palafin|move: Protect\n|move|p1b: Arcanine|Flare Blitz|p2b: Iron Bundle\n|-damage|p2b: Iron Bundle|0 fnt\n|faint|p2b: Iron Bundle\n|-end|p2b: Iron Bundle|Quark Drive|[silent]\n|-damage|p1b: Arcanine|79\/100|[from] Recoil\n|move|p2a: Ting-Lu|Fissure|p1a: Palafin\n|-activate|p1a: Palafin|move: Protect\n|\n|-heal|p2a: Ting-Lu|68\/100|[from] item: Leftovers\n|upkeep\n|turn|8\n|\n|t:|1682529179\n|move|p1b: Arcanine|Howl|p1b: Arcanine|[spread] p1a,p1b\n|-boost|p1a: Palafin|atk|1\n|-boost|p1b: Arcanine|atk|1\n|move|p1a: Palafin|Wave Crash|p2a: Ting-Lu\n|-supereffective|p2a: Ting-Lu\n|-damage|p2a: Ting-Lu|0 fnt\n|faint|p2a: Ting-Lu\n|-damage|p1a: Palafin|72\/100|[from] Recoil\n|\n|win|Palance_Bear\n|raw|Palance_Bear's rating: 1131 → 1163<\/strong> (+32 for winning)\n|raw|los fudidos's rating: 1234 → 1202<\/strong> (-32 for losing)\n","uploadtime":1682528956,"views":13,"p1id":"palancebear","p2id":"losfudidos","formatid":"gen9vgc2023regulationc","rating":1163,"private":0,"password":""}