{"id":"gen9vgc2023regulationc-1854123097","p1":"Rigs_batata","p2":"Superkrunk","format":"[Gen 9] VGC 2023 Regulation C","log":"|j|\u2606Rigs_batata\n|j|\u2606Superkrunk\n|t:|1682772926\n|gametype|doubles\n|player|p1|Rigs_batata|waiter-gen4dp|1201\n|player|p2|Superkrunk|veteran|1202\n|teamsize|p1|6\n|teamsize|p2|6\n|gen|9\n|tier|[Gen 9] VGC 2023 Regulation C\n|rated|\n|rule|Species Clause: Limit one of each Pok\u00e9mon\n|rule|Item Clause: Limit one of each item\n|clearpoke\n|poke|p1|Oranguru, L50, F|\n|poke|p1|Lurantis, L50, M|\n|poke|p1|Corviknight, L50, F|\n|poke|p1|Flutter Mane, L50|\n|poke|p1|Mudsdale, L50, F|\n|poke|p1|Mimikyu, L50, F|\n|poke|p2|Chi-Yu, L50|\n|poke|p2|Dachsbun, L50, F|\n|poke|p2|Murkrow, L50, F|\n|poke|p2|Iron Bundle, L50|\n|poke|p2|Iron Hands, L50|\n|poke|p2|Annihilape, L50, M|\n|teampreview|4\n|inactive|Battle timer is ON: inactive players will automatically lose when time's up. (requested by Rigs_batata)\n|inactive|Superkrunk has 60 seconds left.\n|inactive|Superkrunk has 30 seconds left.\n|inactive|Rigs_batata has 60 seconds left.\n|\n|t:|1682772992\n|start\n|switch|p1a: Oranguru|Oranguru, L50, F|100\/100\n|switch|p1b: Mudsdale|Mudsdale, L50, F, shiny|100\/100\n|switch|p2a: Chi-Yu|Chi-Yu, L50|100\/100\n|switch|p2b: Dachsbun|Dachsbun, L50, F|100\/100\n|-ability|p2a: Chi-Yu|Beads of Ruin\n|turn|1\n|inactive|Superkrunk has 30 seconds left.\n|\n|t:|1682773021\n|-terastallize|p1a: Oranguru|Fairy\n|move|p2a: Chi-Yu|Lava Plume|p1b: Mudsdale|[spread] p1a,p1b\n|-ability|p2b: Dachsbun|Well-Baked Body|boost\n|-boost|p2b: Dachsbun|def|2\n|-damage|p1a: Oranguru|62\/100\n|-damage|p1b: Mudsdale|69\/100\n|-damage|p2a: Chi-Yu|90\/100|[from] item: Life Orb\n|move|p2b: Dachsbun|Yawn|p1b: Mudsdale\n|-start|p1b: Mudsdale|move: Yawn|[of] p2b: Dachsbun\n|move|p1b: Mudsdale|Heavy Slam|p2b: Dachsbun\n|-supereffective|p2b: Dachsbun\n|-damage|p2b: Dachsbun|68\/100\n|move|p1a: Oranguru|Trick Room|p1a: Oranguru\n|-fieldstart|move: Trick Room|[of] p1a: Oranguru\n|\n|-heal|p2b: Dachsbun|73\/100|[from] item: Leftovers\n|upkeep\n|turn|2\n|inactive|Rigs_batata has 30 seconds left.\n|\n|t:|1682773049\n|switch|p1b: Lurantis|Lurantis, L50, M|100\/100\n|move|p1a: Oranguru|Protect|p1a: Oranguru\n|-singleturn|p1a: Oranguru|Protect\n|move|p2b: Dachsbun|Protect|p2b: Dachsbun\n|-singleturn|p2b: Dachsbun|Protect\n|move|p2a: Chi-Yu|Protect||[still]\n|-fail|p2a: Chi-Yu\n|\n|-heal|p2b: Dachsbun|79\/100|[from] item: Leftovers\n|upkeep\n|turn|3\n|inactive|Superkrunk has 30 seconds left.\n|\n|t:|1682773081\n|-terastallize|p2a: Chi-Yu|Psychic\n|move|p1b: Lurantis|Leaf Storm|p2b: Dachsbun\n|-damage|p2b: Dachsbun|0 fnt\n|-boost|p1b: Lurantis|spa|2\n|faint|p2b: Dachsbun\n|move|p1a: Oranguru|Instruct|p1b: Lurantis\n|-singleturn|p1b: Lurantis|move: Instruct|[of] p1a: Oranguru\n|move|p1b: Lurantis|Leaf Storm|p2a: Chi-Yu\n|-damage|p2a: Chi-Yu|0 fnt\n|-boost|p1b: Lurantis|spa|2\n|faint|p2a: Chi-Yu\n|\n|upkeep\n|\n|t:|1682773098\n|switch|p2b: Annihilape|Annihilape, L50, M|100\/100\n|switch|p2a: Iron Hands|Iron Hands, L50|100\/100\n|turn|4\n|\n|t:|1682773121\n|move|p1b: Lurantis|Protect|p1b: Lurantis\n|-singleturn|p1b: Lurantis|Protect\n|move|p1a: Oranguru|Protect|p1a: Oranguru\n|-singleturn|p1a: Oranguru|Protect\n|move|p2a: Iron Hands|Fake Out|p1b: Lurantis\n|-activate|p1b: Lurantis|move: Protect\n|move|p2b: Annihilape|Bulk Up|p2b: Annihilape\n|-boost|p2b: Annihilape|atk|1\n|-boost|p2b: Annihilape|def|1\n|\n|upkeep\n|turn|5\n|\n|t:|1682773142\n|move|p1b: Lurantis|Leaf Storm|p2b: Annihilape\n|-damage|p2b: Annihilape|0 fnt\n|-boost|p1b: Lurantis|spa|2\n|faint|p2b: Annihilape\n|move|p1a: Oranguru|Instruct|p1b: Lurantis\n|-singleturn|p1b: Lurantis|move: Instruct|[of] p1a: Oranguru\n|move|p1b: Lurantis|Leaf Storm|p2a: Iron Hands\n|-damage|p2a: Iron Hands|0 fnt\n|faint|p2a: Iron Hands\n|-end|p2a: Iron Hands|Quark Drive|[silent]\n|\n|win|Rigs_batata\n|raw|Rigs_batata's rating: 1201 → 1226<\/strong> (+25 for winning)\n|raw|Superkrunk's rating: 1202 → 1177<\/strong> (-25 for losing)\n","uploadtime":1682773158,"views":22,"p1id":"rigsbatata","p2id":"superkrunk","formatid":"gen9vgc2023regulationc","rating":1177,"private":0,"password":""}