{"id":"gen9vgc2023regulationc-1845281363","p1":"cottoncandycaleb","p2":"Albino Pinecone","format":"[Gen 9] VGC 2023 Regulation C","log":"|j|\u2606cottoncandycaleb\n|j|\u2606Albino Pinecone\n|t:|1681707039\n|gametype|doubles\n|player|p1|cottoncandycaleb|roughneck-gen4|1079\n|player|p2|Albino Pinecone|102|1185\n|teamsize|p1|6\n|teamsize|p2|6\n|gen|9\n|tier|[Gen 9] VGC 2023 Regulation C\n|rated|\n|rule|Species Clause: Limit one of each Pok\u00e9mon\n|rule|Item Clause: Limit one of each item\n|clearpoke\n|poke|p1|Eiscue, L50, F|\n|poke|p1|Garganacl, L50, M|\n|poke|p1|Meowscarada, L50, M|\n|poke|p1|Abomasnow, L50, F|\n|poke|p1|Cetitan, L50, F|\n|poke|p1|Rotom-Heat, L50|\n|poke|p2|Hydreigon, L50, F|\n|poke|p2|Amoonguss, L50, M|\n|poke|p2|Talonflame, L50, M|\n|poke|p2|Palafin, L50, F|\n|poke|p2|Flutter Mane, L50|\n|poke|p2|Kingambit, L50, F|\n|teampreview|4\n|\n|t:|1681707068\n|start\n|switch|p1a: Eiscue|Eiscue, L50, F, shiny|100\/100\n|switch|p1b: Garganacl|Garganacl, L50, M|100\/100\n|switch|p2a: Talonflame|Talonflame, L50, M|100\/100\n|switch|p2b: Kingambit|Kingambit, L50, F|100\/100\n|turn|1\n|\n|t:|1681707090\n|move|p2a: Talonflame|Taunt|p1a: Eiscue\n|-start|p1a: Eiscue|move: Taunt\n|cant|p1a: Eiscue|move: Taunt|Soak\n|move|p2b: Kingambit|Iron Head|p1b: Garganacl\n|-supereffective|p1b: Garganacl\n|-damage|p1b: Garganacl|31\/100\n|move|p1b: Garganacl|Salt Cure|p2b: Kingambit\n|-resisted|p2b: Kingambit\n|-damage|p2b: Kingambit|94\/100\n|-start|p2b: Kingambit|Salt Cure\n|\n|-heal|p1b: Garganacl|37\/100|[from] item: Leftovers\n|-damage|p2b: Kingambit|69\/100|[from] Salt Cure\n|upkeep\n|turn|2\n|\n|t:|1681707113\n|switch|p1a: Abomasnow|Abomasnow, L50, F|100\/100\n|-weather|Snow|[from] ability: Snow Warning|[of] p1a: Abomasnow\n|switch|p2b: Hydreigon|Hydreigon, L50, F|100\/100\n|move|p2a: Talonflame|Tailwind|p2a: Talonflame\n|-sidestart|p2: Albino Pinecone|move: Tailwind\n|move|p1b: Garganacl|Salt Cure|p2a: Talonflame\n|-supereffective|p2a: Talonflame\n|-damage|p2a: Talonflame|14\/100\n|\n|-weather|Snow|[upkeep]\n|-heal|p1b: Garganacl|43\/100|[from] item: Leftovers\n|upkeep\n|turn|3\n|\n|t:|1681707125\n|-terastallize|p2b: Hydreigon|Poison\n|move|p1b: Garganacl|Protect|p1b: Garganacl\n|-singleturn|p1b: Garganacl|Protect\n|move|p2a: Talonflame|Taunt|p1a: Abomasnow\n|-start|p1a: Abomasnow|move: Taunt\n|move|p2b: Hydreigon|Focus Energy|p2b: Hydreigon\n|-start|p2b: Hydreigon|move: Focus Energy\n|move|p1a: Abomasnow|Blizzard|p2a: Talonflame|[spread] p2a,p2b\n|-crit|p2a: Talonflame\n|-damage|p2a: Talonflame|0 fnt\n|-damage|p2b: Hydreigon|48\/100\n|faint|p2a: Talonflame\n|-damage|p1a: Abomasnow|91\/100|[from] item: Life Orb\n|\n|-weather|Snow|[upkeep]\n|-heal|p1b: Garganacl|48\/100|[from] item: Leftovers\n|upkeep\n|\n|t:|1681707136\n|switch|p2a: Kingambit|Kingambit, L50, F|69\/100\n|turn|4\n|\n|t:|1681707169\n|switch|p1a: Eiscue|Eiscue, L50, F, shiny|100\/100\n|move|p1b: Garganacl|Protect||[still]\n|-fail|p1b: Garganacl\n|move|p2b: Hydreigon|Dark Pulse|p1a: Eiscue\n|-crit|p1a: Eiscue\n|-damage|p1a: Eiscue|34\/100\n|move|p2a: Kingambit|Iron Head|p1b: Garganacl\n|-supereffective|p1b: Garganacl\n|-damage|p1b: Garganacl|0 fnt\n|faint|p1b: Garganacl\n|\n|-weather|Snow|[upkeep]\n|upkeep\n|\n|t:|1681707177\n|switch|p1b: Cetitan|Cetitan, L50, F|100\/100\n|turn|5\n|\n|t:|1681707195\n|move|p2b: Hydreigon|Protect|p2b: Hydreigon\n|-singleturn|p2b: Hydreigon|Protect\n|move|p1b: Cetitan|Entrainment||[still]\n|-fail|p1b: Cetitan\n|move|p2a: Kingambit|Iron Head|p1b: Cetitan\n|-supereffective|p1b: Cetitan\n|-damage|p1b: Cetitan|35\/100\n|-enditem|p1b: Cetitan|Sitrus Berry|[eat]\n|-heal|p1b: Cetitan|59\/100|[from] item: Sitrus Berry\n|move|p1a: Eiscue|Aurora Veil|p1a: Eiscue\n|-sidestart|p1: cottoncandycaleb|move: Aurora Veil\n|\n|-weather|Snow|[upkeep]\n|-sideend|p2: Albino Pinecone|move: Tailwind\n|upkeep\n|turn|6\n|\n|t:|1681707237\n|move|p1b: Cetitan|Liquidation|p2a: Kingambit\n|-damage|p2a: Kingambit|47\/100\n|move|p2b: Hydreigon|Dark Pulse|p1a: Eiscue\n|-crit|p1a: Eiscue\n|-damage|p1a: Eiscue|0 fnt\n|faint|p1a: Eiscue\n|move|p2a: Kingambit|Iron Head|p1b: Cetitan\n|-supereffective|p1b: Cetitan\n|-damage|p1b: Cetitan|17\/100\n|\n|-weather|none\n|upkeep\n|\n|t:|1681707240\n|switch|p1a: Abomasnow|Abomasnow, L50, F|91\/100\n|-weather|Snow|[from] ability: Snow Warning|[of] p1a: Abomasnow\n|turn|7\n|\n|t:|1681707248\n|move|p2a: Kingambit|Sucker Punch||[still]\n|-fail|p2a: Kingambit\n|move|p1b: Cetitan|Entrainment|p1a: Abomasnow\n|-endability|p1a: Abomasnow|Snow Warning|[from] move: Entrainment\n|-ability|p1a: Abomasnow|Slush Rush|[from] move: Entrainment\n|move|p1a: Abomasnow|Blizzard|p2b: Hydreigon|[spread] p2a,p2b\n|-resisted|p2a: Kingambit\n|-damage|p2a: Kingambit|22\/100\n|-damage|p2b: Hydreigon|0 fnt\n|faint|p2b: Hydreigon\n|-damage|p1a: Abomasnow|82\/100|[from] item: Life Orb\n|\n|-weather|Snow|[upkeep]\n|upkeep\n|\n|t:|1681707256\n|switch|p2b: Flutter Mane|Flutter Mane, L50|100\/100\n|-enditem|p2b: Flutter Mane|Booster Energy\n|-activate|p2b: Flutter Mane|ability: Protosynthesis|[fromitem]\n|-start|p2b: Flutter Mane|protosynthesisspa\n|turn|8\n|\n|t:|1681707264\n|move|p1b: Cetitan|Helping Hand|p1a: Abomasnow\n|-singleturn|p1a: Abomasnow|Helping Hand|[of] p1b: Cetitan\n|move|p2a: Kingambit|Protect|p2a: Kingambit\n|-singleturn|p2a: Kingambit|Protect\n|move|p1a: Abomasnow|Blizzard|p2b: Flutter Mane|[spread] p2b\n|-activate|p2a: Kingambit|move: Protect\n|-damage|p2b: Flutter Mane|30\/100\n|-damage|p1a: Abomasnow|72\/100|[from] item: Life Orb\n|move|p2b: Flutter Mane|Shadow Ball|p1a: Abomasnow\n|-damage|p1a: Abomasnow|29\/100\n|\n|-weather|Snow|[upkeep]\n|upkeep\n|turn|9\n|\n|t:|1681707280\n|move|p1a: Abomasnow|Protect|p1a: Abomasnow\n|-singleturn|p1a: Abomasnow|Protect\n|move|p2a: Kingambit|Sucker Punch||[still]\n|-fail|p2a: Kingambit\n|move|p1b: Cetitan|Liquidation|p2b: Flutter Mane\n|-damage|p2b: Flutter Mane|0 fnt\n|faint|p2b: Flutter Mane\n|-end|p2b: Flutter Mane|Protosynthesis|[silent]\n|\n|-weather|Snow|[upkeep]\n|upkeep\n|turn|10\n|-message|Albino Pinecone forfeited.\n|\n|win|cottoncandycaleb\n|raw|cottoncandycaleb's rating: 1052 → 1096<\/strong> (+44 for winning)\n|raw|Albino Pinecone's rating: 1185 → 1151<\/strong> (-34 for losing)\n|l|\u2606Albino Pinecone\n","uploadtime":1681707448,"views":6,"p1id":"cottoncandycaleb","p2id":"albinopinecone","formatid":"gen9vgc2023regulationc","rating":1096,"private":0,"password":""}