{"id":"gen9vgc2023regulationc-1850978451","p1":"glitchy_potat","p2":"Nukoshowdown","format":"[Gen 9] VGC 2023 Regulation C","log":"|j|\u2606glitchy_potat\n|j|\u2606Nukoshowdown\n|t:|1682389448\n|gametype|doubles\n|player|p1|glitchy_potat|nate|1394\n|player|p2|Nukoshowdown|170|1307\n|teamsize|p1|6\n|teamsize|p2|6\n|gen|9\n|tier|[Gen 9] VGC 2023 Regulation C\n|rated|\n|rule|Species Clause: Limit one of each Pok\u00e9mon\n|rule|Item Clause: Limit one of each item\n|clearpoke\n|poke|p1|Palafin, L50, M|\n|poke|p1|Dragonite, L50, F|\n|poke|p1|Brute Bonnet, L50|\n|poke|p1|Arcanine, L50, F|\n|poke|p1|Flutter Mane, L50|\n|poke|p1|Chien-Pao, L50|\n|poke|p2|Braviary, L50, M|\n|poke|p2|Arcanine, L50, M|\n|poke|p2|Amoonguss, L50, F|\n|poke|p2|Flutter Mane, L50|\n|poke|p2|Baxcalibur, L50, M|\n|poke|p2|Ceruledge, L50, M|\n|teampreview|4\n|inactive|Battle timer is ON: inactive players will automatically lose when time's up. (requested by glitchy_potat)\n|inactive|glitchy_potat has 60 seconds left.\n|inactive|Nukoshowdown has 60 seconds left.\n|\n|t:|1682389506\n|start\n|switch|p1a: JoJo|Palafin, L50, M|100\/100\n|switch|p1b: Brute Bonnet|Brute Bonnet, L50|100\/100\n|switch|p2a: Braviary|Braviary, L50, M|100\/100\n|switch|p2b: ChiYu|Arcanine, L50, M|100\/100\n|-ability|p2b: ChiYu|Intimidate|boost\n|-unboost|p1a: JoJo|atk|1\n|-unboost|p1b: Brute Bonnet|atk|1\n|turn|1\n|inactive|glitchy_potat has 30 seconds left.\n|\n|t:|1682389536\n|switch|p2b: WoChien|Amoonguss, L50, F|100\/100\n|detailschange|p1a: JoJo|Palafin-Hero, L50, M\n|switch|p1a: Flutter Mane|Flutter Mane, L50|100\/100\n|-enditem|p1a: Flutter Mane|Booster Energy\n|-activate|p1a: Flutter Mane|ability: Protosynthesis|[fromitem]\n|-start|p1a: Flutter Mane|protosynthesisspe\n|move|p2a: Braviary|Brave Bird|p1b: Brute Bonnet\n|-supereffective|p1b: Brute Bonnet\n|-damage|p1b: Brute Bonnet|0 fnt\n|-damage|p2a: Braviary|84\/100|[from] item: Rocky Helmet|[of] p1b: Brute Bonnet\n|faint|p1b: Brute Bonnet\n|-end|p1b: Brute Bonnet|Protosynthesis|[silent]\n|-damage|p2a: Braviary|43\/100|[from] Recoil\n|\n|upkeep\n|\n|t:|1682389551\n|switch|p1b: Chien-Pao|Chien-Pao, L50|100\/100\n|-ability|p1b: Chien-Pao|Sword of Ruin\n|turn|2\n|\n|t:|1682389574\n|switch|p2a: ChiYu|Arcanine, L50, M|100\/100\n|-ability|p2a: ChiYu|Intimidate|boost\n|-unboost|p1a: Flutter Mane|atk|1\n|-unboost|p1b: Chien-Pao|atk|1\n|-terastallize|p2b: WoChien|Water\n|move|p1a: Flutter Mane|Dazzling Gleam|p2a: ChiYu|[spread] p2a,p2b\n|-resisted|p2a: ChiYu\n|-damage|p2a: ChiYu|82\/100\n|-damage|p2b: WoChien|77\/100\n|move|p1b: Chien-Pao|Ice Spinner|p2b: WoChien\n|-resisted|p2b: WoChien\n|-damage|p2b: WoChien|60\/100\n|move|p2b: WoChien|Spore|p1a: Flutter Mane\n|-status|p1a: Flutter Mane|slp|[from] move: Spore\n|\n|upkeep\n|turn|3\n|inactive|glitchy_potat has 30 seconds left.\n|inactive|Nukoshowdown has 30 seconds left.\n|\n|t:|1682389607\n|move|p1b: Chien-Pao|Protect|p1b: Chien-Pao\n|-singleturn|p1b: Chien-Pao|Protect\n|cant|p1a: Flutter Mane|slp\n|move|p2a: ChiYu|Flare Blitz|p1a: Flutter Mane\n|-damage|p1a: Flutter Mane|0 fnt\n|faint|p1a: Flutter Mane\n|-end|p1a: Flutter Mane|Protosynthesis|[silent]\n|-damage|p2a: ChiYu|60\/100|[from] Recoil\n|move|p2b: WoChien|Spore|p2a: ChiYu\n|-activate|p2a: ChiYu|item: Safety Goggles|Spore\n|\n|upkeep\n|\n|t:|1682389619\n|switch|p1a: JoJo|Palafin-Hero, L50, M|100\/100\n|-activate|p1a: JoJo|ability: Zero to Hero\n|turn|4\n|\n|t:|1682389642\n|switch|p2a: Braviary|Braviary, L50, M|43\/100\n|-terastallize|p1a: JoJo|Water\n|move|p1b: Chien-Pao|Rain Dance|p1b: Chien-Pao\n|-weather|RainDance\n|move|p1a: JoJo|Wave Crash|p2b: WoChien\n|-resisted|p2b: WoChien\n|-damage|p2b: WoChien|0 fnt\n|faint|p2b: WoChien\n|-damage|p1a: JoJo|79\/100|[from] Recoil\n|\n|-weather|RainDance|[upkeep]\n|upkeep\n|\n|t:|1682389664\n|switch|p2b: ChiYu|Arcanine, L50, M|60\/100\n|-ability|p2b: ChiYu|Intimidate|boost\n|-unboost|p1a: JoJo|atk|1\n|-unboost|p1b: Chien-Pao|atk|1\n|turn|5\n|\n|t:|1682389678\n|move|p2b: ChiYu|Protect|p2b: ChiYu\n|-singleturn|p2b: ChiYu|Protect\n|move|p1a: JoJo|Jet Punch|p2b: ChiYu\n|-activate|p2b: ChiYu|move: Protect\n|move|p2a: Braviary|Tailwind|p2a: Braviary\n|-sidestart|p2: Nukoshowdown|move: Tailwind\n|move|p1b: Chien-Pao|Ice Spinner|p2a: Braviary\n|-supereffective|p2a: Braviary\n|-crit|p2a: Braviary\n|-damage|p2a: Braviary|0 fnt\n|faint|p2a: Braviary\n|\n|-weather|RainDance|[upkeep]\n|upkeep\n|\n|t:|1682389687\n|switch|p2a: Baxcalibur|Baxcalibur, L50, M|100\/100\n|turn|6\n|\n|t:|1682389711\n|move|p1a: JoJo|Jet Punch|p2b: ChiYu\n|-supereffective|p2b: ChiYu\n|-damage|p2b: ChiYu|0 fnt\n|faint|p2b: ChiYu\n|move|p2a: Baxcalibur|Glaive Rush|p1a: JoJo\n|-damage|p1a: JoJo|0 fnt\n|-singlemove|p2a: Baxcalibur|Glaive Rush|[silent]\n|faint|p1a: JoJo\n|move|p1b: Chien-Pao|Sacred Sword|p2a: Baxcalibur\n|-supereffective|p2a: Baxcalibur\n|-damage|p2a: Baxcalibur|15\/100\n|\n|-weather|RainDance|[upkeep]\n|upkeep\n|turn|7\n|\n|t:|1682389725\n|move|p2a: Baxcalibur|Protect|p2a: Baxcalibur\n|-singleturn|p2a: Baxcalibur|Protect\n|move|p1b: Chien-Pao|Sacred Sword|p2a: Baxcalibur\n|-activate|p2a: Baxcalibur|move: Protect\n|\n|-weather|RainDance|[upkeep]\n|upkeep\n|turn|8\n|\n|t:|1682389733\n|move|p2a: Baxcalibur|Icicle Spear|p1b: Chien-Pao\n|-resisted|p1b: Chien-Pao\n|-damage|p1b: Chien-Pao|90\/100\n|-resisted|p1b: Chien-Pao\n|-damage|p1b: Chien-Pao|79\/100\n|-resisted|p1b: Chien-Pao\n|-damage|p1b: Chien-Pao|70\/100\n|-resisted|p1b: Chien-Pao\n|-damage|p1b: Chien-Pao|59\/100\n|-resisted|p1b: Chien-Pao\n|-damage|p1b: Chien-Pao|49\/100\n|-hitcount|p1b: Chien-Pao|5\n|move|p1b: Chien-Pao|Sacred Sword|p2a: Baxcalibur\n|-supereffective|p2a: Baxcalibur\n|-damage|p2a: Baxcalibur|0 fnt\n|faint|p2a: Baxcalibur\n|\n|win|glitchy_potat\n|raw|glitchy_potat's rating: 1394 → 1409<\/strong> (+15 for winning)\n|raw|Nukoshowdown's rating: 1307 → 1292<\/strong> (-15 for losing)\n|l|\u2606glitchy_potat\n","uploadtime":1682389749,"views":8,"p1id":"glitchypotat","p2id":"nukoshowdown","formatid":"gen9vgc2023regulationc","rating":1292,"private":0,"password":""}