{"id":"gen9vgc2023regulationc-1860408190","p1":"RandomEnemy","p2":"Vengeful potato","format":"[Gen 9] VGC 2023 Regulation C","log":"|j|\u2606RandomEnemy\n|j|\u2606Vengeful potato\n|t:|1683641601\n|gametype|doubles\n|player|p1|RandomEnemy|unknown|1406\n|player|p2|Vengeful potato|swimmer-gen4|1390\n|teamsize|p1|6\n|teamsize|p2|6\n|gen|9\n|tier|[Gen 9] VGC 2023 Regulation C\n|rated|\n|rule|Species Clause: Limit one of each Pok\u00e9mon\n|rule|Item Clause: Limit one of each item\n|clearpoke\n|poke|p1|Chi-Yu, L50|\n|poke|p1|Ceruledge, L50, M|\n|poke|p1|Great Tusk, L50|\n|poke|p1|Murkrow, L50, M|\n|poke|p1|Iron Bundle, L50|\n|poke|p1|Scizor, L50, M|\n|poke|p2|Dudunsparce-*, L50, M|\n|poke|p2|Hariyama, L50, M|\n|poke|p2|Gengar, L50, F|\n|poke|p2|Corviknight, L50, F|\n|poke|p2|Rotom-Wash, L50|\n|poke|p2|Brute Bonnet, L50|\n|teampreview|4\nRandomEnemy has agreed to open team sheets.\n|\n|t:|1683641626\n|start\n|switch|p1a: Great Tusk|Great Tusk, L50|100\/100\n|switch|p1b: Murkrow|Murkrow, L50, M, shiny|100\/100\n|switch|p2a: Double Trouble|Dudunsparce, L50, M|100\/100\n|switch|p2b: THICC|Hariyama, L50, M, shiny|100\/100\n|turn|1\n|\n|t:|1683641678\n|-terastallize|p1a: Great Tusk|Ground\n|move|p2b: THICC|Fake Out|p1a: Great Tusk\n|-damage|p1a: Great Tusk|91\/100\n|move|p1b: Murkrow|Sunny Day|p1b: Murkrow\n|-weather|SunnyDay\n|-activate|p1a: Great Tusk|ability: Protosynthesis\n|-start|p1a: Great Tusk|protosynthesisatk\n|cant|p1a: Great Tusk|flinch\n|move|p2a: Double Trouble|Glare|p1a: Great Tusk\n|-status|p1a: Great Tusk|par\n|\n|-weather|SunnyDay|[upkeep]\n|upkeep\n|turn|2\n|\n|t:|1683641692\n|move|p2b: THICC|Wide Guard|p2b: THICC\n|-singleturn|p2b: THICC|Wide Guard\n|move|p1b: Murkrow|Tailwind|p1b: Murkrow\n|-sidestart|p1: RandomEnemy|move: Tailwind\n|move|p1a: Great Tusk|Earthquake|p2b: THICC|[spread] \n|-activate|p2a: Double Trouble|move: Wide Guard\n|-activate|p2b: THICC|move: Wide Guard\n|-immune|p1b: Murkrow\n|move|p2a: Double Trouble|Glare|p1b: Murkrow\n|-status|p1b: Murkrow|par\n|\n|-weather|SunnyDay|[upkeep]\n|upkeep\n|turn|3\n|\n|t:|1683641708\n|-end|p1a: Great Tusk|Protosynthesis|[silent]\n|switch|p1a: Chi-Yu|Chi-Yu, L50|100\/100\n|-ability|p1a: Chi-Yu|Beads of Ruin\n|move|p2a: Double Trouble|Protect|p2a: Double Trouble\n|-singleturn|p2a: Double Trouble|Protect\n|move|p1b: Murkrow|Brave Bird|p2b: THICC\n|-supereffective|p2b: THICC\n|-damage|p2b: THICC|32\/100\n|-damage|p1b: Murkrow|71\/100 par|[from] Recoil\n|move|p2b: THICC|Drain Punch|p1a: Chi-Yu\n|-supereffective|p1a: Chi-Yu\n|-enditem|p1a: Chi-Yu|Focus Sash\n|-damage|p1a: Chi-Yu|1\/100\n|-heal|p2b: THICC|62\/100|[from] drain|[of] p1a: Chi-Yu\n|\n|-weather|SunnyDay|[upkeep]\n|upkeep\n|turn|4\n|\n|t:|1683641724\n|move|p2b: THICC|Bullet Punch|p1a: Chi-Yu\n|-resisted|p1a: Chi-Yu\n|-damage|p1a: Chi-Yu|0 fnt\n|faint|p1a: Chi-Yu\n|move|p1b: Murkrow|Brave Bird|p2b: THICC\n|-supereffective|p2b: THICC\n|-damage|p2b: THICC|0 fnt\n|faint|p2b: THICC\n|-damage|p1b: Murkrow|44\/100 par|[from] Recoil\n|move|p2a: Double Trouble|Rock Slide|p1b: Murkrow\n|-supereffective|p1b: Murkrow\n|-damage|p1b: Murkrow|0 fnt\n|faint|p1b: Murkrow\n|\n|-weather|SunnyDay|[upkeep]\n|upkeep\n|\n|t:|1683641737\n|switch|p1a: Great Tusk|Great Tusk, L50, tera:Ground|91\/100 par\n|switch|p1b: Iron Bundle|Iron Bundle, L50|100\/100\n|switch|p2b: \ud83d\udca6\u26a1\ufe0f|Rotom-Wash, L50, shiny|100\/100\n|-activate|p1a: Great Tusk|ability: Protosynthesis\n|-start|p1a: Great Tusk|protosynthesisatk\n|-enditem|p1b: Iron Bundle|Booster Energy\n|-activate|p1b: Iron Bundle|ability: Quark Drive|[fromitem]\n|-start|p1b: Iron Bundle|quarkdrivespe\n|turn|5\n|\n|t:|1683641756\n|move|p2b: \ud83d\udca6\u26a1\ufe0f|Protect|p2b: \ud83d\udca6\u26a1\ufe0f\n|-singleturn|p2b: \ud83d\udca6\u26a1\ufe0f|Protect\n|move|p2a: Double Trouble|Protect|p2a: Double Trouble\n|-singleturn|p2a: Double Trouble|Protect\n|move|p1b: Iron Bundle|Freeze-Dry|p2b: \ud83d\udca6\u26a1\ufe0f\n|-activate|p2b: \ud83d\udca6\u26a1\ufe0f|move: Protect\n|cant|p1a: Great Tusk|par\n|\n|-weather|none\n|-end|p1a: Great Tusk|Protosynthesis\n|-sideend|p1: RandomEnemy|move: Tailwind\n|upkeep\n|turn|6\n|\n|t:|1683641766\n|move|p1b: Iron Bundle|Freeze-Dry|p2b: \ud83d\udca6\u26a1\ufe0f\n|-supereffective|p2b: \ud83d\udca6\u26a1\ufe0f\n|-damage|p2b: \ud83d\udca6\u26a1\ufe0f|31\/100\n|move|p2b: \ud83d\udca6\u26a1\ufe0f|Hydro Pump|p1a: Great Tusk\n|-supereffective|p1a: Great Tusk\n|-damage|p1a: Great Tusk|0 fnt\n|faint|p1a: Great Tusk\n|-end|p1a: Great Tusk|Protosynthesis|[silent]\n|move|p2a: Double Trouble|Glare|p1b: Iron Bundle\n|-status|p1b: Iron Bundle|par\n|\n|upkeep\n|turn|7\n|-message|RandomEnemy forfeited.\n|\n|win|Vengeful potato\n|raw|RandomEnemy's rating: 1406 → 1385<\/strong> (-21 for losing)\n|raw|Vengeful potato's rating: 1390 → 1411<\/strong> (+21 for winning)\n|l|\u2606RandomEnemy\n|c|\u2606Vengeful potato|Ggs\n","uploadtime":1683641783,"views":9,"p1id":"randomenemy","p2id":"vengefulpotato","formatid":"gen9vgc2023regulationc","rating":1385,"private":0,"password":""}