{"id":"gen9vgc2023regulationc-1857199540","p1":"ThAtIsNoTfAiRjErK","p2":"ijijig","format":"[Gen 9] VGC 2023 Regulation C","log":"|j|\u2606ThAtIsNoTfAiRjErK\n|j|\u2606ijijig\n|t:|1683157081\n|gametype|doubles\n|player|p1|ThAtIsNoTfAiRjErK|swimmer|1042\n|player|p2|ijijig|ghetsis-gen5bw|1078\n|teamsize|p1|6\n|teamsize|p2|5\n|gen|9\n|tier|[Gen 9] VGC 2023 Regulation C\n|rated|\n|rule|Species Clause: Limit one of each Pok\u00e9mon\n|rule|Item Clause: Limit one of each item\n|clearpoke\n|poke|p1|Hydreigon, L50, F|\n|poke|p1|Annihilape, L50, M|\n|poke|p1|Maushold, L50|\n|poke|p1|Amoonguss, L50, F|\n|poke|p1|Kingambit, L50, M|\n|poke|p1|Flutter Mane, L50|\n|poke|p2|Tatsugiri, L50, M|\n|poke|p2|Dondozo, L50, F|\n|poke|p2|Abomasnow, L50, F|\n|poke|p2|Tinkaton, L50, F|\n|poke|p2|Tauros-Paldea-Blaze, L50, M|\n|teampreview|4\n|inactive|Battle timer is ON: inactive players will automatically lose when time's up. (requested by ThAtIsNoTfAiRjErK)\n|inactive|ThAtIsNoTfAiRjErK has 60 seconds left.\n|inactive|ijijig has 60 seconds left.\n|\n|t:|1683157130\n|start\n|switch|p1a: Flutter Mane|Flutter Mane, L50|100\/100\n|switch|p1b: Amoonguss|Amoonguss, L50, F|100\/100\n|switch|p2a: Tinkaton|Tinkaton, L50, F|100\/100\n|switch|p2b: Dondozo|Dondozo, L50, F, shiny|100\/100\n|-ability|p2a: Tinkaton|Mold Breaker\n|turn|1\n|\n|t:|1683157153\n|move|p1a: Flutter Mane|Protect|p1a: Flutter Mane\n|-singleturn|p1a: Flutter Mane|Protect\n|move|p2a: Tinkaton|Fake Out|p1b: Amoonguss\n|-damage|p1b: Amoonguss|91\/100\n|move|p2b: Dondozo|Wave Crash|p1a: Flutter Mane\n|-activate|p1a: Flutter Mane|move: Protect\n|cant|p1b: Amoonguss|flinch\n|\n|-heal|p1b: Amoonguss|97\/100|[from] item: Leftovers\n|upkeep\n|turn|2\n|inactive|ijijig has 30 seconds left.\n|\n|t:|1683157185\n|-end|p1a: Flutter Mane|Protosynthesis|[silent]\n|switch|p1a: Maushold|Maushold, L50|100\/100\n|-terastallize|p2b: Dondozo|Grass\n|move|p2a: Tinkaton|Gigaton Hammer|p1b: Amoonguss\n|-damage|p1b: Amoonguss|44\/100\n|move|p2b: Dondozo|Wave Crash|p1a: Maushold\n|-damage|p1a: Maushold|24\/100\n|-damage|p2b: Dondozo|86\/100|[from] Recoil\n|move|p1b: Amoonguss|Spore|p2a: Tinkaton\n|-status|p2a: Tinkaton|slp|[from] move: Spore\n|\n|-heal|p1b: Amoonguss|50\/100|[from] item: Leftovers\n|upkeep\n|turn|3\n|\n|t:|1683157207\n|switch|p2a: Tatsugiri|Tatsugiri, L50, M|100\/100\n|-activate|p2a: Tatsugiri|ability: Commander|[of] p2b: Dondozo\n|-boost|p2b: Dondozo|atk|2\n|-boost|p2b: Dondozo|spa|2\n|-boost|p2b: Dondozo|spe|2\n|-boost|p2b: Dondozo|def|2\n|-boost|p2b: Dondozo|spd|2\n|move|p1b: Amoonguss|Rage Powder|p1b: Amoonguss\n|-singleturn|p1b: Amoonguss|move: Rage Powder\n|move|p1a: Maushold|Tidy Up|p1a: Maushold\n|-boost|p1a: Maushold|atk|1\n|-boost|p1a: Maushold|spe|1\n|move|p2b: Dondozo|Ice Fang|p1b: Amoonguss\n|-supereffective|p1b: Amoonguss\n|-damage|p1b: Amoonguss|0 fnt\n|faint|p1b: Amoonguss\n|\n|upkeep\n|\n|t:|1683157223\n|switch|p1b: Flutter Mane|Flutter Mane, L50|100\/100\n|turn|4\n|\n|t:|1683157232\n|-terastallize|p1a: Maushold|Normal\n|move|p1a: Maushold|Population Bomb|p2b: Dondozo\n|-damage|p2b: Dondozo|77\/100\n|-damage|p2b: Dondozo|69\/100\n|-damage|p2b: Dondozo|62\/100\n|-damage|p2b: Dondozo|54\/100\n|-damage|p2b: Dondozo|44\/100\n|-damage|p2b: Dondozo|35\/100\n|-damage|p2b: Dondozo|27\/100\n|-damage|p2b: Dondozo|20\/100\n|-damage|p2b: Dondozo|11\/100\n|-damage|p2b: Dondozo|2\/100\n|-hitcount|p2b: Dondozo|10\n|move|p1b: Flutter Mane|Dazzling Gleam|p2a: Tatsugiri|[spread] p2b\n|-miss|p1b: Flutter Mane|p2a: Tatsugiri\n|-damage|p2b: Dondozo|0 fnt\n|faint|p2b: Dondozo\n|\n|upkeep\n|\n|t:|1683157245\n|switch|p2b: Tinkaton|Tinkaton, L50, F|100\/100 slp\n|-ability|p2b: Tinkaton|Mold Breaker\n|turn|5\n|\n|t:|1683157258\n|cant|p2b: Tinkaton|slp\n|move|p1a: Maushold|Population Bomb|p2b: Tinkaton\n|-resisted|p2b: Tinkaton\n|-damage|p2b: Tinkaton|86\/100 slp\n|-resisted|p2b: Tinkaton\n|-damage|p2b: Tinkaton|71\/100 slp\n|-resisted|p2b: Tinkaton\n|-damage|p2b: Tinkaton|56\/100 slp\n|-resisted|p2b: Tinkaton\n|-damage|p2b: Tinkaton|43\/100 slp\n|-resisted|p2b: Tinkaton\n|-damage|p2b: Tinkaton|30\/100 slp\n|-resisted|p2b: Tinkaton\n|-damage|p2b: Tinkaton|17\/100 slp\n|-resisted|p2b: Tinkaton\n|-damage|p2b: Tinkaton|2\/100 slp\n|-resisted|p2b: Tinkaton\n|-damage|p2b: Tinkaton|0 fnt\n|faint|p2b: Tinkaton\n|-hitcount|p2: Tinkaton|8\n|move|p2a: Tatsugiri|Muddy Water|p1a: Maushold|[spread] p1a,p1b\n|-damage|p1a: Maushold|0 fnt\n|-damage|p1b: Flutter Mane|67\/100\n|-unboost|p1b: Flutter Mane|accuracy|1\n|faint|p1a: Maushold\n|move|p1b: Flutter Mane|Dazzling Gleam|p2a: Tatsugiri\n|-supereffective|p2a: Tatsugiri\n|-damage|p2a: Tatsugiri|0 fnt\n|faint|p2a: Tatsugiri\n|\n|upkeep\n|\n|t:|1683157271\n|switch|p1a: Hydreigon|Hydreigon, L50, F, shiny|100\/100\n|switch|p2b: Abomasnow|Abomasnow, L50, F, shiny|100\/100\n|-weather|Snow|[from] ability: Snow Warning|[of] p2b: Abomasnow\n|turn|6\n|\n|t:|1683157285\n|move|p1b: Flutter Mane|Dazzling Gleam|p2b: Abomasnow|[miss]\n|-miss|p1b: Flutter Mane|p2b: Abomasnow\n|move|p1a: Hydreigon|Draco Meteor|p2b: Abomasnow|[miss]\n|-miss|p1a: Hydreigon|p2b: Abomasnow\n|move|p2b: Abomasnow|Blizzard|p1a: Hydreigon|[spread] p1a,p1b\n|-supereffective|p1a: Hydreigon\n|-damage|p1a: Hydreigon|24\/100\n|-damage|p1b: Flutter Mane|30\/100\n|\n|-weather|Snow|[upkeep]\n|upkeep\n|turn|7\n|\n|t:|1683157299\n|move|p1b: Flutter Mane|Dazzling Gleam|p2b: Abomasnow\n|-damage|p2b: Abomasnow|35\/100\n|-enditem|p2b: Abomasnow|Sitrus Berry|[eat]\n|-heal|p2b: Abomasnow|59\/100|[from] item: Sitrus Berry\n|move|p1a: Hydreigon|Draco Meteor|p2b: Abomasnow\n|-damage|p2b: Abomasnow|1\/100\n|-unboost|p1a: Hydreigon|spa|2\n|move|p2b: Abomasnow|Blizzard|p1b: Flutter Mane|[spread] p1a,p1b\n|-supereffective|p1a: Hydreigon\n|-crit|p1b: Flutter Mane\n|-damage|p1a: Hydreigon|0 fnt\n|-damage|p1b: Flutter Mane|0 fnt\n|faint|p1a: Hydreigon\n|faint|p1b: Flutter Mane\n|-end|p1b: Flutter Mane|Protosynthesis|[silent]\n|\n|win|ijijig\n|raw|ThAtIsNoTfAiRjErK's rating: 1042 → 1027<\/strong> (-15 for losing)\n|raw|ijijig's rating: 1078 → 1103<\/strong> (+25 for winning)\n|c|\u2606ThAtIsNoTfAiRjErK|lol gg\n","uploadtime":1683157315,"views":14,"p1id":"thatisnotfairjerk","p2id":"ijijig","formatid":"gen9vgc2023regulationc","rating":1027,"private":0,"password":""}