{"id":"gen9vgc2023regulationc-1846531751","p1":"DuelLuna","p2":"BigPapiKiryae","format":"[Gen 9] VGC 2023 Regulation C","log":"|j|\u2606DuelLuna\n|j|\u2606BigPapiKiryae\n|t:|1681848952\n|gametype|doubles\n|player|p1|DuelLuna|caitlin|1581\n|player|p2|BigPapiKiryae|170|1529\n|teamsize|p1|6\n|teamsize|p2|6\n|gen|9\n|tier|[Gen 9] VGC 2023 Regulation C\n|rated|\n|rule|Species Clause: Limit one of each Pok\u00e9mon\n|rule|Item Clause: Limit one of each item\n|clearpoke\n|poke|p1|Palafin, L50, M|\n|poke|p1|Amoonguss, L50, F|\n|poke|p1|Flutter Mane, L50|\n|poke|p1|Gothitelle, L50, F|\n|poke|p1|Iron Hands, L50|\n|poke|p1|Arcanine, L50, M|\n|poke|p2|Chi-Yu, L50|\n|poke|p2|Iron Bundle, L50|\n|poke|p2|Flutter Mane, L50|\n|poke|p2|Maushold-Four, L50|\n|poke|p2|Dragonite, L50, F|\n|poke|p2|Great Tusk, L50|\n|teampreview|4\nDuelLuna has agreed to open team sheets.\n|c|\u2606DuelLuna|Hf\n|inactive|Battle timer is ON: inactive players will automatically lose when time's up. (requested by DuelLuna)\n|inactive|BigPapiKiryae has 60 seconds left.\n|\n|t:|1681849080\n|start\n|switch|p1a: Palafin|Palafin, L50, M|100\/100\n|switch|p1b: Flutter Mane|Flutter Mane, L50|100\/100\n|switch|p2a: Dragonite|Dragonite, L50, F|100\/100\n|switch|p2b: Flutter Mane|Flutter Mane, L50|100\/100\n|turn|1\n|inactive|BigPapiKiryae has 30 seconds left.\n|inactive|BigPapiKiryae has 20 seconds left.\n|inactive|BigPapiKiryae has 15 seconds left.\n|inactive|BigPapiKiryae has 10 seconds left.\n|inactive|BigPapiKiryae has 5 seconds left.\n|\n|t:|1681849135\n|detailschange|p1a: Palafin|Palafin-Hero, L50, M\n|switch|p1a: Arcanine|Arcanine, L50, M|100\/100\n|-ability|p1a: Arcanine|Intimidate|boost\n|-unboost|p2a: Dragonite|atk|1\n|-unboost|p2b: Flutter Mane|atk|1\n|-terastallize|p2a: Dragonite|Flying\n|move|p1b: Flutter Mane|Moonblast|p2a: Dragonite\n|-damage|p2a: Dragonite|66\/100\n|move|p2b: Flutter Mane|Dazzling Gleam|p1b: Flutter Mane|[spread] p1a,p1b\n|-resisted|p1a: Arcanine\n|-damage|p1a: Arcanine|83\/100\n|-damage|p1b: Flutter Mane|53\/100\n|move|p2a: Dragonite|Tera Blast|p1b: Flutter Mane\n|-damage|p1b: Flutter Mane|0 fnt\n|faint|p1b: Flutter Mane\n|-end|p1b: Flutter Mane|Protosynthesis|[silent]\n|\n|upkeep\n|\n|t:|1681849148\n|switch|p1b: Palafin|Palafin-Hero, L50, M|100\/100\n|-activate|p1b: Palafin|ability: Zero to Hero\n|turn|2\n|\n|t:|1681849162\n|-terastallize|p1b: Palafin|Water\n|move|p1b: Palafin|Jet Punch|p2a: Dragonite\n|-damage|p2a: Dragonite|8\/100\n|move|p2b: Flutter Mane|Dazzling Gleam|p1b: Palafin|[spread] p1a,p1b\n|-resisted|p1a: Arcanine\n|-damage|p1a: Arcanine|66\/100\n|-damage|p1b: Palafin|55\/100\n|move|p1a: Arcanine|Flare Blitz|p2b: Flutter Mane\n|-damage|p2b: Flutter Mane|8\/100\n|-damage|p1a: Arcanine|41\/100|[from] Recoil\n|move|p2a: Dragonite|Tera Blast|p1a: Arcanine\n|-damage|p1a: Arcanine|0 fnt\n|faint|p1a: Arcanine\n|\n|upkeep\n|\n|t:|1681849170\n|switch|p1a: Amoonguss|Amoonguss, L50, F|100\/100\n|turn|3\n|inactive|BigPapiKiryae has 30 seconds left.\n|inactive|BigPapiKiryae has 20 seconds left.\n|inactive|BigPapiKiryae has 15 seconds left.\n|inactive|BigPapiKiryae has 10 seconds left.\n|inactive|BigPapiKiryae has 5 seconds left.\n|\n|t:|1681849225\n|move|p1b: Palafin|Jet Punch|p2a: Dragonite\n|-damage|p2a: Dragonite|0 fnt\n|faint|p2a: Dragonite\n|move|p2b: Flutter Mane|Dazzling Gleam|p1b: Palafin|[spread] p1a,p1b\n|-resisted|p1a: Amoonguss\n|-damage|p1a: Amoonguss|83\/100\n|-damage|p1b: Palafin|10\/100\n|move|p1a: Amoonguss|Pollen Puff|p1b: Palafin\n|-heal|p1b: Palafin|60\/100\n|\n|upkeep\n|\n|t:|1681849235\n|switch|p2a: Iron Bundle|Iron Bundle, L50|100\/100\n|-enditem|p2a: Iron Bundle|Booster Energy\n|-activate|p2a: Iron Bundle|ability: Quark Drive|[fromitem]\n|-start|p2a: Iron Bundle|quarkdrivespe\n|turn|4\n|\n|t:|1681849250\n|move|p1b: Palafin|Protect|p1b: Palafin\n|-singleturn|p1b: Palafin|Protect\n|move|p2a: Iron Bundle|Freeze-Dry|p1b: Palafin\n|-activate|p1b: Palafin|move: Protect\n|move|p2b: Flutter Mane|Dazzling Gleam|p1a: Amoonguss|[spread] p1a\n|-activate|p1b: Palafin|move: Protect\n|-resisted|p1a: Amoonguss\n|-damage|p1a: Amoonguss|65\/100\n|move|p1a: Amoonguss|Spore|p2a: Iron Bundle\n|-status|p2a: Iron Bundle|slp|[from] move: Spore\n|\n|upkeep\n|turn|5\n|inactive|BigPapiKiryae has 30 seconds left.\n|inactive|BigPapiKiryae has 20 seconds left.\n|\n|t:|1681849286\n|move|p1b: Palafin|Jet Punch|p2b: Flutter Mane\n|-damage|p2b: Flutter Mane|0 fnt\n|faint|p2b: Flutter Mane\n|-end|p2b: Flutter Mane|Protosynthesis|[silent]\n|cant|p2a: Iron Bundle|slp\n|move|p1a: Amoonguss|Pollen Puff|p2a: Iron Bundle\n|-damage|p2a: Iron Bundle|62\/100 slp\n|\n|upkeep\n|\n|t:|1681849296\n|switch|p2b: Great Tusk|Great Tusk, L50|100\/100\n|turn|6\n|inactive|DuelLuna has 30 seconds left.\n|inactive|BigPapiKiryae has 30 seconds left.\n|\n|t:|1681849330\n|move|p1b: Palafin|Protect|p1b: Palafin\n|-singleturn|p1b: Palafin|Protect\n|cant|p2a: Iron Bundle|slp\n|move|p2b: Great Tusk|Headlong Rush|p1a: Amoonguss\n|-damage|p1a: Amoonguss|10\/100\n|-unboost|p2b: Great Tusk|def|1\n|-unboost|p2b: Great Tusk|spd|1\n|-enditem|p1a: Amoonguss|Wiki Berry|[eat]\n|-heal|p1a: Amoonguss|43\/100|[from] item: Wiki Berry\n|move|p1a: Amoonguss|Spore|p2b: Great Tusk\n|-status|p2b: Great Tusk|slp|[from] move: Spore\n|\n|upkeep\n|turn|7\n|\n|t:|1681849353\n|move|p1b: Palafin|Jet Punch|p2b: Great Tusk\n|-supereffective|p2b: Great Tusk\n|-enditem|p2b: Great Tusk|Focus Sash\n|-damage|p2b: Great Tusk|1\/100 slp\n|cant|p2a: Iron Bundle|slp\n|cant|p2b: Great Tusk|slp\n|move|p1a: Amoonguss|Pollen Puff|p2a: Iron Bundle\n|-damage|p2a: Iron Bundle|26\/100 slp\n|\n|upkeep\n|turn|8\n|\n|t:|1681849373\n|move|p1b: Palafin|Jet Punch|p2a: Iron Bundle\n|-resisted|p2a: Iron Bundle\n|-damage|p2a: Iron Bundle|0 fnt\n|faint|p2a: Iron Bundle\n|-end|p2a: Iron Bundle|Quark Drive|[silent]\n|-curestatus|p2b: Great Tusk|slp|[msg]\n|move|p2b: Great Tusk|Headlong Rush|p1a: Amoonguss\n|-damage|p1a: Amoonguss|0 fnt\n|-unboost|p2b: Great Tusk|def|1\n|-unboost|p2b: Great Tusk|spd|1\n|faint|p1a: Amoonguss\n|\n|upkeep\n|turn|9\n|\n|t:|1681849387\n|move|p1b: Palafin|Jet Punch|p2b: Great Tusk\n|-supereffective|p2b: Great Tusk\n|-damage|p2b: Great Tusk|0 fnt\n|faint|p2b: Great Tusk\n|-end|p2b: Great Tusk|Protosynthesis|[silent]\n|\n|win|DuelLuna\n|raw|DuelLuna's rating: 1581 → 1598<\/strong> (+17 for winning)\n|raw|BigPapiKiryae's rating: 1529 → 1512<\/strong> (-17 for losing)\n|l|\u2606DuelLuna\n|l|\u2606BigPapiKiryae\n|j|\u2606BigPapiKiryae\n|player|p2|BigPapiKiryae|170\n","uploadtime":1681849822,"views":8,"p1id":"duelluna","p2id":"bigpapikiryae","formatid":"gen9vgc2023regulationc","rating":1512,"private":0,"password":""}