{"id":"gen9vgc2023regulationc-1860490010","p1":"Arcacagne","p2":"FLYMOUSEQAQ","format":"[Gen 9] VGC 2023 Regulation C","log":"|j|\u2606Arcacagne\n|j|\u2606FLYMOUSEQAQ\n|t:|1683648686\n|gametype|doubles\n|player|p1|Arcacagne|101|1308\n|player|p2|FLYMOUSEQAQ|265|1303\n|teamsize|p1|6\n|teamsize|p2|6\n|gen|9\n|tier|[Gen 9] VGC 2023 Regulation C\n|rated|\n|rule|Species Clause: Limit one of each Pok\u00e9mon\n|rule|Item Clause: Limit one of each item\n|clearpoke\n|poke|p1|Flutter Mane, L50|\n|poke|p1|Chi-Yu, L50|\n|poke|p1|Amoonguss, L50, M|\n|poke|p1|Annihilape, L50, F|\n|poke|p1|Scream Tail, L50|\n|poke|p1|Iron Bundle, L50|\n|poke|p2|Iron Bundle, L50|\n|poke|p2|Flutter Mane, L50|\n|poke|p2|Chi-Yu, L50|\n|poke|p2|Glimmora, L50, F|\n|poke|p2|Tatsugiri, L50, F|\n|poke|p2|Dondozo, L50, F|\n|teampreview|4\n|\n|t:|1683648735\n|start\n|switch|p1a: Annihilape|Annihilape, L50, F|100\/100\n|switch|p1b: Scream Tail|Scream Tail, L50|100\/100\n|switch|p2a: Glimmora|Glimmora, L50, F|100\/100\n|switch|p2b: Dondozo|Dondozo, L50, F|100\/100\n|-enditem|p1b: Scream Tail|Booster Energy\n|-activate|p1b: Scream Tail|ability: Protosynthesis|[fromitem]\n|-start|p1b: Scream Tail|protosynthesisspe\n|turn|1\n|\n|t:|1683648755\n|switch|p2a: Tatsugiri|Tatsugiri, L50, F|100\/100\n|-activate|p2a: Tatsugiri|ability: Commander|[of] p2b: Dondozo\n|-boost|p2b: Dondozo|atk|2\n|-boost|p2b: Dondozo|spa|2\n|-boost|p2b: Dondozo|spe|2\n|-boost|p2b: Dondozo|def|2\n|-boost|p2b: Dondozo|spd|2\n|move|p1b: Scream Tail|Protect|p1b: Scream Tail\n|-singleturn|p1b: Scream Tail|Protect\n|move|p1a: Annihilape|Protect|p1a: Annihilape\n|-singleturn|p1a: Annihilape|Protect\n|move|p2b: Dondozo|Earthquake|p1b: Scream Tail|[spread] \n|-miss|p2b: Dondozo|p2a: Tatsugiri\n|-activate|p1a: Annihilape|move: Protect\n|-activate|p1b: Scream Tail|move: Protect\n|\n|upkeep\n|turn|2\n|\n|t:|1683648781\n|move|p1b: Scream Tail|Disable|p2b: Dondozo\n|-start|p2b: Dondozo|Disable|Earthquake\n|cant|p2b: Dondozo|Disable|Earthquake\n|move|p1a: Annihilape|Bulk Up|p1a: Annihilape\n|-boost|p1a: Annihilape|atk|1\n|-boost|p1a: Annihilape|def|1\n|\n|upkeep\n|turn|3\n|\n|t:|1683648794\n|move|p1b: Scream Tail|Encore|p2b: Dondozo\n|-start|p2b: Dondozo|Encore\n|cant|p2b: Dondozo|Disable|Earthquake\n|move|p1a: Annihilape|Bulk Up|p1a: Annihilape\n|-boost|p1a: Annihilape|atk|1\n|-boost|p1a: Annihilape|def|1\n|\n|upkeep\n|turn|4\n|\n|t:|1683648808\n|move|p1b: Scream Tail|Dazzling Gleam|p2b: Dondozo|[spread] p2b\n|-miss|p1b: Scream Tail|p2a: Tatsugiri\n|-damage|p2b: Dondozo|95\/100\n|-activate|p2b: Dondozo|move: Struggle\n|move|p2b: Dondozo|Struggle|p1a: Annihilape\n|-damage|p1a: Annihilape|74\/100\n|-damage|p2b: Dondozo|70\/100|[from] recoil\n|move|p1a: Annihilape|Bulk Up|p1a: Annihilape\n|-boost|p1a: Annihilape|atk|1\n|-boost|p1a: Annihilape|def|1\n|\n|-heal|p2b: Dondozo|76\/100|[from] item: Leftovers\n|upkeep\n|turn|5\n|\n|t:|1683648829\n|-end|p1b: Scream Tail|Protosynthesis|[silent]\n|switch|p1b: Iron Bundle|Iron Bundle, L50|100\/100\n|-activate|p2b: Dondozo|move: Struggle\n|move|p2b: Dondozo|Struggle|p1a: Annihilape\n|-damage|p1a: Annihilape|48\/100\n|-enditem|p1a: Annihilape|Sitrus Berry|[eat]\n|-heal|p1a: Annihilape|72\/100|[from] item: Sitrus Berry\n|-damage|p2b: Dondozo|50\/100|[from] recoil\n|move|p1a: Annihilape|Drain Punch|p2b: Dondozo\n|-damage|p2b: Dondozo|37\/100\n|-heal|p1a: Annihilape|80\/100|[from] drain|[of] p2b: Dondozo\n|\n|-heal|p2b: Dondozo|43\/100|[from] item: Leftovers\n|-end|p2b: Dondozo|Encore\n|-end|p2b: Dondozo|Disable\n|upkeep\n|turn|6\n|\n|t:|1683648850\n|move|p1b: Iron Bundle|Freeze-Dry|p2b: Dondozo\n|-supereffective|p2b: Dondozo\n|-damage|p2b: Dondozo|10\/100\n|move|p2b: Dondozo|Earthquake|p1b: Iron Bundle|[spread] p1a,p1b\n|-miss|p2b: Dondozo|p2a: Tatsugiri\n|-damage|p1a: Annihilape|45\/100\n|-damage|p1b: Iron Bundle|52\/100\n|move|p1a: Annihilape|Bulk Up|p1a: Annihilape\n|-boost|p1a: Annihilape|atk|1\n|-boost|p1a: Annihilape|def|1\n|\n|-heal|p2b: Dondozo|16\/100|[from] item: Leftovers\n|upkeep\n|turn|7\n|\n|t:|1683648874\n|move|p1b: Iron Bundle|Freeze-Dry|p2b: Dondozo\n|-supereffective|p2b: Dondozo\n|-damage|p2b: Dondozo|0 fnt\n|faint|p2b: Dondozo\n|move|p1a: Annihilape|Rage Fist|p2a: Tatsugiri\n|-damage|p2a: Tatsugiri|0 fnt\n|faint|p2a: Tatsugiri\n|\n|upkeep\n|\n|t:|1683648877\n|switch|p2a: Glimmora|Glimmora, L50, F|100\/100\n|switch|p2b: Flutter Mane|Flutter Mane, L50|100\/100\n|turn|8\n|\n|t:|1683648906\n|-terastallize|p1a: Annihilape|Fire\n|move|p1b: Iron Bundle|Icy Wind|p2b: Flutter Mane|[spread] p2b\n|-miss|p1b: Iron Bundle|p2a: Glimmora\n|-damage|p2b: Flutter Mane|78\/100\n|-unboost|p2b: Flutter Mane|spe|1\n|move|p2b: Flutter Mane|Shadow Ball|p1a: Annihilape\n|-damage|p1a: Annihilape|11\/100\n|move|p1a: Annihilape|Drain Punch|p2a: Glimmora\n|-damage|p2a: Glimmora|0 fnt\n|-heal|p1a: Annihilape|56\/100|[from] drain|[of] p2a: Glimmora\n|-activate|p2a: Glimmora|ability: Toxic Debris\n|-sidestart|p1: Arcacagne|move: Toxic Spikes\n|faint|p2a: Glimmora\n|\n|upkeep\n|turn|9\n|c|\u2606Arcacagne|gg\n|\n|t:|1683648929\n|-terastallize|p2b: Flutter Mane|Fairy\n|move|p1b: Iron Bundle|Icy Wind|p2b: Flutter Mane\n|-damage|p2b: Flutter Mane|47\/100\n|-unboost|p2b: Flutter Mane|spe|1\n|move|p1a: Annihilape|Rage Fist|p2b: Flutter Mane\n|-damage|p2b: Flutter Mane|0 fnt\n|faint|p2b: Flutter Mane\n|-end|p2b: Flutter Mane|Protosynthesis|[silent]\n|\n|win|Arcacagne\n|raw|Arcacagne's rating: 1308 → 1328<\/strong> (+20 for winning)\n|raw|FLYMOUSEQAQ's rating: 1303 → 1283<\/strong> (-20 for losing)\n|l|\u2606FLYMOUSEQAQ\n","uploadtime":1683648941,"views":6,"p1id":"arcacagne","p2id":"flymouseqaq","formatid":"gen9vgc2023regulationc","rating":1283,"private":0,"password":""}