{"id":"gen9vgc2023regulationc-1856056776","p1":"Alt dr8ke","p2":"SM0KESgirl","format":"[Gen 9] VGC 2023 Regulation C","log":"|j|\u2606Alt dr8ke\n|j|\u2606SM0KESgirl\n|t:|1683024257\n|gametype|doubles\n|player|p1|Alt dr8ke|2|1236\n|player|p2|SM0KESgirl|skyla|1247\n|teamsize|p1|6\n|teamsize|p2|6\n|gen|9\n|tier|[Gen 9] VGC 2023 Regulation C\n|rated|\n|rule|Species Clause: Limit one of each Pok\u00e9mon\n|rule|Item Clause: Limit one of each item\n|clearpoke\n|poke|p1|Abomasnow, L50, F|\n|poke|p1|Cetitan, L50, F|\n|poke|p1|Gyarados, L50, M|\n|poke|p1|Iron Hands, L50|\n|poke|p1|Ting-Lu, L50|\n|poke|p1|Flutter Mane, L50|\n|poke|p2|Gholdengo, L50|\n|poke|p2|Murkrow, L50, F|\n|poke|p2|Baxcalibur, L50, M|\n|poke|p2|Annihilape, L50, M|\n|poke|p2|Flutter Mane, L50|\n|poke|p2|Amoonguss, L50, F|\n|teampreview|4\nSM0KESgirl rejected open team sheets.\n|inactive|Battle timer is ON: inactive players will automatically lose when time's up. (requested by SM0KESgirl)\n|inactive|SM0KESgirl has 60 seconds left.\n|\n|t:|1683024300\n|start\n|switch|p1a: Abomasnow|Abomasnow, L50, F|100\/100\n|switch|p1b: Flutter Mane|Flutter Mane, L50|100\/100\n|switch|p2a: Murkrow|Murkrow, L50, F|100\/100\n|switch|p2b: Gholdengo|Gholdengo, L50|100\/100\n|-weather|Snow|[from] ability: Snow Warning|[of] p1a: Abomasnow\n|turn|1\n|inactive|Alt dr8ke has 30 seconds left.\n|inactive|SM0KESgirl has 30 seconds left.\n|\n|t:|1683024333\n|-terastallize|p2b: Gholdengo|Steel\n|move|p2a: Murkrow|Tailwind|p2a: Murkrow\n|-sidestart|p2: SM0KESgirl|move: Tailwind\n|move|p2b: Gholdengo|Make It Rain|p1b: Flutter Mane|[spread] p1a,p1b\n|-supereffective|p1a: Abomasnow\n|-supereffective|p1b: Flutter Mane\n|-damage|p1a: Abomasnow|0 fnt\n|-damage|p1b: Flutter Mane|0 fnt\n|-unboost|p2b: Gholdengo|spa|1\n|faint|p1a: Abomasnow\n|faint|p1b: Flutter Mane\n|-end|p1b: Flutter Mane|Protosynthesis|[silent]\n|\n|-weather|Snow|[upkeep]\n|upkeep\n|\n|t:|1683024342\n|switch|p1b: Cetitan|Cetitan, L50, F|100\/100\n|switch|p1a: Iron Hands|Iron Hands, L50|100\/100\n|turn|2\n|inactive|Alt dr8ke has 30 seconds left.\n|\n|t:|1683024368\n|move|p2a: Murkrow|Thunder Wave|p1b: Cetitan\n|-status|p1b: Cetitan|par\n|move|p2b: Gholdengo|Make It Rain|p1b: Cetitan|[spread] p1a,p1b\n|-resisted|p1a: Iron Hands\n|-supereffective|p1b: Cetitan\n|-damage|p1a: Iron Hands|78\/100\n|-damage|p1b: Cetitan|8\/100 par\n|-unboost|p2b: Gholdengo|spa|1\n|move|p1b: Cetitan|Ice Spinner|p2a: Murkrow\n|-supereffective|p2a: Murkrow\n|-damage|p2a: Murkrow|20\/100\n|move|p1a: Iron Hands|Swords Dance|p1a: Iron Hands\n|-boost|p1a: Iron Hands|atk|2\n|\n|-weather|Snow|[upkeep]\n|upkeep\n|turn|3\n|\n|t:|1683024389\n|move|p2a: Murkrow|Haze|p2a: Murkrow\n|-clearallboost\n|cant|p1b: Cetitan|par\n|move|p2b: Gholdengo|Make It Rain|p1b: Cetitan|[spread] p1a,p1b\n|-resisted|p1a: Iron Hands\n|-supereffective|p1b: Cetitan\n|-damage|p1a: Iron Hands|39\/100\n|-damage|p1b: Cetitan|0 fnt\n|-unboost|p2b: Gholdengo|spa|1\n|-enditem|p1a: Iron Hands|Sitrus Berry|[eat]\n|-heal|p1a: Iron Hands|64\/100|[from] item: Sitrus Berry\n|faint|p1b: Cetitan\n|move|p1a: Iron Hands|Drain Punch|p2b: Gholdengo\n|-supereffective|p2b: Gholdengo\n|-damage|p2b: Gholdengo|26\/100\n|-heal|p1a: Iron Hands|91\/100|[from] drain|[of] p2b: Gholdengo\n|\n|-weather|Snow|[upkeep]\n|upkeep\n|turn|4\n|inactive|SM0KESgirl has 30 seconds left.\n|\n|t:|1683024420\n|move|p2a: Murkrow|Foul Play|p1a: Iron Hands\n|-resisted|p1a: Iron Hands\n|-damage|p1a: Iron Hands|76\/100\n|move|p2b: Gholdengo|Make It Rain|p1a: Iron Hands\n|-resisted|p1a: Iron Hands\n|-damage|p1a: Iron Hands|42\/100\n|-unboost|p2b: Gholdengo|spa|1\n|move|p1a: Iron Hands|Drain Punch|p2a: Murkrow\n|-damage|p2a: Murkrow|0 fnt\n|-heal|p1a: Iron Hands|49\/100|[from] drain|[of] p2a: Murkrow\n|faint|p2a: Murkrow\n|\n|-weather|Snow|[upkeep]\n|-sideend|p2: SM0KESgirl|move: Tailwind\n|upkeep\n|\n|t:|1683024438\n|switch|p2a: Annihilape|Annihilape, L50, M|100\/100\n|turn|5\n|\n|t:|1683024453\n|move|p2a: Annihilape|Bulk Up|p2a: Annihilape\n|-boost|p2a: Annihilape|atk|1\n|-boost|p2a: Annihilape|def|1\n|move|p2b: Gholdengo|Make It Rain|p1a: Iron Hands\n|-resisted|p1a: Iron Hands\n|-damage|p1a: Iron Hands|27\/100\n|-unboost|p2b: Gholdengo|spa|1\n|move|p1a: Iron Hands|Drain Punch|p2b: Gholdengo\n|-supereffective|p2b: Gholdengo\n|-damage|p2b: Gholdengo|0 fnt\n|-heal|p1a: Iron Hands|37\/100|[from] drain|[of] p2b: Gholdengo\n|faint|p2b: Gholdengo\n|\n|-weather|Snow|[upkeep]\n|upkeep\n|\n|t:|1683024470\n|switch|p2b: Baxcalibur|Baxcalibur, L50, M|100\/100\n|turn|6\n|\n|t:|1683024484\n|move|p2a: Annihilape|Rage Fist|p1a: Iron Hands\n|-damage|p1a: Iron Hands|18\/100\n|move|p2b: Baxcalibur|Glaive Rush|p1a: Iron Hands\n|-damage|p1a: Iron Hands|0 fnt\n|-singlemove|p2b: Baxcalibur|Glaive Rush|[silent]\n|faint|p1a: Iron Hands\n|-end|p1a: Iron Hands|Quark Drive|[silent]\n|\n|win|SM0KESgirl\n|raw|Alt dr8ke's rating: 1236 → 1212<\/strong> (-24 for losing)\n|raw|SM0KESgirl's rating: 1247 → 1271<\/strong> (+24 for winning)\n|l|\u2606Alt dr8ke\n","uploadtime":1683024495,"views":9,"p1id":"altdr8ke","p2id":"sm0kesgirl","formatid":"gen9vgc2023regulationc","rating":1212,"private":0,"password":""}