{"id":"gen9vgc2023regulationc-1848743876","p1":"Windwinged","p2":"Niqeth","format":"[Gen 9] VGC 2023 Regulation C","log":"|j|\u2606Windwinged\n|j|\u2606Niqeth\n|t:|1682106040\n|gametype|doubles\n|player|p1|Windwinged|265|1212\n|player|p2|Niqeth|colress|1136\n|teamsize|p1|6\n|teamsize|p2|6\n|gen|9\n|tier|[Gen 9] VGC 2023 Regulation C\n|rated|\n|rule|Species Clause: Limit one of each Pok\u00e9mon\n|rule|Item Clause: Limit one of each item\n|clearpoke\n|poke|p1|Dondozo, L50, F|\n|poke|p1|Tatsugiri, L50, M|\n|poke|p1|Electrode, L50|\n|poke|p1|Dugtrio, L50, F|\n|poke|p1|Chi-Yu, L50|\n|poke|p1|Tsareena, L50, F|\n|poke|p2|Glimmora, L50, F|\n|poke|p2|Wo-Chien, L50|\n|poke|p2|Chi-Yu, L50|\n|poke|p2|Iron Bundle, L50|\n|poke|p2|Scizor, L50, M|\n|poke|p2|Flutter Mane, L50|\n|teampreview|4\n|inactive|Battle timer is ON: inactive players will automatically lose when time's up. (requested by Windwinged)\n|c|\u2606Niqeth|gl & hf\nNiqeth has agreed to open team sheets.\n|inactive|Windwinged has 60 seconds left.\n|\n|t:|1682106081\n|start\n|switch|p1a: Chi-Yu|Chi-Yu, L50|100\/100\n|switch|p1b: Dugtrio|Dugtrio, L50, F|100\/100\n|switch|p2a: Glimmora|Glimmora, L50, F|100\/100\n|switch|p2b: Wo-Chien|Wo-Chien, L50|100\/100\n|-ability|p1a: Chi-Yu|Beads of Ruin\n|-ability|p2b: Wo-Chien|Tablets of Ruin\n|turn|1\n|\n|t:|1682106095\n|-terastallize|p1a: Chi-Yu|Fire\n|move|p1b: Dugtrio|Helping Hand|p1a: Chi-Yu\n|-singleturn|p1a: Chi-Yu|Helping Hand|[of] p1b: Dugtrio\n|move|p1a: Chi-Yu|Heat Wave|p2b: Wo-Chien|[spread] p2a\n|-miss|p1a: Chi-Yu|p2b: Wo-Chien\n|-resisted|p2a: Glimmora\n|-damage|p2a: Glimmora|62\/100\n|-damage|p1a: Chi-Yu|90\/100|[from] item: Life Orb\n|move|p2a: Glimmora|Earth Power|p1a: Chi-Yu\n|-supereffective|p1a: Chi-Yu\n|-damage|p1a: Chi-Yu|29\/100\n|move|p2b: Wo-Chien|Leech Seed|p1b: Dugtrio\n|-start|p1b: Dugtrio|move: Leech Seed\n|\n|-damage|p1b: Dugtrio|89\/100|[from] Leech Seed|[of] p2b: Wo-Chien\n|upkeep\n|turn|2\n|\n|t:|1682106110\n|move|p1b: Dugtrio|Fissure|p2b: Wo-Chien|[miss]\n|-miss|p1b: Dugtrio|p2b: Wo-Chien\n|move|p1a: Chi-Yu|Dark Pulse|p2a: Glimmora\n|-damage|p2a: Glimmora|14\/100\n|-damage|p1a: Chi-Yu|19\/100|[from] item: Life Orb\n|move|p2a: Glimmora|Earth Power|p1a: Chi-Yu\n|-supereffective|p1a: Chi-Yu\n|-damage|p1a: Chi-Yu|0 fnt\n|faint|p1a: Chi-Yu\n|move|p2b: Wo-Chien|Foul Play|p1b: Dugtrio\n|-damage|p1b: Dugtrio|23\/100\n|\n|-damage|p1b: Dugtrio|11\/100|[from] Leech Seed|[of] p2b: Wo-Chien\n|upkeep\n|\n|t:|1682106117\n|switch|p1a: Electrode|Electrode, L50|100\/100\n|turn|3\n|c|\u2606Windwinged|Well I didn't have good luck with that heat wave miss XD\n|\n|t:|1682106141\n|move|p1a: Electrode|Metal Sound|p2b: Wo-Chien\n|-unboost|p2b: Wo-Chien|spd|2\n|move|p1b: Dugtrio|Stomping Tantrum|p2a: Glimmora\n|-supereffective|p2a: Glimmora\n|-damage|p2a: Glimmora|0 fnt\n|faint|p2a: Glimmora\n|move|p2b: Wo-Chien|Leech Seed|p1a: Electrode\n|-start|p1a: Electrode|move: Leech Seed\n|\n|-damage|p1a: Electrode|89\/100|[from] Leech Seed|[of] p2b: Wo-Chien\n|-damage|p1b: Dugtrio|0 fnt|[from] Leech Seed|[of] p2b: Wo-Chien\n|faint|p1b: Dugtrio\n|upkeep\n|\n|t:|1682106156\n|switch|p1b: Tatsugiri|Tatsugiri, L50, M|100\/100\n|switch|p2a: Iron Bundle|Iron Bundle, L50|100\/100\n|-enditem|p2a: Iron Bundle|Booster Energy\n|-activate|p2a: Iron Bundle|ability: Quark Drive|[fromitem]\n|-start|p2a: Iron Bundle|quarkdrivespe\n|turn|4\n|\n|t:|1682106173\n|move|p2a: Iron Bundle|Protect|p2a: Iron Bundle\n|-singleturn|p2a: Iron Bundle|Protect\n|move|p1b: Tatsugiri|Protect|p1b: Tatsugiri\n|-singleturn|p1b: Tatsugiri|Protect\n|move|p1a: Electrode|Discharge|p2a: Iron Bundle|[spread] p2b\n|-activate|p1b: Tatsugiri|move: Protect\n|-activate|p2a: Iron Bundle|move: Protect\n|-resisted|p2b: Wo-Chien\n|-damage|p2b: Wo-Chien|85\/100\n|move|p2b: Wo-Chien|Foul Play|p1a: Electrode\n|-damage|p1a: Electrode|64\/100\n|\n|-heal|p2b: Wo-Chien|92\/100|[from] item: Leftovers\n|-damage|p1a: Electrode|52\/100|[from] Leech Seed|[of] p2b: Wo-Chien\n|-heal|p2b: Wo-Chien|99\/100|[silent]\n|upkeep\n|turn|5\n|inactive|Windwinged has 30 seconds left.\n|inactive|Niqeth has 30 seconds left.\n|\n|t:|1682106201\n|-terastallize|p2a: Iron Bundle|Ghost\n|move|p2a: Iron Bundle|Freeze-Dry|p1a: Electrode\n|-damage|p1a: Electrode|0 fnt\n|faint|p1a: Electrode\n|move|p1b: Tatsugiri|Icy Wind|p2b: Wo-Chien|[spread] p2a,p2b\n|-supereffective|p2b: Wo-Chien\n|-damage|p2a: Iron Bundle|73\/100\n|-damage|p2b: Wo-Chien|68\/100\n|-unboost|p2a: Iron Bundle|spe|1\n|-unboost|p2b: Wo-Chien|spe|1\n|move|p2b: Wo-Chien|Foul Play|p1b: Tatsugiri\n|-damage|p1b: Tatsugiri|75\/100\n|\n|-heal|p2b: Wo-Chien|74\/100|[from] item: Leftovers\n|upkeep\n|turn|6\n|\n|t:|1682106221\n|move|p2a: Iron Bundle|Freeze-Dry|p1b: Tatsugiri\n|-supereffective|p1b: Tatsugiri\n|-damage|p1b: Tatsugiri|0 fnt\n|faint|p1b: Tatsugiri\n|\n|win|Niqeth\n|raw|Windwinged's rating: 1212 → 1182<\/strong> (-30 for losing)\n|raw|Niqeth's rating: 1136 → 1166<\/strong> (+30 for winning)\n|c|\u2606Niqeth|gg wp\n|c|\u2606Windwinged|GG\n","uploadtime":1682106231,"views":8,"p1id":"windwinged","p2id":"niqeth","formatid":"gen9vgc2023regulationc","rating":1166,"private":0,"password":""}