{"id":"gen9vgc2023regulationc-1859061606","p1":"Mitsunaga","p2":"ClessCL","format":"[Gen 9] VGC 2023 Regulation C","log":"|j|\u2606Mitsunaga\n|j|\u2606ClessCL\n|t:|1683399901\n|gametype|doubles\n|player|p1|Mitsunaga|caitlin-masters|1351\n|player|p2|ClessCL|lance|1419\n|teamsize|p1|6\n|teamsize|p2|6\n|gen|9\n|tier|[Gen 9] VGC 2023 Regulation C\n|rated|\n|rule|Species Clause: Limit one of each Pok\u00e9mon\n|rule|Item Clause: Limit one of each item\n|clearpoke\n|poke|p1|Annihilape, L50, M|\n|poke|p1|Sandy Shocks, L50|\n|poke|p1|Flutter Mane, L50|\n|poke|p1|Armarouge, L50, F|\n|poke|p1|Indeedee-F, L50, F|\n|poke|p1|Talonflame, L50, M|\n|poke|p2|Gyarados, L50, F|\n|poke|p2|Iron Moth, L50|\n|poke|p2|Tinkaton, L50, F|\n|poke|p2|Murkrow, L50, M|\n|poke|p2|Flutter Mane, L50|\n|poke|p2|Wo-Chien, L50|\n|teampreview|4\n|inactive|Battle timer is ON: inactive players will automatically lose when time's up. (requested by ClessCL)\n|inactive|Mitsunaga has 60 seconds left.\n|inactive|ClessCL has 60 seconds left.\n|inactive|ClessCL has 30 seconds left.\n|\n|t:|1683399962\n|start\n|switch|p1a: Sandy Shocks|Sandy Shocks, L50|100\/100\n|switch|p1b: Armarouge|Armarouge, L50, F|100\/100\n|switch|p2a: Wo-Chien|Wo-Chien, L50|100\/100\n|switch|p2b: Murkrow|Murkrow, L50, M|100\/100\n|-ability|p2a: Wo-Chien|Tablets of Ruin\n|-enditem|p1a: Sandy Shocks|Booster Energy\n|-activate|p1a: Sandy Shocks|ability: Protosynthesis|[fromitem]\n|-start|p1a: Sandy Shocks|protosynthesisspe\n|turn|1\n|\n|t:|1683399986\n|-terastallize|p2a: Wo-Chien|Fire\n|move|p2b: Murkrow|Taunt|p1a: Sandy Shocks\n|-start|p1a: Sandy Shocks|move: Taunt\n|move|p1a: Sandy Shocks|Thunderbolt|p2b: Murkrow\n|-supereffective|p2b: Murkrow\n|-damage|p2b: Murkrow|19\/100\n|move|p1b: Armarouge|Heat Wave|p2a: Wo-Chien|[spread] p2a,p2b\n|-resisted|p2a: Wo-Chien\n|-damage|p2a: Wo-Chien|88\/100\n|-damage|p2b: Murkrow|0 fnt\n|faint|p2b: Murkrow\n|move|p2a: Wo-Chien|Snarl|p1a: Sandy Shocks|[spread] p1a,p1b\n|-supereffective|p1b: Armarouge\n|-damage|p1a: Sandy Shocks|84\/100\n|-damage|p1b: Armarouge|65\/100\n|-unboost|p1a: Sandy Shocks|spa|1\n|-unboost|p1b: Armarouge|spa|1\n|-enditem|p1b: Armarouge|Weakness Policy\n|-boost|p1b: Armarouge|atk|2|[from] item: Weakness Policy\n|-boost|p1b: Armarouge|spa|2|[from] item: Weakness Policy\n|\n|-heal|p2a: Wo-Chien|94\/100|[from] item: Leftovers\n|upkeep\n|\n|t:|1683400008\n|switch|p2b: Flutter Mane|Flutter Mane, L50|100\/100\n|-enditem|p2b: Flutter Mane|Booster Energy\n|-activate|p2b: Flutter Mane|ability: Protosynthesis|[fromitem]\n|-start|p2b: Flutter Mane|protosynthesisspa\n|turn|2\n|inactive|Mitsunaga has 30 seconds left.\n|\n|t:|1683400035\n|-terastallize|p1b: Armarouge|Psychic\n|move|p1a: Sandy Shocks|Earthquake|p2b: Flutter Mane|[spread] p1b,p2a,p2b\n|-supereffective|p2a: Wo-Chien\n|-damage|p1b: Armarouge|49\/100\n|-damage|p2a: Wo-Chien|72\/100\n|-damage|p2b: Flutter Mane|76\/100\n|-ability|p1b: Armarouge|Weak Armor|boost\n|-unboost|p1b: Armarouge|def|1\n|-boost|p1b: Armarouge|spe|2\n|move|p1b: Armarouge|Expanding Force|p2b: Flutter Mane\n|-damage|p2b: Flutter Mane|0 fnt\n|faint|p2b: Flutter Mane\n|-end|p2b: Flutter Mane|Protosynthesis|[silent]\n|move|p2a: Wo-Chien|Snarl|p1a: Sandy Shocks|[spread] p1a\n|-miss|p2a: Wo-Chien|p1b: Armarouge\n|-damage|p1a: Sandy Shocks|69\/100\n|-unboost|p1a: Sandy Shocks|spa|1\n|\n|-heal|p2a: Wo-Chien|79\/100|[from] item: Leftovers\n|upkeep\n|\n|t:|1683400050\n|switch|p2b: Iron Moth|Iron Moth, L50|100\/100\n|turn|3\n|\n|t:|1683400057\n|move|p1b: Armarouge|Protect|p1b: Armarouge\n|-singleturn|p1b: Armarouge|Protect\n|move|p2b: Iron Moth|Protect|p2b: Iron Moth\n|-singleturn|p2b: Iron Moth|Protect\n|move|p1a: Sandy Shocks|Earth Power|p2b: Iron Moth\n|-activate|p2b: Iron Moth|move: Protect\n|move|p2a: Wo-Chien|Snarl|p1a: Sandy Shocks|[spread] p1a\n|-activate|p1b: Armarouge|move: Protect\n|-damage|p1a: Sandy Shocks|53\/100\n|-unboost|p1a: Sandy Shocks|spa|1\n|\n|-heal|p2a: Wo-Chien|85\/100|[from] item: Leftovers\n|-end|p1a: Sandy Shocks|move: Taunt\n|upkeep\n|turn|4\n|\n|t:|1683400079\n|move|p1b: Armarouge|Expanding Force|p2a: Wo-Chien\n|-damage|p2a: Wo-Chien|30\/100\n|move|p1a: Sandy Shocks|Earth Power|p2b: Iron Moth\n|-supereffective|p2b: Iron Moth\n|-damage|p2b: Iron Moth|29\/100\n|move|p2b: Iron Moth|Heat Wave|p1a: Sandy Shocks|[spread] p1a,p1b\n|-damage|p1a: Sandy Shocks|0 fnt\n|-damage|p1b: Armarouge|0 fnt\n|faint|p1a: Sandy Shocks\n|-end|p1a: Sandy Shocks|Protosynthesis|[silent]\n|faint|p1b: Armarouge\n|-damage|p2b: Iron Moth|20\/100|[from] item: Life Orb\n|move|p2a: Wo-Chien|Snarl|p1: Sandy Shocks|[notarget]\n|-fail|p2a: Wo-Chien\n|\n|-heal|p2a: Wo-Chien|36\/100|[from] item: Leftovers\n|upkeep\n|\n|t:|1683400084\n|switch|p1a: Indeedee|Indeedee-F, L50, F|100\/100\n|switch|p1b: Flutter Mane|Flutter Mane, L50|100\/100\n|-fieldstart|move: Psychic Terrain|[from] ability: Psychic Surge|[of] p1a: Indeedee\n|-enditem|p1a: Indeedee|Psychic Seed\n|-boost|p1a: Indeedee|spd|1|[from] item: Psychic Seed\n|turn|5\n|\n|t:|1683400106\n|move|p1a: Indeedee|Follow Me|p1a: Indeedee\n|-singleturn|p1a: Indeedee|move: Follow Me\n|move|p1b: Flutter Mane|Shadow Ball|p2a: Wo-Chien\n|-damage|p2a: Wo-Chien|11\/100\n|move|p2b: Iron Moth|Heat Wave|p1a: Indeedee|[spread] p1a,p1b\n|-damage|p1a: Indeedee|67\/100\n|-damage|p1b: Flutter Mane|52\/100\n|-damage|p2b: Iron Moth|10\/100|[from] item: Life Orb\n|move|p2a: Wo-Chien|Leech Seed|p1a: Indeedee\n|-start|p1a: Indeedee|move: Leech Seed\n|\n|-heal|p2a: Wo-Chien|17\/100|[from] item: Leftovers\n|-damage|p1a: Indeedee|54\/100|[from] Leech Seed|[of] p2a: Wo-Chien\n|-heal|p2a: Wo-Chien|29\/100|[silent]\n|upkeep\n|turn|6\n|\n|t:|1683400126\n|move|p2b: Iron Moth|Protect|p2b: Iron Moth\n|-singleturn|p2b: Iron Moth|Protect\n|move|p1b: Flutter Mane|Dazzling Gleam|p2b: Iron Moth|[spread] p2a\n|-activate|p2b: Iron Moth|move: Protect\n|-resisted|p2a: Wo-Chien\n|-crit|p2a: Wo-Chien\n|-damage|p2a: Wo-Chien|12\/100\n|move|p1a: Indeedee|Tera Blast|p2a: Wo-Chien\n|-damage|p2a: Wo-Chien|0 fnt\n|faint|p2a: Wo-Chien\n|\n|upkeep\n|turn|7\n|-message|ClessCL forfeited.\n|\n|win|Mitsunaga\n|raw|Mitsunaga's rating: 1351 → 1375<\/strong> (+24 for winning)\n|raw|ClessCL's rating: 1419 → 1395<\/strong> (-24 for losing)\n|l|\u2606ClessCL\n","uploadtime":1683400141,"views":8,"p1id":"mitsunaga","p2id":"clesscl","formatid":"gen9vgc2023regulationc","rating":1375,"private":0,"password":""}