{"id":"gen9vgc2023regulationc-1856635318","p1":"crakerd12","p2":"Ocnarf30","format":"[Gen 9] VGC 2023 Regulation C","log":"|j|\u2606crakerd12\n|j|\u2606Ocnarf30\n|t:|1683085713\n|gametype|doubles\n|player|p1|crakerd12|102|\n|player|p2|Ocnarf30|102|\n|teamsize|p1|6\n|teamsize|p2|6\n|gen|9\n|tier|[Gen 9] VGC 2023 Regulation C\n|rule|Species Clause: Limit one of each Pok\u00e9mon\n|rule|Item Clause: Limit one of each item\n|clearpoke\n|poke|p1|Torkoal, L50, F|\n|poke|p1|Heracross, L50, F|\n|poke|p1|Dragonite, L50, M|\n|poke|p1|Gengar, L50, M|\n|poke|p1|Raichu, L50, F|\n|poke|p1|Noivern, L50, F|\n|poke|p2|Muk, L50, M|\n|poke|p2|Talonflame, L50, M|\n|poke|p2|Tauros-Paldea-Aqua, L50, M|\n|poke|p2|Dragonite, L50, M|\n|poke|p2|Great Tusk, L50|\n|poke|p2|Rotom-Wash, L50|\n|teampreview|4\n|\n|t:|1683085819\n|start\n|switch|p1a: Gengar|Gengar, L50, M|100\/100\n|switch|p1b: Noivern|Noivern, L50, F|100\/100\n|switch|p2a: Rotom|Rotom-Wash, L50|100\/100\n|switch|p2b: Great Tusk|Great Tusk, L50|100\/100\n|turn|1\n|\n|t:|1683085888\n|-terastallize|p1b: Noivern|Normal\n|move|p1b: Noivern|Boomburst|p2a: Rotom|[spread] p2a,p2b\n|-immune|p1a: Gengar\n|-damage|p2a: Rotom|27\/100\n|-damage|p2b: Great Tusk|29\/100\n|move|p2b: Great Tusk|Knock Off|p1a: Gengar\n|-supereffective|p1a: Gengar\n|-enditem|p1a: Gengar|Focus Sash\n|-damage|p1a: Gengar|1\/100\n|move|p2a: Rotom|Discharge|p1b: Noivern|[spread] p1a,p1b\n|-immune|p2b: Great Tusk\n|-damage|p1a: Gengar|0 fnt\n|-damage|p1b: Noivern|66\/100\n|faint|p1a: Gengar\n|\n|-heal|p2a: Rotom|33\/100|[from] item: Leftovers\n|upkeep\n|\n|t:|1683085917\n|switch|p1a: Heracross|Heracross, L50, F|100\/100\n|turn|2\n|inactive|Battle timer is ON: inactive players will automatically lose when time's up. (requested by crakerd12)\n|\n|t:|1683085983\n|-end|p2b: Great Tusk|Protosynthesis|[silent]\n|switch|p2b: Dragonite|Dragonite, L50, M|100\/100\n|switch|p2a: Talonflame|Talonflame, L50, M|100\/100\n|move|p1a: Heracross|Protect|p1a: Heracross\n|-singleturn|p1a: Heracross|Protect\n|move|p1b: Noivern|Boomburst|p2b: Dragonite|[spread] p2a,p2b\n|-activate|p1a: Heracross|move: Protect\n|-damage|p2a: Talonflame|0 fnt\n|-damage|p2b: Dragonite|29\/100\n|faint|p2a: Talonflame\n|\n|-status|p1a: Heracross|brn|[from] item: Flame Orb\n|upkeep\n|\n|t:|1683086003\n|switch|p2a: Great Tusk|Great Tusk, L50|29\/100\n|turn|3\n|inactive|Ocnarf30 has 30 seconds left.\n|inactive|Ocnarf30 has 20 seconds left.\n|inactive|Ocnarf30 has 15 seconds left.\n|inactive|Ocnarf30 has 10 seconds left.\n|\n|t:|1683086050\n|move|p1b: Noivern|Boomburst|p2b: Dragonite|[spread] p1a,p2a,p2b\n|-damage|p1a: Heracross|29\/100 brn\n|-damage|p2a: Great Tusk|0 fnt\n|-damage|p2b: Dragonite|0 fnt\n|faint|p2a: Great Tusk\n|-end|p2a: Great Tusk|Protosynthesis|[silent]\n|faint|p2b: Dragonite\n|move|p1a: Heracross|Rock Slide|p2: Great Tusk|[notarget]\n|-fail|p1a: Heracross\n|\n|-damage|p1a: Heracross|23\/100 brn|[from] brn\n|upkeep\n|\n|t:|1683086064\n|switch|p2b: Rotom|Rotom-Wash, L50|33\/100\n|turn|4\n|\n|t:|1683086072\n|switch|p1b: Torkoal|Torkoal, L50, F|100\/100\n|-weather|SunnyDay|[from] ability: Drought|[of] p1b: Torkoal\n|move|p2b: Rotom|Discharge|p1a: Heracross|[spread] p1a,p1b\n|-damage|p1a: Heracross|0 fnt\n|-damage|p1b: Torkoal|67\/100\n|-status|p1b: Torkoal|par\n|faint|p1a: Heracross\n|\n|-weather|SunnyDay|[upkeep]\n|-heal|p2b: Rotom|38\/100|[from] item: Leftovers\n|upkeep\n|\n|t:|1683086082\n|switch|p1a: Noivern|Noivern, L50, F, tera:Normal|66\/100\n|turn|5\n|\n|t:|1683086096\n|move|p1a: Noivern|Boomburst|p2b: Rotom|[spread] p1b,p2b\n|-damage|p1b: Torkoal|0 fnt\n|-damage|p2b: Rotom|0 fnt\n|faint|p1b: Torkoal\n|faint|p2b: Rotom\n|\n|win|crakerd12\n|l|\u2606Ocnarf30\n|j|\u2606Ocnarf30\n|player|p2|Ocnarf30|102\n","uploadtime":1683086102,"views":10,"p1id":"crakerd12","p2id":"ocnarf30","formatid":"gen9vgc2023regulationc","rating":0,"private":0,"password":""}