{"id":"gen9vgc2023regulationc-1845463003","p1":"Mikralas","p2":"Imanoob43","format":"[Gen 9] VGC 2023 Regulation C","log":"|j|\u2606Mikralas\n|j|\u2606Imanoob43\n|t:|1681736092\n|gametype|doubles\n|player|p1|Mikralas|caitlin|1040\n|player|p2|Imanoob43|2|1042\n|teamsize|p1|6\n|teamsize|p2|6\n|gen|9\n|tier|[Gen 9] VGC 2023 Regulation C\n|rated|\n|rule|Species Clause: Limit one of each Pok\u00e9mon\n|rule|Item Clause: Limit one of each item\n|clearpoke\n|poke|p1|Ampharos, L50, F|\n|poke|p1|Breloom, L50, F|\n|poke|p1|Gardevoir, L50, F|\n|poke|p1|Ceruledge, L50, F|\n|poke|p1|Gyarados, L50, F|\n|poke|p1|Toxtricity-Low-Key, L50, M|\n|poke|p2|Gholdengo, L50|\n|poke|p2|Flutter Mane, L50|\n|poke|p2|Brute Bonnet, L50|\n|poke|p2|Dondozo, L50, M|\n|poke|p2|Armarouge, L50, F|\n|poke|p2|Indeedee-F, L50, F|\n|teampreview|4\n|\n|t:|1681736119\n|start\n|switch|p1a: Gardevoir|Gardevoir, L50, F|100\/100\n|switch|p1b: Ceruledge|Ceruledge, L50, F|100\/100\n|switch|p2a: Armarouge|Armarouge, L50, F, shiny|100\/100\n|switch|p2b: Indeedee|Indeedee-F, L50, F, shiny|100\/100\n|-fieldstart|move: Psychic Terrain|[from] ability: Psychic Surge|[of] p2b: Indeedee\n|-ability|p1a: Gardevoir|Psychic Surge|[from] ability: Trace|[of] p2b: Indeedee\n|turn|1\n|\n|t:|1681736159\n|move|p2b: Indeedee|Follow Me|p2b: Indeedee\n|-singleturn|p2b: Indeedee|move: Follow Me\n|move|p1b: Ceruledge|Destiny Bond|p1b: Ceruledge\n|-singlemove|p1b: Ceruledge|Destiny Bond\n|move|p1a: Gardevoir|Psychic|p2b: Indeedee\n|-resisted|p2b: Indeedee\n|-damage|p2b: Indeedee|69\/100\n|move|p2a: Armarouge|Expanding Force|p1b: Ceruledge|[spread] p1a,p1b\n|-resisted|p1a: Gardevoir\n|-damage|p1a: Gardevoir|71\/100\n|-damage|p1b: Ceruledge|22\/100\n|\n|upkeep\n|turn|2\n|\n|t:|1681736191\n|move|p2b: Indeedee|Helping Hand|p2a: Armarouge\n|-singleturn|p2a: Armarouge|Helping Hand|[of] p2b: Indeedee\n|move|p1b: Ceruledge|Ally Switch|p1b: Ceruledge\n|swap|p1b: Ceruledge|0|[from] move: Ally Switch\n|move|p1b: Gardevoir|Mystical Fire|p2b: Indeedee\n|-damage|p2b: Indeedee|40\/100\n|-unboost|p2b: Indeedee|spa|1\n|move|p2a: Armarouge|Armor Cannon|p1a: Ceruledge\n|-start|p1a: Ceruledge|ability: Flash Fire\n|\n|upkeep\n|turn|3\n|\n|t:|1681736214\n|move|p2b: Indeedee|Follow Me|p2b: Indeedee\n|-singleturn|p2b: Indeedee|move: Follow Me\n|move|p1a: Ceruledge|Bitter Blade|p2b: Indeedee\n|-damage|p2b: Indeedee|0 fnt\n|-heal|p1a: Ceruledge|46\/100|[from] drain|[of] p2b: Indeedee\n|faint|p2b: Indeedee\n|-damage|p1a: Ceruledge|36\/100|[from] item: Life Orb\n|move|p1b: Gardevoir|Trick Room|p1b: Gardevoir\n|-fieldstart|move: Trick Room|[of] p1b: Gardevoir\n|move|p2a: Armarouge|Trick Room|p2a: Armarouge\n|-fieldend|move: Trick Room\n|\n|upkeep\n|\n|t:|1681736230\n|switch|p2b: Gholdengo|Gholdengo, L50|100\/100\n|turn|4\n|\n|t:|1681736272\n|-terastallize|p1a: Ceruledge|Fire\n|move|p1a: Ceruledge|Bitter Blade|p2b: Gholdengo\n|-supereffective|p2b: Gholdengo\n|-damage|p2b: Gholdengo|0 fnt\n|-heal|p1a: Ceruledge|89\/100|[from] drain|[of] p2b: Gholdengo\n|faint|p2b: Gholdengo\n|-damage|p1a: Ceruledge|79\/100|[from] item: Life Orb\n|move|p1b: Gardevoir|Psychic|p2a: Armarouge\n|-resisted|p2a: Armarouge\n|-damage|p2a: Armarouge|66\/100\n|move|p2a: Armarouge|Expanding Force|p1a: Ceruledge|[spread] p1a,p1b\n|-resisted|p1b: Gardevoir\n|-damage|p1a: Ceruledge|8\/100\n|-damage|p1b: Gardevoir|41\/100\n|\n|upkeep\n|\n|t:|1681736287\n|switch|p2b: Flutter Mane|Flutter Mane, L50, shiny|100\/100\n|-enditem|p2b: Flutter Mane|Booster Energy\n|-activate|p2b: Flutter Mane|ability: Protosynthesis|[fromitem]\n|-start|p2b: Flutter Mane|protosynthesisspa\n|turn|5\n|\n|t:|1681736297\n|move|p2b: Flutter Mane|Dark Pulse|p1b: Gardevoir\n|-damage|p1b: Gardevoir|6\/100\n|move|p1a: Ceruledge|Destiny Bond|p1a: Ceruledge\n|-singlemove|p1a: Ceruledge|Destiny Bond\n|move|p2a: Armarouge|Expanding Force|p1b: Gardevoir|[spread] p1a,p1b\n|-resisted|p1b: Gardevoir\n|-damage|p1a: Ceruledge|0 fnt\n|-damage|p1b: Gardevoir|0 fnt\n|faint|p1a: Ceruledge\n|-activate|p1a: Ceruledge|move: Destiny Bond\n|faint|p1b: Gardevoir\n|faint|p2a: Armarouge\n|\n|-fieldend|move: Psychic Terrain\n|upkeep\n|\n|t:|1681736311\n|switch|p1a: Toxtricity|Toxtricity-Low-Key, L50, M|100\/100\n|switch|p1b: Amphos|Ampharos, L50, F|100\/100\n|-item|p1a: Toxtricity|Air Balloon\n|turn|6\n|\n|t:|1681736323\n|move|p2b: Flutter Mane|Moonblast|p1b: Amphos\n|-damage|p1b: Amphos|35\/100\n|-unboost|p1b: Amphos|spa|1\n|move|p1a: Toxtricity|Magnetic Flux|p1a: Toxtricity\n|-boost|p1a: Toxtricity|def|1\n|-boost|p1a: Toxtricity|spd|1\n|-boost|p1b: Amphos|def|1\n|-boost|p1b: Amphos|spd|1\n|move|p1b: Amphos|Thunderbolt|p2b: Flutter Mane\n|-damage|p2b: Flutter Mane|52\/100\n|\n|-heal|p1b: Amphos|41\/100|[from] item: Leftovers\n|upkeep\n|turn|7\n|\n|t:|1681736339\n|move|p1b: Amphos|Protect|p1b: Amphos\n|-singleturn|p1b: Amphos|Protect\n|move|p2b: Flutter Mane|Moonblast|p1a: Toxtricity\n|-resisted|p1a: Toxtricity\n|-damage|p1a: Toxtricity|71\/100\n|-unboost|p1a: Toxtricity|spa|1\n|-enditem|p1a: Toxtricity|Air Balloon\n|move|p1a: Toxtricity|Sludge Bomb|p2b: Flutter Mane\n|-damage|p2b: Flutter Mane|0 fnt\n|faint|p2b: Flutter Mane\n|-end|p2b: Flutter Mane|Protosynthesis|[silent]\n|\n|win|Mikralas\n|raw|Mikralas's rating: 1040 → 1074<\/strong> (+34 for winning)\n|raw|Imanoob43's rating: 1042 → 1026<\/strong> (-16 for losing)\n|l|\u2606Imanoob43\n","uploadtime":1681736355,"views":15,"p1id":"mikralas","p2id":"imanoob43","formatid":"gen9vgc2023regulationc","rating":1026,"private":0,"password":""}