{"id":"gen9vgc2023regulationc-1848981943","p1":"chalmander69","p2":"Valhala Alfa","format":"[Gen 9] VGC 2023 Regulation C","log":"|j|\u2606chalmander69\n|j|\u2606Valhala Alfa\n|t:|1682134286\n|gametype|doubles\n|player|p1|chalmander69|harlequin|1250\n|player|p2|Valhala Alfa|2|1168\n|teamsize|p1|6\n|teamsize|p2|6\n|gen|9\n|tier|[Gen 9] VGC 2023 Regulation C\n|rated|\n|rule|Species Clause: Limit one of each Pok\u00e9mon\n|rule|Item Clause: Limit one of each item\n|clearpoke\n|poke|p1|Corviknight, L50, F|\n|poke|p1|Amoonguss, L50, M|\n|poke|p1|Chi-Yu, L50|\n|poke|p1|Arcanine, L50, M|\n|poke|p1|Flutter Mane, L50|\n|poke|p1|Ting-Lu, L50|\n|poke|p2|Tyranitar, L50, M|\n|poke|p2|Palafin, L50, F|\n|poke|p2|Amoonguss, L50, M|\n|poke|p2|Lycanroc, L50, F|\n|poke|p2|Arcanine, L50, F|\n|poke|p2|Bellibolt, L50, M|\n|teampreview|4\n|inactive|Battle timer is ON: inactive players will automatically lose when time's up. (requested by Valhala Alfa)\nValhala Alfa rejected open team sheets.\n|inactive|chalmander69 has 60 seconds left.\n|\n|t:|1682134341\n|start\n|switch|p1a: Corviknight|Corviknight, L50, F|100\/100\n|switch|p1b: Amoonguss|Amoonguss, L50, M|100\/100\n|switch|p2a: Lycanroc|Lycanroc, L50, F, shiny|100\/100\n|switch|p2b: Palafin|Palafin, L50, F|100\/100\n|turn|1\n|inactive|chalmander69 has 30 seconds left.\n|inactive|Valhala Alfa has 30 seconds left.\n|\n|t:|1682134372\n|detailschange|p2b: Palafin|Palafin-Hero, L50, F\n|switch|p2b: Tyranitar|Tyranitar, L50, M|100\/100\n|-weather|Sandstorm|[from] ability: Sand Stream|[of] p2b: Tyranitar\n|move|p2a: Lycanroc|Rock Slide|p1a: Corviknight|[spread] p1a,p1b\n|-damage|p1a: Corviknight|79\/100\n|-damage|p1b: Amoonguss|78\/100\n|move|p1a: Corviknight|Tailwind|p1a: Corviknight\n|-sidestart|p1: chalmander69|move: Tailwind\n|cant|p1b: Amoonguss|flinch\n|\n|-weather|Sandstorm|[upkeep]\n|-damage|p1b: Amoonguss|72\/100|[from] Sandstorm\n|upkeep\n|turn|2\n|inactive|chalmander69 has 30 seconds left.\n|inactive|Valhala Alfa has 30 seconds left.\n|\n|t:|1682134404\n|-terastallize|p2b: Tyranitar|Flying\n|move|p2a: Lycanroc|Rock Slide|p1b: Amoonguss|[spread] p1a,p1b\n|-crit|p1b: Amoonguss\n|-damage|p1a: Corviknight|55\/100\n|-damage|p1b: Amoonguss|40\/100\n|-enditem|p1b: Amoonguss|Sitrus Berry|[eat]\n|-heal|p1b: Amoonguss|65\/100|[from] item: Sitrus Berry\n|move|p1a: Corviknight|Bulk Up|p1a: Corviknight\n|-boost|p1a: Corviknight|atk|1\n|-boost|p1a: Corviknight|def|1\n|move|p1b: Amoonguss|Spore|p2b: Tyranitar\n|-status|p2b: Tyranitar|slp|[from] move: Spore\n|cant|p2b: Tyranitar|slp\n|\n|-weather|Sandstorm|[upkeep]\n|-damage|p1b: Amoonguss|60\/100|[from] Sandstorm\n|-damage|p2b: Tyranitar|95\/100 slp|[from] Sandstorm\n|-heal|p2b: Tyranitar|100\/100 slp|[from] item: Leftovers\n|upkeep\n|turn|3\n|\n|t:|1682134428\n|move|p2a: Lycanroc|Rock Slide|p1a: Corviknight|[spread] p1a\n|-miss|p2a: Lycanroc|p1b: Amoonguss\n|-damage|p1a: Corviknight|41\/100\n|cant|p1a: Corviknight|flinch\n|move|p1b: Amoonguss|Spore|p2a: Lycanroc\n|-status|p2a: Lycanroc|slp|[from] move: Spore\n|cant|p2b: Tyranitar|slp\n|\n|-weather|Sandstorm|[upkeep]\n|-damage|p1b: Amoonguss|54\/100|[from] Sandstorm\n|-damage|p2b: Tyranitar|95\/100 slp|[from] Sandstorm\n|-heal|p2b: Tyranitar|100\/100 slp|[from] item: Leftovers\n|upkeep\n|turn|4\n|\n|t:|1682134451\n|cant|p2a: Lycanroc|slp\n|move|p1a: Corviknight|Iron Head|p2b: Tyranitar\n|-damage|p2b: Tyranitar|74\/100 slp\n|move|p1b: Amoonguss|Pollen Puff|p1a: Corviknight\n|-heal|p1a: Corviknight|91\/100\n|-curestatus|p2b: Tyranitar|slp|[msg]\n|move|p2b: Tyranitar|Taunt|p1b: Amoonguss\n|-start|p1b: Amoonguss|move: Taunt\n|\n|-weather|Sandstorm|[upkeep]\n|-damage|p1b: Amoonguss|48\/100|[from] Sandstorm\n|-damage|p2b: Tyranitar|69\/100|[from] Sandstorm\n|-heal|p2b: Tyranitar|74\/100|[from] item: Leftovers\n|-sideend|p1: chalmander69|move: Tailwind\n|upkeep\n|turn|5\n|\n|t:|1682134475\n|switch|p1b: Arcanine|Arcanine, L50, M|100\/100\n|-ability|p1b: Arcanine|Intimidate|boost\n|-unboost|p2a: Lycanroc|atk|1\n|-unboost|p2b: Tyranitar|atk|1\n|cant|p2a: Lycanroc|slp\n|move|p1a: Corviknight|Iron Head|p2a: Lycanroc\n|-supereffective|p2a: Lycanroc\n|-enditem|p2a: Lycanroc|Focus Sash\n|-damage|p2a: Lycanroc|1\/100 slp\n|move|p2b: Tyranitar|Rock Slide|p1a: Corviknight|[spread] p1a,p1b\n|-supereffective|p1b: Arcanine\n|-damage|p1a: Corviknight|82\/100\n|-damage|p1b: Arcanine|68\/100\n|\n|-weather|none\n|-heal|p2b: Tyranitar|80\/100|[from] item: Leftovers\n|upkeep\n|turn|6\n|\n|t:|1682134499\n|switch|p1b: Amoonguss|Amoonguss, L50, M|81\/100\n|-curestatus|p2a: Lycanroc|slp|[msg]\n|move|p2a: Lycanroc|Endeavor|p1a: Corviknight\n|-damage|p1a: Corviknight|1\/100\n|move|p1a: Corviknight|Bulk Up|p1a: Corviknight\n|-boost|p1a: Corviknight|atk|1\n|-boost|p1a: Corviknight|def|1\n|move|p2b: Tyranitar|Rock Slide|p1a: Corviknight|[spread] p1a,p1b\n|-damage|p1a: Corviknight|0 fnt\n|-damage|p1b: Amoonguss|69\/100\n|faint|p1a: Corviknight\n|\n|-heal|p2b: Tyranitar|86\/100|[from] item: Leftovers\n|upkeep\n|\n|t:|1682134514\n|switch|p1a: Arcanine|Arcanine, L50, M|68\/100\n|-ability|p1a: Arcanine|Intimidate|boost\n|-unboost|p2a: Lycanroc|atk|1\n|-unboost|p2b: Tyranitar|atk|1\n|turn|7\n|\n|t:|1682134522\n|move|p2a: Lycanroc|Protect|p2a: Lycanroc\n|-singleturn|p2a: Lycanroc|Protect\n|move|p1a: Arcanine|Extreme Speed|p2a: Lycanroc\n|-activate|p2a: Lycanroc|move: Protect\n|move|p2b: Tyranitar|Taunt|p1b: Amoonguss\n|-start|p1b: Amoonguss|move: Taunt\n|cant|p1b: Amoonguss|move: Taunt|Spore\n|\n|-heal|p2b: Tyranitar|92\/100|[from] item: Leftovers\n|upkeep\n|turn|8\n|\n|t:|1682134543\n|switch|p2a: Palafin|Palafin-Hero, L50, F|100\/100\n|-activate|p2a: Palafin|ability: Zero to Hero\n|switch|p2b: Bellibolt|Bellibolt, L50, M|100\/100\n|switch|p1b: Ting-Lu|Ting-Lu, L50|100\/100\n|-ability|p1b: Ting-Lu|Vessel of Ruin\n|move|p1a: Arcanine|Extreme Speed|p2a: Palafin\n|-damage|p2a: Palafin|81\/100\n|\n|upkeep\n|turn|9\n|\n|t:|1682134565\n|-terastallize|p1a: Arcanine|Water\n|move|p1a: Arcanine|Howl|p1a: Arcanine|[spread] p1a,p1b\n|-boost|p1a: Arcanine|atk|1\n|-boost|p1b: Ting-Lu|atk|1\n|move|p2a: Palafin|Wave Crash|p1b: Ting-Lu\n|-supereffective|p1b: Ting-Lu\n|-damage|p1b: Ting-Lu|0 fnt\n|faint|p1b: Ting-Lu\n|-damage|p2a: Palafin|39\/100|[from] Recoil\n|move|p2b: Bellibolt|Muddy Water|p1a: Arcanine\n|-resisted|p1a: Arcanine\n|-damage|p1a: Arcanine|55\/100\n|-unboost|p1a: Arcanine|accuracy|1\n|\n|upkeep\n|\n|t:|1682134578\n|switch|p1b: Amoonguss|Amoonguss, L50, M|100\/100\n|turn|10\n|\n|t:|1682134589\n|move|p2a: Palafin|Protect|p2a: Palafin\n|-singleturn|p2a: Palafin|Protect\n|move|p1a: Arcanine|Extreme Speed|p2a: Palafin\n|-activate|p2a: Palafin|move: Protect\n|move|p1b: Amoonguss|Rage Powder|p1b: Amoonguss\n|-singleturn|p1b: Amoonguss|move: Rage Powder\n|move|p2b: Bellibolt|Parabolic Charge|p1b: Amoonguss|[spread] p1a,p1b\n|-activate|p2a: Palafin|move: Protect\n|-supereffective|p1a: Arcanine\n|-resisted|p1b: Amoonguss\n|-damage|p1a: Arcanine|9\/100\n|-damage|p1b: Amoonguss|92\/100\n|\n|upkeep\n|turn|11\n|-message|chalmander69 forfeited.\n|\n|win|Valhala Alfa\n|raw|chalmander69's rating: 1250 → 1219<\/strong> (-31 for losing)\n|raw|Valhala Alfa's rating: 1168 → 1199<\/strong> (+31 for winning)\n|l|\u2606chalmander69\n","uploadtime":1682135911,"views":11,"p1id":"chalmander69","p2id":"valhalaalfa","formatid":"gen9vgc2023regulationc","rating":1199,"private":0,"password":""}