{"id":"gen9vgc2023regulationc-1856198094","p1":"Escanor_CS","p2":"kirans","format":"[Gen 9] VGC 2023 Regulation C","log":"|j|\u2606Escanor_CS\n|j|\u2606kirans\n|t:|1683039871\n|gametype|doubles\n|player|p1|Escanor_CS|169|1641\n|player|p2|kirans|101|1801\n|teamsize|p1|6\n|teamsize|p2|6\n|gen|9\n|tier|[Gen 9] VGC 2023 Regulation C\n|rated|\n|rule|Species Clause: Limit one of each Pok\u00e9mon\n|rule|Item Clause: Limit one of each item\n|clearpoke\n|poke|p1|Orthworm, L50, F|\n|poke|p1|Chien-Pao, L50|\n|poke|p1|Ting-Lu, L50|\n|poke|p1|Flutter Mane, L50|\n|poke|p1|Dragonite, L50, M|\n|poke|p1|Gyarados, L50, F|\n|poke|p2|Chi-Yu, L50|\n|poke|p2|Flutter Mane, L50|\n|poke|p2|Garchomp, L50, F|\n|poke|p2|Corviknight, L50, M|\n|poke|p2|Iron Bundle, L50|\n|poke|p2|Gyarados, L50, M|\n|teampreview|4\nEscanor_CS has agreed to open team sheets.\n|inactive|Battle timer is ON: inactive players will automatically lose when time's up. (requested by Escanor_CS)\n|\n|t:|1683039928\n|start\n|switch|p1a: Ting-Lu|Ting-Lu, L50|100\/100\n|switch|p1b: Gyarados|Gyarados, L50, F, shiny|100\/100\n|switch|p2a: Corviknight|Corviknight, L50, M|100\/100\n|switch|p2b: Chi-Yu|Chi-Yu, L50|100\/100\n|-ability|p2b: Chi-Yu|Beads of Ruin\n|-ability|p1b: Gyarados|Intimidate|boost\n|-ability|p2a: Corviknight|Mirror Armor\n|-unboost|p1b: Gyarados|atk|1\n|-unboost|p2b: Chi-Yu|atk|1\n|-ability|p1a: Ting-Lu|Vessel of Ruin\n|turn|1\n|\n|t:|1683039947\n|-terastallize|p2b: Chi-Yu|Grass\n|move|p2b: Chi-Yu|Tera Blast|p1a: Ting-Lu\n|-supereffective|p1a: Ting-Lu\n|-damage|p1a: Ting-Lu|57\/100\n|move|p2a: Corviknight|Brave Bird|p1b: Gyarados\n|-damage|p1b: Gyarados|64\/100\n|-damage|p2a: Corviknight|89\/100|[from] Recoil\n|move|p1b: Gyarados|Thunder Wave|p2b: Chi-Yu\n|-status|p2b: Chi-Yu|par\n|move|p1a: Ting-Lu|Ruination|p2a: Corviknight\n|-damage|p2a: Corviknight|45\/100\n|\n|upkeep\n|turn|2\n|inactive|Escanor_CS has 30 seconds left.\n|inactive|kirans has 30 seconds left.\n|\n|t:|1683039975\n|move|p2b: Chi-Yu|Tera Blast|p1a: Ting-Lu\n|-supereffective|p1a: Ting-Lu\n|-damage|p1a: Ting-Lu|15\/100\n|move|p2a: Corviknight|Roost|p2a: Corviknight\n|-heal|p2a: Corviknight|95\/100\n|-singleturn|p2a: Corviknight|move: Roost\n|move|p1b: Gyarados|Thunder Wave|p2a: Corviknight\n|-status|p2a: Corviknight|par\n|-enditem|p2a: Corviknight|Lum Berry|[eat]\n|-curestatus|p2a: Corviknight|par|[msg]\n|move|p1a: Ting-Lu|Rock Slide|p2b: Chi-Yu|[spread] p2a,p2b\n|-resisted|p2a: Corviknight\n|-damage|p2a: Corviknight|88\/100\n|-damage|p2b: Chi-Yu|76\/100 par\n|\n|upkeep\n|turn|3\n|inactive|Escanor_CS has 30 seconds left.\n|\n|t:|1683040005\n|cant|p2b: Chi-Yu|par\n|move|p2a: Corviknight|Brave Bird|p1b: Gyarados\n|-damage|p1b: Gyarados|28\/100\n|-damage|p2a: Corviknight|77\/100|[from] Recoil\n|move|p1b: Gyarados|Waterfall|p2b: Chi-Yu\n|-resisted|p2b: Chi-Yu\n|-damage|p2b: Chi-Yu|58\/100 par\n|move|p1a: Ting-Lu|Ruination|p2a: Corviknight\n|-damage|p2a: Corviknight|39\/100\n|\n|upkeep\n|turn|4\n|\n|t:|1683040026\n|move|p2b: Chi-Yu|Tera Blast|p1b: Gyarados\n|-damage|p1b: Gyarados|0 fnt\n|faint|p1b: Gyarados\n|move|p2a: Corviknight|Roost|p2a: Corviknight\n|-heal|p2a: Corviknight|89\/100\n|-singleturn|p2a: Corviknight|move: Roost\n|move|p1a: Ting-Lu|Ruination|p2a: Corviknight\n|-damage|p2a: Corviknight|45\/100\n|\n|upkeep\n|\n|t:|1683040037\n|switch|p1b: Flutter Mane|Flutter Mane, L50, shiny|100\/100\n|-enditem|p1b: Flutter Mane|Booster Energy\n|-activate|p1b: Flutter Mane|ability: Protosynthesis|[fromitem]\n|-start|p1b: Flutter Mane|protosynthesisspa\n|turn|5\n|\n|t:|1683040047\n|move|p1b: Flutter Mane|Shadow Ball|p2a: Corviknight\n|-damage|p2a: Corviknight|0 fnt\n|faint|p2a: Corviknight\n|move|p2b: Chi-Yu|Tera Blast|p1b: Flutter Mane\n|-damage|p1b: Flutter Mane|52\/100\n|move|p1a: Ting-Lu|Heavy Slam|p2b: Chi-Yu\n|-damage|p2b: Chi-Yu|7\/100 par\n|\n|upkeep\n|\n|t:|1683040053\n|switch|p2a: Iron Bundle|Iron Bundle, L50|100\/100\n|-enditem|p2a: Iron Bundle|Booster Energy\n|-activate|p2a: Iron Bundle|ability: Quark Drive|[fromitem]\n|-start|p2a: Iron Bundle|quarkdrivespe\n|turn|6\n|\n|t:|1683040068\n|-terastallize|p1b: Flutter Mane|Fairy\n|move|p2a: Iron Bundle|Protect|p2a: Iron Bundle\n|-singleturn|p2a: Iron Bundle|Protect\n|move|p1b: Flutter Mane|Dazzling Gleam|p2a: Iron Bundle|[spread] p2b\n|-activate|p2a: Iron Bundle|move: Protect\n|-damage|p2b: Chi-Yu|0 fnt\n|faint|p2b: Chi-Yu\n|move|p1a: Ting-Lu|Rock Slide|p2a: Iron Bundle\n|-activate|p2a: Iron Bundle|move: Protect\n|\n|upkeep\n|\n|t:|1683040075\n|switch|p2b: Flutter Mane|Flutter Mane, L50|100\/100\n|turn|7\n|\n|t:|1683040091\n|move|p2a: Iron Bundle|Icy Wind|p1b: Flutter Mane|[spread] p1a,p1b\n|-supereffective|p1a: Ting-Lu\n|-damage|p1a: Ting-Lu|1\/100\n|-damage|p1b: Flutter Mane|36\/100\n|-unboost|p1a: Ting-Lu|spe|1\n|-unboost|p1b: Flutter Mane|spe|1\n|move|p2b: Flutter Mane|Dazzling Gleam|p1b: Flutter Mane|[spread] p1a,p1b\n|-supereffective|p1a: Ting-Lu\n|-damage|p1a: Ting-Lu|0 fnt\n|-damage|p1b: Flutter Mane|0 fnt\n|faint|p1a: Ting-Lu\n|faint|p1b: Flutter Mane\n|-end|p1b: Flutter Mane|Protosynthesis|[silent]\n|\n|upkeep\n|\n|t:|1683040107\n|switch|p1b: Chien-Pao|Chien-Pao, L50|100\/100\n|-ability|p1b: Chien-Pao|Sword of Ruin\n|turn|8\n|inactive|Escanor_CS has 30 seconds left.\n|-message|Escanor_CS forfeited.\n|\n|win|kirans\n|raw|Escanor_CS's rating: 1641 → 1630<\/strong> (-11 for losing)\n|raw|kirans's rating: 1801 → 1812<\/strong> (+11 for winning)\n|l|\u2606kirans\n","uploadtime":1683040193,"views":10,"p1id":"escanorcs","p2id":"kirans","formatid":"gen9vgc2023regulationc","rating":1630,"private":0,"password":""}