{"id":"gen9vgc2023regulationc-1857121469","p1":"haha you rage quit","p2":"Arcacagne","format":"[Gen 9] VGC 2023 Regulation C","log":"|j|\u2606haha you rage quit\n|j|\u2606Arcacagne\n|t:|1683147950\n|gametype|doubles\n|player|p1|haha you rage quit|pokemaniac|1203\n|player|p2|Arcacagne|265|1148\n|teamsize|p1|6\n|teamsize|p2|6\n|gen|9\n|tier|[Gen 9] VGC 2023 Regulation C\n|rated|\n|rule|Species Clause: Limit one of each Pok\u00e9mon\n|rule|Item Clause: Limit one of each item\n|clearpoke\n|poke|p1|Flutter Mane, L50|\n|poke|p1|Chi-Yu, L50|\n|poke|p1|Donphan, L50, M|\n|poke|p1|Gholdengo, L50|\n|poke|p1|Talonflame, L50, M|\n|poke|p1|Murkrow, L50, M|\n|poke|p2|Chi-Yu, L50|\n|poke|p2|Flutter Mane, L50|\n|poke|p2|Amoonguss, L50, F|\n|poke|p2|Palafin, L50, F|\n|poke|p2|Kingambit, L50, M|\n|poke|p2|Arcanine, L50, F|\n|teampreview|4\n|inactive|Battle timer is ON: inactive players will automatically lose when time's up. (requested by Arcacagne)\n|\n|t:|1683147999\n|start\n|switch|p1a: Murkrow|Murkrow, L50, M|100\/100\n|switch|p1b: Donphan|Donphan, L50, M|100\/100\n|switch|p2a: Kingambit|Kingambit, L50, M|100\/100\n|switch|p2b: Palafin|Palafin, L50, F|100\/100\n|turn|1\n|inactive|haha you rage quit has 30 seconds left.\n|inactive|Arcacagne has 30 seconds left.\n|inactive|haha you rage quit has 20 seconds left.\n|\n|t:|1683148037\n|detailschange|p2b: Palafin|Palafin-Hero, L50, F\n|switch|p2b: Arcanine|Arcanine, L50, F|100\/100\n|-ability|p2b: Arcanine|Intimidate|boost\n|-unboost|p1a: Murkrow|atk|1\n|-unboost|p1b: Donphan|atk|1\n|-terastallize|p2a: Kingambit|Water\n|move|p1a: Murkrow|Quash||[still]\n|-fail|p1a: Murkrow\n|move|p1b: Donphan|Earthquake|p2b: Arcanine|[spread] p2a,p2b\n|-immune|p1a: Murkrow\n|-supereffective|p2b: Arcanine\n|-damage|p2a: Kingambit|70\/100\n|-damage|p2b: Arcanine|42\/100\n|move|p2a: Kingambit|Swords Dance|p2a: Kingambit\n|-boost|p2a: Kingambit|atk|2\n|\n|upkeep\n|turn|2\n|inactive|haha you rage quit has 30 seconds left.\n|inactive|Arcacagne has 30 seconds left.\n|inactive|Arcacagne has 20 seconds left.\n|\n|t:|1683148073\n|move|p1a: Murkrow|Haze|p1a: Murkrow\n|-clearallboost\n|move|p2b: Arcanine|Will-O-Wisp|p1b: Donphan\n|-status|p1b: Donphan|brn\n|move|p1b: Donphan|Earthquake|p2a: Kingambit|[spread] p2a,p2b\n|-immune|p1a: Murkrow\n|-supereffective|p2b: Arcanine\n|-damage|p2a: Kingambit|51\/100\n|-damage|p2b: Arcanine|0 fnt\n|faint|p2b: Arcanine\n|move|p2a: Kingambit|Iron Head|p1a: Murkrow\n|-damage|p1a: Murkrow|12\/100\n|\n|-damage|p1b: Donphan|95\/100 brn|[from] brn\n|upkeep\n|\n|t:|1683148089\n|switch|p2b: Palafin|Palafin-Hero, L50, F|100\/100\n|-activate|p2b: Palafin|ability: Zero to Hero\n|turn|3\n|inactive|Arcacagne has 30 seconds left.\n|\n|t:|1683148116\n|move|p2b: Palafin|Jet Punch|p1a: Murkrow\n|-damage|p1a: Murkrow|0 fnt\n|faint|p1a: Murkrow\n|move|p1b: Donphan|Earthquake|p2b: Palafin|[spread] p2a,p2b\n|-damage|p2a: Kingambit|29\/100\n|-damage|p2b: Palafin|70\/100\n|move|p2a: Kingambit|Kowtow Cleave|p1b: Donphan\n|-damage|p1b: Donphan|51\/100 brn\n|\n|-damage|p1b: Donphan|46\/100 brn|[from] brn\n|upkeep\n|inactive|haha you rage quit has 30 seconds left.\n|inactive|haha you rage quit has 20 seconds left.\n|\n|t:|1683148155\n|switch|p1a: Gholdengo|Gholdengo, L50|100\/100\n|turn|4\n|inactive|haha you rage quit has 30 seconds left.\n|\n|t:|1683148185\n|move|p1a: Gholdengo|Protect|p1a: Gholdengo\n|-singleturn|p1a: Gholdengo|Protect\n|move|p2b: Palafin|Jet Punch|p1b: Donphan\n|-supereffective|p1b: Donphan\n|-damage|p1b: Donphan|0 fnt\n|faint|p1b: Donphan\n|move|p2a: Kingambit|Sucker Punch||[still]\n|-fail|p2a: Kingambit\n|\n|upkeep\n|\n|t:|1683148193\n|switch|p1b: Chi-Yu|Chi-Yu, L50|100\/100\n|-ability|p1b: Chi-Yu|Beads of Ruin\n|turn|5\n|inactive|haha you rage quit has 30 seconds left.\n|\n|t:|1683148222\n|-terastallize|p1b: Chi-Yu|Ghost\n|move|p2b: Palafin|Jet Punch|p1b: Chi-Yu\n|-damage|p1b: Chi-Yu|34\/100\n|move|p2a: Kingambit|Sucker Punch|p1a: Gholdengo\n|-supereffective|p1a: Gholdengo\n|-damage|p1a: Gholdengo|28\/100\n|-enditem|p1a: Gholdengo|Weakness Policy\n|-boost|p1a: Gholdengo|atk|2|[from] item: Weakness Policy\n|-boost|p1a: Gholdengo|spa|2|[from] item: Weakness Policy\n|move|p1b: Chi-Yu|Overheat|p2b: Palafin\n|-resisted|p2b: Palafin\n|-damage|p2b: Palafin|6\/100\n|-unboost|p1b: Chi-Yu|spa|2\n|move|p1a: Gholdengo|Make It Rain|p2b: Palafin|[spread] p2a,p2b\n|-resisted|p2a: Kingambit\n|-resisted|p2b: Palafin\n|-damage|p2a: Kingambit|0 fnt\n|-damage|p2b: Palafin|0 fnt\n|-unboost|p1a: Gholdengo|spa|1\n|faint|p2a: Kingambit\n|faint|p2b: Palafin\n|\n|upkeep\n|\n|t:|1683148242\n|switch|p2b: Amoonguss|Amoonguss, L50, F|100\/100\n|turn|6\n|\n|t:|1683148265\n|move|p1b: Chi-Yu|Overheat|p2b: Amoonguss\n|-supereffective|p2b: Amoonguss\n|-damage|p2b: Amoonguss|3\/100\n|-unboost|p1b: Chi-Yu|spa|2\n|-enditem|p2b: Amoonguss|Sitrus Berry|[eat]\n|-heal|p2b: Amoonguss|28\/100|[from] item: Sitrus Berry\n|move|p1a: Gholdengo|Make It Rain|p2b: Amoonguss\n|-damage|p2b: Amoonguss|0 fnt\n|-unboost|p1a: Gholdengo|spa|1\n|faint|p2b: Amoonguss\n|\n|win|haha you rage quit\n|raw|haha you rage quit's rating: 1203 → 1224<\/strong> (+21 for winning)\n|raw|Arcacagne's rating: 1148 → 1127<\/strong> (-21 for losing)\n|l|\u2606Arcacagne\n","uploadtime":1683148295,"views":6,"p1id":"hahayouragequit","p2id":"arcacagne","formatid":"gen9vgc2023regulationc","rating":1127,"private":0,"password":""}