{"id":"gen9vgc2023regulationc-1860152330","p1":"Lil\u2019Saint","p2":"IcyyySandslash","format":"[Gen 9] VGC 2023 Regulation C","log":"|j|\u2606Lil\u2019Saint\n|j|\u2606IcyyySandslash\n|t:|1683601685\n|gametype|doubles\n|player|p1|Lil\u2019Saint|266|1063\n|player|p2|IcyyySandslash|bruno|1046\n|teamsize|p1|6\n|teamsize|p2|6\n|gen|9\n|tier|[Gen 9] VGC 2023 Regulation C\n|rated|\n|rule|Species Clause: Limit one of each Pok\u00e9mon\n|rule|Item Clause: Limit one of each item\n|clearpoke\n|poke|p1|Kingambit, L50, F|\n|poke|p1|Hariyama, L50, F|\n|poke|p1|Torkoal, L50, F|\n|poke|p1|Meowscarada, L50, M|\n|poke|p1|Dragonite, L50, F|\n|poke|p1|Farigiraf, L50, M|\n|poke|p2|Scream Tail, L50|\n|poke|p2|Gardevoir, L50, M|\n|poke|p2|Iron Hands, L50|\n|poke|p2|Indeedee-F, L50, F|\n|poke|p2|Flutter Mane, L50|\n|poke|p2|Ting-Lu, L50|\n|teampreview|4\n|inactive|Battle timer is ON: inactive players will automatically lose when time's up. (requested by Lil\u2019Saint)\n|\n|t:|1683601705\n|start\n|switch|p1a: \u30ea\u30ad\u30ad\u30ea\u30f3|Farigiraf, L50, M|100\/100\n|switch|p1b: \u30de\u30b9\u30ab\u30fc\u30cb\u30e3|Meowscarada, L50, M|100\/100\n|switch|p2a: Indeedee|Indeedee-F, L50, F|100\/100\n|switch|p2b: Scream Tail|Scream Tail, L50|100\/100\n|-fieldstart|move: Psychic Terrain|[from] ability: Psychic Surge|[of] p2a: Indeedee\n|-enditem|p2a: Indeedee|Psychic Seed\n|-boost|p2a: Indeedee|spd|1|[from] item: Psychic Seed\n|turn|1\n|\n|t:|1683601726\n|move|p2a: Indeedee|Follow Me|p2a: Indeedee\n|-singleturn|p2a: Indeedee|move: Follow Me\n|move|p1b: \u30de\u30b9\u30ab\u30fc\u30cb\u30e3|Knock Off|p2a: Indeedee\n|-supereffective|p2a: Indeedee\n|-damage|p2a: Indeedee|39\/100\n|move|p2b: Scream Tail|Calm Mind|p2b: Scream Tail\n|-boost|p2b: Scream Tail|spa|1\n|-boost|p2b: Scream Tail|spd|1\n|move|p1a: \u30ea\u30ad\u30ad\u30ea\u30f3|Trick Room|p1a: \u30ea\u30ad\u30ad\u30ea\u30f3\n|-fieldstart|move: Trick Room|[of] p1a: \u30ea\u30ad\u30ad\u30ea\u30f3\n|\n|upkeep\n|turn|2\n|inactive|Lil\u2019Saint has 30 seconds left.\n|inactive|Lil\u2019Saint has 20 seconds left.\n|inactive|Lil\u2019Saint has 15 seconds left.\n|inactive|Lil\u2019Saint has 10 seconds left.\n|inactive|Lil\u2019Saint has 5 seconds left.\n|\n|t:|1683601780\n|switch|p2a: Gardevoir|Gardevoir, L50, M, shiny|100\/100\n|-terastallize|p2b: Scream Tail|Normal\n|move|p1b: \u30de\u30b9\u30ab\u30fc\u30cb\u30e3|Sucker Punch||[still]\n|-fail|p1b: \u30de\u30b9\u30ab\u30fc\u30cb\u30e3\n|move|p1a: \u30ea\u30ad\u30ad\u30ea\u30f3|Shadow Ball|p2b: Scream Tail\n|-immune|p2b: Scream Tail\n|move|p2b: Scream Tail|Boomburst|p1b: \u30de\u30b9\u30ab\u30fc\u30cb\u30e3|[spread] p1a,p1b\n|-activate|p2a: Gardevoir|ability: Telepathy\n|-damage|p1a: \u30ea\u30ad\u30ad\u30ea\u30f3|35\/100\n|-enditem|p1b: \u30de\u30b9\u30ab\u30fc\u30cb\u30e3|Focus Sash\n|-damage|p1b: \u30de\u30b9\u30ab\u30fc\u30cb\u30e3|1\/100\n|-damage|p2b: Scream Tail|90\/100|[from] item: Life Orb\n|\n|upkeep\n|turn|3\n|inactive|Lil\u2019Saint has 30 seconds left.\n|\n|t:|1683601811\n|-terastallize|p1a: \u30ea\u30ad\u30ad\u30ea\u30f3|Normal\n|move|p1a: \u30ea\u30ad\u30ad\u30ea\u30f3|Hyper Voice|p2a: Gardevoir|[spread] p2a,p2b\n|-damage|p2a: Gardevoir|66\/100\n|-damage|p2b: Scream Tail|68\/100\n|-enditem|p1a: \u30ea\u30ad\u30ad\u30ea\u30f3|Throat Spray\n|-boost|p1a: \u30ea\u30ad\u30ad\u30ea\u30f3|spa|1|[from] item: Throat Spray\n|move|p2a: Gardevoir|Sunny Day|p2a: Gardevoir\n|-weather|SunnyDay\n|-activate|p2b: Scream Tail|ability: Protosynthesis\n|-start|p2b: Scream Tail|protosynthesisspd\n|move|p2b: Scream Tail|Calm Mind|p2b: Scream Tail\n|-boost|p2b: Scream Tail|spa|1\n|-boost|p2b: Scream Tail|spd|1\n|move|p1b: \u30de\u30b9\u30ab\u30fc\u30cb\u30e3|Flower Trick|p2b: Scream Tail\n|-crit|p2b: Scream Tail\n|-damage|p2b: Scream Tail|15\/100\n|\n|-weather|SunnyDay|[upkeep]\n|upkeep\n|turn|4\n|inactive|Lil\u2019Saint has 30 seconds left.\n|\n|t:|1683601836\n|move|p1a: \u30ea\u30ad\u30ad\u30ea\u30f3|Hyper Voice|p2a: Gardevoir|[spread] p2a,p2b\n|-damage|p2a: Gardevoir|11\/100\n|-damage|p2b: Scream Tail|0 fnt\n|-enditem|p2a: Gardevoir|Iapapa Berry|[eat]\n|-heal|p2a: Gardevoir|44\/100|[from] item: Iapapa Berry\n|faint|p2b: Scream Tail\n|-end|p2b: Scream Tail|Protosynthesis|[silent]\n|move|p2a: Gardevoir|Life Dew|p2a: Gardevoir\n|-heal|p2a: Gardevoir|70\/100\n|move|p1b: \u30de\u30b9\u30ab\u30fc\u30cb\u30e3|Flower Trick|p2a: Gardevoir\n|-crit|p2a: Gardevoir\n|-damage|p2a: Gardevoir|0 fnt\n|faint|p2a: Gardevoir\n|\n|-weather|SunnyDay|[upkeep]\n|upkeep\n|\n|t:|1683601850\n|switch|p2a: Ting-Lu|Ting-Lu, L50|100\/100\n|switch|p2b: Indeedee|Indeedee-F, L50, F|39\/100\n|-ability|p2a: Ting-Lu|Vessel of Ruin\n|turn|5\n|\n|t:|1683601874\n|move|p2a: Ting-Lu|Fissure|p1a: \u30ea\u30ad\u30ad\u30ea\u30f3|[miss]\n|-miss|p2a: Ting-Lu|p1a: \u30ea\u30ad\u30ad\u30ea\u30f3\n|move|p1a: \u30ea\u30ad\u30ad\u30ea\u30f3|Hyper Voice|p2a: Ting-Lu|[spread] p2a,p2b\n|-damage|p2a: Ting-Lu|71\/100\n|-damage|p2b: Indeedee|0 fnt\n|faint|p2b: Indeedee\n|move|p1b: \u30de\u30b9\u30ab\u30fc\u30cb\u30e3|Flower Trick|p2a: Ting-Lu\n|-supereffective|p2a: Ting-Lu\n|-crit|p2a: Ting-Lu\n|-damage|p2a: Ting-Lu|0 fnt\n|faint|p2a: Ting-Lu\n|\n|win|Lil\u2019Saint\n|raw|Lil\u2019Saint's rating: 1063 → 1092<\/strong> (+29 for winning)\n|raw|IcyyySandslash's rating: 1046 → 1030<\/strong> (-16 for losing)\n|l|\u2606IcyyySandslash\n","uploadtime":1683601893,"views":4,"p1id":"lilsaint","p2id":"icyyysandslash","formatid":"gen9vgc2023regulationc","rating":1030,"private":0,"password":""}