{"id":"gen9vgc2023regulationc-1847935819","p1":"OG x Swagjuice","p2":"FluigVGC","format":"[Gen 9] VGC 2023 Regulation C","log":"|j|\u2606OG x Swagjuice\n|j|\u2606FluigVGC\n|t:|1682014024\n|gametype|doubles\n|player|p1|OG x Swagjuice|acetrainerf-gen4|1273\n|player|p2|FluigVGC|clay|1299\n|teamsize|p1|6\n|teamsize|p2|6\n|gen|9\n|tier|[Gen 9] VGC 2023 Regulation C\n|rated|\n|rule|Species Clause: Limit one of each Pok\u00e9mon\n|rule|Item Clause: Limit one of each item\n|clearpoke\n|poke|p1|Ting-Lu, L50|\n|poke|p1|Iron Hands, L50|\n|poke|p1|Arcanine, L50, M|\n|poke|p1|Amoonguss, L50, M|\n|poke|p1|Iron Bundle, L50|\n|poke|p1|Chi-Yu, L50|\n|poke|p2|Kingambit, L50, M|\n|poke|p2|Wo-Chien, L50|\n|poke|p2|Flutter Mane, L50|\n|poke|p2|Iron Bundle, L50|\n|poke|p2|Gastrodon-East, L50, F|\n|poke|p2|Arcanine, L50, M|\n|teampreview|4\nOG x Swagjuice has agreed to open team sheets.\n|inactive|Battle timer is ON: inactive players will automatically lose when time's up. (requested by OG x Swagjuice)\nFluigVGC has agreed to open team sheets.\n|inactive|OG x Swagjuice has 60 seconds left.\n|\n|t:|1682014099\n|start\n|switch|p1a: Ting-Lu|Ting-Lu, L50|100\/100\n|switch|p1b: Iron Hands|Iron Hands, L50|100\/100\n|switch|p2a: Arcanine|Arcanine, L50, M|100\/100\n|switch|p2b: Flutter Mane|Flutter Mane, L50|100\/100\n|-ability|p2a: Arcanine|Intimidate|boost\n|-unboost|p1a: Ting-Lu|atk|1\n|-unboost|p1b: Iron Hands|atk|1\n|-ability|p1a: Ting-Lu|Vessel of Ruin\n|turn|1\n|\n|t:|1682014120\n|-end|p2b: Flutter Mane|Protosynthesis|[silent]\n|switch|p2b: Gastrodon|Gastrodon-East, L50, F|100\/100\n|move|p2a: Arcanine|Will-O-Wisp|p1b: Iron Hands\n|-status|p1b: Iron Hands|brn\n|move|p1b: Iron Hands|Wild Charge|p2b: Gastrodon\n|-immune|p2b: Gastrodon\n|move|p1a: Ting-Lu|Heavy Slam|p2b: Gastrodon\n|-resisted|p2b: Gastrodon\n|-damage|p2b: Gastrodon|89\/100\n|\n|-damage|p1b: Iron Hands|94\/100 brn|[from] brn\n|upkeep\n|turn|2\n|\n|t:|1682014136\n|move|p1a: Ting-Lu|Protect|p1a: Ting-Lu\n|-singleturn|p1a: Ting-Lu|Protect\n|move|p2a: Arcanine|Will-O-Wisp|p1a: Ting-Lu\n|-activate|p1a: Ting-Lu|move: Protect\n|move|p1b: Iron Hands|Volt Switch|p2a: Arcanine\n|-damage|p2a: Arcanine|90\/100\n|\n|t:|1682014145\n|-end|p1b: Iron Hands|Quark Drive|[silent]\n|switch|p1b: Iron Bundle|Iron Bundle, L50|100\/100|[from] Volt Switch\n|-enditem|p1b: Iron Bundle|Booster Energy\n|-activate|p1b: Iron Bundle|ability: Quark Drive|[fromitem]\n|-start|p1b: Iron Bundle|quarkdrivespe\n|move|p2b: Gastrodon|Earth Power|p1b: Iron Bundle\n|-damage|p1b: Iron Bundle|47\/100\n|\n|upkeep\n|turn|3\n|\n|t:|1682014162\n|switch|p1a: Amoonguss|Amoonguss, L50, M|100\/100\n|-terastallize|p2b: Gastrodon|Fire\n|move|p1b: Iron Bundle|Protect|p1b: Iron Bundle\n|-singleturn|p1b: Iron Bundle|Protect\n|move|p2a: Arcanine|Will-O-Wisp|p1a: Amoonguss\n|-status|p1a: Amoonguss|brn\n|move|p2b: Gastrodon|Earth Power|p1b: Iron Bundle\n|-activate|p1b: Iron Bundle|move: Protect\n|\n|-damage|p1a: Amoonguss|95\/100 brn|[from] brn\n|upkeep\n|turn|4\n|\n|t:|1682014180\n|move|p1a: Amoonguss|Rage Powder|p1a: Amoonguss\n|-singleturn|p1a: Amoonguss|move: Rage Powder\n|move|p1b: Iron Bundle|Encore|p2a: Arcanine\n|-start|p2a: Arcanine|Encore\n|move|p2a: Arcanine|Will-O-Wisp|p1a: Amoonguss\n|-fail|p1a: Amoonguss|brn\n|move|p2b: Gastrodon|Ice Beam|p1a: Amoonguss\n|-supereffective|p1a: Amoonguss\n|-damage|p1a: Amoonguss|58\/100 brn\n|\n|-damage|p1a: Amoonguss|52\/100 brn|[from] brn\n|upkeep\n|turn|5\n|\n|t:|1682014198\n|-end|p1b: Iron Bundle|Quark Drive|[silent]\n|switch|p1b: Ting-Lu|Ting-Lu, L50|100\/100\n|-ability|p1b: Ting-Lu|Vessel of Ruin\n|switch|p2a: Iron Bundle|Iron Bundle, L50|100\/100\n|-enditem|p2a: Iron Bundle|Booster Energy\n|-activate|p2a: Iron Bundle|ability: Quark Drive|[fromitem]\n|-start|p2a: Iron Bundle|quarkdrivespe\n|move|p2b: Gastrodon|Ice Beam|p1a: Amoonguss\n|-supereffective|p1a: Amoonguss\n|-damage|p1a: Amoonguss|27\/100 brn\n|-enditem|p1a: Amoonguss|Sitrus Berry|[eat]\n|-heal|p1a: Amoonguss|52\/100 brn|[from] item: Sitrus Berry\n|move|p1a: Amoonguss|Spore|p2b: Gastrodon\n|-activate|p2b: Gastrodon|item: Safety Goggles|Spore\n|\n|-damage|p1a: Amoonguss|46\/100 brn|[from] brn\n|upkeep\n|turn|6\n|c|\u2606OG x Swagjuice|guess who didnt read the teamsheet xD\n|inactive|OG x Swagjuice has 30 seconds left.\n|inactive|OG x Swagjuice has 20 seconds left.\n|\n|t:|1682014235\n|switch|p1a: Iron Hands|Iron Hands, L50|94\/100 brn\n|move|p2a: Iron Bundle|Freeze-Dry|p1a: Iron Hands\n|-damage|p1a: Iron Hands|82\/100 brn\n|move|p1b: Ting-Lu|Stomping Tantrum|p2b: Gastrodon\n|-supereffective|p2b: Gastrodon\n|-damage|p2b: Gastrodon|26\/100\n|move|p2b: Gastrodon|Ice Beam|p1a: Iron Hands\n|-crit|p1a: Iron Hands\n|-damage|p1a: Iron Hands|71\/100 brn\n|\n|-damage|p1a: Iron Hands|64\/100 brn|[from] brn\n|upkeep\n|turn|7\n|\n|t:|1682014254\n|switch|p2b: Arcanine|Arcanine, L50, M|90\/100\n|-ability|p2b: Arcanine|Intimidate|boost\n|-unboost|p1a: Iron Hands|atk|1\n|-unboost|p1b: Ting-Lu|atk|1\n|move|p2a: Iron Bundle|Protect|p2a: Iron Bundle\n|-singleturn|p2a: Iron Bundle|Protect\n|move|p1a: Iron Hands|Drain Punch|p2a: Iron Bundle\n|-activate|p2a: Iron Bundle|move: Protect\n|move|p1b: Ting-Lu|Stomping Tantrum|p2b: Arcanine\n|-supereffective|p2b: Arcanine\n|-damage|p2b: Arcanine|47\/100\n|\n|-damage|p1a: Iron Hands|58\/100 brn|[from] brn\n|upkeep\n|turn|8\n|inactive|FluigVGC has 30 seconds left.\n|inactive|OG x Swagjuice has 30 seconds left.\n|inactive|FluigVGC has 20 seconds left.\n|inactive|FluigVGC has 15 seconds left.\n|inactive|OG x Swagjuice has 20 seconds left.\n|inactive|FluigVGC has 10 seconds left.\n|inactive|OG x Swagjuice has 15 seconds left.\n|inactive|FluigVGC has 5 seconds left.\n|\n|t:|1682014307\n|move|p2a: Iron Bundle|Freeze-Dry|p1a: Iron Hands\n|-damage|p1a: Iron Hands|45\/100 brn\n|move|p2b: Arcanine|Flare Blitz|p1a: Iron Hands\n|-damage|p1a: Iron Hands|12\/100 brn\n|-damage|p2b: Arcanine|31\/100|[from] Recoil\n|move|p1a: Iron Hands|Drain Punch|p2a: Iron Bundle\n|-supereffective|p2a: Iron Bundle\n|-damage|p2a: Iron Bundle|72\/100\n|-heal|p1a: Iron Hands|21\/100 brn|[from] drain|[of] p2a: Iron Bundle\n|move|p1b: Ting-Lu|Stomping Tantrum|p2b: Arcanine\n|-supereffective|p2b: Arcanine\n|-damage|p2b: Arcanine|0 fnt\n|faint|p2b: Arcanine\n|\n|-damage|p1a: Iron Hands|15\/100 brn|[from] brn\n|upkeep\n|inactive|FluigVGC has 30 seconds left.\n|inactive|FluigVGC has 20 seconds left.\n|\n|t:|1682014345\n|switch|p2b: Flutter Mane|Flutter Mane, L50|100\/100\n|turn|9\n|inactive|FluigVGC has 30 seconds left.\n|inactive|FluigVGC has 20 seconds left.\n|\n|t:|1682014383\n|-end|p1a: Iron Hands|Quark Drive|[silent]\n|switch|p1a: Iron Bundle|Iron Bundle, L50|47\/100\n|switch|p1b: Amoonguss|Amoonguss, L50, M|79\/100 brn\n|move|p2a: Iron Bundle|Freeze-Dry|p1b: Amoonguss\n|-supereffective|p1b: Amoonguss\n|-damage|p1b: Amoonguss|19\/100 brn\n|move|p2b: Flutter Mane|Moonblast|p1b: Amoonguss\n|-resisted|p1b: Amoonguss\n|-damage|p1b: Amoonguss|0 fnt\n|faint|p1b: Amoonguss\n|\n|upkeep\n|\n|t:|1682014396\n|switch|p1b: Ting-Lu|Ting-Lu, L50|100\/100\n|-ability|p1b: Ting-Lu|Vessel of Ruin\n|turn|10\n|inactive|OG x Swagjuice has 30 seconds left.\n|\n|t:|1682014425\n|-end|p2b: Flutter Mane|Protosynthesis|[silent]\n|switch|p2b: Gastrodon|Gastrodon-East, L50, F, tera:Fire|26\/100\n|move|p1a: Iron Bundle|Protect|p1a: Iron Bundle\n|-singleturn|p1a: Iron Bundle|Protect\n|move|p2a: Iron Bundle|Icy Wind|p1a: Iron Bundle|[spread] p1b\n|-activate|p1a: Iron Bundle|move: Protect\n|-supereffective|p1b: Ting-Lu\n|-damage|p1b: Ting-Lu|80\/100\n|-unboost|p1b: Ting-Lu|spe|1\n|move|p1b: Ting-Lu|Heavy Slam|p2b: Gastrodon\n|-resisted|p2b: Gastrodon\n|-damage|p2b: Gastrodon|12\/100\n|\n|-heal|p1b: Ting-Lu|86\/100|[from] item: Leftovers\n|upkeep\n|turn|11\n|inactive|OG x Swagjuice has 30 seconds left.\n|\n|t:|1682014450\n|switch|p1b: Iron Hands|Iron Hands, L50|15\/100 brn\n|move|p2a: Iron Bundle|Icy Wind|p1a: Iron Bundle|[spread] p1a,p1b\n|-resisted|p1a: Iron Bundle\n|-damage|p1a: Iron Bundle|37\/100\n|-damage|p1b: Iron Hands|4\/100 brn\n|-unboost|p1a: Iron Bundle|spe|1\n|-unboost|p1b: Iron Hands|spe|1\n|move|p1a: Iron Bundle|Freeze-Dry|p2b: Gastrodon\n|-resisted|p2b: Gastrodon\n|-damage|p2b: Gastrodon|0 fnt\n|faint|p2b: Gastrodon\n|\n|-damage|p1b: Iron Hands|0 fnt|[from] brn\n|faint|p1b: Iron Hands\n|-end|p1b: Iron Hands|Quark Drive|[silent]\n|upkeep\n|\n|t:|1682014463\n|switch|p1b: Ting-Lu|Ting-Lu, L50|86\/100\n|switch|p2b: Flutter Mane|Flutter Mane, L50|100\/100\n|-ability|p1b: Ting-Lu|Vessel of Ruin\n|turn|12\n|\n|t:|1682014482\n|-terastallize|p1b: Ting-Lu|Poison\n|move|p1a: Iron Bundle|Protect|p1a: Iron Bundle\n|-singleturn|p1a: Iron Bundle|Protect\n|move|p2a: Iron Bundle|Freeze-Dry|p1b: Ting-Lu\n|-crit|p1b: Ting-Lu\n|-damage|p1b: Ting-Lu|58\/100\n|move|p2b: Flutter Mane|Moonblast|p1b: Ting-Lu\n|-resisted|p1b: Ting-Lu\n|-damage|p1b: Ting-Lu|40\/100\n|move|p1b: Ting-Lu|Heavy Slam|p2b: Flutter Mane\n|-supereffective|p2b: Flutter Mane\n|-crit|p2b: Flutter Mane\n|-damage|p2b: Flutter Mane|0 fnt\n|faint|p2b: Flutter Mane\n|-end|p2b: Flutter Mane|Protosynthesis|[silent]\n|\n|-heal|p1b: Ting-Lu|46\/100|[from] item: Leftovers\n|upkeep\n|turn|13\n|\n|t:|1682014501\n|move|p2a: Iron Bundle|Hydro Pump|p1b: Ting-Lu\n|-damage|p1b: Ting-Lu|22\/100\n|move|p1a: Iron Bundle|Freeze-Dry|p2a: Iron Bundle\n|-damage|p2a: Iron Bundle|27\/100\n|move|p1b: Ting-Lu|Heavy Slam|p2a: Iron Bundle\n|-damage|p2a: Iron Bundle|0 fnt\n|faint|p2a: Iron Bundle\n|-end|p2a: Iron Bundle|Quark Drive|[silent]\n|\n|win|OG x Swagjuice\n|raw|OG x Swagjuice's rating: 1273 → 1300<\/strong> (+27 for winning)\n|raw|FluigVGC's rating: 1299 → 1272<\/strong> (-27 for losing)\n|c|\u2606OG x Swagjuice|gg wp\n|l|\u2606FluigVGC\n","uploadtime":1682014518,"views":14,"p1id":"ogxswagjuice","p2id":"fluigvgc","formatid":"gen9vgc2023regulationc","rating":1272,"private":0,"password":""}