{"id":"gen9vgc2023regulationc-1859081138","p1":"sucabaVGC","p2":"KCXII","format":"[Gen 9] VGC 2023 Regulation C","log":"|j|\u2606sucabaVGC\n|j|\u2606KCXII\n|t:|1683402145\n|gametype|doubles\n|player|p1|sucabaVGC|wattson|\n|player|p2|KCXII|plasmagrunt|\n|teamsize|p1|6\n|teamsize|p2|6\n|gen|9\n|tier|[Gen 9] VGC 2023 Regulation C\n|rule|Species Clause: Limit one of each Pok\u00e9mon\n|rule|Item Clause: Limit one of each item\n|clearpoke\n|poke|p1|Sableye, L50, F|\n|poke|p1|Baxcalibur, L50, F|\n|poke|p1|Slowking, L50, F|\n|poke|p1|Mismagius, L50, F|\n|poke|p1|Great Tusk, L50|\n|poke|p1|Glimmora, L50, F|\n|poke|p2|Armarouge, L50, M|\n|poke|p2|Misdreavus, L50, F|\n|poke|p2|Clauncher, L50, M|\n|poke|p2|Dragapult, L50, F|\n|poke|p2|Tinkaton, L50, F|\n|poke|p2|Indeedee-F, L50, F|\n|teampreview|4\n|c|\u2606KCXII|G1\n|c|\u2606sucabaVGC|glhf!\n|c|\u2606KCXII|open all three?\n|c|\u2606sucabaVGC|yes!\n|c|\u2606KCXII|good luck and have fun bro!\n|c|\u2606sucabaVGC|you too\n|\n|t:|1683402287\n|start\n|switch|p1a: King Candy|Slowking, L50, F|100\/100\n|switch|p1b: Stitch|Sableye, L50, F|100\/100\n|switch|p2a: Armarouge|Armarouge, L50, M|100\/100\n|switch|p2b: Clauncher|Clauncher, L50, M|100\/100\n|turn|1\n|c|\u2606KCXII|tricky t1\n|c|\u2606sucabaVGC|indeed\n|\n|t:|1683402481\n|move|p2a: Armarouge|Protect|p2a: Armarouge\n|-singleturn|p2a: Armarouge|Protect\n|move|p2b: Clauncher|Protect|p2b: Clauncher\n|-singleturn|p2b: Clauncher|Protect\n|move|p1b: Stitch|Light Screen|p1b: Stitch\n|-sidestart|p1: sucabaVGC|move: Light Screen\n|move|p1a: King Candy|Hydro Pump|p2a: Armarouge\n|-activate|p2a: Armarouge|move: Protect\n|\n|upkeep\n|turn|2\n|\n|t:|1683402502\n|move|p1b: Stitch|Quash|p2b: Clauncher\n|-activate|p2b: Clauncher|move: Quash\n|move|p2a: Armarouge|Energy Ball|p1a: King Candy\n|-supereffective|p1a: King Candy\n|-damage|p1a: King Candy|69\/100\n|move|p1a: King Candy|Hydro Pump|p2a: Armarouge\n|-supereffective|p2a: Armarouge\n|-damage|p2a: Armarouge|0 fnt\n|faint|p2a: Armarouge\n|move|p2b: Clauncher|Aqua Jet|p2: Armarouge|[notarget]\n|-fail|p2b: Clauncher\n|\n|upkeep\n|\n|t:|1683402514\n|switch|p2a: Dragapult|Dragapult, L50, F|100\/100\n|turn|3\n|\n|t:|1683402547\n|switch|p2b: Indeedee|Indeedee-F, L50, F|100\/100\n|-fieldstart|move: Psychic Terrain|[from] ability: Psychic Surge|[of] p2b: Indeedee\n|-enditem|p2b: Indeedee|Psychic Seed\n|-boost|p2b: Indeedee|spd|1|[from] item: Psychic Seed\n|move|p1b: Stitch|Quash|p2a: Dragapult\n|-activate|p2a: Dragapult|move: Psychic Terrain\n|move|p2a: Dragapult|Dragon Dance|p2a: Dragapult\n|-boost|p2a: Dragapult|atk|1\n|-boost|p2a: Dragapult|spe|1\n|move|p1a: King Candy|Ice Beam|p2a: Dragapult\n|-supereffective|p2a: Dragapult\n|-damage|p2a: Dragapult|31\/100\n|\n|upkeep\n|turn|4\n|\n|t:|1683402610\n|-terastallize|p2a: Dragapult|Ghost\n|move|p2b: Indeedee|Follow Me|p2b: Indeedee\n|-singleturn|p2b: Indeedee|move: Follow Me\n|move|p1b: Stitch|Reflect|p1b: Stitch\n|-sidestart|p1: sucabaVGC|Reflect\n|move|p2a: Dragapult|Tera Blast|p1a: King Candy\n|-supereffective|p1a: King Candy\n|-damage|p1a: King Candy|0 fnt\n|faint|p1a: King Candy\n|\n|upkeep\n|\n|t:|1683402640\n|switch|p1a: Sulley|Baxcalibur, L50, F|100\/100\n|turn|5\n|\n|t:|1683402654\n|-terastallize|p1a: Sulley|Dark\n|move|p2b: Indeedee|Follow Me|p2b: Indeedee\n|-singleturn|p2b: Indeedee|move: Follow Me\n|move|p2a: Dragapult|Dragon Darts|p1a: Sulley\n|-damage|p1a: Sulley|80\/100\n|-anim|p2a: Dragapult|Dragon Darts|p1b: Stitch\n|-damage|p1b: Stitch|74\/100\n|move|p1a: Sulley|Crunch|p2b: Indeedee\n|-supereffective|p2b: Indeedee\n|-damage|p2b: Indeedee|0 fnt\n|faint|p2b: Indeedee\n|-damage|p1a: Sulley|70\/100|[from] item: Life Orb\n|move|p1b: Stitch|Snarl|p2a: Dragapult\n|-supereffective|p2a: Dragapult\n|-damage|p2a: Dragapult|0 fnt\n|faint|p2a: Dragapult\n|\n|upkeep\n|\n|t:|1683402670\n|switch|p2a: Clauncher|Clauncher, L50, M|100\/100\n|turn|6\n|\n|t:|1683402675\n|move|p1a: Sulley|Glaive Rush|p2a: Clauncher\n|-enditem|p2a: Clauncher|Focus Sash\n|-damage|p2a: Clauncher|1\/100\n|-singlemove|p1a: Sulley|Glaive Rush|[silent]\n|-damage|p1a: Sulley|60\/100|[from] item: Life Orb\n|move|p1b: Stitch|Snarl|p2a: Clauncher\n|-damage|p2a: Clauncher|0 fnt\n|faint|p2a: Clauncher\n|\n|win|sucabaVGC\n|c|\u2606KCXII|gg\n|c|\u2606sucabaVGC|gg\n","uploadtime":1683402996,"views":49,"p1id":"sucabavgc","p2id":"kcxii","formatid":"gen9vgc2023regulationc","rating":0,"private":0,"password":""}