{"id":"gen9vgc2023regulationc-1859169755","p1":"Xalvadore","p2":"luigi200210","format":"[Gen 9] VGC 2023 Regulation C","log":"|j|\u2606Xalvadore\n|j|\u2606luigi200210\n|t:|1683413032\n|gametype|doubles\n|player|p1|Xalvadore|marnie|1156\n|player|p2|luigi200210|101|1123\n|teamsize|p1|6\n|teamsize|p2|6\n|gen|9\n|tier|[Gen 9] VGC 2023 Regulation C\n|rated|\n|rule|Species Clause: Limit one of each Pok\u00e9mon\n|rule|Item Clause: Limit one of each item\n|clearpoke\n|poke|p1|Dragonite, L50, M|\n|poke|p1|Tyranitar, L50, F|\n|poke|p1|Gastrodon, L50, F|\n|poke|p1|Arcanine, L50, F|\n|poke|p1|Meowscarada, L50, F|\n|poke|p1|Scizor, L50, F|\n|poke|p2|Breloom, L50, F|\n|poke|p2|Farigiraf, L50, F|\n|poke|p2|Goodra, L50, F|\n|poke|p2|Gastrodon, L50, F|\n|poke|p2|Luxray, L50, F|\n|poke|p2|Tinkaton, L50, F|\n|teampreview|4\n|\n|t:|1683413076\n|start\n|switch|p1a: Tyranitar|Tyranitar, L50, F|100\/100\n|switch|p1b: Gastrodon|Gastrodon, L50, F|100\/100\n|switch|p2a: Luxray|Luxray, L50, F|100\/100\n|switch|p2b: Goodra|Goodra, L50, F|100\/100\n|-ability|p2a: Luxray|Intimidate|boost\n|-unboost|p1a: Tyranitar|atk|1\n|-unboost|p1b: Gastrodon|atk|1\n|-item|p2a: Luxray|Air Balloon\n|-weather|Sandstorm|[from] ability: Sand Stream|[of] p1a: Tyranitar\n|turn|1\n|\n|t:|1683413120\n|move|p2b: Goodra|Dragon Pulse|p1b: Gastrodon\n|-damage|p1b: Gastrodon|67\/100\n|move|p2a: Luxray|Play Rough|p1a: Tyranitar\n|-supereffective|p1a: Tyranitar\n|-damage|p1a: Tyranitar|46\/100\n|move|p1a: Tyranitar|Rock Slide|p2b: Goodra|[spread] p2a\n|-miss|p1a: Tyranitar|p2b: Goodra\n|-damage|p2a: Luxray|76\/100\n|-enditem|p2a: Luxray|Air Balloon\n|move|p1b: Gastrodon|Earth Power|p2a: Luxray\n|-supereffective|p2a: Luxray\n|-damage|p2a: Luxray|0 fnt\n|faint|p2a: Luxray\n|\n|-weather|Sandstorm|[upkeep]\n|-damage|p2b: Goodra|94\/100|[from] Sandstorm\n|upkeep\n|\n|t:|1683413138\n|switch|p2a: Breloom|Breloom, L50, F|100\/100\n|turn|2\n|\n|t:|1683413172\n|switch|p1b: Arcanine|Arcanine, L50, F|100\/100\n|-ability|p1b: Arcanine|Intimidate|boost\n|-unboost|p2a: Breloom|atk|1\n|-unboost|p2b: Goodra|atk|1\n|move|p2a: Breloom|Bullet Seed|p1b: Arcanine\n|-resisted|p1b: Arcanine\n|-damage|p1b: Arcanine|94\/100\n|-resisted|p1b: Arcanine\n|-damage|p1b: Arcanine|88\/100\n|-resisted|p1b: Arcanine\n|-damage|p1b: Arcanine|82\/100\n|-hitcount|p1b: Arcanine|3\n|move|p2b: Goodra|Ice Beam|p1a: Tyranitar\n|-damage|p1a: Tyranitar|37\/100\n|move|p1a: Tyranitar|Rock Slide|p2a: Breloom|[spread] p2a,p2b\n|-resisted|p2a: Breloom\n|-damage|p2a: Breloom|83\/100\n|-damage|p2b: Goodra|70\/100\n|\n|-weather|Sandstorm|[upkeep]\n|-damage|p2a: Breloom|77\/100|[from] Sandstorm\n|-damage|p2b: Goodra|64\/100|[from] Sandstorm\n|upkeep\n|turn|3\n|\n|t:|1683413199\n|switch|p2a: Gastrodon|Gastrodon, L50, F|100\/100\n|move|p1b: Arcanine|Flare Blitz|p2a: Gastrodon\n|-resisted|p2a: Gastrodon\n|-damage|p2a: Gastrodon|77\/100\n|-damage|p1b: Arcanine|73\/100|[from] Recoil\n|move|p2b: Goodra|Surf|p1a: Tyranitar|[spread] p1a,p1b\n|-ability|p2a: Gastrodon|Storm Drain|boost\n|-boost|p2a: Gastrodon|spa|1\n|-supereffective|p1a: Tyranitar\n|-supereffective|p1b: Arcanine\n|-damage|p1a: Tyranitar|23\/100\n|-damage|p1b: Arcanine|37\/100\n|move|p1a: Tyranitar|Rock Tomb|p2b: Goodra\n|-damage|p2b: Goodra|36\/100\n|-unboost|p2b: Goodra|spe|1\n|\n|-weather|Sandstorm|[upkeep]\n|-damage|p2b: Goodra|30\/100|[from] Sandstorm\n|upkeep\n|turn|4\n|\n|t:|1683413225\n|switch|p1a: Gastrodon|Gastrodon, L50, F|67\/100\n|move|p1b: Arcanine|Snarl|p2b: Goodra|[spread] p2a,p2b\n|-damage|p2a: Gastrodon|69\/100\n|-damage|p2b: Goodra|27\/100\n|-unboost|p2a: Gastrodon|spa|1\n|-unboost|p2b: Goodra|spa|1\n|move|p2b: Goodra|Surf|p1a: Gastrodon|[spread] p1b\n|-ability|p2a: Gastrodon|Storm Drain|boost\n|-boost|p2a: Gastrodon|spa|1\n|-ability|p1a: Gastrodon|Storm Drain|boost\n|-boost|p1a: Gastrodon|spa|1\n|-supereffective|p1b: Arcanine\n|-damage|p1b: Arcanine|14\/100\n|move|p2a: Gastrodon|Muddy Water|p1b: Arcanine|[spread] p1b\n|-ability|p1a: Gastrodon|Storm Drain|boost\n|-boost|p1a: Gastrodon|spa|1\n|-supereffective|p1b: Arcanine\n|-damage|p1b: Arcanine|0 fnt\n|faint|p1b: Arcanine\n|\n|-weather|Sandstorm|[upkeep]\n|-damage|p2b: Goodra|21\/100|[from] Sandstorm\n|upkeep\n|\n|t:|1683413245\n|switch|p1b: Dragonite|Dragonite, L50, M|100\/100\n|turn|5\n|\n|t:|1683413259\n|-terastallize|p1b: Dragonite|Normal\n|move|p1b: Dragonite|Extreme Speed|p2a: Gastrodon\n|-damage|p2a: Gastrodon|8\/100\n|-enditem|p2a: Gastrodon|Aguav Berry|[eat]\n|-heal|p2a: Gastrodon|41\/100|[from] item: Aguav Berry\n|move|p2b: Goodra|Dragon Pulse|p1b: Dragonite\n|-damage|p1b: Dragonite|89\/100\n|move|p2a: Gastrodon|Ice Beam|p1b: Dragonite\n|-damage|p1b: Dragonite|56\/100\n|move|p1a: Gastrodon|Earth Power|p2b: Goodra\n|-damage|p2b: Goodra|0 fnt\n|faint|p2b: Goodra\n|\n|-weather|none\n|upkeep\n|\n|t:|1683413273\n|switch|p2b: Breloom|Breloom, L50, F|77\/100\n|turn|6\n|\n|t:|1683413290\n|move|p1b: Dragonite|Extreme Speed|p2b: Breloom\n|-damage|p2b: Breloom|0 fnt\n|faint|p2b: Breloom\n|move|p2a: Gastrodon|Earth Power|p1b: Dragonite\n|-damage|p1b: Dragonite|2\/100\n|move|p1a: Gastrodon|Clear Smog|p2a: Gastrodon\n|-resisted|p2a: Gastrodon\n|-damage|p2a: Gastrodon|28\/100\n|-clearboost|p2a: Gastrodon\n|\n|upkeep\n|turn|7\n|\n|t:|1683413319\n|move|p1b: Dragonite|Extreme Speed|p2a: Gastrodon\n|-damage|p2a: Gastrodon|0 fnt\n|faint|p2a: Gastrodon\n|\n|win|Xalvadore\n|raw|Xalvadore's rating: 1156 → 1179<\/strong> (+23 for winning)\n|raw|luigi200210's rating: 1123 → 1100<\/strong> (-23 for losing)\n|c|\u2606Xalvadore|gg\n","uploadtime":1683413327,"views":7,"p1id":"xalvadore","p2id":"luigi200210","formatid":"gen9vgc2023regulationc","rating":1100,"private":0,"password":""}