{"id":"gen9vgc2023regulationc-1851769596","p1":"benutzdeindeo","p2":"DuelLuna","format":"[Gen 9] VGC 2023 Regulation C","log":"|j|\u2606benutzdeindeo\n|j|\u2606DuelLuna\n|t:|1682480754\n|gametype|doubles\n|player|p1|benutzdeindeo|2|1588\n|player|p2|DuelLuna|caitlin|1499\n|teamsize|p1|6\n|teamsize|p2|6\n|gen|9\n|tier|[Gen 9] VGC 2023 Regulation C\n|rated|\n|rule|Species Clause: Limit one of each Pok\u00e9mon\n|rule|Item Clause: Limit one of each item\n|clearpoke\n|poke|p1|Gyarados, L50, M|\n|poke|p1|Flutter Mane, L50|\n|poke|p1|Orthworm, L50, F|\n|poke|p1|Ting-Lu, L50|\n|poke|p1|Ceruledge, L50, F|\n|poke|p1|Amoonguss, L50, M|\n|poke|p2|Gholdengo, L50|\n|poke|p2|Maushold, L50|\n|poke|p2|Iron Bundle, L50|\n|poke|p2|Garchomp, L50, M|\n|poke|p2|Talonflame, L50, M|\n|poke|p2|Iron Hands, L50|\n|teampreview|4\nDuelLuna has agreed to open team sheets.\n|inactive|Battle timer is ON: inactive players will automatically lose when time's up. (requested by DuelLuna)\n|\n|t:|1682480806\n|start\n|switch|p1a: Ting-Lu|Ting-Lu, L50|100\/100\n|switch|p1b: Orthworm|Orthworm, L50, F|100\/100\n|switch|p2a: Bolt the birb|Talonflame, L50, M|100\/100\n|switch|p2b: Birdy G|Iron Hands, L50|100\/100\n|-ability|p1a: Ting-Lu|Vessel of Ruin\n|turn|1\n|\n|t:|1682480823\n|move|p2b: Birdy G|Fake Out|p1a: Ting-Lu\n|-damage|p1a: Ting-Lu|92\/100\n|move|p2a: Bolt the birb|Taunt|p1b: Orthworm\n|-start|p1b: Orthworm|move: Taunt\n|cant|p1a: Ting-Lu|flinch\n|cant|p1b: Orthworm|move: Taunt|Iron Defense\n|\n|upkeep\n|turn|2\n|\n|t:|1682480839\n|switch|p1b: Ceruledge|Ceruledge, L50, F|100\/100\n|move|p2a: Bolt the birb|Brave Bird|p1a: Ting-Lu\n|-damage|p1a: Ting-Lu|66\/100\n|-damage|p2a: Bolt the birb|87\/100|[from] Recoil\n|move|p1a: Ting-Lu|Rock Slide|p2b: Birdy G|[spread] p2a,p2b\n|-supereffective|p2a: Bolt the birb\n|-resisted|p2b: Birdy G\n|-damage|p2a: Bolt the birb|0 fnt\n|-damage|p2b: Birdy G|92\/100\n|faint|p2a: Bolt the birb\n|move|p2b: Birdy G|Close Combat|p1a: Ting-Lu\n|-supereffective|p1a: Ting-Lu\n|-damage|p1a: Ting-Lu|0 fnt\n|-unboost|p2b: Birdy G|def|1\n|-unboost|p2b: Birdy G|spd|1\n|faint|p1a: Ting-Lu\n|\n|upkeep\n|\n|t:|1682480861\n|switch|p2a: Gold OS|Gholdengo, L50|100\/100\n|switch|p1a: Orthworm|Orthworm, L50, F|100\/100\n|turn|3\n|\n|t:|1682480886\n|-terastallize|p2a: Gold OS|Water\n|move|p2a: Gold OS|Nasty Plot|p2a: Gold OS\n|-boost|p2a: Gold OS|spa|2\n|move|p1b: Ceruledge|Bitter Blade|p2b: Birdy G\n|-damage|p2b: Birdy G|47\/100\n|move|p1a: Orthworm|Shed Tail|p1a: Orthworm\n|-start|p1a: Orthworm|Substitute|[from] move: Shed Tail\n|-damage|p1a: Orthworm|50\/100\n|-enditem|p1a: Orthworm|Sitrus Berry|[eat]\n|-heal|p1a: Orthworm|75\/100|[from] item: Sitrus Berry\n|\n|t:|1682480897\n|switch|p1a: Flutter Mane|Flutter Mane, L50|100\/100|[from] Shed Tail\n|move|p2b: Birdy G|Close Combat|p1a: Flutter Mane\n|-immune|p1a: Flutter Mane\n|\n|upkeep\n|turn|4\n|\n|t:|1682480921\n|-terastallize|p1b: Ceruledge|Grass\n|move|p1a: Flutter Mane|Dazzling Gleam|p2a: Gold OS|[spread] p2a,p2b\n|-supereffective|p2b: Birdy G\n|-damage|p2a: Gold OS|50\/100\n|-damage|p2b: Birdy G|0 fnt\n|faint|p2b: Birdy G\n|-end|p2b: Birdy G|Quark Drive|[silent]\n|move|p2a: Gold OS|Make It Rain|p1b: Ceruledge|[spread] p1a,p1b\n|-supereffective|p1a: Flutter Mane\n|-end|p1a: Flutter Mane|Substitute\n|-damage|p1b: Ceruledge|45\/100\n|-unboost|p2a: Gold OS|spa|1\n|move|p1b: Ceruledge|Tera Blast|p2a: Gold OS\n|-supereffective|p2a: Gold OS\n|-damage|p2a: Gold OS|0 fnt\n|faint|p2a: Gold OS\n|\n|upkeep\n|\n|t:|1682480928\n|switch|p2b: Ordinance|Iron Bundle, L50|100\/100\n|-enditem|p2b: Ordinance|Booster Energy\n|-activate|p2b: Ordinance|ability: Quark Drive|[fromitem]\n|-start|p2b: Ordinance|quarkdrivespe\n|turn|5\n|\n|t:|1682480945\n|move|p2b: Ordinance|Hydro Pump|p1a: Flutter Mane\n|-damage|p1a: Flutter Mane|52\/100\n|move|p1a: Flutter Mane|Dazzling Gleam|p2b: Ordinance\n|-damage|p2b: Ordinance|0 fnt\n|faint|p2b: Ordinance\n|-end|p2b: Ordinance|Quark Drive|[silent]\n|\n|win|benutzdeindeo\n|raw|benutzdeindeo's rating: 1588 → 1603<\/strong> (+15 for winning)\n|raw|DuelLuna's rating: 1499 → 1484<\/strong> (-15 for losing)\n","uploadtime":1682480951,"views":26,"p1id":"benutzdeindeo","p2id":"duelluna","formatid":"gen9vgc2023regulationc","rating":1484,"private":0,"password":""}