{"id":"gen9vgc2023regulationc-1854231907","p1":"VyCanisMajoris3","p2":"ranger19","format":"[Gen 9] VGC 2023 Regulation C","log":"|j|\u2606VyCanisMajoris3\n|j|\u2606ranger19\n|t:|1682786483\n|gametype|doubles\n|player|p1|VyCanisMajoris3|cyrus|1087\n|player|p2|ranger19|170|1085\n|teamsize|p1|6\n|teamsize|p2|6\n|gen|9\n|tier|[Gen 9] VGC 2023 Regulation C\n|rated|\n|rule|Species Clause: Limit one of each Pok\u00e9mon\n|rule|Item Clause: Limit one of each item\n|clearpoke\n|poke|p1|Dondozo, L50, M|\n|poke|p1|Tatsugiri, L50, F|\n|poke|p1|Arcanine, L50, F|\n|poke|p1|Annihilape, L50, F|\n|poke|p1|Flamigo, L50, M|\n|poke|p1|Chien-Pao, L50|\n|poke|p2|Breloom, L50, F|\n|poke|p2|Flutter Mane, L50|\n|poke|p2|Ting-Lu, L50|\n|poke|p2|Palafin, L50, F|\n|poke|p2|Tinkaton, L50, F|\n|poke|p2|Talonflame, L50, F|\n|teampreview|4\n|\n|t:|1682786511\n|start\n|switch|p1a: Tatsugiri|Tatsugiri, L50, F|100\/100\n|switch|p1b: Arcanine|Arcanine, L50, F|100\/100\n|switch|p2a: Breloom|Breloom, L50, F|100\/100\n|switch|p2b: Tinkaton|Tinkaton, L50, F|100\/100\n|-ability|p2b: Tinkaton|Mold Breaker\n|-item|p2b: Tinkaton|Air Balloon\n|-ability|p1b: Arcanine|Intimidate|boost\n|-unboost|p2a: Breloom|atk|1\n|-unboost|p2b: Tinkaton|atk|1\n|turn|1\n|\n|t:|1682786548\n|switch|p2a: Talonflame|Talonflame, L50, F|100\/100\n|move|p1b: Arcanine|Protect|p1b: Arcanine\n|-singleturn|p1b: Arcanine|Protect\n|move|p2b: Tinkaton|Fake Out|p1b: Arcanine\n|-activate|p1b: Arcanine|move: Protect\n|move|p1a: Tatsugiri|Substitute|p1a: Tatsugiri\n|-start|p1a: Tatsugiri|Substitute\n|-damage|p1a: Tatsugiri|76\/100\n|\n|-status|p1a: Tatsugiri|tox|[from] item: Toxic Orb\n|upkeep\n|turn|2\n|\n|t:|1682786581\n|switch|p2b: Breloom|Breloom, L50, F|100\/100\n|move|p2a: Talonflame|Tailwind|p2a: Talonflame\n|-sidestart|p2: ranger19|move: Tailwind\n|move|p1a: Tatsugiri|Icy Wind|p2b: Breloom|[spread] p2a,p2b\n|-supereffective|p2b: Breloom\n|-damage|p2a: Talonflame|83\/100\n|-damage|p2b: Breloom|57\/100\n|-unboost|p2b: Breloom|spe|1\n|move|p1b: Arcanine|Flare Blitz|p2b: Breloom\n|-supereffective|p2b: Breloom\n|-damage|p2b: Breloom|0 fnt\n|faint|p2b: Breloom\n|-damage|p1b: Arcanine|88\/100|[from] Recoil\n|\n|-damage|p1a: Tatsugiri|70\/100 tox|[from] psn\n|upkeep\n|\n|t:|1682786598\n|switch|p2b: Flutter Mane|Flutter Mane, L50|100\/100\n|-enditem|p2b: Flutter Mane|Booster Energy\n|-activate|p2b: Flutter Mane|ability: Protosynthesis|[fromitem]\n|-start|p2b: Flutter Mane|protosynthesisspe\n|turn|3\n|\n|t:|1682786617\n|move|p1b: Arcanine|Protect|p1b: Arcanine\n|-singleturn|p1b: Arcanine|Protect\n|move|p2b: Flutter Mane|Moonblast|p1a: Tatsugiri\n|-supereffective|p1a: Tatsugiri\n|-crit|p1a: Tatsugiri\n|-end|p1a: Tatsugiri|Substitute\n|move|p2a: Talonflame|Brave Bird|p1a: Tatsugiri\n|-damage|p1a: Tatsugiri|1\/100 tox\n|-damage|p2a: Talonflame|57\/100|[from] Recoil\n|move|p1a: Tatsugiri|Icy Wind|p2b: Flutter Mane|[spread] p2a,p2b\n|-damage|p2a: Talonflame|38\/100\n|-damage|p2b: Flutter Mane|89\/100\n|-unboost|p2b: Flutter Mane|spe|1\n|\n|-damage|p1a: Tatsugiri|0 fnt|[from] psn\n|faint|p1a: Tatsugiri\n|upkeep\n|\n|t:|1682786634\n|switch|p1a: Dondozo|Dondozo, L50, M|100\/100\n|turn|4\n|\n|t:|1682786645\n|move|p2b: Flutter Mane|Protect|p2b: Flutter Mane\n|-singleturn|p2b: Flutter Mane|Protect\n|move|p2a: Talonflame|Brave Bird|p1b: Arcanine\n|-damage|p1b: Arcanine|27\/100\n|-damage|p2a: Talonflame|21\/100|[from] item: Rocky Helmet|[of] p1b: Arcanine\n|-damage|p2a: Talonflame|0 fnt|[from] Recoil\n|faint|p2a: Talonflame\n|move|p1b: Arcanine|Snarl|p2b: Flutter Mane\n|-activate|p2b: Flutter Mane|move: Protect\n|move|p1a: Dondozo|Liquidation|p2b: Flutter Mane\n|-activate|p2b: Flutter Mane|move: Protect\n|\n|upkeep\n|\n|t:|1682786658\n|switch|p2a: Tinkaton|Tinkaton, L50, F|100\/100\n|-ability|p2a: Tinkaton|Mold Breaker\n|-item|p2a: Tinkaton|Air Balloon\n|turn|5\n|\n|t:|1682786685\n|move|p1b: Arcanine|Protect|p1b: Arcanine\n|-singleturn|p1b: Arcanine|Protect\n|move|p2a: Tinkaton|Fake Out|p1a: Dondozo\n|-damage|p1a: Dondozo|93\/100\n|move|p2b: Flutter Mane|Dazzling Gleam|p1a: Dondozo|[spread] p1a\n|-activate|p1b: Arcanine|move: Protect\n|-damage|p1a: Dondozo|59\/100\n|cant|p1a: Dondozo|flinch\n|\n|-heal|p1a: Dondozo|65\/100|[from] item: Leftovers\n|-sideend|p2: ranger19|move: Tailwind\n|upkeep\n|turn|6\n|\n|t:|1682786737\n|move|p2b: Flutter Mane|Dazzling Gleam|p1a: Dondozo|[spread] p1a,p1b\n|-resisted|p1b: Arcanine\n|-damage|p1a: Dondozo|32\/100\n|-damage|p1b: Arcanine|8\/100\n|move|p2a: Tinkaton|Gigaton Hammer|p1b: Arcanine\n|-resisted|p1b: Arcanine\n|-damage|p1b: Arcanine|0 fnt\n|faint|p1b: Arcanine\n|move|p1a: Dondozo|Earthquake|p2a: Tinkaton|[spread] p2b\n|-immune|p2a: Tinkaton\n|-damage|p2b: Flutter Mane|36\/100\n|\n|-heal|p1a: Dondozo|38\/100|[from] item: Leftovers\n|upkeep\n|\n|t:|1682786748\n|switch|p1b: Flamigo|Flamigo, L50, M|100\/100\n|-copyboost|p1b: Flamigo|p1a: Dondozo|[from] ability: Costar\n|turn|7\n|\n|t:|1682786781\n|move|p2a: Tinkaton|Feint|p1b: Flamigo\n|-damage|p1b: Flamigo|92\/100\n|move|p2b: Flutter Mane|Moonblast|p1b: Flamigo\n|-supereffective|p1b: Flamigo\n|-damage|p1b: Flamigo|0 fnt\n|faint|p1b: Flamigo\n|move|p1a: Dondozo|Earthquake|p2b: Flutter Mane|[spread] p2b\n|-immune|p2a: Tinkaton\n|-crit|p2b: Flutter Mane\n|-damage|p2b: Flutter Mane|0 fnt\n|faint|p2b: Flutter Mane\n|-end|p2b: Flutter Mane|Protosynthesis|[silent]\n|\n|-heal|p1a: Dondozo|44\/100|[from] item: Leftovers\n|upkeep\n|turn|8\n|\n|t:|1682786799\n|move|p1a: Dondozo|Protect|p1a: Dondozo\n|-singleturn|p1a: Dondozo|Protect\n|move|p2a: Tinkaton|Gigaton Hammer|p1a: Dondozo\n|-activate|p1a: Dondozo|move: Protect\n|\n|-heal|p1a: Dondozo|50\/100|[from] item: Leftovers\n|upkeep\n|turn|9\n|\n|t:|1682786814\n|move|p2a: Tinkaton|Protect|p2a: Tinkaton\n|-singleturn|p2a: Tinkaton|Protect\n|move|p1a: Dondozo|Liquidation|p2a: Tinkaton\n|-activate|p2a: Tinkaton|move: Protect\n|\n|-heal|p1a: Dondozo|57\/100|[from] item: Leftovers\n|upkeep\n|turn|10\n|\n|t:|1682786823\n|move|p2a: Tinkaton|Feint|p1a: Dondozo\n|-damage|p1a: Dondozo|51\/100\n|move|p1a: Dondozo|Liquidation|p2a: Tinkaton\n|-damage|p2a: Tinkaton|45\/100\n|-enditem|p2a: Tinkaton|Air Balloon\n|\n|-heal|p1a: Dondozo|58\/100|[from] item: Leftovers\n|upkeep\n|turn|11\n|\n|t:|1682786832\n|move|p1a: Dondozo|Protect|p1a: Dondozo\n|-singleturn|p1a: Dondozo|Protect\n|move|p2a: Tinkaton|Gigaton Hammer|p1a: Dondozo\n|-activate|p1a: Dondozo|move: Protect\n|\n|-heal|p1a: Dondozo|64\/100|[from] item: Leftovers\n|upkeep\n|turn|12\n|-message|ranger19 forfeited.\n|\n|win|VyCanisMajoris3\n|raw|VyCanisMajoris3's rating: 1087 → 1114<\/strong> (+27 for winning)\n|raw|ranger19's rating: 1085 → 1062<\/strong> (-23 for losing)\n|l|\u2606ranger19\n","uploadtime":1682786846,"views":18,"p1id":"vycanismajoris3","p2id":"ranger19","formatid":"gen9vgc2023regulationc","rating":1062,"private":0,"password":""}