{"id":"gen9vgc2023regulationc-1849971366","p1":"JassonFan","p2":"fdtf v","format":"[Gen 9] VGC 2023 Regulation C","log":"|j|\u2606JassonFan\n|j|\u2606fdtf v\n|t:|1682273625\n|gametype|doubles\n|player|p1|JassonFan|unknownf|1121\n|player|p2|fdtf v|266|1040\n|teamsize|p1|6\n|teamsize|p2|6\n|gen|9\n|tier|[Gen 9] VGC 2023 Regulation C\n|rated|\n|rule|Species Clause: Limit one of each Pok\u00e9mon\n|rule|Item Clause: Limit one of each item\n|clearpoke\n|poke|p1|Amoonguss, L50, M|\n|poke|p1|Palafin, L50, M|\n|poke|p1|Arcanine, L50, F|\n|poke|p1|Flutter Mane, L50|\n|poke|p1|Ting-Lu, L50|\n|poke|p1|Kingambit, L50, M|\n|poke|p2|Flutter Mane, L50|\n|poke|p2|Palafin, L50, M|\n|poke|p2|Arcanine, L50, F|\n|poke|p2|Amoonguss, L50, M|\n|poke|p2|Ting-Lu, L50|\n|poke|p2|Dragonite, L50, F|\n|teampreview|4\n|inactive|Battle timer is ON: inactive players will automatically lose when time's up. (requested by JassonFan)\n|inactive|JassonFan has 60 seconds left.\n|\n|t:|1682273668\n|start\n|switch|p1a: Wobble|Arcanine, L50, F|100\/100\n|switch|p1b: BadGuy|Kingambit, L50, M|100\/100\n|switch|p2a: Palafin|Palafin, L50, M|100\/100\n|switch|p2b: Amoonguss|Amoonguss, L50, M|100\/100\n|-ability|p1a: Wobble|Intimidate|boost\n|-unboost|p2a: Palafin|atk|1\n|-unboost|p2b: Amoonguss|atk|1\n|turn|1\n|\n|t:|1682273681\n|detailschange|p2a: Palafin|Palafin-Hero, L50, M\n|switch|p2a: Flutter Mane|Flutter Mane, L50|100\/100\n|-enditem|p2a: Flutter Mane|Booster Energy\n|-activate|p2a: Flutter Mane|ability: Protosynthesis|[fromitem]\n|-start|p2a: Flutter Mane|protosynthesisspa\n|-terastallize|p2b: Amoonguss|Water\n|move|p1a: Wobble|Howl|p1a: Wobble|[spread] p1a,p1b\n|-boost|p1a: Wobble|atk|1\n|-boost|p1b: BadGuy|atk|1\n|move|p1b: BadGuy|Swords Dance|p1b: BadGuy\n|-boost|p1b: BadGuy|atk|2\n|move|p2b: Amoonguss|Spore|p1b: BadGuy\n|-status|p1b: BadGuy|slp|[from] move: Spore\n|\n|upkeep\n|turn|2\n|inactive|JassonFan has 30 seconds left.\n|inactive|fdtf v has 30 seconds left.\n|\n|t:|1682273713\n|switch|p1a: Whisper|Amoonguss, L50, M|100\/100\n|switch|p2b: Arcanine|Arcanine, L50, F|100\/100\n|-ability|p2b: Arcanine|Intimidate|boost\n|-unboost|p1a: Whisper|atk|1\n|-unboost|p1b: BadGuy|atk|1\n|-ability|p1b: BadGuy|Defiant|boost\n|-boost|p1b: BadGuy|atk|2\n|cant|p1b: BadGuy|slp\n|move|p2a: Flutter Mane|Moonblast|p1b: BadGuy\n|-damage|p1b: BadGuy|42\/100 slp\n|-unboost|p1b: BadGuy|spa|1\n|-ability|p1b: BadGuy|Defiant|boost\n|-boost|p1b: BadGuy|atk|2\n|\n|upkeep\n|turn|3\n|inactive|JassonFan has 30 seconds left.\n|inactive|JassonFan has 20 seconds left.\n|inactive|JassonFan has 15 seconds left.\n|inactive|JassonFan has 10 seconds left.\n|\n|t:|1682273762\n|move|p1a: Whisper|Rage Powder|p1a: Whisper\n|-singleturn|p1a: Whisper|move: Rage Powder\n|move|p2a: Flutter Mane|Dazzling Gleam|p1b: BadGuy|[spread] p1a,p1b\n|-resisted|p1a: Whisper\n|-damage|p1a: Whisper|87\/100\n|-damage|p1b: BadGuy|6\/100 slp\n|move|p2b: Arcanine|Flare Blitz|p1a: Whisper\n|-supereffective|p1a: Whisper\n|-damage|p1a: Whisper|0 fnt\n|-damage|p2b: Arcanine|84\/100|[from] item: Rocky Helmet|[of] p1a: Whisper\n|faint|p1a: Whisper\n|-damage|p2b: Arcanine|52\/100|[from] Recoil\n|cant|p1b: BadGuy|slp\n|\n|upkeep\n|\n|t:|1682273778\n|switch|p1a: GrimReaper|Flutter Mane, L50|100\/100\n|-enditem|p1a: GrimReaper|Booster Energy\n|-activate|p1a: GrimReaper|ability: Protosynthesis|[fromitem]\n|-start|p1a: GrimReaper|protosynthesisspe\n|turn|4\n|\n|t:|1682273792\n|move|p2a: Flutter Mane|Protect|p2a: Flutter Mane\n|-singleturn|p2a: Flutter Mane|Protect\n|move|p2b: Arcanine|Extreme Speed|p1b: BadGuy\n|-resisted|p1b: BadGuy\n|-damage|p1b: BadGuy|0 fnt\n|faint|p1b: BadGuy\n|move|p1a: GrimReaper|Shadow Ball|p2b: Arcanine\n|-damage|p2b: Arcanine|9\/100\n|-unboost|p2b: Arcanine|spd|1\n|-enditem|p2b: Arcanine|Mago Berry|[eat]\n|-heal|p2b: Arcanine|42\/100|[from] item: Mago Berry\n|\n|upkeep\n|\n|t:|1682273795\n|switch|p1b: Wobble|Arcanine, L50, F|100\/100\n|-ability|p1b: Wobble|Intimidate|boost\n|-unboost|p2a: Flutter Mane|atk|1\n|-unboost|p2b: Arcanine|atk|1\n|turn|5\n|inactive|JassonFan has 30 seconds left.\n|inactive|fdtf v has 30 seconds left.\n|inactive|JassonFan has 20 seconds left.\n|inactive|JassonFan has 15 seconds left.\n|inactive|JassonFan has 10 seconds left.\n|\n|t:|1682273844\n|switch|p2b: Amoonguss|Amoonguss, L50, M, tera:Water|100\/100\n|-terastallize|p1a: GrimReaper|Fairy\n|move|p1b: Wobble|Extreme Speed|p2b: Amoonguss\n|-damage|p2b: Amoonguss|78\/100\n|move|p1a: GrimReaper|Moonblast|p2a: Flutter Mane\n|-damage|p2a: Flutter Mane|42\/100\n|-unboost|p2a: Flutter Mane|spa|1\n|move|p2a: Flutter Mane|Shadow Ball|p1a: GrimReaper\n|-damage|p1a: GrimReaper|67\/100\n|\n|upkeep\n|turn|6\n|inactive|JassonFan has 30 seconds left.\n|inactive|fdtf v has 30 seconds left.\n|\n|t:|1682273870\n|-end|p2a: Flutter Mane|Protosynthesis|[silent]\n|switch|p2a: Arcanine|Arcanine, L50, F|42\/100\n|-ability|p2a: Arcanine|Intimidate|boost\n|-unboost|p1a: GrimReaper|atk|1\n|-unboost|p1b: Wobble|atk|1\n|move|p1a: GrimReaper|Protect|p1a: GrimReaper\n|-singleturn|p1a: GrimReaper|Protect\n|move|p2b: Amoonguss|Protect|p2b: Amoonguss\n|-singleturn|p2b: Amoonguss|Protect\n|move|p1b: Wobble|Flare Blitz|p2a: Arcanine\n|-resisted|p2a: Arcanine\n|-damage|p2a: Arcanine|23\/100\n|-damage|p1b: Wobble|93\/100|[from] Recoil\n|\n|upkeep\n|turn|7\n|inactive|JassonFan has 30 seconds left.\n|\n|t:|1682273900\n|move|p1b: Wobble|Extreme Speed|p2b: Amoonguss\n|-damage|p2b: Amoonguss|63\/100\n|move|p2b: Amoonguss|Rage Powder|p2b: Amoonguss\n|-singleturn|p2b: Amoonguss|move: Rage Powder\n|move|p1a: GrimReaper|Dazzling Gleam|p2a: Arcanine|[spread] p2a,p2b\n|-resisted|p2a: Arcanine\n|-damage|p2a: Arcanine|0 fnt\n|-damage|p2b: Amoonguss|24\/100\n|-enditem|p2b: Amoonguss|Sitrus Berry|[eat]\n|-heal|p2b: Amoonguss|49\/100|[from] item: Sitrus Berry\n|faint|p2a: Arcanine\n|\n|upkeep\n|\n|t:|1682273914\n|switch|p2a: Palafin|Palafin-Hero, L50, M|100\/100\n|-activate|p2a: Palafin|ability: Zero to Hero\n|turn|8\n|\n|t:|1682273925\n|move|p1a: GrimReaper|Protect|p1a: GrimReaper\n|-singleturn|p1a: GrimReaper|Protect\n|move|p2a: Palafin|Protect|p2a: Palafin\n|-singleturn|p2a: Palafin|Protect\n|move|p2b: Amoonguss|Protect|p2b: Amoonguss\n|-singleturn|p2b: Amoonguss|Protect\n|move|p1b: Wobble|Will-O-Wisp|p2b: Amoonguss\n|-activate|p2b: Amoonguss|move: Protect\n|\n|upkeep\n|turn|9\n|\n|t:|1682273943\n|move|p1a: GrimReaper|Protect||[still]\n|-fail|p1a: GrimReaper\n|move|p2b: Amoonguss|Rage Powder|p2b: Amoonguss\n|-singleturn|p2b: Amoonguss|move: Rage Powder\n|move|p2a: Palafin|Jet Punch|p1a: GrimReaper\n|-damage|p1a: GrimReaper|0 fnt\n|faint|p1a: GrimReaper\n|-end|p1a: GrimReaper|Protosynthesis|[silent]\n|move|p1b: Wobble|Will-O-Wisp|p2a: Palafin\n|-status|p2a: Palafin|brn\n|\n|-damage|p2a: Palafin|95\/100 brn|[from] brn\n|upkeep\n|turn|10\n|-message|JassonFan forfeited.\n|\n|win|fdtf v\n|raw|JassonFan's rating: 1121 → 1090<\/strong> (-31 for losing)\n|raw|fdtf v's rating: 1040 → 1082<\/strong> (+42 for winning)\n|l|\u2606JassonFan\n","uploadtime":1682273972,"views":9,"p1id":"jassonfan","p2id":"fdtfv","formatid":"gen9vgc2023regulationc","rating":1082,"private":0,"password":""}