{"id":"gen9vgc2023regulationc-1852900540","p1":"Kenepa21","p2":"fairynanbawan","format":"[Gen 9] VGC 2023 Regulation C","log":"|j|\u2606Kenepa21\n|j|\u2606fairynanbawan\n|t:|1682615749\n|gametype|doubles\n|player|p1|Kenepa21|169|1494\n|player|p2|fairynanbawan|skierf|1514\n|teamsize|p1|6\n|teamsize|p2|6\n|gen|9\n|tier|[Gen 9] VGC 2023 Regulation C\n|rated|\n|rule|Species Clause: Limit one of each Pok\u00e9mon\n|rule|Item Clause: Limit one of each item\n|clearpoke\n|poke|p1|Chi-Yu, L50|\n|poke|p1|Flutter Mane, L50|\n|poke|p1|Wo-Chien, L50|\n|poke|p1|Glimmora, L50, M|\n|poke|p1|Dondozo, L50, F|\n|poke|p1|Tatsugiri, L50, F|\n|poke|p2|Dachsbun, L50, F|\n|poke|p2|Chi-Yu, L50|\n|poke|p2|Flutter Mane, L50|\n|poke|p2|Gyarados, L50, F|\n|poke|p2|Amoonguss, L50, M|\n|poke|p2|Ting-Lu, L50|\n|teampreview|4\nfairynanbawan rejected open team sheets.\n|inactive|Battle timer is ON: inactive players will automatically lose when time's up. (requested by fairynanbawan)\n|inactive|Kenepa21 has 60 seconds left.\n|\n|t:|1682615829\n|start\n|switch|p1a: Glimmora|Glimmora, L50, M|100\/100\n|switch|p1b: Wo-Chien|Wo-Chien, L50|100\/100\n|switch|p2a: Laika|Dachsbun, L50, F|100\/100\n|switch|p2b: Hotdog|Chi-Yu, L50|100\/100\n|-ability|p2b: Hotdog|Beads of Ruin\n|-ability|p1b: Wo-Chien|Tablets of Ruin\n|turn|1\n|\n|t:|1682615848\n|-terastallize|p2b: Hotdog|Ghost\n|move|p1b: Wo-Chien|Protect|p1b: Wo-Chien\n|-singleturn|p1b: Wo-Chien|Protect\n|move|p2b: Hotdog|Lava Plume|p1b: Wo-Chien|[spread] p1a\n|-activate|p1b: Wo-Chien|move: Protect\n|-ability|p2a: Laika|Well-Baked Body|boost\n|-boost|p2a: Laika|def|2\n|-resisted|p1a: Glimmora\n|-damage|p1a: Glimmora|75\/100\n|move|p1a: Glimmora|Mortal Spin|p2b: Hotdog|[spread] p2a,p2b\n|-supereffective|p2a: Laika\n|-resisted|p2b: Hotdog\n|-damage|p2a: Laika|97\/100\n|-damage|p2b: Hotdog|98\/100\n|-status|p2a: Laika|psn\n|-status|p2b: Hotdog|psn\n|move|p2a: Laika|Body Press|p1b: Wo-Chien\n|-activate|p1b: Wo-Chien|move: Protect\n|\n|-damage|p2b: Hotdog|86\/100 psn|[from] psn\n|-damage|p2a: Laika|85\/100 psn|[from] psn\n|upkeep\n|turn|2\n|\n|t:|1682615874\n|switch|p1a: Dondozo|Dondozo, L50, F|100\/100\n|switch|p1b: Tatsugiri|Tatsugiri, L50, F|100\/100\n|-activate|p1b: Tatsugiri|ability: Commander|[of] p1a: Dondozo\n|-boost|p1a: Dondozo|atk|2\n|-boost|p1a: Dondozo|spa|2\n|-boost|p1a: Dondozo|spe|2\n|-boost|p1a: Dondozo|def|2\n|-boost|p1a: Dondozo|spd|2\n|move|p2b: Hotdog|Lava Plume|p1b: Tatsugiri|[spread] p1a\n|-miss|p2b: Hotdog|p1b: Tatsugiri\n|-ability|p2a: Laika|Well-Baked Body|boost\n|-boost|p2a: Laika|def|2\n|-resisted|p1a: Dondozo\n|-damage|p1a: Dondozo|90\/100\n|-status|p1a: Dondozo|brn\n|move|p2a: Laika|Body Press|p1b: Tatsugiri|[miss]\n|-miss|p2a: Laika|p1b: Tatsugiri\n|\n|-damage|p2b: Hotdog|74\/100 psn|[from] psn\n|-damage|p2a: Laika|72\/100 psn|[from] psn\n|-damage|p1a: Dondozo|84\/100 brn|[from] brn\n|upkeep\n|turn|3\n|\n|t:|1682615894\n|switch|p2b: AirBud|Gyarados, L50, F|100\/100\n|-ability|p2b: AirBud|Intimidate|boost\n|-unboost|p1a: Dondozo|atk|1\n|-unboost|p1b: Tatsugiri|atk|1\n|move|p1a: Dondozo|Earthquake|p2a: Laika|[spread] p2a\n|-miss|p1a: Dondozo|p1b: Tatsugiri\n|-immune|p2b: AirBud\n|-damage|p2a: Laika|56\/100 psn\n|move|p2a: Laika|Wish|p2a: Laika\n|\n|-damage|p2a: Laika|44\/100 psn|[from] psn\n|-damage|p1a: Dondozo|78\/100 brn|[from] brn\n|upkeep\n|turn|4\n|\n|t:|1682615911\n|switch|p2b: Pugsley|Amoonguss, L50, M|100\/100\n|move|p1a: Dondozo|Wave Crash|p2a: Laika\n|-damage|p2a: Laika|5\/100 psn\n|-damage|p1a: Dondozo|69\/100 brn|[from] Recoil\n|move|p2a: Laika|Body Press|p1a: Dondozo\n|-damage|p1a: Dondozo|62\/100 brn\n|\n|-heal|p2a: Laika|55\/100 psn|[from] move: Wish|[wisher] Laika\n|-damage|p2a: Laika|43\/100 psn|[from] psn\n|-damage|p1a: Dondozo|56\/100 brn|[from] brn\n|upkeep\n|turn|5\n|\n|t:|1682615930\n|move|p2a: Laika|Protect|p2a: Laika\n|-singleturn|p2a: Laika|Protect\n|move|p1a: Dondozo|Earthquake|p2a: Laika|[spread] p2b\n|-miss|p1a: Dondozo|p1b: Tatsugiri\n|-activate|p2a: Laika|move: Protect\n|-damage|p2b: Pugsley|88\/100\n|move|p2b: Pugsley|Clear Smog|p1a: Dondozo\n|-damage|p1a: Dondozo|49\/100 brn\n|-clearboost|p1a: Dondozo\n|\n|-damage|p2a: Laika|31\/100 psn|[from] psn\n|-damage|p1a: Dondozo|43\/100 brn|[from] brn\n|upkeep\n|turn|6\n|\n|t:|1682615940\n|move|p2a: Laika|Body Press|p1a: Dondozo\n|-damage|p1a: Dondozo|27\/100 brn\n|move|p1a: Dondozo|Earthquake|p2a: Laika|[spread] p2a,p2b\n|-miss|p1a: Dondozo|p1b: Tatsugiri\n|-damage|p2a: Laika|21\/100 psn\n|-damage|p2b: Pugsley|80\/100\n|move|p2b: Pugsley|Pollen Puff|p2a: Laika\n|-heal|p2a: Laika|71\/100 psn\n|\n|-damage|p2a: Laika|58\/100 psn|[from] psn\n|-damage|p1a: Dondozo|21\/100 brn|[from] brn\n|upkeep\n|turn|7\n|\n|t:|1682615953\n|move|p2a: Laika|Body Press|p1a: Dondozo\n|-damage|p1a: Dondozo|6\/100 brn\n|move|p1a: Dondozo|Earthquake|p2a: Laika|[spread] p2a,p2b\n|-miss|p1a: Dondozo|p1b: Tatsugiri\n|-damage|p2a: Laika|47\/100 psn\n|-damage|p2b: Pugsley|72\/100\n|move|p2b: Pugsley|Pollen Puff|p2a: Laika\n|-heal|p2a: Laika|97\/100 psn\n|\n|-damage|p2a: Laika|85\/100 psn|[from] psn\n|-damage|p1a: Dondozo|0 fnt|[from] brn\n|faint|p1a: Dondozo\n|upkeep\n|\n|t:|1682615960\n|switch|p1a: Wo-Chien|Wo-Chien, L50|100\/100\n|-ability|p1a: Wo-Chien|Tablets of Ruin\n|turn|8\n|\n|t:|1682615976\n|-terastallize|p1a: Wo-Chien|Poison\n|move|p1b: Tatsugiri|Draco Meteor|p2b: Pugsley\n|-damage|p2b: Pugsley|19\/100\n|-unboost|p1b: Tatsugiri|spa|2\n|-enditem|p2b: Pugsley|Sitrus Berry|[eat]\n|-heal|p2b: Pugsley|43\/100|[from] item: Sitrus Berry\n|move|p2a: Laika|Body Press|p1a: Wo-Chien\n|-resisted|p1a: Wo-Chien\n|-damage|p1a: Wo-Chien|83\/100\n|move|p1a: Wo-Chien|Leech Seed|p2a: Laika\n|-start|p2a: Laika|move: Leech Seed\n|move|p2b: Pugsley|Spore|p1b: Tatsugiri\n|-status|p1b: Tatsugiri|slp|[from] move: Spore\n|\n|-heal|p1a: Wo-Chien|89\/100|[from] item: Leftovers\n|-damage|p2a: Laika|73\/100 psn|[from] Leech Seed|[of] p1a: Wo-Chien\n|-heal|p1a: Wo-Chien|99\/100|[silent]\n|-damage|p2a: Laika|61\/100 psn|[from] psn\n|upkeep\n|turn|9\n|\n|t:|1682616000\n|switch|p2b: Hotdog|Chi-Yu, L50, tera:Ghost|74\/100 psn\n|-ability|p2b: Hotdog|Beads of Ruin\n|cant|p1b: Tatsugiri|slp\n|move|p2a: Laika|Body Press|p1b: Tatsugiri\n|-damage|p1b: Tatsugiri|15\/100 slp\n|move|p1a: Wo-Chien|Leech Seed||[still]\n|-fail|p1a: Wo-Chien\n|\n|-heal|p1a: Wo-Chien|100\/100|[from] item: Leftovers\n|-damage|p2a: Laika|49\/100 psn|[from] Leech Seed|[of] p1a: Wo-Chien\n|-damage|p2b: Hotdog|62\/100 psn|[from] psn\n|-damage|p2a: Laika|36\/100 psn|[from] psn\n|upkeep\n|turn|10\n|\n|t:|1682616015\n|move|p2b: Hotdog|Lava Plume|p1b: Tatsugiri|[spread] p1a,p1b\n|-ability|p2a: Laika|Well-Baked Body|boost\n|-boost|p2a: Laika|def|2\n|-resisted|p1b: Tatsugiri\n|-damage|p1a: Wo-Chien|70\/100\n|-damage|p1b: Tatsugiri|0 fnt\n|faint|p1b: Tatsugiri\n|move|p2a: Laika|Wish|p2a: Laika\n|move|p1a: Wo-Chien|Leech Seed|p2b: Hotdog\n|-start|p2b: Hotdog|move: Leech Seed\n|\n|-heal|p1a: Wo-Chien|77\/100|[from] item: Leftovers\n|-damage|p2b: Hotdog|49\/100 psn|[from] Leech Seed|[of] p1a: Wo-Chien\n|-heal|p1a: Wo-Chien|85\/100|[silent]\n|-damage|p2a: Laika|24\/100 psn|[from] Leech Seed|[of] p1a: Wo-Chien\n|-heal|p1a: Wo-Chien|95\/100|[silent]\n|-damage|p2b: Hotdog|37\/100 psn|[from] psn\n|-damage|p2a: Laika|12\/100 psn|[from] psn\n|upkeep\n|\n|t:|1682616029\n|switch|p1b: Glimmora|Glimmora, L50, M|75\/100\n|turn|11\n|\n|t:|1682616044\n|move|p1b: Glimmora|Spiky Shield|p1b: Glimmora\n|-singleturn|p1b: Glimmora|move: Protect\n|move|p2a: Laika|Protect|p2a: Laika\n|-singleturn|p2a: Laika|Protect\n|move|p2b: Hotdog|Lava Plume|p1b: Glimmora|[spread] p1a\n|-activate|p2a: Laika|move: Protect\n|-activate|p1b: Glimmora|move: Protect\n|-damage|p1a: Wo-Chien|66\/100\n|-status|p1a: Wo-Chien|brn\n|move|p1a: Wo-Chien|Foul Play|p2b: Hotdog\n|-supereffective|p2b: Hotdog\n|-damage|p2b: Hotdog|2\/100 psn\n|\n|-heal|p2a: Laika|62\/100 psn|[from] move: Wish|[wisher] Laika\n|-heal|p1a: Wo-Chien|72\/100 brn|[from] item: Leftovers\n|-damage|p2b: Hotdog|0 fnt|[from] Leech Seed|[of] p1a: Wo-Chien\n|-heal|p1a: Wo-Chien|73\/100 brn|[silent]\n|faint|p2b: Hotdog\n|-damage|p2a: Laika|50\/100 psn|[from] Leech Seed|[of] p1a: Wo-Chien\n|-heal|p1a: Wo-Chien|83\/100 brn|[silent]\n|-damage|p2a: Laika|38\/100 psn|[from] psn\n|-damage|p1a: Wo-Chien|77\/100 brn|[from] brn\n|upkeep\n|\n|t:|1682616048\n|switch|p2b: Pugsley|Amoonguss, L50, M|77\/100\n|turn|12\n|\n|t:|1682616072\n|move|p1b: Glimmora|Power Gem|p2a: Laika\n|-damage|p2a: Laika|6\/100 psn\n|move|p2a: Laika|Body Press|p1b: Glimmora\n|-damage|p1b: Glimmora|10\/100\n|-activate|p1b: Glimmora|ability: Toxic Debris\n|-sidestart|p2: fairynanbawan|move: Toxic Spikes\n|-enditem|p1b: Glimmora|Sitrus Berry|[eat]\n|-heal|p1b: Glimmora|35\/100|[from] item: Sitrus Berry\n|move|p1a: Wo-Chien|Pollen Puff|p1b: Glimmora\n|-heal|p1b: Glimmora|85\/100\n|move|p2b: Pugsley|Pollen Puff|p2a: Laika\n|-heal|p2a: Laika|56\/100 psn\n|\n|-heal|p1a: Wo-Chien|83\/100 brn|[from] item: Leftovers\n|-damage|p2a: Laika|44\/100 psn|[from] Leech Seed|[of] p1a: Wo-Chien\n|-heal|p1a: Wo-Chien|94\/100 brn|[silent]\n|-damage|p2a: Laika|32\/100 psn|[from] psn\n|-damage|p1a: Wo-Chien|87\/100 brn|[from] brn\n|upkeep\n|turn|13\n|inactive|Kenepa21 has 30 seconds left.\n|inactive|fairynanbawan has 30 seconds left.\n|inactive|Kenepa21 has 20 seconds left.\n|inactive|Kenepa21 has 15 seconds left.\n|inactive|Kenepa21 has 10 seconds left.\n|\n|t:|1682616121\n|move|p1b: Glimmora|Spiky Shield|p1b: Glimmora\n|-singleturn|p1b: Glimmora|move: Protect\n|move|p1a: Wo-Chien|Protect|p1a: Wo-Chien\n|-singleturn|p1a: Wo-Chien|Protect\n|move|p2a: Laika|Wish|p2a: Laika\n|move|p2b: Pugsley|Pollen Puff|p2a: Laika\n|-heal|p2a: Laika|82\/100 psn\n|\n|-heal|p1a: Wo-Chien|94\/100 brn|[from] item: Leftovers\n|-damage|p2a: Laika|69\/100 psn|[from] Leech Seed|[of] p1a: Wo-Chien\n|-heal|p1a: Wo-Chien|100\/100 brn|[silent]\n|-damage|p2a: Laika|57\/100 psn|[from] psn\n|-damage|p1a: Wo-Chien|94\/100 brn|[from] brn\n|upkeep\n|turn|14\n|\n|t:|1682616138\n|move|p1b: Glimmora|Power Gem|p2a: Laika\n|-damage|p2a: Laika|24\/100 psn\n|move|p2a: Laika|Body Press|p1b: Glimmora\n|-damage|p1b: Glimmora|26\/100\n|-activate|p1b: Glimmora|ability: Toxic Debris\n|-sidestart|p2: fairynanbawan|move: Toxic Spikes\n|move|p1a: Wo-Chien|Pollen Puff|p1b: Glimmora\n|-heal|p1b: Glimmora|76\/100\n|move|p2b: Pugsley|Spore|p1b: Glimmora\n|-status|p1b: Glimmora|slp|[from] move: Spore\n|\n|-heal|p2a: Laika|74\/100 psn|[from] move: Wish|[wisher] Laika\n|-heal|p1a: Wo-Chien|100\/100 brn|[from] item: Leftovers\n|-damage|p2a: Laika|61\/100 psn|[from] Leech Seed|[of] p1a: Wo-Chien\n|-damage|p2a: Laika|49\/100 psn|[from] psn\n|-damage|p1a: Wo-Chien|94\/100 brn|[from] brn\n|upkeep\n|turn|15\n|inactive|Kenepa21 has 30 seconds left.\n|\n|t:|1682616170\n|cant|p1b: Glimmora|slp\n|move|p2a: Laika|Body Press|p1b: Glimmora\n|-damage|p1b: Glimmora|12\/100 slp\n|move|p1a: Wo-Chien|Pollen Puff|p1b: Glimmora\n|-heal|p1b: Glimmora|62\/100 slp\n|move|p2b: Pugsley|Pollen Puff|p2a: Laika\n|-heal|p2a: Laika|99\/100 psn\n|\n|-heal|p1a: Wo-Chien|100\/100 brn|[from] item: Leftovers\n|-damage|p2a: Laika|87\/100 psn|[from] Leech Seed|[of] p1a: Wo-Chien\n|-damage|p2a: Laika|75\/100 psn|[from] psn\n|-damage|p1a: Wo-Chien|94\/100 brn|[from] brn\n|upkeep\n|turn|16\n|\n|t:|1682616190\n|cant|p1b: Glimmora|slp\n|move|p2a: Laika|Body Press|p1b: Glimmora\n|-damage|p1b: Glimmora|2\/100 slp\n|move|p1a: Wo-Chien|Pollen Puff|p2b: Pugsley\n|-damage|p2b: Pugsley|58\/100\n|move|p2b: Pugsley|Pollen Puff|p2a: Laika\n|-heal|p2a: Laika|100\/100 psn\n|\n|-heal|p1a: Wo-Chien|100\/100 brn|[from] item: Leftovers\n|-damage|p2a: Laika|88\/100 psn|[from] Leech Seed|[of] p1a: Wo-Chien\n|-damage|p2a: Laika|76\/100 psn|[from] psn\n|-damage|p1a: Wo-Chien|94\/100 brn|[from] brn\n|upkeep\n|turn|17\n|\n|t:|1682616209\n|-curestatus|p1b: Glimmora|slp|[msg]\n|move|p1b: Glimmora|Power Gem|p2b: Pugsley\n|-crit|p2b: Pugsley\n|-damage|p2b: Pugsley|15\/100\n|move|p2a: Laika|Body Press|p1b: Glimmora\n|-damage|p1b: Glimmora|0 fnt\n|faint|p1b: Glimmora\n|move|p1a: Wo-Chien|Pollen Puff|p2b: Pugsley\n|-damage|p2b: Pugsley|0 fnt\n|faint|p2b: Pugsley\n|\n|-heal|p1a: Wo-Chien|100\/100 brn|[from] item: Leftovers\n|-damage|p2a: Laika|64\/100 psn|[from] Leech Seed|[of] p1a: Wo-Chien\n|-damage|p2a: Laika|52\/100 psn|[from] psn\n|-damage|p1a: Wo-Chien|94\/100 brn|[from] brn\n|upkeep\n|\n|t:|1682616213\n|switch|p2b: AirBud|Gyarados, L50, F|100\/100\n|-ability|p2b: AirBud|Intimidate|boost\n|-unboost|p1a: Wo-Chien|atk|1\n|turn|18\n|\n|t:|1682616224\n|move|p2b: AirBud|Taunt|p1a: Wo-Chien\n|-start|p1a: Wo-Chien|move: Taunt\n|move|p2a: Laika|Wish|p2a: Laika\n|cant|p1a: Wo-Chien|move: Taunt|Leech Seed\n|\n|-heal|p1a: Wo-Chien|100\/100 brn|[from] item: Leftovers\n|-damage|p2a: Laika|40\/100 psn|[from] Leech Seed|[of] p1a: Wo-Chien\n|-damage|p2a: Laika|27\/100 psn|[from] psn\n|-damage|p1a: Wo-Chien|94\/100 brn|[from] brn\n|upkeep\n|turn|19\n|\n|t:|1682616237\n|move|p2a: Laika|Body Press|p1a: Wo-Chien\n|-resisted|p1a: Wo-Chien\n|-damage|p1a: Wo-Chien|69\/100 brn\n|move|p2b: AirBud|Waterfall|p1a: Wo-Chien\n|-damage|p1a: Wo-Chien|43\/100 brn\n|move|p1a: Wo-Chien|Pollen Puff|p2a: Laika\n|-resisted|p2a: Laika\n|-damage|p2a: Laika|19\/100 psn\n|\n|-heal|p2a: Laika|69\/100 psn|[from] move: Wish|[wisher] Laika\n|-heal|p1a: Wo-Chien|49\/100 brn|[from] item: Leftovers\n|-damage|p2a: Laika|57\/100 psn|[from] Leech Seed|[of] p1a: Wo-Chien\n|-heal|p1a: Wo-Chien|59\/100 brn|[silent]\n|-damage|p2a: Laika|44\/100 psn|[from] psn\n|-damage|p1a: Wo-Chien|53\/100 brn|[from] brn\n|upkeep\n|turn|20\n|\n|t:|1682616249\n|move|p2b: AirBud|Waterfall|p1a: Wo-Chien\n|-damage|p1a: Wo-Chien|28\/100 brn\n|move|p2a: Laika|Body Press|p1a: Wo-Chien\n|-resisted|p1a: Wo-Chien\n|-damage|p1a: Wo-Chien|3\/100 brn\n|cant|p1a: Wo-Chien|flinch\n|\n|-heal|p1a: Wo-Chien|9\/100 brn|[from] item: Leftovers\n|-damage|p2a: Laika|32\/100 psn|[from] Leech Seed|[of] p1a: Wo-Chien\n|-heal|p1a: Wo-Chien|19\/100 brn|[silent]\n|-damage|p2a: Laika|20\/100 psn|[from] psn\n|-damage|p1a: Wo-Chien|13\/100 brn|[from] brn\n|-end|p1a: Wo-Chien|move: Taunt\n|upkeep\n|turn|21\n|-message|Kenepa21 forfeited.\n|\n|win|fairynanbawan\n|raw|Kenepa21's rating: 1494 → 1475<\/strong> (-19 for losing)\n|raw|fairynanbawan's rating: 1514 → 1533<\/strong> (+19 for winning)\n|l|\u2606Kenepa21\n","uploadtime":1682616265,"views":10,"p1id":"kenepa21","p2id":"fairynanbawan","formatid":"gen9vgc2023regulationc","rating":1475,"private":0,"password":""}