{"id":"gen9vgc2023regulationc-1856071936","p1":"Fubblybubbly","p2":"Karmmaticjane","format":"[Gen 9] VGC 2023 Regulation C","log":"|j|\u2606Fubblybubbly\n|j|\u2606Karmmaticjane\n|t:|1683026519\n|gametype|doubles\n|player|p1|Fubblybubbly|102|1159\n|player|p2|Karmmaticjane|marley|1175\n|teamsize|p1|6\n|teamsize|p2|6\n|gen|9\n|tier|[Gen 9] VGC 2023 Regulation C\n|rated|\n|rule|Species Clause: Limit one of each Pok\u00e9mon\n|rule|Item Clause: Limit one of each item\n|clearpoke\n|poke|p1|Iron Bundle, L50|\n|poke|p1|Slowking, L50, M|\n|poke|p1|Cetitan, L50, F|\n|poke|p1|Chi-Yu, L50|\n|poke|p1|Torkoal, L50, F|\n|poke|p1|Hatterene, L50, F|\n|poke|p2|Tyranitar, L50, M|\n|poke|p2|Garchomp, L50, M|\n|poke|p2|Murkrow, L50, F|\n|poke|p2|Gholdengo, L50|\n|poke|p2|Flutter Mane, L50|\n|poke|p2|Arcanine, L50, M|\n|teampreview|4\n|\n|t:|1683026550\n|start\n|switch|p1a: Slowking|Slowking, L50, M|100\/100\n|switch|p1b: Chi-Yu|Chi-Yu, L50|100\/100\n|switch|p2a: Garchomp|Garchomp, L50, M|100\/100\n|switch|p2b: Murkrow|Murkrow, L50, F, shiny|100\/100\n|-ability|p1b: Chi-Yu|Beads of Ruin\n|turn|1\n|\n|t:|1683026566\n|switch|p1b: Cetitan|Cetitan, L50, F|100\/100\n|-terastallize|p2a: Garchomp|Ground\n|move|p2b: Murkrow|Tailwind|p2b: Murkrow\n|-sidestart|p2: Karmmaticjane|move: Tailwind\n|move|p2a: Garchomp|Earthquake|p1b: Cetitan|[spread] p1a,p1b\n|-immune|p2b: Murkrow\n|-damage|p1a: Slowking|5\/100\n|-damage|p1b: Cetitan|41\/100\n|move|p1a: Slowking|Chilly Reception|p1a: Slowking\n|-weather|Snow\n|\n|t:|1683026581\n|switch|p1a: Iron Bundle|Iron Bundle, L50|100\/100|[from] Chilly Reception\n|\n|-weather|Snow|[upkeep]\n|upkeep\n|turn|2\n|\n|t:|1683026596\n|move|p1b: Cetitan|Protect|p1b: Cetitan\n|-singleturn|p1b: Cetitan|Protect\n|move|p2b: Murkrow|Taunt|p1b: Cetitan\n|-activate|p1b: Cetitan|move: Protect\n|move|p2a: Garchomp|Earthquake|p1a: Iron Bundle|[spread] p1a\n|-activate|p1b: Cetitan|move: Protect\n|-immune|p2b: Murkrow\n|-damage|p1a: Iron Bundle|29\/100\n|move|p1a: Iron Bundle|Blizzard|p2b: Murkrow|[spread] p2a,p2b\n|-supereffective|p2a: Garchomp\n|-supereffective|p2b: Murkrow\n|-damage|p2a: Garchomp|8\/100\n|-damage|p2b: Murkrow|0 fnt\n|faint|p2b: Murkrow\n|\n|-weather|Snow|[upkeep]\n|upkeep\n|\n|t:|1683026610\n|switch|p2b: Flutter Mane|Flutter Mane, L50|100\/100\n|-enditem|p2b: Flutter Mane|Booster Energy\n|-activate|p2b: Flutter Mane|ability: Protosynthesis|[fromitem]\n|-start|p2b: Flutter Mane|protosynthesisspe\n|turn|3\n|\n|t:|1683026620\n|move|p2b: Flutter Mane|Protect|p2b: Flutter Mane\n|-singleturn|p2b: Flutter Mane|Protect\n|move|p1a: Iron Bundle|Protect|p1a: Iron Bundle\n|-singleturn|p1a: Iron Bundle|Protect\n|move|p1b: Cetitan|Ice Shard|p2a: Garchomp\n|-supereffective|p2a: Garchomp\n|-damage|p2a: Garchomp|0 fnt\n|faint|p2a: Garchomp\n|\n|-weather|Snow|[upkeep]\n|upkeep\n|\n|t:|1683026629\n|switch|p2a: Gholdengo|Gholdengo, L50|100\/100\n|turn|4\n|inactive|Battle timer is ON: inactive players will automatically lose when time's up. (requested by Karmmaticjane)\n|\n|t:|1683026696\n|-end|p1a: Iron Bundle|Quark Drive|[silent]\n|switch|p1a: Slowking|Slowking, L50, M|39\/100\n|move|p1b: Cetitan|Protect|p1b: Cetitan\n|-singleturn|p1b: Cetitan|Protect\n|move|p2b: Flutter Mane|Moonblast|p1b: Cetitan\n|-activate|p1b: Cetitan|move: Protect\n|move|p2a: Gholdengo|Make It Rain|p1a: Slowking|[spread] p1a\n|-activate|p1b: Cetitan|move: Protect\n|-resisted|p1a: Slowking\n|-crit|p1a: Slowking\n|-damage|p1a: Slowking|16\/100\n|-unboost|p2a: Gholdengo|spa|1\n|\n|-weather|Snow|[upkeep]\n|-sideend|p2: Karmmaticjane|move: Tailwind\n|upkeep\n|turn|5\n|inactive|Fubblybubbly has 30 seconds left.\n|\n|t:|1683026728\n|move|p1b: Cetitan|Ice Shard|p2b: Flutter Mane\n|-damage|p2b: Flutter Mane|65\/100\n|move|p2b: Flutter Mane|Moonblast|p1b: Cetitan\n|-damage|p1b: Cetitan|0 fnt\n|faint|p1b: Cetitan\n|move|p2a: Gholdengo|Make It Rain|p1a: Slowking\n|-resisted|p1a: Slowking\n|-damage|p1a: Slowking|3\/100\n|-unboost|p2a: Gholdengo|spa|1\n|move|p1a: Slowking|Yawn|p2b: Flutter Mane\n|-start|p2b: Flutter Mane|move: Yawn|[of] p1a: Slowking\n|\n|-weather|none\n|upkeep\n|\n|t:|1683026745\n|switch|p1b: Chi-Yu|Chi-Yu, L50|100\/100\n|-ability|p1b: Chi-Yu|Beads of Ruin\n|turn|6\n|\n|t:|1683026761\n|move|p2b: Flutter Mane|Moonblast|p1b: Chi-Yu\n|-damage|p1b: Chi-Yu|37\/100\n|move|p1b: Chi-Yu|Dark Pulse|p2a: Gholdengo\n|-supereffective|p2a: Gholdengo\n|-damage|p2a: Gholdengo|0 fnt\n|faint|p2a: Gholdengo\n|move|p1a: Slowking|Chilly Reception|p1a: Slowking\n|-weather|Snow\n|\n|t:|1683026769\n|switch|p1a: Iron Bundle|Iron Bundle, L50|29\/100|[from] Chilly Reception\n|\n|-weather|Snow|[upkeep]\n|-end|p2b: Flutter Mane|move: Yawn|[silent]\n|-status|p2b: Flutter Mane|slp\n|upkeep\n|turn|7\n|\n|t:|1683026776\n|cant|p2b: Flutter Mane|slp\n|move|p1b: Chi-Yu|Dark Pulse|p2b: Flutter Mane\n|-damage|p2b: Flutter Mane|7\/100 slp\n|move|p1a: Iron Bundle|Blizzard|p2b: Flutter Mane\n|-damage|p2b: Flutter Mane|0 fnt\n|faint|p2b: Flutter Mane\n|-end|p2b: Flutter Mane|Protosynthesis|[silent]\n|\n|win|Fubblybubbly\n|raw|Fubblybubbly's rating: 1159 → 1185<\/strong> (+26 for winning)\n|raw|Karmmaticjane's rating: 1175 → 1149<\/strong> (-26 for losing)\n|c|\u2606Karmmaticjane|gg\n|c|\u2606Fubblybubbly|gg\n|l|\u2606Karmmaticjane\n","uploadtime":1683026813,"views":11,"p1id":"fubblybubbly","p2id":"karmmaticjane","formatid":"gen9vgc2023regulationc","rating":1149,"private":0,"password":""}