{"id":"gen9vgc2023regulationc-1847117753","p1":"jayballester","p2":"Raymond935","format":"[Gen 9] VGC 2023 Regulation C","log":"|j|\u2606jayballester\n|j|\u2606Raymond935\n|t:|1681920523\n|gametype|doubles\n|player|p1|jayballester|riley|\n|player|p2|Raymond935|102|\n|teamsize|p1|6\n|teamsize|p2|6\n|gen|9\n|tier|[Gen 9] VGC 2023 Regulation C\n|rule|Species Clause: Limit one of each Pok\u00e9mon\n|rule|Item Clause: Limit one of each item\n|clearpoke\n|poke|p1|Corviknight, L50, M|\n|poke|p1|Ting-Lu, L50|\n|poke|p1|Salazzle, L50, F|\n|poke|p1|Palafin, L50, M|\n|poke|p1|Hatterene, L50, F|\n|poke|p1|Staraptor, L50, F|\n|poke|p2|Rotom-Mow, L50|\n|poke|p2|Chien-Pao, L50|\n|poke|p2|Dragonite, L50, M|\n|poke|p2|Slowbro, L50, M|\n|poke|p2|Naclstack, L50, M|\n|poke|p2|Ceruledge, L50, M|\n|teampreview|4\nRaymond935 rejected open team sheets.\n|c|\u2606Raymond935|G2\n|j| BBRAFF\n|l| BBRAFF\n|c|\u2606jayballester|glhf\n|c|\u2606Raymond935|gl hf\n|\n|t:|1681921213\n|start\n|switch|p1a: Staraptor|Staraptor, L50, F|100\/100\n|switch|p1b: Palafin|Palafin, L50, M|100\/100\n|switch|p2a: Chien-Pao|Chien-Pao, L50|100\/100\n|switch|p2b: Dragonite|Dragonite, L50, M|100\/100\n|-ability|p1a: Staraptor|Intimidate|boost\n|-unboost|p2a: Chien-Pao|atk|1\n|-fail|p2b: Dragonite|unboost|Attack|[from] ability: Inner Focus|[of] p2b: Dragonite\n|-ability|p2a: Chien-Pao|Sword of Ruin\n|turn|1\n|\n|t:|1681921328\n|switch|p1a: Corviknight|Corviknight, L50, M|100\/100\n|-ability|p1a: Corviknight|Pressure\n|-terastallize|p2b: Dragonite|Normal\n|move|p1b: Palafin|Protect|p1b: Palafin\n|-singleturn|p1b: Palafin|Protect\n|move|p2b: Dragonite|Extreme Speed|p1a: Corviknight\n|-resisted|p1a: Corviknight\n|-damage|p1a: Corviknight|72\/100\n|move|p2a: Chien-Pao|Icicle Crash|p1b: Palafin\n|-activate|p1b: Palafin|move: Protect\n|\n|-heal|p1a: Corviknight|78\/100|[from] item: Leftovers\n|upkeep\n|turn|2\n|\n|t:|1681921408\n|detailschange|p1b: Palafin|Palafin-Hero, L50, M\n|switch|p1b: Staraptor|Staraptor, L50, F|100\/100\n|-ability|p1b: Staraptor|Intimidate|boost\n|-unboost|p2a: Chien-Pao|atk|1\n|-fail|p2b: Dragonite|unboost|Attack|[from] ability: Inner Focus|[of] p2b: Dragonite\n|move|p2b: Dragonite|Extreme Speed|p1b: Staraptor\n|-damage|p1b: Staraptor|0 fnt\n|faint|p1b: Staraptor\n|move|p2a: Chien-Pao|Icicle Crash|p1a: Corviknight\n|-damage|p1a: Corviknight|56\/100\n|cant|p1a: Corviknight|flinch\n|\n|-heal|p1a: Corviknight|62\/100|[from] item: Leftovers\n|upkeep\n|\n|t:|1681921431\n|switch|p1b: Palafin|Palafin-Hero, L50, M|100\/100\n|-activate|p1b: Palafin|ability: Zero to Hero\n|turn|3\n|\n|t:|1681921504\n|switch|p2a: Slowbro|Slowbro, L50, M|100\/100\n|switch|p2b: Rotom|Rotom-Mow, L50|100\/100\n|move|p1b: Palafin|Wave Crash|p2b: Rotom\n|-resisted|p2b: Rotom\n|-damage|p2b: Rotom|53\/100\n|-damage|p1b: Palafin|88\/100|[from] Recoil\n|move|p1a: Corviknight|Roost|p1a: Corviknight\n|-heal|p1a: Corviknight|100\/100\n|-singleturn|p1a: Corviknight|move: Roost\n|\n|upkeep\n|turn|4\n|\n|t:|1681921663\n|switch|p1a: Ting-Lu|Ting-Lu, L50|100\/100\n|-ability|p1a: Ting-Lu|Vessel of Ruin\n|move|p1b: Palafin|Ice Punch|p2b: Rotom\n|-supereffective|p2b: Rotom\n|-damage|p2b: Rotom|0 fnt\n|faint|p2b: Rotom\n|move|p2a: Slowbro|Psychic|p1a: Ting-Lu\n|-immune|p1a: Ting-Lu\n|\n|upkeep\n|\n|t:|1681921730\n|switch|p2b: Dragonite|Dragonite, L50, M, tera:Normal|100\/100\n|turn|5\n|\n|t:|1681921833\n|-terastallize|p1a: Ting-Lu|Fairy\n|move|p1b: Palafin|Protect|p1b: Palafin\n|-singleturn|p1b: Palafin|Protect\n|move|p2b: Dragonite|Extreme Speed|p1a: Ting-Lu\n|-damage|p1a: Ting-Lu|62\/100\n|move|p2a: Slowbro|Hydro Pump|p1a: Ting-Lu|[miss]\n|-miss|p2a: Slowbro|p1a: Ting-Lu\n|move|p1a: Ting-Lu|Earthquake|p2a: Slowbro|[spread] p2a,p2b\n|-activate|p1b: Palafin|move: Protect\n|-damage|p2a: Slowbro|61\/100\n|-damage|p2b: Dragonite|54\/100\n|\n|-heal|p2a: Slowbro|67\/100|[from] item: Leftovers\n|upkeep\n|turn|6\n|\n|t:|1681922012\n|switch|p2a: Chien-Pao|Chien-Pao, L50|100\/100\n|-ability|p2a: Chien-Pao|Sword of Ruin\n|move|p2b: Dragonite|Extreme Speed|p1b: Palafin\n|-damage|p1b: Palafin|3\/100\n|move|p1b: Palafin|Wave Crash|p2b: Dragonite\n|-damage|p2b: Dragonite|0 fnt\n|faint|p2b: Dragonite\n|-damage|p1b: Palafin|0 fnt|[from] Recoil\n|faint|p1b: Palafin\n|move|p1a: Ting-Lu|Throat Chop|p2a: Chien-Pao\n|-resisted|p2a: Chien-Pao\n|-damage|p2a: Chien-Pao|73\/100\n|-start|p2a: Chien-Pao|Throat Chop|[silent]\n|\n|upkeep\n|\n|t:|1681922026\n|switch|p1b: Corviknight|Corviknight, L50, M|100\/100\n|switch|p2b: Slowbro|Slowbro, L50, M|99\/100\n|-ability|p1b: Corviknight|Pressure\n|turn|7\n|\n|t:|1681922133\n|move|p2a: Chien-Pao|Protect|p2a: Chien-Pao\n|-singleturn|p2a: Chien-Pao|Protect\n|move|p1b: Corviknight|Body Press|p2a: Chien-Pao\n|-activate|p2a: Chien-Pao|move: Protect\n|move|p2b: Slowbro|Psychic|p1a: Ting-Lu\n|-damage|p1a: Ting-Lu|43\/100\n|move|p1a: Ting-Lu|Throat Chop|p2b: Slowbro\n|-supereffective|p2b: Slowbro\n|-damage|p2b: Slowbro|0 fnt\n|faint|p2b: Slowbro\n|\n|-end|p2a: Chien-Pao|Throat Chop|[silent]\n|upkeep\n|turn|8\n|c|\u2606Raymond935|Wow\n|\n|t:|1681922167\n|move|p2a: Chien-Pao|Icicle Crash|p1a: Ting-Lu\n|-damage|p1a: Ting-Lu|10\/100\n|move|p1b: Corviknight|Body Press|p2a: Chien-Pao\n|-supereffective|p2a: Chien-Pao\n|-damage|p2a: Chien-Pao|0 fnt\n|faint|p2a: Chien-Pao\n|\n|win|jayballester\n|c|\u2606jayballester|I didnt expect the ohko tbf\n|c|\u2606Raymond935|Gg\n|c|\u2606jayballester|gg\n|l|\u2606Raymond935\n","uploadtime":1681922176,"views":31,"p1id":"jayballester","p2id":"raymond935","formatid":"gen9vgc2023regulationc","rating":0,"private":0,"password":""}