{"id":"gen9vgc2023regulationc-1858912287","p1":"PokeReplaysVGC","p2":"Animod2","format":"[Gen 9] VGC 2023 Regulation C","log":"|j|\u2606PokeReplaysVGC\n|j|\u2606Animod2\n|t:|1683382553\n|gametype|doubles\n|player|p1|PokeReplaysVGC|169|\n|player|p2|Animod2|scientist|\n|teamsize|p1|6\n|teamsize|p2|6\n|gen|9\n|tier|[Gen 9] VGC 2023 Regulation C\n|rule|Species Clause: Limit one of each Pok\u00e9mon\n|rule|Item Clause: Limit one of each item\n|clearpoke\n|poke|p1|Iron Bundle, L50|\n|poke|p1|Abomasnow, L50, M|\n|poke|p1|Talonflame, L50, M|\n|poke|p1|Great Tusk, L50|\n|poke|p1|Flutter Mane, L50|\n|poke|p1|Arcanine, L50, F|\n|poke|p2|Iron Bundle, L50|\n|poke|p2|Chi-Yu, L50|\n|poke|p2|Iron Hands, L50|\n|poke|p2|Amoonguss, L50, M|\n|poke|p2|Gyarados, L50, M|\n|poke|p2|Bronzong, L50|\n|teampreview|4\nPokeReplaysVGC has agreed to open team sheets.\nAnimod2 has agreed to open team sheets.\n|inactive|Battle timer is ON: inactive players will automatically lose when time's up. (requested by PokeReplaysVGC)\n|inactive|PokeReplaysVGC has 60 seconds left.\n|\n|t:|1683382617\n|start\n|switch|p1a: Flutter Mane|Flutter Mane, L50|100\/100\n|switch|p1b: Iron Bundle|Iron Bundle, L50|100\/100\n|switch|p2a: Bronzong|Bronzong, L50|100\/100\n|switch|p2b: Iron Hands|Iron Hands, L50|100\/100\n|-enditem|p1b: Iron Bundle|Booster Energy\n|-activate|p1b: Iron Bundle|ability: Quark Drive|[fromitem]\n|-start|p1b: Iron Bundle|quarkdrivespe\n|turn|1\n|inactive|PokeReplaysVGC has 30 seconds left.\n|inactive|Animod2 has 30 seconds left.\n|inactive|Animod2 has 20 seconds left.\n|\n|t:|1683382652\n|-terastallize|p1b: Iron Bundle|Ghost\n|-terastallize|p2a: Bronzong|Poison\n|move|p1b: Iron Bundle|Hydro Pump|p2a: Bronzong\n|-damage|p2a: Bronzong|59\/100\n|move|p1a: Flutter Mane|Shadow Ball|p2a: Bronzong\n|-damage|p2a: Bronzong|15\/100\n|move|p2b: Iron Hands|Wild Charge|p1b: Iron Bundle\n|-crit|p1b: Iron Bundle\n|-damage|p1b: Iron Bundle|3\/100\n|-damage|p2b: Iron Hands|87\/100|[from] Recoil\n|move|p2a: Bronzong|Gyro Ball|p1a: Flutter Mane\n|-supereffective|p1a: Flutter Mane\n|-damage|p1a: Flutter Mane|0 fnt\n|faint|p1a: Flutter Mane\n|-end|p1a: Flutter Mane|Protosynthesis|[silent]\n|\n|-heal|p2a: Bronzong|21\/100|[from] item: Leftovers\n|upkeep\n|\n|t:|1683382670\n|switch|p1a: Arcanine|Arcanine, L50, F|100\/100\n|-ability|p1a: Arcanine|Intimidate|boost\n|-unboost|p2a: Bronzong|atk|1\n|-unboost|p2b: Iron Hands|atk|1\n|turn|2\n|inactive|Animod2 has 30 seconds left.\n|\n|t:|1683382702\n|move|p1b: Iron Bundle|Protect|p1b: Iron Bundle\n|-singleturn|p1b: Iron Bundle|Protect\n|move|p1a: Arcanine|Flare Blitz|p2b: Iron Hands\n|-damage|p2b: Iron Hands|46\/100\n|-damage|p1a: Arcanine|82\/100|[from] Recoil\n|move|p2b: Iron Hands|Drain Punch|p1a: Arcanine\n|-damage|p1a: Arcanine|47\/100\n|-heal|p2b: Iron Hands|59\/100|[from] drain|[of] p1a: Arcanine\n|move|p2a: Bronzong|Gyro Ball|p1b: Iron Bundle\n|-activate|p1b: Iron Bundle|move: Protect\n|\n|-heal|p2a: Bronzong|27\/100|[from] item: Leftovers\n|upkeep\n|turn|3\n|inactive|PokeReplaysVGC has 30 seconds left.\n|inactive|Animod2 has 30 seconds left.\n|\n|t:|1683382731\n|move|p2a: Bronzong|Protect|p2a: Bronzong\n|-singleturn|p2a: Bronzong|Protect\n|move|p1b: Iron Bundle|Freeze-Dry|p2b: Iron Hands\n|-damage|p2b: Iron Hands|40\/100\n|move|p1a: Arcanine|Flare Blitz|p2b: Iron Hands\n|-damage|p2b: Iron Hands|0 fnt\n|faint|p2b: Iron Hands\n|-end|p2b: Iron Hands|Quark Drive|[silent]\n|-damage|p1a: Arcanine|29\/100|[from] Recoil\n|\n|-heal|p2a: Bronzong|32\/100|[from] item: Leftovers\n|upkeep\n|\n|t:|1683382744\n|switch|p2b: Iron Bundle|Iron Bundle, L50|100\/100\n|-enditem|p2b: Iron Bundle|Booster Energy\n|-activate|p2b: Iron Bundle|ability: Quark Drive|[fromitem]\n|-start|p2b: Iron Bundle|quarkdrivespe\n|turn|4\n|inactive|Animod2 has 30 seconds left.\n|\n|t:|1683382771\n|move|p1b: Iron Bundle|Protect|p1b: Iron Bundle\n|-singleturn|p1b: Iron Bundle|Protect\n|move|p1a: Arcanine|Extreme Speed|p2b: Iron Bundle\n|-damage|p2b: Iron Bundle|66\/100\n|move|p2b: Iron Bundle|Icy Wind|p1b: Iron Bundle|[spread] p1a\n|-activate|p1b: Iron Bundle|move: Protect\n|-resisted|p1a: Arcanine\n|-damage|p1a: Arcanine|18\/100\n|-unboost|p1a: Arcanine|spe|1\n|move|p2a: Bronzong|Iron Defense|p2a: Bronzong\n|-boost|p2a: Bronzong|def|2\n|\n|-heal|p2a: Bronzong|38\/100|[from] item: Leftovers\n|upkeep\n|turn|5\n|inactive|PokeReplaysVGC has 30 seconds left.\n|inactive|PokeReplaysVGC has 20 seconds left.\n|\n|t:|1683382809\n|switch|p1a: Talonflame|Talonflame, L50, M|100\/100\n|move|p2b: Iron Bundle|Protect|p2b: Iron Bundle\n|-singleturn|p2b: Iron Bundle|Protect\n|move|p1b: Iron Bundle|Hydro Pump|p2a: Bronzong\n|-crit|p2a: Bronzong\n|-damage|p2a: Bronzong|0 fnt\n|faint|p2a: Bronzong\n|\n|upkeep\n|\n|t:|1683382821\n|switch|p2a: Chi-Yu|Chi-Yu, L50|100\/100\n|-ability|p2a: Chi-Yu|Beads of Ruin\n|turn|6\n|\n|t:|1683382834\n|move|p1a: Talonflame|Tailwind|p1a: Talonflame\n|-sidestart|p1: PokeReplaysVGC|move: Tailwind\n|move|p1b: Iron Bundle|Hydro Pump|p2a: Chi-Yu\n|-supereffective|p2a: Chi-Yu\n|-damage|p2a: Chi-Yu|0 fnt\n|faint|p2a: Chi-Yu\n|move|p2b: Iron Bundle|Icy Wind|p1b: Iron Bundle|[spread] p1a,p1b\n|-damage|p1a: Talonflame|69\/100\n|-damage|p1b: Iron Bundle|0 fnt\n|-unboost|p1a: Talonflame|spe|1\n|faint|p1b: Iron Bundle\n|-end|p1b: Iron Bundle|Quark Drive|[silent]\n|\n|upkeep\n|\n|t:|1683382840\n|switch|p1b: Arcanine|Arcanine, L50, F|18\/100\n|-ability|p1b: Arcanine|Intimidate|boost\n|-unboost|p2b: Iron Bundle|atk|1\n|turn|7\n|\n|t:|1683382854\n|move|p2b: Iron Bundle|Protect|p2b: Iron Bundle\n|-singleturn|p2b: Iron Bundle|Protect\n|move|p1b: Arcanine|Extreme Speed|p2b: Iron Bundle\n|-activate|p2b: Iron Bundle|move: Protect\n|move|p1a: Talonflame|Brave Bird|p2b: Iron Bundle\n|-activate|p2b: Iron Bundle|move: Protect\n|\n|upkeep\n|turn|8\n|\n|t:|1683382868\n|move|p1b: Arcanine|Extreme Speed|p2b: Iron Bundle\n|-damage|p2b: Iron Bundle|33\/100\n|move|p2b: Iron Bundle|Freeze-Dry|p1b: Arcanine\n|-resisted|p1b: Arcanine\n|-damage|p1b: Arcanine|0 fnt\n|faint|p1b: Arcanine\n|move|p1a: Talonflame|Brave Bird|p2b: Iron Bundle\n|-damage|p2b: Iron Bundle|0 fnt\n|faint|p2b: Iron Bundle\n|-end|p2b: Iron Bundle|Quark Drive|[silent]\n|-damage|p1a: Talonflame|60\/100|[from] Recoil\n|\n|win|PokeReplaysVGC\n|c|\u2606PokeReplaysVGC|ggs\n|l|\u2606Animod2\n","uploadtime":1683382876,"views":11,"p1id":"pokereplaysvgc","p2id":"animod2","formatid":"gen9vgc2023regulationc","rating":0,"private":0,"password":""}