{"id":"gen9vgc2023regulationc-1860267653","p1":"fgdfg54","p2":"FrieswithWater","format":"[Gen 9] VGC 2023 Regulation C","log":"|j|\u2606fgdfg54\n|j|\u2606FrieswithWater\n|t:|1683622287\n|gametype|doubles\n|player|p1|fgdfg54|169|1073\n|player|p2|FrieswithWater|dawn|1109\n|teamsize|p1|6\n|teamsize|p2|6\n|gen|9\n|tier|[Gen 9] VGC 2023 Regulation C\n|rated|\n|rule|Species Clause: Limit one of each Pok\u00e9mon\n|rule|Item Clause: Limit one of each item\n|clearpoke\n|poke|p1|Torkoal, L50, M|\n|poke|p1|Chi-Yu, L50|\n|poke|p1|Bronzong, L50|\n|poke|p1|Gastrodon, L50, M|\n|poke|p1|Grimmsnarl, L50, M|\n|poke|p1|Skeledirge, L50, M|\n|poke|p2|Tatsugiri, L50, M|\n|poke|p2|Dondozo, L50, M|\n|poke|p2|Indeedee-F, L50, F|\n|poke|p2|Armarouge, L50, F|\n|poke|p2|Gothitelle, L50, M|\n|poke|p2|Scream Tail, L50|\n|teampreview|4\nFrieswithWater rejected open team sheets.\n|inactive|Battle timer is ON: inactive players will automatically lose when time's up. (requested by fgdfg54)\n|\n|t:|1683622316\n|start\n|switch|p1a: Chi-Yu|Chi-Yu, L50|100\/100\n|switch|p1b: Grimmsnarl|Grimmsnarl, L50, M|100\/100\n|switch|p2a: Tatsugiri|Tatsugiri, L50, M|100\/100\n|switch|p2b: Scream Tail|Scream Tail, L50|100\/100\n|-ability|p1a: Chi-Yu|Beads of Ruin\n|-enditem|p2b: Scream Tail|Booster Energy\n|-activate|p2b: Scream Tail|ability: Protosynthesis|[fromitem]\n|-start|p2b: Scream Tail|protosynthesisspe\n|turn|1\n|\n|t:|1683622333\n|move|p1a: Chi-Yu|Protect|p1a: Chi-Yu\n|-singleturn|p1a: Chi-Yu|Protect\n|move|p2a: Tatsugiri|Protect|p2a: Tatsugiri\n|-singleturn|p2a: Tatsugiri|Protect\n|move|p2b: Scream Tail|Perish Song|p2b: Scream Tail\n|-start|p1a: Chi-Yu|perish3|[silent]\n|-start|p1b: Grimmsnarl|perish3|[silent]\n|-start|p2a: Tatsugiri|perish3|[silent]\n|-start|p2b: Scream Tail|perish3|[silent]\n|-fieldactivate|move: Perish Song\n|move|p1b: Grimmsnarl|Spirit Break|p2a: Tatsugiri\n|-activate|p2a: Tatsugiri|move: Protect\n|\n|-start|p2b: Scream Tail|perish3\n|-start|p1a: Chi-Yu|perish3\n|-start|p2a: Tatsugiri|perish3\n|-start|p1b: Grimmsnarl|perish3\n|upkeep\n|turn|2\n|\n|t:|1683622342\n|-end|p2b: Scream Tail|Protosynthesis|[silent]\n|switch|p2b: Dondozo|Dondozo, L50, M|100\/100\n|-activate|p2a: Tatsugiri|ability: Commander|[of] p2b: Dondozo\n|-boost|p2b: Dondozo|atk|2\n|-boost|p2b: Dondozo|spa|2\n|-boost|p2b: Dondozo|spe|2\n|-boost|p2b: Dondozo|def|2\n|-boost|p2b: Dondozo|spd|2\n|switch|p1a: Gastrodon|Gastrodon, L50, M|100\/100\n|move|p1b: Grimmsnarl|Trick|p2b: Dondozo\n|-activate|p1b: Grimmsnarl|move: Trick|[of] p2b: Dondozo\n|-item|p2b: Dondozo|Lagging Tail|[from] move: Trick\n|-item|p1b: Grimmsnarl|Leftovers|[from] move: Trick\n|\n|-start|p2a: Tatsugiri|perish2\n|-start|p1b: Grimmsnarl|perish2\n|upkeep\n|turn|3\n|inactive|fgdfg54 has 30 seconds left.\n|\n|t:|1683622372\n|switch|p1b: Skeledirge|Skeledirge, L50, M|100\/100\n|-terastallize|p2b: Dondozo|Grass\n|move|p1a: Gastrodon|Clear Smog|p2b: Dondozo\n|-supereffective|p2b: Dondozo\n|-damage|p2b: Dondozo|86\/100\n|-clearboost|p2b: Dondozo\n|move|p2b: Dondozo|Tera Blast|p1a: Gastrodon\n|-supereffective|p1a: Gastrodon\n|-damage|p1a: Gastrodon|0 fnt\n|faint|p1a: Gastrodon\n|\n|-start|p2a: Tatsugiri|perish1\n|upkeep\n|\n|t:|1683622395\n|switch|p1a: Chi-Yu|Chi-Yu, L50|100\/100\n|-ability|p1a: Chi-Yu|Beads of Ruin\n|turn|4\n|\n|t:|1683622410\n|move|p2b: Dondozo|Protect|p2b: Dondozo\n|-singleturn|p2b: Dondozo|Protect\n|move|p1a: Chi-Yu|Substitute|p1a: Chi-Yu\n|-start|p1a: Chi-Yu|Substitute\n|-damage|p1a: Chi-Yu|76\/100\n|move|p1b: Skeledirge|Encore|p2b: Dondozo\n|-activate|p2b: Dondozo|move: Protect\n|\n|-start|p2a: Tatsugiri|perish0\n|faint|p2a: Tatsugiri\n|upkeep\n|inactive|FrieswithWater has 30 seconds left.\n|\n|t:|1683622435\n|switch|p2a: Scream Tail|Scream Tail, L50|100\/100\n|turn|5\n|\n|t:|1683622441\n|move|p1a: Chi-Yu|Protect|p1a: Chi-Yu\n|-singleturn|p1a: Chi-Yu|Protect\n|move|p2a: Scream Tail|Disable|p1b: Skeledirge\n|-start|p1b: Skeledirge|Disable|Encore\n|cant|p1b: Skeledirge|Disable|Encore\n|move|p2b: Dondozo|Wave Crash|p1b: Skeledirge\n|-supereffective|p1b: Skeledirge\n|-damage|p1b: Skeledirge|16\/100\n|-damage|p2b: Dondozo|61\/100|[from] Recoil\n|\n|-heal|p1b: Skeledirge|22\/100|[from] item: Leftovers\n|upkeep\n|turn|6\n|\n|t:|1683622457\n|switch|p1b: Grimmsnarl|Grimmsnarl, L50, M|100\/100\n|-terastallize|p1a: Chi-Yu|Ghost\n|move|p2b: Dondozo|Protect|p2b: Dondozo\n|-singleturn|p2b: Dondozo|Protect\n|move|p1a: Chi-Yu|Tera Blast|p2a: Scream Tail\n|-supereffective|p2a: Scream Tail\n|-damage|p2a: Scream Tail|40\/100\n|move|p2a: Scream Tail|Perish Song|p2a: Scream Tail\n|-start|p1a: Chi-Yu|perish3|[silent]\n|-start|p1b: Grimmsnarl|perish3|[silent]\n|-start|p2a: Scream Tail|perish3|[silent]\n|-start|p2b: Dondozo|perish3|[silent]\n|-fieldactivate|move: Perish Song\n|\n|-start|p1a: Chi-Yu|perish3\n|-start|p2a: Scream Tail|perish3\n|-start|p2b: Dondozo|perish3\n|-start|p1b: Grimmsnarl|perish3\n|upkeep\n|turn|7\n|\n|t:|1683622480\n|move|p1b: Grimmsnarl|Fake Out|p2b: Dondozo\n|-damage|p2b: Dondozo|51\/100\n|move|p1a: Chi-Yu|Snarl|p2b: Dondozo|[spread] p2a,p2b\n|-damage|p2a: Scream Tail|24\/100\n|-damage|p2b: Dondozo|28\/100\n|-unboost|p2a: Scream Tail|spa|1\n|-unboost|p2b: Dondozo|spa|1\n|move|p2a: Scream Tail|Disable|p1a: Chi-Yu\n|-start|p1a: Chi-Yu|Disable|Snarl\n|cant|p2b: Dondozo|flinch\n|\n|-start|p1a: Chi-Yu|perish2\n|-start|p2a: Scream Tail|perish2\n|-start|p2b: Dondozo|perish2\n|-start|p1b: Grimmsnarl|perish2\n|upkeep\n|turn|8\n|\n|t:|1683622494\n|-end|p2a: Scream Tail|Protosynthesis|[silent]\n|switch|p2a: Gothitelle|Gothitelle, L50, M|100\/100\n|switch|p1b: Skeledirge|Skeledirge, L50, M|22\/100\n|move|p2b: Dondozo|Protect|p2b: Dondozo\n|-singleturn|p2b: Dondozo|Protect\n|move|p1a: Chi-Yu|Tera Blast|p2b: Dondozo\n|-activate|p2b: Dondozo|move: Protect\n|\n|-heal|p1b: Skeledirge|28\/100|[from] item: Leftovers\n|-start|p1a: Chi-Yu|perish1\n|-start|p2b: Dondozo|perish1\n|upkeep\n|turn|9\n|inactive|FrieswithWater has 30 seconds left.\n|inactive|FrieswithWater has 20 seconds left.\n|inactive|FrieswithWater has 15 seconds left.\n|inactive|FrieswithWater has 10 seconds left.\n|\n|t:|1683622539\n|switch|p1a: Grimmsnarl|Grimmsnarl, L50, M|100\/100\n|switch|p2a: Scream Tail|Scream Tail, L50|24\/100\n|move|p1b: Skeledirge|Torch Song|p2b: Dondozo\n|-supereffective|p2b: Dondozo\n|-damage|p2b: Dondozo|0 fnt\n|-boost|p1b: Skeledirge|spa|1\n|faint|p2b: Dondozo\n|\n|-heal|p1b: Skeledirge|34\/100|[from] item: Leftovers\n|upkeep\n|\n|t:|1683622546\n|switch|p2b: Gothitelle|Gothitelle, L50, M|100\/100\n|turn|10\n|\n|t:|1683622558\n|move|p2a: Scream Tail|Protect|p2a: Scream Tail\n|-singleturn|p2a: Scream Tail|Protect\n|move|p1a: Grimmsnarl|Fake Out|p2a: Scream Tail\n|-activate|p2a: Scream Tail|move: Protect\n|move|p2b: Gothitelle|Psych Up|p1b: Skeledirge\n|-copyboost|p2b: Gothitelle|p1b: Skeledirge|[from] move: Psych Up\n|move|p1b: Skeledirge|Tera Blast|p2a: Scream Tail\n|-activate|p2a: Scream Tail|move: Protect\n|\n|-heal|p1b: Skeledirge|40\/100|[from] item: Leftovers\n|upkeep\n|turn|11\n|-message|FrieswithWater forfeited.\n|\n|win|fgdfg54\n|raw|fgdfg54's rating: 1073 → 1105<\/strong> (+32 for winning)\n|raw|FrieswithWater's rating: 1109 → 1081<\/strong> (-28 for losing)\n|l|\u2606FrieswithWater\n","uploadtime":1683622583,"views":8,"p1id":"fgdfg54","p2id":"frieswithwater","formatid":"gen9vgc2023regulationc","rating":1081,"private":0,"password":""}