{"id":"gen9vgc2023regulationc-1860832522","p1":"TortuguitaconQueso","p2":"onixpected0","format":"[Gen 9] VGC 2023 Regulation C","log":"|j|\u2606TortuguitaconQueso\n|j|\u2606onixpected0\n|t:|1683683369\n|gametype|doubles\n|player|p1|TortuguitaconQueso|valerie|1277\n|player|p2|onixpected0|wally|1322\n|teamsize|p1|6\n|teamsize|p2|6\n|gen|9\n|tier|[Gen 9] VGC 2023 Regulation C\n|rated|\n|rule|Species Clause: Limit one of each Pok\u00e9mon\n|rule|Item Clause: Limit one of each item\n|clearpoke\n|poke|p1|Flutter Mane, L50|\n|poke|p1|Amoonguss, L50, F|\n|poke|p1|Gyarados, L50, F|\n|poke|p1|Chi-Yu, L50|\n|poke|p1|Ting-Lu, L50|\n|poke|p1|Baxcalibur, L50, F|\n|poke|p2|Glimmora, L50, F|\n|poke|p2|Chi-Yu, L50|\n|poke|p2|Dondozo, L50, F|\n|poke|p2|Flutter Mane, L50|\n|poke|p2|Dragonite, L50, M|\n|poke|p2|Tatsugiri, L50, F|\n|teampreview|4\n|inactive|Battle timer is ON: inactive players will automatically lose when time's up. (requested by onixpected0)\nTortuguitaconQueso rejected open team sheets.\n|\n|t:|1683683389\n|start\n|switch|p1a: Bianca|Gyarados, L50, F, shiny|100\/100\n|switch|p1b: Katya|Baxcalibur, L50, F, shiny|100\/100\n|switch|p2a: Tatsugiri|Tatsugiri, L50, F|100\/100\n|switch|p2b: Chi-Yu|Chi-Yu, L50|100\/100\n|-ability|p2b: Chi-Yu|Beads of Ruin\n|-ability|p1a: Bianca|Intimidate|boost\n|-unboost|p2a: Tatsugiri|atk|1\n|-unboost|p2b: Chi-Yu|atk|1\n|turn|1\n|inactive|onixpected0 has 30 seconds left.\n|\n|t:|1683683416\n|-terastallize|p2a: Tatsugiri|Ghost\n|move|p1b: Katya|Protect|p1b: Katya\n|-singleturn|p1b: Katya|Protect\n|move|p2b: Chi-Yu|Dark Pulse|p1a: Bianca\n|-damage|p1a: Bianca|52\/100\n|move|p1a: Bianca|Thunder Wave|p2b: Chi-Yu\n|-status|p2b: Chi-Yu|par\n|move|p2a: Tatsugiri|Dragon Pulse|p1b: Katya\n|-activate|p1b: Katya|move: Protect\n|\n|upkeep\n|turn|2\n|\n|t:|1683683436\n|-terastallize|p1b: Katya|Poison\n|move|p1b: Katya|Icicle Crash|p2a: Tatsugiri\n|-damage|p2a: Tatsugiri|39\/100\n|move|p1a: Bianca|Waterfall|p2a: Tatsugiri\n|-activate|p2a: Tatsugiri|ability: Storm Drain\n|-ability|p2a: Tatsugiri|Storm Drain|boost\n|-boost|p2a: Tatsugiri|spa|1\n|move|p2a: Tatsugiri|Dragon Pulse|p1b: Katya\n|-damage|p1b: Katya|0 fnt\n|faint|p1b: Katya\n|move|p2b: Chi-Yu|Dark Pulse|p1a: Bianca\n|-damage|p1a: Bianca|2\/100\n|-enditem|p1a: Bianca|Aguav Berry|[eat]\n|-heal|p1a: Bianca|35\/100|[from] item: Aguav Berry\n|\n|upkeep\n|\n|t:|1683683450\n|switch|p1b: Sasha Colby|Flutter Mane, L50|100\/100\n|-enditem|p1b: Sasha Colby|Booster Energy\n|-activate|p1b: Sasha Colby|ability: Protosynthesis|[fromitem]\n|-start|p1b: Sasha Colby|protosynthesisspa\n|turn|3\n|\n|t:|1683683461\n|move|p1b: Sasha Colby|Dazzling Gleam|p2a: Tatsugiri|[spread] p2a,p2b\n|-damage|p2a: Tatsugiri|0 fnt\n|-damage|p2b: Chi-Yu|59\/100 par\n|faint|p2a: Tatsugiri\n|move|p1a: Bianca|Waterfall|p2b: Chi-Yu\n|-supereffective|p2b: Chi-Yu\n|-damage|p2b: Chi-Yu|0 fnt\n|faint|p2b: Chi-Yu\n|\n|upkeep\n|\n|t:|1683683469\n|switch|p2b: Dragonite|Dragonite, L50, M|100\/100\n|switch|p2a: Flutter Mane|Flutter Mane, L50|100\/100\n|-enditem|p2a: Flutter Mane|Booster Energy\n|-activate|p2a: Flutter Mane|ability: Protosynthesis|[fromitem]\n|-start|p2a: Flutter Mane|protosynthesisspe\n|turn|4\n|\n|t:|1683683493\n|switch|p1a: Amoonguss|Amoonguss, L50, F, shiny|100\/100\n|move|p1b: Sasha Colby|Protect|p1b: Sasha Colby\n|-singleturn|p1b: Sasha Colby|Protect\n|move|p2a: Flutter Mane|Substitute|p2a: Flutter Mane\n|-start|p2a: Flutter Mane|Substitute\n|-damage|p2a: Flutter Mane|76\/100\n|move|p2b: Dragonite|Aerial Ace|p1a: Amoonguss\n|-supereffective|p1a: Amoonguss\n|-damage|p1a: Amoonguss|10\/100\n|-enditem|p1a: Amoonguss|Sitrus Berry|[eat]\n|-heal|p1a: Amoonguss|35\/100|[from] item: Sitrus Berry\n|\n|upkeep\n|turn|5\n|\n|t:|1683683510\n|move|p1a: Amoonguss|Rage Powder|p1a: Amoonguss\n|-singleturn|p1a: Amoonguss|move: Rage Powder\n|move|p2a: Flutter Mane|Hex|p1a: Amoonguss\n|-damage|p1a: Amoonguss|7\/100\n|move|p1b: Sasha Colby|Dazzling Gleam|p2a: Flutter Mane|[spread] p2a,p2b\n|-end|p2a: Flutter Mane|Substitute\n|-supereffective|p2b: Dragonite\n|-damage|p2b: Dragonite|59\/100\n|move|p2b: Dragonite|Aerial Ace|p1a: Amoonguss\n|-supereffective|p1a: Amoonguss\n|-damage|p1a: Amoonguss|0 fnt\n|faint|p1a: Amoonguss\n|\n|upkeep\n|\n|t:|1683683521\n|switch|p1a: Bianca|Gyarados, L50, F, shiny|35\/100\n|-ability|p1a: Bianca|Intimidate|boost\n|-unboost|p2a: Flutter Mane|atk|1\n|-unboost|p2b: Dragonite|atk|1\n|turn|6\n|inactive|TortuguitaconQueso has 30 seconds left.\n|\n|t:|1683683546\n|move|p2a: Flutter Mane|Moonblast|p1a: Bianca\n|-damage|p1a: Bianca|2\/100\n|-unboost|p1a: Bianca|spa|1\n|move|p1b: Sasha Colby|Moonblast|p2b: Dragonite\n|-supereffective|p2b: Dragonite\n|-damage|p2b: Dragonite|0 fnt\n|faint|p2b: Dragonite\n|move|p1a: Bianca|Waterfall|p2a: Flutter Mane\n|-damage|p2a: Flutter Mane|6\/100\n|\n|upkeep\n|turn|7\n|-message|onixpected0 forfeited.\n|\n|win|TortuguitaconQueso\n|raw|TortuguitaconQueso's rating: 1246 → 1276<\/strong> (+30 for winning)\n|raw|onixpected0's rating: 1322 → 1298<\/strong> (-24 for losing)\n|l|\u2606onixpected0\n","uploadtime":1683683563,"views":12,"p1id":"tortuguitaconqueso","p2id":"onixpected0","formatid":"gen9vgc2023regulationc","rating":1276,"private":0,"password":""}