{"id":"gen9vgc2023regulationc-1858772843","p1":"They34","p2":"Atrix MJ","format":"[Gen 9] VGC 2023 Regulation C","log":"|j|\u2606They34\n|j|\u2606Atrix MJ\n|t:|1683358094\n|gametype|doubles\n|player|p1|They34|ruinmaniac|1332\n|player|p2|Atrix MJ|adaman|1445\n|teamsize|p1|6\n|teamsize|p2|6\n|gen|9\n|tier|[Gen 9] VGC 2023 Regulation C\n|rated|\n|rule|Species Clause: Limit one of each Pok\u00e9mon\n|rule|Item Clause: Limit one of each item\n|clearpoke\n|poke|p1|Ceruledge, L50, M|\n|poke|p1|Dragonite, L50, F|\n|poke|p1|Bronzong, L50|\n|poke|p1|Flutter Mane, L50|\n|poke|p1|Amoonguss, L50, F|\n|poke|p1|Ting-Lu, L50|\n|poke|p2|Chi-Yu, L50|\n|poke|p2|Amoonguss, L50, M|\n|poke|p2|Kingambit, L50, M|\n|poke|p2|Gyarados, L50, F|\n|poke|p2|Flutter Mane, L50|\n|poke|p2|Gothitelle, L50, F|\n|teampreview|4\n|inactive|Battle timer is ON: inactive players will automatically lose when time's up. (requested by Atrix MJ)\nAtrix MJ has agreed to open team sheets.\nThey34 has agreed to open team sheets.\n|inactive|They34 has 60 seconds left.\n|inactive|Atrix MJ has 60 seconds left.\n|\n|t:|1683358154\n|start\n|switch|p1a: Amoonguss|Amoonguss, L50, F|100\/100\n|switch|p1b: Ceruledge|Ceruledge, L50, M|100\/100\n|switch|p2a: Flutter Mane|Flutter Mane, L50|100\/100\n|switch|p2b: Gyarados|Gyarados, L50, F|100\/100\n|-ability|p2b: Gyarados|Intimidate|boost\n|-unboost|p1a: Amoonguss|atk|1\n|-fail|p1b: Ceruledge|unboost|[from] item: Clear Amulet|[of] p1b: Ceruledge\n|turn|1\n|inactive|They34 has 30 seconds left.\n|inactive|Atrix MJ has 30 seconds left.\n|inactive|They34 has 20 seconds left.\n|inactive|Atrix MJ has 20 seconds left.\n|inactive|They34 has 15 seconds left.\n|inactive|Atrix MJ has 15 seconds left.\n|inactive|They34 has 10 seconds left.\n|inactive|Atrix MJ has 10 seconds left.\n|inactive|Atrix MJ has 5 seconds left.\n|\n|t:|1683358205\n|move|p2a: Flutter Mane|Protect|p2a: Flutter Mane\n|-singleturn|p2a: Flutter Mane|Protect\n|move|p1b: Ceruledge|Shadow Sneak|p2a: Flutter Mane\n|-activate|p2a: Flutter Mane|move: Protect\n|move|p2b: Gyarados|Dragon Dance|p2b: Gyarados\n|-boost|p2b: Gyarados|atk|1\n|-boost|p2b: Gyarados|spe|1\n|move|p1a: Amoonguss|Clear Smog|p2b: Gyarados\n|-damage|p2b: Gyarados|83\/100\n|-clearboost|p2b: Gyarados\n|\n|upkeep\n|turn|2\n|\n|t:|1683358227\n|-end|p2a: Flutter Mane|Protosynthesis|[silent]\n|switch|p2a: Amoonguss|Amoonguss, L50, M|100\/100\n|-terastallize|p2b: Gyarados|Flying\n|move|p1b: Ceruledge|Shadow Sneak|p2a: Amoonguss\n|-damage|p2a: Amoonguss|80\/100\n|move|p2b: Gyarados|Tera Blast|p1b: Ceruledge\n|-damage|p1b: Ceruledge|29\/100\n|move|p1a: Amoonguss|Clear Smog|p2b: Gyarados\n|-damage|p2b: Gyarados|67\/100\n|-clearboost|p2b: Gyarados\n|\n|upkeep\n|turn|3\n|inactive|They34 has 30 seconds left.\n|\n|t:|1683358262\n|move|p2b: Gyarados|Tera Blast|p1b: Ceruledge\n|-damage|p1b: Ceruledge|0 fnt\n|faint|p1b: Ceruledge\n|move|p1a: Amoonguss|Clear Smog|p2a: Amoonguss\n|-damage|p2a: Amoonguss|69\/100\n|-clearboost|p2a: Amoonguss\n|move|p2a: Amoonguss|Pollen Puff|p2b: Gyarados\n|-heal|p2b: Gyarados|100\/100\n|\n|upkeep\n|\n|t:|1683358280\n|switch|p1b: Ting-Lu|Ting-Lu, L50|100\/100\n|-ability|p1b: Ting-Lu|Vessel of Ruin\n|turn|4\n|inactive|They34 has 30 seconds left.\n|\n|t:|1683358305\n|switch|p2a: Gothitelle|Gothitelle, L50, F|100\/100\n|move|p2b: Gyarados|Protect|p2b: Gyarados\n|-singleturn|p2b: Gyarados|Protect\n|move|p1b: Ting-Lu|Rock Slide|p2b: Gyarados|[spread] p2a\n|-activate|p2b: Gyarados|move: Protect\n|-damage|p2a: Gothitelle|72\/100\n|move|p1a: Amoonguss|Clear Smog|p2b: Gyarados\n|-activate|p2b: Gyarados|move: Protect\n|\n|upkeep\n|turn|5\n|\n|t:|1683358323\n|switch|p2b: Amoonguss|Amoonguss, L50, M|100\/100\n|move|p2a: Gothitelle|Fake Out|p1a: Amoonguss\n|-damage|p1a: Amoonguss|96\/100\n|move|p1b: Ting-Lu|Rock Slide|p2b: Amoonguss|[spread] p2a,p2b\n|-crit|p2b: Amoonguss\n|-damage|p2a: Gothitelle|43\/100\n|-damage|p2b: Amoonguss|57\/100\n|cant|p1a: Amoonguss|flinch\n|\n|upkeep\n|turn|6\n|\n|t:|1683358342\n|move|p2a: Gothitelle|Psychic|p1a: Amoonguss\n|-supereffective|p1a: Amoonguss\n|-damage|p1a: Amoonguss|60\/100\n|-unboost|p1a: Amoonguss|spd|1\n|move|p1b: Ting-Lu|Rock Slide|p2b: Amoonguss|[spread] p2a,p2b\n|-damage|p2a: Gothitelle|17\/100\n|-damage|p2b: Amoonguss|32\/100\n|-enditem|p2b: Amoonguss|Sitrus Berry|[eat]\n|-heal|p2b: Amoonguss|56\/100|[from] item: Sitrus Berry\n|move|p1a: Amoonguss|Pollen Puff|p2b: Amoonguss\n|-damage|p2b: Amoonguss|45\/100\n|move|p2b: Amoonguss|Pollen Puff|p2a: Gothitelle\n|-heal|p2a: Gothitelle|67\/100\n|\n|upkeep\n|turn|7\n|inactive|They34 has 30 seconds left.\n|inactive|Atrix MJ has 30 seconds left.\n|-message|They34 forfeited.\n|\n|win|Atrix MJ\n|raw|They34's rating: 1319 → 1306<\/strong> (-13 for losing)\n|raw|Atrix MJ's rating: 1445 → 1458<\/strong> (+13 for winning)\n|l|\u2606They34\n","uploadtime":1683358375,"views":13,"p1id":"they34","p2id":"atrixmj","formatid":"gen9vgc2023regulationc","rating":1306,"private":0,"password":""}