{"id":"gen9vgc2023regulationc-1846059305","p1":"l.barducci2","p2":"Karajony","format":"[Gen 9] VGC 2023 Regulation C","log":"|j|\u2606l.barducci2\n|j|\u2606Karajony\n|t:|1681799378\n|gametype|doubles\n|player|p1|l.barducci2|265|1082\n|player|p2|Karajony|worker-gen4|1162\n|teamsize|p1|6\n|teamsize|p2|6\n|gen|9\n|tier|[Gen 9] VGC 2023 Regulation C\n|rated|\n|rule|Species Clause: Limit one of each Pok\u00e9mon\n|rule|Item Clause: Limit one of each item\n|clearpoke\n|poke|p1|Baxcalibur, L50, M|\n|poke|p1|Palafin, L50, F|\n|poke|p1|Arcanine, L50, M|\n|poke|p1|Flutter Mane, L50|\n|poke|p1|Ting-Lu, L50|\n|poke|p1|Amoonguss, L50, F|\n|poke|p2|Gyarados, L50, F|\n|poke|p2|Flutter Mane, L50|\n|poke|p2|Iron Hands, L50|\n|poke|p2|Baxcalibur, L50, F|\n|poke|p2|Scream Tail, L50|\n|poke|p2|Chi-Yu, L50|\n|teampreview|4\n|inactive|Battle timer is ON: inactive players will automatically lose when time's up. (requested by Karajony)\n|inactive|l.barducci2 has 60 seconds left.\n|inactive|Karajony has 60 seconds left.\n|\n|t:|1681799430\n|start\n|switch|p1a: Arcanine|Arcanine, L50, M|100\/100\n|switch|p1b: Flutter Mane|Flutter Mane, L50|100\/100\n|switch|p2a: Baxcalibur|Baxcalibur, L50, F|100\/100\n|switch|p2b: Gyarados|Gyarados, L50, F|100\/100\n|-ability|p1a: Arcanine|Intimidate|boost\n|-unboost|p2a: Baxcalibur|atk|1\n|-unboost|p2b: Gyarados|atk|1\n|-ability|p2b: Gyarados|Intimidate|boost\n|-unboost|p1a: Arcanine|atk|1\n|-unboost|p1b: Flutter Mane|atk|1\n|turn|1\n|inactive|Karajony has 30 seconds left.\n|\n|t:|1681799463\n|move|p2a: Baxcalibur|Protect|p2a: Baxcalibur\n|-singleturn|p2a: Baxcalibur|Protect\n|move|p1b: Flutter Mane|Thunderbolt|p2b: Gyarados\n|-supereffective|p2b: Gyarados\n|-damage|p2b: Gyarados|0 fnt\n|faint|p2b: Gyarados\n|move|p1a: Arcanine|Will-O-Wisp|p2a: Baxcalibur\n|-activate|p2a: Baxcalibur|move: Protect\n|\n|upkeep\n|\n|t:|1681799478\n|switch|p2b: Scream Tail|Scream Tail, L50|100\/100\n|turn|2\n|\n|t:|1681799502\n|-end|p1b: Flutter Mane|Protosynthesis|[silent]\n|switch|p1b: Amoonguss|Amoonguss, L50, F, shiny|100\/100\n|move|p1a: Arcanine|Will-O-Wisp|p2a: Baxcalibur\n|-immune|p2a: Baxcalibur|[from] ability: Thermal Exchange\n|move|p2b: Scream Tail|Encore|p1a: Arcanine\n|-start|p1a: Arcanine|Encore\n|move|p2a: Baxcalibur|Icicle Spear|p1b: Amoonguss\n|-supereffective|p1b: Amoonguss\n|-damage|p1b: Amoonguss|84\/100\n|-supereffective|p1b: Amoonguss\n|-damage|p1b: Amoonguss|68\/100\n|-supereffective|p1b: Amoonguss\n|-damage|p1b: Amoonguss|53\/100\n|-supereffective|p1b: Amoonguss\n|-damage|p1b: Amoonguss|39\/100\n|-enditem|p1b: Amoonguss|Sitrus Berry|[eat]\n|-heal|p1b: Amoonguss|64\/100|[from] item: Sitrus Berry\n|-supereffective|p1b: Amoonguss\n|-damage|p1b: Amoonguss|48\/100\n|-hitcount|p1b: Amoonguss|5\n|\n|upkeep\n|turn|3\n|inactive|l.barducci2 has 30 seconds left.\n|inactive|Karajony has 30 seconds left.\n|inactive|l.barducci2 has 20 seconds left.\n|inactive|l.barducci2 has 15 seconds left.\n|inactive|l.barducci2 has 10 seconds left.\n|\n|t:|1681799547\n|-terastallize|p1b: Amoonguss|Water\n|move|p1a: Arcanine|Will-O-Wisp|p2b: Scream Tail\n|-status|p2b: Scream Tail|brn\n|move|p2b: Scream Tail|Disable|p1a: Arcanine\n|-start|p1a: Arcanine|Disable|Will-O-Wisp\n|move|p2a: Baxcalibur|Icicle Spear|p1b: Amoonguss\n|-resisted|p1b: Amoonguss\n|-damage|p1b: Amoonguss|43\/100\n|-resisted|p1b: Amoonguss\n|-damage|p1b: Amoonguss|39\/100\n|-resisted|p1b: Amoonguss\n|-crit|p1b: Amoonguss\n|-damage|p1b: Amoonguss|30\/100\n|-resisted|p1b: Amoonguss\n|-damage|p1b: Amoonguss|27\/100\n|-hitcount|p1b: Amoonguss|4\n|move|p1b: Amoonguss|Spore|p2a: Baxcalibur\n|-status|p2a: Baxcalibur|slp|[from] move: Spore\n|\n|-damage|p2b: Scream Tail|95\/100 brn|[from] brn\n|upkeep\n|turn|4\n|inactive|l.barducci2 has 30 seconds left.\n|inactive|Karajony has 30 seconds left.\n|inactive|l.barducci2 has 20 seconds left.\n|inactive|l.barducci2 has 15 seconds left.\n|inactive|l.barducci2 has 10 seconds left.\n|inactive|Karajony has 20 seconds left.\n|\n|t:|1681799600\n|switch|p1a: Flutter Mane|Flutter Mane, L50|100\/100\n|switch|p2a: Iron Hands|Iron Hands, L50|100\/100\n|switch|p1b: Ting-Lu|Ting-Lu, L50|100\/100\n|-ability|p1b: Ting-Lu|Vessel of Ruin\n|move|p2b: Scream Tail|Disable||[still]\n|-fail|p2b: Scream Tail\n|\n|-damage|p2b: Scream Tail|89\/100 brn|[from] brn\n|upkeep\n|turn|5\n|inactive|l.barducci2 has 30 seconds left.\n|\n|t:|1681799628\n|switch|p1b: Arcanine|Arcanine, L50, M|100\/100\n|-ability|p1b: Arcanine|Intimidate|boost\n|-unboost|p2a: Iron Hands|atk|1\n|-unboost|p2b: Scream Tail|atk|1\n|move|p2a: Iron Hands|Detect|p2a: Iron Hands\n|-singleturn|p2a: Iron Hands|Protect\n|move|p1a: Flutter Mane|Dazzling Gleam|p2b: Scream Tail|[spread] p2b\n|-activate|p2a: Iron Hands|move: Protect\n|-damage|p2b: Scream Tail|59\/100 brn\n|move|p2b: Scream Tail|Disable|p1a: Flutter Mane\n|-start|p1a: Flutter Mane|Disable|Dazzling Gleam\n|\n|-damage|p2b: Scream Tail|53\/100 brn|[from] brn\n|upkeep\n|turn|6\n|inactive|l.barducci2 has 30 seconds left.\n|inactive|l.barducci2 has 20 seconds left.\n|\n|t:|1681799667\n|-end|p1a: Flutter Mane|Protosynthesis|[silent]\n|switch|p1a: Amoonguss|Amoonguss, L50, F, shiny, tera:Water|60\/100\n|move|p1b: Arcanine|Will-O-Wisp|p2a: Iron Hands|[miss]\n|-miss|p1b: Arcanine|p2a: Iron Hands\n|move|p2a: Iron Hands|Swords Dance|p2a: Iron Hands\n|-boost|p2a: Iron Hands|atk|2\n|move|p2b: Scream Tail|Trick Room|p2b: Scream Tail\n|-fieldstart|move: Trick Room|[of] p2b: Scream Tail\n|\n|-damage|p2b: Scream Tail|47\/100 brn|[from] brn\n|upkeep\n|turn|7\n|inactive|l.barducci2 has 30 seconds left.\n|inactive|Karajony has 30 seconds left.\n|\n|t:|1681799698\n|-terastallize|p2a: Iron Hands|Grass\n|move|p1b: Arcanine|Extreme Speed|p2b: Scream Tail\n|-damage|p2b: Scream Tail|33\/100 brn\n|move|p1a: Amoonguss|Spore|p2a: Iron Hands\n|-immune|p2a: Iron Hands\n|move|p2a: Iron Hands|Wild Charge|p1a: Amoonguss\n|-supereffective|p1a: Amoonguss\n|-damage|p1a: Amoonguss|0 fnt\n|faint|p1a: Amoonguss\n|-damage|p2a: Iron Hands|87\/100|[from] Recoil\n|move|p2b: Scream Tail|Disable|p1b: Arcanine\n|-start|p1b: Arcanine|Disable|Extreme Speed\n|\n|-heal|p2a: Iron Hands|93\/100|[from] item: Leftovers\n|-damage|p2b: Scream Tail|27\/100 brn|[from] brn\n|upkeep\n|\n|t:|1681799717\n|switch|p1a: Ting-Lu|Ting-Lu, L50|100\/100\n|-ability|p1a: Ting-Lu|Vessel of Ruin\n|turn|8\n|\n|t:|1681799733\n|move|p1a: Ting-Lu|Heavy Slam|p2b: Scream Tail\n|-supereffective|p2b: Scream Tail\n|-damage|p2b: Scream Tail|0 fnt\n|faint|p2b: Scream Tail\n|-end|p2b: Scream Tail|Protosynthesis|[silent]\n|move|p2a: Iron Hands|Drain Punch|p1a: Ting-Lu\n|-supereffective|p1a: Ting-Lu\n|-damage|p1a: Ting-Lu|39\/100\n|-heal|p2a: Iron Hands|100\/100|[from] drain|[of] p1a: Ting-Lu\n|move|p1b: Arcanine|Flare Blitz|p2a: Iron Hands\n|-supereffective|p2a: Iron Hands\n|-damage|p2a: Iron Hands|43\/100\n|-damage|p1b: Arcanine|74\/100|[from] Recoil\n|\n|-heal|p2a: Iron Hands|49\/100|[from] item: Leftovers\n|upkeep\n|\n|t:|1681799746\n|switch|p2b: Baxcalibur|Baxcalibur, L50, F|100\/100 slp\n|turn|9\n|\n|t:|1681799764\n|switch|p1a: Flutter Mane|Flutter Mane, L50|100\/100\n|move|p2a: Iron Hands|Drain Punch|p1b: Arcanine\n|-damage|p1b: Arcanine|12\/100\n|-heal|p2a: Iron Hands|72\/100|[from] drain|[of] p1b: Arcanine\n|cant|p2b: Baxcalibur|slp\n|move|p1b: Arcanine|Flare Blitz|p2a: Iron Hands\n|-supereffective|p2a: Iron Hands\n|-damage|p2a: Iron Hands|7\/100\n|-damage|p1b: Arcanine|0 fnt|[from] Recoil\n|faint|p1b: Arcanine\n|\n|-heal|p2a: Iron Hands|13\/100|[from] item: Leftovers\n|upkeep\n|\n|t:|1681799781\n|switch|p1b: Ting-Lu|Ting-Lu, L50|39\/100\n|-ability|p1b: Ting-Lu|Vessel of Ruin\n|turn|10\n|\n|t:|1681799799\n|move|p1b: Ting-Lu|Stomping Tantrum|p2a: Iron Hands\n|-resisted|p2a: Iron Hands\n|-damage|p2a: Iron Hands|4\/100\n|move|p2a: Iron Hands|Wild Charge|p1a: Flutter Mane\n|-crit|p1a: Flutter Mane\n|-damage|p1a: Flutter Mane|0 fnt\n|faint|p1a: Flutter Mane\n|-end|p1a: Flutter Mane|Protosynthesis|[silent]\n|-damage|p2a: Iron Hands|0 fnt|[from] Recoil\n|faint|p2a: Iron Hands\n|-end|p2a: Iron Hands|Quark Drive|[silent]\n|cant|p2b: Baxcalibur|slp\n|\n|-fieldend|move: Trick Room\n|upkeep\n|turn|11\n|\n|t:|1681799817\n|cant|p2b: Baxcalibur|slp\n|move|p1b: Ting-Lu|Heavy Slam|p2b: Baxcalibur\n|-supereffective|p2b: Baxcalibur\n|-damage|p2b: Baxcalibur|68\/100 slp\n|\n|upkeep\n|turn|12\n|\n|t:|1681799827\n|-curestatus|p2b: Baxcalibur|slp|[msg]\n|move|p2b: Baxcalibur|Protect|p2b: Baxcalibur\n|-singleturn|p2b: Baxcalibur|Protect\n|move|p1b: Ting-Lu|Heavy Slam|p2b: Baxcalibur\n|-activate|p2b: Baxcalibur|move: Protect\n|\n|upkeep\n|turn|13\n|\n|t:|1681799838\n|move|p2b: Baxcalibur|Icicle Spear|p1b: Ting-Lu\n|-supereffective|p1b: Ting-Lu\n|-damage|p1b: Ting-Lu|23\/100\n|-supereffective|p1b: Ting-Lu\n|-damage|p1b: Ting-Lu|8\/100\n|-supereffective|p1b: Ting-Lu\n|-damage|p1b: Ting-Lu|0 fnt\n|faint|p1b: Ting-Lu\n|-hitcount|p1: Ting-Lu|3\n|\n|win|Karajony\n|raw|l.barducci2's rating: 1082 → 1065<\/strong> (-17 for losing)\n|raw|Karajony's rating: 1162 → 1181<\/strong> (+19 for winning)\n|l|\u2606l.barducci2\n","uploadtime":1681799877,"views":7,"p1id":"lbarducci2","p2id":"karajony","formatid":"gen9vgc2023regulationc","rating":1065,"private":0,"password":""}