{"id":"gen9vgc2023regulationc-1853207552","p1":"The Umpire","p2":"benutzdeindeo","format":"[Gen 9] VGC 2023 Regulation C","log":"|j|\u2606The Umpire\n|j|\u2606benutzdeindeo\n|t:|1682648686\n|gametype|doubles\n|player|p1|The Umpire|volkner|1524\n|player|p2|benutzdeindeo|1|1627\n|teamsize|p1|6\n|teamsize|p2|6\n|gen|9\n|tier|[Gen 9] VGC 2023 Regulation C\n|rated|\n|rule|Species Clause: Limit one of each Pok\u00e9mon\n|rule|Item Clause: Limit one of each item\n|clearpoke\n|poke|p1|Flutter Mane, L50|\n|poke|p1|Chien-Pao, L50|\n|poke|p1|Ting-Lu, L50|\n|poke|p1|Orthworm, L50, M|\n|poke|p1|Dragonite, L50, M|\n|poke|p1|Gyarados, L50, F|\n|poke|p2|Chien-Pao, L50|\n|poke|p2|Orthworm, L50, M|\n|poke|p2|Ting-Lu, L50|\n|poke|p2|Flutter Mane, L50|\n|poke|p2|Dragonite, L50, M|\n|poke|p2|Gyarados, L50, F|\n|teampreview|4\n|c|\u2606benutzdeindeo|hello there\n|c|\u2606The Umpire|hi nice team\n|c|\u2606benutzdeindeo|yeah man you too\nbenutzdeindeo has agreed to open team sheets.\nThe Umpire has agreed to open team sheets.\n|c|\u2606The Umpire|:)\n|c|\u2606benutzdeindeo|choice band ting lu is such a menace\n|c|\u2606The Umpire|interesting u also removed haze on chien0pao\n|c|\u2606The Umpire|yeah ikr\n|c|\u2606benutzdeindeo|yeah you actually dont need haze i think\n|\n|t:|1682648822\n|start\n|switch|p1a: Ting-Lu|Ting-Lu, L50|100\/100\n|switch|p1b: Orthworm|Orthworm, L50, M, shiny|100\/100\n|switch|p2a: Gyarados|Gyarados, L50, F|100\/100\n|switch|p2b: Dragonite|Dragonite, L50, M|100\/100\n|-ability|p2a: Gyarados|Intimidate|boost\n|-unboost|p1a: Ting-Lu|atk|1\n|-unboost|p1b: Orthworm|atk|1\n|-ability|p1a: Ting-Lu|Vessel of Ruin\n|turn|1\n|\n|t:|1682648854\n|switch|p1b: Gyarados|Gyarados, L50, F, shiny|100\/100\n|-ability|p1b: Gyarados|Intimidate|boost\n|-unboost|p2a: Gyarados|atk|1\n|-unboost|p2b: Dragonite|atk|1\n|move|p2b: Dragonite|Dragon Dance|p2b: Dragonite\n|-boost|p2b: Dragonite|atk|1\n|-boost|p2b: Dragonite|spe|1\n|move|p2a: Gyarados|Waterfall|p1a: Ting-Lu\n|-supereffective|p1a: Ting-Lu\n|-damage|p1a: Ting-Lu|63\/100\n|move|p1a: Ting-Lu|Rock Slide|p2b: Dragonite|[spread] p2a\n|-miss|p1a: Ting-Lu|p2b: Dragonite\n|-supereffective|p2a: Gyarados\n|-damage|p2a: Gyarados|61\/100\n|\n|upkeep\n|turn|2\n|\n|t:|1682648899\n|move|p2b: Dragonite|Dragon Dance|p2b: Dragonite\n|-boost|p2b: Dragonite|atk|1\n|-boost|p2b: Dragonite|spe|1\n|move|p1b: Gyarados|Taunt|p2b: Dragonite\n|-start|p2b: Dragonite|move: Taunt\n|move|p2a: Gyarados|Waterfall|p1a: Ting-Lu\n|-supereffective|p1a: Ting-Lu\n|-damage|p1a: Ting-Lu|27\/100\n|cant|p1a: Ting-Lu|flinch\n|\n|upkeep\n|turn|3\n|\n|t:|1682648916\n|switch|p1b: Orthworm|Orthworm, L50, M, shiny|100\/100\n|-terastallize|p2b: Dragonite|Flying\n|move|p2b: Dragonite|Tera Blast|p1b: Orthworm\n|-resisted|p1b: Orthworm\n|-damage|p1b: Orthworm|70\/100\n|move|p2a: Gyarados|Waterfall|p1a: Ting-Lu\n|-supereffective|p1a: Ting-Lu\n|-damage|p1a: Ting-Lu|0 fnt\n|faint|p1a: Ting-Lu\n|\n|upkeep\n|\n|t:|1682648926\n|switch|p1a: Chien-Pao|Chien-Pao, L50|100\/100\n|-ability|p1a: Chien-Pao|Sword of Ruin\n|turn|4\n|\n|t:|1682648943\n|move|p2b: Dragonite|Tera Blast|p1a: Chien-Pao\n|-enditem|p1a: Chien-Pao|Focus Sash\n|-damage|p1a: Chien-Pao|1\/100\n|move|p1a: Chien-Pao|Ice Spinner|p2b: Dragonite\n|-supereffective|p2b: Dragonite\n|-damage|p2b: Dragonite|47\/100\n|move|p2a: Gyarados|Iron Head|p1a: Chien-Pao\n|-supereffective|p1a: Chien-Pao\n|-damage|p1a: Chien-Pao|0 fnt\n|faint|p1a: Chien-Pao\n|move|p1b: Orthworm|Iron Defense|p1b: Orthworm\n|-boost|p1b: Orthworm|def|2\n|\n|upkeep\n|\n|t:|1682648954\n|switch|p1a: Gyarados|Gyarados, L50, F, shiny|100\/100\n|-ability|p1a: Gyarados|Intimidate|boost\n|-unboost|p2a: Gyarados|atk|1\n|-unboost|p2b: Dragonite|atk|1\n|turn|5\n|\n|t:|1682648980\n|move|p2b: Dragonite|Tera Blast|p1a: Gyarados\n|-damage|p1a: Gyarados|41\/100\n|move|p1a: Gyarados|Thunder Wave|p2a: Gyarados\n|-status|p2a: Gyarados|par\n|move|p1b: Orthworm|Body Press|p2b: Dragonite\n|-resisted|p2b: Dragonite\n|-damage|p2b: Dragonite|16\/100\n|move|p2a: Gyarados|Taunt|p1b: Orthworm\n|-start|p1b: Orthworm|move: Taunt\n|\n|-end|p2b: Dragonite|move: Taunt\n|upkeep\n|turn|6\n|\n|t:|1682649013\n|move|p2b: Dragonite|Tera Blast|p1a: Gyarados\n|-crit|p1a: Gyarados\n|-damage|p1a: Gyarados|0 fnt\n|faint|p1a: Gyarados\n|move|p1b: Orthworm|Body Press|p2b: Dragonite\n|-resisted|p2b: Dragonite\n|-damage|p2b: Dragonite|0 fnt\n|faint|p2b: Dragonite\n|cant|p2a: Gyarados|par\n|\n|upkeep\n|\n|t:|1682649023\n|switch|p2b: Chien-Pao|Chien-Pao, L50|100\/100\n|-ability|p2b: Chien-Pao|Sword of Ruin\n|turn|7\n|\n|t:|1682649034\n|move|p2b: Chien-Pao|Sacred Sword|p1b: Orthworm\n|-supereffective|p1b: Orthworm\n|-damage|p1b: Orthworm|14\/100\n|-enditem|p1b: Orthworm|Sitrus Berry|[eat]\n|-heal|p1b: Orthworm|39\/100|[from] item: Sitrus Berry\n|move|p1b: Orthworm|Heavy Slam|p2b: Chien-Pao\n|-supereffective|p2b: Chien-Pao\n|-damage|p2b: Chien-Pao|45\/100\n|cant|p2a: Gyarados|par\n|\n|upkeep\n|turn|8\n|-message|The Umpire forfeited.\n|\n|win|benutzdeindeo\n|raw|The Umpire's rating: 1524 → 1510<\/strong> (-14 for losing)\n|raw|benutzdeindeo's rating: 1627 → 1641<\/strong> (+14 for winning)\n|l|\u2606The Umpire\n|c|\u2606benutzdeindeo|gg\n","uploadtime":1682649049,"views":6,"p1id":"theumpire","p2id":"benutzdeindeo","formatid":"gen9vgc2023regulationc","rating":1510,"private":0,"password":""}