{"id":"gen9vgc2023regulationc-1860785421","p1":"bwahacough","p2":"zhz2021","format":"[Gen 9] VGC 2023 Regulation C","log":"|j|\u2606bwahacough\n|j|\u2606zhz2021\n|t:|1683677655\n|gametype|doubles\n|player|p1|bwahacough|madame-gen4|1783\n|player|p2|zhz2021|marley|1851\n|teamsize|p1|6\n|teamsize|p2|6\n|gen|9\n|tier|[Gen 9] VGC 2023 Regulation C\n|rated|\n|rule|Species Clause: Limit one of each Pok\u00e9mon\n|rule|Item Clause: Limit one of each item\n|clearpoke\n|poke|p1|Lycanroc, L50, M|\n|poke|p1|Tyranitar, L50, M|\n|poke|p1|Flutter Mane, L50|\n|poke|p1|Chi-Yu, L50|\n|poke|p1|Corviknight, L50, M|\n|poke|p1|Farigiraf, L50, F|\n|poke|p2|Roaring Moon, L50|\n|poke|p2|Brambleghast, L50, F|\n|poke|p2|Iron Hands, L50|\n|poke|p2|Maushold-Four, L50|\n|poke|p2|Flutter Mane, L50|\n|poke|p2|Chi-Yu, L50|\n|teampreview|4\n|inactive|Battle timer is ON: inactive players will automatically lose when time's up. (requested by bwahacough)\nbwahacough has agreed to open team sheets.\n|\n|t:|1683677736\n|start\n|switch|p1a: Lycanroc|Lycanroc, L50, M|100\/100\n|switch|p1b: Tyranitar|Tyranitar, L50, M, shiny|100\/100\n|switch|p2a: \u9b3c\u6708|Roaring Moon, L50, shiny|100\/100\n|switch|p2b: \u91d1\u521a|Iron Hands, L50, shiny|100\/100\n|-weather|Sandstorm|[from] ability: Sand Stream|[of] p1b: Tyranitar\n|-enditem|p2a: \u9b3c\u6708|Booster Energy\n|-activate|p2a: \u9b3c\u6708|ability: Protosynthesis|[fromitem]\n|-start|p2a: \u9b3c\u6708|protosynthesisspe\n|turn|1\n|inactive|bwahacough has 30 seconds left.\n|j| sngngj\n|\n|t:|1683677772\n|switch|p1b: Farigiraf|Farigiraf, L50, F, shiny|100\/100\n|-terastallize|p2a: \u9b3c\u6708|Ghost\n|move|p2b: \u91d1\u521a|Fake Out||[still]\n|cant|p1b: Farigiraf|ability: Armor Tail|Fake Out|[of] p2b: \u91d1\u521a\n|move|p1a: Lycanroc|Close Combat|p2a: \u9b3c\u6708\n|-immune|p2a: \u9b3c\u6708\n|move|p2a: \u9b3c\u6708|Tailwind|p2a: \u9b3c\u6708\n|-sidestart|p2: zhz2021|move: Tailwind\n|\n|-weather|Sandstorm|[upkeep]\n|-damage|p2a: \u9b3c\u6708|95\/100|[from] Sandstorm\n|-damage|p2b: \u91d1\u521a|94\/100|[from] Sandstorm\n|-damage|p1b: Farigiraf|94\/100|[from] Sandstorm\n|upkeep\n|turn|2\n|\n|t:|1683677781\n|move|p2a: \u9b3c\u6708|Taunt|p1b: Farigiraf\n|-start|p1b: Farigiraf|move: Taunt\n|move|p1a: Lycanroc|Rock Slide|p2b: \u91d1\u521a|[spread] p2a,p2b\n|-resisted|p2b: \u91d1\u521a\n|-damage|p2a: \u9b3c\u6708|55\/100\n|-damage|p2b: \u91d1\u521a|84\/100\n|cant|p2b: \u91d1\u521a|flinch\n|move|p1b: Farigiraf|Psychic|p2b: \u91d1\u521a\n|-supereffective|p2b: \u91d1\u521a\n|-damage|p2b: \u91d1\u521a|42\/100\n|\n|-weather|Sandstorm|[upkeep]\n|-damage|p2a: \u9b3c\u6708|49\/100|[from] Sandstorm\n|-damage|p2b: \u91d1\u521a|36\/100|[from] Sandstorm\n|-damage|p1b: Farigiraf|88\/100|[from] Sandstorm\n|upkeep\n|turn|3\n|\n|t:|1683677791\n|move|p1a: Lycanroc|Protect|p1a: Lycanroc\n|-singleturn|p1a: Lycanroc|Protect\n|move|p2a: \u9b3c\u6708|Breaking Swipe|p1b: Farigiraf|[spread] p1b\n|-activate|p1a: Lycanroc|move: Protect\n|-damage|p1b: Farigiraf|69\/100\n|-unboost|p1b: Farigiraf|atk|1\n|move|p2b: \u91d1\u521a|Drain Punch|p1a: Lycanroc\n|-activate|p1a: Lycanroc|move: Protect\n|move|p1b: Farigiraf|Psychic|p2b: \u91d1\u521a\n|-supereffective|p2b: \u91d1\u521a\n|-damage|p2b: \u91d1\u521a|0 fnt\n|faint|p2b: \u91d1\u521a\n|-end|p2b: \u91d1\u521a|Quark Drive|[silent]\n|\n|-weather|Sandstorm|[upkeep]\n|-damage|p2a: \u9b3c\u6708|43\/100|[from] Sandstorm\n|-damage|p1b: Farigiraf|62\/100|[from] Sandstorm\n|upkeep\n|\n|t:|1683677794\n|switch|p2b: \u5929\u9053|Chi-Yu, L50|100\/100\n|-ability|p2b: \u5929\u9053|Beads of Ruin\n|turn|4\n|\n|t:|1683677802\n|switch|p1a: Flutter Mane|Flutter Mane, L50, shiny|100\/100\n|-enditem|p1a: Flutter Mane|Booster Energy\n|-activate|p1a: Flutter Mane|ability: Protosynthesis|[fromitem]\n|-start|p1a: Flutter Mane|protosynthesisspa\n|move|p2a: \u9b3c\u6708|Breaking Swipe|p1b: Farigiraf|[spread] p1b\n|-immune|p1a: Flutter Mane\n|-damage|p1b: Farigiraf|43\/100\n|-unboost|p1b: Farigiraf|atk|1\n|-enditem|p1b: Farigiraf|Sitrus Berry|[eat]\n|-heal|p1b: Farigiraf|68\/100|[from] item: Sitrus Berry\n|move|p2b: \u5929\u9053|Dark Pulse|p1a: Flutter Mane\n|-damage|p1a: Flutter Mane|14\/100\n|-damage|p2b: \u5929\u9053|91\/100|[from] item: Life Orb\n|move|p1b: Farigiraf|Dazzling Gleam|p2b: \u5929\u9053|[spread] p2a,p2b\n|-damage|p2a: \u9b3c\u6708|24\/100\n|-damage|p2b: \u5929\u9053|74\/100\n|\n|-weather|Sandstorm|[upkeep]\n|-damage|p2a: \u9b3c\u6708|18\/100|[from] Sandstorm\n|-damage|p2b: \u5929\u9053|68\/100|[from] Sandstorm\n|-damage|p1a: Flutter Mane|7\/100|[from] Sandstorm\n|-damage|p1b: Farigiraf|62\/100|[from] Sandstorm\n|-end|p1b: Farigiraf|move: Taunt\n|-sideend|p2: zhz2021|move: Tailwind\n|upkeep\n|turn|5\n|\n|t:|1683677812\n|move|p2a: \u9b3c\u6708|Tailwind|p2a: \u9b3c\u6708\n|-sidestart|p2: zhz2021|move: Tailwind\n|move|p2b: \u5929\u9053|Heat Wave|p1b: Farigiraf|[spread] p1b\n|-miss|p2b: \u5929\u9053|p1a: Flutter Mane\n|-damage|p1b: Farigiraf|0 fnt\n|faint|p1b: Farigiraf\n|-damage|p2b: \u5929\u9053|59\/100|[from] item: Life Orb\n|move|p1a: Flutter Mane|Dazzling Gleam|p2b: \u5929\u9053|[spread] p2a,p2b\n|-damage|p2a: \u9b3c\u6708|0 fnt\n|-damage|p2b: \u5929\u9053|6\/100\n|faint|p2a: \u9b3c\u6708\n|-end|p2a: \u9b3c\u6708|Protosynthesis|[silent]\n|\n|-weather|none\n|upkeep\n|\n|t:|1683677818\n|switch|p2a: \u4e9a\u68a6|Flutter Mane, L50, shiny|100\/100\n|switch|p1b: Tyranitar|Tyranitar, L50, M, shiny|100\/100\n|-weather|Sandstorm|[from] ability: Sand Stream|[of] p1b: Tyranitar\n|turn|6\n|\n|t:|1683677823\n|move|p1b: Tyranitar|Protect|p1b: Tyranitar\n|-singleturn|p1b: Tyranitar|Protect\n|move|p2a: \u4e9a\u68a6|Dazzling Gleam|p1b: Tyranitar|[spread] p1a\n|-activate|p1b: Tyranitar|move: Protect\n|-damage|p1a: Flutter Mane|0 fnt\n|faint|p1a: Flutter Mane\n|-end|p1a: Flutter Mane|Protosynthesis|[silent]\n|move|p2b: \u5929\u9053|Heat Wave|p1b: Tyranitar\n|-activate|p1b: Tyranitar|move: Protect\n|\n|-weather|Sandstorm|[upkeep]\n|-damage|p2a: \u4e9a\u68a6|94\/100|[from] Sandstorm\n|-damage|p2b: \u5929\u9053|0 fnt|[from] Sandstorm\n|faint|p2b: \u5929\u9053\n|upkeep\n|j| merahmerona\n|\n|t:|1683677842\n|switch|p1a: Lycanroc|Lycanroc, L50, M|100\/100\n|turn|7\n|inactive|zhz2021 has 30 seconds left.\n|\n|t:|1683677868\n|-terastallize|p1b: Tyranitar|Flying\n|move|p2a: \u4e9a\u68a6|Dazzling Gleam|p1a: Lycanroc|[spread] p1a,p1b\n|-damage|p1a: Lycanroc|60\/100\n|-damage|p1b: Tyranitar|74\/100\n|move|p1a: Lycanroc|Rock Slide|p2a: \u4e9a\u68a6|[miss]\n|-miss|p1a: Lycanroc|p2a: \u4e9a\u68a6\n|move|p1b: Tyranitar|Assurance|p2a: \u4e9a\u68a6\n|-damage|p2a: \u4e9a\u68a6|23\/100\n|\n|-weather|Sandstorm|[upkeep]\n|-damage|p2a: \u4e9a\u68a6|17\/100|[from] Sandstorm\n|-damage|p1b: Tyranitar|68\/100|[from] Sandstorm\n|upkeep\n|turn|8\n|l| sngngj\n|\n|t:|1683677886\n|move|p2a: \u4e9a\u68a6|Dazzling Gleam|p1b: Tyranitar|[spread] p1a,p1b\n|-damage|p1a: Lycanroc|22\/100\n|-damage|p1b: Tyranitar|42\/100\n|move|p1a: Lycanroc|Rock Slide|p2a: \u4e9a\u68a6\n|-damage|p2a: \u4e9a\u68a6|0 fnt\n|faint|p2a: \u4e9a\u68a6\n|-end|p2a: \u4e9a\u68a6|Protosynthesis|[silent]\n|\n|win|bwahacough\n|raw|bwahacough's rating: 1771 → 1796<\/strong> (+25 for winning)\n|raw|zhz2021's rating: 1851 → 1826<\/strong> (-25 for losing)\n|l|\u2606zhz2021\n","uploadtime":1683679604,"views":20,"p1id":"bwahacough","p2id":"zhz2021","formatid":"gen9vgc2023regulationc","rating":1796,"private":0,"password":""}