{"id":"gen9vgc2023regulationc-1860001698","p1":"P OMEGALUL L","p2":"UUMoha","format":"[Gen 9] VGC 2023 Regulation C","log":"|j|\u2606P OMEGALUL L\n|j|\u2606UUMoha\n|t:|1683583827\n|gametype|doubles\n|player|p1|P OMEGALUL L|265|\n|player|p2|UUMoha|iris-gen5bw2|\n|teamsize|p1|6\n|teamsize|p2|6\n|gen|9\n|tier|[Gen 9] VGC 2023 Regulation C\n|rated|Tournament battle\n|rule|Species Clause: Limit one of each Pok\u00e9mon\n|rule|Item Clause: Limit one of each item\n|clearpoke\n|poke|p1|Iron Bundle, L50|\n|poke|p1|Abomasnow, L50, M|\n|poke|p1|Ceruledge, L50, M|\n|poke|p1|Maushold-Four, L50|\n|poke|p1|Ting-Lu, L50|\n|poke|p1|Great Tusk, L50|\n|poke|p2|Azumarill, L50, M|\n|poke|p2|Hatterene, L50, F|\n|poke|p2|Ting-Lu, L50|\n|poke|p2|Farigiraf, L50, F|\n|poke|p2|Brute Bonnet, L50|\n|poke|p2|Annihilape, L50, F|\n|teampreview|4\n|raw| Open Team Sheet for P OMEGALUL L<\/summary>Iron Bundle @ Booster Energy Ability: Quark Drive Level: 50 Tera Type: Ice - Blizzard - Hydro Pump - Aurora Veil - Protect Abomasnow @ Focus Sash Ability: Snow Warning Level: 50 Tera Type: Water - Blizzard - Energy Ball - Aurora Veil - Protect Ceruledge @ Clear Amulet Ability: Flash Fire Level: 50 Tera Type: Grass - Bitter Blade - Shadow Sneak - Bulk Up - Protect Maushold (Maushold-Four) @ Safety Goggles Ability: Friend Guard Level: 50 Tera Type: Ghost - Super Fang - Follow Me - Encore - Protect Ting-Lu @ Assault Vest Ability: Vessel of Ruin Level: 50 Tera Type: Grass - Stomping Tantrum - Heavy Slam - Payback - Ruination Great Tusk @ Choice Scarf Ability: Protosynthesis Level: 50 Hidden Power: Fighting Tera Type: Ground - Headlong Rush - Close Combat - Earthquake - Rock Slide <\/details><\/div> Open Team Sheet for UUMoha<\/summary>Azumarill @ Choice Band Ability: Huge Power Level: 50 Shiny: Yes Tera Type: Water - Play Rough - Aqua Jet - Liquidation - Brick Break Hatterene (F) @ Life Orb Ability: Magic Bounce Level: 50 Shiny: Yes Tera Type: Fairy - Protect - Psychic - Mystical Fire - Dazzling Gleam Ting-Lu @ Assault Vest Ability: Vessel of Ruin Level: 50 Tera Type: Grass - Stomping Tantrum - Rock Slide - Heavy Slam - Ruination Farigiraf @ Mental Herb Ability: Armor Tail Level: 50 Tera Type: Fairy - Protect - Psychic - Trick Room - Helping Hand Brute Bonnet @ Loaded Dice Ability: Protosynthesis Level: 50 Tera Type: Poison - Bullet Seed - Spore - Sucker Punch - Rage Powder Annihilape @ Choice Scarf Ability: Defiant Level: 50 Tera Type: Grass - Close Combat - Shadow Claw - U-turn - Final Gambit <\/details><\/div>\n|inactive|Battle timer is ON: inactive players will automatically lose when time's up. (requested by UUMoha)\n|inactive|P OMEGALUL L has 60 seconds left.\n|\n|t:|1683583882\n|start\n|switch|p1a: Iron Bundle|Iron Bundle, L50|100\/100\n|switch|p1b: Abomasnow|Abomasnow, L50, M|100\/100\n|switch|p2a: Annihilape|Annihilape, L50, F|100\/100\n|switch|p2b: Azumarill|Azumarill, L50, M, shiny|100\/100\n|-weather|Snow|[from] ability: Snow Warning|[of] p1b: Abomasnow\n|-enditem|p1a: Iron Bundle|Booster Energy\n|-activate|p1a: Iron Bundle|ability: Quark Drive|[fromitem]\n|-start|p1a: Iron Bundle|quarkdrivespe\n|turn|1\n|\n|t:|1683583898\n|move|p2b: Azumarill|Aqua Jet|p1b: Abomasnow\n|-resisted|p1b: Abomasnow\n|-damage|p1b: Abomasnow|84\/100\n|move|p1a: Iron Bundle|Aurora Veil|p1a: Iron Bundle\n|-sidestart|p1: P OMEGALUL L|move: Aurora Veil\n|move|p2a: Annihilape|Final Gambit|p1b: Abomasnow\n|-damage|p1b: Abomasnow|0 fnt\n|faint|p2a: Annihilape\n|faint|p1b: Abomasnow\n|\n|-weather|Snow|[upkeep]\n|upkeep\n|\n|t:|1683583917\n|switch|p2a: Farigiraf|Farigiraf, L50, F|100\/100\n|switch|p1b: Ceruledge|Ceruledge, L50, M|100\/100\n|turn|2\n|\n|t:|1683583929\n|switch|p2b: Hatterene|Hatterene, L50, F, shiny|100\/100\n|-terastallize|p1b: Ceruledge|Grass\n|move|p2a: Farigiraf|Protect|p2a: Farigiraf\n|-singleturn|p2a: Farigiraf|Protect\n|move|p1a: Iron Bundle|Blizzard|p2b: Hatterene|[spread] p2b\n|-activate|p2a: Farigiraf|move: Protect\n|-damage|p2b: Hatterene|64\/100\n|move|p1b: Ceruledge|Bulk Up|p1b: Ceruledge\n|-boost|p1b: Ceruledge|atk|1\n|-boost|p1b: Ceruledge|def|1\n|\n|-weather|Snow|[upkeep]\n|upkeep\n|turn|3\n|\n|t:|1683583956\n|move|p2b: Hatterene|Protect|p2b: Hatterene\n|-singleturn|p2b: Hatterene|Protect\n|move|p1a: Iron Bundle|Blizzard|p2a: Farigiraf|[spread] p2a\n|-activate|p2b: Hatterene|move: Protect\n|-damage|p2a: Farigiraf|76\/100\n|move|p1b: Ceruledge|Bitter Blade|p2a: Farigiraf\n|-damage|p2a: Farigiraf|12\/100\n|move|p2a: Farigiraf|Trick Room|p2a: Farigiraf\n|-fieldstart|move: Trick Room|[of] p2a: Farigiraf\n|\n|-weather|Snow|[upkeep]\n|upkeep\n|turn|4\n|\n|t:|1683583973\n|switch|p2b: Azumarill|Azumarill, L50, M, shiny|100\/100\n|move|p2a: Farigiraf|Protect|p2a: Farigiraf\n|-singleturn|p2a: Farigiraf|Protect\n|move|p1a: Iron Bundle|Protect|p1a: Iron Bundle\n|-singleturn|p1a: Iron Bundle|Protect\n|move|p1b: Ceruledge|Bitter Blade|p2a: Farigiraf\n|-activate|p2a: Farigiraf|move: Protect\n|\n|-weather|Snow|[upkeep]\n|upkeep\n|turn|5\n|\n|t:|1683583987\n|move|p2a: Farigiraf|Helping Hand|p2b: Azumarill\n|-singleturn|p2b: Azumarill|Helping Hand|[of] p2a: Farigiraf\n|move|p2b: Azumarill|Brick Break|p1a: Iron Bundle\n|-sideend|p1: P OMEGALUL L|move: Aurora Veil\n|-supereffective|p1a: Iron Bundle\n|-damage|p1a: Iron Bundle|0 fnt\n|faint|p1a: Iron Bundle\n|-end|p1a: Iron Bundle|Quark Drive|[silent]\n|move|p1b: Ceruledge|Bitter Blade|p2b: Azumarill\n|-resisted|p2b: Azumarill\n|-damage|p2b: Azumarill|67\/100\n|\n|-weather|none\n|upkeep\n|\n|t:|1683583997\n|switch|p1a: Ting-Lu|Ting-Lu, L50|100\/100\n|-ability|p1a: Ting-Lu|Vessel of Ruin\n|turn|6\n|\n|t:|1683584013\n|move|p2a: Farigiraf|Helping Hand|p2b: Azumarill\n|-singleturn|p2b: Azumarill|Helping Hand|[of] p2a: Farigiraf\n|move|p2b: Azumarill|Brick Break|p1a: Ting-Lu\n|-supereffective|p1a: Ting-Lu\n|-damage|p1a: Ting-Lu|18\/100\n|move|p1a: Ting-Lu|Heavy Slam|p2b: Azumarill\n|-damage|p2b: Azumarill|30\/100\n|move|p1b: Ceruledge|Bitter Blade|p2a: Farigiraf\n|-damage|p2a: Farigiraf|0 fnt\n|faint|p2a: Farigiraf\n|\n|upkeep\n|\n|t:|1683584017\n|switch|p2a: Hatterene|Hatterene, L50, F, shiny|64\/100\n|turn|7\n|\n|t:|1683584038\n|-terastallize|p2a: Hatterene|Fairy\n|move|p1b: Ceruledge|Shadow Sneak|p2b: Azumarill\n|-damage|p2b: Azumarill|0 fnt\n|faint|p2b: Azumarill\n|move|p2a: Hatterene|Dazzling Gleam|p1b: Ceruledge|[spread] p1a,p1b\n|-supereffective|p1a: Ting-Lu\n|-damage|p1a: Ting-Lu|0 fnt\n|-damage|p1b: Ceruledge|56\/100\n|faint|p1a: Ting-Lu\n|-damage|p2a: Hatterene|54\/100|[from] item: Life Orb\n|\n|-fieldend|move: Trick Room\n|upkeep\n|turn|8\n|\n|t:|1683584049\n|move|p1b: Ceruledge|Bitter Blade|p2a: Hatterene\n|-damage|p2a: Hatterene|0 fnt\n|-heal|p1b: Ceruledge|81\/100|[from] drain|[of] p2a: Hatterene\n|faint|p2a: Hatterene\n|\n|win|P OMEGALUL L\n|n|\u2606P OMEGALUL L|pomegalull\n|n|\u2606UUMoha|uumoha\n","uploadtime":1683584056,"views":11,"p1id":"pomegalull","p2id":"uumoha","formatid":"gen9vgc2023regulationc","rating":0,"private":0,"password":""}