{"id":"gen9vgc2023regulationc-1861129719","p1":"biribirijyuu","p2":"D-scNSe","format":"[Gen 9] VGC 2023 Regulation C","log":"|j|\u2606biribirijyuu\n|j|\u2606D-scNSe\n|t:|1683729191\n|gametype|doubles\n|player|p1|biribirijyuu|1|1319\n|player|p2|D-scNSe|169|1379\n|teamsize|p1|6\n|teamsize|p2|6\n|gen|9\n|tier|[Gen 9] VGC 2023 Regulation C\n|rated|\n|rule|Species Clause: Limit one of each Pok\u00e9mon\n|rule|Item Clause: Limit one of each item\n|clearpoke\n|poke|p1|Chi-Yu, L50|\n|poke|p1|Dragonite, L50, M|\n|poke|p1|Flutter Mane, L50|\n|poke|p1|Glimmora, L50, M|\n|poke|p1|Farigiraf, L50, M|\n|poke|p1|Scizor, L50, F|\n|poke|p2|Flutter Mane, L50|\n|poke|p2|Ting-Lu, L50|\n|poke|p2|Maushold-Four, L50|\n|poke|p2|Annihilape, L50, F|\n|poke|p2|Iron Bundle, L50|\n|poke|p2|Arcanine, L50, F|\n|teampreview|4\n|\n|t:|1683729219\n|start\n|switch|p1a: Glimmora|Glimmora, L50, M|100\/100\n|switch|p1b: Farigiraf|Farigiraf, L50, M|100\/100\n|switch|p2a: Ting-Lu|Ting-Lu, L50|100\/100\n|switch|p2b: Arcanine|Arcanine, L50, F|100\/100\n|-ability|p2b: Arcanine|Intimidate|boost\n|-unboost|p1a: Glimmora|atk|1\n|-unboost|p1b: Farigiraf|atk|1\n|-ability|p2a: Ting-Lu|Vessel of Ruin\n|turn|1\n|inactive|Battle timer is ON: inactive players will automatically lose when time's up. (requested by biribirijyuu)\n|\n|t:|1683729244\n|-terastallize|p1a: Glimmora|Grass\n|-terastallize|p2a: Ting-Lu|Poison\n|move|p2b: Arcanine|Protect|p2b: Arcanine\n|-singleturn|p2b: Arcanine|Protect\n|move|p1a: Glimmora|Mortal Spin|p2a: Ting-Lu|[spread] p2a\n|-activate|p2b: Arcanine|move: Protect\n|-resisted|p2a: Ting-Lu\n|-damage|p2a: Ting-Lu|99\/100\n|move|p1b: Farigiraf|Hyper Voice|p2a: Ting-Lu|[spread] p2a\n|-activate|p2b: Arcanine|move: Protect\n|-damage|p2a: Ting-Lu|86\/100\n|-enditem|p1b: Farigiraf|Throat Spray\n|-boost|p1b: Farigiraf|spa|1|[from] item: Throat Spray\n|move|p2a: Ting-Lu|Stomping Tantrum|p1a: Glimmora\n|-resisted|p1a: Glimmora\n|-damage|p1a: Glimmora|82\/100\n|-activate|p1a: Glimmora|ability: Toxic Debris\n|-sidestart|p2: D-scNSe|move: Toxic Spikes\n|\n|upkeep\n|turn|2\n|inactive|biribirijyuu has 30 seconds left.\n|\n|t:|1683729276\n|switch|p1a: Dragonite|Dragonite, L50, M|100\/100\n|move|p2b: Arcanine|Flare Blitz|p1a: Dragonite\n|-resisted|p1a: Dragonite\n|-damage|p1a: Dragonite|89\/100\n|-damage|p2b: Arcanine|97\/100|[from] Recoil\n|move|p1b: Farigiraf|Psychic|p2a: Ting-Lu\n|-supereffective|p2a: Ting-Lu\n|-damage|p2a: Ting-Lu|34\/100\n|move|p2a: Ting-Lu|Ruination|p1b: Farigiraf\n|-damage|p1b: Farigiraf|51\/100\n|\n|upkeep\n|turn|3\n|\n|t:|1683729296\n|switch|p2a: Iron Bundle|Iron Bundle, L50|100\/100\n|-status|p2a: Iron Bundle|psn\n|move|p1b: Farigiraf|Protect|p1b: Farigiraf\n|-singleturn|p1b: Farigiraf|Protect\n|move|p2b: Arcanine|Will-O-Wisp|p1a: Dragonite|[miss]\n|-miss|p2b: Arcanine|p1a: Dragonite\n|move|p1a: Dragonite|Earthquake|p2b: Arcanine|[spread] p2a,p2b\n|-activate|p1b: Farigiraf|move: Protect\n|-crit|p2a: Iron Bundle\n|-supereffective|p2b: Arcanine\n|-damage|p2a: Iron Bundle|29\/100 psn\n|-damage|p2b: Arcanine|5\/100\n|-enditem|p2b: Arcanine|Sitrus Berry|[eat]\n|-heal|p2b: Arcanine|30\/100|[from] item: Sitrus Berry\n|\n|-damage|p2a: Iron Bundle|17\/100 psn|[from] psn\n|upkeep\n|turn|4\n|\n|t:|1683729319\n|switch|p1a: Flutter Mane|Flutter Mane, L50|100\/100\n|-enditem|p1a: Flutter Mane|Booster Energy\n|-activate|p1a: Flutter Mane|ability: Protosynthesis|[fromitem]\n|-start|p1a: Flutter Mane|protosynthesisspe\n|switch|p1b: Glimmora|Glimmora, L50, M, tera:Grass|82\/100\n|move|p2a: Iron Bundle|Freeze-Dry|p1a: Flutter Mane\n|-damage|p1a: Flutter Mane|64\/100\n|-status|p1a: Flutter Mane|frz\n|move|p2b: Arcanine|Flare Blitz|p1b: Glimmora\n|-supereffective|p1b: Glimmora\n|-damage|p1b: Glimmora|0 fnt\n|-activate|p1b: Glimmora|ability: Toxic Debris\n|-sidestart|p2: D-scNSe|move: Toxic Spikes\n|faint|p1b: Glimmora\n|-damage|p2b: Arcanine|5\/100|[from] Recoil\n|\n|-damage|p2a: Iron Bundle|5\/100 psn|[from] psn\n|upkeep\n|\n|t:|1683729341\n|switch|p1b: Farigiraf|Farigiraf, L50, M|51\/100\n|turn|5\n|\n|t:|1683729353\n|move|p1b: Farigiraf|Protect|p1b: Farigiraf\n|-singleturn|p1b: Farigiraf|Protect\n|cant|p1a: Flutter Mane|frz\n|move|p2a: Iron Bundle|Freeze-Dry|p1b: Farigiraf\n|-activate|p1b: Farigiraf|move: Protect\n|move|p2b: Arcanine|Flare Blitz|p1b: Farigiraf\n|-activate|p1b: Farigiraf|move: Protect\n|\n|-damage|p2a: Iron Bundle|0 fnt|[from] psn\n|faint|p2a: Iron Bundle\n|-end|p2a: Iron Bundle|Quark Drive|[silent]\n|upkeep\n|\n|t:|1683729358\n|switch|p2a: Ting-Lu|Ting-Lu, L50, tera:Poison|34\/100\n|-sideend|p2: D-scNSe|move: Toxic Spikes|[of] p2a: Ting-Lu\n|-ability|p2a: Ting-Lu|Vessel of Ruin\n|turn|6\n|\n|t:|1683729376\n|cant|p1a: Flutter Mane|frz\n|move|p2b: Arcanine|Flare Blitz|p1b: Farigiraf\n|-damage|p1b: Farigiraf|0 fnt\n|faint|p1b: Farigiraf\n|-damage|p2b: Arcanine|0 fnt|[from] Recoil\n|faint|p2b: Arcanine\n|move|p2a: Ting-Lu|Heavy Slam|p1a: Flutter Mane\n|-supereffective|p1a: Flutter Mane\n|-damage|p1a: Flutter Mane|0 fnt\n|faint|p1a: Flutter Mane\n|-end|p1a: Flutter Mane|Protosynthesis|[silent]\n|\n|upkeep\n|\n|t:|1683729390\n|switch|p2b: Annihilape|Annihilape, L50, F|100\/100\n|switch|p1b: Dragonite|Dragonite, L50, M|89\/100\n|turn|7\n|-message|biribirijyuu forfeited.\n|\n|win|D-scNSe\n|raw|biribirijyuu's rating: 1319 → 1302<\/strong> (-17 for losing)\n|raw|D-scNSe's rating: 1379 → 1396<\/strong> (+17 for winning)\n|l|\u2606biribirijyuu\n","uploadtime":1683729402,"views":12,"p1id":"biribirijyuu","p2id":"dscnse","formatid":"gen9vgc2023regulationc","rating":1302,"private":0,"password":""}