{"id":"gen9vgc2023regulationc-1850833126","p1":"Benjaturtle","p2":"Vulcan Megabolter","format":"[Gen 9] VGC 2023 Regulation C","log":"|j|\u2606Benjaturtle\n|j|\u2606Vulcan Megabolter\n|t:|1682372367\n|gametype|doubles\n|player|p1|Benjaturtle|infielder|1181\n|player|p2|Vulcan Megabolter|hilbert|1163\n|teamsize|p1|6\n|teamsize|p2|6\n|gen|9\n|tier|[Gen 9] VGC 2023 Regulation C\n|rated|\n|rule|Species Clause: Limit one of each Pok\u00e9mon\n|rule|Item Clause: Limit one of each item\n|clearpoke\n|poke|p1|Ceruledge, L50, M|\n|poke|p1|Gastrodon-East, L50, F|\n|poke|p1|Grimmsnarl, L50, M|\n|poke|p1|Flutter Mane, L50|\n|poke|p1|Dragapult, L50, M|\n|poke|p1|Chien-Pao, L50|\n|poke|p2|Ting-Lu, L50|\n|poke|p2|Murkrow, L50, F|\n|poke|p2|Gholdengo, L50|\n|poke|p2|Iron Hands, L50|\n|poke|p2|Amoonguss, L50, M|\n|poke|p2|Scizor, L50, M|\n|teampreview|4\n|inactive|Battle timer is ON: inactive players will automatically lose when time's up. (requested by Vulcan Megabolter)\n|\n|t:|1682372411\n|start\n|switch|p1a: Grimmsnarl|Grimmsnarl, L50, M|100\/100\n|switch|p1b: Dragapult|Dragapult, L50, M|100\/100\n|switch|p2a: Ting-Lu|Ting-Lu, L50|100\/100\n|switch|p2b: Murkrow|Murkrow, L50, F|100\/100\n|-ability|p2a: Ting-Lu|Vessel of Ruin\n|turn|1\n|\n|t:|1682372421\n|move|p1a: Grimmsnarl|Fake Out|p2b: Murkrow\n|-damage|p2b: Murkrow|74\/100\n|-damage|p1a: Grimmsnarl|91\/100|[from] item: Life Orb\n|cant|p2b: Murkrow|flinch\n|move|p1b: Dragapult|U-turn|p2a: Ting-Lu\n|-supereffective|p2a: Ting-Lu\n|-damage|p2a: Ting-Lu|54\/100\n|\n|t:|1682372430\n|switch|p1b: Chien-Pao|Chien-Pao, L50|100\/100|[from] U-turn\n|-ability|p1b: Chien-Pao|Sword of Ruin\n|move|p2a: Ting-Lu|Throat Chop|p1b: Chien-Pao\n|-resisted|p1b: Chien-Pao\n|-damage|p1b: Chien-Pao|73\/100\n|-start|p1b: Chien-Pao|Throat Chop|[silent]\n|\n|upkeep\n|turn|2\n|\n|t:|1682372443\n|-terastallize|p2a: Ting-Lu|Fairy\n|move|p2b: Murkrow|Tailwind|p2b: Murkrow\n|-sidestart|p2: Vulcan Megabolter|move: Tailwind\n|move|p1b: Chien-Pao|Ice Spinner|p2a: Ting-Lu\n|-damage|p2a: Ting-Lu|22\/100\n|move|p2a: Ting-Lu|Rock Slide|p1a: Grimmsnarl|[spread] p1a,p1b\n|-crit|p1a: Grimmsnarl\n|-supereffective|p1b: Chien-Pao\n|-damage|p1a: Grimmsnarl|43\/100\n|-damage|p1b: Chien-Pao|19\/100\n|cant|p1a: Grimmsnarl|flinch\n|\n|-end|p1b: Chien-Pao|Throat Chop|[silent]\n|upkeep\n|turn|3\n|\n|t:|1682372461\n|move|p1a: Grimmsnarl|Thunder Wave|p2a: Ting-Lu\n|-status|p2a: Ting-Lu|par\n|move|p2b: Murkrow|Icy Wind|p1b: Chien-Pao|[spread] p1b\n|-miss|p2b: Murkrow|p1a: Grimmsnarl\n|-resisted|p1b: Chien-Pao\n|-damage|p1b: Chien-Pao|13\/100\n|-unboost|p1b: Chien-Pao|spe|1\n|move|p1b: Chien-Pao|Ice Spinner|p2a: Ting-Lu\n|-damage|p2a: Ting-Lu|0 fnt\n|faint|p2a: Ting-Lu\n|\n|upkeep\n|\n|t:|1682372472\n|switch|p2a: Iron Hands|Iron Hands, L50, shiny|100\/100\n|-enditem|p2a: Iron Hands|Booster Energy\n|-activate|p2a: Iron Hands|ability: Quark Drive|[fromitem]\n|-start|p2a: Iron Hands|quarkdriveatk\n|turn|4\n|\n|t:|1682372485\n|switch|p2b: Amoonguss|Amoonguss, L50, M, shiny|100\/100\n|move|p2a: Iron Hands|Fake Out|p1b: Chien-Pao\n|-damage|p1b: Chien-Pao|0 fnt\n|faint|p1b: Chien-Pao\n|move|p1a: Grimmsnarl|Thunder Wave|p2b: Amoonguss\n|-status|p2b: Amoonguss|par\n|\n|upkeep\n|\n|t:|1682372493\n|switch|p1b: Flutter Mane|Flutter Mane, L50|100\/100\n|-enditem|p1b: Flutter Mane|Booster Energy\n|-activate|p1b: Flutter Mane|ability: Protosynthesis|[fromitem]\n|-start|p1b: Flutter Mane|protosynthesisspe\n|turn|5\n|\n|t:|1682372500\n|-terastallize|p1b: Flutter Mane|Fairy\n|move|p2b: Amoonguss|Rage Powder|p2b: Amoonguss\n|-singleturn|p2b: Amoonguss|move: Rage Powder\n|move|p1b: Flutter Mane|Dazzling Gleam|p2b: Amoonguss|[spread] p2a,p2b\n|-supereffective|p2a: Iron Hands\n|-resisted|p2b: Amoonguss\n|-damage|p2a: Iron Hands|44\/100\n|-damage|p2b: Amoonguss|78\/100 par\n|move|p2a: Iron Hands|Wild Charge|p1b: Flutter Mane\n|-damage|p1b: Flutter Mane|0 fnt\n|faint|p1b: Flutter Mane\n|-end|p1b: Flutter Mane|Protosynthesis|[silent]\n|-damage|p2a: Iron Hands|31\/100|[from] Recoil\n|move|p1a: Grimmsnarl|Spirit Break|p2b: Amoonguss\n|-resisted|p2b: Amoonguss\n|-damage|p2b: Amoonguss|57\/100 par\n|-unboost|p2b: Amoonguss|spa|1\n|-damage|p1a: Grimmsnarl|26\/100|[from] item: Rocky Helmet|[of] p2b: Amoonguss\n|-damage|p1a: Grimmsnarl|16\/100|[from] item: Life Orb\n|\n|-sideend|p2: Vulcan Megabolter|move: Tailwind\n|upkeep\n|\n|t:|1682372511\n|switch|p1b: Dragapult|Dragapult, L50, M|100\/100\n|turn|6\n|\n|t:|1682372520\n|move|p2b: Amoonguss|Rage Powder|p2b: Amoonguss\n|-singleturn|p2b: Amoonguss|move: Rage Powder\n|move|p1b: Dragapult|Dragon Darts|p2b: Amoonguss\n|-damage|p2b: Amoonguss|28\/100 par\n|-anim|p1b: Dragapult|Dragon Darts|p2b: Amoonguss\n|-damage|p2b: Amoonguss|0 fnt\n|faint|p2b: Amoonguss\n|move|p1a: Grimmsnarl|Spirit Break|p2a: Iron Hands\n|-supereffective|p2a: Iron Hands\n|-damage|p2a: Iron Hands|0 fnt\n|faint|p2a: Iron Hands\n|-end|p2a: Iron Hands|Quark Drive|[silent]\n|-damage|p1a: Grimmsnarl|6\/100|[from] item: Life Orb\n|\n|upkeep\n|-message|Vulcan Megabolter forfeited.\n|\n|win|Benjaturtle\n|raw|Benjaturtle's rating: 1181 → 1205<\/strong> (+24 for winning)\n|raw|Vulcan Megabolter's rating: 1163 → 1139<\/strong> (-24 for losing)\n|l|\u2606Vulcan Megabolter\n","uploadtime":1682372532,"views":14,"p1id":"benjaturtle","p2id":"vulcanmegabolter","formatid":"gen9vgc2023regulationc","rating":1139,"private":0,"password":""}