{"id":"gen9vgc2023regulationc-1850342818","p1":"iPikari","p2":"ExcelSheet","format":"[Gen 9] VGC 2023 Regulation C","log":"|j|\u2606iPikari\n|j|\u2606ExcelSheet\n|t:|1682321545\n|gametype|doubles\n|player|p1|iPikari|cheren-gen5bw2|1173\n|player|p2|ExcelSheet|hilbert-wonderlauncher|1149\n|teamsize|p1|6\n|teamsize|p2|6\n|gen|9\n|tier|[Gen 9] VGC 2023 Regulation C\n|rated|\n|rule|Species Clause: Limit one of each Pok\u00e9mon\n|rule|Item Clause: Limit one of each item\n|clearpoke\n|poke|p1|Baxcalibur, L50, M|\n|poke|p1|Palafin, L50, M|\n|poke|p1|Scream Tail, L50|\n|poke|p1|Annihilape, L50, F|\n|poke|p1|Farigiraf, L50, F|\n|poke|p1|Glimmora, L50, F|\n|poke|p2|Flutter Mane, L50|\n|poke|p2|Great Tusk, L50|\n|poke|p2|Scizor, L50, F|\n|poke|p2|Corviknight, L50, F|\n|poke|p2|Chi-Yu, L50|\n|poke|p2|Iron Bundle, L50|\n|teampreview|4\n|inactive|Battle timer is ON: inactive players will automatically lose when time's up. (requested by ExcelSheet)\nExcelSheet has agreed to open team sheets.\niPikari has agreed to open team sheets.\n|inactive|iPikari has 60 seconds left.\n|inactive|ExcelSheet has 60 seconds left.\n|\n|t:|1682321600\n|start\n|switch|p1a: Glimmora|Glimmora, L50, F|100\/100\n|switch|p1b: Palafin|Palafin, L50, M|100\/100\n|switch|p2a: Corviknight|Corviknight, L50, F|100\/100\n|switch|p2b: Great Tusk|Great Tusk, L50|100\/100\n|turn|1\n|inactive|iPikari has 30 seconds left.\n|\n|t:|1682321632\n|detailschange|p1b: Palafin|Palafin-Hero, L50, M\n|switch|p1b: Annihilape|Annihilape, L50, F|100\/100\n|-terastallize|p1a: Glimmora|Grass\n|move|p2b: Great Tusk|Protect|p2b: Great Tusk\n|-singleturn|p2b: Great Tusk|Protect\n|move|p1a: Glimmora|Energy Ball|p2b: Great Tusk\n|-activate|p2b: Great Tusk|move: Protect\n|move|p2a: Corviknight|Tailwind|p2a: Corviknight\n|-sidestart|p2: ExcelSheet|move: Tailwind\n|\n|upkeep\n|turn|2\n|\n|t:|1682321656\n|move|p1b: Annihilape|Protect|p1b: Annihilape\n|-singleturn|p1b: Annihilape|Protect\n|move|p2b: Great Tusk|Earthquake|p1b: Annihilape|[spread] p1a\n|-activate|p1b: Annihilape|move: Protect\n|-immune|p2a: Corviknight\n|-resisted|p1a: Glimmora\n|-damage|p1a: Glimmora|84\/100\n|-activate|p1a: Glimmora|ability: Toxic Debris\n|-sidestart|p2: ExcelSheet|move: Toxic Spikes\n|move|p2a: Corviknight|Brave Bird|p1b: Annihilape\n|-activate|p1b: Annihilape|move: Protect\n|move|p1a: Glimmora|Energy Ball|p2b: Great Tusk\n|-supereffective|p2b: Great Tusk\n|-enditem|p2b: Great Tusk|Focus Sash\n|-damage|p2b: Great Tusk|1\/100\n|\n|upkeep\n|turn|3\n|inactive|iPikari has 30 seconds left.\n|inactive|ExcelSheet has 30 seconds left.\n|inactive|iPikari has 20 seconds left.\n|inactive|ExcelSheet has 20 seconds left.\n|inactive|iPikari has 15 seconds left.\n|\n|t:|1682321699\n|switch|p1b: Baxcalibur|Baxcalibur, L50, M|100\/100\n|move|p2b: Great Tusk|Close Combat|p1a: Glimmora\n|-damage|p1a: Glimmora|24\/100\n|-unboost|p2b: Great Tusk|def|1\n|-unboost|p2b: Great Tusk|spd|1\n|-activate|p1a: Glimmora|ability: Toxic Debris\n|-sidestart|p2: ExcelSheet|move: Toxic Spikes\n|move|p2a: Corviknight|Brave Bird|p1a: Glimmora\n|-supereffective|p1a: Glimmora\n|-damage|p1a: Glimmora|0 fnt\n|faint|p1a: Glimmora\n|-damage|p2a: Corviknight|93\/100|[from] Recoil\n|\n|upkeep\n|\n|t:|1682321714\n|switch|p1a: Palafin|Palafin-Hero, L50, M|100\/100\n|-activate|p1a: Palafin|ability: Zero to Hero\n|turn|4\n|\n|t:|1682321738\n|move|p1a: Palafin|Jet Punch|p2b: Great Tusk\n|-supereffective|p2b: Great Tusk\n|-damage|p2b: Great Tusk|0 fnt\n|faint|p2b: Great Tusk\n|-end|p2b: Great Tusk|Protosynthesis|[silent]\n|move|p2a: Corviknight|Body Press|p1b: Baxcalibur\n|-supereffective|p1b: Baxcalibur\n|-damage|p1b: Baxcalibur|45\/100\n|move|p1b: Baxcalibur|Dragon Dance|p1b: Baxcalibur\n|-boost|p1b: Baxcalibur|atk|1\n|-boost|p1b: Baxcalibur|spe|1\n|\n|-sideend|p2: ExcelSheet|move: Tailwind\n|upkeep\n|\n|t:|1682321754\n|switch|p2b: Flutter Mane|Flutter Mane, L50|100\/100\n|-status|p2b: Flutter Mane|tox\n|turn|5\n|\n|t:|1682321767\n|move|p2b: Flutter Mane|Protect|p2b: Flutter Mane\n|-singleturn|p2b: Flutter Mane|Protect\n|move|p1a: Palafin|Jet Punch|p2b: Flutter Mane\n|-activate|p2b: Flutter Mane|move: Protect\n|move|p1b: Baxcalibur|Icicle Spear|p2a: Corviknight\n|-damage|p2a: Corviknight|81\/100\n|-damage|p2a: Corviknight|69\/100\n|-damage|p2a: Corviknight|56\/100\n|-damage|p2a: Corviknight|44\/100\n|-enditem|p2a: Corviknight|Sitrus Berry|[eat]\n|-heal|p2a: Corviknight|69\/100|[from] item: Sitrus Berry\n|-hitcount|p2a: Corviknight|4\n|move|p2a: Corviknight|Tailwind|p2a: Corviknight\n|-sidestart|p2: ExcelSheet|move: Tailwind\n|\n|-damage|p2b: Flutter Mane|94\/100 tox|[from] psn\n|upkeep\n|turn|6\n|\n|t:|1682321789\n|move|p1b: Baxcalibur|Protect|p1b: Baxcalibur\n|-singleturn|p1b: Baxcalibur|Protect\n|move|p1a: Palafin|Protect|p1a: Palafin\n|-singleturn|p1a: Palafin|Protect\n|move|p2b: Flutter Mane|Moonblast|p1a: Palafin\n|-activate|p1a: Palafin|move: Protect\n|move|p2a: Corviknight|Body Press|p1b: Baxcalibur\n|-activate|p1b: Baxcalibur|move: Protect\n|\n|-damage|p2b: Flutter Mane|82\/100 tox|[from] psn\n|upkeep\n|turn|7\n|\n|t:|1682321803\n|switch|p1b: Annihilape|Annihilape, L50, F|100\/100\n|move|p1a: Palafin|Jet Punch|p2b: Flutter Mane\n|-damage|p2b: Flutter Mane|3\/100 tox\n|move|p2b: Flutter Mane|Moonblast|p1a: Palafin\n|-damage|p1a: Palafin|35\/100\n|-damage|p2b: Flutter Mane|0 fnt|[from] item: Life Orb\n|faint|p2b: Flutter Mane\n|-end|p2b: Flutter Mane|Protosynthesis|[silent]\n|move|p2a: Corviknight|Body Press|p1b: Annihilape\n|-immune|p1b: Annihilape\n|\n|upkeep\n|\n|t:|1682321814\n|switch|p2b: Chi-Yu|Chi-Yu, L50|100\/100\n|-status|p2b: Chi-Yu|tox\n|-ability|p2b: Chi-Yu|Beads of Ruin\n|turn|8\n|\n|t:|1682321829\n|-terastallize|p2b: Chi-Yu|Grass\n|move|p1a: Palafin|Protect|p1a: Palafin\n|-singleturn|p1a: Palafin|Protect\n|move|p1b: Annihilape|Protect|p1b: Annihilape\n|-singleturn|p1b: Annihilape|Protect\n|move|p2b: Chi-Yu|Dark Pulse|p1a: Palafin\n|-activate|p1a: Palafin|move: Protect\n|move|p2a: Corviknight|Taunt|p1b: Annihilape\n|-activate|p1b: Annihilape|move: Protect\n|\n|-damage|p2b: Chi-Yu|94\/100 tox|[from] psn\n|-sideend|p2: ExcelSheet|move: Tailwind\n|upkeep\n|turn|9\n|inactive|iPikari has 30 seconds left.\n|\n|t:|1682321861\n|move|p1a: Palafin|Jet Punch|p2a: Corviknight\n|-damage|p2a: Corviknight|41\/100\n|move|p1b: Annihilape|Bulk Up|p1b: Annihilape\n|-boost|p1b: Annihilape|atk|1\n|-boost|p1b: Annihilape|def|1\n|move|p2b: Chi-Yu|Dark Pulse|p1b: Annihilape\n|-damage|p1b: Annihilape|52\/100\n|move|p2a: Corviknight|Brave Bird|p1a: Palafin\n|-crit|p1a: Palafin\n|-damage|p1a: Palafin|0 fnt\n|faint|p1a: Palafin\n|-damage|p2a: Corviknight|31\/100|[from] Recoil\n|\n|-heal|p1b: Annihilape|58\/100|[from] item: Leftovers\n|-damage|p2b: Chi-Yu|82\/100 tox|[from] psn\n|upkeep\n|\n|t:|1682321875\n|switch|p1a: Baxcalibur|Baxcalibur, L50, M|45\/100\n|turn|10\n|\n|t:|1682321890\n|move|p1b: Annihilape|Rage Fist|p2a: Corviknight\n|-damage|p2a: Corviknight|0 fnt\n|faint|p2a: Corviknight\n|move|p1a: Baxcalibur|Icicle Spear|p2b: Chi-Yu\n|-supereffective|p2b: Chi-Yu\n|-damage|p2b: Chi-Yu|49\/100 tox\n|-supereffective|p2b: Chi-Yu\n|-damage|p2b: Chi-Yu|14\/100 tox\n|-supereffective|p2b: Chi-Yu\n|-damage|p2b: Chi-Yu|0 fnt\n|faint|p2b: Chi-Yu\n|-hitcount|p2: Chi-Yu|3\n|\n|win|iPikari\n|raw|iPikari's rating: 1173 → 1196<\/strong> (+23 for winning)\n|raw|ExcelSheet's rating: 1149 → 1126<\/strong> (-23 for losing)\n","uploadtime":1682321901,"views":30,"p1id":"ipikari","p2id":"excelsheet","formatid":"gen9vgc2023regulationc","rating":1126,"private":0,"password":""}