{"id":"gen9vgc2023regulationc-1847344890","p1":"Seeker945","p2":"nrainey90","format":"[Gen 9] VGC 2023 Regulation C","log":"|j|\u2606Seeker945\n|j|\u2606nrainey90\n|t:|1681940662\n|gametype|doubles\n|player|p1|Seeker945|burglar|1156\n|player|p2|nrainey90|266|1141\n|teamsize|p1|6\n|teamsize|p2|6\n|gen|9\n|tier|[Gen 9] VGC 2023 Regulation C\n|rated|\n|rule|Species Clause: Limit one of each Pok\u00e9mon\n|rule|Item Clause: Limit one of each item\n|clearpoke\n|poke|p1|Amoonguss, L50, M|\n|poke|p1|Arcanine, L50, M|\n|poke|p1|Ting-Lu, L50|\n|poke|p1|Flutter Mane, L50|\n|poke|p1|Dragonite, L50, M|\n|poke|p1|Palafin, L50, M|\n|poke|p2|Chi-Yu, L50|\n|poke|p2|Flutter Mane, L50|\n|poke|p2|Glimmora, L50, M|\n|poke|p2|Amoonguss, L50, F|\n|poke|p2|Dondozo, L50, F|\n|poke|p2|Tatsugiri, L50, M|\n|teampreview|4\n|inactive|Battle timer is ON: inactive players will automatically lose when time's up. (requested by Seeker945)\n|\n|t:|1681940709\n|start\n|switch|p1a: Enrik Pastor|Palafin, L50, M, shiny|100\/100\n|switch|p1b: Firestone|Arcanine, L50, M, shiny|100\/100\n|switch|p2a: Glimmora|Glimmora, L50, M|100\/100\n|switch|p2b: Dondozo|Dondozo, L50, F|100\/100\n|-ability|p1b: Firestone|Intimidate|boost\n|-unboost|p2a: Glimmora|atk|1\n|-unboost|p2b: Dondozo|atk|1\n|turn|1\n|inactive|nrainey90 has 30 seconds left.\n|\n|t:|1681940739\n|detailschange|p1a: Enrik Pastor|Palafin-Hero, L50, M, shiny\n|switch|p1a: Among Us|Amoonguss, L50, M|100\/100\n|move|p2a: Glimmora|Toxic|p1a: Among Us\n|-immune|p1a: Among Us\n|move|p1b: Firestone|Will-O-Wisp|p2b: Dondozo\n|-status|p2b: Dondozo|brn\n|move|p2b: Dondozo|Wave Crash|p1b: Firestone\n|-supereffective|p1b: Firestone\n|-damage|p1b: Firestone|70\/100\n|-damage|p2b: Dondozo|93\/100 brn|[from] Recoil\n|\n|-heal|p2b: Dondozo|99\/100 brn|[from] item: Leftovers\n|-damage|p2b: Dondozo|93\/100 brn|[from] brn\n|upkeep\n|turn|2\n|inactive|nrainey90 has 30 seconds left.\n|inactive|nrainey90 has 20 seconds left.\n|\n|t:|1681940779\n|move|p1b: Firestone|Protect|p1b: Firestone\n|-singleturn|p1b: Firestone|Protect\n|move|p2a: Glimmora|Toxic|p1b: Firestone\n|-activate|p1b: Firestone|move: Protect\n|move|p2b: Dondozo|Yawn|p1b: Firestone\n|-activate|p1b: Firestone|move: Protect\n|move|p1a: Among Us|Spore|p2a: Glimmora\n|-status|p2a: Glimmora|slp|[from] move: Spore\n|\n|-heal|p2b: Dondozo|99\/100 brn|[from] item: Leftovers\n|-damage|p2b: Dondozo|93\/100 brn|[from] brn\n|upkeep\n|turn|3\n|inactive|nrainey90 has 30 seconds left.\n|\n|t:|1681940806\n|switch|p1b: Chin Lu Chin Agua|Ting-Lu, L50|100\/100\n|-ability|p1b: Chin Lu Chin Agua|Vessel of Ruin\n|cant|p2a: Glimmora|slp\n|move|p1a: Among Us|Protect|p1a: Among Us\n|-singleturn|p1a: Among Us|Protect\n|move|p2b: Dondozo|Wave Crash|p1b: Chin Lu Chin Agua\n|-supereffective|p1b: Chin Lu Chin Agua\n|-damage|p1b: Chin Lu Chin Agua|83\/100\n|-damage|p2b: Dondozo|87\/100 brn|[from] Recoil\n|\n|-heal|p2b: Dondozo|93\/100 brn|[from] item: Leftovers\n|-damage|p2b: Dondozo|87\/100 brn|[from] brn\n|upkeep\n|turn|4\n|inactive|nrainey90 has 30 seconds left.\n|inactive|nrainey90 has 20 seconds left.\n|inactive|nrainey90 has 15 seconds left.\n|inactive|nrainey90 has 10 seconds left.\n|\n|t:|1681940853\n|move|p1a: Among Us|Rage Powder|p1a: Among Us\n|-singleturn|p1a: Among Us|move: Rage Powder\n|cant|p2a: Glimmora|slp\n|move|p1b: Chin Lu Chin Agua|Fissure|p2b: Dondozo|[miss]\n|-miss|p1b: Chin Lu Chin Agua|p2b: Dondozo\n|move|p2b: Dondozo|Wave Crash|p1a: Among Us\n|-resisted|p1a: Among Us\n|-damage|p1a: Among Us|95\/100\n|-damage|p2b: Dondozo|86\/100 brn|[from] Recoil\n|\n|-heal|p2b: Dondozo|92\/100 brn|[from] item: Leftovers\n|-damage|p2b: Dondozo|86\/100 brn|[from] brn\n|upkeep\n|turn|5\n|\n|t:|1681940877\n|switch|p1a: Firestone|Arcanine, L50, M, shiny|70\/100\n|-ability|p1a: Firestone|Intimidate|boost\n|-unboost|p2a: Glimmora|atk|1\n|-unboost|p2b: Dondozo|atk|1\n|cant|p2a: Glimmora|slp\n|move|p1b: Chin Lu Chin Agua|Stomping Tantrum|p2a: Glimmora\n|-supereffective|p2a: Glimmora\n|-enditem|p2a: Glimmora|Focus Sash\n|-damage|p2a: Glimmora|1\/100 slp\n|-activate|p2a: Glimmora|ability: Toxic Debris\n|-sidestart|p1: Seeker945|move: Toxic Spikes\n|move|p2b: Dondozo|Earthquake|p1a: Firestone|[spread] p2a,p1a,p1b\n|-supereffective|p2a: Glimmora\n|-supereffective|p1a: Firestone\n|-damage|p2a: Glimmora|0 fnt\n|-damage|p1a: Firestone|62\/100\n|-damage|p1b: Chin Lu Chin Agua|81\/100\n|-activate|p2a: Glimmora|ability: Toxic Debris\n|-sidestart|p1: Seeker945|move: Toxic Spikes\n|faint|p2a: Glimmora\n|\n|-heal|p2b: Dondozo|92\/100 brn|[from] item: Leftovers\n|-damage|p2b: Dondozo|86\/100 brn|[from] brn\n|upkeep\n|\n|t:|1681940902\n|switch|p2a: Flutter Mane|Flutter Mane, L50|100\/100\n|-enditem|p2a: Flutter Mane|Booster Energy\n|-activate|p2a: Flutter Mane|ability: Protosynthesis|[fromitem]\n|-start|p2a: Flutter Mane|protosynthesisspe\n|turn|6\n|inactive|nrainey90 has 30 seconds left.\n|\n|t:|1681940929\n|switch|p1a: Among Us|Amoonguss, L50, M|100\/100\n|-sideend|p1: Seeker945|move: Toxic Spikes|[of] p1a: Among Us\n|-terastallize|p1b: Chin Lu Chin Agua|Water\n|move|p2a: Flutter Mane|Dazzling Gleam|p1a: Among Us|[spread] p1a,p1b\n|-resisted|p1a: Among Us\n|-damage|p1a: Among Us|91\/100\n|-damage|p1b: Chin Lu Chin Agua|68\/100\n|move|p1b: Chin Lu Chin Agua|Heavy Slam|p2a: Flutter Mane\n|-supereffective|p2a: Flutter Mane\n|-damage|p2a: Flutter Mane|0 fnt\n|faint|p2a: Flutter Mane\n|-end|p2a: Flutter Mane|Protosynthesis|[silent]\n|move|p2b: Dondozo|Yawn|p1a: Among Us\n|-start|p1a: Among Us|move: Yawn|[of] p2b: Dondozo\n|\n|-heal|p2b: Dondozo|92\/100 brn|[from] item: Leftovers\n|-damage|p2b: Dondozo|86\/100 brn|[from] brn\n|upkeep\n|\n|t:|1681940949\n|switch|p2a: Tatsugiri|Tatsugiri, L50, M|100\/100\n|turn|7\n|\n|t:|1681940966\n|switch|p1a: Firestone|Arcanine, L50, M, shiny|62\/100\n|-ability|p1a: Firestone|Intimidate|boost\n|-unboost|p2a: Tatsugiri|atk|1\n|-unboost|p2b: Dondozo|atk|1\n|move|p2a: Tatsugiri|Dragon Pulse|p1a: Firestone\n|-damage|p1a: Firestone|18\/100\n|move|p1b: Chin Lu Chin Agua|Fissure|p2b: Dondozo\n|-damage|p2b: Dondozo|0 fnt\n|faint|p2b: Dondozo\n|-ohko\n|\n|upkeep\n|turn|8\n|\n|t:|1681940982\n|move|p1a: Firestone|Will-O-Wisp|p2a: Tatsugiri\n|-status|p2a: Tatsugiri|brn\n|move|p2a: Tatsugiri|Dragon Pulse|p1b: Chin Lu Chin Agua\n|-damage|p1b: Chin Lu Chin Agua|41\/100\n|move|p1b: Chin Lu Chin Agua|Fissure|p2a: Tatsugiri|[miss]\n|-miss|p1b: Chin Lu Chin Agua|p2a: Tatsugiri\n|\n|-damage|p2a: Tatsugiri|95\/100 brn|[from] brn\n|upkeep\n|turn|9\n|\n|t:|1681940994\n|move|p1a: Firestone|Protect|p1a: Firestone\n|-singleturn|p1a: Firestone|Protect\n|move|p2a: Tatsugiri|Dragon Pulse|p1b: Chin Lu Chin Agua\n|-damage|p1b: Chin Lu Chin Agua|13\/100\n|move|p1b: Chin Lu Chin Agua|Stomping Tantrum|p2a: Tatsugiri\n|-damage|p2a: Tatsugiri|0 fnt\n|faint|p2a: Tatsugiri\n|\n|win|Seeker945\n|raw|Seeker945's rating: 1156 → 1180<\/strong> (+24 for winning)\n|raw|nrainey90's rating: 1141 → 1117<\/strong> (-24 for losing)\n|c|\u2606Seeker945|gg\n|l|\u2606nrainey90\n","uploadtime":1681941006,"views":4,"p1id":"seeker945","p2id":"nrainey90","formatid":"gen9vgc2023regulationc","rating":1117,"private":0,"password":""}