{"id":"gen9vgc2023regulationc-1851991352","p1":"gnblr","p2":"Flamingwrench11234","format":"[Gen 9] VGC 2023 Regulation C","log":"|j|\u2606gnblr\n|j|\u2606Flamingwrench11234\n|t:|1682514629\n|gametype|doubles\n|player|p1|gnblr|brycenman|\n|player|p2|Flamingwrench11234|265|\n|teamsize|p1|6\n|teamsize|p2|6\n|gen|9\n|tier|[Gen 9] VGC 2023 Regulation C\n|rated|Tournament battle\n|rule|Species Clause: Limit one of each Pok\u00e9mon\n|rule|Item Clause: Limit one of each item\n|clearpoke\n|poke|p1|Ting-Lu, L50|\n|poke|p1|Amoonguss, L50, F|\n|poke|p1|Arcanine, L50, M|\n|poke|p1|Flutter Mane, L50|\n|poke|p1|Palafin, L50, F|\n|poke|p1|Baxcalibur, L50, F|\n|poke|p2|Dondozo, L50, F|\n|poke|p2|Brute Bonnet, L50|\n|poke|p2|Flutter Mane, L50|\n|poke|p2|Arcanine, L50, F|\n|poke|p2|Flamigo, L50, M|\n|poke|p2|Tatsugiri, L50, M|\n|teampreview|4\n|raw| Open Team Sheet for gnblr<\/summary>Ting-Lu @ Assault Vest Ability: Vessel of Ruin Level: 50 Tera Type: Grass - Stomping Tantrum - Ruination - Heavy Slam - Fissure Amoonguss @ Sitrus Berry Ability: Regenerator Level: 50 Tera Type: Water - Pollen Puff - Spore - Rage Powder - Protect Arcanine @ Safety Goggles Ability: Intimidate Level: 50 Tera Type: Water - Flare Blitz - Extreme Speed - Will-O-Wisp - Protect Flutter Mane @ Booster Energy Ability: Protosynthesis Level: 50 Tera Type: Water - Moonblast - Shadow Ball - Substitute - Protect Palafin @ Mystic Water Ability: Zero to Hero Level: 50 Tera Type: Water - Jet Punch - Wave Crash - Haze - Protect Baxcalibur @ Loaded Dice Ability: Thermal Exchange Level: 50 Shiny: Yes Tera Type: Poison - Icicle Spear - Glaive Rush - Ice Shard - Protect <\/details><\/div> Open Team Sheet for Flamingwrench11234<\/summary>Dondozo @ Leftovers Ability: Unaware Level: 50 Tera Type: Steel - Wave Crash - Earthquake - Order Up - Protect Brute Bonnet @ Booster Energy Ability: Protosynthesis Level: 50 Tera Type: Poison - Seed Bomb - Sucker Punch - Spore - Rage Powder Flutter Mane @ Life Orb Ability: Protosynthesis Level: 50 Tera Type: Fairy - Perish Song - Shadow Ball - Dazzling Gleam - Protect Arcanine @ Safety Goggles Ability: Intimidate Level: 50 Tera Type: Grass - Flare Blitz - Will-O-Wisp - Snarl - Protect Flamigo @ Figy Berry Ability: Costar Level: 50 Tera Type: Fighting - Close Combat - Brave Bird - Liquidation - Taunt Tatsugiri @ Choice Scarf Ability: Commander Level: 50 Shiny: Yes Tera Type: Water - Draco Meteor - Muddy Water - Icy Wind - Sleep Talk <\/details><\/div>\n|\n|t:|1682514653\n|start\n|switch|p1a: Flutter Mane|Flutter Mane, L50|100\/100\n|switch|p1b: Palafin|Palafin, L50, F|100\/100\n|switch|p2a: Brute Bonnet|Brute Bonnet, L50|100\/100\n|switch|p2b: Flutter Mane|Flutter Mane, L50|100\/100\n|-enditem|p1a: Flutter Mane|Booster Energy\n|-activate|p1a: Flutter Mane|ability: Protosynthesis|[fromitem]\n|-start|p1a: Flutter Mane|protosynthesisspa\n|-enditem|p2a: Brute Bonnet|Booster Energy\n|-activate|p2a: Brute Bonnet|ability: Protosynthesis|[fromitem]\n|-start|p2a: Brute Bonnet|protosynthesisatk\n|turn|1\n|\n|t:|1682514678\n|detailschange|p1b: Palafin|Palafin-Hero, L50, F\n|switch|p1b: Arcanine|Arcanine, L50, M|100\/100\n|-ability|p1b: Arcanine|Intimidate|boost\n|-unboost|p2a: Brute Bonnet|atk|1\n|-unboost|p2b: Flutter Mane|atk|1\n|move|p1a: Flutter Mane|Protect|p1a: Flutter Mane\n|-singleturn|p1a: Flutter Mane|Protect\n|move|p2a: Brute Bonnet|Sucker Punch||[still]\n|-fail|p2a: Brute Bonnet\n|move|p2b: Flutter Mane|Dazzling Gleam|p1b: Arcanine|[spread] p1b\n|-activate|p1a: Flutter Mane|move: Protect\n|-resisted|p1b: Arcanine\n|-damage|p1b: Arcanine|78\/100\n|-damage|p2b: Flutter Mane|91\/100|[from] item: Life Orb\n|\n|upkeep\n|turn|2\n|j| Insertable194\n|\n|t:|1682514699\n|move|p2b: Flutter Mane|Protect|p2b: Flutter Mane\n|-singleturn|p2b: Flutter Mane|Protect\n|move|p1a: Flutter Mane|Shadow Ball|p2b: Flutter Mane\n|-activate|p2b: Flutter Mane|move: Protect\n|move|p1b: Arcanine|Will-O-Wisp|p2a: Brute Bonnet\n|-status|p2a: Brute Bonnet|brn\n|move|p2a: Brute Bonnet|Spore|p1b: Arcanine\n|-activate|p1b: Arcanine|item: Safety Goggles|Spore\n|\n|-damage|p2a: Brute Bonnet|95\/100 brn|[from] brn\n|upkeep\n|turn|3\n|\n|t:|1682514713\n|move|p2a: Brute Bonnet|Sucker Punch|p1a: Flutter Mane\n|-damage|p1a: Flutter Mane|74\/100\n|move|p2b: Flutter Mane|Shadow Ball|p1a: Flutter Mane\n|-supereffective|p1a: Flutter Mane\n|-damage|p1a: Flutter Mane|0 fnt\n|faint|p1a: Flutter Mane\n|-end|p1a: Flutter Mane|Protosynthesis|[silent]\n|-damage|p2b: Flutter Mane|81\/100|[from] item: Life Orb\n|move|p1b: Arcanine|Flare Blitz|p2b: Flutter Mane\n|-damage|p2b: Flutter Mane|0 fnt\n|faint|p2b: Flutter Mane\n|-end|p2b: Flutter Mane|Protosynthesis|[silent]\n|-damage|p1b: Arcanine|60\/100|[from] Recoil\n|\n|-damage|p2a: Brute Bonnet|89\/100 brn|[from] brn\n|upkeep\n|c| Insertable194|why is spa b.energy popular?\n|\n|t:|1682514734\n|switch|p2b: Dondozo|Dondozo, L50, F|100\/100\n|switch|p1a: Ting-Lu|Ting-Lu, L50|100\/100\n|-ability|p1a: Ting-Lu|Vessel of Ruin\n|turn|4\n|c| Insertable194|like lorb exists\n|c|\u2606gnblr|because I'm a sheep who can't team write :D\n|c|\u2606Flamingwrench11234|I got my flutter mane set from smogon\n|\n|t:|1682514777\n|move|p2a: Brute Bonnet|Rage Powder|p2a: Brute Bonnet\n|-singleturn|p2a: Brute Bonnet|move: Rage Powder\n|move|p1b: Arcanine|Will-O-Wisp|p2b: Dondozo\n|-status|p2b: Dondozo|brn\n|move|p2b: Dondozo|Wave Crash|p1b: Arcanine\n|-supereffective|p1b: Arcanine\n|-damage|p1b: Arcanine|0 fnt\n|faint|p1b: Arcanine\n|-damage|p2b: Dondozo|84\/100 brn|[from] Recoil\n|move|p1a: Ting-Lu|Heavy Slam|p2a: Brute Bonnet\n|-damage|p2a: Brute Bonnet|60\/100 brn\n|\n|-heal|p2b: Dondozo|90\/100 brn|[from] item: Leftovers\n|-damage|p2a: Brute Bonnet|54\/100 brn|[from] brn\n|-damage|p2b: Dondozo|84\/100 brn|[from] brn\n|upkeep\n|c|\u2606Flamingwrench11234|This brute bonnet was made my myself\n|\n|t:|1682514789\n|switch|p1b: Palafin|Palafin-Hero, L50, F|100\/100\n|-activate|p1b: Palafin|ability: Zero to Hero\n|turn|5\n|c| Insertable194|nah lorb is fine\n|\n|t:|1682514799\n|-end|p2a: Brute Bonnet|Protosynthesis|[silent]\n|switch|p2a: Tatsugiri|Tatsugiri, L50, M, shiny|100\/100\n|-activate|p2a: Tatsugiri|ability: Commander|[of] p2b: Dondozo\n|-boost|p2b: Dondozo|atk|2\n|-boost|p2b: Dondozo|spa|2\n|-boost|p2b: Dondozo|spe|2\n|-boost|p2b: Dondozo|def|2\n|-boost|p2b: Dondozo|spd|2\n|move|p1b: Palafin|Protect|p1b: Palafin\n|-singleturn|p1b: Palafin|Protect\n|move|p2b: Dondozo|Order Up|p1a: Ting-Lu\n|-damage|p1a: Ting-Lu|86\/100\n|-boost|p2b: Dondozo|atk|1\n|move|p1a: Ting-Lu|Fissure|p2b: Dondozo|[miss]\n|-miss|p1a: Ting-Lu|p2b: Dondozo\n|\n|-heal|p2b: Dondozo|90\/100 brn|[from] item: Leftovers\n|-damage|p2b: Dondozo|84\/100 brn|[from] brn\n|upkeep\n|turn|6\n|c| Insertable194|I just don't see why spa booster is used so much\n|\n|t:|1682514817\n|move|p2b: Dondozo|Wave Crash|p1a: Ting-Lu\n|-supereffective|p1a: Ting-Lu\n|-damage|p1a: Ting-Lu|13\/100\n|-damage|p2b: Dondozo|57\/100 brn|[from] Recoil\n|move|p1b: Palafin|Haze|p1b: Palafin\n|-clearallboost\n|move|p1a: Ting-Lu|Ruination|p2b: Dondozo\n|-damage|p2b: Dondozo|29\/100 brn\n|\n|-heal|p2b: Dondozo|35\/100 brn|[from] item: Leftovers\n|-damage|p2b: Dondozo|29\/100 brn|[from] brn\n|upkeep\n|turn|7\n|\n|t:|1682514832\n|-terastallize|p1b: Palafin|Water\n|move|p1b: Palafin|Wave Crash|p2b: Dondozo\n|-resisted|p2b: Dondozo\n|-damage|p2b: Dondozo|0 fnt\n|faint|p2b: Dondozo\n|-damage|p1b: Palafin|90\/100|[from] Recoil\n|move|p1a: Ting-Lu|Stomping Tantrum|p2a: Tatsugiri\n|-damage|p2a: Tatsugiri|44\/100\n|\n|upkeep\n|\n|t:|1682514839\n|switch|p2b: Brute Bonnet|Brute Bonnet, L50|54\/100 brn\n|turn|8\n|\n|t:|1682514866\n|move|p2a: Tatsugiri|Draco Meteor|p1b: Palafin\n|-damage|p1b: Palafin|41\/100\n|-unboost|p2a: Tatsugiri|spa|2\n|move|p1b: Palafin|Haze|p1b: Palafin\n|-clearallboost\n|move|p2b: Brute Bonnet|Seed Bomb|p1a: Ting-Lu\n|-supereffective|p1a: Ting-Lu\n|-damage|p1a: Ting-Lu|0 fnt\n|faint|p1a: Ting-Lu\n|\n|-damage|p2b: Brute Bonnet|48\/100 brn|[from] brn\n|upkeep\n|turn|9\n|c|\u2606gnblr|gg\n|c|\u2606Flamingwrench11234|why haze?\n|c|\u2606Flamingwrench11234|any move will be better\n|\n|t:|1682514893\n|move|p2a: Tatsugiri|Draco Meteor|p1b: Palafin\n|-damage|p1b: Palafin|0 fnt\n|-unboost|p2a: Tatsugiri|spa|2\n|faint|p1b: Palafin\n|\n|win|Flamingwrench11234\n|n|\u2606gnblr|gnblr\n|n|\u2606Flamingwrench11234|flamingwrench11234\n|n| Insertable194|insertable194\n|c|\u2606gnblr|because my brain rot thought it had storm drain\n","uploadtime":1682514902,"views":11,"p1id":"gnblr","p2id":"flamingwrench11234","formatid":"gen9vgc2023regulationc","rating":0,"private":0,"password":""}