{"id":"gen9vgc2023regulationc-1849339604","p1":"KnickNom","p2":"CurryBean","format":"[Gen 9] VGC 2023 Regulation C","log":"|j|\u2606KnickNom\n|j|\u2606CurryBean\n|t:|1682187618\n|gametype|doubles\n|player|p1|KnickNom|leon|\n|player|p2|CurryBean|169|\n|teamsize|p1|6\n|teamsize|p2|6\n|gen|9\n|tier|[Gen 9] VGC 2023 Regulation C\n|rule|Species Clause: Limit one of each Pok\u00e9mon\n|rule|Item Clause: Limit one of each item\n|clearpoke\n|poke|p1|Talonflame, L50, F|\n|poke|p1|Garchomp, L50, M|\n|poke|p1|Salazzle, L50, F|\n|poke|p1|Houndoom, L50, M|\n|poke|p1|Rotom-Wash, L50|\n|poke|p1|Breloom, L50, M|\n|poke|p2|Talonflame, L50, F|\n|poke|p2|Garchomp, L50, M|\n|poke|p2|Arcanine, L50, F|\n|poke|p2|Komala, L50, M|\n|poke|p2|Salazzle, L50, F|\n|poke|p2|Tyranitar, L50, F|\n|teampreview|4\n|c|\u2606CurryBean|g2\n|j| Lugiabirb\n|c| Lugiabirb|randpoke\n|j| LordGodMcFuckYou\n|j| Famyos\n|\n|t:|1682188066\n|start\n|switch|p1a: Rotom|Rotom-Wash, L50|100\/100\n|switch|p1b: Salazzle|Salazzle, L50, F|100\/100\n|switch|p2a: Blazebeak|Talonflame, L50, F|100\/100\n|switch|p2b: Sandshark|Garchomp, L50, M|100\/100\n|turn|1\n|j| Napp02\n|c| Lugiabirb|im being donowalled again\n|c|\u2606KnickNom|!randpoke\n|raw| DUber<\/span> <\/span> Annihilape<\/a><\/span> <\/span> Vital Spirit Inner Focus<\/span>Defiant<\/em><\/span><\/span>HP<\/em> 110<\/span> Atk<\/em> 115<\/span> Def<\/em> 80<\/span> SpA<\/em> 50<\/span> SpD<\/em> 90<\/span> Spe<\/em> 90<\/span> BST 535<\/em><\/span> <\/span><\/li> <\/li><\/ul><\/div>\n|raw|Dex#:<\/font> 979 |  Gen:<\/font> 9 |  Height:<\/font> 1.2 m |  Weight:<\/font> 56 kg (80 BP)<\/em> |  Dex Colour:<\/font> Gray |  Egg Group(s):<\/font> Field |  Does Not Evolve<\/font><\/font>\n\n|c| Napp02|gort\n|\n|t:|1682188112\n|switch|p2a: Shadowcrush|Tyranitar, L50, F|100\/100\n|-weather|Sandstorm|[from] ability: Sand Stream|[of] p2a: Shadowcrush\n|switch|p2b: Flamehound|Arcanine, L50, F|100\/100\n|-ability|p2b: Flamehound|Intimidate|boost\n|-unboost|p1a: Rotom|atk|1\n|-unboost|p1b: Salazzle|atk|1\n|move|p1b: Salazzle|Fake Out|p2b: Flamehound\n|-damage|p2b: Flamehound|96\/100\n|move|p1a: Rotom|Will-O-Wisp|p2b: Flamehound\n|-immune|p2b: Flamehound\n|\n|-weather|Sandstorm|[upkeep]\n|-damage|p1b: Salazzle|94\/100|[from] Sandstorm\n|-damage|p2b: Flamehound|90\/100|[from] Sandstorm\n|-damage|p1a: Rotom|95\/100|[from] Sandstorm\n|-heal|p1b: Salazzle|100\/100|[from] item: Black Sludge\n|-heal|p2b: Flamehound|96\/100|[from] item: Leftovers\n|upkeep\n|turn|2\n|j| Bostonl1\n|\n|t:|1682188135\n|-terastallize|p2a: Shadowcrush|Dark\n|move|p1b: Salazzle|Sludge Bomb|p2a: Shadowcrush\n|-damage|p2a: Shadowcrush|62\/100\n|move|p2b: Flamehound|Snarl|p1a: Rotom|[spread] p1a,p1b\n|-damage|p1a: Rotom|85\/100\n|-damage|p1b: Salazzle|82\/100\n|-unboost|p1a: Rotom|spa|1\n|-unboost|p1b: Salazzle|spa|1\n|move|p1a: Rotom|Will-O-Wisp|p2a: Shadowcrush\n|-status|p2a: Shadowcrush|brn\n|-enditem|p2a: Shadowcrush|Lum Berry|[eat]\n|-curestatus|p2a: Shadowcrush|brn|[msg]\n|move|p2a: Shadowcrush|Dragon Dance|p2a: Shadowcrush\n|-boost|p2a: Shadowcrush|atk|1\n|-boost|p2a: Shadowcrush|spe|1\n|\n|-weather|Sandstorm|[upkeep]\n|-damage|p1b: Salazzle|76\/100|[from] Sandstorm\n|-damage|p2b: Flamehound|90\/100|[from] Sandstorm\n|-damage|p2a: Shadowcrush|57\/100|[from] Sandstorm\n|-damage|p1a: Rotom|79\/100|[from] Sandstorm\n|-heal|p1b: Salazzle|82\/100|[from] item: Black Sludge\n|-heal|p2b: Flamehound|96\/100|[from] item: Leftovers\n|upkeep\n|turn|3\n|c|\u2606KnickNom|ok but watch\n|c|\u2606KnickNom|fuck\n|\n|t:|1682188170\n|move|p1a: Rotom|Protect|p1a: Rotom\n|-singleturn|p1a: Rotom|Protect\n|move|p1b: Salazzle|Sludge Bomb|p2a: Shadowcrush\n|-damage|p2a: Shadowcrush|30\/100\n|-status|p2a: Shadowcrush|psn\n|move|p2b: Flamehound|Flare Blitz|p1b: Salazzle\n|-resisted|p1b: Salazzle\n|-damage|p1b: Salazzle|43\/100\n|-damage|p2b: Flamehound|87\/100|[from] Recoil\n|move|p2a: Shadowcrush|Crunch|p1a: Rotom\n|-activate|p1a: Rotom|move: Protect\n|\n|-weather|Sandstorm|[upkeep]\n|-damage|p1b: Salazzle|37\/100|[from] Sandstorm\n|-damage|p2b: Flamehound|81\/100|[from] Sandstorm\n|-damage|p2a: Shadowcrush|25\/100 psn|[from] Sandstorm\n|-damage|p1a: Rotom|73\/100|[from] Sandstorm\n|-heal|p1b: Salazzle|43\/100|[from] item: Black Sludge\n|-heal|p2b: Flamehound|87\/100|[from] item: Leftovers\n|-damage|p2a: Shadowcrush|13\/100 psn|[from] psn\n|upkeep\n|turn|4\n|j| spazime\n|c| Bostonl1|Big brain wisp into bomb poison\n|\n|t:|1682188215\n|switch|p1a: Garchomp|Garchomp, L50, M|100\/100\n|move|p2a: Shadowcrush|Protect|p2a: Shadowcrush\n|-singleturn|p2a: Shadowcrush|Protect\n|move|p1b: Salazzle|Sludge Bomb|p2a: Shadowcrush\n|-activate|p2a: Shadowcrush|move: Protect\n|move|p2b: Flamehound|Flare Blitz|p1b: Salazzle\n|-resisted|p1b: Salazzle\n|-damage|p1b: Salazzle|7\/100\n|-damage|p2b: Flamehound|78\/100|[from] Recoil\n|\n|-weather|Sandstorm|[upkeep]\n|-damage|p1b: Salazzle|1\/100|[from] Sandstorm\n|-damage|p2b: Flamehound|72\/100|[from] Sandstorm\n|-damage|p2a: Shadowcrush|7\/100 psn|[from] Sandstorm\n|-heal|p1b: Salazzle|7\/100|[from] item: Black Sludge\n|-heal|p2b: Flamehound|78\/100|[from] item: Leftovers\n|-damage|p2a: Shadowcrush|0 fnt|[from] psn\n|faint|p2a: Shadowcrush\n|upkeep\n|\n|t:|1682188220\n|switch|p2a: Blazebeak|Talonflame, L50, F|100\/100\n|turn|5\n|c|\u2606CurryBean|i forgot\n|c|\u2606CurryBean|sand\n|c| Lugiabirb|took their own life\n|c| Lugiabirb|no kills for knicknom\n|l| Bostonl1\n|\n|t:|1682188270\n|switch|p1a: Talonflame|Talonflame, L50, F|100\/100\n|move|p2a: Blazebeak|Brave Bird|p1a: Talonflame\n|-damage|p1a: Talonflame|0 fnt\n|faint|p1a: Talonflame\n|-damage|p2a: Blazebeak|67\/100|[from] Recoil\n|move|p1b: Salazzle|Sludge Bomb|p2a: Blazebeak\n|-damage|p2a: Blazebeak|23\/100\n|move|p2b: Flamehound|Snarl|p1b: Salazzle\n|-damage|p1b: Salazzle|0 fnt\n|faint|p1b: Salazzle\n|\n|-weather|none\n|-heal|p2b: Flamehound|84\/100|[from] item: Leftovers\n|upkeep\n|j| uka uka uka\n|\n|t:|1682188281\n|switch|p1b: Rotom|Rotom-Wash, L50|73\/100\n|switch|p1a: Garchomp|Garchomp, L50, M|100\/100\n|turn|6\n|\n|t:|1682188321\n|move|p1a: Garchomp|Dragon Claw|p2a: Blazebeak\n|-damage|p2a: Blazebeak|0 fnt\n|faint|p2a: Blazebeak\n|move|p2b: Flamehound|Close Combat|p1a: Garchomp\n|-damage|p1a: Garchomp|74\/100\n|-unboost|p2b: Flamehound|def|1\n|-unboost|p2b: Flamehound|spd|1\n|-damage|p2b: Flamehound|72\/100|[from] ability: Rough Skin|[of] p1a: Garchomp\n|move|p1b: Rotom|Hydro Pump|p2b: Flamehound\n|-supereffective|p2b: Flamehound\n|-damage|p2b: Flamehound|0 fnt\n|faint|p2b: Flamehound\n|\n|upkeep\n|\n|t:|1682188326\n|switch|p2b: Sandshark|Garchomp, L50, M|100\/100\n|turn|7\n|j| Jeff lmao\n|j| DigYourGrave\n|\n|t:|1682188349\n|-terastallize|p1b: Rotom|Steel\n|move|p1a: Garchomp|Dragon Claw|p2b: Sandshark\n|-supereffective|p2b: Sandshark\n|-damage|p2b: Sandshark|9\/100\n|-damage|p1a: Garchomp|62\/100|[from] ability: Rough Skin|[of] p2b: Sandshark\n|move|p2b: Sandshark|Dragon Claw|p1a: Garchomp\n|-supereffective|p1a: Garchomp\n|-damage|p1a: Garchomp|0 fnt\n|-damage|p2b: Sandshark|0 fnt|[from] ability: Rough Skin|[of] p1a: Garchomp\n|faint|p1a: Garchomp\n|faint|p2b: Sandshark\n|\n|win|KnickNom\n|c|\u2606CurryBean|gg\n|l| Napp02\n|c|\u2606KnickNom|gg\n","uploadtime":1682188359,"views":7,"p1id":"knicknom","p2id":"currybean","formatid":"gen9vgc2023regulationc","rating":0,"private":0,"password":""}