{"id":"gen9vgc2023regulationc-1856529853","p1":"RitmanTesting1","p2":"Charlisito","format":"[Gen 9] VGC 2023 Regulation C","log":"|j|\u2606RitmanTesting1\n|j|\u2606Charlisito\n|t:|1683072116\n|gametype|doubles\n|player|p1|RitmanTesting1|byron|1431\n|player|p2|Charlisito|170|1340\n|teamsize|p1|6\n|teamsize|p2|6\n|gen|9\n|tier|[Gen 9] VGC 2023 Regulation C\n|rated|\n|rule|Species Clause: Limit one of each Pok\u00e9mon\n|rule|Item Clause: Limit one of each item\n|clearpoke\n|poke|p1|Arcanine, L50, M|\n|poke|p1|Flutter Mane, L50|\n|poke|p1|Rotom-Wash, L50|\n|poke|p1|Dragonite, L50, M|\n|poke|p1|Chien-Pao, L50|\n|poke|p1|Amoonguss, L50, F|\n|poke|p2|Palafin, L50, M|\n|poke|p2|Arcanine, L50, M|\n|poke|p2|Amoonguss, L50, M|\n|poke|p2|Flutter Mane, L50|\n|poke|p2|Ting-Lu, L50|\n|poke|p2|Bellibolt, L50, F|\n|teampreview|4\n|inactive|Battle timer is ON: inactive players will automatically lose when time's up. (requested by RitmanTesting1)\nRitmanTesting1 has agreed to open team sheets.\n|inactive|Charlisito has 60 seconds left.\n|\n|t:|1683072164\n|start\n|switch|p1a: Dragonite|Dragonite, L50, M|100\/100\n|switch|p1b: Chien-Pao|Chien-Pao, L50|100\/100\n|switch|p2a: Arcanine|Arcanine, L50, M|100\/100\n|switch|p2b: Palafin|Palafin, L50, M|100\/100\n|-ability|p1b: Chien-Pao|Sword of Ruin\n|-ability|p2a: Arcanine|Intimidate|boost\n|-fail|p1a: Dragonite|unboost|Attack|[from] ability: Inner Focus|[of] p1a: Dragonite\n|-unboost|p1b: Chien-Pao|atk|1\n|turn|1\n|\n|t:|1683072177\n|-terastallize|p1a: Dragonite|Normal\n|move|p1b: Chien-Pao|Protect|p1b: Chien-Pao\n|-singleturn|p1b: Chien-Pao|Protect\n|move|p2b: Palafin|Protect|p2b: Palafin\n|-singleturn|p2b: Palafin|Protect\n|move|p1a: Dragonite|Extreme Speed|p2a: Arcanine\n|-damage|p2a: Arcanine|0 fnt\n|faint|p2a: Arcanine\n|\n|upkeep\n|\n|t:|1683072202\n|switch|p2a: Flutter Mane|Flutter Mane, L50|100\/100\n|-enditem|p2a: Flutter Mane|Booster Energy\n|-activate|p2a: Flutter Mane|ability: Protosynthesis|[fromitem]\n|-start|p2a: Flutter Mane|protosynthesisspa\n|turn|2\n|inactive|RitmanTesting1 has 30 seconds left.\n|\n|t:|1683072236\n|switch|p1b: Amoonguss|Amoonguss, L50, F|100\/100\n|detailschange|p2b: Palafin|Palafin-Hero, L50, M\n|switch|p2b: Bellibolt|Bellibolt, L50, F|100\/100\n|move|p1a: Dragonite|Extreme Speed|p2b: Bellibolt\n|-damage|p2b: Bellibolt|38\/100\n|-start|p2b: Bellibolt|Charge|Extreme Speed|[from] ability: Electromorphosis\n|move|p2a: Flutter Mane|Dazzling Gleam|p1a: Dragonite|[spread] p1a,p1b\n|-resisted|p1b: Amoonguss\n|-crit|p1b: Amoonguss\n|-damage|p1a: Dragonite|62\/100\n|-damage|p1b: Amoonguss|76\/100\n|\n|upkeep\n|turn|3\n|inactive|Charlisito has 30 seconds left.\n|inactive|Charlisito has 20 seconds left.\n|inactive|Charlisito has 15 seconds left.\n|inactive|Charlisito has 10 seconds left.\n|inactive|Charlisito has 5 seconds left.\n|\n|t:|1683072292\n|move|p1a: Dragonite|Extreme Speed|p2b: Bellibolt\n|-damage|p2b: Bellibolt|0 fnt\n|faint|p2b: Bellibolt\n|move|p2a: Flutter Mane|Dazzling Gleam|p1b: Amoonguss|[spread] p1a,p1b\n|-resisted|p1b: Amoonguss\n|-damage|p1a: Dragonite|22\/100\n|-damage|p1b: Amoonguss|59\/100\n|move|p1b: Amoonguss|Spore|p2a: Flutter Mane\n|-status|p2a: Flutter Mane|slp|[from] move: Spore\n|\n|upkeep\n|inactive|Charlisito has 30 seconds left.\n|inactive|Charlisito has 20 seconds left.\n|inactive|Charlisito has 15 seconds left.\n|inactive|Charlisito has 10 seconds left.\n|inactive|Charlisito has 5 seconds left.\n|\n|t:|1683072347\n|switch|p2b: Palafin|Palafin-Hero, L50, M|100\/100\n|-activate|p2b: Palafin|ability: Zero to Hero\n|turn|4\n|inactive|Charlisito has 30 seconds left.\n|inactive|Charlisito has 20 seconds left.\n|inactive|Charlisito has 15 seconds left.\n|inactive|Charlisito has 10 seconds left.\n|inactive|Charlisito has 5 seconds left.\n|\n|t:|1683072402\n|switch|p1b: Chien-Pao|Chien-Pao, L50|100\/100\n|-ability|p1b: Chien-Pao|Sword of Ruin\n|move|p1a: Dragonite|Extreme Speed|p2b: Palafin\n|-damage|p2b: Palafin|16\/100\n|move|p2b: Palafin|Jet Punch|p1a: Dragonite\n|-damage|p1a: Dragonite|0 fnt\n|faint|p1a: Dragonite\n|cant|p2a: Flutter Mane|slp\n|\n|upkeep\n|\n|t:|1683072416\n|switch|p1a: Amoonguss|Amoonguss, L50, F|93\/100\n|turn|5\n|inactive|Charlisito has 30 seconds left.\n|inactive|Charlisito has 20 seconds left.\n|inactive|Charlisito has 15 seconds left.\n|inactive|Charlisito has 10 seconds left.\n|\n|t:|1683072464\n|-terastallize|p2b: Palafin|Water\n|move|p1a: Amoonguss|Rage Powder|p1a: Amoonguss\n|-singleturn|p1a: Amoonguss|move: Rage Powder\n|move|p1b: Chien-Pao|Ice Spinner|p2a: Flutter Mane\n|-damage|p2a: Flutter Mane|0 fnt\n|faint|p2a: Flutter Mane\n|-end|p2a: Flutter Mane|Protosynthesis|[silent]\n|move|p2b: Palafin|Wave Crash|p1a: Amoonguss\n|-resisted|p1a: Amoonguss\n|-damage|p1a: Amoonguss|21\/100\n|-enditem|p1a: Amoonguss|Iapapa Berry|[eat]\n|-heal|p1a: Amoonguss|54\/100|[from] item: Iapapa Berry\n|-damage|p2b: Palafin|0 fnt|[from] Recoil\n|faint|p2b: Palafin\n|\n|win|RitmanTesting1\n|raw|RitmanTesting1's rating: 1431 → 1446<\/strong> (+15 for winning)\n|raw|Charlisito's rating: 1340 → 1325<\/strong> (-15 for losing)\n|l|\u2606Charlisito\n|c|\u2606RitmanTesting1|gg\n","uploadtime":1683072483,"views":11,"p1id":"ritmantesting1","p2id":"charlisito","formatid":"gen9vgc2023regulationc","rating":1325,"private":0,"password":""}