{"id":"gen9vgc2023regulationc-1859958917","p1":"NakedPsyduck","p2":"valhala alfa","format":"[Gen 9] VGC 2023 Regulation C","log":"|j|\u2606NakedPsyduck\n|j|\u2606valhala alfa\n|t:|1683579442\n|gametype|doubles\n|player|p1|NakedPsyduck|baker|1353\n|player|p2|valhala alfa|266|1364\n|teamsize|p1|6\n|teamsize|p2|6\n|gen|9\n|tier|[Gen 9] VGC 2023 Regulation C\n|rated|\n|rule|Species Clause: Limit one of each Pok\u00e9mon\n|rule|Item Clause: Limit one of each item\n|clearpoke\n|poke|p1|Garganacl, L50, F|\n|poke|p1|Ting-Lu, L50|\n|poke|p1|Wo-Chien, L50|\n|poke|p1|Arcanine, L50, M|\n|poke|p1|Grimmsnarl, L50, M|\n|poke|p1|Iron Hands, L50|\n|poke|p2|Lycanroc, L50, F|\n|poke|p2|Corviknight, L50, M|\n|poke|p2|Iron Bundle, L50|\n|poke|p2|Tyranitar, L50, M|\n|poke|p2|Garchomp, L50, M|\n|poke|p2|Flutter Mane, L50|\n|teampreview|4\n|inactive|Battle timer is ON: inactive players will automatically lose when time's up. (requested by NakedPsyduck)\nvalhala alfa rejected open team sheets.\n|inactive|valhala alfa has 60 seconds left.\n|\n|t:|1683579516\n|start\n|switch|p1a: Garganacl|Garganacl, L50, F|100\/100\n|switch|p1b: Ting-Lu|Ting-Lu, L50|100\/100\n|switch|p2a: Iron Bundle|Iron Bundle, L50, shiny|100\/100\n|switch|p2b: Flutter Mane|Flutter Mane, L50|100\/100\n|-ability|p1b: Ting-Lu|Vessel of Ruin\n|-enditem|p2a: Iron Bundle|Booster Energy\n|-activate|p2a: Iron Bundle|ability: Quark Drive|[fromitem]\n|-start|p2a: Iron Bundle|quarkdrivespe\n|turn|1\n|\n|t:|1683579538\n|-terastallize|p1a: Garganacl|Grass\n|move|p2a: Iron Bundle|Hydro Pump|p1a: Garganacl\n|-resisted|p1a: Garganacl\n|-damage|p1a: Garganacl|81\/100\n|move|p2b: Flutter Mane|Dazzling Gleam|p1a: Garganacl|[spread] p1a,p1b\n|-supereffective|p1b: Ting-Lu\n|-damage|p1a: Garganacl|54\/100\n|-damage|p1b: Ting-Lu|61\/100\n|-damage|p2b: Flutter Mane|91\/100|[from] item: Life Orb\n|move|p1b: Ting-Lu|Heavy Slam|p2b: Flutter Mane\n|-supereffective|p2b: Flutter Mane\n|-damage|p2b: Flutter Mane|14\/100\n|move|p1a: Garganacl|Salt Cure|p2a: Iron Bundle\n|-supereffective|p2a: Iron Bundle\n|-damage|p2a: Iron Bundle|68\/100\n|-start|p2a: Iron Bundle|Salt Cure\n|\n|-damage|p2a: Iron Bundle|44\/100|[from] Salt Cure\n|upkeep\n|turn|2\n|inactive|NakedPsyduck has 30 seconds left.\n|\n|t:|1683579563\n|move|p1a: Garganacl|Wide Guard|p1a: Garganacl\n|-singleturn|p1a: Garganacl|Wide Guard\n|move|p2a: Iron Bundle|Freeze-Dry|p1b: Ting-Lu\n|-supereffective|p1b: Ting-Lu\n|-damage|p1b: Ting-Lu|26\/100\n|move|p2b: Flutter Mane|Moonblast|p1b: Ting-Lu\n|-supereffective|p1b: Ting-Lu\n|-damage|p1b: Ting-Lu|0 fnt\n|faint|p1b: Ting-Lu\n|-damage|p2b: Flutter Mane|4\/100|[from] item: Life Orb\n|\n|-damage|p2a: Iron Bundle|20\/100|[from] Salt Cure\n|upkeep\n|\n|t:|1683579580\n|switch|p1b: Iron Hands|Iron Hands, L50|100\/100\n|-enditem|p1b: Iron Hands|Booster Energy\n|-activate|p1b: Iron Hands|ability: Quark Drive|[fromitem]\n|-start|p1b: Iron Hands|quarkdriveatk\n|turn|3\n|\n|t:|1683579601\n|-end|p2a: Iron Bundle|Quark Drive|[silent]\n|switch|p2a: Corviknight|Corviknight, L50, M|100\/100\n|move|p1b: Iron Hands|Fake Out|p2a: Corviknight\n|-resisted|p2a: Corviknight\n|-damage|p2a: Corviknight|96\/100\n|move|p2b: Flutter Mane|Moonblast|p1a: Garganacl\n|-damage|p1a: Garganacl|0 fnt\n|faint|p1a: Garganacl\n|-damage|p2b: Flutter Mane|0 fnt|[from] item: Life Orb\n|faint|p2b: Flutter Mane\n|-end|p2b: Flutter Mane|Protosynthesis|[silent]\n|\n|upkeep\n|\n|t:|1683579613\n|switch|p2b: Garchomp|Garchomp, L50, M|100\/100\n|switch|p1a: Wo-Chien|Wo-Chien, L50|100\/100\n|-ability|p1a: Wo-Chien|Tablets of Ruin\n|turn|4\n|inactive|valhala alfa has 30 seconds left.\n|inactive|valhala alfa has 20 seconds left.\n|\n|t:|1683579651\n|move|p2b: Garchomp|Substitute|p2b: Garchomp\n|-start|p2b: Garchomp|Substitute\n|-damage|p2b: Garchomp|76\/100\n|move|p2a: Corviknight|Brave Bird|p1a: Wo-Chien\n|-supereffective|p1a: Wo-Chien\n|-damage|p1a: Wo-Chien|53\/100\n|-damage|p2a: Corviknight|81\/100|[from] Recoil\n|move|p1a: Wo-Chien|Leech Seed||[still]\n|-fail|p1a: Wo-Chien\n|move|p1b: Iron Hands|Swords Dance|p1b: Iron Hands\n|-boost|p1b: Iron Hands|atk|2\n|\n|-heal|p2b: Garchomp|82\/100|[from] item: Leftovers\n|upkeep\n|turn|5\n|\n|t:|1683579674\n|move|p2b: Garchomp|Earthquake|p1b: Iron Hands|[spread] p1a,p1b\n|-immune|p2a: Corviknight\n|-resisted|p1a: Wo-Chien\n|-supereffective|p1b: Iron Hands\n|-damage|p1a: Wo-Chien|39\/100\n|-damage|p1b: Iron Hands|66\/100\n|move|p2a: Corviknight|Brave Bird|p1b: Iron Hands\n|-damage|p1b: Iron Hands|46\/100\n|-damage|p2a: Corviknight|73\/100|[from] Recoil\n|move|p1a: Wo-Chien|Pollen Puff|p1b: Iron Hands\n|-heal|p1b: Iron Hands|96\/100\n|move|p1b: Iron Hands|Wild Charge|p2a: Corviknight\n|-supereffective|p2a: Corviknight\n|-crit|p2a: Corviknight\n|-damage|p2a: Corviknight|0 fnt\n|faint|p2a: Corviknight\n|-damage|p1b: Iron Hands|82\/100|[from] Recoil\n|\n|-heal|p2b: Garchomp|88\/100|[from] item: Leftovers\n|upkeep\n|\n|t:|1683579683\n|switch|p2a: Iron Bundle|Iron Bundle, L50, shiny|20\/100\n|turn|6\n|\n|t:|1683579701\n|move|p2a: Iron Bundle|Protect|p2a: Iron Bundle\n|-singleturn|p2a: Iron Bundle|Protect\n|move|p2b: Garchomp|Earthquake|p1b: Iron Hands|[spread] p1a,p1b\n|-activate|p2a: Iron Bundle|move: Protect\n|-resisted|p1a: Wo-Chien\n|-supereffective|p1b: Iron Hands\n|-damage|p1a: Wo-Chien|24\/100\n|-damage|p1b: Iron Hands|47\/100\n|-enditem|p1a: Wo-Chien|Figy Berry|[eat]\n|-heal|p1a: Wo-Chien|58\/100|[from] item: Figy Berry\n|move|p1a: Wo-Chien|Pollen Puff|p2b: Garchomp\n|-activate|p2b: Garchomp|move: Substitute|[damage]\n|move|p1b: Iron Hands|Drain Punch|p2a: Iron Bundle\n|-activate|p2a: Iron Bundle|move: Protect\n|\n|-heal|p2b: Garchomp|94\/100|[from] item: Leftovers\n|upkeep\n|turn|7\n|inactive|valhala alfa has 30 seconds left.\n|\n|t:|1683579727\n|move|p2a: Iron Bundle|Freeze-Dry|p1b: Iron Hands\n|-damage|p1b: Iron Hands|26\/100\n|move|p2b: Garchomp|Dragon Claw|p1b: Iron Hands\n|-damage|p1b: Iron Hands|5\/100\n|move|p1a: Wo-Chien|Ruination|p1b: Iron Hands\n|-damage|p1b: Iron Hands|3\/100\n|move|p1b: Iron Hands|Drain Punch|p2a: Iron Bundle\n|-supereffective|p2a: Iron Bundle\n|-damage|p2a: Iron Bundle|0 fnt\n|-heal|p1b: Iron Hands|8\/100|[from] drain|[of] p2a: Iron Bundle\n|faint|p2a: Iron Bundle\n|-end|p2a: Iron Bundle|Quark Drive|[silent]\n|\n|-heal|p2b: Garchomp|99\/100|[from] item: Leftovers\n|upkeep\n|turn|8\n|inactive|NakedPsyduck has 30 seconds left.\n|\n|t:|1683579752\n|move|p2b: Garchomp|Earthquake|p1b: Iron Hands|[spread] p1a,p1b\n|-resisted|p1a: Wo-Chien\n|-supereffective|p1b: Iron Hands\n|-damage|p1a: Wo-Chien|44\/100\n|-damage|p1b: Iron Hands|0 fnt\n|faint|p1b: Iron Hands\n|-end|p1b: Iron Hands|Quark Drive|[silent]\n|move|p1a: Wo-Chien|Ruination|p2b: Garchomp\n|-end|p2b: Garchomp|Substitute\n|\n|-heal|p2b: Garchomp|100\/100|[from] item: Leftovers\n|upkeep\n|turn|9\n|\n|t:|1683579763\n|move|p2b: Garchomp|Substitute|p2b: Garchomp\n|-start|p2b: Garchomp|Substitute\n|-damage|p2b: Garchomp|76\/100\n|move|p1a: Wo-Chien|Leech Seed|p2b: Garchomp|[miss]\n|-miss|p1a: Wo-Chien|p2b: Garchomp\n|\n|-heal|p2b: Garchomp|82\/100|[from] item: Leftovers\n|upkeep\n|turn|10\n|\n|t:|1683579772\n|move|p2b: Garchomp|Dragon Claw|p1a: Wo-Chien\n|-damage|p1a: Wo-Chien|14\/100\n|move|p1a: Wo-Chien|Ruination|p2b: Garchomp\n|-end|p2b: Garchomp|Substitute\n|\n|-heal|p2b: Garchomp|88\/100|[from] item: Leftovers\n|upkeep\n|turn|11\n|\n|t:|1683579781\n|move|p2b: Garchomp|Dragon Claw|p1a: Wo-Chien\n|-damage|p1a: Wo-Chien|0 fnt\n|faint|p1a: Wo-Chien\n|\n|win|valhala alfa\n|raw|NakedPsyduck's rating: 1353 → 1334<\/strong> (-19 for losing)\n|raw|valhala alfa's rating: 1364 → 1383<\/strong> (+19 for winning)\n","uploadtime":1683579798,"views":11,"p1id":"nakedpsyduck","p2id":"valhalaalfa","formatid":"gen9vgc2023regulationc","rating":1334,"private":0,"password":""}