{"id":"gen9vgc2023regulationc-1850741360","p1":"Kosherbeats","p2":"Titannexus","format":"[Gen 9] VGC 2023 Regulation C","log":"|j|\u2606Kosherbeats\n|j|\u2606Titannexus\n|t:|1682363698\n|gametype|doubles\n|player|p1|Kosherbeats|ghetsis|1249\n|player|p2|Titannexus|acetrainer-gen4|1303\n|teamsize|p1|6\n|teamsize|p2|6\n|gen|9\n|tier|[Gen 9] VGC 2023 Regulation C\n|rated|\n|rule|Species Clause: Limit one of each Pok\u00e9mon\n|rule|Item Clause: Limit one of each item\n|clearpoke\n|poke|p1|Pachirisu, L50, F|\n|poke|p1|Gholdengo, L50|\n|poke|p1|Azumarill, L50, F|\n|poke|p1|Chien-Pao, L50|\n|poke|p1|Dragonite, L50, M|\n|poke|p1|Brute Bonnet, L50|\n|poke|p2|Dondozo, L50, M|\n|poke|p2|Tatsugiri, L50, F|\n|poke|p2|Flutter Mane, L50|\n|poke|p2|Arcanine, L50, M|\n|poke|p2|Corviknight, L50, M|\n|poke|p2|Dragapult, L50, F|\n|teampreview|4\n|inactive|Battle timer is ON: inactive players will automatically lose when time's up. (requested by Titannexus)\n|\n|t:|1682363717\n|start\n|switch|p1a: Pachirisu|Pachirisu, L50, F, shiny|100\/100\n|switch|p1b: Brute Bonnet|Brute Bonnet, L50, shiny|100\/100\n|switch|p2a: Dondozo|Dondozo, L50, M|100\/100\n|switch|p2b: Tatsugiri|Tatsugiri, L50, F|100\/100\n|-activate|p2b: Tatsugiri|ability: Commander|[of] p2a: Dondozo\n|-boost|p2a: Dondozo|atk|2\n|-boost|p2a: Dondozo|spa|2\n|-boost|p2a: Dondozo|spe|2\n|-boost|p2a: Dondozo|def|2\n|-boost|p2a: Dondozo|spd|2\n|turn|1\n|\n|t:|1682363727\n|-terastallize|p2a: Dondozo|Grass\n|move|p2a: Dondozo|Earthquake|p1a: Pachirisu|[spread] p1a,p1b\n|-miss|p2a: Dondozo|p2b: Tatsugiri\n|-supereffective|p1a: Pachirisu\n|-resisted|p1b: Brute Bonnet\n|-damage|p1a: Pachirisu|0 fnt\n|-damage|p1b: Brute Bonnet|84\/100\n|faint|p1a: Pachirisu\n|move|p1b: Brute Bonnet|Spore|p2a: Dondozo\n|-immune|p2a: Dondozo\n|\n|upkeep\n|\n|t:|1682363737\n|switch|p1a: Azumarill|Azumarill, L50, F, shiny|100\/100\n|turn|2\n|\n|t:|1682363746\n|move|p1b: Brute Bonnet|Sucker Punch|p2a: Dondozo\n|-damage|p2a: Dondozo|88\/100\n|move|p2a: Dondozo|Tera Blast|p1a: Azumarill\n|-supereffective|p1a: Azumarill\n|-damage|p1a: Azumarill|0 fnt\n|faint|p1a: Azumarill\n|\n|upkeep\n|\n|t:|1682363751\n|switch|p1a: Gholdengo|Gholdengo, L50|100\/100\n|turn|3\n|\n|t:|1682363756\n|move|p1b: Brute Bonnet|Sucker Punch|p2a: Dondozo\n|-damage|p2a: Dondozo|76\/100\n|move|p2a: Dondozo|Earthquake|p1b: Brute Bonnet|[spread] p1a,p1b\n|-miss|p2a: Dondozo|p2b: Tatsugiri\n|-supereffective|p1a: Gholdengo\n|-resisted|p1b: Brute Bonnet\n|-damage|p1a: Gholdengo|24\/100\n|-damage|p1b: Brute Bonnet|67\/100\n|move|p1a: Gholdengo|Nasty Plot|p1a: Gholdengo\n|-boost|p1a: Gholdengo|spa|2\n|\n|-heal|p1a: Gholdengo|30\/100|[from] item: Leftovers\n|upkeep\n|turn|4\n|c|\u2606Titannexus|I\u2019munaware\n|\n|t:|1682363780\n|move|p2a: Dondozo|Earthquake|p1a: Gholdengo|[spread] p1a,p1b\n|-miss|p2a: Dondozo|p2b: Tatsugiri\n|-supereffective|p1a: Gholdengo\n|-resisted|p1b: Brute Bonnet\n|-damage|p1a: Gholdengo|0 fnt\n|-damage|p1b: Brute Bonnet|51\/100\n|faint|p1a: Gholdengo\n|move|p1b: Brute Bonnet|Close Combat|p2a: Dondozo\n|-damage|p2a: Dondozo|61\/100\n|-unboost|p1b: Brute Bonnet|def|1\n|-unboost|p1b: Brute Bonnet|spd|1\n|\n|upkeep\n|turn|5\n|c|\u2606Kosherbeats|ight\n|-message|Kosherbeats forfeited.\n|\n|win|Titannexus\n|raw|Kosherbeats's rating: 1249 → 1228<\/strong> (-21 for losing)\n|raw|Titannexus's rating: 1303 → 1320<\/strong> (+17 for winning)\n|l|\u2606Kosherbeats\n","uploadtime":1682363804,"views":14,"p1id":"kosherbeats","p2id":"titannexus","formatid":"gen9vgc2023regulationc","rating":1228,"private":0,"password":""}