{"id":"gen9vgc2023regulationc-1859429021","p1":"frazer983","p2":"chest","format":"[Gen 9] VGC 2023 Regulation C","log":"|j|\u2606frazer983\n|j|\u2606chest\n|t:|1683465785\n|gametype|doubles\n|player|p1|frazer983|101|1467\n|player|p2|chest|265|1454\n|teamsize|p1|6\n|teamsize|p2|6\n|gen|9\n|tier|[Gen 9] VGC 2023 Regulation C\n|rated|\n|rule|Species Clause: Limit one of each Pok\u00e9mon\n|rule|Item Clause: Limit one of each item\n|clearpoke\n|poke|p1|Iron Bundle, L50|\n|poke|p1|Flutter Mane, L50|\n|poke|p1|Great Tusk, L50|\n|poke|p1|Kingambit, L50, M|\n|poke|p1|Gyarados, L50, F|\n|poke|p1|Ting-Lu, L50|\n|poke|p2|Gyarados, L50, F|\n|poke|p2|Ceruledge, L50, F|\n|poke|p2|Amoonguss, L50, M|\n|poke|p2|Ting-Lu, L50|\n|poke|p2|Flutter Mane, L50|\n|poke|p2|Iron Hands, L50|\n|teampreview|4\n|inactive|Battle timer is ON: inactive players will automatically lose when time's up. (requested by chest)\nfrazer983 has agreed to open team sheets.\nchest has agreed to open team sheets.\n|inactive|frazer983 has 60 seconds left.\n|inactive|chest has 60 seconds left.\n|\n|t:|1683465838\n|start\n|switch|p1a: Gyarados|Gyarados, L50, F|100\/100\n|switch|p1b: Great Tusk|Great Tusk, L50|100\/100\n|switch|p2a: Rayleigh|Ceruledge, L50, F|100\/100\n|switch|p2b: Bambi|Ting-Lu, L50|100\/100\n|-ability|p1a: Gyarados|Intimidate|boost\n|-fail|p2a: Rayleigh|unboost|[from] item: Clear Amulet|[of] p2a: Rayleigh\n|-unboost|p2b: Bambi|atk|1\n|-ability|p2b: Bambi|Vessel of Ruin\n|turn|1\n|inactive|frazer983 has 30 seconds left.\n|inactive|chest has 30 seconds left.\n|\n|t:|1683465867\n|switch|p2b: Cordyceps|Amoonguss, L50, M|100\/100\n|-terastallize|p2a: Rayleigh|Grass\n|move|p1b: Great Tusk|Close Combat|p2b: Cordyceps\n|-resisted|p2b: Cordyceps\n|-damage|p2b: Cordyceps|73\/100\n|-unboost|p1b: Great Tusk|def|1\n|-unboost|p1b: Great Tusk|spd|1\n|move|p1a: Gyarados|Thunder Wave|p2a: Rayleigh\n|-status|p2a: Rayleigh|par\n|cant|p2a: Rayleigh|par\n|\n|upkeep\n|turn|2\n|inactive|frazer983 has 30 seconds left.\n|inactive|chest has 30 seconds left.\n|inactive|frazer983 has 20 seconds left.\n|inactive|frazer983 has 15 seconds left.\n|inactive|frazer983 has 10 seconds left.\n|inactive|frazer983 has 5 seconds left.\n|\n|t:|1683465918\n|move|p1b: Great Tusk|Headlong Rush|p2b: Cordyceps\n|-damage|p2b: Cordyceps|24\/100\n|-unboost|p1b: Great Tusk|def|1\n|-unboost|p1b: Great Tusk|spd|1\n|-enditem|p2b: Cordyceps|Sitrus Berry|[eat]\n|-heal|p2b: Cordyceps|48\/100|[from] item: Sitrus Berry\n|move|p1a: Gyarados|Thunder Wave|p2b: Cordyceps\n|-status|p2b: Cordyceps|par\n|move|p2a: Rayleigh|Bulk Up|p2a: Rayleigh\n|-boost|p2a: Rayleigh|atk|1\n|-boost|p2a: Rayleigh|def|1\n|move|p2b: Cordyceps|Spore|p1a: Gyarados\n|-status|p1a: Gyarados|slp|[from] move: Spore\n|\n|upkeep\n|turn|3\n|j| THUNDERSND77\n|inactive|chest has 30 seconds left.\n|\n|t:|1683465946\n|switch|p2b: Bambi|Ting-Lu, L50|100\/100\n|-ability|p2b: Bambi|Vessel of Ruin\n|move|p1b: Great Tusk|Headlong Rush|p2b: Bambi\n|-damage|p2b: Bambi|62\/100\n|-unboost|p1b: Great Tusk|def|1\n|-unboost|p1b: Great Tusk|spd|1\n|cant|p1a: Gyarados|slp\n|cant|p2a: Rayleigh|par\n|\n|upkeep\n|turn|4\n|\n|t:|1683465970\n|switch|p2b: Cordyceps|Amoonguss, L50, M|82\/100 par\n|move|p1b: Great Tusk|Close Combat|p2b: Cordyceps\n|-resisted|p2b: Cordyceps\n|-crit|p2b: Cordyceps\n|-damage|p2b: Cordyceps|42\/100 par\n|-unboost|p1b: Great Tusk|def|1\n|-unboost|p1b: Great Tusk|spd|1\n|cant|p1a: Gyarados|slp\n|move|p2a: Rayleigh|Bitter Blade|p1b: Great Tusk\n|-enditem|p1b: Great Tusk|Focus Sash\n|-damage|p1b: Great Tusk|1\/100\n|\n|upkeep\n|turn|5\n|\n|t:|1683465992\n|move|p2a: Rayleigh|Shadow Sneak|p1b: Great Tusk\n|-damage|p1b: Great Tusk|0 fnt\n|faint|p1b: Great Tusk\n|-end|p1b: Great Tusk|Protosynthesis|[silent]\n|-curestatus|p1a: Gyarados|slp|[msg]\n|move|p1a: Gyarados|Waterfall|p2a: Rayleigh\n|-resisted|p2a: Rayleigh\n|-damage|p2a: Rayleigh|85\/100 par\n|cant|p2b: Cordyceps|par\n|\n|upkeep\n|\n|t:|1683466006\n|switch|p1b: Iron Bundle|Iron Bundle, L50|100\/100\n|-enditem|p1b: Iron Bundle|Booster Energy\n|-activate|p1b: Iron Bundle|ability: Quark Drive|[fromitem]\n|-start|p1b: Iron Bundle|quarkdrivespe\n|turn|6\n|\n|t:|1683466023\n|switch|p2b: Bambi|Ting-Lu, L50|62\/100\n|-ability|p2b: Bambi|Vessel of Ruin\n|-terastallize|p1b: Iron Bundle|Ice\n|move|p1b: Iron Bundle|Freeze-Dry|p2a: Rayleigh\n|-supereffective|p2a: Rayleigh\n|-damage|p2a: Rayleigh|28\/100 par\n|move|p1a: Gyarados|Waterfall|p2b: Bambi\n|-supereffective|p2b: Bambi\n|-damage|p2b: Bambi|14\/100\n|cant|p2a: Rayleigh|par\n|\n|upkeep\n|turn|7\n|\n|t:|1683466042\n|move|p2a: Rayleigh|Protect|p2a: Rayleigh\n|-singleturn|p2a: Rayleigh|Protect\n|move|p1b: Iron Bundle|Freeze-Dry|p2a: Rayleigh\n|-activate|p2a: Rayleigh|move: Protect\n|move|p1a: Gyarados|Waterfall|p2b: Bambi\n|-supereffective|p2b: Bambi\n|-damage|p2b: Bambi|0 fnt\n|faint|p2b: Bambi\n|\n|upkeep\n|-message|chest forfeited.\n|\n|win|frazer983\n|raw|frazer983's rating: 1467 → 1486<\/strong> (+19 for winning)\n|raw|chest's rating: 1454 → 1435<\/strong> (-19 for losing)\n|l|\u2606frazer983\n","uploadtime":1683466054,"views":7,"p1id":"frazer983","p2id":"chest","formatid":"gen9vgc2023regulationc","rating":1435,"private":0,"password":""}