{"id":"gen9vgc2023regulationc-1851619185","p1":"Lewlo","p2":"Suluxz","format":"[Gen 9] VGC 2023 Regulation C","log":"|j|\u2606Lewlo\n|j|\u2606Suluxz\n|t:|1682461942\n|gametype|doubles\n|player|p1|Lewlo|lass-gen4|1238\n|player|p2|Suluxz|hilbert|1256\n|teamsize|p1|6\n|teamsize|p2|6\n|gen|9\n|tier|[Gen 9] VGC 2023 Regulation C\n|rated|\n|rule|Species Clause: Limit one of each Pok\u00e9mon\n|rule|Item Clause: Limit one of each item\n|clearpoke\n|poke|p1|Chien-Pao, L50|\n|poke|p1|Azumarill, L50, M|\n|poke|p1|Amoonguss, L50, F|\n|poke|p1|Flutter Mane, L50|\n|poke|p1|Klefki, L50, M|\n|poke|p1|Kingambit, L50, M|\n|poke|p2|Tyranitar, L50, F|\n|poke|p2|Bronzong, L50|\n|poke|p2|Ting-Lu, L50|\n|poke|p2|Iron Hands, L50|\n|poke|p2|Armarouge, L50, M|\n|poke|p2|Brute Bonnet, L50|\n|teampreview|4\n|inactive|Battle timer is ON: inactive players will automatically lose when time's up. (requested by Lewlo)\nLewlo has agreed to open team sheets.\n|\n|t:|1682461970\n|start\n|switch|p1a: Klefki|Klefki, L50, M|100\/100\n|switch|p1b: Amoonguss|Amoonguss, L50, F|100\/100\n|switch|p2a: Armarouge|Armarouge, L50, M|100\/100\n|switch|p2b: Ting-Lu|Ting-Lu, L50|100\/100\n|-ability|p2b: Ting-Lu|Vessel of Ruin\n|turn|1\n|\n|t:|1682461990\n|-terastallize|p2a: Armarouge|Grass\n|move|p1a: Klefki|Light Screen|p1a: Klefki\n|-sidestart|p1: Lewlo|move: Light Screen\n|move|p2b: Ting-Lu|Stomping Tantrum|p1a: Klefki\n|-supereffective|p1a: Klefki\n|-damage|p1a: Klefki|24\/100\n|move|p1b: Amoonguss|Spore|p2b: Ting-Lu\n|-status|p2b: Ting-Lu|slp|[from] move: Spore\n|move|p2a: Armarouge|Trick Room|p2a: Armarouge\n|-fieldstart|move: Trick Room|[of] p2a: Armarouge\n|\n|upkeep\n|turn|2\n|\n|t:|1682462006\n|move|p1a: Klefki|Rain Dance|p1a: Klefki\n|-weather|RainDance\n|move|p1b: Amoonguss|Pollen Puff|p2a: Armarouge\n|-supereffective|p2a: Armarouge\n|-damage|p2a: Armarouge|70\/100\n|cant|p2b: Ting-Lu|slp\n|move|p2a: Armarouge|Armor Cannon|p1b: Amoonguss\n|-supereffective|p1b: Amoonguss\n|-damage|p1b: Amoonguss|74\/100\n|-unboost|p2a: Armarouge|def|1\n|-unboost|p2a: Armarouge|spd|1\n|\n|-weather|RainDance|[upkeep]\n|upkeep\n|turn|3\n|\n|t:|1682462021\n|move|p1b: Amoonguss|Pollen Puff|p2a: Armarouge\n|-supereffective|p2a: Armarouge\n|-damage|p2a: Armarouge|20\/100\n|cant|p2b: Ting-Lu|slp\n|move|p1a: Klefki|Dazzling Gleam|p2a: Armarouge|[spread] p2a,p2b\n|-supereffective|p2b: Ting-Lu\n|-damage|p2a: Armarouge|0 fnt\n|-damage|p2b: Ting-Lu|86\/100 slp\n|faint|p2a: Armarouge\n|\n|-weather|RainDance|[upkeep]\n|upkeep\n|\n|t:|1682462034\n|switch|p2a: Iron Hands|Iron Hands, L50|100\/100\n|-enditem|p2a: Iron Hands|Booster Energy\n|-activate|p2a: Iron Hands|ability: Quark Drive|[fromitem]\n|-start|p2a: Iron Hands|quarkdriveatk\n|turn|4\n|\n|t:|1682462048\n|move|p2a: Iron Hands|Fake Out|p1b: Amoonguss\n|-damage|p1b: Amoonguss|57\/100\n|-damage|p2a: Iron Hands|84\/100|[from] item: Rocky Helmet|[of] p1b: Amoonguss\n|move|p1a: Klefki|Reflect|p1a: Klefki\n|-sidestart|p1: Lewlo|Reflect\n|cant|p1b: Amoonguss|flinch\n|cant|p2b: Ting-Lu|slp\n|\n|-weather|RainDance|[upkeep]\n|upkeep\n|turn|5\n|\n|t:|1682462066\n|move|p1b: Amoonguss|Spore|p2a: Iron Hands\n|-status|p2a: Iron Hands|slp|[from] move: Spore\n|cant|p2a: Iron Hands|slp\n|-curestatus|p2b: Ting-Lu|slp|[msg]\n|move|p2b: Ting-Lu|Stomping Tantrum|p1b: Amoonguss\n|-damage|p1b: Amoonguss|14\/100\n|-damage|p2b: Ting-Lu|70\/100|[from] item: Rocky Helmet|[of] p1b: Amoonguss\n|move|p1a: Klefki|Dazzling Gleam|p2b: Ting-Lu|[spread] p2a,p2b\n|-supereffective|p2a: Iron Hands\n|-supereffective|p2b: Ting-Lu\n|-damage|p2a: Iron Hands|60\/100 slp\n|-damage|p2b: Ting-Lu|56\/100\n|\n|-weather|RainDance|[upkeep]\n|-fieldend|move: Trick Room\n|upkeep\n|turn|6\n|\n|t:|1682462085\n|switch|p1b: Azumarill|Azumarill, L50, M|100\/100\n|move|p1a: Klefki|Dazzling Gleam|p2b: Ting-Lu|[spread] p2a,p2b\n|-supereffective|p2a: Iron Hands\n|-crit|p2a: Iron Hands\n|-supereffective|p2b: Ting-Lu\n|-damage|p2a: Iron Hands|27\/100 slp\n|-damage|p2b: Ting-Lu|41\/100\n|move|p2b: Ting-Lu|Stomping Tantrum|p1b: Azumarill\n|-damage|p1b: Azumarill|75\/100\n|cant|p2a: Iron Hands|slp\n|\n|-weather|none\n|upkeep\n|turn|7\n|c|\u2606Suluxz|I cannot catch a break with sleep rolls huh\n|c|\u2606Lewlo|It be like that\n|inactive|Suluxz has 30 seconds left.\n|c|\u2606Lewlo|I got froze 3 times last game\n|\n|t:|1682462113\n|-terastallize|p1b: Azumarill|Water\n|move|p1a: Klefki|Rain Dance|p1a: Klefki\n|-weather|RainDance\n|move|p1b: Azumarill|Aqua Jet|p2b: Ting-Lu\n|-supereffective|p2b: Ting-Lu\n|-damage|p2b: Ting-Lu|0 fnt\n|faint|p2b: Ting-Lu\n|-curestatus|p2a: Iron Hands|slp|[msg]\n|move|p2a: Iron Hands|Thunder Punch|p1b: Azumarill\n|-supereffective|p1b: Azumarill\n|-damage|p1b: Azumarill|0 fnt\n|faint|p1b: Azumarill\n|\n|-weather|RainDance|[upkeep]\n|upkeep\n|\n|t:|1682462123\n|switch|p1b: Amoonguss|Amoonguss, L50, F|47\/100\n|switch|p2b: Tyranitar|Tyranitar, L50, F|100\/100\n|-weather|Sandstorm|[from] ability: Sand Stream|[of] p2b: Tyranitar\n|turn|8\n|\n|t:|1682462138\n|move|p1a: Klefki|Rain Dance|p1a: Klefki\n|-weather|RainDance\n|move|p2b: Tyranitar|Rock Slide|p1a: Klefki|[spread] p1a,p1b\n|-resisted|p1a: Klefki\n|-damage|p1a: Klefki|13\/100\n|-damage|p1b: Amoonguss|28\/100\n|move|p2a: Iron Hands|Ice Punch|p1b: Amoonguss\n|-supereffective|p1b: Amoonguss\n|-damage|p1b: Amoonguss|0 fnt\n|-damage|p2a: Iron Hands|11\/100|[from] item: Rocky Helmet|[of] p1b: Amoonguss\n|faint|p1b: Amoonguss\n|\n|-weather|RainDance|[upkeep]\n|-sideend|p1: Lewlo|move: Light Screen\n|upkeep\n|\n|t:|1682462144\n|switch|p1b: Chien-Pao|Chien-Pao, L50|100\/100\n|-ability|p1b: Chien-Pao|Sword of Ruin\n|turn|9\n|\n|t:|1682462164\n|move|p2b: Tyranitar|Protect|p2b: Tyranitar\n|-singleturn|p2b: Tyranitar|Protect\n|move|p1b: Chien-Pao|Ice Spinner|p2b: Tyranitar\n|-activate|p2b: Tyranitar|move: Protect\n|move|p1a: Klefki|Dazzling Gleam|p2a: Iron Hands|[spread] p2a\n|-activate|p2b: Tyranitar|move: Protect\n|-supereffective|p2a: Iron Hands\n|-damage|p2a: Iron Hands|0 fnt\n|faint|p2a: Iron Hands\n|-end|p2a: Iron Hands|Quark Drive|[silent]\n|\n|-weather|RainDance|[upkeep]\n|upkeep\n|turn|10\n|\n|t:|1682462181\n|move|p1b: Chien-Pao|Ice Spinner|p2b: Tyranitar\n|-damage|p2b: Tyranitar|60\/100\n|move|p1a: Klefki|Dazzling Gleam|p2b: Tyranitar\n|-supereffective|p2b: Tyranitar\n|-crit|p2b: Tyranitar\n|-damage|p2b: Tyranitar|2\/100\n|-enditem|p2b: Tyranitar|Weakness Policy\n|-boost|p2b: Tyranitar|atk|2|[from] item: Weakness Policy\n|-boost|p2b: Tyranitar|spa|2|[from] item: Weakness Policy\n|move|p2b: Tyranitar|Rock Slide|p1b: Chien-Pao|[spread] p1a,p1b\n|-resisted|p1a: Klefki\n|-supereffective|p1b: Chien-Pao\n|-damage|p1a: Klefki|0 fnt\n|-enditem|p1b: Chien-Pao|Focus Sash\n|-damage|p1b: Chien-Pao|1\/100\n|faint|p1a: Klefki\n|\n|-weather|RainDance|[upkeep]\n|upkeep\n|turn|11\n|\n|t:|1682462189\n|move|p2b: Tyranitar|Protect|p2b: Tyranitar\n|-singleturn|p2b: Tyranitar|Protect\n|move|p1b: Chien-Pao|Ice Spinner|p2b: Tyranitar\n|-activate|p2b: Tyranitar|move: Protect\n|\n|-weather|RainDance|[upkeep]\n|-sideend|p1: Lewlo|Reflect\n|upkeep\n|turn|12\n|c|\u2606Suluxz|I have never ever ever got a sleep roll below 3 turns\n|c|\u2606Suluxz|This sucks ass\n|inactive|Suluxz has 30 seconds left.\n|-message|Suluxz forfeited.\n|\n|win|Lewlo\n|raw|Lewlo's rating: 1238 → 1264<\/strong> (+26 for winning)\n|raw|Suluxz's rating: 1256 → 1230<\/strong> (-26 for losing)\n|l|\u2606Suluxz\n|c|\u2606Lewlo|Sorry mate\n","uploadtime":1682462223,"views":14,"p1id":"lewlo","p2id":"suluxz","formatid":"gen9vgc2023regulationc","rating":1230,"private":0,"password":""}