{"id":"gen9vgc2023regulationc-1854955664","p1":"awesome10billion","p2":"aquaarmor23","format":"[Gen 9] VGC 2023 Regulation C","log":"|j|\u2606awesome10billion\n|j|\u2606aquaarmor23\n|t:|1682884705\n|gametype|doubles\n|player|p1|awesome10billion|170|\n|player|p2|aquaarmor23|266|\n|teamsize|p1|6\n|teamsize|p2|6\n|gen|9\n|tier|[Gen 9] VGC 2023 Regulation C\n|rule|Species Clause: Limit one of each Pok\u00e9mon\n|rule|Item Clause: Limit one of each item\n|clearpoke\n|poke|p1|Iron Hands, L50|\n|poke|p1|Amoonguss, L50, F|\n|poke|p1|Pelipper, L50, M|\n|poke|p1|Palafin, L50, F|\n|poke|p1|Baxcalibur, L50, F|\n|poke|p1|Dragonite, L50, F|\n|poke|p2|Torkoal, L50, F|\n|poke|p2|Flutter Mane, L50|\n|poke|p2|Lilligant, L50, F|\n|poke|p2|Great Tusk, L50|\n|poke|p2|Iron Hands, L50|\n|poke|p2|Chien-Pao, L50|\n|teampreview|4\n|inactive|Battle timer is ON: inactive players will automatically lose when time's up. (requested by awesome10billion)\n|inactive|aquaarmor23 has 60 seconds left.\n|\n|t:|1682884754\n|start\n|switch|p1a: Baxcalibur|Baxcalibur, L50, F|100\/100\n|switch|p1b: Amoonguss|Amoonguss, L50, F|100\/100\n|switch|p2a: flowey|Lilligant, L50, F|100\/100\n|switch|p2b: tusk|Great Tusk, L50|100\/100\n|turn|1\n|inactive|awesome10billion has 30 seconds left.\n|inactive|aquaarmor23 has 30 seconds left.\n|inactive|aquaarmor23 has 20 seconds left.\n|inactive|aquaarmor23 has 15 seconds left.\n|\n|t:|1682884796\n|move|p2a: flowey|After You|p2b: tusk\n|-activate|p2b: tusk|move: After You\n|move|p2b: tusk|Close Combat|p1a: Baxcalibur\n|-supereffective|p1a: Baxcalibur\n|-damage|p1a: Baxcalibur|0 fnt\n|-unboost|p2b: tusk|def|1\n|-unboost|p2b: tusk|spd|1\n|faint|p1a: Baxcalibur\n|move|p1b: Amoonguss|Spore|p2b: tusk\n|-status|p2b: tusk|slp|[from] move: Spore\n|\n|upkeep\n|\n|t:|1682884806\n|switch|p1a: Pelipper|Pelipper, L50, M|100\/100\n|-weather|RainDance|[from] ability: Drizzle|[of] p1a: Pelipper\n|turn|2\n|\n|t:|1682884828\n|-end|p2b: tusk|Protosynthesis|[silent]\n|switch|p2b: i like turtles|Torkoal, L50, F|100\/100\n|-weather|SunnyDay|[from] ability: Drought|[of] p2b: i like turtles\n|move|p2a: flowey|Protect|p2a: flowey\n|-singleturn|p2a: flowey|Protect\n|move|p1a: Pelipper|Hurricane|p2b: i like turtles|[miss]\n|-miss|p1a: Pelipper|p2b: i like turtles\n|move|p1b: Amoonguss|Pollen Puff|p2a: flowey\n|-activate|p2a: flowey|move: Protect\n|\n|-weather|SunnyDay|[upkeep]\n|upkeep\n|turn|3\n|\n|t:|1682884848\n|switch|p1a: Iron Hands|Iron Hands, L50|100\/100\n|move|p2a: flowey|Sleep Powder|p1a: Iron Hands\n|-status|p1a: Iron Hands|slp|[from] move: Sleep Powder\n|move|p2b: i like turtles|Eruption|p1b: Amoonguss|[spread] p1a,p1b\n|-supereffective|p1b: Amoonguss\n|-damage|p1a: Iron Hands|68\/100 slp\n|-damage|p1b: Amoonguss|0 fnt\n|faint|p1b: Amoonguss\n|\n|-weather|SunnyDay|[upkeep]\n|upkeep\n|\n|t:|1682884858\n|switch|p1b: Pelipper|Pelipper, L50, M|100\/100\n|-weather|RainDance|[from] ability: Drizzle|[of] p1b: Pelipper\n|turn|4\n|\n|t:|1682884875\n|switch|p2b: flesh hands|Iron Hands, L50|100\/100\n|-enditem|p2b: flesh hands|Booster Energy\n|-activate|p2b: flesh hands|ability: Quark Drive|[fromitem]\n|-start|p2b: flesh hands|quarkdriveatk\n|move|p2a: flowey|Protect|p2a: flowey\n|-singleturn|p2a: flowey|Protect\n|move|p1b: Pelipper|Hurricane|p2a: flowey\n|-activate|p2a: flowey|move: Protect\n|cant|p1a: Iron Hands|slp\n|\n|-weather|RainDance|[upkeep]\n|upkeep\n|turn|5\n|\n|t:|1682884893\n|move|p2a: flowey|After You|p2b: flesh hands\n|-activate|p2b: flesh hands|move: After You\n|move|p2b: flesh hands|Wild Charge|p1b: Pelipper\n|-supereffective|p1b: Pelipper\n|-enditem|p1b: Pelipper|Focus Sash\n|-damage|p1b: Pelipper|1\/100\n|-damage|p2b: flesh hands|86\/100|[from] Recoil\n|move|p1b: Pelipper|Hurricane|p2a: flowey\n|-supereffective|p2a: flowey\n|-damage|p2a: flowey|0 fnt\n|faint|p2a: flowey\n|cant|p1a: Iron Hands|slp\n|\n|-weather|RainDance|[upkeep]\n|upkeep\n|\n|t:|1682884905\n|switch|p2a: i like turtles|Torkoal, L50, F|100\/100\n|-weather|SunnyDay|[from] ability: Drought|[of] p2a: i like turtles\n|turn|6\n|\n|t:|1682884922\n|move|p1b: Pelipper|Hurricane|p2b: flesh hands\n|-damage|p2b: flesh hands|46\/100\n|-curestatus|p1a: Iron Hands|slp|[msg]\n|move|p1a: Iron Hands|Wild Charge|p2a: i like turtles\n|-damage|p2a: i like turtles|61\/100\n|-damage|p1a: Iron Hands|61\/100|[from] Recoil\n|move|p2b: flesh hands|Drain Punch|p1a: Iron Hands\n|-damage|p1a: Iron Hands|22\/100\n|-heal|p2b: flesh hands|66\/100|[from] drain|[of] p1a: Iron Hands\n|move|p2a: i like turtles|Eruption|p1b: Pelipper|[spread] p1a,p1b\n|-resisted|p1b: Pelipper\n|-damage|p1a: Iron Hands|0 fnt\n|-damage|p1b: Pelipper|0 fnt\n|faint|p1a: Iron Hands\n|-end|p1a: Iron Hands|Quark Drive|[silent]\n|faint|p1b: Pelipper\n|\n|win|aquaarmor23\n|c|\u2606awesome10billion|gg\n|c|\u2606aquaarmor23|gg\n|l|\u2606aquaarmor23\n","uploadtime":1682884940,"views":9,"p1id":"awesome10billion","p2id":"aquaarmor23","formatid":"gen9vgc2023regulationc","rating":0,"private":0,"password":""}