{"id":"gen9vgc2023regulationc-1860128973","p1":"drinkingwater95","p2":"MiddleSchoolVGC","format":"[Gen 9] VGC 2023 Regulation C","log":"|j|\u2606drinkingwater95\n|j|\u203dMiddleSchoolVGC\n|t:|1683598637\n|gametype|doubles\n|player|p1|drinkingwater95|266|1093\n|player|p2|MiddleSchoolVGC|thorton|1195\n|teamsize|p1|6\n|teamsize|p2|6\n|gen|9\n|tier|[Gen 9] VGC 2023 Regulation C\n|rated|\n|rule|Species Clause: Limit one of each Pok\u00e9mon\n|rule|Item Clause: Limit one of each item\n|clearpoke\n|poke|p1|Arcanine, L50, M|\n|poke|p1|Wo-Chien, L50|\n|poke|p1|Mimikyu, L50, F|\n|poke|p1|Kingambit, L50, F|\n|poke|p1|Dragapult, L50, F|\n|poke|p1|Amoonguss, L50, F|\n|poke|p2|Flutter Mane, L50|\n|poke|p2|Iron Bundle, L50|\n|poke|p2|Dragapult, L50, F|\n|poke|p2|Chien-Pao, L50|\n|poke|p2|Amoonguss, L50, M|\n|poke|p2|Talonflame, L50, F|\n|teampreview|4\n|\n|t:|1683598660\n|start\n|switch|p1a: Kingambit|Kingambit, L50, F|100\/100\n|switch|p1b: Dragapult|Dragapult, L50, F|100\/100\n|switch|p2a: Iron Bundle|Iron Bundle, L50, shiny|100\/100\n|switch|p2b: Talonflame|Talonflame, L50, F, shiny|100\/100\n|-enditem|p2a: Iron Bundle|Booster Energy\n|-activate|p2a: Iron Bundle|ability: Quark Drive|[fromitem]\n|-start|p2a: Iron Bundle|quarkdrivespe\n|turn|1\n|\n|t:|1683598683\n|move|p1a: Kingambit|Sucker Punch|p2a: Iron Bundle\n|-damage|p2a: Iron Bundle|52\/100\n|move|p1b: Dragapult|Phantom Force||[still]\n|-prepare|p1b: Dragapult|Phantom Force\n|move|p2a: Iron Bundle|Freeze-Dry|p1b: Dragapult|[miss]\n|-miss|p2a: Iron Bundle|p1b: Dragapult\n|move|p2b: Talonflame|Will-O-Wisp|p1a: Kingambit\n|-status|p1a: Kingambit|brn\n|\n|-damage|p1a: Kingambit|95\/100 brn|[from] brn\n|upkeep\n|turn|2\n|\n|t:|1683598709\n|move|p2b: Talonflame|Tailwind|p2b: Talonflame\n|-sidestart|p2: MiddleSchoolVGC|move: Tailwind\n|move|p1a: Kingambit|Sucker Punch|p2a: Iron Bundle\n|-damage|p2a: Iron Bundle|30\/100\n|move|p2a: Iron Bundle|Freeze-Dry|p1b: Dragapult|[miss]\n|-miss|p2a: Iron Bundle|p1b: Dragapult\n|move|p1b: Dragapult|Phantom Force|p2b: Talonflame|[from]lockedmove\n|-damage|p2b: Talonflame|56\/100\n|\n|-damage|p1a: Kingambit|89\/100 brn|[from] brn\n|upkeep\n|turn|3\n|\n|t:|1683598732\n|switch|p1b: Mimikyu|Mimikyu, L50, F|100\/100\n|move|p1a: Kingambit|Sucker Punch|p2a: Iron Bundle\n|-damage|p2a: Iron Bundle|3\/100\n|move|p2a: Iron Bundle|Freeze-Dry|p1b: Mimikyu\n|-activate|p1b: Mimikyu|ability: Disguise\n|-damage|p1b: Mimikyu|100\/100\n|detailschange|p1b: Mimikyu|Mimikyu-Busted, L50, F\n|-damage|p1b: Mimikyu|88\/100|[from] pokemon: Mimikyu-Busted\n|move|p2b: Talonflame|Brave Bird|p1b: Mimikyu\n|-damage|p1b: Mimikyu|44\/100\n|-damage|p2b: Talonflame|43\/100|[from] Recoil\n|\n|-damage|p1a: Kingambit|83\/100 brn|[from] brn\n|upkeep\n|turn|4\n|\n|t:|1683598755\n|move|p2a: Iron Bundle|Protect|p2a: Iron Bundle\n|-singleturn|p2a: Iron Bundle|Protect\n|move|p1a: Kingambit|Sucker Punch|p2b: Talonflame\n|-damage|p2b: Talonflame|23\/100\n|move|p2b: Talonflame|Brave Bird|p1b: Mimikyu\n|-damage|p1b: Mimikyu|0 fnt\n|faint|p1b: Mimikyu\n|-damage|p2b: Talonflame|10\/100|[from] Recoil\n|\n|-damage|p1a: Kingambit|78\/100 brn|[from] brn\n|upkeep\n|\n|t:|1683598766\n|switch|p1b: Dragapult|Dragapult, L50, F|100\/100\n|turn|5\n|\n|t:|1683598786\n|-terastallize|p1b: Dragapult|Steel\n|move|p2a: Iron Bundle|Freeze-Dry|p1b: Dragapult\n|-resisted|p1b: Dragapult\n|-damage|p1b: Dragapult|77\/100\n|move|p2b: Talonflame|Will-O-Wisp|p1b: Dragapult\n|-status|p1b: Dragapult|brn\n|move|p1b: Dragapult|Dragon Darts|p2b: Talonflame\n|-damage|p2b: Talonflame|0 fnt\n|-anim|p1b: Dragapult|Dragon Darts|p2a: Iron Bundle\n|-damage|p2a: Iron Bundle|0 fnt\n|faint|p2b: Talonflame\n|faint|p2a: Iron Bundle\n|-end|p2a: Iron Bundle|Quark Drive|[silent]\n|move|p1a: Kingambit|Iron Head|p2: Iron Bundle|[notarget]\n|-fail|p1a: Kingambit\n|\n|-damage|p1b: Dragapult|71\/100 brn|[from] brn\n|-damage|p1a: Kingambit|72\/100 brn|[from] brn\n|-sideend|p2: MiddleSchoolVGC|move: Tailwind\n|upkeep\n|\n|t:|1683598792\n|switch|p2a: Dragapult|Dragapult, L50, F, shiny|100\/100\n|switch|p2b: Chien-Pao|Chien-Pao, L50|100\/100\n|-ability|p2b: Chien-Pao|Sword of Ruin\n|turn|6\n|\n|t:|1683598811\n|move|p1b: Dragapult|Dragon Darts|p2a: Dragapult\n|-supereffective|p2a: Dragapult\n|-damage|p2a: Dragapult|56\/100\n|-anim|p1b: Dragapult|Dragon Darts|p2b: Chien-Pao\n|-damage|p2b: Chien-Pao|83\/100\n|move|p2a: Dragapult|Phantom Force||[still]\n|-prepare|p2a: Dragapult|Phantom Force\n|move|p2b: Chien-Pao|Sacred Sword|p1a: Kingambit\n|-supereffective|p1a: Kingambit\n|-damage|p1a: Kingambit|0 fnt\n|faint|p1a: Kingambit\n|\n|-damage|p1b: Dragapult|65\/100 brn|[from] brn\n|upkeep\n|\n|t:|1683598823\n|switch|p1a: Wo-Chien|Wo-Chien, L50|100\/100\n|-ability|p1a: Wo-Chien|Tablets of Ruin\n|turn|7\n|\n|t:|1683598836\n|move|p1b: Dragapult|Dragon Darts|p2b: Chien-Pao\n|-damage|p2b: Chien-Pao|70\/100\n|-anim|p1b: Dragapult|Dragon Darts|p2b: Chien-Pao\n|-damage|p2b: Chien-Pao|56\/100\n|move|p2a: Dragapult|Phantom Force|p1b: Dragapult|[from]lockedmove\n|-damage|p1b: Dragapult|0 fnt\n|faint|p1b: Dragapult\n|-damage|p2a: Dragapult|46\/100|[from] item: Life Orb\n|move|p2b: Chien-Pao|Ice Spinner|p1a: Wo-Chien\n|-supereffective|p1a: Wo-Chien\n|-damage|p1a: Wo-Chien|32\/100\n|move|p1a: Wo-Chien|Giga Drain|p2b: Chien-Pao\n|-damage|p2b: Chien-Pao|0 fnt\n|-heal|p1a: Wo-Chien|59\/100|[from] drain|[of] p2b: Chien-Pao\n|faint|p2b: Chien-Pao\n|\n|-heal|p1a: Wo-Chien|65\/100|[from] item: Leftovers\n|upkeep\n|turn|8\n|\n|t:|1683598862\n|-terastallize|p2a: Dragapult|Steel\n|move|p2a: Dragapult|Dragon Darts|p1a: Wo-Chien\n|-damage|p1a: Wo-Chien|42\/100\n|-anim|p2a: Dragapult|Dragon Darts|p1a: Wo-Chien\n|-damage|p1a: Wo-Chien|20\/100\n|-damage|p2a: Dragapult|37\/100|[from] item: Life Orb\n|move|p1a: Wo-Chien|Dark Pulse|p2a: Dragapult\n|-damage|p2a: Dragapult|0 fnt\n|faint|p2a: Dragapult\n|\n|win|drinkingwater95\n|raw|drinkingwater95's rating: 1093 → 1126<\/strong> (+33 for winning)\n|raw|MiddleSchoolVGC's rating: 1195 → 1163<\/strong> (-32 for losing)\n","uploadtime":1683598871,"views":18,"p1id":"drinkingwater95","p2id":"middleschoolvgc","formatid":"gen9vgc2023regulationc","rating":1126,"private":0,"password":""}