{"id":"gen9vgc2023regulationc-1850846248","p1":"BenD870","p2":"Ciq108","format":"[Gen 9] VGC 2023 Regulation C","log":"|j|\u2606BenD870\n|j|\u2606Ciq108\n|t:|1682373782\n|gametype|doubles\n|player|p1|BenD870|101|\n|player|p2|Ciq108|266|\n|teamsize|p1|6\n|teamsize|p2|6\n|gen|9\n|tier|[Gen 9] VGC 2023 Regulation C\n|rule|Species Clause: Limit one of each Pok\u00e9mon\n|rule|Item Clause: Limit one of each item\n|clearpoke\n|poke|p1|Chi-Yu, L50|\n|poke|p1|Iron Bundle, L50|\n|poke|p1|Tsareena, L50, F|\n|poke|p1|Veluza, L50, F|\n|poke|p1|Vivillon-Fancy, L50, F|\n|poke|p1|Haxorus, L50, M|\n|poke|p2|Chien-Pao, L50|\n|poke|p2|Raichu, L50, M|\n|poke|p2|Gastrodon, L50, M|\n|poke|p2|Rotom-Heat, L50|\n|poke|p2|Iron Treads, L50|\n|poke|p2|Dragonite, L50, F|\n|teampreview|4\n|c|\u2606BenD870|G2\nBenD870 rejected open team sheets.\n|j| Kyogre Canucks\n|j| KinkyNesquick\n|c| Kyogre Canucks|glhf\n|c|\u2606BenD870|Glhf!\n|c|\u2606Ciq108|U2\n|\n|t:|1682374219\n|start\n|switch|p1a: Vivillon|Vivillon-Fancy, L50, F|100\/100\n|switch|p1b: Veluza|Veluza, L50, F|100\/100\n|switch|p2a: Iron Treads|Iron Treads, L50|100\/100\n|switch|p2b: Rotom|Rotom-Heat, L50|100\/100\n|-enditem|p2a: Iron Treads|Booster Energy\n|-activate|p2a: Iron Treads|ability: Quark Drive|[fromitem]\n|-start|p2a: Iron Treads|quarkdrivespe\n|turn|1\n|\n|t:|1682374253\n|-end|p2a: Iron Treads|Quark Drive|[silent]\n|switch|p2a: Gastrodon|Gastrodon, L50, M|100\/100\n|move|p1b: Veluza|Protect|p1b: Veluza\n|-singleturn|p1b: Veluza|Protect\n|move|p1a: Vivillon|Sleep Powder|p2b: Rotom\n|-status|p2b: Rotom|slp|[from] move: Sleep Powder\n|cant|p2b: Rotom|slp\n|\n|upkeep\n|turn|2\n|l| KinkyNesquick\n|\n|t:|1682374272\n|move|p2a: Gastrodon|Protect|p2a: Gastrodon\n|-singleturn|p2a: Gastrodon|Protect\n|move|p1a: Vivillon|Tailwind|p1a: Vivillon\n|-sidestart|p1: BenD870|move: Tailwind\n|move|p1b: Veluza|Fillet Away|p1b: Veluza\n|-boost|p1b: Veluza|atk|2\n|-boost|p1b: Veluza|spa|2\n|-boost|p1b: Veluza|spe|2\n|-damage|p1b: Veluza|50\/100\n|-enditem|p1b: Veluza|Sitrus Berry|[eat]\n|-heal|p1b: Veluza|75\/100|[from] item: Sitrus Berry\n|cant|p2b: Rotom|slp\n|\n|upkeep\n|turn|3\n|\n|t:|1682374291\n|move|p1a: Vivillon|Rage Powder|p1a: Vivillon\n|-singleturn|p1a: Vivillon|move: Rage Powder\n|move|p1b: Veluza|Psycho Cut|p2b: Rotom\n|-damage|p2b: Rotom|0 fnt\n|faint|p2b: Rotom\n|move|p2a: Gastrodon|Yawn|p1a: Vivillon\n|-start|p1a: Vivillon|move: Yawn|[of] p2a: Gastrodon\n|\n|upkeep\n|j| KinkyNesquick\n|\n|t:|1682374305\n|switch|p2b: Iron Treads|Iron Treads, L50|100\/100\n|turn|4\n|c|\u2606Ciq108|Gg lol\n|\n|t:|1682374328\n|move|p2b: Iron Treads|Protect|p2b: Iron Treads\n|-singleturn|p2b: Iron Treads|Protect\n|move|p2a: Gastrodon|Protect|p2a: Gastrodon\n|-singleturn|p2a: Gastrodon|Protect\n|move|p1a: Vivillon|Rage Powder|p1a: Vivillon\n|-singleturn|p1a: Vivillon|move: Rage Powder\n|move|p1b: Veluza|Psycho Cut|p2a: Gastrodon\n|-activate|p2a: Gastrodon|move: Protect\n|\n|-end|p1a: Vivillon|move: Yawn|[silent]\n|-status|p1a: Vivillon|slp\n|upkeep\n|turn|5\n|\n|t:|1682374350\n|switch|p2a: Chien-Pao|Chien-Pao, L50|100\/100\n|-ability|p2a: Chien-Pao|Sword of Ruin\n|-terastallize|p2b: Iron Treads|Electric\n|move|p1b: Veluza|Psycho Cut|p2a: Chien-Pao\n|-immune|p2a: Chien-Pao\n|cant|p1a: Vivillon|slp\n|move|p2b: Iron Treads|Tera Blast|p1b: Veluza\n|-supereffective|p1b: Veluza\n|-damage|p1b: Veluza|0 fnt\n|faint|p1b: Veluza\n|\n|-sideend|p1: BenD870|move: Tailwind\n|upkeep\n|\n|t:|1682374381\n|switch|p1b: Chi-Yu|Chi-Yu, L50|100\/100\n|-ability|p1b: Chi-Yu|Beads of Ruin\n|turn|6\n|\n|t:|1682374417\n|switch|p2a: Gastrodon|Gastrodon, L50, M|100\/100\n|-curestatus|p1a: Vivillon|slp|[msg]\n|move|p1a: Vivillon|Rage Powder|p1a: Vivillon\n|-singleturn|p1a: Vivillon|move: Rage Powder\n|move|p1b: Chi-Yu|Overheat|p2b: Iron Treads\n|-damage|p2b: Iron Treads|0 fnt\n|-unboost|p1b: Chi-Yu|spa|2\n|faint|p2b: Iron Treads\n|-end|p2b: Iron Treads|Quark Drive|[silent]\n|\n|upkeep\n|\n|t:|1682374428\n|switch|p2b: Chien-Pao|Chien-Pao, L50|100\/100\n|-ability|p2b: Chien-Pao|Sword of Ruin\n|turn|7\n|\n|t:|1682374441\n|move|p1a: Vivillon|Rage Powder|p1a: Vivillon\n|-singleturn|p1a: Vivillon|move: Rage Powder\n|move|p1b: Chi-Yu|Overheat|p2b: Chien-Pao\n|-supereffective|p2b: Chien-Pao\n|-damage|p2b: Chien-Pao|0 fnt\n|-unboost|p1b: Chi-Yu|spa|2\n|faint|p2b: Chien-Pao\n|move|p2a: Gastrodon|Ice Beam|p1a: Vivillon\n|-supereffective|p1a: Vivillon\n|-damage|p1a: Vivillon|4\/100\n|\n|upkeep\n|turn|8\n|c|\u2606BenD870|Gg\n|\n|t:|1682374454\n|switch|p1b: Iron Bundle|Iron Bundle, L50|100\/100\n|move|p1a: Vivillon|Sleep Powder|p2a: Gastrodon|[miss]\n|-miss|p1a: Vivillon|p2a: Gastrodon\n|move|p2a: Gastrodon|Ice Beam|p1a: Vivillon\n|-supereffective|p1a: Vivillon\n|-damage|p1a: Vivillon|0 fnt\n|faint|p1a: Vivillon\n|\n|upkeep\n|\n|t:|1682374461\n|switch|p1a: Chi-Yu|Chi-Yu, L50|100\/100\n|-ability|p1a: Chi-Yu|Beads of Ruin\n|turn|9\n|\n|t:|1682374467\n|move|p1a: Chi-Yu|Dark Pulse|p2a: Gastrodon\n|-damage|p2a: Gastrodon|53\/100\n|move|p1b: Iron Bundle|Freeze-Dry|p2a: Gastrodon\n|-supereffective|p2a: Gastrodon\n|-damage|p2a: Gastrodon|0 fnt\n|faint|p2a: Gastrodon\n|\n|win|BenD870\n|l| KinkyNesquick\n|l|\u2606BenD870\n|l|\u2606Ciq108\n|j| Toronto 6ix\n|j| Gazzlb\n|l| Gazzlb\n|l| Kyogre Canucks\n|j| Gazzlb\n|l| Gazzlb\n|l| Toronto 6ix\n","uploadtime":1682374472,"views":22,"p1id":"bend870","p2id":"ciq108","formatid":"gen9vgc2023regulationc","rating":0,"private":0,"password":""}