{"id":"gen9vgc2023regulationc-1856659733","p1":"Gizball","p2":"hisanory","format":"[Gen 9] VGC 2023 Regulation C","log":"|j|\u2606Gizball\n|j|\u2606hisanory\n|t:|1683089663\n|gametype|doubles\n|player|p1|Gizball|169|1012\n|player|p2|hisanory|169|1073\n|teamsize|p1|6\n|teamsize|p2|6\n|gen|9\n|tier|[Gen 9] VGC 2023 Regulation C\n|rated|\n|rule|Species Clause: Limit one of each Pok\u00e9mon\n|rule|Item Clause: Limit one of each item\n|clearpoke\n|poke|p1|Ting-Lu, L50|\n|poke|p1|Annihilape, L50, F|\n|poke|p1|Gardevoir, L50, M|\n|poke|p1|Grimmsnarl, L50, M|\n|poke|p1|Indeedee-F, L50, F|\n|poke|p1|Murkrow, L50, F|\n|poke|p2|Annihilape, L50, F|\n|poke|p2|Maushold, L50|\n|poke|p2|Ting-Lu, L50|\n|poke|p2|Chien-Pao, L50|\n|poke|p2|Flutter Mane, L50|\n|poke|p2|Amoonguss, L50, M|\n|teampreview|4\n|\n|t:|1683089680\n|start\n|switch|p1a: Murkrow|Murkrow, L50, F|100\/100\n|switch|p1b: Indeedee|Indeedee-F, L50, F|100\/100\n|switch|p2a: Annihilape|Annihilape, L50, F|100\/100\n|switch|p2b: Maushold|Maushold, L50|100\/100\n|-fieldstart|move: Psychic Terrain|[from] ability: Psychic Surge|[of] p1b: Indeedee\n|turn|1\n|c|\u2606Gizball|Dear reggie from nintendo previously from gamestop please let me hit my moves\n|\n|t:|1683089705\n|move|p1a: Murkrow|Tailwind|p1a: Murkrow\n|-sidestart|p1: Gizball|move: Tailwind\n|move|p1b: Indeedee|Metronome|p1b: Indeedee\n|move|p1b: Indeedee|Defense Curl|p1b: Indeedee|[from]move: Metronome\n|-boost|p1b: Indeedee|def|1\n|move|p2b: Maushold|Population Bomb|p1b: Indeedee\n|-damage|p1b: Indeedee|89\/100\n|-damage|p1b: Indeedee|78\/100\n|-damage|p1b: Indeedee|67\/100\n|-damage|p1b: Indeedee|56\/100\n|-damage|p1b: Indeedee|43\/100\n|-damage|p1b: Indeedee|33\/100\n|-damage|p1b: Indeedee|22\/100\n|-damage|p1b: Indeedee|10\/100\n|-damage|p1b: Indeedee|0 fnt\n|faint|p1b: Indeedee\n|-hitcount|p1: Indeedee|9\n|move|p2a: Annihilape|Drain Punch|p1a: Murkrow\n|-damage|p1a: Murkrow|59\/100\n|\n|upkeep\n|\n|t:|1683089724\n|switch|p1b: Gardevoir|Gardevoir, L50, M|100\/100\n|turn|2\n|\n|t:|1683089759\n|switch|p2a: Ting-Lu|Ting-Lu, L50|100\/100\n|-ability|p2a: Ting-Lu|Vessel of Ruin\n|move|p1b: Gardevoir|Metronome|p1b: Gardevoir\n|move|p1b: Gardevoir|First Impression|p2a: Ting-Lu|[from]move: Metronome\n|-supereffective|p2a: Ting-Lu\n|-damage|p2a: Ting-Lu|87\/100\n|move|p1a: Murkrow|Foul Play|p2a: Ting-Lu\n|-resisted|p2a: Ting-Lu\n|-damage|p2a: Ting-Lu|73\/100\n|move|p2b: Maushold|Population Bomb|p1a: Murkrow\n|-damage|p1a: Murkrow|43\/100\n|-damage|p1a: Murkrow|28\/100\n|-damage|p1a: Murkrow|14\/100\n|-damage|p1a: Murkrow|0 fnt\n|faint|p1a: Murkrow\n|-hitcount|p1: Murkrow|4\n|\n|upkeep\n|\n|t:|1683089771\n|switch|p1a: Ting-Lu|Ting-Lu, L50|100\/100\n|-ability|p1a: Ting-Lu|Vessel of Ruin\n|turn|3\n|\n|t:|1683089802\n|move|p1b: Gardevoir|Metronome|p1b: Gardevoir\n|move|p1b: Gardevoir|Razor Leaf|p2a: Ting-Lu|[from]move: Metronome|[spread] p2a,p2b\n|-supereffective|p2a: Ting-Lu\n|-crit|p2b: Maushold\n|-damage|p2a: Ting-Lu|66\/100\n|-damage|p2b: Maushold|86\/100\n|move|p2b: Maushold|Population Bomb|p1a: Ting-Lu\n|-damage|p1a: Ting-Lu|94\/100\n|-damage|p1a: Ting-Lu|87\/100\n|-damage|p1a: Ting-Lu|81\/100\n|-damage|p1a: Ting-Lu|75\/100\n|-damage|p1a: Ting-Lu|68\/100\n|-hitcount|p1a: Ting-Lu|5\n|move|p1a: Ting-Lu|Fissure|p2a: Ting-Lu|[miss]\n|-miss|p1a: Ting-Lu|p2a: Ting-Lu\n|move|p2a: Ting-Lu|Rock Slide|p1a: Ting-Lu|[spread] p1a,p1b\n|-resisted|p1a: Ting-Lu\n|-damage|p1a: Ting-Lu|62\/100\n|-damage|p1b: Gardevoir|66\/100\n|\n|-heal|p1a: Ting-Lu|68\/100|[from] item: Leftovers\n|upkeep\n|turn|4\n|\n|t:|1683089835\n|move|p1b: Gardevoir|Metronome|p1b: Gardevoir\n|move|p1b: Gardevoir|Curse|p1b: Gardevoir|[from]move: Metronome\n|-unboost|p1b: Gardevoir|spe|1\n|-boost|p1b: Gardevoir|atk|1\n|-boost|p1b: Gardevoir|def|1\n|move|p2b: Maushold|Population Bomb|p1b: Gardevoir\n|-damage|p1b: Gardevoir|53\/100\n|-damage|p1b: Gardevoir|40\/100\n|-damage|p1b: Gardevoir|27\/100\n|-hitcount|p1b: Gardevoir|3\n|move|p1a: Ting-Lu|Fissure|p2a: Ting-Lu|[miss]\n|-miss|p1a: Ting-Lu|p2a: Ting-Lu\n|move|p2a: Ting-Lu|Heavy Slam|p1b: Gardevoir\n|-supereffective|p1b: Gardevoir\n|-damage|p1b: Gardevoir|0 fnt\n|faint|p1b: Gardevoir\n|\n|-heal|p1a: Ting-Lu|75\/100|[from] item: Leftovers\n|-sideend|p1: Gizball|move: Tailwind\n|upkeep\n|turn|5\n|\n|t:|1683089870\n|move|p2b: Maushold|Feint|p1a: Ting-Lu\n|-activate|p1a: Ting-Lu|move: Psychic Terrain\n|move|p2a: Ting-Lu|Heavy Slam|p1a: Ting-Lu\n|-damage|p1a: Ting-Lu|67\/100\n|move|p1a: Ting-Lu|Fissure|p2a: Ting-Lu\n|-damage|p2a: Ting-Lu|0 fnt\n|faint|p2a: Ting-Lu\n|-ohko\n|\n|-heal|p1a: Ting-Lu|73\/100|[from] item: Leftovers\n|-fieldend|move: Psychic Terrain\n|upkeep\n|\n|t:|1683089885\n|switch|p2a: Chien-Pao|Chien-Pao, L50|100\/100\n|-ability|p2a: Chien-Pao|Sword of Ruin\n|turn|6\n|\n|t:|1683089895\n|move|p2a: Chien-Pao|Ice Spinner|p1a: Ting-Lu\n|-supereffective|p1a: Ting-Lu\n|-damage|p1a: Ting-Lu|12\/100\n|move|p2b: Maushold|Population Bomb|p1a: Ting-Lu\n|-damage|p1a: Ting-Lu|4\/100\n|-damage|p1a: Ting-Lu|0 fnt\n|faint|p1a: Ting-Lu\n|-hitcount|p1: Ting-Lu|2\n|\n|win|hisanory\n|raw|Gizball's rating: 1012 → 1002<\/strong> (-10 for losing)\n|raw|hisanory's rating: 1073 → 1097<\/strong> (+24 for winning)\n","uploadtime":1683089908,"views":4,"p1id":"gizball","p2id":"hisanory","formatid":"gen9vgc2023regulationc","rating":1002,"private":0,"password":""}