{"id":"gen9vgc2023regulationc-1854503575","p1":"gforcepkmn","p2":"Cogenic","format":"[Gen 9] VGC 2023 Regulation C","log":"|j|\u2606gforcepkmn\n|j|\u2606Cogenic\n|t:|1682819411\n|gametype|doubles\n|player|p1|gforcepkmn|169|1332\n|player|p2|Cogenic|may-masters|1362\n|teamsize|p1|6\n|teamsize|p2|6\n|gen|9\n|tier|[Gen 9] VGC 2023 Regulation C\n|rated|\n|rule|Species Clause: Limit one of each Pok\u00e9mon\n|rule|Item Clause: Limit one of each item\n|clearpoke\n|poke|p1|Ting-Lu, L50|\n|poke|p1|Amoonguss, L50, F|\n|poke|p1|Baxcalibur, L50, F|\n|poke|p1|Garganacl, L50, M|\n|poke|p1|Glimmora, L50, F|\n|poke|p1|Arcanine, L50, F|\n|poke|p2|Dondozo, L50, F|\n|poke|p2|Tatsugiri, L50, M|\n|poke|p2|Corviknight, L50, F|\n|poke|p2|Garganacl, L50, F|\n|poke|p2|Flutter Mane, L50|\n|poke|p2|Iron Bundle, L50|\n|teampreview|4\nCogenic has agreed to open team sheets.\n|\n|t:|1682819476\n|start\n|switch|p1a: Glimmora|Glimmora, L50, F|100\/100\n|switch|p1b: Amoonguss|Amoonguss, L50, F|100\/100\n|switch|p2a: Garganacl|Garganacl, L50, F|100\/100\n|switch|p2b: Dondozo|Dondozo, L50, F|100\/100\n|turn|1\n|\n|t:|1682819544\n|move|p1a: Glimmora|Spiky Shield|p1a: Glimmora\n|-singleturn|p1a: Glimmora|move: Protect\n|move|p2b: Dondozo|Protect|p2b: Dondozo\n|-singleturn|p2b: Dondozo|Protect\n|move|p2a: Garganacl|Stealth Rock|p1b: Amoonguss\n|-sidestart|p1: gforcepkmn|move: Stealth Rock\n|move|p1b: Amoonguss|Spore|p2b: Dondozo\n|-activate|p2b: Dondozo|move: Protect\n|\n|upkeep\n|turn|2\n|\n|t:|1682819573\n|switch|p1a: Garganacl|Garganacl, L50, M|100\/100\n|-damage|p1a: Garganacl|88\/100|[from] Stealth Rock\n|switch|p2a: Tatsugiri|Tatsugiri, L50, M|100\/100\n|-activate|p2a: Tatsugiri|ability: Commander|[of] p2b: Dondozo\n|-boost|p2b: Dondozo|atk|2\n|-boost|p2b: Dondozo|spa|2\n|-boost|p2b: Dondozo|spe|2\n|-boost|p2b: Dondozo|def|2\n|-boost|p2b: Dondozo|spd|2\n|-terastallize|p2b: Dondozo|Grass\n|move|p2b: Dondozo|Earthquake|p1b: Amoonguss|[spread] p1a,p1b\n|-miss|p2b: Dondozo|p2a: Tatsugiri\n|-supereffective|p1a: Garganacl\n|-damage|p1a: Garganacl|21\/100\n|-damage|p1b: Amoonguss|60\/100\n|move|p1b: Amoonguss|Spore|p2b: Dondozo\n|-immune|p2b: Dondozo\n|\n|-heal|p1a: Garganacl|27\/100|[from] item: Leftovers\n|upkeep\n|turn|3\n|\n|t:|1682819600\n|move|p1a: Garganacl|Protect|p1a: Garganacl\n|-singleturn|p1a: Garganacl|Protect\n|move|p2b: Dondozo|Wave Crash|p1b: Amoonguss\n|-resisted|p1b: Amoonguss\n|-damage|p1b: Amoonguss|10\/100\n|-enditem|p1b: Amoonguss|Sitrus Berry|[eat]\n|-heal|p1b: Amoonguss|34\/100|[from] item: Sitrus Berry\n|-damage|p2b: Dondozo|84\/100|[from] Recoil\n|move|p1b: Amoonguss|Pollen Puff|p2b: Dondozo\n|-supereffective|p2b: Dondozo\n|-damage|p2b: Dondozo|62\/100\n|\n|-heal|p2b: Dondozo|68\/100|[from] item: Leftovers\n|-heal|p1a: Garganacl|32\/100|[from] item: Leftovers\n|upkeep\n|turn|4\n|inactive|Battle timer is ON: inactive players will automatically lose when time's up. (requested by Cogenic)\n|\n|t:|1682819661\n|switch|p1a: Glimmora|Glimmora, L50, F|100\/100\n|-damage|p1a: Glimmora|89\/100|[from] Stealth Rock\n|move|p2b: Dondozo|Tera Blast|p1a: Glimmora\n|-damage|p1a: Glimmora|0 fnt\n|-activate|p1a: Glimmora|ability: Toxic Debris\n|-sidestart|p2: Cogenic|move: Toxic Spikes\n|faint|p1a: Glimmora\n|move|p1b: Amoonguss|Pollen Puff|p2b: Dondozo\n|-supereffective|p2b: Dondozo\n|-damage|p2b: Dondozo|46\/100\n|\n|-heal|p2b: Dondozo|52\/100|[from] item: Leftovers\n|upkeep\n|\n|t:|1682819674\n|switch|p1a: Baxcalibur|Baxcalibur, L50, F|100\/100\n|-damage|p1a: Baxcalibur|76\/100|[from] Stealth Rock\n|turn|5\n|\n|t:|1682819689\n|-terastallize|p1a: Baxcalibur|Poison\n|move|p2b: Dondozo|Protect|p2b: Dondozo\n|-singleturn|p2b: Dondozo|Protect\n|move|p1a: Baxcalibur|Icicle Crash|p2b: Dondozo\n|-activate|p2b: Dondozo|move: Protect\n|move|p1b: Amoonguss|Pollen Puff|p1a: Baxcalibur\n|-heal|p1a: Baxcalibur|100\/100\n|\n|-heal|p2b: Dondozo|59\/100|[from] item: Leftovers\n|upkeep\n|turn|6\n|\n|t:|1682819704\n|move|p1a: Baxcalibur|Protect|p1a: Baxcalibur\n|-singleturn|p1a: Baxcalibur|Protect\n|move|p2b: Dondozo|Earthquake|p1b: Amoonguss|[spread] p1b\n|-miss|p2b: Dondozo|p2a: Tatsugiri\n|-activate|p1a: Baxcalibur|move: Protect\n|-damage|p1b: Amoonguss|0 fnt\n|faint|p1b: Amoonguss\n|\n|-heal|p2b: Dondozo|65\/100|[from] item: Leftovers\n|upkeep\n|\n|t:|1682819716\n|switch|p1b: Garganacl|Garganacl, L50, M|32\/100\n|-damage|p1b: Garganacl|20\/100|[from] Stealth Rock\n|turn|7\n|inactive|Cogenic has 30 seconds left.\n|inactive|Cogenic has 20 seconds left.\n|\n|t:|1682819752\n|move|p2b: Dondozo|Wave Crash|p1b: Garganacl\n|-supereffective|p1b: Garganacl\n|-damage|p1b: Garganacl|0 fnt\n|faint|p1b: Garganacl\n|-damage|p2b: Dondozo|59\/100|[from] Recoil\n|move|p1a: Baxcalibur|Icicle Crash|p2b: Dondozo\n|-supereffective|p2b: Dondozo\n|-damage|p2b: Dondozo|20\/100\n|\n|-heal|p2b: Dondozo|27\/100|[from] item: Leftovers\n|upkeep\n|turn|8\n|-message|gforcepkmn forfeited.\n|\n|win|Cogenic\n|raw|gforcepkmn's rating: 1332 → 1314<\/strong> (-18 for losing)\n|raw|Cogenic's rating: 1362 → 1380<\/strong> (+18 for winning)\n|l|\u2606gforcepkmn\n","uploadtime":1682819766,"views":11,"p1id":"gforcepkmn","p2id":"cogenic","formatid":"gen9vgc2023regulationc","rating":1314,"private":0,"password":""}