{"id":"gen9vgc2023regulationc-1860679422","p1":"Bodoquewomen","p2":"adrpen","format":"[Gen 9] VGC 2023 Regulation C","log":"|j|\u2606Bodoquewomen\n|j|\u2606adrpen\n|t:|1683665469\n|gametype|doubles\n|player|p1|Bodoquewomen|2|1000\n|player|p2|adrpen|pokekid|1099\n|teamsize|p1|6\n|teamsize|p2|6\n|gen|9\n|tier|[Gen 9] VGC 2023 Regulation C\n|rated|\n|rule|Species Clause: Limit one of each Pok\u00e9mon\n|rule|Item Clause: Limit one of each item\n|clearpoke\n|poke|p1|Dragonite, L50, M|\n|poke|p1|Dachsbun, L50, F|\n|poke|p1|Gyarados, L50, F|\n|poke|p1|Corviknight, L50, F|\n|poke|p1|Ting-Lu, L50|\n|poke|p1|Chi-Yu, L50|\n|poke|p2|Amoonguss, L50, M|\n|poke|p2|Palafin, L50, M|\n|poke|p2|Iron Hands, L50|\n|poke|p2|Arcanine, L50, M|\n|poke|p2|Flutter Mane, L50|\n|poke|p2|Dragonite, L50, M|\n|teampreview|4\n|inactive|Battle timer is ON: inactive players will automatically lose when time's up. (requested by adrpen)\n|inactive|adrpen has 60 seconds left.\n|inactive|adrpen has 30 seconds left.\n|inactive|adrpen has 20 seconds left.\n|inactive|adrpen has 15 seconds left.\n|inactive|adrpen has 10 seconds left.\n|\n|t:|1683665549\n|start\n|switch|p1a: Dachsbun|Dachsbun, L50, F, shiny|100\/100\n|switch|p1b: Chi-Yu|Chi-Yu, L50|100\/100\n|switch|p2a: Iron Hands|Iron Hands, L50, shiny|100\/100\n|switch|p2b: Flutter Mane|Flutter Mane, L50|100\/100\n|-ability|p1b: Chi-Yu|Beads of Ruin\n|-enditem|p2b: Flutter Mane|Booster Energy\n|-activate|p2b: Flutter Mane|ability: Protosynthesis|[fromitem]\n|-start|p2b: Flutter Mane|protosynthesisspa\n|turn|1\n|\n|t:|1683665570\n|-terastallize|p1b: Chi-Yu|Ghost\n|move|p2a: Iron Hands|Fake Out|p1a: Dachsbun\n|-damage|p1a: Dachsbun|90\/100\n|move|p1b: Chi-Yu|Lava Plume|p2a: Iron Hands|[spread] p2a,p2b\n|-ability|p1a: Dachsbun|Well-Baked Body|boost\n|-boost|p1a: Dachsbun|def|2\n|-damage|p2a: Iron Hands|80\/100\n|-damage|p2b: Flutter Mane|65\/100\n|-status|p2b: Flutter Mane|brn\n|move|p2b: Flutter Mane|Shadow Ball|p1b: Chi-Yu\n|-supereffective|p1b: Chi-Yu\n|-damage|p1b: Chi-Yu|0 fnt\n|faint|p1b: Chi-Yu\n|cant|p1a: Dachsbun|flinch\n|\n|-damage|p2b: Flutter Mane|59\/100 brn|[from] brn\n|upkeep\n|\n|t:|1683665594\n|switch|p1b: Dragonite|Dragonite, L50, M|100\/100\n|turn|2\n|inactive|adrpen has 30 seconds left.\n|\n|t:|1683665622\n|move|p2b: Flutter Mane|Protect|p2b: Flutter Mane\n|-singleturn|p2b: Flutter Mane|Protect\n|move|p1a: Dachsbun|Wish|p1a: Dachsbun\n|move|p1b: Dragonite|Dragon Dance|p1b: Dragonite\n|-boost|p1b: Dragonite|atk|1\n|-boost|p1b: Dragonite|spe|1\n|move|p2a: Iron Hands|Wild Charge|p1b: Dragonite\n|-damage|p1b: Dragonite|76\/100\n|-damage|p2a: Iron Hands|75\/100|[from] Recoil\n|\n|-damage|p2b: Flutter Mane|53\/100 brn|[from] brn\n|upkeep\n|turn|3\n|inactive|Bodoquewomen has 30 seconds left.\n|inactive|adrpen has 30 seconds left.\n|inactive|adrpen has 20 seconds left.\n|\n|t:|1683665661\n|move|p1a: Dachsbun|Protect|p1a: Dachsbun\n|-singleturn|p1a: Dachsbun|Protect\n|move|p2b: Flutter Mane|Moonblast|p1b: Dragonite\n|-supereffective|p1b: Dragonite\n|-damage|p1b: Dragonite|0 fnt\n|faint|p1b: Dragonite\n|move|p2a: Iron Hands|Wild Charge|p1a: Dachsbun\n|-activate|p1a: Dachsbun|move: Protect\n|\n|-heal|p1a: Dachsbun|100\/100|[from] move: Wish|[wisher] Dachsbun\n|-damage|p2b: Flutter Mane|46\/100 brn|[from] brn\n|upkeep\n|\n|t:|1683665675\n|switch|p1b: Gyarados|Gyarados, L50, F, shiny|100\/100\n|-ability|p1b: Gyarados|Intimidate|boost\n|-unboost|p2a: Iron Hands|atk|1\n|-unboost|p2b: Flutter Mane|atk|1\n|turn|4\n|\n|t:|1683665687\n|-end|p2b: Flutter Mane|Protosynthesis|[silent]\n|switch|p2b: Dragonite|Dragonite, L50, M|100\/100\n|-end|p2a: Iron Hands|Quark Drive|[silent]\n|switch|p2a: Amoonguss|Amoonguss, L50, M, shiny|100\/100\n|move|p1a: Dachsbun|Play Rough|p2a: Amoonguss\n|-resisted|p2a: Amoonguss\n|-damage|p2a: Amoonguss|90\/100\n|-damage|p1a: Dachsbun|84\/100|[from] item: Rocky Helmet|[of] p2a: Amoonguss\n|move|p1b: Gyarados|Waterfall|p2b: Dragonite\n|-resisted|p2b: Dragonite\n|-damage|p2b: Dragonite|91\/100\n|\n|upkeep\n|turn|5\n|inactive|Bodoquewomen has 30 seconds left.\n|\n|t:|1683665713\n|move|p2b: Dragonite|Extreme Speed|p1b: Gyarados\n|-damage|p1b: Gyarados|72\/100\n|-damage|p2b: Dragonite|74\/100|[from] item: Rocky Helmet|[of] p1b: Gyarados\n|move|p1a: Dachsbun|Body Press|p2b: Dragonite\n|-resisted|p2b: Dragonite\n|-damage|p2b: Dragonite|46\/100\n|move|p1b: Gyarados|Thunder Wave|p2a: Amoonguss\n|-status|p2a: Amoonguss|par\n|cant|p2a: Amoonguss|par\n|\n|upkeep\n|turn|6\n|inactive|Bodoquewomen has 30 seconds left.\n|inactive|adrpen has 30 seconds left.\n|\n|t:|1683665746\n|move|p2b: Dragonite|Extreme Speed|p1a: Dachsbun\n|-damage|p1a: Dachsbun|71\/100\n|move|p1a: Dachsbun|Body Press|p2b: Dragonite\n|-resisted|p2b: Dragonite\n|-crit|p2b: Dragonite\n|-damage|p2b: Dragonite|4\/100\n|move|p1b: Gyarados|Waterfall|p2a: Amoonguss\n|-resisted|p2a: Amoonguss\n|-damage|p2a: Amoonguss|72\/100 par\n|-damage|p1b: Gyarados|56\/100|[from] item: Rocky Helmet|[of] p2a: Amoonguss\n|move|p2a: Amoonguss|Spore|p1a: Dachsbun\n|-status|p1a: Dachsbun|slp|[from] move: Spore\n|\n|upkeep\n|turn|7\n|inactive|adrpen has 30 seconds left.\n|\n|t:|1683665776\n|switch|p2b: Flutter Mane|Flutter Mane, L50|46\/100 brn\n|move|p1b: Gyarados|Protect|p1b: Gyarados\n|-singleturn|p1b: Gyarados|Protect\n|cant|p1a: Dachsbun|slp\n|move|p2a: Amoonguss|Pollen Puff|p2b: Flutter Mane\n|-heal|p2b: Flutter Mane|96\/100 brn\n|\n|-damage|p2b: Flutter Mane|90\/100 brn|[from] brn\n|upkeep\n|turn|8\n|inactive|adrpen has 30 seconds left.\n|\n|t:|1683665805\n|move|p2b: Flutter Mane|Shadow Ball|p1a: Dachsbun|[miss]\n|-miss|p2b: Flutter Mane|p1a: Dachsbun\n|cant|p1a: Dachsbun|slp\n|move|p1b: Gyarados|Waterfall|p2b: Flutter Mane\n|-damage|p2b: Flutter Mane|32\/100 brn\n|move|p2a: Amoonguss|Spore|p1b: Gyarados\n|-status|p1b: Gyarados|slp|[from] move: Spore\n|\n|-damage|p2b: Flutter Mane|25\/100 brn|[from] brn\n|upkeep\n|turn|9\n|\n|t:|1683665829\n|-curestatus|p1a: Dachsbun|slp|[msg]\n|move|p1a: Dachsbun|Protect|p1a: Dachsbun\n|-singleturn|p1a: Dachsbun|Protect\n|move|p2b: Flutter Mane|Thunderbolt|p1b: Gyarados\n|-supereffective|p1b: Gyarados\n|-damage|p1b: Gyarados|0 fnt\n|faint|p1b: Gyarados\n|move|p2a: Amoonguss|Pollen Puff|p2b: Flutter Mane\n|-heal|p2b: Flutter Mane|75\/100 brn\n|\n|-damage|p2b: Flutter Mane|69\/100 brn|[from] brn\n|upkeep\n|turn|10\n|inactive|Bodoquewomen has 30 seconds left.\n|inactive|Bodoquewomen has 20 seconds left.\n|inactive|Bodoquewomen has 15 seconds left.\n|inactive|Bodoquewomen has 10 seconds left.\n|inactive|Bodoquewomen has 5 seconds left.\n|\n|t:|1683665884\n|move|p2b: Flutter Mane|Protect|p2b: Flutter Mane\n|-singleturn|p2b: Flutter Mane|Protect\n|move|p1a: Dachsbun|Body Press|p2a: Amoonguss\n|-resisted|p2a: Amoonguss\n|-damage|p2a: Amoonguss|49\/100 par\n|-damage|p1a: Dachsbun|55\/100|[from] item: Rocky Helmet|[of] p2a: Amoonguss\n|cant|p2a: Amoonguss|par\n|\n|-damage|p2b: Flutter Mane|63\/100 brn|[from] brn\n|upkeep\n|turn|11\n|inactive|Bodoquewomen has 30 seconds left.\n|inactive|Bodoquewomen has 20 seconds left.\n|inactive|Bodoquewomen has 15 seconds left.\n|inactive|Bodoquewomen has 10 seconds left.\n|inactive|Bodoquewomen has 5 seconds left.\n|\n|t:|1683665939\n|move|p2b: Flutter Mane|Moonblast|p1a: Dachsbun|[miss]\n|-miss|p2b: Flutter Mane|p1a: Dachsbun\n|move|p1a: Dachsbun|Body Press|p2a: Amoonguss\n|-resisted|p2a: Amoonguss\n|-damage|p2a: Amoonguss|27\/100 par\n|-damage|p1a: Dachsbun|38\/100|[from] item: Rocky Helmet|[of] p2a: Amoonguss\n|move|p2a: Amoonguss|Spore|p1a: Dachsbun\n|-status|p1a: Dachsbun|slp|[from] move: Spore\n|\n|-damage|p2b: Flutter Mane|56\/100 brn|[from] brn\n|upkeep\n|turn|12\n|inactive|Bodoquewomen has 30 seconds left.\n|inactive|Bodoquewomen has 20 seconds left.\n|inactive|Bodoquewomen has 15 seconds left.\n|inactive|Bodoquewomen has 10 seconds left.\n|inactive|Bodoquewomen has 5 seconds left.\n|\n|t:|1683665994\n|switch|p2a: Iron Hands|Iron Hands, L50, shiny|75\/100\n|move|p2b: Flutter Mane|Shadow Ball|p1a: Dachsbun\n|-damage|p1a: Dachsbun|0 fnt\n|faint|p1a: Dachsbun\n|\n|win|adrpen\n|raw|Bodoquewomen's rating: 1000 → 1000<\/strong> (+0 for losing)\n|raw|adrpen's rating: 1099 → 1117<\/strong> (+18 for winning)\n|c|\u2606adrpen|fail 2 times?\n","uploadtime":1683666007,"views":15,"p1id":"bodoquewomen","p2id":"adrpen","formatid":"gen9vgc2023regulationc","rating":1000,"private":0,"password":""}