{"id":"gen9vgc2023regulationc-1846438377","p1":"Redox90650","p2":"hancec","format":"[Gen 9] VGC 2023 Regulation C","log":"|j|\u2606Redox90650\n|j|\u2606hancec\n|t:|1681840881\n|gametype|doubles\n|player|p1|Redox90650|veteran|1234\n|player|p2|hancec|gentleman-gen4dp|1330\n|teamsize|p1|6\n|teamsize|p2|6\n|gen|9\n|tier|[Gen 9] VGC 2023 Regulation C\n|rated|\n|rule|Species Clause: Limit one of each Pok\u00e9mon\n|rule|Item Clause: Limit one of each item\n|clearpoke\n|poke|p1|Grimmsnarl, L50, M|\n|poke|p1|Iron Hands, L50|\n|poke|p1|Gholdengo, L50|\n|poke|p1|Arcanine, L50, F|\n|poke|p1|Gastrodon, L50, M|\n|poke|p1|Murkrow, L50, F|\n|poke|p2|Murkrow, L50, M|\n|poke|p2|Iron Bundle, L50|\n|poke|p2|Chi-Yu, L50|\n|poke|p2|Gholdengo, L50|\n|poke|p2|Great Tusk, L50|\n|poke|p2|Brute Bonnet, L50|\n|teampreview|4\nhancec has agreed to open team sheets.\n|inactive|Battle timer is ON: inactive players will automatically lose when time's up. (requested by Redox90650)\nRedox90650 has agreed to open team sheets.\n|inactive|Redox90650 has 60 seconds left.\n|\n|t:|1681840948\n|start\n|switch|p1a: Grimmsnarl|Grimmsnarl, L50, M|100\/100\n|switch|p1b: Iron Hands|Iron Hands, L50|100\/100\n|switch|p2a: Murkrow|Murkrow, L50, M, shiny|100\/100\n|switch|p2b: Great Tusk|Great Tusk, L50|100\/100\n|turn|1\n|\n|t:|1681840971\n|move|p1b: Iron Hands|Fake Out|p2b: Great Tusk\n|-damage|p2b: Great Tusk|89\/100\n|move|p2a: Murkrow|Sunny Day|p2a: Murkrow\n|-weather|SunnyDay\n|-activate|p2b: Great Tusk|ability: Protosynthesis\n|-start|p2b: Great Tusk|protosynthesisatk\n|move|p1a: Grimmsnarl|Reflect|p1a: Grimmsnarl\n|-sidestart|p1: Redox90650|Reflect\n|cant|p2b: Great Tusk|flinch\n|\n|-weather|SunnyDay|[upkeep]\n|upkeep\n|turn|2\n|\n|t:|1681840986\n|-end|p1b: Iron Hands|Quark Drive|[silent]\n|switch|p1b: Arcanine|Arcanine, L50, F|100\/100\n|-ability|p1b: Arcanine|Intimidate|boost\n|-unboost|p2a: Murkrow|atk|1\n|-fail|p2b: Great Tusk|unboost|[from] item: Clear Amulet|[of] p2b: Great Tusk\n|move|p2a: Murkrow|Tailwind|p2a: Murkrow\n|-sidestart|p2: hancec|move: Tailwind\n|move|p2b: Great Tusk|Headlong Rush|p1b: Arcanine\n|-supereffective|p1b: Arcanine\n|-damage|p1b: Arcanine|17\/100\n|-unboost|p2b: Great Tusk|def|1\n|-unboost|p2b: Great Tusk|spd|1\n|-enditem|p1b: Arcanine|Sitrus Berry|[eat]\n|-heal|p1b: Arcanine|42\/100|[from] item: Sitrus Berry\n|move|p1a: Grimmsnarl|Spirit Break|p2b: Great Tusk\n|-supereffective|p2b: Great Tusk\n|-damage|p2b: Great Tusk|16\/100\n|\n|-weather|SunnyDay|[upkeep]\n|upkeep\n|turn|3\n|\n|t:|1681841009\n|-terastallize|p1b: Arcanine|Grass\n|move|p2a: Murkrow|Haze|p2a: Murkrow\n|-clearallboost\n|move|p2b: Great Tusk|Earthquake|p1a: Grimmsnarl|[spread] p1a,p1b\n|-immune|p2a: Murkrow\n|-resisted|p1b: Arcanine\n|-damage|p1a: Grimmsnarl|57\/100\n|-damage|p1b: Arcanine|27\/100\n|move|p1b: Arcanine|Morning Sun|p1b: Arcanine\n|-heal|p1b: Arcanine|94\/100\n|move|p1a: Grimmsnarl|Spirit Break|p2b: Great Tusk\n|-supereffective|p2b: Great Tusk\n|-damage|p2b: Great Tusk|0 fnt\n|faint|p2b: Great Tusk\n|-end|p2b: Great Tusk|Protosynthesis|[silent]\n|\n|-weather|SunnyDay|[upkeep]\n|upkeep\n|\n|t:|1681841017\n|switch|p2b: Chi-Yu|Chi-Yu, L50|100\/100\n|-ability|p2b: Chi-Yu|Beads of Ruin\n|turn|4\n|\n|t:|1681841034\n|switch|p2a: Brute Bonnet|Brute Bonnet, L50|100\/100\n|-activate|p2a: Brute Bonnet|ability: Protosynthesis\n|-start|p2a: Brute Bonnet|protosynthesisatk\n|switch|p1b: Gastrodon|Gastrodon, L50, M|100\/100\n|-terastallize|p2b: Chi-Yu|Fire\n|move|p1a: Grimmsnarl|Light Screen|p1a: Grimmsnarl\n|-sidestart|p1: Redox90650|move: Light Screen\n|move|p2b: Chi-Yu|Heat Wave|p1a: Grimmsnarl|[spread] p1a,p1b\n|-resisted|p1b: Gastrodon\n|-damage|p1a: Grimmsnarl|12\/100\n|-damage|p1b: Gastrodon|72\/100\n|\n|-weather|SunnyDay|[upkeep]\n|upkeep\n|turn|5\n|\n|t:|1681841055\n|move|p1a: Grimmsnarl|Thunder Wave|p2b: Chi-Yu\n|-status|p2b: Chi-Yu|par\n|move|p2a: Brute Bonnet|Spore|p1b: Gastrodon\n|-status|p1b: Gastrodon|slp|[from] move: Spore\n|move|p2b: Chi-Yu|Heat Wave|p1b: Gastrodon|[spread] p1a,p1b\n|-resisted|p1b: Gastrodon\n|-damage|p1a: Grimmsnarl|0 fnt\n|-damage|p1b: Gastrodon|42\/100 slp\n|faint|p1a: Grimmsnarl\n|cant|p1b: Gastrodon|slp\n|\n|-weather|none\n|-end|p2a: Brute Bonnet|Protosynthesis\n|-sideend|p2: hancec|move: Tailwind\n|upkeep\n|\n|t:|1681841076\n|switch|p1a: Arcanine|Arcanine, L50, F, tera:Grass|94\/100\n|-ability|p1a: Arcanine|Intimidate|boost\n|-unboost|p2a: Brute Bonnet|atk|1\n|-unboost|p2b: Chi-Yu|atk|1\n|turn|6\n|\n|t:|1681841090\n|-end|p2a: Brute Bonnet|Protosynthesis|[silent]\n|switch|p2a: Murkrow|Murkrow, L50, M, shiny|100\/100\n|move|p1a: Arcanine|Snarl|p2a: Murkrow|[spread] p2a,p2b\n|-resisted|p2a: Murkrow\n|-damage|p2a: Murkrow|86\/100\n|-damage|p2b: Chi-Yu|89\/100 par\n|-unboost|p2a: Murkrow|spa|1\n|-unboost|p2b: Chi-Yu|spa|1\n|move|p2b: Chi-Yu|Heat Wave|p1a: Arcanine|[spread] p1a,p1b\n|-supereffective|p1a: Arcanine\n|-resisted|p1b: Gastrodon\n|-damage|p1a: Arcanine|33\/100\n|-damage|p1b: Gastrodon|29\/100 slp\n|cant|p1b: Gastrodon|slp\n|\n|upkeep\n|turn|7\n|\n|t:|1681841112\n|move|p2a: Murkrow|Brave Bird|p1b: Gastrodon\n|-damage|p1b: Gastrodon|0 fnt\n|faint|p1b: Gastrodon\n|-damage|p2a: Murkrow|71\/100|[from] Recoil\n|move|p1a: Arcanine|Morning Sun|p1a: Arcanine\n|-heal|p1a: Arcanine|83\/100\n|move|p2b: Chi-Yu|Heat Wave|p1a: Arcanine\n|-supereffective|p1a: Arcanine\n|-damage|p1a: Arcanine|0 fnt\n|faint|p1a: Arcanine\n|\n|upkeep\n|\n|t:|1681841126\n|switch|p1b: Iron Hands|Iron Hands, L50|100\/100\n|turn|8\n|\n|t:|1681841134\n|move|p2a: Murkrow|Sunny Day|p2a: Murkrow\n|-weather|SunnyDay\n|cant|p2b: Chi-Yu|par\n|move|p1b: Iron Hands|Swords Dance|p1b: Iron Hands\n|-boost|p1b: Iron Hands|atk|2\n|\n|-weather|SunnyDay|[upkeep]\n|-sideend|p1: Redox90650|Reflect\n|upkeep\n|turn|9\n|\n|t:|1681841145\n|move|p2a: Murkrow|Haze|p2a: Murkrow\n|-clearallboost\n|cant|p2b: Chi-Yu|par\n|move|p1b: Iron Hands|Drain Punch|p2b: Chi-Yu\n|-damage|p2b: Chi-Yu|24\/100 par\n|\n|-weather|SunnyDay|[upkeep]\n|upkeep\n|turn|10\n|\n|t:|1681841158\n|move|p2a: Murkrow|Brave Bird|p1b: Iron Hands\n|-damage|p1b: Iron Hands|64\/100\n|-damage|p2a: Murkrow|50\/100|[from] Recoil\n|move|p2b: Chi-Yu|Overheat|p1b: Iron Hands\n|-damage|p1b: Iron Hands|0 fnt\n|-unboost|p2b: Chi-Yu|spa|2\n|faint|p1b: Iron Hands\n|-end|p1b: Iron Hands|Quark Drive|[silent]\n|\n|win|hancec\n|raw|Redox90650's rating: 1234 → 1216<\/strong> (-18 for losing)\n|raw|hancec's rating: 1330 → 1345<\/strong> (+15 for winning)\n|l|\u2606Redox90650\n","uploadtime":1681841163,"views":14,"p1id":"redox90650","p2id":"hancec","formatid":"gen9vgc2023regulationc","rating":1216,"private":0,"password":""}