{"id":"gen9vgc2023regulationc-1862041865","p1":"life4life","p2":"Hadrian1917","format":"[Gen 9] VGC 2023 Regulation C","log":"|j|\u2606life4life\n|j|\u2606Hadrian1917\n|t:|1683831352\n|gametype|doubles\n|player|p1|life4life|101|1065\n|player|p2|Hadrian1917|brock|1117\n|teamsize|p1|6\n|teamsize|p2|6\n|gen|9\n|tier|[Gen 9] VGC 2023 Regulation C\n|rated|\n|rule|Species Clause: Limit one of each Pok\u00e9mon\n|rule|Item Clause: Limit one of each item\n|clearpoke\n|poke|p1|Tyranitar, L50, F|\n|poke|p1|Lycanroc, L50, M|\n|poke|p1|Maushold, L50|\n|poke|p1|Goodra, L50, M|\n|poke|p1|Gastrodon, L50, F|\n|poke|p1|Hydreigon, L50, M|\n|poke|p2|Flutter Mane, L50|\n|poke|p2|Chi-Yu, L50|\n|poke|p2|Iron Hands, L50|\n|poke|p2|Ting-Lu, L50|\n|poke|p2|Gyarados, L50, F|\n|poke|p2|Amoonguss, L50, M|\n|teampreview|4\n|inactive|Battle timer is ON: inactive players will automatically lose when time's up. (requested by Hadrian1917)\n|inactive|Hadrian1917 has 60 seconds left.\n|\n|t:|1683831402\n|start\n|switch|p1a: Gastrodon|Gastrodon, L50, F|100\/100\n|switch|p1b: Hydreigon|Hydreigon, L50, M|100\/100\n|switch|p2a: Iron Hands|Iron Hands, L50|100\/100\n|switch|p2b: Gyarados|Gyarados, L50, F|100\/100\n|-ability|p2b: Gyarados|Intimidate|boost\n|-unboost|p1a: Gastrodon|atk|1\n|-unboost|p1b: Hydreigon|atk|1\n|turn|1\n|inactive|life4life has 30 seconds left.\n|\n|t:|1683831433\n|move|p2a: Iron Hands|Fake Out|p1a: Gastrodon\n|-damage|p1a: Gastrodon|84\/100\n|move|p1b: Hydreigon|Surf|p2b: Gyarados|[spread] p2a,p2b\n|-ability|p1a: Gastrodon|Storm Drain|boost\n|-boost|p1a: Gastrodon|spa|1\n|-resisted|p2b: Gyarados\n|-damage|p2a: Iron Hands|89\/100\n|-damage|p2b: Gyarados|92\/100\n|move|p2b: Gyarados|Icy Wind|p1a: Gastrodon|[spread] p1b\n|-miss|p2b: Gyarados|p1a: Gastrodon\n|-supereffective|p1b: Hydreigon\n|-damage|p1b: Hydreigon|87\/100\n|-unboost|p1b: Hydreigon|spe|1\n|cant|p1a: Gastrodon|flinch\n|\n|upkeep\n|turn|2\n|inactive|Hadrian1917 has 30 seconds left.\n|\n|t:|1683831463\n|switch|p2b: Ting-Lu|Ting-Lu, L50|100\/100\n|-ability|p2b: Ting-Lu|Vessel of Ruin\n|-terastallize|p2a: Iron Hands|Grass\n|move|p1b: Hydreigon|Surf|p2a: Iron Hands|[spread] p2a,p2b\n|-ability|p1a: Gastrodon|Storm Drain|boost\n|-boost|p1a: Gastrodon|spa|1\n|-resisted|p2a: Iron Hands\n|-supereffective|p2b: Ting-Lu\n|-damage|p2a: Iron Hands|84\/100\n|-damage|p2b: Ting-Lu|73\/100\n|-heal|p1b: Hydreigon|93\/100|[from] item: Shell Bell|[of] p2b: Ting-Lu\n|move|p2a: Iron Hands|Drain Punch|p1b: Hydreigon\n|-supereffective|p1b: Hydreigon\n|-damage|p1b: Hydreigon|0 fnt\n|-heal|p2a: Iron Hands|100\/100|[from] drain|[of] p1b: Hydreigon\n|faint|p1b: Hydreigon\n|move|p1a: Gastrodon|Muddy Water|p2a: Iron Hands|[spread] p2a,p2b\n|-resisted|p2a: Iron Hands\n|-crit|p2a: Iron Hands\n|-supereffective|p2b: Ting-Lu\n|-damage|p2a: Iron Hands|82\/100\n|-damage|p2b: Ting-Lu|2\/100\n|-unboost|p2b: Ting-Lu|accuracy|1\n|\n|-heal|p2b: Ting-Lu|8\/100|[from] item: Leftovers\n|upkeep\n|\n|t:|1683831488\n|switch|p1b: Goodra|Goodra, L50, M|100\/100\n|turn|3\n|\n|t:|1683831503\n|move|p1b: Goodra|Surf|p2b: Ting-Lu|[spread] p2a,p2b\n|-ability|p1a: Gastrodon|Storm Drain|boost\n|-boost|p1a: Gastrodon|spa|1\n|-resisted|p2a: Iron Hands\n|-supereffective|p2b: Ting-Lu\n|-damage|p2a: Iron Hands|77\/100\n|-damage|p2b: Ting-Lu|0 fnt\n|faint|p2b: Ting-Lu\n|move|p2a: Iron Hands|Drain Punch|p1a: Gastrodon\n|-damage|p1a: Gastrodon|39\/100\n|-heal|p2a: Iron Hands|98\/100|[from] drain|[of] p1a: Gastrodon\n|move|p1a: Gastrodon|Ice Beam|p2a: Iron Hands\n|-supereffective|p2a: Iron Hands\n|-damage|p2a: Iron Hands|29\/100\n|\n|upkeep\n|\n|t:|1683831519\n|switch|p2b: Flutter Mane|Flutter Mane, L50|100\/100\n|-enditem|p2b: Flutter Mane|Booster Energy\n|-activate|p2b: Flutter Mane|ability: Protosynthesis|[fromitem]\n|-start|p2b: Flutter Mane|protosynthesisspa\n|turn|4\n|\n|t:|1683831534\n|move|p2b: Flutter Mane|Shadow Ball|p1a: Gastrodon\n|-damage|p1a: Gastrodon|0 fnt\n|faint|p1a: Gastrodon\n|move|p1b: Goodra|Ice Beam|p2a: Iron Hands\n|-supereffective|p2a: Iron Hands\n|-damage|p2a: Iron Hands|0 fnt\n|faint|p2a: Iron Hands\n|-end|p2a: Iron Hands|Quark Drive|[silent]\n|\n|upkeep\n|\n|t:|1683831543\n|switch|p2a: Gyarados|Gyarados, L50, F|92\/100\n|switch|p1a: Tyranitar|Tyranitar, L50, F|100\/100\n|-weather|Sandstorm|[from] ability: Sand Stream|[of] p1a: Tyranitar\n|-ability|p2a: Gyarados|Intimidate|boost\n|-fail|p1a: Tyranitar|unboost|[from] item: Clear Amulet|[of] p1a: Tyranitar\n|-unboost|p1b: Goodra|atk|1\n|turn|5\n|\n|t:|1683831563\n|-terastallize|p1a: Tyranitar|Flying\n|move|p2b: Flutter Mane|Protect|p2b: Flutter Mane\n|-singleturn|p2b: Flutter Mane|Protect\n|move|p1a: Tyranitar|Dragon Dance|p1a: Tyranitar\n|-boost|p1a: Tyranitar|atk|1\n|-boost|p1a: Tyranitar|spe|1\n|move|p2a: Gyarados|Icy Wind|p1a: Tyranitar|[spread] p1a,p1b\n|-supereffective|p1a: Tyranitar\n|-supereffective|p1b: Goodra\n|-damage|p1a: Tyranitar|88\/100\n|-damage|p1b: Goodra|95\/100\n|-unboost|p1b: Goodra|spe|1\n|move|p1b: Goodra|Thunderbolt|p2a: Gyarados\n|-supereffective|p2a: Gyarados\n|-damage|p2a: Gyarados|2\/100\n|-enditem|p2a: Gyarados|Aguav Berry|[eat]\n|-heal|p2a: Gyarados|35\/100|[from] item: Aguav Berry\n|\n|-weather|Sandstorm|[upkeep]\n|-damage|p2b: Flutter Mane|94\/100|[from] Sandstorm\n|-damage|p1a: Tyranitar|82\/100|[from] Sandstorm\n|-damage|p2a: Gyarados|29\/100|[from] Sandstorm\n|-damage|p1b: Goodra|89\/100|[from] Sandstorm\n|upkeep\n|turn|6\n|inactive|life4life has 30 seconds left.\n|inactive|Hadrian1917 has 30 seconds left.\n|\n|t:|1683831592\n|move|p2a: Gyarados|Protect|p2a: Gyarados\n|-singleturn|p2a: Gyarados|Protect\n|move|p2b: Flutter Mane|Moonblast|p1a: Tyranitar\n|-damage|p1a: Tyranitar|20\/100\n|move|p1a: Tyranitar|Rock Slide|p2b: Flutter Mane|[spread] p2b\n|-activate|p2a: Gyarados|move: Protect\n|-damage|p2b: Flutter Mane|11\/100\n|move|p1b: Goodra|Rock Slide|p2a: Gyarados|[spread] p2b\n|-activate|p2a: Gyarados|move: Protect\n|-damage|p2b: Flutter Mane|0 fnt\n|faint|p2b: Flutter Mane\n|-end|p2b: Flutter Mane|Protosynthesis|[silent]\n|\n|-weather|Sandstorm|[upkeep]\n|-damage|p1a: Tyranitar|14\/100|[from] Sandstorm\n|-damage|p2a: Gyarados|23\/100|[from] Sandstorm\n|-damage|p1b: Goodra|83\/100|[from] Sandstorm\n|upkeep\n|turn|7\n|-message|Hadrian1917 forfeited.\n|\n|win|life4life\n|raw|life4life's rating: 1065 → 1100<\/strong> (+35 for winning)\n|raw|Hadrian1917's rating: 1117 → 1088<\/strong> (-29 for losing)\n","uploadtime":1683831610,"views":11,"p1id":"life4life","p2id":"hadrian1917","formatid":"gen9vgc2023regulationc","rating":1088,"private":0,"password":""}