{"id":"gen9vgc2023regulationc-1861886430","p1":"BrianJortVGC","p2":"bsentinel","format":"[Gen 9] VGC 2023 Regulation C","log":"|j|\u2606BrianJortVGC\n|j|\u2606bsentinel\n|t:|1683817984\n|gametype|doubles\n|player|p1|BrianJortVGC|fennel|1541\n|player|p2|bsentinel|169|1520\n|teamsize|p1|6\n|teamsize|p2|6\n|gen|9\n|tier|[Gen 9] VGC 2023 Regulation C\n|rated|\n|rule|Species Clause: Limit one of each Pok\u00e9mon\n|rule|Item Clause: Limit one of each item\n|clearpoke\n|poke|p1|Ceruledge, L50, M|\n|poke|p1|Dragonite, L50, F|\n|poke|p1|Ting-Lu, L50|\n|poke|p1|Gastrodon-East, L50, M|\n|poke|p1|Scream Tail, L50|\n|poke|p1|Glimmora, L50, F|\n|poke|p2|Gastrodon, L50, F|\n|poke|p2|Gyarados, L50, M|\n|poke|p2|Scream Tail, L50|\n|poke|p2|Iron Hands, L50|\n|poke|p2|Dragapult, L50, M|\n|poke|p2|Amoonguss, L50, M|\n|teampreview|4\nBrianJortVGC has agreed to open team sheets.\n|inactive|Battle timer is ON: inactive players will automatically lose when time's up. (requested by bsentinel)\n|\n|t:|1683818014\n|start\n|switch|p1a: Dragonite|Dragonite, L50, F|100\/100\n|switch|p1b: Scream Tail|Scream Tail, L50|100\/100\n|switch|p2a: Scream Tail|Scream Tail, L50|100\/100\n|switch|p2b: Iron Hands|Iron Hands, L50|100\/100\n|-enditem|p2a: Scream Tail|Booster Energy\n|-activate|p2a: Scream Tail|ability: Protosynthesis|[fromitem]\n|-start|p2a: Scream Tail|protosynthesisspe\n|-enditem|p1b: Scream Tail|Booster Energy\n|-activate|p1b: Scream Tail|ability: Protosynthesis|[fromitem]\n|-start|p1b: Scream Tail|protosynthesisspe\n|turn|1\n|inactive|bsentinel has 30 seconds left.\n|\n|t:|1683818040\n|switch|p1a: Ceruledge|Ceruledge, L50, M|100\/100\n|move|p2b: Iron Hands|Fake Out|p1b: Scream Tail\n|-damage|p1b: Scream Tail|86\/100\n|move|p2a: Scream Tail|Thunder Wave|p1a: Ceruledge|[miss]\n|-miss|p2a: Scream Tail|p1a: Ceruledge\n|cant|p1b: Scream Tail|flinch\n|\n|upkeep\n|turn|2\n|j| THUNDERSND77\n|\n|t:|1683818060\n|-end|p2b: Iron Hands|Quark Drive|[silent]\n|switch|p2b: Gyarados|Gyarados, L50, M|100\/100\n|-ability|p2b: Gyarados|Intimidate|boost\n|-unboost|p1a: Ceruledge|atk|1\n|-unboost|p1b: Scream Tail|atk|1\n|move|p2a: Scream Tail|Thunder Wave|p1b: Scream Tail\n|-status|p1b: Scream Tail|par\n|move|p1b: Scream Tail|Disable|p2a: Scream Tail\n|-start|p2a: Scream Tail|Disable|Thunder Wave\n|move|p1a: Ceruledge|Bitter Blade|p2b: Gyarados\n|-resisted|p2b: Gyarados\n|-damage|p2b: Gyarados|85\/100\n|\n|upkeep\n|turn|3\n|\n|t:|1683818084\n|switch|p1a: Dragonite|Dragonite, L50, F|100\/100\n|move|p2a: Scream Tail|Howl|p2a: Scream Tail|[spread] p2a,p2b\n|-boost|p2a: Scream Tail|atk|1\n|-boost|p2b: Gyarados|atk|1\n|cant|p1b: Scream Tail|par\n|move|p2b: Gyarados|Taunt|p1b: Scream Tail\n|-start|p1b: Scream Tail|move: Taunt\n|\n|upkeep\n|turn|4\n|\n|t:|1683818103\n|-end|p1b: Scream Tail|Protosynthesis|[silent]\n|switch|p1b: Gastrodon|Gastrodon-East, L50, M|100\/100\n|-terastallize|p2b: Gyarados|Flying\n|move|p2a: Scream Tail|Play Rough|p1a: Dragonite\n|-supereffective|p1a: Dragonite\n|-damage|p1a: Dragonite|64\/100\n|move|p1a: Dragonite|Thunder Punch|p2b: Gyarados\n|-supereffective|p2b: Gyarados\n|-damage|p2b: Gyarados|0 fnt\n|faint|p2b: Gyarados\n|\n|upkeep\n|\n|t:|1683818117\n|switch|p2b: Iron Hands|Iron Hands, L50|100\/100\n|turn|5\n|\n|t:|1683818129\n|switch|p1a: Ceruledge|Ceruledge, L50, M|100\/100\n|move|p2b: Iron Hands|Fake Out|p1b: Gastrodon\n|-damage|p1b: Gastrodon|87\/100\n|move|p2a: Scream Tail|Play Rough|p1a: Ceruledge\n|-resisted|p1a: Ceruledge\n|-damage|p1a: Ceruledge|85\/100\n|move|p1b: Gastrodon|Yawn|p2a: Scream Tail\n|-start|p2a: Scream Tail|move: Yawn|[of] p1b: Gastrodon\n|\n|upkeep\n|turn|6\n|\n|t:|1683818147\n|move|p2a: Scream Tail|Howl|p2a: Scream Tail|[spread] p2a,p2b\n|-boost|p2a: Scream Tail|atk|1\n|-boost|p2b: Iron Hands|atk|1\n|move|p1a: Ceruledge|Bitter Blade|p2a: Scream Tail\n|-damage|p2a: Scream Tail|64\/100\n|-heal|p1a: Ceruledge|100\/100|[from] drain|[of] p2a: Scream Tail\n|move|p2b: Iron Hands|Earthquake|p1b: Gastrodon|[spread] p2a,p1a,p1b\n|-supereffective|p1a: Ceruledge\n|-damage|p2a: Scream Tail|24\/100\n|-damage|p1a: Ceruledge|0 fnt\n|-damage|p1b: Gastrodon|49\/100\n|faint|p1a: Ceruledge\n|move|p1b: Gastrodon|Yawn|p2b: Iron Hands\n|-start|p2b: Iron Hands|move: Yawn|[of] p1b: Gastrodon\n|\n|-end|p2a: Scream Tail|Disable\n|-end|p2a: Scream Tail|move: Yawn|[silent]\n|-status|p2a: Scream Tail|slp\n|upkeep\n|\n|t:|1683818150\n|switch|p1a: Dragonite|Dragonite, L50, F|64\/100\n|turn|7\n|\n|t:|1683818167\n|-end|p2b: Iron Hands|Quark Drive|[silent]\n|switch|p2b: Gastrodon|Gastrodon, L50, F|100\/100\n|move|p1a: Dragonite|Extreme Speed|p2a: Scream Tail\n|-damage|p2a: Scream Tail|0 fnt\n|faint|p2a: Scream Tail\n|-end|p2a: Scream Tail|Protosynthesis|[silent]\n|move|p1b: Gastrodon|Recover|p1b: Gastrodon\n|-heal|p1b: Gastrodon|99\/100\n|\n|upkeep\n|\n|t:|1683818175\n|switch|p2a: Iron Hands|Iron Hands, L50|100\/100\n|turn|8\n|\n|t:|1683818185\n|switch|p1a: Scream Tail|Scream Tail, L50|86\/100 par\n|move|p2a: Iron Hands|Drain Punch|p1b: Gastrodon\n|-damage|p1b: Gastrodon|56\/100\n|move|p1b: Gastrodon|Yawn|p2a: Iron Hands\n|-start|p2a: Iron Hands|move: Yawn|[of] p1b: Gastrodon\n|move|p2b: Gastrodon|Ice Beam|p1a: Scream Tail\n|-damage|p1a: Scream Tail|65\/100 par\n|\n|upkeep\n|turn|9\n|\n|t:|1683818197\n|move|p1a: Scream Tail|Disable|p2a: Iron Hands\n|-start|p2a: Iron Hands|Disable|Drain Punch\n|cant|p2a: Iron Hands|Disable|Drain Punch\n|move|p1b: Gastrodon|Recover|p1b: Gastrodon\n|-heal|p1b: Gastrodon|100\/100\n|move|p2b: Gastrodon|Ice Beam|p1b: Gastrodon\n|-damage|p1b: Gastrodon|78\/100\n|\n|-end|p2a: Iron Hands|move: Yawn|[silent]\n|-status|p2a: Iron Hands|slp\n|upkeep\n|turn|10\n|\n|t:|1683818210\n|move|p1a: Scream Tail|Play Rough|p2a: Iron Hands\n|-supereffective|p2a: Iron Hands\n|-damage|p2a: Iron Hands|67\/100 slp\n|cant|p2a: Iron Hands|slp\n|move|p1b: Gastrodon|Earth Power|p2a: Iron Hands\n|-supereffective|p2a: Iron Hands\n|-damage|p2a: Iron Hands|29\/100 slp\n|move|p2b: Gastrodon|Earth Power|p1a: Scream Tail\n|-damage|p1a: Scream Tail|35\/100 par\n|\n|upkeep\n|turn|11\n|\n|t:|1683818223\n|move|p1a: Scream Tail|Disable|p2b: Gastrodon\n|-start|p2b: Gastrodon|Disable|Earth Power\n|cant|p2a: Iron Hands|slp\n|move|p1b: Gastrodon|Earth Power|p2a: Iron Hands\n|-supereffective|p2a: Iron Hands\n|-damage|p2a: Iron Hands|0 fnt\n|faint|p2a: Iron Hands\n|-end|p2a: Iron Hands|Quark Drive|[silent]\n|cant|p2b: Gastrodon|Disable|Earth Power\n|\n|upkeep\n|turn|12\n|-message|bsentinel forfeited.\n|\n|win|BrianJortVGC\n|raw|BrianJortVGC's rating: 1541 → 1560<\/strong> (+19 for winning)\n|raw|bsentinel's rating: 1520 → 1501<\/strong> (-19 for losing)\n|l|\u2606bsentinel\n","uploadtime":1683818235,"views":9,"p1id":"brianjortvgc","p2id":"bsentinel","formatid":"gen9vgc2023regulationc","rating":1501,"private":0,"password":""}