{"id":"gen9vgc2023regulationc-1860530170","p1":"Topperlecat","p2":"Unvirgining Oil","format":"[Gen 9] VGC 2023 Regulation C","log":"|j|\u2606Topperlecat\n|j|\u2606Unvirgining Oil\n|t:|1683652057\n|gametype|doubles\n|player|p1|Topperlecat|n|1320\n|player|p2|Unvirgining Oil|blackbelt-gen4dp|1324\n|teamsize|p1|6\n|teamsize|p2|6\n|gen|9\n|tier|[Gen 9] VGC 2023 Regulation C\n|rated|\n|rule|Species Clause: Limit one of each Pok\u00e9mon\n|rule|Item Clause: Limit one of each item\n|clearpoke\n|poke|p1|Corviknight, L50, M|\n|poke|p1|Palafin, L50, M|\n|poke|p1|Ting-Lu, L50|\n|poke|p1|Annihilape, L50, F|\n|poke|p1|Maushold, L50|\n|poke|p1|Sylveon, L50, F|\n|poke|p2|Chi-Yu, L50|\n|poke|p2|Dachsbun, L50, F|\n|poke|p2|Dragonite, L50, M|\n|poke|p2|Flutter Mane, L50|\n|poke|p2|Azumarill, L50, F|\n|poke|p2|Chien-Pao, L50|\n|teampreview|4\n|inactive|Battle timer is ON: inactive players will automatically lose when time's up. (requested by Unvirgining Oil)\nUnvirgining Oil has agreed to open team sheets.\n|inactive|Topperlecat has 60 seconds left.\n|\n|t:|1683652098\n|start\n|switch|p1a: Sylveon|Sylveon, L50, F|100\/100\n|switch|p1b: sweeeemm|Palafin, L50, M|100\/100\n|switch|p2a: Chi-Yu|Chi-Yu, L50|100\/100\n|switch|p2b: Stella|Dachsbun, L50, F|100\/100\n|-ability|p2a: Chi-Yu|Beads of Ruin\n|turn|1\n|inactive|Topperlecat has 30 seconds left.\n|\n|t:|1683652133\n|switch|p2a: Azumarill|Azumarill, L50, F|100\/100\n|-terastallize|p1b: sweeeemm|Water\n|move|p1a: Sylveon|Protect|p1a: Sylveon\n|-singleturn|p1a: Sylveon|Protect\n|move|p1b: sweeeemm|Jet Punch|p2a: Azumarill\n|-resisted|p2a: Azumarill\n|-damage|p2a: Azumarill|83\/100\n|move|p2b: Stella|Snarl|p1b: sweeeemm|[spread] p1b\n|-activate|p1a: Sylveon|move: Protect\n|-damage|p1b: sweeeemm|93\/100\n|-unboost|p1b: sweeeemm|spa|1\n|\n|upkeep\n|turn|2\n|\n|t:|1683652150\n|detailschange|p1b: sweeeemm|Palafin-Hero, L50, M, tera:Water\n|switch|p1b: the biggest bird|Corviknight, L50, M|100\/100\n|move|p2b: Stella|Snarl|p1b: the biggest bird|[spread] p1a,p1b\n|-resisted|p1a: Sylveon\n|-damage|p1a: Sylveon|98\/100\n|-damage|p1b: the biggest bird|95\/100\n|-unboost|p1a: Sylveon|spa|1\n|-ability|p1b: the biggest bird|Mirror Armor\n|-unboost|p2b: Stella|spa|1\n|move|p2a: Azumarill|Liquidation|p1a: Sylveon\n|-damage|p1a: Sylveon|49\/100\n|-enditem|p1a: Sylveon|Sitrus Berry|[eat]\n|-heal|p1a: Sylveon|73\/100|[from] item: Sitrus Berry\n|move|p1a: Sylveon|Hyper Voice|p2b: Stella|[spread] p2a,p2b\n|-damage|p2a: Azumarill|59\/100\n|-damage|p2b: Stella|64\/100\n|\n|-heal|p2b: Stella|70\/100|[from] item: Leftovers\n|upkeep\n|turn|3\n|\n|t:|1683652174\n|switch|p1a: THE GOAT|Ting-Lu, L50|100\/100\n|-ability|p1a: THE GOAT|Vessel of Ruin\n|move|p2b: Stella|Protect|p2b: Stella\n|-singleturn|p2b: Stella|Protect\n|move|p1b: the biggest bird|Bulk Up|p1b: the biggest bird\n|-boost|p1b: the biggest bird|atk|1\n|-boost|p1b: the biggest bird|def|1\n|move|p2a: Azumarill|Liquidation|p1a: THE GOAT\n|-supereffective|p1a: THE GOAT\n|-damage|p1a: THE GOAT|43\/100\n|\n|-heal|p2b: Stella|76\/100|[from] item: Leftovers\n|upkeep\n|turn|4\n|\n|t:|1683652191\n|move|p2b: Stella|Substitute|p2b: Stella\n|-start|p2b: Stella|Substitute\n|-damage|p2b: Stella|52\/100\n|move|p1b: the biggest bird|Brave Bird|p2a: Azumarill\n|-damage|p2a: Azumarill|0 fnt\n|faint|p2a: Azumarill\n|-damage|p1b: the biggest bird|75\/100|[from] Recoil\n|move|p1a: THE GOAT|Heavy Slam|p2b: Stella\n|-supereffective|p2b: Stella\n|-end|p2b: Stella|Substitute\n|\n|-heal|p2b: Stella|58\/100|[from] item: Leftovers\n|upkeep\n|\n|t:|1683652198\n|switch|p2a: Chi-Yu|Chi-Yu, L50|100\/100\n|-ability|p2a: Chi-Yu|Beads of Ruin\n|turn|5\n|inactive|Topperlecat has 30 seconds left.\n|\n|t:|1683652224\n|move|p2a: Chi-Yu|Lava Plume|p1a: THE GOAT|[spread] p1a,p1b\n|-ability|p2b: Stella|Well-Baked Body|boost\n|-boost|p2b: Stella|def|2\n|-supereffective|p1b: the biggest bird\n|-damage|p1a: THE GOAT|30\/100\n|-damage|p1b: the biggest bird|13\/100\n|move|p2b: Stella|Body Press|p1a: THE GOAT\n|-supereffective|p1a: THE GOAT\n|-damage|p1a: THE GOAT|0 fnt\n|faint|p1a: THE GOAT\n|move|p1b: the biggest bird|Brave Bird|p2a: Chi-Yu\n|-damage|p2a: Chi-Yu|0 fnt\n|faint|p2a: Chi-Yu\n|-damage|p1b: the biggest bird|0 fnt|[from] Recoil\n|faint|p1b: the biggest bird\n|\n|-heal|p2b: Stella|64\/100|[from] item: Leftovers\n|upkeep\n|\n|t:|1683652233\n|switch|p2a: Dragonite|Dragonite, L50, M|100\/100\n|switch|p1b: sweeeemm|Palafin-Hero, L50, M, tera:Water|93\/100\n|switch|p1a: Sylveon|Sylveon, L50, F|73\/100\n|-activate|p1b: sweeeemm|ability: Zero to Hero\n|turn|6\n|\n|t:|1683652249\n|move|p2b: Stella|Substitute|p2b: Stella\n|-start|p2b: Stella|Substitute\n|-damage|p2b: Stella|39\/100\n|move|p1b: sweeeemm|Wave Crash|p2b: Stella\n|-end|p2b: Stella|Substitute\n|-damage|p1b: sweeeemm|88\/100|[from] Recoil|[of] p2b: Stella\n|move|p2a: Dragonite|Iron Head|p1a: Sylveon\n|-supereffective|p1a: Sylveon\n|-damage|p1a: Sylveon|16\/100\n|cant|p1a: Sylveon|flinch\n|\n|-heal|p2b: Stella|45\/100|[from] item: Leftovers\n|upkeep\n|turn|7\n|\n|t:|1683652267\n|move|p1a: Sylveon|Protect|p1a: Sylveon\n|-singleturn|p1a: Sylveon|Protect\n|move|p2b: Stella|Body Press|p1b: sweeeemm\n|-damage|p1b: sweeeemm|44\/100\n|move|p1b: sweeeemm|Wave Crash|p2b: Stella\n|-damage|p2b: Stella|0 fnt\n|faint|p2b: Stella\n|-damage|p1b: sweeeemm|35\/100|[from] Recoil\n|move|p2a: Dragonite|Iron Head|p1a: Sylveon\n|-activate|p1a: Sylveon|move: Protect\n|\n|upkeep\n|turn|8\n|\n|t:|1683652282\n|move|p1b: sweeeemm|Jet Punch|p2a: Dragonite\n|-resisted|p2a: Dragonite\n|-damage|p2a: Dragonite|86\/100\n|move|p1a: Sylveon|Quick Attack|p2a: Dragonite\n|-supereffective|p2a: Dragonite\n|-damage|p2a: Dragonite|61\/100\n|move|p2a: Dragonite|Iron Head|p1a: Sylveon\n|-supereffective|p1a: Sylveon\n|-damage|p1a: Sylveon|0 fnt\n|faint|p1a: Sylveon\n|\n|upkeep\n|turn|9\n|\n|t:|1683652294\n|-terastallize|p2a: Dragonite|Flying\n|move|p1b: sweeeemm|Wave Crash|p2a: Dragonite\n|-damage|p2a: Dragonite|0 fnt\n|faint|p2a: Dragonite\n|-damage|p1b: sweeeemm|17\/100|[from] Recoil\n|\n|win|Topperlecat\n|raw|Topperlecat's rating: 1320 → 1340<\/strong> (+20 for winning)\n|raw|Unvirgining Oil's rating: 1324 → 1304<\/strong> (-20 for losing)\n|c|\u2606Topperlecat|?\n|l|\u2606Unvirgining Oil\n|c|\u2606Topperlecat|if u didn't tera u won\n","uploadtime":1683652314,"views":6,"p1id":"topperlecat","p2id":"unvirginingoil","formatid":"gen9vgc2023regulationc","rating":1304,"private":0,"password":""}