{"id":"gen9vgc2023regulationc-1859524432","p1":"ispc","p2":"R3d_VGC","format":"[Gen 9] VGC 2023 Regulation C","log":"|j|\u2606ispc\n|j|\u2606R3d_VGC\n|t:|1683535530\n|gametype|doubles\n|player|p1|ispc|170|1381\n|player|p2|R3d_VGC|266|1440\n|teamsize|p1|6\n|teamsize|p2|6\n|gen|9\n|tier|[Gen 9] VGC 2023 Regulation C\n|rated|\n|rule|Species Clause: Limit one of each Pok\u00e9mon\n|rule|Item Clause: Limit one of each item\n|clearpoke\n|poke|p1|Tyranitar, L50, M|\n|poke|p1|Lycanroc, L50, F|\n|poke|p1|Maushold, L50|\n|poke|p1|Annihilape, L50, M|\n|poke|p1|Flutter Mane, L50|\n|poke|p1|Chien-Pao, L50|\n|poke|p2|Ting-Lu, L50|\n|poke|p2|Palafin, L50, M|\n|poke|p2|Arcanine, L50, F|\n|poke|p2|Chien-Pao, L50|\n|poke|p2|Gholdengo, L50|\n|poke|p2|Amoonguss, L50, M|\n|teampreview|4\n|j| PerryL'Ornitorinco\n|\n|t:|1683535559\n|start\n|switch|p1a: Maushold|Maushold, L50|100\/100\n|switch|p1b: Chien-Pao|Chien-Pao, L50|100\/100\n|switch|p2a: Lidl Inci|Arcanine, L50, F|100\/100\n|switch|p2b: Toshinori|Palafin, L50, M|100\/100\n|-ability|p1b: Chien-Pao|Sword of Ruin\n|-ability|p2a: Lidl Inci|Intimidate|boost\n|-unboost|p1a: Maushold|atk|1\n|-unboost|p1b: Chien-Pao|atk|1\n|turn|1\n|\n|t:|1683535576\n|move|p2b: Toshinori|Protect|p2b: Toshinori\n|-singleturn|p2b: Toshinori|Protect\n|move|p1b: Chien-Pao|Icicle Crash|p2b: Toshinori\n|-activate|p2b: Toshinori|move: Protect\n|move|p2a: Lidl Inci|Flare Blitz|p1a: Maushold\n|-damage|p1a: Maushold|19\/100\n|-damage|p2a: Lidl Inci|77\/100|[from] Recoil\n|move|p1a: Maushold|Population Bomb|p2a: Lidl Inci\n|-damage|p2a: Lidl Inci|65\/100\n|-damage|p2a: Lidl Inci|53\/100\n|-damage|p2a: Lidl Inci|41\/100\n|-enditem|p2a: Lidl Inci|Sitrus Berry|[eat]\n|-heal|p2a: Lidl Inci|66\/100|[from] item: Sitrus Berry\n|-damage|p2a: Lidl Inci|54\/100\n|-damage|p2a: Lidl Inci|43\/100\n|-damage|p2a: Lidl Inci|32\/100\n|-damage|p2a: Lidl Inci|22\/100\n|-damage|p2a: Lidl Inci|10\/100\n|-damage|p2a: Lidl Inci|0 fnt\n|faint|p2a: Lidl Inci\n|-hitcount|p2: Lidl Inci|9\n|\n|upkeep\n|\n|t:|1683535590\n|switch|p2a: Gengivite|Chien-Pao, L50|100\/100\n|-ability|p2a: Gengivite|Sword of Ruin\n|turn|2\n|\n|t:|1683535612\n|-terastallize|p1b: Chien-Pao|Fire\n|move|p1a: Maushold|Helping Hand|p1b: Chien-Pao\n|-singleturn|p1b: Chien-Pao|Helping Hand|[of] p1a: Maushold\n|move|p2a: Gengivite|Protect|p2a: Gengivite\n|-singleturn|p2a: Gengivite|Protect\n|move|p2b: Toshinori|Jet Punch|p1a: Maushold\n|-damage|p1a: Maushold|0 fnt\n|faint|p1a: Maushold\n|move|p1b: Chien-Pao|Icicle Crash|p2b: Toshinori\n|-resisted|p2b: Toshinori\n|-damage|p2b: Toshinori|74\/100\n|\n|upkeep\n|\n|t:|1683535633\n|switch|p1a: Tyranitar|Tyranitar, L50, M|100\/100\n|-weather|Sandstorm|[from] ability: Sand Stream|[of] p1a: Tyranitar\n|turn|3\n|\n|t:|1683535674\n|detailschange|p2b: Toshinori|Palafin-Hero, L50, M\n|switch|p2b: Cervaso|Ting-Lu, L50|100\/100\n|-ability|p2b: Cervaso|Vessel of Ruin\n|move|p1b: Chien-Pao|Sucker Punch||[still]\n|-fail|p1b: Chien-Pao\n|move|p2a: Gengivite|Crunch|p1b: Chien-Pao\n|-damage|p1b: Chien-Pao|39\/100\n|-damage|p2a: Gengivite|91\/100|[from] item: Life Orb\n|move|p1a: Tyranitar|Rock Slide|p2a: Gengivite|[spread] p2a,p2b\n|-supereffective|p2a: Gengivite\n|-resisted|p2b: Cervaso\n|-damage|p2a: Gengivite|1\/100\n|-damage|p2b: Cervaso|89\/100\n|\n|-weather|Sandstorm|[upkeep]\n|-damage|p1b: Chien-Pao|33\/100|[from] Sandstorm\n|-damage|p2a: Gengivite|0 fnt|[from] Sandstorm\n|faint|p2a: Gengivite\n|upkeep\n|\n|t:|1683535680\n|switch|p2a: Toshinori|Palafin-Hero, L50, M|74\/100\n|-activate|p2a: Toshinori|ability: Zero to Hero\n|turn|4\n|-activate|p1a: Tyranitar|item: Quick Claw\n|\n|t:|1683535690\n|-terastallize|p2a: Toshinori|Water\n|move|p1b: Chien-Pao|Sucker Punch|p2a: Toshinori\n|-damage|p2a: Toshinori|49\/100\n|move|p2a: Toshinori|Jet Punch|p1a: Tyranitar\n|-supereffective|p1a: Tyranitar\n|-damage|p1a: Tyranitar|0 fnt\n|faint|p1a: Tyranitar\n|move|p2b: Cervaso|Stomping Tantrum|p1b: Chien-Pao\n|-supereffective|p1b: Chien-Pao\n|-damage|p1b: Chien-Pao|0 fnt\n|faint|p1b: Chien-Pao\n|\n|-weather|Sandstorm|[upkeep]\n|-damage|p2a: Toshinori|43\/100|[from] Sandstorm\n|upkeep\n|\n|t:|1683535699\n|switch|p1b: Lycanroc|Lycanroc, L50, F|100\/100\n|turn|5\n|\n|t:|1683535708\n|move|p2a: Toshinori|Jet Punch|p1b: Lycanroc\n|-supereffective|p1b: Lycanroc\n|-damage|p1b: Lycanroc|0 fnt\n|faint|p1b: Lycanroc\n|\n|win|R3d_VGC\n|raw|ispc's rating: 1381 → 1364<\/strong> (-17 for losing)\n|raw|R3d_VGC's rating: 1440 → 1457<\/strong> (+17 for winning)\n|l|\u2606ispc\n|c|\u2606R3d_VGC|gg\n|l| PerryL'Ornitorinco\n","uploadtime":1683535717,"views":13,"p1id":"ispc","p2id":"r3dvgc","formatid":"gen9vgc2023regulationc","rating":1364,"private":0,"password":""}