{"id":"gen9vgc2023regulationc-1849328455","p1":"punishmant","p2":"echidna909","format":"[Gen 9] VGC 2023 Regulation C","log":"|j|\u2606punishmant\n|j|\u2606echidna909\n|t:|1682186421\n|gametype|doubles\n|player|p1|punishmant|101|1315\n|player|p2|echidna909|madame|1413\n|teamsize|p1|6\n|teamsize|p2|6\n|gen|9\n|tier|[Gen 9] VGC 2023 Regulation C\n|rated|\n|rule|Species Clause: Limit one of each Pok\u00e9mon\n|rule|Item Clause: Limit one of each item\n|clearpoke\n|poke|p1|Talonflame, L50, F|\n|poke|p1|Great Tusk, L50|\n|poke|p1|Gyarados, L50, F|\n|poke|p1|Chien-Pao, L50|\n|poke|p1|Gholdengo, L50|\n|poke|p1|Glimmora, L50, F|\n|poke|p2|Bronzong, L50|\n|poke|p2|Ting-Lu, L50|\n|poke|p2|Arcanine, L50, M|\n|poke|p2|Amoonguss, L50, M|\n|poke|p2|Palafin, L50, M|\n|poke|p2|Flutter Mane, L50|\n|teampreview|4\n|inactive|Battle timer is ON: inactive players will automatically lose when time's up. (requested by punishmant)\n|inactive|punishmant has 60 seconds left.\n|inactive|echidna909 has 60 seconds left.\n|inactive|echidna909 has 30 seconds left.\n|inactive|echidna909 has 20 seconds left.\n|inactive|echidna909 has 15 seconds left.\n|inactive|echidna909 has 10 seconds left.\n|inactive|echidna909 has 5 seconds left.\n|\n|t:|1682186511\n|start\n|switch|p1a: Talonflame|Talonflame, L50, F|100\/100\n|switch|p1b: Glimmora|Glimmora, L50, F|100\/100\n|switch|p2a: Bronzong|Bronzong, L50|100\/100\n|switch|p2b: Ting-Lu|Ting-Lu, L50|100\/100\n|-ability|p2b: Ting-Lu|Vessel of Ruin\n|turn|1\n|inactive|echidna909 has 30 seconds left.\n|inactive|punishmant has 30 seconds left.\n|inactive|echidna909 has 20 seconds left.\n|inactive|echidna909 has 15 seconds left.\n|inactive|echidna909 has 10 seconds left.\n|inactive|echidna909 has 5 seconds left.\n|\n|t:|1682186566\n|switch|p1b: Gyarados|Gyarados, L50, F|100\/100\n|-ability|p1b: Gyarados|Intimidate|boost\n|-unboost|p2a: Bronzong|atk|1\n|-unboost|p2b: Ting-Lu|atk|1\n|move|p1a: Talonflame|Will-O-Wisp|p2b: Ting-Lu\n|-status|p2b: Ting-Lu|brn\n|move|p2b: Ting-Lu|Earthquake|p1a: Talonflame|[spread] \n|-immune|p2a: Bronzong|[from] ability: Levitate\n|-immune|p1a: Talonflame\n|-immune|p1b: Gyarados\n|move|p2a: Bronzong|Iron Defense|p2a: Bronzong\n|-boost|p2a: Bronzong|def|2\n|\n|-damage|p2b: Ting-Lu|94\/100 brn|[from] brn\n|upkeep\n|turn|2\n|inactive|echidna909 has 30 seconds left.\n|inactive|punishmant has 30 seconds left.\n|inactive|echidna909 has 20 seconds left.\n|inactive|echidna909 has 15 seconds left.\n|inactive|echidna909 has 10 seconds left.\n|inactive|echidna909 has 5 seconds left.\n|\n|t:|1682186621\n|move|p1a: Talonflame|Flare Blitz|p2a: Bronzong\n|-supereffective|p2a: Bronzong\n|-damage|p2a: Bronzong|63\/100\n|-damage|p1a: Talonflame|88\/100|[from] Recoil\n|move|p1b: Gyarados|Taunt|p2a: Bronzong\n|-start|p2a: Bronzong|move: Taunt\n|move|p2b: Ting-Lu|Earthquake|p1b: Gyarados|[spread] \n|-immune|p2a: Bronzong|[from] ability: Levitate\n|-immune|p1a: Talonflame\n|-immune|p1b: Gyarados\n|cant|p2a: Bronzong|move: Taunt|Iron Defense\n|\n|-heal|p2a: Bronzong|68\/100|[from] item: Leftovers\n|-damage|p2b: Ting-Lu|88\/100 brn|[from] brn\n|upkeep\n|turn|3\n|inactive|punishmant has 30 seconds left.\n|inactive|echidna909 has 30 seconds left.\n|\n|t:|1682186655\n|-terastallize|p2a: Bronzong|Water\n|move|p1a: Talonflame|Flare Blitz|p2a: Bronzong\n|-resisted|p2a: Bronzong\n|-damage|p2a: Bronzong|60\/100\n|-damage|p1a: Talonflame|85\/100|[from] Recoil\n|move|p1b: Gyarados|Waterfall|p2a: Bronzong\n|-resisted|p2a: Bronzong\n|-damage|p2a: Bronzong|50\/100\n|move|p2b: Ting-Lu|Ruination|p1a: Talonflame|[miss]\n|-miss|p2b: Ting-Lu|p1a: Talonflame\n|move|p2a: Bronzong|Body Press|p1b: Gyarados\n|-resisted|p1b: Gyarados\n|-damage|p1b: Gyarados|75\/100\n|\n|-heal|p2a: Bronzong|56\/100|[from] item: Leftovers\n|-damage|p2b: Ting-Lu|82\/100 brn|[from] brn\n|upkeep\n|turn|4\n|\n|t:|1682186674\n|move|p1a: Talonflame|Will-O-Wisp|p2a: Bronzong\n|-status|p2a: Bronzong|brn\n|move|p1b: Gyarados|Waterfall|p2b: Ting-Lu\n|-supereffective|p2b: Ting-Lu\n|-damage|p2b: Ting-Lu|25\/100 brn\n|cant|p2b: Ting-Lu|flinch\n|move|p2a: Bronzong|Body Press|p1b: Gyarados\n|-resisted|p1b: Gyarados\n|-damage|p1b: Gyarados|62\/100\n|\n|-heal|p2a: Bronzong|62\/100 brn|[from] item: Leftovers\n|-damage|p2b: Ting-Lu|19\/100 brn|[from] brn\n|-damage|p2a: Bronzong|56\/100 brn|[from] brn\n|-end|p2a: Bronzong|move: Taunt\n|upkeep\n|turn|5\n|\n|t:|1682186698\n|move|p1a: Talonflame|Tailwind|p1a: Talonflame\n|-sidestart|p1: punishmant|move: Tailwind\n|move|p1b: Gyarados|Waterfall|p2b: Ting-Lu\n|-supereffective|p2b: Ting-Lu\n|-damage|p2b: Ting-Lu|0 fnt\n|faint|p2b: Ting-Lu\n|move|p2a: Bronzong|Body Press|p1b: Gyarados\n|-resisted|p1b: Gyarados\n|-damage|p1b: Gyarados|50\/100\n|-enditem|p1b: Gyarados|Sitrus Berry|[eat]\n|-heal|p1b: Gyarados|75\/100|[from] item: Sitrus Berry\n|\n|-heal|p2a: Bronzong|62\/100 brn|[from] item: Leftovers\n|-damage|p2a: Bronzong|56\/100 brn|[from] brn\n|upkeep\n|\n|t:|1682186712\n|switch|p2b: Amoonguss|Amoonguss, L50, M|100\/100\n|turn|6\n|\n|t:|1682186728\n|move|p1a: Talonflame|Brave Bird|p2b: Amoonguss\n|-supereffective|p2b: Amoonguss\n|-damage|p2b: Amoonguss|27\/100\n|-damage|p1a: Talonflame|69\/100|[from] item: Rocky Helmet|[of] p2b: Amoonguss\n|-damage|p1a: Talonflame|40\/100|[from] Recoil\n|move|p1b: Gyarados|Taunt|p2b: Amoonguss\n|-start|p2b: Amoonguss|move: Taunt\n|move|p2a: Bronzong|Body Press|p1b: Gyarados\n|-resisted|p1b: Gyarados\n|-damage|p1b: Gyarados|62\/100\n|cant|p2b: Amoonguss|move: Taunt|Spore\n|\n|-heal|p2a: Bronzong|62\/100 brn|[from] item: Leftovers\n|-damage|p2a: Bronzong|56\/100 brn|[from] brn\n|upkeep\n|turn|7\n|inactive|echidna909 has 30 seconds left.\n|inactive|echidna909 has 20 seconds left.\n|inactive|echidna909 has 15 seconds left.\n|inactive|echidna909 has 10 seconds left.\n|inactive|echidna909 has 5 seconds left.\n|inactive|punishmant has 30 seconds left.\n|\n|t:|1682186788\n|move|p1a: Talonflame|Brave Bird|p2b: Amoonguss\n|-supereffective|p2b: Amoonguss\n|-damage|p2b: Amoonguss|0 fnt\n|-damage|p1a: Talonflame|23\/100|[from] item: Rocky Helmet|[of] p2b: Amoonguss\n|faint|p2b: Amoonguss\n|-damage|p1a: Talonflame|13\/100|[from] Recoil\n|move|p1b: Gyarados|Thunder Wave|p2a: Bronzong|[miss]\n|-miss|p1b: Gyarados|p2a: Bronzong\n|move|p2a: Bronzong|Iron Defense|p2a: Bronzong\n|-boost|p2a: Bronzong|def|2\n|\n|-heal|p2a: Bronzong|62\/100 brn|[from] item: Leftovers\n|-damage|p2a: Bronzong|56\/100 brn|[from] brn\n|upkeep\n|inactive|echidna909 has 30 seconds left.\n|inactive|echidna909 has 20 seconds left.\n|inactive|echidna909 has 15 seconds left.\n|inactive|echidna909 has 10 seconds left.\n|inactive|echidna909 has 5 seconds left.\n|\n|t:|1682186843\n|switch|p2b: Arcanine|Arcanine, L50, M|100\/100\n|-ability|p2b: Arcanine|Intimidate|boost\n|-unboost|p1a: Talonflame|atk|1\n|-unboost|p1b: Gyarados|atk|1\n|turn|8\n|inactive|punishmant has 30 seconds left.\n|inactive|echidna909 has 30 seconds left.\n|\n|t:|1682186876\n|switch|p1a: Great Tusk|Great Tusk, L50|100\/100\n|move|p1b: Gyarados|Thunder Wave|p2b: Arcanine|[miss]\n|-miss|p1b: Gyarados|p2b: Arcanine\n|move|p2b: Arcanine|Flare Blitz|p1a: Great Tusk\n|-damage|p1a: Great Tusk|60\/100\n|-damage|p2b: Arcanine|85\/100|[from] Recoil\n|move|p2a: Bronzong|Body Press|p1b: Gyarados\n|-resisted|p1b: Gyarados\n|-damage|p1b: Gyarados|45\/100\n|\n|-heal|p2a: Bronzong|62\/100 brn|[from] item: Leftovers\n|-damage|p2a: Bronzong|56\/100 brn|[from] brn\n|-sideend|p1: punishmant|move: Tailwind\n|upkeep\n|turn|9\n|\n|t:|1682186894\n|move|p1a: Great Tusk|Rock Slide|p2a: Bronzong|[spread] p2a,p2b\n|-supereffective|p2b: Arcanine\n|-damage|p2a: Bronzong|50\/100 brn\n|-damage|p2b: Arcanine|36\/100\n|move|p2b: Arcanine|Flare Blitz|p1a: Great Tusk\n|-crit|p1a: Great Tusk\n|-damage|p1a: Great Tusk|0 fnt\n|faint|p1a: Great Tusk\n|-end|p1a: Great Tusk|Protosynthesis|[silent]\n|-damage|p2b: Arcanine|15\/100|[from] Recoil\n|move|p1b: Gyarados|Taunt|p2a: Bronzong\n|-start|p2a: Bronzong|move: Taunt\n|move|p2a: Bronzong|Body Press|p1b: Gyarados\n|-resisted|p1b: Gyarados\n|-damage|p1b: Gyarados|27\/100\n|\n|-heal|p2a: Bronzong|56\/100 brn|[from] item: Leftovers\n|-damage|p2a: Bronzong|50\/100 brn|[from] brn\n|upkeep\n|\n|t:|1682186907\n|switch|p1a: Talonflame|Talonflame, L50, F|13\/100\n|turn|10\n|\n|t:|1682186931\n|move|p2b: Arcanine|Protect|p2b: Arcanine\n|-singleturn|p2b: Arcanine|Protect\n|move|p1a: Talonflame|Brave Bird|p2a: Bronzong\n|-damage|p2a: Bronzong|36\/100 brn\n|-damage|p1a: Talonflame|8\/100|[from] Recoil\n|move|p1b: Gyarados|Waterfall|p2b: Arcanine\n|-activate|p2b: Arcanine|move: Protect\n|move|p2a: Bronzong|Body Press|p1a: Talonflame\n|-resisted|p1a: Talonflame\n|-damage|p1a: Talonflame|0 fnt\n|faint|p1a: Talonflame\n|\n|-heal|p2a: Bronzong|42\/100 brn|[from] item: Leftovers\n|-damage|p2a: Bronzong|36\/100 brn|[from] brn\n|upkeep\n|\n|t:|1682186934\n|switch|p1a: Glimmora|Glimmora, L50, F|100\/100\n|turn|11\n|inactive|echidna909 has 30 seconds left.\n|inactive|echidna909 has 20 seconds left.\n|inactive|echidna909 has 15 seconds left.\n|inactive|echidna909 has 10 seconds left.\n|inactive|echidna909 has 5 seconds left.\n|\n|t:|1682186989\n|move|p2b: Arcanine|Flare Blitz|p1b: Gyarados\n|-resisted|p1b: Gyarados\n|-damage|p1b: Gyarados|0 fnt\n|faint|p1b: Gyarados\n|-damage|p2b: Arcanine|5\/100|[from] Recoil\n|move|p1a: Glimmora|Energy Ball|p2a: Bronzong\n|-supereffective|p2a: Bronzong\n|-damage|p2a: Bronzong|0 fnt\n|faint|p2a: Bronzong\n|\n|upkeep\n|turn|12\n|inactive|echidna909 has 20 seconds left this turn.\n|inactive|echidna909 has 15 seconds left.\n|inactive|echidna909 has 10 seconds left.\n|inactive|echidna909 has 5 seconds left.\n|-message|echidna909 lost due to inactivity.\n|\n|win|punishmant\n|raw|punishmant's rating: 1315 → 1340<\/strong> (+25 for winning)\n|raw|echidna909's rating: 1413 → 1388<\/strong> (-25 for losing)\n","uploadtime":1682187014,"views":7,"p1id":"punishmant","p2id":"echidna909","formatid":"gen9vgc2023regulationc","rating":1340,"private":0,"password":""}