{"id":"gen9vgc2023regulationc-1854636149","p1":"pgshyco soldier 3","p2":"evocorp17","format":"[Gen 9] VGC 2023 Regulation C","log":"|j|\u2606pgshyco soldier 3\n|j|\u2606evocorp17\n|t:|1682840594\n|gametype|doubles\n|player|p1|pgshyco soldier 3|misty-gen1rb|1138\n|player|p2|evocorp17|169|1107\n|teamsize|p1|6\n|teamsize|p2|6\n|gen|9\n|tier|[Gen 9] VGC 2023 Regulation C\n|rated|\n|rule|Species Clause: Limit one of each Pok\u00e9mon\n|rule|Item Clause: Limit one of each item\n|clearpoke\n|poke|p1|Mimikyu, L50, F|\n|poke|p1|Garganacl, L50, M|\n|poke|p1|Iron Hands, L50|\n|poke|p1|Roaring Moon, L50|\n|poke|p1|Amoonguss, L50, F|\n|poke|p1|Iron Bundle, L50|\n|poke|p2|Dondozo, L50, M|\n|poke|p2|Tatsugiri-Droopy, L50, M|\n|poke|p2|Pelipper, L50, F|\n|poke|p2|Drednaw, L50, M|\n|poke|p2|Dragonite, L50, M|\n|poke|p2|Chien-Pao, L50|\n|teampreview|4\n|\n|t:|1682840605\n|start\n|switch|p1a: Garganacl|Garganacl, L50, M|100\/100\n|switch|p1b: Iron Hands|Iron Hands, L50, shiny|100\/100\n|switch|p2a: Dondozo|Dondozo, L50, M|100\/100\n|switch|p2b: Pelipper|Pelipper, L50, F|100\/100\n|-weather|RainDance|[from] ability: Drizzle|[of] p2b: Pelipper\n|turn|1\n|\n|t:|1682840619\n|switch|p2b: Tatsugiri|Tatsugiri-Droopy, L50, M, shiny|100\/100\n|-activate|p2b: Tatsugiri|ability: Commander|[of] p2a: Dondozo\n|-boost|p2a: Dondozo|atk|2\n|-boost|p2a: Dondozo|spa|2\n|-boost|p2a: Dondozo|spe|2\n|-boost|p2a: Dondozo|def|2\n|-boost|p2a: Dondozo|spd|2\n|-terastallize|p1a: Garganacl|Ghost\n|move|p2a: Dondozo|Protect|p2a: Dondozo\n|-singleturn|p2a: Dondozo|Protect\n|move|p1b: Iron Hands|Fake Out|p2a: Dondozo\n|-activate|p2a: Dondozo|move: Protect\n|move|p1a: Garganacl|Salt Cure|p2b: Tatsugiri|[miss]\n|-miss|p1a: Garganacl|p2b: Tatsugiri\n|\n|-weather|RainDance|[upkeep]\n|upkeep\n|turn|2\n|\n|t:|1682840635\n|-terastallize|p2a: Dondozo|Water\n|move|p1a: Garganacl|Protect|p1a: Garganacl\n|-singleturn|p1a: Garganacl|Protect\n|move|p2a: Dondozo|Surf|p1a: Garganacl|[spread] p1b\n|-miss|p2a: Dondozo|p2b: Tatsugiri\n|-activate|p1a: Garganacl|move: Protect\n|-damage|p1b: Iron Hands|41\/100\n|-damage|p2a: Dondozo|91\/100|[from] item: Life Orb\n|move|p1b: Iron Hands|Volt Switch|p2a: Dondozo\n|-supereffective|p2a: Dondozo\n|-damage|p2a: Dondozo|77\/100\n|\n|t:|1682840648\n|-end|p1b: Iron Hands|Quark Drive|[silent]\n|switch|p1b: Iron Bundle|Iron Bundle, L50, shiny|100\/100|[from] Volt Switch\n|\n|-weather|RainDance|[upkeep]\n|upkeep\n|turn|3\n|\n|t:|1682840653\n|move|p1a: Garganacl|Wide Guard|p1a: Garganacl\n|-singleturn|p1a: Garganacl|Wide Guard\n|move|p1b: Iron Bundle|Encore|p2a: Dondozo\n|-start|p2a: Dondozo|Encore\n|move|p2a: Dondozo|Surf|p1b: Iron Bundle|[spread] \n|-miss|p2a: Dondozo|p2b: Tatsugiri\n|-activate|p1a: Garganacl|move: Wide Guard\n|-activate|p1b: Iron Bundle|move: Wide Guard\n|\n|-weather|RainDance|[upkeep]\n|upkeep\n|turn|4\n|\n|t:|1682840664\n|move|p1a: Garganacl|Wide Guard|p1a: Garganacl\n|-singleturn|p1a: Garganacl|Wide Guard\n|move|p1b: Iron Bundle|Freeze-Dry|p2a: Dondozo\n|-supereffective|p2a: Dondozo\n|-damage|p2a: Dondozo|33\/100\n|move|p2a: Dondozo|Surf|p1a: Garganacl|[spread] \n|-miss|p2a: Dondozo|p2b: Tatsugiri\n|-activate|p1a: Garganacl|move: Wide Guard\n|-activate|p1b: Iron Bundle|move: Wide Guard\n|\n|-weather|RainDance|[upkeep]\n|upkeep\n|turn|5\n|\n|t:|1682840677\n|move|p1b: Iron Bundle|Freeze-Dry|p2a: Dondozo\n|-supereffective|p2a: Dondozo\n|-damage|p2a: Dondozo|0 fnt\n|faint|p2a: Dondozo\n|move|p1a: Garganacl|Salt Cure|p2b: Tatsugiri\n|-damage|p2b: Tatsugiri|73\/100\n|-start|p2b: Tatsugiri|Salt Cure\n|\n|-weather|RainDance|[upkeep]\n|-damage|p2b: Tatsugiri|48\/100|[from] Salt Cure\n|upkeep\n|\n|t:|1682840685\n|switch|p2a: Drednaw|Drednaw, L50, M|100\/100\n|turn|6\n|\n|t:|1682840698\n|move|p2b: Tatsugiri|Helping Hand|p2a: Drednaw\n|-singleturn|p2a: Drednaw|Helping Hand|[of] p2b: Tatsugiri\n|move|p1b: Iron Bundle|Protect|p1b: Iron Bundle\n|-singleturn|p1b: Iron Bundle|Protect\n|move|p1a: Garganacl|Protect|p1a: Garganacl\n|-singleturn|p1a: Garganacl|Protect\n|move|p2a: Drednaw|Rock Slide|p1b: Iron Bundle|[spread] \n|-activate|p1a: Garganacl|move: Protect\n|-activate|p1b: Iron Bundle|move: Protect\n|\n|-weather|RainDance|[upkeep]\n|-damage|p2b: Tatsugiri|23\/100|[from] Salt Cure\n|upkeep\n|turn|7\n|l|\u2606evocorp17\n|player|p2|\n|inactive|Battle timer is ON: inactive players will automatically lose when time's up. (requested by pgshyco soldier 3)\n|inactive|evocorp17 has 30 seconds to reconnect!\n|inactive|evocorp17 has 20 seconds to reconnect!\n|inactive|evocorp17 has 15 seconds to reconnect!\n|inactive|evocorp17 has 10 seconds to reconnect!\n|inactive|evocorp17 has 5 seconds to reconnect!\n|-message|evocorp17 lost due to inactivity.\n|\n|win|pgshyco soldier 3\n|raw|pgshyco soldier 3's rating: 1138 → 1161<\/strong> (+23 for winning)\n|raw|evocorp17's rating: 1107 → 1084<\/strong> (-23 for losing)\n|l|\u2606pgshyco soldier 3\n|j|\u2606pgshyco soldier 3\n|player|p1|pgshyco soldier 3|misty-gen1rb\n","uploadtime":1682841499,"views":19,"p1id":"pgshycosoldier3","p2id":"evocorp17","formatid":"gen9vgc2023regulationc","rating":1084,"private":0,"password":""}