{"id":"gen9vgc2023regulationc-1849363147","p1":"Chi-Yuh","p2":"life4life","format":"[Gen 9] VGC 2023 Regulation C","log":"|j|\u2606Chi-Yuh\n|j|\u2606life4life\n|t:|1682190161\n|gametype|doubles\n|player|p1|Chi-Yuh|169|1139\n|player|p2|life4life|265|1048\n|teamsize|p1|5\n|teamsize|p2|6\n|gen|9\n|tier|[Gen 9] VGC 2023 Regulation C\n|rated|\n|rule|Species Clause: Limit one of each Pok\u00e9mon\n|rule|Item Clause: Limit one of each item\n|clearpoke\n|poke|p1|Flapple, L50, F|\n|poke|p1|Espathra, L50, F|\n|poke|p1|Iron Bundle, L50|\n|poke|p1|Sandy Shocks, L50|\n|poke|p1|Flutter Mane, L50|\n|poke|p2|Lilligant, L50, F|\n|poke|p2|Tinkaton, L50, F|\n|poke|p2|Tyranitar, L50, F|\n|poke|p2|Maushold-Four, L50|\n|poke|p2|Gyarados, L50, M|\n|poke|p2|Lucario, L50, F|\n|teampreview|4\n|l|\u2606Chi-Yuh\n|player|p1|\n|j|\u2606Chi-Yuh\n|player|p1|Chi-Yuh|169\n|inactive|Battle timer is ON: inactive players will automatically lose when time's up. (requested by life4life)\n|\n|t:|1682190201\n|start\n|switch|p1a: Sandy Shocks|Sandy Shocks, L50|100\/100\n|switch|p1b: Espathra|Espathra, L50, F|100\/100\n|switch|p2a: Maushold|Maushold-Four, L50|100\/100\n|switch|p2b: Lucario|Lucario, L50, F|100\/100\n|-enditem|p1a: Sandy Shocks|Booster Energy\n|-activate|p1a: Sandy Shocks|ability: Protosynthesis|[fromitem]\n|-start|p1a: Sandy Shocks|protosynthesisspe\n|turn|1\n|\n|t:|1682190224\n|move|p1a: Sandy Shocks|Gravity|p1a: Sandy Shocks\n|-fieldstart|move: Gravity\n|move|p2a: Maushold|Beat Up|p2b: Lucario\n|-resisted|p2b: Lucario\n|-damage|p2b: Lucario|99\/100\n|-ability|p2b: Lucario|Justified|boost\n|-boost|p2b: Lucario|atk|1\n|-resisted|p2b: Lucario\n|-damage|p2b: Lucario|98\/100\n|-ability|p2b: Lucario|Justified|boost\n|-boost|p2b: Lucario|atk|1\n|-resisted|p2b: Lucario\n|-damage|p2b: Lucario|96\/100\n|-ability|p2b: Lucario|Justified|boost\n|-boost|p2b: Lucario|atk|1\n|-resisted|p2b: Lucario\n|-damage|p2b: Lucario|94\/100\n|-ability|p2b: Lucario|Justified|boost\n|-boost|p2b: Lucario|atk|1\n|-hitcount|p2b: Lucario|4\n|move|p1b: Espathra|Hypnosis|p2b: Lucario\n|-status|p2b: Lucario|slp|[from] move: Hypnosis\n|cant|p2b: Lucario|slp\n|\n|-ability|p1b: Espathra|Speed Boost|boost\n|-boost|p1b: Espathra|spe|1\n|upkeep\n|turn|2\n|inactive|Chi-Yuh has 30 seconds left.\n|inactive|life4life has 30 seconds left.\n|\n|t:|1682190257\n|-end|p1a: Sandy Shocks|Protosynthesis|[silent]\n|switch|p1a: Flutter Mane|Flutter Mane, L50|100\/100\n|move|p1b: Espathra|Hypnosis|p2a: Maushold\n|-status|p2a: Maushold|slp|[from] move: Hypnosis\n|cant|p2a: Maushold|slp\n|cant|p2b: Lucario|slp\n|\n|-ability|p1b: Espathra|Speed Boost|boost\n|-boost|p1b: Espathra|spe|1\n|upkeep\n|turn|3\n|\n|t:|1682190277\n|-terastallize|p1a: Flutter Mane|Fairy\n|cant|p2a: Maushold|slp\n|move|p1b: Espathra|Lumina Crash|p2b: Lucario\n|-damage|p2b: Lucario|60\/100 slp\n|-unboost|p2b: Lucario|spd|2\n|move|p1a: Flutter Mane|Dazzling Gleam|p2a: Maushold|[spread] p2a,p2b\n|-damage|p2a: Maushold|26\/100 slp\n|-damage|p2b: Lucario|0 fnt\n|faint|p2b: Lucario\n|-damage|p1a: Flutter Mane|91\/100|[from] item: Life Orb\n|\n|-ability|p1b: Espathra|Speed Boost|boost\n|-boost|p1b: Espathra|spe|1\n|upkeep\n|\n|t:|1682190292\n|switch|p2b: Tinkaton|Tinkaton, L50, F|100\/100\n|turn|4\n|\n|t:|1682190304\n|move|p1a: Flutter Mane|Protect|p1a: Flutter Mane\n|-singleturn|p1a: Flutter Mane|Protect\n|move|p1b: Espathra|Hypnosis|p2b: Tinkaton\n|-status|p2b: Tinkaton|slp|[from] move: Hypnosis\n|-curestatus|p2a: Maushold|slp|[msg]\n|move|p2a: Maushold|Thunder Wave|p1a: Flutter Mane\n|-activate|p1a: Flutter Mane|move: Protect\n|cant|p2b: Tinkaton|slp\n|\n|-ability|p1b: Espathra|Speed Boost|boost\n|-boost|p1b: Espathra|spe|1\n|upkeep\n|turn|5\n|\n|t:|1682190321\n|move|p1b: Espathra|Hypnosis|p2a: Maushold\n|-status|p2a: Maushold|slp|[from] move: Hypnosis\n|move|p1a: Flutter Mane|Hex|p2b: Tinkaton\n|-damage|p2b: Tinkaton|33\/100 slp\n|-damage|p1a: Flutter Mane|81\/100|[from] item: Life Orb\n|cant|p2a: Maushold|slp\n|cant|p2b: Tinkaton|slp\n|\n|-fieldend|move: Gravity\n|-ability|p1b: Espathra|Speed Boost|boost\n|-boost|p1b: Espathra|spe|1\n|upkeep\n|turn|6\n|-message|life4life forfeited.\n|\n|win|Chi-Yuh\n|raw|Chi-Yuh's rating: 1139 → 1158<\/strong> (+19 for winning)\n|raw|life4life's rating: 1048 → 1035<\/strong> (-13 for losing)\n|l|\u2606life4life\n","uploadtime":1682190349,"views":12,"p1id":"chiyuh","p2id":"life4life","formatid":"gen9vgc2023regulationc","rating":1035,"private":0,"password":""}