{"id":"gen9vgc2023regulationc-1851683333","p1":"brlazerz10","p2":"Cblon","format":"[Gen 9] VGC 2023 Regulation C","log":"|j|\u2606brlazerz10\n|j|\u2606Cblon\n|t:|1682469513\n|gametype|doubles\n|player|p1|brlazerz10|1|1352\n|player|p2|Cblon|swimmer-gen4|1366\n|teamsize|p1|6\n|teamsize|p2|6\n|gen|9\n|tier|[Gen 9] VGC 2023 Regulation C\n|rated|\n|rule|Species Clause: Limit one of each Pok\u00e9mon\n|rule|Item Clause: Limit one of each item\n|clearpoke\n|poke|p1|Dragonite, L50, M|\n|poke|p1|Flutter Mane, L50|\n|poke|p1|Chien-Pao, L50|\n|poke|p1|Lilligant, L50, F|\n|poke|p1|Great Tusk, L50|\n|poke|p1|Torkoal, L50, F|\n|poke|p2|Amoonguss, L50, M|\n|poke|p2|Tyranitar, L50, F|\n|poke|p2|Garchomp, L50, M|\n|poke|p2|Palafin, L50, M|\n|poke|p2|Corviknight, L50, M|\n|poke|p2|Glimmora, L50, F|\n|teampreview|4\n|inactive|Battle timer is ON: inactive players will automatically lose when time's up. (requested by Cblon)\n|\n|t:|1682469573\n|start\n|switch|p1a: Flutter Mane|Flutter Mane, L50|100\/100\n|switch|p1b: Dragonite|Dragonite, L50, M|100\/100\n|switch|p2a: Glimmora|Glimmora, L50, F|100\/100\n|switch|p2b: Palafin|Palafin, L50, M|100\/100\n|-enditem|p1a: Flutter Mane|Booster Energy\n|-activate|p1a: Flutter Mane|ability: Protosynthesis|[fromitem]\n|-start|p1a: Flutter Mane|protosynthesisspe\n|turn|1\n|\n|t:|1682469587\n|detailschange|p2b: Palafin|Palafin-Hero, L50, M\n|switch|p2b: Tyranitar|Tyranitar, L50, F|100\/100\n|-weather|Sandstorm|[from] ability: Sand Stream|[of] p2b: Tyranitar\n|move|p1a: Flutter Mane|Protect|p1a: Flutter Mane\n|-singleturn|p1a: Flutter Mane|Protect\n|move|p2a: Glimmora|Power Gem|p1b: Dragonite\n|-supereffective|p1b: Dragonite\n|-damage|p1b: Dragonite|47\/100\n|move|p1b: Dragonite|Earthquake|p2a: Glimmora|[spread] p2a,p2b\n|-activate|p1a: Flutter Mane|move: Protect\n|-supereffective|p2a: Glimmora\n|-supereffective|p2b: Tyranitar\n|-enditem|p2a: Glimmora|Focus Sash\n|-damage|p2a: Glimmora|1\/100\n|-damage|p2b: Tyranitar|52\/100\n|-activate|p2a: Glimmora|ability: Toxic Debris\n|-sidestart|p1: brlazerz10|move: Toxic Spikes\n|\n|-weather|Sandstorm|[upkeep]\n|-damage|p1a: Flutter Mane|94\/100|[from] Sandstorm\n|-damage|p1b: Dragonite|41\/100|[from] Sandstorm\n|upkeep\n|turn|2\n|inactive|brlazerz10 has 30 seconds left.\n|\n|t:|1682469620\n|-terastallize|p1a: Flutter Mane|Fairy\n|-terastallize|p2b: Tyranitar|Flying\n|move|p2a: Glimmora|Spiky Shield|p2a: Glimmora\n|-singleturn|p2a: Glimmora|move: Protect\n|move|p1a: Flutter Mane|Dazzling Gleam|p2a: Glimmora|[spread] p2b\n|-activate|p2a: Glimmora|move: Protect\n|-damage|p2b: Tyranitar|26\/100\n|move|p1b: Dragonite|Low Kick|p2b: Tyranitar\n|-resisted|p2b: Tyranitar\n|-damage|p2b: Tyranitar|7\/100\n|move|p2b: Tyranitar|Rock Slide|p1a: Flutter Mane|[spread] p1a,p1b\n|-supereffective|p1b: Dragonite\n|-damage|p1a: Flutter Mane|34\/100\n|-damage|p1b: Dragonite|0 fnt\n|faint|p1b: Dragonite\n|\n|-weather|Sandstorm|[upkeep]\n|-damage|p1a: Flutter Mane|27\/100|[from] Sandstorm\n|-damage|p2b: Tyranitar|1\/100|[from] Sandstorm\n|upkeep\n|\n|t:|1682469640\n|switch|p1b: Great Tusk|Great Tusk, L50|100\/100\n|-status|p1b: Great Tusk|psn\n|turn|3\n|\n|t:|1682469660\n|move|p1a: Flutter Mane|Dazzling Gleam|p2b: Tyranitar|[spread] p2a,p2b\n|-resisted|p2a: Glimmora\n|-damage|p2a: Glimmora|0 fnt\n|-damage|p2b: Tyranitar|0 fnt\n|faint|p2a: Glimmora\n|faint|p2b: Tyranitar\n|move|p1b: Great Tusk|Headlong Rush|p2: Glimmora|[notarget]\n|-fail|p1b: Great Tusk\n|\n|-weather|Sandstorm|[upkeep]\n|-damage|p1a: Flutter Mane|21\/100|[from] Sandstorm\n|-damage|p1b: Great Tusk|88\/100 psn|[from] psn\n|upkeep\n|\n|t:|1682469663\n|switch|p2a: Palafin|Palafin-Hero, L50, M|100\/100\n|switch|p2b: Corviknight|Corviknight, L50, M|100\/100\n|-activate|p2a: Palafin|ability: Zero to Hero\n|turn|4\n|\n|t:|1682469677\n|move|p2a: Palafin|Protect|p2a: Palafin\n|-singleturn|p2a: Palafin|Protect\n|move|p1a: Flutter Mane|Dazzling Gleam|p2b: Corviknight|[spread] p2b\n|-activate|p2a: Palafin|move: Protect\n|-resisted|p2b: Corviknight\n|-damage|p2b: Corviknight|80\/100\n|move|p1b: Great Tusk|Headlong Rush|p2a: Palafin\n|-activate|p2a: Palafin|move: Protect\n|move|p2b: Corviknight|Tailwind|p2b: Corviknight\n|-sidestart|p2: Cblon|move: Tailwind\n|\n|-weather|Sandstorm|[upkeep]\n|-damage|p1a: Flutter Mane|15\/100|[from] Sandstorm\n|-damage|p2a: Palafin|95\/100|[from] Sandstorm\n|-damage|p1b: Great Tusk|76\/100 psn|[from] psn\n|upkeep\n|turn|5\n|\n|t:|1682469693\n|move|p2a: Palafin|Jet Punch|p1a: Flutter Mane\n|-damage|p1a: Flutter Mane|0 fnt\n|faint|p1a: Flutter Mane\n|-end|p1a: Flutter Mane|Protosynthesis|[silent]\n|move|p1b: Great Tusk|Headlong Rush|p2a: Palafin\n|-damage|p2a: Palafin|32\/100\n|-unboost|p1b: Great Tusk|def|1\n|-unboost|p1b: Great Tusk|spd|1\n|move|p2b: Corviknight|Brave Bird|p1b: Great Tusk\n|-supereffective|p1b: Great Tusk\n|-damage|p1b: Great Tusk|0 fnt\n|faint|p1b: Great Tusk\n|-end|p1b: Great Tusk|Protosynthesis|[silent]\n|-damage|p2b: Corviknight|56\/100|[from] Recoil\n|\n|-weather|none\n|upkeep\n|\n|t:|1682469707\n|switch|p1b: Chien-Pao|Chien-Pao, L50|100\/100\n|-status|p1b: Chien-Pao|psn\n|-ability|p1b: Chien-Pao|Sword of Ruin\n|turn|6\n|-message|brlazerz10 forfeited.\n|\n|win|Cblon\n|raw|brlazerz10's rating: 1352 → 1333<\/strong> (-19 for losing)\n|raw|Cblon's rating: 1366 → 1385<\/strong> (+19 for winning)\n|l|\u2606brlazerz10\n","uploadtime":1682469719,"views":19,"p1id":"brlazerz10","p2id":"cblon","formatid":"gen9vgc2023regulationc","rating":1333,"private":0,"password":""}