{"id":"gen9vgc2023regulationc-1845058577","p1":"lvlvlvlv","p2":"That_Leek","format":"[Gen 9] VGC 2023 Regulation C","log":"|j|\u2606lvlvlvlv\n|j|\u2606That_Leek\n|t:|1681678820\n|gametype|doubles\n|player|p1|lvlvlvlv|acetrainer-gen4dp|1351\n|player|p2|That_Leek|blue|1311\n|teamsize|p1|6\n|teamsize|p2|6\n|gen|9\n|tier|[Gen 9] VGC 2023 Regulation C\n|rated|\n|rule|Species Clause: Limit one of each Pok\u00e9mon\n|rule|Item Clause: Limit one of each item\n|clearpoke\n|poke|p1|Palafin, L50, M|\n|poke|p1|Chien-Pao, L50|\n|poke|p1|Arcanine, L50, M|\n|poke|p1|Brute Bonnet, L50|\n|poke|p1|Baxcalibur, L50, M|\n|poke|p1|Gholdengo, L50|\n|poke|p2|Tyranitar, L50, F|\n|poke|p2|Gothitelle, L50, F|\n|poke|p2|Gholdengo, L50|\n|poke|p2|Amoonguss, L50, M|\n|poke|p2|Azumarill, L50, M|\n|poke|p2|Arcanine, L50, F|\n|teampreview|4\nThat_Leek has agreed to open team sheets.\n|\n|t:|1681678886\n|start\n|switch|p1a: Emo|Brute Bonnet, L50|100\/100\n|switch|p1b: Gholdengo|Gholdengo, L50|100\/100\n|switch|p2a: Gholdengo|Gholdengo, L50|100\/100\n|switch|p2b: Amoonguss|Amoonguss, L50, M|100\/100\n|turn|1\n|\n|t:|1681678914\n|move|p1a: Emo|Rage Powder|p1a: Emo\n|-singleturn|p1a: Emo|move: Rage Powder\n|move|p2b: Amoonguss|Rage Powder|p2b: Amoonguss\n|-singleturn|p2b: Amoonguss|move: Rage Powder\n|move|p1b: Gholdengo|Shadow Ball|p2b: Amoonguss\n|-damage|p2b: Amoonguss|39\/100\n|move|p2a: Gholdengo|Nasty Plot|p2a: Gholdengo\n|-boost|p2a: Gholdengo|spa|2\n|\n|upkeep\n|turn|2\n|\n|t:|1681678957\n|move|p2a: Gholdengo|Protect|p2a: Gholdengo\n|-singleturn|p2a: Gholdengo|Protect\n|move|p1a: Emo|Sucker Punch||[still]\n|-fail|p1a: Emo\n|move|p1b: Gholdengo|Shadow Ball|p2a: Gholdengo\n|-activate|p2a: Gholdengo|move: Protect\n|move|p2b: Amoonguss|Pollen Puff|p1a: Emo\n|-supereffective|p1a: Emo\n|-damage|p1a: Emo|45\/100\n|\n|upkeep\n|turn|3\n|\n|t:|1681678972\n|switch|p2b: Arcanine|Arcanine, L50, F|100\/100\n|-ability|p2b: Arcanine|Intimidate|boost\n|-unboost|p1a: Emo|atk|1\n|-unboost|p1b: Gholdengo|atk|1\n|-terastallize|p2a: Gholdengo|Water\n|-terastallize|p1a: Emo|Fire\n|move|p1a: Emo|Sucker Punch|p2a: Gholdengo\n|-damage|p2a: Gholdengo|80\/100\n|move|p1b: Gholdengo|Shadow Ball|p2b: Arcanine\n|-damage|p2b: Arcanine|16\/100\n|move|p2a: Gholdengo|Shadow Ball|p1b: Gholdengo\n|-supereffective|p1b: Gholdengo\n|-damage|p1b: Gholdengo|0 fnt\n|faint|p1b: Gholdengo\n|-damage|p2a: Gholdengo|70\/100|[from] item: Life Orb\n|\n|upkeep\n|\n|t:|1681678982\n|switch|p1b: Xcalius|Baxcalibur, L50, M|100\/100\n|turn|4\n|\n|t:|1681678996\n|move|p1b: Xcalius|Protect|p1b: Xcalius\n|-singleturn|p1b: Xcalius|Protect\n|move|p2b: Arcanine|Extreme Speed|p1a: Emo\n|-damage|p1a: Emo|24\/100\n|move|p2a: Gholdengo|Make It Rain|p1b: Xcalius|[spread] p1a\n|-activate|p1b: Xcalius|move: Protect\n|-resisted|p1a: Emo\n|-damage|p1a: Emo|0 fnt\n|-unboost|p2a: Gholdengo|spa|1\n|faint|p1a: Emo\n|-end|p1a: Emo|Protosynthesis|[silent]\n|-damage|p2a: Gholdengo|60\/100|[from] item: Life Orb\n|\n|upkeep\n|\n|t:|1681679007\n|switch|p1a: Saber|Chien-Pao, L50|100\/100\n|-ability|p1a: Saber|Sword of Ruin\n|turn|5\n|\n|t:|1681679018\n|switch|p2b: Tyranitar|Tyranitar, L50, F|100\/100\n|-weather|Sandstorm|[from] ability: Sand Stream|[of] p2b: Tyranitar\n|move|p1a: Saber|Haze|p1a: Saber\n|-clearallboost\n|move|p1b: Xcalius|Glaive Rush|p2a: Gholdengo\n|-damage|p2a: Gholdengo|0 fnt\n|-singlemove|p1b: Xcalius|Glaive Rush|[silent]\n|faint|p2a: Gholdengo\n|-damage|p1b: Xcalius|91\/100|[from] item: Life Orb\n|\n|-weather|Sandstorm|[upkeep]\n|-damage|p1a: Saber|95\/100|[from] Sandstorm\n|-damage|p1b: Xcalius|85\/100|[from] Sandstorm\n|upkeep\n|\n|t:|1681679024\n|switch|p2a: Arcanine|Arcanine, L50, F|16\/100\n|-ability|p2a: Arcanine|Intimidate|boost\n|-unboost|p1a: Saber|atk|1\n|-unboost|p1b: Xcalius|atk|1\n|turn|6\n|\n|t:|1681679044\n|move|p1a: Saber|Haze|p1a: Saber\n|-clearallboost\n|move|p2a: Arcanine|Flare Blitz|p1a: Saber\n|-supereffective|p1a: Saber\n|-damage|p1a: Saber|0 fnt\n|faint|p1a: Saber\n|-damage|p2a: Arcanine|0 fnt|[from] Recoil\n|faint|p2a: Arcanine\n|move|p1b: Xcalius|Earthquake|p2b: Tyranitar\n|-supereffective|p2b: Tyranitar\n|-damage|p2b: Tyranitar|15\/100\n|-damage|p1b: Xcalius|75\/100|[from] item: Life Orb\n|move|p2b: Tyranitar|Rock Slide|p1b: Xcalius\n|-supereffective|p1b: Xcalius\n|-damage|p1b: Xcalius|0 fnt\n|faint|p1b: Xcalius\n|\n|win|That_Leek\n|raw|lvlvlvlv's rating: 1351 → 1329<\/strong> (-22 for losing)\n|raw|That_Leek's rating: 1311 → 1333<\/strong> (+22 for winning)\n|l|\u2606That_Leek\n|l|\u2606lvlvlvlv\n|j|\u2606That_Leek\n|player|p2|That_Leek|blue\n","uploadtime":1681679059,"views":8,"p1id":"lvlvlvlv","p2id":"thatleek","formatid":"gen9vgc2023regulationc","rating":1329,"private":0,"password":""}