{"id":"gen9vgc2023regulationc-1854341699","p1":"Somerandoguylol","p2":"blastoise_vossi","format":"[Gen 9] VGC 2023 Regulation C","log":"|j|\u2606Somerandoguylol\n|j|\u2606blastoise_vossi\n|t:|1682799102\n|gametype|doubles\n|player|p1|Somerandoguylol|wallace|\n|player|p2|blastoise_vossi|veteran|\n|teamsize|p1|6\n|teamsize|p2|6\n|gen|9\n|tier|[Gen 9] VGC 2023 Regulation C\n|rated|Tournament battle\n|rule|Species Clause: Limit one of each Pok\u00e9mon\n|rule|Item Clause: Limit one of each item\n|clearpoke\n|poke|p1|Rabsca, L50, F|\n|poke|p1|Armarouge, L50, M|\n|poke|p1|Indeedee-F, L50, F|\n|poke|p1|Hatterene, L50, F|\n|poke|p1|Torkoal, L50, F|\n|poke|p1|Iron Hands, L50|\n|poke|p2|Talonflame, L50, M|\n|poke|p2|Great Tusk, L50|\n|poke|p2|Chien-Pao, L50|\n|poke|p2|Kingambit, L50, M|\n|poke|p2|Flutter Mane, L50|\n|poke|p2|Gastrodon, L50, M|\n|teampreview|4\n|raw| Open Team Sheet for Somerandoguylol<\/summary>bug will shine (Rabsca) @ Focus Sash Ability: Synchronize Level: 50 Tera Type: Steel - Revival Blessing - Psychic - Rest - Sleep Talk magicians red (Armarouge) @ Life Orb Ability: Flash Fire Level: 50 Tera Type: Psychic - Expanding Force - Armor Cannon - Protect - Trick Room f (Indeedee-F) (F) @ Psychic Seed Ability: Psychic Surge Level: 50 Tera Type: Fairy - Follow Me - Trick Room - Dazzling Gleam - Protect Hatt (Hatterene) (F) @ Aguav Berry Ability: Magic Bounce Level: 50 Tera Type: Steel - Trick Room - Protect - Dazzling Gleam - Heal Pulse Turtle (Torkoal) @ Charcoal Ability: Drought Level: 50 Tera Type: Fire - Eruption - Flamethrower - Earth Power - Protect Iron Hands @ Sitrus Berry Ability: Quark Drive Level: 50 Tera Type: Fighting - Wild Charge - Drain Punch - Fake Out - Protect <\/details><\/div> Open Team Sheet for blastoise_vossi<\/summary>Talonflame @ Sharp Beak Ability: Gale Wings Level: 50 Shiny: Yes Tera Type: Ghost - Brave Bird - Tailwind - Will-O-Wisp - Taunt Great Tusk @ Choice Scarf Ability: Protosynthesis Level: 50 Hidden Power: Fighting Tera Type: Steel - Headlong Rush - Earthquake - Rock Slide - Close Combat Chien-Pao @ Focus Sash Ability: Sword of Ruin Level: 50 Tera Type: Flying - Ice Spinner - Sucker Punch - Haze - Protect Kingambit @ Assault Vest Ability: Defiant Level: 50 Shiny: Yes Tera Type: Flying - Sucker Punch - Kowtow Cleave - Iron Head - Tera Blast Flutter Mane @ Choice Specs Ability: Protosynthesis Level: 50 Tera Type: Water - Moonblast - Dazzling Gleam - Shadow Ball - Thunderbolt Gastrodon @ Covert Cloak Ability: Storm Drain Level: 50 Shiny: Yes Tera Type: Fire - Ice Beam - Earth Power - Yawn - Protect <\/details><\/div>\n|j| Bakonlikescufant\n|c|\u2606Somerandoguylol|will rabsca prevail again\n|c|\u2606Somerandoguylol|glhf\n|c|\u2606blastoise_vossi|u2\n|c| Bakonlikescufant|Why is hatt torkoal common\n|j| ZeFeGno\n|c|\u2606Somerandoguylol|idk I just like tork\n|c|\u2606Somerandoguylol|hatt best setter\n|c|\u2606Somerandoguylol|of tr\n|\n|t:|1682799171\n|start\n|switch|p1a: Hatt|Hatterene, L50, F|100\/100\n|switch|p1b: Iron Hands|Iron Hands, L50|100\/100\n|switch|p2a: Chien-Pao|Chien-Pao, L50|100\/100\n|switch|p2b: Gastrodon|Gastrodon, L50, M, shiny|100\/100\n|-ability|p2a: Chien-Pao|Sword of Ruin\n|turn|1\n|\n|t:|1682799187\n|move|p2a: Chien-Pao|Protect|p2a: Chien-Pao\n|-singleturn|p2a: Chien-Pao|Protect\n|move|p1a: Hatt|Protect|p1a: Hatt\n|-singleturn|p1a: Hatt|Protect\n|move|p2b: Gastrodon|Yawn|p1b: Iron Hands\n|-start|p1b: Iron Hands|move: Yawn|[of] p2b: Gastrodon\n|move|p1b: Iron Hands|Drain Punch|p2a: Chien-Pao\n|-activate|p2a: Chien-Pao|move: Protect\n|\n|upkeep\n|turn|2\n|\n|t:|1682799201\n|-end|p1b: Iron Hands|Quark Drive|[silent]\n|switch|p1b: Turtle|Torkoal, L50, F|100\/100\n|-weather|SunnyDay|[from] ability: Drought|[of] p1b: Turtle\n|move|p2a: Chien-Pao|Ice Spinner|p1a: Hatt\n|-damage|p1a: Hatt|46\/100\n|move|p2b: Gastrodon|Earth Power|p1a: Hatt\n|-damage|p1a: Hatt|14\/100\n|-enditem|p1a: Hatt|Aguav Berry|[eat]\n|-heal|p1a: Hatt|48\/100|[from] item: Aguav Berry\n|move|p1a: Hatt|Trick Room|p1a: Hatt\n|-fieldstart|move: Trick Room|[of] p1a: Hatt\n|\n|-weather|SunnyDay|[upkeep]\n|upkeep\n|turn|3\n|\n|t:|1682799223\n|-terastallize|p2b: Gastrodon|Fire\n|move|p1b: Turtle|Protect|p1b: Turtle\n|-singleturn|p1b: Turtle|Protect\n|move|p2a: Chien-Pao|Sucker Punch||[still]\n|-fail|p2a: Chien-Pao\n|move|p1a: Hatt|Dazzling Gleam|p2a: Chien-Pao|[spread] p2a,p2b\n|-supereffective|p2a: Chien-Pao\n|-resisted|p2b: Gastrodon\n|-damage|p2a: Chien-Pao|15\/100\n|-damage|p2b: Gastrodon|89\/100\n|move|p2b: Gastrodon|Earth Power|p1b: Turtle\n|-activate|p1b: Turtle|move: Protect\n|\n|-weather|SunnyDay|[upkeep]\n|upkeep\n|turn|4\n|\n|t:|1682799243\n|switch|p1b: bug will shine|Rabsca, L50, F|100\/100\n|move|p2a: Chien-Pao|Sucker Punch|p1a: Hatt\n|-damage|p1a: Hatt|0 fnt\n|faint|p1a: Hatt\n|move|p2b: Gastrodon|Earth Power|p1b: bug will shine\n|-resisted|p1b: bug will shine\n|-damage|p1b: bug will shine|87\/100\n|\n|-weather|SunnyDay|[upkeep]\n|upkeep\n|c| Bakonlikescufant|Srsly why hatt\n|\n|t:|1682799252\n|switch|p1a: Turtle|Torkoal, L50, F|100\/100\n|turn|5\n|c|\u2606Somerandoguylol|hatt best tr setter\n|\n|t:|1682799270\n|move|p1a: Turtle|Protect|p1a: Turtle\n|-singleturn|p1a: Turtle|Protect\n|move|p2a: Chien-Pao|Protect|p2a: Chien-Pao\n|-singleturn|p2a: Chien-Pao|Protect\n|move|p1b: bug will shine|Revival Blessing|p1b: bug will shine\n|c| Bakonlikescufant|Ig\n|\n|t:|1682799276\n|-heal|p1: Hatt|50\/100|[from] move: Revival Blessing\n|move|p2b: Gastrodon|Earth Power|p1a: Turtle\n|-activate|p1a: Turtle|move: Protect\n|\n|-weather|SunnyDay|[upkeep]\n|upkeep\n|turn|6\n|l| ZeFeGno\n|\n|t:|1682799290\n|-terastallize|p1a: Turtle|Fire\n|move|p2a: Chien-Pao|Sucker Punch|p1a: Turtle\n|-damage|p1a: Turtle|61\/100\n|move|p1a: Turtle|Eruption|p2a: Chien-Pao|[spread] p2a,p2b\n|-supereffective|p2a: Chien-Pao\n|-resisted|p2b: Gastrodon\n|-damage|p2a: Chien-Pao|0 fnt\n|-damage|p2b: Gastrodon|58\/100\n|faint|p2a: Chien-Pao\n|move|p1b: bug will shine|Rest|p1b: bug will shine\n|-status|p1b: bug will shine|slp|[from] move: Rest\n|-heal|p1b: bug will shine|100\/100 slp|[silent]\n|move|p2b: Gastrodon|Yawn||[still]\n|-fail|p2b: Gastrodon\n|\n|-weather|none\n|-fieldend|move: Trick Room\n|upkeep\n|\n|t:|1682799304\n|switch|p2a: Flutter Mane|Flutter Mane, L50|100\/100\n|turn|7\n|j| The2009Zapdos\n|\n|t:|1682799315\n|move|p2a: Flutter Mane|Shadow Ball|p1b: bug will shine\n|-supereffective|p1b: bug will shine\n|-crit|p1b: bug will shine\n|-enditem|p1b: bug will shine|Focus Sash\n|-damage|p1b: bug will shine|1\/100 slp\n|move|p2b: Gastrodon|Earth Power|p1a: Turtle\n|-supereffective|p1a: Turtle\n|-damage|p1a: Turtle|0 fnt\n|faint|p1a: Turtle\n|cant|p1b: bug will shine|slp\n|move|p1b: bug will shine|Sleep Talk|p1b: bug will shine\n|move|p1b: bug will shine|Psychic|p2a: Flutter Mane|[from]move: Sleep Talk\n|-damage|p2a: Flutter Mane|62\/100\n|\n|upkeep\n|j| FunneeMonkee\n|\n|t:|1682799329\n|switch|p1a: Hatt|Hatterene, L50, F|50\/100\n|turn|8\n|j| Wottl3y\n|\n|t:|1682799338\n|move|p2a: Flutter Mane|Shadow Ball|p1b: bug will shine\n|-supereffective|p1b: bug will shine\n|-damage|p1b: bug will shine|0 fnt\n|faint|p1b: bug will shine\n|move|p2b: Gastrodon|Earth Power|p1a: Hatt\n|-damage|p1a: Hatt|18\/100\n|move|p1a: Hatt|Trick Room|p1a: Hatt\n|-fieldstart|move: Trick Room|[of] p1a: Hatt\n|\n|upkeep\n|\n|t:|1682799342\n|switch|p1b: Iron Hands|Iron Hands, L50|100\/100\n|turn|9\n|l| The2009Zapdos\n|\n|t:|1682799376\n|move|p1a: Hatt|Dazzling Gleam|p2b: Gastrodon|[spread] p2a,p2b\n|-resisted|p2b: Gastrodon\n|-damage|p2a: Flutter Mane|37\/100\n|-damage|p2b: Gastrodon|45\/100\n|move|p1b: Iron Hands|Wild Charge|p2a: Flutter Mane\n|-damage|p2a: Flutter Mane|0 fnt\n|faint|p2a: Flutter Mane\n|-end|p2a: Flutter Mane|Protosynthesis|[silent]\n|-damage|p1b: Iron Hands|96\/100|[from] Recoil\n|move|p2b: Gastrodon|Earth Power|p1a: Hatt\n|-damage|p1a: Hatt|0 fnt\n|faint|p1a: Hatt\n|\n|upkeep\n|\n|t:|1682799385\n|switch|p2a: Kingambit|Kingambit, L50, M, shiny|100\/100\n|turn|10\n|\n|t:|1682799393\n|move|p2a: Kingambit|Sucker Punch|p1b: Iron Hands\n|-resisted|p1b: Iron Hands\n|-damage|p1b: Iron Hands|83\/100\n|move|p1b: Iron Hands|Drain Punch|p2a: Kingambit\n|-supereffective|p2a: Kingambit\n|-damage|p2a: Kingambit|0 fnt\n|-heal|p1b: Iron Hands|100\/100|[from] drain|[of] p2a: Kingambit\n|faint|p2a: Kingambit\n|move|p2b: Gastrodon|Yawn|p1b: Iron Hands\n|-start|p1b: Iron Hands|move: Yawn|[of] p2b: Gastrodon\n|\n|upkeep\n|turn|11\n|\n|t:|1682799400\n|move|p2b: Gastrodon|Protect|p2b: Gastrodon\n|-singleturn|p2b: Gastrodon|Protect\n|move|p1b: Iron Hands|Drain Punch|p2b: Gastrodon\n|-activate|p2b: Gastrodon|move: Protect\n|\n|-end|p1b: Iron Hands|move: Yawn|[silent]\n|-status|p1b: Iron Hands|slp\n|upkeep\n|turn|12\n|\n|t:|1682799405\n|cant|p1b: Iron Hands|slp\n|move|p2b: Gastrodon|Earth Power|p1b: Iron Hands\n|-supereffective|p1b: Iron Hands\n|-damage|p1b: Iron Hands|57\/100 slp\n|\n|-fieldend|move: Trick Room\n|upkeep\n|turn|13\n|l| Bakonlikescufant\n|c|\u2606Somerandoguylol|cmon pls\n|j| Bakonlikescufant\n|c|\u2606Somerandoguylol|no 3 turn sleep\n|\n|t:|1682799417\n|move|p2b: Gastrodon|Earth Power|p1b: Iron Hands\n|-supereffective|p1b: Iron Hands\n|-damage|p1b: Iron Hands|7\/100 slp\n|-enditem|p1b: Iron Hands|Sitrus Berry|[eat]\n|-heal|p1b: Iron Hands|32\/100 slp|[from] item: Sitrus Berry\n|-curestatus|p1b: Iron Hands|slp|[msg]\n|move|p1b: Iron Hands|Drain Punch|p2b: Gastrodon\n|-damage|p2b: Gastrodon|6\/100\n|-heal|p1b: Iron Hands|48\/100|[from] drain|[of] p2b: Gastrodon\n|\n|upkeep\n|turn|14\n|c|\u2606Somerandoguylol|gg\n|\n|t:|1682799427\n|move|p2b: Gastrodon|Earth Power|p1b: Iron Hands\n|-supereffective|p1b: Iron Hands\n|-crit|p1b: Iron Hands\n|-damage|p1b: Iron Hands|0 fnt\n|faint|p1b: Iron Hands\n|-end|p1b: Iron Hands|Quark Drive|[silent]\n|\n|win|blastoise_vossi\n|n|\u2606Somerandoguylol|somerandoguylol\n|n|\u2606blastoise_vossi|blastoisevossi\n|n| FunneeMonkee|funneemonkee\n|n| Wottl3y|wottl3y\n|n| Bakonlikescufant|bakonlikescufant\n|c|\u2606Somerandoguylol|WHAT\n|c|\u2606Somerandoguylol|\u2026.\n|c|\u2606blastoise_vossi|gg\n|c| Bakonlikescufant|Fff\n|l| Bakonlikescufant\n|c|\u2606Somerandoguylol|idk even know if it is a gg anymore\n|c|\u2606blastoise_vossi|come on\n|l|\u2606Somerandoguylol\n|c|\u2606blastoise_vossi|one crit\n|j|\u2606Somerandoguylol\n|player|p1|Somerandoguylol|wallace\n","uploadtime":1682799511,"views":12,"p1id":"somerandoguylol","p2id":"blastoisevossi","formatid":"gen9vgc2023regulationc","rating":0,"private":0,"password":""}