{"id":"gen9vgc2023regulationc-1859516345","p1":"SnomSoCute","p2":"bobby0616","format":"[Gen 9] VGC 2023 Regulation C","log":"|j|\u2606SnomSoCute\n|j|\u2606bobby0616\n|t:|1683534121\n|gametype|doubles\n|player|p1|SnomSoCute|serena-masters3|1500\n|player|p2|bobby0616|preschooler|1497\n|teamsize|p1|6\n|teamsize|p2|6\n|gen|9\n|tier|[Gen 9] VGC 2023 Regulation C\n|rated|\n|rule|Species Clause: Limit one of each Pok\u00e9mon\n|rule|Item Clause: Limit one of each item\n|clearpoke\n|poke|p1|Chi-Yu, L50|\n|poke|p1|Flutter Mane, L50|\n|poke|p1|Roaring Moon, L50|\n|poke|p1|Corviknight, L50, F|\n|poke|p1|Garchomp, L50, M|\n|poke|p1|Klefki, L50, M|\n|poke|p2|Klefki, L50, F|\n|poke|p2|Corviknight, L50, F|\n|poke|p2|Chi-Yu, L50|\n|poke|p2|Flutter Mane, L50|\n|poke|p2|Roaring Moon, L50|\n|poke|p2|Garchomp, L50, F|\n|teampreview|4\n|c|\u2606bobby0616|\u3002\n|c|\u2606SnomSoCute|...\n|inactive|Battle timer is ON: inactive players will automatically lose when time's up. (requested by bobby0616)\n|\n|t:|1683534166\n|start\n|switch|p1a: Klefki|Klefki, L50, M, shiny|100\/100\n|switch|p1b: Chi-Yu|Chi-Yu, L50|100\/100\n|switch|p2a: Chi-Yu|Chi-Yu, L50|100\/100\n|switch|p2b: Flutter Mane|Flutter Mane, L50|100\/100\n|-ability|p1b: Chi-Yu|Beads of Ruin\n|-ability|p2a: Chi-Yu|Beads of Ruin\n|turn|1\n|\n|t:|1683534186\n|-terastallize|p1a: Klefki|Water\n|move|p1a: Klefki|Light Screen|p1a: Klefki\n|-sidestart|p1: SnomSoCute|move: Light Screen\n|move|p2b: Flutter Mane|Thunderbolt|p1a: Klefki\n|-supereffective|p1a: Klefki\n|-damage|p1a: Klefki|30\/100\n|move|p2a: Chi-Yu|Heat Wave|p1a: Klefki|[spread] p1a,p1b\n|-resisted|p1a: Klefki\n|-resisted|p1b: Chi-Yu\n|-damage|p1a: Klefki|10\/100\n|-damage|p1b: Chi-Yu|84\/100\n|-status|p1a: Klefki|brn\n|-damage|p2a: Chi-Yu|91\/100|[from] item: Life Orb\n|move|p1b: Chi-Yu|Heat Wave|p2a: Chi-Yu|[spread] p2a,p2b\n|-resisted|p2a: Chi-Yu\n|-damage|p2a: Chi-Yu|65\/100\n|-damage|p2b: Flutter Mane|34\/100\n|-damage|p1b: Chi-Yu|75\/100|[from] item: Life Orb\n|\n|-damage|p1a: Klefki|4\/100 brn|[from] brn\n|upkeep\n|turn|2\n|inactive|bobby0616 has 30 seconds left.\n|inactive|bobby0616 has 20 seconds left.\n|\n|t:|1683534222\n|-end|p2b: Flutter Mane|Protosynthesis|[silent]\n|switch|p2b: Garchomp|Garchomp, L50, F|100\/100\n|move|p2a: Chi-Yu|Protect|p2a: Chi-Yu\n|-singleturn|p2a: Chi-Yu|Protect\n|move|p1a: Klefki|Thunder Wave|p2b: Garchomp\n|-immune|p2b: Garchomp\n|move|p1b: Chi-Yu|Heat Wave|p2b: Garchomp|[spread] p2b\n|-activate|p2a: Chi-Yu|move: Protect\n|-resisted|p2b: Garchomp\n|-damage|p2b: Garchomp|63\/100\n|-damage|p1b: Chi-Yu|65\/100|[from] item: Life Orb\n|\n|-damage|p1a: Klefki|0 fnt|[from] brn\n|faint|p1a: Klefki\n|upkeep\n|\n|t:|1683534239\n|switch|p1a: Roaring Moon|Roaring Moon, L50, shiny|100\/100\n|-enditem|p1a: Roaring Moon|Booster Energy\n|-activate|p1a: Roaring Moon|ability: Protosynthesis|[fromitem]\n|-start|p1a: Roaring Moon|protosynthesisspe\n|turn|3\n|\n|t:|1683534254\n|switch|p2a: Roaring Moon|Roaring Moon, L50|100\/100\n|-enditem|p2a: Roaring Moon|Booster Energy\n|-activate|p2a: Roaring Moon|ability: Protosynthesis|[fromitem]\n|-start|p2a: Roaring Moon|protosynthesisspe\n|move|p1b: Chi-Yu|Protect|p1b: Chi-Yu\n|-singleturn|p1b: Chi-Yu|Protect\n|move|p1a: Roaring Moon|Acrobatics|p2a: Roaring Moon\n|-damage|p2a: Roaring Moon|53\/100\n|move|p2b: Garchomp|Rock Slide|p1a: Roaring Moon|[spread] p1a\n|-activate|p1b: Chi-Yu|move: Protect\n|-damage|p1a: Roaring Moon|75\/100\n|\n|upkeep\n|turn|4\n|\n|t:|1683534276\n|move|p2a: Roaring Moon|Protect|p2a: Roaring Moon\n|-singleturn|p2a: Roaring Moon|Protect\n|move|p1a: Roaring Moon|Tailwind|p1a: Roaring Moon\n|-sidestart|p1: SnomSoCute|move: Tailwind\n|move|p1b: Chi-Yu|Heat Wave|p2b: Garchomp|[spread] p2b\n|-activate|p2a: Roaring Moon|move: Protect\n|-resisted|p2b: Garchomp\n|-damage|p2b: Garchomp|26\/100\n|-damage|p1b: Chi-Yu|56\/100|[from] item: Life Orb\n|move|p2b: Garchomp|Rock Slide|p1a: Roaring Moon|[spread] p1a,p1b\n|-supereffective|p1b: Chi-Yu\n|-damage|p1a: Roaring Moon|50\/100\n|-damage|p1b: Chi-Yu|0 fnt\n|faint|p1b: Chi-Yu\n|\n|upkeep\n|\n|t:|1683534291\n|switch|p1b: Flutter Mane|Flutter Mane, L50, shiny|100\/100\n|turn|5\n|\n|t:|1683534301\n|-terastallize|p2a: Roaring Moon|Flying\n|move|p1a: Roaring Moon|Acrobatics|p2a: Roaring Moon\n|-damage|p2a: Roaring Moon|6\/100\n|move|p1b: Flutter Mane|Dazzling Gleam|p2a: Roaring Moon|[spread] p2a,p2b\n|-supereffective|p2b: Garchomp\n|-damage|p2a: Roaring Moon|0 fnt\n|-damage|p2b: Garchomp|0 fnt\n|faint|p2a: Roaring Moon\n|-end|p2a: Roaring Moon|Protosynthesis|[silent]\n|faint|p2b: Garchomp\n|\n|upkeep\n|-message|bobby0616 forfeited.\n|\n|win|SnomSoCute\n|raw|SnomSoCute's rating: 1500 → 1520<\/strong> (+20 for winning)\n|raw|bobby0616's rating: 1497 → 1477<\/strong> (-20 for losing)\n|l|\u2606bobby0616\n","uploadtime":1683534319,"views":11,"p1id":"snomsocute","p2id":"bobby0616","formatid":"gen9vgc2023regulationc","rating":1477,"private":0,"password":""}