{"id":"gen9vgc2023regulationc-1863938103","p1":"wackomarko","p2":"Audi A5 sportback","format":"[Gen 9] VGC 2023 Regulation C","log":"|j|\u2606wackomarko\n|j|\u2606Audi A5 sportback\n|t:|1684095532\n|gametype|doubles\n|player|p1|wackomarko|hiker-gen4|1098\n|player|p2|Audi A5 sportback|101|1158\n|teamsize|p1|6\n|teamsize|p2|6\n|gen|9\n|tier|[Gen 9] VGC 2023 Regulation C\n|rated|\n|rule|Species Clause: Limit one of each Pok\u00e9mon\n|rule|Item Clause: Limit one of each item\n|clearpoke\n|poke|p1|Talonflame, L50, M|\n|poke|p1|Amoonguss, L50, F|\n|poke|p1|Flutter Mane, L50|\n|poke|p1|Chien-Pao, L50|\n|poke|p1|Gyarados, L50, M|\n|poke|p1|Dragapult, L50, F|\n|poke|p2|Roaring Moon, L50|\n|poke|p2|Maushold, L50|\n|poke|p2|Annihilape, L50, M|\n|poke|p2|Arcanine, L50, M|\n|poke|p2|Gholdengo, L50|\n|poke|p2|Iron Bundle, L50|\n|teampreview|4\nwackomarko has agreed to open team sheets.\n|\n|t:|1684095571\n|start\n|switch|p1a: Talonflame|Talonflame, L50, M, shiny|100\/100\n|switch|p1b: Dragapult|Dragapult, L50, F, shiny|100\/100\n|switch|p2a: Annihilape|Annihilape, L50, M, shiny|100\/100\n|switch|p2b: Maushold|Maushold, L50, shiny|100\/100\n|turn|1\n|\n|t:|1684095620\n|-terastallize|p2a: Annihilape|Water\n|move|p1b: Dragapult|U-turn|p2b: Maushold\n|-crit|p2b: Maushold\n|-damage|p2b: Maushold|42\/100\n|\n|t:|1684095628\n|switch|p1b: Chien-Pao|Chien-Pao, L50|100\/100|[from] U-turn\n|-ability|p1b: Chien-Pao|Sword of Ruin\n|move|p1a: Talonflame|Taunt|p2b: Maushold\n|-start|p2b: Maushold|move: Taunt\n|move|p2b: Maushold|Beat Up|p2a: Annihilape\n|-damage|p2a: Annihilape|97\/100\n|-damage|p2a: Annihilape|95\/100\n|-damage|p2a: Annihilape|92\/100\n|-damage|p2a: Annihilape|89\/100\n|-hitcount|p2a: Annihilape|4\n|move|p2a: Annihilape|Rage Fist|p1b: Chien-Pao\n|-resisted|p1b: Chien-Pao\n|-damage|p1b: Chien-Pao|19\/100\n|\n|upkeep\n|turn|2\n|\n|t:|1684095654\n|switch|p2b: Arcanine|Arcanine, L50, M, shiny|100\/100\n|-ability|p2b: Arcanine|Intimidate|boost\n|-unboost|p1a: Talonflame|atk|1\n|-unboost|p1b: Chien-Pao|atk|1\n|move|p1b: Chien-Pao|Sucker Punch|p2a: Annihilape\n|-damage|p2a: Annihilape|54\/100\n|move|p1a: Talonflame|Tailwind|p1a: Talonflame\n|-sidestart|p1: wackomarko|move: Tailwind\n|move|p2a: Annihilape|Rage Fist|p1a: Talonflame\n|-damage|p1a: Talonflame|0 fnt\n|faint|p1a: Talonflame\n|\n|upkeep\n|\n|t:|1684095667\n|switch|p1a: Flutter Mane|Flutter Mane, L50, shiny|100\/100\n|turn|3\n|\n|t:|1684095675\n|move|p2b: Arcanine|Extreme Speed|p1b: Chien-Pao\n|-damage|p1b: Chien-Pao|0 fnt\n|faint|p1b: Chien-Pao\n|move|p1a: Flutter Mane|Thunderbolt|p2a: Annihilape\n|-supereffective|p2a: Annihilape\n|-damage|p2a: Annihilape|0 fnt\n|faint|p2a: Annihilape\n|-damage|p1a: Flutter Mane|91\/100|[from] item: Life Orb\n|\n|upkeep\n|\n|t:|1684095686\n|switch|p1b: Dragapult|Dragapult, L50, F, shiny|100\/100\n|switch|p2a: Maushold|Maushold, L50, shiny|42\/100\n|turn|4\n|\n|t:|1684095718\n|-terastallize|p1b: Dragapult|Dragon\n|move|p2a: Maushold|Follow Me|p2a: Maushold\n|-singleturn|p2a: Maushold|move: Follow Me\n|move|p1b: Dragapult|Dragon Darts|p2a: Maushold\n|-damage|p2a: Maushold|0 fnt\n|faint|p2a: Maushold\n|move|p1a: Flutter Mane|Dazzling Gleam|p2b: Arcanine\n|-resisted|p2b: Arcanine\n|-damage|p2b: Arcanine|82\/100\n|-damage|p1a: Flutter Mane|81\/100|[from] item: Life Orb\n|move|p2b: Arcanine|Snarl|p1b: Dragapult|[spread] p1a,p1b\n|-damage|p1a: Flutter Mane|74\/100\n|-damage|p1b: Dragapult|89\/100\n|-unboost|p1a: Flutter Mane|spa|1\n|\n|upkeep\n|\n|t:|1684095734\n|switch|p2a: Gholdengo|Gholdengo, L50|100\/100\n|turn|5\n|\n|t:|1684095742\n|move|p2a: Gholdengo|Protect|p2a: Gholdengo\n|-singleturn|p2a: Gholdengo|Protect\n|move|p1b: Dragapult|Dragon Darts|p2b: Arcanine\n|-damage|p2b: Arcanine|30\/100\n|-anim|p1b: Dragapult|Dragon Darts|p2b: Arcanine\n|-damage|p2b: Arcanine|0 fnt\n|faint|p2b: Arcanine\n|move|p1a: Flutter Mane|Shadow Ball|p2a: Gholdengo\n|-activate|p2a: Gholdengo|move: Protect\n|\n|-sideend|p1: wackomarko|move: Tailwind\n|upkeep\n|turn|6\n|\n|t:|1684095755\n|move|p1b: Dragapult|Dragon Darts|p2a: Gholdengo\n|-resisted|p2a: Gholdengo\n|-damage|p2a: Gholdengo|75\/100\n|-anim|p1b: Dragapult|Dragon Darts|p2a: Gholdengo\n|-resisted|p2a: Gholdengo\n|-damage|p2a: Gholdengo|51\/100\n|move|p1a: Flutter Mane|Shadow Ball|p2a: Gholdengo\n|-supereffective|p2a: Gholdengo\n|-damage|p2a: Gholdengo|0 fnt\n|faint|p2a: Gholdengo\n|-damage|p1a: Flutter Mane|64\/100|[from] item: Life Orb\n|\n|win|wackomarko\n|raw|wackomarko's rating: 1098 → 1128<\/strong> (+30 for winning)\n|raw|Audi A5 sportback's rating: 1158 → 1129<\/strong> (-29 for losing)\n|l|\u2606Audi A5 sportback\n","uploadtime":1684095767,"views":9,"p1id":"wackomarko","p2id":"audia5sportback","formatid":"gen9vgc2023regulationc","rating":1128,"private":0,"password":""}