{"id":"gen9vgc2023regulationc-1863286956","p1":"chueso87","p2":"Arcacagne","format":"[Gen 9] VGC 2023 Regulation C","log":"|j|\u2606chueso87\n|j|\u2606Arcacagne\n|t:|1683998089\n|gametype|doubles\n|player|p1|chueso87|1|1252\n|player|p2|Arcacagne|169|1331\n|teamsize|p1|6\n|teamsize|p2|6\n|gen|9\n|tier|[Gen 9] VGC 2023 Regulation C\n|rated|\n|rule|Species Clause: Limit one of each Pok\u00e9mon\n|rule|Item Clause: Limit one of each item\n|clearpoke\n|poke|p1|Lilligant, L50, F|\n|poke|p1|Torkoal, L50, M|\n|poke|p1|Flutter Mane, L50|\n|poke|p1|Kingambit, L50, M|\n|poke|p1|Dragonite, L50, M|\n|poke|p1|Great Tusk, L50|\n|poke|p2|Chi-Yu, L50|\n|poke|p2|Flutter Mane, L50|\n|poke|p2|Amoonguss, L50, M|\n|poke|p2|Ting-Lu, L50|\n|poke|p2|Iron Hands, L50|\n|poke|p2|Gyarados, L50, M|\n|teampreview|4\n|inactive|Battle timer is ON: inactive players will automatically lose when time's up. (requested by chueso87)\nchueso87 rejected open team sheets.\n|inactive|chueso87 has 60 seconds left.\n|\n|t:|1683998134\n|start\n|switch|p1a: Lilligant|Lilligant, L50, F, shiny|100\/100\n|switch|p1b: Torkoal|Torkoal, L50, M, shiny|100\/100\n|switch|p2a: Ting-Lu|Ting-Lu, L50|100\/100\n|switch|p2b: Iron Hands|Iron Hands, L50|100\/100\n|-ability|p2a: Ting-Lu|Vessel of Ruin\n|-weather|SunnyDay|[from] ability: Drought|[of] p1b: Torkoal\n|turn|1\n|inactive|Arcacagne has 30 seconds left.\n|\n|t:|1683998161\n|switch|p2a: Gyarados|Gyarados, L50, M|100\/100\n|-ability|p2a: Gyarados|Intimidate|boost\n|-unboost|p1a: Lilligant|atk|1\n|-unboost|p1b: Torkoal|atk|1\n|move|p1b: Torkoal|Protect|p1b: Torkoal\n|-singleturn|p1b: Torkoal|Protect\n|move|p1a: Lilligant|Sleep Powder|p2a: Gyarados\n|-activate|p2a: Gyarados|item: Safety Goggles|Sleep Powder\n|move|p2b: Iron Hands|Drain Punch|p1b: Torkoal\n|-activate|p1b: Torkoal|move: Protect\n|\n|-weather|SunnyDay|[upkeep]\n|upkeep\n|turn|2\n|\n|t:|1683998184\n|move|p1a: Lilligant|Leaf Storm|p2a: Gyarados\n|-damage|p2a: Gyarados|53\/100\n|-unboost|p1a: Lilligant|spa|2\n|move|p2a: Gyarados|Thunder Wave|p1a: Lilligant\n|-status|p1a: Lilligant|par\n|move|p2b: Iron Hands|Drain Punch|p1b: Torkoal\n|-damage|p1b: Torkoal|73\/100\n|move|p1b: Torkoal|Earth Power|p2b: Iron Hands\n|-supereffective|p2b: Iron Hands\n|-damage|p2b: Iron Hands|69\/100\n|\n|-weather|SunnyDay|[upkeep]\n|upkeep\n|turn|3\n|inactive|chueso87 has 30 seconds left.\n|\n|t:|1683998211\n|move|p1a: Lilligant|Sleep Powder|p2b: Iron Hands\n|-status|p2b: Iron Hands|slp|[from] move: Sleep Powder\n|-enditem|p2b: Iron Hands|Lum Berry|[eat]\n|-curestatus|p2b: Iron Hands|slp|[msg]\n|move|p2a: Gyarados|Waterfall|p1b: Torkoal\n|-supereffective|p1b: Torkoal\n|-damage|p1b: Torkoal|46\/100\n|move|p2b: Iron Hands|Swords Dance|p2b: Iron Hands\n|-boost|p2b: Iron Hands|atk|2\n|move|p1b: Torkoal|Earth Power|p2b: Iron Hands\n|-supereffective|p2b: Iron Hands\n|-damage|p2b: Iron Hands|34\/100\n|\n|-weather|SunnyDay|[upkeep]\n|upkeep\n|turn|4\n|\n|t:|1683998233\n|cant|p1a: Lilligant|par\n|move|p2a: Gyarados|Taunt|p1a: Lilligant\n|-start|p1a: Lilligant|move: Taunt\n|move|p2b: Iron Hands|Drain Punch|p1b: Torkoal\n|-damage|p1b: Torkoal|0 fnt\n|-heal|p2b: Iron Hands|51\/100|[from] drain|[of] p1b: Torkoal\n|faint|p1b: Torkoal\n|\n|-weather|SunnyDay|[upkeep]\n|upkeep\n|\n|t:|1683998246\n|switch|p1b: Flutter Mane|Flutter Mane, L50, shiny|100\/100\n|-activate|p1b: Flutter Mane|ability: Protosynthesis\n|-start|p1b: Flutter Mane|protosynthesisspa\n|turn|5\n|\n|t:|1683998265\n|-terastallize|p2b: Iron Hands|Grass\n|move|p1b: Flutter Mane|Dazzling Gleam|p2a: Gyarados|[spread] p2a,p2b\n|-damage|p2a: Gyarados|0 fnt\n|-damage|p2b: Iron Hands|4\/100\n|faint|p2a: Gyarados\n|move|p1a: Lilligant|Leaf Storm|p2b: Iron Hands|[miss]\n|-miss|p1a: Lilligant|p2b: Iron Hands\n|move|p2b: Iron Hands|Drain Punch|p1a: Lilligant\n|-enditem|p1a: Lilligant|Focus Sash\n|-damage|p1a: Lilligant|1\/100 par\n|-heal|p2b: Iron Hands|33\/100|[from] drain|[of] p1a: Lilligant\n|\n|-weather|none\n|-end|p1b: Flutter Mane|Protosynthesis\n|upkeep\n|\n|t:|1683998280\n|switch|p2a: Chi-Yu|Chi-Yu, L50|100\/100\n|-ability|p2a: Chi-Yu|Beads of Ruin\n|turn|6\n|\n|t:|1683998290\n|move|p1b: Flutter Mane|Dazzling Gleam|p2b: Iron Hands|[spread] p2a,p2b\n|-damage|p2a: Chi-Yu|45\/100\n|-damage|p2b: Iron Hands|0 fnt\n|faint|p2b: Iron Hands\n|-end|p2b: Iron Hands|Quark Drive|[silent]\n|move|p2a: Chi-Yu|Heat Wave|p1a: Lilligant|[spread] p1a,p1b\n|-supereffective|p1a: Lilligant\n|-damage|p1a: Lilligant|0 fnt\n|-damage|p1b: Flutter Mane|48\/100\n|faint|p1a: Lilligant\n|\n|upkeep\n|\n|t:|1683998299\n|switch|p1a: Kingambit|Kingambit, L50, M, shiny|100\/100\n|switch|p2b: Ting-Lu|Ting-Lu, L50|100\/100\n|-ability|p2b: Ting-Lu|Vessel of Ruin\n|turn|7\n|\n|t:|1683998315\n|-terastallize|p1a: Kingambit|Fire\n|move|p2a: Chi-Yu|Protect|p2a: Chi-Yu\n|-singleturn|p2a: Chi-Yu|Protect\n|move|p1b: Flutter Mane|Dazzling Gleam|p2a: Chi-Yu|[spread] p2b\n|-activate|p2a: Chi-Yu|move: Protect\n|-supereffective|p2b: Ting-Lu\n|-damage|p2b: Ting-Lu|30\/100\n|move|p2b: Ting-Lu|Earthquake|p1a: Kingambit|[spread] p1a,p1b\n|-activate|p2a: Chi-Yu|move: Protect\n|-supereffective|p1a: Kingambit\n|-crit|p1a: Kingambit\n|-damage|p1a: Kingambit|0 fnt\n|-damage|p1b: Flutter Mane|0 fnt\n|faint|p1a: Kingambit\n|faint|p1b: Flutter Mane\n|-end|p1b: Flutter Mane|Protosynthesis|[silent]\n|\n|win|Arcacagne\n|raw|chueso87's rating: 1252 → 1233<\/strong> (-19 for losing)\n|raw|Arcacagne's rating: 1331 → 1347<\/strong> (+16 for winning)\n","uploadtime":1683998332,"views":5,"p1id":"chueso87","p2id":"arcacagne","formatid":"gen9vgc2023regulationc","rating":1233,"private":0,"password":""}