{"id":"gen9vgc2023regulationc-1850997277","p1":"Zardycoolers","p2":"VgcGanon","format":"[Gen 9] VGC 2023 Regulation C","log":"|j|\u2606Zardycoolers\n|j|\u2606VgcGanon\n|t:|1682391859\n|gametype|doubles\n|player|p1|Zardycoolers|265|1000\n|player|p2|VgcGanon|2|1064\n|teamsize|p1|6\n|teamsize|p2|6\n|gen|9\n|tier|[Gen 9] VGC 2023 Regulation C\n|rated|\n|rule|Species Clause: Limit one of each Pok\u00e9mon\n|rule|Item Clause: Limit one of each item\n|clearpoke\n|poke|p1|Ceruledge, L50, M|\n|poke|p1|Great Tusk, L50|\n|poke|p1|Iron Bundle, L50|\n|poke|p1|Chien-Pao, L50|\n|poke|p1|Dragonite, L50, M|\n|poke|p1|Maushold-Four, L50|\n|poke|p2|Goodra, L50, F|\n|poke|p2|Pelipper, L50, M|\n|poke|p2|Tinkaton, L50, F|\n|poke|p2|Ting-Lu, L50|\n|poke|p2|Indeedee-F, L50, F|\n|poke|p2|Annihilape, L50, M|\n|teampreview|4\nZardycoolers has agreed to open team sheets.\n|\n|t:|1682391882\n|start\n|switch|p1a: Iron Bundle|Iron Bundle, L50|100\/100\n|switch|p1b: Maushold|Maushold-Four, L50|100\/100\n|switch|p2a: Goodra|Goodra, L50, F|100\/100\n|switch|p2b: Pelipper|Pelipper, L50, M|100\/100\n|-weather|RainDance|[from] ability: Drizzle|[of] p2b: Pelipper\n|-enditem|p1a: Iron Bundle|Booster Energy\n|-activate|p1a: Iron Bundle|ability: Quark Drive|[fromitem]\n|-start|p1a: Iron Bundle|quarkdrivespe\n|turn|1\n|\n|t:|1682391904\n|switch|p2b: Annihilape|Annihilape, L50, M, shiny|100\/100\n|move|p1b: Maushold|Follow Me|p1b: Maushold\n|-singleturn|p1b: Maushold|move: Follow Me\n|move|p1a: Iron Bundle|Freeze-Dry|p2b: Annihilape\n|-damage|p2b: Annihilape|62\/100\n|move|p2a: Goodra|Thunder|p1b: Maushold\n|-damage|p1b: Maushold|50\/100\n|-status|p1b: Maushold|par\n|-enditem|p1b: Maushold|Sitrus Berry|[eat]\n|-heal|p1b: Maushold|75\/100 par|[from] item: Sitrus Berry\n|\n|-weather|RainDance|[upkeep]\n|upkeep\n|turn|2\n|\n|t:|1682391928\n|move|p2b: Annihilape|Protect|p2b: Annihilape\n|-singleturn|p2b: Annihilape|Protect\n|move|p1b: Maushold|Baby-Doll Eyes|p2b: Annihilape\n|-activate|p2b: Annihilape|move: Protect\n|move|p1a: Iron Bundle|Icy Wind|p2b: Annihilape|[spread] p2a\n|-activate|p2b: Annihilape|move: Protect\n|-supereffective|p2a: Goodra\n|-damage|p2a: Goodra|73\/100\n|-unboost|p2a: Goodra|spe|1\n|move|p2a: Goodra|Thunder|p1b: Maushold\n|-damage|p1b: Maushold|29\/100 par\n|-heal|p2a: Goodra|78\/100|[from] item: Shell Bell|[of] p1b: Maushold\n|\n|-weather|RainDance|[upkeep]\n|upkeep\n|turn|3\n|\n|t:|1682391964\n|switch|p2b: Pelipper|Pelipper, L50, M|100\/100\n|move|p1b: Maushold|Baby-Doll Eyes|p2b: Pelipper\n|-unboost|p2b: Pelipper|atk|1\n|move|p1a: Iron Bundle|Icy Wind|p2b: Pelipper|[spread] p2a\n|-miss|p1a: Iron Bundle|p2b: Pelipper\n|-supereffective|p2a: Goodra\n|-damage|p2a: Goodra|47\/100\n|-unboost|p2a: Goodra|spe|1\n|move|p2a: Goodra|Thunder|p1a: Iron Bundle\n|-supereffective|p1a: Iron Bundle\n|-damage|p1a: Iron Bundle|0 fnt\n|faint|p1a: Iron Bundle\n|-end|p1a: Iron Bundle|Quark Drive|[silent]\n|-heal|p2a: Goodra|56\/100|[from] item: Shell Bell|[of] p1: Iron Bundle\n|\n|-weather|RainDance|[upkeep]\n|upkeep\n|\n|t:|1682391984\n|switch|p1a: Dragonite|Dragonite, L50, M|100\/100\n|turn|4\n|\n|t:|1682392005\n|switch|p2a: Indeedee|Indeedee-F, L50, F|100\/100\n|-fieldstart|move: Psychic Terrain|[from] ability: Psychic Surge|[of] p2a: Indeedee\n|-enditem|p2a: Indeedee|Psychic Seed\n|-boost|p2a: Indeedee|spd|1|[from] item: Psychic Seed\n|move|p1a: Dragonite|Dragon Dance|p1a: Dragonite\n|-boost|p1a: Dragonite|atk|1\n|-boost|p1a: Dragonite|spe|1\n|move|p1b: Maushold|Super Fang|p2b: Pelipper\n|-damage|p2b: Pelipper|51\/100\n|move|p2b: Pelipper|Ice Beam|p1a: Dragonite\n|-supereffective|p1a: Dragonite\n|-damage|p1a: Dragonite|52\/100\n|\n|-weather|RainDance|[upkeep]\n|-heal|p2b: Pelipper|57\/100|[from] item: Leftovers\n|upkeep\n|turn|5\n|\n|t:|1682392042\n|move|p2a: Indeedee|Follow Me|p2a: Indeedee\n|-singleturn|p2a: Indeedee|move: Follow Me\n|move|p1b: Maushold|Follow Me|p1b: Maushold\n|-singleturn|p1b: Maushold|move: Follow Me\n|move|p1a: Dragonite|Dragon Claw|p2a: Indeedee\n|-damage|p2a: Indeedee|0 fnt\n|faint|p2a: Indeedee\n|move|p2b: Pelipper|Ice Beam|p1b: Maushold\n|-damage|p1b: Maushold|0 fnt\n|faint|p1b: Maushold\n|\n|-weather|none\n|-heal|p2b: Pelipper|63\/100|[from] item: Leftovers\n|upkeep\n|\n|t:|1682392060\n|switch|p1b: Ceruledge|Ceruledge, L50, M|100\/100\n|switch|p2a: Goodra|Goodra, L50, F|56\/100\n|turn|6\n|\n|t:|1682392077\n|move|p2a: Goodra|Protect|p2a: Goodra\n|-singleturn|p2a: Goodra|Protect\n|move|p1b: Ceruledge|Protect|p1b: Ceruledge\n|-singleturn|p1b: Ceruledge|Protect\n|move|p1a: Dragonite|Dragon Claw|p2a: Goodra\n|-activate|p2a: Goodra|move: Protect\n|move|p2b: Pelipper|Hydro Pump|p1b: Ceruledge\n|-activate|p1b: Ceruledge|move: Protect\n|\n|-heal|p2b: Pelipper|69\/100|[from] item: Leftovers\n|upkeep\n|turn|7\n|\n|t:|1682392102\n|switch|p2a: Annihilape|Annihilape, L50, M, shiny|62\/100\n|-terastallize|p1b: Ceruledge|Steel\n|move|p1a: Dragonite|Dragon Dance|p1a: Dragonite\n|-boost|p1a: Dragonite|atk|1\n|-boost|p1a: Dragonite|spe|1\n|move|p1b: Ceruledge|Bulk Up|p1b: Ceruledge\n|-boost|p1b: Ceruledge|atk|1\n|-boost|p1b: Ceruledge|def|1\n|move|p2b: Pelipper|Tailwind|p2b: Pelipper\n|-sidestart|p2: VgcGanon|move: Tailwind\n|\n|-heal|p2b: Pelipper|75\/100|[from] item: Leftovers\n|upkeep\n|turn|8\n|\n|t:|1682392135\n|move|p1b: Ceruledge|Protect|p1b: Ceruledge\n|-singleturn|p1b: Ceruledge|Protect\n|move|p2a: Annihilape|Close Combat|p1b: Ceruledge\n|-activate|p1b: Ceruledge|move: Protect\n|move|p1a: Dragonite|Dragon Claw|p2a: Annihilape\n|-damage|p2a: Annihilape|0 fnt\n|faint|p2a: Annihilape\n|move|p2b: Pelipper|Ice Beam|p1a: Dragonite\n|-supereffective|p1a: Dragonite\n|-damage|p1a: Dragonite|0 fnt\n|faint|p1a: Dragonite\n|\n|-heal|p2b: Pelipper|81\/100|[from] item: Leftovers\n|-fieldend|move: Psychic Terrain\n|upkeep\n|\n|t:|1682392152\n|switch|p2a: Goodra|Goodra, L50, F|56\/100\n|turn|9\n|\n|t:|1682392168\n|move|p2a: Goodra|Draco Meteor|p1b: Ceruledge\n|-resisted|p1b: Ceruledge\n|-damage|p1b: Ceruledge|73\/100\n|-unboost|p2a: Goodra|spa|2\n|-heal|p2a: Goodra|60\/100|[from] item: Shell Bell|[of] p1b: Ceruledge\n|move|p2b: Pelipper|Hydro Pump|p1b: Ceruledge|[miss]\n|-miss|p2b: Pelipper|p1b: Ceruledge\n|move|p1b: Ceruledge|Bulk Up|p1b: Ceruledge\n|-boost|p1b: Ceruledge|atk|1\n|-boost|p1b: Ceruledge|def|1\n|\n|-heal|p2b: Pelipper|87\/100|[from] item: Leftovers\n|upkeep\n|turn|10\n|\n|t:|1682392194\n|move|p2a: Goodra|Acid Spray|p1b: Ceruledge\n|-immune|p1b: Ceruledge\n|move|p2b: Pelipper|Ice Beam|p1b: Ceruledge\n|-resisted|p1b: Ceruledge\n|-damage|p1b: Ceruledge|62\/100\n|move|p1b: Ceruledge|Bitter Blade|p2a: Goodra\n|-resisted|p2a: Goodra\n|-damage|p2a: Goodra|6\/100\n|-heal|p1b: Ceruledge|89\/100|[from] drain|[of] p2a: Goodra\n|\n|-heal|p2b: Pelipper|93\/100|[from] item: Leftovers\n|-sideend|p2: VgcGanon|move: Tailwind\n|upkeep\n|turn|11\n|\n|t:|1682392220\n|move|p1b: Ceruledge|Shadow Sneak|p2a: Goodra\n|-damage|p2a: Goodra|0 fnt\n|faint|p2a: Goodra\n|move|p2b: Pelipper|Hydro Pump|p1b: Ceruledge\n|-damage|p1b: Ceruledge|47\/100\n|\n|-heal|p2b: Pelipper|99\/100|[from] item: Leftovers\n|upkeep\n|turn|12\n|\n|t:|1682392233\n|move|p1b: Ceruledge|Shadow Sneak|p2b: Pelipper\n|-damage|p2b: Pelipper|56\/100\n|move|p2b: Pelipper|Hydro Pump|p1b: Ceruledge\n|-damage|p1b: Ceruledge|2\/100\n|\n|-heal|p2b: Pelipper|62\/100|[from] item: Leftovers\n|upkeep\n|turn|13\n|\n|t:|1682392242\n|move|p1b: Ceruledge|Bitter Blade|p2b: Pelipper\n|-resisted|p2b: Pelipper\n|-damage|p2b: Pelipper|16\/100\n|-heal|p1b: Ceruledge|23\/100|[from] drain|[of] p2b: Pelipper\n|move|p2b: Pelipper|Ice Beam|p1b: Ceruledge\n|-resisted|p1b: Ceruledge\n|-damage|p1b: Ceruledge|12\/100\n|\n|-heal|p2b: Pelipper|22\/100|[from] item: Leftovers\n|upkeep\n|turn|14\n|\n|t:|1682392254\n|move|p1b: Ceruledge|Shadow Sneak|p2b: Pelipper\n|-damage|p2b: Pelipper|0 fnt\n|faint|p2b: Pelipper\n|\n|win|Zardycoolers\n|raw|Zardycoolers's rating: 1000 → 1047<\/strong> (+47 for winning)\n|raw|VgcGanon's rating: 1064 → 1041<\/strong> (-23 for losing)\n|c|\u2606Zardycoolers|gg\n|l|\u2606VgcGanon\n","uploadtime":1682392267,"views":7,"p1id":"zardycoolers","p2id":"vgcganon","formatid":"gen9vgc2023regulationc","rating":1041,"private":0,"password":""}