{"id":"gen9vgc2023regulationc-1859239695","p1":"Charlisito","p2":"Jesuskray03","format":"[Gen 9] VGC 2023 Regulation C","log":"|j|\u2606Charlisito\n|j|\u2606Jesuskray03\n|t:|1683422428\n|gametype|doubles\n|player|p1|Charlisito|101|1418\n|player|p2|Jesuskray03|lucas-gen4pt|1268\n|teamsize|p1|6\n|teamsize|p2|6\n|gen|9\n|tier|[Gen 9] VGC 2023 Regulation C\n|rated|\n|rule|Species Clause: Limit one of each Pok\u00e9mon\n|rule|Item Clause: Limit one of each item\n|clearpoke\n|poke|p1|Bellibolt, L50, F|\n|poke|p1|Palafin, L50, M|\n|poke|p1|Arcanine, L50, M|\n|poke|p1|Amoonguss, L50, M|\n|poke|p1|Flutter Mane, L50|\n|poke|p1|Ting-Lu, L50|\n|poke|p2|Luxray, L50, M|\n|poke|p2|Murkrow, L50, F|\n|poke|p2|Gholdengo, L50|\n|poke|p2|Scizor, L50, M|\n|poke|p2|Hydreigon, L50, M|\n|poke|p2|Maushold, L50|\n|teampreview|4\n|\n|t:|1683422476\n|start\n|switch|p1a: Bellibolt|Bellibolt, L50, F|100\/100\n|switch|p1b: Palafin|Palafin, L50, M|100\/100\n|switch|p2a: Hydreigon|Hydreigon, L50, M|100\/100\n|switch|p2b: Scizor|Scizor, L50, M|100\/100\n|turn|1\n|\n|t:|1683422505\n|detailschange|p1b: Palafin|Palafin-Hero, L50, M\n|switch|p1b: Arcanine|Arcanine, L50, M|100\/100\n|-ability|p1b: Arcanine|Intimidate|boost\n|-unboost|p2a: Hydreigon|atk|1\n|-unboost|p2b: Scizor|atk|1\n|move|p2a: Hydreigon|Draco Meteor|p1a: Bellibolt|[miss]\n|-miss|p2a: Hydreigon|p1a: Bellibolt\n|move|p2b: Scizor|U-turn|p1a: Bellibolt\n|-damage|p1a: Bellibolt|78\/100\n|-start|p1a: Bellibolt|Charge|U-turn|[from] ability: Electromorphosis\n|\n|t:|1683422513\n|switch|p2b: Luxray|Luxray, L50, M, shiny|100\/100|[from] U-turn\n|move|p1a: Bellibolt|Volt Switch|p2a: Hydreigon\n|-resisted|p2a: Hydreigon\n|-damage|p2a: Hydreigon|68\/100\n|-end|p1a: Bellibolt|Charge|[silent]\n|\n|t:|1683422525\n|switch|p1a: Amoonguss|Amoonguss, L50, M|100\/100|[from] Volt Switch\n|\n|-status|p2b: Luxray|brn|[from] item: Flame Orb\n|upkeep\n|turn|2\n|\n|t:|1683422541\n|move|p2a: Hydreigon|Heat Wave|p1a: Amoonguss|[spread] p1a,p1b\n|-supereffective|p1a: Amoonguss\n|-resisted|p1b: Arcanine\n|-damage|p1a: Amoonguss|60\/100\n|-damage|p1b: Arcanine|87\/100\n|move|p1b: Arcanine|Flare Blitz|p2b: Luxray\n|-damage|p2b: Luxray|42\/100 brn\n|-damage|p1b: Arcanine|70\/100|[from] Recoil\n|move|p2b: Luxray|Psychic Fangs|p1a: Amoonguss\n|-supereffective|p1a: Amoonguss\n|-crit|p1a: Amoonguss\n|-damage|p1a: Amoonguss|0 fnt\n|faint|p1a: Amoonguss\n|\n|-damage|p2b: Luxray|36\/100 brn|[from] brn\n|upkeep\n|\n|t:|1683422546\n|switch|p1a: Palafin|Palafin-Hero, L50, M|100\/100\n|-activate|p1a: Palafin|ability: Zero to Hero\n|turn|3\n|\n|t:|1683422559\n|switch|p1b: Bellibolt|Bellibolt, L50, F|78\/100\n|move|p2b: Luxray|Protect|p2b: Luxray\n|-singleturn|p2b: Luxray|Protect\n|move|p1a: Palafin|Jet Punch|p2b: Luxray\n|-activate|p2b: Luxray|move: Protect\n|move|p2a: Hydreigon|Draco Meteor|p1a: Palafin\n|-damage|p1a: Palafin|35\/100\n|-unboost|p2a: Hydreigon|spa|2\n|\n|-damage|p2b: Luxray|30\/100 brn|[from] brn\n|upkeep\n|turn|4\n|\n|t:|1683422576\n|move|p1a: Palafin|Protect|p1a: Palafin\n|-singleturn|p1a: Palafin|Protect\n|move|p2b: Luxray|Protect||[still]\n|-fail|p2b: Luxray\n|move|p2a: Hydreigon|Draco Meteor|p1a: Palafin\n|-activate|p1a: Palafin|move: Protect\n|move|p1b: Bellibolt|Parabolic Charge|p2b: Luxray|[spread] p2a,p2b\n|-activate|p1a: Palafin|move: Protect\n|-resisted|p2a: Hydreigon\n|-resisted|p2b: Luxray\n|-damage|p2a: Hydreigon|58\/100\n|-heal|p1b: Bellibolt|82\/100|[from] drain|[of] p2a: Hydreigon\n|-damage|p2b: Luxray|18\/100 brn\n|-heal|p1b: Bellibolt|88\/100|[from] drain|[of] p2b: Luxray\n|\n|-damage|p2b: Luxray|12\/100 brn|[from] brn\n|upkeep\n|turn|5\n|\n|t:|1683422596\n|switch|p2a: Scizor|Scizor, L50, M|100\/100\n|switch|p1a: Arcanine|Arcanine, L50, M|70\/100\n|-ability|p1a: Arcanine|Intimidate|boost\n|-unboost|p2a: Scizor|atk|1\n|-unboost|p2b: Luxray|atk|1\n|move|p2b: Luxray|Protect|p2b: Luxray\n|-singleturn|p2b: Luxray|Protect\n|move|p1b: Bellibolt|Muddy Water|p2b: Luxray|[spread] p2a\n|-activate|p2b: Luxray|move: Protect\n|-damage|p2a: Scizor|80\/100\n|-unboost|p2a: Scizor|accuracy|1\n|\n|-heal|p2a: Scizor|86\/100|[from] item: Leftovers\n|-damage|p2b: Luxray|7\/100 brn|[from] brn\n|upkeep\n|turn|6\n|\n|t:|1683422614\n|switch|p2a: Hydreigon|Hydreigon, L50, M|58\/100\n|move|p1a: Arcanine|Flare Blitz|p2a: Hydreigon\n|-resisted|p2a: Hydreigon\n|-damage|p2a: Hydreigon|31\/100\n|-status|p2a: Hydreigon|brn\n|-damage|p1a: Arcanine|62\/100|[from] Recoil\n|move|p2b: Luxray|Facade|p1b: Bellibolt\n|-damage|p1b: Bellibolt|49\/100\n|-start|p1b: Bellibolt|Charge|Facade|[from] ability: Electromorphosis\n|move|p1b: Bellibolt|Volt Switch|p2a: Hydreigon\n|-resisted|p2a: Hydreigon\n|-damage|p2a: Hydreigon|2\/100 brn\n|-end|p1b: Bellibolt|Charge|[silent]\n|\n|t:|1683422619\n|switch|p1b: Palafin|Palafin-Hero, L50, M|35\/100|[from] Volt Switch\n|\n|-damage|p2a: Hydreigon|0 fnt|[from] brn\n|faint|p2a: Hydreigon\n|-damage|p2b: Luxray|1\/100 brn|[from] brn\n|upkeep\n|\n|t:|1683422630\n|switch|p2a: Scizor|Scizor, L50, M|86\/100\n|turn|7\n|\n|t:|1683422642\n|-terastallize|p2a: Scizor|Water\n|move|p1b: Palafin|Protect|p1b: Palafin\n|-singleturn|p1b: Palafin|Protect\n|move|p1a: Arcanine|Will-O-Wisp|p2a: Scizor\n|-status|p2a: Scizor|brn\n|move|p2b: Luxray|Facade|p1b: Palafin\n|-activate|p1b: Palafin|move: Protect\n|move|p2a: Scizor|Close Combat|p1a: Arcanine\n|-damage|p1a: Arcanine|38\/100\n|-unboost|p2a: Scizor|def|1\n|-unboost|p2a: Scizor|spd|1\n|\n|-heal|p2a: Scizor|92\/100 brn|[from] item: Leftovers\n|-damage|p2b: Luxray|0 fnt|[from] brn\n|faint|p2b: Luxray\n|-damage|p2a: Scizor|86\/100 brn|[from] brn\n|upkeep\n|\n|t:|1683422646\n|switch|p2b: Gholdengo|Gholdengo, L50|100\/100\n|turn|8\n|\n|t:|1683422654\n|move|p2a: Scizor|Bullet Punch|p1a: Arcanine\n|-resisted|p1a: Arcanine\n|-damage|p1a: Arcanine|30\/100\n|move|p1a: Arcanine|Flare Blitz|p2b: Gholdengo\n|-supereffective|p2b: Gholdengo\n|-damage|p2b: Gholdengo|0 fnt\n|faint|p2b: Gholdengo\n|-damage|p1a: Arcanine|3\/100|[from] Recoil\n|move|p1b: Palafin|Substitute|p1b: Palafin\n|-start|p1b: Palafin|Substitute\n|-damage|p1b: Palafin|10\/100\n|\n|-heal|p2a: Scizor|92\/100 brn|[from] item: Leftovers\n|-damage|p2a: Scizor|86\/100 brn|[from] brn\n|upkeep\n|turn|9\n|\n|t:|1683422662\n|move|p1a: Arcanine|Extreme Speed|p2a: Scizor\n|-damage|p2a: Scizor|53\/100 brn\n|move|p2a: Scizor|Bullet Punch|p1a: Arcanine\n|-resisted|p1a: Arcanine\n|-damage|p1a: Arcanine|0 fnt\n|faint|p1a: Arcanine\n|move|p1b: Palafin|Wave Crash|p2a: Scizor\n|-resisted|p2a: Scizor\n|-damage|p2a: Scizor|0 fnt\n|faint|p2a: Scizor\n|-damage|p1b: Palafin|0 fnt|[from] Recoil\n|faint|p1b: Palafin\n|\n|win|Charlisito\n|raw|Charlisito's rating: 1418 → 1430<\/strong> (+12 for winning)\n|raw|Jesuskray03's rating: 1268 → 1253<\/strong> (-15 for losing)\n|c|\u2606Charlisito|belli game\n","uploadtime":1683422695,"views":8,"p1id":"charlisito","p2id":"jesuskray03","formatid":"gen9vgc2023regulationc","rating":1253,"private":0,"password":""}