{"id":"gen9vgc2023regulationc-1860385104","p1":"mafumafusimpsimp","p2":"GreenPig10cute","format":"[Gen 9] VGC 2023 Regulation C","log":"|j|\u2606mafumafusimpsimp\n|j|\u2606GreenPig10cute\n|t:|1683639475\n|gametype|doubles\n|player|p1|mafumafusimpsimp|crasherwake|\n|player|p2|GreenPig10cute|101|\n|teamsize|p1|6\n|teamsize|p2|6\n|gen|9\n|tier|[Gen 9] VGC 2023 Regulation C\n|rule|Species Clause: Limit one of each Pok\u00e9mon\n|rule|Item Clause: Limit one of each item\n|clearpoke\n|poke|p1|Toedscruel, L50, M|\n|poke|p1|Breloom, L50, F|\n|poke|p1|Brute Bonnet, L50|\n|poke|p1|Amoonguss, L50, F|\n|poke|p1|Foongus, L50, M|\n|poke|p1|Toedscool, L50, F|\n|poke|p2|Garganacl, L50, M|\n|poke|p2|Ting-Lu, L50|\n|poke|p2|Arcanine, L50, F|\n|poke|p2|Gholdengo, L50|\n|poke|p2|Clodsire, L50, M|\n|poke|p2|Wo-Chien, L50|\n|teampreview|4\n|inactive|Battle timer is ON: inactive players will automatically lose when time's up. (requested by GreenPig10cute)\n|c|\u2606GreenPig10cute|spores\nGreenPig10cute has agreed to open team sheets.\nmafumafusimpsimp has agreed to open team sheets.\n|c|\u2606mafumafusimpsimp|spores\n|inactive|GreenPig10cute has 60 seconds left.\n|\n|t:|1683639516\n|start\n|switch|p1a: Toedscruel|Toedscruel, L50, M|100\/100\n|switch|p1b: Breloom|Breloom, L50, F|100\/100\n|switch|p2a: Clodsire|Clodsire, L50, M, shiny|100\/100\n|switch|p2b: Wo-Chien|Wo-Chien, L50|100\/100\n|-ability|p2b: Wo-Chien|Tablets of Ruin\n|turn|1\n|\n|t:|1683639529\n|move|p1b: Breloom|Mach Punch|p2b: Wo-Chien\n|-supereffective|p2b: Wo-Chien\n|-damage|p2b: Wo-Chien|38\/100\n|-enditem|p2b: Wo-Chien|Sitrus Berry|[eat]\n|-heal|p2b: Wo-Chien|62\/100|[from] item: Sitrus Berry\n|move|p2b: Wo-Chien|Ruination|p1a: Toedscruel\n|-damage|p1a: Toedscruel|51\/100\n|move|p2a: Clodsire|Toxic|p1a: Toedscruel\n|-status|p1a: Toedscruel|tox\n|move|p1a: Toedscruel|Trick Room|p1a: Toedscruel\n|-fieldstart|move: Trick Room|[of] p1a: Toedscruel\n|\n|-damage|p1a: Toedscruel|45\/100 tox|[from] psn\n|upkeep\n|turn|2\n|\n|t:|1683639548\n|move|p2b: Wo-Chien|Protect|p2b: Wo-Chien\n|-singleturn|p2b: Wo-Chien|Protect\n|move|p1b: Breloom|Mach Punch|p2b: Wo-Chien\n|-activate|p2b: Wo-Chien|move: Protect\n|move|p2a: Clodsire|Toxic|p1b: Breloom\n|-status|p1b: Breloom|tox\n|move|p1a: Toedscruel|Spore|p2a: Clodsire\n|-status|p2a: Clodsire|slp|[from] move: Spore\n|\n|-damage|p1a: Toedscruel|33\/100 tox|[from] psn\n|-damage|p1b: Breloom|95\/100 tox|[from] psn\n|upkeep\n|turn|3\n|inactive|GreenPig10cute has 30 seconds left.\n|\n|t:|1683639576\n|switch|p2b: Gholdengo|Gholdengo, L50|100\/100\n|move|p1b: Breloom|Mach Punch|p2b: Gholdengo\n|-immune|p2b: Gholdengo\n|cant|p2a: Clodsire|slp\n|move|p1a: Toedscruel|Earth Power|p2a: Clodsire\n|-supereffective|p2a: Clodsire\n|-damage|p2a: Clodsire|45\/100 slp\n|\n|-damage|p1a: Toedscruel|15\/100 tox|[from] psn\n|-damage|p1b: Breloom|83\/100 tox|[from] psn\n|upkeep\n|turn|4\n|inactive|GreenPig10cute has 30 seconds left.\n|inactive|GreenPig10cute has 20 seconds left.\n|inactive|GreenPig10cute has 15 seconds left.\n|inactive|GreenPig10cute has 10 seconds left.\n|inactive|GreenPig10cute has 5 seconds left.\n|\n|t:|1683639631\n|switch|p1b: Brute Bonnet|Brute Bonnet, L50|100\/100\n|cant|p2a: Clodsire|slp\n|move|p1a: Toedscruel|Knock Off|p2b: Gholdengo\n|-supereffective|p2b: Gholdengo\n|-damage|p2b: Gholdengo|79\/100\n|-enditem|p2b: Gholdengo|Wiki Berry|[from] move: Knock Off|[of] p1a: Toedscruel\n|move|p2b: Gholdengo|Recover|p2b: Gholdengo\n|-heal|p2b: Gholdengo|100\/100\n|\n|-damage|p1a: Toedscruel|0 fnt|[from] psn\n|faint|p1a: Toedscruel\n|upkeep\n|inactive|mafumafusimpsimp has 30 seconds left.\n|inactive|mafumafusimpsimp has 20 seconds left.\n|\n|t:|1683639670\n|switch|p1a: Amoonguss|Amoonguss, L50, F|100\/100\n|turn|5\n|\n|t:|1683639689\n|-terastallize|p1b: Brute Bonnet|Water\n|move|p1a: Amoonguss|Foul Play|p2b: Gholdengo\n|-supereffective|p2b: Gholdengo\n|-damage|p2b: Gholdengo|86\/100\n|-curestatus|p2a: Clodsire|slp|[msg]\n|move|p2a: Clodsire|Toxic|p1b: Brute Bonnet\n|-status|p1b: Brute Bonnet|tox\n|move|p1b: Brute Bonnet|Tera Blast|p2a: Clodsire\n|-supereffective|p2a: Clodsire\n|-damage|p2a: Clodsire|0 fnt\n|faint|p2a: Clodsire\n|-damage|p1b: Brute Bonnet|91\/100 tox|[from] item: Life Orb\n|move|p2b: Gholdengo|Thunder Wave|p1a: Amoonguss\n|-status|p1a: Amoonguss|par\n|\n|-damage|p1b: Brute Bonnet|85\/100 tox|[from] psn\n|-fieldend|move: Trick Room\n|upkeep\n|\n|t:|1683639709\n|switch|p2a: Wo-Chien|Wo-Chien, L50|62\/100\n|-ability|p2a: Wo-Chien|Tablets of Ruin\n|turn|6\n|-message|GreenPig10cute forfeited.\n|\n|win|mafumafusimpsimp\n|l|\u2606GreenPig10cute\n|c|\u2606mafumafusimpsimp|gg lol\n","uploadtime":1683639724,"views":4,"p1id":"mafumafusimpsimp","p2id":"greenpig10cute","formatid":"gen9vgc2023regulationc","rating":0,"private":0,"password":""}