{"id":"gen9vgc2023regulationc-1857056240","p1":"ContessaZia","p2":"Laurentiius","format":"[Gen 9] VGC 2023 Regulation C","log":"|j|\u2606ContessaZia\n|j|\u2606Laurentiius\n|t:|1683141500\n|gametype|doubles\n|player|p1|ContessaZia|acetrainerf-gen4dp|\n|player|p2|Laurentiius|101|\n|teamsize|p1|6\n|teamsize|p2|6\n|gen|9\n|tier|[Gen 9] VGC 2023 Regulation C\n|rule|Species Clause: Limit one of each Pok\u00e9mon\n|rule|Item Clause: Limit one of each item\n|clearpoke\n|poke|p1|Torkoal, L50, M|\n|poke|p1|Jumpluff, L50, M|\n|poke|p1|Walking Wake, L50|\n|poke|p1|Great Tusk, L50|\n|poke|p1|Murkrow, L50, F|\n|poke|p1|Mimikyu, L50, M|\n|poke|p2|Dragonite, L50, M|\n|poke|p2|Pelipper, L50, M|\n|poke|p2|Dondozo, L50, M|\n|poke|p2|Tatsugiri, L50, M|\n|poke|p2|Palafin, L50, F|\n|poke|p2|Kingambit, L50, F|\n|teampreview|4\nLaurentiius has agreed to open team sheets.\nContessaZia has agreed to open team sheets.\n|\n|t:|1683141660\n|start\n|switch|p1a: Torkoal|Torkoal, L50, M|100\/100\n|switch|p1b: Mimikyu|Mimikyu, L50, M|100\/100\n|switch|p2a: Palafin|Palafin, L50, F|100\/100\n|switch|p2b: Kingambit|Kingambit, L50, F|100\/100\n|-weather|SunnyDay|[from] ability: Drought|[of] p1a: Torkoal\n|turn|1\n|\n|t:|1683141701\n|move|p2a: Palafin|Flip Turn|p1b: Mimikyu\n|-activate|p1b: Mimikyu|ability: Disguise\n|-damage|p1b: Mimikyu|100\/100\n|detailschange|p1b: Mimikyu|Mimikyu-Busted, L50, M\n|-damage|p1b: Mimikyu|88\/100|[from] pokemon: Mimikyu-Busted\n|\n|t:|1683141708\n|detailschange|p2a: Palafin|Palafin-Hero, L50, F\n|switch|p2a: Pelipper|Pelipper, L50, M|100\/100|[from] Flip Turn\n|-weather|RainDance|[from] ability: Drizzle|[of] p2a: Pelipper\n|move|p1b: Mimikyu|Will-O-Wisp|p2a: Pelipper|[miss]\n|-miss|p1b: Mimikyu|p2a: Pelipper\n|move|p2b: Kingambit|Iron Head|p1b: Mimikyu\n|-supereffective|p1b: Mimikyu\n|-damage|p1b: Mimikyu|0 fnt\n|faint|p1b: Mimikyu\n|move|p1a: Torkoal|Overheat|p2b: Kingambit\n|-supereffective|p2b: Kingambit\n|-damage|p2b: Kingambit|74\/100\n|-unboost|p1a: Torkoal|spa|2\n|-enditem|p1a: Torkoal|Eject Pack\n|\n|t:|1683141721\n|switch|p1a: Walking Wake|Walking Wake, L50|100\/100\n|\n|-weather|RainDance|[upkeep]\n|upkeep\n|\n|t:|1683141725\n|switch|p1b: Torkoal|Torkoal, L50, M|100\/100\n|-weather|SunnyDay|[from] ability: Drought|[of] p1b: Torkoal\n|-activate|p1a: Walking Wake|ability: Protosynthesis\n|-start|p1a: Walking Wake|protosynthesisspa\n|turn|2\n|\n|t:|1683141933\n|switch|p2a: Dragonite|Dragonite, L50, M|100\/100\n|move|p1a: Walking Wake|Hydro Steam|p2b: Kingambit\n|-damage|p2b: Kingambit|22\/100\n|move|p2b: Kingambit|Kowtow Cleave|p1a: Walking Wake\n|-damage|p1a: Walking Wake|49\/100\n|move|p1b: Torkoal|Yawn|p2b: Kingambit\n|-start|p2b: Kingambit|move: Yawn|[of] p1b: Torkoal\n|\n|-weather|SunnyDay|[upkeep]\n|upkeep\n|turn|3\n|\n|t:|1683141953\n|-end|p1a: Walking Wake|Protosynthesis|[silent]\n|switch|p1a: Murkrow|Murkrow, L50, F, shiny|100\/100\n|switch|p2b: Pelipper|Pelipper, L50, M|100\/100\n|-weather|RainDance|[from] ability: Drizzle|[of] p2b: Pelipper\n|move|p2a: Dragonite|Dragon Claw|p1a: Murkrow\n|-damage|p1a: Murkrow|28\/100\n|move|p1b: Torkoal|Yawn|p2a: Dragonite\n|-start|p2a: Dragonite|move: Yawn|[of] p1b: Torkoal\n|\n|-weather|RainDance|[upkeep]\n|upkeep\n|turn|4\n|\n|t:|1683141974\n|switch|p2a: Palafin|Palafin-Hero, L50, F|100\/100\n|-activate|p2a: Palafin|ability: Zero to Hero\n|move|p1a: Murkrow|Sunny Day|p1a: Murkrow\n|-weather|SunnyDay\n|move|p2b: Pelipper|Tailwind|p2b: Pelipper\n|-sidestart|p2: Laurentiius|move: Tailwind\n|move|p1b: Torkoal|Overheat|p2a: Palafin\n|-resisted|p2a: Palafin\n|-damage|p2a: Palafin|66\/100\n|-unboost|p1b: Torkoal|spa|2\n|\n|-weather|SunnyDay|[upkeep]\n|upkeep\n|turn|5\n|\n|t:|1683142045\n|switch|p2b: Kingambit|Kingambit, L50, F|22\/100\n|-terastallize|p2a: Palafin|Water\n|move|p1b: Torkoal|Protect|p1b: Torkoal\n|-singleturn|p1b: Torkoal|Protect\n|move|p1a: Murkrow|Tailwind|p1a: Murkrow\n|-sidestart|p1: ContessaZia|move: Tailwind\n|move|p2a: Palafin|Wave Crash|p1a: Murkrow\n|-damage|p1a: Murkrow|0 fnt\n|faint|p1a: Murkrow\n|-damage|p2a: Palafin|57\/100|[from] Recoil\n|\n|-weather|SunnyDay|[upkeep]\n|upkeep\n|\n|t:|1683142058\n|switch|p1a: Walking Wake|Walking Wake, L50|49\/100\n|-activate|p1a: Walking Wake|ability: Protosynthesis\n|-start|p1a: Walking Wake|protosynthesisspa\n|turn|6\n|\n|t:|1683142095\n|switch|p2a: Pelipper|Pelipper, L50, M|100\/100\n|-weather|RainDance|[from] ability: Drizzle|[of] p2a: Pelipper\n|-end|p1a: Walking Wake|Protosynthesis\n|-terastallize|p1a: Walking Wake|Fairy\n|move|p1a: Walking Wake|Hydro Steam|p2a: Pelipper\n|-resisted|p2a: Pelipper\n|-damage|p2a: Pelipper|49\/100\n|move|p2b: Kingambit|Kowtow Cleave|p1a: Walking Wake\n|-resisted|p1a: Walking Wake\n|-damage|p1a: Walking Wake|20\/100\n|move|p1b: Torkoal|Yawn|p2a: Pelipper\n|-start|p2a: Pelipper|move: Yawn|[of] p1b: Torkoal\n|\n|-weather|RainDance|[upkeep]\n|upkeep\n|turn|7\n|\n|t:|1683142125\n|move|p2b: Kingambit|Sucker Punch|p1a: Walking Wake\n|-resisted|p1a: Walking Wake\n|-damage|p1a: Walking Wake|0 fnt\n|faint|p1a: Walking Wake\n|-end|p1a: Walking Wake|Protosynthesis|[silent]\n|move|p2a: Pelipper|Surf|p1b: Torkoal|[spread] p2b,p1b\n|-supereffective|p1b: Torkoal\n|-crit|p1b: Torkoal\n|-damage|p2b: Kingambit|0 fnt\n|-damage|p1b: Torkoal|0 fnt\n|faint|p2b: Kingambit\n|faint|p1b: Torkoal\n|\n|win|Laurentiius\n|l|\u2606ContessaZia\n","uploadtime":1683142142,"views":13,"p1id":"contessazia","p2id":"laurentiius","formatid":"gen9vgc2023regulationc","rating":0,"private":0,"password":""}