{"id":"gen9vgc2023regulationc-1858367152","p1":"rdmcaptain","p2":"PureNeutral","format":"[Gen 9] VGC 2023 Regulation C","log":"|j|\u2606rdmcaptain\n|j|\u2606PureNeutral\n|t:|1683305814\n|gametype|doubles\n|player|p1|rdmcaptain|shadowtriad|1505\n|player|p2|PureNeutral|elesa|1550\n|teamsize|p1|6\n|teamsize|p2|6\n|gen|9\n|tier|[Gen 9] VGC 2023 Regulation C\n|rated|\n|rule|Species Clause: Limit one of each Pok\u00e9mon\n|rule|Item Clause: Limit one of each item\n|clearpoke\n|poke|p1|Palafin, L50, M|\n|poke|p1|Flutter Mane, L50|\n|poke|p1|Arcanine, L50, F|\n|poke|p1|Ting-Lu, L50|\n|poke|p1|Amoonguss, L50, M|\n|poke|p1|Baxcalibur, L50, F|\n|poke|p2|Maushold, L50|\n|poke|p2|Annihilape, L50, F|\n|poke|p2|Flutter Mane, L50|\n|poke|p2|Talonflame, L50, M|\n|poke|p2|Great Tusk, L50|\n|poke|p2|Chien-Pao, L50|\n|teampreview|4\n|\n|t:|1683305840\n|start\n|switch|p1a: Palafin|Palafin, L50, M|100\/100\n|switch|p1b: Flutter Mane|Flutter Mane, L50|100\/100\n|switch|p2a: Squeakers|Maushold, L50|100\/100\n|switch|p2b: Anakin|Annihilape, L50, F|100\/100\n|turn|1\n|\n|t:|1683305858\n|-terastallize|p2b: Anakin|Water\n|move|p2a: Squeakers|Protect|p2a: Squeakers\n|-singleturn|p2a: Squeakers|Protect\n|move|p1b: Flutter Mane|Shadow Ball|p2b: Anakin\n|-damage|p2b: Anakin|56\/100\n|move|p1a: Palafin|Wave Crash|p2b: Anakin\n|-resisted|p2b: Anakin\n|-damage|p2b: Anakin|39\/100\n|-damage|p1a: Palafin|95\/100|[from] Recoil\n|move|p2b: Anakin|Rage Fist|p1b: Flutter Mane\n|-supereffective|p1b: Flutter Mane\n|-damage|p1b: Flutter Mane|0 fnt\n|faint|p1b: Flutter Mane\n|-end|p1b: Flutter Mane|Protosynthesis|[silent]\n|\n|-heal|p2b: Anakin|45\/100|[from] item: Leftovers\n|upkeep\n|\n|t:|1683305872\n|switch|p1b: Baxcalibur|Baxcalibur, L50, F|100\/100\n|turn|2\n|\n|t:|1683305903\n|detailschange|p1a: Palafin|Palafin-Hero, L50, M\n|switch|p1a: Arcanine|Arcanine, L50, F|100\/100\n|-ability|p1a: Arcanine|Intimidate|boost\n|-unboost|p2a: Squeakers|atk|1\n|-unboost|p2b: Anakin|atk|1\n|-ability|p2b: Anakin|Defiant|boost\n|-boost|p2b: Anakin|atk|2\n|-terastallize|p1b: Baxcalibur|Poison\n|move|p2a: Squeakers|Follow Me|p2a: Squeakers\n|-singleturn|p2a: Squeakers|move: Follow Me\n|move|p1b: Baxcalibur|Glaive Rush|p2a: Squeakers\n|-damage|p2a: Squeakers|17\/100\n|-singlemove|p1b: Baxcalibur|Glaive Rush|[silent]\n|move|p2b: Anakin|Drain Punch|p1b: Baxcalibur\n|-resisted|p1b: Baxcalibur\n|-damage|p1b: Baxcalibur|50\/100\n|-heal|p2b: Anakin|68\/100|[from] drain|[of] p1b: Baxcalibur\n|\n|-heal|p2b: Anakin|75\/100|[from] item: Leftovers\n|upkeep\n|turn|3\n|\n|t:|1683305928\n|move|p2a: Squeakers|Follow Me|p2a: Squeakers\n|-singleturn|p2a: Squeakers|move: Follow Me\n|move|p1a: Arcanine|Flare Blitz|p2a: Squeakers\n|-damage|p2a: Squeakers|0 fnt\n|faint|p2a: Squeakers\n|-damage|p1a: Arcanine|95\/100|[from] Recoil\n|move|p1b: Baxcalibur|Glaive Rush|p2b: Anakin\n|-damage|p2b: Anakin|10\/100\n|-singlemove|p1b: Baxcalibur|Glaive Rush|[silent]\n|move|p2b: Anakin|Rage Fist|p1a: Arcanine\n|-damage|p1a: Arcanine|0 fnt\n|faint|p1a: Arcanine\n|\n|-heal|p2b: Anakin|16\/100|[from] item: Leftovers\n|upkeep\n|\n|t:|1683305940\n|switch|p1a: Palafin|Palafin-Hero, L50, M|95\/100\n|switch|p2a: BIRB|Talonflame, L50, M|100\/100\n|-activate|p1a: Palafin|ability: Zero to Hero\n|turn|4\n|\n|t:|1683305959\n|move|p2b: Anakin|Protect|p2b: Anakin\n|-singleturn|p2b: Anakin|Protect\n|move|p2a: BIRB|Tailwind|p2a: BIRB\n|-sidestart|p2: PureNeutral|move: Tailwind\n|move|p1b: Baxcalibur|Ice Shard|p2b: Anakin\n|-activate|p2b: Anakin|move: Protect\n|move|p1a: Palafin|Jet Punch|p2b: Anakin\n|-activate|p2b: Anakin|move: Protect\n|\n|-heal|p2b: Anakin|23\/100|[from] item: Leftovers\n|upkeep\n|turn|5\n|\n|t:|1683305982\n|move|p2a: BIRB|Brave Bird|p1b: Baxcalibur\n|-damage|p1b: Baxcalibur|0 fnt\n|faint|p1b: Baxcalibur\n|-damage|p2a: BIRB|80\/100|[from] Recoil\n|move|p1a: Palafin|Jet Punch|p2b: Anakin\n|-resisted|p2b: Anakin\n|-damage|p2b: Anakin|0 fnt\n|faint|p2b: Anakin\n|\n|upkeep\n|\n|t:|1683305990\n|switch|p2b: Chien-POW!|Chien-Pao, L50|100\/100\n|-ability|p2b: Chien-POW!|Sword of Ruin\n|turn|6\n|\n|t:|1683306005\n|move|p2b: Chien-POW!|Sucker Punch|p1a: Palafin\n|-damage|p1a: Palafin|41\/100\n|-damage|p2b: Chien-POW!|91\/100|[from] item: Life Orb\n|move|p1a: Palafin|Jet Punch|p2a: BIRB\n|-supereffective|p2a: BIRB\n|-damage|p2a: BIRB|0 fnt\n|faint|p2a: BIRB\n|\n|upkeep\n|turn|7\n|\n|t:|1683306020\n|move|p1a: Palafin|Protect|p1a: Palafin\n|-singleturn|p1a: Palafin|Protect\n|move|p2b: Chien-POW!|Sucker Punch||[still]\n|-fail|p2b: Chien-POW!\n|\n|-sideend|p2: PureNeutral|move: Tailwind\n|upkeep\n|turn|8\n|\n|t:|1683306027\n|move|p2b: Chien-POW!|Sucker Punch||[still]\n|-fail|p2b: Chien-POW!\n|move|p1a: Palafin|Haze|p1a: Palafin\n|-clearallboost\n|\n|upkeep\n|turn|9\n|\n|t:|1683306034\n|move|p1a: Palafin|Protect|p1a: Palafin\n|-singleturn|p1a: Palafin|Protect\n|move|p2b: Chien-POW!|Sucker Punch||[still]\n|-fail|p2b: Chien-POW!\n|\n|upkeep\n|turn|10\n|\n|t:|1683306054\n|move|p2b: Chien-POW!|Sucker Punch|p1a: Palafin\n|-crit|p1a: Palafin\n|-damage|p1a: Palafin|0 fnt\n|faint|p1a: Palafin\n|-damage|p2b: Chien-POW!|82\/100|[from] item: Life Orb\n|\n|win|PureNeutral\n|raw|rdmcaptain's rating: 1505 → 1488<\/strong> (-17 for losing)\n|raw|PureNeutral's rating: 1550 → 1567<\/strong> (+17 for winning)\n|l|\u2606rdmcaptain\n|l|\u2606PureNeutral\n","uploadtime":1683306584,"views":11,"p1id":"rdmcaptain","p2id":"pureneutral","formatid":"gen9vgc2023regulationc","rating":1488,"private":0,"password":""}