{"id":"gen9vgc2023regulationc-1862809856","p1":"GrifoneFolleVGC","p2":"zippLapZapper","format":"[Gen 9] VGC 2023 Regulation C","log":"|j|\u203dGrifoneFolleVGC\n|j|\u2606zippLapZapper\n|t:|1683924399\n|gametype|doubles\n|player|p1|GrifoneFolleVGC|cynthia-gen4|1346\n|player|p2|zippLapZapper|hilbert-wonderlauncher|1406\n|teamsize|p1|6\n|teamsize|p2|6\n|gen|9\n|tier|[Gen 9] VGC 2023 Regulation C\n|rated|\n|rule|Species Clause: Limit one of each Pok\u00e9mon\n|rule|Item Clause: Limit one of each item\n|clearpoke\n|poke|p1|Flutter Mane, L50|\n|poke|p1|Chi-Yu, L50|\n|poke|p1|Amoonguss, L50, M|\n|poke|p1|Iron Bundle, L50|\n|poke|p1|Iron Hands, L50|\n|poke|p1|Dragonite, L50, M|\n|poke|p2|Garchomp, L50, F|\n|poke|p2|Talonflame, L50, M|\n|poke|p2|Flutter Mane, L50|\n|poke|p2|Iron Bundle, L50|\n|poke|p2|Chien-Pao, L50|\n|poke|p2|Tyranitar, L50, M|\n|teampreview|4\nGrifoneFolleVGC has agreed to open team sheets.\nzippLapZapper has agreed to open team sheets.\n|inactive|Battle timer is ON: inactive players will automatically lose when time's up. (requested by zippLapZapper)\n|inactive|GrifoneFolleVGC has 60 seconds left.\n|inactive|zippLapZapper has 60 seconds left.\n|inactive|zippLapZapper has 30 seconds left.\n|inactive|zippLapZapper has 20 seconds left.\n|inactive|zippLapZapper has 15 seconds left.\n|\n|t:|1683924489\n|start\n|switch|p1a: Iron Hands|Iron Hands, L50|100\/100\n|switch|p1b: Iron Bundle|Iron Bundle, L50|100\/100\n|switch|p2a: Talonflame|Talonflame, L50, M|100\/100\n|switch|p2b: Tyranitar|Tyranitar, L50, M|100\/100\n|-weather|Sandstorm|[from] ability: Sand Stream|[of] p2b: Tyranitar\n|-enditem|p1b: Iron Bundle|Booster Energy\n|-activate|p1b: Iron Bundle|ability: Quark Drive|[fromitem]\n|-start|p1b: Iron Bundle|quarkdrivespe\n|turn|1\n|\n|t:|1683924511\n|-terastallize|p2b: Tyranitar|Grass\n|move|p1a: Iron Hands|Fake Out|p2b: Tyranitar\n|-damage|p2b: Tyranitar|85\/100\n|move|p2a: Talonflame|Tailwind|p2a: Talonflame\n|-sidestart|p2: zippLapZapper|move: Tailwind\n|move|p1b: Iron Bundle|Hydro Pump|p2a: Talonflame\n|-supereffective|p2a: Talonflame\n|-damage|p2a: Talonflame|0 fnt\n|faint|p2a: Talonflame\n|cant|p2b: Tyranitar|flinch\n|\n|-weather|Sandstorm|[upkeep]\n|-damage|p1b: Iron Bundle|94\/100|[from] Sandstorm\n|-damage|p2b: Tyranitar|79\/100|[from] Sandstorm\n|-damage|p1a: Iron Hands|94\/100|[from] Sandstorm\n|upkeep\n|\n|t:|1683924517\n|switch|p2a: Flutter Mane|Flutter Mane, L50|100\/100\n|turn|2\n|\n|t:|1683924532\n|-terastallize|p1a: Iron Hands|Grass\n|move|p1b: Iron Bundle|Protect|p1b: Iron Bundle\n|-singleturn|p1b: Iron Bundle|Protect\n|move|p2a: Flutter Mane|Dazzling Gleam|p1b: Iron Bundle|[spread] p1a\n|-activate|p1b: Iron Bundle|move: Protect\n|-damage|p1a: Iron Hands|70\/100\n|move|p2b: Tyranitar|Assurance|p1a: Iron Hands\n|-damage|p1a: Iron Hands|22\/100\n|move|p1a: Iron Hands|Wild Charge|p2a: Flutter Mane\n|-damage|p2a: Flutter Mane|18\/100\n|-damage|p1a: Iron Hands|9\/100|[from] Recoil\n|\n|-weather|Sandstorm|[upkeep]\n|-damage|p2a: Flutter Mane|12\/100|[from] Sandstorm\n|-damage|p1b: Iron Bundle|88\/100|[from] Sandstorm\n|-damage|p2b: Tyranitar|73\/100|[from] Sandstorm\n|-damage|p1a: Iron Hands|3\/100|[from] Sandstorm\n|upkeep\n|turn|3\n|\n|t:|1683924548\n|move|p2a: Flutter Mane|Dazzling Gleam|p1b: Iron Bundle|[spread] p1a,p1b\n|-damage|p1a: Iron Hands|0 fnt\n|-damage|p1b: Iron Bundle|0 fnt\n|faint|p1a: Iron Hands\n|-end|p1a: Iron Hands|Quark Drive|[silent]\n|faint|p1b: Iron Bundle\n|-end|p1b: Iron Bundle|Quark Drive|[silent]\n|move|p2b: Tyranitar|Rock Slide|p1: Iron Hands|[notarget]\n|-fail|p2b: Tyranitar\n|\n|-weather|Sandstorm|[upkeep]\n|-damage|p2a: Flutter Mane|7\/100|[from] Sandstorm\n|-damage|p2b: Tyranitar|67\/100|[from] Sandstorm\n|upkeep\n|\n|t:|1683924552\n|switch|p1b: Dragonite|Dragonite, L50, M|100\/100\n|switch|p1a: Chi-Yu|Chi-Yu, L50|100\/100\n|-ability|p1a: Chi-Yu|Beads of Ruin\n|turn|4\n|\n|t:|1683924563\n|move|p1a: Chi-Yu|Protect|p1a: Chi-Yu\n|-singleturn|p1a: Chi-Yu|Protect\n|move|p1b: Dragonite|Protect|p1b: Dragonite\n|-singleturn|p1b: Dragonite|Protect\n|move|p2a: Flutter Mane|Dazzling Gleam|p1b: Dragonite|[spread] \n|-activate|p1a: Chi-Yu|move: Protect\n|-activate|p1b: Dragonite|move: Protect\n|move|p2b: Tyranitar|Rock Slide|p1a: Chi-Yu|[spread] \n|-activate|p1a: Chi-Yu|move: Protect\n|-activate|p1b: Dragonite|move: Protect\n|\n|-weather|Sandstorm|[upkeep]\n|-damage|p2a: Flutter Mane|1\/100|[from] Sandstorm\n|-damage|p2b: Tyranitar|61\/100|[from] Sandstorm\n|-damage|p1a: Chi-Yu|95\/100|[from] Sandstorm\n|-damage|p1b: Dragonite|95\/100|[from] Sandstorm\n|-sideend|p2: zippLapZapper|move: Tailwind\n|upkeep\n|turn|5\n|\n|t:|1683924574\n|move|p2a: Flutter Mane|Dazzling Gleam|p1a: Chi-Yu|[spread] p1a,p1b\n|-supereffective|p1b: Dragonite\n|-damage|p1a: Chi-Yu|49\/100\n|-damage|p1b: Dragonite|0 fnt\n|faint|p1b: Dragonite\n|move|p1a: Chi-Yu|Heat Wave|p2b: Tyranitar|[spread] p2a,p2b\n|-supereffective|p2b: Tyranitar\n|-damage|p2a: Flutter Mane|0 fnt\n|-damage|p2b: Tyranitar|0 fnt\n|faint|p2a: Flutter Mane\n|-end|p2a: Flutter Mane|Protosynthesis|[silent]\n|faint|p2b: Tyranitar\n|\n|-weather|none\n|upkeep\n|\n|t:|1683924581\n|switch|p2b: Iron Bundle|Iron Bundle, L50|100\/100\n|-enditem|p2b: Iron Bundle|Booster Energy\n|-activate|p2b: Iron Bundle|ability: Quark Drive|[fromitem]\n|-start|p2b: Iron Bundle|quarkdrivespe\n|turn|6\n|\n|t:|1683924588\n|move|p2b: Iron Bundle|Protect|p2b: Iron Bundle\n|-singleturn|p2b: Iron Bundle|Protect\n|move|p1a: Chi-Yu|Heat Wave|p2b: Iron Bundle\n|-activate|p2b: Iron Bundle|move: Protect\n|\n|upkeep\n|turn|7\n|\n|t:|1683924595\n|move|p2b: Iron Bundle|Freeze-Dry|p1a: Chi-Yu\n|-resisted|p1a: Chi-Yu\n|-damage|p1a: Chi-Yu|29\/100\n|-status|p1a: Chi-Yu|frz\n|cant|p1a: Chi-Yu|frz\n|\n|upkeep\n|turn|8\n|\n|t:|1683924602\n|move|p2b: Iron Bundle|Freeze-Dry|p1a: Chi-Yu\n|-resisted|p1a: Chi-Yu\n|-damage|p1a: Chi-Yu|12\/100 frz\n|cant|p1a: Chi-Yu|frz\n|\n|upkeep\n|turn|9\n|\n|t:|1683924615\n|move|p2b: Iron Bundle|Freeze-Dry|p1a: Chi-Yu\n|-resisted|p1a: Chi-Yu\n|-damage|p1a: Chi-Yu|0 fnt\n|faint|p1a: Chi-Yu\n|\n|win|zippLapZapper\n|raw|GrifoneFolleVGC's rating: 1346 → 1329<\/strong> (-17 for losing)\n|raw|zippLapZapper's rating: 1406 → 1423<\/strong> (+17 for winning)\n","uploadtime":1683924619,"views":13,"p1id":"grifonefollevgc","p2id":"zipplapzapper","formatid":"gen9vgc2023regulationc","rating":1329,"private":0,"password":""}