{"id":"gen9vgc2023regulationc-1849338930","p1":"SubCHiens","p2":"marioman6444","format":"[Gen 9] VGC 2023 Regulation C","log":"|j|\u2606SubCHiens\n|j|\u2606marioman6444\n|t:|1682187542\n|gametype|doubles\n|player|p1|SubCHiens|riley|1182\n|player|p2|marioman6444|hoopster|1264\n|teamsize|p1|6\n|teamsize|p2|6\n|gen|9\n|tier|[Gen 9] VGC 2023 Regulation C\n|rated|\n|rule|Species Clause: Limit one of each Pok\u00e9mon\n|rule|Item Clause: Limit one of each item\n|clearpoke\n|poke|p1|Sandy Shocks, L50|\n|poke|p1|Murkrow, L50, M|\n|poke|p1|Palafin, L50, M|\n|poke|p1|Salamence, L50, M|\n|poke|p1|Chien-Pao, L50|\n|poke|p1|Scizor, L50, M|\n|poke|p2|Tsareena, L50, F|\n|poke|p2|Maushold, L50|\n|poke|p2|Garchomp, L50, F|\n|poke|p2|Iron Bundle, L50|\n|poke|p2|Ting-Lu, L50|\n|poke|p2|Dragonite, L50, M|\n|teampreview|4\n|inactive|Battle timer is ON: inactive players will automatically lose when time's up. (requested by marioman6444)\n|inactive|marioman6444 has 60 seconds left.\n|inactive|marioman6444 has 30 seconds left.\n|\n|t:|1682187605\n|start\n|switch|p1a: Murkrow|Murkrow, L50, M|100\/100\n|switch|p1b: Salamence|Salamence, L50, M|100\/100\n|switch|p2a: G-Girl|Garchomp, L50, F, shiny|100\/100\n|switch|p2b: Tsareena|Tsareena, L50, F|100\/100\n|-ability|p1b: Salamence|Intimidate|boost\n|-fail|p2a: G-Girl|unboost|[from] item: Clear Amulet|[of] p2a: G-Girl\n|-unboost|p2b: Tsareena|atk|1\n|turn|1\n|c|\u2606marioman6444|Glhf\n|inactive|marioman6444 has 30 seconds left.\n|inactive|marioman6444 has 20 seconds left.\n|inactive|marioman6444 has 15 seconds left.\n|c|\u2606SubCHiens|u2\n|inactive|marioman6444 has 10 seconds left.\n|\n|t:|1682187651\n|-terastallize|p2a: G-Girl|Steel\n|-terastallize|p1b: Salamence|Steel\n|move|p1a: Murkrow|Rain Dance|p1a: Murkrow\n|-weather|RainDance\n|move|p2a: G-Girl|Swords Dance|p2a: G-Girl\n|-boost|p2a: G-Girl|atk|2\n|move|p1b: Salamence|Hurricane|p2b: Tsareena\n|-supereffective|p2b: Tsareena\n|-damage|p2b: Tsareena|0 fnt\n|faint|p2b: Tsareena\n|-damage|p1b: Salamence|91\/100|[from] item: Life Orb\n|\n|-weather|RainDance|[upkeep]\n|upkeep\n|\n|t:|1682187664\n|switch|p2b: Happy Happy|Iron Bundle, L50|100\/100\n|-enditem|p2b: Happy Happy|Booster Energy\n|-activate|p2b: Happy Happy|ability: Quark Drive|[fromitem]\n|-start|p2b: Happy Happy|quarkdrivespe\n|turn|2\n|inactive|marioman6444 has 30 seconds left.\n|\n|t:|1682187692\n|move|p2b: Happy Happy|Freeze-Dry|p1a: Murkrow\n|-supereffective|p1a: Murkrow\n|-damage|p1a: Murkrow|31\/100\n|move|p2a: G-Girl|Stomping Tantrum|p1b: Salamence\n|-supereffective|p1b: Salamence\n|-damage|p1b: Salamence|0 fnt\n|faint|p1b: Salamence\n|move|p1a: Murkrow|Foul Play|p2a: G-Girl\n|-damage|p2a: G-Girl|33\/100\n|-damage|p1a: Murkrow|19\/100|[from] ability: Rough Skin|[of] p2a: G-Girl\n|\n|-weather|RainDance|[upkeep]\n|upkeep\n|\n|t:|1682187703\n|switch|p1b: Sandy Shocks|Sandy Shocks, L50|100\/100\n|-enditem|p1b: Sandy Shocks|Booster Energy\n|-activate|p1b: Sandy Shocks|ability: Protosynthesis|[fromitem]\n|-start|p1b: Sandy Shocks|protosynthesisspa\n|turn|3\n|inactive|marioman6444 has 30 seconds left.\n|\n|t:|1682187736\n|move|p2a: G-Girl|Protect|p2a: G-Girl\n|-singleturn|p2a: G-Girl|Protect\n|move|p1a: Murkrow|Tailwind|p1a: Murkrow\n|-sidestart|p1: SubCHiens|move: Tailwind\n|move|p2b: Happy Happy|Hydro Pump|p1b: Sandy Shocks\n|-supereffective|p1b: Sandy Shocks\n|-damage|p1b: Sandy Shocks|0 fnt\n|faint|p1b: Sandy Shocks\n|-end|p1b: Sandy Shocks|Protosynthesis|[silent]\n|\n|-weather|RainDance|[upkeep]\n|upkeep\n|\n|t:|1682187744\n|switch|p1b: Scizor|Scizor, L50, M|100\/100\n|turn|4\n|\n|t:|1682187761\n|move|p2b: Happy Happy|Freeze-Dry|p1a: Murkrow\n|-supereffective|p1a: Murkrow\n|-damage|p1a: Murkrow|0 fnt\n|faint|p1a: Murkrow\n|move|p1b: Scizor|Swords Dance|p1b: Scizor\n|-boost|p1b: Scizor|atk|2\n|move|p2a: G-Girl|Rock Slide|p1b: Scizor\n|-damage|p1b: Scizor|56\/100\n|\n|-weather|RainDance|[upkeep]\n|upkeep\n|turn|5\n|-message|SubCHiens forfeited.\n|\n|win|marioman6444\n|raw|SubCHiens's rating: 1182 → 1163<\/strong> (-19 for losing)\n|raw|marioman6444's rating: 1264 → 1283<\/strong> (+19 for winning)\n|l|\u2606SubCHiens\n|c|\u2606marioman6444|Gg\n","uploadtime":1682187776,"views":5,"p1id":"subchiens","p2id":"marioman6444","formatid":"gen9vgc2023regulationc","rating":1163,"private":0,"password":""}