{"id":"gen9vgc2023regulationc-1845506146","p1":"Tawn","p2":"Some Chump","format":"[Gen 9] VGC 2023 Regulation C","log":"|j|\u2606Tawn\n|j|\u203dSome Chump\n|t:|1681740349\n|gametype|doubles\n|player|p1|Tawn|red|1016\n|player|p2|Some Chump|youngster-gen4dp|1063\n|teamsize|p1|6\n|teamsize|p2|6\n|gen|9\n|tier|[Gen 9] VGC 2023 Regulation C\n|rated|\n|rule|Species Clause: Limit one of each Pok\u00e9mon\n|rule|Item Clause: Limit one of each item\n|clearpoke\n|poke|p1|Iron Hands, L50|\n|poke|p1|Amoonguss, L50, F|\n|poke|p1|Pelipper, L50, F|\n|poke|p1|Palafin, L50, F|\n|poke|p1|Baxcalibur, L50, F|\n|poke|p1|Chi-Yu, L50|\n|poke|p2|Annihilape, L50, M|\n|poke|p2|Maushold-Four, L50|\n|poke|p2|Cyclizar, L50, M|\n|poke|p2|Arcanine, L50, M|\n|poke|p2|Dragapult, L50, F|\n|poke|p2|Ting-Lu, L50|\n|teampreview|4\n|\n|t:|1681740381\n|start\n|switch|p1a: Shrom41Mor|Amoonguss, L50, F|100\/100\n|switch|p1b: Torqoise|Palafin, L50, F|100\/100\n|switch|p2a: Cyclizar|Cyclizar, L50, M|100\/100\n|switch|p2b: Arcanine|Arcanine, L50, M|100\/100\n|-ability|p2b: Arcanine|Intimidate|boost\n|-unboost|p1a: Shrom41Mor|atk|1\n|-unboost|p1b: Torqoise|atk|1\n|turn|1\n|\n|t:|1681740406\n|detailschange|p1b: Torqoise|Palafin-Hero, L50, F\n|switch|p1b: BlockBuster|Baxcalibur, L50, F|100\/100\n|move|p2b: Arcanine|Will-O-Wisp|p1b: BlockBuster|[miss]\n|-miss|p2b: Arcanine|p1b: BlockBuster\n|move|p2a: Cyclizar|Shed Tail|p2a: Cyclizar\n|-start|p2a: Cyclizar|Substitute|[from] move: Shed Tail\n|-damage|p2a: Cyclizar|50\/100\n|\n|t:|1681740413\n|switch|p2a: Dragapult|Dragapult, L50, F|100\/100|[from] Shed Tail\n|move|p1a: Shrom41Mor|Spore|p2b: Arcanine\n|-status|p2b: Arcanine|slp|[from] move: Spore\n|\n|upkeep\n|turn|2\n|\n|t:|1681740447\n|-terastallize|p1b: BlockBuster|Poison\n|move|p2a: Dragapult|Will-O-Wisp|p1b: BlockBuster\n|-immune|p1b: BlockBuster|[from] ability: Thermal Exchange\n|cant|p2b: Arcanine|slp\n|move|p1b: BlockBuster|Glaive Rush|p2a: Dragapult\n|-supereffective|p2a: Dragapult\n|-end|p2a: Dragapult|Substitute\n|-singlemove|p1b: BlockBuster|Glaive Rush|[silent]\n|move|p1a: Shrom41Mor|Pollen Puff|p2a: Dragapult\n|-resisted|p2a: Dragapult\n|-damage|p2a: Dragapult|90\/100\n|\n|upkeep\n|turn|3\n|\n|t:|1681740478\n|-terastallize|p2a: Dragapult|Dragon\n|move|p1b: BlockBuster|Protect|p1b: BlockBuster\n|-singleturn|p1b: BlockBuster|Protect\n|move|p2a: Dragapult|Dragon Darts|p1a: Shrom41Mor\n|-damage|p1a: Shrom41Mor|58\/100\n|-anim|p2a: Dragapult|Dragon Darts|p1a: Shrom41Mor\n|-damage|p1a: Shrom41Mor|13\/100\n|-enditem|p1a: Shrom41Mor|Sitrus Berry|[eat]\n|-heal|p1a: Shrom41Mor|38\/100|[from] item: Sitrus Berry\n|-damage|p2a: Dragapult|80\/100|[from] item: Life Orb\n|cant|p2b: Arcanine|slp\n|move|p1a: Shrom41Mor|Spore|p2a: Dragapult\n|-status|p2a: Dragapult|slp|[from] move: Spore\n|\n|upkeep\n|turn|4\n|\n|t:|1681740503\n|switch|p1a: Torqoise|Palafin-Hero, L50, F|100\/100\n|-activate|p1a: Torqoise|ability: Zero to Hero\n|cant|p2a: Dragapult|slp\n|-curestatus|p2b: Arcanine|slp|[msg]\n|move|p2b: Arcanine|Heat Wave|p1a: Torqoise|[spread] p1a,p1b\n|-resisted|p1a: Torqoise\n|-damage|p1a: Torqoise|89\/100\n|-damage|p1b: BlockBuster|80\/100\n|-ability|p1b: BlockBuster|Thermal Exchange|boost\n|-boost|p1b: BlockBuster|atk|1\n|move|p1b: BlockBuster|Glaive Rush|p2a: Dragapult\n|-supereffective|p2a: Dragapult\n|-damage|p2a: Dragapult|0 fnt\n|-singlemove|p1b: BlockBuster|Glaive Rush|[silent]\n|faint|p2a: Dragapult\n|\n|upkeep\n|\n|t:|1681740518\n|switch|p2a: Cyclizar|Cyclizar, L50, M|84\/100\n|turn|5\n|\n|t:|1681740534\n|move|p1b: BlockBuster|Protect|p1b: BlockBuster\n|-singleturn|p1b: BlockBuster|Protect\n|move|p1a: Torqoise|Jet Punch|p2a: Cyclizar\n|-resisted|p2a: Cyclizar\n|-damage|p2a: Cyclizar|52\/100\n|move|p2b: Arcanine|Will-O-Wisp|p1a: Torqoise\n|-status|p1a: Torqoise|brn\n|move|p2a: Cyclizar|Shift Gear|p2a: Cyclizar\n|-boost|p2a: Cyclizar|spe|2\n|-boost|p2a: Cyclizar|atk|1\n|\n|-damage|p1a: Torqoise|83\/100 brn|[from] brn\n|upkeep\n|turn|6\n|\n|t:|1681740558\n|move|p1b: BlockBuster|Ice Shard|p2a: Cyclizar\n|-supereffective|p2a: Cyclizar\n|-damage|p2a: Cyclizar|0 fnt\n|faint|p2a: Cyclizar\n|move|p2b: Arcanine|Howl|p2b: Arcanine\n|-boost|p2b: Arcanine|atk|1\n|-enditem|p2b: Arcanine|Throat Spray\n|-boost|p2b: Arcanine|spa|1|[from] item: Throat Spray\n|move|p1a: Torqoise|Wave Crash|p2b: Arcanine\n|-supereffective|p2b: Arcanine\n|-damage|p2b: Arcanine|1\/100\n|-damage|p1a: Torqoise|52\/100 brn|[from] Recoil\n|\n|-damage|p1a: Torqoise|46\/100 brn|[from] brn\n|upkeep\n|\n|t:|1681740570\n|switch|p2a: Annihilape|Annihilape, L50, M|100\/100\n|turn|7\n|\n|t:|1681740583\n|move|p1b: BlockBuster|Protect|p1b: BlockBuster\n|-singleturn|p1b: BlockBuster|Protect\n|move|p1a: Torqoise|Jet Punch|p2b: Arcanine\n|-supereffective|p2b: Arcanine\n|-damage|p2b: Arcanine|0 fnt\n|faint|p2b: Arcanine\n|move|p2a: Annihilape|Bulk Up|p2a: Annihilape\n|-boost|p2a: Annihilape|atk|1\n|-boost|p2a: Annihilape|def|1\n|\n|-damage|p1a: Torqoise|40\/100 brn|[from] brn\n|upkeep\n|turn|8\n|\n|t:|1681740600\n|move|p1a: Torqoise|Haze|p1a: Torqoise\n|-clearallboost\n|move|p1b: BlockBuster|Glaive Rush|p2a: Annihilape\n|-damage|p2a: Annihilape|7\/100\n|-singlemove|p1b: BlockBuster|Glaive Rush|[silent]\n|move|p2a: Annihilape|Drain Punch|p1a: Torqoise\n|-damage|p1a: Torqoise|7\/100 brn\n|-heal|p2a: Annihilape|24\/100|[from] drain|[of] p1a: Torqoise\n|\n|-heal|p2a: Annihilape|30\/100|[from] item: Leftovers\n|-damage|p1a: Torqoise|1\/100 brn|[from] brn\n|upkeep\n|turn|9\n|\n|t:|1681740614\n|move|p1a: Torqoise|Jet Punch|p2a: Annihilape\n|-damage|p2a: Annihilape|5\/100\n|move|p1b: BlockBuster|Ice Shard|p2a: Annihilape\n|-crit|p2a: Annihilape\n|-damage|p2a: Annihilape|0 fnt\n|faint|p2a: Annihilape\n|\n|win|Tawn\n|raw|Tawn's rating: 1016 → 1062<\/strong> (+46 for winning)\n|raw|Some Chump's rating: 1096 → 1066<\/strong> (-30 for losing)\n|l|\u203dSome Chump\n","uploadtime":1681740624,"views":7,"p1id":"tawn","p2id":"somechump","formatid":"gen9vgc2023regulationc","rating":1062,"private":0,"password":""}