{"id":"gen9vgc2023regulationc-1856256404","p1":"BCDefault","p2":"preatons","format":"[Gen 9] VGC 2023 Regulation C","log":"|j|\u2606BCDefault\n|j|\u2606preatons\n|t:|1683045137\n|gametype|doubles\n|player|p1|BCDefault|worker|1108\n|player|p2|preatons|265|1105\n|teamsize|p1|6\n|teamsize|p2|6\n|gen|9\n|tier|[Gen 9] VGC 2023 Regulation C\n|rated|\n|rule|Species Clause: Limit one of each Pok\u00e9mon\n|rule|Item Clause: Limit one of each item\n|clearpoke\n|poke|p1|Lucario, L50, M|\n|poke|p1|Grimmsnarl, L50, M|\n|poke|p1|Palafin, L50, F|\n|poke|p1|Gholdengo, L50|\n|poke|p1|Magneton, L50|\n|poke|p1|Kingambit, L50, F|\n|poke|p2|Chien-Pao, L50|\n|poke|p2|Ceruledge, L50, M|\n|poke|p2|Garganacl, L50, F|\n|poke|p2|Kingambit, L50, M|\n|poke|p2|Torkoal, L50, M|\n|poke|p2|Flutter Mane, L50|\n|teampreview|4\n|\n|t:|1683045171\n|start\n|switch|p1a: Grimmsnarl|Grimmsnarl, L50, M|100\/100\n|switch|p1b: Palafin|Palafin, L50, F|100\/100\n|switch|p2a: Ceruledge|Ceruledge, L50, M|100\/100\n|switch|p2b: Torkoal|Torkoal, L50, M|100\/100\n|-weather|SunnyDay|[from] ability: Drought|[of] p2b: Torkoal\n|turn|1\n|\n|t:|1683045188\n|detailschange|p1b: Palafin|Palafin-Hero, L50, F\n|switch|p1b: Lucario|Lucario, L50, M|100\/100\n|-terastallize|p2a: Ceruledge|Grass\n|move|p1a: Grimmsnarl|Light Screen|p1a: Grimmsnarl\n|-sidestart|p1: BCDefault|move: Light Screen\n|move|p2a: Ceruledge|Tera Blast|p1b: Lucario\n|-resisted|p1b: Lucario\n|-damage|p1b: Lucario|73\/100\n|move|p2b: Torkoal|Heat Wave|p1a: Grimmsnarl|[spread] p1a,p1b\n|-supereffective|p1b: Lucario\n|-damage|p1a: Grimmsnarl|80\/100\n|-damage|p1b: Lucario|10\/100\n|\n|-weather|SunnyDay|[upkeep]\n|upkeep\n|turn|2\n|\n|t:|1683045211\n|move|p1b: Lucario|Extreme Speed|p2a: Ceruledge\n|-damage|p2a: Ceruledge|58\/100\n|move|p2a: Ceruledge|Bitter Blade|p1a: Grimmsnarl\n|-damage|p1a: Grimmsnarl|0 fnt\n|-heal|p2a: Ceruledge|100\/100|[from] drain|[of] p1a: Grimmsnarl\n|faint|p1a: Grimmsnarl\n|move|p2b: Torkoal|Heat Wave|p1b: Lucario\n|-supereffective|p1b: Lucario\n|-crit|p1b: Lucario\n|-damage|p1b: Lucario|0 fnt\n|faint|p1b: Lucario\n|\n|-weather|SunnyDay|[upkeep]\n|upkeep\n|\n|t:|1683045221\n|switch|p1b: Gholdengo|Gholdengo, L50|100\/100\n|switch|p1a: Palafin|Palafin-Hero, L50, F|100\/100\n|-activate|p1a: Palafin|ability: Zero to Hero\n|turn|3\n|\n|t:|1683045251\n|-terastallize|p1b: Gholdengo|Normal\n|move|p2b: Torkoal|Protect|p2b: Torkoal\n|-singleturn|p2b: Torkoal|Protect\n|move|p2a: Ceruledge|Bitter Blade|p1b: Gholdengo\n|-damage|p1b: Gholdengo|20\/100\n|move|p1b: Gholdengo|Shadow Ball|p2a: Ceruledge\n|-damage|p2a: Ceruledge|28\/100\n|-damage|p1b: Gholdengo|10\/100|[from] item: Life Orb\n|move|p1a: Palafin|Ice Punch|p2a: Ceruledge\n|-supereffective|p2a: Ceruledge\n|-damage|p2a: Ceruledge|0 fnt\n|faint|p2a: Ceruledge\n|\n|-weather|SunnyDay|[upkeep]\n|upkeep\n|\n|t:|1683045266\n|switch|p2a: Flutter Mane|Flutter Mane, L50|100\/100\n|-activate|p2a: Flutter Mane|ability: Protosynthesis\n|-start|p2a: Flutter Mane|protosynthesisspe\n|turn|4\n|\n|t:|1683045301\n|move|p2a: Flutter Mane|Dazzling Gleam|p1a: Palafin|[spread] p1a,p1b\n|-damage|p1a: Palafin|79\/100\n|-damage|p1b: Gholdengo|0 fnt\n|faint|p1b: Gholdengo\n|move|p1a: Palafin|Wave Crash|p2a: Flutter Mane\n|-damage|p2a: Flutter Mane|6\/100\n|-damage|p1a: Palafin|59\/100|[from] Recoil\n|move|p2b: Torkoal|Will-O-Wisp|p1a: Palafin\n|-status|p1a: Palafin|brn\n|-enditem|p1a: Palafin|Lum Berry|[eat]\n|-curestatus|p1a: Palafin|brn|[msg]\n|\n|-weather|SunnyDay|[upkeep]\n|upkeep\n|turn|5\n|\n|t:|1683045319\n|move|p1a: Palafin|Jet Punch|p2a: Flutter Mane\n|-damage|p2a: Flutter Mane|0 fnt\n|faint|p2a: Flutter Mane\n|-end|p2a: Flutter Mane|Protosynthesis|[silent]\n|move|p2b: Torkoal|Will-O-Wisp|p1a: Palafin|[miss]\n|-miss|p2b: Torkoal|p1a: Palafin\n|\n|-weather|none\n|upkeep\n|\n|t:|1683045325\n|switch|p2a: Kingambit|Kingambit, L50, M|100\/100\n|turn|6\n|\n|t:|1683045335\n|move|p1a: Palafin|Drain Punch|p2a: Kingambit\n|-supereffective|p2a: Kingambit\n|-damage|p2a: Kingambit|0 fnt\n|-heal|p1a: Palafin|100\/100|[from] drain|[of] p2a: Kingambit\n|faint|p2a: Kingambit\n|move|p2b: Torkoal|Will-O-Wisp|p1a: Palafin\n|-status|p1a: Palafin|brn\n|\n|-damage|p1a: Palafin|95\/100 brn|[from] brn\n|upkeep\n|turn|7\n|\n|t:|1683045346\n|move|p1a: Palafin|Wave Crash|p2b: Torkoal\n|-supereffective|p2b: Torkoal\n|-damage|p2b: Torkoal|42\/100\n|-damage|p1a: Palafin|79\/100 brn|[from] Recoil\n|move|p2b: Torkoal|Heat Wave|p1a: Palafin\n|-resisted|p1a: Palafin\n|-damage|p1a: Palafin|69\/100 brn\n|\n|-damage|p1a: Palafin|63\/100 brn|[from] brn\n|upkeep\n|turn|8\n|\n|t:|1683045353\n|move|p2b: Torkoal|Protect|p2b: Torkoal\n|-singleturn|p2b: Torkoal|Protect\n|move|p1a: Palafin|Jet Punch|p2b: Torkoal\n|-activate|p2b: Torkoal|move: Protect\n|\n|-damage|p1a: Palafin|57\/100 brn|[from] brn\n|-sideend|p1: BCDefault|move: Light Screen\n|upkeep\n|turn|9\n|\n|t:|1683045360\n|move|p1a: Palafin|Wave Crash|p2b: Torkoal\n|-supereffective|p2b: Torkoal\n|-damage|p2b: Torkoal|0 fnt\n|faint|p2b: Torkoal\n|-damage|p1a: Palafin|46\/100 brn|[from] Recoil\n|\n|win|BCDefault\n|raw|BCDefault's rating: 1108 → 1133<\/strong> (+25 for winning)\n|raw|preatons's rating: 1105 → 1080<\/strong> (-25 for losing)\n|c|\u2606BCDefault|gg\n|l|\u2606preatons\n","uploadtime":1683045369,"views":10,"p1id":"bcdefault","p2id":"preatons","formatid":"gen9vgc2023regulationc","rating":1080,"private":0,"password":""}