{"id":"gen9vgc2023regulationc-1847427087","p1":"PoGoboy","p2":"Tempest brute","format":"[Gen 9] VGC 2023 Regulation C","log":"|j|\u2606PoGoboy\n|j|\u2606Tempest brute\n|t:|1681953798\n|gametype|doubles\n|player|p1|PoGoboy|rika|\n|player|p2|Tempest brute|veteran|\n|teamsize|p1|6\n|teamsize|p2|4\n|gen|9\n|tier|[Gen 9] VGC 2023 Regulation C\n|rated|Tournament battle\n|rule|Species Clause: Limit one of each Pok\u00e9mon\n|rule|Item Clause: Limit one of each item\n|clearpoke\n|poke|p1|Iron Jugulis, L50|\n|poke|p1|Garchomp, L50, M|\n|poke|p1|Abomasnow, L50, M|\n|poke|p1|Iron Bundle, L50|\n|poke|p1|Gyarados, L50, M|\n|poke|p1|Arcanine, L50, F|\n|poke|p2|Ting-Lu, L50|\n|poke|p2|Roaring Moon, L50|\n|poke|p2|Klefki, L50, F|\n|poke|p2|Skeledirge, L50, M|\n|teampreview|4\n|raw| Open Team Sheet for PoGoboy<\/summary>Iron Jugulis @ Booster Energy Ability: Quark Drive Level: 50 Tera Type: Fire - Protect - Snarl - Air Slash - Tailwind Garchomp @ Clear Amulet Ability: Rough Skin Level: 50 Tera Type: Ground - Protect - Stomping Tantrum - Earthquake - Rock Slide Abomasnow @ Life Orb Ability: Snow Warning Level: 50 Shiny: Yes Tera Type: Water - Protect - Giga Drain - Blizzard - Aurora Veil Iron Bundle @ Choice Specs Ability: Quark Drive Level: 50 Shiny: Yes Tera Type: Water - Hydro Pump - Icy Wind - Freeze-Dry - Blizzard Gyarados @ Safety Goggles Ability: Intimidate Level: 50 Tera Type: Flying - Protect - Tera Blast - Waterfall - Dragon Dance Arcanine @ Sitrus Berry Ability: Intimidate Level: 50 Tera Type: Normal - Protect - Will-O-Wisp - Flare Blitz - Extreme Speed <\/details><\/div> Open Team Sheet for Tempest brute<\/summary>Ting-Lu @ Leftovers Ability: Vessel of Ruin Level: 50 Tera Type: Water - Body Press - Throat Chop - Whirlwind - Protect Roaring Moon @ Booster Energy Ability: Protosynthesis Level: 50 Tera Type: Flying - Substitute - Acrobatics - Jaw Lock - Protect Klefki @ Light Clay Ability: Prankster Level: 50 Tera Type: Water - Reflect - Light Screen - Thunder Wave - Dazzling Gleam Skeledirge @ Sitrus Berry Ability: Unaware Level: 50 Tera Type: Grass - Will-O-Wisp - Torch Song - Shadow Ball - Slack Off <\/details><\/div>\n|inactive|Battle timer is ON: inactive players will automatically lose when time's up. (requested by PoGoboy)\n|j| choicebadkyurem\n|j| warhead852\n|\n|t:|1681953828\n|start\n|switch|p1a: Gyarados|Gyarados, L50, M|100\/100\n|switch|p1b: Arcanine|Arcanine, L50, F|100\/100\n|switch|p2a: Klefki|Klefki, L50, F|100\/100\n|switch|p2b: Skeledirge|Skeledirge, L50, M|100\/100\n|-ability|p1b: Arcanine|Intimidate|boost\n|-unboost|p2a: Klefki|atk|1\n|-unboost|p2b: Skeledirge|atk|1\n|-ability|p1a: Gyarados|Intimidate|boost\n|-unboost|p2a: Klefki|atk|1\n|-unboost|p2b: Skeledirge|atk|1\n|turn|1\n|j| cshrubs\n|j| killerbasc\n|\n|t:|1681953840\n|switch|p2b: Roaring Moon|Roaring Moon, L50|100\/100\n|-enditem|p2b: Roaring Moon|Booster Energy\n|-activate|p2b: Roaring Moon|ability: Protosynthesis|[fromitem]\n|-start|p2b: Roaring Moon|protosynthesisspe\n|move|p2a: Klefki|Reflect|p2a: Klefki\n|-sidestart|p2: Tempest brute|Reflect\n|move|p1b: Arcanine|Flare Blitz|p2a: Klefki\n|-supereffective|p2a: Klefki\n|-damage|p2a: Klefki|27\/100\n|-damage|p1b: Arcanine|77\/100|[from] Recoil\n|move|p1a: Gyarados|Waterfall|p2b: Roaring Moon\n|-resisted|p2b: Roaring Moon\n|-damage|p2b: Roaring Moon|86\/100\n|\n|upkeep\n|turn|2\n|inactive|Tempest brute has 30 seconds left.\n|\n|t:|1681953869\n|move|p2a: Klefki|Light Screen|p2a: Klefki\n|-sidestart|p2: Tempest brute|move: Light Screen\n|move|p2b: Roaring Moon|Substitute|p2b: Roaring Moon\n|-start|p2b: Roaring Moon|Substitute\n|-damage|p2b: Roaring Moon|61\/100\n|move|p1b: Arcanine|Will-O-Wisp||[still]\n|-fail|p1b: Arcanine\n|move|p1a: Gyarados|Dragon Dance|p1a: Gyarados\n|-boost|p1a: Gyarados|atk|1\n|-boost|p1a: Gyarados|spe|1\n|\n|upkeep\n|turn|3\n|\n|t:|1681953882\n|-terastallize|p1a: Gyarados|Flying\n|move|p2a: Klefki|Thunder Wave|p1a: Gyarados\n|-status|p1a: Gyarados|par\n|move|p2b: Roaring Moon|Jaw Lock|p1a: Gyarados\n|-damage|p1a: Gyarados|59\/100 par\n|-activate|p2b: Roaring Moon|trapped\n|-activate|p1a: Gyarados|trapped\n|move|p1b: Arcanine|Will-O-Wisp||[still]\n|-fail|p1b: Arcanine\n|cant|p1a: Gyarados|par\n|\n|upkeep\n|turn|4\n|j| cb-sooner\n|j| blooperlink123\n|\n|t:|1681953904\n|move|p2b: Roaring Moon|Jaw Lock|p1a: Gyarados\n|-damage|p1a: Gyarados|14\/100 par\n|move|p1b: Arcanine|Flare Blitz|p2a: Klefki\n|-supereffective|p2a: Klefki\n|-damage|p2a: Klefki|0 fnt\n|faint|p2a: Klefki\n|-damage|p1b: Arcanine|69\/100|[from] Recoil\n|move|p1a: Gyarados|Tera Blast|p2b: Roaring Moon\n|-end|p2b: Roaring Moon|Substitute\n|\n|upkeep\n|\n|t:|1681953914\n|switch|p2a: Skeledirge|Skeledirge, L50, M|100\/100\n|turn|5\n|\n|t:|1681953922\n|move|p2b: Roaring Moon|Protect|p2b: Roaring Moon\n|-singleturn|p2b: Roaring Moon|Protect\n|move|p1a: Gyarados|Protect|p1a: Gyarados\n|-singleturn|p1a: Gyarados|Protect\n|move|p1b: Arcanine|Will-O-Wisp|p2b: Roaring Moon\n|-activate|p2b: Roaring Moon|move: Protect\n|move|p2a: Skeledirge|Torch Song|p1a: Gyarados\n|-activate|p1a: Gyarados|move: Protect\n|\n|upkeep\n|turn|6\n|\n|t:|1681953932\n|move|p1b: Arcanine|Extreme Speed|p2b: Roaring Moon\n|-damage|p2b: Roaring Moon|46\/100\n|move|p2b: Roaring Moon|Substitute|p2b: Roaring Moon\n|-start|p2b: Roaring Moon|Substitute\n|-damage|p2b: Roaring Moon|21\/100\n|move|p2a: Skeledirge|Torch Song|p1a: Gyarados\n|-damage|p1a: Gyarados|0 fnt\n|-boost|p2a: Skeledirge|spa|1\n|faint|p1a: Gyarados\n|\n|upkeep\n|\n|t:|1681953938\n|switch|p1a: Abomasnow|Abomasnow, L50, M, shiny|100\/100\n|-weather|Snow|[from] ability: Snow Warning|[of] p1a: Abomasnow\n|turn|7\n|\n|t:|1681953946\n|move|p1a: Abomasnow|Protect|p1a: Abomasnow\n|-singleturn|p1a: Abomasnow|Protect\n|move|p1b: Arcanine|Extreme Speed|p2b: Roaring Moon\n|-activate|p2b: Roaring Moon|move: Substitute|[damage]\n|move|p2b: Roaring Moon|Jaw Lock|p1b: Arcanine\n|-damage|p1b: Arcanine|20\/100\n|-activate|p2b: Roaring Moon|trapped\n|-activate|p1b: Arcanine|trapped\n|-enditem|p1b: Arcanine|Sitrus Berry|[eat]\n|-heal|p1b: Arcanine|45\/100|[from] item: Sitrus Berry\n|move|p2a: Skeledirge|Torch Song|p1a: Abomasnow\n|-activate|p1a: Abomasnow|move: Protect\n|\n|-weather|Snow|[upkeep]\n|upkeep\n|turn|8\n|\n|t:|1681953970\n|move|p1b: Arcanine|Extreme Speed|p2b: Roaring Moon\n|-end|p2b: Roaring Moon|Substitute\n|move|p2b: Roaring Moon|Jaw Lock|p1b: Arcanine\n|-damage|p1b: Arcanine|0 fnt\n|faint|p1b: Arcanine\n|move|p2a: Skeledirge|Torch Song|p1a: Abomasnow\n|-supereffective|p1a: Abomasnow\n|-damage|p1a: Abomasnow|0 fnt\n|-boost|p2a: Skeledirge|spa|1\n|faint|p1a: Abomasnow\n|\n|-weather|Snow|[upkeep]\n|-sideend|p2: Tempest brute|Reflect\n|upkeep\n|l| killerbasc\n|j| killerbasc\n|\n|t:|1681953978\n|switch|p1a: Iron Bundle|Iron Bundle, L50, shiny|100\/100\n|turn|9\n|j| Monkeyshoulders\n|c|\u2606PoGoboy|Gg\n|\n|t:|1681953989\n|move|p2b: Roaring Moon|Jaw Lock|p1a: Iron Bundle\n|-damage|p1a: Iron Bundle|68\/100\n|-activate|p2b: Roaring Moon|trapped\n|-activate|p1a: Iron Bundle|trapped\n|move|p1a: Iron Bundle|Hydro Pump|p2a: Skeledirge\n|-supereffective|p2a: Skeledirge\n|-damage|p2a: Skeledirge|19\/100\n|-enditem|p2a: Skeledirge|Sitrus Berry|[eat]\n|-heal|p2a: Skeledirge|44\/100|[from] item: Sitrus Berry\n|move|p2a: Skeledirge|Torch Song|p1a: Iron Bundle\n|-damage|p1a: Iron Bundle|0 fnt\n|-boost|p2a: Skeledirge|spa|1\n|faint|p1a: Iron Bundle\n|-end|p1a: Iron Bundle|Quark Drive|[silent]\n|\n|win|Tempest brute\n|n|\u2606PoGoboy|pogoboy\n|n|\u2606Tempest brute|tempestbrute\n|n| choicebadkyurem|choicebadkyurem\n|n| warhead852|warhead852\n|n| cshrubs|cshrubs\n|n| cb-sooner|cbsooner\n|n| blooperlink123|blooperlink123\n|n| killerbasc|killerbasc\n|n| Monkeyshoulders|monkeyshoulders\n","uploadtime":1681953991,"views":10,"p1id":"pogoboy","p2id":"tempestbrute","formatid":"gen9vgc2023regulationc","rating":0,"private":0,"password":""}