{"id":"gen9vgc2023regulationc-1846996449","p1":"Rud9585","p2":"Lerotri","format":"[Gen 9] VGC 2023 Regulation C","log":"|j|\u2606Rud9585\n|j|\u2606Lerotri\n|t:|1681910107\n|gametype|doubles\n|player|p1|Rud9585|steven|1311\n|player|p2|Lerotri|emmet|1290\n|teamsize|p1|6\n|teamsize|p2|6\n|gen|9\n|tier|[Gen 9] VGC 2023 Regulation C\n|rated|\n|rule|Species Clause: Limit one of each Pok\u00e9mon\n|rule|Item Clause: Limit one of each item\n|clearpoke\n|poke|p1|Chi-Yu, L50|\n|poke|p1|Dachsbun, L50, F|\n|poke|p1|Flutter Mane, L50|\n|poke|p1|Palafin, L50, M|\n|poke|p1|Chien-Pao, L50|\n|poke|p1|Amoonguss, L50, F|\n|poke|p2|Flutter Mane, L50|\n|poke|p2|Chi-Yu, L50|\n|poke|p2|Gyarados, L50, F|\n|poke|p2|Amoonguss, L50, F|\n|poke|p2|Glimmora, L50, F|\n|poke|p2|Iron Hands, L50|\n|teampreview|4\n|inactive|Battle timer is ON: inactive players will automatically lose when time's up. (requested by Lerotri)\n|inactive|Rud9585 also wants the timer to be on.\nLerotri has agreed to open team sheets.\n|\n|t:|1681910124\n|start\n|switch|p1a: Chi-Yu|Chi-Yu, L50|100\/100\n|switch|p1b: Palafin|Palafin, L50, M|100\/100\n|switch|p2a: Gyarados|Gyarados, L50, F|100\/100\n|switch|p2b: Chi-Yu|Chi-Yu, L50|100\/100\n|-ability|p1a: Chi-Yu|Beads of Ruin\n|-ability|p2b: Chi-Yu|Beads of Ruin\n|-ability|p2a: Gyarados|Intimidate|boost\n|-unboost|p1a: Chi-Yu|atk|1\n|-unboost|p1b: Palafin|atk|1\n|turn|1\n|\n|t:|1681910139\n|detailschange|p1b: Palafin|Palafin-Hero, L50, M\n|switch|p1b: Dachsbun|Dachsbun, L50, F|100\/100\n|-terastallize|p2b: Chi-Yu|Ghost\n|move|p1a: Chi-Yu|Lava Plume|p2a: Gyarados|[spread] p2a,p2b\n|-ability|p1b: Dachsbun|Well-Baked Body|boost\n|-boost|p1b: Dachsbun|def|2\n|-resisted|p2a: Gyarados\n|-damage|p2a: Gyarados|84\/100\n|-damage|p2b: Chi-Yu|61\/100\n|-status|p2a: Gyarados|brn\n|-enditem|p2a: Gyarados|Lum Berry|[eat]\n|-curestatus|p2a: Gyarados|brn|[msg]\n|-status|p2b: Chi-Yu|brn\n|move|p2b: Chi-Yu|Dark Pulse|p1b: Dachsbun\n|-resisted|p1b: Dachsbun\n|-damage|p1b: Dachsbun|69\/100\n|move|p2a: Gyarados|Waterfall|p1a: Chi-Yu\n|-supereffective|p1a: Chi-Yu\n|-damage|p1a: Chi-Yu|0 fnt\n|faint|p1a: Chi-Yu\n|\n|-heal|p1b: Dachsbun|75\/100|[from] item: Leftovers\n|-damage|p2b: Chi-Yu|55\/100 brn|[from] brn\n|upkeep\n|\n|t:|1681910163\n|switch|p1a: Palafin|Palafin-Hero, L50, M|100\/100\n|-activate|p1a: Palafin|ability: Zero to Hero\n|turn|2\n|\n|t:|1681910179\n|-terastallize|p1a: Palafin|Water\n|move|p2b: Chi-Yu|Dark Pulse|p1a: Palafin\n|-damage|p1a: Palafin|43\/100\n|move|p1a: Palafin|Wave Crash|p2a: Gyarados\n|-resisted|p2a: Gyarados\n|-damage|p2a: Gyarados|34\/100\n|-damage|p1a: Palafin|27\/100|[from] Recoil\n|move|p1b: Dachsbun|Yawn|p2a: Gyarados\n|-start|p2a: Gyarados|move: Yawn|[of] p1b: Dachsbun\n|move|p2a: Gyarados|Thunder Wave|p1b: Dachsbun\n|-status|p1b: Dachsbun|par\n|\n|-heal|p1b: Dachsbun|82\/100 par|[from] item: Leftovers\n|-damage|p2b: Chi-Yu|49\/100 brn|[from] brn\n|upkeep\n|turn|3\n|\n|t:|1681910203\n|switch|p2b: Amoonguss|Amoonguss, L50, F|100\/100\n|switch|p2a: Iron Hands|Iron Hands, L50|100\/100\n|move|p1a: Palafin|Jet Punch|p2b: Amoonguss\n|-resisted|p2b: Amoonguss\n|-damage|p2b: Amoonguss|79\/100\n|move|p1b: Dachsbun|Yawn|p2a: Iron Hands\n|-start|p2a: Iron Hands|move: Yawn|[of] p1b: Dachsbun\n|\n|-heal|p1b: Dachsbun|88\/100 par|[from] item: Leftovers\n|upkeep\n|turn|4\n|\n|t:|1681910219\n|-end|p2a: Iron Hands|Quark Drive|[silent]\n|switch|p2a: Chi-Yu|Chi-Yu, L50, tera:Ghost|49\/100 brn\n|-ability|p2a: Chi-Yu|Beads of Ruin\n|move|p1a: Palafin|Protect|p1a: Palafin\n|-singleturn|p1a: Palafin|Protect\n|move|p1b: Dachsbun|Body Press|p2b: Amoonguss\n|-resisted|p2b: Amoonguss\n|-damage|p2b: Amoonguss|63\/100\n|move|p2b: Amoonguss|Pollen Puff|p1a: Palafin\n|-activate|p1a: Palafin|move: Protect\n|\n|-heal|p1b: Dachsbun|94\/100 par|[from] item: Leftovers\n|-damage|p2a: Chi-Yu|43\/100 brn|[from] brn\n|upkeep\n|turn|5\n|\n|t:|1681910240\n|move|p2b: Amoonguss|Rage Powder|p2b: Amoonguss\n|-singleturn|p2b: Amoonguss|move: Rage Powder\n|move|p1a: Palafin|Jet Punch|p2b: Amoonguss\n|-resisted|p2b: Amoonguss\n|-damage|p2b: Amoonguss|44\/100\n|-enditem|p2b: Amoonguss|Sitrus Berry|[eat]\n|-heal|p2b: Amoonguss|69\/100|[from] item: Sitrus Berry\n|move|p2a: Chi-Yu|Dark Pulse|p1a: Palafin\n|-damage|p1a: Palafin|0 fnt\n|faint|p1a: Palafin\n|move|p1b: Dachsbun|Yawn|p2b: Amoonguss\n|-start|p2b: Amoonguss|move: Yawn|[of] p1b: Dachsbun\n|\n|-heal|p1b: Dachsbun|99\/100 par|[from] item: Leftovers\n|-damage|p2a: Chi-Yu|37\/100 brn|[from] brn\n|upkeep\n|\n|t:|1681910254\n|switch|p1a: Chien-Pao|Chien-Pao, L50|100\/100\n|-ability|p1a: Chien-Pao|Sword of Ruin\n|turn|6\n|\n|t:|1681910271\n|switch|p2a: Iron Hands|Iron Hands, L50|100\/100\n|switch|p2b: Gyarados|Gyarados, L50, F|34\/100\n|-ability|p2b: Gyarados|Intimidate|boost\n|-unboost|p1a: Chien-Pao|atk|1\n|-unboost|p1b: Dachsbun|atk|1\n|move|p1a: Chien-Pao|Protect|p1a: Chien-Pao\n|-singleturn|p1a: Chien-Pao|Protect\n|move|p1b: Dachsbun|Play Rough|p2a: Iron Hands|[miss]\n|-miss|p1b: Dachsbun|p2a: Iron Hands\n|\n|-heal|p1b: Dachsbun|100\/100 par|[from] item: Leftovers\n|upkeep\n|turn|7\n|inactive|Rud9585 has 30 seconds left.\n|\n|t:|1681910296\n|move|p2b: Gyarados|Protect|p2b: Gyarados\n|-singleturn|p2b: Gyarados|Protect\n|move|p1a: Chien-Pao|Ice Spinner|p2b: Gyarados\n|-activate|p2b: Gyarados|move: Protect\n|move|p2a: Iron Hands|Drain Punch|p1a: Chien-Pao\n|-supereffective|p1a: Chien-Pao\n|-enditem|p1a: Chien-Pao|Focus Sash\n|-damage|p1a: Chien-Pao|1\/100\n|move|p1b: Dachsbun|Play Rough|p2a: Iron Hands\n|-supereffective|p2a: Iron Hands\n|-damage|p2a: Iron Hands|69\/100\n|-unboost|p2a: Iron Hands|atk|1\n|\n|upkeep\n|turn|8\n|inactive|Lerotri has 30 seconds left.\n|\n|t:|1681910324\n|-end|p2a: Iron Hands|Quark Drive|[silent]\n|switch|p2a: Amoonguss|Amoonguss, L50, F|100\/100\n|move|p1a: Chien-Pao|Protect|p1a: Chien-Pao\n|-singleturn|p1a: Chien-Pao|Protect\n|move|p2b: Gyarados|Waterfall|p1a: Chien-Pao\n|-activate|p1a: Chien-Pao|move: Protect\n|move|p1b: Dachsbun|Play Rough|p2a: Amoonguss\n|-resisted|p2a: Amoonguss\n|-damage|p2a: Amoonguss|92\/100\n|\n|upkeep\n|turn|9\n|\n|t:|1681910344\n|move|p2a: Amoonguss|Protect|p2a: Amoonguss\n|-singleturn|p2a: Amoonguss|Protect\n|move|p1a: Chien-Pao|Ice Spinner|p2a: Amoonguss\n|-activate|p2a: Amoonguss|move: Protect\n|move|p2b: Gyarados|Waterfall|p1a: Chien-Pao\n|-damage|p1a: Chien-Pao|0 fnt\n|faint|p1a: Chien-Pao\n|cant|p1b: Dachsbun|par\n|\n|upkeep\n|turn|10\n|\n|t:|1681910358\n|move|p2b: Gyarados|Waterfall|p1b: Dachsbun\n|-damage|p1b: Dachsbun|80\/100 par\n|move|p1b: Dachsbun|Body Press|p2b: Gyarados\n|-resisted|p2b: Gyarados\n|-damage|p2b: Gyarados|12\/100\n|move|p2a: Amoonguss|Pollen Puff|p2b: Gyarados\n|-heal|p2b: Gyarados|62\/100\n|\n|-heal|p1b: Dachsbun|86\/100 par|[from] item: Leftovers\n|upkeep\n|turn|11\n|-message|Rud9585 forfeited.\n|\n|win|Lerotri\n|raw|Rud9585's rating: 1311 → 1290<\/strong> (-21 for losing)\n|raw|Lerotri's rating: 1290 → 1317<\/strong> (+27 for winning)\n|l|\u2606Rud9585\n","uploadtime":1681910381,"views":9,"p1id":"rud9585","p2id":"lerotri","formatid":"gen9vgc2023regulationc","rating":1290,"private":0,"password":""}