{"id":"gen9vgc2023regulationc-1859801973","p1":"BabyGrizzley","p2":"Lukappa_k117","format":"[Gen 9] VGC 2023 Regulation C","log":"|j|\u2606BabyGrizzley\n|j|\u2606Lukappa_k117\n|t:|1683565736\n|gametype|doubles\n|player|p1|BabyGrizzley|102|1139\n|player|p2|Lukappa_k117|n|1049\n|teamsize|p1|6\n|teamsize|p2|6\n|gen|9\n|tier|[Gen 9] VGC 2023 Regulation C\n|rated|\n|rule|Species Clause: Limit one of each Pok\u00e9mon\n|rule|Item Clause: Limit one of each item\n|clearpoke\n|poke|p1|Iron Hands, L50|\n|poke|p1|Flutter Mane, L50|\n|poke|p1|Amoonguss, L50, M|\n|poke|p1|Chi-Yu, L50|\n|poke|p1|Iron Bundle, L50|\n|poke|p1|Garchomp, L50, F|\n|poke|p2|Brambleghast, L50, M|\n|poke|p2|Talonflame, L50, F|\n|poke|p2|Chien-Pao, L50|\n|poke|p2|Palafin, L50, M|\n|poke|p2|Gholdengo, L50|\n|poke|p2|Ting-Lu, L50|\n|teampreview|4\n|inactive|Battle timer is ON: inactive players will automatically lose when time's up. (requested by Lukappa_k117)\n|\n|t:|1683565748\n|start\n|switch|p1a: Flutter Mane|Flutter Mane, L50, shiny|100\/100\n|switch|p1b: Chi-Yu|Chi-Yu, L50|100\/100\n|switch|p2a: Talonflame|Talonflame, L50, F|100\/100\n|switch|p2b: Brambleghast|Brambleghast, L50, M|100\/100\n|-ability|p1b: Chi-Yu|Beads of Ruin\n|turn|1\n|\n|t:|1683565764\n|-terastallize|p2b: Brambleghast|Ghost\n|move|p2a: Talonflame|Tailwind|p2a: Talonflame\n|-sidestart|p2: Lukappa_k117|move: Tailwind\n|-ability|p2b: Brambleghast|Wind Rider|boost\n|-boost|p2b: Brambleghast|atk|1\n|move|p2b: Brambleghast|Shadow Sneak|p1a: Flutter Mane\n|-supereffective|p1a: Flutter Mane\n|-damage|p1a: Flutter Mane|0 fnt\n|faint|p1a: Flutter Mane\n|-end|p1a: Flutter Mane|Protosynthesis|[silent]\n|move|p1b: Chi-Yu|Heat Wave|p2a: Talonflame|[spread] p2a\n|-ability|p2b: Brambleghast|Wind Rider|boost\n|-boost|p2b: Brambleghast|atk|1\n|-resisted|p2a: Talonflame\n|-damage|p2a: Talonflame|62\/100\n|\n|upkeep\n|\n|t:|1683565782\n|switch|p1a: Garchomp|Garchomp, L50, F|100\/100\n|turn|2\n|\n|t:|1683565799\n|switch|p2a: Chien-Pao|Chien-Pao, L50|100\/100\n|-ability|p2a: Chien-Pao|Sword of Ruin\n|move|p2b: Brambleghast|Shadow Sneak|p1a: Garchomp\n|-damage|p1a: Garchomp|2\/100\n|-damage|p2b: Brambleghast|88\/100|[from] ability: Rough Skin|[of] p1a: Garchomp\n|move|p1a: Garchomp|Rock Slide|p2b: Brambleghast|[spread] p2a\n|-miss|p1a: Garchomp|p2b: Brambleghast\n|-supereffective|p2a: Chien-Pao\n|-damage|p2a: Chien-Pao|43\/100\n|move|p1b: Chi-Yu|Dark Pulse|p2b: Brambleghast\n|-supereffective|p2b: Brambleghast\n|-damage|p2b: Brambleghast|0 fnt\n|faint|p2b: Brambleghast\n|\n|upkeep\n|\n|t:|1683565816\n|switch|p2b: Gholdengo|Gholdengo, L50|100\/100\n|turn|3\n|\n|t:|1683565820\n|move|p1a: Garchomp|Protect|p1a: Garchomp\n|-singleturn|p1a: Garchomp|Protect\n|move|p2a: Chien-Pao|Sacred Sword|p1b: Chi-Yu\n|-supereffective|p1b: Chi-Yu\n|-enditem|p1b: Chi-Yu|Focus Sash\n|-damage|p1b: Chi-Yu|1\/100\n|move|p2b: Gholdengo|Make It Rain|p1a: Garchomp|[spread] p1b\n|-activate|p1a: Garchomp|move: Protect\n|-resisted|p1b: Chi-Yu\n|-damage|p1b: Chi-Yu|0 fnt\n|-unboost|p2b: Gholdengo|spa|1\n|faint|p1b: Chi-Yu\n|\n|upkeep\n|\n|t:|1683565836\n|switch|p1b: Iron Hands|Iron Hands, L50, shiny|100\/100\n|turn|4\n|\n|t:|1683565850\n|-terastallize|p1b: Iron Hands|Fighting\n|move|p1b: Iron Hands|Fake Out|p2a: Chien-Pao\n|-damage|p2a: Chien-Pao|24\/100\n|cant|p2a: Chien-Pao|flinch\n|move|p2b: Gholdengo|Make It Rain|p1a: Garchomp|[spread] p1a,p1b\n|-crit|p1b: Iron Hands\n|-damage|p1a: Garchomp|0 fnt\n|-damage|p1b: Iron Hands|45\/100\n|-unboost|p2b: Gholdengo|spa|1\n|faint|p1a: Garchomp\n|\n|-sideend|p2: Lukappa_k117|move: Tailwind\n|upkeep\n|turn|5\n|\n|t:|1683565868\n|switch|p2b: Talonflame|Talonflame, L50, F|62\/100\n|move|p2a: Chien-Pao|Ice Spinner|p1b: Iron Hands\n|-damage|p1b: Iron Hands|11\/100\n|move|p1b: Iron Hands|Drain Punch|p2a: Chien-Pao\n|-supereffective|p2a: Chien-Pao\n|-damage|p2a: Chien-Pao|0 fnt\n|-heal|p1b: Iron Hands|18\/100|[from] drain|[of] p2a: Chien-Pao\n|faint|p2a: Chien-Pao\n|\n|upkeep\n|\n|t:|1683565877\n|switch|p2a: Gholdengo|Gholdengo, L50|100\/100\n|turn|6\n|\n|t:|1683565884\n|move|p2b: Talonflame|Brave Bird|p1b: Iron Hands\n|-supereffective|p1b: Iron Hands\n|-damage|p1b: Iron Hands|0 fnt\n|faint|p1b: Iron Hands\n|-end|p1b: Iron Hands|Quark Drive|[silent]\n|-damage|p2b: Talonflame|52\/100|[from] Recoil\n|\n|win|Lukappa_k117\n|raw|BabyGrizzley's rating: 1139 → 1108<\/strong> (-31 for losing)\n|raw|Lukappa_k117's rating: 1049 → 1090<\/strong> (+41 for winning)\n|l|\u2606BabyGrizzley\n","uploadtime":1683565921,"views":7,"p1id":"babygrizzley","p2id":"lukappak117","formatid":"gen9vgc2023regulationc","rating":1090,"private":0,"password":""}