{"id":"gen9vgc2023regulationc-1862082211","p1":"Albert Clanchez","p2":"Hadrian1917","format":"[Gen 9] VGC 2023 Regulation C","log":"|j|\u2606Albert Clanchez\n|j|\u2606Hadrian1917\n|t:|1683835135\n|gametype|doubles\n|player|p1|Albert Clanchez|1|1160\n|player|p2|Hadrian1917|brock|1162\n|teamsize|p1|6\n|teamsize|p2|6\n|gen|9\n|tier|[Gen 9] VGC 2023 Regulation C\n|rated|\n|rule|Species Clause: Limit one of each Pok\u00e9mon\n|rule|Item Clause: Limit one of each item\n|clearpoke\n|poke|p1|Ting-Lu, L50|\n|poke|p1|Salamence, L50, F|\n|poke|p1|Amoonguss, L50, F|\n|poke|p1|Palafin, L50, F|\n|poke|p1|Baxcalibur, L50, M|\n|poke|p1|Flutter Mane, L50|\n|poke|p2|Flutter Mane, L50|\n|poke|p2|Chi-Yu, L50|\n|poke|p2|Iron Hands, L50|\n|poke|p2|Ting-Lu, L50|\n|poke|p2|Gyarados, L50, F|\n|poke|p2|Amoonguss, L50, M|\n|teampreview|4\nAlbert Clanchez rejected open team sheets.\n|inactive|Battle timer is ON: inactive players will automatically lose when time's up. (requested by Hadrian1917)\n|\n|t:|1683835197\n|start\n|switch|p1a: ElementalHero|Palafin, L50, F|100\/100\n|switch|p1b: Magic|Amoonguss, L50, F|100\/100\n|switch|p2a: Flutter Mane|Flutter Mane, L50|100\/100\n|switch|p2b: Chi-Yu|Chi-Yu, L50|100\/100\n|-ability|p2b: Chi-Yu|Beads of Ruin\n|-enditem|p2a: Flutter Mane|Booster Energy\n|-activate|p2a: Flutter Mane|ability: Protosynthesis|[fromitem]\n|-start|p2a: Flutter Mane|protosynthesisspa\n|turn|1\n|inactive|Albert Clanchez has 30 seconds left.\n|inactive|Hadrian1917 has 30 seconds left.\n|inactive|Albert Clanchez has 20 seconds left.\n|\n|t:|1683835236\n|detailschange|p1a: ElementalHero|Palafin-Hero, L50, F\n|switch|p1a: Zilla|Baxcalibur, L50, M, shiny|100\/100\n|-terastallize|p2b: Chi-Yu|Grass\n|move|p2a: Flutter Mane|Substitute|p2a: Flutter Mane\n|-start|p2a: Flutter Mane|Substitute\n|-damage|p2a: Flutter Mane|76\/100\n|move|p2b: Chi-Yu|Tera Blast|p1a: Zilla\n|-resisted|p1a: Zilla\n|-damage|p1a: Zilla|76\/100\n|move|p1b: Magic|Spore||[still]\n|-fail|p1b: Magic\n|\n|upkeep\n|turn|2\n|inactive|Hadrian1917 has 30 seconds left.\n|inactive|Hadrian1917 has 20 seconds left.\n|inactive|Hadrian1917 has 15 seconds left.\n|\n|t:|1683835281\n|move|p1a: Zilla|Ice Shard|p2a: Flutter Mane\n|-end|p2a: Flutter Mane|Substitute\n|move|p2a: Flutter Mane|Shadow Ball|p1a: Zilla\n|-crit|p1a: Zilla\n|-damage|p1a: Zilla|0 fnt\n|faint|p1a: Zilla\n|move|p2b: Chi-Yu|Heat Wave|p1b: Magic\n|-supereffective|p1b: Magic\n|-damage|p1b: Magic|0 fnt\n|faint|p1b: Magic\n|\n|upkeep\n|\n|t:|1683835290\n|switch|p1a: Charizart|Salamence, L50, F, shiny|100\/100\n|switch|p1b: ElementalHero|Palafin-Hero, L50, F|100\/100\n|-activate|p1b: ElementalHero|ability: Zero to Hero\n|-ability|p1a: Charizart|Intimidate|boost\n|-unboost|p2a: Flutter Mane|atk|1\n|-unboost|p2b: Chi-Yu|atk|1\n|turn|3\n|\n|t:|1683835301\n|switch|p2b: Gyarados|Gyarados, L50, F|100\/100\n|-ability|p2b: Gyarados|Intimidate|boost\n|-unboost|p1a: Charizart|atk|1\n|-unboost|p1b: ElementalHero|atk|1\n|-terastallize|p1b: ElementalHero|Water\n|move|p2a: Flutter Mane|Protect|p2a: Flutter Mane\n|-singleturn|p2a: Flutter Mane|Protect\n|move|p1b: ElementalHero|Jet Punch|p2a: Flutter Mane\n|-activate|p2a: Flutter Mane|move: Protect\n|move|p1a: Charizart|Heat Wave|p2a: Flutter Mane|[spread] p2b\n|-activate|p2a: Flutter Mane|move: Protect\n|-resisted|p2b: Gyarados\n|-damage|p2b: Gyarados|91\/100\n|\n|upkeep\n|turn|4\n|inactive|Hadrian1917 has 30 seconds left.\n|inactive|Hadrian1917 has 20 seconds left.\n|inactive|Hadrian1917 has 15 seconds left.\n|\n|t:|1683835343\n|move|p1a: Charizart|Protect|p1a: Charizart\n|-singleturn|p1a: Charizart|Protect\n|move|p2a: Flutter Mane|Moonblast|p1a: Charizart\n|-activate|p1a: Charizart|move: Protect\n|move|p1b: ElementalHero|Wave Crash|p2a: Flutter Mane\n|-damage|p2a: Flutter Mane|0 fnt\n|faint|p2a: Flutter Mane\n|-end|p2a: Flutter Mane|Protosynthesis|[silent]\n|-damage|p1b: ElementalHero|85\/100|[from] Recoil\n|move|p2b: Gyarados|Icy Wind|p1b: ElementalHero|[spread] p1b\n|-activate|p1a: Charizart|move: Protect\n|-resisted|p1b: ElementalHero\n|-damage|p1b: ElementalHero|82\/100\n|-unboost|p1b: ElementalHero|spe|1\n|\n|upkeep\n|\n|t:|1683835361\n|switch|p2a: Chi-Yu|Chi-Yu, L50, tera:Grass|100\/100\n|-ability|p2a: Chi-Yu|Beads of Ruin\n|turn|5\n|\n|t:|1683835369\n|move|p2a: Chi-Yu|Protect|p2a: Chi-Yu\n|-singleturn|p2a: Chi-Yu|Protect\n|move|p1a: Charizart|Heat Wave|p2a: Chi-Yu|[spread] p2b\n|-activate|p2a: Chi-Yu|move: Protect\n|-resisted|p2b: Gyarados\n|-damage|p2b: Gyarados|80\/100\n|move|p2b: Gyarados|Icy Wind|p1b: ElementalHero|[spread] p1a\n|-miss|p2b: Gyarados|p1b: ElementalHero\n|-supereffective|p1a: Charizart\n|-damage|p1a: Charizart|71\/100\n|-unboost|p1a: Charizart|spe|1\n|move|p1b: ElementalHero|Wave Crash|p2b: Gyarados\n|-resisted|p2b: Gyarados\n|-crit|p2b: Gyarados\n|-damage|p2b: Gyarados|0 fnt\n|faint|p2b: Gyarados\n|-damage|p1b: ElementalHero|57\/100|[from] Recoil\n|\n|upkeep\n|\n|t:|1683835385\n|switch|p2b: Ting-Lu|Ting-Lu, L50|100\/100\n|-ability|p2b: Ting-Lu|Vessel of Ruin\n|turn|6\n|\n|t:|1683835394\n|move|p2a: Chi-Yu|Tera Blast|p1b: ElementalHero\n|-supereffective|p1b: ElementalHero\n|-damage|p1b: ElementalHero|0 fnt\n|faint|p1b: ElementalHero\n|move|p1a: Charizart|Heat Wave|p2a: Chi-Yu|[spread] p2a,p2b\n|-supereffective|p2a: Chi-Yu\n|-damage|p2a: Chi-Yu|61\/100\n|-damage|p2b: Ting-Lu|83\/100\n|move|p2b: Ting-Lu|Rock Tomb|p1a: Charizart\n|-supereffective|p1a: Charizart\n|-damage|p1a: Charizart|31\/100\n|-unboost|p1a: Charizart|spe|1\n|\n|-heal|p2b: Ting-Lu|89\/100|[from] item: Leftovers\n|upkeep\n|turn|7\n|-message|Albert Clanchez forfeited.\n|\n|win|Hadrian1917\n|raw|Albert Clanchez's rating: 1160 → 1135<\/strong> (-25 for losing)\n|raw|Hadrian1917's rating: 1162 → 1187<\/strong> (+25 for winning)\n|l|\u2606Albert Clanchez\n","uploadtime":1683835434,"views":13,"p1id":"albertclanchez","p2id":"hadrian1917","formatid":"gen9vgc2023regulationc","rating":1135,"private":0,"password":""}