{"id":"gen9vgc2023regulationc-1860263182","p1":"k58462312","p2":"rose_zkldin","format":"[Gen 9] VGC 2023 Regulation C","log":"|j|\u2606k58462312\n|j|\u2606rose_zkldin\n|t:|1683621409\n|gametype|doubles\n|player|p1|k58462312|riley|1196\n|player|p2|rose_zkldin|101|1118\n|teamsize|p1|6\n|teamsize|p2|6\n|gen|9\n|tier|[Gen 9] VGC 2023 Regulation C\n|rated|\n|rule|Species Clause: Limit one of each Pok\u00e9mon\n|rule|Item Clause: Limit one of each item\n|clearpoke\n|poke|p1|Arcanine, L50, F|\n|poke|p1|Corviknight, L50, F|\n|poke|p1|Vaporeon, L50, F|\n|poke|p1|Wo-Chien, L50|\n|poke|p1|Ting-Lu, L50|\n|poke|p1|Gallade, L50, M|\n|poke|p2|Chi-Yu, L50|\n|poke|p2|Dachsbun, L50, M|\n|poke|p2|Chien-Pao, L50|\n|poke|p2|Dragonite, L50, M|\n|poke|p2|Flutter Mane, L50|\n|poke|p2|Azumarill, L50, F|\n|teampreview|4\n|inactive|Battle timer is ON: inactive players will automatically lose when time's up. (requested by rose_zkldin)\n|inactive|k58462312 has 60 seconds left.\n|inactive|rose_zkldin has 60 seconds left.\n|\n|t:|1683621470\n|start\n|switch|p1a: Gallade|Gallade, L50, M|100\/100\n|switch|p1b: Corviknight|Corviknight, L50, F|100\/100\n|switch|p2a: Chi-Yu|Chi-Yu, L50|100\/100\n|switch|p2b: Dachsbun|Dachsbun, L50, M|100\/100\n|-ability|p2a: Chi-Yu|Beads of Ruin\n|turn|1\n|inactive|k58462312 has 30 seconds left.\n|\n|t:|1683621496\n|-terastallize|p1b: Corviknight|Fire\n|move|p2a: Chi-Yu|Lava Plume|p1b: Corviknight|[spread] p1a,p1b\n|-ability|p2b: Dachsbun|Well-Baked Body|boost\n|-boost|p2b: Dachsbun|def|2\n|-resisted|p1b: Corviknight\n|-damage|p1a: Gallade|61\/100\n|-damage|p1b: Corviknight|78\/100\n|-status|p1a: Gallade|brn\n|move|p2b: Dachsbun|Yawn||[still]\n|-fail|p2b: Dachsbun\n|move|p1b: Corviknight|Iron Head|p2b: Dachsbun\n|-supereffective|p2b: Dachsbun\n|-damage|p2b: Dachsbun|49\/100\n|move|p1a: Gallade|Sacred Sword|p2a: Chi-Yu\n|-supereffective|p2a: Chi-Yu\n|-damage|p2a: Chi-Yu|0 fnt\n|faint|p2a: Chi-Yu\n|\n|-heal|p2b: Dachsbun|55\/100|[from] item: Leftovers\n|-damage|p1a: Gallade|55\/100 brn|[from] brn\n|upkeep\n|\n|t:|1683621519\n|switch|p2a: Flutter Mane|Flutter Mane, L50|100\/100\n|-enditem|p2a: Flutter Mane|Booster Energy\n|-activate|p2a: Flutter Mane|ability: Protosynthesis|[fromitem]\n|-start|p2a: Flutter Mane|protosynthesisspe\n|turn|2\n|\n|t:|1683621533\n|move|p2b: Dachsbun|Protect|p2b: Dachsbun\n|-singleturn|p2b: Dachsbun|Protect\n|move|p1a: Gallade|Wide Guard|p1a: Gallade\n|-singleturn|p1a: Gallade|Wide Guard\n|move|p2a: Flutter Mane|Moonblast|p1a: Gallade\n|-supereffective|p1a: Gallade\n|-damage|p1a: Gallade|0 fnt\n|faint|p1a: Gallade\n|move|p1b: Corviknight|Iron Head|p2a: Flutter Mane\n|-supereffective|p2a: Flutter Mane\n|-damage|p2a: Flutter Mane|0 fnt\n|faint|p2a: Flutter Mane\n|-end|p2a: Flutter Mane|Protosynthesis|[silent]\n|\n|-heal|p2b: Dachsbun|61\/100|[from] item: Leftovers\n|upkeep\n|\n|t:|1683621553\n|switch|p2a: Chien-Pao|Chien-Pao, L50|100\/100\n|switch|p1a: Vaporeon|Vaporeon, L50, F|100\/100\n|-ability|p2a: Chien-Pao|Sword of Ruin\n|turn|3\n|\n|t:|1683621577\n|switch|p1b: Arcanine|Arcanine, L50, F|100\/100\n|-ability|p1b: Arcanine|Intimidate|boost\n|-unboost|p2a: Chien-Pao|atk|1\n|-unboost|p2b: Dachsbun|atk|1\n|-terastallize|p2a: Chien-Pao|Dark\n|move|p2a: Chien-Pao|Sucker Punch||[still]\n|-fail|p2a: Chien-Pao\n|move|p2b: Dachsbun|Wish|p2b: Dachsbun\n|move|p1a: Vaporeon|Haze|p1a: Vaporeon\n|-clearallboost\n|\n|-heal|p2b: Dachsbun|68\/100|[from] item: Leftovers\n|upkeep\n|turn|4\n|\n|t:|1683621601\n|move|p2a: Chien-Pao|Sucker Punch||[still]\n|-fail|p2a: Chien-Pao\n|move|p1a: Vaporeon|Baby-Doll Eyes|p2a: Chien-Pao\n|-unboost|p2a: Chien-Pao|atk|1\n|move|p1b: Arcanine|Will-O-Wisp|p2a: Chien-Pao\n|-status|p2a: Chien-Pao|brn\n|move|p2b: Dachsbun|Yawn|p1a: Vaporeon\n|-start|p1a: Vaporeon|move: Yawn|[of] p2b: Dachsbun\n|\n|-heal|p2b: Dachsbun|100\/100|[from] move: Wish|[wisher] Dachsbun\n|-damage|p2a: Chien-Pao|95\/100 brn|[from] brn\n|upkeep\n|turn|5\n|inactive|rose_zkldin has 30 seconds left.\n|\n|t:|1683621626\n|switch|p1a: Corviknight|Corviknight, L50, F, tera:Fire|78\/100\n|move|p2a: Chien-Pao|Sacred Sword|p1b: Arcanine\n|-damage|p1b: Arcanine|86\/100\n|move|p1b: Arcanine|Flare Blitz|p2a: Chien-Pao\n|-damage|p2a: Chien-Pao|17\/100 brn\n|-damage|p1b: Arcanine|65\/100|[from] Recoil\n|move|p2b: Dachsbun|Yawn|p1b: Arcanine\n|-start|p1b: Arcanine|move: Yawn|[of] p2b: Dachsbun\n|\n|-damage|p2a: Chien-Pao|11\/100 brn|[from] brn\n|upkeep\n|turn|6\n|inactive|rose_zkldin has 30 seconds left.\n|\n|t:|1683621652\n|switch|p1b: Vaporeon|Vaporeon, L50, F|100\/100\n|move|p2a: Chien-Pao|Sucker Punch||[still]\n|-fail|p2a: Chien-Pao\n|move|p2b: Dachsbun|Yawn|p1a: Corviknight\n|-start|p1a: Corviknight|move: Yawn|[of] p2b: Dachsbun\n|move|p1a: Corviknight|Iron Head|p2b: Dachsbun\n|-supereffective|p2b: Dachsbun\n|-crit|p2b: Dachsbun\n|-damage|p2b: Dachsbun|0 fnt\n|faint|p2b: Dachsbun\n|\n|-damage|p2a: Chien-Pao|5\/100 brn|[from] brn\n|upkeep\n|turn|7\n|-message|rose_zkldin forfeited.\n|\n|win|k58462312\n|raw|k58462312's rating: 1196 → 1215<\/strong> (+19 for winning)\n|raw|rose_zkldin's rating: 1118 → 1099<\/strong> (-19 for losing)\n|l|\u2606rose_zkldin\n||Ladder isn't responding, score probably updated but might not have (Request timeout).\n","uploadtime":1683621801,"views":9,"p1id":"k58462312","p2id":"rosezkldin","formatid":"gen9vgc2023regulationc","rating":1099,"private":0,"password":""}