{"id":"gen9vgc2023regulationc-1859357109","p1":"Vitalis24","p2":"Kitschgirl yujin","format":"[Gen 9] VGC 2023 Regulation C","log":"|j|\u2606Vitalis24\n|j|\u2606Kitschgirl yujin\n|t:|1683446173\n|gametype|doubles\n|player|p1|Vitalis24|ethan|1396\n|player|p2|Kitschgirl yujin|2|1438\n|teamsize|p1|6\n|teamsize|p2|6\n|gen|9\n|tier|[Gen 9] VGC 2023 Regulation C\n|rated|\n|rule|Species Clause: Limit one of each Pok\u00e9mon\n|rule|Item Clause: Limit one of each item\n|clearpoke\n|poke|p1|Indeedee-F, L50, F|\n|poke|p1|Flutter Mane, L50|\n|poke|p1|Ting-Lu, L50|\n|poke|p1|Iron Hands, L50|\n|poke|p1|Iron Bundle, L50|\n|poke|p1|Chi-Yu, L50|\n|poke|p2|Flutter Mane, L50|\n|poke|p2|Iron Bundle, L50|\n|poke|p2|Tyranitar, L50, M|\n|poke|p2|Talonflame, L50, M|\n|poke|p2|Garchomp, L50, M|\n|poke|p2|Meowscarada, L50, M|\n|teampreview|4\n|\n|t:|1683446211\n|start\n|switch|p1a: Iron Bundle|Iron Bundle, L50|100\/100\n|switch|p1b: Indeedee|Indeedee-F, L50, F|100\/100\n|switch|p2a: Garchomp|Garchomp, L50, M|100\/100\n|switch|p2b: Talonflame|Talonflame, L50, M|100\/100\n|-fieldstart|move: Psychic Terrain|[from] ability: Psychic Surge|[of] p1b: Indeedee\n|-enditem|p1b: Indeedee|Psychic Seed\n|-boost|p1b: Indeedee|spd|1|[from] item: Psychic Seed\n|-enditem|p1a: Iron Bundle|Booster Energy\n|-activate|p1a: Iron Bundle|ability: Quark Drive|[fromitem]\n|-start|p1a: Iron Bundle|quarkdrivespe\n|turn|1\n|\n|t:|1683446230\n|-terastallize|p2a: Garchomp|Steel\n|move|p1a: Iron Bundle|Protect|p1a: Iron Bundle\n|-singleturn|p1a: Iron Bundle|Protect\n|move|p2b: Talonflame|Tailwind|p2b: Talonflame\n|-sidestart|p2: Kitschgirl yujin|move: Tailwind\n|move|p2a: Garchomp|Swords Dance|p2a: Garchomp\n|-boost|p2a: Garchomp|atk|2\n|move|p1b: Indeedee|Trick Room|p1b: Indeedee\n|-fieldstart|move: Trick Room|[of] p1b: Indeedee\n|\n|upkeep\n|turn|2\n|\n|t:|1683446266\n|move|p1b: Indeedee|Psychic|p2b: Talonflame\n|-damage|p2b: Talonflame|43\/100\n|move|p1a: Iron Bundle|Hydro Pump|p2a: Garchomp\n|-damage|p2a: Garchomp|52\/100\n|move|p2a: Garchomp|Earthquake|p1b: Indeedee|[spread] p1a,p1b\n|-immune|p2b: Talonflame\n|-crit|p1a: Iron Bundle\n|-damage|p1a: Iron Bundle|0 fnt\n|-damage|p1b: Indeedee|39\/100\n|faint|p1a: Iron Bundle\n|-end|p1a: Iron Bundle|Quark Drive|[silent]\n|move|p2b: Talonflame|Taunt|p1b: Indeedee\n|-start|p1b: Indeedee|move: Taunt\n|\n|upkeep\n|\n|t:|1683446285\n|switch|p1a: Iron Hands|Iron Hands, L50|100\/100\n|turn|3\n|\n|t:|1683446291\n|move|p2a: Garchomp|Protect|p2a: Garchomp\n|-singleturn|p2a: Garchomp|Protect\n|move|p1a: Iron Hands|Drain Punch|p2a: Garchomp\n|-activate|p2a: Garchomp|move: Protect\n|move|p1b: Indeedee|Psychic|p2b: Talonflame\n|-damage|p2b: Talonflame|0 fnt\n|faint|p2b: Talonflame\n|\n|upkeep\n|\n|t:|1683446301\n|switch|p2b: Flutter Mane|Flutter Mane, L50|100\/100\n|turn|4\n|\n|t:|1683446309\n|-terastallize|p1a: Iron Hands|Fire\n|move|p1a: Iron Hands|Drain Punch|p2a: Garchomp\n|-supereffective|p2a: Garchomp\n|-damage|p2a: Garchomp|0 fnt\n|-damage|p1a: Iron Hands|88\/100|[from] ability: Rough Skin|[of] p2a: Garchomp\n|faint|p2a: Garchomp\n|move|p1b: Indeedee|Psychic|p2b: Flutter Mane\n|-damage|p2b: Flutter Mane|68\/100\n|move|p2b: Flutter Mane|Moonblast|p1a: Iron Hands\n|-resisted|p1a: Iron Hands\n|-damage|p1a: Iron Hands|66\/100\n|\n|-sideend|p2: Kitschgirl yujin|move: Tailwind\n|upkeep\n|\n|t:|1683446314\n|switch|p2a: Meowscarada|Meowscarada, L50, M|100\/100\n|turn|5\n|\n|t:|1683446338\n|move|p1a: Iron Hands|Fire Punch|p2b: Flutter Mane\n|-damage|p2b: Flutter Mane|0 fnt\n|faint|p2b: Flutter Mane\n|-end|p2b: Flutter Mane|Protosynthesis|[silent]\n|move|p1b: Indeedee|Dazzling Gleam|p2a: Meowscarada\n|-supereffective|p2a: Meowscarada\n|-damage|p2a: Meowscarada|48\/100\n|move|p2a: Meowscarada|Knock Off|p1a: Iron Hands\n|-damage|p1a: Iron Hands|32\/100\n|-enditem|p1a: Iron Hands|Assault Vest|[from] move: Knock Off|[of] p2a: Meowscarada\n|\n|-end|p1b: Indeedee|move: Taunt\n|-fieldend|move: Trick Room\n|-fieldend|move: Psychic Terrain\n|upkeep\n|turn|6\n|-message|Kitschgirl yujin forfeited.\n|\n|win|Vitalis24\n|raw|Vitalis24's rating: 1396 → 1418<\/strong> (+22 for winning)\n|raw|Kitschgirl yujin's rating: 1438 → 1416<\/strong> (-22 for losing)\n|l|\u2606Kitschgirl yujin\n||Ladder isn't responding, score probably updated but might not have (Request timeout).\n|l|\u2606Vitalis24\n|j|\u2606Vitalis24\n|player|p1|Vitalis24|ethan\n","uploadtime":1683446553,"views":12,"p1id":"vitalis24","p2id":"kitschgirlyujin","formatid":"gen9vgc2023regulationc","rating":1416,"private":0,"password":""}