{"id":"gen9vgc2023regulationc-1857397869","p1":"GodBroJ","p2":"Arcevoli_","format":"[Gen 9] VGC 2023 Regulation C","log":"|j|\u2606GodBroJ\n|j|\u2606Arcevoli_\n|t:|1683186536\n|gametype|doubles\n|player|p1|GodBroJ|2|1145\n|player|p2|Arcevoli_|elaine|1122\n|teamsize|p1|6\n|teamsize|p2|6\n|gen|9\n|tier|[Gen 9] VGC 2023 Regulation C\n|rated|\n|rule|Species Clause: Limit one of each Pok\u00e9mon\n|rule|Item Clause: Limit one of each item\n|clearpoke\n|poke|p1|Tinkaton, L50, F|\n|poke|p1|Baxcalibur, L50, M|\n|poke|p1|Great Tusk, L50|\n|poke|p1|Arcanine, L50, F|\n|poke|p1|Flutter Mane, L50|\n|poke|p1|Abomasnow, L50, F|\n|poke|p2|Flutter Mane, L50|\n|poke|p2|Chi-Yu, L50|\n|poke|p2|Dragapult, L50, M|\n|poke|p2|Chien-Pao, L50|\n|poke|p2|Barraskewda, L50, F|\n|poke|p2|Gengar, L50, F|\n|teampreview|4\n|inactive|Battle timer is ON: inactive players will automatically lose when time's up. (requested by Arcevoli_)\n|inactive|GodBroJ has 60 seconds left.\n|\n|t:|1683186593\n|start\n|switch|p1a: Baxcalibur|Baxcalibur, L50, M|100\/100\n|switch|p1b: Tinkaton|Tinkaton, L50, F|100\/100\n|switch|p2a: Saber|Chien-Pao, L50|100\/100\n|switch|p2b: Seiryu|Dragapult, L50, M, shiny|100\/100\n|-ability|p2a: Saber|Sword of Ruin\n|-ability|p1b: Tinkaton|Mold Breaker\n|turn|1\n|inactive|GodBroJ has 30 seconds left.\n|\n|t:|1683186619\n|-terastallize|p2b: Seiryu|Dragon\n|-terastallize|p1a: Baxcalibur|Poison\n|move|p1b: Tinkaton|Fake Out|p2a: Saber\n|-damage|p2a: Saber|90\/100\n|move|p2b: Seiryu|Dragon Darts|p1a: Baxcalibur\n|-damage|p1a: Baxcalibur|42\/100\n|-anim|p2b: Seiryu|Dragon Darts|p1a: Baxcalibur\n|-crit|p1a: Baxcalibur\n|-damage|p1a: Baxcalibur|0 fnt\n|faint|p1a: Baxcalibur\n|cant|p2a: Saber|flinch\n|\n|upkeep\n|\n|t:|1683186630\n|switch|p1a: Abomasnow|Abomasnow, L50, F|100\/100\n|-weather|Snow|[from] ability: Snow Warning|[of] p1a: Abomasnow\n|turn|2\n|\n|t:|1683186649\n|move|p2b: Seiryu|Dragon Darts|p1a: Abomasnow\n|-damage|p1a: Abomasnow|52\/100\n|-anim|p2b: Seiryu|Dragon Darts|p1a: Abomasnow\n|-damage|p1a: Abomasnow|0 fnt\n|faint|p1a: Abomasnow\n|move|p2a: Saber|Sacred Sword|p1b: Tinkaton\n|-damage|p1b: Tinkaton|46\/100\n|-enditem|p1b: Tinkaton|Sitrus Berry|[eat]\n|-heal|p1b: Tinkaton|71\/100|[from] item: Sitrus Berry\n|-damage|p2a: Saber|80\/100|[from] item: Life Orb\n|move|p1b: Tinkaton|Thunder Wave|p2a: Saber\n|-status|p2a: Saber|par\n|\n|-weather|Snow|[upkeep]\n|upkeep\n|\n|t:|1683186662\n|switch|p1a: Arcanine|Arcanine, L50, F|100\/100\n|-ability|p1a: Arcanine|Intimidate|boost\n|-unboost|p2a: Saber|atk|1\n|-unboost|p2b: Seiryu|atk|1\n|turn|3\n|\n|t:|1683186671\n|move|p2b: Seiryu|Dragon Darts|p1a: Arcanine\n|-damage|p1a: Arcanine|57\/100\n|-anim|p2b: Seiryu|Dragon Darts|p1a: Arcanine\n|-damage|p1a: Arcanine|13\/100\n|move|p1b: Tinkaton|Play Rough|p2a: Saber\n|-supereffective|p2a: Saber\n|-damage|p2a: Saber|29\/100 par\n|move|p1a: Arcanine|Will-O-Wisp|p2b: Seiryu|[miss]\n|-miss|p1a: Arcanine|p2b: Seiryu\n|cant|p2a: Saber|par\n|\n|-weather|Snow|[upkeep]\n|upkeep\n|turn|4\n|c|\u2606GodBroJ|choice band?\n|inactive|GodBroJ has 30 seconds left.\n|\n|t:|1683186702\n|move|p2b: Seiryu|Dragon Darts|p1a: Arcanine\n|-damage|p1a: Arcanine|0 fnt\n|faint|p1a: Arcanine\n|move|p1b: Tinkaton|Play Rough|p2a: Saber\n|-supereffective|p2a: Saber\n|-damage|p2a: Saber|0 fnt\n|faint|p2a: Saber\n|\n|-weather|Snow|[upkeep]\n|upkeep\n|c|\u2606Arcevoli_|Dragapult yeah ^^\n|c|\u2606GodBroJ|aw make sense\n|\n|t:|1683186712\n|switch|p2a: Flandre|Gengar, L50, F|100\/100\n|turn|5\n|c|\u2606GodBroJ|that was a ton of dmage\n|c|\u2606GodBroJ|damage\n|-message|GodBroJ forfeited.\n|\n|win|Arcevoli_\n|raw|GodBroJ's rating: 1145 → 1118<\/strong> (-27 for losing)\n|raw|Arcevoli_'s rating: 1122 → 1149<\/strong> (+27 for winning)\n|l|\u2606GodBroJ\n|c|\u2606Arcevoli_|Yeah gg\n","uploadtime":1683186742,"views":7,"p1id":"godbroj","p2id":"arcevoli","formatid":"gen9vgc2023regulationc","rating":1118,"private":0,"password":""}