{"id":"gen9vgc2023regulationc-1849850892","p1":"Bac0nat0r","p2":"minnow23","format":"[Gen 9] VGC 2023 Regulation C","log":"|j|\u2606Bac0nat0r\n|j|\u2606minnow23\n|t:|1682260520\n|gametype|doubles\n|player|p1|Bac0nat0r|gambler|1490\n|player|p2|minnow23|2|1540\n|teamsize|p1|6\n|teamsize|p2|6\n|gen|9\n|tier|[Gen 9] VGC 2023 Regulation C\n|rated|\n|rule|Species Clause: Limit one of each Pok\u00e9mon\n|rule|Item Clause: Limit one of each item\n|clearpoke\n|poke|p1|Iron Bundle, L50|\n|poke|p1|Flutter Mane, L50|\n|poke|p1|Sableye, L50, F|\n|poke|p1|Ceruledge, L50, F|\n|poke|p1|Amoonguss, L50, M|\n|poke|p1|Iron Hands, L50|\n|poke|p2|Torkoal, L50, F|\n|poke|p2|Staraptor, L50, M|\n|poke|p2|Flutter Mane, L50|\n|poke|p2|Hatterene, L50, F|\n|poke|p2|Chi-Yu, L50|\n|poke|p2|Indeedee-F, L50, F|\n|teampreview|4\nminnow23 has agreed to open team sheets.\n|inactive|Battle timer is ON: inactive players will automatically lose when time's up. (requested by minnow23)\n|inactive|Bac0nat0r also wants the timer to be on.\n|c|\u2606minnow23|glhf\n|c|\u2606Bac0nat0r|gl\n|inactive|Bac0nat0r has 60 seconds left.\n|inactive|minnow23 has 60 seconds left.\n|\n|t:|1682260568\n|start\n|switch|p1a: Iron Bundle|Iron Bundle, L50|100\/100\n|switch|p1b: Ceruledge|Ceruledge, L50, F|100\/100\n|switch|p2a: Staraptor|Staraptor, L50, M|100\/100\n|switch|p2b: Hatterene|Hatterene, L50, F|100\/100\n|-ability|p2a: Staraptor|Intimidate|boost\n|-unboost|p1a: Iron Bundle|atk|1\n|-unboost|p1b: Ceruledge|atk|1\n|-enditem|p1a: Iron Bundle|Booster Energy\n|-activate|p1a: Iron Bundle|ability: Quark Drive|[fromitem]\n|-start|p1a: Iron Bundle|quarkdrivespe\n|turn|1\n|j| ElQuePruebaTimsUwU\n|inactive|minnow23 has 30 seconds left.\n|inactive|minnow23 has 20 seconds left.\n|\n|t:|1682260604\n|move|p1a: Iron Bundle|Freeze-Dry|p2a: Staraptor\n|-supereffective|p2a: Staraptor\n|-damage|p2a: Staraptor|4\/100\n|move|p2a: Staraptor|Brave Bird|p1b: Ceruledge\n|-damage|p1b: Ceruledge|51\/100\n|-damage|p2a: Staraptor|0 fnt|[from] Recoil\n|faint|p2a: Staraptor\n|move|p1b: Ceruledge|Bulk Up|p1b: Ceruledge\n|-boost|p1b: Ceruledge|atk|1\n|-boost|p1b: Ceruledge|def|1\n|move|p2b: Hatterene|Trick Room|p2b: Hatterene\n|-fieldstart|move: Trick Room|[of] p2b: Hatterene\n|\n|-heal|p1b: Ceruledge|57\/100|[from] item: Leftovers\n|upkeep\n|inactive|minnow23 has 30 seconds left.\n|inactive|minnow23 has 20 seconds left.\n|inactive|minnow23 has 15 seconds left.\n|\n|t:|1682260645\n|switch|p2a: Indeedee|Indeedee-F, L50, F|100\/100\n|-fieldstart|move: Psychic Terrain|[from] ability: Psychic Surge|[of] p2a: Indeedee\n|-enditem|p2a: Indeedee|Psychic Seed\n|-boost|p2a: Indeedee|spd|1|[from] item: Psychic Seed\n|turn|2\n|inactive|minnow23 has 30 seconds left.\n|\n|t:|1682260676\n|move|p1b: Ceruledge|Protect|p1b: Ceruledge\n|-singleturn|p1b: Ceruledge|Protect\n|move|p1a: Iron Bundle|Protect|p1a: Iron Bundle\n|-singleturn|p1a: Iron Bundle|Protect\n|move|p2b: Hatterene|Dazzling Gleam|p1a: Iron Bundle|[spread] \n|-activate|p1a: Iron Bundle|move: Protect\n|-activate|p1b: Ceruledge|move: Protect\n|move|p2a: Indeedee|Psychic|p1b: Ceruledge\n|-activate|p1b: Ceruledge|move: Protect\n|\n|-heal|p1b: Ceruledge|63\/100|[from] item: Leftovers\n|upkeep\n|turn|3\n|inactive|Bac0nat0r has 30 seconds left.\n|inactive|minnow23 has 30 seconds left.\n|inactive|Bac0nat0r has 20 seconds left.\n|\n|t:|1682260714\n|switch|p1b: Sableye|Sableye, L50, F|100\/100\n|move|p2b: Hatterene|Psychic|p1b: Sableye\n|-immune|p1b: Sableye\n|move|p2a: Indeedee|Psychic|p1b: Sableye\n|-immune|p1b: Sableye\n|move|p1a: Iron Bundle|Freeze-Dry|p2b: Hatterene\n|-damage|p2b: Hatterene|64\/100\n|\n|upkeep\n|turn|4\n|\n|t:|1682260737\n|switch|p2b: Torkoal|Torkoal, L50, F|100\/100\n|-weather|SunnyDay|[from] ability: Drought|[of] p2b: Torkoal\n|move|p2a: Indeedee|Follow Me|p2a: Indeedee\n|-singleturn|p2a: Indeedee|move: Follow Me\n|move|p1b: Sableye|Light Screen|p1b: Sableye\n|-sidestart|p1: Bac0nat0r|move: Light Screen\n|move|p1a: Iron Bundle|Hydro Pump|p2a: Indeedee\n|-damage|p2a: Indeedee|85\/100\n|\n|-weather|SunnyDay|[upkeep]\n|upkeep\n|turn|5\n|inactive|Bac0nat0r has 30 seconds left.\n|inactive|Bac0nat0r has 20 seconds left.\n|inactive|Bac0nat0r has 15 seconds left.\n|\n|t:|1682260779\n|move|p2a: Indeedee|Helping Hand|p2b: Torkoal\n|-singleturn|p2b: Torkoal|Helping Hand|[of] p2a: Indeedee\n|move|p1b: Sableye|Disable|p2a: Indeedee\n|-activate|p2a: Indeedee|move: Psychic Terrain\n|move|p2b: Torkoal|Earth Power|p1b: Sableye\n|-damage|p1b: Sableye|60\/100\n|move|p1a: Iron Bundle|Hydro Pump|p2b: Torkoal\n|-supereffective|p2b: Torkoal\n|-damage|p2b: Torkoal|25\/100\n|\n|-weather|SunnyDay|[upkeep]\n|-fieldend|move: Trick Room\n|upkeep\n|turn|6\n|j| DKKKKVGC\n|inactive|Bac0nat0r has 30 seconds left.\n|inactive|minnow23 has 30 seconds left.\n|inactive|minnow23 has 20 seconds left.\n|inactive|minnow23 has 15 seconds left.\n|\n|t:|1682260820\n|switch|p2b: Hatterene|Hatterene, L50, F|64\/100\n|move|p1b: Sableye|Reflect|p1b: Sableye\n|-sidestart|p1: Bac0nat0r|Reflect\n|move|p1a: Iron Bundle|Encore|p2a: Indeedee\n|-start|p2a: Indeedee|Encore\n|move|p2a: Indeedee|Helping Hand|p2b: Hatterene\n|-singleturn|p2b: Hatterene|Helping Hand|[of] p2a: Indeedee\n|\n|-weather|SunnyDay|[upkeep]\n|-fieldend|move: Psychic Terrain\n|upkeep\n|turn|7\n|inactive|Bac0nat0r has 30 seconds left.\n|inactive|Bac0nat0r has 20 seconds left.\n|\n|t:|1682260855\n|move|p2a: Indeedee|Helping Hand|p2b: Hatterene\n|-singleturn|p2b: Hatterene|Helping Hand|[of] p2a: Indeedee\n|move|p1b: Sableye|Disable|p2a: Indeedee\n|-start|p2a: Indeedee|Disable|Helping Hand\n|move|p1a: Iron Bundle|Hydro Pump|p2b: Hatterene\n|-damage|p2b: Hatterene|33\/100\n|move|p2b: Hatterene|Trick Room|p2b: Hatterene\n|-fieldstart|move: Trick Room|[of] p2b: Hatterene\n|\n|-weather|SunnyDay|[upkeep]\n|upkeep\n|turn|8\n|inactive|minnow23 has 30 seconds left.\n|\n|t:|1682260883\n|move|p1b: Sableye|Encore|p2b: Hatterene\n|move|p2b: Hatterene|Encore||[from]ability: Magic Bounce|[still]\n|-fail|p2b: Hatterene\n|move|p2b: Hatterene|Psychic|p1b: Sableye\n|-immune|p1b: Sableye\n|-activate|p2a: Indeedee|move: Struggle\n|move|p2a: Indeedee|Struggle|p1a: Iron Bundle\n|-damage|p1a: Iron Bundle|96\/100\n|-damage|p2a: Indeedee|60\/100|[from] recoil\n|move|p1a: Iron Bundle|Hydro Pump|p2a: Indeedee\n|-damage|p2a: Indeedee|44\/100\n|\n|-weather|none\n|-end|p2a: Indeedee|Encore\n|upkeep\n|turn|9\n|inactive|Bac0nat0r has 30 seconds left.\n|inactive|Bac0nat0r has 20 seconds left.\n|inactive|Bac0nat0r has 15 seconds left.\n|\n|t:|1682260925\n|switch|p2b: Torkoal|Torkoal, L50, F|25\/100\n|-weather|SunnyDay|[from] ability: Drought|[of] p2b: Torkoal\n|move|p2a: Indeedee|Follow Me|p2a: Indeedee\n|-singleturn|p2a: Indeedee|move: Follow Me\n|move|p1b: Sableye|Encore|p2a: Indeedee\n|-start|p2a: Indeedee|Encore\n|move|p1a: Iron Bundle|Hydro Pump|p2a: Indeedee|[miss]\n|-miss|p1a: Iron Bundle|p2a: Indeedee\n|\n|-weather|SunnyDay|[upkeep]\n|upkeep\n|turn|10\n|inactive|Bac0nat0r has 30 seconds left.\n|inactive|minnow23 has 30 seconds left.\n|\n|t:|1682260957\n|switch|p2a: Hatterene|Hatterene, L50, F|33\/100\n|-terastallize|p2b: Torkoal|Fire\n|move|p1b: Sableye|Disable|p2a: Hatterene\n|move|p2a: Hatterene|Disable|p1b: Sableye|[from]ability: Magic Bounce\n|-start|p1b: Sableye|Disable|Disable\n|move|p2b: Torkoal|Flamethrower|p1a: Iron Bundle\n|-crit|p1a: Iron Bundle\n|-damage|p1a: Iron Bundle|0 fnt\n|faint|p1a: Iron Bundle\n|-end|p1a: Iron Bundle|Quark Drive|[silent]\n|\n|-weather|SunnyDay|[upkeep]\n|upkeep\n|\n|t:|1682260969\n|switch|p1a: Ceruledge|Ceruledge, L50, F|63\/100\n|turn|11\n|inactive|Bac0nat0r has 30 seconds left.\n|\n|t:|1682260995\n|switch|p2b: Indeedee|Indeedee-F, L50, F|44\/100\n|-fieldstart|move: Psychic Terrain|[from] ability: Psychic Surge|[of] p2b: Indeedee\n|-terastallize|p1a: Ceruledge|Grass\n|move|p1b: Sableye|Encore|p2b: Indeedee\n|-activate|p2b: Indeedee|move: Psychic Terrain\n|move|p2a: Hatterene|Dazzling Gleam|p1a: Ceruledge|[spread] p1a,p1b\n|-supereffective|p1b: Sableye\n|-damage|p1a: Ceruledge|44\/100\n|-damage|p1b: Sableye|9\/100\n|move|p1a: Ceruledge|Bitter Blade|p2a: Hatterene\n|-damage|p2a: Hatterene|0 fnt\n|-heal|p1a: Ceruledge|59\/100|[from] drain|[of] p2a: Hatterene\n|faint|p2a: Hatterene\n|\n|-weather|SunnyDay|[upkeep]\n|-heal|p1a: Ceruledge|65\/100|[from] item: Leftovers\n|-sideend|p1: Bac0nat0r|move: Light Screen\n|-fieldend|move: Trick Room\n|upkeep\n|\n|t:|1682261007\n|switch|p2a: Torkoal|Torkoal, L50, F, tera:Fire|25\/100\n|turn|12\n|\n|t:|1682261024\n|move|p1a: Ceruledge|Protect|p1a: Ceruledge\n|-singleturn|p1a: Ceruledge|Protect\n|move|p1b: Sableye|Light Screen|p1b: Sableye\n|-sidestart|p1: Bac0nat0r|move: Light Screen\n|move|p2b: Indeedee|Heal Pulse|p2a: Torkoal\n|-heal|p2a: Torkoal|75\/100\n|move|p2a: Torkoal|Earth Power|p1a: Ceruledge\n|-activate|p1a: Ceruledge|move: Protect\n|\n|-weather|SunnyDay|[upkeep]\n|-heal|p1a: Ceruledge|71\/100|[from] item: Leftovers\n|upkeep\n|turn|13\n|inactive|Bac0nat0r has 30 seconds left.\n|inactive|minnow23 has 30 seconds left.\n|\n|t:|1682261054\n|move|p2b: Indeedee|Helping Hand|p2a: Torkoal\n|-singleturn|p2a: Torkoal|Helping Hand|[of] p2b: Indeedee\n|move|p1b: Sableye|Encore|p2a: Torkoal\n|-activate|p2a: Torkoal|move: Psychic Terrain\n|move|p1a: Ceruledge|Bitter Blade|p2a: Torkoal\n|-resisted|p2a: Torkoal\n|-damage|p2a: Torkoal|52\/100\n|-heal|p1a: Ceruledge|83\/100|[from] drain|[of] p2a: Torkoal\n|move|p2a: Torkoal|Earth Power|p1a: Ceruledge\n|-resisted|p1a: Ceruledge\n|-damage|p1a: Ceruledge|66\/100\n|\n|-weather|none\n|-heal|p1a: Ceruledge|72\/100|[from] item: Leftovers\n|-sideend|p1: Bac0nat0r|Reflect\n|upkeep\n|turn|14\n|-message|minnow23 forfeited.\n|\n|win|Bac0nat0r\n|raw|Bac0nat0r's rating: 1490 → 1513<\/strong> (+23 for winning)\n|raw|minnow23's rating: 1540 → 1517<\/strong> (-23 for losing)\n|l|\u2606minnow23\n|l|\u2606Bac0nat0r\n|l| DKKKKVGC\n","uploadtime":1682261210,"views":17,"p1id":"bac0nat0r","p2id":"minnow23","formatid":"gen9vgc2023regulationc","rating":1513,"private":0,"password":""}