{"id":"gen9vgc2023regulationc-1845937304","p1":"qzy1993","p2":"Aurachild","format":"[Gen 9] VGC 2023 Regulation C","log":"|j|\u2606qzy1993\n|j|\u2606Aurachild\n|t:|1681781371\n|gametype|doubles\n|player|p1|qzy1993|102|1093\n|player|p2|Aurachild|266|1135\n|teamsize|p1|6\n|teamsize|p2|6\n|gen|9\n|tier|[Gen 9] VGC 2023 Regulation C\n|rated|\n|rule|Species Clause: Limit one of each Pok\u00e9mon\n|rule|Item Clause: Limit one of each item\n|clearpoke\n|poke|p1|Iron Valiant, L50|\n|poke|p1|Toxapex, L50, F|\n|poke|p1|Meowscarada, L50, M|\n|poke|p1|Kingambit, L50, F|\n|poke|p1|Pelipper, L50, M|\n|poke|p1|Chi-Yu, L50|\n|poke|p2|Tauros-Paldea-Aqua, L50, M|\n|poke|p2|Iron Valiant, L50|\n|poke|p2|Pincurchin, L50, F|\n|poke|p2|Muk, L50, F|\n|poke|p2|Iron Bundle, L50|\n|poke|p2|Iron Jugulis, L50|\n|teampreview|4\n|inactive|Battle timer is ON: inactive players will automatically lose when time's up. (requested by Aurachild)\n|inactive|qzy1993 has 60 seconds left.\nAurachild rejected open team sheets.\n|inactive|qzy1993 has 30 seconds left.\n|\n|t:|1681781441\n|start\n|switch|p1a: Pelipper|Pelipper, L50, M|100\/100\n|switch|p1b: Iron Valiant|Iron Valiant, L50|100\/100\n|switch|p2a: Tauros|Tauros-Paldea-Aqua, L50, M|100\/100\n|switch|p2b: Iron Bundle|Iron Bundle, L50|100\/100\n|-weather|RainDance|[from] ability: Drizzle|[of] p1a: Pelipper\n|-ability|p2a: Tauros|Intimidate|boost\n|-unboost|p1a: Pelipper|atk|1\n|-unboost|p1b: Iron Valiant|atk|1\n|-enditem|p1b: Iron Valiant|Booster Energy\n|-activate|p1b: Iron Valiant|ability: Quark Drive|[fromitem]\n|-start|p1b: Iron Valiant|quarkdrivespe\n|turn|1\n|inactive|qzy1993 has 30 seconds left.\n|inactive|qzy1993 has 20 seconds left.\n|\n|t:|1681781477\n|switch|p2a: Pincurchin|Pincurchin, L50, F|100\/100\n|-fieldstart|move: Electric Terrain|[from] ability: Electric Surge|[of] p2a: Pincurchin\n|-activate|p2b: Iron Bundle|ability: Quark Drive\n|-start|p2b: Iron Bundle|quarkdrivespe\n|move|p2b: Iron Bundle|Freeze-Dry|p1a: Pelipper\n|-supereffective|p1a: Pelipper\n|-enditem|p1a: Pelipper|Focus Sash\n|-damage|p1a: Pelipper|1\/100\n|-damage|p2b: Iron Bundle|91\/100|[from] item: Life Orb\n|move|p1b: Iron Valiant|Close Combat|p2b: Iron Bundle\n|-supereffective|p2b: Iron Bundle\n|-damage|p2b: Iron Bundle|0 fnt\n|-unboost|p1b: Iron Valiant|def|1\n|-unboost|p1b: Iron Valiant|spd|1\n|faint|p2b: Iron Bundle\n|-end|p2b: Iron Bundle|Quark Drive|[silent]\n|move|p1a: Pelipper|Tailwind|p1a: Pelipper\n|-sidestart|p1: qzy1993|move: Tailwind\n|\n|-weather|RainDance|[upkeep]\n|upkeep\n|\n|t:|1681781497\n|switch|p2b: Tauros|Tauros-Paldea-Aqua, L50, M|100\/100\n|-ability|p2b: Tauros|Intimidate|boost\n|-unboost|p1a: Pelipper|atk|1\n|-unboost|p1b: Iron Valiant|atk|1\n|turn|2\n|inactive|qzy1993 has 30 seconds left.\n|\n|t:|1681781528\n|-end|p1b: Iron Valiant|Quark Drive|[silent]\n|switch|p1b: Kingambit|Kingambit, L50, F|100\/100\n|move|p2b: Tauros|Protect|p2b: Tauros\n|-singleturn|p2b: Tauros|Protect\n|move|p1a: Pelipper|Hydro Pump|p2a: Pincurchin\n|-damage|p2a: Pincurchin|13\/100\n|-enditem|p2a: Pincurchin|Eject Button\n|\n|t:|1681781536\n|switch|p2a: Iron Valiant|Iron Valiant, L50|100\/100\n|-activate|p2a: Iron Valiant|ability: Quark Drive\n|-start|p2a: Iron Valiant|quarkdrivespe\n|\n|-weather|RainDance|[upkeep]\n|upkeep\n|turn|3\n|\n|t:|1681781556\n|switch|p2b: Pincurchin|Pincurchin, L50, F|13\/100\n|-terastallize|p1b: Kingambit|Fairy\n|move|p2a: Iron Valiant|Protect|p2a: Iron Valiant\n|-singleturn|p2a: Iron Valiant|Protect\n|move|p1a: Pelipper|Hurricane|p2a: Iron Valiant\n|-activate|p2a: Iron Valiant|move: Protect\n|move|p1b: Kingambit|Tera Blast|p2b: Pincurchin\n|-damage|p2b: Pincurchin|0 fnt\n|faint|p2b: Pincurchin\n|\n|-weather|RainDance|[upkeep]\n|upkeep\n|\n|t:|1681781571\n|switch|p2b: Tauros|Tauros-Paldea-Aqua, L50, M|100\/100\n|-ability|p2b: Tauros|Intimidate|boost\n|-unboost|p1a: Pelipper|atk|1\n|-unboost|p1b: Kingambit|atk|1\n|-ability|p1b: Kingambit|Defiant|boost\n|-boost|p1b: Kingambit|atk|2\n|turn|4\n|\n|t:|1681781592\n|-terastallize|p2a: Iron Valiant|Steel\n|move|p2b: Tauros|Protect|p2b: Tauros\n|-singleturn|p2b: Tauros|Protect\n|move|p2a: Iron Valiant|Tera Blast|p1b: Kingambit\n|-supereffective|p1b: Kingambit\n|-damage|p1b: Kingambit|34\/100\n|move|p1a: Pelipper|Hurricane|p2a: Iron Valiant\n|-resisted|p2a: Iron Valiant\n|-damage|p2a: Iron Valiant|62\/100\n|move|p1b: Kingambit|Tera Blast|p2a: Iron Valiant\n|-resisted|p2a: Iron Valiant\n|-damage|p2a: Iron Valiant|16\/100\n|\n|-weather|RainDance|[upkeep]\n|-sideend|p1: qzy1993|move: Tailwind\n|upkeep\n|turn|5\n|\n|t:|1681781613\n|move|p2a: Iron Valiant|Protect|p2a: Iron Valiant\n|-singleturn|p2a: Iron Valiant|Protect\n|move|p1b: Kingambit|Sucker Punch||[still]\n|-fail|p1b: Kingambit\n|move|p1a: Pelipper|Hydro Pump|p2b: Tauros\n|-resisted|p2b: Tauros\n|-damage|p2b: Tauros|53\/100\n|move|p2b: Tauros|Rock Slide|p1a: Pelipper|[spread] p1a\n|-miss|p2b: Tauros|p1b: Kingambit\n|-supereffective|p1a: Pelipper\n|-damage|p1a: Pelipper|0 fnt\n|faint|p1a: Pelipper\n|\n|-weather|none\n|-fieldend|move: Electric Terrain\n|-end|p2a: Iron Valiant|Quark Drive\n|upkeep\n|\n|t:|1681781631\n|switch|p1a: Iron Valiant|Iron Valiant, L50|100\/100\n|turn|6\n|-message|Aurachild forfeited.\n|\n|win|qzy1993\n|raw|qzy1993's rating: 1093 → 1122<\/strong> (+29 for winning)\n|raw|Aurachild's rating: 1135 → 1107<\/strong> (-28 for losing)\n|l|\u2606Aurachild\n","uploadtime":1681781639,"views":10,"p1id":"qzy1993","p2id":"aurachild","formatid":"gen9vgc2023regulationc","rating":1107,"private":0,"password":""}