{"id":"gen9vgc2023regulationc-1851392881","p1":"ArchAvenger","p2":"RipTide1388","format":"[Gen 9] VGC 2023 Regulation C","log":"|j|\u2606ArchAvenger\n|j|\u2606RipTide1388\n|t:|1682441484\n|gametype|doubles\n|player|p1|ArchAvenger|169|1106\n|player|p2|RipTide1388|nate|1206\n|teamsize|p1|4\n|teamsize|p2|6\n|gen|9\n|tier|[Gen 9] VGC 2023 Regulation C\n|rated|\n|rule|Species Clause: Limit one of each Pok\u00e9mon\n|rule|Item Clause: Limit one of each item\n|clearpoke\n|poke|p1|Drifblim, L50, F|\n|poke|p1|Sableye, L50, F|\n|poke|p1|Dondozo, L50, M|\n|poke|p1|Tatsugiri, L50, M|\n|poke|p2|Palafin, L50, M|\n|poke|p2|Iron Jugulis, L50|\n|poke|p2|Armarouge, L50, M|\n|poke|p2|Baxcalibur, L50, M|\n|poke|p2|Flutter Mane, L50|\n|poke|p2|Wo-Chien, L50|\n|teampreview|4\n|inactive|Battle timer is ON: inactive players will automatically lose when time's up. (requested by ArchAvenger)\n|\n|t:|1682441520\n|start\n|switch|p1a: Drifblim|Drifblim, L50, F|100\/100\n|switch|p1b: Sableye|Sableye, L50, F|100\/100\n|switch|p2a: Armarouge|Armarouge, L50, M|100\/100\n|switch|p2b: Iron Jugulis|Iron Jugulis, L50|100\/100\n|-enditem|p2b: Iron Jugulis|Booster Energy\n|-activate|p2b: Iron Jugulis|ability: Quark Drive|[fromitem]\n|-start|p2b: Iron Jugulis|quarkdrivespe\n|turn|1\n|inactive|RipTide1388 has 30 seconds left.\n|inactive|RipTide1388 has 20 seconds left.\n|inactive|RipTide1388 has 15 seconds left.\n|\n|t:|1682441561\n|move|p1a: Drifblim|Protect|p1a: Drifblim\n|-singleturn|p1a: Drifblim|Protect\n|move|p1b: Sableye|Imprison|p1b: Sableye\n|-start|p1b: Sableye|move: Imprison\n|move|p2b: Iron Jugulis|Tailwind|p2b: Iron Jugulis\n|-sidestart|p2: RipTide1388|move: Tailwind\n|move|p2a: Armarouge|Psychic|p1a: Drifblim\n|-activate|p1a: Drifblim|move: Protect\n|\n|upkeep\n|turn|2\n|\n|t:|1682441574\n|-end|p2b: Iron Jugulis|Quark Drive|[silent]\n|switch|p2b: Baxcalibur|Baxcalibur, L50, M|100\/100\n|move|p1b: Sableye|Helping Hand|p1a: Drifblim\n|-singleturn|p1a: Drifblim|Helping Hand|[of] p1b: Sableye\n|move|p2a: Armarouge|Lava Plume|p1b: Sableye|[spread] p2b,p1a,p1b\n|-damage|p2b: Baxcalibur|79\/100\n|-damage|p1a: Drifblim|68\/100\n|-damage|p1b: Sableye|57\/100\n|-status|p1b: Sableye|brn\n|-ability|p2b: Baxcalibur|Thermal Exchange|boost\n|-boost|p2b: Baxcalibur|atk|1\n|move|p1a: Drifblim|Explosion|p2a: Armarouge|[spread] p2a,p2b\n|-immune|p1b: Sableye\n|-damage|p2a: Armarouge|44\/100\n|-damage|p2b: Baxcalibur|14\/100\n|faint|p1a: Drifblim\n|\n|-heal|p2b: Baxcalibur|20\/100|[from] item: Leftovers\n|-damage|p1b: Sableye|51\/100 brn|[from] brn\n|upkeep\n|\n|t:|1682441596\n|switch|p1a: Tatsugiri|Tatsugiri, L50, M|100\/100\n|turn|3\n|\n|t:|1682441613\n|-terastallize|p2b: Baxcalibur|Ground\n|move|p1b: Sableye|Quash|p2b: Baxcalibur\n|-activate|p2b: Baxcalibur|move: Quash\n|move|p1a: Tatsugiri|Muddy Water|p2a: Armarouge|[spread] p2a,p2b\n|-supereffective|p2a: Armarouge\n|-supereffective|p2b: Baxcalibur\n|-damage|p2a: Armarouge|0 fnt\n|-damage|p2b: Baxcalibur|0 fnt\n|faint|p2a: Armarouge\n|faint|p2b: Baxcalibur\n|\n|-damage|p1b: Sableye|45\/100 brn|[from] brn\n|upkeep\n|-enditem|p1b: Sableye|Sitrus Berry|[eat]\n|-heal|p1b: Sableye|70\/100 brn|[from] item: Sitrus Berry\n|\n|t:|1682441621\n|switch|p2a: Wo-Chien|Wo-Chien, L50|100\/100\n|switch|p2b: Iron Jugulis|Iron Jugulis, L50|100\/100\n|-ability|p2a: Wo-Chien|Tablets of Ruin\n|turn|4\n|inactive|RipTide1388 has 30 seconds left.\n|\n|t:|1682441647\n|switch|p1a: Dondozo|Dondozo, L50, M|100\/100\n|move|p1b: Sableye|Protect|p1b: Sableye\n|-singleturn|p1b: Sableye|Protect\n|move|p2b: Iron Jugulis|Air Slash|p1b: Sableye\n|-activate|p1b: Sableye|move: Protect\n|move|p2a: Wo-Chien|Leech Seed|p1b: Sableye\n|-activate|p1b: Sableye|move: Protect\n|\n|-damage|p1b: Sableye|64\/100 brn|[from] brn\n|-sideend|p2: RipTide1388|move: Tailwind\n|upkeep\n|turn|5\n|\n|t:|1682441666\n|switch|p1b: Tatsugiri|Tatsugiri, L50, M|100\/100\n|-activate|p1b: Tatsugiri|ability: Commander|[of] p1a: Dondozo\n|-boost|p1a: Dondozo|atk|2\n|-boost|p1a: Dondozo|spa|2\n|-boost|p1a: Dondozo|spe|2\n|-boost|p1a: Dondozo|def|2\n|-boost|p1a: Dondozo|spd|2\n|move|p1a: Dondozo|Surf|p2b: Iron Jugulis|[spread] p2a,p2b\n|-miss|p1a: Dondozo|p1b: Tatsugiri\n|-resisted|p2a: Wo-Chien\n|-damage|p2a: Wo-Chien|82\/100\n|-damage|p2b: Iron Jugulis|40\/100\n|move|p2b: Iron Jugulis|Tailwind|p2b: Iron Jugulis\n|-sidestart|p2: RipTide1388|move: Tailwind\n|move|p2a: Wo-Chien|Leech Seed|p1a: Dondozo\n|-start|p1a: Dondozo|move: Leech Seed\n|\n|-damage|p1a: Dondozo|88\/100|[from] Leech Seed|[of] p2a: Wo-Chien\n|-heal|p2a: Wo-Chien|100\/100|[silent]\n|upkeep\n|turn|6\n|inactive|ArchAvenger has 30 seconds left.\n|\n|t:|1682441698\n|move|p2b: Iron Jugulis|Air Slash|p1a: Dondozo\n|-damage|p1a: Dondozo|69\/100\n|move|p1a: Dondozo|Surf|p2b: Iron Jugulis|[spread] p2a,p2b\n|-miss|p1a: Dondozo|p1b: Tatsugiri\n|-resisted|p2a: Wo-Chien\n|-damage|p2a: Wo-Chien|82\/100\n|-damage|p2b: Iron Jugulis|0 fnt\n|faint|p2b: Iron Jugulis\n|-end|p2b: Iron Jugulis|Quark Drive|[silent]\n|move|p2a: Wo-Chien|Pollen Puff|p2: Iron Jugulis|[notarget]\n|-fail|p2a: Wo-Chien\n|\n|-damage|p1a: Dondozo|57\/100|[from] Leech Seed|[of] p2a: Wo-Chien\n|-heal|p2a: Wo-Chien|100\/100|[silent]\n|upkeep\n|turn|7\n|\n|t:|1682441716\n|move|p1a: Dondozo|Hydro Pump|p2a: Wo-Chien\n|-resisted|p2a: Wo-Chien\n|-damage|p2a: Wo-Chien|73\/100\n|move|p2a: Wo-Chien|Snarl|p1a: Dondozo|[spread] p1a\n|-miss|p2a: Wo-Chien|p1b: Tatsugiri\n|-damage|p1a: Dondozo|50\/100\n|-unboost|p1a: Dondozo|spa|1\n|\n|-damage|p1a: Dondozo|37\/100|[from] Leech Seed|[of] p2a: Wo-Chien\n|-heal|p2a: Wo-Chien|92\/100|[silent]\n|upkeep\n|turn|8\n|\n|t:|1682441728\n|move|p1a: Dondozo|Hydro Pump|p2a: Wo-Chien\n|-resisted|p2a: Wo-Chien\n|-damage|p2a: Wo-Chien|69\/100\n|move|p2a: Wo-Chien|Snarl|p1a: Dondozo|[spread] p1a\n|-miss|p2a: Wo-Chien|p1b: Tatsugiri\n|-damage|p1a: Dondozo|29\/100\n|-unboost|p1a: Dondozo|spa|1\n|\n|-damage|p1a: Dondozo|17\/100|[from] Leech Seed|[of] p2a: Wo-Chien\n|-heal|p2a: Wo-Chien|88\/100|[silent]\n|-sideend|p2: RipTide1388|move: Tailwind\n|upkeep\n|turn|9\n|\n|t:|1682441745\n|move|p1a: Dondozo|Surf|p2a: Wo-Chien|[spread] p2a\n|-miss|p1a: Dondozo|p1b: Tatsugiri\n|-resisted|p2a: Wo-Chien\n|-damage|p2a: Wo-Chien|79\/100\n|move|p2a: Wo-Chien|Snarl|p1a: Dondozo|[spread] p1a\n|-miss|p2a: Wo-Chien|p1b: Tatsugiri\n|-damage|p1a: Dondozo|10\/100\n|-unboost|p1a: Dondozo|spa|1\n|\n|-damage|p1a: Dondozo|0 fnt|[from] Leech Seed|[of] p2a: Wo-Chien\n|-heal|p2a: Wo-Chien|93\/100|[silent]\n|faint|p1a: Dondozo\n|upkeep\n|\n|t:|1682441749\n|switch|p1a: Sableye|Sableye, L50, F|64\/100 brn\n|turn|10\n|\n|t:|1682441768\n|-terastallize|p1b: Tatsugiri|Flying\n|move|p1a: Sableye|Helping Hand|p1b: Tatsugiri\n|-singleturn|p1b: Tatsugiri|Helping Hand|[of] p1a: Sableye\n|move|p1b: Tatsugiri|Tera Blast|p2a: Wo-Chien\n|-supereffective|p2a: Wo-Chien\n|-damage|p2a: Wo-Chien|11\/100\n|move|p2a: Wo-Chien|Leech Seed|p1b: Tatsugiri\n|-start|p1b: Tatsugiri|move: Leech Seed\n|\n|-damage|p1b: Tatsugiri|89\/100|[from] Leech Seed|[of] p2a: Wo-Chien\n|-heal|p2a: Wo-Chien|23\/100|[silent]\n|-damage|p1a: Sableye|58\/100 brn|[from] brn\n|upkeep\n|turn|11\n|\n|t:|1682441783\n|move|p2a: Wo-Chien|Protect|p2a: Wo-Chien\n|-singleturn|p2a: Wo-Chien|Protect\n|move|p1a: Sableye|Imprison|p1a: Sableye\n|-start|p1a: Sableye|move: Imprison\n|move|p1b: Tatsugiri|Tera Blast|p2a: Wo-Chien\n|-activate|p2a: Wo-Chien|move: Protect\n|\n|-damage|p1b: Tatsugiri|77\/100|[from] Leech Seed|[of] p2a: Wo-Chien\n|-heal|p2a: Wo-Chien|34\/100|[silent]\n|-damage|p1a: Sableye|53\/100 brn|[from] brn\n|upkeep\n|turn|12\n|inactive|RipTide1388 has 30 seconds left.\n|inactive|RipTide1388 has 20 seconds left.\n|inactive|RipTide1388 has 15 seconds left.\n|inactive|RipTide1388 has 10 seconds left.\n|\n|t:|1682441830\n|move|p1a: Sableye|Helping Hand|p1b: Tatsugiri\n|-singleturn|p1b: Tatsugiri|Helping Hand|[of] p1a: Sableye\n|move|p1b: Tatsugiri|Tera Blast|p2a: Wo-Chien\n|-supereffective|p2a: Wo-Chien\n|-damage|p2a: Wo-Chien|0 fnt\n|faint|p2a: Wo-Chien\n|\n|win|ArchAvenger\n|raw|ArchAvenger's rating: 1106 → 1138<\/strong> (+32 for winning)\n|raw|RipTide1388's rating: 1206 → 1174<\/strong> (-32 for losing)\n|l|\u2606RipTide1388\n","uploadtime":1682441835,"views":10,"p1id":"archavenger","p2id":"riptide1388","formatid":"gen9vgc2023regulationc","rating":1138,"private":0,"password":""}