{"id":"gen9vgc2023regulationc-1845657884","p1":"EisenVGC","p2":"fabiobl7","format":"[Gen 9] VGC 2023 Regulation C","log":"|j|\u2606EisenVGC\n|j|\u2606fabiobl7\n|t:|1681753163\n|gametype|doubles\n|player|p1|EisenVGC|101|1219\n|player|p2|fabiobl7|1|1211\n|teamsize|p1|6\n|teamsize|p2|6\n|gen|9\n|tier|[Gen 9] VGC 2023 Regulation C\n|rated|\n|rule|Species Clause: Limit one of each Pok\u00e9mon\n|rule|Item Clause: Limit one of each item\n|clearpoke\n|poke|p1|Chi-Yu, L50|\n|poke|p1|Gyarados, L50, F|\n|poke|p1|Dragonite, L50, F|\n|poke|p1|Amoonguss, L50, F|\n|poke|p1|Ting-Lu, L50|\n|poke|p1|Flutter Mane, L50|\n|poke|p2|Palafin, L50, M|\n|poke|p2|Amoonguss, L50, F|\n|poke|p2|Roaring Moon, L50|\n|poke|p2|Arcanine, L50, F|\n|poke|p2|Flutter Mane, L50|\n|poke|p2|Ting-Lu, L50|\n|teampreview|4\n|\n|t:|1681753209\n|start\n|switch|p1a: capa|Flutter Mane, L50|100\/100\n|switch|p1b: Psilocibin|Amoonguss, L50, F|100\/100\n|switch|p2a: Roaring Moon|Roaring Moon, L50|100\/100\n|switch|p2b: Palafin|Palafin, L50, M|100\/100\n|-enditem|p2a: Roaring Moon|Booster Energy\n|-activate|p2a: Roaring Moon|ability: Protosynthesis|[fromitem]\n|-start|p2a: Roaring Moon|protosynthesisatk\n|turn|1\n|\n|t:|1681753246\n|detailschange|p2b: Palafin|Palafin-Hero, L50, M\n|switch|p2b: Amoonguss|Amoonguss, L50, F|100\/100\n|move|p1b: Psilocibin|Rage Powder|p1b: Psilocibin\n|-singleturn|p1b: Psilocibin|move: Rage Powder\n|move|p1a: capa|Moonblast|p2a: Roaring Moon\n|-supereffective|p2a: Roaring Moon\n|-damage|p2a: Roaring Moon|0 fnt\n|faint|p2a: Roaring Moon\n|-end|p2a: Roaring Moon|Protosynthesis|[silent]\n|\n|upkeep\n|\n|t:|1681753253\n|switch|p2a: Palafin|Palafin-Hero, L50, M|100\/100\n|-activate|p2a: Palafin|ability: Zero to Hero\n|turn|2\n|\n|t:|1681753276\n|-end|p1a: capa|Protosynthesis|[silent]\n|switch|p1a: Carpa|Gyarados, L50, F|100\/100\n|-ability|p1a: Carpa|Intimidate|boost\n|-unboost|p2a: Palafin|atk|1\n|-unboost|p2b: Amoonguss|atk|1\n|move|p2a: Palafin|Substitute|p2a: Palafin\n|-start|p2a: Palafin|Substitute\n|-damage|p2a: Palafin|76\/100\n|move|p2b: Amoonguss|Spore|p1a: Carpa\n|-activate|p1a: Carpa|item: Safety Goggles|Spore\n|move|p1b: Psilocibin|Pollen Puff|p2a: Palafin\n|-activate|p2a: Palafin|move: Substitute|[damage]\n|\n|upkeep\n|turn|3\n|\n|t:|1681753299\n|-terastallize|p2a: Palafin|Water\n|move|p2a: Palafin|Wave Crash|p1a: Carpa\n|-resisted|p1a: Carpa\n|-damage|p1a: Carpa|57\/100\n|-damage|p2a: Palafin|61\/100|[from] Recoil\n|move|p1a: Carpa|Taunt|p2b: Amoonguss\n|-start|p2b: Amoonguss|move: Taunt\n|move|p1b: Psilocibin|Pollen Puff|p2a: Palafin\n|-end|p2a: Palafin|Substitute\n|move|p2b: Amoonguss|Pollen Puff|p2a: Palafin\n|-heal|p2a: Palafin|100\/100\n|\n|upkeep\n|turn|4\n|\n|t:|1681753368\n|move|p2a: Palafin|Wave Crash|p1a: Carpa\n|-resisted|p1a: Carpa\n|-damage|p1a: Carpa|18\/100\n|-damage|p2a: Palafin|88\/100|[from] Recoil\n|move|p1a: Carpa|Iron Head|p2b: Amoonguss\n|-damage|p2b: Amoonguss|79\/100\n|move|p2b: Amoonguss|Pollen Puff|p1a: Carpa\n|-resisted|p1a: Carpa\n|-damage|p1a: Carpa|11\/100\n|move|p1b: Psilocibin|Pollen Puff|p2b: Amoonguss\n|-damage|p2b: Amoonguss|64\/100\n|\n|upkeep\n|turn|5\n|\n|t:|1681753406\n|switch|p2a: Flutter Mane|Flutter Mane, L50|100\/100\n|switch|p1a: capa|Flutter Mane, L50|100\/100\n|move|p2b: Amoonguss|Pollen Puff|p2a: Flutter Mane\n|-immune|p2a: Flutter Mane\n|move|p1b: Psilocibin|Spore|p2a: Flutter Mane\n|-status|p2a: Flutter Mane|slp|[from] move: Spore\n|\n|-end|p2b: Amoonguss|move: Taunt\n|upkeep\n|turn|6\n|\n|t:|1681753440\n|-end|p1a: capa|Protosynthesis|[silent]\n|switch|p1a: Carpa|Gyarados, L50, F|11\/100\n|-ability|p1a: Carpa|Intimidate|boost\n|-unboost|p2a: Flutter Mane|atk|1\n|-unboost|p2b: Amoonguss|atk|1\n|cant|p2a: Flutter Mane|slp\n|move|p1b: Psilocibin|Pollen Puff|p2b: Amoonguss\n|-damage|p2b: Amoonguss|50\/100\n|-enditem|p2b: Amoonguss|Sitrus Berry|[eat]\n|-heal|p2b: Amoonguss|74\/100|[from] item: Sitrus Berry\n|move|p2b: Amoonguss|Spore|p1a: Carpa\n|-activate|p1a: Carpa|item: Safety Goggles|Spore\n|\n|upkeep\n|turn|7\n|\n|t:|1681753465\n|cant|p2a: Flutter Mane|slp\n|move|p1a: Carpa|Taunt|p2b: Amoonguss\n|-start|p2b: Amoonguss|move: Taunt\n|move|p2b: Amoonguss|Pollen Puff|p2a: Flutter Mane\n|-immune|p2a: Flutter Mane\n|move|p1b: Psilocibin|Pollen Puff|p2a: Flutter Mane\n|-resisted|p2a: Flutter Mane\n|-damage|p2a: Flutter Mane|97\/100 slp\n|\n|upkeep\n|turn|8\n|\n|t:|1681753495\n|switch|p1a: capa|Flutter Mane, L50|100\/100\n|-curestatus|p2a: Flutter Mane|slp|[msg]\n|move|p2a: Flutter Mane|Dazzling Gleam|p1b: Psilocibin|[spread] p1a,p1b\n|-resisted|p1b: Psilocibin\n|-damage|p1a: capa|45\/100\n|-damage|p1b: Psilocibin|79\/100\n|move|p2b: Amoonguss|Pollen Puff|p1b: Psilocibin\n|-damage|p1b: Psilocibin|64\/100\n|move|p1b: Psilocibin|Pollen Puff|p2b: Amoonguss\n|-damage|p2b: Amoonguss|60\/100\n|\n|upkeep\n|turn|9\n|\n|t:|1681753534\n|move|p1a: capa|Shadow Ball|p2a: Flutter Mane\n|-supereffective|p2a: Flutter Mane\n|-damage|p2a: Flutter Mane|0 fnt\n|faint|p2a: Flutter Mane\n|-end|p2a: Flutter Mane|Protosynthesis|[silent]\n|move|p2b: Amoonguss|Pollen Puff|p2: Flutter Mane|[notarget]\n|-fail|p2b: Amoonguss\n|move|p1b: Psilocibin|Pollen Puff|p1a: capa\n|-heal|p1a: capa|95\/100\n|\n|-end|p2b: Amoonguss|move: Taunt\n|upkeep\n|\n|t:|1681753537\n|switch|p2a: Palafin|Palafin-Hero, L50, M, tera:Water|88\/100\n|turn|10\n|\n|t:|1681753558\n|-end|p1a: capa|Protosynthesis|[silent]\n|switch|p1a: Carpa|Gyarados, L50, F|11\/100\n|-ability|p1a: Carpa|Intimidate|boost\n|-unboost|p2a: Palafin|atk|1\n|-unboost|p2b: Amoonguss|atk|1\n|move|p2a: Palafin|Wave Crash|p1b: Psilocibin\n|-resisted|p1b: Psilocibin\n|-damage|p1b: Psilocibin|30\/100\n|-damage|p2a: Palafin|72\/100|[from] item: Rocky Helmet|[of] p1b: Psilocibin\n|-damage|p2a: Palafin|60\/100|[from] Recoil\n|move|p1b: Psilocibin|Spore|p2a: Palafin\n|-status|p2a: Palafin|slp|[from] move: Spore\n|move|p2b: Amoonguss|Pollen Puff|p2a: Palafin\n|-heal|p2a: Palafin|100\/100 slp\n|\n|upkeep\n|turn|11\n|\n|t:|1681753599\n|cant|p2a: Palafin|slp\n|move|p1a: Carpa|Taunt|p2b: Amoonguss\n|-start|p2b: Amoonguss|move: Taunt\n|move|p1b: Psilocibin|Pollen Puff|p2b: Amoonguss\n|-damage|p2b: Amoonguss|46\/100\n|move|p2b: Amoonguss|Pollen Puff|p1a: Carpa\n|-resisted|p1a: Carpa\n|-damage|p1a: Carpa|4\/100\n|\n|upkeep\n|turn|12\n|\n|t:|1681753624\n|-curestatus|p2a: Palafin|slp|[msg]\n|move|p2a: Palafin|Jet Punch|p1a: Carpa\n|-resisted|p1a: Carpa\n|-damage|p1a: Carpa|0 fnt\n|faint|p1a: Carpa\n|move|p2b: Amoonguss|Pollen Puff|p1b: Psilocibin\n|-damage|p1b: Psilocibin|15\/100\n|move|p1b: Psilocibin|Pollen Puff|p2b: Amoonguss\n|-damage|p2b: Amoonguss|32\/100\n|\n|upkeep\n|\n|t:|1681753638\n|switch|p1a: capa|Flutter Mane, L50|95\/100\n|turn|13\n|\n|t:|1681753648\n|move|p2a: Palafin|Jet Punch|p1b: Psilocibin\n|-resisted|p1b: Psilocibin\n|-damage|p1b: Psilocibin|0 fnt\n|-damage|p2a: Palafin|84\/100|[from] item: Rocky Helmet|[of] p1b: Psilocibin\n|faint|p1b: Psilocibin\n|move|p1a: capa|Thunderbolt|p2a: Palafin\n|-supereffective|p2a: Palafin\n|-damage|p2a: Palafin|0 fnt\n|faint|p2a: Palafin\n|move|p2b: Amoonguss|Pollen Puff|p2: Palafin|[notarget]\n|-fail|p2b: Amoonguss\n|\n|-end|p2b: Amoonguss|move: Taunt\n|upkeep\n|-message|fabiobl7 forfeited.\n|\n|win|EisenVGC\n|raw|EisenVGC's rating: 1219 → 1243<\/strong> (+24 for winning)\n|raw|fabiobl7's rating: 1211 → 1187<\/strong> (-24 for losing)\n|l|\u2606fabiobl7\n","uploadtime":1681753698,"views":17,"p1id":"eisenvgc","p2id":"fabiobl7","formatid":"gen9vgc2023regulationc","rating":1187,"private":0,"password":""}