{"id":"gen9vgc2023regulationc-1861890687","p1":"TheWigletts","p2":"N8zaGr8","format":"[Gen 9] VGC 2023 Regulation C","log":"|j|\u2606TheWigletts\n|j|\u2606N8zaGr8\n|t:|1683818342\n|gametype|doubles\n|player|p1|TheWigletts|101|\n|player|p2|N8zaGr8|cynthia-gen4|\n|teamsize|p1|6\n|teamsize|p2|6\n|gen|9\n|tier|[Gen 9] VGC 2023 Regulation C\n|rated|Tournament battle\n|rule|Species Clause: Limit one of each Pok\u00e9mon\n|rule|Item Clause: Limit one of each item\n|clearpoke\n|poke|p1|Amoonguss, L50, F|\n|poke|p1|Iron Hands, L50|\n|poke|p1|Flutter Mane, L50|\n|poke|p1|Arcanine, L50, M|\n|poke|p1|Palafin, L50, F|\n|poke|p1|Pelipper, L50, F|\n|poke|p2|Sandy Shocks, L50|\n|poke|p2|Ting-Lu, L50|\n|poke|p2|Amoonguss, L50, F|\n|poke|p2|Bronzong, L50|\n|poke|p2|Ceruledge, L50, F|\n|poke|p2|Espathra, L50, M|\n|teampreview|4\n|raw| Open Team Sheet for TheWigletts<\/summary>Amoonguss @ Sitrus Berry Ability: Regenerator Level: 50 Tera Type: Steel - Protect - Pollen Puff - Spore - Rage Powder Iron Hands @ Assault Vest Ability: Quark Drive Level: 50 Tera Type: Grass - Wild Charge - Drain Punch - Fake Out - Volt Switch Flutter Mane @ Choice Specs Ability: Protosynthesis Level: 50 Tera Type: Fairy - Moonblast - Shadow Ball - Thunder - Dazzling Gleam Arcanine @ Safety Goggles Ability: Intimidate Level: 50 Tera Type: Grass - Protect - Flare Blitz - Extreme Speed - Will-O-Wisp Palafin @ Mystic Water Ability: Zero to Hero Level: 50 Tera Type: Water - Protect - Wave Crash - Haze - Jet Punch Pelipper @ Yache Berry Ability: Drizzle Level: 50 Tera Type: Dark - Protect - Chilling Water - Hurricane - Wide Guard <\/details><\/div> Open Team Sheet for N8zaGr8<\/summary>Sandy Shocks @ Booster Energy Ability: Protosynthesis Level: 50 Tera Type: Grass - Thunderbolt - Earth Power - Gravity - Protect Father Help (Ting-Lu) @ Assault Vest Ability: Vessel of Ruin Level: 50 Tera Type: Poison - Earthquake - Ruination - Heavy Slam - Rock Slide Friend (Amoonguss) @ Leftovers Ability: Regenerator Level: 50 Tera Type: Water - Spore - Pollen Puff - Rage Powder - Protect dong (Bronzong) @ Safety Goggles Ability: Levitate Level: 50 Tera Type: Water - Body Press - Iron Defense - Trick Room - Heavy Slam GrAss Blaster (Ceruledge) @ Clear Amulet Ability: Flash Fire Level: 50 Tera Type: Grass - Bitter Blade - Tera Blast - Shadow Sneak - Protect Espathra @ Focus Sash Ability: Speed Boost Level: 50 Tera Type: Ghost - Lumina Crash - Dazzling Gleam - Hypnosis - Protect <\/details><\/div>\n|j| GhostSwellow\n|inactive|Battle timer is ON: inactive players will automatically lose when time's up. (requested by TheWigletts)\n|j| Rocky44\n|l| Rocky44\n|inactive|N8zaGr8 has 60 seconds left.\n|\n|t:|1683818380\n|start\n|switch|p1a: Palafin|Palafin, L50, F|100\/100\n|switch|p1b: Flutter Mane|Flutter Mane, L50|100\/100\n|switch|p2a: Sandy Shocks|Sandy Shocks, L50|100\/100\n|switch|p2b: Espathra|Espathra, L50, M|100\/100\n|-enditem|p2a: Sandy Shocks|Booster Energy\n|-activate|p2a: Sandy Shocks|ability: Protosynthesis|[fromitem]\n|-start|p2a: Sandy Shocks|protosynthesisspe\n|turn|1\n|c|\u2606N8zaGr8|yache berry pelliper is a unique pick\n|j| Rocky44\n|l| Rocky44\n|inactive|N8zaGr8 has 30 seconds left.\n|c|\u2606TheWigletts|something im testing\n|inactive|N8zaGr8 has 20 seconds left.\n|inactive|N8zaGr8 has 15 seconds left.\n|\n|t:|1683818424\n|detailschange|p1a: Palafin|Palafin-Hero, L50, F\n|switch|p1a: Amoonguss|Amoonguss, L50, F|100\/100\n|move|p2b: Espathra|Protect|p2b: Espathra\n|-singleturn|p2b: Espathra|Protect\n|move|p2a: Sandy Shocks|Gravity|p2a: Sandy Shocks\n|-fieldstart|move: Gravity\n|move|p1b: Flutter Mane|Dazzling Gleam|p2a: Sandy Shocks|[spread] p2a\n|-activate|p2b: Espathra|move: Protect\n|-damage|p2a: Sandy Shocks|44\/100\n|\n|-ability|p2b: Espathra|Speed Boost|boost\n|-boost|p2b: Espathra|spe|1\n|upkeep\n|turn|2\n|\n|t:|1683818440\n|-end|p2a: Sandy Shocks|Protosynthesis|[silent]\n|switch|p2a: Friend|Amoonguss, L50, F|100\/100\n|move|p2b: Espathra|Hypnosis|p1b: Flutter Mane\n|-status|p1b: Flutter Mane|slp|[from] move: Hypnosis\n|cant|p1b: Flutter Mane|slp\n|move|p1a: Amoonguss|Spore|p2b: Espathra\n|-status|p2b: Espathra|slp|[from] move: Spore\n|\n|-ability|p2b: Espathra|Speed Boost|boost\n|-boost|p2b: Espathra|spe|1\n|upkeep\n|turn|3\n|\n|t:|1683818463\n|cant|p2b: Espathra|slp\n|cant|p1b: Flutter Mane|slp\n|move|p1a: Amoonguss|Pollen Puff|p2b: Espathra\n|-supereffective|p2b: Espathra\n|-damage|p2b: Espathra|52\/100 slp\n|move|p2a: Friend|Pollen Puff|p1a: Amoonguss\n|-damage|p1a: Amoonguss|84\/100\n|\n|-ability|p2b: Espathra|Speed Boost|boost\n|-boost|p2b: Espathra|spe|1\n|upkeep\n|turn|4\n|\n|t:|1683818477\n|-curestatus|p2b: Espathra|slp|[msg]\n|move|p2b: Espathra|Lumina Crash|p1a: Amoonguss\n|-supereffective|p1a: Amoonguss\n|-damage|p1a: Amoonguss|21\/100\n|-unboost|p1a: Amoonguss|spd|2\n|-enditem|p1a: Amoonguss|Sitrus Berry|[eat]\n|-heal|p1a: Amoonguss|46\/100|[from] item: Sitrus Berry\n|cant|p1b: Flutter Mane|slp\n|move|p1a: Amoonguss|Pollen Puff|p2b: Espathra\n|-supereffective|p2b: Espathra\n|-damage|p2b: Espathra|8\/100\n|move|p2a: Friend|Pollen Puff|p2b: Espathra\n|-heal|p2b: Espathra|58\/100\n|\n|-ability|p2b: Espathra|Speed Boost|boost\n|-boost|p2b: Espathra|spe|1\n|upkeep\n|turn|5\n|inactive|N8zaGr8 has 30 seconds left.\n|\n|t:|1683818505\n|switch|p1a: Arcanine|Arcanine, L50, M|100\/100\n|-ability|p1a: Arcanine|Intimidate|boost\n|-unboost|p2a: Friend|atk|1\n|-unboost|p2b: Espathra|atk|1\n|move|p2b: Espathra|Protect|p2b: Espathra\n|-singleturn|p2b: Espathra|Protect\n|-curestatus|p1b: Flutter Mane|slp|[msg]\n|move|p1b: Flutter Mane|Dazzling Gleam|p2b: Espathra|[spread] p2a\n|-activate|p2b: Espathra|move: Protect\n|-resisted|p2a: Friend\n|-damage|p2a: Friend|79\/100\n|move|p2a: Friend|Pollen Puff|p1a: Arcanine\n|-resisted|p1a: Arcanine\n|-damage|p1a: Arcanine|92\/100\n|\n|-heal|p2a: Friend|85\/100|[from] item: Leftovers\n|-fieldend|move: Gravity\n|-ability|p2b: Espathra|Speed Boost|boost\n|-boost|p2b: Espathra|spe|1\n|upkeep\n|turn|6\n|inactive|N8zaGr8 has 30 seconds left.\n|inactive|N8zaGr8 has 20 seconds left.\n|\n|t:|1683818545\n|switch|p2a: GrAss Blaster|Ceruledge, L50, F|100\/100\n|move|p2b: Espathra|Hypnosis|p1b: Flutter Mane|[miss]\n|-miss|p2b: Espathra|p1b: Flutter Mane\n|move|p1b: Flutter Mane|Dazzling Gleam|p2b: Espathra|[spread] p2a,p2b\n|-resisted|p2a: GrAss Blaster\n|-damage|p2a: GrAss Blaster|78\/100\n|-damage|p2b: Espathra|0 fnt\n|faint|p2b: Espathra\n|move|p1a: Arcanine|Flare Blitz|p2a: GrAss Blaster\n|-start|p2a: GrAss Blaster|ability: Flash Fire\n|\n|upkeep\n|\n|t:|1683818559\n|switch|p2b: Friend|Amoonguss, L50, F|100\/100\n|turn|7\n|\n|t:|1683818570\n|-end|p1b: Flutter Mane|Protosynthesis|[silent]\n|switch|p1b: Amoonguss|Amoonguss, L50, F|80\/100\n|move|p2b: Friend|Protect|p2b: Friend\n|-singleturn|p2b: Friend|Protect\n|move|p1a: Arcanine|Flare Blitz|p2b: Friend\n|-activate|p2b: Friend|move: Protect\n|move|p2a: GrAss Blaster|Bitter Blade|p1b: Amoonguss\n|-supereffective|p1b: Amoonguss\n|-damage|p1b: Amoonguss|0 fnt\n|-heal|p2a: GrAss Blaster|100\/100|[from] drain|[of] p1b: Amoonguss\n|faint|p1b: Amoonguss\n|\n|upkeep\n|\n|t:|1683818579\n|switch|p1b: Palafin|Palafin-Hero, L50, F|100\/100\n|-activate|p1b: Palafin|ability: Zero to Hero\n|turn|8\n|\n|t:|1683818587\n|-terastallize|p2a: GrAss Blaster|Grass\n|move|p1b: Palafin|Protect|p1b: Palafin\n|-singleturn|p1b: Palafin|Protect\n|move|p1a: Arcanine|Flare Blitz|p2b: Friend\n|-supereffective|p2b: Friend\n|-damage|p2b: Friend|30\/100\n|-damage|p1a: Arcanine|66\/100|[from] Recoil\n|move|p2a: GrAss Blaster|Tera Blast|p1b: Palafin\n|-activate|p1b: Palafin|move: Protect\n|move|p2b: Friend|Pollen Puff|p2a: GrAss Blaster\n|-immune|p2a: GrAss Blaster\n|\n|-heal|p2b: Friend|36\/100|[from] item: Leftovers\n|upkeep\n|turn|9\n|\n|t:|1683818609\n|move|p2b: Friend|Protect|p2b: Friend\n|-singleturn|p2b: Friend|Protect\n|move|p1b: Palafin|Wave Crash|p2a: GrAss Blaster\n|-resisted|p2a: GrAss Blaster\n|-damage|p2a: GrAss Blaster|44\/100\n|-damage|p1b: Palafin|84\/100|[from] Recoil\n|move|p1a: Arcanine|Flare Blitz|p2b: Friend\n|-activate|p2b: Friend|move: Protect\n|move|p2a: GrAss Blaster|Tera Blast|p1b: Palafin\n|-supereffective|p1b: Palafin\n|-damage|p1b: Palafin|9\/100\n|\n|-heal|p2b: Friend|42\/100|[from] item: Leftovers\n|upkeep\n|turn|10\n|\n|t:|1683818628\n|switch|p2b: Sandy Shocks|Sandy Shocks, L50|44\/100\n|move|p1b: Palafin|Jet Punch|p2a: GrAss Blaster\n|-resisted|p2a: GrAss Blaster\n|-damage|p2a: GrAss Blaster|19\/100\n|move|p2a: GrAss Blaster|Shadow Sneak|p1b: Palafin\n|-damage|p1b: Palafin|0 fnt\n|faint|p1b: Palafin\n|move|p1a: Arcanine|Flare Blitz|p2b: Sandy Shocks\n|-damage|p2b: Sandy Shocks|0 fnt\n|faint|p2b: Sandy Shocks\n|-end|p2b: Sandy Shocks|Protosynthesis|[silent]\n|-damage|p1a: Arcanine|55\/100|[from] Recoil\n|\n|upkeep\n|\n|t:|1683818634\n|switch|p2b: Friend|Amoonguss, L50, F|75\/100\n|switch|p1b: Flutter Mane|Flutter Mane, L50|100\/100\n|turn|11\n|inactive|N8zaGr8 has 30 seconds left.\n|\n|t:|1683818667\n|-terastallize|p1b: Flutter Mane|Fairy\n|move|p2b: Friend|Rage Powder|p2b: Friend\n|-singleturn|p2b: Friend|move: Rage Powder\n|move|p2a: GrAss Blaster|Shadow Sneak|p1b: Flutter Mane\n|-damage|p1b: Flutter Mane|63\/100\n|move|p1b: Flutter Mane|Dazzling Gleam|p2a: GrAss Blaster|[spread] p2a,p2b\n|-resisted|p2b: Friend\n|-damage|p2a: GrAss Blaster|0 fnt\n|-damage|p2b: Friend|43\/100\n|faint|p2a: GrAss Blaster\n|move|p1a: Arcanine|Flare Blitz|p2b: Friend\n|-supereffective|p2b: Friend\n|-damage|p2b: Friend|0 fnt\n|faint|p2b: Friend\n|-damage|p1a: Arcanine|39\/100|[from] Recoil\n|\n|win|TheWigletts\n|n|\u2606TheWigletts|thewigletts\n|n|\u2606N8zaGr8|n8zagr8\n|n| GhostSwellow|ghostswellow\n|c|\u2606TheWigletts|gg\n|c|\u2606N8zaGr8|gg\n|l| GhostSwellow\n|l|\u2606N8zaGr8\n","uploadtime":1683819617,"views":8,"p1id":"thewigletts","p2id":"n8zagr8","formatid":"gen9vgc2023regulationc","rating":0,"private":0,"password":""}