{"id":"gen9vgc2023regulationc-1862236273","p1":"jotapevh","p2":"SM0KESgirl","format":"[Gen 9] VGC 2023 Regulation C","log":"|j|\u2606jotapevh\n|j|\u2606SM0KESgirl\n|t:|1683853187\n|gametype|doubles\n|player|p1|jotapevh|norman|1199\n|player|p2|SM0KESgirl|skyla|1252\n|teamsize|p1|6\n|teamsize|p2|6\n|gen|9\n|tier|[Gen 9] VGC 2023 Regulation C\n|rated|\n|rule|Species Clause: Limit one of each Pok\u00e9mon\n|rule|Item Clause: Limit one of each item\n|clearpoke\n|poke|p1|Ting-Lu, L50|\n|poke|p1|Vivillon-Fancy, L50, F|\n|poke|p1|Iron Bundle, L50|\n|poke|p1|Abomasnow, L50, M|\n|poke|p1|Annihilape, L50, F|\n|poke|p1|Iron Hands, L50|\n|poke|p2|Gholdengo, L50|\n|poke|p2|Murkrow, L50, M|\n|poke|p2|Baxcalibur, L50, M|\n|poke|p2|Annihilape, L50, F|\n|poke|p2|Flutter Mane, L50|\n|poke|p2|Amoonguss, L50, F|\n|teampreview|4\n|inactive|Battle timer is ON: inactive players will automatically lose when time's up. (requested by SM0KESgirl)\n|\n|t:|1683853229\n|start\n|switch|p1a: Iron Bundle|Iron Bundle, L50|100\/100\n|switch|p1b: Abomasnow|Abomasnow, L50, M|100\/100\n|switch|p2a: Murkrow|Murkrow, L50, M|100\/100\n|switch|p2b: Gholdengo|Gholdengo, L50|100\/100\n|-weather|Snow|[from] ability: Snow Warning|[of] p1b: Abomasnow\n|-enditem|p1a: Iron Bundle|Booster Energy\n|-activate|p1a: Iron Bundle|ability: Quark Drive|[fromitem]\n|-start|p1a: Iron Bundle|quarkdrivespe\n|turn|1\n|\n|t:|1683853245\n|move|p2a: Murkrow|Tailwind|p2a: Murkrow\n|-sidestart|p2: SM0KESgirl|move: Tailwind\n|move|p1a: Iron Bundle|Aurora Veil|p1a: Iron Bundle\n|-sidestart|p1: jotapevh|move: Aurora Veil\n|move|p2b: Gholdengo|Make It Rain|p1a: Iron Bundle|[spread] p1a,p1b\n|-supereffective|p1b: Abomasnow\n|-damage|p1a: Iron Bundle|2\/100\n|-damage|p1b: Abomasnow|0 fnt\n|-unboost|p2b: Gholdengo|spa|1\n|faint|p1b: Abomasnow\n|\n|-weather|Snow|[upkeep]\n|upkeep\n|\n|t:|1683853255\n|switch|p1b: Vivillon|Vivillon-Fancy, L50, F|100\/100\n|turn|2\n|\n|t:|1683853272\n|switch|p2a: Amoonguss|Amoonguss, L50, F|100\/100\n|-terastallize|p2b: Gholdengo|Water\n|move|p1a: Iron Bundle|Blizzard|p2a: Amoonguss|[spread] p2a,p2b\n|-supereffective|p2a: Amoonguss\n|-resisted|p2b: Gholdengo\n|-crit|p2b: Gholdengo\n|-damage|p2a: Amoonguss|26\/100\n|-damage|p2b: Gholdengo|69\/100\n|-enditem|p2a: Amoonguss|Sitrus Berry|[eat]\n|-heal|p2a: Amoonguss|51\/100|[from] item: Sitrus Berry\n|move|p2b: Gholdengo|Make It Rain|p1a: Iron Bundle|[spread] p1a,p1b\n|-crit|p1a: Iron Bundle\n|-crit|p1b: Vivillon\n|-damage|p1a: Iron Bundle|0 fnt\n|-enditem|p1b: Vivillon|Focus Sash\n|-damage|p1b: Vivillon|1\/100\n|-unboost|p2b: Gholdengo|spa|1\n|faint|p1a: Iron Bundle\n|-end|p1a: Iron Bundle|Quark Drive|[silent]\n|move|p1b: Vivillon|Pollen Puff|p1: Iron Bundle|[notarget]\n|-fail|p1b: Vivillon\n|\n|-weather|Snow|[upkeep]\n|upkeep\n|\n|t:|1683853283\n|switch|p1a: Ting-Lu|Ting-Lu, L50|100\/100\n|-ability|p1a: Ting-Lu|Vessel of Ruin\n|turn|3\n|\n|t:|1683853303\n|-terastallize|p1a: Ting-Lu|Ground\n|move|p1b: Vivillon|Protect|p1b: Vivillon\n|-singleturn|p1b: Vivillon|Protect\n|move|p2b: Gholdengo|Make It Rain|p1b: Vivillon|[spread] p1a\n|-activate|p1b: Vivillon|move: Protect\n|-damage|p1a: Ting-Lu|87\/100\n|-unboost|p2b: Gholdengo|spa|1\n|move|p2a: Amoonguss|Spore|p1a: Ting-Lu\n|-status|p1a: Ting-Lu|slp|[from] move: Spore\n|cant|p1a: Ting-Lu|slp\n|\n|-weather|Snow|[upkeep]\n|upkeep\n|turn|4\n|\n|t:|1683853325\n|move|p2b: Gholdengo|Make It Rain|p1a: Ting-Lu|[spread] p1a,p1b\n|-damage|p1a: Ting-Lu|77\/100 slp\n|-damage|p1b: Vivillon|0 fnt\n|-unboost|p2b: Gholdengo|spa|1\n|faint|p1b: Vivillon\n|move|p2a: Amoonguss|Pollen Puff|p2b: Gholdengo\n|-heal|p2b: Gholdengo|100\/100\n|cant|p1a: Ting-Lu|slp\n|\n|-weather|Snow|[upkeep]\n|-sideend|p2: SM0KESgirl|move: Tailwind\n|upkeep\n|turn|5\n|inactive|SM0KESgirl has 30 seconds left.\n|\n|t:|1683853360\n|switch|p2b: Annihilape|Annihilape, L50, F|100\/100\n|switch|p2a: Murkrow|Murkrow, L50, M|100\/100\n|-curestatus|p1a: Ting-Lu|slp|[msg]\n|move|p1a: Ting-Lu|Earthquake|p2a: Murkrow|[spread] p2b\n|-immune|p2a: Murkrow\n|-damage|p2b: Annihilape|32\/100\n|\n|-weather|none\n|-heal|p2b: Annihilape|38\/100|[from] item: Leftovers\n|-sideend|p1: jotapevh|move: Aurora Veil\n|upkeep\n|turn|6\n|-message|jotapevh forfeited.\n|\n|win|SM0KESgirl\n|raw|jotapevh's rating: 1199 → 1178<\/strong> (-21 for losing)\n|raw|SM0KESgirl's rating: 1252 → 1273<\/strong> (+21 for winning)\n|l|\u2606jotapevh\n","uploadtime":1683853381,"views":12,"p1id":"jotapevh","p2id":"sm0kesgirl","formatid":"gen9vgc2023regulationc","rating":1178,"private":0,"password":""}