{"id":"gen9vgc2023regulationc-1863489568","p1":"Revocolombia","p2":"erismaven","format":"[Gen 9] VGC 2023 Regulation C","log":"|j|\u2606Revocolombia\n|j|\u2606erismaven\n|t:|1684024340\n|gametype|doubles\n|player|p1|Revocolombia|101|1470\n|player|p2|erismaven|266|1416\n|teamsize|p1|6\n|teamsize|p2|6\n|gen|9\n|tier|[Gen 9] VGC 2023 Regulation C\n|rated|\n|rule|Species Clause: Limit one of each Pok\u00e9mon\n|rule|Item Clause: Limit one of each item\n|clearpoke\n|poke|p1|Flutter Mane, L50|\n|poke|p1|Annihilape, L50, F|\n|poke|p1|Dragonite, L50, M|\n|poke|p1|Chien-Pao, L50|\n|poke|p1|Murkrow, L50, F|\n|poke|p1|Gholdengo, L50|\n|poke|p2|Pelipper, L50, M|\n|poke|p2|Azumarill, L50, M|\n|poke|p2|Farigiraf, L50, F|\n|poke|p2|Chien-Pao, L50|\n|poke|p2|Iron Bundle, L50|\n|poke|p2|Gholdengo, L50|\n|teampreview|4\n|inactive|Battle timer is ON: inactive players will automatically lose when time's up. (requested by erismaven)\n|\n|t:|1684024383\n|start\n|switch|p1a: Annihilape|Annihilape, L50, F|100\/100\n|switch|p1b: Murkrow|Murkrow, L50, F|100\/100\n|switch|p2a: Pelipper|Pelipper, L50, M|100\/100\n|switch|p2b: Gholdengo|Gholdengo, L50|100\/100\n|-weather|RainDance|[from] ability: Drizzle|[of] p2a: Pelipper\n|turn|1\n|inactive|erismaven has 30 seconds left.\n|inactive|erismaven has 20 seconds left.\n|inactive|erismaven has 15 seconds left.\n|\n|t:|1684024424\n|-terastallize|p1a: Annihilape|Fire\n|move|p1b: Murkrow|Taunt|p2a: Pelipper\n|-start|p2a: Pelipper|move: Taunt\n|move|p2b: Gholdengo|Nasty Plot|p2b: Gholdengo\n|-boost|p2b: Gholdengo|spa|2\n|move|p1a: Annihilape|Rage Fist|p2b: Gholdengo\n|-supereffective|p2b: Gholdengo\n|-damage|p2b: Gholdengo|59\/100\n|cant|p2a: Pelipper|move: Taunt|Tailwind\n|\n|-weather|RainDance|[upkeep]\n|-heal|p2b: Gholdengo|65\/100|[from] item: Leftovers\n|upkeep\n|turn|2\n|inactive|erismaven has 30 seconds left.\n|\n|t:|1684024458\n|move|p2b: Gholdengo|Protect|p2b: Gholdengo\n|-singleturn|p2b: Gholdengo|Protect\n|move|p1b: Murkrow|Haze|p1b: Murkrow\n|-clearallboost\n|move|p1a: Annihilape|Rage Fist|p2b: Gholdengo\n|-activate|p2b: Gholdengo|move: Protect\n|move|p2a: Pelipper|Hurricane|p1a: Annihilape\n|-damage|p1a: Annihilape|69\/100\n|\n|-weather|RainDance|[upkeep]\n|-heal|p2b: Gholdengo|71\/100|[from] item: Leftovers\n|-heal|p1a: Annihilape|75\/100|[from] item: Leftovers\n|upkeep\n|turn|3\n|inactive|erismaven has 30 seconds left.\n|\n|t:|1684024493\n|switch|p1b: Dragonite|Dragonite, L50, M|100\/100\n|move|p2b: Gholdengo|Shadow Ball|p1a: Annihilape\n|-damage|p1a: Annihilape|42\/100\n|-unboost|p1a: Annihilape|spd|1\n|-ability|p1a: Annihilape|Defiant|boost\n|-boost|p1a: Annihilape|atk|2\n|move|p1a: Annihilape|Rage Fist|p2b: Gholdengo\n|-supereffective|p2b: Gholdengo\n|-damage|p2b: Gholdengo|0 fnt\n|faint|p2b: Gholdengo\n|move|p2a: Pelipper|Hurricane|p1a: Annihilape\n|-damage|p1a: Annihilape|0 fnt\n|faint|p1a: Annihilape\n|\n|-weather|RainDance|[upkeep]\n|-end|p2a: Pelipper|move: Taunt\n|upkeep\n|j| Spacejes\n|inactive|erismaven has 30 seconds left.\n|\n|t:|1684024518\n|switch|p2b: Iron Bundle|Iron Bundle, L50|100\/100\n|switch|p1a: Murkrow|Murkrow, L50, F|100\/100\n|-enditem|p2b: Iron Bundle|Booster Energy\n|-activate|p2b: Iron Bundle|ability: Quark Drive|[fromitem]\n|-start|p2b: Iron Bundle|quarkdrivespe\n|turn|4\n|\n|t:|1684024531\n|move|p1a: Murkrow|Tailwind|p1a: Murkrow\n|-sidestart|p1: Revocolombia|move: Tailwind\n|move|p2b: Iron Bundle|Icy Wind|p1b: Dragonite|[spread] p1a,p1b\n|-supereffective|p1a: Murkrow\n|-supereffective|p1b: Dragonite\n|-damage|p1a: Murkrow|61\/100\n|-damage|p1b: Dragonite|56\/100\n|-unboost|p1a: Murkrow|spe|1\n|-unboost|p1b: Dragonite|spe|1\n|move|p1b: Dragonite|Thunder Punch|p2a: Pelipper\n|-supereffective|p2a: Pelipper\n|-damage|p2a: Pelipper|0 fnt\n|faint|p2a: Pelipper\n|\n|-weather|RainDance|[upkeep]\n|upkeep\n|\n|t:|1684024543\n|switch|p2a: Azumarill|Azumarill, L50, M|100\/100\n|turn|5\n|\n|t:|1684024560\n|-terastallize|p2a: Azumarill|Water\n|move|p1b: Dragonite|Extreme Speed|p2a: Azumarill\n|-damage|p2a: Azumarill|70\/100\n|move|p1a: Murkrow|Haze|p1a: Murkrow\n|-clearallboost\n|move|p2a: Azumarill|Aqua Jet|p1b: Dragonite\n|-resisted|p1b: Dragonite\n|-damage|p1b: Dragonite|27\/100\n|move|p2b: Iron Bundle|Icy Wind|p1b: Dragonite|[spread] p1a,p1b\n|-supereffective|p1a: Murkrow\n|-supereffective|p1b: Dragonite\n|-damage|p1a: Murkrow|14\/100\n|-damage|p1b: Dragonite|0 fnt\n|-unboost|p1a: Murkrow|spe|1\n|faint|p1b: Dragonite\n|\n|-weather|RainDance|[upkeep]\n|upkeep\n|\n|t:|1684024575\n|switch|p1b: Chien-Pao|Chien-Pao, L50|100\/100\n|-ability|p1b: Chien-Pao|Sword of Ruin\n|turn|6\n|\n|t:|1684024596\n|move|p1b: Chien-Pao|Sacred Sword|p2b: Iron Bundle\n|-supereffective|p2b: Iron Bundle\n|-damage|p2b: Iron Bundle|0 fnt\n|faint|p2b: Iron Bundle\n|-end|p2b: Iron Bundle|Quark Drive|[silent]\n|move|p1a: Murkrow|Foul Play|p2a: Azumarill\n|-damage|p2a: Azumarill|30\/100\n|move|p2a: Azumarill|Liquidation|p1b: Chien-Pao\n|-enditem|p1b: Chien-Pao|Focus Sash\n|-damage|p1b: Chien-Pao|1\/100\n|\n|-weather|RainDance|[upkeep]\n|upkeep\n|turn|7\n|\n|t:|1684024614\n|move|p1b: Chien-Pao|Sucker Punch|p2a: Azumarill\n|-damage|p2a: Azumarill|0 fnt\n|faint|p2a: Azumarill\n|\n|win|Revocolombia\n|raw|Revocolombia's rating: 1470 → 1487<\/strong> (+17 for winning)\n|raw|erismaven's rating: 1416 → 1399<\/strong> (-17 for losing)\n","uploadtime":1684024621,"views":6,"p1id":"revocolombia","p2id":"erismaven","formatid":"gen9vgc2023regulationc","rating":1399,"private":0,"password":""}