{"id":"gen9vgc2023regulationc-1862101494","p1":"Kiky14","p2":"yunfz","format":"[Gen 9] VGC 2023 Regulation C","log":"|j|\u2606Kiky14\n|j|\u2606yunfz\n|t:|1683837103\n|gametype|doubles\n|player|p1|Kiky14|hilbert-wonderlauncher|1154\n|player|p2|yunfz|artist-gen4|1112\n|teamsize|p1|6\n|teamsize|p2|6\n|gen|9\n|tier|[Gen 9] VGC 2023 Regulation C\n|rated|\n|rule|Species Clause: Limit one of each Pok\u00e9mon\n|rule|Item Clause: Limit one of each item\n|clearpoke\n|poke|p1|Ceruledge, L50, M|\n|poke|p1|Garganacl, L50, M|\n|poke|p1|Zoroark, L50, F|\n|poke|p1|Flutter Mane, L50|\n|poke|p1|Palafin, L50, F|\n|poke|p1|Amoonguss, L50, F|\n|poke|p2|Dunsparce, L50, F|\n|poke|p2|Ting-Lu, L50|\n|poke|p2|Goodra, L50, M|\n|poke|p2|Revavroom, L50, F|\n|poke|p2|Amoonguss, L50, M|\n|poke|p2|Gyarados, L50, M|\n|teampreview|4\n|\n|t:|1683837160\n|start\n|switch|p1a: New jeans|Palafin, L50, F, shiny|100\/100\n|switch|p1b: Ive|Amoonguss, L50, F|100\/100\n|switch|p2a: Gyarados|Gyarados, L50, M|100\/100\n|switch|p2b: Goodra|Goodra, L50, M|100\/100\n|-ability|p2a: Gyarados|Intimidate|boost\n|-unboost|p1a: New jeans|atk|1\n|-unboost|p1b: Ive|atk|1\n|turn|1\n|\n|t:|1683837178\n|move|p1a: New jeans|Flip Turn|p2b: Goodra\n|-resisted|p2b: Goodra\n|-damage|p2b: Goodra|89\/100\n|\n|t:|1683837185\n|detailschange|p1a: New jeans|Palafin-Hero, L50, F, shiny\n|switch|p1a: Mamamoo|Garganacl, L50, M|100\/100|[from] Flip Turn\n|move|p2a: Gyarados|Thunder Wave|p1a: Mamamoo\n|-immune|p1a: Mamamoo|[from] ability: Purifying Salt\n|move|p2b: Goodra|Acid Armor|p2b: Goodra\n|-boost|p2b: Goodra|def|2\n|move|p1b: Ive|Spore|p2a: Gyarados\n|-activate|p2a: Gyarados|item: Safety Goggles|Spore\n|\n|-heal|p2b: Goodra|95\/100|[from] item: Leftovers\n|upkeep\n|turn|2\n|\n|t:|1683837219\n|-terastallize|p1a: Mamamoo|Ghost\n|move|p2a: Gyarados|Waterfall|p1a: Mamamoo\n|-damage|p1a: Mamamoo|81\/100\n|move|p2b: Goodra|Acid Armor|p2b: Goodra\n|-boost|p2b: Goodra|def|2\n|move|p1a: Mamamoo|Salt Cure|p2b: Goodra\n|-damage|p2b: Goodra|90\/100\n|-start|p2b: Goodra|Salt Cure\n|move|p1b: Ive|Spore|p2b: Goodra\n|-ability|p2b: Goodra|Sap Sipper|boost\n|-boost|p2b: Goodra|atk|1\n|\n|-heal|p2b: Goodra|96\/100|[from] item: Leftovers\n|-damage|p2b: Goodra|84\/100|[from] Salt Cure\n|upkeep\n|turn|3\n|inactive|Battle timer is ON: inactive players will automatically lose when time's up. (requested by yunfz)\n|\n|t:|1683837242\n|move|p1b: Ive|Rage Powder|p1b: Ive\n|-singleturn|p1b: Ive|move: Rage Powder\n|move|p2a: Gyarados|Thunder Wave|p1b: Ive\n|-status|p1b: Ive|par\n|move|p2b: Goodra|Muddy Water|p1a: Mamamoo|[spread] p1a,p1b\n|-resisted|p1b: Ive\n|-damage|p1a: Mamamoo|65\/100\n|-damage|p1b: Ive|93\/100 par\n|-unboost|p1a: Mamamoo|accuracy|1\n|move|p1a: Mamamoo|Salt Cure|p2a: Gyarados\n|-supereffective|p2a: Gyarados\n|-damage|p2a: Gyarados|71\/100\n|-start|p2a: Gyarados|Salt Cure\n|\n|-heal|p2b: Goodra|90\/100|[from] item: Leftovers\n|-heal|p1b: Ive|99\/100 par|[from] item: Black Sludge\n|-damage|p2a: Gyarados|46\/100|[from] Salt Cure\n|-damage|p2b: Goodra|78\/100|[from] Salt Cure\n|upkeep\n|turn|4\n|inactive|Kiky14 has 30 seconds left.\n|inactive|Kiky14 has 20 seconds left.\n|\n|t:|1683837277\n|switch|p2a: Dunsparce|Dunsparce, L50, F|100\/100\n|switch|p1b: Viviz|Flutter Mane, L50|100\/100\n|-enditem|p1b: Viviz|Booster Energy\n|-activate|p1b: Viviz|ability: Protosynthesis|[fromitem]\n|-start|p1b: Viviz|protosynthesisspa\n|move|p2b: Goodra|Muddy Water|p1b: Viviz|[spread] p1a,p1b\n|-damage|p1a: Mamamoo|50\/100\n|-damage|p1b: Viviz|82\/100\n|move|p1a: Mamamoo|Recover|p1a: Mamamoo\n|-heal|p1a: Mamamoo|99\/100\n|\n|-heal|p2b: Goodra|84\/100|[from] item: Leftovers\n|-damage|p2b: Goodra|72\/100|[from] Salt Cure\n|upkeep\n|turn|5\n|inactive|yunfz has 30 seconds left.\n|\n|t:|1683837312\n|-terastallize|p2b: Goodra|Water\n|move|p1b: Viviz|Dazzling Gleam|p2a: Dunsparce|[spread] p2a,p2b\n|-damage|p2a: Dunsparce|67\/100\n|-damage|p2b: Goodra|48\/100\n|move|p2b: Goodra|Muddy Water|p1b: Viviz|[spread] p1a,p1b\n|-damage|p1a: Mamamoo|75\/100\n|-damage|p1b: Viviz|52\/100\n|-unboost|p1a: Mamamoo|accuracy|1\n|move|p2a: Dunsparce|Coil|p2a: Dunsparce\n|-boost|p2a: Dunsparce|atk|1\n|-boost|p2a: Dunsparce|def|1\n|-boost|p2a: Dunsparce|accuracy|1\n|move|p1a: Mamamoo|Salt Cure|p2a: Dunsparce|[miss]\n|-miss|p1a: Mamamoo|p2a: Dunsparce\n|\n|-heal|p2b: Goodra|54\/100|[from] item: Leftovers\n|-damage|p2b: Goodra|29\/100|[from] Salt Cure\n|upkeep\n|turn|6\n|\n|t:|1683837334\n|move|p1b: Viviz|Protect|p1b: Viviz\n|-singleturn|p1b: Viviz|Protect\n|move|p2b: Goodra|Life Dew|p2b: Goodra|[spread] p2a,p2b\n|-heal|p2a: Dunsparce|92\/100\n|-heal|p2b: Goodra|54\/100\n|move|p2a: Dunsparce|Rock Slide|p1a: Mamamoo|[spread] p1a\n|-activate|p1b: Viviz|move: Protect\n|-damage|p1a: Mamamoo|66\/100\n|cant|p1a: Mamamoo|flinch\n|\n|-heal|p2b: Goodra|60\/100|[from] item: Leftovers\n|-damage|p2b: Goodra|36\/100|[from] Salt Cure\n|upkeep\n|turn|7\n|inactive|Kiky14 has 30 seconds left.\n|inactive|yunfz has 30 seconds left.\n|\n|t:|1683837363\n|switch|p2b: Revavroom|Revavroom, L50, F|100\/100\n|move|p1b: Viviz|Mystical Fire|p2b: Revavroom\n|-supereffective|p2b: Revavroom\n|-damage|p2b: Revavroom|0 fnt\n|faint|p2b: Revavroom\n|move|p2a: Dunsparce|Rock Slide|p1a: Mamamoo|[spread] p1a,p1b\n|-damage|p1a: Mamamoo|57\/100\n|-damage|p1b: Viviz|24\/100\n|move|p1a: Mamamoo|Salt Cure|p2a: Dunsparce\n|-damage|p2a: Dunsparce|84\/100\n|-start|p2a: Dunsparce|Salt Cure\n|\n|-damage|p2a: Dunsparce|72\/100|[from] Salt Cure\n|upkeep\n|\n|t:|1683837377\n|switch|p2b: Gyarados|Gyarados, L50, M|46\/100\n|-ability|p2b: Gyarados|Intimidate|boost\n|-unboost|p1a: Mamamoo|atk|1\n|-unboost|p1b: Viviz|atk|1\n|turn|8\n|inactive|Kiky14 has 30 seconds left.\n|inactive|Kiky14 has 20 seconds left.\n|\n|t:|1683837414\n|move|p1b: Viviz|Dazzling Gleam|p2a: Dunsparce|[spread] p2a,p2b\n|-damage|p2a: Dunsparce|37\/100\n|-damage|p2b: Gyarados|7\/100\n|move|p2b: Gyarados|Waterfall|p1a: Mamamoo\n|-damage|p1a: Mamamoo|37\/100\n|move|p2a: Dunsparce|Rock Slide|p1a: Mamamoo|[spread] p1a,p1b\n|-damage|p1a: Mamamoo|28\/100\n|-damage|p1b: Viviz|0 fnt\n|faint|p1b: Viviz\n|-end|p1b: Viviz|Protosynthesis|[silent]\n|cant|p1a: Mamamoo|flinch\n|\n|-damage|p2a: Dunsparce|25\/100|[from] Salt Cure\n|upkeep\n|\n|t:|1683837430\n|switch|p1b: New jeans|Palafin-Hero, L50, F, shiny|100\/100\n|-activate|p1b: New jeans|ability: Zero to Hero\n|turn|9\n|\n|t:|1683837440\n|move|p1a: Mamamoo|Protect|p1a: Mamamoo\n|-singleturn|p1a: Mamamoo|Protect\n|move|p1b: New jeans|Jet Punch|p2a: Dunsparce\n|-damage|p2a: Dunsparce|0 fnt\n|faint|p2a: Dunsparce\n|move|p2b: Gyarados|Thunder Wave|p1b: New jeans\n|-status|p1b: New jeans|par\n|\n|upkeep\n|\n|t:|1683837448\n|switch|p2a: Goodra|Goodra, L50, M, tera:Water|36\/100\n|turn|10\n|\n|t:|1683837463\n|move|p2b: Gyarados|Protect|p2b: Gyarados\n|-singleturn|p2b: Gyarados|Protect\n|move|p1b: New jeans|Jet Punch|p2b: Gyarados\n|-activate|p2b: Gyarados|move: Protect\n|move|p2a: Goodra|Muddy Water|p1b: New jeans|[spread] p1a,p1b\n|-resisted|p1b: New jeans\n|-crit|p1b: New jeans\n|-damage|p1a: Mamamoo|7\/100\n|-damage|p1b: New jeans|78\/100 par\n|-unboost|p1a: Mamamoo|accuracy|1\n|-unboost|p1b: New jeans|accuracy|1\n|move|p1a: Mamamoo|Recover|p1a: Mamamoo\n|-heal|p1a: Mamamoo|57\/100\n|\n|-heal|p2a: Goodra|42\/100|[from] item: Leftovers\n|upkeep\n|turn|11\n|inactive|yunfz has 30 seconds left.\n|\n|t:|1683837489\n|move|p1b: New jeans|Jet Punch|p2b: Gyarados\n|-resisted|p2b: Gyarados\n|-damage|p2b: Gyarados|0 fnt\n|faint|p2b: Gyarados\n|move|p2a: Goodra|Muddy Water|p1b: New jeans|[spread] p1a,p1b\n|-resisted|p1b: New jeans\n|-damage|p1a: Mamamoo|33\/100\n|-damage|p1b: New jeans|62\/100 par\n|move|p1a: Mamamoo|Salt Cure|p2a: Goodra\n|-damage|p2a: Goodra|29\/100\n|-start|p2a: Goodra|Salt Cure\n|\n|-heal|p2a: Goodra|36\/100|[from] item: Leftovers\n|-damage|p2a: Goodra|11\/100|[from] Salt Cure\n|upkeep\n|turn|12\n|\n|t:|1683837501\n|switch|p1b: Ive|Amoonguss, L50, F|100\/100 par\n|move|p2a: Goodra|Muddy Water|p1a: Mamamoo|[spread] p1a,p1b\n|-resisted|p1b: Ive\n|-damage|p1a: Mamamoo|10\/100\n|-damage|p1b: Ive|89\/100 par\n|-unboost|p1a: Mamamoo|accuracy|1\n|move|p1a: Mamamoo|Recover|p1a: Mamamoo\n|-heal|p1a: Mamamoo|60\/100\n|\n|-heal|p2a: Goodra|17\/100|[from] item: Leftovers\n|-heal|p1b: Ive|95\/100 par|[from] item: Black Sludge\n|-damage|p2a: Goodra|0 fnt|[from] Salt Cure\n|faint|p2a: Goodra\n|\n|win|Kiky14\n|upkeep\n|raw|Kiky14's rating: 1154 → 1176<\/strong> (+22 for winning)\n|raw|yunfz's rating: 1112 → 1090<\/strong> (-22 for losing)\n|l|\u2606yunfz\n","uploadtime":1683837532,"views":9,"p1id":"kiky14","p2id":"yunfz","formatid":"gen9vgc2023regulationc","rating":1090,"private":0,"password":""}