{"id":"gen9vgc2023regulationc-1854544709","p1":"gali888","p2":"Nana~Chu","format":"[Gen 9] VGC 2023 Regulation C","log":"|j|\u2606gali888\n|j|\u2606Nana~Chu\n|t:|1682824873\n|gametype|doubles\n|player|p1|gali888|101|1081\n|player|p2|Nana~Chu|pokekid|1000\n|teamsize|p1|6\n|teamsize|p2|6\n|gen|9\n|tier|[Gen 9] VGC 2023 Regulation C\n|rated|\n|rule|Species Clause: Limit one of each Pok\u00e9mon\n|rule|Item Clause: Limit one of each item\n|clearpoke\n|poke|p1|Palafin, L50, F|\n|poke|p1|Flutter Mane, L50|\n|poke|p1|Arcanine, L50, M|\n|poke|p1|Amoonguss, L50, F|\n|poke|p1|Ting-Lu, L50|\n|poke|p1|Roaring Moon, L50|\n|poke|p2|Arcanine, L50, M|\n|poke|p2|Vaporeon, L50, F|\n|poke|p2|Gastrodon, L50, M|\n|poke|p2|Ting-Lu, L50|\n|poke|p2|Roaring Moon, L50|\n|poke|p2|Baxcalibur, L50, M|\n|teampreview|4\n|inactive|Battle timer is ON: inactive players will automatically lose when time's up. (requested by gali888)\nNana~Chu rejected open team sheets.\n|\n|t:|1682824937\n|start\n|switch|p1a: Palafin|Palafin, L50, F|100\/100\n|switch|p1b: Amoonguss|Amoonguss, L50, F|100\/100\n|switch|p2a: Gastrodon|Gastrodon, L50, M|100\/100\n|switch|p2b: Arcanine|Arcanine, L50, M|100\/100\n|-ability|p2b: Arcanine|Intimidate|boost\n|-unboost|p1a: Palafin|atk|1\n|-unboost|p1b: Amoonguss|atk|1\n|turn|1\n|inactive|gali888 has 30 seconds left.\n|inactive|Nana~Chu has 30 seconds left.\n|inactive|Nana~Chu has 20 seconds left.\n|inactive|Nana~Chu has 15 seconds left.\n|inactive|Nana~Chu has 10 seconds left.\n|\n|t:|1682824983\n|detailschange|p1a: Palafin|Palafin-Hero, L50, F\n|switch|p1a: Ting-Lu|Ting-Lu, L50|100\/100\n|-ability|p1a: Ting-Lu|Vessel of Ruin\n|switch|p2b: Vaporeon|Vaporeon, L50, F|100\/100\n|move|p1b: Amoonguss|Protect|p1b: Amoonguss\n|-singleturn|p1b: Amoonguss|Protect\n|move|p2a: Gastrodon|Yawn|p1a: Ting-Lu\n|-start|p1a: Ting-Lu|move: Yawn|[of] p2a: Gastrodon\n|\n|upkeep\n|turn|2\n|inactive|gali888 has 30 seconds left.\n|inactive|gali888 has 20 seconds left.\n|\n|t:|1682825021\n|-terastallize|p1a: Ting-Lu|Poison\n|move|p2b: Vaporeon|Protect|p2b: Vaporeon\n|-singleturn|p2b: Vaporeon|Protect\n|move|p2a: Gastrodon|Protect|p2a: Gastrodon\n|-singleturn|p2a: Gastrodon|Protect\n|move|p1a: Ting-Lu|Ruination|p2b: Vaporeon\n|-activate|p2b: Vaporeon|move: Protect\n|move|p1b: Amoonguss|Spore|p2a: Gastrodon\n|-activate|p2a: Gastrodon|move: Protect\n|\n|-end|p1a: Ting-Lu|move: Yawn|[silent]\n|-status|p1a: Ting-Lu|slp\n|upkeep\n|turn|3\n|inactive|gali888 has 30 seconds left.\n|inactive|gali888 has 20 seconds left.\n|\n|t:|1682825057\n|-terastallize|p2b: Vaporeon|Grass\n|move|p2b: Vaporeon|Icy Wind|p1a: Ting-Lu|[spread] p1a,p1b\n|-supereffective|p1b: Amoonguss\n|-damage|p1a: Ting-Lu|96\/100 slp\n|-damage|p1b: Amoonguss|90\/100\n|-unboost|p1a: Ting-Lu|spe|1\n|-unboost|p1b: Amoonguss|spe|1\n|move|p2a: Gastrodon|Yawn|p1b: Amoonguss\n|-start|p1b: Amoonguss|move: Yawn|[of] p2a: Gastrodon\n|cant|p1a: Ting-Lu|slp\n|move|p1b: Amoonguss|Spore|p2a: Gastrodon\n|-activate|p2a: Gastrodon|item: Safety Goggles|Spore\n|\n|upkeep\n|turn|4\n|inactive|gali888 has 30 seconds left.\n|inactive|Nana~Chu has 30 seconds left.\n|\n|t:|1682825090\n|switch|p1b: Arcanine|Arcanine, L50, M|100\/100\n|-ability|p1b: Arcanine|Intimidate|boost\n|-unboost|p2a: Gastrodon|atk|1\n|-unboost|p2b: Vaporeon|atk|1\n|move|p2b: Vaporeon|Surf|p1a: Ting-Lu|[spread] p1a,p1b\n|-ability|p2a: Gastrodon|Storm Drain|boost\n|-boost|p2a: Gastrodon|spa|1\n|-supereffective|p1b: Arcanine\n|-damage|p1a: Ting-Lu|86\/100 slp\n|-damage|p1b: Arcanine|70\/100\n|move|p2a: Gastrodon|Sludge Bomb|p1b: Arcanine\n|-damage|p1b: Arcanine|53\/100\n|cant|p1a: Ting-Lu|slp\n|\n|upkeep\n|turn|5\n|inactive|gali888 has 30 seconds left.\n|inactive|gali888 has 20 seconds left.\n|inactive|gali888 has 15 seconds left.\n|\n|t:|1682825132\n|move|p1b: Arcanine|Flare Blitz|p2b: Vaporeon\n|-supereffective|p2b: Vaporeon\n|-damage|p2b: Vaporeon|0 fnt\n|faint|p2b: Vaporeon\n|-damage|p1b: Arcanine|13\/100|[from] Recoil\n|move|p2a: Gastrodon|Surf|p1a: Ting-Lu|[spread] p1a,p1b\n|-supereffective|p1b: Arcanine\n|-damage|p1a: Ting-Lu|72\/100 slp\n|-damage|p1b: Arcanine|0 fnt\n|faint|p1b: Arcanine\n|cant|p1a: Ting-Lu|slp\n|\n|upkeep\n|\n|t:|1682825152\n|switch|p1b: Amoonguss|Amoonguss, L50, F|100\/100\n|switch|p2b: Arcanine|Arcanine, L50, M|100\/100\n|-ability|p2b: Arcanine|Intimidate|boost\n|-unboost|p1a: Ting-Lu|atk|1\n|-unboost|p1b: Amoonguss|atk|1\n|turn|6\n|\n|t:|1682825167\n|move|p2b: Arcanine|Protect|p2b: Arcanine\n|-singleturn|p2b: Arcanine|Protect\n|move|p1b: Amoonguss|Protect|p1b: Amoonguss\n|-singleturn|p1b: Amoonguss|Protect\n|move|p2a: Gastrodon|Yawn|p1b: Amoonguss\n|-activate|p1b: Amoonguss|move: Protect\n|-curestatus|p1a: Ting-Lu|slp|[msg]\n|move|p1a: Ting-Lu|Stomping Tantrum|p2b: Arcanine\n|-activate|p2b: Arcanine|move: Protect\n|\n|upkeep\n|turn|7\n|inactive|Nana~Chu has 30 seconds left.\n|\n|t:|1682825197\n|switch|p2a: Ting-Lu|Ting-Lu, L50|100\/100\n|-ability|p2a: Ting-Lu|Vessel of Ruin\n|move|p2b: Arcanine|Will-O-Wisp|p1a: Ting-Lu\n|-status|p1a: Ting-Lu|brn\n|move|p1b: Amoonguss|Pollen Puff|p2b: Arcanine\n|-resisted|p2b: Arcanine\n|-damage|p2b: Arcanine|95\/100\n|move|p1a: Ting-Lu|Stomping Tantrum|p2b: Arcanine\n|-supereffective|p2b: Arcanine\n|-damage|p2b: Arcanine|66\/100\n|\n|-damage|p1a: Ting-Lu|66\/100 brn|[from] brn\n|upkeep\n|turn|8\n|inactive|gali888 has 30 seconds left.\n|inactive|gali888 has 20 seconds left.\n|inactive|gali888 has 15 seconds left.\n|inactive|gali888 has 10 seconds left.\n|\n|t:|1682825244\n|move|p1b: Amoonguss|Protect|p1b: Amoonguss\n|-singleturn|p1b: Amoonguss|Protect\n|move|p2b: Arcanine|Howl|p2b: Arcanine|[spread] p2a,p2b\n|-boost|p2a: Ting-Lu|atk|1\n|-boost|p2b: Arcanine|atk|1\n|move|p2a: Ting-Lu|Fissure|p1b: Amoonguss\n|-activate|p1b: Amoonguss|move: Protect\n|move|p1a: Ting-Lu|Sand Tomb|p2b: Arcanine\n|-supereffective|p2b: Arcanine\n|-damage|p2b: Arcanine|54\/100\n|-activate|p2b: Arcanine|move: Sand Tomb|[of] p1a: Ting-Lu\n|\n|-damage|p1a: Ting-Lu|60\/100 brn|[from] brn\n|-damage|p2b: Arcanine|42\/100|[from] move: Sand Tomb|[partiallytrapped]\n|upkeep\n|-enditem|p2b: Arcanine|Sitrus Berry|[eat]\n|-heal|p2b: Arcanine|66\/100|[from] item: Sitrus Berry\n|turn|9\n|inactive|gali888 has 30 seconds left.\n|inactive|gali888 has 20 seconds left.\n|inactive|gali888 has 15 seconds left.\n|inactive|gali888 has 10 seconds left.\n|\n|t:|1682825290\n|move|p2b: Arcanine|Flare Blitz|p1b: Amoonguss\n|-supereffective|p1b: Amoonguss\n|-damage|p1b: Amoonguss|0 fnt\n|faint|p1b: Amoonguss\n|-damage|p2b: Arcanine|29\/100|[from] Recoil\n|move|p2a: Ting-Lu|Stomping Tantrum|p1a: Ting-Lu\n|-supereffective|p1a: Ting-Lu\n|-damage|p1a: Ting-Lu|0 fnt\n|faint|p1a: Ting-Lu\n|\n|-end|p2b: Arcanine|Sand Tomb|[partiallytrapped]|[silent]\n|upkeep\n|\n|t:|1682825301\n|switch|p1b: Palafin|Palafin-Hero, L50, F|100\/100\n|-activate|p1b: Palafin|ability: Zero to Hero\n|turn|10\n|\n|t:|1682825325\n|switch|p2b: Gastrodon|Gastrodon, L50, M|100\/100\n|move|p1b: Palafin|Wave Crash|p2b: Gastrodon\n|-activate|p2b: Gastrodon|ability: Storm Drain\n|-ability|p2b: Gastrodon|Storm Drain|boost\n|-boost|p2b: Gastrodon|spa|1\n|move|p2a: Ting-Lu|Throat Chop|p1b: Palafin\n|-damage|p1b: Palafin|40\/100\n|-start|p1b: Palafin|Throat Chop|[silent]\n|\n|upkeep\n|turn|11\n|l|\u2606gali888\n|inactive|gali888 disconnected and has a minute to reconnect!\n|player|p1|\n|inactive|gali888 has 30 seconds left.\n|inactive|gali888 has 20 seconds left.\n|inactive|gali888 has 15 seconds left.\n|inactive|gali888 has 10 seconds left.\n|inactive|gali888 has 5 seconds left.\n|-message|gali888 lost due to inactivity.\n|\n|win|Nana~Chu\n|raw|gali888's rating: 1081 → 1054<\/strong> (-27 for losing)\n|raw|Nana~Chu's rating: 1000 → 1049<\/strong> (+49 for winning)\n","uploadtime":1682825391,"views":11,"p1id":"gali888","p2id":"nanachu","formatid":"gen9vgc2023regulationc","rating":1049,"private":0,"password":""}