{"id":"gen9vgc2023regulationc-1862520753","p1":"mafumafusimpsimp","p2":"Shine Blanco","format":"[Gen 9] VGC 2023 Regulation C","log":"|j|\u2606mafumafusimpsimp\n|j|\u2606Shine Blanco\n|t:|1683896995\n|gametype|doubles\n|player|p1|mafumafusimpsimp|crasherwake|1615\n|player|p2|Shine Blanco|266|1538\n|teamsize|p1|6\n|teamsize|p2|6\n|gen|9\n|tier|[Gen 9] VGC 2023 Regulation C\n|rated|\n|rule|Species Clause: Limit one of each Pok\u00e9mon\n|rule|Item Clause: Limit one of each item\n|clearpoke\n|poke|p1|Breloom, L50, F|\n|poke|p1|Chien-Pao, L50|\n|poke|p1|Flutter Mane, L50|\n|poke|p1|Kingambit, L50, F|\n|poke|p1|Iron Hands, L50|\n|poke|p1|Iron Bundle, L50|\n|poke|p2|Orthworm, L50, M|\n|poke|p2|Dragonite, L50, M|\n|poke|p2|Arcanine, L50, M|\n|poke|p2|Ting-Lu, L50|\n|poke|p2|Chien-Pao, L50|\n|poke|p2|Flutter Mane, L50|\n|teampreview|4\nmafumafusimpsimp has agreed to open team sheets.\n|c|\u2606mafumafusimpsimp|glhf\n|\n|t:|1683897049\n|start\n|switch|p1a: Cat|Chien-Pao, L50|100\/100\n|switch|p1b: Bredoom|Breloom, L50, F|100\/100\n|switch|p2a: Ting-Lu|Ting-Lu, L50|100\/100\n|switch|p2b: Dragonite|Dragonite, L50, M|100\/100\n|-ability|p1a: Cat|Sword of Ruin\n|-ability|p2a: Ting-Lu|Vessel of Ruin\n|turn|1\n|\n|t:|1683897100\n|-terastallize|p1a: Cat|Ghost\n|-terastallize|p2b: Dragonite|Flying\n|move|p1a: Cat|Ice Spinner|p2b: Dragonite\n|-supereffective|p2b: Dragonite\n|-crit|p2b: Dragonite\n|-damage|p2b: Dragonite|0 fnt\n|faint|p2b: Dragonite\n|-damage|p1a: Cat|91\/100|[from] item: Life Orb\n|move|p1b: Bredoom|Spore|p2a: Ting-Lu\n|-status|p2a: Ting-Lu|slp|[from] move: Spore\n|cant|p2a: Ting-Lu|slp\n|\n|upkeep\n|\n|t:|1683897117\n|switch|p2b: Chien-Pao|Chien-Pao, L50|100\/100\n|-ability|p2b: Chien-Pao|Sword of Ruin\n|turn|2\n|\n|t:|1683897139\n|move|p1a: Cat|Protect|p1a: Cat\n|-singleturn|p1a: Cat|Protect\n|move|p2b: Chien-Pao|Sucker Punch||[still]\n|-fail|p2b: Chien-Pao\n|move|p1b: Bredoom|Mach Punch|p2b: Chien-Pao\n|-supereffective|p2b: Chien-Pao\n|-enditem|p2b: Chien-Pao|Focus Sash\n|-damage|p2b: Chien-Pao|1\/100\n|-curestatus|p2a: Ting-Lu|slp|[msg]\n|move|p2a: Ting-Lu|Ruination|p1b: Bredoom|[miss]\n|-miss|p2a: Ting-Lu|p1b: Bredoom\n|\n|upkeep\n|turn|3\n|\n|t:|1683897173\n|switch|p1a: Flutter Pain|Flutter Mane, L50|100\/100\n|-enditem|p1a: Flutter Pain|Booster Energy\n|-activate|p1a: Flutter Pain|ability: Protosynthesis|[fromitem]\n|-start|p1a: Flutter Pain|protosynthesisspa\n|move|p2b: Chien-Pao|Sucker Punch||[still]\n|-fail|p2b: Chien-Pao\n|move|p1b: Bredoom|Spore|p2a: Ting-Lu\n|-status|p2a: Ting-Lu|slp|[from] move: Spore\n|cant|p2a: Ting-Lu|slp\n|\n|upkeep\n|turn|4\n|\n|t:|1683897202\n|move|p2b: Chien-Pao|Protect|p2b: Chien-Pao\n|-singleturn|p2b: Chien-Pao|Protect\n|move|p1b: Bredoom|Mach Punch|p2b: Chien-Pao\n|-activate|p2b: Chien-Pao|move: Protect\n|move|p1a: Flutter Pain|Moonblast|p2a: Ting-Lu\n|-supereffective|p2a: Ting-Lu\n|-damage|p2a: Ting-Lu|47\/100 slp\n|-curestatus|p2a: Ting-Lu|slp|[msg]\n|move|p2a: Ting-Lu|Heavy Slam|p1a: Flutter Pain\n|-supereffective|p1a: Flutter Pain\n|-damage|p1a: Flutter Pain|0 fnt\n|faint|p1a: Flutter Pain\n|-end|p1a: Flutter Pain|Protosynthesis|[silent]\n|\n|upkeep\n|\n|t:|1683897218\n|switch|p1a: Cat|Chien-Pao, L50, tera:Ghost|91\/100\n|-ability|p1a: Cat|Sword of Ruin\n|turn|5\n|c|\u2606mafumafusimpsimp|i was gonna complain the i remebered you missed ruination\n|\n|t:|1683897240\n|switch|p2b: Flutter Mane|Flutter Mane, L50|100\/100\n|-enditem|p2b: Flutter Mane|Booster Energy\n|-activate|p2b: Flutter Mane|ability: Protosynthesis|[fromitem]\n|-start|p2b: Flutter Mane|protosynthesisspe\n|move|p1a: Cat|Sucker Punch||[still]\n|-fail|p1a: Cat\n|move|p1b: Bredoom|Bullet Seed|p2a: Ting-Lu\n|-supereffective|p2a: Ting-Lu\n|-damage|p2a: Ting-Lu|20\/100\n|-supereffective|p2a: Ting-Lu\n|-damage|p2a: Ting-Lu|0 fnt\n|faint|p2a: Ting-Lu\n|-hitcount|p2: Ting-Lu|2\n|\n|upkeep\n|\n|t:|1683897251\n|switch|p2a: Chien-Pao|Chien-Pao, L50|1\/100\n|-ability|p2a: Chien-Pao|Sword of Ruin\n|turn|6\n|j| merah merona\n|\n|t:|1683897278\n|move|p2a: Chien-Pao|Protect|p2a: Chien-Pao\n|-singleturn|p2a: Chien-Pao|Protect\n|move|p1a: Cat|Sucker Punch|p2b: Flutter Mane\n|-damage|p2b: Flutter Mane|0 fnt\n|faint|p2b: Flutter Mane\n|-end|p2b: Flutter Mane|Protosynthesis|[silent]\n|-damage|p1a: Cat|81\/100|[from] item: Life Orb\n|move|p1b: Bredoom|Mach Punch|p2a: Chien-Pao\n|-activate|p2a: Chien-Pao|move: Protect\n|\n|upkeep\n|turn|7\n|-message|Shine Blanco forfeited.\n|\n|win|mafumafusimpsimp\n|raw|mafumafusimpsimp's rating: 1615 → 1631<\/strong> (+16 for winning)\n|raw|Shine Blanco's rating: 1538 → 1522<\/strong> (-16 for losing)\n|l|\u2606Shine Blanco\n|c|\u2606mafumafusimpsimp|gg\n|l|\u2606mafumafusimpsimp\n","uploadtime":1683897790,"views":8,"p1id":"mafumafusimpsimp","p2id":"shineblanco","formatid":"gen9vgc2023regulationc","rating":1522,"private":0,"password":""}