{"id":"gen9vgc2023regulationc-1858080192","p1":"meteor1101","p2":"stomachpumper","format":"[Gen 9] VGC 2023 Regulation C","log":"|j|\u2606meteor1101\n|j|\u2606stomachpumper\n|t:|1683272231\n|gametype|doubles\n|player|p1|meteor1101|acetrainerf|1066\n|player|p2|stomachpumper|ghetsis-gen5bw|1148\n|teamsize|p1|6\n|teamsize|p2|6\n|gen|9\n|tier|[Gen 9] VGC 2023 Regulation C\n|rated|\n|rule|Species Clause: Limit one of each Pok\u00e9mon\n|rule|Item Clause: Limit one of each item\n|clearpoke\n|poke|p1|Murkrow, L50, F|\n|poke|p1|Chien-Pao, L50|\n|poke|p1|Dragonite, L50, M|\n|poke|p1|Flutter Mane, L50|\n|poke|p1|Chi-Yu, L50|\n|poke|p1|Gothitelle, L50, F|\n|poke|p2|Talonflame, L50, M|\n|poke|p2|Garchomp, L50, M|\n|poke|p2|Palafin, L50, M|\n|poke|p2|Gholdengo, L50|\n|poke|p2|Iron Valiant, L50|\n|poke|p2|Meowscarada, L50, M|\n|teampreview|4\n|\n|t:|1683272277\n|start\n|switch|p1a: \ub514\ubaa8|Gothitelle, L50, F|100\/100\n|switch|p1b: \uba38\ub9ac\uce58\ub294\ub0a0\uac1c|Flutter Mane, L50|100\/100\n|switch|p2a: Talonflame|Talonflame, L50, M|100\/100\n|switch|p2b: Palafin|Palafin, L50, M|100\/100\n|-enditem|p1b: \uba38\ub9ac\uce58\ub294\ub0a0\uac1c|Booster Energy\n|-activate|p1b: \uba38\ub9ac\uce58\ub294\ub0a0\uac1c|ability: Protosynthesis|[fromitem]\n|-start|p1b: \uba38\ub9ac\uce58\ub294\ub0a0\uac1c|protosynthesisspe\n|turn|1\n|\n|t:|1683272289\n|move|p1a: \ub514\ubaa8|Fake Out|p2a: Talonflame\n|-crit|p2a: Talonflame\n|-damage|p2a: Talonflame|91\/100\n|move|p1b: \uba38\ub9ac\uce58\ub294\ub0a0\uac1c|Dazzling Gleam|p2b: Palafin|[spread] p2a,p2b\n|-resisted|p2a: Talonflame\n|-damage|p2a: Talonflame|73\/100\n|-damage|p2b: Palafin|62\/100\n|cant|p2a: Talonflame|flinch\n|move|p2b: Palafin|Flip Turn|p1b: \uba38\ub9ac\uce58\ub294\ub0a0\uac1c\n|-damage|p1b: \uba38\ub9ac\uce58\ub294\ub0a0\uac1c|64\/100\n|\n|t:|1683272296\n|detailschange|p2b: Palafin|Palafin-Hero, L50, M\n|switch|p2b: Garchomp|Garchomp, L50, M|100\/100|[from] Flip Turn\n|\n|upkeep\n|turn|2\n|\n|t:|1683272308\n|-terastallize|p2b: Garchomp|Steel\n|move|p1b: \uba38\ub9ac\uce58\ub294\ub0a0\uac1c|Moonblast|p2b: Garchomp\n|-resisted|p2b: Garchomp\n|-damage|p2b: Garchomp|77\/100\n|move|p2a: Talonflame|Tailwind|p2a: Talonflame\n|-sidestart|p2: stomachpumper|move: Tailwind\n|move|p2b: Garchomp|Iron Head|p1b: \uba38\ub9ac\uce58\ub294\ub0a0\uac1c\n|-supereffective|p1b: \uba38\ub9ac\uce58\ub294\ub0a0\uac1c\n|-damage|p1b: \uba38\ub9ac\uce58\ub294\ub0a0\uac1c|0 fnt\n|faint|p1b: \uba38\ub9ac\uce58\ub294\ub0a0\uac1c\n|-end|p1b: \uba38\ub9ac\uce58\ub294\ub0a0\uac1c|Protosynthesis|[silent]\n|move|p1a: \ub514\ubaa8|Psyshock|p2a: Talonflame\n|-damage|p2a: Talonflame|41\/100\n|\n|upkeep\n|\n|t:|1683272320\n|switch|p1b: \uc7ac\ubc8c\uc9d1\ub9dd\ub098\ub2c8|Dragonite, L50, M|100\/100\n|turn|3\n|\n|t:|1683272331\n|move|p1b: \uc7ac\ubc8c\uc9d1\ub9dd\ub098\ub2c8|Protect|p1b: \uc7ac\ubc8c\uc9d1\ub9dd\ub098\ub2c8\n|-singleturn|p1b: \uc7ac\ubc8c\uc9d1\ub9dd\ub098\ub2c8|Protect\n|move|p2a: Talonflame|Will-O-Wisp|p1b: \uc7ac\ubc8c\uc9d1\ub9dd\ub098\ub2c8\n|-activate|p1b: \uc7ac\ubc8c\uc9d1\ub9dd\ub098\ub2c8|move: Protect\n|move|p2b: Garchomp|Dragon Claw|p1b: \uc7ac\ubc8c\uc9d1\ub9dd\ub098\ub2c8\n|-activate|p1b: \uc7ac\ubc8c\uc9d1\ub9dd\ub098\ub2c8|move: Protect\n|move|p1a: \ub514\ubaa8|Psyshock|p2a: Talonflame\n|-damage|p2a: Talonflame|7\/100\n|\n|upkeep\n|turn|4\n|\n|t:|1683272354\n|-terastallize|p1b: \uc7ac\ubc8c\uc9d1\ub9dd\ub098\ub2c8|Flying\n|move|p1b: \uc7ac\ubc8c\uc9d1\ub9dd\ub098\ub2c8|Extreme Speed|p2a: Talonflame\n|-damage|p2a: Talonflame|0 fnt\n|faint|p2a: Talonflame\n|-damage|p1b: \uc7ac\ubc8c\uc9d1\ub9dd\ub098\ub2c8|91\/100|[from] item: Life Orb\n|move|p2b: Garchomp|Earthquake|p1b: \uc7ac\ubc8c\uc9d1\ub9dd\ub098\ub2c8|[spread] p1a\n|-immune|p1b: \uc7ac\ubc8c\uc9d1\ub9dd\ub098\ub2c8\n|-damage|p1a: \ub514\ubaa8|59\/100\n|move|p1a: \ub514\ubaa8|Taunt|p2b: Garchomp\n|-start|p2b: Garchomp|move: Taunt\n|\n|upkeep\n|\n|t:|1683272372\n|switch|p2a: Iron Valiant|Iron Valiant, L50|100\/100\n|-enditem|p2a: Iron Valiant|Booster Energy\n|-activate|p2a: Iron Valiant|ability: Quark Drive|[fromitem]\n|-start|p2a: Iron Valiant|quarkdrivespe\n|turn|5\n|\n|t:|1683272383\n|move|p1b: \uc7ac\ubc8c\uc9d1\ub9dd\ub098\ub2c8|Protect|p1b: \uc7ac\ubc8c\uc9d1\ub9dd\ub098\ub2c8\n|-singleturn|p1b: \uc7ac\ubc8c\uc9d1\ub9dd\ub098\ub2c8|Protect\n|move|p2a: Iron Valiant|Knock Off|p1a: \ub514\ubaa8\n|-supereffective|p1a: \ub514\ubaa8\n|-damage|p1a: \ub514\ubaa8|3\/100\n|-enditem|p1a: \ub514\ubaa8|Covert Cloak|[from] move: Knock Off|[of] p2a: Iron Valiant\n|move|p2b: Garchomp|Iron Head|p1b: \uc7ac\ubc8c\uc9d1\ub9dd\ub098\ub2c8\n|-activate|p1b: \uc7ac\ubc8c\uc9d1\ub9dd\ub098\ub2c8|move: Protect\n|move|p1a: \ub514\ubaa8|Psyshock|p2a: Iron Valiant\n|-supereffective|p2a: Iron Valiant\n|-damage|p2a: Iron Valiant|27\/100\n|\n|-sideend|p2: stomachpumper|move: Tailwind\n|upkeep\n|turn|6\n|\n|t:|1683272402\n|move|p1a: \ub514\ubaa8|Protect|p1a: \ub514\ubaa8\n|-singleturn|p1a: \ub514\ubaa8|Protect\n|move|p2a: Iron Valiant|Knock Off|p1b: \uc7ac\ubc8c\uc9d1\ub9dd\ub098\ub2c8\n|-damage|p1b: \uc7ac\ubc8c\uc9d1\ub9dd\ub098\ub2c8|68\/100\n|-enditem|p1b: \uc7ac\ubc8c\uc9d1\ub9dd\ub098\ub2c8|Life Orb|[from] move: Knock Off|[of] p2a: Iron Valiant\n|move|p2b: Garchomp|Iron Head|p1b: \uc7ac\ubc8c\uc9d1\ub9dd\ub098\ub2c8\n|-damage|p1b: \uc7ac\ubc8c\uc9d1\ub9dd\ub098\ub2c8|25\/100\n|move|p1b: \uc7ac\ubc8c\uc9d1\ub9dd\ub098\ub2c8|Earthquake|p2b: Garchomp|[spread] p2a,p2b\n|-activate|p1a: \ub514\ubaa8|move: Protect\n|-supereffective|p2b: Garchomp\n|-damage|p2a: Iron Valiant|0 fnt\n|-damage|p2b: Garchomp|20\/100\n|faint|p2a: Iron Valiant\n|-end|p2a: Iron Valiant|Quark Drive|[silent]\n|\n|upkeep\n|\n|t:|1683272411\n|switch|p2a: Palafin|Palafin-Hero, L50, M|62\/100\n|-activate|p2a: Palafin|ability: Zero to Hero\n|turn|7\n|\n|t:|1683272423\n|switch|p1a: \uce58\ud30c\uc624|Chien-Pao, L50|100\/100\n|-ability|p1a: \uce58\ud30c\uc624|Sword of Ruin\n|move|p1b: \uc7ac\ubc8c\uc9d1\ub9dd\ub098\ub2c8|Extreme Speed|p2a: Palafin\n|-damage|p2a: Palafin|16\/100\n|move|p2a: Palafin|Jet Punch|p1b: \uc7ac\ubc8c\uc9d1\ub9dd\ub098\ub2c8\n|-damage|p1b: \uc7ac\ubc8c\uc9d1\ub9dd\ub098\ub2c8|0 fnt\n|faint|p1b: \uc7ac\ubc8c\uc9d1\ub9dd\ub098\ub2c8\n|move|p2b: Garchomp|Iron Head|p1a: \uce58\ud30c\uc624\n|-supereffective|p1a: \uce58\ud30c\uc624\n|-enditem|p1a: \uce58\ud30c\uc624|Focus Sash\n|-damage|p1a: \uce58\ud30c\uc624|1\/100\n|\n|-end|p2b: Garchomp|move: Taunt\n|upkeep\n|\n|t:|1683272433\n|switch|p1b: \ub514\ubaa8|Gothitelle, L50, F|3\/100\n|turn|8\n|\n|t:|1683272467\n|move|p1b: \ub514\ubaa8|Fake Out|p2b: Garchomp\n|-resisted|p2b: Garchomp\n|-damage|p2b: Garchomp|17\/100\n|-damage|p1b: \ub514\ubaa8|0 fnt|[from] ability: Rough Skin|[of] p2b: Garchomp\n|faint|p1b: \ub514\ubaa8\n|move|p1a: \uce58\ud30c\uc624|Sucker Punch|p2a: Palafin\n|-damage|p2a: Palafin|0 fnt\n|faint|p2a: Palafin\n|cant|p2b: Garchomp|flinch\n|\n|upkeep\n|turn|9\n|\n|t:|1683272480\n|move|p1a: \uce58\ud30c\uc624|Throat Chop|p2b: Garchomp\n|-damage|p2b: Garchomp|0 fnt\n|-damage|p1a: \uce58\ud30c\uc624|0 fnt|[from] ability: Rough Skin|[of] p2b: Garchomp\n|faint|p2b: Garchomp\n|faint|p1a: \uce58\ud30c\uc624\n|\n|win|meteor1101\n|raw|meteor1101's rating: 1066 → 1103<\/strong> (+37 for winning)\n|raw|stomachpumper's rating: 1148 → 1117<\/strong> (-31 for losing)\n|l|\u2606stomachpumper\n","uploadtime":1683272494,"views":10,"p1id":"meteor1101","p2id":"stomachpumper","formatid":"gen9vgc2023regulationc","rating":1103,"private":0,"password":""}