{"id":"gen9vgc2023regulationc-1845624467","p1":"Itry2bfunny","p2":"MistressQueenM","format":"[Gen 9] VGC 2023 Regulation C","log":"|j|\u2606Itry2bfunny\n|j|\u203dMistressQueenM\n|t:|1681750406\n|gametype|doubles\n|player|p1|Itry2bfunny|266|1327\n|player|p2|MistressQueenM|veteranf|1356\n|teamsize|p1|6\n|teamsize|p2|6\n|gen|9\n|tier|[Gen 9] VGC 2023 Regulation C\n|rated|\n|rule|Species Clause: Limit one of each Pok\u00e9mon\n|rule|Item Clause: Limit one of each item\n|clearpoke\n|poke|p1|Talonflame, L50, F|\n|poke|p1|Garchomp, L50, F|\n|poke|p1|Iron Bundle, L50|\n|poke|p1|Rotom-Wash, L50|\n|poke|p1|Glimmora, L50, F|\n|poke|p1|Palafin, L50, F|\n|poke|p2|Wo-Chien, L50|\n|poke|p2|Torkoal, L50, M|\n|poke|p2|Garganacl, L50, F|\n|poke|p2|Great Tusk, L50|\n|poke|p2|Murkrow, L50, M|\n|poke|p2|Farigiraf, L50, F|\n|teampreview|4\n|inactive|Battle timer is ON: inactive players will automatically lose when time's up. (requested by Itry2bfunny)\n|\n|t:|1681750431\n|start\n|switch|p1a: Talonflame|Talonflame, L50, F|100\/100\n|switch|p1b: Palafin|Palafin, L50, F, shiny|100\/100\n|switch|p2a: Farigiraf|Farigiraf, L50, F|100\/100\n|switch|p2b: Murkrow|Murkrow, L50, M|100\/100\n|turn|1\n|\n|t:|1681750443\n|detailschange|p1b: Palafin|Palafin-Hero, L50, F, shiny\n|switch|p1b: Glimmora|Glimmora, L50, F|100\/100\n|move|p2b: Murkrow|Thunder Wave|p1b: Glimmora\n|-status|p1b: Glimmora|par\n|move|p1a: Talonflame|Taunt|p2a: Farigiraf\n|-start|p2a: Farigiraf|move: Taunt\n|cant|p2a: Farigiraf|move: Taunt|Trick Room\n|\n|upkeep\n|turn|2\n|\n|t:|1681750459\n|switch|p2a: Torkoal|Torkoal, L50, M, shiny|100\/100\n|-weather|SunnyDay|[from] ability: Drought|[of] p2a: Torkoal\n|move|p1a: Talonflame|Tailwind|p1a: Talonflame\n|-sidestart|p1: Itry2bfunny|move: Tailwind\n|move|p2b: Murkrow|Thunder Wave|p1a: Talonflame\n|-status|p1a: Talonflame|par\n|move|p1b: Glimmora|Mortal Spin|p2b: Murkrow|[spread] p2a,p2b\n|-damage|p2a: Torkoal|97\/100\n|-damage|p2b: Murkrow|94\/100\n|-status|p2a: Torkoal|psn\n|-status|p2b: Murkrow|psn\n|\n|-weather|SunnyDay|[upkeep]\n|-damage|p2b: Murkrow|82\/100 psn|[from] psn\n|-damage|p2a: Torkoal|85\/100 psn|[from] psn\n|upkeep\n|turn|3\n|\n|t:|1681750487\n|move|p1a: Talonflame|Brave Bird|p2b: Murkrow\n|-damage|p2b: Murkrow|37\/100 psn\n|-damage|p1a: Talonflame|87\/100 par|[from] Recoil\n|move|p2b: Murkrow|Tailwind|p2b: Murkrow\n|-sidestart|p2: MistressQueenM|move: Tailwind\n|cant|p1b: Glimmora|par\n|move|p2a: Torkoal|Eruption|p1b: Glimmora|[spread] p1a,p1b\n|-resisted|p1a: Talonflame\n|-resisted|p1b: Glimmora\n|-damage|p1a: Talonflame|40\/100 par\n|-damage|p1b: Glimmora|73\/100 par\n|\n|-weather|SunnyDay|[upkeep]\n|-damage|p2b: Murkrow|25\/100 psn|[from] psn\n|-damage|p2a: Torkoal|72\/100 psn|[from] psn\n|upkeep\n|turn|4\n|\n|t:|1681750504\n|switch|p2b: Wo-Chien|Wo-Chien, L50|100\/100\n|-ability|p2b: Wo-Chien|Tablets of Ruin\n|cant|p1a: Talonflame|par\n|move|p1b: Glimmora|Power Gem|p2a: Torkoal\n|-supereffective|p2a: Torkoal\n|-damage|p2a: Torkoal|0 fnt\n|faint|p2a: Torkoal\n|\n|-weather|SunnyDay|[upkeep]\n|upkeep\n|\n|t:|1681750506\n|switch|p2a: Farigiraf|Farigiraf, L50, F|100\/100\n|turn|5\n|\n|t:|1681750517\n|-terastallize|p2b: Wo-Chien|Poison\n|cant|p1a: Talonflame|par\n|move|p2b: Wo-Chien|Leech Seed|p1b: Glimmora\n|-start|p1b: Glimmora|move: Leech Seed\n|move|p2a: Farigiraf|Hyper Voice|p1b: Glimmora|[spread] p1a,p1b\n|-enditem|p2a: Farigiraf|Normal Gem|[from] gem\n|-resisted|p1b: Glimmora\n|-crit|p1b: Glimmora\n|-damage|p1a: Talonflame|0 fnt\n|-damage|p1b: Glimmora|54\/100 par\n|faint|p1a: Talonflame\n|cant|p1b: Glimmora|par\n|\n|-weather|SunnyDay|[upkeep]\n|-damage|p1b: Glimmora|42\/100 par|[from] Leech Seed|[of] p2b: Wo-Chien\n|-sideend|p1: Itry2bfunny|move: Tailwind\n|upkeep\n|\n|t:|1681750525\n|switch|p1a: Iron Bundle|Iron Bundle, L50|100\/100\n|-enditem|p1a: Iron Bundle|Booster Energy\n|-activate|p1a: Iron Bundle|ability: Quark Drive|[fromitem]\n|-start|p1a: Iron Bundle|quarkdrivespe\n|turn|6\n|\n|t:|1681750535\n|move|p2a: Farigiraf|Ally Switch|p2a: Farigiraf\n|swap|p2a: Farigiraf|1|[from] move: Ally Switch\n|move|p1a: Iron Bundle|Freeze-Dry|p2a: Wo-Chien\n|-damage|p2a: Wo-Chien|83\/100\n|move|p2a: Wo-Chien|Leech Seed|p1a: Iron Bundle\n|-start|p1a: Iron Bundle|move: Leech Seed\n|move|p1b: Glimmora|Earth Power|p2b: Farigiraf\n|-damage|p2b: Farigiraf|78\/100\n|-unboost|p2b: Farigiraf|spd|1\n|\n|-weather|none\n|-damage|p1a: Iron Bundle|88\/100|[from] Leech Seed|[of] p2a: Wo-Chien\n|-heal|p2a: Wo-Chien|91\/100|[silent]\n|-damage|p1b: Glimmora|29\/100 par|[from] Leech Seed|[of] p2b: Farigiraf\n|-heal|p2b: Farigiraf|88\/100|[silent]\n|-sideend|p2: MistressQueenM|move: Tailwind\n|upkeep\n|turn|7\n|\n|t:|1681750549\n|switch|p2b: Murkrow|Murkrow, L50, M|25\/100 psn\n|move|p1a: Iron Bundle|Freeze-Dry|p2b: Murkrow\n|-supereffective|p2b: Murkrow\n|-damage|p2b: Murkrow|0 fnt\n|faint|p2b: Murkrow\n|move|p2a: Wo-Chien|Giga Drain|p1a: Iron Bundle\n|-supereffective|p1a: Iron Bundle\n|-crit|p1a: Iron Bundle\n|-damage|p1a: Iron Bundle|0 fnt\n|-heal|p2a: Wo-Chien|100\/100|[from] drain|[of] p1a: Iron Bundle\n|faint|p1a: Iron Bundle\n|-end|p1a: Iron Bundle|Quark Drive|[silent]\n|cant|p1b: Glimmora|par\n|\n|upkeep\n|\n|t:|1681750556\n|switch|p1a: Palafin|Palafin-Hero, L50, F, shiny|100\/100\n|switch|p2b: Farigiraf|Farigiraf, L50, F|88\/100\n|-activate|p1a: Palafin|ability: Zero to Hero\n|turn|8\n|\n|t:|1681750577\n|-terastallize|p1a: Palafin|Water\n|move|p1a: Palafin|Wave Crash|p2a: Wo-Chien\n|-damage|p2a: Wo-Chien|10\/100\n|-enditem|p2a: Wo-Chien|Sitrus Berry|[eat]\n|-heal|p2a: Wo-Chien|35\/100|[from] item: Sitrus Berry\n|-damage|p1a: Palafin|73\/100|[from] Recoil\n|move|p2a: Wo-Chien|Giga Drain|p1a: Palafin\n|-supereffective|p1a: Palafin\n|-damage|p1a: Palafin|27\/100\n|-heal|p2a: Wo-Chien|60\/100|[from] drain|[of] p1a: Palafin\n|move|p2b: Farigiraf|Foul Play|p1a: Palafin\n|-damage|p1a: Palafin|0 fnt\n|faint|p1a: Palafin\n|move|p1b: Glimmora|Earth Power|p2b: Farigiraf\n|-damage|p2b: Farigiraf|63\/100\n|\n|-damage|p1b: Glimmora|17\/100 par|[from] Leech Seed|[of] p2b: Farigiraf\n|-heal|p2b: Farigiraf|74\/100|[silent]\n|upkeep\n|turn|9\n|-message|Itry2bfunny forfeited.\n|\n|win|MistressQueenM\n|raw|Itry2bfunny's rating: 1327 → 1309<\/strong> (-18 for losing)\n|raw|MistressQueenM's rating: 1356 → 1374<\/strong> (+18 for winning)\n|l|\u2606Itry2bfunny\n","uploadtime":1681750600,"views":6,"p1id":"itry2bfunny","p2id":"mistressqueenm","formatid":"gen9vgc2023regulationc","rating":1309,"private":0,"password":""}