{"id":"gen9vgc2023regulationc-1862105681","p1":"sucabaVGC","p2":"Haxxson","format":"[Gen 9] VGC 2023 Regulation C","log":"|j|\u2606sucabaVGC\n|j|\u2606Haxxson\n|t:|1683837537\n|gametype|doubles\n|player|p1|sucabaVGC|wattson|\n|player|p2|Haxxson|colress|\n|teamsize|p1|6\n|teamsize|p2|6\n|gen|9\n|tier|[Gen 9] VGC 2023 Regulation C\n|rule|Species Clause: Limit one of each Pok\u00e9mon\n|rule|Item Clause: Limit one of each item\n|clearpoke\n|poke|p1|Eelektrik, L50, F|\n|poke|p1|Talonflame, L50, F|\n|poke|p1|Slowking, L50, F|\n|poke|p1|Great Tusk, L50|\n|poke|p1|Baxcalibur, L50, F|\n|poke|p1|Copperajah, L50, F|\n|poke|p2|Skuntank, L50, F|\n|poke|p2|Krookodile, L50, M|\n|poke|p2|Jolteon, L50, M|\n|poke|p2|Rabsca, L50, F|\n|poke|p2|Kingambit, L50, F|\n|poke|p2|Annihilape, L50, M|\n|teampreview|4\n|inactive|Battle timer is ON: inactive players will automatically lose when time's up. (requested by Haxxson)\nHaxxson rejected open team sheets.\n|inactiveoff|Battle timer is now OFF.\n|c|\u2606sucabaVGC|g1\n|c|\u2606Haxxson|g1\n|c|\u2606sucabaVGC|glhf!\n|c|\u2606Haxxson|glhf\n|\n|t:|1683837705\n|start\n|switch|p1a: Sulley|Baxcalibur, L50, F|100\/100\n|switch|p1b: Mushu|Talonflame, L50, F|100\/100\n|switch|p2a: Zagreus|Jolteon, L50, M|100\/100\n|switch|p2b: Cerberus|Krookodile, L50, M|100\/100\n|-ability|p2b: Cerberus|Intimidate|boost\n|-unboost|p1a: Sulley|atk|1\n|-unboost|p1b: Mushu|atk|1\n|turn|1\n|\n|t:|1683837774\n|-terastallize|p2b: Cerberus|Fighting\n|move|p2a: Zagreus|Quick Attack|p1b: Mushu\n|-crit|p1b: Mushu\n|-damage|p1b: Mushu|84\/100\n|move|p2b: Cerberus|Low Kick|p1a: Sulley\n|-supereffective|p1a: Sulley\n|-crit|p1a: Sulley\n|-damage|p1a: Sulley|0 fnt\n|faint|p1a: Sulley\n|move|p1b: Mushu|Tailwind|p1b: Mushu\n|-sidestart|p1: sucabaVGC|move: Tailwind\n|\n|upkeep\n|\n|t:|1683837784\n|switch|p1a: Manny|Great Tusk, L50|100\/100\n|turn|2\n|\n|t:|1683837814\n|switch|p2b: Hypnos|Annihilape, L50, M|100\/100\n|-terastallize|p1a: Manny|Ground\n|move|p1b: Mushu|Sunny Day|p1b: Mushu\n|-weather|SunnyDay\n|-activate|p1a: Manny|ability: Protosynthesis\n|-start|p1a: Manny|protosynthesisatk\n|move|p1a: Manny|Earthquake|p2b: Hypnos|[spread] p2a,p2b\n|-immune|p1b: Mushu\n|-supereffective|p2a: Zagreus\n|-enditem|p2a: Zagreus|Focus Sash\n|-damage|p2a: Zagreus|1\/100\n|-damage|p2b: Hypnos|28\/100\n|move|p2a: Zagreus|Thunderbolt|p1b: Mushu\n|-supereffective|p1b: Mushu\n|-damage|p1b: Mushu|0 fnt\n|faint|p1b: Mushu\n|\n|-weather|SunnyDay|[upkeep]\n|-heal|p2b: Hypnos|34\/100|[from] item: Leftovers\n|upkeep\n|\n|t:|1683837827\n|switch|p1b: Dumbo|Copperajah, L50, F|100\/100\n|turn|3\n|\n|t:|1683837877\n|switch|p2b: Cerberus|Krookodile, L50, M, tera:Fighting|100\/100\n|-ability|p2b: Cerberus|Intimidate|boost\n|-unboost|p1a: Manny|atk|1\n|-fail|p1b: Dumbo|unboost|[from] item: Clear Amulet|[of] p1b: Dumbo\n|move|p2a: Zagreus|Detect|p2a: Zagreus\n|-singleturn|p2a: Zagreus|Protect\n|move|p1b: Dumbo|Protect|p1b: Dumbo\n|-singleturn|p1b: Dumbo|Protect\n|move|p1a: Manny|Earthquake|p2b: Cerberus|[spread] p2b\n|-activate|p1b: Dumbo|move: Protect\n|-activate|p2a: Zagreus|move: Protect\n|-damage|p2b: Cerberus|12\/100\n|\n|-weather|SunnyDay|[upkeep]\n|upkeep\n|turn|4\n|\n|t:|1683837951\n|switch|p2b: Hypnos|Annihilape, L50, M|34\/100\n|move|p1b: Dumbo|Protect|p1b: Dumbo\n|-singleturn|p1b: Dumbo|Protect\n|move|p2a: Zagreus|Baby-Doll Eyes|p1a: Manny\n|-unboost|p1a: Manny|atk|1\n|move|p1a: Manny|Earthquake|p2b: Hypnos|[spread] p2a,p2b\n|-activate|p1b: Dumbo|move: Protect\n|-supereffective|p2a: Zagreus\n|-damage|p2a: Zagreus|0 fnt\n|-damage|p2b: Hypnos|0 fnt\n|faint|p2a: Zagreus\n|faint|p2b: Hypnos\n|\n|-weather|SunnyDay|[upkeep]\n|-sideend|p1: sucabaVGC|move: Tailwind\n|upkeep\n|\n|t:|1683837964\n|switch|p2a: Cerberus|Krookodile, L50, M, tera:Fighting|12\/100\n|switch|p2b: Thanatos|Kingambit, L50, F|100\/100\n|-ability|p2a: Cerberus|Intimidate|boost\n|-unboost|p1a: Manny|atk|1\n|-fail|p1b: Dumbo|unboost|[from] item: Clear Amulet|[of] p1b: Dumbo\n|turn|5\n|\n|t:|1683837985\n|move|p2a: Cerberus|Low Kick|p1b: Dumbo\n|-supereffective|p1b: Dumbo\n|-damage|p1b: Dumbo|0 fnt\n|faint|p1b: Dumbo\n|move|p1a: Manny|Earthquake|p2a: Cerberus|[spread] p2a,p2b\n|-supereffective|p2b: Thanatos\n|-damage|p2a: Cerberus|0 fnt\n|-damage|p2b: Thanatos|31\/100\n|faint|p2a: Cerberus\n|move|p2b: Thanatos|Swords Dance|p2b: Thanatos\n|-boost|p2b: Thanatos|atk|2\n|\n|-weather|SunnyDay|[upkeep]\n|upkeep\n|turn|6\n|\n|t:|1683838026\n|move|p2b: Thanatos|Sucker Punch|p1a: Manny\n|-damage|p1a: Manny|52\/100\n|move|p1a: Manny|Earthquake|p2b: Thanatos\n|-supereffective|p2b: Thanatos\n|-damage|p2b: Thanatos|0 fnt\n|faint|p2b: Thanatos\n|\n|win|sucabaVGC\n|c|\u2606sucabaVGC|gg\n|c|\u2606Haxxson|gg\n","uploadtime":1683838804,"views":29,"p1id":"sucabavgc","p2id":"haxxson","formatid":"gen9vgc2023regulationc","rating":0,"private":0,"password":""}