{"id":"gen9vgc2023regulationc-1849025113","p1":"kinohara","p2":"leafyarrow","format":"[Gen 9] VGC 2023 Regulation C","log":"|j|\u2606kinohara\n|j|\u2606leafyarrow\n|t:|1682140932\n|gametype|doubles\n|player|p1|kinohara|acetrainerf|\n|player|p2|leafyarrow|leaf-masters|\n|teamsize|p1|6\n|teamsize|p2|6\n|gen|9\n|tier|[Gen 9] VGC 2023 Regulation C\n|rule|Species Clause: Limit one of each Pok\u00e9mon\n|rule|Item Clause: Limit one of each item\n|clearpoke\n|poke|p1|Glimmora, L50, F|\n|poke|p1|Iron Bundle, L50|\n|poke|p1|Scream Tail, L50|\n|poke|p1|Baxcalibur, L50, F|\n|poke|p1|Arcanine, L50, F|\n|poke|p1|Amoonguss, L50, F|\n|poke|p2|Flutter Mane, L50|\n|poke|p2|Palafin, L50, M|\n|poke|p2|Amoonguss, L50, M|\n|poke|p2|Ting-Lu, L50|\n|poke|p2|Arcanine, L50, M|\n|poke|p2|Jolteon, L50, M|\n|teampreview|4\nleafyarrow has agreed to open team sheets.\nkinohara has agreed to open team sheets.\n|\n|t:|1682140990\n|start\n|switch|p1a: Glimmora|Glimmora, L50, F|100\/100\n|switch|p1b: Iron Bundle|Iron Bundle, L50|100\/100\n|switch|p2a: Flutter Mane|Flutter Mane, L50|100\/100\n|switch|p2b: Jolteon|Jolteon, L50, M|100\/100\n|-enditem|p1b: Iron Bundle|Booster Energy\n|-activate|p1b: Iron Bundle|ability: Quark Drive|[fromitem]\n|-start|p1b: Iron Bundle|quarkdrivespe\n|turn|1\n|\n|t:|1682141038\n|move|p1b: Iron Bundle|Protect|p1b: Iron Bundle\n|-singleturn|p1b: Iron Bundle|Protect\n|move|p2b: Jolteon|Thunderbolt|p1a: Glimmora\n|-damage|p1a: Glimmora|49\/100\n|move|p2a: Flutter Mane|Dazzling Gleam|p1b: Iron Bundle|[spread] p1a\n|-activate|p1b: Iron Bundle|move: Protect\n|-resisted|p1a: Glimmora\n|-crit|p1a: Glimmora\n|-damage|p1a: Glimmora|2\/100\n|move|p1a: Glimmora|Mortal Spin|p2b: Jolteon|[spread] p2a,p2b\n|-damage|p2a: Flutter Mane|91\/100\n|-damage|p2b: Jolteon|94\/100\n|-status|p2a: Flutter Mane|psn\n|-status|p2b: Jolteon|psn\n|\n|-damage|p2b: Jolteon|82\/100 psn|[from] psn\n|-damage|p2a: Flutter Mane|80\/100 psn|[from] psn\n|upkeep\n|turn|2\n|\n|t:|1682141068\n|move|p1a: Glimmora|Spiky Shield|p1a: Glimmora\n|-singleturn|p1a: Glimmora|move: Protect\n|move|p1b: Iron Bundle|Hydro Pump|p2b: Jolteon\n|-damage|p2b: Jolteon|19\/100 psn\n|move|p2b: Jolteon|Thunderbolt|p1b: Iron Bundle\n|-supereffective|p1b: Iron Bundle\n|-damage|p1b: Iron Bundle|0 fnt\n|faint|p1b: Iron Bundle\n|-end|p1b: Iron Bundle|Quark Drive|[silent]\n|move|p2a: Flutter Mane|Dazzling Gleam|p1a: Glimmora\n|-activate|p1a: Glimmora|move: Protect\n|\n|-damage|p2b: Jolteon|7\/100 psn|[from] psn\n|-damage|p2a: Flutter Mane|68\/100 psn|[from] psn\n|upkeep\n|\n|t:|1682141084\n|switch|p1b: Scream Tail|Scream Tail, L50|100\/100\n|turn|3\n|\n|t:|1682141111\n|switch|p1a: Baxcalibur|Baxcalibur, L50, F|100\/100\n|move|p2b: Jolteon|Baby-Doll Eyes|p1a: Baxcalibur\n|-unboost|p1a: Baxcalibur|atk|1\n|move|p2a: Flutter Mane|Dazzling Gleam|p1b: Scream Tail|[spread] p1a,p1b\n|-supereffective|p1a: Baxcalibur\n|-damage|p1a: Baxcalibur|49\/100\n|-damage|p1b: Scream Tail|69\/100\n|move|p1b: Scream Tail|Howl|p1b: Scream Tail|[spread] p1a,p1b\n|-boost|p1a: Baxcalibur|atk|1\n|-boost|p1b: Scream Tail|atk|1\n|\n|-damage|p2b: Jolteon|0 fnt|[from] psn\n|faint|p2b: Jolteon\n|-damage|p2a: Flutter Mane|56\/100 psn|[from] psn\n|upkeep\n|\n|t:|1682141138\n|switch|p2b: Amoonguss|Amoonguss, L50, M|100\/100\n|turn|4\n|\n|t:|1682141154\n|-end|p2a: Flutter Mane|Protosynthesis|[silent]\n|switch|p2a: Arcanine|Arcanine, L50, M|100\/100\n|-ability|p2a: Arcanine|Intimidate|boost\n|-unboost|p1a: Baxcalibur|atk|1\n|-unboost|p1b: Scream Tail|atk|1\n|-terastallize|p1a: Baxcalibur|Water\n|move|p1b: Scream Tail|Howl|p1b: Scream Tail|[spread] p1a,p1b\n|-boost|p1a: Baxcalibur|atk|1\n|-boost|p1b: Scream Tail|atk|1\n|move|p1a: Baxcalibur|Icicle Crash|p2b: Amoonguss\n|-supereffective|p2b: Amoonguss\n|-damage|p2b: Amoonguss|23\/100\n|-enditem|p2b: Amoonguss|Sitrus Berry|[eat]\n|-heal|p2b: Amoonguss|48\/100|[from] item: Sitrus Berry\n|move|p2b: Amoonguss|Spore|p1a: Baxcalibur\n|-status|p1a: Baxcalibur|slp|[from] move: Spore\n|\n|upkeep\n|turn|5\n|\n|t:|1682141191\n|switch|p2a: Flutter Mane|Flutter Mane, L50|56\/100 psn\n|cant|p1a: Baxcalibur|slp\n|move|p1b: Scream Tail|Howl|p1b: Scream Tail|[spread] p1a,p1b\n|-boost|p1a: Baxcalibur|atk|1\n|-boost|p1b: Scream Tail|atk|1\n|move|p2b: Amoonguss|Pollen Puff|p2a: Flutter Mane\n|-heal|p2a: Flutter Mane|100\/100 psn\n|\n|-damage|p2a: Flutter Mane|89\/100 psn|[from] psn\n|upkeep\n|turn|6\n|\n|t:|1682141217\n|move|p2b: Amoonguss|Rage Powder|p2b: Amoonguss\n|-singleturn|p2b: Amoonguss|move: Rage Powder\n|move|p2a: Flutter Mane|Shadow Ball|p1a: Baxcalibur\n|-damage|p1a: Baxcalibur|15\/100 slp\n|move|p1b: Scream Tail|Howl|p1b: Scream Tail|[spread] p1a,p1b\n|-boost|p1a: Baxcalibur|atk|1\n|-boost|p1b: Scream Tail|atk|1\n|-curestatus|p1a: Baxcalibur|slp|[msg]\n|move|p1a: Baxcalibur|Icicle Crash|p2b: Amoonguss\n|-supereffective|p2b: Amoonguss\n|-damage|p2b: Amoonguss|0 fnt\n|faint|p2b: Amoonguss\n|\n|-damage|p2a: Flutter Mane|77\/100 psn|[from] psn\n|upkeep\n|\n|t:|1682141230\n|switch|p2b: Arcanine|Arcanine, L50, M|100\/100\n|-ability|p2b: Arcanine|Intimidate|boost\n|-unboost|p1a: Baxcalibur|atk|1\n|-unboost|p1b: Scream Tail|atk|1\n|turn|7\n|\n|t:|1682141256\n|move|p2b: Arcanine|Extreme Speed|p1a: Baxcalibur\n|-damage|p1a: Baxcalibur|0 fnt\n|faint|p1a: Baxcalibur\n|move|p2a: Flutter Mane|Shadow Ball|p1b: Scream Tail\n|-supereffective|p1b: Scream Tail\n|-damage|p1b: Scream Tail|0 fnt\n|faint|p1b: Scream Tail\n|-end|p1b: Scream Tail|Protosynthesis|[silent]\n|\n|-damage|p2a: Flutter Mane|65\/100 psn|[from] psn\n|upkeep\n|\n|t:|1682141266\n|switch|p1b: Glimmora|Glimmora, L50, F|2\/100\n|turn|8\n|\n|t:|1682141271\n|move|p1b: Glimmora|Spiky Shield|p1b: Glimmora\n|-singleturn|p1b: Glimmora|move: Protect\n|move|p2a: Flutter Mane|Shadow Ball|p1b: Glimmora\n|-activate|p1b: Glimmora|move: Protect\n|move|p2b: Arcanine|Will-O-Wisp|p1b: Glimmora\n|-activate|p1b: Glimmora|move: Protect\n|\n|-damage|p2a: Flutter Mane|53\/100 psn|[from] psn\n|upkeep\n|turn|9\n|\n|t:|1682141285\n|move|p1b: Glimmora|Spiky Shield||[still]\n|-fail|p1b: Glimmora\n|move|p2a: Flutter Mane|Shadow Ball|p1b: Glimmora\n|-damage|p1b: Glimmora|0 fnt\n|faint|p1b: Glimmora\n|\n|win|leafyarrow\n","uploadtime":1682141293,"views":11,"p1id":"kinohara","p2id":"leafyarrow","formatid":"gen9vgc2023regulationc","rating":0,"private":0,"password":""}