{"id":"gen9vgc2023regulationc-1855161536","p1":"Peculiar Caribou","p2":"19402u","format":"[Gen 9] VGC 2023 Regulation C","log":"|j|\u2606Peculiar Caribou\n|j|\u260619402u\n|t:|1682908857\n|gametype|doubles\n|player|p1|Peculiar Caribou|cyclist|1626\n|player|p2|19402u|1|1520\n|teamsize|p1|6\n|teamsize|p2|6\n|gen|9\n|tier|[Gen 9] VGC 2023 Regulation C\n|rated|\n|rule|Species Clause: Limit one of each Pok\u00e9mon\n|rule|Item Clause: Limit one of each item\n|clearpoke\n|poke|p1|Glimmora, L50, M|\n|poke|p1|Dragonite, L50, F|\n|poke|p1|Dondozo, L50, F|\n|poke|p1|Tatsugiri, L50, M|\n|poke|p1|Chi-Yu, L50|\n|poke|p1|Iron Bundle, L50|\n|poke|p2|Dondozo, L50, M|\n|poke|p2|Tatsugiri, L50, M|\n|poke|p2|Pelipper, L50, M|\n|poke|p2|Drednaw, L50, F|\n|poke|p2|Murkrow, L50, M|\n|poke|p2|Great Tusk, L50|\n|teampreview|4\n|c|\u2606Peculiar Caribou|gl hf\n19402u has agreed to open team sheets.\nPeculiar Caribou has agreed to open team sheets.\n|c|\u260619402u|u2\n|j| Piccolo Ruiz\n|\n|t:|1682908950\n|start\n|switch|p1a: Dragonite|Dragonite, L50, F, shiny|100\/100\n|switch|p1b: Iron Bundle|Iron Bundle, L50|100\/100\n|switch|p2a: Murkrow|Murkrow, L50, M|100\/100\n|switch|p2b: Drednaw|Drednaw, L50, F|100\/100\n|-enditem|p1b: Iron Bundle|Booster Energy\n|-activate|p1b: Iron Bundle|ability: Quark Drive|[fromitem]\n|-start|p1b: Iron Bundle|quarkdrivespe\n|turn|1\n|\n|t:|1682908998\n|move|p2b: Drednaw|Protect|p2b: Drednaw\n|-singleturn|p2b: Drednaw|Protect\n|move|p1a: Dragonite|Extreme Speed|p2a: Murkrow\n|-damage|p2a: Murkrow|54\/100\n|move|p2a: Murkrow|Tailwind|p2a: Murkrow\n|-sidestart|p2: 19402u|move: Tailwind\n|move|p1b: Iron Bundle|Freeze-Dry|p2b: Drednaw\n|-activate|p2b: Drednaw|move: Protect\n|\n|upkeep\n|turn|2\n|\n|t:|1682909014\n|switch|p2a: Pelipper|Pelipper, L50, M|100\/100\n|-weather|RainDance|[from] ability: Drizzle|[of] p2a: Pelipper\n|move|p1b: Iron Bundle|Protect|p1b: Iron Bundle\n|-singleturn|p1b: Iron Bundle|Protect\n|move|p1a: Dragonite|Extreme Speed|p2b: Drednaw\n|-resisted|p2b: Drednaw\n|-damage|p2b: Drednaw|72\/100\n|move|p2b: Drednaw|Rock Slide|p1b: Iron Bundle|[spread] p1a\n|-activate|p1b: Iron Bundle|move: Protect\n|-supereffective|p1a: Dragonite\n|-damage|p1a: Dragonite|60\/100\n|-damage|p2b: Drednaw|63\/100|[from] item: Life Orb\n|\n|-weather|RainDance|[upkeep]\n|upkeep\n|turn|3\n|\n|t:|1682909036\n|-terastallize|p1a: Dragonite|Normal\n|move|p2a: Pelipper|Helping Hand|p2b: Drednaw\n|-singleturn|p2b: Drednaw|Helping Hand|[of] p2a: Pelipper\n|move|p1a: Dragonite|Extreme Speed|p2b: Drednaw\n|-resisted|p2b: Drednaw\n|-damage|p2b: Drednaw|25\/100\n|move|p2b: Drednaw|Rock Slide|p1b: Iron Bundle|[spread] p1a,p1b\n|-supereffective|p1b: Iron Bundle\n|-damage|p1a: Dragonite|0 fnt\n|-damage|p1b: Iron Bundle|0 fnt\n|faint|p1a: Dragonite\n|faint|p1b: Iron Bundle\n|-end|p1b: Iron Bundle|Quark Drive|[silent]\n|-damage|p2b: Drednaw|15\/100|[from] item: Life Orb\n|\n|-weather|RainDance|[upkeep]\n|upkeep\n|\n|t:|1682909040\n|switch|p1b: Chi-Yu|Chi-Yu, L50|100\/100\n|switch|p1a: Tatsugiri|Tatsugiri, L50, M|100\/100\n|-ability|p1b: Chi-Yu|Beads of Ruin\n|turn|4\n|\n|t:|1682909064\n|move|p1b: Chi-Yu|Protect|p1b: Chi-Yu\n|-singleturn|p1b: Chi-Yu|Protect\n|move|p2b: Drednaw|Rock Slide|p1a: Tatsugiri|[spread] p1a\n|-activate|p1b: Chi-Yu|move: Protect\n|-damage|p1a: Tatsugiri|35\/100\n|-damage|p2b: Drednaw|6\/100|[from] item: Life Orb\n|move|p1a: Tatsugiri|Icy Wind|p2a: Pelipper|[spread] p2a,p2b\n|-resisted|p2b: Drednaw\n|-damage|p2a: Pelipper|70\/100\n|-damage|p2b: Drednaw|0 fnt\n|-unboost|p2a: Pelipper|spe|1\n|faint|p2b: Drednaw\n|move|p2a: Pelipper|Hurricane|p1a: Tatsugiri\n|-damage|p1a: Tatsugiri|0 fnt\n|faint|p1a: Tatsugiri\n|\n|-weather|RainDance|[upkeep]\n|-sideend|p2: 19402u|move: Tailwind\n|upkeep\n|\n|t:|1682909075\n|switch|p2b: Murkrow|Murkrow, L50, M|54\/100\n|turn|5\n|\n|t:|1682909091\n|move|p2b: Murkrow|Tailwind|p2b: Murkrow\n|-sidestart|p2: 19402u|move: Tailwind\n|move|p1b: Chi-Yu|Dark Pulse|p2a: Pelipper\n|-damage|p2a: Pelipper|0 fnt\n|faint|p2a: Pelipper\n|\n|-weather|RainDance|[upkeep]\n|upkeep\n|\n|t:|1682909095\n|switch|p2a: Great Tusk|Great Tusk, L50|100\/100\n|turn|6\n|\n|t:|1682909106\n|move|p1b: Chi-Yu|Protect|p1b: Chi-Yu\n|-singleturn|p1b: Chi-Yu|Protect\n|move|p2a: Great Tusk|Headlong Rush|p1b: Chi-Yu\n|-activate|p1b: Chi-Yu|move: Protect\n|move|p2b: Murkrow|Foul Play|p1b: Chi-Yu\n|-activate|p1b: Chi-Yu|move: Protect\n|\n|-weather|RainDance|[upkeep]\n|upkeep\n|turn|7\n|\n|t:|1682909121\n|move|p2a: Great Tusk|Headlong Rush|p1b: Chi-Yu\n|-supereffective|p1b: Chi-Yu\n|-enditem|p1b: Chi-Yu|Focus Sash\n|-damage|p1b: Chi-Yu|1\/100\n|-unboost|p2a: Great Tusk|def|1\n|-unboost|p2a: Great Tusk|spd|1\n|move|p2b: Murkrow|Foul Play|p1b: Chi-Yu\n|-resisted|p1b: Chi-Yu\n|-damage|p1b: Chi-Yu|0 fnt\n|faint|p1b: Chi-Yu\n|\n|win|19402u\n|raw|Peculiar Caribou's rating: 1626 → 1600<\/strong> (-26 for losing)\n|raw|19402u's rating: 1520 → 1546<\/strong> (+26 for winning)\n|c|\u2606Peculiar Caribou|gg\n|c|\u260619402u|gg\n|c|\u2606Peculiar Caribou|bo3?\n|c|\u260619402u|yup\n","uploadtime":1682909141,"views":16,"p1id":"peculiarcaribou","p2id":"19402u","formatid":"gen9vgc2023regulationc","rating":1546,"private":0,"password":""}