{"id":"gen9vgc2023regulationc-1849690785","p1":"CrystalFurry17","p2":"haha u rage quit","format":"[Gen 9] VGC 2023 Regulation C","log":"|j|\u2606CrystalFurry17\n|j|\u2606haha u rage quit\n|t:|1682233141\n|gametype|doubles\n|player|p1|CrystalFurry17|rosa|1338\n|player|p2|haha u rage quit|pokemaniac|1231\n|teamsize|p1|6\n|teamsize|p2|6\n|gen|9\n|tier|[Gen 9] VGC 2023 Regulation C\n|rated|\n|rule|Species Clause: Limit one of each Pok\u00e9mon\n|rule|Item Clause: Limit one of each item\n|clearpoke\n|poke|p1|Chi-Yu, L50|\n|poke|p1|Dragapult, L50, M|\n|poke|p1|Tatsugiri, L50, F|\n|poke|p1|Talonflame, L50, M|\n|poke|p1|Wo-Chien, L50|\n|poke|p1|Sylveon, L50, F|\n|poke|p2|Ting-Lu, L50|\n|poke|p2|Arcanine, L50, M|\n|poke|p2|Amoonguss, L50, M|\n|poke|p2|Palafin, L50, M|\n|poke|p2|Flutter Mane, L50|\n|poke|p2|Chi-Yu, L50|\n|teampreview|4\n|inactive|Battle timer is ON: inactive players will automatically lose when time's up. (requested by CrystalFurry17)\n|\n|t:|1682233168\n|start\n|switch|p1a: Walmart Moltres|Talonflame, L50, M|100\/100\n|switch|p1b: Filet-o-Fish|Chi-Yu, L50|100\/100\n|switch|p2a: Arcanine|Arcanine, L50, M|100\/100\n|switch|p2b: Flutter Mane|Flutter Mane, L50, shiny|100\/100\n|-ability|p1b: Filet-o-Fish|Beads of Ruin\n|-ability|p2a: Arcanine|Intimidate|boost\n|-unboost|p1a: Walmart Moltres|atk|1\n|-unboost|p1b: Filet-o-Fish|atk|1\n|-enditem|p2b: Flutter Mane|Booster Energy\n|-activate|p2b: Flutter Mane|ability: Protosynthesis|[fromitem]\n|-start|p2b: Flutter Mane|protosynthesisspa\n|turn|1\n|\n|t:|1682233187\n|move|p2a: Arcanine|Extreme Speed|p1a: Walmart Moltres\n|-damage|p1a: Walmart Moltres|65\/100\n|move|p1a: Walmart Moltres|Tailwind|p1a: Walmart Moltres\n|-sidestart|p1: CrystalFurry17|move: Tailwind\n|move|p1b: Filet-o-Fish|Heat Wave|p2b: Flutter Mane|[spread] p2a,p2b\n|-resisted|p2a: Arcanine\n|-damage|p2a: Arcanine|72\/100\n|-damage|p2b: Flutter Mane|52\/100\n|move|p2b: Flutter Mane|Shadow Ball|p1a: Walmart Moltres\n|-damage|p1a: Walmart Moltres|0 fnt\n|faint|p1a: Walmart Moltres\n|\n|upkeep\n|\n|t:|1682233195\n|switch|p1a: Yeet the Child|Dragapult, L50, M|100\/100\n|turn|2\n|\n|t:|1682233209\n|move|p2b: Flutter Mane|Protect|p2b: Flutter Mane\n|-singleturn|p2b: Flutter Mane|Protect\n|move|p2a: Arcanine|Protect|p2a: Arcanine\n|-singleturn|p2a: Arcanine|Protect\n|move|p1a: Yeet the Child|Shadow Ball|p2b: Flutter Mane\n|-activate|p2b: Flutter Mane|move: Protect\n|move|p1b: Filet-o-Fish|Dark Pulse|p2a: Arcanine\n|-activate|p2a: Arcanine|move: Protect\n|\n|upkeep\n|turn|3\n|\n|t:|1682233235\n|-terastallize|p2b: Flutter Mane|Fairy\n|move|p2a: Arcanine|Extreme Speed|p1b: Filet-o-Fish\n|-damage|p1b: Filet-o-Fish|57\/100\n|move|p1a: Yeet the Child|Shadow Ball|p2b: Flutter Mane\n|-damage|p2b: Flutter Mane|0 fnt\n|faint|p2b: Flutter Mane\n|-end|p2b: Flutter Mane|Protosynthesis|[silent]\n|-damage|p1a: Yeet the Child|91\/100|[from] item: Life Orb\n|move|p1b: Filet-o-Fish|Dark Pulse|p2a: Arcanine\n|-damage|p2a: Arcanine|12\/100\n|-enditem|p2a: Arcanine|Aguav Berry|[eat]\n|-heal|p2a: Arcanine|45\/100|[from] item: Aguav Berry\n|\n|upkeep\n|inactive|haha u rage quit has 30 seconds left.\n|\n|t:|1682233269\n|switch|p2b: Ting-Lu|Ting-Lu, L50|100\/100\n|-ability|p2b: Ting-Lu|Vessel of Ruin\n|turn|4\n|inactive|haha u rage quit has 30 seconds left.\n|\n|t:|1682233295\n|switch|p1b: SUPREMACY|Tatsugiri, L50, F|100\/100\n|-terastallize|p1a: Yeet the Child|Water\n|move|p2a: Arcanine|Extreme Speed|p1b: SUPREMACY\n|-damage|p1b: SUPREMACY|58\/100\n|move|p1a: Yeet the Child|Surf|p2a: Arcanine|[spread] p2a,p2b\n|-ability|p1b: SUPREMACY|Storm Drain|boost\n|-boost|p1b: SUPREMACY|spa|1\n|-supereffective|p2a: Arcanine\n|-supereffective|p2b: Ting-Lu\n|-crit|p2b: Ting-Lu\n|-damage|p2a: Arcanine|0 fnt\n|-damage|p2b: Ting-Lu|65\/100\n|faint|p2a: Arcanine\n|-damage|p1a: Yeet the Child|81\/100|[from] item: Life Orb\n|move|p2b: Ting-Lu|Stomping Tantrum|p1b: SUPREMACY\n|-damage|p1b: SUPREMACY|9\/100\n|\n|-sideend|p1: CrystalFurry17|move: Tailwind\n|upkeep\n|\n|t:|1682233314\n|switch|p2a: Amoonguss|Amoonguss, L50, M|100\/100\n|turn|5\n|\n|t:|1682233332\n|move|p1a: Yeet the Child|Surf|p2b: Ting-Lu|[spread] p2a,p2b\n|-ability|p1b: SUPREMACY|Storm Drain|boost\n|-boost|p1b: SUPREMACY|spa|1\n|-resisted|p2a: Amoonguss\n|-supereffective|p2b: Ting-Lu\n|-damage|p2a: Amoonguss|90\/100\n|-damage|p2b: Ting-Lu|39\/100\n|-damage|p1a: Yeet the Child|71\/100|[from] item: Life Orb\n|move|p1b: SUPREMACY|Muddy Water|p2b: Ting-Lu|[spread] p2a\n|-miss|p1b: SUPREMACY|p2b: Ting-Lu\n|-resisted|p2a: Amoonguss\n|-damage|p2a: Amoonguss|69\/100\n|move|p2b: Ting-Lu|Stomping Tantrum|p1b: SUPREMACY\n|-damage|p1b: SUPREMACY|0 fnt\n|faint|p1b: SUPREMACY\n|move|p2a: Amoonguss|Pollen Puff|p2b: Ting-Lu\n|-heal|p2b: Ting-Lu|89\/100\n|\n|upkeep\n|c|\u2606CrystalFurry17|BRUH\n|\n|t:|1682233342\n|switch|p1b: Filet-o-Fish|Chi-Yu, L50|57\/100\n|-ability|p1b: Filet-o-Fish|Beads of Ruin\n|turn|6\n|\n|t:|1682233356\n|move|p2a: Amoonguss|Protect|p2a: Amoonguss\n|-singleturn|p2a: Amoonguss|Protect\n|move|p1a: Yeet the Child|Draco Meteor|p2b: Ting-Lu\n|-damage|p2b: Ting-Lu|57\/100\n|-unboost|p1a: Yeet the Child|spa|2\n|-damage|p1a: Yeet the Child|61\/100|[from] item: Life Orb\n|move|p1b: Filet-o-Fish|Heat Wave|p2b: Ting-Lu|[spread] p2b\n|-activate|p2a: Amoonguss|move: Protect\n|-damage|p2b: Ting-Lu|38\/100\n|move|p2b: Ting-Lu|Stomping Tantrum|p1b: Filet-o-Fish\n|-supereffective|p1b: Filet-o-Fish\n|-damage|p1b: Filet-o-Fish|0 fnt\n|faint|p1b: Filet-o-Fish\n|\n|upkeep\n|turn|7\n|-message|CrystalFurry17 forfeited.\n|\n|win|haha u rage quit\n|raw|CrystalFurry17's rating: 1338 → 1312<\/strong> (-26 for losing)\n|raw|haha u rage quit's rating: 1231 → 1263<\/strong> (+32 for winning)\n|l|\u2606CrystalFurry17\n","uploadtime":1682233381,"views":12,"p1id":"crystalfurry17","p2id":"hahauragequit","formatid":"gen9vgc2023regulationc","rating":1263,"private":0,"password":""}