{"id":"gen9vgc2023regulationc-1863985165","p1":"Arceus's Bard","p2":"FinalGambitVGC","format":"[Gen 9] VGC 2023 Regulation C","log":"|j|\u2606Arceus's Bard\n|j|\u2606FinalGambitVGC\n|t:|1684101430\n|gametype|doubles\n|player|p1|Arceus's Bard|colress|\n|player|p2|FinalGambitVGC|cynthia-masters|\n|teamsize|p1|6\n|teamsize|p2|6\n|gen|9\n|tier|[Gen 9] VGC 2023 Regulation C\n|rule|Species Clause: Limit one of each Pok\u00e9mon\n|rule|Item Clause: Limit one of each item\n|clearpoke\n|poke|p1|Hydreigon, L50, F|\n|poke|p1|Garganacl, L50, M|\n|poke|p1|Wo-Chien, L50|\n|poke|p1|Toxapex, L50, M|\n|poke|p1|Magnezone, L50|\n|poke|p1|Dragalge, L50, F|\n|poke|p2|Iron Valiant, L50|\n|poke|p2|Slither Wing, L50|\n|poke|p2|Misdreavus, L50, F|\n|poke|p2|Gothitelle, L50, M|\n|poke|p2|Amoonguss, L50, F|\n|poke|p2|Mabosstiff, L50, M|\n|teampreview|4\n|\n|t:|1684101481\n|start\n|switch|p1a: Wo-Chien|Wo-Chien, L50|100\/100\n|switch|p1b: Colress|Magnezone, L50|100\/100\n|switch|p2a: Gothitelle|Gothitelle, L50, M|100\/100\n|switch|p2b: Misdreavus|Misdreavus, L50, F|100\/100\n|-ability|p1a: Wo-Chien|Tablets of Ruin\n|turn|1\n|\n|t:|1684101502\n|move|p2a: Gothitelle|Fake Out|p1b: Colress\n|-resisted|p1b: Colress\n|-damage|p1b: Colress|98\/100\n|cant|p1b: Colress|flinch\n|move|p2b: Misdreavus|Perish Song|p2b: Misdreavus\n|-start|p1a: Wo-Chien|perish3|[silent]\n|-start|p1b: Colress|perish3|[silent]\n|-start|p2a: Gothitelle|perish3|[silent]\n|-start|p2b: Misdreavus|perish3|[silent]\n|-fieldactivate|move: Perish Song\n|move|p1a: Wo-Chien|Leech Seed|p2b: Misdreavus\n|-start|p2b: Misdreavus|move: Leech Seed\n|\n|-damage|p2b: Misdreavus|89\/100|[from] Leech Seed|[of] p1a: Wo-Chien\n|-start|p1b: Colress|perish3\n|-start|p2b: Misdreavus|perish3\n|-start|p1a: Wo-Chien|perish3\n|-start|p2a: Gothitelle|perish3\n|upkeep\n|turn|2\n|\n|t:|1684101536\n|move|p1b: Colress|Protect|p1b: Colress\n|-singleturn|p1b: Colress|Protect\n|move|p2b: Misdreavus|Protect|p2b: Misdreavus\n|-singleturn|p2b: Misdreavus|Protect\n|move|p2a: Gothitelle|Protect|p2a: Gothitelle\n|-singleturn|p2a: Gothitelle|Protect\n|move|p1a: Wo-Chien|Knock Off|p2a: Gothitelle\n|-activate|p2a: Gothitelle|move: Protect\n|\n|-damage|p2b: Misdreavus|77\/100|[from] Leech Seed|[of] p1a: Wo-Chien\n|-start|p1b: Colress|perish2\n|-start|p2b: Misdreavus|perish2\n|-start|p1a: Wo-Chien|perish2\n|-start|p2a: Gothitelle|perish2\n|upkeep\n|turn|3\n|\n|t:|1684101570\n|switch|p2b: Amoonguss|Amoonguss, L50, F|100\/100\n|move|p1b: Colress|Flash Cannon|p2b: Amoonguss\n|-damage|p2b: Amoonguss|69\/100\n|move|p1a: Wo-Chien|Pollen Puff|p2a: Gothitelle\n|-supereffective|p2a: Gothitelle\n|-damage|p2a: Gothitelle|68\/100\n|move|p2a: Gothitelle|Thunder Wave|p1b: Colress\n|-immune|p1b: Colress\n|\n|-heal|p2b: Amoonguss|75\/100|[from] item: Black Sludge\n|-start|p1b: Colress|perish1\n|-start|p1a: Wo-Chien|perish1\n|-start|p2a: Gothitelle|perish1\n|upkeep\n|turn|4\n|\n|t:|1684101611\n|switch|p2a: Misdreavus|Misdreavus, L50, F|77\/100\n|move|p2b: Amoonguss|Rage Powder|p2b: Amoonguss\n|-singleturn|p2b: Amoonguss|move: Rage Powder\n|move|p1b: Colress|Volt Switch|p2b: Amoonguss\n|-resisted|p2b: Amoonguss\n|-damage|p2b: Amoonguss|63\/100\n|\n|t:|1684101619\n|switch|p1b: \u9032\u6483\u306e\u5de8\u4eba|Garganacl, L50, M|100\/100|[from] Volt Switch\n|move|p1a: Wo-Chien|Knock Off|p2a: Misdreavus\n|-supereffective|p2a: Misdreavus\n|-damage|p2a: Misdreavus|37\/100\n|-enditem|p2a: Misdreavus|Eviolite|[from] move: Knock Off|[of] p1a: Wo-Chien\n|\n|-heal|p2b: Amoonguss|69\/100|[from] item: Black Sludge\n|-start|p1a: Wo-Chien|perish0\n|upkeep\n|faint|p1a: Wo-Chien\n|\n|t:|1684101628\n|switch|p1a: Colress|Magnezone, L50|98\/100\n|turn|5\n|\n|t:|1684101659\n|switch|p2b: Gothitelle|Gothitelle, L50, M|68\/100\n|move|p1a: Colress|Protect|p1a: Colress\n|-singleturn|p1a: Colress|Protect\n|move|p2a: Misdreavus|Perish Song|p2a: Misdreavus\n|-start|p1a: Colress|perish3|[silent]\n|-start|p1b: \u9032\u6483\u306e\u5de8\u4eba|perish3|[silent]\n|-start|p2a: Misdreavus|perish3|[silent]\n|-start|p2b: Gothitelle|perish3|[silent]\n|-fieldactivate|move: Perish Song\n|move|p1b: \u9032\u6483\u306e\u5de8\u4eba|Body Press|p2b: Gothitelle\n|-resisted|p2b: Gothitelle\n|-damage|p2b: Gothitelle|59\/100\n|\n|-start|p1a: Colress|perish3\n|-start|p2a: Misdreavus|perish3\n|-start|p2b: Gothitelle|perish3\n|-start|p1b: \u9032\u6483\u306e\u5de8\u4eba|perish3\n|upkeep\n|turn|6\n|\n|t:|1684101705\n|switch|p2a: Amoonguss|Amoonguss, L50, F|100\/100\n|move|p2b: Gothitelle|Fake Out|p1a: Colress\n|-resisted|p1a: Colress\n|-damage|p1a: Colress|96\/100\n|cant|p1a: Colress|flinch\n|move|p1b: \u9032\u6483\u306e\u5de8\u4eba|Salt Cure|p2b: Gothitelle\n|-damage|p2b: Gothitelle|46\/100\n|-start|p2b: Gothitelle|Salt Cure\n|-enditem|p2b: Gothitelle|Sitrus Berry|[eat]\n|-heal|p2b: Gothitelle|71\/100|[from] item: Sitrus Berry\n|\n|-damage|p2b: Gothitelle|59\/100|[from] Salt Cure\n|-start|p1a: Colress|perish2\n|-start|p2b: Gothitelle|perish2\n|-start|p1b: \u9032\u6483\u306e\u5de8\u4eba|perish2\n|upkeep\n|turn|7\n|\n|t:|1684101731\n|move|p2b: Gothitelle|Protect|p2b: Gothitelle\n|-singleturn|p2b: Gothitelle|Protect\n|move|p1a: Colress|Flash Cannon|p2a: Amoonguss\n|-damage|p2a: Amoonguss|70\/100\n|move|p2a: Amoonguss|Spore|p1a: Colress\n|-status|p1a: Colress|slp|[from] move: Spore\n|move|p1b: \u9032\u6483\u306e\u5de8\u4eba|Salt Cure|p2a: Amoonguss\n|-damage|p2a: Amoonguss|54\/100\n|-start|p2a: Amoonguss|Salt Cure\n|\n|-heal|p2a: Amoonguss|60\/100|[from] item: Black Sludge\n|-damage|p2b: Gothitelle|46\/100|[from] Salt Cure\n|-damage|p2a: Amoonguss|48\/100|[from] Salt Cure\n|-start|p1a: Colress|perish1\n|-start|p2b: Gothitelle|perish1\n|-start|p1b: \u9032\u6483\u306e\u5de8\u4eba|perish1\n|upkeep\n|turn|8\n|\n|t:|1684101779\n|switch|p2b: Misdreavus|Misdreavus, L50, F|37\/100\n|move|p2a: Amoonguss|Protect|p2a: Amoonguss\n|-singleturn|p2a: Amoonguss|Protect\n|cant|p1a: Colress|slp\n|move|p1b: \u9032\u6483\u306e\u5de8\u4eba|Salt Cure|p2a: Amoonguss\n|-activate|p2a: Amoonguss|move: Protect\n|\n|-heal|p2a: Amoonguss|53\/100|[from] item: Black Sludge\n|-damage|p2a: Amoonguss|41\/100|[from] Salt Cure\n|-start|p1a: Colress|perish0\n|-start|p1b: \u9032\u6483\u306e\u5de8\u4eba|perish0\n|faint|p1a: Colress\n|faint|p1b: \u9032\u6483\u306e\u5de8\u4eba\n|upkeep\n|\n|t:|1684101802\n|switch|p1a: Toxapex|Toxapex, L50, M|100\/100\n|turn|9\n|\n|t:|1684101814\n|switch|p2a: Gothitelle|Gothitelle, L50, M|46\/100\n|move|p1a: Toxapex|Baneful Bunker|p1a: Toxapex\n|-singleturn|p1a: Toxapex|move: Protect\n|move|p2b: Misdreavus|Perish Song|p2b: Misdreavus\n|-start|p1a: Toxapex|perish3|[silent]\n|-start|p2a: Gothitelle|perish3|[silent]\n|-start|p2b: Misdreavus|perish3|[silent]\n|-fieldactivate|move: Perish Song\n|\n|-start|p2b: Misdreavus|perish3\n|-start|p2a: Gothitelle|perish3\n|-start|p1a: Toxapex|perish3\n|upkeep\n|turn|10\n|\n|t:|1684101827\n|switch|p2a: Amoonguss|Amoonguss, L50, F|74\/100\n|move|p2b: Misdreavus|Protect|p2b: Misdreavus\n|-singleturn|p2b: Misdreavus|Protect\n|move|p1a: Toxapex|Toxic|p2a: Amoonguss\n|-immune|p2a: Amoonguss\n|\n|-heal|p2a: Amoonguss|80\/100|[from] item: Black Sludge\n|-start|p2b: Misdreavus|perish2\n|-start|p1a: Toxapex|perish2\n|upkeep\n|turn|11\n|-message|Arceus's Bard forfeited.\n|\n|win|FinalGambitVGC\n|c|\u2606Arceus's Bard|gg\n|l|\u2606Arceus's Bard\n","uploadtime":1684101879,"views":6,"p1id":"arceussbard","p2id":"finalgambitvgc","formatid":"gen9vgc2023regulationc","rating":0,"private":0,"password":""}