{"id":"gen9vgc2023regulationc-1854697833","p1":"metalgymleader","p2":"tuntianyv","format":"[Gen 9] VGC 2023 Regulation C","log":"|j|\u2606metalgymleader\n|j|\u2606tuntianyv\n|t:|1682852461\n|gametype|doubles\n|player|p1|metalgymleader|colress|1096\n|player|p2|tuntianyv|bugcatcher-gen4dp|1106\n|teamsize|p1|6\n|teamsize|p2|6\n|gen|9\n|tier|[Gen 9] VGC 2023 Regulation C\n|rated|\n|rule|Species Clause: Limit one of each Pok\u00e9mon\n|rule|Item Clause: Limit one of each item\n|clearpoke\n|poke|p1|Bronzong, L50|\n|poke|p1|Tinkaton, L50, F|\n|poke|p1|Kingambit, L50, M|\n|poke|p1|Magnezone, L50|\n|poke|p1|Iron Treads, L50|\n|poke|p1|Wo-Chien, L50|\n|poke|p2|Gothitelle, L50, M|\n|poke|p2|Flutter Mane, L50|\n|poke|p2|Dragonite, L50, M|\n|poke|p2|Maushold-Four, L50|\n|poke|p2|Iron Hands, L50|\n|poke|p2|Chien-Pao, L50|\n|teampreview|4\n|\n|t:|1682852492\n|start\n|switch|p1a: Iron Treads|Iron Treads, L50|100\/100\n|switch|p1b: Tinkaton|Tinkaton, L50, F|100\/100\n|switch|p2a: Gothitelle|Gothitelle, L50, M|100\/100\n|switch|p2b: Flutter Mane|Flutter Mane, L50|100\/100\n|-ability|p1b: Tinkaton|Mold Breaker\n|-item|p1b: Tinkaton|Air Balloon\n|-enditem|p1a: Iron Treads|Booster Energy\n|-activate|p1a: Iron Treads|ability: Quark Drive|[fromitem]\n|-start|p1a: Iron Treads|quarkdrivespe\n|turn|1\n|inactive|Battle timer is ON: inactive players will automatically lose when time's up. (requested by tuntianyv)\n|\n|t:|1682852512\n|-terastallize|p2b: Flutter Mane|Grass\n|move|p1b: Tinkaton|Fake Out|p2a: Gothitelle\n|-damage|p2a: Gothitelle|90\/100\n|cant|p2a: Gothitelle|flinch\n|move|p1a: Iron Treads|Iron Head|p2b: Flutter Mane\n|-crit|p2b: Flutter Mane\n|-enditem|p2b: Flutter Mane|Focus Sash\n|-damage|p2b: Flutter Mane|1\/100\n|move|p2b: Flutter Mane|Perish Song|p2b: Flutter Mane\n|-start|p1a: Iron Treads|perish3|[silent]\n|-start|p1b: Tinkaton|perish3|[silent]\n|-start|p2a: Gothitelle|perish3|[silent]\n|-start|p2b: Flutter Mane|perish3|[silent]\n|-fieldactivate|move: Perish Song\n|\n|-start|p1a: Iron Treads|perish3\n|-start|p2b: Flutter Mane|perish3\n|-start|p1b: Tinkaton|perish3\n|-start|p2a: Gothitelle|perish3\n|upkeep\n|turn|2\n|inactive|metalgymleader has 30 seconds left.\n|\n|t:|1682852541\n|move|p2b: Flutter Mane|Protect|p2b: Flutter Mane\n|-singleturn|p2b: Flutter Mane|Protect\n|move|p1b: Tinkaton|Protect|p1b: Tinkaton\n|-singleturn|p1b: Tinkaton|Protect\n|move|p1a: Iron Treads|Earthquake|p2a: Gothitelle|[spread] p2a\n|-activate|p1b: Tinkaton|move: Protect\n|-activate|p2b: Flutter Mane|move: Protect\n|-damage|p2a: Gothitelle|60\/100\n|move|p2a: Gothitelle|Psychic|p1b: Tinkaton\n|-activate|p1b: Tinkaton|move: Protect\n|\n|-start|p1a: Iron Treads|perish2\n|-start|p2b: Flutter Mane|perish2\n|-start|p1b: Tinkaton|perish2\n|-start|p2a: Gothitelle|perish2\n|upkeep\n|turn|3\n|\n|t:|1682852562\n|-end|p2b: Flutter Mane|Protosynthesis|[silent]\n|switch|p2b: Maushold|Maushold-Four, L50|100\/100\n|move|p2a: Gothitelle|Protect|p2a: Gothitelle\n|-singleturn|p2a: Gothitelle|Protect\n|move|p1a: Iron Treads|Earthquake|p2b: Maushold|[spread] p2b\n|-activate|p2a: Gothitelle|move: Protect\n|-immune|p1b: Tinkaton\n|-damage|p2b: Maushold|60\/100\n|move|p1b: Tinkaton|Play Rough|p2a: Gothitelle\n|-activate|p2a: Gothitelle|move: Protect\n|\n|-start|p1a: Iron Treads|perish1\n|-start|p1b: Tinkaton|perish1\n|-start|p2a: Gothitelle|perish1\n|upkeep\n|turn|4\n|inactive|tuntianyv has 30 seconds left.\n|\n|t:|1682852595\n|switch|p2a: Iron Hands|Iron Hands, L50|100\/100\n|move|p2b: Maushold|Baby-Doll Eyes|p1a: Iron Treads\n|-unboost|p1a: Iron Treads|atk|1\n|move|p1a: Iron Treads|Earthquake|p2a: Iron Hands|[spread] p2a,p2b\n|-immune|p1b: Tinkaton\n|-supereffective|p2a: Iron Hands\n|-damage|p2a: Iron Hands|77\/100\n|-damage|p2b: Maushold|32\/100\n|move|p1b: Tinkaton|Gigaton Hammer|p2a: Iron Hands\n|-resisted|p2a: Iron Hands\n|-damage|p2a: Iron Hands|55\/100\n|\n|-start|p1a: Iron Treads|perish0\n|-start|p1b: Tinkaton|perish0\n|upkeep\n|faint|p1a: Iron Treads\n|-end|p1a: Iron Treads|Quark Drive|[silent]\n|faint|p1b: Tinkaton\n|\n|t:|1682852610\n|switch|p1a: Wo-Chien|Wo-Chien, L50|100\/100\n|switch|p1b: Kingambit|Kingambit, L50, M|100\/100\n|-ability|p1a: Wo-Chien|Tablets of Ruin\n|turn|5\n|\n|t:|1682852626\n|move|p2b: Maushold|Follow Me|p2b: Maushold\n|-singleturn|p2b: Maushold|move: Follow Me\n|move|p1a: Wo-Chien|Leech Seed|p2b: Maushold\n|-start|p2b: Maushold|move: Leech Seed\n|move|p2a: Iron Hands|Drain Punch|p1b: Kingambit\n|-supereffective|p1b: Kingambit\n|-damage|p1b: Kingambit|2\/100\n|-heal|p2a: Iron Hands|96\/100|[from] drain|[of] p1b: Kingambit\n|-enditem|p1b: Kingambit|Weakness Policy\n|-boost|p1b: Kingambit|atk|2|[from] item: Weakness Policy\n|-boost|p1b: Kingambit|spa|2|[from] item: Weakness Policy\n|move|p1b: Kingambit|Kowtow Cleave|p2b: Maushold\n|-damage|p2b: Maushold|0 fnt\n|faint|p2b: Maushold\n|\n|upkeep\n|\n|t:|1682852644\n|switch|p2b: Gothitelle|Gothitelle, L50, M|60\/100\n|turn|6\n|inactive|metalgymleader has 30 seconds left.\n|\n|t:|1682852676\n|-terastallize|p1b: Kingambit|Flying\n|move|p2b: Gothitelle|Protect|p2b: Gothitelle\n|-singleturn|p2b: Gothitelle|Protect\n|move|p1a: Wo-Chien|Pollen Puff|p1b: Kingambit\n|-heal|p1b: Kingambit|52\/100\n|move|p2a: Iron Hands|Volt Switch|p1b: Kingambit\n|-supereffective|p1b: Kingambit\n|-damage|p1b: Kingambit|28\/100\n|\n|t:|1682852689\n|-end|p2a: Iron Hands|Quark Drive|[silent]\n|switch|p2a: Flutter Mane|Flutter Mane, L50, tera:Grass|1\/100|[from] Volt Switch\n|move|p1b: Kingambit|Assurance|p2a: Flutter Mane\n|-damage|p2a: Flutter Mane|0 fnt\n|faint|p2a: Flutter Mane\n|-end|p2a: Flutter Mane|Protosynthesis|[silent]\n|\n|upkeep\n|\n|t:|1682852692\n|switch|p2a: Iron Hands|Iron Hands, L50|96\/100\n|turn|7\n|inactive|tuntianyv has 30 seconds left.\n|\n|t:|1682852718\n|move|p1a: Wo-Chien|Pollen Puff|p1b: Kingambit\n|-heal|p1b: Kingambit|77\/100\n|move|p2a: Iron Hands|Wild Charge|p1b: Kingambit\n|-supereffective|p1b: Kingambit\n|-damage|p1b: Kingambit|21\/100\n|-damage|p2a: Iron Hands|84\/100|[from] Recoil\n|move|p1b: Kingambit|Assurance|p2b: Gothitelle\n|-supereffective|p2b: Gothitelle\n|-damage|p2b: Gothitelle|0 fnt\n|faint|p2b: Gothitelle\n|\n|upkeep\n|turn|8\n|-message|tuntianyv forfeited.\n|\n|win|metalgymleader\n|raw|metalgymleader's rating: 1096 → 1122<\/strong> (+26 for winning)\n|raw|tuntianyv's rating: 1106 → 1080<\/strong> (-26 for losing)\n|l|\u2606tuntianyv\n","uploadtime":1682852847,"views":9,"p1id":"metalgymleader","p2id":"tuntianyv","formatid":"gen9vgc2023regulationc","rating":1080,"private":0,"password":""}