{"id":"gen9vgc2023regulationc-1855744461","p1":"sotero23","p2":"Aikalytics","format":"[Gen 9] VGC 2023 Regulation C","log":"|j|\u2606sotero23\n|j|\u2606Aikalytics\n|t:|1682979180\n|gametype|doubles\n|player|p1|sotero23|veteran|\n|player|p2|Aikalytics|roxie|\n|teamsize|p1|6\n|teamsize|p2|6\n|gen|9\n|tier|[Gen 9] VGC 2023 Regulation C\n|rule|Species Clause: Limit one of each Pok\u00e9mon\n|rule|Item Clause: Limit one of each item\n|clearpoke\n|poke|p1|Scizor, L50, F|\n|poke|p1|Gothitelle, L50, F|\n|poke|p1|Chi-Yu, L50|\n|poke|p1|Dragonite, L50, M|\n|poke|p1|Amoonguss, L50, F|\n|poke|p1|Flutter Mane, L50|\n|poke|p2|Flutter Mane, L50|\n|poke|p2|Ting-Lu, L50|\n|poke|p2|Farigiraf, L50, M|\n|poke|p2|Iron Hands, L50|\n|poke|p2|Iron Bundle, L50|\n|poke|p2|Amoonguss, L50, F|\n|teampreview|4\n|c|\u2606sotero23|g2\n|c|\u2606Aikalytics|Game 2\nsotero23 has agreed to open team sheets.\nAikalytics has agreed to open team sheets.\n|inactive|Battle timer is ON: inactive players will automatically lose when time's up. (requested by Aikalytics)\n|inactive|sotero23 has 60 seconds left.\n|\n|t:|1682979231\n|start\n|switch|p1a: Gothitelle|Gothitelle, L50, F|100\/100\n|switch|p1b: Flutter Mane|Flutter Mane, L50|100\/100\n|switch|p2a: Bullwinkle|Ting-Lu, L50|100\/100\n|switch|p2b: Y amigos|Farigiraf, L50, M|100\/100\n|-ability|p2a: Bullwinkle|Vessel of Ruin\n|-enditem|p1b: Flutter Mane|Booster Energy\n|-activate|p1b: Flutter Mane|ability: Protosynthesis|[fromitem]\n|-start|p1b: Flutter Mane|protosynthesisspa\n|turn|1\n|inactive|Aikalytics has 30 seconds left.\n|inactive|Aikalytics has 20 seconds left.\n|inactive|Aikalytics has 15 seconds left.\n|inactive|Aikalytics has 10 seconds left.\n|\n|t:|1682979277\n|-terastallize|p1b: Flutter Mane|Fairy\n|move|p1a: Gothitelle|Helping Hand|p1b: Flutter Mane\n|-singleturn|p1b: Flutter Mane|Helping Hand|[of] p1a: Gothitelle\n|move|p1b: Flutter Mane|Moonblast|p2a: Bullwinkle\n|-supereffective|p2a: Bullwinkle\n|-damage|p2a: Bullwinkle|1\/100\n|-unboost|p2a: Bullwinkle|spa|1\n|move|p2a: Bullwinkle|Heavy Slam|p1b: Flutter Mane\n|-supereffective|p1b: Flutter Mane\n|-damage|p1b: Flutter Mane|3\/100\n|move|p2b: Y amigos|Trick Room|p2b: Y amigos\n|-fieldstart|move: Trick Room|[of] p2b: Y amigos\n|\n|upkeep\n|turn|2\n|inactive|sotero23 has 30 seconds left.\n|inactive|Aikalytics has 30 seconds left.\n|\n|t:|1682979310\n|move|p1b: Flutter Mane|Protect|p1b: Flutter Mane\n|-singleturn|p1b: Flutter Mane|Protect\n|move|p2a: Bullwinkle|Snarl|p1b: Flutter Mane|[spread] p1a\n|-activate|p1b: Flutter Mane|move: Protect\n|-supereffective|p1a: Gothitelle\n|-damage|p1a: Gothitelle|90\/100\n|-unboost|p1a: Gothitelle|spa|1\n|move|p2b: Y amigos|Dazzling Gleam|p1a: Gothitelle|[spread] p1a\n|-activate|p1b: Flutter Mane|move: Protect\n|-damage|p1a: Gothitelle|77\/100\n|move|p1a: Gothitelle|Psychic|p2b: Y amigos\n|-resisted|p2b: Y amigos\n|-damage|p2b: Y amigos|93\/100\n|\n|-heal|p1a: Gothitelle|83\/100|[from] item: Leftovers\n|upkeep\n|turn|3\n|inactive|Aikalytics has 30 seconds left.\n|\n|t:|1682979343\n|-end|p1b: Flutter Mane|Protosynthesis|[silent]\n|switch|p1b: Scizor|Scizor, L50, F|100\/100\n|move|p1a: Gothitelle|Protect|p1a: Gothitelle\n|-singleturn|p1a: Gothitelle|Protect\n|move|p2a: Bullwinkle|Snarl|p1b: Scizor|[spread] p1b\n|-activate|p1a: Gothitelle|move: Protect\n|-damage|p1b: Scizor|94\/100\n|move|p2b: Y amigos|Dazzling Gleam|p1a: Gothitelle|[spread] p1b\n|-activate|p1a: Gothitelle|move: Protect\n|-resisted|p1b: Scizor\n|-damage|p1b: Scizor|85\/100\n|\n|-heal|p1a: Gothitelle|88\/100|[from] item: Leftovers\n|upkeep\n|turn|4\n|\n|t:|1682979365\n|move|p1b: Scizor|Protect|p1b: Scizor\n|-singleturn|p1b: Scizor|Protect\n|move|p2a: Bullwinkle|Fissure|p1b: Scizor\n|-activate|p1b: Scizor|move: Protect\n|move|p2b: Y amigos|Calm Mind|p2b: Y amigos\n|-boost|p2b: Y amigos|spa|1\n|-boost|p2b: Y amigos|spd|1\n|move|p1a: Gothitelle|Psychic|p2b: Y amigos\n|-resisted|p2b: Y amigos\n|-damage|p2b: Y amigos|88\/100\n|\n|-heal|p1a: Gothitelle|94\/100|[from] item: Leftovers\n|upkeep\n|turn|5\n|inactive|Aikalytics has 30 seconds left.\n|inactive|Aikalytics has 20 seconds left.\n|inactive|Aikalytics has 15 seconds left.\n|\n|t:|1682979405\n|move|p1a: Gothitelle|Protect|p1a: Gothitelle\n|-singleturn|p1a: Gothitelle|Protect\n|move|p2a: Bullwinkle|Stomping Tantrum|p1b: Scizor\n|-damage|p1b: Scizor|54\/100\n|move|p2b: Y amigos|Calm Mind|p2b: Y amigos\n|-boost|p2b: Y amigos|spa|1\n|-boost|p2b: Y amigos|spd|1\n|move|p1b: Scizor|Swords Dance|p1b: Scizor\n|-boost|p1b: Scizor|atk|2\n|\n|-heal|p1a: Gothitelle|99\/100|[from] item: Leftovers\n|-fieldend|move: Trick Room\n|upkeep\n|turn|6\n|\n|t:|1682979429\n|move|p1a: Gothitelle|Psychic|p2b: Y amigos\n|-resisted|p2b: Y amigos\n|-damage|p2b: Y amigos|84\/100\n|move|p1b: Scizor|Pounce|p2a: Bullwinkle\n|-supereffective|p2a: Bullwinkle\n|-damage|p2a: Bullwinkle|0 fnt\n|faint|p2a: Bullwinkle\n|move|p2b: Y amigos|Psychic|p1b: Scizor\n|-resisted|p1b: Scizor\n|-damage|p1b: Scizor|0 fnt\n|faint|p1b: Scizor\n|\n|-heal|p1a: Gothitelle|100\/100|[from] item: Leftovers\n|upkeep\n|\n|t:|1682979447\n|switch|p1b: Chi-Yu|Chi-Yu, L50|100\/100\n|switch|p2a: Rocky|Flutter Mane, L50|100\/100\n|-ability|p1b: Chi-Yu|Beads of Ruin\n|turn|7\n|\n|t:|1682979462\n|-terastallize|p2a: Rocky|Fairy\n|move|p1a: Gothitelle|Helping Hand|p1b: Chi-Yu\n|-singleturn|p1b: Chi-Yu|Helping Hand|[of] p1a: Gothitelle\n|move|p1b: Chi-Yu|Snarl|p2b: Y amigos|[spread] p2a,p2b\n|-resisted|p2a: Rocky\n|-supereffective|p2b: Y amigos\n|-damage|p2a: Rocky|77\/100\n|-damage|p2b: Y amigos|40\/100\n|-unboost|p2a: Rocky|spa|1\n|-unboost|p2b: Y amigos|spa|1\n|move|p2a: Rocky|Moonblast|p1b: Chi-Yu\n|-damage|p1b: Chi-Yu|47\/100\n|move|p2b: Y amigos|Dazzling Gleam|p1b: Chi-Yu|[spread] p1a,p1b\n|-crit|p1a: Gothitelle\n|-damage|p1a: Gothitelle|45\/100\n|-damage|p1b: Chi-Yu|12\/100\n|\n|-heal|p1a: Gothitelle|51\/100|[from] item: Leftovers\n|upkeep\n|turn|8\n|inactive|Aikalytics has 30 seconds left.\n|\n|t:|1682979490\n|move|p1a: Gothitelle|Helping Hand|p1b: Chi-Yu\n|-singleturn|p1b: Chi-Yu|Helping Hand|[of] p1a: Gothitelle\n|move|p1b: Chi-Yu|Snarl|p2a: Rocky|[spread] p2a,p2b\n|-resisted|p2a: Rocky\n|-supereffective|p2b: Y amigos\n|-damage|p2a: Rocky|54\/100\n|-damage|p2b: Y amigos|0 fnt\n|-unboost|p2a: Rocky|spa|1\n|faint|p2b: Y amigos\n|move|p2a: Rocky|Dazzling Gleam|p1a: Gothitelle|[spread] p1a,p1b\n|-damage|p1a: Gothitelle|21\/100\n|-damage|p1b: Chi-Yu|0 fnt\n|faint|p1b: Chi-Yu\n|\n|-heal|p1a: Gothitelle|27\/100|[from] item: Leftovers\n|upkeep\n|\n|t:|1682979503\n|switch|p1b: Flutter Mane|Flutter Mane, L50, tera:Fairy|3\/100\n|switch|p2b: Iron Bundle|Iron Bundle, L50|100\/100\n|-enditem|p2b: Iron Bundle|Booster Energy\n|-activate|p2b: Iron Bundle|ability: Quark Drive|[fromitem]\n|-start|p2b: Iron Bundle|quarkdrivespe\n|turn|9\n|\n|t:|1682979515\n|move|p1b: Flutter Mane|Protect|p1b: Flutter Mane\n|-singleturn|p1b: Flutter Mane|Protect\n|move|p2b: Iron Bundle|Icy Wind|p1a: Gothitelle|[spread] p1a\n|-activate|p1b: Flutter Mane|move: Protect\n|-damage|p1a: Gothitelle|9\/100\n|-unboost|p1a: Gothitelle|spe|1\n|move|p2a: Rocky|Dazzling Gleam|p1b: Flutter Mane|[spread] p1a\n|-activate|p1b: Flutter Mane|move: Protect\n|-crit|p1a: Gothitelle\n|-damage|p1a: Gothitelle|0 fnt\n|faint|p1a: Gothitelle\n|\n|upkeep\n|turn|10\n|\n|t:|1682979534\n|move|p2b: Iron Bundle|Freeze-Dry|p1b: Flutter Mane\n|-damage|p1b: Flutter Mane|0 fnt\n|faint|p1b: Flutter Mane\n|-end|p1b: Flutter Mane|Protosynthesis|[silent]\n|\n|win|Aikalytics\n|c|\u2606sotero23|gg\n|c|\u2606Aikalytics|Gg\n","uploadtime":1682979561,"views":17,"p1id":"sotero23","p2id":"aikalytics","formatid":"gen9vgc2023regulationc","rating":0,"private":0,"password":""}