{"id":"gen9vgc2023regulationc-1862957970","p1":"Igpvala","p2":"xzymandias","format":"[Gen 9] VGC 2023 Regulation C","log":"|j|\u2606Igpvala\n|j|\u2606xzymandias\n|t:|1683943860\n|gametype|doubles\n|player|p1|Igpvala|hugh|1304\n|player|p2|xzymandias|medium|1339\n|teamsize|p1|6\n|teamsize|p2|6\n|gen|9\n|tier|[Gen 9] VGC 2023 Regulation C\n|rated|\n|rule|Species Clause: Limit one of each Pok\u00e9mon\n|rule|Item Clause: Limit one of each item\n|clearpoke\n|poke|p1|Vaporeon, L50, F|\n|poke|p1|Garganacl, L50, M|\n|poke|p1|Flutter Mane, L50|\n|poke|p1|Iron Bundle, L50|\n|poke|p1|Iron Hands, L50|\n|poke|p1|Great Tusk, L50|\n|poke|p2|Corviknight, L50, M|\n|poke|p2|Garganacl, L50, F|\n|poke|p2|Ting-Lu, L50|\n|poke|p2|Wo-Chien, L50|\n|poke|p2|Arcanine, L50, F|\n|poke|p2|Murkrow, L50, M|\n|teampreview|4\nIgpvala has agreed to open team sheets.\n|inactive|Battle timer is ON: inactive players will automatically lose when time's up. (requested by xzymandias)\n|\n|t:|1683943903\n|start\n|switch|p1a: Flutter Mane|Flutter Mane, L50, shiny|100\/100\n|switch|p1b: Vaporeon|Vaporeon, L50, F, shiny|100\/100\n|switch|p2a: Corviknight|Corviknight, L50, M, shiny|100\/100\n|switch|p2b: Wo-Chien|Wo-Chien, L50|100\/100\n|-ability|p2b: Wo-Chien|Tablets of Ruin\n|turn|1\n|inactive|xzymandias has 30 seconds left.\n|\n|t:|1683943934\n|move|p2b: Wo-Chien|Protect|p2b: Wo-Chien\n|-singleturn|p2b: Wo-Chien|Protect\n|move|p1a: Flutter Mane|Thunderbolt|p2a: Corviknight\n|-supereffective|p2a: Corviknight\n|-damage|p2a: Corviknight|16\/100\n|move|p1b: Vaporeon|Muddy Water|p2a: Corviknight|[spread] p2a\n|-activate|p2b: Wo-Chien|move: Protect\n|-damage|p2a: Corviknight|0 fnt\n|faint|p2a: Corviknight\n|\n|upkeep\n|\n|t:|1683943943\n|switch|p2a: Ting-Lu|Ting-Lu, L50|100\/100\n|-ability|p2a: Ting-Lu|Vessel of Ruin\n|turn|2\n|\n|t:|1683943958\n|-end|p1a: Flutter Mane|Protosynthesis|[silent]\n|switch|p1a: Great Tusk|Great Tusk, L50, shiny|100\/100\n|switch|p2b: Arcanine|Arcanine, L50, F|100\/100\n|-ability|p2b: Arcanine|Intimidate|boost\n|-fail|p1a: Great Tusk|unboost|[from] item: Clear Amulet|[of] p1a: Great Tusk\n|-unboost|p1b: Vaporeon|atk|1\n|-terastallize|p2a: Ting-Lu|Poison\n|move|p1b: Vaporeon|Yawn|p2b: Arcanine\n|-start|p2b: Arcanine|move: Yawn|[of] p1b: Vaporeon\n|move|p2a: Ting-Lu|Heavy Slam|p1a: Great Tusk\n|-damage|p1a: Great Tusk|89\/100\n|\n|upkeep\n|turn|3\n|inactive|Igpvala has 30 seconds left.\n|\n|t:|1683943986\n|switch|p2b: Wo-Chien|Wo-Chien, L50|100\/100\n|-ability|p2b: Wo-Chien|Tablets of Ruin\n|move|p1a: Great Tusk|Headlong Rush|p2a: Ting-Lu\n|-supereffective|p2a: Ting-Lu\n|-damage|p2a: Ting-Lu|42\/100\n|-unboost|p1a: Great Tusk|def|1\n|-unboost|p1a: Great Tusk|spd|1\n|move|p1b: Vaporeon|Yawn|p2b: Wo-Chien\n|-start|p2b: Wo-Chien|move: Yawn|[of] p1b: Vaporeon\n|move|p2a: Ting-Lu|Ruination|p1b: Vaporeon\n|-damage|p1b: Vaporeon|50\/100\n|\n|-heal|p1b: Vaporeon|57\/100|[from] item: Leftovers\n|upkeep\n|turn|4\n|\n|t:|1683944011\n|switch|p2a: Arcanine|Arcanine, L50, F|100\/100\n|-ability|p2a: Arcanine|Intimidate|boost\n|-fail|p1a: Great Tusk|unboost|[from] item: Clear Amulet|[of] p1a: Great Tusk\n|-unboost|p1b: Vaporeon|atk|1\n|move|p1a: Great Tusk|Close Combat|p2b: Wo-Chien\n|-supereffective|p2b: Wo-Chien\n|-damage|p2b: Wo-Chien|23\/100\n|-unboost|p1a: Great Tusk|def|1\n|-unboost|p1a: Great Tusk|spd|1\n|move|p1b: Vaporeon|Muddy Water|p2a: Arcanine|[spread] p2b\n|-miss|p1b: Vaporeon|p2a: Arcanine\n|-resisted|p2b: Wo-Chien\n|-damage|p2b: Wo-Chien|14\/100\n|move|p2b: Wo-Chien|Giga Drain|p1a: Great Tusk\n|-supereffective|p1a: Great Tusk\n|-damage|p1a: Great Tusk|0 fnt\n|-heal|p2b: Wo-Chien|63\/100|[from] drain|[of] p1a: Great Tusk\n|faint|p1a: Great Tusk\n|-end|p1a: Great Tusk|Protosynthesis|[silent]\n|\n|-heal|p1b: Vaporeon|63\/100|[from] item: Leftovers\n|-heal|p2b: Wo-Chien|69\/100|[from] item: Leftovers\n|-end|p2b: Wo-Chien|move: Yawn|[silent]\n|-status|p2b: Wo-Chien|slp\n|upkeep\n|\n|t:|1683944035\n|switch|p1a: Flutter Mane|Flutter Mane, L50, shiny|100\/100\n|turn|5\n|\n|t:|1683944042\n|switch|p2b: Ting-Lu|Ting-Lu, L50, tera:Poison|42\/100\n|-ability|p2b: Ting-Lu|Vessel of Ruin\n|move|p1a: Flutter Mane|Dazzling Gleam|p2a: Arcanine|[spread] p2a,p2b\n|-resisted|p2a: Arcanine\n|-resisted|p2b: Ting-Lu\n|-damage|p2a: Arcanine|84\/100\n|-damage|p2b: Ting-Lu|34\/100\n|move|p2a: Arcanine|Snarl|p1b: Vaporeon|[spread] p1a,p1b\n|-damage|p1a: Flutter Mane|94\/100\n|-damage|p1b: Vaporeon|58\/100\n|-unboost|p1a: Flutter Mane|spa|1\n|-unboost|p1b: Vaporeon|spa|1\n|move|p1b: Vaporeon|Muddy Water|p2a: Arcanine|[spread] p2a,p2b\n|-supereffective|p2a: Arcanine\n|-damage|p2a: Arcanine|60\/100\n|-damage|p2b: Ting-Lu|29\/100\n|-unboost|p2b: Ting-Lu|accuracy|1\n|\n|-heal|p1b: Vaporeon|64\/100|[from] item: Leftovers\n|upkeep\n|turn|6\n|\n|t:|1683944064\n|-end|p1a: Flutter Mane|Protosynthesis|[silent]\n|switch|p1a: Garganacl|Garganacl, L50, M, shiny|100\/100\n|move|p2a: Arcanine|Snarl|p1b: Vaporeon|[spread] p1a,p1b\n|-damage|p1a: Garganacl|97\/100\n|-damage|p1b: Vaporeon|59\/100\n|-unboost|p1b: Vaporeon|spa|1\n|move|p1b: Vaporeon|Muddy Water|p2b: Ting-Lu|[spread] p2a,p2b\n|-supereffective|p2a: Arcanine\n|-damage|p2a: Arcanine|40\/100\n|-damage|p2b: Ting-Lu|25\/100\n|-unboost|p2b: Ting-Lu|accuracy|1\n|move|p2b: Ting-Lu|Heavy Slam|p1a: Garganacl|[miss]\n|-miss|p2b: Ting-Lu|p1a: Garganacl\n|\n|-heal|p1b: Vaporeon|66\/100|[from] item: Leftovers\n|upkeep\n|turn|7\n|\n|t:|1683944087\n|switch|p2b: Wo-Chien|Wo-Chien, L50|69\/100 slp\n|-ability|p2b: Wo-Chien|Tablets of Ruin\n|move|p2a: Arcanine|Extreme Speed|p1b: Vaporeon\n|-damage|p1b: Vaporeon|53\/100\n|move|p1b: Vaporeon|Muddy Water|p2a: Arcanine|[spread] p2a,p2b\n|-supereffective|p2a: Arcanine\n|-resisted|p2b: Wo-Chien\n|-damage|p2a: Arcanine|17\/100\n|-damage|p2b: Wo-Chien|63\/100 slp\n|-unboost|p2a: Arcanine|accuracy|1\n|-unboost|p2b: Wo-Chien|accuracy|1\n|move|p1a: Garganacl|Stealth Rock|p2b: Wo-Chien\n|-sidestart|p2: xzymandias|move: Stealth Rock\n|\n|-heal|p1b: Vaporeon|59\/100|[from] item: Leftovers\n|-heal|p2b: Wo-Chien|69\/100 slp|[from] item: Leftovers\n|upkeep\n|turn|8\n|\n|t:|1683944108\n|switch|p2a: Ting-Lu|Ting-Lu, L50, tera:Poison|25\/100\n|-damage|p2a: Ting-Lu|13\/100|[from] Stealth Rock\n|-ability|p2a: Ting-Lu|Vessel of Ruin\n|move|p1b: Vaporeon|Muddy Water|p2a: Ting-Lu|[spread] p2a,p2b\n|-resisted|p2b: Wo-Chien\n|-damage|p2a: Ting-Lu|9\/100\n|-damage|p2b: Wo-Chien|66\/100 slp\n|cant|p2b: Wo-Chien|slp\n|move|p1a: Garganacl|Salt Cure|p2b: Wo-Chien\n|-damage|p2b: Wo-Chien|57\/100 slp\n|-start|p2b: Wo-Chien|Salt Cure\n|\n|-heal|p1b: Vaporeon|65\/100|[from] item: Leftovers\n|-heal|p2b: Wo-Chien|63\/100 slp|[from] item: Leftovers\n|-damage|p2b: Wo-Chien|50\/100 slp|[from] Salt Cure\n|upkeep\n|turn|9\n|\n|t:|1683944130\n|move|p1b: Vaporeon|Muddy Water|p2b: Wo-Chien|[spread] p2a,p2b\n|-resisted|p2b: Wo-Chien\n|-damage|p2a: Ting-Lu|6\/100\n|-damage|p2b: Wo-Chien|47\/100 slp\n|-curestatus|p2b: Wo-Chien|slp|[msg]\n|move|p2b: Wo-Chien|Giga Drain|p1b: Vaporeon|[miss]\n|-miss|p2b: Wo-Chien|p1b: Vaporeon\n|move|p1a: Garganacl|Salt Cure|p2a: Ting-Lu\n|-damage|p2a: Ting-Lu|0 fnt\n|faint|p2a: Ting-Lu\n|\n|-heal|p1b: Vaporeon|71\/100|[from] item: Leftovers\n|-heal|p2b: Wo-Chien|53\/100|[from] item: Leftovers\n|-damage|p2b: Wo-Chien|41\/100|[from] Salt Cure\n|upkeep\n|\n|t:|1683944138\n|switch|p2a: Arcanine|Arcanine, L50, F|17\/100\n|-damage|p2a: Arcanine|0 fnt|[from] Stealth Rock\n|faint|p2a: Arcanine\n|turn|10\n|inactive|Igpvala has 30 seconds left.\n|\n|t:|1683944165\n|switch|p1b: Flutter Mane|Flutter Mane, L50, shiny|94\/100\n|move|p2b: Wo-Chien|Giga Drain|p1a: Garganacl\n|-supereffective|p1a: Garganacl\n|-damage|p1a: Garganacl|56\/100\n|-heal|p2b: Wo-Chien|65\/100|[from] drain|[of] p1a: Garganacl\n|move|p1a: Garganacl|Salt Cure|p2b: Wo-Chien\n|-damage|p2b: Wo-Chien|56\/100\n|\n|-heal|p2b: Wo-Chien|62\/100|[from] item: Leftovers\n|-damage|p2b: Wo-Chien|50\/100|[from] Salt Cure\n|upkeep\n|turn|11\n|\n|t:|1683944181\n|-terastallize|p1b: Flutter Mane|Fairy\n|move|p1b: Flutter Mane|Moonblast|p2b: Wo-Chien\n|-supereffective|p2b: Wo-Chien\n|-damage|p2b: Wo-Chien|0 fnt\n|faint|p2b: Wo-Chien\n|\n|win|Igpvala\n|raw|Igpvala's rating: 1304 → 1326<\/strong> (+22 for winning)\n|raw|xzymandias's rating: 1339 → 1317<\/strong> (-22 for losing)\n|l|\u2606xzymandias\n","uploadtime":1683944189,"views":14,"p1id":"igpvala","p2id":"xzymandias","formatid":"gen9vgc2023regulationc","rating":1317,"private":0,"password":""}