{"id":"gen9vgc2023regulationc-1855044963","p1":"IceGymDuoOus","p2":"Kingrell01","format":"[Gen 9] VGC 2023 Regulation C","log":"|j|\u2606IceGymDuoOus\n|j|\u2606Kingrell01\n|t:|1682894629\n|gametype|doubles\n|player|p1|IceGymDuoOus|265|1029\n|player|p2|Kingrell01|dragontamer|1000\n|teamsize|p1|4\n|teamsize|p2|6\n|gen|9\n|tier|[Gen 9] VGC 2023 Regulation C\n|rated|\n|rule|Species Clause: Limit one of each Pok\u00e9mon\n|rule|Item Clause: Limit one of each item\n|clearpoke\n|poke|p1|Drednaw, L50, F|\n|poke|p1|Garganacl, L50, F|\n|poke|p1|Glimmora, L50, M|\n|poke|p1|Tyranitar, L50, F|\n|poke|p2|Amoonguss, L50, M|\n|poke|p2|Tyranitar, L50, M|\n|poke|p2|Houndstone, L50, M|\n|poke|p2|Murkrow, L50, F|\n|poke|p2|Flutter Mane, L50|\n|poke|p2|Scizor, L50, F|\n|teampreview|4\n|\n|t:|1682894665\n|start\n|switch|p1a: Drednaw|Drednaw, L50, F|100\/100\n|switch|p1b: Glimmora|Glimmora, L50, M|100\/100\n|switch|p2a: Tyranitar|Tyranitar, L50, M, shiny|100\/100\n|switch|p2b: Houndstone|Houndstone, L50, M, shiny|100\/100\n|-weather|Sandstorm|[from] ability: Sand Stream|[of] p2a: Tyranitar\n|turn|1\n|inactive|Battle timer is ON: inactive players will automatically lose when time's up. (requested by IceGymDuoOus)\n|\n|t:|1682894698\n|move|p2b: Houndstone|Body Press|p1a: Drednaw\n|-supereffective|p1a: Drednaw\n|-damage|p1a: Drednaw|69\/100\n|move|p1b: Glimmora|Mortal Spin|p2a: Tyranitar|[spread] p2a,p2b\n|-resisted|p2a: Tyranitar\n|-resisted|p2b: Houndstone\n|-damage|p2a: Tyranitar|99\/100\n|-damage|p2b: Houndstone|98\/100\n|-status|p2a: Tyranitar|psn\n|-status|p2b: Houndstone|psn\n|move|p2a: Tyranitar|Rock Slide|p1b: Glimmora|[spread] p1a,p1b\n|-damage|p1a: Drednaw|41\/100\n|-damage|p1b: Glimmora|72\/100\n|-activate|p1b: Glimmora|ability: Toxic Debris\n|-sidestart|p2: Kingrell01|move: Toxic Spikes\n|-enditem|p1b: Glimmora|Red Card|[of] p2a: Tyranitar\n|drag|p2a: Amoonguss|Amoonguss, L50, M, shiny|100\/100\n|-sideend|p2: Kingrell01|move: Toxic Spikes|[of] p2a: Amoonguss\n|move|p1a: Drednaw|Jaw Lock|p2b: Houndstone\n|-supereffective|p2b: Houndstone\n|-damage|p2b: Houndstone|48\/100 psn\n|-activate|p1a: Drednaw|trapped\n|\n|-weather|Sandstorm|[upkeep]\n|-damage|p2a: Amoonguss|95\/100|[from] Sandstorm\n|-heal|p1a: Drednaw|47\/100|[from] item: Leftovers\n|-damage|p2b: Houndstone|36\/100 psn|[from] psn\n|upkeep\n|turn|2\n|inactive|IceGymDuoOus has 30 seconds left.\n|inactive|Kingrell01 has 30 seconds left.\n|inactive|Kingrell01 has 20 seconds left.\n|\n|t:|1682894737\n|move|p1a: Drednaw|Protect|p1a: Drednaw\n|-singleturn|p1a: Drednaw|Protect\n|move|p2b: Houndstone|Body Press|p1a: Drednaw\n|-activate|p1a: Drednaw|move: Protect\n|move|p1b: Glimmora|Stealth Rock|p2b: Houndstone\n|-sidestart|p2: Kingrell01|move: Stealth Rock\n|move|p2a: Amoonguss|Spore|p1a: Drednaw\n|-activate|p1a: Drednaw|move: Protect\n|\n|-weather|Sandstorm|[upkeep]\n|-damage|p2a: Amoonguss|89\/100|[from] Sandstorm\n|-heal|p1a: Drednaw|54\/100|[from] item: Leftovers\n|-damage|p2b: Houndstone|23\/100 psn|[from] psn\n|upkeep\n|turn|3\n|inactive|IceGymDuoOus has 30 seconds left.\n|\n|t:|1682894762\n|move|p2b: Houndstone|Body Press|p1a: Drednaw\n|-supereffective|p1a: Drednaw\n|-damage|p1a: Drednaw|23\/100\n|move|p1b: Glimmora|Venoshock|p2b: Houndstone\n|-resisted|p2b: Houndstone\n|-damage|p2b: Houndstone|0 fnt\n|faint|p2b: Houndstone\n|move|p1a: Drednaw|Dig||[still]\n|-prepare|p1a: Drednaw|Dig\n|move|p2a: Amoonguss|Spore|p1a: Drednaw|[miss]\n|-miss|p2a: Amoonguss|p1a: Drednaw\n|\n|-weather|Sandstorm|[upkeep]\n|-damage|p2a: Amoonguss|83\/100|[from] Sandstorm\n|-heal|p1a: Drednaw|29\/100|[from] item: Leftovers\n|upkeep\n|\n|t:|1682894780\n|switch|p2b: Tyranitar|Tyranitar, L50, M, shiny|99\/100 psn\n|-damage|p2b: Tyranitar|87\/100 psn|[from] Stealth Rock\n|turn|4\n|\n|t:|1682894793\n|move|p1b: Glimmora|Spiky Shield|p1b: Glimmora\n|-singleturn|p1b: Glimmora|move: Protect\n|move|p2a: Amoonguss|Rage Powder|p2a: Amoonguss\n|-singleturn|p2a: Amoonguss|move: Rage Powder\n|move|p2b: Tyranitar|Rock Slide|p1a: Drednaw|[spread] \n|-miss|p2b: Tyranitar|p1a: Drednaw\n|-activate|p1b: Glimmora|move: Protect\n|move|p1a: Drednaw|Dig|p2a: Amoonguss|[from]lockedmove\n|-damage|p2a: Amoonguss|61\/100\n|\n|-weather|Sandstorm|[upkeep]\n|-damage|p2a: Amoonguss|55\/100|[from] Sandstorm\n|-heal|p2b: Tyranitar|93\/100 psn|[from] item: Leftovers\n|-heal|p1a: Drednaw|35\/100|[from] item: Leftovers\n|-damage|p2b: Tyranitar|80\/100 psn|[from] psn\n|upkeep\n|turn|5\n|\n|t:|1682894817\n|move|p1a: Drednaw|Protect|p1a: Drednaw\n|-singleturn|p1a: Drednaw|Protect\n|move|p2a: Amoonguss|Rage Powder|p2a: Amoonguss\n|-singleturn|p2a: Amoonguss|move: Rage Powder\n|move|p1b: Glimmora|Venoshock|p2a: Amoonguss\n|-damage|p2a: Amoonguss|30\/100\n|-enditem|p2a: Amoonguss|Sitrus Berry|[eat]\n|-heal|p2a: Amoonguss|55\/100|[from] item: Sitrus Berry\n|move|p2b: Tyranitar|Rock Slide|p1b: Glimmora|[spread] \n|-activate|p1a: Drednaw|move: Protect\n|-miss|p2b: Tyranitar|p1b: Glimmora\n|\n|-weather|none\n|-heal|p2b: Tyranitar|86\/100 psn|[from] item: Leftovers\n|-heal|p1a: Drednaw|41\/100|[from] item: Leftovers\n|-damage|p2b: Tyranitar|74\/100 psn|[from] psn\n|upkeep\n|turn|6\n|inactive|IceGymDuoOus has 30 seconds left.\n|\n|t:|1682894842\n|switch|p2b: Scizor|Scizor, L50, F|100\/100\n|-damage|p2b: Scizor|89\/100|[from] Stealth Rock\n|move|p2a: Amoonguss|Rage Powder|p2a: Amoonguss\n|-singleturn|p2a: Amoonguss|move: Rage Powder\n|move|p1b: Glimmora|Venoshock|p2a: Amoonguss\n|-damage|p2a: Amoonguss|33\/100\n|move|p1a: Drednaw|Dig||[still]\n|-prepare|p1a: Drednaw|Dig\n|\n|-heal|p1a: Drednaw|47\/100|[from] item: Leftovers\n|upkeep\n|turn|7\n|inactive|Kingrell01 has 30 seconds left.\n|\n|t:|1682894870\n|move|p1b: Glimmora|Spiky Shield|p1b: Glimmora\n|-singleturn|p1b: Glimmora|move: Protect\n|move|p2b: Scizor|Bullet Punch|p1b: Glimmora\n|-activate|p1b: Glimmora|move: Protect\n|-damage|p2b: Scizor|77\/100|[from] Spiky Shield|[of] p1b: Glimmora\n|move|p1a: Drednaw|Dig|p2b: Scizor|[from]lockedmove\n|-damage|p2b: Scizor|52\/100\n|move|p2a: Amoonguss|Spore|p1a: Drednaw\n|-status|p1a: Drednaw|slp|[from] move: Spore\n|\n|-heal|p1a: Drednaw|54\/100 slp|[from] item: Leftovers\n|upkeep\n|turn|8\n|inactive|IceGymDuoOus has 30 seconds left.\n|\n|t:|1682894896\n|-terastallize|p1a: Drednaw|Water\n|cant|p1a: Drednaw|slp\n|move|p2b: Scizor|Bullet Punch|p1b: Glimmora\n|-supereffective|p1b: Glimmora\n|-damage|p1b: Glimmora|0 fnt\n|-activate|p1b: Glimmora|ability: Toxic Debris\n|-sidestart|p2: Kingrell01|move: Toxic Spikes\n|faint|p1b: Glimmora\n|-damage|p2b: Scizor|43\/100|[from] item: Life Orb\n|move|p2a: Amoonguss|Pollen Puff|p2b: Scizor\n|-heal|p2b: Scizor|92\/100\n|\n|-heal|p1a: Drednaw|60\/100 slp|[from] item: Leftovers\n|upkeep\n|\n|t:|1682894911\n|switch|p1b: Garganacl|Garganacl, L50, F|100\/100\n|turn|9\n|\n|t:|1682894923\n|switch|p2a: Tyranitar|Tyranitar, L50, M, shiny|74\/100 psn\n|-damage|p2a: Tyranitar|62\/100 psn|[from] Stealth Rock\n|-weather|Sandstorm|[from] ability: Sand Stream|[of] p2a: Tyranitar\n|cant|p1a: Drednaw|slp\n|move|p1b: Garganacl|Protect|p1b: Garganacl\n|-singleturn|p1b: Garganacl|Protect\n|move|p2b: Scizor|Bullet Punch|p1b: Garganacl\n|-activate|p1b: Garganacl|move: Protect\n|\n|-weather|Sandstorm|[upkeep]\n|-damage|p1a: Drednaw|54\/100 slp|[from] Sandstorm\n|-heal|p2a: Tyranitar|68\/100 psn|[from] item: Leftovers\n|-heal|p1a: Drednaw|60\/100 slp|[from] item: Leftovers\n|-damage|p2a: Tyranitar|55\/100 psn|[from] psn\n|upkeep\n|turn|10\n|\n|t:|1682894945\n|move|p2b: Scizor|Bullet Punch|p1b: Garganacl\n|-supereffective|p1b: Garganacl\n|-damage|p1b: Garganacl|41\/100\n|-enditem|p1b: Garganacl|Sitrus Berry|[eat]\n|-heal|p1b: Garganacl|66\/100|[from] item: Sitrus Berry\n|-damage|p2b: Scizor|83\/100|[from] item: Life Orb\n|move|p2a: Tyranitar|Thunder Punch|p1a: Drednaw\n|-supereffective|p1a: Drednaw\n|-damage|p1a: Drednaw|8\/100 slp\n|-curestatus|p1a: Drednaw|slp|[msg]\n|move|p1a: Drednaw|Jaw Lock|p2b: Scizor\n|-damage|p2b: Scizor|62\/100\n|-activate|p1a: Drednaw|trapped\n|-activate|p2b: Scizor|trapped\n|move|p1b: Garganacl|Salt Cure|p2b: Scizor\n|-damage|p2b: Scizor|46\/100\n|-start|p2b: Scizor|Salt Cure\n|\n|-weather|Sandstorm|[upkeep]\n|-damage|p1a: Drednaw|2\/100|[from] Sandstorm\n|-heal|p2a: Tyranitar|61\/100 psn|[from] item: Leftovers\n|-heal|p1a: Drednaw|8\/100|[from] item: Leftovers\n|-damage|p2a: Tyranitar|49\/100 psn|[from] psn\n|-damage|p2b: Scizor|22\/100|[from] Salt Cure\n|upkeep\n|turn|11\n|inactive|Kingrell01 has 30 seconds left.\n|inactive|Kingrell01 has 20 seconds left.\n|inactive|IceGymDuoOus has 30 seconds left.\n|\n|t:|1682894985\n|move|p1a: Drednaw|Protect|p1a: Drednaw\n|-singleturn|p1a: Drednaw|Protect\n|move|p1b: Garganacl|Protect|p1b: Garganacl\n|-singleturn|p1b: Garganacl|Protect\n|move|p2b: Scizor|Bullet Punch|p1a: Drednaw\n|-activate|p1a: Drednaw|move: Protect\n|move|p2a: Tyranitar|Rock Slide|p1b: Garganacl|[spread] \n|-activate|p1a: Drednaw|move: Protect\n|-activate|p1b: Garganacl|move: Protect\n|\n|-weather|Sandstorm|[upkeep]\n|-damage|p1a: Drednaw|2\/100|[from] Sandstorm\n|-heal|p2a: Tyranitar|55\/100 psn|[from] item: Leftovers\n|-heal|p1a: Drednaw|8\/100|[from] item: Leftovers\n|-damage|p2a: Tyranitar|43\/100 psn|[from] psn\n|-damage|p2b: Scizor|0 fnt|[from] Salt Cure\n|faint|p2b: Scizor\n|upkeep\n|\n|t:|1682895009\n|switch|p2b: Amoonguss|Amoonguss, L50, M, shiny|66\/100\n|-damage|p2b: Amoonguss|54\/100|[from] Stealth Rock\n|-sideend|p2: Kingrell01|move: Toxic Spikes|[of] p2b: Amoonguss\n|turn|12\n|\n|t:|1682895023\n|move|p2a: Tyranitar|Thunder Punch|p1a: Drednaw\n|-supereffective|p1a: Drednaw\n|-damage|p1a: Drednaw|0 fnt\n|faint|p1a: Drednaw\n|move|p2b: Amoonguss|Spore|p1b: Garganacl\n|-immune|p1b: Garganacl|[from] ability: Purifying Salt\n|move|p1b: Garganacl|Salt Cure|p2b: Amoonguss\n|-damage|p2b: Amoonguss|40\/100\n|-start|p2b: Amoonguss|Salt Cure\n|\n|-weather|Sandstorm|[upkeep]\n|-damage|p2b: Amoonguss|34\/100|[from] Sandstorm\n|-heal|p2a: Tyranitar|48\/100 psn|[from] item: Leftovers\n|-damage|p2a: Tyranitar|36\/100 psn|[from] psn\n|-damage|p2b: Amoonguss|22\/100|[from] Salt Cure\n|upkeep\n|\n|t:|1682895031\n|switch|p1a: Tyranitar|Tyranitar, L50, F|100\/100\n|turn|13\n|\n|t:|1682895049\n|move|p2a: Tyranitar|Protect|p2a: Tyranitar\n|-singleturn|p2a: Tyranitar|Protect\n|move|p1a: Tyranitar|Protect|p1a: Tyranitar\n|-singleturn|p1a: Tyranitar|Protect\n|move|p2b: Amoonguss|Spore|p1a: Tyranitar\n|-activate|p1a: Tyranitar|move: Protect\n|move|p1b: Garganacl|Salt Cure|p2a: Tyranitar\n|-activate|p2a: Tyranitar|move: Protect\n|\n|-weather|none\n|-heal|p2a: Tyranitar|42\/100 psn|[from] item: Leftovers\n|-damage|p2a: Tyranitar|30\/100 psn|[from] psn\n|-damage|p2b: Amoonguss|10\/100|[from] Salt Cure\n|upkeep\n|turn|14\n|inactive|Kingrell01 has 30 seconds left.\n|inactive|Kingrell01 has 20 seconds left.\n|inactive|Kingrell01 has 15 seconds left.\n|inactive|Kingrell01 has 10 seconds left.\n|inactive|Kingrell01 has 5 seconds left.\n|\n|t:|1682895104\n|move|p2a: Tyranitar|Protect||[still]\n|-fail|p2a: Tyranitar\n|move|p1a: Tyranitar|Iron Head|p2a: Tyranitar\n|-supereffective|p2a: Tyranitar\n|-damage|p2a: Tyranitar|0 fnt\n|faint|p2a: Tyranitar\n|move|p2b: Amoonguss|Spore|p1a: Tyranitar\n|-status|p1a: Tyranitar|slp|[from] move: Spore\n|move|p1b: Garganacl|Salt Cure|p2b: Amoonguss\n|-damage|p2b: Amoonguss|0 fnt\n|faint|p2b: Amoonguss\n|\n|win|IceGymDuoOus\n|raw|IceGymDuoOus's rating: 1029 → 1062<\/strong> (+33 for winning)\n|raw|Kingrell01's rating: 1000 → 1000<\/strong> (+0 for losing)\n","uploadtime":1682895112,"views":14,"p1id":"icegymduoous","p2id":"kingrell01","formatid":"gen9vgc2023regulationc","rating":1000,"private":0,"password":""}