{"id":"gen9vgc2023regulationc-1855456482","p1":"BlackSpearow","p2":"nomis1","format":"[Gen 9] VGC 2023 Regulation C","log":"|j|\u2606BlackSpearow\n|j|\u2606nomis1\n|t:|1682953143\n|gametype|doubles\n|player|p1|BlackSpearow|birdkeeper-gen4dp|\n|player|p2|nomis1|nate|\n|teamsize|p1|6\n|teamsize|p2|6\n|gen|9\n|tier|[Gen 9] VGC 2023 Regulation C\n|rated|Tournament battle\n|rule|Species Clause: Limit one of each Pok\u00e9mon\n|rule|Item Clause: Limit one of each item\n|clearpoke\n|poke|p1|Palafin, L50, M|\n|poke|p1|Iron Hands, L50|\n|poke|p1|Gholdengo, L50|\n|poke|p1|Flutter Mane, L50|\n|poke|p1|Arcanine, L50, M|\n|poke|p1|Wo-Chien, L50|\n|poke|p2|Palafin, L50, M|\n|poke|p2|Arcanine, L50, M|\n|poke|p2|Amoonguss, L50, M|\n|poke|p2|Baxcalibur, L50, F|\n|poke|p2|Flutter Mane, L50|\n|poke|p2|Kingambit, L50, F|\n|teampreview|4\n|raw| Open Team Sheet for BlackSpearow<\/summary>Palafin @ Mystic Water Ability: Zero to Hero Level: 50 Tera Type: Water - Jet Punch - Wave Crash - Protect - Haze Iron Hands @ Assault Vest Ability: Quark Drive Level: 50 Tera Type: Flying - Close Combat - Fake Out - Volt Switch - Wild Charge Gholdengo @ Life Orb Ability: Good as Gold Level: 50 Tera Type: Steel - Make It Rain - Shadow Ball - Protect - Nasty Plot Flutter Mane @ Focus Sash Ability: Protosynthesis Level: 50 Tera Type: Fairy - Dazzling Gleam - Moonblast - Shadow Ball - Protect Arcanine @ Safety Goggles Ability: Intimidate Level: 50 Tera Type: Grass - Flare Blitz - Snarl - Tera Blast - Extreme Speed Wo-Chien @ Leftovers Ability: Tablets of Ruin Level: 50 Tera Type: Poison - Leech Seed - Protect - Giga Drain - Ruination <\/details><\/div> Open Team Sheet for nomis1<\/summary>Palafin @ Mystic Water Ability: Zero to Hero Level: 50 Tera Type: Water - Protect - Wave Crash - Drain Punch - Jet Punch Arcanine @ Safety Goggles Ability: Intimidate Level: 50 Tera Type: Water - Extreme Speed - Flare Blitz - Howl - Will-O-Wisp Amoonguss @ Sitrus Berry Ability: Regenerator Level: 50 Tera Type: Water - Spore - Pollen Puff - Clear Smog - Rage Powder Baxcalibur @ Assault Vest Ability: Thermal Exchange Level: 50 Tera Type: Steel - Iron Head - Icicle Crash - Glaive Rush - Ice Shard Flutter Mane @ Choice Specs Ability: Protosynthesis Level: 50 Tera Type: Fairy - Dazzling Gleam - Shadow Ball - Moonblast - Thunderbolt Kingambit @ Lum Berry Ability: Defiant Level: 50 Tera Type: Flying - Kowtow Cleave - Sucker Punch - Swords Dance - Protect <\/details><\/div>\n|\n|t:|1682953216\n|start\n|switch|p1a: Iron Hands|Iron Hands, L50|100\/100\n|switch|p1b: Palafin|Palafin, L50, M|100\/100\n|switch|p2a: Flutter Mane|Flutter Mane, L50|100\/100\n|switch|p2b: Arcanine|Arcanine, L50, M|100\/100\n|-ability|p2b: Arcanine|Intimidate|boost\n|-unboost|p1a: Iron Hands|atk|1\n|-unboost|p1b: Palafin|atk|1\n|turn|1\n|inactive|Battle timer is ON: inactive players will automatically lose when time's up. (requested by BlackSpearow)\n|\n|t:|1682953232\n|detailschange|p1b: Palafin|Palafin-Hero, L50, M\n|switch|p1b: Arcanine|Arcanine, L50, M|100\/100\n|-ability|p1b: Arcanine|Intimidate|boost\n|-unboost|p2a: Flutter Mane|atk|1\n|-unboost|p2b: Arcanine|atk|1\n|switch|p2b: Amoonguss|Amoonguss, L50, M|100\/100\n|move|p2a: Flutter Mane|Moonblast|p1a: Iron Hands\n|-supereffective|p1a: Iron Hands\n|-damage|p1a: Iron Hands|19\/100\n|move|p1a: Iron Hands|Wild Charge|p2a: Flutter Mane\n|-damage|p2a: Flutter Mane|52\/100\n|-damage|p1a: Iron Hands|13\/100|[from] Recoil\n|\n|upkeep\n|turn|2\n|inactive|nomis1 has 30 seconds left.\n|\n|t:|1682953259\n|-end|p2a: Flutter Mane|Protosynthesis|[silent]\n|switch|p2a: Arcanine|Arcanine, L50, M|100\/100\n|-ability|p2a: Arcanine|Intimidate|boost\n|-unboost|p1a: Iron Hands|atk|1\n|-unboost|p1b: Arcanine|atk|1\n|-terastallize|p2b: Amoonguss|Water\n|move|p1b: Arcanine|Flare Blitz|p2b: Amoonguss\n|-resisted|p2b: Amoonguss\n|-damage|p2b: Amoonguss|86\/100\n|-damage|p1b: Arcanine|95\/100|[from] Recoil\n|move|p1a: Iron Hands|Volt Switch|p2a: Arcanine\n|-damage|p2a: Arcanine|86\/100\n|\n|t:|1682953273\n|-end|p1a: Iron Hands|Quark Drive|[silent]\n|switch|p1a: Palafin|Palafin-Hero, L50, M|100\/100|[from] Volt Switch\n|-activate|p1a: Palafin|ability: Zero to Hero\n|move|p2b: Amoonguss|Clear Smog|p1a: Palafin\n|-damage|p1a: Palafin|87\/100\n|-clearboost|p1a: Palafin\n|\n|upkeep\n|turn|3\n|inactive|BlackSpearow has 30 seconds left.\n|inactive|BlackSpearow has 20 seconds left.\n|inactive|BlackSpearow has 15 seconds left.\n|\n|t:|1682953313\n|switch|p2a: Baxcalibur|Baxcalibur, L50, F|100\/100\n|-terastallize|p1a: Palafin|Water\n|move|p1b: Arcanine|Extreme Speed|p2b: Amoonguss\n|-damage|p2b: Amoonguss|72\/100\n|move|p1a: Palafin|Wave Crash|p2b: Amoonguss\n|-resisted|p2b: Amoonguss\n|-damage|p2b: Amoonguss|15\/100\n|-enditem|p2b: Amoonguss|Sitrus Berry|[eat]\n|-heal|p2b: Amoonguss|40\/100|[from] item: Sitrus Berry\n|-damage|p1a: Palafin|66\/100|[from] Recoil\n|move|p2b: Amoonguss|Spore|p1a: Palafin\n|-status|p1a: Palafin|slp|[from] move: Spore\n|\n|upkeep\n|turn|4\n|inactive|BlackSpearow has 30 seconds left.\n|inactive|nomis1 has 30 seconds left.\n|\n|t:|1682953339\n|switch|p1b: Iron Hands|Iron Hands, L50|13\/100\n|switch|p2b: Arcanine|Arcanine, L50, M|86\/100\n|-ability|p2b: Arcanine|Intimidate|boost\n|-unboost|p1a: Palafin|atk|1\n|-unboost|p1b: Iron Hands|atk|1\n|cant|p1a: Palafin|slp\n|move|p2a: Baxcalibur|Glaive Rush|p1a: Palafin\n|-damage|p1a: Palafin|3\/100 slp\n|-singlemove|p2a: Baxcalibur|Glaive Rush|[silent]\n|\n|upkeep\n|turn|5\n|\n|t:|1682953356\n|move|p1b: Iron Hands|Fake Out|p2b: Arcanine\n|-damage|p2b: Arcanine|74\/100\n|cant|p2b: Arcanine|flinch\n|move|p2a: Baxcalibur|Ice Shard|p1a: Palafin\n|-resisted|p1a: Palafin\n|-damage|p1a: Palafin|0 fnt\n|faint|p1a: Palafin\n|\n|upkeep\n|\n|t:|1682953363\n|switch|p1a: Flutter Mane|Flutter Mane, L50|100\/100\n|turn|6\n|\n|t:|1682953375\n|move|p2b: Arcanine|Extreme Speed|p1b: Iron Hands\n|-damage|p1b: Iron Hands|0 fnt\n|faint|p1b: Iron Hands\n|-end|p1b: Iron Hands|Quark Drive|[silent]\n|move|p1a: Flutter Mane|Moonblast|p2a: Baxcalibur\n|-supereffective|p2a: Baxcalibur\n|-damage|p2a: Baxcalibur|43\/100\n|-unboost|p2a: Baxcalibur|spa|1\n|move|p2a: Baxcalibur|Iron Head|p1a: Flutter Mane\n|-supereffective|p1a: Flutter Mane\n|-enditem|p1a: Flutter Mane|Focus Sash\n|-damage|p1a: Flutter Mane|1\/100\n|\n|upkeep\n|\n|t:|1682953378\n|switch|p1b: Arcanine|Arcanine, L50, M|95\/100\n|-ability|p1b: Arcanine|Intimidate|boost\n|-unboost|p2a: Baxcalibur|atk|1\n|-unboost|p2b: Arcanine|atk|1\n|turn|7\n|c|\u2606BlackSpearow|gg\n|c|\u2606BlackSpearow|wp\n|inactive|nomis1 has 30 seconds left.\n|\n|t:|1682953412\n|move|p1b: Arcanine|Extreme Speed|p2b: Arcanine\n|-damage|p2b: Arcanine|49\/100\n|move|p2a: Baxcalibur|Ice Shard|p1a: Flutter Mane\n|-damage|p1a: Flutter Mane|0 fnt\n|faint|p1a: Flutter Mane\n|-end|p1a: Flutter Mane|Protosynthesis|[silent]\n|move|p2b: Arcanine|Howl|p2b: Arcanine|[spread] p2a,p2b\n|-boost|p2a: Baxcalibur|atk|1\n|-boost|p2b: Arcanine|atk|1\n|\n|upkeep\n|turn|8\n|\n|t:|1682953431\n|move|p1b: Arcanine|Flare Blitz|p2a: Baxcalibur\n|-damage|p2a: Baxcalibur|0 fnt\n|faint|p2a: Baxcalibur\n|-damage|p1b: Arcanine|81\/100|[from] Recoil\n|move|p2b: Arcanine|Howl|p2b: Arcanine\n|-boost|p2b: Arcanine|atk|1\n|\n|upkeep\n|\n|t:|1682953440\n|switch|p2a: Amoonguss|Amoonguss, L50, M, tera:Water|73\/100\n|turn|9\n|\n|t:|1682953451\n|move|p2b: Arcanine|Extreme Speed|p1b: Arcanine\n|-damage|p1b: Arcanine|39\/100\n|move|p1b: Arcanine|Flare Blitz|p2b: Arcanine\n|-resisted|p2b: Arcanine\n|-damage|p2b: Arcanine|24\/100\n|-damage|p1b: Arcanine|31\/100|[from] Recoil\n|move|p2a: Amoonguss|Pollen Puff|p2b: Arcanine\n|-heal|p2b: Arcanine|74\/100\n|\n|upkeep\n|turn|10\n|-message|BlackSpearow forfeited.\n|\n|win|nomis1\n|n|\u2606BlackSpearow|blackspearow\n|n|\u2606nomis1|nomis1\n|l|\u2606BlackSpearow\n|c|\u2606nomis1|gg\n","uploadtime":1682953467,"views":26,"p1id":"blackspearow","p2id":"nomis1","formatid":"gen9vgc2023regulationc","rating":0,"private":0,"password":""}