{"id":"gen9vgc2023regulationc-1853161182","p1":"Edro360","p2":"Ruben1452","format":"[Gen 9] VGC 2023 Regulation C","log":"|j|\u2606Edro360\n|j|\u2606Ruben1452\n|t:|1682642666\n|gametype|doubles\n|player|p1|Edro360|170|1198\n|player|p2|Ruben1452|lucas|1187\n|teamsize|p1|6\n|teamsize|p2|6\n|gen|9\n|tier|[Gen 9] VGC 2023 Regulation C\n|rated|\n|rule|Species Clause: Limit one of each Pok\u00e9mon\n|rule|Item Clause: Limit one of each item\n|clearpoke\n|poke|p1|Chi-Yu, L50|\n|poke|p1|Ceruledge, L50, M|\n|poke|p1|Dachsbun, L50, M|\n|poke|p1|Iron Hands, L50|\n|poke|p1|Maushold-Four, L50|\n|poke|p1|Baxcalibur, L50, F|\n|poke|p2|Arcanine, L50, M|\n|poke|p2|Amoonguss, L50, M|\n|poke|p2|Flutter Mane, L50|\n|poke|p2|Gastrodon-East, L50, M|\n|poke|p2|Iron Hands, L50|\n|poke|p2|Scizor, L50, M|\n|teampreview|4\n|inactive|Battle timer is ON: inactive players will automatically lose when time's up. (requested by Ruben1452)\nRuben1452 has agreed to open team sheets.\n|inactive|Edro360 has 60 seconds left.\n|inactive|Ruben1452 has 60 seconds left.\n|inactive|Ruben1452 has 30 seconds left.\n|\n|t:|1682642732\n|start\n|switch|p1a: Chi-Yu|Chi-Yu, L50|100\/100\n|switch|p1b: Dachsbun|Dachsbun, L50, M|100\/100\n|switch|p2a: Scizor|Scizor, L50, M|100\/100\n|switch|p2b: Gastrodon|Gastrodon-East, L50, M|100\/100\n|-ability|p1a: Chi-Yu|Beads of Ruin\n|turn|1\n|\n|t:|1682642754\n|-terastallize|p1a: Chi-Yu|Bug\n|-terastallize|p2a: Scizor|Water\n|move|p2a: Scizor|Bullet Punch|p1b: Dachsbun\n|-supereffective|p1b: Dachsbun\n|-damage|p1b: Dachsbun|13\/100\n|-enditem|p1b: Dachsbun|Aguav Berry|[eat]\n|-heal|p1b: Dachsbun|46\/100|[from] item: Aguav Berry\n|-damage|p2a: Scizor|91\/100|[from] item: Life Orb\n|move|p1b: Dachsbun|Yawn|p2b: Gastrodon\n|-start|p2b: Gastrodon|move: Yawn|[of] p1b: Dachsbun\n|move|p1a: Chi-Yu|Lava Plume|p2b: Gastrodon|[spread] p2a,p2b\n|-ability|p1b: Dachsbun|Well-Baked Body|boost\n|-boost|p1b: Dachsbun|def|2\n|-resisted|p2a: Scizor\n|-resisted|p2b: Gastrodon\n|-damage|p2a: Scizor|69\/100\n|-damage|p2b: Gastrodon|85\/100\n|-status|p2a: Scizor|brn\n|move|p2b: Gastrodon|Earth Power|p1b: Dachsbun\n|-damage|p1b: Dachsbun|0 fnt\n|faint|p1b: Dachsbun\n|\n|-heal|p2b: Gastrodon|91\/100|[from] item: Leftovers\n|-damage|p2a: Scizor|63\/100 brn|[from] brn\n|upkeep\n|inactive|Edro360 has 30 seconds left.\n|\n|t:|1682642784\n|switch|p1b: Iron Hands|Iron Hands, L50|100\/100\n|turn|2\n|inactive|Ruben1452 has 30 seconds left.\n|\n|t:|1682642810\n|switch|p2a: Iron Hands|Iron Hands, L50|100\/100\n|switch|p2b: Flutter Mane|Flutter Mane, L50|100\/100\n|move|p1b: Iron Hands|Fake Out|p2a: Iron Hands\n|-damage|p2a: Iron Hands|88\/100\n|move|p1a: Chi-Yu|Dark Pulse|p2b: Flutter Mane\n|-damage|p2b: Flutter Mane|48\/100\n|\n|upkeep\n|turn|3\n|inactive|Edro360 has 30 seconds left.\n|inactive|Edro360 has 20 seconds left.\n|inactive|Edro360 has 15 seconds left.\n|inactive|Edro360 has 10 seconds left.\n|\n|t:|1682642859\n|-end|p1b: Iron Hands|Quark Drive|[silent]\n|switch|p1b: Maushold|Maushold-Four, L50|100\/100\n|move|p1a: Chi-Yu|Protect|p1a: Chi-Yu\n|-singleturn|p1a: Chi-Yu|Protect\n|move|p2a: Iron Hands|Fake Out|p1a: Chi-Yu\n|-activate|p1a: Chi-Yu|move: Protect\n|move|p2b: Flutter Mane|Power Gem|p1a: Chi-Yu\n|-activate|p1a: Chi-Yu|move: Protect\n|\n|upkeep\n|turn|4\n|inactive|Edro360 has 30 seconds left.\n|\n|t:|1682642889\n|-end|p2a: Iron Hands|Quark Drive|[silent]\n|switch|p2a: Gastrodon|Gastrodon-East, L50, M|91\/100\n|move|p2b: Flutter Mane|Protect|p2b: Flutter Mane\n|-singleturn|p2b: Flutter Mane|Protect\n|move|p1b: Maushold|Follow Me|p1b: Maushold\n|-singleturn|p1b: Maushold|move: Follow Me\n|move|p1a: Chi-Yu|Lava Plume|p2b: Flutter Mane|[spread] p1b,p2a\n|-activate|p2b: Flutter Mane|move: Protect\n|-resisted|p2a: Gastrodon\n|-damage|p1b: Maushold|62\/100\n|-damage|p2a: Gastrodon|76\/100\n|\n|-heal|p2a: Gastrodon|82\/100|[from] item: Leftovers\n|upkeep\n|turn|5\n|\n|t:|1682642913\n|move|p2b: Flutter Mane|Power Gem|p1a: Chi-Yu\n|-supereffective|p1a: Chi-Yu\n|-damage|p1a: Chi-Yu|70\/100\n|move|p1b: Maushold|Super Fang|p2a: Gastrodon\n|-damage|p2a: Gastrodon|41\/100\n|move|p1a: Chi-Yu|Dark Pulse|p2b: Flutter Mane\n|-damage|p2b: Flutter Mane|0 fnt\n|faint|p2b: Flutter Mane\n|-end|p2b: Flutter Mane|Protosynthesis|[silent]\n|move|p2a: Gastrodon|Earth Power|p1b: Maushold\n|-damage|p1b: Maushold|7\/100\n|-enditem|p1b: Maushold|Iapapa Berry|[eat]\n|-heal|p1b: Maushold|40\/100|[from] item: Iapapa Berry\n|\n|-heal|p2a: Gastrodon|47\/100|[from] item: Leftovers\n|upkeep\n|\n|t:|1682642925\n|switch|p2b: Iron Hands|Iron Hands, L50|88\/100\n|turn|6\n|\n|t:|1682642937\n|switch|p2a: Scizor|Scizor, L50, M, tera:Water|63\/100 brn\n|move|p1b: Maushold|Protect|p1b: Maushold\n|-singleturn|p1b: Maushold|Protect\n|move|p1a: Chi-Yu|Protect|p1a: Chi-Yu\n|-singleturn|p1a: Chi-Yu|Protect\n|move|p2b: Iron Hands|Fake Out|p1a: Chi-Yu\n|-activate|p1a: Chi-Yu|move: Protect\n|\n|-damage|p2a: Scizor|56\/100 brn|[from] brn\n|upkeep\n|turn|7\n|\n|t:|1682642957\n|move|p2a: Scizor|Bullet Punch|p1a: Chi-Yu\n|-damage|p1a: Chi-Yu|47\/100\n|-damage|p2a: Scizor|47\/100 brn|[from] item: Life Orb\n|move|p1b: Maushold|Super Fang|p2a: Scizor\n|-damage|p2a: Scizor|24\/100 brn\n|move|p1a: Chi-Yu|Will-O-Wisp|p2b: Iron Hands\n|-status|p2b: Iron Hands|brn\n|move|p2b: Iron Hands|Drain Punch|p1b: Maushold\n|-supereffective|p1b: Maushold\n|-damage|p1b: Maushold|0 fnt\n|-heal|p2b: Iron Hands|100\/100 brn|[from] drain|[of] p1b: Maushold\n|faint|p1b: Maushold\n|\n|-damage|p2a: Scizor|17\/100 brn|[from] brn\n|-damage|p2b: Iron Hands|94\/100 brn|[from] brn\n|upkeep\n|\n|t:|1682642976\n|switch|p1b: Iron Hands|Iron Hands, L50|100\/100\n|turn|8\n|inactive|Edro360 has 30 seconds left.\n|\n|t:|1682643004\n|switch|p2a: Gastrodon|Gastrodon-East, L50, M|47\/100\n|move|p1b: Iron Hands|Fake Out|p2a: Gastrodon\n|-damage|p2a: Gastrodon|30\/100\n|move|p1a: Chi-Yu|Dark Pulse|p2b: Iron Hands\n|-resisted|p2b: Iron Hands\n|-damage|p2b: Iron Hands|81\/100 brn\n|move|p2b: Iron Hands|Volt Switch|p1a: Chi-Yu\n|-damage|p1a: Chi-Yu|38\/100\n|\n|t:|1682643012\n|-end|p2b: Iron Hands|Quark Drive|[silent]\n|switch|p2b: Scizor|Scizor, L50, M, tera:Water|17\/100 brn|[from] Volt Switch\n|\n|-heal|p2a: Gastrodon|36\/100|[from] item: Leftovers\n|-damage|p2b: Scizor|11\/100 brn|[from] brn\n|upkeep\n|turn|9\n|inactive|Ruben1452 has 30 seconds left.\n|\n|t:|1682643037\n|move|p2b: Scizor|Bullet Punch|p1a: Chi-Yu\n|-damage|p1a: Chi-Yu|5\/100\n|-damage|p2b: Scizor|2\/100 brn|[from] item: Life Orb\n|move|p1a: Chi-Yu|Dark Pulse|p2a: Gastrodon\n|-damage|p2a: Gastrodon|0 fnt\n|faint|p2a: Gastrodon\n|move|p1b: Iron Hands|Drain Punch|p2b: Scizor\n|-damage|p2b: Scizor|0 fnt\n|faint|p2b: Scizor\n|\n|upkeep\n|\n|t:|1682643045\n|switch|p2b: Iron Hands|Iron Hands, L50|81\/100 brn\n|turn|10\n|\n|t:|1682643062\n|move|p1a: Chi-Yu|Protect|p1a: Chi-Yu\n|-singleturn|p1a: Chi-Yu|Protect\n|move|p2b: Iron Hands|Volt Switch|p1a: Chi-Yu\n|-activate|p1a: Chi-Yu|move: Protect\n|move|p1b: Iron Hands|Drain Punch|p2b: Iron Hands\n|-damage|p2b: Iron Hands|45\/100 brn\n|\n|-damage|p2b: Iron Hands|39\/100 brn|[from] brn\n|upkeep\n|turn|11\n|-message|Ruben1452 forfeited.\n|\n|win|Edro360\n|raw|Edro360's rating: 1198 → 1222<\/strong> (+24 for winning)\n|raw|Ruben1452's rating: 1187 → 1163<\/strong> (-24 for losing)\n|l|\u2606Ruben1452\n","uploadtime":1682643076,"views":5,"p1id":"edro360","p2id":"ruben1452","formatid":"gen9vgc2023regulationc","rating":1163,"private":0,"password":""}