{"id":"gen9vgc2023regulationc-1845679782","p1":"Sophie Lumina","p2":"Ryski51","format":"[Gen 9] VGC 2023 Regulation C","log":"|j|\u2606Sophie Lumina\n|j|\u2606Ryski51\n|t:|1681754981\n|gametype|doubles\n|player|p1|Sophie Lumina|iono|1179\n|player|p2|Ryski51|lance|1213\n|teamsize|p1|6\n|teamsize|p2|6\n|gen|9\n|tier|[Gen 9] VGC 2023 Regulation C\n|rated|\n|rule|Species Clause: Limit one of each Pok\u00e9mon\n|rule|Item Clause: Limit one of each item\n|clearpoke\n|poke|p1|Volcarona, L50, F|\n|poke|p1|Bellibolt, L50, F|\n|poke|p1|Glimmora, L50, M|\n|poke|p1|Orthworm, L50, F|\n|poke|p1|Dragonite, L50, F|\n|poke|p1|Great Tusk, L50|\n|poke|p2|Flutter Mane, L50|\n|poke|p2|Arcanine, L50, M|\n|poke|p2|Iron Bundle, L50|\n|poke|p2|Great Tusk, L50|\n|poke|p2|Chi-Yu, L50|\n|poke|p2|Murkrow, L50, F|\n|teampreview|4\n|inactive|Battle timer is ON: inactive players will automatically lose when time's up. (requested by Ryski51)\n|\n|t:|1681755039\n|start\n|switch|p1a: Glimmora|Glimmora, L50, M|100\/100\n|switch|p1b: Volcarona|Volcarona, L50, F|100\/100\n|switch|p2a: Arcanine|Arcanine, L50, M|100\/100\n|switch|p2b: Murkrow|Murkrow, L50, F, shiny|100\/100\n|-ability|p2a: Arcanine|Intimidate|boost\n|-unboost|p1a: Glimmora|atk|1\n|-unboost|p1b: Volcarona|atk|1\n|turn|1\n|inactive|Ryski51 has 30 seconds left.\n|inactive|Ryski51 has 20 seconds left.\n|inactive|Ryski51 has 15 seconds left.\n|\n|t:|1681755079\n|switch|p2a: Iron Bundle|Iron Bundle, L50|100\/100\n|-enditem|p2a: Iron Bundle|Booster Energy\n|-activate|p2a: Iron Bundle|ability: Quark Drive|[fromitem]\n|-start|p2a: Iron Bundle|quarkdrivespe\n|move|p2b: Murkrow|Taunt|p1b: Volcarona\n|-start|p1b: Volcarona|move: Taunt\n|move|p1a: Glimmora|Reflect|p1a: Glimmora\n|-sidestart|p1: Sophie Lumina|Reflect\n|cant|p1b: Volcarona|move: Taunt|Tailwind\n|\n|upkeep\n|turn|2\n|\n|t:|1681755101\n|move|p2b: Murkrow|Tailwind|p2b: Murkrow\n|-sidestart|p2: Ryski51|move: Tailwind\n|move|p2a: Iron Bundle|Hydro Pump|p1a: Glimmora\n|-supereffective|p1a: Glimmora\n|-damage|p1a: Glimmora|0 fnt\n|faint|p1a: Glimmora\n|move|p1b: Volcarona|Struggle Bug|p2b: Murkrow|[spread] p2a,p2b\n|-crit|p2b: Murkrow\n|-damage|p2a: Iron Bundle|68\/100\n|-damage|p2b: Murkrow|66\/100\n|-unboost|p2a: Iron Bundle|spa|1\n|-unboost|p2b: Murkrow|spa|1\n|\n|upkeep\n|\n|t:|1681755113\n|switch|p1a: Bellibolt|Bellibolt, L50, F|100\/100\n|turn|3\n|\n|t:|1681755127\n|move|p2a: Iron Bundle|Protect|p2a: Iron Bundle\n|-singleturn|p2a: Iron Bundle|Protect\n|move|p2b: Murkrow|Sunny Day|p2b: Murkrow\n|-weather|SunnyDay\n|move|p1b: Volcarona|Struggle Bug|p2a: Iron Bundle|[spread] p2b\n|-activate|p2a: Iron Bundle|move: Protect\n|-damage|p2b: Murkrow|46\/100\n|-unboost|p2b: Murkrow|spa|1\n|move|p1a: Bellibolt|Parabolic Charge|p2b: Murkrow|[spread] p1b,p2b\n|-activate|p2a: Iron Bundle|move: Protect\n|-supereffective|p2b: Murkrow\n|-damage|p1b: Volcarona|85\/100\n|-damage|p2b: Murkrow|0 fnt\n|faint|p2b: Murkrow\n|\n|-weather|SunnyDay|[upkeep]\n|-end|p1b: Volcarona|move: Taunt\n|upkeep\n|\n|t:|1681755147\n|switch|p2b: Arcanine|Arcanine, L50, M|100\/100\n|-ability|p2b: Arcanine|Intimidate|boost\n|-unboost|p1a: Bellibolt|atk|1\n|-unboost|p1b: Volcarona|atk|1\n|turn|4\n|\n|t:|1681755166\n|move|p2a: Iron Bundle|Freeze-Dry|p1a: Bellibolt\n|-damage|p1a: Bellibolt|80\/100\n|-start|p1a: Bellibolt|Charge|Freeze-Dry|[from] ability: Electromorphosis\n|move|p2b: Arcanine|Psychic Fangs|p1a: Bellibolt\n|-sideend|p1: Sophie Lumina|Reflect\n|-damage|p1a: Bellibolt|59\/100\n|-start|p1a: Bellibolt|Charge|Psychic Fangs|[from] ability: Electromorphosis\n|move|p1b: Volcarona|Tailwind|p1b: Volcarona\n|-sidestart|p1: Sophie Lumina|move: Tailwind\n|move|p1a: Bellibolt|Parabolic Charge|p2a: Iron Bundle|[spread] p1b,p2a,p2b\n|-supereffective|p2a: Iron Bundle\n|-damage|p1b: Volcarona|50\/100\n|-heal|p1a: Bellibolt|79\/100|[from] drain|[of] p1b: Volcarona\n|-damage|p2a: Iron Bundle|0 fnt\n|-heal|p1a: Bellibolt|100\/100|[from] drain|[of] p2a: Iron Bundle\n|-damage|p2b: Arcanine|60\/100\n|faint|p2a: Iron Bundle\n|-end|p2a: Iron Bundle|Quark Drive|[silent]\n|-end|p1a: Bellibolt|Charge|[silent]\n|\n|-weather|SunnyDay|[upkeep]\n|upkeep\n|\n|t:|1681755184\n|switch|p2a: Chi-Yu|Chi-Yu, L50|100\/100\n|-ability|p2a: Chi-Yu|Beads of Ruin\n|turn|5\n|\n|t:|1681755200\n|move|p2a: Chi-Yu|Heat Wave|p1a: Bellibolt|[spread] p1a,p1b\n|-damage|p1a: Bellibolt|36\/100\n|-damage|p1b: Volcarona|7\/100\n|-start|p1a: Bellibolt|Charge|Heat Wave|[from] ability: Electromorphosis\n|move|p2b: Arcanine|Flare Blitz|p1a: Bellibolt\n|-damage|p1a: Bellibolt|0 fnt\n|faint|p1a: Bellibolt\n|-damage|p2b: Arcanine|45\/100|[from] Recoil\n|move|p1b: Volcarona|Struggle Bug|p2a: Chi-Yu|[spread] p2a,p2b\n|-resisted|p2b: Arcanine\n|-damage|p2a: Chi-Yu|80\/100\n|-damage|p2b: Arcanine|36\/100\n|-unboost|p2a: Chi-Yu|spa|1\n|-unboost|p2b: Arcanine|spa|1\n|\n|-weather|SunnyDay|[upkeep]\n|-sideend|p2: Ryski51|move: Tailwind\n|upkeep\n|\n|t:|1681755217\n|switch|p1a: Great Tusk|Great Tusk, L50|100\/100\n|-activate|p1a: Great Tusk|ability: Protosynthesis\n|-start|p1a: Great Tusk|protosynthesisatk\n|turn|6\n|\n|t:|1681755238\n|-terastallize|p2a: Chi-Yu|Flying\n|move|p2b: Arcanine|Extreme Speed|p1b: Volcarona\n|-damage|p1b: Volcarona|0 fnt\n|faint|p1b: Volcarona\n|move|p1a: Great Tusk|Earthquake|p2a: Chi-Yu|[spread] p2b\n|-immune|p2a: Chi-Yu\n|-supereffective|p2b: Arcanine\n|-damage|p2b: Arcanine|0 fnt\n|faint|p2b: Arcanine\n|move|p2a: Chi-Yu|Substitute|p2a: Chi-Yu\n|-start|p2a: Chi-Yu|Substitute\n|-damage|p2a: Chi-Yu|55\/100\n|\n|-weather|SunnyDay|[upkeep]\n|upkeep\n|turn|7\n|\n|t:|1681755262\n|move|p1a: Great Tusk|Knock Off|p2a: Chi-Yu\n|-end|p2a: Chi-Yu|Substitute\n|move|p2a: Chi-Yu|Heat Wave|p1a: Great Tusk|[miss]\n|-miss|p2a: Chi-Yu|p1a: Great Tusk\n|\n|-weather|none\n|-end|p1a: Great Tusk|Protosynthesis\n|-sideend|p1: Sophie Lumina|move: Tailwind\n|upkeep\n|-enditem|p1a: Great Tusk|Booster Energy\n|-activate|p1a: Great Tusk|ability: Protosynthesis|[fromitem]\n|-start|p1a: Great Tusk|protosynthesisatk\n|turn|8\n|\n|t:|1681755274\n|move|p2a: Chi-Yu|Heat Wave|p1a: Great Tusk\n|-damage|p1a: Great Tusk|50\/100\n|move|p1a: Great Tusk|Knock Off|p2a: Chi-Yu\n|-damage|p2a: Chi-Yu|0 fnt\n|-enditem|p2a: Chi-Yu|Lum Berry|[from] move: Knock Off|[of] p1a: Great Tusk\n|faint|p2a: Chi-Yu\n|\n|win|Sophie Lumina\n|raw|Sophie Lumina's rating: 1179 → 1206<\/strong> (+27 for winning)\n|raw|Ryski51's rating: 1213 → 1186<\/strong> (-27 for losing)\n|c|\u2606Sophie Lumina|gg\n|c|\u2606Ryski51|wat u have on that\n|c|\u2606Sophie Lumina|wp\n|c|\u2606Sophie Lumina|!showteam\n|c| Sophie Lumina|\/raw View team<\/summary>Volcarona @ Heavy-Duty Boots Ability: Flame Body Level: 50 Tera Type: Water EVs: 244 HP / 212 SpD / 52 Spe Calm Nature IVs: 0 Atk - Tailwind - Will-O-Wisp - Struggle Bug - Protect Bellibolt @ Big Root Ability: Electromorphosis Level: 50 Tera Type: Electric EVs: 244 HP / 252 SpA / 12 SpD Modest Nature IVs: 0 Atk - Parabolic Charge - Acid Spray - Muddy Water - Protect Glimmora @ Light Clay Ability: Toxic Debris Level: 50 Tera Type: Grass EVs: 252 HP / 4 Def / 252 Spe Jolly Nature - Reflect - Light Screen - Mortal Spin - Memento Orthworm @ Chesto Berry Ability: Earth Eater Level: 50 Tera Type: Electric EVs: 252 HP / 252 Def / 4 SpD Bold Nature IVs: 0 Atk - Shed Tail - Body Press - Iron Defense - Rest Dragonite @ Assault Vest Ability: Multiscale Level: 50 Tera Type: Normal EVs: 252 HP / 252 Atk / 4 SpD Adamant Nature - Extreme Speed - Ice Spinner - Thunder Punch - Brick Break Great Tusk @ Booster Energy Ability: Protosynthesis Level: 50 Hidden Power: Fighting Tera Type: Steel EVs: 252 HP / 252 Atk / 4 SpD Adamant Nature - Earthquake - Rapid Spin - Knock Off - Protect <\/details><\/div>\n|c|\u2606Ryski51|everyone uses choice bands\n|c|\u2606Ryski51|ah ya thats right\n|c|\u2606Sophie Lumina|tera flying is the exact reason i don't band xd\n|c|\u2606Ryski51|smart\n|c|\u2606Sophie Lumina|also bellibolt is very silly\n|c|\u2606Ryski51|Ya I was very confused\n|c|\u2606Ryski51|I cant believe how much that move heals\n|c|\u2606Sophie Lumina|yea lmao\n|c|\u2606Sophie Lumina|i mean i also have big root\n|c|\u2606Sophie Lumina|so like 65 percent instead of 50\n|c|\u2606Ryski51|to go with hitting 3 pokemon at once\n|c|\u2606Sophie Lumina|but in any case a 50% heal move with decent bp that hits everyone\n|c|\u2606Sophie Lumina|kinda ridiculous\n|c|\u2606Ryski51|haha ya\n|c|\u2606Ryski51|i might try it\n|c|\u2606Sophie Lumina|lmao yw\n|c|\u2606Sophie Lumina|like bulky bellibolt is an unstoppable force AND an immovable object\n|c|\u2606Sophie Lumina|and no one talks about my boi\n|c|\u2606Ryski51|ya i could see that being crazy\n|c|\u2606Sophie Lumina|+ i gave it muddy water for silly acc drops\n|c|\u2606Ryski51|haha y not\n|c|\u2606Sophie Lumina|and you already know what orthworm's strat is\n|c|\u2606Ryski51|haha ya orthworm is also very silly\n|c|\u2606Sophie Lumina|800 def body press after one iron defense\n|c|\u2606Sophie Lumina|+ earthquake\n|c|\u2606Sophie Lumina|(receiving end of earthquake that is)\n|c|\u2606Ryski51|ya it really is crazy\n|c|\u2606Sophie Lumina|close game tho\n|c|\u2606Sophie Lumina|i feel like a lot of \"low tiers\" have so much untapprd potential\n|c|\u2606Sophie Lumina|plus matchup inexperience is always fun to not be on the receiving end of\n|c|\u2606Sophie Lumina|u have discord?\n|c|\u2606Sophie Lumina|i gtg but i wanna keep talking\n|c|\u2606Ryski51|I do but I have no idea what it is\n|c|\u2606Ryski51|I know its Ryski51 but no idea what my numbers are\n|c|\u2606Sophie Lumina|sofy#7085\n|c|\u2606Ryski51|I'll shoot you a message\n|c|\u2606Sophie Lumina|thanks\n|c|\u2606Sophie Lumina|cya!\n","uploadtime":1681755762,"views":9,"p1id":"sophielumina","p2id":"ryski51","formatid":"gen9vgc2023regulationc","rating":1186,"private":0,"password":""}