{"id":"gen9vgc2023regulationc-1864118445","p1":"nickfang7","p2":"kirans","format":"[Gen 9] VGC 2023 Regulation C","log":"|j|\u2606nickfang7\n|j|\u2606kirans\n|t:|1684120064\n|gametype|doubles\n|player|p1|nickfang7|1|1542\n|player|p2|kirans|rood|1646\n|teamsize|p1|6\n|teamsize|p2|6\n|gen|9\n|tier|[Gen 9] VGC 2023 Regulation C\n|rated|\n|rule|Species Clause: Limit one of each Pok\u00e9mon\n|rule|Item Clause: Limit one of each item\n|clearpoke\n|poke|p1|Torkoal, L50, M|\n|poke|p1|Jumpluff, L50, M|\n|poke|p1|Flutter Mane, L50|\n|poke|p1|Kingambit, L50, M|\n|poke|p1|Great Tusk, L50|\n|poke|p1|Chien-Pao, L50|\n|poke|p2|Jumpluff, L50, F|\n|poke|p2|Torkoal, L50, M|\n|poke|p2|Flutter Mane, L50|\n|poke|p2|Great Tusk, L50|\n|poke|p2|Kingambit, L50, M|\n|poke|p2|Chien-Pao, L50|\n|teampreview|4\n|inactive|Battle timer is ON: inactive players will automatically lose when time's up. (requested by nickfang7)\n|j| Conquistatore\n|l| Conquistatore\nnickfang7 has agreed to open team sheets.\n|inactive|nickfang7 has 60 seconds left.\n|inactive|kirans has 60 seconds left.\n|\n|t:|1684120120\n|start\n|switch|p1a: Jumpluff|Jumpluff, L50, M|100\/100\n|switch|p1b: Great Tusk|Great Tusk, L50|100\/100\n|switch|p2a: Kingambit|Kingambit, L50, M|100\/100\n|switch|p2b: Jumpluff|Jumpluff, L50, F|100\/100\n|turn|1\n|inactive|nickfang7 has 30 seconds left.\n|inactive|nickfang7 has 20 seconds left.\n|\n|t:|1684120159\n|-end|p1b: Great Tusk|Protosynthesis|[silent]\n|switch|p1b: Kingambit|Kingambit, L50, M|100\/100\n|switch|p2a: Great Tusk|Great Tusk, L50|100\/100\n|move|p2b: Jumpluff|Sleep Powder|p1b: Kingambit|[miss]\n|-miss|p2b: Jumpluff|p1b: Kingambit\n|move|p1a: Jumpluff|Sleep Powder|p2a: Great Tusk\n|-status|p2a: Great Tusk|slp|[from] move: Sleep Powder\n|\n|upkeep\n|turn|2\n|inactive|nickfang7 has 30 seconds left.\n|\n|t:|1684120187\n|cant|p2a: Great Tusk|slp\n|move|p2b: Jumpluff|Sleep Powder|p1b: Kingambit\n|-status|p1b: Kingambit|slp|[from] move: Sleep Powder\n|move|p1a: Jumpluff|Leaf Storm|p2a: Great Tusk\n|-supereffective|p2a: Great Tusk\n|-damage|p2a: Great Tusk|27\/100 slp\n|-unboost|p1a: Jumpluff|spa|2\n|cant|p1b: Kingambit|slp\n|\n|upkeep\n|turn|3\n|\n|t:|1684120202\n|-curestatus|p1b: Kingambit|slp|[msg]\n|move|p1b: Kingambit|Sucker Punch|p2a: Great Tusk\n|-resisted|p2a: Great Tusk\n|-damage|p2a: Great Tusk|11\/100 slp\n|cant|p2a: Great Tusk|slp\n|move|p2b: Jumpluff|Encore|p1a: Jumpluff\n|-start|p1a: Jumpluff|Encore\n|move|p1a: Jumpluff|Leaf Storm|p2a: Great Tusk\n|-supereffective|p2a: Great Tusk\n|-damage|p2a: Great Tusk|0 fnt\n|-unboost|p1a: Jumpluff|spa|2\n|faint|p2a: Great Tusk\n|-end|p2a: Great Tusk|Protosynthesis|[silent]\n|\n|upkeep\n|\n|t:|1684120213\n|switch|p2a: Kingambit|Kingambit, L50, M|100\/100\n|turn|4\n|\n|t:|1684120225\n|switch|p1a: Great Tusk|Great Tusk, L50|100\/100\n|-terastallize|p2a: Kingambit|Fire\n|move|p2b: Jumpluff|Tailwind|p2b: Jumpluff\n|-sidestart|p2: kirans|move: Tailwind\n|move|p2a: Kingambit|Tera Blast|p1b: Kingambit\n|-supereffective|p1b: Kingambit\n|-damage|p1b: Kingambit|37\/100\n|move|p1b: Kingambit|Iron Head|p2b: Jumpluff\n|-damage|p2b: Jumpluff|36\/100\n|\n|upkeep\n|turn|5\n|\n|t:|1684120241\n|-end|p1a: Great Tusk|Protosynthesis|[silent]\n|switch|p1a: Jumpluff|Jumpluff, L50, M|100\/100\n|move|p1b: Kingambit|Sucker Punch|p2a: Kingambit\n|-damage|p2a: Kingambit|71\/100\n|move|p2b: Jumpluff|Sleep Powder|p1a: Jumpluff\n|-immune|p1a: Jumpluff\n|move|p2a: Kingambit|Tera Blast|p1b: Kingambit\n|-supereffective|p1b: Kingambit\n|-damage|p1b: Kingambit|0 fnt\n|faint|p1b: Kingambit\n|\n|upkeep\n|\n|t:|1684120255\n|switch|p1b: Great Tusk|Great Tusk, L50|100\/100\n|turn|6\n|\n|t:|1684120273\n|-terastallize|p1b: Great Tusk|Fire\n|move|p2b: Jumpluff|Sleep Powder|p1b: Great Tusk|[miss]\n|-miss|p2b: Jumpluff|p1b: Great Tusk\n|move|p1b: Great Tusk|Rock Slide|p2a: Kingambit|[spread] p2b\n|-miss|p1b: Great Tusk|p2a: Kingambit\n|-supereffective|p2b: Jumpluff\n|-damage|p2b: Jumpluff|0 fnt\n|faint|p2b: Jumpluff\n|move|p1a: Jumpluff|Tailwind|p1a: Jumpluff\n|-sidestart|p1: nickfang7|move: Tailwind\n|move|p2a: Kingambit|Tera Blast|p1a: Jumpluff\n|-supereffective|p1a: Jumpluff\n|-damage|p1a: Jumpluff|0 fnt\n|faint|p1a: Jumpluff\n|\n|upkeep\n|-message|kirans forfeited.\n|\n|win|nickfang7\n|raw|nickfang7's rating: 1542 → 1568<\/strong> (+26 for winning)\n|raw|kirans's rating: 1646 → 1620<\/strong> (-26 for losing)\n|l|\u2606kirans\n","uploadtime":1684120291,"views":7,"p1id":"nickfang7","p2id":"kirans","formatid":"gen9vgc2023regulationc","rating":1568,"private":0,"password":""}