{"id":"gen9vgc2023regulationc-1856685837","p1":"bambambi","p2":"milagri","format":"[Gen 9] VGC 2023 Regulation C","log":"|j|\u2606bambambi\n|j|\u2606milagri\n|t:|1683094347\n|gametype|doubles\n|player|p1|bambambi|wallace-gen6|1225\n|player|p2|milagri|2|1160\n|teamsize|p1|6\n|teamsize|p2|6\n|gen|9\n|tier|[Gen 9] VGC 2023 Regulation C\n|rated|\n|rule|Species Clause: Limit one of each Pok\u00e9mon\n|rule|Item Clause: Limit one of each item\n|clearpoke\n|poke|p1|Flutter Mane, L50|\n|poke|p1|Gothitelle, L50, F|\n|poke|p1|Scream Tail, L50|\n|poke|p1|Chi-Yu, L50|\n|poke|p1|Amoonguss, L50, M|\n|poke|p1|Palafin, L50, F|\n|poke|p2|Arcanine, L50, M|\n|poke|p2|Grimmsnarl, L50, M|\n|poke|p2|Vaporeon, L50, F|\n|poke|p2|Wo-Chien, L50|\n|poke|p2|Corviknight, L50, F|\n|poke|p2|Dragalge, L50, F|\n|teampreview|4\n|inactive|Battle timer is ON: inactive players will automatically lose when time's up. (requested by bambambi)\n|inactive|milagri has 60 seconds left.\n|\n|t:|1683094421\n|start\n|switch|p1a: Pearls|Flutter Mane, L50|100\/100\n|switch|p1b: Ironmouse|Gothitelle, L50, F, shiny|100\/100\n|switch|p2a: Grimmsnarl|Grimmsnarl, L50, M|100\/100\n|switch|p2b: Dragalge|Dragalge, L50, F|100\/100\n|turn|1\n|inactive|bambambi has 30 seconds left.\n|inactive|bambambi has 20 seconds left.\n|inactive|bambambi has 15 seconds left.\n|inactive|bambambi has 10 seconds left.\n|inactive|bambambi has 5 seconds left.\n|\n|t:|1683094476\n|-terastallize|p2b: Dragalge|Poison\n|move|p1b: Ironmouse|Fake Out|p2b: Dragalge\n|-damage|p2b: Dragalge|95\/100\n|move|p1a: Pearls|Perish Song|p1a: Pearls\n|-start|p1a: Pearls|perish3|[silent]\n|-start|p1b: Ironmouse|perish3|[silent]\n|-start|p2a: Grimmsnarl|perish3|[silent]\n|-start|p2b: Dragalge|perish3|[silent]\n|-fieldactivate|move: Perish Song\n|move|p2a: Grimmsnarl|Spirit Break|p1b: Ironmouse\n|-damage|p1b: Ironmouse|69\/100\n|-unboost|p1b: Ironmouse|spa|1\n|cant|p2b: Dragalge|flinch\n|\n|-start|p1a: Pearls|perish3\n|-start|p1b: Ironmouse|perish3\n|-start|p2a: Grimmsnarl|perish3\n|-start|p2b: Dragalge|perish3\n|upkeep\n|turn|2\n|\n|t:|1683094498\n|-terastallize|p1b: Ironmouse|Steel\n|move|p1a: Pearls|Protect|p1a: Pearls\n|-singleturn|p1a: Pearls|Protect\n|move|p2a: Grimmsnarl|Parting Shot|p1a: Pearls\n|-activate|p1a: Pearls|move: Protect\n|move|p1b: Ironmouse|Light Screen|p1b: Ironmouse\n|-sidestart|p1: bambambi|move: Light Screen\n|move|p2b: Dragalge|Sludge Bomb|p1a: Pearls\n|-activate|p1a: Pearls|move: Protect\n|\n|-start|p1a: Pearls|perish2\n|-start|p1b: Ironmouse|perish2\n|-start|p2a: Grimmsnarl|perish2\n|-start|p2b: Dragalge|perish2\n|upkeep\n|turn|3\n|\n|t:|1683094519\n|-end|p1a: Pearls|Protosynthesis|[silent]\n|switch|p1a: Chi-Chi|Chi-Yu, L50|100\/100\n|-ability|p1a: Chi-Chi|Beads of Ruin\n|move|p1b: Ironmouse|Protect|p1b: Ironmouse\n|-singleturn|p1b: Ironmouse|Protect\n|move|p2a: Grimmsnarl|Parting Shot|p1b: Ironmouse\n|-activate|p1b: Ironmouse|move: Protect\n|move|p2b: Dragalge|Sludge Bomb|p1a: Chi-Chi\n|-damage|p1a: Chi-Chi|55\/100\n|-status|p1a: Chi-Chi|psn\n|-damage|p2b: Dragalge|85\/100|[from] item: Life Orb\n|\n|-damage|p1a: Chi-Chi|42\/100 psn|[from] psn\n|-start|p1b: Ironmouse|perish1\n|-start|p2a: Grimmsnarl|perish1\n|-start|p2b: Dragalge|perish1\n|upkeep\n|turn|4\n|inactive|milagri has 30 seconds left.\n|\n|t:|1683094546\n|move|p1a: Chi-Chi|Protect|p1a: Chi-Chi\n|-singleturn|p1a: Chi-Chi|Protect\n|move|p1b: Ironmouse|Protect||[still]\n|-fail|p1b: Ironmouse\n|move|p2a: Grimmsnarl|Spirit Break|p1b: Ironmouse\n|-resisted|p1b: Ironmouse\n|-damage|p1b: Ironmouse|54\/100\n|-unboost|p1b: Ironmouse|spa|1\n|move|p2b: Dragalge|Thunderbolt|p1b: Ironmouse\n|-damage|p1b: Ironmouse|32\/100\n|-status|p1b: Ironmouse|par\n|-enditem|p1b: Ironmouse|Sitrus Berry|[eat]\n|-heal|p1b: Ironmouse|57\/100 par|[from] item: Sitrus Berry\n|-damage|p2b: Dragalge|75\/100|[from] item: Life Orb\n|\n|-damage|p1a: Chi-Chi|30\/100 psn|[from] psn\n|-start|p2a: Grimmsnarl|perish0\n|-start|p2b: Dragalge|perish0\n|-start|p1b: Ironmouse|perish0\n|faint|p2a: Grimmsnarl\n|faint|p2b: Dragalge\n|faint|p1b: Ironmouse\n|upkeep\n|\n|t:|1683094561\n|switch|p1b: Pearls|Flutter Mane, L50|100\/100\n|switch|p2a: Arcanine|Arcanine, L50, M|100\/100\n|switch|p2b: Vaporeon|Vaporeon, L50, F|100\/100\n|-ability|p2a: Arcanine|Intimidate|boost\n|-unboost|p1a: Chi-Chi|atk|1\n|-unboost|p1b: Pearls|atk|1\n|turn|5\n|\n|t:|1683094574\n|switch|p1a: ALLMIGHTU|Palafin, L50, F, shiny|100\/100\n|move|p2a: Arcanine|Protect|p2a: Arcanine\n|-singleturn|p2a: Arcanine|Protect\n|move|p2b: Vaporeon|Protect|p2b: Vaporeon\n|-singleturn|p2b: Vaporeon|Protect\n|move|p1b: Pearls|Perish Song|p1b: Pearls\n|-start|p1a: ALLMIGHTU|perish3|[silent]\n|-start|p1b: Pearls|perish3|[silent]\n|-start|p2a: Arcanine|perish3|[silent]\n|-start|p2b: Vaporeon|perish3|[silent]\n|-fieldactivate|move: Perish Song\n|\n|-start|p1b: Pearls|perish3\n|-start|p2a: Arcanine|perish3\n|-start|p1a: ALLMIGHTU|perish3\n|-start|p2b: Vaporeon|perish3\n|upkeep\n|turn|6\n|-message|milagri forfeited.\n|\n|win|bambambi\n|raw|bambambi's rating: 1225 → 1245<\/strong> (+20 for winning)\n|raw|milagri's rating: 1160 → 1140<\/strong> (-20 for losing)\n|l|\u2606milagri\n","uploadtime":1683094591,"views":10,"p1id":"bambambi","p2id":"milagri","formatid":"gen9vgc2023regulationc","rating":1140,"private":0,"password":""}