{"id":"gen9vgc2023regulationc-1858970586","p1":"pokemonmasteernico","p2":"MeteorPlayz_","format":"[Gen 9] VGC 2023 Regulation C","log":"|j|\u2606pokemonmasteernico\n|j|\u2606MeteorPlayz_\n|t:|1683389406\n|gametype|doubles\n|player|p1|pokemonmasteernico|veteran|\n|player|p2|MeteorPlayz_|az|\n|teamsize|p1|6\n|teamsize|p2|6\n|gen|9\n|tier|[Gen 9] VGC 2023 Regulation C\n|rule|Species Clause: Limit one of each Pok\u00e9mon\n|rule|Item Clause: Limit one of each item\n|clearpoke\n|poke|p1|Scream Tail, L50|\n|poke|p1|Dragapult, L50, M|\n|poke|p1|Gholdengo, L50|\n|poke|p1|Talonflame, L50, F|\n|poke|p1|Chien-Pao, L50|\n|poke|p1|Azumarill, L50, M|\n|poke|p2|Pawmot, L50, F|\n|poke|p2|Kilowattrel, L50, M|\n|poke|p2|Gholdengo, L50|\n|poke|p2|Chi-Yu, L50|\n|poke|p2|Iron Bundle, L50|\n|poke|p2|Roaring Moon, L50|\n|teampreview|4\npokemonmasteernico has agreed to open team sheets.\n|c|\u2606MeteorPlayz_|Nice team\nMeteorPlayz_ has agreed to open team sheets.\n|\n|t:|1683389480\n|start\n|switch|p1a: Azumarill|Azumarill, L50, M|100\/100\n|switch|p1b: Dragapult|Dragapult, L50, M, shiny|100\/100\n|switch|p2a: \u30c6\u30c4\u30ce\u30c4\u30c4\u30df|Iron Bundle, L50|100\/100\n|switch|p2b: Zapdon\u2019t|Kilowattrel, L50, M, shiny|100\/100\n|turn|1\n|\n|t:|1683389527\n|switch|p1a: Gholdengo|Gholdengo, L50|100\/100\n|move|p2a: \u30c6\u30c4\u30ce\u30c4\u30c4\u30df|Protect|p2a: \u30c6\u30c4\u30ce\u30c4\u30c4\u30df\n|-singleturn|p2a: \u30c6\u30c4\u30ce\u30c4\u30c4\u30df|Protect\n|move|p1b: Dragapult|Phantom Force||[still]\n|-prepare|p1b: Dragapult|Phantom Force\n|move|p2b: Zapdon\u2019t|Discharge|p1a: Gholdengo|[spread] p1a\n|-miss|p2b: Zapdon\u2019t|p1b: Dragapult\n|-activate|p2a: \u30c6\u30c4\u30ce\u30c4\u30c4\u30df|move: Protect\n|-damage|p1a: Gholdengo|69\/100\n|-status|p1a: Gholdengo|par\n|\n|upkeep\n|turn|2\n|\n|t:|1683389569\n|-end|p2a: \u30c6\u30c4\u30ce\u30c4\u30c4\u30df|Quark Drive|[silent]\n|switch|p2a: Chi-Yu|Chi-Yu, L50|100\/100\n|-ability|p2a: Chi-Yu|Beads of Ruin\n|move|p1b: Dragapult|Phantom Force|p2a: Chi-Yu|[from]lockedmove\n|-resisted|p2a: Chi-Yu\n|-damage|p2a: Chi-Yu|52\/100\n|move|p2b: Zapdon\u2019t|Tailwind|p2b: Zapdon\u2019t\n|-sidestart|p2: MeteorPlayz_|move: Tailwind\n|-start|p2b: Zapdon\u2019t|Charge|Tailwind|[from] ability: Wind Power\n|move|p1a: Gholdengo|Trick|p2a: Chi-Yu\n|-activate|p1a: Gholdengo|move: Trick|[of] p2a: Chi-Yu\n|-item|p2a: Chi-Yu|Choice Specs|[from] move: Trick\n|-item|p1a: Gholdengo|Life Orb|[from] move: Trick\n|\n|upkeep\n|turn|3\n|\n|t:|1683389609\n|move|p2b: Zapdon\u2019t|Volt Switch|p1b: Dragapult\n|-resisted|p1b: Dragapult\n|-damage|p1b: Dragapult|41\/100\n|-end|p2b: Zapdon\u2019t|Charge|[silent]\n|\n|t:|1683389636\n|switch|p2b: \u30c6\u30c4\u30ce\u30c4\u30c4\u30df|Iron Bundle, L50|100\/100|[from] Volt Switch\n|move|p2a: Chi-Yu|Heat Wave|p1b: Dragapult|[spread] p1a,p1b\n|-supereffective|p1a: Gholdengo\n|-resisted|p1b: Dragapult\n|-damage|p1a: Gholdengo|0 fnt\n|-damage|p1b: Dragapult|0 fnt\n|faint|p1a: Gholdengo\n|faint|p1b: Dragapult\n|\n|upkeep\n|\n|t:|1683389646\n|switch|p1b: Azumarill|Azumarill, L50, M|100\/100\n|switch|p1a: Scream Tail|Scream Tail, L50|100\/100\n|-enditem|p1a: Scream Tail|Booster Energy\n|-activate|p1a: Scream Tail|ability: Protosynthesis|[fromitem]\n|-start|p1a: Scream Tail|protosynthesisspe\n|turn|4\n|\n|t:|1683389677\n|-terastallize|p2a: Chi-Yu|Grass\n|-terastallize|p1a: Scream Tail|Water\n|move|p2b: \u30c6\u30c4\u30ce\u30c4\u30c4\u30df|Freeze-Dry|p1b: Azumarill\n|-supereffective|p1b: Azumarill\n|-damage|p1b: Azumarill|39\/100\n|-status|p1b: Azumarill|frz\n|move|p2a: Chi-Yu|Heat Wave|p1a: Scream Tail|[spread] p1b\n|-miss|p2a: Chi-Yu|p1a: Scream Tail\n|-resisted|p1b: Azumarill\n|-damage|p1b: Azumarill|11\/100 frz\n|-curestatus|p1b: Azumarill|frz|[msg]\n|move|p1a: Scream Tail|Play Rough|p2b: \u30c6\u30c4\u30ce\u30c4\u30c4\u30df\n|-damage|p2b: \u30c6\u30c4\u30ce\u30c4\u30c4\u30df|75\/100\n|move|p1b: Azumarill|Ice Spinner|p2a: Chi-Yu\n|-supereffective|p2a: Chi-Yu\n|-damage|p2a: Chi-Yu|0 fnt\n|faint|p2a: Chi-Yu\n|\n|upkeep\n|\n|t:|1683389693\n|switch|p2a: Zapdon\u2019t|Kilowattrel, L50, M, shiny|100\/100\n|turn|5\n|\n|t:|1683389719\n|move|p2b: \u30c6\u30c4\u30ce\u30c4\u30c4\u30df|Protect|p2b: \u30c6\u30c4\u30ce\u30c4\u30c4\u30df\n|-singleturn|p2b: \u30c6\u30c4\u30ce\u30c4\u30c4\u30df|Protect\n|move|p2a: Zapdon\u2019t|Discharge|p1b: Azumarill|[spread] p1a,p1b\n|-activate|p2b: \u30c6\u30c4\u30ce\u30c4\u30c4\u30df|move: Protect\n|-supereffective|p1a: Scream Tail\n|-supereffective|p1b: Azumarill\n|-damage|p1a: Scream Tail|63\/100\n|-damage|p1b: Azumarill|0 fnt\n|-status|p1a: Scream Tail|par\n|faint|p1b: Azumarill\n|move|p1a: Scream Tail|Howl|p1a: Scream Tail\n|-boost|p1a: Scream Tail|atk|1\n|\n|-sideend|p2: MeteorPlayz_|move: Tailwind\n|upkeep\n|turn|6\n|\n|t:|1683389738\n|move|p2b: \u30c6\u30c4\u30ce\u30c4\u30c4\u30df|Freeze-Dry|p1a: Scream Tail\n|-supereffective|p1a: Scream Tail\n|-damage|p1a: Scream Tail|17\/100 par\n|move|p2a: Zapdon\u2019t|Volt Switch|p1a: Scream Tail\n|-supereffective|p1a: Scream Tail\n|-damage|p1a: Scream Tail|0 fnt\n|faint|p1a: Scream Tail\n|-end|p1a: Scream Tail|Protosynthesis|[silent]\n|\n|win|MeteorPlayz_\n|c|\u2606MeteorPlayz_|gg\n|c|\u2606MeteorPlayz_|1-0\n|l|\u2606pokemonmasteernico\n","uploadtime":1683389748,"views":13,"p1id":"pokemonmasteernico","p2id":"meteorplayz","formatid":"gen9vgc2023regulationc","rating":0,"private":0,"password":""}