{"id":"gen9vgc2023regulationc-1854591504","p1":"Alexis_student","p2":"AsaBear","format":"[Gen 9] VGC 2023 Regulation C","log":"|j|\u2606Alexis_student\n|j|\u2606AsaBear\n|t:|1682832117\n|gametype|doubles\n|player|p1|Alexis_student|2|1216\n|player|p2|AsaBear|iono|1292\n|teamsize|p1|6\n|teamsize|p2|6\n|gen|9\n|tier|[Gen 9] VGC 2023 Regulation C\n|rated|\n|rule|Species Clause: Limit one of each Pok\u00e9mon\n|rule|Item Clause: Limit one of each item\n|clearpoke\n|poke|p1|Chi-Yu, L50|\n|poke|p1|Flutter Mane, L50|\n|poke|p1|Palafin, L50, F|\n|poke|p1|Iron Hands, L50|\n|poke|p1|Dragonite, L50, M|\n|poke|p1|Amoonguss, L50, F|\n|poke|p2|Ting-Lu, L50|\n|poke|p2|Amoonguss, L50, F|\n|poke|p2|Garganacl, L50, F|\n|poke|p2|Arcanine, L50, F|\n|poke|p2|Roaring Moon, L50|\n|poke|p2|Iron Bundle, L50|\n|teampreview|4\nAsaBear has agreed to open team sheets.\n|\n|t:|1682832147\n|start\n|switch|p1a: Chi-Yu|Chi-Yu, L50|100\/100\n|switch|p1b: Flutter Mane|Flutter Mane, L50|100\/100\n|switch|p2a: Roaring Moon|Roaring Moon, L50|100\/100\n|switch|p2b: Ting-Lu|Ting-Lu, L50|100\/100\n|-ability|p1a: Chi-Yu|Beads of Ruin\n|-ability|p2b: Ting-Lu|Vessel of Ruin\n|-enditem|p2a: Roaring Moon|Booster Energy\n|-activate|p2a: Roaring Moon|ability: Protosynthesis|[fromitem]\n|-start|p2a: Roaring Moon|protosynthesisatk\n|turn|1\n|\n|t:|1682832169\n|switch|p1a: Dragonite|Dragonite, L50, M|100\/100\n|-terastallize|p2a: Roaring Moon|Flying\n|move|p1b: Flutter Mane|Moonblast|p2a: Roaring Moon\n|-damage|p2a: Roaring Moon|52\/100\n|move|p2a: Roaring Moon|Acrobatics|p1b: Flutter Mane\n|-damage|p1b: Flutter Mane|0 fnt\n|faint|p1b: Flutter Mane\n|-end|p1b: Flutter Mane|Protosynthesis|[silent]\n|move|p2b: Ting-Lu|Stomping Tantrum|p1a: Dragonite\n|-immune|p1a: Dragonite\n|\n|upkeep\n|\n|t:|1682832184\n|switch|p1b: Iron Hands|Iron Hands, L50|100\/100\n|turn|2\n|\n|t:|1682832204\n|move|p2a: Roaring Moon|Protect|p2a: Roaring Moon\n|-singleturn|p2a: Roaring Moon|Protect\n|move|p1b: Iron Hands|Fake Out|p2a: Roaring Moon\n|-activate|p2a: Roaring Moon|move: Protect\n|move|p1a: Dragonite|Tailwind|p1a: Dragonite\n|-sidestart|p1: Alexis_student|move: Tailwind\n|move|p2b: Ting-Lu|Stomping Tantrum|p1b: Iron Hands\n|-supereffective|p1b: Iron Hands\n|-damage|p1b: Iron Hands|17\/100\n|\n|upkeep\n|turn|3\n|\n|t:|1682832227\n|-terastallize|p1a: Dragonite|Flying\n|move|p1a: Dragonite|Tera Blast|p2a: Roaring Moon\n|-damage|p2a: Roaring Moon|0 fnt\n|faint|p2a: Roaring Moon\n|-end|p2a: Roaring Moon|Protosynthesis|[silent]\n|move|p1b: Iron Hands|Drain Punch|p2b: Ting-Lu\n|-supereffective|p2b: Ting-Lu\n|-damage|p2b: Ting-Lu|54\/100\n|-heal|p1b: Iron Hands|42\/100|[from] drain|[of] p2b: Ting-Lu\n|move|p2b: Ting-Lu|Ruination|p1a: Dragonite\n|-damage|p1a: Dragonite|51\/100\n|\n|upkeep\n|\n|t:|1682832235\n|switch|p2a: Arcanine|Arcanine, L50, F|100\/100\n|-ability|p2a: Arcanine|Intimidate|boost\n|-unboost|p1a: Dragonite|atk|1\n|-unboost|p1b: Iron Hands|atk|1\n|turn|4\n|\n|t:|1682832250\n|move|p1a: Dragonite|Tera Blast|p2a: Arcanine\n|-damage|p2a: Arcanine|66\/100\n|move|p1b: Iron Hands|Drain Punch|p2b: Ting-Lu\n|-supereffective|p2b: Ting-Lu\n|-damage|p2b: Ting-Lu|24\/100\n|-heal|p1b: Iron Hands|59\/100|[from] drain|[of] p2b: Ting-Lu\n|move|p2a: Arcanine|Flare Blitz|p1a: Dragonite\n|-damage|p1a: Dragonite|1\/100\n|-damage|p2a: Arcanine|51\/100|[from] Recoil\n|move|p2b: Ting-Lu|Stomping Tantrum|p1b: Iron Hands\n|-supereffective|p1b: Iron Hands\n|-damage|p1b: Iron Hands|13\/100\n|\n|upkeep\n|turn|5\n|\n|t:|1682832275\n|move|p1a: Dragonite|Extreme Speed|p2a: Arcanine\n|-damage|p2a: Arcanine|33\/100\n|move|p2a: Arcanine|Extreme Speed|p1a: Dragonite\n|-damage|p1a: Dragonite|0 fnt\n|faint|p1a: Dragonite\n|move|p1b: Iron Hands|Drain Punch|p2b: Ting-Lu\n|-supereffective|p2b: Ting-Lu\n|-damage|p2b: Ting-Lu|0 fnt\n|-heal|p1b: Iron Hands|26\/100|[from] drain|[of] p2b: Ting-Lu\n|faint|p2b: Ting-Lu\n|\n|-sideend|p1: Alexis_student|move: Tailwind\n|upkeep\n|\n|t:|1682832290\n|switch|p1a: Chi-Yu|Chi-Yu, L50|100\/100\n|switch|p2b: Garganacl|Garganacl, L50, F|100\/100\n|-ability|p1a: Chi-Yu|Beads of Ruin\n|turn|6\n|\n|t:|1682832309\n|move|p2b: Garganacl|Protect|p2b: Garganacl\n|-singleturn|p2b: Garganacl|Protect\n|move|p1a: Chi-Yu|Nasty Plot|p1a: Chi-Yu\n|-boost|p1a: Chi-Yu|spa|2\n|move|p2a: Arcanine|Flare Blitz|p1b: Iron Hands\n|-damage|p1b: Iron Hands|0 fnt\n|faint|p1b: Iron Hands\n|-end|p1b: Iron Hands|Quark Drive|[silent]\n|-damage|p2a: Arcanine|23\/100|[from] Recoil\n|-enditem|p2a: Arcanine|Iapapa Berry|[eat]\n|-heal|p2a: Arcanine|56\/100|[from] item: Iapapa Berry\n|\n|upkeep\n|turn|7\n|\n|t:|1682832328\n|move|p2a: Arcanine|Extreme Speed|p1a: Chi-Yu\n|-damage|p1a: Chi-Yu|68\/100\n|move|p1a: Chi-Yu|Dark Pulse|p2a: Arcanine\n|-damage|p2a: Arcanine|0 fnt\n|faint|p2a: Arcanine\n|move|p2b: Garganacl|Salt Cure|p1a: Chi-Yu\n|-supereffective|p1a: Chi-Yu\n|-damage|p1a: Chi-Yu|29\/100\n|-start|p1a: Chi-Yu|Salt Cure\n|\n|-damage|p1a: Chi-Yu|17\/100|[from] Salt Cure\n|upkeep\n|turn|8\n|\n|t:|1682832341\n|move|p2b: Garganacl|Protect|p2b: Garganacl\n|-singleturn|p2b: Garganacl|Protect\n|move|p1a: Chi-Yu|Nasty Plot|p1a: Chi-Yu\n|-boost|p1a: Chi-Yu|spa|2\n|\n|-damage|p1a: Chi-Yu|5\/100|[from] Salt Cure\n|upkeep\n|turn|9\n|\n|t:|1682832351\n|move|p2b: Garganacl|Protect||[still]\n|-fail|p2b: Garganacl\n|move|p1a: Chi-Yu|Dark Pulse|p2b: Garganacl\n|-damage|p2b: Garganacl|0 fnt\n|faint|p2b: Garganacl\n|\n|win|Alexis_student\n|raw|Alexis_student's rating: 1216 → 1246<\/strong> (+30 for winning)\n|raw|AsaBear's rating: 1292 → 1262<\/strong> (-30 for losing)\n|l|\u2606AsaBear\n","uploadtime":1682832360,"views":15,"p1id":"alexisstudent","p2id":"asabear","formatid":"gen9vgc2023regulationc","rating":1246,"private":0,"password":""}