{"id":"gen9vgc2023regulationc-1856801232","p1":"Even Greener Grass","p2":"Chosentolose","format":"[Gen 9] VGC 2023 Regulation C","log":"|j|\u2606Even Greener Grass\n|j|\u2606Chosentolose\n|t:|1683113416\n|gametype|doubles\n|player|p1|Even Greener Grass|kahili|\n|player|p2|Chosentolose|interviewers|\n|teamsize|p1|6\n|teamsize|p2|6\n|gen|9\n|tier|[Gen 9] VGC 2023 Regulation C\n|rule|Species Clause: Limit one of each Pok\u00e9mon\n|rule|Item Clause: Limit one of each item\n|clearpoke\n|poke|p1|Torkoal, L50, F|\n|poke|p1|Chi-Yu, L50|\n|poke|p1|Slither Wing, L50|\n|poke|p1|Scizor, L50, F|\n|poke|p1|Lilligant, L50, F|\n|poke|p1|Flutter Mane, L50|\n|poke|p2|Annihilape, L50, F|\n|poke|p2|Maushold-Four, L50|\n|poke|p2|Amoonguss, L50, M|\n|poke|p2|Arcanine, L50, F|\n|poke|p2|Sylveon, L50, F|\n|poke|p2|Iron Bundle, L50|\n|teampreview|4\n|inactive|Battle timer is ON: inactive players will automatically lose when time's up. (requested by Even Greener Grass)\nEven Greener Grass rejected open team sheets.\n|inactive|Chosentolose has 60 seconds left.\n|\n|t:|1683113447\n|start\n|switch|p1a: Dawg|Torkoal, L50, F|100\/100\n|switch|p1b: Beverly|Chi-Yu, L50|100\/100\n|switch|p2a: Arcanine|Arcanine, L50, F|100\/100\n|switch|p2b: Iron Bundle|Iron Bundle, L50|100\/100\n|-ability|p1b: Beverly|Beads of Ruin\n|-ability|p2a: Arcanine|Intimidate|boost\n|-unboost|p1a: Dawg|atk|1\n|-unboost|p1b: Beverly|atk|1\n|-weather|SunnyDay|[from] ability: Drought|[of] p1a: Dawg\n|-enditem|p2b: Iron Bundle|Booster Energy\n|-activate|p2b: Iron Bundle|ability: Quark Drive|[fromitem]\n|-start|p2b: Iron Bundle|quarkdrivespe\n|turn|1\n|c|\u2606Even Greener Grass|Good luck, have fun.\n|\n|t:|1683113467\n|move|p2b: Iron Bundle|Protect|p2b: Iron Bundle\n|-singleturn|p2b: Iron Bundle|Protect\n|move|p1b: Beverly|Heat Wave|p2b: Iron Bundle|[spread] \n|-activate|p2b: Iron Bundle|move: Protect\n|-miss|p1b: Beverly|p2a: Arcanine\n|move|p2a: Arcanine|Flare Blitz|p1b: Beverly\n|-resisted|p1b: Beverly\n|-damage|p1b: Beverly|43\/100\n|-damage|p2a: Arcanine|88\/100|[from] Recoil\n|move|p1a: Dawg|Solar Beam||[still]\n|-prepare|p1a: Dawg|Solar Beam\n|-anim|p1a: Dawg|Solar Beam|p2b: Iron Bundle\n|-activate|p2b: Iron Bundle|move: Protect\n|\n|-weather|SunnyDay|[upkeep]\n|upkeep\n|turn|2\n|\n|t:|1683113490\n|-end|p2b: Iron Bundle|Quark Drive|[silent]\n|switch|p2b: Maushold|Maushold-Four, L50|100\/100\n|move|p1b: Beverly|Heat Wave|p2b: Maushold|[spread] p2b\n|-miss|p1b: Beverly|p2a: Arcanine\n|-enditem|p2b: Maushold|Focus Sash\n|-damage|p2b: Maushold|1\/100\n|move|p2a: Arcanine|Flare Blitz|p1b: Beverly\n|-resisted|p1b: Beverly\n|-damage|p1b: Beverly|0 fnt\n|faint|p1b: Beverly\n|-damage|p2a: Arcanine|79\/100|[from] Recoil\n|move|p1a: Dawg|Yawn|p2a: Arcanine\n|-start|p2a: Arcanine|move: Yawn|[of] p1a: Dawg\n|\n|-weather|SunnyDay|[upkeep]\n|upkeep\n|\n|t:|1683113504\n|switch|p1b: DEMI-GOD|Flutter Mane, L50|100\/100\n|-activate|p1b: DEMI-GOD|ability: Protosynthesis\n|-start|p1b: DEMI-GOD|protosynthesisspa\n|turn|3\n|\n|t:|1683113527\n|move|p2b: Maushold|Follow Me|p2b: Maushold\n|-singleturn|p2b: Maushold|move: Follow Me\n|move|p1b: DEMI-GOD|Shadow Ball|p2b: Maushold\n|-immune|p2b: Maushold\n|move|p2a: Arcanine|Flare Blitz|p1b: DEMI-GOD\n|-damage|p1b: DEMI-GOD|0 fnt\n|faint|p1b: DEMI-GOD\n|-end|p1b: DEMI-GOD|Protosynthesis|[silent]\n|-damage|p2a: Arcanine|57\/100|[from] Recoil\n|move|p1a: Dawg|Heat Wave|p2b: Maushold|[spread] p2a,p2b\n|-resisted|p2a: Arcanine\n|-damage|p2a: Arcanine|43\/100\n|-damage|p2b: Maushold|0 fnt\n|faint|p2b: Maushold\n|\n|-weather|SunnyDay|[upkeep]\n|-end|p2a: Arcanine|move: Yawn|[silent]\n|-status|p2a: Arcanine|slp\n|upkeep\n|\n|t:|1683113543\n|switch|p1b: Mommy|Lilligant, L50, F, shiny|100\/100\n|switch|p2b: Annihilape|Annihilape, L50, F|100\/100\n|turn|4\n|\n|t:|1683113552\n|move|p2b: Annihilape|Protect|p2b: Annihilape\n|-singleturn|p2b: Annihilape|Protect\n|move|p1b: Mommy|Quiver Dance|p1b: Mommy\n|-boost|p1b: Mommy|spa|1\n|-boost|p1b: Mommy|spd|1\n|-boost|p1b: Mommy|spe|1\n|cant|p2a: Arcanine|slp\n|move|p1a: Dawg|Yawn|p2b: Annihilape\n|-activate|p2b: Annihilape|move: Protect\n|\n|-weather|SunnyDay|[upkeep]\n|upkeep\n|turn|5\n|\n|t:|1683113569\n|move|p1b: Mommy|Solar Beam||[still]\n|-prepare|p1b: Mommy|Solar Beam\n|-anim|p1b: Mommy|Solar Beam|p2b: Annihilape\n|-damage|p2b: Annihilape|27\/100\n|-curestatus|p2a: Arcanine|slp|[msg]\n|move|p2a: Arcanine|Flare Blitz|p1b: Mommy\n|-supereffective|p1b: Mommy\n|-enditem|p1b: Mommy|Focus Sash\n|-damage|p1b: Mommy|1\/100\n|-damage|p2a: Arcanine|18\/100|[from] Recoil\n|move|p2b: Annihilape|Rage Fist|p1b: Mommy\n|-damage|p1b: Mommy|0 fnt\n|faint|p1b: Mommy\n|move|p1a: Dawg|Yawn|p2b: Annihilape\n|-start|p2b: Annihilape|move: Yawn|[of] p1a: Dawg\n|\n|-weather|SunnyDay|[upkeep]\n|-heal|p2b: Annihilape|33\/100|[from] item: Leftovers\n|upkeep\n|turn|6\n|\n|t:|1683113591\n|move|p2a: Arcanine|Flare Blitz|p1a: Dawg\n|-resisted|p1a: Dawg\n|-damage|p1a: Dawg|70\/100\n|-damage|p2a: Arcanine|10\/100|[from] Recoil\n|move|p2b: Annihilape|Rage Fist|p1a: Dawg\n|-damage|p1a: Dawg|27\/100\n|move|p1a: Dawg|Heat Wave|p2a: Arcanine|[spread] p2a,p2b\n|-resisted|p2a: Arcanine\n|-damage|p2a: Arcanine|0 fnt\n|-damage|p2b: Annihilape|1\/100\n|faint|p2a: Arcanine\n|\n|-weather|SunnyDay|[upkeep]\n|-heal|p2b: Annihilape|7\/100|[from] item: Leftovers\n|-end|p2b: Annihilape|move: Yawn|[silent]\n|-status|p2b: Annihilape|slp\n|upkeep\n|c|\u2606Even Greener Grass|g.g.w.p.\n|\n|t:|1683113598\n|switch|p2a: Iron Bundle|Iron Bundle, L50|100\/100\n|turn|7\n|\n|t:|1683113605\n|-terastallize|p1a: Dawg|Grass\n|move|p2a: Iron Bundle|Protect|p2a: Iron Bundle\n|-singleturn|p2a: Iron Bundle|Protect\n|cant|p2b: Annihilape|slp\n|move|p1a: Dawg|Solar Beam||[still]\n|-prepare|p1a: Dawg|Solar Beam\n|-anim|p1a: Dawg|Solar Beam|p2a: Iron Bundle\n|-activate|p2a: Iron Bundle|move: Protect\n|\n|-weather|SunnyDay|[upkeep]\n|-heal|p2b: Annihilape|13\/100 slp|[from] item: Leftovers\n|upkeep\n|turn|8\n|\n|t:|1683113619\n|move|p2a: Iron Bundle|Freeze-Dry|p1a: Dawg\n|-supereffective|p1a: Dawg\n|-damage|p1a: Dawg|0 fnt\n|faint|p1a: Dawg\n|\n|win|Chosentolose\n|l|\u2606Even Greener Grass\n|c|\u2606Chosentolose|Gg\n|l|\u2606Chosentolose\n|j|\u2606Chosentolose\n|player|p2|Chosentolose|interviewers\n","uploadtime":1683113701,"views":10,"p1id":"evengreenergrass","p2id":"chosentolose","formatid":"gen9vgc2023regulationc","rating":0,"private":0,"password":""}