{"id":"gen9vgc2023regulationc-1852394552","p1":"bbdmr","p2":"that_qtpi","format":"[Gen 9] VGC 2023 Regulation C","log":"|j|\u2606bbdmr\n|j|\u2606that_qtpi\n|t:|1682552228\n|gametype|doubles\n|player|p1|bbdmr|2|1228\n|player|p2|that_qtpi|caitlin|1172\n|teamsize|p1|6\n|teamsize|p2|6\n|gen|9\n|tier|[Gen 9] VGC 2023 Regulation C\n|rated|\n|rule|Species Clause: Limit one of each Pok\u00e9mon\n|rule|Item Clause: Limit one of each item\n|clearpoke\n|poke|p1|Lilligant, L50, F|\n|poke|p1|Torkoal, L50, M|\n|poke|p1|Flutter Mane, L50|\n|poke|p1|Kingambit, L50, M|\n|poke|p1|Dragonite, L50, M|\n|poke|p1|Great Tusk, L50|\n|poke|p2|Chien-Pao, L50|\n|poke|p2|Dragonite, L50, M|\n|poke|p2|Tyranitar, L50, F|\n|poke|p2|Lycanroc, L50, M|\n|poke|p2|Houndstone, L50, M|\n|poke|p2|Gastrodon, L50, M|\n|teampreview|4\nthat_qtpi has agreed to open team sheets.\n|inactive|Battle timer is ON: inactive players will automatically lose when time's up. (requested by that_qtpi)\n|\n|t:|1682552253\n|start\n|switch|p1a: Flutter Mane|Flutter Mane, L50|100\/100\n|switch|p1b: Lilligant|Lilligant, L50, F|100\/100\n|switch|p2a: Lycanroc|Lycanroc, L50, M|100\/100\n|switch|p2b: Dragonite|Dragonite, L50, M|100\/100\n|turn|1\n|inactive|bbdmr has 30 seconds left.\n|inactive|bbdmr has 20 seconds left.\n|\n|t:|1682552292\n|-terastallize|p2b: Dragonite|Flying\n|move|p1a: Flutter Mane|Dazzling Gleam|p2a: Lycanroc|[spread] p2a,p2b\n|-damage|p2a: Lycanroc|22\/100\n|-damage|p2b: Dragonite|52\/100\n|move|p2a: Lycanroc|Bulldoze|p1b: Lilligant|[spread] p1a,p1b\n|-immune|p2b: Dragonite\n|-resisted|p1b: Lilligant\n|-damage|p1a: Flutter Mane|71\/100\n|-damage|p1b: Lilligant|91\/100\n|-unboost|p1a: Flutter Mane|spe|1\n|-unboost|p1b: Lilligant|spe|1\n|move|p2b: Dragonite|Tera Blast|p1b: Lilligant\n|-supereffective|p1b: Lilligant\n|-crit|p1b: Lilligant\n|-damage|p1b: Lilligant|0 fnt\n|faint|p1b: Lilligant\n|\n|upkeep\n|\n|t:|1682552306\n|switch|p1b: Torkoal|Torkoal, L50, M|100\/100\n|-weather|SunnyDay|[from] ability: Drought|[of] p1b: Torkoal\n|-activate|p1a: Flutter Mane|ability: Protosynthesis\n|-start|p1a: Flutter Mane|protosynthesisspa\n|turn|2\n|inactive|bbdmr has 30 seconds left.\n|\n|t:|1682552336\n|switch|p2b: Tyranitar|Tyranitar, L50, F|100\/100\n|-weather|Sandstorm|[from] ability: Sand Stream|[of] p2b: Tyranitar\n|-end|p1a: Flutter Mane|Protosynthesis\n|-end|p1a: Flutter Mane|Protosynthesis|[silent]\n|switch|p1a: Kingambit|Kingambit, L50, M|100\/100\n|move|p1b: Torkoal|Protect|p1b: Torkoal\n|-singleturn|p1b: Torkoal|Protect\n|move|p2a: Lycanroc|Rock Slide|p1a: Kingambit|[spread] p1a\n|-activate|p1b: Torkoal|move: Protect\n|-resisted|p1a: Kingambit\n|-damage|p1a: Kingambit|91\/100\n|\n|-weather|Sandstorm|[upkeep]\n|-damage|p1b: Torkoal|94\/100|[from] Sandstorm\n|upkeep\n|turn|3\n|inactive|bbdmr has 30 seconds left.\n|\n|t:|1682552366\n|switch|p1b: Flutter Mane|Flutter Mane, L50|71\/100\n|move|p1a: Kingambit|Sucker Punch||[still]\n|-fail|p1a: Kingambit\n|move|p2a: Lycanroc|Howl|p2a: Lycanroc|[spread] p2a,p2b\n|-boost|p2a: Lycanroc|atk|1\n|-boost|p2b: Tyranitar|atk|1\n|move|p2b: Tyranitar|Earthquake|p1a: Kingambit|[spread] p2a,p1a,p1b\n|-supereffective|p2a: Lycanroc\n|-supereffective|p1a: Kingambit\n|-damage|p2a: Lycanroc|0 fnt\n|-damage|p1a: Kingambit|30\/100\n|-damage|p1b: Flutter Mane|0 fnt\n|faint|p2a: Lycanroc\n|faint|p1b: Flutter Mane\n|-end|p1b: Flutter Mane|Protosynthesis|[silent]\n|\n|-weather|Sandstorm|[upkeep]\n|upkeep\n|\n|t:|1682552387\n|switch|p1b: Torkoal|Torkoal, L50, M|94\/100\n|switch|p2a: Dragonite|Dragonite, L50, M, tera:Flying|52\/100\n|-weather|SunnyDay|[from] ability: Drought|[of] p1b: Torkoal\n|turn|4\n|c|\u2606bbdmr|gg\n|c|\u2606that_qtpi|gg!\n|inactive|bbdmr has 30 seconds left.\n|inactive|bbdmr has 20 seconds left.\n|inactive|bbdmr has 15 seconds left.\n|\n|t:|1682552431\n|-terastallize|p1a: Kingambit|Fire\n|move|p2a: Dragonite|Extreme Speed|p1b: Torkoal\n|-damage|p1b: Torkoal|70\/100\n|move|p2b: Tyranitar|Earthquake|p1b: Torkoal|[spread] p1a,p1b\n|-immune|p2a: Dragonite\n|-supereffective|p1a: Kingambit\n|-crit|p1a: Kingambit\n|-supereffective|p1b: Torkoal\n|-damage|p1a: Kingambit|0 fnt\n|-damage|p1b: Torkoal|8\/100\n|faint|p1a: Kingambit\n|move|p1b: Torkoal|Eruption|p2b: Tyranitar|[spread] p2a,p2b\n|-resisted|p2b: Tyranitar\n|-damage|p2a: Dragonite|44\/100\n|-damage|p2b: Tyranitar|99\/100\n|\n|-weather|SunnyDay|[upkeep]\n|upkeep\n|turn|5\n|-message|bbdmr forfeited.\n|\n|win|that_qtpi\n|raw|bbdmr's rating: 1228 → 1199<\/strong> (-29 for losing)\n|raw|that_qtpi's rating: 1172 → 1201<\/strong> (+29 for winning)\n|l|\u2606bbdmr\n","uploadtime":1682552517,"views":18,"p1id":"bbdmr","p2id":"thatqtpi","formatid":"gen9vgc2023regulationc","rating":1199,"private":0,"password":""}