{"id":"gen9vgc2023regulationc-1854232276","p1":"Alexis_student","p2":"hit my whip","format":"[Gen 9] VGC 2023 Regulation C","log":"|j|\u2606Alexis_student\n|j|\u2606hit my whip\n|t:|1682786528\n|gametype|doubles\n|player|p1|Alexis_student|cyclistf|1257\n|player|p2|hit my whip|acetrainerf-gen4dp|1299\n|teamsize|p1|6\n|teamsize|p2|6\n|gen|9\n|tier|[Gen 9] VGC 2023 Regulation C\n|rated|\n|rule|Species Clause: Limit one of each Pok\u00e9mon\n|rule|Item Clause: Limit one of each item\n|clearpoke\n|poke|p1|Chi-Yu, L50|\n|poke|p1|Flutter Mane, L50|\n|poke|p1|Iron Bundle, L50|\n|poke|p1|Kingambit, L50, F|\n|poke|p1|Dragonite, L50, F|\n|poke|p1|Amoonguss, L50, F|\n|poke|p2|Iron Bundle, L50|\n|poke|p2|Abomasnow, L50, F|\n|poke|p2|Pincurchin, L50, F|\n|poke|p2|Iron Hands, L50|\n|poke|p2|Iron Moth, L50|\n|poke|p2|Iron Treads, L50|\n|teampreview|4\n|inactive|Battle timer is ON: inactive players will automatically lose when time's up. (requested by hit my whip)\n|inactive|Alexis_student also wants the timer to be on.\n|inactive|Alexis_student has 60 seconds left.\n|inactive|hit my whip has 60 seconds left.\n|inactive|hit my whip has 30 seconds left.\n|inactive|hit my whip has 20 seconds left.\n|inactive|hit my whip has 15 seconds left.\n|\n|t:|1682786607\n|start\n|switch|p1a: Chi-Yu|Chi-Yu, L50|100\/100\n|switch|p1b: Kingambit|Kingambit, L50, F|100\/100\n|switch|p2a: Iron Bundle|Iron Bundle, L50|100\/100\n|switch|p2b: Abomasnow|Abomasnow, L50, F|100\/100\n|-ability|p1a: Chi-Yu|Beads of Ruin\n|-weather|Snow|[from] ability: Snow Warning|[of] p2b: Abomasnow\n|turn|1\n|inactive|Alexis_student has 30 seconds left.\n|\n|t:|1682786635\n|-terastallize|p1a: Chi-Yu|Water\n|move|p2a: Iron Bundle|Hydro Pump|p1a: Chi-Yu|[miss]\n|-miss|p2a: Iron Bundle|p1a: Chi-Yu\n|move|p1a: Chi-Yu|Flamethrower|p2a: Iron Bundle\n|-enditem|p2a: Iron Bundle|Focus Sash\n|-damage|p2a: Iron Bundle|1\/100\n|move|p2b: Abomasnow|Aurora Veil|p2b: Abomasnow\n|-sidestart|p2: hit my whip|move: Aurora Veil\n|move|p1b: Kingambit|Iron Head|p2b: Abomasnow\n|-supereffective|p2b: Abomasnow\n|-damage|p2b: Abomasnow|58\/100\n|\n|-weather|Snow|[upkeep]\n|upkeep\n|turn|2\n|\n|t:|1682786656\n|-end|p2a: Iron Bundle|Quark Drive|[silent]\n|switch|p2a: Iron Hands|Iron Hands, L50|100\/100\n|move|p1b: Kingambit|Sucker Punch||[still]\n|-fail|p1b: Kingambit\n|move|p1a: Chi-Yu|Dark Pulse|p2b: Abomasnow\n|-damage|p2b: Abomasnow|20\/100\n|move|p2b: Abomasnow|Energy Ball|p1a: Chi-Yu\n|-supereffective|p1a: Chi-Yu\n|-damage|p1a: Chi-Yu|33\/100\n|\n|-weather|Snow|[upkeep]\n|upkeep\n|turn|3\n|inactive|Alexis_student has 30 seconds left.\n|\n|t:|1682786683\n|switch|p1b: Amoonguss|Amoonguss, L50, F|100\/100\n|move|p1a: Chi-Yu|Protect|p1a: Chi-Yu\n|-singleturn|p1a: Chi-Yu|Protect\n|move|p2b: Abomasnow|Energy Ball|p1a: Chi-Yu\n|-activate|p1a: Chi-Yu|move: Protect\n|move|p2a: Iron Hands|Drain Punch|p1b: Amoonguss\n|-resisted|p1b: Amoonguss\n|-crit|p1b: Amoonguss\n|-damage|p1b: Amoonguss|72\/100\n|\n|-weather|Snow|[upkeep]\n|upkeep\n|turn|4\n|inactive|Alexis_student has 30 seconds left.\n|\n|t:|1682786708\n|move|p1a: Chi-Yu|Dark Pulse|p2b: Abomasnow\n|-damage|p2b: Abomasnow|0 fnt\n|faint|p2b: Abomasnow\n|move|p2a: Iron Hands|Wild Charge|p1a: Chi-Yu\n|-supereffective|p1a: Chi-Yu\n|-damage|p1a: Chi-Yu|0 fnt\n|faint|p1a: Chi-Yu\n|-damage|p2a: Iron Hands|96\/100|[from] Recoil\n|move|p1b: Amoonguss|Spore|p2a: Iron Hands\n|-status|p2a: Iron Hands|slp|[from] move: Spore\n|\n|-weather|Snow|[upkeep]\n|upkeep\n|\n|t:|1682786721\n|switch|p1a: Flutter Mane|Flutter Mane, L50|100\/100\n|switch|p2b: Iron Moth|Iron Moth, L50|100\/100\n|turn|5\n|\n|t:|1682786745\n|-end|p2a: Iron Hands|Quark Drive|[silent]\n|switch|p2a: Iron Bundle|Iron Bundle, L50|1\/100\n|move|p2b: Iron Moth|Heat Wave|p1b: Amoonguss|[spread] p1a\n|-miss|p2b: Iron Moth|p1b: Amoonguss\n|-damage|p1a: Flutter Mane|63\/100\n|move|p1a: Flutter Mane|Dazzling Gleam|p2a: Iron Bundle|[spread] p2a,p2b\n|-resisted|p2b: Iron Moth\n|-damage|p2a: Iron Bundle|0 fnt\n|-damage|p2b: Iron Moth|91\/100\n|faint|p2a: Iron Bundle\n|-end|p2a: Iron Bundle|Quark Drive|[silent]\n|move|p1b: Amoonguss|Spore|p2b: Iron Moth\n|-status|p2b: Iron Moth|slp|[from] move: Spore\n|\n|-weather|none\n|upkeep\n|\n|t:|1682786766\n|switch|p2a: Iron Hands|Iron Hands, L50|96\/100 slp\n|turn|6\n|\n|t:|1682786776\n|switch|p1b: Kingambit|Kingambit, L50, F|100\/100\n|-terastallize|p2a: Iron Hands|Grass\n|cant|p2b: Iron Moth|slp\n|move|p1a: Flutter Mane|Dazzling Gleam|p2b: Iron Moth|[spread] p2a,p2b\n|-resisted|p2b: Iron Moth\n|-damage|p2a: Iron Hands|76\/100 slp\n|-damage|p2b: Iron Moth|84\/100 slp\n|cant|p2a: Iron Hands|slp\n|\n|upkeep\n|turn|7\n|\n|t:|1682786793\n|cant|p2b: Iron Moth|slp\n|move|p1a: Flutter Mane|Dazzling Gleam|p2b: Iron Moth|[spread] p2a,p2b\n|-resisted|p2b: Iron Moth\n|-damage|p2a: Iron Hands|58\/100 slp\n|-damage|p2b: Iron Moth|75\/100 slp\n|move|p1b: Kingambit|Assurance|p2b: Iron Moth\n|-damage|p2b: Iron Moth|0 fnt\n|faint|p2b: Iron Moth\n|-end|p2b: Iron Moth|Quark Drive|[silent]\n|cant|p2a: Iron Hands|slp\n|\n|upkeep\n|turn|8\n|\n|t:|1682786804\n|move|p1a: Flutter Mane|Dazzling Gleam|p2a: Iron Hands\n|-damage|p2a: Iron Hands|32\/100 slp\n|move|p1b: Kingambit|Assurance|p2a: Iron Hands\n|-damage|p2a: Iron Hands|4\/100 slp\n|-curestatus|p2a: Iron Hands|slp|[msg]\n|move|p2a: Iron Hands|Drain Punch|p1b: Kingambit\n|-supereffective|p1b: Kingambit\n|-damage|p1b: Kingambit|0 fnt\n|-heal|p2a: Iron Hands|44\/100|[from] drain|[of] p1b: Kingambit\n|faint|p1b: Kingambit\n|\n|-sideend|p2: hit my whip|move: Aurora Veil\n|upkeep\n|-message|hit my whip forfeited.\n|\n|win|Alexis_student\n|raw|Alexis_student's rating: 1257 → 1285<\/strong> (+28 for winning)\n|raw|hit my whip's rating: 1299 → 1271<\/strong> (-28 for losing)\n|l|\u2606hit my whip\n","uploadtime":1682786817,"views":15,"p1id":"alexisstudent","p2id":"hitmywhip","formatid":"gen9vgc2023regulationc","rating":1271,"private":0,"password":""}