{"id":"gen9vgc2023regulationc-1857148746","p1":"BBRAFF","p2":"Richweav13","format":"[Gen 9] VGC 2023 Regulation C","log":"|j|\u2606BBRAFF\n|j|\u2606Richweav13\n|t:|1683150942\n|gametype|doubles\n|player|p1|BBRAFF|cyclist|\n|player|p2|Richweav13|266|\n|teamsize|p1|6\n|teamsize|p2|6\n|gen|9\n|tier|[Gen 9] VGC 2023 Regulation C\n|rule|Species Clause: Limit one of each Pok\u00e9mon\n|rule|Item Clause: Limit one of each item\n|clearpoke\n|poke|p1|Maushold, L50|\n|poke|p1|Raichu, L50, M|\n|poke|p1|Skeledirge, L50, F|\n|poke|p1|Iron Valiant, L50|\n|poke|p1|Appletun, L50, F|\n|poke|p1|Gyarados, L50, M|\n|poke|p2|Sandy Shocks, L50|\n|poke|p2|Torkoal, L50, F|\n|poke|p2|Lilligant, L50, F|\n|poke|p2|Oranguru, L50, F|\n|poke|p2|Espathra, L50, F|\n|poke|p2|Haxorus, L50, F|\n|teampreview|4\n|c|\u2606Richweav13|g2\nBBRAFF rejected open team sheets.\n|j| Heaven64\n|j| thejordanvgc\n|j| PurpleStyle\n|\n|t:|1683151382\n|start\n|switch|p1a: Remy + Fam|Maushold, L50|100\/100\n|switch|p1b: Festus|Skeledirge, L50, F|100\/100\n|switch|p2a: Sandy Shocks|Sandy Shocks, L50|100\/100\n|switch|p2b: Espathra|Espathra, L50, F|100\/100\n|-enditem|p2a: Sandy Shocks|Booster Energy\n|-activate|p2a: Sandy Shocks|ability: Protosynthesis|[fromitem]\n|-start|p2a: Sandy Shocks|protosynthesisspe\n|turn|1\n|\n|t:|1683151403\n|move|p1a: Remy + Fam|Follow Me|p1a: Remy + Fam\n|-singleturn|p1a: Remy + Fam|move: Follow Me\n|move|p2a: Sandy Shocks|Earth Power|p1a: Remy + Fam\n|-damage|p1a: Remy + Fam|60\/100\n|move|p2b: Espathra|Dazzling Gleam|p1a: Remy + Fam|[spread] p1a,p1b\n|-resisted|p1b: Festus\n|-damage|p1a: Remy + Fam|42\/100\n|-damage|p1b: Festus|94\/100\n|move|p1b: Festus|Snarl|p2b: Espathra|[spread] p2b\n|-miss|p1b: Festus|p2a: Sandy Shocks\n|-supereffective|p2b: Espathra\n|-damage|p2b: Espathra|55\/100\n|-enditem|p1b: Festus|Throat Spray\n|-boost|p1b: Festus|spa|1|[from] item: Throat Spray\n|\n|-ability|p2b: Espathra|Speed Boost|boost\n|-boost|p2b: Espathra|spe|1\n|upkeep\n|turn|2\n|\n|t:|1683151479\n|move|p1a: Remy + Fam|Follow Me|p1a: Remy + Fam\n|-singleturn|p1a: Remy + Fam|move: Follow Me\n|move|p2a: Sandy Shocks|Earth Power|p1a: Remy + Fam\n|-damage|p1a: Remy + Fam|0 fnt\n|faint|p1a: Remy + Fam\n|move|p2b: Espathra|Lumina Crash|p1b: Festus\n|-damage|p1b: Festus|56\/100\n|-unboost|p1b: Festus|spd|2\n|move|p1b: Festus|Torch Song|p2b: Espathra\n|-damage|p2b: Espathra|0 fnt\n|-boost|p1b: Festus|spa|1\n|faint|p2b: Espathra\n|\n|upkeep\n|\n|t:|1683151493\n|switch|p2b: Haxorus|Haxorus, L50, F|100\/100\n|switch|p1a: Alita|Iron Valiant, L50|100\/100\n|-ability|p2b: Haxorus|Mold Breaker\n|turn|3\n|\n|t:|1683151522\n|move|p2a: Sandy Shocks|Earth Power|p1b: Festus\n|-supereffective|p1b: Festus\n|-damage|p1b: Festus|0 fnt\n|faint|p1b: Festus\n|move|p1a: Alita|Spirit Break|p2b: Haxorus\n|-supereffective|p2b: Haxorus\n|-damage|p2b: Haxorus|0 fnt\n|faint|p2b: Haxorus\n|\n|upkeep\n|\n|t:|1683151530\n|switch|p2b: Torkoal|Torkoal, L50, F|100\/100\n|switch|p1b: Toby|Appletun, L50, F|100\/100\n|-weather|SunnyDay|[from] ability: Drought|[of] p2b: Torkoal\n|turn|4\n|\n|t:|1683151562\n|move|p1a: Alita|Wide Guard|p1a: Alita\n|-singleturn|p1a: Alita|Wide Guard\n|move|p2a: Sandy Shocks|Earth Power|p1a: Alita\n|-damage|p1a: Alita|29\/100\n|-unboost|p1a: Alita|spd|1\n|-enditem|p1a: Alita|Sitrus Berry|[eat]\n|-heal|p1a: Alita|53\/100|[from] item: Sitrus Berry\n|move|p1b: Toby|Apple Acid|p2a: Sandy Shocks\n|-supereffective|p2a: Sandy Shocks\n|-crit|p2a: Sandy Shocks\n|-damage|p2a: Sandy Shocks|0 fnt\n|faint|p2a: Sandy Shocks\n|-end|p2a: Sandy Shocks|Protosynthesis|[silent]\n|move|p2b: Torkoal|Heat Wave|p1b: Toby|[spread] \n|-activate|p1a: Alita|move: Wide Guard\n|-activate|p1b: Toby|move: Wide Guard\n|\n|-weather|SunnyDay|[upkeep]\n|upkeep\n|turn|5\n|\n|t:|1683151591\n|-terastallize|p2b: Torkoal|Fire\n|move|p1a: Alita|Spirit Break|p2b: Torkoal\n|-resisted|p2b: Torkoal\n|-damage|p2b: Torkoal|88\/100\n|-unboost|p2b: Torkoal|spa|1\n|move|p1b: Toby|Dragon Pulse|p2b: Torkoal\n|-damage|p2b: Torkoal|29\/100\n|move|p2b: Torkoal|Earth Power|p1a: Alita\n|-damage|p1a: Alita|9\/100\n|-unboost|p1a: Alita|spd|1\n|\n|-weather|SunnyDay|[upkeep]\n|upkeep\n|turn|6\n|\n|t:|1683151604\n|move|p1a: Alita|Spirit Break|p2b: Torkoal\n|-resisted|p2b: Torkoal\n|-damage|p2b: Torkoal|16\/100\n|-unboost|p2b: Torkoal|spa|1\n|move|p1b: Toby|Dragon Pulse|p2b: Torkoal\n|-damage|p2b: Torkoal|0 fnt\n|faint|p2b: Torkoal\n|\n|win|BBRAFF\n|c|\u2606BBRAFF|gg\n|c|\u2606Richweav13|gg\n|l| PurpleStyle\n|l| thejordanvgc\n","uploadtime":1683151923,"views":29,"p1id":"bbraff","p2id":"richweav13","formatid":"gen9vgc2023regulationc","rating":0,"private":0,"password":""}