{"id":"gen9vgc2023regulationc-1852186822","p1":"Nepheshel","p2":"jeffman323","format":"[Gen 9] VGC 2023 Regulation C","log":"|j|\u2606Nepheshel\n|j|\u2606jeffman323\n|t:|1682531294\n|gametype|doubles\n|player|p1|Nepheshel|101|1684\n|player|p2|jeffman323|steven|1641\n|teamsize|p1|6\n|teamsize|p2|6\n|gen|9\n|tier|[Gen 9] VGC 2023 Regulation C\n|rated|\n|rule|Species Clause: Limit one of each Pok\u00e9mon\n|rule|Item Clause: Limit one of each item\n|clearpoke\n|poke|p1|Maushold-Four, L50|\n|poke|p1|Annihilape, L50, M|\n|poke|p1|Chien-Pao, L50|\n|poke|p1|Dragonite, L50, F|\n|poke|p1|Sandy Shocks, L50|\n|poke|p1|Ting-Lu, L50|\n|poke|p2|Hatterene, L50, F|\n|poke|p2|Azumarill, L50, F|\n|poke|p2|Brute Bonnet, L50|\n|poke|p2|Kingambit, L50, F|\n|poke|p2|Iron Hands, L50|\n|poke|p2|Stantler, L50, F|\n|teampreview|4\njeffman323 has agreed to open team sheets.\n|\n|t:|1682531337\n|start\n|switch|p1a: Maushold|Maushold-Four, L50|100\/100\n|switch|p1b: Annihilape|Annihilape, L50, M|100\/100\n|switch|p2a: Iron Hands|Iron Hands, L50|100\/100\n|switch|p2b: Hatterene|Hatterene, L50, F|100\/100\n|turn|1\n|\n|t:|1682531359\n|-terastallize|p1a: Maushold|Ghost\n|move|p1b: Annihilape|Final Gambit|p2b: Hatterene\n|-enditem|p2b: Hatterene|Focus Sash\n|-damage|p2b: Hatterene|1\/100\n|faint|p1b: Annihilape\n|move|p1a: Maushold|Population Bomb|p2b: Hatterene\n|-damage|p2b: Hatterene|0 fnt\n|faint|p2b: Hatterene\n|-hitcount|p2: Hatterene|1\n|move|p2a: Iron Hands|Thunder Punch|p1a: Maushold\n|-damage|p1a: Maushold|24\/100\n|\n|upkeep\n|\n|t:|1682531373\n|switch|p1b: Sandy Shocks|Sandy Shocks, L50|100\/100\n|switch|p2b: Azumarill|Azumarill, L50, F|100\/100\n|-enditem|p1b: Sandy Shocks|Booster Energy\n|-activate|p1b: Sandy Shocks|ability: Protosynthesis|[fromitem]\n|-start|p1b: Sandy Shocks|protosynthesisspe\n|turn|2\n|\n|t:|1682531411\n|-terastallize|p2b: Azumarill|Water\n|move|p2b: Azumarill|Aqua Jet|p1b: Sandy Shocks\n|-supereffective|p1b: Sandy Shocks\n|-damage|p1b: Sandy Shocks|21\/100\n|move|p1b: Sandy Shocks|Thunderbolt|p2b: Azumarill\n|-supereffective|p2b: Azumarill\n|-damage|p2b: Azumarill|4\/100\n|move|p1a: Maushold|Population Bomb|p2a: Iron Hands\n|-damage|p2a: Iron Hands|92\/100\n|-damage|p2a: Iron Hands|84\/100\n|-damage|p2a: Iron Hands|75\/100\n|-damage|p2a: Iron Hands|66\/100\n|-damage|p2a: Iron Hands|58\/100\n|-damage|p2a: Iron Hands|49\/100\n|-damage|p2a: Iron Hands|40\/100\n|-damage|p2a: Iron Hands|32\/100\n|-hitcount|p2a: Iron Hands|8\n|move|p2a: Iron Hands|Drain Punch|p1b: Sandy Shocks\n|-damage|p1b: Sandy Shocks|0 fnt\n|-heal|p2a: Iron Hands|39\/100|[from] drain|[of] p1b: Sandy Shocks\n|faint|p1b: Sandy Shocks\n|-end|p1b: Sandy Shocks|Protosynthesis|[silent]\n|\n|upkeep\n|\n|t:|1682531431\n|switch|p1b: Chien-Pao|Chien-Pao, L50|100\/100\n|-ability|p1b: Chien-Pao|Sword of Ruin\n|turn|3\n|\n|t:|1682531448\n|move|p2b: Azumarill|Protect|p2b: Azumarill\n|-singleturn|p2b: Azumarill|Protect\n|move|p1b: Chien-Pao|Sucker Punch||[still]\n|-fail|p1b: Chien-Pao\n|move|p1a: Maushold|Population Bomb|p2a: Iron Hands\n|-crit|p2a: Iron Hands\n|-damage|p2a: Iron Hands|23\/100\n|-damage|p2a: Iron Hands|11\/100\n|-damage|p2a: Iron Hands|0 fnt\n|faint|p2a: Iron Hands\n|-end|p2a: Iron Hands|Quark Drive|[silent]\n|-hitcount|p2: Iron Hands|3\n|\n|upkeep\n|\n|t:|1682531454\n|switch|p2a: Kingambit|Kingambit, L50, F|100\/100\n|turn|4\n|\n|t:|1682531467\n|move|p1a: Maushold|Protect|p1a: Maushold\n|-singleturn|p1a: Maushold|Protect\n|move|p2b: Azumarill|Protect|p2b: Azumarill\n|-singleturn|p2b: Azumarill|Protect\n|move|p2a: Kingambit|Sucker Punch||[still]\n|-fail|p2a: Kingambit\n|move|p1b: Chien-Pao|Sacred Sword|p2a: Kingambit\n|-supereffective|p2a: Kingambit\n|-damage|p2a: Kingambit|0 fnt\n|faint|p2a: Kingambit\n|-damage|p1b: Chien-Pao|91\/100|[from] item: Life Orb\n|\n|upkeep\n|turn|5\n|-message|jeffman323 forfeited.\n|\n|win|Nepheshel\n|raw|Nepheshel's rating: 1684 → 1702<\/strong> (+18 for winning)\n|raw|jeffman323's rating: 1641 → 1623<\/strong> (-18 for losing)\n","uploadtime":1682531478,"views":14,"p1id":"nepheshel","p2id":"jeffman323","formatid":"gen9vgc2023regulationc","rating":1623,"private":0,"password":""}