{"id":"gen9vgc2023regulationc-1849455566","p1":"Dash the rapidash","p2":"Blur123","format":"[Gen 9] VGC 2023 Regulation C","log":"|j|\u2606Dash the rapidash\n|j|\u2606Blur123\n|t:|1682200466\n|gametype|doubles\n|player|p1|Dash the rapidash|boarder|1244\n|player|p2|Blur123|169|1295\n|teamsize|p1|6\n|teamsize|p2|6\n|gen|9\n|tier|[Gen 9] VGC 2023 Regulation C\n|rated|\n|rule|Species Clause: Limit one of each Pok\u00e9mon\n|rule|Item Clause: Limit one of each item\n|clearpoke\n|poke|p1|Slowbro, L50, M|\n|poke|p1|Ting-Lu, L50|\n|poke|p1|Glimmora, L50, M|\n|poke|p1|Grimmsnarl, L50, M|\n|poke|p1|Gastrodon, L50, F|\n|poke|p1|Arcanine, L50, M|\n|poke|p2|Tinkaton, L50, F|\n|poke|p2|Gyarados, L50, M|\n|poke|p2|Ceruledge, L50, F|\n|poke|p2|Arboliva, L50, M|\n|poke|p2|Grimmsnarl, L50, M|\n|poke|p2|Flutter Mane, L50|\n|teampreview|4\n|\n|t:|1682200515\n|start\n|switch|p1a: Slowbro|Slowbro, L50, M|100\/100\n|switch|p1b: Arcanine|Arcanine, L50, M, shiny|100\/100\n|switch|p2a: Tinkaton|Tinkaton, L50, F|100\/100\n|switch|p2b: Gyarados|Gyarados, L50, M|100\/100\n|-ability|p1b: Arcanine|Intimidate|boost\n|-unboost|p2a: Tinkaton|atk|1\n|-unboost|p2b: Gyarados|atk|1\n|-ability|p2a: Tinkaton|Mold Breaker\n|-ability|p2b: Gyarados|Intimidate|boost\n|-fail|p1a: Slowbro|unboost|Attack|[from] ability: Oblivious|[of] p1a: Slowbro\n|-unboost|p1b: Arcanine|atk|1\n|turn|1\n|\n|t:|1682200541\n|switch|p1b: Gastrodon|Gastrodon, L50, F|100\/100\n|switch|p2b: Arboliva|Arboliva, L50, M|100\/100\n|move|p1a: Slowbro|Protect|p1a: Slowbro\n|-singleturn|p1a: Slowbro|Protect\n|move|p2a: Tinkaton|Fake Out|p1b: Gastrodon\n|-damage|p1b: Gastrodon|94\/100\n|\n|upkeep\n|turn|2\n|\n|t:|1682200566\n|-terastallize|p1b: Gastrodon|Fire\n|move|p2a: Tinkaton|Helping Hand|p2b: Arboliva\n|-singleturn|p2b: Arboliva|Helping Hand|[of] p2a: Tinkaton\n|move|p2b: Arboliva|Earth Power|p1a: Slowbro\n|-damage|p1a: Slowbro|55\/100\n|move|p1b: Gastrodon|Tera Blast|p2b: Arboliva\n|-supereffective|p2b: Arboliva\n|-damage|p2b: Arboliva|31\/100\n|-enditem|p2b: Arboliva|Sitrus Berry|[eat]\n|-heal|p2b: Arboliva|56\/100|[from] item: Sitrus Berry\n|move|p1a: Slowbro|Trick Room|p1a: Slowbro\n|-fieldstart|move: Trick Room|[of] p1a: Slowbro\n|\n|-item|p2b: Arboliva|Sitrus Berry|[from] ability: Harvest\n|upkeep\n|turn|3\n|\n|t:|1682200595\n|-terastallize|p2b: Arboliva|Water\n|move|p2a: Tinkaton|Helping Hand|p2b: Arboliva\n|-singleturn|p2b: Arboliva|Helping Hand|[of] p2a: Tinkaton\n|move|p1a: Slowbro|Surf|p2a: Tinkaton|[spread] p2a,p2b\n|-ability|p1b: Gastrodon|Storm Drain|boost\n|-boost|p1b: Gastrodon|spa|1\n|-resisted|p2b: Arboliva\n|-damage|p2a: Tinkaton|79\/100\n|-damage|p2b: Arboliva|45\/100\n|-enditem|p2b: Arboliva|Sitrus Berry|[eat]\n|-heal|p2b: Arboliva|70\/100|[from] item: Sitrus Berry\n|move|p1b: Gastrodon|Tera Blast|p2b: Arboliva\n|-resisted|p2b: Arboliva\n|-damage|p2b: Arboliva|45\/100\n|move|p2b: Arboliva|Earth Power|p1b: Gastrodon\n|-supereffective|p1b: Gastrodon\n|-damage|p1b: Gastrodon|1\/100\n|\n|-heal|p2a: Tinkaton|85\/100|[from] item: Leftovers\n|upkeep\n|turn|4\n|\n|t:|1682200619\n|move|p1a: Slowbro|Surf|p2b: Arboliva|[spread] p2a,p2b\n|-ability|p1b: Gastrodon|Storm Drain|boost\n|-boost|p1b: Gastrodon|spa|1\n|-resisted|p2b: Arboliva\n|-damage|p2a: Tinkaton|61\/100\n|-damage|p2b: Arboliva|34\/100\n|move|p2b: Arboliva|Giga Drain|p1a: Slowbro\n|-supereffective|p1a: Slowbro\n|-damage|p1a: Slowbro|0 fnt\n|-heal|p2b: Arboliva|61\/100|[from] drain|[of] p1a: Slowbro\n|faint|p1a: Slowbro\n|move|p1b: Gastrodon|Earth Power|p2b: Arboliva\n|-damage|p2b: Arboliva|0 fnt\n|faint|p2b: Arboliva\n|move|p2a: Tinkaton|Gigaton Hammer|p1b: Gastrodon\n|-resisted|p1b: Gastrodon\n|-damage|p1b: Gastrodon|0 fnt\n|faint|p1b: Gastrodon\n|\n|-heal|p2a: Tinkaton|67\/100|[from] item: Leftovers\n|upkeep\n|\n|t:|1682200645\n|switch|p1a: Grimmsnarl|Grimmsnarl, L50, M|100\/100\n|switch|p2b: Flutter Mane|Flutter Mane, L50|100\/100\n|switch|p1b: Arcanine|Arcanine, L50, M, shiny|100\/100\n|-ability|p1b: Arcanine|Intimidate|boost\n|-unboost|p2a: Tinkaton|atk|1\n|-unboost|p2b: Flutter Mane|atk|1\n|-enditem|p2b: Flutter Mane|Booster Energy\n|-activate|p2b: Flutter Mane|ability: Protosynthesis|[fromitem]\n|-start|p2b: Flutter Mane|protosynthesisspe\n|turn|5\n|\n|t:|1682200676\n|switch|p2a: Gyarados|Gyarados, L50, M|100\/100\n|-ability|p2a: Gyarados|Intimidate|boost\n|-unboost|p1a: Grimmsnarl|atk|1\n|-unboost|p1b: Arcanine|atk|1\n|move|p2b: Flutter Mane|Protect|p2b: Flutter Mane\n|-singleturn|p2b: Flutter Mane|Protect\n|move|p1a: Grimmsnarl|Light Screen|p1a: Grimmsnarl\n|-sidestart|p1: Dash the rapidash|move: Light Screen\n|move|p1b: Arcanine|Flare Blitz|p2b: Flutter Mane\n|-activate|p2b: Flutter Mane|move: Protect\n|\n|upkeep\n|turn|6\n|\n|t:|1682200703\n|-end|p2b: Flutter Mane|Protosynthesis|[silent]\n|switch|p2b: Tinkaton|Tinkaton, L50, F|67\/100\n|-ability|p2b: Tinkaton|Mold Breaker\n|move|p1a: Grimmsnarl|Reflect|p1a: Grimmsnarl\n|-sidestart|p1: Dash the rapidash|Reflect\n|move|p2a: Gyarados|Waterfall|p1b: Arcanine\n|-supereffective|p1b: Arcanine\n|-damage|p1b: Arcanine|25\/100\n|move|p1b: Arcanine|Flare Blitz|p2b: Tinkaton\n|-supereffective|p2b: Tinkaton\n|-damage|p2b: Tinkaton|0 fnt\n|faint|p2b: Tinkaton\n|-damage|p1b: Arcanine|2\/100|[from] Recoil\n|-heal|p1b: Arcanine|10\/100|[from] item: Shell Bell|[of] p2: Tinkaton\n|\n|-fieldend|move: Trick Room\n|upkeep\n|\n|t:|1682200720\n|switch|p2b: Flutter Mane|Flutter Mane, L50|100\/100\n|turn|7\n|\n|t:|1682200738\n|move|p1b: Arcanine|Protect|p1b: Arcanine\n|-singleturn|p1b: Arcanine|Protect\n|move|p2b: Flutter Mane|Dazzling Gleam|p1a: Grimmsnarl|[spread] p1a\n|-activate|p1b: Arcanine|move: Protect\n|-supereffective|p1a: Grimmsnarl\n|-damage|p1a: Grimmsnarl|43\/100\n|move|p2a: Gyarados|Waterfall|p1a: Grimmsnarl\n|-damage|p1a: Grimmsnarl|0 fnt\n|faint|p1a: Grimmsnarl\n|\n|upkeep\n|turn|8\n|-message|Dash the rapidash forfeited.\n|\n|win|Blur123\n|raw|Dash the rapidash's rating: 1244 → 1223<\/strong> (-21 for losing)\n|raw|Blur123's rating: 1295 → 1316<\/strong> (+21 for winning)\n|l|\u2606Dash the rapidash\n","uploadtime":1682200758,"views":8,"p1id":"dashtherapidash","p2id":"blur123","formatid":"gen9vgc2023regulationc","rating":1223,"private":0,"password":""}