{"id":"gen9vgc2023regulationc-1850806676","p1":"fizzywizzyglizzy","p2":"kyle jables the d","format":"[Gen 9] VGC 2023 Regulation C","log":"|j|\u2606fizzywizzyglizzy\n|j|\u2606kyle jables the d\n|t:|1682369633\n|gametype|doubles\n|player|p1|fizzywizzyglizzy|2|1480\n|player|p2|kyle jables the d|ingo|1555\n|teamsize|p1|6\n|teamsize|p2|6\n|gen|9\n|tier|[Gen 9] VGC 2023 Regulation C\n|rated|\n|rule|Species Clause: Limit one of each Pok\u00e9mon\n|rule|Item Clause: Limit one of each item\n|clearpoke\n|poke|p1|Arcanine, L50, F|\n|poke|p1|Palafin, L50, M|\n|poke|p1|Chien-Pao, L50|\n|poke|p1|Garganacl, L50, M|\n|poke|p1|Flutter Mane, L50|\n|poke|p1|Amoonguss, L50, F|\n|poke|p2|Pelipper, L50, F|\n|poke|p2|Palafin, L50, F|\n|poke|p2|Amoonguss, L50, M|\n|poke|p2|Baxcalibur, L50, M|\n|poke|p2|Magnezone, L50|\n|poke|p2|Flutter Mane, L50|\n|teampreview|4\nkyle jables the d has agreed to open team sheets.\n|\n|t:|1682369679\n|start\n|switch|p1a: Flutter Mane|Flutter Mane, L50|100\/100\n|switch|p1b: Garganacl|Garganacl, L50, M, shiny|100\/100\n|switch|p2a: Magnezone|Magnezone, L50|100\/100\n|switch|p2b: Palafin|Palafin, L50, F|100\/100\n|-enditem|p1a: Flutter Mane|Booster Energy\n|-activate|p1a: Flutter Mane|ability: Protosynthesis|[fromitem]\n|-start|p1a: Flutter Mane|protosynthesisspe\n|turn|1\n|\n|t:|1682369703\n|detailschange|p2b: Palafin|Palafin-Hero, L50, F\n|switch|p2b: Amoonguss|Amoonguss, L50, M|100\/100\n|-terastallize|p1b: Garganacl|Poison\n|move|p1a: Flutter Mane|Protect|p1a: Flutter Mane\n|-singleturn|p1a: Flutter Mane|Protect\n|move|p2a: Magnezone|Flash Cannon|p1b: Garganacl\n|-damage|p1b: Garganacl|71\/100\n|move|p1b: Garganacl|Salt Cure|p2a: Magnezone\n|-resisted|p2a: Magnezone\n|-damage|p2a: Magnezone|95\/100\n|-start|p2a: Magnezone|Salt Cure\n|\n|-heal|p1b: Garganacl|77\/100|[from] item: Leftovers\n|-damage|p2a: Magnezone|70\/100|[from] Salt Cure\n|upkeep\n|turn|2\n|\n|t:|1682369732\n|move|p2b: Amoonguss|Protect|p2b: Amoonguss\n|-singleturn|p2b: Amoonguss|Protect\n|move|p1a: Flutter Mane|Shadow Ball|p2b: Amoonguss\n|-activate|p2b: Amoonguss|move: Protect\n|move|p2a: Magnezone|Volt Switch|p1a: Flutter Mane\n|-damage|p1a: Flutter Mane|66\/100\n|\n|t:|1682369740\n|switch|p2a: Palafin|Palafin-Hero, L50, F|100\/100|[from] Volt Switch\n|-activate|p2a: Palafin|ability: Zero to Hero\n|move|p1b: Garganacl|Salt Cure|p2b: Amoonguss\n|-activate|p2b: Amoonguss|move: Protect\n|\n|-heal|p1b: Garganacl|83\/100|[from] item: Leftovers\n|upkeep\n|turn|3\n|j| checas\n|\n|t:|1682369758\n|switch|p1b: Palafin|Palafin, L50, M|100\/100\n|-terastallize|p2a: Palafin|Water\n|move|p1a: Flutter Mane|Thunderbolt|p2a: Palafin\n|-supereffective|p2a: Palafin\n|-damage|p2a: Palafin|44\/100\n|move|p2a: Palafin|Wave Crash|p1b: Palafin\n|-resisted|p1b: Palafin\n|-damage|p1b: Palafin|43\/100\n|-damage|p2a: Palafin|26\/100|[from] Recoil\n|move|p2b: Amoonguss|Pollen Puff|p2a: Palafin\n|-heal|p2a: Palafin|76\/100\n|\n|upkeep\n|turn|4\n|\n|t:|1682369785\n|move|p2a: Palafin|Jet Punch|p1a: Flutter Mane\n|-damage|p1a: Flutter Mane|0 fnt\n|faint|p1a: Flutter Mane\n|-end|p1a: Flutter Mane|Protosynthesis|[silent]\n|move|p1b: Palafin|Wave Crash|p2a: Palafin\n|-resisted|p2a: Palafin\n|-damage|p2a: Palafin|51\/100\n|-damage|p1b: Palafin|34\/100|[from] Recoil\n|move|p2b: Amoonguss|Pollen Puff|p2a: Palafin\n|-heal|p2a: Palafin|100\/100\n|\n|upkeep\n|\n|t:|1682369798\n|switch|p1a: Chien-Pao|Chien-Pao, L50|100\/100\n|-ability|p1a: Chien-Pao|Sword of Ruin\n|turn|5\n|\n|t:|1682369810\n|move|p1a: Chien-Pao|Ice Spinner|p2b: Amoonguss\n|-supereffective|p2b: Amoonguss\n|-damage|p2b: Amoonguss|26\/100\n|-damage|p1a: Chien-Pao|84\/100|[from] item: Rocky Helmet|[of] p2b: Amoonguss\n|move|p1b: Palafin|Wave Crash|p2b: Amoonguss\n|-resisted|p2b: Amoonguss\n|-damage|p2b: Amoonguss|0 fnt\n|-damage|p1b: Palafin|18\/100|[from] item: Rocky Helmet|[of] p2b: Amoonguss\n|faint|p2b: Amoonguss\n|-damage|p1b: Palafin|8\/100|[from] Recoil\n|move|p2a: Palafin|Wave Crash|p1b: Palafin\n|-resisted|p1b: Palafin\n|-damage|p1b: Palafin|0 fnt\n|faint|p1b: Palafin\n|-damage|p2a: Palafin|98\/100|[from] Recoil\n|\n|upkeep\n|\n|t:|1682369826\n|switch|p1b: Garganacl|Garganacl, L50, M, shiny, tera:Poison|83\/100\n|switch|p2b: Flutter Mane|Flutter Mane, L50|100\/100\n|turn|6\n|\n|t:|1682369860\n|move|p1a: Chien-Pao|Sucker Punch|p2a: Palafin\n|-damage|p2a: Palafin|57\/100\n|move|p2a: Palafin|Jet Punch|p1a: Chien-Pao\n|-damage|p1a: Chien-Pao|12\/100\n|move|p2b: Flutter Mane|Perish Song|p2b: Flutter Mane\n|-start|p1a: Chien-Pao|perish3|[silent]\n|-start|p1b: Garganacl|perish3|[silent]\n|-start|p2a: Palafin|perish3|[silent]\n|-start|p2b: Flutter Mane|perish3|[silent]\n|-fieldactivate|move: Perish Song\n|move|p1b: Garganacl|Salt Cure|p2a: Palafin\n|-damage|p2a: Palafin|39\/100\n|-start|p2a: Palafin|Salt Cure\n|\n|-heal|p1b: Garganacl|88\/100|[from] item: Leftovers\n|-damage|p2a: Palafin|15\/100|[from] Salt Cure\n|-start|p1a: Chien-Pao|perish3\n|-start|p2b: Flutter Mane|perish3\n|-start|p2a: Palafin|perish3\n|-start|p1b: Garganacl|perish3\n|upkeep\n|turn|7\n|\n|t:|1682369879\n|switch|p2a: Magnezone|Magnezone, L50|70\/100\n|move|p2b: Flutter Mane|Perish Song|p2b: Flutter Mane\n|-start|p2a: Magnezone|perish3|[silent]\n|-fieldactivate|move: Perish Song\n|move|p1a: Chien-Pao|Ice Spinner|p2b: Flutter Mane\n|-damage|p2b: Flutter Mane|13\/100\n|move|p1b: Garganacl|Salt Cure|p2a: Magnezone\n|-resisted|p2a: Magnezone\n|-damage|p2a: Magnezone|61\/100\n|-start|p2a: Magnezone|Salt Cure\n|\n|-heal|p1b: Garganacl|94\/100|[from] item: Leftovers\n|-damage|p2a: Magnezone|36\/100|[from] Salt Cure\n|-start|p1a: Chien-Pao|perish2\n|-start|p2b: Flutter Mane|perish2\n|-start|p2a: Magnezone|perish3\n|-start|p1b: Garganacl|perish2\n|upkeep\n|turn|8\n|\n|t:|1682369903\n|move|p1a: Chien-Pao|Sucker Punch|p2a: Magnezone\n|-crit|p2a: Magnezone\n|-damage|p2a: Magnezone|0 fnt\n|faint|p2a: Magnezone\n|move|p2b: Flutter Mane|Perish Song||[still]\n|-fail|p2b: Flutter Mane\n|move|p1b: Garganacl|Salt Cure|p2b: Flutter Mane\n|-damage|p2b: Flutter Mane|0 fnt\n|faint|p2b: Flutter Mane\n|-end|p2b: Flutter Mane|Protosynthesis|[silent]\n|\n|-heal|p1b: Garganacl|99\/100|[from] item: Leftovers\n|-start|p1a: Chien-Pao|perish1\n|-start|p1b: Garganacl|perish1\n|upkeep\n|\n|t:|1682369916\n|switch|p2b: Palafin|Palafin-Hero, L50, F, tera:Water|15\/100\n|turn|9\n|\n|t:|1682369920\n|move|p2b: Palafin|Protect|p2b: Palafin\n|-singleturn|p2b: Palafin|Protect\n|move|p1a: Chien-Pao|Sucker Punch||[still]\n|-fail|p1a: Chien-Pao\n|move|p1b: Garganacl|Salt Cure|p2b: Palafin\n|-activate|p2b: Palafin|move: Protect\n|\n|-heal|p1b: Garganacl|100\/100|[from] item: Leftovers\n|-start|p1a: Chien-Pao|perish0\n|-start|p1b: Garganacl|perish0\n|faint|p1a: Chien-Pao\n|faint|p1b: Garganacl\n|\n|win|kyle jables the d\n|upkeep\n|raw|fizzywizzyglizzy's rating: 1480 → 1464<\/strong> (-16 for losing)\n|raw|kyle jables the d's rating: 1555 → 1571<\/strong> (+16 for winning)\n","uploadtime":1682369937,"views":14,"p1id":"fizzywizzyglizzy","p2id":"kylejablesthed","formatid":"gen9vgc2023regulationc","rating":1464,"private":0,"password":""}