{"id":"gen9vgc2023regulationc-1856939263","p1":"DARIUS I.B.","p2":"Whatever0512","format":"[Gen 9] VGC 2023 Regulation C","log":"|j|\u2606DARIUS I.B.\n|j|\u2606Whatever0512\n|t:|1683127928\n|gametype|doubles\n|player|p1|DARIUS I.B.|1|1383\n|player|p2|Whatever0512|102|1487\n|teamsize|p1|6\n|teamsize|p2|6\n|gen|9\n|tier|[Gen 9] VGC 2023 Regulation C\n|rated|\n|rule|Species Clause: Limit one of each Pok\u00e9mon\n|rule|Item Clause: Limit one of each item\n|clearpoke\n|poke|p1|Iron Hands, L50|\n|poke|p1|Gyarados, L50, F|\n|poke|p1|Chi-Yu, L50|\n|poke|p1|Corviknight, L50, M|\n|poke|p1|Flutter Mane, L50|\n|poke|p1|Amoonguss, L50, F|\n|poke|p2|Talonflame, L50, F|\n|poke|p2|Flutter Mane, L50|\n|poke|p2|Tyranitar, L50, M|\n|poke|p2|Iron Bundle, L50|\n|poke|p2|Gothitelle, L50, F|\n|poke|p2|Great Tusk, L50|\n|teampreview|4\n|inactive|Battle timer is ON: inactive players will automatically lose when time's up. (requested by DARIUS I.B.)\n|\n|t:|1683127970\n|start\n|switch|p1a: Flutter Mane|Flutter Mane, L50|100\/100\n|switch|p1b: Chi-Yu|Chi-Yu, L50|100\/100\n|switch|p2a: Iron Bundle|Iron Bundle, L50|100\/100\n|switch|p2b: Flutter Mane|Flutter Mane, L50|100\/100\n|-ability|p1b: Chi-Yu|Beads of Ruin\n|-enditem|p2a: Iron Bundle|Booster Energy\n|-activate|p2a: Iron Bundle|ability: Quark Drive|[fromitem]\n|-start|p2a: Iron Bundle|quarkdrivespe\n|turn|1\n|inactive|DARIUS I.B. has 30 seconds left.\n|inactive|Whatever0512 has 30 seconds left.\n|inactive|DARIUS I.B. has 20 seconds left.\n|inactive|DARIUS I.B. has 15 seconds left.\n|inactive|DARIUS I.B. has 10 seconds left.\n|inactive|DARIUS I.B. has 5 seconds left.\n|\n|t:|1683128021\n|-end|p1a: Flutter Mane|Protosynthesis|[silent]\n|switch|p1a: Corviknight|Corviknight, L50, M|100\/100\n|move|p2a: Iron Bundle|Icy Wind|p1a: Corviknight|[spread] p1a,p1b\n|-crit|p1a: Corviknight\n|-resisted|p1b: Chi-Yu\n|-damage|p1a: Corviknight|58\/100\n|-damage|p1b: Chi-Yu|91\/100\n|-ability|p1a: Corviknight|Mirror Armor\n|-unboost|p2a: Iron Bundle|spe|1\n|-unboost|p1b: Chi-Yu|spe|1\n|move|p2b: Flutter Mane|Moonblast|p1b: Chi-Yu\n|-damage|p1b: Chi-Yu|18\/100\n|-unboost|p1b: Chi-Yu|spa|1\n|move|p1b: Chi-Yu|Dark Pulse|p2a: Iron Bundle\n|-damage|p2a: Iron Bundle|29\/100\n|\n|-heal|p1b: Chi-Yu|24\/100|[from] item: Leftovers\n|upkeep\n|turn|2\n|inactive|DARIUS I.B. has 30 seconds left.\n|inactive|Whatever0512 has 30 seconds left.\n|inactive|DARIUS I.B. has 20 seconds left.\n|inactive|DARIUS I.B. has 15 seconds left.\n|inactive|DARIUS I.B. has 10 seconds left.\n|\n|t:|1683128067\n|-terastallize|p2a: Iron Bundle|Ice\n|move|p1b: Chi-Yu|Protect|p1b: Chi-Yu\n|-singleturn|p1b: Chi-Yu|Protect\n|move|p2a: Iron Bundle|Freeze-Dry|p1a: Corviknight\n|-damage|p1a: Corviknight|0 fnt\n|faint|p1a: Corviknight\n|move|p2b: Flutter Mane|Moonblast|p1b: Chi-Yu\n|-activate|p1b: Chi-Yu|move: Protect\n|\n|-heal|p1b: Chi-Yu|30\/100|[from] item: Leftovers\n|upkeep\n|\n|t:|1683128083\n|switch|p1a: Flutter Mane|Flutter Mane, L50|100\/100\n|turn|3\n|inactive|Whatever0512 has 30 seconds left.\n|inactive|Whatever0512 has 20 seconds left.\n|\n|t:|1683128120\n|-end|p2b: Flutter Mane|Protosynthesis|[silent]\n|switch|p2b: Tyranitar|Tyranitar, L50, M|100\/100\n|-weather|Sandstorm|[from] ability: Sand Stream|[of] p2b: Tyranitar\n|-terastallize|p1a: Flutter Mane|Fairy\n|move|p2a: Iron Bundle|Protect|p2a: Iron Bundle\n|-singleturn|p2a: Iron Bundle|Protect\n|move|p1a: Flutter Mane|Shadow Ball|p2b: Tyranitar\n|-resisted|p2b: Tyranitar\n|-crit|p2b: Tyranitar\n|-damage|p2b: Tyranitar|78\/100\n|-damage|p1a: Flutter Mane|91\/100|[from] item: Life Orb\n|move|p1b: Chi-Yu|Heat Wave|p2a: Iron Bundle|[spread] p2b\n|-activate|p2a: Iron Bundle|move: Protect\n|-resisted|p2b: Tyranitar\n|-damage|p2b: Tyranitar|72\/100\n|\n|-weather|Sandstorm|[upkeep]\n|-damage|p1a: Flutter Mane|84\/100|[from] Sandstorm\n|-damage|p2a: Iron Bundle|24\/100|[from] Sandstorm\n|-damage|p1b: Chi-Yu|24\/100|[from] Sandstorm\n|-heal|p1b: Chi-Yu|30\/100|[from] item: Leftovers\n|upkeep\n|turn|4\n|inactive|DARIUS I.B. has 30 seconds left.\n|inactive|Whatever0512 has 30 seconds left.\n|inactive|Whatever0512 has 20 seconds left.\n|inactive|Whatever0512 has 15 seconds left.\n|\n|t:|1683128162\n|switch|p1b: Gyarados|Gyarados, L50, F|100\/100\n|-ability|p1b: Gyarados|Intimidate|boost\n|-unboost|p2a: Iron Bundle|atk|1\n|-unboost|p2b: Tyranitar|atk|1\n|move|p1a: Flutter Mane|Moonblast|p2a: Iron Bundle\n|-damage|p2a: Iron Bundle|0 fnt\n|faint|p2a: Iron Bundle\n|-end|p2a: Iron Bundle|Quark Drive|[silent]\n|-damage|p1a: Flutter Mane|75\/100|[from] item: Life Orb\n|move|p2b: Tyranitar|Heavy Slam|p1a: Flutter Mane\n|-supereffective|p1a: Flutter Mane\n|-damage|p1a: Flutter Mane|0 fnt\n|faint|p1a: Flutter Mane\n|-end|p1a: Flutter Mane|Protosynthesis|[silent]\n|\n|-weather|Sandstorm|[upkeep]\n|upkeep\n|\n|t:|1683128178\n|switch|p1a: Chi-Yu|Chi-Yu, L50|30\/100\n|switch|p2a: Flutter Mane|Flutter Mane, L50|100\/100\n|-ability|p1a: Chi-Yu|Beads of Ruin\n|turn|5\n|\n|t:|1683128188\n|move|p1a: Chi-Yu|Protect|p1a: Chi-Yu\n|-singleturn|p1a: Chi-Yu|Protect\n|move|p2a: Flutter Mane|Thunderbolt|p1b: Gyarados\n|-supereffective|p1b: Gyarados\n|-damage|p1b: Gyarados|0 fnt\n|faint|p1b: Gyarados\n|move|p2b: Tyranitar|Rock Slide|p1a: Chi-Yu\n|-activate|p1a: Chi-Yu|move: Protect\n|\n|-weather|Sandstorm|[upkeep]\n|-damage|p2a: Flutter Mane|95\/100|[from] Sandstorm\n|-damage|p1a: Chi-Yu|24\/100|[from] Sandstorm\n|-heal|p1a: Chi-Yu|30\/100|[from] item: Leftovers\n|upkeep\n|turn|6\n|c|\u2606Whatever0512|Gg\n|-message|DARIUS I.B. forfeited.\n|\n|win|Whatever0512\n|raw|DARIUS I.B.'s rating: 1383 → 1369<\/strong> (-14 for losing)\n|raw|Whatever0512's rating: 1487 → 1501<\/strong> (+14 for winning)\n|l|\u2606DARIUS I.B.\n||Ladder isn't responding, score probably updated but might not have (Connection error).\n","uploadtime":1683128273,"views":17,"p1id":"dariusib","p2id":"whatever0512","formatid":"gen9vgc2023regulationc","rating":1369,"private":0,"password":""}