{"id":"gen9vgc2023regulationc-1846725079","p1":"JayVGC YT","p2":"Kuriboh448","format":"[Gen 9] VGC 2023 Regulation C","log":"|j|\u2606JayVGC YT\n|j|\u2606Kuriboh448\n|t:|1681870523\n|gametype|doubles\n|player|p1|JayVGC YT|102|\n|player|p2|Kuriboh448|102|\n|teamsize|p1|6\n|teamsize|p2|6\n|gen|9\n|tier|[Gen 9] VGC 2023 Regulation C\n|rule|Species Clause: Limit one of each Pok\u00e9mon\n|rule|Item Clause: Limit one of each item\n|clearpoke\n|poke|p1|Maushold-Four, L50|\n|poke|p1|Annihilape, L50, M|\n|poke|p1|Gholdengo, L50|\n|poke|p1|Iron Bundle, L50|\n|poke|p1|Arcanine, L50, M|\n|poke|p1|Roaring Moon, L50|\n|poke|p2|Iron Bundle, L50|\n|poke|p2|Corviknight, L50, F|\n|poke|p2|Abomasnow, L50, F|\n|poke|p2|Garchomp, L50, M|\n|poke|p2|Chi-Yu, L50|\n|poke|p2|Flutter Mane, L50|\n|teampreview|4\n|c|\u2606Kuriboh448|G1\nKuriboh448 has agreed to open team sheets.\n|c|\u2606Kuriboh448|GLHF\nJayVGC YT has agreed to open team sheets.\n|\n|t:|1681870624\n|start\n|switch|p1a: Pancakes|Maushold-Four, L50|100\/100\n|switch|p1b: Monke Business|Annihilape, L50, M|100\/100\n|switch|p2a: Flutter Mane|Flutter Mane, L50|100\/100\n|switch|p2b: Chi-Yu|Chi-Yu, L50|100\/100\n|-ability|p2b: Chi-Yu|Beads of Ruin\n|turn|1\n|\n|t:|1681870638\n|-terastallize|p2a: Flutter Mane|Fairy\n|move|p1a: Pancakes|Protect|p1a: Pancakes\n|-singleturn|p1a: Pancakes|Protect\n|move|p1b: Monke Business|Protect|p1b: Monke Business\n|-singleturn|p1b: Monke Business|Protect\n|move|p2a: Flutter Mane|Dazzling Gleam|p1a: Pancakes|[spread] \n|-activate|p1a: Pancakes|move: Protect\n|-activate|p1b: Monke Business|move: Protect\n|move|p2b: Chi-Yu|Heat Wave|p1a: Pancakes|[spread] \n|-activate|p1a: Pancakes|move: Protect\n|-activate|p1b: Monke Business|move: Protect\n|\n|upkeep\n|turn|2\n|\n|t:|1681870666\n|-terastallize|p1b: Monke Business|Fire\n|move|p1a: Pancakes|Follow Me|p1a: Pancakes\n|-singleturn|p1a: Pancakes|move: Follow Me\n|move|p2a: Flutter Mane|Dazzling Gleam|p1b: Monke Business|[spread] p1a,p1b\n|-resisted|p1b: Monke Business\n|-damage|p1a: Pancakes|21\/100\n|-damage|p1b: Monke Business|78\/100\n|move|p2b: Chi-Yu|Heat Wave|p1a: Pancakes|[spread] p1a\n|-miss|p2b: Chi-Yu|p1b: Monke Business\n|-damage|p1a: Pancakes|0 fnt\n|faint|p1a: Pancakes\n|-damage|p2b: Chi-Yu|91\/100|[from] item: Life Orb\n|move|p1b: Monke Business|Rage Fist|p2a: Flutter Mane\n|-crit|p2a: Flutter Mane\n|-damage|p2a: Flutter Mane|0 fnt\n|faint|p2a: Flutter Mane\n|-end|p2a: Flutter Mane|Protosynthesis|[silent]\n|\n|-heal|p1b: Monke Business|84\/100|[from] item: Leftovers\n|upkeep\n|\n|t:|1681870682\n|switch|p2a: Garchomp|Garchomp, L50, M|100\/100\n|switch|p1a: Iron Sack|Iron Bundle, L50|100\/100\n|turn|3\n|\n|t:|1681870700\n|move|p2a: Garchomp|Protect|p2a: Garchomp\n|-singleturn|p2a: Garchomp|Protect\n|move|p1a: Iron Sack|Freeze-Dry|p2a: Garchomp\n|-activate|p2a: Garchomp|move: Protect\n|move|p2b: Chi-Yu|Dark Pulse|p1b: Monke Business\n|-damage|p1b: Monke Business|24\/100\n|-damage|p2b: Chi-Yu|81\/100|[from] item: Life Orb\n|move|p1b: Monke Business|Drain Punch|p2b: Chi-Yu\n|-supereffective|p2b: Chi-Yu\n|-damage|p2b: Chi-Yu|0 fnt\n|-heal|p1b: Monke Business|49\/100|[from] drain|[of] p2b: Chi-Yu\n|faint|p2b: Chi-Yu\n|\n|-heal|p1b: Monke Business|55\/100|[from] item: Leftovers\n|upkeep\n|\n|t:|1681870714\n|switch|p2b: Corviknight|Corviknight, L50, F|100\/100\n|turn|4\n|\n|t:|1681870722\n|move|p1a: Iron Sack|Freeze-Dry|p2a: Garchomp\n|-supereffective|p2a: Garchomp\n|-damage|p2a: Garchomp|0 fnt\n|faint|p2a: Garchomp\n|move|p1b: Monke Business|Rage Fist|p2b: Corviknight\n|-damage|p2b: Corviknight|53\/100\n|move|p2b: Corviknight|Brave Bird|p1b: Monke Business\n|-damage|p1b: Monke Business|20\/100\n|-damage|p2b: Corviknight|41\/100|[from] Recoil\n|\n|-heal|p1b: Monke Business|26\/100|[from] item: Leftovers\n|-heal|p2b: Corviknight|47\/100|[from] item: Leftovers\n|upkeep\n|turn|5\n|\n|t:|1681870738\n|move|p1a: Iron Sack|Hydro Pump|p2b: Corviknight\n|-damage|p2b: Corviknight|0 fnt\n|faint|p2b: Corviknight\n|\n|win|JayVGC YT\n","uploadtime":1681870744,"views":12,"p1id":"jayvgcyt","p2id":"kuriboh448","formatid":"gen9vgc2023regulationc","rating":0,"private":0,"password":""}