{"id":"gen9vgc2023regulationc-1851816831","p1":"Rean411","p2":"Adri 2022","format":"[Gen 9] VGC 2023 Regulation C","log":"|j|\u2606Rean411\n|j|\u2606Adri 2022\n|t:|1682489057\n|gametype|doubles\n|player|p1|Rean411|266|1133\n|player|p2|Adri 2022|plasmagrunt|1118\n|teamsize|p1|6\n|teamsize|p2|6\n|gen|9\n|tier|[Gen 9] VGC 2023 Regulation C\n|rated|\n|rule|Species Clause: Limit one of each Pok\u00e9mon\n|rule|Item Clause: Limit one of each item\n|clearpoke\n|poke|p1|Arcanine, L50, M|\n|poke|p1|Ting-Lu, L50|\n|poke|p1|Amoonguss, L50, F|\n|poke|p1|Annihilape, L50, F|\n|poke|p1|Maushold, L50|\n|poke|p1|Flutter Mane, L50|\n|poke|p2|Staraptor, L50, F|\n|poke|p2|Amoonguss, L50, M|\n|poke|p2|Palafin, L50, M|\n|poke|p2|Flutter Mane, L50|\n|poke|p2|Iron Hands, L50|\n|poke|p2|Great Tusk, L50|\n|teampreview|4\nRean411 has agreed to open team sheets.\n|\n|t:|1682489083\n|start\n|switch|p1a: Good Boi|Arcanine, L50, M|100\/100\n|switch|p1b: Caesar|Annihilape, L50, F, shiny|100\/100\n|switch|p2a: Amoonguss|Amoonguss, L50, M|100\/100\n|switch|p2b: Palafin|Palafin, L50, M|100\/100\n|-ability|p1a: Good Boi|Intimidate|boost\n|-unboost|p2a: Amoonguss|atk|1\n|-unboost|p2b: Palafin|atk|1\n|turn|1\n|\n|t:|1682489104\n|detailschange|p2b: Palafin|Palafin-Hero, L50, M\n|switch|p2b: Iron Hands|Iron Hands, L50|100\/100\n|move|p1a: Good Boi|Flare Blitz|p2a: Amoonguss\n|-supereffective|p2a: Amoonguss\n|-damage|p2a: Amoonguss|5\/100\n|-enditem|p2a: Amoonguss|Sitrus Berry|[eat]\n|-heal|p2a: Amoonguss|30\/100|[from] item: Sitrus Berry\n|-damage|p1a: Good Boi|60\/100|[from] Recoil\n|move|p1b: Caesar|Bulk Up|p1b: Caesar\n|-boost|p1b: Caesar|atk|1\n|-boost|p1b: Caesar|def|1\n|move|p2a: Amoonguss|Spore|p1b: Caesar\n|-status|p1b: Caesar|slp|[from] move: Spore\n|\n|upkeep\n|turn|2\n|\n|t:|1682489130\n|switch|p2a: Palafin|Palafin-Hero, L50, M|100\/100\n|-activate|p2a: Palafin|ability: Zero to Hero\n|move|p2b: Iron Hands|Fake Out|p1a: Good Boi\n|-crit|p1a: Good Boi\n|-damage|p1a: Good Boi|34\/100\n|cant|p1a: Good Boi|flinch\n|cant|p1b: Caesar|slp\n|\n|upkeep\n|turn|3\n|\n|t:|1682489157\n|move|p1a: Good Boi|Protect|p1a: Good Boi\n|-singleturn|p1a: Good Boi|Protect\n|move|p2a: Palafin|Wave Crash|p1b: Caesar\n|-damage|p1b: Caesar|51\/100 slp\n|-damage|p2a: Palafin|80\/100|[from] Recoil\n|cant|p1b: Caesar|slp\n|move|p2b: Iron Hands|Thunder Punch|p1b: Caesar\n|-damage|p1b: Caesar|28\/100 slp\n|\n|-heal|p1b: Caesar|34\/100 slp|[from] item: Leftovers\n|upkeep\n|turn|4\n|\n|t:|1682489174\n|-curestatus|p1b: Caesar|slp|[msg]\n|move|p1b: Caesar|Protect|p1b: Caesar\n|-singleturn|p1b: Caesar|Protect\n|move|p2a: Palafin|Wave Crash|p1b: Caesar\n|-activate|p1b: Caesar|move: Protect\n|move|p1a: Good Boi|Will-O-Wisp|p2a: Palafin\n|-status|p2a: Palafin|brn\n|move|p2b: Iron Hands|Drain Punch|p1a: Good Boi\n|-damage|p1a: Good Boi|0 fnt\n|faint|p1a: Good Boi\n|\n|-heal|p1b: Caesar|40\/100|[from] item: Leftovers\n|-damage|p2a: Palafin|75\/100 brn|[from] brn\n|upkeep\n|\n|t:|1682489191\n|switch|p1a: Annoying|Ting-Lu, L50|100\/100\n|-ability|p1a: Annoying|Vessel of Ruin\n|turn|5\n|\n|t:|1682489202\n|move|p1b: Caesar|Protect||[still]\n|-fail|p1b: Caesar\n|move|p2a: Palafin|Wave Crash|p1b: Caesar\n|-damage|p1b: Caesar|15\/100\n|-damage|p2a: Palafin|65\/100 brn|[from] Recoil\n|move|p1a: Annoying|Ruination|p2b: Iron Hands\n|-damage|p2b: Iron Hands|51\/100\n|move|p2b: Iron Hands|Thunder Punch|p1b: Caesar\n|-damage|p1b: Caesar|0 fnt\n|faint|p1b: Caesar\n|\n|-damage|p2a: Palafin|59\/100 brn|[from] brn\n|upkeep\n|c|\u2606Rean411|Craaaaappppppp! I forgot I protected last turn!\n|\n|t:|1682489244\n|switch|p1b: Flutter Mane|Flutter Mane, L50|100\/100\n|-enditem|p1b: Flutter Mane|Booster Energy\n|-activate|p1b: Flutter Mane|ability: Protosynthesis|[fromitem]\n|-start|p1b: Flutter Mane|protosynthesisspe\n|turn|6\n|c|\u2606Adri 2022|Oh. Oh that's bad\n|c|\u2606Adri 2022|Like why double protect there?\n|c|\u2606Rean411|Because I thought it was 100% succes snot 50%.\n|c|\u2606Adri 2022|well now we remember\n|\n|t:|1682489308\n|-terastallize|p1a: Annoying|Water\n|move|p2a: Palafin|Jet Punch|p1b: Flutter Mane\n|-damage|p1b: Flutter Mane|63\/100\n|move|p1b: Flutter Mane|Dazzling Gleam|p2b: Iron Hands|[spread] p2a,p2b\n|-supereffective|p2b: Iron Hands\n|-damage|p2a: Palafin|31\/100 brn\n|-damage|p2b: Iron Hands|25\/100\n|move|p1a: Annoying|Ruination|p2b: Iron Hands\n|-damage|p2b: Iron Hands|13\/100\n|move|p2b: Iron Hands|Iron Head|p1b: Flutter Mane\n|-supereffective|p1b: Flutter Mane\n|-damage|p1b: Flutter Mane|0 fnt\n|faint|p1b: Flutter Mane\n|-end|p1b: Flutter Mane|Protosynthesis|[silent]\n|\n|-damage|p2a: Palafin|26\/100 brn|[from] brn\n|upkeep\n|turn|7\n|\n|t:|1682489327\n|-end|p2b: Iron Hands|Quark Drive|[silent]\n|switch|p2b: Amoonguss|Amoonguss, L50, M|63\/100\n|move|p2a: Palafin|Protect|p2a: Palafin\n|-singleturn|p2a: Palafin|Protect\n|move|p1a: Annoying|Stomping Tantrum|p2b: Amoonguss\n|-damage|p2b: Amoonguss|28\/100\n|\n|-damage|p2a: Palafin|20\/100 brn|[from] brn\n|upkeep\n|turn|8\n|\n|t:|1682489348\n|move|p2a: Palafin|Wave Crash|p1a: Annoying\n|-resisted|p1a: Annoying\n|-damage|p1a: Annoying|88\/100\n|-damage|p2a: Palafin|14\/100 brn|[from] Recoil\n|move|p1a: Annoying|Stomping Tantrum|p2a: Palafin\n|-damage|p2a: Palafin|0 fnt\n|faint|p2a: Palafin\n|move|p2b: Amoonguss|Pollen Puff|p1a: Annoying\n|-damage|p1a: Annoying|81\/100\n|\n|upkeep\n|\n|t:|1682489361\n|switch|p2a: Flutter Mane|Flutter Mane, L50|100\/100\n|-enditem|p2a: Flutter Mane|Booster Energy\n|-activate|p2a: Flutter Mane|ability: Protosynthesis|[fromitem]\n|-start|p2a: Flutter Mane|protosynthesisspa\n|turn|9\n|\n|t:|1682489375\n|move|p2b: Amoonguss|Rage Powder|p2b: Amoonguss\n|-singleturn|p2b: Amoonguss|move: Rage Powder\n|move|p2a: Flutter Mane|Moonblast|p1a: Annoying\n|-damage|p1a: Annoying|59\/100\n|move|p1a: Annoying|Stomping Tantrum|p2b: Amoonguss\n|-damage|p2b: Amoonguss|0 fnt\n|faint|p2b: Amoonguss\n|\n|upkeep\n|\n|t:|1682489383\n|switch|p2b: Iron Hands|Iron Hands, L50|13\/100\n|turn|10\n|\n|t:|1682489397\n|-terastallize|p2a: Flutter Mane|Fairy\n|move|p2b: Iron Hands|Fake Out|p1a: Annoying\n|-damage|p1a: Annoying|50\/100\n|move|p2a: Flutter Mane|Moonblast|p1a: Annoying\n|-damage|p1a: Annoying|16\/100\n|cant|p1a: Annoying|flinch\n|\n|upkeep\n|turn|11\n|c|\u2606Rean411|GGWP\n|\n|t:|1682489414\n|move|p2a: Flutter Mane|Moonblast|p1a: Annoying\n|-damage|p1a: Annoying|0 fnt\n|faint|p1a: Annoying\n|\n|win|Adri 2022\n|raw|Rean411's rating: 1153 → 1125<\/strong> (-28 for losing)\n|raw|Adri 2022's rating: 1118 → 1146<\/strong> (+28 for winning)\n|c|\u2606Adri 2022|GGWP\n|l|\u2606Rean411\n|c|\u2606Adri 2022|i forgot i hadn't terra'd\n","uploadtime":1682489448,"views":25,"p1id":"rean411","p2id":"adri2022","formatid":"gen9vgc2023regulationc","rating":1125,"private":0,"password":""}