{"id":"gen9vgc2023regulationc-1859275181","p1":"SilverXII","p2":"Charlisito","format":"[Gen 9] VGC 2023 Regulation C","log":"|j|\u2606SilverXII\n|j|\u2606Charlisito\n|t:|1683427246\n|gametype|doubles\n|player|p1|SilverXII|wallace|1557\n|player|p2|Charlisito|101|1470\n|teamsize|p1|6\n|teamsize|p2|6\n|gen|9\n|tier|[Gen 9] VGC 2023 Regulation C\n|rated|\n|rule|Species Clause: Limit one of each Pok\u00e9mon\n|rule|Item Clause: Limit one of each item\n|clearpoke\n|poke|p1|Tyranitar, L50, M|\n|poke|p1|Glimmora, L50, M|\n|poke|p1|Lycanroc, L50, M|\n|poke|p1|Corviknight, L50, M|\n|poke|p1|Rotom-Heat, L50|\n|poke|p1|Gastrodon, L50, M|\n|poke|p2|Bellibolt, L50, F|\n|poke|p2|Palafin, L50, M|\n|poke|p2|Arcanine, L50, M|\n|poke|p2|Amoonguss, L50, M|\n|poke|p2|Flutter Mane, L50|\n|poke|p2|Ting-Lu, L50|\n|teampreview|4\nCharlisito has agreed to open team sheets.\n|inactive|Battle timer is ON: inactive players will automatically lose when time's up. (requested by SilverXII)\nSilverXII has agreed to open team sheets.\n|inactive|Charlisito has 60 seconds left.\n|\n|t:|1683427306\n|start\n|switch|p1a: Corviknight|Corviknight, L50, M, shiny|100\/100\n|switch|p1b: Rotom|Rotom-Heat, L50|100\/100\n|switch|p2a: Ting-Lu|Ting-Lu, L50|100\/100\n|switch|p2b: Bellibolt|Bellibolt, L50, F|100\/100\n|-ability|p2a: Ting-Lu|Vessel of Ruin\n|turn|1\n|inactive|SilverXII has 30 seconds left.\n|\n|t:|1683427334\n|switch|p1a: Gastrodon|Gastrodon, L50, M, shiny|100\/100\n|move|p1b: Rotom|Trick|p2a: Ting-Lu\n|-activate|p1b: Rotom|move: Trick|[of] p2a: Ting-Lu\n|-item|p2a: Ting-Lu|Choice Specs|[from] move: Trick\n|-item|p1b: Rotom|Leftovers|[from] move: Trick\n|move|p2a: Ting-Lu|Ruination|p1b: Rotom\n|-damage|p1b: Rotom|51\/100\n|move|p2b: Bellibolt|Volt Switch|p1a: Gastrodon\n|-immune|p1a: Gastrodon\n|\n|-heal|p1b: Rotom|57\/100|[from] item: Leftovers\n|upkeep\n|turn|2\n|\n|t:|1683427354\n|move|p1b: Rotom|Will-O-Wisp|p2a: Ting-Lu\n|-status|p2a: Ting-Lu|brn\n|move|p2a: Ting-Lu|Ruination|p1b: Rotom\n|-damage|p1b: Rotom|29\/100\n|move|p2b: Bellibolt|Volt Switch|p1b: Rotom\n|-resisted|p1b: Rotom\n|-damage|p1b: Rotom|16\/100\n|\n|t:|1683427358\n|switch|p2b: Flutter Mane|Flutter Mane, L50|100\/100|[from] Volt Switch\n|-enditem|p2b: Flutter Mane|Booster Energy\n|-activate|p2b: Flutter Mane|ability: Protosynthesis|[fromitem]\n|-start|p2b: Flutter Mane|protosynthesisspa\n|move|p1a: Gastrodon|Icy Wind|p2a: Ting-Lu|[spread] p2a,p2b\n|-supereffective|p2a: Ting-Lu\n|-damage|p2a: Ting-Lu|92\/100 brn\n|-damage|p2b: Flutter Mane|95\/100\n|-unboost|p2a: Ting-Lu|spe|1\n|-unboost|p2b: Flutter Mane|spe|1\n|\n|-heal|p1b: Rotom|22\/100|[from] item: Leftovers\n|-damage|p2a: Ting-Lu|86\/100 brn|[from] brn\n|upkeep\n|turn|3\n|\n|t:|1683427375\n|move|p2b: Flutter Mane|Moonblast|p1b: Rotom\n|-resisted|p1b: Rotom\n|-damage|p1b: Rotom|0 fnt\n|faint|p1b: Rotom\n|move|p1a: Gastrodon|Icy Wind|p2a: Ting-Lu|[spread] p2a,p2b\n|-supereffective|p2a: Ting-Lu\n|-damage|p2a: Ting-Lu|77\/100 brn\n|-damage|p2b: Flutter Mane|89\/100\n|-unboost|p2a: Ting-Lu|spe|1\n|-unboost|p2b: Flutter Mane|spe|1\n|move|p2a: Ting-Lu|Ruination|p1a: Gastrodon\n|-damage|p1a: Gastrodon|50\/100\n|\n|-heal|p1a: Gastrodon|56\/100|[from] item: Leftovers\n|-damage|p2a: Ting-Lu|71\/100 brn|[from] brn\n|upkeep\n|\n|t:|1683427387\n|switch|p1b: Glimmora|Glimmora, L50, M, shiny|100\/100\n|turn|4\n|\n|t:|1683427411\n|switch|p2a: Bellibolt|Bellibolt, L50, F|100\/100\n|move|p1b: Glimmora|Energy Ball|p2a: Bellibolt\n|-damage|p2a: Bellibolt|82\/100\n|-unboost|p2a: Bellibolt|spd|1\n|-start|p2a: Bellibolt|Charge|Energy Ball|[from] ability: Electromorphosis\n|move|p2b: Flutter Mane|Moonblast|p1b: Glimmora\n|-resisted|p1b: Glimmora\n|-damage|p1b: Glimmora|72\/100\n|-unboost|p1b: Glimmora|spa|1\n|move|p1a: Gastrodon|Yawn|p2b: Flutter Mane\n|-start|p2b: Flutter Mane|move: Yawn|[of] p1a: Gastrodon\n|\n|-heal|p1a: Gastrodon|62\/100|[from] item: Leftovers\n|upkeep\n|turn|5\n|inactive|SilverXII has 30 seconds left.\n|\n|t:|1683427440\n|move|p1b: Glimmora|Earth Power|p2a: Bellibolt\n|-supereffective|p2a: Bellibolt\n|-damage|p2a: Bellibolt|46\/100\n|-start|p2a: Bellibolt|Charge|Earth Power|[from] ability: Electromorphosis\n|move|p2b: Flutter Mane|Shadow Ball|p1b: Glimmora\n|-damage|p1b: Glimmora|25\/100\n|-unboost|p1b: Glimmora|spd|1\n|move|p2a: Bellibolt|Volt Switch|p1b: Glimmora\n|-damage|p1b: Glimmora|0 fnt\n|faint|p1b: Glimmora\n|-end|p2a: Bellibolt|Charge|[silent]\n|\n|t:|1683427452\n|switch|p2a: Ting-Lu|Ting-Lu, L50|71\/100 brn|[from] Volt Switch\n|-ability|p2a: Ting-Lu|Vessel of Ruin\n|move|p1a: Gastrodon|Mud-Slap|p2b: Flutter Mane\n|-damage|p2b: Flutter Mane|84\/100\n|-unboost|p2b: Flutter Mane|accuracy|1\n|\n|-heal|p1a: Gastrodon|68\/100|[from] item: Leftovers\n|-damage|p2a: Ting-Lu|65\/100 brn|[from] brn\n|-end|p2b: Flutter Mane|move: Yawn|[silent]\n|-status|p2b: Flutter Mane|slp\n|upkeep\n|\n|t:|1683427456\n|switch|p1b: Corviknight|Corviknight, L50, M, shiny|100\/100\n|turn|6\n|\n|t:|1683427464\n|-end|p2b: Flutter Mane|Protosynthesis|[silent]\n|switch|p2b: Arcanine|Arcanine, L50, M|100\/100\n|-ability|p2b: Arcanine|Intimidate|boost\n|-unboost|p1a: Gastrodon|atk|1\n|-ability|p1b: Corviknight|Mirror Armor\n|-unboost|p2b: Arcanine|atk|1\n|move|p1b: Corviknight|Tailwind|p1b: Corviknight\n|-sidestart|p1: SilverXII|move: Tailwind\n|move|p1a: Gastrodon|Mud-Slap|p2a: Ting-Lu\n|-damage|p2a: Ting-Lu|61\/100 brn\n|-unboost|p2a: Ting-Lu|accuracy|1\n|move|p2a: Ting-Lu|Ruination|p1b: Corviknight|[miss]\n|-miss|p2a: Ting-Lu|p1b: Corviknight\n|\n|-heal|p1a: Gastrodon|74\/100|[from] item: Leftovers\n|-damage|p2a: Ting-Lu|55\/100 brn|[from] brn\n|upkeep\n|turn|7\n|\n|t:|1683427477\n|move|p1b: Corviknight|Iron Defense|p1b: Corviknight\n|-boost|p1b: Corviknight|def|2\n|move|p2b: Arcanine|Will-O-Wisp|p1b: Corviknight\n|-status|p1b: Corviknight|brn\n|move|p1a: Gastrodon|Yawn|p2b: Arcanine\n|-start|p2b: Arcanine|move: Yawn|[of] p1a: Gastrodon\n|move|p2a: Ting-Lu|Ruination|p1a: Gastrodon\n|-damage|p1a: Gastrodon|38\/100\n|\n|-heal|p1a: Gastrodon|44\/100|[from] item: Leftovers\n|-damage|p1b: Corviknight|95\/100 brn|[from] brn\n|-damage|p2a: Ting-Lu|49\/100 brn|[from] brn\n|upkeep\n|turn|8\n|\n|t:|1683427494\n|move|p2b: Arcanine|Extreme Speed|p1a: Gastrodon\n|-damage|p1a: Gastrodon|32\/100\n|move|p1b: Corviknight|Iron Defense|p1b: Corviknight\n|-boost|p1b: Corviknight|def|2\n|move|p1a: Gastrodon|Icy Wind|p2b: Arcanine|[spread] p2a\n|-miss|p1a: Gastrodon|p2b: Arcanine\n|-supereffective|p2a: Ting-Lu\n|-damage|p2a: Ting-Lu|40\/100 brn\n|-unboost|p2a: Ting-Lu|spe|1\n|move|p2a: Ting-Lu|Ruination|p1a: Gastrodon|[miss]\n|-miss|p2a: Ting-Lu|p1a: Gastrodon\n|\n|-heal|p1a: Gastrodon|38\/100|[from] item: Leftovers\n|-damage|p1b: Corviknight|89\/100 brn|[from] brn\n|-damage|p2a: Ting-Lu|34\/100 brn|[from] brn\n|-end|p2b: Arcanine|move: Yawn|[silent]\n|-status|p2b: Arcanine|slp\n|upkeep\n|turn|9\n|j| hi_76567\n|inactive|SilverXII has 30 seconds left.\n|\n|t:|1683427526\n|switch|p2a: Flutter Mane|Flutter Mane, L50|84\/100 slp\n|cant|p2b: Arcanine|slp\n|move|p1b: Corviknight|Iron Defense|p1b: Corviknight\n|-boost|p1b: Corviknight|def|2\n|move|p1a: Gastrodon|Mud-Slap|p2a: Flutter Mane\n|-damage|p2a: Flutter Mane|78\/100 slp\n|-unboost|p2a: Flutter Mane|accuracy|1\n|\n|-heal|p1a: Gastrodon|44\/100|[from] item: Leftovers\n|-damage|p1b: Corviknight|83\/100 brn|[from] brn\n|-sideend|p1: SilverXII|move: Tailwind\n|upkeep\n|turn|10\n|\n|t:|1683427536\n|-terastallize|p1b: Corviknight|Fighting\n|cant|p2a: Flutter Mane|slp\n|-curestatus|p2b: Arcanine|slp|[msg]\n|move|p2b: Arcanine|Flare Blitz|p1a: Gastrodon\n|-resisted|p1a: Gastrodon\n|-damage|p1a: Gastrodon|31\/100\n|-damage|p2b: Arcanine|96\/100|[from] Recoil\n|move|p1b: Corviknight|Body Press|p2b: Arcanine\n|-damage|p2b: Arcanine|10\/100\n|move|p1a: Gastrodon|Icy Wind|p2b: Arcanine|[spread] p2a,p2b\n|-resisted|p2b: Arcanine\n|-damage|p2a: Flutter Mane|71\/100 slp\n|-damage|p2b: Arcanine|6\/100\n|-unboost|p2a: Flutter Mane|spe|1\n|-unboost|p2b: Arcanine|spe|1\n|\n|-heal|p1a: Gastrodon|37\/100|[from] item: Leftovers\n|-damage|p1b: Corviknight|77\/100 brn|[from] brn\n|upkeep\n|turn|11\n|\n|t:|1683427556\n|move|p2b: Arcanine|Extreme Speed|p1a: Gastrodon\n|-crit|p1a: Gastrodon\n|-damage|p1a: Gastrodon|12\/100\n|cant|p2a: Flutter Mane|slp\n|move|p1b: Corviknight|Body Press|p2b: Arcanine\n|-damage|p2b: Arcanine|0 fnt\n|faint|p2b: Arcanine\n|move|p1a: Gastrodon|Mud-Slap|p2a: Flutter Mane\n|-damage|p2a: Flutter Mane|64\/100 slp\n|-unboost|p2a: Flutter Mane|accuracy|1\n|\n|-heal|p1a: Gastrodon|18\/100|[from] item: Leftovers\n|-damage|p1b: Corviknight|71\/100 brn|[from] brn\n|upkeep\n|\n|t:|1683427565\n|switch|p2b: Ting-Lu|Ting-Lu, L50|34\/100 brn\n|-ability|p2b: Ting-Lu|Vessel of Ruin\n|turn|12\n|\n|t:|1683427573\n|-curestatus|p2a: Flutter Mane|slp|[msg]\n|move|p2a: Flutter Mane|Dazzling Gleam|p1a: Gastrodon|[spread] p1a\n|-miss|p2a: Flutter Mane|p1b: Corviknight\n|-damage|p1a: Gastrodon|0 fnt\n|faint|p1a: Gastrodon\n|move|p1b: Corviknight|Body Press|p2b: Ting-Lu\n|-supereffective|p2b: Ting-Lu\n|-damage|p2b: Ting-Lu|0 fnt\n|faint|p2b: Ting-Lu\n|\n|-damage|p1b: Corviknight|65\/100 brn|[from] brn\n|upkeep\n|\n|t:|1683427578\n|switch|p2b: Bellibolt|Bellibolt, L50, F|46\/100\n|turn|13\n|\n|t:|1683427586\n|-terastallize|p2b: Bellibolt|Grass\n|move|p2a: Flutter Mane|Moonblast|p1b: Corviknight\n|-supereffective|p1b: Corviknight\n|-damage|p1b: Corviknight|0 fnt\n|faint|p1b: Corviknight\n|\n|win|Charlisito\n|raw|SilverXII's rating: 1557 → 1532<\/strong> (-25 for losing)\n|raw|Charlisito's rating: 1470 → 1495<\/strong> (+25 for winning)\n","uploadtime":1683427591,"views":7,"p1id":"silverxii","p2id":"charlisito","formatid":"gen9vgc2023regulationc","rating":1495,"private":0,"password":""}