{"id":"gen9vgc2023regulationc-1852920964","p1":"softDiddy","p2":"Aigashu-15","format":"[Gen 9] VGC 2023 Regulation C","log":"|j|\u2606softDiddy\n|j|\u2606Aigashu-15\n|t:|1682617444\n|gametype|doubles\n|player|p1|softDiddy|2|1061\n|player|p2|Aigashu-15|101|1026\n|teamsize|p1|6\n|teamsize|p2|6\n|gen|9\n|tier|[Gen 9] VGC 2023 Regulation C\n|rated|\n|rule|Species Clause: Limit one of each Pok\u00e9mon\n|rule|Item Clause: Limit one of each item\n|clearpoke\n|poke|p1|Palafin, L50, M|\n|poke|p1|Flutter Mane, L50|\n|poke|p1|Amoonguss, L50, F|\n|poke|p1|Gholdengo, L50|\n|poke|p1|Arcanine, L50, F|\n|poke|p1|Iron Hands, L50|\n|poke|p2|Arboliva, L50, M|\n|poke|p2|Iron Hands, L50|\n|poke|p2|Farigiraf, L50, M|\n|poke|p2|Glimmora, L50, M|\n|poke|p2|Mimikyu, L50, M|\n|poke|p2|Slowking, L50, M|\n|teampreview|4\nAigashu-15 has agreed to open team sheets.\n|inactive|Battle timer is ON: inactive players will automatically lose when time's up. (requested by Aigashu-15)\n|inactive|Aigashu-15 has 60 seconds left.\n|\n|t:|1682617512\n|start\n|switch|p1a: Flutter Mane|Flutter Mane, L50|100\/100\n|switch|p1b: Palafin|Palafin, L50, M|100\/100\n|switch|p2a: Agamenon|Farigiraf, L50, M|100\/100\n|switch|p2b: Majar\u00e9|Arboliva, L50, M, shiny|100\/100\n|-enditem|p1a: Flutter Mane|Booster Energy\n|-activate|p1a: Flutter Mane|ability: Protosynthesis|[fromitem]\n|-start|p1a: Flutter Mane|protosynthesisspe\n|turn|1\n|inactive|softDiddy has 30 seconds left.\n|inactive|softDiddy has 20 seconds left.\n|inactive|softDiddy has 15 seconds left.\n|inactive|softDiddy has 10 seconds left.\n|inactive|softDiddy has 5 seconds left.\n|\n|t:|1682617564\n|move|p1b: Palafin|Protect|p1b: Palafin\n|-singleturn|p1b: Palafin|Protect\n|move|p1a: Flutter Mane|Moonblast|p2a: Agamenon\n|-damage|p2a: Agamenon|48\/100\n|move|p2b: Majar\u00e9|Strength Sap|p1a: Flutter Mane\n|-unboost|p1a: Flutter Mane|atk|1\n|move|p2a: Agamenon|Trick Room|p2a: Agamenon\n|-fieldstart|move: Trick Room|[of] p2a: Agamenon\n|\n|upkeep\n|turn|2\n|inactive|softDiddy has 30 seconds left.\n|inactive|softDiddy has 20 seconds left.\n|inactive|softDiddy has 15 seconds left.\n|\n|t:|1682617606\n|-terastallize|p1a: Flutter Mane|Fairy\n|move|p1b: Palafin|Jet Punch||[still]\n|cant|p2a: Agamenon|ability: Armor Tail|Jet Punch|[of] p1b: Palafin\n|move|p2a: Agamenon|Shadow Ball|p1a: Flutter Mane\n|-damage|p1a: Flutter Mane|73\/100\n|move|p2b: Majar\u00e9|Hyper Voice|p1b: Palafin|[spread] p1a,p1b\n|-damage|p1a: Flutter Mane|29\/100\n|-damage|p1b: Palafin|45\/100\n|-enditem|p2b: Majar\u00e9|Throat Spray\n|-boost|p2b: Majar\u00e9|spa|1|[from] item: Throat Spray\n|move|p1a: Flutter Mane|Moonblast|p2b: Majar\u00e9\n|-damage|p2b: Majar\u00e9|39\/100\n|-fieldstart|move: Grassy Terrain|[from] ability: Seed Sower|[of] p2b: Majar\u00e9\n|\n|-heal|p2a: Agamenon|54\/100|[from] Grassy Terrain\n|-heal|p2b: Majar\u00e9|44\/100|[from] Grassy Terrain\n|-heal|p1b: Palafin|51\/100|[from] Grassy Terrain\n|-heal|p1a: Flutter Mane|35\/100|[from] Grassy Terrain\n|upkeep\n|turn|3\n|inactive|softDiddy has 30 seconds left.\n|inactive|softDiddy has 20 seconds left.\n|inactive|softDiddy has 15 seconds left.\n|\n|t:|1682617647\n|detailschange|p1b: Palafin|Palafin-Hero, L50, M\n|switch|p1b: Gholdengo|Gholdengo, L50|100\/100\n|move|p2a: Agamenon|Dazzling Gleam|p1b: Gholdengo|[spread] p1a,p1b\n|-resisted|p1b: Gholdengo\n|-damage|p1a: Flutter Mane|15\/100\n|-damage|p1b: Gholdengo|91\/100\n|move|p2b: Majar\u00e9|Hyper Voice|p1a: Flutter Mane|[spread] p1a\n|-immune|p1b: Gholdengo\n|-damage|p1a: Flutter Mane|0 fnt\n|faint|p1a: Flutter Mane\n|-end|p1a: Flutter Mane|Protosynthesis|[silent]\n|\n|-heal|p2a: Agamenon|60\/100|[from] Grassy Terrain\n|-heal|p2b: Majar\u00e9|50\/100|[from] Grassy Terrain\n|-heal|p1b: Gholdengo|97\/100|[from] Grassy Terrain\n|upkeep\n|\n|t:|1682617668\n|switch|p1a: Palafin|Palafin-Hero, L50, M|51\/100\n|-activate|p1a: Palafin|ability: Zero to Hero\n|turn|4\n|\n|t:|1682617680\n|move|p2a: Agamenon|Shadow Ball|p1b: Gholdengo\n|-supereffective|p1b: Gholdengo\n|-damage|p1b: Gholdengo|39\/100\n|move|p2b: Majar\u00e9|Terrain Pulse|p1a: Palafin\n|-supereffective|p1a: Palafin\n|-damage|p1a: Palafin|0 fnt\n|faint|p1a: Palafin\n|move|p1b: Gholdengo|Make It Rain|p2a: Agamenon|[spread] p2a,p2b\n|-damage|p2a: Agamenon|0 fnt\n|-damage|p2b: Majar\u00e9|0 fnt\n|-unboost|p1b: Gholdengo|spa|1\n|faint|p2a: Agamenon\n|faint|p2b: Majar\u00e9\n|\n|-heal|p1b: Gholdengo|45\/100|[from] Grassy Terrain\n|upkeep\n|inactive|softDiddy has 30 seconds left.\n|\n|t:|1682617707\n|switch|p2a: Manoalegre|Iron Hands, L50|100\/100\n|switch|p2b: Blues|Mimikyu, L50, M|100\/100\n|switch|p1a: Arcanine|Arcanine, L50, F|100\/100\n|-ability|p1a: Arcanine|Intimidate|boost\n|-unboost|p2a: Manoalegre|atk|1\n|-unboost|p2b: Blues|atk|1\n|turn|5\n|\n|t:|1682617722\n|-terastallize|p2b: Blues|Ground\n|move|p2a: Manoalegre|Fake Out|p1a: Arcanine\n|-damage|p1a: Arcanine|89\/100\n|move|p2b: Blues|Shadow Claw|p1b: Gholdengo\n|-supereffective|p1b: Gholdengo\n|-crit|p1b: Gholdengo\n|-damage|p1b: Gholdengo|0 fnt\n|faint|p1b: Gholdengo\n|cant|p1a: Arcanine|flinch\n|\n|-heal|p1a: Arcanine|95\/100|[from] Grassy Terrain\n|-fieldend|move: Trick Room\n|upkeep\n|turn|6\n|\n|t:|1682617742\n|move|p1a: Arcanine|Flare Blitz|p2a: Manoalegre\n|-damage|p2a: Manoalegre|70\/100\n|-status|p2a: Manoalegre|brn\n|-damage|p1a: Arcanine|84\/100|[from] Recoil\n|move|p2b: Blues|Drain Punch|p1a: Arcanine\n|-damage|p1a: Arcanine|67\/100\n|move|p2a: Manoalegre|Drain Punch|p1a: Arcanine\n|-damage|p1a: Arcanine|51\/100\n|-heal|p2a: Manoalegre|77\/100 brn|[from] drain|[of] p1a: Arcanine\n|\n|-heal|p1a: Arcanine|57\/100|[from] Grassy Terrain\n|-heal|p2a: Manoalegre|83\/100 brn|[from] Grassy Terrain\n|-damage|p2a: Manoalegre|77\/100 brn|[from] brn\n|-fieldend|move: Grassy Terrain\n|upkeep\n|turn|7\n|\n|t:|1682617765\n|move|p1a: Arcanine|Flare Blitz|p2a: Manoalegre\n|-damage|p2a: Manoalegre|49\/100 brn\n|-damage|p1a: Arcanine|47\/100|[from] Recoil\n|move|p2b: Blues|Play Rough|p1a: Arcanine\n|-resisted|p1a: Arcanine\n|-crit|p1a: Arcanine\n|-damage|p1a: Arcanine|15\/100\n|move|p2a: Manoalegre|Drain Punch|p1a: Arcanine\n|-damage|p1a: Arcanine|0 fnt\n|-heal|p2a: Manoalegre|56\/100 brn|[from] drain|[of] p1a: Arcanine\n|faint|p1a: Arcanine\n|\n|win|Aigashu-15\n|raw|softDiddy's rating: 1061 → 1040<\/strong> (-21 for losing)\n|raw|Aigashu-15's rating: 1026 → 1066<\/strong> (+40 for winning)\n|l|\u2606softDiddy\n","uploadtime":1682617779,"views":9,"p1id":"softdiddy","p2id":"aigashu15","formatid":"gen9vgc2023regulationc","rating":1040,"private":0,"password":""}