{"id":"gen9vgc2023regulationc-1852164531","p1":"clamps1","p2":"MAC N9NE","format":"[Gen 9] VGC 2023 Regulation C","log":"|j|\u2606clamps1\n|j|\u2606MAC N9NE\n|t:|1682529432\n|gametype|doubles\n|player|p1|clamps1|102|1119\n|player|p2|MAC N9NE|lance|1070\n|teamsize|p1|6\n|teamsize|p2|6\n|gen|9\n|tier|[Gen 9] VGC 2023 Regulation C\n|rated|\n|rule|Species Clause: Limit one of each Pok\u00e9mon\n|rule|Item Clause: Limit one of each item\n|clearpoke\n|poke|p1|Dondozo, L50, F|\n|poke|p1|Tatsugiri-Droopy, L50, M|\n|poke|p1|Pelipper, L50, F|\n|poke|p1|Drednaw, L50, M|\n|poke|p1|Dragonite, L50, M|\n|poke|p1|Chien-Pao, L50|\n|poke|p2|Armarouge, L50, F|\n|poke|p2|Indeedee-F, L50, F|\n|poke|p2|Kingambit, L50, M|\n|poke|p2|Amoonguss, L50, M|\n|poke|p2|Flutter Mane, L50|\n|poke|p2|Chien-Pao, L50|\n|teampreview|4\n|\n|t:|1682529449\n|start\n|switch|p1a: Pelipper|Pelipper, L50, F|100\/100\n|switch|p1b: Chien-Pao|Chien-Pao, L50|100\/100\n|switch|p2a: Armarouge|Armarouge, L50, F|100\/100\n|switch|p2b: Indeedee|Indeedee-F, L50, F|100\/100\n|-ability|p1b: Chien-Pao|Sword of Ruin\n|-fieldstart|move: Psychic Terrain|[from] ability: Psychic Surge|[of] p2b: Indeedee\n|-enditem|p2b: Indeedee|Psychic Seed\n|-boost|p2b: Indeedee|spd|1|[from] item: Psychic Seed\n|-weather|RainDance|[from] ability: Drizzle|[of] p1a: Pelipper\n|turn|1\n|inactive|Battle timer is ON: inactive players will automatically lose when time's up. (requested by clamps1)\n|inactive|MAC N9NE has 60 seconds left.\n|\n|t:|1682529525\n|-terastallize|p2a: Armarouge|Grass\n|move|p1b: Chien-Pao|Ice Spinner|p2b: Indeedee\n|-damage|p2b: Indeedee|33\/100\n|-fieldend|move: Psychic Terrain\n|move|p2a: Armarouge|Armor Cannon|p1b: Chien-Pao\n|-supereffective|p1b: Chien-Pao\n|-enditem|p1b: Chien-Pao|Focus Sash\n|-damage|p1b: Chien-Pao|1\/100\n|-unboost|p2a: Armarouge|def|1\n|-unboost|p2a: Armarouge|spd|1\n|move|p2b: Indeedee|Skill Swap|p1b: Chien-Pao\n|-activate|p2b: Indeedee|move: Skill Swap|Sword of Ruin|Psychic Surge|[of] p1b: Chien-Pao\n|-ability|p2b: Indeedee|Sword of Ruin\n|-fieldstart|move: Psychic Terrain|[from] ability: Psychic Surge|[of] p1b: Chien-Pao\n|move|p1a: Pelipper|Hydro Pump|p2a: Armarouge\n|-resisted|p2a: Armarouge\n|-damage|p2a: Armarouge|22\/100\n|\n|-weather|RainDance|[upkeep]\n|upkeep\n|turn|2\n|inactive|clamps1 has 30 seconds left.\n|inactive|MAC N9NE has 30 seconds left.\n|inactive|MAC N9NE has 20 seconds left.\n|inactive|MAC N9NE has 15 seconds left.\n|\n|t:|1682529570\n|switch|p1a: Dondozo|Dondozo, L50, F|100\/100\n|move|p2b: Indeedee|Protect|p2b: Indeedee\n|-singleturn|p2b: Indeedee|Protect\n|move|p1b: Chien-Pao|Sucker Punch|p2a: Armarouge\n|-activate|p2a: Armarouge|move: Psychic Terrain\n|move|p2a: Armarouge|Expanding Force|p1a: Dondozo|[spread] p1a\n|-immune|p1b: Chien-Pao\n|-damage|p1a: Dondozo|34\/100\n|\n|-weather|RainDance|[upkeep]\n|upkeep\n|turn|3\n|\n|t:|1682529593\n|switch|p1b: Tatsugiri|Tatsugiri-Droopy, L50, M, shiny|100\/100\n|-activate|p1b: Tatsugiri|ability: Commander|[of] p1a: Dondozo\n|-boost|p1a: Dondozo|atk|2\n|-boost|p1a: Dondozo|spa|2\n|-boost|p1a: Dondozo|spe|2\n|-boost|p1a: Dondozo|def|2\n|-boost|p1a: Dondozo|spd|2\n|-terastallize|p1a: Dondozo|Water\n|move|p2b: Indeedee|Follow Me|p2b: Indeedee\n|-singleturn|p2b: Indeedee|move: Follow Me\n|move|p1a: Dondozo|Surf|p2b: Indeedee|[spread] p2a,p2b\n|-miss|p1a: Dondozo|p1b: Tatsugiri\n|-resisted|p2a: Armarouge\n|-damage|p2a: Armarouge|0 fnt\n|-damage|p2b: Indeedee|0 fnt\n|faint|p2a: Armarouge\n|faint|p2b: Indeedee\n|-damage|p1a: Dondozo|24\/100|[from] item: Life Orb\n|\n|-weather|RainDance|[upkeep]\n|upkeep\n|\n|t:|1682529616\n|switch|p2a: Amoonguss|Amoonguss, L50, M|100\/100\n|switch|p2b: Kingambit|Kingambit, L50, M, shiny|100\/100\n|turn|4\n|inactive|MAC N9NE has 30 seconds left.\n|inactive|MAC N9NE has 20 seconds left.\n|inactive|MAC N9NE has 15 seconds left.\n|inactive|MAC N9NE has 10 seconds left.\n|\n|t:|1682529664\n|move|p1a: Dondozo|Surf|p2b: Kingambit|[spread] p2a,p2b\n|-miss|p1a: Dondozo|p1b: Tatsugiri\n|-resisted|p2a: Amoonguss\n|-damage|p2a: Amoonguss|55\/100\n|-damage|p2b: Kingambit|0 fnt\n|faint|p2b: Kingambit\n|-damage|p1a: Dondozo|15\/100|[from] item: Life Orb\n|move|p2a: Amoonguss|Spore|p1a: Dondozo\n|-status|p1a: Dondozo|slp|[from] move: Spore\n|\n|-weather|RainDance|[upkeep]\n|-heal|p2a: Amoonguss|61\/100|[from] item: Black Sludge\n|upkeep\n|turn|5\n|\n|t:|1682529679\n|cant|p1a: Dondozo|slp\n|move|p1a: Dondozo|Sleep Talk|p1a: Dondozo\n|move|p1a: Dondozo|Protect|p1a: Dondozo|[from]move: Sleep Talk\n|-singleturn|p1a: Dondozo|Protect\n|move|p2a: Amoonguss|Pollen Puff|p1a: Dondozo\n|-activate|p1a: Dondozo|move: Protect\n|\n|-weather|RainDance|[upkeep]\n|-heal|p2a: Amoonguss|67\/100|[from] item: Black Sludge\n|-fieldend|move: Psychic Terrain\n|upkeep\n|turn|6\n|\n|t:|1682529693\n|-curestatus|p1a: Dondozo|slp|[msg]\n|move|p1a: Dondozo|Sleep Talk||[still]\n|-fail|p1a: Dondozo\n|move|p2a: Amoonguss|Pollen Puff|p1a: Dondozo\n|-damage|p1a: Dondozo|4\/100\n|\n|-weather|RainDance|[upkeep]\n|-heal|p2a: Amoonguss|73\/100|[from] item: Black Sludge\n|upkeep\n|turn|7\n|\n|t:|1682529706\n|move|p2a: Amoonguss|Protect|p2a: Amoonguss\n|-singleturn|p2a: Amoonguss|Protect\n|move|p1a: Dondozo|Wave Crash|p2a: Amoonguss\n|-activate|p2a: Amoonguss|move: Protect\n|\n|-weather|RainDance|[upkeep]\n|-heal|p2a: Amoonguss|79\/100|[from] item: Black Sludge\n|upkeep\n|turn|8\n|\n|t:|1682529729\n|move|p1a: Dondozo|Wave Crash|p2a: Amoonguss\n|-resisted|p2a: Amoonguss\n|-damage|p2a: Amoonguss|0 fnt\n|-status|p1a: Dondozo|slp|[from] ability: Effect Spore|[of] p2a: Amoonguss\n|faint|p2a: Amoonguss\n|-damage|p1a: Dondozo|0 fnt|[from] Recoil\n|faint|p1a: Dondozo\n|\n|win|clamps1\n|raw|clamps1's rating: 1119 → 1140<\/strong> (+21 for winning)\n|raw|MAC N9NE's rating: 1070 → 1052<\/strong> (-18 for losing)\n|l|\u2606MAC N9NE\n","uploadtime":1682529739,"views":12,"p1id":"clamps1","p2id":"macn9ne","formatid":"gen9vgc2023regulationc","rating":1052,"private":0,"password":""}