{"id":"gen9vgc2023regulationc-1856946665","p1":"Bananas3334","p2":"gorilnx","format":"[Gen 9] VGC 2023 Regulation C","log":"|j|\u2606Bananas3334\n|j|\u2606gorilnx\n|t:|1683129051\n|gametype|doubles\n|player|p1|Bananas3334|102|1251\n|player|p2|gorilnx|dawn-gen4pt|1278\n|teamsize|p1|6\n|teamsize|p2|6\n|gen|9\n|tier|[Gen 9] VGC 2023 Regulation C\n|rated|\n|rule|Species Clause: Limit one of each Pok\u00e9mon\n|rule|Item Clause: Limit one of each item\n|clearpoke\n|poke|p1|Corviknight, L50, M|\n|poke|p1|Dragonite, L50, M|\n|poke|p1|Maushold-Four, L50|\n|poke|p1|Chi-Yu, L50|\n|poke|p1|Great Tusk, L50|\n|poke|p1|Murkrow, L50, F|\n|poke|p2|Palafin, L50, M|\n|poke|p2|Amoonguss, L50, F|\n|poke|p2|Flutter Mane, L50|\n|poke|p2|Arcanine, L50, M|\n|poke|p2|Ting-Lu, L50|\n|poke|p2|Baxcalibur, L50, M|\n|teampreview|4\n|inactive|Battle timer is ON: inactive players will automatically lose when time's up. (requested by gorilnx)\n|\n|t:|1683129076\n|start\n|switch|p1a: Corviknight|Corviknight, L50, M|100\/100\n|switch|p1b: Dragonite|Dragonite, L50, M|100\/100\n|switch|p2a: Flutter Mane|Flutter Mane, L50|100\/100\n|switch|p2b: Arcanine|Arcanine, L50, M|100\/100\n|-ability|p2b: Arcanine|Intimidate|boost\n|-ability|p1a: Corviknight|Mirror Armor\n|-unboost|p2b: Arcanine|atk|1\n|-unboost|p1b: Dragonite|atk|1\n|turn|1\n|inactive|Bananas3334 has 30 seconds left.\n|inactive|Bananas3334 has 20 seconds left.\n|\n|t:|1683129112\n|-terastallize|p1a: Corviknight|Fire\n|move|p2a: Flutter Mane|Thunderbolt|p1a: Corviknight\n|-damage|p1a: Corviknight|51\/100\n|-status|p1a: Corviknight|par\n|move|p1b: Dragonite|Rock Slide|p2a: Flutter Mane|[spread] p2a,p2b\n|-supereffective|p2b: Arcanine\n|-damage|p2a: Flutter Mane|52\/100\n|-damage|p2b: Arcanine|52\/100\n|move|p2b: Arcanine|Flare Blitz|p1a: Corviknight\n|-resisted|p1a: Corviknight\n|-damage|p1a: Corviknight|35\/100 par\n|-damage|p2b: Arcanine|47\/100|[from] Recoil\n|move|p1a: Corviknight|Iron Head|p2a: Flutter Mane\n|-supereffective|p2a: Flutter Mane\n|-damage|p2a: Flutter Mane|0 fnt\n|faint|p2a: Flutter Mane\n|-end|p2a: Flutter Mane|Protosynthesis|[silent]\n|\n|-heal|p1a: Corviknight|40\/100 par|[from] item: Leftovers\n|upkeep\n|\n|t:|1683129128\n|switch|p2a: Palafin|Palafin, L50, M|100\/100\n|turn|2\n|\n|t:|1683129143\n|detailschange|p2a: Palafin|Palafin-Hero, L50, M\n|switch|p2a: Amoonguss|Amoonguss, L50, F|100\/100\n|switch|p1a: Maushold|Maushold-Four, L50|100\/100\n|move|p2b: Arcanine|Protect|p2b: Arcanine\n|-singleturn|p2b: Arcanine|Protect\n|move|p1b: Dragonite|Rock Slide|p2a: Amoonguss|[spread] p2a\n|-activate|p2b: Arcanine|move: Protect\n|-damage|p2a: Amoonguss|84\/100\n|\n|upkeep\n|turn|3\n|\n|t:|1683129165\n|switch|p1b: Corviknight|Corviknight, L50, M, tera:Fire|40\/100 par\n|move|p1a: Maushold|Population Bomb|p2a: Amoonguss\n|-damage|p2a: Amoonguss|77\/100\n|-damage|p2a: Amoonguss|70\/100\n|-damage|p2a: Amoonguss|63\/100\n|-damage|p2a: Amoonguss|56\/100\n|-damage|p2a: Amoonguss|49\/100\n|-enditem|p2a: Amoonguss|Sitrus Berry|[eat]\n|-heal|p2a: Amoonguss|74\/100|[from] item: Sitrus Berry\n|-damage|p2a: Amoonguss|67\/100\n|-damage|p2a: Amoonguss|60\/100\n|-damage|p2a: Amoonguss|53\/100\n|-damage|p2a: Amoonguss|46\/100\n|-damage|p2a: Amoonguss|39\/100\n|-hitcount|p2a: Amoonguss|10\n|move|p2b: Arcanine|Will-O-Wisp||[still]\n|-fail|p2b: Arcanine\n|move|p2a: Amoonguss|Pollen Puff|p2b: Arcanine\n|-heal|p2b: Arcanine|96\/100\n|\n|-heal|p1b: Corviknight|46\/100 par|[from] item: Leftovers\n|upkeep\n|turn|4\n|inactive|Bananas3334 has 30 seconds left.\n|\n|t:|1683129198\n|switch|p2b: Palafin|Palafin-Hero, L50, M|100\/100\n|-activate|p2b: Palafin|ability: Zero to Hero\n|move|p2a: Amoonguss|Protect|p2a: Amoonguss\n|-singleturn|p2a: Amoonguss|Protect\n|move|p1a: Maushold|Taunt|p2a: Amoonguss\n|-activate|p2a: Amoonguss|move: Protect\n|move|p1b: Corviknight|Tailwind|p1b: Corviknight\n|-sidestart|p1: Bananas3334|move: Tailwind\n|\n|-heal|p1b: Corviknight|52\/100 par|[from] item: Leftovers\n|upkeep\n|turn|5\n|inactive|gorilnx has 30 seconds left.\n|\n|t:|1683129223\n|-terastallize|p2b: Palafin|Water\n|move|p2b: Palafin|Jet Punch|p1b: Corviknight\n|-supereffective|p1b: Corviknight\n|-damage|p1b: Corviknight|0 fnt\n|faint|p1b: Corviknight\n|move|p1a: Maushold|Thunder Wave|p2b: Palafin\n|-status|p2b: Palafin|par\n|move|p2a: Amoonguss|Spore|p1a: Maushold\n|-status|p1a: Maushold|slp|[from] move: Spore\n|\n|upkeep\n|\n|t:|1683129236\n|switch|p1b: Dragonite|Dragonite, L50, M|100\/100\n|turn|6\n|\n|t:|1683129255\n|switch|p2a: Arcanine|Arcanine, L50, M|96\/100\n|-ability|p2a: Arcanine|Intimidate|boost\n|-unboost|p1a: Maushold|atk|1\n|-unboost|p1b: Dragonite|atk|1\n|cant|p1a: Maushold|slp\n|move|p2b: Palafin|Wave Crash|p1b: Dragonite\n|-resisted|p1b: Dragonite\n|-damage|p1b: Dragonite|72\/100\n|-damage|p2b: Palafin|93\/100 par|[from] Recoil\n|move|p1b: Dragonite|Dragon Tail|p2b: Palafin\n|-damage|p2b: Palafin|61\/100 par\n|drag|p2b: Amoonguss|Amoonguss, L50, F|72\/100\n|\n|upkeep\n|turn|7\n|\n|t:|1683129283\n|switch|p1b: Great Tusk|Great Tusk, L50|100\/100\n|-enditem|p1b: Great Tusk|Booster Energy\n|-activate|p1b: Great Tusk|ability: Protosynthesis|[fromitem]\n|-start|p1b: Great Tusk|protosynthesisatk\n|cant|p1a: Maushold|slp\n|move|p2a: Arcanine|Will-O-Wisp|p1b: Great Tusk\n|-status|p1b: Great Tusk|brn\n|move|p2b: Amoonguss|Pollen Puff|p2a: Arcanine\n|-heal|p2a: Arcanine|100\/100\n|\n|-damage|p1b: Great Tusk|95\/100 brn|[from] brn\n|-sideend|p1: Bananas3334|move: Tailwind\n|upkeep\n|turn|8\n|inactive|Bananas3334 has 30 seconds left.\n|\n|t:|1683129315\n|move|p2b: Amoonguss|Protect|p2b: Amoonguss\n|-singleturn|p2b: Amoonguss|Protect\n|cant|p1a: Maushold|slp\n|move|p2a: Arcanine|Flare Blitz|p1a: Maushold\n|-damage|p1a: Maushold|29\/100 slp\n|-damage|p2a: Arcanine|78\/100|[from] Recoil\n|move|p1b: Great Tusk|Headlong Rush|p2b: Amoonguss\n|-activate|p2b: Amoonguss|move: Protect\n|\n|-damage|p1b: Great Tusk|89\/100 brn|[from] brn\n|upkeep\n|turn|9\n|\n|t:|1683129339\n|-curestatus|p1a: Maushold|slp|[msg]\n|move|p1a: Maushold|Taunt|p2b: Amoonguss\n|-start|p2b: Amoonguss|move: Taunt\n|move|p2a: Arcanine|Flare Blitz|p1b: Great Tusk\n|-crit|p1b: Great Tusk\n|-damage|p1b: Great Tusk|47\/100 brn\n|-damage|p2a: Arcanine|63\/100|[from] Recoil\n|move|p1b: Great Tusk|Headlong Rush|p2a: Arcanine\n|-supereffective|p2a: Arcanine\n|-damage|p2a: Arcanine|0 fnt\n|-unboost|p1b: Great Tusk|def|1\n|-unboost|p1b: Great Tusk|spd|1\n|faint|p2a: Arcanine\n|move|p2b: Amoonguss|Pollen Puff|p2: Arcanine|[notarget]\n|-fail|p2b: Amoonguss\n|\n|-damage|p1b: Great Tusk|41\/100 brn|[from] brn\n|upkeep\n|\n|t:|1683129353\n|switch|p2a: Palafin|Palafin-Hero, L50, M, tera:Water|61\/100 par\n|turn|10\n|\n|t:|1683129366\n|-end|p1b: Great Tusk|Protosynthesis|[silent]\n|switch|p1b: Dragonite|Dragonite, L50, M|72\/100\n|move|p2a: Palafin|Jet Punch|p1b: Dragonite\n|-resisted|p1b: Dragonite\n|-damage|p1b: Dragonite|43\/100\n|move|p1a: Maushold|Population Bomb|p2a: Palafin\n|-damage|p2a: Palafin|56\/100 par\n|-damage|p2a: Palafin|52\/100 par\n|-damage|p2a: Palafin|47\/100 par\n|-damage|p2a: Palafin|43\/100 par\n|-damage|p2a: Palafin|37\/100 par\n|-damage|p2a: Palafin|31\/100 par\n|-damage|p2a: Palafin|26\/100 par\n|-damage|p2a: Palafin|22\/100 par\n|-hitcount|p2a: Palafin|8\n|move|p2b: Amoonguss|Pollen Puff|p2a: Palafin\n|-heal|p2a: Palafin|72\/100 par\n|\n|upkeep\n|turn|11\n|inactive|Bananas3334 has 30 seconds left.\n|inactive|gorilnx has 30 seconds left.\n|\n|t:|1683129401\n|switch|p1a: Great Tusk|Great Tusk, L50|41\/100 brn\n|move|p2a: Palafin|Jet Punch|p1a: Great Tusk\n|-supereffective|p1a: Great Tusk\n|-damage|p1a: Great Tusk|0 fnt\n|faint|p1a: Great Tusk\n|-end|p1a: Great Tusk|Protosynthesis|[silent]\n|move|p1b: Dragonite|Rock Slide|p2a: Palafin|[spread] p2a,p2b\n|-damage|p2a: Palafin|43\/100 par\n|-damage|p2b: Amoonguss|44\/100\n|move|p2b: Amoonguss|Pollen Puff|p2a: Palafin\n|-heal|p2a: Palafin|92\/100 par\n|\n|-end|p2b: Amoonguss|move: Taunt\n|upkeep\n|\n|t:|1683129414\n|switch|p1a: Maushold|Maushold-Four, L50|29\/100\n|turn|12\n|\n|t:|1683129422\n|move|p2b: Amoonguss|Protect|p2b: Amoonguss\n|-singleturn|p2b: Amoonguss|Protect\n|move|p1a: Maushold|Follow Me|p1a: Maushold\n|-singleturn|p1a: Maushold|move: Follow Me\n|cant|p2a: Palafin|par\n|move|p1b: Dragonite|Rock Slide|p2a: Palafin|[spread] p2a\n|-activate|p2b: Amoonguss|move: Protect\n|-damage|p2a: Palafin|65\/100 par\n|\n|upkeep\n|turn|13\n|\n|t:|1683129436\n|move|p1a: Maushold|Follow Me|p1a: Maushold\n|-singleturn|p1a: Maushold|move: Follow Me\n|move|p2a: Palafin|Jet Punch|p1a: Maushold\n|-damage|p1a: Maushold|0 fnt\n|faint|p1a: Maushold\n|move|p1b: Dragonite|Rock Slide|p2a: Palafin|[spread] p2a,p2b\n|-damage|p2a: Palafin|35\/100 par\n|-damage|p2b: Amoonguss|17\/100\n|move|p2b: Amoonguss|Spore|p1b: Dragonite\n|-status|p1b: Dragonite|slp|[from] move: Spore\n|\n|upkeep\n|turn|14\n|\n|t:|1683129451\n|cant|p1b: Dragonite|slp\n|move|p2a: Palafin|Wave Crash|p1b: Dragonite\n|-resisted|p1b: Dragonite\n|-damage|p1b: Dragonite|0 fnt\n|faint|p1b: Dragonite\n|-damage|p2a: Palafin|24\/100 par|[from] Recoil\n|\n|win|gorilnx\n|raw|Bananas3334's rating: 1251 → 1228<\/strong> (-23 for losing)\n|raw|gorilnx's rating: 1278 → 1301<\/strong> (+23 for winning)\n","uploadtime":1683129478,"views":16,"p1id":"bananas3334","p2id":"gorilnx","formatid":"gen9vgc2023regulationc","rating":1228,"private":0,"password":""}