{"id":"gen9vgc2023regulationc-1851131653","p1":"MarcusLin_0130","p2":"GewnAtuhi","format":"[Gen 9] VGC 2023 Regulation C","log":"|j|\u2606MarcusLin_0130\n|j|\u2606GewnAtuhi\n|t:|1682414451\n|gametype|doubles\n|player|p1|MarcusLin_0130|gentleman-gen4|1187\n|player|p2|GewnAtuhi|102|1175\n|teamsize|p1|6\n|teamsize|p2|6\n|gen|9\n|tier|[Gen 9] VGC 2023 Regulation C\n|rated|\n|rule|Species Clause: Limit one of each Pok\u00e9mon\n|rule|Item Clause: Limit one of each item\n|clearpoke\n|poke|p1|Tyranitar, L50, M|\n|poke|p1|Garchomp, L50, M|\n|poke|p1|Amoonguss, L50, M|\n|poke|p1|Iron Hands, L50|\n|poke|p1|Gardevoir, L50, M|\n|poke|p1|Gholdengo, L50|\n|poke|p2|Annihilape, L50, M|\n|poke|p2|Tyranitar, L50, F|\n|poke|p2|Goodra, L50, M|\n|poke|p2|Scizor, L50, F|\n|poke|p2|Vaporeon, L50, M|\n|poke|p2|Lycanroc, L50, F|\n|teampreview|4\n|inactive|Battle timer is ON: inactive players will automatically lose when time's up. (requested by GewnAtuhi)\n|\n|t:|1682414506\n|start\n|switch|p1a: Gardevoir|Gardevoir, L50, M, shiny|100\/100\n|switch|p1b: Garchomp|Garchomp, L50, M|100\/100\n|switch|p2a: Annihilape|Annihilape, L50, M|100\/100\n|switch|p2b: Scizor|Scizor, L50, F|100\/100\n|turn|1\n|\n|t:|1682414528\n|move|p1b: Garchomp|Protect|p1b: Garchomp\n|-singleturn|p1b: Garchomp|Protect\n|move|p2a: Annihilape|Bulk Up|p2a: Annihilape\n|-boost|p2a: Annihilape|atk|1\n|-boost|p2a: Annihilape|def|1\n|move|p2b: Scizor|U-turn|p1b: Garchomp\n|-activate|p1b: Garchomp|move: Protect\n|move|p1a: Gardevoir|Trick Room|p1a: Gardevoir\n|-fieldstart|move: Trick Room|[of] p1a: Gardevoir\n|\n|upkeep\n|turn|2\n|inactive|GewnAtuhi has 30 seconds left.\n|\n|t:|1682414557\n|switch|p1a: Tyranitar|Tyranitar, L50, M|100\/100\n|-weather|Sandstorm|[from] ability: Sand Stream|[of] p1a: Tyranitar\n|move|p2a: Annihilape|Protect|p2a: Annihilape\n|-singleturn|p2a: Annihilape|Protect\n|move|p2b: Scizor|U-turn|p1a: Tyranitar\n|-supereffective|p1a: Tyranitar\n|-crit|p1a: Tyranitar\n|-damage|p1a: Tyranitar|25\/100\n|-enditem|p1a: Tyranitar|Weakness Policy\n|-boost|p1a: Tyranitar|atk|2|[from] item: Weakness Policy\n|-boost|p1a: Tyranitar|spa|2|[from] item: Weakness Policy\n|\n|t:|1682414572\n|switch|p2b: Vaporeon|Vaporeon, L50, M|100\/100|[from] U-turn\n|move|p1b: Garchomp|Swords Dance|p1b: Garchomp\n|-boost|p1b: Garchomp|atk|2\n|\n|-weather|Sandstorm|[upkeep]\n|-damage|p2b: Vaporeon|94\/100|[from] Sandstorm\n|-heal|p2b: Vaporeon|100\/100|[from] item: Leftovers\n|upkeep\n|turn|3\n|\n|t:|1682414591\n|move|p1a: Tyranitar|Protect|p1a: Tyranitar\n|-singleturn|p1a: Tyranitar|Protect\n|move|p2b: Vaporeon|Muddy Water|p1b: Garchomp|[spread] \n|-activate|p1a: Tyranitar|move: Protect\n|-miss|p2b: Vaporeon|p1b: Garchomp\n|move|p1b: Garchomp|Earthquake|p2b: Vaporeon|[spread] p2a,p2b\n|-activate|p1a: Tyranitar|move: Protect\n|-damage|p2a: Annihilape|46\/100\n|-damage|p2b: Vaporeon|4\/100\n|move|p2a: Annihilape|Rage Fist|p1b: Garchomp\n|-damage|p1b: Garchomp|53\/100\n|\n|-weather|Sandstorm|[upkeep]\n|-damage|p2b: Vaporeon|0 fnt|[from] Sandstorm\n|faint|p2b: Vaporeon\n|upkeep\n|\n|t:|1682414606\n|switch|p2b: Scizor|Scizor, L50, F|100\/100\n|turn|4\n|inactive|MarcusLin_0130 has 30 seconds left.\n|inactive|MarcusLin_0130 has 20 seconds left.\n|inactive|MarcusLin_0130 has 15 seconds left.\n|inactive|MarcusLin_0130 has 10 seconds left.\n|inactive|MarcusLin_0130 has 5 seconds left.\n|\n|t:|1682414661\n|-terastallize|p2b: Scizor|Water\n|move|p2a: Annihilape|Protect|p2a: Annihilape\n|-singleturn|p2a: Annihilape|Protect\n|move|p2b: Scizor|Bullet Punch|p1a: Tyranitar\n|-supereffective|p1a: Tyranitar\n|-damage|p1a: Tyranitar|0 fnt\n|faint|p1a: Tyranitar\n|move|p1b: Garchomp|Earthquake|p2a: Annihilape|[spread] p2b\n|-activate|p2a: Annihilape|move: Protect\n|-damage|p2b: Scizor|17\/100\n|\n|-weather|Sandstorm|[upkeep]\n|-damage|p2b: Scizor|11\/100|[from] Sandstorm\n|upkeep\n|\n|t:|1682414675\n|switch|p1a: Amoonguss|Amoonguss, L50, M|100\/100\n|turn|5\n|inactive|GewnAtuhi has 30 seconds left.\n|\n|t:|1682414703\n|switch|p2a: Goodra|Goodra, L50, M|100\/100\n|move|p1a: Amoonguss|Pollen Puff|p1b: Garchomp\n|-heal|p1b: Garchomp|100\/100\n|move|p2b: Scizor|U-turn|p1a: Amoonguss\n|-damage|p1a: Amoonguss|73\/100\n|\n|t:|1682414711\n|switch|p2b: Annihilape|Annihilape, L50, M|46\/100|[from] U-turn\n|move|p1b: Garchomp|Earthquake|p2a: Goodra|[spread] p1a,p2a,p2b\n|-crit|p2a: Goodra\n|-damage|p1a: Amoonguss|15\/100\n|-damage|p2a: Goodra|0 fnt\n|-damage|p2b: Annihilape|0 fnt\n|faint|p2a: Goodra\n|faint|p2b: Annihilape\n|\n|-weather|Sandstorm|[upkeep]\n|-damage|p1a: Amoonguss|9\/100|[from] Sandstorm\n|-heal|p1a: Amoonguss|15\/100|[from] item: Leftovers\n|-fieldend|move: Trick Room\n|upkeep\n|\n|t:|1682414724\n|switch|p2b: Scizor|Scizor, L50, F, tera:Water|11\/100\n|turn|6\n|-message|GewnAtuhi forfeited.\n|\n|win|MarcusLin_0130\n|raw|MarcusLin_0130's rating: 1187 → 1211<\/strong> (+24 for winning)\n|raw|GewnAtuhi's rating: 1175 → 1151<\/strong> (-24 for losing)\n|l|\u2606MarcusLin_0130\n","uploadtime":1682414733,"views":13,"p1id":"marcuslin0130","p2id":"gewnatuhi","formatid":"gen9vgc2023regulationc","rating":1151,"private":0,"password":""}