{"id":"gen9vgc2023regulationc-1854629173","p1":"TrainerRYSA","p2":"Chi-YuOneTrick","format":"[Gen 9] VGC 2023 Regulation C","log":"|j|\u2606TrainerRYSA\n|j|\u2606Chi-YuOneTrick\n|t:|1682839202\n|gametype|doubles\n|player|p1|TrainerRYSA|1|1290\n|player|p2|Chi-YuOneTrick|acetrainer-gen6xy|1388\n|teamsize|p1|6\n|teamsize|p2|6\n|gen|9\n|tier|[Gen 9] VGC 2023 Regulation C\n|rated|\n|rule|Species Clause: Limit one of each Pok\u00e9mon\n|rule|Item Clause: Limit one of each item\n|clearpoke\n|poke|p1|Flutter Mane, L50|\n|poke|p1|Iron Hands, L50|\n|poke|p1|Dragonite, L50, M|\n|poke|p1|Umbreon, L50, M|\n|poke|p1|Gyarados, L50, M|\n|poke|p1|Palafin, L50, F|\n|poke|p2|Iron Hands, L50|\n|poke|p2|Chi-Yu, L50|\n|poke|p2|Amoonguss, L50, M|\n|poke|p2|Bronzong, L50|\n|poke|p2|Gyarados, L50, M|\n|poke|p2|Flutter Mane, L50|\n|teampreview|4\nTrainerRYSA has agreed to open team sheets.\n|inactive|Battle timer is ON: inactive players will automatically lose when time's up. (requested by Chi-YuOneTrick)\nChi-YuOneTrick has agreed to open team sheets.\n|inactive|TrainerRYSA has 60 seconds left.\n|\n|t:|1682839285\n|start\n|switch|p1a: Gyarados|Gyarados, L50, M, shiny|100\/100\n|switch|p1b: Flutter Mane|Flutter Mane, L50|100\/100\n|switch|p2a: Flutter Mane|Flutter Mane, L50|100\/100\n|switch|p2b: Chi-Yu|Chi-Yu, L50|100\/100\n|-ability|p1a: Gyarados|Intimidate|boost\n|-unboost|p2a: Flutter Mane|atk|1\n|-unboost|p2b: Chi-Yu|atk|1\n|-ability|p2b: Chi-Yu|Beads of Ruin\n|-enditem|p1b: Flutter Mane|Booster Energy\n|-activate|p1b: Flutter Mane|ability: Protosynthesis|[fromitem]\n|-start|p1b: Flutter Mane|protosynthesisspa\n|turn|1\n|inactive|TrainerRYSA has 30 seconds left.\n|inactive|Chi-YuOneTrick has 30 seconds left.\n|\n|t:|1682839315\n|-terastallize|p2b: Chi-Yu|Water\n|move|p2a: Flutter Mane|Shadow Ball|p1b: Flutter Mane\n|-supereffective|p1b: Flutter Mane\n|-damage|p1b: Flutter Mane|0 fnt\n|faint|p1b: Flutter Mane\n|-end|p1b: Flutter Mane|Protosynthesis|[silent]\n|move|p1a: Gyarados|Iron Head|p2a: Flutter Mane\n|-supereffective|p2a: Flutter Mane\n|-damage|p2a: Flutter Mane|0 fnt\n|faint|p2a: Flutter Mane\n|-end|p2a: Flutter Mane|Protosynthesis|[silent]\n|move|p2b: Chi-Yu|Nasty Plot|p2b: Chi-Yu\n|-boost|p2b: Chi-Yu|spa|2\n|\n|upkeep\n|\n|t:|1682839339\n|switch|p2a: Gyarados|Gyarados, L50, M|100\/100\n|switch|p1b: Dragonite|Dragonite, L50, M, shiny|100\/100\n|-ability|p2a: Gyarados|Intimidate|boost\n|-unboost|p1a: Gyarados|atk|1\n|-fail|p1b: Dragonite|unboost|Attack|[from] ability: Inner Focus|[of] p1b: Dragonite\n|turn|2\n|\n|t:|1682839355\n|-terastallize|p1b: Dragonite|Normal\n|move|p2b: Chi-Yu|Protect|p2b: Chi-Yu\n|-singleturn|p2b: Chi-Yu|Protect\n|move|p1b: Dragonite|Extreme Speed|p2b: Chi-Yu\n|-activate|p2b: Chi-Yu|move: Protect\n|move|p1a: Gyarados|Iron Head|p2b: Chi-Yu\n|-activate|p2b: Chi-Yu|move: Protect\n|move|p2a: Gyarados|Thunder Wave|p1b: Dragonite\n|-status|p1b: Dragonite|par\n|\n|upkeep\n|turn|3\n|inactive|Chi-YuOneTrick has 30 seconds left.\n|inactive|Chi-YuOneTrick has 20 seconds left.\n|inactive|Chi-YuOneTrick has 15 seconds left.\n|inactive|Chi-YuOneTrick has 10 seconds left.\n|\n|t:|1682839400\n|switch|p2b: Iron Hands|Iron Hands, L50|100\/100\n|move|p1b: Dragonite|Extreme Speed|p2b: Iron Hands\n|-damage|p2b: Iron Hands|52\/100\n|move|p1a: Gyarados|Iron Head|p2b: Iron Hands\n|-resisted|p2b: Iron Hands\n|-damage|p2b: Iron Hands|45\/100\n|move|p2a: Gyarados|Thunder Wave|p1a: Gyarados\n|-status|p1a: Gyarados|par\n|\n|upkeep\n|turn|4\n|inactive|Chi-YuOneTrick has 30 seconds left.\n|\n|t:|1682839428\n|move|p1b: Dragonite|Extreme Speed|p2a: Gyarados\n|-damage|p2a: Gyarados|34\/100\n|move|p2a: Gyarados|Taunt|p1a: Gyarados\n|-start|p1a: Gyarados|move: Taunt\n|move|p2b: Iron Hands|Drain Punch|p1b: Dragonite\n|-supereffective|p1b: Dragonite\n|-damage|p1b: Dragonite|11\/100 par\n|-heal|p2b: Iron Hands|81\/100|[from] drain|[of] p1b: Dragonite\n|cant|p1a: Gyarados|par\n|\n|upkeep\n|turn|5\n|\n|t:|1682839450\n|move|p2a: Gyarados|Protect|p2a: Gyarados\n|-singleturn|p2a: Gyarados|Protect\n|move|p1b: Dragonite|Extreme Speed|p2a: Gyarados\n|-activate|p2a: Gyarados|move: Protect\n|move|p2b: Iron Hands|Drain Punch|p1b: Dragonite\n|-supereffective|p1b: Dragonite\n|-damage|p1b: Dragonite|0 fnt\n|-heal|p2b: Iron Hands|86\/100|[from] drain|[of] p1b: Dragonite\n|faint|p1b: Dragonite\n|cant|p1a: Gyarados|par\n|\n|upkeep\n|\n|t:|1682839461\n|switch|p1b: Iron Hands|Iron Hands, L50|100\/100\n|turn|6\n|inactive|Chi-YuOneTrick has 30 seconds left.\n|\n|t:|1682839494\n|move|p2a: Gyarados|Waterfall|p1b: Iron Hands\n|-damage|p1b: Iron Hands|76\/100\n|move|p1b: Iron Hands|Wild Charge|p2a: Gyarados\n|-supereffective|p2a: Gyarados\n|-damage|p2a: Gyarados|0 fnt\n|faint|p2a: Gyarados\n|-damage|p1b: Iron Hands|69\/100|[from] Recoil\n|move|p2b: Iron Hands|Wild Charge|p1a: Gyarados\n|-supereffective|p1a: Gyarados\n|-damage|p1a: Gyarados|0 fnt\n|faint|p1a: Gyarados\n|-damage|p2b: Iron Hands|67\/100|[from] Recoil\n|\n|upkeep\n|\n|t:|1682839504\n|switch|p2a: Chi-Yu|Chi-Yu, L50, tera:Water|100\/100\n|-ability|p2a: Chi-Yu|Beads of Ruin\n|turn|7\n|\n|t:|1682839510\n|move|p2a: Chi-Yu|Protect|p2a: Chi-Yu\n|-singleturn|p2a: Chi-Yu|Protect\n|move|p1b: Iron Hands|Drain Punch|p2b: Iron Hands\n|-damage|p2b: Iron Hands|40\/100\n|-heal|p1b: Iron Hands|82\/100|[from] drain|[of] p2b: Iron Hands\n|move|p2b: Iron Hands|Drain Punch|p1b: Iron Hands\n|-damage|p1b: Iron Hands|52\/100\n|-heal|p2b: Iron Hands|57\/100|[from] drain|[of] p1b: Iron Hands\n|\n|upkeep\n|turn|8\n|\n|t:|1682839528\n|move|p2a: Chi-Yu|Flamethrower|p1b: Iron Hands\n|-damage|p1b: Iron Hands|21\/100\n|move|p1b: Iron Hands|Wild Charge|p2a: Chi-Yu\n|-supereffective|p2a: Chi-Yu\n|-crit|p2a: Chi-Yu\n|-damage|p2a: Chi-Yu|0 fnt\n|faint|p2a: Chi-Yu\n|-damage|p1b: Iron Hands|5\/100|[from] Recoil\n|move|p2b: Iron Hands|Drain Punch|p1b: Iron Hands\n|-damage|p1b: Iron Hands|0 fnt\n|-heal|p2b: Iron Hands|59\/100|[from] drain|[of] p1b: Iron Hands\n|faint|p1b: Iron Hands\n|-end|p1b: Iron Hands|Quark Drive|[silent]\n|\n|win|Chi-YuOneTrick\n|raw|TrainerRYSA's rating: 1290 → 1272<\/strong> (-18 for losing)\n|raw|Chi-YuOneTrick's rating: 1388 → 1403<\/strong> (+15 for winning)\n|l|\u2606Chi-YuOneTrick\n|c|\u2606TrainerRYSA|gg\n","uploadtime":1682839545,"views":18,"p1id":"trainerrysa","p2id":"chiyuonetrick","formatid":"gen9vgc2023regulationc","rating":1272,"private":0,"password":""}