{"id":"gen9vgc2023regulationc-1847409545","p1":"Wormfury","p2":"megaswampert52","format":"[Gen 9] VGC 2023 Regulation C","log":"|j|\u2606Wormfury\n|j|\u2606megaswampert52\n|t:|1681951756\n|gametype|doubles\n|player|p1|Wormfury|102|1159\n|player|p2|megaswampert52|raihan-masters|1247\n|teamsize|p1|6\n|teamsize|p2|6\n|gen|9\n|tier|[Gen 9] VGC 2023 Regulation C\n|rated|\n|rule|Species Clause: Limit one of each Pok\u00e9mon\n|rule|Item Clause: Limit one of each item\n|clearpoke\n|poke|p1|Florges-White, L50, F|\n|poke|p1|Flutter Mane, L50|\n|poke|p1|Annihilape, L50, F|\n|poke|p1|Palafin, L50, F|\n|poke|p1|Talonflame, L50, F|\n|poke|p1|Bisharp, L50, M|\n|poke|p2|Palafin, L50, F|\n|poke|p2|Chien-Pao, L50|\n|poke|p2|Dragapult, L50, F|\n|poke|p2|Pawmot, L50, M|\n|poke|p2|Arcanine, L50, F|\n|poke|p2|Flutter Mane, L50|\n|teampreview|4\n|inactive|Battle timer is ON: inactive players will automatically lose when time's up. (requested by megaswampert52)\n|\n|t:|1681951777\n|start\n|switch|p1a: Bisharp|Bisharp, L50, M, shiny|100\/100\n|switch|p1b: Palafin|Palafin, L50, F|100\/100\n|switch|p2a: Diego|Chien-Pao, L50|100\/100\n|switch|p2b: Bingo|Arcanine, L50, F|100\/100\n|-ability|p2a: Diego|Sword of Ruin\n|-ability|p2b: Bingo|Intimidate|boost\n|-fail|p1a: Bisharp|unboost|Attack|[from] ability: Inner Focus|[of] p1a: Bisharp\n|-unboost|p1b: Palafin|atk|1\n|-enditem|p1b: Palafin|Eject Pack\n|\n|t:|1681951785\n|detailschange|p1b: Palafin|Palafin-Hero, L50, F\n|switch|p1b: Flutter Mane|Flutter Mane, L50, shiny|100\/100\n|-enditem|p1b: Flutter Mane|Booster Energy\n|-activate|p1b: Flutter Mane|ability: Protosynthesis|[fromitem]\n|-start|p1b: Flutter Mane|protosynthesisspe\n|turn|1\n|c|\u2606megaswampert52|can't lie well played\n|\n|t:|1681951806\n|move|p2a: Diego|Protect|p2a: Diego\n|-singleturn|p2a: Diego|Protect\n|move|p1b: Flutter Mane|Dazzling Gleam|p2b: Bingo|[spread] p2b\n|-activate|p2a: Diego|move: Protect\n|-resisted|p2b: Bingo\n|-damage|p2b: Bingo|83\/100\n|move|p2b: Bingo|Will-O-Wisp|p1a: Bisharp\n|-status|p1a: Bisharp|brn\n|move|p1a: Bisharp|Foul Play|p2b: Bingo\n|-damage|p2b: Bingo|57\/100\n|\n|-damage|p1a: Bisharp|95\/100 brn|[from] brn\n|upkeep\n|turn|2\n|\n|t:|1681951827\n|move|p2a: Diego|Sucker Punch|p1b: Flutter Mane\n|-damage|p1b: Flutter Mane|0 fnt\n|faint|p1b: Flutter Mane\n|-end|p1b: Flutter Mane|Protosynthesis|[silent]\n|move|p2b: Bingo|Flare Blitz|p1a: Bisharp\n|-supereffective|p1a: Bisharp\n|-crit|p1a: Bisharp\n|-damage|p1a: Bisharp|0 fnt\n|faint|p1a: Bisharp\n|-damage|p2b: Bingo|33\/100|[from] Recoil\n|\n|upkeep\n|\n|t:|1681951836\n|switch|p1b: Palafin|Palafin-Hero, L50, F|100\/100\n|switch|p1a: Annihilape|Annihilape, L50, F|100\/100\n|-activate|p1b: Palafin|ability: Zero to Hero\n|turn|3\n|inactive|Wormfury has 30 seconds left.\n|inactive|megaswampert52 has 30 seconds left.\n|c|\u2606Wormfury|Ty\n|inactive|Wormfury has 20 seconds left.\n|inactive|Wormfury has 15 seconds left.\n|inactive|Wormfury has 10 seconds left.\n|\n|t:|1681951882\n|-terastallize|p1a: Annihilape|Fire\n|move|p2a: Diego|Sucker Punch|p1b: Palafin\n|-damage|p1b: Palafin|50\/100\n|move|p1b: Palafin|Jet Punch|p2b: Bingo\n|-supereffective|p2b: Bingo\n|-damage|p2b: Bingo|0 fnt\n|faint|p2b: Bingo\n|move|p1a: Annihilape|Drain Punch|p2a: Diego\n|-supereffective|p2a: Diego\n|-enditem|p2a: Diego|Focus Sash\n|-damage|p2a: Diego|1\/100\n|\n|upkeep\n|\n|t:|1681951901\n|switch|p2b: Pawmot|Pawmot, L50, M|100\/100\n|turn|4\n|\n|t:|1681951920\n|move|p2a: Diego|Protect|p2a: Diego\n|-singleturn|p2a: Diego|Protect\n|move|p1b: Palafin|Protect|p1b: Palafin\n|-singleturn|p1b: Palafin|Protect\n|move|p2b: Pawmot|Nuzzle|p1a: Annihilape\n|-damage|p1a: Annihilape|90\/100\n|-status|p1a: Annihilape|par\n|move|p1a: Annihilape|Rage Fist|p2b: Pawmot\n|-damage|p2b: Pawmot|6\/100\n|\n|-heal|p1a: Annihilape|96\/100 par|[from] item: Leftovers\n|upkeep\n|turn|5\n|\n|t:|1681951943\n|move|p2a: Diego|Sucker Punch|p1b: Palafin\n|-damage|p1b: Palafin|5\/100\n|move|p1b: Palafin|Jet Punch|p2a: Diego\n|-damage|p2a: Diego|0 fnt\n|faint|p2a: Diego\n|move|p2b: Pawmot|Revival Blessing|p2b: Pawmot\n|\n|t:|1681951955\n|-heal|p2: Diego|50\/100|[from] move: Revival Blessing\n|switch|p2a: Diego|Chien-Pao, L50|50\/100\n|-ability|p2a: Diego|Sword of Ruin\n|cant|p1a: Annihilape|par\n|\n|-heal|p1a: Annihilape|100\/100 par|[from] item: Leftovers\n|upkeep\n|turn|6\n|\n|t:|1681951971\n|move|p1b: Palafin|Protect|p1b: Palafin\n|-singleturn|p1b: Palafin|Protect\n|move|p2a: Diego|Sucker Punch||[still]\n|-fail|p2a: Diego\n|move|p2b: Pawmot|Close Combat|p1a: Annihilape\n|-damage|p1a: Annihilape|44\/100 par\n|-unboost|p2b: Pawmot|def|1\n|-unboost|p2b: Pawmot|spd|1\n|move|p1a: Annihilape|Drain Punch|p2a: Diego\n|-supereffective|p2a: Diego\n|-damage|p2a: Diego|0 fnt\n|-heal|p1a: Annihilape|62\/100 par|[from] drain|[of] p2a: Diego\n|faint|p2a: Diego\n|\n|-heal|p1a: Annihilape|68\/100 par|[from] item: Leftovers\n|upkeep\n|\n|t:|1681951984\n|switch|p2a: Joker|Flutter Mane, L50|100\/100\n|-enditem|p2a: Joker|Booster Energy\n|-activate|p2a: Joker|ability: Protosynthesis|[fromitem]\n|-start|p2a: Joker|protosynthesisspa\n|turn|7\n|inactive|Wormfury has 30 seconds left.\n|inactive|megaswampert52 has 30 seconds left.\n|\n|t:|1681952016\n|move|p2a: Joker|Protect|p2a: Joker\n|-singleturn|p2a: Joker|Protect\n|move|p1b: Palafin|Jet Punch|p2b: Pawmot\n|-damage|p2b: Pawmot|0 fnt\n|faint|p2b: Pawmot\n|move|p1a: Annihilape|Rage Fist|p2a: Joker\n|-activate|p2a: Joker|move: Protect\n|\n|-heal|p1a: Annihilape|74\/100 par|[from] item: Leftovers\n|upkeep\n|turn|8\n|c|\u2606Wormfury|Ggwp\n|\n|t:|1681952034\n|-terastallize|p2a: Joker|Fairy\n|move|p2a: Joker|Dazzling Gleam|p1a: Annihilape|[spread] p1a,p1b\n|-resisted|p1a: Annihilape\n|-damage|p1a: Annihilape|50\/100 par\n|-damage|p1b: Palafin|0 fnt\n|faint|p1b: Palafin\n|move|p1a: Annihilape|Rage Fist|p2a: Joker\n|-damage|p2a: Joker|0 fnt\n|faint|p2a: Joker\n|-end|p2a: Joker|Protosynthesis|[silent]\n|\n|win|Wormfury\n|raw|Wormfury's rating: 1159 → 1190<\/strong> (+31 for winning)\n|raw|megaswampert52's rating: 1247 → 1216<\/strong> (-31 for losing)\n|l|\u2606megaswampert52\n","uploadtime":1681952066,"views":10,"p1id":"wormfury","p2id":"megaswampert52","formatid":"gen9vgc2023regulationc","rating":1190,"private":0,"password":""}