{"id":"gen9vgc2023regulationc-1852855197","p1":"Insertable194","p2":"haha u rage quit","format":"[Gen 9] VGC 2023 Regulation C","log":"|j|\u2606Insertable194\n|j|\u2606haha u rage quit\n|t:|1682611936\n|gametype|doubles\n|player|p1|Insertable194|hilbert-wonderlauncher|1432\n|player|p2|haha u rage quit|pokemaniac|1379\n|teamsize|p1|6\n|teamsize|p2|6\n|gen|9\n|tier|[Gen 9] VGC 2023 Regulation C\n|rated|\n|rule|Species Clause: Limit one of each Pok\u00e9mon\n|rule|Item Clause: Limit one of each item\n|clearpoke\n|poke|p1|Wo-Chien, L50|\n|poke|p1|Ting-Lu, L50|\n|poke|p1|Flutter Mane, L50|\n|poke|p1|Arcanine, L50, M|\n|poke|p1|Scream Tail, L50|\n|poke|p1|Garganacl, L50, F|\n|poke|p2|Flutter Mane, L50|\n|poke|p2|Iron Hands, L50|\n|poke|p2|Iron Bundle, L50|\n|poke|p2|Torkoal, L50, M|\n|poke|p2|Klefki, L50, M|\n|poke|p2|Corviknight, L50, M|\n|teampreview|4\nInsertable194 has agreed to open team sheets.\n|inactive|Battle timer is ON: inactive players will automatically lose when time's up. (requested by Insertable194)\n|inactive|Insertable194 has 60 seconds left.\n|inactive|haha u rage quit has 60 seconds left.\n|\n|t:|1682611994\n|start\n|switch|p1a: Scream Tail|Scream Tail, L50|100\/100\n|switch|p1b: Garganacl|Garganacl, L50, F|100\/100\n|switch|p2a: Flutter Mane|Flutter Mane, L50, shiny|100\/100\n|switch|p2b: Iron Bundle|Iron Bundle, L50, shiny|100\/100\n|-enditem|p2b: Iron Bundle|Booster Energy\n|-activate|p2b: Iron Bundle|ability: Quark Drive|[fromitem]\n|-start|p2b: Iron Bundle|quarkdrivespe\n|-enditem|p1a: Scream Tail|Booster Energy\n|-activate|p1a: Scream Tail|ability: Protosynthesis|[fromitem]\n|-start|p1a: Scream Tail|protosynthesisspe\n|turn|1\n|\n|t:|1682612008\n|move|p1a: Scream Tail|Protect|p1a: Scream Tail\n|-singleturn|p1a: Scream Tail|Protect\n|move|p1b: Garganacl|Protect|p1b: Garganacl\n|-singleturn|p1b: Garganacl|Protect\n|move|p2b: Iron Bundle|Hydro Pump|p1b: Garganacl\n|-activate|p1b: Garganacl|move: Protect\n|move|p2a: Flutter Mane|Shadow Ball|p1a: Scream Tail\n|-activate|p1a: Scream Tail|move: Protect\n|\n|upkeep\n|turn|2\n|\n|t:|1682612026\n|-terastallize|p1b: Garganacl|Poison\n|move|p2b: Iron Bundle|Hydro Pump|p1b: Garganacl\n|-damage|p1b: Garganacl|56\/100\n|move|p1a: Scream Tail|Disable|p2a: Flutter Mane\n|-start|p2a: Flutter Mane|Disable|Shadow Ball\n|cant|p2a: Flutter Mane|Disable|Shadow Ball\n|move|p1b: Garganacl|Salt Cure|p2b: Iron Bundle\n|-supereffective|p2b: Iron Bundle\n|-damage|p2b: Iron Bundle|64\/100\n|-start|p2b: Iron Bundle|Salt Cure\n|\n|-damage|p2b: Iron Bundle|39\/100|[from] Salt Cure\n|upkeep\n|turn|3\n|inactive|Insertable194 has 30 seconds left.\n|inactive|haha u rage quit has 30 seconds left.\n|\n|t:|1682612061\n|-end|p2a: Flutter Mane|Protosynthesis|[silent]\n|switch|p2a: Iron Hands|Iron Hands, L50, shiny|100\/100\n|move|p2b: Iron Bundle|Freeze-Dry|p1a: Scream Tail\n|-damage|p1a: Scream Tail|76\/100\n|move|p1a: Scream Tail|Encore||[still]\n|-fail|p1a: Scream Tail\n|move|p1b: Garganacl|Stealth Rock|p2a: Iron Hands\n|-sidestart|p2: haha u rage quit|move: Stealth Rock\n|\n|-damage|p2b: Iron Bundle|14\/100|[from] Salt Cure\n|upkeep\n|turn|4\n|\n|t:|1682612082\n|move|p1a: Scream Tail|Protect|p1a: Scream Tail\n|-singleturn|p1a: Scream Tail|Protect\n|move|p1b: Garganacl|Protect|p1b: Garganacl\n|-singleturn|p1b: Garganacl|Protect\n|move|p2b: Iron Bundle|Freeze-Dry|p1a: Scream Tail\n|-activate|p1a: Scream Tail|move: Protect\n|move|p2a: Iron Hands|Thunder Punch|p1a: Scream Tail\n|-activate|p1a: Scream Tail|move: Protect\n|\n|-damage|p2b: Iron Bundle|0 fnt|[from] Salt Cure\n|faint|p2b: Iron Bundle\n|-end|p2b: Iron Bundle|Quark Drive|[silent]\n|upkeep\n|\n|t:|1682612084\n|switch|p2b: Flutter Mane|Flutter Mane, L50, shiny|100\/100\n|-damage|p2b: Flutter Mane|88\/100|[from] Stealth Rock\n|turn|5\n|inactive|Insertable194 has 30 seconds left.\n|inactive|haha u rage quit has 30 seconds left.\n|inactive|haha u rage quit has 20 seconds left.\n|\n|t:|1682612121\n|-end|p1a: Scream Tail|Protosynthesis|[silent]\n|switch|p1a: Ting-Lu|Ting-Lu, L50|100\/100\n|-ability|p1a: Ting-Lu|Vessel of Ruin\n|-end|p2a: Iron Hands|Quark Drive|[silent]\n|switch|p2a: Torkoal|Torkoal, L50, M|100\/100\n|-damage|p2a: Torkoal|75\/100|[from] Stealth Rock\n|-weather|SunnyDay|[from] ability: Drought|[of] p2a: Torkoal\n|-activate|p2b: Flutter Mane|ability: Protosynthesis\n|-start|p2b: Flutter Mane|protosynthesisspa\n|-terastallize|p2b: Flutter Mane|Fairy\n|move|p2b: Flutter Mane|Moonblast|p1a: Ting-Lu\n|-supereffective|p1a: Ting-Lu\n|-damage|p1a: Ting-Lu|0 fnt\n|faint|p1a: Ting-Lu\n|move|p1b: Garganacl|Salt Cure|p2a: Torkoal\n|-supereffective|p2a: Torkoal\n|-damage|p2a: Torkoal|54\/100\n|-start|p2a: Torkoal|Salt Cure\n|\n|-weather|SunnyDay|[upkeep]\n|-heal|p2a: Torkoal|60\/100|[from] item: Leftovers\n|-damage|p2a: Torkoal|48\/100|[from] Salt Cure\n|upkeep\n|\n|t:|1682612139\n|switch|p1a: Flutter Mane|Flutter Mane, L50|100\/100\n|-activate|p1a: Flutter Mane|ability: Protosynthesis\n|-start|p1a: Flutter Mane|protosynthesisspe\n|turn|6\n|inactive|Insertable194 has 30 seconds left.\n|\n|t:|1682612165\n|move|p2a: Torkoal|Helping Hand|p2b: Flutter Mane\n|-singleturn|p2b: Flutter Mane|Helping Hand|[of] p2a: Torkoal\n|move|p1a: Flutter Mane|Substitute|p1a: Flutter Mane\n|-start|p1a: Flutter Mane|Substitute\n|-damage|p1a: Flutter Mane|76\/100\n|move|p2b: Flutter Mane|Moonblast|p1a: Flutter Mane\n|-end|p1a: Flutter Mane|Substitute\n|move|p1b: Garganacl|Salt Cure|p2b: Flutter Mane\n|-damage|p2b: Flutter Mane|58\/100\n|-start|p2b: Flutter Mane|Salt Cure\n|\n|-weather|SunnyDay|[upkeep]\n|-heal|p1a: Flutter Mane|82\/100|[from] item: Leftovers\n|-heal|p2a: Torkoal|54\/100|[from] item: Leftovers\n|-damage|p2b: Flutter Mane|46\/100|[from] Salt Cure\n|-damage|p2a: Torkoal|41\/100|[from] Salt Cure\n|upkeep\n|turn|7\n|\n|t:|1682612183\n|move|p1a: Flutter Mane|Substitute|p1a: Flutter Mane\n|-start|p1a: Flutter Mane|Substitute\n|-damage|p1a: Flutter Mane|58\/100\n|move|p2b: Flutter Mane|Moonblast|p1b: Garganacl\n|-resisted|p1b: Garganacl\n|-damage|p1b: Garganacl|2\/100\n|-unboost|p1b: Garganacl|spa|1\n|-enditem|p1b: Garganacl|Figy Berry|[eat]\n|-heal|p1b: Garganacl|35\/100|[from] item: Figy Berry\n|move|p1b: Garganacl|Recover|p1b: Garganacl\n|-heal|p1b: Garganacl|85\/100\n|move|p2a: Torkoal|Heat Wave|p1b: Garganacl|[spread] p1a,p1b\n|-end|p1a: Flutter Mane|Substitute\n|-damage|p1b: Garganacl|55\/100\n|\n|-weather|SunnyDay|[upkeep]\n|-heal|p1a: Flutter Mane|64\/100|[from] item: Leftovers\n|-heal|p2a: Torkoal|48\/100|[from] item: Leftovers\n|-damage|p2b: Flutter Mane|33\/100|[from] Salt Cure\n|-damage|p2a: Torkoal|35\/100|[from] Salt Cure\n|upkeep\n|turn|8\n|\n|t:|1682612207\n|-end|p2b: Flutter Mane|Protosynthesis|[silent]\n|switch|p2b: Iron Hands|Iron Hands, L50, shiny|100\/100\n|-damage|p2b: Iron Hands|94\/100|[from] Stealth Rock\n|move|p1a: Flutter Mane|Protect|p1a: Flutter Mane\n|-singleturn|p1a: Flutter Mane|Protect\n|move|p1b: Garganacl|Protect|p1b: Garganacl\n|-singleturn|p1b: Garganacl|Protect\n|move|p2a: Torkoal|Heat Wave|p1b: Garganacl|[spread] \n|-activate|p1a: Flutter Mane|move: Protect\n|-activate|p1b: Garganacl|move: Protect\n|\n|-weather|SunnyDay|[upkeep]\n|-heal|p1a: Flutter Mane|70\/100|[from] item: Leftovers\n|-heal|p2a: Torkoal|41\/100|[from] item: Leftovers\n|-damage|p2a: Torkoal|29\/100|[from] Salt Cure\n|upkeep\n|turn|9\n|\n|t:|1682612231\n|-end|p1a: Flutter Mane|Protosynthesis|[silent]\n|switch|p1a: Scream Tail|Scream Tail, L50|76\/100\n|-activate|p1a: Scream Tail|ability: Protosynthesis\n|-start|p1a: Scream Tail|protosynthesisspe\n|move|p1b: Garganacl|Recover|p1b: Garganacl\n|-heal|p1b: Garganacl|100\/100\n|move|p2b: Iron Hands|Swords Dance|p2b: Iron Hands\n|-boost|p2b: Iron Hands|atk|2\n|move|p2a: Torkoal|Heat Wave|p1a: Scream Tail|[spread] p1a,p1b\n|-damage|p1a: Scream Tail|45\/100\n|-damage|p1b: Garganacl|70\/100\n|\n|-weather|none\n|-end|p1a: Scream Tail|Protosynthesis\n|-heal|p2a: Torkoal|35\/100|[from] item: Leftovers\n|-damage|p2a: Torkoal|23\/100|[from] Salt Cure\n|upkeep\n|turn|10\n|inactive|haha u rage quit has 30 seconds left.\n|inactive|haha u rage quit has 20 seconds left.\n|\n|t:|1682612271\n|move|p1a: Scream Tail|Encore|p2b: Iron Hands\n|-start|p2b: Iron Hands|Encore\n|move|p1b: Garganacl|Salt Cure|p2b: Iron Hands\n|-resisted|p2b: Iron Hands\n|-damage|p2b: Iron Hands|89\/100\n|-start|p2b: Iron Hands|Salt Cure\n|move|p2b: Iron Hands|Swords Dance|p2b: Iron Hands\n|-boost|p2b: Iron Hands|atk|2\n|move|p2a: Torkoal|Heat Wave|p1a: Scream Tail|[spread] p1a,p1b\n|-damage|p1a: Scream Tail|27\/100\n|-damage|p1b: Garganacl|49\/100\n|\n|-heal|p2a: Torkoal|29\/100|[from] item: Leftovers\n|-damage|p2b: Iron Hands|77\/100|[from] Salt Cure\n|-damage|p2a: Torkoal|16\/100|[from] Salt Cure\n|upkeep\n|turn|11\n|\n|t:|1682612294\n|move|p1a: Scream Tail|Disable|p2a: Torkoal\n|-start|p2a: Torkoal|Disable|Heat Wave\n|move|p1b: Garganacl|Recover|p1b: Garganacl\n|-heal|p1b: Garganacl|99\/100\n|move|p2b: Iron Hands|Swords Dance|p2b: Iron Hands\n|-boost|p2b: Iron Hands|atk|2\n|cant|p2a: Torkoal|Disable|Heat Wave\n|\n|-heal|p2a: Torkoal|23\/100|[from] item: Leftovers\n|-damage|p2b: Iron Hands|65\/100|[from] Salt Cure\n|-damage|p2a: Torkoal|10\/100|[from] Salt Cure\n|upkeep\n|turn|12\n|inactive|Insertable194 has 30 seconds left.\n|inactive|Insertable194 has 20 seconds left.\n|inactive|Insertable194 has 15 seconds left.\n|inactive|Insertable194 has 10 seconds left.\n|\n|t:|1682612340\n|move|p1a: Scream Tail|Encore|p2a: Torkoal\n|-start|p2a: Torkoal|Encore\n|move|p1b: Garganacl|Salt Cure|p2b: Iron Hands\n|-resisted|p2b: Iron Hands\n|-damage|p2b: Iron Hands|60\/100\n|move|p2b: Iron Hands|Swords Dance|p2b: Iron Hands\n|-boost|p2b: Iron Hands|atk|0\n|cant|p2a: Torkoal|Disable|Heat Wave\n|\n|-heal|p2a: Torkoal|16\/100|[from] item: Leftovers\n|-damage|p2b: Iron Hands|47\/100|[from] Salt Cure\n|-damage|p2a: Torkoal|4\/100|[from] Salt Cure\n|-end|p2b: Iron Hands|Encore\n|upkeep\n|-enditem|p2b: Iron Hands|Sitrus Berry|[eat]\n|-heal|p2b: Iron Hands|72\/100|[from] item: Sitrus Berry\n|turn|13\n|inactive|Insertable194 has 30 seconds left.\n|inactive|Insertable194 has 20 seconds left.\n|\n|t:|1682612375\n|switch|p1b: Flutter Mane|Flutter Mane, L50|70\/100\n|move|p2b: Iron Hands|Protect|p2b: Iron Hands\n|-singleturn|p2b: Iron Hands|Protect\n|move|p1a: Scream Tail|Encore|p2b: Iron Hands\n|-activate|p2b: Iron Hands|move: Protect\n|-activate|p2a: Torkoal|move: Struggle\n|move|p2a: Torkoal|Struggle|p1a: Scream Tail\n|-damage|p1a: Scream Tail|19\/100\n|-damage|p2a: Torkoal|0 fnt|[from] recoil\n|faint|p2a: Torkoal\n|\n|-heal|p1b: Flutter Mane|76\/100|[from] item: Leftovers\n|-damage|p2b: Iron Hands|60\/100|[from] Salt Cure\n|upkeep\n|\n|t:|1682612391\n|switch|p2a: Flutter Mane|Flutter Mane, L50, shiny, tera:Fairy|33\/100\n|-damage|p2a: Flutter Mane|21\/100|[from] Stealth Rock\n|turn|14\n|inactive|haha u rage quit has 30 seconds left.\n|inactive|haha u rage quit has 20 seconds left.\n|inactive|haha u rage quit has 15 seconds left.\n|inactive|haha u rage quit has 10 seconds left.\n|\n|t:|1682612438\n|move|p1b: Flutter Mane|Shadow Ball|p2a: Flutter Mane\n|-damage|p2a: Flutter Mane|0 fnt\n|faint|p2a: Flutter Mane\n|-end|p2a: Flutter Mane|Protosynthesis|[silent]\n|move|p1a: Scream Tail|Encore|p2b: Iron Hands\n|-start|p2b: Iron Hands|Encore\n|move|p2b: Iron Hands|Protect||[still]\n|-fail|p2b: Iron Hands\n|\n|-heal|p1b: Flutter Mane|82\/100|[from] item: Leftovers\n|-damage|p2b: Iron Hands|48\/100|[from] Salt Cure\n|upkeep\n|turn|15\n|-message|haha u rage quit forfeited.\n|\n|win|Insertable194\n|raw|Insertable194's rating: 1432 → 1449<\/strong> (+17 for winning)\n|raw|haha u rage quit's rating: 1379 → 1362<\/strong> (-17 for losing)\n|l|\u2606haha u rage quit\n","uploadtime":1682612450,"views":5,"p1id":"insertable194","p2id":"hahauragequit","formatid":"gen9vgc2023regulationc","rating":1362,"private":0,"password":""}