{"id":"gen9vgc2023regulationc-1845519826","p1":"alexca41","p2":"ImInARoaringMood","format":"[Gen 9] VGC 2023 Regulation C","log":"|j|\u2606alexca41\n|j|\u2606ImInARoaringMood\n|t:|1681741564\n|gametype|doubles\n|player|p1|alexca41|101|1301\n|player|p2|ImInARoaringMood|fisherman-gen4|1408\n|teamsize|p1|6\n|teamsize|p2|6\n|gen|9\n|tier|[Gen 9] VGC 2023 Regulation C\n|rated|\n|rule|Species Clause: Limit one of each Pok\u00e9mon\n|rule|Item Clause: Limit one of each item\n|clearpoke\n|poke|p1|Chi-Yu, L50|\n|poke|p1|Arcanine, L50, M|\n|poke|p1|Iron Hands, L50|\n|poke|p1|Amoonguss, L50, M|\n|poke|p1|Iron Bundle, L50|\n|poke|p1|Flutter Mane, L50|\n|poke|p2|Roaring Moon, L50|\n|poke|p2|Ting-Lu, L50|\n|poke|p2|Amoonguss, L50, F|\n|poke|p2|Skeledirge, L50, F|\n|poke|p2|Flutter Mane, L50|\n|poke|p2|Palafin, L50, F|\n|teampreview|4\n|inactive|Battle timer is ON: inactive players will automatically lose when time's up. (requested by alexca41)\n|inactive|ImInARoaringMood has 60 seconds left.\n|\n|t:|1681741621\n|start\n|switch|p1a: Iron Bundle|Iron Bundle, L50|100\/100\n|switch|p1b: Flutter Mane|Flutter Mane, L50|100\/100\n|switch|p2a: Palafin|Palafin, L50, F|100\/100\n|switch|p2b: Skeledirge|Skeledirge, L50, F|100\/100\n|-enditem|p1a: Iron Bundle|Booster Energy\n|-activate|p1a: Iron Bundle|ability: Quark Drive|[fromitem]\n|-start|p1a: Iron Bundle|quarkdrivespe\n|turn|1\n|inactive|ImInARoaringMood has 30 seconds left.\n|\n|t:|1681741647\n|detailschange|p2a: Palafin|Palafin-Hero, L50, F\n|switch|p2a: Ting-Lu|Ting-Lu, L50|100\/100\n|-ability|p2a: Ting-Lu|Vessel of Ruin\n|move|p1b: Flutter Mane|Protect|p1b: Flutter Mane\n|-singleturn|p1b: Flutter Mane|Protect\n|move|p1a: Iron Bundle|Hydro Pump|p2b: Skeledirge\n|-supereffective|p2b: Skeledirge\n|-damage|p2b: Skeledirge|30\/100\n|move|p2b: Skeledirge|Yawn|p1a: Iron Bundle\n|-start|p1a: Iron Bundle|move: Yawn|[of] p2b: Skeledirge\n|\n|upkeep\n|turn|2\n|inactive|ImInARoaringMood has 30 seconds left.\n|\n|t:|1681741672\n|-end|p1a: Iron Bundle|Quark Drive|[silent]\n|switch|p1a: Arcanine|Arcanine, L50, M|100\/100\n|-ability|p1a: Arcanine|Intimidate|boost\n|-unboost|p2a: Ting-Lu|atk|1\n|-unboost|p2b: Skeledirge|atk|1\n|switch|p2b: Roaring Moon|Roaring Moon, L50|100\/100\n|-enditem|p2b: Roaring Moon|Booster Energy\n|-activate|p2b: Roaring Moon|ability: Protosynthesis|[fromitem]\n|-start|p2b: Roaring Moon|protosynthesisatk\n|move|p1b: Flutter Mane|Dazzling Gleam|p2a: Ting-Lu|[spread] p2a,p2b\n|-supereffective|p2a: Ting-Lu\n|-supereffective|p2b: Roaring Moon\n|-damage|p2a: Ting-Lu|72\/100\n|-damage|p2b: Roaring Moon|0 fnt\n|faint|p2b: Roaring Moon\n|-end|p2b: Roaring Moon|Protosynthesis|[silent]\n|-damage|p1b: Flutter Mane|90\/100|[from] item: Life Orb\n|move|p2a: Ting-Lu|Heavy Slam|p1b: Flutter Mane\n|-supereffective|p1b: Flutter Mane\n|-damage|p1b: Flutter Mane|0 fnt\n|faint|p1b: Flutter Mane\n|-end|p1b: Flutter Mane|Protosynthesis|[silent]\n|\n|upkeep\n|\n|t:|1681741695\n|switch|p1b: Iron Bundle|Iron Bundle, L50|100\/100\n|switch|p2b: Palafin|Palafin-Hero, L50, F|100\/100\n|-activate|p2b: Palafin|ability: Zero to Hero\n|turn|3\n|inactive|ImInARoaringMood has 30 seconds left.\n|inactive|ImInARoaringMood has 20 seconds left.\n|\n|t:|1681741734\n|switch|p1a: Iron Hands|Iron Hands, L50|100\/100\n|-terastallize|p2a: Ting-Lu|Poison\n|move|p2b: Palafin|Protect|p2b: Palafin\n|-singleturn|p2b: Palafin|Protect\n|move|p1b: Iron Bundle|Hydro Pump|p2a: Ting-Lu\n|-damage|p2a: Ting-Lu|52\/100\n|move|p2a: Ting-Lu|Sand Tomb|p1a: Iron Hands\n|-supereffective|p1a: Iron Hands\n|-damage|p1a: Iron Hands|88\/100\n|-activate|p1a: Iron Hands|move: Sand Tomb|[of] p2a: Ting-Lu\n|\n|-damage|p1a: Iron Hands|76\/100|[from] move: Sand Tomb|[partiallytrapped]\n|upkeep\n|turn|4\n|inactive|ImInARoaringMood has 30 seconds left.\n|\n|t:|1681741764\n|switch|p2b: Skeledirge|Skeledirge, L50, F|30\/100\n|move|p1b: Iron Bundle|Freeze-Dry|p2a: Ting-Lu\n|-damage|p2a: Ting-Lu|39\/100\n|-status|p2a: Ting-Lu|frz\n|move|p1a: Iron Hands|Wild Charge|p2b: Skeledirge\n|-damage|p2b: Skeledirge|0 fnt\n|faint|p2b: Skeledirge\n|-damage|p1a: Iron Hands|70\/100|[from] Recoil\n|cant|p2a: Ting-Lu|frz\n|\n|-damage|p1a: Iron Hands|58\/100|[from] move: Sand Tomb|[partiallytrapped]\n|upkeep\n|\n|t:|1681741778\n|switch|p2b: Palafin|Palafin-Hero, L50, F|100\/100\n|turn|5\n|\n|t:|1681741794\n|move|p1b: Iron Bundle|Freeze-Dry|p2a: Ting-Lu\n|-damage|p2a: Ting-Lu|27\/100 frz\n|move|p2b: Palafin|Wave Crash|p1b: Iron Bundle\n|-resisted|p1b: Iron Bundle\n|-damage|p1b: Iron Bundle|46\/100\n|-damage|p2b: Palafin|89\/100|[from] Recoil\n|move|p1a: Iron Hands|Drain Punch|p2a: Ting-Lu\n|-resisted|p2a: Ting-Lu\n|-damage|p2a: Ting-Lu|15\/100 frz\n|-heal|p1a: Iron Hands|64\/100|[from] drain|[of] p2a: Ting-Lu\n|-curestatus|p2a: Ting-Lu|frz|[msg]\n|move|p2a: Ting-Lu|Stomping Tantrum|p1b: Iron Bundle\n|-damage|p1b: Iron Bundle|0 fnt\n|faint|p1b: Iron Bundle\n|-end|p1b: Iron Bundle|Quark Drive|[silent]\n|\n|-damage|p1a: Iron Hands|52\/100|[from] move: Sand Tomb|[partiallytrapped]\n|upkeep\n|\n|t:|1681741808\n|switch|p1b: Arcanine|Arcanine, L50, M|100\/100\n|-ability|p1b: Arcanine|Intimidate|boost\n|-unboost|p2a: Ting-Lu|atk|1\n|-unboost|p2b: Palafin|atk|1\n|turn|6\n|\n|t:|1681741832\n|move|p1b: Arcanine|Flare Blitz|p2a: Ting-Lu\n|-damage|p2a: Ting-Lu|0 fnt\n|faint|p2a: Ting-Lu\n|-damage|p1b: Arcanine|94\/100|[from] Recoil\n|move|p2b: Palafin|Wave Crash|p1b: Arcanine\n|-supereffective|p1b: Arcanine\n|-crit|p1b: Arcanine\n|-damage|p1b: Arcanine|0 fnt\n|faint|p1b: Arcanine\n|-damage|p2b: Palafin|59\/100|[from] Recoil\n|move|p1a: Iron Hands|Wild Charge|p2b: Palafin\n|-supereffective|p2b: Palafin\n|-damage|p2b: Palafin|0 fnt\n|faint|p2b: Palafin\n|-damage|p1a: Iron Hands|40\/100|[from] Recoil\n|\n|win|alexca41\n|raw|alexca41's rating: 1301 → 1327<\/strong> (+26 for winning)\n|raw|ImInARoaringMood's rating: 1408 → 1382<\/strong> (-26 for losing)\n|l|\u2606alexca41\n","uploadtime":1681741869,"views":8,"p1id":"alexca41","p2id":"iminaroaringmood","formatid":"gen9vgc2023regulationc","rating":1327,"private":0,"password":""}