{"id":"gen9vgc2023regulationc-1846504035","p1":"Nephimon","p2":"cremadeculo","format":"[Gen 9] VGC 2023 Regulation C","log":"|j|\u2606Nephimon\n|j|\u2606cremadeculo\n|t:|1681846460\n|gametype|doubles\n|player|p1|Nephimon|265|1058\n|player|p2|cremadeculo|fisherman|1105\n|teamsize|p1|6\n|teamsize|p2|6\n|gen|9\n|tier|[Gen 9] VGC 2023 Regulation C\n|rated|\n|rule|Species Clause: Limit one of each Pok\u00e9mon\n|rule|Item Clause: Limit one of each item\n|clearpoke\n|poke|p1|Flutter Mane, L50|\n|poke|p1|Tatsugiri, L50, M|\n|poke|p1|Dondozo, L50, M|\n|poke|p1|Gothitelle, L50, F|\n|poke|p1|Chi-Yu, L50|\n|poke|p1|Flamigo, L50, F|\n|poke|p2|Gastrodon-East, L50, F|\n|poke|p2|Chi-Yu, L50|\n|poke|p2|Ting-Lu, L50|\n|poke|p2|Arcanine, L50, M|\n|poke|p2|Amoonguss, L50, F|\n|poke|p2|Flutter Mane, L50|\n|teampreview|4\n|\n|t:|1681846501\n|start\n|switch|p1a: Flutter Mane|Flutter Mane, L50|100\/100\n|switch|p1b: Tatsugiri|Tatsugiri, L50, M|100\/100\n|switch|p2a: Arcanine|Arcanine, L50, M|100\/100\n|switch|p2b: Ting-Lu|Ting-Lu, L50|100\/100\n|-ability|p2a: Arcanine|Intimidate|boost\n|-unboost|p1a: Flutter Mane|atk|1\n|-unboost|p1b: Tatsugiri|atk|1\n|-ability|p2b: Ting-Lu|Vessel of Ruin\n|turn|1\n|\n|t:|1681846551\n|-terastallize|p2a: Arcanine|Water\n|move|p1b: Tatsugiri|Muddy Water|p2a: Arcanine|[spread] p2a,p2b\n|-resisted|p2a: Arcanine\n|-supereffective|p2b: Ting-Lu\n|-damage|p2a: Arcanine|90\/100\n|-damage|p2b: Ting-Lu|78\/100\n|move|p1a: Flutter Mane|Perish Song|p1a: Flutter Mane\n|-start|p1a: Flutter Mane|perish3|[silent]\n|-start|p1b: Tatsugiri|perish3|[silent]\n|-start|p2a: Arcanine|perish3|[silent]\n|-start|p2b: Ting-Lu|perish3|[silent]\n|-fieldactivate|move: Perish Song\n|move|p2a: Arcanine|Wild Charge|p1a: Flutter Mane\n|-damage|p1a: Flutter Mane|53\/100\n|-damage|p2a: Arcanine|82\/100|[from] Recoil\n|move|p2b: Ting-Lu|Rock Slide|p1b: Tatsugiri|[spread] p1a,p1b\n|-damage|p1a: Flutter Mane|17\/100\n|-damage|p1b: Tatsugiri|70\/100\n|\n|-start|p1b: Tatsugiri|perish3\n|-start|p1a: Flutter Mane|perish3\n|-start|p2a: Arcanine|perish3\n|-start|p2b: Ting-Lu|perish3\n|upkeep\n|turn|2\n|inactive|Battle timer is ON: inactive players will automatically lose when time's up. (requested by cremadeculo)\n|\n|t:|1681846600\n|-end|p1a: Flutter Mane|Protosynthesis|[silent]\n|switch|p1a: Dondozo|Dondozo, L50, M|100\/100\n|-activate|p1b: Tatsugiri|ability: Commander|[of] p1a: Dondozo\n|-boost|p1a: Dondozo|atk|2\n|-boost|p1a: Dondozo|spa|2\n|-boost|p1a: Dondozo|spe|2\n|-boost|p1a: Dondozo|def|2\n|-boost|p1a: Dondozo|spd|2\n|switch|p2a: Flutter Mane|Flutter Mane, L50|100\/100\n|-enditem|p2a: Flutter Mane|Booster Energy\n|-activate|p2a: Flutter Mane|ability: Protosynthesis|[fromitem]\n|-start|p2a: Flutter Mane|protosynthesisspe\n|switch|p2b: Gastrodon|Gastrodon-East, L50, F|100\/100\n|\n|-start|p1b: Tatsugiri|perish2\n|upkeep\n|turn|3\n|inactive|Nephimon has 30 seconds left.\n|\n|t:|1681846632\n|move|p2a: Flutter Mane|Protect|p2a: Flutter Mane\n|-singleturn|p2a: Flutter Mane|Protect\n|move|p1a: Dondozo|Substitute|p1a: Dondozo\n|-start|p1a: Dondozo|Substitute\n|-damage|p1a: Dondozo|75\/100\n|move|p2b: Gastrodon|Clear Smog|p1a: Dondozo\n|-activate|p1a: Dondozo|move: Substitute|[damage]\n|\n|-heal|p1a: Dondozo|82\/100|[from] item: Leftovers\n|-start|p1b: Tatsugiri|perish1\n|upkeep\n|turn|4\n|\n|t:|1681846650\n|-terastallize|p1a: Dondozo|Steel\n|move|p2a: Flutter Mane|Thunderbolt|p1a: Dondozo\n|-activate|p1a: Dondozo|move: Substitute|[damage]\n|move|p1a: Dondozo|Heavy Slam|p2a: Flutter Mane\n|-supereffective|p2a: Flutter Mane\n|-damage|p2a: Flutter Mane|0 fnt\n|faint|p2a: Flutter Mane\n|-end|p2a: Flutter Mane|Protosynthesis|[silent]\n|move|p2b: Gastrodon|Clear Smog|p1a: Dondozo\n|-immune|p1a: Dondozo\n|\n|-heal|p1a: Dondozo|88\/100|[from] item: Leftovers\n|-start|p1b: Tatsugiri|perish0\n|upkeep\n|faint|p1b: Tatsugiri\n|\n|t:|1681846673\n|switch|p2a: Ting-Lu|Ting-Lu, L50|78\/100\n|switch|p1b: Flamigo|Flamigo, L50, F|100\/100\n|-copyboost|p1b: Flamigo|p1a: Dondozo|[from] ability: Costar\n|-ability|p2a: Ting-Lu|Vessel of Ruin\n|turn|5\n|c|\u2606cremadeculo|...\n|inactive|Nephimon has 30 seconds left.\n|inactive|cremadeculo has 30 seconds left.\n|\n|t:|1681846703\n|move|p1b: Flamigo|Close Combat|p2b: Gastrodon\n|-damage|p2b: Gastrodon|0 fnt\n|-unboost|p1b: Flamigo|def|1\n|-unboost|p1b: Flamigo|spd|1\n|faint|p2b: Gastrodon\n|move|p1a: Dondozo|Earthquake|p2a: Ting-Lu|[spread] p2a\n|-immune|p1b: Flamigo\n|-damage|p2a: Ting-Lu|50\/100\n|move|p2a: Ting-Lu|Rock Slide|p1a: Dondozo|[spread] \n|-miss|p2a: Ting-Lu|p1a: Dondozo\n|-miss|p2a: Ting-Lu|p1b: Flamigo\n|\n|-heal|p1a: Dondozo|94\/100|[from] item: Leftovers\n|upkeep\n|c|\u2606cremadeculo|g o f u c k y o u r s e l f\n|n|\u203dcremadeculo|cremadeculo\n|c|&|\/log cremadeculo was locked from talking by Artemis. (\u2606cremadeculo: g o f u c k y o u r s e l f)\n|c|&|\/raw This action was done automatically. Want to learn more about the AI? Visit the information thread<\/a>.<\/small>\n|inactive|cremadeculo has 30 seconds left.\n|inactive|cremadeculo has 20 seconds left.\n|inactive|cremadeculo has 15 seconds left.\n|inactive|cremadeculo has 10 seconds left.\n|inactive|cremadeculo has 5 seconds left.\n|\n|t:|1681846757\n|switch|p2b: Arcanine|Arcanine, L50, M, tera:Water|82\/100\n|-ability|p2b: Arcanine|Intimidate|boost\n|-immune|p1a: Dondozo\n|-unboost|p1b: Flamigo|atk|1\n|turn|6\n|inactive|cremadeculo has 30 seconds left.\n|inactive|cremadeculo has 20 seconds left.\n|inactiveoff|Battle timer is now OFF.\n|inactive|Battle timer is ON: inactive players will automatically lose when time's up. (requested by Nephimon)\n|inactive|cremadeculo has 30 seconds left.\n|inactive|cremadeculo has 20 seconds left.\n|inactive|cremadeculo has 15 seconds left.\n|inactive|cremadeculo has 10 seconds left.\n|inactive|cremadeculo has 5 seconds left.\n|\n|t:|1681846893\n|move|p1b: Flamigo|Close Combat|p2b: Arcanine\n|-damage|p2b: Arcanine|0 fnt\n|-unboost|p1b: Flamigo|def|1\n|-unboost|p1b: Flamigo|spd|1\n|faint|p2b: Arcanine\n|move|p1a: Dondozo|Wave Crash|p2a: Ting-Lu\n|-supereffective|p2a: Ting-Lu\n|-damage|p2a: Ting-Lu|0 fnt\n|faint|p2a: Ting-Lu\n|-damage|p1a: Dondozo|77\/100|[from] Recoil\n|\n|win|Nephimon\n|raw|Nephimon's rating: 1058 → 1094<\/strong> (+36 for winning)\n|raw|cremadeculo's rating: 1105 → 1077<\/strong> (-28 for losing)\n","uploadtime":1681846717,"views":7,"p1id":"nephimon","p2id":"cremadeculo","formatid":"gen9vgc2023regulationc","rating":1077,"private":0,"password":""}