{"id":"gen9vgc2023regulationc-1849183996","p1":"Nucleartoad","p2":"kyanabsl","format":"[Gen 9] VGC 2023 Regulation C","log":"|j|\u2606Nucleartoad\n|j|\u2606kyanabsl\n|t:|1682169732\n|gametype|doubles\n|player|p1|Nucleartoad|janine|1303\n|player|p2|kyanabsl|266|1370\n|teamsize|p1|6\n|teamsize|p2|6\n|gen|9\n|tier|[Gen 9] VGC 2023 Regulation C\n|rated|\n|rule|Species Clause: Limit one of each Pok\u00e9mon\n|rule|Item Clause: Limit one of each item\n|clearpoke\n|poke|p1|Sunflora, L50, M|\n|poke|p1|Torkoal, L50, M|\n|poke|p1|Hatterene, L50, F|\n|poke|p1|Hariyama, L50, M|\n|poke|p1|Flamigo, L50, F|\n|poke|p1|Luxray, L50, M|\n|poke|p2|Lilligant, L50, F|\n|poke|p2|Torkoal, L50, F|\n|poke|p2|Chien-Pao, L50|\n|poke|p2|Great Tusk, L50|\n|poke|p2|Dragonite, L50, M|\n|poke|p2|Flutter Mane, L50|\n|teampreview|4\n|\n|t:|1682169754\n|start\n|switch|p1a: Yo-Ya Ma|Hariyama, L50, M|100\/100\n|switch|p1b: Irene Cara|Hatterene, L50, F|100\/100\n|switch|p2a: Lilligant|Lilligant, L50, F|100\/100\n|switch|p2b: Torkoal|Torkoal, L50, F|100\/100\n|-weather|SunnyDay|[from] ability: Drought|[of] p2b: Torkoal\n|turn|1\n|\n|t:|1682169796\n|-terastallize|p2a: Lilligant|Ghost\n|move|p1a: Yo-Ya Ma|Fake Out|p2b: Torkoal\n|-damage|p2b: Torkoal|89\/100\n|move|p2a: Lilligant|Sleep Powder|p1a: Yo-Ya Ma\n|-status|p1a: Yo-Ya Ma|slp|[from] move: Sleep Powder\n|cant|p2b: Torkoal|flinch\n|move|p1b: Irene Cara|Psychic|p2b: Torkoal\n|-damage|p2b: Torkoal|17\/100\n|\n|-weather|SunnyDay|[upkeep]\n|upkeep\n|turn|2\n|\n|t:|1682169815\n|cant|p1a: Yo-Ya Ma|slp\n|move|p2a: Lilligant|After You|p2b: Torkoal\n|-activate|p2b: Torkoal|move: After You\n|move|p2b: Torkoal|Heat Wave|p1a: Yo-Ya Ma|[spread] p1a,p1b\n|-damage|p1a: Yo-Ya Ma|53\/100 slp\n|-damage|p1b: Irene Cara|44\/100\n|move|p1b: Irene Cara|Trick Room|p1b: Irene Cara\n|-fieldstart|move: Trick Room|[of] p1b: Irene Cara\n|\n|-weather|SunnyDay|[upkeep]\n|upkeep\n|turn|3\n|\n|t:|1682169840\n|move|p1b: Irene Cara|Psychic|p2b: Torkoal\n|-damage|p2b: Torkoal|0 fnt\n|faint|p2b: Torkoal\n|cant|p1a: Yo-Ya Ma|slp\n|move|p2a: Lilligant|Leaf Storm|p1b: Irene Cara\n|-crit|p1b: Irene Cara\n|-damage|p1b: Irene Cara|0 fnt\n|-unboost|p2a: Lilligant|spa|2\n|faint|p1b: Irene Cara\n|\n|-weather|SunnyDay|[upkeep]\n|upkeep\n|\n|t:|1682169859\n|switch|p1b: FlamingoLips|Flamigo, L50, F|100\/100\n|switch|p2b: Dragonite|Dragonite, L50, M|100\/100\n|turn|4\n|\n|t:|1682169883\n|move|p2b: Dragonite|Extreme Speed|p1a: Yo-Ya Ma\n|-damage|p1a: Yo-Ya Ma|22\/100 slp\n|cant|p1a: Yo-Ya Ma|slp\n|move|p1b: FlamingoLips|Close Combat|p2a: Lilligant\n|-crit|p2a: Lilligant\n|-enditem|p2a: Lilligant|Focus Sash\n|-damage|p2a: Lilligant|1\/100\n|-unboost|p1b: FlamingoLips|def|1\n|-unboost|p1b: FlamingoLips|spd|1\n|move|p2a: Lilligant|Sleep Powder|p1b: FlamingoLips\n|-status|p1b: FlamingoLips|slp|[from] move: Sleep Powder\n|\n|-weather|SunnyDay|[upkeep]\n|upkeep\n|turn|5\n|\n|t:|1682169913\n|switch|p1a: Ray Charles|Luxray, L50, M|100\/100\n|-ability|p1a: Ray Charles|Intimidate|boost\n|-unboost|p2a: Lilligant|atk|1\n|-fail|p2b: Dragonite|unboost|Attack|[from] ability: Inner Focus|[of] p2b: Dragonite\n|switch|p2a: Chien-Pao|Chien-Pao, L50|100\/100\n|-ability|p2a: Chien-Pao|Sword of Ruin\n|move|p2b: Dragonite|Extreme Speed|p1a: Ray Charles\n|-damage|p1a: Ray Charles|65\/100\n|cant|p1b: FlamingoLips|slp\n|\n|-weather|none\n|upkeep\n|turn|6\n|\n|t:|1682169942\n|move|p1a: Ray Charles|Volt Switch|p2b: Dragonite\n|-damage|p2b: Dragonite|75\/100\n|\n|t:|1682169945\n|switch|p1a: Yo-Ya Ma|Hariyama, L50, M|22\/100 slp|[from] Volt Switch\n|-curestatus|p1b: FlamingoLips|slp|[msg]\n|move|p1b: FlamingoLips|Close Combat|p2a: Chien-Pao\n|-supereffective|p2a: Chien-Pao\n|-damage|p2a: Chien-Pao|0 fnt\n|-unboost|p1b: FlamingoLips|def|1\n|-unboost|p1b: FlamingoLips|spd|1\n|faint|p2a: Chien-Pao\n|move|p2b: Dragonite|Tailwind|p2b: Dragonite\n|-sidestart|p2: kyanabsl|move: Tailwind\n|\n|-fieldend|move: Trick Room\n|upkeep\n|inactive|Battle timer is ON: inactive players will automatically lose when time's up. (requested by Nucleartoad)\n|inactive|kyanabsl has 60 seconds left.\n|inactive|kyanabsl has 30 seconds left.\n|inactive|kyanabsl has 20 seconds left.\n|inactive|kyanabsl has 15 seconds left.\n|inactive|kyanabsl has 10 seconds left.\n|inactive|kyanabsl has 5 seconds left.\n|\n|t:|1682170108\n|switch|p2a: Lilligant|Lilligant, L50, F, tera:Ghost|1\/100\n|turn|7\n|inactive|kyanabsl has 30 seconds left.\n|inactive|kyanabsl has 20 seconds left.\n|inactive|kyanabsl has 15 seconds left.\n|inactive|kyanabsl has 10 seconds left.\n|inactive|kyanabsl has 5 seconds left.\n|\n|t:|1682170163\n|move|p2b: Dragonite|Extreme Speed|p1b: FlamingoLips\n|-damage|p1b: FlamingoLips|30\/100\n|move|p1b: FlamingoLips|Feint|p2a: Lilligant\n|-damage|p2a: Lilligant|0 fnt\n|faint|p2a: Lilligant\n|-curestatus|p1a: Yo-Ya Ma|slp|[msg]\n|move|p1a: Yo-Ya Ma|Close Combat|p2b: Dragonite\n|-resisted|p2b: Dragonite\n|-damage|p2b: Dragonite|43\/100\n|-unboost|p1a: Yo-Ya Ma|def|1\n|-unboost|p1a: Yo-Ya Ma|spd|1\n|\n|-status|p1a: Yo-Ya Ma|brn|[from] item: Flame Orb\n|upkeep\n|turn|8\n|inactive|kyanabsl has 30 seconds left.\n|inactive|kyanabsl has 20 seconds left.\n|inactive|kyanabsl has 15 seconds left.\n|inactive|kyanabsl has 10 seconds left.\n|inactive|kyanabsl has 5 seconds left.\n|\n|t:|1682170218\n|move|p1b: FlamingoLips|Quick Guard|p1b: FlamingoLips\n|-singleturn|p1b: FlamingoLips|Quick Guard\n|move|p2b: Dragonite|Extreme Speed|p1a: Yo-Ya Ma\n|-activate|p1a: Yo-Ya Ma|move: Quick Guard\n|move|p1a: Yo-Ya Ma|Close Combat|p2b: Dragonite\n|-resisted|p2b: Dragonite\n|-damage|p2b: Dragonite|0 fnt\n|-unboost|p1a: Yo-Ya Ma|def|1\n|-unboost|p1a: Yo-Ya Ma|spd|1\n|faint|p2b: Dragonite\n|\n|win|Nucleartoad\n|raw|Nucleartoad's rating: 1303 → 1327<\/strong> (+24 for winning)\n|raw|kyanabsl's rating: 1370 → 1346<\/strong> (-24 for losing)\n|c|\u2606Nucleartoad|Gg\n","uploadtime":1682170234,"views":10,"p1id":"nucleartoad","p2id":"kyanabsl","formatid":"gen9vgc2023regulationc","rating":1327,"private":0,"password":""}