{"id":"gen9vgc2023regulationc-1845088743","p1":"Lorge Coffee","p2":"Zydroxequil","format":"[Gen 9] VGC 2023 Regulation C","log":"|j|\u2606Lorge Coffee\n|j|\u2606Zydroxequil\n|t:|1681682198\n|gametype|doubles\n|player|p1|Lorge Coffee|shauntal|1142\n|player|p2|Zydroxequil|scientist-gen4dp|1192\n|teamsize|p1|6\n|teamsize|p2|6\n|gen|9\n|tier|[Gen 9] VGC 2023 Regulation C\n|rated|\n|rule|Species Clause: Limit one of each Pok\u00e9mon\n|rule|Item Clause: Limit one of each item\n|clearpoke\n|poke|p1|Klawf, L50, M|\n|poke|p1|Meowscarada, L50, F|\n|poke|p1|Tatsugiri, L50, F|\n|poke|p1|Dondozo, L50, F|\n|poke|p1|Talonflame, L50, F|\n|poke|p1|Ting-Lu, L50|\n|poke|p2|Corviknight, L50, M|\n|poke|p2|Tyranitar, L50, F|\n|poke|p2|Garchomp, L50, F|\n|poke|p2|Gyarados, L50, F|\n|poke|p2|Amoonguss, L50, M|\n|poke|p2|Iron Hands, L50|\n|teampreview|4\n|inactive|Battle timer is ON: inactive players will automatically lose when time's up. (requested by Lorge Coffee)\n|inactive|Zydroxequil has 60 seconds left.\nLorge Coffee has agreed to open team sheets.\n|\n|t:|1681682258\n|start\n|switch|p1a: Ting-Luey|Ting-Lu, L50|100\/100\n|switch|p1b: Klawf|Klawf, L50, M|100\/100\n|switch|p2a: Iron Hands|Iron Hands, L50|100\/100\n|switch|p2b: Amoonguss|Amoonguss, L50, M|100\/100\n|-ability|p1a: Ting-Luey|Vessel of Ruin\n|turn|1\n|inactive|Lorge Coffee has 30 seconds left.\n|\n|t:|1681682292\n|move|p2a: Iron Hands|Fake Out|p1b: Klawf\n|-resisted|p1b: Klawf\n|-damage|p1b: Klawf|94\/100\n|cant|p1b: Klawf|flinch\n|move|p1a: Ting-Luey|Stomping Tantrum|p1b: Klawf\n|-supereffective|p1b: Klawf\n|-damage|p1b: Klawf|33\/100\n|-enditem|p1b: Klawf|Weakness Policy\n|-boost|p1b: Klawf|atk|2|[from] item: Weakness Policy\n|-boost|p1b: Klawf|spa|2|[from] item: Weakness Policy\n|-ability|p1b: Klawf|Anger Shell|boost\n|-boost|p1b: Klawf|atk|1\n|-boost|p1b: Klawf|spa|1\n|-boost|p1b: Klawf|spe|1\n|-unboost|p1b: Klawf|def|1\n|-unboost|p1b: Klawf|spd|1\n|move|p2b: Amoonguss|Spore|p1a: Ting-Luey\n|-status|p1a: Ting-Luey|slp|[from] move: Spore\n|\n|upkeep\n|turn|2\n|inactive|Zydroxequil has 30 seconds left.\n|inactive|Lorge Coffee has 30 seconds left.\n|\n|t:|1681682336\n|-terastallize|p1b: Klawf|Fire\n|move|p2b: Amoonguss|Rage Powder|p2b: Amoonguss\n|-singleturn|p2b: Amoonguss|move: Rage Powder\n|move|p1b: Klawf|Rock Slide|p2b: Amoonguss|[spread] p2a\n|-miss|p1b: Klawf|p2b: Amoonguss\n|-resisted|p2a: Iron Hands\n|-damage|p2a: Iron Hands|86\/100\n|move|p2a: Iron Hands|Close Combat|p1b: Klawf\n|-damage|p1b: Klawf|0 fnt\n|-unboost|p2a: Iron Hands|def|1\n|-unboost|p2a: Iron Hands|spd|1\n|faint|p1b: Klawf\n|cant|p1a: Ting-Luey|slp\n|\n|upkeep\n|\n|t:|1681682348\n|switch|p1b: Tatsugiri|Tatsugiri, L50, F|100\/100\n|turn|3\n|\n|t:|1681682372\n|switch|p2b: Gyarados|Gyarados, L50, F, shiny|100\/100\n|-ability|p2b: Gyarados|Intimidate|boost\n|-unboost|p1a: Ting-Luey|atk|1\n|-unboost|p1b: Tatsugiri|atk|1\n|move|p1b: Tatsugiri|Muddy Water|p2b: Gyarados|[spread] p2a,p2b\n|-resisted|p2b: Gyarados\n|-damage|p2a: Iron Hands|67\/100\n|-damage|p2b: Gyarados|92\/100\n|move|p2a: Iron Hands|Wild Charge|p1a: Ting-Luey\n|-immune|p1a: Ting-Luey\n|cant|p1a: Ting-Luey|slp\n|\n|upkeep\n|turn|4\n|\n|t:|1681682389\n|move|p2b: Gyarados|Helping Hand|p2a: Iron Hands\n|-singleturn|p2a: Iron Hands|Helping Hand|[of] p2b: Gyarados\n|move|p1b: Tatsugiri|Muddy Water|p2b: Gyarados|[spread] p2a,p2b\n|-resisted|p2b: Gyarados\n|-damage|p2a: Iron Hands|45\/100\n|-damage|p2b: Gyarados|82\/100\n|-unboost|p2b: Gyarados|accuracy|1\n|move|p2a: Iron Hands|Ice Punch|p1a: Ting-Luey\n|-supereffective|p1a: Ting-Luey\n|-damage|p1a: Ting-Luey|48\/100 slp\n|-curestatus|p1a: Ting-Luey|slp|[msg]\n|move|p1a: Ting-Luey|Fissure|p2a: Iron Hands|[miss]\n|-miss|p1a: Ting-Luey|p2a: Iron Hands\n|\n|upkeep\n|turn|5\n|\n|t:|1681682407\n|switch|p2b: Amoonguss|Amoonguss, L50, M|100\/100\n|move|p1b: Tatsugiri|Muddy Water|p2a: Iron Hands|[spread] p2a,p2b\n|-resisted|p2b: Amoonguss\n|-damage|p2a: Iron Hands|26\/100\n|-damage|p2b: Amoonguss|91\/100\n|-unboost|p2b: Amoonguss|accuracy|1\n|move|p2a: Iron Hands|Close Combat|p1a: Ting-Luey\n|-supereffective|p1a: Ting-Luey\n|-damage|p1a: Ting-Luey|0 fnt\n|-unboost|p2a: Iron Hands|def|1\n|-unboost|p2a: Iron Hands|spd|1\n|faint|p1a: Ting-Luey\n|\n|upkeep\n|\n|t:|1681682417\n|switch|p1a: Dondozo|Dondozo, L50, F|100\/100\n|-activate|p1b: Tatsugiri|ability: Commander|[of] p1a: Dondozo\n|-boost|p1a: Dondozo|atk|2\n|-boost|p1a: Dondozo|spa|2\n|-boost|p1a: Dondozo|spe|2\n|-boost|p1a: Dondozo|def|2\n|-boost|p1a: Dondozo|spd|2\n|turn|6\n|\n|t:|1681682432\n|-end|p2a: Iron Hands|Quark Drive|[silent]\n|switch|p2a: Gyarados|Gyarados, L50, F, shiny|82\/100\n|-ability|p2a: Gyarados|Intimidate|boost\n|-unboost|p1a: Dondozo|atk|1\n|-unboost|p1b: Tatsugiri|atk|1\n|move|p1a: Dondozo|Substitute|p1a: Dondozo\n|-start|p1a: Dondozo|Substitute\n|-damage|p1a: Dondozo|76\/100\n|move|p2b: Amoonguss|Spore||[still]\n|-fail|p2b: Amoonguss\n|\n|-heal|p1a: Dondozo|82\/100|[from] item: Leftovers\n|upkeep\n|turn|7\n|\n|t:|1681682445\n|move|p1a: Dondozo|Order Up|p2b: Amoonguss\n|-damage|p2b: Amoonguss|68\/100\n|-boost|p1a: Dondozo|atk|1\n|move|p2a: Gyarados|Iron Head|p1a: Dondozo\n|-resisted|p1a: Dondozo\n|-activate|p1a: Dondozo|move: Substitute|[damage]\n|move|p2b: Amoonguss|Pollen Puff|p2a: Gyarados\n|-heal|p2a: Gyarados|100\/100\n|\n|-heal|p1a: Dondozo|88\/100|[from] item: Leftovers\n|upkeep\n|turn|8\n|\n|t:|1681682468\n|-terastallize|p2b: Amoonguss|Fairy\n|move|p1a: Dondozo|Order Up|p2b: Amoonguss\n|-immune|p2b: Amoonguss\n|move|p2a: Gyarados|Iron Head|p1a: Dondozo\n|-resisted|p1a: Dondozo\n|-activate|p1a: Dondozo|move: Substitute|[damage]\n|move|p2b: Amoonguss|Spore||[still]\n|-fail|p2b: Amoonguss\n|\n|-heal|p1a: Dondozo|94\/100|[from] item: Leftovers\n|upkeep\n|turn|9\n|\n|t:|1681682475\n|move|p1a: Dondozo|Order Up|p2a: Gyarados\n|-damage|p2a: Gyarados|62\/100\n|-boost|p1a: Dondozo|atk|1\n|move|p2a: Gyarados|Iron Head|p1a: Dondozo\n|-resisted|p1a: Dondozo\n|-activate|p1a: Dondozo|move: Substitute|[damage]\n|move|p2b: Amoonguss|Spore||[still]\n|-fail|p2b: Amoonguss\n|\n|-heal|p1a: Dondozo|99\/100|[from] item: Leftovers\n|upkeep\n|turn|10\n|\n|t:|1681682482\n|move|p1a: Dondozo|Wave Crash|p2b: Amoonguss\n|-damage|p2b: Amoonguss|0 fnt\n|-damage|p1a: Dondozo|83\/100|[from] item: Rocky Helmet|[of] p2b: Amoonguss\n|faint|p2b: Amoonguss\n|-damage|p1a: Dondozo|64\/100|[from] Recoil\n|move|p2a: Gyarados|Waterfall|p1a: Dondozo\n|-resisted|p1a: Dondozo\n|-activate|p1a: Dondozo|move: Substitute|[damage]\n|\n|-heal|p1a: Dondozo|70\/100|[from] item: Leftovers\n|upkeep\n|\n|t:|1681682492\n|switch|p2b: Iron Hands|Iron Hands, L50|26\/100\n|turn|11\n|\n|t:|1681682498\n|move|p1a: Dondozo|Order Up|p2b: Iron Hands\n|-damage|p2b: Iron Hands|0 fnt\n|faint|p2b: Iron Hands\n|-end|p2b: Iron Hands|Quark Drive|[silent]\n|-boost|p1a: Dondozo|atk|1\n|move|p2a: Gyarados|Waterfall|p1a: Dondozo\n|-resisted|p1a: Dondozo\n|-activate|p1a: Dondozo|move: Substitute|[damage]\n|\n|-heal|p1a: Dondozo|76\/100|[from] item: Leftovers\n|upkeep\n|\n|t:|1681682501\n|switch|p2b: Garchomp|Garchomp, L50, F|100\/100\n|turn|12\n|\n|t:|1681682513\n|move|p1a: Dondozo|Order Up|p2b: Garchomp\n|-supereffective|p2b: Garchomp\n|-damage|p2b: Garchomp|0 fnt\n|faint|p2b: Garchomp\n|-boost|p1a: Dondozo|atk|1\n|move|p2a: Gyarados|Thunder Wave|p1a: Dondozo|[miss]\n|-miss|p2a: Gyarados|p1a: Dondozo\n|\n|-heal|p1a: Dondozo|82\/100|[from] item: Leftovers\n|upkeep\n|turn|13\n|-message|Zydroxequil forfeited.\n|\n|win|Lorge Coffee\n|raw|Lorge Coffee's rating: 1142 → 1171<\/strong> (+29 for winning)\n|raw|Zydroxequil's rating: 1192 → 1163<\/strong> (-29 for losing)\n|l|\u2606Zydroxequil\n","uploadtime":1681682522,"views":10,"p1id":"lorgecoffee","p2id":"zydroxequil","formatid":"gen9vgc2023regulationc","rating":1163,"private":0,"password":""}