{"id":"gen9vgc2023regulationc-1845481424","p1":"Twopalaces","p2":"pokemonjman2","format":"[Gen 9] VGC 2023 Regulation C","log":"|j|\u2606Twopalaces\n|j|\u2606pokemonjman2\n|t:|1681738003\n|gametype|doubles\n|player|p1|Twopalaces|cynthia-gen7|1083\n|player|p2|pokemonjman2|steven|1020\n|teamsize|p1|6\n|teamsize|p2|6\n|gen|9\n|tier|[Gen 9] VGC 2023 Regulation C\n|rated|\n|rule|Species Clause: Limit one of each Pok\u00e9mon\n|rule|Item Clause: Limit one of each item\n|clearpoke\n|poke|p1|Chi-Yu, L50|\n|poke|p1|Amoonguss, L50, F|\n|poke|p1|Flutter Mane, L50|\n|poke|p1|Torkoal, L50, F|\n|poke|p1|Tauros-Paldea-Aqua, L50, M|\n|poke|p1|Glimmora, L50, F|\n|poke|p2|Armarouge, L50, M|\n|poke|p2|Gholdengo, L50|\n|poke|p2|Amoonguss, L50, M|\n|poke|p2|Iron Hands, L50|\n|poke|p2|Garganacl, L50, M|\n|poke|p2|Flutter Mane, L50|\n|teampreview|4\n|inactive|Battle timer is ON: inactive players will automatically lose when time's up. (requested by Twopalaces)\npokemonjman2 has agreed to open team sheets.\n|inactive|Twopalaces has 60 seconds left.\n|\n|t:|1681738053\n|start\n|switch|p1a: Glimmora|Glimmora, L50, F|100\/100\n|switch|p1b: Tauros|Tauros-Paldea-Aqua, L50, M|100\/100\n|switch|p2a: Armarouge|Armarouge, L50, M|100\/100\n|switch|p2b: Amoonguss|Amoonguss, L50, M|100\/100\n|-ability|p1b: Tauros|Intimidate|boost\n|-unboost|p2a: Armarouge|atk|1\n|-unboost|p2b: Amoonguss|atk|1\n|turn|1\n|inactive|Twopalaces has 30 seconds left.\n|\n|t:|1681738086\n|move|p2b: Amoonguss|Rage Powder|p2b: Amoonguss\n|-singleturn|p2b: Amoonguss|move: Rage Powder\n|move|p1a: Glimmora|Earth Power|p2b: Amoonguss\n|-damage|p2b: Amoonguss|68\/100\n|move|p1b: Tauros|Wave Crash|p2b: Amoonguss\n|-resisted|p2b: Amoonguss\n|-damage|p2b: Amoonguss|27\/100\n|-damage|p1b: Tauros|83\/100|[from] Recoil\n|move|p2a: Armarouge|Trick Room|p2a: Armarouge\n|-fieldstart|move: Trick Room|[of] p2a: Armarouge\n|\n|upkeep\n|turn|2\n|\n|t:|1681738109\n|switch|p1b: Flutter Mane|Flutter Mane, L50|100\/100\n|move|p2b: Amoonguss|Spore|p1a: Glimmora\n|-status|p1a: Glimmora|slp|[from] move: Spore\n|move|p2a: Armarouge|Expanding Force|p1b: Flutter Mane\n|-damage|p1b: Flutter Mane|58\/100\n|cant|p1a: Glimmora|slp\n|\n|upkeep\n|turn|3\n|\n|t:|1681738131\n|move|p2b: Amoonguss|Clear Smog|p1b: Flutter Mane\n|-damage|p1b: Flutter Mane|28\/100\n|-clearboost|p1b: Flutter Mane\n|-damage|p2b: Amoonguss|17\/100|[from] item: Life Orb\n|move|p2a: Armarouge|Expanding Force|p1b: Flutter Mane\n|-damage|p1b: Flutter Mane|0 fnt\n|faint|p1b: Flutter Mane\n|-end|p1b: Flutter Mane|Protosynthesis|[silent]\n|cant|p1a: Glimmora|slp\n|\n|upkeep\n|\n|t:|1681738146\n|switch|p1b: Chi-Yu|Chi-Yu, L50|100\/100\n|-ability|p1b: Chi-Yu|Beads of Ruin\n|turn|4\n|\n|t:|1681738157\n|move|p2b: Amoonguss|Pollen Puff|p1b: Chi-Yu\n|-damage|p1b: Chi-Yu|62\/100\n|-damage|p2b: Amoonguss|8\/100|[from] item: Life Orb\n|move|p2a: Armarouge|Armor Cannon|p1a: Glimmora\n|-resisted|p1a: Glimmora\n|-damage|p1a: Glimmora|50\/100 slp\n|-unboost|p2a: Armarouge|def|1\n|-unboost|p2a: Armarouge|spd|1\n|move|p1b: Chi-Yu|Dark Pulse|p2a: Armarouge\n|-supereffective|p2a: Armarouge\n|-damage|p2a: Armarouge|0 fnt\n|faint|p2a: Armarouge\n|-damage|p1b: Chi-Yu|52\/100|[from] item: Life Orb\n|-curestatus|p1a: Glimmora|slp|[msg]\n|move|p1a: Glimmora|Earth Power|p2b: Amoonguss\n|-damage|p2b: Amoonguss|0 fnt\n|faint|p2b: Amoonguss\n|\n|upkeep\n|\n|t:|1681738176\n|switch|p2b: Gholdengo|Gholdengo, L50|100\/100\n|switch|p2a: Iron Hands|Iron Hands, L50|100\/100\n|-enditem|p2a: Iron Hands|Booster Energy\n|-activate|p2a: Iron Hands|ability: Quark Drive|[fromitem]\n|-start|p2a: Iron Hands|quarkdriveatk\n|turn|5\n|\n|t:|1681738187\n|switch|p1a: Tauros|Tauros-Paldea-Aqua, L50, M|83\/100\n|-ability|p1a: Tauros|Intimidate|boost\n|-unboost|p2a: Iron Hands|atk|1\n|-unboost|p2b: Gholdengo|atk|1\n|move|p1b: Chi-Yu|Protect|p1b: Chi-Yu\n|-singleturn|p1b: Chi-Yu|Protect\n|move|p2a: Iron Hands|Body Press|p1b: Chi-Yu\n|-activate|p1b: Chi-Yu|move: Protect\n|move|p2b: Gholdengo|Nasty Plot|p2b: Gholdengo\n|-boost|p2b: Gholdengo|spa|2\n|\n|-fieldend|move: Trick Room\n|upkeep\n|turn|6\n|inactive|Twopalaces has 30 seconds left.\n|\n|t:|1681738219\n|move|p1a: Tauros|Wave Crash|p2a: Iron Hands\n|-damage|p2a: Iron Hands|49\/100\n|-damage|p1a: Tauros|57\/100|[from] Recoil\n|move|p1b: Chi-Yu|Overheat|p2b: Gholdengo\n|-supereffective|p2b: Gholdengo\n|-damage|p2b: Gholdengo|0 fnt\n|-unboost|p1b: Chi-Yu|spa|2\n|faint|p2b: Gholdengo\n|-damage|p1b: Chi-Yu|42\/100|[from] item: Life Orb\n|move|p2a: Iron Hands|Belly Drum||[still]\n|-fail|p2a: Iron Hands\n|\n|upkeep\n|turn|7\n|\n|t:|1681738239\n|move|p1b: Chi-Yu|Overheat|p2a: Iron Hands|[miss]\n|-miss|p1b: Chi-Yu|p2a: Iron Hands\n|move|p1a: Tauros|Wave Crash|p2a: Iron Hands\n|-damage|p2a: Iron Hands|0 fnt\n|faint|p2a: Iron Hands\n|-end|p2a: Iron Hands|Quark Drive|[silent]\n|-damage|p1a: Tauros|32\/100|[from] Recoil\n|\n|win|Twopalaces\n|raw|Twopalaces's rating: 1083 → 1106<\/strong> (+23 for winning)\n|raw|pokemonjman2's rating: 1020 → 1009<\/strong> (-11 for losing)\n|l|\u2606pokemonjman2\n","uploadtime":1681738253,"views":8,"p1id":"twopalaces","p2id":"pokemonjman2","formatid":"gen9vgc2023regulationc","rating":1009,"private":0,"password":""}