{"id":"gen9vgc2023regulationc-1847862193","p1":"mclovinstan ES","p2":"Joull","format":"[Gen 9] VGC 2023 Regulation C","log":"|j|\u2606mclovinstan ES\n|j|\u2606Joull\n|t:|1682008062\n|gametype|doubles\n|player|p1|mclovinstan ES|ghetsis-gen5bw|1105\n|player|p2|Joull|lance-gen3|1050\n|teamsize|p1|6\n|teamsize|p2|6\n|gen|9\n|tier|[Gen 9] VGC 2023 Regulation C\n|rated|\n|rule|Species Clause: Limit one of each Pok\u00e9mon\n|rule|Item Clause: Limit one of each item\n|clearpoke\n|poke|p1|Talonflame, L50, F|\n|poke|p1|Great Tusk, L50|\n|poke|p1|Flutter Mane, L50|\n|poke|p1|Brute Bonnet, L50|\n|poke|p1|Gyarados, L50, F|\n|poke|p1|Chi-Yu, L50|\n|poke|p2|Arcanine, L50, M|\n|poke|p2|Lucario, L50, M|\n|poke|p2|Palafin, L50, F|\n|poke|p2|Flutter Mane, L50|\n|poke|p2|Chien-Pao, L50|\n|poke|p2|Amoonguss, L50, F|\n|teampreview|4\n|inactive|Battle timer is ON: inactive players will automatically lose when time's up. (requested by mclovinstan ES)\n|inactive|mclovinstan ES has 60 seconds left.\n|inactive|Joull has 60 seconds left.\n|\n|t:|1682008103\n|start\n|switch|p1a: Gyarados|Gyarados, L50, F, shiny|100\/100\n|switch|p1b: Great Tusk|Great Tusk, L50|100\/100\n|switch|p2a: Pupper|Arcanine, L50, M|100\/100\n|switch|p2b: Flipper|Palafin, L50, F|100\/100\n|-ability|p2a: Pupper|Intimidate|boost\n|-unboost|p1a: Gyarados|atk|1\n|-unboost|p1b: Great Tusk|atk|1\n|-ability|p1a: Gyarados|Intimidate|boost\n|-unboost|p2a: Pupper|atk|1\n|-unboost|p2b: Flipper|atk|1\n|turn|1\n|\n|t:|1682008127\n|-end|p1b: Great Tusk|Protosynthesis|[silent]\n|switch|p1b: Chi-Yu|Chi-Yu, L50|100\/100\n|-ability|p1b: Chi-Yu|Beads of Ruin\n|detailschange|p2b: Flipper|Palafin-Hero, L50, F\n|switch|p2b: Poes|Chien-Pao, L50|100\/100\n|-ability|p2b: Poes|Sword of Ruin\n|-terastallize|p2a: Pupper|Flying\n|move|p2a: Pupper|Will-O-Wisp|p1a: Gyarados\n|-status|p1a: Gyarados|brn\n|move|p1a: Gyarados|Taunt|p2a: Pupper\n|-start|p2a: Pupper|move: Taunt\n|\n|-damage|p1a: Gyarados|95\/100 brn|[from] brn\n|upkeep\n|turn|2\n|inactive|Joull has 30 seconds left.\n|\n|t:|1682008157\n|switch|p2a: Flipper|Palafin-Hero, L50, F|100\/100\n|-activate|p2a: Flipper|ability: Zero to Hero\n|move|p1b: Chi-Yu|Protect|p1b: Chi-Yu\n|-singleturn|p1b: Chi-Yu|Protect\n|move|p2b: Poes|Throat Chop|p1a: Gyarados\n|-damage|p1a: Gyarados|45\/100 brn\n|-start|p1a: Gyarados|Throat Chop|[silent]\n|move|p1a: Gyarados|Thunder Wave|p2b: Poes\n|-status|p2b: Poes|par\n|\n|-damage|p1a: Gyarados|39\/100 brn|[from] brn\n|upkeep\n|turn|3\n|\n|t:|1682008175\n|-terastallize|p1b: Chi-Yu|Grass\n|move|p1b: Chi-Yu|Flamethrower|p2b: Poes\n|-supereffective|p2b: Poes\n|-enditem|p2b: Poes|Focus Sash\n|-damage|p2b: Poes|1\/100 par\n|move|p2a: Flipper|Wave Crash|p1b: Chi-Yu\n|-resisted|p1b: Chi-Yu\n|-damage|p1b: Chi-Yu|9\/100\n|-damage|p2a: Flipper|78\/100|[from] Recoil\n|move|p1a: Gyarados|Sunny Day|p1a: Gyarados\n|-weather|SunnyDay\n|move|p2b: Poes|Throat Chop|p1a: Gyarados\n|-damage|p1a: Gyarados|0 fnt\n|faint|p1a: Gyarados\n|\n|-weather|SunnyDay|[upkeep]\n|upkeep\n|\n|t:|1682008189\n|switch|p1a: Brute Bonnet|Brute Bonnet, L50|100\/100\n|-activate|p1a: Brute Bonnet|ability: Protosynthesis\n|-start|p1a: Brute Bonnet|protosynthesisatk\n|turn|4\n|\n|t:|1682008196\n|move|p1b: Chi-Yu|Protect|p1b: Chi-Yu\n|-singleturn|p1b: Chi-Yu|Protect\n|move|p2a: Flipper|Jet Punch|p1b: Chi-Yu\n|-activate|p1b: Chi-Yu|move: Protect\n|move|p2b: Poes|Ice Spinner|p1a: Brute Bonnet\n|-supereffective|p1a: Brute Bonnet\n|-damage|p1a: Brute Bonnet|23\/100\n|move|p1a: Brute Bonnet|Bullet Seed|p2a: Flipper\n|-supereffective|p2a: Flipper\n|-damage|p2a: Flipper|32\/100\n|-supereffective|p2a: Flipper\n|-damage|p2a: Flipper|0 fnt\n|faint|p2a: Flipper\n|-hitcount|p2: Flipper|2\n|\n|-weather|SunnyDay|[upkeep]\n|upkeep\n|\n|t:|1682008210\n|switch|p2a: Pupper|Arcanine, L50, M, tera:Flying|100\/100\n|-ability|p2a: Pupper|Intimidate|boost\n|-unboost|p1a: Brute Bonnet|atk|1\n|-unboost|p1b: Chi-Yu|atk|1\n|turn|5\n|\n|t:|1682008218\n|move|p2b: Poes|Sucker Punch|p1b: Chi-Yu\n|-damage|p1b: Chi-Yu|0 fnt\n|faint|p1b: Chi-Yu\n|move|p1a: Brute Bonnet|Sucker Punch||[still]\n|-fail|p1a: Brute Bonnet\n|move|p2a: Pupper|Flare Blitz|p1a: Brute Bonnet\n|-supereffective|p1a: Brute Bonnet\n|-damage|p1a: Brute Bonnet|0 fnt\n|faint|p1a: Brute Bonnet\n|-end|p1a: Brute Bonnet|Protosynthesis|[silent]\n|-damage|p2a: Pupper|91\/100|[from] Recoil\n|\n|-weather|SunnyDay|[upkeep]\n|upkeep\n|\n|t:|1682008226\n|switch|p1b: Great Tusk|Great Tusk, L50|100\/100\n|-activate|p1b: Great Tusk|ability: Protosynthesis\n|-start|p1b: Great Tusk|protosynthesisatk\n|turn|6\n|\n|t:|1682008235\n|move|p1b: Great Tusk|Ice Spinner|p2a: Pupper\n|-supereffective|p2a: Pupper\n|-damage|p2a: Pupper|0 fnt\n|faint|p2a: Pupper\n|move|p2b: Poes|Ice Spinner|p1b: Great Tusk\n|-supereffective|p1b: Great Tusk\n|-damage|p1b: Great Tusk|18\/100\n|\n|-weather|SunnyDay|[upkeep]\n|upkeep\n|\n|t:|1682008242\n|switch|p2a: Trix|Flutter Mane, L50|100\/100\n|-activate|p2a: Trix|ability: Protosynthesis\n|-start|p2a: Trix|protosynthesisspa\n|turn|7\n|\n|t:|1682008249\n|move|p2b: Poes|Sucker Punch|p1b: Great Tusk\n|-resisted|p1b: Great Tusk\n|-crit|p1b: Great Tusk\n|-damage|p1b: Great Tusk|0 fnt\n|faint|p1b: Great Tusk\n|-end|p1b: Great Tusk|Protosynthesis|[silent]\n|\n|win|Joull\n|raw|mclovinstan ES's rating: 1105 → 1076<\/strong> (-29 for losing)\n|raw|Joull's rating: 1050 → 1088<\/strong> (+38 for winning)\n|l|\u2606mclovinstan ES\n","uploadtime":1682008373,"views":8,"p1id":"mclovinstanes","p2id":"joull","formatid":"gen9vgc2023regulationc","rating":1076,"private":0,"password":""}