{"id":"gen9vgc2023regulationc-1861555113","p1":"sspark","p2":"Funnyman Krebs","format":"[Gen 9] VGC 2023 Regulation C","log":"|j|\u2606sspark\n|j|\u2606Funnyman Krebs\n|t:|1683772593\n|gametype|doubles\n|player|p1|sspark|102|1547\n|player|p2|Funnyman Krebs|wallace|1630\n|teamsize|p1|6\n|teamsize|p2|6\n|gen|9\n|tier|[Gen 9] VGC 2023 Regulation C\n|rated|\n|rule|Species Clause: Limit one of each Pok\u00e9mon\n|rule|Item Clause: Limit one of each item\n|clearpoke\n|poke|p1|Flutter Mane, L50|\n|poke|p1|Chi-Yu, L50|\n|poke|p1|Iron Bundle, L50|\n|poke|p1|Maushold, L50|\n|poke|p1|Great Tusk, L50|\n|poke|p1|Gyarados, L50, F|\n|poke|p2|Glimmora, L50, M|\n|poke|p2|Iron Bundle, L50|\n|poke|p2|Chi-Yu, L50|\n|poke|p2|Dragonite, L50, M|\n|poke|p2|Dondozo, L50, F|\n|poke|p2|Tatsugiri, L50, M|\n|teampreview|4\nFunnyman Krebs has agreed to open team sheets.\n|inactive|Battle timer is ON: inactive players will automatically lose when time's up. (requested by Funnyman Krebs)\n|inactive|sspark has 60 seconds left.\n|\n|t:|1683772654\n|start\n|switch|p1a: Iron Bundle|Iron Bundle, L50|100\/100\n|switch|p1b: Chi-Yu|Chi-Yu, L50|100\/100\n|switch|p2a: Iron Santa|Iron Bundle, L50, shiny|100\/100\n|switch|p2b: Wheeeee!|Glimmora, L50, M, shiny|100\/100\n|-ability|p1b: Chi-Yu|Beads of Ruin\n|-enditem|p2a: Iron Santa|Booster Energy\n|-activate|p2a: Iron Santa|ability: Quark Drive|[fromitem]\n|-start|p2a: Iron Santa|quarkdrivespe\n|turn|1\n|\n|t:|1683772676\n|move|p2a: Iron Santa|Protect|p2a: Iron Santa\n|-singleturn|p2a: Iron Santa|Protect\n|move|p1a: Iron Bundle|Protect|p1a: Iron Bundle\n|-singleturn|p1a: Iron Bundle|Protect\n|move|p1b: Chi-Yu|Protect|p1b: Chi-Yu\n|-singleturn|p1b: Chi-Yu|Protect\n|move|p2b: Wheeeee!|Power Gem|p1a: Iron Bundle\n|-activate|p1a: Iron Bundle|move: Protect\n|\n|upkeep\n|turn|2\n|inactive|sspark has 30 seconds left.\n|inactive|Funnyman Krebs has 30 seconds left.\n|\n|t:|1683772702\n|move|p2a: Iron Santa|Hydro Pump|p1b: Chi-Yu\n|-supereffective|p1b: Chi-Yu\n|-damage|p1b: Chi-Yu|0 fnt\n|faint|p1b: Chi-Yu\n|move|p1a: Iron Bundle|Hydro Pump|p2b: Wheeeee!|[miss]\n|-miss|p1a: Iron Bundle|p2b: Wheeeee!\n|move|p2b: Wheeeee!|Power Gem|p1a: Iron Bundle\n|-supereffective|p1a: Iron Bundle\n|-enditem|p1a: Iron Bundle|Focus Sash\n|-damage|p1a: Iron Bundle|1\/100\n|\n|upkeep\n|\n|t:|1683772712\n|switch|p1b: Maushold|Maushold, L50|100\/100\n|turn|3\n|j| Jsjxhckejah\n|\n|t:|1683772718\n|move|p1a: Iron Bundle|Protect|p1a: Iron Bundle\n|-singleturn|p1a: Iron Bundle|Protect\n|move|p2a: Iron Santa|Icy Wind|p1a: Iron Bundle|[spread] p1b\n|-activate|p1a: Iron Bundle|move: Protect\n|-damage|p1b: Maushold|78\/100\n|-unboost|p1b: Maushold|spe|1\n|move|p2b: Wheeeee!|Mortal Spin|p1a: Iron Bundle|[spread] p1b\n|-activate|p1a: Iron Bundle|move: Protect\n|-damage|p1b: Maushold|74\/100\n|-status|p1b: Maushold|psn\n|move|p1b: Maushold|Thunder Wave|p2a: Iron Santa\n|-status|p2a: Iron Santa|par\n|\n|-damage|p1b: Maushold|62\/100 psn|[from] psn\n|upkeep\n|turn|4\n|\n|t:|1683772742\n|move|p1b: Maushold|Follow Me|p1b: Maushold\n|-singleturn|p1b: Maushold|move: Follow Me\n|move|p1a: Iron Bundle|Hydro Pump|p2b: Wheeeee!\n|-supereffective|p2b: Wheeeee!\n|-damage|p2b: Wheeeee!|21\/100\n|move|p2a: Iron Santa|Icy Wind|p1b: Maushold|[spread] p1a,p1b\n|-resisted|p1a: Iron Bundle\n|-damage|p1a: Iron Bundle|0 fnt\n|-damage|p1b: Maushold|39\/100 psn\n|-unboost|p1b: Maushold|spe|1\n|faint|p1a: Iron Bundle\n|-end|p1a: Iron Bundle|Quark Drive|[silent]\n|move|p2b: Wheeeee!|Mortal Spin|p1b: Maushold\n|-damage|p1b: Maushold|34\/100 psn\n|\n|-damage|p1b: Maushold|22\/100 psn|[from] psn\n|upkeep\n|l| Jsjxhckejah\n|\n|t:|1683772755\n|switch|p1a: Gyarados|Gyarados, L50, F|100\/100\n|-ability|p1a: Gyarados|Intimidate|boost\n|-unboost|p2a: Iron Santa|atk|1\n|-unboost|p2b: Wheeeee!|atk|1\n|turn|5\n|\n|t:|1683772767\n|-terastallize|p1a: Gyarados|Steel\n|move|p2a: Iron Santa|Protect|p2a: Iron Santa\n|-singleturn|p2a: Iron Santa|Protect\n|move|p1b: Maushold|Protect|p1b: Maushold\n|-singleturn|p1b: Maushold|Protect\n|move|p1a: Gyarados|Dragon Dance|p1a: Gyarados\n|-boost|p1a: Gyarados|atk|1\n|-boost|p1a: Gyarados|spe|1\n|move|p2b: Wheeeee!|Mortal Spin|p1b: Maushold|[spread] \n|-activate|p1b: Maushold|move: Protect\n|-immune|p1a: Gyarados\n|\n|-damage|p1b: Maushold|10\/100 psn|[from] psn\n|upkeep\n|turn|6\n|\n|t:|1683772791\n|move|p1b: Maushold|Feint|p2a: Iron Santa\n|-damage|p2a: Iron Santa|89\/100 par\n|move|p1a: Gyarados|Waterfall|p2b: Wheeeee!\n|-supereffective|p2b: Wheeeee!\n|-damage|p2b: Wheeeee!|0 fnt\n|-activate|p2b: Wheeeee!|ability: Toxic Debris\n|-sidestart|p1: sspark|move: Toxic Spikes\n|faint|p2b: Wheeeee!\n|cant|p2a: Iron Santa|par\n|\n|-damage|p1b: Maushold|0 fnt|[from] psn\n|faint|p1b: Maushold\n|upkeep\n|\n|t:|1683772808\n|switch|p2b: Pain meds|Chi-Yu, L50|100\/100\n|-ability|p2b: Pain meds|Beads of Ruin\n|turn|7\n|\n|t:|1683772817\n|move|p1a: Gyarados|Protect|p1a: Gyarados\n|-singleturn|p1a: Gyarados|Protect\n|move|p2b: Pain meds|Overheat|p1a: Gyarados\n|-activate|p1a: Gyarados|move: Protect\n|move|p2a: Iron Santa|Icy Wind|p1a: Gyarados\n|-activate|p1a: Gyarados|move: Protect\n|\n|upkeep\n|turn|8\n|\n|t:|1683772826\n|move|p1a: Gyarados|Waterfall|p2b: Pain meds\n|-supereffective|p2b: Pain meds\n|-enditem|p2b: Pain meds|Focus Sash\n|-damage|p2b: Pain meds|1\/100\n|move|p2b: Pain meds|Overheat|p1a: Gyarados\n|-supereffective|p1a: Gyarados\n|-crit|p1a: Gyarados\n|-damage|p1a: Gyarados|0 fnt\n|-unboost|p2b: Pain meds|spa|2\n|faint|p1a: Gyarados\n|\n|win|Funnyman Krebs\n|raw|sspark's rating: 1547 → 1532<\/strong> (-15 for losing)\n|raw|Funnyman Krebs's rating: 1630 → 1645<\/strong> (+15 for winning)\n|l|\u2606sspark\n|c|\u2606Funnyman Krebs|gg\n","uploadtime":1683772837,"views":28,"p1id":"sspark","p2id":"funnymankrebs","formatid":"gen9vgc2023regulationc","rating":1532,"private":0,"password":""}