{"id":"gen9vgc2023regulationc-1855193582","p1":"19402u","p2":"mence x vgc","format":"[Gen 9] VGC 2023 Regulation C","log":"|j|\u260619402u\n|j|\u2606mence x vgc\n|t:|1682913191\n|gametype|doubles\n|player|p1|19402u|1|1395\n|player|p2|mence x vgc|janine|1366\n|teamsize|p1|6\n|teamsize|p2|6\n|gen|9\n|tier|[Gen 9] VGC 2023 Regulation C\n|rated|\n|rule|Species Clause: Limit one of each Pok\u00e9mon\n|rule|Item Clause: Limit one of each item\n|clearpoke\n|poke|p1|Glimmora, L50, M|\n|poke|p1|Dragonite, L50, M|\n|poke|p1|Dondozo, L50, M|\n|poke|p1|Tatsugiri, L50, F|\n|poke|p1|Chi-Yu, L50|\n|poke|p1|Iron Bundle, L50|\n|poke|p2|Amoonguss, L50, F|\n|poke|p2|Gyarados, L50, F|\n|poke|p2|Iron Hands, L50|\n|poke|p2|Flutter Mane, L50|\n|poke|p2|Chi-Yu, L50|\n|poke|p2|Ting-Lu, L50|\n|teampreview|4\n19402u has agreed to open team sheets.\n|\n|t:|1682913229\n|start\n|switch|p1a: Chi-Yu|Chi-Yu, L50|100\/100\n|switch|p1b: Iron Bundle|Iron Bundle, L50, shiny|100\/100\n|switch|p2a: Iron Hands|Iron Hands, L50, shiny|100\/100\n|switch|p2b: Ting-Lu|Ting-Lu, L50|100\/100\n|-ability|p1a: Chi-Yu|Beads of Ruin\n|-ability|p2b: Ting-Lu|Vessel of Ruin\n|-enditem|p1b: Iron Bundle|Booster Energy\n|-activate|p1b: Iron Bundle|ability: Quark Drive|[fromitem]\n|-start|p1b: Iron Bundle|quarkdrivespe\n|turn|1\n|\n|t:|1682913249\n|move|p1b: Iron Bundle|Protect|p1b: Iron Bundle\n|-singleturn|p1b: Iron Bundle|Protect\n|move|p1a: Chi-Yu|Overheat|p2a: Iron Hands\n|-damage|p2a: Iron Hands|47\/100\n|-unboost|p1a: Chi-Yu|spa|2\n|move|p2a: Iron Hands|Drain Punch|p1b: Iron Bundle\n|-activate|p1b: Iron Bundle|move: Protect\n|move|p2b: Ting-Lu|Stomping Tantrum|p1a: Chi-Yu\n|-supereffective|p1a: Chi-Yu\n|-enditem|p1a: Chi-Yu|Focus Sash\n|-damage|p1a: Chi-Yu|1\/100\n|\n|upkeep\n|turn|2\n|\n|t:|1682913291\n|move|p1b: Iron Bundle|Freeze-Dry|p2a: Iron Hands\n|-damage|p2a: Iron Hands|20\/100\n|move|p1a: Chi-Yu|Heat Wave|p2b: Ting-Lu|[spread] p2a,p2b\n|-damage|p2a: Iron Hands|7\/100\n|-damage|p2b: Ting-Lu|93\/100\n|move|p2a: Iron Hands|Drain Punch|p1b: Iron Bundle\n|-supereffective|p1b: Iron Bundle\n|-damage|p1b: Iron Bundle|0 fnt\n|-heal|p2a: Iron Hands|36\/100|[from] drain|[of] p1b: Iron Bundle\n|faint|p1b: Iron Bundle\n|-end|p1b: Iron Bundle|Quark Drive|[silent]\n|move|p2b: Ting-Lu|Rock Tomb|p1a: Chi-Yu\n|-supereffective|p1a: Chi-Yu\n|-damage|p1a: Chi-Yu|0 fnt\n|faint|p1a: Chi-Yu\n|\n|upkeep\n|\n|t:|1682913299\n|switch|p1b: Dragonite|Dragonite, L50, M, shiny|100\/100\n|switch|p1a: Glimmora|Glimmora, L50, M, shiny|100\/100\n|turn|3\n|\n|t:|1682913349\n|switch|p2b: Amoonguss|Amoonguss, L50, F, shiny|100\/100\n|-terastallize|p1a: Glimmora|Grass\n|move|p1b: Dragonite|Outrage|p2a: Iron Hands\n|-damage|p2a: Iron Hands|0 fnt\n|faint|p2a: Iron Hands\n|-end|p2a: Iron Hands|Quark Drive|[silent]\n|move|p1a: Glimmora|Mortal Spin|p2b: Amoonguss\n|-damage|p2b: Amoonguss|95\/100\n|\n|upkeep\n|\n|t:|1682913370\n|switch|p2a: Ting-Lu|Ting-Lu, L50|93\/100\n|-ability|p2a: Ting-Lu|Vessel of Ruin\n|turn|4\n|\n|t:|1682913392\n|move|p1b: Dragonite|Outrage|p2b: Amoonguss|[from]lockedmove\n|-damage|p2b: Amoonguss|16\/100\n|-enditem|p2b: Amoonguss|Sitrus Berry|[eat]\n|-heal|p2b: Amoonguss|41\/100|[from] item: Sitrus Berry\n|-start|p1b: Dragonite|confusion|[fatigue]\n|move|p1a: Glimmora|Energy Ball|p2a: Ting-Lu\n|-supereffective|p2a: Ting-Lu\n|-damage|p2a: Ting-Lu|70\/100\n|move|p2a: Ting-Lu|Ruination|p1a: Glimmora\n|-damage|p1a: Glimmora|50\/100\n|move|p2b: Amoonguss|Spore|p1b: Dragonite\n|-status|p1b: Dragonite|slp|[from] move: Spore\n|\n|upkeep\n|turn|5\n|\n|t:|1682913415\n|cant|p1b: Dragonite|slp\n|move|p1a: Glimmora|Energy Ball|p2a: Ting-Lu\n|-supereffective|p2a: Ting-Lu\n|-damage|p2a: Ting-Lu|44\/100\n|move|p2a: Ting-Lu|Ruination|p1b: Dragonite|[miss]\n|-miss|p2a: Ting-Lu|p1b: Dragonite\n|move|p2b: Amoonguss|Pollen Puff|p1a: Glimmora\n|-supereffective|p1a: Glimmora\n|-damage|p1a: Glimmora|33\/100\n|\n|upkeep\n|turn|6\n|\n|t:|1682913436\n|cant|p1b: Dragonite|slp\n|move|p1a: Glimmora|Power Gem|p2b: Amoonguss\n|-damage|p2b: Amoonguss|18\/100\n|move|p2a: Ting-Lu|Ruination|p1b: Dragonite\n|-damage|p1b: Dragonite|50\/100 slp\n|move|p2b: Amoonguss|Pollen Puff|p2a: Ting-Lu\n|-heal|p2a: Ting-Lu|93\/100\n|\n|upkeep\n|turn|7\n|\n|t:|1682913462\n|move|p2b: Amoonguss|Protect|p2b: Amoonguss\n|-singleturn|p2b: Amoonguss|Protect\n|-curestatus|p1b: Dragonite|slp|[msg]\n|-activate|p1b: Dragonite|confusion\n|move|p1b: Dragonite|Outrage|p2a: Ting-Lu\n|-damage|p2a: Ting-Lu|31\/100\n|move|p1a: Glimmora|Power Gem|p2b: Amoonguss\n|-activate|p2b: Amoonguss|move: Protect\n|move|p2a: Ting-Lu|Rock Tomb|p1b: Dragonite\n|-supereffective|p1b: Dragonite\n|-damage|p1b: Dragonite|16\/100\n|-unboost|p1b: Dragonite|spe|1\n|\n|upkeep\n|turn|8\n|\n|t:|1682913485\n|move|p1a: Glimmora|Power Gem|p2b: Amoonguss\n|-damage|p2b: Amoonguss|0 fnt\n|faint|p2b: Amoonguss\n|-activate|p1b: Dragonite|confusion\n|-damage|p1b: Dragonite|0 fnt|[from] confusion\n|faint|p1b: Dragonite\n|move|p2a: Ting-Lu|Rock Tomb|p1a: Glimmora\n|-damage|p1a: Glimmora|19\/100\n|-unboost|p1a: Glimmora|spe|1\n|-activate|p1a: Glimmora|ability: Toxic Debris\n|-sidestart|p2: mence x vgc|move: Toxic Spikes\n|\n|upkeep\n|\n|t:|1682913493\n|switch|p2b: Flutter Mane|Flutter Mane, L50, shiny|100\/100\n|-status|p2b: Flutter Mane|psn\n|-enditem|p2b: Flutter Mane|Booster Energy\n|-activate|p2b: Flutter Mane|ability: Protosynthesis|[fromitem]\n|-start|p2b: Flutter Mane|protosynthesisspa\n|turn|9\n|-message|19402u forfeited.\n|\n|win|mence x vgc\n|raw|19402u's rating: 1395 → 1373<\/strong> (-22 for losing)\n|raw|mence x vgc's rating: 1366 → 1388<\/strong> (+22 for winning)\n|l|\u260619402u\n","uploadtime":1682913499,"views":19,"p1id":"19402u","p2id":"mencexvgc","formatid":"gen9vgc2023regulationc","rating":1373,"private":0,"password":""}