{"id":"gen9vgc2023regulationc-1849670459","p1":"KilvasGlass","p2":"Chi-YuOneTrick","format":"[Gen 9] VGC 2023 Regulation C","log":"|j|\u2606KilvasGlass\n|j|\u2606Chi-YuOneTrick\n|t:|1682229236\n|gametype|doubles\n|player|p1|KilvasGlass|rocketgrunt|1093\n|player|p2|Chi-YuOneTrick|acetrainer-gen6xy|1177\n|teamsize|p1|6\n|teamsize|p2|6\n|gen|9\n|tier|[Gen 9] VGC 2023 Regulation C\n|rated|\n|rule|Species Clause: Limit one of each Pok\u00e9mon\n|rule|Item Clause: Limit one of each item\n|clearpoke\n|poke|p1|Talonflame, L50, M|\n|poke|p1|Flutter Mane, L50|\n|poke|p1|Gyarados, L50, F|\n|poke|p1|Ting-Lu, L50|\n|poke|p1|Hydreigon, L50, M|\n|poke|p1|Indeedee-F, L50, F|\n|poke|p2|Abomasnow, L50, F|\n|poke|p2|Iron Bundle, L50|\n|poke|p2|Garchomp, L50, M|\n|poke|p2|Talonflame, L50, F|\n|poke|p2|Flutter Mane, L50|\n|poke|p2|Amoonguss, L50, M|\n|teampreview|4\n|\n|t:|1682229254\n|start\n|switch|p1a: Gyarados|Gyarados, L50, F|100\/100\n|switch|p1b: Hydreigon|Hydreigon, L50, M|100\/100\n|switch|p2a: Abomasnow|Abomasnow, L50, F|100\/100\n|switch|p2b: Iron Bundle|Iron Bundle, L50|100\/100\n|-ability|p1a: Gyarados|Intimidate|boost\n|-unboost|p2a: Abomasnow|atk|1\n|-unboost|p2b: Iron Bundle|atk|1\n|-weather|Snow|[from] ability: Snow Warning|[of] p2a: Abomasnow\n|-enditem|p2b: Iron Bundle|Booster Energy\n|-activate|p2b: Iron Bundle|ability: Quark Drive|[fromitem]\n|-start|p2b: Iron Bundle|quarkdrivespe\n|turn|1\n|inactive|Battle timer is ON: inactive players will automatically lose when time's up. (requested by Chi-YuOneTrick)\n|\n|t:|1682229279\n|-terastallize|p1b: Hydreigon|Steel\n|move|p2b: Iron Bundle|Icy Wind|p1b: Hydreigon|[spread] p1b\n|-miss|p2b: Iron Bundle|p1a: Gyarados\n|-resisted|p1b: Hydreigon\n|-damage|p1b: Hydreigon|88\/100\n|-unboost|p1b: Hydreigon|spe|1\n|move|p1a: Gyarados|Thunder Wave|p2b: Iron Bundle\n|-status|p2b: Iron Bundle|par\n|move|p2a: Abomasnow|Blizzard|p1b: Hydreigon|[spread] p1a,p1b\n|-resisted|p1b: Hydreigon\n|-damage|p1a: Gyarados|52\/100\n|-damage|p1b: Hydreigon|62\/100\n|-damage|p2a: Abomasnow|91\/100|[from] item: Life Orb\n|move|p1b: Hydreigon|Flash Cannon|p2a: Abomasnow\n|-supereffective|p2a: Abomasnow\n|-damage|p2a: Abomasnow|0 fnt\n|faint|p2a: Abomasnow\n|-damage|p1b: Hydreigon|53\/100|[from] item: Life Orb\n|\n|-weather|Snow|[upkeep]\n|upkeep\n|\n|t:|1682229299\n|switch|p2a: Talonflame|Talonflame, L50, F|100\/100\n|turn|2\n|inactive|KilvasGlass has 30 seconds left.\n|inactive|KilvasGlass has 20 seconds left.\n|\n|t:|1682229335\n|-terastallize|p2b: Iron Bundle|Ice\n|move|p2a: Talonflame|Brave Bird|p1a: Gyarados\n|-damage|p1a: Gyarados|0 fnt\n|faint|p1a: Gyarados\n|-damage|p2a: Talonflame|82\/100|[from] Recoil\n|move|p2b: Iron Bundle|Blizzard|p1b: Hydreigon\n|-resisted|p1b: Hydreigon\n|-damage|p1b: Hydreigon|9\/100\n|move|p1b: Hydreigon|Draco Meteor|p2b: Iron Bundle\n|-damage|p2b: Iron Bundle|0 fnt\n|-unboost|p1b: Hydreigon|spa|2\n|faint|p2b: Iron Bundle\n|-end|p2b: Iron Bundle|Quark Drive|[silent]\n|-damage|p1b: Hydreigon|0 fnt|[from] item: Life Orb\n|faint|p1b: Hydreigon\n|\n|-weather|Snow|[upkeep]\n|upkeep\n|\n|t:|1682229351\n|switch|p2b: Garchomp|Garchomp, L50, M|100\/100\n|switch|p1b: Flutter Mane|Flutter Mane, L50|100\/100\n|switch|p1a: Ting-Lu|Ting-Lu, L50|100\/100\n|-ability|p1a: Ting-Lu|Vessel of Ruin\n|turn|3\n|inactive|KilvasGlass has 30 seconds left.\n|\n|t:|1682229379\n|move|p2a: Talonflame|Tailwind|p2a: Talonflame\n|-sidestart|p2: Chi-YuOneTrick|move: Tailwind\n|move|p2b: Garchomp|Earthquake|p1a: Ting-Lu|[spread] p1a,p1b\n|-immune|p2a: Talonflame\n|-damage|p1a: Ting-Lu|83\/100\n|-damage|p1b: Flutter Mane|33\/100\n|move|p1b: Flutter Mane|Energy Ball|p2b: Garchomp\n|-damage|p2b: Garchomp|69\/100\n|-unboost|p2b: Garchomp|spd|1\n|move|p1a: Ting-Lu|Body Press|p2b: Garchomp\n|-damage|p2b: Garchomp|38\/100\n|-damage|p1a: Ting-Lu|71\/100|[from] ability: Rough Skin|[of] p2b: Garchomp\n|\n|-weather|Snow|[upkeep]\n|upkeep\n|turn|4\n|\n|t:|1682229402\n|move|p2a: Talonflame|Brave Bird|p1b: Flutter Mane\n|-damage|p1b: Flutter Mane|0 fnt\n|faint|p1b: Flutter Mane\n|-end|p1b: Flutter Mane|Protosynthesis|[silent]\n|-damage|p2a: Talonflame|70\/100|[from] Recoil\n|move|p2b: Garchomp|Earthquake|p1a: Ting-Lu|[spread] p1a\n|-immune|p2a: Talonflame\n|-damage|p1a: Ting-Lu|54\/100\n|move|p1a: Ting-Lu|Body Press|p2b: Garchomp\n|-damage|p2b: Garchomp|8\/100\n|-damage|p1a: Ting-Lu|42\/100|[from] ability: Rough Skin|[of] p2b: Garchomp\n|\n|-weather|Snow|[upkeep]\n|upkeep\n|turn|5\n|\n|t:|1682229421\n|move|p2a: Talonflame|Brave Bird|p1a: Ting-Lu\n|-damage|p1a: Ting-Lu|21\/100\n|-damage|p2a: Talonflame|54\/100|[from] item: Rocky Helmet|[of] p1a: Ting-Lu\n|-damage|p2a: Talonflame|42\/100|[from] Recoil\n|move|p2b: Garchomp|Earthquake|p1a: Ting-Lu|[spread] p1a\n|-immune|p2a: Talonflame\n|-damage|p1a: Ting-Lu|5\/100\n|move|p1a: Ting-Lu|Rest|p1a: Ting-Lu\n|-status|p1a: Ting-Lu|slp|[from] move: Rest\n|-heal|p1a: Ting-Lu|100\/100 slp|[silent]\n|\n|-weather|none\n|upkeep\n|turn|6\n|\n|t:|1682229434\n|move|p2a: Talonflame|Brave Bird|p1a: Ting-Lu\n|-damage|p1a: Ting-Lu|82\/100 slp\n|-damage|p2a: Talonflame|26\/100|[from] item: Rocky Helmet|[of] p1a: Ting-Lu\n|-damage|p2a: Talonflame|16\/100|[from] Recoil\n|move|p2b: Garchomp|Earthquake|p1a: Ting-Lu|[spread] p1a\n|-immune|p2a: Talonflame\n|-damage|p1a: Ting-Lu|67\/100 slp\n|cant|p1a: Ting-Lu|slp\n|move|p1a: Ting-Lu|Sleep Talk|p1a: Ting-Lu\n|move|p1a: Ting-Lu|Rest||[from]move: Sleep Talk|[still]\n|-fail|p1a: Ting-Lu\n|\n|-sideend|p2: Chi-YuOneTrick|move: Tailwind\n|upkeep\n|turn|7\n|\n|t:|1682229448\n|move|p2a: Talonflame|Taunt|p1a: Ting-Lu\n|-start|p1a: Ting-Lu|move: Taunt\n|move|p2b: Garchomp|Earthquake|p1a: Ting-Lu|[spread] p1a\n|-immune|p2a: Talonflame\n|-damage|p1a: Ting-Lu|49\/100 slp\n|cant|p1a: Ting-Lu|slp\n|cant|p1a: Ting-Lu|move: Taunt|Sleep Talk\n|\n|upkeep\n|turn|8\n|\n|t:|1682229460\n|move|p2a: Talonflame|Brave Bird|p1a: Ting-Lu\n|-damage|p1a: Ting-Lu|30\/100 slp\n|-damage|p2a: Talonflame|0 fnt|[from] item: Rocky Helmet|[of] p1a: Ting-Lu\n|faint|p2a: Talonflame\n|move|p2b: Garchomp|Earthquake|p1a: Ting-Lu\n|-damage|p1a: Ting-Lu|7\/100 slp\n|-curestatus|p1a: Ting-Lu|slp|[msg]\n|move|p1a: Ting-Lu|Body Press|p2b: Garchomp\n|-crit|p2b: Garchomp\n|-damage|p2b: Garchomp|0 fnt\n|-damage|p1a: Ting-Lu|0 fnt|[from] ability: Rough Skin|[of] p2b: Garchomp\n|faint|p2b: Garchomp\n|faint|p1a: Ting-Lu\n|\n|win|KilvasGlass\n|raw|KilvasGlass's rating: 1093 → 1125<\/strong> (+32 for winning)\n|raw|Chi-YuOneTrick's rating: 1177 → 1146<\/strong> (-31 for losing)\n|l|\u2606Chi-YuOneTrick\n","uploadtime":1682229480,"views":20,"p1id":"kilvasglass","p2id":"chiyuonetrick","formatid":"gen9vgc2023regulationc","rating":1125,"private":0,"password":""}