{"id":"gen9vgc2023regulationc-1846438844","p1":"trzito","p2":"Hallux20","format":"[Gen 9] VGC 2023 Regulation C","log":"|j|\u2606trzito\n|j|\u2606Hallux20\n|t:|1681840918\n|gametype|doubles\n|player|p1|trzito|266|1113\n|player|p2|Hallux20|169|1155\n|teamsize|p1|6\n|teamsize|p2|6\n|gen|9\n|tier|[Gen 9] VGC 2023 Regulation C\n|rated|\n|rule|Species Clause: Limit one of each Pok\u00e9mon\n|rule|Item Clause: Limit one of each item\n|clearpoke\n|poke|p1|Glimmora, L50, M|\n|poke|p1|Weavile, L50, F|\n|poke|p1|Arboliva, L50, M|\n|poke|p1|Great Tusk, L50|\n|poke|p1|Drednaw, L50, F|\n|poke|p1|Gholdengo, L50|\n|poke|p2|Wo-Chien, L50|\n|poke|p2|Iron Moth, L50|\n|poke|p2|Palafin, L50, F|\n|poke|p2|Flutter Mane, L50|\n|poke|p2|Iron Hands, L50|\n|poke|p2|Ceruledge, L50, F|\n|teampreview|4\n|inactive|Battle timer is ON: inactive players will automatically lose when time's up. (requested by Hallux20)\n|\n|t:|1681840958\n|start\n|switch|p1a: Glimmora|Glimmora, L50, M|100\/100\n|switch|p1b: Weavile|Weavile, L50, F|100\/100\n|switch|p2a: Wo-Chien|Wo-Chien, L50|100\/100\n|switch|p2b: Palafin|Palafin, L50, F|100\/100\n|-ability|p1b: Weavile|Pressure\n|-ability|p2a: Wo-Chien|Tablets of Ruin\n|turn|1\n|inactive|Hallux20 has 30 seconds left.\n|inactive|trzito has 30 seconds left.\n|\n|t:|1681840996\n|detailschange|p2b: Palafin|Palafin-Hero, L50, F\n|switch|p2b: Iron Hands|Iron Hands, L50|100\/100\n|move|p1b: Weavile|Ice Spinner|p2a: Wo-Chien\n|-supereffective|p2a: Wo-Chien\n|-damage|p2a: Wo-Chien|33\/100\n|move|p1a: Glimmora|Toxic Spikes|p2a: Wo-Chien\n|-sidestart|p2: Hallux20|move: Toxic Spikes\n|move|p2a: Wo-Chien|Leech Seed|p1b: Weavile\n|-start|p1b: Weavile|move: Leech Seed\n|\n|-heal|p2a: Wo-Chien|40\/100|[from] item: Leftovers\n|-damage|p1b: Weavile|88\/100|[from] Leech Seed|[of] p2a: Wo-Chien\n|-heal|p2a: Wo-Chien|50\/100|[silent]\n|upkeep\n|turn|2\n|inactive|Hallux20 has 30 seconds left.\n|\n|t:|1681841021\n|switch|p1b: Gholdengo|Gholdengo, L50|100\/100\n|move|p2a: Wo-Chien|Protect|p2a: Wo-Chien\n|-singleturn|p2a: Wo-Chien|Protect\n|move|p1a: Glimmora|Venoshock|p2a: Wo-Chien\n|-activate|p2a: Wo-Chien|move: Protect\n|move|p2b: Iron Hands|Drain Punch|p1a: Glimmora\n|-damage|p1a: Glimmora|66\/100\n|\n|-heal|p2a: Wo-Chien|57\/100|[from] item: Leftovers\n|upkeep\n|turn|3\n|inactive|Hallux20 has 30 seconds left.\n|\n|t:|1681841054\n|-terastallize|p2a: Wo-Chien|Water\n|move|p1b: Gholdengo|Dazzling Gleam|p2a: Wo-Chien|[spread] p2a,p2b\n|-supereffective|p2b: Iron Hands\n|-damage|p2a: Wo-Chien|40\/100\n|-damage|p2b: Iron Hands|74\/100\n|move|p1a: Glimmora|Mortal Spin|p2a: Wo-Chien|[spread] p2a,p2b\n|-damage|p2a: Wo-Chien|37\/100\n|-damage|p2b: Iron Hands|71\/100\n|-status|p2a: Wo-Chien|psn\n|-status|p2b: Iron Hands|psn\n|move|p2a: Wo-Chien|Giga Drain|p1a: Glimmora\n|-crit|p1a: Glimmora\n|-damage|p1a: Glimmora|12\/100\n|-heal|p2a: Wo-Chien|68\/100 psn|[from] drain|[of] p1a: Glimmora\n|move|p2b: Iron Hands|Wild Charge|p1b: Gholdengo\n|-damage|p1b: Gholdengo|53\/100\n|-damage|p2b: Iron Hands|64\/100 psn|[from] Recoil\n|\n|-heal|p2a: Wo-Chien|74\/100 psn|[from] item: Leftovers\n|-damage|p2a: Wo-Chien|62\/100 psn|[from] psn\n|-damage|p2b: Iron Hands|51\/100 psn|[from] psn\n|upkeep\n|turn|4\n|inactive|trzito has 30 seconds left.\n|inactive|Hallux20 has 30 seconds left.\n|inactive|Hallux20 has 20 seconds left.\n|\n|t:|1681841090\n|switch|p1b: Arboliva|Arboliva, L50, M|100\/100\n|move|p1a: Glimmora|Spiky Shield|p1a: Glimmora\n|-singleturn|p1a: Glimmora|move: Protect\n|move|p2a: Wo-Chien|Giga Drain|p1b: Arboliva\n|-resisted|p1b: Arboliva\n|-damage|p1b: Arboliva|89\/100\n|-heal|p2a: Wo-Chien|69\/100 psn|[from] drain|[of] p1b: Arboliva\n|move|p2b: Iron Hands|Drain Punch|p1a: Glimmora\n|-activate|p1a: Glimmora|move: Protect\n|-damage|p2b: Iron Hands|39\/100 psn|[from] Spiky Shield|[of] p1a: Glimmora\n|\n|-heal|p2a: Wo-Chien|75\/100 psn|[from] item: Leftovers\n|-damage|p2a: Wo-Chien|63\/100 psn|[from] psn\n|-damage|p2b: Iron Hands|27\/100 psn|[from] psn\n|upkeep\n|turn|5\n|inactive|trzito has 30 seconds left.\n|inactive|Hallux20 has 30 seconds left.\n|\n|t:|1681841119\n|switch|p1a: Gholdengo|Gholdengo, L50|53\/100\n|move|p2a: Wo-Chien|Giga Drain|p1a: Gholdengo\n|-resisted|p1a: Gholdengo\n|-damage|p1a: Gholdengo|33\/100\n|-heal|p2a: Wo-Chien|72\/100 psn|[from] drain|[of] p1a: Gholdengo\n|move|p2b: Iron Hands|Iron Head|p1b: Arboliva\n|-crit|p1b: Arboliva\n|-damage|p1b: Arboliva|53\/100\n|move|p1b: Arboliva|Hyper Voice|p2a: Wo-Chien|[spread] p2a,p2b\n|-damage|p2a: Wo-Chien|49\/100 psn\n|-damage|p2b: Iron Hands|8\/100 psn\n|\n|-heal|p2a: Wo-Chien|55\/100 psn|[from] item: Leftovers\n|-damage|p2a: Wo-Chien|43\/100 psn|[from] psn\n|-damage|p2b: Iron Hands|0 fnt|[from] psn\n|faint|p2b: Iron Hands\n|-end|p2b: Iron Hands|Quark Drive|[silent]\n|upkeep\n|\n|t:|1681841137\n|switch|p2b: Flutter Mane|Flutter Mane, L50|100\/100\n|-status|p2b: Flutter Mane|psn\n|turn|6\n|\n|t:|1681841153\n|move|p1a: Gholdengo|Shadow Ball|p2b: Flutter Mane\n|-supereffective|p2b: Flutter Mane\n|-damage|p2b: Flutter Mane|0 fnt\n|faint|p2b: Flutter Mane\n|-end|p2b: Flutter Mane|Protosynthesis|[silent]\n|move|p2a: Wo-Chien|Giga Drain|p1b: Arboliva\n|-resisted|p1b: Arboliva\n|-damage|p1b: Arboliva|39\/100\n|-heal|p2a: Wo-Chien|50\/100 psn|[from] drain|[of] p1b: Arboliva\n|-enditem|p1b: Arboliva|Sitrus Berry|[eat]\n|-heal|p1b: Arboliva|64\/100|[from] item: Sitrus Berry\n|move|p1b: Arboliva|Leech Seed|p2a: Wo-Chien\n|-start|p2a: Wo-Chien|move: Leech Seed\n|\n|-heal|p2a: Wo-Chien|57\/100 psn|[from] item: Leftovers\n|-damage|p2a: Wo-Chien|44\/100 psn|[from] Leech Seed|[of] p1b: Arboliva\n|-heal|p1b: Arboliva|75\/100|[silent]\n|-damage|p2a: Wo-Chien|32\/100 psn|[from] psn\n|-item|p1b: Arboliva|Sitrus Berry|[from] ability: Harvest\n|upkeep\n|\n|t:|1681841170\n|switch|p2b: Palafin|Palafin-Hero, L50, F|100\/100\n|-status|p2b: Palafin|psn\n|-activate|p2b: Palafin|ability: Zero to Hero\n|turn|7\n|inactive|Hallux20 has 30 seconds left.\n|\n|t:|1681841195\n|switch|p1a: Glimmora|Glimmora, L50, M|12\/100\n|move|p2b: Palafin|Jet Punch|p1a: Glimmora\n|-supereffective|p1a: Glimmora\n|-damage|p1a: Glimmora|0 fnt\n|faint|p1a: Glimmora\n|move|p2a: Wo-Chien|Giga Drain|p1b: Arboliva\n|-resisted|p1b: Arboliva\n|-crit|p1b: Arboliva\n|-damage|p1b: Arboliva|56\/100\n|-heal|p2a: Wo-Chien|43\/100 psn|[from] drain|[of] p1b: Arboliva\n|move|p1b: Arboliva|Leech Seed|p2b: Palafin\n|-start|p2b: Palafin|move: Leech Seed\n|\n|-heal|p2a: Wo-Chien|49\/100 psn|[from] item: Leftovers\n|-damage|p2b: Palafin|88\/100 psn|[from] Leech Seed|[of] p1b: Arboliva\n|-heal|p1b: Arboliva|69\/100|[silent]\n|-damage|p2a: Wo-Chien|37\/100 psn|[from] Leech Seed|[of] p1b: Arboliva\n|-heal|p1b: Arboliva|80\/100|[silent]\n|-damage|p2b: Palafin|76\/100 psn|[from] psn\n|-damage|p2a: Wo-Chien|25\/100 psn|[from] psn\n|upkeep\n|\n|t:|1681841212\n|switch|p1a: Gholdengo|Gholdengo, L50|33\/100\n|turn|8\n|\n|t:|1681841225\n|move|p1a: Gholdengo|Thunderbolt|p2b: Palafin\n|-supereffective|p2b: Palafin\n|-damage|p2b: Palafin|8\/100 psn\n|move|p2b: Palafin|Wave Crash|p1b: Arboliva\n|-resisted|p1b: Arboliva\n|-damage|p1b: Arboliva|55\/100\n|-damage|p2b: Palafin|0 fnt|[from] Recoil\n|faint|p2b: Palafin\n|move|p2a: Wo-Chien|Leech Seed|p1a: Gholdengo\n|-immune|p1a: Gholdengo|[from] ability: Good as Gold\n|move|p1b: Arboliva|Substitute|p1b: Arboliva\n|-start|p1b: Arboliva|Substitute\n|-damage|p1b: Arboliva|30\/100\n|-enditem|p1b: Arboliva|Sitrus Berry|[eat]\n|-heal|p1b: Arboliva|55\/100|[from] item: Sitrus Berry\n|\n|-heal|p2a: Wo-Chien|31\/100 psn|[from] item: Leftovers\n|-damage|p2a: Wo-Chien|19\/100 psn|[from] Leech Seed|[of] p1b: Arboliva\n|-heal|p1b: Arboliva|65\/100|[silent]\n|-damage|p2a: Wo-Chien|7\/100 psn|[from] psn\n|-item|p1b: Arboliva|Sitrus Berry|[from] ability: Harvest\n|upkeep\n|turn|9\n|-message|Hallux20 forfeited.\n|\n|win|trzito\n|raw|trzito's rating: 1113 → 1141<\/strong> (+28 for winning)\n|raw|Hallux20's rating: 1155 → 1127<\/strong> (-28 for losing)\n|l|\u2606Hallux20\n","uploadtime":1681841247,"views":10,"p1id":"trzito","p2id":"hallux20","formatid":"gen9vgc2023regulationc","rating":1127,"private":0,"password":""}