{"id":"gen9vgc2023regulationc-1860519327","p1":"Pic1070","p2":"Haxxson","format":"[Gen 9] VGC 2023 Regulation C","log":"|j|\u2606Pic1070\n|j|\u2606Haxxson\n|t:|1683651132\n|gametype|doubles\n|player|p1|Pic1070|bellelba|1052\n|player|p2|Haxxson|marshal|1133\n|teamsize|p1|6\n|teamsize|p2|6\n|gen|9\n|tier|[Gen 9] VGC 2023 Regulation C\n|rated|\n|rule|Species Clause: Limit one of each Pok\u00e9mon\n|rule|Item Clause: Limit one of each item\n|clearpoke\n|poke|p1|Gholdengo, L50|\n|poke|p1|Murkrow, L50, F|\n|poke|p1|Arcanine, L50, M|\n|poke|p1|Gastrodon-East, L50, F|\n|poke|p1|Garchomp, L50, M|\n|poke|p1|Meowscarada, L50, F|\n|poke|p2|Annihilape, L50, M|\n|poke|p2|Kingambit, L50, M|\n|poke|p2|Volcarona, L50, F|\n|poke|p2|Rabsca, L50, M|\n|poke|p2|Jolteon, L50, M|\n|poke|p2|Krookodile, L50, F|\n|teampreview|4\n|inactive|Battle timer is ON: inactive players will automatically lose when time's up. (requested by Haxxson)\n|inactive|Haxxson has 60 seconds left.\n|\n|t:|1683651166\n|start\n|switch|p1a: Murkrow|Murkrow, L50, F, shiny|100\/100\n|switch|p1b: Arcanine|Arcanine, L50, M|100\/100\n|switch|p2a: Rabsca|Rabsca, L50, M, shiny|100\/100\n|switch|p2b: Annihilape|Annihilape, L50, M|100\/100\n|-ability|p1b: Arcanine|Intimidate|boost\n|-unboost|p2a: Rabsca|atk|1\n|-unboost|p2b: Annihilape|atk|1\n|-ability|p2b: Annihilape|Defiant|boost\n|-boost|p2b: Annihilape|atk|2\n|turn|1\n|inactive|Pic1070 has 30 seconds left.\n|inactive|Haxxson has 30 seconds left.\n|inactive|Pic1070 has 20 seconds left.\n|inactive|Pic1070 has 15 seconds left.\n|inactive|Pic1070 has 10 seconds left.\n|inactive|Pic1070 has 5 seconds left.\n|\n|t:|1683651221\n|move|p1b: Arcanine|Extreme Speed|p2a: Rabsca\n|-damage|p2a: Rabsca|82\/100\n|move|p1a: Murkrow|Tailwind|p1a: Murkrow\n|-sidestart|p1: Pic1070|move: Tailwind\n|move|p2b: Annihilape|Bulk Up|p2b: Annihilape\n|-boost|p2b: Annihilape|atk|1\n|-boost|p2b: Annihilape|def|1\n|move|p2a: Rabsca|Power Gem|p1a: Murkrow\n|-supereffective|p1a: Murkrow\n|-crit|p1a: Murkrow\n|-damage|p1a: Murkrow|44\/100\n|\n|upkeep\n|turn|2\n|inactive|Pic1070 has 30 seconds left.\n|inactive|Pic1070 has 20 seconds left.\n|inactive|Pic1070 has 15 seconds left.\n|inactive|Pic1070 has 10 seconds left.\n|\n|t:|1683651268\n|move|p1a: Murkrow|Foul Play|p2b: Annihilape\n|-damage|p2b: Annihilape|68\/100\n|move|p1b: Arcanine|Flare Blitz|p2a: Rabsca\n|-supereffective|p2a: Rabsca\n|-damage|p2a: Rabsca|0 fnt\n|faint|p2a: Rabsca\n|-damage|p1b: Arcanine|76\/100|[from] Recoil\n|move|p2b: Annihilape|Rage Fist|p1a: Murkrow\n|-resisted|p1a: Murkrow\n|-damage|p1a: Murkrow|0 fnt\n|faint|p1a: Murkrow\n|\n|-heal|p2b: Annihilape|74\/100|[from] item: Leftovers\n|upkeep\n|\n|t:|1683651285\n|switch|p1a: Meowscarada|Meowscarada, L50, F, shiny|100\/100\n|switch|p2a: Krookodile|Krookodile, L50, F|100\/100\n|-ability|p2a: Krookodile|Intimidate|boost\n|-unboost|p1a: Meowscarada|atk|1\n|-unboost|p1b: Arcanine|atk|1\n|turn|3\n|\n|t:|1683651310\n|switch|p2a: Kingambit|Kingambit, L50, M|100\/100\n|move|p1a: Meowscarada|Knock Off|p2b: Annihilape\n|-damage|p2b: Annihilape|59\/100\n|-enditem|p2b: Annihilape|Leftovers|[from] move: Knock Off|[of] p1a: Meowscarada\n|move|p1b: Arcanine|Flare Blitz|p2b: Annihilape\n|-damage|p2b: Annihilape|43\/100\n|-damage|p1b: Arcanine|70\/100|[from] Recoil\n|move|p2b: Annihilape|Rest|p2b: Annihilape\n|-status|p2b: Annihilape|slp|[from] move: Rest\n|-heal|p2b: Annihilape|100\/100 slp|[silent]\n|\n|upkeep\n|turn|4\n|\n|t:|1683651331\n|switch|p2a: Krookodile|Krookodile, L50, F|100\/100\n|-ability|p2a: Krookodile|Intimidate|boost\n|-unboost|p1a: Meowscarada|atk|1\n|-unboost|p1b: Arcanine|atk|1\n|move|p1a: Meowscarada|U-turn|p2b: Annihilape\n|-resisted|p2b: Annihilape\n|-damage|p2b: Annihilape|99\/100 slp\n|\n|t:|1683651335\n|switch|p1a: Garchomp|Garchomp, L50, M|100\/100|[from] U-turn\n|move|p1b: Arcanine|Flare Blitz|p2a: Krookodile\n|-damage|p2a: Krookodile|65\/100\n|-damage|p1b: Arcanine|60\/100|[from] Recoil\n|cant|p2b: Annihilape|slp\n|move|p2b: Annihilape|Sleep Talk|p2b: Annihilape\n|move|p2b: Annihilape|Bulk Up|p2b: Annihilape|[from]move: Sleep Talk\n|-boost|p2b: Annihilape|atk|1\n|-boost|p2b: Annihilape|def|1\n|\n|-sideend|p1: Pic1070|move: Tailwind\n|upkeep\n|turn|5\n|inactive|Haxxson has 30 seconds left.\n|\n|t:|1683651364\n|move|p2a: Krookodile|Close Combat|p1b: Arcanine\n|-damage|p1b: Arcanine|14\/100\n|-unboost|p2a: Krookodile|def|1\n|-unboost|p2a: Krookodile|spd|1\n|-enditem|p1b: Arcanine|Aguav Berry|[eat]\n|-heal|p1b: Arcanine|47\/100|[from] item: Aguav Berry\n|move|p1a: Garchomp|Dragon Claw|p2b: Annihilape\n|-damage|p2b: Annihilape|82\/100 slp\n|-damage|p1a: Garchomp|91\/100|[from] item: Life Orb\n|cant|p2b: Annihilape|slp\n|move|p2b: Annihilape|Sleep Talk|p2b: Annihilape\n|move|p2b: Annihilape|Rest||[from]move: Sleep Talk|[still]\n|-fail|p2b: Annihilape\n|move|p1b: Arcanine|Flare Blitz|p2b: Annihilape\n|-damage|p2b: Annihilape|72\/100 slp\n|-damage|p1b: Arcanine|43\/100|[from] Recoil\n|\n|upkeep\n|turn|6\n|-message|Pic1070 forfeited.\n|\n|win|Haxxson\n|raw|Pic1070's rating: 1052 → 1038<\/strong> (-14 for losing)\n|raw|Haxxson's rating: 1133 → 1152<\/strong> (+19 for winning)\n|l|\u2606Pic1070\n","uploadtime":1683651387,"views":7,"p1id":"pic1070","p2id":"haxxson","formatid":"gen9vgc2023regulationc","rating":1038,"private":0,"password":""}