{"id":"gen9vgc2023regulationc-1845017683","p1":"200liam","p2":"That_Leek","format":"[Gen 9] VGC 2023 Regulation C","log":"|j|\u2606200liam\n|j|\u2606That_Leek\n|t:|1681674490\n|gametype|doubles\n|player|p1|200liam|hilbert|1119\n|player|p2|That_Leek|blue|1173\n|teamsize|p1|6\n|teamsize|p2|6\n|gen|9\n|tier|[Gen 9] VGC 2023 Regulation C\n|rated|\n|rule|Species Clause: Limit one of each Pok\u00e9mon\n|rule|Item Clause: Limit one of each item\n|clearpoke\n|poke|p1|Amoonguss, L50, M|\n|poke|p1|Wo-Chien, L50|\n|poke|p1|Annihilape, L50, F|\n|poke|p1|Tyranitar, L50, M|\n|poke|p1|Lycanroc, L50, F|\n|poke|p1|Gastrodon-East, L50, F|\n|poke|p2|Tyranitar, L50, M|\n|poke|p2|Gothitelle, L50, M|\n|poke|p2|Gholdengo, L50|\n|poke|p2|Amoonguss, L50, M|\n|poke|p2|Iron Hands, L50|\n|poke|p2|Azumarill, L50, M|\n|teampreview|4\nThat_Leek has agreed to open team sheets.\n200liam has agreed to open team sheets.\n|\n|t:|1681674527\n|start\n|switch|p1a: Tyranitar|Tyranitar, L50, M|100\/100\n|switch|p1b: Lycanroc|Lycanroc, L50, F|100\/100\n|switch|p2a: Gholdengo|Gholdengo, L50|100\/100\n|switch|p2b: Amoonguss|Amoonguss, L50, M|100\/100\n|-weather|Sandstorm|[from] ability: Sand Stream|[of] p1a: Tyranitar\n|turn|1\n|\n|t:|1681674547\n|-terastallize|p1a: Tyranitar|Flying\n|move|p2b: Amoonguss|Rage Powder|p2b: Amoonguss\n|-singleturn|p2b: Amoonguss|move: Rage Powder\n|move|p1b: Lycanroc|Taunt|p2b: Amoonguss\n|-start|p2b: Amoonguss|move: Taunt\n|move|p2a: Gholdengo|Nasty Plot|p2a: Gholdengo\n|-boost|p2a: Gholdengo|spa|2\n|move|p1a: Tyranitar|Crunch|p2b: Amoonguss\n|-damage|p2b: Amoonguss|64\/100\n|\n|-weather|Sandstorm|[upkeep]\n|-damage|p1a: Tyranitar|95\/100|[from] Sandstorm\n|-damage|p2b: Amoonguss|58\/100|[from] Sandstorm\n|upkeep\n|turn|2\n|\n|t:|1681674566\n|switch|p2b: Iron Hands|Iron Hands, L50|100\/100\n|move|p2a: Gholdengo|Protect|p2a: Gholdengo\n|-singleturn|p2a: Gholdengo|Protect\n|move|p1b: Lycanroc|Crunch|p2a: Gholdengo\n|-activate|p2a: Gholdengo|move: Protect\n|move|p1a: Tyranitar|Crunch|p2a: Gholdengo\n|-activate|p2a: Gholdengo|move: Protect\n|\n|-weather|Sandstorm|[upkeep]\n|-damage|p1a: Tyranitar|89\/100|[from] Sandstorm\n|-damage|p2b: Iron Hands|94\/100|[from] Sandstorm\n|upkeep\n|turn|3\n|\n|t:|1681674584\n|move|p1b: Lycanroc|Protect|p1b: Lycanroc\n|-singleturn|p1b: Lycanroc|Protect\n|move|p1a: Tyranitar|Protect|p1a: Tyranitar\n|-singleturn|p1a: Tyranitar|Protect\n|move|p2b: Iron Hands|Fake Out|p1b: Lycanroc\n|-activate|p1b: Lycanroc|move: Protect\n|move|p2a: Gholdengo|Shadow Ball|p1a: Tyranitar\n|-activate|p1a: Tyranitar|move: Protect\n|\n|-weather|Sandstorm|[upkeep]\n|-damage|p1a: Tyranitar|83\/100|[from] Sandstorm\n|-damage|p2b: Iron Hands|88\/100|[from] Sandstorm\n|upkeep\n|turn|4\n|\n|t:|1681674597\n|move|p2a: Gholdengo|Protect|p2a: Gholdengo\n|-singleturn|p2a: Gholdengo|Protect\n|move|p1b: Lycanroc|Crunch|p2a: Gholdengo\n|-activate|p2a: Gholdengo|move: Protect\n|move|p1a: Tyranitar|Crunch|p2a: Gholdengo\n|-activate|p2a: Gholdengo|move: Protect\n|move|p2b: Iron Hands|Wild Charge|p1a: Tyranitar\n|-supereffective|p1a: Tyranitar\n|-damage|p1a: Tyranitar|10\/100\n|-damage|p2b: Iron Hands|72\/100|[from] Recoil\n|\n|-weather|Sandstorm|[upkeep]\n|-damage|p1a: Tyranitar|4\/100|[from] Sandstorm\n|-damage|p2b: Iron Hands|66\/100|[from] Sandstorm\n|upkeep\n|turn|5\n|\n|t:|1681674616\n|-terastallize|p2a: Gholdengo|Water\n|move|p1b: Lycanroc|Crunch|p2a: Gholdengo\n|-damage|p2a: Gholdengo|77\/100\n|move|p2a: Gholdengo|Make It Rain|p1b: Lycanroc|[spread] p1a,p1b\n|-supereffective|p1b: Lycanroc\n|-damage|p1a: Tyranitar|0 fnt\n|-enditem|p1b: Lycanroc|Focus Sash\n|-damage|p1b: Lycanroc|1\/100\n|-unboost|p2a: Gholdengo|spa|1\n|faint|p1a: Tyranitar\n|-damage|p2a: Gholdengo|68\/100|[from] item: Life Orb\n|move|p2b: Iron Hands|Drain Punch|p1b: Lycanroc\n|-supereffective|p1b: Lycanroc\n|-damage|p1b: Lycanroc|0 fnt\n|-heal|p2b: Iron Hands|66\/100|[from] drain|[of] p1b: Lycanroc\n|faint|p1b: Lycanroc\n|\n|-weather|none\n|upkeep\n|-message|200liam forfeited.\n|\n|win|That_Leek\n|raw|200liam's rating: 1119 → 1098<\/strong> (-21 for losing)\n|raw|That_Leek's rating: 1173 → 1194<\/strong> (+21 for winning)\n|l|\u2606200liam\n","uploadtime":1681674626,"views":9,"p1id":"200liam","p2id":"thatleek","formatid":"gen9vgc2023regulationc","rating":1098,"private":0,"password":""}