{"id":"gen9vgc2023regulationc-1857952285","p1":"chalmander69","p2":"Dumber luck","format":"[Gen 9] VGC 2023 Regulation C","log":"|j|\u2606chalmander69\n|j|\u2606Dumber luck\n|t:|1683251548\n|gametype|doubles\n|player|p1|chalmander69|harlequin|1217\n|player|p2|Dumber luck|266|1210\n|teamsize|p1|6\n|teamsize|p2|6\n|gen|9\n|tier|[Gen 9] VGC 2023 Regulation C\n|rated|\n|rule|Species Clause: Limit one of each Pok\u00e9mon\n|rule|Item Clause: Limit one of each item\n|clearpoke\n|poke|p1|Chi-Yu, L50|\n|poke|p1|Corviknight, L50, M|\n|poke|p1|Arcanine, L50, F|\n|poke|p1|Flutter Mane, L50|\n|poke|p1|Amoonguss, L50, M|\n|poke|p1|Iron Hands, L50|\n|poke|p2|Annihilape, L50, M|\n|poke|p2|Dragonite, L50, F|\n|poke|p2|Wo-Chien, L50|\n|poke|p2|Chi-Yu, L50|\n|poke|p2|Iron Jugulis, L50|\n|poke|p2|Flutter Mane, L50|\n|teampreview|4\nchalmander69 has agreed to open team sheets.\n|inactive|Battle timer is ON: inactive players will automatically lose when time's up. (requested by chalmander69)\n|inactive|chalmander69 has 60 seconds left.\n|inactive|Dumber luck has 60 seconds left.\n|\n|t:|1683251611\n|start\n|switch|p1a: Corviknight|Corviknight, L50, M, shiny|100\/100\n|switch|p1b: Flutter Mane|Flutter Mane, L50|100\/100\n|switch|p2a: Iron Jugulis|Iron Jugulis, L50|100\/100\n|switch|p2b: Chi-Yu|Chi-Yu, L50|100\/100\n|-ability|p2b: Chi-Yu|Beads of Ruin\n|-enditem|p2a: Iron Jugulis|Booster Energy\n|-activate|p2a: Iron Jugulis|ability: Quark Drive|[fromitem]\n|-start|p2a: Iron Jugulis|quarkdrivespe\n|-enditem|p1b: Flutter Mane|Booster Energy\n|-activate|p1b: Flutter Mane|ability: Protosynthesis|[fromitem]\n|-start|p1b: Flutter Mane|protosynthesisspa\n|turn|1\n|inactive|chalmander69 has 30 seconds left.\n|inactive|chalmander69 has 20 seconds left.\n|inactive|chalmander69 has 15 seconds left.\n|inactive|chalmander69 has 10 seconds left.\n|\n|t:|1683251659\n|-terastallize|p1a: Corviknight|Fire\n|move|p1b: Flutter Mane|Protect|p1b: Flutter Mane\n|-singleturn|p1b: Flutter Mane|Protect\n|move|p2a: Iron Jugulis|Tailwind|p2a: Iron Jugulis\n|-sidestart|p2: Dumber luck|move: Tailwind\n|move|p2b: Chi-Yu|Overheat|p1b: Flutter Mane\n|-activate|p1b: Flutter Mane|move: Protect\n|move|p1a: Corviknight|Tailwind|p1a: Corviknight\n|-sidestart|p1: chalmander69|move: Tailwind\n|\n|upkeep\n|turn|2\n|inactive|Dumber luck has 30 seconds left.\n|inactive|Dumber luck has 20 seconds left.\n|inactive|Dumber luck has 15 seconds left.\n|inactive|Dumber luck has 10 seconds left.\n|inactive|Dumber luck has 5 seconds left.\n|\n|t:|1683251710\n|move|p2a: Iron Jugulis|Dark Pulse|p1b: Flutter Mane\n|-damage|p1b: Flutter Mane|49\/100\n|move|p1b: Flutter Mane|Dazzling Gleam|p2a: Iron Jugulis|[spread] p2a,p2b\n|-supereffective|p2a: Iron Jugulis\n|-damage|p2a: Iron Jugulis|0 fnt\n|-damage|p2b: Chi-Yu|50\/100\n|faint|p2a: Iron Jugulis\n|-end|p2a: Iron Jugulis|Quark Drive|[silent]\n|move|p2b: Chi-Yu|Overheat|p1b: Flutter Mane\n|-damage|p1b: Flutter Mane|0 fnt\n|-unboost|p2b: Chi-Yu|spa|2\n|faint|p1b: Flutter Mane\n|-end|p1b: Flutter Mane|Protosynthesis|[silent]\n|move|p1a: Corviknight|Brave Bird|p2b: Chi-Yu\n|-damage|p2b: Chi-Yu|0 fnt\n|faint|p2b: Chi-Yu\n|-damage|p1a: Corviknight|89\/100|[from] Recoil\n|\n|upkeep\n|\n|t:|1683251727\n|switch|p2a: Wo-Chien|Wo-Chien, L50|100\/100\n|switch|p1b: Chi-Yu|Chi-Yu, L50|100\/100\n|switch|p2b: Annihilape|Annihilape, L50, M|100\/100\n|-ability|p1b: Chi-Yu|Beads of Ruin\n|-ability|p2a: Wo-Chien|Tablets of Ruin\n|turn|3\n|inactive|chalmander69 has 30 seconds left.\n|\n|t:|1683251758\n|-terastallize|p2a: Wo-Chien|Fire\n|move|p2b: Annihilape|Bulk Up|p2b: Annihilape\n|-boost|p2b: Annihilape|atk|1\n|-boost|p2b: Annihilape|def|1\n|move|p1b: Chi-Yu|Heat Wave|p2a: Wo-Chien|[spread] p2b\n|-miss|p1b: Chi-Yu|p2a: Wo-Chien\n|-damage|p2b: Annihilape|57\/100\n|move|p1a: Corviknight|Brave Bird|p2b: Annihilape\n|-supereffective|p2b: Annihilape\n|-damage|p2b: Annihilape|15\/100\n|-damage|p1a: Corviknight|74\/100|[from] Recoil\n|move|p2a: Wo-Chien|Ruination|p1b: Chi-Yu\n|-damage|p1b: Chi-Yu|50\/100\n|\n|upkeep\n|turn|4\n|inactive|chalmander69 has 30 seconds left.\n|inactive|Dumber luck has 30 seconds left.\n|inactive|chalmander69 has 20 seconds left.\n|inactive|Dumber luck has 20 seconds left.\n|inactive|chalmander69 has 15 seconds left.\n|inactive|Dumber luck has 15 seconds left.\n|inactive|Dumber luck has 10 seconds left.\n|inactive|Dumber luck has 5 seconds left.\n|\n|t:|1683251811\n|move|p2b: Annihilape|Protect|p2b: Annihilape\n|-singleturn|p2b: Annihilape|Protect\n|move|p1b: Chi-Yu|Protect|p1b: Chi-Yu\n|-singleturn|p1b: Chi-Yu|Protect\n|move|p1a: Corviknight|Brave Bird|p2b: Annihilape\n|-activate|p2b: Annihilape|move: Protect\n|move|p2a: Wo-Chien|Foul Play|p1a: Corviknight\n|-damage|p1a: Corviknight|47\/100\n|\n|-sideend|p2: Dumber luck|move: Tailwind\n|-sideend|p1: chalmander69|move: Tailwind\n|upkeep\n|turn|5\n|inactive|chalmander69 has 30 seconds left.\n|\n|t:|1683251837\n|move|p2b: Annihilape|Drain Punch|p1b: Chi-Yu\n|-supereffective|p1b: Chi-Yu\n|-damage|p1b: Chi-Yu|0 fnt\n|-heal|p2b: Annihilape|35\/100|[from] drain|[of] p1b: Chi-Yu\n|faint|p1b: Chi-Yu\n|move|p1a: Corviknight|Brave Bird|p2b: Annihilape\n|-supereffective|p2b: Annihilape\n|-damage|p2b: Annihilape|0 fnt\n|faint|p2b: Annihilape\n|-damage|p1a: Corviknight|35\/100|[from] Recoil\n|move|p2a: Wo-Chien|Foul Play|p1a: Corviknight\n|-damage|p1a: Corviknight|10\/100\n|\n|upkeep\n|\n|t:|1683251849\n|switch|p1b: Arcanine|Arcanine, L50, F|100\/100\n|-ability|p1b: Arcanine|Intimidate|boost\n|-unboost|p2a: Wo-Chien|atk|1\n|turn|6\n|\n|t:|1683251860\n|move|p1a: Corviknight|Protect|p1a: Corviknight\n|-singleturn|p1a: Corviknight|Protect\n|move|p1b: Arcanine|Howl|p1b: Arcanine|[spread] p1a,p1b\n|-boost|p1a: Corviknight|atk|1\n|-boost|p1b: Arcanine|atk|1\n|move|p2a: Wo-Chien|Ruination|p1b: Arcanine\n|-damage|p1b: Arcanine|50\/100\n|\n|upkeep\n|turn|7\n|\n|t:|1683251873\n|move|p1b: Arcanine|Howl|p1b: Arcanine|[spread] p1a,p1b\n|-boost|p1a: Corviknight|atk|1\n|-boost|p1b: Arcanine|atk|1\n|move|p1a: Corviknight|Iron Head|p2a: Wo-Chien\n|-resisted|p2a: Wo-Chien\n|-damage|p2a: Wo-Chien|87\/100\n|move|p2a: Wo-Chien|Foul Play|p1b: Arcanine\n|-damage|p1b: Arcanine|0 fnt\n|faint|p1b: Arcanine\n|\n|-heal|p2a: Wo-Chien|93\/100|[from] item: Leftovers\n|upkeep\n|turn|8\n|\n|t:|1683251886\n|move|p1a: Corviknight|Brave Bird|p2a: Wo-Chien\n|-damage|p2a: Wo-Chien|53\/100\n|-damage|p1a: Corviknight|0 fnt|[from] Recoil\n|faint|p1a: Corviknight\n|\n|win|Dumber luck\n|raw|chalmander69's rating: 1217 → 1191<\/strong> (-26 for losing)\n|raw|Dumber luck's rating: 1210 → 1236<\/strong> (+26 for winning)\n|c|\u2606chalmander69|gg\n","uploadtime":1683251895,"views":13,"p1id":"chalmander69","p2id":"dumberluck","formatid":"gen9vgc2023regulationc","rating":1191,"private":0,"password":""}