{"id":"gen9vgc2023regulationc-1857603935","p1":"horsseeeeeeaaaa","p2":"piccoloruiz","format":"[Gen 9] VGC 2023 Regulation C","log":"|j|\u2606horsseeeeeeaaaa\n|j|\u2606piccoloruiz\n|t:|1683212211\n|gametype|doubles\n|player|p1|horsseeeeeeaaaa|cynthia-gen4|1531\n|player|p2|piccoloruiz|cyclistf|1480\n|teamsize|p1|6\n|teamsize|p2|6\n|gen|9\n|tier|[Gen 9] VGC 2023 Regulation C\n|rated|\n|rule|Species Clause: Limit one of each Pok\u00e9mon\n|rule|Item Clause: Limit one of each item\n|clearpoke\n|poke|p1|Chien-Pao, L50|\n|poke|p1|Palafin, L50, F|\n|poke|p1|Arcanine, L50, M|\n|poke|p1|Dragonite, L50, M|\n|poke|p1|Torkoal, L50, F|\n|poke|p1|Lilligant, L50, F|\n|poke|p2|Flutter Mane, L50|\n|poke|p2|Amoonguss, L50, F|\n|poke|p2|Gyarados, L50, F|\n|poke|p2|Chi-Yu, L50|\n|poke|p2|Ting-Lu, L50|\n|poke|p2|Baxcalibur, L50, F|\n|teampreview|4\n|inactive|Battle timer is ON: inactive players will automatically lose when time's up. (requested by piccoloruiz)\n|inactive|horsseeeeeeaaaa has 60 seconds left.\n|inactive|piccoloruiz has 60 seconds left.\n|inactive|piccoloruiz has 30 seconds left.\n|inactive|piccoloruiz has 20 seconds left.\n|inactive|piccoloruiz has 15 seconds left.\n|inactive|piccoloruiz has 10 seconds left.\n|inactive|piccoloruiz has 5 seconds left.\n|\n|t:|1683212301\n|start\n|switch|p1a: Chien-Pao|Chien-Pao, L50|100\/100\n|switch|p1b: Dragonite|Dragonite, L50, M|100\/100\n|switch|p2a: Chi-Yu|Chi-Yu, L50|100\/100\n|switch|p2b: Bianca|Gyarados, L50, F, shiny|100\/100\n|-ability|p1a: Chien-Pao|Sword of Ruin\n|-ability|p2a: Chi-Yu|Beads of Ruin\n|-ability|p2b: Bianca|Intimidate|boost\n|-unboost|p1a: Chien-Pao|atk|1\n|-fail|p1b: Dragonite|unboost|Attack|[from] ability: Inner Focus|[of] p1b: Dragonite\n|turn|1\n|inactive|piccoloruiz has 30 seconds left.\n|inactive|piccoloruiz has 20 seconds left.\n|\n|t:|1683212339\n|switch|p2a: Sasha Colby|Flutter Mane, L50|100\/100\n|-enditem|p2a: Sasha Colby|Booster Energy\n|-activate|p2a: Sasha Colby|ability: Protosynthesis|[fromitem]\n|-start|p2a: Sasha Colby|protosynthesisspa\n|-terastallize|p1b: Dragonite|Normal\n|move|p1b: Dragonite|Extreme Speed|p2a: Sasha Colby\n|-immune|p2a: Sasha Colby\n|move|p1a: Chien-Pao|Sucker Punch||[still]\n|-fail|p1a: Chien-Pao\n|move|p2b: Bianca|Thunder Wave|p1a: Chien-Pao\n|-status|p1a: Chien-Pao|par\n|\n|upkeep\n|turn|2\n|inactive|piccoloruiz has 30 seconds left.\n|\n|t:|1683212368\n|move|p1b: Dragonite|Extreme Speed|p2b: Bianca\n|-damage|p2b: Bianca|16\/100\n|-enditem|p2b: Bianca|Aguav Berry|[eat]\n|-heal|p2b: Bianca|49\/100|[from] item: Aguav Berry\n|move|p1a: Chien-Pao|Sucker Punch|p2a: Sasha Colby\n|-damage|p2a: Sasha Colby|31\/100\n|-damage|p1a: Chien-Pao|91\/100 par|[from] item: Life Orb\n|move|p2a: Sasha Colby|Dazzling Gleam|p1a: Chien-Pao|[spread] p1a,p1b\n|-supereffective|p1a: Chien-Pao\n|-damage|p1a: Chien-Pao|0 fnt\n|-damage|p1b: Dragonite|61\/100\n|faint|p1a: Chien-Pao\n|move|p2b: Bianca|Waterfall|p1b: Dragonite\n|-damage|p1b: Dragonite|29\/100\n|\n|upkeep\n|\n|t:|1683212384\n|switch|p1a: Palafin|Palafin, L50, F|100\/100\n|turn|3\n|inactive|piccoloruiz has 30 seconds left.\n|inactive|piccoloruiz has 20 seconds left.\n|inactive|piccoloruiz has 15 seconds left.\n|inactive|piccoloruiz has 10 seconds left.\n|inactive|piccoloruiz has 5 seconds left.\n|\n|t:|1683212437\n|-end|p2a: Sasha Colby|Protosynthesis|[silent]\n|switch|p2a: Katya|Baxcalibur, L50, F, shiny|100\/100\n|detailschange|p1a: Palafin|Palafin-Hero, L50, F\n|switch|p1a: Arcanine|Arcanine, L50, M, shiny|100\/100\n|-ability|p1a: Arcanine|Intimidate|boost\n|-fail|p2a: Katya|unboost|[from] item: Clear Amulet|[of] p2a: Katya\n|-unboost|p2b: Bianca|atk|1\n|move|p2b: Bianca|Protect|p2b: Bianca\n|-singleturn|p2b: Bianca|Protect\n|move|p1b: Dragonite|Extreme Speed|p2b: Bianca\n|-activate|p2b: Bianca|move: Protect\n|\n|upkeep\n|turn|4\n|inactive|horsseeeeeeaaaa has 30 seconds left.\n|inactive|piccoloruiz has 30 seconds left.\n|inactive|horsseeeeeeaaaa has 20 seconds left.\n|\n|t:|1683212474\n|switch|p2b: Sasha Colby|Flutter Mane, L50|31\/100\n|move|p1b: Dragonite|Extreme Speed|p2a: Katya\n|-damage|p2a: Katya|43\/100\n|move|p2a: Katya|Icicle Crash|p1b: Dragonite|[miss]\n|-miss|p2a: Katya|p1b: Dragonite\n|move|p1a: Arcanine|Flare Blitz|p2a: Katya\n|-damage|p2a: Katya|0 fnt\n|faint|p2a: Katya\n|-damage|p1a: Arcanine|85\/100|[from] Recoil\n|\n|upkeep\n|\n|t:|1683212484\n|switch|p2a: Chi-Yu|Chi-Yu, L50|100\/100\n|-ability|p2a: Chi-Yu|Beads of Ruin\n|turn|5\n|\n|t:|1683212496\n|move|p2a: Chi-Yu|Protect|p2a: Chi-Yu\n|-singleturn|p2a: Chi-Yu|Protect\n|move|p1b: Dragonite|Extreme Speed|p2a: Chi-Yu\n|-activate|p2a: Chi-Yu|move: Protect\n|move|p2b: Sasha Colby|Dazzling Gleam|p1a: Arcanine|[spread] p1a,p1b\n|-resisted|p1a: Arcanine\n|-damage|p1a: Arcanine|64\/100\n|-damage|p1b: Dragonite|0 fnt\n|faint|p1b: Dragonite\n|move|p1a: Arcanine|Flare Blitz|p2b: Sasha Colby\n|-damage|p2b: Sasha Colby|0 fnt\n|faint|p2b: Sasha Colby\n|-end|p2b: Sasha Colby|Protosynthesis|[silent]\n|-damage|p1a: Arcanine|57\/100|[from] Recoil\n|\n|upkeep\n|\n|t:|1683212510\n|switch|p2b: Bianca|Gyarados, L50, F, shiny|49\/100\n|switch|p1b: Palafin|Palafin-Hero, L50, F|100\/100\n|-activate|p1b: Palafin|ability: Zero to Hero\n|-ability|p2b: Bianca|Intimidate|boost\n|-unboost|p1a: Arcanine|atk|1\n|-unboost|p1b: Palafin|atk|1\n|turn|6\n|\n|t:|1683212528\n|-terastallize|p2a: Chi-Yu|Water\n|move|p1b: Palafin|Protect|p1b: Palafin\n|-singleturn|p1b: Palafin|Protect\n|move|p2a: Chi-Yu|Dark Pulse|p1a: Arcanine\n|-damage|p1a: Arcanine|2\/100\n|-enditem|p1a: Arcanine|Aguav Berry|[eat]\n|-heal|p1a: Arcanine|35\/100|[from] item: Aguav Berry\n|cant|p1a: Arcanine|flinch\n|move|p2b: Bianca|Thunder Wave|p1b: Palafin\n|-activate|p1b: Palafin|move: Protect\n|\n|upkeep\n|turn|7\n|\n|t:|1683212552\n|move|p1a: Arcanine|Extreme Speed|p2a: Chi-Yu\n|-damage|p2a: Chi-Yu|74\/100\n|move|p2a: Chi-Yu|Dark Pulse|p1a: Arcanine\n|-damage|p1a: Arcanine|0 fnt\n|faint|p1a: Arcanine\n|move|p1b: Palafin|Wave Crash|p2a: Chi-Yu\n|-resisted|p2a: Chi-Yu\n|-crit|p2a: Chi-Yu\n|-damage|p2a: Chi-Yu|0 fnt\n|faint|p2a: Chi-Yu\n|-damage|p1b: Palafin|83\/100|[from] Recoil\n|move|p2b: Bianca|Thunder Wave|p1b: Palafin\n|-status|p1b: Palafin|par\n|\n|upkeep\n|turn|8\n|\n|t:|1683212570\n|move|p2b: Bianca|Waterfall|p1b: Palafin\n|-resisted|p1b: Palafin\n|-damage|p1b: Palafin|67\/100 par\n|cant|p1b: Palafin|par\n|\n|upkeep\n|turn|9\n|\n|t:|1683212577\n|move|p2b: Bianca|Waterfall|p1b: Palafin\n|-resisted|p1b: Palafin\n|-damage|p1b: Palafin|51\/100 par\n|cant|p1b: Palafin|flinch\n|\n|upkeep\n|turn|10\n|\n|t:|1683212586\n|move|p2b: Bianca|Waterfall|p1b: Palafin\n|-resisted|p1b: Palafin\n|-damage|p1b: Palafin|35\/100 par\n|cant|p1b: Palafin|par\n|\n|upkeep\n|turn|11\n|\n|t:|1683212595\n|move|p2b: Bianca|Waterfall|p1b: Palafin\n|-resisted|p1b: Palafin\n|-damage|p1b: Palafin|21\/100 par\n|move|p1b: Palafin|Ice Punch|p2b: Bianca\n|-damage|p2b: Bianca|29\/100\n|\n|upkeep\n|turn|12\n|\n|t:|1683212608\n|move|p1b: Palafin|Jet Punch|p2b: Bianca\n|-resisted|p2b: Bianca\n|-damage|p2b: Bianca|13\/100\n|move|p2b: Bianca|Waterfall|p1b: Palafin\n|-resisted|p1b: Palafin\n|-damage|p1b: Palafin|6\/100 par\n|\n|upkeep\n|turn|13\n|\n|t:|1683212617\n|move|p1b: Palafin|Jet Punch|p2b: Bianca\n|-resisted|p2b: Bianca\n|-damage|p2b: Bianca|0 fnt\n|faint|p2b: Bianca\n|\n|win|horsseeeeeeaaaa\n|raw|horsseeeeeeaaaa's rating: 1531 → 1548<\/strong> (+17 for winning)\n|raw|piccoloruiz's rating: 1480 → 1463<\/strong> (-17 for losing)\n|l|\u2606horsseeeeeeaaaa\n","uploadtime":1683212621,"views":8,"p1id":"horsseeeeeeaaaa","p2id":"piccoloruiz","formatid":"gen9vgc2023regulationc","rating":1463,"private":0,"password":""}