{"id":"gen9vgc2023regulationc-1849124345","p1":"252 accuracy","p2":"redbullcyndaquil","format":"[Gen 9] VGC 2023 Regulation C","log":"|j|\u2606252 accuracy\n|j|\u2606redbullcyndaquil\n|t:|1682159930\n|gametype|doubles\n|player|p1|252 accuracy|biker-gen4|\n|player|p2|redbullcyndaquil|169|\n|teamsize|p1|6\n|teamsize|p2|6\n|gen|9\n|tier|[Gen 9] VGC 2023 Regulation C\n|rule|Species Clause: Limit one of each Pok\u00e9mon\n|rule|Item Clause: Limit one of each item\n|clearpoke\n|poke|p1|Torkoal, L50, F|\n|poke|p1|Slowpoke, L50, M|\n|poke|p1|Flutter Mane, L50|\n|poke|p1|Slither Wing, L50|\n|poke|p1|Dragapult, L50, M|\n|poke|p1|Scovillain, L50, M|\n|poke|p2|Abomasnow, L50, F|\n|poke|p2|Armarouge, L50, F|\n|poke|p2|Cetitan, L50, M|\n|poke|p2|Orthworm, L50, F|\n|poke|p2|Iron Bundle, L50|\n|poke|p2|Maushold, L50|\n|teampreview|4\n|c|\u2606redbullcyndaquil|glhf\n|inactive|Battle timer is ON: inactive players will automatically lose when time's up. (requested by redbullcyndaquil)\n|c|\u2606252 accuracy|yooo wassup\n|c|\u2606252 accuracy|game 3 @joelio\n|c|\u2606252 accuracy|glhf my guy\\\n252 accuracy has agreed to open team sheets.\n|inactive|252 accuracy has 60 seconds left.\n|\n|t:|1682159972\n|start\n|switch|p1a: easy life|Slowpoke, L50, M|100\/100\n|switch|p1b: M.A.C.E.|Scovillain, L50, M|100\/100\n|switch|p2a: Robot Santa|Iron Bundle, L50|100\/100\n|switch|p2b: Trick Room When|Armarouge, L50, F|100\/100\n|-enditem|p2a: Robot Santa|Booster Energy\n|-activate|p2a: Robot Santa|ability: Quark Drive|[fromitem]\n|-start|p2a: Robot Santa|quarkdrivespe\n|turn|1\n|inactive|252 accuracy has 30 seconds left.\n|inactive|redbullcyndaquil has 30 seconds left.\n|inactive|252 accuracy has 20 seconds left.\n|\n|t:|1682160008\n|switch|p2b: Abomasnow|Abomasnow, L50, F|100\/100\n|-weather|Snow|[from] ability: Snow Warning|[of] p2b: Abomasnow\n|switch|p1a: is garbage-slif 23|Flutter Mane, L50|100\/100\n|move|p2a: Robot Santa|Icy Wind|p1a: is garbage-slif 23|[spread] p1a,p1b\n|-damage|p1a: is garbage-slif 23|81\/100\n|-damage|p1b: M.A.C.E.|70\/100\n|-unboost|p1a: is garbage-slif 23|spe|1\n|-unboost|p1b: M.A.C.E.|spe|1\n|-enditem|p1b: M.A.C.E.|Eject Pack\n|\n|t:|1682160017\n|switch|p1b: easy life|Slowpoke, L50, M|100\/100\n|\n|-weather|Snow|[upkeep]\n|upkeep\n|turn|2\n|\n|t:|1682160038\n|switch|p1b: KRAKATOAAAAA|Torkoal, L50, F|100\/100\n|-weather|SunnyDay|[from] ability: Drought|[of] p1b: KRAKATOAAAAA\n|-activate|p1a: is garbage-slif 23|ability: Protosynthesis\n|-start|p1a: is garbage-slif 23|protosynthesisspa\n|-terastallize|p1a: is garbage-slif 23|Steel\n|move|p2b: Abomasnow|Helping Hand|p2a: Robot Santa\n|-singleturn|p2a: Robot Santa|Helping Hand|[of] p2b: Abomasnow\n|move|p2a: Robot Santa|Blizzard|p1b: KRAKATOAAAAA|[spread] p1a,p1b\n|-resisted|p1a: is garbage-slif 23\n|-resisted|p1b: KRAKATOAAAAA\n|-damage|p1a: is garbage-slif 23|52\/100\n|-damage|p1b: KRAKATOAAAAA|57\/100\n|move|p1a: is garbage-slif 23|Dazzling Gleam|p2a: Robot Santa|[spread] p2a,p2b\n|-damage|p2a: Robot Santa|0 fnt\n|-damage|p2b: Abomasnow|59\/100\n|faint|p2a: Robot Santa\n|-end|p2a: Robot Santa|Quark Drive|[silent]\n|\n|-weather|SunnyDay|[upkeep]\n|upkeep\n|\n|t:|1682160055\n|switch|p2a: Trick Room When|Armarouge, L50, F|100\/100\n|turn|3\n|inactive|252 accuracy has 30 seconds left.\n|inactive|redbullcyndaquil has 30 seconds left.\n|\n|t:|1682160091\n|-end|p1a: is garbage-slif 23|Protosynthesis|[silent]\n|switch|p1a: M.A.C.E.|Scovillain, L50, M|70\/100\n|move|p2a: Trick Room When|Flamethrower|p1a: M.A.C.E.\n|-damage|p1a: M.A.C.E.|0 fnt\n|faint|p1a: M.A.C.E.\n|move|p2b: Abomasnow|Rock Slide|p1b: KRAKATOAAAAA|[miss]\n|-miss|p2b: Abomasnow|p1b: KRAKATOAAAAA\n|move|p1b: KRAKATOAAAAA|Flamethrower|p2b: Abomasnow\n|-supereffective|p2b: Abomasnow\n|-crit|p2b: Abomasnow\n|-damage|p2b: Abomasnow|0 fnt\n|faint|p2b: Abomasnow\n|\n|-weather|SunnyDay|[upkeep]\n|upkeep\n|\n|t:|1682160104\n|switch|p1a: is garbage-slif 23|Flutter Mane, L50, tera:Steel|52\/100\n|switch|p2b: Carries|Cetitan, L50, M|100\/100\n|-activate|p1a: is garbage-slif 23|ability: Protosynthesis\n|-start|p1a: is garbage-slif 23|protosynthesisspa\n|turn|4\n|inactive|redbullcyndaquil has 30 seconds left.\n|\n|t:|1682160131\n|switch|p1b: easy life|Slowpoke, L50, M|100\/100\n|-terastallize|p2b: Carries|Water\n|move|p1a: is garbage-slif 23|Shadow Ball|p2a: Trick Room When\n|-supereffective|p2a: Trick Room When\n|-damage|p2a: Trick Room When|0 fnt\n|faint|p2a: Trick Room When\n|move|p2b: Carries|Liquidation|p1b: easy life\n|-resisted|p1b: easy life\n|-damage|p1b: easy life|95\/100\n|\n|-weather|SunnyDay|[upkeep]\n|upkeep\n|turn|5\n|\n|t:|1682160145\n|move|p1a: is garbage-slif 23|Shadow Ball|p2b: Carries\n|-damage|p2b: Carries|42\/100\n|move|p2b: Carries|Earthquake|p1a: is garbage-slif 23|[spread] p1a,p1b\n|-supereffective|p1a: is garbage-slif 23\n|-damage|p1a: is garbage-slif 23|0 fnt\n|-damage|p1b: easy life|81\/100\n|faint|p1a: is garbage-slif 23\n|-end|p1a: is garbage-slif 23|Protosynthesis|[silent]\n|move|p1b: easy life|Trick Room|p1b: easy life\n|-fieldstart|move: Trick Room|[of] p1b: easy life\n|\n|-weather|SunnyDay|[upkeep]\n|upkeep\n|\n|t:|1682160150\n|switch|p1a: KRAKATOAAAAA|Torkoal, L50, F|57\/100\n|turn|6\n|\n|t:|1682160158\n|move|p1b: easy life|Heal Pulse|p1a: KRAKATOAAAAA\n|-heal|p1a: KRAKATOAAAAA|100\/100\n|move|p1a: KRAKATOAAAAA|Solar Beam||[still]\n|-prepare|p1a: KRAKATOAAAAA|Solar Beam\n|-anim|p1a: KRAKATOAAAAA|Solar Beam|p2b: Carries\n|-supereffective|p2b: Carries\n|-damage|p2b: Carries|0 fnt\n|faint|p2b: Carries\n|\n|win|252 accuracy\n|c|\u2606252 accuracy|ggwp\n|c|\u2606redbullcyndaquil|gg\n|l|\u2606redbullcyndaquil\n","uploadtime":1682160174,"views":9,"p1id":"252accuracy","p2id":"redbullcyndaquil","formatid":"gen9vgc2023regulationc","rating":0,"private":0,"password":""}