{"id":"gen9vgc2023regulationc-1847433121","p1":"COSMONAUTA J","p2":"QueenElizabethVGC","format":"[Gen 9] VGC 2023 Regulation C","log":"|j|\u2606COSMONAUTA J\n|j|\u2606QueenElizabethVGC\n|t:|1681954511\n|gametype|doubles\n|player|p1|COSMONAUTA J|cyrus|1262\n|player|p2|QueenElizabethVGC|265|1184\n|teamsize|p1|6\n|teamsize|p2|6\n|gen|9\n|tier|[Gen 9] VGC 2023 Regulation C\n|rated|\n|rule|Species Clause: Limit one of each Pok\u00e9mon\n|rule|Item Clause: Limit one of each item\n|clearpoke\n|poke|p1|Maushold-Four, L50|\n|poke|p1|Annihilape, L50, M|\n|poke|p1|Ting-Lu, L50|\n|poke|p1|Chien-Pao, L50|\n|poke|p1|Dragonite, L50, F|\n|poke|p1|Flutter Mane, L50|\n|poke|p2|Naclstack, L50, M|\n|poke|p2|Indeedee-F, L50, F|\n|poke|p2|Tatsugiri-Stretchy, L50, F|\n|poke|p2|Flutter Mane, L50|\n|poke|p2|Amoonguss, L50, M|\n|poke|p2|Iron Hands, L50|\n|teampreview|4\nQueenElizabethVGC has agreed to open team sheets.\nCOSMONAUTA J has agreed to open team sheets.\n|inactive|Battle timer is ON: inactive players will automatically lose when time's up. (requested by COSMONAUTA J)\n|\n|t:|1681954551\n|start\n|switch|p1a: Procuro Algu\u00e9m|Maushold-Four, L50|100\/100\n|switch|p1b: Fantasmas|Annihilape, L50, M|100\/100\n|switch|p2a: Terracotta|Naclstack, L50, M, shiny|100\/100\n|switch|p2b: Imposter|Amoonguss, L50, M, shiny|100\/100\n|turn|1\n|\n|t:|1681954577\n|-terastallize|p2a: Terracotta|Fighting\n|move|p1a: Procuro Algu\u00e9m|Taunt|p2b: Imposter\n|-start|p2b: Imposter|move: Taunt\n|move|p1b: Fantasmas|Bulk Up|p1b: Fantasmas\n|-boost|p1b: Fantasmas|atk|1\n|-boost|p1b: Fantasmas|def|1\n|move|p2a: Terracotta|Iron Defense|p2a: Terracotta\n|-boost|p2a: Terracotta|def|2\n|cant|p2b: Imposter|move: Taunt|Spore\n|\n|upkeep\n|turn|2\n|\n|t:|1681954603\n|move|p1a: Procuro Algu\u00e9m|Taunt|p2a: Terracotta\n|-start|p2a: Terracotta|move: Taunt\n|move|p1b: Fantasmas|Bulk Up|p1b: Fantasmas\n|-boost|p1b: Fantasmas|atk|1\n|-boost|p1b: Fantasmas|def|1\n|cant|p2a: Terracotta|move: Taunt|Iron Defense\n|move|p2b: Imposter|Pollen Puff|p1a: Procuro Algu\u00e9m\n|-damage|p1a: Procuro Algu\u00e9m|75\/100\n|\n|upkeep\n|turn|3\n|\n|t:|1681954617\n|move|p1a: Procuro Algu\u00e9m|Population Bomb|p2b: Imposter\n|-damage|p2b: Imposter|95\/100\n|-damage|p2b: Imposter|90\/100\n|-hitcount|p2b: Imposter|2\n|move|p1b: Fantasmas|Drain Punch|p2a: Terracotta\n|-damage|p2a: Terracotta|74\/100\n|move|p2a: Terracotta|Body Press|p1a: Procuro Algu\u00e9m\n|-supereffective|p1a: Procuro Algu\u00e9m\n|-damage|p1a: Procuro Algu\u00e9m|0 fnt\n|faint|p1a: Procuro Algu\u00e9m\n|move|p2b: Imposter|Pollen Puff|p1b: Fantasmas\n|-resisted|p1b: Fantasmas\n|-damage|p1b: Fantasmas|97\/100\n|\n|-heal|p1b: Fantasmas|100\/100|[from] item: Leftovers\n|-end|p2b: Imposter|move: Taunt\n|upkeep\n|\n|t:|1681954635\n|switch|p1a: LEAL|Flutter Mane, L50|100\/100\n|turn|4\n|\n|t:|1681954649\n|move|p2b: Imposter|Rage Powder|p2b: Imposter\n|-singleturn|p2b: Imposter|move: Rage Powder\n|move|p1a: LEAL|Moonblast|p2b: Imposter\n|-resisted|p2b: Imposter\n|-damage|p2b: Imposter|58\/100\n|-unboost|p2b: Imposter|spa|1\n|move|p1b: Fantasmas|Rage Fist|p2b: Imposter\n|-damage|p2b: Imposter|0 fnt\n|faint|p2b: Imposter\n|move|p2a: Terracotta|Salt Cure|p1b: Fantasmas\n|-resisted|p1b: Fantasmas\n|-damage|p1b: Fantasmas|98\/100\n|-start|p1b: Fantasmas|Salt Cure\n|\n|-heal|p1b: Fantasmas|100\/100|[from] item: Leftovers\n|-damage|p1b: Fantasmas|88\/100|[from] Salt Cure\n|-end|p2a: Terracotta|move: Taunt\n|upkeep\n|\n|t:|1681954659\n|switch|p2b: Feelin U?|Flutter Mane, L50|100\/100\n|turn|5\n|\n|t:|1681954672\n|-terastallize|p1b: Fantasmas|Fire\n|move|p2a: Terracotta|Protect|p2a: Terracotta\n|-singleturn|p2a: Terracotta|Protect\n|move|p1a: LEAL|Moonblast|p2a: Terracotta\n|-activate|p2a: Terracotta|move: Protect\n|move|p2b: Feelin U?|Shadow Ball|p1a: LEAL\n|-supereffective|p1a: LEAL\n|-damage|p1a: LEAL|0 fnt\n|faint|p1a: LEAL\n|-end|p1a: LEAL|Protosynthesis|[silent]\n|move|p1b: Fantasmas|Rage Fist|p2b: Feelin U?\n|-supereffective|p2b: Feelin U?\n|-damage|p2b: Feelin U?|0 fnt\n|faint|p2b: Feelin U?\n|-end|p2b: Feelin U?|Protosynthesis|[silent]\n|\n|-heal|p1b: Fantasmas|94\/100|[from] item: Leftovers\n|-damage|p1b: Fantasmas|82\/100|[from] Salt Cure\n|upkeep\n|\n|t:|1681954688\n|switch|p2b: E for Everyone!|Iron Hands, L50|100\/100\n|switch|p1a: 1010|Dragonite, L50, F|100\/100\n|turn|6\n|\n|t:|1681954705\n|move|p1a: 1010|Protect|p1a: 1010\n|-singleturn|p1a: 1010|Protect\n|move|p2b: E for Everyone!|Fake Out|p1b: Fantasmas\n|-damage|p1b: Fantasmas|75\/100\n|cant|p1b: Fantasmas|flinch\n|move|p2a: Terracotta|Iron Defense|p2a: Terracotta\n|-boost|p2a: Terracotta|def|2\n|\n|-heal|p1b: Fantasmas|81\/100|[from] item: Leftovers\n|-damage|p1b: Fantasmas|69\/100|[from] Salt Cure\n|upkeep\n|turn|7\n|\n|t:|1681954728\n|move|p1b: Fantasmas|Rage Fist|p2a: Terracotta\n|-damage|p2a: Terracotta|52\/100\n|move|p1a: 1010|Low Kick|p2a: Terracotta\n|-damage|p2a: Terracotta|43\/100\n|move|p2b: E for Everyone!|Volt Switch|p1a: 1010\n|-damage|p1a: 1010|94\/100\n|move|p2a: Terracotta|Body Press|p1b: Fantasmas\n|-damage|p1b: Fantasmas|31\/100\n|\n|-heal|p1b: Fantasmas|37\/100|[from] item: Leftovers\n|-damage|p1b: Fantasmas|25\/100|[from] Salt Cure\n|upkeep\n|turn|8\n|\n|t:|1681954748\n|move|p2a: Terracotta|Protect|p2a: Terracotta\n|-singleturn|p2a: Terracotta|Protect\n|move|p1b: Fantasmas|Drain Punch|p2b: E for Everyone!\n|-damage|p2b: E for Everyone!|55\/100\n|-heal|p1b: Fantasmas|52\/100|[from] drain|[of] p2b: E for Everyone!\n|move|p1a: 1010|Low Kick|p2a: Terracotta\n|-activate|p2a: Terracotta|move: Protect\n|move|p2b: E for Everyone!|Close Combat|p1b: Fantasmas\n|-damage|p1b: Fantasmas|21\/100\n|-unboost|p2b: E for Everyone!|def|1\n|-unboost|p2b: E for Everyone!|spd|1\n|\n|-heal|p1b: Fantasmas|27\/100|[from] item: Leftovers\n|-damage|p1b: Fantasmas|14\/100|[from] Salt Cure\n|upkeep\n|turn|9\n|\n|t:|1681954775\n|move|p1a: 1010|Extreme Speed|p2b: E for Everyone!\n|-damage|p2b: E for Everyone!|25\/100\n|move|p1b: Fantasmas|Drain Punch|p2b: E for Everyone!\n|-crit|p2b: E for Everyone!\n|-damage|p2b: E for Everyone!|0 fnt\n|-heal|p1b: Fantasmas|29\/100|[from] drain|[of] p2b: E for Everyone!\n|faint|p2b: E for Everyone!\n|-end|p2b: E for Everyone!|Quark Drive|[silent]\n|move|p2a: Terracotta|Body Press|p1b: Fantasmas\n|-damage|p1b: Fantasmas|0 fnt\n|faint|p1b: Fantasmas\n|\n|upkeep\n|turn|10\n|\n|t:|1681954786\n|move|p1a: 1010|Low Kick|p2a: Terracotta\n|-damage|p2a: Terracotta|34\/100\n|move|p2a: Terracotta|Salt Cure|p1a: 1010\n|-supereffective|p1a: 1010\n|-damage|p1a: 1010|71\/100\n|-start|p1a: 1010|Salt Cure\n|\n|-damage|p1a: 1010|59\/100|[from] Salt Cure\n|upkeep\n|turn|11\n|\n|t:|1681954790\n|move|p2a: Terracotta|Protect|p2a: Terracotta\n|-singleturn|p2a: Terracotta|Protect\n|move|p1a: 1010|Extreme Speed|p2a: Terracotta\n|-activate|p2a: Terracotta|move: Protect\n|\n|-damage|p1a: 1010|47\/100|[from] Salt Cure\n|upkeep\n|turn|12\n|\n|t:|1681954794\n|move|p1a: 1010|Extreme Speed|p2a: Terracotta\n|-damage|p2a: Terracotta|26\/100\n|move|p2a: Terracotta|Iron Defense|p2a: Terracotta\n|-boost|p2a: Terracotta|def|2\n|\n|-damage|p1a: 1010|35\/100|[from] Salt Cure\n|upkeep\n|turn|13\n|\n|t:|1681954800\n|move|p2a: Terracotta|Protect|p2a: Terracotta\n|-singleturn|p2a: Terracotta|Protect\n|move|p1a: 1010|Low Kick|p2a: Terracotta\n|-activate|p2a: Terracotta|move: Protect\n|\n|-damage|p1a: 1010|23\/100|[from] Salt Cure\n|upkeep\n|turn|14\n|\n|t:|1681954804\n|move|p1a: 1010|Low Kick|p2a: Terracotta\n|-damage|p2a: Terracotta|18\/100\n|move|p2a: Terracotta|Salt Cure|p1a: 1010\n|-supereffective|p1a: 1010\n|-damage|p1a: 1010|0 fnt\n|faint|p1a: 1010\n|\n|win|QueenElizabethVGC\n|raw|COSMONAUTA J's rating: 1262 → 1231<\/strong> (-31 for losing)\n|raw|QueenElizabethVGC's rating: 1184 → 1215<\/strong> (+31 for winning)\n|l|\u2606COSMONAUTA J\n","uploadtime":1681954813,"views":6,"p1id":"cosmonautaj","p2id":"queenelizabethvgc","formatid":"gen9vgc2023regulationc","rating":1215,"private":0,"password":""}