{"id":"gen9vgc2023regulationc-1855883692","p1":"leafeonthegoat","p2":"knight8512","format":"[Gen 9] VGC 2023 Regulation C","log":"|j|\u2606leafeonthegoat\n|j|\u2606knight8512\n|t:|1682995755\n|gametype|doubles\n|player|p1|leafeonthegoat|palmer|1332\n|player|p2|knight8512|boarder|1281\n|teamsize|p1|6\n|teamsize|p2|6\n|gen|9\n|tier|[Gen 9] VGC 2023 Regulation C\n|rated|\n|rule|Species Clause: Limit one of each Pok\u00e9mon\n|rule|Item Clause: Limit one of each item\n|clearpoke\n|poke|p1|Gholdengo, L50|\n|poke|p1|Flutter Mane, L50|\n|poke|p1|Ceruledge, L50, M|\n|poke|p1|Iron Hands, L50|\n|poke|p1|Gyarados, L50, F|\n|poke|p1|Iron Bundle, L50|\n|poke|p2|Baxcalibur, L50, M|\n|poke|p2|Flutter Mane, L50|\n|poke|p2|Chi-Yu, L50|\n|poke|p2|Gyarados, L50, M|\n|poke|p2|Ting-Lu, L50|\n|poke|p2|Amoonguss, L50, M|\n|teampreview|4\n|inactive|Battle timer is ON: inactive players will automatically lose when time's up. (requested by leafeonthegoat)\nleafeonthegoat has agreed to open team sheets.\n|inactive|leafeonthegoat has 60 seconds left.\n|inactive|knight8512 has 60 seconds left.\n|inactive|knight8512 has 30 seconds left.\n|inactive|knight8512 has 20 seconds left.\n|inactive|knight8512 has 15 seconds left.\n|inactive|knight8512 has 10 seconds left.\n|\n|t:|1682995837\n|start\n|switch|p1a: Iron Hands|Iron Hands, L50|100\/100\n|switch|p1b: Gyarados|Gyarados, L50, F|100\/100\n|switch|p2a: Ting-Lu|Ting-Lu, L50|100\/100\n|switch|p2b: Amoonguss|Amoonguss, L50, M, shiny|100\/100\n|-ability|p1b: Gyarados|Intimidate|boost\n|-unboost|p2a: Ting-Lu|atk|1\n|-unboost|p2b: Amoonguss|atk|1\n|-ability|p2a: Ting-Lu|Vessel of Ruin\n|turn|1\n|\n|t:|1682995861\n|move|p1a: Iron Hands|Fake Out|p2a: Ting-Lu\n|-damage|p2a: Ting-Lu|92\/100\n|move|p2b: Amoonguss|Rage Powder|p2b: Amoonguss\n|-singleturn|p2b: Amoonguss|move: Rage Powder\n|move|p1b: Gyarados|Taunt|p2b: Amoonguss\n|-start|p2b: Amoonguss|move: Taunt\n|cant|p2a: Ting-Lu|flinch\n|\n|upkeep\n|turn|2\n|inactive|leafeonthegoat has 30 seconds left.\n|inactive|knight8512 has 30 seconds left.\n|\n|t:|1682995891\n|switch|p1b: Flutter Mane|Flutter Mane, L50|100\/100\n|-terastallize|p2a: Ting-Lu|Fairy\n|move|p1a: Iron Hands|Thunder Punch|p2b: Amoonguss\n|-resisted|p2b: Amoonguss\n|-crit|p2b: Amoonguss\n|-damage|p2b: Amoonguss|77\/100\n|move|p2a: Ting-Lu|Ruination|p1a: Iron Hands\n|-damage|p1a: Iron Hands|51\/100\n|move|p2b: Amoonguss|Pollen Puff|p2a: Ting-Lu\n|-heal|p2a: Ting-Lu|100\/100\n|\n|upkeep\n|turn|3\n|inactive|leafeonthegoat has 30 seconds left.\n|inactive|knight8512 has 30 seconds left.\n|inactive|knight8512 has 20 seconds left.\n|\n|t:|1682995928\n|-end|p1a: Iron Hands|Quark Drive|[silent]\n|switch|p1a: Gyarados|Gyarados, L50, F|100\/100\n|-ability|p1a: Gyarados|Intimidate|boost\n|-unboost|p2a: Ting-Lu|atk|1\n|-unboost|p2b: Amoonguss|atk|1\n|move|p1b: Flutter Mane|Protect|p1b: Flutter Mane\n|-singleturn|p1b: Flutter Mane|Protect\n|move|p2a: Ting-Lu|Heavy Slam|p1b: Flutter Mane\n|-activate|p1b: Flutter Mane|move: Protect\n|move|p2b: Amoonguss|Pollen Puff|p2a: Ting-Lu\n|-immune|p2a: Ting-Lu\n|\n|upkeep\n|turn|4\n|\n|t:|1682995950\n|switch|p1a: Iron Bundle|Iron Bundle, L50|100\/100\n|-enditem|p1a: Iron Bundle|Booster Energy\n|-activate|p1a: Iron Bundle|ability: Quark Drive|[fromitem]\n|-start|p1a: Iron Bundle|quarkdrivespe\n|move|p1b: Flutter Mane|Substitute|p1b: Flutter Mane\n|-start|p1b: Flutter Mane|Substitute\n|-damage|p1b: Flutter Mane|75\/100\n|move|p2a: Ting-Lu|Ruination|p1b: Flutter Mane\n|-end|p1b: Flutter Mane|Substitute\n|move|p2b: Amoonguss|Pollen Puff|p2a: Ting-Lu\n|-immune|p2a: Ting-Lu\n|\n|-heal|p1b: Flutter Mane|81\/100|[from] item: Leftovers\n|-end|p2b: Amoonguss|move: Taunt\n|upkeep\n|turn|5\n|inactive|knight8512 has 30 seconds left.\n|inactive|knight8512 has 20 seconds left.\n|\n|t:|1682995986\n|move|p2b: Amoonguss|Protect|p2b: Amoonguss\n|-singleturn|p2b: Amoonguss|Protect\n|move|p1a: Iron Bundle|Freeze-Dry|p2b: Amoonguss\n|-activate|p2b: Amoonguss|move: Protect\n|move|p1b: Flutter Mane|Shadow Ball|p2b: Amoonguss\n|-activate|p2b: Amoonguss|move: Protect\n|move|p2a: Ting-Lu|Ruination|p1a: Iron Bundle\n|-damage|p1a: Iron Bundle|51\/100\n|\n|-heal|p1b: Flutter Mane|87\/100|[from] item: Leftovers\n|upkeep\n|turn|6\n|inactive|leafeonthegoat has 30 seconds left.\n|inactive|knight8512 has 30 seconds left.\n|\n|t:|1682996019\n|move|p1a: Iron Bundle|Freeze-Dry|p2b: Amoonguss\n|-supereffective|p2b: Amoonguss\n|-damage|p2b: Amoonguss|28\/100\n|-status|p2b: Amoonguss|frz\n|move|p1b: Flutter Mane|Substitute|p1b: Flutter Mane\n|-start|p1b: Flutter Mane|Substitute\n|-damage|p1b: Flutter Mane|62\/100\n|move|p2a: Ting-Lu|Ruination|p1b: Flutter Mane\n|-end|p1b: Flutter Mane|Substitute\n|cant|p2b: Amoonguss|frz\n|\n|-heal|p1b: Flutter Mane|68\/100|[from] item: Leftovers\n|upkeep\n|turn|7\n|\n|t:|1682996042\n|move|p1a: Iron Bundle|Freeze-Dry|p2b: Amoonguss\n|-supereffective|p2b: Amoonguss\n|-damage|p2b: Amoonguss|0 fnt\n|faint|p2b: Amoonguss\n|move|p1b: Flutter Mane|Substitute|p1b: Flutter Mane\n|-start|p1b: Flutter Mane|Substitute\n|-damage|p1b: Flutter Mane|43\/100\n|move|p2a: Ting-Lu|Ruination|p1b: Flutter Mane\n|-activate|p1b: Flutter Mane|move: Substitute|[damage]\n|\n|-heal|p1b: Flutter Mane|49\/100|[from] item: Leftovers\n|upkeep\n|\n|t:|1682996061\n|switch|p2b: Flutter Mane|Flutter Mane, L50|100\/100\n|-enditem|p2b: Flutter Mane|Booster Energy\n|-activate|p2b: Flutter Mane|ability: Protosynthesis|[fromitem]\n|-start|p2b: Flutter Mane|protosynthesisspe\n|turn|8\n|inactive|knight8512 has 30 seconds left.\n|\n|t:|1682996091\n|move|p2b: Flutter Mane|Protect|p2b: Flutter Mane\n|-singleturn|p2b: Flutter Mane|Protect\n|move|p1b: Flutter Mane|Protect|p1b: Flutter Mane\n|-singleturn|p1b: Flutter Mane|Protect\n|move|p1a: Iron Bundle|Icy Wind|p2a: Ting-Lu|[spread] p2a\n|-activate|p2b: Flutter Mane|move: Protect\n|-damage|p2a: Ting-Lu|94\/100\n|-unboost|p2a: Ting-Lu|spe|1\n|move|p2a: Ting-Lu|Heavy Slam|p1a: Iron Bundle\n|-damage|p1a: Iron Bundle|30\/100\n|\n|-heal|p1b: Flutter Mane|54\/100|[from] item: Leftovers\n|upkeep\n|turn|9\n|inactive|knight8512 has 30 seconds left.\n|inactive|leafeonthegoat has 30 seconds left.\n|\n|t:|1682996127\n|-end|p2b: Flutter Mane|Protosynthesis|[silent]\n|switch|p2b: Chi-Yu|Chi-Yu, L50|100\/100\n|-ability|p2b: Chi-Yu|Beads of Ruin\n|move|p1a: Iron Bundle|Icy Wind|p2a: Ting-Lu|[spread] p2a,p2b\n|-resisted|p2b: Chi-Yu\n|-damage|p2a: Ting-Lu|86\/100\n|-damage|p2b: Chi-Yu|94\/100\n|-unboost|p2a: Ting-Lu|spe|1\n|-unboost|p2b: Chi-Yu|spe|1\n|move|p1b: Flutter Mane|Substitute|p1b: Flutter Mane\n|-fail|p1b: Flutter Mane|move: Substitute\n|move|p2a: Ting-Lu|Stomping Tantrum|p1a: Iron Bundle\n|-damage|p1a: Iron Bundle|10\/100\n|\n|-heal|p1b: Flutter Mane|60\/100|[from] item: Leftovers\n|upkeep\n|turn|10\n|inactive|knight8512 has 30 seconds left.\n|inactive|knight8512 has 20 seconds left.\n|inactive|knight8512 has 15 seconds left.\n|\n|t:|1682996170\n|-end|p1a: Iron Bundle|Quark Drive|[silent]\n|switch|p1a: Gyarados|Gyarados, L50, F|100\/100\n|-ability|p1a: Gyarados|Intimidate|boost\n|-unboost|p2a: Ting-Lu|atk|1\n|-unboost|p2b: Chi-Yu|atk|1\n|move|p1b: Flutter Mane|Dazzling Gleam|p2a: Ting-Lu|[spread] p2a,p2b\n|-damage|p2a: Ting-Lu|74\/100\n|-damage|p2b: Chi-Yu|71\/100\n|move|p2b: Chi-Yu|Snarl|p1a: Gyarados|[spread] p1a,p1b\n|-damage|p1a: Gyarados|77\/100\n|-damage|p1b: Flutter Mane|37\/100\n|-unboost|p1a: Gyarados|spa|1\n|-unboost|p1b: Flutter Mane|spa|1\n|-damage|p2b: Chi-Yu|61\/100|[from] item: Life Orb\n|move|p2a: Ting-Lu|Stomping Tantrum|p1a: Gyarados\n|-immune|p1a: Gyarados\n|\n|-heal|p1b: Flutter Mane|43\/100|[from] item: Leftovers\n|upkeep\n|turn|11\n|inactive|knight8512 has 30 seconds left.\n|\n|t:|1682996197\n|move|p1b: Flutter Mane|Protect|p1b: Flutter Mane\n|-singleturn|p1b: Flutter Mane|Protect\n|move|p1a: Gyarados|Thunder Wave|p2b: Chi-Yu\n|-status|p2b: Chi-Yu|par\n|cant|p2b: Chi-Yu|par\n|move|p2a: Ting-Lu|Ruination|p1b: Flutter Mane\n|-activate|p1b: Flutter Mane|move: Protect\n|\n|-heal|p1b: Flutter Mane|49\/100|[from] item: Leftovers\n|upkeep\n|turn|12\n|inactive|leafeonthegoat has 30 seconds left.\n|inactive|knight8512 has 30 seconds left.\n|inactive|leafeonthegoat has 20 seconds left.\n|inactive|leafeonthegoat has 15 seconds left.\n|\n|t:|1682996238\n|move|p2b: Chi-Yu|Protect|p2b: Chi-Yu\n|-singleturn|p2b: Chi-Yu|Protect\n|move|p1b: Flutter Mane|Shadow Ball|p2b: Chi-Yu\n|-activate|p2b: Chi-Yu|move: Protect\n|move|p1a: Gyarados|Waterfall|p2b: Chi-Yu\n|-activate|p2b: Chi-Yu|move: Protect\n|move|p2a: Ting-Lu|Ruination|p1a: Gyarados\n|-damage|p1a: Gyarados|39\/100\n|\n|-heal|p1b: Flutter Mane|54\/100|[from] item: Leftovers\n|upkeep\n|turn|13\n|inactive|knight8512 has 30 seconds left.\n|inactive|knight8512 has 20 seconds left.\n|\n|t:|1682996274\n|switch|p2a: Flutter Mane|Flutter Mane, L50|100\/100\n|move|p2b: Chi-Yu|Protect|p2b: Chi-Yu\n|-singleturn|p2b: Chi-Yu|Protect\n|move|p1b: Flutter Mane|Dazzling Gleam|p2b: Chi-Yu|[spread] p2a\n|-activate|p2b: Chi-Yu|move: Protect\n|-damage|p2a: Flutter Mane|73\/100\n|move|p1a: Gyarados|Waterfall|p2b: Chi-Yu\n|-activate|p2b: Chi-Yu|move: Protect\n|\n|-heal|p1b: Flutter Mane|60\/100|[from] item: Leftovers\n|upkeep\n|turn|14\n|inactive|knight8512 has 30 seconds left this turn.\n|inactive|knight8512 has 20 seconds left.\n|inactive|knight8512 has 15 seconds left.\n|inactive|knight8512 has 10 seconds left.\n|inactive|knight8512 has 5 seconds left.\n|\n|t:|1682996300\n|move|p2a: Flutter Mane|Thunderbolt|p1a: Gyarados\n|-supereffective|p1a: Gyarados\n|-damage|p1a: Gyarados|0 fnt\n|faint|p1a: Gyarados\n|move|p1b: Flutter Mane|Shadow Ball|p2a: Flutter Mane\n|-supereffective|p2a: Flutter Mane\n|-damage|p2a: Flutter Mane|5\/100\n|move|p2b: Chi-Yu|Snarl|p1b: Flutter Mane\n|-damage|p1b: Flutter Mane|22\/100\n|-unboost|p1b: Flutter Mane|spa|1\n|-damage|p2b: Chi-Yu|52\/100 par|[from] item: Life Orb\n|\n|-heal|p1b: Flutter Mane|27\/100|[from] item: Leftovers\n|upkeep\n|inactive|knight8512 has 5 seconds left this turn.\n|\n|t:|1682996311\n|switch|p1a: Iron Bundle|Iron Bundle, L50|10\/100\n|turn|15\n|inactive|knight8512 has 5 seconds left this turn.\n|-message|knight8512 lost due to inactivity.\n|\n|win|leafeonthegoat\n|raw|leafeonthegoat's rating: 1332 → 1349<\/strong> (+17 for winning)\n|raw|knight8512's rating: 1281 → 1260<\/strong> (-21 for losing)\n|l|\u2606leafeonthegoat\n","uploadtime":1682996347,"views":20,"p1id":"leafeonthegoat","p2id":"knight8512","formatid":"gen9vgc2023regulationc","rating":1260,"private":0,"password":""}