{"id":"gen9vgc2023regulationc-1862126672","p1":"DDyarados29","p2":"Echoes630","format":"[Gen 9] VGC 2023 Regulation C","log":"|j|\u2606DDyarados29\n|j|\u2606Echoes630\n|t:|1683839765\n|gametype|doubles\n|player|p1|DDyarados29|wallace|1236\n|player|p2|Echoes630|1|1219\n|teamsize|p1|6\n|teamsize|p2|6\n|gen|9\n|tier|[Gen 9] VGC 2023 Regulation C\n|rated|\n|rule|Species Clause: Limit one of each Pok\u00e9mon\n|rule|Item Clause: Limit one of each item\n|clearpoke\n|poke|p1|Grimmsnarl, L50, M|\n|poke|p1|Chi-Yu, L50|\n|poke|p1|Gyarados, L50, F|\n|poke|p1|Wo-Chien, L50|\n|poke|p1|Flutter Mane, L50|\n|poke|p1|Glimmora, L50, F|\n|poke|p2|Ting-Lu, L50|\n|poke|p2|Arcanine, L50, F|\n|poke|p2|Gothitelle, L50, M|\n|poke|p2|Amoonguss, L50, F|\n|poke|p2|Flutter Mane, L50|\n|poke|p2|Palafin, L50, F|\n|teampreview|4\nDDyarados29 has agreed to open team sheets.\n|\n|t:|1683839817\n|start\n|switch|p1a: Wo-Chien|Wo-Chien, L50|100\/100\n|switch|p1b: Glimmora|Glimmora, L50, F|100\/100\n|switch|p2a: Flutter Mane|Flutter Mane, L50|100\/100\n|switch|p2b: GO BIRD|Gothitelle, L50, M|100\/100\n|-ability|p1a: Wo-Chien|Tablets of Ruin\n|turn|1\n|inactive|Battle timer is ON: inactive players will automatically lose when time's up. (requested by DDyarados29)\n|\n|t:|1683839826\n|-terastallize|p1a: Wo-Chien|Poison\n|move|p2b: GO BIRD|Fake Out|p1b: Glimmora\n|-resisted|p1b: Glimmora\n|-damage|p1b: Glimmora|98\/100\n|-activate|p1b: Glimmora|ability: Toxic Debris\n|-sidestart|p2: Echoes630|move: Toxic Spikes\n|move|p2a: Flutter Mane|Perish Song|p2a: Flutter Mane\n|-start|p1a: Wo-Chien|perish3|[silent]\n|-start|p1b: Glimmora|perish3|[silent]\n|-start|p2a: Flutter Mane|perish3|[silent]\n|-start|p2b: GO BIRD|perish3|[silent]\n|-fieldactivate|move: Perish Song\n|cant|p1b: Glimmora|flinch\n|move|p1a: Wo-Chien|Snarl|p2a: Flutter Mane|[spread] p2a,p2b\n|-supereffective|p2b: GO BIRD\n|-damage|p2a: Flutter Mane|87\/100\n|-damage|p2b: GO BIRD|73\/100\n|-unboost|p2a: Flutter Mane|spa|1\n|-unboost|p2b: GO BIRD|spa|1\n|\n|-start|p2a: Flutter Mane|perish3\n|-start|p1b: Glimmora|perish3\n|-start|p1a: Wo-Chien|perish3\n|-start|p2b: GO BIRD|perish3\n|upkeep\n|turn|2\n|inactive|DDyarados29 has 30 seconds left.\n|inactive|Echoes630 has 30 seconds left.\n|\n|t:|1683839862\n|move|p2a: Flutter Mane|Protect|p2a: Flutter Mane\n|-singleturn|p2a: Flutter Mane|Protect\n|move|p2b: GO BIRD|Protect|p2b: GO BIRD\n|-singleturn|p2b: GO BIRD|Protect\n|move|p1b: Glimmora|Power Gem|p2a: Flutter Mane\n|-activate|p2a: Flutter Mane|move: Protect\n|move|p1a: Wo-Chien|Knock Off|p1b: Glimmora\n|-damage|p1b: Glimmora|65\/100\n|-activate|p1b: Glimmora|ability: Toxic Debris\n|-sidestart|p2: Echoes630|move: Toxic Spikes\n|-enditem|p1b: Glimmora|Focus Sash|[from] move: Knock Off|[of] p1a: Wo-Chien\n|\n|-start|p2a: Flutter Mane|perish2\n|-start|p1b: Glimmora|perish2\n|-start|p1a: Wo-Chien|perish2\n|-start|p2b: GO BIRD|perish2\n|upkeep\n|turn|3\n|inactive|DDyarados29 has 30 seconds left.\n|inactive|Echoes630 has 30 seconds left.\n|\n|t:|1683839894\n|-end|p2a: Flutter Mane|Protosynthesis|[silent]\n|switch|p2a: Ting-Lu|Ting-Lu, L50|100\/100\n|-status|p2a: Ting-Lu|tox\n|-ability|p2a: Ting-Lu|Vessel of Ruin\n|move|p1b: Glimmora|Earth Power|p2a: Ting-Lu\n|-damage|p2a: Ting-Lu|89\/100 tox\n|move|p1a: Wo-Chien|Knock Off|p2a: Ting-Lu\n|-resisted|p2a: Ting-Lu\n|-damage|p2a: Ting-Lu|83\/100 tox\n|-enditem|p2a: Ting-Lu|Assault Vest|[from] move: Knock Off|[of] p1a: Wo-Chien\n|move|p2b: GO BIRD|Psychic|p1a: Wo-Chien\n|-supereffective|p1a: Wo-Chien\n|-damage|p1a: Wo-Chien|85\/100\n|\n|-damage|p2a: Ting-Lu|77\/100 tox|[from] psn\n|-start|p1b: Glimmora|perish1\n|-start|p1a: Wo-Chien|perish1\n|-start|p2b: GO BIRD|perish1\n|upkeep\n|turn|4\n|inactive|DDyarados29 has 30 seconds left.\n|\n|t:|1683839920\n|switch|p2b: Flutter Mane|Flutter Mane, L50|87\/100\n|-status|p2b: Flutter Mane|tox\n|-terastallize|p2a: Ting-Lu|Poison\n|move|p1b: Glimmora|Mortal Spin|p2a: Ting-Lu|[spread] p2a,p2b\n|-resisted|p2a: Ting-Lu\n|-damage|p2a: Ting-Lu|76\/100 tox\n|-damage|p2b: Flutter Mane|80\/100 tox\n|move|p1a: Wo-Chien|Ruination|p2a: Ting-Lu\n|-damage|p2a: Ting-Lu|38\/100 tox\n|move|p2a: Ting-Lu|Snarl|p1a: Wo-Chien|[spread] p1a,p1b\n|-damage|p1a: Wo-Chien|80\/100\n|-damage|p1b: Glimmora|52\/100\n|-unboost|p1a: Wo-Chien|spa|1\n|-unboost|p1b: Glimmora|spa|1\n|\n|-damage|p2b: Flutter Mane|74\/100 tox|[from] psn\n|-damage|p2a: Ting-Lu|26\/100 tox|[from] psn\n|-start|p1b: Glimmora|perish0\n|-start|p1a: Wo-Chien|perish0\n|upkeep\n|faint|p1b: Glimmora\n|faint|p1a: Wo-Chien\n|\n|t:|1683839938\n|switch|p1b: Flutter Mane|Flutter Mane, L50|100\/100\n|switch|p1a: Gyarados|Gyarados, L50, F|100\/100\n|-ability|p1a: Gyarados|Intimidate|boost\n|-unboost|p2a: Ting-Lu|atk|1\n|-unboost|p2b: Flutter Mane|atk|1\n|-enditem|p1b: Flutter Mane|Booster Energy\n|-activate|p1b: Flutter Mane|ability: Protosynthesis|[fromitem]\n|-start|p1b: Flutter Mane|protosynthesisspe\n|turn|5\n|\n|t:|1683839960\n|switch|p2a: GO BIRD|Gothitelle, L50, M|73\/100\n|-status|p2a: GO BIRD|tox\n|move|p1b: Flutter Mane|Substitute|p1b: Flutter Mane\n|-start|p1b: Flutter Mane|Substitute\n|-damage|p1b: Flutter Mane|76\/100\n|move|p2b: Flutter Mane|Perish Song|p2b: Flutter Mane\n|-start|p1a: Gyarados|perish3|[silent]\n|-start|p1b: Flutter Mane|perish3|[silent]\n|-start|p2a: GO BIRD|perish3|[silent]\n|-start|p2b: Flutter Mane|perish3|[silent]\n|-fieldactivate|move: Perish Song\n|move|p1a: Gyarados|Icy Wind|p2a: GO BIRD|[spread] p2a,p2b\n|-damage|p2a: GO BIRD|68\/100 tox\n|-damage|p2b: Flutter Mane|67\/100 tox\n|-unboost|p2a: GO BIRD|spe|1\n|-unboost|p2b: Flutter Mane|spe|1\n|\n|-damage|p2b: Flutter Mane|54\/100 tox|[from] psn\n|-damage|p2a: GO BIRD|62\/100 tox|[from] psn\n|-start|p1b: Flutter Mane|perish3\n|-start|p2b: Flutter Mane|perish3\n|-start|p1a: Gyarados|perish3\n|-start|p2a: GO BIRD|perish3\n|upkeep\n|turn|6\n|inactive|DDyarados29 has 30 seconds left.\n|\n|t:|1683839989\n|move|p2b: Flutter Mane|Protect|p2b: Flutter Mane\n|-singleturn|p2b: Flutter Mane|Protect\n|move|p2a: GO BIRD|Fake Out|p1a: Gyarados\n|-damage|p1a: Gyarados|95\/100\n|move|p1b: Flutter Mane|Shadow Ball|p2a: GO BIRD\n|-supereffective|p2a: GO BIRD\n|-damage|p2a: GO BIRD|0 fnt\n|faint|p2a: GO BIRD\n|cant|p1a: Gyarados|flinch\n|\n|-damage|p2b: Flutter Mane|36\/100 tox|[from] psn\n|-start|p1b: Flutter Mane|perish2\n|-start|p2b: Flutter Mane|perish2\n|-start|p1a: Gyarados|perish2\n|upkeep\n|\n|t:|1683839995\n|switch|p2a: Ting-Lu|Ting-Lu, L50, tera:Poison|26\/100 tox\n|-sideend|p2: Echoes630|move: Toxic Spikes|[of] p2a: Ting-Lu\n|-ability|p2a: Ting-Lu|Vessel of Ruin\n|turn|7\n|\n|t:|1683840012\n|-end|p2b: Flutter Mane|Protosynthesis|[silent]\n|switch|p2b: Arcanine|Arcanine, L50, F|100\/100\n|-ability|p2b: Arcanine|Intimidate|boost\n|-unboost|p1a: Gyarados|atk|1\n|-immune|p1b: Flutter Mane\n|move|p1b: Flutter Mane|Shadow Ball|p2b: Arcanine\n|-damage|p2b: Arcanine|68\/100\n|-unboost|p2b: Arcanine|spd|1\n|move|p1a: Gyarados|Waterfall|p2a: Ting-Lu\n|-damage|p2a: Ting-Lu|12\/100 tox\n|move|p2a: Ting-Lu|Snarl|p1b: Flutter Mane|[spread] p1a,p1b\n|-damage|p1a: Gyarados|88\/100\n|-damage|p1b: Flutter Mane|68\/100\n|-unboost|p1a: Gyarados|spa|1\n|-unboost|p1b: Flutter Mane|spa|1\n|\n|-damage|p2a: Ting-Lu|6\/100 tox|[from] psn\n|-start|p1b: Flutter Mane|perish1\n|-start|p1a: Gyarados|perish1\n|upkeep\n|turn|8\n|\n|t:|1683840031\n|move|p2b: Arcanine|Protect|p2b: Arcanine\n|-singleturn|p2b: Arcanine|Protect\n|move|p1b: Flutter Mane|Shadow Ball|p2a: Ting-Lu\n|-damage|p2a: Ting-Lu|0 fnt\n|faint|p2a: Ting-Lu\n|move|p1a: Gyarados|Waterfall|p2b: Arcanine\n|-activate|p2b: Arcanine|move: Protect\n|\n|-start|p1b: Flutter Mane|perish0\n|-start|p1a: Gyarados|perish0\n|faint|p1b: Flutter Mane\n|-end|p1b: Flutter Mane|Protosynthesis|[silent]\n|faint|p1a: Gyarados\n|\n|win|Echoes630\n|upkeep\n|raw|DDyarados29's rating: 1236 → 1210<\/strong> (-26 for losing)\n|raw|Echoes630's rating: 1219 → 1245<\/strong> (+26 for winning)\n|c|\u2606Echoes630|Gg\n|c|\u2606DDyarados29|gg\n","uploadtime":1683840111,"views":15,"p1id":"ddyarados29","p2id":"echoes630","formatid":"gen9vgc2023regulationc","rating":1210,"private":0,"password":""}