{"id":"gen9vgc2023regulationc-1857301566","p1":"Katkip","p2":"Gizball","format":"[Gen 9] VGC 2023 Regulation C","log":"|j|\u2606Katkip\n|j|\u2606Gizball\n|t:|1683170050\n|gametype|doubles\n|player|p1|Katkip|may-masters2|1041\n|player|p2|Gizball|266|1000\n|teamsize|p1|6\n|teamsize|p2|6\n|gen|9\n|tier|[Gen 9] VGC 2023 Regulation C\n|rated|\n|rule|Species Clause: Limit one of each Pok\u00e9mon\n|rule|Item Clause: Limit one of each item\n|clearpoke\n|poke|p1|Lilligant, L50, F|\n|poke|p1|Torkoal, L50, F|\n|poke|p1|Flutter Mane, L50|\n|poke|p1|Kingambit, L50, F|\n|poke|p1|Breloom, L50, F|\n|poke|p1|Great Tusk, L50|\n|poke|p2|Ting-Lu, L50|\n|poke|p2|Murkrow, L50, M|\n|poke|p2|Annihilape, L50, F|\n|poke|p2|Iron Bundle, L50|\n|poke|p2|Roaring Moon, L50|\n|poke|p2|Torkoal, L50, M|\n|teampreview|4\n|\n|t:|1683170089\n|start\n|switch|p1a: Torkoal|Torkoal, L50, F, shiny|100\/100\n|switch|p1b: Great Tusk|Great Tusk, L50, shiny|100\/100\n|switch|p2a: Murkrow|Murkrow, L50, M|100\/100\n|switch|p2b: Ting-Lu|Ting-Lu, L50|100\/100\n|-ability|p2b: Ting-Lu|Vessel of Ruin\n|-weather|SunnyDay|[from] ability: Drought|[of] p1a: Torkoal\n|-activate|p1b: Great Tusk|ability: Protosynthesis\n|-start|p1b: Great Tusk|protosynthesisatk\n|turn|1\n|\n|t:|1683170107\n|-terastallize|p2b: Ting-Lu|Ground\n|move|p1a: Torkoal|Protect|p1a: Torkoal\n|-singleturn|p1a: Torkoal|Protect\n|move|p2a: Murkrow|Tailwind|p2a: Murkrow\n|-sidestart|p2: Gizball|move: Tailwind\n|move|p1b: Great Tusk|Close Combat|p2b: Ting-Lu\n|-damage|p2b: Ting-Lu|52\/100\n|-unboost|p1b: Great Tusk|def|1\n|-unboost|p1b: Great Tusk|spd|1\n|move|p2b: Ting-Lu|Fissure|p1b: Great Tusk|[miss]\n|-miss|p2b: Ting-Lu|p1b: Great Tusk\n|\n|-weather|SunnyDay|[upkeep]\n|upkeep\n|turn|2\n|\n|t:|1683170187\n|switch|p2b: Annihilape|Annihilape, L50, F|100\/100\n|move|p1b: Great Tusk|Close Combat|p2b: Annihilape\n|-immune|p2b: Annihilape\n|move|p2a: Murkrow|Foul Play|p1a: Torkoal\n|-damage|p1a: Torkoal|80\/100\n|move|p1a: Torkoal|Eruption|p2a: Murkrow|[spread] p2a,p2b\n|-damage|p2a: Murkrow|39\/100\n|-damage|p2b: Annihilape|31\/100\n|\n|-weather|SunnyDay|[upkeep]\n|upkeep\n|turn|3\n|\n|t:|1683170217\n|switch|p2a: Ting-Lu|Ting-Lu, L50, tera:Ground|52\/100\n|-ability|p2a: Ting-Lu|Vessel of Ruin\n|move|p1a: Torkoal|Protect|p1a: Torkoal\n|-singleturn|p1a: Torkoal|Protect\n|move|p2b: Annihilape|Drain Punch|p1a: Torkoal\n|-activate|p1a: Torkoal|move: Protect\n|move|p1b: Great Tusk|Close Combat|p2a: Ting-Lu\n|-damage|p2a: Ting-Lu|6\/100\n|-unboost|p1b: Great Tusk|def|1\n|-unboost|p1b: Great Tusk|spd|1\n|\n|-weather|SunnyDay|[upkeep]\n|upkeep\n|turn|4\n|\n|t:|1683170242\n|switch|p1a: Flutter Mane|Flutter Mane, L50, shiny|100\/100\n|-activate|p1a: Flutter Mane|ability: Protosynthesis\n|-start|p1a: Flutter Mane|protosynthesisspa\n|move|p2b: Annihilape|Drain Punch|p1a: Flutter Mane\n|-immune|p1a: Flutter Mane\n|move|p1b: Great Tusk|Close Combat|p2a: Ting-Lu\n|-damage|p2a: Ting-Lu|0 fnt\n|-unboost|p1b: Great Tusk|def|1\n|-unboost|p1b: Great Tusk|spd|1\n|faint|p2a: Ting-Lu\n|\n|-weather|SunnyDay|[upkeep]\n|-sideend|p2: Gizball|move: Tailwind\n|upkeep\n|\n|t:|1683170251\n|switch|p2a: Murkrow|Murkrow, L50, M|39\/100\n|turn|5\n|\n|t:|1683170278\n|move|p2a: Murkrow|Tailwind|p2a: Murkrow\n|-sidestart|p2: Gizball|move: Tailwind\n|move|p2b: Annihilape|Rage Fist|p1a: Flutter Mane\n|-supereffective|p1a: Flutter Mane\n|-damage|p1a: Flutter Mane|0 fnt\n|faint|p1a: Flutter Mane\n|-end|p1a: Flutter Mane|Protosynthesis|[silent]\n|move|p1b: Great Tusk|Close Combat|p2a: Murkrow\n|-damage|p2a: Murkrow|0 fnt\n|-unboost|p1b: Great Tusk|def|1\n|-unboost|p1b: Great Tusk|spd|1\n|faint|p2a: Murkrow\n|\n|-weather|none\n|-end|p1b: Great Tusk|Protosynthesis\n|upkeep\n|\n|t:|1683170290\n|switch|p1a: Kingambit|Kingambit, L50, F, shiny|100\/100\n|switch|p2a: Roaring Moon|Roaring Moon, L50|100\/100\n|-enditem|p2a: Roaring Moon|Booster Energy\n|-activate|p2a: Roaring Moon|ability: Protosynthesis|[fromitem]\n|-start|p2a: Roaring Moon|protosynthesisatk\n|turn|6\n|\n|t:|1683170311\n|move|p1a: Kingambit|Sucker Punch|p2b: Annihilape\n|-damage|p2b: Annihilape|0 fnt\n|faint|p2b: Annihilape\n|move|p2a: Roaring Moon|Acrobatics|p1b: Great Tusk\n|-supereffective|p1b: Great Tusk\n|-damage|p1b: Great Tusk|0 fnt\n|faint|p1b: Great Tusk\n|-end|p1b: Great Tusk|Protosynthesis|[silent]\n|\n|upkeep\n|\n|t:|1683170320\n|switch|p1b: Torkoal|Torkoal, L50, F, shiny|80\/100\n|-weather|SunnyDay|[from] ability: Drought|[of] p1b: Torkoal\n|turn|7\n|\n|t:|1683170355\n|move|p2a: Roaring Moon|Acrobatics|p1a: Kingambit\n|-resisted|p1a: Kingambit\n|-damage|p1a: Kingambit|83\/100\n|move|p1a: Kingambit|Iron Head|p2a: Roaring Moon\n|-damage|p2a: Roaring Moon|42\/100\n|move|p1b: Torkoal|Flamethrower|p2a: Roaring Moon\n|-resisted|p2a: Roaring Moon\n|-damage|p2a: Roaring Moon|9\/100\n|\n|-weather|SunnyDay|[upkeep]\n|upkeep\n|turn|8\n|\n|t:|1683170367\n|move|p1a: Kingambit|Sucker Punch|p2a: Roaring Moon\n|-resisted|p2a: Roaring Moon\n|-damage|p2a: Roaring Moon|0 fnt\n|faint|p2a: Roaring Moon\n|-end|p2a: Roaring Moon|Protosynthesis|[silent]\n|\n|win|Katkip\n|raw|Katkip's rating: 1041 → 1071<\/strong> (+30 for winning)\n|raw|Gizball's rating: 1000 → 1000<\/strong> (+0 for losing)\n|l|\u2606Gizball\n","uploadtime":1683170375,"views":9,"p1id":"katkip","p2id":"gizball","formatid":"gen9vgc2023regulationc","rating":1000,"private":0,"password":""}