{"id":"gen9vgc2023regulationc-1854451903","p1":"Kehorie","p2":"NicoHaxVGC","format":"[Gen 9] VGC 2023 Regulation C","log":"|j|\u2606Kehorie\n|j|\u2606NicoHaxVGC\n|t:|1682812642\n|gametype|doubles\n|player|p1|Kehorie|caitlin|1326\n|player|p2|NicoHaxVGC|red|1365\n|teamsize|p1|6\n|teamsize|p2|6\n|gen|9\n|tier|[Gen 9] VGC 2023 Regulation C\n|rated|\n|rule|Species Clause: Limit one of each Pok\u00e9mon\n|rule|Item Clause: Limit one of each item\n|clearpoke\n|poke|p1|Breloom, L50, F|\n|poke|p1|Flutter Mane, L50|\n|poke|p1|Chi-Yu, L50|\n|poke|p1|Iron Bundle, L50|\n|poke|p1|Gyarados, L50, M|\n|poke|p1|Grimmsnarl, L50, M|\n|poke|p2|Corviknight, L50, F|\n|poke|p2|Ting-Lu, L50|\n|poke|p2|Annihilape, L50, M|\n|poke|p2|Iron Bundle, L50|\n|poke|p2|Flutter Mane, L50|\n|poke|p2|Maushold, L50|\n|teampreview|4\n|inactive|Battle timer is ON: inactive players will automatically lose when time's up. (requested by NicoHaxVGC)\n|inactive|NicoHaxVGC has 60 seconds left.\n|\n|t:|1682812690\n|start\n|switch|p1a: Moogle|Iron Bundle, L50|100\/100\n|switch|p1b: Calofisteri|Grimmsnarl, L50, M|100\/100\n|switch|p2a: Star fire|Flutter Mane, L50|100\/100\n|switch|p2b: Cyborg|Iron Bundle, L50|100\/100\n|-enditem|p1a: Moogle|Booster Energy\n|-activate|p1a: Moogle|ability: Quark Drive|[fromitem]\n|-start|p1a: Moogle|quarkdrivespe\n|-enditem|p2b: Cyborg|Booster Energy\n|-activate|p2b: Cyborg|ability: Quark Drive|[fromitem]\n|-start|p2b: Cyborg|quarkdrivespe\n|turn|1\n|\n|t:|1682812720\n|move|p1b: Calofisteri|Fake Out|p2b: Cyborg\n|-damage|p2b: Cyborg|88\/100\n|move|p1a: Moogle|Icy Wind|p2a: Star fire|[spread] p2a,p2b\n|-resisted|p2b: Cyborg\n|-damage|p2a: Star fire|82\/100\n|-damage|p2b: Cyborg|80\/100\n|-unboost|p2a: Star fire|spe|1\n|-unboost|p2b: Cyborg|spe|1\n|cant|p2b: Cyborg|flinch\n|move|p2a: Star fire|Dazzling Gleam|p1a: Moogle|[spread] p1a,p1b\n|-supereffective|p1b: Calofisteri\n|-damage|p1a: Moogle|17\/100\n|-damage|p1b: Calofisteri|7\/100\n|\n|upkeep\n|turn|2\n|inactive|Kehorie has 30 seconds left.\n|\n|t:|1682812746\n|-end|p2b: Cyborg|Quark Drive|[silent]\n|switch|p2b: Raven|Corviknight, L50, F|100\/100\n|move|p1a: Moogle|Protect|p1a: Moogle\n|-singleturn|p1a: Moogle|Protect\n|move|p1b: Calofisteri|Light Screen|p1b: Calofisteri\n|-sidestart|p1: Kehorie|move: Light Screen\n|move|p2a: Star fire|Dazzling Gleam|p1a: Moogle|[spread] p1b\n|-activate|p1a: Moogle|move: Protect\n|-supereffective|p1b: Calofisteri\n|-damage|p1b: Calofisteri|0 fnt\n|faint|p1b: Calofisteri\n|\n|upkeep\n|\n|t:|1682812754\n|switch|p1b: Lamia|Chi-Yu, L50|100\/100\n|-ability|p1b: Lamia|Beads of Ruin\n|turn|3\n|\n|t:|1682812772\n|-end|p2a: Star fire|Protosynthesis|[silent]\n|switch|p2a: Beast boy|Ting-Lu, L50|100\/100\n|-ability|p2a: Beast boy|Vessel of Ruin\n|-terastallize|p2b: Raven|Fire\n|move|p1a: Moogle|Freeze-Dry|p2a: Beast boy\n|-supereffective|p2a: Beast boy\n|-damage|p2a: Beast boy|65\/100\n|move|p1b: Lamia|Heat Wave|p2b: Raven|[spread] p2a,p2b\n|-resisted|p2b: Raven\n|-damage|p2a: Beast boy|37\/100\n|-damage|p2b: Raven|73\/100\n|move|p2b: Raven|Tailwind|p2b: Raven\n|-sidestart|p2: NicoHaxVGC|move: Tailwind\n|\n|upkeep\n|turn|4\n|\n|t:|1682812796\n|move|p1a: Moogle|Hydro Pump|p2b: Raven\n|-supereffective|p2b: Raven\n|-damage|p2b: Raven|0 fnt\n|faint|p2b: Raven\n|move|p2a: Beast boy|Stone Edge|p1b: Lamia\n|-supereffective|p1b: Lamia\n|-damage|p1b: Lamia|21\/100\n|move|p1b: Lamia|Heat Wave|p2a: Beast boy\n|-damage|p2a: Beast boy|0 fnt\n|faint|p2a: Beast boy\n|\n|upkeep\n|\n|t:|1682812804\n|switch|p2b: Cyborg|Iron Bundle, L50|80\/100\n|switch|p2a: Star fire|Flutter Mane, L50|82\/100\n|turn|5\n|\n|t:|1682812814\n|move|p1a: Moogle|Protect|p1a: Moogle\n|-singleturn|p1a: Moogle|Protect\n|move|p2b: Cyborg|Icy Wind|p1b: Lamia|[spread] p1b\n|-activate|p1a: Moogle|move: Protect\n|-resisted|p1b: Lamia\n|-damage|p1b: Lamia|14\/100\n|-unboost|p1b: Lamia|spe|1\n|move|p2a: Star fire|Dazzling Gleam|p1b: Lamia|[spread] p1b\n|-activate|p1a: Moogle|move: Protect\n|-damage|p1b: Lamia|0 fnt\n|faint|p1b: Lamia\n|\n|upkeep\n|\n|t:|1682812824\n|switch|p1b: Ursula|Breloom, L50, F, shiny|100\/100\n|turn|6\n|\n|t:|1682812834\n|-terastallize|p1b: Ursula|Steel\n|move|p2b: Cyborg|Protect|p2b: Cyborg\n|-singleturn|p2b: Cyborg|Protect\n|move|p1a: Moogle|Protect|p1a: Moogle\n|-singleturn|p1a: Moogle|Protect\n|move|p2a: Star fire|Dazzling Gleam|p1b: Ursula|[spread] p1b\n|-activate|p1a: Moogle|move: Protect\n|-resisted|p1b: Ursula\n|-damage|p1b: Ursula|78\/100\n|move|p1b: Ursula|Bullet Seed|p2a: Star fire\n|-damage|p2a: Star fire|56\/100\n|-damage|p2a: Star fire|28\/100\n|-damage|p2a: Star fire|2\/100\n|-damage|p2a: Star fire|0 fnt\n|faint|p2a: Star fire\n|-end|p2a: Star fire|Protosynthesis|[silent]\n|-hitcount|p2: Star fire|4\n|\n|-sideend|p2: NicoHaxVGC|move: Tailwind\n|upkeep\n|turn|7\n|\n|t:|1682812851\n|move|p1b: Ursula|Mach Punch|p2b: Cyborg\n|-supereffective|p2b: Cyborg\n|-damage|p2b: Cyborg|19\/100\n|move|p1a: Moogle|Freeze-Dry|p2b: Cyborg\n|-damage|p2b: Cyborg|0 fnt\n|faint|p2b: Cyborg\n|-end|p2b: Cyborg|Quark Drive|[silent]\n|\n|win|Kehorie\n|raw|Kehorie's rating: 1326 → 1348<\/strong> (+22 for winning)\n|raw|NicoHaxVGC's rating: 1365 → 1343<\/strong> (-22 for losing)\n|c|\u2606NicoHaxVGC|GG\n","uploadtime":1682812857,"views":19,"p1id":"kehorie","p2id":"nicohaxvgc","formatid":"gen9vgc2023regulationc","rating":1343,"private":0,"password":""}