{"id":"gen9vgc2023regulationc-1857341656","p1":"titam113","p2":"marioman6444","format":"[Gen 9] VGC 2023 Regulation C","log":"|j|\u2606titam113\n|j|\u2606marioman6444\n|t:|1683176388\n|gametype|doubles\n|player|p1|titam113|red|1169\n|player|p2|marioman6444|hoopster|1224\n|teamsize|p1|6\n|teamsize|p2|6\n|gen|9\n|tier|[Gen 9] VGC 2023 Regulation C\n|rated|\n|rule|Species Clause: Limit one of each Pok\u00e9mon\n|rule|Item Clause: Limit one of each item\n|clearpoke\n|poke|p1|Pelipper, L50, F|\n|poke|p1|Scizor, L50, M|\n|poke|p1|Palafin, L50, F|\n|poke|p1|Amoonguss, L50, F|\n|poke|p1|Flutter Mane, L50|\n|poke|p1|Hydreigon, L50, M|\n|poke|p2|Chi-Yu, L50|\n|poke|p2|Iron Hands, L50|\n|poke|p2|Gyarados, L50, M|\n|poke|p2|Grimmsnarl, L50, M|\n|poke|p2|Flutter Mane, L50|\n|poke|p2|Maushold, L50|\n|teampreview|4\n|inactive|Battle timer is ON: inactive players will automatically lose when time's up. (requested by marioman6444)\n|inactive|marioman6444 has 60 seconds left.\n|\n|t:|1683176436\n|start\n|switch|p1a: Pelipper|Pelipper, L50, F, shiny|100\/100\n|switch|p1b: Palafin|Palafin, L50, F|100\/100\n|switch|p2a: Chi-Yu|Chi-Yu, L50|100\/100\n|switch|p2b: THE RATS|Maushold, L50, shiny|100\/100\n|-ability|p2a: Chi-Yu|Beads of Ruin\n|-weather|RainDance|[from] ability: Drizzle|[of] p1a: Pelipper\n|turn|1\n|\n|t:|1683176461\n|move|p1b: Palafin|Protect|p1b: Palafin\n|-singleturn|p1b: Palafin|Protect\n|move|p2b: THE RATS|Follow Me|p2b: THE RATS\n|-singleturn|p2b: THE RATS|move: Follow Me\n|move|p2a: Chi-Yu|Dark Pulse|p1a: Pelipper\n|-damage|p1a: Pelipper|35\/100\n|-damage|p2a: Chi-Yu|91\/100|[from] item: Life Orb\n|move|p1a: Pelipper|Surf|p2b: THE RATS|[spread] p2a,p2b\n|-activate|p1b: Palafin|move: Protect\n|-supereffective|p2a: Chi-Yu\n|-damage|p2a: Chi-Yu|42\/100\n|-damage|p2b: THE RATS|47\/100\n|\n|-weather|RainDance|[upkeep]\n|upkeep\n|turn|2\n|inactive|titam113 has 30 seconds left.\n|inactive|marioman6444 has 30 seconds left.\n|\n|t:|1683176493\n|detailschange|p1b: Palafin|Palafin-Hero, L50, F\n|switch|p1b: Hydreigon|Hydreigon, L50, M|100\/100\n|-terastallize|p2a: Chi-Yu|Grass\n|move|p2b: THE RATS|Follow Me|p2b: THE RATS\n|-singleturn|p2b: THE RATS|move: Follow Me\n|move|p2a: Chi-Yu|Nasty Plot|p2a: Chi-Yu\n|-boost|p2a: Chi-Yu|spa|2\n|move|p1a: Pelipper|Surf|p2a: Chi-Yu|[spread] p1b,p2a,p2b\n|-resisted|p1b: Hydreigon\n|-resisted|p2a: Chi-Yu\n|-damage|p1b: Hydreigon|75\/100\n|-damage|p2a: Chi-Yu|30\/100\n|-damage|p2b: THE RATS|0 fnt\n|faint|p2b: THE RATS\n|\n|-weather|RainDance|[upkeep]\n|upkeep\n|\n|t:|1683176498\n|switch|p2b: Iron Hands|Iron Hands, L50|100\/100\n|turn|3\n|inactive|titam113 has 30 seconds left.\n|inactive|titam113 has 20 seconds left.\n|inactive|titam113 has 15 seconds left.\n|inactive|titam113 has 10 seconds left.\n|\n|t:|1683176545\n|move|p2b: Iron Hands|Fake Out|p1b: Hydreigon\n|-damage|p1b: Hydreigon|57\/100\n|cant|p1b: Hydreigon|flinch\n|move|p2a: Chi-Yu|Heat Wave|p1b: Hydreigon|[spread] p1b\n|-miss|p2a: Chi-Yu|p1a: Pelipper\n|-resisted|p1b: Hydreigon\n|-damage|p1b: Hydreigon|20\/100\n|-damage|p2a: Chi-Yu|20\/100|[from] item: Life Orb\n|move|p1a: Pelipper|Hurricane|p2b: Iron Hands\n|-damage|p2b: Iron Hands|78\/100\n|\n|-weather|RainDance|[upkeep]\n|upkeep\n|turn|4\n|inactive|titam113 has 30 seconds left.\n|inactive|marioman6444 has 30 seconds left.\n|inactive|marioman6444 has 20 seconds left.\n|inactive|marioman6444 has 15 seconds left.\n|\n|t:|1683176589\n|switch|p1a: Palafin|Palafin-Hero, L50, F|100\/100\n|-activate|p1a: Palafin|ability: Zero to Hero\n|move|p1b: Hydreigon|Dark Pulse|p2a: Chi-Yu\n|-damage|p2a: Chi-Yu|0 fnt\n|faint|p2a: Chi-Yu\n|move|p2b: Iron Hands|Wild Charge|p1a: Palafin\n|-supereffective|p1a: Palafin\n|-damage|p1a: Palafin|18\/100\n|-damage|p2b: Iron Hands|61\/100|[from] Recoil\n|\n|-weather|RainDance|[upkeep]\n|upkeep\n|\n|t:|1683176599\n|switch|p2a: GyaraDON'T|Gyarados, L50, M, shiny|100\/100\n|-ability|p2a: GyaraDON'T|Intimidate|boost\n|-unboost|p1a: Palafin|atk|1\n|-unboost|p1b: Hydreigon|atk|1\n|turn|5\n|inactive|titam113 has 30 seconds left.\n|inactive|titam113 has 20 seconds left.\n|\n|t:|1683176634\n|-terastallize|p1a: Palafin|Water\n|move|p1a: Palafin|Jet Punch|p2b: Iron Hands\n|-damage|p2b: Iron Hands|15\/100\n|move|p1b: Hydreigon|Dark Pulse|p2a: GyaraDON'T\n|-damage|p2a: GyaraDON'T|51\/100\n|move|p2a: GyaraDON'T|Icy Wind|p1a: Palafin|[spread] p1a,p1b\n|-resisted|p1a: Palafin\n|-supereffective|p1b: Hydreigon\n|-damage|p1a: Palafin|15\/100\n|-damage|p1b: Hydreigon|7\/100\n|-unboost|p1a: Palafin|spe|1\n|-unboost|p1b: Hydreigon|spe|1\n|move|p2b: Iron Hands|Drain Punch|p1a: Palafin\n|-damage|p1a: Palafin|0 fnt\n|-heal|p2b: Iron Hands|21\/100|[from] drain|[of] p1a: Palafin\n|faint|p1a: Palafin\n|\n|-weather|RainDance|[upkeep]\n|upkeep\n|\n|t:|1683176651\n|switch|p1a: Scizor|Scizor, L50, M|100\/100\n|turn|6\n|\n|t:|1683176666\n|move|p1a: Scizor|Bullet Punch|p2b: Iron Hands\n|-resisted|p2b: Iron Hands\n|-damage|p2b: Iron Hands|3\/100\n|move|p2a: GyaraDON'T|Icy Wind|p1b: Hydreigon|[spread] p1a,p1b\n|-resisted|p1a: Scizor\n|-supereffective|p1b: Hydreigon\n|-damage|p1a: Scizor|97\/100\n|-damage|p1b: Hydreigon|0 fnt\n|-unboost|p1a: Scizor|spe|1\n|faint|p1b: Hydreigon\n|move|p2b: Iron Hands|Drain Punch|p1a: Scizor\n|-damage|p1a: Scizor|55\/100\n|-heal|p2b: Iron Hands|18\/100|[from] drain|[of] p1a: Scizor\n|\n|-weather|RainDance|[upkeep]\n|upkeep\n|\n|t:|1683176679\n|switch|p1b: Pelipper|Pelipper, L50, F, shiny|35\/100\n|turn|7\n|\n|t:|1683176696\n|move|p1a: Scizor|Bullet Punch|p2b: Iron Hands\n|-resisted|p2b: Iron Hands\n|-damage|p2b: Iron Hands|1\/100\n|move|p2a: GyaraDON'T|Icy Wind|p1b: Pelipper|[spread] p1a,p1b\n|-resisted|p1a: Scizor\n|-damage|p1a: Scizor|51\/100\n|-damage|p1b: Pelipper|29\/100\n|-unboost|p1a: Scizor|spe|1\n|-unboost|p1b: Pelipper|spe|1\n|move|p2b: Iron Hands|Wild Charge|p1b: Pelipper\n|-supereffective|p1b: Pelipper\n|-damage|p1b: Pelipper|0 fnt\n|faint|p1b: Pelipper\n|-damage|p2b: Iron Hands|0 fnt|[from] Recoil\n|faint|p2b: Iron Hands\n|-end|p2b: Iron Hands|Quark Drive|[silent]\n|\n|-weather|RainDance|[upkeep]\n|upkeep\n|turn|8\n|\n|t:|1683176713\n|move|p1a: Scizor|Bullet Punch|p2a: GyaraDON'T\n|-resisted|p2a: GyaraDON'T\n|-damage|p2a: GyaraDON'T|23\/100\n|-enditem|p2a: GyaraDON'T|Sitrus Berry|[eat]\n|-heal|p2a: GyaraDON'T|48\/100|[from] item: Sitrus Berry\n|move|p2a: GyaraDON'T|Waterfall|p1a: Scizor\n|-damage|p1a: Scizor|0 fnt\n|faint|p1a: Scizor\n|\n|win|marioman6444\n|raw|titam113's rating: 1169 → 1148<\/strong> (-21 for losing)\n|raw|marioman6444's rating: 1224 → 1245<\/strong> (+21 for winning)\n|c|\u2606marioman6444|Gg!\n|l|\u2606titam113\n","uploadtime":1683176726,"views":5,"p1id":"titam113","p2id":"marioman6444","formatid":"gen9vgc2023regulationc","rating":1148,"private":0,"password":""}