{"id":"gen9vgc2023regulationc-1863499205","p1":"jv0071","p2":"UltimoRyu","format":"[Gen 9] VGC 2023 Regulation C","log":"|j|\u2606jv0071\n|j|\u2606UltimoRyu\n|t:|1684025723\n|gametype|doubles\n|player|p1|jv0071|266|1185\n|player|p2|UltimoRyu|turo-ai|1252\n|teamsize|p1|6\n|teamsize|p2|6\n|gen|9\n|tier|[Gen 9] VGC 2023 Regulation C\n|rated|\n|rule|Species Clause: Limit one of each Pok\u00e9mon\n|rule|Item Clause: Limit one of each item\n|clearpoke\n|poke|p1|Torkoal, L50, F|\n|poke|p1|Tyranitar, L50, F|\n|poke|p1|Great Tusk, L50|\n|poke|p1|Jumpluff, L50, F|\n|poke|p1|Flutter Mane, L50|\n|poke|p1|Farigiraf, L50, F|\n|poke|p2|Abomasnow, L50, M|\n|poke|p2|Iron Bundle, L50|\n|poke|p2|Azumarill, L50, F|\n|poke|p2|Maushold, L50|\n|poke|p2|Gholdengo, L50|\n|poke|p2|Murkrow, L50, M|\n|teampreview|4\n|inactive|Battle timer is ON: inactive players will automatically lose when time's up. (requested by jv0071)\n|inactive|UltimoRyu has 60 seconds left.\n|\n|t:|1684025792\n|start\n|switch|p1a: Great Tusk|Great Tusk, L50, shiny|100\/100\n|switch|p1b: Farigiraf|Farigiraf, L50, F, shiny|100\/100\n|switch|p2a: Iron Bundle|Iron Bundle, L50|100\/100\n|switch|p2b: Maushold|Maushold, L50|100\/100\n|-enditem|p2a: Iron Bundle|Booster Energy\n|-activate|p2a: Iron Bundle|ability: Quark Drive|[fromitem]\n|-start|p2a: Iron Bundle|quarkdrivespe\n|turn|1\n|\n|t:|1684025814\n|switch|p2b: Abomasnow|Abomasnow, L50, M|100\/100\n|-weather|Snow|[from] ability: Snow Warning|[of] p2b: Abomasnow\n|-end|p1a: Great Tusk|Protosynthesis|[silent]\n|switch|p1a: Torkoal|Torkoal, L50, F, shiny|100\/100\n|-weather|SunnyDay|[from] ability: Drought|[of] p1a: Torkoal\n|move|p2a: Iron Bundle|Aurora Veil||[still]\n|-fail|p2a: Iron Bundle\n|move|p1b: Farigiraf|Trick Room|p1b: Farigiraf\n|-fieldstart|move: Trick Room|[of] p1b: Farigiraf\n|\n|-weather|SunnyDay|[upkeep]\n|upkeep\n|turn|2\n|inactive|UltimoRyu has 30 seconds left.\n|\n|t:|1684025848\n|-end|p2a: Iron Bundle|Quark Drive|[silent]\n|switch|p2a: Maushold|Maushold, L50|100\/100\n|-terastallize|p2b: Abomasnow|Water\n|move|p1a: Torkoal|Overheat|p2b: Abomasnow\n|-resisted|p2b: Abomasnow\n|-damage|p2b: Abomasnow|77\/100\n|-unboost|p1a: Torkoal|spa|2\n|-enditem|p1a: Torkoal|Eject Pack\n|\n|t:|1684025860\n|switch|p1a: Tyranitar|Tyranitar, L50, F, shiny|100\/100\n|-weather|Sandstorm|[from] ability: Sand Stream|[of] p1a: Tyranitar\n|move|p1b: Farigiraf|Psychic Fangs|p2b: Abomasnow\n|-damage|p2b: Abomasnow|51\/100\n|move|p2b: Abomasnow|Tera Blast|p1a: Tyranitar\n|-supereffective|p1a: Tyranitar\n|-damage|p1a: Tyranitar|61\/100\n|-damage|p2b: Abomasnow|42\/100|[from] item: Life Orb\n|\n|-weather|Sandstorm|[upkeep]\n|-damage|p1b: Farigiraf|94\/100|[from] Sandstorm\n|-damage|p2b: Abomasnow|36\/100|[from] Sandstorm\n|upkeep\n|turn|3\n|\n|t:|1684025881\n|switch|p2b: Azumarill|Azumarill, L50, F|100\/100\n|move|p1b: Farigiraf|Helping Hand|p1a: Tyranitar\n|-singleturn|p1a: Tyranitar|Helping Hand|[of] p1b: Farigiraf\n|move|p2a: Maushold|Follow Me|p2a: Maushold\n|-singleturn|p2a: Maushold|move: Follow Me\n|move|p1a: Tyranitar|Rock Slide|p2a: Maushold|[spread] p2a,p2b\n|-damage|p2a: Maushold|37\/100\n|-damage|p2b: Azumarill|62\/100\n|\n|-weather|Sandstorm|[upkeep]\n|-damage|p1b: Farigiraf|88\/100|[from] Sandstorm\n|-damage|p2b: Azumarill|57\/100|[from] Sandstorm\n|upkeep\n|turn|4\n|\n|t:|1684025906\n|move|p1b: Farigiraf|Helping Hand|p1a: Tyranitar\n|-singleturn|p1a: Tyranitar|Helping Hand|[of] p1b: Farigiraf\n|move|p2a: Maushold|Follow Me|p2a: Maushold\n|-singleturn|p2a: Maushold|move: Follow Me\n|move|p1a: Tyranitar|Heavy Slam|p2a: Maushold\n|-damage|p2a: Maushold|0 fnt\n|faint|p2a: Maushold\n|move|p2b: Azumarill|Play Rough|p1a: Tyranitar\n|-supereffective|p1a: Tyranitar\n|-damage|p1a: Tyranitar|0 fnt\n|faint|p1a: Tyranitar\n|\n|-weather|Sandstorm|[upkeep]\n|-damage|p1b: Farigiraf|82\/100|[from] Sandstorm\n|-damage|p2b: Azumarill|51\/100|[from] Sandstorm\n|upkeep\n|\n|t:|1684025924\n|switch|p1a: Torkoal|Torkoal, L50, F, shiny|100\/100\n|switch|p2a: Iron Bundle|Iron Bundle, L50|100\/100\n|-weather|SunnyDay|[from] ability: Drought|[of] p1a: Torkoal\n|turn|5\n|\n|t:|1684025937\n|switch|p2b: Abomasnow|Abomasnow, L50, M, tera:Water|36\/100\n|-weather|Snow|[from] ability: Snow Warning|[of] p2b: Abomasnow\n|move|p1b: Farigiraf|Ally Switch|p1b: Farigiraf\n|swap|p1b: Farigiraf|0|[from] move: Ally Switch\n|move|p1b: Torkoal|Will-O-Wisp|p2b: Abomasnow\n|-status|p2b: Abomasnow|brn\n|move|p2a: Iron Bundle|Aurora Veil|p2a: Iron Bundle\n|-sidestart|p2: UltimoRyu|move: Aurora Veil\n|\n|-weather|Snow|[upkeep]\n|-damage|p2b: Abomasnow|30\/100 brn|[from] brn\n|-fieldend|move: Trick Room\n|upkeep\n|turn|6\n|inactive|UltimoRyu has 30 seconds left.\n|inactive|jv0071 has 30 seconds left.\n|\n|t:|1684025973\n|move|p2a: Iron Bundle|Hydro Pump|p1b: Torkoal\n|-supereffective|p1b: Torkoal\n|-damage|p1b: Torkoal|0 fnt\n|faint|p1b: Torkoal\n|move|p2b: Abomasnow|Tera Blast|p1a: Farigiraf\n|-damage|p1a: Farigiraf|47\/100\n|-enditem|p1a: Farigiraf|Sitrus Berry|[eat]\n|-heal|p1a: Farigiraf|72\/100|[from] item: Sitrus Berry\n|-damage|p2b: Abomasnow|21\/100 brn|[from] item: Life Orb\n|move|p1a: Farigiraf|Psychic Fangs|p2b: Abomasnow\n|-sideend|p2: UltimoRyu|move: Aurora Veil\n|-damage|p2b: Abomasnow|0 fnt\n|faint|p2b: Abomasnow\n|\n|-weather|Snow|[upkeep]\n|upkeep\n|-message|jv0071 forfeited.\n|\n|win|UltimoRyu\n|raw|jv0071's rating: 1185 → 1165<\/strong> (-20 for losing)\n|raw|UltimoRyu's rating: 1252 → 1272<\/strong> (+20 for winning)\n|l|\u2606jv0071\n","uploadtime":1684025981,"views":11,"p1id":"jv0071","p2id":"ultimoryu","formatid":"gen9vgc2023regulationc","rating":1165,"private":0,"password":""}