{"id":"gen9vgc2023regulationc-1855386679","p1":"Itry2bfunny","p2":"Ab0ve5029","format":"[Gen 9] VGC 2023 Regulation C","log":"|j|\u2606Itry2bfunny\n|j|\u2606Ab0ve5029\n|t:|1682946158\n|gametype|doubles\n|player|p1|Itry2bfunny|169|\n|player|p2|Ab0ve5029|n|\n|teamsize|p1|6\n|teamsize|p2|6\n|gen|9\n|tier|[Gen 9] VGC 2023 Regulation C\n|rated|Tournament battle\n|rule|Species Clause: Limit one of each Pok\u00e9mon\n|rule|Item Clause: Limit one of each item\n|clearpoke\n|poke|p1|Gholdengo, L50|\n|poke|p1|Maushold-Four, L50|\n|poke|p1|Iron Bundle, L50|\n|poke|p1|Palafin, L50, M|\n|poke|p1|Ditto, L50|\n|poke|p1|Corviknight, L50, M|\n|poke|p2|Chi-Yu, L50|\n|poke|p2|Gholdengo, L50|\n|poke|p2|Iron Bundle, L50|\n|poke|p2|Flutter Mane, L50|\n|poke|p2|Iron Hands, L50|\n|poke|p2|Abomasnow, L50, F|\n|teampreview|4\n|raw| Open Team Sheet for Itry2bfunny<\/summary>Gholdengo @ Leftovers Ability: Good as Gold Level: 50 Tera Type: Water - Make It Rain - Shadow Ball - Nasty Plot - Protect Maushold (Maushold-Four) @ Sitrus Berry Ability: Friend Guard Level: 50 Tera Type: Ghost - Follow Me - Super Fang - Feint - Protect Iron Bundle @ Booster Energy Ability: Quark Drive Level: 50 Tera Type: Ice - Icy Wind - Freeze-Dry - Hydro Pump - Protect Palafin @ Mystic Water Ability: Zero to Hero Level: 50 Tera Type: Water - Wave Crash - Jet Punch - Ice Punch - Protect Ditto @ Focus Sash Ability: Imposter Level: 50 Tera Type: Steel - Transform Corviknight @ Aguav Berry Ability: Mirror Armor Level: 50 Tera Type: Dragon - Iron Head - Roost - Tailwind - Brave Bird <\/details><\/div> Open Team Sheet for Ab0ve5029<\/summary>Chi-Yu @ Focus Sash Ability: Beads of Ruin Level: 50 Tera Type: Ghost - Heat Wave - Dark Pulse - Taunt - Protect Gholdengo @ Leftovers Ability: Good as Gold Level: 50 Tera Type: Water - Shadow Ball - Make It Rain - Nasty Plot - Protect Iron Bundle @ Assault Vest Ability: Quark Drive Level: 50 Tera Type: Ice - Hydro Pump - Blizzard - Icy Wind - Freeze-Dry Flutter Mane @ Booster Energy Ability: Protosynthesis Level: 50 Tera Type: Fairy - Shadow Ball - Moonblast - Dazzling Gleam - Protect Iron Hands @ Safety Goggles Ability: Quark Drive Level: 50 Tera Type: Fire - Wild Charge - Drain Punch - Fake Out - Swords Dance Abomasnow @ Sitrus Berry Ability: Snow Warning Level: 50 Tera Type: Water - Blizzard - Energy Ball - Aurora Veil - Protect <\/details><\/div>\n|j|%Bright Size\n|c|\u2606Ab0ve5029|glhf\n|inactive|Battle timer is ON: inactive players will automatically lose when time's up. (requested by Itry2bfunny)\n|j| esotilin123456\n|\n|t:|1682946188\n|start\n|switch|p1a: Gholdengo|Gholdengo, L50|100\/100\n|switch|p1b: Maushold|Maushold-Four, L50|100\/100\n|switch|p2a: Iron Bundle|Iron Bundle, L50|100\/100\n|switch|p2b: Abomasnow|Abomasnow, L50, F|100\/100\n|-weather|Snow|[from] ability: Snow Warning|[of] p2b: Abomasnow\n|turn|1\n|\n|t:|1682946205\n|-terastallize|p2b: Abomasnow|Water\n|move|p2a: Iron Bundle|Blizzard|p1a: Gholdengo|[spread] p1a,p1b\n|-resisted|p1a: Gholdengo\n|-damage|p1a: Gholdengo|86\/100\n|-damage|p1b: Maushold|62\/100\n|move|p1b: Maushold|Super Fang|p2b: Abomasnow\n|-damage|p2b: Abomasnow|51\/100\n|move|p1a: Gholdengo|Nasty Plot|p1a: Gholdengo\n|-boost|p1a: Gholdengo|spa|2\n|move|p2b: Abomasnow|Aurora Veil|p2b: Abomasnow\n|-sidestart|p2: Ab0ve5029|move: Aurora Veil\n|\n|-weather|Snow|[upkeep]\n|-heal|p1a: Gholdengo|92\/100|[from] item: Leftovers\n|upkeep\n|turn|2\n|\n|t:|1682946221\n|move|p2a: Iron Bundle|Hydro Pump|p1a: Gholdengo\n|-damage|p1a: Gholdengo|57\/100\n|move|p1b: Maushold|Super Fang|p2b: Abomasnow\n|-damage|p2b: Abomasnow|26\/100\n|-enditem|p2b: Abomasnow|Sitrus Berry|[eat]\n|-heal|p2b: Abomasnow|51\/100|[from] item: Sitrus Berry\n|move|p1a: Gholdengo|Nasty Plot|p1a: Gholdengo\n|-boost|p1a: Gholdengo|spa|2\n|move|p2b: Abomasnow|Blizzard|p1b: Maushold|[spread] p1a,p1b\n|-resisted|p1a: Gholdengo\n|-damage|p1a: Gholdengo|45\/100\n|-damage|p1b: Maushold|28\/100\n|-enditem|p1b: Maushold|Sitrus Berry|[eat]\n|-heal|p1b: Maushold|52\/100|[from] item: Sitrus Berry\n|\n|-weather|Snow|[upkeep]\n|-heal|p1a: Gholdengo|51\/100|[from] item: Leftovers\n|upkeep\n|turn|3\n|\n|t:|1682946239\n|move|p2a: Iron Bundle|Blizzard|p1a: Gholdengo|[spread] p1a,p1b\n|-resisted|p1a: Gholdengo\n|-damage|p1a: Gholdengo|36\/100\n|-damage|p1b: Maushold|13\/100\n|move|p1b: Maushold|Super Fang|p2a: Iron Bundle\n|-damage|p2a: Iron Bundle|51\/100\n|move|p1a: Gholdengo|Shadow Ball|p2b: Abomasnow\n|-damage|p2b: Abomasnow|0 fnt\n|faint|p2b: Abomasnow\n|\n|-weather|Snow|[upkeep]\n|-heal|p1a: Gholdengo|42\/100|[from] item: Leftovers\n|upkeep\n|\n|t:|1682946250\n|switch|p2b: Chi-Yu|Chi-Yu, L50|100\/100\n|-ability|p2b: Chi-Yu|Beads of Ruin\n|turn|4\n|\n|t:|1682946272\n|move|p1a: Gholdengo|Protect|p1a: Gholdengo\n|-singleturn|p1a: Gholdengo|Protect\n|move|p1b: Maushold|Feint|p2b: Chi-Yu\n|-damage|p2b: Chi-Yu|91\/100\n|move|p2a: Iron Bundle|Freeze-Dry|p1b: Maushold\n|-damage|p1b: Maushold|0 fnt\n|faint|p1b: Maushold\n|move|p2b: Chi-Yu|Dark Pulse|p1a: Gholdengo\n|-activate|p1a: Gholdengo|move: Protect\n|\n|-weather|Snow|[upkeep]\n|-heal|p1a: Gholdengo|48\/100|[from] item: Leftovers\n|upkeep\n|\n|t:|1682946283\n|switch|p1b: Iron Bundle|Iron Bundle, L50|100\/100\n|-enditem|p1b: Iron Bundle|Booster Energy\n|-activate|p1b: Iron Bundle|ability: Quark Drive|[fromitem]\n|-start|p1b: Iron Bundle|quarkdrivespe\n|turn|5\n|\n|t:|1682946302\n|move|p2b: Chi-Yu|Protect|p2b: Chi-Yu\n|-singleturn|p2b: Chi-Yu|Protect\n|move|p1b: Iron Bundle|Icy Wind|p2a: Iron Bundle|[spread] p2a\n|-activate|p2b: Chi-Yu|move: Protect\n|-resisted|p2a: Iron Bundle\n|-damage|p2a: Iron Bundle|46\/100\n|-unboost|p2a: Iron Bundle|spe|1\n|move|p2a: Iron Bundle|Icy Wind|p1b: Iron Bundle|[spread] p1b\n|-miss|p2a: Iron Bundle|p1a: Gholdengo\n|-resisted|p1b: Iron Bundle\n|-damage|p1b: Iron Bundle|88\/100\n|-unboost|p1b: Iron Bundle|spe|1\n|move|p1a: Gholdengo|Make It Rain|p2b: Chi-Yu|[spread] p2a\n|-activate|p2b: Chi-Yu|move: Protect\n|-damage|p2a: Iron Bundle|0 fnt\n|-unboost|p1a: Gholdengo|spa|1\n|faint|p2a: Iron Bundle\n|-end|p2a: Iron Bundle|Quark Drive|[silent]\n|\n|-weather|none\n|-heal|p1a: Gholdengo|55\/100|[from] item: Leftovers\n|-sideend|p2: Ab0ve5029|move: Aurora Veil\n|upkeep\n|\n|t:|1682946315\n|switch|p2a: Flutter Mane|Flutter Mane, L50|100\/100\n|-enditem|p2a: Flutter Mane|Booster Energy\n|-activate|p2a: Flutter Mane|ability: Protosynthesis|[fromitem]\n|-start|p2a: Flutter Mane|protosynthesisspa\n|turn|6\n|\n|t:|1682946323\n|move|p2a: Flutter Mane|Protect|p2a: Flutter Mane\n|-singleturn|p2a: Flutter Mane|Protect\n|move|p1a: Gholdengo|Protect|p1a: Gholdengo\n|-singleturn|p1a: Gholdengo|Protect\n|move|p1b: Iron Bundle|Icy Wind|p2b: Chi-Yu|[spread] p2b\n|-activate|p2a: Flutter Mane|move: Protect\n|-resisted|p2b: Chi-Yu\n|-damage|p2b: Chi-Yu|78\/100\n|-unboost|p2b: Chi-Yu|spe|1\n|move|p2b: Chi-Yu|Heat Wave|p1a: Gholdengo|[spread] p1b\n|-activate|p1a: Gholdengo|move: Protect\n|-crit|p1b: Iron Bundle\n|-damage|p1b: Iron Bundle|0 fnt\n|faint|p1b: Iron Bundle\n|-end|p1b: Iron Bundle|Quark Drive|[silent]\n|\n|-heal|p1a: Gholdengo|61\/100|[from] item: Leftovers\n|upkeep\n|\n|t:|1682946326\n|switch|p1b: Ditto|Ditto, L50|100\/100\n|-transform|p1b: Ditto|p2a: Flutter Mane|[from] ability: Imposter\n|turn|7\n|j| RoderickVE\n|\n|t:|1682946343\n|-terastallize|p1a: Gholdengo|Water\n|move|p2a: Flutter Mane|Shadow Ball|p1a: Gholdengo\n|-damage|p1a: Gholdengo|0 fnt\n|faint|p1a: Gholdengo\n|move|p1b: Ditto|Shadow Ball|p2a: Flutter Mane\n|-supereffective|p2a: Flutter Mane\n|-damage|p2a: Flutter Mane|0 fnt\n|faint|p2a: Flutter Mane\n|-end|p2a: Flutter Mane|Protosynthesis|[silent]\n|move|p2b: Chi-Yu|Heat Wave|p1b: Ditto\n|-crit|p1b: Ditto\n|-damage|p1b: Ditto|7\/100\n|\n|upkeep\n|turn|8\n|j| pokeveteran04\n|\n|t:|1682946358\n|move|p1b: Ditto|Protect|p1b: Ditto\n|-singleturn|p1b: Ditto|Protect\n|move|p2b: Chi-Yu|Dark Pulse|p1b: Ditto\n|-activate|p1b: Ditto|move: Protect\n|\n|upkeep\n|turn|9\n|\n|t:|1682946363\n|move|p1b: Ditto|Moonblast|p2b: Chi-Yu\n|-damage|p2b: Chi-Yu|17\/100\n|-unboost|p2b: Chi-Yu|spa|1\n|move|p2b: Chi-Yu|Dark Pulse|p1b: Ditto\n|-damage|p1b: Ditto|0 fnt\n|faint|p1b: Ditto\n|-end|p1b: Ditto|Protosynthesis|[silent]\n|\n|win|Ab0ve5029\n|n|\u2606Itry2bfunny|itry2bfunny\n|n|\u2606Ab0ve5029|ab0ve5029\n|n| Bright Size|brightsize\n|n| esotilin123456|esotilin123456\n|n| RoderickVE|roderickve\n|n| pokeveteran04|pokeveteran04\n","uploadtime":1682946364,"views":16,"p1id":"itry2bfunny","p2id":"ab0ve5029","formatid":"gen9vgc2023regulationc","rating":0,"private":0,"password":""}