{"id":"gen9vgc2023regulationc-1847445297","p1":"They34","p2":"SpadesHS","format":"[Gen 9] VGC 2023 Regulation C","log":"|j|\u2606They34\n|j|\u2606SpadesHS\n|t:|1681955978\n|gametype|doubles\n|player|p1|They34|ruinmaniac|1324\n|player|p2|SpadesHS|n|1388\n|teamsize|p1|6\n|teamsize|p2|6\n|gen|9\n|tier|[Gen 9] VGC 2023 Regulation C\n|rated|\n|rule|Species Clause: Limit one of each Pok\u00e9mon\n|rule|Item Clause: Limit one of each item\n|clearpoke\n|poke|p1|Chien-Pao, L50|\n|poke|p1|Dragonite, L50, F|\n|poke|p1|Bronzong, L50|\n|poke|p1|Flutter Mane, L50|\n|poke|p1|Amoonguss, L50, M|\n|poke|p1|Iron Hands, L50|\n|poke|p2|Ting-Lu, L50|\n|poke|p2|Amoonguss, L50, M|\n|poke|p2|Palafin, L50, F|\n|poke|p2|Arcanine, L50, M|\n|poke|p2|Flutter Mane, L50|\n|poke|p2|Kingambit, L50, F|\n|teampreview|4\nSpadesHS has agreed to open team sheets.\n|\n|t:|1681956026\n|start\n|switch|p1a: Bronzong|Bronzong, L50|100\/100\n|switch|p1b: Iron Hands|Iron Hands, L50|100\/100\n|switch|p2a: Magnus|Kingambit, L50, F|100\/100\n|switch|p2b: Fun Police|Arcanine, L50, M|100\/100\n|-ability|p2b: Fun Police|Intimidate|boost\n|-unboost|p1a: Bronzong|atk|1\n|-unboost|p1b: Iron Hands|atk|1\n|turn|1\n|\n|t:|1681956039\n|move|p1b: Iron Hands|Fake Out|p2a: Magnus\n|-resisted|p2a: Magnus\n|-damage|p2a: Magnus|97\/100\n|move|p2b: Fun Police|Will-O-Wisp|p1b: Iron Hands\n|-status|p1b: Iron Hands|brn\n|cant|p2a: Magnus|flinch\n|move|p1a: Bronzong|Trick Room|p1a: Bronzong\n|-fieldstart|move: Trick Room|[of] p1a: Bronzong\n|\n|-damage|p1b: Iron Hands|94\/100 brn|[from] brn\n|upkeep\n|turn|2\n|\n|t:|1681956058\n|-terastallize|p1a: Bronzong|Water\n|move|p2a: Magnus|Protect|p2a: Magnus\n|-singleturn|p2a: Magnus|Protect\n|move|p1a: Bronzong|Iron Defense|p1a: Bronzong\n|-boost|p1a: Bronzong|def|2\n|move|p1b: Iron Hands|Wild Charge|p2a: Magnus\n|-activate|p2a: Magnus|move: Protect\n|move|p2b: Fun Police|Howl|p2b: Fun Police|[spread] p2a,p2b\n|-boost|p2a: Magnus|atk|1\n|-boost|p2b: Fun Police|atk|1\n|\n|-damage|p1b: Iron Hands|88\/100 brn|[from] brn\n|upkeep\n|turn|3\n|\n|t:|1681956084\n|switch|p2b: Imposter|Amoonguss, L50, M|100\/100\n|-terastallize|p2a: Magnus|Dark\n|move|p1a: Bronzong|Body Press|p2a: Magnus\n|-supereffective|p2a: Magnus\n|-damage|p2a: Magnus|31\/100\n|move|p1b: Iron Hands|Wild Charge|p2a: Magnus\n|-damage|p2a: Magnus|18\/100\n|-damage|p1b: Iron Hands|85\/100 brn|[from] Recoil\n|move|p2a: Magnus|Kowtow Cleave|p1a: Bronzong\n|-damage|p1a: Bronzong|51\/100\n|\n|-heal|p1a: Bronzong|57\/100|[from] item: Leftovers\n|-damage|p1b: Iron Hands|79\/100 brn|[from] brn\n|upkeep\n|turn|4\n|\n|t:|1681956126\n|-end|p1b: Iron Hands|Quark Drive|[silent]\n|switch|p1b: Amoonguss|Amoonguss, L50, M|100\/100\n|move|p2a: Magnus|Protect|p2a: Magnus\n|-singleturn|p2a: Magnus|Protect\n|move|p2b: Imposter|Spore|p1a: Bronzong\n|-status|p1a: Bronzong|slp|[from] move: Spore\n|cant|p1a: Bronzong|slp\n|\n|-heal|p1a: Bronzong|63\/100 slp|[from] item: Leftovers\n|upkeep\n|turn|5\n|\n|t:|1681956163\n|move|p2b: Imposter|Pollen Puff|p2a: Magnus\n|-heal|p2a: Magnus|68\/100\n|move|p1b: Amoonguss|Spore|p2a: Magnus\n|-status|p2a: Magnus|slp|[from] move: Spore\n|-curestatus|p1a: Bronzong|slp|[msg]\n|move|p1a: Bronzong|Body Press|p2a: Magnus\n|-supereffective|p2a: Magnus\n|-damage|p2a: Magnus|7\/100 slp\n|cant|p2a: Magnus|slp\n|\n|-heal|p1a: Bronzong|68\/100|[from] item: Leftovers\n|-fieldend|move: Trick Room\n|upkeep\n|turn|6\n|\n|t:|1681956192\n|switch|p2a: Fun Police|Arcanine, L50, M|100\/100\n|-ability|p2a: Fun Police|Intimidate|boost\n|-unboost|p1a: Bronzong|atk|1\n|-unboost|p1b: Amoonguss|atk|1\n|move|p1a: Bronzong|Body Press|p2a: Fun Police\n|-damage|p2a: Fun Police|42\/100\n|move|p2b: Imposter|Spore|p1a: Bronzong\n|-status|p1a: Bronzong|slp|[from] move: Spore\n|move|p1b: Amoonguss|Pollen Puff|p1a: Bronzong\n|-heal|p1a: Bronzong|100\/100 slp\n|\n|upkeep\n|turn|7\n|\n|t:|1681956233\n|move|p2a: Fun Police|Flare Blitz|p1b: Amoonguss\n|-supereffective|p1b: Amoonguss\n|-damage|p1b: Amoonguss|0 fnt\n|faint|p1b: Amoonguss\n|-damage|p2a: Fun Police|0 fnt|[from] Recoil\n|faint|p2a: Fun Police\n|cant|p1a: Bronzong|slp\n|move|p2b: Imposter|Pollen Puff|p2: Fun Police|[notarget]\n|-fail|p2b: Imposter\n|\n|upkeep\n|\n|t:|1681956248\n|switch|p2a: Timeline|Flutter Mane, L50|100\/100\n|switch|p1b: Iron Hands|Iron Hands, L50|79\/100 brn\n|-enditem|p2a: Timeline|Booster Energy\n|-activate|p2a: Timeline|ability: Protosynthesis|[fromitem]\n|-start|p2a: Timeline|protosynthesisspa\n|turn|8\n|\n|t:|1681956263\n|move|p2a: Timeline|Moonblast|p1b: Iron Hands\n|-supereffective|p1b: Iron Hands\n|-damage|p1b: Iron Hands|17\/100 brn\n|move|p1b: Iron Hands|Wild Charge|p2a: Timeline\n|-damage|p2a: Timeline|67\/100\n|-damage|p1b: Iron Hands|11\/100 brn|[from] Recoil\n|-curestatus|p1a: Bronzong|slp|[msg]\n|move|p1a: Bronzong|Gyro Ball|p2a: Timeline\n|-supereffective|p2a: Timeline\n|-damage|p2a: Timeline|7\/100\n|move|p2b: Imposter|Clear Smog|p1a: Bronzong\n|-damage|p1a: Bronzong|88\/100\n|-clearboost|p1a: Bronzong\n|\n|-heal|p1a: Bronzong|94\/100|[from] item: Leftovers\n|-damage|p1b: Iron Hands|5\/100 brn|[from] brn\n|upkeep\n|turn|9\n|\n|t:|1681956290\n|move|p2b: Imposter|Rage Powder|p2b: Imposter\n|-singleturn|p2b: Imposter|move: Rage Powder\n|move|p2a: Timeline|Dazzling Gleam|p1a: Bronzong|[spread] p1a,p1b\n|-supereffective|p1b: Iron Hands\n|-damage|p1a: Bronzong|66\/100\n|-damage|p1b: Iron Hands|0 fnt\n|faint|p1b: Iron Hands\n|-end|p1b: Iron Hands|Quark Drive|[silent]\n|move|p1a: Bronzong|Gyro Ball|p2b: Imposter\n|-damage|p2b: Imposter|94\/100\n|\n|-heal|p1a: Bronzong|72\/100|[from] item: Leftovers\n|upkeep\n|\n|t:|1681956302\n|switch|p1b: Chien-Pao|Chien-Pao, L50|100\/100\n|-ability|p1b: Chien-Pao|Sword of Ruin\n|turn|10\n|\n|t:|1681956320\n|move|p2b: Imposter|Rage Powder|p2b: Imposter\n|-singleturn|p2b: Imposter|move: Rage Powder\n|move|p1b: Chien-Pao|Ice Spinner|p2b: Imposter\n|-supereffective|p2b: Imposter\n|-damage|p2b: Imposter|0 fnt\n|faint|p2b: Imposter\n|move|p2a: Timeline|Dazzling Gleam|p1a: Bronzong|[spread] p1a,p1b\n|-supereffective|p1b: Chien-Pao\n|-damage|p1a: Bronzong|44\/100\n|-enditem|p1b: Chien-Pao|Focus Sash\n|-damage|p1b: Chien-Pao|1\/100\n|move|p1a: Bronzong|Gyro Ball|p2a: Timeline\n|-supereffective|p2a: Timeline\n|-damage|p2a: Timeline|0 fnt\n|faint|p2a: Timeline\n|-end|p2a: Timeline|Protosynthesis|[silent]\n|\n|-heal|p1a: Bronzong|49\/100|[from] item: Leftovers\n|upkeep\n|\n|t:|1681956328\n|switch|p2b: Magnus|Kingambit, L50, F, tera:Dark|7\/100 slp\n|turn|11\n|-message|SpadesHS forfeited.\n|\n|win|They34\n|raw|They34's rating: 1324 → 1348<\/strong> (+24 for winning)\n|raw|SpadesHS's rating: 1388 → 1364<\/strong> (-24 for losing)\n|l|\u2606SpadesHS\n|l|\u2606They34\n|j|\u2606They34\n|player|p1|They34|ruinmaniac\n","uploadtime":1681956395,"views":8,"p1id":"they34","p2id":"spadeshs","formatid":"gen9vgc2023regulationc","rating":1348,"private":0,"password":""}