{"id":"gen9vgc2023regulationc-1851573823","p1":"jackiepeanuts","p2":"Auraen","format":"[Gen 9] VGC 2023 Regulation C","log":"|j|\u2606jackiepeanuts\n|j|\u2606Auraen\n|t:|1682457086\n|gametype|doubles\n|player|p1|jackiepeanuts|1|1421\n|player|p2|Auraen|flannery|1417\n|teamsize|p1|6\n|teamsize|p2|6\n|gen|9\n|tier|[Gen 9] VGC 2023 Regulation C\n|rated|\n|rule|Species Clause: Limit one of each Pok\u00e9mon\n|rule|Item Clause: Limit one of each item\n|clearpoke\n|poke|p1|Lokix, L50, M|\n|poke|p1|Flutter Mane, L50|\n|poke|p1|Chien-Pao, L50|\n|poke|p1|Ting-Lu, L50|\n|poke|p1|Dragonite, L50, M|\n|poke|p1|Orthworm, L50, M|\n|poke|p2|Rotom-Wash, L50|\n|poke|p2|Wo-Chien, L50|\n|poke|p2|Salamence, L50, M|\n|poke|p2|Tyranitar, L50, F|\n|poke|p2|Glimmora, L50, F|\n|poke|p2|Gholdengo, L50|\n|teampreview|4\n|\n|t:|1682457120\n|start\n|switch|p1a: Flutter Mane|Flutter Mane, L50|100\/100\n|switch|p1b: Orthworm|Orthworm, L50, M|100\/100\n|switch|p2a: Wo-Chien|Wo-Chien, L50|100\/100\n|switch|p2b: Tyranitar|Tyranitar, L50, F|100\/100\n|-ability|p2a: Wo-Chien|Tablets of Ruin\n|-weather|Sandstorm|[from] ability: Sand Stream|[of] p2b: Tyranitar\n|-enditem|p1a: Flutter Mane|Booster Energy\n|-activate|p1a: Flutter Mane|ability: Protosynthesis|[fromitem]\n|-start|p1a: Flutter Mane|protosynthesisspa\n|turn|1\n|\n|t:|1682457146\n|switch|p2a: Glimmora|Glimmora, L50, F|100\/100\n|-terastallize|p2b: Tyranitar|Rock\n|move|p1a: Flutter Mane|Moonblast|p2a: Glimmora\n|-resisted|p2a: Glimmora\n|-damage|p2a: Glimmora|82\/100\n|-unboost|p2a: Glimmora|spa|1\n|move|p1b: Orthworm|Body Press|p2a: Glimmora\n|-damage|p2a: Glimmora|61\/100\n|-activate|p2a: Glimmora|ability: Toxic Debris\n|-sidestart|p1: jackiepeanuts|move: Toxic Spikes\n|move|p2b: Tyranitar|Rock Slide|p1a: Flutter Mane|[spread] p1b\n|-miss|p2b: Tyranitar|p1a: Flutter Mane\n|-resisted|p1b: Orthworm\n|-crit|p1b: Orthworm\n|-damage|p1b: Orthworm|78\/100\n|\n|-weather|Sandstorm|[upkeep]\n|-damage|p1a: Flutter Mane|94\/100|[from] Sandstorm\n|upkeep\n|turn|2\n|\n|t:|1682457194\n|move|p1a: Flutter Mane|Protect|p1a: Flutter Mane\n|-singleturn|p1a: Flutter Mane|Protect\n|move|p2a: Glimmora|Mortal Spin|p1a: Flutter Mane|[spread] \n|-activate|p1a: Flutter Mane|move: Protect\n|-immune|p1b: Orthworm\n|move|p1b: Orthworm|Iron Defense|p1b: Orthworm\n|-boost|p1b: Orthworm|def|2\n|move|p2b: Tyranitar|Rock Slide|p1b: Orthworm|[spread] p1b\n|-activate|p1a: Flutter Mane|move: Protect\n|-resisted|p1b: Orthworm\n|-damage|p1b: Orthworm|71\/100\n|\n|-weather|Sandstorm|[upkeep]\n|-damage|p1a: Flutter Mane|88\/100|[from] Sandstorm\n|upkeep\n|turn|3\n|\n|t:|1682457220\n|move|p2b: Tyranitar|Protect|p2b: Tyranitar\n|-singleturn|p2b: Tyranitar|Protect\n|move|p1a: Flutter Mane|Shadow Ball|p2a: Glimmora\n|-damage|p2a: Glimmora|33\/100\n|move|p2a: Glimmora|Sludge Bomb|p1a: Flutter Mane\n|-damage|p1a: Flutter Mane|55\/100\n|move|p1b: Orthworm|Iron Defense|p1b: Orthworm\n|-boost|p1b: Orthworm|def|2\n|\n|-weather|Sandstorm|[upkeep]\n|-damage|p1a: Flutter Mane|49\/100|[from] Sandstorm\n|upkeep\n|turn|4\n|\n|t:|1682457239\n|switch|p2b: Gholdengo|Gholdengo, L50|100\/100\n|move|p1a: Flutter Mane|Protect|p1a: Flutter Mane\n|-singleturn|p1a: Flutter Mane|Protect\n|move|p2a: Glimmora|Sludge Bomb|p1a: Flutter Mane\n|-activate|p1a: Flutter Mane|move: Protect\n|move|p1b: Orthworm|Body Press|p2b: Gholdengo\n|-immune|p2b: Gholdengo\n|\n|-weather|Sandstorm|[upkeep]\n|-damage|p1a: Flutter Mane|43\/100|[from] Sandstorm\n|upkeep\n|turn|5\n|\n|t:|1682457259\n|move|p1a: Flutter Mane|Shadow Ball|p2b: Gholdengo\n|-supereffective|p2b: Gholdengo\n|-damage|p2b: Gholdengo|0 fnt\n|faint|p2b: Gholdengo\n|move|p2a: Glimmora|Sludge Bomb|p1a: Flutter Mane\n|-damage|p1a: Flutter Mane|14\/100\n|-status|p1a: Flutter Mane|psn\n|move|p1b: Orthworm|Body Press|p2a: Glimmora\n|-damage|p2a: Glimmora|0 fnt\n|-activate|p2a: Glimmora|ability: Toxic Debris\n|-sidestart|p1: jackiepeanuts|move: Toxic Spikes\n|faint|p2a: Glimmora\n|\n|-weather|none\n|-damage|p1a: Flutter Mane|2\/100 psn|[from] psn\n|upkeep\n|\n|t:|1682457272\n|switch|p2b: Wo-Chien|Wo-Chien, L50|100\/100\n|switch|p2a: Tyranitar|Tyranitar, L50, F, tera:Rock|100\/100\n|-ability|p2b: Wo-Chien|Tablets of Ruin\n|-weather|Sandstorm|[from] ability: Sand Stream|[of] p2a: Tyranitar\n|turn|6\n|\n|t:|1682457280\n|move|p2b: Wo-Chien|Protect|p2b: Wo-Chien\n|-singleturn|p2b: Wo-Chien|Protect\n|move|p2a: Tyranitar|Protect|p2a: Tyranitar\n|-singleturn|p2a: Tyranitar|Protect\n|move|p1a: Flutter Mane|Moonblast|p2b: Wo-Chien\n|-activate|p2b: Wo-Chien|move: Protect\n|move|p1b: Orthworm|Body Press|p2b: Wo-Chien\n|-activate|p2b: Wo-Chien|move: Protect\n|\n|-weather|Sandstorm|[upkeep]\n|-damage|p1a: Flutter Mane|0 fnt|[from] Sandstorm\n|-damage|p2b: Wo-Chien|95\/100|[from] Sandstorm\n|faint|p1a: Flutter Mane\n|-end|p1a: Flutter Mane|Protosynthesis|[silent]\n|-heal|p2b: Wo-Chien|100\/100|[from] item: Leftovers\n|upkeep\n|\n|t:|1682457285\n|switch|p1a: Lokix|Lokix, L50, M, shiny|100\/100\n|-status|p1a: Lokix|tox\n|turn|7\n|\n|t:|1682457301\n|-terastallize|p1a: Lokix|Bug\n|move|p1a: Lokix|First Impression|p2b: Wo-Chien\n|-supereffective|p2b: Wo-Chien\n|-damage|p2b: Wo-Chien|0 fnt\n|faint|p2b: Wo-Chien\n|-damage|p1a: Lokix|91\/100 tox|[from] item: Life Orb\n|move|p1b: Orthworm|Body Press|p2a: Tyranitar\n|-supereffective|p2a: Tyranitar\n|-damage|p2a: Tyranitar|0 fnt\n|faint|p2a: Tyranitar\n|\n|win|jackiepeanuts\n|raw|jackiepeanuts's rating: 1421 → 1441<\/strong> (+20 for winning)\n|raw|Auraen's rating: 1417 → 1397<\/strong> (-20 for losing)\n|l|\u2606Auraen\n","uploadtime":1682457317,"views":9,"p1id":"jackiepeanuts","p2id":"auraen","formatid":"gen9vgc2023regulationc","rating":1397,"private":0,"password":""}