{"id":"gen9vgc2023regulationc-1851403486","p1":"grattastinchi","p2":"Echoes630","format":"[Gen 9] VGC 2023 Regulation C","log":"|j|\u2606grattastinchi\n|j|\u2606Echoes630\n|t:|1682442343\n|gametype|doubles\n|player|p1|grattastinchi|sailor|1067\n|player|p2|Echoes630|2|1138\n|teamsize|p1|6\n|teamsize|p2|6\n|gen|9\n|tier|[Gen 9] VGC 2023 Regulation C\n|rated|\n|rule|Species Clause: Limit one of each Pok\u00e9mon\n|rule|Item Clause: Limit one of each item\n|clearpoke\n|poke|p1|Amoonguss, L50, M|\n|poke|p1|Palafin, L50, F|\n|poke|p1|Pelipper, L50, F|\n|poke|p1|Wo-Chien, L50|\n|poke|p1|Flutter Mane, L50|\n|poke|p1|Azumarill, L50, F|\n|poke|p2|Abomasnow, L50, M|\n|poke|p2|Iron Hands, L50|\n|poke|p2|Chi-Yu, L50|\n|poke|p2|Glimmora, L50, F|\n|poke|p2|Dragapult, L50, F|\n|poke|p2|Iron Valiant, L50|\n|teampreview|4\n|\n|t:|1682442381\n|start\n|switch|p1a: Palafin|Palafin, L50, F|100\/100\n|switch|p1b: Azumarill|Azumarill, L50, F|100\/100\n|switch|p2a: Functional|Iron Hands, L50|100\/100\n|switch|p2b: Iron Valiant|Iron Valiant, L50|100\/100\n|turn|1\n|\n|t:|1682442418\n|detailschange|p1a: Palafin|Palafin-Hero, L50, F\n|switch|p1a: Pelipper|Pelipper, L50, F, shiny|100\/100\n|-weather|RainDance|[from] ability: Drizzle|[of] p1a: Pelipper\n|move|p2b: Iron Valiant|Moonblast|p1a: Pelipper\n|-damage|p1a: Pelipper|27\/100\n|move|p1b: Azumarill|Liquidation|p2b: Iron Valiant\n|-damage|p2b: Iron Valiant|6\/100\n|move|p2a: Functional|Wild Charge|p1b: Azumarill\n|-supereffective|p1b: Azumarill\n|-damage|p1b: Azumarill|0 fnt\n|faint|p1b: Azumarill\n|-damage|p2a: Functional|81\/100|[from] Recoil\n|\n|-weather|RainDance|[upkeep]\n|upkeep\n|\n|t:|1682442435\n|switch|p1b: Palafin|Palafin-Hero, L50, F|100\/100\n|-activate|p1b: Palafin|ability: Zero to Hero\n|turn|2\n|\n|t:|1682442454\n|-end|p2b: Iron Valiant|Quark Drive|[silent]\n|switch|p2b: cicle|Abomasnow, L50, M, shiny|100\/100\n|-weather|Snow|[from] ability: Snow Warning|[of] p2b: cicle\n|-terastallize|p2a: Functional|Grass\n|move|p1b: Palafin|Jet Punch|p2b: cicle\n|-resisted|p2b: cicle\n|-damage|p2b: cicle|83\/100\n|-damage|p1b: Palafin|91\/100|[from] item: Life Orb\n|move|p1a: Pelipper|Hurricane|p2a: Functional|[miss]\n|-miss|p1a: Pelipper|p2a: Functional\n|move|p2a: Functional|Volt Switch|p1a: Pelipper\n|-supereffective|p1a: Pelipper\n|-damage|p1a: Pelipper|0 fnt\n|faint|p1a: Pelipper\n|\n|t:|1682442469\n|-end|p2a: Functional|Quark Drive|[silent]\n|switch|p2a: pulty|Dragapult, L50, F|100\/100|[from] Volt Switch\n|\n|-weather|Snow|[upkeep]\n|upkeep\n|\n|t:|1682442476\n|switch|p1a: Amoonguss|Amoonguss, L50, M, shiny|100\/100\n|turn|3\n|\n|t:|1682442490\n|move|p1b: Palafin|Protect|p1b: Palafin\n|-singleturn|p1b: Palafin|Protect\n|move|p2a: pulty|Will-O-Wisp|p1b: Palafin\n|-activate|p1b: Palafin|move: Protect\n|move|p2b: cicle|Aurora Veil|p2b: cicle\n|-sidestart|p2: Echoes630|move: Aurora Veil\n|move|p1a: Amoonguss|Spore|p2a: pulty\n|-activate|p2a: pulty|item: Safety Goggles|Spore\n|\n|-weather|Snow|[upkeep]\n|upkeep\n|turn|4\n|\n|t:|1682442512\n|move|p1a: Amoonguss|Rage Powder|p1a: Amoonguss\n|-singleturn|p1a: Amoonguss|move: Rage Powder\n|move|p2a: pulty|Dragon Darts|p1b: Palafin\n|-damage|p1b: Palafin|65\/100\n|-anim|p2a: pulty|Dragon Darts|p1a: Amoonguss\n|-damage|p1a: Amoonguss|80\/100\n|move|p1b: Palafin|Drain Punch|p2b: cicle\n|-supereffective|p2b: cicle\n|-crit|p2b: cicle\n|-damage|p2b: cicle|0 fnt\n|-heal|p1b: Palafin|100\/100|[from] drain|[of] p2b: cicle\n|faint|p2b: cicle\n|-damage|p1b: Palafin|91\/100|[from] item: Life Orb\n|\n|-weather|Snow|[upkeep]\n|upkeep\n|\n|t:|1682442523\n|switch|p2b: Functional|Iron Hands, L50, tera:Grass|81\/100\n|turn|5\n|\n|t:|1682442540\n|move|p1a: Amoonguss|Rage Powder|p1a: Amoonguss\n|-singleturn|p1a: Amoonguss|move: Rage Powder\n|move|p2a: pulty|Dragon Darts|p1b: Palafin\n|-damage|p1b: Palafin|65\/100\n|-anim|p2a: pulty|Dragon Darts|p1a: Amoonguss\n|-damage|p1a: Amoonguss|60\/100\n|move|p1b: Palafin|Drain Punch|p2b: Functional\n|-damage|p2b: Functional|64\/100\n|-heal|p1b: Palafin|78\/100|[from] drain|[of] p2b: Functional\n|-damage|p1b: Palafin|68\/100|[from] item: Life Orb\n|move|p2b: Functional|Wild Charge|p1b: Palafin\n|-supereffective|p1b: Palafin\n|-damage|p1b: Palafin|0 fnt\n|faint|p1b: Palafin\n|-damage|p2b: Functional|52\/100|[from] Recoil\n|\n|-weather|Snow|[upkeep]\n|upkeep\n|turn|6\n|inactive|Battle timer is ON: inactive players will automatically lose when time's up. (requested by grattastinchi)\n|inactiveoff|Battle timer is now OFF.\n|-message|grattastinchi forfeited by changing their name.\n|l|grattastinchi\n|\n|win|Echoes630\n|raw|grattastinchi's rating: 1067 → 1051<\/strong> (-16 for losing)\n|raw|Echoes630's rating: 1138 → 1158<\/strong> (+20 for winning)\n|l|\u2606Echoes630\n","uploadtime":1682442653,"views":5,"p1id":"grattastinchi","p2id":"echoes630","formatid":"gen9vgc2023regulationc","rating":1051,"private":0,"password":""}