{"id":"gen9vgc2023regulationc-1863133334","p1":"Magiplop","p2":"PhillyDolph","format":"[Gen 9] VGC 2023 Regulation C","log":"|j|\u2606Magiplop\n|j|\u2606PhillyDolph\n|t:|1683976782\n|gametype|doubles\n|player|p1|Magiplop|1|1411\n|player|p2|PhillyDolph|steven|1432\n|teamsize|p1|6\n|teamsize|p2|6\n|gen|9\n|tier|[Gen 9] VGC 2023 Regulation C\n|rated|\n|rule|Species Clause: Limit one of each Pok\u00e9mon\n|rule|Item Clause: Limit one of each item\n|clearpoke\n|poke|p1|Gyarados, L50, F|\n|poke|p1|Pachirisu, L50, M|\n|poke|p1|Gothitelle, L50, F|\n|poke|p1|Gardevoir, L50, F|\n|poke|p1|Garchomp, L50, M|\n|poke|p1|Talonflame, L50, F|\n|poke|p2|Scizor, L50, M|\n|poke|p2|Iron Bundle, L50|\n|poke|p2|Gastrodon-East, L50, M|\n|poke|p2|Flutter Mane, L50|\n|poke|p2|Talonflame, L50, M|\n|poke|p2|Chi-Yu, L50|\n|teampreview|4\n|inactive|Battle timer is ON: inactive players will automatically lose when time's up. (requested by PhillyDolph)\n|inactive|Magiplop has 60 seconds left.\n|inactive|PhillyDolph has 60 seconds left.\n|inactive|PhillyDolph has 30 seconds left.\nMagiplop has agreed to open team sheets.\n|inactive|PhillyDolph has 20 seconds left.\n|inactive|PhillyDolph has 15 seconds left.\n|\n|t:|1683976861\n|start\n|switch|p1a: Gardevoir|Gardevoir, L50, F|100\/100\n|switch|p1b: Gothitelle|Gothitelle, L50, F|100\/100\n|switch|p2a: Talonflame|Talonflame, L50, M|100\/100\n|switch|p2b: Iron Bundle|Iron Bundle, L50, shiny|100\/100\n|-enditem|p2b: Iron Bundle|Booster Energy\n|-activate|p2b: Iron Bundle|ability: Quark Drive|[fromitem]\n|-start|p2b: Iron Bundle|quarkdrivespe\n|turn|1\n|\n|t:|1683976881\n|-terastallize|p2a: Talonflame|Ghost\n|move|p2b: Iron Bundle|Icy Wind|p1b: Gothitelle|[spread] p1a,p1b\n|-damage|p1a: Gardevoir|78\/100\n|-damage|p1b: Gothitelle|83\/100\n|-unboost|p1a: Gardevoir|spe|1\n|-unboost|p1b: Gothitelle|spe|1\n|move|p2a: Talonflame|Taunt|p1a: Gardevoir\n|-start|p1a: Gardevoir|move: Taunt\n|move|p1a: Gardevoir|Psychic|p2b: Iron Bundle\n|-damage|p2b: Iron Bundle|1\/100\n|move|p1b: Gothitelle|Psyshock|p2a: Talonflame\n|-damage|p2a: Talonflame|75\/100\n|\n|-heal|p1b: Gothitelle|89\/100|[from] item: Leftovers\n|upkeep\n|turn|2\n|inactive|Magiplop has 30 seconds left.\n|inactive|PhillyDolph has 30 seconds left.\n|inactive|PhillyDolph has 20 seconds left.\n|inactive|PhillyDolph has 15 seconds left.\n|l|\u2606Magiplop\n|inactive|Magiplop disconnected and has a minute to reconnect!\n|player|p1|\n|inactive|PhillyDolph has 10 seconds left.\n|\n|t:|1683976928\n|move|p2b: Iron Bundle|Hydro Pump|p1a: Gardevoir\n|-damage|p1a: Gardevoir|16\/100\n|move|p2a: Talonflame|Air Slash|p1a: Gardevoir\n|-damage|p1a: Gardevoir|0 fnt\n|faint|p1a: Gardevoir\n|move|p1b: Gothitelle|Psyshock|p2b: Iron Bundle\n|-damage|p2b: Iron Bundle|0 fnt\n|faint|p2b: Iron Bundle\n|-end|p2b: Iron Bundle|Quark Drive|[silent]\n|\n|-heal|p1b: Gothitelle|95\/100|[from] item: Leftovers\n|upkeep\n|j|\u2606Magiplop\n|inactive|Magiplop reconnected and has 50 seconds left.\n|player|p1|Magiplop|1\n|\n|t:|1683976945\n|switch|p2b: Flutter Mane|Flutter Mane, L50|100\/100\n|switch|p1a: Garchomp|Garchomp, L50, M|100\/100\n|turn|3\n|\n|t:|1683976961\n|switch|p1b: Talonflame|Talonflame, L50, F|100\/100\n|-terastallize|p1a: Garchomp|Fire\n|move|p2b: Flutter Mane|Protect|p2b: Flutter Mane\n|-singleturn|p2b: Flutter Mane|Protect\n|move|p1a: Garchomp|Earthquake|p2a: Talonflame|[spread] p2a\n|-activate|p2b: Flutter Mane|move: Protect\n|-immune|p1b: Talonflame\n|-damage|p2a: Talonflame|39\/100\n|move|p2a: Talonflame|Will-O-Wisp|p1a: Garchomp|[miss]\n|-miss|p2a: Talonflame|p1a: Garchomp\n|\n|upkeep\n|turn|4\n|\n|t:|1683976973\n|move|p1b: Talonflame|Brave Bird|p2b: Flutter Mane\n|-crit|p2b: Flutter Mane\n|-damage|p2b: Flutter Mane|0 fnt\n|faint|p2b: Flutter Mane\n|-end|p2b: Flutter Mane|Protosynthesis|[silent]\n|-damage|p1b: Talonflame|72\/100|[from] Recoil\n|-damage|p1b: Talonflame|63\/100|[from] item: Life Orb\n|move|p1a: Garchomp|Earthquake|p2a: Talonflame|[spread] p2a\n|-immune|p1b: Talonflame\n|-damage|p2a: Talonflame|6\/100\n|move|p2a: Talonflame|Tailwind|p2a: Talonflame\n|-sidestart|p2: PhillyDolph|move: Tailwind\n|\n|upkeep\n|\n|t:|1683976977\n|switch|p2b: Chi-Yu|Chi-Yu, L50|100\/100\n|-ability|p2b: Chi-Yu|Beads of Ruin\n|turn|5\n|inactive|Magiplop has 30 seconds left.\n|\n|t:|1683977012\n|move|p2b: Chi-Yu|Snarl|p1b: Talonflame|[spread] p1a,p1b\n|-damage|p1a: Garchomp|65\/100\n|-damage|p1b: Talonflame|7\/100\n|-unboost|p1a: Garchomp|spa|1\n|-unboost|p1b: Talonflame|spa|1\n|move|p2a: Talonflame|Air Slash|p1a: Garchomp\n|-damage|p1a: Garchomp|32\/100\n|move|p1b: Talonflame|Brave Bird|p2b: Chi-Yu\n|-damage|p2b: Chi-Yu|11\/100\n|-damage|p1b: Talonflame|0 fnt|[from] Recoil\n|faint|p1b: Talonflame\n|move|p1a: Garchomp|Earthquake|p2b: Chi-Yu|[spread] p2a,p2b\n|-supereffective|p2b: Chi-Yu\n|-damage|p2a: Talonflame|0 fnt\n|-damage|p2b: Chi-Yu|0 fnt\n|faint|p2a: Talonflame\n|faint|p2b: Chi-Yu\n|\n|win|Magiplop\n|raw|Magiplop's rating: 1411 → 1432<\/strong> (+21 for winning)\n|raw|PhillyDolph's rating: 1432 → 1411<\/strong> (-21 for losing)\n|l|\u2606PhillyDolph\n","uploadtime":1683977028,"views":15,"p1id":"magiplop","p2id":"phillydolph","formatid":"gen9vgc2023regulationc","rating":1411,"private":0,"password":""}