{"id":"gen9vgc2023regulationc-1852229049","p1":"ErPaoletto","p2":"kevork","format":"[Gen 9] VGC 2023 Regulation C","log":"|j|\u2606ErPaoletto\n|j|\u2606kevork\n|t:|1682534804\n|gametype|doubles\n|player|p1|ErPaoletto|169|1000\n|player|p2|kevork|266|1064\n|teamsize|p1|6\n|teamsize|p2|6\n|gen|9\n|tier|[Gen 9] VGC 2023 Regulation C\n|rated|\n|rule|Species Clause: Limit one of each Pok\u00e9mon\n|rule|Item Clause: Limit one of each item\n|clearpoke\n|poke|p1|Abomasnow, L50, M|\n|poke|p1|Cetitan, L50, M|\n|poke|p1|Tauros-Paldea-Aqua, L50, M|\n|poke|p1|Gothorita, L50, F|\n|poke|p1|Dragonite, L50, M|\n|poke|p1|Eelektross, L50, M|\n|poke|p2|Talonflame, L50, F|\n|poke|p2|Rotom-Wash, L50|\n|poke|p2|Baxcalibur, L50, M|\n|poke|p2|Flutter Mane, L50|\n|poke|p2|Amoonguss, L50, F|\n|poke|p2|Great Tusk, L50|\n|teampreview|4\n|inactive|Battle timer is ON: inactive players will automatically lose when time's up. (requested by ErPaoletto)\n|inactive|ErPaoletto has 60 seconds left.\n|inactive|kevork has 60 seconds left.\n|\n|t:|1682534847\n|start\n|switch|p1a: Abomasnow|Abomasnow, L50, M, shiny|100\/100\n|switch|p1b: Tauros|Tauros-Paldea-Aqua, L50, M|100\/100\n|switch|p2a: Talonflame|Talonflame, L50, F, shiny|100\/100\n|switch|p2b: Great Tusk|Great Tusk, L50|100\/100\n|-ability|p1b: Tauros|Intimidate|boost\n|-unboost|p2a: Talonflame|atk|1\n|-unboost|p2b: Great Tusk|atk|1\n|-weather|Snow|[from] ability: Snow Warning|[of] p1a: Abomasnow\n|turn|1\n|\n|t:|1682534868\n|move|p1b: Tauros|Protect|p1b: Tauros\n|-singleturn|p1b: Tauros|Protect\n|move|p2a: Talonflame|Tailwind|p2a: Talonflame\n|-sidestart|p2: kevork|move: Tailwind\n|move|p2b: Great Tusk|Close Combat|p1a: Abomasnow\n|-supereffective|p1a: Abomasnow\n|-damage|p1a: Abomasnow|28\/100\n|-unboost|p2b: Great Tusk|def|1\n|-unboost|p2b: Great Tusk|spd|1\n|move|p1a: Abomasnow|Aurora Veil|p1a: Abomasnow\n|-sidestart|p1: ErPaoletto|move: Aurora Veil\n|\n|-weather|Snow|[upkeep]\n|upkeep\n|turn|2\n|inactive|ErPaoletto has 30 seconds left.\n|inactive|kevork has 30 seconds left.\n|\n|t:|1682534901\n|switch|p2a: Baxcalibur|Baxcalibur, L50, M|100\/100\n|switch|p1a: Dragonite|Dragonite, L50, M|100\/100\n|move|p2b: Great Tusk|Close Combat|p1a: Dragonite\n|-resisted|p1a: Dragonite\n|-damage|p1a: Dragonite|92\/100\n|-unboost|p2b: Great Tusk|def|1\n|-unboost|p2b: Great Tusk|spd|1\n|move|p1b: Tauros|Raging Bull|p2b: Great Tusk\n|-supereffective|p2b: Great Tusk\n|-damage|p2b: Great Tusk|0 fnt\n|faint|p2b: Great Tusk\n|-end|p2b: Great Tusk|Protosynthesis|[silent]\n|\n|-weather|Snow|[upkeep]\n|upkeep\n|\n|t:|1682534916\n|switch|p2b: Flutter Mane|Flutter Mane, L50|100\/100\n|turn|3\n|\n|t:|1682534928\n|-terastallize|p2a: Baxcalibur|Poison\n|-terastallize|p1a: Dragonite|Fire\n|move|p1b: Tauros|Protect|p1b: Tauros\n|-singleturn|p1b: Tauros|Protect\n|move|p2a: Baxcalibur|Ice Shard|p1a: Dragonite\n|-resisted|p1a: Dragonite\n|-damage|p1a: Dragonite|83\/100\n|move|p2b: Flutter Mane|Moonblast|p1b: Tauros\n|-activate|p1b: Tauros|move: Protect\n|move|p1a: Dragonite|Heat Wave|p2a: Baxcalibur|[spread] p2a,p2b\n|-damage|p2a: Baxcalibur|67\/100\n|-damage|p2b: Flutter Mane|58\/100\n|-status|p2b: Flutter Mane|brn\n|-ability|p2a: Baxcalibur|Thermal Exchange|boost\n|-boost|p2a: Baxcalibur|atk|1\n|-enditem|p1b: Tauros|Mirror Herb\n|-boost|p1b: Tauros|atk|1|[from] item: Mirror Herb\n|-damage|p1a: Dragonite|73\/100|[from] item: Life Orb\n|\n|-weather|Snow|[upkeep]\n|-damage|p2b: Flutter Mane|52\/100 brn|[from] brn\n|upkeep\n|turn|4\n|inactive|ErPaoletto has 30 seconds left.\n|inactive|kevork has 30 seconds left.\n|inactive|ErPaoletto has 20 seconds left.\n|inactive|ErPaoletto has 15 seconds left.\n|\n|t:|1682534969\n|move|p1a: Dragonite|Extreme Speed|p2a: Baxcalibur\n|-crit|p2a: Baxcalibur\n|-damage|p2a: Baxcalibur|24\/100\n|-damage|p1a: Dragonite|63\/100|[from] item: Life Orb\n|move|p1b: Tauros|Aqua Jet|p2a: Baxcalibur\n|-damage|p2a: Baxcalibur|1\/100\n|move|p2b: Flutter Mane|Shadow Ball|p1a: Dragonite\n|-damage|p1a: Dragonite|24\/100\n|-damage|p2b: Flutter Mane|42\/100 brn|[from] item: Life Orb\n|move|p2a: Baxcalibur|Glaive Rush|p1b: Tauros\n|-damage|p1b: Tauros|29\/100\n|-singlemove|p2a: Baxcalibur|Glaive Rush|[silent]\n|\n|-weather|Snow|[upkeep]\n|-damage|p2b: Flutter Mane|36\/100 brn|[from] brn\n|-sideend|p2: kevork|move: Tailwind\n|upkeep\n|turn|5\n|inactive|kevork has 30 seconds left.\n|inactive|kevork has 20 seconds left.\n|\n|t:|1682535005\n|move|p1a: Dragonite|Extreme Speed|p2b: Flutter Mane\n|-immune|p2b: Flutter Mane\n|move|p1b: Tauros|Aqua Jet|p2a: Baxcalibur\n|-damage|p2a: Baxcalibur|0 fnt\n|faint|p2a: Baxcalibur\n|move|p2b: Flutter Mane|Dazzling Gleam|p1a: Dragonite|[spread] p1a,p1b\n|-resisted|p1a: Dragonite\n|-supereffective|p1b: Tauros\n|-damage|p1a: Dragonite|7\/100\n|-damage|p1b: Tauros|0 fnt\n|faint|p1b: Tauros\n|-damage|p2b: Flutter Mane|26\/100 brn|[from] item: Life Orb\n|\n|-weather|none\n|-damage|p2b: Flutter Mane|20\/100 brn|[from] brn\n|-sideend|p1: ErPaoletto|move: Aurora Veil\n|upkeep\n|\n|t:|1682535020\n|switch|p1b: Abomasnow|Abomasnow, L50, M, shiny|28\/100\n|switch|p2a: Talonflame|Talonflame, L50, F, shiny|100\/100\n|-weather|Snow|[from] ability: Snow Warning|[of] p1b: Abomasnow\n|turn|6\n|inactive|kevork has 30 seconds left.\n|inactive|ErPaoletto has 30 seconds left.\n|\n|t:|1682535054\n|move|p1a: Dragonite|Extreme Speed|p2a: Talonflame\n|-crit|p2a: Talonflame\n|-damage|p2a: Talonflame|42\/100\n|-damage|p1a: Dragonite|0 fnt|[from] item: Life Orb\n|faint|p1a: Dragonite\n|move|p2b: Flutter Mane|Mystical Fire|p1b: Abomasnow\n|-supereffective|p1b: Abomasnow\n|-damage|p1b: Abomasnow|0 fnt\n|faint|p1b: Abomasnow\n|-damage|p2b: Flutter Mane|10\/100 brn|[from] item: Life Orb\n|move|p2a: Talonflame|Flare Blitz|p1: Dragonite|[notarget]\n|-fail|p2a: Talonflame\n|\n|-weather|Snow|[upkeep]\n|-damage|p2b: Flutter Mane|4\/100 brn|[from] brn\n|upkeep\n|\n|t:|1682535069\n|switch|p1a: Cetitan|Cetitan, L50, M, shiny|100\/100\n|turn|7\n|\n|t:|1682535084\n|move|p1a: Cetitan|Ice Shard|p2a: Talonflame\n|-damage|p2a: Talonflame|17\/100\n|move|p2b: Flutter Mane|Mystical Fire|p1a: Cetitan\n|-supereffective|p1a: Cetitan\n|-damage|p1a: Cetitan|49\/100\n|-unboost|p1a: Cetitan|spa|1\n|-damage|p2b: Flutter Mane|0 fnt|[from] item: Life Orb\n|faint|p2b: Flutter Mane\n|-end|p2b: Flutter Mane|Protosynthesis|[silent]\n|move|p2a: Talonflame|Flare Blitz|p1a: Cetitan\n|-supereffective|p1a: Cetitan\n|-damage|p1a: Cetitan|7\/100\n|-damage|p2a: Talonflame|0 fnt|[from] Recoil\n|faint|p2a: Talonflame\n|\n|win|ErPaoletto\n|raw|ErPaoletto's rating: 1000 → 1047<\/strong> (+47 for winning)\n|raw|kevork's rating: 1064 → 1041<\/strong> (-23 for losing)\n|l|\u2606kevork\n","uploadtime":1682535112,"views":8,"p1id":"erpaoletto","p2id":"kevork","formatid":"gen9vgc2023regulationc","rating":1041,"private":0,"password":""}