{"id":"gen9vgc2023regulationc-1863725199","p1":"head 0f the table","p2":"Kavchi","format":"[Gen 9] VGC 2023 Regulation C","log":"|j|\u2606head 0f the table\n|j|\u2606Kavchi\n|t:|1684067722\n|gametype|doubles\n|player|p1|head 0f the table|cynthia-gen4|\n|player|p2|Kavchi|1|\n|teamsize|p1|6\n|teamsize|p2|6\n|gen|9\n|tier|[Gen 9] VGC 2023 Regulation C\n|rule|Tera Type Preview: Tera Types are shown at Team Preview\n|rule|Species Clause: Limit one of each Pok\u00e9mon\n|rule|Item Clause: Limit one of each item\n|clearpoke\n|poke|p1|Palafin, L50, F|\n|poke|p1|Arcanine, L50, F|\n|poke|p1|Baxcalibur, L50, F|\n|poke|p1|Hatterene, L50, F|\n|poke|p1|Hariyama, L50, M|\n|poke|p1|Eelektross, L50, F|\n|poke|p2|Dachsbun, L50, F|\n|poke|p2|Dragonite, L50, F|\n|poke|p2|Flutter Mane, L50|\n|poke|p2|Volcarona, L50, M|\n|poke|p2|Roaring Moon, L50|\n|poke|p2|Gyarados, L50, M|\n|teampreview|4\n|raw|head 0f the table's Tera Types: \/ \/ \/ \/ \/ \n|raw|Kavchi's Tera Types: \/ \/ \/ \/ \/ \nhead 0f the table rejected open team sheets.\n|c|\u2606Kavchi|G1\n|\n|t:|1684068047\n|start\n|switch|p1a: Hariyama|Hariyama, L50, M|100\/100\n|switch|p1b: Hatterene|Hatterene, L50, F|100\/100\n|switch|p2a: Flutter Mane|Flutter Mane, L50|100\/100\n|switch|p2b: Gyarados|Gyarados, L50, M|100\/100\n|-ability|p2b: Gyarados|Intimidate|boost\n|-unboost|p1a: Hariyama|atk|1\n|-unboost|p1b: Hatterene|atk|1\n|turn|1\n|\n|t:|1684068077\n|switch|p2b: Dachsbun|Dachsbun, L50, F|100\/100\n|move|p1a: Hariyama|Fake Out|p2b: Dachsbun\n|-damage|p2b: Dachsbun|91\/100\n|move|p2a: Flutter Mane|Shadow Ball|p1b: Hatterene\n|-supereffective|p1b: Hatterene\n|-enditem|p1b: Hatterene|Focus Sash\n|-damage|p1b: Hatterene|1\/100\n|-unboost|p1b: Hatterene|spd|1\n|move|p1b: Hatterene|Trick Room|p1b: Hatterene\n|-fieldstart|move: Trick Room|[of] p1b: Hatterene\n|\n|-heal|p2b: Dachsbun|97\/100|[from] item: Leftovers\n|-status|p1a: Hariyama|brn|[from] item: Flame Orb\n|upkeep\n|turn|2\n|\n|t:|1684068111\n|switch|p1a: Eelektross|Eelektross, L50, F|100\/100\n|-end|p2a: Flutter Mane|Protosynthesis|[silent]\n|switch|p2a: Roaring Moon|Roaring Moon, L50|100\/100\n|move|p1b: Hatterene|Dazzling Gleam|p2b: Dachsbun|[spread] p2a,p2b\n|-supereffective|p2a: Roaring Moon\n|-damage|p2a: Roaring Moon|0 fnt\n|-damage|p2b: Dachsbun|38\/100\n|faint|p2a: Roaring Moon\n|-end|p2a: Roaring Moon|Protosynthesis|[silent]\n|move|p2b: Dachsbun|Play Rough|p1a: Eelektross\n|-crit|p1a: Eelektross\n|-damage|p1a: Eelektross|46\/100\n|\n|-heal|p2b: Dachsbun|44\/100|[from] item: Leftovers\n|upkeep\n|\n|t:|1684068125\n|switch|p2a: Flutter Mane|Flutter Mane, L50|100\/100\n|turn|3\n|\n|t:|1684068131\n|move|p2b: Dachsbun|Protect|p2b: Dachsbun\n|-singleturn|p2b: Dachsbun|Protect\n|move|p1b: Hatterene|Dazzling Gleam|p2a: Flutter Mane|[spread] p2a\n|-activate|p2b: Dachsbun|move: Protect\n|-damage|p2a: Flutter Mane|64\/100\n|move|p1a: Eelektross|Flash Cannon|p2a: Flutter Mane\n|-supereffective|p2a: Flutter Mane\n|-damage|p2a: Flutter Mane|2\/100\n|move|p2a: Flutter Mane|Dazzling Gleam|p1a: Eelektross|[spread] p1a,p1b\n|-damage|p1a: Eelektross|5\/100\n|-damage|p1b: Hatterene|0 fnt\n|faint|p1b: Hatterene\n|\n|-heal|p2b: Dachsbun|50\/100|[from] item: Leftovers\n|upkeep\n|\n|t:|1684068145\n|switch|p1b: Hariyama|Hariyama, L50, M|100\/100 brn\n|turn|4\n|\n|t:|1684068162\n|-end|p2a: Flutter Mane|Protosynthesis|[silent]\n|switch|p2a: Gyarados|Gyarados, L50, M|100\/100\n|-ability|p2a: Gyarados|Intimidate|boost\n|-unboost|p1a: Eelektross|atk|1\n|-unboost|p1b: Hariyama|atk|1\n|move|p1a: Eelektross|Thunderbolt|p2b: Dachsbun\n|-damage|p2b: Dachsbun|0 fnt\n|faint|p2b: Dachsbun\n|move|p1b: Hariyama|Rock Slide|p2a: Gyarados\n|-supereffective|p2a: Gyarados\n|-damage|p2a: Gyarados|35\/100\n|-enditem|p2a: Gyarados|Sitrus Berry|[eat]\n|-heal|p2a: Gyarados|60\/100|[from] item: Sitrus Berry\n|\n|-damage|p1b: Hariyama|95\/100 brn|[from] brn\n|upkeep\n|\n|t:|1684068176\n|switch|p2b: Flutter Mane|Flutter Mane, L50|2\/100\n|turn|5\n|\n|t:|1684068205\n|move|p2a: Gyarados|Protect|p2a: Gyarados\n|-singleturn|p2a: Gyarados|Protect\n|move|p1a: Eelektross|Thunderbolt|p2b: Flutter Mane\n|-damage|p2b: Flutter Mane|0 fnt\n|faint|p2b: Flutter Mane\n|-end|p2b: Flutter Mane|Protosynthesis|[silent]\n|move|p1b: Hariyama|Close Combat|p2a: Gyarados\n|-activate|p2a: Gyarados|move: Protect\n|\n|-damage|p1b: Hariyama|89\/100 brn|[from] brn\n|-fieldend|move: Trick Room\n|upkeep\n|turn|6\n|\n|t:|1684068220\n|switch|p1a: Baxcalibur|Baxcalibur, L50, F|100\/100\n|move|p2a: Gyarados|Earthquake|p1b: Hariyama|[spread] p1a,p1b\n|-damage|p1a: Baxcalibur|75\/100\n|-damage|p1b: Hariyama|58\/100 brn\n|move|p1b: Hariyama|Close Combat|p2a: Gyarados\n|-resisted|p2a: Gyarados\n|-damage|p2a: Gyarados|22\/100\n|-unboost|p1b: Hariyama|def|1\n|-unboost|p1b: Hariyama|spd|1\n|\n|-damage|p1b: Hariyama|52\/100 brn|[from] brn\n|upkeep\n|turn|7\n|\n|t:|1684068237\n|move|p1a: Baxcalibur|Ice Shard|p2a: Gyarados\n|-damage|p2a: Gyarados|0 fnt\n|faint|p2a: Gyarados\n|\n|win|head 0f the table\n|l|\u2606Kavchi\n","uploadtime":1684068259,"views":18,"p1id":"head0fthetable","p2id":"kavchi","formatid":"gen9vgc2023regulationc","rating":0,"private":0,"password":""}