{"id":"gen9vgc2023regulationc-1862419915","p1":"Big SolidSnake TV","p2":"pecurto23","format":"[Gen 9] VGC 2023 Regulation C","log":"|j|\u2606Big SolidSnake TV\n|j|\u2606pecurto23\n|t:|1683883142\n|gametype|doubles\n|player|p1|Big SolidSnake TV|265|1319\n|player|p2|pecurto23|101|1383\n|teamsize|p1|6\n|teamsize|p2|6\n|gen|9\n|tier|[Gen 9] VGC 2023 Regulation C\n|rated|\n|rule|Species Clause: Limit one of each Pok\u00e9mon\n|rule|Item Clause: Limit one of each item\n|clearpoke\n|poke|p1|Dachsbun, L50, M|\n|poke|p1|Torkoal, L50, M|\n|poke|p1|Great Tusk, L50|\n|poke|p1|Corviknight, L50, M|\n|poke|p1|Arboliva, L50, M|\n|poke|p1|Flutter Mane, L50|\n|poke|p2|Iron Bundle, L50|\n|poke|p2|Abomasnow, L50, M|\n|poke|p2|Vivillon, L50, F|\n|poke|p2|Ting-Lu, L50|\n|poke|p2|Ceruledge, L50, M|\n|poke|p2|Palafin, L50, F|\n|teampreview|4\n|inactive|Battle timer is ON: inactive players will automatically lose when time's up. (requested by Big SolidSnake TV)\n|inactive|pecurto23 has 60 seconds left.\n|inactive|pecurto23 has 30 seconds left.\n|\n|t:|1683883238\n|start\n|switch|p1a: Flutter Mane|Flutter Mane, L50|100\/100\n|switch|p1b: Corviknight|Corviknight, L50, M|100\/100\n|switch|p2a: SantiCazorla|Iron Bundle, L50|100\/100\n|switch|p2b: LukPodolski|Ting-Lu, L50|100\/100\n|-ability|p2b: LukPodolski|Vessel of Ruin\n|-enditem|p2a: SantiCazorla|Booster Energy\n|-activate|p2a: SantiCazorla|ability: Quark Drive|[fromitem]\n|-start|p2a: SantiCazorla|quarkdrivespe\n|turn|1\n|inactive|pecurto23 has 30 seconds left.\n|\n|t:|1683883265\n|move|p2a: SantiCazorla|Protect|p2a: SantiCazorla\n|-singleturn|p2a: SantiCazorla|Protect\n|move|p1a: Flutter Mane|Moonblast|p2b: LukPodolski\n|-supereffective|p2b: LukPodolski\n|-damage|p2b: LukPodolski|12\/100\n|move|p1b: Corviknight|Tailwind|p1b: Corviknight\n|-sidestart|p1: Big SolidSnake TV|move: Tailwind\n|move|p2b: LukPodolski|Rock Slide|p1b: Corviknight|[spread] p1a,p1b\n|-damage|p1a: Flutter Mane|43\/100\n|-damage|p1b: Corviknight|75\/100\n|\n|-heal|p1b: Corviknight|80\/100|[from] item: Leftovers\n|upkeep\n|turn|2\n|inactive|pecurto23 has 30 seconds left.\n|\n|t:|1683883300\n|-end|p2a: SantiCazorla|Quark Drive|[silent]\n|switch|p2a: Aubameyang|Abomasnow, L50, M|100\/100\n|-weather|Snow|[from] ability: Snow Warning|[of] p2a: Aubameyang\n|move|p1a: Flutter Mane|Moonblast|p2a: Aubameyang\n|-crit|p2a: Aubameyang\n|-damage|p2a: Aubameyang|4\/100\n|-unboost|p2a: Aubameyang|spa|1\n|-enditem|p2a: Aubameyang|Sitrus Berry|[eat]\n|-heal|p2a: Aubameyang|29\/100|[from] item: Sitrus Berry\n|move|p1b: Corviknight|Body Press|p2b: LukPodolski\n|-supereffective|p2b: LukPodolski\n|-damage|p2b: LukPodolski|0 fnt\n|faint|p2b: LukPodolski\n|\n|-weather|Snow|[upkeep]\n|-heal|p1b: Corviknight|86\/100|[from] item: Leftovers\n|upkeep\n|\n|t:|1683883318\n|switch|p2b: Szczesny|Ceruledge, L50, M|100\/100\n|turn|3\n|\n|t:|1683883334\n|-end|p1a: Flutter Mane|Protosynthesis|[silent]\n|switch|p1a: Torkoal|Torkoal, L50, M|100\/100\n|-weather|SunnyDay|[from] ability: Drought|[of] p1a: Torkoal\n|switch|p2a: SantiCazorla|Iron Bundle, L50|100\/100\n|-terastallize|p1b: Corviknight|Dragon\n|move|p2b: Szczesny|Shadow Sneak|p1a: Torkoal\n|-damage|p1a: Torkoal|84\/100\n|move|p1b: Corviknight|Body Press|p2a: SantiCazorla\n|-supereffective|p2a: SantiCazorla\n|-damage|p2a: SantiCazorla|51\/100\n|\n|-weather|SunnyDay|[upkeep]\n|-heal|p1b: Corviknight|92\/100|[from] item: Leftovers\n|upkeep\n|turn|4\n|inactive|Big SolidSnake TV has 30 seconds left.\n|\n|t:|1683883360\n|switch|p2b: Aubameyang|Abomasnow, L50, M|29\/100\n|-weather|Snow|[from] ability: Snow Warning|[of] p2b: Aubameyang\n|move|p2a: SantiCazorla|Aurora Veil|p2a: SantiCazorla\n|-sidestart|p2: pecurto23|move: Aurora Veil\n|move|p1b: Corviknight|Iron Defense|p1b: Corviknight\n|-boost|p1b: Corviknight|def|2\n|move|p1a: Torkoal|Flamethrower|p2a: SantiCazorla\n|-damage|p2a: SantiCazorla|26\/100\n|\n|-weather|Snow|[upkeep]\n|-heal|p1b: Corviknight|98\/100|[from] item: Leftovers\n|-sideend|p1: Big SolidSnake TV|move: Tailwind\n|upkeep\n|turn|5\n|inactive|pecurto23 has 30 seconds left.\n|\n|t:|1683883392\n|move|p2a: SantiCazorla|Blizzard|p1b: Corviknight|[spread] p1a,p1b\n|-resisted|p1a: Torkoal\n|-supereffective|p1b: Corviknight\n|-damage|p1a: Torkoal|67\/100\n|-damage|p1b: Corviknight|41\/100\n|-status|p1b: Corviknight|frz\n|cant|p1b: Corviknight|frz\n|move|p2b: Aubameyang|Blizzard|p1b: Corviknight|[spread] p1a,p1b\n|-resisted|p1a: Torkoal\n|-supereffective|p1b: Corviknight\n|-damage|p1a: Torkoal|50\/100\n|-damage|p1b: Corviknight|0 fnt\n|faint|p1b: Corviknight\n|move|p1a: Torkoal|Lava Plume|p2b: Aubameyang|[spread] p2a,p2b\n|-supereffective|p2b: Aubameyang\n|-damage|p2a: SantiCazorla|8\/100\n|-damage|p2b: Aubameyang|0 fnt\n|faint|p2b: Aubameyang\n|\n|-weather|Snow|[upkeep]\n|upkeep\n|\n|t:|1683883413\n|switch|p1b: Great Tusk|Great Tusk, L50|100\/100\n|switch|p2b: Szczesny|Ceruledge, L50, M|100\/100\n|turn|6\n|inactive|Big SolidSnake TV has 30 seconds left.\n|\n|t:|1683883441\n|switch|p1a: Flutter Mane|Flutter Mane, L50|43\/100\n|-terastallize|p2b: Szczesny|Grass\n|move|p2a: SantiCazorla|Protect|p2a: SantiCazorla\n|-singleturn|p2a: SantiCazorla|Protect\n|move|p1b: Great Tusk|Headlong Rush|p2a: SantiCazorla\n|-activate|p2a: SantiCazorla|move: Protect\n|move|p2b: Szczesny|Bulk Up|p2b: Szczesny\n|-boost|p2b: Szczesny|atk|1\n|-boost|p2b: Szczesny|def|1\n|\n|-weather|Snow|[upkeep]\n|upkeep\n|turn|7\n|\n|t:|1683883465\n|-end|p1b: Great Tusk|Protosynthesis|[silent]\n|switch|p1b: Torkoal|Torkoal, L50, M|50\/100\n|-weather|SunnyDay|[from] ability: Drought|[of] p1b: Torkoal\n|-activate|p1a: Flutter Mane|ability: Protosynthesis\n|-start|p1a: Flutter Mane|protosynthesisspe\n|move|p2b: Szczesny|Shadow Sneak|p1a: Flutter Mane\n|-supereffective|p1a: Flutter Mane\n|-damage|p1a: Flutter Mane|0 fnt\n|faint|p1a: Flutter Mane\n|-end|p1a: Flutter Mane|Protosynthesis|[silent]\n|move|p2a: SantiCazorla|Hydro Pump|p1b: Torkoal\n|-supereffective|p1b: Torkoal\n|-damage|p1b: Torkoal|3\/100\n|\n|-weather|SunnyDay|[upkeep]\n|upkeep\n|\n|t:|1683883474\n|switch|p1a: Great Tusk|Great Tusk, L50|100\/100\n|-activate|p1a: Great Tusk|ability: Protosynthesis\n|-start|p1a: Great Tusk|protosynthesisatk\n|turn|8\n|inactive|pecurto23 has 30 seconds left.\n|\n|t:|1683883508\n|move|p2b: Szczesny|Shadow Sneak|p1b: Torkoal\n|-damage|p1b: Torkoal|0 fnt\n|faint|p1b: Torkoal\n|move|p1a: Great Tusk|Ice Spinner|p2a: SantiCazorla\n|-resisted|p2a: SantiCazorla\n|-damage|p2a: SantiCazorla|0 fnt\n|faint|p2a: SantiCazorla\n|-end|p2a: SantiCazorla|Quark Drive|[silent]\n|\n|-weather|SunnyDay|[upkeep]\n|-sideend|p2: pecurto23|move: Aurora Veil\n|upkeep\n|turn|9\n|\n|t:|1683883516\n|move|p1a: Great Tusk|Ice Spinner|p2b: Szczesny\n|-supereffective|p2b: Szczesny\n|-damage|p2b: Szczesny|39\/100\n|move|p2b: Szczesny|Bitter Blade|p1a: Great Tusk\n|-damage|p1a: Great Tusk|14\/100\n|-heal|p2b: Szczesny|85\/100|[from] drain|[of] p1a: Great Tusk\n|\n|-weather|SunnyDay|[upkeep]\n|upkeep\n|turn|10\n|\n|t:|1683883528\n|move|p2b: Szczesny|Shadow Sneak|p1a: Great Tusk\n|-damage|p1a: Great Tusk|0 fnt\n|faint|p1a: Great Tusk\n|-end|p1a: Great Tusk|Protosynthesis|[silent]\n|\n|win|pecurto23\n|raw|Big SolidSnake TV's rating: 1319 → 1303<\/strong> (-16 for losing)\n|raw|pecurto23's rating: 1383 → 1399<\/strong> (+16 for winning)\n|l|\u2606Big SolidSnake TV\n","uploadtime":1683883540,"views":10,"p1id":"bigsolidsnaketv","p2id":"pecurto23","formatid":"gen9vgc2023regulationc","rating":1303,"private":0,"password":""}