{"id":"gen9vgc2023regulationc-1859886842","p1":"bgcfranky","p2":"RickPerrits","format":"[Gen 9] VGC 2023 Regulation C","log":"|j|\u2606bgcfranky\n|j|\u2606RickPerrits\n|t:|1683572877\n|gametype|doubles\n|player|p1|bgcfranky|rocketgrunt|1280\n|player|p2|RickPerrits|gambler|1288\n|teamsize|p1|6\n|teamsize|p2|6\n|gen|9\n|tier|[Gen 9] VGC 2023 Regulation C\n|rated|\n|rule|Species Clause: Limit one of each Pok\u00e9mon\n|rule|Item Clause: Limit one of each item\n|clearpoke\n|poke|p1|Volcarona, L50, F|\n|poke|p1|Wo-Chien, L50|\n|poke|p1|Grimmsnarl, L50, M|\n|poke|p1|Iron Hands, L50|\n|poke|p1|Slowking, L50, M|\n|poke|p1|Salamence, L50, F|\n|poke|p2|Scizor, L50, F|\n|poke|p2|Altaria, L50, M|\n|poke|p2|Coalossal, L50, M|\n|poke|p2|Grimmsnarl, L50, M|\n|poke|p2|Pawmot, L50, M|\n|poke|p2|Iron Hands, L50|\n|teampreview|4\n|\n|t:|1683572919\n|start\n|switch|p1a: Salamence|Salamence, L50, F, shiny|100\/100\n|switch|p1b: Grimmsnarl|Grimmsnarl, L50, M, shiny|100\/100\n|switch|p2a: Altaria|Altaria, L50, M|100\/100\n|switch|p2b: Scizor|Scizor, L50, F|100\/100\n|-ability|p1a: Salamence|Intimidate|boost\n|-unboost|p2a: Altaria|atk|1\n|-unboost|p2b: Scizor|atk|1\n|-ability|p2a: Altaria|Cloud Nine\n|turn|1\n|\n|t:|1683572958\n|-terastallize|p1b: Grimmsnarl|Fire\n|move|p1b: Grimmsnarl|Fake Out|p2a: Altaria\n|-damage|p2a: Altaria|91\/100\n|move|p2b: Scizor|Bullet Punch|p1b: Grimmsnarl\n|-resisted|p1b: Grimmsnarl\n|-damage|p1b: Grimmsnarl|89\/100\n|move|p1a: Salamence|Draco Meteor|p2a: Altaria\n|-supereffective|p2a: Altaria\n|-damage|p2a: Altaria|0 fnt\n|-unboost|p1a: Salamence|spa|2\n|faint|p2a: Altaria\n|-damage|p1a: Salamence|91\/100|[from] item: Life Orb\n|\n|upkeep\n|\n|t:|1683572970\n|switch|p2a: Iron Hands|Iron Hands, L50|100\/100\n|turn|2\n|\n|t:|1683572997\n|switch|p1a: Wo-Chien|Wo-Chien, L50|100\/100\n|-ability|p1a: Wo-Chien|Tablets of Ruin\n|switch|p2b: Coalossal|Coalossal, L50, M|100\/100\n|-terastallize|p2a: Iron Hands|Ghost\n|move|p1b: Grimmsnarl|Parting Shot|p2a: Iron Hands\n|-unboost|p2a: Iron Hands|atk|1\n|-unboost|p2a: Iron Hands|spa|1\n|\n|t:|1683573011\n|switch|p1b: Salamence|Salamence, L50, F, shiny|91\/100|[from] Parting Shot\n|-ability|p1b: Salamence|Intimidate|boost\n|-unboost|p2a: Iron Hands|atk|1\n|-unboost|p2b: Coalossal|atk|1\n|move|p2a: Iron Hands|Ice Punch|p1a: Wo-Chien\n|-supereffective|p1a: Wo-Chien\n|-damage|p1a: Wo-Chien|84\/100\n|\n|upkeep\n|turn|3\n|\n|t:|1683573038\n|switch|p1b: Iron Hands|Iron Hands, L50|100\/100\n|-end|p2a: Iron Hands|Quark Drive|[silent]\n|switch|p2a: Scizor|Scizor, L50, F|100\/100\n|move|p1a: Wo-Chien|Knock Off|p2b: Coalossal\n|-damage|p2b: Coalossal|77\/100\n|-enditem|p2b: Coalossal|Covert Cloak|[from] move: Knock Off|[of] p1a: Wo-Chien\n|move|p2b: Coalossal|Flamethrower|p1a: Wo-Chien\n|-supereffective|p1a: Wo-Chien\n|-damage|p1a: Wo-Chien|46\/100\n|\n|upkeep\n|turn|4\n|\n|t:|1683573060\n|switch|p1a: Grimmsnarl|Grimmsnarl, L50, M, shiny, tera:Fire|89\/100\n|move|p2a: Scizor|Pounce|p1a: Grimmsnarl\n|-resisted|p1a: Grimmsnarl\n|-damage|p1a: Grimmsnarl|66\/100\n|move|p1b: Iron Hands|Drain Punch|p2b: Coalossal\n|-supereffective|p2b: Coalossal\n|-damage|p2b: Coalossal|16\/100\n|move|p2b: Coalossal|Flamethrower|p1b: Iron Hands\n|-damage|p1b: Iron Hands|74\/100\n|\n|upkeep\n|turn|5\n|\n|t:|1683573091\n|move|p1a: Grimmsnarl|Parting Shot|p2b: Coalossal\n|-unboost|p2b: Coalossal|atk|1\n|-unboost|p2b: Coalossal|spa|1\n|\n|t:|1683573095\n|switch|p1a: Salamence|Salamence, L50, F, shiny|91\/100|[from] Parting Shot\n|-ability|p1a: Salamence|Intimidate|boost\n|-unboost|p2a: Scizor|atk|1\n|-unboost|p2b: Coalossal|atk|1\n|move|p2a: Scizor|Aerial Ace|p1b: Iron Hands\n|-damage|p1b: Iron Hands|60\/100\n|move|p1b: Iron Hands|Belly Drum|p1b: Iron Hands\n|-damage|p1b: Iron Hands|10\/100\n|-setboost|p1b: Iron Hands|atk|6|[from] move: Belly Drum\n|-enditem|p1b: Iron Hands|Sitrus Berry|[eat]\n|-heal|p1b: Iron Hands|35\/100|[from] item: Sitrus Berry\n|move|p2b: Coalossal|Power Gem|p1a: Salamence\n|-supereffective|p1a: Salamence\n|-damage|p1a: Salamence|45\/100\n|\n|upkeep\n|turn|6\n|\n|t:|1683573122\n|switch|p2b: Iron Hands|Iron Hands, L50, tera:Ghost|100\/100\n|move|p1a: Salamence|Air Slash|p2b: Iron Hands\n|-damage|p2b: Iron Hands|75\/100\n|-damage|p1a: Salamence|35\/100|[from] item: Life Orb\n|move|p2a: Scizor|Aerial Ace|p1b: Iron Hands\n|-damage|p1b: Iron Hands|20\/100\n|move|p1b: Iron Hands|Drain Punch|p2a: Scizor\n|-damage|p2a: Scizor|0 fnt\n|-heal|p1b: Iron Hands|51\/100|[from] drain|[of] p2a: Scizor\n|faint|p2a: Scizor\n|\n|upkeep\n|\n|t:|1683573133\n|switch|p2a: Coalossal|Coalossal, L50, M|16\/100\n|turn|7\n|\n|t:|1683573156\n|move|p1a: Salamence|Draco Meteor|p2a: Coalossal\n|-damage|p2a: Coalossal|0 fnt\n|-unboost|p1a: Salamence|spa|2\n|faint|p2a: Coalossal\n|-damage|p1a: Salamence|25\/100|[from] item: Life Orb\n|move|p2b: Iron Hands|Drain Punch|p1b: Iron Hands\n|-damage|p1b: Iron Hands|22\/100\n|-heal|p2b: Iron Hands|92\/100|[from] drain|[of] p1b: Iron Hands\n|move|p1b: Iron Hands|Drain Punch|p2b: Iron Hands\n|-immune|p2b: Iron Hands\n|\n|upkeep\n|turn|8\n|\n|t:|1683573176\n|move|p1a: Salamence|Tailwind|p1a: Salamence\n|-sidestart|p1: bgcfranky|move: Tailwind\n|move|p1b: Iron Hands|Thunder Punch|p2b: Iron Hands\n|-damage|p2b: Iron Hands|0 fnt\n|faint|p2b: Iron Hands\n|-end|p2b: Iron Hands|Quark Drive|[silent]\n|\n|win|bgcfranky\n|raw|bgcfranky's rating: 1280 → 1306<\/strong> (+26 for winning)\n|raw|RickPerrits's rating: 1288 → 1262<\/strong> (-26 for losing)\n|c|\u2606bgcfranky|gg\n|c|\u2606RickPerrits|gg\n","uploadtime":1683573187,"views":8,"p1id":"bgcfranky","p2id":"rickperrits","formatid":"gen9vgc2023regulationc","rating":1262,"private":0,"password":""}