{"id":"gen9vgc2023regulationc-1852429762","p1":"Bloo77","p2":"aiex72","format":"[Gen 9] VGC 2023 Regulation C","log":"|j|\u2606Bloo77\n|j|\u2606aiex72\n|t:|1682556575\n|gametype|doubles\n|player|p1|Bloo77|palmer|1100\n|player|p2|aiex72|102|1062\n|teamsize|p1|6\n|teamsize|p2|6\n|gen|9\n|tier|[Gen 9] VGC 2023 Regulation C\n|rated|\n|rule|Species Clause: Limit one of each Pok\u00e9mon\n|rule|Item Clause: Limit one of each item\n|clearpoke\n|poke|p1|Ting-Lu, L50|\n|poke|p1|Flutter Mane, L50|\n|poke|p1|Arcanine, L50, F|\n|poke|p1|Amoonguss, L50, M|\n|poke|p1|Dragonite, L50, M|\n|poke|p1|Palafin, L50, F|\n|poke|p2|Dondozo, L50, M|\n|poke|p2|Tatsugiri, L50, F|\n|poke|p2|Torkoal, L50, F|\n|poke|p2|Brute Bonnet, L50|\n|poke|p2|Hatterene, L50, F|\n|poke|p2|Amoonguss, L50, M|\n|teampreview|4\nBloo77 has agreed to open team sheets.\n|inactive|Battle timer is ON: inactive players will automatically lose when time's up. (requested by Bloo77)\n|\n|t:|1682556614\n|start\n|switch|p1a: Gucci Mane|Flutter Mane, L50|100\/100\n|switch|p1b: Ting-Lu|Ting-Lu, L50|100\/100\n|switch|p2a: Hatterene|Hatterene, L50, F|100\/100\n|switch|p2b: Amoonguss|Amoonguss, L50, M|100\/100\n|-ability|p1b: Ting-Lu|Vessel of Ruin\n|turn|1\n|\n|t:|1682556636\n|-end|p1a: Gucci Mane|Protosynthesis|[silent]\n|switch|p1a: Bunga|Amoonguss, L50, M|100\/100\n|-terastallize|p1b: Ting-Lu|Electric\n|move|p2b: Amoonguss|Rage Powder|p2b: Amoonguss\n|-singleturn|p2b: Amoonguss|move: Rage Powder\n|move|p1b: Ting-Lu|Ruination|p2b: Amoonguss\n|-damage|p2b: Amoonguss|51\/100\n|move|p2a: Hatterene|Trick Room|p2a: Hatterene\n|-fieldstart|move: Trick Room|[of] p2a: Hatterene\n|\n|upkeep\n|turn|2\n|\n|t:|1682556658\n|move|p2a: Hatterene|Psychic|p1a: Bunga\n|-supereffective|p1a: Bunga\n|-damage|p1a: Bunga|27\/100\n|move|p1a: Bunga|Spore|p2a: Hatterene\n|move|p2a: Hatterene|Spore|p1a: Bunga|[from]ability: Magic Bounce\n|-immune|p1a: Bunga\n|move|p2b: Amoonguss|Spore|p1b: Ting-Lu\n|-status|p1b: Ting-Lu|slp|[from] move: Spore\n|cant|p1b: Ting-Lu|slp\n|\n|upkeep\n|turn|3\n|inactive|Bloo77 has 30 seconds left.\n|\n|t:|1682556693\n|switch|p2b: Torkoal|Torkoal, L50, F|100\/100\n|-weather|SunnyDay|[from] ability: Drought|[of] p2b: Torkoal\n|move|p1a: Bunga|Rage Powder|p1a: Bunga\n|-singleturn|p1a: Bunga|move: Rage Powder\n|move|p2a: Hatterene|Psychic|p1a: Bunga\n|-supereffective|p1a: Bunga\n|-damage|p1a: Bunga|0 fnt\n|faint|p1a: Bunga\n|-curestatus|p1b: Ting-Lu|slp|[msg]\n|move|p1b: Ting-Lu|Ruination|p2b: Torkoal\n|-damage|p2b: Torkoal|51\/100\n|\n|-weather|SunnyDay|[upkeep]\n|upkeep\n|\n|t:|1682556703\n|switch|p1a: Palafin|Palafin, L50, F|100\/100\n|turn|4\n|\n|t:|1682556722\n|detailschange|p1a: Palafin|Palafin-Hero, L50, F\n|switch|p1a: Gucci Mane|Flutter Mane, L50|100\/100\n|-activate|p1a: Gucci Mane|ability: Protosynthesis\n|-start|p1a: Gucci Mane|protosynthesisspe\n|move|p2b: Torkoal|Protect|p2b: Torkoal\n|-singleturn|p2b: Torkoal|Protect\n|move|p2a: Hatterene|Dazzling Gleam|p1a: Gucci Mane|[spread] p1a,p1b\n|-crit|p1a: Gucci Mane\n|-damage|p1a: Gucci Mane|62\/100\n|-damage|p1b: Ting-Lu|84\/100\n|move|p1b: Ting-Lu|Stomping Tantrum|p2a: Hatterene\n|-damage|p2a: Hatterene|71\/100\n|\n|-weather|SunnyDay|[upkeep]\n|-heal|p1b: Ting-Lu|90\/100|[from] item: Leftovers\n|upkeep\n|turn|5\n|inactive|aiex72 has 30 seconds left.\n|inactive|aiex72 has 20 seconds left.\n|\n|t:|1682556761\n|move|p2b: Torkoal|Helping Hand|p2a: Hatterene\n|-singleturn|p2a: Hatterene|Helping Hand|[of] p2b: Torkoal\n|move|p2a: Hatterene|Psychic|p1b: Ting-Lu\n|-damage|p1b: Ting-Lu|51\/100\n|move|p1b: Ting-Lu|Ruination|p2b: Torkoal\n|-damage|p2b: Torkoal|26\/100\n|move|p1a: Gucci Mane|Shadow Ball|p2a: Hatterene\n|-supereffective|p2a: Hatterene\n|-damage|p2a: Hatterene|1\/100\n|\n|-weather|SunnyDay|[upkeep]\n|-heal|p1b: Ting-Lu|57\/100|[from] item: Leftovers\n|-fieldend|move: Trick Room\n|upkeep\n|turn|6\n|\n|t:|1682556783\n|switch|p2b: Amoonguss|Amoonguss, L50, M|84\/100\n|move|p2a: Hatterene|Protect|p2a: Hatterene\n|-singleturn|p2a: Hatterene|Protect\n|move|p1a: Gucci Mane|Dazzling Gleam|p2b: Amoonguss|[spread] p2b\n|-activate|p2a: Hatterene|move: Protect\n|-resisted|p2b: Amoonguss\n|-damage|p2b: Amoonguss|73\/100\n|move|p1b: Ting-Lu|Stomping Tantrum|p2b: Amoonguss\n|-damage|p2b: Amoonguss|49\/100\n|-enditem|p2b: Amoonguss|Sitrus Berry|[eat]\n|-heal|p2b: Amoonguss|74\/100|[from] item: Sitrus Berry\n|\n|-weather|SunnyDay|[upkeep]\n|-heal|p1b: Ting-Lu|63\/100|[from] item: Leftovers\n|upkeep\n|turn|7\n|\n|t:|1682556805\n|move|p2b: Amoonguss|Rage Powder|p2b: Amoonguss\n|-singleturn|p2b: Amoonguss|move: Rage Powder\n|move|p1a: Gucci Mane|Dazzling Gleam|p2b: Amoonguss|[spread] p2a,p2b\n|-resisted|p2b: Amoonguss\n|-damage|p2a: Hatterene|0 fnt\n|-damage|p2b: Amoonguss|63\/100\n|faint|p2a: Hatterene\n|move|p1b: Ting-Lu|Fissure|p2b: Amoonguss\n|-damage|p2b: Amoonguss|0 fnt\n|faint|p2b: Amoonguss\n|-ohko\n|\n|-weather|SunnyDay|[upkeep]\n|-heal|p1b: Ting-Lu|69\/100|[from] item: Leftovers\n|upkeep\n|\n|t:|1682556817\n|switch|p2b: Brute Bonnet|Brute Bonnet, L50|100\/100\n|switch|p2a: Torkoal|Torkoal, L50, F|26\/100\n|-activate|p2b: Brute Bonnet|ability: Protosynthesis\n|-start|p2b: Brute Bonnet|protosynthesisatk\n|turn|8\n|\n|t:|1682556850\n|move|p2a: Torkoal|Helping Hand|p2b: Brute Bonnet\n|-singleturn|p2b: Brute Bonnet|Helping Hand|[of] p2a: Torkoal\n|move|p2b: Brute Bonnet|Sucker Punch|p1a: Gucci Mane\n|-damage|p1a: Gucci Mane|0 fnt\n|faint|p1a: Gucci Mane\n|-end|p1a: Gucci Mane|Protosynthesis|[silent]\n|move|p1b: Ting-Lu|Ruination|p2b: Brute Bonnet\n|-damage|p2b: Brute Bonnet|50\/100\n|\n|-weather|SunnyDay|[upkeep]\n|-heal|p1b: Ting-Lu|75\/100|[from] item: Leftovers\n|upkeep\n|\n|t:|1682556860\n|switch|p1a: Palafin|Palafin-Hero, L50, F|100\/100\n|-activate|p1a: Palafin|ability: Zero to Hero\n|turn|9\n|\n|t:|1682556876\n|move|p1a: Palafin|Drain Punch|p2b: Brute Bonnet\n|-supereffective|p2b: Brute Bonnet\n|-damage|p2b: Brute Bonnet|0 fnt\n|faint|p2b: Brute Bonnet\n|-end|p2b: Brute Bonnet|Protosynthesis|[silent]\n|move|p1b: Ting-Lu|Stomping Tantrum|p2a: Torkoal\n|-supereffective|p2a: Torkoal\n|-damage|p2a: Torkoal|0 fnt\n|faint|p2a: Torkoal\n|\n|win|Bloo77\n|raw|Bloo77's rating: 1100 → 1122<\/strong> (+22 for winning)\n|raw|aiex72's rating: 1062 → 1045<\/strong> (-17 for losing)\n","uploadtime":1682556887,"views":12,"p1id":"bloo77","p2id":"aiex72","formatid":"gen9vgc2023regulationc","rating":1045,"private":0,"password":""}