{"id":"gen9vgc2023regulationc-1848228275","p1":"Devz0424","p2":"Kammala","format":"[Gen 9] VGC 2023 Regulation C","log":"|j|\u2606Devz0424\n|j|\u2606Kammala\n|t:|1682045155\n|gametype|doubles\n|player|p1|Devz0424|palmer|1358\n|player|p2|Kammala|266|1270\n|teamsize|p1|6\n|teamsize|p2|6\n|gen|9\n|tier|[Gen 9] VGC 2023 Regulation C\n|rated|\n|rule|Species Clause: Limit one of each Pok\u00e9mon\n|rule|Item Clause: Limit one of each item\n|clearpoke\n|poke|p1|Abomasnow, L50, M|\n|poke|p1|Grimmsnarl, L50, M|\n|poke|p1|Great Tusk, L50|\n|poke|p1|Iron Bundle, L50|\n|poke|p1|Ceruledge, L50, M|\n|poke|p1|Chien-Pao, L50|\n|poke|p2|Azumarill, L50, F|\n|poke|p2|Amoonguss, L50, M|\n|poke|p2|Tauros-Paldea-Blaze, L50, M|\n|poke|p2|Ting-Lu, L50|\n|poke|p2|Baxcalibur, L50, M|\n|poke|p2|Flutter Mane, L50|\n|teampreview|4\n|inactive|Battle timer is ON: inactive players will automatically lose when time's up. (requested by Kammala)\nKammala has agreed to open team sheets.\n|inactive|Devz0424 has 60 seconds left.\n|inactive|Kammala has 60 seconds left.\n|\n|t:|1682045197\n|start\n|switch|p1a: Abomasnow|Abomasnow, L50, M|100\/100\n|switch|p1b: Iron Bundle|Iron Bundle, L50|100\/100\n|switch|p2a: Ting-Lu|Ting-Lu, L50|100\/100\n|switch|p2b: Azumarill|Azumarill, L50, F|100\/100\n|-weather|Snow|[from] ability: Snow Warning|[of] p1a: Abomasnow\n|-ability|p2a: Ting-Lu|Vessel of Ruin\n|-enditem|p1b: Iron Bundle|Booster Energy\n|-activate|p1b: Iron Bundle|ability: Quark Drive|[fromitem]\n|-start|p1b: Iron Bundle|quarkdrivespe\n|turn|1\n|inactive|Devz0424 has 30 seconds left.\n|\n|t:|1682045224\n|-terastallize|p2a: Ting-Lu|Poison\n|move|p1b: Iron Bundle|Blizzard|p2a: Ting-Lu|[spread] p2a,p2b\n|-resisted|p2b: Azumarill\n|-damage|p2a: Ting-Lu|79\/100\n|-damage|p2b: Azumarill|90\/100\n|move|p1a: Abomasnow|Aurora Veil|p1a: Abomasnow\n|-sidestart|p1: Devz0424|move: Aurora Veil\n|move|p2b: Azumarill|Superpower|p1b: Iron Bundle\n|-supereffective|p1b: Iron Bundle\n|-damage|p1b: Iron Bundle|42\/100\n|-unboost|p2b: Azumarill|atk|1\n|-unboost|p2b: Azumarill|def|1\n|move|p2a: Ting-Lu|Stealth Rock|p1a: Abomasnow\n|-sidestart|p1: Devz0424|move: Stealth Rock\n|\n|-weather|Snow|[upkeep]\n|-heal|p2a: Ting-Lu|85\/100|[from] item: Leftovers\n|upkeep\n|turn|2\n|\n|t:|1682045247\n|move|p1b: Iron Bundle|Freeze-Dry|p2b: Azumarill\n|-supereffective|p2b: Azumarill\n|-damage|p2b: Azumarill|56\/100\n|move|p1a: Abomasnow|Blizzard|p2b: Azumarill|[spread] p2a,p2b\n|-resisted|p2b: Azumarill\n|-damage|p2a: Ting-Lu|66\/100\n|-damage|p2b: Azumarill|47\/100\n|move|p2b: Azumarill|Superpower|p1b: Iron Bundle\n|-supereffective|p1b: Iron Bundle\n|-damage|p1b: Iron Bundle|5\/100\n|-unboost|p2b: Azumarill|atk|1\n|-unboost|p2b: Azumarill|def|1\n|move|p2a: Ting-Lu|Ruination|p1a: Abomasnow\n|-damage|p1a: Abomasnow|51\/100\n|\n|-weather|Snow|[upkeep]\n|-heal|p2a: Ting-Lu|72\/100|[from] item: Leftovers\n|upkeep\n|turn|3\n|inactive|Devz0424 has 30 seconds left.\n|inactive|Devz0424 has 20 seconds left.\n|\n|t:|1682045283\n|move|p2b: Azumarill|Aqua Jet|p1b: Iron Bundle\n|-resisted|p1b: Iron Bundle\n|-damage|p1b: Iron Bundle|1\/100\n|move|p1b: Iron Bundle|Blizzard|p2a: Ting-Lu|[spread] p2a,p2b\n|-resisted|p2b: Azumarill\n|-damage|p2a: Ting-Lu|50\/100\n|-damage|p2b: Azumarill|36\/100\n|move|p1a: Abomasnow|Energy Ball|p2b: Azumarill\n|-supereffective|p2b: Azumarill\n|-damage|p2b: Azumarill|0 fnt\n|faint|p2b: Azumarill\n|move|p2a: Ting-Lu|Heavy Slam|p1a: Abomasnow\n|-supereffective|p1a: Abomasnow\n|-damage|p1a: Abomasnow|10\/100\n|-enditem|p1a: Abomasnow|Sitrus Berry|[eat]\n|-heal|p1a: Abomasnow|35\/100|[from] item: Sitrus Berry\n|\n|-weather|Snow|[upkeep]\n|-heal|p2a: Ting-Lu|57\/100|[from] item: Leftovers\n|upkeep\n|\n|t:|1682045302\n|switch|p2b: Tauros|Tauros-Paldea-Blaze, L50, M|100\/100\n|-ability|p2b: Tauros|Intimidate|boost\n|-unboost|p1a: Abomasnow|atk|1\n|-unboost|p1b: Iron Bundle|atk|1\n|turn|4\n|inactive|Kammala has 30 seconds left.\n|\n|t:|1682045327\n|move|p2b: Tauros|Protect|p2b: Tauros\n|-singleturn|p2b: Tauros|Protect\n|move|p1b: Iron Bundle|Hydro Pump|p2b: Tauros\n|-activate|p2b: Tauros|move: Protect\n|move|p1a: Abomasnow|Blizzard|p2b: Tauros|[spread] p2a\n|-activate|p2b: Tauros|move: Protect\n|-damage|p2a: Ting-Lu|37\/100\n|move|p2a: Ting-Lu|Heavy Slam|p1b: Iron Bundle\n|-damage|p1b: Iron Bundle|0 fnt\n|faint|p1b: Iron Bundle\n|-end|p1b: Iron Bundle|Quark Drive|[silent]\n|\n|-weather|Snow|[upkeep]\n|-heal|p2a: Ting-Lu|43\/100|[from] item: Leftovers\n|upkeep\n|\n|t:|1682045351\n|switch|p1b: Chien-Pao|Chien-Pao, L50|100\/100\n|-damage|p1b: Chien-Pao|75\/100|[from] Stealth Rock\n|-ability|p1b: Chien-Pao|Sword of Ruin\n|turn|5\n|\n|t:|1682045362\n|switch|p1a: Ceruledge|Ceruledge, L50, M|100\/100\n|-damage|p1a: Ceruledge|76\/100|[from] Stealth Rock\n|move|p2a: Ting-Lu|Protect|p2a: Ting-Lu\n|-singleturn|p2a: Ting-Lu|Protect\n|move|p1b: Chien-Pao|Ice Spinner|p2a: Ting-Lu\n|-activate|p2a: Ting-Lu|move: Protect\n|move|p2b: Tauros|Will-O-Wisp|p1b: Chien-Pao|[miss]\n|-miss|p2b: Tauros|p1b: Chien-Pao\n|\n|-weather|none\n|-heal|p2a: Ting-Lu|49\/100|[from] item: Leftovers\n|-sideend|p1: Devz0424|move: Aurora Veil\n|upkeep\n|turn|6\n|inactive|Devz0424 has 30 seconds left.\n|inactive|Kammala has 30 seconds left.\n|inactive|Kammala has 20 seconds left.\n|inactive|Kammala has 15 seconds left.\n|\n|t:|1682045402\n|move|p1b: Chien-Pao|Ice Spinner|p2a: Ting-Lu\n|-damage|p2a: Ting-Lu|18\/100\n|move|p2b: Tauros|Will-O-Wisp|p1b: Chien-Pao|[miss]\n|-miss|p2b: Tauros|p1b: Chien-Pao\n|move|p1a: Ceruledge|Bulk Up|p1a: Ceruledge\n|-boost|p1a: Ceruledge|atk|1\n|-boost|p1a: Ceruledge|def|1\n|move|p2a: Ting-Lu|Ruination|p1a: Ceruledge\n|-damage|p1a: Ceruledge|38\/100\n|\n|-heal|p2a: Ting-Lu|24\/100|[from] item: Leftovers\n|upkeep\n|turn|7\n|\n|t:|1682045424\n|move|p2a: Ting-Lu|Protect|p2a: Ting-Lu\n|-singleturn|p2a: Ting-Lu|Protect\n|move|p1b: Chien-Pao|Sacred Sword|p2b: Tauros\n|-damage|p2b: Tauros|63\/100\n|move|p2b: Tauros|Close Combat|p1b: Chien-Pao\n|-supereffective|p1b: Chien-Pao\n|-crit|p1b: Chien-Pao\n|-damage|p1b: Chien-Pao|0 fnt\n|-unboost|p2b: Tauros|def|1\n|-unboost|p2b: Tauros|spd|1\n|faint|p1b: Chien-Pao\n|move|p1a: Ceruledge|Bitter Blade|p2a: Ting-Lu\n|-activate|p2a: Ting-Lu|move: Protect\n|\n|-heal|p2a: Ting-Lu|30\/100|[from] item: Leftovers\n|upkeep\n|\n|t:|1682045442\n|switch|p1b: Abomasnow|Abomasnow, L50, M|35\/100\n|-damage|p1b: Abomasnow|10\/100|[from] Stealth Rock\n|-weather|Snow|[from] ability: Snow Warning|[of] p1b: Abomasnow\n|turn|8\n|\n|t:|1682045458\n|move|p2b: Tauros|Flare Blitz|p1b: Abomasnow\n|-supereffective|p1b: Abomasnow\n|-damage|p1b: Abomasnow|0 fnt\n|faint|p1b: Abomasnow\n|-damage|p2b: Tauros|59\/100|[from] Recoil\n|move|p1a: Ceruledge|Bitter Blade|p2b: Tauros\n|-resisted|p2b: Tauros\n|-damage|p2b: Tauros|11\/100\n|-heal|p1a: Ceruledge|67\/100|[from] drain|[of] p2b: Tauros\n|move|p2a: Ting-Lu|Ruination|p1a: Ceruledge\n|-damage|p1a: Ceruledge|34\/100\n|\n|-weather|Snow|[upkeep]\n|-heal|p2a: Ting-Lu|36\/100|[from] item: Leftovers\n|upkeep\n|turn|9\n|inactive|Kammala has 30 seconds left.\n|inactive|Kammala has 20 seconds left.\n|inactive|Kammala has 15 seconds left.\n|inactive|Kammala has 10 seconds left.\n|\n|t:|1682045506\n|switch|p2b: Flutter Mane|Flutter Mane, L50|100\/100\n|-enditem|p2b: Flutter Mane|Booster Energy\n|-activate|p2b: Flutter Mane|ability: Protosynthesis|[fromitem]\n|-start|p2b: Flutter Mane|protosynthesisspa\n|move|p2a: Ting-Lu|Protect|p2a: Ting-Lu\n|-singleturn|p2a: Ting-Lu|Protect\n|move|p1a: Ceruledge|Bitter Blade|p2a: Ting-Lu\n|-activate|p2a: Ting-Lu|move: Protect\n|\n|-weather|Snow|[upkeep]\n|-heal|p2a: Ting-Lu|42\/100|[from] item: Leftovers\n|upkeep\n|turn|10\n|\n|t:|1682045523\n|move|p1a: Ceruledge|Shadow Sneak|p2b: Flutter Mane\n|-supereffective|p2b: Flutter Mane\n|-damage|p2b: Flutter Mane|0 fnt\n|faint|p2b: Flutter Mane\n|-end|p2b: Flutter Mane|Protosynthesis|[silent]\n|move|p2a: Ting-Lu|Ruination|p1a: Ceruledge\n|-damage|p1a: Ceruledge|18\/100\n|\n|-weather|Snow|[upkeep]\n|-heal|p2a: Ting-Lu|48\/100|[from] item: Leftovers\n|upkeep\n|\n|t:|1682045530\n|switch|p2b: Tauros|Tauros-Paldea-Blaze, L50, M|11\/100\n|-ability|p2b: Tauros|Intimidate|boost\n|-fail|p1a: Ceruledge|unboost|[from] item: Clear Amulet|[of] p1a: Ceruledge\n|turn|11\n|\n|t:|1682045552\n|move|p1a: Ceruledge|Shadow Sneak|p2b: Tauros\n|-damage|p2b: Tauros|0 fnt\n|faint|p2b: Tauros\n|move|p2a: Ting-Lu|Heavy Slam|p1a: Ceruledge\n|-resisted|p1a: Ceruledge\n|-damage|p1a: Ceruledge|0 fnt\n|faint|p1a: Ceruledge\n|\n|win|Kammala\n|raw|Devz0424's rating: 1358 → 1333<\/strong> (-25 for losing)\n|raw|Kammala's rating: 1270 → 1301<\/strong> (+31 for winning)\n|l|\u2606Devz0424\n","uploadtime":1682045567,"views":14,"p1id":"devz0424","p2id":"kammala","formatid":"gen9vgc2023regulationc","rating":1301,"private":0,"password":""}