{"id":"gen9vgc2023regulationc-1846076673","p1":"gresse","p2":"gholdjunge","format":"[Gen 9] VGC 2023 Regulation C","log":"|j|\u2606gresse\n|j|\u2606gholdjunge\n|t:|1681802356\n|gametype|doubles\n|player|p1|gresse|doubleteam|1616\n|player|p2|gholdjunge|youngster-gen2|1533\n|teamsize|p1|6\n|teamsize|p2|6\n|gen|9\n|tier|[Gen 9] VGC 2023 Regulation C\n|rated|\n|rule|Species Clause: Limit one of each Pok\u00e9mon\n|rule|Item Clause: Limit one of each item\n|clearpoke\n|poke|p1|Ting-Lu, L50|\n|poke|p1|Arcanine, L50, F|\n|poke|p1|Amoonguss, L50, F|\n|poke|p1|Eelektross, L50, M|\n|poke|p1|Chien-Pao, L50|\n|poke|p1|Flutter Mane, L50|\n|poke|p2|Azumarill, L50, M|\n|poke|p2|Pelipper, L50, M|\n|poke|p2|Chien-Pao, L50|\n|poke|p2|Amoonguss, L50, M|\n|poke|p2|Iron Hands, L50|\n|poke|p2|Flutter Mane, L50|\n|teampreview|4\n|\n|t:|1681802409\n|start\n|switch|p1a: Ting-Lu|Ting-Lu, L50|100\/100\n|switch|p1b: Eelektross|Eelektross, L50, M|100\/100\n|switch|p2a: Azumarill|Azumarill, L50, M|100\/100\n|switch|p2b: Pelipper|Pelipper, L50, M|100\/100\n|-weather|RainDance|[from] ability: Drizzle|[of] p2b: Pelipper\n|-ability|p1a: Ting-Lu|Vessel of Ruin\n|turn|1\n|\n|t:|1681802451\n|move|p2b: Pelipper|Helping Hand|p2a: Azumarill\n|-singleturn|p2a: Azumarill|Helping Hand|[of] p2b: Pelipper\n|move|p2a: Azumarill|Liquidation|p1b: Eelektross\n|-damage|p1b: Eelektross|0 fnt\n|faint|p1b: Eelektross\n|move|p1a: Ting-Lu|Rock Slide|p2b: Pelipper|[spread] p2a,p2b\n|-supereffective|p2b: Pelipper\n|-damage|p2a: Azumarill|80\/100\n|-damage|p2b: Pelipper|62\/100\n|\n|-weather|RainDance|[upkeep]\n|upkeep\n|\n|t:|1681802462\n|switch|p1b: Arcanine|Arcanine, L50, F|100\/100\n|-ability|p1b: Arcanine|Intimidate|boost\n|-unboost|p2a: Azumarill|atk|1\n|-unboost|p2b: Pelipper|atk|1\n|turn|2\n|\n|t:|1681802474\n|-terastallize|p1b: Arcanine|Grass\n|move|p2b: Pelipper|Helping Hand|p2a: Azumarill\n|-singleturn|p2a: Azumarill|Helping Hand|[of] p2b: Pelipper\n|move|p1b: Arcanine|Howl|p1b: Arcanine|[spread] p1a,p1b\n|-boost|p1a: Ting-Lu|atk|1\n|-boost|p1b: Arcanine|atk|1\n|move|p2a: Azumarill|Liquidation|p1b: Arcanine\n|-resisted|p1b: Arcanine\n|-damage|p1b: Arcanine|55\/100\n|-unboost|p1b: Arcanine|def|1\n|move|p1a: Ting-Lu|Heavy Slam|p2a: Azumarill\n|-damage|p2a: Azumarill|19\/100\n|\n|-weather|RainDance|[upkeep]\n|upkeep\n|turn|3\n|\n|t:|1681802494\n|move|p2a: Azumarill|Protect|p2a: Azumarill\n|-singleturn|p2a: Azumarill|Protect\n|move|p1b: Arcanine|Extreme Speed|p2a: Azumarill\n|-activate|p2a: Azumarill|move: Protect\n|move|p2b: Pelipper|Tailwind|p2b: Pelipper\n|-sidestart|p2: gholdjunge|move: Tailwind\n|move|p1a: Ting-Lu|Rock Slide|p2a: Azumarill|[spread] \n|-activate|p2a: Azumarill|move: Protect\n|-miss|p1a: Ting-Lu|p2b: Pelipper\n|\n|-weather|RainDance|[upkeep]\n|upkeep\n|turn|4\n|j| wrgedwa\n|\n|t:|1681802533\n|switch|p2a: Iron Hands|Iron Hands, L50|100\/100\n|move|p1b: Arcanine|Extreme Speed|p2a: Iron Hands\n|-damage|p2a: Iron Hands|78\/100\n|move|p2b: Pelipper|Hurricane|p1b: Arcanine\n|-supereffective|p1b: Arcanine\n|-damage|p1b: Arcanine|6\/100\n|-enditem|p1b: Arcanine|Figy Berry|[eat]\n|-heal|p1b: Arcanine|39\/100|[from] item: Figy Berry\n|move|p1a: Ting-Lu|Rock Slide|p2b: Pelipper|[spread] p2a\n|-miss|p1a: Ting-Lu|p2b: Pelipper\n|-resisted|p2a: Iron Hands\n|-damage|p2a: Iron Hands|68\/100\n|\n|-weather|RainDance|[upkeep]\n|upkeep\n|turn|5\n|\n|t:|1681802563\n|switch|p1b: Chien-Pao|Chien-Pao, L50|100\/100\n|-ability|p1b: Chien-Pao|Sword of Ruin\n|move|p2a: Iron Hands|Detect|p2a: Iron Hands\n|-singleturn|p2a: Iron Hands|Protect\n|move|p2b: Pelipper|Hurricane|p1b: Chien-Pao\n|-damage|p1b: Chien-Pao|52\/100\n|move|p1a: Ting-Lu|Stomping Tantrum|p2a: Iron Hands\n|-activate|p2a: Iron Hands|move: Protect\n|\n|-weather|none\n|upkeep\n|turn|6\n|j| TomoshibiNoMichi\n|j| gmuzmfpvsg\n|\n|t:|1681802641\n|move|p2b: Pelipper|Protect|p2b: Pelipper\n|-singleturn|p2b: Pelipper|Protect\n|move|p1b: Chien-Pao|Ice Spinner|p2b: Pelipper\n|-activate|p2b: Pelipper|move: Protect\n|move|p2a: Iron Hands|Drain Punch|p1b: Chien-Pao\n|-supereffective|p1b: Chien-Pao\n|-crit|p1b: Chien-Pao\n|-damage|p1b: Chien-Pao|0 fnt\n|-heal|p2a: Iron Hands|85\/100|[from] drain|[of] p1b: Chien-Pao\n|faint|p1b: Chien-Pao\n|move|p1a: Ting-Lu|Stomping Tantrum|p2a: Iron Hands\n|-supereffective|p2a: Iron Hands\n|-damage|p2a: Iron Hands|4\/100\n|\n|-sideend|p2: gholdjunge|move: Tailwind\n|upkeep\n|\n|t:|1681802646\n|switch|p1b: Arcanine|Arcanine, L50, F, tera:Grass|39\/100\n|-ability|p1b: Arcanine|Intimidate|boost\n|-unboost|p2a: Iron Hands|atk|1\n|-unboost|p2b: Pelipper|atk|1\n|turn|7\n|\n|t:|1681802701\n|-terastallize|p2b: Pelipper|Steel\n|move|p2a: Iron Hands|Detect|p2a: Iron Hands\n|-singleturn|p2a: Iron Hands|Protect\n|move|p1b: Arcanine|Howl|p1b: Arcanine|[spread] p1a,p1b\n|-boost|p1a: Ting-Lu|atk|1\n|-boost|p1b: Arcanine|atk|1\n|move|p2b: Pelipper|Tailwind|p2b: Pelipper\n|-sidestart|p2: gholdjunge|move: Tailwind\n|move|p1a: Ting-Lu|Rock Slide|p2a: Iron Hands|[spread] p2b\n|-activate|p2a: Iron Hands|move: Protect\n|-resisted|p2b: Pelipper\n|-damage|p2b: Pelipper|42\/100\n|-enditem|p2b: Pelipper|Sitrus Berry|[eat]\n|-heal|p2b: Pelipper|67\/100|[from] item: Sitrus Berry\n|\n|upkeep\n|turn|8\n|\n|t:|1681802719\n|move|p1b: Arcanine|Extreme Speed|p2a: Iron Hands\n|-damage|p2a: Iron Hands|0 fnt\n|faint|p2a: Iron Hands\n|-end|p2a: Iron Hands|Quark Drive|[silent]\n|move|p2b: Pelipper|Hurricane|p1b: Arcanine\n|-supereffective|p1b: Arcanine\n|-damage|p1b: Arcanine|0 fnt\n|faint|p1b: Arcanine\n|move|p1a: Ting-Lu|Stomping Tantrum|p2b: Pelipper\n|-supereffective|p2b: Pelipper\n|-damage|p2b: Pelipper|0 fnt\n|faint|p2b: Pelipper\n|\n|upkeep\n|\n|t:|1681802727\n|switch|p2b: Chien-Pao|Chien-Pao, L50|100\/100\n|switch|p2a: Azumarill|Azumarill, L50, M|19\/100\n|-ability|p2b: Chien-Pao|Sword of Ruin\n|turn|9\n|l| gmuzmfpvsg\n|\n|t:|1681802735\n|move|p2b: Chien-Pao|Ice Spinner|p1a: Ting-Lu\n|-supereffective|p1a: Ting-Lu\n|-damage|p1a: Ting-Lu|42\/100\n|move|p2a: Azumarill|Liquidation|p1a: Ting-Lu\n|-supereffective|p1a: Ting-Lu\n|-damage|p1a: Ting-Lu|0 fnt\n|faint|p1a: Ting-Lu\n|\n|win|gholdjunge\n|raw|gresse's rating: 1616 → 1591<\/strong> (-25 for losing)\n|raw|gholdjunge's rating: 1533 → 1558<\/strong> (+25 for winning)\n|c|\u2606gholdjunge|Gg\n|l|\u2606gresse\n|l|\u2606gholdjunge\n|l| wrgedwa\n|j|\u2606gholdjunge\n|player|p2|gholdjunge|youngster-gen2\n|l|\u2606gholdjunge\n|player|p2|\n|j|\u2606gholdjunge\n|player|p2|gholdjunge|youngster-gen2\n","uploadtime":1681802764,"views":6,"p1id":"gresse","p2id":"gholdjunge","formatid":"gen9vgc2023regulationc","rating":1558,"private":0,"password":""}