{"id":"gen9vgc2023regulationc-1859044814","p1":"KevinATL","p2":"Kyle Carlx","format":"[Gen 9] VGC 2023 Regulation C","log":"|j|\u2606KevinATL\n|j|\u2606Kyle Carlx\n|t:|1683397968\n|gametype|doubles\n|player|p1|KevinATL|2|\n|player|p2|Kyle Carlx|clay|\n|teamsize|p1|6\n|teamsize|p2|6\n|gen|9\n|tier|[Gen 9] VGC 2023 Regulation C\n|rule|Species Clause: Limit one of each Pok\u00e9mon\n|rule|Item Clause: Limit one of each item\n|clearpoke\n|poke|p1|Palafin, L50, F|\n|poke|p1|Scream Tail, L50|\n|poke|p1|Flutter Mane, L50|\n|poke|p1|Amoonguss, L50, M|\n|poke|p1|Arcanine, L50, M|\n|poke|p1|Gothitelle, L50, M|\n|poke|p2|Flutter Mane, L50|\n|poke|p2|Dragonite, L50, F|\n|poke|p2|Chien-Pao, L50|\n|poke|p2|Dondozo, L50, M|\n|poke|p2|Tatsugiri, L50, M|\n|poke|p2|Iron Hands, L50|\n|teampreview|4\nKevinATL rejected open team sheets.\n|j| KaesyGard\n|c| KaesyGard|Menos mal xD\n|c| KaesyGard|sueerteee\n|c|\u2606KevinATL|ey\n|c|\u2606KevinATL|una pregunta\n|c|\u2606KevinATL|el compa\u00f1ero en que ayuda?\n|c| KaesyGard|digamelo\n|j| AndrwApple\n|c|\u2606KevinATL|??\n|c| KaesyGard|el compa\u00f1ero te ayuda en el combate solamente a elegir lo que tienes que hacer\n|c|\u2606KevinATL|a ok\n|c|\u2606KevinATL|arrancamos?\n|c| KaesyGard|sep\n|c|\u2606KevinATL|timer?\n|c| KaesyGard|no\n|c|\u2606Kyle Carlx|Gl\n|c|\u2606KevinATL|ok\n|c|\u2606KevinATL|gl\n|c| AndrwApple|Porqu\u00e9 no aceptan ots? Vale que est\u00e1n en discord pero no es m\u00e1s pr\u00e1ctico m\n|c| AndrwApple|Digo, nada m\u00e1s\n|\n|t:|1683398107\n|start\n|switch|p1a: AMOGUS|Amoonguss, L50, M|100\/100\n|switch|p1b: AWOOOOOOOOOO|Arcanine, L50, M|100\/100\n|switch|p2a: Flutter Mane|Flutter Mane, L50, shiny|100\/100\n|switch|p2b: Chien-Pao|Chien-Pao, L50|100\/100\n|-ability|p2b: Chien-Pao|Sword of Ruin\n|-ability|p1b: AWOOOOOOOOOO|Intimidate|boost\n|-unboost|p2a: Flutter Mane|atk|1\n|-unboost|p2b: Chien-Pao|atk|1\n|-enditem|p2a: Flutter Mane|Booster Energy\n|-activate|p2a: Flutter Mane|ability: Protosynthesis|[fromitem]\n|-start|p2a: Flutter Mane|protosynthesisspa\n|turn|1\n|l| AndrwApple\n|j| AndrwApple\n|\n|t:|1683398156\n|move|p2b: Chien-Pao|Protect|p2b: Chien-Pao\n|-singleturn|p2b: Chien-Pao|Protect\n|move|p1a: AMOGUS|Protect|p1a: AMOGUS\n|-singleturn|p1a: AMOGUS|Protect\n|move|p2a: Flutter Mane|Substitute|p2a: Flutter Mane\n|-start|p2a: Flutter Mane|Substitute\n|-damage|p2a: Flutter Mane|76\/100\n|move|p1b: AWOOOOOOOOOO|Will-O-Wisp|p2b: Chien-Pao\n|-activate|p2b: Chien-Pao|move: Protect\n|\n|upkeep\n|turn|2\n|\n|t:|1683398232\n|move|p2b: Chien-Pao|Ice Spinner|p1a: AMOGUS\n|-supereffective|p1a: AMOGUS\n|-damage|p1a: AMOGUS|39\/100\n|move|p2a: Flutter Mane|Shadow Ball|p1a: AMOGUS\n|-damage|p1a: AMOGUS|1\/100\n|move|p1b: AWOOOOOOOOOO|Flare Blitz|p2b: Chien-Pao\n|-supereffective|p2b: Chien-Pao\n|-enditem|p2b: Chien-Pao|Focus Sash\n|-damage|p2b: Chien-Pao|1\/100\n|-damage|p1b: AWOOOOOOOOOO|71\/100|[from] Recoil\n|move|p1a: AMOGUS|Pollen Puff|p2b: Chien-Pao\n|-supereffective|p2b: Chien-Pao\n|-damage|p2b: Chien-Pao|0 fnt\n|faint|p2b: Chien-Pao\n|\n|upkeep\n|\n|t:|1683398266\n|switch|p2b: Iron Hands|Iron Hands, L50|100\/100\n|turn|3\n|\n|t:|1683398288\n|move|p2b: Iron Hands|Fake Out|p1b: AWOOOOOOOOOO\n|-damage|p1b: AWOOOOOOOOOO|54\/100\n|move|p2a: Flutter Mane|Shadow Ball|p1b: AWOOOOOOOOOO\n|-damage|p1b: AWOOOOOOOOOO|0 fnt\n|faint|p1b: AWOOOOOOOOOO\n|move|p1a: AMOGUS|Pollen Puff|p2a: Flutter Mane\n|-resisted|p2a: Flutter Mane\n|-activate|p2a: Flutter Mane|move: Substitute|[damage]\n|\n|upkeep\n|\n|t:|1683398310\n|switch|p1b: EEEEEEEEEEEE|Flutter Mane, L50|100\/100\n|turn|4\n|l| AndrwApple\n|\n|t:|1683398348\n|-terastallize|p1b: EEEEEEEEEEEE|Grass\n|move|p1b: EEEEEEEEEEEE|Moonblast|p2b: Iron Hands\n|-supereffective|p2b: Iron Hands\n|-damage|p2b: Iron Hands|43\/100\n|move|p2a: Flutter Mane|Shadow Ball|p1b: EEEEEEEEEEEE\n|-damage|p1b: EEEEEEEEEEEE|43\/100\n|move|p2b: Iron Hands|Volt Switch|p1a: AMOGUS\n|-resisted|p1a: AMOGUS\n|-damage|p1a: AMOGUS|0 fnt\n|faint|p1a: AMOGUS\n|\n|t:|1683398358\n|-end|p2b: Iron Hands|Quark Drive|[silent]\n|switch|p2b: Dragonite|Dragonite, L50, F|100\/100|[from] Volt Switch\n|\n|upkeep\n|\n|t:|1683398363\n|switch|p1a: GO BIRD|Gothitelle, L50, M|100\/100\n|turn|5\n|\n|t:|1683398380\n|-terastallize|p2b: Dragonite|Flying\n|move|p1b: EEEEEEEEEEEE|Shadow Ball|p2a: Flutter Mane\n|-supereffective|p2a: Flutter Mane\n|-end|p2a: Flutter Mane|Substitute\n|move|p2a: Flutter Mane|Shadow Ball|p1b: EEEEEEEEEEEE\n|-damage|p1b: EEEEEEEEEEEE|0 fnt\n|faint|p1b: EEEEEEEEEEEE\n|-end|p1b: EEEEEEEEEEEE|Protosynthesis|[silent]\n|move|p2b: Dragonite|Tera Blast|p1a: GO BIRD\n|-damage|p1a: GO BIRD|19\/100\n|-enditem|p1a: GO BIRD|Sitrus Berry|[eat]\n|-heal|p1a: GO BIRD|44\/100|[from] item: Sitrus Berry\n|move|p1a: GO BIRD|Heal Pulse|p1: EEEEEEEEEEEE|[notarget]\n|-fail|p1a: GO BIRD\n|\n|upkeep\n|turn|6\n|\n|t:|1683398396\n|move|p2a: Flutter Mane|Shadow Ball|p1a: GO BIRD\n|-supereffective|p1a: GO BIRD\n|-damage|p1a: GO BIRD|0 fnt\n|faint|p1a: GO BIRD\n|\n|win|Kyle Carlx\n|l|\u2606KevinATL\n|c|\u2606Kyle Carlx|Gg\n","uploadtime":1683398419,"views":17,"p1id":"kevinatl","p2id":"kylecarlx","formatid":"gen9vgc2023regulationc","rating":0,"private":0,"password":""}