{"id":"gen9vgc2023regulationc-1850651531","p1":"noooooooooot","p2":"Idk544","format":"[Gen 9] VGC 2023 Regulation C","log":"|j|\u2606noooooooooot\n|j|\u2606Idk544\n|t:|1682356205\n|gametype|doubles\n|player|p1|noooooooooot|n|1270\n|player|p2|Idk544|silver|1360\n|teamsize|p1|6\n|teamsize|p2|6\n|gen|9\n|tier|[Gen 9] VGC 2023 Regulation C\n|rated|\n|rule|Species Clause: Limit one of each Pok\u00e9mon\n|rule|Item Clause: Limit one of each item\n|clearpoke\n|poke|p1|Ceruledge, L50, M|\n|poke|p1|Sableye, L50, M|\n|poke|p1|Flutter Mane, L50|\n|poke|p1|Amoonguss, L50, F|\n|poke|p1|Chien-Pao, L50|\n|poke|p1|Chi-Yu, L50|\n|poke|p2|Orthworm, L50, M|\n|poke|p2|Iron Hands, L50|\n|poke|p2|Flutter Mane, L50|\n|poke|p2|Gholdengo, L50|\n|poke|p2|Gyarados, L50, M|\n|poke|p2|Ting-Lu, L50|\n|teampreview|4\nIdk544 has agreed to open team sheets.\n|inactive|Battle timer is ON: inactive players will automatically lose when time's up. (requested by noooooooooot)\n|\n|t:|1682356280\n|start\n|switch|p1a: Ceruledge|Ceruledge, L50, M|100\/100\n|switch|p1b: Sableye|Sableye, L50, M|100\/100\n|switch|p2a: Ting-Lu|Ting-Lu, L50|100\/100\n|switch|p2b: Orthworm|Orthworm, L50, M|100\/100\n|-ability|p2a: Ting-Lu|Vessel of Ruin\n|turn|1\n|inactive|noooooooooot has 30 seconds left.\n|inactive|Idk544 has 30 seconds left.\n|\n|t:|1682356312\n|move|p2b: Orthworm|Helping Hand|p2a: Ting-Lu\n|-singleturn|p2a: Ting-Lu|Helping Hand|[of] p2b: Orthworm\n|move|p1b: Sableye|Reflect|p1b: Sableye\n|-sidestart|p1: noooooooooot|Reflect\n|move|p1a: Ceruledge|Bulk Up|p1a: Ceruledge\n|-boost|p1a: Ceruledge|atk|1\n|-boost|p1a: Ceruledge|def|1\n|move|p2a: Ting-Lu|Earthquake|p1b: Sableye|[spread] p1a,p1b\n|-immune|p2b: Orthworm|[from] ability: Earth Eater\n|-supereffective|p1a: Ceruledge\n|-damage|p1a: Ceruledge|59\/100\n|-damage|p1b: Sableye|64\/100\n|\n|upkeep\n|turn|2\n|inactive|Idk544 has 30 seconds left.\n|\n|t:|1682356345\n|-terastallize|p1a: Ceruledge|Grass\n|move|p1b: Sableye|Encore|p2b: Orthworm\n|-start|p2b: Orthworm|Encore\n|move|p1a: Ceruledge|Bitter Blade|p2b: Orthworm\n|-supereffective|p2b: Orthworm\n|-damage|p2b: Orthworm|14\/100\n|-heal|p1a: Ceruledge|100\/100|[from] drain|[of] p2b: Orthworm\n|-enditem|p2b: Orthworm|Sitrus Berry|[eat]\n|-heal|p2b: Orthworm|39\/100|[from] item: Sitrus Berry\n|move|p2b: Orthworm|Helping Hand|p2a: Ting-Lu\n|-singleturn|p2a: Ting-Lu|Helping Hand|[of] p2b: Orthworm\n|move|p2a: Ting-Lu|Throat Chop|p1a: Ceruledge\n|-damage|p1a: Ceruledge|79\/100\n|-start|p1a: Ceruledge|Throat Chop|[silent]\n|\n|upkeep\n|turn|3\n|inactive|Idk544 has 30 seconds left.\n|\n|t:|1682356374\n|switch|p2b: Gyarados|Gyarados, L50, M|100\/100\n|-ability|p2b: Gyarados|Intimidate|boost\n|-fail|p1a: Ceruledge|unboost|[from] item: Clear Amulet|[of] p1a: Ceruledge\n|-unboost|p1b: Sableye|atk|1\n|switch|p1b: Amoonguss|Amoonguss, L50, F|100\/100\n|move|p1a: Ceruledge|Bulk Up|p1a: Ceruledge\n|-boost|p1a: Ceruledge|atk|1\n|-boost|p1a: Ceruledge|def|1\n|move|p2a: Ting-Lu|Earthquake|p1a: Ceruledge|[spread] p1a,p1b\n|-immune|p2b: Gyarados\n|-resisted|p1a: Ceruledge\n|-damage|p1a: Ceruledge|74\/100\n|-damage|p1b: Amoonguss|86\/100\n|\n|-heal|p1b: Amoonguss|92\/100|[from] item: Leftovers\n|-end|p1a: Ceruledge|Throat Chop|[silent]\n|upkeep\n|turn|4\n|inactive|Idk544 has 30 seconds left.\n|inactive|Idk544 has 20 seconds left.\n|inactive|Idk544 has 15 seconds left.\n|\n|t:|1682356418\n|switch|p2b: Orthworm|Orthworm, L50, M|39\/100\n|move|p1a: Ceruledge|Shadow Sneak|p2b: Orthworm\n|-damage|p2b: Orthworm|14\/100\n|move|p2a: Ting-Lu|Bulldoze|p1b: Amoonguss|[spread] p1a,p1b\n|-heal|p2b: Orthworm|39\/100|[from] ability: Earth Eater|[of] p2a: Ting-Lu\n|-resisted|p1a: Ceruledge\n|-crit|p1a: Ceruledge\n|-damage|p1a: Ceruledge|59\/100\n|-damage|p1b: Amoonguss|83\/100\n|-unboost|p1b: Amoonguss|spe|1\n|move|p1b: Amoonguss|Spore|p2a: Ting-Lu\n|-status|p2a: Ting-Lu|slp|[from] move: Spore\n|\n|-heal|p1b: Amoonguss|89\/100|[from] item: Leftovers\n|upkeep\n|turn|5\n|inactive|noooooooooot has 30 seconds left.\n|\n|t:|1682356447\n|switch|p2a: Gyarados|Gyarados, L50, M|100\/100\n|-ability|p2a: Gyarados|Intimidate|boost\n|-fail|p1a: Ceruledge|unboost|[from] item: Clear Amulet|[of] p1a: Ceruledge\n|-unboost|p1b: Amoonguss|atk|1\n|switch|p1b: Flutter Mane|Flutter Mane, L50|100\/100\n|move|p2b: Orthworm|Protect|p2b: Orthworm\n|-singleturn|p2b: Orthworm|Protect\n|move|p1a: Ceruledge|Bitter Blade|p2b: Orthworm\n|-activate|p2b: Orthworm|move: Protect\n|\n|upkeep\n|turn|6\n|inactive|Idk544 has 30 seconds left.\n|inactive|Idk544 has 20 seconds left.\n|\n|t:|1682356486\n|-terastallize|p2b: Orthworm|Dragon\n|move|p1b: Flutter Mane|Moonblast|p2a: Gyarados\n|-damage|p2a: Gyarados|18\/100\n|move|p2a: Gyarados|Bulldoze|p1a: Ceruledge|[spread] p1a,p1b\n|-heal|p2b: Orthworm|64\/100|[from] ability: Earth Eater|[of] p2a: Gyarados\n|-resisted|p1a: Ceruledge\n|-damage|p1a: Ceruledge|56\/100\n|-damage|p1b: Flutter Mane|82\/100\n|-unboost|p1b: Flutter Mane|spe|1\n|move|p1a: Ceruledge|Bitter Blade|p2b: Orthworm\n|-resisted|p2b: Orthworm\n|-damage|p2b: Orthworm|32\/100\n|-heal|p1a: Ceruledge|71\/100|[from] drain|[of] p2b: Orthworm\n|move|p2b: Orthworm|Shed Tail|p2b: Orthworm\n|-fail|p2b: Orthworm|move: Shed Tail|[weak]\n|\n|upkeep\n|turn|7\n|inactive|Idk544 has 30 seconds left.\n|\n|t:|1682356514\n|move|p2a: Gyarados|Protect|p2a: Gyarados\n|-singleturn|p2a: Gyarados|Protect\n|move|p1a: Ceruledge|Shadow Sneak|p2a: Gyarados\n|-activate|p2a: Gyarados|move: Protect\n|move|p1b: Flutter Mane|Moonblast|p2b: Orthworm\n|-supereffective|p2b: Orthworm\n|-damage|p2b: Orthworm|0 fnt\n|faint|p2b: Orthworm\n|\n|upkeep\n|-message|Idk544 forfeited.\n|\n|win|noooooooooot\n|raw|noooooooooot's rating: 1270 → 1301<\/strong> (+31 for winning)\n|raw|Idk544's rating: 1360 → 1335<\/strong> (-25 for losing)\n|l|\u2606Idk544\n","uploadtime":1682356539,"views":12,"p1id":"noooooooooot","p2id":"idk544","formatid":"gen9vgc2023regulationc","rating":1301,"private":0,"password":""}