{"id":"gen9vgc2023regulationc-1857254459","p1":"AGSilver935","p2":"ShaytheFair","format":"[Gen 9] VGC 2023 Regulation C","log":"|j|\u2606AGSilver935\n|j|\u2606ShaytheFair\n|t:|1683163958\n|gametype|doubles\n|player|p1|AGSilver935|giovanni-masters|\n|player|p2|ShaytheFair|veteranf|\n|teamsize|p1|6\n|teamsize|p2|6\n|gen|9\n|tier|[Gen 9] VGC 2023 Regulation C\n|rule|Species Clause: Limit one of each Pok\u00e9mon\n|rule|Item Clause: Limit one of each item\n|clearpoke\n|poke|p1|Baxcalibur, L50, F|\n|poke|p1|Flutter Mane, L50|\n|poke|p1|Chi-Yu, L50|\n|poke|p1|Iron Bundle, L50|\n|poke|p1|Amoonguss, L50, M|\n|poke|p1|Stonjourner, L50, M|\n|poke|p2|Palafin, L50, M|\n|poke|p2|Flutter Mane, L50|\n|poke|p2|Arcanine, L50, F|\n|poke|p2|Ting-Lu, L50|\n|poke|p2|Amoonguss, L50, M|\n|poke|p2|Kingambit, L50, M|\n|teampreview|4\nShaytheFair has agreed to open team sheets.\nAGSilver935 has agreed to open team sheets.\n|c|\u2606AGSilver935|Aight, good luck!\n|inactive|Battle timer is ON: inactive players will automatically lose when time's up. (requested by AGSilver935)\n|inactive|AGSilver935 has 60 seconds left.\n|c|\u2606ShaytheFair|Good luck to you too\n|inactive|AGSilver935 has 30 seconds left.\n|inactive|AGSilver935 has 20 seconds left.\n|\n|t:|1683164078\n|start\n|switch|p1a: Flutter Mane|Flutter Mane, L50|100\/100\n|switch|p1b: Amoonguss|Amoonguss, L50, M|100\/100\n|switch|p2a: Fish Food|Palafin, L50, M|100\/100\n|switch|p2b: Cookies n Cream|Amoonguss, L50, M|100\/100\n|turn|1\n|inactive|AGSilver935 has 30 seconds left.\n|inactive|AGSilver935 has 20 seconds left.\n|inactive|AGSilver935 has 15 seconds left.\n|inactive|AGSilver935 has 10 seconds left.\n|\n|t:|1683164128\n|detailschange|p2a: Fish Food|Palafin-Hero, L50, M\n|switch|p2a: Moose Tracks|Ting-Lu, L50|100\/100\n|-ability|p2a: Moose Tracks|Vessel of Ruin\n|move|p1a: Flutter Mane|Shadow Ball|p2a: Moose Tracks\n|-resisted|p2a: Moose Tracks\n|-damage|p2a: Moose Tracks|91\/100\n|-damage|p1a: Flutter Mane|91\/100|[from] item: Life Orb\n|move|p2b: Cookies n Cream|Spore|p1a: Flutter Mane\n|-status|p1a: Flutter Mane|slp|[from] move: Spore\n|move|p1b: Amoonguss|Spore|p2a: Moose Tracks\n|-status|p2a: Moose Tracks|slp|[from] move: Spore\n|\n|upkeep\n|turn|2\n|inactive|ShaytheFair has 30 seconds left.\n|inactive|ShaytheFair has 20 seconds left.\n|inactive|ShaytheFair has 15 seconds left.\n|inactive|ShaytheFair has 10 seconds left.\n|\n|t:|1683164173\n|cant|p1a: Flutter Mane|slp\n|move|p2b: Cookies n Cream|Rage Powder|p2b: Cookies n Cream\n|-singleturn|p2b: Cookies n Cream|move: Rage Powder\n|cant|p2a: Moose Tracks|slp\n|move|p1b: Amoonguss|Pollen Puff|p1a: Flutter Mane\n|-heal|p1a: Flutter Mane|100\/100 slp\n|\n|upkeep\n|turn|3\n|inactive|AGSilver935 has 30 seconds left.\n|\n|t:|1683164198\n|-end|p1a: Flutter Mane|Protosynthesis|[silent]\n|switch|p1a: Chi-Yu|Chi-Yu, L50|100\/100\n|-ability|p1a: Chi-Yu|Beads of Ruin\n|move|p1b: Amoonguss|Rage Powder|p1b: Amoonguss\n|-singleturn|p1b: Amoonguss|move: Rage Powder\n|-curestatus|p2a: Moose Tracks|slp|[msg]\n|move|p2a: Moose Tracks|Heavy Slam|p1b: Amoonguss\n|-damage|p1b: Amoonguss|70\/100\n|move|p2b: Cookies n Cream|Pollen Puff|p2a: Moose Tracks\n|-heal|p2a: Moose Tracks|100\/100\n|\n|upkeep\n|turn|4\n|inactive|ShaytheFair has 30 seconds left.\n|\n|t:|1683164228\n|switch|p2b: Fish Food|Palafin-Hero, L50, M|100\/100\n|-activate|p2b: Fish Food|ability: Zero to Hero\n|-terastallize|p1a: Chi-Yu|Water\n|-terastallize|p2a: Moose Tracks|Water\n|move|p1a: Chi-Yu|Overheat|p2b: Fish Food\n|-resisted|p2b: Fish Food\n|-damage|p2b: Fish Food|69\/100\n|-unboost|p1a: Chi-Yu|spa|2\n|move|p2a: Moose Tracks|Stomping Tantrum|p1a: Chi-Yu\n|-damage|p1a: Chi-Yu|43\/100\n|move|p1b: Amoonguss|Spore|p2a: Moose Tracks\n|-status|p2a: Moose Tracks|slp|[from] move: Spore\n|\n|upkeep\n|turn|5\n|inactive|ShaytheFair has 30 seconds left.\n|\n|t:|1683164259\n|switch|p1a: Baxcalibur|Baxcalibur, L50, F|100\/100\n|switch|p2b: Chocolate Cherry|Flutter Mane, L50|100\/100\n|-enditem|p2b: Chocolate Cherry|Booster Energy\n|-activate|p2b: Chocolate Cherry|ability: Protosynthesis|[fromitem]\n|-start|p2b: Chocolate Cherry|protosynthesisspa\n|cant|p2a: Moose Tracks|slp\n|move|p1b: Amoonguss|Spore|p2b: Chocolate Cherry\n|-status|p2b: Chocolate Cherry|slp|[from] move: Spore\n|\n|upkeep\n|turn|6\n|inactive|ShaytheFair has 30 seconds left.\n|\n|t:|1683164289\n|cant|p2b: Chocolate Cherry|slp\n|move|p1a: Baxcalibur|Icicle Crash|p2b: Chocolate Cherry\n|-damage|p2b: Chocolate Cherry|6\/100 slp\n|cant|p2a: Moose Tracks|slp\n|move|p1b: Amoonguss|Spore|p2a: Moose Tracks\n|-fail|p2a: Moose Tracks|slp\n|\n|upkeep\n|turn|7\n|\n|t:|1683164304\n|-end|p2b: Chocolate Cherry|Protosynthesis|[silent]\n|switch|p2b: Fish Food|Palafin-Hero, L50, M|69\/100\n|switch|p2a: Cookies n Cream|Amoonguss, L50, M|100\/100\n|move|p1a: Baxcalibur|Ice Shard|p2b: Fish Food\n|-resisted|p2b: Fish Food\n|-crit|p2b: Fish Food\n|-damage|p2b: Fish Food|51\/100\n|move|p1b: Amoonguss|Spore|p2a: Cookies n Cream\n|-immune|p2a: Cookies n Cream\n|\n|upkeep\n|turn|8\n|\n|t:|1683164327\n|move|p2a: Cookies n Cream|Rage Powder|p2a: Cookies n Cream\n|-singleturn|p2a: Cookies n Cream|move: Rage Powder\n|move|p2b: Fish Food|Wave Crash|p1a: Baxcalibur\n|-resisted|p1a: Baxcalibur\n|-damage|p1a: Baxcalibur|58\/100\n|-damage|p2b: Fish Food|36\/100|[from] Recoil\n|move|p1a: Baxcalibur|Icicle Crash|p2a: Cookies n Cream\n|-supereffective|p2a: Cookies n Cream\n|-damage|p2a: Cookies n Cream|10\/100\n|move|p1b: Amoonguss|Spore|p2b: Fish Food\n|-status|p2b: Fish Food|slp|[from] move: Spore\n|\n|upkeep\n|turn|9\n|\n|t:|1683164348\n|switch|p2a: Moose Tracks|Ting-Lu, L50, tera:Water|100\/100 slp\n|-ability|p2a: Moose Tracks|Vessel of Ruin\n|cant|p2b: Fish Food|slp\n|move|p1a: Baxcalibur|Icicle Crash|p2a: Moose Tracks\n|-resisted|p2a: Moose Tracks\n|-damage|p2a: Moose Tracks|85\/100 slp\n|move|p1b: Amoonguss|Pollen Puff|p1a: Baxcalibur\n|-heal|p1a: Baxcalibur|100\/100\n|\n|upkeep\n|turn|10\n|inactive|AGSilver935 has 30 seconds left.\n|inactive|AGSilver935 has 20 seconds left.\n|\n|t:|1683164383\n|move|p1b: Amoonguss|Rage Powder|p1b: Amoonguss\n|-singleturn|p1b: Amoonguss|move: Rage Powder\n|cant|p2b: Fish Food|slp\n|move|p1a: Baxcalibur|Glaive Rush|p2b: Fish Food\n|-damage|p2b: Fish Food|0 fnt\n|-singlemove|p1a: Baxcalibur|Glaive Rush|[silent]\n|faint|p2b: Fish Food\n|-curestatus|p2a: Moose Tracks|slp|[msg]\n|move|p2a: Moose Tracks|Earthquake|p1b: Amoonguss|[spread] p1a,p1b\n|-damage|p1a: Baxcalibur|37\/100\n|-damage|p1b: Amoonguss|38\/100\n|-enditem|p1b: Amoonguss|Sitrus Berry|[eat]\n|-heal|p1b: Amoonguss|63\/100|[from] item: Sitrus Berry\n|\n|upkeep\n|\n|t:|1683164396\n|switch|p2b: Cookies n Cream|Amoonguss, L50, M|43\/100\n|turn|11\n|\n|t:|1683164411\n|move|p1a: Baxcalibur|Protect|p1a: Baxcalibur\n|-singleturn|p1a: Baxcalibur|Protect\n|move|p2a: Moose Tracks|Ruination|p1b: Amoonguss\n|-damage|p1b: Amoonguss|32\/100\n|move|p2b: Cookies n Cream|Pollen Puff|p2a: Moose Tracks\n|-heal|p2a: Moose Tracks|100\/100\n|move|p1b: Amoonguss|Spore|p2a: Moose Tracks\n|-status|p2a: Moose Tracks|slp|[from] move: Spore\n|\n|upkeep\n|turn|12\n|\n|t:|1683164435\n|move|p1a: Baxcalibur|Icicle Crash|p2b: Cookies n Cream\n|-supereffective|p2b: Cookies n Cream\n|-damage|p2b: Cookies n Cream|0 fnt\n|faint|p2b: Cookies n Cream\n|cant|p2a: Moose Tracks|slp\n|move|p1b: Amoonguss|Pollen Puff|p1a: Baxcalibur\n|-heal|p1a: Baxcalibur|86\/100\n|\n|upkeep\n|\n|t:|1683164443\n|switch|p2b: Chocolate Cherry|Flutter Mane, L50|6\/100 slp\n|turn|13\n|\n|t:|1683164454\n|switch|p1b: Flutter Mane|Flutter Mane, L50|100\/100 slp\n|move|p1a: Baxcalibur|Ice Shard|p2b: Chocolate Cherry\n|-damage|p2b: Chocolate Cherry|0 fnt\n|faint|p2b: Chocolate Cherry\n|-end|p2b: Chocolate Cherry|Protosynthesis|[silent]\n|cant|p2a: Moose Tracks|slp\n|\n|upkeep\n|turn|14\n|\n|t:|1683164475\n|-curestatus|p1b: Flutter Mane|slp|[msg]\n|move|p1b: Flutter Mane|Moonblast|p2a: Moose Tracks\n|-damage|p2a: Moose Tracks|78\/100 slp\n|-damage|p1b: Flutter Mane|91\/100|[from] item: Life Orb\n|move|p1a: Baxcalibur|Glaive Rush|p2a: Moose Tracks\n|-damage|p2a: Moose Tracks|28\/100 slp\n|-singlemove|p1a: Baxcalibur|Glaive Rush|[silent]\n|-curestatus|p2a: Moose Tracks|slp|[msg]\n|move|p2a: Moose Tracks|Heavy Slam|p1b: Flutter Mane\n|-supereffective|p1b: Flutter Mane\n|-crit|p1b: Flutter Mane\n|-damage|p1b: Flutter Mane|0 fnt\n|faint|p1b: Flutter Mane\n|-end|p1b: Flutter Mane|Protosynthesis|[silent]\n|\n|upkeep\n|\n|t:|1683164490\n|switch|p1b: Chi-Yu|Chi-Yu, L50, tera:Water|43\/100\n|-ability|p1b: Chi-Yu|Beads of Ruin\n|turn|15\n|\n|t:|1683164498\n|move|p1b: Chi-Yu|Dark Pulse|p2a: Moose Tracks\n|-damage|p2a: Moose Tracks|7\/100\n|move|p1a: Baxcalibur|Glaive Rush|p2a: Moose Tracks\n|-damage|p2a: Moose Tracks|0 fnt\n|-singlemove|p1a: Baxcalibur|Glaive Rush|[silent]\n|faint|p2a: Moose Tracks\n|\n|win|AGSilver935\n|c|\u2606AGSilver935|gg\n|c|\u2606ShaytheFair|Gg\n","uploadtime":1683164508,"views":16,"p1id":"agsilver935","p2id":"shaythefair","formatid":"gen9vgc2023regulationc","rating":0,"private":0,"password":""}