{"id":"gen9vgc2023regulationc-1862762803","p1":"WHITEWOLF081","p2":"Poopyfartkingtrue","format":"[Gen 9] VGC 2023 Regulation C","log":"|j|\u2606WHITEWOLF081\n|j|\u2606Poopyfartkingtrue\n|t:|1683919356\n|gametype|doubles\n|player|p1|WHITEWOLF081|2|1090\n|player|p2|Poopyfartkingtrue|li|1056\n|teamsize|p1|6\n|teamsize|p2|6\n|gen|9\n|tier|[Gen 9] VGC 2023 Regulation C\n|rated|\n|rule|Species Clause: Limit one of each Pok\u00e9mon\n|rule|Item Clause: Limit one of each item\n|clearpoke\n|poke|p1|Torkoal, L50, F|\n|poke|p1|Grimmsnarl, L50, M|\n|poke|p1|Flutter Mane, L50|\n|poke|p1|Arcanine, L50, F|\n|poke|p1|Lilligant, L50, F|\n|poke|p1|Ting-Lu, L50|\n|poke|p2|Vaporeon, L50, M|\n|poke|p2|Oinkologne-F, L50, F|\n|poke|p2|Espathra, L50, M|\n|poke|p2|Muk, L50, F|\n|poke|p2|Farigiraf, L50, M|\n|poke|p2|Jigglypuff, L50, M|\n|teampreview|4\n|\n|t:|1683919385\n|start\n|switch|p1a: Grimmsnarl|Grimmsnarl, L50, M, shiny|100\/100\n|switch|p1b: Ting-Lu|Ting-Lu, L50|100\/100\n|switch|p2a: Muk|Muk, L50, F|100\/100\n|switch|p2b: Espathra|Espathra, L50, M|100\/100\n|-ability|p1b: Ting-Lu|Vessel of Ruin\n|turn|1\n|\n|t:|1683919418\n|move|p1a: Grimmsnarl|Reflect|p1a: Grimmsnarl\n|-sidestart|p1: WHITEWOLF081|Reflect\n|move|p2b: Espathra|Hypnosis|p1a: Grimmsnarl|[miss]\n|-miss|p2b: Espathra|p1a: Grimmsnarl\n|-enditem|p2b: Espathra|Blunder Policy\n|-boost|p2b: Espathra|spe|2\n|move|p2a: Muk|Toxic|p1b: Ting-Lu\n|-status|p1b: Ting-Lu|tox\n|move|p1b: Ting-Lu|Throat Chop|p2b: Espathra\n|-supereffective|p2b: Espathra\n|-damage|p2b: Espathra|19\/100\n|-start|p2b: Espathra|Throat Chop|[silent]\n|\n|-damage|p1b: Ting-Lu|95\/100 tox|[from] psn\n|upkeep\n|turn|2\n|\n|t:|1683919447\n|move|p2b: Espathra|Hypnosis|p1a: Grimmsnarl|[miss]\n|-miss|p2b: Espathra|p1a: Grimmsnarl\n|move|p1a: Grimmsnarl|Spirit Break|p2b: Espathra\n|-damage|p2b: Espathra|0 fnt\n|faint|p2b: Espathra\n|move|p2a: Muk|Stockpile|p2a: Muk\n|-start|p2a: Muk|stockpile1\n|-boost|p2a: Muk|def|1\n|-boost|p2a: Muk|spd|1\n|move|p1b: Ting-Lu|Stomping Tantrum|p2a: Muk\n|-supereffective|p2a: Muk\n|-damage|p2a: Muk|64\/100\n|\n|-heal|p2a: Muk|70\/100|[from] item: Black Sludge\n|-damage|p1b: Ting-Lu|83\/100 tox|[from] psn\n|upkeep\n|\n|t:|1683919465\n|switch|p2b: Oinkologne|Oinkologne-F, L50, F|100\/100\n|turn|3\n|\n|t:|1683919477\n|move|p1a: Grimmsnarl|Parting Shot|p2a: Muk\n|-unboost|p2a: Muk|atk|1\n|-unboost|p2a: Muk|spa|1\n|\n|t:|1683919481\n|switch|p1a: Torkoal|Torkoal, L50, F|100\/100|[from] Parting Shot\n|-weather|SunnyDay|[from] ability: Drought|[of] p1a: Torkoal\n|move|p2b: Oinkologne|Stockpile|p2b: Oinkologne\n|-start|p2b: Oinkologne|stockpile1\n|-boost|p2b: Oinkologne|def|1\n|-boost|p2b: Oinkologne|spd|1\n|move|p2a: Muk|Stockpile|p2a: Muk\n|-start|p2a: Muk|stockpile2\n|-boost|p2a: Muk|def|1\n|-boost|p2a: Muk|spd|1\n|move|p1b: Ting-Lu|Ruination|p2a: Muk\n|-damage|p2a: Muk|35\/100\n|\n|-weather|SunnyDay|[upkeep]\n|-heal|p2a: Muk|42\/100|[from] item: Black Sludge\n|-damage|p1b: Ting-Lu|65\/100 tox|[from] psn\n|upkeep\n|turn|4\n|\n|t:|1683919512\n|move|p2b: Oinkologne|Stockpile|p2b: Oinkologne\n|-start|p2b: Oinkologne|stockpile2\n|-boost|p2b: Oinkologne|def|1\n|-boost|p2b: Oinkologne|spd|1\n|move|p2a: Muk|Toxic|p1a: Torkoal\n|-status|p1a: Torkoal|tox\n|move|p1b: Ting-Lu|Stomping Tantrum|p2a: Muk\n|-supereffective|p2a: Muk\n|-damage|p2a: Muk|12\/100\n|move|p1a: Torkoal|Overheat|p2a: Muk\n|-damage|p2a: Muk|0 fnt\n|-unboost|p1a: Torkoal|spa|2\n|-enditem|p1a: Torkoal|Eject Pack\n|faint|p2a: Muk\n|\n|t:|1683919526\n|switch|p1a: Lilligant|Lilligant, L50, F|100\/100\n|\n|-weather|SunnyDay|[upkeep]\n|-damage|p1b: Ting-Lu|42\/100 tox|[from] psn\n|upkeep\n|\n|t:|1683919531\n|switch|p2a: Vaporeon|Vaporeon, L50, M|100\/100\n|turn|5\n|\n|t:|1683919546\n|switch|p1b: Grimmsnarl|Grimmsnarl, L50, M, shiny|100\/100\n|-terastallize|p2a: Vaporeon|Ice\n|move|p1a: Lilligant|Sleep Powder|p2b: Oinkologne|[miss]\n|-miss|p1a: Lilligant|p2b: Oinkologne\n|move|p2b: Oinkologne|Yawn|p1a: Lilligant\n|-start|p1a: Lilligant|move: Yawn|[of] p2b: Oinkologne\n|move|p2a: Vaporeon|Wish|p2a: Vaporeon\n|\n|-weather|SunnyDay|[upkeep]\n|upkeep\n|turn|6\n|\n|t:|1683919568\n|switch|p1a: Torkoal|Torkoal, L50, F|100\/100 tox\n|move|p1b: Grimmsnarl|Light Screen|p1b: Grimmsnarl\n|-sidestart|p1: WHITEWOLF081|move: Light Screen\n|move|p2a: Vaporeon|Calm Mind|p2a: Vaporeon\n|-boost|p2a: Vaporeon|spa|1\n|-boost|p2a: Vaporeon|spd|1\n|move|p2b: Oinkologne|Yawn||[still]\n|-fail|p2b: Oinkologne\n|\n|-weather|SunnyDay|[upkeep]\n|-damage|p1a: Torkoal|94\/100 tox|[from] psn\n|upkeep\n|turn|7\n|\n|t:|1683919585\n|move|p1b: Grimmsnarl|Parting Shot|p2a: Vaporeon\n|-unboost|p2a: Vaporeon|atk|1\n|-unboost|p2a: Vaporeon|spa|1\n|\n|t:|1683919591\n|switch|p1b: Lilligant|Lilligant, L50, F|100\/100|[from] Parting Shot\n|move|p2a: Vaporeon|Calm Mind|p2a: Vaporeon\n|-boost|p2a: Vaporeon|spa|1\n|-boost|p2a: Vaporeon|spd|1\n|move|p2b: Oinkologne|Yawn|p1b: Lilligant\n|-start|p1b: Lilligant|move: Yawn|[of] p2b: Oinkologne\n|move|p1a: Torkoal|Overheat|p2a: Vaporeon\n|-supereffective|p2a: Vaporeon\n|-damage|p2a: Vaporeon|55\/100\n|-unboost|p1a: Torkoal|spa|2\n|\n|-weather|none\n|-damage|p1a: Torkoal|82\/100 tox|[from] psn\n|upkeep\n|turn|8\n|\n|t:|1683919627\n|switch|p1a: Grimmsnarl|Grimmsnarl, L50, M, shiny|100\/100\n|-terastallize|p1b: Lilligant|Water\n|move|p1b: Lilligant|Sleep Powder|p2a: Vaporeon\n|-activate|p2a: Vaporeon|item: Safety Goggles|Sleep Powder\n|move|p2b: Oinkologne|Stockpile|p2b: Oinkologne\n|-start|p2b: Oinkologne|stockpile3\n|-boost|p2b: Oinkologne|def|1\n|-boost|p2b: Oinkologne|spd|1\n|move|p2a: Vaporeon|Wish|p2a: Vaporeon\n|\n|-end|p1b: Lilligant|move: Yawn|[silent]\n|-status|p1b: Lilligant|slp\n|-sideend|p1: WHITEWOLF081|Reflect\n|upkeep\n|turn|9\n|\n|t:|1683919652\n|switch|p1b: Ting-Lu|Ting-Lu, L50|42\/100 tox\n|-ability|p1b: Ting-Lu|Vessel of Ruin\n|move|p2b: Oinkologne|Yawn|p1a: Grimmsnarl\n|-start|p1a: Grimmsnarl|move: Yawn|[of] p2b: Oinkologne\n|move|p2a: Vaporeon|Calm Mind|p2a: Vaporeon\n|-boost|p2a: Vaporeon|spa|1\n|-boost|p2a: Vaporeon|spd|1\n|move|p1a: Grimmsnarl|Spirit Break|p2a: Vaporeon\n|-damage|p2a: Vaporeon|32\/100\n|-unboost|p2a: Vaporeon|spa|1\n|\n|-heal|p2a: Vaporeon|82\/100|[from] move: Wish|[wisher] Vaporeon\n|-damage|p1b: Ting-Lu|36\/100 tox|[from] psn\n|upkeep\n|turn|10\n|\n|t:|1683919674\n|move|p1a: Grimmsnarl|Parting Shot|p2a: Vaporeon\n|-unboost|p2a: Vaporeon|atk|1\n|-unboost|p2a: Vaporeon|spa|1\n|\n|t:|1683919678\n|switch|p1a: Torkoal|Torkoal, L50, F|82\/100 tox|[from] Parting Shot\n|-weather|SunnyDay|[from] ability: Drought|[of] p1a: Torkoal\n|move|p2b: Oinkologne|Chilling Water|p1b: Ting-Lu\n|-supereffective|p1b: Ting-Lu\n|-damage|p1b: Ting-Lu|34\/100 tox\n|-unboost|p1b: Ting-Lu|atk|1\n|move|p2a: Vaporeon|Wish|p2a: Vaporeon\n|move|p1b: Ting-Lu|Heavy Slam|p2a: Vaporeon\n|-supereffective|p2a: Vaporeon\n|-damage|p2a: Vaporeon|41\/100\n|\n|-weather|SunnyDay|[upkeep]\n|-damage|p1b: Ting-Lu|23\/100 tox|[from] psn\n|-damage|p1a: Torkoal|76\/100 tox|[from] psn\n|upkeep\n|turn|11\n|\n|t:|1683919707\n|switch|p1b: Grimmsnarl|Grimmsnarl, L50, M, shiny|100\/100\n|move|p2b: Oinkologne|Chilling Water|p1b: Grimmsnarl\n|-damage|p1b: Grimmsnarl|99\/100\n|-unboost|p1b: Grimmsnarl|atk|1\n|move|p2a: Vaporeon|Acid Armor|p2a: Vaporeon\n|-boost|p2a: Vaporeon|def|2\n|move|p1a: Torkoal|Fissure|p2b: Oinkologne|[miss]\n|-miss|p1a: Torkoal|p2b: Oinkologne\n|\n|-weather|SunnyDay|[upkeep]\n|-heal|p2a: Vaporeon|90\/100|[from] move: Wish|[wisher] Vaporeon\n|-damage|p1a: Torkoal|63\/100 tox|[from] psn\n|upkeep\n|turn|12\n|\n|t:|1683919737\n|move|p2b: Oinkologne|Chilling Water|p1a: Torkoal\n|-supereffective|p1a: Torkoal\n|-damage|p1a: Torkoal|56\/100 tox\n|-unboost|p1a: Torkoal|atk|1\n|move|p2a: Vaporeon|Calm Mind|p2a: Vaporeon\n|-boost|p2a: Vaporeon|spa|1\n|-boost|p2a: Vaporeon|spd|1\n|move|p1b: Grimmsnarl|Spirit Break|p2a: Vaporeon\n|-damage|p2a: Vaporeon|82\/100\n|-unboost|p2a: Vaporeon|spa|1\n|move|p1a: Torkoal|Fissure|p2b: Oinkologne\n|-damage|p2b: Oinkologne|0 fnt\n|faint|p2b: Oinkologne\n|-ohko\n|\n|-weather|SunnyDay|[upkeep]\n|-damage|p1a: Torkoal|38\/100 tox|[from] psn\n|upkeep\n|turn|13\n|c|\u2606Poopyfartkingtrue|Of course\n|c|\u2606Poopyfartkingtrue|30% am i right\n|\n|t:|1683919766\n|move|p2a: Vaporeon|Ice Beam|p1a: Torkoal\n|-resisted|p1a: Torkoal\n|-damage|p1a: Torkoal|20\/100 tox\n|move|p1b: Grimmsnarl|Spirit Break|p2a: Vaporeon\n|-damage|p2a: Vaporeon|74\/100\n|-unboost|p2a: Vaporeon|spa|1\n|move|p1a: Torkoal|Fissure|p2a: Vaporeon|[miss]\n|-miss|p1a: Torkoal|p2a: Vaporeon\n|\n|-weather|SunnyDay|[upkeep]\n|-damage|p1a: Torkoal|0 fnt|[from] psn\n|faint|p1a: Torkoal\n|-sideend|p1: WHITEWOLF081|move: Light Screen\n|upkeep\n|\n|t:|1683919775\n|switch|p1a: Lilligant|Lilligant, L50, F, tera:Water|100\/100 slp\n|turn|14\n|\n|t:|1683919784\n|cant|p1a: Lilligant|slp\n|move|p2a: Vaporeon|Wish|p2a: Vaporeon\n|move|p1b: Grimmsnarl|Spirit Break|p2a: Vaporeon\n|-damage|p2a: Vaporeon|66\/100\n|-unboost|p2a: Vaporeon|spa|1\n|\n|-weather|none\n|upkeep\n|turn|15\n|\n|t:|1683919805\n|-curestatus|p1a: Lilligant|slp|[msg]\n|move|p1a: Lilligant|Quiver Dance|p1a: Lilligant\n|-boost|p1a: Lilligant|spa|1\n|-boost|p1a: Lilligant|spd|1\n|-boost|p1a: Lilligant|spe|1\n|move|p2a: Vaporeon|Calm Mind|p2a: Vaporeon\n|-boost|p2a: Vaporeon|spa|1\n|-boost|p2a: Vaporeon|spd|1\n|move|p1b: Grimmsnarl|Spirit Break|p2a: Vaporeon\n|-damage|p2a: Vaporeon|59\/100\n|-unboost|p2a: Vaporeon|spa|1\n|\n|-heal|p2a: Vaporeon|100\/100|[from] move: Wish|[wisher] Vaporeon\n|upkeep\n|turn|16\n|\n|t:|1683919821\n|move|p1a: Lilligant|Quiver Dance|p1a: Lilligant\n|-boost|p1a: Lilligant|spa|1\n|-boost|p1a: Lilligant|spd|1\n|-boost|p1a: Lilligant|spe|1\n|move|p2a: Vaporeon|Ice Beam|p1a: Lilligant\n|-resisted|p1a: Lilligant\n|-damage|p1a: Lilligant|94\/100\n|move|p1b: Grimmsnarl|Spirit Break|p2a: Vaporeon\n|-damage|p2a: Vaporeon|92\/100\n|-unboost|p2a: Vaporeon|spa|1\n|\n|-heal|p1a: Lilligant|100\/100|[from] item: Leftovers\n|upkeep\n|turn|17\n|\n|t:|1683919833\n|move|p1a: Lilligant|Quiver Dance|p1a: Lilligant\n|-boost|p1a: Lilligant|spa|1\n|-boost|p1a: Lilligant|spd|1\n|-boost|p1a: Lilligant|spe|1\n|move|p2a: Vaporeon|Ice Beam|p1a: Lilligant\n|-resisted|p1a: Lilligant\n|-damage|p1a: Lilligant|97\/100\n|-status|p1a: Lilligant|frz\n|move|p1b: Grimmsnarl|Spirit Break|p2a: Vaporeon\n|-damage|p2a: Vaporeon|83\/100\n|-unboost|p2a: Vaporeon|spa|1\n|\n|-heal|p1a: Lilligant|100\/100 frz|[from] item: Leftovers\n|upkeep\n|turn|18\n|\n|t:|1683919846\n|cant|p1a: Lilligant|frz\n|move|p2a: Vaporeon|Calm Mind|p2a: Vaporeon\n|-boost|p2a: Vaporeon|spa|1\n|-boost|p2a: Vaporeon|spd|1\n|move|p1b: Grimmsnarl|Spirit Break|p2a: Vaporeon\n|-damage|p2a: Vaporeon|75\/100\n|-unboost|p2a: Vaporeon|spa|1\n|\n|upkeep\n|turn|19\n|\n|t:|1683919857\n|cant|p1a: Lilligant|frz\n|move|p2a: Vaporeon|Acid Armor|p2a: Vaporeon\n|-boost|p2a: Vaporeon|def|2\n|move|p1b: Grimmsnarl|Spirit Break|p2a: Vaporeon\n|-damage|p2a: Vaporeon|68\/100\n|-unboost|p2a: Vaporeon|spa|1\n|\n|upkeep\n|turn|20\n|\n|t:|1683919867\n|cant|p1a: Lilligant|frz\n|move|p2a: Vaporeon|Acid Armor|p2a: Vaporeon\n|-boost|p2a: Vaporeon|def|2\n|move|p1b: Grimmsnarl|Spirit Break|p2a: Vaporeon\n|-damage|p2a: Vaporeon|64\/100\n|-unboost|p2a: Vaporeon|spa|1\n|\n|upkeep\n|turn|21\n|\n|t:|1683919876\n|cant|p1a: Lilligant|frz\n|move|p2a: Vaporeon|Wish|p2a: Vaporeon\n|move|p1b: Grimmsnarl|Spirit Break|p2a: Vaporeon\n|-damage|p2a: Vaporeon|60\/100\n|\n|upkeep\n|turn|22\n|c|\u2606WHITEWOLF081|4 turns of frozen lol\n|\n|t:|1683919897\n|cant|p1a: Lilligant|frz\n|move|p2a: Vaporeon|Calm Mind|p2a: Vaporeon\n|-boost|p2a: Vaporeon|spa|1\n|-boost|p2a: Vaporeon|spd|0\n|move|p1b: Grimmsnarl|Spirit Break|p2a: Vaporeon\n|-damage|p2a: Vaporeon|56\/100\n|-unboost|p2a: Vaporeon|spa|1\n|\n|-heal|p2a: Vaporeon|100\/100|[from] move: Wish|[wisher] Vaporeon\n|upkeep\n|turn|23\n|c|\u2606WHITEWOLF081|5?!\n|\n|t:|1683919911\n|cant|p1a: Lilligant|frz\n|move|p2a: Vaporeon|Calm Mind|p2a: Vaporeon\n|-boost|p2a: Vaporeon|spa|1\n|-boost|p2a: Vaporeon|spd|0\n|move|p1b: Grimmsnarl|Spirit Break|p2a: Vaporeon\n|-damage|p2a: Vaporeon|96\/100\n|-unboost|p2a: Vaporeon|spa|1\n|\n|upkeep\n|turn|24\n|c|\u2606Poopyfartkingtrue|Yes\n|c|\u2606WHITEWOLF081|6?!!!\n|\n|t:|1683919924\n|cant|p1a: Lilligant|frz\n|move|p2a: Vaporeon|Calm Mind|p2a: Vaporeon\n|-boost|p2a: Vaporeon|spa|1\n|-boost|p2a: Vaporeon|spd|0\n|move|p1b: Grimmsnarl|Spirit Break|p2a: Vaporeon\n|-damage|p2a: Vaporeon|92\/100\n|-unboost|p2a: Vaporeon|spa|1\n|\n|upkeep\n|turn|25\n|c|\u2606WHITEWOLF081|Ok this is ridiculous lol\n|\n|t:|1683919943\n|cant|p1a: Lilligant|frz\n|move|p2a: Vaporeon|Calm Mind|p2a: Vaporeon\n|-boost|p2a: Vaporeon|spa|1\n|-boost|p2a: Vaporeon|spd|0\n|move|p1b: Grimmsnarl|Spirit Break|p2a: Vaporeon\n|-damage|p2a: Vaporeon|88\/100\n|-unboost|p2a: Vaporeon|spa|1\n|\n|upkeep\n|turn|26\n|\n|t:|1683919955\n|cant|p1a: Lilligant|frz\n|move|p2a: Vaporeon|Calm Mind|p2a: Vaporeon\n|-boost|p2a: Vaporeon|spa|1\n|-boost|p2a: Vaporeon|spd|0\n|move|p1b: Grimmsnarl|Spirit Break|p2a: Vaporeon\n|-damage|p2a: Vaporeon|83\/100\n|-unboost|p2a: Vaporeon|spa|1\n|\n|upkeep\n|turn|27\n|c|\u2606Poopyfartkingtrue|Freeze aint 10% for nothing\n|c|\u2606WHITEWOLF081|I just\n|\n|t:|1683919969\n|cant|p1a: Lilligant|frz\n|move|p2a: Vaporeon|Calm Mind|p2a: Vaporeon\n|-boost|p2a: Vaporeon|spa|1\n|-boost|p2a: Vaporeon|spd|0\n|move|p1b: Grimmsnarl|Spirit Break|p2a: Vaporeon\n|-damage|p2a: Vaporeon|79\/100\n|-unboost|p2a: Vaporeon|spa|1\n|\n|upkeep\n|turn|28\n|c|\u2606WHITEWOLF081|Don\u2019t get to play the game huh lol\n|\n|t:|1683919983\n|-curestatus|p1a: Lilligant|frz|[msg]\n|move|p1a: Lilligant|Quiver Dance|p1a: Lilligant\n|-boost|p1a: Lilligant|spa|1\n|-boost|p1a: Lilligant|spd|1\n|-boost|p1a: Lilligant|spe|1\n|move|p2a: Vaporeon|Wish|p2a: Vaporeon\n|move|p1b: Grimmsnarl|Spirit Break|p2a: Vaporeon\n|-damage|p2a: Vaporeon|75\/100\n|\n|upkeep\n|turn|29\n|\n|t:|1683919996\n|move|p1a: Lilligant|Quiver Dance|p1a: Lilligant\n|-boost|p1a: Lilligant|spa|1\n|-boost|p1a: Lilligant|spd|1\n|-boost|p1a: Lilligant|spe|1\n|move|p2a: Vaporeon|Calm Mind|p2a: Vaporeon\n|-boost|p2a: Vaporeon|spa|1\n|-boost|p2a: Vaporeon|spd|0\n|move|p1b: Grimmsnarl|Spirit Break|p2a: Vaporeon\n|-damage|p2a: Vaporeon|71\/100\n|-unboost|p2a: Vaporeon|spa|1\n|\n|-heal|p2a: Vaporeon|100\/100|[from] move: Wish|[wisher] Vaporeon\n|upkeep\n|turn|30\n|\n|t:|1683920007\n|move|p1a: Lilligant|Quiver Dance|p1a: Lilligant\n|-boost|p1a: Lilligant|spa|1\n|-boost|p1a: Lilligant|spd|1\n|-boost|p1a: Lilligant|spe|1\n|move|p2a: Vaporeon|Wish|p2a: Vaporeon\n|move|p1b: Grimmsnarl|Spirit Break|p2a: Vaporeon\n|-damage|p2a: Vaporeon|96\/100\n|\n|upkeep\n|turn|31\n|\n|t:|1683920021\n|move|p1a: Lilligant|Pollen Puff|p2a: Vaporeon\n|-damage|p2a: Vaporeon|73\/100\n|move|p2a: Vaporeon|Calm Mind|p2a: Vaporeon\n|-boost|p2a: Vaporeon|spa|1\n|-boost|p2a: Vaporeon|spd|0\n|move|p1b: Grimmsnarl|Spirit Break|p2a: Vaporeon\n|-damage|p2a: Vaporeon|69\/100\n|-unboost|p2a: Vaporeon|spa|1\n|\n|-heal|p2a: Vaporeon|100\/100|[from] move: Wish|[wisher] Vaporeon\n|upkeep\n|turn|32\n|\n|t:|1683920033\n|move|p1a: Lilligant|Pollen Puff|p2a: Vaporeon\n|-crit|p2a: Vaporeon\n|-damage|p2a: Vaporeon|0 fnt\n|faint|p2a: Vaporeon\n|\n|win|WHITEWOLF081\n|raw|WHITEWOLF081's rating: 1090 → 1114<\/strong> (+24 for winning)\n|raw|Poopyfartkingtrue's rating: 1056 → 1039<\/strong> (-17 for losing)\n|c|\u2606WHITEWOLF081|Gg\n|l|\u2606Poopyfartkingtrue\n","uploadtime":1683920049,"views":16,"p1id":"whitewolf081","p2id":"poopyfartkingtrue","formatid":"gen9vgc2023regulationc","rating":1039,"private":0,"password":""}