{"id":"gen9vgc2023regulationc-1849752994","p1":"KrickeMan\u97f3\u7bb1\u87c0\u4fa0","p2":"Jo K.O 1231","format":"[Gen 9] VGC 2023 Regulation C","log":"|j|\u2606KrickeMan\u97f3\u7bb1\u87c0\u4fa0\n|j|\u2606Jo K.O 1231\n|t:|1682245524\n|gametype|doubles\n|player|p1|KrickeMan\u97f3\u7bb1\u87c0\u4fa0|cyrus|1045\n|player|p2|Jo K.O 1231|unknown|1077\n|teamsize|p1|6\n|teamsize|p2|6\n|gen|9\n|tier|[Gen 9] VGC 2023 Regulation C\n|rated|\n|rule|Species Clause: Limit one of each Pok\u00e9mon\n|rule|Item Clause: Limit one of each item\n|clearpoke\n|poke|p1|Flutter Mane, L50|\n|poke|p1|Iron Bundle, L50|\n|poke|p1|Chi-Yu, L50|\n|poke|p1|Amoonguss, L50, F|\n|poke|p1|Talonflame, L50, M|\n|poke|p1|Great Tusk, L50|\n|poke|p2|Espathra, L50, M|\n|poke|p2|Garchomp, L50, M|\n|poke|p2|Sandy Shocks, L50|\n|poke|p2|Kilowattrel, L50, M|\n|poke|p2|Palafin, L50, M|\n|poke|p2|Orthworm, L50, M|\n|teampreview|4\n|inactive|Battle timer is ON: inactive players will automatically lose when time's up. (requested by KrickeMan\u97f3\u7bb1\u87c0\u4fa0)\n|\n|t:|1682245563\n|start\n|switch|p1a: Amoonguss|Amoonguss, L50, F|100\/100\n|switch|p1b: Chi-Yu|Chi-Yu, L50|100\/100\n|switch|p2a: Sandy Shocks|Sandy Shocks, L50|100\/100\n|switch|p2b: Orthworm|Orthworm, L50, M|100\/100\n|-ability|p1b: Chi-Yu|Beads of Ruin\n|turn|1\n|\n|t:|1682245582\n|-terastallize|p1b: Chi-Yu|Grass\n|move|p2a: Sandy Shocks|Gravity|p2a: Sandy Shocks\n|-fieldstart|move: Gravity\n|move|p1b: Chi-Yu|Heat Wave|p2a: Sandy Shocks|[spread] p2a,p2b\n|-supereffective|p2b: Orthworm\n|-damage|p2a: Sandy Shocks|41\/100\n|-damage|p2b: Orthworm|12\/100\n|-enditem|p2b: Orthworm|Sitrus Berry|[eat]\n|-heal|p2b: Orthworm|37\/100|[from] item: Sitrus Berry\n|move|p2b: Orthworm|Shed Tail|p2b: Orthworm\n|-fail|p2b: Orthworm|move: Shed Tail|[weak]\n|move|p1a: Amoonguss|Spore|p2a: Sandy Shocks\n|-status|p2a: Sandy Shocks|slp|[from] move: Spore\n|\n|upkeep\n|turn|2\n|inactive|Jo K.O 1231 has 30 seconds left.\n|inactive|Jo K.O 1231 has 20 seconds left.\n|\n|t:|1682245618\n|-end|p2a: Sandy Shocks|Protosynthesis|[silent]\n|switch|p2a: Garchomp|Garchomp, L50, M|100\/100\n|move|p1a: Amoonguss|Rage Powder|p1a: Amoonguss\n|-singleturn|p1a: Amoonguss|move: Rage Powder\n|move|p1b: Chi-Yu|Heat Wave|p2a: Garchomp|[spread] p2a,p2b\n|-resisted|p2a: Garchomp\n|-supereffective|p2b: Orthworm\n|-damage|p2a: Garchomp|74\/100\n|-damage|p2b: Orthworm|0 fnt\n|faint|p2b: Orthworm\n|\n|upkeep\n|\n|t:|1682245629\n|switch|p2b: Espathra|Espathra, L50, M|100\/100\n|turn|3\n|inactive|Jo K.O 1231 has 30 seconds left.\n|inactive|Jo K.O 1231 has 20 seconds left.\n|\n|t:|1682245666\n|move|p2b: Espathra|Protect|p2b: Espathra\n|-singleturn|p2b: Espathra|Protect\n|move|p1b: Chi-Yu|Snarl|p2b: Espathra|[spread] p2a\n|-activate|p2b: Espathra|move: Protect\n|-damage|p2a: Garchomp|47\/100\n|-unboost|p2a: Garchomp|spa|1\n|move|p2a: Garchomp|Rock Slide|p1a: Amoonguss|[spread] p1a,p1b\n|-damage|p1a: Amoonguss|73\/100\n|-damage|p1b: Chi-Yu|59\/100\n|move|p1a: Amoonguss|Spore|p2b: Espathra\n|-activate|p2b: Espathra|move: Protect\n|\n|-ability|p2b: Espathra|Speed Boost|boost\n|-boost|p2b: Espathra|spe|1\n|upkeep\n|turn|4\n|inactive|KrickeMan\u97f3\u7bb1\u87c0\u4fa0 has 30 seconds left.\n|inactive|Jo K.O 1231 has 30 seconds left.\n|inactive|KrickeMan\u97f3\u7bb1\u87c0\u4fa0 has 20 seconds left.\n|inactive|Jo K.O 1231 has 20 seconds left.\n|inactive|KrickeMan\u97f3\u7bb1\u87c0\u4fa0 has 15 seconds left.\n|inactive|Jo K.O 1231 has 15 seconds left.\n|\n|t:|1682245709\n|move|p1a: Amoonguss|Rage Powder|p1a: Amoonguss\n|-singleturn|p1a: Amoonguss|move: Rage Powder\n|move|p2b: Espathra|Hypnosis|p1a: Amoonguss\n|-status|p1a: Amoonguss|slp|[from] move: Hypnosis\n|move|p1b: Chi-Yu|Dark Pulse|p2a: Garchomp\n|-damage|p2a: Garchomp|0 fnt\n|faint|p2a: Garchomp\n|\n|-ability|p2b: Espathra|Speed Boost|boost\n|-boost|p2b: Espathra|spe|1\n|upkeep\n|\n|t:|1682245718\n|switch|p2a: Sandy Shocks|Sandy Shocks, L50|41\/100 slp\n|turn|5\n|\n|t:|1682245729\n|move|p2b: Espathra|Hypnosis|p1b: Chi-Yu\n|-status|p1b: Chi-Yu|slp|[from] move: Hypnosis\n|cant|p2a: Sandy Shocks|slp\n|cant|p1b: Chi-Yu|slp\n|cant|p1a: Amoonguss|slp\n|\n|-fieldend|move: Gravity\n|-ability|p2b: Espathra|Speed Boost|boost\n|-boost|p2b: Espathra|spe|1\n|upkeep\n|turn|6\n|\n|t:|1682245748\n|switch|p1b: Great Tusk|Great Tusk, L50, shiny|100\/100\n|switch|p1a: Iron Bundle|Iron Bundle, L50|100\/100\n|-enditem|p1a: Iron Bundle|Booster Energy\n|-activate|p1a: Iron Bundle|ability: Quark Drive|[fromitem]\n|-start|p1a: Iron Bundle|quarkdrivespe\n|move|p2b: Espathra|Protect|p2b: Espathra\n|-singleturn|p2b: Espathra|Protect\n|-curestatus|p2a: Sandy Shocks|slp|[msg]\n|move|p2a: Sandy Shocks|Gravity|p2a: Sandy Shocks\n|-fieldstart|move: Gravity\n|\n|-ability|p2b: Espathra|Speed Boost|boost\n|-boost|p2b: Espathra|spe|1\n|upkeep\n|turn|7\n|inactive|Jo K.O 1231 has 30 seconds left.\n|inactive|Jo K.O 1231 has 20 seconds left.\n|\n|t:|1682245783\n|-terastallize|p2b: Espathra|Fairy\n|move|p2b: Espathra|Hypnosis|p1b: Great Tusk\n|-status|p1b: Great Tusk|slp|[from] move: Hypnosis\n|move|p1a: Iron Bundle|Icy Wind|p2a: Sandy Shocks|[spread] p2a,p2b\n|-supereffective|p2a: Sandy Shocks\n|-damage|p2a: Sandy Shocks|0 fnt\n|-damage|p2b: Espathra|71\/100\n|faint|p2a: Sandy Shocks\n|-end|p2a: Sandy Shocks|Protosynthesis|[silent]\n|cant|p1b: Great Tusk|slp\n|\n|-ability|p2b: Espathra|Speed Boost|boost\n|-boost|p2b: Espathra|spe|1\n|upkeep\n|turn|8\n|\n|t:|1682245802\n|move|p1a: Iron Bundle|Protect|p1a: Iron Bundle\n|-singleturn|p1a: Iron Bundle|Protect\n|move|p2b: Espathra|Hypnosis|p1a: Iron Bundle\n|-activate|p1a: Iron Bundle|move: Protect\n|cant|p1b: Great Tusk|slp\n|\n|-ability|p2b: Espathra|Speed Boost|boost\n|-boost|p2b: Espathra|spe|1\n|upkeep\n|turn|9\n|\n|t:|1682245816\n|-end|p1a: Iron Bundle|Quark Drive|[silent]\n|switch|p1a: Amoonguss|Amoonguss, L50, F|100\/100 slp\n|move|p2b: Espathra|Lumina Crash|p1b: Great Tusk\n|-supereffective|p1b: Great Tusk\n|-enditem|p1b: Great Tusk|Focus Sash\n|-damage|p1b: Great Tusk|1\/100 slp\n|-unboost|p1b: Great Tusk|spd|2\n|cant|p1b: Great Tusk|slp\n|\n|upkeep\n|turn|10\n|\n|t:|1682245833\n|-curestatus|p1a: Amoonguss|slp|[msg]\n|move|p1a: Amoonguss|Rage Powder|p1a: Amoonguss\n|-singleturn|p1a: Amoonguss|move: Rage Powder\n|move|p2b: Espathra|Dazzling Gleam|p1a: Amoonguss|[spread] p1a,p1b\n|-resisted|p1a: Amoonguss\n|-supereffective|p1b: Great Tusk\n|-damage|p1a: Amoonguss|88\/100\n|-damage|p1b: Great Tusk|0 fnt\n|faint|p1b: Great Tusk\n|-end|p1b: Great Tusk|Protosynthesis|[silent]\n|\n|-fieldend|move: Gravity\n|upkeep\n|\n|t:|1682245843\n|switch|p1b: Iron Bundle|Iron Bundle, L50|100\/100\n|turn|11\n|\n|t:|1682245851\n|move|p2b: Espathra|Hypnosis|p1a: Amoonguss|[miss]\n|-miss|p2b: Espathra|p1a: Amoonguss\n|move|p1b: Iron Bundle|Hydro Pump|p2b: Espathra\n|-damage|p2b: Espathra|0 fnt\n|faint|p2b: Espathra\n|\n|win|KrickeMan\u97f3\u7bb1\u87c0\u4fa0\n|raw|KrickeMan\u97f3\u7bb1\u87c0\u4fa0's rating: 1045 → 1081<\/strong> (+36 for winning)\n|raw|Jo K.O 1231's rating: 1077 → 1053<\/strong> (-24 for losing)\n|l|\u2606Jo K.O 1231\n","uploadtime":1682245865,"views":10,"p1id":"krickeman","p2id":"joko1231","formatid":"gen9vgc2023regulationc","rating":1053,"private":0,"password":""}