{"id":"gen9vgc2023regulationc-1852329495","p1":"r3gCt3st","p2":"glitchy_potat","format":"[Gen 9] VGC 2023 Regulation C","log":"|j|\u2606r3gCt3st\n|j|\u2606glitchy_potat\n|t:|1682544647\n|gametype|doubles\n|player|p1|r3gCt3st|unknown|1395\n|player|p2|glitchy_potat|nate|1319\n|teamsize|p1|6\n|teamsize|p2|6\n|gen|9\n|tier|[Gen 9] VGC 2023 Regulation C\n|rated|\n|rule|Species Clause: Limit one of each Pok\u00e9mon\n|rule|Item Clause: Limit one of each item\n|clearpoke\n|poke|p1|Gyarados, L50, F|\n|poke|p1|Annihilape, L50, M|\n|poke|p1|Ting-Lu, L50|\n|poke|p1|Flutter Mane, L50|\n|poke|p1|Amoonguss, L50, M|\n|poke|p1|Grimmsnarl, L50, M|\n|poke|p2|Palafin, L50, M|\n|poke|p2|Dragonite, L50, F|\n|poke|p2|Brute Bonnet, L50|\n|poke|p2|Arcanine, L50, F|\n|poke|p2|Flutter Mane, L50|\n|poke|p2|Chien-Pao, L50|\n|teampreview|4\n|inactive|Battle timer is ON: inactive players will automatically lose when time's up. (requested by glitchy_potat)\n|inactive|glitchy_potat has 60 seconds left.\n|\n|t:|1682544681\n|start\n|switch|p1a: Grimmsnarl|Grimmsnarl, L50, M|100\/100\n|switch|p1b: Annihilape|Annihilape, L50, M|100\/100\n|switch|p2a: Flutter Mane|Flutter Mane, L50|100\/100\n|switch|p2b: JoJo|Palafin, L50, M|100\/100\n|-enditem|p2a: Flutter Mane|Booster Energy\n|-activate|p2a: Flutter Mane|ability: Protosynthesis|[fromitem]\n|-start|p2a: Flutter Mane|protosynthesisspe\n|turn|1\n|\n|t:|1682544689\n|move|p2a: Flutter Mane|Protect|p2a: Flutter Mane\n|-singleturn|p2a: Flutter Mane|Protect\n|move|p1b: Annihilape|Protect|p1b: Annihilape\n|-singleturn|p1b: Annihilape|Protect\n|move|p1a: Grimmsnarl|Light Screen|p1a: Grimmsnarl\n|-sidestart|p1: r3gCt3st|move: Light Screen\n|move|p2b: JoJo|Flip Turn|p1a: Grimmsnarl\n|-damage|p1a: Grimmsnarl|74\/100\n|\n|t:|1682544704\n|detailschange|p2b: JoJo|Palafin-Hero, L50, M\n|switch|p2b: Brute Bonnet|Brute Bonnet, L50|100\/100|[from] Flip Turn\n|\n|upkeep\n|turn|2\n|\n|t:|1682544728\n|-terastallize|p1b: Annihilape|Fire\n|-terastallize|p2b: Brute Bonnet|Fire\n|move|p2b: Brute Bonnet|Rage Powder|p2b: Brute Bonnet\n|-singleturn|p2b: Brute Bonnet|move: Rage Powder\n|move|p1a: Grimmsnarl|Reflect|p1a: Grimmsnarl\n|-sidestart|p1: r3gCt3st|Reflect\n|move|p2a: Flutter Mane|Dazzling Gleam|p1b: Annihilape|[spread] p1a,p1b\n|-supereffective|p1a: Grimmsnarl\n|-resisted|p1b: Annihilape\n|-damage|p1a: Grimmsnarl|34\/100\n|-damage|p1b: Annihilape|94\/100\n|move|p1b: Annihilape|Bulk Up|p1b: Annihilape\n|-boost|p1b: Annihilape|atk|1\n|-boost|p1b: Annihilape|def|1\n|\n|-heal|p1b: Annihilape|99\/100|[from] item: Leftovers\n|upkeep\n|turn|3\n|\n|t:|1682544751\n|switch|p1a: Amoonguss|Amoonguss, L50, M|100\/100\n|move|p2b: Brute Bonnet|Rage Powder|p2b: Brute Bonnet\n|-singleturn|p2b: Brute Bonnet|move: Rage Powder\n|move|p2a: Flutter Mane|Dazzling Gleam|p1b: Annihilape|[spread] p1a,p1b\n|-resisted|p1a: Amoonguss\n|-resisted|p1b: Annihilape\n|-damage|p1a: Amoonguss|91\/100\n|-damage|p1b: Annihilape|93\/100\n|move|p1b: Annihilape|Bulk Up|p1b: Annihilape\n|-boost|p1b: Annihilape|atk|1\n|-boost|p1b: Annihilape|def|1\n|\n|-heal|p1b: Annihilape|99\/100|[from] item: Leftovers\n|upkeep\n|turn|4\n|\n|t:|1682544772\n|-end|p2a: Flutter Mane|Protosynthesis|[silent]\n|switch|p2a: JoJo|Palafin-Hero, L50, M|100\/100\n|-activate|p2a: JoJo|ability: Zero to Hero\n|move|p2b: Brute Bonnet|Rage Powder|p2b: Brute Bonnet\n|-singleturn|p2b: Brute Bonnet|move: Rage Powder\n|move|p1b: Annihilape|Rage Fist|p2b: Brute Bonnet\n|-damage|p2b: Brute Bonnet|6\/100\n|-damage|p1b: Annihilape|83\/100|[from] item: Rocky Helmet|[of] p2b: Brute Bonnet\n|move|p1a: Amoonguss|Spore|p2a: JoJo\n|-status|p2a: JoJo|slp|[from] move: Spore\n|\n|-heal|p1b: Annihilape|89\/100|[from] item: Leftovers\n|upkeep\n|turn|5\n|inactive|r3gCt3st has 30 seconds left.\n|\n|t:|1682544800\n|move|p2b: Brute Bonnet|Sucker Punch|p1b: Annihilape\n|-crit|p1b: Annihilape\n|-damage|p1b: Annihilape|41\/100\n|cant|p2a: JoJo|slp\n|move|p1b: Annihilape|Rage Fist|p2b: Brute Bonnet\n|-damage|p2b: Brute Bonnet|0 fnt\n|-damage|p1b: Annihilape|25\/100|[from] item: Rocky Helmet|[of] p2b: Brute Bonnet\n|faint|p2b: Brute Bonnet\n|-end|p2b: Brute Bonnet|Protosynthesis|[silent]\n|move|p1a: Amoonguss|Pollen Puff|p1b: Annihilape\n|-heal|p1b: Annihilape|75\/100\n|\n|-heal|p1b: Annihilape|81\/100|[from] item: Leftovers\n|upkeep\n|\n|t:|1682544822\n|switch|p2b: Chien-Pao|Chien-Pao, L50|100\/100\n|-ability|p2b: Chien-Pao|Sword of Ruin\n|turn|6\n|\n|t:|1682544829\n|switch|p1a: Gyarados|Gyarados, L50, F|100\/100\n|-ability|p1a: Gyarados|Intimidate|boost\n|-unboost|p2a: JoJo|atk|1\n|-unboost|p2b: Chien-Pao|atk|1\n|move|p2b: Chien-Pao|Rain Dance|p2b: Chien-Pao\n|-weather|RainDance\n|-curestatus|p2a: JoJo|slp|[msg]\n|move|p2a: JoJo|Wave Crash|p1b: Annihilape\n|-supereffective|p1b: Annihilape\n|-crit|p1b: Annihilape\n|-damage|p1b: Annihilape|0 fnt\n|faint|p1b: Annihilape\n|-damage|p2a: JoJo|74\/100|[from] Recoil\n|\n|-weather|RainDance|[upkeep]\n|upkeep\n|c|\u2606r3gCt3st|lmao\n|c|\u2606r3gCt3st|this stupid game\n|\n|t:|1682544848\n|switch|p1b: Amoonguss|Amoonguss, L50, M|100\/100\n|turn|7\n|\n|t:|1682544859\n|move|p2b: Chien-Pao|Ice Spinner|p1b: Amoonguss\n|-supereffective|p1b: Amoonguss\n|-damage|p1b: Amoonguss|65\/100\n|-damage|p2b: Chien-Pao|84\/100|[from] item: Rocky Helmet|[of] p1b: Amoonguss\n|move|p2a: JoJo|Wave Crash|p1b: Amoonguss\n|-resisted|p1b: Amoonguss\n|-damage|p1b: Amoonguss|38\/100\n|-damage|p2a: JoJo|58\/100|[from] item: Rocky Helmet|[of] p1b: Amoonguss\n|-damage|p2a: JoJo|48\/100|[from] Recoil\n|move|p1a: Gyarados|Dragon Dance|p1a: Gyarados\n|-boost|p1a: Gyarados|atk|1\n|-boost|p1a: Gyarados|spe|1\n|move|p1b: Amoonguss|Spore|p2b: Chien-Pao\n|-status|p2b: Chien-Pao|slp|[from] move: Spore\n|\n|-weather|RainDance|[upkeep]\n|upkeep\n|turn|8\n|\n|t:|1682544881\n|switch|p1b: Grimmsnarl|Grimmsnarl, L50, M|34\/100\n|move|p2a: JoJo|Protect|p2a: JoJo\n|-singleturn|p2a: JoJo|Protect\n|cant|p2b: Chien-Pao|slp\n|move|p1a: Gyarados|Waterfall|p2a: JoJo\n|-activate|p2a: JoJo|move: Protect\n|\n|-weather|RainDance|[upkeep]\n|-sideend|p1: r3gCt3st|move: Light Screen\n|upkeep\n|turn|9\n|\n|t:|1682544896\n|move|p1b: Grimmsnarl|Light Screen|p1b: Grimmsnarl\n|-sidestart|p1: r3gCt3st|move: Light Screen\n|cant|p2b: Chien-Pao|slp\n|move|p1a: Gyarados|Waterfall|p2a: JoJo\n|-resisted|p2a: JoJo\n|-damage|p2a: JoJo|0 fnt\n|faint|p2a: JoJo\n|\n|-weather|RainDance|[upkeep]\n|-sideend|p1: r3gCt3st|Reflect\n|upkeep\n|-message|glitchy_potat forfeited.\n|\n|win|r3gCt3st\n|raw|r3gCt3st's rating: 1395 → 1411<\/strong> (+16 for winning)\n|raw|glitchy_potat's rating: 1319 → 1303<\/strong> (-16 for losing)\n|l|\u2606glitchy_potat\n|c|\u2606r3gCt3st|lmao everything went your way\n","uploadtime":1682544914,"views":10,"p1id":"r3gct3st","p2id":"glitchypotat","formatid":"gen9vgc2023regulationc","rating":1303,"private":0,"password":""}