{"id":"gen9vgc2023regulationc-1852413925","p1":"gankyburner","p2":"mysafewordisharder","format":"[Gen 9] VGC 2023 Regulation C","log":"|j|\u2606gankyburner\n|j|\u2606mysafewordisharder\n|t:|1682554635\n|gametype|doubles\n|player|p1|gankyburner|266|1214\n|player|p2|mysafewordisharder|266|1310\n|teamsize|p1|6\n|teamsize|p2|6\n|gen|9\n|tier|[Gen 9] VGC 2023 Regulation C\n|rated|\n|rule|Species Clause: Limit one of each Pok\u00e9mon\n|rule|Item Clause: Limit one of each item\n|clearpoke\n|poke|p1|Murkrow, L50, F|\n|poke|p1|Houndstone, L50, F|\n|poke|p1|Chi-Yu, L50|\n|poke|p1|Tyranitar, L50, M|\n|poke|p1|Palafin, L50, M|\n|poke|p1|Corviknight, L50, M|\n|poke|p2|Garganacl, L50, M|\n|poke|p2|Arcanine, L50, M|\n|poke|p2|Amoonguss, L50, F|\n|poke|p2|Palafin, L50, F|\n|poke|p2|Flutter Mane, L50|\n|poke|p2|Baxcalibur, L50, F|\n|teampreview|4\n|c|\u2606mysafewordisharder|glhf\nmysafewordisharder has agreed to open team sheets.\n|c|\u2606gankyburner|you too\ngankyburner has agreed to open team sheets.\n|\n|t:|1682554711\n|start\n|switch|p1a: B.H. Sun|Chi-Yu, L50|100\/100\n|switch|p1b: Ocean Man|Palafin, L50, M|100\/100\n|switch|p2a: Chest Day|Palafin, L50, F|100\/100\n|switch|p2b: Tucker|Arcanine, L50, M|100\/100\n|-ability|p1a: B.H. Sun|Beads of Ruin\n|-ability|p2b: Tucker|Intimidate|boost\n|-unboost|p1a: B.H. Sun|atk|1\n|-unboost|p1b: Ocean Man|atk|1\n|turn|1\n|\n|t:|1682554745\n|move|p1b: Ocean Man|Protect|p1b: Ocean Man\n|-singleturn|p1b: Ocean Man|Protect\n|move|p2b: Tucker|Extreme Speed|p1a: B.H. Sun\n|-damage|p1a: B.H. Sun|58\/100\n|move|p2a: Chest Day|Jet Punch|p1a: B.H. Sun\n|-supereffective|p1a: B.H. Sun\n|-damage|p1a: B.H. Sun|0 fnt\n|faint|p1a: B.H. Sun\n|\n|upkeep\n|\n|t:|1682554755\n|switch|p1a: Dragula|Houndstone, L50, F, shiny|100\/100\n|turn|2\n|\n|t:|1682554767\n|switch|p2b: Sus|Amoonguss, L50, F|100\/100\n|detailschange|p1b: Ocean Man|Palafin-Hero, L50, M\n|switch|p1b: Godzilla|Tyranitar, L50, M, shiny|100\/100\n|-weather|Sandstorm|[from] ability: Sand Stream|[of] p1b: Godzilla\n|move|p2a: Chest Day|Protect|p2a: Chest Day\n|-singleturn|p2a: Chest Day|Protect\n|move|p1a: Dragula|Howl|p1a: Dragula|[spread] p1a,p1b\n|-boost|p1a: Dragula|atk|1\n|-boost|p1b: Godzilla|atk|1\n|\n|-weather|Sandstorm|[upkeep]\n|-damage|p2a: Chest Day|94\/100|[from] Sandstorm\n|-damage|p2b: Sus|95\/100|[from] Sandstorm\n|upkeep\n|turn|3\n|\n|t:|1682554795\n|detailschange|p2a: Chest Day|Palafin-Hero, L50, F\n|switch|p2a: Tucker|Arcanine, L50, M|100\/100\n|-ability|p2a: Tucker|Intimidate|boost\n|-unboost|p1a: Dragula|atk|1\n|-unboost|p1b: Godzilla|atk|1\n|-terastallize|p1b: Godzilla|Flying\n|move|p1a: Dragula|Will-O-Wisp|p2a: Tucker|[miss]\n|-miss|p1a: Dragula|p2a: Tucker\n|move|p1b: Godzilla|Tera Blast|p2b: Sus\n|-supereffective|p2b: Sus\n|-damage|p2b: Sus|14\/100\n|-enditem|p2b: Sus|Sitrus Berry|[eat]\n|-heal|p2b: Sus|39\/100|[from] item: Sitrus Berry\n|move|p2b: Sus|Spore|p1a: Dragula\n|-status|p1a: Dragula|slp|[from] move: Spore\n|\n|-weather|Sandstorm|[upkeep]\n|-damage|p1b: Godzilla|95\/100|[from] Sandstorm\n|-damage|p2b: Sus|33\/100|[from] Sandstorm\n|upkeep\n|turn|4\n|\n|t:|1682554814\n|switch|p2b: Salt me Bae|Garganacl, L50, M|100\/100\n|cant|p1a: Dragula|slp\n|move|p2a: Tucker|Will-O-Wisp|p1b: Godzilla\n|-status|p1b: Godzilla|brn\n|move|p1b: Godzilla|Rock Slide|p2b: Salt me Bae|[spread] p2a,p2b\n|-supereffective|p2a: Tucker\n|-damage|p2a: Tucker|63\/100\n|-damage|p2b: Salt me Bae|89\/100\n|\n|-weather|Sandstorm|[upkeep]\n|-damage|p1b: Godzilla|89\/100 brn|[from] Sandstorm\n|-heal|p2b: Salt me Bae|95\/100|[from] item: Leftovers\n|-damage|p1b: Godzilla|83\/100 brn|[from] brn\n|upkeep\n|turn|5\n|\n|t:|1682554853\n|move|p2a: Tucker|Protect|p2a: Tucker\n|-singleturn|p2a: Tucker|Protect\n|cant|p1a: Dragula|slp\n|move|p1b: Godzilla|Rock Slide|p2b: Salt me Bae|[spread] p2b\n|-activate|p2a: Tucker|move: Protect\n|-damage|p2b: Salt me Bae|85\/100\n|move|p2b: Salt me Bae|Salt Cure|p1a: Dragula\n|-damage|p1a: Dragula|85\/100 slp\n|-start|p1a: Dragula|Salt Cure\n|\n|-weather|Sandstorm|[upkeep]\n|-damage|p1b: Godzilla|77\/100 brn|[from] Sandstorm\n|-heal|p2b: Salt me Bae|91\/100|[from] item: Leftovers\n|-damage|p1b: Godzilla|71\/100 brn|[from] brn\n|-damage|p1a: Dragula|73\/100 slp|[from] Salt Cure\n|upkeep\n|turn|6\n|\n|t:|1682554884\n|switch|p2a: Sus|Amoonguss, L50, F|66\/100\n|-curestatus|p1a: Dragula|slp|[msg]\n|move|p1a: Dragula|Howl|p1a: Dragula|[spread] p1a,p1b\n|-boost|p1a: Dragula|atk|1\n|-boost|p1b: Godzilla|atk|1\n|move|p1b: Godzilla|Low Kick|p2b: Salt me Bae\n|-supereffective|p2b: Salt me Bae\n|-damage|p2b: Salt me Bae|43\/100\n|move|p2b: Salt me Bae|Salt Cure|p1b: Godzilla\n|-supereffective|p1b: Godzilla\n|-damage|p1b: Godzilla|44\/100 brn\n|-start|p1b: Godzilla|Salt Cure\n|\n|-weather|none\n|-heal|p2b: Salt me Bae|49\/100|[from] item: Leftovers\n|-damage|p1b: Godzilla|38\/100 brn|[from] brn\n|-damage|p1a: Dragula|60\/100|[from] Salt Cure\n|-damage|p1b: Godzilla|26\/100 brn|[from] Salt Cure\n|upkeep\n|turn|7\n|\n|t:|1682554906\n|switch|p2a: Tucker|Arcanine, L50, M|63\/100\n|-ability|p2a: Tucker|Intimidate|boost\n|-unboost|p1a: Dragula|atk|1\n|-unboost|p1b: Godzilla|atk|1\n|move|p2b: Salt me Bae|Protect|p2b: Salt me Bae\n|-singleturn|p2b: Salt me Bae|Protect\n|move|p1a: Dragula|Howl|p1a: Dragula|[spread] p1a,p1b\n|-boost|p1a: Dragula|atk|1\n|-boost|p1b: Godzilla|atk|1\n|move|p1b: Godzilla|Tera Blast|p2a: Tucker\n|-damage|p2a: Tucker|25\/100\n|\n|-heal|p2b: Salt me Bae|55\/100|[from] item: Leftovers\n|-damage|p1b: Godzilla|20\/100 brn|[from] brn\n|-damage|p1a: Dragula|48\/100|[from] Salt Cure\n|-damage|p1b: Godzilla|7\/100 brn|[from] Salt Cure\n|upkeep\n|-enditem|p1a: Dragula|Sitrus Berry|[eat]\n|-heal|p1a: Dragula|73\/100|[from] item: Sitrus Berry\n|turn|8\n|\n|t:|1682554946\n|switch|p2b: Sus|Amoonguss, L50, F|99\/100\n|move|p2a: Tucker|Extreme Speed|p1b: Godzilla\n|-damage|p1b: Godzilla|0 fnt\n|faint|p1b: Godzilla\n|move|p1a: Dragula|Last Respects|p2a: Tucker\n|-damage|p2a: Tucker|0 fnt\n|faint|p2a: Tucker\n|\n|-damage|p1a: Dragula|60\/100|[from] Salt Cure\n|upkeep\n|\n|t:|1682554957\n|switch|p2a: Salt me Bae|Garganacl, L50, M|55\/100\n|switch|p1b: Ocean Man|Palafin-Hero, L50, M|100\/100\n|-activate|p1b: Ocean Man|ability: Zero to Hero\n|turn|9\n|\n|t:|1682554985\n|-terastallize|p2a: Salt me Bae|Grass\n|move|p2b: Sus|Rage Powder|p2b: Sus\n|-singleturn|p2b: Sus|move: Rage Powder\n|move|p1a: Dragula|Howl|p1a: Dragula|[spread] p1a,p1b\n|-boost|p1a: Dragula|atk|1\n|-boost|p1b: Ocean Man|atk|1\n|move|p1b: Ocean Man|Wave Crash|p2a: Salt me Bae\n|-resisted|p2a: Salt me Bae\n|-damage|p2a: Salt me Bae|16\/100\n|-damage|p1b: Ocean Man|89\/100|[from] Recoil\n|move|p2a: Salt me Bae|Salt Cure|p1b: Ocean Man\n|-damage|p1b: Ocean Man|76\/100\n|-start|p1b: Ocean Man|Salt Cure\n|\n|-heal|p2a: Salt me Bae|22\/100|[from] item: Leftovers\n|-damage|p1a: Dragula|48\/100|[from] Salt Cure\n|-damage|p1b: Ocean Man|51\/100|[from] Salt Cure\n|upkeep\n|turn|10\n|\n|t:|1682555002\n|switch|p2a: Chest Day|Palafin-Hero, L50, F|94\/100\n|-activate|p2a: Chest Day|ability: Zero to Hero\n|move|p1b: Ocean Man|Jet Punch|p2a: Chest Day\n|-resisted|p2a: Chest Day\n|-damage|p2a: Chest Day|69\/100\n|move|p1a: Dragula|Howl|p1a: Dragula|[spread] p1a,p1b\n|-boost|p1a: Dragula|atk|1\n|-boost|p1b: Ocean Man|atk|1\n|move|p2b: Sus|Pollen Puff|p2a: Chest Day\n|-heal|p2a: Chest Day|100\/100\n|\n|-damage|p1a: Dragula|36\/100|[from] Salt Cure\n|-damage|p1b: Ocean Man|27\/100|[from] Salt Cure\n|upkeep\n|turn|11\n|\n|t:|1682555023\n|move|p2a: Chest Day|Protect|p2a: Chest Day\n|-singleturn|p2a: Chest Day|Protect\n|move|p2b: Sus|Protect|p2b: Sus\n|-singleturn|p2b: Sus|Protect\n|move|p1a: Dragula|Last Respects|p2a: Chest Day\n|-activate|p2a: Chest Day|move: Protect\n|move|p1b: Ocean Man|Wave Crash|p2a: Chest Day\n|-activate|p2a: Chest Day|move: Protect\n|\n|-damage|p1a: Dragula|23\/100|[from] Salt Cure\n|-damage|p1b: Ocean Man|2\/100|[from] Salt Cure\n|upkeep\n|turn|12\n|\n|t:|1682555037\n|move|p2a: Chest Day|Jet Punch|p1b: Ocean Man\n|-resisted|p1b: Ocean Man\n|-damage|p1b: Ocean Man|0 fnt\n|faint|p1b: Ocean Man\n|move|p1a: Dragula|Last Respects|p2a: Chest Day\n|-damage|p2a: Chest Day|0 fnt\n|faint|p2a: Chest Day\n|move|p2b: Sus|Spore|p1a: Dragula\n|-status|p1a: Dragula|slp|[from] move: Spore\n|\n|-damage|p1a: Dragula|11\/100 slp|[from] Salt Cure\n|upkeep\n|c|\u2606gankyburner|gg\n|\n|t:|1682555047\n|switch|p2a: Salt me Bae|Garganacl, L50, M, tera:Grass|22\/100\n|turn|13\n|c|\u2606gankyburner|thank you for showing me the way of garg\n|c|\u2606mysafewordisharder|gg wp\n|c|\u2606mysafewordisharder|lol im testing itout\n|c|\u2606gankyburner|been trying to make him work again\n|c|\u2606mysafewordisharder|trying to get ready for the regional im going\n|c|\u2606mysafewordisharder|same\n|c|\u2606gankyburner|godspeed\n|c|\u2606gankyburner|portland?\n|c|\u2606mysafewordisharder|hartford\n|c|\u2606gankyburner|ooh!\n|c|\u2606mysafewordisharder|i think Im not in the US\n|c|\u2606gankyburner|good luck\n|c|\u2606mysafewordisharder|its in conetitcut\n|c|\u2606mysafewordisharder|lol\n|c|\u2606gankyburner|yup, Hartford\n|c|\u2606gankyburner|nice-ish place, by US standards\n|c|\u2606mysafewordisharder|I was saying charolete for the longesttime\n|c|\u2606gankyburner|I hope you have fun\n|c|\u2606mysafewordisharder|that's saying something\n|c|\u2606mysafewordisharder|thanks:)\n|c|\u2606mysafewordisharder|are you doing any regionals\n|\n|t:|1682555111\n|cant|p1a: Dragula|slp\n|move|p2a: Salt me Bae|Salt Cure|p1a: Dragula\n|-damage|p1a: Dragula|0 fnt\n|faint|p1a: Dragula\n|\n|win|mysafewordisharder\n|raw|gankyburner's rating: 1214 → 1196<\/strong> (-18 for losing)\n|raw|mysafewordisharder's rating: 1310 → 1325<\/strong> (+15 for winning)\n|c|\u2606gankyburner|No, I'm quite bad at this game\n|c|\u2606mysafewordisharder|also I just realized its dragula nice\n|c|\u2606mysafewordisharder|same\n|c|\u2606gankyburner|yeah they're all songs, lol\n|c|\u2606mysafewordisharder|my goal is win 1 math\n|c|\u2606mysafewordisharder|match*\n|c|\u2606gankyburner|terminal jojo brain\n|c|\u2606mysafewordisharder|oh i thought you meant the show\n|c|\u2606mysafewordisharder|lol\n|c|\u2606gankyburner|There's a show? :O\n|c|\u2606mysafewordisharder|yea a show like drag race\n|c|\u2606mysafewordisharder|but for the more monster side of drag\n","uploadtime":1682555360,"views":15,"p1id":"gankyburner","p2id":"mysafewordisharder","formatid":"gen9vgc2023regulationc","rating":1196,"private":0,"password":""}