{"id":"gen9vgc2023regulationc-1857863103","p1":"ferrusio","p2":"Rals2","format":"[Gen 9] VGC 2023 Regulation C","log":"|j|\u2606ferrusio\n|j|\u2606Rals2\n|t:|1683240243\n|gametype|doubles\n|player|p1|ferrusio|265|1191\n|player|p2|Rals2|2|1093\n|teamsize|p1|6\n|teamsize|p2|6\n|gen|9\n|tier|[Gen 9] VGC 2023 Regulation C\n|rated|\n|rule|Species Clause: Limit one of each Pok\u00e9mon\n|rule|Item Clause: Limit one of each item\n|clearpoke\n|poke|p1|Bellibolt, L50, F|\n|poke|p1|Roaring Moon, L50|\n|poke|p1|Flutter Mane, L50|\n|poke|p1|Great Tusk, L50|\n|poke|p1|Arcanine, L50, M|\n|poke|p1|Torkoal, L50, F|\n|poke|p2|Chien-Pao, L50|\n|poke|p2|Dragonite, L50, M|\n|poke|p2|Amoonguss, L50, F|\n|poke|p2|Flutter Mane, L50|\n|poke|p2|Gyarados, L50, F|\n|poke|p2|Toxapex, L50, M|\n|teampreview|4\n|j| BugCatcherGage\n|\n|t:|1683240294\n|start\n|switch|p1a: Bellibolt|Bellibolt, L50, F|100\/100\n|switch|p1b: Great Tusk|Great Tusk, L50|100\/100\n|switch|p2a: Chien-Pao|Chien-Pao, L50|100\/100\n|switch|p2b: Dragonite|Dragonite, L50, M|100\/100\n|-ability|p2a: Chien-Pao|Sword of Ruin\n|turn|1\n|\n|t:|1683240350\n|-end|p1b: Great Tusk|Protosynthesis|[silent]\n|switch|p1b: Arcanine|Arcanine, L50, M|100\/100\n|-ability|p1b: Arcanine|Intimidate|boost\n|-unboost|p2a: Chien-Pao|atk|1\n|-fail|p2b: Dragonite|unboost|Attack|[from] ability: Inner Focus|[of] p2b: Dragonite\n|-item|p1b: Arcanine|Air Balloon\n|-terastallize|p2a: Chien-Pao|Ghost\n|move|p2a: Chien-Pao|Ice Spinner|p1b: Arcanine\n|-resisted|p1b: Arcanine\n|-damage|p1b: Arcanine|82\/100\n|-enditem|p1b: Arcanine|Air Balloon\n|move|p2b: Dragonite|Stomping Tantrum|p1a: Bellibolt\n|-supereffective|p1a: Bellibolt\n|-damage|p1a: Bellibolt|9\/100\n|-start|p1a: Bellibolt|Charge|Stomping Tantrum|[from] ability: Electromorphosis\n|move|p1a: Bellibolt|Thunderbolt|p2b: Dragonite\n|-damage|p2b: Dragonite|21\/100\n|-end|p1a: Bellibolt|Charge|[silent]\n|\n|upkeep\n|turn|2\n|inactive|Battle timer is ON: inactive players will automatically lose when time's up. (requested by ferrusio)\n|\n|t:|1683240424\n|switch|p2a: Gyarados|Gyarados, L50, F|100\/100\n|-ability|p2a: Gyarados|Intimidate|boost\n|-unboost|p1a: Bellibolt|atk|1\n|-unboost|p1b: Arcanine|atk|1\n|switch|p2b: Amoonguss|Amoonguss, L50, F|100\/100\n|move|p1b: Arcanine|Extreme Speed|p2b: Amoonguss\n|-damage|p2b: Amoonguss|89\/100\n|-damage|p1b: Arcanine|65\/100|[from] item: Rocky Helmet|[of] p2b: Amoonguss\n|move|p1a: Bellibolt|Thunderbolt|p2a: Gyarados\n|-supereffective|p2a: Gyarados\n|-damage|p2a: Gyarados|0 fnt\n|faint|p2a: Gyarados\n|\n|upkeep\n|\n|t:|1683240440\n|switch|p2a: Dragonite|Dragonite, L50, M|21\/100\n|turn|3\n|inactive|Rals2 has 30 seconds left.\n|\n|t:|1683240474\n|move|p1b: Arcanine|Protect|p1b: Arcanine\n|-singleturn|p1b: Arcanine|Protect\n|move|p2a: Dragonite|Extreme Speed|p1b: Arcanine\n|-activate|p1b: Arcanine|move: Protect\n|move|p2b: Amoonguss|Rage Powder|p2b: Amoonguss\n|-singleturn|p2b: Amoonguss|move: Rage Powder\n|move|p1a: Bellibolt|Parabolic Charge|p2b: Amoonguss|[spread] p2a,p2b\n|-activate|p1b: Arcanine|move: Protect\n|-resisted|p2b: Amoonguss\n|-damage|p2a: Dragonite|0 fnt\n|-heal|p1a: Bellibolt|17\/100|[from] drain|[of] p2a: Dragonite\n|-damage|p2b: Amoonguss|80\/100\n|-heal|p1a: Bellibolt|22\/100|[from] drain|[of] p2b: Amoonguss\n|faint|p2a: Dragonite\n|\n|upkeep\n|\n|t:|1683240488\n|switch|p2a: Chien-Pao|Chien-Pao, L50, tera:Ghost|100\/100\n|-ability|p2a: Chien-Pao|Sword of Ruin\n|turn|4\n|inactive|ferrusio has 30 seconds left.\n|inactive|ferrusio has 20 seconds left.\n|inactive|ferrusio has 15 seconds left.\n|inactive|ferrusio has 10 seconds left.\n|inactive|ferrusio has 5 seconds left.\n|\n|t:|1683240538\n|switch|p1b: Great Tusk|Great Tusk, L50|100\/100\n|move|p2b: Amoonguss|Rage Powder|p2b: Amoonguss\n|-singleturn|p2b: Amoonguss|move: Rage Powder\n|move|p2a: Chien-Pao|Ice Spinner|p1a: Bellibolt\n|-damage|p1a: Bellibolt|0 fnt\n|faint|p1a: Bellibolt\n|\n|upkeep\n|\n|t:|1683240550\n|switch|p1a: Arcanine|Arcanine, L50, M|65\/100\n|-ability|p1a: Arcanine|Intimidate|boost\n|-unboost|p2a: Chien-Pao|atk|1\n|-unboost|p2b: Amoonguss|atk|1\n|turn|5\n|inactive|ferrusio has 30 seconds left.\n|\n|t:|1683240581\n|-terastallize|p1b: Great Tusk|Grass\n|move|p2a: Chien-Pao|Ice Spinner|p1b: Great Tusk\n|-supereffective|p1b: Great Tusk\n|-damage|p1b: Great Tusk|50\/100\n|move|p1b: Great Tusk|Headlong Rush|p2a: Chien-Pao\n|-crit|p2a: Chien-Pao\n|-enditem|p2a: Chien-Pao|Focus Sash\n|-damage|p2a: Chien-Pao|1\/100\n|-unboost|p1b: Great Tusk|def|1\n|-unboost|p1b: Great Tusk|spd|1\n|move|p1a: Arcanine|Flare Blitz|p2b: Amoonguss\n|-supereffective|p2b: Amoonguss\n|-damage|p2b: Amoonguss|0 fnt\n|-damage|p1a: Arcanine|49\/100|[from] item: Rocky Helmet|[of] p2b: Amoonguss\n|faint|p2b: Amoonguss\n|-damage|p1a: Arcanine|20\/100|[from] Recoil\n|\n|upkeep\n|turn|6\n|\n|t:|1683240605\n|move|p2a: Chien-Pao|Sacred Sword|p1a: Arcanine\n|-damage|p1a: Arcanine|0 fnt\n|faint|p1a: Arcanine\n|move|p1b: Great Tusk|Headlong Rush|p2a: Chien-Pao\n|-damage|p2a: Chien-Pao|0 fnt\n|-unboost|p1b: Great Tusk|def|1\n|-unboost|p1b: Great Tusk|spd|1\n|faint|p2a: Chien-Pao\n|\n|win|ferrusio\n|raw|ferrusio's rating: 1191 → 1209<\/strong> (+18 for winning)\n|raw|Rals2's rating: 1093 → 1076<\/strong> (-17 for losing)\n","uploadtime":1683240624,"views":6,"p1id":"ferrusio","p2id":"rals2","formatid":"gen9vgc2023regulationc","rating":1076,"private":0,"password":""}