{"id":"gen9vgc2023regulationc-1863968564","p1":"CNG626","p2":"seismattersCORNER","format":"[Gen 9] VGC 2023 Regulation C","log":"|j|\u2606CNG626\n|j|\u2606seismattersCORNER\n|t:|1684099288\n|gametype|doubles\n|player|p1|CNG626|swimmer-gen4dp|1351\n|player|p2|seismattersCORNER|emmet|1315\n|teamsize|p1|6\n|teamsize|p2|6\n|gen|9\n|tier|[Gen 9] VGC 2023 Regulation C\n|rated|\n|rule|Species Clause: Limit one of each Pok\u00e9mon\n|rule|Item Clause: Limit one of each item\n|clearpoke\n|poke|p1|Iron Moth, L50|\n|poke|p1|Gyarados, L50, F|\n|poke|p1|Sandy Shocks, L50|\n|poke|p1|Espathra, L50, F|\n|poke|p1|Maushold-Four, L50|\n|poke|p1|Annihilape, L50, F|\n|poke|p2|Palafin, L50, F|\n|poke|p2|Arcanine, L50, F|\n|poke|p2|Amoonguss, L50, M|\n|poke|p2|Flutter Mane, L50|\n|poke|p2|Iron Bundle, L50|\n|poke|p2|Dragonite, L50, F|\n|teampreview|4\nseismattersCORNER has agreed to open team sheets.\n|inactive|Battle timer is ON: inactive players will automatically lose when time's up. (requested by seismattersCORNER)\nCNG626 has agreed to open team sheets.\n|inactive|CNG626 has 60 seconds left.\n|inactive|seismattersCORNER has 60 seconds left.\n|\n|t:|1684099347\n|start\n|switch|p1a: Sandy Shocks|Sandy Shocks, L50|100\/100\n|switch|p1b: Espathra|Espathra, L50, F, shiny|100\/100\n|switch|p2a: Flutter Mane|Flutter Mane, L50|100\/100\n|switch|p2b: Palafin|Palafin, L50, F|100\/100\n|-enditem|p1a: Sandy Shocks|Booster Energy\n|-activate|p1a: Sandy Shocks|ability: Protosynthesis|[fromitem]\n|-start|p1a: Sandy Shocks|protosynthesisspe\n|turn|1\n|inactive|seismattersCORNER has 30 seconds left.\n|inactive|seismattersCORNER has 20 seconds left.\n|inactive|CNG626 has 30 seconds left.\n|inactive|CNG626 has 20 seconds left.\n|inactive|seismattersCORNER has 15 seconds left.\n|inactive|CNG626 has 15 seconds left.\n|\n|t:|1684099406\n|-terastallize|p2a: Flutter Mane|Fairy\n|move|p1a: Sandy Shocks|Protect|p1a: Sandy Shocks\n|-singleturn|p1a: Sandy Shocks|Protect\n|move|p2b: Palafin|Jet Punch|p1b: Espathra\n|-damage|p1b: Espathra|60\/100\n|move|p2a: Flutter Mane|Moonblast|p1b: Espathra\n|-damage|p1b: Espathra|0 fnt\n|faint|p1b: Espathra\n|-damage|p2a: Flutter Mane|90\/100|[from] item: Life Orb\n|\n|upkeep\n|\n|t:|1684099412\n|switch|p1b: Gyarados|Gyarados, L50, F|100\/100\n|-ability|p1b: Gyarados|Intimidate|boost\n|-unboost|p2a: Flutter Mane|atk|1\n|-unboost|p2b: Palafin|atk|1\n|turn|2\n|inactive|CNG626 has 30 seconds left.\n|inactive|CNG626 has 20 seconds left.\n|inactive|CNG626 has 15 seconds left.\n|inactive|CNG626 has 10 seconds left.\n|inactive|CNG626 has 5 seconds left.\n|\n|t:|1684099465\n|move|p2b: Palafin|Jet Punch|p1a: Sandy Shocks\n|-supereffective|p1a: Sandy Shocks\n|-damage|p1a: Sandy Shocks|60\/100\n|move|p1a: Sandy Shocks|Thunder|p2b: Palafin\n|-supereffective|p2b: Palafin\n|-damage|p2b: Palafin|0 fnt\n|faint|p2b: Palafin\n|move|p2a: Flutter Mane|Moonblast|p1a: Sandy Shocks\n|-damage|p1a: Sandy Shocks|0 fnt\n|faint|p1a: Sandy Shocks\n|-end|p1a: Sandy Shocks|Protosynthesis|[silent]\n|-damage|p2a: Flutter Mane|80\/100|[from] item: Life Orb\n|move|p1b: Gyarados|Dragon Dance|p1b: Gyarados\n|-boost|p1b: Gyarados|atk|1\n|-boost|p1b: Gyarados|spe|1\n|\n|upkeep\n|\n|t:|1684099478\n|switch|p1a: Iron Moth|Iron Moth, L50|100\/100\n|switch|p2b: Iron Bundle|Iron Bundle, L50|100\/100\n|-enditem|p2b: Iron Bundle|Booster Energy\n|-activate|p2b: Iron Bundle|ability: Quark Drive|[fromitem]\n|-start|p2b: Iron Bundle|quarkdrivespe\n|turn|3\n|inactive|CNG626 has 30 seconds left.\n|inactive|seismattersCORNER has 30 seconds left.\n|inactive|CNG626 has 20 seconds left.\n|inactive|CNG626 has 15 seconds left.\n|inactive|CNG626 has 10 seconds left.\n|\n|t:|1684099528\n|-terastallize|p1a: Iron Moth|Grass\n|move|p2b: Iron Bundle|Freeze-Dry|p1a: Iron Moth\n|-supereffective|p1a: Iron Moth\n|-damage|p1a: Iron Moth|25\/100\n|-status|p1a: Iron Moth|frz\n|move|p1b: Gyarados|Waterfall|p2a: Flutter Mane\n|-damage|p2a: Flutter Mane|0 fnt\n|faint|p2a: Flutter Mane\n|-end|p2a: Flutter Mane|Protosynthesis|[silent]\n|cant|p1a: Iron Moth|frz\n|\n|upkeep\n|\n|t:|1684099538\n|switch|p2a: Dragonite|Dragonite, L50, F|100\/100\n|turn|4\n|c|\u2606CNG626|Gg\n|c|\u2606CNG626|never lucky :((\n|inactive|CNG626 has 30 seconds left.\n|inactive|CNG626 has 20 seconds left.\n|\n|t:|1684099575\n|move|p1b: Gyarados|Protect|p1b: Gyarados\n|-singleturn|p1b: Gyarados|Protect\n|move|p2a: Dragonite|Extreme Speed|p1a: Iron Moth\n|-damage|p1a: Iron Moth|0 fnt\n|faint|p1a: Iron Moth\n|-end|p1a: Iron Moth|Quark Drive|[silent]\n|move|p2b: Iron Bundle|Freeze-Dry|p1b: Gyarados\n|-activate|p1b: Gyarados|move: Protect\n|\n|upkeep\n|turn|5\n|-message|CNG626 forfeited.\n|\n|win|seismattersCORNER\n|raw|CNG626's rating: 1351 → 1329<\/strong> (-22 for losing)\n|raw|seismattersCORNER's rating: 1315 → 1337<\/strong> (+22 for winning)\n|l|\u2606CNG626\n","uploadtime":1684099589,"views":16,"p1id":"cng626","p2id":"seismatterscorner","formatid":"gen9vgc2023regulationc","rating":1329,"private":0,"password":""}