{"id":"gen9vgc2023regulationc-1860020126","p1":"Kaibar","p2":"isaac10000000","format":"[Gen 9] VGC 2023 Regulation C","log":"|j|\u2606Kaibar\n|j|\u2606isaac10000000\n|t:|1683585879\n|gametype|doubles\n|player|p1|Kaibar|blackbelt-gen4dp|1171\n|player|p2|isaac10000000|169|1122\n|teamsize|p1|6\n|teamsize|p2|6\n|gen|9\n|tier|[Gen 9] VGC 2023 Regulation C\n|rated|\n|rule|Species Clause: Limit one of each Pok\u00e9mon\n|rule|Item Clause: Limit one of each item\n|clearpoke\n|poke|p1|Arcanine, L50, F|\n|poke|p1|Amoonguss, L50, F|\n|poke|p1|Kingambit, L50, F|\n|poke|p1|Flutter Mane, L50|\n|poke|p1|Dragonite, L50, F|\n|poke|p1|Palafin, L50, F|\n|poke|p2|Jumpluff, L50, M|\n|poke|p2|Torkoal, L50, M|\n|poke|p2|Slither Wing, L50|\n|poke|p2|Tatsugiri-Stretchy, L50, M|\n|poke|p2|Dondozo, L50, M|\n|poke|p2|Hatterene, L50, F|\n|teampreview|4\nKaibar has agreed to open team sheets.\nisaac10000000 rejected open team sheets.\n|inactive|Battle timer is ON: inactive players will automatically lose when time's up. (requested by isaac10000000)\n|\n|t:|1683585914\n|start\n|switch|p1a: Palafin|Palafin, L50, F|100\/100\n|switch|p1b: Windy|Arcanine, L50, F, shiny|100\/100\n|switch|p2a: Jumpluff|Jumpluff, L50, M|100\/100\n|switch|p2b: Torkoal|Torkoal, L50, M|100\/100\n|-ability|p1b: Windy|Intimidate|boost\n|-unboost|p2a: Jumpluff|atk|1\n|-unboost|p2b: Torkoal|atk|1\n|-enditem|p2b: Torkoal|Eject Pack\n|\n|t:|1683585936\n|switch|p2b: Tatsugiri|Tatsugiri-Stretchy, L50, M|100\/100\n|turn|1\n|\n|t:|1683585954\n|detailschange|p1a: Palafin|Palafin-Hero, L50, F\n|switch|p1a: Amoonguss|Amoonguss, L50, F|100\/100\n|move|p2b: Tatsugiri|Muddy Water|p1a: Amoonguss|[spread] p1a,p1b\n|-resisted|p1a: Amoonguss\n|-supereffective|p1b: Windy\n|-damage|p1a: Amoonguss|87\/100\n|-damage|p1b: Windy|29\/100\n|move|p2a: Jumpluff|Sleep Powder|p1a: Amoonguss\n|-immune|p1a: Amoonguss\n|move|p1b: Windy|Flare Blitz|p2a: Jumpluff\n|-supereffective|p2a: Jumpluff\n|-damage|p2a: Jumpluff|0 fnt\n|faint|p2a: Jumpluff\n|-damage|p1b: Windy|0 fnt|[from] Recoil\n|faint|p1b: Windy\n|\n|upkeep\n|\n|t:|1683585976\n|switch|p2a: Slither Wing|Slither Wing, L50|100\/100\n|switch|p1b: Palafin|Palafin-Hero, L50, F|100\/100\n|-activate|p1b: Palafin|ability: Zero to Hero\n|turn|2\n|\n|t:|1683586000\n|-terastallize|p2a: Slither Wing|Bug\n|move|p1b: Palafin|Protect|p1b: Palafin\n|-singleturn|p1b: Palafin|Protect\n|move|p2a: Slither Wing|First Impression|p1a: Amoonguss\n|-damage|p1a: Amoonguss|22\/100\n|-enditem|p1a: Amoonguss|Sitrus Berry|[eat]\n|-heal|p1a: Amoonguss|47\/100|[from] item: Sitrus Berry\n|move|p2b: Tatsugiri|Muddy Water|p1b: Palafin|[spread] p1a\n|-activate|p1b: Palafin|move: Protect\n|-resisted|p1a: Amoonguss\n|-damage|p1a: Amoonguss|35\/100\n|-unboost|p1a: Amoonguss|accuracy|1\n|move|p1a: Amoonguss|Spore|p2a: Slither Wing\n|-status|p2a: Slither Wing|slp|[from] move: Spore\n|\n|upkeep\n|turn|3\n|inactive|Kaibar has 30 seconds left.\n|\n|t:|1683586032\n|switch|p1a: Dragonite|Dragonite, L50, F|100\/100\n|move|p2b: Tatsugiri|Muddy Water|p1a: Dragonite|[spread] p1a,p1b\n|-resisted|p1a: Dragonite\n|-resisted|p1b: Palafin\n|-damage|p1a: Dragonite|92\/100\n|-damage|p1b: Palafin|85\/100\n|cant|p2a: Slither Wing|slp\n|move|p1b: Palafin|Wave Crash|p2b: Tatsugiri\n|-ability|p2b: Tatsugiri|Storm Drain|boost\n|-boost|p2b: Tatsugiri|spa|1\n|\n|upkeep\n|turn|4\n|inactive|Kaibar has 30 seconds left.\n|\n|t:|1683586063\n|-end|p2a: Slither Wing|Protosynthesis|[silent]\n|switch|p2a: Torkoal|Torkoal, L50, M|100\/100\n|-weather|SunnyDay|[from] ability: Drought|[of] p2a: Torkoal\n|switch|p1b: Amoonguss|Amoonguss, L50, F|68\/100\n|-terastallize|p1a: Dragonite|Flying\n|move|p2b: Tatsugiri|Muddy Water|p1b: Amoonguss|[spread] p1a,p1b\n|-resisted|p1b: Amoonguss\n|-damage|p1a: Dragonite|68\/100\n|-damage|p1b: Amoonguss|60\/100\n|-unboost|p1b: Amoonguss|accuracy|1\n|move|p1a: Dragonite|Tera Blast|p2a: Torkoal\n|-damage|p2a: Torkoal|37\/100\n|\n|-weather|SunnyDay|[upkeep]\n|upkeep\n|turn|5\n|\n|t:|1683586087\n|switch|p2b: Slither Wing|Slither Wing, L50, tera:Bug|100\/100 slp\n|-activate|p2b: Slither Wing|ability: Protosynthesis\n|-start|p2b: Slither Wing|protosynthesisatk\n|move|p1a: Dragonite|Tera Blast|p2a: Torkoal\n|-damage|p2a: Torkoal|0 fnt\n|faint|p2a: Torkoal\n|move|p1b: Amoonguss|Pollen Puff|p2b: Slither Wing|[miss]\n|-miss|p1b: Amoonguss|p2b: Slither Wing\n|\n|-weather|SunnyDay|[upkeep]\n|upkeep\n|\n|t:|1683586098\n|switch|p2a: Tatsugiri|Tatsugiri-Stretchy, L50, M|100\/100\n|turn|6\n|\n|t:|1683586116\n|cant|p2b: Slither Wing|slp\n|move|p2a: Tatsugiri|Tera Blast|p1a: Dragonite\n|-damage|p1a: Dragonite|40\/100\n|move|p1a: Dragonite|Tera Blast|p2b: Slither Wing\n|-supereffective|p2b: Slither Wing\n|-damage|p2b: Slither Wing|0 fnt\n|faint|p2b: Slither Wing\n|-end|p2b: Slither Wing|Protosynthesis|[silent]\n|move|p1b: Amoonguss|Spore|p2a: Tatsugiri\n|-status|p2a: Tatsugiri|slp|[from] move: Spore\n|\n|-weather|SunnyDay|[upkeep]\n|upkeep\n|turn|7\n|-message|isaac10000000 forfeited.\n|\n|win|Kaibar\n|raw|Kaibar's rating: 1171 → 1192<\/strong> (+21 for winning)\n|raw|isaac10000000's rating: 1122 → 1101<\/strong> (-21 for losing)\n|l|\u2606isaac10000000\n","uploadtime":1683586131,"views":12,"p1id":"kaibar","p2id":"isaac10000000","formatid":"gen9vgc2023regulationc","rating":1101,"private":0,"password":""}