{"id":"gen9vgc2023regulationc-1863098421","p1":"czcyf","p2":"random10994","format":"[Gen 9] VGC 2023 Regulation C","log":"|j|\u2606czcyf\n|j|\u2606random10994\n|t:|1683969529\n|gametype|doubles\n|player|p1|czcyf|acerola|1176\n|player|p2|random10994|red|1088\n|teamsize|p1|6\n|teamsize|p2|6\n|gen|9\n|tier|[Gen 9] VGC 2023 Regulation C\n|rated|\n|rule|Species Clause: Limit one of each Pok\u00e9mon\n|rule|Item Clause: Limit one of each item\n|clearpoke\n|poke|p1|Bronzong, L50|\n|poke|p1|Indeedee-F, L50, F|\n|poke|p1|Flapple, L50, M|\n|poke|p1|Torkoal, L50, M|\n|poke|p1|Copperajah, L50, F|\n|poke|p1|Hatterene, L50, F|\n|poke|p2|Cloyster, L50, M|\n|poke|p2|Slowking, L50, M|\n|poke|p2|Iron Bundle, L50|\n|poke|p2|Murkrow, L50, M|\n|poke|p2|Gengar, L50, M|\n|poke|p2|Slither Wing, L50|\n|teampreview|4\n|\n|t:|1683969575\n|start\n|switch|p1a: Peels Off|Bronzong, L50|100\/100\n|switch|p1b: Nosirpmi|Indeedee-F, L50, F|100\/100\n|switch|p2a: Murkrow|Murkrow, L50, M|100\/100\n|switch|p2b: Cloyster|Cloyster, L50, M, shiny|100\/100\n|-fieldstart|move: Psychic Terrain|[from] ability: Psychic Surge|[of] p1b: Nosirpmi\n|turn|1\n|\n|t:|1683969599\n|move|p2a: Murkrow|Taunt|p1a: Peels Off\n|-start|p1a: Peels Off|move: Taunt\n|move|p2b: Cloyster|Ice Spinner|p1b: Nosirpmi\n|-damage|p1b: Nosirpmi|74\/100\n|-fieldend|move: Psychic Terrain\n|cant|p1a: Peels Off|move: Taunt|Gravity\n|move|p1b: Nosirpmi|Trick Room|p1b: Nosirpmi\n|-fieldstart|move: Trick Room|[of] p1b: Nosirpmi\n|\n|upkeep\n|turn|2\n|\n|t:|1683969619\n|switch|p1a: Naclov|Torkoal, L50, M|100\/100\n|-weather|SunnyDay|[from] ability: Drought|[of] p1a: Naclov\n|move|p1b: Nosirpmi|Follow Me|p1b: Nosirpmi\n|-singleturn|p1b: Nosirpmi|move: Follow Me\n|move|p2a: Murkrow|Taunt|p1b: Nosirpmi\n|-start|p1b: Nosirpmi|move: Taunt\n|move|p2b: Cloyster|Ice Spinner|p1b: Nosirpmi\n|-damage|p1b: Nosirpmi|47\/100\n|\n|-weather|SunnyDay|[upkeep]\n|upkeep\n|turn|3\n|\n|t:|1683969663\n|switch|p1b: Reknit|Copperajah, L50, F|100\/100\n|-terastallize|p1a: Naclov|Fire\n|move|p2b: Cloyster|Protect|p2b: Cloyster\n|-singleturn|p2b: Cloyster|Protect\n|move|p1a: Naclov|Eruption|p2a: Murkrow|[spread] p2a\n|-activate|p2b: Cloyster|move: Protect\n|-damage|p2a: Murkrow|0 fnt\n|faint|p2a: Murkrow\n|\n|-weather|SunnyDay|[upkeep]\n|upkeep\n|\n|t:|1683969690\n|switch|p2a: Slither Wing|Slither Wing, L50|100\/100\n|-activate|p2a: Slither Wing|ability: Protosynthesis\n|-start|p2a: Slither Wing|protosynthesisatk\n|turn|4\n|\n|t:|1683969718\n|-terastallize|p2a: Slither Wing|Water\n|move|p1a: Naclov|Eruption|p2a: Slither Wing|[spread] p2a,p2b\n|-resisted|p2a: Slither Wing\n|-damage|p2a: Slither Wing|66\/100\n|-damage|p2b: Cloyster|0 fnt\n|faint|p2b: Cloyster\n|move|p1b: Reknit|Play Rough|p2a: Slither Wing\n|-damage|p2a: Slither Wing|13\/100\n|move|p2a: Slither Wing|Stomping Tantrum|p1a: Naclov\n|-supereffective|p1a: Naclov\n|-damage|p1a: Naclov|53\/100\n|\n|-weather|SunnyDay|[upkeep]\n|upkeep\n|\n|t:|1683969732\n|switch|p2b: Gengar|Gengar, L50, M|100\/100\n|turn|5\n|\n|t:|1683969747\n|move|p1a: Naclov|Eruption|p2a: Slither Wing|[spread] p2a,p2b\n|-resisted|p2a: Slither Wing\n|-crit|p2a: Slither Wing\n|-damage|p2a: Slither Wing|0 fnt\n|-damage|p2b: Gengar|0 fnt\n|faint|p2a: Slither Wing\n|-end|p2a: Slither Wing|Protosynthesis|[silent]\n|faint|p2b: Gengar\n|\n|win|czcyf\n|raw|czcyf's rating: 1176 → 1195<\/strong> (+19 for winning)\n|raw|random10994's rating: 1088 → 1071<\/strong> (-17 for losing)\n|l|\u2606random10994\n","uploadtime":1683969776,"views":7,"p1id":"czcyf","p2id":"random10994","formatid":"gen9vgc2023regulationc","rating":1071,"private":0,"password":""}