{"id":"gen9vgc2023regulationc-1848814540","p1":"Akiraj2023","p2":"Spler","format":"[Gen 9] VGC 2023 Regulation C","log":"|j|\u2606Akiraj2023\n|j|\u2606Spler\n|t:|1682113281\n|gametype|doubles\n|player|p1|Akiraj2023|cyclist-gen4|1169\n|player|p2|Spler|2|1106\n|teamsize|p1|6\n|teamsize|p2|6\n|gen|9\n|tier|[Gen 9] VGC 2023 Regulation C\n|rated|\n|rule|Species Clause: Limit one of each Pok\u00e9mon\n|rule|Item Clause: Limit one of each item\n|clearpoke\n|poke|p1|Baxcalibur, L50, M|\n|poke|p1|Palafin, L50, M|\n|poke|p1|Flutter Mane, L50|\n|poke|p1|Amoonguss, L50, F|\n|poke|p1|Arcanine, L50, F|\n|poke|p1|Ting-Lu, L50|\n|poke|p2|Crabominable, L50, M|\n|poke|p2|Ting-Lu, L50|\n|poke|p2|Farigiraf, L50, F|\n|poke|p2|Flutter Mane, L50|\n|poke|p2|Gyarados, L50, F|\n|poke|p2|Amoonguss, L50, M|\n|teampreview|4\n|\n|t:|1682113297\n|start\n|switch|p1a: Palafin|Palafin, L50, M, shiny|100\/100\n|switch|p1b: Flutter Mane|Flutter Mane, L50, shiny|100\/100\n|switch|p2a: Farigiraf|Farigiraf, L50, F|100\/100\n|switch|p2b: Crabominable|Crabominable, L50, M|100\/100\n|turn|1\n|inactive|Battle timer is ON: inactive players will automatically lose when time's up. (requested by Akiraj2023)\n|\n|t:|1682113319\n|detailschange|p1a: Palafin|Palafin-Hero, L50, M, shiny\n|switch|p1a: Amoonguss|Amoonguss, L50, F, shiny|100\/100\n|-terastallize|p2b: Crabominable|Fire\n|move|p1b: Flutter Mane|Dazzling Gleam|p2a: Farigiraf|[spread] p2a,p2b\n|-resisted|p2b: Crabominable\n|-damage|p2a: Farigiraf|60\/100\n|-damage|p2b: Crabominable|71\/100\n|move|p2b: Crabominable|Bulk Up|p2b: Crabominable\n|-boost|p2b: Crabominable|atk|1\n|-boost|p2b: Crabominable|def|1\n|move|p2a: Farigiraf|Trick Room|p2a: Farigiraf\n|-fieldstart|move: Trick Room|[of] p2a: Farigiraf\n|\n|upkeep\n|turn|2\n|\n|t:|1682113336\n|move|p2b: Crabominable|Protect|p2b: Crabominable\n|-singleturn|p2b: Crabominable|Protect\n|move|p1a: Amoonguss|Spore|p2b: Crabominable\n|-activate|p2b: Crabominable|move: Protect\n|move|p2a: Farigiraf|Hyper Voice|p1b: Flutter Mane|[spread] p1a\n|-immune|p1b: Flutter Mane\n|-damage|p1a: Amoonguss|75\/100\n|-enditem|p2a: Farigiraf|Throat Spray\n|-boost|p2a: Farigiraf|spa|1|[from] item: Throat Spray\n|move|p1b: Flutter Mane|Dazzling Gleam|p2b: Crabominable|[spread] p2a\n|-activate|p2b: Crabominable|move: Protect\n|-damage|p2a: Farigiraf|22\/100\n|\n|upkeep\n|turn|3\n|\n|t:|1682113355\n|move|p2b: Crabominable|Ice Punch|p1b: Flutter Mane\n|-damage|p1b: Flutter Mane|0 fnt\n|faint|p1b: Flutter Mane\n|-end|p1b: Flutter Mane|Protosynthesis|[silent]\n|move|p1a: Amoonguss|Spore|p2b: Crabominable\n|-status|p2b: Crabominable|slp|[from] move: Spore\n|move|p2a: Farigiraf|Hyper Voice|p1a: Amoonguss\n|-damage|p1a: Amoonguss|28\/100\n|-enditem|p1a: Amoonguss|Sitrus Berry|[eat]\n|-heal|p1a: Amoonguss|53\/100|[from] item: Sitrus Berry\n|\n|upkeep\n|\n|t:|1682113371\n|switch|p1b: Palafin|Palafin-Hero, L50, M, shiny|100\/100\n|-activate|p1b: Palafin|ability: Zero to Hero\n|turn|4\n|\n|t:|1682113389\n|move|p1a: Amoonguss|Rage Powder|p1a: Amoonguss\n|-singleturn|p1a: Amoonguss|move: Rage Powder\n|move|p1b: Palafin|Jet Punch||[still]\n|cant|p2a: Farigiraf|ability: Armor Tail|Jet Punch|[of] p1b: Palafin\n|cant|p2b: Crabominable|slp\n|move|p2a: Farigiraf|Hyper Voice|p1b: Palafin|[spread] p1a,p1b\n|-damage|p1a: Amoonguss|20\/100\n|-damage|p1b: Palafin|48\/100\n|\n|upkeep\n|turn|5\n|\n|t:|1682113403\n|move|p1b: Palafin|Jet Punch||[still]\n|cant|p2a: Farigiraf|ability: Armor Tail|Jet Punch|[of] p1b: Palafin\n|cant|p2b: Crabominable|slp\n|move|p1a: Amoonguss|Pollen Puff|p1b: Palafin\n|-heal|p1b: Palafin|98\/100\n|move|p2a: Farigiraf|Hyper Voice|p1a: Amoonguss|[spread] p1a,p1b\n|-damage|p1a: Amoonguss|0 fnt\n|-damage|p1b: Palafin|43\/100\n|faint|p1a: Amoonguss\n|\n|-fieldend|move: Trick Room\n|upkeep\n|\n|t:|1682113418\n|switch|p1a: Arcanine|Arcanine, L50, F, shiny|100\/100\n|-ability|p1a: Arcanine|Intimidate|boost\n|-unboost|p2a: Farigiraf|atk|1\n|-fail|p2b: Crabominable|unboost|[from] item: Clear Amulet|[of] p2b: Crabominable\n|turn|6\n|\n|t:|1682113433\n|move|p1b: Palafin|Wave Crash|p2b: Crabominable\n|-supereffective|p2b: Crabominable\n|-damage|p2b: Crabominable|0 fnt\n|faint|p2b: Crabominable\n|-damage|p1b: Palafin|16\/100|[from] Recoil\n|move|p1a: Arcanine|Flare Blitz|p2a: Farigiraf\n|-damage|p2a: Farigiraf|0 fnt\n|faint|p2a: Farigiraf\n|-damage|p1a: Arcanine|93\/100|[from] Recoil\n|\n|upkeep\n|\n|t:|1682113446\n|switch|p2a: Ting-Lu|Ting-Lu, L50|100\/100\n|switch|p2b: Amoonguss|Amoonguss, L50, M|100\/100\n|-ability|p2a: Ting-Lu|Vessel of Ruin\n|turn|7\n|\n|t:|1682113458\n|-terastallize|p1b: Palafin|Water\n|move|p2b: Amoonguss|Rage Powder|p2b: Amoonguss\n|-singleturn|p2b: Amoonguss|move: Rage Powder\n|move|p1b: Palafin|Wave Crash|p2b: Amoonguss\n|-resisted|p2b: Amoonguss\n|-damage|p2b: Amoonguss|51\/100\n|-damage|p1b: Palafin|0 fnt|[from] Recoil\n|faint|p1b: Palafin\n|move|p1a: Arcanine|Flare Blitz|p2b: Amoonguss\n|-supereffective|p2b: Amoonguss\n|-damage|p2b: Amoonguss|0 fnt\n|faint|p2b: Amoonguss\n|-damage|p1a: Arcanine|74\/100|[from] Recoil\n|move|p2a: Ting-Lu|Stomping Tantrum|p1a: Arcanine\n|-supereffective|p1a: Arcanine\n|-damage|p1a: Arcanine|3\/100\n|\n|upkeep\n|turn|8\n|-message|Akiraj2023 forfeited.\n|\n|win|Spler\n|raw|Akiraj2023's rating: 1169 → 1140<\/strong> (-29 for losing)\n|raw|Spler's rating: 1106 → 1135<\/strong> (+29 for winning)\n|l|\u2606Akiraj2023\n","uploadtime":1682113483,"views":7,"p1id":"akiraj2023","p2id":"spler","formatid":"gen9vgc2023regulationc","rating":1135,"private":0,"password":""}