{"id":"gen9vgc2023regulationc-1859394878","p1":"252 accuracy","p2":"Ytterby","format":"[Gen 9] VGC 2023 Regulation C","log":"|j|\u2606252 accuracy\n|j|\u2606Ytterby\n|t:|1683456396\n|gametype|doubles\n|player|p1|252 accuracy|biker-gen4|\n|player|p2|Ytterby|brycenman|\n|teamsize|p1|6\n|teamsize|p2|6\n|gen|9\n|tier|[Gen 9] VGC 2023 Regulation C\n|rule|Species Clause: Limit one of each Pok\u00e9mon\n|rule|Item Clause: Limit one of each item\n|clearpoke\n|poke|p1|Clodsire, L50, F|\n|poke|p1|Sableye, L50, F|\n|poke|p1|Sandy Shocks, L50|\n|poke|p1|Pachirisu, L50, M|\n|poke|p1|Tyranitar, L50, F|\n|poke|p1|Scizor, L50, F|\n|poke|p2|Klefki, L50, M|\n|poke|p2|Murkrow, L50, F|\n|poke|p2|Hariyama, L50, F|\n|poke|p2|Polteageist, L50|\n|poke|p2|Garchomp, L50, M|\n|poke|p2|Persian, L50, M|\n|teampreview|4\n252 accuracy has agreed to open team sheets.\n|\n|t:|1683456463\n|start\n|switch|p1a: Salad Fingers|Sableye, L50, F|100\/100\n|switch|p1b: really fast|Scizor, L50, F|100\/100\n|switch|p2a: Klefki|Klefki, L50, M|100\/100\n|switch|p2b: Persian|Persian, L50, M|100\/100\n|turn|1\n|\n|t:|1683456503\n|move|p1a: Salad Fingers|Fake Out|p2b: Persian\n|-damage|p2b: Persian|89\/100\n|move|p2a: Klefki|Reflect|p2a: Klefki\n|-sidestart|p2: Ytterby|Reflect\n|cant|p2b: Persian|flinch\n|move|p1b: really fast|Swords Dance|p1b: really fast\n|-boost|p1b: really fast|atk|2\n|\n|upkeep\n|turn|2\n|\n|t:|1683456537\n|move|p1a: Salad Fingers|Will-O-Wisp|p2b: Persian\n|-status|p2b: Persian|brn\n|move|p2b: Persian|Switcheroo|p1b: really fast\n|-activate|p2b: Persian|move: Trick|[of] p1b: really fast\n|-item|p1b: really fast|Choice Scarf|[from] move: Switcheroo\n|-item|p2b: Persian|White Herb|[from] move: Switcheroo\n|move|p1b: really fast|Swords Dance|p1b: really fast\n|-boost|p1b: really fast|atk|2\n|move|p2a: Klefki|Trick Room|p2a: Klefki\n|-fieldstart|move: Trick Room|[of] p2a: Klefki\n|\n|-damage|p2b: Persian|83\/100 brn|[from] brn\n|upkeep\n|turn|3\n|\n|t:|1683456592\n|switch|p1b: THICC BOI|Tyranitar, L50, F|100\/100\n|-ability|p1b: THICC BOI|Unnerve\n|move|p1a: Salad Fingers|Will-O-Wisp|p2a: Klefki\n|-status|p2a: Klefki|brn\n|move|p2a: Klefki|Foul Play|p1b: THICC BOI\n|-resisted|p1b: THICC BOI\n|-damage|p1b: THICC BOI|94\/100\n|move|p2b: Persian|Foul Play|p1b: THICC BOI\n|-resisted|p1b: THICC BOI\n|-crit|p1b: THICC BOI\n|-damage|p1b: THICC BOI|83\/100\n|\n|-damage|p2a: Klefki|94\/100 brn|[from] brn\n|-damage|p2b: Persian|77\/100 brn|[from] brn\n|upkeep\n|turn|4\n|\n|t:|1683456630\n|switch|p2a: Hariyama|Hariyama, L50, F|100\/100\n|move|p1a: Salad Fingers|Quash||[still]\n|-fail|p1a: Salad Fingers\n|move|p1b: THICC BOI|Rock Slide|p2a: Hariyama|[spread] p2a,p2b\n|-resisted|p2a: Hariyama\n|-damage|p2a: Hariyama|91\/100\n|-damage|p2b: Persian|40\/100 brn\n|cant|p2b: Persian|flinch\n|\n|-damage|p2b: Persian|34\/100 brn|[from] brn\n|upkeep\n|turn|5\n|\n|t:|1683456678\n|-terastallize|p2a: Hariyama|Steel\n|-terastallize|p1b: THICC BOI|Flying\n|move|p2a: Hariyama|Belly Drum|p2a: Hariyama\n|-damage|p2a: Hariyama|41\/100\n|-setboost|p2a: Hariyama|atk|6|[from] move: Belly Drum\n|move|p1a: Salad Fingers|Foul Play|p2a: Hariyama\n|-damage|p2a: Hariyama|0 fnt\n|faint|p2a: Hariyama\n|move|p1b: THICC BOI|Tera Blast|p2b: Persian\n|-damage|p2b: Persian|0 fnt\n|faint|p2b: Persian\n|\n|upkeep\n|\n|t:|1683456691\n|switch|p2a: Polteageist|Polteageist, L50|100\/100\n|switch|p2b: Klefki|Klefki, L50, M|94\/100 brn\n|turn|6\n|\n|t:|1683456717\n|move|p1a: Salad Fingers|Foul Play|p2a: Polteageist\n|-supereffective|p2a: Polteageist\n|-damage|p2a: Polteageist|77\/100\n|move|p1b: THICC BOI|Rock Slide|p2a: Polteageist|[spread] p2a,p2b\n|-resisted|p2b: Klefki\n|-damage|p2a: Polteageist|53\/100\n|-damage|p2b: Klefki|86\/100 brn\n|move|p2a: Polteageist|Will-O-Wisp|p1b: THICC BOI\n|-status|p1b: THICC BOI|brn\n|move|p2b: Klefki|Foul Play|p1b: THICC BOI\n|-damage|p1b: THICC BOI|68\/100 brn\n|\n|-heal|p2a: Polteageist|59\/100|[from] item: Leftovers\n|-damage|p1b: THICC BOI|62\/100 brn|[from] brn\n|-damage|p2b: Klefki|80\/100 brn|[from] brn\n|-fieldend|move: Trick Room\n|upkeep\n|turn|7\n|\n|t:|1683456741\n|move|p1a: Salad Fingers|Will-O-Wisp|p2a: Polteageist\n|-status|p2a: Polteageist|brn\n|move|p2b: Klefki|Foul Play|p1a: Salad Fingers\n|-damage|p1a: Salad Fingers|90\/100\n|move|p2a: Polteageist|Strength Sap|p1b: THICC BOI\n|-fail|p1b: THICC BOI|unboost|[from] item: Clear Amulet|[of] p1b: THICC BOI\n|-heal|p2a: Polteageist|100\/100 brn\n|move|p1b: THICC BOI|Rock Slide|p2a: Polteageist|[spread] p2a,p2b\n|-resisted|p2b: Klefki\n|-damage|p2a: Polteageist|90\/100 brn\n|-damage|p2b: Klefki|75\/100 brn\n|\n|-heal|p2a: Polteageist|96\/100 brn|[from] item: Leftovers\n|-damage|p2b: Klefki|69\/100 brn|[from] brn\n|-damage|p2a: Polteageist|90\/100 brn|[from] brn\n|-damage|p1b: THICC BOI|57\/100 brn|[from] brn\n|upkeep\n|turn|8\n|\n|t:|1683456759\n|move|p1a: Salad Fingers|Quash|p2a: Polteageist\n|-activate|p2a: Polteageist|move: Quash\n|move|p2b: Klefki|Foul Play|p1b: THICC BOI\n|-damage|p1b: THICC BOI|41\/100 brn\n|move|p1b: THICC BOI|Rock Slide|p2a: Polteageist|[spread] p2b\n|-miss|p1b: THICC BOI|p2a: Polteageist\n|-resisted|p2b: Klefki\n|-damage|p2b: Klefki|65\/100 brn\n|move|p2a: Polteageist|Will-O-Wisp|p1a: Salad Fingers\n|-status|p1a: Salad Fingers|brn\n|\n|-heal|p2a: Polteageist|96\/100 brn|[from] item: Leftovers\n|-damage|p2b: Klefki|59\/100 brn|[from] brn\n|-damage|p2a: Polteageist|90\/100 brn|[from] brn\n|-damage|p1b: THICC BOI|35\/100 brn|[from] brn\n|-damage|p1a: Salad Fingers|84\/100 brn|[from] brn\n|-sideend|p2: Ytterby|Reflect\n|upkeep\n|turn|9\n|\n|t:|1683456798\n|move|p2b: Klefki|Reflect|p2b: Klefki\n|-sidestart|p2: Ytterby|Reflect\n|move|p2a: Polteageist|Giga Drain|p1a: Salad Fingers\n|-damage|p1a: Salad Fingers|54\/100 brn\n|-heal|p2a: Polteageist|100\/100 brn|[from] drain|[of] p1a: Salad Fingers\n|move|p1b: THICC BOI|Rock Slide|p2b: Klefki|[spread] p2a,p2b\n|-resisted|p2b: Klefki\n|-damage|p2a: Polteageist|90\/100 brn\n|-damage|p2b: Klefki|54\/100 brn\n|move|p1a: Salad Fingers|Foul Play|p2a: Polteageist\n|-supereffective|p2a: Polteageist\n|-damage|p2a: Polteageist|77\/100 brn\n|-start|p1a: Salad Fingers|Disable|Foul Play|[from] ability: Cursed Body|[of] p2a: Polteageist\n|\n|-heal|p2a: Polteageist|83\/100 brn|[from] item: Leftovers\n|-damage|p2b: Klefki|48\/100 brn|[from] brn\n|-damage|p2a: Polteageist|77\/100 brn|[from] brn\n|-damage|p1b: THICC BOI|29\/100 brn|[from] brn\n|-damage|p1a: Salad Fingers|48\/100 brn|[from] brn\n|upkeep\n|turn|10\n|\n|t:|1683456842\n|move|p1a: Salad Fingers|Quash|p2a: Polteageist\n|-activate|p2a: Polteageist|move: Quash\n|move|p2b: Klefki|Foul Play|p1b: THICC BOI\n|-damage|p1b: THICC BOI|15\/100 brn\n|move|p1b: THICC BOI|Rock Slide|p2b: Klefki|[spread] p2a,p2b\n|-resisted|p2b: Klefki\n|-damage|p2a: Polteageist|67\/100 brn\n|-damage|p2b: Klefki|44\/100 brn\n|cant|p2a: Polteageist|flinch\n|\n|-heal|p2a: Polteageist|73\/100 brn|[from] item: Leftovers\n|-damage|p2b: Klefki|38\/100 brn|[from] brn\n|-damage|p2a: Polteageist|67\/100 brn|[from] brn\n|-damage|p1b: THICC BOI|9\/100 brn|[from] brn\n|-damage|p1a: Salad Fingers|43\/100 brn|[from] brn\n|upkeep\n|turn|11\n|\n|t:|1683456881\n|move|p1a: Salad Fingers|Quash|p2b: Klefki\n|-activate|p2b: Klefki|move: Quash\n|move|p2a: Polteageist|Giga Drain|p1a: Salad Fingers\n|-damage|p1a: Salad Fingers|12\/100 brn\n|-heal|p2a: Polteageist|81\/100 brn|[from] drain|[of] p1a: Salad Fingers\n|move|p1b: THICC BOI|Rock Slide|p2b: Klefki|[spread] p2a,p2b\n|-crit|p2a: Polteageist\n|-resisted|p2b: Klefki\n|-damage|p2a: Polteageist|56\/100 brn\n|-damage|p2b: Klefki|33\/100 brn\n|cant|p2b: Klefki|flinch\n|\n|-heal|p2a: Polteageist|62\/100 brn|[from] item: Leftovers\n|-damage|p2b: Klefki|27\/100 brn|[from] brn\n|-damage|p2a: Polteageist|56\/100 brn|[from] brn\n|-damage|p1b: THICC BOI|3\/100 brn|[from] brn\n|-damage|p1a: Salad Fingers|6\/100 brn|[from] brn\n|upkeep\n|turn|12\n|\n|t:|1683456914\n|move|p2b: Klefki|Light Screen|p2b: Klefki\n|-sidestart|p2: Ytterby|move: Light Screen\n|move|p1a: Salad Fingers|Quash||[still]\n|-fail|p1a: Salad Fingers\n|move|p2a: Polteageist|Strength Sap|p1a: Salad Fingers\n|-unboost|p1a: Salad Fingers|atk|1\n|-heal|p2a: Polteageist|100\/100 brn\n|move|p1b: THICC BOI|Rock Slide|p2a: Polteageist|[spread] p2a,p2b\n|-resisted|p2b: Klefki\n|-damage|p2a: Polteageist|90\/100 brn\n|-damage|p2b: Klefki|22\/100 brn\n|-start|p1b: THICC BOI|Disable|Rock Slide|[from] ability: Cursed Body|[of] p2a: Polteageist\n|\n|-heal|p2a: Polteageist|96\/100 brn|[from] item: Leftovers\n|-damage|p2b: Klefki|16\/100 brn|[from] brn\n|-damage|p2a: Polteageist|90\/100 brn|[from] brn\n|-damage|p1b: THICC BOI|0 fnt|[from] brn\n|faint|p1b: THICC BOI\n|-damage|p1a: Salad Fingers|0 fnt|[from] brn\n|faint|p1a: Salad Fingers\n|upkeep\n|\n|t:|1683456931\n|switch|p1b: Eleki after meth|Sandy Shocks, L50|100\/100\n|switch|p1a: really fast|Scizor, L50, F|100\/100\n|-enditem|p1b: Eleki after meth|Booster Energy\n|-activate|p1b: Eleki after meth|ability: Protosynthesis|[fromitem]\n|-start|p1b: Eleki after meth|protosynthesisspe\n|turn|13\n|\n|t:|1683456963\n|move|p1b: Eleki after meth|Protect|p1b: Eleki after meth\n|-singleturn|p1b: Eleki after meth|Protect\n|move|p1a: really fast|Bullet Punch|p2b: Klefki\n|-damage|p2b: Klefki|0 fnt\n|faint|p2b: Klefki\n|move|p2a: Polteageist|Will-O-Wisp|p1a: really fast\n|-status|p1a: really fast|brn\n|\n|-heal|p2a: Polteageist|96\/100 brn|[from] item: Leftovers\n|-damage|p1a: really fast|94\/100 brn|[from] brn\n|-damage|p2a: Polteageist|90\/100 brn|[from] brn\n|upkeep\n|turn|14\n|\n|t:|1683456986\n|move|p1a: really fast|Bullet Punch|p2a: Polteageist\n|-damage|p2a: Polteageist|78\/100 brn\n|move|p1b: Eleki after meth|Earth Power|p2a: Polteageist\n|-damage|p2a: Polteageist|50\/100 brn\n|-unboost|p2a: Polteageist|spd|1\n|-start|p1b: Eleki after meth|Disable|Earth Power|[from] ability: Cursed Body|[of] p2a: Polteageist\n|move|p2a: Polteageist|Giga Drain|p1b: Eleki after meth\n|-supereffective|p1b: Eleki after meth\n|-damage|p1b: Eleki after meth|44\/100\n|-heal|p2a: Polteageist|78\/100 brn|[from] drain|[of] p1b: Eleki after meth\n|\n|-heal|p2a: Polteageist|84\/100 brn|[from] item: Leftovers\n|-damage|p1a: really fast|88\/100 brn|[from] brn\n|-damage|p2a: Polteageist|78\/100 brn|[from] brn\n|upkeep\n|turn|15\n|\n|t:|1683457001\n|move|p1b: Eleki after meth|Protect|p1b: Eleki after meth\n|-singleturn|p1b: Eleki after meth|Protect\n|move|p1a: really fast|Bullet Punch|p2a: Polteageist\n|-damage|p2a: Polteageist|68\/100 brn\n|-start|p1a: really fast|Disable|Bullet Punch|[from] ability: Cursed Body|[of] p2a: Polteageist\n|move|p2a: Polteageist|Strength Sap|p1a: really fast\n|-unboost|p1a: really fast|atk|1\n|-heal|p2a: Polteageist|100\/100 brn\n|\n|-damage|p1a: really fast|82\/100 brn|[from] brn\n|-damage|p2a: Polteageist|95\/100 brn|[from] brn\n|upkeep\n|turn|16\n|\n|t:|1683457015\n|move|p1b: Eleki after meth|Discharge|p2a: Polteageist|[spread] p1a,p2a\n|-damage|p1a: really fast|45\/100 brn\n|-damage|p2a: Polteageist|65\/100 brn\n|-activate|p1a: really fast|move: Struggle\n|move|p1a: really fast|Struggle|p2a: Polteageist\n|-damage|p2a: Polteageist|57\/100 brn\n|-damage|p1a: really fast|20\/100 brn|[from] recoil\n|move|p2a: Polteageist|Giga Drain|p1b: Eleki after meth\n|-supereffective|p1b: Eleki after meth\n|-damage|p1b: Eleki after meth|0 fnt\n|-heal|p2a: Polteageist|80\/100 brn|[from] drain|[of] p1b: Eleki after meth\n|faint|p1b: Eleki after meth\n|-end|p1b: Eleki after meth|Protosynthesis|[silent]\n|\n|-heal|p2a: Polteageist|86\/100 brn|[from] item: Leftovers\n|-damage|p1a: really fast|13\/100 brn|[from] brn\n|-damage|p2a: Polteageist|80\/100 brn|[from] brn\n|-sideend|p2: Ytterby|Reflect\n|upkeep\n|turn|17\n|\n|t:|1683457030\n|-activate|p1a: really fast|move: Struggle\n|move|p1a: really fast|Struggle|p2a: Polteageist\n|-damage|p2a: Polteageist|71\/100 brn\n|-damage|p1a: really fast|0 fnt|[from] recoil\n|faint|p1a: really fast\n|\n|win|Ytterby\n","uploadtime":1683457160,"views":13,"p1id":"252accuracy","p2id":"ytterby","formatid":"gen9vgc2023regulationc","rating":0,"private":0,"password":""}