{"id":"gen9vgc2023regulationc-1855156598","p1":"thrillcorner","p2":"31Turbina","format":"[Gen 9] VGC 2023 Regulation C","log":"|j|\u2606thrillcorner\n|j|\u260631Turbina\n|t:|1682908234\n|gametype|doubles\n|player|p1|thrillcorner|red-masters2|1288\n|player|p2|31Turbina|ingo|1300\n|teamsize|p1|6\n|teamsize|p2|6\n|gen|9\n|tier|[Gen 9] VGC 2023 Regulation C\n|rated|\n|rule|Species Clause: Limit one of each Pok\u00e9mon\n|rule|Item Clause: Limit one of each item\n|clearpoke\n|poke|p1|Arcanine, L50, F|\n|poke|p1|Amoonguss, L50, F|\n|poke|p1|Kingambit, L50, F|\n|poke|p1|Flutter Mane, L50|\n|poke|p1|Ting-Lu, L50|\n|poke|p1|Palafin, L50, M|\n|poke|p2|Glimmora, L50, F|\n|poke|p2|Garganacl, L50, M|\n|poke|p2|Wo-Chien, L50|\n|poke|p2|Flutter Mane, L50|\n|poke|p2|Iron Bundle, L50|\n|poke|p2|Annihilape, L50, M|\n|teampreview|4\n|inactive|Battle timer is ON: inactive players will automatically lose when time's up. (requested by 31Turbina)\nthrillcorner has agreed to open team sheets.\n|inactive|thrillcorner has 60 seconds left.\n|\n|t:|1682908276\n|start\n|switch|p1a: Blueshido|Kingambit, L50, F, shiny|100\/100\n|switch|p1b: Willow|Flutter Mane, L50|100\/100\n|switch|p2a: Annihilape|Annihilape, L50, M|100\/100\n|switch|p2b: Wo-Chien|Wo-Chien, L50|100\/100\n|-ability|p2b: Wo-Chien|Tablets of Ruin\n|turn|1\n|\n|t:|1682908296\n|-terastallize|p2b: Wo-Chien|Poison\n|-terastallize|p1a: Blueshido|Dark\n|move|p2a: Annihilape|Final Gambit|p1a: Blueshido\n|-damage|p1a: Blueshido|0 fnt\n|faint|p2a: Annihilape\n|faint|p1a: Blueshido\n|move|p1b: Willow|Shadow Ball|p2b: Wo-Chien\n|-damage|p2b: Wo-Chien|63\/100\n|move|p2b: Wo-Chien|Leech Seed|p1b: Willow\n|-start|p1b: Willow|move: Leech Seed\n|\n|-damage|p1b: Willow|89\/100|[from] Leech Seed|[of] p2b: Wo-Chien\n|-heal|p2b: Wo-Chien|71\/100|[silent]\n|upkeep\n|\n|t:|1682908312\n|switch|p2a: Garganacl|Garganacl, L50, M|100\/100\n|switch|p1a: Pal-El|Palafin, L50, M|100\/100\n|turn|2\n|\n|t:|1682908323\n|-end|p1b: Willow|Protosynthesis|[silent]\n|switch|p1b: Spordyceps|Amoonguss, L50, F|100\/100\n|move|p1a: Pal-El|Protect|p1a: Pal-El\n|-singleturn|p1a: Pal-El|Protect\n|move|p2b: Wo-Chien|Leech Seed|p1a: Pal-El\n|-activate|p1a: Pal-El|move: Protect\n|move|p2a: Garganacl|Heavy Slam|p1b: Spordyceps\n|-damage|p1b: Spordyceps|82\/100\n|\n|upkeep\n|turn|3\n|inactive|31Turbina has 30 seconds left.\n|\n|t:|1682908348\n|detailschange|p1a: Pal-El|Palafin-Hero, L50, M\n|switch|p1a: Willow|Flutter Mane, L50|89\/100\n|move|p1b: Spordyceps|Rage Powder|p1b: Spordyceps\n|-singleturn|p1b: Spordyceps|move: Rage Powder\n|move|p2b: Wo-Chien|Ruination|p1b: Spordyceps\n|-damage|p1b: Spordyceps|41\/100\n|-enditem|p1b: Spordyceps|Sitrus Berry|[eat]\n|-heal|p1b: Spordyceps|66\/100|[from] item: Sitrus Berry\n|move|p2a: Garganacl|Heavy Slam|p1b: Spordyceps\n|-damage|p1b: Spordyceps|50\/100\n|\n|upkeep\n|turn|4\n|inactive|thrillcorner has 30 seconds left.\n|\n|t:|1682908375\n|-end|p1a: Willow|Protosynthesis|[silent]\n|switch|p1a: Pal-El|Palafin-Hero, L50, M|100\/100\n|-activate|p1a: Pal-El|ability: Zero to Hero\n|move|p2b: Wo-Chien|Leech Seed|p1a: Pal-El\n|-start|p1a: Pal-El|move: Leech Seed\n|move|p2a: Garganacl|Salt Cure|p1b: Spordyceps\n|-damage|p1b: Spordyceps|41\/100\n|-start|p1b: Spordyceps|Salt Cure\n|move|p1b: Spordyceps|Spore|p2b: Wo-Chien\n|-status|p2b: Wo-Chien|slp|[from] move: Spore\n|\n|-damage|p1a: Pal-El|88\/100|[from] Leech Seed|[of] p2b: Wo-Chien\n|-heal|p2b: Wo-Chien|84\/100 slp|[silent]\n|-damage|p1b: Spordyceps|29\/100|[from] Salt Cure\n|upkeep\n|turn|5\n|\n|t:|1682908397\n|switch|p1b: Willow|Flutter Mane, L50|89\/100\n|cant|p2b: Wo-Chien|slp\n|move|p1a: Pal-El|Wave Crash|p2a: Garganacl\n|-supereffective|p2a: Garganacl\n|-damage|p2a: Garganacl|1\/100\n|-damage|p1a: Pal-El|53\/100|[from] Recoil\n|move|p2a: Garganacl|Salt Cure|p1a: Pal-El\n|-damage|p1a: Pal-El|44\/100\n|-start|p1a: Pal-El|Salt Cure\n|\n|-heal|p2a: Garganacl|7\/100|[from] item: Leftovers\n|-damage|p1a: Pal-El|31\/100|[from] Leech Seed|[of] p2b: Wo-Chien\n|-heal|p2b: Wo-Chien|96\/100 slp|[silent]\n|-damage|p1a: Pal-El|7\/100|[from] Salt Cure\n|upkeep\n|turn|6\n|\n|t:|1682908418\n|switch|p1a: Spordyceps|Amoonguss, L50, F|62\/100\n|cant|p2b: Wo-Chien|slp\n|move|p2a: Garganacl|Protect|p2a: Garganacl\n|-singleturn|p2a: Garganacl|Protect\n|move|p1b: Willow|Dazzling Gleam|p2b: Wo-Chien|[spread] p2b\n|-activate|p2a: Garganacl|move: Protect\n|-resisted|p2b: Wo-Chien\n|-damage|p2b: Wo-Chien|84\/100 slp\n|\n|-heal|p2a: Garganacl|13\/100|[from] item: Leftovers\n|upkeep\n|turn|7\n|\n|t:|1682908439\n|move|p1b: Willow|Dazzling Gleam|p2a: Garganacl|[spread] p2a,p2b\n|-resisted|p2b: Wo-Chien\n|-damage|p2a: Garganacl|0 fnt\n|-damage|p2b: Wo-Chien|70\/100 slp\n|faint|p2a: Garganacl\n|-curestatus|p2b: Wo-Chien|slp|[msg]\n|move|p2b: Wo-Chien|Leech Seed|p1b: Willow\n|-start|p1b: Willow|move: Leech Seed\n|move|p1a: Spordyceps|Spore|p2b: Wo-Chien\n|-status|p2b: Wo-Chien|slp|[from] move: Spore\n|\n|-damage|p1b: Willow|77\/100|[from] Leech Seed|[of] p2b: Wo-Chien\n|-heal|p2b: Wo-Chien|79\/100 slp|[silent]\n|upkeep\n|\n|t:|1682908452\n|switch|p2a: Iron Bundle|Iron Bundle, L50|100\/100\n|turn|8\n|\n|t:|1682908468\n|move|p1a: Spordyceps|Protect|p1a: Spordyceps\n|-singleturn|p1a: Spordyceps|Protect\n|move|p2a: Iron Bundle|Freeze-Dry|p1a: Spordyceps\n|-activate|p1a: Spordyceps|move: Protect\n|move|p1b: Willow|Dazzling Gleam|p2b: Wo-Chien|[spread] p2a,p2b\n|-resisted|p2b: Wo-Chien\n|-damage|p2a: Iron Bundle|7\/100\n|-damage|p2b: Wo-Chien|66\/100 slp\n|cant|p2b: Wo-Chien|slp\n|\n|-damage|p1b: Willow|65\/100|[from] Leech Seed|[of] p2b: Wo-Chien\n|-heal|p2b: Wo-Chien|74\/100 slp|[silent]\n|upkeep\n|turn|9\n|\n|t:|1682908489\n|move|p2a: Iron Bundle|Protect|p2a: Iron Bundle\n|-singleturn|p2a: Iron Bundle|Protect\n|move|p1b: Willow|Dazzling Gleam|p2a: Iron Bundle|[spread] p2b\n|-activate|p2a: Iron Bundle|move: Protect\n|-resisted|p2b: Wo-Chien\n|-damage|p2b: Wo-Chien|60\/100 slp\n|cant|p2b: Wo-Chien|slp\n|move|p1a: Spordyceps|Pollen Puff|p1b: Willow\n|-heal|p1b: Willow|100\/100\n|\n|-damage|p1b: Willow|89\/100|[from] Leech Seed|[of] p2b: Wo-Chien\n|-heal|p2b: Wo-Chien|69\/100 slp|[silent]\n|upkeep\n|turn|10\n|\n|t:|1682908507\n|move|p2a: Iron Bundle|Icy Wind|p1b: Willow|[spread] p1a,p1b\n|-supereffective|p1a: Spordyceps\n|-damage|p1a: Spordyceps|25\/100\n|-damage|p1b: Willow|64\/100\n|-unboost|p1a: Spordyceps|spe|1\n|-unboost|p1b: Willow|spe|1\n|move|p1b: Willow|Dazzling Gleam|p2b: Wo-Chien|[spread] p2a,p2b\n|-resisted|p2b: Wo-Chien\n|-damage|p2a: Iron Bundle|0 fnt\n|-damage|p2b: Wo-Chien|55\/100 slp\n|faint|p2a: Iron Bundle\n|-end|p2a: Iron Bundle|Quark Drive|[silent]\n|-curestatus|p2b: Wo-Chien|slp|[msg]\n|move|p2b: Wo-Chien|Pollen Puff|p2: Iron Bundle|[notarget]\n|-fail|p2b: Wo-Chien\n|move|p1a: Spordyceps|Spore|p2b: Wo-Chien\n|-status|p2b: Wo-Chien|slp|[from] move: Spore\n|\n|-damage|p1b: Willow|52\/100|[from] Leech Seed|[of] p2b: Wo-Chien\n|-heal|p2b: Wo-Chien|64\/100 slp|[silent]\n|upkeep\n|turn|11\n|-message|31Turbina forfeited.\n|\n|win|thrillcorner\n|raw|thrillcorner's rating: 1288 → 1314<\/strong> (+26 for winning)\n|raw|31Turbina's rating: 1300 → 1274<\/strong> (-26 for losing)\n|l|\u260631Turbina\n|c|\u2606thrillcorner|gg\n","uploadtime":1682908530,"views":41,"p1id":"thrillcorner","p2id":"31turbina","formatid":"gen9vgc2023regulationc","rating":1274,"private":0,"password":""}