{"id":"gen9vgc2023regulationc-1850354402","p1":"OvidioGza","p2":"Prompto88","format":"[Gen 9] VGC 2023 Regulation C","log":"|j|\u2606OvidioGza\n|j|\u2606Prompto88\n|t:|1682323590\n|gametype|doubles\n|player|p1|OvidioGza|riley|1194\n|player|p2|Prompto88|2|1225\n|teamsize|p1|6\n|teamsize|p2|6\n|gen|9\n|tier|[Gen 9] VGC 2023 Regulation C\n|rated|\n|rule|Species Clause: Limit one of each Pok\u00e9mon\n|rule|Item Clause: Limit one of each item\n|clearpoke\n|poke|p1|Great Tusk, L50|\n|poke|p1|Flutter Mane, L50|\n|poke|p1|Arcanine, L50, M|\n|poke|p1|Corviknight, L50, M|\n|poke|p1|Palafin, L50, F|\n|poke|p1|Amoonguss, L50, F|\n|poke|p2|Gyarados, L50, M|\n|poke|p2|Arcanine, L50, F|\n|poke|p2|Garganacl, L50, F|\n|poke|p2|Ting-Lu, L50|\n|poke|p2|Wo-Chien, L50|\n|poke|p2|Orthworm, L50, F|\n|teampreview|4\n|inactive|Battle timer is ON: inactive players will automatically lose when time's up. (requested by Prompto88)\n|inactive|OvidioGza has 60 seconds left.\n|\n|t:|1682323630\n|start\n|switch|p1a: Palafin|Palafin, L50, F|100\/100\n|switch|p1b: Corviknight|Corviknight, L50, M|100\/100\n|switch|p2a: Arcanine|Arcanine, L50, F|100\/100\n|switch|p2b: Gyarados|Gyarados, L50, M|100\/100\n|-ability|p2b: Gyarados|Intimidate|boost\n|-unboost|p1a: Palafin|atk|1\n|-ability|p1b: Corviknight|Mirror Armor\n|-unboost|p2b: Gyarados|atk|1\n|-ability|p2a: Arcanine|Intimidate|boost\n|-unboost|p1a: Palafin|atk|1\n|-ability|p1b: Corviknight|Mirror Armor\n|-unboost|p2a: Arcanine|atk|1\n|turn|1\n|\n|t:|1682323655\n|detailschange|p1a: Palafin|Palafin-Hero, L50, F\n|switch|p1a: Flutter Mane|Flutter Mane, L50|100\/100\n|move|p2b: Gyarados|Thunder Wave|p1a: Flutter Mane\n|-status|p1a: Flutter Mane|par\n|move|p2a: Arcanine|Will-O-Wisp|p1b: Corviknight\n|-status|p1b: Corviknight|brn\n|move|p1b: Corviknight|Taunt|p2b: Gyarados\n|-start|p2b: Gyarados|move: Taunt\n|\n|-damage|p1b: Corviknight|95\/100 brn|[from] brn\n|upkeep\n|turn|2\n|\n|t:|1682323668\n|cant|p1a: Flutter Mane|par\n|move|p2b: Gyarados|Waterfall|p1a: Flutter Mane\n|-damage|p1a: Flutter Mane|55\/100 par\n|move|p2a: Arcanine|Snarl|p1b: Corviknight|[spread] p1a,p1b\n|-damage|p1a: Flutter Mane|46\/100 par\n|-damage|p1b: Corviknight|88\/100 brn\n|-unboost|p1a: Flutter Mane|spa|1\n|-ability|p1b: Corviknight|Mirror Armor\n|-unboost|p2a: Arcanine|spa|1\n|move|p1b: Corviknight|Tailwind|p1b: Corviknight\n|-sidestart|p1: OvidioGza|move: Tailwind\n|\n|-heal|p1b: Corviknight|94\/100 brn|[from] item: Leftovers\n|-damage|p1b: Corviknight|88\/100 brn|[from] brn\n|upkeep\n|turn|3\n|\n|t:|1682323687\n|-end|p1a: Flutter Mane|Protosynthesis|[silent]\n|switch|p1a: Great Tusk|Great Tusk, L50|100\/100\n|switch|p2b: Garganacl|Garganacl, L50, F|100\/100\n|move|p1b: Corviknight|Brave Bird|p2a: Arcanine\n|-damage|p2a: Arcanine|81\/100\n|-damage|p1b: Corviknight|81\/100 brn|[from] Recoil\n|move|p2a: Arcanine|Snarl|p1b: Corviknight|[spread] p1a,p1b\n|-resisted|p1a: Great Tusk\n|-damage|p1a: Great Tusk|96\/100\n|-damage|p1b: Corviknight|76\/100 brn\n|-unboost|p1a: Great Tusk|spa|1\n|-ability|p1b: Corviknight|Mirror Armor\n|-unboost|p2a: Arcanine|spa|1\n|\n|-heal|p1b: Corviknight|81\/100 brn|[from] item: Leftovers\n|-damage|p1b: Corviknight|76\/100 brn|[from] brn\n|upkeep\n|turn|4\n|\n|t:|1682323710\n|switch|p2a: Gyarados|Gyarados, L50, M|100\/100\n|-ability|p2a: Gyarados|Intimidate|boost\n|-unboost|p1a: Great Tusk|atk|1\n|-ability|p1b: Corviknight|Mirror Armor\n|-unboost|p2a: Gyarados|atk|1\n|-terastallize|p2b: Garganacl|Ghost\n|move|p1a: Great Tusk|Headlong Rush|p2b: Garganacl\n|-damage|p2b: Garganacl|68\/100\n|-unboost|p1a: Great Tusk|def|1\n|-unboost|p1a: Great Tusk|spd|1\n|move|p1b: Corviknight|Brave Bird|p2a: Gyarados\n|-damage|p2a: Gyarados|81\/100\n|-damage|p1b: Corviknight|69\/100 brn|[from] Recoil\n|move|p2b: Garganacl|Salt Cure|p1b: Corviknight\n|-damage|p1b: Corviknight|59\/100 brn\n|-start|p1b: Corviknight|Salt Cure\n|\n|-heal|p1b: Corviknight|64\/100 brn|[from] item: Leftovers\n|-heal|p2b: Garganacl|74\/100|[from] item: Leftovers\n|-damage|p1b: Corviknight|59\/100 brn|[from] brn\n|-damage|p1b: Corviknight|34\/100 brn|[from] Salt Cure\n|upkeep\n|turn|5\n|inactive|OvidioGza has 30 seconds left.\n|inactive|Prompto88 has 30 seconds left.\n|\n|t:|1682323742\n|-end|p1a: Great Tusk|Protosynthesis|[silent]\n|switch|p1a: Palafin|Palafin-Hero, L50, F|100\/100\n|-activate|p1a: Palafin|ability: Zero to Hero\n|move|p1b: Corviknight|Brave Bird|p2a: Gyarados\n|-damage|p2a: Gyarados|62\/100\n|-damage|p1b: Corviknight|27\/100 brn|[from] Recoil\n|move|p2a: Gyarados|Waterfall|p1a: Palafin\n|-resisted|p1a: Palafin\n|-damage|p1a: Palafin|89\/100\n|move|p2b: Garganacl|Salt Cure|p1b: Corviknight\n|-damage|p1b: Corviknight|17\/100 brn\n|\n|-heal|p1b: Corviknight|22\/100 brn|[from] item: Leftovers\n|-heal|p2b: Garganacl|80\/100|[from] item: Leftovers\n|-damage|p1b: Corviknight|17\/100 brn|[from] brn\n|-damage|p1b: Corviknight|0 fnt|[from] Salt Cure\n|faint|p1b: Corviknight\n|-sideend|p1: OvidioGza|move: Tailwind\n|upkeep\n|\n|t:|1682323747\n|switch|p1b: Great Tusk|Great Tusk, L50|96\/100\n|turn|6\n|\n|t:|1682323764\n|switch|p2a: Arcanine|Arcanine, L50, F|81\/100\n|-ability|p2a: Arcanine|Intimidate|boost\n|-unboost|p1a: Palafin|atk|1\n|-unboost|p1b: Great Tusk|atk|1\n|-terastallize|p1a: Palafin|Water\n|move|p1b: Great Tusk|Close Combat|p2a: Arcanine\n|-damage|p2a: Arcanine|36\/100\n|-unboost|p1b: Great Tusk|def|1\n|-unboost|p1b: Great Tusk|spd|1\n|move|p1a: Palafin|Wave Crash|p2a: Arcanine\n|-supereffective|p2a: Arcanine\n|-damage|p2a: Arcanine|0 fnt\n|faint|p2a: Arcanine\n|-damage|p1a: Palafin|78\/100|[from] Recoil\n|move|p2b: Garganacl|Salt Cure|p1a: Palafin\n|-damage|p1a: Palafin|64\/100\n|-start|p1a: Palafin|Salt Cure\n|\n|-heal|p2b: Garganacl|86\/100|[from] item: Leftovers\n|-damage|p1a: Palafin|39\/100|[from] Salt Cure\n|upkeep\n|\n|t:|1682323785\n|switch|p2a: Gyarados|Gyarados, L50, M|62\/100\n|-ability|p2a: Gyarados|Intimidate|boost\n|-unboost|p1a: Palafin|atk|1\n|-unboost|p1b: Great Tusk|atk|1\n|turn|7\n|\n|t:|1682323792\n|switch|p1a: Flutter Mane|Flutter Mane, L50|46\/100 par\n|move|p1b: Great Tusk|Protect|p1b: Great Tusk\n|-singleturn|p1b: Great Tusk|Protect\n|move|p2a: Gyarados|Thunder Wave|p1a: Flutter Mane|[miss]\n|-miss|p2a: Gyarados|p1a: Flutter Mane\n|move|p2b: Garganacl|Salt Cure|p1b: Great Tusk\n|-activate|p1b: Great Tusk|move: Protect\n|\n|-heal|p2b: Garganacl|91\/100|[from] item: Leftovers\n|upkeep\n|turn|8\n|\n|t:|1682323802\n|-end|p1b: Great Tusk|Protosynthesis|[silent]\n|switch|p1b: Palafin|Palafin-Hero, L50, F, tera:Water|39\/100\n|move|p2a: Gyarados|Protect|p2a: Gyarados\n|-singleturn|p2a: Gyarados|Protect\n|move|p1a: Flutter Mane|Moonblast|p2b: Garganacl\n|-damage|p2b: Garganacl|39\/100\n|-unboost|p2b: Garganacl|spa|1\n|-damage|p1a: Flutter Mane|36\/100 par|[from] item: Life Orb\n|move|p2b: Garganacl|Salt Cure|p1b: Palafin\n|-damage|p1b: Palafin|25\/100\n|-start|p1b: Palafin|Salt Cure\n|\n|-heal|p2b: Garganacl|44\/100|[from] item: Leftovers\n|-damage|p1b: Palafin|0 fnt|[from] Salt Cure\n|faint|p1b: Palafin\n|upkeep\n|\n|t:|1682323809\n|switch|p1b: Great Tusk|Great Tusk, L50|96\/100\n|turn|9\n|\n|t:|1682323827\n|move|p1b: Great Tusk|Protect|p1b: Great Tusk\n|-singleturn|p1b: Great Tusk|Protect\n|move|p2b: Garganacl|Protect|p2b: Garganacl\n|-singleturn|p2b: Garganacl|Protect\n|move|p2a: Gyarados|Waterfall|p1a: Flutter Mane\n|-damage|p1a: Flutter Mane|0 fnt\n|faint|p1a: Flutter Mane\n|-end|p1a: Flutter Mane|Protosynthesis|[silent]\n|\n|-heal|p2b: Garganacl|50\/100|[from] item: Leftovers\n|upkeep\n|turn|10\n|-message|OvidioGza forfeited.\n|\n|win|Prompto88\n|raw|OvidioGza's rating: 1194 → 1171<\/strong> (-23 for losing)\n|raw|Prompto88's rating: 1225 → 1248<\/strong> (+23 for winning)\n","uploadtime":1682323855,"views":26,"p1id":"ovidiogza","p2id":"prompto88","formatid":"gen9vgc2023regulationc","rating":1171,"private":0,"password":""}