{"id":"gen9vgc2023regulationc-1858605978","p1":"Duecal1on","p2":"alessrierai","format":"[Gen 9] VGC 2023 Regulation C","log":"|j|\u2606Duecal1on\n|j|\u2606alessrierai\n|t:|1683331295\n|gametype|doubles\n|player|p1|Duecal1on|volkner|1359\n|player|p2|alessrierai|linebacker|1360\n|teamsize|p1|6\n|teamsize|p2|6\n|gen|9\n|tier|[Gen 9] VGC 2023 Regulation C\n|rated|\n|rule|Species Clause: Limit one of each Pok\u00e9mon\n|rule|Item Clause: Limit one of each item\n|clearpoke\n|poke|p1|Dondozo, L50, M|\n|poke|p1|Tatsugiri-Stretchy, L50, M|\n|poke|p1|Pelipper, L50, F|\n|poke|p1|Drednaw, L50, M|\n|poke|p1|Chien-Pao, L50|\n|poke|p1|Dragonite, L50, M|\n|poke|p2|Baxcalibur, L50, M|\n|poke|p2|Chi-Yu, L50|\n|poke|p2|Abomasnow, L50, F|\n|poke|p2|Palafin, L50, M|\n|poke|p2|Flutter Mane, L50|\n|poke|p2|Scizor, L50, F|\n|teampreview|4\n|inactive|Battle timer is ON: inactive players will automatically lose when time's up. (requested by Duecal1on)\n|\n|t:|1683331343\n|start\n|switch|p1a: Dragonite|Dragonite, L50, M, shiny|100\/100\n|switch|p1b: Chien-Pao|Chien-Pao, L50|100\/100\n|switch|p2a: Baxcalibur|Baxcalibur, L50, M|100\/100\n|switch|p2b: Palafin|Palafin, L50, M|100\/100\n|-ability|p1b: Chien-Pao|Sword of Ruin\n|turn|1\n|inactive|alessrierai has 30 seconds left.\n|inactive|alessrierai has 20 seconds left.\n|\n|t:|1683331380\n|detailschange|p2b: Palafin|Palafin-Hero, L50, M\n|switch|p2b: Flutter Mane|Flutter Mane, L50|100\/100\n|-enditem|p2b: Flutter Mane|Booster Energy\n|-activate|p2b: Flutter Mane|ability: Protosynthesis|[fromitem]\n|-start|p2b: Flutter Mane|protosynthesisspa\n|-terastallize|p1a: Dragonite|Normal\n|move|p2a: Baxcalibur|Protect|p2a: Baxcalibur\n|-singleturn|p2a: Baxcalibur|Protect\n|move|p1a: Dragonite|Extreme Speed|p2a: Baxcalibur\n|-activate|p2a: Baxcalibur|move: Protect\n|move|p1b: Chien-Pao|Sacred Sword|p2a: Baxcalibur\n|-activate|p2a: Baxcalibur|move: Protect\n|\n|upkeep\n|turn|2\n|inactive|alessrierai has 30 seconds left.\n|inactive|alessrierai has 20 seconds left.\n|inactive|alessrierai has 15 seconds left.\n|inactive|alessrierai has 10 seconds left.\n|inactive|alessrierai has 5 seconds left.\n|\n|t:|1683331432\n|-terastallize|p2a: Baxcalibur|Steel\n|move|p2b: Flutter Mane|Protect|p2b: Flutter Mane\n|-singleturn|p2b: Flutter Mane|Protect\n|move|p1a: Dragonite|Extreme Speed|p2a: Baxcalibur\n|-resisted|p2a: Baxcalibur\n|-damage|p2a: Baxcalibur|71\/100\n|move|p1b: Chien-Pao|Ice Spinner|p2b: Flutter Mane\n|-activate|p2b: Flutter Mane|move: Protect\n|move|p2a: Baxcalibur|Glaive Rush|p1b: Chien-Pao\n|-damage|p1b: Chien-Pao|11\/100\n|-singlemove|p2a: Baxcalibur|Glaive Rush|[silent]\n|\n|upkeep\n|turn|3\n|inactive|Duecal1on has 30 seconds left.\n|inactive|alessrierai has 30 seconds left.\n|\n|t:|1683331462\n|-end|p2b: Flutter Mane|Protosynthesis|[silent]\n|switch|p2b: Abomasnow|Abomasnow, L50, F|100\/100\n|-weather|Snow|[from] ability: Snow Warning|[of] p2b: Abomasnow\n|move|p2a: Baxcalibur|Protect|p2a: Baxcalibur\n|-singleturn|p2a: Baxcalibur|Protect\n|move|p1b: Chien-Pao|Sacred Sword|p2a: Baxcalibur\n|-activate|p2a: Baxcalibur|move: Protect\n|move|p1a: Dragonite|Ice Spinner|p2b: Abomasnow\n|-damage|p2b: Abomasnow|69\/100\n|\n|-weather|Snow|[upkeep]\n|upkeep\n|turn|4\n|inactive|alessrierai has 30 seconds left.\n|\n|t:|1683331491\n|move|p1a: Dragonite|Extreme Speed|p2b: Abomasnow\n|-damage|p2b: Abomasnow|21\/100\n|move|p2a: Baxcalibur|Ice Shard|p1b: Chien-Pao\n|-resisted|p1b: Chien-Pao\n|-damage|p1b: Chien-Pao|0 fnt\n|faint|p1b: Chien-Pao\n|move|p2b: Abomasnow|Blizzard|p1a: Dragonite\n|-damage|p1a: Dragonite|53\/100\n|\n|-weather|Snow|[upkeep]\n|upkeep\n|\n|t:|1683331497\n|switch|p1b: Dondozo|Dondozo, L50, M, shiny|100\/100\n|turn|5\n|inactive|alessrierai has 30 seconds left.\n|\n|t:|1683331526\n|switch|p1a: Tatsugiri|Tatsugiri-Stretchy, L50, M, shiny|100\/100\n|-activate|p1a: Tatsugiri|ability: Commander|[of] p1b: Dondozo\n|-boost|p1b: Dondozo|atk|2\n|-boost|p1b: Dondozo|spa|2\n|-boost|p1b: Dondozo|spe|2\n|-boost|p1b: Dondozo|def|2\n|-boost|p1b: Dondozo|spd|2\n|move|p1b: Dondozo|Surf|p2a: Baxcalibur|[spread] p2a,p2b\n|-miss|p1b: Dondozo|p1a: Tatsugiri\n|-resisted|p2b: Abomasnow\n|-crit|p2b: Abomasnow\n|-damage|p2a: Baxcalibur|20\/100\n|-damage|p2b: Abomasnow|0 fnt\n|faint|p2b: Abomasnow\n|-damage|p1b: Dondozo|91\/100|[from] item: Life Orb\n|move|p2a: Baxcalibur|Glaive Rush|p1b: Dondozo\n|-damage|p1b: Dondozo|61\/100\n|-singlemove|p2a: Baxcalibur|Glaive Rush|[silent]\n|\n|-weather|Snow|[upkeep]\n|upkeep\n|\n|t:|1683331546\n|switch|p2b: Palafin|Palafin-Hero, L50, M|100\/100\n|-activate|p2b: Palafin|ability: Zero to Hero\n|turn|6\n|\n|t:|1683331553\n|move|p2a: Baxcalibur|Protect|p2a: Baxcalibur\n|-singleturn|p2a: Baxcalibur|Protect\n|move|p1b: Dondozo|Surf|p2a: Baxcalibur|[spread] p2b\n|-miss|p1b: Dondozo|p1a: Tatsugiri\n|-activate|p2a: Baxcalibur|move: Protect\n|-resisted|p2b: Palafin\n|-damage|p2b: Palafin|73\/100\n|-damage|p1b: Dondozo|52\/100|[from] item: Life Orb\n|move|p2b: Palafin|Haze|p2b: Palafin\n|-clearallboost\n|\n|-weather|Snow|[upkeep]\n|upkeep\n|turn|7\n|inactive|alessrierai has 30 seconds left.\n|inactive|alessrierai has 20 seconds left.\n|\n|t:|1683331589\n|move|p2b: Palafin|Wave Crash|p1b: Dondozo\n|-resisted|p1b: Dondozo\n|-damage|p1b: Dondozo|14\/100\n|-damage|p2b: Palafin|60\/100|[from] Recoil\n|move|p2a: Baxcalibur|Glaive Rush|p1b: Dondozo\n|-damage|p1b: Dondozo|0 fnt\n|-singlemove|p2a: Baxcalibur|Glaive Rush|[silent]\n|faint|p1b: Dondozo\n|\n|-weather|none\n|upkeep\n|\n|t:|1683331596\n|switch|p1b: Dragonite|Dragonite, L50, M, shiny, tera:Normal|53\/100\n|turn|8\n|inactive|alessrierai has 30 seconds left.\n|\n|t:|1683331629\n|switch|p2b: Flutter Mane|Flutter Mane, L50|100\/100\n|move|p2a: Baxcalibur|Protect|p2a: Baxcalibur\n|-singleturn|p2a: Baxcalibur|Protect\n|move|p1a: Tatsugiri|Muddy Water|p2a: Baxcalibur|[spread] p2b\n|-activate|p2a: Baxcalibur|move: Protect\n|-damage|p2b: Flutter Mane|64\/100\n|move|p1b: Dragonite|Thunder Punch|p2b: Flutter Mane\n|-damage|p2b: Flutter Mane|15\/100\n|\n|upkeep\n|turn|9\n|inactive|alessrierai has 30 seconds left.\n|inactive|Duecal1on has 30 seconds left.\n|\n|t:|1683331671\n|move|p2a: Baxcalibur|Ice Shard|p1a: Tatsugiri\n|-damage|p1a: Tatsugiri|58\/100\n|move|p1a: Tatsugiri|Muddy Water|p2a: Baxcalibur|[spread] p2a,p2b\n|-damage|p2a: Baxcalibur|0 fnt\n|-damage|p2b: Flutter Mane|0 fnt\n|faint|p2a: Baxcalibur\n|faint|p2b: Flutter Mane\n|-end|p2b: Flutter Mane|Protosynthesis|[silent]\n|move|p1b: Dragonite|Thunder Punch|p2: Baxcalibur|[notarget]\n|-fail|p1b: Dragonite\n|\n|upkeep\n|\n|t:|1683331683\n|switch|p2b: Palafin|Palafin-Hero, L50, M|60\/100\n|turn|10\n|\n|t:|1683331698\n|move|p1b: Dragonite|Extreme Speed|p2b: Palafin\n|-damage|p2b: Palafin|22\/100\n|move|p2b: Palafin|Jet Punch|p1b: Dragonite\n|-damage|p1b: Dragonite|10\/100\n|move|p1a: Tatsugiri|Muddy Water|p2b: Palafin\n|-resisted|p2b: Palafin\n|-damage|p2b: Palafin|1\/100\n|\n|upkeep\n|turn|11\n|\n|t:|1683331709\n|move|p1b: Dragonite|Extreme Speed|p2b: Palafin\n|-damage|p2b: Palafin|0 fnt\n|faint|p2b: Palafin\n|\n|win|Duecal1on\n|raw|Duecal1on's rating: 1359 → 1379<\/strong> (+20 for winning)\n|raw|alessrierai's rating: 1360 → 1340<\/strong> (-20 for losing)\n|l|\u2606alessrierai\n","uploadtime":1683331716,"views":10,"p1id":"duecal1on","p2id":"alessrierai","formatid":"gen9vgc2023regulationc","rating":1340,"private":0,"password":""}