{"id":"gen9vgc2023regulationc-1845200523","p1":"Zydroxequil","p2":"LovelyTheSavage","format":"[Gen 9] VGC 2023 Regulation C","log":"|j|\u2606Zydroxequil\n|j|\u2606LovelyTheSavage\n|t:|1681695594\n|gametype|doubles\n|player|p1|Zydroxequil|scientist-gen4dp|1219\n|player|p2|LovelyTheSavage|101|1121\n|teamsize|p1|6\n|teamsize|p2|6\n|gen|9\n|tier|[Gen 9] VGC 2023 Regulation C\n|rated|\n|rule|Species Clause: Limit one of each Pok\u00e9mon\n|rule|Item Clause: Limit one of each item\n|clearpoke\n|poke|p1|Corviknight, L50, F|\n|poke|p1|Tyranitar, L50, M|\n|poke|p1|Garchomp, L50, M|\n|poke|p1|Gyarados, L50, F|\n|poke|p1|Amoonguss, L50, F|\n|poke|p1|Iron Hands, L50|\n|poke|p2|Iron Jugulis, L50|\n|poke|p2|Baxcalibur, L50, F|\n|poke|p2|Amoonguss, L50, M|\n|poke|p2|Dragonite, L50, M|\n|poke|p2|Magnezone, L50|\n|poke|p2|Gastrodon, L50, M|\n|teampreview|4\nLovelyTheSavage has agreed to open team sheets.\nZydroxequil has agreed to open team sheets.\n|\n|t:|1681695747\n|start\n|switch|p1a: Gyarados|Gyarados, L50, F, shiny|100\/100\n|switch|p1b: Garchomp|Garchomp, L50, M|100\/100\n|switch|p2a: Magnezone|Magnezone, L50|100\/100\n|switch|p2b: Baxcalibur|Baxcalibur, L50, F|100\/100\n|-ability|p1a: Gyarados|Intimidate|boost\n|-unboost|p2a: Magnezone|atk|1\n|-unboost|p2b: Baxcalibur|atk|1\n|turn|1\n|\n|t:|1681695825\n|switch|p1b: Amoonguss|Amoonguss, L50, F|100\/100\n|switch|p2a: Dragonite|Dragonite, L50, M, shiny|100\/100\n|switch|p1a: Tyranitar|Tyranitar, L50, M, shiny|100\/100\n|-weather|Sandstorm|[from] ability: Sand Stream|[of] p1a: Tyranitar\n|move|p2b: Baxcalibur|Breaking Swipe|p1a: Tyranitar|[spread] p1a,p1b\n|-damage|p1a: Tyranitar|86\/100\n|-damage|p1b: Amoonguss|87\/100\n|-unboost|p1a: Tyranitar|atk|1\n|-unboost|p1b: Amoonguss|atk|1\n|-damage|p2b: Baxcalibur|84\/100|[from] item: Rocky Helmet|[of] p1b: Amoonguss\n|\n|-weather|Sandstorm|[upkeep]\n|-damage|p2a: Dragonite|94\/100|[from] Sandstorm\n|-damage|p2b: Baxcalibur|78\/100|[from] Sandstorm\n|-damage|p1b: Amoonguss|81\/100|[from] Sandstorm\n|upkeep\n|turn|2\n|\n|t:|1681695884\n|switch|p2b: Amoonguss|Amoonguss, L50, M|100\/100\n|-terastallize|p1a: Tyranitar|Flying\n|move|p2a: Dragonite|Protect|p2a: Dragonite\n|-singleturn|p2a: Dragonite|Protect\n|move|p1a: Tyranitar|Rock Slide|p2b: Amoonguss|[spread] p2b\n|-activate|p2a: Dragonite|move: Protect\n|-damage|p2b: Amoonguss|83\/100\n|move|p1b: Amoonguss|Spore|p2b: Amoonguss\n|-immune|p2b: Amoonguss\n|\n|-weather|Sandstorm|[upkeep]\n|-damage|p2a: Dragonite|88\/100|[from] Sandstorm\n|-damage|p1a: Tyranitar|80\/100|[from] Sandstorm\n|-damage|p2b: Amoonguss|77\/100|[from] Sandstorm\n|-damage|p1b: Amoonguss|75\/100|[from] Sandstorm\n|upkeep\n|turn|3\n|\n|t:|1681695953\n|switch|p1b: Gyarados|Gyarados, L50, F, shiny|100\/100\n|-ability|p1b: Gyarados|Intimidate|boost\n|-unboost|p2a: Dragonite|atk|1\n|-unboost|p2b: Amoonguss|atk|1\n|move|p2b: Amoonguss|Rage Powder|p2b: Amoonguss\n|-singleturn|p2b: Amoonguss|move: Rage Powder\n|move|p2a: Dragonite|Roost|p2a: Dragonite\n|-heal|p2a: Dragonite|100\/100\n|-singleturn|p2a: Dragonite|move: Roost\n|move|p1a: Tyranitar|Tera Blast|p2b: Amoonguss\n|-supereffective|p2b: Amoonguss\n|-damage|p2b: Amoonguss|20\/100\n|\n|-weather|Sandstorm|[upkeep]\n|-damage|p2a: Dragonite|94\/100|[from] Sandstorm\n|-damage|p1a: Tyranitar|74\/100|[from] Sandstorm\n|-damage|p2b: Amoonguss|14\/100|[from] Sandstorm\n|upkeep\n|turn|4\n|\n|t:|1681696002\n|switch|p2b: Magnezone|Magnezone, L50|100\/100\n|move|p1b: Gyarados|Helping Hand|p1a: Tyranitar\n|-singleturn|p1a: Tyranitar|Helping Hand|[of] p1b: Gyarados\n|move|p2a: Dragonite|Tailwind|p2a: Dragonite\n|-sidestart|p2: LovelyTheSavage|move: Tailwind\n|move|p1a: Tyranitar|Rock Slide|p2a: Dragonite|[spread] p2a,p2b\n|-supereffective|p2a: Dragonite\n|-resisted|p2b: Magnezone\n|-damage|p2a: Dragonite|49\/100\n|-damage|p2b: Magnezone|85\/100\n|-enditem|p2a: Dragonite|Sitrus Berry|[eat]\n|-heal|p2a: Dragonite|74\/100|[from] item: Sitrus Berry\n|\n|-weather|Sandstorm|[upkeep]\n|-damage|p2a: Dragonite|68\/100|[from] Sandstorm\n|-damage|p1a: Tyranitar|68\/100|[from] Sandstorm\n|upkeep\n|turn|5\n|\n|t:|1681696059\n|switch|p1b: Garchomp|Garchomp, L50, M|100\/100\n|move|p2a: Dragonite|Roost|p2a: Dragonite\n|-heal|p2a: Dragonite|100\/100\n|-singleturn|p2a: Dragonite|move: Roost\n|move|p2b: Magnezone|Flash Cannon|p1a: Tyranitar\n|-damage|p1a: Tyranitar|21\/100\n|move|p1a: Tyranitar|Fire Punch|p2b: Magnezone\n|-supereffective|p2b: Magnezone\n|-damage|p2b: Magnezone|47\/100\n|\n|-weather|none\n|upkeep\n|turn|6\n|\n|t:|1681696115\n|switch|p2b: Amoonguss|Amoonguss, L50, M|47\/100\n|switch|p1a: Gyarados|Gyarados, L50, F, shiny|100\/100\n|-ability|p1a: Gyarados|Intimidate|boost\n|-unboost|p2a: Dragonite|atk|1\n|-unboost|p2b: Amoonguss|atk|1\n|move|p2a: Dragonite|Protect|p2a: Dragonite\n|-singleturn|p2a: Dragonite|Protect\n|move|p1b: Garchomp|Earthquake|p2a: Dragonite|[spread] p2b\n|-activate|p2a: Dragonite|move: Protect\n|-immune|p1a: Gyarados\n|-damage|p2b: Amoonguss|0 fnt\n|faint|p2b: Amoonguss\n|\n|upkeep\n|\n|t:|1681696130\n|switch|p2b: Baxcalibur|Baxcalibur, L50, F|78\/100\n|turn|7\n|\n|t:|1681696195\n|switch|p1b: Amoonguss|Amoonguss, L50, F|100\/100\n|move|p2a: Dragonite|Rock Slide|p1b: Amoonguss|[spread] p1b\n|-miss|p2a: Dragonite|p1a: Gyarados\n|-crit|p1b: Amoonguss\n|-damage|p1b: Amoonguss|79\/100\n|move|p2b: Baxcalibur|Breaking Swipe|p1b: Amoonguss|[spread] p1a,p1b\n|-damage|p1a: Gyarados|74\/100\n|-damage|p1b: Amoonguss|59\/100\n|-unboost|p1a: Gyarados|atk|1\n|-unboost|p1b: Amoonguss|atk|1\n|-damage|p2b: Baxcalibur|62\/100|[from] item: Rocky Helmet|[of] p1b: Amoonguss\n|move|p1a: Gyarados|Thunder Wave|p2a: Dragonite|[miss]\n|-miss|p1a: Gyarados|p2a: Dragonite\n|\n|-sideend|p2: LovelyTheSavage|move: Tailwind\n|upkeep\n|turn|8\n|\n|t:|1681696260\n|switch|p1a: Tyranitar|Tyranitar, L50, M, shiny, tera:Flying|21\/100\n|-weather|Sandstorm|[from] ability: Sand Stream|[of] p1a: Tyranitar\n|move|p2a: Dragonite|Tailwind|p2a: Dragonite\n|-sidestart|p2: LovelyTheSavage|move: Tailwind\n|move|p2b: Baxcalibur|Glaive Rush|p1b: Amoonguss\n|-damage|p1b: Amoonguss|3\/100\n|-singlemove|p2b: Baxcalibur|Glaive Rush|[silent]\n|-damage|p2b: Baxcalibur|45\/100|[from] item: Rocky Helmet|[of] p1b: Amoonguss\n|move|p1b: Amoonguss|Spore|p2b: Baxcalibur\n|-status|p2b: Baxcalibur|slp|[from] move: Spore\n|\n|-weather|Sandstorm|[upkeep]\n|-damage|p2a: Dragonite|94\/100|[from] Sandstorm\n|-damage|p2b: Baxcalibur|39\/100 slp|[from] Sandstorm\n|-damage|p1a: Tyranitar|15\/100|[from] Sandstorm\n|-damage|p1b: Amoonguss|0 fnt|[from] Sandstorm\n|faint|p1b: Amoonguss\n|upkeep\n|\n|t:|1681696275\n|switch|p1b: Garchomp|Garchomp, L50, M|100\/100\n|turn|9\n|\n|t:|1681696308\n|move|p2a: Dragonite|Protect|p2a: Dragonite\n|-singleturn|p2a: Dragonite|Protect\n|move|p1a: Tyranitar|Protect|p1a: Tyranitar\n|-singleturn|p1a: Tyranitar|Protect\n|cant|p2b: Baxcalibur|slp\n|move|p1b: Garchomp|Rock Slide|p2a: Dragonite|[spread] \n|-activate|p2a: Dragonite|move: Protect\n|-miss|p1b: Garchomp|p2b: Baxcalibur\n|\n|-weather|Sandstorm|[upkeep]\n|-damage|p2a: Dragonite|88\/100|[from] Sandstorm\n|-damage|p2b: Baxcalibur|33\/100 slp|[from] Sandstorm\n|-damage|p1a: Tyranitar|9\/100|[from] Sandstorm\n|upkeep\n|turn|10\n|\n|t:|1681696328\n|switch|p1a: Gyarados|Gyarados, L50, F, shiny|74\/100\n|-ability|p1a: Gyarados|Intimidate|boost\n|-unboost|p2a: Dragonite|atk|1\n|-unboost|p2b: Baxcalibur|atk|1\n|move|p2a: Dragonite|Roost|p2a: Dragonite\n|-heal|p2a: Dragonite|100\/100\n|-singleturn|p2a: Dragonite|move: Roost\n|cant|p2b: Baxcalibur|slp\n|move|p1b: Garchomp|Rock Slide|p2a: Dragonite|[spread] p2b\n|-miss|p1b: Garchomp|p2a: Dragonite\n|-supereffective|p2b: Baxcalibur\n|-damage|p2b: Baxcalibur|0 fnt\n|faint|p2b: Baxcalibur\n|\n|-weather|Sandstorm|[upkeep]\n|-damage|p2a: Dragonite|94\/100|[from] Sandstorm\n|upkeep\n|\n|t:|1681696342\n|switch|p2b: Magnezone|Magnezone, L50|47\/100\n|turn|11\n|\n|t:|1681696411\n|switch|p1a: Tyranitar|Tyranitar, L50, M, shiny, tera:Flying|9\/100\n|-terastallize|p2a: Dragonite|Fairy\n|move|p2a: Dragonite|Rock Slide|p1b: Garchomp|[spread] p1a,p1b\n|-supereffective|p1a: Tyranitar\n|-resisted|p1b: Garchomp\n|-damage|p1a: Tyranitar|0 fnt\n|-damage|p1b: Garchomp|97\/100\n|faint|p1a: Tyranitar\n|move|p2b: Magnezone|Flash Cannon|p1b: Garchomp\n|-damage|p1b: Garchomp|29\/100\n|move|p1b: Garchomp|Rock Slide|p2b: Magnezone|[spread] p2a,p2b\n|-resisted|p2b: Magnezone\n|-damage|p2a: Dragonite|72\/100\n|-damage|p2b: Magnezone|32\/100\n|\n|-weather|Sandstorm|[upkeep]\n|-damage|p2a: Dragonite|65\/100|[from] Sandstorm\n|-sideend|p2: LovelyTheSavage|move: Tailwind\n|upkeep\n|\n|t:|1681696415\n|switch|p1a: Gyarados|Gyarados, L50, F, shiny|74\/100\n|-ability|p1a: Gyarados|Intimidate|boost\n|-unboost|p2a: Dragonite|atk|1\n|-unboost|p2b: Magnezone|atk|1\n|turn|12\n|\n|t:|1681696445\n|move|p1b: Garchomp|Rock Slide|p2a: Dragonite|[spread] p2a,p2b\n|-resisted|p2b: Magnezone\n|-damage|p2a: Dragonite|40\/100\n|-damage|p2b: Magnezone|16\/100\n|cant|p2a: Dragonite|flinch\n|move|p2b: Magnezone|Flash Cannon|p1b: Garchomp\n|-damage|p1b: Garchomp|0 fnt\n|faint|p1b: Garchomp\n|move|p1a: Gyarados|Iron Head|p2a: Dragonite\n|-supereffective|p2a: Dragonite\n|-crit|p2a: Dragonite\n|-damage|p2a: Dragonite|0 fnt\n|faint|p2a: Dragonite\n|\n|-weather|none\n|upkeep\n|turn|13\n|\n|t:|1681696459\n|move|p2b: Magnezone|Flash Cannon|p1a: Gyarados\n|-resisted|p1a: Gyarados\n|-damage|p1a: Gyarados|50\/100\n|move|p1a: Gyarados|Waterfall|p2b: Magnezone\n|-damage|p2b: Magnezone|0 fnt\n|faint|p2b: Magnezone\n|\n|win|Zydroxequil\n|raw|Zydroxequil's rating: 1219 → 1237<\/strong> (+18 for winning)\n|raw|LovelyTheSavage's rating: 1121 → 1103<\/strong> (-18 for losing)\n|l|\u2606LovelyTheSavage\n","uploadtime":1681696510,"views":12,"p1id":"zydroxequil","p2id":"lovelythesavage","formatid":"gen9vgc2023regulationc","rating":1103,"private":0,"password":""}