{"id":"gen9vgc2023regulationc-1851635583","p1":"MoboyPlaysPokemon","p2":"Cigtar","format":"[Gen 9] VGC 2023 Regulation C","log":"|j|\u2606MoboyPlaysPokemon\n|j|\u2606Cigtar\n|t:|1682463850\n|gametype|doubles\n|player|p1|MoboyPlaysPokemon|266|\n|player|p2|Cigtar|phoebe-gen3|\n|teamsize|p1|6\n|teamsize|p2|6\n|gen|9\n|tier|[Gen 9] VGC 2023 Regulation C\n|rule|Species Clause: Limit one of each Pok\u00e9mon\n|rule|Item Clause: Limit one of each item\n|clearpoke\n|poke|p1|Indeedee-F, L50, F|\n|poke|p1|Iron Thorns, L50|\n|poke|p1|Kingambit, L50, M|\n|poke|p1|Bruxish, L50, M|\n|poke|p1|Appletun, L50, F|\n|poke|p1|Spiritomb, L50, M|\n|poke|p2|Chi-Yu, L50|\n|poke|p2|Toedscruel, L50, F|\n|poke|p2|Gyarados, L50, F|\n|poke|p2|Sableye, L50, F|\n|poke|p2|Farigiraf, L50, M|\n|poke|p2|Ursaring, L50, F|\n|teampreview|4\n|\n|t:|1682463921\n|start\n|switch|p1a: Muffin Baker|Indeedee-F, L50, F|100\/100\n|switch|p1b: Sunder|Bruxish, L50, M|100\/100\n|switch|p2a: Chi-Yu|Chi-Yu, L50|100\/100\n|switch|p2b: Toedscruel|Toedscruel, L50, F|100\/100\n|-ability|p2a: Chi-Yu|Beads of Ruin\n|-fieldstart|move: Psychic Terrain|[from] ability: Psychic Surge|[of] p1a: Muffin Baker\n|-enditem|p1a: Muffin Baker|Psychic Seed\n|-boost|p1a: Muffin Baker|spd|1|[from] item: Psychic Seed\n|turn|1\n|\n|t:|1682463982\n|move|p2b: Toedscruel|Rage Powder|p2b: Toedscruel\n|-singleturn|p2b: Toedscruel|move: Rage Powder\n|move|p2a: Chi-Yu|Dark Pulse|p1a: Muffin Baker\n|-supereffective|p1a: Muffin Baker\n|-damage|p1a: Muffin Baker|12\/100\n|-damage|p2a: Chi-Yu|90\/100|[from] item: Life Orb\n|move|p1b: Sunder|Liquidation|p2b: Toedscruel\n|-damage|p2b: Toedscruel|35\/100\n|-damage|p1b: Sunder|84\/100|[from] item: Rocky Helmet|[of] p2b: Toedscruel\n|move|p1a: Muffin Baker|Psychic|p2b: Toedscruel\n|-damage|p2b: Toedscruel|0 fnt\n|faint|p2b: Toedscruel\n|\n|upkeep\n|\n|t:|1682463996\n|switch|p2b: Sableye|Sableye, L50, F|100\/100\n|-item|p2b: Sableye|Air Balloon\n|turn|2\n|\n|t:|1682464014\n|move|p2b: Sableye|Fake Out|p1a: Muffin Baker\n|-activate|p1a: Muffin Baker|move: Psychic Terrain\n|move|p1a: Muffin Baker|Follow Me|p1a: Muffin Baker\n|-singleturn|p1a: Muffin Baker|move: Follow Me\n|move|p2a: Chi-Yu|Dark Pulse|p1a: Muffin Baker\n|-supereffective|p1a: Muffin Baker\n|-damage|p1a: Muffin Baker|0 fnt\n|faint|p1a: Muffin Baker\n|-damage|p2a: Chi-Yu|80\/100|[from] item: Life Orb\n|move|p1b: Sunder|Liquidation|p2a: Chi-Yu\n|-supereffective|p2a: Chi-Yu\n|-damage|p2a: Chi-Yu|0 fnt\n|faint|p2a: Chi-Yu\n|\n|upkeep\n|\n|t:|1682464028\n|switch|p2a: Gyarados|Gyarados, L50, F|100\/100\n|switch|p1a: Jade Colossus|Iron Thorns, L50|100\/100\n|-ability|p2a: Gyarados|Intimidate|boost\n|-unboost|p1a: Jade Colossus|atk|1\n|-unboost|p1b: Sunder|atk|1\n|turn|3\n|\n|t:|1682464044\n|-terastallize|p1a: Jade Colossus|Fairy\n|move|p2a: Gyarados|Waterfall|p1a: Jade Colossus\n|-damage|p1a: Jade Colossus|65\/100\n|move|p1b: Sunder|Liquidation|p2b: Sableye\n|-damage|p2b: Sableye|53\/100\n|-unboost|p2b: Sableye|def|1\n|-enditem|p2b: Sableye|Air Balloon\n|cant|p1a: Jade Colossus|flinch\n|move|p2b: Sableye|Foul Play|p1b: Sunder\n|-supereffective|p1b: Sunder\n|-damage|p1b: Sunder|0 fnt\n|faint|p1b: Sunder\n|\n|upkeep\n|\n|t:|1682464058\n|switch|p1b: \u0442\u043e\u0432\u0430\u0440\u0438\u0449|Kingambit, L50, M|100\/100\n|-activate|p1b: \u0442\u043e\u0432\u0430\u0440\u0438\u0449|ability: Supreme Overlord\n|-start|p1b: \u0442\u043e\u0432\u0430\u0440\u0438\u0449|fallen2|[silent]\n|turn|4\n|\n|t:|1682464074\n|-terastallize|p2b: Sableye|Flying\n|move|p2b: Sableye|Will-O-Wisp|p1b: \u0442\u043e\u0432\u0430\u0440\u0438\u0449\n|-activate|p1b: \u0442\u043e\u0432\u0430\u0440\u0438\u0449|move: Psychic Terrain\n|move|p2a: Gyarados|Waterfall|p1a: Jade Colossus\n|-damage|p1a: Jade Colossus|28\/100\n|cant|p1a: Jade Colossus|flinch\n|move|p1b: \u0442\u043e\u0432\u0430\u0440\u0438\u0449|Iron Head|p2b: Sableye\n|-damage|p2b: Sableye|0 fnt\n|faint|p2b: Sableye\n|\n|upkeep\n|turn|5\n|c|\u2606Cigtar|lol thats dumb ok\n|c|\u2606MoboyPlaysPokemon|lmao i am rolling rn\n|c|\u2606MoboyPlaysPokemon|fml\n|\n|t:|1682464101\n|move|p2a: Gyarados|Waterfall|p1a: Jade Colossus\n|-damage|p1a: Jade Colossus|0 fnt\n|faint|p1a: Jade Colossus\n|-end|p1a: Jade Colossus|Quark Drive|[silent]\n|move|p1b: \u0442\u043e\u0432\u0430\u0440\u0438\u0449|Assurance|p2a: Gyarados\n|-damage|p2a: Gyarados|49\/100\n|-enditem|p2a: Gyarados|Sitrus Berry|[eat]\n|-heal|p2a: Gyarados|74\/100|[from] item: Sitrus Berry\n|\n|-fieldend|move: Psychic Terrain\n|upkeep\n|turn|6\n|\n|t:|1682464113\n|move|p2a: Gyarados|Waterfall|p1b: \u0442\u043e\u0432\u0430\u0440\u0438\u0449\n|-damage|p1b: \u0442\u043e\u0432\u0430\u0440\u0438\u0449|69\/100\n|move|p1b: \u0442\u043e\u0432\u0430\u0440\u0438\u0449|Assurance|p2a: Gyarados\n|-damage|p2a: Gyarados|29\/100\n|\n|upkeep\n|turn|7\n|\n|t:|1682464120\n|move|p2a: Gyarados|Waterfall|p1b: \u0442\u043e\u0432\u0430\u0440\u0438\u0449\n|-damage|p1b: \u0442\u043e\u0432\u0430\u0440\u0438\u0449|34\/100\n|cant|p1b: \u0442\u043e\u0432\u0430\u0440\u0438\u0449|flinch\n|\n|upkeep\n|turn|8\n|c|\u2606MoboyPlaysPokemon|gg\n|\n|t:|1682464134\n|move|p2a: Gyarados|Waterfall|p1b: \u0442\u043e\u0432\u0430\u0440\u0438\u0449\n|-damage|p1b: \u0442\u043e\u0432\u0430\u0440\u0438\u0449|3\/100\n|move|p1b: \u0442\u043e\u0432\u0430\u0440\u0438\u0449|Assurance|p2a: Gyarados\n|-damage|p2a: Gyarados|0 fnt\n|faint|p2a: Gyarados\n|\n|win|MoboyPlaysPokemon\n|c|\u2606Cigtar|gg\n","uploadtime":1682464623,"views":18,"p1id":"moboyplayspokemon","p2id":"cigtar","formatid":"gen9vgc2023regulationc","rating":0,"private":0,"password":""}