{"id":"gen9vgc2023regulationc-1861477952","p1":"RonJohn","p2":"ferrusio","format":"[Gen 9] VGC 2023 Regulation C","log":"|j|\u2606RonJohn\n|j|\u2606ferrusio\n|t:|1683762761\n|gametype|doubles\n|player|p1|RonJohn|266|1202\n|player|p2|ferrusio|170|1201\n|teamsize|p1|6\n|teamsize|p2|6\n|gen|9\n|tier|[Gen 9] VGC 2023 Regulation C\n|rated|\n|rule|Species Clause: Limit one of each Pok\u00e9mon\n|rule|Item Clause: Limit one of each item\n|clearpoke\n|poke|p1|Flutter Mane, L50|\n|poke|p1|Orthworm, L50, M|\n|poke|p1|Dragonite, L50, M|\n|poke|p1|Amoonguss, L50, M|\n|poke|p1|Gyarados, L50, M|\n|poke|p1|Ting-Lu, L50|\n|poke|p2|Bellibolt, L50, M|\n|poke|p2|Roaring Moon, L50|\n|poke|p2|Flutter Mane, L50|\n|poke|p2|Great Tusk, L50|\n|poke|p2|Arcanine, L50, F|\n|poke|p2|Torkoal, L50, M|\n|teampreview|4\nRonJohn has agreed to open team sheets.\n|inactive|Battle timer is ON: inactive players will automatically lose when time's up. (requested by RonJohn)\n|\n|t:|1683762799\n|start\n|switch|p1a: Gyarados|Gyarados, L50, M|100\/100\n|switch|p1b: Ting-Lu|Ting-Lu, L50|100\/100\n|switch|p2a: Torkoal|Torkoal, L50, M|100\/100\n|switch|p2b: Roaring Moon|Roaring Moon, L50|100\/100\n|-ability|p1a: Gyarados|Intimidate|boost\n|-unboost|p2a: Torkoal|atk|1\n|-fail|p2b: Roaring Moon|unboost|[from] item: Clear Amulet|[of] p2b: Roaring Moon\n|-ability|p1b: Ting-Lu|Vessel of Ruin\n|-weather|SunnyDay|[from] ability: Drought|[of] p2a: Torkoal\n|-activate|p2b: Roaring Moon|ability: Protosynthesis\n|-start|p2b: Roaring Moon|protosynthesisspe\n|turn|1\n|inactive|RonJohn has 30 seconds left.\n|\n|t:|1683762829\n|move|p2b: Roaring Moon|Breaking Swipe|p1a: Gyarados|[spread] p1a,p1b\n|-damage|p1a: Gyarados|77\/100\n|-damage|p1b: Ting-Lu|88\/100\n|-unboost|p1a: Gyarados|atk|1\n|-unboost|p1b: Ting-Lu|atk|1\n|move|p1a: Gyarados|Rain Dance|p1a: Gyarados\n|-weather|RainDance\n|-end|p2b: Roaring Moon|Protosynthesis\n|move|p1b: Ting-Lu|Earthquake|p2a: Torkoal|[spread] p2a,p2b\n|-immune|p1a: Gyarados\n|-supereffective|p2a: Torkoal\n|-damage|p2a: Torkoal|63\/100\n|-damage|p2b: Roaring Moon|71\/100\n|move|p2a: Torkoal|Yawn|p1b: Ting-Lu\n|-start|p1b: Ting-Lu|move: Yawn|[of] p2a: Torkoal\n|\n|-weather|RainDance|[upkeep]\n|upkeep\n|turn|2\n|inactive|ferrusio has 30 seconds left.\n|inactive|ferrusio has 20 seconds left.\n|inactive|ferrusio has 15 seconds left.\n|inactive|ferrusio has 10 seconds left.\n|inactive|ferrusio has 5 seconds left.\n|\n|t:|1683762880\n|switch|p1b: Orthworm|Orthworm, L50, M|100\/100\n|-terastallize|p2a: Torkoal|Flying\n|move|p2b: Roaring Moon|Breaking Swipe|p1a: Gyarados|[spread] p1a,p1b\n|-resisted|p1b: Orthworm\n|-damage|p1a: Gyarados|54\/100\n|-damage|p1b: Orthworm|93\/100\n|-unboost|p1a: Gyarados|atk|1\n|-unboost|p1b: Orthworm|atk|1\n|move|p1a: Gyarados|Taunt|p2a: Torkoal\n|-start|p2a: Torkoal|move: Taunt\n|cant|p2a: Torkoal|move: Taunt|Yawn\n|\n|-weather|RainDance|[upkeep]\n|upkeep\n|turn|3\n|inactive|RonJohn has 30 seconds left.\n|inactive|ferrusio has 30 seconds left.\n|inactive|ferrusio has 20 seconds left.\n|inactive|ferrusio has 15 seconds left.\n|inactive|ferrusio has 10 seconds left.\n|\n|t:|1683762926\n|switch|p1b: Ting-Lu|Ting-Lu, L50|88\/100\n|-ability|p1b: Ting-Lu|Vessel of Ruin\n|move|p2b: Roaring Moon|Breaking Swipe|p1b: Ting-Lu|[spread] p1a,p1b\n|-damage|p1a: Gyarados|34\/100\n|-damage|p1b: Ting-Lu|75\/100\n|-unboost|p1a: Gyarados|atk|1\n|-unboost|p1b: Ting-Lu|atk|1\n|move|p1a: Gyarados|Thunder Wave|p2b: Roaring Moon\n|-status|p2b: Roaring Moon|par\n|move|p2a: Torkoal|Overheat|p1b: Ting-Lu|[miss]\n|-miss|p2a: Torkoal|p1b: Ting-Lu\n|\n|-weather|RainDance|[upkeep]\n|upkeep\n|turn|4\n|inactive|RonJohn has 30 seconds left.\n|\n|t:|1683762954\n|switch|p1a: Orthworm|Orthworm, L50, M|93\/100\n|switch|p2a: Great Tusk|Great Tusk, L50|100\/100\n|move|p2b: Roaring Moon|Breaking Swipe|p1a: Orthworm|[spread] p1a,p1b\n|-resisted|p1a: Orthworm\n|-damage|p1a: Orthworm|85\/100\n|-damage|p1b: Ting-Lu|62\/100\n|-unboost|p1a: Orthworm|atk|1\n|-unboost|p1b: Ting-Lu|atk|1\n|move|p1b: Ting-Lu|Earthquake|p2b: Roaring Moon|[spread] p2a,p2b\n|-heal|p1a: Orthworm|100\/100|[from] ability: Earth Eater|[of] p1b: Ting-Lu\n|-damage|p2a: Great Tusk|86\/100\n|-damage|p2b: Roaring Moon|49\/100 par\n|\n|-weather|RainDance|[upkeep]\n|upkeep\n|turn|5\n|inactive|RonJohn has 30 seconds left.\n|\n|t:|1683762981\n|-end|p2b: Roaring Moon|Protosynthesis|[silent]\n|switch|p2b: Torkoal|Torkoal, L50, M, tera:Flying|63\/100\n|-weather|SunnyDay|[from] ability: Drought|[of] p2b: Torkoal\n|-activate|p2a: Great Tusk|ability: Protosynthesis\n|-start|p2a: Great Tusk|protosynthesisatk\n|switch|p1b: Gyarados|Gyarados, L50, M|34\/100\n|-ability|p1b: Gyarados|Intimidate|boost\n|-unboost|p2a: Great Tusk|atk|1\n|-unboost|p2b: Torkoal|atk|1\n|move|p2a: Great Tusk|Close Combat|p1a: Orthworm\n|-supereffective|p1a: Orthworm\n|-damage|p1a: Orthworm|25\/100\n|-unboost|p2a: Great Tusk|def|1\n|-unboost|p2a: Great Tusk|spd|1\n|-enditem|p1a: Orthworm|Sitrus Berry|[eat]\n|-heal|p1a: Orthworm|50\/100|[from] item: Sitrus Berry\n|move|p1a: Orthworm|Shed Tail|p1a: Orthworm\n|-fail|p1a: Orthworm|move: Shed Tail|[weak]\n|\n|-weather|SunnyDay|[upkeep]\n|upkeep\n|turn|6\n|inactive|RonJohn has 30 seconds left.\n|inactive|ferrusio has 30 seconds left.\n|inactive|ferrusio has 20 seconds left.\n|inactive|ferrusio has 15 seconds left.\n|\n|t:|1683763022\n|-end|p2a: Great Tusk|Protosynthesis|[silent]\n|switch|p2a: Roaring Moon|Roaring Moon, L50|49\/100 par\n|-activate|p2a: Roaring Moon|ability: Protosynthesis\n|-start|p2a: Roaring Moon|protosynthesisspe\n|move|p1a: Orthworm|Protect|p1a: Orthworm\n|-singleturn|p1a: Orthworm|Protect\n|move|p1b: Gyarados|Rain Dance|p1b: Gyarados\n|-weather|RainDance\n|-end|p2a: Roaring Moon|Protosynthesis\n|move|p2b: Torkoal|Yawn|p1a: Orthworm\n|-activate|p1a: Orthworm|move: Protect\n|\n|-weather|RainDance|[upkeep]\n|upkeep\n|turn|7\n|inactive|RonJohn has 30 seconds left.\n|\n|t:|1683763049\n|switch|p1a: Ting-Lu|Ting-Lu, L50|62\/100\n|-ability|p1a: Ting-Lu|Vessel of Ruin\n|switch|p2b: Great Tusk|Great Tusk, L50|86\/100\n|move|p1b: Gyarados|Taunt|p2b: Great Tusk\n|-start|p2b: Great Tusk|move: Taunt\n|move|p2a: Roaring Moon|Breaking Swipe|p1a: Ting-Lu|[spread] p1a,p1b\n|-damage|p1a: Ting-Lu|48\/100\n|-damage|p1b: Gyarados|12\/100\n|-unboost|p1a: Ting-Lu|atk|1\n|-unboost|p1b: Gyarados|atk|1\n|\n|-weather|RainDance|[upkeep]\n|upkeep\n|turn|8\n|inactive|ferrusio has 30 seconds left.\n|\n|t:|1683763082\n|switch|p1b: Orthworm|Orthworm, L50, M|50\/100\n|move|p2b: Great Tusk|Close Combat|p1a: Ting-Lu\n|-supereffective|p1a: Ting-Lu\n|-damage|p1a: Ting-Lu|0 fnt\n|-unboost|p2b: Great Tusk|def|1\n|-unboost|p2b: Great Tusk|spd|1\n|faint|p1a: Ting-Lu\n|move|p2a: Roaring Moon|Breaking Swipe|p1b: Orthworm\n|-resisted|p1b: Orthworm\n|-damage|p1b: Orthworm|41\/100\n|-unboost|p1b: Orthworm|atk|1\n|\n|-weather|RainDance|[upkeep]\n|upkeep\n|\n|t:|1683763100\n|switch|p1a: Gyarados|Gyarados, L50, M|12\/100\n|-ability|p1a: Gyarados|Intimidate|boost\n|-fail|p2a: Roaring Moon|unboost|[from] item: Clear Amulet|[of] p2a: Roaring Moon\n|-unboost|p2b: Great Tusk|atk|1\n|turn|9\n|\n|t:|1683763121\n|-end|p2b: Great Tusk|Protosynthesis|[silent]\n|switch|p2b: Torkoal|Torkoal, L50, M, tera:Flying|63\/100\n|-weather|SunnyDay|[from] ability: Drought|[of] p2b: Torkoal\n|-activate|p2a: Roaring Moon|ability: Protosynthesis\n|-start|p2a: Roaring Moon|protosynthesisspe\n|move|p2a: Roaring Moon|Breaking Swipe|p1a: Gyarados|[spread] p1a,p1b\n|-resisted|p1b: Orthworm\n|-damage|p1a: Gyarados|0 fnt\n|-damage|p1b: Orthworm|33\/100\n|-unboost|p1b: Orthworm|atk|1\n|faint|p1a: Gyarados\n|move|p1b: Orthworm|Heavy Slam|p2a: Roaring Moon\n|-damage|p2a: Roaring Moon|37\/100 par\n|\n|-weather|SunnyDay|[upkeep]\n|upkeep\n|\n|t:|1683763135\n|switch|p1a: Dragonite|Dragonite, L50, M|100\/100\n|turn|10\n|\n|t:|1683763149\n|move|p2a: Roaring Moon|Breaking Swipe|p1a: Dragonite|[spread] p1a,p1b\n|-supereffective|p1a: Dragonite\n|-resisted|p1b: Orthworm\n|-damage|p1a: Dragonite|77\/100\n|-damage|p1b: Orthworm|27\/100\n|-unboost|p1a: Dragonite|atk|1\n|-unboost|p1b: Orthworm|atk|1\n|move|p1a: Dragonite|Earthquake|p2a: Roaring Moon|[spread] p2a\n|-heal|p1b: Orthworm|52\/100|[from] ability: Earth Eater|[of] p1a: Dragonite\n|-immune|p2b: Torkoal\n|-damage|p2a: Roaring Moon|12\/100 par\n|move|p1b: Orthworm|Body Press|p2a: Roaring Moon\n|-supereffective|p2a: Roaring Moon\n|-damage|p2a: Roaring Moon|0 fnt\n|faint|p2a: Roaring Moon\n|-end|p2a: Roaring Moon|Protosynthesis|[silent]\n|move|p2b: Torkoal|Yawn|p1a: Dragonite\n|-start|p1a: Dragonite|move: Yawn|[of] p2b: Torkoal\n|\n|-weather|SunnyDay|[upkeep]\n|upkeep\n|inactive|ferrusio has 30 seconds left.\n|\n|t:|1683763177\n|switch|p2a: Great Tusk|Great Tusk, L50|86\/100\n|-activate|p2a: Great Tusk|ability: Protosynthesis\n|-start|p2a: Great Tusk|protosynthesisatk\n|turn|11\n|inactive|ferrusio has 30 seconds left.\n|\n|t:|1683763210\n|-terastallize|p1a: Dragonite|Normal\n|move|p2a: Great Tusk|Stone Edge|p1a: Dragonite|[miss]\n|-miss|p2a: Great Tusk|p1a: Dragonite\n|move|p1a: Dragonite|Ice Spinner|p2b: Torkoal\n|-supereffective|p2b: Torkoal\n|-damage|p2b: Torkoal|29\/100\n|-enditem|p2b: Torkoal|Sitrus Berry|[eat]\n|-heal|p2b: Torkoal|54\/100|[from] item: Sitrus Berry\n|move|p1b: Orthworm|Heavy Slam|p2b: Torkoal\n|-damage|p2b: Torkoal|44\/100\n|move|p2b: Torkoal|Yawn|p1b: Orthworm\n|-start|p1b: Orthworm|move: Yawn|[of] p2b: Torkoal\n|\n|-weather|SunnyDay|[upkeep]\n|-end|p1a: Dragonite|move: Yawn|[silent]\n|-status|p1a: Dragonite|slp\n|-enditem|p1a: Dragonite|Lum Berry|[eat]\n|-curestatus|p1a: Dragonite|slp|[msg]\n|upkeep\n|turn|12\n|inactive|RonJohn has 30 seconds left.\n|inactive|ferrusio has 30 seconds left.\n|inactive|RonJohn has 20 seconds left.\n|inactive|ferrusio has 20 seconds left.\n|inactive|RonJohn has 15 seconds left.\n|inactive|ferrusio has 15 seconds left.\n|\n|t:|1683763251\n|move|p1b: Orthworm|Protect|p1b: Orthworm\n|-singleturn|p1b: Orthworm|Protect\n|move|p1a: Dragonite|Extreme Speed|p2b: Torkoal\n|-damage|p2b: Torkoal|21\/100\n|move|p2a: Great Tusk|Close Combat|p1a: Dragonite\n|-supereffective|p1a: Dragonite\n|-damage|p1a: Dragonite|0 fnt\n|-unboost|p2a: Great Tusk|def|1\n|-unboost|p2a: Great Tusk|spd|1\n|faint|p1a: Dragonite\n|move|p2b: Torkoal|Overheat|p1b: Orthworm\n|-activate|p1b: Orthworm|move: Protect\n|\n|-weather|SunnyDay|[upkeep]\n|-end|p1b: Orthworm|move: Yawn|[silent]\n|-status|p1b: Orthworm|slp\n|upkeep\n|turn|13\n|\n|t:|1683763274\n|move|p2b: Torkoal|Helping Hand|p2a: Great Tusk\n|-singleturn|p2a: Great Tusk|Helping Hand|[of] p2b: Torkoal\n|cant|p1b: Orthworm|slp\n|move|p2a: Great Tusk|Close Combat|p1b: Orthworm\n|-supereffective|p1b: Orthworm\n|-damage|p1b: Orthworm|0 fnt\n|-unboost|p2a: Great Tusk|def|1\n|-unboost|p2a: Great Tusk|spd|1\n|faint|p1b: Orthworm\n|\n|win|ferrusio\n|raw|RonJohn's rating: 1202 → 1177<\/strong> (-25 for losing)\n|raw|ferrusio's rating: 1201 → 1226<\/strong> (+25 for winning)\n","uploadtime":1683763285,"views":6,"p1id":"ronjohn","p2id":"ferrusio","formatid":"gen9vgc2023regulationc","rating":1177,"private":0,"password":""}