{"id":"gen9vgc2023regulationc-1855727613","p1":"Ytterby","p2":"TonnyDolfing","format":"[Gen 9] VGC 2023 Regulation C","log":"|j|\u2606Ytterby\n|j|\u2606TonnyDolfing\n|t:|1682977366\n|gametype|doubles\n|player|p1|Ytterby|brycenman|1151\n|player|p2|TonnyDolfing|lucas-gen4pt|1204\n|teamsize|p1|6\n|teamsize|p2|6\n|gen|9\n|tier|[Gen 9] VGC 2023 Regulation C\n|rated|\n|rule|Species Clause: Limit one of each Pok\u00e9mon\n|rule|Item Clause: Limit one of each item\n|clearpoke\n|poke|p1|Flutter Mane, L50|\n|poke|p1|Arcanine, L50, F|\n|poke|p1|Torkoal, L50, F|\n|poke|p1|Maushold, L50|\n|poke|p1|Annihilape, L50, M|\n|poke|p1|Noivern, L50, F|\n|poke|p2|Flutter Mane, L50|\n|poke|p2|Amoonguss, L50, M|\n|poke|p2|Iron Hands, L50|\n|poke|p2|Iron Bundle, L50|\n|poke|p2|Gyarados, L50, M|\n|poke|p2|Chi-Yu, L50|\n|teampreview|4\n|inactive|Battle timer is ON: inactive players will automatically lose when time's up. (requested by TonnyDolfing)\n|inactive|Ytterby has 60 seconds left.\n|\n|t:|1682977430\n|start\n|switch|p1a: Farter Man|Flutter Mane, L50|100\/100\n|switch|p1b: Arcanine|Arcanine, L50, F|100\/100\n|switch|p2a: Flutter Mane|Flutter Mane, L50|100\/100\n|switch|p2b: Chi-Yu|Chi-Yu, L50|100\/100\n|-ability|p2b: Chi-Yu|Beads of Ruin\n|-ability|p1b: Arcanine|Intimidate|boost\n|-unboost|p2a: Flutter Mane|atk|1\n|-unboost|p2b: Chi-Yu|atk|1\n|turn|1\n|inactive|Ytterby has 30 seconds left.\n|inactive|TonnyDolfing has 30 seconds left.\n|\n|t:|1682977464\n|move|p1a: Farter Man|Protect|p1a: Farter Man\n|-singleturn|p1a: Farter Man|Protect\n|move|p2a: Flutter Mane|Power Gem|p1b: Arcanine\n|-supereffective|p1b: Arcanine\n|-damage|p1b: Arcanine|0 fnt\n|faint|p1b: Arcanine\n|move|p2b: Chi-Yu|Heat Wave|p1a: Farter Man\n|-activate|p1a: Farter Man|move: Protect\n|\n|upkeep\n|\n|t:|1682977476\n|switch|p1b: Annihilape|Annihilape, L50, M|100\/100\n|turn|2\n|inactive|Ytterby has 30 seconds left.\n|inactive|TonnyDolfing has 30 seconds left.\n|\n|t:|1682977502\n|-end|p2a: Flutter Mane|Protosynthesis|[silent]\n|switch|p2a: Amoonguss|Amoonguss, L50, M|100\/100\n|-terastallize|p1a: Farter Man|Fairy\n|move|p1b: Annihilape|Shadow Claw|p2a: Amoonguss\n|-damage|p2a: Amoonguss|63\/100\n|move|p1a: Farter Man|Dazzling Gleam|p2a: Amoonguss|[spread] p2a,p2b\n|-resisted|p2a: Amoonguss\n|-damage|p2a: Amoonguss|39\/100\n|-damage|p2b: Chi-Yu|34\/100\n|-enditem|p2a: Amoonguss|Sitrus Berry|[eat]\n|-heal|p2a: Amoonguss|64\/100|[from] item: Sitrus Berry\n|-damage|p1a: Farter Man|91\/100|[from] item: Life Orb\n|move|p2b: Chi-Yu|Dark Pulse|p1a: Farter Man\n|-resisted|p1a: Farter Man\n|-damage|p1a: Farter Man|61\/100\n|\n|upkeep\n|turn|3\n|inactive|Ytterby has 30 seconds left.\n|inactive|TonnyDolfing has 30 seconds left.\n|inactive|Ytterby has 20 seconds left.\n|inactive|Ytterby has 15 seconds left.\n|\n|t:|1682977544\n|move|p1a: Farter Man|Protect|p1a: Farter Man\n|-singleturn|p1a: Farter Man|Protect\n|move|p2b: Chi-Yu|Protect|p2b: Chi-Yu\n|-singleturn|p2b: Chi-Yu|Protect\n|move|p2a: Amoonguss|Protect|p2a: Amoonguss\n|-singleturn|p2a: Amoonguss|Protect\n|move|p1b: Annihilape|Shadow Claw|p2b: Chi-Yu\n|-activate|p2b: Chi-Yu|move: Protect\n|\n|upkeep\n|turn|4\n|\n|t:|1682977568\n|move|p2a: Amoonguss|Rage Powder|p2a: Amoonguss\n|-singleturn|p2a: Amoonguss|move: Rage Powder\n|move|p1b: Annihilape|Shadow Claw|p2a: Amoonguss\n|-damage|p2a: Amoonguss|29\/100\n|move|p1a: Farter Man|Dazzling Gleam|p2b: Chi-Yu|[spread] p2a,p2b\n|-resisted|p2a: Amoonguss\n|-damage|p2a: Amoonguss|3\/100\n|-damage|p2b: Chi-Yu|0 fnt\n|faint|p2b: Chi-Yu\n|-damage|p1a: Farter Man|52\/100|[from] item: Life Orb\n|\n|upkeep\n|\n|t:|1682977584\n|switch|p2b: Gyarados|Gyarados, L50, M|100\/100\n|-ability|p2b: Gyarados|Intimidate|boost\n|-unboost|p1a: Farter Man|atk|1\n|-unboost|p1b: Annihilape|atk|1\n|turn|5\n|inactive|Ytterby has 30 seconds left.\n|inactive|Ytterby has 20 seconds left.\n|inactive|Ytterby has 15 seconds left.\n|inactive|Ytterby has 10 seconds left.\n|\n|t:|1682977631\n|switch|p1b: Torkoal|Torkoal, L50, F|100\/100\n|-weather|SunnyDay|[from] ability: Drought|[of] p1b: Torkoal\n|-activate|p1a: Farter Man|ability: Protosynthesis\n|-start|p1a: Farter Man|protosynthesisspe\n|-terastallize|p2b: Gyarados|Steel\n|move|p1a: Farter Man|Dazzling Gleam|p2b: Gyarados|[spread] p2a,p2b\n|-resisted|p2a: Amoonguss\n|-crit|p2a: Amoonguss\n|-resisted|p2b: Gyarados\n|-damage|p2a: Amoonguss|0 fnt\n|-damage|p2b: Gyarados|68\/100\n|faint|p2a: Amoonguss\n|-damage|p1a: Farter Man|42\/100|[from] item: Life Orb\n|move|p2b: Gyarados|Iron Head|p1b: Torkoal\n|-resisted|p1b: Torkoal\n|-damage|p1b: Torkoal|85\/100\n|\n|-weather|SunnyDay|[upkeep]\n|upkeep\n|\n|t:|1682977648\n|switch|p2a: Flutter Mane|Flutter Mane, L50|100\/100\n|-activate|p2a: Flutter Mane|ability: Protosynthesis\n|-start|p2a: Flutter Mane|protosynthesisspe\n|turn|6\n|\n|t:|1682977666\n|move|p1a: Farter Man|Protect|p1a: Farter Man\n|-singleturn|p1a: Farter Man|Protect\n|move|p2a: Flutter Mane|Moonblast|p1a: Farter Man\n|-activate|p1a: Farter Man|move: Protect\n|move|p2b: Gyarados|Waterfall|p1b: Torkoal\n|-supereffective|p1b: Torkoal\n|-damage|p1b: Torkoal|53\/100\n|move|p1b: Torkoal|Heat Wave|p2a: Flutter Mane|[spread] p2b\n|-miss|p1b: Torkoal|p2a: Flutter Mane\n|-supereffective|p2b: Gyarados\n|-damage|p2b: Gyarados|0 fnt\n|faint|p2b: Gyarados\n|\n|-weather|SunnyDay|[upkeep]\n|upkeep\n|turn|7\n|\n|t:|1682977683\n|move|p2a: Flutter Mane|Moonblast|p1a: Farter Man\n|-damage|p1a: Farter Man|0 fnt\n|faint|p1a: Farter Man\n|-end|p1a: Farter Man|Protosynthesis|[silent]\n|move|p1b: Torkoal|Heat Wave|p2a: Flutter Mane\n|-damage|p2a: Flutter Mane|37\/100\n|\n|-weather|SunnyDay|[upkeep]\n|upkeep\n|\n|t:|1682977689\n|switch|p1a: Annihilape|Annihilape, L50, M|100\/100\n|turn|8\n|\n|t:|1682977698\n|move|p2a: Flutter Mane|Moonblast|p1b: Torkoal\n|-resisted|p1b: Torkoal\n|-damage|p1b: Torkoal|22\/100\n|-unboost|p1b: Torkoal|spa|1\n|move|p1a: Annihilape|Shadow Claw|p2a: Flutter Mane\n|-supereffective|p2a: Flutter Mane\n|-crit|p2a: Flutter Mane\n|-damage|p2a: Flutter Mane|0 fnt\n|faint|p2a: Flutter Mane\n|-end|p2a: Flutter Mane|Protosynthesis|[silent]\n|\n|win|Ytterby\n|raw|Ytterby's rating: 1151 → 1180<\/strong> (+29 for winning)\n|raw|TonnyDolfing's rating: 1204 → 1175<\/strong> (-29 for losing)\n|c|\u2606TonnyDolfing|gg\n|c|\u2606Ytterby|ggs\n|l|\u2606TonnyDolfing\n","uploadtime":1682977763,"views":18,"p1id":"ytterby","p2id":"tonnydolfing","formatid":"gen9vgc2023regulationc","rating":1175,"private":0,"password":""}