{"id":"gen9vgc2023regulationc-1855848000","p1":"dotcubus","p2":"bigboohbahs","format":"[Gen 9] VGC 2023 Regulation C","log":"|j|\u2606dotcubus\n|j|\u2606bigboohbahs\n|t:|1682991353\n|gametype|doubles\n|player|p1|dotcubus|guitarist|1146\n|player|p2|bigboohbahs|brycenman|1210\n|teamsize|p1|6\n|teamsize|p2|6\n|gen|9\n|tier|[Gen 9] VGC 2023 Regulation C\n|rated|\n|rule|Species Clause: Limit one of each Pok\u00e9mon\n|rule|Item Clause: Limit one of each item\n|clearpoke\n|poke|p1|Flutter Mane, L50|\n|poke|p1|Wo-Chien, L50|\n|poke|p1|Glimmora, L50, M|\n|poke|p1|Chi-Yu, L50|\n|poke|p1|Corviknight, L50, F|\n|poke|p1|Rotom-Wash, L50|\n|poke|p2|Chien-Pao, L50|\n|poke|p2|Dragonite, L50, M|\n|poke|p2|Ting-Lu, L50|\n|poke|p2|Flutter Mane, L50|\n|poke|p2|Arcanine, L50, F|\n|poke|p2|Amoonguss, L50, M|\n|teampreview|4\n|inactive|Battle timer is ON: inactive players will automatically lose when time's up. (requested by bigboohbahs)\n|inactive|dotcubus also wants the timer to be on.\n|\n|t:|1682991378\n|start\n|switch|p1a: Chi-Yu|Chi-Yu, L50|100\/100\n|switch|p1b: Rotom|Rotom-Wash, L50|100\/100\n|switch|p2a: Woof|Chien-Pao, L50|100\/100\n|switch|p2b: Bord|Dragonite, L50, M|100\/100\n|-ability|p1a: Chi-Yu|Beads of Ruin\n|-ability|p2a: Woof|Sword of Ruin\n|turn|1\n|inactive|dotcubus has 30 seconds left.\n|\n|t:|1682991404\n|-terastallize|p2b: Bord|Normal\n|move|p2a: Woof|Protect|p2a: Woof\n|-singleturn|p2a: Woof|Protect\n|move|p2b: Bord|Extreme Speed|p1a: Chi-Yu\n|-damage|p1a: Chi-Yu|0 fnt\n|faint|p1a: Chi-Yu\n|move|p1b: Rotom|Will-O-Wisp|p2a: Woof\n|-activate|p2a: Woof|move: Protect\n|\n|upkeep\n|\n|t:|1682991415\n|switch|p1a: Wo-Chien|Wo-Chien, L50|100\/100\n|-ability|p1a: Wo-Chien|Tablets of Ruin\n|turn|2\n|\n|t:|1682991428\n|move|p2b: Bord|Extreme Speed|p1b: Rotom\n|-damage|p1b: Rotom|34\/100\n|move|p2a: Woof|Ice Spinner|p1a: Wo-Chien\n|-supereffective|p1a: Wo-Chien\n|-damage|p1a: Wo-Chien|37\/100\n|move|p1b: Rotom|Will-O-Wisp|p2b: Bord|[miss]\n|-miss|p1b: Rotom|p2b: Bord\n|move|p1a: Wo-Chien|Leech Seed|p2a: Woof\n|-start|p2a: Woof|move: Leech Seed\n|\n|-heal|p1a: Wo-Chien|43\/100|[from] item: Leftovers\n|-damage|p2a: Woof|88\/100|[from] Leech Seed|[of] p1a: Wo-Chien\n|-heal|p1a: Wo-Chien|53\/100|[silent]\n|upkeep\n|turn|3\n|inactive|bigboohbahs has 30 seconds left.\n|inactive|bigboohbahs has 20 seconds left.\n|inactive|bigboohbahs has 15 seconds left.\n|inactive|bigboohbahs has 10 seconds left.\n|\n|t:|1682991476\n|move|p1b: Rotom|Protect|p1b: Rotom\n|-singleturn|p1b: Rotom|Protect\n|move|p1a: Wo-Chien|Protect|p1a: Wo-Chien\n|-singleturn|p1a: Wo-Chien|Protect\n|move|p2b: Bord|Extreme Speed|p1b: Rotom\n|-activate|p1b: Rotom|move: Protect\n|move|p2a: Woof|Ice Spinner|p1a: Wo-Chien\n|-activate|p1a: Wo-Chien|move: Protect\n|\n|-heal|p1a: Wo-Chien|59\/100|[from] item: Leftovers\n|-damage|p2a: Woof|76\/100|[from] Leech Seed|[of] p1a: Wo-Chien\n|-heal|p1a: Wo-Chien|69\/100|[silent]\n|upkeep\n|turn|4\n|\n|t:|1682991497\n|move|p2b: Bord|Extreme Speed|p1b: Rotom\n|-damage|p1b: Rotom|0 fnt\n|faint|p1b: Rotom\n|move|p2a: Woof|Ice Spinner|p1a: Wo-Chien\n|-supereffective|p1a: Wo-Chien\n|-damage|p1a: Wo-Chien|4\/100\n|move|p1a: Wo-Chien|Leech Seed|p2b: Bord\n|-start|p2b: Bord|move: Leech Seed\n|\n|-heal|p1a: Wo-Chien|10\/100|[from] item: Leftovers\n|-damage|p2a: Woof|64\/100|[from] Leech Seed|[of] p1a: Wo-Chien\n|-heal|p1a: Wo-Chien|20\/100|[silent]\n|-damage|p2b: Bord|89\/100|[from] Leech Seed|[of] p1a: Wo-Chien\n|-heal|p1a: Wo-Chien|30\/100|[silent]\n|upkeep\n|\n|t:|1682991509\n|switch|p1b: Glimmora|Glimmora, L50, M|100\/100\n|turn|5\n|\n|t:|1682991530\n|switch|p2a: Mogus|Amoonguss, L50, M, shiny|100\/100\n|move|p1a: Wo-Chien|Protect|p1a: Wo-Chien\n|-singleturn|p1a: Wo-Chien|Protect\n|move|p2b: Bord|Extreme Speed|p1a: Wo-Chien\n|-activate|p1a: Wo-Chien|move: Protect\n|move|p1b: Glimmora|Mortal Spin|p2a: Mogus|[spread] p2a,p2b\n|-damage|p2a: Mogus|97\/100\n|-damage|p2b: Bord|85\/100\n|-status|p2b: Bord|psn\n|-damage|p1b: Glimmora|84\/100|[from] item: Rocky Helmet|[of] p2a: Mogus\n|\n|-heal|p1a: Wo-Chien|36\/100|[from] item: Leftovers\n|-damage|p2b: Bord|73\/100 psn|[from] Leech Seed|[of] p1a: Wo-Chien\n|-heal|p1a: Wo-Chien|47\/100|[silent]\n|-damage|p2b: Bord|61\/100 psn|[from] psn\n|upkeep\n|turn|6\n|inactive|dotcubus has 30 seconds left.\n|\n|t:|1682991557\n|move|p1a: Wo-Chien|Protect||[still]\n|-fail|p1a: Wo-Chien\n|move|p2b: Bord|Extreme Speed|p1a: Wo-Chien\n|-damage|p1a: Wo-Chien|3\/100\n|move|p1b: Glimmora|Venoshock|p2b: Bord\n|-damage|p2b: Bord|6\/100 psn\n|move|p2a: Mogus|Pollen Puff|p2b: Bord\n|-heal|p2b: Bord|56\/100 psn\n|\n|-heal|p1a: Wo-Chien|9\/100|[from] item: Leftovers\n|-damage|p2b: Bord|44\/100 psn|[from] Leech Seed|[of] p1a: Wo-Chien\n|-heal|p1a: Wo-Chien|19\/100|[silent]\n|-damage|p2b: Bord|32\/100 psn|[from] psn\n|upkeep\n|turn|7\n|\n|t:|1682991578\n|move|p1a: Wo-Chien|Protect|p1a: Wo-Chien\n|-singleturn|p1a: Wo-Chien|Protect\n|move|p2b: Bord|Extreme Speed|p1a: Wo-Chien\n|-activate|p1a: Wo-Chien|move: Protect\n|move|p2a: Mogus|Rage Powder|p2a: Mogus\n|-singleturn|p2a: Mogus|move: Rage Powder\n|move|p1b: Glimmora|Venoshock|p2a: Mogus\n|-damage|p2a: Mogus|74\/100\n|\n|-heal|p1a: Wo-Chien|25\/100|[from] item: Leftovers\n|-damage|p2b: Bord|20\/100 psn|[from] Leech Seed|[of] p1a: Wo-Chien\n|-heal|p1a: Wo-Chien|36\/100|[silent]\n|-damage|p2b: Bord|8\/100 psn|[from] psn\n|upkeep\n|turn|8\n|inactive|dotcubus has 30 seconds left.\n|\n|t:|1682991612\n|move|p1a: Wo-Chien|Protect|p1a: Wo-Chien\n|-singleturn|p1a: Wo-Chien|Protect\n|move|p2b: Bord|Extreme Speed|p1a: Wo-Chien\n|-activate|p1a: Wo-Chien|move: Protect\n|move|p2a: Mogus|Rage Powder|p2a: Mogus\n|-singleturn|p2a: Mogus|move: Rage Powder\n|move|p1b: Glimmora|Power Gem|p2a: Mogus\n|-damage|p2a: Mogus|45\/100\n|\n|-heal|p1a: Wo-Chien|42\/100|[from] item: Leftovers\n|-damage|p2b: Bord|0 fnt|[from] Leech Seed|[of] p1a: Wo-Chien\n|-heal|p1a: Wo-Chien|49\/100|[silent]\n|faint|p2b: Bord\n|upkeep\n|inactive|bigboohbahs has 30 seconds left.\n|\n|t:|1682991638\n|switch|p2b: Woof|Chien-Pao, L50|64\/100\n|-ability|p2b: Woof|Sword of Ruin\n|turn|9\n|\n|t:|1682991646\n|switch|p2a: Moos|Ting-Lu, L50|100\/100\n|-ability|p2a: Moos|Vessel of Ruin\n|move|p2b: Woof|Ice Spinner|p1a: Wo-Chien\n|-supereffective|p1a: Wo-Chien\n|-damage|p1a: Wo-Chien|0 fnt\n|faint|p1a: Wo-Chien\n|move|p1b: Glimmora|Mortal Spin|p2a: Moos|[spread] p2a,p2b\n|-resisted|p2a: Moos\n|-damage|p2a: Moos|99\/100\n|-damage|p2b: Woof|59\/100\n|-status|p2a: Moos|psn\n|-status|p2b: Woof|psn\n|\n|-damage|p2b: Woof|47\/100 psn|[from] psn\n|-damage|p2a: Moos|87\/100 psn|[from] psn\n|upkeep\n|turn|10\n|inactive|dotcubus has 30 seconds left.\n|\n|t:|1682991672\n|move|p2b: Woof|Throat Chop|p2a: Moos\n|-resisted|p2a: Moos\n|-crit|p2a: Moos\n|-damage|p2a: Moos|68\/100 psn\n|-start|p2a: Moos|Throat Chop|[silent]\n|move|p1b: Glimmora|Power Gem|p2b: Woof\n|-supereffective|p2b: Woof\n|-damage|p2b: Woof|0 fnt\n|faint|p2b: Woof\n|move|p2a: Moos|Fissure|p1b: Glimmora|[miss]\n|-miss|p2a: Moos|p1b: Glimmora\n|\n|-damage|p2a: Moos|56\/100 psn|[from] psn\n|upkeep\n|\n|t:|1682991684\n|switch|p2b: Mogus|Amoonguss, L50, M, shiny|78\/100\n|turn|11\n|\n|t:|1682991691\n|move|p1b: Glimmora|Venoshock|p2a: Moos\n|-resisted|p2a: Moos\n|-damage|p2a: Moos|45\/100 psn\n|move|p2a: Moos|Fissure|p1b: Glimmora|[miss]\n|-miss|p2a: Moos|p1b: Glimmora\n|move|p2b: Mogus|Pollen Puff|p2a: Moos\n|-heal|p2a: Moos|95\/100 psn\n|\n|-damage|p2a: Moos|83\/100 psn|[from] psn\n|-end|p2a: Moos|Throat Chop|[silent]\n|upkeep\n|turn|12\n|\n|t:|1682991714\n|move|p1b: Glimmora|Power Gem|p2b: Mogus\n|-damage|p2b: Mogus|57\/100\n|move|p2a: Moos|Fissure|p1b: Glimmora|[miss]\n|-miss|p2a: Moos|p1b: Glimmora\n|move|p2b: Mogus|Pollen Puff|p1b: Glimmora\n|-resisted|p1b: Glimmora\n|-damage|p1b: Glimmora|79\/100\n|\n|-damage|p2a: Moos|71\/100 psn|[from] psn\n|upkeep\n|turn|13\n|\n|t:|1682991731\n|-terastallize|p1b: Glimmora|Grass\n|move|p1b: Glimmora|Power Gem|p2b: Mogus\n|-damage|p2b: Mogus|36\/100\n|move|p2a: Moos|Fissure|p1b: Glimmora|[miss]\n|-miss|p2a: Moos|p1b: Glimmora\n|move|p2b: Mogus|Pollen Puff|p2a: Moos\n|-heal|p2a: Moos|100\/100 psn\n|\n|-damage|p2a: Moos|88\/100 psn|[from] psn\n|upkeep\n|turn|14\n|\n|t:|1682991750\n|move|p1b: Glimmora|Power Gem|p2b: Mogus\n|-damage|p2b: Mogus|13\/100\n|move|p2a: Moos|Fissure|p1b: Glimmora|[miss]\n|-miss|p2a: Moos|p1b: Glimmora\n|move|p2b: Mogus|Pollen Puff|p2a: Moos\n|-heal|p2a: Moos|100\/100 psn\n|\n|-damage|p2a: Moos|88\/100 psn|[from] psn\n|upkeep\n|turn|15\n|\n|t:|1682991765\n|move|p1b: Glimmora|Power Gem|p2b: Mogus\n|-crit|p2b: Mogus\n|-damage|p2b: Mogus|0 fnt\n|faint|p2b: Mogus\n|move|p2a: Moos|Fissure|p1b: Glimmora|[miss]\n|-miss|p2a: Moos|p1b: Glimmora\n|\n|-damage|p2a: Moos|76\/100 psn|[from] psn\n|upkeep\n|turn|16\n|\n|t:|1682991777\n|move|p1b: Glimmora|Venoshock|p2a: Moos\n|-resisted|p2a: Moos\n|-damage|p2a: Moos|65\/100 psn\n|move|p2a: Moos|Fissure|p1b: Glimmora|[miss]\n|-miss|p2a: Moos|p1b: Glimmora\n|\n|-damage|p2a: Moos|53\/100 psn|[from] psn\n|upkeep\n|turn|17\n|\n|t:|1682991799\n|move|p1b: Glimmora|Venoshock|p2a: Moos\n|-resisted|p2a: Moos\n|-damage|p2a: Moos|43\/100 psn\n|move|p2a: Moos|Fissure|p1b: Glimmora|[miss]\n|-miss|p2a: Moos|p1b: Glimmora\n|\n|-damage|p2a: Moos|30\/100 psn|[from] psn\n|upkeep\n|turn|18\n|\n|t:|1682991814\n|move|p1b: Glimmora|Venoshock|p2a: Moos\n|-resisted|p2a: Moos\n|-damage|p2a: Moos|20\/100 psn\n|move|p2a: Moos|Body Press|p1b: Glimmora\n|-damage|p1b: Glimmora|57\/100\n|-activate|p1b: Glimmora|ability: Toxic Debris\n|-sidestart|p2: bigboohbahs|move: Toxic Spikes\n|\n|-damage|p2a: Moos|8\/100 psn|[from] psn\n|upkeep\n|turn|19\n|\n|t:|1682991828\n|move|p1b: Glimmora|Venoshock|p2a: Moos\n|-resisted|p2a: Moos\n|-damage|p2a: Moos|0 fnt\n|faint|p2a: Moos\n|\n|win|dotcubus\n|raw|dotcubus's rating: 1146 → 1176<\/strong> (+30 for winning)\n|raw|bigboohbahs's rating: 1210 → 1180<\/strong> (-30 for losing)\n|l|\u2606bigboohbahs\n","uploadtime":1682991838,"views":14,"p1id":"dotcubus","p2id":"bigboohbahs","formatid":"gen9vgc2023regulationc","rating":1176,"private":0,"password":""}