{"id":"gen9vgc2023regulationc-1855249295","p1":"Betty23333","p2":"6488139fatgod","format":"[Gen 9] VGC 2023 Regulation C","log":"|j|\u2606Betty23333\n|j|\u26066488139fatgod\n|t:|1682922705\n|gametype|doubles\n|player|p1|Betty23333|lass-gen4dp|1062\n|player|p2|6488139fatgod|roughneck-gen4|1000\n|teamsize|p1|6\n|teamsize|p2|6\n|gen|9\n|tier|[Gen 9] VGC 2023 Regulation C\n|rated|\n|rule|Species Clause: Limit one of each Pok\u00e9mon\n|rule|Item Clause: Limit one of each item\n|clearpoke\n|poke|p1|Arcanine, L50, F|\n|poke|p1|Glaceon, L50, M|\n|poke|p1|Slowking, L50, M|\n|poke|p1|Mimikyu, L50, M|\n|poke|p1|Amoonguss, L50, M|\n|poke|p1|Abomasnow, L50, M|\n|poke|p2|Klefki, L50, F|\n|poke|p2|Corviknight, L50, F|\n|poke|p2|Chi-Yu, L50|\n|poke|p2|Flutter Mane, L50|\n|poke|p2|Roaring Moon, L50|\n|poke|p2|Annihilape, L50, F|\n|teampreview|4\n|inactive|Battle timer is ON: inactive players will automatically lose when time's up. (requested by 6488139fatgod)\n|inactive|6488139fatgod has 60 seconds left.\n|\n|t:|1682922755\n|start\n|switch|p1a: Slowking|Slowking, L50, M|100\/100\n|switch|p1b: \u51b0\u5e03\u7740\u6025|Glaceon, L50, M|100\/100\n|switch|p2a: Klefki|Klefki, L50, F|100\/100\n|switch|p2b: Chi-Yu|Chi-Yu, L50|100\/100\n|-ability|p2b: Chi-Yu|Beads of Ruin\n|turn|1\n|inactive|6488139fatgod has 30 seconds left.\n|inactive|6488139fatgod has 20 seconds left.\n|inactive|6488139fatgod has 15 seconds left.\n|\n|t:|1682922800\n|move|p1b: \u51b0\u5e03\u7740\u6025|Protect|p1b: \u51b0\u5e03\u7740\u6025\n|-singleturn|p1b: \u51b0\u5e03\u7740\u6025|Protect\n|move|p2a: Klefki|Light Screen|p2a: Klefki\n|-sidestart|p2: 6488139fatgod|move: Light Screen\n|move|p2b: Chi-Yu|Heat Wave|p1b: \u51b0\u5e03\u7740\u6025|[spread] p1a\n|-activate|p1b: \u51b0\u5e03\u7740\u6025|move: Protect\n|-resisted|p1a: Slowking\n|-damage|p1a: Slowking|75\/100\n|-damage|p2b: Chi-Yu|91\/100|[from] item: Life Orb\n|move|p1a: Slowking|Chilly Reception|p1a: Slowking\n|-weather|Snow\n|\n|t:|1682922816\n|switch|p1a: Arcanine|Arcanine, L50, F|100\/100|[from] Chilly Reception\n|\n|-weather|Snow|[upkeep]\n|upkeep\n|turn|2\n|inactive|6488139fatgod has 30 seconds left.\n|\n|t:|1682922842\n|switch|p1b: Slowking|Slowking, L50, M|100\/100\n|-terastallize|p1a: Arcanine|Water\n|move|p2a: Klefki|Thunder Wave|p1b: Slowking\n|-status|p1b: Slowking|par\n|move|p2b: Chi-Yu|Heat Wave|p1b: Slowking|[spread] p1b\n|-start|p1a: Arcanine|ability: Flash Fire\n|-resisted|p1b: Slowking\n|-damage|p1b: Slowking|73\/100 par\n|-damage|p2b: Chi-Yu|81\/100|[from] item: Life Orb\n|move|p1a: Arcanine|Tera Blast|p2b: Chi-Yu\n|-supereffective|p2b: Chi-Yu\n|-damage|p2b: Chi-Yu|20\/100\n|\n|-weather|Snow|[upkeep]\n|upkeep\n|turn|3\n|inactive|Betty23333 has 30 seconds left.\n|inactive|6488139fatgod has 30 seconds left.\n|\n|t:|1682922875\n|-terastallize|p2b: Chi-Yu|Grass\n|move|p2a: Klefki|Thunder Wave|p1a: Arcanine|[miss]\n|-miss|p2a: Klefki|p1a: Arcanine\n|move|p2b: Chi-Yu|Tera Blast|p1a: Arcanine\n|-supereffective|p1a: Arcanine\n|-damage|p1a: Arcanine|0 fnt\n|faint|p1a: Arcanine\n|-damage|p2b: Chi-Yu|10\/100|[from] item: Life Orb\n|move|p1b: Slowking|Trick Room|p1b: Slowking\n|-fieldstart|move: Trick Room|[of] p1b: Slowking\n|\n|-weather|Snow|[upkeep]\n|upkeep\n|\n|t:|1682922887\n|switch|p1a: Abomasnow|Abomasnow, L50, M|100\/100\n|turn|4\n|inactive|6488139fatgod has 30 seconds left.\n|\n|t:|1682922912\n|move|p2a: Klefki|Thunder Wave|p1a: Abomasnow\n|-status|p1a: Abomasnow|par\n|cant|p1b: Slowking|par\n|move|p1a: Abomasnow|Aurora Veil|p1a: Abomasnow\n|-sidestart|p1: Betty23333|move: Aurora Veil\n|move|p2b: Chi-Yu|Heat Wave|p1a: Abomasnow|[spread] p1a,p1b\n|-supereffective|p1a: Abomasnow\n|-resisted|p1b: Slowking\n|-enditem|p1a: Abomasnow|Focus Sash\n|-damage|p1a: Abomasnow|1\/100 par\n|-damage|p1b: Slowking|55\/100 par\n|-damage|p2b: Chi-Yu|0 fnt|[from] item: Life Orb\n|faint|p2b: Chi-Yu\n|\n|-weather|Snow|[upkeep]\n|upkeep\n|\n|t:|1682922926\n|switch|p2b: Annihilape|Annihilape, L50, F|100\/100\n|turn|5\n|inactive|Betty23333 has 30 seconds left.\n|inactive|Betty23333 has 20 seconds left.\n|\n|t:|1682922966\n|move|p1b: Slowking|Power Gem|p2b: Annihilape\n|-resisted|p2b: Annihilape\n|-damage|p2b: Annihilape|94\/100\n|move|p1a: Abomasnow|Leech Seed|p2a: Klefki\n|-start|p2a: Klefki|move: Leech Seed\n|move|p2a: Klefki|Dazzling Gleam|p1b: Slowking|[spread] p1a,p1b\n|-damage|p1a: Abomasnow|0 fnt\n|-damage|p1b: Slowking|46\/100 par\n|-enditem|p1b: Slowking|Sitrus Berry|[eat]\n|-heal|p1b: Slowking|71\/100 par|[from] item: Sitrus Berry\n|faint|p1a: Abomasnow\n|move|p2b: Annihilape|Bulk Up|p2b: Annihilape\n|-boost|p2b: Annihilape|atk|1\n|-boost|p2b: Annihilape|def|1\n|\n|-weather|none\n|-heal|p2b: Annihilape|100\/100|[from] item: Leftovers\n|upkeep\n|\n|t:|1682922982\n|switch|p1a: \u51b0\u5e03\u7740\u6025|Glaceon, L50, M|100\/100\n|turn|6\n|\n|t:|1682922999\n|move|p2a: Klefki|Thunder Wave|p1a: \u51b0\u5e03\u7740\u6025\n|-status|p1a: \u51b0\u5e03\u7740\u6025|par\n|move|p1b: Slowking|Chilly Reception|p1b: Slowking\n|-weather|Snow\n|move|p1a: \u51b0\u5e03\u7740\u6025|Blizzard|p2b: Annihilape|[spread] p2a,p2b\n|-resisted|p2a: Klefki\n|-damage|p2a: Klefki|86\/100\n|-damage|p2b: Annihilape|74\/100\n|move|p2b: Annihilape|Drain Punch|p1a: \u51b0\u5e03\u7740\u6025\n|-supereffective|p1a: \u51b0\u5e03\u7740\u6025\n|-damage|p1a: \u51b0\u5e03\u7740\u6025|54\/100 par\n|-heal|p2b: Annihilape|93\/100|[from] drain|[of] p1a: \u51b0\u5e03\u7740\u6025\n|\n|-weather|Snow|[upkeep]\n|-heal|p1a: \u51b0\u5e03\u7740\u6025|60\/100 par|[from] ability: Ice Body\n|-heal|p1a: \u51b0\u5e03\u7740\u6025|66\/100 par|[from] item: Leftovers\n|-heal|p2b: Annihilape|99\/100|[from] item: Leftovers\n|-damage|p2a: Klefki|74\/100|[from] Leech Seed|[of] p1a: \u51b0\u5e03\u7740\u6025\n|-heal|p1a: \u51b0\u5e03\u7740\u6025|77\/100 par|[silent]\n|upkeep\n|turn|7\n|inactive|Betty23333 has 30 seconds left.\n|inactive|6488139fatgod has 30 seconds left.\n|\n|t:|1682923032\n|move|p1a: \u51b0\u5e03\u7740\u6025|Protect|p1a: \u51b0\u5e03\u7740\u6025\n|-singleturn|p1a: \u51b0\u5e03\u7740\u6025|Protect\n|move|p1b: Slowking|Power Gem|p2a: Klefki\n|-resisted|p2a: Klefki\n|-damage|p2a: Klefki|66\/100\n|move|p2a: Klefki|Dazzling Gleam|p1a: \u51b0\u5e03\u7740\u6025|[spread] p1b\n|-activate|p1a: \u51b0\u5e03\u7740\u6025|move: Protect\n|-damage|p1b: Slowking|61\/100 par\n|move|p2b: Annihilape|Bulk Up|p2b: Annihilape\n|-boost|p2b: Annihilape|atk|1\n|-boost|p2b: Annihilape|def|1\n|\n|-weather|Snow|[upkeep]\n|-heal|p1a: \u51b0\u5e03\u7740\u6025|83\/100 par|[from] ability: Ice Body\n|-heal|p1a: \u51b0\u5e03\u7740\u6025|89\/100 par|[from] item: Leftovers\n|-heal|p2b: Annihilape|100\/100|[from] item: Leftovers\n|-damage|p2a: Klefki|54\/100|[from] Leech Seed|[of] p1a: \u51b0\u5e03\u7740\u6025\n|-heal|p1a: \u51b0\u5e03\u7740\u6025|100\/100 par|[silent]\n|-fieldend|move: Trick Room\n|upkeep\n|turn|8\n|inactive|6488139fatgod has 30 seconds left.\n|inactive|6488139fatgod has 20 seconds left.\n|\n|t:|1682923069\n|move|p2a: Klefki|Reflect|p2a: Klefki\n|-sidestart|p2: 6488139fatgod|Reflect\n|move|p2b: Annihilape|Drain Punch|p1a: \u51b0\u5e03\u7740\u6025\n|-supereffective|p1a: \u51b0\u5e03\u7740\u6025\n|-damage|p1a: \u51b0\u5e03\u7740\u6025|42\/100 par\n|move|p1a: \u51b0\u5e03\u7740\u6025|Blizzard|p2a: Klefki|[spread] p2a,p2b\n|-resisted|p2a: Klefki\n|-damage|p2a: Klefki|40\/100\n|-damage|p2b: Annihilape|77\/100\n|move|p1b: Slowking|Trick Room|p1b: Slowking\n|-fieldstart|move: Trick Room|[of] p1b: Slowking\n|\n|-weather|Snow|[upkeep]\n|-heal|p1a: \u51b0\u5e03\u7740\u6025|48\/100 par|[from] ability: Ice Body\n|-heal|p1a: \u51b0\u5e03\u7740\u6025|53\/100 par|[from] item: Leftovers\n|-heal|p2b: Annihilape|83\/100|[from] item: Leftovers\n|-damage|p2a: Klefki|27\/100|[from] Leech Seed|[of] p1a: \u51b0\u5e03\u7740\u6025\n|-heal|p1a: \u51b0\u5e03\u7740\u6025|65\/100 par|[silent]\n|-sideend|p2: 6488139fatgod|move: Light Screen\n|-sideend|p1: Betty23333|move: Aurora Veil\n|upkeep\n|turn|9\n|inactive|6488139fatgod has 30 seconds left.\n|\n|t:|1682923094\n|move|p2b: Annihilape|Protect|p2b: Annihilape\n|-singleturn|p2b: Annihilape|Protect\n|move|p2a: Klefki|Light Screen|p2a: Klefki\n|-sidestart|p2: 6488139fatgod|move: Light Screen\n|move|p1b: Slowking|Hydro Pump|p2b: Annihilape\n|-activate|p2b: Annihilape|move: Protect\n|move|p1a: \u51b0\u5e03\u7740\u6025|Blizzard|p2b: Annihilape|[spread] p2a\n|-activate|p2b: Annihilape|move: Protect\n|-resisted|p2a: Klefki\n|-damage|p2a: Klefki|13\/100\n|\n|-weather|Snow|[upkeep]\n|-heal|p1a: \u51b0\u5e03\u7740\u6025|71\/100 par|[from] ability: Ice Body\n|-heal|p1a: \u51b0\u5e03\u7740\u6025|77\/100 par|[from] item: Leftovers\n|-heal|p2b: Annihilape|89\/100|[from] item: Leftovers\n|-damage|p2a: Klefki|1\/100|[from] Leech Seed|[of] p1a: \u51b0\u5e03\u7740\u6025\n|-heal|p1a: \u51b0\u5e03\u7740\u6025|88\/100 par|[silent]\n|upkeep\n|turn|10\n|\n|t:|1682923114\n|move|p1b: Slowking|Hydro Pump|p2b: Annihilape\n|-damage|p2b: Annihilape|66\/100\n|move|p1a: \u51b0\u5e03\u7740\u6025|Blizzard|p2b: Annihilape|[spread] p2a,p2b\n|-resisted|p2a: Klefki\n|-damage|p2a: Klefki|0 fnt\n|-damage|p2b: Annihilape|43\/100\n|-status|p2b: Annihilape|frz\n|faint|p2a: Klefki\n|cant|p2b: Annihilape|frz\n|\n|-weather|none\n|-heal|p1a: \u51b0\u5e03\u7740\u6025|94\/100 par|[from] item: Leftovers\n|-heal|p2b: Annihilape|49\/100 frz|[from] item: Leftovers\n|upkeep\n|\n|t:|1682923129\n|switch|p2a: Flutter Mane|Flutter Mane, L50|100\/100\n|turn|11\n|\n|t:|1682923153\n|cant|p1a: \u51b0\u5e03\u7740\u6025|par\n|move|p1b: Slowking|Chilly Reception|p1b: Slowking\n|-weather|Snow\n|cant|p2b: Annihilape|frz\n|move|p2a: Flutter Mane|Shadow Ball|p1b: Slowking\n|-supereffective|p1b: Slowking\n|-damage|p1b: Slowking|0 fnt\n|faint|p1b: Slowking\n|\n|-weather|Snow|[upkeep]\n|-heal|p1a: \u51b0\u5e03\u7740\u6025|99\/100 par|[from] ability: Ice Body\n|-heal|p1a: \u51b0\u5e03\u7740\u6025|100\/100 par|[from] item: Leftovers\n|-heal|p2b: Annihilape|55\/100 frz|[from] item: Leftovers\n|upkeep\n|turn|12\n|\n|t:|1682923165\n|move|p1a: \u51b0\u5e03\u7740\u6025|Blizzard|p2b: Annihilape|[spread] p2a,p2b\n|-damage|p2a: Flutter Mane|67\/100\n|-damage|p2b: Annihilape|31\/100 frz\n|cant|p2b: Annihilape|frz\n|move|p2a: Flutter Mane|Shadow Ball|p1a: \u51b0\u5e03\u7740\u6025\n|-damage|p1a: \u51b0\u5e03\u7740\u6025|32\/100 par\n|\n|-weather|Snow|[upkeep]\n|-heal|p1a: \u51b0\u5e03\u7740\u6025|38\/100 par|[from] ability: Ice Body\n|-heal|p1a: \u51b0\u5e03\u7740\u6025|44\/100 par|[from] item: Leftovers\n|-heal|p2b: Annihilape|37\/100 frz|[from] item: Leftovers\n|-fieldend|move: Trick Room\n|upkeep\n|turn|13\n|\n|t:|1682923178\n|move|p1a: \u51b0\u5e03\u7740\u6025|Protect|p1a: \u51b0\u5e03\u7740\u6025\n|-singleturn|p1a: \u51b0\u5e03\u7740\u6025|Protect\n|move|p2a: Flutter Mane|Shadow Ball|p1a: \u51b0\u5e03\u7740\u6025\n|-activate|p1a: \u51b0\u5e03\u7740\u6025|move: Protect\n|cant|p2b: Annihilape|frz\n|\n|-weather|Snow|[upkeep]\n|-heal|p1a: \u51b0\u5e03\u7740\u6025|49\/100 par|[from] ability: Ice Body\n|-heal|p2b: Annihilape|43\/100 frz|[from] item: Leftovers\n|-heal|p1a: \u51b0\u5e03\u7740\u6025|55\/100 par|[from] item: Leftovers\n|upkeep\n|turn|14\n|\n|t:|1682923195\n|move|p2a: Flutter Mane|Shadow Ball|p1a: \u51b0\u5e03\u7740\u6025\n|-damage|p1a: \u51b0\u5e03\u7740\u6025|0 fnt\n|faint|p1a: \u51b0\u5e03\u7740\u6025\n|\n|win|6488139fatgod\n|raw|Betty23333's rating: 1062 → 1039<\/strong> (-23 for losing)\n|raw|6488139fatgod's rating: 1000 → 1047<\/strong> (+47 for winning)\n|l|\u26066488139fatgod\n","uploadtime":1682923209,"views":22,"p1id":"betty23333","p2id":"6488139fatgod","formatid":"gen9vgc2023regulationc","rating":1039,"private":0,"password":""}