{"id":"gen9vgc2023regulationc-1864092353","p1":"PoppinParty Kasumi","p2":"mudhiman","format":"[Gen 9] VGC 2023 Regulation C","log":"|j|\u2606PoppinParty Kasumi\n|j|\u2606mudhiman\n|t:|1684116273\n|gametype|doubles\n|player|p1|PoppinParty Kasumi|#vgcplzoruas|\n|player|p2|mudhiman|janitor|\n|teamsize|p1|6\n|teamsize|p2|6\n|gen|9\n|tier|[Gen 9] VGC 2023 Regulation C\n|rule|Species Clause: Limit one of each Pok\u00e9mon\n|rule|Item Clause: Limit one of each item\n|clearpoke\n|poke|p1|Chi-Yu, L50|\n|poke|p1|Flutter Mane, L50|\n|poke|p1|Roaring Moon, L50|\n|poke|p1|Corviknight, L50, M|\n|poke|p1|Klefki, L50, F|\n|poke|p1|Garchomp, L50, M|\n|poke|p2|Flutter Mane, L50|\n|poke|p2|Ting-Lu, L50|\n|poke|p2|Amoonguss, L50, M|\n|poke|p2|Baxcalibur, L50, M|\n|poke|p2|Palafin, L50, F|\n|poke|p2|Arcanine, L50, M|\n|teampreview|4\n|inactive|Battle timer is ON: inactive players will automatically lose when time's up. (requested by PoppinParty Kasumi)\n|c|\u2606mudhiman|g1\nmudhiman has agreed to open team sheets.\n|c|\u2606PoppinParty Kasumi|g1\n|c|\u2606mudhiman|can u turn off timer while we open all 3 games\n|j| UberVylit\n|l| UberVylit\n|inactive|PoppinParty Kasumi has 60 seconds left.\n|inactive|mudhiman has 60 seconds left.\n|inactiveoff|Battle timer is now OFF.\n|c|\u2606mudhiman|thank you\n|c|\u2606mudhiman|gl hf!\n|c|\u2606PoppinParty Kasumi|glhf\n|j|+Nails\n|c|\u2606mudhiman|please accept team sheets :)\nPoppinParty Kasumi has agreed to open team sheets.\n|c|+Nails|go raghav!\n|j| knxying\n|j| PowerfulKnowledge\n|j| Ally\n|j| TheKingVillager\n|j| AveragePikachu\n|\n|t:|1684116459\n|start\n|switch|p1a: Klefki|Klefki, L50, F|100\/100\n|switch|p1b: Flutter Mane|Flutter Mane, L50|100\/100\n|switch|p2a: Palafin|Palafin, L50, F|100\/100\n|switch|p2b: Baxcalibur|Baxcalibur, L50, M|100\/100\n|turn|1\n|\n|t:|1684116505\n|detailschange|p2a: Palafin|Palafin-Hero, L50, F\n|switch|p2a: Arcanine|Arcanine, L50, M|100\/100\n|-ability|p2a: Arcanine|Intimidate|boost\n|-unboost|p1a: Klefki|atk|1\n|-unboost|p1b: Flutter Mane|atk|1\n|-terastallize|p2b: Baxcalibur|Poison\n|move|p1a: Klefki|Reflect|p1a: Klefki\n|-sidestart|p1: PoppinParty Kasumi|Reflect\n|move|p1b: Flutter Mane|Moonblast|p2b: Baxcalibur\n|-resisted|p2b: Baxcalibur\n|-damage|p2b: Baxcalibur|62\/100\n|move|p2b: Baxcalibur|Icicle Crash|p1b: Flutter Mane\n|-damage|p1b: Flutter Mane|49\/100\n|\n|upkeep\n|turn|2\n|j| Lelandvgc\n|\n|t:|1684116550\n|-end|p1b: Flutter Mane|Protosynthesis|[silent]\n|switch|p1b: Corviknight|Corviknight, L50, M|100\/100\n|move|p1a: Klefki|Thunder Wave|p2a: Arcanine\n|-status|p2a: Arcanine|par\n|move|p2b: Baxcalibur|Icicle Crash|p1b: Corviknight\n|-damage|p1b: Corviknight|73\/100\n|cant|p2a: Arcanine|par\n|\n|upkeep\n|turn|3\n|\n|t:|1684116580\n|move|p1a: Klefki|Thunder Wave|p2b: Baxcalibur\n|-status|p2b: Baxcalibur|par\n|move|p1b: Corviknight|Bulk Up|p1b: Corviknight\n|-boost|p1b: Corviknight|atk|1\n|-boost|p1b: Corviknight|def|1\n|cant|p2a: Arcanine|par\n|move|p2b: Baxcalibur|Glaive Rush|p1b: Corviknight\n|-resisted|p1b: Corviknight\n|-damage|p1b: Corviknight|59\/100\n|-singlemove|p2b: Baxcalibur|Glaive Rush|[silent]\n|\n|upkeep\n|turn|4\n|\n|t:|1684116616\n|switch|p1a: Garchomp|Garchomp, L50, M|100\/100\n|move|p1b: Corviknight|Brave Bird|p2b: Baxcalibur\n|-damage|p2b: Baxcalibur|0 fnt\n|faint|p2b: Baxcalibur\n|-damage|p1b: Corviknight|39\/100|[from] Recoil\n|move|p2a: Arcanine|Will-O-Wisp|p1b: Corviknight\n|-status|p1b: Corviknight|brn\n|\n|-damage|p1b: Corviknight|33\/100 brn|[from] brn\n|upkeep\n|\n|t:|1684116631\n|switch|p2b: Palafin|Palafin-Hero, L50, F|100\/100\n|-activate|p2b: Palafin|ability: Zero to Hero\n|turn|5\n|\n|t:|1684116649\n|switch|p2a: Ting-Lu|Ting-Lu, L50|100\/100\n|-ability|p2a: Ting-Lu|Vessel of Ruin\n|move|p1a: Garchomp|Earthquake|p2a: Ting-Lu|[spread] p2a,p2b\n|-immune|p1b: Corviknight\n|-damage|p2a: Ting-Lu|77\/100\n|-damage|p2b: Palafin|59\/100\n|move|p2b: Palafin|Wave Crash|p1b: Corviknight\n|-damage|p1b: Corviknight|0 fnt\n|faint|p1b: Corviknight\n|-damage|p2b: Palafin|48\/100|[from] Recoil\n|\n|upkeep\n|\n|t:|1684116704\n|switch|p1b: Klefki|Klefki, L50, F|100\/100\n|turn|6\n|\n|t:|1684116722\n|switch|p1a: Flutter Mane|Flutter Mane, L50|49\/100\n|move|p2b: Palafin|Protect|p2b: Palafin\n|-singleturn|p2b: Palafin|Protect\n|move|p1b: Klefki|Thunder Wave|p2b: Palafin\n|-activate|p2b: Palafin|move: Protect\n|move|p2a: Ting-Lu|Ruination|p1a: Flutter Mane\n|-damage|p1a: Flutter Mane|25\/100\n|\n|upkeep\n|turn|7\n|\n|t:|1684116806\n|move|p2b: Palafin|Jet Punch|p1a: Flutter Mane\n|-damage|p1a: Flutter Mane|0 fnt\n|faint|p1a: Flutter Mane\n|-end|p1a: Flutter Mane|Protosynthesis|[silent]\n|move|p1b: Klefki|Thunder Wave|p2b: Palafin\n|-status|p2b: Palafin|par\n|move|p2a: Ting-Lu|Ruination|p1b: Klefki\n|-damage|p1b: Klefki|50\/100\n|\n|upkeep\n|\n|t:|1684116819\n|switch|p1a: Garchomp|Garchomp, L50, M|100\/100\n|turn|8\n|j| Amelina\n|\n|t:|1684116876\n|switch|p2b: Arcanine|Arcanine, L50, M|100\/100 par\n|-ability|p2b: Arcanine|Intimidate|boost\n|-unboost|p1a: Garchomp|atk|1\n|-unboost|p1b: Klefki|atk|1\n|move|p1a: Garchomp|Earthquake|p2a: Ting-Lu|[spread] p1b,p2a,p2b\n|-supereffective|p1b: Klefki\n|-supereffective|p2b: Arcanine\n|-crit|p2b: Arcanine\n|-damage|p1b: Klefki|11\/100\n|-damage|p2a: Ting-Lu|60\/100\n|-damage|p2b: Arcanine|0 fnt\n|faint|p2b: Arcanine\n|move|p1b: Klefki|Dazzling Gleam|p2a: Ting-Lu\n|-supereffective|p2a: Ting-Lu\n|-damage|p2a: Ting-Lu|45\/100\n|move|p2a: Ting-Lu|Ruination|p1a: Garchomp\n|-damage|p1a: Garchomp|50\/100\n|\n|-sideend|p1: PoppinParty Kasumi|Reflect\n|upkeep\n|\n|t:|1684116890\n|switch|p2b: Palafin|Palafin-Hero, L50, F|48\/100 par\n|turn|9\n|\n|t:|1684116905\n|move|p2b: Palafin|Jet Punch|p1a: Garchomp\n|-damage|p1a: Garchomp|1\/100\n|-damage|p2b: Palafin|36\/100 par|[from] ability: Rough Skin|[of] p1a: Garchomp\n|move|p1a: Garchomp|Earthquake|p2a: Ting-Lu|[spread] p1b,p2a,p2b\n|-supereffective|p1b: Klefki\n|-damage|p1b: Klefki|0 fnt\n|-damage|p2a: Ting-Lu|27\/100\n|-damage|p2b: Palafin|10\/100 par\n|faint|p1b: Klefki\n|move|p2a: Ting-Lu|Heavy Slam|p1a: Garchomp\n|-damage|p1a: Garchomp|0 fnt\n|-damage|p2a: Ting-Lu|14\/100|[from] ability: Rough Skin|[of] p1a: Garchomp\n|faint|p1a: Garchomp\n|\n|win|mudhiman\n|l| Amelina\n","uploadtime":1684116915,"views":24,"p1id":"poppinpartykasumi","p2id":"mudhiman","formatid":"gen9vgc2023regulationc","rating":0,"private":0,"password":""}