{"id":"gen9vgc2023regulationc-1848213927","p1":"Testdummy82","p2":"SkeletonKing1","format":"[Gen 9] VGC 2023 Regulation C","log":"|j|\u2606Testdummy82\n|j|\u2606SkeletonKing1\n|t:|1682043335\n|gametype|doubles\n|player|p1|Testdummy82|169|\n|player|p2|SkeletonKing1|265|\n|teamsize|p1|6\n|teamsize|p2|6\n|gen|9\n|tier|[Gen 9] VGC 2023 Regulation C\n|rule|Species Clause: Limit one of each Pok\u00e9mon\n|rule|Item Clause: Limit one of each item\n|clearpoke\n|poke|p1|Maushold-Four, L50|\n|poke|p1|Meowscarada, L50, F|\n|poke|p1|Murkrow, L50, F|\n|poke|p1|Kingambit, L50, F|\n|poke|p1|Iron Bundle, L50|\n|poke|p1|Annihilape, L50, M|\n|poke|p2|Pincurchin, L50, M|\n|poke|p2|Kilowattrel, L50, M|\n|poke|p2|Luxray, L50, M|\n|poke|p2|Rotom-Wash, L50|\n|poke|p2|Jolteon, L50, M|\n|poke|p2|Iron Thorns, L50|\n|teampreview|4\n|\n|t:|1682043390\n|start\n|switch|p1a: Annihilape|Annihilape, L50, M|100\/100\n|switch|p1b: Murkrow|Murkrow, L50, F|100\/100\n|switch|p2a: Kilowattrel|Kilowattrel, L50, M|100\/100\n|switch|p2b: Jolteon|Jolteon, L50, M|100\/100\n|-item|p2b: Jolteon|Air Balloon\n|turn|1\n|\n|t:|1682043430\n|-terastallize|p1a: Annihilape|Normal\n|move|p1b: Murkrow|Tailwind|p1b: Murkrow\n|-sidestart|p1: Testdummy82|move: Tailwind\n|move|p1a: Annihilape|Thrash|p2a: Kilowattrel\n|-enditem|p2a: Kilowattrel|Focus Sash\n|-damage|p2a: Kilowattrel|1\/100\n|move|p2b: Jolteon|Thunder Wave|p1a: Annihilape\n|-status|p1a: Annihilape|par\n|move|p2a: Kilowattrel|Volt Switch|p1b: Murkrow\n|-supereffective|p1b: Murkrow\n|-damage|p1b: Murkrow|39\/100\n|\n|t:|1682043447\n|switch|p2a: Pincurchin|Pincurchin, L50, M|100\/100|[from] Volt Switch\n|-fieldstart|move: Electric Terrain|[from] ability: Electric Surge|[of] p2a: Pincurchin\n|\n|upkeep\n|turn|2\n|\n|t:|1682043475\n|-terastallize|p2a: Pincurchin|Dark\n|move|p1b: Murkrow|Quash|p2b: Jolteon\n|-activate|p2b: Jolteon|move: Quash\n|move|p2a: Pincurchin|Sucker Punch|p1a: Annihilape\n|-damage|p1a: Annihilape|61\/100 par\n|move|p1a: Annihilape|Thrash|p2b: Jolteon|[from]lockedmove\n|-damage|p2b: Jolteon|0 fnt\n|-enditem|p2b: Jolteon|Air Balloon\n|faint|p2b: Jolteon\n|\n|upkeep\n|\n|t:|1682043487\n|switch|p2b: Kilowattrel|Kilowattrel, L50, M|1\/100\n|turn|3\n|\n|t:|1682043504\n|move|p2a: Pincurchin|Sucker Punch|p1a: Annihilape\n|-damage|p1a: Annihilape|21\/100 par\n|move|p1b: Murkrow|Foul Play|p2b: Kilowattrel\n|-damage|p2b: Kilowattrel|0 fnt\n|faint|p2b: Kilowattrel\n|move|p1a: Annihilape|Thrash|p2a: Pincurchin|[from]lockedmove\n|-damage|p2a: Pincurchin|30\/100\n|-start|p1a: Annihilape|confusion|[fatigue]\n|\n|upkeep\n|\n|t:|1682043515\n|switch|p2b: Luxray|Luxray, L50, M|100\/100\n|turn|4\n|\n|t:|1682043538\n|move|p2a: Pincurchin|Sucker Punch|p1a: Annihilape\n|-damage|p1a: Annihilape|0 fnt\n|faint|p1a: Annihilape\n|move|p1b: Murkrow|Foul Play|p2b: Luxray\n|-damage|p2b: Luxray|35\/100\n|move|p2b: Luxray|Ice Fang|p1b: Murkrow\n|-supereffective|p1b: Murkrow\n|-damage|p1b: Murkrow|0 fnt\n|faint|p1b: Murkrow\n|\n|-sideend|p1: Testdummy82|move: Tailwind\n|-status|p2b: Luxray|brn|[from] item: Flame Orb\n|upkeep\n|\n|t:|1682043552\n|switch|p1a: Maushold|Maushold-Four, L50|100\/100\n|switch|p1b: Meowscarada|Meowscarada, L50, F|100\/100\n|turn|5\n|\n|t:|1682043576\n|move|p2a: Pincurchin|Sucker Punch|p1a: Maushold\n|-damage|p1a: Maushold|50\/100\n|move|p1b: Meowscarada|Play Rough|p2a: Pincurchin\n|-supereffective|p2a: Pincurchin\n|-damage|p2a: Pincurchin|0 fnt\n|faint|p2a: Pincurchin\n|move|p1a: Maushold|Population Bomb|p2b: Luxray\n|-damage|p2b: Luxray|20\/100 brn\n|-damage|p2b: Luxray|3\/100 brn\n|-damage|p2b: Luxray|0 fnt\n|faint|p2b: Luxray\n|-hitcount|p2: Luxray|3\n|\n|win|Testdummy82\n","uploadtime":1682043596,"views":11,"p1id":"testdummy82","p2id":"skeletonking1","formatid":"gen9vgc2023regulationc","rating":0,"private":0,"password":""}