{"id":"gen9vgc2023regulationc-1858674240","p1":"beta\/corbata","p2":"dadarvin","format":"[Gen 9] VGC 2023 Regulation C","log":"|j|\u2606beta\/corbata\n|j|\u2606dadarvin\n|t:|1683340729\n|gametype|doubles\n|player|p1|beta\/corbata|chili|1272\n|player|p2|dadarvin|rosa|1351\n|teamsize|p1|6\n|teamsize|p2|6\n|gen|9\n|tier|[Gen 9] VGC 2023 Regulation C\n|rated|\n|rule|Species Clause: Limit one of each Pok\u00e9mon\n|rule|Item Clause: Limit one of each item\n|clearpoke\n|poke|p1|Ceruledge, L50, F|\n|poke|p1|Iron Bundle, L50|\n|poke|p1|Abomasnow, L50, F|\n|poke|p1|Great Tusk, L50|\n|poke|p1|Bronzong, L50|\n|poke|p1|Amoonguss, L50, F|\n|poke|p2|Torkoal, L50, M|\n|poke|p2|Armarouge, L50, F|\n|poke|p2|Gothitelle, L50, M|\n|poke|p2|Indeedee, L50, M|\n|poke|p2|Gallade, L50, M|\n|poke|p2|Flutter Mane, L50|\n|teampreview|4\n|inactive|Battle timer is ON: inactive players will automatically lose when time's up. (requested by dadarvin)\ndadarvin rejected open team sheets.\n|inactive|beta\/corbata has 60 seconds left.\n|\n|t:|1683340779\n|start\n|switch|p1a: Amoonguss|Amoonguss, L50, F|100\/100\n|switch|p1b: Abomasnow|Abomasnow, L50, F|100\/100\n|switch|p2a: Indeedee|Indeedee, L50, M|100\/100\n|switch|p2b: Flutter Mane|Flutter Mane, L50|100\/100\n|-fieldstart|move: Psychic Terrain|[from] ability: Psychic Surge|[of] p2a: Indeedee\n|-weather|Snow|[from] ability: Snow Warning|[of] p1b: Abomasnow\n|turn|1\n|inactive|dadarvin has 30 seconds left.\n|\n|t:|1683340809\n|move|p2a: Indeedee|Psychic|p1a: Amoonguss\n|-supereffective|p1a: Amoonguss\n|-damage|p1a: Amoonguss|15\/100\n|move|p2b: Flutter Mane|Dazzling Gleam|p1a: Amoonguss|[spread] p1a,p1b\n|-resisted|p1a: Amoonguss\n|-damage|p1a: Amoonguss|0 fnt\n|-damage|p1b: Abomasnow|65\/100\n|faint|p1a: Amoonguss\n|move|p1b: Abomasnow|Blizzard|p2a: Indeedee|[spread] p2a,p2b\n|-damage|p2a: Indeedee|52\/100\n|-damage|p2b: Flutter Mane|57\/100\n|-status|p2a: Indeedee|frz\n|\n|-weather|Snow|[upkeep]\n|upkeep\n|\n|t:|1683340824\n|switch|p1a: Iron Bundle|Iron Bundle, L50|100\/100\n|-enditem|p1a: Iron Bundle|Booster Energy\n|-activate|p1a: Iron Bundle|ability: Quark Drive|[fromitem]\n|-start|p1a: Iron Bundle|quarkdrivespe\n|turn|2\n|\n|t:|1683340831\n|switch|p2a: Torkoal|Torkoal, L50, M|100\/100\n|-weather|SunnyDay|[from] ability: Drought|[of] p2a: Torkoal\n|-activate|p2b: Flutter Mane|ability: Protosynthesis\n|-start|p2b: Flutter Mane|protosynthesisspe\n|move|p1a: Iron Bundle|Aurora Veil||[still]\n|-fail|p1a: Iron Bundle\n|move|p2b: Flutter Mane|Dazzling Gleam|p1a: Iron Bundle|[spread] p1a,p1b\n|-damage|p1a: Iron Bundle|19\/100\n|-damage|p1b: Abomasnow|35\/100\n|move|p1b: Abomasnow|Blizzard|p2a: Torkoal|[spread] p2a\n|-miss|p1b: Abomasnow|p2b: Flutter Mane\n|-resisted|p2a: Torkoal\n|-damage|p2a: Torkoal|78\/100\n|\n|-weather|SunnyDay|[upkeep]\n|upkeep\n|turn|3\n|\n|t:|1683340847\n|switch|p1b: Ceruledge|Ceruledge, L50, F|100\/100\n|move|p1a: Iron Bundle|Protect|p1a: Iron Bundle\n|-singleturn|p1a: Iron Bundle|Protect\n|move|p2b: Flutter Mane|Dazzling Gleam|p1a: Iron Bundle|[spread] p1b\n|-activate|p1a: Iron Bundle|move: Protect\n|-resisted|p1b: Ceruledge\n|-damage|p1b: Ceruledge|79\/100\n|move|p2a: Torkoal|Eruption|p1a: Iron Bundle|[spread] \n|-activate|p1a: Iron Bundle|move: Protect\n|-start|p1b: Ceruledge|ability: Flash Fire\n|\n|-weather|SunnyDay|[upkeep]\n|upkeep\n|turn|4\n|inactive|beta\/corbata has 30 seconds left.\n|\n|t:|1683340876\n|-end|p2b: Flutter Mane|Protosynthesis|[silent]\n|switch|p2b: Indeedee|Indeedee, L50, M|52\/100 frz\n|move|p1b: Ceruledge|Shadow Sneak|p2b: Indeedee\n|-activate|p2b: Indeedee|move: Psychic Terrain\n|move|p1a: Iron Bundle|Hydro Pump|p2a: Torkoal|[miss]\n|-miss|p1a: Iron Bundle|p2a: Torkoal\n|move|p2a: Torkoal|Eruption|p1b: Ceruledge|[spread] p1a\n|-immune|p1b: Ceruledge|[from] ability: Flash Fire\n|-damage|p1a: Iron Bundle|0 fnt\n|faint|p1a: Iron Bundle\n|-end|p1a: Iron Bundle|Quark Drive|[silent]\n|\n|-weather|SunnyDay|[upkeep]\n|upkeep\n|\n|t:|1683340886\n|switch|p1a: Abomasnow|Abomasnow, L50, F|35\/100\n|-weather|Snow|[from] ability: Snow Warning|[of] p1a: Abomasnow\n|turn|5\n|\n|t:|1683340907\n|switch|p2a: Armarouge|Armarouge, L50, F|100\/100\n|-terastallize|p1b: Ceruledge|Fire\n|cant|p2b: Indeedee|frz\n|move|p1b: Ceruledge|Bitter Blade|p2a: Armarouge\n|-start|p2a: Armarouge|ability: Flash Fire\n|move|p1a: Abomasnow|Earth Power|p2a: Armarouge\n|-supereffective|p2a: Armarouge\n|-damage|p2a: Armarouge|61\/100\n|-enditem|p2a: Armarouge|Weakness Policy\n|-boost|p2a: Armarouge|atk|2|[from] item: Weakness Policy\n|-boost|p2a: Armarouge|spa|2|[from] item: Weakness Policy\n|\n|-weather|Snow|[upkeep]\n|-fieldend|move: Psychic Terrain\n|upkeep\n|turn|6\n|\n|t:|1683340924\n|switch|p2b: Torkoal|Torkoal, L50, M|78\/100\n|-weather|SunnyDay|[from] ability: Drought|[of] p2b: Torkoal\n|move|p2a: Armarouge|Protect|p2a: Armarouge\n|-singleturn|p2a: Armarouge|Protect\n|move|p1b: Ceruledge|Shadow Sneak|p2a: Armarouge\n|-activate|p2a: Armarouge|move: Protect\n|move|p1a: Abomasnow|Earth Power|p2a: Armarouge\n|-activate|p2a: Armarouge|move: Protect\n|\n|-weather|SunnyDay|[upkeep]\n|upkeep\n|turn|7\n|\n|t:|1683340941\n|switch|p2b: Indeedee|Indeedee, L50, M|52\/100 frz\n|-fieldstart|move: Psychic Terrain|[from] ability: Psychic Surge|[of] p2b: Indeedee\n|move|p1b: Ceruledge|Bitter Blade|p2b: Indeedee\n|-damage|p2b: Indeedee|0 fnt\n|-heal|p1b: Ceruledge|99\/100|[from] drain|[of] p2b: Indeedee\n|faint|p2b: Indeedee\n|move|p1a: Abomasnow|Earth Power|p2a: Armarouge\n|-supereffective|p2a: Armarouge\n|-damage|p2a: Armarouge|21\/100\n|move|p2a: Armarouge|Expanding Force|p1a: Abomasnow|[spread] p1a,p1b\n|-damage|p1a: Abomasnow|0 fnt\n|-damage|p1b: Ceruledge|4\/100\n|faint|p1a: Abomasnow\n|\n|-weather|SunnyDay|[upkeep]\n|upkeep\n|-message|beta\/corbata forfeited.\n|\n|win|dadarvin\n|raw|beta/corbata's rating: 1272 → 1253<\/strong> (-19 for losing)\n|raw|dadarvin's rating: 1351 → 1367<\/strong> (+16 for winning)\n|l|\u2606beta\/corbata\n","uploadtime":1683340967,"views":11,"p1id":"betacorbata","p2id":"dadarvin","formatid":"gen9vgc2023regulationc","rating":1253,"private":0,"password":""}