{"id":"gen9vgc2023regulationc-1857066757","p1":"TrainerDylan24","p2":"bingayduncirm","format":"[Gen 9] VGC 2023 Regulation C","log":"|j|\u2606TrainerDylan24\n|j|\u2606bingayduncirm\n|t:|1683142525\n|gametype|doubles\n|player|p1|TrainerDylan24|grimsley|1181\n|player|p2|bingayduncirm|grimsley|1079\n|teamsize|p1|6\n|teamsize|p2|6\n|gen|9\n|tier|[Gen 9] VGC 2023 Regulation C\n|rated|\n|rule|Species Clause: Limit one of each Pok\u00e9mon\n|rule|Item Clause: Limit one of each item\n|clearpoke\n|poke|p1|Pincurchin, L50, F|\n|poke|p1|Iron Moth, L50|\n|poke|p1|Rotom-Wash, L50|\n|poke|p1|Baxcalibur, L50, M|\n|poke|p1|Wo-Chien, L50|\n|poke|p1|Iron Treads, L50|\n|poke|p2|Flutter Mane, L50|\n|poke|p2|Chien-Pao, L50|\n|poke|p2|Palafin, L50, M|\n|poke|p2|Ting-Lu, L50|\n|poke|p2|Armarouge, L50, F|\n|poke|p2|Indeedee-F, L50, F|\n|teampreview|4\nbingayduncirm has agreed to open team sheets.\n|\n|t:|1683142587\n|start\n|switch|p1a: Iron Moth|Iron Moth, L50|100\/100\n|switch|p1b: Pincurchin|Pincurchin, L50, F|100\/100\n|switch|p2a: Armarouge|Armarouge, L50, F|100\/100\n|switch|p2b: Indeedee|Indeedee-F, L50, F|100\/100\n|-fieldstart|move: Psychic Terrain|[from] ability: Psychic Surge|[of] p2b: Indeedee\n|-enditem|p2b: Indeedee|Psychic Seed\n|-boost|p2b: Indeedee|spd|1|[from] item: Psychic Seed\n|-fieldstart|move: Electric Terrain|[from] ability: Electric Surge|[of] p1b: Pincurchin\n|-activate|p1a: Iron Moth|ability: Quark Drive\n|-start|p1a: Iron Moth|quarkdrivespe\n|-enditem|p1b: Pincurchin|Electric Seed\n|-boost|p1b: Pincurchin|def|1|[from] item: Electric Seed\n|turn|1\n|inactive|Battle timer is ON: inactive players will automatically lose when time's up. (requested by bingayduncirm)\n|\n|t:|1683142613\n|switch|p2b: Ting-Lu|Ting-Lu, L50|100\/100\n|-ability|p2b: Ting-Lu|Vessel of Ruin\n|-terastallize|p1a: Iron Moth|Flying\n|move|p1a: Iron Moth|Sludge Wave|p2a: Armarouge|[spread] p1b,p2a,p2b\n|-resisted|p2b: Ting-Lu\n|-damage|p1b: Pincurchin|69\/100\n|-damage|p2a: Armarouge|71\/100\n|-damage|p2b: Ting-Lu|94\/100\n|move|p1b: Pincurchin|Zing Zap|p2a: Armarouge\n|-damage|p2a: Armarouge|23\/100\n|move|p2a: Armarouge|Trick Room|p2a: Armarouge\n|-fieldstart|move: Trick Room|[of] p2a: Armarouge\n|\n|upkeep\n|turn|2\n|inactive|bingayduncirm has 30 seconds left.\n|\n|t:|1683142644\n|move|p1b: Pincurchin|Zing Zap|p2a: Armarouge\n|-damage|p2a: Armarouge|0 fnt\n|faint|p2a: Armarouge\n|move|p2b: Ting-Lu|Rock Slide|p1b: Pincurchin|[spread] p1a,p1b\n|-supereffective|p1a: Iron Moth\n|-damage|p1a: Iron Moth|39\/100\n|-damage|p1b: Pincurchin|48\/100\n|move|p1a: Iron Moth|Dazzling Gleam|p2b: Ting-Lu\n|-supereffective|p2b: Ting-Lu\n|-damage|p2b: Ting-Lu|69\/100\n|\n|upkeep\n|\n|t:|1683142652\n|switch|p2a: Indeedee|Indeedee-F, L50, F|100\/100\n|-fieldstart|move: Psychic Terrain|[from] ability: Psychic Surge|[of] p2a: Indeedee\n|-end|p1a: Iron Moth|Quark Drive\n|turn|3\n|\n|t:|1683142666\n|-end|p1a: Iron Moth|Quark Drive|[silent]\n|switch|p1a: Wo-Chien|Wo-Chien, L50|100\/100\n|-ability|p1a: Wo-Chien|Tablets of Ruin\n|move|p1b: Pincurchin|Zing Zap|p2a: Indeedee\n|-damage|p2a: Indeedee|73\/100\n|move|p2b: Ting-Lu|Rock Slide|p1b: Pincurchin|[spread] p1a,p1b\n|-damage|p1a: Wo-Chien|87\/100\n|-damage|p1b: Pincurchin|34\/100\n|cant|p2a: Indeedee|flinch\n|\n|-heal|p1a: Wo-Chien|94\/100|[from] item: Leftovers\n|upkeep\n|turn|4\n|\n|t:|1683142682\n|-terastallize|p2a: Indeedee|Fairy\n|move|p1b: Pincurchin|Acupressure|p1a: Wo-Chien\n|-boost|p1a: Wo-Chien|spa|2\n|move|p2b: Ting-Lu|Ruination|p1a: Wo-Chien\n|-damage|p1a: Wo-Chien|47\/100\n|move|p2a: Indeedee|Dazzling Gleam|p1a: Wo-Chien|[spread] p1a,p1b\n|-supereffective|p1a: Wo-Chien\n|-damage|p1a: Wo-Chien|20\/100\n|-damage|p1b: Pincurchin|15\/100\n|move|p1a: Wo-Chien|Leech Seed|p2b: Ting-Lu\n|-start|p2b: Ting-Lu|move: Leech Seed\n|\n|-heal|p1a: Wo-Chien|26\/100|[from] item: Leftovers\n|-damage|p2b: Ting-Lu|56\/100|[from] Leech Seed|[of] p1a: Wo-Chien\n|-heal|p1a: Wo-Chien|44\/100|[silent]\n|upkeep\n|turn|5\n|\n|t:|1683142698\n|move|p1a: Wo-Chien|Protect|p1a: Wo-Chien\n|-singleturn|p1a: Wo-Chien|Protect\n|move|p1b: Pincurchin|Poison Jab|p2a: Indeedee\n|-supereffective|p2a: Indeedee\n|-damage|p2a: Indeedee|38\/100\n|-status|p2a: Indeedee|psn\n|move|p2b: Ting-Lu|Rock Slide|p1b: Pincurchin|[spread] p1b\n|-activate|p1a: Wo-Chien|move: Protect\n|-damage|p1b: Pincurchin|1\/100\n|move|p2a: Indeedee|Dazzling Gleam|p1a: Wo-Chien|[spread] p1b\n|-activate|p1a: Wo-Chien|move: Protect\n|-damage|p1b: Pincurchin|0 fnt\n|faint|p1b: Pincurchin\n|\n|-heal|p1a: Wo-Chien|50\/100|[from] item: Leftovers\n|-damage|p2b: Ting-Lu|44\/100|[from] Leech Seed|[of] p1a: Wo-Chien\n|-heal|p1a: Wo-Chien|68\/100|[silent]\n|-damage|p2a: Indeedee|25\/100 psn|[from] psn\n|-fieldend|move: Trick Room\n|upkeep\n|\n|t:|1683142711\n|switch|p1b: Iron Moth|Iron Moth, L50, tera:Flying|39\/100\n|turn|6\n|\n|t:|1683142722\n|move|p2a: Indeedee|Follow Me|p2a: Indeedee\n|-singleturn|p2a: Indeedee|move: Follow Me\n|move|p1b: Iron Moth|Sludge Wave|p2a: Indeedee|[spread] p1a,p2a,p2b\n|-supereffective|p1a: Wo-Chien\n|-supereffective|p2a: Indeedee\n|-resisted|p2b: Ting-Lu\n|-damage|p1a: Wo-Chien|15\/100\n|-damage|p2a: Indeedee|0 fnt\n|-damage|p2b: Ting-Lu|38\/100\n|faint|p2a: Indeedee\n|move|p1a: Wo-Chien|Giga Drain|p2b: Ting-Lu\n|-supereffective|p2b: Ting-Lu\n|-damage|p2b: Ting-Lu|0 fnt\n|-heal|p1a: Wo-Chien|42\/100|[from] drain|[of] p2b: Ting-Lu\n|faint|p2b: Ting-Lu\n|\n|-heal|p1a: Wo-Chien|48\/100|[from] item: Leftovers\n|upkeep\n|\n|t:|1683142733\n|switch|p2b: Chien-Pao|Chien-Pao, L50|100\/100\n|-ability|p2b: Chien-Pao|Sword of Ruin\n|turn|7\n|\n|t:|1683142746\n|move|p2b: Chien-Pao|Ice Spinner|p1b: Iron Moth\n|-supereffective|p1b: Iron Moth\n|-damage|p1b: Iron Moth|0 fnt\n|-fieldend|move: Psychic Terrain\n|faint|p1b: Iron Moth\n|-end|p1b: Iron Moth|Quark Drive|[silent]\n|move|p1a: Wo-Chien|Giga Drain|p2b: Chien-Pao\n|-enditem|p2b: Chien-Pao|Focus Sash\n|-damage|p2b: Chien-Pao|1\/100\n|-heal|p1a: Wo-Chien|96\/100|[from] drain|[of] p2b: Chien-Pao\n|\n|-heal|p1a: Wo-Chien|100\/100|[from] item: Leftovers\n|upkeep\n|\n|t:|1683142750\n|switch|p1b: Baxcalibur|Baxcalibur, L50, M|100\/100\n|turn|8\n|\n|t:|1683142763\n|move|p2b: Chien-Pao|Sacred Sword|p1b: Baxcalibur\n|-supereffective|p1b: Baxcalibur\n|-damage|p1b: Baxcalibur|37\/100\n|move|p1b: Baxcalibur|Stomping Tantrum|p2b: Chien-Pao\n|-damage|p2b: Chien-Pao|0 fnt\n|faint|p2b: Chien-Pao\n|\n|win|TrainerDylan24\n|raw|TrainerDylan24's rating: 1181 → 1199<\/strong> (+18 for winning)\n|raw|bingayduncirm's rating: 1079 → 1063<\/strong> (-16 for losing)\n|l|\u2606bingayduncirm\n","uploadtime":1683142772,"views":8,"p1id":"trainerdylan24","p2id":"bingayduncirm","formatid":"gen9vgc2023regulationc","rating":1063,"private":0,"password":""}