{"id":"gen9vgc2023regulationc-1856836291","p1":"Sabatanuki","p2":"Kenepa21","format":"[Gen 9] VGC 2023 Regulation C","log":"|j|\u2606Sabatanuki\n|j|\u2606Kenepa21\n|t:|1683117712\n|gametype|doubles\n|player|p1|Sabatanuki|169|1282\n|player|p2|Kenepa21|lucas|1348\n|teamsize|p1|6\n|teamsize|p2|6\n|gen|9\n|tier|[Gen 9] VGC 2023 Regulation C\n|rated|\n|rule|Species Clause: Limit one of each Pok\u00e9mon\n|rule|Item Clause: Limit one of each item\n|clearpoke\n|poke|p1|Flutter Mane, L50|\n|poke|p1|Amoonguss, L50, M|\n|poke|p1|Corviknight, L50, M|\n|poke|p1|Chien-Pao, L50|\n|poke|p1|Ting-Lu, L50|\n|poke|p1|Dragapult, L50, F|\n|poke|p2|Veluza, L50, M|\n|poke|p2|Ursaring, L50, M|\n|poke|p2|Amoonguss, L50, M|\n|poke|p2|Murkrow, L50, F|\n|poke|p2|Flutter Mane, L50|\n|poke|p2|Chi-Yu, L50|\n|teampreview|4\nKenepa21 has agreed to open team sheets.\n|\n|t:|1683117749\n|start\n|switch|p1a: Chien-Pao|Chien-Pao, L50|100\/100\n|switch|p1b: Dragapult|Dragapult, L50, F|100\/100\n|switch|p2a: Veluza|Veluza, L50, M|100\/100\n|switch|p2b: Amoonguss|Amoonguss, L50, M|100\/100\n|-ability|p1a: Chien-Pao|Sword of Ruin\n|turn|1\n|\n|t:|1683117769\n|-terastallize|p1b: Dragapult|Steel\n|move|p2b: Amoonguss|Rage Powder|p2b: Amoonguss\n|-singleturn|p2b: Amoonguss|move: Rage Powder\n|move|p1b: Dragapult|Dragon Darts|p2b: Amoonguss\n|-damage|p2b: Amoonguss|57\/100\n|-anim|p1b: Dragapult|Dragon Darts|p2b: Amoonguss\n|-damage|p2b: Amoonguss|14\/100\n|move|p1a: Chien-Pao|Ice Spinner|p2b: Amoonguss\n|-supereffective|p2b: Amoonguss\n|-damage|p2b: Amoonguss|0 fnt\n|-damage|p1a: Chien-Pao|84\/100|[from] item: Rocky Helmet|[of] p2b: Amoonguss\n|faint|p2b: Amoonguss\n|move|p2a: Veluza|Focus Energy|p2a: Veluza\n|-start|p2a: Veluza|move: Focus Energy\n|\n|upkeep\n|\n|t:|1683117783\n|switch|p2b: Murkrow|Murkrow, L50, F|100\/100\n|turn|2\n|\n|t:|1683117797\n|-terastallize|p2a: Veluza|Grass\n|move|p1a: Chien-Pao|Sucker Punch|p2a: Veluza\n|-damage|p2a: Veluza|43\/100\n|-enditem|p2a: Veluza|Sitrus Berry|[eat]\n|-heal|p2a: Veluza|68\/100|[from] item: Sitrus Berry\n|move|p2b: Murkrow|Tailwind|p2b: Murkrow\n|-sidestart|p2: Kenepa21|move: Tailwind\n|move|p2a: Veluza|Aqua Cutter|p1b: Dragapult\n|-crit|p1b: Dragapult\n|-damage|p1b: Dragapult|0 fnt\n|faint|p1b: Dragapult\n|\n|upkeep\n|\n|t:|1683117815\n|switch|p1b: Corviknight|Corviknight, L50, M|100\/100\n|turn|3\n|\n|t:|1683117833\n|move|p1a: Chien-Pao|Sucker Punch|p2a: Veluza\n|-damage|p2a: Veluza|14\/100\n|move|p2a: Veluza|Aqua Cutter|p1b: Corviknight\n|-crit|p1b: Corviknight\n|-damage|p1b: Corviknight|29\/100\n|move|p2b: Murkrow|Brave Bird|p1a: Chien-Pao\n|-damage|p1a: Chien-Pao|36\/100\n|-damage|p2b: Murkrow|86\/100|[from] Recoil\n|move|p1b: Corviknight|Brave Bird|p2a: Veluza\n|-supereffective|p2a: Veluza\n|-damage|p2a: Veluza|0 fnt\n|faint|p2a: Veluza\n|-damage|p1b: Corviknight|24\/100|[from] Recoil\n|\n|upkeep\n|\n|t:|1683117844\n|switch|p2a: Chi-Yu|Chi-Yu, L50|100\/100\n|-ability|p2a: Chi-Yu|Beads of Ruin\n|turn|4\n|\n|t:|1683117873\n|switch|p1b: Ting-Lu|Ting-Lu, L50|100\/100\n|-ability|p1b: Ting-Lu|Vessel of Ruin\n|move|p1a: Chien-Pao|Sucker Punch|p2a: Chi-Yu\n|-resisted|p2a: Chi-Yu\n|-damage|p2a: Chi-Yu|64\/100\n|move|p2a: Chi-Yu|Heat Wave|p1b: Ting-Lu|[spread] p1a,p1b\n|-supereffective|p1a: Chien-Pao\n|-damage|p1a: Chien-Pao|0 fnt\n|-damage|p1b: Ting-Lu|67\/100\n|faint|p1a: Chien-Pao\n|move|p2b: Murkrow|Brave Bird|p1b: Ting-Lu\n|-damage|p1b: Ting-Lu|47\/100\n|-damage|p2b: Murkrow|75\/100|[from] Recoil\n|\n|upkeep\n|\n|t:|1683117887\n|switch|p1a: Corviknight|Corviknight, L50, M|24\/100\n|turn|5\n|\n|t:|1683117899\n|move|p2a: Chi-Yu|Heat Wave|p1b: Ting-Lu|[spread] p1a,p1b\n|-supereffective|p1a: Corviknight\n|-damage|p1a: Corviknight|0 fnt\n|-damage|p1b: Ting-Lu|12\/100\n|faint|p1a: Corviknight\n|move|p2b: Murkrow|Brave Bird|p1b: Ting-Lu\n|-damage|p1b: Ting-Lu|0 fnt\n|faint|p1b: Ting-Lu\n|-damage|p2b: Murkrow|69\/100|[from] Recoil\n|\n|win|Kenepa21\n|raw|Sabatanuki's rating: 1282 → 1262<\/strong> (-20 for losing)\n|raw|Kenepa21's rating: 1348 → 1364<\/strong> (+16 for winning)\n","uploadtime":1683117915,"views":11,"p1id":"sabatanuki","p2id":"kenepa21","formatid":"gen9vgc2023regulationc","rating":1262,"private":0,"password":""}