{"id":"gen9vgc2023regulationc-1859080924","p1":"ThatWillKid","p2":"Compries","format":"[Gen 9] VGC 2023 Regulation C","log":"|j|\u2606ThatWillKid\n|j|\u2606Compries\n|t:|1683402120\n|gametype|doubles\n|player|p1|ThatWillKid|volkner|\n|player|p2|Compries|lana|\n|teamsize|p1|6\n|teamsize|p2|6\n|gen|9\n|tier|[Gen 9] VGC 2023 Regulation C\n|rule|Species Clause: Limit one of each Pok\u00e9mon\n|rule|Item Clause: Limit one of each item\n|clearpoke\n|poke|p1|Naclstack, L50, M|\n|poke|p1|Hippowdon, L50, M|\n|poke|p1|Lycanroc-Dusk, L50, M|\n|poke|p1|Rabsca, L50, F|\n|poke|p1|Toedscruel, L50, F|\n|poke|p1|Morgrem, L50, M|\n|poke|p2|Camerupt, L50, F|\n|poke|p2|Toedscruel, L50, M|\n|poke|p2|Froslass, L50, F|\n|poke|p2|Gardevoir, L50, M|\n|poke|p2|Arboliva, L50, M|\n|poke|p2|Slowking, L50, F|\n|teampreview|4\n|c|\u2606ThatWillKid|glhf g2!\n|c|\u2606Compries|glhf!\n|j| SATMaofever\n|j| kmilly132\n|\n|t:|1683402185\n|start\n|switch|p1a: Back w\/ Gains|Toedscruel, L50, F|100\/100\n|switch|p1b: Gummy's Dad|Lycanroc-Dusk, L50, M|100\/100\n|switch|p2a: Toedscruel|Toedscruel, L50, M|100\/100\n|switch|p2b: Gardevoir|Gardevoir, L50, M|100\/100\n|turn|1\n|\n|t:|1683402265\n|-terastallize|p1b: Gummy's Dad|Rock\n|move|p1a: Back w\/ Gains|Rage Powder|p1a: Back w\/ Gains\n|-singleturn|p1a: Back w\/ Gains|move: Rage Powder\n|move|p2b: Gardevoir|Trick|p1a: Back w\/ Gains\n|-activate|p2b: Gardevoir|move: Trick|[of] p1a: Back w\/ Gains\n|-item|p1a: Back w\/ Gains|Choice Scarf|[from] move: Trick\n|-item|p2b: Gardevoir|Aguav Berry|[from] move: Trick\n|move|p1b: Gummy's Dad|Rock Slide|p2a: Toedscruel|[spread] p2b\n|-miss|p1b: Gummy's Dad|p2a: Toedscruel\n|-damage|p2b: Gardevoir|32\/100\n|move|p2a: Toedscruel|Spore|p1b: Gummy's Dad\n|-status|p1b: Gummy's Dad|slp|[from] move: Spore\n|\n|upkeep\n|turn|2\n|c|\u2606ThatWillKid|Lol forgot youre a grass type\n|\n|t:|1683402297\n|switch|p1b: Psychic Sh!t|Rabsca, L50, F|100\/100\n|move|p1a: Back w\/ Gains|Giga Drain|p2b: Gardevoir\n|-damage|p2b: Gardevoir|7\/100\n|-enditem|p2b: Gardevoir|Aguav Berry|[eat]\n|-heal|p2b: Gardevoir|40\/100|[from] item: Aguav Berry\n|move|p2b: Gardevoir|Dazzling Gleam|p1a: Back w\/ Gains|[spread] p1a,p1b\n|-damage|p1a: Back w\/ Gains|75\/100\n|-damage|p1b: Psychic Sh!t|77\/100\n|move|p2a: Toedscruel|Earth Power|p1b: Psychic Sh!t\n|-resisted|p1b: Psychic Sh!t\n|-damage|p1b: Psychic Sh!t|66\/100\n|\n|upkeep\n|turn|3\n|\n|t:|1683402345\n|move|p1b: Psychic Sh!t|Protect|p1b: Psychic Sh!t\n|-singleturn|p1b: Psychic Sh!t|Protect\n|move|p1a: Back w\/ Gains|Giga Drain|p2b: Gardevoir\n|-damage|p2b: Gardevoir|12\/100\n|-heal|p1a: Back w\/ Gains|86\/100|[from] drain|[of] p2b: Gardevoir\n|move|p2b: Gardevoir|Dazzling Gleam|p1b: Psychic Sh!t|[spread] p1a\n|-activate|p1b: Psychic Sh!t|move: Protect\n|-damage|p1a: Back w\/ Gains|60\/100\n|move|p2a: Toedscruel|Trick Room|p2a: Toedscruel\n|-fieldstart|move: Trick Room|[of] p2a: Toedscruel\n|\n|upkeep\n|turn|4\n|\n|t:|1683402362\n|switch|p1b: Gummy's Dad|Lycanroc-Dusk, L50, M, tera:Rock|100\/100 slp\n|move|p2a: Toedscruel|Earth Power|p1a: Back w\/ Gains\n|-resisted|p1a: Back w\/ Gains\n|-damage|p1a: Back w\/ Gains|50\/100\n|move|p2b: Gardevoir|Dazzling Gleam|p1a: Back w\/ Gains|[spread] p1a,p1b\n|-damage|p1a: Back w\/ Gains|26\/100\n|-damage|p1b: Gummy's Dad|45\/100 slp\n|move|p1a: Back w\/ Gains|Giga Drain|p2b: Gardevoir\n|-damage|p2b: Gardevoir|0 fnt\n|-heal|p1a: Back w\/ Gains|31\/100|[from] drain|[of] p2b: Gardevoir\n|faint|p2b: Gardevoir\n|\n|upkeep\n|\n|t:|1683402377\n|switch|p2b: Camerupt|Camerupt, L50, F|100\/100\n|turn|5\n|\n|t:|1683402393\n|move|p2a: Toedscruel|Rage Powder|p2a: Toedscruel\n|-singleturn|p2a: Toedscruel|move: Rage Powder\n|move|p2b: Camerupt|Earthquake|p1b: Gummy's Dad|[spread] p2a,p1a,p1b\n|-resisted|p2a: Toedscruel\n|-resisted|p1a: Back w\/ Gains\n|-supereffective|p1b: Gummy's Dad\n|-crit|p1b: Gummy's Dad\n|-damage|p2a: Toedscruel|76\/100\n|-damage|p1a: Back w\/ Gains|14\/100\n|-damage|p1b: Gummy's Dad|0 fnt\n|faint|p1b: Gummy's Dad\n|move|p1a: Back w\/ Gains|Giga Drain|p2b: Camerupt\n|-damage|p2b: Camerupt|68\/100\n|-heal|p1a: Back w\/ Gains|30\/100|[from] drain|[of] p2b: Camerupt\n|\n|upkeep\n|\n|t:|1683402415\n|switch|p1b: Psychic Sh!t|Rabsca, L50, F|66\/100\n|turn|6\n|\n|t:|1683402433\n|move|p2b: Camerupt|Flare Blitz|p1a: Back w\/ Gains\n|-supereffective|p1a: Back w\/ Gains\n|-damage|p1a: Back w\/ Gains|0 fnt\n|faint|p1a: Back w\/ Gains\n|-damage|p2b: Camerupt|59\/100|[from] Recoil\n|move|p1b: Psychic Sh!t|Revival Blessing|p1b: Psychic Sh!t\n|-enditem|p1b: Psychic Sh!t|Leppa Berry|[eat]\n|-activate|p1b: Psychic Sh!t|item: Leppa Berry|Revival Blessing|[consumed]\n|\n|t:|1683402448\n|-heal|p1: Gummy's Dad|50\/100|[from] move: Revival Blessing\n|move|p2a: Toedscruel|Earth Power|p1b: Psychic Sh!t\n|-resisted|p1b: Psychic Sh!t\n|-crit|p1b: Psychic Sh!t\n|-damage|p1b: Psychic Sh!t|51\/100\n|\n|upkeep\n|\n|t:|1683402455\n|switch|p1a: lil' nacci|Naclstack, L50, M|100\/100\n|turn|7\n|\n|t:|1683402469\n|move|p1b: Psychic Sh!t|Protect|p1b: Psychic Sh!t\n|-singleturn|p1b: Psychic Sh!t|Protect\n|move|p1a: lil' nacci|Iron Defense|p1a: lil' nacci\n|-boost|p1a: lil' nacci|def|2\n|move|p2b: Camerupt|Flare Blitz|p1b: Psychic Sh!t\n|-activate|p1b: Psychic Sh!t|move: Protect\n|move|p2a: Toedscruel|Spore|p1a: lil' nacci\n|-status|p1a: lil' nacci|slp|[from] move: Spore\n|\n|-fieldend|move: Trick Room\n|upkeep\n|turn|8\n|\n|t:|1683402488\n|move|p1b: Psychic Sh!t|Revival Blessing|p1b: Psychic Sh!t\n|\n|t:|1683402489\n|-heal|p1: Back w\/ Gains|50\/100|[from] move: Revival Blessing\n|move|p2b: Camerupt|Earthquake|p1a: lil' nacci|[spread] p2a,p1a,p1b\n|-resisted|p2a: Toedscruel\n|-supereffective|p1a: lil' nacci\n|-resisted|p1b: Psychic Sh!t\n|-damage|p2a: Toedscruel|52\/100\n|-damage|p1a: lil' nacci|74\/100 slp\n|-damage|p1b: Psychic Sh!t|34\/100\n|cant|p1a: lil' nacci|slp\n|move|p2a: Toedscruel|Trick Room|p2a: Toedscruel\n|-fieldstart|move: Trick Room|[of] p2a: Toedscruel\n|\n|upkeep\n|turn|9\n|\n|t:|1683402510\n|move|p1b: Psychic Sh!t|Protect|p1b: Psychic Sh!t\n|-singleturn|p1b: Psychic Sh!t|Protect\n|cant|p1a: lil' nacci|slp\n|move|p2b: Camerupt|Rock Slide|p1b: Psychic Sh!t|[spread] \n|-activate|p1b: Psychic Sh!t|move: Protect\n|-miss|p2b: Camerupt|p1a: lil' nacci\n|move|p2a: Toedscruel|Earth Power|p1a: lil' nacci\n|-supereffective|p1a: lil' nacci\n|-damage|p1a: lil' nacci|36\/100 slp\n|\n|upkeep\n|turn|10\n|\n|t:|1683402529\n|cant|p1a: lil' nacci|slp\n|move|p2b: Camerupt|Rock Slide|p1a: lil' nacci|[spread] p1a,p1b\n|-supereffective|p1b: Psychic Sh!t\n|-damage|p1a: lil' nacci|29\/100 slp\n|-damage|p1b: Psychic Sh!t|0 fnt\n|faint|p1b: Psychic Sh!t\n|move|p2a: Toedscruel|Earth Power|p1a: lil' nacci\n|-supereffective|p1a: lil' nacci\n|-damage|p1a: lil' nacci|0 fnt\n|faint|p1a: lil' nacci\n|\n|upkeep\n|\n|t:|1683402535\n|switch|p1a: Gummy's Dad|Lycanroc-Dusk, L50, M|50\/100\n|switch|p1b: Back w\/ Gains|Toedscruel, L50, F|50\/100\n|turn|11\n|\n|t:|1683402553\n|move|p1a: Gummy's Dad|Accelerock|p2b: Camerupt\n|-damage|p2b: Camerupt|23\/100\n|move|p2b: Camerupt|Flare Blitz|p1b: Back w\/ Gains\n|-supereffective|p1b: Back w\/ Gains\n|-damage|p1b: Back w\/ Gains|0 fnt\n|faint|p1b: Back w\/ Gains\n|-damage|p2b: Camerupt|6\/100|[from] Recoil\n|move|p2a: Toedscruel|Earth Power|p1a: Gummy's Dad\n|-supereffective|p1a: Gummy's Dad\n|-damage|p1a: Gummy's Dad|0 fnt\n|faint|p1a: Gummy's Dad\n|\n|win|Compries\n|c|\u2606ThatWillKid|gg\n|c|\u2606Compries|ggs!\n|c|\u2606Compries|leppa revival is scary lmao\n","uploadtime":1683402567,"views":25,"p1id":"thatwillkid","p2id":"compries","formatid":"gen9vgc2023regulationc","rating":0,"private":0,"password":""}