{"id":"gen9vgc2023regulationc-1858867820","p1":"Parking son","p2":"Fastjon4444","format":"[Gen 9] VGC 2023 Regulation C","log":"|j|\u2606Parking son\n|j|\u2606Fastjon4444\n|t:|1683376268\n|gametype|doubles\n|player|p1|Parking son|265|1418\n|player|p2|Fastjon4444|hilbert|1522\n|teamsize|p1|6\n|teamsize|p2|6\n|gen|9\n|tier|[Gen 9] VGC 2023 Regulation C\n|rated|\n|rule|Species Clause: Limit one of each Pok\u00e9mon\n|rule|Item Clause: Limit one of each item\n|clearpoke\n|poke|p1|Ting-Lu, L50|\n|poke|p1|Abomasnow, L50, M|\n|poke|p1|Flutter Mane, L50|\n|poke|p1|Iron Hands, L50|\n|poke|p1|Bronzong, L50|\n|poke|p1|Arcanine, L50, M|\n|poke|p2|Wo-Chien, L50|\n|poke|p2|Glimmora, L50, M|\n|poke|p2|Corviknight, L50, M|\n|poke|p2|Arcanine, L50, F|\n|poke|p2|Iron Bundle, L50|\n|poke|p2|Flutter Mane, L50|\n|teampreview|4\n|\n|t:|1683376314\n|start\n|switch|p1a: Bronzong|Bronzong, L50|100\/100\n|switch|p1b: Iron Hands|Iron Hands, L50|100\/100\n|switch|p2a: Glimmora|Glimmora, L50, M|100\/100\n|switch|p2b: Arcanine|Arcanine, L50, F|100\/100\n|-ability|p2b: Arcanine|Intimidate|boost\n|-unboost|p1a: Bronzong|atk|1\n|-unboost|p1b: Iron Hands|atk|1\n|turn|1\n|\n|t:|1683376345\n|move|p2a: Glimmora|Spiky Shield|p2a: Glimmora\n|-singleturn|p2a: Glimmora|move: Protect\n|move|p1b: Iron Hands|Fake Out|p2b: Arcanine\n|-damage|p2b: Arcanine|89\/100\n|cant|p2b: Arcanine|flinch\n|move|p1a: Bronzong|Trick Room|p1a: Bronzong\n|-fieldstart|move: Trick Room|[of] p1a: Bronzong\n|\n|upkeep\n|turn|2\n|\n|t:|1683376374\n|switch|p2a: Corviknight|Corviknight, L50, M|100\/100\n|move|p1a: Bronzong|Safeguard|p1a: Bronzong\n|-sidestart|p1: Parking son|Safeguard\n|move|p1b: Iron Hands|Volt Switch|p2b: Arcanine\n|-damage|p2b: Arcanine|72\/100\n|\n|t:|1683376388\n|-end|p1b: Iron Hands|Quark Drive|[silent]\n|switch|p1b: Ting-Lu|Ting-Lu, L50|100\/100|[from] Volt Switch\n|-ability|p1b: Ting-Lu|Vessel of Ruin\n|move|p2b: Arcanine|Flare Blitz|p1a: Bronzong\n|-supereffective|p1a: Bronzong\n|-damage|p1a: Bronzong|13\/100\n|-damage|p2b: Arcanine|47\/100|[from] Recoil\n|-enditem|p2b: Arcanine|Sitrus Berry|[eat]\n|-heal|p2b: Arcanine|71\/100|[from] item: Sitrus Berry\n|\n|upkeep\n|turn|3\n|\n|t:|1683376434\n|move|p1a: Bronzong|Protect|p1a: Bronzong\n|-singleturn|p1a: Bronzong|Protect\n|move|p2b: Arcanine|Extreme Speed|p1a: Bronzong\n|-activate|p1a: Bronzong|move: Protect\n|move|p1b: Ting-Lu|Earthquake|p2b: Arcanine|[spread] p2b\n|-activate|p1a: Bronzong|move: Protect\n|-immune|p2a: Corviknight\n|-supereffective|p2b: Arcanine\n|-damage|p2b: Arcanine|0 fnt\n|faint|p2b: Arcanine\n|move|p2a: Corviknight|Bulk Up|p2a: Corviknight\n|-boost|p2a: Corviknight|atk|1\n|-boost|p2a: Corviknight|def|1\n|\n|upkeep\n|\n|t:|1683376456\n|switch|p2b: Glimmora|Glimmora, L50, M|100\/100\n|turn|4\n|\n|t:|1683376477\n|move|p1a: Bronzong|Gyro Ball|p2b: Glimmora\n|-supereffective|p2b: Glimmora\n|-damage|p2b: Glimmora|43\/100\n|-activate|p2b: Glimmora|ability: Toxic Debris\n|-sidestart|p1: Parking son|move: Toxic Spikes\n|move|p1b: Ting-Lu|Earthquake|p2a: Corviknight|[spread] p2b\n|-immune|p1a: Bronzong|[from] ability: Levitate\n|-immune|p2a: Corviknight\n|-supereffective|p2b: Glimmora\n|-damage|p2b: Glimmora|0 fnt\n|-activate|p2b: Glimmora|ability: Toxic Debris\n|-sidestart|p1: Parking son|move: Toxic Spikes\n|faint|p2b: Glimmora\n|move|p2a: Corviknight|Bulk Up|p2a: Corviknight\n|-boost|p2a: Corviknight|atk|1\n|-boost|p2a: Corviknight|def|1\n|\n|upkeep\n|\n|t:|1683376491\n|switch|p2b: Flutter Mane|Flutter Mane, L50|100\/100\n|turn|5\n|\n|t:|1683376507\n|move|p2b: Flutter Mane|Protect|p2b: Flutter Mane\n|-singleturn|p2b: Flutter Mane|Protect\n|move|p1a: Bronzong|Gyro Ball|p2b: Flutter Mane\n|-activate|p2b: Flutter Mane|move: Protect\n|move|p1b: Ting-Lu|Earthquake|p2b: Flutter Mane|[spread] \n|-activate|p2b: Flutter Mane|move: Protect\n|-immune|p1a: Bronzong|[from] ability: Levitate\n|-immune|p2a: Corviknight\n|move|p2a: Corviknight|Brave Bird|p1a: Bronzong\n|-resisted|p1a: Bronzong\n|-damage|p1a: Bronzong|0 fnt\n|faint|p1a: Bronzong\n|-damage|p2a: Corviknight|97\/100|[from] Recoil\n|\n|-fieldend|move: Trick Room\n|upkeep\n|\n|t:|1683376541\n|switch|p1a: Abomasnow|Abomasnow, L50, M|100\/100\n|-weather|Snow|[from] ability: Snow Warning|[of] p1a: Abomasnow\n|turn|6\n|\n|t:|1683376557\n|-terastallize|p1b: Ting-Lu|Ground\n|move|p1a: Abomasnow|Protect|p1a: Abomasnow\n|-singleturn|p1a: Abomasnow|Protect\n|move|p2b: Flutter Mane|Substitute|p2b: Flutter Mane\n|-start|p2b: Flutter Mane|Substitute\n|-damage|p2b: Flutter Mane|76\/100\n|move|p2a: Corviknight|Brave Bird|p1a: Abomasnow\n|-activate|p1a: Abomasnow|move: Protect\n|move|p1b: Ting-Lu|Earthquake|p2a: Corviknight|[spread] p2b\n|-activate|p1a: Abomasnow|move: Protect\n|-immune|p2a: Corviknight\n|-end|p2b: Flutter Mane|Substitute\n|\n|-weather|Snow|[upkeep]\n|-sideend|p1: Parking son|Safeguard\n|upkeep\n|turn|7\n|\n|t:|1683376587\n|switch|p1b: Iron Hands|Iron Hands, L50|100\/100\n|-status|p1b: Iron Hands|tox\n|move|p2b: Flutter Mane|Moonblast|p1a: Abomasnow\n|-crit|p1a: Abomasnow\n|-damage|p1a: Abomasnow|25\/100\n|-unboost|p1a: Abomasnow|spa|1\n|move|p2a: Corviknight|Brave Bird|p1a: Abomasnow\n|-supereffective|p1a: Abomasnow\n|-damage|p1a: Abomasnow|0 fnt\n|faint|p1a: Abomasnow\n|-damage|p2a: Corviknight|88\/100|[from] Recoil\n|\n|-weather|Snow|[upkeep]\n|-damage|p1b: Iron Hands|94\/100 tox|[from] psn\n|upkeep\n|\n|t:|1683376598\n|switch|p1a: Ting-Lu|Ting-Lu, L50, tera:Ground|100\/100\n|-status|p1a: Ting-Lu|tox\n|-ability|p1a: Ting-Lu|Vessel of Ruin\n|turn|8\n|\n|t:|1683376620\n|move|p2b: Flutter Mane|Protect|p2b: Flutter Mane\n|-singleturn|p2b: Flutter Mane|Protect\n|move|p2a: Corviknight|Protect|p2a: Corviknight\n|-singleturn|p2a: Corviknight|Protect\n|move|p1b: Iron Hands|Fake Out|p2a: Corviknight\n|-activate|p2a: Corviknight|move: Protect\n|move|p1a: Ting-Lu|Stone Edge|p2b: Flutter Mane\n|-activate|p2b: Flutter Mane|move: Protect\n|\n|-weather|Snow|[upkeep]\n|-damage|p1b: Iron Hands|82\/100 tox|[from] psn\n|-damage|p1a: Ting-Lu|94\/100 tox|[from] psn\n|upkeep\n|turn|9\n|\n|t:|1683376655\n|-terastallize|p2b: Flutter Mane|Steel\n|move|p2b: Flutter Mane|Moonblast|p1b: Iron Hands\n|-supereffective|p1b: Iron Hands\n|-damage|p1b: Iron Hands|40\/100 tox\n|-unboost|p1b: Iron Hands|spa|1\n|move|p2a: Corviknight|Brave Bird|p1a: Ting-Lu\n|-damage|p1a: Ting-Lu|31\/100 tox\n|-damage|p2a: Corviknight|61\/100|[from] Recoil\n|move|p1b: Iron Hands|Wild Charge|p2a: Corviknight\n|-supereffective|p2a: Corviknight\n|-damage|p2a: Corviknight|10\/100\n|-damage|p1b: Iron Hands|30\/100 tox|[from] Recoil\n|move|p1a: Ting-Lu|Stone Edge|p2a: Corviknight\n|-damage|p2a: Corviknight|0 fnt\n|faint|p2a: Corviknight\n|\n|-weather|Snow|[upkeep]\n|-damage|p1b: Iron Hands|11\/100 tox|[from] psn\n|-damage|p1a: Ting-Lu|19\/100 tox|[from] psn\n|upkeep\n|turn|10\n|\n|t:|1683376677\n|move|p2b: Flutter Mane|Protect|p2b: Flutter Mane\n|-singleturn|p2b: Flutter Mane|Protect\n|move|p1b: Iron Hands|Close Combat|p2b: Flutter Mane\n|-activate|p2b: Flutter Mane|move: Protect\n|move|p1a: Ting-Lu|Stone Edge|p2b: Flutter Mane\n|-activate|p2b: Flutter Mane|move: Protect\n|\n|-weather|none\n|-damage|p1b: Iron Hands|0 fnt|[from] psn\n|faint|p1b: Iron Hands\n|-end|p1b: Iron Hands|Quark Drive|[silent]\n|-damage|p1a: Ting-Lu|0 fnt|[from] psn\n|faint|p1a: Ting-Lu\n|\n|win|Fastjon4444\n|upkeep\n|raw|Parking son's rating: 1418 → 1404<\/strong> (-14 for losing)\n|raw|Fastjon4444's rating: 1522 → 1536<\/strong> (+14 for winning)\n|l|\u2606Parking son\n","uploadtime":1683376694,"views":12,"p1id":"parkingson","p2id":"fastjon4444","formatid":"gen9vgc2023regulationc","rating":1404,"private":0,"password":""}