{"id":"gen9vgc2023regulationc-1851570678","p1":"Piccolo Ruiz","p2":"PokemonSince1994","format":"[Gen 9] VGC 2023 Regulation C","log":"|j|\u2606Piccolo Ruiz\n|j|\u2606PokemonSince1994\n|t:|1682456768\n|gametype|doubles\n|player|p1|Piccolo Ruiz|valerie|1322\n|player|p2|PokemonSince1994|266|1301\n|teamsize|p1|6\n|teamsize|p2|6\n|gen|9\n|tier|[Gen 9] VGC 2023 Regulation C\n|rated|\n|rule|Species Clause: Limit one of each Pok\u00e9mon\n|rule|Item Clause: Limit one of each item\n|clearpoke\n|poke|p1|Flutter Mane, L50|\n|poke|p1|Amoonguss, L50, F|\n|poke|p1|Gyarados, L50, F|\n|poke|p1|Arcanine, L50, F|\n|poke|p1|Ting-Lu, L50|\n|poke|p1|Baxcalibur, L50, F|\n|poke|p2|Palafin, L50, F|\n|poke|p2|Flutter Mane, L50|\n|poke|p2|Arcanine, L50, M|\n|poke|p2|Amoonguss, L50, M|\n|poke|p2|Ting-Lu, L50|\n|poke|p2|Sandy Shocks, L50|\n|teampreview|4\n|inactive|Battle timer is ON: inactive players will automatically lose when time's up. (requested by Piccolo Ruiz)\nPokemonSince1994 has agreed to open team sheets.\n|inactive|Piccolo Ruiz has 60 seconds left.\n|inactive|PokemonSince1994 has 60 seconds left.\n|\n|t:|1682456816\n|start\n|switch|p1a: Raja|Arcanine, L50, F|100\/100\n|switch|p1b: Amoonguss|Amoonguss, L50, F, shiny|100\/100\n|switch|p2a: Flutter Mane|Flutter Mane, L50|100\/100\n|switch|p2b: Palafin|Palafin, L50, F|100\/100\n|-ability|p1a: Raja|Intimidate|boost\n|-unboost|p2a: Flutter Mane|atk|1\n|-unboost|p2b: Palafin|atk|1\n|turn|1\n|inactive|Piccolo Ruiz has 30 seconds left.\n|inactive|Piccolo Ruiz has 20 seconds left.\n|inactive|Piccolo Ruiz has 15 seconds left.\n|\n|t:|1682456857\n|-end|p2a: Flutter Mane|Protosynthesis|[silent]\n|switch|p2a: Arcanine|Arcanine, L50, M|100\/100\n|-ability|p2a: Arcanine|Intimidate|boost\n|-unboost|p1a: Raja|atk|1\n|-unboost|p1b: Amoonguss|atk|1\n|detailschange|p2b: Palafin|Palafin-Hero, L50, F\n|switch|p2b: Amoonguss|Amoonguss, L50, M|100\/100\n|switch|p1b: Katya|Baxcalibur, L50, F, shiny|100\/100\n|move|p1a: Raja|Howl|p1a: Raja|[spread] p1a,p1b\n|-boost|p1a: Raja|atk|1\n|-boost|p1b: Katya|atk|1\n|\n|upkeep\n|turn|2\n|inactive|Piccolo Ruiz has 30 seconds left.\n|inactive|PokemonSince1994 has 30 seconds left.\n|inactive|PokemonSince1994 has 20 seconds left.\n|inactive|PokemonSince1994 has 15 seconds left.\n|inactive|PokemonSince1994 has 10 seconds left.\n|inactive|PokemonSince1994 has 5 seconds left.\n|\n|t:|1682456912\n|move|p2a: Arcanine|Protect|p2a: Arcanine\n|-singleturn|p2a: Arcanine|Protect\n|move|p1a: Raja|Flare Blitz|p2b: Amoonguss\n|-supereffective|p2b: Amoonguss\n|-damage|p2b: Amoonguss|24\/100\n|-enditem|p2b: Amoonguss|Sitrus Berry|[eat]\n|-heal|p2b: Amoonguss|48\/100|[from] item: Sitrus Berry\n|-damage|p1a: Raja|73\/100|[from] Recoil\n|move|p1b: Katya|Glaive Rush|p2b: Amoonguss\n|-crit|p2b: Amoonguss\n|-damage|p2b: Amoonguss|0 fnt\n|-singlemove|p1b: Katya|Glaive Rush|[silent]\n|faint|p2b: Amoonguss\n|\n|upkeep\n|\n|t:|1682456928\n|switch|p2b: Palafin|Palafin-Hero, L50, F|100\/100\n|-activate|p2b: Palafin|ability: Zero to Hero\n|turn|3\n|inactive|PokemonSince1994 has 30 seconds left.\n|\n|t:|1682456953\n|move|p1b: Katya|Protect|p1b: Katya\n|-singleturn|p1b: Katya|Protect\n|move|p2b: Palafin|Jet Punch|p1a: Raja\n|-supereffective|p1a: Raja\n|-damage|p1a: Raja|0 fnt\n|faint|p1a: Raja\n|move|p2a: Arcanine|Howl|p2a: Arcanine|[spread] p2a,p2b\n|-boost|p2a: Arcanine|atk|1\n|-boost|p2b: Palafin|atk|1\n|\n|upkeep\n|\n|t:|1682456964\n|switch|p1a: Amoonguss|Amoonguss, L50, F, shiny|100\/100\n|turn|4\n|\n|t:|1682456980\n|-terastallize|p1a: Amoonguss|Water\n|move|p1b: Katya|Glaive Rush|p2b: Palafin\n|-damage|p2b: Palafin|2\/100\n|-singlemove|p1b: Katya|Glaive Rush|[silent]\n|move|p2a: Arcanine|Flare Blitz|p1a: Amoonguss\n|-resisted|p1a: Amoonguss\n|-damage|p1a: Amoonguss|65\/100\n|-damage|p2a: Arcanine|84\/100|[from] item: Rocky Helmet|[of] p1a: Amoonguss\n|-damage|p2a: Arcanine|71\/100|[from] Recoil\n|move|p2b: Palafin|Wave Crash|p1b: Katya\n|-resisted|p1b: Katya\n|-damage|p1b: Katya|0 fnt\n|faint|p1b: Katya\n|-damage|p2b: Palafin|0 fnt|[from] Recoil\n|faint|p2b: Palafin\n|move|p1a: Amoonguss|Spore|p2a: Arcanine\n|-activate|p2a: Arcanine|item: Safety Goggles|Spore\n|\n|upkeep\n|\n|t:|1682456999\n|switch|p1b: Sasha Colby|Flutter Mane, L50|100\/100\n|switch|p2b: Flutter Mane|Flutter Mane, L50|100\/100\n|-enditem|p1b: Sasha Colby|Booster Energy\n|-activate|p1b: Sasha Colby|ability: Protosynthesis|[fromitem]\n|-start|p1b: Sasha Colby|protosynthesisspa\n|turn|5\n|\n|t:|1682457016\n|-terastallize|p2b: Flutter Mane|Fairy\n|move|p1a: Amoonguss|Rage Powder|p1a: Amoonguss\n|-singleturn|p1a: Amoonguss|move: Rage Powder\n|move|p2b: Flutter Mane|Shadow Ball|p1a: Amoonguss\n|-damage|p1a: Amoonguss|7\/100\n|move|p1b: Sasha Colby|Shadow Ball|p2b: Flutter Mane\n|-damage|p2b: Flutter Mane|42\/100\n|move|p2a: Arcanine|Flare Blitz|p1b: Sasha Colby\n|-damage|p1b: Sasha Colby|0 fnt\n|faint|p1b: Sasha Colby\n|-end|p1b: Sasha Colby|Protosynthesis|[silent]\n|-damage|p2a: Arcanine|44\/100|[from] Recoil\n|\n|upkeep\n|turn|6\n|-message|Piccolo Ruiz forfeited.\n|\n|win|PokemonSince1994\n|raw|Piccolo Ruiz's rating: 1322 → 1301<\/strong> (-21 for losing)\n|raw|PokemonSince1994's rating: 1301 → 1322<\/strong> (+21 for winning)\n|l|\u2606PokemonSince1994\n","uploadtime":1682457112,"views":11,"p1id":"piccoloruiz","p2id":"pokemonsince1994","formatid":"gen9vgc2023regulationc","rating":1301,"private":0,"password":""}