{"id":"gen9vgc2023regulationc-1852135560","p1":"ScrubShadedPurple","p2":"HunterOnShowdown","format":"[Gen 9] VGC 2023 Regulation C","log":"|j|\u2606ScrubShadedPurple\n|j|\u2606HunterOnShowdown\n|t:|1682527063\n|gametype|doubles\n|player|p1|ScrubShadedPurple|102|1234\n|player|p2|HunterOnShowdown|hilbert|1333\n|teamsize|p1|6\n|teamsize|p2|6\n|gen|9\n|tier|[Gen 9] VGC 2023 Regulation C\n|rated|\n|rule|Species Clause: Limit one of each Pok\u00e9mon\n|rule|Item Clause: Limit one of each item\n|clearpoke\n|poke|p1|Orthworm, L50, M|\n|poke|p1|Ting-Lu, L50|\n|poke|p1|Amoonguss, L50, M|\n|poke|p1|Flutter Mane, L50|\n|poke|p1|Palafin, L50, F|\n|poke|p1|Chi-Yu, L50|\n|poke|p2|Gyarados, L50, F|\n|poke|p2|Maushold, L50|\n|poke|p2|Talonflame, L50, M|\n|poke|p2|Garchomp, L50, M|\n|poke|p2|Chien-Pao, L50|\n|poke|p2|Iron Moth, L50|\n|teampreview|4\n|inactive|Battle timer is ON: inactive players will automatically lose when time's up. (requested by ScrubShadedPurple)\nHunterOnShowdown has agreed to open team sheets.\n|inactive|HunterOnShowdown has 60 seconds left.\n|\n|t:|1682527118\n|start\n|switch|p1a: Chi-Yu|Chi-Yu, L50|100\/100\n|switch|p1b: Flutter Mane|Flutter Mane, L50|100\/100\n|switch|p2a: Garchomp|Garchomp, L50, M|100\/100\n|switch|p2b: Talonflame|Talonflame, L50, M|100\/100\n|-ability|p1a: Chi-Yu|Beads of Ruin\n|turn|1\n|\n|t:|1682527136\n|-terastallize|p2a: Garchomp|Ground\n|move|p2b: Talonflame|Tailwind|p2b: Talonflame\n|-sidestart|p2: HunterOnShowdown|move: Tailwind\n|move|p2a: Garchomp|Earthquake|p1b: Flutter Mane|[spread] p1a,p1b\n|-immune|p2b: Talonflame\n|-supereffective|p1a: Chi-Yu\n|-enditem|p1a: Chi-Yu|Focus Sash\n|-damage|p1a: Chi-Yu|1\/100\n|-damage|p1b: Flutter Mane|0 fnt\n|faint|p1b: Flutter Mane\n|-end|p1b: Flutter Mane|Protosynthesis|[silent]\n|-damage|p2a: Garchomp|91\/100|[from] item: Life Orb\n|move|p1a: Chi-Yu|Will-O-Wisp|p2a: Garchomp\n|-status|p2a: Garchomp|brn\n|\n|-damage|p2a: Garchomp|85\/100 brn|[from] brn\n|upkeep\n|\n|t:|1682527154\n|switch|p1b: Orthworm|Orthworm, L50, M|100\/100\n|turn|2\n|\n|t:|1682527178\n|switch|p1a: Ting-Lu|Ting-Lu, L50|100\/100\n|-ability|p1a: Ting-Lu|Vessel of Ruin\n|-terastallize|p1b: Orthworm|Electric\n|move|p2b: Talonflame|Will-O-Wisp|p1b: Orthworm\n|-status|p1b: Orthworm|brn\n|-enditem|p1b: Orthworm|Lum Berry|[eat]\n|-curestatus|p1b: Orthworm|brn|[msg]\n|move|p2a: Garchomp|Rock Slide|p1b: Orthworm|[spread] p1a,p1b\n|-resisted|p1a: Ting-Lu\n|-damage|p1a: Ting-Lu|97\/100\n|-damage|p1b: Orthworm|91\/100\n|-damage|p2a: Garchomp|75\/100 brn|[from] item: Life Orb\n|move|p1b: Orthworm|Iron Defense|p1b: Orthworm\n|-boost|p1b: Orthworm|def|2\n|\n|-damage|p2a: Garchomp|70\/100 brn|[from] brn\n|upkeep\n|turn|3\n|inactive|ScrubShadedPurple has 30 seconds left.\n|inactive|ScrubShadedPurple has 20 seconds left.\n|\n|t:|1682527217\n|switch|p1a: Chi-Yu|Chi-Yu, L50|1\/100\n|-ability|p1a: Chi-Yu|Beads of Ruin\n|move|p2b: Talonflame|Will-O-Wisp|p1b: Orthworm|[miss]\n|-miss|p2b: Talonflame|p1b: Orthworm\n|move|p2a: Garchomp|Rock Slide|p1b: Orthworm|[spread] p1a,p1b\n|-supereffective|p1a: Chi-Yu\n|-crit|p1b: Orthworm\n|-damage|p1a: Chi-Yu|0 fnt\n|-damage|p1b: Orthworm|76\/100\n|faint|p1a: Chi-Yu\n|-damage|p2a: Garchomp|60\/100 brn|[from] item: Life Orb\n|cant|p1b: Orthworm|flinch\n|\n|-damage|p2a: Garchomp|54\/100 brn|[from] brn\n|upkeep\n|\n|t:|1682527220\n|switch|p1a: Ting-Lu|Ting-Lu, L50|97\/100\n|-ability|p1a: Ting-Lu|Vessel of Ruin\n|turn|4\n|\n|t:|1682527237\n|move|p2b: Talonflame|Will-O-Wisp|p1b: Orthworm\n|-status|p1b: Orthworm|brn\n|move|p2a: Garchomp|Rock Slide|p1b: Orthworm|[spread] p1a,p1b\n|-resisted|p1a: Ting-Lu\n|-crit|p1b: Orthworm\n|-damage|p1a: Ting-Lu|93\/100\n|-damage|p1b: Orthworm|59\/100 brn\n|-damage|p2a: Garchomp|45\/100 brn|[from] item: Life Orb\n|move|p1b: Orthworm|Tera Blast|p2b: Talonflame\n|-supereffective|p2b: Talonflame\n|-damage|p2b: Talonflame|75\/100\n|cant|p1a: Ting-Lu|flinch\n|\n|-damage|p2a: Garchomp|39\/100 brn|[from] brn\n|-damage|p1b: Orthworm|53\/100 brn|[from] brn\n|-sideend|p2: HunterOnShowdown|move: Tailwind\n|upkeep\n|turn|5\n|inactive|HunterOnShowdown has 30 seconds left.\n|\n|t:|1682527264\n|move|p2b: Talonflame|Will-O-Wisp|p1a: Ting-Lu|[miss]\n|-miss|p2b: Talonflame|p1a: Ting-Lu\n|move|p2a: Garchomp|Dragon Claw|p1b: Orthworm\n|-damage|p1b: Orthworm|42\/100 brn\n|-damage|p2a: Garchomp|29\/100 brn|[from] item: Life Orb\n|move|p1b: Orthworm|Iron Defense|p1b: Orthworm\n|-boost|p1b: Orthworm|def|2\n|move|p1a: Ting-Lu|Earthquake|p2b: Talonflame|[spread] p2a\n|-heal|p1b: Orthworm|67\/100 brn|[from] ability: Earth Eater|[of] p1a: Ting-Lu\n|-immune|p2b: Talonflame\n|-damage|p2a: Garchomp|0 fnt\n|faint|p2a: Garchomp\n|\n|-damage|p1b: Orthworm|61\/100 brn|[from] brn\n|upkeep\n|\n|t:|1682527272\n|switch|p2a: Mecharona|Iron Moth, L50|100\/100\n|-enditem|p2a: Mecharona|Booster Energy\n|-activate|p2a: Mecharona|ability: Quark Drive|[fromitem]\n|-start|p2a: Mecharona|quarkdrivespa\n|turn|6\n|\n|t:|1682527294\n|move|p2a: Mecharona|Protect|p2a: Mecharona\n|-singleturn|p2a: Mecharona|Protect\n|move|p2b: Talonflame|Will-O-Wisp|p1a: Ting-Lu|[miss]\n|-miss|p2b: Talonflame|p1a: Ting-Lu\n|move|p1b: Orthworm|Tera Blast|p2b: Talonflame\n|-supereffective|p2b: Talonflame\n|-damage|p2b: Talonflame|49\/100\n|move|p1a: Ting-Lu|Earthquake|p2b: Talonflame|[spread] \n|-activate|p2a: Mecharona|move: Protect\n|-heal|p1b: Orthworm|86\/100 brn|[from] ability: Earth Eater|[of] p1a: Ting-Lu\n|-immune|p2b: Talonflame\n|\n|-damage|p1b: Orthworm|80\/100 brn|[from] brn\n|upkeep\n|turn|7\n|\n|t:|1682527313\n|move|p2a: Mecharona|Energy Ball|p1a: Ting-Lu\n|-supereffective|p1a: Ting-Lu\n|-damage|p1a: Ting-Lu|62\/100\n|move|p2b: Talonflame|Will-O-Wisp|p1a: Ting-Lu\n|-status|p1a: Ting-Lu|brn\n|move|p1b: Orthworm|Body Press|p2b: Talonflame\n|-resisted|p2b: Talonflame\n|-damage|p2b: Talonflame|30\/100\n|move|p1a: Ting-Lu|Earthquake|p2b: Talonflame|[spread] p2a\n|-heal|p1b: Orthworm|100\/100 brn|[from] ability: Earth Eater|[of] p1a: Ting-Lu\n|-immune|p2b: Talonflame\n|-supereffective|p2a: Mecharona\n|-damage|p2a: Mecharona|0 fnt\n|faint|p2a: Mecharona\n|-end|p2a: Mecharona|Quark Drive|[silent]\n|\n|-damage|p1b: Orthworm|94\/100 brn|[from] brn\n|-damage|p1a: Ting-Lu|55\/100 brn|[from] brn\n|upkeep\n|\n|t:|1682527320\n|switch|p2a: Chien-Pao|Chien-Pao, L50|100\/100\n|-ability|p2a: Chien-Pao|Sword of Ruin\n|turn|8\n|\n|t:|1682527340\n|move|p2a: Chien-Pao|Protect|p2a: Chien-Pao\n|-singleturn|p2a: Chien-Pao|Protect\n|move|p2b: Talonflame|Brave Bird|p1a: Ting-Lu\n|-damage|p1a: Ting-Lu|26\/100 brn\n|-damage|p2b: Talonflame|17\/100|[from] Recoil\n|move|p1b: Orthworm|Body Press|p2b: Talonflame\n|-resisted|p2b: Talonflame\n|-damage|p2b: Talonflame|0 fnt\n|faint|p2b: Talonflame\n|move|p1a: Ting-Lu|Earthquake|p2a: Chien-Pao|[spread] \n|-activate|p2a: Chien-Pao|move: Protect\n|-heal|p1b: Orthworm|100\/100 brn|[from] ability: Earth Eater|[of] p1a: Ting-Lu\n|\n|-damage|p1b: Orthworm|94\/100 brn|[from] brn\n|-damage|p1a: Ting-Lu|20\/100 brn|[from] brn\n|upkeep\n|turn|9\n|\n|t:|1682527364\n|move|p2a: Chien-Pao|Ice Spinner|p1a: Ting-Lu\n|-supereffective|p1a: Ting-Lu\n|-damage|p1a: Ting-Lu|0 fnt\n|faint|p1a: Ting-Lu\n|move|p1b: Orthworm|Body Press|p2a: Chien-Pao\n|-supereffective|p2a: Chien-Pao\n|-enditem|p2a: Chien-Pao|Focus Sash\n|-damage|p2a: Chien-Pao|1\/100\n|\n|-damage|p1b: Orthworm|88\/100 brn|[from] brn\n|upkeep\n|turn|10\n|\n|t:|1682527371\n|move|p2a: Chien-Pao|Ice Spinner|p1b: Orthworm\n|-damage|p1b: Orthworm|74\/100 brn\n|move|p1b: Orthworm|Body Press|p2a: Chien-Pao\n|-supereffective|p2a: Chien-Pao\n|-damage|p2a: Chien-Pao|0 fnt\n|faint|p2a: Chien-Pao\n|\n|win|ScrubShadedPurple\n|raw|ScrubShadedPurple's rating: 1234 → 1266<\/strong> (+32 for winning)\n|raw|HunterOnShowdown's rating: 1333 → 1307<\/strong> (-26 for losing)\n|l|\u2606HunterOnShowdown\n","uploadtime":1682527375,"views":15,"p1id":"scrubshadedpurple","p2id":"hunteronshowdown","formatid":"gen9vgc2023regulationc","rating":1266,"private":0,"password":""}