{"id":"gen9vgc2023regulationc-1848694746","p1":"Niqeth","p2":"gerald but yes","format":"[Gen 9] VGC 2023 Regulation C","log":"|j|\u2606Niqeth\n|j|\u2606gerald but yes\n|t:|1682101511\n|gametype|doubles\n|player|p1|Niqeth|colress|1128\n|player|p2|gerald but yes|102|1172\n|teamsize|p1|6\n|teamsize|p2|6\n|gen|9\n|tier|[Gen 9] VGC 2023 Regulation C\n|rated|\n|rule|Species Clause: Limit one of each Pok\u00e9mon\n|rule|Item Clause: Limit one of each item\n|clearpoke\n|poke|p1|Glimmora, L50, F|\n|poke|p1|Wo-Chien, L50|\n|poke|p1|Chi-Yu, L50|\n|poke|p1|Iron Bundle, L50|\n|poke|p1|Scizor, L50, M|\n|poke|p1|Flutter Mane, L50|\n|poke|p2|Dachsbun, L50, M|\n|poke|p2|Chi-Yu, L50|\n|poke|p2|Iron Jugulis, L50|\n|poke|p2|Scizor, L50, F|\n|poke|p2|Iron Bundle, L50|\n|poke|p2|Amoonguss, L50, F|\n|teampreview|4\n|c|\u2606Niqeth|gl & hf\nNiqeth has agreed to open team sheets.\n|inactive|Battle timer is ON: inactive players will automatically lose when time's up. (requested by Niqeth)\n|inactive|Niqeth has 60 seconds left.\n|\n|t:|1682101566\n|start\n|switch|p1a: Chi-Yu|Chi-Yu, L50|100\/100\n|switch|p1b: Glimmora|Glimmora, L50, F|100\/100\n|switch|p2a: Chi-Yu|Chi-Yu, L50|100\/100\n|switch|p2b: Dachsbun|Dachsbun, L50, M|100\/100\n|-ability|p2a: Chi-Yu|Beads of Ruin\n|-ability|p1a: Chi-Yu|Beads of Ruin\n|turn|1\n|inactive|gerald but yes has 30 seconds left.\n|\n|t:|1682101592\n|move|p1a: Chi-Yu|Protect|p1a: Chi-Yu\n|-singleturn|p1a: Chi-Yu|Protect\n|move|p2a: Chi-Yu|Lava Plume|p1b: Glimmora|[spread] p1b\n|-activate|p1a: Chi-Yu|move: Protect\n|-ability|p2b: Dachsbun|Well-Baked Body|boost\n|-boost|p2b: Dachsbun|def|2\n|-resisted|p1b: Glimmora\n|-damage|p1b: Glimmora|84\/100\n|-damage|p2a: Chi-Yu|90\/100|[from] item: Life Orb\n|move|p2b: Dachsbun|Body Press|p1a: Chi-Yu\n|-activate|p1a: Chi-Yu|move: Protect\n|move|p1b: Glimmora|Mortal Spin|p2a: Chi-Yu|[spread] p2a,p2b\n|-supereffective|p2b: Dachsbun\n|-damage|p2a: Chi-Yu|83\/100\n|-damage|p2b: Dachsbun|94\/100\n|-status|p2a: Chi-Yu|psn\n|-status|p2b: Dachsbun|psn\n|\n|-damage|p2a: Chi-Yu|70\/100 psn|[from] psn\n|-damage|p2b: Dachsbun|82\/100 psn|[from] psn\n|upkeep\n|turn|2\n|inactive|Niqeth has 30 seconds left.\n|inactive|gerald but yes has 30 seconds left.\n|inactive|Niqeth has 20 seconds left.\n|inactive|gerald but yes has 20 seconds left.\n|inactive|gerald but yes has 15 seconds left.\n|\n|t:|1682101635\n|switch|p1a: Flutter Mane|Flutter Mane, L50|100\/100\n|move|p2a: Chi-Yu|Dark Pulse|p1b: Glimmora\n|-damage|p1b: Glimmora|40\/100\n|-damage|p2a: Chi-Yu|60\/100 psn|[from] item: Life Orb\n|move|p2b: Dachsbun|Body Press|p1a: Flutter Mane\n|-immune|p1a: Flutter Mane\n|move|p1b: Glimmora|Venoshock|p2b: Dachsbun\n|-supereffective|p2b: Dachsbun\n|-damage|p2b: Dachsbun|0 fnt\n|faint|p2b: Dachsbun\n|\n|-damage|p2a: Chi-Yu|48\/100 psn|[from] psn\n|upkeep\n|\n|t:|1682101658\n|switch|p2b: Saul|Amoonguss, L50, F|100\/100\n|turn|3\n|\n|t:|1682101679\n|move|p1a: Flutter Mane|Moonblast|p2a: Chi-Yu\n|-damage|p2a: Chi-Yu|0 fnt\n|faint|p2a: Chi-Yu\n|move|p1b: Glimmora|Mortal Spin|p2b: Saul\n|-damage|p2b: Saul|95\/100\n|-status|p2b: Saul|psn\n|-damage|p1b: Glimmora|24\/100|[from] item: Rocky Helmet|[of] p2b: Saul\n|move|p2b: Saul|Pollen Puff|p2: Chi-Yu|[notarget]\n|-fail|p2b: Saul\n|\n|-damage|p2b: Saul|82\/100 psn|[from] psn\n|upkeep\n|\n|t:|1682101685\n|switch|p2a: Ferrosaco|Iron Bundle, L50|100\/100\n|turn|4\n|\n|t:|1682101709\n|-terastallize|p2a: Ferrosaco|Ice\n|move|p2a: Ferrosaco|Icy Wind|p1b: Glimmora|[spread] p1a,p1b\n|-crit|p1b: Glimmora\n|-damage|p1a: Flutter Mane|74\/100\n|-damage|p1b: Glimmora|0 fnt\n|-unboost|p1a: Flutter Mane|spe|1\n|faint|p1b: Glimmora\n|move|p1a: Flutter Mane|Moonblast|p2a: Ferrosaco\n|-crit|p2a: Ferrosaco\n|-enditem|p2a: Ferrosaco|Focus Sash\n|-damage|p2a: Ferrosaco|1\/100\n|move|p2b: Saul|Spore|p1a: Flutter Mane\n|-status|p1a: Flutter Mane|slp|[from] move: Spore\n|\n|-damage|p2b: Saul|70\/100 psn|[from] psn\n|upkeep\n|inactive|Niqeth has 30 seconds left.\n|\n|t:|1682101736\n|switch|p1b: Scizor|Scizor, L50, M|100\/100\n|turn|5\n|inactive|gerald but yes has 30 seconds left.\n|\n|t:|1682101766\n|move|p2a: Ferrosaco|Hydro Pump|p1b: Scizor\n|-crit|p1b: Scizor\n|-damage|p1b: Scizor|9\/100\n|cant|p1a: Flutter Mane|slp\n|move|p1b: Scizor|Pounce|p2b: Saul\n|-damage|p2b: Saul|26\/100 psn\n|-unboost|p2b: Saul|spe|1\n|-damage|p1b: Scizor|0 fnt|[from] item: Rocky Helmet|[of] p2b: Saul\n|faint|p1b: Scizor\n|move|p2b: Saul|Pollen Puff|p2a: Ferrosaco\n|-heal|p2a: Ferrosaco|51\/100\n|\n|-damage|p2b: Saul|14\/100 psn|[from] psn\n|upkeep\n|\n|t:|1682101783\n|switch|p1b: Chi-Yu|Chi-Yu, L50|100\/100\n|-ability|p1b: Chi-Yu|Beads of Ruin\n|turn|6\n|\n|t:|1682101793\n|-terastallize|p1b: Chi-Yu|Ghost\n|move|p2b: Saul|Rage Powder|p2b: Saul\n|-singleturn|p2b: Saul|move: Rage Powder\n|move|p2a: Ferrosaco|Hydro Pump|p1b: Chi-Yu\n|-damage|p1b: Chi-Yu|39\/100\n|move|p1b: Chi-Yu|Heat Wave|p2b: Saul|[spread] p2a,p2b\n|-supereffective|p2a: Ferrosaco\n|-supereffective|p2b: Saul\n|-damage|p2a: Ferrosaco|0 fnt\n|-damage|p2b: Saul|0 fnt\n|faint|p2a: Ferrosaco\n|-end|p2a: Ferrosaco|Quark Drive|[silent]\n|faint|p2b: Saul\n|\n|win|Niqeth\n|raw|Niqeth's rating: 1128 → 1156<\/strong> (+28 for winning)\n|raw|gerald but yes's rating: 1172 → 1144<\/strong> (-28 for losing)\n|c|\u2606Niqeth|gg wp\n|l|\u2606gerald but yes\n","uploadtime":1682101805,"views":13,"p1id":"niqeth","p2id":"geraldbutyes","formatid":"gen9vgc2023regulationc","rating":1144,"private":0,"password":""}