{"id":"gen9vgc2023regulationc-1860769263","p1":"bentoboxkiller","p2":"AllTheBilgamesh","format":"[Gen 9] VGC 2023 Regulation C","log":"|j|\u2606bentoboxkiller\n|j|\u2606AllTheBilgamesh\n|t:|1683675684\n|gametype|doubles\n|player|p1|bentoboxkiller|102|1333\n|player|p2|AllTheBilgamesh|n|1403\n|teamsize|p1|6\n|teamsize|p2|6\n|gen|9\n|tier|[Gen 9] VGC 2023 Regulation C\n|rated|\n|rule|Species Clause: Limit one of each Pok\u00e9mon\n|rule|Item Clause: Limit one of each item\n|clearpoke\n|poke|p1|Indeedee-F, L50, F|\n|poke|p1|Chien-Pao, L50|\n|poke|p1|Scream Tail, L50|\n|poke|p1|Garchomp, L50, F|\n|poke|p1|Armarouge, L50, F|\n|poke|p1|Talonflame, L50, F|\n|poke|p2|Hydreigon, L50, M|\n|poke|p2|Chi-Yu, L50|\n|poke|p2|Flutter Mane, L50|\n|poke|p2|Kingambit, L50, M|\n|poke|p2|Great Tusk, L50|\n|poke|p2|Torkoal, L50, F|\n|teampreview|4\n|inactive|Battle timer is ON: inactive players will automatically lose when time's up. (requested by bentoboxkiller)\n|inactive|AllTheBilgamesh has 60 seconds left.\n|\n|t:|1683675717\n|start\n|switch|p1a: Garchomp|Garchomp, L50, F|100\/100\n|switch|p1b: Talonflame|Talonflame, L50, F|100\/100\n|switch|p2a: Kerbecs|Hydreigon, L50, M, shiny|100\/100\n|switch|p2b: Chee You|Chi-Yu, L50|100\/100\n|-ability|p2b: Chee You|Beads of Ruin\n|turn|1\n|inactive|AllTheBilgamesh has 30 seconds left.\n|\n|t:|1683675746\n|-terastallize|p2b: Chee You|Grass\n|move|p1b: Talonflame|Brave Bird|p2a: Kerbecs\n|-damage|p2a: Kerbecs|33\/100\n|-damage|p1b: Talonflame|76\/100|[from] Recoil\n|move|p1a: Garchomp|Earthquake|p2b: Chee You|[spread] p2b\n|-immune|p1b: Talonflame\n|-immune|p2a: Kerbecs|[from] ability: Levitate\n|-resisted|p2b: Chee You\n|-damage|p2b: Chee You|65\/100\n|move|p2b: Chee You|Dark Pulse|p1b: Talonflame\n|-damage|p1b: Talonflame|0 fnt\n|faint|p1b: Talonflame\n|-damage|p2b: Chee You|55\/100|[from] item: Life Orb\n|move|p2a: Kerbecs|Tailwind|p2a: Kerbecs\n|-sidestart|p2: AllTheBilgamesh|move: Tailwind\n|\n|upkeep\n|inactive|bentoboxkiller has 30 seconds left.\n|c|\u2606bentoboxkiller|oops forgot about levitate its been so long since i fought a hydra lol\n|\n|t:|1683675778\n|switch|p1b: Chien-Pao|Chien-Pao, L50|100\/100\n|-ability|p1b: Chien-Pao|Sword of Ruin\n|turn|2\n|\n|t:|1683675803\n|switch|p2a: Humbaba|Great Tusk, L50, shiny|100\/100\n|switch|p1a: Scream Tail|Scream Tail, L50|100\/100\n|-enditem|p1a: Scream Tail|Booster Energy\n|-activate|p1a: Scream Tail|ability: Protosynthesis|[fromitem]\n|-start|p1a: Scream Tail|protosynthesisspe\n|move|p1b: Chien-Pao|Protect|p1b: Chien-Pao\n|-singleturn|p1b: Chien-Pao|Protect\n|move|p2b: Chee You|Heat Wave|p1b: Chien-Pao|[spread] p1a\n|-activate|p1b: Chien-Pao|move: Protect\n|-damage|p1a: Scream Tail|57\/100\n|-damage|p2b: Chee You|45\/100|[from] item: Life Orb\n|\n|upkeep\n|turn|3\n|inactive|bentoboxkiller has 30 seconds left.\n|inactive|bentoboxkiller has 20 seconds left.\n|inactive|bentoboxkiller has 15 seconds left.\n|inactive|bentoboxkiller has 10 seconds left.\n|\n|t:|1683675848\n|move|p2b: Chee You|Protect|p2b: Chee You\n|-singleturn|p2b: Chee You|Protect\n|move|p1a: Scream Tail|Protect|p1a: Scream Tail\n|-singleturn|p1a: Scream Tail|Protect\n|move|p1b: Chien-Pao|Sucker Punch||[still]\n|-fail|p1b: Chien-Pao\n|move|p2a: Humbaba|Earthquake|p1b: Chien-Pao|[spread] p1b\n|-activate|p2b: Chee You|move: Protect\n|-activate|p1a: Scream Tail|move: Protect\n|-damage|p1b: Chien-Pao|47\/100\n|\n|upkeep\n|turn|4\n|c|\u2606AllTheBilgamesh|All good bro it happens\n|\n|t:|1683675865\n|switch|p2b: Kerbecs|Hydreigon, L50, M, shiny|33\/100\n|move|p1b: Chien-Pao|Protect|p1b: Chien-Pao\n|-singleturn|p1b: Chien-Pao|Protect\n|move|p2a: Humbaba|Earthquake|p1a: Scream Tail|[spread] p1a\n|-activate|p1b: Chien-Pao|move: Protect\n|-immune|p2b: Kerbecs|[from] ability: Levitate\n|-damage|p1a: Scream Tail|15\/100\n|move|p1a: Scream Tail|Encore||[still]\n|-fail|p1a: Scream Tail\n|\n|-sideend|p2: AllTheBilgamesh|move: Tailwind\n|upkeep\n|turn|5\n|\n|t:|1683675884\n|move|p1a: Scream Tail|Howl|p1a: Scream Tail|[spread] p1a,p1b\n|-boost|p1a: Scream Tail|atk|1\n|-boost|p1b: Chien-Pao|atk|1\n|move|p2a: Humbaba|Earthquake|p1b: Chien-Pao|[spread] p1a,p1b\n|-immune|p2b: Kerbecs|[from] ability: Levitate\n|-damage|p1a: Scream Tail|0 fnt\n|-damage|p1b: Chien-Pao|0 fnt\n|faint|p1a: Scream Tail\n|-end|p1a: Scream Tail|Protosynthesis|[silent]\n|faint|p1b: Chien-Pao\n|move|p2b: Kerbecs|Tailwind|p2b: Kerbecs\n|-sidestart|p2: AllTheBilgamesh|move: Tailwind\n|\n|upkeep\n|\n|t:|1683675893\n|switch|p1b: Garchomp|Garchomp, L50, F|100\/100\n|turn|6\n|\n|t:|1683675910\n|-end|p2a: Humbaba|Protosynthesis|[silent]\n|switch|p2a: Chee You|Chi-Yu, L50, tera:Grass|45\/100\n|-ability|p2a: Chee You|Beads of Ruin\n|-terastallize|p1b: Garchomp|Water\n|move|p2b: Kerbecs|Draco Meteor|p1b: Garchomp\n|-damage|p1b: Garchomp|3\/100\n|-unboost|p2b: Kerbecs|spa|2\n|move|p1b: Garchomp|Liquidation|p2a: Chee You\n|-resisted|p2a: Chee You\n|-damage|p2a: Chee You|9\/100\n|\n|upkeep\n|turn|7\n|c|\u2606bentoboxkiller|gg\n|-message|bentoboxkiller forfeited.\n|\n|win|AllTheBilgamesh\n|raw|bentoboxkiller's rating: 1333 → 1317<\/strong> (-16 for losing)\n|raw|AllTheBilgamesh's rating: 1403 → 1419<\/strong> (+16 for winning)\n|l|\u2606bentoboxkiller\n","uploadtime":1683675931,"views":19,"p1id":"bentoboxkiller","p2id":"allthebilgamesh","formatid":"gen9vgc2023regulationc","rating":1317,"private":0,"password":""}