{"id":"gen9vgc2023regulationc-1851116864","p1":"Fenicotpaul","p2":"gspm02","format":"[Gen 9] VGC 2023 Regulation C","log":"|j|\u2606Fenicotpaul\n|j|\u2606gspm02\n|t:|1682412027\n|gametype|doubles\n|player|p1|Fenicotpaul|riley|1205\n|player|p2|gspm02|169|1313\n|teamsize|p1|6\n|teamsize|p2|6\n|gen|9\n|tier|[Gen 9] VGC 2023 Regulation C\n|rated|\n|rule|Species Clause: Limit one of each Pok\u00e9mon\n|rule|Item Clause: Limit one of each item\n|clearpoke\n|poke|p1|Pelipper, L50, F|\n|poke|p1|Palafin, L50, M|\n|poke|p1|Scizor, L50, F|\n|poke|p1|Salamence, L50, F|\n|poke|p1|Flutter Mane, L50|\n|poke|p1|Rotom-Mow, L50|\n|poke|p2|Iron Hands, L50|\n|poke|p2|Palafin, L50, M|\n|poke|p2|Amoonguss, L50, M|\n|poke|p2|Baxcalibur, L50, F|\n|poke|p2|Flutter Mane, L50|\n|poke|p2|Arcanine, L50, F|\n|teampreview|4\n|inactive|Battle timer is ON: inactive players will automatically lose when time's up. (requested by gspm02)\n|inactive|Fenicotpaul has 60 seconds left.\n|\n|t:|1682412074\n|start\n|switch|p1a: Salamence|Salamence, L50, F|100\/100\n|switch|p1b: Flutter Mane|Flutter Mane, L50|100\/100\n|switch|p2a: Baxcalibur|Baxcalibur, L50, F|100\/100\n|switch|p2b: Palafin|Palafin, L50, M|100\/100\n|-ability|p1a: Salamence|Intimidate|boost\n|-fail|p2a: Baxcalibur|unboost|[from] item: Clear Amulet|[of] p2a: Baxcalibur\n|-unboost|p2b: Palafin|atk|1\n|-enditem|p1b: Flutter Mane|Booster Energy\n|-activate|p1b: Flutter Mane|ability: Protosynthesis|[fromitem]\n|-start|p1b: Flutter Mane|protosynthesisspa\n|turn|1\n|inactive|Fenicotpaul has 30 seconds left.\n|inactive|Fenicotpaul has 20 seconds left.\n|inactive|Fenicotpaul has 15 seconds left.\n|\n|t:|1682412117\n|switch|p1a: Scizor|Scizor, L50, F|100\/100\n|move|p2b: Palafin|Protect|p2b: Palafin\n|-singleturn|p2b: Palafin|Protect\n|move|p2a: Baxcalibur|Protect|p2a: Baxcalibur\n|-singleturn|p2a: Baxcalibur|Protect\n|move|p1b: Flutter Mane|Moonblast|p2a: Baxcalibur\n|-activate|p2a: Baxcalibur|move: Protect\n|\n|upkeep\n|turn|2\n|\n|t:|1682412142\n|detailschange|p2b: Palafin|Palafin-Hero, L50, M\n|switch|p2b: Iron Hands|Iron Hands, L50|100\/100\n|-terastallize|p1b: Flutter Mane|Fairy\n|-terastallize|p2a: Baxcalibur|Poison\n|move|p1b: Flutter Mane|Moonblast|p2b: Iron Hands\n|-supereffective|p2b: Iron Hands\n|-damage|p2b: Iron Hands|0 fnt\n|faint|p2b: Iron Hands\n|-end|p2b: Iron Hands|Quark Drive|[silent]\n|move|p2a: Baxcalibur|Icicle Crash|p1b: Flutter Mane\n|-damage|p1b: Flutter Mane|0 fnt\n|faint|p1b: Flutter Mane\n|-end|p1b: Flutter Mane|Protosynthesis|[silent]\n|move|p1a: Scizor|Iron Head|p2a: Baxcalibur\n|-damage|p2a: Baxcalibur|62\/100\n|\n|upkeep\n|\n|t:|1682412163\n|switch|p1b: Rotom|Rotom-Mow, L50|100\/100\n|switch|p2b: Palafin|Palafin-Hero, L50, M|100\/100\n|-activate|p2b: Palafin|ability: Zero to Hero\n|turn|3\n|\n|t:|1682412191\n|move|p1a: Scizor|Bullet Punch|p2a: Baxcalibur\n|-damage|p2a: Baxcalibur|36\/100\n|move|p2b: Palafin|Wave Crash|p1a: Scizor\n|-damage|p1a: Scizor|12\/100\n|-damage|p2b: Palafin|73\/100|[from] Recoil\n|move|p1b: Rotom|Thunder|p2b: Palafin\n|-supereffective|p2b: Palafin\n|-damage|p2b: Palafin|0 fnt\n|faint|p2b: Palafin\n|move|p2a: Baxcalibur|Icicle Crash|p1b: Rotom\n|-supereffective|p1b: Rotom\n|-damage|p1b: Rotom|0 fnt\n|faint|p1b: Rotom\n|\n|upkeep\n|\n|t:|1682412206\n|switch|p2b: Flutter Mane|Flutter Mane, L50|100\/100\n|switch|p1b: Salamence|Salamence, L50, F|100\/100\n|-ability|p1b: Salamence|Intimidate|boost\n|-fail|p2a: Baxcalibur|unboost|[from] item: Clear Amulet|[of] p2a: Baxcalibur\n|-unboost|p2b: Flutter Mane|atk|1\n|-enditem|p2b: Flutter Mane|Booster Energy\n|-activate|p2b: Flutter Mane|ability: Protosynthesis|[fromitem]\n|-start|p2b: Flutter Mane|protosynthesisspe\n|turn|4\n|\n|t:|1682412224\n|move|p2b: Flutter Mane|Protect|p2b: Flutter Mane\n|-singleturn|p2b: Flutter Mane|Protect\n|move|p2a: Baxcalibur|Protect|p2a: Baxcalibur\n|-singleturn|p2a: Baxcalibur|Protect\n|move|p1a: Scizor|Bullet Punch|p2b: Flutter Mane\n|-activate|p2b: Flutter Mane|move: Protect\n|move|p1b: Salamence|Draco Meteor|p2a: Baxcalibur\n|-activate|p2a: Baxcalibur|move: Protect\n|\n|upkeep\n|turn|5\n|\n|t:|1682412240\n|move|p2a: Baxcalibur|Ice Shard|p1a: Scizor\n|-resisted|p1a: Scizor\n|-damage|p1a: Scizor|3\/100\n|move|p1a: Scizor|Bullet Punch|p2b: Flutter Mane\n|-supereffective|p2b: Flutter Mane\n|-damage|p2b: Flutter Mane|0 fnt\n|faint|p2b: Flutter Mane\n|-end|p2b: Flutter Mane|Protosynthesis|[silent]\n|move|p1b: Salamence|Draco Meteor|p2a: Baxcalibur\n|-damage|p2a: Baxcalibur|0 fnt\n|-unboost|p1b: Salamence|spa|2\n|faint|p2a: Baxcalibur\n|\n|win|Fenicotpaul\n|raw|Fenicotpaul's rating: 1205 → 1238<\/strong> (+33 for winning)\n|raw|gspm02's rating: 1313 → 1287<\/strong> (-26 for losing)\n|l|\u2606gspm02\n","uploadtime":1682412260,"views":13,"p1id":"fenicotpaul","p2id":"gspm02","formatid":"gen9vgc2023regulationc","rating":1238,"private":0,"password":""}