{"id":"gen9vgc2023regulationc-1858568108","p1":"DuaLipasMicrophone","p2":"Heaven64","format":"[Gen 9] VGC 2023 Regulation C","log":"|j|\u2606DuaLipasMicrophone\n|j|\u2606Heaven64\n|t:|1683326398\n|gametype|doubles\n|player|p1|DuaLipasMicrophone|265|\n|player|p2|Heaven64|leaf-masters|\n|teamsize|p1|6\n|teamsize|p2|6\n|gen|9\n|tier|[Gen 9] VGC 2023 Regulation C\n|rule|Species Clause: Limit one of each Pok\u00e9mon\n|rule|Item Clause: Limit one of each item\n|clearpoke\n|poke|p1|Arcanine, L50, F|\n|poke|p1|Slowbro, L50, M|\n|poke|p1|Chien-Pao, L50|\n|poke|p1|Gogoat, L50, F|\n|poke|p1|Haxorus, L50, M|\n|poke|p1|Kilowattrel, L50, M|\n|poke|p2|Klefki, L50, F|\n|poke|p2|Iron Thorns, L50|\n|poke|p2|Pelipper, L50, F|\n|poke|p2|Krookodile, L50, M|\n|poke|p2|Pincurchin, L50, M|\n|poke|p2|Floatzel, L50, F|\n|teampreview|4\n|c|\u2606DuaLipasMicrophone|g1\n|c|\u2606Heaven64|Good luck and have fun\nDuaLipasMicrophone rejected open team sheets.\n|j| j4ce\n|j| sucabaVGC\n|c|\u2606DuaLipasMicrophone|glhf!\n|\n|t:|1683326530\n|start\n|switch|p1a: Microphone|Gogoat, L50, F|100\/100\n|switch|p1b: Bigger Speaker|Kilowattrel, L50, M|100\/100\n|switch|p2a: Umbrella|Pelipper, L50, F|100\/100\n|switch|p2b: Rhine|Floatzel, L50, F|100\/100\n|-weather|RainDance|[from] ability: Drizzle|[of] p2a: Umbrella\n|turn|1\n|j| Enkidu504\n|\n|t:|1683326606\n|-terastallize|p1a: Microphone|Water\n|move|p1b: Bigger Speaker|Protect|p1b: Bigger Speaker\n|-singleturn|p1b: Bigger Speaker|Protect\n|move|p2b: Rhine|Rock Tomb|p1b: Bigger Speaker\n|-activate|p1b: Bigger Speaker|move: Protect\n|move|p2a: Umbrella|Surf|p1a: Microphone|[spread] p2b,p1a\n|-activate|p1b: Bigger Speaker|move: Protect\n|-resisted|p2b: Rhine\n|-resisted|p1a: Microphone\n|-damage|p2b: Rhine|63\/100\n|-damage|p1a: Microphone|83\/100\n|move|p1a: Microphone|Horn Leech|p2b: Rhine\n|-supereffective|p2b: Rhine\n|-crit|p2b: Rhine\n|-damage|p2b: Rhine|0 fnt\n|-heal|p1a: Microphone|100\/100|[from] drain|[of] p2b: Rhine\n|faint|p2b: Rhine\n|\n|-weather|RainDance|[upkeep]\n|upkeep\n|\n|t:|1683326657\n|switch|p2b: Shinra|Iron Thorns, L50|100\/100\n|turn|2\n|\n|t:|1683326760\n|switch|p2a: Dexter|Pincurchin, L50, M|100\/100\n|-fieldstart|move: Electric Terrain|[from] ability: Electric Surge|[of] p2a: Dexter\n|-activate|p2b: Shinra|ability: Quark Drive\n|-start|p2b: Shinra|quarkdriveatk\n|-terastallize|p2b: Shinra|Water\n|move|p1b: Bigger Speaker|Tailwind|p1b: Bigger Speaker\n|-sidestart|p1: DuaLipasMicrophone|move: Tailwind\n|-start|p1b: Bigger Speaker|Charge|Tailwind|[from] ability: Wind Power\n|move|p1a: Microphone|Horn Leech|p2b: Shinra\n|-supereffective|p2b: Shinra\n|-damage|p2b: Shinra|44\/100\n|move|p2b: Shinra|Wild Charge|p1a: Microphone\n|-supereffective|p1a: Microphone\n|-damage|p1a: Microphone|0 fnt\n|faint|p1a: Microphone\n|-damage|p2b: Shinra|16\/100|[from] Recoil\n|\n|-weather|RainDance|[upkeep]\n|upkeep\n|j| smsy\n|\n|t:|1683326811\n|switch|p1a: Mic|Chien-Pao, L50|100\/100\n|-ability|p1a: Mic|Sword of Ruin\n|turn|3\n|\n|t:|1683326874\n|move|p1a: Mic|Protect|p1a: Mic\n|-singleturn|p1a: Mic|Protect\n|move|p2b: Shinra|Protect|p2b: Shinra\n|-singleturn|p2b: Shinra|Protect\n|move|p2a: Dexter|Protect|p2a: Dexter\n|-singleturn|p2a: Dexter|Protect\n|move|p1b: Bigger Speaker|Hurricane|p2b: Shinra\n|-activate|p2b: Shinra|move: Protect\n|\n|-weather|RainDance|[upkeep]\n|upkeep\n|turn|4\n|j| BBRAFF\n|\n|t:|1683326928\n|move|p2b: Shinra|Protect||[still]\n|-fail|p2b: Shinra\n|move|p1a: Mic|Ice Spinner|p2a: Dexter\n|-damage|p2a: Dexter|22\/100\n|-fieldend|move: Electric Terrain\n|-end|p2b: Shinra|Quark Drive\n|-damage|p1a: Mic|91\/100|[from] item: Life Orb\n|move|p1b: Bigger Speaker|Hurricane|p2b: Shinra\n|-damage|p2b: Shinra|0 fnt\n|faint|p2b: Shinra\n|-end|p2b: Shinra|Quark Drive|[silent]\n|move|p2a: Dexter|Thunder|p1b: Bigger Speaker\n|-damage|p1b: Bigger Speaker|7\/100\n|\n|-weather|RainDance|[upkeep]\n|upkeep\n|\n|t:|1683326944\n|switch|p2b: Umbrella|Pelipper, L50, F|100\/100\n|turn|5\n|\n|t:|1683326986\n|move|p2a: Dexter|Sucker Punch|p1b: Bigger Speaker\n|-damage|p1b: Bigger Speaker|0 fnt\n|faint|p1b: Bigger Speaker\n|move|p1a: Mic|Ice Spinner|p2a: Dexter\n|-damage|p2a: Dexter|0 fnt\n|faint|p2a: Dexter\n|-damage|p1a: Mic|82\/100|[from] item: Life Orb\n|move|p2b: Umbrella|Hydro Pump|p1a: Mic|[miss]\n|-miss|p2b: Umbrella|p1a: Mic\n|\n|-weather|none\n|-sideend|p1: DuaLipasMicrophone|move: Tailwind\n|upkeep\n|l| BBRAFF\n|c|\u2606Heaven64|gg\n|\n|t:|1683326997\n|switch|p1b: Mic stand|Slowbro, L50, M|100\/100\n|turn|6\n|\n|t:|1683327030\n|move|p2b: Umbrella|Hydro Pump|p1a: Mic\n|-damage|p1a: Mic|14\/100\n|move|p1a: Mic|Ice Spinner|p2b: Umbrella\n|-crit|p2b: Umbrella\n|-damage|p2b: Umbrella|0 fnt\n|faint|p2b: Umbrella\n|-damage|p1a: Mic|4\/100|[from] item: Life Orb\n|\n|win|DuaLipasMicrophone\n|c|\u2606DuaLipasMicrophone|gg\n|l| smsy\n|l| Enkidu504\n|l| sucabaVGC\n|j| BBRAFF\n|l| BBRAFF\n|l| j4ce\n|j| Haxxson\n|l| Haxxson\n","uploadtime":1683328731,"views":18,"p1id":"dualipasmicrophone","p2id":"heaven64","formatid":"gen9vgc2023regulationc","rating":0,"private":0,"password":""}