{"id":"gen9vgc2023regulationc-1854645402","p1":"NickNoName","p2":"Ethanr2000","format":"[Gen 9] VGC 2023 Regulation C","log":"|j|\u2606NickNoName\n|j|\u2606Ethanr2000\n|t:|1682842454\n|gametype|doubles\n|player|p1|NickNoName|2|1095\n|player|p2|Ethanr2000|ethan|1123\n|teamsize|p1|6\n|teamsize|p2|6\n|gen|9\n|tier|[Gen 9] VGC 2023 Regulation C\n|rated|\n|rule|Species Clause: Limit one of each Pok\u00e9mon\n|rule|Item Clause: Limit one of each item\n|clearpoke\n|poke|p1|Iron Valiant, L50|\n|poke|p1|Annihilape, L50, M|\n|poke|p1|Scream Tail, L50|\n|poke|p1|Garganacl, L50, F|\n|poke|p1|Maushold-Four, L50|\n|poke|p1|Fletchling, L50, M|\n|poke|p2|Maushold-Four, L50|\n|poke|p2|Arcanine, L50, M|\n|poke|p2|Flutter Mane, L50|\n|poke|p2|Palafin, L50, F|\n|poke|p2|Kingambit, L50, F|\n|poke|p2|Amoonguss, L50, F|\n|teampreview|4\n|inactive|Battle timer is ON: inactive players will automatically lose when time's up. (requested by Ethanr2000)\n|\n|t:|1682842473\n|start\n|switch|p1a: Garganacl|Garganacl, L50, F|100\/100\n|switch|p1b: Maushold|Maushold-Four, L50|100\/100\n|switch|p2a: Maushold|Maushold-Four, L50|100\/100\n|switch|p2b: Arcanine|Arcanine, L50, M|100\/100\n|turn|1\n|\n|t:|1682842485\n|-terastallize|p1a: Garganacl|Normal\n|move|p2a: Maushold|Beat Up|p2b: Arcanine\n|-damage|p2b: Arcanine|98\/100\n|-ability|p2b: Arcanine|Justified|boost\n|-boost|p2b: Arcanine|atk|1\n|-damage|p2b: Arcanine|96\/100\n|-ability|p2b: Arcanine|Justified|boost\n|-boost|p2b: Arcanine|atk|1\n|-damage|p2b: Arcanine|94\/100\n|-ability|p2b: Arcanine|Justified|boost\n|-boost|p2b: Arcanine|atk|1\n|-damage|p2b: Arcanine|92\/100\n|-ability|p2b: Arcanine|Justified|boost\n|-boost|p2b: Arcanine|atk|1\n|-hitcount|p2b: Arcanine|4\n|move|p1b: Maushold|Population Bomb|p2a: Maushold\n|-damage|p2a: Maushold|89\/100\n|-damage|p2a: Maushold|77\/100\n|-damage|p2a: Maushold|66\/100\n|-damage|p2a: Maushold|55\/100\n|-damage|p2a: Maushold|44\/100\n|-damage|p2a: Maushold|32\/100\n|-damage|p2a: Maushold|20\/100\n|-damage|p2a: Maushold|8\/100\n|-damage|p2a: Maushold|0 fnt\n|faint|p2a: Maushold\n|-hitcount|p2: Maushold|9\n|move|p2b: Arcanine|Close Combat|p1a: Garganacl\n|-supereffective|p1a: Garganacl\n|-damage|p1a: Garganacl|0 fnt\n|-unboost|p2b: Arcanine|def|1\n|-unboost|p2b: Arcanine|spd|1\n|faint|p1a: Garganacl\n|\n|upkeep\n|\n|t:|1682842502\n|switch|p2a: Flutter Mane|Flutter Mane, L50|100\/100\n|switch|p1a: Scream Tail|Scream Tail, L50|100\/100\n|-enditem|p2a: Flutter Mane|Booster Energy\n|-activate|p2a: Flutter Mane|ability: Protosynthesis|[fromitem]\n|-start|p2a: Flutter Mane|protosynthesisspe\n|turn|2\n|\n|t:|1682842526\n|move|p2a: Flutter Mane|Shadow Ball|p1a: Scream Tail\n|-supereffective|p1a: Scream Tail\n|-damage|p1a: Scream Tail|36\/100\n|move|p1a: Scream Tail|Perish Song|p1a: Scream Tail\n|-start|p1a: Scream Tail|perish3|[silent]\n|-start|p1b: Maushold|perish3|[silent]\n|-start|p2a: Flutter Mane|perish3|[silent]\n|-start|p2b: Arcanine|perish3|[silent]\n|-fieldactivate|move: Perish Song\n|move|p1b: Maushold|Population Bomb|p2b: Arcanine\n|-damage|p2b: Arcanine|78\/100\n|-damage|p2b: Arcanine|65\/100\n|-damage|p2b: Arcanine|52\/100\n|-damage|p2b: Arcanine|37\/100\n|-damage|p2b: Arcanine|24\/100\n|-damage|p2b: Arcanine|10\/100\n|-damage|p2b: Arcanine|0 fnt\n|faint|p2b: Arcanine\n|-hitcount|p2: Arcanine|7\n|\n|-start|p2a: Flutter Mane|perish3\n|-start|p1a: Scream Tail|perish3\n|-start|p1b: Maushold|perish3\n|upkeep\n|\n|t:|1682842535\n|switch|p2b: Amoonguss|Amoonguss, L50, F|100\/100\n|turn|3\n|inactive|NickNoName has 30 seconds left.\n|\n|t:|1682842563\n|move|p1a: Scream Tail|Protect|p1a: Scream Tail\n|-singleturn|p1a: Scream Tail|Protect\n|move|p2a: Flutter Mane|Shadow Ball|p1a: Scream Tail\n|-activate|p1a: Scream Tail|move: Protect\n|move|p1b: Maushold|Population Bomb|p2b: Amoonguss\n|-damage|p2b: Amoonguss|94\/100\n|-damage|p2b: Amoonguss|87\/100\n|-damage|p2b: Amoonguss|79\/100\n|-damage|p2b: Amoonguss|72\/100\n|-damage|p2b: Amoonguss|65\/100\n|-damage|p2b: Amoonguss|58\/100\n|-damage|p2b: Amoonguss|51\/100\n|-damage|p2b: Amoonguss|44\/100\n|-enditem|p2b: Amoonguss|Sitrus Berry|[eat]\n|-heal|p2b: Amoonguss|69\/100|[from] item: Sitrus Berry\n|-damage|p2b: Amoonguss|62\/100\n|-crit|p2b: Amoonguss\n|-damage|p2b: Amoonguss|50\/100\n|-hitcount|p2b: Amoonguss|10\n|move|p2b: Amoonguss|Spore|p1b: Maushold\n|-status|p1b: Maushold|slp|[from] move: Spore\n|\n|-start|p2a: Flutter Mane|perish2\n|-start|p1b: Maushold|perish2\n|-start|p1a: Scream Tail|perish2\n|upkeep\n|turn|4\n|inactive|NickNoName has 30 seconds left.\n|\n|t:|1682842597\n|move|p2a: Flutter Mane|Shadow Ball|p1a: Scream Tail\n|-supereffective|p1a: Scream Tail\n|-damage|p1a: Scream Tail|0 fnt\n|faint|p1a: Scream Tail\n|-end|p1a: Scream Tail|Protosynthesis|[silent]\n|cant|p1b: Maushold|slp\n|move|p2b: Amoonguss|Clear Smog|p1b: Maushold\n|-damage|p1b: Maushold|80\/100 slp\n|-clearboost|p1b: Maushold\n|\n|-start|p2a: Flutter Mane|perish1\n|-start|p1b: Maushold|perish1\n|upkeep\n|\n|t:|1682842603\n|switch|p1a: Fletchling|Fletchling, L50, M|100\/100\n|turn|5\n|\n|t:|1682842617\n|move|p1a: Fletchling|Protect|p1a: Fletchling\n|-singleturn|p1a: Fletchling|Protect\n|move|p2a: Flutter Mane|Thunderbolt|p1a: Fletchling\n|-activate|p1a: Fletchling|move: Protect\n|cant|p1b: Maushold|slp\n|move|p2b: Amoonguss|Clear Smog|p1a: Fletchling\n|-activate|p1a: Fletchling|move: Protect\n|\n|-start|p2a: Flutter Mane|perish0\n|-start|p1b: Maushold|perish0\n|-status|p1a: Fletchling|tox|[from] item: Toxic Orb\n|faint|p2a: Flutter Mane\n|-end|p2a: Flutter Mane|Protosynthesis|[silent]\n|faint|p1b: Maushold\n|upkeep\n|turn|6\n|\n|t:|1682842633\n|move|p1a: Fletchling|Fly||[still]\n|-prepare|p1a: Fletchling|Fly\n|move|p2b: Amoonguss|Clear Smog|p1a: Fletchling|[miss]\n|-miss|p2b: Amoonguss|p1a: Fletchling\n|\n|-damage|p1a: Fletchling|95\/100 tox|[from] psn\n|upkeep\n|turn|7\n|\n|t:|1682842645\n|move|p1a: Fletchling|Fly|p2b: Amoonguss|[from]lockedmove\n|-supereffective|p2b: Amoonguss\n|-damage|p2b: Amoonguss|19\/100\n|move|p2b: Amoonguss|Clear Smog|p1a: Fletchling\n|-damage|p1a: Fletchling|59\/100 tox\n|-clearboost|p1a: Fletchling\n|\n|-damage|p1a: Fletchling|47\/100 tox|[from] psn\n|upkeep\n|turn|8\n|\n|t:|1682842661\n|-terastallize|p2b: Amoonguss|Water\n|move|p1a: Fletchling|Aerial Ace|p2b: Amoonguss\n|-crit|p2b: Amoonguss\n|-damage|p2b: Amoonguss|2\/100\n|move|p2b: Amoonguss|Clear Smog|p1a: Fletchling\n|-damage|p1a: Fletchling|8\/100 tox\n|-clearboost|p1a: Fletchling\n|\n|-damage|p1a: Fletchling|0 fnt|[from] psn\n|faint|p1a: Fletchling\n|\n|win|Ethanr2000\n|upkeep\n|raw|NickNoName's rating: 1095 → 1073<\/strong> (-22 for losing)\n|raw|Ethanr2000's rating: 1123 → 1146<\/strong> (+23 for winning)\n|l|\u2606NickNoName\n","uploadtime":1682842677,"views":17,"p1id":"nicknoname","p2id":"ethanr2000","formatid":"gen9vgc2023regulationc","rating":1073,"private":0,"password":""}