{"id":"gen9vgc2023regulationc-1849974640","p1":"Esspecialy","p2":"Royalpooppi","format":"[Gen 9] VGC 2023 Regulation C","log":"|j|\u2606Esspecialy\n|j|\u2606Royalpooppi\n|t:|1682273976\n|gametype|doubles\n|player|p1|Esspecialy|burglar|1400\n|player|p2|Royalpooppi|266|1449\n|teamsize|p1|6\n|teamsize|p2|6\n|gen|9\n|tier|[Gen 9] VGC 2023 Regulation C\n|rated|\n|rule|Species Clause: Limit one of each Pok\u00e9mon\n|rule|Item Clause: Limit one of each item\n|clearpoke\n|poke|p1|Wo-Chien, L50|\n|poke|p1|Chi-Yu, L50|\n|poke|p1|Gholdengo, L50|\n|poke|p1|Maushold, L50|\n|poke|p1|Chien-Pao, L50|\n|poke|p1|Dragonite, L50, M|\n|poke|p2|Frosmoth, L50, M|\n|poke|p2|Abomasnow, L50, M|\n|poke|p2|Arcanine, L50, M|\n|poke|p2|Azumarill, L50, F|\n|poke|p2|Chien-Pao, L50|\n|poke|p2|Great Tusk, L50|\n|teampreview|4\n|inactive|Battle timer is ON: inactive players will automatically lose when time's up. (requested by Royalpooppi)\n|\n|t:|1682274010\n|start\n|switch|p1a: Chi-Who?|Chi-Yu, L50|100\/100\n|switch|p1b: Annihilape2|Gholdengo, L50|100\/100\n|switch|p2a: Frosmoth|Frosmoth, L50, M, shiny|100\/100\n|switch|p2b: Abomasnow|Abomasnow, L50, M, shiny|100\/100\n|-ability|p1a: Chi-Who?|Beads of Ruin\n|-weather|Snow|[from] ability: Snow Warning|[of] p2b: Abomasnow\n|turn|1\n|\n|t:|1682274031\n|-terastallize|p2a: Frosmoth|Water\n|move|p2b: Abomasnow|Protect|p2b: Abomasnow\n|-singleturn|p2b: Abomasnow|Protect\n|move|p1a: Chi-Who?|Heat Wave|p2a: Frosmoth|[spread] p2a\n|-activate|p2b: Abomasnow|move: Protect\n|-resisted|p2a: Frosmoth\n|-damage|p2a: Frosmoth|91\/100\n|move|p1b: Annihilape2|Make It Rain|p2a: Frosmoth|[spread] p2a\n|-activate|p2b: Abomasnow|move: Protect\n|-resisted|p2a: Frosmoth\n|-damage|p2a: Frosmoth|75\/100\n|-unboost|p1b: Annihilape2|spa|1\n|-damage|p1b: Annihilape2|91\/100|[from] item: Life Orb\n|move|p2a: Frosmoth|Tera Blast|p1a: Chi-Who?\n|-supereffective|p1a: Chi-Who?\n|-damage|p1a: Chi-Who?|0 fnt\n|faint|p1a: Chi-Who?\n|\n|-weather|Snow|[upkeep]\n|upkeep\n|\n|t:|1682274040\n|switch|p1a: Mausmaus|Maushold, L50|100\/100\n|turn|2\n|\n|t:|1682274053\n|move|p1a: Mausmaus|Population Bomb|p2a: Frosmoth\n|-damage|p2a: Frosmoth|64\/100\n|-damage|p2a: Frosmoth|52\/100\n|-damage|p2a: Frosmoth|41\/100\n|-damage|p2a: Frosmoth|30\/100\n|-damage|p2a: Frosmoth|20\/100\n|-damage|p2a: Frosmoth|8\/100\n|-damage|p2a: Frosmoth|0 fnt\n|faint|p2a: Frosmoth\n|-hitcount|p2: Frosmoth|7\n|move|p1b: Annihilape2|Nasty Plot|p1b: Annihilape2\n|-boost|p1b: Annihilape2|spa|2\n|move|p2b: Abomasnow|Blizzard|p1b: Annihilape2|[spread] p1a,p1b\n|-resisted|p1b: Annihilape2\n|-crit|p1b: Annihilape2\n|-damage|p1a: Mausmaus|46\/100\n|-damage|p1b: Annihilape2|67\/100\n|\n|-weather|Snow|[upkeep]\n|upkeep\n|\n|t:|1682274061\n|switch|p2a: Chien-Pao|Chien-Pao, L50|100\/100\n|-ability|p2a: Chien-Pao|Sword of Ruin\n|turn|3\n|\n|t:|1682274069\n|-terastallize|p1b: Annihilape2|Steel\n|move|p2a: Chien-Pao|Protect|p2a: Chien-Pao\n|-singleturn|p2a: Chien-Pao|Protect\n|move|p1a: Mausmaus|Follow Me|p1a: Mausmaus\n|-singleturn|p1a: Mausmaus|move: Follow Me\n|move|p1b: Annihilape2|Make It Rain|p2a: Chien-Pao|[spread] p2b\n|-activate|p2a: Chien-Pao|move: Protect\n|-supereffective|p2b: Abomasnow\n|-enditem|p2b: Abomasnow|Focus Sash\n|-damage|p2b: Abomasnow|1\/100\n|-unboost|p1b: Annihilape2|spa|1\n|-damage|p1b: Annihilape2|58\/100|[from] item: Life Orb\n|move|p2b: Abomasnow|Blizzard|p1b: Annihilape2|[spread] p1a,p1b\n|-crit|p1a: Mausmaus\n|-resisted|p1b: Annihilape2\n|-damage|p1a: Mausmaus|0 fnt\n|-damage|p1b: Annihilape2|41\/100\n|faint|p1a: Mausmaus\n|\n|-weather|Snow|[upkeep]\n|upkeep\n|\n|t:|1682274074\n|switch|p1a: Chien-Poo|Chien-Pao, L50|100\/100\n|-ability|p1a: Chien-Poo|Sword of Ruin\n|turn|4\n|\n|t:|1682274096\n|move|p1b: Annihilape2|Protect|p1b: Annihilape2\n|-singleturn|p1b: Annihilape2|Protect\n|move|p2a: Chien-Pao|Sucker Punch||[still]\n|-fail|p2a: Chien-Pao\n|move|p1a: Chien-Poo|Ice Spinner|p2b: Abomasnow\n|-damage|p2b: Abomasnow|0 fnt\n|faint|p2b: Abomasnow\n|\n|-weather|Snow|[upkeep]\n|upkeep\n|\n|t:|1682274103\n|switch|p2b: Azumarill|Azumarill, L50, F, shiny|100\/100\n|turn|5\n|\n|t:|1682274110\n|move|p2a: Chien-Pao|Protect|p2a: Chien-Pao\n|-singleturn|p2a: Chien-Pao|Protect\n|move|p1a: Chien-Poo|Sucker Punch||[still]\n|-fail|p1a: Chien-Poo\n|move|p1b: Annihilape2|Shadow Ball|p2b: Azumarill\n|-damage|p2b: Azumarill|36\/100\n|-damage|p1b: Annihilape2|31\/100|[from] item: Life Orb\n|move|p2b: Azumarill|Play Rough|p1a: Chien-Poo\n|-supereffective|p1a: Chien-Poo\n|-enditem|p1a: Chien-Poo|Focus Sash\n|-damage|p1a: Chien-Poo|1\/100\n|-damage|p2b: Azumarill|26\/100|[from] item: Life Orb\n|\n|-weather|none\n|upkeep\n|turn|6\n|\n|t:|1682274129\n|move|p2b: Azumarill|Protect|p2b: Azumarill\n|-singleturn|p2b: Azumarill|Protect\n|move|p1a: Chien-Poo|Sucker Punch|p2a: Chien-Pao\n|-resisted|p2a: Chien-Pao\n|-damage|p2a: Chien-Pao|77\/100\n|move|p2a: Chien-Pao|Sucker Punch|p1b: Annihilape2\n|-damage|p1b: Annihilape2|0 fnt\n|faint|p1b: Annihilape2\n|\n|upkeep\n|turn|7\n|-message|Esspecialy forfeited.\n|\n|win|Royalpooppi\n|raw|Esspecialy's rating: 1400 → 1383<\/strong> (-17 for losing)\n|raw|Royalpooppi's rating: 1449 → 1466<\/strong> (+17 for winning)\n","uploadtime":1682274139,"views":8,"p1id":"esspecialy","p2id":"royalpooppi","formatid":"gen9vgc2023regulationc","rating":1383,"private":0,"password":""}