{"id":"gen9vgc2023regulationc-1848197605","p1":"ppcbrop","p2":"420hhy","format":"[Gen 9] VGC 2023 Regulation C","log":"|j|\u2606ppcbrop\n|j|\u2606420hhy\n|t:|1682041318\n|gametype|doubles\n|player|p1|ppcbrop|169|1093\n|player|p2|420hhy|266|1002\n|teamsize|p1|6\n|teamsize|p2|6\n|gen|9\n|tier|[Gen 9] VGC 2023 Regulation C\n|rated|\n|rule|Species Clause: Limit one of each Pok\u00e9mon\n|rule|Item Clause: Limit one of each item\n|clearpoke\n|poke|p1|Palafin, L50, F|\n|poke|p1|Amoonguss, L50, F|\n|poke|p1|Arcanine, L50, F|\n|poke|p1|Ting-Lu, L50|\n|poke|p1|Flutter Mane, L50|\n|poke|p1|Baxcalibur, L50, M|\n|poke|p2|Torkoal, L50, F|\n|poke|p2|Chi-Yu, L50|\n|poke|p2|Bronzong, L50|\n|poke|p2|Gastrodon, L50, F|\n|poke|p2|Grimmsnarl, L50, M|\n|poke|p2|Skeledirge, L50, M|\n|teampreview|4\n|inactive|Battle timer is ON: inactive players will automatically lose when time's up. (requested by 420hhy)\n|inactive|ppcbrop has 60 seconds left.\n|inactive|ppcbrop has 30 seconds left.\n|\n|t:|1682041399\n|start\n|switch|p1a: Ting-Lu|Ting-Lu, L50|100\/100\n|switch|p1b: Palafin|Palafin, L50, F, shiny|100\/100\n|switch|p2a: Grimmsnarl|Grimmsnarl, L50, M|100\/100\n|switch|p2b: Skeledirge|Skeledirge, L50, M|100\/100\n|-ability|p1a: Ting-Lu|Vessel of Ruin\n|turn|1\n|inactive|ppcbrop has 30 seconds left.\n|\n|t:|1682041425\n|detailschange|p1b: Palafin|Palafin-Hero, L50, F, shiny\n|switch|p1b: Arcanine|Arcanine, L50, F|100\/100\n|-ability|p1b: Arcanine|Intimidate|boost\n|-unboost|p2a: Grimmsnarl|atk|1\n|-unboost|p2b: Skeledirge|atk|1\n|move|p2a: Grimmsnarl|Fake Out|p1a: Ting-Lu\n|-damage|p1a: Ting-Lu|97\/100\n|move|p2b: Skeledirge|Torch Song|p1b: Arcanine\n|-resisted|p1b: Arcanine\n|-damage|p1b: Arcanine|88\/100\n|-boost|p2b: Skeledirge|spa|1\n|cant|p1a: Ting-Lu|flinch\n|\n|-heal|p1a: Ting-Lu|100\/100|[from] item: Leftovers\n|upkeep\n|turn|2\n|\n|t:|1682041441\n|move|p1b: Arcanine|Protect|p1b: Arcanine\n|-singleturn|p1b: Arcanine|Protect\n|move|p2b: Skeledirge|Protect|p2b: Skeledirge\n|-singleturn|p2b: Skeledirge|Protect\n|move|p2a: Grimmsnarl|Trick|p1b: Arcanine\n|-activate|p1b: Arcanine|move: Protect\n|move|p1a: Ting-Lu|Bulldoze|p2a: Grimmsnarl|[spread] p2a\n|-activate|p1b: Arcanine|move: Protect\n|-activate|p2b: Skeledirge|move: Protect\n|-damage|p2a: Grimmsnarl|81\/100\n|-unboost|p2a: Grimmsnarl|spe|1\n|\n|upkeep\n|turn|3\n|inactive|ppcbrop has 30 seconds left.\n|\n|t:|1682041474\n|-terastallize|p2b: Skeledirge|Fairy\n|move|p2a: Grimmsnarl|Trick|p1b: Arcanine\n|-activate|p2a: Grimmsnarl|move: Trick|[of] p1b: Arcanine\n|-item|p1b: Arcanine|Lagging Tail|[from] move: Trick\n|-item|p2a: Grimmsnarl|Safety Goggles|[from] move: Trick\n|move|p1b: Arcanine|Will-O-Wisp|p2a: Grimmsnarl\n|-status|p2a: Grimmsnarl|brn\n|move|p2b: Skeledirge|Encore|p1a: Ting-Lu\n|-start|p1a: Ting-Lu|Encore\n|move|p1a: Ting-Lu|Bulldoze|p2a: Grimmsnarl|[spread] p1b,p2a,p2b\n|-supereffective|p1b: Arcanine\n|-crit|p1b: Arcanine\n|-damage|p1b: Arcanine|32\/100\n|-damage|p2a: Grimmsnarl|63\/100 brn\n|-damage|p2b: Skeledirge|87\/100\n|-unboost|p1b: Arcanine|spe|1\n|-unboost|p2a: Grimmsnarl|spe|1\n|-unboost|p2b: Skeledirge|spe|1\n|\n|-heal|p2b: Skeledirge|93\/100|[from] item: Leftovers\n|-damage|p2a: Grimmsnarl|58\/100 brn|[from] brn\n|upkeep\n|turn|4\n|inactive|ppcbrop has 30 seconds left.\n|inactive|420hhy has 30 seconds left.\n|\n|t:|1682041504\n|switch|p1b: Flutter Mane|Flutter Mane, L50|100\/100\n|switch|p1a: Palafin|Palafin-Hero, L50, F, shiny|100\/100\n|-activate|p1a: Palafin|ability: Zero to Hero\n|switch|p2a: Bronzong|Bronzong, L50|100\/100\n|move|p2b: Skeledirge|Protect||[still]\n|-fail|p2b: Skeledirge\n|\n|-heal|p2b: Skeledirge|99\/100|[from] item: Leftovers\n|upkeep\n|turn|5\n|\n|t:|1682041525\n|switch|p2b: Gastrodon|Gastrodon, L50, F|100\/100\n|move|p1b: Flutter Mane|Shadow Ball|p2a: Bronzong\n|-supereffective|p2a: Bronzong\n|-enditem|p2a: Bronzong|Kasib Berry|[eat]\n|-enditem|p2a: Bronzong|Kasib Berry|[weaken]\n|-damage|p2a: Bronzong|45\/100\n|move|p1a: Palafin|Wave Crash|p2b: Gastrodon\n|-activate|p2b: Gastrodon|ability: Storm Drain\n|-ability|p2b: Gastrodon|Storm Drain|boost\n|-boost|p2b: Gastrodon|spa|1\n|move|p2a: Bronzong|Trick Room|p2a: Bronzong\n|-fieldstart|move: Trick Room|[of] p2a: Bronzong\n|\n|upkeep\n|turn|6\n|\n|t:|1682041545\n|-terastallize|p1a: Palafin|Grass\n|move|p2a: Bronzong|Iron Head|p1b: Flutter Mane\n|-supereffective|p1b: Flutter Mane\n|-damage|p1b: Flutter Mane|0 fnt\n|faint|p1b: Flutter Mane\n|-end|p1b: Flutter Mane|Protosynthesis|[silent]\n|move|p2b: Gastrodon|Earth Power|p1a: Palafin\n|-resisted|p1a: Palafin\n|-damage|p1a: Palafin|78\/100\n|-unboost|p1a: Palafin|spd|1\n|move|p1a: Palafin|Tera Blast|p2b: Gastrodon\n|-supereffective|p2b: Gastrodon\n|-damage|p2b: Gastrodon|0 fnt\n|faint|p2b: Gastrodon\n|\n|upkeep\n|\n|t:|1682041558\n|switch|p2b: Skeledirge|Skeledirge, L50, M, tera:Fairy|99\/100\n|switch|p1b: Arcanine|Arcanine, L50, F|32\/100\n|-ability|p1b: Arcanine|Intimidate|boost\n|-unboost|p2a: Bronzong|atk|1\n|-unboost|p2b: Skeledirge|atk|1\n|turn|7\n|\n|t:|1682041569\n|switch|p1a: Ting-Lu|Ting-Lu, L50|100\/100\n|-ability|p1a: Ting-Lu|Vessel of Ruin\n|move|p2a: Bronzong|Body Press|p1b: Arcanine\n|-damage|p1b: Arcanine|0 fnt\n|faint|p1b: Arcanine\n|move|p2b: Skeledirge|Torch Song|p1a: Ting-Lu\n|-damage|p1a: Ting-Lu|74\/100\n|-boost|p2b: Skeledirge|spa|1\n|\n|-heal|p1a: Ting-Lu|80\/100|[from] item: Leftovers\n|-heal|p2b: Skeledirge|100\/100|[from] item: Leftovers\n|upkeep\n|\n|t:|1682041577\n|switch|p1b: Palafin|Palafin-Hero, L50, F, shiny, tera:Grass|78\/100\n|turn|8\n|\n|t:|1682041590\n|switch|p2a: Grimmsnarl|Grimmsnarl, L50, M|58\/100 brn\n|move|p2b: Skeledirge|Protect|p2b: Skeledirge\n|-singleturn|p2b: Skeledirge|Protect\n|move|p1a: Ting-Lu|Throat Chop|p2a: Grimmsnarl\n|-resisted|p2a: Grimmsnarl\n|-damage|p2a: Grimmsnarl|48\/100 brn\n|-start|p2a: Grimmsnarl|Throat Chop|[silent]\n|move|p1b: Palafin|Wave Crash|p2b: Skeledirge\n|-activate|p2b: Skeledirge|move: Protect\n|\n|-heal|p1a: Ting-Lu|86\/100|[from] item: Leftovers\n|-damage|p2a: Grimmsnarl|42\/100 brn|[from] brn\n|upkeep\n|turn|9\n|inactive|ppcbrop has 30 seconds left.\n|\n|t:|1682041618\n|move|p2a: Grimmsnarl|Fake Out|p1a: Ting-Lu\n|-damage|p1a: Ting-Lu|83\/100\n|cant|p1a: Ting-Lu|flinch\n|move|p2b: Skeledirge|Torch Song|p1b: Palafin\n|-supereffective|p1b: Palafin\n|-damage|p1b: Palafin|0 fnt\n|-boost|p2b: Skeledirge|spa|1\n|faint|p1b: Palafin\n|\n|-heal|p1a: Ting-Lu|89\/100|[from] item: Leftovers\n|-damage|p2a: Grimmsnarl|37\/100 brn|[from] brn\n|-end|p2a: Grimmsnarl|Throat Chop|[silent]\n|-fieldend|move: Trick Room\n|upkeep\n|turn|10\n|-message|ppcbrop forfeited.\n|\n|win|420hhy\n|raw|ppcbrop's rating: 1093 → 1066<\/strong> (-27 for losing)\n|raw|420hhy's rating: 1046 → 1084<\/strong> (+38 for winning)\n|l|\u2606ppcbrop\n","uploadtime":1682041633,"views":12,"p1id":"ppcbrop","p2id":"420hhy","formatid":"gen9vgc2023regulationc","rating":1066,"private":0,"password":""}