{"id":"gen9vgc2023regulationc-1847487502","p1":"vvJuice","p2":"MagierinSchnee","format":"[Gen 9] VGC 2023 Regulation C","log":"|j|\u2606vvJuice\n|j|\u2606MagierinSchnee\n|t:|1681961353\n|gametype|doubles\n|player|p1|vvJuice|1|1163\n|player|p2|MagierinSchnee|swimmerf|1072\n|teamsize|p1|6\n|teamsize|p2|6\n|gen|9\n|tier|[Gen 9] VGC 2023 Regulation C\n|rated|\n|rule|Species Clause: Limit one of each Pok\u00e9mon\n|rule|Item Clause: Limit one of each item\n|clearpoke\n|poke|p1|Arcanine, L50, M|\n|poke|p1|Wo-Chien, L50|\n|poke|p1|Grimmsnarl, L50, M|\n|poke|p1|Rotom-Wash, L50|\n|poke|p1|Iron Hands, L50|\n|poke|p1|Great Tusk, L50|\n|poke|p2|Eelektross, L50, M|\n|poke|p2|Garchomp, L50, M|\n|poke|p2|Tyranitar, L50, F|\n|poke|p2|Mimikyu, L50, F|\n|poke|p2|Corviknight, L50, F|\n|poke|p2|Arcanine, L50, M|\n|teampreview|4\n|\n|t:|1681961386\n|start\n|switch|p1a: Grimmsnarl|Grimmsnarl, L50, M|100\/100\n|switch|p1b: Arcanine|Arcanine, L50, M|100\/100\n|switch|p2a: Corviknight|Corviknight, L50, F|100\/100\n|switch|p2b: Mimikyu|Mimikyu, L50, F|100\/100\n|-ability|p1b: Arcanine|Intimidate|boost\n|-ability|p2a: Corviknight|Mirror Armor\n|-unboost|p1b: Arcanine|atk|1\n|-unboost|p2b: Mimikyu|atk|1\n|turn|1\n|\n|t:|1681961413\n|-terastallize|p2a: Corviknight|Fighting\n|move|p1a: Grimmsnarl|Reflect|p1a: Grimmsnarl\n|-sidestart|p1: vvJuice|Reflect\n|move|p2b: Mimikyu|Will-O-Wisp|p1a: Grimmsnarl|[miss]\n|-miss|p2b: Mimikyu|p1a: Grimmsnarl\n|move|p1b: Arcanine|Will-O-Wisp|p2a: Corviknight\n|-status|p2a: Corviknight|brn\n|move|p2a: Corviknight|Bulk Up|p2a: Corviknight\n|-boost|p2a: Corviknight|atk|1\n|-boost|p2a: Corviknight|def|1\n|\n|-damage|p2a: Corviknight|95\/100 brn|[from] brn\n|upkeep\n|turn|2\n|\n|t:|1681961442\n|move|p2b: Mimikyu|Will-O-Wisp|p1a: Grimmsnarl\n|-status|p1a: Grimmsnarl|brn\n|move|p1b: Arcanine|Flare Blitz|p2a: Corviknight\n|-damage|p2a: Corviknight|71\/100 brn\n|-damage|p1b: Arcanine|92\/100|[from] Recoil\n|move|p2a: Corviknight|Bulk Up|p2a: Corviknight\n|-boost|p2a: Corviknight|atk|1\n|-boost|p2a: Corviknight|def|1\n|move|p1a: Grimmsnarl|Spirit Break|p2a: Corviknight\n|-supereffective|p2a: Corviknight\n|-damage|p2a: Corviknight|58\/100 brn\n|-ability|p2a: Corviknight|Mirror Armor\n|-unboost|p1a: Grimmsnarl|spa|1\n|\n|-damage|p2a: Corviknight|52\/100 brn|[from] brn\n|-damage|p1a: Grimmsnarl|95\/100 brn|[from] brn\n|upkeep\n|turn|3\n|\n|t:|1681961476\n|switch|p2b: Arcanine|Arcanine, L50, M|100\/100\n|-ability|p2b: Arcanine|Intimidate|boost\n|-unboost|p1a: Grimmsnarl|atk|1\n|-unboost|p1b: Arcanine|atk|1\n|switch|p1b: Wo-Chien|Wo-Chien, L50|100\/100\n|-ability|p1b: Wo-Chien|Tablets of Ruin\n|move|p1a: Grimmsnarl|Taunt|p2a: Corviknight\n|-start|p2a: Corviknight|move: Taunt\n|cant|p2a: Corviknight|move: Taunt|Roost\n|\n|-damage|p2a: Corviknight|46\/100 brn|[from] brn\n|-damage|p1a: Grimmsnarl|89\/100 brn|[from] brn\n|upkeep\n|-enditem|p2a: Corviknight|Sitrus Berry|[eat]\n|-heal|p2a: Corviknight|71\/100 brn|[from] item: Sitrus Berry\n|turn|4\n|\n|t:|1681961524\n|switch|p2b: Mimikyu|Mimikyu, L50, F|100\/100\n|switch|p1a: Great Tusk|Great Tusk, L50|100\/100\n|-enditem|p1a: Great Tusk|Booster Energy\n|-activate|p1a: Great Tusk|ability: Protosynthesis|[fromitem]\n|-start|p1a: Great Tusk|protosynthesisatk\n|-terastallize|p1b: Wo-Chien|Fairy\n|move|p1b: Wo-Chien|Leech Seed|p2a: Corviknight\n|-start|p2a: Corviknight|move: Leech Seed\n|move|p2a: Corviknight|Body Press|p1b: Wo-Chien\n|-resisted|p1b: Wo-Chien\n|-damage|p1b: Wo-Chien|95\/100\n|\n|-heal|p1b: Wo-Chien|100\/100|[from] item: Leftovers\n|-damage|p2a: Corviknight|59\/100 brn|[from] Leech Seed|[of] p1b: Wo-Chien\n|-damage|p2a: Corviknight|53\/100 brn|[from] brn\n|upkeep\n|turn|5\n|\n|t:|1681961578\n|move|p1b: Wo-Chien|Protect|p1b: Wo-Chien\n|-singleturn|p1b: Wo-Chien|Protect\n|move|p2b: Mimikyu|Will-O-Wisp|p1a: Great Tusk\n|-status|p1a: Great Tusk|brn\n|move|p1a: Great Tusk|Headlong Rush|p2a: Corviknight\n|-damage|p2a: Corviknight|39\/100 brn\n|-unboost|p1a: Great Tusk|def|1\n|-unboost|p1a: Great Tusk|spd|1\n|move|p2a: Corviknight|Brave Bird|p1b: Wo-Chien\n|-activate|p1b: Wo-Chien|move: Protect\n|\n|-damage|p2a: Corviknight|26\/100 brn|[from] Leech Seed|[of] p1b: Wo-Chien\n|-damage|p1a: Great Tusk|95\/100 brn|[from] brn\n|-damage|p2a: Corviknight|20\/100 brn|[from] brn\n|-end|p2a: Corviknight|move: Taunt\n|upkeep\n|turn|6\n|\n|t:|1681961621\n|switch|p2b: Arcanine|Arcanine, L50, M|100\/100\n|-ability|p2b: Arcanine|Intimidate|boost\n|-unboost|p1a: Great Tusk|atk|1\n|-unboost|p1b: Wo-Chien|atk|1\n|move|p1a: Great Tusk|Close Combat|p2a: Corviknight\n|-damage|p2a: Corviknight|12\/100 brn\n|-unboost|p1a: Great Tusk|def|1\n|-unboost|p1a: Great Tusk|spd|1\n|move|p1b: Wo-Chien|Pollen Puff|p2a: Corviknight\n|-resisted|p2a: Corviknight\n|-damage|p2a: Corviknight|3\/100 brn\n|move|p2a: Corviknight|Roost|p2a: Corviknight\n|-heal|p2a: Corviknight|54\/100 brn\n|\n|-damage|p2a: Corviknight|41\/100 brn|[from] Leech Seed|[of] p1b: Wo-Chien\n|-damage|p1a: Great Tusk|89\/100 brn|[from] brn\n|-damage|p2a: Corviknight|36\/100 brn|[from] brn\n|upkeep\n|turn|7\n|\n|t:|1681961649\n|switch|p1b: Grimmsnarl|Grimmsnarl, L50, M|89\/100 brn\n|move|p1a: Great Tusk|Protect|p1a: Great Tusk\n|-singleturn|p1a: Great Tusk|Protect\n|move|p2b: Arcanine|Flare Blitz|p1a: Great Tusk\n|-activate|p1a: Great Tusk|move: Protect\n|move|p2a: Corviknight|Roost|p2a: Corviknight\n|-heal|p2a: Corviknight|86\/100 brn\n|\n|-damage|p2a: Corviknight|74\/100 brn|[from] Leech Seed|[of] p1b: Grimmsnarl\n|-heal|p1b: Grimmsnarl|100\/100 brn|[silent]\n|-damage|p1a: Great Tusk|83\/100 brn|[from] brn\n|-damage|p2a: Corviknight|68\/100 brn|[from] brn\n|-damage|p1b: Grimmsnarl|95\/100 brn|[from] brn\n|upkeep\n|turn|8\n|\n|t:|1681961683\n|-end|p1a: Great Tusk|Protosynthesis|[silent]\n|switch|p1a: Arcanine|Arcanine, L50, M|92\/100\n|-ability|p1a: Arcanine|Intimidate|boost\n|-ability|p2a: Corviknight|Mirror Armor\n|-unboost|p1a: Arcanine|atk|1\n|-unboost|p2b: Arcanine|atk|1\n|move|p1b: Grimmsnarl|Taunt|p2a: Corviknight\n|-start|p2a: Corviknight|move: Taunt\n|move|p2b: Arcanine|Flare Blitz|p1a: Arcanine\n|-resisted|p1a: Arcanine\n|-damage|p1a: Arcanine|79\/100\n|-damage|p2b: Arcanine|96\/100|[from] Recoil\n|move|p2a: Corviknight|Brave Bird|p1b: Grimmsnarl\n|-damage|p1b: Grimmsnarl|63\/100 brn\n|-damage|p2a: Corviknight|58\/100 brn|[from] Recoil\n|\n|-damage|p2a: Corviknight|45\/100 brn|[from] Leech Seed|[of] p1b: Grimmsnarl\n|-heal|p1b: Grimmsnarl|75\/100 brn|[silent]\n|-damage|p2a: Corviknight|40\/100 brn|[from] brn\n|-damage|p1b: Grimmsnarl|69\/100 brn|[from] brn\n|-sideend|p1: vvJuice|Reflect\n|upkeep\n|turn|9\n|\n|t:|1681961720\n|move|p1a: Arcanine|Protect|p1a: Arcanine\n|-singleturn|p1a: Arcanine|Protect\n|move|p1b: Grimmsnarl|Reflect|p1b: Grimmsnarl\n|-sidestart|p1: vvJuice|Reflect\n|move|p2b: Arcanine|Flare Blitz|p1b: Grimmsnarl\n|-crit|p1b: Grimmsnarl\n|-damage|p1b: Grimmsnarl|0 fnt\n|faint|p1b: Grimmsnarl\n|-damage|p2b: Arcanine|72\/100|[from] Recoil\n|move|p2a: Corviknight|Body Press|p1a: Arcanine\n|-activate|p1a: Arcanine|move: Protect\n|\n|-damage|p2a: Corviknight|34\/100 brn|[from] brn\n|upkeep\n|\n|t:|1681961740\n|switch|p1b: Great Tusk|Great Tusk, L50|83\/100 brn\n|turn|10\n|\n|t:|1681961752\n|move|p2b: Arcanine|Protect|p2b: Arcanine\n|-singleturn|p2b: Arcanine|Protect\n|move|p1a: Arcanine|Flare Blitz|p2a: Corviknight\n|-damage|p2a: Corviknight|17\/100 brn\n|-damage|p1a: Arcanine|74\/100|[from] Recoil\n|move|p1b: Great Tusk|Headlong Rush|p2a: Corviknight\n|-damage|p2a: Corviknight|4\/100 brn\n|-unboost|p1b: Great Tusk|def|1\n|-unboost|p1b: Great Tusk|spd|1\n|move|p2a: Corviknight|Body Press|p1a: Arcanine\n|-damage|p1a: Arcanine|53\/100\n|\n|-damage|p2a: Corviknight|0 fnt|[from] Leech Seed|[of] p1b: Great Tusk\n|-heal|p1b: Great Tusk|86\/100 brn|[silent]\n|faint|p2a: Corviknight\n|-damage|p1b: Great Tusk|80\/100 brn|[from] brn\n|upkeep\n|\n|t:|1681961773\n|switch|p2a: Eelektross|Eelektross, L50, M|100\/100\n|turn|11\n|\n|t:|1681961790\n|switch|p2b: Mimikyu|Mimikyu, L50, F|100\/100\n|switch|p1a: Wo-Chien|Wo-Chien, L50, tera:Fairy|100\/100\n|-ability|p1a: Wo-Chien|Tablets of Ruin\n|move|p1b: Great Tusk|Rock Slide|p2a: Eelektross|[spread] p2a,p2b\n|-damage|p2a: Eelektross|92\/100\n|-activate|p2b: Mimikyu|ability: Disguise\n|-damage|p2b: Mimikyu|100\/100\n|detailschange|p2b: Mimikyu|Mimikyu-Busted, L50, F\n|-damage|p2b: Mimikyu|88\/100|[from] pokemon: Mimikyu-Busted\n|move|p2a: Eelektross|Grass Knot|p1b: Great Tusk\n|-supereffective|p1b: Great Tusk\n|-damage|p1b: Great Tusk|0 fnt\n|faint|p1b: Great Tusk\n|-end|p1b: Great Tusk|Protosynthesis|[silent]\n|\n|upkeep\n|\n|t:|1681961806\n|switch|p1b: Arcanine|Arcanine, L50, M|53\/100\n|-ability|p1b: Arcanine|Intimidate|boost\n|-unboost|p2a: Eelektross|atk|1\n|-unboost|p2b: Mimikyu|atk|1\n|turn|12\n|\n|t:|1681961815\n|switch|p2b: Arcanine|Arcanine, L50, M|72\/100\n|-ability|p2b: Arcanine|Intimidate|boost\n|-unboost|p1a: Wo-Chien|atk|1\n|-unboost|p1b: Arcanine|atk|1\n|move|p1a: Wo-Chien|Protect|p1a: Wo-Chien\n|-singleturn|p1a: Wo-Chien|Protect\n|move|p1b: Arcanine|Will-O-Wisp|p2b: Arcanine\n|-immune|p2b: Arcanine\n|move|p2a: Eelektross|Flash Cannon|p1a: Wo-Chien\n|-activate|p1a: Wo-Chien|move: Protect\n|\n|upkeep\n|turn|13\n|\n|t:|1681961832\n|switch|p2b: Mimikyu|Mimikyu-Busted, L50, F|88\/100\n|move|p1b: Arcanine|Will-O-Wisp|p2a: Eelektross\n|-status|p2a: Eelektross|brn\n|move|p1a: Wo-Chien|Leech Seed|p2a: Eelektross\n|-start|p2a: Eelektross|move: Leech Seed\n|move|p2a: Eelektross|Flash Cannon|p1a: Wo-Chien\n|-supereffective|p1a: Wo-Chien\n|-damage|p1a: Wo-Chien|70\/100\n|\n|-heal|p1a: Wo-Chien|77\/100|[from] item: Leftovers\n|-damage|p2a: Eelektross|80\/100 brn|[from] Leech Seed|[of] p1a: Wo-Chien\n|-heal|p1a: Wo-Chien|89\/100|[silent]\n|-damage|p2a: Eelektross|74\/100 brn|[from] brn\n|upkeep\n|turn|14\n|\n|t:|1681961860\n|switch|p2a: Arcanine|Arcanine, L50, M|72\/100\n|-ability|p2a: Arcanine|Intimidate|boost\n|-unboost|p1a: Wo-Chien|atk|1\n|-unboost|p1b: Arcanine|atk|1\n|move|p1a: Wo-Chien|Protect|p1a: Wo-Chien\n|-singleturn|p1a: Wo-Chien|Protect\n|move|p2b: Mimikyu|Shadow Sneak|p1b: Arcanine\n|-damage|p1b: Arcanine|40\/100\n|-enditem|p1b: Arcanine|Sitrus Berry|[eat]\n|-heal|p1b: Arcanine|64\/100|[from] item: Sitrus Berry\n|-damage|p2b: Mimikyu|78\/100|[from] item: Life Orb\n|move|p1b: Arcanine|Flare Blitz|p2a: Arcanine\n|-resisted|p2a: Arcanine\n|-damage|p2a: Arcanine|60\/100\n|-damage|p1b: Arcanine|60\/100|[from] Recoil\n|\n|-heal|p1a: Wo-Chien|95\/100|[from] item: Leftovers\n|upkeep\n|turn|15\n|\n|t:|1681961891\n|move|p2a: Arcanine|Extreme Speed|p1b: Arcanine\n|-damage|p1b: Arcanine|46\/100\n|move|p2b: Mimikyu|Will-O-Wisp|p1a: Wo-Chien\n|-status|p1a: Wo-Chien|brn\n|move|p1b: Arcanine|Will-O-Wisp|p2b: Mimikyu\n|-status|p2b: Mimikyu|brn\n|move|p1a: Wo-Chien|Knock Off|p2b: Mimikyu\n|-damage|p2b: Mimikyu|70\/100 brn\n|-enditem|p2b: Mimikyu|Life Orb|[from] move: Knock Off|[of] p1a: Wo-Chien\n|\n|-heal|p1a: Wo-Chien|100\/100 brn|[from] item: Leftovers\n|-damage|p2b: Mimikyu|64\/100 brn|[from] brn\n|-damage|p1a: Wo-Chien|94\/100 brn|[from] brn\n|upkeep\n|turn|16\n|\n|t:|1681961920\n|move|p2b: Mimikyu|Shadow Sneak|p1b: Arcanine\n|-damage|p1b: Arcanine|41\/100\n|move|p2a: Arcanine|Flare Blitz|p1a: Wo-Chien\n|-damage|p1a: Wo-Chien|69\/100 brn\n|-damage|p2a: Arcanine|52\/100|[from] Recoil\n|move|p1b: Arcanine|Flare Blitz|p2b: Mimikyu\n|-damage|p2b: Mimikyu|34\/100 brn\n|-damage|p1b: Arcanine|33\/100|[from] Recoil\n|move|p1a: Wo-Chien|Pollen Puff|p2b: Mimikyu\n|-resisted|p2b: Mimikyu\n|-damage|p2b: Mimikyu|30\/100 brn\n|\n|-heal|p1a: Wo-Chien|75\/100 brn|[from] item: Leftovers\n|-damage|p2b: Mimikyu|23\/100 brn|[from] brn\n|-damage|p1a: Wo-Chien|69\/100 brn|[from] brn\n|-sideend|p1: vvJuice|Reflect\n|upkeep\n|turn|17\n|\n|t:|1681961942\n|move|p2a: Arcanine|Extreme Speed|p1b: Arcanine\n|-damage|p1b: Arcanine|11\/100\n|move|p2b: Mimikyu|Shadow Sneak|p1b: Arcanine\n|-damage|p1b: Arcanine|4\/100\n|move|p1b: Arcanine|Flare Blitz|p2b: Mimikyu\n|-damage|p2b: Mimikyu|0 fnt\n|faint|p2b: Mimikyu\n|-damage|p1b: Arcanine|0 fnt|[from] Recoil\n|faint|p1b: Arcanine\n|move|p1a: Wo-Chien|Leech Seed|p2a: Arcanine\n|-start|p2a: Arcanine|move: Leech Seed\n|\n|-heal|p1a: Wo-Chien|75\/100 brn|[from] item: Leftovers\n|-damage|p2a: Arcanine|39\/100|[from] Leech Seed|[of] p1a: Wo-Chien\n|-heal|p1a: Wo-Chien|88\/100 brn|[silent]\n|-damage|p1a: Wo-Chien|82\/100 brn|[from] brn\n|upkeep\n|\n|t:|1681961960\n|switch|p2b: Eelektross|Eelektross, L50, M|74\/100 brn\n|turn|18\n|\n|t:|1681961966\n|move|p2a: Arcanine|Flare Blitz|p1a: Wo-Chien\n|-damage|p1a: Wo-Chien|47\/100 brn\n|-damage|p2a: Arcanine|28\/100|[from] Recoil\n|move|p1a: Wo-Chien|Leech Seed|p2b: Eelektross\n|-start|p2b: Eelektross|move: Leech Seed\n|move|p2b: Eelektross|Flash Cannon|p1a: Wo-Chien\n|-supereffective|p1a: Wo-Chien\n|-damage|p1a: Wo-Chien|17\/100 brn\n|\n|-heal|p1a: Wo-Chien|23\/100 brn|[from] item: Leftovers\n|-damage|p2a: Arcanine|16\/100|[from] Leech Seed|[of] p1a: Wo-Chien\n|-heal|p1a: Wo-Chien|36\/100 brn|[silent]\n|-damage|p2b: Eelektross|62\/100 brn|[from] Leech Seed|[of] p1a: Wo-Chien\n|-heal|p1a: Wo-Chien|48\/100 brn|[silent]\n|-damage|p1a: Wo-Chien|42\/100 brn|[from] brn\n|-damage|p2b: Eelektross|56\/100 brn|[from] brn\n|upkeep\n|-enditem|p2a: Arcanine|Aguav Berry|[eat]\n|-heal|p2a: Arcanine|49\/100|[from] item: Aguav Berry\n|turn|19\n|\n|t:|1681961988\n|move|p1a: Wo-Chien|Protect|p1a: Wo-Chien\n|-singleturn|p1a: Wo-Chien|Protect\n|move|p2a: Arcanine|Flare Blitz|p1a: Wo-Chien\n|-activate|p1a: Wo-Chien|move: Protect\n|move|p2b: Eelektross|Flash Cannon|p1a: Wo-Chien\n|-activate|p1a: Wo-Chien|move: Protect\n|\n|-heal|p1a: Wo-Chien|48\/100 brn|[from] item: Leftovers\n|-damage|p2a: Arcanine|37\/100|[from] Leech Seed|[of] p1a: Wo-Chien\n|-heal|p1a: Wo-Chien|60\/100 brn|[silent]\n|-damage|p2b: Eelektross|44\/100 brn|[from] Leech Seed|[of] p1a: Wo-Chien\n|-heal|p1a: Wo-Chien|72\/100 brn|[silent]\n|-damage|p1a: Wo-Chien|66\/100 brn|[from] brn\n|-damage|p2b: Eelektross|38\/100 brn|[from] brn\n|upkeep\n|turn|20\n|\n|t:|1681962018\n|move|p1a: Wo-Chien|Protect|p1a: Wo-Chien\n|-singleturn|p1a: Wo-Chien|Protect\n|move|p2a: Arcanine|Flare Blitz|p1a: Wo-Chien\n|-activate|p1a: Wo-Chien|move: Protect\n|move|p2b: Eelektross|Flash Cannon|p1a: Wo-Chien\n|-activate|p1a: Wo-Chien|move: Protect\n|\n|-heal|p1a: Wo-Chien|72\/100 brn|[from] item: Leftovers\n|-damage|p2a: Arcanine|25\/100|[from] Leech Seed|[of] p1a: Wo-Chien\n|-heal|p1a: Wo-Chien|85\/100 brn|[silent]\n|-damage|p2b: Eelektross|26\/100 brn|[from] Leech Seed|[of] p1a: Wo-Chien\n|-heal|p1a: Wo-Chien|97\/100 brn|[silent]\n|-damage|p1a: Wo-Chien|91\/100 brn|[from] brn\n|-damage|p2b: Eelektross|20\/100 brn|[from] brn\n|upkeep\n|turn|21\n|\n|t:|1681962035\n|move|p2a: Arcanine|Flare Blitz|p1a: Wo-Chien\n|-crit|p1a: Wo-Chien\n|-damage|p1a: Wo-Chien|41\/100 brn\n|-damage|p2a: Arcanine|8\/100|[from] Recoil\n|move|p1a: Wo-Chien|Knock Off|p2b: Eelektross\n|-crit|p2b: Eelektross\n|-damage|p2b: Eelektross|0 fnt\n|-enditem|p2b: Eelektross|Assault Vest|[from] move: Knock Off|[of] p1a: Wo-Chien\n|faint|p2b: Eelektross\n|\n|-heal|p1a: Wo-Chien|47\/100 brn|[from] item: Leftovers\n|-damage|p2a: Arcanine|0 fnt|[from] Leech Seed|[of] p1a: Wo-Chien\n|-heal|p1a: Wo-Chien|55\/100 brn|[silent]\n|faint|p2a: Arcanine\n|\n|win|vvJuice\n|upkeep\n|raw|vvJuice's rating: 1163 → 1182<\/strong> (+19 for winning)\n|raw|MagierinSchnee's rating: 1072 → 1057<\/strong> (-15 for losing)\n|c|\u2606vvJuice|wo chien owns you\n|l|\u2606MagierinSchnee\n","uploadtime":1681962057,"views":6,"p1id":"vvjuice","p2id":"magierinschnee","formatid":"gen9vgc2023regulationc","rating":1057,"private":0,"password":""}