{"id":"gen9vgc2023regulationc-1848474129","p1":"mx555","p2":"FAAPer","format":"[Gen 9] VGC 2023 Regulation C","log":"|j|\u2606mx555\n|j|\u2606FAAPer\n|t:|1682082289\n|gametype|doubles\n|player|p1|mx555|169|1450\n|player|p2|FAAPer|2|1394\n|teamsize|p1|6\n|teamsize|p2|6\n|gen|9\n|tier|[Gen 9] VGC 2023 Regulation C\n|rated|\n|rule|Species Clause: Limit one of each Pok\u00e9mon\n|rule|Item Clause: Limit one of each item\n|clearpoke\n|poke|p1|Farigiraf, L50, M|\n|poke|p1|Dragapult, L50, M|\n|poke|p1|Chien-Pao, L50|\n|poke|p1|Iron Hands, L50|\n|poke|p1|Amoonguss, L50, M|\n|poke|p1|Iron Bundle, L50|\n|poke|p2|Baxcalibur, L50, M|\n|poke|p2|Ting-Lu, L50|\n|poke|p2|Palafin, L50, M|\n|poke|p2|Amoonguss, L50, F|\n|poke|p2|Flutter Mane, L50|\n|poke|p2|Arcanine, L50, F|\n|teampreview|4\n|inactive|Battle timer is ON: inactive players will automatically lose when time's up. (requested by FAAPer)\n|inactive|FAAPer has 60 seconds left.\n|\n|t:|1682082325\n|start\n|switch|p1a: Farigiraf|Farigiraf, L50, M|100\/100\n|switch|p1b: Iron Hands|Iron Hands, L50|100\/100\n|switch|p2a: Arcanine|Arcanine, L50, F|100\/100\n|switch|p2b: Amoonguss|Amoonguss, L50, F|100\/100\n|-ability|p2a: Arcanine|Intimidate|boost\n|-unboost|p1a: Farigiraf|atk|1\n|-unboost|p1b: Iron Hands|atk|1\n|turn|1\n|inactive|mx555 has 30 seconds left.\n|\n|t:|1682082359\n|move|p2a: Arcanine|Will-O-Wisp|p1b: Iron Hands\n|-status|p1b: Iron Hands|brn\n|move|p1b: Iron Hands|Belly Drum|p1b: Iron Hands\n|-damage|p1b: Iron Hands|50\/100 brn\n|-setboost|p1b: Iron Hands|atk|6|[from] move: Belly Drum\n|-enditem|p1b: Iron Hands|Sitrus Berry|[eat]\n|-heal|p1b: Iron Hands|75\/100 brn|[from] item: Sitrus Berry\n|move|p2b: Amoonguss|Spore|p1a: Farigiraf\n|-status|p1a: Farigiraf|slp|[from] move: Spore\n|cant|p1a: Farigiraf|slp\n|\n|-damage|p1b: Iron Hands|69\/100 brn|[from] brn\n|upkeep\n|turn|2\n|\n|t:|1682082375\n|move|p2b: Amoonguss|Rage Powder|p2b: Amoonguss\n|-singleturn|p2b: Amoonguss|move: Rage Powder\n|move|p2a: Arcanine|Flare Blitz|p1b: Iron Hands\n|-damage|p1b: Iron Hands|34\/100 brn\n|-damage|p2a: Arcanine|84\/100|[from] Recoil\n|move|p1b: Iron Hands|Drain Punch|p2b: Amoonguss\n|-resisted|p2b: Amoonguss\n|-damage|p2b: Amoonguss|73\/100\n|-heal|p1b: Iron Hands|45\/100 brn|[from] drain|[of] p2b: Amoonguss\n|-curestatus|p1a: Farigiraf|slp|[msg]\n|move|p1a: Farigiraf|Trick Room|p1a: Farigiraf\n|-fieldstart|move: Trick Room|[of] p1a: Farigiraf\n|\n|-damage|p1b: Iron Hands|39\/100 brn|[from] brn\n|upkeep\n|turn|3\n|inactive|mx555 has 30 seconds left.\n|inactive|FAAPer has 30 seconds left.\n|\n|t:|1682082406\n|move|p2b: Amoonguss|Protect|p2b: Amoonguss\n|-singleturn|p2b: Amoonguss|Protect\n|move|p1b: Iron Hands|Drain Punch|p2a: Arcanine\n|-damage|p2a: Arcanine|12\/100\n|-heal|p1b: Iron Hands|66\/100 brn|[from] drain|[of] p2a: Arcanine\n|move|p1a: Farigiraf|Twin Beam|p2b: Amoonguss\n|-activate|p2b: Amoonguss|move: Protect\n|move|p2a: Arcanine|Flare Blitz|p1b: Iron Hands\n|-damage|p1b: Iron Hands|32\/100 brn\n|-damage|p2a: Arcanine|0 fnt|[from] Recoil\n|faint|p2a: Arcanine\n|\n|-damage|p1b: Iron Hands|26\/100 brn|[from] brn\n|upkeep\n|\n|t:|1682082420\n|switch|p2a: Flutter Mane|Flutter Mane, L50|100\/100\n|turn|4\n|\n|t:|1682082439\n|-terastallize|p2a: Flutter Mane|Fairy\n|move|p2b: Amoonguss|Rage Powder|p2b: Amoonguss\n|-singleturn|p2b: Amoonguss|move: Rage Powder\n|move|p1b: Iron Hands|Facade|p2b: Amoonguss\n|-damage|p2b: Amoonguss|0 fnt\n|faint|p2b: Amoonguss\n|move|p1a: Farigiraf|Twin Beam|p2a: Flutter Mane\n|-damage|p2a: Flutter Mane|86\/100\n|-damage|p2a: Flutter Mane|71\/100\n|-hitcount|p2a: Flutter Mane|2\n|move|p2a: Flutter Mane|Dazzling Gleam|p1a: Farigiraf|[spread] p1a,p1b\n|-supereffective|p1b: Iron Hands\n|-damage|p1a: Farigiraf|34\/100\n|-damage|p1b: Iron Hands|0 fnt\n|faint|p1b: Iron Hands\n|-end|p1b: Iron Hands|Quark Drive|[silent]\n|\n|upkeep\n|\n|t:|1682082450\n|switch|p2b: Baxcalibur|Baxcalibur, L50, M|100\/100\n|switch|p1b: Amoonguss|Amoonguss, L50, M|100\/100\n|turn|5\n|\n|t:|1682082472\n|move|p1b: Amoonguss|Spore|p2b: Baxcalibur\n|-status|p2b: Baxcalibur|slp|[from] move: Spore\n|move|p1a: Farigiraf|Hyper Voice|p2b: Baxcalibur|[spread] p2a,p2b\n|-damage|p2a: Flutter Mane|47\/100\n|-damage|p2b: Baxcalibur|77\/100 slp\n|-enditem|p1a: Farigiraf|Throat Spray\n|-boost|p1a: Farigiraf|spa|1|[from] item: Throat Spray\n|cant|p2b: Baxcalibur|slp\n|move|p2a: Flutter Mane|Dazzling Gleam|p1b: Amoonguss|[spread] p1a,p1b\n|-resisted|p1b: Amoonguss\n|-damage|p1a: Farigiraf|0 fnt\n|-damage|p1b: Amoonguss|72\/100\n|faint|p1a: Farigiraf\n|\n|upkeep\n|\n|t:|1682082475\n|switch|p1a: Dragapult|Dragapult, L50, M|100\/100\n|turn|6\n|\n|t:|1682082485\n|-terastallize|p1a: Dragapult|Steel\n|cant|p2b: Baxcalibur|slp\n|move|p1b: Amoonguss|Spore|p2a: Flutter Mane\n|-status|p2a: Flutter Mane|slp|[from] move: Spore\n|cant|p2a: Flutter Mane|slp\n|move|p1a: Dragapult|Dragon Darts|p2b: Baxcalibur\n|-supereffective|p2b: Baxcalibur\n|-damage|p2b: Baxcalibur|10\/100 slp\n|-anim|p1a: Dragapult|Dragon Darts|p2b: Baxcalibur\n|-supereffective|p2b: Baxcalibur\n|-damage|p2b: Baxcalibur|0 fnt\n|faint|p2b: Baxcalibur\n|\n|-fieldend|move: Trick Room\n|upkeep\n|turn|7\n|c|\u2606FAAPer|gg\n|\n|t:|1682082501\n|move|p1a: Dragapult|Dragon Darts|p2a: Flutter Mane\n|-immune|p2a: Flutter Mane\n|-curestatus|p2a: Flutter Mane|slp|[msg]\n|move|p2a: Flutter Mane|Dazzling Gleam|p1b: Amoonguss|[spread] p1a,p1b\n|-resisted|p1a: Dragapult\n|-resisted|p1b: Amoonguss\n|-damage|p1a: Dragapult|61\/100\n|-damage|p1b: Amoonguss|45\/100\n|move|p1b: Amoonguss|Clear Smog|p2a: Flutter Mane\n|-supereffective|p2a: Flutter Mane\n|-crit|p2a: Flutter Mane\n|-damage|p2a: Flutter Mane|0 fnt\n|-clearboost|p2a: Flutter Mane\n|faint|p2a: Flutter Mane\n|-end|p2a: Flutter Mane|Protosynthesis|[silent]\n|\n|win|mx555\n|raw|mx555's rating: 1450 → 1467<\/strong> (+17 for winning)\n|raw|FAAPer's rating: 1394 → 1377<\/strong> (-17 for losing)\n","uploadtime":1682082512,"views":13,"p1id":"mx555","p2id":"faaper","formatid":"gen9vgc2023regulationc","rating":1377,"private":0,"password":""}