{"id":"gen9vgc2023regulationc-1858073044","p1":"Arcacagne","p2":"alecheto kun","format":"[Gen 9] VGC 2023 Regulation C","log":"|j|\u2606Arcacagne\n|j|\u2606alecheto kun\n|t:|1683271010\n|gametype|doubles\n|player|p1|Arcacagne|1|1190\n|player|p2|alecheto kun|hilbert|1100\n|teamsize|p1|6\n|teamsize|p2|6\n|gen|9\n|tier|[Gen 9] VGC 2023 Regulation C\n|rated|\n|rule|Species Clause: Limit one of each Pok\u00e9mon\n|rule|Item Clause: Limit one of each item\n|clearpoke\n|poke|p1|Chi-Yu, L50|\n|poke|p1|Flutter Mane, L50|\n|poke|p1|Amoonguss, L50, M|\n|poke|p1|Palafin, L50, F|\n|poke|p1|Kingambit, L50, F|\n|poke|p1|Arcanine, L50, M|\n|poke|p2|Abomasnow, L50, F|\n|poke|p2|Iron Bundle, L50|\n|poke|p2|Chi-Yu, L50|\n|poke|p2|Corviknight, L50, F|\n|poke|p2|Flutter Mane, L50|\n|poke|p2|Salamence, L50, F|\n|teampreview|4\n|inactive|Battle timer is ON: inactive players will automatically lose when time's up. (requested by alecheto kun)\n|inactive|alecheto kun has 60 seconds left.\n|\n|t:|1683271075\n|start\n|switch|p1a: Kingambit|Kingambit, L50, F|100\/100\n|switch|p1b: Palafin|Palafin, L50, F|100\/100\n|switch|p2a: Corviknight|Corviknight, L50, F|100\/100\n|switch|p2b: Iron Bundle|Iron Bundle, L50|100\/100\n|turn|1\n|inactive|Arcacagne has 30 seconds left.\n|inactive|alecheto kun has 30 seconds left.\n|inactive|alecheto kun has 20 seconds left.\n|\n|t:|1683271115\n|detailschange|p1b: Palafin|Palafin-Hero, L50, F\n|switch|p1b: Arcanine|Arcanine, L50, M|100\/100\n|-ability|p1b: Arcanine|Intimidate|boost\n|-ability|p2a: Corviknight|Mirror Armor\n|-unboost|p1b: Arcanine|atk|1\n|-unboost|p2b: Iron Bundle|atk|1\n|move|p2b: Iron Bundle|Freeze-Dry|p1b: Arcanine\n|-resisted|p1b: Arcanine\n|-damage|p1b: Arcanine|83\/100\n|move|p2a: Corviknight|Tailwind|p2a: Corviknight\n|-sidestart|p2: alecheto kun|move: Tailwind\n|move|p1a: Kingambit|Swords Dance|p1a: Kingambit\n|-boost|p1a: Kingambit|atk|2\n|\n|upkeep\n|turn|2\n|inactive|alecheto kun has 30 seconds left.\n|inactive|alecheto kun has 20 seconds left.\n|inactive|alecheto kun has 15 seconds left.\n|inactive|alecheto kun has 10 seconds left.\n|\n|t:|1683271162\n|-end|p2b: Iron Bundle|Quark Drive|[silent]\n|switch|p2b: Chi-Yu|Chi-Yu, L50|100\/100\n|-ability|p2b: Chi-Yu|Beads of Ruin\n|switch|p1b: Palafin|Palafin-Hero, L50, F|100\/100\n|-activate|p1b: Palafin|ability: Zero to Hero\n|move|p1a: Kingambit|Sucker Punch||[still]\n|-fail|p1a: Kingambit\n|move|p2a: Corviknight|Brave Bird|p1b: Palafin\n|-damage|p1b: Palafin|53\/100\n|-damage|p2a: Corviknight|86\/100|[from] Recoil\n|\n|upkeep\n|turn|3\n|inactive|Arcacagne has 30 seconds left.\n|\n|t:|1683271191\n|-terastallize|p2b: Chi-Yu|Ghost\n|-terastallize|p1a: Kingambit|Water\n|move|p1b: Palafin|Jet Punch|p2b: Chi-Yu\n|-damage|p2b: Chi-Yu|29\/100\n|move|p2b: Chi-Yu|Heat Wave|p1b: Palafin|[spread] p1a,p1b\n|-resisted|p1a: Kingambit\n|-resisted|p1b: Palafin\n|-damage|p1a: Kingambit|73\/100\n|-damage|p1b: Palafin|16\/100\n|-damage|p2b: Chi-Yu|20\/100|[from] item: Life Orb\n|move|p2a: Corviknight|Brave Bird|p1b: Palafin\n|-damage|p1b: Palafin|0 fnt\n|faint|p1b: Palafin\n|-damage|p2a: Corviknight|81\/100|[from] Recoil\n|move|p1a: Kingambit|Kowtow Cleave|p2a: Corviknight\n|-crit|p2a: Corviknight\n|-damage|p2a: Corviknight|0 fnt\n|faint|p2a: Corviknight\n|\n|upkeep\n|\n|t:|1683271213\n|switch|p1b: Arcanine|Arcanine, L50, M|83\/100\n|switch|p2a: Abomasnow|Abomasnow, L50, F|100\/100\n|-weather|Snow|[from] ability: Snow Warning|[of] p2a: Abomasnow\n|-ability|p1b: Arcanine|Intimidate|boost\n|-unboost|p2a: Abomasnow|atk|1\n|-unboost|p2b: Chi-Yu|atk|1\n|turn|4\n|\n|t:|1683271234\n|move|p1a: Kingambit|Sucker Punch|p2a: Abomasnow\n|-damage|p2a: Abomasnow|28\/100\n|move|p2b: Chi-Yu|Heat Wave|p1b: Arcanine|[spread] p1a,p1b\n|-resisted|p1a: Kingambit\n|-resisted|p1b: Arcanine\n|-damage|p1a: Kingambit|45\/100\n|-damage|p1b: Arcanine|52\/100\n|-damage|p2b: Chi-Yu|11\/100|[from] item: Life Orb\n|move|p2a: Abomasnow|Energy Ball|p1a: Kingambit\n|-supereffective|p1a: Kingambit\n|-damage|p1a: Kingambit|0 fnt\n|faint|p1a: Kingambit\n|move|p1b: Arcanine|Flare Blitz|p2b: Chi-Yu\n|-damage|p2b: Chi-Yu|0 fnt\n|faint|p2b: Chi-Yu\n|-damage|p1b: Arcanine|49\/100|[from] Recoil\n|\n|-weather|Snow|[upkeep]\n|-sideend|p2: alecheto kun|move: Tailwind\n|upkeep\n|\n|t:|1683271254\n|switch|p2b: Iron Bundle|Iron Bundle, L50|100\/100\n|switch|p1a: Amoonguss|Amoonguss, L50, M|100\/100\n|turn|5\n|\n|t:|1683271262\n|move|p1b: Arcanine|Protect|p1b: Arcanine\n|-singleturn|p1b: Arcanine|Protect\n|move|p2b: Iron Bundle|Blizzard|p1b: Arcanine|[spread] p1a\n|-activate|p1b: Arcanine|move: Protect\n|-supereffective|p1a: Amoonguss\n|-damage|p1a: Amoonguss|30\/100\n|-enditem|p1a: Amoonguss|Sitrus Berry|[eat]\n|-heal|p1a: Amoonguss|55\/100|[from] item: Sitrus Berry\n|move|p2a: Abomasnow|Blizzard|p1b: Arcanine|[spread] p1a\n|-activate|p1b: Arcanine|move: Protect\n|-supereffective|p1a: Amoonguss\n|-damage|p1a: Amoonguss|0 fnt\n|faint|p1a: Amoonguss\n|\n|-weather|Snow|[upkeep]\n|upkeep\n|turn|6\n|\n|t:|1683271283\n|move|p1b: Arcanine|Extreme Speed|p2a: Abomasnow\n|-damage|p2a: Abomasnow|10\/100\n|move|p2b: Iron Bundle|Hydro Pump|p1b: Arcanine\n|-supereffective|p1b: Arcanine\n|-damage|p1b: Arcanine|0 fnt\n|faint|p1b: Arcanine\n|\n|win|alecheto kun\n|raw|Arcacagne's rating: 1190 → 1159<\/strong> (-31 for losing)\n|raw|alecheto kun's rating: 1100 → 1131<\/strong> (+31 for winning)\n","uploadtime":1683271293,"views":9,"p1id":"arcacagne","p2id":"alechetokun","formatid":"gen9vgc2023regulationc","rating":1131,"private":0,"password":""}