{"id":"gen9vgc2023regulationc-1861680501","p1":"MDYFeiJu","p2":"bobhead1234567","format":"[Gen 9] VGC 2023 Regulation C","log":"|j|\u2606MDYFeiJu\n|j|\u2606bobhead1234567\n|t:|1683793316\n|gametype|doubles\n|player|p1|MDYFeiJu|169|1192\n|player|p2|bobhead1234567|265|1220\n|teamsize|p1|6\n|teamsize|p2|6\n|gen|9\n|tier|[Gen 9] VGC 2023 Regulation C\n|rated|\n|rule|Species Clause: Limit one of each Pok\u00e9mon\n|rule|Item Clause: Limit one of each item\n|clearpoke\n|poke|p1|Amoonguss, L50, F|\n|poke|p1|Dragapult, L50, M|\n|poke|p1|Chien-Pao, L50|\n|poke|p1|Arcanine, L50, F|\n|poke|p1|Flutter Mane, L50|\n|poke|p1|Palafin, L50, F|\n|poke|p2|Maushold, L50|\n|poke|p2|Annihilape, L50, F|\n|poke|p2|Chi-Yu, L50|\n|poke|p2|Iron Bundle, L50|\n|poke|p2|Gyarados, L50, M|\n|poke|p2|Amoonguss, L50, F|\n|teampreview|4\n|inactive|Battle timer is ON: inactive players will automatically lose when time's up. (requested by bobhead1234567)\nbobhead1234567 has agreed to open team sheets.\n|inactive|MDYFeiJu has 60 seconds left.\n|inactive|bobhead1234567 has 60 seconds left.\n|\n|t:|1683793352\n|start\n|switch|p1a: Chien-Pao|Chien-Pao, L50|100\/100\n|switch|p1b: Dragapult|Dragapult, L50, M|100\/100\n|switch|p2a: Chi-Yu|Chi-Yu, L50|100\/100\n|switch|p2b: Iron Bundle|Iron Bundle, L50|100\/100\n|-ability|p1a: Chien-Pao|Sword of Ruin\n|-ability|p2a: Chi-Yu|Beads of Ruin\n|-enditem|p2b: Iron Bundle|Booster Energy\n|-activate|p2b: Iron Bundle|ability: Quark Drive|[fromitem]\n|-start|p2b: Iron Bundle|quarkdrivespe\n|turn|1\n|inactive|MDYFeiJu has 30 seconds left.\n|\n|t:|1683793383\n|-terastallize|p1b: Dragapult|Steel\n|-terastallize|p2a: Chi-Yu|Water\n|move|p2b: Iron Bundle|Icy Wind|p1b: Dragapult|[spread] p1a,p1b\n|-resisted|p1a: Chien-Pao\n|-resisted|p1b: Dragapult\n|-damage|p1a: Chien-Pao|82\/100\n|-damage|p1b: Dragapult|82\/100\n|-unboost|p1a: Chien-Pao|spe|1\n|-unboost|p1b: Dragapult|spe|1\n|move|p1b: Dragapult|Dragon Darts|p2a: Chi-Yu\n|-damage|p2a: Chi-Yu|43\/100\n|-anim|p1b: Dragapult|Dragon Darts|p2b: Iron Bundle\n|-damage|p2b: Iron Bundle|45\/100\n|move|p2a: Chi-Yu|Dark Pulse|p1b: Dragapult\n|-damage|p1b: Dragapult|8\/100\n|move|p1a: Chien-Pao|Sacred Sword|p2b: Iron Bundle\n|-supereffective|p2b: Iron Bundle\n|-damage|p2b: Iron Bundle|0 fnt\n|faint|p2b: Iron Bundle\n|-end|p2b: Iron Bundle|Quark Drive|[silent]\n|-damage|p1a: Chien-Pao|72\/100|[from] item: Life Orb\n|\n|-heal|p2a: Chi-Yu|49\/100|[from] item: Leftovers\n|upkeep\n|\n|t:|1683793404\n|switch|p2b: Amoonguss|Amoonguss, L50, F|100\/100\n|turn|2\n|\n|t:|1683793411\n|move|p2a: Chi-Yu|Protect|p2a: Chi-Yu\n|-singleturn|p2a: Chi-Yu|Protect\n|move|p2b: Amoonguss|Protect|p2b: Amoonguss\n|-singleturn|p2b: Amoonguss|Protect\n|move|p1b: Dragapult|Dragon Darts|p2a: Chi-Yu\n|-activate|p2b: Amoonguss|move: Protect\n|move|p1a: Chien-Pao|Ice Spinner|p2b: Amoonguss\n|-activate|p2b: Amoonguss|move: Protect\n|\n|-heal|p2a: Chi-Yu|55\/100|[from] item: Leftovers\n|upkeep\n|turn|3\n|\n|t:|1683793425\n|move|p2b: Amoonguss|Rage Powder|p2b: Amoonguss\n|-singleturn|p2b: Amoonguss|move: Rage Powder\n|move|p1a: Chien-Pao|Sucker Punch||[still]\n|-fail|p1a: Chien-Pao\n|move|p1b: Dragapult|Dragon Darts|p2b: Amoonguss\n|-damage|p2b: Amoonguss|58\/100\n|-anim|p1b: Dragapult|Dragon Darts|p2b: Amoonguss\n|-damage|p2b: Amoonguss|14\/100\n|move|p2a: Chi-Yu|Heat Wave|p1a: Chien-Pao|[spread] p1a,p1b\n|-supereffective|p1a: Chien-Pao\n|-supereffective|p1b: Dragapult\n|-damage|p1a: Chien-Pao|0 fnt\n|-damage|p1b: Dragapult|0 fnt\n|faint|p1a: Chien-Pao\n|faint|p1b: Dragapult\n|\n|-heal|p2a: Chi-Yu|60\/100|[from] item: Leftovers\n|upkeep\n|\n|t:|1683793440\n|switch|p1b: Amoonguss|Amoonguss, L50, F|100\/100\n|switch|p1a: Flutter Mane|Flutter Mane, L50|100\/100\n|turn|4\n|\n|t:|1683793455\n|switch|p2b: Annihilape|Annihilape, L50, F|100\/100\n|move|p2a: Chi-Yu|Protect|p2a: Chi-Yu\n|-singleturn|p2a: Chi-Yu|Protect\n|move|p1a: Flutter Mane|Energy Ball|p2a: Chi-Yu\n|-activate|p2a: Chi-Yu|move: Protect\n|move|p1b: Amoonguss|Pollen Puff|p2b: Annihilape\n|-resisted|p2b: Annihilape\n|-damage|p2b: Annihilape|96\/100\n|\n|-heal|p2a: Chi-Yu|66\/100|[from] item: Leftovers\n|upkeep\n|turn|5\n|\n|t:|1683793478\n|switch|p2a: Amoonguss|Amoonguss, L50, F|47\/100\n|move|p1b: Amoonguss|Rage Powder|p1b: Amoonguss\n|-singleturn|p1b: Amoonguss|move: Rage Powder\n|move|p1a: Flutter Mane|Energy Ball|p2a: Amoonguss\n|-resisted|p2a: Amoonguss\n|-damage|p2a: Amoonguss|40\/100\n|-unboost|p2a: Amoonguss|spd|1\n|move|p2b: Annihilape|Rage Fist|p1b: Amoonguss\n|-damage|p1b: Amoonguss|69\/100\n|\n|upkeep\n|turn|6\n|inactive|MDYFeiJu has 30 seconds left.\n|inactive|MDYFeiJu has 20 seconds left.\n|inactive|MDYFeiJu has 15 seconds left.\n|inactive|MDYFeiJu has 10 seconds left.\n|\n|t:|1683793525\n|switch|p2a: Chi-Yu|Chi-Yu, L50, tera:Water|66\/100\n|-ability|p2a: Chi-Yu|Beads of Ruin\n|move|p2b: Annihilape|Protect|p2b: Annihilape\n|-singleturn|p2b: Annihilape|Protect\n|move|p1b: Amoonguss|Rage Powder|p1b: Amoonguss\n|-singleturn|p1b: Amoonguss|move: Rage Powder\n|move|p1a: Flutter Mane|Moonblast|p2b: Annihilape\n|-activate|p2b: Annihilape|move: Protect\n|\n|-heal|p2a: Chi-Yu|72\/100|[from] item: Leftovers\n|upkeep\n|turn|7\n|\n|t:|1683793548\n|switch|p2b: Amoonguss|Amoonguss, L50, F|74\/100\n|move|p2a: Chi-Yu|Protect|p2a: Chi-Yu\n|-singleturn|p2a: Chi-Yu|Protect\n|move|p1b: Amoonguss|Protect|p1b: Amoonguss\n|-singleturn|p1b: Amoonguss|Protect\n|move|p1a: Flutter Mane|Moonblast|p2b: Amoonguss\n|-resisted|p2b: Amoonguss\n|-damage|p2b: Amoonguss|47\/100\n|\n|-heal|p2a: Chi-Yu|77\/100|[from] item: Leftovers\n|upkeep\n|turn|8\n|inactive|MDYFeiJu has 30 seconds left.\n|inactive|MDYFeiJu has 20 seconds left.\n|inactive|MDYFeiJu has 15 seconds left.\n|\n|t:|1683793590\n|move|p2b: Amoonguss|Rage Powder|p2b: Amoonguss\n|-singleturn|p2b: Amoonguss|move: Rage Powder\n|move|p1a: Flutter Mane|Energy Ball|p2b: Amoonguss\n|-resisted|p2b: Amoonguss\n|-damage|p2b: Amoonguss|40\/100\n|move|p2a: Chi-Yu|Heat Wave|p1b: Amoonguss|[spread] p1a,p1b\n|-supereffective|p1b: Amoonguss\n|-damage|p1a: Flutter Mane|52\/100\n|-damage|p1b: Amoonguss|0 fnt\n|faint|p1b: Amoonguss\n|\n|-heal|p2a: Chi-Yu|83\/100|[from] item: Leftovers\n|upkeep\n|turn|9\n|\n|t:|1683793603\n|move|p2b: Amoonguss|Rage Powder|p2b: Amoonguss\n|-singleturn|p2b: Amoonguss|move: Rage Powder\n|move|p1a: Flutter Mane|Moonblast|p2b: Amoonguss\n|-resisted|p2b: Amoonguss\n|-damage|p2b: Amoonguss|12\/100\n|move|p2a: Chi-Yu|Dark Pulse|p1a: Flutter Mane\n|-damage|p1a: Flutter Mane|0 fnt\n|faint|p1a: Flutter Mane\n|-end|p1a: Flutter Mane|Protosynthesis|[silent]\n|\n|win|bobhead1234567\n|raw|MDYFeiJu's rating: 1192 → 1169<\/strong> (-23 for losing)\n|raw|bobhead1234567's rating: 1220 → 1243<\/strong> (+23 for winning)\n|l|\u2606MDYFeiJu\n","uploadtime":1683793628,"views":15,"p1id":"mdyfeiju","p2id":"bobhead1234567","formatid":"gen9vgc2023regulationc","rating":1169,"private":0,"password":""}