{"id":"gen9vgc2023regulationc-1857473502","p1":"ryan ogawa","p2":"Gabriele gervasi","format":"[Gen 9] VGC 2023 Regulation C","log":"|j|\u2606ryan ogawa\n|j|\u2606Gabriele gervasi\n|t:|1683198589\n|gametype|doubles\n|player|p1|ryan ogawa|170|1676\n|player|p2|Gabriele gervasi|265|1597\n|teamsize|p1|6\n|teamsize|p2|6\n|gen|9\n|tier|[Gen 9] VGC 2023 Regulation C\n|rated|\n|rule|Species Clause: Limit one of each Pok\u00e9mon\n|rule|Item Clause: Limit one of each item\n|clearpoke\n|poke|p1|Arcanine, L50, F|\n|poke|p1|Gholdengo, L50|\n|poke|p1|Amoonguss, L50, F|\n|poke|p1|Flutter Mane, L50|\n|poke|p1|Great Tusk, L50|\n|poke|p1|Murkrow, L50, F|\n|poke|p2|Torkoal, L50, M|\n|poke|p2|Wo-Chien, L50|\n|poke|p2|Jumpluff, L50, F|\n|poke|p2|Roaring Moon, L50|\n|poke|p2|Chi-Yu, L50|\n|poke|p2|Flutter Mane, L50|\n|teampreview|4\n|\n|t:|1683198620\n|start\n|switch|p1a: Great Tusk|Great Tusk, L50|100\/100\n|switch|p1b: Murkrow|Murkrow, L50, F|100\/100\n|switch|p2a: Flutter Mane|Flutter Mane, L50|100\/100\n|switch|p2b: Wo-Chien|Wo-Chien, L50|100\/100\n|-ability|p2b: Wo-Chien|Tablets of Ruin\n|turn|1\n|\n|t:|1683198644\n|-terastallize|p2a: Flutter Mane|Grass\n|move|p1a: Great Tusk|Earthquake|p2a: Flutter Mane|[spread] p2a,p2b\n|-immune|p1b: Murkrow\n|-resisted|p2a: Flutter Mane\n|-resisted|p2b: Wo-Chien\n|-damage|p2a: Flutter Mane|81\/100\n|-damage|p2b: Wo-Chien|84\/100\n|move|p1b: Murkrow|Brave Bird|p2a: Flutter Mane\n|-supereffective|p2a: Flutter Mane\n|-damage|p2a: Flutter Mane|20\/100\n|-damage|p1b: Murkrow|81\/100|[from] Recoil\n|move|p2b: Wo-Chien|Leaf Storm|p1a: Great Tusk\n|-supereffective|p1a: Great Tusk\n|-damage|p1a: Great Tusk|5\/100\n|-unboost|p2b: Wo-Chien|spa|2\n|-enditem|p2b: Wo-Chien|Eject Pack\n|j| Testiqleton\n|\n|t:|1683198657\n|switch|p2b: Torkoal|Torkoal, L50, M|100\/100\n|-weather|SunnyDay|[from] ability: Drought|[of] p2b: Torkoal\n|-activate|p1a: Great Tusk|ability: Protosynthesis\n|-start|p1a: Great Tusk|protosynthesisatk\n|-activate|p2a: Flutter Mane|ability: Protosynthesis\n|-start|p2a: Flutter Mane|protosynthesisspa\n|move|p2a: Flutter Mane|Trick Room|p2a: Flutter Mane\n|-fieldstart|move: Trick Room|[of] p2a: Flutter Mane\n|\n|-weather|SunnyDay|[upkeep]\n|upkeep\n|turn|2\n|l| Testiqleton\n|\n|t:|1683198688\n|move|p2b: Torkoal|Eruption|p1b: Murkrow|[spread] p1a,p1b\n|-damage|p1a: Great Tusk|0 fnt\n|-damage|p1b: Murkrow|0 fnt\n|faint|p1a: Great Tusk\n|-end|p1a: Great Tusk|Protosynthesis|[silent]\n|faint|p1b: Murkrow\n|move|p2a: Flutter Mane|Dazzling Gleam|p1: Great Tusk|[notarget]\n|-fail|p2a: Flutter Mane\n|\n|-weather|SunnyDay|[upkeep]\n|upkeep\n|\n|t:|1683198696\n|switch|p1b: Flutter Mane|Flutter Mane, L50|100\/100\n|switch|p1a: Amoonguss|Amoonguss, L50, F|100\/100\n|-activate|p1b: Flutter Mane|ability: Protosynthesis\n|-start|p1b: Flutter Mane|protosynthesisspa\n|turn|3\n|\n|t:|1683198706\n|-end|p2a: Flutter Mane|Protosynthesis|[silent]\n|switch|p2a: Chi-Yu|Chi-Yu, L50|100\/100\n|-ability|p2a: Chi-Yu|Beads of Ruin\n|-terastallize|p1a: Amoonguss|Fire\n|move|p1b: Flutter Mane|Protect|p1b: Flutter Mane\n|-singleturn|p1b: Flutter Mane|Protect\n|move|p2b: Torkoal|Eruption|p1b: Flutter Mane|[spread] p1a\n|-activate|p1b: Flutter Mane|move: Protect\n|-resisted|p1a: Amoonguss\n|-damage|p1a: Amoonguss|37\/100\n|move|p1a: Amoonguss|Spore|p2b: Torkoal\n|-status|p2b: Torkoal|slp|[from] move: Spore\n|\n|-weather|SunnyDay|[upkeep]\n|upkeep\n|turn|4\n|\n|t:|1683198732\n|cant|p2b: Torkoal|slp\n|move|p1a: Amoonguss|Spore|p2a: Chi-Yu\n|-activate|p2a: Chi-Yu|item: Safety Goggles|Spore\n|move|p2a: Chi-Yu|Flamethrower|p1b: Flutter Mane\n|-damage|p1b: Flutter Mane|1\/100\n|move|p1b: Flutter Mane|Dazzling Gleam|p2b: Torkoal|[spread] p2a,p2b\n|-resisted|p2b: Torkoal\n|-damage|p2a: Chi-Yu|60\/100\n|-damage|p2b: Torkoal|62\/100 slp\n|\n|-weather|SunnyDay|[upkeep]\n|upkeep\n|turn|5\n|j| REDSLee\n|\n|t:|1683198751\n|move|p1b: Flutter Mane|Protect|p1b: Flutter Mane\n|-singleturn|p1b: Flutter Mane|Protect\n|cant|p2b: Torkoal|slp\n|move|p1a: Amoonguss|Pollen Puff|p2a: Chi-Yu\n|-damage|p2a: Chi-Yu|45\/100\n|move|p2a: Chi-Yu|Flamethrower|p1b: Flutter Mane\n|-activate|p1b: Flutter Mane|move: Protect\n|\n|-weather|none\n|-end|p1b: Flutter Mane|Protosynthesis\n|-fieldend|move: Trick Room\n|upkeep\n|turn|6\n|\n|t:|1683198775\n|move|p1b: Flutter Mane|Moonblast|p2a: Chi-Yu\n|-damage|p2a: Chi-Yu|0 fnt\n|faint|p2a: Chi-Yu\n|move|p1a: Amoonguss|Pollen Puff|p1b: Flutter Mane\n|-heal|p1b: Flutter Mane|51\/100\n|-curestatus|p2b: Torkoal|slp|[msg]\n|move|p2b: Torkoal|Eruption|p1a: Amoonguss|[spread] p1a,p1b\n|-resisted|p1a: Amoonguss\n|-damage|p1a: Amoonguss|17\/100\n|-damage|p1b: Flutter Mane|7\/100\n|\n|upkeep\n|\n|t:|1683198788\n|switch|p2a: Wo-Chien|Wo-Chien, L50|84\/100\n|-ability|p2a: Wo-Chien|Tablets of Ruin\n|turn|7\n|\n|t:|1683198810\n|move|p1b: Flutter Mane|Moonblast|p2a: Wo-Chien\n|-supereffective|p2a: Wo-Chien\n|-damage|p2a: Wo-Chien|0 fnt\n|faint|p2a: Wo-Chien\n|move|p1a: Amoonguss|Spore|p2b: Torkoal\n|-status|p2b: Torkoal|slp|[from] move: Spore\n|cant|p2b: Torkoal|slp\n|\n|upkeep\n|\n|t:|1683198818\n|switch|p2a: Flutter Mane|Flutter Mane, L50, tera:Grass|20\/100\n|turn|8\n|\n|t:|1683198831\n|move|p1b: Flutter Mane|Dazzling Gleam|p2a: Flutter Mane|[spread] p2a,p2b\n|-resisted|p2b: Torkoal\n|-damage|p2a: Flutter Mane|0 fnt\n|-damage|p2b: Torkoal|39\/100 slp\n|faint|p2a: Flutter Mane\n|-end|p2a: Flutter Mane|Protosynthesis|[silent]\n|move|p1a: Amoonguss|Pollen Puff|p1b: Flutter Mane\n|-heal|p1b: Flutter Mane|56\/100\n|cant|p2b: Torkoal|slp\n|\n|upkeep\n|turn|9\n|-message|Gabriele gervasi forfeited.\n|\n|win|ryan ogawa\n|raw|ryan ogawa's rating: 1676 → 1692<\/strong> (+16 for winning)\n|raw|Gabriele gervasi's rating: 1597 → 1581<\/strong> (-16 for losing)\n|l|\u2606Gabriele gervasi\n","uploadtime":1683198864,"views":11,"p1id":"ryanogawa","p2id":"gabrielegervasi","formatid":"gen9vgc2023regulationc","rating":1581,"private":0,"password":""}