{"id":"gen9vgc2023regulationc-1854128939","p1":"Tayekc","p2":"lax2145","format":"[Gen 9] VGC 2023 Regulation C","log":"|j|\u2606Tayekc\n|j|\u2606lax2145\n|t:|1682773778\n|gametype|doubles\n|player|p1|Tayekc|hilbert|\n|player|p2|lax2145|giovanni|\n|teamsize|p1|6\n|teamsize|p2|6\n|gen|9\n|tier|[Gen 9] VGC 2023 Regulation C\n|rule|Species Clause: Limit one of each Pok\u00e9mon\n|rule|Item Clause: Limit one of each item\n|clearpoke\n|poke|p1|Chien-Pao, L50|\n|poke|p1|Dragonite, L50, M|\n|poke|p1|Scizor, L50, M|\n|poke|p1|Flutter Mane, L50|\n|poke|p1|Chi-Yu, L50|\n|poke|p1|Iron Bundle, L50|\n|poke|p2|Ting-Lu, L50|\n|poke|p2|Flutter Mane, L50|\n|poke|p2|Iron Jugulis, L50|\n|poke|p2|Arcanine, L50, M|\n|poke|p2|Amoonguss, L50, F|\n|poke|p2|Chien-Pao, L50|\n|teampreview|4\n|\n|t:|1682773797\n|start\n|switch|p1a: Chien-Pao|Chien-Pao, L50|100\/100\n|switch|p1b: Dragonite|Dragonite, L50, M|100\/100\n|switch|p2a: Iron Jugulis|Iron Jugulis, L50, shiny|100\/100\n|switch|p2b: Chien-Pao|Chien-Pao, L50|100\/100\n|-ability|p2b: Chien-Pao|Sword of Ruin\n|-ability|p1a: Chien-Pao|Sword of Ruin\n|-enditem|p2a: Iron Jugulis|Booster Energy\n|-activate|p2a: Iron Jugulis|ability: Quark Drive|[fromitem]\n|-start|p2a: Iron Jugulis|quarkdrivespe\n|turn|1\n|\n|t:|1682773823\n|move|p1b: Dragonite|Extreme Speed|p2b: Chien-Pao\n|-damage|p2b: Chien-Pao|39\/100\n|move|p2a: Iron Jugulis|Tailwind|p2a: Iron Jugulis\n|-sidestart|p2: lax2145|move: Tailwind\n|move|p2b: Chien-Pao|Sacred Sword|p1a: Chien-Pao\n|-supereffective|p1a: Chien-Pao\n|-enditem|p1a: Chien-Pao|Focus Sash\n|-damage|p1a: Chien-Pao|1\/100\n|move|p1a: Chien-Pao|Ice Spinner|p2a: Iron Jugulis\n|-supereffective|p2a: Iron Jugulis\n|-damage|p2a: Iron Jugulis|0 fnt\n|faint|p2a: Iron Jugulis\n|-end|p2a: Iron Jugulis|Quark Drive|[silent]\n|\n|upkeep\n|\n|t:|1682773840\n|switch|p2a: Arcanine|Arcanine, L50, M|100\/100\n|-ability|p2a: Arcanine|Intimidate|boost\n|-unboost|p1a: Chien-Pao|atk|1\n|-unboost|p1b: Dragonite|atk|1\n|turn|2\n|\n|t:|1682773869\n|move|p2a: Arcanine|Extreme Speed|p1a: Chien-Pao\n|-damage|p1a: Chien-Pao|0 fnt\n|faint|p1a: Chien-Pao\n|move|p1b: Dragonite|Extreme Speed|p2b: Chien-Pao\n|-damage|p2b: Chien-Pao|0 fnt\n|faint|p2b: Chien-Pao\n|\n|upkeep\n|\n|t:|1682773881\n|switch|p2b: Ting-Lu|Ting-Lu, L50|100\/100\n|switch|p1a: Chi-Yu|Chi-Yu, L50|100\/100\n|-ability|p1a: Chi-Yu|Beads of Ruin\n|-ability|p2b: Ting-Lu|Vessel of Ruin\n|turn|3\n|\n|t:|1682773893\n|-terastallize|p1a: Chi-Yu|Grass\n|move|p1b: Dragonite|Extreme Speed|p2a: Arcanine\n|-damage|p2a: Arcanine|63\/100\n|move|p1a: Chi-Yu|Tera Blast|p2b: Ting-Lu\n|-supereffective|p2b: Ting-Lu\n|-crit|p2b: Ting-Lu\n|-damage|p2b: Ting-Lu|33\/100\n|move|p2a: Arcanine|Will-O-Wisp|p1b: Dragonite|[miss]\n|-miss|p2a: Arcanine|p1b: Dragonite\n|move|p2b: Ting-Lu|Stomping Tantrum|p1a: Chi-Yu\n|-resisted|p1a: Chi-Yu\n|-damage|p1a: Chi-Yu|70\/100\n|\n|upkeep\n|turn|4\n|\n|t:|1682773924\n|-terastallize|p2b: Ting-Lu|Dark\n|move|p1b: Dragonite|Extreme Speed|p2a: Arcanine\n|-damage|p2a: Arcanine|27\/100\n|-enditem|p2a: Arcanine|Sitrus Berry|[eat]\n|-heal|p2a: Arcanine|52\/100|[from] item: Sitrus Berry\n|move|p1a: Chi-Yu|Tera Blast|p2b: Ting-Lu\n|-damage|p2b: Ting-Lu|10\/100\n|move|p2a: Arcanine|Will-O-Wisp|p1b: Dragonite\n|-status|p1b: Dragonite|brn\n|move|p2b: Ting-Lu|Fissure|p1a: Chi-Yu|[miss]\n|-miss|p2b: Ting-Lu|p1a: Chi-Yu\n|\n|-damage|p1b: Dragonite|94\/100 brn|[from] brn\n|-sideend|p2: lax2145|move: Tailwind\n|upkeep\n|turn|5\n|\n|t:|1682773962\n|move|p1b: Dragonite|Extreme Speed|p2a: Arcanine\n|-damage|p2a: Arcanine|35\/100\n|move|p1a: Chi-Yu|Tera Blast|p2b: Ting-Lu\n|-damage|p2b: Ting-Lu|0 fnt\n|faint|p2b: Ting-Lu\n|move|p2a: Arcanine|Flare Blitz|p1a: Chi-Yu\n|-supereffective|p1a: Chi-Yu\n|-damage|p1a: Chi-Yu|0 fnt\n|faint|p1a: Chi-Yu\n|-damage|p2a: Arcanine|20\/100|[from] Recoil\n|\n|-damage|p1b: Dragonite|88\/100 brn|[from] brn\n|upkeep\n|\n|t:|1682773983\n|switch|p1a: Scizor|Scizor, L50, M, shiny|100\/100\n|turn|6\n|\n|t:|1682773993\n|move|p1b: Dragonite|Extreme Speed|p2a: Arcanine\n|-damage|p2a: Arcanine|2\/100\n|move|p1a: Scizor|Bullet Punch|p2a: Arcanine\n|-resisted|p2a: Arcanine\n|-damage|p2a: Arcanine|0 fnt\n|faint|p2a: Arcanine\n|\n|win|Tayekc\n","uploadtime":1682774003,"views":21,"p1id":"tayekc","p2id":"lax2145","formatid":"gen9vgc2023regulationc","rating":0,"private":0,"password":""}