{"id":"gen9vgc2023regulationc-1863709843","p1":"TommyT08","p2":"Freischieb","format":"[Gen 9] VGC 2023 Regulation C","log":"|j|\u2606TommyT08\n|j|\u2606Freischieb\n|t:|1684064872\n|gametype|doubles\n|player|p1|TommyT08|266|\n|player|p2|Freischieb|169|\n|teamsize|p1|6\n|teamsize|p2|6\n|gen|9\n|tier|[Gen 9] VGC 2023 Regulation C\n|rule|Species Clause: Limit one of each Pok\u00e9mon\n|rule|Item Clause: Limit one of each item\n|clearpoke\n|poke|p1|Garganacl, L50, F|\n|poke|p1|Naclstack, L50, F|\n|poke|p1|Nacli, L50, M|\n|poke|p1|Gothitelle, L50, M|\n|poke|p1|Gyarados, L50, F|\n|poke|p1|Ting-Lu, L50|\n|poke|p2|Lycanroc-Dusk, L50, M|\n|poke|p2|Chien-Pao, L50|\n|poke|p2|Arcanine, L50, M|\n|poke|p2|Mabosstiff, L50, M|\n|poke|p2|Drifblim, L50, F|\n|poke|p2|Glimmora, L50, M|\n|teampreview|4\nFreischieb has agreed to open team sheets.\nTommyT08 has agreed to open team sheets.\n|\n|t:|1684065001\n|start\n|switch|p1a: Nacli|Nacli, L50, M, shiny|100\/100\n|switch|p1b: Gyarados|Gyarados, L50, F, shiny|100\/100\n|switch|p2a: Arcanine|Arcanine, L50, M|100\/100\n|switch|p2b: Drifblim|Drifblim, L50, F|100\/100\n|-ability|p2a: Arcanine|Intimidate|boost\n|-unboost|p1a: Nacli|atk|1\n|-unboost|p1b: Gyarados|atk|1\n|-ability|p1b: Gyarados|Intimidate|boost\n|-unboost|p2a: Arcanine|atk|1\n|-unboost|p2b: Drifblim|atk|1\n|turn|1\n|\n|t:|1684065058\n|-terastallize|p2a: Arcanine|Water\n|move|p2a: Arcanine|Howl|p2a: Arcanine|[spread] p2a,p2b\n|-boost|p2a: Arcanine|atk|1\n|-boost|p2b: Drifblim|atk|1\n|move|p1b: Gyarados|Taunt|p2b: Drifblim\n|-start|p2b: Drifblim|move: Taunt\n|-enditem|p2b: Drifblim|Mental Herb\n|-end|p2b: Drifblim|move: Taunt\n|move|p2b: Drifblim|Minimize|p2b: Drifblim\n|-boost|p2b: Drifblim|evasion|2\n|move|p1a: Nacli|Stealth Rock|p2b: Drifblim\n|-sidestart|p2: Freischieb|move: Stealth Rock\n|\n|upkeep\n|turn|2\n|\n|t:|1684065094\n|move|p2b: Drifblim|Minimize|p2b: Drifblim\n|-boost|p2b: Drifblim|evasion|2\n|move|p2a: Arcanine|Howl|p2a: Arcanine|[spread] p2a,p2b\n|-boost|p2a: Arcanine|atk|1\n|-boost|p2b: Drifblim|atk|1\n|move|p1b: Gyarados|Taunt|p2b: Drifblim\n|-start|p2b: Drifblim|move: Taunt\n|move|p1a: Nacli|Dig||[still]\n|-prepare|p1a: Nacli|Dig\n|\n|upkeep\n|turn|3\n|\n|t:|1684065110\n|move|p2b: Drifblim|Shadow Ball|p1a: Nacli|[miss]\n|-miss|p2b: Drifblim|p1a: Nacli\n|move|p2a: Arcanine|Howl|p2a: Arcanine|[spread] p2a,p2b\n|-boost|p2a: Arcanine|atk|1\n|-boost|p2b: Drifblim|atk|1\n|move|p1b: Gyarados|Thunderbolt|p2a: Arcanine\n|-supereffective|p2a: Arcanine\n|-damage|p2a: Arcanine|71\/100\n|move|p1a: Nacli|Dig|p2a: Arcanine|[from]lockedmove\n|-damage|p2a: Arcanine|63\/100\n|\n|upkeep\n|turn|4\n|\n|t:|1684065144\n|switch|p1a: Garganacl|Garganacl, L50, F, shiny|100\/100\n|move|p2b: Drifblim|Shadow Ball|p1b: Gyarados\n|-damage|p1b: Gyarados|76\/100\n|move|p2a: Arcanine|Iron Head|p1b: Gyarados\n|-resisted|p1b: Gyarados\n|-damage|p1b: Gyarados|53\/100\n|cant|p1b: Gyarados|flinch\n|\n|upkeep\n|turn|5\n|\n|t:|1684065163\n|move|p2b: Drifblim|Shadow Ball|p1a: Garganacl\n|-damage|p1a: Garganacl|91\/100\n|move|p2a: Arcanine|Iron Head|p1a: Garganacl\n|-supereffective|p1a: Garganacl\n|-damage|p1a: Garganacl|32\/100\n|move|p1b: Gyarados|Thunderbolt|p2b: Drifblim\n|-supereffective|p2b: Drifblim\n|-damage|p2b: Drifblim|73\/100\n|cant|p1a: Garganacl|flinch\n|\n|-heal|p1a: Garganacl|39\/100|[from] item: Leftovers\n|-end|p2b: Drifblim|move: Taunt\n|upkeep\n|turn|6\n|\n|t:|1684065207\n|move|p1a: Garganacl|Protect|p1a: Garganacl\n|-singleturn|p1a: Garganacl|Protect\n|move|p2b: Drifblim|Focus Energy|p2b: Drifblim\n|-start|p2b: Drifblim|move: Focus Energy\n|move|p2a: Arcanine|Iron Head|p1a: Garganacl\n|-activate|p1a: Garganacl|move: Protect\n|move|p1b: Gyarados|Taunt|p2b: Drifblim|[miss]\n|-miss|p1b: Gyarados|p2b: Drifblim\n|\n|-heal|p1a: Garganacl|45\/100|[from] item: Leftovers\n|upkeep\n|turn|7\n|\n|t:|1684065229\n|move|p2b: Drifblim|Baton Pass|p2b: Drifblim\n|\n|t:|1684065232\n|switch|p2b: Lycanroc|Lycanroc-Dusk, L50, M|100\/100|[from] Baton Pass\n|-damage|p2b: Lycanroc|88\/100|[from] Stealth Rock\n|move|p2a: Arcanine|Iron Head|p1a: Garganacl\n|-supereffective|p1a: Garganacl\n|-damage|p1a: Garganacl|0 fnt\n|faint|p1a: Garganacl\n|move|p1b: Gyarados|Taunt|p2b: Lycanroc|[miss]\n|-miss|p1b: Gyarados|p2b: Lycanroc\n|\n|upkeep\n|\n|t:|1684065244\n|switch|p1a: Ting-Lu|Ting-Lu, L50|100\/100\n|-ability|p1a: Ting-Lu|Vessel of Ruin\n|turn|8\n|\n|t:|1684065280\n|move|p2a: Arcanine|Flare Blitz|p1a: Ting-Lu\n|-damage|p1a: Ting-Lu|56\/100\n|-damage|p2a: Arcanine|45\/100|[from] Recoil\n|move|p2b: Lycanroc|Drill Run|p1a: Ting-Lu\n|-crit|p1a: Ting-Lu\n|-damage|p1a: Ting-Lu|6\/100\n|move|p1b: Gyarados|Waterfall|p2b: Lycanroc\n|-supereffective|p2b: Lycanroc\n|-damage|p2b: Lycanroc|35\/100\n|move|p1a: Ting-Lu|Fissure|p2b: Lycanroc|[miss]\n|-miss|p1a: Ting-Lu|p2b: Lycanroc\n|\n|upkeep\n|turn|9\n|\n|t:|1684065306\n|move|p2a: Arcanine|Howl|p2a: Arcanine|[spread] p2a,p2b\n|-boost|p2a: Arcanine|atk|1\n|-boost|p2b: Lycanroc|atk|1\n|move|p2b: Lycanroc|Rock Slide|p1b: Gyarados|[spread] p1a,p1b\n|-resisted|p1a: Ting-Lu\n|-crit|p1a: Ting-Lu\n|-supereffective|p1b: Gyarados\n|-crit|p1b: Gyarados\n|-damage|p1a: Ting-Lu|0 fnt\n|-damage|p1b: Gyarados|0 fnt\n|faint|p1a: Ting-Lu\n|faint|p1b: Gyarados\n|\n|upkeep\n|\n|t:|1684065316\n|switch|p1b: Nacli|Nacli, L50, M, shiny|100\/100\n|turn|10\n|\n|t:|1684065323\n|move|p1b: Nacli|Protect|p1b: Nacli\n|-singleturn|p1b: Nacli|Protect\n|move|p2a: Arcanine|Iron Head|p1b: Nacli\n|-activate|p1b: Nacli|move: Protect\n|move|p2b: Lycanroc|Rock Slide|p1b: Nacli\n|-activate|p1b: Nacli|move: Protect\n|\n|upkeep\n|turn|11\n|\n|t:|1684065335\n|move|p2a: Arcanine|Iron Head|p1b: Nacli\n|-supereffective|p1b: Nacli\n|-ability|p1b: Nacli|Sturdy\n|-damage|p1b: Nacli|1\/100\n|move|p2b: Lycanroc|Drill Run|p1b: Nacli\n|-supereffective|p1b: Nacli\n|-crit|p1b: Nacli\n|-damage|p1b: Nacli|0 fnt\n|faint|p1b: Nacli\n|\n|win|Freischieb\n","uploadtime":1684065346,"views":13,"p1id":"tommyt08","p2id":"freischieb","formatid":"gen9vgc2023regulationc","rating":0,"private":0,"password":""}