{"id":"gen9vgc2023regulationc-1851553398","p1":"Wormfury","p2":"joshdonnie","format":"[Gen 9] VGC 2023 Regulation C","log":"|j|\u2606Wormfury\n|j|\u2606joshdonnie\n|t:|1682455105\n|gametype|doubles\n|player|p1|Wormfury|2|1250\n|player|p2|joshdonnie|1|1326\n|teamsize|p1|6\n|teamsize|p2|6\n|gen|9\n|tier|[Gen 9] VGC 2023 Regulation C\n|rated|\n|rule|Species Clause: Limit one of each Pok\u00e9mon\n|rule|Item Clause: Limit one of each item\n|clearpoke\n|poke|p1|Flutter Mane, L50|\n|poke|p1|Annihilape, L50, M|\n|poke|p1|Palafin, L50, F|\n|poke|p1|Abomasnow, L50, M|\n|poke|p1|Iron Bundle, L50|\n|poke|p1|Roaring Moon, L50|\n|poke|p2|Garchomp, L50, M|\n|poke|p2|Annihilape, L50, M|\n|poke|p2|Kingambit, L50, M|\n|poke|p2|Chien-Pao, L50|\n|poke|p2|Farigiraf, L50, M|\n|poke|p2|Rotom-Wash, L50|\n|teampreview|4\n|inactive|Battle timer is ON: inactive players will automatically lose when time's up. (requested by joshdonnie)\n|\n|t:|1682455173\n|start\n|switch|p1a: Abomasnow|Abomasnow, L50, M|100\/100\n|switch|p1b: Iron Bundle|Iron Bundle, L50|100\/100\n|switch|p2a: Chien-Pao|Chien-Pao, L50|100\/100\n|switch|p2b: Garchomp|Garchomp, L50, M|100\/100\n|-ability|p2a: Chien-Pao|Sword of Ruin\n|-weather|Snow|[from] ability: Snow Warning|[of] p1a: Abomasnow\n|turn|1\n|\n|t:|1682455190\n|-terastallize|p2b: Garchomp|Steel\n|move|p1b: Iron Bundle|Blizzard|p2a: Chien-Pao|[spread] p2a,p2b\n|-resisted|p2a: Chien-Pao\n|-resisted|p2b: Garchomp\n|-damage|p2a: Chien-Pao|59\/100\n|-damage|p2b: Garchomp|70\/100\n|-damage|p1b: Iron Bundle|91\/100|[from] item: Life Orb\n|move|p2a: Chien-Pao|Sacred Sword|p1b: Iron Bundle\n|-supereffective|p1b: Iron Bundle\n|-damage|p1b: Iron Bundle|23\/100\n|move|p2b: Garchomp|Iron Head|p1b: Iron Bundle\n|-damage|p1b: Iron Bundle|0 fnt\n|faint|p1b: Iron Bundle\n|-end|p1b: Iron Bundle|Quark Drive|[silent]\n|move|p1a: Abomasnow|Aurora Veil|p1a: Abomasnow\n|-sidestart|p1: Wormfury|move: Aurora Veil\n|\n|-weather|Snow|[upkeep]\n|upkeep\n|\n|t:|1682455205\n|switch|p1b: Annihilape|Annihilape, L50, M|100\/100\n|turn|2\n|\n|t:|1682455224\n|-terastallize|p1b: Annihilape|Fire\n|move|p1a: Abomasnow|Ice Shard|p1b: Annihilape\n|-resisted|p1b: Annihilape\n|-damage|p1b: Annihilape|95\/100\n|move|p2a: Chien-Pao|Sacred Sword|p1a: Abomasnow\n|-supereffective|p1a: Abomasnow\n|-damage|p1a: Abomasnow|61\/100\n|move|p2b: Garchomp|Iron Head|p1a: Abomasnow\n|-supereffective|p1a: Abomasnow\n|-damage|p1a: Abomasnow|9\/100\n|move|p1b: Annihilape|Rage Fist|p2b: Garchomp\n|-damage|p2b: Garchomp|1\/100\n|-damage|p1b: Annihilape|83\/100|[from] ability: Rough Skin|[of] p2b: Garchomp\n|\n|-weather|Snow|[upkeep]\n|-heal|p1b: Annihilape|89\/100|[from] item: Leftovers\n|upkeep\n|turn|3\n|\n|t:|1682455244\n|move|p2a: Chien-Pao|Protect|p2a: Chien-Pao\n|-singleturn|p2a: Chien-Pao|Protect\n|move|p1a: Abomasnow|Ice Shard|p2b: Garchomp\n|-resisted|p2b: Garchomp\n|-damage|p2b: Garchomp|0 fnt\n|faint|p2b: Garchomp\n|move|p1b: Annihilape|Drain Punch|p2a: Chien-Pao\n|-activate|p2a: Chien-Pao|move: Protect\n|\n|-weather|Snow|[upkeep]\n|-heal|p1b: Annihilape|95\/100|[from] item: Leftovers\n|upkeep\n|\n|t:|1682455249\n|switch|p2b: Rotom|Rotom-Wash, L50, shiny|100\/100\n|turn|4\n|\n|t:|1682455254\n|move|p1a: Abomasnow|Helping Hand|p1b: Annihilape\n|-singleturn|p1b: Annihilape|Helping Hand|[of] p1a: Abomasnow\n|move|p2a: Chien-Pao|Sacred Sword|p1a: Abomasnow\n|-supereffective|p1a: Abomasnow\n|-damage|p1a: Abomasnow|0 fnt\n|faint|p1a: Abomasnow\n|move|p1b: Annihilape|Rage Fist|p2b: Rotom\n|-damage|p2b: Rotom|6\/100\n|-enditem|p2b: Rotom|Sitrus Berry|[eat]\n|-heal|p2b: Rotom|31\/100|[from] item: Sitrus Berry\n|move|p2b: Rotom|Hydro Pump|p1b: Annihilape\n|-supereffective|p1b: Annihilape\n|-damage|p1b: Annihilape|43\/100\n|\n|-weather|Snow|[upkeep]\n|-heal|p1b: Annihilape|49\/100|[from] item: Leftovers\n|upkeep\n|\n|t:|1682455263\n|switch|p1a: Roaring Moon|Roaring Moon, L50, shiny|100\/100\n|turn|5\n|\n|t:|1682455273\n|move|p2a: Chien-Pao|Sacred Sword|p1a: Roaring Moon\n|-supereffective|p1a: Roaring Moon\n|-damage|p1a: Roaring Moon|36\/100\n|-enditem|p1a: Roaring Moon|Weakness Policy\n|-boost|p1a: Roaring Moon|atk|2|[from] item: Weakness Policy\n|-boost|p1a: Roaring Moon|spa|2|[from] item: Weakness Policy\n|move|p1a: Roaring Moon|Dragon Claw|p2b: Rotom\n|-damage|p2b: Rotom|0 fnt\n|faint|p2b: Rotom\n|move|p1b: Annihilape|Drain Punch|p2a: Chien-Pao\n|-supereffective|p2a: Chien-Pao\n|-damage|p2a: Chien-Pao|0 fnt\n|-heal|p1b: Annihilape|70\/100|[from] drain|[of] p2a: Chien-Pao\n|faint|p2a: Chien-Pao\n|\n|-weather|none\n|-heal|p1b: Annihilape|76\/100|[from] item: Leftovers\n|upkeep\n|\n|t:|1682455278\n|switch|p2b: Oroku Saki|Kingambit, L50, M, shiny|100\/100\n|turn|6\n|c|\u2606joshdonnie|gg\n|\n|t:|1682455293\n|move|p2b: Oroku Saki|Sucker Punch|p1b: Annihilape\n|-damage|p1b: Annihilape|47\/100\n|move|p1a: Roaring Moon|Acrobatics|p2b: Oroku Saki\n|-resisted|p2b: Oroku Saki\n|-damage|p2b: Oroku Saki|71\/100\n|move|p1b: Annihilape|Drain Punch|p2b: Oroku Saki\n|-supereffective|p2b: Oroku Saki\n|-damage|p2b: Oroku Saki|0 fnt\n|-heal|p1b: Annihilape|81\/100|[from] drain|[of] p2b: Oroku Saki\n|faint|p2b: Oroku Saki\n|\n|win|Wormfury\n|raw|Wormfury's rating: 1250 → 1280<\/strong> (+30 for winning)\n|raw|joshdonnie's rating: 1326 → 1302<\/strong> (-24 for losing)\n","uploadtime":1682455298,"views":6,"p1id":"wormfury","p2id":"joshdonnie","formatid":"gen9vgc2023regulationc","rating":1280,"private":0,"password":""}