{"id":"gen9vgc2023regulationc-1851691884","p1":"MLGmushroom","p2":"AzInWhat?","format":"[Gen 9] VGC 2023 Regulation C","log":"|j|\u2606MLGmushroom\n|j|\u2606AzInWhat?\n|t:|1682470553\n|gametype|doubles\n|player|p1|MLGmushroom|blue|1238\n|player|p2|AzInWhat?|hilbert|1226\n|teamsize|p1|6\n|teamsize|p2|6\n|gen|9\n|tier|[Gen 9] VGC 2023 Regulation C\n|rated|\n|rule|Species Clause: Limit one of each Pok\u00e9mon\n|rule|Item Clause: Limit one of each item\n|clearpoke\n|poke|p1|Chien-Pao, L50|\n|poke|p1|Roaring Moon, L50|\n|poke|p1|Flutter Mane, L50|\n|poke|p1|Amoonguss, L50, M|\n|poke|p1|Gyarados, L50, M|\n|poke|p1|Scizor, L50, F|\n|poke|p2|Flutter Mane, L50|\n|poke|p2|Amoonguss, L50, F|\n|poke|p2|Ting-Lu, L50|\n|poke|p2|Palafin, L50, M|\n|poke|p2|Indeedee-F, L50, F|\n|poke|p2|Armarouge, L50, F|\n|teampreview|4\n|inactive|Battle timer is ON: inactive players will automatically lose when time's up. (requested by AzInWhat?)\nAzInWhat? has agreed to open team sheets.\nMLGmushroom has agreed to open team sheets.\n|inactive|MLGmushroom has 60 seconds left.\n|inactive|AzInWhat? has 60 seconds left.\n|inactive|MLGmushroom has 30 seconds left.\n|inactive|MLGmushroom has 20 seconds left.\n|\n|t:|1682470623\n|start\n|switch|p1a: Roaring Moon|Roaring Moon, L50|100\/100\n|switch|p1b: Gyarados|Gyarados, L50, M|100\/100\n|switch|p2a: INEEDAHERO|Palafin, L50, M|100\/100\n|switch|p2b: BOOAHSCARY|Flutter Mane, L50|100\/100\n|-ability|p1b: Gyarados|Intimidate|boost\n|-unboost|p2a: INEEDAHERO|atk|1\n|-unboost|p2b: BOOAHSCARY|atk|1\n|-enditem|p1a: Roaring Moon|Booster Energy\n|-activate|p1a: Roaring Moon|ability: Protosynthesis|[fromitem]\n|-start|p1a: Roaring Moon|protosynthesisatk\n|turn|1\n|inactive|AzInWhat? has 30 seconds left.\n|inactive|AzInWhat? has 20 seconds left.\n|inactive|AzInWhat? has 15 seconds left.\n|\n|t:|1682470667\n|move|p1a: Roaring Moon|Protect|p1a: Roaring Moon\n|-singleturn|p1a: Roaring Moon|Protect\n|move|p2b: BOOAHSCARY|Dazzling Gleam|p1b: Gyarados|[spread] p1b\n|-activate|p1a: Roaring Moon|move: Protect\n|-damage|p1b: Gyarados|73\/100\n|move|p2a: INEEDAHERO|Wave Crash|p1a: Roaring Moon\n|-activate|p1a: Roaring Moon|move: Protect\n|move|p1b: Gyarados|Thunder Wave|p2b: BOOAHSCARY\n|-status|p2b: BOOAHSCARY|par\n|\n|upkeep\n|turn|2\n|\n|t:|1682470686\n|detailschange|p2a: INEEDAHERO|Palafin-Hero, L50, M\n|switch|p2a: MAIDSAMA|Indeedee-F, L50, F|100\/100\n|-fieldstart|move: Psychic Terrain|[from] ability: Psychic Surge|[of] p2a: MAIDSAMA\n|-terastallize|p1a: Roaring Moon|Flying\n|move|p1a: Roaring Moon|Acrobatics|p2b: BOOAHSCARY\n|-enditem|p2b: BOOAHSCARY|Focus Sash\n|-damage|p2b: BOOAHSCARY|1\/100 par\n|move|p1b: Gyarados|Thunder Wave|p2a: MAIDSAMA\n|-status|p2a: MAIDSAMA|par\n|move|p2b: BOOAHSCARY|Dazzling Gleam|p1a: Roaring Moon|[spread] p1a,p1b\n|-damage|p1a: Roaring Moon|70\/100\n|-damage|p1b: Gyarados|44\/100\n|\n|upkeep\n|turn|3\n|\n|t:|1682470703\n|move|p1a: Roaring Moon|Protect|p1a: Roaring Moon\n|-singleturn|p1a: Roaring Moon|Protect\n|move|p2a: MAIDSAMA|Follow Me|p2a: MAIDSAMA\n|-singleturn|p2a: MAIDSAMA|move: Follow Me\n|move|p1b: Gyarados|Waterfall|p2a: MAIDSAMA\n|-damage|p2a: MAIDSAMA|30\/100 par\n|move|p2b: BOOAHSCARY|Dazzling Gleam|p1a: Roaring Moon|[spread] p1b\n|-activate|p1a: Roaring Moon|move: Protect\n|-damage|p1b: Gyarados|15\/100\n|\n|upkeep\n|turn|4\n|\n|t:|1682470715\n|move|p2a: MAIDSAMA|Follow Me|p2a: MAIDSAMA\n|-singleturn|p2a: MAIDSAMA|move: Follow Me\n|move|p1a: Roaring Moon|Throat Chop|p2a: MAIDSAMA\n|-supereffective|p2a: MAIDSAMA\n|-damage|p2a: MAIDSAMA|0 fnt\n|faint|p2a: MAIDSAMA\n|move|p1b: Gyarados|Waterfall|p2b: BOOAHSCARY\n|-damage|p2b: BOOAHSCARY|0 fnt\n|faint|p2b: BOOAHSCARY\n|-end|p2b: BOOAHSCARY|Protosynthesis|[silent]\n|\n|upkeep\n|\n|t:|1682470722\n|switch|p2b: ARMEDFR|Armarouge, L50, F|100\/100\n|switch|p2a: INEEDAHERO|Palafin-Hero, L50, M|100\/100\n|-activate|p2a: INEEDAHERO|ability: Zero to Hero\n|turn|5\n|\n|t:|1682470736\n|move|p2a: INEEDAHERO|Wave Crash|p1a: Roaring Moon\n|-damage|p1a: Roaring Moon|0 fnt\n|faint|p1a: Roaring Moon\n|-end|p1a: Roaring Moon|Protosynthesis|[silent]\n|-damage|p2a: INEEDAHERO|77\/100|[from] Recoil\n|move|p2b: ARMEDFR|Expanding Force|p1b: Gyarados\n|-damage|p1b: Gyarados|0 fnt\n|faint|p1b: Gyarados\n|\n|upkeep\n|\n|t:|1682470742\n|switch|p1a: Flutter Mane|Flutter Mane, L50|100\/100\n|switch|p1b: Scizor|Scizor, L50, F|100\/100\n|turn|6\n|inactive|AzInWhat? has 30 seconds left.\n|\n|t:|1682470767\n|-terastallize|p2a: INEEDAHERO|Water\n|move|p1b: Scizor|Protect|p1b: Scizor\n|-singleturn|p1b: Scizor|Protect\n|move|p1a: Flutter Mane|Thunderbolt|p2a: INEEDAHERO\n|-supereffective|p2a: INEEDAHERO\n|-damage|p2a: INEEDAHERO|0 fnt\n|faint|p2a: INEEDAHERO\n|-damage|p1a: Flutter Mane|91\/100|[from] item: Life Orb\n|move|p2b: ARMEDFR|Armor Cannon|p1b: Scizor\n|-activate|p1b: Scizor|move: Protect\n|\n|-fieldend|move: Psychic Terrain\n|upkeep\n|turn|7\n|\n|t:|1682470787\n|move|p1b: Scizor|Bullet Punch|p2b: ARMEDFR\n|-resisted|p2b: ARMEDFR\n|-damage|p2b: ARMEDFR|89\/100\n|move|p1a: Flutter Mane|Shadow Ball|p2b: ARMEDFR\n|-supereffective|p2b: ARMEDFR\n|-damage|p2b: ARMEDFR|0 fnt\n|faint|p2b: ARMEDFR\n|-damage|p1a: Flutter Mane|82\/100|[from] item: Life Orb\n|\n|win|MLGmushroom\n|raw|MLGmushroom's rating: 1238 → 1262<\/strong> (+24 for winning)\n|raw|AzInWhat?'s rating: 1226 → 1202<\/strong> (-24 for losing)\n|l|\u2606AzInWhat?\n","uploadtime":1682470795,"views":10,"p1id":"mlgmushroom","p2id":"azinwhat","formatid":"gen9vgc2023regulationc","rating":1202,"private":0,"password":""}