{"id":"gen9vgc2023regulationc-1848618010","p1":"andres636","p2":"TuP1cha","format":"[Gen 9] VGC 2023 Regulation C","log":"|j|\u2606andres636\n|j|\u2606TuP1cha\n|t:|1682094927\n|gametype|doubles\n|player|p1|andres636|170|1229\n|player|p2|TuP1cha|silver|1200\n|teamsize|p1|6\n|teamsize|p2|6\n|gen|9\n|tier|[Gen 9] VGC 2023 Regulation C\n|rated|\n|rule|Species Clause: Limit one of each Pok\u00e9mon\n|rule|Item Clause: Limit one of each item\n|clearpoke\n|poke|p1|Grimmsnarl, L50, M|\n|poke|p1|Arcanine, L50, F|\n|poke|p1|Iron Bundle, L50|\n|poke|p1|Tyranitar, L50, F|\n|poke|p1|Iron Hands, L50|\n|poke|p1|Scizor, L50, F|\n|poke|p2|Annihilape, L50, F|\n|poke|p2|Amoonguss, L50, F|\n|poke|p2|Chi-Yu, L50|\n|poke|p2|Gyarados, L50, F|\n|poke|p2|Flutter Mane, L50|\n|poke|p2|Kingambit, L50, F|\n|teampreview|4\n|inactive|Battle timer is ON: inactive players will automatically lose when time's up. (requested by TuP1cha)\n|inactive|TuP1cha has 60 seconds left.\n|\n|t:|1682094977\n|start\n|switch|p1a: Grimmsnarl|Grimmsnarl, L50, M, shiny|100\/100\n|switch|p1b: Iron Bundle|Iron Bundle, L50|100\/100\n|switch|p2a: Kingambit|Kingambit, L50, F|100\/100\n|switch|p2b: Amoonguss|Amoonguss, L50, F|100\/100\n|turn|1\n|inactive|TuP1cha has 30 seconds left.\n|inactive|TuP1cha has 20 seconds left.\n|\n|t:|1682095013\n|move|p1a: Grimmsnarl|Fake Out|p2b: Amoonguss\n|-damage|p2b: Amoonguss|90\/100\n|move|p1b: Iron Bundle|Freeze-Dry|p2b: Amoonguss\n|-supereffective|p2b: Amoonguss\n|-damage|p2b: Amoonguss|40\/100\n|move|p2a: Kingambit|Assurance|p1b: Iron Bundle\n|-damage|p1b: Iron Bundle|61\/100\n|cant|p2b: Amoonguss|flinch\n|\n|upkeep\n|turn|2\n|inactive|TuP1cha has 30 seconds left.\n|\n|t:|1682095045\n|switch|p2b: Annihilape|Annihilape, L50, F|100\/100\n|move|p1a: Grimmsnarl|Reflect|p1a: Grimmsnarl\n|-sidestart|p1: andres636|Reflect\n|move|p1b: Iron Bundle|Freeze-Dry|p2b: Annihilape\n|-damage|p2b: Annihilape|74\/100\n|move|p2a: Kingambit|Iron Head|p1a: Grimmsnarl\n|-supereffective|p1a: Grimmsnarl\n|-damage|p1a: Grimmsnarl|33\/100\n|\n|-heal|p2b: Annihilape|80\/100|[from] item: Leftovers\n|upkeep\n|turn|3\n|inactive|TuP1cha has 30 seconds left.\n|\n|t:|1682095071\n|move|p1b: Iron Bundle|Protect|p1b: Iron Bundle\n|-singleturn|p1b: Iron Bundle|Protect\n|move|p1a: Grimmsnarl|Light Screen|p1a: Grimmsnarl\n|-sidestart|p1: andres636|move: Light Screen\n|move|p2b: Annihilape|Bulk Up|p2b: Annihilape\n|-boost|p2b: Annihilape|atk|1\n|-boost|p2b: Annihilape|def|1\n|move|p2a: Kingambit|Assurance|p1b: Iron Bundle\n|-activate|p1b: Iron Bundle|move: Protect\n|\n|-heal|p2b: Annihilape|87\/100|[from] item: Leftovers\n|upkeep\n|turn|4\n|\n|t:|1682095091\n|move|p2b: Annihilape|Protect|p2b: Annihilape\n|-singleturn|p2b: Annihilape|Protect\n|move|p1b: Iron Bundle|Hydro Pump|p2b: Annihilape\n|-activate|p2b: Annihilape|move: Protect\n|move|p1a: Grimmsnarl|Spirit Break|p2b: Annihilape\n|-activate|p2b: Annihilape|move: Protect\n|move|p2a: Kingambit|Iron Head|p1a: Grimmsnarl\n|-supereffective|p1a: Grimmsnarl\n|-damage|p1a: Grimmsnarl|0 fnt\n|faint|p1a: Grimmsnarl\n|\n|-heal|p2b: Annihilape|93\/100|[from] item: Leftovers\n|upkeep\n|\n|t:|1682095098\n|switch|p1a: Scizor|Scizor, L50, F|100\/100\n|turn|5\n|inactive|TuP1cha has 30 seconds left.\n|\n|t:|1682095127\n|switch|p2a: Gyarados|Gyarados, L50, F, shiny|100\/100\n|-ability|p2a: Gyarados|Intimidate|boost\n|-unboost|p1a: Scizor|atk|1\n|-unboost|p1b: Iron Bundle|atk|1\n|move|p1b: Iron Bundle|Encore|p2b: Annihilape\n|-start|p2b: Annihilape|Encore\n|move|p2b: Annihilape|Protect||[still]\n|-fail|p2b: Annihilape\n|move|p1a: Scizor|Swords Dance|p1a: Scizor\n|-boost|p1a: Scizor|atk|2\n|\n|-heal|p2b: Annihilape|99\/100|[from] item: Leftovers\n|upkeep\n|turn|6\n|inactive|TuP1cha has 30 seconds left.\n|inactive|TuP1cha has 20 seconds left.\n|\n|t:|1682095163\n|move|p2b: Annihilape|Protect|p2b: Annihilape\n|-singleturn|p2b: Annihilape|Protect\n|move|p1b: Iron Bundle|Freeze-Dry|p2a: Gyarados\n|-supereffective|p2a: Gyarados\n|-damage|p2a: Gyarados|0 fnt\n|faint|p2a: Gyarados\n|move|p1a: Scizor|Swords Dance|p1a: Scizor\n|-boost|p1a: Scizor|atk|2\n|\n|-heal|p2b: Annihilape|100\/100|[from] item: Leftovers\n|upkeep\n|\n|t:|1682095174\n|switch|p2a: Amoonguss|Amoonguss, L50, F|74\/100\n|turn|7\n|inactive|andres636 has 30 seconds left.\n|\n|t:|1682095199\n|move|p2b: Annihilape|Protect||[still]\n|-fail|p2b: Annihilape\n|move|p1b: Iron Bundle|Freeze-Dry|p2a: Amoonguss\n|-supereffective|p2a: Amoonguss\n|-damage|p2a: Amoonguss|22\/100\n|-status|p2a: Amoonguss|frz\n|-enditem|p2a: Amoonguss|Aguav Berry|[eat]\n|-heal|p2a: Amoonguss|55\/100 frz|[from] item: Aguav Berry\n|move|p1a: Scizor|Aerial Ace|p2b: Annihilape\n|-supereffective|p2b: Annihilape\n|-crit|p2b: Annihilape\n|-damage|p2b: Annihilape|0 fnt\n|faint|p2b: Annihilape\n|-damage|p1a: Scizor|91\/100|[from] item: Life Orb\n|cant|p2a: Amoonguss|frz\n|\n|upkeep\n|\n|t:|1682095213\n|switch|p2b: Kingambit|Kingambit, L50, F|100\/100\n|turn|8\n|\n|t:|1682095237\n|-terastallize|p2b: Kingambit|Flying\n|move|p1b: Iron Bundle|Hydro Pump|p2b: Kingambit\n|-damage|p2b: Kingambit|64\/100\n|move|p1a: Scizor|Aerial Ace|p2a: Amoonguss\n|-supereffective|p2a: Amoonguss\n|-damage|p2a: Amoonguss|0 fnt\n|faint|p2a: Amoonguss\n|-damage|p1a: Scizor|81\/100|[from] item: Life Orb\n|move|p2b: Kingambit|Tera Blast|p1a: Scizor\n|-damage|p1a: Scizor|52\/100\n|\n|upkeep\n|turn|9\n|-message|TuP1cha forfeited.\n|\n|win|andres636\n|raw|andres636's rating: 1229 → 1252<\/strong> (+23 for winning)\n|raw|TuP1cha's rating: 1200 → 1177<\/strong> (-23 for losing)\n","uploadtime":1682095257,"views":5,"p1id":"andres636","p2id":"tup1cha","formatid":"gen9vgc2023regulationc","rating":1177,"private":0,"password":""}