{"id":"gen9vgc2023regulationc-1852317326","p1":"Stallionty-09","p2":"r3gCt3st","format":"[Gen 9] VGC 2023 Regulation C","log":"|j|\u2606Stallionty-09\n|j|\u2606r3gCt3st\n|t:|1682543336\n|gametype|doubles\n|player|p1|Stallionty-09|170|1336\n|player|p2|r3gCt3st|unknown|1325\n|teamsize|p1|6\n|teamsize|p2|6\n|gen|9\n|tier|[Gen 9] VGC 2023 Regulation C\n|rated|\n|rule|Species Clause: Limit one of each Pok\u00e9mon\n|rule|Item Clause: Limit one of each item\n|clearpoke\n|poke|p1|Pelipper, L50, F|\n|poke|p1|Drednaw, L50, F|\n|poke|p1|Chien-Pao, L50|\n|poke|p1|Dragonite, L50, F|\n|poke|p1|Tatsugiri, L50, M|\n|poke|p1|Dondozo, L50, M|\n|poke|p2|Gyarados, L50, F|\n|poke|p2|Annihilape, L50, M|\n|poke|p2|Ting-Lu, L50|\n|poke|p2|Flutter Mane, L50|\n|poke|p2|Amoonguss, L50, M|\n|poke|p2|Grimmsnarl, L50, M|\n|teampreview|4\n|inactive|Battle timer is ON: inactive players will automatically lose when time's up. (requested by Stallionty-09)\n|\n|t:|1682543348\n|start\n|switch|p1a: Pelipper|Pelipper, L50, F|100\/100\n|switch|p1b: Dondozo|Dondozo, L50, M|100\/100\n|switch|p2a: Grimmsnarl|Grimmsnarl, L50, M|100\/100\n|switch|p2b: Gyarados|Gyarados, L50, F|100\/100\n|-ability|p2b: Gyarados|Intimidate|boost\n|-unboost|p1a: Pelipper|atk|1\n|-unboost|p1b: Dondozo|atk|1\n|-weather|RainDance|[from] ability: Drizzle|[of] p1a: Pelipper\n|turn|1\n|\n|t:|1682543365\n|switch|p2b: Amoonguss|Amoonguss, L50, M|100\/100\n|switch|p1a: Tatsugiri|Tatsugiri, L50, M|100\/100\n|-activate|p1a: Tatsugiri|ability: Commander|[of] p1b: Dondozo\n|-boost|p1b: Dondozo|atk|2\n|-boost|p1b: Dondozo|spa|2\n|-boost|p1b: Dondozo|spe|2\n|-boost|p1b: Dondozo|def|2\n|-boost|p1b: Dondozo|spd|2\n|-terastallize|p1b: Dondozo|Water\n|move|p2a: Grimmsnarl|Light Screen|p2a: Grimmsnarl\n|-sidestart|p2: r3gCt3st|move: Light Screen\n|move|p1b: Dondozo|Surf|p2a: Grimmsnarl|[spread] p2a,p2b\n|-miss|p1b: Dondozo|p1a: Tatsugiri\n|-resisted|p2b: Amoonguss\n|-damage|p2a: Grimmsnarl|36\/100\n|-damage|p2b: Amoonguss|63\/100\n|-damage|p1b: Dondozo|91\/100|[from] item: Life Orb\n|\n|-weather|RainDance|[upkeep]\n|upkeep\n|turn|2\n|\n|t:|1682543385\n|move|p2a: Grimmsnarl|Reflect|p2a: Grimmsnarl\n|-sidestart|p2: r3gCt3st|Reflect\n|move|p1b: Dondozo|Surf|p2a: Grimmsnarl|[spread] p2a,p2b\n|-miss|p1b: Dondozo|p1a: Tatsugiri\n|-resisted|p2b: Amoonguss\n|-damage|p2a: Grimmsnarl|0 fnt\n|-damage|p2b: Amoonguss|27\/100\n|faint|p2a: Grimmsnarl\n|-damage|p1b: Dondozo|81\/100|[from] item: Life Orb\n|move|p2b: Amoonguss|Spore|p1b: Dondozo\n|-status|p1b: Dondozo|slp|[from] move: Spore\n|\n|-weather|RainDance|[upkeep]\n|upkeep\n|\n|t:|1682543389\n|switch|p2a: Ting-Lu|Ting-Lu, L50|100\/100\n|-ability|p2a: Ting-Lu|Vessel of Ruin\n|turn|3\n|\n|t:|1682543401\n|switch|p2b: Gyarados|Gyarados, L50, F|100\/100\n|-ability|p2b: Gyarados|Intimidate|boost\n|-unboost|p1a: Tatsugiri|atk|1\n|-unboost|p1b: Dondozo|atk|1\n|-terastallize|p2a: Ting-Lu|Poison\n|cant|p1b: Dondozo|slp\n|move|p1b: Dondozo|Sleep Talk|p1b: Dondozo\n|move|p1b: Dondozo|Wave Crash|p2b: Gyarados|[from]move: Sleep Talk\n|-resisted|p2b: Gyarados\n|-damage|p2b: Gyarados|68\/100\n|-damage|p1b: Dondozo|72\/100 slp|[from] Recoil\n|-damage|p1b: Dondozo|62\/100 slp|[from] item: Life Orb\n|move|p2a: Ting-Lu|Fissure|p1b: Dondozo\n|-damage|p1b: Dondozo|0 fnt\n|faint|p1b: Dondozo\n|-ohko\n|\n|-weather|RainDance|[upkeep]\n|upkeep\n|\n|t:|1682543426\n|switch|p1b: Drednaw|Drednaw, L50, F|100\/100\n|turn|4\n|\n|t:|1682543444\n|switch|p2b: Amoonguss|Amoonguss, L50, M|60\/100\n|move|p1a: Tatsugiri|Helping Hand|p1b: Drednaw\n|-singleturn|p1b: Drednaw|Helping Hand|[of] p1a: Tatsugiri\n|move|p1b: Drednaw|Rock Slide|p2a: Ting-Lu|[spread] p2a,p2b\n|-damage|p2a: Ting-Lu|79\/100\n|-damage|p2b: Amoonguss|30\/100\n|move|p2a: Ting-Lu|Fissure|p1a: Tatsugiri\n|-damage|p1a: Tatsugiri|0 fnt\n|faint|p1a: Tatsugiri\n|-ohko\n|\n|-weather|RainDance|[upkeep]\n|upkeep\n|\n|t:|1682543460\n|switch|p1a: Pelipper|Pelipper, L50, F|100\/100\n|turn|5\n|\n|t:|1682543470\n|switch|p2b: Gyarados|Gyarados, L50, F|68\/100\n|-ability|p2b: Gyarados|Intimidate|boost\n|-unboost|p1a: Pelipper|atk|1\n|-unboost|p1b: Drednaw|atk|1\n|move|p1b: Drednaw|Rock Slide|p2a: Ting-Lu|[spread] p2a,p2b\n|-supereffective|p2b: Gyarados\n|-damage|p2a: Ting-Lu|70\/100\n|-damage|p2b: Gyarados|34\/100\n|move|p1a: Pelipper|Hydro Pump|p2a: Ting-Lu\n|-damage|p2a: Ting-Lu|51\/100\n|move|p2a: Ting-Lu|Stone Edge|p1a: Pelipper\n|-supereffective|p1a: Pelipper\n|-damage|p1a: Pelipper|44\/100\n|\n|-weather|RainDance|[upkeep]\n|upkeep\n|turn|6\n|\n|t:|1682543488\n|switch|p2b: Amoonguss|Amoonguss, L50, M|63\/100\n|move|p1b: Drednaw|Rock Slide|p2b: Amoonguss|[spread] p2a,p2b\n|-damage|p2a: Ting-Lu|43\/100\n|-damage|p2b: Amoonguss|48\/100\n|move|p1a: Pelipper|Hurricane|p2a: Ting-Lu\n|-damage|p2a: Ting-Lu|30\/100\n|-start|p2a: Ting-Lu|confusion\n|-activate|p2a: Ting-Lu|confusion\n|move|p2a: Ting-Lu|Stone Edge|p1a: Pelipper\n|-supereffective|p1a: Pelipper\n|-damage|p1a: Pelipper|0 fnt\n|faint|p1a: Pelipper\n|\n|-weather|RainDance|[upkeep]\n|upkeep\n|turn|7\n|\n|t:|1682543505\n|switch|p2b: Gyarados|Gyarados, L50, F|34\/100\n|-ability|p2b: Gyarados|Intimidate|boost\n|-unboost|p1b: Drednaw|atk|1\n|move|p1b: Drednaw|Rock Slide|p2b: Gyarados|[spread] p2a,p2b\n|-supereffective|p2b: Gyarados\n|-damage|p2a: Ting-Lu|24\/100\n|-damage|p2b: Gyarados|6\/100\n|cant|p2a: Ting-Lu|flinch\n|\n|-weather|RainDance|[upkeep]\n|upkeep\n|turn|8\n|\n|t:|1682543518\n|switch|p2b: Amoonguss|Amoonguss, L50, M|82\/100\n|move|p1b: Drednaw|Rock Slide|p2b: Amoonguss|[spread] p2a,p2b\n|-damage|p2a: Ting-Lu|17\/100\n|-damage|p2b: Amoonguss|70\/100\n|cant|p2a: Ting-Lu|flinch\n|\n|-weather|none\n|-sideend|p2: r3gCt3st|move: Light Screen\n|upkeep\n|turn|9\n|\n|t:|1682543528\n|switch|p2b: Gyarados|Gyarados, L50, F|6\/100\n|-ability|p2b: Gyarados|Intimidate|boost\n|-unboost|p1b: Drednaw|atk|1\n|move|p1b: Drednaw|Rock Slide|p2b: Gyarados|[spread] p2a,p2b\n|-supereffective|p2b: Gyarados\n|-damage|p2a: Ting-Lu|12\/100\n|-damage|p2b: Gyarados|0 fnt\n|faint|p2b: Gyarados\n|-end|p2a: Ting-Lu|confusion\n|move|p2a: Ting-Lu|Stomping Tantrum|p1b: Drednaw\n|-supereffective|p1b: Drednaw\n|-damage|p1b: Drednaw|0 fnt\n|faint|p1b: Drednaw\n|\n|win|r3gCt3st\n|raw|Stallionty-09's rating: 1336 → 1315<\/strong> (-21 for losing)\n|raw|r3gCt3st's rating: 1325 → 1346<\/strong> (+21 for winning)\n","uploadtime":1682543537,"views":11,"p1id":"stallionty09","p2id":"r3gct3st","formatid":"gen9vgc2023regulationc","rating":1315,"private":0,"password":""}