{"id":"gen9vgc2023regulationc-1854262934","p1":"titannexus","p2":"Drlawyer","format":"[Gen 9] VGC 2023 Regulation C","log":"|j|\u2606titannexus\n|j|\u2606Drlawyer\n|t:|1682790037\n|gametype|doubles\n|player|p1|titannexus|acetrainer-gen4|1476\n|player|p2|Drlawyer|hilbert-wonderlauncher|1372\n|teamsize|p1|6\n|teamsize|p2|6\n|gen|9\n|tier|[Gen 9] VGC 2023 Regulation C\n|rated|\n|rule|Species Clause: Limit one of each Pok\u00e9mon\n|rule|Item Clause: Limit one of each item\n|clearpoke\n|poke|p1|Dondozo, L50, M|\n|poke|p1|Tatsugiri, L50, F|\n|poke|p1|Corviknight, L50, F|\n|poke|p1|Glimmora, L50, M|\n|poke|p1|Flutter Mane, L50|\n|poke|p1|Arcanine, L50, M|\n|poke|p2|Great Tusk, L50|\n|poke|p2|Talonflame, L50, F|\n|poke|p2|Chi-Yu, L50|\n|poke|p2|Flutter Mane, L50|\n|poke|p2|Kingambit, L50, M|\n|poke|p2|Iron Bundle, L50|\n|teampreview|4\n|inactive|Battle timer is ON: inactive players will automatically lose when time's up. (requested by titannexus)\n|c|\u2606titannexus|i feel like ive been seeing this team alot lately\n|inactive|titannexus has 60 seconds left.\n|c|\u2606titannexus|makes me happy\n|c|\u2606Drlawyer|Why\n|c|\u2606titannexus|i brought it to ft wayne and went 6-3\n|c|\u2606Drlawyer|Ah\n|inactive|titannexus has 30 seconds left.\n|\n|t:|1682790102\n|start\n|switch|p1a: Glimmora|Glimmora, L50, M|100\/100\n|switch|p1b: Corviknight|Corviknight, L50, F|100\/100\n|switch|p2a: General Bird|Talonflame, L50, F, shiny|100\/100\n|switch|p2b: Raven|Flutter Mane, L50, shiny|100\/100\n|turn|1\n|c|\u2606Drlawyer|I picked it up watching wuic\n|inactive|titannexus has 30 seconds left.\n|\n|t:|1682790136\n|-terastallize|p2a: General Bird|Ghost\n|move|p2a: General Bird|Will-O-Wisp|p1b: Corviknight\n|-status|p1b: Corviknight|brn\n|move|p2b: Raven|Shadow Ball|p1a: Glimmora\n|-damage|p1a: Glimmora|19\/100\n|move|p1a: Glimmora|Power Gem|p2a: General Bird\n|-damage|p2a: General Bird|35\/100\n|move|p1b: Corviknight|Iron Head|p2b: Raven\n|-supereffective|p2b: Raven\n|-damage|p2b: Raven|20\/100\n|\n|-damage|p1b: Corviknight|95\/100 brn|[from] brn\n|upkeep\n|turn|2\n|inactive|titannexus has 30 seconds left.\n|\n|t:|1682790162\n|switch|p1a: Tatsugiri|Tatsugiri, L50, F|100\/100\n|switch|p1b: Dondozo|Dondozo, L50, M|100\/100\n|-activate|p1a: Tatsugiri|ability: Commander|[of] p1b: Dondozo\n|-boost|p1b: Dondozo|atk|2\n|-boost|p1b: Dondozo|spa|2\n|-boost|p1b: Dondozo|spe|2\n|-boost|p1b: Dondozo|def|2\n|-boost|p1b: Dondozo|spd|2\n|move|p2a: General Bird|Tailwind|p2a: General Bird\n|-sidestart|p2: Drlawyer|move: Tailwind\n|move|p2b: Raven|Shadow Ball|p1b: Dondozo\n|-damage|p1b: Dondozo|71\/100\n|-unboost|p1b: Dondozo|spd|1\n|\n|upkeep\n|turn|3\n|\n|t:|1682790167\n|move|p2a: General Bird|Will-O-Wisp|p1b: Dondozo\n|-status|p1b: Dondozo|brn\n|move|p2b: Raven|Shadow Ball|p1b: Dondozo\n|-damage|p1b: Dondozo|32\/100 brn\n|move|p1b: Dondozo|Earthquake|p2b: Raven|[spread] p2a,p2b\n|-miss|p1b: Dondozo|p1a: Tatsugiri\n|-damage|p2a: General Bird|11\/100\n|-damage|p2b: Raven|0 fnt\n|faint|p2b: Raven\n|-end|p2b: Raven|Protosynthesis|[silent]\n|\n|-damage|p1b: Dondozo|26\/100 brn|[from] brn\n|upkeep\n|\n|t:|1682790178\n|switch|p2b: Tomioka|Iron Bundle, L50, shiny|100\/100\n|-enditem|p2b: Tomioka|Booster Energy\n|-activate|p2b: Tomioka|ability: Quark Drive|[fromitem]\n|-start|p2b: Tomioka|quarkdrivespe\n|turn|4\n|\n|t:|1682790182\n|move|p2b: Tomioka|Freeze-Dry|p1b: Dondozo\n|-supereffective|p1b: Dondozo\n|-damage|p1b: Dondozo|0 fnt\n|faint|p1b: Dondozo\n|move|p2a: General Bird|Brave Bird|p1a: Tatsugiri\n|-damage|p1a: Tatsugiri|33\/100\n|-damage|p2a: General Bird|0 fnt|[from] Recoil\n|faint|p2a: General Bird\n|\n|upkeep\n|\n|t:|1682790188\n|switch|p2a: Fish and Chips|Chi-Yu, L50|100\/100\n|switch|p1b: Glimmora|Glimmora, L50, M|19\/100\n|-ability|p2a: Fish and Chips|Beads of Ruin\n|turn|5\n|\n|t:|1682790196\n|-terastallize|p1a: Tatsugiri|Steel\n|move|p2b: Tomioka|Freeze-Dry|p1a: Tatsugiri\n|-resisted|p1a: Tatsugiri\n|-damage|p1a: Tatsugiri|7\/100\n|move|p2a: Fish and Chips|Dark Pulse|p1b: Glimmora\n|-damage|p1b: Glimmora|0 fnt\n|faint|p1b: Glimmora\n|move|p1a: Tatsugiri|Icy Wind|p2b: Tomioka|[spread] p2a,p2b\n|-resisted|p2a: Fish and Chips\n|-resisted|p2b: Tomioka\n|-damage|p2a: Fish and Chips|92\/100\n|-damage|p2b: Tomioka|93\/100\n|-unboost|p2a: Fish and Chips|spe|1\n|-unboost|p2b: Tomioka|spe|1\n|\n|-sideend|p2: Drlawyer|move: Tailwind\n|upkeep\n|\n|t:|1682790205\n|switch|p1b: Corviknight|Corviknight, L50, F|95\/100 brn\n|turn|6\n|-message|titannexus forfeited.\n|\n|win|Drlawyer\n|raw|titannexus's rating: 1476 → 1450<\/strong> (-26 for losing)\n|raw|Drlawyer's rating: 1372 → 1398<\/strong> (+26 for winning)\n|l|\u2606titannexus\n","uploadtime":1682790234,"views":15,"p1id":"titannexus","p2id":"drlawyer","formatid":"gen9vgc2023regulationc","rating":1398,"private":0,"password":""}