{"id":"gen9vgc2023regulationc-1863371857","p1":"revocolombia","p2":"Tas87","format":"[Gen 9] VGC 2023 Regulation C","log":"|j|\u2606revocolombia\n|j|\u2606Tas87\n|t:|1684008526\n|gametype|doubles\n|player|p1|revocolombia|pokemonranger-gen4|1333\n|player|p2|Tas87|101|1264\n|teamsize|p1|6\n|teamsize|p2|6\n|gen|9\n|tier|[Gen 9] VGC 2023 Regulation C\n|rated|\n|rule|Species Clause: Limit one of each Pok\u00e9mon\n|rule|Item Clause: Limit one of each item\n|clearpoke\n|poke|p1|Flutter Mane, L50|\n|poke|p1|Annihilape, L50, M|\n|poke|p1|Dragonite, L50, F|\n|poke|p1|Chien-Pao, L50|\n|poke|p1|Murkrow, L50, F|\n|poke|p1|Gholdengo, L50|\n|poke|p2|Kilowattrel, L50, F|\n|poke|p2|Garchomp, L50, M|\n|poke|p2|Tyranitar, L50, F|\n|poke|p2|Orthworm, L50, F|\n|poke|p2|Medicham, L50, M|\n|poke|p2|Chien-Pao, L50|\n|teampreview|4\n|inactive|Battle timer is ON: inactive players will automatically lose when time's up. (requested by Tas87)\n|inactive|revocolombia has 60 seconds left.\n|\n|t:|1684008570\n|start\n|switch|p1a: Annihilape|Annihilape, L50, M, shiny|100\/100\n|switch|p1b: Dragonite|Dragonite, L50, F|100\/100\n|switch|p2a: Kilowattrel|Kilowattrel, L50, F|100\/100\n|switch|p2b: Chien-Pao|Chien-Pao, L50|100\/100\n|-ability|p2b: Chien-Pao|Sword of Ruin\n|turn|1\n|inactive|Tas87 has 30 seconds left.\n|\n|t:|1684008596\n|-terastallize|p1b: Dragonite|Normal\n|move|p2b: Chien-Pao|Sucker Punch||[still]\n|-fail|p2b: Chien-Pao\n|move|p2a: Kilowattrel|Tailwind|p2a: Kilowattrel\n|-sidestart|p2: Tas87|move: Tailwind\n|move|p1b: Dragonite|Dragon Dance|p1b: Dragonite\n|-boost|p1b: Dragonite|atk|1\n|-boost|p1b: Dragonite|spe|1\n|move|p1a: Annihilape|Bulk Up|p1a: Annihilape\n|-boost|p1a: Annihilape|atk|1\n|-boost|p1a: Annihilape|def|1\n|\n|upkeep\n|turn|2\n|inactive|revocolombia has 30 seconds left.\n|\n|t:|1684008622\n|switch|p2b: Garchomp|Garchomp, L50, M|100\/100\n|move|p1b: Dragonite|Extreme Speed|p2a: Kilowattrel\n|-enditem|p2a: Kilowattrel|Focus Sash\n|-damage|p2a: Kilowattrel|1\/100\n|move|p2a: Kilowattrel|Discharge|p1b: Dragonite|[spread] p1a,p1b\n|-immune|p2b: Garchomp\n|-damage|p1a: Annihilape|79\/100\n|-damage|p1b: Dragonite|88\/100\n|move|p1a: Annihilape|Drain Punch|p2b: Garchomp\n|-damage|p2b: Garchomp|57\/100\n|-heal|p1a: Annihilape|100\/100|[from] drain|[of] p2b: Garchomp\n|\n|upkeep\n|turn|3\n|inactive|revocolombia has 30 seconds left.\n|\n|t:|1684008649\n|move|p1b: Dragonite|Extreme Speed|p2a: Kilowattrel\n|-damage|p2a: Kilowattrel|0 fnt\n|faint|p2a: Kilowattrel\n|move|p2b: Garchomp|Swords Dance|p2b: Garchomp\n|-boost|p2b: Garchomp|atk|2\n|move|p1a: Annihilape|Rage Fist|p2b: Garchomp\n|-damage|p2b: Garchomp|0 fnt\n|faint|p2b: Garchomp\n|\n|upkeep\n|\n|t:|1684008659\n|switch|p2a: Chien-Pao|Chien-Pao, L50|100\/100\n|switch|p2b: Tyranitar|Tyranitar, L50, F|100\/100\n|-ability|p2a: Chien-Pao|Sword of Ruin\n|-weather|Sandstorm|[from] ability: Sand Stream|[of] p2b: Tyranitar\n|turn|4\n|\n|t:|1684008676\n|-terastallize|p2b: Tyranitar|Flying\n|move|p1b: Dragonite|Extreme Speed|p2a: Chien-Pao\n|-damage|p2a: Chien-Pao|0 fnt\n|faint|p2a: Chien-Pao\n|move|p2b: Tyranitar|Tera Blast|p1a: Annihilape\n|-supereffective|p1a: Annihilape\n|-damage|p1a: Annihilape|45\/100\n|move|p1a: Annihilape|Rage Fist|p2b: Tyranitar\n|-damage|p2b: Tyranitar|19\/100\n|\n|-weather|Sandstorm|[upkeep]\n|-damage|p1b: Dragonite|82\/100|[from] Sandstorm\n|-damage|p2b: Tyranitar|14\/100|[from] Sandstorm\n|-damage|p1a: Annihilape|38\/100|[from] Sandstorm\n|-heal|p1a: Annihilape|45\/100|[from] item: Leftovers\n|-sideend|p2: Tas87|move: Tailwind\n|upkeep\n|turn|5\n|-message|Tas87 forfeited.\n|\n|win|revocolombia\n|raw|revocolombia's rating: 1333 → 1349<\/strong> (+16 for winning)\n|raw|Tas87's rating: 1264 → 1244<\/strong> (-20 for losing)\n|l|\u2606Tas87\n","uploadtime":1684008695,"views":1,"p1id":"revocolombia","p2id":"tas87","formatid":"gen9vgc2023regulationc","rating":1244,"private":0,"password":""}