{"id":"gen9vgc2023regulationc-1854393495","p1":"giorgio cazzolungo","p2":"That_Leek","format":"[Gen 9] VGC 2023 Regulation C","log":"|j|\u2606giorgio cazzolungo\n|j|\u2606That_Leek\n|t:|1682805300\n|gametype|doubles\n|player|p1|giorgio cazzolungo|265|1246\n|player|p2|That_Leek|blue-masters|1324\n|teamsize|p1|6\n|teamsize|p2|6\n|gen|9\n|tier|[Gen 9] VGC 2023 Regulation C\n|rated|\n|rule|Species Clause: Limit one of each Pok\u00e9mon\n|rule|Item Clause: Limit one of each item\n|clearpoke\n|poke|p1|Garchomp, L50, M|\n|poke|p1|Talonflame, L50, M|\n|poke|p1|Orthworm, L50, M|\n|poke|p1|Abomasnow, L50, M|\n|poke|p1|Rotom-Wash, L50|\n|poke|p1|Gardevoir, L50, M|\n|poke|p2|Gholdengo, L50|\n|poke|p2|Gyarados, L50, M|\n|poke|p2|Tyranitar, L50, M|\n|poke|p2|Maushold-Four, L50|\n|poke|p2|Annihilape, L50, F|\n|poke|p2|Volcarona, L50, F|\n|teampreview|4\nThat_Leek has agreed to open team sheets.\n|\n|t:|1682805327\n|start\n|switch|p1a: ANTONIO|Garchomp, L50, M, shiny|100\/100\n|switch|p1b: Gardevoir|Gardevoir, L50, M|100\/100\n|switch|p2a: Volcarona|Volcarona, L50, F|100\/100\n|switch|p2b: Gyarados|Gyarados, L50, M|100\/100\n|-ability|p2b: Gyarados|Intimidate|boost\n|-unboost|p1a: ANTONIO|atk|1\n|-unboost|p1b: Gardevoir|atk|1\n|turn|1\n|\n|t:|1682805342\n|move|p1b: Gardevoir|Dazzling Gleam|p2b: Gyarados|[spread] p2a,p2b\n|-resisted|p2a: Volcarona\n|-damage|p2a: Volcarona|84\/100\n|-damage|p2b: Gyarados|75\/100\n|move|p2a: Volcarona|Tailwind|p2a: Volcarona\n|-sidestart|p2: That_Leek|move: Tailwind\n|move|p2b: Gyarados|Dragon Dance|p2b: Gyarados\n|-boost|p2b: Gyarados|atk|1\n|-boost|p2b: Gyarados|spe|1\n|move|p1a: ANTONIO|Rock Slide|p2b: Gyarados|[spread] p2a\n|-miss|p1a: ANTONIO|p2b: Gyarados\n|-supereffective|p2a: Volcarona\n|-damage|p2a: Volcarona|14\/100\n|\n|upkeep\n|turn|2\n|\n|t:|1682805367\n|switch|p1b: Rotom|Rotom-Wash, L50, shiny|100\/100\n|move|p2a: Volcarona|Giga Drain|p1a: ANTONIO\n|-damage|p1a: ANTONIO|84\/100\n|-heal|p2a: Volcarona|24\/100|[from] drain|[of] p1a: ANTONIO\n|move|p2b: Gyarados|Waterfall|p1a: ANTONIO\n|-damage|p1a: ANTONIO|16\/100\n|-damage|p2b: Gyarados|63\/100|[from] ability: Rough Skin|[of] p1a: ANTONIO\n|move|p1a: ANTONIO|Rock Slide|p2a: Volcarona|[spread] p2a,p2b\n|-supereffective|p2a: Volcarona\n|-supereffective|p2b: Gyarados\n|-damage|p2a: Volcarona|0 fnt\n|-damage|p2b: Gyarados|33\/100\n|-enditem|p2b: Gyarados|Sitrus Berry|[eat]\n|-heal|p2b: Gyarados|58\/100|[from] item: Sitrus Berry\n|faint|p2a: Volcarona\n|\n|upkeep\n|\n|t:|1682805383\n|switch|p2a: Gholdengo|Gholdengo, L50|100\/100\n|turn|3\n|\n|t:|1682805399\n|-terastallize|p2a: Gholdengo|Water\n|move|p2b: Gyarados|Protect|p2b: Gyarados\n|-singleturn|p2b: Gyarados|Protect\n|move|p2a: Gholdengo|Nasty Plot|p2a: Gholdengo\n|-boost|p2a: Gholdengo|spa|2\n|move|p1a: ANTONIO|Earthquake|p2b: Gyarados|[spread] p2a\n|-activate|p2b: Gyarados|move: Protect\n|-immune|p1b: Rotom|[from] ability: Levitate\n|-damage|p2a: Gholdengo|73\/100\n|move|p1b: Rotom|Volt Switch|p2b: Gyarados\n|-activate|p2b: Gyarados|move: Protect\n|\n|upkeep\n|turn|4\n|\n|t:|1682805415\n|move|p1b: Rotom|Protect|p1b: Rotom\n|-singleturn|p1b: Rotom|Protect\n|move|p2b: Gyarados|Waterfall|p1a: ANTONIO\n|-damage|p1a: ANTONIO|0 fnt\n|-damage|p2b: Gyarados|45\/100|[from] ability: Rough Skin|[of] p1a: ANTONIO\n|faint|p1a: ANTONIO\n|move|p2a: Gholdengo|Shadow Ball|p1b: Rotom\n|-activate|p1b: Rotom|move: Protect\n|\n|-sideend|p2: That_Leek|move: Tailwind\n|upkeep\n|\n|t:|1682805426\n|switch|p1a: Gardevoir|Gardevoir, L50, M|100\/100\n|turn|5\n|\n|t:|1682805443\n|move|p1a: Gardevoir|Dazzling Gleam|p2b: Gyarados|[spread] p2a,p2b\n|-damage|p2a: Gholdengo|39\/100\n|-damage|p2b: Gyarados|18\/100\n|move|p2b: Gyarados|Waterfall|p1a: Gardevoir\n|-damage|p1a: Gardevoir|0 fnt\n|faint|p1a: Gardevoir\n|move|p1b: Rotom|Volt Switch|p2b: Gyarados\n|-supereffective|p2b: Gyarados\n|-damage|p2b: Gyarados|0 fnt\n|faint|p2b: Gyarados\n|\n|t:|1682805453\n|switch|p1b: CHE|Orthworm, L50, M, shiny|100\/100|[from] Volt Switch\n|move|p2a: Gholdengo|Shadow Ball|p1b: CHE\n|-damage|p1b: CHE|0 fnt\n|faint|p1b: CHE\n|-damage|p2a: Gholdengo|30\/100|[from] item: Life Orb\n|\n|upkeep\n|\n|t:|1682805463\n|switch|p2b: Tyranitar|Tyranitar, L50, M|100\/100\n|switch|p1b: Rotom|Rotom-Wash, L50, shiny|100\/100\n|-weather|Sandstorm|[from] ability: Sand Stream|[of] p2b: Tyranitar\n|turn|6\n|\n|t:|1682805474\n|-terastallize|p1b: Rotom|Grass\n|move|p1b: Rotom|Volt Switch|p2a: Gholdengo\n|-supereffective|p2a: Gholdengo\n|-damage|p2a: Gholdengo|0 fnt\n|faint|p2a: Gholdengo\n|move|p2b: Tyranitar|Crunch|p1b: Rotom\n|-damage|p1b: Rotom|52\/100\n|\n|-weather|Sandstorm|[upkeep]\n|upkeep\n|turn|7\n|\n|t:|1682805484\n|move|p1b: Rotom|Will-O-Wisp|p2b: Tyranitar\n|-status|p2b: Tyranitar|brn\n|move|p2b: Tyranitar|Crunch|p1b: Rotom\n|-damage|p1b: Rotom|27\/100\n|\n|-weather|Sandstorm|[upkeep]\n|-damage|p2b: Tyranitar|95\/100 brn|[from] brn\n|upkeep\n|turn|8\n|\n|t:|1682805499\n|move|p1b: Rotom|Hydro Pump|p2b: Tyranitar\n|-supereffective|p2b: Tyranitar\n|-damage|p2b: Tyranitar|53\/100 brn\n|move|p2b: Tyranitar|Crunch|p1b: Rotom\n|-damage|p1b: Rotom|1\/100\n|-unboost|p1b: Rotom|def|1\n|\n|-weather|Sandstorm|[upkeep]\n|-damage|p2b: Tyranitar|47\/100 brn|[from] brn\n|upkeep\n|turn|9\n|\n|t:|1682805508\n|move|p1b: Rotom|Protect|p1b: Rotom\n|-singleturn|p1b: Rotom|Protect\n|move|p2b: Tyranitar|Crunch|p1b: Rotom\n|-activate|p1b: Rotom|move: Protect\n|\n|-weather|Sandstorm|[upkeep]\n|-damage|p2b: Tyranitar|42\/100 brn|[from] brn\n|upkeep\n|turn|10\n|\n|t:|1682805517\n|move|p1b: Rotom|Hydro Pump|p2b: Tyranitar|[miss]\n|-miss|p1b: Rotom|p2b: Tyranitar\n|move|p2b: Tyranitar|Crunch|p1b: Rotom\n|-damage|p1b: Rotom|0 fnt\n|faint|p1b: Rotom\n|\n|win|That_Leek\n|raw|giorgio cazzolungo's rating: 1246 → 1227<\/strong> (-19 for losing)\n|raw|That_Leek's rating: 1324 → 1340<\/strong> (+16 for winning)\n","uploadtime":1682805524,"views":18,"p1id":"giorgiocazzolungo","p2id":"thatleek","formatid":"gen9vgc2023regulationc","rating":1227,"private":0,"password":""}