{"id":"gen9vgc2023regulationc-1848599204","p1":"joemada","p2":"That_Leek","format":"[Gen 9] VGC 2023 Regulation C","log":"|j|\u2606joemada\n|j|\u2606That_Leek\n|t:|1682093335\n|gametype|doubles\n|player|p1|joemada|lance|1128\n|player|p2|That_Leek|blue-masters|1205\n|teamsize|p1|6\n|teamsize|p2|6\n|gen|9\n|tier|[Gen 9] VGC 2023 Regulation C\n|rated|\n|rule|Species Clause: Limit one of each Pok\u00e9mon\n|rule|Item Clause: Limit one of each item\n|clearpoke\n|poke|p1|Armarouge, L50, F|\n|poke|p1|Indeedee-F, L50, F|\n|poke|p1|Skeledirge, L50, F|\n|poke|p1|Amoonguss, L50, M|\n|poke|p1|Iron Hands, L50|\n|poke|p1|Kingambit, L50, M|\n|poke|p2|Gholdengo, L50|\n|poke|p2|Gyarados, L50, M|\n|poke|p2|Tyranitar, L50, M|\n|poke|p2|Maushold-Four, L50|\n|poke|p2|Annihilape, L50, M|\n|poke|p2|Volcarona, L50, F|\n|teampreview|4\n|inactive|Battle timer is ON: inactive players will automatically lose when time's up. (requested by joemada)\njoemada has agreed to open team sheets.\n|\n|t:|1682093365\n|start\n|switch|p1a: Armarouge|Armarouge, L50, F|100\/100\n|switch|p1b: Indeedee|Indeedee-F, L50, F|100\/100\n|switch|p2a: Tyranitar|Tyranitar, L50, M|100\/100\n|switch|p2b: Volcarona|Volcarona, L50, F|100\/100\n|-fieldstart|move: Psychic Terrain|[from] ability: Psychic Surge|[of] p1b: Indeedee\n|-enditem|p1b: Indeedee|Psychic Seed\n|-boost|p1b: Indeedee|spd|1|[from] item: Psychic Seed\n|-weather|Sandstorm|[from] ability: Sand Stream|[of] p2a: Tyranitar\n|turn|1\n|inactive|joemada has 30 seconds left.\n|\n|t:|1682093398\n|move|p1b: Indeedee|Protect|p1b: Indeedee\n|-singleturn|p1b: Indeedee|Protect\n|move|p2b: Volcarona|Fiery Dance|p1b: Indeedee\n|-activate|p1b: Indeedee|move: Protect\n|move|p2a: Tyranitar|Crunch|p1a: Armarouge\n|-supereffective|p1a: Armarouge\n|-damage|p1a: Armarouge|46\/100\n|-unboost|p1a: Armarouge|def|1\n|move|p1a: Armarouge|Trick Room|p1a: Armarouge\n|-fieldstart|move: Trick Room|[of] p1a: Armarouge\n|\n|-weather|Sandstorm|[upkeep]\n|-damage|p1a: Armarouge|40\/100|[from] Sandstorm\n|-damage|p1b: Indeedee|94\/100|[from] Sandstorm\n|-damage|p2b: Volcarona|94\/100|[from] Sandstorm\n|upkeep\n|turn|2\n|\n|t:|1682093421\n|move|p2b: Volcarona|Rage Powder|p2b: Volcarona\n|-singleturn|p2b: Volcarona|move: Rage Powder\n|move|p1a: Armarouge|Armor Cannon|p2b: Volcarona\n|-damage|p2b: Volcarona|18\/100\n|-unboost|p1a: Armarouge|def|1\n|-unboost|p1a: Armarouge|spd|1\n|-damage|p1a: Armarouge|30\/100|[from] item: Life Orb\n|move|p1b: Indeedee|Dazzling Gleam|p2a: Tyranitar|[spread] p2a,p2b\n|-supereffective|p2a: Tyranitar\n|-resisted|p2b: Volcarona\n|-damage|p2a: Tyranitar|89\/100\n|-damage|p2b: Volcarona|11\/100\n|move|p2a: Tyranitar|Crunch|p1a: Armarouge\n|-supereffective|p1a: Armarouge\n|-damage|p1a: Armarouge|0 fnt\n|faint|p1a: Armarouge\n|\n|-weather|Sandstorm|[upkeep]\n|-damage|p1b: Indeedee|88\/100|[from] Sandstorm\n|-damage|p2b: Volcarona|5\/100|[from] Sandstorm\n|upkeep\n|\n|t:|1682093437\n|switch|p1a: Skeledirge|Skeledirge, L50, F|100\/100\n|turn|3\n|\n|t:|1682093447\n|-terastallize|p1a: Skeledirge|Fairy\n|move|p1b: Indeedee|Follow Me|p1b: Indeedee\n|-singleturn|p1b: Indeedee|move: Follow Me\n|move|p2b: Volcarona|Rage Powder|p2b: Volcarona\n|-singleturn|p2b: Volcarona|move: Rage Powder\n|move|p1a: Skeledirge|Torch Song|p2b: Volcarona\n|-damage|p2b: Volcarona|0 fnt\n|-boost|p1a: Skeledirge|spa|1\n|faint|p2b: Volcarona\n|move|p2a: Tyranitar|Rock Slide|p1a: Skeledirge|[spread] p1b\n|-miss|p2a: Tyranitar|p1a: Skeledirge\n|-damage|p1b: Indeedee|47\/100\n|\n|-weather|Sandstorm|[upkeep]\n|-damage|p1a: Skeledirge|94\/100|[from] Sandstorm\n|-damage|p1b: Indeedee|41\/100|[from] Sandstorm\n|-heal|p1a: Skeledirge|100\/100|[from] item: Leftovers\n|upkeep\n|\n|t:|1682093455\n|switch|p2b: Maushold|Maushold-Four, L50|100\/100\n|turn|4\n|\n|t:|1682093472\n|move|p2b: Maushold|Follow Me|p2b: Maushold\n|-singleturn|p2b: Maushold|move: Follow Me\n|move|p1a: Skeledirge|Torch Song|p2b: Maushold\n|-damage|p2b: Maushold|19\/100\n|-boost|p1a: Skeledirge|spa|1\n|move|p1b: Indeedee|Dazzling Gleam|p2a: Tyranitar|[spread] p2a,p2b\n|-supereffective|p2a: Tyranitar\n|-damage|p2a: Tyranitar|80\/100\n|-damage|p2b: Maushold|1\/100\n|move|p2a: Tyranitar|Rock Slide|p1b: Indeedee|[spread] p1a,p1b\n|-damage|p1a: Skeledirge|76\/100\n|-damage|p1b: Indeedee|0 fnt\n|faint|p1b: Indeedee\n|\n|-weather|Sandstorm|[upkeep]\n|-damage|p1a: Skeledirge|70\/100|[from] Sandstorm\n|-heal|p1a: Skeledirge|76\/100|[from] item: Leftovers\n|upkeep\n|\n|t:|1682093488\n|switch|p1b: Amoonguss|Amoonguss, L50, M|100\/100\n|turn|5\n|\n|t:|1682093498\n|-terastallize|p2a: Tyranitar|Flying\n|move|p2b: Maushold|Follow Me|p2b: Maushold\n|-singleturn|p2b: Maushold|move: Follow Me\n|move|p1b: Amoonguss|Pollen Puff|p2b: Maushold\n|-damage|p2b: Maushold|0 fnt\n|faint|p2b: Maushold\n|move|p1a: Skeledirge|Tera Blast|p2a: Tyranitar\n|-damage|p2a: Tyranitar|31\/100\n|move|p2a: Tyranitar|Tera Blast|p1b: Amoonguss\n|-supereffective|p1b: Amoonguss\n|-damage|p1b: Amoonguss|5\/100\n|-enditem|p1b: Amoonguss|Wiki Berry|[eat]\n|-heal|p1b: Amoonguss|38\/100|[from] item: Wiki Berry\n|\n|-weather|none\n|-heal|p1a: Skeledirge|82\/100|[from] item: Leftovers\n|-fieldend|move: Trick Room\n|-fieldend|move: Psychic Terrain\n|upkeep\n|\n|t:|1682093506\n|switch|p2b: Gholdengo|Gholdengo, L50|100\/100\n|turn|6\n|\n|t:|1682093527\n|move|p1b: Amoonguss|Protect|p1b: Amoonguss\n|-singleturn|p1b: Amoonguss|Protect\n|move|p2b: Gholdengo|Make It Rain|p1a: Skeledirge|[spread] p1a\n|-activate|p1b: Amoonguss|move: Protect\n|-supereffective|p1a: Skeledirge\n|-damage|p1a: Skeledirge|0 fnt\n|-unboost|p2b: Gholdengo|spa|1\n|faint|p1a: Skeledirge\n|-damage|p2b: Gholdengo|91\/100|[from] item: Life Orb\n|move|p2a: Tyranitar|Rock Slide|p1b: Amoonguss\n|-activate|p1b: Amoonguss|move: Protect\n|\n|upkeep\n|turn|7\n|-message|joemada forfeited.\n|\n|win|That_Leek\n|raw|joemada's rating: 1128 → 1108<\/strong> (-20 for losing)\n|raw|That_Leek's rating: 1205 → 1225<\/strong> (+20 for winning)\n|l|\u2606joemada\n","uploadtime":1682093538,"views":4,"p1id":"joemada","p2id":"thatleek","formatid":"gen9vgc2023regulationc","rating":1108,"private":0,"password":""}