{"id":"gen9vgc2023regulationc-1860609255","p1":"Dyloanis16","p2":"Leafeonlou12","format":"[Gen 9] VGC 2023 Regulation C","log":"|j|\u2606Dyloanis16\n|j|\u2606Leafeonlou12\n|t:|1683658704\n|gametype|doubles\n|player|p1|Dyloanis16|hilbert|1459\n|player|p2|Leafeonlou12|1|1534\n|teamsize|p1|6\n|teamsize|p2|6\n|gen|9\n|tier|[Gen 9] VGC 2023 Regulation C\n|rated|\n|rule|Species Clause: Limit one of each Pok\u00e9mon\n|rule|Item Clause: Limit one of each item\n|clearpoke\n|poke|p1|Garganacl, L50, M|\n|poke|p1|Ting-Lu, L50|\n|poke|p1|Glimmora, L50, F|\n|poke|p1|Wo-Chien, L50|\n|poke|p1|Gyarados, L50, F|\n|poke|p1|Gothitelle, L50, M|\n|poke|p2|Rotom-Fan, L50|\n|poke|p2|Torkoal, L50, M|\n|poke|p2|Indeedee, L50, M|\n|poke|p2|Drifblim, L50, F|\n|poke|p2|Chi-Yu, L50|\n|poke|p2|Great Tusk, L50|\n|teampreview|4\n|\n|t:|1683658744\n|start\n|switch|p1a: Glimmora|Glimmora, L50, F|100\/100\n|switch|p1b: Garganacl|Garganacl, L50, M|100\/100\n|switch|p2a: Rotom|Rotom-Fan, L50|100\/100\n|switch|p2b: Indeedee|Indeedee, L50, M|100\/100\n|-fieldstart|move: Psychic Terrain|[from] ability: Psychic Surge|[of] p2b: Indeedee\n|turn|1\n|inactive|Battle timer is ON: inactive players will automatically lose when time's up. (requested by Dyloanis16)\n|inactive|Leafeonlou12 has 60 seconds left.\n|\n|t:|1683658776\n|-terastallize|p2a: Rotom|Electric\n|move|p2b: Indeedee|Trick|p1b: Garganacl\n|-activate|p2b: Indeedee|move: Trick|[of] p1b: Garganacl\n|-item|p1b: Garganacl|Choice Scarf|[from] move: Trick\n|-item|p2b: Indeedee|Leftovers|[from] move: Trick\n|move|p1a: Glimmora|Mortal Spin|p2a: Rotom|[spread] p2a,p2b\n|-damage|p2a: Rotom|95\/100\n|-damage|p2b: Indeedee|91\/100\n|-status|p2a: Rotom|psn\n|-status|p2b: Indeedee|psn\n|move|p2a: Rotom|Volt Switch|p1a: Glimmora\n|-damage|p1a: Glimmora|40\/100\n|\n|t:|1683658786\n|switch|p2a: Great Tusk|Great Tusk, L50|100\/100|[from] Volt Switch\n|move|p1b: Garganacl|Salt Cure|p2b: Indeedee\n|-crit|p2b: Indeedee\n|-damage|p2b: Indeedee|44\/100 psn\n|-start|p2b: Indeedee|Salt Cure\n|\n|-heal|p2b: Indeedee|50\/100 psn|[from] item: Leftovers\n|-damage|p2b: Indeedee|37\/100 psn|[from] psn\n|-damage|p2b: Indeedee|25\/100 psn|[from] Salt Cure\n|upkeep\n|turn|2\n|\n|t:|1683658801\n|switch|p2b: Rotom|Rotom-Fan, L50, tera:Electric|95\/100 psn\n|switch|p1b: Wo-Chien|Wo-Chien, L50|100\/100\n|-ability|p1b: Wo-Chien|Tablets of Ruin\n|move|p1a: Glimmora|Spiky Shield|p1a: Glimmora\n|-singleturn|p1a: Glimmora|move: Protect\n|move|p2a: Great Tusk|Earthquake|p1a: Glimmora|[spread] p1b\n|-activate|p1a: Glimmora|move: Protect\n|-immune|p2b: Rotom|[from] ability: Levitate\n|-resisted|p1b: Wo-Chien\n|-damage|p1b: Wo-Chien|88\/100\n|\n|-damage|p2b: Rotom|83\/100 psn|[from] psn\n|upkeep\n|turn|3\n|j| ElBoyC\n|l| ElBoyC\n|\n|t:|1683658819\n|-terastallize|p1a: Glimmora|Grass\n|move|p1a: Glimmora|Toxic|p2a: Great Tusk\n|-status|p2a: Great Tusk|tox\n|move|p2b: Rotom|Air Slash|p1b: Wo-Chien\n|-supereffective|p1b: Wo-Chien\n|-damage|p1b: Wo-Chien|41\/100\n|move|p2a: Great Tusk|Earthquake|p1b: Wo-Chien|[spread] p1a,p1b\n|-immune|p2b: Rotom|[from] ability: Levitate\n|-resisted|p1a: Glimmora\n|-resisted|p1b: Wo-Chien\n|-damage|p1a: Glimmora|24\/100\n|-damage|p1b: Wo-Chien|29\/100\n|move|p1b: Wo-Chien|Leech Seed|p2a: Great Tusk\n|-start|p2a: Great Tusk|move: Leech Seed\n|\n|-damage|p2a: Great Tusk|88\/100 tox|[from] Leech Seed|[of] p1b: Wo-Chien\n|-heal|p1b: Wo-Chien|47\/100|[silent]\n|-damage|p2b: Rotom|70\/100 psn|[from] psn\n|-damage|p2a: Great Tusk|82\/100 tox|[from] psn\n|upkeep\n|turn|4\n|\n|t:|1683658839\n|move|p1a: Glimmora|Spiky Shield|p1a: Glimmora\n|-singleturn|p1a: Glimmora|move: Protect\n|move|p1b: Wo-Chien|Protect|p1b: Wo-Chien\n|-singleturn|p1b: Wo-Chien|Protect\n|move|p2b: Rotom|Air Slash|p1a: Glimmora\n|-activate|p1a: Glimmora|move: Protect\n|move|p2a: Great Tusk|Close Combat|p1b: Wo-Chien\n|-activate|p1b: Wo-Chien|move: Protect\n|\n|-damage|p2a: Great Tusk|70\/100 tox|[from] Leech Seed|[of] p1b: Wo-Chien\n|-heal|p1b: Wo-Chien|65\/100|[silent]\n|-damage|p2b: Rotom|58\/100 psn|[from] psn\n|-damage|p2a: Great Tusk|59\/100 tox|[from] psn\n|upkeep\n|turn|5\n|\n|t:|1683658859\n|switch|p1a: Meeces|Ting-Lu, L50|100\/100\n|-ability|p1a: Meeces|Vessel of Ruin\n|-end|p2a: Great Tusk|Protosynthesis|[silent]\n|switch|p2a: Indeedee|Indeedee, L50, M|25\/100 psn\n|switch|p1b: Garganacl|Garganacl, L50, M|100\/100\n|move|p2b: Rotom|Air Slash|p1a: Meeces\n|-damage|p1a: Meeces|90\/100\n|\n|-heal|p2a: Indeedee|31\/100 psn|[from] item: Leftovers\n|-damage|p2a: Indeedee|18\/100 psn|[from] psn\n|-damage|p2b: Rotom|46\/100 psn|[from] psn\n|-fieldend|move: Psychic Terrain\n|upkeep\n|-enditem|p2b: Rotom|Sitrus Berry|[eat]\n|-heal|p2b: Rotom|71\/100 psn|[from] item: Sitrus Berry\n|turn|6\n|\n|t:|1683658884\n|switch|p2a: Great Tusk|Great Tusk, L50|59\/100 tox\n|move|p2b: Rotom|Discharge|p1b: Garganacl|[spread] p1b\n|-immune|p2a: Great Tusk\n|-immune|p1a: Meeces\n|-damage|p1b: Garganacl|82\/100\n|move|p1b: Garganacl|Salt Cure|p2b: Rotom\n|-damage|p2b: Rotom|57\/100 psn\n|-start|p2b: Rotom|Salt Cure\n|move|p1a: Meeces|Sand Tomb|p2b: Rotom\n|-immune|p2b: Rotom|[from] ability: Levitate\n|\n|-damage|p2b: Rotom|45\/100 psn|[from] psn\n|-damage|p2a: Great Tusk|53\/100 tox|[from] psn\n|-damage|p2b: Rotom|33\/100 psn|[from] Salt Cure\n|upkeep\n|turn|7\n|\n|t:|1683658902\n|switch|p1b: Wo-Chien|Wo-Chien, L50|65\/100\n|-ability|p1b: Wo-Chien|Tablets of Ruin\n|move|p2b: Rotom|Volt Switch|p1b: Wo-Chien\n|-resisted|p1b: Wo-Chien\n|-damage|p1b: Wo-Chien|55\/100\n|\n|t:|1683658908\n|switch|p2b: Chi-Yu|Chi-Yu, L50|100\/100|[from] Volt Switch\n|-ability|p2b: Chi-Yu|Beads of Ruin\n|move|p2a: Great Tusk|Close Combat|p1a: Meeces\n|-supereffective|p1a: Meeces\n|-damage|p1a: Meeces|34\/100\n|-unboost|p2a: Great Tusk|def|1\n|-unboost|p2a: Great Tusk|spd|1\n|move|p1a: Meeces|Sand Tomb|p2a: Great Tusk|[miss]\n|-miss|p1a: Meeces|p2a: Great Tusk\n|\n|-damage|p2a: Great Tusk|41\/100 tox|[from] psn\n|upkeep\n|turn|8\n|inactive|Dyloanis16 has 30 seconds left.\n|\n|t:|1683658939\n|move|p2b: Chi-Yu|Heat Wave|p1b: Wo-Chien|[spread] p1a,p1b\n|-supereffective|p1b: Wo-Chien\n|-damage|p1a: Meeces|18\/100\n|-damage|p1b: Wo-Chien|7\/100\n|move|p2a: Great Tusk|Close Combat|p1a: Meeces\n|-supereffective|p1a: Meeces\n|-damage|p1a: Meeces|0 fnt\n|-unboost|p2a: Great Tusk|def|1\n|-unboost|p2a: Great Tusk|spd|1\n|faint|p1a: Meeces\n|move|p1b: Wo-Chien|Leech Seed|p2a: Great Tusk\n|-start|p2a: Great Tusk|move: Leech Seed\n|\n|-damage|p2a: Great Tusk|29\/100 tox|[from] Leech Seed|[of] p1b: Wo-Chien\n|-heal|p1b: Wo-Chien|25\/100|[silent]\n|-damage|p2a: Great Tusk|11\/100 tox|[from] psn\n|upkeep\n|\n|t:|1683658947\n|switch|p1a: Garganacl|Garganacl, L50, M|82\/100\n|turn|9\n|\n|t:|1683658953\n|-end|p2a: Great Tusk|Protosynthesis|[silent]\n|switch|p2a: Indeedee|Indeedee, L50, M|18\/100 psn\n|-fieldstart|move: Psychic Terrain|[from] ability: Psychic Surge|[of] p2a: Indeedee\n|move|p2b: Chi-Yu|Protect|p2b: Chi-Yu\n|-singleturn|p2b: Chi-Yu|Protect\n|move|p1a: Garganacl|Wide Guard|p1a: Garganacl\n|-singleturn|p1a: Garganacl|Wide Guard\n|move|p1b: Wo-Chien|Leech Seed|p2b: Chi-Yu\n|-activate|p2b: Chi-Yu|move: Protect\n|\n|-heal|p2a: Indeedee|24\/100 psn|[from] item: Leftovers\n|-damage|p2a: Indeedee|12\/100 psn|[from] psn\n|upkeep\n|turn|10\n|\n|t:|1683658976\n|move|p1a: Garganacl|Wide Guard|p1a: Garganacl\n|-singleturn|p1a: Garganacl|Wide Guard\n|move|p2b: Chi-Yu|Dark Pulse|p1b: Wo-Chien\n|-resisted|p1b: Wo-Chien\n|-crit|p1b: Wo-Chien\n|-damage|p1b: Wo-Chien|2\/100\n|move|p2a: Indeedee|Encore|p1a: Garganacl\n|-start|p1a: Garganacl|Encore\n|move|p1b: Wo-Chien|Leech Seed|p2b: Chi-Yu\n|-start|p2b: Chi-Yu|move: Leech Seed\n|\n|-heal|p2a: Indeedee|17\/100 psn|[from] item: Leftovers\n|-damage|p2b: Chi-Yu|88\/100|[from] Leech Seed|[of] p1b: Wo-Chien\n|-heal|p1b: Wo-Chien|12\/100|[silent]\n|-damage|p2a: Indeedee|5\/100 psn|[from] psn\n|upkeep\n|turn|11\n|\n|t:|1683658996\n|switch|p2a: Great Tusk|Great Tusk, L50|11\/100 tox\n|move|p1b: Wo-Chien|Protect|p1b: Wo-Chien\n|-singleturn|p1b: Wo-Chien|Protect\n|move|p1a: Garganacl|Wide Guard|p1a: Garganacl\n|-singleturn|p1a: Garganacl|Wide Guard\n|move|p2b: Chi-Yu|Dark Pulse|p1a: Garganacl\n|-damage|p1a: Garganacl|46\/100\n|\n|-damage|p2b: Chi-Yu|76\/100|[from] Leech Seed|[of] p1b: Wo-Chien\n|-heal|p1b: Wo-Chien|23\/100|[silent]\n|-damage|p2a: Great Tusk|5\/100 tox|[from] psn\n|upkeep\n|turn|12\n|\n|t:|1683659017\n|switch|p2b: Indeedee|Indeedee, L50, M|5\/100 psn\n|move|p1a: Garganacl|Wide Guard|p1a: Garganacl\n|-singleturn|p1a: Garganacl|Wide Guard\n|move|p2a: Great Tusk|Ice Spinner|p1b: Wo-Chien\n|-supereffective|p1b: Wo-Chien\n|-crit|p1b: Wo-Chien\n|-damage|p1b: Wo-Chien|0 fnt\n|-fieldend|move: Psychic Terrain\n|faint|p1b: Wo-Chien\n|\n|-heal|p2b: Indeedee|11\/100 psn|[from] item: Leftovers\n|-damage|p2b: Indeedee|0 fnt|[from] psn\n|faint|p2b: Indeedee\n|-damage|p2a: Great Tusk|0 fnt|[from] psn\n|faint|p2a: Great Tusk\n|-end|p2a: Great Tusk|Protosynthesis|[silent]\n|upkeep\n|\n|t:|1683659033\n|switch|p2b: Rotom|Rotom-Fan, L50, tera:Electric|33\/100 psn\n|switch|p2a: Chi-Yu|Chi-Yu, L50|76\/100\n|switch|p1b: Glimmora|Glimmora, L50, F, tera:Grass|24\/100\n|-ability|p2a: Chi-Yu|Beads of Ruin\n|turn|13\n|\n|t:|1683659040\n|move|p1a: Garganacl|Wide Guard|p1a: Garganacl\n|-singleturn|p1a: Garganacl|Wide Guard\n|move|p2a: Chi-Yu|Dark Pulse|p1b: Glimmora\n|-damage|p1b: Glimmora|0 fnt\n|faint|p1b: Glimmora\n|move|p2b: Rotom|Volt Switch|p1a: Garganacl\n|-damage|p1a: Garganacl|3\/100\n|\n|-damage|p2b: Rotom|20\/100 psn|[from] psn\n|-end|p1a: Garganacl|Encore\n|upkeep\n|turn|14\n|-message|Dyloanis16 forfeited.\n|\n|win|Leafeonlou12\n|raw|Dyloanis16's rating: 1459 → 1443<\/strong> (-16 for losing)\n|raw|Leafeonlou12's rating: 1534 → 1550<\/strong> (+16 for winning)\n|l|\u2606Dyloanis16\n","uploadtime":1683659058,"views":14,"p1id":"dyloanis16","p2id":"leafeonlou12","formatid":"gen9vgc2023regulationc","rating":1443,"private":0,"password":""}