{"id":"gen9vgc2023regulationc-1858180946","p1":"vrumvrumnatal","p2":"aizoubot","format":"[Gen 9] VGC 2023 Regulation C","log":"|j|\u2606vrumvrumnatal\n|j|\u2606aizoubot\n|t:|1683287986\n|gametype|doubles\n|player|p1|vrumvrumnatal|170|1411\n|player|p2|aizoubot|unknown|1318\n|teamsize|p1|6\n|teamsize|p2|6\n|gen|9\n|tier|[Gen 9] VGC 2023 Regulation C\n|rated|\n|rule|Species Clause: Limit one of each Pok\u00e9mon\n|rule|Item Clause: Limit one of each item\n|clearpoke\n|poke|p1|Orthworm, L50, M|\n|poke|p1|Dragonite, L50, M|\n|poke|p1|Ting-Lu, L50|\n|poke|p1|Gyarados, L50, F|\n|poke|p1|Flutter Mane, L50|\n|poke|p1|Chien-Pao, L50|\n|poke|p2|Orthworm, L50, F|\n|poke|p2|Garchomp, L50, M|\n|poke|p2|Chien-Pao, L50|\n|poke|p2|Dragonite, L50, M|\n|poke|p2|Flutter Mane, L50|\n|poke|p2|Glimmora, L50, M|\n|teampreview|4\n|inactive|Battle timer is ON: inactive players will automatically lose when time's up. (requested by aizoubot)\n|inactive|vrumvrumnatal has 60 seconds left.\n|inactive|aizoubot has 60 seconds left.\n|\n|t:|1683288041\n|start\n|switch|p1a: Ting-Lu|Ting-Lu, L50|100\/100\n|switch|p1b: Gyarados|Gyarados, L50, F|100\/100\n|switch|p2a: Glimmora|Glimmora, L50, M|100\/100\n|switch|p2b: Orthworm|Orthworm, L50, F, shiny|100\/100\n|-ability|p1b: Gyarados|Intimidate|boost\n|-unboost|p2a: Glimmora|atk|1\n|-unboost|p2b: Orthworm|atk|1\n|-ability|p1a: Ting-Lu|Vessel of Ruin\n|turn|1\n|\n|t:|1683288056\n|move|p1b: Gyarados|Taunt|p2b: Orthworm\n|-start|p2b: Orthworm|move: Taunt\n|move|p2a: Glimmora|Mortal Spin|p1b: Gyarados|[spread] p1a,p1b\n|-resisted|p1a: Ting-Lu\n|-damage|p1a: Ting-Lu|99\/100\n|-damage|p1b: Gyarados|97\/100\n|-status|p1a: Ting-Lu|psn\n|-status|p1b: Gyarados|psn\n|move|p1a: Ting-Lu|Earthquake|p2b: Orthworm|[spread] p2a\n|-immune|p2b: Orthworm|[from] ability: Earth Eater\n|-immune|p1b: Gyarados\n|-supereffective|p2a: Glimmora\n|-damage|p2a: Glimmora|0 fnt\n|-activate|p2a: Glimmora|ability: Toxic Debris\n|-sidestart|p1: vrumvrumnatal|move: Toxic Spikes\n|faint|p2a: Glimmora\n|cant|p2b: Orthworm|move: Taunt|Iron Defense\n|\n|-damage|p1b: Gyarados|85\/100 psn|[from] psn\n|-damage|p1a: Ting-Lu|88\/100 psn|[from] psn\n|upkeep\n|\n|t:|1683288072\n|switch|p2a: Flutter Mane|Flutter Mane, L50|100\/100\n|-enditem|p2a: Flutter Mane|Booster Energy\n|-activate|p2a: Flutter Mane|ability: Protosynthesis|[fromitem]\n|-start|p2a: Flutter Mane|protosynthesisspa\n|turn|2\n|\n|t:|1683288081\n|move|p2a: Flutter Mane|Protect|p2a: Flutter Mane\n|-singleturn|p2a: Flutter Mane|Protect\n|move|p1b: Gyarados|Thunder Wave|p2a: Flutter Mane\n|-activate|p2a: Flutter Mane|move: Protect\n|move|p1a: Ting-Lu|Earthquake|p2a: Flutter Mane|[spread] \n|-activate|p2a: Flutter Mane|move: Protect\n|-immune|p2b: Orthworm|[from] ability: Earth Eater\n|-immune|p1b: Gyarados\n|move|p2b: Orthworm|Body Press|p1a: Ting-Lu\n|-supereffective|p1a: Ting-Lu\n|-damage|p1a: Ting-Lu|48\/100 psn\n|\n|-damage|p1b: Gyarados|72\/100 psn|[from] psn\n|-damage|p1a: Ting-Lu|36\/100 psn|[from] psn\n|upkeep\n|turn|3\n|\n|t:|1683288103\n|-end|p2a: Flutter Mane|Protosynthesis|[silent]\n|switch|p2a: Garchomp|Garchomp, L50, M|100\/100\n|switch|p1a: Orthworm|Orthworm, L50, M|100\/100\n|move|p1b: Gyarados|Thunder Wave|p2a: Garchomp\n|-immune|p2a: Garchomp\n|move|p2b: Orthworm|Body Press|p1a: Orthworm\n|-supereffective|p1a: Orthworm\n|-damage|p1a: Orthworm|61\/100\n|\n|-damage|p1b: Gyarados|60\/100 psn|[from] psn\n|-end|p2b: Orthworm|move: Taunt\n|upkeep\n|turn|4\n|inactive|vrumvrumnatal has 30 seconds left.\n|\n|t:|1683288134\n|move|p2a: Garchomp|Rock Slide|p1a: Orthworm|[spread] p1a,p1b\n|-resisted|p1a: Orthworm\n|-supereffective|p1b: Gyarados\n|-damage|p1a: Orthworm|54\/100\n|-damage|p1b: Gyarados|20\/100 psn\n|move|p1b: Gyarados|Thunder Wave|p2b: Orthworm\n|-status|p2b: Orthworm|par\n|move|p1a: Orthworm|Iron Defense|p1a: Orthworm\n|-boost|p1a: Orthworm|def|2\n|move|p2b: Orthworm|Body Press|p1a: Orthworm\n|-supereffective|p1a: Orthworm\n|-damage|p1a: Orthworm|35\/100\n|-enditem|p1a: Orthworm|Sitrus Berry|[eat]\n|-heal|p1a: Orthworm|60\/100|[from] item: Sitrus Berry\n|\n|-damage|p1b: Gyarados|8\/100 psn|[from] psn\n|upkeep\n|turn|5\n|\n|t:|1683288158\n|switch|p1b: Ting-Lu|Ting-Lu, L50|36\/100 psn\n|-ability|p1b: Ting-Lu|Vessel of Ruin\n|move|p2a: Garchomp|Rock Slide|p1a: Orthworm|[spread] p1a,p1b\n|-resisted|p1a: Orthworm\n|-resisted|p1b: Ting-Lu\n|-damage|p1a: Orthworm|57\/100\n|-damage|p1b: Ting-Lu|29\/100 psn\n|cant|p1a: Orthworm|flinch\n|move|p2b: Orthworm|Body Press|p1a: Orthworm\n|-supereffective|p1a: Orthworm\n|-damage|p1a: Orthworm|37\/100\n|\n|-damage|p1b: Ting-Lu|17\/100 psn|[from] psn\n|upkeep\n|turn|6\n|\n|t:|1683288181\n|move|p2a: Garchomp|Rock Slide|p1b: Ting-Lu|[spread] p1a,p1b\n|-resisted|p1a: Orthworm\n|-resisted|p1b: Ting-Lu\n|-damage|p1a: Orthworm|34\/100\n|-damage|p1b: Ting-Lu|10\/100 psn\n|cant|p1b: Ting-Lu|flinch\n|move|p1a: Orthworm|Body Press|p2b: Orthworm\n|-supereffective|p2b: Orthworm\n|-crit|p2b: Orthworm\n|-damage|p2b: Orthworm|0 fnt\n|faint|p2b: Orthworm\n|\n|-damage|p1b: Ting-Lu|0 fnt|[from] psn\n|faint|p1b: Ting-Lu\n|upkeep\n|\n|t:|1683288198\n|switch|p1b: Flutter Mane|Flutter Mane, L50|100\/100\n|switch|p2b: Flutter Mane|Flutter Mane, L50|100\/100\n|-status|p1b: Flutter Mane|psn\n|turn|7\n|\n|t:|1683288208\n|-end|p1b: Flutter Mane|Protosynthesis|[silent]\n|switch|p1b: Gyarados|Gyarados, L50, F|8\/100 psn\n|-ability|p1b: Gyarados|Intimidate|boost\n|-unboost|p2a: Garchomp|atk|1\n|-unboost|p2b: Flutter Mane|atk|1\n|move|p2a: Garchomp|Rock Slide|p1a: Orthworm|[spread] p1b\n|-miss|p2a: Garchomp|p1a: Orthworm\n|-supereffective|p1b: Gyarados\n|-damage|p1b: Gyarados|0 fnt\n|faint|p1b: Gyarados\n|move|p2b: Flutter Mane|Shadow Ball|p1a: Orthworm\n|-damage|p1a: Orthworm|0 fnt\n|faint|p1a: Orthworm\n|\n|upkeep\n|\n|t:|1683288222\n|switch|p1b: Flutter Mane|Flutter Mane, L50|100\/100 psn\n|turn|8\n|\n|t:|1683288228\n|move|p2a: Garchomp|Rock Slide|p1b: Flutter Mane\n|-damage|p1b: Flutter Mane|68\/100 psn\n|move|p1b: Flutter Mane|Dazzling Gleam|p2b: Flutter Mane|[spread] p2a,p2b\n|-supereffective|p2a: Garchomp\n|-crit|p2b: Flutter Mane\n|-damage|p2a: Garchomp|3\/100\n|-damage|p2b: Flutter Mane|33\/100\n|move|p2b: Flutter Mane|Shadow Ball|p1b: Flutter Mane\n|-supereffective|p1b: Flutter Mane\n|-damage|p1b: Flutter Mane|0 fnt\n|faint|p1b: Flutter Mane\n|-end|p1b: Flutter Mane|Protosynthesis|[silent]\n|\n|win|aizoubot\n|raw|vrumvrumnatal's rating: 1411 → 1386<\/strong> (-25 for losing)\n|raw|aizoubot's rating: 1318 → 1343<\/strong> (+25 for winning)\n","uploadtime":1683288240,"views":15,"p1id":"vrumvrumnatal","p2id":"aizoubot","formatid":"gen9vgc2023regulationc","rating":1343,"private":0,"password":""}