{"id":"gen9vgc2023regulationc-1857532779","p1":"Fan Ho-Oh","p2":"shaneng","format":"[Gen 9] VGC 2023 Regulation C","log":"|j|\u2606Fan Ho-Oh\n|j|\u2606shaneng\n|t:|1683205646\n|gametype|doubles\n|player|p1|Fan Ho-Oh|pokemonbreeder|1095\n|player|p2|shaneng|266|1000\n|teamsize|p1|6\n|teamsize|p2|6\n|gen|9\n|tier|[Gen 9] VGC 2023 Regulation C\n|rated|\n|rule|Species Clause: Limit one of each Pok\u00e9mon\n|rule|Item Clause: Limit one of each item\n|clearpoke\n|poke|p1|Misdreavus, L50, M|\n|poke|p1|Flutter Mane, L50|\n|poke|p1|Delibird, L50, F|\n|poke|p1|Iron Bundle, L50|\n|poke|p1|Maushold-Four, L50|\n|poke|p1|Magnezone, L50|\n|poke|p2|Abomasnow, L50, F|\n|poke|p2|Iron Bundle, L50|\n|poke|p2|Blissey, L50, F|\n|poke|p2|Chansey, L50, F|\n|poke|p2|Espathra, L50, F|\n|poke|p2|Sandy Shocks, L50|\n|teampreview|4\n|j| stooshbag2\n|inactive|Battle timer is ON: inactive players will automatically lose when time's up. (requested by shaneng)\n|\n|t:|1683205670\n|start\n|switch|p1a: Delibird|Delibird, L50, F|100\/100\n|switch|p1b: Iron Bundle|Iron Bundle, L50|100\/100\n|switch|p2a: Abomasnow|Abomasnow, L50, F|100\/100\n|switch|p2b: Iron Bundle|Iron Bundle, L50|100\/100\n|-weather|Snow|[from] ability: Snow Warning|[of] p2a: Abomasnow\n|turn|1\n|\n|t:|1683205692\n|move|p1a: Delibird|Fake Out|p2b: Iron Bundle\n|-damage|p2b: Iron Bundle|96\/100\n|cant|p2b: Iron Bundle|flinch\n|move|p1b: Iron Bundle|Freeze-Dry|p2b: Iron Bundle\n|-damage|p2b: Iron Bundle|0 fnt\n|faint|p2b: Iron Bundle\n|-end|p2b: Iron Bundle|Quark Drive|[silent]\n|move|p2a: Abomasnow|Aurora Veil|p2a: Abomasnow\n|-sidestart|p2: shaneng|move: Aurora Veil\n|\n|-weather|Snow|[upkeep]\n|upkeep\n|\n|t:|1683205701\n|switch|p2b: Blissey|Blissey, L50, F|100\/100\n|turn|2\n|\n|t:|1683205715\n|-end|p1b: Iron Bundle|Quark Drive|[silent]\n|switch|p1b: Misdreavus|Misdreavus, L50, M|100\/100\n|-terastallize|p2b: Blissey|Ice\n|move|p1a: Delibird|Tailwind|p1a: Delibird\n|-sidestart|p1: Fan Ho-Oh|move: Tailwind\n|move|p2a: Abomasnow|Energy Ball|p1b: Misdreavus\n|-damage|p1b: Misdreavus|68\/100\n|-unboost|p1b: Misdreavus|spd|1\n|move|p2b: Blissey|Blizzard|p1b: Misdreavus|[spread] p1a,p1b\n|-damage|p1a: Delibird|15\/100\n|-damage|p1b: Misdreavus|32\/100\n|\n|-weather|Snow|[upkeep]\n|upkeep\n|turn|3\n|\n|t:|1683205733\n|switch|p2a: Chansey|Chansey, L50, F|100\/100\n|move|p1a: Delibird|Destiny Bond|p1a: Delibird\n|-singlemove|p1a: Delibird|Destiny Bond\n|move|p1b: Misdreavus|Sunny Day|p1b: Misdreavus\n|-weather|SunnyDay\n|move|p2b: Blissey|Blizzard|p1b: Misdreavus|[spread] p1a,p1b\n|-damage|p1a: Delibird|0 fnt\n|-damage|p1b: Misdreavus|0 fnt\n|faint|p1a: Delibird\n|-activate|p1a: Delibird|move: Destiny Bond\n|faint|p1b: Misdreavus\n|faint|p2b: Blissey\n|\n|-weather|SunnyDay|[upkeep]\n|upkeep\n|\n|t:|1683205746\n|switch|p1a: Iron Bundle|Iron Bundle, L50|100\/100\n|switch|p1b: Flutter Mane|Flutter Mane, L50|100\/100\n|switch|p2b: Abomasnow|Abomasnow, L50, F|100\/100\n|-activate|p1b: Flutter Mane|ability: Protosynthesis\n|-start|p1b: Flutter Mane|protosynthesisspe\n|-weather|Snow|[from] ability: Snow Warning|[of] p2b: Abomasnow\n|-end|p1b: Flutter Mane|Protosynthesis\n|turn|4\n|\n|t:|1683205773\n|-terastallize|p1b: Flutter Mane|Fire\n|move|p2b: Abomasnow|Protect|p2b: Abomasnow\n|-singleturn|p2b: Abomasnow|Protect\n|move|p1a: Iron Bundle|Freeze-Dry|p2a: Chansey\n|-damage|p2a: Chansey|91\/100\n|move|p1b: Flutter Mane|Mystical Fire|p2b: Abomasnow\n|-activate|p2b: Abomasnow|move: Protect\n|move|p2a: Chansey|Blizzard|p1b: Flutter Mane|[spread] p1a,p1b\n|-resisted|p1a: Iron Bundle\n|-resisted|p1b: Flutter Mane\n|-damage|p1a: Iron Bundle|94\/100\n|-damage|p1b: Flutter Mane|93\/100\n|\n|-weather|Snow|[upkeep]\n|upkeep\n|turn|5\n|\n|t:|1683205790\n|move|p1a: Iron Bundle|Freeze-Dry|p2a: Chansey\n|-damage|p2a: Chansey|81\/100\n|move|p1b: Flutter Mane|Mystical Fire|p2b: Abomasnow\n|-supereffective|p2b: Abomasnow\n|-enditem|p2b: Abomasnow|Focus Sash\n|-damage|p2b: Abomasnow|1\/100\n|-unboost|p2b: Abomasnow|spa|1\n|move|p2b: Abomasnow|Blizzard|p1b: Flutter Mane|[spread] p1a,p1b\n|-resisted|p1a: Iron Bundle\n|-resisted|p1b: Flutter Mane\n|-damage|p1a: Iron Bundle|81\/100\n|-damage|p1b: Flutter Mane|79\/100\n|move|p2a: Chansey|Blizzard|p1b: Flutter Mane|[spread] p1a,p1b\n|-resisted|p1a: Iron Bundle\n|-resisted|p1b: Flutter Mane\n|-damage|p1a: Iron Bundle|75\/100\n|-damage|p1b: Flutter Mane|71\/100\n|\n|-weather|Snow|[upkeep]\n|-sideend|p1: Fan Ho-Oh|move: Tailwind\n|-sideend|p2: shaneng|move: Aurora Veil\n|upkeep\n|turn|6\n|\n|t:|1683205814\n|move|p1a: Iron Bundle|Freeze-Dry|p2b: Abomasnow\n|-damage|p2b: Abomasnow|0 fnt\n|faint|p2b: Abomasnow\n|move|p1b: Flutter Mane|Mystical Fire|p2a: Chansey\n|-damage|p2a: Chansey|69\/100\n|-unboost|p2a: Chansey|spa|1\n|move|p2a: Chansey|Blizzard|p1b: Flutter Mane|[spread] p1a,p1b\n|-resisted|p1a: Iron Bundle\n|-resisted|p1b: Flutter Mane\n|-damage|p1a: Iron Bundle|70\/100\n|-damage|p1b: Flutter Mane|67\/100\n|\n|-weather|Snow|[upkeep]\n|upkeep\n|turn|7\n|l|\u2606shaneng\n|inactive|shaneng disconnected and has a minute to reconnect!\n|player|p2|\n|inactive|shaneng has 30 seconds left.\n|inactive|shaneng has 20 seconds left.\n|inactive|shaneng has 15 seconds left.\n|inactive|shaneng has 10 seconds left.\n|inactive|shaneng has 5 seconds left.\n|-message|shaneng lost due to inactivity.\n|\n|win|Fan Ho-Oh\n|raw|Fan Ho-Oh's rating: 1095 → 1114<\/strong> (+19 for winning)\n|raw|shaneng's rating: 1000 → 1000<\/strong> (+0 for losing)\n","uploadtime":1683205881,"views":5,"p1id":"fanhooh","p2id":"shaneng","formatid":"gen9vgc2023regulationc","rating":1000,"private":0,"password":""}