{"id":"gen9vgc2023regulationc-1860822670","p1":"AGSilver935","p2":"Can'tStopFalling","format":"[Gen 9] VGC 2023 Regulation C","log":"|j|\u2606AGSilver935\n|j|\u2606Can'tStopFalling\n|t:|1683682150\n|gametype|doubles\n|player|p1|AGSilver935|ghetsis|\n|player|p2|Can'tStopFalling|parasollady|\n|teamsize|p1|6\n|teamsize|p2|6\n|gen|9\n|tier|[Gen 9] VGC 2023 Regulation C\n|rule|Species Clause: Limit one of each Pok\u00e9mon\n|rule|Item Clause: Limit one of each item\n|clearpoke\n|poke|p1|Baxcalibur, L50, M|\n|poke|p1|Flutter Mane, L50|\n|poke|p1|Chi-Yu, L50|\n|poke|p1|Amoonguss, L50, F|\n|poke|p1|Azumarill, L50, F|\n|poke|p1|Arcanine, L50, F|\n|poke|p2|Iron Bundle, L50|\n|poke|p2|Amoonguss, L50, F|\n|poke|p2|Arcanine, L50, M|\n|poke|p2|Flutter Mane, L50|\n|poke|p2|Stonjourner, L50, M|\n|poke|p2|Farigiraf, L50, F|\n|teampreview|4\n|c|\u2606Can'tStopFalling|g1\nCan'tStopFalling has agreed to open team sheets.\nAGSilver935 has agreed to open team sheets.\n|c|\u2606Can'tStopFalling|glhf\n|c|\u2606AGSilver935|Good luck!\n|\n|t:|1683682238\n|start\n|switch|p1a: Baxcalibur|Baxcalibur, L50, M|100\/100\n|switch|p1b: Amoonguss|Amoonguss, L50, F|100\/100\n|switch|p2a: Papaya|Stonjourner, L50, M|100\/100\n|switch|p2b: Parchita|Flutter Mane, L50|100\/100\n|turn|1\n|\n|t:|1683682280\n|move|p2b: Parchita|Protect|p2b: Parchita\n|-singleturn|p2b: Parchita|Protect\n|move|p1a: Baxcalibur|Protect|p1a: Baxcalibur\n|-singleturn|p1a: Baxcalibur|Protect\n|move|p2a: Papaya|Protect|p2a: Papaya\n|-singleturn|p2a: Papaya|Protect\n|move|p1b: Amoonguss|Spore|p2b: Parchita\n|-activate|p2b: Parchita|move: Protect\n|\n|upkeep\n|turn|2\n|\n|t:|1683682328\n|-terastallize|p2b: Parchita|Fairy\n|-terastallize|p1a: Baxcalibur|Water\n|move|p2b: Parchita|Dazzling Gleam|p1b: Amoonguss|[spread] p1a,p1b\n|-crit|p1a: Baxcalibur\n|-resisted|p1b: Amoonguss\n|-damage|p1a: Baxcalibur|3\/100\n|-damage|p1b: Amoonguss|73\/100\n|-damage|p2b: Parchita|91\/100|[from] item: Life Orb\n|move|p1a: Baxcalibur|Icicle Crash|p2b: Parchita\n|-damage|p2b: Parchita|14\/100\n|move|p2a: Papaya|Rock Slide|p1a: Baxcalibur|[spread] p1a,p1b\n|-damage|p1a: Baxcalibur|0 fnt\n|-damage|p1b: Amoonguss|46\/100\n|-enditem|p1b: Amoonguss|Sitrus Berry|[eat]\n|-heal|p1b: Amoonguss|71\/100|[from] item: Sitrus Berry\n|faint|p1a: Baxcalibur\n|cant|p1b: Amoonguss|flinch\n|\n|upkeep\n|\n|t:|1683682346\n|switch|p1a: Flutter Mane|Flutter Mane, L50|100\/100\n|-enditem|p1a: Flutter Mane|Booster Energy\n|-activate|p1a: Flutter Mane|ability: Protosynthesis|[fromitem]\n|-start|p1a: Flutter Mane|protosynthesisspa\n|turn|3\n|\n|t:|1683682373\n|move|p1a: Flutter Mane|Protect|p1a: Flutter Mane\n|-singleturn|p1a: Flutter Mane|Protect\n|move|p2b: Parchita|Dazzling Gleam|p1b: Amoonguss|[spread] p1b\n|-activate|p1a: Flutter Mane|move: Protect\n|-resisted|p1b: Amoonguss\n|-damage|p1b: Amoonguss|45\/100\n|-damage|p2b: Parchita|5\/100|[from] item: Life Orb\n|move|p2a: Papaya|Rock Slide|p1b: Amoonguss|[spread] p1b\n|-activate|p1a: Flutter Mane|move: Protect\n|-damage|p1b: Amoonguss|18\/100\n|cant|p1b: Amoonguss|flinch\n|\n|upkeep\n|turn|4\n|\n|t:|1683682403\n|move|p2b: Parchita|Protect|p2b: Parchita\n|-singleturn|p2b: Parchita|Protect\n|move|p1a: Flutter Mane|Moonblast|p2a: Papaya\n|-enditem|p2a: Papaya|Focus Sash\n|-damage|p2a: Papaya|1\/100\n|move|p2a: Papaya|Rock Slide|p1b: Amoonguss|[spread] p1a,p1b\n|-damage|p1a: Flutter Mane|50\/100\n|-damage|p1b: Amoonguss|0 fnt\n|faint|p1b: Amoonguss\n|\n|upkeep\n|\n|t:|1683682412\n|switch|p1b: Chi-Yu|Chi-Yu, L50|100\/100\n|-ability|p1b: Chi-Yu|Beads of Ruin\n|turn|5\n|\n|t:|1683682432\n|move|p2a: Papaya|Protect|p2a: Papaya\n|-singleturn|p2a: Papaya|Protect\n|move|p1a: Flutter Mane|Moonblast|p2b: Parchita\n|-damage|p2b: Parchita|0 fnt\n|faint|p2b: Parchita\n|-end|p2b: Parchita|Protosynthesis|[silent]\n|move|p1b: Chi-Yu|Dark Pulse|p2a: Papaya\n|-activate|p2a: Papaya|move: Protect\n|\n|upkeep\n|\n|t:|1683682438\n|switch|p2b: Frambuesa|Iron Bundle, L50|100\/100\n|-enditem|p2b: Frambuesa|Booster Energy\n|-activate|p2b: Frambuesa|ability: Quark Drive|[fromitem]\n|-start|p2b: Frambuesa|quarkdrivespe\n|turn|6\n|\n|t:|1683682469\n|move|p2b: Frambuesa|Icy Wind|p1a: Flutter Mane|[spread] p1a,p1b\n|-resisted|p1b: Chi-Yu\n|-damage|p1a: Flutter Mane|14\/100\n|-damage|p1b: Chi-Yu|84\/100\n|-unboost|p1a: Flutter Mane|spe|1\n|-unboost|p1b: Chi-Yu|spe|1\n|move|p2a: Papaya|Rock Slide|p1a: Flutter Mane|[spread] p1a,p1b\n|-supereffective|p1b: Chi-Yu\n|-damage|p1a: Flutter Mane|0 fnt\n|-damage|p1b: Chi-Yu|0 fnt\n|faint|p1a: Flutter Mane\n|-end|p1a: Flutter Mane|Protosynthesis|[silent]\n|faint|p1b: Chi-Yu\n|\n|win|Can'tStopFalling\n|c|\u2606AGSilver935|gg\n","uploadtime":1683682480,"views":15,"p1id":"agsilver935","p2id":"cantstopfalling","formatid":"gen9vgc2023regulationc","rating":0,"private":0,"password":""}