{"id":"gen9vgc2023regulationc-1847436430","p1":"Echo Rose#9471","p2":"balfcyur","format":"[Gen 9] VGC 2023 Regulation C","log":"|j|\u2606Echo Rose#9471\n|j|\u2606balfcyur\n|t:|1681954908\n|gametype|doubles\n|player|p1|Echo Rose#9471|1|1218\n|player|p2|balfcyur|170|1294\n|teamsize|p1|6\n|teamsize|p2|6\n|gen|9\n|tier|[Gen 9] VGC 2023 Regulation C\n|rated|\n|rule|Species Clause: Limit one of each Pok\u00e9mon\n|rule|Item Clause: Limit one of each item\n|clearpoke\n|poke|p1|Glimmora, L50, M|\n|poke|p1|Wo-Chien, L50|\n|poke|p1|Flutter Mane, L50|\n|poke|p1|Palafin, L50, M|\n|poke|p1|Iron Hands, L50|\n|poke|p1|Talonflame, L50, M|\n|poke|p2|Armarouge, L50, M|\n|poke|p2|Indeedee-F, L50, F|\n|poke|p2|Amoonguss, L50, M|\n|poke|p2|Flutter Mane, L50|\n|poke|p2|Great Tusk, L50|\n|poke|p2|Gyarados, L50, F|\n|teampreview|4\n|inactive|Battle timer is ON: inactive players will automatically lose when time's up. (requested by balfcyur)\nbalfcyur rejected open team sheets.\n|\n|t:|1681954943\n|start\n|switch|p1a: Flutter Mane|Flutter Mane, L50|100\/100\n|switch|p1b: Wo-Chien|Wo-Chien, L50|100\/100\n|switch|p2a: Armarouge|Armarouge, L50, M, shiny|100\/100\n|switch|p2b: Indeedee|Indeedee-F, L50, F|100\/100\n|-ability|p1b: Wo-Chien|Tablets of Ruin\n|-fieldstart|move: Psychic Terrain|[from] ability: Psychic Surge|[of] p2b: Indeedee\n|-enditem|p2a: Armarouge|Psychic Seed\n|-boost|p2a: Armarouge|spd|1|[from] item: Psychic Seed\n|-enditem|p1a: Flutter Mane|Booster Energy\n|-activate|p1a: Flutter Mane|ability: Protosynthesis|[fromitem]\n|-start|p1a: Flutter Mane|protosynthesisspa\n|turn|1\n|\n|t:|1681954962\n|move|p2b: Indeedee|Follow Me|p2b: Indeedee\n|-singleturn|p2b: Indeedee|move: Follow Me\n|move|p1a: Flutter Mane|Mystical Fire|p2b: Indeedee\n|-damage|p2b: Indeedee|73\/100\n|-unboost|p2b: Indeedee|spa|1\n|move|p1b: Wo-Chien|Pollen Puff|p2b: Indeedee\n|-supereffective|p2b: Indeedee\n|-damage|p2b: Indeedee|37\/100\n|move|p2a: Armarouge|Trick Room|p2a: Armarouge\n|-fieldstart|move: Trick Room|[of] p2a: Armarouge\n|\n|upkeep\n|turn|2\n|\n|t:|1681954984\n|move|p2b: Indeedee|Follow Me|p2b: Indeedee\n|-singleturn|p2b: Indeedee|move: Follow Me\n|move|p2a: Armarouge|Armor Cannon|p1b: Wo-Chien\n|-supereffective|p1b: Wo-Chien\n|-damage|p1b: Wo-Chien|22\/100\n|-unboost|p2a: Armarouge|def|1\n|-unboost|p2a: Armarouge|spd|1\n|-enditem|p1b: Wo-Chien|Aguav Berry|[eat]\n|-heal|p1b: Wo-Chien|56\/100|[from] item: Aguav Berry\n|move|p1b: Wo-Chien|Leech Seed|p2b: Indeedee\n|-start|p2b: Indeedee|move: Leech Seed\n|move|p1a: Flutter Mane|Dazzling Gleam|p2b: Indeedee|[spread] p2a,p2b\n|-resisted|p2a: Armarouge\n|-damage|p2a: Armarouge|81\/100\n|-damage|p2b: Indeedee|4\/100\n|\n|-damage|p2b: Indeedee|0 fnt|[from] Leech Seed|[of] p1b: Wo-Chien\n|-heal|p1b: Wo-Chien|58\/100|[silent]\n|faint|p2b: Indeedee\n|upkeep\n|\n|t:|1681954996\n|switch|p2b: Great Tusk|Great Tusk, L50|100\/100\n|turn|3\n|\n|t:|1681955006\n|move|p1b: Wo-Chien|Protect|p1b: Wo-Chien\n|-singleturn|p1b: Wo-Chien|Protect\n|move|p2a: Armarouge|Armor Cannon|p1b: Wo-Chien\n|-activate|p1b: Wo-Chien|move: Protect\n|move|p2b: Great Tusk|Headlong Rush|p1a: Flutter Mane\n|-damage|p1a: Flutter Mane|10\/100\n|-unboost|p2b: Great Tusk|def|1\n|-unboost|p2b: Great Tusk|spd|1\n|-damage|p2b: Great Tusk|90\/100|[from] item: Life Orb\n|move|p1a: Flutter Mane|Dazzling Gleam|p2b: Great Tusk|[spread] p2a,p2b\n|-resisted|p2a: Armarouge\n|-supereffective|p2b: Great Tusk\n|-damage|p2a: Armarouge|62\/100\n|-damage|p2b: Great Tusk|0 fnt\n|faint|p2b: Great Tusk\n|-end|p2b: Great Tusk|Protosynthesis|[silent]\n|\n|upkeep\n|\n|t:|1681955015\n|switch|p2b: Gyarados|Gyarados, L50, F|100\/100\n|-ability|p2b: Gyarados|Intimidate|boost\n|-unboost|p1a: Flutter Mane|atk|1\n|-unboost|p1b: Wo-Chien|atk|1\n|turn|4\n|\n|t:|1681955031\n|-end|p1a: Flutter Mane|Protosynthesis|[silent]\n|switch|p1a: Finn Fury|Palafin, L50, M|100\/100\n|-terastallize|p1b: Wo-Chien|Poison\n|move|p2a: Armarouge|Armor Cannon|p1b: Wo-Chien\n|-damage|p1b: Wo-Chien|17\/100\n|-unboost|p2a: Armarouge|def|1\n|-unboost|p2a: Armarouge|spd|1\n|move|p1b: Wo-Chien|Leech Seed|p2a: Armarouge\n|-start|p2a: Armarouge|move: Leech Seed\n|move|p2b: Gyarados|Waterfall|p1a: Finn Fury\n|-resisted|p1a: Finn Fury\n|-damage|p1a: Finn Fury|85\/100\n|\n|-damage|p2a: Armarouge|50\/100|[from] Leech Seed|[of] p1b: Wo-Chien\n|-heal|p1b: Wo-Chien|29\/100|[silent]\n|upkeep\n|turn|5\n|\n|t:|1681955048\n|detailschange|p1a: Finn Fury|Palafin-Hero, L50, M\n|switch|p1a: Flutter Mane|Flutter Mane, L50|10\/100\n|move|p1b: Wo-Chien|Protect|p1b: Wo-Chien\n|-singleturn|p1b: Wo-Chien|Protect\n|move|p2b: Gyarados|Protect|p2b: Gyarados\n|-singleturn|p2b: Gyarados|Protect\n|move|p2a: Armarouge|Expanding Force|p1b: Wo-Chien|[spread] p1a\n|-activate|p1b: Wo-Chien|move: Protect\n|-damage|p1a: Flutter Mane|0 fnt\n|faint|p1a: Flutter Mane\n|-end|p1a: Flutter Mane|Protosynthesis|[silent]\n|\n|-damage|p2a: Armarouge|38\/100|[from] Leech Seed|[of] p1b: Wo-Chien\n|-heal|p1b: Wo-Chien|41\/100|[silent]\n|-fieldend|move: Trick Room\n|-fieldend|move: Psychic Terrain\n|upkeep\n|\n|t:|1681955052\n|switch|p1a: Glimmora|Glimmora, L50, M|100\/100\n|turn|6\n|\n|t:|1681955069\n|-terastallize|p2b: Gyarados|Ground\n|move|p1a: Glimmora|Power Gem|p2a: Armarouge\n|-supereffective|p2a: Armarouge\n|-damage|p2a: Armarouge|0 fnt\n|faint|p2a: Armarouge\n|move|p2b: Gyarados|Waterfall|p1b: Wo-Chien\n|-damage|p1b: Wo-Chien|19\/100\n|cant|p1b: Wo-Chien|flinch\n|\n|upkeep\n|turn|7\n|\n|t:|1681955084\n|switch|p1b: Finn Fury|Palafin-Hero, L50, M|85\/100\n|-activate|p1b: Finn Fury|ability: Zero to Hero\n|move|p1a: Glimmora|Earth Power|p2b: Gyarados\n|-damage|p2b: Gyarados|81\/100\n|move|p2b: Gyarados|Waterfall|p1b: Finn Fury\n|-resisted|p1b: Finn Fury\n|-damage|p1b: Finn Fury|71\/100\n|\n|upkeep\n|turn|8\n|\n|t:|1681955103\n|move|p1a: Glimmora|Spiky Shield|p1a: Glimmora\n|-singleturn|p1a: Glimmora|move: Protect\n|move|p1b: Finn Fury|Jet Punch|p2b: Gyarados\n|-supereffective|p2b: Gyarados\n|-damage|p2b: Gyarados|0 fnt\n|faint|p2b: Gyarados\n|\n|win|Echo Rose#9471\n|raw|Echo Rose#9471's rating: 1218 → 1248<\/strong> (+30 for winning)\n|raw|balfcyur's rating: 1294 → 1264<\/strong> (-30 for losing)\n|l|\u2606balfcyur\n","uploadtime":1681955112,"views":8,"p1id":"echorose9471","p2id":"balfcyur","formatid":"gen9vgc2023regulationc","rating":1248,"private":0,"password":""}