{"id":"gen9vgc2023regulationc-1854829452","p1":"bennoVGC","p2":"muddyswamppert","format":"[Gen 9] VGC 2023 Regulation C","log":"|j|\u2606bennoVGC\n|j|\u2606muddyswamppert\n|t:|1682870928\n|gametype|doubles\n|player|p1|bennoVGC|265|\n|player|p2|muddyswamppert|cynthia-gen4|\n|teamsize|p1|6\n|teamsize|p2|6\n|gen|9\n|tier|[Gen 9] VGC 2023 Regulation C\n|rule|Species Clause: Limit one of each Pok\u00e9mon\n|rule|Item Clause: Limit one of each item\n|clearpoke\n|poke|p1|Palafin, L50, M|\n|poke|p1|Arcanine, L50, F|\n|poke|p1|Flutter Mane, L50|\n|poke|p1|Amoonguss, L50, F|\n|poke|p1|Pawmot, L50, F|\n|poke|p1|Ting-Lu, L50|\n|poke|p2|Drednaw, L50, M|\n|poke|p2|Amoonguss, L50, M|\n|poke|p2|Pelipper, L50, F|\n|poke|p2|Baxcalibur, L50, F|\n|poke|p2|Scizor, L50, M|\n|poke|p2|Iron Valiant, L50|\n|teampreview|4\n|inactive|Battle timer is ON: inactive players will automatically lose when time's up. (requested by muddyswamppert)\n|c|\u2606muddyswamppert|glhf\nbennoVGC has agreed to open team sheets.\n|c|\u2606bennoVGC|u2 :D\nmuddyswamppert has agreed to open team sheets.\n|inactive|bennoVGC has 60 seconds left.\n|\n|t:|1682870982\n|start\n|switch|p1a: Palafin|Palafin, L50, M, shiny|100\/100\n|switch|p1b: Flutter Mane|Flutter Mane, L50, shiny|100\/100\n|switch|p2a: Pelipper|Pelipper, L50, F|100\/100\n|switch|p2b: Drednaw|Drednaw, L50, M|100\/100\n|-weather|RainDance|[from] ability: Drizzle|[of] p2a: Pelipper\n|turn|1\n|inactive|muddyswamppert has 30 seconds left.\n|inactive|bennoVGC has 30 seconds left.\n|inactive|muddyswamppert has 20 seconds left.\n|inactive|bennoVGC has 20 seconds left.\n|inactive|muddyswamppert has 15 seconds left.\n|inactive|bennoVGC has 15 seconds left.\n|\n|t:|1682871031\n|-end|p1b: Flutter Mane|Protosynthesis|[silent]\n|switch|p1b: Amoonguss|Amoonguss, L50, F, shiny|100\/100\n|-terastallize|p2b: Drednaw|Water\n|move|p1a: Palafin|Jet Punch|p2a: Pelipper\n|-resisted|p2a: Pelipper\n|-damage|p2a: Pelipper|75\/100\n|move|p2b: Drednaw|Liquidation|p1b: Amoonguss\n|-resisted|p1b: Amoonguss\n|-damage|p1b: Amoonguss|64\/100\n|-unboost|p1b: Amoonguss|def|1\n|move|p2a: Pelipper|Tailwind|p2a: Pelipper\n|-sidestart|p2: muddyswamppert|move: Tailwind\n|\n|-weather|RainDance|[upkeep]\n|upkeep\n|turn|2\n|\n|t:|1682871043\n|detailschange|p1a: Palafin|Palafin-Hero, L50, M, shiny\n|switch|p1a: Arcanine|Arcanine, L50, F, shiny|100\/100\n|-ability|p1a: Arcanine|Intimidate|boost\n|-unboost|p2a: Pelipper|atk|1\n|-unboost|p2b: Drednaw|atk|1\n|-enditem|p2b: Drednaw|White Herb\n|-clearnegativeboost|p2b: Drednaw|[silent]\n|move|p1b: Amoonguss|Rage Powder|p1b: Amoonguss\n|-singleturn|p1b: Amoonguss|move: Rage Powder\n|move|p2b: Drednaw|Shell Smash|p2b: Drednaw\n|-unboost|p2b: Drednaw|def|1\n|-unboost|p2b: Drednaw|spd|1\n|-boost|p2b: Drednaw|atk|2\n|-boost|p2b: Drednaw|spa|2\n|-boost|p2b: Drednaw|spe|2\n|move|p2a: Pelipper|Hurricane|p1b: Amoonguss\n|-supereffective|p1b: Amoonguss\n|-damage|p1b: Amoonguss|0 fnt\n|faint|p1b: Amoonguss\n|\n|-weather|RainDance|[upkeep]\n|upkeep\n|\n|t:|1682871053\n|switch|p1b: Palafin|Palafin-Hero, L50, M, shiny|100\/100\n|-activate|p1b: Palafin|ability: Zero to Hero\n|turn|3\n|\n|t:|1682871073\n|move|p1a: Arcanine|Protect|p1a: Arcanine\n|-singleturn|p1a: Arcanine|Protect\n|move|p1b: Palafin|Jet Punch|p2b: Drednaw\n|-resisted|p2b: Drednaw\n|-damage|p2b: Drednaw|39\/100\n|move|p2b: Drednaw|Liquidation|p1a: Arcanine\n|-activate|p1a: Arcanine|move: Protect\n|move|p2a: Pelipper|Hurricane|p1b: Palafin\n|-damage|p1b: Palafin|51\/100\n|\n|-weather|RainDance|[upkeep]\n|upkeep\n|turn|4\n|inactive|bennoVGC has 30 seconds left.\n|c|\u2606muddyswamppert|61!\n|inactive|bennoVGC has 20 seconds left.\n|inactive|bennoVGC has 15 seconds left.\n|\n|t:|1682871115\n|-terastallize|p1a: Arcanine|Water\n|move|p1a: Arcanine|Extreme Speed|p2a: Pelipper\n|-damage|p2a: Pelipper|47\/100\n|move|p1b: Palafin|Jet Punch|p2b: Drednaw\n|-resisted|p2b: Drednaw\n|-damage|p2b: Drednaw|0 fnt\n|faint|p2b: Drednaw\n|move|p2a: Pelipper|Hurricane|p1b: Palafin\n|-damage|p1b: Palafin|0 fnt\n|faint|p1b: Palafin\n|\n|-weather|RainDance|[upkeep]\n|-sideend|p2: muddyswamppert|move: Tailwind\n|upkeep\n|c|\u2606bennoVGC|its a crazy pokemon\n|\n|t:|1682871127\n|switch|p1b: Flutter Mane|Flutter Mane, L50, shiny|100\/100\n|switch|p2b: Baxcalibur|Baxcalibur, L50, F|100\/100\n|turn|5\n|inactive|bennoVGC has 30 seconds left.\n|inactive|bennoVGC has 20 seconds left.\n|\n|t:|1682871163\n|move|p1b: Flutter Mane|Moonblast|p2b: Baxcalibur\n|-supereffective|p2b: Baxcalibur\n|-damage|p2b: Baxcalibur|19\/100\n|-unboost|p2b: Baxcalibur|spa|1\n|move|p1a: Arcanine|Flare Blitz|p2b: Baxcalibur\n|-damage|p2b: Baxcalibur|0 fnt\n|faint|p2b: Baxcalibur\n|-damage|p1a: Arcanine|94\/100|[from] Recoil\n|move|p2a: Pelipper|Tailwind|p2a: Pelipper\n|-sidestart|p2: muddyswamppert|move: Tailwind\n|\n|-weather|none\n|upkeep\n|\n|t:|1682871167\n|switch|p2b: Iron Valiant|Iron Valiant, L50|100\/100\n|-enditem|p2b: Iron Valiant|Booster Energy\n|-activate|p2b: Iron Valiant|ability: Quark Drive|[fromitem]\n|-start|p2b: Iron Valiant|quarkdrivespe\n|turn|6\n|\n|t:|1682871177\n|move|p2b: Iron Valiant|Spirit Break|p1b: Flutter Mane\n|-damage|p1b: Flutter Mane|28\/100\n|-unboost|p1b: Flutter Mane|spa|1\n|move|p2a: Pelipper|Hydro Pump|p1b: Flutter Mane\n|-damage|p1b: Flutter Mane|0 fnt\n|faint|p1b: Flutter Mane\n|-end|p1b: Flutter Mane|Protosynthesis|[silent]\n|move|p1a: Arcanine|Will-O-Wisp|p2b: Iron Valiant\n|-status|p2b: Iron Valiant|brn\n|\n|-damage|p2b: Iron Valiant|94\/100 brn|[from] brn\n|upkeep\n|turn|7\n|\n|t:|1682871194\n|move|p2b: Iron Valiant|Swords Dance|p2b: Iron Valiant\n|-boost|p2b: Iron Valiant|atk|2\n|move|p2a: Pelipper|Hurricane|p1a: Arcanine\n|-damage|p1a: Arcanine|40\/100\n|-start|p1a: Arcanine|confusion\n|-activate|p1a: Arcanine|confusion\n|move|p1a: Arcanine|Flare Blitz|p2b: Iron Valiant\n|-damage|p2b: Iron Valiant|28\/100 brn\n|-damage|p1a: Arcanine|23\/100|[from] Recoil\n|\n|-damage|p2b: Iron Valiant|22\/100 brn|[from] brn\n|upkeep\n|turn|8\n|\n|t:|1682871206\n|-activate|p1a: Arcanine|confusion\n|-damage|p1a: Arcanine|11\/100|[from] confusion\n|move|p2b: Iron Valiant|Close Combat|p1a: Arcanine\n|-damage|p1a: Arcanine|0 fnt\n|-unboost|p2b: Iron Valiant|def|1\n|-unboost|p2b: Iron Valiant|spd|1\n|faint|p1a: Arcanine\n|\n|win|muddyswamppert\n|c|\u2606muddyswamppert|gg\n|c|\u2606bennoVGC|gg\n|l|\u2606muddyswamppert\n","uploadtime":1682871586,"views":14,"p1id":"bennovgc","p2id":"muddyswamppert","formatid":"gen9vgc2023regulationc","rating":0,"private":0,"password":""}