{"id":"gen9vgc2023regulationc-1856705029","p1":"Nociee","p2":"haburasigosi","format":"[Gen 9] VGC 2023 Regulation C","log":"|j|\u2606Nociee\n|j|\u2606haburasigosi\n|t:|1683097765\n|gametype|doubles\n|player|p1|Nociee|jasmine|1616\n|player|p2|haburasigosi|169|1804\n|teamsize|p1|6\n|teamsize|p2|6\n|gen|9\n|tier|[Gen 9] VGC 2023 Regulation C\n|rated|\n|rule|Species Clause: Limit one of each Pok\u00e9mon\n|rule|Item Clause: Limit one of each item\n|clearpoke\n|poke|p1|Iron Bundle, L50|\n|poke|p1|Abomasnow, L50, M|\n|poke|p1|Corviknight, L50, F|\n|poke|p1|Flutter Mane, L50|\n|poke|p1|Great Tusk, L50|\n|poke|p1|Chi-Yu, L50|\n|poke|p2|Ting-Lu, L50|\n|poke|p2|Dragonite, L50, M|\n|poke|p2|Palafin, L50, M|\n|poke|p2|Flutter Mane, L50|\n|poke|p2|Arcanine, L50, M|\n|poke|p2|Amoonguss, L50, M|\n|teampreview|4\n|inactive|Battle timer is ON: inactive players will automatically lose when time's up. (requested by haburasigosi)\n|inactive|haburasigosi has 60 seconds left.\n|j| Jake Epping\n|\n|t:|1683097877\n|start\n|switch|p1a: Great Tusk|Great Tusk, L50|100\/100\n|switch|p1b: Corviknight|Corviknight, L50, F|100\/100\n|switch|p2a: Flutter Mane|Flutter Mane, L50|100\/100\n|switch|p2b: Wildfire|Arcanine, L50, M|100\/100\n|-ability|p2b: Wildfire|Intimidate|boost\n|-unboost|p1a: Great Tusk|atk|1\n|-ability|p1b: Corviknight|Mirror Armor\n|-unboost|p2b: Wildfire|atk|1\n|turn|1\n|inactive|Nociee has 30 seconds left.\n|inactive|haburasigosi has 30 seconds left.\n|\n|t:|1683097910\n|-end|p2a: Flutter Mane|Protosynthesis|[silent]\n|switch|p2a: Comet|Dragonite, L50, M|100\/100\n|switch|p2b: Ting-Lu|Ting-Lu, L50|100\/100\n|-ability|p2b: Ting-Lu|Vessel of Ruin\n|-terastallize|p1b: Corviknight|Fire\n|move|p1a: Great Tusk|Rock Slide|p2b: Ting-Lu|[spread] p2a,p2b\n|-supereffective|p2a: Comet\n|-resisted|p2b: Ting-Lu\n|-damage|p2a: Comet|86\/100\n|-damage|p2b: Ting-Lu|97\/100\n|move|p1b: Corviknight|Iron Head|p2a: Comet\n|-damage|p2a: Comet|57\/100\n|\n|upkeep\n|turn|2\n|inactive|haburasigosi has 30 seconds left.\n|\n|t:|1683097945\n|move|p2a: Comet|Extreme Speed|p1a: Great Tusk\n|-damage|p1a: Great Tusk|69\/100\n|move|p1a: Great Tusk|Rock Slide|p2a: Comet|[spread] p2a,p2b\n|-supereffective|p2a: Comet\n|-resisted|p2b: Ting-Lu\n|-damage|p2a: Comet|28\/100\n|-damage|p2b: Ting-Lu|92\/100\n|move|p1b: Corviknight|Bulk Up|p1b: Corviknight\n|-boost|p1b: Corviknight|atk|1\n|-boost|p1b: Corviknight|def|1\n|cant|p2b: Ting-Lu|flinch\n|\n|upkeep\n|turn|3\n|\n|t:|1683097960\n|move|p2a: Comet|Extreme Speed|p1b: Corviknight\n|-damage|p1b: Corviknight|77\/100\n|move|p1a: Great Tusk|Rock Slide|p2a: Comet|[spread] p2a,p2b\n|-supereffective|p2a: Comet\n|-resisted|p2b: Ting-Lu\n|-damage|p2a: Comet|0 fnt\n|-damage|p2b: Ting-Lu|88\/100\n|faint|p2a: Comet\n|move|p1b: Corviknight|Iron Head|p2b: Ting-Lu\n|-damage|p2b: Ting-Lu|63\/100\n|move|p2b: Ting-Lu|Earthquake|p1b: Corviknight|[spread] p1a,p1b\n|-supereffective|p1b: Corviknight\n|-damage|p1a: Great Tusk|44\/100\n|-damage|p1b: Corviknight|43\/100\n|\n|upkeep\n|\n|t:|1683097969\n|switch|p2a: Flutter Mane|Flutter Mane, L50|100\/100\n|turn|4\n|\n|t:|1683097980\n|move|p1a: Great Tusk|Rock Slide|p2b: Ting-Lu|[spread] p2a,p2b\n|-resisted|p2b: Ting-Lu\n|-damage|p2a: Flutter Mane|75\/100\n|-damage|p2b: Ting-Lu|59\/100\n|move|p2a: Flutter Mane|Shadow Ball|p1b: Corviknight\n|-damage|p1b: Corviknight|0 fnt\n|faint|p1b: Corviknight\n|move|p2b: Ting-Lu|Stomping Tantrum|p1a: Great Tusk\n|-damage|p1a: Great Tusk|19\/100\n|\n|upkeep\n|\n|t:|1683097990\n|switch|p1b: Iron Bundle|Iron Bundle, L50|100\/100\n|-enditem|p1b: Iron Bundle|Booster Energy\n|-activate|p1b: Iron Bundle|ability: Quark Drive|[fromitem]\n|-start|p1b: Iron Bundle|quarkdrivespe\n|turn|5\n|inactive|haburasigosi has 30 seconds left.\n|\n|t:|1683098016\n|-terastallize|p2b: Ting-Lu|Water\n|move|p1b: Iron Bundle|Protect|p1b: Iron Bundle\n|-singleturn|p1b: Iron Bundle|Protect\n|move|p1a: Great Tusk|Rock Slide|p2a: Flutter Mane|[spread] p2a,p2b\n|-damage|p2a: Flutter Mane|52\/100\n|-damage|p2b: Ting-Lu|51\/100\n|move|p2a: Flutter Mane|Shadow Ball|p1b: Iron Bundle\n|-activate|p1b: Iron Bundle|move: Protect\n|move|p2b: Ting-Lu|Stomping Tantrum|p1b: Iron Bundle\n|-activate|p1b: Iron Bundle|move: Protect\n|\n|upkeep\n|turn|6\n|\n|t:|1683098030\n|-end|p1b: Iron Bundle|Quark Drive|[silent]\n|switch|p1b: Abomasnow|Abomasnow, L50, M|100\/100\n|-weather|Snow|[from] ability: Snow Warning|[of] p1b: Abomasnow\n|move|p1a: Great Tusk|Rock Slide|p2a: Flutter Mane|[spread] p2a\n|-miss|p1a: Great Tusk|p2b: Ting-Lu\n|-damage|p2a: Flutter Mane|29\/100\n|move|p2a: Flutter Mane|Shadow Ball|p1b: Abomasnow\n|-damage|p1b: Abomasnow|66\/100\n|move|p2b: Ting-Lu|Stomping Tantrum|p1b: Abomasnow\n|-resisted|p1b: Abomasnow\n|-crit|p1b: Abomasnow\n|-damage|p1b: Abomasnow|44\/100\n|\n|-weather|Snow|[upkeep]\n|upkeep\n|turn|7\n|\n|t:|1683098046\n|move|p1a: Great Tusk|Rock Slide|p2b: Ting-Lu|[spread] p2b\n|-miss|p1a: Great Tusk|p2a: Flutter Mane\n|-damage|p2b: Ting-Lu|43\/100\n|move|p2a: Flutter Mane|Shadow Ball|p1b: Abomasnow\n|-damage|p1b: Abomasnow|8\/100\n|move|p1b: Abomasnow|Giga Drain|p2b: Ting-Lu\n|-supereffective|p2b: Ting-Lu\n|-damage|p2b: Ting-Lu|18\/100\n|-heal|p1b: Abomasnow|27\/100|[from] drain|[of] p2b: Ting-Lu\n|move|p2b: Ting-Lu|Stomping Tantrum|p1a: Great Tusk\n|-crit|p1a: Great Tusk\n|-damage|p1a: Great Tusk|0 fnt\n|faint|p1a: Great Tusk\n|-end|p1a: Great Tusk|Protosynthesis|[silent]\n|\n|-weather|Snow|[upkeep]\n|upkeep\n|\n|t:|1683098060\n|switch|p1a: Iron Bundle|Iron Bundle, L50|100\/100\n|turn|8\n|\n|t:|1683098073\n|move|p1a: Iron Bundle|Blizzard|p2a: Flutter Mane|[spread] p2a,p2b\n|-resisted|p2b: Ting-Lu\n|-damage|p2a: Flutter Mane|2\/100\n|-damage|p2b: Ting-Lu|11\/100\n|move|p2a: Flutter Mane|Shadow Ball|p1b: Abomasnow\n|-damage|p1b: Abomasnow|0 fnt\n|faint|p1b: Abomasnow\n|move|p2b: Ting-Lu|Ruination|p1a: Iron Bundle\n|-damage|p1a: Iron Bundle|51\/100\n|\n|-weather|Snow|[upkeep]\n|upkeep\n|turn|9\n|\n|t:|1683098094\n|switch|p2b: Wildfire|Arcanine, L50, M|100\/100\n|-ability|p2b: Wildfire|Intimidate|boost\n|-unboost|p1a: Iron Bundle|atk|1\n|move|p1a: Iron Bundle|Blizzard|p2b: Wildfire|[spread] p2a,p2b\n|-resisted|p2b: Wildfire\n|-damage|p2a: Flutter Mane|0 fnt\n|-damage|p2b: Wildfire|77\/100\n|faint|p2a: Flutter Mane\n|-end|p2a: Flutter Mane|Protosynthesis|[silent]\n|\n|-weather|Snow|[upkeep]\n|upkeep\n|\n|t:|1683098100\n|switch|p2a: Ting-Lu|Ting-Lu, L50, tera:Water|11\/100\n|-ability|p2a: Ting-Lu|Vessel of Ruin\n|turn|10\n|\n|t:|1683098106\n|move|p2b: Wildfire|Protect|p2b: Wildfire\n|-singleturn|p2b: Wildfire|Protect\n|move|p1a: Iron Bundle|Blizzard|p2a: Ting-Lu|[spread] p2a\n|-activate|p2b: Wildfire|move: Protect\n|-resisted|p2a: Ting-Lu\n|-damage|p2a: Ting-Lu|3\/100\n|move|p2a: Ting-Lu|Earthquake|p1a: Iron Bundle|[spread] p1a\n|-activate|p2b: Wildfire|move: Protect\n|-damage|p1a: Iron Bundle|25\/100\n|\n|-weather|none\n|upkeep\n|turn|11\n|\n|t:|1683098121\n|move|p1a: Iron Bundle|Protect|p1a: Iron Bundle\n|-singleturn|p1a: Iron Bundle|Protect\n|move|p2b: Wildfire|Flare Blitz|p1a: Iron Bundle\n|-activate|p1a: Iron Bundle|move: Protect\n|move|p2a: Ting-Lu|Stomping Tantrum|p1a: Iron Bundle\n|-activate|p1a: Iron Bundle|move: Protect\n|\n|upkeep\n|turn|12\n|-message|Nociee forfeited.\n|\n|win|haburasigosi\n|raw|Nociee's rating: 1616 → 1606<\/strong> (-10 for losing)\n|raw|haburasigosi's rating: 1804 → 1814<\/strong> (+10 for winning)\n|l|\u2606Nociee\n","uploadtime":1683098138,"views":10,"p1id":"nociee","p2id":"haburasigosi","formatid":"gen9vgc2023regulationc","rating":1606,"private":0,"password":""}