{"id":"gen9vgc2023regulationc-1847182675","p1":"terriblevgc","p2":"Meruru131","format":"[Gen 9] VGC 2023 Regulation C","log":"|j|\u2606terriblevgc\n|j|\u2606Meruru131\n|t:|1681925837\n|gametype|doubles\n|player|p1|terriblevgc|101|1195\n|player|p2|Meruru131|schoolkidf|1184\n|teamsize|p1|6\n|teamsize|p2|6\n|gen|9\n|tier|[Gen 9] VGC 2023 Regulation C\n|rated|\n|rule|Species Clause: Limit one of each Pok\u00e9mon\n|rule|Item Clause: Limit one of each item\n|clearpoke\n|poke|p1|Wo-Chien, L50|\n|poke|p1|Flutter Mane, L50|\n|poke|p1|Rotom-Wash, L50|\n|poke|p1|Arcanine, L50, F|\n|poke|p1|Ting-Lu, L50|\n|poke|p1|Gholdengo, L50|\n|poke|p2|Amoonguss, L50, M|\n|poke|p2|Talonflame, L50, F|\n|poke|p2|Iron Bundle, L50|\n|poke|p2|Garchomp, L50, F|\n|poke|p2|Kingambit, L50, F|\n|poke|p2|Flutter Mane, L50|\n|teampreview|4\n|inactive|Battle timer is ON: inactive players will automatically lose when time's up. (requested by Meruru131)\nMeruru131 rejected open team sheets.\n|\n|t:|1681925885\n|start\n|switch|p1a: Rotom|Rotom-Wash, L50|100\/100\n|switch|p1b: Ting-Lu|Ting-Lu, L50|100\/100\n|switch|p2a: Talonflame|Talonflame, L50, F|100\/100\n|switch|p2b: Garchomp|Garchomp, L50, F|100\/100\n|-ability|p1b: Ting-Lu|Vessel of Ruin\n|turn|1\n|inactive|Meruru131 has 30 seconds left.\n|inactive|Meruru131 has 20 seconds left.\n|\n|t:|1681925923\n|switch|p2a: Amoonguss|Amoonguss, L50, M|100\/100\n|switch|p2b: Iron Bundle|Iron Bundle, L50|100\/100\n|-enditem|p2b: Iron Bundle|Booster Energy\n|-activate|p2b: Iron Bundle|ability: Quark Drive|[fromitem]\n|-start|p2b: Iron Bundle|quarkdrivespa\n|move|p1a: Rotom|Thunderbolt|p2a: Amoonguss\n|-resisted|p2a: Amoonguss\n|-damage|p2a: Amoonguss|91\/100\n|move|p1b: Ting-Lu|Ruination|p2b: Iron Bundle\n|-damage|p2b: Iron Bundle|50\/100\n|\n|upkeep\n|turn|2\n|inactive|terriblevgc has 30 seconds left.\n|\n|t:|1681925954\n|switch|p1a: Wo-Chien|Wo-Chien, L50|100\/100\n|-ability|p1a: Wo-Chien|Tablets of Ruin\n|-terastallize|p1b: Ting-Lu|Grass\n|move|p2b: Iron Bundle|Freeze-Dry|p1a: Wo-Chien\n|-supereffective|p1a: Wo-Chien\n|-damage|p1a: Wo-Chien|53\/100\n|move|p1b: Ting-Lu|Stomping Tantrum|p2b: Iron Bundle\n|-damage|p2b: Iron Bundle|25\/100\n|move|p2a: Amoonguss|Spore|p1b: Ting-Lu\n|-immune|p1b: Ting-Lu\n|\n|-heal|p1a: Wo-Chien|59\/100|[from] item: Leftovers\n|upkeep\n|turn|3\n|inactive|Meruru131 has 30 seconds left.\n|\n|t:|1681925982\n|switch|p2a: Talonflame|Talonflame, L50, F|100\/100\n|move|p1a: Wo-Chien|Protect|p1a: Wo-Chien\n|-singleturn|p1a: Wo-Chien|Protect\n|move|p2b: Iron Bundle|Icy Wind|p1a: Wo-Chien|[spread] p1b\n|-activate|p1a: Wo-Chien|move: Protect\n|-supereffective|p1b: Ting-Lu\n|-damage|p1b: Ting-Lu|81\/100\n|-unboost|p1b: Ting-Lu|spe|1\n|move|p1b: Ting-Lu|Stomping Tantrum|p2b: Iron Bundle\n|-damage|p2b: Iron Bundle|0 fnt\n|faint|p2b: Iron Bundle\n|-end|p2b: Iron Bundle|Quark Drive|[silent]\n|\n|-heal|p1a: Wo-Chien|65\/100|[from] item: Leftovers\n|upkeep\n|\n|t:|1681925997\n|switch|p2b: Garchomp|Garchomp, L50, F|100\/100\n|turn|4\n|\n|t:|1681926012\n|switch|p1a: Gholdengo|Gholdengo, L50|100\/100\n|move|p2a: Talonflame|Flare Blitz|p1a: Gholdengo\n|-supereffective|p1a: Gholdengo\n|-damage|p1a: Gholdengo|27\/100\n|-damage|p2a: Talonflame|71\/100|[from] Recoil\n|move|p2b: Garchomp|Dragon Claw|p1b: Ting-Lu\n|-damage|p1b: Ting-Lu|54\/100\n|-damage|p2b: Garchomp|91\/100|[from] item: Life Orb\n|move|p1b: Ting-Lu|Ruination|p2b: Garchomp\n|-damage|p2b: Garchomp|46\/100\n|\n|upkeep\n|turn|5\n|inactive|Meruru131 has 30 seconds left.\n|\n|t:|1681926039\n|move|p2b: Garchomp|Protect|p2b: Garchomp\n|-singleturn|p2b: Garchomp|Protect\n|move|p2a: Talonflame|Flare Blitz|p1a: Gholdengo\n|-supereffective|p1a: Gholdengo\n|-damage|p1a: Gholdengo|0 fnt\n|faint|p1a: Gholdengo\n|-damage|p2a: Talonflame|60\/100|[from] Recoil\n|move|p1b: Ting-Lu|Stomping Tantrum|p2b: Garchomp\n|-activate|p2b: Garchomp|move: Protect\n|\n|upkeep\n|\n|t:|1681926050\n|switch|p1a: Rotom|Rotom-Wash, L50|100\/100\n|turn|6\n|\n|t:|1681926075\n|switch|p2b: Amoonguss|Amoonguss, L50, M|100\/100\n|move|p1a: Rotom|Helping Hand|p1b: Ting-Lu\n|-singleturn|p1b: Ting-Lu|Helping Hand|[of] p1a: Rotom\n|move|p2a: Talonflame|Brave Bird|p1b: Ting-Lu\n|-supereffective|p1b: Ting-Lu\n|-damage|p1b: Ting-Lu|6\/100\n|-damage|p2a: Talonflame|32\/100|[from] Recoil\n|move|p1b: Ting-Lu|Stomping Tantrum|p2b: Amoonguss\n|-damage|p2b: Amoonguss|62\/100\n|\n|upkeep\n|turn|7\n|inactive|Meruru131 has 30 seconds left.\n|\n|t:|1681926102\n|move|p2a: Talonflame|Brave Bird|p1b: Ting-Lu\n|-supereffective|p1b: Ting-Lu\n|-damage|p1b: Ting-Lu|0 fnt\n|faint|p1b: Ting-Lu\n|-damage|p2a: Talonflame|29\/100|[from] Recoil\n|move|p1a: Rotom|Thunderbolt|p2a: Talonflame\n|-supereffective|p2a: Talonflame\n|-damage|p2a: Talonflame|0 fnt\n|faint|p2a: Talonflame\n|move|p2b: Amoonguss|Pollen Puff|p2: Talonflame|[notarget]\n|-fail|p2b: Amoonguss\n|\n|upkeep\n|\n|t:|1681926112\n|switch|p2a: Garchomp|Garchomp, L50, F|46\/100\n|switch|p1b: Wo-Chien|Wo-Chien, L50|65\/100\n|-ability|p1b: Wo-Chien|Tablets of Ruin\n|turn|8\n|\n|t:|1681926129\n|-terastallize|p2b: Amoonguss|Water\n|move|p2a: Garchomp|Protect|p2a: Garchomp\n|-singleturn|p2a: Garchomp|Protect\n|move|p1a: Rotom|Hydro Pump|p2a: Garchomp\n|-activate|p2a: Garchomp|move: Protect\n|move|p1b: Wo-Chien|Taunt|p2b: Amoonguss\n|-start|p2b: Amoonguss|move: Taunt\n|cant|p2b: Amoonguss|move: Taunt|Spore\n|\n|-heal|p1b: Wo-Chien|71\/100|[from] item: Leftovers\n|upkeep\n|turn|9\n|\n|t:|1681926150\n|move|p1a: Rotom|Helping Hand|p1b: Wo-Chien\n|-singleturn|p1b: Wo-Chien|Helping Hand|[of] p1a: Rotom\n|move|p2a: Garchomp|Stomping Tantrum|p1a: Rotom\n|-immune|p1a: Rotom|[from] ability: Levitate\n|move|p1b: Wo-Chien|Giga Drain|p2a: Garchomp\n|-damage|p2a: Garchomp|1\/100\n|-heal|p1b: Wo-Chien|93\/100|[from] drain|[of] p2a: Garchomp\n|move|p2b: Amoonguss|Pollen Puff|p2a: Garchomp\n|-heal|p2a: Garchomp|51\/100\n|\n|-heal|p1b: Wo-Chien|99\/100|[from] item: Leftovers\n|upkeep\n|turn|10\n|\n|t:|1681926168\n|move|p2a: Garchomp|Dragon Claw|p1a: Rotom\n|-damage|p1a: Rotom|51\/100\n|-damage|p2a: Garchomp|41\/100|[from] item: Life Orb\n|move|p1a: Rotom|Thunderbolt|p2b: Amoonguss\n|-supereffective|p2b: Amoonguss\n|-damage|p2b: Amoonguss|7\/100\n|-enditem|p2b: Amoonguss|Sitrus Berry|[eat]\n|-heal|p2b: Amoonguss|32\/100|[from] item: Sitrus Berry\n|move|p1b: Wo-Chien|Leech Seed|p2a: Garchomp\n|-start|p2a: Garchomp|move: Leech Seed\n|move|p2b: Amoonguss|Pollen Puff|p2a: Garchomp\n|-heal|p2a: Garchomp|91\/100\n|\n|-heal|p1b: Wo-Chien|100\/100|[from] item: Leftovers\n|-damage|p2a: Garchomp|79\/100|[from] Leech Seed|[of] p1b: Wo-Chien\n|-end|p2b: Amoonguss|move: Taunt\n|upkeep\n|turn|11\n|inactive|terriblevgc has 30 seconds left.\n|inactive|Meruru131 has 30 seconds left.\n|inactive|Meruru131 has 20 seconds left.\n|\n|t:|1681926204\n|move|p2a: Garchomp|Dragon Claw|p1a: Rotom\n|-crit|p1a: Rotom\n|-damage|p1a: Rotom|0 fnt\n|faint|p1a: Rotom\n|-damage|p2a: Garchomp|70\/100|[from] item: Life Orb\n|move|p1b: Wo-Chien|Taunt|p2b: Amoonguss\n|-start|p2b: Amoonguss|move: Taunt\n|move|p2b: Amoonguss|Pollen Puff|p2a: Garchomp\n|-heal|p2a: Garchomp|100\/100\n|\n|-damage|p2a: Garchomp|88\/100|[from] Leech Seed|[of] p1b: Wo-Chien\n|upkeep\n|turn|12\n|\n|t:|1681926222\n|move|p2a: Garchomp|Dragon Claw|p1b: Wo-Chien\n|-damage|p1b: Wo-Chien|66\/100\n|-damage|p2a: Garchomp|79\/100|[from] item: Life Orb\n|move|p1b: Wo-Chien|Giga Drain|p2b: Amoonguss\n|-supereffective|p2b: Amoonguss\n|-damage|p2b: Amoonguss|0 fnt\n|-heal|p1b: Wo-Chien|84\/100|[from] drain|[of] p2b: Amoonguss\n|faint|p2b: Amoonguss\n|\n|-heal|p1b: Wo-Chien|91\/100|[from] item: Leftovers\n|-damage|p2a: Garchomp|66\/100|[from] Leech Seed|[of] p1b: Wo-Chien\n|-heal|p1b: Wo-Chien|100\/100|[silent]\n|upkeep\n|turn|13\n|\n|t:|1681926236\n|move|p1b: Wo-Chien|Protect|p1b: Wo-Chien\n|-singleturn|p1b: Wo-Chien|Protect\n|move|p2a: Garchomp|Dragon Claw|p1b: Wo-Chien\n|-activate|p1b: Wo-Chien|move: Protect\n|\n|-damage|p2a: Garchomp|54\/100|[from] Leech Seed|[of] p1b: Wo-Chien\n|upkeep\n|turn|14\n|-message|Meruru131 forfeited.\n|\n|win|terriblevgc\n|raw|terriblevgc's rating: 1195 → 1219<\/strong> (+24 for winning)\n|raw|Meruru131's rating: 1184 → 1160<\/strong> (-24 for losing)\n|l|\u2606Meruru131\n|c|\u2606terriblevgc|Gg :)\n","uploadtime":1681926256,"views":9,"p1id":"terriblevgc","p2id":"meruru131","formatid":"gen9vgc2023regulationc","rating":1160,"private":0,"password":""}