{"id":"gen9vgc2023regulationc-1859356974","p1":"modestlytimid","p2":"StupidFlandrs48","format":"[Gen 9] VGC 2023 Regulation C","log":"|j|\u2606modestlytimid\n|j|\u2606StupidFlandrs48\n|t:|1683446011\n|gametype|doubles\n|player|p1|modestlytimid|caitlin|1054\n|player|p2|StupidFlandrs48|169|1110\n|teamsize|p1|6\n|teamsize|p2|6\n|gen|9\n|tier|[Gen 9] VGC 2023 Regulation C\n|rated|\n|rule|Species Clause: Limit one of each Pok\u00e9mon\n|rule|Item Clause: Limit one of each item\n|clearpoke\n|poke|p1|Palafin, L50, M|\n|poke|p1|Arcanine, L50, M|\n|poke|p1|Flutter Mane, L50|\n|poke|p1|Amoonguss, L50, M|\n|poke|p1|Chien-Pao, L50|\n|poke|p1|Dragonite, L50, F|\n|poke|p2|Abomasnow, L50, F|\n|poke|p2|Cryogonal, L50|\n|poke|p2|Ceruledge, L50, F|\n|poke|p2|Ting-Lu, L50|\n|poke|p2|Iron Hands, L50|\n|poke|p2|Amoonguss, L50, F|\n|teampreview|4\n|\n|t:|1683446061\n|start\n|switch|p1a: Dragonite|Dragonite, L50, F|100\/100\n|switch|p1b: Palafin|Palafin, L50, M|100\/100\n|switch|p2a: Barack Aboma|Abomasnow, L50, F|100\/100\n|switch|p2b: Brycen's Revenge|Cryogonal, L50, shiny|100\/100\n|-weather|Snow|[from] ability: Snow Warning|[of] p2a: Barack Aboma\n|turn|1\n|inactive|Battle timer is ON: inactive players will automatically lose when time's up. (requested by modestlytimid)\n|\n|t:|1683446083\n|detailschange|p1b: Palafin|Palafin-Hero, L50, M\n|switch|p1b: Arcanine|Arcanine, L50, M|100\/100\n|-ability|p1b: Arcanine|Intimidate|boost\n|-unboost|p2a: Barack Aboma|atk|1\n|-unboost|p2b: Brycen's Revenge|atk|1\n|-terastallize|p1a: Dragonite|Flying\n|move|p2b: Brycen's Revenge|Icy Wind|p1b: Arcanine|[spread] p1a,p1b\n|-supereffective|p1a: Dragonite\n|-resisted|p1b: Arcanine\n|-damage|p1a: Dragonite|69\/100\n|-damage|p1b: Arcanine|94\/100\n|-unboost|p1a: Dragonite|spe|1\n|-unboost|p1b: Arcanine|spe|1\n|move|p2a: Barack Aboma|Blizzard|p1b: Arcanine|[spread] p1a,p1b\n|-supereffective|p1a: Dragonite\n|-resisted|p1b: Arcanine\n|-damage|p1a: Dragonite|0 fnt\n|-damage|p1b: Arcanine|82\/100\n|faint|p1a: Dragonite\n|\n|-weather|Snow|[upkeep]\n|upkeep\n|\n|t:|1683446099\n|switch|p1a: Palafin|Palafin-Hero, L50, M|100\/100\n|-activate|p1a: Palafin|ability: Zero to Hero\n|turn|2\n|\n|t:|1683446107\n|move|p2b: Brycen's Revenge|Aurora Veil|p2b: Brycen's Revenge\n|-sidestart|p2: StupidFlandrs48|move: Aurora Veil\n|move|p1a: Palafin|Substitute|p1a: Palafin\n|-start|p1a: Palafin|Substitute\n|-damage|p1a: Palafin|76\/100\n|move|p2a: Barack Aboma|Giga Drain|p1a: Palafin\n|-supereffective|p1a: Palafin\n|-end|p1a: Palafin|Substitute\n|move|p1b: Arcanine|Flare Blitz|p2a: Barack Aboma\n|-supereffective|p2a: Barack Aboma\n|-damage|p2a: Barack Aboma|6\/100\n|-damage|p1b: Arcanine|52\/100|[from] Recoil\n|\n|-weather|Snow|[upkeep]\n|upkeep\n|turn|3\n|\n|t:|1683446124\n|switch|p2a: A M O G U S|Amoonguss, L50, F|100\/100\n|move|p1a: Palafin|Protect|p1a: Palafin\n|-singleturn|p1a: Palafin|Protect\n|move|p2b: Brycen's Revenge|Freeze-Dry|p1a: Palafin\n|-activate|p1a: Palafin|move: Protect\n|move|p1b: Arcanine|Flare Blitz|p2a: A M O G U S\n|-supereffective|p2a: A M O G U S\n|-damage|p2a: A M O G U S|55\/100\n|-damage|p1b: Arcanine|35\/100|[from] Recoil\n|\n|-weather|Snow|[upkeep]\n|upkeep\n|turn|4\n|\n|t:|1683446143\n|move|p2a: A M O G U S|Protect|p2a: A M O G U S\n|-singleturn|p2a: A M O G U S|Protect\n|move|p2b: Brycen's Revenge|Freeze-Dry|p1a: Palafin\n|-supereffective|p1a: Palafin\n|-damage|p1a: Palafin|25\/100\n|move|p1a: Palafin|Substitute|p1a: Palafin\n|-fail|p1a: Palafin|move: Substitute|[weak]\n|move|p1b: Arcanine|Howl|p1b: Arcanine|[spread] p1a,p1b\n|-boost|p1a: Palafin|atk|1\n|-boost|p1b: Arcanine|atk|1\n|\n|-weather|Snow|[upkeep]\n|upkeep\n|turn|5\n|\n|t:|1683446163\n|move|p2b: Brycen's Revenge|Protect|p2b: Brycen's Revenge\n|-singleturn|p2b: Brycen's Revenge|Protect\n|move|p1a: Palafin|Protect|p1a: Palafin\n|-singleturn|p1a: Palafin|Protect\n|move|p1b: Arcanine|Flare Blitz|p2b: Brycen's Revenge\n|-activate|p2b: Brycen's Revenge|move: Protect\n|move|p2a: A M O G U S|Spore|p1b: Arcanine\n|-activate|p1b: Arcanine|item: Safety Goggles|Spore\n|\n|-weather|none\n|upkeep\n|turn|6\n|inactive|modestlytimid has 30 seconds left.\n|\n|t:|1683446198\n|move|p2a: A M O G U S|Protect|p2a: A M O G U S\n|-singleturn|p2a: A M O G U S|Protect\n|move|p2b: Brycen's Revenge|Freeze-Dry|p1a: Palafin\n|-supereffective|p1a: Palafin\n|-damage|p1a: Palafin|0 fnt\n|faint|p1a: Palafin\n|move|p1b: Arcanine|Flare Blitz|p2b: Brycen's Revenge\n|-supereffective|p2b: Brycen's Revenge\n|-damage|p2b: Brycen's Revenge|0 fnt\n|faint|p2b: Brycen's Revenge\n|-damage|p1b: Arcanine|9\/100|[from] Recoil\n|\n|upkeep\n|\n|t:|1683446214\n|switch|p2b: Bael|Ceruledge, L50, F|100\/100\n|switch|p1a: Flutter Mane|Flutter Mane, L50|100\/100\n|-enditem|p1a: Flutter Mane|Booster Energy\n|-activate|p1a: Flutter Mane|ability: Protosynthesis|[fromitem]\n|-start|p1a: Flutter Mane|protosynthesisspa\n|turn|7\n|\n|t:|1683446231\n|move|p1b: Arcanine|Protect|p1b: Arcanine\n|-singleturn|p1b: Arcanine|Protect\n|move|p2a: A M O G U S|Rage Powder|p2a: A M O G U S\n|-singleturn|p2a: A M O G U S|move: Rage Powder\n|move|p2b: Bael|Shadow Sneak|p1b: Arcanine\n|-activate|p1b: Arcanine|move: Protect\n|move|p1a: Flutter Mane|Shadow Ball|p2a: A M O G U S\n|-damage|p2a: A M O G U S|21\/100\n|-unboost|p2a: A M O G U S|spd|1\n|-enditem|p2a: A M O G U S|Sitrus Berry|[eat]\n|-heal|p2a: A M O G U S|46\/100|[from] item: Sitrus Berry\n|\n|upkeep\n|turn|8\n|inactive|modestlytimid has 30 seconds left.\n|\n|t:|1683446256\n|move|p1b: Arcanine|Protect|p1b: Arcanine\n|-singleturn|p1b: Arcanine|Protect\n|move|p2a: A M O G U S|Rage Powder|p2a: A M O G U S\n|-singleturn|p2a: A M O G U S|move: Rage Powder\n|move|p2b: Bael|Shadow Sneak|p1b: Arcanine\n|-activate|p1b: Arcanine|move: Protect\n|move|p1a: Flutter Mane|Shadow Ball|p2a: A M O G U S\n|-damage|p2a: A M O G U S|0 fnt\n|faint|p2a: A M O G U S\n|\n|upkeep\n|\n|t:|1683446266\n|switch|p2a: Barack Aboma|Abomasnow, L50, F|6\/100\n|-weather|Snow|[from] ability: Snow Warning|[of] p2a: Barack Aboma\n|turn|9\n|\n|t:|1683446287\n|-terastallize|p2b: Bael|Ice\n|move|p2a: Barack Aboma|Ice Shard|p1b: Arcanine\n|-resisted|p1b: Arcanine\n|-damage|p1b: Arcanine|3\/100\n|move|p1a: Flutter Mane|Shadow Ball|p2b: Bael\n|-damage|p2b: Bael|65\/100\n|move|p2b: Bael|Bulk Up|p2b: Bael\n|-boost|p2b: Bael|atk|1\n|-boost|p2b: Bael|def|1\n|move|p1b: Arcanine|Flare Blitz|p2a: Barack Aboma\n|-supereffective|p2a: Barack Aboma\n|-damage|p2a: Barack Aboma|0 fnt\n|faint|p2a: Barack Aboma\n|-damage|p1b: Arcanine|2\/100|[from] Recoil\n|\n|-weather|Snow|[upkeep]\n|-sideend|p2: StupidFlandrs48|move: Aurora Veil\n|upkeep\n|turn|10\n|\n|t:|1683446308\n|move|p2b: Bael|Shadow Sneak|p1a: Flutter Mane\n|-supereffective|p1a: Flutter Mane\n|-damage|p1a: Flutter Mane|0 fnt\n|faint|p1a: Flutter Mane\n|-end|p1a: Flutter Mane|Protosynthesis|[silent]\n|-damage|p2b: Bael|56\/100|[from] item: Life Orb\n|move|p1b: Arcanine|Flare Blitz|p2b: Bael\n|-start|p2b: Bael|ability: Flash Fire\n|\n|-weather|Snow|[upkeep]\n|upkeep\n|turn|11\n|-message|modestlytimid forfeited.\n|\n|win|StupidFlandrs48\n|raw|modestlytimid's rating: 1054 → 1039<\/strong> (-15 for losing)\n|raw|StupidFlandrs48's rating: 1110 → 1131<\/strong> (+21 for winning)\n|l|\u2606modestlytimid\n","uploadtime":1683446327,"views":10,"p1id":"modestlytimid","p2id":"stupidflandrs48","formatid":"gen9vgc2023regulationc","rating":1039,"private":0,"password":""}