{"id":"gen9vgc2023regulationc-1850044110","p1":"Shnipe_Cizy","p2":"kxichi","format":"[Gen 9] VGC 2023 Regulation C","log":"|j|\u2606Shnipe_Cizy\n|j|\u2606kxichi\n|t:|1682281148\n|gametype|doubles\n|player|p1|Shnipe_Cizy|ghetsis|1322\n|player|p2|kxichi|gambler|1395\n|teamsize|p1|6\n|teamsize|p2|6\n|gen|9\n|tier|[Gen 9] VGC 2023 Regulation C\n|rated|\n|rule|Species Clause: Limit one of each Pok\u00e9mon\n|rule|Item Clause: Limit one of each item\n|clearpoke\n|poke|p1|Ting-Lu, L50|\n|poke|p1|Garganacl, L50, F|\n|poke|p1|Roaring Moon, L50|\n|poke|p1|Amoonguss, L50, F|\n|poke|p1|Arcanine, L50, M|\n|poke|p1|Iron Bundle, L50|\n|poke|p2|Annihilape, L50, M|\n|poke|p2|Maushold-Four, L50|\n|poke|p2|Iron Bundle, L50|\n|poke|p2|Flutter Mane, L50|\n|poke|p2|Chi-Yu, L50|\n|poke|p2|Murkrow, L50, F|\n|teampreview|4\nShnipe_Cizy has agreed to open team sheets.\n|\n|t:|1682281190\n|start\n|switch|p1a: Garganacl|Garganacl, L50, F|100\/100\n|switch|p1b: Roaring Moon|Roaring Moon, L50|100\/100\n|switch|p2a: Annihilape|Annihilape, L50, M|100\/100\n|switch|p2b: Maushold|Maushold-Four, L50|100\/100\n|-enditem|p1b: Roaring Moon|Booster Energy\n|-activate|p1b: Roaring Moon|ability: Protosynthesis|[fromitem]\n|-start|p1b: Roaring Moon|protosynthesisatk\n|turn|1\n|\n|t:|1682281214\n|-terastallize|p1b: Roaring Moon|Flying\n|-terastallize|p2a: Annihilape|Fire\n|move|p1a: Garganacl|Protect|p1a: Garganacl\n|-singleturn|p1a: Garganacl|Protect\n|move|p1b: Roaring Moon|Acrobatics|p2a: Annihilape\n|-damage|p2a: Annihilape|42\/100\n|move|p2b: Maushold|Super Fang|p1b: Roaring Moon|[miss]\n|-miss|p2b: Maushold|p1b: Roaring Moon\n|move|p2a: Annihilape|Bulk Up|p2a: Annihilape\n|-boost|p2a: Annihilape|atk|1\n|-boost|p2a: Annihilape|def|1\n|\n|-heal|p2a: Annihilape|48\/100|[from] item: Leftovers\n|upkeep\n|turn|2\n|\n|t:|1682281235\n|switch|p1a: Amoonguss|Amoonguss, L50, F|100\/100\n|move|p1b: Roaring Moon|Protect|p1b: Roaring Moon\n|-singleturn|p1b: Roaring Moon|Protect\n|move|p2a: Annihilape|Protect|p2a: Annihilape\n|-singleturn|p2a: Annihilape|Protect\n|move|p2b: Maushold|Super Fang|p1b: Roaring Moon\n|-activate|p1b: Roaring Moon|move: Protect\n|\n|-heal|p2a: Annihilape|54\/100|[from] item: Leftovers\n|upkeep\n|turn|3\n|\n|t:|1682281258\n|move|p1a: Amoonguss|Protect|p1a: Amoonguss\n|-singleturn|p1a: Amoonguss|Protect\n|move|p2b: Maushold|Follow Me|p2b: Maushold\n|-singleturn|p2b: Maushold|move: Follow Me\n|move|p1b: Roaring Moon|Acrobatics|p2b: Maushold\n|-damage|p2b: Maushold|9\/100\n|move|p2a: Annihilape|Rage Fist|p1a: Amoonguss\n|-activate|p1a: Amoonguss|move: Protect\n|\n|-heal|p2a: Annihilape|61\/100|[from] item: Leftovers\n|upkeep\n|turn|4\n|\n|t:|1682281278\n|move|p2b: Maushold|Follow Me|p2b: Maushold\n|-singleturn|p2b: Maushold|move: Follow Me\n|move|p1b: Roaring Moon|Dragon Dance|p1b: Roaring Moon\n|-boost|p1b: Roaring Moon|atk|1\n|-boost|p1b: Roaring Moon|spe|1\n|move|p2a: Annihilape|Rage Fist|p1a: Amoonguss\n|-damage|p1a: Amoonguss|39\/100\n|move|p1a: Amoonguss|Pollen Puff|p2b: Maushold\n|-damage|p2b: Maushold|0 fnt\n|faint|p2b: Maushold\n|\n|-heal|p2a: Annihilape|67\/100|[from] item: Leftovers\n|upkeep\n|\n|t:|1682281295\n|switch|p2b: Iron Bundle|Iron Bundle, L50|100\/100\n|turn|5\n|\n|t:|1682281307\n|move|p1b: Roaring Moon|Acrobatics|p2a: Annihilape\n|-damage|p2a: Annihilape|0 fnt\n|faint|p2a: Annihilape\n|move|p2b: Iron Bundle|Icy Wind|p1b: Roaring Moon|[spread] p1a,p1b\n|-supereffective|p1a: Amoonguss\n|-supereffective|p1b: Roaring Moon\n|-damage|p1a: Amoonguss|0 fnt\n|-damage|p1b: Roaring Moon|54\/100\n|-unboost|p1b: Roaring Moon|spe|1\n|faint|p1a: Amoonguss\n|\n|upkeep\n|\n|t:|1682281319\n|switch|p2a: Flutter Mane|Flutter Mane, L50|100\/100\n|switch|p1a: Garganacl|Garganacl, L50, F|100\/100\n|turn|6\n|\n|t:|1682281325\n|move|p1b: Roaring Moon|Protect|p1b: Roaring Moon\n|-singleturn|p1b: Roaring Moon|Protect\n|move|p2b: Iron Bundle|Icy Wind|p1a: Garganacl|[spread] p1a\n|-activate|p1b: Roaring Moon|move: Protect\n|-damage|p1a: Garganacl|76\/100\n|-unboost|p1a: Garganacl|spe|1\n|move|p2a: Flutter Mane|Dazzling Gleam|p1a: Garganacl|[spread] p1a\n|-activate|p1b: Roaring Moon|move: Protect\n|-damage|p1a: Garganacl|44\/100\n|-damage|p2a: Flutter Mane|91\/100|[from] item: Life Orb\n|move|p1a: Garganacl|Salt Cure|p2b: Iron Bundle\n|-supereffective|p2b: Iron Bundle\n|-damage|p2b: Iron Bundle|67\/100\n|-start|p2b: Iron Bundle|Salt Cure\n|\n|-heal|p1a: Garganacl|50\/100|[from] item: Leftovers\n|-damage|p2b: Iron Bundle|42\/100|[from] Salt Cure\n|upkeep\n|turn|7\n|\n|t:|1682281349\n|move|p1a: Garganacl|Protect|p1a: Garganacl\n|-singleturn|p1a: Garganacl|Protect\n|move|p2b: Iron Bundle|Icy Wind|p1b: Roaring Moon|[spread] p1b\n|-activate|p1a: Garganacl|move: Protect\n|-supereffective|p1b: Roaring Moon\n|-damage|p1b: Roaring Moon|7\/100\n|-unboost|p1b: Roaring Moon|spe|1\n|move|p2a: Flutter Mane|Dazzling Gleam|p1a: Garganacl|[spread] p1b\n|-activate|p1a: Garganacl|move: Protect\n|-damage|p1b: Roaring Moon|0 fnt\n|faint|p1b: Roaring Moon\n|-end|p1b: Roaring Moon|Protosynthesis|[silent]\n|-damage|p2a: Flutter Mane|81\/100|[from] item: Life Orb\n|\n|-heal|p1a: Garganacl|56\/100|[from] item: Leftovers\n|-damage|p2b: Iron Bundle|17\/100|[from] Salt Cure\n|upkeep\n|\n|t:|1682281354\n|switch|p1b: Iron Bundle|Iron Bundle, L50|100\/100\n|turn|8\n|\n|t:|1682281374\n|move|p2b: Iron Bundle|Icy Wind|p1b: Iron Bundle|[spread] p1a,p1b\n|-resisted|p1b: Iron Bundle\n|-damage|p1a: Garganacl|33\/100\n|-damage|p1b: Iron Bundle|85\/100\n|-unboost|p1a: Garganacl|spe|1\n|-unboost|p1b: Iron Bundle|spe|1\n|move|p2a: Flutter Mane|Moonblast|p1b: Iron Bundle\n|-crit|p1b: Iron Bundle\n|-damage|p1b: Iron Bundle|0 fnt\n|faint|p1b: Iron Bundle\n|-end|p1b: Iron Bundle|Quark Drive|[silent]\n|-damage|p2a: Flutter Mane|71\/100|[from] item: Life Orb\n|move|p1a: Garganacl|Recover|p1a: Garganacl\n|-heal|p1a: Garganacl|84\/100\n|\n|-heal|p1a: Garganacl|89\/100|[from] item: Leftovers\n|-damage|p2b: Iron Bundle|0 fnt|[from] Salt Cure\n|faint|p2b: Iron Bundle\n|-end|p2b: Iron Bundle|Quark Drive|[silent]\n|upkeep\n|turn|9\n|\n|t:|1682281401\n|move|p1a: Garganacl|Protect|p1a: Garganacl\n|-singleturn|p1a: Garganacl|Protect\n|move|p2a: Flutter Mane|Moonblast|p1a: Garganacl\n|-activate|p1a: Garganacl|move: Protect\n|\n|-heal|p1a: Garganacl|95\/100|[from] item: Leftovers\n|upkeep\n|turn|10\n|\n|t:|1682281411\n|move|p2a: Flutter Mane|Moonblast|p1a: Garganacl\n|-damage|p1a: Garganacl|48\/100\n|-damage|p2a: Flutter Mane|61\/100|[from] item: Life Orb\n|move|p1a: Garganacl|Salt Cure|p2a: Flutter Mane\n|-damage|p2a: Flutter Mane|29\/100\n|-start|p2a: Flutter Mane|Salt Cure\n|\n|-heal|p1a: Garganacl|54\/100|[from] item: Leftovers\n|-damage|p2a: Flutter Mane|17\/100|[from] Salt Cure\n|upkeep\n|turn|11\n|\n|t:|1682281423\n|move|p1a: Garganacl|Protect|p1a: Garganacl\n|-singleturn|p1a: Garganacl|Protect\n|move|p2a: Flutter Mane|Moonblast|p1a: Garganacl\n|-activate|p1a: Garganacl|move: Protect\n|\n|-heal|p1a: Garganacl|60\/100|[from] item: Leftovers\n|-damage|p2a: Flutter Mane|4\/100|[from] Salt Cure\n|upkeep\n|turn|12\n|\n|t:|1682281433\n|move|p2a: Flutter Mane|Moonblast|p1a: Garganacl\n|-damage|p1a: Garganacl|15\/100\n|-unboost|p1a: Garganacl|spa|1\n|-damage|p2a: Flutter Mane|0 fnt|[from] item: Life Orb\n|faint|p2a: Flutter Mane\n|-end|p2a: Flutter Mane|Protosynthesis|[silent]\n|\n|win|Shnipe_Cizy\n|raw|Shnipe_Cizy's rating: 1322 → 1346<\/strong> (+24 for winning)\n|raw|kxichi's rating: 1395 → 1371<\/strong> (-24 for losing)\n","uploadtime":1682281442,"views":16,"p1id":"shnipecizy","p2id":"kxichi","formatid":"gen9vgc2023regulationc","rating":1346,"private":0,"password":""}