{"id":"gen9vgc2023regulationc-1845478259","p1":"Twopalaces","p2":"brocksoup","format":"[Gen 9] VGC 2023 Regulation C","log":"|j|\u2606Twopalaces\n|j|\u2606brocksoup\n|t:|1681737692\n|gametype|doubles\n|player|p1|Twopalaces|cynthia-gen7|1051\n|player|p2|brocksoup|170|1046\n|teamsize|p1|6\n|teamsize|p2|6\n|gen|9\n|tier|[Gen 9] VGC 2023 Regulation C\n|rated|\n|rule|Species Clause: Limit one of each Pok\u00e9mon\n|rule|Item Clause: Limit one of each item\n|clearpoke\n|poke|p1|Chi-Yu, L50|\n|poke|p1|Amoonguss, L50, F|\n|poke|p1|Flutter Mane, L50|\n|poke|p1|Torkoal, L50, F|\n|poke|p1|Tauros-Paldea-Aqua, L50, M|\n|poke|p1|Glimmora, L50, F|\n|poke|p2|Azumarill, L50, F|\n|poke|p2|Oranguru, L50, M|\n|poke|p2|Torkoal, L50, M|\n|poke|p2|Arboliva, L50, F|\n|poke|p2|Grimmsnarl, L50, M|\n|poke|p2|Chien-Pao, L50|\n|teampreview|4\n|inactive|Battle timer is ON: inactive players will automatically lose when time's up. (requested by brocksoup)\n|\n|t:|1681737728\n|start\n|switch|p1a: Amoonguss|Amoonguss, L50, F|100\/100\n|switch|p1b: Tauros|Tauros-Paldea-Aqua, L50, M|100\/100\n|switch|p2a: Azumarill|Azumarill, L50, F|100\/100\n|switch|p2b: Oranguru|Oranguru, L50, M|100\/100\n|-ability|p1b: Tauros|Intimidate|boost\n|-unboost|p2a: Azumarill|atk|1\n|-unboost|p2b: Oranguru|atk|1\n|turn|1\n|\n|t:|1681737749\n|switch|p2b: Arboliva|Arboliva, L50, F|100\/100\n|move|p1b: Tauros|Wave Crash|p2b: Arboliva\n|-resisted|p2b: Arboliva\n|-damage|p2b: Arboliva|58\/100\n|-fieldstart|move: Grassy Terrain|[from] ability: Seed Sower|[of] p2b: Arboliva\n|-damage|p1b: Tauros|84\/100|[from] Recoil\n|move|p2a: Azumarill|Belly Drum|p2a: Azumarill\n|-damage|p2a: Azumarill|50\/100\n|-setboost|p2a: Azumarill|atk|6|[from] move: Belly Drum\n|-enditem|p2a: Azumarill|Sitrus Berry|[eat]\n|-heal|p2a: Azumarill|75\/100|[from] item: Sitrus Berry\n|move|p1a: Amoonguss|Spore|p2a: Azumarill\n|-status|p2a: Azumarill|slp|[from] move: Spore\n|\n|-heal|p1b: Tauros|90\/100|[from] Grassy Terrain\n|-heal|p2a: Azumarill|81\/100 slp|[from] Grassy Terrain\n|-heal|p2b: Arboliva|65\/100|[from] Grassy Terrain\n|-heal|p2b: Arboliva|71\/100|[from] item: Leftovers\n|upkeep\n|turn|2\n|inactive|Twopalaces has 30 seconds left.\n|inactive|brocksoup has 30 seconds left.\n|inactive|Twopalaces has 20 seconds left.\n|\n|t:|1681737788\n|switch|p1a: Chi-Yu|Chi-Yu, L50|100\/100\n|-ability|p1a: Chi-Yu|Beads of Ruin\n|cant|p2a: Azumarill|slp\n|move|p1b: Tauros|Wave Crash|p2a: Azumarill\n|-resisted|p2a: Azumarill\n|-damage|p2a: Azumarill|37\/100 slp\n|-damage|p1b: Tauros|70\/100|[from] Recoil\n|move|p2b: Arboliva|Leech Seed|p1b: Tauros\n|-start|p1b: Tauros|move: Leech Seed\n|\n|-heal|p1b: Tauros|76\/100|[from] Grassy Terrain\n|-heal|p2a: Azumarill|43\/100 slp|[from] Grassy Terrain\n|-heal|p2b: Arboliva|77\/100|[from] Grassy Terrain\n|-heal|p2b: Arboliva|83\/100|[from] item: Leftovers\n|-damage|p1b: Tauros|64\/100|[from] Leech Seed|[of] p2b: Arboliva\n|-heal|p2b: Arboliva|94\/100|[silent]\n|upkeep\n|turn|3\n|inactive|brocksoup has 30 seconds left.\n|\n|t:|1681737817\n|-terastallize|p2b: Arboliva|Water\n|cant|p2a: Azumarill|slp\n|move|p1a: Chi-Yu|Heat Wave|p2b: Arboliva|[spread] p2a,p2b\n|-resisted|p2a: Azumarill\n|-resisted|p2b: Arboliva\n|-damage|p2a: Azumarill|12\/100 slp\n|-damage|p2b: Arboliva|65\/100\n|-damage|p1a: Chi-Yu|91\/100|[from] item: Life Orb\n|move|p1b: Tauros|Wave Crash|p2a: Azumarill\n|-resisted|p2a: Azumarill\n|-crit|p2a: Azumarill\n|-damage|p2a: Azumarill|0 fnt\n|faint|p2a: Azumarill\n|-damage|p1b: Tauros|59\/100|[from] Recoil\n|move|p2b: Arboliva|Pollen Puff|p2: Azumarill|[notarget]\n|-fail|p2b: Arboliva\n|\n|-heal|p1a: Chi-Yu|97\/100|[from] Grassy Terrain\n|-heal|p1b: Tauros|65\/100|[from] Grassy Terrain\n|-heal|p2b: Arboliva|71\/100|[from] Grassy Terrain\n|-heal|p2b: Arboliva|77\/100|[from] item: Leftovers\n|-damage|p1b: Tauros|53\/100|[from] Leech Seed|[of] p2b: Arboliva\n|-heal|p2b: Arboliva|87\/100|[silent]\n|upkeep\n|inactive|brocksoup has 30 seconds left.\n|\n|t:|1681737844\n|switch|p2a: Oranguru|Oranguru, L50, M|100\/100\n|turn|4\n|\n|t:|1681737858\n|switch|p1b: Amoonguss|Amoonguss, L50, F|100\/100\n|move|p1a: Chi-Yu|Dark Pulse|p2a: Oranguru\n|-supereffective|p2a: Oranguru\n|-damage|p2a: Oranguru|2\/100\n|-enditem|p2a: Oranguru|Aguav Berry|[eat]\n|-heal|p2a: Oranguru|35\/100|[from] item: Aguav Berry\n|-damage|p1a: Chi-Yu|87\/100|[from] item: Life Orb\n|move|p2b: Arboliva|Leech Seed|p1a: Chi-Yu\n|-start|p1a: Chi-Yu|move: Leech Seed\n|move|p2a: Oranguru|Trick Room|p2a: Oranguru\n|-fieldstart|move: Trick Room|[of] p2a: Oranguru\n|\n|-heal|p2b: Arboliva|94\/100|[from] Grassy Terrain\n|-heal|p2b: Arboliva|99\/100|[from] item: Leftovers\n|-heal|p2a: Oranguru|41\/100|[from] Grassy Terrain\n|-heal|p1a: Chi-Yu|93\/100|[from] Grassy Terrain\n|-damage|p1a: Chi-Yu|81\/100|[from] Leech Seed|[of] p2b: Arboliva\n|-heal|p2b: Arboliva|100\/100|[silent]\n|upkeep\n|turn|5\n|inactive|Twopalaces has 30 seconds left.\n|inactive|brocksoup has 30 seconds left.\n|\n|t:|1681737887\n|switch|p2a: Grimmsnarl|Grimmsnarl, L50, M|100\/100\n|move|p2b: Arboliva|Protect|p2b: Arboliva\n|-singleturn|p2b: Arboliva|Protect\n|move|p1b: Amoonguss|Spore|p2b: Arboliva\n|-activate|p2b: Arboliva|move: Protect\n|move|p1a: Chi-Yu|Overheat|p2a: Grimmsnarl\n|-damage|p2a: Grimmsnarl|0 fnt\n|-unboost|p1a: Chi-Yu|spa|2\n|faint|p2a: Grimmsnarl\n|-damage|p1a: Chi-Yu|71\/100|[from] item: Life Orb\n|\n|-heal|p1a: Chi-Yu|77\/100|[from] Grassy Terrain\n|-damage|p1a: Chi-Yu|65\/100|[from] Leech Seed|[of] p2b: Arboliva\n|-fieldend|move: Grassy Terrain\n|upkeep\n|\n|t:|1681737905\n|switch|p2a: Oranguru|Oranguru, L50, M|41\/100\n|turn|6\n|\n|t:|1681737925\n|move|p1b: Amoonguss|Spore|p2b: Arboliva\n|-status|p2b: Arboliva|slp|[from] move: Spore\n|cant|p2b: Arboliva|slp\n|move|p2a: Oranguru|Foul Play|p1a: Chi-Yu\n|-resisted|p1a: Chi-Yu\n|-damage|p1a: Chi-Yu|53\/100\n|move|p1a: Chi-Yu|Dark Pulse|p2a: Oranguru\n|-supereffective|p2a: Oranguru\n|-damage|p2a: Oranguru|0 fnt\n|faint|p2a: Oranguru\n|-damage|p1a: Chi-Yu|43\/100|[from] item: Life Orb\n|\n|-damage|p1a: Chi-Yu|31\/100|[from] Leech Seed|[of] p2b: Arboliva\n|upkeep\n|turn|7\n|\n|t:|1681737947\n|switch|p1b: Tauros|Tauros-Paldea-Aqua, L50, M|53\/100\n|-ability|p1b: Tauros|Intimidate|boost\n|-unboost|p2b: Arboliva|atk|1\n|switch|p1a: Flutter Mane|Flutter Mane, L50|100\/100\n|-curestatus|p2b: Arboliva|slp|[msg]\n|move|p2b: Arboliva|Leech Seed|p1a: Flutter Mane\n|-start|p1a: Flutter Mane|move: Leech Seed\n|\n|-damage|p1a: Flutter Mane|88\/100|[from] Leech Seed|[of] p2b: Arboliva\n|upkeep\n|turn|8\n|inactive|Twopalaces has 30 seconds left.\n|\n|t:|1681737974\n|move|p2b: Arboliva|Leech Seed|p1b: Tauros\n|-start|p1b: Tauros|move: Leech Seed\n|move|p1b: Tauros|Close Combat|p2b: Arboliva\n|-damage|p2b: Arboliva|15\/100\n|-unboost|p1b: Tauros|def|1\n|-unboost|p1b: Tauros|spd|1\n|-fieldstart|move: Grassy Terrain|[from] ability: Seed Sower|[of] p2b: Arboliva\n|move|p1a: Flutter Mane|Moonblast|p2b: Arboliva\n|-damage|p2b: Arboliva|0 fnt\n|faint|p2b: Arboliva\n|\n|win|Twopalaces\n|raw|Twopalaces's rating: 1051 → 1083<\/strong> (+32 for winning)\n|raw|brocksoup's rating: 1046 → 1029<\/strong> (-17 for losing)\n|l|\u2606brocksoup\n","uploadtime":1681737993,"views":7,"p1id":"twopalaces","p2id":"brocksoup","formatid":"gen9vgc2023regulationc","rating":1029,"private":0,"password":""}