{"id":"gen9vgc2023regulationc-1864415355","p1":"Xermaeus","p2":"nightamara","format":"[Gen 9] VGC 2023 Regulation C","log":"|j|\u2606Xermaeus\n|j|\u2606nightamara\n|t:|1684164666\n|gametype|doubles\n|player|p1|Xermaeus|265|1299\n|player|p2|nightamara|greta-gen3|1256\n|teamsize|p1|6\n|teamsize|p2|6\n|gen|9\n|tier|[Gen 9] VGC 2023 Regulation C\n|rated|\n|rule|Species Clause: Limit one of each Pok\u00e9mon\n|rule|Item Clause: Limit one of each item\n|clearpoke\n|poke|p1|Glimmora, L50, F|\n|poke|p1|Chi-Yu, L50|\n|poke|p1|Flutter Mane, L50|\n|poke|p1|Gastrodon, L50, M|\n|poke|p1|Gyarados, L50, F|\n|poke|p1|Orthworm, L50, F|\n|poke|p2|Talonflame, L50, F|\n|poke|p2|Great Tusk, L50|\n|poke|p2|Flutter Mane, L50|\n|poke|p2|Chien-Pao, L50|\n|poke|p2|Amoonguss, L50, M|\n|poke|p2|Gholdengo, L50|\n|teampreview|4\nnightamara has agreed to open team sheets.\n|inactive|Battle timer is ON: inactive players will automatically lose when time's up. (requested by nightamara)\n|inactive|Xermaeus has 60 seconds left.\n|\n|t:|1684164762\n|start\n|switch|p1a: Glimmora|Glimmora, L50, F|100\/100\n|switch|p1b: Gyarados|Gyarados, L50, F|100\/100\n|switch|p2a: Gholdengo|Gholdengo, L50|100\/100\n|switch|p2b: Amoonguss|Amoonguss, L50, M|100\/100\n|-ability|p1b: Gyarados|Intimidate|boost\n|-unboost|p2a: Gholdengo|atk|1\n|-unboost|p2b: Amoonguss|atk|1\n|turn|1\n|inactive|Xermaeus has 30 seconds left.\n|\n|t:|1684164792\n|-terastallize|p1a: Glimmora|Grass\n|move|p2b: Amoonguss|Rage Powder|p2b: Amoonguss\n|-singleturn|p2b: Amoonguss|move: Rage Powder\n|move|p1a: Glimmora|Earth Power|p2a: Gholdengo\n|-supereffective|p2a: Gholdengo\n|-damage|p2a: Gholdengo|51\/100\n|move|p1b: Gyarados|Taunt|p2b: Amoonguss\n|-start|p2b: Amoonguss|move: Taunt\n|move|p2a: Gholdengo|Nasty Plot|p2a: Gholdengo\n|-boost|p2a: Gholdengo|spa|2\n|\n|-heal|p2a: Gholdengo|57\/100|[from] item: Leftovers\n|upkeep\n|turn|2\n|inactive|Xermaeus has 30 seconds left.\n|inactive|nightamara has 30 seconds left.\n|\n|t:|1684164826\n|-terastallize|p2a: Gholdengo|Water\n|move|p1a: Glimmora|Energy Ball|p2a: Gholdengo\n|-supereffective|p2a: Gholdengo\n|-damage|p2a: Gholdengo|0 fnt\n|faint|p2a: Gholdengo\n|move|p1b: Gyarados|Waterfall|p2b: Amoonguss\n|-resisted|p2b: Amoonguss\n|-damage|p2b: Amoonguss|88\/100\n|move|p2b: Amoonguss|Pollen Puff|p2: Gholdengo|[notarget]\n|-fail|p2b: Amoonguss\n|\n|upkeep\n|\n|t:|1684164836\n|switch|p2a: Chien-Pao|Chien-Pao, L50|100\/100\n|-ability|p2a: Chien-Pao|Sword of Ruin\n|turn|3\n|\n|t:|1684164849\n|switch|p2b: Great Tusk|Great Tusk, L50|100\/100\n|move|p2a: Chien-Pao|Ice Spinner|p1a: Glimmora\n|-supereffective|p1a: Glimmora\n|-damage|p1a: Glimmora|0 fnt\n|-activate|p1a: Glimmora|ability: Toxic Debris\n|-sidestart|p2: nightamara|move: Toxic Spikes\n|faint|p1a: Glimmora\n|move|p1b: Gyarados|Icy Wind|p2b: Great Tusk|[spread] p2a,p2b\n|-resisted|p2a: Chien-Pao\n|-supereffective|p2b: Great Tusk\n|-damage|p2a: Chien-Pao|96\/100\n|-damage|p2b: Great Tusk|83\/100\n|-unboost|p2a: Chien-Pao|spe|1\n|-unboost|p2b: Great Tusk|spe|1\n|\n|upkeep\n|\n|t:|1684164869\n|switch|p1a: Flutter Mane|Flutter Mane, L50|100\/100\n|-enditem|p1a: Flutter Mane|Booster Energy\n|-activate|p1a: Flutter Mane|ability: Protosynthesis|[fromitem]\n|-start|p1a: Flutter Mane|protosynthesisspe\n|turn|4\n|inactive|nightamara has 30 seconds left.\n|inactive|nightamara has 20 seconds left.\n|\n|t:|1684164907\n|-end|p2b: Great Tusk|Protosynthesis|[silent]\n|switch|p2b: Amoonguss|Amoonguss, L50, M|100\/100\n|-sideend|p2: nightamara|move: Toxic Spikes|[of] p2b: Amoonguss\n|move|p1a: Flutter Mane|Protect|p1a: Flutter Mane\n|-singleturn|p1a: Flutter Mane|Protect\n|move|p2a: Chien-Pao|Sucker Punch||[still]\n|-fail|p2a: Chien-Pao\n|move|p1b: Gyarados|Waterfall|p2b: Amoonguss\n|-resisted|p2b: Amoonguss\n|-damage|p2b: Amoonguss|82\/100\n|\n|upkeep\n|turn|5\n|inactive|Xermaeus has 30 seconds left.\n|inactive|Xermaeus has 20 seconds left.\n|\n|t:|1684164946\n|switch|p2b: Great Tusk|Great Tusk, L50|83\/100\n|move|p2a: Chien-Pao|Sucker Punch||[still]\n|-fail|p2a: Chien-Pao\n|move|p1a: Flutter Mane|Substitute|p1a: Flutter Mane\n|-start|p1a: Flutter Mane|Substitute\n|-damage|p1a: Flutter Mane|76\/100\n|move|p1b: Gyarados|Taunt|p2b: Great Tusk\n|-start|p2b: Great Tusk|move: Taunt\n|\n|upkeep\n|turn|6\n|\n|t:|1684164969\n|move|p2a: Chien-Pao|Sucker Punch|p1a: Flutter Mane\n|-end|p1a: Flutter Mane|Substitute\n|move|p1a: Flutter Mane|Moonblast|p2a: Chien-Pao\n|-supereffective|p2a: Chien-Pao\n|-damage|p2a: Chien-Pao|0 fnt\n|faint|p2a: Chien-Pao\n|move|p2b: Great Tusk|Rock Slide|p1b: Gyarados|[spread] p1a,p1b\n|-supereffective|p1b: Gyarados\n|-damage|p1a: Flutter Mane|36\/100\n|-damage|p1b: Gyarados|54\/100\n|cant|p1b: Gyarados|flinch\n|\n|upkeep\n|\n|t:|1684164974\n|switch|p2a: Amoonguss|Amoonguss, L50, M|100\/100\n|turn|7\n|\n|t:|1684164993\n|move|p1a: Flutter Mane|Protect|p1a: Flutter Mane\n|-singleturn|p1a: Flutter Mane|Protect\n|move|p2a: Amoonguss|Rage Powder|p2a: Amoonguss\n|-singleturn|p2a: Amoonguss|move: Rage Powder\n|move|p2b: Great Tusk|Rock Slide|p1a: Flutter Mane|[spread] p1b\n|-activate|p1a: Flutter Mane|move: Protect\n|-supereffective|p1b: Gyarados\n|-damage|p1b: Gyarados|11\/100\n|-enditem|p1b: Gyarados|Iapapa Berry|[eat]\n|-heal|p1b: Gyarados|44\/100|[from] item: Iapapa Berry\n|move|p1b: Gyarados|Icy Wind|p2a: Amoonguss|[spread] p2a,p2b\n|-supereffective|p2a: Amoonguss\n|-crit|p2a: Amoonguss\n|-supereffective|p2b: Great Tusk\n|-damage|p2a: Amoonguss|86\/100\n|-damage|p2b: Great Tusk|65\/100\n|-unboost|p2a: Amoonguss|spe|1\n|-unboost|p2b: Great Tusk|spe|1\n|\n|-end|p2b: Great Tusk|move: Taunt\n|upkeep\n|turn|8\n|\n|t:|1684165016\n|move|p2a: Amoonguss|Rage Powder|p2a: Amoonguss\n|-singleturn|p2a: Amoonguss|move: Rage Powder\n|move|p1a: Flutter Mane|Substitute|p1a: Flutter Mane\n|-start|p1a: Flutter Mane|Substitute\n|-damage|p1a: Flutter Mane|11\/100\n|move|p1b: Gyarados|Taunt|p2a: Amoonguss\n|-start|p2a: Amoonguss|move: Taunt\n|move|p2b: Great Tusk|Rock Slide|p1a: Flutter Mane|[spread] p1a,p1b\n|-end|p1a: Flutter Mane|Substitute\n|-supereffective|p1b: Gyarados\n|-damage|p1b: Gyarados|0 fnt\n|faint|p1b: Gyarados\n|\n|upkeep\n|\n|t:|1684165030\n|switch|p1b: Chi-Yu|Chi-Yu, L50|100\/100\n|-ability|p1b: Chi-Yu|Beads of Ruin\n|turn|9\n|\n|t:|1684165039\n|move|p1a: Flutter Mane|Moonblast|p2b: Great Tusk\n|-supereffective|p2b: Great Tusk\n|-damage|p2b: Great Tusk|0 fnt\n|faint|p2b: Great Tusk\n|-end|p2b: Great Tusk|Protosynthesis|[silent]\n|move|p1b: Chi-Yu|Flamethrower|p2a: Amoonguss\n|-supereffective|p2a: Amoonguss\n|-damage|p2a: Amoonguss|0 fnt\n|faint|p2a: Amoonguss\n|\n|win|Xermaeus\n|raw|Xermaeus's rating: 1299 → 1321<\/strong> (+22 for winning)\n|raw|nightamara's rating: 1256 → 1234<\/strong> (-22 for losing)\n","uploadtime":1684165048,"views":4,"p1id":"xermaeus","p2id":"nightamara","formatid":"gen9vgc2023regulationc","rating":1234,"private":0,"password":""}