{"id":"gen9vgc2023regulationc-1854805007","p1":"BBRAFF","p2":"KCXII","format":"[Gen 9] VGC 2023 Regulation C","log":"|j|\u2606BBRAFF\n|j|\u2606KCXII\n|t:|1682868110\n|gametype|doubles\n|player|p1|BBRAFF|cyclist|\n|player|p2|KCXII|plasmagrunt|\n|teamsize|p1|6\n|teamsize|p2|6\n|gen|9\n|tier|[Gen 9] VGC 2023 Regulation C\n|rule|Species Clause: Limit one of each Pok\u00e9mon\n|rule|Item Clause: Limit one of each item\n|clearpoke\n|poke|p1|Appletun, L50, M|\n|poke|p1|Maushold, L50|\n|poke|p1|Honchkrow, L50, M|\n|poke|p1|Gyarados, L50, F|\n|poke|p1|Raichu, L50, M|\n|poke|p1|Skeledirge, L50, F|\n|poke|p2|Mudsdale, L50, M|\n|poke|p2|Armarouge, L50, M|\n|poke|p2|Dragapult, L50, F|\n|poke|p2|Pawmot, L50, F|\n|poke|p2|Misdreavus, L50, F|\n|poke|p2|Indeedee-F, L50, F|\n|teampreview|4\n|c|\u2606KCXII|G1\n|c|\u2606BBRAFF|glhf!\nBBRAFF rejected open team sheets.\n|c|\u2606BBRAFF|live links?\n|c|\u2606KCXII|good luck and have fun bro\n|c|\u2606KCXII|sure\n|c|\u2606BBRAFF|timer?\n|c|\u2606KCXII|if you want\n|j| As-fly-as-sly\n|c|\u2606BBRAFF|alright lets do it\n|inactive|Battle timer is ON: inactive players will automatically lose when time's up. (requested by BBRAFF)\n|j| sucabaVGC\n|inactive|KCXII has 60 seconds left.\n|\n|t:|1682868259\n|start\n|switch|p1a: Al Capone|Honchkrow, L50, M|100\/100\n|switch|p1b: Mickey|Raichu, L50, M|100\/100\n|switch|p2a: Misdreavus|Misdreavus, L50, F|100\/100\n|switch|p2b: Indeedee|Indeedee-F, L50, F|100\/100\n|-fieldstart|move: Psychic Terrain|[from] ability: Psychic Surge|[of] p2b: Indeedee\n|turn|1\n|inactive|KCXII has 30 seconds left.\n|inactive|KCXII has 20 seconds left.\n|\n|t:|1682868295\n|move|p2b: Indeedee|Follow Me|p2b: Indeedee\n|-singleturn|p2b: Indeedee|move: Follow Me\n|move|p1b: Mickey|Light Screen|p1b: Mickey\n|-sidestart|p1: BBRAFF|move: Light Screen\n|move|p1a: Al Capone|Snarl|p2a: Misdreavus|[spread] p2a,p2b\n|-supereffective|p2a: Misdreavus\n|-supereffective|p2b: Indeedee\n|-damage|p2a: Misdreavus|68\/100\n|-damage|p2b: Indeedee|63\/100\n|-unboost|p2a: Misdreavus|spa|1\n|-unboost|p2b: Indeedee|spa|1\n|move|p2a: Misdreavus|Trick Room|p2a: Misdreavus\n|-fieldstart|move: Trick Room|[of] p2a: Misdreavus\n|\n|upkeep\n|turn|2\n|inactive|KCXII has 30 seconds left.\n|\n|t:|1682868320\n|switch|p2a: Mudsdale|Mudsdale, L50, M|100\/100\n|move|p2b: Indeedee|Dazzling Gleam|p1a: Al Capone|[spread] p1a,p1b\n|-supereffective|p1a: Al Capone\n|-damage|p1a: Al Capone|80\/100\n|-damage|p1b: Mickey|93\/100\n|move|p1a: Al Capone|Snarl|p2a: Mudsdale|[spread] p2a,p2b\n|-supereffective|p2b: Indeedee\n|-damage|p2a: Mudsdale|82\/100\n|-damage|p2b: Indeedee|25\/100\n|-unboost|p2a: Mudsdale|spa|1\n|-unboost|p2b: Indeedee|spa|1\n|-ability|p2a: Mudsdale|Stamina|boost\n|-boost|p2a: Mudsdale|def|1\n|move|p1b: Mickey|Reflect|p1b: Mickey\n|-sidestart|p1: BBRAFF|Reflect\n|\n|-heal|p2a: Mudsdale|87\/100|[from] item: Leftovers\n|upkeep\n|turn|3\n|\n|t:|1682868339\n|move|p1b: Mickey|Helping Hand|p1a: Al Capone\n|-singleturn|p1a: Al Capone|Helping Hand|[of] p1b: Mickey\n|move|p2b: Indeedee|Protect|p2b: Indeedee\n|-singleturn|p2b: Indeedee|Protect\n|move|p2a: Mudsdale|Iron Defense|p2a: Mudsdale\n|-boost|p2a: Mudsdale|def|2\n|move|p1a: Al Capone|Snarl|p2a: Mudsdale|[spread] p2a\n|-activate|p2b: Indeedee|move: Protect\n|-damage|p2a: Mudsdale|55\/100\n|-unboost|p2a: Mudsdale|spa|1\n|-ability|p2a: Mudsdale|Stamina|boost\n|-boost|p2a: Mudsdale|def|1\n|\n|-heal|p2a: Mudsdale|61\/100|[from] item: Leftovers\n|upkeep\n|turn|4\n|inactive|KCXII has 30 seconds left.\n|\n|t:|1682868372\n|switch|p2b: Misdreavus|Misdreavus, L50, F|68\/100\n|move|p2a: Mudsdale|Body Press|p1a: Al Capone\n|-damage|p1a: Al Capone|0 fnt\n|faint|p1a: Al Capone\n|move|p1b: Mickey|Tera Blast|p2b: Misdreavus\n|-immune|p2b: Misdreavus\n|\n|-heal|p2a: Mudsdale|67\/100|[from] item: Leftovers\n|upkeep\n|\n|t:|1682868378\n|switch|p1a: Toby|Appletun, L50, M|100\/100\n|turn|5\n|j| smsy\n|inactive|BBRAFF has 30 seconds left.\n|\n|t:|1682868406\n|move|p1b: Mickey|Helping Hand|p1a: Toby\n|-singleturn|p1a: Toby|Helping Hand|[of] p1b: Mickey\n|move|p1a: Toby|Apple Acid|p2a: Mudsdale\n|-supereffective|p2a: Mudsdale\n|-damage|p2a: Mudsdale|0 fnt\n|faint|p2a: Mudsdale\n|-damage|p1a: Toby|91\/100|[from] item: Life Orb\n|move|p2b: Misdreavus|Shadow Ball|p1a: Toby\n|-damage|p1a: Toby|72\/100\n|\n|-fieldend|move: Trick Room\n|-fieldend|move: Psychic Terrain\n|upkeep\n|\n|t:|1682868425\n|switch|p2a: Indeedee|Indeedee-F, L50, F|25\/100\n|-fieldstart|move: Psychic Terrain|[from] ability: Psychic Surge|[of] p2a: Indeedee\n|turn|6\n|\n|t:|1682868443\n|move|p1b: Mickey|Helping Hand|p1a: Toby\n|-singleturn|p1a: Toby|Helping Hand|[of] p1b: Mickey\n|move|p2a: Indeedee|Protect|p2a: Indeedee\n|-singleturn|p2a: Indeedee|Protect\n|move|p2b: Misdreavus|Memento|p1a: Toby\n|-unboost|p1a: Toby|atk|2\n|-unboost|p1a: Toby|spa|2\n|faint|p2b: Misdreavus\n|move|p1a: Toby|Apple Acid|p2a: Indeedee\n|-activate|p2a: Indeedee|move: Protect\n|\n|upkeep\n|\n|t:|1682868454\n|switch|p2b: Armarouge|Armarouge, L50, M|100\/100\n|turn|7\n|inactive|KCXII has 30 seconds left.\n|inactive|BBRAFF has 30 seconds left.\n|inactive|KCXII has 20 seconds left.\n|inactive|KCXII has 15 seconds left.\n|inactive|KCXII has 10 seconds left.\n|inactive|KCXII has 5 seconds left.\n|inactiveoff|Battle timer is now OFF.\n|c|\u2606BBRAFF|dont want you to time out there\n|c|\u2606KCXII|oh shoot\n|c|\u2606KCXII|wasnt even paying attention\n|c|\u2606KCXII|lmao thx\n|\n|t:|1682868560\n|-terastallize|p1a: Toby|Dragon\n|move|p1b: Mickey|Tera Blast|p2a: Indeedee\n|-damage|p2a: Indeedee|7\/100\n|move|p2a: Indeedee|Dazzling Gleam|p1b: Mickey|[spread] p1a,p1b\n|-supereffective|p1a: Toby\n|-damage|p1a: Toby|52\/100\n|-damage|p1b: Mickey|82\/100\n|move|p2b: Armarouge|Expanding Force|p1a: Toby|[spread] p1a,p1b\n|-damage|p1a: Toby|5\/100\n|-damage|p1b: Mickey|26\/100\n|move|p1a: Toby|Draco Meteor|p2b: Armarouge\n|-damage|p2b: Armarouge|44\/100\n|-unboost|p1a: Toby|spa|2\n|-damage|p1a: Toby|0 fnt|[from] item: Life Orb\n|faint|p1a: Toby\n|\n|upkeep\n|\n|t:|1682868573\n|switch|p1a: Muhmaid|Gyarados, L50, F|100\/100\n|-ability|p1a: Muhmaid|Intimidate|boost\n|-unboost|p2a: Indeedee|atk|1\n|-unboost|p2b: Armarouge|atk|1\n|turn|8\n|\n|t:|1682868603\n|-terastallize|p2a: Indeedee|Ghost\n|move|p1b: Mickey|Helping Hand|p1a: Muhmaid\n|-singleturn|p1a: Muhmaid|Helping Hand|[of] p1b: Mickey\n|move|p2a: Indeedee|Follow Me|p2a: Indeedee\n|-singleturn|p2a: Indeedee|move: Follow Me\n|move|p1a: Muhmaid|Earthquake|p2b: Armarouge|[spread] p1b,p2a,p2b\n|-supereffective|p1b: Mickey\n|-supereffective|p2b: Armarouge\n|-damage|p1b: Mickey|0 fnt\n|-damage|p2a: Indeedee|0 fnt\n|-damage|p2b: Armarouge|0 fnt\n|faint|p1b: Mickey\n|faint|p2a: Indeedee\n|faint|p2b: Armarouge\n|\n|win|BBRAFF\n|j| Heaven64\n|c|\u2606KCXII|gg\n|c|\u2606BBRAFF|gg\n","uploadtime":1682868615,"views":31,"p1id":"bbraff","p2id":"kcxii","formatid":"gen9vgc2023regulationc","rating":0,"private":0,"password":""}