{"id":"gen9vgc2023regulationc-1846067373","p1":"Echo Rose#9471","p2":"Astaroth051","format":"[Gen 9] VGC 2023 Regulation C","log":"|j|\u2606Echo Rose#9471\n|j|\u2606Astaroth051\n|t:|1681800767\n|gametype|doubles\n|player|p1|Echo Rose#9471|1|1090\n|player|p2|Astaroth051|170|1065\n|teamsize|p1|6\n|teamsize|p2|6\n|gen|9\n|tier|[Gen 9] VGC 2023 Regulation C\n|rated|\n|rule|Species Clause: Limit one of each Pok\u00e9mon\n|rule|Item Clause: Limit one of each item\n|clearpoke\n|poke|p1|Garganacl, L50, M|\n|poke|p1|Glimmora, L50, F|\n|poke|p1|Wo-Chien, L50|\n|poke|p1|Flutter Mane, L50|\n|poke|p1|Palafin, L50, M|\n|poke|p1|Corviknight, L50, F|\n|poke|p2|Dragonite, L50, F|\n|poke|p2|Amoonguss, L50, M|\n|poke|p2|Flutter Mane, L50|\n|poke|p2|Gyarados, L50, F|\n|poke|p2|Chien-Pao, L50|\n|poke|p2|Palafin, L50, M|\n|teampreview|4\n|\n|t:|1681800820\n|start\n|switch|p1a: Glimmora|Glimmora, L50, F|100\/100\n|switch|p1b: Finn Fury|Palafin, L50, M|100\/100\n|switch|p2a: Flutter Mane|Flutter Mane, L50|100\/100\n|switch|p2b: Palafin|Palafin, L50, M|100\/100\n|turn|1\n|\n|t:|1681800844\n|detailschange|p1b: Finn Fury|Palafin-Hero, L50, M\n|switch|p1b: Mercury|Corviknight, L50, F, shiny|100\/100\n|-terastallize|p2a: Flutter Mane|Fairy\n|move|p2b: Palafin|Jet Punch|p1a: Glimmora\n|-supereffective|p1a: Glimmora\n|-damage|p1a: Glimmora|46\/100\n|-activate|p1a: Glimmora|ability: Toxic Debris\n|-sidestart|p2: Astaroth051|move: Toxic Spikes\n|-enditem|p1a: Glimmora|Sitrus Berry|[eat]\n|-heal|p1a: Glimmora|70\/100|[from] item: Sitrus Berry\n|move|p2a: Flutter Mane|Dazzling Gleam|p1a: Glimmora|[spread] p1a,p1b\n|-resisted|p1a: Glimmora\n|-resisted|p1b: Mercury\n|-damage|p1a: Glimmora|38\/100\n|-damage|p1b: Mercury|68\/100\n|move|p1a: Glimmora|Power Gem|p2b: Palafin\n|-damage|p2b: Palafin|39\/100\n|\n|upkeep\n|turn|2\n|\n|t:|1681800881\n|-end|p2a: Flutter Mane|Protosynthesis|[silent]\n|switch|p2a: Amoonguss|Amoonguss, L50, M|100\/100\n|-sideend|p2: Astaroth051|move: Toxic Spikes|[of] p2a: Amoonguss\n|move|p2b: Palafin|Protect|p2b: Palafin\n|-singleturn|p2b: Palafin|Protect\n|move|p1a: Glimmora|Spiky Shield|p1a: Glimmora\n|-singleturn|p1a: Glimmora|move: Protect\n|move|p1b: Mercury|Iron Head|p2a: Amoonguss\n|-damage|p2a: Amoonguss|73\/100\n|-damage|p1b: Mercury|52\/100|[from] item: Rocky Helmet|[of] p2a: Amoonguss\n|\n|upkeep\n|turn|3\n|\n|t:|1681800901\n|switch|p1a: Wo-Chien|Wo-Chien, L50|100\/100\n|-ability|p1a: Wo-Chien|Tablets of Ruin\n|move|p2a: Amoonguss|Rage Powder|p2a: Amoonguss\n|-singleturn|p2a: Amoonguss|move: Rage Powder\n|move|p2b: Palafin|Jet Punch|p1a: Wo-Chien\n|-resisted|p1a: Wo-Chien\n|-damage|p1a: Wo-Chien|91\/100\n|move|p1b: Mercury|Roost|p1b: Mercury\n|-heal|p1b: Mercury|100\/100\n|-singleturn|p1b: Mercury|move: Roost\n|\n|-heal|p1a: Wo-Chien|97\/100|[from] item: Leftovers\n|upkeep\n|turn|4\n|\n|t:|1681800926\n|detailschange|p2b: Palafin|Palafin-Hero, L50, M\n|switch|p2b: Gyarados|Gyarados, L50, F|100\/100\n|-ability|p2b: Gyarados|Intimidate|boost\n|-unboost|p1a: Wo-Chien|atk|1\n|-ability|p1b: Mercury|Mirror Armor\n|-unboost|p2b: Gyarados|atk|1\n|move|p2a: Amoonguss|Rage Powder|p2a: Amoonguss\n|-singleturn|p2a: Amoonguss|move: Rage Powder\n|move|p1a: Wo-Chien|Leech Seed|p2b: Gyarados\n|-start|p2b: Gyarados|move: Leech Seed\n|move|p1b: Mercury|Brave Bird|p2a: Amoonguss\n|-supereffective|p2a: Amoonguss\n|-damage|p2a: Amoonguss|8\/100\n|-damage|p1b: Mercury|84\/100|[from] item: Rocky Helmet|[of] p2a: Amoonguss\n|-damage|p1b: Mercury|60\/100|[from] Recoil\n|\n|-heal|p1a: Wo-Chien|100\/100|[from] item: Leftovers\n|-damage|p2b: Gyarados|88\/100|[from] Leech Seed|[of] p1a: Wo-Chien\n|upkeep\n|turn|5\n|\n|t:|1681800957\n|move|p2b: Gyarados|Thunder Wave|p1b: Mercury\n|-status|p1b: Mercury|par\n|move|p1a: Wo-Chien|Leech Seed|p2a: Amoonguss\n|-immune|p2a: Amoonguss\n|move|p2a: Amoonguss|Pollen Puff|p1a: Wo-Chien\n|-supereffective|p1a: Wo-Chien\n|-damage|p1a: Wo-Chien|59\/100\n|move|p1b: Mercury|Roost|p1b: Mercury\n|-heal|p1b: Mercury|100\/100 par\n|-singleturn|p1b: Mercury|move: Roost\n|\n|-heal|p1a: Wo-Chien|65\/100|[from] item: Leftovers\n|-damage|p2b: Gyarados|76\/100|[from] Leech Seed|[of] p1a: Wo-Chien\n|-heal|p1a: Wo-Chien|78\/100|[silent]\n|upkeep\n|turn|6\n|\n|t:|1681800978\n|move|p2b: Gyarados|Taunt|p1a: Wo-Chien\n|-start|p1a: Wo-Chien|move: Taunt\n|cant|p1a: Wo-Chien|move: Taunt|Leech Seed\n|move|p2a: Amoonguss|Pollen Puff|p1a: Wo-Chien\n|-supereffective|p1a: Wo-Chien\n|-damage|p1a: Wo-Chien|36\/100\n|move|p1b: Mercury|Brave Bird|p2a: Amoonguss\n|-supereffective|p2a: Amoonguss\n|-damage|p2a: Amoonguss|0 fnt\n|-damage|p1b: Mercury|84\/100 par|[from] item: Rocky Helmet|[of] p2a: Amoonguss\n|faint|p2a: Amoonguss\n|-damage|p1b: Mercury|81\/100 par|[from] Recoil\n|\n|-heal|p1a: Wo-Chien|43\/100|[from] item: Leftovers\n|-damage|p2b: Gyarados|63\/100|[from] Leech Seed|[of] p1a: Wo-Chien\n|-heal|p1a: Wo-Chien|56\/100|[silent]\n|upkeep\n|\n|t:|1681800994\n|switch|p2a: Flutter Mane|Flutter Mane, L50, tera:Fairy|100\/100\n|turn|7\n|\n|t:|1681801013\n|switch|p1a: Glimmora|Glimmora, L50, F|38\/100\n|move|p2a: Flutter Mane|Moonblast|p1a: Glimmora\n|-resisted|p1a: Glimmora\n|-damage|p1a: Glimmora|0 fnt\n|faint|p1a: Glimmora\n|move|p2b: Gyarados|Thunder Wave|p1b: Mercury\n|-fail|p1b: Mercury|par\n|move|p1b: Mercury|Iron Head|p2a: Flutter Mane\n|-supereffective|p2a: Flutter Mane\n|-damage|p2a: Flutter Mane|0 fnt\n|faint|p2a: Flutter Mane\n|-end|p2a: Flutter Mane|Protosynthesis|[silent]\n|\n|upkeep\n|\n|t:|1681801025\n|switch|p2a: Palafin|Palafin-Hero, L50, M|39\/100\n|switch|p1a: Finn Fury|Palafin-Hero, L50, M|100\/100\n|-activate|p2a: Palafin|ability: Zero to Hero\n|-activate|p1a: Finn Fury|ability: Zero to Hero\n|turn|8\n|\n|t:|1681801096\n|move|p2a: Palafin|Protect|p2a: Palafin\n|-singleturn|p2a: Palafin|Protect\n|move|p1a: Finn Fury|Jet Punch|p2a: Palafin\n|-activate|p2a: Palafin|move: Protect\n|move|p2b: Gyarados|Thunder Wave|p1a: Finn Fury\n|-status|p1a: Finn Fury|par\n|cant|p1b: Mercury|par\n|\n|-damage|p2b: Gyarados|51\/100|[from] Leech Seed|[of] p1a: Finn Fury\n|upkeep\n|turn|9\n|\n|t:|1681801110\n|move|p1a: Finn Fury|Jet Punch|p2a: Palafin\n|-resisted|p2a: Palafin\n|-damage|p2a: Palafin|16\/100\n|move|p2a: Palafin|Wave Crash|p1a: Finn Fury\n|-resisted|p1a: Finn Fury\n|-damage|p1a: Finn Fury|58\/100 par\n|-damage|p2a: Palafin|1\/100|[from] Recoil\n|move|p2b: Gyarados|Waterfall|p1a: Finn Fury\n|-resisted|p1a: Finn Fury\n|-damage|p1a: Finn Fury|49\/100 par\n|cant|p1b: Mercury|par\n|\n|-damage|p2b: Gyarados|39\/100|[from] Leech Seed|[of] p1a: Finn Fury\n|-heal|p1a: Finn Fury|61\/100 par|[silent]\n|upkeep\n|-enditem|p2b: Gyarados|Sitrus Berry|[eat]\n|-heal|p2b: Gyarados|63\/100|[from] item: Sitrus Berry\n|turn|10\n|\n|t:|1681801131\n|switch|p1b: Wo-Chien|Wo-Chien, L50|56\/100\n|-ability|p1b: Wo-Chien|Tablets of Ruin\n|move|p2a: Palafin|Jet Punch|p1a: Finn Fury\n|-resisted|p1a: Finn Fury\n|-damage|p1a: Finn Fury|44\/100 par\n|move|p1a: Finn Fury|Jet Punch|p2a: Palafin\n|-resisted|p2a: Palafin\n|-damage|p2a: Palafin|0 fnt\n|faint|p2a: Palafin\n|move|p2b: Gyarados|Waterfall|p1a: Finn Fury\n|-resisted|p1a: Finn Fury\n|-damage|p1a: Finn Fury|36\/100 par\n|\n|-heal|p1b: Wo-Chien|62\/100|[from] item: Leftovers\n|-damage|p2b: Gyarados|51\/100|[from] Leech Seed|[of] p1a: Finn Fury\n|-heal|p1a: Finn Fury|49\/100 par|[silent]\n|upkeep\n|turn|11\n|-message|Astaroth051 forfeited.\n|\n|win|Echo Rose#9471\n|raw|Echo Rose#9471's rating: 1090 → 1115<\/strong> (+25 for winning)\n|raw|Astaroth051's rating: 1065 → 1047<\/strong> (-18 for losing)\n|l|\u2606Astaroth051\n","uploadtime":1681801147,"views":6,"p1id":"echorose9471","p2id":"astaroth051","formatid":"gen9vgc2023regulationc","rating":1047,"private":0,"password":""}