{"id":"gen9vgc2023regulationc-1855953675","p1":"Roupelstiltskin","p2":"Icicle220","format":"[Gen 9] VGC 2023 Regulation C","log":"|j|\u2606Roupelstiltskin\n|j|\u2606Icicle220\n|t:|1683006395\n|gametype|doubles\n|player|p1|Roupelstiltskin|fisherman-gen4|1001\n|player|p2|Icicle220|clemont|1073\n|teamsize|p1|6\n|teamsize|p2|6\n|gen|9\n|tier|[Gen 9] VGC 2023 Regulation C\n|rated|\n|rule|Species Clause: Limit one of each Pok\u00e9mon\n|rule|Item Clause: Limit one of each item\n|clearpoke\n|poke|p1|Lycanroc-Midnight, L50, F|\n|poke|p1|Garganacl, L50, M|\n|poke|p1|Vivillon-High Plains, L50, F|\n|poke|p1|Tinkaton, L50, F|\n|poke|p1|Grafaiai, L50, M|\n|poke|p1|Palafin, L50, F|\n|poke|p2|Ting-Lu, L50|\n|poke|p2|Annihilape, L50, M|\n|poke|p2|Great Tusk, L50|\n|poke|p2|Flutter Mane, L50|\n|poke|p2|Dudunsparce-*, L50, M|\n|poke|p2|Maushold-Four, L50|\n|teampreview|4\n|inactive|Battle timer is ON: inactive players will automatically lose when time's up. (requested by Roupelstiltskin)\n|\n|t:|1683006422\n|start\n|switch|p1a: Lycanroc|Lycanroc-Midnight, L50, F|100\/100\n|switch|p1b: Tinkaton|Tinkaton, L50, F|100\/100\n|switch|p2a: Mushikui|Maushold-Four, L50|100\/100\n|switch|p2b: Eelda's Heir|Dudunsparce-Three-Segment, L50, M|100\/100\n|turn|1\n|\n|t:|1683006447\n|-terastallize|p2b: Eelda's Heir|Psychic\n|move|p2a: Mushikui|Beat Up|p2b: Eelda's Heir\n|-supereffective|p2b: Eelda's Heir\n|-damage|p2b: Eelda's Heir|97\/100\n|-ability|p2b: Eelda's Heir|Rattled|boost\n|-boost|p2b: Eelda's Heir|spe|1\n|-enditem|p2b: Eelda's Heir|Weakness Policy\n|-boost|p2b: Eelda's Heir|atk|2|[from] item: Weakness Policy\n|-boost|p2b: Eelda's Heir|spa|2|[from] item: Weakness Policy\n|-supereffective|p2b: Eelda's Heir\n|-damage|p2b: Eelda's Heir|94\/100\n|-ability|p2b: Eelda's Heir|Rattled|boost\n|-boost|p2b: Eelda's Heir|spe|1\n|-supereffective|p2b: Eelda's Heir\n|-damage|p2b: Eelda's Heir|90\/100\n|-ability|p2b: Eelda's Heir|Rattled|boost\n|-boost|p2b: Eelda's Heir|spe|1\n|-supereffective|p2b: Eelda's Heir\n|-damage|p2b: Eelda's Heir|87\/100\n|-ability|p2b: Eelda's Heir|Rattled|boost\n|-boost|p2b: Eelda's Heir|spe|1\n|-hitcount|p2b: Eelda's Heir|4\n|move|p2b: Eelda's Heir|Stored Power|p1a: Lycanroc\n|-damage|p1a: Lycanroc|0 fnt\n|faint|p1a: Lycanroc\n|move|p1b: Tinkaton|Skill Swap|p1: Lycanroc|[notarget]\n|-fail|p1b: Tinkaton\n|\n|upkeep\n|inactive|Roupelstiltskin has 30 seconds left.\n|inactive|Roupelstiltskin has 20 seconds left.\n|\n|t:|1683006482\n|switch|p1a: Vivillon|Vivillon-High Plains, L50, F|100\/100\n|turn|2\n|\n|t:|1683006507\n|move|p2a: Mushikui|Follow Me|p2a: Mushikui\n|-singleturn|p2a: Mushikui|move: Follow Me\n|move|p2b: Eelda's Heir|Hyper Voice|p1a: Vivillon|[spread] p1a,p1b\n|-resisted|p1b: Tinkaton\n|-enditem|p1a: Vivillon|Focus Sash\n|-damage|p1a: Vivillon|1\/100\n|-damage|p1b: Tinkaton|81\/100\n|move|p1b: Tinkaton|Skill Swap|p2a: Mushikui\n|-activate|p1b: Tinkaton|move: Skill Swap|Friend Guard|Own Tempo|[of] p2a: Mushikui\n|move|p1a: Vivillon|Light Screen|p1a: Vivillon\n|-sidestart|p1: Roupelstiltskin|move: Light Screen\n|\n|upkeep\n|turn|3\n|\n|t:|1683006531\n|switch|p2a: Nyx|Flutter Mane, L50|100\/100\n|move|p2b: Eelda's Heir|Hyper Voice|p1b: Tinkaton|[spread] p1a,p1b\n|-resisted|p1b: Tinkaton\n|-damage|p1a: Vivillon|0 fnt\n|-damage|p1b: Tinkaton|69\/100\n|faint|p1a: Vivillon\n|move|p1b: Tinkaton|Gigaton Hammer|p2b: Eelda's Heir\n|-damage|p2b: Eelda's Heir|46\/100\n|\n|upkeep\n|\n|t:|1683006540\n|switch|p1a: Garganacl|Garganacl, L50, M|100\/100\n|turn|4\n|inactive|Roupelstiltskin has 30 seconds left.\n|\n|t:|1683006565\n|-end|p2a: Nyx|Protosynthesis|[silent]\n|switch|p2a: Mushikui|Maushold-Four, L50|100\/100\n|move|p2b: Eelda's Heir|Protect|p2b: Eelda's Heir\n|-singleturn|p2b: Eelda's Heir|Protect\n|move|p1b: Tinkaton|Play Rough|p2b: Eelda's Heir\n|-activate|p2b: Eelda's Heir|move: Protect\n|move|p1a: Garganacl|Avalanche|p2a: Mushikui\n|-damage|p2a: Mushikui|81\/100\n|\n|upkeep\n|turn|5\n|inactive|Roupelstiltskin has 30 seconds left.\n|inactive|Roupelstiltskin has 20 seconds left.\n|\n|t:|1683006601\n|move|p2b: Eelda's Heir|Baton Pass|p2b: Eelda's Heir\n|\n|t:|1683006603\n|switch|p2b: Annihilape|Annihilape, L50, M|100\/100|[from] Baton Pass\n|move|p2a: Mushikui|Beat Up|p2b: Annihilape\n|-damage|p2b: Annihilape|98\/100\n|-damage|p2b: Annihilape|96\/100\n|-damage|p2b: Annihilape|94\/100\n|-damage|p2b: Annihilape|92\/100\n|-hitcount|p2b: Annihilape|4\n|move|p1b: Tinkaton|Gigaton Hammer|p2b: Annihilape\n|-damage|p2b: Annihilape|53\/100\n|move|p1a: Garganacl|Salt Cure|p2a: Mushikui\n|-damage|p2a: Mushikui|63\/100\n|-start|p2a: Mushikui|Salt Cure\n|\n|-damage|p2a: Mushikui|51\/100|[from] Salt Cure\n|upkeep\n|turn|6\n|inactive|Roupelstiltskin has 30 seconds left.\n|inactive|Roupelstiltskin has 20 seconds left.\n|\n|t:|1683006639\n|-terastallize|p1a: Garganacl|Grass\n|move|p2a: Mushikui|Follow Me|p2a: Mushikui\n|-singleturn|p2a: Mushikui|move: Follow Me\n|move|p2b: Annihilape|Rage Fist|p1b: Tinkaton\n|-damage|p1b: Tinkaton|0 fnt\n|faint|p1b: Tinkaton\n|move|p1a: Garganacl|Salt Cure|p2a: Mushikui\n|-crit|p2a: Mushikui\n|-damage|p2a: Mushikui|23\/100\n|\n|-damage|p2a: Mushikui|10\/100|[from] Salt Cure\n|-sideend|p1: Roupelstiltskin|move: Light Screen\n|upkeep\n|turn|7\n|\n|t:|1683006652\n|move|p2a: Mushikui|Follow Me|p2a: Mushikui\n|-singleturn|p2a: Mushikui|move: Follow Me\n|move|p2b: Annihilape|Poison Jab|p1a: Garganacl\n|-supereffective|p1a: Garganacl\n|-damage|p1a: Garganacl|38\/100\n|move|p1a: Garganacl|Recover|p1a: Garganacl\n|-heal|p1a: Garganacl|88\/100\n|\n|-heal|p1a: Garganacl|94\/100|[from] item: Leftovers\n|-damage|p2a: Mushikui|0 fnt|[from] Salt Cure\n|faint|p2a: Mushikui\n|upkeep\n|\n|t:|1683006657\n|switch|p2a: Nyx|Flutter Mane, L50|100\/100\n|turn|8\n|\n|t:|1683006670\n|move|p2b: Annihilape|Rage Fist|p1a: Garganacl\n|-damage|p1a: Garganacl|0 fnt\n|faint|p1a: Garganacl\n|\n|win|Icicle220\n|raw|Roupelstiltskin's rating: 1001 → 1000<\/strong> (-1 for losing)\n|raw|Icicle220's rating: 1073 → 1096<\/strong> (+23 for winning)\n|l|\u2606Roupelstiltskin\n","uploadtime":1683006682,"views":21,"p1id":"roupelstiltskin","p2id":"icicle220","formatid":"gen9vgc2023regulationc","rating":1000,"private":0,"password":""}