{"id":"gen9vgc2023regulationc-1862063880","p1":"tezminator","p2":"BodaciousBulbasaur","format":"[Gen 9] VGC 2023 Regulation C","log":"|j|\u2606tezminator\n|j|\u2606BodaciousBulbasaur\n|t:|1683833391\n|gametype|doubles\n|player|p1|tezminator|265|1168\n|player|p2|BodaciousBulbasaur|acetrainerf-gen4dp|1140\n|teamsize|p1|6\n|teamsize|p2|6\n|gen|9\n|tier|[Gen 9] VGC 2023 Regulation C\n|rated|\n|rule|Species Clause: Limit one of each Pok\u00e9mon\n|rule|Item Clause: Limit one of each item\n|clearpoke\n|poke|p1|Volcarona, L50, F|\n|poke|p1|Barraskewda, L50, F|\n|poke|p1|Scream Tail, L50|\n|poke|p1|Staraptor, L50, M|\n|poke|p1|Tsareena, L50, F|\n|poke|p1|Mudsdale, L50, F|\n|poke|p2|Scream Tail, L50|\n|poke|p2|Garganacl, L50, F|\n|poke|p2|Dragapult, L50, F|\n|poke|p2|Flutter Mane, L50|\n|poke|p2|Arcanine, L50, F|\n|poke|p2|Kingambit, L50, F|\n|teampreview|4\n|inactive|Battle timer is ON: inactive players will automatically lose when time's up. (requested by tezminator)\ntezminator has agreed to open team sheets.\n|\n|t:|1683833417\n|start\n|switch|p1a: Scream Tail|Scream Tail, L50|100\/100\n|switch|p1b: Volcarona|Volcarona, L50, F|100\/100\n|switch|p2a: Scream Tail|Scream Tail, L50|100\/100\n|switch|p2b: Garganacl|Garganacl, L50, F|100\/100\n|-enditem|p2a: Scream Tail|Booster Energy\n|-activate|p2a: Scream Tail|ability: Protosynthesis|[fromitem]\n|-start|p2a: Scream Tail|protosynthesisspe\n|turn|1\n|\n|t:|1683833439\n|-terastallize|p1b: Volcarona|Normal\n|move|p2a: Scream Tail|Howl|p2a: Scream Tail|[spread] p2a,p2b\n|-boost|p2a: Scream Tail|atk|1\n|-boost|p2b: Garganacl|atk|1\n|move|p1a: Scream Tail|Reflect|p1a: Scream Tail\n|-sidestart|p1: tezminator|Reflect\n|move|p1b: Volcarona|Quiver Dance|p1b: Volcarona\n|-boost|p1b: Volcarona|spa|1\n|-boost|p1b: Volcarona|spd|1\n|-boost|p1b: Volcarona|spe|1\n|move|p2b: Garganacl|Rock Slide|p1b: Volcarona|[spread] p1a,p1b\n|-damage|p1a: Scream Tail|80\/100\n|-damage|p1b: Volcarona|70\/100\n|\n|upkeep\n|turn|2\n|\n|t:|1683833458\n|move|p2a: Scream Tail|Encore|p1a: Scream Tail\n|-start|p1a: Scream Tail|Encore\n|move|p1b: Volcarona|Giga Drain|p2b: Garganacl\n|-supereffective|p2b: Garganacl\n|-damage|p2b: Garganacl|32\/100\n|-heal|p1b: Volcarona|100\/100|[from] drain|[of] p2b: Garganacl\n|move|p1a: Scream Tail|Reflect||[still]\n|-fail|p1a: Scream Tail\n|move|p2b: Garganacl|Brick Break|p1b: Volcarona\n|-sideend|p1: tezminator|Reflect\n|-supereffective|p1b: Volcarona\n|-damage|p1b: Volcarona|9\/100\n|\n|upkeep\n|turn|3\n|\n|t:|1683833475\n|-end|p1a: Scream Tail|Protosynthesis|[silent]\n|switch|p1a: Barraskewda|Barraskewda, L50, F|100\/100\n|-terastallize|p2a: Scream Tail|Ghost\n|move|p1b: Volcarona|Protect|p1b: Volcarona\n|-singleturn|p1b: Volcarona|Protect\n|move|p2a: Scream Tail|Disable|p1b: Volcarona\n|-activate|p1b: Volcarona|move: Protect\n|move|p2b: Garganacl|Explosion|p1b: Volcarona|[spread] p1a\n|-activate|p1b: Volcarona|move: Protect\n|-immune|p2a: Scream Tail\n|-enditem|p2b: Garganacl|Normal Gem|[from] gem\n|-damage|p1a: Barraskewda|0 fnt\n|faint|p2b: Garganacl\n|faint|p1a: Barraskewda\n|\n|upkeep\n|\n|t:|1683833491\n|switch|p1a: Scream Tail|Scream Tail, L50|80\/100\n|switch|p2b: Dragapult|Dragapult, L50, F|100\/100\n|turn|4\n|c|\u2606tezminator|well, that just won the game\n|c|\u2606tezminator|gg\n|c|\u2606BodaciousBulbasaur|GG\n|\n|t:|1683833516\n|move|p2a: Scream Tail|Howl|p2a: Scream Tail|[spread] p2a,p2b\n|-boost|p2a: Scream Tail|atk|1\n|-boost|p2b: Dragapult|atk|1\n|move|p2b: Dragapult|Phantom Force||[still]\n|-prepare|p2b: Dragapult|Phantom Force\n|move|p1b: Volcarona|Giga Drain|p2a: Scream Tail\n|-damage|p2a: Scream Tail|71\/100\n|-heal|p1b: Volcarona|27\/100|[from] drain|[of] p2a: Scream Tail\n|move|p1a: Scream Tail|Reflect|p1a: Scream Tail\n|-sidestart|p1: tezminator|Reflect\n|\n|upkeep\n|turn|5\n|\n|t:|1683833530\n|-end|p1a: Scream Tail|Protosynthesis|[silent]\n|switch|p1a: Ian Anderson|Mudsdale, L50, F|100\/100\n|move|p2a: Scream Tail|Protect|p2a: Scream Tail\n|-singleturn|p2a: Scream Tail|Protect\n|move|p2b: Dragapult|Phantom Force|p1a: Ian Anderson|[from]lockedmove\n|-damage|p1a: Ian Anderson|57\/100\n|-ability|p1a: Ian Anderson|Stamina|boost\n|-boost|p1a: Ian Anderson|def|1\n|-damage|p2b: Dragapult|91\/100|[from] item: Life Orb\n|move|p1b: Volcarona|Fiery Dance|p2b: Dragapult\n|-resisted|p2b: Dragapult\n|-damage|p2b: Dragapult|47\/100\n|\n|upkeep\n|turn|6\n|\n|t:|1683833550\n|move|p2a: Scream Tail|Howl|p2a: Scream Tail|[spread] p2a,p2b\n|-boost|p2a: Scream Tail|atk|1\n|-boost|p2b: Dragapult|atk|1\n|move|p2b: Dragapult|Dragon Darts|p1b: Volcarona\n|-damage|p1b: Volcarona|0 fnt\n|-anim|p2b: Dragapult|Dragon Darts|p1a: Ian Anderson\n|-damage|p1a: Ian Anderson|33\/100\n|-ability|p1a: Ian Anderson|Stamina|boost\n|-boost|p1a: Ian Anderson|def|1\n|faint|p1b: Volcarona\n|-damage|p2b: Dragapult|37\/100|[from] item: Life Orb\n|move|p1a: Ian Anderson|Heavy Slam|p2a: Scream Tail\n|-damage|p2a: Scream Tail|44\/100\n|\n|upkeep\n|\n|t:|1683833564\n|switch|p1b: Scream Tail|Scream Tail, L50|80\/100\n|turn|7\n|\n|t:|1683833573\n|move|p2a: Scream Tail|Howl|p2a: Scream Tail|[spread] p2a,p2b\n|-boost|p2a: Scream Tail|atk|1\n|-boost|p2b: Dragapult|atk|1\n|move|p2b: Dragapult|Phantom Force||[still]\n|-prepare|p2b: Dragapult|Phantom Force\n|move|p1b: Scream Tail|Disable|p2a: Scream Tail\n|-start|p2a: Scream Tail|Disable|Howl\n|move|p1a: Ian Anderson|Body Press|p2a: Scream Tail\n|-immune|p2a: Scream Tail\n|\n|upkeep\n|turn|8\n|\n|t:|1683833588\n|move|p2a: Scream Tail|Encore|p1a: Ian Anderson\n|-start|p1a: Ian Anderson|Encore\n|move|p2b: Dragapult|Phantom Force|p1b: Scream Tail|[from]lockedmove\n|-supereffective|p1b: Scream Tail\n|-damage|p1b: Scream Tail|0 fnt\n|-damage|p2b: Dragapult|21\/100|[from] item: Rocky Helmet|[of] p1b: Scream Tail\n|faint|p1b: Scream Tail\n|-end|p1b: Scream Tail|Protosynthesis|[silent]\n|-damage|p2b: Dragapult|11\/100|[from] item: Life Orb\n|move|p1a: Ian Anderson|Body Press|p2b: Dragapult\n|-immune|p2b: Dragapult\n|\n|-sideend|p1: tezminator|Reflect\n|upkeep\n|turn|9\n|c|\u2606tezminator|not even trying to proc my own stomping tantrum worked\n|c|\u2606tezminator|:\/\n|inactive|tezminator has 30 seconds left.\n|-message|tezminator forfeited.\n|\n|win|BodaciousBulbasaur\n|raw|tezminator's rating: 1168 → 1141<\/strong> (-27 for losing)\n|raw|BodaciousBulbasaur's rating: 1140 → 1167<\/strong> (+27 for winning)\n|l|\u2606tezminator\n","uploadtime":1683833653,"views":12,"p1id":"tezminator","p2id":"bodaciousbulbasaur","formatid":"gen9vgc2023regulationc","rating":1141,"private":0,"password":""}