{"id":"gen9vgc2023regulationc-1846434047","p1":"dabmang","p2":"5wamp","format":"[Gen 9] VGC 2023 Regulation C","log":"|j|\u2606dabmang\n|j|\u26065wamp\n|t:|1681840534\n|gametype|doubles\n|player|p1|dabmang|169|1215\n|player|p2|5wamp|boarder|1246\n|teamsize|p1|6\n|teamsize|p2|6\n|gen|9\n|tier|[Gen 9] VGC 2023 Regulation C\n|rated|\n|rule|Species Clause: Limit one of each Pok\u00e9mon\n|rule|Item Clause: Limit one of each item\n|clearpoke\n|poke|p1|Grimmsnarl, L50, M|\n|poke|p1|Arcanine, L50, F|\n|poke|p1|Iron Hands, L50|\n|poke|p1|Gastrodon-East, L50, M|\n|poke|p1|Sylveon, L50, F|\n|poke|p1|Corviknight, L50, M|\n|poke|p2|Hawlucha, L50, M|\n|poke|p2|Indeedee-F, L50, F|\n|poke|p2|Flutter Mane, L50|\n|poke|p2|Iron Bundle, L50|\n|poke|p2|Dondozo, L50, M|\n|poke|p2|Tatsugiri, L50, M|\n|teampreview|4\n|inactive|Battle timer is ON: inactive players will automatically lose when time's up. (requested by 5wamp)\n5wamp rejected open team sheets.\n|\n|t:|1681840563\n|start\n|switch|p1a: grime|Grimmsnarl, L50, M|100\/100\n|switch|p1b: blues|Gastrodon-East, L50, M|100\/100\n|switch|p2a: I apologise|Hawlucha, L50, M|100\/100\n|switch|p2b: But|Indeedee-F, L50, F|100\/100\n|-fieldstart|move: Psychic Terrain|[from] ability: Psychic Surge|[of] p2b: But\n|-enditem|p2a: I apologise|Psychic Seed\n|-boost|p2a: I apologise|spd|1|[from] item: Psychic Seed\n|turn|1\n|inactive|dabmang has 30 seconds left.\n|\n|t:|1681840595\n|move|p2b: But|Follow Me|p2b: But\n|-singleturn|p2b: But|move: Follow Me\n|move|p1a: grime|Reflect|p1a: grime\n|-sidestart|p1: dabmang|Reflect\n|move|p2a: I apologise|Swords Dance|p2a: I apologise\n|-boost|p2a: I apologise|atk|2\n|move|p1b: blues|Muddy Water|p2b: But|[spread] p2a,p2b\n|-damage|p2a: I apologise|72\/100\n|-damage|p2b: But|78\/100\n|\n|upkeep\n|turn|2\n|\n|t:|1681840616\n|move|p2b: But|Follow Me|p2b: But\n|-singleturn|p2b: But|move: Follow Me\n|move|p1a: grime|Light Screen|p1a: grime\n|-sidestart|p1: dabmang|move: Light Screen\n|move|p2a: I apologise|Swords Dance|p2a: I apologise\n|-boost|p2a: I apologise|atk|2\n|move|p1b: blues|Muddy Water|p2b: But|[spread] p2a,p2b\n|-damage|p2a: I apologise|43\/100\n|-damage|p2b: But|55\/100\n|-unboost|p2b: But|accuracy|1\n|\n|upkeep\n|turn|3\n|\n|t:|1681840628\n|-terastallize|p2a: I apologise|Flying\n|move|p2b: But|Follow Me|p2b: But\n|-singleturn|p2b: But|move: Follow Me\n|move|p2a: I apologise|Acrobatics|p1b: blues\n|-damage|p1b: blues|0 fnt\n|faint|p1b: blues\n|move|p1a: grime|Spirit Break|p2b: But\n|-damage|p2b: But|21\/100\n|-unboost|p2b: But|spa|1\n|\n|upkeep\n|\n|t:|1681840647\n|switch|p1b: grunge|Corviknight, L50, M, shiny|100\/100\n|turn|4\n|inactive|dabmang has 30 seconds left.\n|\n|t:|1681840675\n|move|p2b: But|Follow Me|p2b: But\n|-singleturn|p2b: But|move: Follow Me\n|move|p2a: I apologise|Acrobatics|p1a: grime\n|-damage|p1a: grime|0 fnt\n|faint|p1a: grime\n|move|p1b: grunge|Brave Bird|p2b: But\n|-damage|p2b: But|0 fnt\n|faint|p2b: But\n|-damage|p1b: grunge|95\/100|[from] Recoil\n|\n|upkeep\n|\n|t:|1681840685\n|switch|p2b: OTS|Tatsugiri, L50, M|100\/100\n|switch|p1a: trap|Iron Hands, L50|100\/100\n|turn|5\n|inactive|5wamp has 30 seconds left.\n|inactive|5wamp has 20 seconds left.\n|\n|t:|1681840721\n|move|p2a: I apologise|Protect|p2a: I apologise\n|-singleturn|p2a: I apologise|Protect\n|move|p1a: trap|Protect|p1a: trap\n|-singleturn|p1a: trap|Protect\n|move|p2b: OTS|Draco Meteor|p1a: trap\n|-activate|p1a: trap|move: Protect\n|move|p1b: grunge|Brave Bird|p2a: I apologise\n|-activate|p2a: I apologise|move: Protect\n|\n|-fieldend|move: Psychic Terrain\n|upkeep\n|turn|6\n|inactive|dabmang has 30 seconds left.\n|\n|t:|1681840747\n|move|p2a: I apologise|Acrobatics|p1a: trap\n|-damage|p1a: trap|15\/100\n|-enditem|p1a: trap|Sitrus Berry|[eat]\n|-heal|p1a: trap|40\/100|[from] item: Sitrus Berry\n|move|p2b: OTS|Draco Meteor|p1a: trap\n|-damage|p1a: trap|7\/100\n|-unboost|p2b: OTS|spa|2\n|move|p1b: grunge|Brave Bird|p2a: I apologise\n|-damage|p2a: I apologise|0 fnt\n|faint|p2a: I apologise\n|-damage|p1b: grunge|83\/100|[from] Recoil\n|move|p1a: trap|Wild Charge|p2b: OTS\n|-damage|p2b: OTS|15\/100\n|-damage|p1a: trap|0 fnt|[from] Recoil\n|faint|p1a: trap\n|-end|p1a: trap|Quark Drive|[silent]\n|\n|upkeep\n|\n|t:|1681840763\n|switch|p2a: Accepting|Dondozo, L50, M|100\/100\n|-activate|p2b: OTS|ability: Commander|[of] p2a: Accepting\n|-boost|p2a: Accepting|atk|2\n|-boost|p2a: Accepting|spa|2\n|-boost|p2a: Accepting|spe|2\n|-boost|p2a: Accepting|def|2\n|-boost|p2a: Accepting|spd|2\n|turn|7\n|inactive|dabmang has 30 seconds left.\n|inactive|dabmang has 20 seconds left.\n|\n|t:|1681840801\n|-terastallize|p1b: grunge|Dragon\n|move|p2a: Accepting|Wave Crash|p1b: grunge\n|-resisted|p1b: grunge\n|-damage|p1b: grunge|54\/100\n|-damage|p2a: Accepting|92\/100|[from] Recoil\n|move|p1b: grunge|Iron Head|p2b: OTS|[miss]\n|-miss|p1b: grunge|p2b: OTS\n|\n|upkeep\n|turn|8\n|\n|t:|1681840817\n|move|p2a: Accepting|Earthquake|p1b: grunge|[spread] p1b\n|-miss|p2a: Accepting|p2b: OTS\n|-damage|p1b: grunge|32\/100\n|move|p1b: grunge|Roost|p1b: grunge\n|-heal|p1b: grunge|82\/100\n|\n|-sideend|p1: dabmang|Reflect\n|upkeep\n|turn|9\n|\n|t:|1681840835\n|move|p2a: Accepting|Earthquake|p1b: grunge|[spread] p1b\n|-miss|p2a: Accepting|p2b: OTS\n|-damage|p1b: grunge|48\/100\n|move|p1b: grunge|Bulk Up|p1b: grunge\n|-boost|p1b: grunge|atk|1\n|-boost|p1b: grunge|def|1\n|\n|-sideend|p1: dabmang|move: Light Screen\n|upkeep\n|turn|10\n|\n|t:|1681840843\n|move|p2a: Accepting|Earthquake|p1b: grunge|[spread] p1b\n|-miss|p2a: Accepting|p2b: OTS\n|-damage|p1b: grunge|25\/100\n|move|p1b: grunge|Roost|p1b: grunge\n|-heal|p1b: grunge|76\/100\n|\n|upkeep\n|turn|11\n|c|\u26065wamp|why are you doing this my guy\n|\n|t:|1681840856\n|move|p2a: Accepting|Earthquake|p1b: grunge|[spread] p1b\n|-miss|p2a: Accepting|p2b: OTS\n|-damage|p1b: grunge|52\/100\n|move|p1b: grunge|Bulk Up|p1b: grunge\n|-boost|p1b: grunge|atk|1\n|-boost|p1b: grunge|def|1\n|\n|upkeep\n|turn|12\n|c|\u26065wamp|i have unaware\n|\n|t:|1681840870\n|move|p2a: Accepting|Earthquake|p1b: grunge|[spread] p1b\n|-miss|p2a: Accepting|p2b: OTS\n|-damage|p1b: grunge|35\/100\n|move|p1b: grunge|Roost|p1b: grunge\n|-heal|p1b: grunge|85\/100\n|\n|upkeep\n|turn|13\n|\n|t:|1681840881\n|move|p2a: Accepting|Earthquake|p1b: grunge|[spread] p1b\n|-miss|p2a: Accepting|p2b: OTS\n|-damage|p1b: grunge|67\/100\n|move|p1b: grunge|Bulk Up|p1b: grunge\n|-boost|p1b: grunge|atk|1\n|-boost|p1b: grunge|def|1\n|\n|upkeep\n|turn|14\n|\n|t:|1681840897\n|move|p2a: Accepting|Tera Blast|p1b: grunge\n|-damage|p1b: grunge|47\/100\n|move|p1b: grunge|Brave Bird|p2a: Accepting\n|-damage|p2a: Accepting|49\/100\n|-damage|p1b: grunge|31\/100|[from] Recoil\n|\n|upkeep\n|turn|15\n|\n|t:|1681840907\n|move|p2a: Accepting|Tera Blast|p1b: grunge\n|-damage|p1b: grunge|9\/100\n|move|p1b: grunge|Roost|p1b: grunge\n|-heal|p1b: grunge|59\/100\n|\n|upkeep\n|turn|16\n|\n|t:|1681840914\n|move|p2a: Accepting|Tera Blast|p1b: grunge\n|-damage|p1b: grunge|38\/100\n|move|p1b: grunge|Roost|p1b: grunge\n|-heal|p1b: grunge|88\/100\n|\n|upkeep\n|turn|17\n|\n|t:|1681840930\n|move|p2a: Accepting|Tera Blast|p1b: grunge\n|-crit|p1b: grunge\n|-damage|p1b: grunge|56\/100\n|move|p1b: grunge|Brave Bird|p2a: Accepting\n|-damage|p2a: Accepting|6\/100\n|-damage|p1b: grunge|40\/100|[from] Recoil\n|\n|upkeep\n|turn|18\n|\n|t:|1681840937\n|move|p2a: Accepting|Rest|p2a: Accepting\n|-status|p2a: Accepting|slp|[from] move: Rest\n|-heal|p2a: Accepting|100\/100 slp|[silent]\n|-enditem|p2a: Accepting|Chesto Berry|[eat]\n|-curestatus|p2a: Accepting|slp|[msg]\n|move|p1b: grunge|Roost|p1b: grunge\n|-heal|p1b: grunge|91\/100\n|\n|upkeep\n|turn|19\n|\n|t:|1681840945\n|move|p2a: Accepting|Tera Blast|p1b: grunge\n|-damage|p1b: grunge|71\/100\n|move|p1b: grunge|Bulk Up|p1b: grunge\n|-boost|p1b: grunge|atk|1\n|-boost|p1b: grunge|def|1\n|\n|upkeep\n|turn|20\n|\n|t:|1681840951\n|move|p2a: Accepting|Tera Blast|p1b: grunge\n|-damage|p1b: grunge|50\/100\n|move|p1b: grunge|Bulk Up|p1b: grunge\n|-boost|p1b: grunge|atk|1\n|-boost|p1b: grunge|def|1\n|\n|upkeep\n|turn|21\n|\n|t:|1681840957\n|move|p2a: Accepting|Tera Blast|p1b: grunge\n|-damage|p1b: grunge|30\/100\n|move|p1b: grunge|Roost|p1b: grunge\n|-heal|p1b: grunge|80\/100\n|\n|upkeep\n|turn|22\n|\n|t:|1681840963\n|move|p2a: Accepting|Tera Blast|p1b: grunge\n|-damage|p1b: grunge|60\/100\n|move|p1b: grunge|Bulk Up|p1b: grunge\n|-boost|p1b: grunge|atk|1\n|-boost|p1b: grunge|def|1\n|\n|upkeep\n|turn|23\n|\n|t:|1681840969\n|move|p2a: Accepting|Tera Blast|p1b: grunge\n|-damage|p1b: grunge|40\/100\n|move|p1b: grunge|Roost|p1b: grunge\n|-heal|p1b: grunge|91\/100\n|\n|upkeep\n|turn|24\n|\n|t:|1681840977\n|move|p2a: Accepting|Tera Blast|p1b: grunge\n|-damage|p1b: grunge|71\/100\n|move|p1b: grunge|Brave Bird|p2a: Accepting\n|-damage|p2a: Accepting|34\/100\n|-damage|p1b: grunge|46\/100|[from] Recoil\n|\n|upkeep\n|turn|25\n|c|\u26065wamp|im sorry but you die to draco\n|\n|t:|1681840994\n|move|p2a: Accepting|Rest|p2a: Accepting\n|-status|p2a: Accepting|slp|[from] move: Rest\n|-heal|p2a: Accepting|100\/100 slp|[silent]\n|move|p1b: grunge|Iron Head|p2a: Accepting\n|-resisted|p2a: Accepting\n|-damage|p2a: Accepting|79\/100 slp\n|\n|upkeep\n|turn|26\n|\n|t:|1681841002\n|cant|p2a: Accepting|slp\n|move|p1b: grunge|Brave Bird|p2a: Accepting\n|-damage|p2a: Accepting|16\/100 slp\n|-damage|p1b: grunge|23\/100|[from] Recoil\n|\n|upkeep\n|turn|27\n|\n|t:|1681841010\n|cant|p2a: Accepting|slp\n|move|p1b: grunge|Brave Bird|p2a: Accepting\n|-damage|p2a: Accepting|0 fnt\n|faint|p2a: Accepting\n|-damage|p1b: grunge|18\/100|[from] Recoil\n|\n|upkeep\n|turn|28\n|\n|t:|1681841020\n|move|p2b: OTS|Draco Meteor|p1b: grunge\n|-supereffective|p1b: grunge\n|-damage|p1b: grunge|0 fnt\n|-unboost|p2b: OTS|spa|2\n|faint|p1b: grunge\n|\n|win|5wamp\n|raw|dabmang's rating: 1215 → 1192<\/strong> (-23 for losing)\n|raw|5wamp's rating: 1246 → 1269<\/strong> (+23 for winning)\n|l|\u2606dabmang\n","uploadtime":1681841031,"views":13,"p1id":"dabmang","p2id":"5wamp","formatid":"gen9vgc2023regulationc","rating":1192,"private":0,"password":""}