{"id":"gen9vgc2023regulationc-1846772517","p1":"SoupyWeevil82","p2":"Ricardo Randorez","format":"[Gen 9] VGC 2023 Regulation C","log":"|j|\u2606SoupyWeevil82\n|j|\u2606Ricardo Randorez\n|t:|1681876937\n|gametype|doubles\n|player|p1|SoupyWeevil82|juan|1192\n|player|p2|Ricardo Randorez|170|1165\n|teamsize|p1|6\n|teamsize|p2|6\n|gen|9\n|tier|[Gen 9] VGC 2023 Regulation C\n|rated|\n|rule|Species Clause: Limit one of each Pok\u00e9mon\n|rule|Item Clause: Limit one of each item\n|clearpoke\n|poke|p1|Chi-Yu, L50|\n|poke|p1|Dachsbun, L50, F|\n|poke|p1|Scizor, L50, M|\n|poke|p1|Tauros-Paldea-Aqua, L50, M|\n|poke|p1|Flutter Mane, L50|\n|poke|p1|Chien-Pao, L50|\n|poke|p2|Arcanine, L50, F|\n|poke|p2|Gyarados, L50, F|\n|poke|p2|Gothitelle, L50, F|\n|poke|p2|Iron Jugulis, L50|\n|poke|p2|Dragonite, L50, M|\n|poke|p2|Ting-Lu, L50|\n|teampreview|4\nSoupyWeevil82 has agreed to open team sheets.\n|\n|t:|1681876967\n|start\n|switch|p1a: Chi-Yu|Chi-Yu, L50|100\/100\n|switch|p1b: Dachsbun|Dachsbun, L50, F|100\/100\n|switch|p2a: Iron Jugulis|Iron Jugulis, L50|100\/100\n|switch|p2b: Ting-Lu|Ting-Lu, L50|100\/100\n|-ability|p1a: Chi-Yu|Beads of Ruin\n|-ability|p2b: Ting-Lu|Vessel of Ruin\n|-enditem|p2a: Iron Jugulis|Booster Energy\n|-activate|p2a: Iron Jugulis|ability: Quark Drive|[fromitem]\n|-start|p2a: Iron Jugulis|quarkdrivespe\n|turn|1\n|\n|t:|1681876997\n|move|p2a: Iron Jugulis|Snarl|p1a: Chi-Yu|[spread] p1a,p1b\n|-resisted|p1a: Chi-Yu\n|-resisted|p1b: Dachsbun\n|-damage|p1a: Chi-Yu|91\/100\n|-damage|p1b: Dachsbun|91\/100\n|-unboost|p1a: Chi-Yu|spa|1\n|-unboost|p1b: Dachsbun|spa|1\n|move|p1a: Chi-Yu|Lava Plume|p2b: Ting-Lu|[spread] p2a,p2b\n|-ability|p1b: Dachsbun|Well-Baked Body|boost\n|-boost|p1b: Dachsbun|def|2\n|-damage|p2a: Iron Jugulis|73\/100\n|-damage|p2b: Ting-Lu|89\/100\n|move|p1b: Dachsbun|Body Press|p2b: Ting-Lu\n|-supereffective|p2b: Ting-Lu\n|-damage|p2b: Ting-Lu|43\/100\n|move|p2b: Ting-Lu|Snarl|p1b: Dachsbun|[spread] p1a,p1b\n|-resisted|p1a: Chi-Yu\n|-resisted|p1b: Dachsbun\n|-damage|p1a: Chi-Yu|87\/100\n|-damage|p1b: Dachsbun|86\/100\n|-unboost|p1a: Chi-Yu|spa|1\n|-unboost|p1b: Dachsbun|spa|1\n|\n|-heal|p1b: Dachsbun|93\/100|[from] item: Leftovers\n|upkeep\n|turn|2\n|\n|t:|1681877025\n|move|p2a: Iron Jugulis|Tailwind|p2a: Iron Jugulis\n|-sidestart|p2: Ricardo Randorez|move: Tailwind\n|move|p1a: Chi-Yu|Lava Plume|p2a: Iron Jugulis|[spread] p2a,p2b\n|-ability|p1b: Dachsbun|Well-Baked Body|boost\n|-boost|p1b: Dachsbun|def|2\n|-damage|p2a: Iron Jugulis|54\/100\n|-damage|p2b: Ting-Lu|35\/100\n|-status|p2a: Iron Jugulis|brn\n|move|p2b: Ting-Lu|Earthquake|p1a: Chi-Yu|[spread] p1a,p1b\n|-immune|p2a: Iron Jugulis\n|-supereffective|p1a: Chi-Yu\n|-damage|p1a: Chi-Yu|0 fnt\n|-damage|p1b: Dachsbun|80\/100\n|faint|p1a: Chi-Yu\n|move|p1b: Dachsbun|Yawn||[still]\n|-fail|p1b: Dachsbun\n|\n|-heal|p1b: Dachsbun|86\/100|[from] item: Leftovers\n|-damage|p2a: Iron Jugulis|48\/100 brn|[from] brn\n|upkeep\n|\n|t:|1681877044\n|switch|p1a: Tauros|Tauros-Paldea-Aqua, L50, M|100\/100\n|-ability|p1a: Tauros|Intimidate|boost\n|-unboost|p2a: Iron Jugulis|atk|1\n|-unboost|p2b: Ting-Lu|atk|1\n|turn|3\n|\n|t:|1681877064\n|switch|p1a: Flutter Mane|Flutter Mane, L50|100\/100\n|-enditem|p1a: Flutter Mane|Booster Energy\n|-activate|p1a: Flutter Mane|ability: Protosynthesis|[fromitem]\n|-start|p1a: Flutter Mane|protosynthesisspe\n|switch|p2b: Gyarados|Gyarados, L50, F|100\/100\n|-ability|p2b: Gyarados|Intimidate|boost\n|-unboost|p1a: Flutter Mane|atk|1\n|-unboost|p1b: Dachsbun|atk|1\n|move|p2a: Iron Jugulis|Protect|p2a: Iron Jugulis\n|-singleturn|p2a: Iron Jugulis|Protect\n|move|p1b: Dachsbun|Body Press|p2a: Iron Jugulis\n|-activate|p2a: Iron Jugulis|move: Protect\n|\n|-heal|p1b: Dachsbun|92\/100|[from] item: Leftovers\n|-damage|p2a: Iron Jugulis|41\/100 brn|[from] brn\n|upkeep\n|turn|4\n|\n|t:|1681877083\n|move|p1a: Flutter Mane|Protect|p1a: Flutter Mane\n|-singleturn|p1a: Flutter Mane|Protect\n|move|p2a: Iron Jugulis|Snarl|p1b: Dachsbun|[spread] p1b\n|-activate|p1a: Flutter Mane|move: Protect\n|-resisted|p1b: Dachsbun\n|-damage|p1b: Dachsbun|83\/100\n|-unboost|p1b: Dachsbun|spa|1\n|move|p2b: Gyarados|Dragon Dance|p2b: Gyarados\n|-boost|p2b: Gyarados|atk|1\n|-boost|p2b: Gyarados|spe|1\n|move|p1b: Dachsbun|Yawn|p2b: Gyarados\n|-start|p2b: Gyarados|move: Yawn|[of] p1b: Dachsbun\n|\n|-heal|p1b: Dachsbun|90\/100|[from] item: Leftovers\n|-damage|p2a: Iron Jugulis|35\/100 brn|[from] brn\n|upkeep\n|turn|5\n|\n|t:|1681877106\n|-end|p1a: Flutter Mane|Protosynthesis|[silent]\n|switch|p1a: Tauros|Tauros-Paldea-Aqua, L50, M|100\/100\n|-ability|p1a: Tauros|Intimidate|boost\n|-unboost|p2a: Iron Jugulis|atk|1\n|-fail|p2b: Gyarados|unboost|[from] item: Clear Amulet|[of] p2b: Gyarados\n|move|p2a: Iron Jugulis|Snarl|p1b: Dachsbun|[spread] p1a,p1b\n|-resisted|p1a: Tauros\n|-resisted|p1b: Dachsbun\n|-damage|p1a: Tauros|93\/100\n|-damage|p1b: Dachsbun|80\/100\n|-unboost|p1a: Tauros|spa|1\n|-unboost|p1b: Dachsbun|spa|1\n|move|p2b: Gyarados|Waterfall|p1a: Tauros\n|-resisted|p1a: Tauros\n|-damage|p1a: Tauros|65\/100\n|move|p1b: Dachsbun|Body Press|p2a: Iron Jugulis\n|-damage|p2a: Iron Jugulis|0 fnt\n|faint|p2a: Iron Jugulis\n|-end|p2a: Iron Jugulis|Quark Drive|[silent]\n|\n|-heal|p1b: Dachsbun|86\/100|[from] item: Leftovers\n|-end|p2b: Gyarados|move: Yawn|[silent]\n|-status|p2b: Gyarados|slp\n|-sideend|p2: Ricardo Randorez|move: Tailwind\n|upkeep\n|\n|t:|1681877111\n|switch|p2a: Arcanine|Arcanine, L50, F|100\/100\n|-ability|p2a: Arcanine|Intimidate|boost\n|-unboost|p1a: Tauros|atk|1\n|-unboost|p1b: Dachsbun|atk|1\n|turn|6\n|\n|t:|1681877139\n|-terastallize|p2a: Arcanine|Normal\n|cant|p2b: Gyarados|slp\n|move|p1a: Tauros|Wave Crash|p2a: Arcanine\n|-crit|p2a: Arcanine\n|-damage|p2a: Arcanine|15\/100\n|-damage|p1a: Tauros|33\/100|[from] Recoil\n|move|p1b: Dachsbun|Body Press|p2b: Gyarados\n|-resisted|p2b: Gyarados\n|-damage|p2b: Gyarados|70\/100 slp\n|move|p2a: Arcanine|Howl|p2a: Arcanine|[spread] p2a,p2b\n|-boost|p2a: Arcanine|atk|1\n|-boost|p2b: Gyarados|atk|1\n|\n|-heal|p1b: Dachsbun|93\/100|[from] item: Leftovers\n|upkeep\n|turn|7\n|\n|t:|1681877174\n|move|p2a: Arcanine|Extreme Speed|p1a: Tauros\n|-damage|p1a: Tauros|0 fnt\n|faint|p1a: Tauros\n|-curestatus|p2b: Gyarados|slp|[msg]\n|move|p2b: Gyarados|Waterfall|p1b: Dachsbun\n|-damage|p1b: Dachsbun|68\/100\n|cant|p1b: Dachsbun|flinch\n|\n|-heal|p1b: Dachsbun|74\/100|[from] item: Leftovers\n|upkeep\n|\n|t:|1681877184\n|switch|p1a: Flutter Mane|Flutter Mane, L50|100\/100\n|turn|8\n|\n|t:|1681877213\n|move|p1a: Flutter Mane|Protect|p1a: Flutter Mane\n|-singleturn|p1a: Flutter Mane|Protect\n|move|p2a: Arcanine|Extreme Speed|p1b: Dachsbun\n|-damage|p1b: Dachsbun|55\/100\n|move|p2b: Gyarados|Waterfall|p1a: Flutter Mane\n|-activate|p1a: Flutter Mane|move: Protect\n|move|p1b: Dachsbun|Yawn|p2b: Gyarados\n|-start|p2b: Gyarados|move: Yawn|[of] p1b: Dachsbun\n|\n|-heal|p1b: Dachsbun|61\/100|[from] item: Leftovers\n|upkeep\n|turn|9\n|\n|t:|1681877235\n|move|p1a: Flutter Mane|Protect||[still]\n|-fail|p1a: Flutter Mane\n|move|p2a: Arcanine|Extreme Speed|p1b: Dachsbun\n|-damage|p1b: Dachsbun|43\/100\n|move|p2b: Gyarados|Waterfall|p1a: Flutter Mane\n|-damage|p1a: Flutter Mane|0 fnt\n|faint|p1a: Flutter Mane\n|-end|p1a: Flutter Mane|Protosynthesis|[silent]\n|move|p1b: Dachsbun|Wish|p1b: Dachsbun\n|\n|-heal|p1b: Dachsbun|49\/100|[from] item: Leftovers\n|-end|p2b: Gyarados|move: Yawn|[silent]\n|-status|p2b: Gyarados|slp\n|upkeep\n|turn|10\n|\n|t:|1681877257\n|move|p2a: Arcanine|Extreme Speed|p1b: Dachsbun\n|-damage|p1b: Dachsbun|32\/100\n|cant|p2b: Gyarados|slp\n|move|p1b: Dachsbun|Body Press|p2b: Gyarados\n|-resisted|p2b: Gyarados\n|-damage|p2b: Gyarados|39\/100 slp\n|\n|-heal|p1b: Dachsbun|82\/100|[from] move: Wish|[wisher] Dachsbun\n|-heal|p1b: Dachsbun|88\/100|[from] item: Leftovers\n|upkeep\n|turn|11\n|\n|t:|1681877275\n|move|p2a: Arcanine|Extreme Speed|p1b: Dachsbun\n|-damage|p1b: Dachsbun|70\/100\n|-curestatus|p2b: Gyarados|slp|[msg]\n|move|p2b: Gyarados|Waterfall|p1b: Dachsbun\n|-crit|p1b: Dachsbun\n|-damage|p1b: Dachsbun|0 fnt\n|faint|p1b: Dachsbun\n|\n|win|Ricardo Randorez\n|raw|SoupyWeevil82's rating: 1192 → 1165<\/strong> (-27 for losing)\n|raw|Ricardo Randorez's rating: 1165 → 1192<\/strong> (+27 for winning)\n|l|\u2606SoupyWeevil82\n","uploadtime":1681877285,"views":9,"p1id":"soupyweevil82","p2id":"ricardorandorez","formatid":"gen9vgc2023regulationc","rating":1165,"private":0,"password":""}