{"id":"gen9vgc2023regulationc-1851297302","p1":"Lykazzbylad","p2":"littlerootlessons","format":"[Gen 9] VGC 2023 Regulation C","log":"|j|\u2606Lykazzbylad\n|j|\u2606littlerootlessons\n|t:|1682433647\n|gametype|doubles\n|player|p1|Lykazzbylad|265|1000\n|player|p2|littlerootlessons|102|1012\n|teamsize|p1|6\n|teamsize|p2|6\n|gen|9\n|tier|[Gen 9] VGC 2023 Regulation C\n|rated|\n|rule|Species Clause: Limit one of each Pok\u00e9mon\n|rule|Item Clause: Limit one of each item\n|clearpoke\n|poke|p1|Wo-Chien, L50|\n|poke|p1|Tatsugiri, L50, M|\n|poke|p1|Dondozo, L50, F|\n|poke|p1|Flutter Mane, L50|\n|poke|p1|Ceruledge, L50, F|\n|poke|p1|Iron Treads, L50|\n|poke|p2|Wo-Chien, L50|\n|poke|p2|Corviknight, L50, F|\n|poke|p2|Flutter Mane, L50|\n|poke|p2|Muk, L50, M|\n|poke|p2|Klefki, L50, M|\n|poke|p2|Komala, L50, M|\n|teampreview|4\n|\n|t:|1682433678\n|start\n|switch|p1a: Tatsugiri|Tatsugiri, L50, M|100\/100\n|switch|p1b: Flutter Mane|Flutter Mane, L50|100\/100\n|switch|p2a: Muk|Muk, L50, M|100\/100\n|switch|p2b: Klefki|Klefki, L50, M|100\/100\n|turn|1\n|\n|t:|1682433709\n|move|p1b: Flutter Mane|Protect|p1b: Flutter Mane\n|-singleturn|p1b: Flutter Mane|Protect\n|move|p2b: Klefki|Light Screen|p2b: Klefki\n|-sidestart|p2: littlerootlessons|move: Light Screen\n|move|p1a: Tatsugiri|Muddy Water|p2b: Klefki|[spread] p2a,p2b\n|-damage|p2a: Muk|82\/100\n|-damage|p2b: Klefki|76\/100\n|move|p2a: Muk|Minimize|p2a: Muk\n|-boost|p2a: Muk|evasion|2\n|\n|-heal|p2a: Muk|88\/100|[from] item: Black Sludge\n|upkeep\n|turn|2\n|\n|t:|1682433722\n|switch|p1a: Dondozo|Dondozo, L50, F|100\/100\n|move|p2b: Klefki|Spikes|p1a: Dondozo\n|-sidestart|p1: Lykazzbylad|Spikes\n|move|p1b: Flutter Mane|Perish Song|p1b: Flutter Mane\n|-start|p1a: Dondozo|perish3|[silent]\n|-start|p1b: Flutter Mane|perish3|[silent]\n|-start|p2a: Muk|perish3|[silent]\n|-start|p2b: Klefki|perish3|[silent]\n|-fieldactivate|move: Perish Song\n|move|p2a: Muk|Minimize|p2a: Muk\n|-boost|p2a: Muk|evasion|2\n|\n|-heal|p2a: Muk|94\/100|[from] item: Black Sludge\n|-start|p1b: Flutter Mane|perish3\n|-start|p2b: Klefki|perish3\n|-start|p2a: Muk|perish3\n|-start|p1a: Dondozo|perish3\n|upkeep\n|turn|3\n|\n|t:|1682433739\n|move|p1b: Flutter Mane|Protect|p1b: Flutter Mane\n|-singleturn|p1b: Flutter Mane|Protect\n|move|p1a: Dondozo|Protect|p1a: Dondozo\n|-singleturn|p1a: Dondozo|Protect\n|move|p2b: Klefki|Dazzling Gleam|p1a: Dondozo|[spread] \n|-activate|p1a: Dondozo|move: Protect\n|-activate|p1b: Flutter Mane|move: Protect\n|move|p2a: Muk|Toxic|p1a: Dondozo\n|-activate|p1a: Dondozo|move: Protect\n|\n|-heal|p2a: Muk|100\/100|[from] item: Black Sludge\n|-start|p1b: Flutter Mane|perish2\n|-start|p2b: Klefki|perish2\n|-start|p2a: Muk|perish2\n|-start|p1a: Dondozo|perish2\n|upkeep\n|turn|4\n|inactive|Battle timer is ON: inactive players will automatically lose when time's up. (requested by littlerootlessons)\n|\n|t:|1682433768\n|switch|p1a: Tatsugiri|Tatsugiri, L50, M|100\/100\n|-damage|p1a: Tatsugiri|89\/100|[from] Spikes\n|move|p2b: Klefki|Reflect|p2b: Klefki\n|-sidestart|p2: littlerootlessons|Reflect\n|move|p1b: Flutter Mane|Shadow Ball|p2b: Klefki\n|-damage|p2b: Klefki|43\/100\n|move|p2a: Muk|Toxic|p1a: Tatsugiri\n|-status|p1a: Tatsugiri|tox\n|\n|-damage|p1a: Tatsugiri|83\/100 tox|[from] psn\n|-start|p1b: Flutter Mane|perish1\n|-start|p2b: Klefki|perish1\n|-start|p2a: Muk|perish1\n|upkeep\n|turn|5\n|inactive|Lykazzbylad has 30 seconds left.\n|\n|t:|1682433794\n|-end|p1b: Flutter Mane|Protosynthesis|[silent]\n|switch|p1b: Dondozo|Dondozo, L50, F|100\/100\n|-activate|p1a: Tatsugiri|ability: Commander|[of] p1b: Dondozo\n|-boost|p1b: Dondozo|atk|2\n|-boost|p1b: Dondozo|spa|2\n|-boost|p1b: Dondozo|spe|2\n|-boost|p1b: Dondozo|def|2\n|-boost|p1b: Dondozo|spd|2\n|-damage|p1b: Dondozo|88\/100|[from] Spikes\n|switch|p2b: Komala|Komala, L50, M|100\/100\n|-ability|p2b: Komala|Comatose\n|switch|p2a: Wo-Chien|Wo-Chien, L50|100\/100\n|-ability|p2a: Wo-Chien|Tablets of Ruin\n|\n|-damage|p1a: Tatsugiri|72\/100 tox|[from] psn\n|upkeep\n|turn|6\n|inactive|Lykazzbylad has 30 seconds left.\n|inactive|littlerootlessons has 30 seconds left.\n|\n|t:|1682433828\n|-terastallize|p1b: Dondozo|Grass\n|move|p1b: Dondozo|Order Up|p2a: Wo-Chien\n|-crit|p2a: Wo-Chien\n|-damage|p2a: Wo-Chien|61\/100\n|-boost|p1b: Dondozo|atk|1\n|move|p2a: Wo-Chien|Leech Seed|p1b: Dondozo\n|-immune|p1b: Dondozo\n|move|p2b: Komala|Yawn|p1b: Dondozo\n|-start|p1b: Dondozo|move: Yawn|[of] p2b: Komala\n|\n|-heal|p2a: Wo-Chien|68\/100|[from] item: Leftovers\n|-damage|p1a: Tatsugiri|55\/100 tox|[from] psn\n|upkeep\n|turn|7\n|\n|t:|1682433847\n|move|p1b: Dondozo|Order Up|p2b: Komala\n|-damage|p2b: Komala|77\/100\n|-boost|p1b: Dondozo|atk|1\n|move|p2a: Wo-Chien|Ruination|p1b: Dondozo\n|-damage|p1b: Dondozo|44\/100\n|-enditem|p1b: Dondozo|Sitrus Berry|[eat]\n|-heal|p1b: Dondozo|69\/100|[from] item: Sitrus Berry\n|move|p2b: Komala|Psych Up|p1b: Dondozo\n|-copyboost|p2b: Komala|p1b: Dondozo|[from] move: Psych Up\n|\n|-heal|p2a: Wo-Chien|74\/100|[from] item: Leftovers\n|-damage|p1a: Tatsugiri|33\/100 tox|[from] psn\n|-end|p1b: Dondozo|move: Yawn|[silent]\n|-status|p1b: Dondozo|slp\n|upkeep\n|turn|8\n|\n|t:|1682433867\n|switch|p2a: Muk|Muk, L50, M|100\/100\n|cant|p1b: Dondozo|slp\n|move|p2b: Komala|Body Slam|p1b: Dondozo\n|-damage|p1b: Dondozo|36\/100 slp\n|\n|-damage|p1a: Tatsugiri|5\/100 tox|[from] psn\n|-sideend|p2: littlerootlessons|move: Light Screen\n|upkeep\n|turn|9\n|\n|t:|1682433881\n|move|p2b: Komala|Body Slam|p1b: Dondozo\n|-damage|p1b: Dondozo|2\/100 slp\n|-curestatus|p1b: Dondozo|slp|[msg]\n|move|p1b: Dondozo|Liquidation|p2a: Muk\n|-damage|p2a: Muk|57\/100\n|move|p2a: Muk|Minimize|p2a: Muk\n|-boost|p2a: Muk|evasion|2\n|\n|-heal|p2a: Muk|63\/100|[from] item: Black Sludge\n|-damage|p1a: Tatsugiri|0 fnt|[from] psn\n|faint|p1a: Tatsugiri\n|upkeep\n|-message|Lykazzbylad forfeited.\n|\n|win|littlerootlessons\n|raw|Lykazzbylad's rating: 1000 → 1000<\/strong> (+0 for losing)\n|raw|littlerootlessons's rating: 1012 → 1049<\/strong> (+37 for winning)\n|l|\u2606Lykazzbylad\n","uploadtime":1682433904,"views":16,"p1id":"lykazzbylad","p2id":"littlerootlessons","formatid":"gen9vgc2023regulationc","rating":1000,"private":0,"password":""}