{"id":"gen9vgc2023regulationc-1855150228","p1":"Ricomam","p2":"AgenteDino","format":"[Gen 9] VGC 2023 Regulation C","log":"|j|\u2606Ricomam\n|j|\u2606AgenteDino\n|t:|1682907438\n|gametype|doubles\n|player|p1|Ricomam|blackbelt-gen4dp|\n|player|p2|AgenteDino|zinnia|\n|teamsize|p1|6\n|teamsize|p2|6\n|gen|9\n|tier|[Gen 9] VGC 2023 Regulation C\n|rule|Species Clause: Limit one of each Pok\u00e9mon\n|rule|Item Clause: Limit one of each item\n|clearpoke\n|poke|p1|Garchomp, L50, M|\n|poke|p1|Rotom-Wash, L50|\n|poke|p1|Floatzel, L50, F|\n|poke|p1|Raichu, L50, M|\n|poke|p1|Staraptor, L50, F|\n|poke|p1|Annihilape, L50, F|\n|poke|p2|Torkoal, L50, M|\n|poke|p2|Garchomp, L50, M|\n|poke|p2|Great Tusk, L50|\n|poke|p2|Lycanroc-Midnight, L50, M|\n|poke|p2|Gengar, L50, M|\n|poke|p2|Glalie, L50, M|\n|teampreview|4\n|inactive|Battle timer is ON: inactive players will automatically lose when time's up. (requested by Ricomam)\n|\n|t:|1682907491\n|start\n|switch|p1a: Garchomp|Garchomp, L50, M|100\/100\n|switch|p1b: Staraptor|Staraptor, L50, F|100\/100\n|switch|p2a: Torkoal|Torkoal, L50, M|100\/100\n|switch|p2b: Lycanroc|Lycanroc-Midnight, L50, M|100\/100\n|-ability|p1b: Staraptor|Intimidate|boost\n|-unboost|p2a: Torkoal|atk|1\n|-unboost|p2b: Lycanroc|atk|1\n|-weather|SunnyDay|[from] ability: Drought|[of] p2a: Torkoal\n|turn|1\n|inactive|AgenteDino has 30 seconds left.\n|inactive|AgenteDino has 20 seconds left.\n|inactive|AgenteDino has 15 seconds left.\n|\n|t:|1682907532\n|-terastallize|p2a: Torkoal|Grass\n|move|p2b: Lycanroc|Stone Edge|p1b: Staraptor\n|-supereffective|p1b: Staraptor\n|-damage|p1b: Staraptor|33\/100\n|move|p1a: Garchomp|Earthquake|p2a: Torkoal|[spread] p2a,p2b\n|-immune|p1b: Staraptor\n|-resisted|p2a: Torkoal\n|-supereffective|p2b: Lycanroc\n|-damage|p2a: Torkoal|89\/100\n|-damage|p2b: Lycanroc|0 fnt\n|faint|p2b: Lycanroc\n|move|p1b: Staraptor|Rain Dance|p1b: Staraptor\n|-weather|RainDance\n|move|p2a: Torkoal|Will-O-Wisp|p1a: Garchomp\n|-status|p1a: Garchomp|brn\n|\n|-weather|RainDance|[upkeep]\n|-heal|p2a: Torkoal|95\/100|[from] item: Leftovers\n|-damage|p1a: Garchomp|94\/100 brn|[from] brn\n|upkeep\n|inactive|AgenteDino has 30 seconds left.\n|\n|t:|1682907562\n|switch|p2b: Glalie|Glalie, L50, M, shiny|100\/100\n|turn|2\n|inactive|AgenteDino has 30 seconds left.\n|inactive|AgenteDino has 20 seconds left.\n|inactive|AgenteDino has 15 seconds left.\n|inactive|AgenteDino has 10 seconds left.\n|inactive|AgenteDino has 5 seconds left.\n|\n|t:|1682907615\n|-terastallize|p1a: Garchomp|Rock\n|move|p1a: Garchomp|Swords Dance|p1a: Garchomp\n|-boost|p1a: Garchomp|atk|2\n|move|p1b: Staraptor|Tailwind|p1b: Staraptor\n|-sidestart|p1: Ricomam|move: Tailwind\n|move|p2a: Torkoal|Will-O-Wisp|p1b: Staraptor\n|-status|p1b: Staraptor|brn\n|move|p2b: Glalie|Avalanche|p1a: Garchomp\n|-damage|p1a: Garchomp|72\/100 brn\n|-damage|p2b: Glalie|88\/100|[from] ability: Rough Skin|[of] p1a: Garchomp\n|\n|-weather|RainDance|[upkeep]\n|-heal|p2a: Torkoal|100\/100|[from] item: Leftovers\n|-damage|p1a: Garchomp|66\/100 brn|[from] brn\n|-damage|p1b: Staraptor|28\/100 brn|[from] brn\n|-ability|p2b: Glalie|Moody|boost\n|-boost|p2b: Glalie|spd|2\n|-unboost|p2b: Glalie|spe|1\n|upkeep\n|turn|3\n|inactiveoff|Battle timer is now OFF.\n|j| buenocomoeloro\n|\n|t:|1682907665\n|move|p1b: Staraptor|Helping Hand|p1a: Garchomp\n|-singleturn|p1a: Garchomp|Helping Hand|[of] p1b: Staraptor\n|move|p1a: Garchomp|Rock Slide|p2a: Torkoal|[spread] p2a,p2b\n|-supereffective|p2b: Glalie\n|-damage|p2a: Torkoal|74\/100\n|-damage|p2b: Glalie|0 fnt\n|faint|p2b: Glalie\n|move|p2a: Torkoal|Body Press|p1a: Garchomp\n|-supereffective|p1a: Garchomp\n|-damage|p1a: Garchomp|10\/100 brn\n|-damage|p2a: Torkoal|62\/100|[from] ability: Rough Skin|[of] p1a: Garchomp\n|\n|-weather|RainDance|[upkeep]\n|-heal|p2a: Torkoal|68\/100|[from] item: Leftovers\n|-damage|p1a: Garchomp|4\/100 brn|[from] brn\n|-damage|p1b: Staraptor|22\/100 brn|[from] brn\n|upkeep\n|\n|t:|1682907681\n|switch|p2b: Garchomp|Garchomp, L50, M|100\/100\n|turn|4\n|\n|t:|1682907698\n|move|p1b: Staraptor|Helping Hand|p1a: Garchomp\n|-singleturn|p1a: Garchomp|Helping Hand|[of] p1b: Staraptor\n|move|p1a: Garchomp|Earthquake|p2a: Torkoal|[spread] p2a,p2b\n|-immune|p1b: Staraptor\n|-resisted|p2a: Torkoal\n|-damage|p2a: Torkoal|51\/100\n|-damage|p2b: Garchomp|41\/100\n|move|p2b: Garchomp|Rock Slide|p1b: Staraptor|[spread] p1a,p1b\n|-supereffective|p1b: Staraptor\n|-damage|p1a: Garchomp|0 fnt\n|-damage|p1b: Staraptor|0 fnt\n|faint|p1a: Garchomp\n|faint|p1b: Staraptor\n|move|p2a: Torkoal|Heat Wave|p1: Garchomp|[notarget]\n|-fail|p2a: Torkoal\n|\n|-weather|RainDance|[upkeep]\n|-heal|p2a: Torkoal|57\/100|[from] item: Leftovers\n|upkeep\n|\n|t:|1682907713\n|switch|p1a: Annihilape|Annihilape, L50, F|100\/100\n|switch|p1b: Rotom|Rotom-Wash, L50|100\/100\n|turn|5\n|\n|t:|1682907745\n|move|p1a: Annihilape|Rage Fist|p2b: Garchomp\n|-damage|p2b: Garchomp|14\/100\n|-damage|p1a: Annihilape|88\/100|[from] ability: Rough Skin|[of] p2b: Garchomp\n|move|p1b: Rotom|Will-O-Wisp|p2b: Garchomp\n|-status|p2b: Garchomp|brn\n|move|p2b: Garchomp|Rock Slide|p1b: Rotom|[spread] p1a,p1b\n|-resisted|p1a: Annihilape\n|-damage|p1a: Annihilape|81\/100\n|-damage|p1b: Rotom|84\/100\n|move|p2a: Torkoal|Will-O-Wisp|p1b: Rotom\n|-status|p1b: Rotom|brn\n|\n|-weather|none\n|-heal|p1a: Annihilape|87\/100|[from] item: Leftovers\n|-heal|p2a: Torkoal|63\/100|[from] item: Leftovers\n|-damage|p1b: Rotom|78\/100 brn|[from] brn\n|-damage|p2b: Garchomp|8\/100 brn|[from] brn\n|-sideend|p1: Ricomam|move: Tailwind\n|upkeep\n|turn|6\n|\n|t:|1682907781\n|move|p2b: Garchomp|Rock Slide|p1b: Rotom|[spread] p1a,p1b\n|-resisted|p1a: Annihilape\n|-damage|p1a: Annihilape|80\/100\n|-damage|p1b: Rotom|62\/100 brn\n|move|p1a: Annihilape|Rage Fist|p2a: Torkoal\n|-damage|p2a: Torkoal|12\/100\n|move|p1b: Rotom|Hydro Pump|p2a: Torkoal\n|-resisted|p2a: Torkoal\n|-damage|p2a: Torkoal|0 fnt\n|faint|p2a: Torkoal\n|\n|-heal|p1a: Annihilape|86\/100|[from] item: Leftovers\n|-damage|p2b: Garchomp|2\/100 brn|[from] brn\n|-damage|p1b: Rotom|57\/100 brn|[from] brn\n|upkeep\n|turn|7\n|\n|t:|1682907799\n|move|p1a: Annihilape|Protect|p1a: Annihilape\n|-singleturn|p1a: Annihilape|Protect\n|move|p1b: Rotom|Protect|p1b: Rotom\n|-singleturn|p1b: Rotom|Protect\n|move|p2b: Garchomp|Rock Slide|p1b: Rotom|[spread] \n|-activate|p1a: Annihilape|move: Protect\n|-activate|p1b: Rotom|move: Protect\n|\n|-heal|p1a: Annihilape|92\/100|[from] item: Leftovers\n|-damage|p2b: Garchomp|0 fnt|[from] brn\n|faint|p2b: Garchomp\n|\n|win|Ricomam\n|upkeep\n|c|\u2606AgenteDino|gg\n|l|\u2606AgenteDino\n","uploadtime":1682907915,"views":16,"p1id":"ricomam","p2id":"agentedino","formatid":"gen9vgc2023regulationc","rating":0,"private":0,"password":""}