{"id":"gen9vgc2023regulationc-1846616766","p1":"Chevair","p2":"Xcdc9182","format":"[Gen 9] VGC 2023 Regulation C","log":"|j|\u2606Chevair\n|j|\u2606Xcdc9182\n|t:|1681857704\n|gametype|doubles\n|player|p1|Chevair|hilbert|1150\n|player|p2|Xcdc9182|265|1061\n|teamsize|p1|6\n|teamsize|p2|6\n|gen|9\n|tier|[Gen 9] VGC 2023 Regulation C\n|rated|\n|rule|Species Clause: Limit one of each Pok\u00e9mon\n|rule|Item Clause: Limit one of each item\n|clearpoke\n|poke|p1|Heracross, L50, M|\n|poke|p1|Volcarona, L50, M|\n|poke|p1|Rabsca, L50, M|\n|poke|p1|Slither Wing, L50|\n|poke|p1|Scizor, L50, M|\n|poke|p1|Forretress, L50, M|\n|poke|p2|Palafin, L50, M|\n|poke|p2|Amoonguss, L50, F|\n|poke|p2|Scream Tail, L50|\n|poke|p2|Arcanine, L50, M|\n|poke|p2|Dragapult, L50, F|\n|poke|p2|Flutter Mane, L50|\n|teampreview|4\n|inactive|Battle timer is ON: inactive players will automatically lose when time's up. (requested by Xcdc9182)\n|\n|t:|1681857726\n|start\n|switch|p1a: Rabsca|Rabsca, L50, M|100\/100\n|switch|p1b: Heracross|Heracross, L50, M|100\/100\n|switch|p2a: Arcanine|Arcanine, L50, M|100\/100\n|switch|p2b: Scream Tail|Scream Tail, L50|100\/100\n|-ability|p2a: Arcanine|Intimidate|boost\n|-unboost|p1a: Rabsca|atk|1\n|-unboost|p1b: Heracross|atk|1\n|turn|1\n|c|\u2606Chevair|Glhf\n|inactive|Chevair has 30 seconds left.\n|\n|t:|1681857752\n|move|p1b: Heracross|Protect|p1b: Heracross\n|-singleturn|p1b: Heracross|Protect\n|move|p2b: Scream Tail|Trick|p1a: Rabsca\n|-activate|p2b: Scream Tail|move: Trick|[of] p1a: Rabsca\n|-item|p1a: Rabsca|Choice Scarf|[from] move: Trick\n|-item|p2b: Scream Tail|Focus Sash|[from] move: Trick\n|move|p2a: Arcanine|Will-O-Wisp|p1b: Heracross\n|-activate|p1b: Heracross|move: Protect\n|move|p1a: Rabsca|Trick Room|p1a: Rabsca\n|-fieldstart|move: Trick Room|[of] p1a: Rabsca\n|\n|upkeep\n|turn|2\n|inactive|Chevair has 30 seconds left.\n|\n|t:|1681857787\n|switch|p1a: Scizor|Scizor, L50, M|100\/100\n|switch|p1b: Volcarona|Volcarona, L50, M|100\/100\n|move|p2a: Arcanine|Protect|p2a: Arcanine\n|-singleturn|p2a: Arcanine|Protect\n|move|p2b: Scream Tail|Encore||[still]\n|-fail|p2b: Scream Tail\n|\n|upkeep\n|turn|3\n|inactive|Chevair has 30 seconds left.\n|inactive|Xcdc9182 has 30 seconds left.\n|inactive|Chevair has 20 seconds left.\n|inactive|Chevair has 15 seconds left.\n|\n|t:|1681857831\n|move|p1a: Scizor|U-turn|p2b: Scream Tail\n|-damage|p2b: Scream Tail|48\/100\n|\n|t:|1681857835\n|switch|p1a: Rabsca|Rabsca, L50, M|100\/100|[from] U-turn\n|move|p2a: Arcanine|Will-O-Wisp|p1a: Rabsca\n|-status|p1a: Rabsca|brn\n|move|p1b: Volcarona|Bug Buzz|p2b: Scream Tail\n|-damage|p2b: Scream Tail|10\/100\n|move|p2b: Scream Tail|Howl|p2b: Scream Tail|[spread] p2a,p2b\n|-boost|p2a: Arcanine|atk|1\n|-boost|p2b: Scream Tail|atk|1\n|\n|-damage|p1a: Rabsca|94\/100 brn|[from] brn\n|upkeep\n|turn|4\n|inactive|Xcdc9182 has 30 seconds left.\n|\n|t:|1681857868\n|move|p2a: Arcanine|Protect|p2a: Arcanine\n|-singleturn|p2a: Arcanine|Protect\n|move|p1a: Rabsca|Dazzling Gleam|p2a: Arcanine|[spread] p2b\n|-activate|p2a: Arcanine|move: Protect\n|-damage|p2b: Scream Tail|0 fnt\n|faint|p2b: Scream Tail\n|-end|p2b: Scream Tail|Protosynthesis|[silent]\n|move|p1b: Volcarona|Bug Buzz|p2a: Arcanine\n|-activate|p2a: Arcanine|move: Protect\n|\n|-damage|p1a: Rabsca|88\/100 brn|[from] brn\n|upkeep\n|\n|t:|1681857882\n|switch|p2b: Dragapult|Dragapult, L50, F|100\/100\n|turn|5\n|\n|t:|1681857895\n|move|p2b: Dragapult|Protect|p2b: Dragapult\n|-singleturn|p2b: Dragapult|Protect\n|move|p1a: Rabsca|Dazzling Gleam|p2b: Dragapult|[spread] p2a\n|-activate|p2b: Dragapult|move: Protect\n|-resisted|p2a: Arcanine\n|-damage|p2a: Arcanine|89\/100\n|move|p2a: Arcanine|Flare Blitz|p1a: Rabsca\n|-supereffective|p1a: Rabsca\n|-damage|p1a: Rabsca|0 fnt\n|faint|p1a: Rabsca\n|-damage|p2a: Arcanine|62\/100|[from] Recoil\n|move|p1b: Volcarona|Bug Buzz|p2a: Arcanine\n|-resisted|p2a: Arcanine\n|-damage|p2a: Arcanine|31\/100\n|\n|-fieldend|move: Trick Room\n|upkeep\n|\n|t:|1681857914\n|switch|p1a: Heracross|Heracross, L50, M|100\/100\n|turn|6\n|inactive|Chevair has 30 seconds left.\n|inactive|Xcdc9182 has 30 seconds left.\n|\n|t:|1681857951\n|move|p1a: Heracross|Protect|p1a: Heracross\n|-singleturn|p1a: Heracross|Protect\n|move|p2b: Dragapult|Phantom Force||[still]\n|-prepare|p2b: Dragapult|Phantom Force\n|move|p1b: Volcarona|Bug Buzz|p2a: Arcanine\n|-resisted|p2a: Arcanine\n|-damage|p2a: Arcanine|1\/100\n|move|p2a: Arcanine|Will-O-Wisp|p1a: Heracross\n|-activate|p1a: Heracross|move: Protect\n|\n|upkeep\n|turn|7\n|\n|t:|1681857974\n|move|p2a: Arcanine|Extreme Speed|p1b: Volcarona\n|-damage|p1b: Volcarona|50\/100\n|move|p2b: Dragapult|Phantom Force|p1b: Volcarona|[from]lockedmove\n|-damage|p1b: Volcarona|0 fnt\n|faint|p1b: Volcarona\n|move|p1a: Heracross|Rock Blast|p2b: Dragapult\n|-damage|p2b: Dragapult|90\/100\n|-damage|p2b: Dragapult|80\/100\n|-damage|p2b: Dragapult|69\/100\n|-damage|p2b: Dragapult|58\/100\n|-damage|p2b: Dragapult|46\/100\n|-hitcount|p2b: Dragapult|5\n|\n|upkeep\n|\n|t:|1681857984\n|switch|p1b: Scizor|Scizor, L50, M|100\/100\n|turn|8\n|\n|t:|1681857996\n|-terastallize|p1b: Scizor|Water\n|move|p1a: Heracross|Protect|p1a: Heracross\n|-singleturn|p1a: Heracross|Protect\n|move|p2a: Arcanine|Extreme Speed|p1a: Heracross\n|-activate|p1a: Heracross|move: Protect\n|move|p1b: Scizor|Bullet Punch|p2a: Arcanine\n|-resisted|p2a: Arcanine\n|-damage|p2a: Arcanine|0 fnt\n|faint|p2a: Arcanine\n|move|p2b: Dragapult|Phantom Force||[still]\n|-prepare|p2b: Dragapult|Phantom Force\n|\n|upkeep\n|\n|t:|1681858012\n|switch|p2a: Flutter Mane|Flutter Mane, L50|100\/100\n|turn|9\n|\n|t:|1681858022\n|move|p1b: Scizor|Bullet Punch|p2a: Flutter Mane\n|-supereffective|p2a: Flutter Mane\n|-damage|p2a: Flutter Mane|0 fnt\n|faint|p2a: Flutter Mane\n|-end|p2a: Flutter Mane|Protosynthesis|[silent]\n|move|p2b: Dragapult|Phantom Force|p1b: Scizor|[from]lockedmove\n|-damage|p1b: Scizor|51\/100\n|move|p1a: Heracross|Rock Blast|p2b: Dragapult\n|-damage|p2b: Dragapult|34\/100\n|-damage|p2b: Dragapult|24\/100\n|-damage|p2b: Dragapult|13\/100\n|-damage|p2b: Dragapult|3\/100\n|-damage|p2b: Dragapult|0 fnt\n|faint|p2b: Dragapult\n|-hitcount|p2: Dragapult|5\n|\n|win|Chevair\n|raw|Chevair's rating: 1150 → 1169<\/strong> (+19 for winning)\n|raw|Xcdc9182's rating: 1061 → 1047<\/strong> (-14 for losing)\n|l|\u2606Xcdc9182\n","uploadtime":1681858033,"views":23,"p1id":"chevair","p2id":"xcdc9182","formatid":"gen9vgc2023regulationc","rating":1047,"private":0,"password":""}