{"id":"gen9vgc2023regulationc-1847406322","p1":"LordSno","p2":"Meatheadjr","format":"[Gen 9] VGC 2023 Regulation C","log":"|j|\u2606LordSno\n|j|\u2606Meatheadjr\n|t:|1681951383\n|gametype|doubles\n|player|p1|LordSno|1|1213\n|player|p2|Meatheadjr|102|1130\n|teamsize|p1|6\n|teamsize|p2|6\n|gen|9\n|tier|[Gen 9] VGC 2023 Regulation C\n|rated|\n|rule|Species Clause: Limit one of each Pok\u00e9mon\n|rule|Item Clause: Limit one of each item\n|clearpoke\n|poke|p1|Chi-Yu, L50|\n|poke|p1|Flutter Mane, L50|\n|poke|p1|Torkoal, L50, M|\n|poke|p1|Jumpluff, L50, M|\n|poke|p1|Great Tusk, L50|\n|poke|p1|Wo-Chien, L50|\n|poke|p2|Mabosstiff, L50, M|\n|poke|p2|Iron Bundle, L50|\n|poke|p2|Breloom, L50, F|\n|poke|p2|Dragonite, L50, F|\n|poke|p2|Indeedee-F, L50, F|\n|poke|p2|Armarouge, L50, F|\n|teampreview|4\n|inactive|Battle timer is ON: inactive players will automatically lose when time's up. (requested by Meatheadjr)\n|\n|t:|1681951415\n|start\n|switch|p1a: Flutter Mane|Flutter Mane, L50|100\/100\n|switch|p1b: Chi-Yu|Chi-Yu, L50|100\/100\n|switch|p2a: Indeedee|Indeedee-F, L50, F|100\/100\n|switch|p2b: Armarouge|Armarouge, L50, F|100\/100\n|-ability|p1b: Chi-Yu|Beads of Ruin\n|-fieldstart|move: Psychic Terrain|[from] ability: Psychic Surge|[of] p2a: Indeedee\n|-enditem|p2b: Armarouge|Psychic Seed\n|-boost|p2b: Armarouge|spd|1|[from] item: Psychic Seed\n|turn|1\n|inactive|Meatheadjr has 30 seconds left.\n|\n|t:|1681951441\n|-terastallize|p2b: Armarouge|Steel\n|move|p2a: Indeedee|Helping Hand|p2b: Armarouge\n|-singleturn|p2b: Armarouge|Helping Hand|[of] p2a: Indeedee\n|move|p1a: Flutter Mane|Shadow Ball|p2b: Armarouge\n|-damage|p2b: Armarouge|55\/100\n|move|p1b: Chi-Yu|Dark Pulse|p2a: Indeedee\n|-supereffective|p2a: Indeedee\n|-damage|p2a: Indeedee|0 fnt\n|faint|p2a: Indeedee\n|-damage|p1b: Chi-Yu|90\/100|[from] item: Life Orb\n|move|p2b: Armarouge|Expanding Force|p1a: Flutter Mane|[spread] p1a\n|-immune|p1b: Chi-Yu\n|-enditem|p1a: Flutter Mane|Focus Sash\n|-damage|p1a: Flutter Mane|1\/100\n|\n|upkeep\n|inactive|Meatheadjr has 30 seconds left.\n|\n|t:|1681951466\n|switch|p2a: Iron Bundle|Iron Bundle, L50|100\/100\n|-enditem|p2a: Iron Bundle|Booster Energy\n|-activate|p2a: Iron Bundle|ability: Quark Drive|[fromitem]\n|-start|p2a: Iron Bundle|quarkdrivespe\n|turn|2\n|\n|t:|1681951482\n|move|p1a: Flutter Mane|Protect|p1a: Flutter Mane\n|-singleturn|p1a: Flutter Mane|Protect\n|move|p2a: Iron Bundle|Icy Wind|p1a: Flutter Mane|[spread] p1b\n|-activate|p1a: Flutter Mane|move: Protect\n|-resisted|p1b: Chi-Yu\n|-damage|p1b: Chi-Yu|79\/100\n|-unboost|p1b: Chi-Yu|spe|1\n|move|p1b: Chi-Yu|Dark Pulse|p2b: Armarouge\n|-damage|p2b: Armarouge|0 fnt\n|faint|p2b: Armarouge\n|-damage|p1b: Chi-Yu|69\/100|[from] item: Life Orb\n|\n|upkeep\n|\n|t:|1681951493\n|switch|p2b: Mabosstiff|Mabosstiff, L50, M|100\/100\n|-ability|p2b: Mabosstiff|Intimidate|boost\n|-unboost|p1a: Flutter Mane|atk|1\n|-unboost|p1b: Chi-Yu|atk|1\n|turn|3\n|\n|t:|1681951507\n|switch|p1b: Torkoal|Torkoal, L50, M|100\/100\n|-weather|SunnyDay|[from] ability: Drought|[of] p1b: Torkoal\n|-activate|p1a: Flutter Mane|ability: Protosynthesis\n|-start|p1a: Flutter Mane|protosynthesisspe\n|move|p2a: Iron Bundle|Icy Wind|p1b: Torkoal|[spread] p1a,p1b\n|-resisted|p1b: Torkoal\n|-damage|p1a: Flutter Mane|0 fnt\n|-damage|p1b: Torkoal|88\/100\n|-unboost|p1b: Torkoal|spe|1\n|-enditem|p1b: Torkoal|Eject Pack\n|faint|p1a: Flutter Mane\n|-end|p1a: Flutter Mane|Protosynthesis|[silent]\n|\n|t:|1681951519\n|switch|p1b: Jumpluff|Jumpluff, L50, M|100\/100\n|move|p2b: Mabosstiff|Jaw Lock|p1b: Jumpluff\n|-damage|p1b: Jumpluff|49\/100\n|-activate|p2b: Mabosstiff|trapped\n|-activate|p1b: Jumpluff|trapped\n|\n|-weather|SunnyDay|[upkeep]\n|upkeep\n|\n|t:|1681951529\n|switch|p1a: Chi-Yu|Chi-Yu, L50|69\/100\n|-ability|p1a: Chi-Yu|Beads of Ruin\n|turn|4\n|\n|t:|1681951537\n|-terastallize|p1a: Chi-Yu|Fire\n|move|p1b: Jumpluff|Tailwind|p1b: Jumpluff\n|-sidestart|p1: LordSno|move: Tailwind\n|move|p1a: Chi-Yu|Heat Wave|p2a: Iron Bundle|[spread] p2a,p2b\n|-damage|p2a: Iron Bundle|0 fnt\n|-enditem|p2b: Mabosstiff|Focus Sash\n|-damage|p2b: Mabosstiff|1\/100\n|faint|p2a: Iron Bundle\n|-end|p2a: Iron Bundle|Quark Drive|[silent]\n|-damage|p1a: Chi-Yu|59\/100|[from] item: Life Orb\n|move|p2b: Mabosstiff|Jaw Lock|p1a: Chi-Yu\n|-damage|p1a: Chi-Yu|0 fnt\n|faint|p1a: Chi-Yu\n|\n|-weather|SunnyDay|[upkeep]\n|upkeep\n|\n|t:|1681951552\n|switch|p1a: Torkoal|Torkoal, L50, M|88\/100\n|turn|5\n|\n|t:|1681951556\n|move|p2b: Mabosstiff|Protect|p2b: Mabosstiff\n|-singleturn|p2b: Mabosstiff|Protect\n|move|p1b: Jumpluff|Leaf Storm|p2b: Mabosstiff\n|-activate|p2b: Mabosstiff|move: Protect\n|move|p1a: Torkoal|Overheat|p2b: Mabosstiff\n|-activate|p2b: Mabosstiff|move: Protect\n|\n|-weather|SunnyDay|[upkeep]\n|upkeep\n|turn|6\n|\n|t:|1681951563\n|move|p1b: Jumpluff|Leaf Storm|p2b: Mabosstiff\n|-damage|p2b: Mabosstiff|0 fnt\n|-unboost|p1b: Jumpluff|spa|2\n|faint|p2b: Mabosstiff\n|\n|win|LordSno\n|raw|LordSno's rating: 1182 → 1203<\/strong> (+21 for winning)\n|raw|Meatheadjr's rating: 1130 → 1109<\/strong> (-21 for losing)\n|l|\u2606Meatheadjr\n","uploadtime":1681951570,"views":7,"p1id":"lordsno","p2id":"meatheadjr","formatid":"gen9vgc2023regulationc","rating":1109,"private":0,"password":""}