{"id":"gen9vgc2023regulationc-1863389887","p1":"revocolombia","p2":"mirrorb12345","format":"[Gen 9] VGC 2023 Regulation C","log":"|j|\u2606revocolombia\n|j|\u2606mirrorb12345\n|t:|1684010814\n|gametype|doubles\n|player|p1|revocolombia|pokemonranger-gen4|1398\n|player|p2|mirrorb12345|ninjaboy|1339\n|teamsize|p1|6\n|teamsize|p2|6\n|gen|9\n|tier|[Gen 9] VGC 2023 Regulation C\n|rated|\n|rule|Species Clause: Limit one of each Pok\u00e9mon\n|rule|Item Clause: Limit one of each item\n|clearpoke\n|poke|p1|Flutter Mane, L50|\n|poke|p1|Annihilape, L50, F|\n|poke|p1|Dragonite, L50, F|\n|poke|p1|Chien-Pao, L50|\n|poke|p1|Murkrow, L50, F|\n|poke|p1|Gholdengo, L50|\n|poke|p2|Maushold, L50|\n|poke|p2|Ting-Lu, L50|\n|poke|p2|Flutter Mane, L50|\n|poke|p2|Corviknight, L50, M|\n|poke|p2|Chi-Yu, L50|\n|poke|p2|Iron Bundle, L50|\n|teampreview|4\nmirrorb12345 has agreed to open team sheets.\n|\n|t:|1684010906\n|start\n|switch|p1a: Annihilape|Annihilape, L50, F, shiny|100\/100\n|switch|p1b: Murkrow|Murkrow, L50, F|100\/100\n|switch|p2a: Corviknight|Corviknight, L50, M|100\/100\n|switch|p2b: Chi-Yu|Chi-Yu, L50|100\/100\n|-ability|p2b: Chi-Yu|Beads of Ruin\n|turn|1\n|\n|t:|1684010924\n|-terastallize|p1a: Annihilape|Fire\n|move|p1b: Murkrow|Taunt|p2a: Corviknight\n|-start|p2a: Corviknight|move: Taunt\n|move|p2b: Chi-Yu|Flamethrower|p1b: Murkrow\n|-crit|p1b: Murkrow\n|-damage|p1b: Murkrow|0 fnt\n|faint|p1b: Murkrow\n|-damage|p2b: Chi-Yu|90\/100|[from] item: Life Orb\n|move|p1a: Annihilape|Drain Punch|p2b: Chi-Yu\n|-supereffective|p2b: Chi-Yu\n|-damage|p2b: Chi-Yu|0 fnt\n|faint|p2b: Chi-Yu\n|move|p2a: Corviknight|Iron Head|p1a: Annihilape\n|-resisted|p1a: Annihilape\n|-damage|p1a: Annihilape|90\/100\n|\n|-heal|p1a: Annihilape|96\/100|[from] item: Leftovers\n|upkeep\n|\n|t:|1684010945\n|switch|p2b: Ting-Lu|Ting-Lu, L50|100\/100\n|switch|p1b: Flutter Mane|Flutter Mane, L50|100\/100\n|-ability|p2b: Ting-Lu|Vessel of Ruin\n|-enditem|p1b: Flutter Mane|Booster Energy\n|-activate|p1b: Flutter Mane|ability: Protosynthesis|[fromitem]\n|-start|p1b: Flutter Mane|protosynthesisspe\n|turn|2\n|\n|t:|1684010965\n|switch|p2a: Flutter Mane|Flutter Mane, L50|100\/100\n|-terastallize|p2b: Ting-Lu|Poison\n|move|p1b: Flutter Mane|Thunderbolt|p2a: Flutter Mane\n|-damage|p2a: Flutter Mane|73\/100\n|move|p1a: Annihilape|Bulk Up|p1a: Annihilape\n|-boost|p1a: Annihilape|atk|1\n|-boost|p1a: Annihilape|def|1\n|move|p2b: Ting-Lu|Heavy Slam|p1b: Flutter Mane\n|-supereffective|p1b: Flutter Mane\n|-damage|p1b: Flutter Mane|0 fnt\n|faint|p1b: Flutter Mane\n|-end|p1b: Flutter Mane|Protosynthesis|[silent]\n|\n|-heal|p1a: Annihilape|100\/100|[from] item: Leftovers\n|upkeep\n|\n|t:|1684010982\n|switch|p1b: Dragonite|Dragonite, L50, F|100\/100\n|turn|3\n|\n|t:|1684010995\n|move|p2a: Flutter Mane|Moonblast|p1b: Dragonite\n|-supereffective|p1b: Dragonite\n|-damage|p1b: Dragonite|61\/100\n|move|p1b: Dragonite|Dragon Dance|p1b: Dragonite\n|-boost|p1b: Dragonite|atk|1\n|-boost|p1b: Dragonite|spe|1\n|move|p1a: Annihilape|Rage Fist|p2a: Flutter Mane\n|-supereffective|p2a: Flutter Mane\n|-damage|p2a: Flutter Mane|0 fnt\n|faint|p2a: Flutter Mane\n|-end|p2a: Flutter Mane|Protosynthesis|[silent]\n|move|p2b: Ting-Lu|Fissure|p1a: Annihilape|[miss]\n|-miss|p2b: Ting-Lu|p1a: Annihilape\n|\n|upkeep\n|\n|t:|1684011006\n|switch|p2a: Corviknight|Corviknight, L50, M|100\/100\n|turn|4\n|\n|t:|1684011018\n|move|p1b: Dragonite|Thunder Punch|p2a: Corviknight\n|-supereffective|p2a: Corviknight\n|-damage|p2a: Corviknight|32\/100\n|move|p1a: Annihilape|Rage Fist|p2b: Ting-Lu\n|-damage|p2b: Ting-Lu|62\/100\n|move|p2a: Corviknight|Bulk Up|p2a: Corviknight\n|-boost|p2a: Corviknight|atk|1\n|-boost|p2a: Corviknight|def|1\n|move|p2b: Ting-Lu|Fissure|p1a: Annihilape|[miss]\n|-miss|p2b: Ting-Lu|p1a: Annihilape\n|\n|upkeep\n|turn|5\n|\n|t:|1684011038\n|move|p1b: Dragonite|Thunder Punch|p2a: Corviknight\n|-supereffective|p2a: Corviknight\n|-damage|p2a: Corviknight|0 fnt\n|faint|p2a: Corviknight\n|move|p1a: Annihilape|Rage Fist|p2b: Ting-Lu\n|-damage|p2b: Ting-Lu|22\/100\n|move|p2b: Ting-Lu|Fissure|p1a: Annihilape|[miss]\n|-miss|p2b: Ting-Lu|p1a: Annihilape\n|\n|upkeep\n|turn|6\n|-message|mirrorb12345 forfeited.\n|\n|win|revocolombia\n|raw|revocolombia's rating: 1398 → 1415<\/strong> (+17 for winning)\n|raw|mirrorb12345's rating: 1339 → 1322<\/strong> (-17 for losing)\n|l|\u2606mirrorb12345\n","uploadtime":1684011051,"views":11,"p1id":"revocolombia","p2id":"mirrorb12345","formatid":"gen9vgc2023regulationc","rating":1322,"private":0,"password":""}