{"id":"gen9vgc2023regulationc-1862481902","p1":"Jadedragon61","p2":"ameha","format":"[Gen 9] VGC 2023 Regulation C","log":"|j|\u2606Jadedragon61\n|j|\u2606ameha\n|t:|1683892532\n|gametype|doubles\n|player|p1|Jadedragon61|colress-gen7|1307\n|player|p2|ameha|pokemonbreeder-gen4|1226\n|teamsize|p1|6\n|teamsize|p2|6\n|gen|9\n|tier|[Gen 9] VGC 2023 Regulation C\n|rated|\n|rule|Species Clause: Limit one of each Pok\u00e9mon\n|rule|Item Clause: Limit one of each item\n|clearpoke\n|poke|p1|Flutter Mane, L50|\n|poke|p1|Tyranitar, L50, M|\n|poke|p1|Gyarados, L50, M|\n|poke|p1|Amoonguss, L50, M|\n|poke|p1|Chi-Yu, L50|\n|poke|p1|Palafin, L50, M|\n|poke|p2|Lycanroc, L50, F|\n|poke|p2|Tyranitar, L50, F|\n|poke|p2|Annihilape, L50, M|\n|poke|p2|Maushold, L50|\n|poke|p2|Ting-Lu, L50|\n|poke|p2|Flutter Mane, L50|\n|teampreview|4\n|inactive|Battle timer is ON: inactive players will automatically lose when time's up. (requested by ameha)\n|\n|t:|1683892557\n|start\n|switch|p1a: evil purp|Palafin, L50, M, shiny|100\/100\n|switch|p1b: Fish 2|Gyarados, L50, M, shiny|100\/100\n|switch|p2a: Lycanroc|Lycanroc, L50, F|100\/100\n|switch|p2b: Tyranitar|Tyranitar, L50, F|100\/100\n|-ability|p1b: Fish 2|Intimidate|boost\n|-unboost|p2a: Lycanroc|atk|1\n|-unboost|p2b: Tyranitar|atk|1\n|-weather|Sandstorm|[from] ability: Sand Stream|[of] p2b: Tyranitar\n|turn|1\n|inactive|ameha has 30 seconds left.\n|inactive|ameha has 20 seconds left.\n|inactive|ameha has 15 seconds left.\n|\n|t:|1683892597\n|detailschange|p1a: evil purp|Palafin-Hero, L50, M, shiny\n|switch|p1a: SIO|Amoonguss, L50, M, shiny|100\/100\n|switch|p2b: Maushold|Maushold, L50|100\/100\n|move|p1b: Fish 2|Protect|p1b: Fish 2\n|-singleturn|p1b: Fish 2|Protect\n|move|p2a: Lycanroc|Rock Slide|p1b: Fish 2|[spread] p1a\n|-activate|p1b: Fish 2|move: Protect\n|-damage|p1a: SIO|82\/100\n|\n|-weather|Sandstorm|[upkeep]\n|-damage|p1b: Fish 2|95\/100|[from] Sandstorm\n|-damage|p1a: SIO|77\/100|[from] Sandstorm\n|upkeep\n|turn|2\n|\n|t:|1683892622\n|move|p2b: Maushold|Follow Me|p2b: Maushold\n|-singleturn|p2b: Maushold|move: Follow Me\n|move|p2a: Lycanroc|Endeavor|p1a: SIO\n|-damage|p1a: SIO|69\/100\n|move|p1b: Fish 2|Waterfall|p2b: Maushold\n|-damage|p2b: Maushold|65\/100\n|move|p1a: SIO|Spore|p2b: Maushold\n|-activate|p2b: Maushold|item: Safety Goggles|Spore\n|\n|-weather|Sandstorm|[upkeep]\n|-damage|p1b: Fish 2|89\/100|[from] Sandstorm\n|-damage|p1a: SIO|63\/100|[from] Sandstorm\n|upkeep\n|turn|3\n|inactive|Jadedragon61 has 30 seconds left.\n|\n|t:|1683892649\n|switch|p2a: Annihilape|Annihilape, L50, M|100\/100\n|switch|p1a: evil purp|Palafin-Hero, L50, M, shiny|100\/100\n|-activate|p1a: evil purp|ability: Zero to Hero\n|move|p2b: Maushold|Follow Me|p2b: Maushold\n|-singleturn|p2b: Maushold|move: Follow Me\n|move|p1b: Fish 2|Taunt|p2b: Maushold\n|-start|p2b: Maushold|move: Taunt\n|\n|-weather|Sandstorm|[upkeep]\n|-damage|p1a: evil purp|95\/100|[from] Sandstorm\n|-damage|p2a: Annihilape|94\/100|[from] Sandstorm\n|-damage|p1b: Fish 2|83\/100|[from] Sandstorm\n|-heal|p2a: Annihilape|100\/100|[from] item: Leftovers\n|upkeep\n|turn|4\n|inactive|Jadedragon61 has 30 seconds left.\n|inactive|ameha has 30 seconds left.\n|\n|t:|1683892677\n|move|p1a: evil purp|Protect|p1a: evil purp\n|-singleturn|p1a: evil purp|Protect\n|move|p2b: Maushold|Beat Up|p2a: Annihilape\n|-crit|p2a: Annihilape\n|-damage|p2a: Annihilape|97\/100\n|-damage|p2a: Annihilape|95\/100\n|-damage|p2a: Annihilape|93\/100\n|-damage|p2a: Annihilape|91\/100\n|-hitcount|p2a: Annihilape|4\n|move|p2a: Annihilape|Rage Fist|p1a: evil purp\n|-activate|p1a: evil purp|move: Protect\n|move|p1b: Fish 2|Thunder Wave|p2a: Annihilape\n|-status|p2a: Annihilape|par\n|\n|-weather|Sandstorm|[upkeep]\n|-damage|p1a: evil purp|89\/100|[from] Sandstorm\n|-damage|p1b: Fish 2|77\/100|[from] Sandstorm\n|-damage|p2a: Annihilape|85\/100 par|[from] Sandstorm\n|-heal|p2a: Annihilape|91\/100 par|[from] item: Leftovers\n|upkeep\n|turn|5\n|\n|t:|1683892693\n|-terastallize|p1a: evil purp|Water\n|move|p2a: Annihilape|Protect|p2a: Annihilape\n|-singleturn|p2a: Annihilape|Protect\n|move|p2b: Maushold|Super Fang|p1a: evil purp\n|-damage|p1a: evil purp|45\/100\n|move|p1a: evil purp|Wave Crash|p2a: Annihilape\n|-activate|p2a: Annihilape|move: Protect\n|move|p1b: Fish 2|Waterfall|p2a: Annihilape\n|-activate|p2a: Annihilape|move: Protect\n|\n|-weather|none\n|-heal|p2a: Annihilape|97\/100 par|[from] item: Leftovers\n|upkeep\n|turn|6\n|\n|t:|1683892711\n|switch|p2a: Lycanroc|Lycanroc, L50, F|100\/100\n|move|p2b: Maushold|Super Fang|p1b: Fish 2\n|-damage|p1b: Fish 2|39\/100\n|move|p1a: evil purp|Wave Crash|p2a: Lycanroc\n|-supereffective|p2a: Lycanroc\n|-enditem|p2a: Lycanroc|Focus Sash\n|-damage|p2a: Lycanroc|1\/100\n|-damage|p1a: evil purp|21\/100|[from] Recoil\n|move|p1b: Fish 2|Waterfall|p2a: Lycanroc\n|-supereffective|p2a: Lycanroc\n|-damage|p2a: Lycanroc|0 fnt\n|faint|p2a: Lycanroc\n|\n|-end|p2b: Maushold|move: Taunt\n|upkeep\n|\n|t:|1683892725\n|switch|p2a: Annihilape|Annihilape, L50, M|97\/100 par\n|turn|7\n|\n|t:|1683892741\n|switch|p1a: SIO|Amoonguss, L50, M, shiny|96\/100\n|move|p2b: Maushold|Follow Me|p2b: Maushold\n|-singleturn|p2b: Maushold|move: Follow Me\n|move|p1b: Fish 2|Taunt|p2b: Maushold\n|-start|p2b: Maushold|move: Taunt\n|move|p2a: Annihilape|Rage Fist|p1a: SIO\n|-damage|p1a: SIO|0 fnt\n|faint|p1a: SIO\n|\n|-heal|p2a: Annihilape|100\/100 par|[from] item: Leftovers\n|upkeep\n|\n|t:|1683892754\n|switch|p1a: Fish 3|Flutter Mane, L50, shiny|100\/100\n|turn|8\n|\n|t:|1683892768\n|switch|p2b: Tyranitar|Tyranitar, L50, F|100\/100\n|-weather|Sandstorm|[from] ability: Sand Stream|[of] p2b: Tyranitar\n|move|p1a: Fish 3|Protect|p1a: Fish 3\n|-singleturn|p1a: Fish 3|Protect\n|move|p1b: Fish 2|Protect|p1b: Fish 2\n|-singleturn|p1b: Fish 2|Protect\n|cant|p2a: Annihilape|par\n|\n|-weather|Sandstorm|[upkeep]\n|-damage|p1a: Fish 3|94\/100|[from] Sandstorm\n|-damage|p1b: Fish 2|33\/100|[from] Sandstorm\n|-damage|p2a: Annihilape|94\/100 par|[from] Sandstorm\n|-heal|p2a: Annihilape|100\/100 par|[from] item: Leftovers\n|upkeep\n|turn|9\n|\n|t:|1683892785\n|switch|p2a: Maushold|Maushold, L50|65\/100\n|move|p1a: Fish 3|Moonblast|p2a: Maushold\n|-damage|p2a: Maushold|0 fnt\n|faint|p2a: Maushold\n|-damage|p1a: Fish 3|85\/100|[from] item: Life Orb\n|move|p1b: Fish 2|Waterfall|p2b: Tyranitar\n|-supereffective|p2b: Tyranitar\n|-damage|p2b: Tyranitar|45\/100\n|cant|p2b: Tyranitar|flinch\n|\n|-weather|Sandstorm|[upkeep]\n|-damage|p1a: Fish 3|79\/100|[from] Sandstorm\n|-damage|p1b: Fish 2|27\/100|[from] Sandstorm\n|upkeep\n|\n|t:|1683892797\n|switch|p2a: Annihilape|Annihilape, L50, M|100\/100 par\n|turn|10\n|\n|t:|1683892806\n|-terastallize|p2a: Annihilape|Fire\n|move|p1a: Fish 3|Moonblast|p2a: Annihilape\n|-resisted|p2a: Annihilape\n|-damage|p2a: Annihilape|78\/100 par\n|-damage|p1a: Fish 3|69\/100|[from] item: Life Orb\n|move|p1b: Fish 2|Waterfall|p2b: Tyranitar\n|-supereffective|p2b: Tyranitar\n|-damage|p2b: Tyranitar|0 fnt\n|faint|p2b: Tyranitar\n|move|p2a: Annihilape|Rage Fist|p1a: Fish 3\n|-supereffective|p1a: Fish 3\n|-damage|p1a: Fish 3|0 fnt\n|faint|p1a: Fish 3\n|-end|p1a: Fish 3|Protosynthesis|[silent]\n|\n|-weather|Sandstorm|[upkeep]\n|-damage|p1b: Fish 2|21\/100|[from] Sandstorm\n|-damage|p2a: Annihilape|72\/100 par|[from] Sandstorm\n|-enditem|p1b: Fish 2|Aguav Berry|[eat]\n|-heal|p1b: Fish 2|54\/100|[from] item: Aguav Berry\n|-heal|p2a: Annihilape|78\/100 par|[from] item: Leftovers\n|upkeep\n|\n|t:|1683892815\n|switch|p1a: evil purp|Palafin-Hero, L50, M, shiny, tera:Water|21\/100\n|turn|11\n|-message|ameha forfeited.\n|\n|win|Jadedragon61\n|raw|Jadedragon61's rating: 1307 → 1322<\/strong> (+15 for winning)\n|raw|ameha's rating: 1226 → 1207<\/strong> (-19 for losing)\n|l|\u2606ameha\n","uploadtime":1683892825,"views":12,"p1id":"jadedragon61","p2id":"ameha","formatid":"gen9vgc2023regulationc","rating":1207,"private":0,"password":""}