{"id":"gen9vgc2023regulationc-1856186234","p1":"Nehzzy","p2":"NakiYY","format":"[Gen 9] VGC 2023 Regulation C","log":"|j|\u2606Nehzzy\n|j|\u2606NakiYY\n|t:|1683038734\n|gametype|doubles\n|player|p1|Nehzzy|steven|1380\n|player|p2|NakiYY|workerice|1375\n|teamsize|p1|6\n|teamsize|p2|6\n|gen|9\n|tier|[Gen 9] VGC 2023 Regulation C\n|rated|\n|rule|Species Clause: Limit one of each Pok\u00e9mon\n|rule|Item Clause: Limit one of each item\n|clearpoke\n|poke|p1|Orthworm, L50, F|\n|poke|p1|Garchomp, L50, M|\n|poke|p1|Talonflame, L50, M|\n|poke|p1|Amoonguss, L50, M|\n|poke|p1|Gholdengo, L50|\n|poke|p1|Gyarados, L50, F|\n|poke|p2|Orthworm, L50, F|\n|poke|p2|Gyarados, L50, F|\n|poke|p2|Ting-Lu, L50|\n|poke|p2|Dragonite, L50, M|\n|poke|p2|Flutter Mane, L50|\n|poke|p2|Chien-Pao, L50|\n|teampreview|4\nNehzzy has agreed to open team sheets.\n|\n|t:|1683038789\n|start\n|switch|p1a: Talonflame|Talonflame, L50, M, shiny|100\/100\n|switch|p1b: Amoonguss|Amoonguss, L50, M, shiny|100\/100\n|switch|p2a: Orthworm|Orthworm, L50, F|100\/100\n|switch|p2b: Gyarados|Gyarados, L50, F|100\/100\n|-ability|p2b: Gyarados|Intimidate|boost\n|-unboost|p1a: Talonflame|atk|1\n|-unboost|p1b: Amoonguss|atk|1\n|turn|1\n|\n|t:|1683038818\n|-terastallize|p2a: Orthworm|Fire\n|move|p1a: Talonflame|Will-O-Wisp|p2b: Gyarados\n|-status|p2b: Gyarados|brn\n|move|p2b: Gyarados|Taunt|p1b: Amoonguss\n|-start|p1b: Amoonguss|move: Taunt\n|move|p2a: Orthworm|Iron Defense|p2a: Orthworm\n|-boost|p2a: Orthworm|def|2\n|cant|p1b: Amoonguss|move: Taunt|Spore\n|\n|-damage|p2b: Gyarados|95\/100 brn|[from] brn\n|upkeep\n|turn|2\n|\n|t:|1683038844\n|switch|p1b: Gyarados|Gyarados, L50, F, shiny|100\/100\n|-ability|p1b: Gyarados|Intimidate|boost\n|-unboost|p2a: Orthworm|atk|1\n|-unboost|p2b: Gyarados|atk|1\n|move|p1a: Talonflame|Tailwind|p1a: Talonflame\n|-sidestart|p1: Nehzzy|move: Tailwind\n|move|p2b: Gyarados|Thunder Wave|p1b: Gyarados\n|-status|p1b: Gyarados|par\n|-enditem|p1b: Gyarados|Lum Berry|[eat]\n|-curestatus|p1b: Gyarados|par|[msg]\n|move|p2a: Orthworm|Heavy Slam|p1b: Gyarados\n|-resisted|p1b: Gyarados\n|-damage|p1b: Gyarados|96\/100\n|\n|-damage|p2b: Gyarados|89\/100 brn|[from] brn\n|upkeep\n|turn|3\n|\n|t:|1683038887\n|switch|p2b: Ting-Lu|Ting-Lu, L50|100\/100\n|-ability|p2b: Ting-Lu|Vessel of Ruin\n|-terastallize|p1b: Gyarados|Electric\n|move|p1a: Talonflame|Brave Bird|p2b: Ting-Lu\n|-damage|p2b: Ting-Lu|80\/100\n|-damage|p1a: Talonflame|89\/100|[from] Recoil\n|move|p1b: Gyarados|Waterfall|p2b: Ting-Lu\n|-supereffective|p2b: Ting-Lu\n|-damage|p2b: Ting-Lu|30\/100\n|move|p2a: Orthworm|Iron Defense|p2a: Orthworm\n|-boost|p2a: Orthworm|def|2\n|\n|upkeep\n|turn|4\n|\n|t:|1683038908\n|switch|p2b: Gyarados|Gyarados, L50, F|89\/100 brn\n|-ability|p2b: Gyarados|Intimidate|boost\n|-unboost|p1a: Talonflame|atk|1\n|-unboost|p1b: Gyarados|atk|1\n|move|p1a: Talonflame|Brave Bird|p2b: Gyarados\n|-damage|p2b: Gyarados|63\/100 brn\n|-damage|p1a: Talonflame|78\/100|[from] Recoil\n|move|p1b: Gyarados|Waterfall|p2b: Gyarados\n|-resisted|p2b: Gyarados\n|-damage|p2b: Gyarados|50\/100 brn\n|move|p2a: Orthworm|Body Press|p1b: Gyarados\n|-damage|p1b: Gyarados|19\/100\n|\n|-damage|p2b: Gyarados|44\/100 brn|[from] brn\n|upkeep\n|turn|5\n|\n|t:|1683038937\n|switch|p1b: Gholdengo|Gholdengo, L50|100\/100\n|move|p1a: Talonflame|Brave Bird|p2b: Gyarados\n|-damage|p2b: Gyarados|20\/100 brn\n|-enditem|p2b: Gyarados|Figy Berry|[eat]\n|-heal|p2b: Gyarados|53\/100 brn|[from] item: Figy Berry\n|-damage|p1a: Talonflame|68\/100|[from] Recoil\n|move|p2b: Gyarados|Waterfall|p1a: Talonflame\n|-supereffective|p1a: Talonflame\n|-damage|p1a: Talonflame|21\/100\n|move|p2a: Orthworm|Body Press|p1a: Talonflame\n|-resisted|p1a: Talonflame\n|-damage|p1a: Talonflame|0 fnt\n|faint|p1a: Talonflame\n|\n|-damage|p2b: Gyarados|47\/100 brn|[from] brn\n|-sideend|p1: Nehzzy|move: Tailwind\n|upkeep\n|\n|t:|1683038972\n|switch|p1a: Gyarados|Gyarados, L50, F, shiny, tera:Electric|19\/100\n|-ability|p1a: Gyarados|Intimidate|boost\n|-unboost|p2a: Orthworm|atk|1\n|-unboost|p2b: Gyarados|atk|1\n|turn|6\n|\n|t:|1683039007\n|switch|p1a: Amoonguss|Amoonguss, L50, M, shiny|100\/100\n|move|p2b: Gyarados|Earthquake|p1b: Gholdengo|[spread] p1a,p1b\n|-immune|p2a: Orthworm|[from] ability: Earth Eater\n|-supereffective|p1b: Gholdengo\n|-damage|p1a: Amoonguss|95\/100\n|-damage|p1b: Gholdengo|87\/100\n|move|p1b: Gholdengo|Nasty Plot|p1b: Gholdengo\n|-boost|p1b: Gholdengo|spa|2\n|move|p2a: Orthworm|Shed Tail|p2a: Orthworm\n|-start|p2a: Orthworm|Substitute|[from] move: Shed Tail\n|-damage|p2a: Orthworm|50\/100\n|-enditem|p2a: Orthworm|Sitrus Berry|[eat]\n|-heal|p2a: Orthworm|75\/100|[from] item: Sitrus Berry\n|\n|t:|1683039026\n|switch|p2a: Ting-Lu|Ting-Lu, L50|30\/100|[from] Shed Tail\n|-ability|p2a: Ting-Lu|Vessel of Ruin\n|\n|-heal|p1b: Gholdengo|93\/100|[from] item: Leftovers\n|-damage|p2b: Gyarados|41\/100 brn|[from] brn\n|upkeep\n|turn|7\n|\n|t:|1683039049\n|switch|p2b: Orthworm|Orthworm, L50, F, tera:Fire|75\/100\n|move|p1b: Gholdengo|Protect|p1b: Gholdengo\n|-singleturn|p1b: Gholdengo|Protect\n|move|p2a: Ting-Lu|Earthquake|p1b: Gholdengo|[spread] p1a\n|-activate|p1b: Gholdengo|move: Protect\n|-heal|p2b: Orthworm|100\/100|[from] ability: Earth Eater|[of] p2a: Ting-Lu\n|-damage|p1a: Amoonguss|70\/100\n|move|p1a: Amoonguss|Pollen Puff|p2a: Ting-Lu\n|-supereffective|p2a: Ting-Lu\n|-activate|p2a: Ting-Lu|move: Substitute|[damage]\n|\n|-heal|p1b: Gholdengo|99\/100|[from] item: Leftovers\n|upkeep\n|turn|8\n|\n|t:|1683039070\n|move|p1b: Gholdengo|Shadow Ball|p2b: Orthworm\n|-damage|p2b: Orthworm|22\/100\n|move|p2b: Orthworm|Shed Tail|p2b: Orthworm\n|-fail|p2b: Orthworm|move: Shed Tail|[weak]\n|move|p2a: Ting-Lu|Earthquake|p1b: Gholdengo|[spread] p1a,p1b\n|-heal|p2b: Orthworm|47\/100|[from] ability: Earth Eater|[of] p2a: Ting-Lu\n|-supereffective|p1b: Gholdengo\n|-damage|p1a: Amoonguss|42\/100\n|-damage|p1b: Gholdengo|38\/100\n|-enditem|p1a: Amoonguss|Sitrus Berry|[eat]\n|-heal|p1a: Amoonguss|67\/100|[from] item: Sitrus Berry\n|move|p1a: Amoonguss|Pollen Puff|p2a: Ting-Lu\n|-supereffective|p2a: Ting-Lu\n|-end|p2a: Ting-Lu|Substitute\n|\n|-heal|p1b: Gholdengo|44\/100|[from] item: Leftovers\n|upkeep\n|turn|9\n|\n|t:|1683039099\n|move|p1a: Amoonguss|Rage Powder|p1a: Amoonguss\n|-singleturn|p1a: Amoonguss|move: Rage Powder\n|move|p1b: Gholdengo|Make It Rain|p2a: Ting-Lu|[spread] p2a,p2b\n|-resisted|p2b: Orthworm\n|-damage|p2a: Ting-Lu|0 fnt\n|-damage|p2b: Orthworm|3\/100\n|-unboost|p1b: Gholdengo|spa|1\n|faint|p2a: Ting-Lu\n|move|p2b: Orthworm|Heavy Slam|p1a: Amoonguss\n|-damage|p1a: Amoonguss|39\/100\n|\n|-heal|p1b: Gholdengo|49\/100|[from] item: Leftovers\n|upkeep\n|\n|t:|1683039111\n|switch|p2a: Gyarados|Gyarados, L50, F|41\/100 brn\n|-ability|p2a: Gyarados|Intimidate|boost\n|-unboost|p1a: Amoonguss|atk|1\n|-unboost|p1b: Gholdengo|atk|1\n|turn|10\n|\n|t:|1683039142\n|switch|p1a: Gyarados|Gyarados, L50, F, shiny, tera:Electric|19\/100\n|-ability|p1a: Gyarados|Intimidate|boost\n|-unboost|p2a: Gyarados|atk|1\n|-unboost|p2b: Orthworm|atk|1\n|move|p1b: Gholdengo|Protect|p1b: Gholdengo\n|-singleturn|p1b: Gholdengo|Protect\n|move|p2a: Gyarados|Taunt|p1a: Gyarados\n|-start|p1a: Gyarados|move: Taunt\n|move|p2b: Orthworm|Heavy Slam|p1a: Gyarados\n|-resisted|p1a: Gyarados\n|-damage|p1a: Gyarados|15\/100\n|\n|-heal|p1b: Gholdengo|55\/100|[from] item: Leftovers\n|-damage|p2a: Gyarados|35\/100 brn|[from] brn\n|upkeep\n|turn|11\n|\n|t:|1683039195\n|move|p2a: Gyarados|Earthquake|p1a: Gyarados|[spread] p1a,p1b\n|-heal|p2b: Orthworm|28\/100|[from] ability: Earth Eater|[of] p2a: Gyarados\n|-supereffective|p1a: Gyarados\n|-supereffective|p1b: Gholdengo\n|-damage|p1a: Gyarados|0 fnt\n|-damage|p1b: Gholdengo|42\/100\n|faint|p1a: Gyarados\n|move|p1b: Gholdengo|Shadow Ball|p2a: Gyarados\n|-damage|p2a: Gyarados|0 fnt\n|faint|p2a: Gyarados\n|move|p2b: Orthworm|Heavy Slam|p1b: Gholdengo\n|-resisted|p1b: Gholdengo\n|-damage|p1b: Gholdengo|31\/100\n|\n|-heal|p1b: Gholdengo|37\/100|[from] item: Leftovers\n|upkeep\n|\n|t:|1683039208\n|switch|p2a: Flutter Mane|Flutter Mane, L50|100\/100\n|switch|p1a: Amoonguss|Amoonguss, L50, M, shiny|72\/100\n|-enditem|p2a: Flutter Mane|Booster Energy\n|-activate|p2a: Flutter Mane|ability: Protosynthesis|[fromitem]\n|-start|p2a: Flutter Mane|protosynthesisspe\n|turn|12\n|\n|t:|1683039235\n|move|p2a: Flutter Mane|Protect|p2a: Flutter Mane\n|-singleturn|p2a: Flutter Mane|Protect\n|move|p1b: Gholdengo|Protect|p1b: Gholdengo\n|-singleturn|p1b: Gholdengo|Protect\n|move|p2b: Orthworm|Heavy Slam|p1a: Amoonguss\n|-damage|p1a: Amoonguss|51\/100\n|move|p1a: Amoonguss|Spore|p2a: Flutter Mane\n|-activate|p2a: Flutter Mane|move: Protect\n|\n|-heal|p1b: Gholdengo|43\/100|[from] item: Leftovers\n|upkeep\n|turn|13\n|\n|t:|1683039253\n|move|p1a: Amoonguss|Rage Powder|p1a: Amoonguss\n|-singleturn|p1a: Amoonguss|move: Rage Powder\n|move|p2a: Flutter Mane|Substitute|p2a: Flutter Mane\n|-start|p2a: Flutter Mane|Substitute\n|-damage|p2a: Flutter Mane|76\/100\n|move|p1b: Gholdengo|Make It Rain|p2b: Orthworm|[spread] p2a,p2b\n|-supereffective|p2a: Flutter Mane\n|-end|p2a: Flutter Mane|Substitute\n|-resisted|p2b: Orthworm\n|-damage|p2b: Orthworm|0 fnt\n|-unboost|p1b: Gholdengo|spa|1\n|faint|p2b: Orthworm\n|\n|-heal|p1b: Gholdengo|49\/100|[from] item: Leftovers\n|upkeep\n|turn|14\n|\n|t:|1683039279\n|move|p1b: Gholdengo|Protect|p1b: Gholdengo\n|-singleturn|p1b: Gholdengo|Protect\n|move|p1a: Amoonguss|Protect|p1a: Amoonguss\n|-singleturn|p1a: Amoonguss|Protect\n|move|p2a: Flutter Mane|Substitute|p2a: Flutter Mane\n|-start|p2a: Flutter Mane|Substitute\n|-damage|p2a: Flutter Mane|51\/100\n|\n|-heal|p1b: Gholdengo|55\/100|[from] item: Leftovers\n|upkeep\n|turn|15\n|\n|t:|1683039298\n|move|p1a: Amoonguss|Rage Powder|p1a: Amoonguss\n|-singleturn|p1a: Amoonguss|move: Rage Powder\n|move|p2a: Flutter Mane|Shadow Ball|p1a: Amoonguss\n|-damage|p1a: Amoonguss|10\/100\n|move|p1b: Gholdengo|Shadow Ball|p2a: Flutter Mane\n|-supereffective|p2a: Flutter Mane\n|-end|p2a: Flutter Mane|Substitute\n|\n|-heal|p1b: Gholdengo|61\/100|[from] item: Leftovers\n|upkeep\n|turn|16\n|\n|t:|1683039328\n|move|p1a: Amoonguss|Rage Powder|p1a: Amoonguss\n|-singleturn|p1a: Amoonguss|move: Rage Powder\n|move|p2a: Flutter Mane|Substitute|p2a: Flutter Mane\n|-start|p2a: Flutter Mane|Substitute\n|-damage|p2a: Flutter Mane|26\/100\n|move|p1b: Gholdengo|Make It Rain|p2a: Flutter Mane\n|-supereffective|p2a: Flutter Mane\n|-end|p2a: Flutter Mane|Substitute\n|-unboost|p1b: Gholdengo|spa|1\n|\n|-heal|p1b: Gholdengo|67\/100|[from] item: Leftovers\n|upkeep\n|turn|17\n|\n|t:|1683039340\n|move|p1a: Amoonguss|Rage Powder|p1a: Amoonguss\n|-singleturn|p1a: Amoonguss|move: Rage Powder\n|move|p2a: Flutter Mane|Shadow Ball|p1a: Amoonguss\n|-crit|p1a: Amoonguss\n|-damage|p1a: Amoonguss|0 fnt\n|faint|p1a: Amoonguss\n|move|p1b: Gholdengo|Shadow Ball|p2a: Flutter Mane\n|-supereffective|p2a: Flutter Mane\n|-damage|p2a: Flutter Mane|0 fnt\n|faint|p2a: Flutter Mane\n|-end|p2a: Flutter Mane|Protosynthesis|[silent]\n|\n|win|Nehzzy\n|raw|Nehzzy's rating: 1380 → 1400<\/strong> (+20 for winning)\n|raw|NakiYY's rating: 1375 → 1355<\/strong> (-20 for losing)\n|c|\u2606Nehzzy|Gg\n|l|\u2606NakiYY\n","uploadtime":1683039364,"views":13,"p1id":"nehzzy","p2id":"nakiyy","formatid":"gen9vgc2023regulationc","rating":1355,"private":0,"password":""}