{"id":"gen9vgc2023regulationc-1848833910","p1":"Xepher008","p2":"vroomfrogger","format":"[Gen 9] VGC 2023 Regulation C","log":"|j|\u2606Xepher008\n|j|\u2606vroomfrogger\n|t:|1682115442\n|gametype|doubles\n|player|p1|Xepher008|2|1213\n|player|p2|vroomfrogger|acetrainerf-gen4dp|1257\n|teamsize|p1|6\n|teamsize|p2|6\n|gen|9\n|tier|[Gen 9] VGC 2023 Regulation C\n|rated|\n|rule|Species Clause: Limit one of each Pok\u00e9mon\n|rule|Item Clause: Limit one of each item\n|clearpoke\n|poke|p1|Flutter Mane, L50|\n|poke|p1|Gastrodon, L50, M|\n|poke|p1|Chi-Yu, L50|\n|poke|p1|Chien-Pao, L50|\n|poke|p1|Dragonite, L50, M|\n|poke|p1|Amoonguss, L50, M|\n|poke|p2|Breloom, L50, M|\n|poke|p2|Talonflame, L50, F|\n|poke|p2|Great Tusk, L50|\n|poke|p2|Flutter Mane, L50|\n|poke|p2|Iron Bundle, L50|\n|poke|p2|Ceruledge, L50, F|\n|teampreview|4\n|inactive|Battle timer is ON: inactive players will automatically lose when time's up. (requested by vroomfrogger)\n|inactive|Xepher008 has 60 seconds left.\n|inactive|vroomfrogger has 60 seconds left.\n|inactive|Xepher008 has 30 seconds left.\n|inactive|Xepher008 has 20 seconds left.\n|\n|t:|1682115515\n|start\n|switch|p1a: Dragonite|Dragonite, L50, M|100\/100\n|switch|p1b: Amoonguss|Amoonguss, L50, M|100\/100\n|switch|p2a: Iron Bundle|Iron Bundle, L50|100\/100\n|switch|p2b: Flutter Mane|Flutter Mane, L50|100\/100\n|-enditem|p2a: Iron Bundle|Booster Energy\n|-activate|p2a: Iron Bundle|ability: Quark Drive|[fromitem]\n|-start|p2a: Iron Bundle|quarkdrivespe\n|turn|1\n|\n|t:|1682115535\n|move|p2a: Iron Bundle|Icy Wind|p1b: Amoonguss|[spread] p1a,p1b\n|-supereffective|p1a: Dragonite\n|-supereffective|p1b: Amoonguss\n|-damage|p1a: Dragonite|64\/100\n|-damage|p1b: Amoonguss|68\/100\n|-unboost|p1a: Dragonite|spe|1\n|-unboost|p1b: Amoonguss|spe|1\n|move|p2b: Flutter Mane|Shadow Ball|p1b: Amoonguss\n|-damage|p1b: Amoonguss|16\/100\n|-unboost|p1b: Amoonguss|spd|1\n|move|p1a: Dragonite|Iron Head|p2b: Flutter Mane\n|-supereffective|p2b: Flutter Mane\n|-damage|p2b: Flutter Mane|0 fnt\n|faint|p2b: Flutter Mane\n|-end|p2b: Flutter Mane|Protosynthesis|[silent]\n|move|p1b: Amoonguss|Spore|p2a: Iron Bundle\n|-status|p2a: Iron Bundle|slp|[from] move: Spore\n|\n|upkeep\n|\n|t:|1682115550\n|switch|p2b: Ceruledge|Ceruledge, L50, F|100\/100\n|turn|2\n|inactive|Xepher008 has 30 seconds left.\n|\n|t:|1682115575\n|switch|p1b: Gastrodon|Gastrodon, L50, M|100\/100\n|cant|p2a: Iron Bundle|slp\n|move|p2b: Ceruledge|Bitter Blade|p1b: Gastrodon\n|-resisted|p1b: Gastrodon\n|-damage|p1b: Gastrodon|74\/100\n|move|p1a: Dragonite|Iron Head|p2a: Iron Bundle\n|-damage|p2a: Iron Bundle|46\/100 slp\n|\n|upkeep\n|turn|3\n|inactive|vroomfrogger has 30 seconds left.\n|\n|t:|1682115608\n|-terastallize|p2b: Ceruledge|Grass\n|-curestatus|p2a: Iron Bundle|slp|[msg]\n|move|p2a: Iron Bundle|Freeze-Dry|p1b: Gastrodon\n|-supereffective|p1b: Gastrodon\n|-damage|p1b: Gastrodon|0 fnt\n|faint|p1b: Gastrodon\n|move|p2b: Ceruledge|Bulk Up|p2b: Ceruledge\n|-boost|p2b: Ceruledge|atk|1\n|-boost|p2b: Ceruledge|def|1\n|move|p1a: Dragonite|Iron Head|p2a: Iron Bundle\n|-damage|p2a: Iron Bundle|0 fnt\n|faint|p2a: Iron Bundle\n|-end|p2a: Iron Bundle|Quark Drive|[silent]\n|\n|upkeep\n|\n|t:|1682115623\n|switch|p2a: Breloom|Breloom, L50, M|100\/100\n|switch|p1b: Flutter Mane|Flutter Mane, L50|100\/100\n|turn|4\n|\n|t:|1682115637\n|switch|p1a: Amoonguss|Amoonguss, L50, M|49\/100\n|move|p2b: Ceruledge|Shadow Sneak|p1b: Flutter Mane\n|-supereffective|p1b: Flutter Mane\n|-damage|p1b: Flutter Mane|0 fnt\n|faint|p1b: Flutter Mane\n|-end|p1b: Flutter Mane|Protosynthesis|[silent]\n|move|p2a: Breloom|Spore|p1a: Amoonguss\n|-immune|p1a: Amoonguss\n|\n|upkeep\n|\n|t:|1682115648\n|switch|p1b: Dragonite|Dragonite, L50, M|64\/100\n|turn|5\n|\n|t:|1682115659\n|-terastallize|p1b: Dragonite|Normal\n|move|p2a: Breloom|Protect|p2a: Breloom\n|-singleturn|p2a: Breloom|Protect\n|move|p2b: Ceruledge|Protect|p2b: Ceruledge\n|-singleturn|p2b: Ceruledge|Protect\n|move|p1b: Dragonite|Extreme Speed|p2b: Ceruledge\n|-activate|p2b: Ceruledge|move: Protect\n|move|p1a: Amoonguss|Rage Powder|p1a: Amoonguss\n|-singleturn|p1a: Amoonguss|move: Rage Powder\n|\n|upkeep\n|turn|6\n|inactive|Xepher008 has 30 seconds left.\n|\n|t:|1682115686\n|move|p1b: Dragonite|Extreme Speed|p2a: Breloom\n|-enditem|p2a: Breloom|Focus Sash\n|-damage|p2a: Breloom|1\/100\n|move|p2a: Breloom|Mach Punch|p1b: Dragonite\n|-supereffective|p1b: Dragonite\n|-damage|p1b: Dragonite|6\/100\n|move|p2b: Ceruledge|Bitter Blade|p1a: Amoonguss\n|-supereffective|p1a: Amoonguss\n|-damage|p1a: Amoonguss|0 fnt\n|-damage|p2b: Ceruledge|84\/100|[from] item: Rocky Helmet|[of] p1a: Amoonguss\n|faint|p1a: Amoonguss\n|\n|-heal|p2b: Ceruledge|90\/100|[from] item: Leftovers\n|upkeep\n|turn|7\n|\n|t:|1682115704\n|move|p1b: Dragonite|Extreme Speed|p2b: Ceruledge\n|-damage|p2b: Ceruledge|43\/100\n|move|p2a: Breloom|Mach Punch|p1b: Dragonite\n|-supereffective|p1b: Dragonite\n|-damage|p1b: Dragonite|0 fnt\n|faint|p1b: Dragonite\n|\n|win|vroomfrogger\n|raw|Xepher008's rating: 1213 → 1191<\/strong> (-22 for losing)\n|raw|vroomfrogger's rating: 1257 → 1279<\/strong> (+22 for winning)\n|l|\u2606vroomfrogger\n","uploadtime":1682115820,"views":8,"p1id":"xepher008","p2id":"vroomfrogger","formatid":"gen9vgc2023regulationc","rating":1191,"private":0,"password":""}