{"id":"gen9vgc2023regulationc-1857931676","p1":"BatmanxD81","p2":"JC0410","format":"[Gen 9] VGC 2023 Regulation C","log":"|j|\u2606BatmanxD81\n|j|\u2606JC0410\n|t:|1683248887\n|gametype|doubles\n|player|p1|BatmanxD81|cynthia|\n|player|p2|JC0410|265|\n|teamsize|p1|6\n|teamsize|p2|6\n|gen|9\n|tier|[Gen 9] VGC 2023 Regulation C\n|rule|Species Clause: Limit one of each Pok\u00e9mon\n|rule|Item Clause: Limit one of each item\n|clearpoke\n|poke|p1|Palafin, L50, M|\n|poke|p1|Amoonguss, L50, F|\n|poke|p1|Flutter Mane, L50|\n|poke|p1|Ting-Lu, L50|\n|poke|p1|Kingambit, L50, M|\n|poke|p1|Tauros-Paldea-Blaze, L50, M|\n|poke|p2|Arcanine, L50, M|\n|poke|p2|Flutter Mane, L50|\n|poke|p2|Amoonguss, L50, M|\n|poke|p2|Palafin, L50, M|\n|poke|p2|Ting-Lu, L50|\n|poke|p2|Annihilape, L50, M|\n|teampreview|4\n|c|\u2606BatmanxD81|G2\n|c|\u2606BatmanxD81|GL HF\n|c|\u2606BatmanxD81|Suerte!!\n|\n|t:|1683249323\n|start\n|switch|p1a: Deku|Palafin, L50, M, shiny|100\/100\n|switch|p1b: Kingambit|Kingambit, L50, M|100\/100\n|switch|p2a: Flutter Mane|Flutter Mane, L50, shiny|100\/100\n|switch|p2b: Palafin|Palafin, L50, M, shiny|100\/100\n|-enditem|p2a: Flutter Mane|Booster Energy\n|-activate|p2a: Flutter Mane|ability: Protosynthesis|[fromitem]\n|-start|p2a: Flutter Mane|protosynthesisspe\n|turn|1\n|\n|t:|1683249345\n|detailschange|p2b: Palafin|Palafin-Hero, L50, M, shiny\n|switch|p2b: Amoonguss|Amoonguss, L50, M, shiny|100\/100\n|move|p1a: Deku|Protect|p1a: Deku\n|-singleturn|p1a: Deku|Protect\n|move|p2a: Flutter Mane|Dazzling Gleam|p1b: Kingambit|[spread] p1b\n|-activate|p1a: Deku|move: Protect\n|-damage|p1b: Kingambit|70\/100\n|move|p1b: Kingambit|Swords Dance|p1b: Kingambit\n|-boost|p1b: Kingambit|atk|2\n|\n|upkeep\n|turn|2\n|\n|t:|1683249374\n|detailschange|p1a: Deku|Palafin-Hero, L50, M, shiny\n|switch|p1a: Amoonguss|Amoonguss, L50, F|100\/100\n|move|p2b: Amoonguss|Rage Powder|p2b: Amoonguss\n|-singleturn|p2b: Amoonguss|move: Rage Powder\n|move|p2a: Flutter Mane|Thunderbolt|p1b: Kingambit\n|-damage|p1b: Kingambit|42\/100\n|move|p1b: Kingambit|Kowtow Cleave|p2b: Amoonguss\n|-damage|p2b: Amoonguss|19\/100\n|-damage|p1b: Kingambit|26\/100|[from] item: Rocky Helmet|[of] p2b: Amoonguss\n|\n|upkeep\n|turn|3\n|\n|t:|1683249405\n|switch|p2b: Arcanine|Arcanine, L50, M, shiny|100\/100\n|-ability|p2b: Arcanine|Intimidate|boost\n|-unboost|p1a: Amoonguss|atk|1\n|-unboost|p1b: Kingambit|atk|1\n|-ability|p1b: Kingambit|Defiant|boost\n|-boost|p1b: Kingambit|atk|2\n|move|p1b: Kingambit|Sucker Punch|p2a: Flutter Mane\n|-damage|p2a: Flutter Mane|0 fnt\n|faint|p2a: Flutter Mane\n|-end|p2a: Flutter Mane|Protosynthesis|[silent]\n|move|p1a: Amoonguss|Pollen Puff|p1b: Kingambit\n|-heal|p1b: Kingambit|75\/100\n|\n|upkeep\n|\n|t:|1683249421\n|switch|p2a: Amoonguss|Amoonguss, L50, M, shiny|52\/100\n|turn|4\n|\n|t:|1683249435\n|switch|p1a: Tauros|Tauros-Paldea-Blaze, L50, M|100\/100\n|-ability|p1a: Tauros|Intimidate|boost\n|-unboost|p2a: Amoonguss|atk|1\n|-unboost|p2b: Arcanine|atk|1\n|-terastallize|p2b: Arcanine|Grass\n|move|p1b: Kingambit|Protect|p1b: Kingambit\n|-singleturn|p1b: Kingambit|Protect\n|move|p2a: Amoonguss|Protect|p2a: Amoonguss\n|-singleturn|p2a: Amoonguss|Protect\n|move|p2b: Arcanine|Flare Blitz|p1a: Tauros\n|-resisted|p1a: Tauros\n|-damage|p1a: Tauros|84\/100\n|-damage|p2b: Arcanine|95\/100|[from] Recoil\n|\n|upkeep\n|turn|5\n|\n|t:|1683249456\n|-terastallize|p1b: Kingambit|Fire\n|move|p2a: Amoonguss|Rage Powder|p2a: Amoonguss\n|-singleturn|p2a: Amoonguss|move: Rage Powder\n|move|p1a: Tauros|Raging Bull|p2a: Amoonguss\n|-supereffective|p2a: Amoonguss\n|-damage|p2a: Amoonguss|0 fnt\n|-damage|p1a: Tauros|67\/100|[from] item: Rocky Helmet|[of] p2a: Amoonguss\n|faint|p2a: Amoonguss\n|move|p2b: Arcanine|Will-O-Wisp|p1b: Kingambit\n|-immune|p1b: Kingambit\n|move|p1b: Kingambit|Kowtow Cleave|p2b: Arcanine\n|-damage|p2b: Arcanine|0 fnt\n|faint|p2b: Arcanine\n|\n|upkeep\n|\n|t:|1683249460\n|switch|p2b: Palafin|Palafin-Hero, L50, M, shiny|100\/100\n|-activate|p2b: Palafin|ability: Zero to Hero\n|turn|6\n|\n|t:|1683249471\n|move|p1a: Tauros|Will-O-Wisp|p2b: Palafin\n|-status|p2b: Palafin|brn\n|move|p2b: Palafin|Wave Crash|p1a: Tauros\n|-supereffective|p1a: Tauros\n|-damage|p1a: Tauros|0 fnt\n|faint|p1a: Tauros\n|-damage|p2b: Palafin|80\/100 brn|[from] Recoil\n|move|p1b: Kingambit|Kowtow Cleave|p2b: Palafin\n|-damage|p2b: Palafin|0 fnt\n|faint|p2b: Palafin\n|\n|win|BatmanxD81\n|j| A Borygon\n|l|\u2606JC0410\n","uploadtime":1683249879,"views":10,"p1id":"batmanxd81","p2id":"jc0410","formatid":"gen9vgc2023regulationc","rating":0,"private":0,"password":""}