{"id":"gen9vgc2023regulationc-1850469919","p1":"aqawa","p2":"Spooner240","format":"[Gen 9] VGC 2023 Regulation C","log":"|j|\u2606aqawa\n|j|\u2606Spooner240\n|t:|1682340350\n|gametype|doubles\n|player|p1|aqawa|102|1366\n|player|p2|Spooner240|266|1324\n|teamsize|p1|6\n|teamsize|p2|6\n|gen|9\n|tier|[Gen 9] VGC 2023 Regulation C\n|rated|\n|rule|Species Clause: Limit one of each Pok\u00e9mon\n|rule|Item Clause: Limit one of each item\n|clearpoke\n|poke|p1|Annihilape, L50, M|\n|poke|p1|Dragonite, L50, F|\n|poke|p1|Rotom-Wash, L50|\n|poke|p1|Flutter Mane, L50|\n|poke|p1|Corviknight, L50, M|\n|poke|p1|Brute Bonnet, L50|\n|poke|p2|Indeedee-F, L50, F|\n|poke|p2|Torkoal, L50, M|\n|poke|p2|Tyranitar, L50, M|\n|poke|p2|Iron Hands, L50|\n|poke|p2|Hatterene, L50, F|\n|poke|p2|Chi-Yu, L50|\n|teampreview|4\n|inactive|Battle timer is ON: inactive players will automatically lose when time's up. (requested by Spooner240)\n|\n|t:|1682340388\n|start\n|switch|p1a: Flutter Mane|Flutter Mane, L50|100\/100\n|switch|p1b: Corviknight|Corviknight, L50, M|100\/100\n|switch|p2a: Indeedee|Indeedee-F, L50, F|100\/100\n|switch|p2b: Hatterene|Hatterene, L50, F|100\/100\n|-fieldstart|move: Psychic Terrain|[from] ability: Psychic Surge|[of] p2a: Indeedee\n|turn|1\n|\n|t:|1682340409\n|move|p2a: Indeedee|Follow Me|p2a: Indeedee\n|-singleturn|p2a: Indeedee|move: Follow Me\n|move|p1a: Flutter Mane|Dazzling Gleam|p2a: Indeedee|[spread] p2a,p2b\n|-damage|p2a: Indeedee|72\/100\n|-damage|p2b: Hatterene|68\/100\n|move|p1b: Corviknight|Bulk Up|p1b: Corviknight\n|-boost|p1b: Corviknight|atk|1\n|-boost|p1b: Corviknight|def|1\n|move|p2b: Hatterene|Trick Room|p2b: Hatterene\n|-fieldstart|move: Trick Room|[of] p2b: Hatterene\n|\n|upkeep\n|turn|2\n|\n|t:|1682340432\n|move|p1a: Flutter Mane|Protect|p1a: Flutter Mane\n|-singleturn|p1a: Flutter Mane|Protect\n|move|p2a: Indeedee|Follow Me|p2a: Indeedee\n|-singleturn|p2a: Indeedee|move: Follow Me\n|move|p2b: Hatterene|Dazzling Gleam|p1b: Corviknight|[spread] p1b\n|-activate|p1a: Flutter Mane|move: Protect\n|-resisted|p1b: Corviknight\n|-damage|p1b: Corviknight|85\/100\n|-damage|p2b: Hatterene|58\/100|[from] item: Life Orb\n|move|p1b: Corviknight|Iron Head|p2a: Indeedee\n|-crit|p2a: Indeedee\n|-damage|p2a: Indeedee|19\/100\n|\n|-heal|p1b: Corviknight|91\/100|[from] item: Leftovers\n|upkeep\n|turn|3\n|inactive|Spooner240 has 30 seconds left.\n|\n|t:|1682340457\n|move|p2b: Hatterene|Dazzling Gleam|p1a: Flutter Mane|[spread] p1a,p1b\n|-resisted|p1b: Corviknight\n|-damage|p1a: Flutter Mane|52\/100\n|-damage|p1b: Corviknight|74\/100\n|-damage|p2b: Hatterene|48\/100|[from] item: Life Orb\n|move|p2a: Indeedee|Dazzling Gleam|p1b: Corviknight|[spread] p1a,p1b\n|-resisted|p1b: Corviknight\n|-damage|p1a: Flutter Mane|37\/100\n|-damage|p1b: Corviknight|69\/100\n|move|p1b: Corviknight|Bulk Up|p1b: Corviknight\n|-boost|p1b: Corviknight|atk|1\n|-boost|p1b: Corviknight|def|1\n|move|p1a: Flutter Mane|Dazzling Gleam|p2a: Indeedee|[spread] p2a,p2b\n|-damage|p2a: Indeedee|0 fnt\n|-damage|p2b: Hatterene|16\/100\n|faint|p2a: Indeedee\n|\n|-heal|p1b: Corviknight|75\/100|[from] item: Leftovers\n|upkeep\n|\n|t:|1682340472\n|switch|p2a: Torkoal|Torkoal, L50, M|100\/100\n|-weather|SunnyDay|[from] ability: Drought|[of] p2a: Torkoal\n|-activate|p1a: Flutter Mane|ability: Protosynthesis\n|-start|p1a: Flutter Mane|protosynthesisspe\n|turn|4\n|inactive|Spooner240 has 30 seconds left.\n|\n|t:|1682340502\n|-terastallize|p1b: Corviknight|Fire\n|move|p1a: Flutter Mane|Protect|p1a: Flutter Mane\n|-singleturn|p1a: Flutter Mane|Protect\n|move|p2a: Torkoal|Eruption|p1b: Corviknight|[spread] p1b\n|-activate|p1a: Flutter Mane|move: Protect\n|-resisted|p1b: Corviknight\n|-damage|p1b: Corviknight|32\/100\n|move|p2b: Hatterene|Psychic|p1b: Corviknight\n|-damage|p1b: Corviknight|0 fnt\n|faint|p1b: Corviknight\n|-damage|p2b: Hatterene|7\/100|[from] item: Life Orb\n|\n|-weather|SunnyDay|[upkeep]\n|upkeep\n|\n|t:|1682340517\n|switch|p1b: Brute Bonnet|Brute Bonnet, L50|100\/100\n|-activate|p1b: Brute Bonnet|ability: Protosynthesis\n|-start|p1b: Brute Bonnet|protosynthesisatk\n|turn|5\n|\n|t:|1682340529\n|-end|p1a: Flutter Mane|Protosynthesis|[silent]\n|switch|p1a: Annihilape|Annihilape, L50, M|100\/100\n|move|p1b: Brute Bonnet|Protect|p1b: Brute Bonnet\n|-singleturn|p1b: Brute Bonnet|Protect\n|move|p2a: Torkoal|Eruption|p1a: Annihilape|[spread] p1a\n|-activate|p1b: Brute Bonnet|move: Protect\n|-damage|p1a: Annihilape|21\/100\n|move|p2b: Hatterene|Dazzling Gleam|p1a: Annihilape|[spread] p1a\n|-activate|p1b: Brute Bonnet|move: Protect\n|-supereffective|p1a: Annihilape\n|-damage|p1a: Annihilape|0 fnt\n|faint|p1a: Annihilape\n|-damage|p2b: Hatterene|0 fnt|[from] item: Life Orb\n|faint|p2b: Hatterene\n|\n|-weather|SunnyDay|[upkeep]\n|-fieldend|move: Trick Room\n|-fieldend|move: Psychic Terrain\n|upkeep\n|\n|t:|1682340545\n|switch|p1a: Flutter Mane|Flutter Mane, L50|37\/100\n|switch|p2b: Iron Hands|Iron Hands, L50|100\/100\n|-activate|p1a: Flutter Mane|ability: Protosynthesis\n|-start|p1a: Flutter Mane|protosynthesisspe\n|-enditem|p2b: Iron Hands|Booster Energy\n|-activate|p2b: Iron Hands|ability: Quark Drive|[fromitem]\n|-start|p2b: Iron Hands|quarkdriveatk\n|turn|6\n|inactive|aqawa has 30 seconds left.\n|\n|t:|1682340571\n|-terastallize|p2b: Iron Hands|Grass\n|move|p1b: Brute Bonnet|Sucker Punch|p2a: Torkoal\n|-damage|p2a: Torkoal|66\/100\n|move|p1a: Flutter Mane|Dazzling Gleam|p2a: Torkoal|[spread] p2a,p2b\n|-resisted|p2a: Torkoal\n|-damage|p2a: Torkoal|45\/100\n|-damage|p2b: Iron Hands|77\/100\n|move|p2b: Iron Hands|Thunder Punch|p1a: Flutter Mane\n|-damage|p1a: Flutter Mane|0 fnt\n|faint|p1a: Flutter Mane\n|-end|p1a: Flutter Mane|Protosynthesis|[silent]\n|move|p2a: Torkoal|Eruption|p1b: Brute Bonnet\n|-supereffective|p1b: Brute Bonnet\n|-damage|p1b: Brute Bonnet|6\/100\n|-enditem|p1b: Brute Bonnet|Sitrus Berry|[eat]\n|-heal|p1b: Brute Bonnet|31\/100|[from] item: Sitrus Berry\n|\n|-weather|SunnyDay|[upkeep]\n|upkeep\n|turn|7\n|-message|aqawa forfeited.\n|\n|win|Spooner240\n|raw|aqawa's rating: 1366 → 1344<\/strong> (-22 for losing)\n|raw|Spooner240's rating: 1324 → 1346<\/strong> (+22 for winning)\n|l|\u2606aqawa\n","uploadtime":1682340828,"views":20,"p1id":"aqawa","p2id":"spooner240","formatid":"gen9vgc2023regulationc","rating":1344,"private":0,"password":""}