{"id":"gen9vgc2023regulationc-1857275061","p1":"JumboJoshVGC","p2":"Kb019","format":"[Gen 9] VGC 2023 Regulation C","log":"|j|\u2606JumboJoshVGC\n|j|\u2606Kb019\n|t:|1683166538\n|gametype|doubles\n|player|p1|JumboJoshVGC|colress|1522\n|player|p2|Kb019|102|1485\n|teamsize|p1|6\n|teamsize|p2|6\n|gen|9\n|tier|[Gen 9] VGC 2023 Regulation C\n|rated|\n|rule|Species Clause: Limit one of each Pok\u00e9mon\n|rule|Item Clause: Limit one of each item\n|clearpoke\n|poke|p1|Tyranitar, L50, F|\n|poke|p1|Houndstone, L50, M|\n|poke|p1|Garchomp, L50, M|\n|poke|p1|Flutter Mane, L50|\n|poke|p1|Gyarados, L50, F|\n|poke|p1|Amoonguss, L50, F|\n|poke|p2|Pincurchin, L50, M|\n|poke|p2|Iron Moth, L50|\n|poke|p2|Iron Jugulis, L50|\n|poke|p2|Iron Treads, L50|\n|poke|p2|Iron Hands, L50|\n|poke|p2|Rotom-Mow, L50|\n|teampreview|4\n|\n|t:|1683166576\n|start\n|switch|p1a: Garchomp|Garchomp, L50, M|100\/100\n|switch|p1b: Flutter Mane|Flutter Mane, L50|100\/100\n|switch|p2a: Iron Moth|Iron Moth, L50|100\/100\n|switch|p2b: Pincurchin|Pincurchin, L50, M|100\/100\n|-fieldstart|move: Electric Terrain|[from] ability: Electric Surge|[of] p2b: Pincurchin\n|-activate|p2a: Iron Moth|ability: Quark Drive\n|-start|p2a: Iron Moth|quarkdrivespe\n|turn|1\n|\n|t:|1683166602\n|-terastallize|p2a: Iron Moth|Grass\n|move|p2b: Pincurchin|Sucker Punch|p1a: Garchomp\n|-damage|p1a: Garchomp|78\/100\n|move|p2a: Iron Moth|Energy Ball|p1a: Garchomp\n|-damage|p1a: Garchomp|8\/100\n|move|p1b: Flutter Mane|Shadow Ball|p2a: Iron Moth\n|-damage|p2a: Iron Moth|33\/100\n|move|p1a: Garchomp|Rock Slide|p2a: Iron Moth|[spread] p2a,p2b\n|-damage|p2a: Iron Moth|4\/100\n|-damage|p2b: Pincurchin|79\/100\n|\n|upkeep\n|turn|2\n|\n|t:|1683166619\n|-end|p1b: Flutter Mane|Protosynthesis|[silent]\n|switch|p1b: Tyranitar|Tyranitar, L50, F|100\/100\n|-weather|Sandstorm|[from] ability: Sand Stream|[of] p1b: Tyranitar\n|move|p1a: Garchomp|Protect|p1a: Garchomp\n|-singleturn|p1a: Garchomp|Protect\n|move|p2b: Pincurchin|Sucker Punch||[still]\n|-fail|p2b: Pincurchin\n|move|p2a: Iron Moth|Energy Ball|p1b: Tyranitar\n|-supereffective|p1b: Tyranitar\n|-damage|p1b: Tyranitar|48\/100\n|\n|-weather|Sandstorm|[upkeep]\n|-damage|p2a: Iron Moth|0 fnt|[from] Sandstorm\n|-damage|p2b: Pincurchin|73\/100|[from] Sandstorm\n|faint|p2a: Iron Moth\n|-end|p2a: Iron Moth|Quark Drive|[silent]\n|upkeep\n|\n|t:|1683166634\n|switch|p2a: Iron Treads|Iron Treads, L50|100\/100\n|-activate|p2a: Iron Treads|ability: Quark Drive\n|-start|p2a: Iron Treads|quarkdrivespe\n|turn|3\n|\n|t:|1683166645\n|switch|p1b: Gyarados|Gyarados, L50, F|100\/100\n|-ability|p1b: Gyarados|Intimidate|boost\n|-unboost|p2a: Iron Treads|atk|1\n|-unboost|p2b: Pincurchin|atk|1\n|move|p2b: Pincurchin|Sucker Punch|p1a: Garchomp\n|-damage|p1a: Garchomp|0 fnt\n|faint|p1a: Garchomp\n|move|p2a: Iron Treads|Wild Charge|p1b: Gyarados\n|-supereffective|p1b: Gyarados\n|-crit|p1b: Gyarados\n|-damage|p1b: Gyarados|0 fnt\n|faint|p1b: Gyarados\n|-damage|p2a: Iron Treads|75\/100|[from] Recoil\n|\n|-weather|Sandstorm|[upkeep]\n|-damage|p2b: Pincurchin|67\/100|[from] Sandstorm\n|upkeep\n|\n|t:|1683166656\n|switch|p1a: Flutter Mane|Flutter Mane, L50|100\/100\n|switch|p1b: Tyranitar|Tyranitar, L50, F|48\/100\n|turn|4\n|\n|t:|1683166681\n|-terastallize|p1b: Tyranitar|Flying\n|move|p2a: Iron Treads|Heavy Slam|p1a: Flutter Mane\n|-supereffective|p1a: Flutter Mane\n|-damage|p1a: Flutter Mane|2\/100\n|move|p1a: Flutter Mane|Shadow Ball|p2b: Pincurchin\n|-damage|p2b: Pincurchin|0 fnt\n|faint|p2b: Pincurchin\n|move|p1b: Tyranitar|Low Kick|p2a: Iron Treads\n|-supereffective|p2a: Iron Treads\n|-damage|p2a: Iron Treads|0 fnt\n|faint|p2a: Iron Treads\n|-end|p2a: Iron Treads|Quark Drive|[silent]\n|\n|-weather|Sandstorm|[upkeep]\n|-damage|p1a: Flutter Mane|0 fnt|[from] Sandstorm\n|-damage|p1b: Tyranitar|43\/100|[from] Sandstorm\n|faint|p1a: Flutter Mane\n|-end|p1a: Flutter Mane|Protosynthesis|[silent]\n|upkeep\n|\n|t:|1683166697\n|switch|p2b: Iron Hands|Iron Hands, L50|100\/100\n|-activate|p2b: Iron Hands|ability: Quark Drive\n|-start|p2b: Iron Hands|quarkdrivedef\n|turn|5\n|\n|t:|1683166704\n|move|p1b: Tyranitar|Rock Slide|p2b: Iron Hands\n|-resisted|p2b: Iron Hands\n|-damage|p2b: Iron Hands|90\/100\n|move|p2b: Iron Hands|Thunder Punch|p1b: Tyranitar\n|-supereffective|p1b: Tyranitar\n|-damage|p1b: Tyranitar|0 fnt\n|faint|p1b: Tyranitar\n|\n|win|Kb019\n|raw|JumboJoshVGC's rating: 1522 → 1500<\/strong> (-22 for losing)\n|raw|Kb019's rating: 1485 → 1507<\/strong> (+22 for winning)\n|l|\u2606JumboJoshVGC\n|l|\u2606Kb019\n","uploadtime":1683166714,"views":10,"p1id":"jumbojoshvgc","p2id":"kb019","formatid":"gen9vgc2023regulationc","rating":1500,"private":0,"password":""}