{"id":"gen9vgc2023regulationc-1856633883","p1":"marioman6444","p2":"Reegon23","format":"[Gen 9] VGC 2023 Regulation C","log":"|j|\u2606marioman6444\n|j|\u2606Reegon23\n|t:|1683085499\n|gametype|doubles\n|player|p1|marioman6444|hoopster|1190\n|player|p2|Reegon23|169|1125\n|teamsize|p1|6\n|teamsize|p2|6\n|gen|9\n|tier|[Gen 9] VGC 2023 Regulation C\n|rated|\n|rule|Species Clause: Limit one of each Pok\u00e9mon\n|rule|Item Clause: Limit one of each item\n|clearpoke\n|poke|p1|Revavroom, L50, F|\n|poke|p1|Maushold, L50|\n|poke|p1|Tsareena, L50, F|\n|poke|p1|Flutter Mane, L50|\n|poke|p1|Torkoal, L50, F|\n|poke|p1|Iron Bundle, L50|\n|poke|p2|Kingambit, L50, F|\n|poke|p2|Rotom-Frost, L50|\n|poke|p2|Abomasnow, L50, F|\n|poke|p2|Iron Bundle, L50|\n|poke|p2|Roaring Moon, L50|\n|poke|p2|Iron Valiant, L50|\n|teampreview|4\n|inactive|Battle timer is ON: inactive players will automatically lose when time's up. (requested by marioman6444)\n|\n|t:|1683085530\n|start\n|switch|p1a: Revavroom|Revavroom, L50, F|100\/100\n|switch|p1b: THE RATS|Maushold, L50, shiny|100\/100\n|switch|p2a: Abomasnow|Abomasnow, L50, F|100\/100\n|switch|p2b: Rotom|Rotom-Frost, L50|100\/100\n|-weather|Snow|[from] ability: Snow Warning|[of] p2a: Abomasnow\n|turn|1\n|\n|t:|1683085545\n|switch|p1b: Torkoal|Torkoal, L50, F|100\/100\n|-weather|SunnyDay|[from] ability: Drought|[of] p1b: Torkoal\n|-terastallize|p2b: Rotom|Electric\n|move|p1a: Revavroom|Shift Gear|p1a: Revavroom\n|-boost|p1a: Revavroom|spe|2\n|-boost|p1a: Revavroom|atk|1\n|move|p2b: Rotom|Volt Switch|p1b: Torkoal\n|-damage|p1b: Torkoal|9\/100\n|-enditem|p1b: Torkoal|Eject Button\n|inactive|marioman6444 has 30 seconds left.\n|inactive|marioman6444 has 20 seconds left.\n|\n|t:|1683085582\n|switch|p1b: YOU'RE QUEEN|Tsareena, L50, F, shiny|100\/100\n|move|p2a: Abomasnow|Aurora Veil||[still]\n|-fail|p2a: Abomasnow\n|\n|-weather|SunnyDay|[upkeep]\n|upkeep\n|turn|2\n|inactive|marioman6444 has 30 seconds left.\n|\n|t:|1683085609\n|-terastallize|p1b: YOU'RE QUEEN|Fire\n|move|p1a: Revavroom|Shift Gear|p1a: Revavroom\n|-boost|p1a: Revavroom|spe|2\n|-boost|p1a: Revavroom|atk|1\n|move|p2b: Rotom|Volt Switch|p1a: Revavroom\n|-damage|p1a: Revavroom|23\/100\n|\n|t:|1683085618\n|switch|p2b: Kingambit|Kingambit, L50, F|100\/100|[from] Volt Switch\n|move|p1b: YOU'RE QUEEN|High Jump Kick|p2b: Kingambit\n|-supereffective|p2b: Kingambit\n|-enditem|p2b: Kingambit|Chople Berry|[eat]\n|-enditem|p2b: Kingambit|Chople Berry|[weaken]\n|-damage|p2b: Kingambit|29\/100\n|move|p2a: Abomasnow|Icy Wind|p1b: YOU'RE QUEEN|[spread] p1a,p1b\n|-resisted|p1a: Revavroom\n|-resisted|p1b: YOU'RE QUEEN\n|-damage|p1a: Revavroom|14\/100\n|-damage|p1b: YOU'RE QUEEN|95\/100\n|-unboost|p1b: YOU'RE QUEEN|spe|1\n|\n|-weather|SunnyDay|[upkeep]\n|upkeep\n|turn|3\n|inactive|Reegon23 has 30 seconds left.\n|\n|t:|1683085648\n|switch|p2a: Iron Bundle|Iron Bundle, L50|100\/100\n|move|p2b: Kingambit|Sucker Punch||[still]\n|cant|p1b: YOU'RE QUEEN|ability: Queenly Majesty|Sucker Punch|[of] p2b: Kingambit\n|move|p1a: Revavroom|Iron Head|p2a: Iron Bundle\n|-damage|p2a: Iron Bundle|18\/100\n|move|p1b: YOU'RE QUEEN|Tera Blast|p2b: Kingambit\n|-supereffective|p2b: Kingambit\n|-damage|p2b: Kingambit|0 fnt\n|faint|p2b: Kingambit\n|\n|-weather|SunnyDay|[upkeep]\n|upkeep\n|\n|t:|1683085657\n|switch|p2b: Abomasnow|Abomasnow, L50, F|100\/100\n|-weather|Snow|[from] ability: Snow Warning|[of] p2b: Abomasnow\n|turn|4\n|\n|t:|1683085680\n|move|p1a: Revavroom|Iron Head|p2a: Iron Bundle\n|-damage|p2a: Iron Bundle|0 fnt\n|faint|p2a: Iron Bundle\n|-end|p2a: Iron Bundle|Quark Drive|[silent]\n|move|p2b: Abomasnow|Aurora Veil|p2b: Abomasnow\n|-sidestart|p2: Reegon23|move: Aurora Veil\n|move|p1b: YOU'RE QUEEN|High Jump Kick|p2b: Abomasnow\n|-supereffective|p2b: Abomasnow\n|-damage|p2b: Abomasnow|54\/100\n|\n|-weather|Snow|[upkeep]\n|upkeep\n|\n|t:|1683085697\n|switch|p2a: Rotom|Rotom-Frost, L50, tera:Electric|100\/100\n|turn|5\n|\n|t:|1683085716\n|switch|p1b: Torkoal|Torkoal, L50, F|9\/100\n|-weather|SunnyDay|[from] ability: Drought|[of] p1b: Torkoal\n|move|p1a: Revavroom|Iron Head|p2a: Rotom\n|-resisted|p2a: Rotom\n|-damage|p2a: Rotom|71\/100\n|cant|p2a: Rotom|flinch\n|move|p2b: Abomasnow|Blizzard|p1b: Torkoal|[spread] p1a\n|-miss|p2b: Abomasnow|p1b: Torkoal\n|-resisted|p1a: Revavroom\n|-damage|p1a: Revavroom|0 fnt\n|faint|p1a: Revavroom\n|\n|-weather|SunnyDay|[upkeep]\n|upkeep\n|\n|t:|1683085728\n|switch|p1a: YOU'RE QUEEN|Tsareena, L50, F, shiny, tera:Fire|95\/100\n|turn|6\n|\n|t:|1683085737\n|move|p1b: Torkoal|Protect|p1b: Torkoal\n|-singleturn|p1b: Torkoal|Protect\n|move|p2a: Rotom|Thunderbolt|p1a: YOU'RE QUEEN\n|-damage|p1a: YOU'RE QUEEN|36\/100\n|move|p1a: YOU'RE QUEEN|Tera Blast|p2b: Abomasnow\n|-supereffective|p2b: Abomasnow\n|-damage|p2b: Abomasnow|0 fnt\n|faint|p2b: Abomasnow\n|\n|-weather|SunnyDay|[upkeep]\n|upkeep\n|turn|7\n|\n|t:|1683085758\n|move|p2a: Rotom|Thunderbolt|p1a: YOU'RE QUEEN\n|-damage|p1a: YOU'RE QUEEN|0 fnt\n|faint|p1a: YOU'RE QUEEN\n|move|p1b: Torkoal|Overheat|p2a: Rotom\n|-damage|p2a: Rotom|0 fnt\n|-unboost|p1b: Torkoal|spa|2\n|faint|p2a: Rotom\n|\n|win|marioman6444\n|raw|marioman6444's rating: 1190 → 1210<\/strong> (+20 for winning)\n|raw|Reegon23's rating: 1125 → 1105<\/strong> (-20 for losing)\n|l|\u2606Reegon23\n|c|\u2606marioman6444|Gg\n","uploadtime":1683085766,"views":6,"p1id":"marioman6444","p2id":"reegon23","formatid":"gen9vgc2023regulationc","rating":1105,"private":0,"password":""}