{"id":"gen9vgc2023regulationc-1857148557","p1":"BBRAFF","p2":"Richweav13","format":"[Gen 9] VGC 2023 Regulation C","log":"|j|\u2606BBRAFF\n|j|\u2606Richweav13\n|t:|1683150926\n|gametype|doubles\n|player|p1|BBRAFF|cyclist|\n|player|p2|Richweav13|266|\n|teamsize|p1|6\n|teamsize|p2|6\n|gen|9\n|tier|[Gen 9] VGC 2023 Regulation C\n|rule|Species Clause: Limit one of each Pok\u00e9mon\n|rule|Item Clause: Limit one of each item\n|clearpoke\n|poke|p1|Maushold, L50|\n|poke|p1|Raichu, L50, F|\n|poke|p1|Skeledirge, L50, M|\n|poke|p1|Iron Valiant, L50|\n|poke|p1|Appletun, L50, M|\n|poke|p1|Gyarados, L50, F|\n|poke|p2|Sandy Shocks, L50|\n|poke|p2|Torkoal, L50, F|\n|poke|p2|Lilligant, L50, F|\n|poke|p2|Oranguru, L50, F|\n|poke|p2|Espathra, L50, M|\n|poke|p2|Haxorus, L50, M|\n|teampreview|4\n|c|\u2606Richweav13|g1\n|c|\u2606BBRAFF|can I send live links?\nBBRAFF rejected open team sheets.\n|c|\u2606Richweav13|sure\n|\n|t:|1683151067\n|start\n|switch|p1a: Remy + Fam|Maushold, L50|100\/100\n|switch|p1b: Alita|Iron Valiant, L50|100\/100\n|switch|p2a: Espathra|Espathra, L50, M|100\/100\n|switch|p2b: Sandy Shocks|Sandy Shocks, L50|100\/100\n|-enditem|p2b: Sandy Shocks|Booster Energy\n|-activate|p2b: Sandy Shocks|ability: Protosynthesis|[fromitem]\n|-start|p2b: Sandy Shocks|protosynthesisspe\n|turn|1\n|j| thejordanvgc\n|\n|t:|1683151111\n|move|p2b: Sandy Shocks|Discharge|p1b: Alita|[spread] p2a,p1a,p1b\n|-damage|p2a: Espathra|59\/100\n|-damage|p1a: Remy + Fam|75\/100\n|-damage|p1b: Alita|70\/100\n|-status|p1a: Remy + Fam|par\n|move|p1b: Alita|Taunt|p2a: Espathra\n|-start|p2a: Espathra|move: Taunt\n|move|p2a: Espathra|Shadow Ball|p1b: Alita\n|-damage|p1b: Alita|37\/100\n|-enditem|p1b: Alita|Sitrus Berry|[eat]\n|-heal|p1b: Alita|62\/100|[from] item: Sitrus Berry\n|move|p1a: Remy + Fam|Population Bomb|p2b: Sandy Shocks\n|-damage|p2b: Sandy Shocks|92\/100\n|-damage|p2b: Sandy Shocks|84\/100\n|-damage|p2b: Sandy Shocks|76\/100\n|-damage|p2b: Sandy Shocks|68\/100\n|-damage|p2b: Sandy Shocks|60\/100\n|-hitcount|p2b: Sandy Shocks|5\n|\n|-ability|p2a: Espathra|Speed Boost|boost\n|-boost|p2a: Espathra|spe|1\n|upkeep\n|turn|2\n|j| Heaven64\n|\n|t:|1683151146\n|move|p1a: Remy + Fam|Follow Me|p1a: Remy + Fam\n|-singleturn|p1a: Remy + Fam|move: Follow Me\n|move|p2b: Sandy Shocks|Earth Power|p1a: Remy + Fam\n|-damage|p1a: Remy + Fam|34\/100 par\n|move|p2a: Espathra|Shadow Ball|p1a: Remy + Fam\n|-immune|p1a: Remy + Fam\n|move|p1b: Alita|Drain Punch|p2b: Sandy Shocks\n|-damage|p2b: Sandy Shocks|19\/100\n|-heal|p1b: Alita|82\/100|[from] drain|[of] p2b: Sandy Shocks\n|\n|-ability|p2a: Espathra|Speed Boost|boost\n|-boost|p2a: Espathra|spe|1\n|upkeep\n|turn|3\n|j| PurpleStyle\n|\n|t:|1683151190\n|move|p1a: Remy + Fam|Protect|p1a: Remy + Fam\n|-singleturn|p1a: Remy + Fam|Protect\n|move|p2a: Espathra|Dazzling Gleam|p1a: Remy + Fam|[spread] p1b\n|-activate|p1a: Remy + Fam|move: Protect\n|-supereffective|p1b: Alita\n|-damage|p1b: Alita|40\/100\n|move|p2b: Sandy Shocks|Earth Power|p1b: Alita\n|-damage|p1b: Alita|0 fnt\n|faint|p1b: Alita\n|-end|p1b: Alita|Quark Drive|[silent]\n|\n|-end|p2a: Espathra|move: Taunt\n|-ability|p2a: Espathra|Speed Boost|boost\n|-boost|p2a: Espathra|spe|1\n|upkeep\n|\n|t:|1683151209\n|switch|p1b: Festus|Skeledirge, L50, M|100\/100\n|turn|4\n|\n|t:|1683151245\n|move|p1a: Remy + Fam|Protect||[still]\n|-fail|p1a: Remy + Fam\n|move|p2a: Espathra|Dazzling Gleam|p1a: Remy + Fam|[spread] p1a,p1b\n|-resisted|p1b: Festus\n|-damage|p1a: Remy + Fam|14\/100 par\n|-damage|p1b: Festus|93\/100\n|move|p2b: Sandy Shocks|Earth Power|p1b: Festus\n|-supereffective|p1b: Festus\n|-crit|p1b: Festus\n|-damage|p1b: Festus|3\/100\n|move|p1b: Festus|Snarl|p2b: Sandy Shocks|[spread] p2a,p2b\n|-supereffective|p2a: Espathra\n|-damage|p2a: Espathra|12\/100\n|-damage|p2b: Sandy Shocks|0 fnt\n|faint|p2b: Sandy Shocks\n|-end|p2b: Sandy Shocks|Protosynthesis|[silent]\n|-enditem|p1b: Festus|Throat Spray\n|-boost|p1b: Festus|spa|1|[from] item: Throat Spray\n|\n|-ability|p2a: Espathra|Speed Boost|boost\n|-boost|p2a: Espathra|spe|1\n|upkeep\n|\n|t:|1683151263\n|switch|p2b: Haxorus|Haxorus, L50, M|100\/100\n|-ability|p2b: Haxorus|Mold Breaker\n|turn|5\n|\n|t:|1683151276\n|move|p2a: Espathra|Dazzling Gleam|p1b: Festus|[spread] p1a,p1b\n|-resisted|p1b: Festus\n|-damage|p1a: Remy + Fam|0 fnt\n|-damage|p1b: Festus|0 fnt\n|faint|p1a: Remy + Fam\n|faint|p1b: Festus\n|move|p2b: Haxorus|Night Slash|p1: Remy + Fam|[notarget]\n|-fail|p2b: Haxorus\n|\n|-ability|p2a: Espathra|Speed Boost|boost\n|-boost|p2a: Espathra|spe|1\n|upkeep\n|\n|t:|1683151280\n|switch|p1b: Toby|Appletun, L50, M|100\/100\n|turn|6\n|\n|t:|1683151296\n|-terastallize|p1b: Toby|Grass\n|move|p2a: Espathra|Lumina Crash|p1b: Toby\n|-damage|p1b: Toby|70\/100\n|-unboost|p1b: Toby|spd|2\n|move|p2b: Haxorus|Dragon Claw|p1b: Toby\n|-damage|p1b: Toby|28\/100\n|move|p1b: Toby|Dragon Pulse|p2b: Haxorus\n|-supereffective|p2b: Haxorus\n|-damage|p2b: Haxorus|0 fnt\n|faint|p2b: Haxorus\n|\n|-ability|p2a: Espathra|Speed Boost|boost\n|-boost|p2a: Espathra|spe|1\n|upkeep\n|\n|t:|1683151308\n|switch|p2b: Torkoal|Torkoal, L50, F|100\/100\n|-weather|SunnyDay|[from] ability: Drought|[of] p2b: Torkoal\n|turn|7\n|\n|t:|1683151317\n|move|p2a: Espathra|Lumina Crash|p1b: Toby\n|-damage|p1b: Toby|0 fnt\n|faint|p1b: Toby\n|\n|win|Richweav13\n|c|\u2606BBRAFF|gg\n|l| thejordanvgc\n|c|\u2606Richweav13|gg\n|l| Heaven64\n|l| PurpleStyle\n|l|\u2606BBRAFF\n","uploadtime":1683151841,"views":34,"p1id":"bbraff","p2id":"richweav13","formatid":"gen9vgc2023regulationc","rating":0,"private":0,"password":""}