{"id":"gen9vgc2023regulationc-1852646085","p1":"SlifVGC","p2":"gEBEMBA","format":"[Gen 9] VGC 2023 Regulation C","log":"|j|\u2606SlifVGC\n|j|\u2606gEBEMBA\n|t:|1682590578\n|gametype|doubles\n|player|p1|SlifVGC|169|\n|player|p2|gEBEMBA|266|\n|teamsize|p1|6\n|teamsize|p2|6\n|gen|9\n|tier|[Gen 9] VGC 2023 Regulation C\n|rule|Species Clause: Limit one of each Pok\u00e9mon\n|rule|Item Clause: Limit one of each item\n|clearpoke\n|poke|p1|Annihilape, L50, M|\n|poke|p1|Chien-Pao, L50|\n|poke|p1|Flutter Mane, L50|\n|poke|p1|Arcanine, L50, M|\n|poke|p1|Palafin, L50, F|\n|poke|p1|Amoonguss, L50, F|\n|poke|p2|Iron Moth, L50|\n|poke|p2|Talonflame, L50, F|\n|poke|p2|Flutter Mane, L50|\n|poke|p2|Kingambit, L50, M|\n|poke|p2|Luxray, L50, M|\n|poke|p2|Ting-Lu, L50|\n|teampreview|4\nSlifVGC has agreed to open team sheets.\ngEBEMBA has agreed to open team sheets.\n|inactive|Battle timer is ON: inactive players will automatically lose when time's up. (requested by gEBEMBA)\n|inactiveoff|Battle timer is now OFF.\n|\n|t:|1682590642\n|start\n|switch|p1a: Winton|Annihilape, L50, M, shiny|100\/100\n|switch|p1b: Badder Gril|Palafin, L50, F, shiny|100\/100\n|switch|p2a: Ting-Lu|Ting-Lu, L50|100\/100\n|switch|p2b: Luxray|Luxray, L50, M, shiny|100\/100\n|-ability|p2b: Luxray|Intimidate|boost\n|-unboost|p1a: Winton|atk|1\n|-ability|p1a: Winton|Defiant|boost\n|-boost|p1a: Winton|atk|2\n|-unboost|p1b: Badder Gril|atk|1\n|-ability|p2a: Ting-Lu|Vessel of Ruin\n|turn|1\n|\n|t:|1682590668\n|detailschange|p1b: Badder Gril|Palafin-Hero, L50, F, shiny\n|switch|p1b: Goodest Boi|Arcanine, L50, M, shiny|100\/100\n|-ability|p1b: Goodest Boi|Intimidate|boost\n|-unboost|p2a: Ting-Lu|atk|1\n|-unboost|p2b: Luxray|atk|1\n|move|p1a: Winton|Drain Punch|p2a: Ting-Lu\n|-supereffective|p2a: Ting-Lu\n|-damage|p2a: Ting-Lu|52\/100\n|move|p2b: Luxray|Volt Switch|p1b: Goodest Boi\n|-damage|p1b: Goodest Boi|86\/100\n|\n|t:|1682590681\n|switch|p2b: Kingambit|Kingambit, L50, M|100\/100|[from] Volt Switch\n|move|p2a: Ting-Lu|Fissure|p1a: Winton|[miss]\n|-miss|p2a: Ting-Lu|p1a: Winton\n|\n|upkeep\n|turn|2\n|\n|t:|1682590707\n|move|p1b: Goodest Boi|Howl|p1b: Goodest Boi|[spread] p1a,p1b\n|-boost|p1a: Winton|atk|1\n|-boost|p1b: Goodest Boi|atk|1\n|move|p1a: Winton|Drain Punch|p2a: Ting-Lu\n|-supereffective|p2a: Ting-Lu\n|-damage|p2a: Ting-Lu|0 fnt\n|faint|p2a: Ting-Lu\n|move|p2b: Kingambit|Kowtow Cleave|p1a: Winton\n|-damage|p1a: Winton|38\/100\n|\n|upkeep\n|\n|t:|1682590718\n|switch|p2a: Luxray|Luxray, L50, M, shiny|100\/100\n|-ability|p2a: Luxray|Intimidate|boost\n|-unboost|p1a: Winton|atk|1\n|-ability|p1a: Winton|Defiant|boost\n|-boost|p1a: Winton|atk|2\n|-unboost|p1b: Goodest Boi|atk|1\n|turn|3\n|\n|t:|1682590730\n|-terastallize|p2b: Kingambit|Fire\n|move|p2b: Kingambit|Sucker Punch|p1a: Winton\n|-damage|p1a: Winton|0 fnt\n|faint|p1a: Winton\n|move|p1b: Goodest Boi|Howl|p1b: Goodest Boi\n|-boost|p1b: Goodest Boi|atk|1\n|move|p2a: Luxray|Volt Switch|p1b: Goodest Boi\n|-damage|p1b: Goodest Boi|65\/100\n|\n|t:|1682590735\n|switch|p2a: Iron Moth|Iron Moth, L50|100\/100|[from] Volt Switch\n|-enditem|p2a: Iron Moth|Booster Energy\n|-activate|p2a: Iron Moth|ability: Quark Drive|[fromitem]\n|-start|p2a: Iron Moth|quarkdrivespa\n|\n|upkeep\n|\n|t:|1682590745\n|switch|p1a: Badder Gril|Palafin-Hero, L50, F, shiny|100\/100\n|-activate|p1a: Badder Gril|ability: Zero to Hero\n|turn|4\n|\n|t:|1682590775\n|move|p1a: Badder Gril|Jet Punch|p2a: Iron Moth\n|-supereffective|p2a: Iron Moth\n|-damage|p2a: Iron Moth|0 fnt\n|faint|p2a: Iron Moth\n|-end|p2a: Iron Moth|Quark Drive|[silent]\n|move|p1b: Goodest Boi|Howl|p1b: Goodest Boi|[spread] p1a,p1b\n|-boost|p1a: Badder Gril|atk|1\n|-boost|p1b: Goodest Boi|atk|1\n|move|p2b: Kingambit|Kowtow Cleave|p1b: Goodest Boi\n|-damage|p1b: Goodest Boi|6\/100\n|\n|upkeep\n|\n|t:|1682590781\n|switch|p2a: Luxray|Luxray, L50, M, shiny|100\/100\n|-ability|p2a: Luxray|Intimidate|boost\n|-unboost|p1a: Badder Gril|atk|1\n|-unboost|p1b: Goodest Boi|atk|1\n|turn|5\n|\n|t:|1682590818\n|move|p1a: Badder Gril|Protect|p1a: Badder Gril\n|-singleturn|p1a: Badder Gril|Protect\n|move|p2b: Kingambit|Protect|p2b: Kingambit\n|-singleturn|p2b: Kingambit|Protect\n|move|p1b: Goodest Boi|Extreme Speed|p2a: Luxray\n|-damage|p2a: Luxray|66\/100\n|move|p2a: Luxray|Discharge|p1a: Badder Gril|[spread] p1b\n|-activate|p2b: Kingambit|move: Protect\n|-activate|p1a: Badder Gril|move: Protect\n|-damage|p1b: Goodest Boi|0 fnt\n|faint|p1b: Goodest Boi\n|\n|upkeep\n|\n|t:|1682590833\n|switch|p1b: POLLEN PUFF|Amoonguss, L50, F, shiny|100\/100\n|turn|6\n|\n|t:|1682590849\n|-terastallize|p1a: Badder Gril|Water\n|move|p2b: Kingambit|Sucker Punch|p1a: Badder Gril\n|-damage|p1a: Badder Gril|57\/100\n|move|p1a: Badder Gril|Wave Crash|p2b: Kingambit\n|-supereffective|p2b: Kingambit\n|-damage|p2b: Kingambit|0 fnt\n|faint|p2b: Kingambit\n|-damage|p1a: Badder Gril|24\/100|[from] Recoil\n|move|p2a: Luxray|Volt Switch|p1b: POLLEN PUFF\n|-resisted|p1b: POLLEN PUFF\n|-damage|p1b: POLLEN PUFF|90\/100\n|move|p1b: POLLEN PUFF|Pollen Puff|p1a: Badder Gril\n|-heal|p1a: Badder Gril|74\/100\n|\n|upkeep\n|turn|7\n|\n|t:|1682590872\n|move|p1b: POLLEN PUFF|Rage Powder|p1b: POLLEN PUFF\n|-singleturn|p1b: POLLEN PUFF|move: Rage Powder\n|move|p1a: Badder Gril|Jet Punch|p2a: Luxray\n|-crit|p2a: Luxray\n|-damage|p2a: Luxray|0 fnt\n|faint|p2a: Luxray\n|\n|win|SlifVGC\n","uploadtime":1682590884,"views":7,"p1id":"slifvgc","p2id":"gebemba","formatid":"gen9vgc2023regulationc","rating":0,"private":0,"password":""}