{"id":"gen9vgc2023regulationc-1858923232","p1":"Tomatosaurs","p2":"S4mm3h","format":"[Gen 9] VGC 2023 Regulation C","log":"|j|\u2606Tomatosaurs\n|j|\u2606S4mm3h\n|t:|1683383900\n|gametype|doubles\n|player|p1|Tomatosaurs|larry|\n|player|p2|S4mm3h|265|\n|teamsize|p1|6\n|teamsize|p2|6\n|gen|9\n|tier|[Gen 9] VGC 2023 Regulation C\n|rule|Species Clause: Limit one of each Pok\u00e9mon\n|rule|Item Clause: Limit one of each item\n|clearpoke\n|poke|p1|Great Tusk, L50|\n|poke|p1|Kingambit, L50, M|\n|poke|p1|Dragonite, L50, M|\n|poke|p1|Torkoal, L50, F|\n|poke|p1|Iron Jugulis, L50|\n|poke|p1|Lilligant, L50, F|\n|poke|p2|Oranguru, L50, M|\n|poke|p2|Indeedee-F, L50, F|\n|poke|p2|Coalossal, L50, F|\n|poke|p2|Gholdengo, L50|\n|poke|p2|Chien-Pao, L50|\n|poke|p2|Toedscruel, L50, M|\n|teampreview|4\n|j| GoldDoh\n|j| Quikwix\n|\n|t:|1683383954\n|start\n|switch|p1a: Torkoal|Torkoal, L50, F|100\/100\n|switch|p1b: Lilligant|Lilligant, L50, F|100\/100\n|switch|p2a: Oranguru|Oranguru, L50, M|100\/100\n|switch|p2b: Coalossal|Coalossal, L50, F|100\/100\n|-weather|SunnyDay|[from] ability: Drought|[of] p1a: Torkoal\n|turn|1\n|\n|t:|1683384048\n|move|p1b: Lilligant|After You|p1a: Torkoal\n|-activate|p1a: Torkoal|move: After You\n|move|p1a: Torkoal|Earth Power|p2b: Coalossal\n|-supereffective|p2b: Coalossal\n|-damage|p2b: Coalossal|41\/100\n|move|p2a: Oranguru|Taunt|p1b: Lilligant\n|-start|p1b: Lilligant|move: Taunt\n|move|p2b: Coalossal|Earthquake|p1b: Lilligant|[spread] p1a,p1b\n|-activate|p2a: Oranguru|ability: Telepathy\n|-supereffective|p1a: Torkoal\n|-resisted|p1b: Lilligant\n|-damage|p1a: Torkoal|71\/100\n|-damage|p1b: Lilligant|85\/100\n|\n|-weather|SunnyDay|[upkeep]\n|upkeep\n|turn|2\n|\n|t:|1683384111\n|-terastallize|p2b: Coalossal|Water\n|move|p1b: Lilligant|Leaf Storm|p2a: Oranguru|[miss]\n|-miss|p1b: Lilligant|p2a: Oranguru\n|move|p1a: Torkoal|Earth Power|p2b: Coalossal\n|-damage|p2b: Coalossal|25\/100\n|move|p2b: Coalossal|Tera Blast|p1a: Torkoal\n|-supereffective|p1a: Torkoal\n|-damage|p1a: Torkoal|47\/100\n|move|p2a: Oranguru|Trick Room|p2a: Oranguru\n|-fieldstart|move: Trick Room|[of] p2a: Oranguru\n|\n|-weather|SunnyDay|[upkeep]\n|upkeep\n|turn|3\n|\n|t:|1683384156\n|move|p1a: Torkoal|Protect|p1a: Torkoal\n|-singleturn|p1a: Torkoal|Protect\n|move|p2b: Coalossal|Tera Blast|p1a: Torkoal\n|-activate|p1a: Torkoal|move: Protect\n|move|p2a: Oranguru|Instruct|p1a: Torkoal\n|-activate|p1a: Torkoal|move: Protect\n|move|p1b: Lilligant|Leaf Storm|p2b: Coalossal|[miss]\n|-miss|p1b: Lilligant|p2b: Coalossal\n|\n|-weather|SunnyDay|[upkeep]\n|upkeep\n|turn|4\n|\n|t:|1683384192\n|switch|p1a: Dragonite|Dragonite, L50, M|100\/100\n|move|p2b: Coalossal|Tera Blast|p1a: Dragonite\n|-resisted|p1a: Dragonite\n|-damage|p1a: Dragonite|96\/100\n|move|p2a: Oranguru|Instruct||[still]\n|-fail|p2a: Oranguru\n|move|p1b: Lilligant|Leaf Storm|p2b: Coalossal\n|-supereffective|p2b: Coalossal\n|-damage|p2b: Coalossal|0 fnt\n|-unboost|p1b: Lilligant|spa|2\n|faint|p2b: Coalossal\n|\n|-weather|SunnyDay|[upkeep]\n|-end|p1b: Lilligant|move: Taunt\n|upkeep\n|\n|t:|1683384222\n|switch|p2b: Gholdengo|Gholdengo, L50|100\/100\n|turn|5\n|\n|t:|1683384289\n|switch|p2a: Indeedee|Indeedee-F, L50, F|100\/100\n|-fieldstart|move: Psychic Terrain|[from] ability: Psychic Surge|[of] p2a: Indeedee\n|move|p2b: Gholdengo|Protect|p2b: Gholdengo\n|-singleturn|p2b: Gholdengo|Protect\n|move|p1a: Dragonite|Protect|p1a: Dragonite\n|-singleturn|p1a: Dragonite|Protect\n|move|p1b: Lilligant|Sleep Powder|p2b: Gholdengo\n|-activate|p2b: Gholdengo|move: Protect\n|\n|-weather|none\n|upkeep\n|turn|6\n|\n|t:|1683384328\n|switch|p2b: Oranguru|Oranguru, L50, M|100\/100\n|move|p2a: Indeedee|Fake Out|p1b: Lilligant\n|-activate|p1b: Lilligant|move: Psychic Terrain\n|move|p1a: Dragonite|Ice Spinner|p2a: Indeedee\n|-damage|p2a: Indeedee|61\/100\n|-fieldend|move: Psychic Terrain\n|move|p1b: Lilligant|Sleep Powder|p2b: Oranguru|[miss]\n|-miss|p1b: Lilligant|p2b: Oranguru\n|\n|-fieldend|move: Trick Room\n|upkeep\n|turn|7\n|\n|t:|1683384366\n|move|p2a: Indeedee|Follow Me|p2a: Indeedee\n|-singleturn|p2a: Indeedee|move: Follow Me\n|move|p1b: Lilligant|Leaf Storm|p2a: Indeedee\n|-damage|p2a: Indeedee|35\/100\n|-unboost|p1b: Lilligant|spa|2\n|-enditem|p2a: Indeedee|Sitrus Berry|[eat]\n|-heal|p2a: Indeedee|60\/100|[from] item: Sitrus Berry\n|move|p1a: Dragonite|Ice Spinner|p2a: Indeedee\n|-damage|p2a: Indeedee|22\/100\n|move|p2b: Oranguru|Trick Room|p2b: Oranguru\n|-fieldstart|move: Trick Room|[of] p2b: Oranguru\n|\n|upkeep\n|turn|8\n|\n|t:|1683384404\n|move|p2a: Indeedee|Follow Me|p2a: Indeedee\n|-singleturn|p2a: Indeedee|move: Follow Me\n|move|p1a: Dragonite|Extreme Speed|p2a: Indeedee\n|-damage|p2a: Indeedee|0 fnt\n|faint|p2a: Indeedee\n|move|p2b: Oranguru|Yawn|p1a: Dragonite\n|-start|p1a: Dragonite|move: Yawn|[of] p2b: Oranguru\n|move|p1b: Lilligant|Sleep Powder|p2b: Oranguru\n|-status|p2b: Oranguru|slp|[from] move: Sleep Powder\n|\n|upkeep\n|\n|t:|1683384414\n|switch|p2a: Gholdengo|Gholdengo, L50|100\/100\n|turn|9\n|\n|t:|1683384431\n|switch|p1a: Torkoal|Torkoal, L50, F|47\/100\n|-weather|SunnyDay|[from] ability: Drought|[of] p1a: Torkoal\n|switch|p1b: Great Tusk|Great Tusk, L50|100\/100\n|-activate|p1b: Great Tusk|ability: Protosynthesis\n|-start|p1b: Great Tusk|protosynthesisatk\n|cant|p2b: Oranguru|slp\n|move|p2a: Gholdengo|Dazzling Gleam|p1b: Great Tusk|[spread] p1a,p1b\n|-resisted|p1a: Torkoal\n|-supereffective|p1b: Great Tusk\n|-damage|p1a: Torkoal|23\/100\n|-damage|p1b: Great Tusk|4\/100\n|\n|-weather|SunnyDay|[upkeep]\n|upkeep\n|turn|10\n|\n|t:|1683384502\n|move|p1a: Torkoal|Eruption|p2a: Gholdengo|[spread] p2a,p2b\n|-supereffective|p2a: Gholdengo\n|-damage|p2a: Gholdengo|57\/100\n|-damage|p2b: Oranguru|88\/100 slp\n|-curestatus|p2b: Oranguru|slp|[msg]\n|move|p2b: Oranguru|Instruct|p2a: Gholdengo\n|-immune|p2a: Gholdengo|[from] ability: Good as Gold\n|move|p2a: Gholdengo|Dazzling Gleam|p1b: Great Tusk|[spread] p1a,p1b\n|-resisted|p1a: Torkoal\n|-supereffective|p1b: Great Tusk\n|-damage|p1a: Torkoal|0 fnt\n|-damage|p1b: Great Tusk|0 fnt\n|faint|p1a: Torkoal\n|faint|p1b: Great Tusk\n|-end|p1b: Great Tusk|Protosynthesis|[silent]\n|\n|-weather|SunnyDay|[upkeep]\n|upkeep\n|\n|t:|1683384516\n|switch|p1a: Dragonite|Dragonite, L50, M|96\/100\n|switch|p1b: Lilligant|Lilligant, L50, F|85\/100\n|turn|11\n|\n|t:|1683384581\n|-terastallize|p1b: Lilligant|Ghost\n|move|p2b: Oranguru|Yawn|p1b: Lilligant\n|-start|p1b: Lilligant|move: Yawn|[of] p2b: Oranguru\n|move|p2a: Gholdengo|Dazzling Gleam|p1b: Lilligant|[spread] p1a,p1b\n|-supereffective|p1a: Dragonite\n|-crit|p1b: Lilligant\n|-damage|p1a: Dragonite|30\/100\n|-damage|p1b: Lilligant|9\/100\n|move|p1a: Dragonite|Ice Spinner|p2a: Gholdengo\n|-resisted|p2a: Gholdengo\n|-damage|p2a: Gholdengo|42\/100\n|move|p1b: Lilligant|Leaf Storm|p2a: Gholdengo\n|-resisted|p2a: Gholdengo\n|-damage|p2a: Gholdengo|14\/100\n|-unboost|p1b: Lilligant|spa|2\n|\n|-weather|SunnyDay|[upkeep]\n|-fieldend|move: Trick Room\n|upkeep\n|turn|12\n|\n|t:|1683384610\n|move|p1b: Lilligant|Protect|p1b: Lilligant\n|-singleturn|p1b: Lilligant|Protect\n|move|p1a: Dragonite|Ice Spinner|p2a: Gholdengo\n|-resisted|p2a: Gholdengo\n|-damage|p2a: Gholdengo|0 fnt\n|faint|p2a: Gholdengo\n|move|p2b: Oranguru|Trick Room|p2b: Oranguru\n|-fieldstart|move: Trick Room|[of] p2b: Oranguru\n|\n|-weather|SunnyDay|[upkeep]\n|-end|p1b: Lilligant|move: Yawn|[silent]\n|-status|p1b: Lilligant|slp\n|upkeep\n|turn|13\n|-message|S4mm3h forfeited.\n|\n|win|Tomatosaurs\n|l|\u2606S4mm3h\n|l| Quikwix\n","uploadtime":1683385191,"views":5,"p1id":"tomatosaurs","p2id":"s4mm3h","formatid":"gen9vgc2023regulationc","rating":0,"private":0,"password":""}