{"id":"gen9vgc2023regulationc-1845955589","p1":"Hazelmarill","p2":"shm0406","format":"[Gen 9] VGC 2023 Regulation C","log":"|j|\u2606Hazelmarill\n|j|\u2606shm0406\n|t:|1681783547\n|gametype|doubles\n|player|p1|Hazelmarill|lass|1126\n|player|p2|shm0406|n|1109\n|teamsize|p1|6\n|teamsize|p2|6\n|gen|9\n|tier|[Gen 9] VGC 2023 Regulation C\n|rated|\n|rule|Species Clause: Limit one of each Pok\u00e9mon\n|rule|Item Clause: Limit one of each item\n|clearpoke\n|poke|p1|Chi-Yu, L50|\n|poke|p1|Salamence, L50, F|\n|poke|p1|Iron Bundle, L50|\n|poke|p1|Amoonguss, L50, M|\n|poke|p1|Great Tusk, L50|\n|poke|p1|Flutter Mane, L50|\n|poke|p2|Iron Hands, L50|\n|poke|p2|Iron Bundle, L50|\n|poke|p2|Arcanine, L50, M|\n|poke|p2|Chi-Yu, L50|\n|poke|p2|Flutter Mane, L50|\n|poke|p2|Wo-Chien, L50|\n|teampreview|4\n|l|\u2606shm0406\n|player|p2|\n|j|\u2606shm0406\n|player|p2|shm0406|n\n|\n|t:|1681783595\n|start\n|switch|p1a: Sally Salami|Salamence, L50, F|100\/100\n|switch|p1b: Flutter Mane|Flutter Mane, L50|100\/100\n|switch|p2a: Iron Hands|Iron Hands, L50|100\/100\n|switch|p2b: Iron Bundle|Iron Bundle, L50|100\/100\n|-ability|p1a: Sally Salami|Intimidate|boost\n|-unboost|p2a: Iron Hands|atk|1\n|-unboost|p2b: Iron Bundle|atk|1\n|-enditem|p2b: Iron Bundle|Booster Energy\n|-activate|p2b: Iron Bundle|ability: Quark Drive|[fromitem]\n|-start|p2b: Iron Bundle|quarkdrivespe\n|turn|1\n|\n|t:|1681783613\n|-terastallize|p1a: Sally Salami|Steel\n|move|p2a: Iron Hands|Fake Out|p1a: Sally Salami\n|-resisted|p1a: Sally Salami\n|-damage|p1a: Sally Salami|95\/100\n|move|p2b: Iron Bundle|Icy Wind|p1b: Flutter Mane|[spread] p1a\n|-miss|p2b: Iron Bundle|p1b: Flutter Mane\n|-resisted|p1a: Sally Salami\n|-damage|p1a: Sally Salami|86\/100\n|move|p1b: Flutter Mane|Moonblast|p2a: Iron Hands\n|-supereffective|p2a: Iron Hands\n|-damage|p2a: Iron Hands|20\/100\n|move|p1a: Sally Salami|Tailwind|p1a: Sally Salami\n|-sidestart|p1: Hazelmarill|move: Tailwind\n|\n|upkeep\n|turn|2\n|\n|t:|1681783642\n|move|p1b: Flutter Mane|Moonblast|p2b: Iron Bundle\n|-crit|p2b: Iron Bundle\n|-damage|p2b: Iron Bundle|0 fnt\n|faint|p2b: Iron Bundle\n|-end|p2b: Iron Bundle|Quark Drive|[silent]\n|move|p1a: Sally Salami|Draco Meteor|p2a: Iron Hands\n|-damage|p2a: Iron Hands|0 fnt\n|-unboost|p1a: Sally Salami|spa|2\n|faint|p2a: Iron Hands\n|-end|p2a: Iron Hands|Quark Drive|[silent]\n|\n|upkeep\n|\n|t:|1681783650\n|switch|p2b: Chi-Yu|Chi-Yu, L50|100\/100\n|switch|p2a: Flutter Mane|Flutter Mane, L50|100\/100\n|-ability|p2b: Chi-Yu|Beads of Ruin\n|turn|3\n|\n|t:|1681783674\n|move|p1a: Sally Salami|Helping Hand|p1b: Flutter Mane\n|-singleturn|p1b: Flutter Mane|Helping Hand|[of] p1a: Sally Salami\n|move|p2a: Flutter Mane|Protect|p2a: Flutter Mane\n|-singleturn|p2a: Flutter Mane|Protect\n|move|p1b: Flutter Mane|Moonblast|p2a: Flutter Mane\n|-activate|p2a: Flutter Mane|move: Protect\n|move|p2b: Chi-Yu|Heat Wave|p1a: Sally Salami|[spread] p1a,p1b\n|-supereffective|p1a: Sally Salami\n|-damage|p1a: Sally Salami|0 fnt\n|-damage|p1b: Flutter Mane|34\/100\n|faint|p1a: Sally Salami\n|-damage|p2b: Chi-Yu|91\/100|[from] item: Life Orb\n|\n|upkeep\n|\n|t:|1681783690\n|switch|p1a: Iron Bundle|Iron Bundle, L50|100\/100\n|turn|4\n|\n|t:|1681783720\n|-end|p1b: Flutter Mane|Protosynthesis|[silent]\n|switch|p1b: Chi-Yu|Chi-Yu, L50|100\/100\n|-ability|p1b: Chi-Yu|Beads of Ruin\n|move|p2a: Flutter Mane|Protect|p2a: Flutter Mane\n|-singleturn|p2a: Flutter Mane|Protect\n|move|p1a: Iron Bundle|Hydro Pump|p2b: Chi-Yu\n|-supereffective|p2b: Chi-Yu\n|-damage|p2b: Chi-Yu|0 fnt\n|faint|p2b: Chi-Yu\n|\n|-sideend|p1: Hazelmarill|move: Tailwind\n|upkeep\n|turn|5\n|\n|t:|1681783741\n|-terastallize|p2a: Flutter Mane|Fairy\n|move|p1a: Iron Bundle|Hydro Pump|p2a: Flutter Mane|[miss]\n|-miss|p1a: Iron Bundle|p2a: Flutter Mane\n|move|p2a: Flutter Mane|Dazzling Gleam|p1a: Iron Bundle|[spread] p1a,p1b\n|-enditem|p1a: Iron Bundle|Focus Sash\n|-damage|p1a: Iron Bundle|1\/100\n|-damage|p1b: Chi-Yu|48\/100\n|move|p1b: Chi-Yu|Heat Wave|p2a: Flutter Mane|[miss]\n|-miss|p1b: Chi-Yu|p2a: Flutter Mane\n|\n|upkeep\n|turn|6\n|\n|t:|1681783763\n|move|p1a: Iron Bundle|Hydro Pump|p2a: Flutter Mane\n|-damage|p2a: Flutter Mane|20\/100\n|move|p2a: Flutter Mane|Dazzling Gleam|p1a: Iron Bundle|[spread] p1a,p1b\n|-crit|p1b: Chi-Yu\n|-damage|p1a: Iron Bundle|0 fnt\n|-damage|p1b: Chi-Yu|0 fnt\n|faint|p1a: Iron Bundle\n|-end|p1a: Iron Bundle|Quark Drive|[silent]\n|faint|p1b: Chi-Yu\n|\n|upkeep\n|\n|t:|1681783766\n|switch|p1b: Flutter Mane|Flutter Mane, L50|34\/100\n|turn|7\n|\n|t:|1681783772\n|move|p2a: Flutter Mane|Shadow Ball|p1b: Flutter Mane\n|-supereffective|p1b: Flutter Mane\n|-damage|p1b: Flutter Mane|0 fnt\n|faint|p1b: Flutter Mane\n|-end|p1b: Flutter Mane|Protosynthesis|[silent]\n|\n|win|shm0406\n|raw|Hazelmarill's rating: 1126 → 1100<\/strong> (-26 for losing)\n|raw|shm0406's rating: 1109 → 1135<\/strong> (+26 for winning)\n","uploadtime":1681783781,"views":3,"p1id":"hazelmarill","p2id":"shm0406","formatid":"gen9vgc2023regulationc","rating":1100,"private":0,"password":""}