{"id":"gen9vgc2023regulationc-1848607803","p1":"Hadrian1917","p2":"fyfyy","format":"[Gen 9] VGC 2023 Regulation C","log":"|j|\u2606Hadrian1917\n|j|\u2606fyfyy\n|t:|1682094060\n|gametype|doubles\n|player|p1|Hadrian1917|brock|1310\n|player|p2|fyfyy|170|1418\n|teamsize|p1|6\n|teamsize|p2|6\n|gen|9\n|tier|[Gen 9] VGC 2023 Regulation C\n|rated|\n|rule|Species Clause: Limit one of each Pok\u00e9mon\n|rule|Item Clause: Limit one of each item\n|clearpoke\n|poke|p1|Flutter Mane, L50|\n|poke|p1|Arcanine, L50, M|\n|poke|p1|Baxcalibur, L50, F|\n|poke|p1|Ting-Lu, L50|\n|poke|p1|Gyarados, L50, F|\n|poke|p1|Amoonguss, L50, F|\n|poke|p2|Palafin, L50, F|\n|poke|p2|Amoonguss, L50, F|\n|poke|p2|Chien-Pao, L50|\n|poke|p2|Flutter Mane, L50|\n|poke|p2|Iron Hands, L50|\n|poke|p2|Arcanine, L50, M|\n|teampreview|4\n|inactive|Battle timer is ON: inactive players will automatically lose when time's up. (requested by fyfyy)\n|inactive|Hadrian1917 has 60 seconds left.\n|\n|t:|1682094125\n|start\n|switch|p1a: Arcanine|Arcanine, L50, M|100\/100\n|switch|p1b: Amoonguss|Amoonguss, L50, F|100\/100\n|switch|p2a: Iron Hands|Iron Hands, L50|100\/100\n|switch|p2b: Palafin|Palafin, L50, F|100\/100\n|-ability|p1a: Arcanine|Intimidate|boost\n|-unboost|p2a: Iron Hands|atk|1\n|-unboost|p2b: Palafin|atk|1\n|turn|1\n|inactive|Hadrian1917 has 30 seconds left.\n|inactive|Hadrian1917 has 20 seconds left.\n|inactive|Hadrian1917 has 15 seconds left.\n|inactive|Hadrian1917 has 10 seconds left.\n|\n|t:|1682094171\n|detailschange|p2b: Palafin|Palafin-Hero, L50, F\n|switch|p2b: Chien-Pao|Chien-Pao, L50|100\/100\n|-ability|p2b: Chien-Pao|Sword of Ruin\n|move|p1a: Arcanine|Will-O-Wisp|p2a: Iron Hands\n|-status|p2a: Iron Hands|brn\n|-enditem|p2a: Iron Hands|Lum Berry|[eat]\n|-curestatus|p2a: Iron Hands|brn|[msg]\n|move|p2a: Iron Hands|Swords Dance|p2a: Iron Hands\n|-boost|p2a: Iron Hands|atk|2\n|move|p1b: Amoonguss|Spore|p2a: Iron Hands\n|-status|p2a: Iron Hands|slp|[from] move: Spore\n|\n|upkeep\n|turn|2\n|inactive|Hadrian1917 has 30 seconds left.\n|inactive|Hadrian1917 has 20 seconds left.\n|inactive|Hadrian1917 has 15 seconds left.\n|\n|t:|1682094212\n|move|p2b: Chien-Pao|Ice Spinner|p1b: Amoonguss\n|-supereffective|p1b: Amoonguss\n|-damage|p1b: Amoonguss|23\/100\n|-damage|p2b: Chien-Pao|84\/100|[from] item: Rocky Helmet|[of] p1b: Amoonguss\n|move|p1a: Arcanine|Flare Blitz|p2b: Chien-Pao\n|-supereffective|p2b: Chien-Pao\n|-damage|p2b: Chien-Pao|0 fnt\n|faint|p2b: Chien-Pao\n|-damage|p1a: Arcanine|79\/100|[from] Recoil\n|cant|p2a: Iron Hands|slp\n|move|p1b: Amoonguss|Spore|p2a: Iron Hands\n|-fail|p2a: Iron Hands|slp\n|\n|upkeep\n|\n|t:|1682094224\n|switch|p2b: Amoonguss|Amoonguss, L50, F|100\/100\n|turn|3\n|inactive|fyfyy has 30 seconds left.\n|\n|t:|1682094254\n|switch|p1b: Flutter Mane|Flutter Mane, L50|100\/100\n|-terastallize|p2b: Amoonguss|Water\n|move|p1a: Arcanine|Will-O-Wisp|p1b: Flutter Mane\n|-status|p1b: Flutter Mane|brn\n|cant|p2a: Iron Hands|slp\n|move|p2b: Amoonguss|Pollen Puff|p1b: Flutter Mane\n|-resisted|p1b: Flutter Mane\n|-damage|p1b: Flutter Mane|96\/100 brn\n|\n|-damage|p1b: Flutter Mane|91\/100 brn|[from] brn\n|upkeep\n|turn|4\n|inactive|Hadrian1917 has 30 seconds left.\n|\n|t:|1682094285\n|-terastallize|p1b: Flutter Mane|Fairy\n|move|p2b: Amoonguss|Rage Powder|p2b: Amoonguss\n|-singleturn|p2b: Amoonguss|move: Rage Powder\n|move|p1b: Flutter Mane|Dazzling Gleam|p2b: Amoonguss|[spread] p2a,p2b\n|-supereffective|p2a: Iron Hands\n|-damage|p2a: Iron Hands|7\/100 slp\n|-damage|p2b: Amoonguss|55\/100\n|move|p1a: Arcanine|Flare Blitz|p2a: Iron Hands\n|-damage|p2a: Iron Hands|0 fnt\n|faint|p2a: Iron Hands\n|-end|p2a: Iron Hands|Quark Drive|[silent]\n|-damage|p1a: Arcanine|76\/100|[from] Recoil\n|\n|-damage|p1b: Flutter Mane|85\/100 brn|[from] brn\n|upkeep\n|\n|t:|1682094293\n|switch|p2a: Palafin|Palafin-Hero, L50, F|100\/100\n|-activate|p2a: Palafin|ability: Zero to Hero\n|turn|5\n|\n|t:|1682094310\n|move|p2a: Palafin|Jet Punch|p1b: Flutter Mane\n|-damage|p1b: Flutter Mane|10\/100 brn\n|move|p1b: Flutter Mane|Dazzling Gleam|p2b: Amoonguss|[spread] p2a,p2b\n|-damage|p2a: Palafin|48\/100\n|-damage|p2b: Amoonguss|3\/100\n|-enditem|p2b: Amoonguss|Sitrus Berry|[eat]\n|-heal|p2b: Amoonguss|28\/100|[from] item: Sitrus Berry\n|move|p1a: Arcanine|Will-O-Wisp|p2a: Palafin\n|-status|p2a: Palafin|brn\n|move|p2b: Amoonguss|Pollen Puff|p2a: Palafin\n|-heal|p2a: Palafin|98\/100 brn\n|\n|-damage|p1b: Flutter Mane|4\/100 brn|[from] brn\n|-damage|p2a: Palafin|92\/100 brn|[from] brn\n|upkeep\n|turn|6\n|inactive|fyfyy has 30 seconds left.\n|\n|t:|1682094339\n|move|p2a: Palafin|Jet Punch|p1b: Flutter Mane\n|-damage|p1b: Flutter Mane|0 fnt\n|faint|p1b: Flutter Mane\n|-end|p1b: Flutter Mane|Protosynthesis|[silent]\n|move|p1a: Arcanine|Flare Blitz|p2b: Amoonguss\n|-resisted|p2b: Amoonguss\n|-damage|p2b: Amoonguss|8\/100\n|-status|p2b: Amoonguss|brn\n|-damage|p1a: Arcanine|69\/100|[from] Recoil\n|move|p2b: Amoonguss|Pollen Puff|p2a: Palafin\n|-heal|p2a: Palafin|100\/100 brn\n|\n|-damage|p2a: Palafin|95\/100 brn|[from] brn\n|-damage|p2b: Amoonguss|1\/100 brn|[from] brn\n|upkeep\n|\n|t:|1682094355\n|switch|p1b: Baxcalibur|Baxcalibur, L50, F|100\/100\n|turn|7\n|\n|t:|1682094365\n|switch|p1a: Amoonguss|Amoonguss, L50, F|56\/100\n|move|p1b: Baxcalibur|Protect|p1b: Baxcalibur\n|-singleturn|p1b: Baxcalibur|Protect\n|move|p2a: Palafin|Jet Punch|p1a: Amoonguss\n|-resisted|p1a: Amoonguss\n|-damage|p1a: Amoonguss|47\/100\n|-damage|p2a: Palafin|78\/100 brn|[from] item: Rocky Helmet|[of] p1a: Amoonguss\n|move|p2b: Amoonguss|Spore|p1b: Baxcalibur\n|-activate|p1b: Baxcalibur|move: Protect\n|\n|-damage|p2a: Palafin|72\/100 brn|[from] brn\n|-damage|p2b: Amoonguss|0 fnt|[from] brn\n|faint|p2b: Amoonguss\n|upkeep\n|turn|8\n|-message|fyfyy forfeited.\n|\n|win|Hadrian1917\n|raw|Hadrian1917's rating: 1310 → 1336<\/strong> (+26 for winning)\n|raw|fyfyy's rating: 1418 → 1392<\/strong> (-26 for losing)\n|l|\u2606fyfyy\n","uploadtime":1682094384,"views":5,"p1id":"hadrian1917","p2id":"fyfyy","formatid":"gen9vgc2023regulationc","rating":1336,"private":0,"password":""}