{"id":"gen9vgc2023regulationc-1847654960","p1":"BlindMagneton","p2":"inimr","format":"[Gen 9] VGC 2023 Regulation C","log":"|j|\u2606BlindMagneton\n|j|\u2606inimr\n|t:|1681988301\n|gametype|doubles\n|player|p1|BlindMagneton|wattson|1230\n|player|p2|inimr|169|1209\n|teamsize|p1|6\n|teamsize|p2|6\n|gen|9\n|tier|[Gen 9] VGC 2023 Regulation C\n|rated|\n|rule|Species Clause: Limit one of each Pok\u00e9mon\n|rule|Item Clause: Limit one of each item\n|clearpoke\n|poke|p1|Iron Bundle, L50|\n|poke|p1|Palafin, L50, F|\n|poke|p1|Ceruledge, L50, M|\n|poke|p1|Grimmsnarl, L50, M|\n|poke|p1|Dachsbun, L50, M|\n|poke|p1|Dragapult, L50, M|\n|poke|p2|Torkoal, L50, M|\n|poke|p2|Lilligant, L50, F|\n|poke|p2|Flutter Mane, L50|\n|poke|p2|Volcarona, L50, F|\n|poke|p2|Iron Hands, L50|\n|poke|p2|Roaring Moon, L50|\n|teampreview|4\n|inactive|Battle timer is ON: inactive players will automatically lose when time's up. (requested by inimr)\n|\n|t:|1681988377\n|start\n|switch|p1a: Grimmsnarl|Grimmsnarl, L50, M|100\/100\n|switch|p1b: Dragapult|Dragapult, L50, M|100\/100\n|switch|p2a: Roaring Moon|Roaring Moon, L50|100\/100\n|switch|p2b: Flutter Mane|Flutter Mane, L50|100\/100\n|turn|1\n|\n|t:|1681988397\n|-terastallize|p2a: Roaring Moon|Steel\n|move|p1a: Grimmsnarl|Fake Out|p2a: Roaring Moon\n|-resisted|p2a: Roaring Moon\n|-damage|p2a: Roaring Moon|92\/100\n|move|p1b: Dragapult|Phantom Force||[still]\n|-prepare|p1b: Dragapult|Phantom Force\n|move|p2b: Flutter Mane|Shadow Ball|p1b: Dragapult|[miss]\n|-miss|p2b: Flutter Mane|p1b: Dragapult\n|cant|p2a: Roaring Moon|flinch\n|\n|-heal|p2a: Roaring Moon|99\/100|[from] item: Leftovers\n|upkeep\n|turn|2\n|\n|t:|1681988414\n|-end|p2b: Flutter Mane|Protosynthesis|[silent]\n|switch|p2b: Iron Hands|Iron Hands, L50|100\/100\n|move|p1a: Grimmsnarl|Swagger|p2b: Iron Hands\n|-boost|p2b: Iron Hands|atk|2\n|-enditem|p1b: Dragapult|Mirror Herb\n|-boost|p1b: Dragapult|atk|2|[from] item: Mirror Herb\n|-start|p2b: Iron Hands|confusion\n|move|p1b: Dragapult|Phantom Force|p2b: Iron Hands|[from]lockedmove\n|-damage|p2b: Iron Hands|48\/100\n|move|p2a: Roaring Moon|Iron Head|p1a: Grimmsnarl\n|-supereffective|p1a: Grimmsnarl\n|-enditem|p1a: Grimmsnarl|Focus Sash\n|-damage|p1a: Grimmsnarl|1\/100\n|\n|-heal|p2a: Roaring Moon|100\/100|[from] item: Leftovers\n|upkeep\n|turn|3\n|inactive|BlindMagneton has 30 seconds left.\n|\n|t:|1681988442\n|switch|p1a: Ceruledge|Ceruledge, L50, M|100\/100\n|-activate|p2b: Iron Hands|confusion\n|move|p2b: Iron Hands|Fake Out|p1a: Ceruledge\n|-immune|p1a: Ceruledge\n|move|p1b: Dragapult|Will-O-Wisp|p2a: Roaring Moon\n|-status|p2a: Roaring Moon|brn\n|move|p2a: Roaring Moon|Breaking Swipe|p1b: Dragapult|[spread] p1a,p1b\n|-supereffective|p1b: Dragapult\n|-damage|p1a: Ceruledge|88\/100\n|-damage|p1b: Dragapult|69\/100\n|\n|-damage|p2a: Roaring Moon|94\/100 brn|[from] brn\n|upkeep\n|turn|4\n|inactive|BlindMagneton has 30 seconds left.\n|inactive|inimr has 30 seconds left.\n|inactive|BlindMagneton has 20 seconds left.\n|inactive|BlindMagneton has 15 seconds left.\n|\n|t:|1681988485\n|move|p2a: Roaring Moon|Protect|p2a: Roaring Moon\n|-singleturn|p2a: Roaring Moon|Protect\n|move|p1a: Ceruledge|Protect|p1a: Ceruledge\n|-singleturn|p1a: Ceruledge|Protect\n|move|p1b: Dragapult|Phantom Force||[still]\n|-prepare|p1b: Dragapult|Phantom Force\n|-activate|p2b: Iron Hands|confusion\n|move|p2b: Iron Hands|Wild Charge|p1a: Ceruledge\n|-activate|p1a: Ceruledge|move: Protect\n|\n|-heal|p2a: Roaring Moon|100\/100 brn|[from] item: Leftovers\n|-damage|p2a: Roaring Moon|94\/100 brn|[from] brn\n|upkeep\n|turn|5\n|\n|t:|1681988502\n|move|p1b: Dragapult|Phantom Force|p2b: Iron Hands|[from]lockedmove\n|-damage|p2b: Iron Hands|0 fnt\n|faint|p2b: Iron Hands\n|-end|p2b: Iron Hands|Quark Drive|[silent]\n|move|p2a: Roaring Moon|Throat Chop|p1b: Dragapult\n|-supereffective|p1b: Dragapult\n|-damage|p1b: Dragapult|16\/100\n|-start|p1b: Dragapult|Throat Chop|[silent]\n|move|p1a: Ceruledge|Bulk Up|p1a: Ceruledge\n|-boost|p1a: Ceruledge|atk|1\n|-boost|p1a: Ceruledge|def|1\n|\n|-heal|p2a: Roaring Moon|100\/100 brn|[from] item: Leftovers\n|-damage|p2a: Roaring Moon|94\/100 brn|[from] brn\n|upkeep\n|\n|t:|1681988515\n|switch|p2b: Flutter Mane|Flutter Mane, L50|100\/100\n|turn|6\n|\n|t:|1681988532\n|-end|p2b: Flutter Mane|Protosynthesis|[silent]\n|switch|p2b: Volcarona|Volcarona, L50, F|100\/100\n|move|p1a: Ceruledge|Protect|p1a: Ceruledge\n|-singleturn|p1a: Ceruledge|Protect\n|move|p1b: Dragapult|Phantom Force||[still]\n|-prepare|p1b: Dragapult|Phantom Force\n|move|p2a: Roaring Moon|Breaking Swipe|p1a: Ceruledge|[spread] \n|-miss|p2a: Roaring Moon|p1b: Dragapult\n|-activate|p1a: Ceruledge|move: Protect\n|\n|-heal|p2a: Roaring Moon|100\/100 brn|[from] item: Leftovers\n|-damage|p2a: Roaring Moon|94\/100 brn|[from] brn\n|-end|p1b: Dragapult|Throat Chop|[silent]\n|upkeep\n|turn|7\n|\n|t:|1681988550\n|-terastallize|p1a: Ceruledge|Grass\n|move|p2b: Volcarona|Rage Powder|p2b: Volcarona\n|-singleturn|p2b: Volcarona|move: Rage Powder\n|move|p1b: Dragapult|Phantom Force|p2b: Volcarona|[from]lockedmove\n|-damage|p2b: Volcarona|4\/100\n|-enditem|p2b: Volcarona|Sitrus Berry|[eat]\n|-heal|p2b: Volcarona|29\/100|[from] item: Sitrus Berry\n|move|p2a: Roaring Moon|Breaking Swipe|p1a: Ceruledge|[spread] p1a,p1b\n|-supereffective|p1b: Dragapult\n|-damage|p1a: Ceruledge|80\/100\n|-damage|p1b: Dragapult|0 fnt\n|faint|p1b: Dragapult\n|move|p1a: Ceruledge|Bitter Blade|p2b: Volcarona\n|-damage|p2b: Volcarona|0 fnt\n|-heal|p1a: Ceruledge|95\/100|[from] drain|[of] p2b: Volcarona\n|faint|p2b: Volcarona\n|\n|-heal|p2a: Roaring Moon|100\/100 brn|[from] item: Leftovers\n|-damage|p2a: Roaring Moon|94\/100 brn|[from] brn\n|upkeep\n|\n|t:|1681988568\n|switch|p1b: Grimmsnarl|Grimmsnarl, L50, M|1\/100\n|switch|p2b: Flutter Mane|Flutter Mane, L50|100\/100\n|turn|8\n|\n|t:|1681988591\n|move|p1b: Grimmsnarl|Fake Out|p2a: Roaring Moon\n|-resisted|p2a: Roaring Moon\n|-damage|p2a: Roaring Moon|86\/100 brn\n|move|p1a: Ceruledge|Shadow Sneak|p2b: Flutter Mane\n|-supereffective|p2b: Flutter Mane\n|-damage|p2b: Flutter Mane|0 fnt\n|faint|p2b: Flutter Mane\n|-end|p2b: Flutter Mane|Protosynthesis|[silent]\n|cant|p2a: Roaring Moon|flinch\n|\n|-heal|p2a: Roaring Moon|92\/100 brn|[from] item: Leftovers\n|-damage|p2a: Roaring Moon|86\/100 brn|[from] brn\n|upkeep\n|turn|9\n|-message|inimr forfeited.\n|\n|win|BlindMagneton\n|raw|BlindMagneton's rating: 1230 → 1253<\/strong> (+23 for winning)\n|raw|inimr's rating: 1209 → 1186<\/strong> (-23 for losing)\n|l|\u2606inimr\n","uploadtime":1681988605,"views":12,"p1id":"blindmagneton","p2id":"inimr","formatid":"gen9vgc2023regulationc","rating":1186,"private":0,"password":""}