{"id":"gen9vgc2023regulationc-1845056318","p1":"Edamewok","p2":"TheSourGrape","format":"[Gen 9] VGC 2023 Regulation C","log":"|j|\u2606Edamewok\n|j|\u2606TheSourGrape\n|t:|1681678575\n|gametype|doubles\n|player|p1|Edamewok|doctor|1165\n|player|p2|TheSourGrape|pokemonranger-gen4|1232\n|teamsize|p1|6\n|teamsize|p2|6\n|gen|9\n|tier|[Gen 9] VGC 2023 Regulation C\n|rated|\n|rule|Species Clause: Limit one of each Pok\u00e9mon\n|rule|Item Clause: Limit one of each item\n|clearpoke\n|poke|p1|Flutter Mane, L50|\n|poke|p1|Chi-Yu, L50|\n|poke|p1|Baxcalibur, L50, F|\n|poke|p1|Farigiraf, L50, M|\n|poke|p1|Scizor, L50, M|\n|poke|p1|Gyarados, L50, M|\n|poke|p2|Hawlucha, L50, F|\n|poke|p2|Hariyama, L50, M|\n|poke|p2|Flutter Mane, L50|\n|poke|p2|Orthworm, L50, M|\n|poke|p2|Iron Bundle, L50|\n|poke|p2|Rotom-Heat, L50|\n|teampreview|4\n|inactive|Battle timer is ON: inactive players will automatically lose when time's up. (requested by TheSourGrape)\n|\n|t:|1681678632\n|start\n|switch|p1a: Chi-Yu|Chi-Yu, L50|100\/100\n|switch|p1b: Flutter Mane|Flutter Mane, L50|100\/100\n|switch|p2a: Flying Buddy|Hawlucha, L50, F, shiny|100\/100\n|switch|p2b: High Three!|Hariyama, L50, M, shiny|100\/100\n|-ability|p1a: Chi-Yu|Beads of Ruin\n|-enditem|p1b: Flutter Mane|Booster Energy\n|-activate|p1b: Flutter Mane|ability: Protosynthesis|[fromitem]\n|-start|p1b: Flutter Mane|protosynthesisspe\n|turn|1\n|inactive|Edamewok has 30 seconds left.\n|inactive|Edamewok has 20 seconds left.\n|inactive|Edamewok has 15 seconds left.\n|\n|t:|1681678674\n|switch|p1a: Gyarados|Gyarados, L50, M|100\/100\n|-ability|p1a: Gyarados|Intimidate|boost\n|-unboost|p2a: Flying Buddy|atk|1\n|-unboost|p2b: High Three!|atk|1\n|move|p2b: High Three!|Protect|p2b: High Three!\n|-singleturn|p2b: High Three!|Protect\n|move|p1b: Flutter Mane|Dazzling Gleam|p2b: High Three!|[spread] p2a\n|-activate|p2b: High Three!|move: Protect\n|-supereffective|p2a: Flying Buddy\n|-enditem|p2a: Flying Buddy|Focus Sash\n|-damage|p2a: Flying Buddy|1\/100\n|move|p2a: Flying Buddy|Close Combat|p1a: Gyarados\n|-resisted|p1a: Gyarados\n|-damage|p1a: Gyarados|81\/100\n|-unboost|p2a: Flying Buddy|def|1\n|-unboost|p2a: Flying Buddy|spd|1\n|\n|upkeep\n|turn|2\n|inactive|Edamewok has 30 seconds left.\n|\n|t:|1681678709\n|-terastallize|p2b: High Three!|Steel\n|move|p2a: Flying Buddy|Entrainment|p2b: High Three!\n|-endability|p2b: High Three!|Thick Fat|[from] move: Entrainment\n|-ability|p2b: High Three!|Unburden|[from] move: Entrainment\n|move|p1b: Flutter Mane|Dazzling Gleam|p2b: High Three!|[spread] p2a,p2b\n|-supereffective|p2a: Flying Buddy\n|-resisted|p2b: High Three!\n|-damage|p2a: Flying Buddy|0 fnt\n|-damage|p2b: High Three!|81\/100\n|faint|p2a: Flying Buddy\n|move|p2b: High Three!|Belly Drum|p2b: High Three!\n|-damage|p2b: High Three!|31\/100\n|-setboost|p2b: High Three!|atk|6|[from] move: Belly Drum\n|-enditem|p2b: High Three!|Sitrus Berry|[eat]\n|-heal|p2b: High Three!|56\/100|[from] item: Sitrus Berry\n|move|p1a: Gyarados|Waterfall|p2b: High Three!\n|-damage|p2b: High Three!|10\/100\n|\n|upkeep\n|\n|t:|1681678726\n|switch|p2a: Waca Waca|Orthworm, L50, M|100\/100\n|turn|3\n|\n|t:|1681678746\n|-end|p1b: Flutter Mane|Protosynthesis|[silent]\n|switch|p1b: Farigiraf|Farigiraf, L50, M, shiny|100\/100\n|move|p2b: High Three!|Protect|p2b: High Three!\n|-singleturn|p2b: High Three!|Protect\n|move|p1a: Gyarados|Waterfall|p2b: High Three!\n|-activate|p2b: High Three!|move: Protect\n|move|p2a: Waca Waca|Smack Down|p1a: Gyarados\n|-supereffective|p1a: Gyarados\n|-damage|p1a: Gyarados|59\/100\n|-start|p1a: Gyarados|Smack Down\n|\n|upkeep\n|turn|4\n|inactive|TheSourGrape has 30 seconds left.\n|\n|t:|1681678779\n|move|p2b: High Three!|Earthquake|p1a: Gyarados|[spread] p1a,p1b\n|-immune|p2a: Waca Waca|[from] ability: Earth Eater\n|-damage|p1a: Gyarados|0 fnt\n|-damage|p1b: Farigiraf|4\/100\n|faint|p1a: Gyarados\n|move|p2a: Waca Waca|Body Press|p1b: Farigiraf\n|-damage|p1b: Farigiraf|0 fnt\n|faint|p1b: Farigiraf\n|\n|upkeep\n|\n|t:|1681678790\n|switch|p1a: Flutter Mane|Flutter Mane, L50|100\/100\n|switch|p1b: Chi-Yu|Chi-Yu, L50|100\/100\n|-ability|p1b: Chi-Yu|Beads of Ruin\n|turn|5\n|\n|t:|1681678812\n|move|p2b: High Three!|Earthquake|p1b: Chi-Yu|[spread] p1a,p1b\n|-immune|p2a: Waca Waca|[from] ability: Earth Eater\n|-supereffective|p1b: Chi-Yu\n|-damage|p1a: Flutter Mane|0 fnt\n|-damage|p1b: Chi-Yu|0 fnt\n|faint|p1a: Flutter Mane\n|-end|p1a: Flutter Mane|Protosynthesis|[silent]\n|faint|p1b: Chi-Yu\n|\n|win|TheSourGrape\n|raw|Edamewok's rating: 1165 → 1145<\/strong> (-20 for losing)\n|raw|TheSourGrape's rating: 1232 → 1252<\/strong> (+20 for winning)\n|l|\u2606Edamewok\n","uploadtime":1681679013,"views":6,"p1id":"edamewok","p2id":"thesourgrape","formatid":"gen9vgc2023regulationc","rating":1145,"private":0,"password":""}