{"id":"gen9vgc2023regulationc-1849306607","p1":"RemHood","p2":"Kirizoaro","format":"[Gen 9] VGC 2023 Regulation C","log":"|j|\u203dRemHood\n|j|\u2606Kirizoaro\n|t:|1682184042\n|gametype|doubles\n|player|p1|RemHood|266|1217\n|player|p2|Kirizoaro|lance|1206\n|teamsize|p1|6\n|teamsize|p2|6\n|gen|9\n|tier|[Gen 9] VGC 2023 Regulation C\n|rated|\n|rule|Species Clause: Limit one of each Pok\u00e9mon\n|rule|Item Clause: Limit one of each item\n|clearpoke\n|poke|p1|Raichu, L50, M|\n|poke|p1|Sandy Shocks, L50|\n|poke|p1|Bellibolt, L50, F|\n|poke|p1|Magnezone, L50|\n|poke|p1|Jolteon, L50, F|\n|poke|p1|Rotom-Frost, L50|\n|poke|p2|Dondozo, L50, F|\n|poke|p2|Tatsugiri-Stretchy, L50, M|\n|poke|p2|Chi-Yu, L50|\n|poke|p2|Flutter Mane, L50|\n|poke|p2|Dragonite, L50, M|\n|poke|p2|Glimmora, L50, M|\n|teampreview|4\n|inactive|Battle timer is ON: inactive players will automatically lose when time's up. (requested by RemHood)\n|\n|t:|1682184074\n|start\n|switch|p1a: Raichu|Raichu, L50, M, shiny|100\/100\n|switch|p1b: Sandy Shocks|Sandy Shocks, L50, shiny|100\/100\n|switch|p2a: Glimmora|Glimmora, L50, M|100\/100\n|switch|p2b: Tatsugiri|Tatsugiri-Stretchy, L50, M|100\/100\n|-enditem|p1b: Sandy Shocks|Booster Energy\n|-activate|p1b: Sandy Shocks|ability: Protosynthesis|[fromitem]\n|-start|p1b: Sandy Shocks|protosynthesisspa\n|turn|1\n|inactive|RemHood has 30 seconds left.\n|inactive|RemHood has 20 seconds left.\n|inactive|RemHood has 15 seconds left.\n|\n|t:|1682184118\n|-terastallize|p2b: Tatsugiri|Ghost\n|move|p1a: Raichu|Discharge|p2a: Glimmora|[spread] p2a,p2b\n|-immune|p1b: Sandy Shocks\n|-damage|p2a: Glimmora|70\/100\n|-damage|p2b: Tatsugiri|75\/100\n|-status|p2a: Glimmora|par\n|move|p1b: Sandy Shocks|Discharge|p2a: Glimmora|[spread] p2a,p2b\n|-ability|p1a: Raichu|Lightning Rod|boost\n|-boost|p1a: Raichu|spa|1\n|-damage|p2a: Glimmora|19\/100 par\n|-damage|p2b: Tatsugiri|35\/100\n|move|p2b: Tatsugiri|Muddy Water|p1a: Raichu|[spread] p1a,p1b\n|-supereffective|p1b: Sandy Shocks\n|-damage|p1a: Raichu|7\/100\n|-damage|p1b: Sandy Shocks|0 fnt\n|faint|p1b: Sandy Shocks\n|-end|p1b: Sandy Shocks|Protosynthesis|[silent]\n|cant|p2a: Glimmora|par\n|\n|upkeep\n|\n|t:|1682184137\n|switch|p1b: Rotom|Rotom-Frost, L50, shiny|100\/100\n|turn|2\n|\n|t:|1682184147\n|move|p1a: Raichu|Discharge|p2a: Glimmora|[spread] p1b,p2a,p2b\n|-resisted|p1b: Rotom\n|-damage|p1b: Rotom|77\/100\n|-damage|p2a: Glimmora|0 fnt\n|-damage|p2b: Tatsugiri|0 fnt\n|faint|p2a: Glimmora\n|faint|p2b: Tatsugiri\n|move|p1b: Rotom|Discharge|p1a: Raichu\n|-ability|p1a: Raichu|Lightning Rod|boost\n|-boost|p1a: Raichu|spa|1\n|\n|upkeep\n|\n|t:|1682184156\n|switch|p2a: Flutter Mane|Flutter Mane, L50|100\/100\n|switch|p2b: Chi-Yu|Chi-Yu, L50|100\/100\n|-ability|p2b: Chi-Yu|Beads of Ruin\n|-enditem|p2a: Flutter Mane|Booster Energy\n|-activate|p2a: Flutter Mane|ability: Protosynthesis|[fromitem]\n|-start|p2a: Flutter Mane|protosynthesisspe\n|turn|3\n|\n|t:|1682184170\n|move|p2a: Flutter Mane|Moonblast|p1b: Rotom\n|-damage|p1b: Rotom|0 fnt\n|faint|p1b: Rotom\n|move|p1a: Raichu|Discharge|p2b: Chi-Yu|[spread] p2a,p2b\n|-damage|p2a: Flutter Mane|34\/100\n|-damage|p2b: Chi-Yu|49\/100\n|move|p2b: Chi-Yu|Dark Pulse|p1a: Raichu\n|-damage|p1a: Raichu|0 fnt\n|faint|p1a: Raichu\n|\n|upkeep\n|\n|t:|1682184181\n|switch|p1b: Bellibolt|Bellibolt, L50, F, shiny|100\/100\n|turn|4\n|\n|t:|1682184189\n|move|p2a: Flutter Mane|Substitute|p2a: Flutter Mane\n|-start|p2a: Flutter Mane|Substitute\n|-damage|p2a: Flutter Mane|9\/100\n|move|p2b: Chi-Yu|Dark Pulse|p1b: Bellibolt\n|-damage|p1b: Bellibolt|47\/100\n|-start|p1b: Bellibolt|Charge|Dark Pulse|[from] ability: Electromorphosis\n|move|p1b: Bellibolt|Parabolic Charge|p2a: Flutter Mane|[spread] p2a,p2b\n|-end|p2a: Flutter Mane|Substitute\n|-heal|p1b: Bellibolt|56\/100|[from] drain|[of] p2a: Flutter Mane\n|-damage|p2b: Chi-Yu|7\/100\n|-heal|p1b: Bellibolt|71\/100|[from] drain|[of] p2b: Chi-Yu\n|-end|p1b: Bellibolt|Charge|[silent]\n|\n|-heal|p1b: Bellibolt|77\/100|[from] item: Leftovers\n|upkeep\n|turn|5\n|\n|t:|1682184205\n|move|p1b: Bellibolt|Protect|p1b: Bellibolt\n|-singleturn|p1b: Bellibolt|Protect\n|move|p2a: Flutter Mane|Moonblast|p1b: Bellibolt\n|-activate|p1b: Bellibolt|move: Protect\n|move|p2b: Chi-Yu|Flamethrower|p1b: Bellibolt\n|-activate|p1b: Bellibolt|move: Protect\n|\n|-heal|p1b: Bellibolt|83\/100|[from] item: Leftovers\n|upkeep\n|turn|6\n|\n|t:|1682184214\n|move|p2a: Flutter Mane|Moonblast|p1b: Bellibolt\n|-damage|p1b: Bellibolt|22\/100\n|-start|p1b: Bellibolt|Charge|Moonblast|[from] ability: Electromorphosis\n|move|p2b: Chi-Yu|Flamethrower|p1b: Bellibolt\n|-damage|p1b: Bellibolt|0 fnt\n|faint|p1b: Bellibolt\n|\n|win|Kirizoaro\n|raw|RemHood's rating: 1217 → 1191<\/strong> (-26 for losing)\n|raw|Kirizoaro's rating: 1206 → 1232<\/strong> (+26 for winning)\n|l|\u203dRemHood\n","uploadtime":1682184223,"views":6,"p1id":"remhood","p2id":"kirizoaro","formatid":"gen9vgc2023regulationc","rating":1191,"private":0,"password":""}