{"id":"gen9vgc2023regulationc-1853371125","p1":"99% Gh1so","p2":"sspark","format":"[Gen 9] VGC 2023 Regulation C","log":"|j|\u260699% Gh1so\n|j|\u2606sspark\n|t:|1682675904\n|gametype|doubles\n|player|p1|99% Gh1so|youngster-gen4dp|1326\n|player|p2|sspark|170|1436\n|teamsize|p1|6\n|teamsize|p2|6\n|gen|9\n|tier|[Gen 9] VGC 2023 Regulation C\n|rated|\n|rule|Species Clause: Limit one of each Pok\u00e9mon\n|rule|Item Clause: Limit one of each item\n|clearpoke\n|poke|p1|Great Tusk, L50|\n|poke|p1|Azumarill, L50, M|\n|poke|p1|Chi-Yu, L50|\n|poke|p1|Iron Bundle, L50|\n|poke|p1|Brute Bonnet, L50|\n|poke|p1|Flutter Mane, L50|\n|poke|p2|Flutter Mane, L50|\n|poke|p2|Maushold, L50|\n|poke|p2|Chi-Yu, L50|\n|poke|p2|Gyarados, L50, M|\n|poke|p2|Talonflame, L50, F|\n|poke|p2|Gholdengo, L50|\n|teampreview|4\n99% Gh1so has agreed to open team sheets.\n|inactive|Battle timer is ON: inactive players will automatically lose when time's up. (requested by 99% Gh1so)\n|inactive|sspark has 60 seconds left.\n|\n|t:|1682675963\n|start\n|switch|p1a: Bracco|Azumarill, L50, M|100\/100\n|switch|p1b: Tu quoque|Brute Bonnet, L50|100\/100\n|switch|p2a: Gyarados|Gyarados, L50, M|100\/100\n|switch|p2b: Maushold|Maushold, L50|100\/100\n|-ability|p2a: Gyarados|Intimidate|boost\n|-unboost|p1a: Bracco|atk|1\n|-unboost|p1b: Tu quoque|atk|1\n|turn|1\n|inactive|99% Gh1so has 30 seconds left.\n|inactive|99% Gh1so has 20 seconds left.\n|inactive|99% Gh1so has 15 seconds left.\n|inactive|99% Gh1so has 10 seconds left.\n|inactive|99% Gh1so has 5 seconds left.\n|\n|t:|1682676018\n|move|p2a: Gyarados|Dragon Dance|p2a: Gyarados\n|-boost|p2a: Gyarados|atk|1\n|-boost|p2a: Gyarados|spe|1\n|move|p2b: Maushold|Thunder Wave|p1a: Bracco\n|-status|p1a: Bracco|par\n|move|p1b: Tu quoque|Bullet Seed|p2a: Gyarados\n|-damage|p2a: Gyarados|94\/100\n|-damage|p2a: Gyarados|87\/100\n|-damage|p2a: Gyarados|79\/100\n|-damage|p2a: Gyarados|72\/100\n|-hitcount|p2a: Gyarados|4\n|move|p1a: Bracco|Liquidation|p2a: Gyarados\n|-resisted|p2a: Gyarados\n|-damage|p2a: Gyarados|58\/100\n|\n|upkeep\n|turn|2\n|inactive|99% Gh1so has 30 seconds left.\n|inactive|sspark has 30 seconds left.\n|inactive|sspark has 20 seconds left.\n|c|\u260699% Gh1so|temo sia persa\n|inactive|sspark has 15 seconds left.\n|inactive|sspark has 10 seconds left.\n|\n|t:|1682676063\n|move|p2b: Maushold|Follow Me|p2b: Maushold\n|-singleturn|p2b: Maushold|move: Follow Me\n|move|p2a: Gyarados|Iron Head|p1b: Tu quoque\n|-damage|p1b: Tu quoque|68\/100\n|move|p1b: Tu quoque|Spore|p2b: Maushold\n|-activate|p2b: Maushold|item: Safety Goggles|Spore\n|move|p1a: Bracco|Liquidation|p2b: Maushold\n|-damage|p2b: Maushold|70\/100\n|-unboost|p2b: Maushold|def|1\n|\n|upkeep\n|turn|3\n|inactive|99% Gh1so has 30 seconds left.\n|inactive|sspark has 30 seconds left.\n|inactive|99% Gh1so has 20 seconds left.\n|\n|t:|1682676100\n|move|p2b: Maushold|Protect|p2b: Maushold\n|-singleturn|p2b: Maushold|Protect\n|move|p2a: Gyarados|Iron Head|p1a: Bracco\n|-damage|p1a: Bracco|55\/100 par\n|move|p1b: Tu quoque|Spore|p2a: Gyarados\n|-status|p2a: Gyarados|slp|[from] move: Spore\n|-enditem|p2a: Gyarados|Lum Berry|[eat]\n|-curestatus|p2a: Gyarados|slp|[msg]\n|cant|p1a: Bracco|flinch\n|\n|upkeep\n|turn|4\n|\n|t:|1682676117\n|move|p2b: Maushold|Follow Me|p2b: Maushold\n|-singleturn|p2b: Maushold|move: Follow Me\n|move|p2a: Gyarados|Iron Head|p1a: Bracco\n|-damage|p1a: Bracco|16\/100 par\n|move|p1b: Tu quoque|Bullet Seed|p2b: Maushold\n|-damage|p2b: Maushold|57\/100\n|-damage|p2b: Maushold|44\/100\n|-damage|p2b: Maushold|34\/100\n|-damage|p2b: Maushold|21\/100\n|-hitcount|p2b: Maushold|4\n|move|p1a: Bracco|Liquidation|p2b: Maushold\n|-damage|p2b: Maushold|0 fnt\n|faint|p2b: Maushold\n|\n|upkeep\n|\n|t:|1682676133\n|switch|p2b: Flutter Mane|Flutter Mane, L50|100\/100\n|-enditem|p2b: Flutter Mane|Booster Energy\n|-activate|p2b: Flutter Mane|ability: Protosynthesis|[fromitem]\n|-start|p2b: Flutter Mane|protosynthesisspe\n|turn|5\n|inactive|sspark has 30 seconds left.\n|\n|t:|1682676165\n|move|p2b: Flutter Mane|Protect|p2b: Flutter Mane\n|-singleturn|p2b: Flutter Mane|Protect\n|move|p2a: Gyarados|Protect|p2a: Gyarados\n|-singleturn|p2a: Gyarados|Protect\n|move|p1b: Tu quoque|Sucker Punch||[still]\n|-fail|p1b: Tu quoque\n|move|p1a: Bracco|Aqua Jet|p2b: Flutter Mane\n|-activate|p2b: Flutter Mane|move: Protect\n|\n|upkeep\n|turn|6\n|\n|t:|1682676181\n|-terastallize|p1b: Tu quoque|Water\n|cant|p1a: Bracco|par\n|move|p2b: Flutter Mane|Dazzling Gleam|p1b: Tu quoque|[spread] p1a,p1b\n|-damage|p1a: Bracco|0 fnt\n|-damage|p1b: Tu quoque|46\/100\n|faint|p1a: Bracco\n|move|p2a: Gyarados|Iron Head|p1b: Tu quoque\n|-resisted|p1b: Tu quoque\n|-damage|p1b: Tu quoque|28\/100\n|move|p1b: Tu quoque|Spore|p2b: Flutter Mane\n|-status|p2b: Flutter Mane|slp|[from] move: Spore\n|\n|upkeep\n|\n|t:|1682676191\n|switch|p1a: Bando|Iron Bundle, L50|100\/100\n|-enditem|p1a: Bando|Booster Energy\n|-activate|p1a: Bando|ability: Quark Drive|[fromitem]\n|-start|p1a: Bando|quarkdrivespe\n|turn|7\n|\n|t:|1682676199\n|move|p2a: Gyarados|Protect|p2a: Gyarados\n|-singleturn|p2a: Gyarados|Protect\n|move|p1a: Bando|Freeze-Dry|p2a: Gyarados\n|-activate|p2a: Gyarados|move: Protect\n|cant|p2b: Flutter Mane|slp\n|move|p1b: Tu quoque|Bullet Seed|p2b: Flutter Mane\n|-damage|p2b: Flutter Mane|88\/100 slp\n|-damage|p2b: Flutter Mane|76\/100 slp\n|-damage|p2b: Flutter Mane|64\/100 slp\n|-crit|p2b: Flutter Mane\n|-damage|p2b: Flutter Mane|35\/100 slp\n|-hitcount|p2b: Flutter Mane|4\n|\n|upkeep\n|turn|8\n|inactive|sspark has 30 seconds left.\n|\n|t:|1682676227\n|-terastallize|p2a: Gyarados|Steel\n|move|p1b: Tu quoque|Sucker Punch|p2b: Flutter Mane\n|-damage|p2b: Flutter Mane|3\/100 slp\n|move|p1a: Bando|Freeze-Dry|p2a: Gyarados\n|-resisted|p2a: Gyarados\n|-damage|p2a: Gyarados|42\/100\n|-curestatus|p2b: Flutter Mane|slp|[msg]\n|move|p2b: Flutter Mane|Dazzling Gleam|p1a: Bando|[spread] p1a,p1b\n|-damage|p1a: Bando|47\/100\n|-damage|p1b: Tu quoque|7\/100\n|move|p2a: Gyarados|Iron Head|p1a: Bando\n|-damage|p1a: Bando|0 fnt\n|faint|p1a: Bando\n|-end|p1a: Bando|Quark Drive|[silent]\n|\n|upkeep\n|\n|t:|1682676241\n|switch|p1a: Tasconi|Great Tusk, L50|100\/100\n|turn|9\n|\n|t:|1682676254\n|move|p2a: Gyarados|Protect|p2a: Gyarados\n|-singleturn|p2a: Gyarados|Protect\n|move|p1b: Tu quoque|Sucker Punch|p2b: Flutter Mane\n|-damage|p2b: Flutter Mane|0 fnt\n|faint|p2b: Flutter Mane\n|-end|p2b: Flutter Mane|Protosynthesis|[silent]\n|move|p1a: Tasconi|Close Combat|p2a: Gyarados\n|-activate|p2a: Gyarados|move: Protect\n|\n|upkeep\n|\n|t:|1682676264\n|switch|p2b: Talonflame|Talonflame, L50, F|100\/100\n|turn|10\n|c|\u260699% Gh1so|ho in mente solo teeeeeeee\n|inactive|sspark has 30 seconds left.\n|\n|t:|1682676299\n|move|p1a: Tasconi|Protect|p1a: Tasconi\n|-singleturn|p1a: Tasconi|Protect\n|move|p2b: Talonflame|Tailwind|p2b: Talonflame\n|-sidestart|p2: sspark|move: Tailwind\n|move|p2a: Gyarados|Waterfall|p1b: Tu quoque\n|-resisted|p1b: Tu quoque\n|-damage|p1b: Tu quoque|0 fnt\n|faint|p1b: Tu quoque\n|-end|p1b: Tu quoque|Protosynthesis|[silent]\n|\n|upkeep\n|turn|11\n|\n|t:|1682676309\n|move|p2b: Talonflame|Brave Bird|p1a: Tasconi\n|-supereffective|p1a: Tasconi\n|-damage|p1a: Tasconi|28\/100\n|-damage|p2b: Talonflame|71\/100|[from] Recoil\n|move|p2a: Gyarados|Waterfall|p1a: Tasconi\n|-supereffective|p1a: Tasconi\n|-damage|p1a: Tasconi|0 fnt\n|faint|p1a: Tasconi\n|-end|p1a: Tasconi|Protosynthesis|[silent]\n|\n|win|sspark\n|raw|99% Gh1so's rating: 1326 → 1312<\/strong> (-14 for losing)\n|raw|sspark's rating: 1436 → 1450<\/strong> (+14 for winning)\n|l|\u260699% Gh1so\n","uploadtime":1682676333,"views":7,"p1id":"99gh1so","p2id":"sspark","formatid":"gen9vgc2023regulationc","rating":1312,"private":0,"password":""}