{"id":"gen9vgc2023regulationc-1850424444","p1":"Seatoe","p2":"Test4Sum","format":"[Gen 9] VGC 2023 Regulation C","log":"|j|\u2606Seatoe\n|j|\u2606Test4Sum\n|t:|1682334866\n|gametype|doubles\n|player|p1|Seatoe|sailor|1349\n|player|p2|Test4Sum|101|1282\n|teamsize|p1|6\n|teamsize|p2|6\n|gen|9\n|tier|[Gen 9] VGC 2023 Regulation C\n|rated|\n|rule|Species Clause: Limit one of each Pok\u00e9mon\n|rule|Item Clause: Limit one of each item\n|clearpoke\n|poke|p1|Palafin, L50, M|\n|poke|p1|Arcanine, L50, M|\n|poke|p1|Amoonguss, L50, M|\n|poke|p1|Ting-Lu, L50|\n|poke|p1|Baxcalibur, L50, F|\n|poke|p1|Gholdengo, L50|\n|poke|p2|Annihilape, L50, F|\n|poke|p2|Maushold-Four, L50|\n|poke|p2|Roaring Moon, L50|\n|poke|p2|Flutter Mane, L50|\n|poke|p2|Chi-Yu, L50|\n|poke|p2|Ting-Lu, L50|\n|teampreview|4\n|\n|t:|1682334894\n|start\n|switch|p1a: Ghana|Gholdengo, L50|100\/100\n|switch|p1b: Iceland|Baxcalibur, L50, F|100\/100\n|switch|p2a: Annihilape|Annihilape, L50, F|100\/100\n|switch|p2b: Roaring Moon|Roaring Moon, L50|100\/100\n|-enditem|p2b: Roaring Moon|Booster Energy\n|-activate|p2b: Roaring Moon|ability: Protosynthesis|[fromitem]\n|-start|p2b: Roaring Moon|protosynthesisspe\n|turn|1\n|\n|t:|1682334921\n|-terastallize|p2a: Annihilape|Ghost\n|-terastallize|p1a: Ghana|Water\n|move|p2b: Roaring Moon|Scale Shot|p2a: Annihilape\n|-damage|p2a: Annihilape|87\/100\n|-damage|p2a: Annihilape|71\/100\n|-damage|p2a: Annihilape|58\/100\n|-hitcount|p2a: Annihilape|3\n|-unboost|p2b: Roaring Moon|def|1\n|-boost|p2b: Roaring Moon|spe|1\n|move|p2a: Annihilape|Rage Fist|p1a: Ghana\n|-damage|p1a: Ghana|0 fnt\n|faint|p1a: Ghana\n|move|p1b: Iceland|Icicle Spear|p2b: Roaring Moon\n|-supereffective|p2b: Roaring Moon\n|-damage|p2b: Roaring Moon|44\/100\n|-supereffective|p2b: Roaring Moon\n|-damage|p2b: Roaring Moon|0 fnt\n|faint|p2b: Roaring Moon\n|-end|p2b: Roaring Moon|Protosynthesis|[silent]\n|-hitcount|p2: Roaring Moon|2\n|\n|upkeep\n|\n|t:|1682334946\n|switch|p2b: Flutter Mane|Flutter Mane, L50|100\/100\n|switch|p1a: Spain|Amoonguss, L50, M|100\/100\n|turn|2\n|\n|t:|1682334960\n|move|p1a: Spain|Rage Powder|p1a: Spain\n|-singleturn|p1a: Spain|move: Rage Powder\n|move|p2a: Annihilape|Rage Fist|p1a: Spain\n|-damage|p1a: Spain|9\/100\n|-enditem|p1a: Spain|Sitrus Berry|[eat]\n|-heal|p1a: Spain|34\/100|[from] item: Sitrus Berry\n|move|p2b: Flutter Mane|Dazzling Gleam|p1b: Iceland|[spread] p1a,p1b\n|-resisted|p1a: Spain\n|-supereffective|p1b: Iceland\n|-damage|p1a: Spain|20\/100\n|-damage|p1b: Iceland|36\/100\n|move|p1b: Iceland|Icicle Spear|p2a: Annihilape\n|-damage|p2a: Annihilape|44\/100\n|-damage|p2a: Annihilape|30\/100\n|-damage|p2a: Annihilape|16\/100\n|-damage|p2a: Annihilape|1\/100\n|-hitcount|p2a: Annihilape|4\n|\n|upkeep\n|turn|3\n|\n|t:|1682334989\n|switch|p2a: Chi-Yu|Chi-Yu, L50|100\/100\n|-ability|p2a: Chi-Yu|Beads of Ruin\n|move|p1b: Iceland|Protect|p1b: Iceland\n|-singleturn|p1b: Iceland|Protect\n|move|p1a: Spain|Protect|p1a: Spain\n|-singleturn|p1a: Spain|Protect\n|move|p2b: Flutter Mane|Dazzling Gleam|p1a: Spain|[spread] \n|-activate|p1a: Spain|move: Protect\n|-activate|p1b: Iceland|move: Protect\n|\n|upkeep\n|turn|4\n|\n|t:|1682335011\n|switch|p1a: China|Arcanine, L50, M|100\/100\n|-ability|p1a: China|Intimidate|boost\n|-unboost|p2a: Chi-Yu|atk|1\n|-unboost|p2b: Flutter Mane|atk|1\n|move|p1b: Iceland|Ice Shard|p2b: Flutter Mane\n|-damage|p2b: Flutter Mane|50\/100\n|move|p2b: Flutter Mane|Dazzling Gleam|p1b: Iceland|[spread] p1a,p1b\n|-resisted|p1a: China\n|-supereffective|p1b: Iceland\n|-damage|p1a: China|77\/100\n|-damage|p1b: Iceland|0 fnt\n|faint|p1b: Iceland\n|move|p2a: Chi-Yu|Heat Wave|p1a: China|[miss]\n|-miss|p2a: Chi-Yu|p1a: China\n|\n|upkeep\n|\n|t:|1682335025\n|switch|p1b: Spain|Amoonguss, L50, M|53\/100\n|turn|5\n|\n|t:|1682335033\n|move|p1b: Spain|Protect|p1b: Spain\n|-singleturn|p1b: Spain|Protect\n|move|p2b: Flutter Mane|Shadow Ball|p1a: China\n|-damage|p1a: China|15\/100\n|move|p2a: Chi-Yu|Heat Wave|p1a: China|[spread] p1a\n|-activate|p1b: Spain|move: Protect\n|-resisted|p1a: China\n|-damage|p1a: China|0 fnt\n|faint|p1a: China\n|-damage|p2a: Chi-Yu|90\/100|[from] item: Life Orb\n|\n|upkeep\n|turn|6\n|\n|t:|1682335048\n|move|p2b: Flutter Mane|Shadow Ball|p1b: Spain\n|-damage|p1b: Spain|8\/100\n|move|p2a: Chi-Yu|Overheat|p1b: Spain\n|-supereffective|p1b: Spain\n|-damage|p1b: Spain|0 fnt\n|-unboost|p2a: Chi-Yu|spa|2\n|faint|p1b: Spain\n|-damage|p2a: Chi-Yu|80\/100|[from] item: Life Orb\n|\n|win|Test4Sum\n|raw|Seatoe's rating: 1349 → 1325<\/strong> (-24 for losing)\n|raw|Test4Sum's rating: 1282 → 1312<\/strong> (+30 for winning)\n|l|\u2606Seatoe\n","uploadtime":1682335065,"views":39,"p1id":"seatoe","p2id":"test4sum","formatid":"gen9vgc2023regulationc","rating":1312,"private":0,"password":""}