{"id":"gen9vgc2023regulationc-1859060700","p1":"NejiSensei","p2":"Atrix MJ","format":"[Gen 9] VGC 2023 Regulation C","log":"|j|\u2606NejiSensei\n|j|\u2606Atrix MJ\n|t:|1683399796\n|gametype|doubles\n|player|p1|NejiSensei|169|1376\n|player|p2|Atrix MJ|adaman|1455\n|teamsize|p1|6\n|teamsize|p2|6\n|gen|9\n|tier|[Gen 9] VGC 2023 Regulation C\n|rated|\n|rule|Species Clause: Limit one of each Pok\u00e9mon\n|rule|Item Clause: Limit one of each item\n|clearpoke\n|poke|p1|Iron Hands, L50|\n|poke|p1|Palafin, L50, M|\n|poke|p1|Arcanine, L50, F|\n|poke|p1|Amoonguss, L50, F|\n|poke|p1|Flutter Mane, L50|\n|poke|p1|Iron Bundle, L50|\n|poke|p2|Chi-Yu, L50|\n|poke|p2|Amoonguss, L50, M|\n|poke|p2|Kingambit, L50, F|\n|poke|p2|Gyarados, L50, F|\n|poke|p2|Flutter Mane, L50|\n|poke|p2|Gothitelle, L50, F|\n|teampreview|4\n|inactive|Battle timer is ON: inactive players will automatically lose when time's up. (requested by Atrix MJ)\nAtrix MJ has agreed to open team sheets.\n|inactive|NejiSensei has 60 seconds left.\n|inactive|Atrix MJ has 60 seconds left.\n|\n|t:|1683399835\n|start\n|switch|p1a: Flutter Mane|Flutter Mane, L50|100\/100\n|switch|p1b: Iron Hands|Iron Hands, L50|100\/100\n|switch|p2a: Kingambit|Kingambit, L50, F|100\/100\n|switch|p2b: Gothitelle|Gothitelle, L50, F|100\/100\n|turn|1\n|\n|t:|1683399855\n|-end|p1a: Flutter Mane|Protosynthesis|[silent]\n|switch|p1a: Amoonguss|Amoonguss, L50, F|100\/100\n|move|p2b: Gothitelle|Fake Out|p1b: Iron Hands\n|-crit|p1b: Iron Hands\n|-damage|p1b: Iron Hands|94\/100\n|cant|p1b: Iron Hands|flinch\n|move|p2a: Kingambit|Iron Head|p1a: Amoonguss\n|-damage|p1a: Amoonguss|64\/100\n|\n|upkeep\n|turn|2\n|\n|t:|1683399880\n|-terastallize|p1b: Iron Hands|Fire\n|-terastallize|p2a: Kingambit|Water\n|move|p2b: Gothitelle|Psychic|p1a: Amoonguss\n|-supereffective|p1a: Amoonguss\n|-damage|p1a: Amoonguss|7\/100\n|-unboost|p1a: Amoonguss|spd|1\n|-enditem|p1a: Amoonguss|Sitrus Berry|[eat]\n|-heal|p1a: Amoonguss|32\/100|[from] item: Sitrus Berry\n|move|p1b: Iron Hands|Swords Dance|p1b: Iron Hands\n|-boost|p1b: Iron Hands|atk|2\n|move|p2a: Kingambit|Iron Head|p1a: Amoonguss\n|-damage|p1a: Amoonguss|0 fnt\n|faint|p1a: Amoonguss\n|\n|upkeep\n|\n|t:|1683399901\n|switch|p1a: Flutter Mane|Flutter Mane, L50|100\/100\n|turn|3\n|\n|t:|1683399910\n|move|p1a: Flutter Mane|Shadow Ball|p2b: Gothitelle\n|-supereffective|p2b: Gothitelle\n|-damage|p2b: Gothitelle|15\/100\n|move|p2b: Gothitelle|Psychic|p1b: Iron Hands\n|-damage|p1b: Iron Hands|73\/100\n|move|p1b: Iron Hands|Wild Charge|p2a: Kingambit\n|-supereffective|p2a: Kingambit\n|-damage|p2a: Kingambit|0 fnt\n|faint|p2a: Kingambit\n|-damage|p1b: Iron Hands|52\/100|[from] Recoil\n|\n|upkeep\n|\n|t:|1683399930\n|switch|p2a: Gyarados|Gyarados, L50, F, shiny|100\/100\n|-ability|p2a: Gyarados|Intimidate|boost\n|-unboost|p1a: Flutter Mane|atk|1\n|-unboost|p1b: Iron Hands|atk|1\n|turn|4\n|inactive|Atrix MJ has 30 seconds left.\n|\n|t:|1683399956\n|switch|p2b: Amoonguss|Amoonguss, L50, M|100\/100\n|move|p1b: Iron Hands|Protect|p1b: Iron Hands\n|-singleturn|p1b: Iron Hands|Protect\n|move|p1a: Flutter Mane|Shadow Ball|p2b: Amoonguss\n|-damage|p2b: Amoonguss|55\/100\n|move|p2a: Gyarados|Waterfall|p1b: Iron Hands\n|-activate|p1b: Iron Hands|move: Protect\n|\n|upkeep\n|turn|5\n|\n|t:|1683399980\n|-end|p1a: Flutter Mane|Protosynthesis|[silent]\n|switch|p1a: Arcanine|Arcanine, L50, F|100\/100\n|-ability|p1a: Arcanine|Intimidate|boost\n|-unboost|p2a: Gyarados|atk|1\n|-unboost|p2b: Amoonguss|atk|1\n|move|p2b: Amoonguss|Rage Powder|p2b: Amoonguss\n|-singleturn|p2b: Amoonguss|move: Rage Powder\n|move|p2a: Gyarados|Dragon Dance|p2a: Gyarados\n|-boost|p2a: Gyarados|atk|1\n|-boost|p2a: Gyarados|spe|1\n|move|p1b: Iron Hands|Drain Punch|p2b: Amoonguss\n|-resisted|p2b: Amoonguss\n|-damage|p2b: Amoonguss|28\/100\n|-heal|p1b: Iron Hands|64\/100|[from] drain|[of] p2b: Amoonguss\n|-enditem|p2b: Amoonguss|Sitrus Berry|[eat]\n|-heal|p2b: Amoonguss|53\/100|[from] item: Sitrus Berry\n|\n|upkeep\n|turn|6\n|\n|t:|1683400007\n|switch|p2b: Gothitelle|Gothitelle, L50, F|15\/100\n|move|p2a: Gyarados|Protect|p2a: Gyarados\n|-singleturn|p2a: Gyarados|Protect\n|move|p1a: Arcanine|Will-O-Wisp|p2a: Gyarados\n|-activate|p2a: Gyarados|move: Protect\n|move|p1b: Iron Hands|Swords Dance|p1b: Iron Hands\n|-boost|p1b: Iron Hands|atk|2\n|\n|upkeep\n|turn|7\n|\n|t:|1683400023\n|move|p1a: Arcanine|Protect|p1a: Arcanine\n|-singleturn|p1a: Arcanine|Protect\n|move|p1b: Iron Hands|Protect|p1b: Iron Hands\n|-singleturn|p1b: Iron Hands|Protect\n|move|p2b: Gothitelle|Fake Out|p1a: Arcanine\n|-activate|p1a: Arcanine|move: Protect\n|move|p2a: Gyarados|Waterfall|p1b: Iron Hands\n|-activate|p1b: Iron Hands|move: Protect\n|\n|upkeep\n|turn|8\n|\n|t:|1683400045\n|move|p2a: Gyarados|Waterfall|p1b: Iron Hands\n|-supereffective|p1b: Iron Hands\n|-damage|p1b: Iron Hands|0 fnt\n|faint|p1b: Iron Hands\n|-end|p1b: Iron Hands|Quark Drive|[silent]\n|move|p1a: Arcanine|Will-O-Wisp|p2a: Gyarados\n|-status|p2a: Gyarados|brn\n|move|p2b: Gothitelle|Trick Room|p2b: Gothitelle\n|-fieldstart|move: Trick Room|[of] p2b: Gothitelle\n|\n|-damage|p2a: Gyarados|95\/100 brn|[from] brn\n|upkeep\n|\n|t:|1683400057\n|switch|p1b: Flutter Mane|Flutter Mane, L50|100\/100\n|turn|9\n|inactive|Atrix MJ has 30 seconds left.\n|\n|t:|1683400084\n|switch|p2a: Amoonguss|Amoonguss, L50, M|86\/100\n|move|p2b: Gothitelle|Psychic|p1b: Flutter Mane\n|-damage|p1b: Flutter Mane|75\/100\n|move|p1a: Arcanine|Flare Blitz|p2b: Gothitelle\n|-damage|p2b: Gothitelle|0 fnt\n|faint|p2b: Gothitelle\n|-damage|p1a: Arcanine|96\/100|[from] Recoil\n|move|p1b: Flutter Mane|Shadow Ball|p2a: Amoonguss\n|-damage|p2a: Amoonguss|46\/100\n|\n|upkeep\n|\n|t:|1683400086\n|switch|p2b: Gyarados|Gyarados, L50, F, shiny|95\/100 brn\n|-ability|p2b: Gyarados|Intimidate|boost\n|-unboost|p1a: Arcanine|atk|1\n|-unboost|p1b: Flutter Mane|atk|1\n|turn|10\n|\n|t:|1683400107\n|move|p2a: Amoonguss|Spore|p1b: Flutter Mane\n|-status|p1b: Flutter Mane|slp|[from] move: Spore\n|move|p2b: Gyarados|Dragon Dance|p2b: Gyarados\n|-boost|p2b: Gyarados|atk|1\n|-boost|p2b: Gyarados|spe|1\n|move|p1a: Arcanine|Flare Blitz|p2a: Amoonguss\n|-supereffective|p2a: Amoonguss\n|-damage|p2a: Amoonguss|0 fnt\n|faint|p2a: Amoonguss\n|-damage|p1a: Arcanine|77\/100|[from] Recoil\n|cant|p1b: Flutter Mane|slp\n|\n|-damage|p2b: Gyarados|89\/100 brn|[from] brn\n|upkeep\n|turn|11\n|\n|t:|1683400125\n|move|p1a: Arcanine|Protect|p1a: Arcanine\n|-singleturn|p1a: Arcanine|Protect\n|move|p2b: Gyarados|Waterfall|p1b: Flutter Mane\n|-damage|p1b: Flutter Mane|14\/100 slp\n|cant|p1b: Flutter Mane|slp\n|\n|-damage|p2b: Gyarados|83\/100 brn|[from] brn\n|upkeep\n|turn|12\n|\n|t:|1683400139\n|move|p1a: Arcanine|Flare Blitz|p2b: Gyarados\n|-resisted|p2b: Gyarados\n|-damage|p2b: Gyarados|66\/100 brn\n|-damage|p1a: Arcanine|71\/100|[from] Recoil\n|move|p2b: Gyarados|Waterfall|p1b: Flutter Mane\n|-damage|p1b: Flutter Mane|0 fnt\n|faint|p1b: Flutter Mane\n|-end|p1b: Flutter Mane|Protosynthesis|[silent]\n|\n|-damage|p2b: Gyarados|60\/100 brn|[from] brn\n|-fieldend|move: Trick Room\n|upkeep\n|turn|13\n|\n|t:|1683400151\n|move|p2b: Gyarados|Waterfall|p1a: Arcanine\n|-supereffective|p1a: Arcanine\n|-damage|p1a: Arcanine|9\/100\n|-enditem|p1a: Arcanine|Figy Berry|[eat]\n|-heal|p1a: Arcanine|42\/100|[from] item: Figy Berry\n|move|p1a: Arcanine|Snarl|p2b: Gyarados\n|-damage|p2b: Gyarados|49\/100 brn\n|-unboost|p2b: Gyarados|spa|1\n|\n|-damage|p2b: Gyarados|43\/100 brn|[from] brn\n|upkeep\n|turn|14\n|-message|NejiSensei forfeited.\n|\n|win|Atrix MJ\n|raw|NejiSensei's rating: 1376 → 1360<\/strong> (-16 for losing)\n|raw|Atrix MJ's rating: 1455 → 1471<\/strong> (+16 for winning)\n|l|\u2606NejiSensei\n","uploadtime":1683400168,"views":18,"p1id":"nejisensei","p2id":"atrixmj","formatid":"gen9vgc2023regulationc","rating":1360,"private":0,"password":""}