{"id":"gen9vgc2023regulationc-1862822919","p1":"adrpen","p2":"izhankhan22","format":"[Gen 9] VGC 2023 Regulation C","log":"|j|\u2606adrpen\n|j|\u2606izhankhan22\n|t:|1683925883\n|gametype|doubles\n|player|p1|adrpen|pokekid|1184\n|player|p2|izhankhan22|266|1236\n|teamsize|p1|6\n|teamsize|p2|6\n|gen|9\n|tier|[Gen 9] VGC 2023 Regulation C\n|rated|\n|rule|Species Clause: Limit one of each Pok\u00e9mon\n|rule|Item Clause: Limit one of each item\n|clearpoke\n|poke|p1|Amoonguss, L50, M|\n|poke|p1|Palafin, L50, M|\n|poke|p1|Iron Hands, L50|\n|poke|p1|Arcanine, L50, M|\n|poke|p1|Flutter Mane, L50|\n|poke|p1|Dragonite, L50, M|\n|poke|p2|Abomasnow, L50, M|\n|poke|p2|Iron Bundle, L50|\n|poke|p2|Flutter Mane, L50|\n|poke|p2|Chien-Pao, L50|\n|poke|p2|Dragonite, L50, M|\n|poke|p2|Annihilape, L50, M|\n|teampreview|4\n|inactive|Battle timer is ON: inactive players will automatically lose when time's up. (requested by adrpen)\n|inactive|adrpen has 60 seconds left.\n|inactive|adrpen has 30 seconds left.\n|inactive|adrpen has 20 seconds left.\n|inactive|adrpen has 15 seconds left.\n|inactive|adrpen has 10 seconds left.\n|\n|t:|1683925967\n|start\n|switch|p1a: Palafin|Palafin, L50, M, shiny|100\/100\n|switch|p1b: Flutter Mane|Flutter Mane, L50|100\/100\n|switch|p2a: Annihilape|Annihilape, L50, M|100\/100\n|switch|p2b: Abomasnow|Abomasnow, L50, M|100\/100\n|-weather|Snow|[from] ability: Snow Warning|[of] p2b: Abomasnow\n|-enditem|p1b: Flutter Mane|Booster Energy\n|-activate|p1b: Flutter Mane|ability: Protosynthesis|[fromitem]\n|-start|p1b: Flutter Mane|protosynthesisspa\n|turn|1\n|inactive|adrpen has 30 seconds left.\n|\n|t:|1683925994\n|detailschange|p1a: Palafin|Palafin-Hero, L50, M, shiny\n|switch|p1a: Iron Hands|Iron Hands, L50, shiny|100\/100\n|-terastallize|p2a: Annihilape|Water\n|move|p1b: Flutter Mane|Substitute|p1b: Flutter Mane\n|-start|p1b: Flutter Mane|Substitute\n|-damage|p1b: Flutter Mane|76\/100\n|move|p2a: Annihilape|Rage Fist|p1b: Flutter Mane\n|-supereffective|p1b: Flutter Mane\n|-end|p1b: Flutter Mane|Substitute\n|move|p2b: Abomasnow|Aurora Veil|p2b: Abomasnow\n|-sidestart|p2: izhankhan22|move: Aurora Veil\n|\n|-weather|Snow|[upkeep]\n|upkeep\n|turn|2\n|inactive|adrpen has 30 seconds left.\n|\n|t:|1683926022\n|move|p1a: Iron Hands|Fake Out|p2a: Annihilape\n|-damage|p2a: Annihilape|92\/100\n|move|p1b: Flutter Mane|Moonblast|p2b: Abomasnow\n|-damage|p2b: Abomasnow|58\/100\n|cant|p2a: Annihilape|flinch\n|move|p2b: Abomasnow|Leech Seed|p1a: Iron Hands|[miss]\n|-miss|p2b: Abomasnow|p1a: Iron Hands\n|\n|-weather|Snow|[upkeep]\n|-heal|p2a: Annihilape|98\/100|[from] item: Leftovers\n|upkeep\n|turn|3\n|\n|t:|1683926039\n|move|p1b: Flutter Mane|Protect|p1b: Flutter Mane\n|-singleturn|p1b: Flutter Mane|Protect\n|move|p2a: Annihilape|Rage Fist|p1b: Flutter Mane\n|-activate|p1b: Flutter Mane|move: Protect\n|move|p2b: Abomasnow|Leech Seed|p1a: Iron Hands\n|-start|p1a: Iron Hands|move: Leech Seed\n|move|p1a: Iron Hands|Wild Charge|p2a: Annihilape\n|-supereffective|p2a: Annihilape\n|-damage|p2a: Annihilape|35\/100\n|-damage|p1a: Iron Hands|86\/100|[from] Recoil\n|\n|-weather|Snow|[upkeep]\n|-heal|p2a: Annihilape|41\/100|[from] item: Leftovers\n|-damage|p1a: Iron Hands|74\/100|[from] Leech Seed|[of] p2b: Abomasnow\n|-heal|p2b: Abomasnow|73\/100|[silent]\n|upkeep\n|turn|4\n|inactive|adrpen has 30 seconds left.\n|\n|t:|1683926067\n|move|p2a: Annihilape|Protect|p2a: Annihilape\n|-singleturn|p2a: Annihilape|Protect\n|move|p1b: Flutter Mane|Shadow Ball|p2a: Annihilape\n|-activate|p2a: Annihilape|move: Protect\n|move|p2b: Abomasnow|Leech Seed|p1b: Flutter Mane\n|-start|p1b: Flutter Mane|move: Leech Seed\n|move|p1a: Iron Hands|Drain Punch|p2b: Abomasnow\n|-supereffective|p2b: Abomasnow\n|-damage|p2b: Abomasnow|39\/100\n|-heal|p1a: Iron Hands|88\/100|[from] drain|[of] p2b: Abomasnow\n|\n|-weather|Snow|[upkeep]\n|-heal|p2a: Annihilape|47\/100|[from] item: Leftovers\n|-damage|p1b: Flutter Mane|63\/100|[from] Leech Seed|[of] p2b: Abomasnow\n|-heal|p2b: Abomasnow|50\/100|[silent]\n|-damage|p1a: Iron Hands|75\/100|[from] Leech Seed|[of] p2b: Abomasnow\n|-heal|p2b: Abomasnow|65\/100|[silent]\n|upkeep\n|turn|5\n|inactive|adrpen has 30 seconds left.\n|inactive|izhankhan22 has 30 seconds left.\n|inactive|adrpen has 20 seconds left.\n|inactive|adrpen has 15 seconds left.\n|inactive|adrpen has 10 seconds left.\n|\n|t:|1683926115\n|-end|p1b: Flutter Mane|Protosynthesis|[silent]\n|switch|p1b: Palafin|Palafin-Hero, L50, M, shiny|100\/100\n|-activate|p1b: Palafin|ability: Zero to Hero\n|switch|p2b: Dragonite|Dragonite, L50, M|100\/100\n|move|p2a: Annihilape|Rage Fist|p1b: Palafin\n|-crit|p1b: Palafin\n|-damage|p1b: Palafin|7\/100\n|move|p1a: Iron Hands|Wild Charge|p2a: Annihilape\n|-supereffective|p2a: Annihilape\n|-damage|p2a: Annihilape|0 fnt\n|faint|p2a: Annihilape\n|-damage|p1a: Iron Hands|65\/100|[from] Recoil\n|\n|-weather|none\n|-damage|p1a: Iron Hands|53\/100|[from] Leech Seed|[of] p2b: Dragonite\n|upkeep\n|\n|t:|1683926136\n|switch|p2a: Iron Bundle|Iron Bundle, L50|100\/100\n|turn|6\n|inactive|adrpen has 30 seconds left.\n|\n|t:|1683926171\n|-end|p1a: Iron Hands|Quark Drive|[silent]\n|switch|p1a: Amoonguss|Amoonguss, L50, M, shiny|100\/100\n|move|p1b: Palafin|Protect|p1b: Palafin\n|-singleturn|p1b: Palafin|Protect\n|move|p2b: Dragonite|Extreme Speed|p1b: Palafin\n|-activate|p1b: Palafin|move: Protect\n|move|p2a: Iron Bundle|Blizzard|p1b: Palafin|[spread] p1a\n|-activate|p1b: Palafin|move: Protect\n|-supereffective|p1a: Amoonguss\n|-damage|p1a: Amoonguss|0 fnt\n|faint|p1a: Amoonguss\n|\n|upkeep\n|\n|t:|1683926191\n|switch|p1a: Iron Hands|Iron Hands, L50, shiny|53\/100\n|turn|7\n|\n|t:|1683926208\n|move|p2b: Dragonite|Extreme Speed|p1a: Iron Hands\n|-damage|p1a: Iron Hands|18\/100\n|move|p1b: Palafin|Jet Punch|p2a: Iron Bundle\n|-resisted|p2a: Iron Bundle\n|-damage|p2a: Iron Bundle|85\/100\n|move|p2a: Iron Bundle|Blizzard|p1b: Palafin|[spread] p1a\n|-miss|p2a: Iron Bundle|p1b: Palafin\n|-damage|p1a: Iron Hands|0 fnt\n|faint|p1a: Iron Hands\n|-end|p1a: Iron Hands|Quark Drive|[silent]\n|\n|upkeep\n|c|\u2606izhankhan22|gg\n|\n|t:|1683926218\n|switch|p1a: Flutter Mane|Flutter Mane, L50|63\/100\n|turn|8\n|\n|t:|1683926236\n|switch|p2b: Abomasnow|Abomasnow, L50, M|65\/100\n|-weather|Snow|[from] ability: Snow Warning|[of] p2b: Abomasnow\n|move|p1b: Palafin|Jet Punch|p2a: Iron Bundle\n|-resisted|p2a: Iron Bundle\n|-damage|p2a: Iron Bundle|75\/100\n|move|p2a: Iron Bundle|Blizzard|p1b: Palafin|[spread] p1a,p1b\n|-resisted|p1b: Palafin\n|-damage|p1a: Flutter Mane|9\/100\n|-damage|p1b: Palafin|0 fnt\n|faint|p1b: Palafin\n|move|p1a: Flutter Mane|Moonblast|p2a: Iron Bundle\n|-crit|p2a: Iron Bundle\n|-damage|p2a: Iron Bundle|0 fnt\n|faint|p2a: Iron Bundle\n|-end|p2a: Iron Bundle|Quark Drive|[silent]\n|\n|-weather|Snow|[upkeep]\n|-sideend|p2: izhankhan22|move: Aurora Veil\n|upkeep\n|\n|t:|1683926255\n|switch|p2a: Dragonite|Dragonite, L50, M|100\/100\n|turn|9\n|\n|t:|1683926265\n|move|p1a: Flutter Mane|Moonblast|p2a: Dragonite\n|-supereffective|p2a: Dragonite\n|-damage|p2a: Dragonite|56\/100\n|move|p2a: Dragonite|Ice Spinner|p1a: Flutter Mane\n|-damage|p1a: Flutter Mane|0 fnt\n|faint|p1a: Flutter Mane\n|-end|p1a: Flutter Mane|Protosynthesis|[silent]\n|\n|win|izhankhan22\n|raw|adrpen's rating: 1184 → 1163<\/strong> (-21 for losing)\n|raw|izhankhan22's rating: 1236 → 1257<\/strong> (+21 for winning)\n|c|\u2606izhankhan22|gg\n|l|\u2606izhankhan22\n","uploadtime":1683926279,"views":12,"p1id":"adrpen","p2id":"izhankhan22","formatid":"gen9vgc2023regulationc","rating":1163,"private":0,"password":""}