{"id":"gen9vgc2023regulationc-1846597153","p1":"Chavalonmaster","p2":"Rah300","format":"[Gen 9] VGC 2023 Regulation C","log":"|j|\u2606Chavalonmaster\n|j|\u2606Rah300\n|t:|1681855557\n|gametype|doubles\n|player|p1|Chavalonmaster|1|1143\n|player|p2|Rah300|102|1186\n|teamsize|p1|6\n|teamsize|p2|6\n|gen|9\n|tier|[Gen 9] VGC 2023 Regulation C\n|rated|\n|rule|Species Clause: Limit one of each Pok\u00e9mon\n|rule|Item Clause: Limit one of each item\n|clearpoke\n|poke|p1|Goodra, L50, M|\n|poke|p1|Palafin, L50, M|\n|poke|p1|Lumineon, L50, F|\n|poke|p1|Iron Valiant, L50|\n|poke|p1|Chien-Pao, L50|\n|poke|p1|Zoroark, L50, F|\n|poke|p2|Annihilape, L50, M|\n|poke|p2|Lokix, L50, M|\n|poke|p2|Glaceon, L50, M|\n|poke|p2|Abomasnow, L50, F|\n|poke|p2|Coalossal, L50, M|\n|poke|p2|Espathra, L50, M|\n|teampreview|4\n|inactive|Battle timer is ON: inactive players will automatically lose when time's up. (requested by Rah300)\n|inactive|Chavalonmaster has 60 seconds left.\n|\n|t:|1681855595\n|start\n|switch|p1a: Palafin|Palafin, L50, M, shiny|100\/100\n|switch|p1b: Goodra|Goodra, L50, M, shiny|100\/100\n|switch|p2a: Lokix|Lokix, L50, M|100\/100\n|switch|p2b: Abomasnow|Abomasnow, L50, F|100\/100\n|-weather|Snow|[from] ability: Snow Warning|[of] p2b: Abomasnow\n|turn|1\n|inactive|Chavalonmaster has 30 seconds left.\n|inactive|Chavalonmaster has 20 seconds left.\n|inactive|Chavalonmaster has 15 seconds left.\n|inactive|Chavalonmaster has 10 seconds left.\n|inactive|Chavalonmaster has 5 seconds left.\n|\n|t:|1681855645\n|-terastallize|p1a: Palafin|Fairy\n|move|p1a: Palafin|Rain Dance|p1a: Palafin\n|-weather|RainDance\n|move|p2a: Lokix|Trailblaze|p1a: Palafin\n|-damage|p1a: Palafin|71\/100\n|-boost|p2a: Lokix|spe|1\n|replace|p1a: Zoroark|Zoroark, L50, F\n|-end|p1a: Zoroark|Illusion\n|move|p1b: Goodra|Acid Spray|p2b: Abomasnow\n|-supereffective|p2b: Abomasnow\n|-damage|p2b: Abomasnow|81\/100\n|-unboost|p2b: Abomasnow|spd|2\n|move|p2b: Abomasnow|Aurora Veil||[still]\n|-fail|p2b: Abomasnow\n|\n|-weather|RainDance|[upkeep]\n|upkeep\n|turn|2\n|inactive|Chavalonmaster has 30 seconds left.\n|\n|t:|1681855679\n|switch|p1a: Palafin|Palafin, L50, M, shiny|100\/100\n|move|p2a: Lokix|Leech Life|p1a: Palafin\n|-damage|p1a: Palafin|54\/100\n|move|p1b: Goodra|Thunder|p2a: Lokix\n|-damage|p2a: Lokix|43\/100\n|move|p2b: Abomasnow|Snowscape|p2b: Abomasnow\n|-weather|Snow\n|\n|-weather|Snow|[upkeep]\n|upkeep\n|turn|3\n|\n|t:|1681855700\n|move|p1a: Palafin|Protect|p1a: Palafin\n|-singleturn|p1a: Palafin|Protect\n|move|p2a: Lokix|Leech Life|p1a: Palafin\n|-activate|p1a: Palafin|move: Protect\n|move|p1b: Goodra|Rain Dance|p1b: Goodra\n|-weather|RainDance\n|move|p2b: Abomasnow|Aurora Veil||[still]\n|-fail|p2b: Abomasnow\n|\n|-weather|RainDance|[upkeep]\n|upkeep\n|turn|4\n|\n|t:|1681855717\n|move|p1a: Palafin|Jet Punch|p2a: Lokix\n|-damage|p2a: Lokix|0 fnt\n|faint|p2a: Lokix\n|move|p1b: Goodra|Acid Spray|p2b: Abomasnow\n|-supereffective|p2b: Abomasnow\n|-damage|p2b: Abomasnow|45\/100\n|-unboost|p2b: Abomasnow|spd|2\n|move|p2b: Abomasnow|Snowscape|p2b: Abomasnow\n|-weather|Snow\n|\n|-weather|Snow|[upkeep]\n|upkeep\n|\n|t:|1681855728\n|switch|p2a: Glaceon|Glaceon, L50, M|100\/100\n|turn|5\n|\n|t:|1681855739\n|detailschange|p1a: Palafin|Palafin-Hero, L50, M, shiny\n|switch|p1a: Palafin|Palafin-Hero, L50, M, shiny, tera:Fairy|71\/100\n|move|p1b: Goodra|Rain Dance|p1b: Goodra\n|-weather|RainDance\n|move|p2a: Glaceon|Blizzard|p1a: Palafin|[spread] p1a,p1b\n|-supereffective|p1b: Goodra\n|-crit|p1b: Goodra\n|-damage|p1a: Palafin|0 fnt\n|-damage|p1b: Goodra|0 fnt\n|replace|p1a: Zoroark|Zoroark, L50, F\n|-end|p1a: Zoroark|Illusion\n|faint|p1a: Zoroark\n|faint|p1b: Goodra\n|move|p2b: Abomasnow|Giga Drain|p1: Zoroark|[notarget]\n|-fail|p2b: Abomasnow\n|\n|-weather|RainDance|[upkeep]\n|upkeep\n|\n|t:|1681855755\n|switch|p1a: Chien-Pao|Chien-Pao, L50|100\/100\n|switch|p1b: Palafin|Palafin-Hero, L50, M, shiny|54\/100\n|-ability|p1a: Chien-Pao|Sword of Ruin\n|-activate|p1b: Palafin|ability: Zero to Hero\n|turn|6\n|\n|t:|1681855776\n|move|p1a: Chien-Pao|Ice Spinner|p2b: Abomasnow\n|-damage|p2b: Abomasnow|0 fnt\n|faint|p2b: Abomasnow\n|move|p1b: Palafin|Drain Punch|p2a: Glaceon\n|-supereffective|p2a: Glaceon\n|-damage|p2a: Glaceon|39\/100\n|-heal|p1b: Palafin|85\/100|[from] drain|[of] p2a: Glaceon\n|move|p2a: Glaceon|Yawn|p1a: Chien-Pao\n|-start|p1a: Chien-Pao|move: Yawn|[of] p2a: Glaceon\n|\n|-weather|RainDance|[upkeep]\n|upkeep\n|\n|t:|1681855788\n|switch|p2b: Annihilape|Annihilape, L50, M|100\/100\n|turn|7\n|inactive|Chavalonmaster has 30 seconds left.\n|\n|t:|1681855822\n|move|p2a: Glaceon|Detect|p2a: Glaceon\n|-singleturn|p2a: Glaceon|Protect\n|move|p1b: Palafin|Jet Punch|p2b: Annihilape\n|-damage|p2b: Annihilape|31\/100\n|move|p1a: Chien-Pao|Psychic Fangs|p2b: Annihilape\n|-supereffective|p2b: Annihilape\n|-damage|p2b: Annihilape|0 fnt\n|faint|p2b: Annihilape\n|\n|-weather|RainDance|[upkeep]\n|-end|p1a: Chien-Pao|move: Yawn|[silent]\n|-status|p1a: Chien-Pao|slp\n|upkeep\n|turn|8\n|-message|Rah300 forfeited.\n|\n|win|Chavalonmaster\n|raw|Chavalonmaster's rating: 1143 → 1171<\/strong> (+28 for winning)\n|raw|Rah300's rating: 1186 → 1158<\/strong> (-28 for losing)\n|l|\u2606Rah300\n","uploadtime":1681855839,"views":12,"p1id":"chavalonmaster","p2id":"rah300","formatid":"gen9vgc2023regulationc","rating":1158,"private":0,"password":""}