{"id":"gen9vgc2023regulationc-1860570779","p1":"DaddySenpai423","p2":"Nejisuke","format":"[Gen 9] VGC 2023 Regulation C","log":"|j|\u2606DaddySenpai423\n|j|\u203dNejisuke\n|t:|1683655432\n|gametype|doubles\n|player|p1|DaddySenpai423|byron|1076\n|player|p2|Nejisuke|1|1071\n|teamsize|p1|6\n|teamsize|p2|6\n|gen|9\n|tier|[Gen 9] VGC 2023 Regulation C\n|rated|\n|rule|Species Clause: Limit one of each Pok\u00e9mon\n|rule|Item Clause: Limit one of each item\n|clearpoke\n|poke|p1|Flutter Mane, L50|\n|poke|p1|Amoonguss, L50, M|\n|poke|p1|Ting-Lu, L50|\n|poke|p1|Arcanine, L50, F|\n|poke|p1|Iron Hands, L50|\n|poke|p1|Glimmora, L50, F|\n|poke|p2|Gengar, L50, F|\n|poke|p2|Gothitelle, L50, F|\n|poke|p2|Toxapex, L50, F|\n|poke|p2|Garganacl, L50, M|\n|poke|p2|Glimmora, L50, M|\n|poke|p2|Wo-Chien, L50|\n|teampreview|4\nDaddySenpai423 rejected open team sheets.\n|\n|t:|1683655475\n|start\n|switch|p1a: Flutter Mane|Flutter Mane, L50, shiny|100\/100\n|switch|p1b: Amoonguss|Amoonguss, L50, M, shiny|100\/100\n|switch|p2a: Glimmora|Glimmora, L50, M|100\/100\n|switch|p2b: Gengar|Gengar, L50, F|100\/100\n|-enditem|p1a: Flutter Mane|Booster Energy\n|-activate|p1a: Flutter Mane|ability: Protosynthesis|[fromitem]\n|-start|p1a: Flutter Mane|protosynthesisspe\n|turn|1\n|inactive|Battle timer is ON: inactive players will automatically lose when time's up. (requested by Nejisuke)\n|\n|t:|1683655498\n|move|p1a: Flutter Mane|Hex|p2b: Gengar\n|-supereffective|p2b: Gengar\n|-damage|p2b: Gengar|9\/100\n|move|p2b: Gengar|Perish Song|p2b: Gengar\n|-start|p1a: Flutter Mane|perish3|[silent]\n|-start|p1b: Amoonguss|perish3|[silent]\n|-start|p2a: Glimmora|perish3|[silent]\n|-start|p2b: Gengar|perish3|[silent]\n|-fieldactivate|move: Perish Song\n|move|p2a: Glimmora|Mortal Spin|p1a: Flutter Mane|[spread] p1a,p1b\n|-damage|p1a: Flutter Mane|89\/100\n|-damage|p1b: Amoonguss|96\/100\n|-status|p1a: Flutter Mane|psn\n|-damage|p2a: Glimmora|84\/100|[from] item: Rocky Helmet|[of] p1b: Amoonguss\n|move|p1b: Amoonguss|Spore|p2a: Glimmora\n|-status|p2a: Glimmora|slp|[from] move: Spore\n|\n|-damage|p1a: Flutter Mane|77\/100 psn|[from] psn\n|-start|p1a: Flutter Mane|perish3\n|-start|p2b: Gengar|perish3\n|-start|p2a: Glimmora|perish3\n|-start|p1b: Amoonguss|perish3\n|upkeep\n|turn|2\n|inactive|DaddySenpai423 has 30 seconds left.\n|inactive|DaddySenpai423 has 20 seconds left.\n|inactive|DaddySenpai423 has 15 seconds left.\n|\n|t:|1683655541\n|switch|p2a: Gothitelle|Gothitelle, L50, F|100\/100\n|move|p1a: Flutter Mane|Dazzling Gleam|p2b: Gengar|[spread] p2a,p2b\n|-resisted|p2b: Gengar\n|-damage|p2a: Gothitelle|78\/100\n|-damage|p2b: Gengar|0 fnt\n|faint|p2b: Gengar\n|move|p1b: Amoonguss|Pollen Puff|p1a: Flutter Mane\n|-heal|p1a: Flutter Mane|100\/100 psn\n|\n|-damage|p1a: Flutter Mane|88\/100 psn|[from] psn\n|-start|p1a: Flutter Mane|perish2\n|-start|p1b: Amoonguss|perish2\n|upkeep\n|\n|t:|1683655556\n|switch|p2b: Garganacl|Garganacl, L50, M|100\/100\n|turn|3\n|\n|t:|1683655570\n|-end|p1a: Flutter Mane|Protosynthesis|[silent]\n|switch|p1a: Glimmora|Glimmora, L50, F, shiny|100\/100\n|-item|p1a: Glimmora|Air Balloon\n|move|p2a: Gothitelle|Protect|p2a: Gothitelle\n|-singleturn|p2a: Gothitelle|Protect\n|move|p2b: Garganacl|Protect|p2b: Garganacl\n|-singleturn|p2b: Garganacl|Protect\n|move|p1b: Amoonguss|Spore|p2b: Garganacl\n|-activate|p2b: Garganacl|move: Protect\n|\n|-start|p1b: Amoonguss|perish1\n|upkeep\n|turn|4\n|\n|t:|1683655594\n|-terastallize|p2b: Garganacl|Ghost\n|move|p1b: Amoonguss|Rage Powder|p1b: Amoonguss\n|-singleturn|p1b: Amoonguss|move: Rage Powder\n|move|p1a: Glimmora|Mortal Spin|p2b: Garganacl|[spread] p2a,p2b\n|-resisted|p2b: Garganacl\n|-damage|p2a: Gothitelle|74\/100\n|-damage|p2b: Garganacl|99\/100\n|-status|p2a: Gothitelle|psn\n|move|p2a: Gothitelle|Light Screen|p2a: Gothitelle\n|-sidestart|p2: Nejisuke|move: Light Screen\n|move|p2b: Garganacl|Salt Cure|p1b: Amoonguss\n|-damage|p1b: Amoonguss|85\/100\n|-start|p1b: Amoonguss|Salt Cure\n|\n|-damage|p2a: Gothitelle|62\/100 psn|[from] psn\n|-damage|p1b: Amoonguss|73\/100|[from] Salt Cure\n|-start|p1b: Amoonguss|perish0\n|faint|p1b: Amoonguss\n|upkeep\n|inactive|DaddySenpai423 has 30 seconds left.\n|\n|t:|1683655623\n|switch|p1b: Flutter Mane|Flutter Mane, L50, shiny|88\/100 psn\n|turn|5\n|inactive|DaddySenpai423 has 30 seconds left.\n|\n|t:|1683655653\n|move|p2a: Gothitelle|Protect|p2a: Gothitelle\n|-singleturn|p2a: Gothitelle|Protect\n|move|p1b: Flutter Mane|Hex|p2a: Gothitelle\n|-activate|p2a: Gothitelle|move: Protect\n|move|p1a: Glimmora|Power Gem|p2a: Gothitelle\n|-activate|p2a: Gothitelle|move: Protect\n|move|p2b: Garganacl|Salt Cure|p1a: Glimmora\n|-damage|p1a: Glimmora|86\/100\n|-start|p1a: Glimmora|Salt Cure\n|-activate|p1a: Glimmora|ability: Toxic Debris\n|-sidestart|p2: Nejisuke|move: Toxic Spikes\n|-enditem|p1a: Glimmora|Air Balloon\n|\n|-damage|p1b: Flutter Mane|76\/100 psn|[from] psn\n|-damage|p2a: Gothitelle|49\/100 psn|[from] psn\n|-damage|p1a: Glimmora|74\/100|[from] Salt Cure\n|upkeep\n|turn|6\n|\n|t:|1683655678\n|move|p1b: Flutter Mane|Hex|p2a: Gothitelle\n|-supereffective|p2a: Gothitelle\n|-damage|p2a: Gothitelle|0 fnt\n|faint|p2a: Gothitelle\n|move|p1a: Glimmora|Power Gem|p2b: Garganacl\n|-damage|p2b: Garganacl|80\/100\n|move|p2b: Garganacl|Salt Cure|p1b: Flutter Mane\n|-damage|p1b: Flutter Mane|46\/100 psn\n|-start|p1b: Flutter Mane|Salt Cure\n|\n|-damage|p1b: Flutter Mane|33\/100 psn|[from] psn\n|-damage|p1b: Flutter Mane|21\/100 psn|[from] Salt Cure\n|-damage|p1a: Glimmora|62\/100|[from] Salt Cure\n|upkeep\n|\n|t:|1683655690\n|switch|p2a: Glimmora|Glimmora, L50, M|84\/100 slp\n|-sideend|p2: Nejisuke|move: Toxic Spikes|[of] p2a: Glimmora\n|turn|7\n|inactive|DaddySenpai423 has 30 seconds left.\n|inactive|DaddySenpai423 has 20 seconds left.\n|inactive|DaddySenpai423 has 15 seconds left.\n|\n|t:|1683655733\n|-end|p1b: Flutter Mane|Protosynthesis|[silent]\n|switch|p1b: Ting-Lu|Ting-Lu, L50|100\/100\n|-ability|p1b: Ting-Lu|Vessel of Ruin\n|move|p1a: Glimmora|Power Gem|p2b: Garganacl\n|-damage|p2b: Garganacl|65\/100\n|cant|p2a: Glimmora|slp\n|move|p2b: Garganacl|Iron Defense|p2b: Garganacl\n|-boost|p2b: Garganacl|def|2\n|\n|-damage|p1a: Glimmora|50\/100|[from] Salt Cure\n|upkeep\n|turn|8\n|\n|t:|1683655754\n|move|p1a: Glimmora|Energy Ball|p2b: Garganacl\n|-damage|p2b: Garganacl|55\/100\n|cant|p2a: Glimmora|slp\n|move|p2b: Garganacl|Salt Cure|p1b: Ting-Lu\n|-resisted|p1b: Ting-Lu\n|-damage|p1b: Ting-Lu|97\/100\n|-start|p1b: Ting-Lu|Salt Cure\n|move|p1b: Ting-Lu|Stomping Tantrum|p2a: Glimmora\n|-supereffective|p2a: Glimmora\n|-damage|p2a: Glimmora|0 fnt\n|-activate|p2a: Glimmora|ability: Toxic Debris\n|-sidestart|p1: DaddySenpai423|move: Toxic Spikes\n|faint|p2a: Glimmora\n|\n|-damage|p1a: Glimmora|38\/100|[from] Salt Cure\n|-damage|p1b: Ting-Lu|84\/100|[from] Salt Cure\n|-sideend|p2: Nejisuke|move: Light Screen\n|upkeep\n|turn|9\n|inactive|DaddySenpai423 has 30 seconds left.\n|\n|t:|1683655782\n|-terastallize|p1a: Glimmora|Grass\n|move|p1a: Glimmora|Energy Ball|p2b: Garganacl\n|-damage|p2b: Garganacl|31\/100\n|move|p2b: Garganacl|Recover|p2b: Garganacl\n|-heal|p2b: Garganacl|82\/100\n|move|p1b: Ting-Lu|Throat Chop|p2b: Garganacl\n|-supereffective|p2b: Garganacl\n|-damage|p2b: Garganacl|58\/100\n|\n|-damage|p1a: Glimmora|25\/100|[from] Salt Cure\n|-damage|p1b: Ting-Lu|72\/100|[from] Salt Cure\n|upkeep\n|turn|10\n|\n|t:|1683655799\n|move|p1a: Glimmora|Energy Ball|p2b: Garganacl\n|-damage|p2b: Garganacl|32\/100\n|move|p2b: Garganacl|Recover|p2b: Garganacl\n|-heal|p2b: Garganacl|83\/100\n|move|p1b: Ting-Lu|Throat Chop|p2b: Garganacl\n|-supereffective|p2b: Garganacl\n|-damage|p2b: Garganacl|57\/100\n|\n|-damage|p1a: Glimmora|13\/100|[from] Salt Cure\n|-damage|p1b: Ting-Lu|60\/100|[from] Salt Cure\n|upkeep\n|turn|11\n|inactive|DaddySenpai423 has 30 seconds left.\n|\n|t:|1683655830\n|move|p1a: Glimmora|Energy Ball|p2b: Garganacl\n|-damage|p2b: Garganacl|31\/100\n|move|p2b: Garganacl|Recover|p2b: Garganacl\n|-heal|p2b: Garganacl|82\/100\n|move|p1b: Ting-Lu|Fissure|p2b: Garganacl|[miss]\n|-miss|p1b: Ting-Lu|p2b: Garganacl\n|\n|-damage|p1a: Glimmora|1\/100|[from] Salt Cure\n|-damage|p1b: Ting-Lu|48\/100|[from] Salt Cure\n|upkeep\n|turn|12\n|\n|t:|1683655842\n|move|p2b: Garganacl|Protect|p2b: Garganacl\n|-singleturn|p2b: Garganacl|Protect\n|move|p1a: Glimmora|Energy Ball|p2b: Garganacl\n|-activate|p2b: Garganacl|move: Protect\n|move|p1b: Ting-Lu|Fissure|p2b: Garganacl\n|-activate|p2b: Garganacl|move: Protect\n|\n|-damage|p1a: Glimmora|0 fnt|[from] Salt Cure\n|faint|p1a: Glimmora\n|-damage|p1b: Ting-Lu|36\/100|[from] Salt Cure\n|upkeep\n|\n|t:|1683655845\n|switch|p1a: Flutter Mane|Flutter Mane, L50, shiny|21\/100 psn\n|turn|13\n|\n|t:|1683655860\n|move|p1a: Flutter Mane|Hex|p2b: Garganacl\n|-supereffective|p2b: Garganacl\n|-damage|p2b: Garganacl|63\/100\n|move|p2b: Garganacl|Salt Cure|p1a: Flutter Mane\n|-damage|p1a: Flutter Mane|0 fnt\n|faint|p1a: Flutter Mane\n|-end|p1a: Flutter Mane|Protosynthesis|[silent]\n|move|p1b: Ting-Lu|Fissure|p2b: Garganacl\n|-damage|p2b: Garganacl|0 fnt\n|faint|p2b: Garganacl\n|-ohko\n|\n|win|DaddySenpai423\n|raw|DaddySenpai423's rating: 1076 → 1104<\/strong> (+28 for winning)\n|raw|Nejisuke's rating: 1071 → 1051<\/strong> (-20 for losing)\n|l|\u203dNejisuke\n|c|\u2606DaddySenpai423|gg\n","uploadtime":1683655892,"views":10,"p1id":"daddysenpai423","p2id":"nejisuke","formatid":"gen9vgc2023regulationc","rating":1051,"private":0,"password":""}