{"id":"gen9vgc2023regulationc-1861227342","p1":"DarthIgnus","p2":"Draco Jack17","format":"[Gen 9] VGC 2023 Regulation C","log":"|j|\u2606DarthIgnus\n|j|\u2606Draco Jack17\n|t:|1683737586\n|gametype|doubles\n|player|p1|DarthIgnus|dragontamer|\n|player|p2|Draco Jack17|n|\n|teamsize|p1|6\n|teamsize|p2|6\n|gen|9\n|tier|[Gen 9] VGC 2023 Regulation C\n|rule|Species Clause: Limit one of each Pok\u00e9mon\n|rule|Item Clause: Limit one of each item\n|clearpoke\n|poke|p1|Orthworm, L50, M|\n|poke|p1|Flutter Mane, L50|\n|poke|p1|Dragonite, L50, F|\n|poke|p1|Ting-Lu, L50|\n|poke|p1|Baxcalibur, L50, F|\n|poke|p1|Gyarados, L50, F|\n|poke|p2|Amoonguss, L50, M|\n|poke|p2|Iron Bundle, L50|\n|poke|p2|Chi-Yu, L50|\n|poke|p2|Dragapult, L50, F|\n|poke|p2|Scream Tail, L50|\n|poke|p2|Ting-Lu, L50|\n|teampreview|4\nDraco Jack17 has agreed to open team sheets.\n|c|\u2606DarthIgnus|Sorry lol\nDarthIgnus has agreed to open team sheets.\n|c|\u2606Draco Jack17|lol all good\n|\n|t:|1683737667\n|start\n|switch|p1a: Orthworm|Orthworm, L50, M|100\/100\n|switch|p1b: Ting-Lu|Ting-Lu, L50|100\/100\n|switch|p2a: Pride 2|Scream Tail, L50|100\/100\n|switch|p2b: Lust 2|Chi-Yu, L50|100\/100\n|-ability|p2b: Lust 2|Beads of Ruin\n|-ability|p1b: Ting-Lu|Vessel of Ruin\n|-enditem|p2a: Pride 2|Booster Energy\n|-activate|p2a: Pride 2|ability: Protosynthesis|[fromitem]\n|-start|p2a: Pride 2|protosynthesisspe\n|turn|1\n|\n|t:|1683737695\n|-terastallize|p2b: Lust 2|Ghost\n|-terastallize|p1a: Orthworm|Fire\n|move|p2a: Pride 2|Play Rough|p1b: Ting-Lu\n|-supereffective|p1b: Ting-Lu\n|-damage|p1b: Ting-Lu|69\/100\n|move|p2b: Lust 2|Heat Wave|p1a: Orthworm|[spread] p1a,p1b\n|-resisted|p1a: Orthworm\n|-damage|p1a: Orthworm|82\/100\n|-damage|p1b: Ting-Lu|46\/100\n|move|p1b: Ting-Lu|Earthquake|p2a: Pride 2|[spread] p2a,p2b\n|-heal|p1a: Orthworm|100\/100|[from] ability: Earth Eater|[of] p1b: Ting-Lu\n|-damage|p2a: Pride 2|55\/100\n|-damage|p2b: Lust 2|35\/100\n|move|p1a: Orthworm|Heavy Slam|p2a: Pride 2\n|-supereffective|p2a: Pride 2\n|-damage|p2a: Pride 2|0 fnt\n|faint|p2a: Pride 2\n|-end|p2a: Pride 2|Protosynthesis|[silent]\n|\n|upkeep\n|\n|t:|1683737709\n|switch|p2a: Greed|Iron Bundle, L50|100\/100\n|turn|2\n|\n|t:|1683737736\n|move|p2b: Lust 2|Protect|p2b: Lust 2\n|-singleturn|p2b: Lust 2|Protect\n|move|p2a: Greed|Hydro Pump|p1a: Orthworm\n|-supereffective|p1a: Orthworm\n|-damage|p1a: Orthworm|0 fnt\n|faint|p1a: Orthworm\n|move|p1b: Ting-Lu|Earthquake|p2b: Lust 2|[spread] p2a\n|-activate|p2b: Lust 2|move: Protect\n|-damage|p2a: Greed|45\/100\n|\n|upkeep\n|\n|t:|1683737747\n|switch|p1a: Dragonite|Dragonite, L50, F|100\/100\n|turn|3\n|\n|t:|1683737765\n|-end|p2a: Greed|Quark Drive|[silent]\n|switch|p2a: Gluttony|Amoonguss, L50, M|100\/100\n|move|p1a: Dragonite|Extreme Speed|p2a: Gluttony\n|-damage|p2a: Gluttony|79\/100\n|move|p2b: Lust 2|Overheat|p1b: Ting-Lu\n|-damage|p1b: Ting-Lu|0 fnt\n|-unboost|p2b: Lust 2|spa|2\n|faint|p1b: Ting-Lu\n|\n|upkeep\n|\n|t:|1683737775\n|switch|p1b: Gyarados|Gyarados, L50, F|100\/100\n|-ability|p1b: Gyarados|Intimidate|boost\n|-unboost|p2a: Gluttony|atk|1\n|-unboost|p2b: Lust 2|atk|1\n|turn|4\n|\n|t:|1683737798\n|switch|p2b: Greed|Iron Bundle, L50|45\/100\n|move|p1a: Dragonite|Dragon Dance|p1a: Dragonite\n|-boost|p1a: Dragonite|atk|1\n|-boost|p1a: Dragonite|spe|1\n|move|p1b: Gyarados|Bulldoze|p2b: Greed|[spread] p2a,p2b\n|-immune|p1a: Dragonite\n|-damage|p2a: Gluttony|69\/100\n|-damage|p2b: Greed|30\/100\n|-unboost|p2a: Gluttony|spe|1\n|-unboost|p2b: Greed|spe|1\n|move|p2a: Gluttony|Pollen Puff|p2b: Greed\n|-heal|p2b: Greed|80\/100\n|\n|upkeep\n|turn|5\n|\n|t:|1683737834\n|switch|p2a: Lust 2|Chi-Yu, L50, tera:Ghost|35\/100\n|-ability|p2a: Lust 2|Beads of Ruin\n|move|p1a: Dragonite|Aerial Ace|p2a: Lust 2\n|-damage|p2a: Lust 2|0 fnt\n|faint|p2a: Lust 2\n|move|p2b: Greed|Freeze-Dry|p1a: Dragonite\n|-supereffective|p1a: Dragonite\n|-damage|p1a: Dragonite|0 fnt\n|faint|p1a: Dragonite\n|move|p1b: Gyarados|Thunder Wave|p2b: Greed\n|-status|p2b: Greed|par\n|\n|upkeep\n|\n|t:|1683737841\n|switch|p2a: Gluttony|Amoonguss, L50, M|100\/100\n|turn|6\n|\n|t:|1683737858\n|move|p1b: Gyarados|Waterfall|p2b: Greed\n|-resisted|p2b: Greed\n|-damage|p2b: Greed|61\/100 par\n|cant|p2b: Greed|flinch\n|move|p2a: Gluttony|Pollen Puff|p2b: Greed\n|-heal|p2b: Greed|100\/100 par\n|\n|upkeep\n|turn|7\n|\n|t:|1683737872\n|move|p1b: Gyarados|Taunt|p2a: Gluttony\n|-start|p2a: Gluttony|move: Taunt\n|cant|p2b: Greed|par\n|move|p2a: Gluttony|Pollen Puff|p2b: Greed\n|-immune|p2b: Greed\n|\n|upkeep\n|turn|8\n|\n|t:|1683737885\n|move|p1b: Gyarados|Waterfall|p2b: Greed\n|-resisted|p2b: Greed\n|-damage|p2b: Greed|78\/100 par\n|move|p2b: Greed|Freeze-Dry|p1b: Gyarados\n|-supereffective|p1b: Gyarados\n|-damage|p1b: Gyarados|0 fnt\n|faint|p1b: Gyarados\n|\n|win|Draco Jack17\n|c|\u2606Draco Jack17|ggwp\n|c|\u2606DarthIgnus|I have a better team if you are interessted\n|c|\u2606Draco Jack17|sure!\n","uploadtime":1683737908,"views":6,"p1id":"darthignus","p2id":"dracojack17","formatid":"gen9vgc2023regulationc","rating":0,"private":0,"password":""}