{"id":"gen9vgc2023regulationc-1845124048","p1":"AcariciamEsta","p2":"brlazerz10","format":"[Gen 9] VGC 2023 Regulation C","log":"|j|\u2606AcariciamEsta\n|j|\u2606brlazerz10\n|t:|1681686371\n|gametype|doubles\n|player|p1|AcariciamEsta|bruno|1176\n|player|p2|brlazerz10|265|1160\n|teamsize|p1|6\n|teamsize|p2|6\n|gen|9\n|tier|[Gen 9] VGC 2023 Regulation C\n|rated|\n|rule|Species Clause: Limit one of each Pok\u00e9mon\n|rule|Item Clause: Limit one of each item\n|clearpoke\n|poke|p1|Arcanine, L50, M|\n|poke|p1|Ting-Lu, L50|\n|poke|p1|Amoonguss, L50, F|\n|poke|p1|Palafin, L50, M|\n|poke|p1|Dragonite, L50, M|\n|poke|p1|Flutter Mane, L50|\n|poke|p2|Amoonguss, L50, M|\n|poke|p2|Azumarill, L50, F|\n|poke|p2|Dragapult, L50, F|\n|poke|p2|Chien-Pao, L50|\n|poke|p2|Volcarona, L50, M|\n|poke|p2|Flutter Mane, L50|\n|teampreview|4\n|inactive|Battle timer is ON: inactive players will automatically lose when time's up. (requested by AcariciamEsta)\n|inactive|brlazerz10 has 60 seconds left.\n|\n|t:|1681686427\n|start\n|switch|p1a: Flutter Mane|Flutter Mane, L50|100\/100\n|switch|p1b: Palafin|Palafin, L50, M|100\/100\n|switch|p2a: Dragapult|Dragapult, L50, F|100\/100\n|switch|p2b: Amoonguss|Amoonguss, L50, M|100\/100\n|turn|1\n|\n|t:|1681686446\n|detailschange|p1b: Palafin|Palafin-Hero, L50, M\n|switch|p1b: Amoonguss|Amoonguss, L50, F, shiny|100\/100\n|-terastallize|p2a: Dragapult|Steel\n|move|p2a: Dragapult|Dragon Dance|p2a: Dragapult\n|-boost|p2a: Dragapult|atk|1\n|-boost|p2a: Dragapult|spe|1\n|move|p1a: Flutter Mane|Dazzling Gleam|p2a: Dragapult|[spread] p2a,p2b\n|-resisted|p2a: Dragapult\n|-resisted|p2b: Amoonguss\n|-damage|p2a: Dragapult|71\/100\n|-damage|p2b: Amoonguss|82\/100\n|move|p2b: Amoonguss|Spore|p1a: Flutter Mane\n|-status|p1a: Flutter Mane|slp|[from] move: Spore\n|\n|upkeep\n|turn|2\n|inactive|brlazerz10 has 30 seconds left.\n|\n|t:|1681686476\n|move|p2a: Dragapult|Dragon Darts|p1b: Amoonguss\n|-damage|p1b: Amoonguss|59\/100\n|-anim|p2a: Dragapult|Dragon Darts|p1b: Amoonguss\n|-damage|p1b: Amoonguss|18\/100\n|-damage|p2a: Dragapult|61\/100|[from] item: Life Orb\n|cant|p1a: Flutter Mane|slp\n|move|p2b: Amoonguss|Pollen Puff|p2a: Dragapult\n|-heal|p2a: Dragapult|100\/100\n|move|p1b: Amoonguss|Spore|p2a: Dragapult\n|-status|p2a: Dragapult|slp|[from] move: Spore\n|\n|upkeep\n|turn|3\n|inactive|brlazerz10 has 30 seconds left.\n|\n|t:|1681686506\n|switch|p1b: Palafin|Palafin-Hero, L50, M|100\/100\n|-activate|p1b: Palafin|ability: Zero to Hero\n|cant|p2a: Dragapult|slp\n|cant|p1a: Flutter Mane|slp\n|move|p2b: Amoonguss|Clear Smog|p1b: Palafin\n|-damage|p1b: Palafin|86\/100\n|-clearboost|p1b: Palafin\n|\n|upkeep\n|turn|4\n|inactive|brlazerz10 has 30 seconds left.\n|\n|t:|1681686537\n|-terastallize|p1b: Palafin|Ice\n|move|p2b: Amoonguss|Rage Powder|p2b: Amoonguss\n|-singleturn|p2b: Amoonguss|move: Rage Powder\n|cant|p2a: Dragapult|slp\n|cant|p1a: Flutter Mane|slp\n|move|p1b: Palafin|Ice Punch|p2b: Amoonguss\n|-supereffective|p2b: Amoonguss\n|-damage|p2b: Amoonguss|0 fnt\n|faint|p2b: Amoonguss\n|\n|upkeep\n|\n|t:|1681686548\n|switch|p2b: Chien-Pao|Chien-Pao, L50|100\/100\n|-ability|p2b: Chien-Pao|Sword of Ruin\n|turn|5\n|\n|t:|1681686564\n|move|p2b: Chien-Pao|Protect|p2b: Chien-Pao\n|-singleturn|p2b: Chien-Pao|Protect\n|cant|p2a: Dragapult|slp\n|-curestatus|p1a: Flutter Mane|slp|[msg]\n|move|p1a: Flutter Mane|Dazzling Gleam|p2a: Dragapult|[spread] p2a\n|-activate|p2b: Chien-Pao|move: Protect\n|-resisted|p2a: Dragapult\n|-damage|p2a: Dragapult|70\/100 slp\n|move|p1b: Palafin|Ice Punch|p2a: Dragapult\n|-resisted|p2a: Dragapult\n|-damage|p2a: Dragapult|25\/100 slp\n|\n|upkeep\n|turn|6\n|\n|t:|1681686587\n|move|p1b: Palafin|Jet Punch|p2b: Chien-Pao\n|-damage|p2b: Chien-Pao|31\/100\n|-curestatus|p2a: Dragapult|slp|[msg]\n|move|p2a: Dragapult|Phantom Force||[still]\n|-prepare|p2a: Dragapult|Phantom Force\n|move|p2b: Chien-Pao|Sacred Sword|p1b: Palafin\n|-supereffective|p1b: Palafin\n|-damage|p1b: Palafin|14\/100\n|move|p1a: Flutter Mane|Dazzling Gleam|p2a: Dragapult|[spread] p2b\n|-miss|p1a: Flutter Mane|p2a: Dragapult\n|-supereffective|p2b: Chien-Pao\n|-damage|p2b: Chien-Pao|0 fnt\n|faint|p2b: Chien-Pao\n|\n|upkeep\n|\n|t:|1681686600\n|switch|p2b: Volcarona|Volcarona, L50, M|100\/100\n|turn|7\n|\n|t:|1681686611\n|switch|p1b: Amoonguss|Amoonguss, L50, F, shiny|51\/100\n|move|p2a: Dragapult|Phantom Force|p1a: Flutter Mane|[from]lockedmove\n|-supereffective|p1a: Flutter Mane\n|-damage|p1a: Flutter Mane|0 fnt\n|faint|p1a: Flutter Mane\n|-end|p1a: Flutter Mane|Protosynthesis|[silent]\n|-damage|p2a: Dragapult|16\/100|[from] item: Life Orb\n|move|p2b: Volcarona|Quiver Dance|p2b: Volcarona\n|-boost|p2b: Volcarona|spa|1\n|-boost|p2b: Volcarona|spd|1\n|-boost|p2b: Volcarona|spe|1\n|\n|upkeep\n|\n|t:|1681686628\n|switch|p1a: Palafin|Palafin-Hero, L50, M, tera:Ice|14\/100\n|turn|8\n|\n|t:|1681686637\n|move|p2a: Dragapult|Protect|p2a: Dragapult\n|-singleturn|p2a: Dragapult|Protect\n|move|p1b: Amoonguss|Rage Powder|p1b: Amoonguss\n|-singleturn|p1b: Amoonguss|move: Rage Powder\n|move|p1a: Palafin|Jet Punch|p2a: Dragapult\n|-activate|p2a: Dragapult|move: Protect\n|move|p2b: Volcarona|Heat Wave|p1a: Palafin|[spread] p1b\n|-miss|p2b: Volcarona|p1a: Palafin\n|-supereffective|p1b: Amoonguss\n|-enditem|p1b: Amoonguss|Occa Berry|[eat]\n|-enditem|p1b: Amoonguss|Occa Berry|[weaken]\n|-damage|p1b: Amoonguss|12\/100\n|\n|upkeep\n|turn|9\n|\n|t:|1681686655\n|move|p2a: Dragapult|Protect||[still]\n|-fail|p2a: Dragapult\n|move|p1b: Amoonguss|Rage Powder|p1b: Amoonguss\n|-singleturn|p1b: Amoonguss|move: Rage Powder\n|move|p1a: Palafin|Jet Punch|p2a: Dragapult\n|-damage|p2a: Dragapult|0 fnt\n|faint|p2a: Dragapult\n|move|p2b: Volcarona|Heat Wave|p1b: Amoonguss|[spread] p1a\n|-miss|p2b: Volcarona|p1b: Amoonguss\n|-supereffective|p1a: Palafin\n|-damage|p1a: Palafin|0 fnt\n|faint|p1a: Palafin\n|\n|upkeep\n|\n|t:|1681686666\n|switch|p1a: Dragonite|Dragonite, L50, M|100\/100\n|turn|10\n|\n|t:|1681686685\n|move|p2b: Volcarona|Heat Wave|p1b: Amoonguss|[spread] p1a,p1b\n|-resisted|p1a: Dragonite\n|-supereffective|p1b: Amoonguss\n|-damage|p1a: Dragonite|90\/100\n|-damage|p1b: Amoonguss|0 fnt\n|faint|p1b: Amoonguss\n|move|p1a: Dragonite|Rock Slide|p2b: Volcarona\n|-supereffective|p2b: Volcarona\n|-damage|p2b: Volcarona|0 fnt\n|faint|p2b: Volcarona\n|\n|win|AcariciamEsta\n|raw|AcariciamEsta's rating: 1176 → 1200<\/strong> (+24 for winning)\n|raw|brlazerz10's rating: 1160 → 1136<\/strong> (-24 for losing)\n|l|\u2606brlazerz10\n","uploadtime":1681686700,"views":15,"p1id":"acariciamesta","p2id":"brlazerz10","formatid":"gen9vgc2023regulationc","rating":1136,"private":0,"password":""}