{"id":"gen9vgc2023regulationc-1846469858","p1":"oopsycanyousee","p2":"Zer0x1","format":"[Gen 9] VGC 2023 Regulation C","log":"|j|\u2606oopsycanyousee\n|j|\u2606Zer0x1\n|t:|1681843471\n|gametype|doubles\n|player|p1|oopsycanyousee|beauty-gen5bw2|1147\n|player|p2|Zer0x1|cynthia|1227\n|teamsize|p1|6\n|teamsize|p2|6\n|gen|9\n|tier|[Gen 9] VGC 2023 Regulation C\n|rated|\n|rule|Species Clause: Limit one of each Pok\u00e9mon\n|rule|Item Clause: Limit one of each item\n|clearpoke\n|poke|p1|Arcanine, L50, M|\n|poke|p1|Palafin, L50, F|\n|poke|p1|Amoonguss, L50, F|\n|poke|p1|Flutter Mane, L50|\n|poke|p1|Chien-Pao, L50|\n|poke|p1|Dragonite, L50, M|\n|poke|p2|Dachsbun, L50, F|\n|poke|p2|Chi-Yu, L50|\n|poke|p2|Flutter Mane, L50|\n|poke|p2|Dragonite, L50, M|\n|poke|p2|Chien-Pao, L50|\n|poke|p2|Gyarados, L50, M|\n|teampreview|4\n|\n|t:|1681843527\n|start\n|switch|p1a: Palafin|Palafin, L50, F|100\/100\n|switch|p1b: Arcanine|Arcanine, L50, M|100\/100\n|switch|p2a: Dachsbun|Dachsbun, L50, F|100\/100\n|switch|p2b: Chi-Yu|Chi-Yu, L50|100\/100\n|-ability|p2b: Chi-Yu|Beads of Ruin\n|-ability|p1b: Arcanine|Intimidate|boost\n|-unboost|p2a: Dachsbun|atk|1\n|-unboost|p2b: Chi-Yu|atk|1\n|turn|1\n|\n|t:|1681843555\n|switch|p2b: Gyarados|Gyarados, L50, M|100\/100\n|-ability|p2b: Gyarados|Intimidate|boost\n|-unboost|p1a: Palafin|atk|1\n|-unboost|p1b: Arcanine|atk|1\n|move|p1a: Palafin|Protect|p1a: Palafin\n|-singleturn|p1a: Palafin|Protect\n|move|p1b: Arcanine|Flare Blitz|p2b: Gyarados\n|-resisted|p2b: Gyarados\n|-damage|p2b: Gyarados|85\/100\n|-damage|p1b: Arcanine|95\/100|[from] Recoil\n|move|p2a: Dachsbun|Yawn|p1b: Arcanine\n|-start|p1b: Arcanine|move: Yawn|[of] p2a: Dachsbun\n|\n|upkeep\n|turn|2\n|\n|t:|1681843591\n|detailschange|p1a: Palafin|Palafin-Hero, L50, F\n|switch|p1a: Amoonguss|Amoonguss, L50, F|100\/100\n|move|p1b: Arcanine|Will-O-Wisp|p2b: Gyarados\n|-status|p2b: Gyarados|brn\n|move|p2a: Dachsbun|Body Press|p1b: Arcanine\n|-damage|p1b: Arcanine|75\/100\n|move|p2b: Gyarados|Thunder Wave|p1a: Amoonguss|[miss]\n|-miss|p2b: Gyarados|p1a: Amoonguss\n|\n|-damage|p2b: Gyarados|79\/100 brn|[from] brn\n|-end|p1b: Arcanine|move: Yawn|[silent]\n|-status|p1b: Arcanine|slp\n|upkeep\n|turn|3\n|\n|t:|1681843632\n|switch|p1b: Palafin|Palafin-Hero, L50, F|100\/100\n|-activate|p1b: Palafin|ability: Zero to Hero\n|switch|p2a: Chi-Yu|Chi-Yu, L50|100\/100\n|-ability|p2a: Chi-Yu|Beads of Ruin\n|move|p2b: Gyarados|Taunt|p1a: Amoonguss\n|-start|p1a: Amoonguss|move: Taunt\n|cant|p1a: Amoonguss|move: Taunt|Spore\n|\n|-damage|p2b: Gyarados|73\/100 brn|[from] brn\n|upkeep\n|turn|4\n|\n|t:|1681843659\n|switch|p2a: Dachsbun|Dachsbun, L50, F|100\/100\n|switch|p1a: Arcanine|Arcanine, L50, M|75\/100 slp\n|-ability|p1a: Arcanine|Intimidate|boost\n|-unboost|p2a: Dachsbun|atk|1\n|-unboost|p2b: Gyarados|atk|1\n|move|p1b: Palafin|Protect|p1b: Palafin\n|-singleturn|p1b: Palafin|Protect\n|move|p2b: Gyarados|Thunder Wave|p1b: Palafin\n|-activate|p1b: Palafin|move: Protect\n|\n|-damage|p2b: Gyarados|67\/100 brn|[from] brn\n|upkeep\n|turn|5\n|\n|t:|1681843686\n|switch|p2b: Chi-Yu|Chi-Yu, L50|100\/100\n|-ability|p2b: Chi-Yu|Beads of Ruin\n|-terastallize|p1b: Palafin|Water\n|cant|p1a: Arcanine|slp\n|move|p1b: Palafin|Wave Crash|p2b: Chi-Yu\n|-supereffective|p2b: Chi-Yu\n|-damage|p2b: Chi-Yu|0 fnt\n|faint|p2b: Chi-Yu\n|-damage|p1b: Palafin|80\/100|[from] Recoil\n|move|p2a: Dachsbun|Yawn|p1b: Palafin\n|-start|p1b: Palafin|move: Yawn|[of] p2a: Dachsbun\n|\n|upkeep\n|\n|t:|1681843696\n|switch|p2b: Gyarados|Gyarados, L50, M|67\/100 brn\n|-ability|p2b: Gyarados|Intimidate|boost\n|-unboost|p1a: Arcanine|atk|1\n|-unboost|p1b: Palafin|atk|1\n|turn|6\n|\n|t:|1681843723\n|switch|p1a: Amoonguss|Amoonguss, L50, F|100\/100\n|move|p1b: Palafin|Wave Crash|p2b: Gyarados\n|-resisted|p2b: Gyarados\n|-damage|p2b: Gyarados|23\/100 brn\n|-damage|p1b: Palafin|65\/100|[from] Recoil\n|move|p2a: Dachsbun|Body Press|p1a: Amoonguss\n|-resisted|p1a: Amoonguss\n|-damage|p1a: Amoonguss|90\/100\n|move|p2b: Gyarados|Waterfall|p1a: Amoonguss\n|-resisted|p1a: Amoonguss\n|-damage|p1a: Amoonguss|82\/100\n|\n|-damage|p2b: Gyarados|17\/100 brn|[from] brn\n|-end|p1b: Palafin|move: Yawn|[silent]\n|-status|p1b: Palafin|slp\n|upkeep\n|turn|7\n|\n|t:|1681843750\n|switch|p1b: Arcanine|Arcanine, L50, M|75\/100 slp\n|-ability|p1b: Arcanine|Intimidate|boost\n|-unboost|p2a: Dachsbun|atk|1\n|-unboost|p2b: Gyarados|atk|1\n|switch|p2a: Flutter Mane|Flutter Mane, L50|100\/100\n|-enditem|p2a: Flutter Mane|Booster Energy\n|-activate|p2a: Flutter Mane|ability: Protosynthesis|[fromitem]\n|-start|p2a: Flutter Mane|protosynthesisspe\n|move|p2b: Gyarados|Taunt|p1a: Amoonguss\n|-start|p1a: Amoonguss|move: Taunt\n|move|p1a: Amoonguss|Pollen Puff|p1b: Arcanine\n|-heal|p1b: Arcanine|100\/100 slp\n|\n|-damage|p2b: Gyarados|11\/100 brn|[from] brn\n|upkeep\n|turn|8\n|\n|t:|1681843788\n|switch|p2b: Dachsbun|Dachsbun, L50, F|100\/100\n|move|p2a: Flutter Mane|Shadow Ball|p1a: Amoonguss\n|-damage|p1a: Amoonguss|46\/100\n|-enditem|p1a: Amoonguss|Sitrus Berry|[eat]\n|-heal|p1a: Amoonguss|71\/100|[from] item: Sitrus Berry\n|cant|p1b: Arcanine|slp\n|move|p1a: Amoonguss|Pollen Puff|p1b: Arcanine\n|-immune|p1b: Arcanine\n|\n|upkeep\n|turn|9\n|\n|t:|1681843814\n|move|p2a: Flutter Mane|Shadow Ball|p1b: Arcanine\n|-crit|p1b: Arcanine\n|-damage|p1b: Arcanine|51\/100 slp\n|cant|p1b: Arcanine|slp\n|move|p2b: Dachsbun|Yawn|p1a: Amoonguss\n|-start|p1a: Amoonguss|move: Yawn|[of] p2b: Dachsbun\n|move|p1a: Amoonguss|Pollen Puff|p1b: Arcanine\n|-heal|p1b: Arcanine|100\/100 slp\n|\n|-end|p1a: Amoonguss|move: Taunt\n|upkeep\n|turn|10\n|\n|t:|1681843836\n|switch|p2b: Gyarados|Gyarados, L50, M|11\/100 brn\n|-ability|p2b: Gyarados|Intimidate|boost\n|-unboost|p1a: Amoonguss|atk|1\n|-unboost|p1b: Arcanine|atk|1\n|move|p2a: Flutter Mane|Protect|p2a: Flutter Mane\n|-singleturn|p2a: Flutter Mane|Protect\n|move|p1a: Amoonguss|Rage Powder|p1a: Amoonguss\n|-singleturn|p1a: Amoonguss|move: Rage Powder\n|-curestatus|p1b: Arcanine|slp|[msg]\n|move|p1b: Arcanine|Flare Blitz|p2a: Flutter Mane\n|-activate|p2a: Flutter Mane|move: Protect\n|\n|-damage|p2b: Gyarados|5\/100 brn|[from] brn\n|-end|p1a: Amoonguss|move: Yawn|[silent]\n|-status|p1a: Amoonguss|slp\n|upkeep\n|turn|11\n|\n|t:|1681843893\n|move|p2a: Flutter Mane|Shadow Ball|p1b: Arcanine\n|-damage|p1b: Arcanine|68\/100\n|move|p1b: Arcanine|Flare Blitz|p2a: Flutter Mane\n|-damage|p2a: Flutter Mane|42\/100\n|-damage|p1b: Arcanine|54\/100|[from] Recoil\n|move|p2b: Gyarados|Waterfall|p1b: Arcanine\n|-supereffective|p1b: Arcanine\n|-damage|p1b: Arcanine|7\/100\n|cant|p1a: Amoonguss|slp\n|\n|-damage|p2b: Gyarados|0 fnt|[from] brn\n|faint|p2b: Gyarados\n|upkeep\n|\n|t:|1681843903\n|switch|p2b: Dachsbun|Dachsbun, L50, F|100\/100\n|turn|12\n|\n|t:|1681843916\n|cant|p1a: Amoonguss|slp\n|move|p2a: Flutter Mane|Dazzling Gleam|p1b: Arcanine|[spread] p1a,p1b\n|-resisted|p1a: Amoonguss\n|-crit|p1a: Amoonguss\n|-resisted|p1b: Arcanine\n|-damage|p1a: Amoonguss|50\/100 slp\n|-damage|p1b: Arcanine|0 fnt\n|faint|p1b: Arcanine\n|move|p2b: Dachsbun|Body Press|p1a: Amoonguss\n|-resisted|p1a: Amoonguss\n|-damage|p1a: Amoonguss|41\/100 slp\n|\n|upkeep\n|\n|t:|1681843926\n|switch|p1b: Flutter Mane|Flutter Mane, L50|100\/100\n|-enditem|p1b: Flutter Mane|Booster Energy\n|-activate|p1b: Flutter Mane|ability: Protosynthesis|[fromitem]\n|-start|p1b: Flutter Mane|protosynthesisspa\n|turn|13\n|\n|t:|1681843944\n|cant|p1a: Amoonguss|slp\n|move|p2a: Flutter Mane|Shadow Ball|p1b: Flutter Mane\n|-supereffective|p1b: Flutter Mane\n|-damage|p1b: Flutter Mane|17\/100\n|move|p1b: Flutter Mane|Shadow Ball|p2a: Flutter Mane\n|-supereffective|p2a: Flutter Mane\n|-damage|p2a: Flutter Mane|0 fnt\n|faint|p2a: Flutter Mane\n|-end|p2a: Flutter Mane|Protosynthesis|[silent]\n|move|p2b: Dachsbun|Yawn|p1b: Flutter Mane\n|-start|p1b: Flutter Mane|move: Yawn|[of] p2b: Dachsbun\n|\n|upkeep\n|turn|14\n|-message|Zer0x1 forfeited.\n|\n|win|oopsycanyousee\n|raw|oopsycanyousee's rating: 1147 → 1178<\/strong> (+31 for winning)\n|raw|Zer0x1's rating: 1227 → 1196<\/strong> (-31 for losing)\n|l|\u2606Zer0x1\n","uploadtime":1681843978,"views":11,"p1id":"oopsycanyousee","p2id":"zer0x1","formatid":"gen9vgc2023regulationc","rating":1178,"private":0,"password":""}