{"id":"gen9vgc2023regulationc-1847066123","p1":"cheechysan","p2":"tukeydukey","format":"[Gen 9] VGC 2023 Regulation C","log":"|j|\u2606cheechysan\n|j|\u2606tukeydukey\n|t:|1681916262\n|gametype|doubles\n|player|p1|cheechysan|li|1183\n|player|p2|tukeydukey|elesa|1105\n|teamsize|p1|6\n|teamsize|p2|6\n|gen|9\n|tier|[Gen 9] VGC 2023 Regulation C\n|rated|\n|rule|Species Clause: Limit one of each Pok\u00e9mon\n|rule|Item Clause: Limit one of each item\n|clearpoke\n|poke|p1|Flutter Mane, L50|\n|poke|p1|Scizor, L50, F|\n|poke|p1|Glimmora, L50, F|\n|poke|p1|Dragonite, L50, F|\n|poke|p1|Chi-Yu, L50|\n|poke|p1|Gyarados, L50, F|\n|poke|p2|Pelipper, L50, F|\n|poke|p2|Palafin, L50, F|\n|poke|p2|Glimmora, L50, F|\n|poke|p2|Wo-Chien, L50|\n|poke|p2|Flutter Mane, L50|\n|poke|p2|Rotom-Wash, L50|\n|teampreview|4\n|inactive|Battle timer is ON: inactive players will automatically lose when time's up. (requested by tukeydukey)\n|inactive|cheechysan has 60 seconds left.\n|inactive|tukeydukey has 60 seconds left.\n|inactive|cheechysan has 30 seconds left.\n|inactive|cheechysan has 20 seconds left.\n|\n|t:|1681916334\n|start\n|switch|p1a: Glimmora|Glimmora, L50, F, shiny|100\/100\n|switch|p1b: Scizor|Scizor, L50, F|100\/100\n|switch|p2a: Pelipper|Pelipper, L50, F|100\/100\n|switch|p2b: Palafin|Palafin, L50, F|100\/100\n|-weather|RainDance|[from] ability: Drizzle|[of] p2a: Pelipper\n|turn|1\n|inactive|cheechysan has 30 seconds left.\n|inactive|tukeydukey has 30 seconds left.\n|inactive|cheechysan has 20 seconds left.\n|inactive|cheechysan has 15 seconds left.\n|inactive|cheechysan has 10 seconds left.\n|\n|t:|1681916383\n|detailschange|p2b: Palafin|Palafin-Hero, L50, F\n|switch|p2b: Glimmora|Glimmora, L50, F|100\/100\n|move|p2a: Pelipper|Protect|p2a: Pelipper\n|-singleturn|p2a: Pelipper|Protect\n|move|p1a: Glimmora|Energy Ball|p2a: Pelipper\n|-activate|p2a: Pelipper|move: Protect\n|move|p1b: Scizor|U-turn|p2b: Glimmora\n|-resisted|p2b: Glimmora\n|-damage|p2b: Glimmora|76\/100\n|-activate|p2b: Glimmora|ability: Toxic Debris\n|-sidestart|p1: cheechysan|move: Toxic Spikes\n|\n|t:|1681916397\n|switch|p1b: Dragonite|Dragonite, L50, F|100\/100|[from] U-turn\n|\n|-weather|RainDance|[upkeep]\n|upkeep\n|turn|2\n|inactive|tukeydukey has 30 seconds left.\n|\n|t:|1681916424\n|-terastallize|p1a: Glimmora|Grass\n|move|p1b: Dragonite|Protect|p1b: Dragonite\n|-singleturn|p1b: Dragonite|Protect\n|move|p1a: Glimmora|Energy Ball|p2b: Glimmora\n|-damage|p2b: Glimmora|0 fnt\n|faint|p2b: Glimmora\n|-damage|p1a: Glimmora|91\/100|[from] item: Life Orb\n|move|p2a: Pelipper|Tailwind|p2a: Pelipper\n|-sidestart|p2: tukeydukey|move: Tailwind\n|\n|-weather|RainDance|[upkeep]\n|upkeep\n|\n|t:|1681916431\n|switch|p2b: Wo-Chien|Wo-Chien, L50|100\/100\n|-ability|p2b: Wo-Chien|Tablets of Ruin\n|turn|3\n|\n|t:|1681916450\n|move|p2a: Pelipper|Hurricane|p1a: Glimmora\n|-supereffective|p1a: Glimmora\n|-damage|p1a: Glimmora|0 fnt\n|faint|p1a: Glimmora\n|move|p2b: Wo-Chien|Leech Seed|p1b: Dragonite\n|-start|p1b: Dragonite|move: Leech Seed\n|move|p1b: Dragonite|Ice Spinner|p2a: Pelipper\n|-damage|p2a: Pelipper|69\/100\n|\n|-weather|RainDance|[upkeep]\n|-damage|p1b: Dragonite|88\/100|[from] Leech Seed|[of] p2b: Wo-Chien\n|upkeep\n|\n|t:|1681916462\n|switch|p1a: Flutter Mane|Flutter Mane, L50|100\/100\n|-status|p1a: Flutter Mane|psn\n|turn|4\n|\n|t:|1681916479\n|-terastallize|p2b: Wo-Chien|Poison\n|move|p1a: Flutter Mane|Protect|p1a: Flutter Mane\n|-singleturn|p1a: Flutter Mane|Protect\n|move|p2a: Pelipper|Hurricane|p1b: Dragonite\n|-damage|p1b: Dragonite|40\/100\n|move|p2b: Wo-Chien|Leech Seed|p1a: Flutter Mane\n|-activate|p1a: Flutter Mane|move: Protect\n|move|p1b: Dragonite|Ice Spinner|p2b: Wo-Chien\n|-damage|p2b: Wo-Chien|84\/100\n|\n|-weather|RainDance|[upkeep]\n|-heal|p2b: Wo-Chien|91\/100|[from] item: Leftovers\n|-damage|p1b: Dragonite|28\/100|[from] Leech Seed|[of] p2b: Wo-Chien\n|-heal|p2b: Wo-Chien|100\/100|[silent]\n|-damage|p1a: Flutter Mane|88\/100 psn|[from] psn\n|upkeep\n|turn|5\n|inactive|cheechysan has 30 seconds left.\n|\n|t:|1681916509\n|-end|p1a: Flutter Mane|Protosynthesis|[silent]\n|switch|p1a: Scizor|Scizor, L50, F|100\/100\n|move|p1b: Dragonite|Protect|p1b: Dragonite\n|-singleturn|p1b: Dragonite|Protect\n|move|p2a: Pelipper|Hurricane|p1b: Dragonite\n|-activate|p1b: Dragonite|move: Protect\n|move|p2b: Wo-Chien|Leech Seed|p1a: Scizor|[miss]\n|-miss|p2b: Wo-Chien|p1a: Scizor\n|\n|-weather|RainDance|[upkeep]\n|-damage|p1b: Dragonite|16\/100|[from] Leech Seed|[of] p2b: Wo-Chien\n|-sideend|p2: tukeydukey|move: Tailwind\n|upkeep\n|turn|6\n|inactive|cheechysan has 30 seconds left.\n|inactive|cheechysan has 20 seconds left.\n|inactive|cheechysan has 15 seconds left.\n|inactive|cheechysan has 10 seconds left.\n|\n|t:|1681916556\n|move|p2a: Pelipper|Protect|p2a: Pelipper\n|-singleturn|p2a: Pelipper|Protect\n|move|p1b: Dragonite|Ice Spinner|p2a: Pelipper\n|-activate|p2a: Pelipper|move: Protect\n|move|p2b: Wo-Chien|Leech Seed|p1a: Scizor\n|-start|p1a: Scizor|move: Leech Seed\n|move|p1a: Scizor|Tailwind|p1a: Scizor\n|-sidestart|p1: cheechysan|move: Tailwind\n|\n|-weather|RainDance|[upkeep]\n|-damage|p1b: Dragonite|4\/100|[from] Leech Seed|[of] p2b: Wo-Chien\n|-damage|p1a: Scizor|88\/100|[from] Leech Seed|[of] p2b: Wo-Chien\n|upkeep\n|turn|7\n|inactive|cheechysan has 30 seconds left.\n|inactive|tukeydukey has 30 seconds left.\n|\n|t:|1681916588\n|move|p1b: Dragonite|Extreme Speed|p2a: Pelipper\n|-damage|p2a: Pelipper|37\/100\n|move|p1a: Scizor|Bullet Punch|p2a: Pelipper\n|-resisted|p2a: Pelipper\n|-damage|p2a: Pelipper|19\/100\n|move|p2a: Pelipper|Tailwind|p2a: Pelipper\n|-sidestart|p2: tukeydukey|move: Tailwind\n|move|p2b: Wo-Chien|Pollen Puff|p1a: Scizor\n|-resisted|p1a: Scizor\n|-damage|p1a: Scizor|77\/100\n|\n|-weather|RainDance|[upkeep]\n|-damage|p1b: Dragonite|0 fnt|[from] Leech Seed|[of] p2b: Wo-Chien\n|faint|p1b: Dragonite\n|-damage|p1a: Scizor|65\/100|[from] Leech Seed|[of] p2b: Wo-Chien\n|upkeep\n|\n|t:|1681916606\n|switch|p1b: Flutter Mane|Flutter Mane, L50|88\/100 psn\n|turn|8\n|\n|t:|1681916625\n|switch|p2a: Palafin|Palafin-Hero, L50, F|100\/100\n|-activate|p2a: Palafin|ability: Zero to Hero\n|move|p1b: Flutter Mane|Moonblast|p2a: Palafin\n|-damage|p2a: Palafin|54\/100\n|move|p2b: Wo-Chien|Leech Seed|p1b: Flutter Mane\n|-start|p1b: Flutter Mane|move: Leech Seed\n|move|p1a: Scizor|U-turn|p2b: Wo-Chien\n|-resisted|p2b: Wo-Chien\n|-damage|p2b: Wo-Chien|90\/100\n|\n|-weather|none\n|-heal|p2b: Wo-Chien|96\/100|[from] item: Leftovers\n|-damage|p1b: Flutter Mane|76\/100 psn|[from] Leech Seed|[of] p2b: Wo-Chien\n|-heal|p2b: Wo-Chien|100\/100|[silent]\n|-damage|p1a: Scizor|53\/100|[from] Leech Seed|[of] p2b: Wo-Chien\n|-damage|p1b: Flutter Mane|64\/100 psn|[from] psn\n|upkeep\n|turn|9\n|inactive|tukeydukey has 30 seconds left.\n|\n|t:|1681916657\n|switch|p2b: Pelipper|Pelipper, L50, F|19\/100\n|-weather|RainDance|[from] ability: Drizzle|[of] p2b: Pelipper\n|move|p1b: Flutter Mane|Protect|p1b: Flutter Mane\n|-singleturn|p1b: Flutter Mane|Protect\n|move|p2a: Palafin|Protect|p2a: Palafin\n|-singleturn|p2a: Palafin|Protect\n|move|p1a: Scizor|Bullet Punch|p2a: Palafin\n|-activate|p2a: Palafin|move: Protect\n|\n|-weather|RainDance|[upkeep]\n|-damage|p1b: Flutter Mane|51\/100 psn|[from] Leech Seed|[of] p2b: Pelipper\n|-heal|p2b: Pelipper|31\/100|[silent]\n|-damage|p1a: Scizor|40\/100|[from] Leech Seed|[of] p2b: Pelipper\n|-heal|p2b: Pelipper|46\/100|[silent]\n|-damage|p1b: Flutter Mane|39\/100 psn|[from] psn\n|-sideend|p1: cheechysan|move: Tailwind\n|upkeep\n|turn|10\n|\n|t:|1681916679\n|move|p2a: Palafin|Jet Punch|p1b: Flutter Mane\n|-damage|p1b: Flutter Mane|0 fnt\n|faint|p1b: Flutter Mane\n|-end|p1b: Flutter Mane|Protosynthesis|[silent]\n|move|p1a: Scizor|Bullet Punch|p2a: Palafin\n|-resisted|p2a: Palafin\n|-damage|p2a: Palafin|39\/100\n|move|p2b: Pelipper|Hurricane|p1a: Scizor\n|-damage|p1a: Scizor|0 fnt\n|faint|p1a: Scizor\n|\n|win|tukeydukey\n|raw|cheechysan's rating: 1183 → 1152<\/strong> (-31 for losing)\n|raw|tukeydukey's rating: 1105 → 1136<\/strong> (+31 for winning)\n|l|\u2606cheechysan\n","uploadtime":1681916690,"views":9,"p1id":"cheechysan","p2id":"tukeydukey","formatid":"gen9vgc2023regulationc","rating":1136,"private":0,"password":""}