{"id":"gen9vgc2023regulationc-1860368860","p1":"Jehag","p2":"Ricardo Randorez","format":"[Gen 9] VGC 2023 Regulation C","log":"|j|\u2606Jehag\n|j|\u2606Ricardo Randorez\n|t:|1683637907\n|gametype|doubles\n|player|p1|Jehag|iono|1421\n|player|p2|Ricardo Randorez|169|1504\n|teamsize|p1|6\n|teamsize|p2|6\n|gen|9\n|tier|[Gen 9] VGC 2023 Regulation C\n|rated|\n|rule|Species Clause: Limit one of each Pok\u00e9mon\n|rule|Item Clause: Limit one of each item\n|clearpoke\n|poke|p1|Iron Bundle, L50|\n|poke|p1|Amoonguss, L50, M|\n|poke|p1|Chi-Yu, L50|\n|poke|p1|Baxcalibur, L50, M|\n|poke|p1|Flutter Mane, L50|\n|poke|p1|Abomasnow, L50, M|\n|poke|p2|Dondozo, L50, F|\n|poke|p2|Tatsugiri-Droopy, L50, M|\n|poke|p2|Pelipper, L50, F|\n|poke|p2|Drednaw, L50, F|\n|poke|p2|Dragonite, L50, M|\n|poke|p2|Chien-Pao, L50|\n|teampreview|4\n|inactive|Battle timer is ON: inactive players will automatically lose when time's up. (requested by Ricardo Randorez)\n|\n|t:|1683637952\n|start\n|switch|p1a: Iron Bundle|Iron Bundle, L50|100\/100\n|switch|p1b: Chi-Yu|Chi-Yu, L50|100\/100\n|switch|p2a: Pelipper|Pelipper, L50, F|100\/100\n|switch|p2b: Drednaw|Drednaw, L50, F|100\/100\n|-ability|p1b: Chi-Yu|Beads of Ruin\n|-weather|RainDance|[from] ability: Drizzle|[of] p2a: Pelipper\n|-enditem|p1a: Iron Bundle|Booster Energy\n|-activate|p1a: Iron Bundle|ability: Quark Drive|[fromitem]\n|-start|p1a: Iron Bundle|quarkdrivespe\n|turn|1\n|l|\u2606Ricardo Randorez\n|inactive|Ricardo Randorez disconnected and has a minute to reconnect!\n|player|p2|\n|j|\u2606Ricardo Randorez\n|inactive|Ricardo Randorez reconnected and has 50 seconds left.\n|player|p2|Ricardo Randorez|169\n|\n|t:|1683637974\n|switch|p1b: Abomasnow|Abomasnow, L50, M|100\/100\n|-weather|Snow|[from] ability: Snow Warning|[of] p1b: Abomasnow\n|move|p1a: Iron Bundle|Blizzard|p2b: Drednaw|[spread] p2a,p2b\n|-resisted|p2b: Drednaw\n|-damage|p2a: Pelipper|41\/100\n|-damage|p2b: Drednaw|66\/100\n|move|p2b: Drednaw|Rock Slide|p1a: Iron Bundle|[spread] p1a,p1b\n|-supereffective|p1a: Iron Bundle\n|-supereffective|p1b: Abomasnow\n|-damage|p1a: Iron Bundle|37\/100\n|-damage|p1b: Abomasnow|38\/100\n|move|p2a: Pelipper|Tailwind|p2a: Pelipper\n|-sidestart|p2: Ricardo Randorez|move: Tailwind\n|\n|-weather|Snow|[upkeep]\n|upkeep\n|turn|2\n|inactive|Jehag has 30 seconds left.\n|inactive|Ricardo Randorez has 30 seconds left.\n|inactive|Jehag has 20 seconds left.\n|inactive|Jehag has 15 seconds left.\n|\n|t:|1683638014\n|switch|p2a: Chien-Pao|Chien-Pao, L50|100\/100\n|-ability|p2a: Chien-Pao|Sword of Ruin\n|-terastallize|p1a: Iron Bundle|Ice\n|move|p1a: Iron Bundle|Blizzard|p2a: Chien-Pao|[spread] p2a,p2b\n|-resisted|p2a: Chien-Pao\n|-resisted|p2b: Drednaw\n|-damage|p2a: Chien-Pao|53\/100\n|-damage|p2b: Drednaw|22\/100\n|move|p2b: Drednaw|Rock Slide|p1b: Abomasnow|[spread] p1a,p1b\n|-supereffective|p1a: Iron Bundle\n|-supereffective|p1b: Abomasnow\n|-damage|p1a: Iron Bundle|0 fnt\n|-damage|p1b: Abomasnow|0 fnt\n|faint|p1a: Iron Bundle\n|-end|p1a: Iron Bundle|Quark Drive|[silent]\n|faint|p1b: Abomasnow\n|\n|-weather|Snow|[upkeep]\n|upkeep\n|\n|t:|1683638036\n|switch|p1a: Flutter Mane|Flutter Mane, L50|100\/100\n|switch|p1b: Chi-Yu|Chi-Yu, L50|100\/100\n|-ability|p1b: Chi-Yu|Beads of Ruin\n|turn|3\n|\n|t:|1683638046\n|switch|p2a: Pelipper|Pelipper, L50, F|41\/100\n|-weather|RainDance|[from] ability: Drizzle|[of] p2a: Pelipper\n|move|p2b: Drednaw|Rock Slide|p1a: Flutter Mane|[spread] p1b\n|-miss|p2b: Drednaw|p1a: Flutter Mane\n|-supereffective|p1b: Chi-Yu\n|-damage|p1b: Chi-Yu|0 fnt\n|faint|p1b: Chi-Yu\n|move|p1a: Flutter Mane|Dazzling Gleam|p2a: Pelipper|[spread] p2a,p2b\n|-damage|p2a: Pelipper|0 fnt\n|-damage|p2b: Drednaw|0 fnt\n|faint|p2a: Pelipper\n|faint|p2b: Drednaw\n|\n|-weather|RainDance|[upkeep]\n|upkeep\n|\n|t:|1683638062\n|switch|p2b: Dragonite|Dragonite, L50, M|100\/100\n|switch|p2a: Chien-Pao|Chien-Pao, L50|53\/100\n|-ability|p2a: Chien-Pao|Sword of Ruin\n|turn|4\n|inactive|Ricardo Randorez has 30 seconds left.\n|\n|t:|1683638087\n|-terastallize|p2b: Dragonite|Normal\n|move|p2a: Chien-Pao|Protect|p2a: Chien-Pao\n|-singleturn|p2a: Chien-Pao|Protect\n|move|p2b: Dragonite|Ice Spinner|p1a: Flutter Mane\n|-damage|p1a: Flutter Mane|21\/100\n|move|p1a: Flutter Mane|Dazzling Gleam|p2a: Chien-Pao|[spread] p2b\n|-activate|p2a: Chien-Pao|move: Protect\n|-damage|p2b: Dragonite|59\/100\n|\n|-weather|RainDance|[upkeep]\n|-sideend|p2: Ricardo Randorez|move: Tailwind\n|upkeep\n|turn|5\n|\n|t:|1683638103\n|move|p2a: Chien-Pao|Sucker Punch|p1a: Flutter Mane\n|-damage|p1a: Flutter Mane|0 fnt\n|faint|p1a: Flutter Mane\n|-end|p1a: Flutter Mane|Protosynthesis|[silent]\n|\n|win|Ricardo Randorez\n|raw|Jehag's rating: 1421 → 1406<\/strong> (-15 for losing)\n|raw|Ricardo Randorez's rating: 1504 → 1519<\/strong> (+15 for winning)\n|l|\u2606Jehag\n","uploadtime":1683638109,"views":10,"p1id":"jehag","p2id":"ricardorandorez","formatid":"gen9vgc2023regulationc","rating":1406,"private":0,"password":""}