{"id":"gen9vgc2023regulationc-1862120454","p1":"Succetti97","p2":"AnthonyL","format":"[Gen 9] VGC 2023 Regulation C","log":"|j|\u2606Succetti97\n|j|\u2606AnthonyL\n|t:|1683839080\n|gametype|doubles\n|player|p1|Succetti97|unknown|1255\n|player|p2|AnthonyL|lucas|1350\n|teamsize|p1|6\n|teamsize|p2|6\n|gen|9\n|tier|[Gen 9] VGC 2023 Regulation C\n|rated|\n|rule|Species Clause: Limit one of each Pok\u00e9mon\n|rule|Item Clause: Limit one of each item\n|clearpoke\n|poke|p1|Murkrow, L50, M|\n|poke|p1|Chi-Yu, L50|\n|poke|p1|Flutter Mane, L50|\n|poke|p1|Great Tusk, L50|\n|poke|p1|Farigiraf, L50, M|\n|poke|p1|Corviknight, L50, M|\n|poke|p2|Garchomp, L50, F|\n|poke|p2|Corviknight, L50, F|\n|poke|p2|Gyarados, L50, F|\n|poke|p2|Amoonguss, L50, F|\n|poke|p2|Chi-Yu, L50|\n|poke|p2|Flutter Mane, L50|\n|teampreview|4\nAnthonyL has agreed to open team sheets.\n|inactive|Battle timer is ON: inactive players will automatically lose when time's up. (requested by AnthonyL)\nSuccetti97 has agreed to open team sheets.\n|inactive|AnthonyL has 60 seconds left.\n|inactive|Succetti97 has 60 seconds left.\n|inactive|Succetti97 has 30 seconds left.\n|\n|t:|1683839158\n|start\n|switch|p1a: Murkrow|Murkrow, L50, M, shiny|100\/100\n|switch|p1b: Chi-Yu|Chi-Yu, L50|100\/100\n|switch|p2a: Gyarados|Gyarados, L50, F|100\/100\n|switch|p2b: Garchomp|Garchomp, L50, F|100\/100\n|-ability|p1b: Chi-Yu|Beads of Ruin\n|-ability|p2a: Gyarados|Intimidate|boost\n|-unboost|p1a: Murkrow|atk|1\n|-unboost|p1b: Chi-Yu|atk|1\n|turn|1\n|inactive|Succetti97 has 30 seconds left.\n|inactive|AnthonyL has 30 seconds left.\n|inactive|Succetti97 has 20 seconds left.\n|inactive|AnthonyL has 20 seconds left.\n|inactive|Succetti97 has 15 seconds left.\n|\n|t:|1683839199\n|-terastallize|p1b: Chi-Yu|Flying\n|move|p2a: Gyarados|Helping Hand|p2b: Garchomp\n|-singleturn|p2b: Garchomp|Helping Hand|[of] p2a: Gyarados\n|move|p1a: Murkrow|Tailwind|p1a: Murkrow\n|-sidestart|p1: Succetti97|move: Tailwind\n|move|p1b: Chi-Yu|Dark Pulse|p2a: Gyarados\n|-crit|p2a: Gyarados\n|-damage|p2a: Gyarados|25\/100\n|-damage|p1b: Chi-Yu|90\/100|[from] item: Life Orb\n|move|p2b: Garchomp|Rock Slide|p1a: Murkrow|[spread] \n|-miss|p2b: Garchomp|p1a: Murkrow\n|-miss|p2b: Garchomp|p1b: Chi-Yu\n|\n|upkeep\n|turn|2\n|inactive|Succetti97 has 30 seconds left.\n|\n|t:|1683839225\n|move|p2a: Gyarados|Helping Hand|p2b: Garchomp\n|-singleturn|p2b: Garchomp|Helping Hand|[of] p2a: Gyarados\n|move|p1a: Murkrow|Sunny Day|p1a: Murkrow\n|-weather|SunnyDay\n|move|p1b: Chi-Yu|Heat Wave|p2b: Garchomp|[spread] p2a,p2b\n|-resisted|p2a: Gyarados\n|-resisted|p2b: Garchomp\n|-damage|p2a: Gyarados|0 fnt\n|-damage|p2b: Garchomp|45\/100\n|faint|p2a: Gyarados\n|-damage|p1b: Chi-Yu|80\/100|[from] item: Life Orb\n|move|p2b: Garchomp|Rock Slide|p1a: Murkrow|[spread] p1a,p1b\n|-supereffective|p1a: Murkrow\n|-supereffective|p1b: Chi-Yu\n|-damage|p1a: Murkrow|41\/100\n|-damage|p1b: Chi-Yu|0 fnt\n|faint|p1b: Chi-Yu\n|\n|-weather|SunnyDay|[upkeep]\n|upkeep\n|inactive|Succetti97 has 30 seconds left.\n|\n|t:|1683839258\n|switch|p1b: Flutter Mane|Flutter Mane, L50|100\/100\n|switch|p2a: Chi-Yu|Chi-Yu, L50|100\/100\n|-activate|p1b: Flutter Mane|ability: Protosynthesis\n|-start|p1b: Flutter Mane|protosynthesisspa\n|-ability|p2a: Chi-Yu|Beads of Ruin\n|turn|3\n|\n|t:|1683839267\n|move|p2b: Garchomp|Protect|p2b: Garchomp\n|-singleturn|p2b: Garchomp|Protect\n|move|p1b: Flutter Mane|Moonblast|p2a: Chi-Yu\n|-enditem|p2a: Chi-Yu|Focus Sash\n|-damage|p2a: Chi-Yu|1\/100\n|move|p1a: Murkrow|Foul Play|p2b: Garchomp\n|-activate|p2b: Garchomp|move: Protect\n|move|p2a: Chi-Yu|Heat Wave|p1b: Flutter Mane|[spread] p1a\n|-miss|p2a: Chi-Yu|p1b: Flutter Mane\n|-damage|p1a: Murkrow|0 fnt\n|faint|p1a: Murkrow\n|\n|-weather|SunnyDay|[upkeep]\n|upkeep\n|\n|t:|1683839283\n|switch|p1a: Corviknight|Corviknight, L50, M|100\/100\n|turn|4\n|\n|t:|1683839306\n|move|p2a: Chi-Yu|Protect|p2a: Chi-Yu\n|-singleturn|p2a: Chi-Yu|Protect\n|move|p1b: Flutter Mane|Moonblast|p2a: Chi-Yu\n|-activate|p2a: Chi-Yu|move: Protect\n|move|p1a: Corviknight|Brave Bird|p2b: Garchomp\n|-damage|p2b: Garchomp|0 fnt\n|-damage|p1a: Corviknight|88\/100|[from] ability: Rough Skin|[of] p2b: Garchomp\n|faint|p2b: Garchomp\n|-damage|p1a: Corviknight|74\/100|[from] Recoil\n|\n|-weather|SunnyDay|[upkeep]\n|-sideend|p1: Succetti97|move: Tailwind\n|upkeep\n|\n|t:|1683839313\n|switch|p2b: Flutter Mane|Flutter Mane, L50|100\/100\n|-activate|p2b: Flutter Mane|ability: Protosynthesis\n|-start|p2b: Flutter Mane|protosynthesisspe\n|turn|5\n|inactive|Succetti97 has 30 seconds left.\n|\n|t:|1683839343\n|move|p2b: Flutter Mane|Shadow Ball|p1b: Flutter Mane\n|-supereffective|p1b: Flutter Mane\n|-damage|p1b: Flutter Mane|0 fnt\n|faint|p1b: Flutter Mane\n|-end|p1b: Flutter Mane|Protosynthesis|[silent]\n|move|p2a: Chi-Yu|Heat Wave|p1a: Corviknight\n|-supereffective|p1a: Corviknight\n|-damage|p1a: Corviknight|0 fnt\n|faint|p1a: Corviknight\n|\n|win|AnthonyL\n|raw|Succetti97's rating: 1255 → 1237<\/strong> (-18 for losing)\n|raw|AnthonyL's rating: 1350 → 1365<\/strong> (+15 for winning)\n|l|\u2606Succetti97\n|c|\u2606AnthonyL|gg\n","uploadtime":1683839354,"views":16,"p1id":"succetti97","p2id":"anthonyl","formatid":"gen9vgc2023regulationc","rating":1237,"private":0,"password":""}