{"id":"gen9vgc2023regulationc-1845738753","p1":"Cemposer","p2":"Aurinko_Test","format":"[Gen 9] VGC 2023 Regulation C","log":"|j|\u2606Cemposer\n|j|\u2606Aurinko_Test\n|t:|1681760050\n|gametype|doubles\n|player|p1|Cemposer|grimsley|1390\n|player|p2|Aurinko_Test|169|1468\n|teamsize|p1|6\n|teamsize|p2|6\n|gen|9\n|tier|[Gen 9] VGC 2023 Regulation C\n|rated|\n|rule|Species Clause: Limit one of each Pok\u00e9mon\n|rule|Item Clause: Limit one of each item\n|clearpoke\n|poke|p1|Palafin, L50, M|\n|poke|p1|Chien-Pao, L50|\n|poke|p1|Dragapult, L50, M|\n|poke|p1|Amoonguss, L50, F|\n|poke|p1|Arcanine, L50, M|\n|poke|p1|Flutter Mane, L50|\n|poke|p2|Glimmora, L50, F|\n|poke|p2|Garganacl, L50, M|\n|poke|p2|Annihilape, L50, M|\n|poke|p2|Sableye, L50, M|\n|poke|p2|Wo-Chien, L50|\n|poke|p2|Ting-Lu, L50|\n|teampreview|4\n|\n|t:|1681760097\n|start\n|switch|p1a: Palafin|Palafin, L50, M|100\/100\n|switch|p1b: Chien-Pao|Chien-Pao, L50|100\/100\n|switch|p2a: Glimmora|Glimmora, L50, F|100\/100\n|switch|p2b: Sableye|Sableye, L50, M|100\/100\n|-ability|p1b: Chien-Pao|Sword of Ruin\n|turn|1\n|inactive|Battle timer is ON: inactive players will automatically lose when time's up. (requested by Cemposer)\n|inactive|Cemposer has 60 seconds left.\n|\n|t:|1681760134\n|move|p2b: Sableye|Reflect|p2b: Sableye\n|-sidestart|p2: Aurinko_Test|Reflect\n|move|p1b: Chien-Pao|Ice Spinner|p2b: Sableye\n|-damage|p2b: Sableye|48\/100\n|move|p2a: Glimmora|Mortal Spin|p1a: Palafin|[spread] p1a,p1b\n|-damage|p1a: Palafin|94\/100\n|-damage|p1b: Chien-Pao|95\/100\n|-status|p1a: Palafin|psn\n|-status|p1b: Chien-Pao|psn\n|move|p1a: Palafin|Wave Crash|p2b: Sableye\n|-damage|p2b: Sableye|0 fnt\n|faint|p2b: Sableye\n|-damage|p1a: Palafin|82\/100 psn|[from] Recoil\n|\n|-damage|p1b: Chien-Pao|83\/100 psn|[from] psn\n|-damage|p1a: Palafin|70\/100 psn|[from] psn\n|upkeep\n|inactive|Aurinko_Test has 30 seconds left.\n|inactive|Aurinko_Test has 20 seconds left.\n|\n|t:|1681760172\n|switch|p2b: Wo-Chien|Wo-Chien, L50|100\/100\n|-ability|p2b: Wo-Chien|Tablets of Ruin\n|turn|2\n|\n|t:|1681760192\n|detailschange|p1a: Palafin|Palafin-Hero, L50, M\n|switch|p1a: Amoonguss|Amoonguss, L50, F|100\/100\n|move|p1b: Chien-Pao|Protect|p1b: Chien-Pao\n|-singleturn|p1b: Chien-Pao|Protect\n|move|p2b: Wo-Chien|Protect|p2b: Wo-Chien\n|-singleturn|p2b: Wo-Chien|Protect\n|move|p2a: Glimmora|Power Gem|p1b: Chien-Pao\n|-activate|p1b: Chien-Pao|move: Protect\n|\n|-damage|p1b: Chien-Pao|70\/100 psn|[from] psn\n|upkeep\n|turn|3\n|inactive|Aurinko_Test has 30 seconds left.\n|\n|t:|1681760220\n|switch|p1b: Flutter Mane|Flutter Mane, L50|100\/100\n|-enditem|p1b: Flutter Mane|Booster Energy\n|-activate|p1b: Flutter Mane|ability: Protosynthesis|[fromitem]\n|-start|p1b: Flutter Mane|protosynthesisspa\n|move|p2a: Glimmora|Power Gem|p1a: Amoonguss\n|-damage|p1a: Amoonguss|66\/100\n|move|p2b: Wo-Chien|Leech Seed|p1b: Flutter Mane\n|-start|p1b: Flutter Mane|move: Leech Seed\n|move|p1a: Amoonguss|Spore|p2a: Glimmora\n|-status|p2a: Glimmora|slp|[from] move: Spore\n|\n|-damage|p1b: Flutter Mane|89\/100|[from] Leech Seed|[of] p2b: Wo-Chien\n|upkeep\n|turn|4\n|\n|t:|1681760242\n|switch|p2a: Garganacl|Garganacl, L50, M|100\/100\n|switch|p1a: Palafin|Palafin-Hero, L50, M|70\/100 psn\n|-activate|p1a: Palafin|ability: Zero to Hero\n|move|p2b: Wo-Chien|Protect|p2b: Wo-Chien\n|-singleturn|p2b: Wo-Chien|Protect\n|move|p1b: Flutter Mane|Moonblast|p2b: Wo-Chien\n|-activate|p2b: Wo-Chien|move: Protect\n|\n|-damage|p1b: Flutter Mane|77\/100|[from] Leech Seed|[of] p2b: Wo-Chien\n|-damage|p1a: Palafin|57\/100 psn|[from] psn\n|upkeep\n|turn|5\n|inactive|Cemposer has 30 seconds left.\n|\n|t:|1681760273\n|switch|p2b: Glimmora|Glimmora, L50, F|100\/100 slp\n|-terastallize|p2a: Garganacl|Ghost\n|move|p1a: Palafin|Protect|p1a: Palafin\n|-singleturn|p1a: Palafin|Protect\n|move|p1b: Flutter Mane|Shadow Ball|p2b: Glimmora\n|-damage|p2b: Glimmora|33\/100 slp\n|move|p2a: Garganacl|Salt Cure|p1b: Flutter Mane\n|-damage|p1b: Flutter Mane|57\/100\n|-start|p1b: Flutter Mane|Salt Cure\n|\n|-damage|p1b: Flutter Mane|45\/100|[from] Leech Seed|[of] p2b: Glimmora\n|-heal|p2b: Glimmora|43\/100 slp|[silent]\n|-damage|p1a: Palafin|45\/100 psn|[from] psn\n|-damage|p1b: Flutter Mane|33\/100|[from] Salt Cure\n|upkeep\n|turn|6\n|\n|t:|1681760297\n|-end|p1b: Flutter Mane|Protosynthesis|[silent]\n|switch|p1b: Amoonguss|Amoonguss, L50, F|99\/100\n|-terastallize|p1a: Palafin|Water\n|cant|p2b: Glimmora|slp\n|move|p1a: Palafin|Wave Crash|p2a: Garganacl\n|-damage|p2a: Garganacl|39\/100\n|-damage|p1a: Palafin|25\/100 psn|[from] Recoil\n|move|p2a: Garganacl|Salt Cure|p1a: Palafin\n|-damage|p1a: Palafin|12\/100 psn\n|-start|p1a: Palafin|Salt Cure\n|\n|-heal|p2a: Garganacl|45\/100|[from] item: Leftovers\n|-damage|p1a: Palafin|0 fnt|[from] psn\n|faint|p1a: Palafin\n|upkeep\n|\n|t:|1681760310\n|switch|p1a: Chien-Pao|Chien-Pao, L50|70\/100 psn\n|-ability|p1a: Chien-Pao|Sword of Ruin\n|turn|7\n|\n|t:|1681760330\n|switch|p2b: Wo-Chien|Wo-Chien, L50|100\/100\n|-ability|p2b: Wo-Chien|Tablets of Ruin\n|move|p1b: Amoonguss|Rage Powder|p1b: Amoonguss\n|-singleturn|p1b: Amoonguss|move: Rage Powder\n|move|p1a: Chien-Pao|Ice Spinner|p2b: Wo-Chien\n|-supereffective|p2b: Wo-Chien\n|-damage|p2b: Wo-Chien|60\/100\n|-damage|p1a: Chien-Pao|54\/100 psn|[from] item: Rocky Helmet|[of] p2b: Wo-Chien\n|move|p2a: Garganacl|Recover|p2a: Garganacl\n|-heal|p2a: Garganacl|95\/100\n|\n|-heal|p2a: Garganacl|100\/100|[from] item: Leftovers\n|-damage|p1a: Chien-Pao|42\/100 psn|[from] psn\n|upkeep\n|turn|8\n|inactive|Cemposer has 30 seconds left.\n|inactive|Aurinko_Test has 30 seconds left.\n|\n|t:|1681760360\n|move|p1a: Chien-Pao|Protect|p1a: Chien-Pao\n|-singleturn|p1a: Chien-Pao|Protect\n|move|p2b: Wo-Chien|Protect|p2b: Wo-Chien\n|-singleturn|p2b: Wo-Chien|Protect\n|move|p1b: Amoonguss|Protect|p1b: Amoonguss\n|-singleturn|p1b: Amoonguss|Protect\n|move|p2a: Garganacl|Fissure|p1b: Amoonguss\n|-activate|p1b: Amoonguss|move: Protect\n|\n|-damage|p1a: Chien-Pao|29\/100 psn|[from] psn\n|-sideend|p2: Aurinko_Test|Reflect\n|upkeep\n|turn|9\n|\n|t:|1681760381\n|move|p1a: Chien-Pao|Ice Spinner|p2b: Wo-Chien\n|-supereffective|p2b: Wo-Chien\n|-damage|p2b: Wo-Chien|0 fnt\n|-damage|p1a: Chien-Pao|13\/100 psn|[from] item: Rocky Helmet|[of] p2b: Wo-Chien\n|faint|p2b: Wo-Chien\n|move|p2a: Garganacl|Fissure|p1b: Amoonguss|[miss]\n|-miss|p2a: Garganacl|p1b: Amoonguss\n|move|p1b: Amoonguss|Pollen Puff|p2a: Garganacl\n|-resisted|p2a: Garganacl\n|-damage|p2a: Garganacl|94\/100\n|\n|-heal|p2a: Garganacl|99\/100|[from] item: Leftovers\n|-damage|p1a: Chien-Pao|0 fnt|[from] psn\n|faint|p1a: Chien-Pao\n|upkeep\n|\n|t:|1681760397\n|switch|p1a: Flutter Mane|Flutter Mane, L50|33\/100\n|switch|p2b: Glimmora|Glimmora, L50, F|43\/100 slp\n|turn|10\n|\n|t:|1681760414\n|move|p1a: Flutter Mane|Shadow Ball|p2b: Glimmora\n|-damage|p2b: Glimmora|0 fnt\n|faint|p2b: Glimmora\n|move|p2a: Garganacl|Salt Cure|p1a: Flutter Mane\n|-damage|p1a: Flutter Mane|14\/100\n|-start|p1a: Flutter Mane|Salt Cure\n|move|p1b: Amoonguss|Pollen Puff|p1a: Flutter Mane\n|-heal|p1a: Flutter Mane|64\/100\n|\n|-heal|p2a: Garganacl|100\/100|[from] item: Leftovers\n|-damage|p1a: Flutter Mane|52\/100|[from] Salt Cure\n|upkeep\n|turn|11\n|\n|t:|1681760429\n|move|p1a: Flutter Mane|Moonblast|p2a: Garganacl\n|-damage|p2a: Garganacl|65\/100\n|-unboost|p2a: Garganacl|spa|1\n|move|p2a: Garganacl|Fissure|p1b: Amoonguss|[miss]\n|-miss|p2a: Garganacl|p1b: Amoonguss\n|move|p1b: Amoonguss|Pollen Puff|p1a: Flutter Mane\n|-heal|p1a: Flutter Mane|100\/100\n|\n|-heal|p2a: Garganacl|71\/100|[from] item: Leftovers\n|-damage|p1a: Flutter Mane|89\/100|[from] Salt Cure\n|upkeep\n|turn|12\n|\n|t:|1681760451\n|move|p1b: Amoonguss|Rage Powder|p1b: Amoonguss\n|-singleturn|p1b: Amoonguss|move: Rage Powder\n|move|p1a: Flutter Mane|Shadow Ball|p2a: Garganacl\n|-supereffective|p2a: Garganacl\n|-damage|p2a: Garganacl|44\/100\n|move|p2a: Garganacl|Recover|p2a: Garganacl\n|-heal|p2a: Garganacl|94\/100\n|\n|-heal|p2a: Garganacl|99\/100|[from] item: Leftovers\n|-damage|p1a: Flutter Mane|77\/100|[from] Salt Cure\n|upkeep\n|turn|13\n|\n|t:|1681760466\n|move|p1b: Amoonguss|Rage Powder|p1b: Amoonguss\n|-singleturn|p1b: Amoonguss|move: Rage Powder\n|move|p1a: Flutter Mane|Shadow Ball|p2a: Garganacl\n|-supereffective|p2a: Garganacl\n|-damage|p2a: Garganacl|71\/100\n|move|p2a: Garganacl|Salt Cure|p1b: Amoonguss\n|-damage|p1b: Amoonguss|86\/100\n|-start|p1b: Amoonguss|Salt Cure\n|\n|-heal|p2a: Garganacl|77\/100|[from] item: Leftovers\n|-damage|p1a: Flutter Mane|65\/100|[from] Salt Cure\n|-damage|p1b: Amoonguss|74\/100|[from] Salt Cure\n|upkeep\n|turn|14\n|\n|t:|1681760479\n|move|p1a: Flutter Mane|Shadow Ball|p2a: Garganacl\n|-supereffective|p2a: Garganacl\n|-damage|p2a: Garganacl|50\/100\n|move|p2a: Garganacl|Recover|p2a: Garganacl\n|-heal|p2a: Garganacl|99\/100\n|move|p1b: Amoonguss|Pollen Puff|p1a: Flutter Mane\n|-heal|p1a: Flutter Mane|100\/100\n|\n|-heal|p2a: Garganacl|100\/100|[from] item: Leftovers\n|-damage|p1a: Flutter Mane|89\/100|[from] Salt Cure\n|-damage|p1b: Amoonguss|62\/100|[from] Salt Cure\n|upkeep\n|turn|15\n|\n|t:|1681760494\n|move|p1b: Amoonguss|Rage Powder|p1b: Amoonguss\n|-singleturn|p1b: Amoonguss|move: Rage Powder\n|move|p1a: Flutter Mane|Shadow Ball|p2a: Garganacl\n|-supereffective|p2a: Garganacl\n|-damage|p2a: Garganacl|72\/100\n|move|p2a: Garganacl|Fissure|p1b: Amoonguss\n|-damage|p1b: Amoonguss|0 fnt\n|faint|p1b: Amoonguss\n|-ohko\n|\n|-heal|p2a: Garganacl|77\/100|[from] item: Leftovers\n|-damage|p1a: Flutter Mane|77\/100|[from] Salt Cure\n|upkeep\n|turn|16\n|\n|t:|1681760510\n|move|p1a: Flutter Mane|Shadow Ball|p2a: Garganacl\n|-supereffective|p2a: Garganacl\n|-damage|p2a: Garganacl|48\/100\n|move|p2a: Garganacl|Recover|p2a: Garganacl\n|-heal|p2a: Garganacl|99\/100\n|\n|-heal|p2a: Garganacl|100\/100|[from] item: Leftovers\n|-damage|p1a: Flutter Mane|65\/100|[from] Salt Cure\n|upkeep\n|turn|17\n|inactive|Aurinko_Test has 30 seconds left.\n|\n|t:|1681760537\n|move|p1a: Flutter Mane|Shadow Ball|p2a: Garganacl\n|-supereffective|p2a: Garganacl\n|-damage|p2a: Garganacl|72\/100\n|-unboost|p2a: Garganacl|spd|1\n|move|p2a: Garganacl|Fissure|p1a: Flutter Mane|[miss]\n|-miss|p2a: Garganacl|p1a: Flutter Mane\n|\n|-heal|p2a: Garganacl|77\/100|[from] item: Leftovers\n|-damage|p1a: Flutter Mane|53\/100|[from] Salt Cure\n|upkeep\n|turn|18\n|\n|t:|1681760548\n|move|p2a: Garganacl|Protect|p2a: Garganacl\n|-singleturn|p2a: Garganacl|Protect\n|move|p1a: Flutter Mane|Moonblast|p2a: Garganacl\n|-activate|p2a: Garganacl|move: Protect\n|\n|-heal|p2a: Garganacl|83\/100|[from] item: Leftovers\n|-damage|p1a: Flutter Mane|41\/100|[from] Salt Cure\n|upkeep\n|turn|19\n|\n|t:|1681760557\n|move|p1a: Flutter Mane|Moonblast|p2a: Garganacl\n|-damage|p2a: Garganacl|32\/100\n|move|p2a: Garganacl|Recover|p2a: Garganacl\n|-heal|p2a: Garganacl|82\/100\n|\n|-heal|p2a: Garganacl|88\/100|[from] item: Leftovers\n|-damage|p1a: Flutter Mane|29\/100|[from] Salt Cure\n|upkeep\n|turn|20\n|\n|t:|1681760567\n|move|p2a: Garganacl|Protect|p2a: Garganacl\n|-singleturn|p2a: Garganacl|Protect\n|move|p1a: Flutter Mane|Moonblast|p2a: Garganacl\n|-activate|p2a: Garganacl|move: Protect\n|\n|-heal|p2a: Garganacl|94\/100|[from] item: Leftovers\n|-damage|p1a: Flutter Mane|17\/100|[from] Salt Cure\n|upkeep\n|turn|21\n|\n|t:|1681760576\n|move|p1a: Flutter Mane|Moonblast|p2a: Garganacl\n|-damage|p2a: Garganacl|45\/100\n|-unboost|p2a: Garganacl|spa|1\n|move|p2a: Garganacl|Salt Cure|p1a: Flutter Mane\n|-damage|p1a: Flutter Mane|0 fnt\n|faint|p1a: Flutter Mane\n|-end|p1a: Flutter Mane|Protosynthesis|[silent]\n|\n|win|Aurinko_Test\n|raw|Cemposer's rating: 1390 → 1374<\/strong> (-16 for losing)\n|raw|Aurinko_Test's rating: 1468 → 1484<\/strong> (+16 for winning)\n|l|\u2606Cemposer\n|j|\u2606Cemposer\n|player|p1|Cemposer|grimsley\n","uploadtime":1681760589,"views":11,"p1id":"cemposer","p2id":"aurinkotest","formatid":"gen9vgc2023regulationc","rating":1374,"private":0,"password":""}