{"id":"gen9vgc2023regulationc-1845778971","p1":"FlyingAntsArmy","p2":"Pollito9999","format":"[Gen 9] VGC 2023 Regulation C","log":"|j|\u2606FlyingAntsArmy\n|j|\u2606Pollito9999\n|t:|1681763750\n|gametype|doubles\n|player|p1|FlyingAntsArmy|lance|1085\n|player|p2|Pollito9999|gardenia|1040\n|teamsize|p1|6\n|teamsize|p2|6\n|gen|9\n|tier|[Gen 9] VGC 2023 Regulation C\n|rated|\n|rule|Species Clause: Limit one of each Pok\u00e9mon\n|rule|Item Clause: Limit one of each item\n|clearpoke\n|poke|p1|Great Tusk, L50|\n|poke|p1|Chien-Pao, L50|\n|poke|p1|Arcanine, L50, F|\n|poke|p1|Dragonite, L50, M|\n|poke|p1|Rotom-Wash, L50|\n|poke|p1|Revavroom, L50, F|\n|poke|p2|Flutter Mane, L50|\n|poke|p2|Tsareena, L50, F|\n|poke|p2|Brute Bonnet, L50|\n|poke|p2|Gholdengo, L50|\n|poke|p2|Sylveon, L50, F|\n|poke|p2|Ting-Lu, L50|\n|teampreview|4\n|inactive|Battle timer is ON: inactive players will automatically lose when time's up. (requested by FlyingAntsArmy)\n|\n|t:|1681763773\n|start\n|switch|p1a: Dragonite|Dragonite, L50, M|100\/100\n|switch|p1b: Arcanine|Arcanine, L50, F|100\/100\n|switch|p2a: Menna|Flutter Mane, L50|100\/100\n|switch|p2b: Tatiano|Ting-Lu, L50|100\/100\n|-ability|p1b: Arcanine|Intimidate|boost\n|-unboost|p2a: Menna|atk|1\n|-unboost|p2b: Tatiano|atk|1\n|-ability|p2b: Tatiano|Vessel of Ruin\n|turn|1\n|\n|t:|1681763786\n|move|p2a: Menna|Moonblast|p1a: Dragonite\n|-supereffective|p1a: Dragonite\n|-damage|p1a: Dragonite|62\/100\n|move|p1b: Arcanine|Snarl|p2b: Tatiano|[spread] p2a,p2b\n|-crit|p2a: Menna\n|-resisted|p2b: Tatiano\n|-damage|p2a: Menna|90\/100\n|-damage|p2b: Tatiano|98\/100\n|-unboost|p2a: Menna|spa|1\n|-unboost|p2b: Tatiano|spa|1\n|move|p1a: Dragonite|Tailwind|p1a: Dragonite\n|-sidestart|p1: FlyingAntsArmy|move: Tailwind\n|move|p2b: Tatiano|Rock Slide|p1b: Arcanine|[spread] p1a,p1b\n|-supereffective|p1a: Dragonite\n|-crit|p1a: Dragonite\n|-supereffective|p1b: Arcanine\n|-damage|p1a: Dragonite|21\/100\n|-damage|p1b: Arcanine|81\/100\n|\n|upkeep\n|turn|2\n|\n|t:|1681763804\n|switch|p1a: Revavroom|Revavroom, L50, F|100\/100\n|move|p2a: Menna|Protect|p2a: Menna\n|-singleturn|p2a: Menna|Protect\n|move|p1b: Arcanine|Will-O-Wisp|p2b: Tatiano\n|-status|p2b: Tatiano|brn\n|move|p2b: Tatiano|Rock Slide|p1a: Revavroom|[spread] p1a,p1b\n|-resisted|p1a: Revavroom\n|-supereffective|p1b: Arcanine\n|-damage|p1a: Revavroom|97\/100\n|-damage|p1b: Arcanine|72\/100\n|\n|-damage|p2b: Tatiano|92\/100 brn|[from] brn\n|upkeep\n|turn|3\n|inactive|FlyingAntsArmy has 30 seconds left.\n|inactive|FlyingAntsArmy has 20 seconds left.\n|inactive|Pollito9999 has 30 seconds left.\n|\n|t:|1681763854\n|switch|p1b: Chien-Pao|Chien-Pao, L50|100\/100\n|-ability|p1b: Chien-Pao|Sword of Ruin\n|-end|p2a: Menna|Protosynthesis|[silent]\n|switch|p2a: Dani|Gholdengo, L50|100\/100\n|move|p1a: Revavroom|Spin Out|p2a: Dani\n|-resisted|p2a: Dani\n|-crit|p2a: Dani\n|-damage|p2a: Dani|50\/100\n|-unboost|p1a: Revavroom|spe|2\n|move|p2b: Tatiano|Ruination|p1a: Revavroom\n|-damage|p1a: Revavroom|49\/100\n|\n|-damage|p2b: Tatiano|86\/100 brn|[from] brn\n|upkeep\n|turn|4\n|\n|t:|1681763874\n|-terastallize|p2a: Dani|Steel\n|move|p1b: Chien-Pao|Sucker Punch|p2a: Dani\n|-damage|p2a: Dani|0 fnt\n|faint|p2a: Dani\n|-damage|p1b: Chien-Pao|91\/100|[from] item: Life Orb\n|move|p1a: Revavroom|Parting Shot|p2b: Tatiano\n|-unboost|p2b: Tatiano|atk|1\n|-unboost|p2b: Tatiano|spa|1\n|\n|t:|1681763884\n|switch|p1a: Arcanine|Arcanine, L50, F|72\/100|[from] Parting Shot\n|-ability|p1a: Arcanine|Intimidate|boost\n|-unboost|p2b: Tatiano|atk|1\n|move|p2b: Tatiano|Stomping Tantrum|p1a: Arcanine\n|-supereffective|p1a: Arcanine\n|-damage|p1a: Arcanine|58\/100\n|\n|-damage|p2b: Tatiano|80\/100 brn|[from] brn\n|-sideend|p1: FlyingAntsArmy|move: Tailwind\n|upkeep\n|\n|t:|1681763890\n|switch|p2a: Menna|Flutter Mane, L50|90\/100\n|turn|5\n|\n|t:|1681763898\n|switch|p2b: Shikori|Tsareena, L50, F|100\/100\n|move|p1b: Chien-Pao|Ice Spinner|p1a: Arcanine\n|-resisted|p1a: Arcanine\n|-damage|p1a: Arcanine|23\/100\n|-damage|p1b: Chien-Pao|81\/100|[from] item: Life Orb\n|move|p2a: Menna|Dazzling Gleam|p1a: Arcanine|[spread] p1a,p1b\n|-resisted|p1a: Arcanine\n|-supereffective|p1b: Chien-Pao\n|-damage|p1a: Arcanine|9\/100\n|-damage|p1b: Chien-Pao|0 fnt\n|faint|p1b: Chien-Pao\n|move|p1a: Arcanine|Snarl|p2b: Shikori|[spread] p2a,p2b\n|-damage|p2a: Menna|82\/100\n|-damage|p2b: Shikori|94\/100\n|-unboost|p2a: Menna|spa|1\n|-unboost|p2b: Shikori|spa|1\n|\n|upkeep\n|\n|t:|1681763906\n|switch|p1b: Revavroom|Revavroom, L50, F|49\/100\n|turn|6\n|\n|t:|1681763915\n|move|p2a: Menna|Shadow Ball|p1b: Revavroom\n|-damage|p1b: Revavroom|6\/100\n|move|p1b: Revavroom|Parting Shot|p2a: Menna\n|-unboost|p2a: Menna|atk|1\n|-unboost|p2a: Menna|spa|1\n|\n|t:|1681763921\n|switch|p1b: Dragonite|Dragonite, L50, M|21\/100|[from] Parting Shot\n|move|p1a: Arcanine|Flare Blitz|p2b: Shikori\n|-supereffective|p2b: Shikori\n|-crit|p2b: Shikori\n|-damage|p2b: Shikori|0 fnt\n|faint|p2b: Shikori\n|-damage|p1a: Arcanine|0 fnt|[from] Recoil\n|faint|p1a: Arcanine\n|\n|upkeep\n|l|\u2606FlyingAntsArmy\n|inactive|FlyingAntsArmy disconnected and has a minute to reconnect!\n|player|p1|\n|inactive|FlyingAntsArmy has 30 seconds left.\n|inactive|FlyingAntsArmy has 20 seconds left.\n|inactive|FlyingAntsArmy has 15 seconds left.\n|inactive|FlyingAntsArmy has 10 seconds left.\n|inactive|FlyingAntsArmy has 5 seconds left.\n|-message|FlyingAntsArmy lost due to inactivity.\n|\n|win|Pollito9999\n|raw|FlyingAntsArmy's rating: 1085 → 1059<\/strong> (-26 for losing)\n|raw|Pollito9999's rating: 1040 → 1078<\/strong> (+38 for winning)\n","uploadtime":1681763981,"views":6,"p1id":"flyingantsarmy","p2id":"pollito9999","formatid":"gen9vgc2023regulationc","rating":1059,"private":0,"password":""}