{"id":"gen9vgc2023regulationc-1860375514","p1":"AlmondsVGC","p2":"Grandmas Cookin","format":"[Gen 9] VGC 2023 Regulation C","log":"|j|\u2606AlmondsVGC\n|j|\u2606Grandmas Cookin\n|t:|1683638558\n|gametype|doubles\n|player|p1|AlmondsVGC|170|\n|player|p2|Grandmas Cookin|#scl1dynamos|\n|teamsize|p1|6\n|teamsize|p2|6\n|gen|9\n|tier|[Gen 9] VGC 2023 Regulation C\n|rated|Tournament battle\n|rule|Species Clause: Limit one of each Pok\u00e9mon\n|rule|Item Clause: Limit one of each item\n|clearpoke\n|poke|p1|Iron Hands, L50|\n|poke|p1|Goodra, L50, F|\n|poke|p1|Flutter Mane, L50|\n|poke|p1|Pelipper, L50, F|\n|poke|p1|Palafin, L50, F|\n|poke|p1|Amoonguss, L50, F|\n|poke|p2|Arcanine, L50, F|\n|poke|p2|Palafin, L50, M|\n|poke|p2|Amoonguss, L50, M|\n|poke|p2|Chien-Pao, L50|\n|poke|p2|Dragonite, L50, F|\n|poke|p2|Flutter Mane, L50|\n|teampreview|4\n|raw| Open Team Sheet for AlmondsVGC<\/summary>sazerac (Iron Hands) @ Assault Vest Ability: Quark Drive Level: 50 Shiny: Yes Tera Type: Grass - Fake Out - Close Combat - Wild Charge - Volt Switch boulevardier (Goodra) @ Leftovers Ability: Sap Sipper Level: 50 Tera Type: Steel - Muddy Water - Draco Meteor - Protect - Life Dew manhattan (Flutter Mane) @ Choice Specs Ability: Protosynthesis Level: 50 Tera Type: Fairy - Moonblast - Shadow Ball - Dazzling Gleam - Energy Ball highball (Pelipper) (F) @ Focus Sash Ability: Drizzle Level: 50 Tera Type: Flying - Hurricane - Hydro Pump - Tailwind - Protect lowball (Palafin) (F) @ Mystic Water Ability: Zero to Hero Level: 50 Tera Type: Water - Jet Punch - Wave Crash - Haze - Protect old fashioned (Amoonguss) (F) @ Sitrus Berry Ability: Regenerator Level: 50 Tera Type: Steel - Spore - Rage Powder - Pollen Puff - Protect <\/details><\/div> Open Team Sheet for Grandmas Cookin<\/summary>Arcanine @ Safety Goggles Ability: Intimidate Level: 50 Tera Type: Grass - Flare Blitz - Extreme Speed - Will-O-Wisp - Howl Palafin @ Life Orb Ability: Zero to Hero Level: 50 Tera Type: Grass - Protect - Wave Crash - Tera Blast - Jet Punch Amoonguss @ Sitrus Berry Ability: Regenerator Level: 50 Tera Type: Water - Protect - Pollen Puff - Spore - Rage Powder Chien-Pao @ Focus Sash Ability: Sword of Ruin Level: 50 Tera Type: Ghost - Protect - Sucker Punch - Sacred Sword - Ice Spinner Dragonite @ Assault Vest Ability: Multiscale Level: 50 Tera Type: Flying - Tera Blast - Extreme Speed - Low Kick - Stomping Tantrum Flutter Mane @ Booster Energy Ability: Protosynthesis Level: 50 Tera Type: Fairy - Protect - Shadow Ball - Substitute - Moonblast <\/details><\/div>\n|inactive|Battle timer is ON: inactive players will automatically lose when time's up. (requested by Grandmas Cookin)\n|j| No1OhioVGC\n|j| Kurisumasu LIghto\n|inactive|AlmondsVGC has 60 seconds left.\n|inactive|Grandmas Cookin has 60 seconds left.\n|inactive|AlmondsVGC has 30 seconds left.\n|inactive|AlmondsVGC has 20 seconds left.\n|inactive|AlmondsVGC has 15 seconds left.\n|inactive|AlmondsVGC has 10 seconds left.\n|inactive|AlmondsVGC has 5 seconds left.\n|\n|t:|1683638646\n|start\n|switch|p1a: boulevardier|Goodra, L50, F|100\/100\n|switch|p1b: old fashioned|Amoonguss, L50, F|100\/100\n|switch|p2a: Flutter Mane|Flutter Mane, L50|100\/100\n|switch|p2b: Arcanine|Arcanine, L50, F|100\/100\n|-ability|p2b: Arcanine|Intimidate|boost\n|-unboost|p1a: boulevardier|atk|1\n|-unboost|p1b: old fashioned|atk|1\n|-enditem|p2a: Flutter Mane|Booster Energy\n|-activate|p2a: Flutter Mane|ability: Protosynthesis|[fromitem]\n|-start|p2a: Flutter Mane|protosynthesisspa\n|turn|1\n|j| mafumafusimpsimp\n|inactive|AlmondsVGC has 30 seconds left.\n|inactive|Grandmas Cookin has 30 seconds left.\n|\n|t:|1683638673\n|move|p2a: Flutter Mane|Shadow Ball|p1a: boulevardier\n|-damage|p1a: boulevardier|67\/100\n|-unboost|p1a: boulevardier|spd|1\n|move|p2b: Arcanine|Will-O-Wisp|p2a: Flutter Mane\n|-status|p2a: Flutter Mane|brn\n|move|p1a: boulevardier|Muddy Water|p2b: Arcanine|[spread] p2a,p2b\n|-supereffective|p2b: Arcanine\n|-damage|p2a: Flutter Mane|80\/100 brn\n|-damage|p2b: Arcanine|47\/100\n|-unboost|p2b: Arcanine|accuracy|1\n|move|p1b: old fashioned|Spore||[still]\n|-fail|p1b: old fashioned\n|\n|-heal|p1a: boulevardier|73\/100|[from] item: Leftovers\n|-damage|p2a: Flutter Mane|74\/100 brn|[from] brn\n|upkeep\n|turn|2\n|\n|t:|1683638689\n|switch|p2b: Amoonguss|Amoonguss, L50, M|100\/100\n|move|p1b: old fashioned|Rage Powder|p1b: old fashioned\n|-singleturn|p1b: old fashioned|move: Rage Powder\n|move|p2a: Flutter Mane|Moonblast|p1b: old fashioned\n|-resisted|p1b: old fashioned\n|-damage|p1b: old fashioned|77\/100\n|move|p1a: boulevardier|Muddy Water|p2a: Flutter Mane|[spread] p2a,p2b\n|-resisted|p2b: Amoonguss\n|-damage|p2a: Flutter Mane|54\/100 brn\n|-damage|p2b: Amoonguss|91\/100\n|\n|-heal|p1a: boulevardier|79\/100|[from] item: Leftovers\n|-damage|p2a: Flutter Mane|48\/100 brn|[from] brn\n|upkeep\n|turn|3\n|inactive|AlmondsVGC has 30 seconds left.\n|\n|t:|1683638719\n|move|p1b: old fashioned|Rage Powder|p1b: old fashioned\n|-singleturn|p1b: old fashioned|move: Rage Powder\n|move|p2a: Flutter Mane|Substitute|p2a: Flutter Mane\n|-start|p2a: Flutter Mane|Substitute\n|-damage|p2a: Flutter Mane|23\/100 brn\n|move|p1a: boulevardier|Muddy Water|p2b: Amoonguss|[spread] p2a,p2b\n|-activate|p2a: Flutter Mane|move: Substitute|[damage]\n|-resisted|p2b: Amoonguss\n|-damage|p2b: Amoonguss|82\/100\n|-unboost|p2b: Amoonguss|accuracy|1\n|move|p2b: Amoonguss|Pollen Puff|p2a: Flutter Mane\n|-heal|p2a: Flutter Mane|73\/100 brn\n|\n|-heal|p1a: boulevardier|85\/100|[from] item: Leftovers\n|-damage|p2a: Flutter Mane|67\/100 brn|[from] brn\n|upkeep\n|turn|4\n|\n|t:|1683638741\n|move|p1b: old fashioned|Rage Powder|p1b: old fashioned\n|-singleturn|p1b: old fashioned|move: Rage Powder\n|move|p2a: Flutter Mane|Shadow Ball|p1b: old fashioned\n|-damage|p1b: old fashioned|37\/100\n|-enditem|p1b: old fashioned|Sitrus Berry|[eat]\n|-heal|p1b: old fashioned|62\/100|[from] item: Sitrus Berry\n|move|p1a: boulevardier|Muddy Water|p2a: Flutter Mane|[spread] p2a,p2b\n|-end|p2a: Flutter Mane|Substitute\n|-resisted|p2b: Amoonguss\n|-damage|p2b: Amoonguss|74\/100\n|move|p2b: Amoonguss|Pollen Puff|p2a: Flutter Mane\n|-heal|p2a: Flutter Mane|100\/100 brn\n|\n|-heal|p1a: boulevardier|91\/100|[from] item: Leftovers\n|-damage|p2a: Flutter Mane|94\/100 brn|[from] brn\n|upkeep\n|turn|5\n|inactive|AlmondsVGC has 30 seconds left.\n|\n|t:|1683638766\n|switch|p1a: highball|Pelipper, L50, F|100\/100\n|-weather|RainDance|[from] ability: Drizzle|[of] p1a: highball\n|move|p1b: old fashioned|Protect|p1b: old fashioned\n|-singleturn|p1b: old fashioned|Protect\n|move|p2a: Flutter Mane|Substitute|p2a: Flutter Mane\n|-start|p2a: Flutter Mane|Substitute\n|-damage|p2a: Flutter Mane|70\/100 brn\n|move|p2b: Amoonguss|Pollen Puff|p2a: Flutter Mane\n|-heal|p2a: Flutter Mane|100\/100 brn\n|\n|-weather|RainDance|[upkeep]\n|-damage|p2a: Flutter Mane|94\/100 brn|[from] brn\n|upkeep\n|turn|6\n|\n|t:|1683638779\n|switch|p2b: Chien-Pao|Chien-Pao, L50|100\/100\n|-ability|p2b: Chien-Pao|Sword of Ruin\n|move|p1b: old fashioned|Rage Powder|p1b: old fashioned\n|-singleturn|p1b: old fashioned|move: Rage Powder\n|move|p2a: Flutter Mane|Shadow Ball|p1b: old fashioned\n|-crit|p1b: old fashioned\n|-damage|p1b: old fashioned|2\/100\n|-unboost|p1b: old fashioned|spd|1\n|move|p1a: highball|Hurricane|p2b: Chien-Pao\n|-damage|p2b: Chien-Pao|25\/100\n|\n|-weather|RainDance|[upkeep]\n|-damage|p2a: Flutter Mane|88\/100 brn|[from] brn\n|upkeep\n|turn|7\n|\n|t:|1683638796\n|switch|p1b: boulevardier|Goodra, L50, F|91\/100\n|move|p1a: highball|Protect|p1a: highball\n|-singleturn|p1a: highball|Protect\n|move|p2b: Chien-Pao|Ice Spinner|p1a: highball\n|-activate|p1a: highball|move: Protect\n|move|p2a: Flutter Mane|Moonblast|p1a: highball\n|-activate|p1a: highball|move: Protect\n|\n|-weather|RainDance|[upkeep]\n|-heal|p1b: boulevardier|97\/100|[from] item: Leftovers\n|-damage|p2a: Flutter Mane|82\/100 brn|[from] brn\n|upkeep\n|turn|8\n|inactive|AlmondsVGC has 30 seconds left.\n|\n|t:|1683638825\n|-terastallize|p1b: boulevardier|Steel\n|move|p2b: Chien-Pao|Ice Spinner|p1a: highball\n|-damage|p1a: highball|34\/100\n|move|p2a: Flutter Mane|Moonblast|p1a: highball\n|-damage|p1a: highball|0 fnt\n|faint|p1a: highball\n|move|p1b: boulevardier|Muddy Water|p2b: Chien-Pao|[spread] p2b\n|-miss|p1b: boulevardier|p2a: Flutter Mane\n|-damage|p2b: Chien-Pao|0 fnt\n|faint|p2b: Chien-Pao\n|\n|-weather|RainDance|[upkeep]\n|-heal|p1b: boulevardier|100\/100|[from] item: Leftovers\n|-damage|p2a: Flutter Mane|76\/100 brn|[from] brn\n|upkeep\n|\n|t:|1683638834\n|switch|p2b: Amoonguss|Amoonguss, L50, M|100\/100\n|switch|p1a: old fashioned|Amoonguss, L50, F|35\/100\n|turn|9\n|\n|t:|1683638839\n|move|p1a: old fashioned|Protect|p1a: old fashioned\n|-singleturn|p1a: old fashioned|Protect\n|move|p2a: Flutter Mane|Shadow Ball|p1a: old fashioned\n|-activate|p1a: old fashioned|move: Protect\n|move|p1b: boulevardier|Life Dew||[still]|[spread] p1a,p1b\n|-heal|p1a: old fashioned|60\/100\n|-fail|p1b: boulevardier|heal\n|move|p2b: Amoonguss|Pollen Puff|p2a: Flutter Mane\n|-heal|p2a: Flutter Mane|100\/100 brn\n|\n|-weather|none\n|-damage|p2a: Flutter Mane|94\/100 brn|[from] brn\n|upkeep\n|turn|10\n|inactive|AlmondsVGC has 30 seconds left.\n|\n|t:|1683638872\n|move|p2a: Flutter Mane|Shadow Ball|p1a: old fashioned\n|-damage|p1a: old fashioned|20\/100\n|move|p1b: boulevardier|Life Dew||[still]|[spread] p1a,p1b\n|-heal|p1a: old fashioned|45\/100\n|-fail|p1b: boulevardier|heal\n|move|p2b: Amoonguss|Pollen Puff|p1a: old fashioned\n|-damage|p1a: old fashioned|30\/100\n|move|p1a: old fashioned|Pollen Puff|p2b: Amoonguss\n|-damage|p2b: Amoonguss|86\/100\n|\n|-damage|p2a: Flutter Mane|88\/100 brn|[from] brn\n|upkeep\n|turn|11\n|inactive|AlmondsVGC has 30 seconds left.\n|\n|t:|1683638899\n|switch|p2b: Arcanine|Arcanine, L50, F|47\/100\n|-ability|p2b: Arcanine|Intimidate|boost\n|-unboost|p1a: old fashioned|atk|1\n|-unboost|p1b: boulevardier|atk|1\n|move|p2a: Flutter Mane|Shadow Ball|p1a: old fashioned\n|-damage|p1a: old fashioned|0 fnt\n|faint|p1a: old fashioned\n|move|p1b: boulevardier|Life Dew||[still]\n|-fail|p1b: boulevardier|heal\n|\n|-damage|p2a: Flutter Mane|82\/100 brn|[from] brn\n|upkeep\n|\n|t:|1683638903\n|switch|p1a: manhattan|Flutter Mane, L50|100\/100\n|turn|12\n|\n|t:|1683638923\n|switch|p2b: Amoonguss|Amoonguss, L50, M|100\/100\n|move|p2a: Flutter Mane|Shadow Ball|p1a: manhattan\n|-supereffective|p1a: manhattan\n|-damage|p1a: manhattan|0 fnt\n|faint|p1a: manhattan\n|-end|p1a: manhattan|Protosynthesis|[silent]\n|move|p1b: boulevardier|Muddy Water|p2b: Amoonguss|[spread] p2a,p2b\n|-activate|p2a: Flutter Mane|move: Substitute|[damage]\n|-resisted|p2b: Amoonguss\n|-damage|p2b: Amoonguss|91\/100\n|\n|-damage|p2a: Flutter Mane|76\/100 brn|[from] brn\n|upkeep\n|turn|13\n|c| mafumafusimpsimp|its turn 11, flutter is still behind sub\n|-message|AlmondsVGC forfeited.\n|\n|win|Grandmas Cookin\n|n|\u2606AlmondsVGC|almondsvgc\n|n|\u2606Grandmas Cookin|grandmascookin\n|n| No1OhioVGC|no1ohiovgc\n|n| Kurisumasu LIghto|kurisumasulighto\n|n| mafumafusimpsimp|mafumafusimpsimp\n|c|\u2606Grandmas Cookin|gg\n|l| Kurisumasu LIghto\n|c|\u2606AlmondsVGC|gg\n","uploadtime":1683638943,"views":5,"p1id":"almondsvgc","p2id":"grandmascookin","formatid":"gen9vgc2023regulationc","rating":0,"private":0,"password":""}