{"id":"gen9vgc2023regulationc-1847251068","p1":"Xcj805x","p2":"Sophie Lumina","format":"[Gen 9] VGC 2023 Regulation C","log":"|j|\u2606Xcj805x\n|j|\u2606Sophie Lumina\n|t:|1681931543\n|gametype|doubles\n|player|p1|Xcj805x|102|1104\n|player|p2|Sophie Lumina|iono|1115\n|teamsize|p1|6\n|teamsize|p2|6\n|gen|9\n|tier|[Gen 9] VGC 2023 Regulation C\n|rated|\n|rule|Species Clause: Limit one of each Pok\u00e9mon\n|rule|Item Clause: Limit one of each item\n|clearpoke\n|poke|p1|Palafin, L50, M|\n|poke|p1|Pelipper, L50, M|\n|poke|p1|Amoonguss, L50, F|\n|poke|p1|Arcanine, L50, M|\n|poke|p1|Baxcalibur, L50, F|\n|poke|p1|Ting-Lu, L50|\n|poke|p2|Volcarona, L50, F|\n|poke|p2|Bellibolt, L50, F|\n|poke|p2|Glimmora, L50, M|\n|poke|p2|Orthworm, L50, F|\n|poke|p2|Dragonite, L50, F|\n|poke|p2|Great Tusk, L50|\n|teampreview|4\n|\n|t:|1681931572\n|start\n|switch|p1a: Arcanine|Arcanine, L50, M|100\/100\n|switch|p1b: Ting-Lu|Ting-Lu, L50|100\/100\n|switch|p2a: Volcarona|Volcarona, L50, F|100\/100\n|switch|p2b: Bellibolt|Bellibolt, L50, F|100\/100\n|-ability|p1a: Arcanine|Intimidate|boost\n|-unboost|p2a: Volcarona|atk|1\n|-unboost|p2b: Bellibolt|atk|1\n|-ability|p1b: Ting-Lu|Vessel of Ruin\n|turn|1\n|\n|t:|1681931611\n|switch|p2b: Orthworm|Orthworm, L50, F|100\/100\n|move|p2a: Volcarona|Tailwind|p2a: Volcarona\n|-sidestart|p2: Sophie Lumina|move: Tailwind\n|move|p1a: Arcanine|Howl|p1a: Arcanine|[spread] p1a,p1b\n|-boost|p1a: Arcanine|atk|1\n|-boost|p1b: Ting-Lu|atk|1\n|move|p1b: Ting-Lu|Stealth Rock|p2b: Orthworm\n|-sidestart|p2: Sophie Lumina|move: Stealth Rock\n|\n|upkeep\n|turn|2\n|\n|t:|1681931642\n|move|p2a: Volcarona|Will-O-Wisp|p1b: Ting-Lu\n|-status|p1b: Ting-Lu|brn\n|-enditem|p1b: Ting-Lu|Lum Berry|[eat]\n|-curestatus|p1b: Ting-Lu|brn|[msg]\n|move|p2b: Orthworm|Iron Defense|p2b: Orthworm\n|-boost|p2b: Orthworm|def|2\n|move|p1a: Arcanine|Will-O-Wisp|p2b: Orthworm\n|-status|p2b: Orthworm|brn\n|move|p1b: Ting-Lu|Heavy Slam|p2a: Volcarona\n|-resisted|p2a: Volcarona\n|-damage|p2a: Volcarona|60\/100\n|\n|-damage|p2b: Orthworm|94\/100 brn|[from] brn\n|upkeep\n|turn|3\n|\n|t:|1681931678\n|move|p2a: Volcarona|Will-O-Wisp|p1b: Ting-Lu\n|-status|p1b: Ting-Lu|brn\n|move|p2b: Orthworm|Iron Defense|p2b: Orthworm\n|-boost|p2b: Orthworm|def|2\n|move|p1a: Arcanine|Flare Blitz|p2b: Orthworm\n|-supereffective|p2b: Orthworm\n|-damage|p2b: Orthworm|64\/100 brn\n|-damage|p1a: Arcanine|93\/100|[from] Recoil\n|move|p1b: Ting-Lu|Ruination|p2b: Orthworm\n|-damage|p2b: Orthworm|33\/100 brn\n|\n|-damage|p2b: Orthworm|27\/100 brn|[from] brn\n|-damage|p1b: Ting-Lu|94\/100 brn|[from] brn\n|upkeep\n|turn|4\n|\n|t:|1681931703\n|switch|p2a: Great Tusk|Great Tusk, L50|100\/100\n|-enditem|p2a: Great Tusk|Booster Energy\n|-activate|p2a: Great Tusk|ability: Protosynthesis|[fromitem]\n|-start|p2a: Great Tusk|protosynthesisatk\n|-damage|p2a: Great Tusk|98\/100|[from] Stealth Rock\n|switch|p1b: Palafin|Palafin, L50, M|100\/100\n|move|p2b: Orthworm|Rest|p2b: Orthworm\n|-status|p2b: Orthworm|slp|[from] move: Rest\n|-heal|p2b: Orthworm|100\/100 slp|[silent]\n|-enditem|p2b: Orthworm|Chesto Berry|[eat]\n|-curestatus|p2b: Orthworm|slp|[msg]\n|move|p1a: Arcanine|Howl|p1a: Arcanine|[spread] p1a,p1b\n|-boost|p1a: Arcanine|atk|1\n|-boost|p1b: Palafin|atk|1\n|\n|-sideend|p2: Sophie Lumina|move: Tailwind\n|upkeep\n|turn|5\n|\n|t:|1681931735\n|switch|p1a: Ting-Lu|Ting-Lu, L50|94\/100 brn\n|-ability|p1a: Ting-Lu|Vessel of Ruin\n|move|p1b: Palafin|Haze|p1b: Palafin\n|-clearallboost\n|move|p2a: Great Tusk|Earthquake|p1b: Palafin|[spread] p1a,p1b\n|-immune|p2b: Orthworm|[from] ability: Earth Eater\n|-damage|p1a: Ting-Lu|63\/100 brn\n|-damage|p1b: Palafin|42\/100\n|move|p2b: Orthworm|Body Press|p1b: Palafin\n|-crit|p1b: Palafin\n|-damage|p1b: Palafin|0 fnt\n|faint|p1b: Palafin\n|\n|-damage|p1a: Ting-Lu|57\/100 brn|[from] brn\n|upkeep\n|\n|t:|1681931753\n|switch|p1b: Arcanine|Arcanine, L50, M|93\/100\n|-ability|p1b: Arcanine|Intimidate|boost\n|-unboost|p2a: Great Tusk|atk|1\n|-unboost|p2b: Orthworm|atk|1\n|turn|6\n|\n|t:|1681931768\n|move|p1b: Arcanine|Flare Blitz|p2b: Orthworm\n|-supereffective|p2b: Orthworm\n|-damage|p2b: Orthworm|39\/100\n|-damage|p1b: Arcanine|78\/100|[from] Recoil\n|move|p2a: Great Tusk|Earthquake|p1a: Ting-Lu|[spread] p1a,p1b\n|-heal|p2b: Orthworm|64\/100|[from] ability: Earth Eater|[of] p2a: Great Tusk\n|-supereffective|p1b: Arcanine\n|-damage|p1a: Ting-Lu|35\/100 brn\n|-damage|p1b: Arcanine|25\/100\n|move|p2b: Orthworm|Iron Defense|p2b: Orthworm\n|-boost|p2b: Orthworm|def|2\n|move|p1a: Ting-Lu|Ruination|p2a: Great Tusk\n|-damage|p2a: Great Tusk|49\/100\n|\n|-damage|p1a: Ting-Lu|29\/100 brn|[from] brn\n|upkeep\n|turn|7\n|\n|t:|1681931800\n|move|p1b: Arcanine|Will-O-Wisp|p2a: Great Tusk\n|-status|p2a: Great Tusk|brn\n|move|p2a: Great Tusk|Earthquake|p1a: Ting-Lu|[spread] p1a,p1b\n|-heal|p2b: Orthworm|88\/100|[from] ability: Earth Eater|[of] p2a: Great Tusk\n|-supereffective|p1b: Arcanine\n|-damage|p1a: Ting-Lu|19\/100 brn\n|-damage|p1b: Arcanine|0 fnt\n|faint|p1b: Arcanine\n|move|p2b: Orthworm|Iron Defense|p2b: Orthworm\n|-boost|p2b: Orthworm|def|2\n|move|p1a: Ting-Lu|Stomping Tantrum|p2b: Orthworm\n|-heal|p2b: Orthworm|100\/100|[from] ability: Earth Eater|[of] p1a: Ting-Lu\n|\n|-damage|p2a: Great Tusk|43\/100 brn|[from] brn\n|-damage|p1a: Ting-Lu|12\/100 brn|[from] brn\n|upkeep\n|\n|t:|1681931816\n|switch|p1b: Baxcalibur|Baxcalibur, L50, F|100\/100\n|turn|8\n|\n|t:|1681931836\n|-terastallize|p1b: Baxcalibur|Poison\n|move|p1b: Baxcalibur|Icicle Crash|p2a: Great Tusk\n|-supereffective|p2a: Great Tusk\n|-damage|p2a: Great Tusk|0 fnt\n|faint|p2a: Great Tusk\n|-end|p2a: Great Tusk|Protosynthesis|[silent]\n|move|p2b: Orthworm|Body Press|p1b: Baxcalibur\n|-resisted|p1b: Baxcalibur\n|-damage|p1b: Baxcalibur|53\/100\n|move|p1a: Ting-Lu|Ruination|p2b: Orthworm\n|-damage|p2b: Orthworm|50\/100\n|\n|-damage|p1a: Ting-Lu|6\/100 brn|[from] brn\n|upkeep\n|\n|t:|1681931853\n|switch|p2a: Bellibolt|Bellibolt, L50, F|100\/100\n|-damage|p2a: Bellibolt|88\/100|[from] Stealth Rock\n|turn|9\n|\n|t:|1681931874\n|move|p1b: Baxcalibur|Glaive Rush|p2a: Bellibolt\n|-damage|p2a: Bellibolt|13\/100\n|-singlemove|p1b: Baxcalibur|Glaive Rush|[silent]\n|-start|p2a: Bellibolt|Charge|Glaive Rush|[from] ability: Electromorphosis\n|move|p2b: Orthworm|Body Press|p1b: Baxcalibur\n|-resisted|p1b: Baxcalibur\n|-damage|p1b: Baxcalibur|0 fnt\n|faint|p1b: Baxcalibur\n|move|p1a: Ting-Lu|Heavy Slam|p2a: Bellibolt\n|-resisted|p2a: Bellibolt\n|-damage|p2a: Bellibolt|5\/100\n|-start|p2a: Bellibolt|Charge|Heavy Slam|[from] ability: Electromorphosis\n|move|p2a: Bellibolt|Muddy Water|p1a: Ting-Lu\n|-supereffective|p1a: Ting-Lu\n|-damage|p1a: Ting-Lu|0 fnt\n|faint|p1a: Ting-Lu\n|\n|win|Sophie Lumina\n|raw|Xcj805x's rating: 1104 → 1080<\/strong> (-24 for losing)\n|raw|Sophie Lumina's rating: 1115 → 1139<\/strong> (+24 for winning)\n|c|\u2606Sophie Lumina|gg\n|c|\u2606Xcj805x|gg\n|l|\u2606Xcj805x\n","uploadtime":1681932095,"views":14,"p1id":"xcj805x","p2id":"sophielumina","formatid":"gen9vgc2023regulationc","rating":1080,"private":0,"password":""}