{"id":"gen9vgc2023regulationc-1856959076","p1":"IceMarc0!!!","p2":"carlospe1205","format":"[Gen 9] VGC 2023 Regulation C","log":"|j|\u2606IceMarc0!!!\n|j|\u2606carlospe1205\n|t:|1683130581\n|gametype|doubles\n|player|p1|IceMarc0!!!|2|1121\n|player|p2|carlospe1205|bugsy|1110\n|teamsize|p1|6\n|teamsize|p2|6\n|gen|9\n|tier|[Gen 9] VGC 2023 Regulation C\n|rated|\n|rule|Species Clause: Limit one of each Pok\u00e9mon\n|rule|Item Clause: Limit one of each item\n|clearpoke\n|poke|p1|Pelipper, L50, F|\n|poke|p1|Gholdengo, L50|\n|poke|p1|Dragapult, L50, M|\n|poke|p1|Kingambit, L50, M|\n|poke|p1|Grimmsnarl, L50, M|\n|poke|p1|Flutter Mane, L50|\n|poke|p2|Baxcalibur, L50, F|\n|poke|p2|Talonflame, L50, M|\n|poke|p2|Amoonguss, L50, F|\n|poke|p2|Grimmsnarl, L50, M|\n|poke|p2|Flutter Mane, L50|\n|poke|p2|Chi-Yu, L50|\n|teampreview|4\n|inactive|Battle timer is ON: inactive players will automatically lose when time's up. (requested by IceMarc0!!!)\n|n|\u2606carlospe1205|carlospe1205\n|\n|t:|1683130600\n|start\n|switch|p1a: Pelipper|Pelipper, L50, F|100\/100\n|switch|p1b: Gholdengo|Gholdengo, L50|100\/100\n|switch|p2a: Krompus|Grimmsnarl, L50, M|100\/100\n|switch|p2b: AMOGUS|Amoonguss, L50, F|100\/100\n|-weather|RainDance|[from] ability: Drizzle|[of] p1a: Pelipper\n|turn|1\n|\n|t:|1683130617\n|move|p2a: Krompus|Fake Out|p1a: Pelipper\n|-damage|p1a: Pelipper|84\/100\n|-damage|p2a: Krompus|84\/100|[from] item: Rocky Helmet|[of] p1a: Pelipper\n|move|p1b: Gholdengo|Make It Rain|p2b: AMOGUS|[spread] p2a,p2b\n|-supereffective|p2a: Krompus\n|-damage|p2a: Krompus|0 fnt\n|-damage|p2b: AMOGUS|23\/100\n|-unboost|p1b: Gholdengo|spa|1\n|faint|p2a: Krompus\n|cant|p1a: Pelipper|flinch\n|move|p2b: AMOGUS|Spore|p1a: Pelipper\n|-status|p1a: Pelipper|slp|[from] move: Spore\n|\n|-weather|RainDance|[upkeep]\n|upkeep\n|\n|t:|1683130621\n|switch|p2a: Luz|Chi-Yu, L50|100\/100\n|-ability|p2a: Luz|Beads of Ruin\n|turn|2\n|\n|t:|1683130644\n|switch|p1b: Flutter Mane|Flutter Mane, L50|100\/100\n|-enditem|p1b: Flutter Mane|Booster Energy\n|-activate|p1b: Flutter Mane|ability: Protosynthesis|[fromitem]\n|-start|p1b: Flutter Mane|protosynthesisspe\n|switch|p2b: Miko|Flutter Mane, L50|100\/100\n|-enditem|p2b: Miko|Booster Energy\n|-activate|p2b: Miko|ability: Protosynthesis|[fromitem]\n|-start|p2b: Miko|protosynthesisspa\n|move|p2a: Luz|Nasty Plot|p2a: Luz\n|-boost|p2a: Luz|spa|2\n|cant|p1a: Pelipper|slp\n|\n|-weather|RainDance|[upkeep]\n|upkeep\n|turn|3\n|\n|t:|1683130665\n|move|p2b: Miko|Protect|p2b: Miko\n|-singleturn|p2b: Miko|Protect\n|move|p1b: Flutter Mane|Perish Song|p1b: Flutter Mane\n|-start|p1a: Pelipper|perish3|[silent]\n|-start|p1b: Flutter Mane|perish3|[silent]\n|-start|p2a: Luz|perish3|[silent]\n|-start|p2b: Miko|perish3|[silent]\n|-fieldactivate|move: Perish Song\n|move|p2a: Luz|Dark Pulse|p1b: Flutter Mane\n|-damage|p1b: Flutter Mane|0 fnt\n|faint|p1b: Flutter Mane\n|-end|p1b: Flutter Mane|Protosynthesis|[silent]\n|-damage|p2a: Luz|91\/100|[from] item: Life Orb\n|cant|p1a: Pelipper|slp\n|\n|-weather|RainDance|[upkeep]\n|-start|p2b: Miko|perish3\n|-start|p2a: Luz|perish3\n|-start|p1a: Pelipper|perish3\n|upkeep\n|\n|t:|1683130684\n|switch|p1b: KING|Kingambit, L50, M|100\/100\n|turn|4\n|\n|t:|1683130696\n|-end|p2b: Miko|Protosynthesis|[silent]\n|switch|p2b: AMOGUS|Amoonguss, L50, F|56\/100\n|move|p1b: KING|Sucker Punch||[still]\n|-fail|p1b: KING\n|move|p2a: Luz|Heat Wave|p1b: KING|[spread] p1a\n|-miss|p2a: Luz|p1b: KING\n|-resisted|p1a: Pelipper\n|-damage|p1a: Pelipper|45\/100 slp\n|-damage|p2a: Luz|81\/100|[from] item: Life Orb\n|cant|p1a: Pelipper|slp\n|\n|-weather|RainDance|[upkeep]\n|-start|p2a: Luz|perish2\n|-start|p1a: Pelipper|perish2\n|upkeep\n|turn|5\n|\n|t:|1683130715\n|switch|p2a: Miko|Flutter Mane, L50|100\/100\n|move|p1b: KING|Sucker Punch||[still]\n|-fail|p1b: KING\n|-curestatus|p1a: Pelipper|slp|[msg]\n|move|p1a: Pelipper|Tailwind|p1a: Pelipper\n|-sidestart|p1: IceMarc0!!!|move: Tailwind\n|move|p2b: AMOGUS|Spore|p1b: KING\n|-status|p1b: KING|slp|[from] move: Spore\n|\n|-weather|none\n|-start|p1a: Pelipper|perish1\n|upkeep\n|turn|6\n|\n|t:|1683130733\n|cant|p1b: KING|slp\n|move|p1a: Pelipper|Hurricane|p2b: AMOGUS|[miss]\n|-miss|p1a: Pelipper|p2b: AMOGUS\n|move|p2a: Miko|Mystical Fire|p1b: KING\n|-supereffective|p1b: KING\n|-damage|p1b: KING|35\/100 slp\n|-unboost|p1b: KING|spa|1\n|-ability|p1b: KING|Defiant|boost\n|-boost|p1b: KING|atk|2\n|move|p2b: AMOGUS|Spore|p1a: Pelipper\n|-status|p1a: Pelipper|slp|[from] move: Spore\n|\n|-start|p1a: Pelipper|perish0\n|faint|p1a: Pelipper\n|upkeep\n|\n|t:|1683130746\n|switch|p1a: Gholdengo|Gholdengo, L50|100\/100\n|turn|7\n|\n|t:|1683130761\n|-terastallize|p2a: Miko|Fire\n|move|p2b: AMOGUS|Rage Powder|p2b: AMOGUS\n|-singleturn|p2b: AMOGUS|move: Rage Powder\n|cant|p1b: KING|slp\n|move|p1a: Gholdengo|Make It Rain|p2b: AMOGUS|[spread] p2a,p2b\n|-resisted|p2a: Miko\n|-damage|p2a: Miko|60\/100\n|-damage|p2b: AMOGUS|0 fnt\n|-unboost|p1a: Gholdengo|spa|1\n|faint|p2b: AMOGUS\n|move|p2a: Miko|Mystical Fire|p1a: Gholdengo\n|-supereffective|p1a: Gholdengo\n|-damage|p1a: Gholdengo|0 fnt\n|faint|p1a: Gholdengo\n|\n|upkeep\n|\n|t:|1683130772\n|switch|p2b: Luz|Chi-Yu, L50|81\/100\n|-ability|p2b: Luz|Beads of Ruin\n|turn|8\n|\n|t:|1683130782\n|-terastallize|p1b: KING|Ghost\n|-curestatus|p1b: KING|slp|[msg]\n|move|p1b: KING|Sucker Punch|p2a: Miko\n|-damage|p2a: Miko|0 fnt\n|faint|p2a: Miko\n|-end|p2a: Miko|Protosynthesis|[silent]\n|move|p2b: Luz|Heat Wave|p1b: KING\n|-damage|p1b: KING|0 fnt\n|faint|p1b: KING\n|-damage|p2b: Luz|71\/100|[from] item: Life Orb\n|\n|win|carlospe1205\n|raw|IceMarc0!!!'s rating: 1121 → 1095<\/strong> (-26 for losing)\n|raw|carlospe1205's rating: 1110 → 1136<\/strong> (+26 for winning)\n|l|\u2606IceMarc0!!!\n","uploadtime":1683130843,"views":11,"p1id":"icemarc0","p2id":"carlospe1205","formatid":"gen9vgc2023regulationc","rating":1095,"private":0,"password":""}