{"id":"gen9vgc2023regulationc-1854207943","p1":"superseriousboi","p2":"jonss0n","format":"[Gen 9] VGC 2023 Regulation C","log":"|j|\u2606superseriousboi\n|j|\u2606jonss0n\n|t:|1682783725\n|gametype|doubles\n|player|p1|superseriousboi|169|1046\n|player|p2|jonss0n|266|1127\n|teamsize|p1|4\n|teamsize|p2|6\n|gen|9\n|tier|[Gen 9] VGC 2023 Regulation C\n|rated|\n|rule|Species Clause: Limit one of each Pok\u00e9mon\n|rule|Item Clause: Limit one of each item\n|clearpoke\n|poke|p1|Kilowattrel, L50, F|\n|poke|p1|Murkrow, L50, F|\n|poke|p1|Scizor, L50, F|\n|poke|p1|Ting-Lu, L50|\n|poke|p2|Flutter Mane, L50|\n|poke|p2|Amoonguss, L50, M|\n|poke|p2|Armarouge, L50, M|\n|poke|p2|Indeedee-F, L50, F|\n|poke|p2|Chien-Pao, L50|\n|poke|p2|Ting-Lu, L50|\n|teampreview|4\n|\n|t:|1682783756\n|start\n|switch|p1a: Murkrow|Murkrow, L50, F|100\/100\n|switch|p1b: Kilowattrel|Kilowattrel, L50, F|100\/100\n|switch|p2a: Armarouge|Armarouge, L50, M|100\/100\n|switch|p2b: Indeedee|Indeedee-F, L50, F|100\/100\n|-fieldstart|move: Psychic Terrain|[from] ability: Psychic Surge|[of] p2b: Indeedee\n|-enditem|p2b: Indeedee|Psychic Seed\n|-boost|p2b: Indeedee|spd|1|[from] item: Psychic Seed\n|turn|1\n|inactive|Battle timer is ON: inactive players will automatically lose when time's up. (requested by superseriousboi)\n|\n|t:|1682783784\n|move|p2b: Indeedee|Follow Me|p2b: Indeedee\n|-singleturn|p2b: Indeedee|move: Follow Me\n|move|p1a: Murkrow|Rain Dance|p1a: Murkrow\n|-weather|RainDance\n|move|p1b: Kilowattrel|Weather Ball|p2b: Indeedee\n|-damage|p2b: Indeedee|70\/100\n|move|p2a: Armarouge|Trick Room|p2a: Armarouge\n|-fieldstart|move: Trick Room|[of] p2a: Armarouge\n|\n|-weather|RainDance|[upkeep]\n|upkeep\n|turn|2\n|inactive|superseriousboi has 30 seconds left.\n|\n|t:|1682783817\n|switch|p1a: Ting-Lu|Ting-Lu, L50|100\/100\n|-ability|p1a: Ting-Lu|Vessel of Ruin\n|move|p2a: Armarouge|Expanding Force|p1a: Ting-Lu|[spread] p1b\n|-immune|p1a: Ting-Lu\n|-enditem|p1b: Kilowattrel|Focus Sash\n|-damage|p1b: Kilowattrel|1\/100\n|-damage|p2a: Armarouge|91\/100|[from] item: Life Orb\n|move|p2b: Indeedee|Dazzling Gleam|p1b: Kilowattrel|[spread] p1a,p1b\n|-supereffective|p1a: Ting-Lu\n|-damage|p1a: Ting-Lu|89\/100\n|-damage|p1b: Kilowattrel|0 fnt\n|faint|p1b: Kilowattrel\n|\n|-weather|RainDance|[upkeep]\n|upkeep\n|inactive|superseriousboi has 30 seconds left.\n|inactive|superseriousboi has 20 seconds left.\n|\n|t:|1682783853\n|switch|p1b: Murkrow|Murkrow, L50, F|100\/100\n|turn|3\n|\n|t:|1682783868\n|switch|p2a: Ting-Lu|Ting-Lu, L50|100\/100\n|-ability|p2a: Ting-Lu|Vessel of Ruin\n|move|p1b: Murkrow|Tailwind|p1b: Murkrow\n|-sidestart|p1: superseriousboi|move: Tailwind\n|move|p2b: Indeedee|Dazzling Gleam|p1a: Ting-Lu|[spread] p1a,p1b\n|-supereffective|p1a: Ting-Lu\n|-supereffective|p1b: Murkrow\n|-damage|p1a: Ting-Lu|78\/100\n|-damage|p1b: Murkrow|80\/100\n|move|p1a: Ting-Lu|Throat Chop|p2a: Ting-Lu\n|-resisted|p2a: Ting-Lu\n|-damage|p2a: Ting-Lu|92\/100\n|-start|p2a: Ting-Lu|Throat Chop|[silent]\n|\n|-weather|RainDance|[upkeep]\n|upkeep\n|turn|4\n|inactive|superseriousboi has 30 seconds left.\n|\n|t:|1682783899\n|switch|p1b: Scizor|Scizor, L50, F|100\/100\n|move|p2a: Ting-Lu|Fissure|p1a: Ting-Lu|[miss]\n|-miss|p2a: Ting-Lu|p1a: Ting-Lu\n|move|p2b: Indeedee|Dazzling Gleam|p1b: Scizor|[spread] p1a,p1b\n|-supereffective|p1a: Ting-Lu\n|-resisted|p1b: Scizor\n|-damage|p1a: Ting-Lu|67\/100\n|-damage|p1b: Scizor|93\/100\n|move|p1a: Ting-Lu|Throat Chop|p2b: Indeedee\n|-supereffective|p2b: Indeedee\n|-damage|p2b: Indeedee|5\/100\n|-start|p2b: Indeedee|Throat Chop|[silent]\n|\n|-weather|RainDance|[upkeep]\n|-end|p2a: Ting-Lu|Throat Chop|[silent]\n|upkeep\n|turn|5\n|inactive|superseriousboi has 30 seconds left.\n|inactive|superseriousboi has 20 seconds left.\n|inactive|superseriousboi has 15 seconds left.\n|\n|t:|1682783941\n|-terastallize|p2a: Ting-Lu|Poison\n|move|p1b: Scizor|Bullet Punch|p2a: Ting-Lu\n|-activate|p2a: Ting-Lu|move: Psychic Terrain\n|move|p2a: Ting-Lu|Ruination|p1a: Ting-Lu\n|-damage|p1a: Ting-Lu|34\/100\n|move|p2b: Indeedee|Dazzling Gleam|p1b: Scizor|[spread] p1a,p1b\n|-supereffective|p1a: Ting-Lu\n|-resisted|p1b: Scizor\n|-damage|p1a: Ting-Lu|24\/100\n|-damage|p1b: Scizor|86\/100\n|move|p1a: Ting-Lu|Throat Chop|p2b: Indeedee\n|-supereffective|p2b: Indeedee\n|-damage|p2b: Indeedee|0 fnt\n|faint|p2b: Indeedee\n|\n|-weather|none\n|-fieldend|move: Trick Room\n|-fieldend|move: Psychic Terrain\n|upkeep\n|\n|t:|1682783952\n|switch|p2b: Armarouge|Armarouge, L50, M|91\/100\n|turn|6\n|\n|t:|1682783974\n|switch|p1b: Murkrow|Murkrow, L50, F|80\/100\n|move|p1a: Ting-Lu|Throat Chop|p2b: Armarouge\n|-supereffective|p2b: Armarouge\n|-damage|p2b: Armarouge|36\/100\n|-start|p2b: Armarouge|Throat Chop|[silent]\n|move|p2b: Armarouge|Armor Cannon|p1b: Murkrow\n|-damage|p1b: Murkrow|7\/100\n|-unboost|p2b: Armarouge|def|1\n|-unboost|p2b: Armarouge|spd|1\n|-damage|p2b: Armarouge|26\/100|[from] item: Life Orb\n|move|p2a: Ting-Lu|Fissure|p1a: Ting-Lu|[miss]\n|-miss|p2a: Ting-Lu|p1a: Ting-Lu\n|\n|-sideend|p1: superseriousboi|move: Tailwind\n|upkeep\n|turn|7\n|\n|t:|1682783995\n|move|p1b: Murkrow|Screech|p2a: Ting-Lu\n|-unboost|p2a: Ting-Lu|def|2\n|move|p1a: Ting-Lu|Throat Chop|p2b: Armarouge\n|-supereffective|p2b: Armarouge\n|-damage|p2b: Armarouge|0 fnt\n|faint|p2b: Armarouge\n|move|p2a: Ting-Lu|Stomping Tantrum|p1a: Ting-Lu\n|-damage|p1a: Ting-Lu|0 fnt\n|faint|p1a: Ting-Lu\n|\n|upkeep\n|\n|t:|1682784003\n|switch|p2b: Flutter Mane|Flutter Mane, L50|100\/100\n|switch|p1a: Scizor|Scizor, L50, F|86\/100\n|turn|8\n|\n|t:|1682784019\n|move|p1b: Murkrow|Screech|p2a: Ting-Lu\n|-unboost|p2a: Ting-Lu|def|2\n|move|p1a: Scizor|Bullet Punch|p2b: Flutter Mane\n|-supereffective|p2b: Flutter Mane\n|-damage|p2b: Flutter Mane|0 fnt\n|faint|p2b: Flutter Mane\n|-end|p2b: Flutter Mane|Protosynthesis|[silent]\n|move|p2a: Ting-Lu|Fissure|p1a: Scizor|[miss]\n|-miss|p2a: Ting-Lu|p1a: Scizor\n|\n|upkeep\n|turn|9\n|\n|t:|1682784035\n|move|p1b: Murkrow|Screech|p2a: Ting-Lu\n|-unboost|p2a: Ting-Lu|def|2\n|move|p1a: Scizor|Bullet Punch|p2a: Ting-Lu\n|-damage|p2a: Ting-Lu|0 fnt\n|faint|p2a: Ting-Lu\n|\n|win|superseriousboi\n|raw|superseriousboi's rating: 1046 → 1087<\/strong> (+41 for winning)\n|raw|jonss0n's rating: 1127 → 1096<\/strong> (-31 for losing)\n|l|\u2606jonss0n\n","uploadtime":1682784044,"views":17,"p1id":"superseriousboi","p2id":"jonss0n","formatid":"gen9vgc2023regulationc","rating":1087,"private":0,"password":""}