{"id":"gen9vgc2023regulationc-1850594995","p1":"Chef Scoot","p2":"Crest of Thunders","format":"[Gen 9] VGC 2023 Regulation C","log":"|j|\u2606Chef Scoot\n|j|\u2606Crest of Thunders\n|t:|1682351565\n|gametype|doubles\n|player|p1|Chef Scoot|cress|1227\n|player|p2|Crest of Thunders|barry|1333\n|teamsize|p1|6\n|teamsize|p2|6\n|gen|9\n|tier|[Gen 9] VGC 2023 Regulation C\n|rated|\n|rule|Species Clause: Limit one of each Pok\u00e9mon\n|rule|Item Clause: Limit one of each item\n|clearpoke\n|poke|p1|Clawitzer, L50, F|\n|poke|p1|Farigiraf, L50, M|\n|poke|p1|Kingambit, L50, M|\n|poke|p1|Iron Hands, L50|\n|poke|p1|Sylveon, L50, M|\n|poke|p1|Skeledirge, L50, F|\n|poke|p2|Iron Hands, L50|\n|poke|p2|Arcanine, L50, M|\n|poke|p2|Ting-Lu, L50|\n|poke|p2|Flutter Mane, L50|\n|poke|p2|Iron Bundle, L50|\n|poke|p2|Amoonguss, L50, F|\n|teampreview|4\n|c|\u2606Crest of Thunders|glhf\nCrest of Thunders has agreed to open team sheets.\nChef Scoot has agreed to open team sheets.\n|inactive|Battle timer is ON: inactive players will automatically lose when time's up. (requested by Crest of Thunders)\n|inactive|Chef Scoot has 60 seconds left.\n|inactive|Crest of Thunders has 60 seconds left.\n|\n|t:|1682351620\n|start\n|switch|p1a: Farigiraf|Farigiraf, L50, M|100\/100\n|switch|p1b: Kingambit|Kingambit, L50, M|100\/100\n|switch|p2a: Gravestone|Flutter Mane, L50, shiny|100\/100\n|switch|p2b: Claude|Ting-Lu, L50|100\/100\n|-ability|p2b: Claude|Vessel of Ruin\n|turn|1\n|inactive|Chef Scoot has 30 seconds left.\n|inactive|Crest of Thunders has 30 seconds left.\n|inactive|Chef Scoot has 20 seconds left.\n|inactive|Crest of Thunders has 20 seconds left.\n|inactive|Chef Scoot has 15 seconds left.\n|inactive|Chef Scoot has 10 seconds left.\n|\n|t:|1682351670\n|-terastallize|p2a: Gravestone|Water\n|move|p1a: Farigiraf|Protect|p1a: Farigiraf\n|-singleturn|p1a: Farigiraf|Protect\n|move|p2a: Gravestone|Taunt|p1a: Farigiraf\n|-activate|p1a: Farigiraf|move: Protect\n|move|p1b: Kingambit|Brick Break|p2a: Gravestone\n|-damage|p2a: Gravestone|57\/100\n|move|p2b: Claude|Stomping Tantrum|p1b: Kingambit\n|-supereffective|p1b: Kingambit\n|-damage|p1b: Kingambit|51\/100\n|\n|upkeep\n|turn|2\n|\n|t:|1682351692\n|move|p2a: Gravestone|Protect|p2a: Gravestone\n|-singleturn|p2a: Gravestone|Protect\n|move|p1b: Kingambit|Kowtow Cleave|p2a: Gravestone\n|-activate|p2a: Gravestone|move: Protect\n|move|p2b: Claude|Stomping Tantrum|p1b: Kingambit\n|-supereffective|p1b: Kingambit\n|-crit|p1b: Kingambit\n|-damage|p1b: Kingambit|0 fnt\n|faint|p1b: Kingambit\n|move|p1a: Farigiraf|Hyper Voice|p2a: Gravestone|[spread] p2b\n|-activate|p2a: Gravestone|move: Protect\n|-damage|p2b: Claude|91\/100\n|\n|upkeep\n|\n|t:|1682351696\n|switch|p1b: Clawitzer|Clawitzer, L50, F|100\/100\n|turn|3\n|inactive|Crest of Thunders has 30 seconds left.\n|\n|t:|1682351728\n|-end|p2a: Gravestone|Protosynthesis|[silent]\n|switch|p2a: Mellow|Amoonguss, L50, F|100\/100\n|move|p1a: Farigiraf|Protect|p1a: Farigiraf\n|-singleturn|p1a: Farigiraf|Protect\n|move|p2b: Claude|Ruination|p1b: Clawitzer\n|-damage|p1b: Clawitzer|50\/100\n|move|p1b: Clawitzer|Water Pulse|p2b: Claude\n|-supereffective|p2b: Claude\n|-damage|p2b: Claude|43\/100\n|\n|upkeep\n|turn|4\n|inactive|Crest of Thunders has 30 seconds left.\n|\n|t:|1682351754\n|move|p2a: Mellow|Rage Powder|p2a: Mellow\n|-singleturn|p2a: Mellow|move: Rage Powder\n|move|p2b: Claude|Ruination|p1a: Farigiraf\n|-damage|p1a: Farigiraf|51\/100\n|move|p1a: Farigiraf|Psychic|p2a: Mellow\n|-supereffective|p2a: Mellow\n|-damage|p2a: Mellow|48\/100\n|move|p1b: Clawitzer|Water Pulse|p2a: Mellow\n|-resisted|p2a: Mellow\n|-damage|p2a: Mellow|24\/100\n|-enditem|p2a: Mellow|Aguav Berry|[eat]\n|-heal|p2a: Mellow|57\/100|[from] item: Aguav Berry\n|\n|-heal|p1a: Farigiraf|57\/100|[from] item: Leftovers\n|upkeep\n|turn|5\n|inactive|Chef Scoot has 30 seconds left.\n|\n|t:|1682351781\n|move|p2a: Mellow|Protect|p2a: Mellow\n|-singleturn|p2a: Mellow|Protect\n|move|p2b: Claude|Stomping Tantrum|p1a: Farigiraf\n|-damage|p1a: Farigiraf|23\/100\n|move|p1a: Farigiraf|Psychic|p2a: Mellow\n|-activate|p2a: Mellow|move: Protect\n|move|p1b: Clawitzer|Water Pulse|p2b: Claude\n|-supereffective|p2b: Claude\n|-damage|p2b: Claude|0 fnt\n|faint|p2b: Claude\n|\n|-heal|p1a: Farigiraf|29\/100|[from] item: Leftovers\n|upkeep\n|\n|t:|1682351797\n|switch|p2b: Gravestone|Flutter Mane, L50, shiny, tera:Water|57\/100\n|turn|6\n|\n|t:|1682351812\n|switch|p1b: Skeledirge|Skeledirge, L50, F|100\/100\n|move|p1a: Farigiraf|Protect|p1a: Farigiraf\n|-singleturn|p1a: Farigiraf|Protect\n|move|p2b: Gravestone|Moonblast|p1a: Farigiraf\n|-activate|p1a: Farigiraf|move: Protect\n|move|p2a: Mellow|Pollen Puff|p2b: Gravestone\n|-heal|p2b: Gravestone|100\/100\n|\n|-heal|p1a: Farigiraf|35\/100|[from] item: Leftovers\n|upkeep\n|turn|7\n|\n|t:|1682351837\n|switch|p1a: Clawitzer|Clawitzer, L50, F|50\/100\n|-terastallize|p1b: Skeledirge|Grass\n|move|p2a: Mellow|Protect|p2a: Mellow\n|-singleturn|p2a: Mellow|Protect\n|move|p2b: Gravestone|Moonblast|p1a: Clawitzer\n|-damage|p1a: Clawitzer|0 fnt\n|faint|p1a: Clawitzer\n|-damage|p2b: Gravestone|91\/100|[from] item: Life Orb\n|move|p1b: Skeledirge|Torch Song|p2a: Mellow\n|-activate|p2a: Mellow|move: Protect\n|\n|upkeep\n|\n|t:|1682351846\n|switch|p1a: Farigiraf|Farigiraf, L50, M|35\/100\n|turn|8\n|\n|t:|1682351862\n|switch|p2a: 5UM0|Iron Hands, L50|100\/100\n|move|p2b: Gravestone|Protect|p2b: Gravestone\n|-singleturn|p2b: Gravestone|Protect\n|move|p1a: Farigiraf|Protect|p1a: Farigiraf\n|-singleturn|p1a: Farigiraf|Protect\n|move|p1b: Skeledirge|Tera Blast|p2b: Gravestone\n|-activate|p2b: Gravestone|move: Protect\n|\n|-heal|p1a: Farigiraf|41\/100|[from] item: Leftovers\n|upkeep\n|turn|9\n|\n|t:|1682351881\n|move|p2b: Gravestone|Moonblast|p1a: Farigiraf\n|-damage|p1a: Farigiraf|0 fnt\n|faint|p1a: Farigiraf\n|-damage|p2b: Gravestone|81\/100|[from] item: Life Orb\n|move|p1b: Skeledirge|Torch Song|p2a: 5UM0\n|-damage|p2a: 5UM0|57\/100\n|-boost|p1b: Skeledirge|spa|1\n|-damage|p1b: Skeledirge|91\/100|[from] item: Life Orb\n|move|p2a: 5UM0|Swords Dance|p2a: 5UM0\n|-boost|p2a: 5UM0|atk|2\n|\n|upkeep\n|turn|10\n|\n|t:|1682351896\n|move|p2b: Gravestone|Moonblast|p1b: Skeledirge\n|-damage|p1b: Skeledirge|25\/100\n|-damage|p2b: Gravestone|71\/100|[from] item: Life Orb\n|move|p2a: 5UM0|Drain Punch|p1b: Skeledirge\n|-damage|p1b: Skeledirge|0 fnt\n|-heal|p2a: 5UM0|68\/100|[from] drain|[of] p1b: Skeledirge\n|faint|p1b: Skeledirge\n|\n|win|Crest of Thunders\n|raw|Chef Scoot's rating: 1227 → 1209<\/strong> (-18 for losing)\n|raw|Crest of Thunders's rating: 1333 → 1347<\/strong> (+14 for winning)\n|c|\u2606Crest of Thunders|gg\n|c|\u2606Chef Scoot|gg\n","uploadtime":1682351931,"views":16,"p1id":"chefscoot","p2id":"crestofthunders","formatid":"gen9vgc2023regulationc","rating":1209,"private":0,"password":""}