{"id":"gen9vgc2023regulationc-1855387515","p1":"Superkudden","p2":"welldressedbird","format":"[Gen 9] VGC 2023 Regulation C","log":"|j|\u2606Superkudden\n|j|\u2606welldressedbird\n|t:|1682946258\n|gametype|doubles\n|player|p1|Superkudden|boarder|1000\n|player|p2|welldressedbird|266|1000\n|teamsize|p1|6\n|teamsize|p2|6\n|gen|9\n|tier|[Gen 9] VGC 2023 Regulation C\n|rated|\n|rule|Species Clause: Limit one of each Pok\u00e9mon\n|rule|Item Clause: Limit one of each item\n|clearpoke\n|poke|p1|Flutter Mane, L50|\n|poke|p1|Chi-Yu, L50|\n|poke|p1|Garganacl, L50, F|\n|poke|p1|Gyarados, L50, M|\n|poke|p1|Ting-Lu, L50|\n|poke|p1|Amoonguss, L50, F|\n|poke|p2|Annihilape, L50, M|\n|poke|p2|Grimmsnarl, L50, M|\n|poke|p2|Iron Hands, L50|\n|poke|p2|Amoonguss, L50, F|\n|poke|p2|Volcarona, L50, M|\n|poke|p2|Dragonite, L50, M|\n|teampreview|4\n|\n|t:|1682946301\n|start\n|switch|p1a: Garganacl|Garganacl, L50, F|100\/100\n|switch|p1b: Amoonguss|Amoonguss, L50, F|100\/100\n|switch|p2a: Grimmsnarl|Grimmsnarl, L50, M|100\/100\n|switch|p2b: Iron Hands|Iron Hands, L50|100\/100\n|turn|1\n|\n|t:|1682946349\n|-terastallize|p1a: Garganacl|Water\n|move|p2a: Grimmsnarl|Fake Out|p1b: Amoonguss\n|-damage|p1b: Amoonguss|91\/100\n|-damage|p2a: Grimmsnarl|84\/100|[from] item: Rocky Helmet|[of] p1b: Amoonguss\n|move|p2b: Iron Hands|Swords Dance|p2b: Iron Hands\n|-boost|p2b: Iron Hands|atk|2\n|move|p1a: Garganacl|Block|p2b: Iron Hands\n|-activate|p2b: Iron Hands|trapped\n|cant|p1b: Amoonguss|flinch\n|\n|upkeep\n|turn|2\n|\n|t:|1682946377\n|move|p1b: Amoonguss|Rage Powder|p1b: Amoonguss\n|-singleturn|p1b: Amoonguss|move: Rage Powder\n|move|p2a: Grimmsnarl|Light Screen|p2a: Grimmsnarl\n|-sidestart|p2: welldressedbird|move: Light Screen\n|move|p2b: Iron Hands|Swords Dance|p2b: Iron Hands\n|-boost|p2b: Iron Hands|atk|2\n|move|p1a: Garganacl|Salt Cure|p2b: Iron Hands\n|-resisted|p2b: Iron Hands\n|-damage|p2b: Iron Hands|95\/100\n|-start|p2b: Iron Hands|Salt Cure\n|\n|-heal|p2b: Iron Hands|100\/100|[from] item: Leftovers\n|-damage|p2b: Iron Hands|88\/100|[from] Salt Cure\n|upkeep\n|turn|3\n|\n|t:|1682946402\n|move|p1a: Garganacl|Protect|p1a: Garganacl\n|-singleturn|p1a: Garganacl|Protect\n|move|p2a: Grimmsnarl|Reflect|p2a: Grimmsnarl\n|-sidestart|p2: welldressedbird|Reflect\n|move|p2b: Iron Hands|Drain Punch|p1a: Garganacl\n|-activate|p1a: Garganacl|move: Protect\n|move|p1b: Amoonguss|Spore|p2b: Iron Hands\n|-status|p2b: Iron Hands|slp|[from] move: Spore\n|\n|-heal|p2b: Iron Hands|94\/100 slp|[from] item: Leftovers\n|-damage|p2b: Iron Hands|82\/100 slp|[from] Salt Cure\n|upkeep\n|turn|4\n|\n|t:|1682946421\n|switch|p1b: Flutter Mane|Flutter Mane, L50|100\/100\n|-enditem|p1b: Flutter Mane|Booster Energy\n|-activate|p1b: Flutter Mane|ability: Protosynthesis|[fromitem]\n|-start|p1b: Flutter Mane|protosynthesisspe\n|move|p2a: Grimmsnarl|Spirit Break|p1a: Garganacl\n|-damage|p1a: Garganacl|83\/100\n|-unboost|p1a: Garganacl|spa|1\n|cant|p2b: Iron Hands|slp\n|move|p1a: Garganacl|Salt Cure|p2a: Grimmsnarl\n|-damage|p2a: Grimmsnarl|76\/100\n|-start|p2a: Grimmsnarl|Salt Cure\n|\n|-heal|p2b: Iron Hands|88\/100 slp|[from] item: Leftovers\n|-heal|p1a: Garganacl|89\/100|[from] item: Leftovers\n|-damage|p2a: Grimmsnarl|63\/100|[from] Salt Cure\n|-damage|p2b: Iron Hands|76\/100 slp|[from] Salt Cure\n|upkeep\n|turn|5\n|\n|t:|1682946459\n|-terastallize|p2b: Iron Hands|Grass\n|move|p1a: Garganacl|Protect|p1a: Garganacl\n|-singleturn|p1a: Garganacl|Protect\n|move|p1b: Flutter Mane|Dazzling Gleam|p2b: Iron Hands|[spread] p2a,p2b\n|-supereffective|p2a: Grimmsnarl\n|-damage|p2a: Grimmsnarl|17\/100\n|-damage|p2b: Iron Hands|62\/100 slp\n|move|p2a: Grimmsnarl|Spirit Break|p1b: Flutter Mane\n|-crit|p1b: Flutter Mane\n|-damage|p1b: Flutter Mane|1\/100\n|-unboost|p1b: Flutter Mane|spa|1\n|-curestatus|p2b: Iron Hands|slp|[msg]\n|move|p2b: Iron Hands|Wild Charge|p1b: Flutter Mane\n|-damage|p1b: Flutter Mane|0 fnt\n|faint|p1b: Flutter Mane\n|-end|p1b: Flutter Mane|Protosynthesis|[silent]\n|-damage|p2b: Iron Hands|61\/100|[from] Recoil\n|\n|-heal|p2b: Iron Hands|67\/100|[from] item: Leftovers\n|-heal|p1a: Garganacl|95\/100|[from] item: Leftovers\n|-damage|p2a: Grimmsnarl|4\/100|[from] Salt Cure\n|-damage|p2b: Iron Hands|55\/100|[from] Salt Cure\n|upkeep\n|\n|t:|1682946485\n|switch|p1b: Chi-Yu|Chi-Yu, L50|100\/100\n|-ability|p1b: Chi-Yu|Beads of Ruin\n|turn|6\n|\n|t:|1682946528\n|switch|p2a: Dragonite|Dragonite, L50, M|100\/100\n|switch|p1a: Amoonguss|Amoonguss, L50, F|100\/100\n|move|p2b: Iron Hands|Protect|p2b: Iron Hands\n|-singleturn|p2b: Iron Hands|Protect\n|move|p1b: Chi-Yu|Heat Wave|p2b: Iron Hands|[spread] p2a\n|-activate|p2b: Iron Hands|move: Protect\n|-resisted|p2a: Dragonite\n|-damage|p2a: Dragonite|92\/100\n|\n|-heal|p2b: Iron Hands|61\/100|[from] item: Leftovers\n|-damage|p2b: Iron Hands|49\/100|[from] Salt Cure\n|upkeep\n|turn|7\n|\n|t:|1682946560\n|-end|p2b: Iron Hands|Quark Drive|[silent]\n|switch|p2b: Grimmsnarl|Grimmsnarl, L50, M|4\/100\n|move|p1b: Chi-Yu|Protect|p1b: Chi-Yu\n|-singleturn|p1b: Chi-Yu|Protect\n|move|p2a: Dragonite|Earthquake|p1a: Amoonguss|[spread] p2b,p1a\n|-activate|p1b: Chi-Yu|move: Protect\n|-damage|p2b: Grimmsnarl|0 fnt\n|-damage|p1a: Amoonguss|63\/100\n|faint|p2b: Grimmsnarl\n|-damage|p2a: Dragonite|82\/100|[from] item: Life Orb\n|move|p1a: Amoonguss|Spore|p2a: Dragonite\n|-status|p2a: Dragonite|slp|[from] move: Spore\n|\n|upkeep\n|\n|t:|1682946573\n|switch|p2b: Annihilape|Annihilape, L50, M|100\/100\n|turn|8\n|\n|t:|1682946588\n|move|p2b: Annihilape|Protect|p2b: Annihilape\n|-singleturn|p2b: Annihilape|Protect\n|move|p1b: Chi-Yu|Nasty Plot|p1b: Chi-Yu\n|-boost|p1b: Chi-Yu|spa|2\n|cant|p2a: Dragonite|slp\n|move|p1a: Amoonguss|Spore|p2b: Annihilape\n|-activate|p2b: Annihilape|move: Protect\n|\n|upkeep\n|turn|9\n|\n|t:|1682946608\n|move|p1b: Chi-Yu|Protect|p1b: Chi-Yu\n|-singleturn|p1b: Chi-Yu|Protect\n|cant|p2a: Dragonite|slp\n|move|p2b: Annihilape|Drain Punch|p1b: Chi-Yu\n|-activate|p1b: Chi-Yu|move: Protect\n|move|p1a: Amoonguss|Spore|p2b: Annihilape\n|-status|p2b: Annihilape|slp|[from] move: Spore\n|\n|-sideend|p2: welldressedbird|move: Light Screen\n|upkeep\n|turn|10\n|\n|t:|1682946627\n|switch|p1a: Garganacl|Garganacl, L50, F, tera:Water|95\/100\n|move|p1b: Chi-Yu|Dark Pulse|p2b: Annihilape\n|-damage|p2b: Annihilape|2\/100 slp\n|-enditem|p2b: Annihilape|Sitrus Berry|[eat]\n|-heal|p2b: Annihilape|27\/100 slp|[from] item: Sitrus Berry\n|-curestatus|p2a: Dragonite|slp|[msg]\n|move|p2a: Dragonite|Earthquake|p1b: Chi-Yu|[spread] p2b,p1a,p1b\n|-supereffective|p1b: Chi-Yu\n|-damage|p2b: Annihilape|5\/100 slp\n|-damage|p1a: Garganacl|72\/100\n|-damage|p1b: Chi-Yu|6\/100\n|-damage|p2a: Dragonite|73\/100|[from] item: Life Orb\n|cant|p2b: Annihilape|slp\n|\n|-heal|p1a: Garganacl|78\/100|[from] item: Leftovers\n|-sideend|p2: welldressedbird|Reflect\n|upkeep\n|turn|11\n|\n|t:|1682946647\n|switch|p1b: Amoonguss|Amoonguss, L50, F|96\/100\n|cant|p2b: Annihilape|slp\n|move|p2a: Dragonite|Earthquake|p1a: Garganacl|[spread] p2b,p1a,p1b\n|-damage|p2b: Annihilape|0 fnt\n|-damage|p1a: Garganacl|54\/100\n|-damage|p1b: Amoonguss|57\/100\n|faint|p2b: Annihilape\n|-damage|p2a: Dragonite|63\/100|[from] item: Life Orb\n|move|p1a: Garganacl|Salt Cure|p2a: Dragonite\n|-supereffective|p2a: Dragonite\n|-damage|p2a: Dragonite|31\/100\n|-start|p2a: Dragonite|Salt Cure\n|\n|-heal|p1a: Garganacl|60\/100|[from] item: Leftovers\n|-damage|p2a: Dragonite|19\/100|[from] Salt Cure\n|upkeep\n|\n|t:|1682946655\n|switch|p2b: Iron Hands|Iron Hands, L50, tera:Grass|49\/100\n|turn|12\n|\n|t:|1682946681\n|move|p1a: Garganacl|Protect|p1a: Garganacl\n|-singleturn|p1a: Garganacl|Protect\n|move|p2a: Dragonite|Dragon Claw|p1a: Garganacl\n|-activate|p1a: Garganacl|move: Protect\n|move|p2b: Iron Hands|Drain Punch|p1a: Garganacl\n|-activate|p1a: Garganacl|move: Protect\n|move|p1b: Amoonguss|Pollen Puff|p2a: Dragonite\n|-resisted|p2a: Dragonite\n|-damage|p2a: Dragonite|9\/100\n|\n|-heal|p2b: Iron Hands|55\/100|[from] item: Leftovers\n|-heal|p1a: Garganacl|66\/100|[from] item: Leftovers\n|-damage|p2a: Dragonite|0 fnt|[from] Salt Cure\n|faint|p2a: Dragonite\n|upkeep\n|turn|13\n|\n|t:|1682946713\n|move|p2b: Iron Hands|Drain Punch|p1a: Garganacl\n|-damage|p1a: Garganacl|38\/100\n|-heal|p2b: Iron Hands|68\/100|[from] drain|[of] p1a: Garganacl\n|move|p1a: Garganacl|Salt Cure|p2b: Iron Hands\n|-damage|p2b: Iron Hands|57\/100\n|-start|p2b: Iron Hands|Salt Cure\n|move|p1b: Amoonguss|Pollen Puff|p2b: Iron Hands\n|-supereffective|p2b: Iron Hands\n|-damage|p2b: Iron Hands|33\/100\n|\n|-heal|p2b: Iron Hands|39\/100|[from] item: Leftovers\n|-heal|p1a: Garganacl|44\/100|[from] item: Leftovers\n|-damage|p2b: Iron Hands|27\/100|[from] Salt Cure\n|upkeep\n|turn|14\n|\n|t:|1682946729\n|move|p1a: Garganacl|Protect|p1a: Garganacl\n|-singleturn|p1a: Garganacl|Protect\n|move|p1b: Amoonguss|Protect|p1b: Amoonguss\n|-singleturn|p1b: Amoonguss|Protect\n|move|p2b: Iron Hands|Drain Punch|p1a: Garganacl\n|-activate|p1a: Garganacl|move: Protect\n|\n|-heal|p2b: Iron Hands|33\/100|[from] item: Leftovers\n|-heal|p1a: Garganacl|50\/100|[from] item: Leftovers\n|-damage|p2b: Iron Hands|21\/100|[from] Salt Cure\n|upkeep\n|turn|15\n|\n|t:|1682946742\n|move|p2b: Iron Hands|Drain Punch|p1a: Garganacl\n|-damage|p1a: Garganacl|25\/100\n|-heal|p2b: Iron Hands|32\/100|[from] drain|[of] p1a: Garganacl\n|move|p1a: Garganacl|Recover|p1a: Garganacl\n|-heal|p1a: Garganacl|75\/100\n|move|p1b: Amoonguss|Pollen Puff|p2b: Iron Hands\n|-supereffective|p2b: Iron Hands\n|-damage|p2b: Iron Hands|6\/100\n|\n|-heal|p2b: Iron Hands|12\/100|[from] item: Leftovers\n|-heal|p1a: Garganacl|81\/100|[from] item: Leftovers\n|-damage|p2b: Iron Hands|0 fnt|[from] Salt Cure\n|faint|p2b: Iron Hands\n|-end|p2b: Iron Hands|Quark Drive|[silent]\n|\n|win|Superkudden\n|upkeep\n|raw|Superkudden's rating: 1000 → 1040<\/strong> (+40 for winning)\n|raw|welldressedbird's rating: 1000 → 1000<\/strong> (+0 for losing)\n|l|\u2606welldressedbird\n","uploadtime":1682946761,"views":19,"p1id":"superkudden","p2id":"welldressedbird","formatid":"gen9vgc2023regulationc","rating":1000,"private":0,"password":""}