{"id":"gen9vgc2023regulationc-1849763013","p1":"Token1","p2":"Tas87","format":"[Gen 9] VGC 2023 Regulation C","log":"|j|\u2606Token1\n|j|\u2606Tas87\n|t:|1682247381\n|gametype|doubles\n|player|p1|Token1|102|1159\n|player|p2|Tas87|170|1244\n|teamsize|p1|6\n|teamsize|p2|6\n|gen|9\n|tier|[Gen 9] VGC 2023 Regulation C\n|rated|\n|rule|Species Clause: Limit one of each Pok\u00e9mon\n|rule|Item Clause: Limit one of each item\n|clearpoke\n|poke|p1|Ting-Lu, L50|\n|poke|p1|Great Tusk, L50|\n|poke|p1|Armarouge, L50, F|\n|poke|p1|Indeedee-F, L50, F|\n|poke|p1|Gholdengo, L50|\n|poke|p1|Gyarados, L50, F|\n|poke|p2|Kilowattrel, L50, F|\n|poke|p2|Garchomp, L50, M|\n|poke|p2|Tyranitar, L50, F|\n|poke|p2|Medicham, L50, F|\n|poke|p2|Orthworm, L50, F|\n|poke|p2|Chien-Pao, L50|\n|teampreview|4\n|inactive|Battle timer is ON: inactive players will automatically lose when time's up. (requested by Token1)\n|inactive|Tas87 has 60 seconds left.\n|inactive|Tas87 has 30 seconds left.\n|\n|t:|1682247447\n|start\n|switch|p1a: Indeedee|Indeedee-F, L50, F|100\/100\n|switch|p1b: Armarouge|Armarouge, L50, F|100\/100\n|switch|p2a: Kilowattrel|Kilowattrel, L50, F|100\/100\n|switch|p2b: Orthworm|Orthworm, L50, F, shiny|100\/100\n|-fieldstart|move: Psychic Terrain|[from] ability: Psychic Surge|[of] p1a: Indeedee\n|turn|1\n|inactive|Token1 has 30 seconds left.\n|\n|t:|1682247476\n|switch|p2b: Tyranitar|Tyranitar, L50, F|100\/100\n|-weather|Sandstorm|[from] ability: Sand Stream|[of] p2b: Tyranitar\n|move|p1a: Indeedee|Follow Me|p1a: Indeedee\n|-singleturn|p1a: Indeedee|move: Follow Me\n|move|p2a: Kilowattrel|Tailwind|p2a: Kilowattrel\n|-sidestart|p2: Tas87|move: Tailwind\n|move|p1b: Armarouge|Expanding Force|p2b: Tyranitar|[spread] p2a\n|-immune|p2b: Tyranitar\n|-enditem|p2a: Kilowattrel|Focus Sash\n|-damage|p2a: Kilowattrel|1\/100\n|-damage|p1b: Armarouge|91\/100|[from] item: Life Orb\n|\n|-weather|Sandstorm|[upkeep]\n|-damage|p2a: Kilowattrel|0 fnt|[from] Sandstorm\n|-damage|p1a: Indeedee|94\/100|[from] Sandstorm\n|-damage|p1b: Armarouge|84\/100|[from] Sandstorm\n|faint|p2a: Kilowattrel\n|-heal|p1a: Indeedee|100\/100|[from] item: Leftovers\n|upkeep\n|\n|t:|1682247489\n|switch|p2a: Orthworm|Orthworm, L50, F, shiny|100\/100\n|turn|2\n|\n|t:|1682247505\n|-terastallize|p2b: Tyranitar|Flying\n|move|p1b: Armarouge|Protect|p1b: Armarouge\n|-singleturn|p1b: Armarouge|Protect\n|move|p2a: Orthworm|Shed Tail|p2a: Orthworm\n|-start|p2a: Orthworm|Substitute|[from] move: Shed Tail\n|-damage|p2a: Orthworm|50\/100\n|-enditem|p2a: Orthworm|Sitrus Berry|[eat]\n|-heal|p2a: Orthworm|75\/100|[from] item: Sitrus Berry\n|\n|t:|1682247514\n|switch|p2a: Garchomp|Garchomp, L50, M|100\/100|[from] Shed Tail\n|move|p2b: Tyranitar|Rock Slide|p1a: Indeedee|[spread] p1a\n|-activate|p1b: Armarouge|move: Protect\n|-damage|p1a: Indeedee|60\/100\n|cant|p1a: Indeedee|flinch\n|\n|-weather|Sandstorm|[upkeep]\n|-damage|p2b: Tyranitar|95\/100|[from] Sandstorm\n|-damage|p1a: Indeedee|54\/100|[from] Sandstorm\n|-damage|p1b: Armarouge|78\/100|[from] Sandstorm\n|-heal|p1a: Indeedee|60\/100|[from] item: Leftovers\n|upkeep\n|turn|3\n|\n|t:|1682247529\n|move|p2a: Garchomp|Swords Dance|p2a: Garchomp\n|-boost|p2a: Garchomp|atk|2\n|move|p2b: Tyranitar|Rock Slide|p1a: Indeedee|[spread] p1a,p1b\n|-supereffective|p1b: Armarouge\n|-damage|p1a: Indeedee|21\/100\n|-damage|p1b: Armarouge|18\/100\n|-ability|p1b: Armarouge|Weak Armor|boost\n|-unboost|p1b: Armarouge|def|1\n|-boost|p1b: Armarouge|spe|2\n|move|p1b: Armarouge|Expanding Force|p2a: Garchomp|[spread] p2a,p2b\n|-end|p2a: Garchomp|Substitute\n|-damage|p2b: Tyranitar|44\/100\n|-damage|p1b: Armarouge|8\/100|[from] item: Life Orb\n|move|p1a: Indeedee|Hyper Voice|p2a: Garchomp|[spread] p2a,p2b\n|-damage|p2a: Garchomp|76\/100\n|-damage|p2b: Tyranitar|32\/100\n|\n|-weather|Sandstorm|[upkeep]\n|-damage|p2b: Tyranitar|26\/100|[from] Sandstorm\n|-damage|p1b: Armarouge|2\/100|[from] Sandstorm\n|-damage|p1a: Indeedee|15\/100|[from] Sandstorm\n|-heal|p1a: Indeedee|21\/100|[from] item: Leftovers\n|upkeep\n|turn|4\n|inactive|Token1 has 30 seconds left.\n|inactive|Token1 has 20 seconds left.\n|\n|t:|1682247566\n|switch|p2b: Orthworm|Orthworm, L50, F, shiny|75\/100\n|move|p2a: Garchomp|Earthquake|p1b: Armarouge|[spread] p1a,p1b\n|-heal|p2b: Orthworm|99\/100|[from] ability: Earth Eater|[of] p2a: Garchomp\n|-supereffective|p1b: Armarouge\n|-damage|p1a: Indeedee|0 fnt\n|-damage|p1b: Armarouge|0 fnt\n|faint|p1a: Indeedee\n|faint|p1b: Armarouge\n|\n|-weather|Sandstorm|[upkeep]\n|-sideend|p2: Tas87|move: Tailwind\n|upkeep\n|\n|t:|1682247575\n|switch|p1a: Gyarados|Gyarados, L50, F|100\/100\n|switch|p1b: Great Tusk|Great Tusk, L50|100\/100\n|-ability|p1a: Gyarados|Intimidate|boost\n|-unboost|p2a: Garchomp|atk|1\n|-unboost|p2b: Orthworm|atk|1\n|turn|5\n|\n|t:|1682247593\n|move|p2a: Garchomp|Earthquake|p1a: Gyarados|[spread] p1b\n|-heal|p2b: Orthworm|100\/100|[from] ability: Earth Eater|[of] p2a: Garchomp\n|-immune|p1a: Gyarados\n|-damage|p1b: Great Tusk|58\/100\n|move|p1b: Great Tusk|Substitute|p1b: Great Tusk\n|-start|p1b: Great Tusk|Substitute\n|-damage|p1b: Great Tusk|33\/100\n|move|p1a: Gyarados|Dragon Dance|p1a: Gyarados\n|-boost|p1a: Gyarados|atk|1\n|-boost|p1a: Gyarados|spe|1\n|move|p2b: Orthworm|Shed Tail|p2b: Orthworm\n|-start|p2b: Orthworm|Substitute|[from] move: Shed Tail\n|-damage|p2b: Orthworm|50\/100\n|\n|t:|1682247603\n|switch|p2b: Tyranitar|Tyranitar, L50, F, tera:Flying|26\/100|[from] Shed Tail\n|\n|-weather|none\n|-fieldend|move: Psychic Terrain\n|upkeep\n|turn|6\n|\n|t:|1682247627\n|-terastallize|p1b: Great Tusk|Ground\n|move|p2a: Garchomp|Earthquake|p1b: Great Tusk|[spread] p1b\n|-immune|p2b: Tyranitar\n|-immune|p1a: Gyarados\n|-end|p1b: Great Tusk|Substitute\n|move|p1a: Gyarados|Waterfall|p2b: Tyranitar\n|-end|p2b: Tyranitar|Substitute\n|move|p1b: Great Tusk|Earthquake|p2b: Tyranitar|[spread] p2a\n|-immune|p1a: Gyarados\n|-immune|p2b: Tyranitar\n|-damage|p2a: Garchomp|11\/100\n|move|p2b: Tyranitar|Tera Blast|p1b: Great Tusk\n|-damage|p1b: Great Tusk|2\/100\n|\n|upkeep\n|turn|7\n|\n|t:|1682247652\n|move|p2a: Garchomp|Dragon Claw|p1a: Gyarados\n|-damage|p1a: Gyarados|28\/100\n|-enditem|p1a: Gyarados|Sitrus Berry|[eat]\n|-heal|p1a: Gyarados|52\/100|[from] item: Sitrus Berry\n|move|p1a: Gyarados|Waterfall|p2b: Tyranitar\n|-damage|p2b: Tyranitar|0 fnt\n|faint|p2b: Tyranitar\n|move|p1b: Great Tusk|Earthquake|p2a: Garchomp|[spread] p2a\n|-immune|p1a: Gyarados\n|-damage|p2a: Garchomp|0 fnt\n|faint|p2a: Garchomp\n|\n|upkeep\n|\n|t:|1682247661\n|switch|p2a: Orthworm|Orthworm, L50, F, shiny|50\/100\n|turn|8\n|\n|t:|1682247672\n|move|p1a: Gyarados|Waterfall|p2a: Orthworm\n|-damage|p2a: Orthworm|20\/100\n|move|p1b: Great Tusk|Close Combat|p2a: Orthworm\n|-supereffective|p2a: Orthworm\n|-damage|p2a: Orthworm|0 fnt\n|-unboost|p1b: Great Tusk|def|1\n|-unboost|p1b: Great Tusk|spd|1\n|faint|p2a: Orthworm\n|\n|win|Token1\n|raw|Token1's rating: 1159 → 1190<\/strong> (+31 for winning)\n|raw|Tas87's rating: 1244 → 1213<\/strong> (-31 for losing)\n|l|\u2606Tas87\n|c|\u2606Token1|gg\n","uploadtime":1682247685,"views":16,"p1id":"token1","p2id":"tas87","formatid":"gen9vgc2023regulationc","rating":1190,"private":0,"password":""}