{"id":"gen9vgc2023regulationc-1845718870","p1":"Goldjunge1994","p2":"gohan92","format":"[Gen 9] VGC 2023 Regulation C","log":"|j|\u2606Goldjunge1994\n|j|\u2606gohan92\n|t:|1681758283\n|gametype|doubles\n|player|p1|Goldjunge1994|170|\n|player|p2|gohan92|170|\n|teamsize|p1|6\n|teamsize|p2|6\n|gen|9\n|tier|[Gen 9] VGC 2023 Regulation C\n|rule|Species Clause: Limit one of each Pok\u00e9mon\n|rule|Item Clause: Limit one of each item\n|clearpoke\n|poke|p1|Dragonite, L50, F|\n|poke|p1|Palafin, L50, F|\n|poke|p1|Flutter Mane, L50|\n|poke|p1|Arcanine, L50, M|\n|poke|p1|Chien-Pao, L50|\n|poke|p1|Amoonguss, L50, F|\n|poke|p2|Chi-Yu, L50|\n|poke|p2|Baxcalibur, L50, M|\n|poke|p2|Flutter Mane, L50|\n|poke|p2|Ting-Lu, L50|\n|poke|p2|Gyarados, L50, F|\n|poke|p2|Amoonguss, L50, F|\n|teampreview|4\ngohan92 has agreed to open team sheets.\nGoldjunge1994 has agreed to open team sheets.\n|\n|t:|1681758332\n|start\n|switch|p1a: Dipset|Flutter Mane, L50|100\/100\n|switch|p1b: Skarm|Amoonguss, L50, F|100\/100\n|switch|p2a: Chi-Yu|Chi-Yu, L50|100\/100\n|switch|p2b: Gyarados|Gyarados, L50, F|100\/100\n|-ability|p2a: Chi-Yu|Beads of Ruin\n|-ability|p2b: Gyarados|Intimidate|boost\n|-unboost|p1a: Dipset|atk|1\n|-unboost|p1b: Skarm|atk|1\n|-enditem|p1a: Dipset|Booster Energy\n|-activate|p1a: Dipset|ability: Protosynthesis|[fromitem]\n|-start|p1a: Dipset|protosynthesisspa\n|turn|1\n|\n|t:|1681758369\n|-terastallize|p2b: Gyarados|Steel\n|-terastallize|p1b: Skarm|Water\n|move|p1a: Dipset|Protect|p1a: Dipset\n|-singleturn|p1a: Dipset|Protect\n|move|p2a: Chi-Yu|Snarl|p1b: Skarm|[spread] p1b\n|-activate|p1a: Dipset|move: Protect\n|-damage|p1b: Skarm|72\/100\n|-unboost|p1b: Skarm|spa|1\n|move|p2b: Gyarados|Taunt|p1b: Skarm\n|-start|p1b: Skarm|move: Taunt\n|cant|p1b: Skarm|move: Taunt|Spore\n|\n|upkeep\n|turn|2\n|\n|t:|1681758409\n|switch|p1b: Grauwind|Arcanine, L50, M|100\/100\n|-ability|p1b: Grauwind|Intimidate|boost\n|-unboost|p2a: Chi-Yu|atk|1\n|-unboost|p2b: Gyarados|atk|1\n|move|p2a: Chi-Yu|Snarl|p1b: Grauwind|[spread] p1a,p1b\n|-damage|p1a: Dipset|70\/100\n|-damage|p1b: Grauwind|66\/100\n|-unboost|p1a: Dipset|spa|1\n|-unboost|p1b: Grauwind|spa|1\n|move|p1a: Dipset|Moonblast|p2a: Chi-Yu\n|-damage|p2a: Chi-Yu|55\/100\n|move|p2b: Gyarados|Thunder Wave|p1b: Grauwind\n|-status|p1b: Grauwind|par\n|\n|upkeep\n|turn|3\n|\n|t:|1681758454\n|switch|p2a: Amoonguss|Amoonguss, L50, F|100\/100\n|-end|p1a: Dipset|Protosynthesis|[silent]\n|switch|p1a: Skarm|Amoonguss, L50, F, tera:Water|100\/100\n|switch|p2b: Baxcalibur|Baxcalibur, L50, M|100\/100\n|move|p1b: Grauwind|Protect||[still]\n|-fail|p1b: Grauwind\n|\n|upkeep\n|turn|4\n|\n|t:|1681758473\n|move|p2b: Baxcalibur|Protect|p2b: Baxcalibur\n|-singleturn|p2b: Baxcalibur|Protect\n|cant|p1b: Grauwind|par\n|move|p2a: Amoonguss|Spore|p1a: Skarm\n|-status|p1a: Skarm|slp|[from] move: Spore\n|cant|p1a: Skarm|slp\n|\n|upkeep\n|turn|5\n|\n|t:|1681758517\n|switch|p2a: Chi-Yu|Chi-Yu, L50|55\/100\n|-ability|p2a: Chi-Yu|Beads of Ruin\n|move|p2b: Baxcalibur|Glaive Rush|p1a: Skarm\n|-damage|p1a: Skarm|41\/100 slp\n|-singlemove|p2b: Baxcalibur|Glaive Rush|[silent]\n|-enditem|p1a: Skarm|Sitrus Berry|[eat]\n|-heal|p1a: Skarm|66\/100 slp|[from] item: Sitrus Berry\n|move|p1b: Grauwind|Flare Blitz|p2a: Chi-Yu\n|-resisted|p2a: Chi-Yu\n|-damage|p2a: Chi-Yu|21\/100\n|-damage|p1b: Grauwind|58\/100 par|[from] Recoil\n|-curestatus|p1a: Skarm|slp|[msg]\n|move|p1a: Skarm|Spore|p2b: Baxcalibur\n|-status|p2b: Baxcalibur|slp|[from] move: Spore\n|\n|upkeep\n|turn|6\n|\n|t:|1681758549\n|switch|p1b: Dipset|Flutter Mane, L50|70\/100\n|move|p2a: Chi-Yu|Dark Pulse|p1b: Dipset\n|-damage|p1b: Dipset|4\/100\n|cant|p2b: Baxcalibur|slp\n|move|p1a: Skarm|Pollen Puff|p1b: Dipset\n|-heal|p1b: Dipset|54\/100\n|\n|upkeep\n|turn|7\n|\n|t:|1681758566\n|switch|p2b: Gyarados|Gyarados, L50, F, tera:Steel|100\/100\n|-ability|p2b: Gyarados|Intimidate|boost\n|-unboost|p1a: Skarm|atk|1\n|-unboost|p1b: Dipset|atk|1\n|move|p1b: Dipset|Protect|p1b: Dipset\n|-singleturn|p1b: Dipset|Protect\n|move|p2a: Chi-Yu|Dark Pulse|p1b: Dipset\n|-activate|p1b: Dipset|move: Protect\n|move|p1a: Skarm|Spore|p2a: Chi-Yu\n|-status|p2a: Chi-Yu|slp|[from] move: Spore\n|\n|upkeep\n|turn|8\n|\n|t:|1681758594\n|switch|p2a: Amoonguss|Amoonguss, L50, F|100\/100\n|switch|p1a: Grauwind|Arcanine, L50, M|58\/100 par\n|-ability|p1a: Grauwind|Intimidate|boost\n|-unboost|p2a: Amoonguss|atk|1\n|-unboost|p2b: Gyarados|atk|1\n|move|p1b: Dipset|Shadow Ball|p2b: Gyarados\n|-damage|p2b: Gyarados|69\/100\n|move|p2b: Gyarados|Waterfall|p1b: Dipset\n|-damage|p1b: Dipset|10\/100\n|\n|upkeep\n|turn|9\n|\n|t:|1681758636\n|-end|p1b: Dipset|Protosynthesis|[silent]\n|switch|p1b: Skarm|Amoonguss, L50, F, tera:Water|99\/100\n|move|p2b: Gyarados|Waterfall|p1a: Grauwind\n|-supereffective|p1a: Grauwind\n|-damage|p1a: Grauwind|3\/100 par\n|move|p1a: Grauwind|Flare Blitz|p2b: Gyarados\n|-supereffective|p2b: Gyarados\n|-damage|p2b: Gyarados|0 fnt\n|faint|p2b: Gyarados\n|-damage|p1a: Grauwind|0 fnt|[from] Recoil\n|faint|p1a: Grauwind\n|move|p2a: Amoonguss|Pollen Puff|p2: Gyarados|[notarget]\n|-fail|p2a: Amoonguss\n|\n|upkeep\n|\n|t:|1681758656\n|switch|p1a: Dipset|Flutter Mane, L50|10\/100\n|switch|p2b: Chi-Yu|Chi-Yu, L50|21\/100 slp\n|-ability|p2b: Chi-Yu|Beads of Ruin\n|turn|10\n|\n|t:|1681758682\n|cant|p2b: Chi-Yu|slp\n|move|p1a: Dipset|Shadow Ball|p2a: Amoonguss\n|-damage|p2a: Amoonguss|50\/100\n|-enditem|p2a: Amoonguss|Sitrus Berry|[eat]\n|-heal|p2a: Amoonguss|75\/100|[from] item: Sitrus Berry\n|move|p1b: Skarm|Pollen Puff|p2a: Amoonguss\n|-damage|p2a: Amoonguss|55\/100\n|move|p2a: Amoonguss|Spore|p1b: Skarm\n|-status|p1b: Skarm|slp|[from] move: Spore\n|\n|upkeep\n|turn|11\n|\n|t:|1681758731\n|-curestatus|p2b: Chi-Yu|slp|[msg]\n|move|p2b: Chi-Yu|Dark Pulse|p1a: Dipset\n|-damage|p1a: Dipset|0 fnt\n|faint|p1a: Dipset\n|-end|p1a: Dipset|Protosynthesis|[silent]\n|cant|p1b: Skarm|slp\n|move|p2a: Amoonguss|Pollen Puff|p1b: Skarm\n|-damage|p1b: Skarm|77\/100 slp\n|\n|upkeep\n|\n|t:|1681758742\n|switch|p1a: Vhagar|Dragonite, L50, F|100\/100\n|turn|12\n|\n|t:|1681758768\n|move|p2b: Chi-Yu|Dark Pulse|p1b: Skarm\n|-damage|p1b: Skarm|28\/100 slp\n|move|p1a: Vhagar|Outrage|p2b: Chi-Yu\n|-crit|p2b: Chi-Yu\n|-damage|p2b: Chi-Yu|0 fnt\n|faint|p2b: Chi-Yu\n|move|p2a: Amoonguss|Spore|p1a: Vhagar\n|-status|p1a: Vhagar|slp|[from] move: Spore\n|cant|p1b: Skarm|slp\n|\n|upkeep\n|\n|t:|1681758779\n|switch|p2b: Baxcalibur|Baxcalibur, L50, M|100\/100 slp\n|turn|13\n|\n|t:|1681758805\n|-curestatus|p2b: Baxcalibur|slp|[msg]\n|move|p2b: Baxcalibur|Icicle Spear|p1a: Vhagar\n|-supereffective|p1a: Vhagar\n|-damage|p1a: Vhagar|69\/100 slp\n|-supereffective|p1a: Vhagar\n|-damage|p1a: Vhagar|10\/100 slp\n|-supereffective|p1a: Vhagar\n|-damage|p1a: Vhagar|0 fnt\n|faint|p1a: Vhagar\n|-hitcount|p1: Vhagar|3\n|-curestatus|p1b: Skarm|slp|[msg]\n|move|p1b: Skarm|Pollen Puff|p2a: Amoonguss\n|-damage|p2a: Amoonguss|39\/100\n|move|p2a: Amoonguss|Pollen Puff|p1b: Skarm\n|-damage|p1b: Skarm|11\/100\n|\n|upkeep\n|turn|14\n|\n|t:|1681758830\n|move|p2b: Baxcalibur|Glaive Rush|p1b: Skarm\n|-damage|p1b: Skarm|0 fnt\n|-singlemove|p2b: Baxcalibur|Glaive Rush|[silent]\n|faint|p1b: Skarm\n|\n|win|gohan92\n|c|\u2606Goldjunge1994|gg\n|c|\u2606gohan92|gg!\n","uploadtime":1681758840,"views":7,"p1id":"goldjunge1994","p2id":"gohan92","formatid":"gen9vgc2023regulationc","rating":0,"private":0,"password":""}