{"id":"gen9vgc2023regulationc-1846942781","p1":"QrdeJegoMac","p2":"lHigure","format":"[Gen 9] VGC 2023 Regulation C","log":"|j|\u2606QrdeJegoMac\n|j|\u2606lHigure\n|t:|1681904181\n|gametype|doubles\n|player|p1|QrdeJegoMac|265|1503\n|player|p2|lHigure|102|1389\n|teamsize|p1|6\n|teamsize|p2|6\n|gen|9\n|tier|[Gen 9] VGC 2023 Regulation C\n|rated|\n|rule|Species Clause: Limit one of each Pok\u00e9mon\n|rule|Item Clause: Limit one of each item\n|clearpoke\n|poke|p1|Murkrow, L50, F|\n|poke|p1|Chi-Yu, L50|\n|poke|p1|Flutter Mane, L50|\n|poke|p1|Great Tusk, L50|\n|poke|p1|Brute Bonnet, L50|\n|poke|p1|Corviknight, L50, M|\n|poke|p2|Orthworm, L50, F|\n|poke|p2|Dragonite, L50, F|\n|poke|p2|Ting-Lu, L50|\n|poke|p2|Gyarados, L50, M|\n|poke|p2|Flutter Mane, L50|\n|poke|p2|Chien-Pao, L50|\n|teampreview|4\n|inactive|Battle timer is ON: inactive players will automatically lose when time's up. (requested by QrdeJegoMac)\n|inactive|lHigure has 60 seconds left.\n|\n|t:|1681904221\n|start\n|switch|p1a: Chi-Yu|Chi-Yu, L50|100\/100\n|switch|p1b: Murkrow|Murkrow, L50, F, shiny|100\/100\n|switch|p2a: Orthworm|Orthworm, L50, F|100\/100\n|switch|p2b: Ting-Lu|Ting-Lu, L50|100\/100\n|-ability|p1a: Chi-Yu|Beads of Ruin\n|-ability|p2b: Ting-Lu|Vessel of Ruin\n|turn|1\n|\n|t:|1681904238\n|-terastallize|p2a: Orthworm|Fire\n|move|p1b: Murkrow|Sunny Day|p1b: Murkrow\n|-weather|SunnyDay\n|move|p1a: Chi-Yu|Heat Wave|p2a: Orthworm|[spread] p2a,p2b\n|-resisted|p2a: Orthworm\n|-damage|p2a: Orthworm|60\/100\n|-damage|p2b: Ting-Lu|49\/100\n|-damage|p1a: Chi-Yu|90\/100|[from] item: Life Orb\n|move|p2b: Ting-Lu|Bulldoze|p1b: Murkrow|[spread] p1a\n|-heal|p2a: Orthworm|85\/100|[from] ability: Earth Eater|[of] p2b: Ting-Lu\n|-immune|p1b: Murkrow\n|-supereffective|p1a: Chi-Yu\n|-damage|p1a: Chi-Yu|0 fnt\n|faint|p1a: Chi-Yu\n|move|p2a: Orthworm|Shed Tail|p2a: Orthworm\n|-start|p2a: Orthworm|Substitute|[from] move: Shed Tail\n|-damage|p2a: Orthworm|35\/100\n|-enditem|p2a: Orthworm|Sitrus Berry|[eat]\n|-heal|p2a: Orthworm|60\/100|[from] item: Sitrus Berry\n|\n|t:|1681904254\n|switch|p2a: Dragonite|Dragonite, L50, F|100\/100|[from] Shed Tail\n|\n|-weather|SunnyDay|[upkeep]\n|upkeep\n|\n|t:|1681904259\n|switch|p1a: Great Tusk|Great Tusk, L50|100\/100\n|-activate|p1a: Great Tusk|ability: Protosynthesis\n|-start|p1a: Great Tusk|protosynthesisatk\n|turn|2\n|\n|t:|1681904276\n|move|p1b: Murkrow|Tailwind|p1b: Murkrow\n|-sidestart|p1: QrdeJegoMac|move: Tailwind\n|move|p1a: Great Tusk|Rock Slide|p2b: Ting-Lu|[spread] p2a\n|-miss|p1a: Great Tusk|p2b: Ting-Lu\n|-supereffective|p2a: Dragonite\n|-crit|p2a: Dragonite\n|-end|p2a: Dragonite|Substitute\n|move|p2a: Dragonite|Dragon Dance|p2a: Dragonite\n|-boost|p2a: Dragonite|atk|1\n|-boost|p2a: Dragonite|spe|1\n|move|p2b: Ting-Lu|Bulldoze|p1a: Great Tusk|[spread] p1a\n|-immune|p2a: Dragonite\n|-immune|p1b: Murkrow\n|-damage|p1a: Great Tusk|80\/100\n|-unboost|p1a: Great Tusk|spe|1\n|\n|-weather|SunnyDay|[upkeep]\n|upkeep\n|turn|3\n|\n|t:|1681904300\n|move|p1b: Murkrow|Haze|p1b: Murkrow\n|-clearallboost\n|move|p1a: Great Tusk|Rock Slide|p2a: Dragonite|[spread] p2b\n|-miss|p1a: Great Tusk|p2a: Dragonite\n|-resisted|p2b: Ting-Lu\n|-damage|p2b: Ting-Lu|41\/100\n|move|p2a: Dragonite|Dragon Dance|p2a: Dragonite\n|-boost|p2a: Dragonite|atk|1\n|-boost|p2a: Dragonite|spe|1\n|move|p2b: Ting-Lu|Bulldoze|p1b: Murkrow|[spread] p1a\n|-immune|p2a: Dragonite\n|-immune|p1b: Murkrow\n|-damage|p1a: Great Tusk|59\/100\n|-unboost|p1a: Great Tusk|spe|1\n|\n|-weather|SunnyDay|[upkeep]\n|upkeep\n|turn|4\n|\n|t:|1681904318\n|-end|p1a: Great Tusk|Protosynthesis|[silent]\n|switch|p1a: Flutter Mane|Flutter Mane, L50|100\/100\n|-activate|p1a: Flutter Mane|ability: Protosynthesis\n|-start|p1a: Flutter Mane|protosynthesisspa\n|switch|p2b: Orthworm|Orthworm, L50, F, tera:Fire|60\/100\n|move|p2a: Dragonite|Extreme Speed|p1a: Flutter Mane\n|-immune|p1a: Flutter Mane\n|move|p1b: Murkrow|Foul Play|p2a: Dragonite\n|-damage|p2a: Dragonite|61\/100\n|\n|-weather|SunnyDay|[upkeep]\n|upkeep\n|turn|5\n|inactive|QrdeJegoMac has 30 seconds left.\n|\n|t:|1681904345\n|move|p1a: Flutter Mane|Shadow Ball|p2b: Orthworm\n|-damage|p2b: Orthworm|0 fnt\n|faint|p2b: Orthworm\n|move|p1b: Murkrow|Foul Play|p2a: Dragonite\n|-damage|p2a: Dragonite|0 fnt\n|faint|p2a: Dragonite\n|\n|-weather|none\n|-end|p1a: Flutter Mane|Protosynthesis\n|-sideend|p1: QrdeJegoMac|move: Tailwind\n|upkeep\n|-message|lHigure forfeited.\n|\n|win|QrdeJegoMac\n|raw|QrdeJegoMac's rating: 1503 → 1517<\/strong> (+14 for winning)\n|raw|lHigure's rating: 1389 → 1375<\/strong> (-14 for losing)\n|l|\u2606lHigure\n","uploadtime":1681904359,"views":11,"p1id":"qrdejegomac","p2id":"lhigure","formatid":"gen9vgc2023regulationc","rating":1375,"private":0,"password":""}