{"id":"gen9vgc2023regulationc-1852385326","p1":"J3MMY","p2":"BabyGrizzley","format":"[Gen 9] VGC 2023 Regulation C","log":"|j|\u2606J3MMY\n|j|\u2606BabyGrizzley\n|t:|1682551098\n|gametype|doubles\n|player|p1|J3MMY|shauntal|1029\n|player|p2|BabyGrizzley|266|1060\n|teamsize|p1|6\n|teamsize|p2|6\n|gen|9\n|tier|[Gen 9] VGC 2023 Regulation C\n|rated|\n|rule|Species Clause: Limit one of each Pok\u00e9mon\n|rule|Item Clause: Limit one of each item\n|clearpoke\n|poke|p1|Meowscarada, L50, F|\n|poke|p1|Amoonguss, L50, M|\n|poke|p1|Flutter Mane, L50|\n|poke|p1|Torkoal, L50, M|\n|poke|p1|Corviknight, L50, F|\n|poke|p1|Armarouge, L50, M|\n|poke|p2|Ting-Lu, L50|\n|poke|p2|Wo-Chien, L50|\n|poke|p2|Murkrow, L50, M|\n|poke|p2|Glimmora, L50, M|\n|poke|p2|Pincurchin, L50, F|\n|poke|p2|Iron Bundle, L50|\n|teampreview|4\n|inactive|Battle timer is ON: inactive players will automatically lose when time's up. (requested by BabyGrizzley)\n|\n|t:|1682551111\n|start\n|switch|p1a: Meowscarada|Meowscarada, L50, F|100\/100\n|switch|p1b: Amoonguss|Amoonguss, L50, M|100\/100\n|switch|p2a: Murkrow|Murkrow, L50, M, shiny|100\/100\n|switch|p2b: Glimmora|Glimmora, L50, M, shiny|100\/100\n|turn|1\n|inactive|J3MMY has 30 seconds left.\n|\n|t:|1682551139\n|move|p2a: Murkrow|Tailwind|p2a: Murkrow\n|-sidestart|p2: BabyGrizzley|move: Tailwind\n|move|p2b: Glimmora|Mortal Spin|p1b: Amoonguss|[spread] p1a,p1b\n|-supereffective|p1a: Meowscarada\n|-damage|p1a: Meowscarada|83\/100\n|-damage|p1b: Amoonguss|96\/100\n|-status|p1a: Meowscarada|psn\n|move|p1a: Meowscarada|Knock Off|p2b: Glimmora\n|-damage|p2b: Glimmora|66\/100\n|-activate|p2b: Glimmora|ability: Toxic Debris\n|-sidestart|p1: J3MMY|move: Toxic Spikes\n|-enditem|p2b: Glimmora|Aguav Berry|[from] move: Knock Off|[of] p1a: Meowscarada\n|move|p1b: Amoonguss|Spore|p2b: Glimmora\n|-status|p2b: Glimmora|slp|[from] move: Spore\n|\n|-heal|p1b: Amoonguss|100\/100|[from] item: Leftovers\n|-damage|p1a: Meowscarada|71\/100 psn|[from] psn\n|upkeep\n|turn|2\n|inactive|J3MMY has 30 seconds left.\n|\n|t:|1682551168\n|switch|p1a: Flutter Mane|Flutter Mane, L50|100\/100\n|-status|p1a: Flutter Mane|psn\n|move|p2a: Murkrow|Brave Bird|p1b: Amoonguss\n|-supereffective|p1b: Amoonguss\n|-damage|p1b: Amoonguss|40\/100\n|-damage|p2a: Murkrow|74\/100|[from] Recoil\n|cant|p2b: Glimmora|slp\n|move|p1b: Amoonguss|Spore|p2a: Murkrow\n|-status|p2a: Murkrow|slp|[from] move: Spore\n|\n|-heal|p1b: Amoonguss|46\/100|[from] item: Leftovers\n|-damage|p1a: Flutter Mane|88\/100 psn|[from] psn\n|upkeep\n|turn|3\n|\n|t:|1682551187\n|switch|p1b: Torkoal|Torkoal, L50, M|100\/100\n|-weather|SunnyDay|[from] ability: Drought|[of] p1b: Torkoal\n|-activate|p1a: Flutter Mane|ability: Protosynthesis\n|-start|p1a: Flutter Mane|protosynthesisspe\n|-item|p1b: Torkoal|Air Balloon\n|cant|p2a: Murkrow|slp\n|move|p1a: Flutter Mane|Thunderbolt|p2a: Murkrow\n|-supereffective|p2a: Murkrow\n|-damage|p2a: Murkrow|0 fnt\n|faint|p2a: Murkrow\n|-curestatus|p2b: Glimmora|slp|[msg]\n|move|p2b: Glimmora|Stealth Rock|p1b: Torkoal\n|-sidestart|p1: J3MMY|move: Stealth Rock\n|\n|-weather|SunnyDay|[upkeep]\n|-damage|p1a: Flutter Mane|76\/100 psn|[from] psn\n|upkeep\n|\n|t:|1682551199\n|switch|p2a: Ting-Lu|Ting-Lu, L50|100\/100\n|-ability|p2a: Ting-Lu|Vessel of Ruin\n|turn|4\n|\n|t:|1682551219\n|-end|p1a: Flutter Mane|Protosynthesis|[silent]\n|switch|p1a: Amoonguss|Amoonguss, L50, M|79\/100\n|-sideend|p1: J3MMY|move: Toxic Spikes|[of] p1a: Amoonguss\n|-damage|p1a: Amoonguss|67\/100|[from] Stealth Rock\n|-terastallize|p2a: Ting-Lu|Ground\n|-terastallize|p1b: Torkoal|Grass\n|move|p2b: Glimmora|Mortal Spin|p1a: Amoonguss|[spread] p1a,p1b\n|-supereffective|p1b: Torkoal\n|-damage|p1a: Amoonguss|63\/100\n|-damage|p1b: Torkoal|94\/100\n|-status|p1b: Torkoal|psn\n|-enditem|p1b: Torkoal|Air Balloon\n|move|p2a: Ting-Lu|Snarl|p1a: Amoonguss|[spread] p1a,p1b\n|-damage|p1a: Amoonguss|56\/100\n|-damage|p1b: Torkoal|84\/100 psn\n|-unboost|p1a: Amoonguss|spa|1\n|-unboost|p1b: Torkoal|spa|1\n|move|p1b: Torkoal|Yawn|p2a: Ting-Lu\n|-start|p2a: Ting-Lu|move: Yawn|[of] p1b: Torkoal\n|\n|-weather|SunnyDay|[upkeep]\n|-heal|p1a: Amoonguss|62\/100|[from] item: Leftovers\n|-damage|p1b: Torkoal|71\/100 psn|[from] psn\n|-sideend|p2: BabyGrizzley|move: Tailwind\n|upkeep\n|turn|5\n|inactive|J3MMY has 30 seconds left.\n|\n|t:|1682551254\n|switch|p1b: Meowscarada|Meowscarada, L50, F|71\/100 psn\n|-damage|p1b: Meowscarada|58\/100 psn|[from] Stealth Rock\n|move|p1a: Amoonguss|Protect|p1a: Amoonguss\n|-singleturn|p1a: Amoonguss|Protect\n|move|p2b: Glimmora|Toxic Spikes|p1a: Amoonguss\n|-sidestart|p1: J3MMY|move: Toxic Spikes\n|move|p2a: Ting-Lu|Fissure|p1a: Amoonguss\n|-activate|p1a: Amoonguss|move: Protect\n|\n|-weather|SunnyDay|[upkeep]\n|-heal|p1a: Amoonguss|68\/100|[from] item: Leftovers\n|-damage|p1b: Meowscarada|46\/100 psn|[from] psn\n|-end|p2a: Ting-Lu|move: Yawn|[silent]\n|-status|p2a: Ting-Lu|slp\n|upkeep\n|turn|6\n|\n|t:|1682551275\n|switch|p2b: Wo-Chien|Wo-Chien, L50|100\/100\n|-ability|p2b: Wo-Chien|Tablets of Ruin\n|move|p1b: Meowscarada|Flower Trick|p2a: Ting-Lu\n|-supereffective|p2a: Ting-Lu\n|-crit|p2a: Ting-Lu\n|-damage|p2a: Ting-Lu|61\/100 slp\n|cant|p2a: Ting-Lu|slp\n|move|p1a: Amoonguss|Pollen Puff|p1b: Meowscarada\n|-heal|p1b: Meowscarada|96\/100 psn\n|\n|-weather|SunnyDay|[upkeep]\n|-heal|p1a: Amoonguss|74\/100|[from] item: Leftovers\n|-damage|p1b: Meowscarada|83\/100 psn|[from] psn\n|upkeep\n|turn|7\n|inactive|J3MMY has 30 seconds left.\n|\n|t:|1682551303\n|move|p1b: Meowscarada|Protect|p1b: Meowscarada\n|-singleturn|p1b: Meowscarada|Protect\n|move|p2b: Wo-Chien|Ingrain|p2b: Wo-Chien\n|-start|p2b: Wo-Chien|move: Ingrain\n|cant|p2a: Ting-Lu|slp\n|move|p1a: Amoonguss|Spore|p2b: Wo-Chien\n|-immune|p2b: Wo-Chien\n|\n|-weather|none\n|-heal|p1a: Amoonguss|80\/100|[from] item: Leftovers\n|-damage|p1b: Meowscarada|71\/100 psn|[from] psn\n|upkeep\n|turn|8\n|inactive|J3MMY has 30 seconds left.\n|\n|t:|1682551329\n|switch|p1b: Torkoal|Torkoal, L50, M, tera:Grass|71\/100 psn\n|-damage|p1b: Torkoal|59\/100 psn|[from] Stealth Rock\n|-weather|SunnyDay|[from] ability: Drought|[of] p1b: Torkoal\n|move|p2b: Wo-Chien|Tickle|p1b: Torkoal\n|-unboost|p1b: Torkoal|atk|1\n|-unboost|p1b: Torkoal|def|1\n|cant|p2a: Ting-Lu|slp\n|move|p1a: Amoonguss|Pollen Puff|p2b: Wo-Chien\n|-supereffective|p2b: Wo-Chien\n|-damage|p2b: Wo-Chien|73\/100\n|\n|-weather|SunnyDay|[upkeep]\n|-heal|p2b: Wo-Chien|80\/100|[from] item: Leftovers\n|-heal|p1a: Amoonguss|86\/100|[from] item: Leftovers\n|-heal|p2b: Wo-Chien|86\/100|[from] Ingrain\n|-damage|p1b: Torkoal|46\/100 psn|[from] psn\n|upkeep\n|turn|9\n|\n|t:|1682551353\n|switch|p1a: Flutter Mane|Flutter Mane, L50|76\/100 psn\n|-damage|p1a: Flutter Mane|63\/100 psn|[from] Stealth Rock\n|-activate|p1a: Flutter Mane|ability: Protosynthesis\n|-start|p1a: Flutter Mane|protosynthesisspe\n|move|p2b: Wo-Chien|Leech Seed|p1b: Torkoal\n|-immune|p1b: Torkoal\n|-curestatus|p2a: Ting-Lu|slp|[msg]\n|move|p2a: Ting-Lu|Fissure|p1a: Flutter Mane\n|-damage|p1a: Flutter Mane|0 fnt\n|faint|p1a: Flutter Mane\n|-end|p1a: Flutter Mane|Protosynthesis|[silent]\n|-ohko\n|move|p1b: Torkoal|Yawn|p2b: Wo-Chien\n|-start|p2b: Wo-Chien|move: Yawn|[of] p1b: Torkoal\n|\n|-weather|SunnyDay|[upkeep]\n|-heal|p2b: Wo-Chien|92\/100|[from] item: Leftovers\n|-heal|p2b: Wo-Chien|98\/100|[from] Ingrain\n|-damage|p1b: Torkoal|34\/100 psn|[from] psn\n|upkeep\n|\n|t:|1682551365\n|switch|p1a: Amoonguss|Amoonguss, L50, M|100\/100\n|-damage|p1a: Amoonguss|88\/100|[from] Stealth Rock\n|-sideend|p1: J3MMY|move: Toxic Spikes|[of] p1a: Amoonguss\n|turn|10\n|\n|t:|1682551376\n|move|p1b: Torkoal|Protect|p1b: Torkoal\n|-singleturn|p1b: Torkoal|Protect\n|move|p2b: Wo-Chien|Pollen Puff|p2a: Ting-Lu\n|-heal|p2a: Ting-Lu|100\/100\n|move|p2a: Ting-Lu|Fissure|p1a: Amoonguss|[miss]\n|-miss|p2a: Ting-Lu|p1a: Amoonguss\n|move|p1a: Amoonguss|Spore|p2a: Ting-Lu\n|-status|p2a: Ting-Lu|slp|[from] move: Spore\n|\n|-weather|SunnyDay|[upkeep]\n|-heal|p2b: Wo-Chien|100\/100|[from] item: Leftovers\n|-heal|p1a: Amoonguss|94\/100|[from] item: Leftovers\n|-damage|p1b: Torkoal|21\/100 psn|[from] psn\n|-end|p2b: Wo-Chien|move: Yawn|[silent]\n|-status|p2b: Wo-Chien|slp\n|upkeep\n|turn|11\n|inactive|J3MMY has 30 seconds left.\n|inactive|J3MMY has 20 seconds left.\n|inactive|J3MMY has 15 seconds left.\n|\n|t:|1682551416\n|switch|p1a: Meowscarada|Meowscarada, L50, F|71\/100 psn\n|-damage|p1a: Meowscarada|58\/100 psn|[from] Stealth Rock\n|cant|p2b: Wo-Chien|slp\n|cant|p2a: Ting-Lu|slp\n|move|p1b: Torkoal|Overheat|p2b: Wo-Chien\n|-supereffective|p2b: Wo-Chien\n|-damage|p2b: Wo-Chien|40\/100 slp\n|-unboost|p1b: Torkoal|spa|2\n|\n|-weather|SunnyDay|[upkeep]\n|-heal|p2b: Wo-Chien|46\/100 slp|[from] item: Leftovers\n|-heal|p2b: Wo-Chien|53\/100 slp|[from] Ingrain\n|-damage|p1a: Meowscarada|46\/100 psn|[from] psn\n|-damage|p1b: Torkoal|9\/100 psn|[from] psn\n|upkeep\n|turn|12\n|inactive|BabyGrizzley has 30 seconds left.\n|inactive|BabyGrizzley has 20 seconds left.\n|inactive|BabyGrizzley has 15 seconds left.\n|inactive|BabyGrizzley has 10 seconds left.\n|inactive|BabyGrizzley has 5 seconds left.\n|\n|t:|1682551471\n|move|p1b: Torkoal|Helping Hand|p1a: Meowscarada\n|-singleturn|p1a: Meowscarada|Helping Hand|[of] p1b: Torkoal\n|move|p1a: Meowscarada|Flower Trick|p2a: Ting-Lu\n|-supereffective|p2a: Ting-Lu\n|-crit|p2a: Ting-Lu\n|-damage|p2a: Ting-Lu|40\/100 slp\n|-enditem|p2a: Ting-Lu|Sitrus Berry|[eat]\n|-heal|p2a: Ting-Lu|65\/100 slp|[from] item: Sitrus Berry\n|cant|p2b: Wo-Chien|slp\n|-curestatus|p2a: Ting-Lu|slp|[msg]\n|move|p2a: Ting-Lu|Fissure|p1b: Torkoal|[miss]\n|-miss|p2a: Ting-Lu|p1b: Torkoal\n|\n|-weather|none\n|-heal|p2b: Wo-Chien|59\/100 slp|[from] item: Leftovers\n|-heal|p2b: Wo-Chien|65\/100 slp|[from] Ingrain\n|-damage|p1a: Meowscarada|33\/100 psn|[from] psn\n|-damage|p1b: Torkoal|0 fnt|[from] psn\n|faint|p1b: Torkoal\n|upkeep\n|\n|t:|1682551478\n|switch|p1b: Amoonguss|Amoonguss, L50, M|100\/100\n|-damage|p1b: Amoonguss|88\/100|[from] Stealth Rock\n|turn|13\n|\n|t:|1682551497\n|move|p1a: Meowscarada|Protect|p1a: Meowscarada\n|-singleturn|p1a: Meowscarada|Protect\n|cant|p2b: Wo-Chien|slp\n|move|p2a: Ting-Lu|Fissure|p1b: Amoonguss|[miss]\n|-miss|p2a: Ting-Lu|p1b: Amoonguss\n|move|p1b: Amoonguss|Pollen Puff|p1a: Meowscarada\n|-activate|p1a: Meowscarada|move: Protect\n|\n|-heal|p2b: Wo-Chien|71\/100 slp|[from] item: Leftovers\n|-heal|p1b: Amoonguss|94\/100|[from] item: Leftovers\n|-heal|p2b: Wo-Chien|78\/100 slp|[from] Ingrain\n|-damage|p1a: Meowscarada|21\/100 psn|[from] psn\n|upkeep\n|turn|14\n|\n|t:|1682551519\n|move|p1a: Meowscarada|Flower Trick|p2a: Ting-Lu\n|-supereffective|p2a: Ting-Lu\n|-crit|p2a: Ting-Lu\n|-damage|p2a: Ting-Lu|3\/100\n|-curestatus|p2b: Wo-Chien|slp|[msg]\n|move|p2b: Wo-Chien|Pollen Puff|p2a: Ting-Lu\n|-heal|p2a: Ting-Lu|53\/100\n|move|p2a: Ting-Lu|Fissure|p1b: Amoonguss|[miss]\n|-miss|p2a: Ting-Lu|p1b: Amoonguss\n|move|p1b: Amoonguss|Spore|p2a: Ting-Lu\n|-status|p2a: Ting-Lu|slp|[from] move: Spore\n|\n|-heal|p2b: Wo-Chien|84\/100|[from] item: Leftovers\n|-heal|p1b: Amoonguss|99\/100|[from] item: Leftovers\n|-heal|p2b: Wo-Chien|90\/100|[from] Ingrain\n|-damage|p1a: Meowscarada|8\/100 psn|[from] psn\n|upkeep\n|turn|15\n|\n|t:|1682551543\n|move|p1a: Meowscarada|Flower Trick|p2a: Ting-Lu\n|-supereffective|p2a: Ting-Lu\n|-crit|p2a: Ting-Lu\n|-damage|p2a: Ting-Lu|0 fnt\n|faint|p2a: Ting-Lu\n|move|p2b: Wo-Chien|Pollen Puff|p2: Ting-Lu|[notarget]\n|-fail|p2b: Wo-Chien\n|move|p1b: Amoonguss|Pollen Puff|p1a: Meowscarada\n|-heal|p1a: Meowscarada|58\/100 psn\n|\n|-heal|p2b: Wo-Chien|96\/100|[from] item: Leftovers\n|-heal|p1b: Amoonguss|100\/100|[from] item: Leftovers\n|-heal|p2b: Wo-Chien|100\/100|[from] Ingrain\n|-damage|p1a: Meowscarada|46\/100 psn|[from] psn\n|upkeep\n|l|\u2606BabyGrizzley\n|inactive|BabyGrizzley disconnected and has a minute to reconnect!\n|player|p2|\n|inactive|BabyGrizzley has 30 seconds left.\n|c|\u2606J3MMY|Ai que deliciaaaa\n|j|\u2606BabyGrizzley\n|inactive|BabyGrizzley reconnected and has 25 seconds left.\n|player|p2|BabyGrizzley|266\n|inactive|BabyGrizzley has 20 seconds left.\n|l|\u2606BabyGrizzley\n|inactive|BabyGrizzley disconnected and has a minute to reconnect!\n|player|p2|\n|c|\u2606J3MMY|Ja ganhei\n|inactive|BabyGrizzley has 15 seconds left.\n|inactive|BabyGrizzley has 10 seconds left.\n|c|\u2606J3MMY|Gostou do meu time bb?\n|inactive|BabyGrizzley has 5 seconds left.\n|-message|BabyGrizzley lost due to inactivity.\n|\n|win|J3MMY\n|raw|J3MMY's rating: 1029 → 1068<\/strong> (+39 for winning)\n|raw|BabyGrizzley's rating: 1060 → 1039<\/strong> (-21 for losing)\n","uploadtime":1682551607,"views":18,"p1id":"j3mmy","p2id":"babygrizzley","formatid":"gen9vgc2023regulationc","rating":1039,"private":0,"password":""}