{"id":"gen9vgc2023regulationc-1859317952","p1":"Xatseye","p2":"Echo Rose#9471","format":"[Gen 9] VGC 2023 Regulation C","log":"|j|\u2606Xatseye\n|j|\u2606Echo Rose#9471\n|t:|1683433612\n|gametype|doubles\n|player|p1|Xatseye|brycenman|1501\n|player|p2|Echo Rose#9471|101|1456\n|teamsize|p1|6\n|teamsize|p2|6\n|gen|9\n|tier|[Gen 9] VGC 2023 Regulation C\n|rated|\n|rule|Species Clause: Limit one of each Pok\u00e9mon\n|rule|Item Clause: Limit one of each item\n|clearpoke\n|poke|p1|Palafin, L50, F|\n|poke|p1|Amoonguss, L50, M|\n|poke|p1|Iron Hands, L50|\n|poke|p1|Flutter Mane, L50|\n|poke|p1|Chien-Pao, L50|\n|poke|p1|Gothitelle, L50, M|\n|poke|p2|Annihilape, L50, F|\n|poke|p2|Maushold-Four, L50|\n|poke|p2|Dondozo, L50, M|\n|poke|p2|Tatsugiri, L50, F|\n|poke|p2|Iron Moth, L50|\n|poke|p2|Flutter Mane, L50|\n|teampreview|4\n|inactive|Battle timer is ON: inactive players will automatically lose when time's up. (requested by Xatseye)\n|inactive|Xatseye has 60 seconds left.\n|inactive|Echo Rose#9471 has 60 seconds left.\n|\n|t:|1683433646\n|start\n|switch|p1a: Gothitelle|Gothitelle, L50, M|100\/100\n|switch|p1b: Palafin|Palafin, L50, F|100\/100\n|switch|p2a: Flutter Mane|Flutter Mane, L50|100\/100\n|switch|p2b: Maushold|Maushold-Four, L50|100\/100\n|turn|1\n|\n|t:|1683433669\n|move|p2a: Flutter Mane|Shadow Ball|p1a: Gothitelle\n|-supereffective|p1a: Gothitelle\n|-damage|p1a: Gothitelle|2\/100\n|move|p2b: Maushold|Taunt|p1a: Gothitelle\n|-start|p1a: Gothitelle|move: Taunt\n|move|p1b: Palafin|Wave Crash|p2a: Flutter Mane\n|-damage|p2a: Flutter Mane|24\/100\n|-damage|p1b: Palafin|82\/100|[from] Recoil\n|cant|p1a: Gothitelle|move: Taunt|Hypnosis\n|\n|upkeep\n|turn|2\n|inactive|Xatseye has 30 seconds left.\n|\n|t:|1683433701\n|switch|p1a: Amoonguss|Amoonguss, L50, M|100\/100\n|-terastallize|p1b: Palafin|Water\n|move|p1b: Palafin|Jet Punch|p2a: Flutter Mane\n|-damage|p2a: Flutter Mane|0 fnt\n|faint|p2a: Flutter Mane\n|-end|p2a: Flutter Mane|Protosynthesis|[silent]\n|move|p2b: Maushold|Beat Up|p1a: Amoonguss\n|-crit|p1a: Amoonguss\n|-damage|p1a: Amoonguss|98\/100\n|-damage|p1a: Amoonguss|96\/100\n|-damage|p1a: Amoonguss|94\/100\n|-hitcount|p1a: Amoonguss|3\n|\n|upkeep\n|\n|t:|1683433711\n|switch|p2a: Iron Moth|Iron Moth, L50|100\/100\n|-enditem|p2a: Iron Moth|Booster Energy\n|-activate|p2a: Iron Moth|ability: Quark Drive|[fromitem]\n|-start|p2a: Iron Moth|quarkdrivespe\n|turn|3\n|\n|t:|1683433727\n|detailschange|p1b: Palafin|Palafin-Hero, L50, F, tera:Water\n|switch|p1b: Flutter Mane|Flutter Mane, L50|100\/100\n|-enditem|p1b: Flutter Mane|Booster Energy\n|-activate|p1b: Flutter Mane|ability: Protosynthesis|[fromitem]\n|-start|p1b: Flutter Mane|protosynthesisspe\n|-terastallize|p2a: Iron Moth|Grass\n|move|p1a: Amoonguss|Protect|p1a: Amoonguss\n|-singleturn|p1a: Amoonguss|Protect\n|move|p2a: Iron Moth|Energy Ball|p1b: Flutter Mane\n|-crit|p1b: Flutter Mane\n|-damage|p1b: Flutter Mane|27\/100\n|move|p2b: Maushold|Taunt|p1a: Amoonguss\n|-activate|p1a: Amoonguss|move: Protect\n|\n|upkeep\n|turn|4\n|inactive|Xatseye has 30 seconds left.\n|\n|t:|1683433762\n|move|p1b: Flutter Mane|Dazzling Gleam|p2a: Iron Moth|[spread] p2a,p2b\n|-damage|p2a: Iron Moth|77\/100\n|-damage|p2b: Maushold|74\/100\n|move|p2a: Iron Moth|Heat Wave|p1b: Flutter Mane|[spread] p1a,p1b\n|-supereffective|p1a: Amoonguss\n|-damage|p1a: Amoonguss|33\/100\n|-damage|p1b: Flutter Mane|0 fnt\n|-enditem|p1a: Amoonguss|Sitrus Berry|[eat]\n|-heal|p1a: Amoonguss|58\/100|[from] item: Sitrus Berry\n|faint|p1b: Flutter Mane\n|-end|p1b: Flutter Mane|Protosynthesis|[silent]\n|move|p2b: Maushold|Taunt|p1a: Amoonguss\n|-start|p1a: Amoonguss|move: Taunt\n|move|p1a: Amoonguss|Pollen Puff|p1: Flutter Mane|[notarget]\n|-fail|p1a: Amoonguss\n|\n|upkeep\n|\n|t:|1683433777\n|switch|p1b: Gothitelle|Gothitelle, L50, M|2\/100\n|turn|5\n|\n|t:|1683433784\n|move|p1b: Gothitelle|Fake Out|p2a: Iron Moth\n|-damage|p2a: Iron Moth|72\/100\n|cant|p2a: Iron Moth|flinch\n|move|p2b: Maushold|Beat Up|p1b: Gothitelle\n|-supereffective|p1b: Gothitelle\n|-damage|p1b: Gothitelle|0 fnt\n|faint|p1b: Gothitelle\n|-hitcount|p1: Gothitelle|1\n|move|p1a: Amoonguss|Pollen Puff|p1: Gothitelle|[notarget]\n|-fail|p1a: Amoonguss\n|\n|upkeep\n|\n|t:|1683433796\n|switch|p1b: Palafin|Palafin-Hero, L50, F, tera:Water|82\/100\n|-activate|p1b: Palafin|ability: Zero to Hero\n|turn|6\n|\n|t:|1683433807\n|switch|p2b: Tatsugiri|Tatsugiri, L50, F|100\/100\n|move|p1b: Palafin|Jet Punch|p2b: Tatsugiri\n|-ability|p2b: Tatsugiri|Storm Drain|boost\n|-boost|p2b: Tatsugiri|spa|1\n|move|p2a: Iron Moth|Heat Wave|p1a: Amoonguss|[spread] p1a,p1b\n|-supereffective|p1a: Amoonguss\n|-crit|p1a: Amoonguss\n|-resisted|p1b: Palafin\n|-damage|p1a: Amoonguss|0 fnt\n|-damage|p1b: Palafin|63\/100\n|faint|p1a: Amoonguss\n|\n|upkeep\n|turn|7\n|-message|Xatseye forfeited.\n|\n|win|Echo Rose#9471\n|raw|Xatseye's rating: 1501 → 1478<\/strong> (-23 for losing)\n|raw|Echo Rose#9471's rating: 1456 → 1479<\/strong> (+23 for winning)\n|l|\u2606Xatseye\n","uploadtime":1683433824,"views":12,"p1id":"xatseye","p2id":"echorose9471","formatid":"gen9vgc2023regulationc","rating":1478,"private":0,"password":""}