{"id":"gen9vgc2023regulationc-1857126060","p1":"Gialix","p2":"Dino Neni","format":"[Gen 9] VGC 2023 Regulation C","log":"|j|\u2606Gialix\n|j|\u2606Dino Neni\n|t:|1683148432\n|gametype|doubles\n|player|p1|Gialix|266|1147\n|player|p2|Dino Neni|2|1183\n|teamsize|p1|6\n|teamsize|p2|6\n|gen|9\n|tier|[Gen 9] VGC 2023 Regulation C\n|rated|\n|rule|Species Clause: Limit one of each Pok\u00e9mon\n|rule|Item Clause: Limit one of each item\n|clearpoke\n|poke|p1|Arcanine, L50, M|\n|poke|p1|Flutter Mane, L50|\n|poke|p1|Palafin, L50, M|\n|poke|p1|Amoonguss, L50, M|\n|poke|p1|Dragonite, L50, M|\n|poke|p1|Chien-Pao, L50|\n|poke|p2|Flutter Mane, L50|\n|poke|p2|Palafin, L50, M|\n|poke|p2|Baxcalibur, L50, F|\n|poke|p2|Amoonguss, L50, F|\n|poke|p2|Ting-Lu, L50|\n|poke|p2|Arcanine, L50, F|\n|teampreview|4\n|inactive|Battle timer is ON: inactive players will automatically lose when time's up. (requested by Dino Neni)\nGialix has agreed to open team sheets.\nDino Neni rejected open team sheets.\n|inactive|Gialix has 60 seconds left.\n|inactive|Dino Neni has 60 seconds left.\n|inactive|Gialix has 30 seconds left.\n|inactive|Gialix has 20 seconds left.\n|\n|t:|1683148506\n|start\n|switch|p1a: Flutter Mane|Flutter Mane, L50|100\/100\n|switch|p1b: Palafin|Palafin, L50, M, shiny|100\/100\n|switch|p2a: Baxcalibur|Baxcalibur, L50, F|100\/100\n|switch|p2b: Arcanine|Arcanine, L50, F|100\/100\n|-ability|p2b: Arcanine|Intimidate|boost\n|-unboost|p1a: Flutter Mane|atk|1\n|-unboost|p1b: Palafin|atk|1\n|turn|1\n|inactive|Gialix has 30 seconds left.\n|\n|t:|1683148534\n|switch|p2b: Ting-Lu|Ting-Lu, L50|100\/100\n|-ability|p2b: Ting-Lu|Vessel of Ruin\n|-terastallize|p1a: Flutter Mane|Fairy\n|-terastallize|p2a: Baxcalibur|Poison\n|move|p1a: Flutter Mane|Dazzling Gleam|p2a: Baxcalibur|[spread] p2a,p2b\n|-resisted|p2a: Baxcalibur\n|-supereffective|p2b: Ting-Lu\n|-damage|p2a: Baxcalibur|82\/100\n|-damage|p2b: Ting-Lu|55\/100\n|move|p1b: Palafin|Wave Crash|p2a: Baxcalibur\n|-damage|p2a: Baxcalibur|52\/100\n|-damage|p1b: Palafin|90\/100|[from] Recoil\n|move|p2a: Baxcalibur|Icicle Crash|p1a: Flutter Mane\n|-damage|p1a: Flutter Mane|39\/100\n|\n|upkeep\n|turn|2\n|inactive|Gialix has 30 seconds left.\n|inactive|Dino Neni has 30 seconds left.\n|inactive|Gialix has 20 seconds left.\n|inactive|Dino Neni has 20 seconds left.\n|inactive|Dino Neni has 15 seconds left.\n|\n|t:|1683148575\n|-end|p1a: Flutter Mane|Protosynthesis|[silent]\n|switch|p1a: Arcanine|Arcanine, L50, M, shiny|100\/100\n|-ability|p1a: Arcanine|Intimidate|boost\n|-fail|p2a: Baxcalibur|unboost|[from] item: Clear Amulet|[of] p2a: Baxcalibur\n|-unboost|p2b: Ting-Lu|atk|1\n|switch|p2b: Arcanine|Arcanine, L50, F|100\/100\n|-ability|p2b: Arcanine|Intimidate|boost\n|-unboost|p1a: Arcanine|atk|1\n|-unboost|p1b: Palafin|atk|1\n|move|p1b: Palafin|Wave Crash|p2a: Baxcalibur\n|-damage|p2a: Baxcalibur|30\/100\n|-damage|p1b: Palafin|82\/100|[from] Recoil\n|move|p2a: Baxcalibur|Icicle Crash|p1a: Arcanine\n|-resisted|p1a: Arcanine\n|-damage|p1a: Arcanine|74\/100\n|\n|upkeep\n|turn|3\n|inactive|Gialix has 30 seconds left.\n|inactive|Dino Neni has 30 seconds left.\n|inactive|Gialix has 20 seconds left.\n|\n|t:|1683148615\n|detailschange|p1b: Palafin|Palafin-Hero, L50, M, shiny\n|switch|p1b: Amoonguss|Amoonguss, L50, M, shiny|100\/100\n|move|p2b: Arcanine|Protect|p2b: Arcanine\n|-singleturn|p2b: Arcanine|Protect\n|move|p1a: Arcanine|Flare Blitz|p2a: Baxcalibur\n|-damage|p2a: Baxcalibur|4\/100\n|-ability|p2a: Baxcalibur|Thermal Exchange|boost\n|-boost|p2a: Baxcalibur|atk|1\n|-damage|p1a: Arcanine|64\/100|[from] Recoil\n|move|p2a: Baxcalibur|Glaive Rush|p1b: Amoonguss\n|-damage|p1b: Amoonguss|17\/100\n|-singlemove|p2a: Baxcalibur|Glaive Rush|[silent]\n|-enditem|p1b: Amoonguss|Sitrus Berry|[eat]\n|-heal|p1b: Amoonguss|42\/100|[from] item: Sitrus Berry\n|\n|upkeep\n|turn|4\n|inactive|Gialix has 30 seconds left.\n|inactive|Gialix has 20 seconds left.\n|\n|t:|1683148651\n|switch|p1b: Palafin|Palafin-Hero, L50, M, shiny|82\/100\n|-activate|p1b: Palafin|ability: Zero to Hero\n|move|p2a: Baxcalibur|Protect|p2a: Baxcalibur\n|-singleturn|p2a: Baxcalibur|Protect\n|move|p1a: Arcanine|Extreme Speed|p2a: Baxcalibur\n|-activate|p2a: Baxcalibur|move: Protect\n|move|p2b: Arcanine|Will-O-Wisp|p1b: Palafin\n|-status|p1b: Palafin|brn\n|\n|-damage|p1b: Palafin|76\/100 brn|[from] brn\n|upkeep\n|turn|5\n|inactive|Dino Neni has 30 seconds left.\n|\n|t:|1683148682\n|move|p2b: Arcanine|Extreme Speed|p1b: Palafin\n|-damage|p1b: Palafin|53\/100 brn\n|move|p1a: Arcanine|Extreme Speed|p2a: Baxcalibur\n|-damage|p2a: Baxcalibur|0 fnt\n|faint|p2a: Baxcalibur\n|move|p1b: Palafin|Wave Crash|p2b: Arcanine\n|-supereffective|p2b: Arcanine\n|-damage|p2b: Arcanine|0 fnt\n|faint|p2b: Arcanine\n|-damage|p1b: Palafin|24\/100 brn|[from] Recoil\n|\n|-damage|p1b: Palafin|18\/100 brn|[from] brn\n|upkeep\n|\n|t:|1683148696\n|switch|p2b: Ting-Lu|Ting-Lu, L50|55\/100\n|switch|p2a: Flutter Mane|Flutter Mane, L50|100\/100\n|-ability|p2b: Ting-Lu|Vessel of Ruin\n|turn|6\n|inactive|Dino Neni has 30 seconds left.\n|\n|t:|1683148729\n|move|p1b: Palafin|Jet Punch|p2a: Flutter Mane\n|-damage|p2a: Flutter Mane|63\/100\n|move|p2a: Flutter Mane|Dazzling Gleam|p1b: Palafin|[spread] p1a,p1b\n|-resisted|p1a: Arcanine\n|-damage|p1a: Arcanine|50\/100\n|-damage|p1b: Palafin|0 fnt\n|faint|p1b: Palafin\n|move|p1a: Arcanine|Will-O-Wisp|p2b: Ting-Lu\n|-status|p2b: Ting-Lu|brn\n|move|p2b: Ting-Lu|Stomping Tantrum|p1a: Arcanine\n|-supereffective|p1a: Arcanine\n|-damage|p1a: Arcanine|15\/100\n|\n|-damage|p2b: Ting-Lu|49\/100 brn|[from] brn\n|upkeep\n|\n|t:|1683148751\n|switch|p1b: Amoonguss|Amoonguss, L50, M, shiny|75\/100\n|turn|7\n|\n|t:|1683148765\n|move|p2a: Flutter Mane|Dazzling Gleam|p1a: Arcanine|[spread] p1a,p1b\n|-resisted|p1a: Arcanine\n|-resisted|p1b: Amoonguss\n|-damage|p1a: Arcanine|0 fnt\n|-damage|p1b: Amoonguss|60\/100\n|faint|p1a: Arcanine\n|move|p2b: Ting-Lu|Fissure|p1b: Amoonguss|[miss]\n|-miss|p2b: Ting-Lu|p1b: Amoonguss\n|move|p1b: Amoonguss|Spore|p2a: Flutter Mane\n|-status|p2a: Flutter Mane|slp|[from] move: Spore\n|\n|-damage|p2b: Ting-Lu|42\/100 brn|[from] brn\n|upkeep\n|\n|t:|1683148776\n|switch|p1a: Flutter Mane|Flutter Mane, L50, tera:Fairy|39\/100\n|turn|8\n|inactive|Gialix has 30 seconds left.\n|\n|t:|1683148804\n|cant|p2a: Flutter Mane|slp\n|move|p1a: Flutter Mane|Dazzling Gleam|p2a: Flutter Mane|[spread] p2a,p2b\n|-crit|p2a: Flutter Mane\n|-supereffective|p2b: Ting-Lu\n|-damage|p2a: Flutter Mane|0 fnt\n|-damage|p2b: Ting-Lu|0 fnt\n|faint|p2a: Flutter Mane\n|-end|p2a: Flutter Mane|Protosynthesis|[silent]\n|faint|p2b: Ting-Lu\n|\n|win|Gialix\n|raw|Gialix's rating: 1147 → 1175<\/strong> (+28 for winning)\n|raw|Dino Neni's rating: 1183 → 1155<\/strong> (-28 for losing)\n|l|\u2606Dino Neni\n","uploadtime":1683148818,"views":6,"p1id":"gialix","p2id":"dinoneni","formatid":"gen9vgc2023regulationc","rating":1155,"private":0,"password":""}