{"id":"gen9vgc2023regulationc-1847787321","p1":"ellipticalcatten","p2":"lucaless","format":"[Gen 9] VGC 2023 Regulation C","log":"|j|\u2606ellipticalcatten\n|j|\u2606lucaless\n|t:|1682001952\n|gametype|doubles\n|player|p1|ellipticalcatten|266|1112\n|player|p2|lucaless|265|1087\n|teamsize|p1|6\n|teamsize|p2|6\n|gen|9\n|tier|[Gen 9] VGC 2023 Regulation C\n|rated|\n|rule|Species Clause: Limit one of each Pok\u00e9mon\n|rule|Item Clause: Limit one of each item\n|clearpoke\n|poke|p1|Talonflame, L50, M|\n|poke|p1|Garchomp, L50, M|\n|poke|p1|Gardevoir, L50, F|\n|poke|p1|Lycanroc-Dusk, L50, M|\n|poke|p1|Toxapex, L50, F|\n|poke|p1|Meowscarada, L50, M|\n|poke|p2|Iron Thorns, L50|\n|poke|p2|Pincurchin, L50, F|\n|poke|p2|Gengar, L50, M|\n|poke|p2|Scizor, L50, M|\n|poke|p2|Chi-Yu, L50|\n|poke|p2|Drifblim, L50, M|\n|teampreview|4\n|inactive|Battle timer is ON: inactive players will automatically lose when time's up. (requested by lucaless)\n|inactive|ellipticalcatten has 60 seconds left.\nlucaless has agreed to open team sheets.\nellipticalcatten rejected open team sheets.\n|inactive|ellipticalcatten has 30 seconds left.\n|inactive|lucaless has 60 seconds left.\n|inactive|ellipticalcatten has 20 seconds left.\n|inactive|ellipticalcatten has 15 seconds left.\n|\n|t:|1682002032\n|start\n|switch|p1a: Lycanroc|Lycanroc-Dusk, L50, M|100\/100\n|switch|p1b: Talonflame|Talonflame, L50, M|100\/100\n|switch|p2a: Iron Thorns|Iron Thorns, L50|100\/100\n|switch|p2b: Drifblim|Drifblim, L50, M|100\/100\n|turn|1\n|\n|t:|1682002047\n|move|p2a: Iron Thorns|Protect|p2a: Iron Thorns\n|-singleturn|p2a: Iron Thorns|Protect\n|move|p1b: Talonflame|Tailwind|p1b: Talonflame\n|-sidestart|p1: ellipticalcatten|move: Tailwind\n|move|p1a: Lycanroc|Close Combat|p2a: Iron Thorns\n|-activate|p2a: Iron Thorns|move: Protect\n|move|p2b: Drifblim|Trick Room|p2b: Drifblim\n|-fieldstart|move: Trick Room|[of] p2b: Drifblim\n|\n|upkeep\n|turn|2\n|inactive|ellipticalcatten has 30 seconds left.\n|\n|t:|1682002072\n|switch|p2b: Gengar|Gengar, L50, M|100\/100\n|switch|p1b: Toxapex|Toxapex, L50, F|100\/100\n|switch|p1a: Garchomp|Garchomp, L50, M|100\/100\n|-terastallize|p2a: Iron Thorns|Bug\n|move|p2a: Iron Thorns|Rock Blast|p1b: Toxapex\n|-damage|p1b: Toxapex|91\/100\n|-damage|p1b: Toxapex|81\/100\n|-damage|p1b: Toxapex|71\/100\n|-damage|p1b: Toxapex|60\/100\n|-damage|p1b: Toxapex|50\/100\n|-hitcount|p1b: Toxapex|5\n|\n|-heal|p1b: Toxapex|55\/100|[from] item: Black Sludge\n|upkeep\n|turn|3\n|inactive|ellipticalcatten has 30 seconds left.\n|inactive|lucaless has 30 seconds left.\n|inactive|lucaless has 20 seconds left.\n|\n|t:|1682002111\n|move|p1b: Toxapex|Infestation|p2a: Iron Thorns\n|-damage|p2a: Iron Thorns|98\/100\n|-activate|p2a: Iron Thorns|move: Infestation|[of] p1b: Toxapex\n|move|p2a: Iron Thorns|Pin Missile|p1a: Garchomp\n|-crit|p1a: Garchomp\n|-damage|p1a: Garchomp|80\/100\n|-damage|p1a: Garchomp|67\/100\n|-damage|p1a: Garchomp|54\/100\n|-damage|p1a: Garchomp|40\/100\n|-hitcount|p1a: Garchomp|4\n|move|p2b: Gengar|Dazzling Gleam|p1b: Toxapex|[spread] p1a,p1b\n|-supereffective|p1a: Garchomp\n|-crit|p1a: Garchomp\n|-resisted|p1b: Toxapex\n|-damage|p1a: Garchomp|0 fnt\n|-damage|p1b: Toxapex|43\/100\n|faint|p1a: Garchomp\n|\n|-heal|p1b: Toxapex|48\/100|[from] item: Black Sludge\n|-damage|p2a: Iron Thorns|85\/100|[from] move: Infestation|[partiallytrapped]\n|upkeep\n|\n|t:|1682002129\n|switch|p1a: Talonflame|Talonflame, L50, M|100\/100\n|turn|4\n|\n|t:|1682002142\n|switch|p2b: Drifblim|Drifblim, L50, M|100\/100\n|move|p1a: Talonflame|Brave Bird|p2a: Iron Thorns\n|-supereffective|p2a: Iron Thorns\n|-damage|p2a: Iron Thorns|0 fnt\n|faint|p2a: Iron Thorns\n|-end|p2a: Iron Thorns|Quark Drive|[silent]\n|-damage|p1a: Talonflame|68\/100|[from] Recoil\n|move|p1b: Toxapex|Infestation|p2b: Drifblim\n|-resisted|p2b: Drifblim\n|-damage|p2b: Drifblim|99\/100\n|-activate|p2b: Drifblim|move: Infestation|[of] p1b: Toxapex\n|\n|-heal|p1b: Toxapex|54\/100|[from] item: Black Sludge\n|-damage|p2b: Drifblim|87\/100|[from] move: Infestation|[partiallytrapped]\n|-sideend|p1: ellipticalcatten|move: Tailwind\n|upkeep\n|\n|t:|1682002155\n|switch|p2a: Gengar|Gengar, L50, M|100\/100\n|turn|5\n|inactive|ellipticalcatten has 30 seconds left.\n|inactive|ellipticalcatten has 20 seconds left.\n|inactive|ellipticalcatten has 15 seconds left.\n|inactive|ellipticalcatten has 10 seconds left.\n|inactive|ellipticalcatten has 5 seconds left.\n|\n|t:|1682002208\n|move|p1b: Toxapex|Infestation|p2a: Gengar\n|-resisted|p2a: Gengar\n|-damage|p2a: Gengar|99\/100\n|-activate|p2a: Gengar|move: Infestation|[of] p1b: Toxapex\n|-start|p1b: Toxapex|Disable|Infestation|[from] ability: Cursed Body|[of] p2a: Gengar\n|move|p2b: Drifblim|Imprison|p2b: Drifblim\n|-start|p2b: Drifblim|move: Imprison\n|move|p2a: Gengar|Shadow Ball|p1b: Toxapex\n|-damage|p1b: Toxapex|6\/100\n|move|p1a: Talonflame|Flare Blitz|p2b: Drifblim\n|-damage|p2b: Drifblim|35\/100\n|-damage|p1a: Talonflame|42\/100|[from] Recoil\n|\n|-heal|p1b: Toxapex|11\/100|[from] item: Black Sludge\n|-damage|p2b: Drifblim|23\/100|[from] move: Infestation|[partiallytrapped]\n|-damage|p2a: Gengar|88\/100|[from] move: Infestation|[partiallytrapped]\n|-fieldend|move: Trick Room\n|upkeep\n|turn|6\n|inactive|ellipticalcatten has 30 seconds left.\n|inactive|ellipticalcatten has 20 seconds left.\n|inactive|ellipticalcatten has 15 seconds left.\n|inactive|ellipticalcatten has 10 seconds left.\n|\n|t:|1682002254\n|switch|p1b: Lycanroc|Lycanroc-Dusk, L50, M|100\/100\n|-terastallize|p1a: Talonflame|Fire\n|move|p1a: Talonflame|Flare Blitz|p2a: Gengar\n|-damage|p2a: Gengar|0 fnt\n|-start|p1a: Talonflame|Disable|Flare Blitz|[from] ability: Cursed Body|[of] p2a: Gengar\n|faint|p2a: Gengar\n|-damage|p1a: Talonflame|16\/100|[from] Recoil\n|move|p2b: Drifblim|Tailwind|p2b: Drifblim\n|-sidestart|p2: lucaless|move: Tailwind\n|\n|-end|p2b: Drifblim|Infestation|[partiallytrapped]|[silent]\n|upkeep\n|\n|t:|1682002264\n|switch|p2a: Chi-Yu|Chi-Yu, L50|100\/100\n|-ability|p2a: Chi-Yu|Beads of Ruin\n|turn|7\n|inactive|lucaless has 30 seconds left.\n|\n|t:|1682002290\n|move|p2a: Chi-Yu|Dark Pulse|p1b: Lycanroc\n|-damage|p1b: Lycanroc|29\/100\n|move|p2b: Drifblim|Tailwind||[still]\n|-fail|p2b: Drifblim\n|move|p1b: Lycanroc|Close Combat|p2a: Chi-Yu\n|-supereffective|p2a: Chi-Yu\n|-damage|p2a: Chi-Yu|0 fnt\n|-unboost|p1b: Lycanroc|def|1\n|-unboost|p1b: Lycanroc|spd|1\n|faint|p2a: Chi-Yu\n|move|p1a: Talonflame|Brave Bird|p2b: Drifblim\n|-damage|p2b: Drifblim|0 fnt\n|-damage|p1a: Talonflame|0 fnt|[from] ability: Aftermath|[of] p2b: Drifblim\n|faint|p2b: Drifblim\n|faint|p1a: Talonflame\n|\n|win|ellipticalcatten\n|raw|ellipticalcatten's rating: 1112 → 1135<\/strong> (+23 for winning)\n|raw|lucaless's rating: 1087 → 1066<\/strong> (-21 for losing)\n|c|\u2606lucaless|gg\n|c|\u2606lucaless|cool team\n|l|\u2606lucaless\n","uploadtime":1682002310,"views":3,"p1id":"ellipticalcatten","p2id":"lucaless","formatid":"gen9vgc2023regulationc","rating":1066,"private":0,"password":""}