{"id":"gen9vgc2023regulationc-1855899491","p1":"Appleknight777","p2":"sturdy4battle","format":"[Gen 9] VGC 2023 Regulation C","log":"|j|\u2606Appleknight777\n|j|\u2606sturdy4battle\n|t:|1682997847\n|gametype|doubles\n|player|p1|Appleknight777|1|1412\n|player|p2|sturdy4battle|youngster-gen4dp|1417\n|teamsize|p1|6\n|teamsize|p2|6\n|gen|9\n|tier|[Gen 9] VGC 2023 Regulation C\n|rated|\n|rule|Species Clause: Limit one of each Pok\u00e9mon\n|rule|Item Clause: Limit one of each item\n|clearpoke\n|poke|p1|Scizor, L50, F|\n|poke|p1|Chien-Pao, L50|\n|poke|p1|Maushold-Four, L50|\n|poke|p1|Flutter Mane, L50|\n|poke|p1|Talonflame, L50, M|\n|poke|p1|Gyarados, L50, M|\n|poke|p2|Farigiraf, L50, F|\n|poke|p2|Talonflame, L50, M|\n|poke|p2|Flutter Mane, L50|\n|poke|p2|Gyarados, L50, M|\n|poke|p2|Amoonguss, L50, M|\n|poke|p2|Chi-Yu, L50|\n|teampreview|4\nAppleknight777 has agreed to open team sheets.\n|inactive|Battle timer is ON: inactive players will automatically lose when time's up. (requested by sturdy4battle)\n|inactive|Appleknight777 has 60 seconds left.\n|\n|t:|1682997909\n|start\n|switch|p1a: Flutter Mane|Flutter Mane, L50|100\/100\n|switch|p1b: Talonflame|Talonflame, L50, M|100\/100\n|switch|p2a: Talonflame|Talonflame, L50, M, shiny|100\/100\n|switch|p2b: Chi-Yu|Chi-Yu, L50|100\/100\n|-ability|p2b: Chi-Yu|Beads of Ruin\n|turn|1\n|inactive|sturdy4battle has 30 seconds left.\n|\n|t:|1682997935\n|move|p2a: Talonflame|Protect|p2a: Talonflame\n|-singleturn|p2a: Talonflame|Protect\n|move|p1b: Talonflame|Tailwind|p1b: Talonflame\n|-sidestart|p1: Appleknight777|move: Tailwind\n|move|p1a: Flutter Mane|Substitute|p1a: Flutter Mane\n|-start|p1a: Flutter Mane|Substitute\n|-damage|p1a: Flutter Mane|76\/100\n|move|p2b: Chi-Yu|Heat Wave|p1a: Flutter Mane|[spread] p1a,p1b\n|-end|p1a: Flutter Mane|Substitute\n|-resisted|p1b: Talonflame\n|-damage|p1b: Talonflame|58\/100\n|\n|upkeep\n|turn|2\n|\n|t:|1682997957\n|move|p2a: Talonflame|Tailwind|p2a: Talonflame\n|-sidestart|p2: sturdy4battle|move: Tailwind\n|move|p2b: Chi-Yu|Heat Wave|p1a: Flutter Mane|[spread] p1a,p1b\n|-resisted|p1b: Talonflame\n|-crit|p1b: Talonflame\n|-damage|p1a: Flutter Mane|21\/100\n|-damage|p1b: Talonflame|0 fnt\n|faint|p1b: Talonflame\n|move|p1a: Flutter Mane|Dazzling Gleam|p2b: Chi-Yu|[spread] p2a,p2b\n|-resisted|p2a: Talonflame\n|-damage|p2a: Talonflame|60\/100\n|-damage|p2b: Chi-Yu|56\/100\n|-damage|p1a: Flutter Mane|12\/100|[from] item: Life Orb\n|\n|upkeep\n|\n|t:|1682997966\n|switch|p1b: Gyarados|Gyarados, L50, M|100\/100\n|-ability|p1b: Gyarados|Intimidate|boost\n|-unboost|p2a: Talonflame|atk|1\n|-unboost|p2b: Chi-Yu|atk|1\n|turn|3\n|\n|t:|1682997983\n|move|p1a: Flutter Mane|Protect|p1a: Flutter Mane\n|-singleturn|p1a: Flutter Mane|Protect\n|move|p2b: Chi-Yu|Heat Wave|p1b: Gyarados|[spread] \n|-activate|p1a: Flutter Mane|move: Protect\n|-miss|p2b: Chi-Yu|p1b: Gyarados\n|move|p2a: Talonflame|Brave Bird|p1b: Gyarados\n|-damage|p1b: Gyarados|53\/100\n|-damage|p2a: Talonflame|40\/100|[from] Recoil\n|-damage|p2a: Talonflame|31\/100|[from] item: Life Orb\n|move|p1b: Gyarados|Waterfall|p2b: Chi-Yu\n|-supereffective|p2b: Chi-Yu\n|-damage|p2b: Chi-Yu|0 fnt\n|faint|p2b: Chi-Yu\n|\n|upkeep\n|\n|t:|1682998002\n|switch|p2b: Flutter Mane|Flutter Mane, L50|100\/100\n|-enditem|p2b: Flutter Mane|Booster Energy\n|-activate|p2b: Flutter Mane|ability: Protosynthesis|[fromitem]\n|-start|p2b: Flutter Mane|protosynthesisspa\n|turn|4\n|\n|t:|1682998023\n|-end|p1a: Flutter Mane|Protosynthesis|[silent]\n|switch|p1a: Scizor|Scizor, L50, F|100\/100\n|move|p1b: Gyarados|Protect|p1b: Gyarados\n|-singleturn|p1b: Gyarados|Protect\n|move|p2a: Talonflame|Brave Bird|p1a: Scizor\n|-damage|p1a: Scizor|58\/100\n|-damage|p2a: Talonflame|14\/100|[from] Recoil\n|-damage|p2a: Talonflame|4\/100|[from] item: Life Orb\n|move|p2b: Flutter Mane|Moonblast|p1b: Gyarados\n|-activate|p1b: Gyarados|move: Protect\n|\n|-sideend|p1: Appleknight777|move: Tailwind\n|upkeep\n|turn|5\n|\n|t:|1682998042\n|switch|p2a: Farigiraf|Farigiraf, L50, F|100\/100\n|move|p1a: Scizor|Bullet Punch||[still]\n|cant|p2a: Farigiraf|ability: Armor Tail|Bullet Punch|[of] p1a: Scizor\n|move|p2b: Flutter Mane|Shadow Ball|p1a: Scizor\n|-damage|p1a: Scizor|14\/100\n|move|p1b: Gyarados|Waterfall|p2a: Farigiraf\n|-damage|p2a: Farigiraf|51\/100\n|\n|-sideend|p2: sturdy4battle|move: Tailwind\n|upkeep\n|turn|6\n|inactive|sturdy4battle has 30 seconds left.\n|inactive|Appleknight777 has 30 seconds left.\n|\n|t:|1682998076\n|switch|p1a: Flutter Mane|Flutter Mane, L50|12\/100\n|-terastallize|p1b: Gyarados|Water\n|move|p2b: Flutter Mane|Dazzling Gleam|p1b: Gyarados|[spread] p1a,p1b\n|-damage|p1a: Flutter Mane|0 fnt\n|-damage|p1b: Gyarados|17\/100\n|faint|p1a: Flutter Mane\n|-end|p1a: Flutter Mane|Protosynthesis|[silent]\n|move|p1b: Gyarados|Waterfall|p2a: Farigiraf\n|-damage|p2a: Farigiraf|0 fnt\n|faint|p2a: Farigiraf\n|\n|upkeep\n|\n|t:|1682998087\n|switch|p1a: Scizor|Scizor, L50, F|14\/100\n|switch|p2a: Talonflame|Talonflame, L50, M, shiny|4\/100\n|turn|7\n|\n|t:|1682998110\n|move|p2b: Flutter Mane|Protect|p2b: Flutter Mane\n|-singleturn|p2b: Flutter Mane|Protect\n|move|p1a: Scizor|Bullet Punch|p2a: Talonflame\n|-resisted|p2a: Talonflame\n|-damage|p2a: Talonflame|0 fnt\n|faint|p2a: Talonflame\n|move|p1b: Gyarados|Waterfall|p2b: Flutter Mane\n|-activate|p2b: Flutter Mane|move: Protect\n|\n|upkeep\n|turn|8\n|\n|t:|1682998127\n|move|p1b: Gyarados|Helping Hand|p1a: Scizor\n|-singleturn|p1a: Scizor|Helping Hand|[of] p1b: Gyarados\n|move|p1a: Scizor|Bullet Punch|p2b: Flutter Mane\n|-supereffective|p2b: Flutter Mane\n|-damage|p2b: Flutter Mane|0 fnt\n|faint|p2b: Flutter Mane\n|-end|p2b: Flutter Mane|Protosynthesis|[silent]\n|\n|win|Appleknight777\n|raw|Appleknight777's rating: 1412 → 1432<\/strong> (+20 for winning)\n|raw|sturdy4battle's rating: 1417 → 1397<\/strong> (-20 for losing)\n|l|\u2606sturdy4battle\n","uploadtime":1682998152,"views":14,"p1id":"appleknight777","p2id":"sturdy4battle","formatid":"gen9vgc2023regulationc","rating":1397,"private":0,"password":""}