{"id":"gen9vgc2023regulationc-1844899745","p1":"WillieDangerously","p2":"WispWhimsicott","format":"[Gen 9] VGC 2023 Regulation C","log":"|j|\u2606WillieDangerously\n|j|\u2606WispWhimsicott\n|t:|1681661990\n|gametype|doubles\n|player|p1|WillieDangerously|psychic-gen4|1338\n|player|p2|WispWhimsicott|unknown|1346\n|teamsize|p1|6\n|teamsize|p2|6\n|gen|9\n|tier|[Gen 9] VGC 2023 Regulation C\n|rated|\n|rule|Species Clause: Limit one of each Pok\u00e9mon\n|rule|Item Clause: Limit one of each item\n|clearpoke\n|poke|p1|Corviknight, L50, F|\n|poke|p1|Tyranitar, L50, M|\n|poke|p1|Houndstone, L50, M|\n|poke|p1|Amoonguss, L50, M|\n|poke|p1|Iron Bundle, L50|\n|poke|p1|Arcanine, L50, F|\n|poke|p2|Volcarona, L50, F|\n|poke|p2|Flutter Mane, L50|\n|poke|p2|Baxcalibur, L50, M|\n|poke|p2|Gyarados, L50, F|\n|poke|p2|Ting-Lu, L50|\n|poke|p2|Amoonguss, L50, M|\n|teampreview|4\n|inactive|Battle timer is ON: inactive players will automatically lose when time's up. (requested by WispWhimsicott)\nWillieDangerously has agreed to open team sheets.\nWispWhimsicott has agreed to open team sheets.\n|inactive|WillieDangerously has 60 seconds left.\n|inactive|WispWhimsicott has 60 seconds left.\n|inactive|WillieDangerously has 30 seconds left.\n|inactive|WispWhimsicott has 30 seconds left.\n|inactive|WillieDangerously has 20 seconds left.\n|\n|t:|1681662061\n|start\n|switch|p1a: Iron Bundle|Iron Bundle, L50|100\/100\n|switch|p1b: Arcanine|Arcanine, L50, F|100\/100\n|switch|p2a: Flutter Mane|Flutter Mane, L50|100\/100\n|switch|p2b: Gyarados|Gyarados, L50, F|100\/100\n|-ability|p1b: Arcanine|Intimidate|boost\n|-unboost|p2a: Flutter Mane|atk|1\n|-unboost|p2b: Gyarados|atk|1\n|-ability|p2b: Gyarados|Intimidate|boost\n|-unboost|p1a: Iron Bundle|atk|1\n|-unboost|p1b: Arcanine|atk|1\n|-enditem|p1a: Iron Bundle|Booster Energy\n|-activate|p1a: Iron Bundle|ability: Quark Drive|[fromitem]\n|-start|p1a: Iron Bundle|quarkdrivespe\n|-enditem|p2a: Flutter Mane|Booster Energy\n|-activate|p2a: Flutter Mane|ability: Protosynthesis|[fromitem]\n|-start|p2a: Flutter Mane|protosynthesisspa\n|turn|1\n|inactive|WillieDangerously has 30 seconds left.\n|inactive|WispWhimsicott has 30 seconds left.\n|inactive|WispWhimsicott has 20 seconds left.\n|inactive|WispWhimsicott has 15 seconds left.\n|inactive|WispWhimsicott has 10 seconds left.\n|\n|t:|1681662107\n|-terastallize|p2b: Gyarados|Steel\n|move|p1a: Iron Bundle|Protect|p1a: Iron Bundle\n|-singleturn|p1a: Iron Bundle|Protect\n|move|p2a: Flutter Mane|Protect|p2a: Flutter Mane\n|-singleturn|p2a: Flutter Mane|Protect\n|move|p1b: Arcanine|Snarl|p2b: Gyarados|[spread] p2b\n|-activate|p2a: Flutter Mane|move: Protect\n|-damage|p2b: Gyarados|91\/100\n|-unboost|p2b: Gyarados|spa|1\n|-enditem|p1b: Arcanine|Throat Spray\n|-boost|p1b: Arcanine|spa|1|[from] item: Throat Spray\n|move|p2b: Gyarados|Thunder Wave|p1a: Iron Bundle\n|-activate|p1a: Iron Bundle|move: Protect\n|\n|upkeep\n|turn|2\n|inactive|WillieDangerously has 30 seconds left.\n|inactive|WillieDangerously has 20 seconds left.\n|inactive|WillieDangerously has 15 seconds left.\n|inactive|WillieDangerously has 10 seconds left.\n|\n|t:|1681662156\n|switch|p2b: Baxcalibur|Baxcalibur, L50, M|100\/100\n|move|p1a: Iron Bundle|Icy Wind|p2a: Flutter Mane|[spread] p2a,p2b\n|-damage|p2a: Flutter Mane|84\/100\n|-damage|p2b: Baxcalibur|85\/100\n|-unboost|p2a: Flutter Mane|spe|1\n|-unboost|p2b: Baxcalibur|spe|1\n|move|p1b: Arcanine|Flamethrower|p2b: Baxcalibur\n|-damage|p2b: Baxcalibur|38\/100\n|-ability|p2b: Baxcalibur|Thermal Exchange|boost\n|-boost|p2b: Baxcalibur|atk|1\n|move|p2a: Flutter Mane|Moonblast|p1a: Iron Bundle\n|-damage|p1a: Iron Bundle|4\/100\n|-unboost|p1a: Iron Bundle|spa|1\n|\n|upkeep\n|turn|3\n|inactive|WillieDangerously has 30 seconds left.\n|\n|t:|1681662188\n|move|p1a: Iron Bundle|Protect|p1a: Iron Bundle\n|-singleturn|p1a: Iron Bundle|Protect\n|move|p2b: Baxcalibur|Protect|p2b: Baxcalibur\n|-singleturn|p2b: Baxcalibur|Protect\n|move|p1b: Arcanine|Flamethrower|p2b: Baxcalibur\n|-activate|p2b: Baxcalibur|move: Protect\n|move|p2a: Flutter Mane|Shadow Ball|p1b: Arcanine\n|-damage|p1b: Arcanine|33\/100\n|\n|upkeep\n|turn|4\n|inactive|WillieDangerously has 30 seconds left.\n|\n|t:|1681662217\n|switch|p2b: Ting-Lu|Ting-Lu, L50|100\/100\n|-ability|p2b: Ting-Lu|Vessel of Ruin\n|move|p1a: Iron Bundle|Freeze-Dry|p2b: Ting-Lu\n|-supereffective|p2b: Ting-Lu\n|-damage|p2b: Ting-Lu|85\/100\n|move|p1b: Arcanine|Snarl|p2a: Flutter Mane|[spread] p2a,p2b\n|-resisted|p2b: Ting-Lu\n|-damage|p2a: Flutter Mane|73\/100\n|-damage|p2b: Ting-Lu|82\/100\n|-unboost|p2a: Flutter Mane|spa|1\n|-unboost|p2b: Ting-Lu|spa|1\n|move|p2a: Flutter Mane|Shadow Ball|p1b: Arcanine\n|-damage|p1b: Arcanine|0 fnt\n|faint|p1b: Arcanine\n|\n|upkeep\n|inactive|WillieDangerously has 30 seconds left.\n|\n|t:|1681662243\n|switch|p1b: Tyranitar|Tyranitar, L50, M|100\/100\n|-weather|Sandstorm|[from] ability: Sand Stream|[of] p1b: Tyranitar\n|turn|5\n|inactive|WispWhimsicott has 30 seconds left.\n|\n|t:|1681662277\n|-terastallize|p1b: Tyranitar|Flying\n|move|p1a: Iron Bundle|Protect|p1a: Iron Bundle\n|-singleturn|p1a: Iron Bundle|Protect\n|move|p2a: Flutter Mane|Protect|p2a: Flutter Mane\n|-singleturn|p2a: Flutter Mane|Protect\n|move|p1b: Tyranitar|Low Kick|p2b: Ting-Lu\n|-supereffective|p2b: Ting-Lu\n|-damage|p2b: Ting-Lu|36\/100\n|move|p2b: Ting-Lu|Stomping Tantrum|p1a: Iron Bundle\n|-activate|p1a: Iron Bundle|move: Protect\n|\n|-weather|Sandstorm|[upkeep]\n|-damage|p1a: Iron Bundle|0 fnt|[from] Sandstorm\n|-damage|p2a: Flutter Mane|67\/100|[from] Sandstorm\n|-damage|p1b: Tyranitar|94\/100|[from] Sandstorm\n|faint|p1a: Iron Bundle\n|-end|p1a: Iron Bundle|Quark Drive|[silent]\n|upkeep\n|\n|t:|1681662298\n|switch|p1a: Houndstone|Houndstone, L50, M|100\/100\n|turn|6\n|\n|t:|1681662321\n|-end|p2a: Flutter Mane|Protosynthesis|[silent]\n|switch|p2a: Gyarados|Gyarados, L50, F, tera:Steel|91\/100\n|-ability|p2a: Gyarados|Intimidate|boost\n|-unboost|p1a: Houndstone|atk|1\n|-fail|p1b: Tyranitar|unboost|[from] item: Clear Amulet|[of] p1b: Tyranitar\n|move|p1a: Houndstone|Last Respects|p2a: Gyarados\n|-damage|p2a: Gyarados|49\/100\n|move|p1b: Tyranitar|Low Kick|p2b: Ting-Lu\n|-supereffective|p2b: Ting-Lu\n|-damage|p2b: Ting-Lu|0 fnt\n|faint|p2b: Ting-Lu\n|\n|-weather|Sandstorm|[upkeep]\n|-damage|p1b: Tyranitar|88\/100|[from] Sandstorm\n|upkeep\n|\n|t:|1681662339\n|switch|p2b: Baxcalibur|Baxcalibur, L50, M|38\/100\n|turn|7\n|inactive|WillieDangerously has 30 seconds left.\n|inactive|WillieDangerously has 20 seconds left.\n|inactive|WillieDangerously has 15 seconds left.\n|\n|t:|1681662384\n|move|p2b: Baxcalibur|Protect|p2b: Baxcalibur\n|-singleturn|p2b: Baxcalibur|Protect\n|move|p1a: Houndstone|Last Respects|p2b: Baxcalibur\n|-activate|p2b: Baxcalibur|move: Protect\n|move|p2a: Gyarados|Thunder Wave|p1a: Houndstone\n|-status|p1a: Houndstone|par\n|-enditem|p1a: Houndstone|Lum Berry|[eat]\n|-curestatus|p1a: Houndstone|par|[msg]\n|move|p1b: Tyranitar|Low Kick|p2a: Gyarados\n|-supereffective|p2a: Gyarados\n|-damage|p2a: Gyarados|0 fnt\n|faint|p2a: Gyarados\n|\n|-weather|Sandstorm|[upkeep]\n|-damage|p2b: Baxcalibur|32\/100|[from] Sandstorm\n|-damage|p1b: Tyranitar|82\/100|[from] Sandstorm\n|upkeep\n|\n|t:|1681662395\n|switch|p2a: Flutter Mane|Flutter Mane, L50|67\/100\n|turn|8\n|\n|t:|1681662404\n|move|p2a: Flutter Mane|Protect|p2a: Flutter Mane\n|-singleturn|p2a: Flutter Mane|Protect\n|move|p1a: Houndstone|Ally Switch|p1a: Houndstone\n|swap|p1a: Houndstone|1|[from] move: Ally Switch\n|move|p2b: Baxcalibur|Icicle Spear|p1b: Houndstone\n|-damage|p1b: Houndstone|85\/100\n|-damage|p1b: Houndstone|70\/100\n|-damage|p1b: Houndstone|54\/100\n|-damage|p1b: Houndstone|37\/100\n|-hitcount|p1b: Houndstone|4\n|move|p1a: Tyranitar|Low Kick|p2b: Baxcalibur\n|-supereffective|p2b: Baxcalibur\n|-damage|p2b: Baxcalibur|0 fnt\n|faint|p2b: Baxcalibur\n|\n|-weather|Sandstorm|[upkeep]\n|-damage|p2a: Flutter Mane|60\/100|[from] Sandstorm\n|-damage|p1a: Tyranitar|76\/100|[from] Sandstorm\n|upkeep\n|turn|9\n|\n|t:|1681662413\n|move|p1b: Houndstone|Last Respects|p2a: Flutter Mane\n|-supereffective|p2a: Flutter Mane\n|-damage|p2a: Flutter Mane|0 fnt\n|faint|p2a: Flutter Mane\n|-end|p2a: Flutter Mane|Protosynthesis|[silent]\n|\n|win|WillieDangerously\n|raw|WillieDangerously's rating: 1338 → 1358<\/strong> (+20 for winning)\n|raw|WispWhimsicott's rating: 1346 → 1326<\/strong> (-20 for losing)\n","uploadtime":1681662417,"views":13,"p1id":"williedangerously","p2id":"wispwhimsicott","formatid":"gen9vgc2023regulationc","rating":1326,"private":0,"password":""}