{"id":"gen9vgc2023regulationc-1849216173","p1":"Rhoads031","p2":"Hiemer14","format":"[Gen 9] VGC 2023 Regulation C","log":"|j|\u2606Rhoads031\n|j|\u2606Hiemer14\n|t:|1682173862\n|gametype|doubles\n|player|p1|Rhoads031|1|1432\n|player|p2|Hiemer14|101|1442\n|teamsize|p1|6\n|teamsize|p2|6\n|gen|9\n|tier|[Gen 9] VGC 2023 Regulation C\n|rated|\n|rule|Species Clause: Limit one of each Pok\u00e9mon\n|rule|Item Clause: Limit one of each item\n|clearpoke\n|poke|p1|Palafin, L50, M|\n|poke|p1|Amoonguss, L50, F|\n|poke|p1|Flutter Mane, L50|\n|poke|p1|Ting-Lu, L50|\n|poke|p1|Kingambit, L50, M|\n|poke|p1|Tauros-Paldea-Blaze, L50, M|\n|poke|p2|Murkrow, L50, F|\n|poke|p2|Flutter Mane, L50|\n|poke|p2|Chi-Yu, L50|\n|poke|p2|Great Tusk, L50|\n|poke|p2|Tyranitar, L50, M|\n|poke|p2|Iron Bundle, L50|\n|teampreview|4\n|inactive|Battle timer is ON: inactive players will automatically lose when time's up. (requested by Rhoads031)\n|inactive|Rhoads031 has 60 seconds left.\n|\n|t:|1682173898\n|start\n|switch|p1a: Deku|Palafin, L50, M, shiny|100\/100\n|switch|p1b: Flutter Mane|Flutter Mane, L50, shiny|100\/100\n|switch|p2a: Murkrow|Murkrow, L50, F|100\/100\n|switch|p2b: Great Tusk|Great Tusk, L50|100\/100\n|turn|1\n|inactive|Rhoads031 has 30 seconds left.\n|inactiveoff|Battle timer is now OFF.\n|\n|t:|1682173942\n|detailschange|p1a: Deku|Palafin-Hero, L50, M, shiny\n|switch|p1a: Tauros|Tauros-Paldea-Blaze, L50, M|100\/100\n|-ability|p1a: Tauros|Intimidate|boost\n|-unboost|p2a: Murkrow|atk|1\n|-unboost|p2b: Great Tusk|atk|1\n|move|p2b: Great Tusk|Protect|p2b: Great Tusk\n|-singleturn|p2b: Great Tusk|Protect\n|move|p2a: Murkrow|Tailwind|p2a: Murkrow\n|-sidestart|p2: Hiemer14|move: Tailwind\n|move|p1b: Flutter Mane|Moonblast|p2b: Great Tusk\n|-activate|p2b: Great Tusk|move: Protect\n|\n|upkeep\n|turn|2\n|\n|t:|1682173965\n|move|p1a: Tauros|Protect|p1a: Tauros\n|-singleturn|p1a: Tauros|Protect\n|move|p2b: Great Tusk|Headlong Rush|p1b: Flutter Mane\n|-enditem|p1b: Flutter Mane|Focus Sash\n|-damage|p1b: Flutter Mane|1\/100\n|-unboost|p2b: Great Tusk|def|1\n|-unboost|p2b: Great Tusk|spd|1\n|-damage|p2b: Great Tusk|90\/100|[from] item: Life Orb\n|move|p2a: Murkrow|Foul Play|p1b: Flutter Mane\n|-damage|p1b: Flutter Mane|0 fnt\n|faint|p1b: Flutter Mane\n|-end|p1b: Flutter Mane|Protosynthesis|[silent]\n|\n|upkeep\n|\n|t:|1682173979\n|switch|p1b: Deku|Palafin-Hero, L50, M, shiny|100\/100\n|-activate|p1b: Deku|ability: Zero to Hero\n|turn|3\n|\n|t:|1682174001\n|-terastallize|p1b: Deku|Water\n|move|p2a: Murkrow|Sunny Day|p2a: Murkrow\n|-weather|SunnyDay\n|-activate|p2b: Great Tusk|ability: Protosynthesis\n|-start|p2b: Great Tusk|protosynthesisspe\n|move|p1b: Deku|Jet Punch|p2b: Great Tusk\n|-supereffective|p2b: Great Tusk\n|-damage|p2b: Great Tusk|21\/100\n|move|p2b: Great Tusk|Headlong Rush|p1a: Tauros\n|-supereffective|p1a: Tauros\n|-damage|p1a: Tauros|4\/100\n|-unboost|p2b: Great Tusk|def|1\n|-unboost|p2b: Great Tusk|spd|1\n|-damage|p2b: Great Tusk|11\/100|[from] item: Life Orb\n|move|p1a: Tauros|Raging Bull|p2a: Murkrow\n|-damage|p2a: Murkrow|33\/100\n|\n|-weather|SunnyDay|[upkeep]\n|upkeep\n|turn|4\n|\n|t:|1682174024\n|move|p1a: Tauros|Protect|p1a: Tauros\n|-singleturn|p1a: Tauros|Protect\n|move|p1b: Deku|Jet Punch|p2a: Murkrow\n|-damage|p2a: Murkrow|0 fnt\n|faint|p2a: Murkrow\n|move|p2b: Great Tusk|Earthquake|p1b: Deku|[spread] p1b\n|-activate|p1a: Tauros|move: Protect\n|-damage|p1b: Deku|69\/100\n|-damage|p2b: Great Tusk|1\/100|[from] item: Life Orb\n|\n|-weather|SunnyDay|[upkeep]\n|-sideend|p2: Hiemer14|move: Tailwind\n|upkeep\n|\n|t:|1682174035\n|switch|p2a: Flutter Mane|Flutter Mane, L50|100\/100\n|-activate|p2a: Flutter Mane|ability: Protosynthesis\n|-start|p2a: Flutter Mane|protosynthesisspa\n|turn|5\n|\n|t:|1682174055\n|switch|p1a: Amoonguss|Amoonguss, L50, F|100\/100\n|-terastallize|p2a: Flutter Mane|Water\n|move|p1b: Deku|Protect|p1b: Deku\n|-singleturn|p1b: Deku|Protect\n|move|p2b: Great Tusk|Headlong Rush|p1b: Deku\n|-activate|p1b: Deku|move: Protect\n|move|p2a: Flutter Mane|Dazzling Gleam|p1a: Amoonguss|[spread] p1a\n|-activate|p1b: Deku|move: Protect\n|-resisted|p1a: Amoonguss\n|-crit|p1a: Amoonguss\n|-damage|p1a: Amoonguss|75\/100\n|\n|-weather|SunnyDay|[upkeep]\n|upkeep\n|turn|6\n|j| QtPolpetta\n|\n|t:|1682174086\n|switch|p1b: Tauros|Tauros-Paldea-Blaze, L50, M|4\/100\n|-ability|p1b: Tauros|Intimidate|boost\n|-unboost|p2a: Flutter Mane|atk|1\n|-unboost|p2b: Great Tusk|atk|1\n|move|p2b: Great Tusk|Headlong Rush|p1a: Amoonguss\n|-damage|p1a: Amoonguss|40\/100\n|-unboost|p2b: Great Tusk|def|1\n|-unboost|p2b: Great Tusk|spd|1\n|-enditem|p1a: Amoonguss|Sitrus Berry|[eat]\n|-heal|p1a: Amoonguss|65\/100|[from] item: Sitrus Berry\n|-damage|p2b: Great Tusk|0 fnt|[from] item: Life Orb\n|faint|p2b: Great Tusk\n|-end|p2b: Great Tusk|Protosynthesis|[silent]\n|move|p2a: Flutter Mane|Thunderbolt|p1b: Tauros\n|-damage|p1b: Tauros|0 fnt\n|faint|p1b: Tauros\n|move|p1a: Amoonguss|Spore|p2a: Flutter Mane\n|-status|p2a: Flutter Mane|slp|[from] move: Spore\n|\n|-weather|SunnyDay|[upkeep]\n|upkeep\n|\n|t:|1682174107\n|switch|p1b: Deku|Palafin-Hero, L50, M, shiny, tera:Water|69\/100\n|switch|p2b: Iron Bundle|Iron Bundle, L50|100\/100\n|turn|7\n|\n|t:|1682174132\n|move|p1b: Deku|Protect|p1b: Deku\n|-singleturn|p1b: Deku|Protect\n|move|p2b: Iron Bundle|Freeze-Dry|p1a: Amoonguss\n|-supereffective|p1a: Amoonguss\n|-damage|p1a: Amoonguss|11\/100\n|cant|p2a: Flutter Mane|slp\n|move|p1a: Amoonguss|Spore|p2b: Iron Bundle\n|-status|p2b: Iron Bundle|slp|[from] move: Spore\n|\n|-weather|none\n|-end|p2a: Flutter Mane|Protosynthesis\n|upkeep\n|-enditem|p2a: Flutter Mane|Booster Energy\n|-activate|p2a: Flutter Mane|ability: Protosynthesis|[fromitem]\n|-start|p2a: Flutter Mane|protosynthesisspa\n|turn|8\n|\n|t:|1682174154\n|cant|p2b: Iron Bundle|slp\n|cant|p2a: Flutter Mane|slp\n|move|p1b: Deku|Wave Crash|p2a: Flutter Mane\n|-resisted|p2a: Flutter Mane\n|-damage|p2a: Flutter Mane|0 fnt\n|faint|p2a: Flutter Mane\n|-end|p2a: Flutter Mane|Protosynthesis|[silent]\n|-damage|p1b: Deku|46\/100|[from] Recoil\n|move|p1a: Amoonguss|Pollen Puff|p1b: Deku\n|-heal|p1b: Deku|96\/100\n|\n|upkeep\n|turn|9\n|\n|t:|1682174170\n|move|p1a: Amoonguss|Rage Powder|p1a: Amoonguss\n|-singleturn|p1a: Amoonguss|move: Rage Powder\n|-curestatus|p2b: Iron Bundle|slp|[msg]\n|move|p2b: Iron Bundle|Icy Wind|p1a: Amoonguss|[spread] p1a,p1b\n|-supereffective|p1a: Amoonguss\n|-resisted|p1b: Deku\n|-damage|p1a: Amoonguss|0 fnt\n|-damage|p1b: Deku|85\/100\n|-unboost|p1b: Deku|spe|1\n|faint|p1a: Amoonguss\n|move|p1b: Deku|Wave Crash|p2b: Iron Bundle\n|-resisted|p2b: Iron Bundle\n|-damage|p2b: Iron Bundle|21\/100\n|-damage|p1b: Deku|69\/100|[from] Recoil\n|\n|upkeep\n|turn|10\n|\n|t:|1682174184\n|move|p1b: Deku|Jet Punch|p2b: Iron Bundle\n|-resisted|p2b: Iron Bundle\n|-damage|p2b: Iron Bundle|0 fnt\n|faint|p2b: Iron Bundle\n|-end|p2b: Iron Bundle|Quark Drive|[silent]\n|\n|win|Rhoads031\n|raw|Rhoads031's rating: 1432 → 1453<\/strong> (+21 for winning)\n|raw|Hiemer14's rating: 1442 → 1421<\/strong> (-21 for losing)\n","uploadtime":1682174191,"views":7,"p1id":"rhoads031","p2id":"hiemer14","formatid":"gen9vgc2023regulationc","rating":1421,"private":0,"password":""}