{"id":"gen9vgc2023regulationc-1859886543","p1":"Professor Waakhond","p2":"taterstotz","format":"[Gen 9] VGC 2023 Regulation C","log":"|j|\u2606Professor Waakhond\n|j|\u2606taterstotz\n|t:|1683572850\n|gametype|doubles\n|player|p1|Professor Waakhond|2|1041\n|player|p2|taterstotz|170|1095\n|teamsize|p1|6\n|teamsize|p2|6\n|gen|9\n|tier|[Gen 9] VGC 2023 Regulation C\n|rated|\n|rule|Species Clause: Limit one of each Pok\u00e9mon\n|rule|Item Clause: Limit one of each item\n|clearpoke\n|poke|p1|Clawitzer, L50, F|\n|poke|p1|Klawf, L50, F|\n|poke|p1|Wo-Chien, L50|\n|poke|p1|Crabominable, L50, F|\n|poke|p1|Vespiquen, L50, F|\n|poke|p1|Dragalge, L50, M|\n|poke|p2|Grafaiai, L50, F|\n|poke|p2|Maushold, L50|\n|poke|p2|Annihilape, L50, M|\n|poke|p2|Ting-Lu, L50|\n|poke|p2|Gyarados, L50, F|\n|poke|p2|Tyranitar, L50, M|\n|teampreview|4\ntaterstotz has agreed to open team sheets.\n|inactive|Battle timer is ON: inactive players will automatically lose when time's up. (requested by taterstotz)\n|\n|t:|1683572879\n|start\n|switch|p1a: Klawf|Klawf, L50, F|100\/100\n|switch|p1b: Wo-Chien|Wo-Chien, L50|100\/100\n|switch|p2a: Grafaiai|Grafaiai, L50, F|100\/100\n|switch|p2b: Annihilape|Annihilape, L50, M|100\/100\n|-ability|p1b: Wo-Chien|Tablets of Ruin\n|turn|1\n|\n|t:|1683572893\n|move|p2a: Grafaiai|Doodle|p1a: Klawf\n|-endability|p2a: Grafaiai|Prankster|[from] move: Doodle\n|-ability|p2a: Grafaiai|Anger Shell|[from] move: Doodle\n|-endability|p2b: Annihilape|Defiant|[from] move: Doodle\n|-ability|p2b: Annihilape|Anger Shell|[from] move: Doodle\n|move|p2b: Annihilape|Bulk Up|p2b: Annihilape\n|-boost|p2b: Annihilape|atk|1\n|-boost|p2b: Annihilape|def|1\n|move|p1a: Klawf|Stealth Rock|p2b: Annihilape\n|-sidestart|p2: taterstotz|move: Stealth Rock\n|move|p1b: Wo-Chien|Leech Seed|p2b: Annihilape\n|-start|p2b: Annihilape|move: Leech Seed\n|\n|-damage|p2b: Annihilape|88\/100|[from] Leech Seed|[of] p1b: Wo-Chien\n|upkeep\n|turn|2\n|inactive|Professor Waakhond has 30 seconds left.\n|inactive|Professor Waakhond has 20 seconds left.\n|\n|t:|1683572929\n|switch|p2a: Maushold|Maushold, L50|100\/100\n|-damage|p2a: Maushold|89\/100|[from] Stealth Rock\n|move|p2b: Annihilape|Drain Punch|p1b: Wo-Chien\n|-supereffective|p1b: Wo-Chien\n|-damage|p1b: Wo-Chien|13\/100\n|-heal|p2b: Annihilape|100\/100|[from] drain|[of] p1b: Wo-Chien\n|-damage|p2b: Annihilape|84\/100|[from] item: Rocky Helmet|[of] p1b: Wo-Chien\n|move|p1a: Klawf|High Horsepower|p2a: Maushold\n|-damage|p2a: Maushold|66\/100\n|move|p1b: Wo-Chien|Leech Seed|p2a: Maushold\n|-start|p2a: Maushold|move: Leech Seed\n|\n|-heal|p2b: Annihilape|90\/100|[from] item: Leftovers\n|-damage|p2a: Maushold|54\/100|[from] Leech Seed|[of] p1b: Wo-Chien\n|-heal|p1b: Wo-Chien|22\/100|[silent]\n|-damage|p2b: Annihilape|77\/100|[from] Leech Seed|[of] p1b: Wo-Chien\n|-heal|p1b: Wo-Chien|37\/100|[silent]\n|upkeep\n|turn|3\n|inactive|Professor Waakhond has 30 seconds left.\n|inactive|taterstotz has 30 seconds left.\n|inactive|taterstotz has 20 seconds left.\n|inactive|taterstotz has 15 seconds left.\n|inactive|taterstotz has 10 seconds left.\n|\n|t:|1683572974\n|move|p1b: Wo-Chien|Protect|p1b: Wo-Chien\n|-singleturn|p1b: Wo-Chien|Protect\n|move|p2a: Maushold|Beat Up|p2b: Annihilape\n|-damage|p2b: Annihilape|77\/100\n|-damage|p2b: Annihilape|75\/100\n|-damage|p2b: Annihilape|74\/100\n|-damage|p2b: Annihilape|73\/100\n|-hitcount|p2b: Annihilape|4\n|move|p2b: Annihilape|Rage Fist|p1a: Klawf\n|-damage|p1a: Klawf|0 fnt\n|faint|p1a: Klawf\n|\n|-heal|p2b: Annihilape|79\/100|[from] item: Leftovers\n|-damage|p2a: Maushold|42\/100|[from] Leech Seed|[of] p1b: Wo-Chien\n|-heal|p1b: Wo-Chien|47\/100|[silent]\n|-damage|p2b: Annihilape|66\/100|[from] Leech Seed|[of] p1b: Wo-Chien\n|-heal|p1b: Wo-Chien|61\/100|[silent]\n|upkeep\n|\n|t:|1683572990\n|switch|p1a: Clawitzer|Clawitzer, L50, F|100\/100\n|turn|4\n|\n|t:|1683573012\n|-terastallize|p1a: Clawitzer|Dragon\n|move|p2a: Maushold|Follow Me|p2a: Maushold\n|-singleturn|p2a: Maushold|move: Follow Me\n|move|p2b: Annihilape|Drain Punch|p1b: Wo-Chien\n|-supereffective|p1b: Wo-Chien\n|-damage|p1b: Wo-Chien|0 fnt\n|-heal|p2b: Annihilape|93\/100|[from] drain|[of] p1b: Wo-Chien\n|-damage|p2b: Annihilape|77\/100|[from] item: Rocky Helmet|[of] p1b: Wo-Chien\n|faint|p1b: Wo-Chien\n|move|p1a: Clawitzer|Dragon Pulse|p2a: Maushold\n|-damage|p2a: Maushold|0 fnt\n|faint|p2a: Maushold\n|\n|-heal|p2b: Annihilape|83\/100|[from] item: Leftovers\n|upkeep\n|\n|t:|1683573027\n|switch|p2a: Grafaiai|Grafaiai, L50, F|100\/100\n|switch|p1b: Dragalge|Dragalge, L50, M|100\/100\n|-damage|p2a: Grafaiai|89\/100|[from] Stealth Rock\n|turn|5\n|inactive|Professor Waakhond has 30 seconds left.\n|\n|t:|1683573059\n|move|p2a: Grafaiai|Parting Shot|p1a: Clawitzer\n|-unboost|p1a: Clawitzer|atk|1\n|-unboost|p1a: Clawitzer|spa|1\n|\n|t:|1683573062\n|switch|p2a: Ting-Lu|Ting-Lu, L50|100\/100|[from] Parting Shot\n|-damage|p2a: Ting-Lu|94\/100|[from] Stealth Rock\n|-ability|p2a: Ting-Lu|Vessel of Ruin\n|move|p2b: Annihilape|Rage Fist|p1b: Dragalge\n|-damage|p1b: Dragalge|0 fnt\n|-status|p2b: Annihilape|psn|[from] ability: Poison Point|[of] p1b: Dragalge\n|faint|p1b: Dragalge\n|move|p1a: Clawitzer|Dragon Pulse|p2b: Annihilape\n|-damage|p2b: Annihilape|49\/100 psn\n|-ability|p2b: Annihilape|Anger Shell|boost\n|-boost|p2b: Annihilape|atk|1\n|-boost|p2b: Annihilape|spa|1\n|-boost|p2b: Annihilape|spe|1\n|-unboost|p2b: Annihilape|def|1\n|-unboost|p2b: Annihilape|spd|1\n|\n|-heal|p2b: Annihilape|55\/100 psn|[from] item: Leftovers\n|-damage|p2b: Annihilape|43\/100 psn|[from] psn\n|upkeep\n|turn|6\n|inactive|Professor Waakhond has 30 seconds left.\n|\n|t:|1683573089\n|switch|p2a: Grafaiai|Grafaiai, L50, F|89\/100\n|-damage|p2a: Grafaiai|77\/100|[from] Stealth Rock\n|move|p2b: Annihilape|Rage Fist|p1a: Clawitzer\n|-damage|p1a: Clawitzer|0 fnt\n|faint|p1a: Clawitzer\n|\n|win|taterstotz\n|raw|Professor Waakhond's rating: 1041 → 1027<\/strong> (-14 for losing)\n|raw|taterstotz's rating: 1095 → 1117<\/strong> (+22 for winning)\n|l|\u2606Professor Waakhond\n","uploadtime":1683573098,"views":13,"p1id":"professorwaakhond","p2id":"taterstotz","formatid":"gen9vgc2023regulationc","rating":1027,"private":0,"password":""}