{"id":"gen9vgc2023regulationc-1850355243","p1":"kuangfeng","p2":"Evlers","format":"[Gen 9] VGC 2023 Regulation C","log":"|j|\u2606kuangfeng\n|j|\u2606Evlers\n|t:|1682323731\n|gametype|doubles\n|player|p1|kuangfeng|burglar|\n|player|p2|Evlers|cynthia-gen7|\n|teamsize|p1|6\n|teamsize|p2|6\n|gen|9\n|tier|[Gen 9] VGC 2023 Regulation C\n|rule|Species Clause: Limit one of each Pok\u00e9mon\n|rule|Item Clause: Limit one of each item\n|clearpoke\n|poke|p1|Gyarados, L50, M|\n|poke|p1|Chi-Yu, L50|\n|poke|p1|Flutter Mane, L50|\n|poke|p1|Great Tusk, L50|\n|poke|p1|Iron Bundle, L50|\n|poke|p1|Iron Hands, L50|\n|poke|p2|Chien-Pao, L50|\n|poke|p2|Flutter Mane, L50|\n|poke|p2|Palafin, L50, M|\n|poke|p2|Arcanine, L50, M|\n|poke|p2|Amoonguss, L50, F|\n|poke|p2|Dragapult, L50, M|\n|teampreview|4\n|c|\u2606kuangfeng|111\n|\n|t:|1682323775\n|start\n|switch|p1a: Iron Bundle|Iron Bundle, L50|100\/100\n|switch|p1b: Flutter Mane|Flutter Mane, L50|100\/100\n|switch|p2a: Palafin|Palafin, L50, M|100\/100\n|switch|p2b: Flutter Mane|Flutter Mane, L50|100\/100\n|-enditem|p1a: Iron Bundle|Booster Energy\n|-activate|p1a: Iron Bundle|ability: Quark Drive|[fromitem]\n|-start|p1a: Iron Bundle|quarkdrivespe\n|-enditem|p2b: Flutter Mane|Booster Energy\n|-activate|p2b: Flutter Mane|ability: Protosynthesis|[fromitem]\n|-start|p2b: Flutter Mane|protosynthesisspa\n|turn|1\n|\n|t:|1682323819\n|detailschange|p2a: Palafin|Palafin-Hero, L50, M\n|switch|p2a: Amoonguss|Amoonguss, L50, F, shiny|100\/100\n|-terastallize|p2b: Flutter Mane|Fairy\n|move|p1a: Iron Bundle|Hydro Pump|p2a: Amoonguss\n|-resisted|p2a: Amoonguss\n|-damage|p2a: Amoonguss|83\/100\n|move|p1b: Flutter Mane|Shadow Ball|p2a: Amoonguss\n|-damage|p2a: Amoonguss|46\/100\n|-unboost|p2a: Amoonguss|spd|1\n|-enditem|p2a: Amoonguss|Sitrus Berry|[eat]\n|-heal|p2a: Amoonguss|71\/100|[from] item: Sitrus Berry\n|move|p2b: Flutter Mane|Moonblast|p1a: Iron Bundle\n|-damage|p1a: Iron Bundle|0 fnt\n|faint|p1a: Iron Bundle\n|-end|p1a: Iron Bundle|Quark Drive|[silent]\n|\n|upkeep\n|\n|t:|1682323840\n|switch|p1a: Gyarados|Gyarados, L50, M, shiny|100\/100\n|-ability|p1a: Gyarados|Intimidate|boost\n|-unboost|p2a: Amoonguss|atk|1\n|-unboost|p2b: Flutter Mane|atk|1\n|turn|2\n|\n|t:|1682323867\n|move|p2a: Amoonguss|Rage Powder|p2a: Amoonguss\n|-singleturn|p2a: Amoonguss|move: Rage Powder\n|move|p1b: Flutter Mane|Shadow Ball|p2a: Amoonguss\n|-damage|p2a: Amoonguss|17\/100\n|move|p2b: Flutter Mane|Moonblast|p1a: Gyarados\n|-damage|p1a: Gyarados|33\/100\n|move|p1a: Gyarados|Icy Wind|p2b: Flutter Mane|[spread] p2a,p2b\n|-supereffective|p2a: Amoonguss\n|-damage|p2a: Amoonguss|4\/100\n|-damage|p2b: Flutter Mane|95\/100\n|-unboost|p2a: Amoonguss|spe|1\n|-unboost|p2b: Flutter Mane|spe|1\n|\n|upkeep\n|turn|3\n|\n|t:|1682323890\n|switch|p1a: Iron Hands|Iron Hands, L50|100\/100\n|move|p1b: Flutter Mane|Protect|p1b: Flutter Mane\n|-singleturn|p1b: Flutter Mane|Protect\n|move|p2a: Amoonguss|Rage Powder|p2a: Amoonguss\n|-singleturn|p2a: Amoonguss|move: Rage Powder\n|move|p2b: Flutter Mane|Moonblast|p1a: Iron Hands\n|-supereffective|p1a: Iron Hands\n|-damage|p1a: Iron Hands|7\/100\n|\n|upkeep\n|turn|4\n|\n|t:|1682323912\n|move|p2b: Flutter Mane|Protect|p2b: Flutter Mane\n|-singleturn|p2b: Flutter Mane|Protect\n|move|p1a: Iron Hands|Fake Out|p2a: Amoonguss\n|-damage|p2a: Amoonguss|0 fnt\n|faint|p2a: Amoonguss\n|move|p1b: Flutter Mane|Shadow Ball|p2b: Flutter Mane\n|-activate|p2b: Flutter Mane|move: Protect\n|\n|upkeep\n|\n|t:|1682323920\n|switch|p2a: Palafin|Palafin-Hero, L50, M|100\/100\n|-activate|p2a: Palafin|ability: Zero to Hero\n|turn|5\n|\n|t:|1682323933\n|-end|p1a: Iron Hands|Quark Drive|[silent]\n|switch|p1a: Gyarados|Gyarados, L50, M, shiny|33\/100\n|-ability|p1a: Gyarados|Intimidate|boost\n|-unboost|p2a: Palafin|atk|1\n|-unboost|p2b: Flutter Mane|atk|1\n|-terastallize|p1b: Flutter Mane|Fairy\n|move|p2a: Palafin|Jet Punch|p1a: Gyarados\n|-resisted|p1a: Gyarados\n|-damage|p1a: Gyarados|20\/100\n|-damage|p2a: Palafin|84\/100|[from] item: Rocky Helmet|[of] p1a: Gyarados\n|move|p1b: Flutter Mane|Dazzling Gleam|p2a: Palafin|[spread] p2a,p2b\n|-damage|p2a: Palafin|43\/100\n|-damage|p2b: Flutter Mane|50\/100\n|move|p2b: Flutter Mane|Shadow Ball|p1b: Flutter Mane\n|-damage|p1b: Flutter Mane|43\/100\n|-unboost|p1b: Flutter Mane|spd|1\n|\n|upkeep\n|turn|6\n|\n|t:|1682323960\n|move|p2a: Palafin|Jet Punch|p1b: Flutter Mane\n|-damage|p1b: Flutter Mane|0 fnt\n|faint|p1b: Flutter Mane\n|-end|p1b: Flutter Mane|Protosynthesis|[silent]\n|move|p2b: Flutter Mane|Dazzling Gleam|p1a: Gyarados\n|-damage|p1a: Gyarados|0 fnt\n|faint|p1a: Gyarados\n|\n|upkeep\n|\n|t:|1682323972\n|switch|p1a: Iron Hands|Iron Hands, L50|7\/100\n|turn|7\n|\n|t:|1682323976\n|move|p2a: Palafin|Protect|p2a: Palafin\n|-singleturn|p2a: Palafin|Protect\n|move|p2b: Flutter Mane|Protect|p2b: Flutter Mane\n|-singleturn|p2b: Flutter Mane|Protect\n|move|p1a: Iron Hands|Fake Out|p2a: Palafin\n|-activate|p2a: Palafin|move: Protect\n|\n|upkeep\n|turn|8\n|c|\u2606kuangfeng|\u545c\u545c\u545c\n|\n|t:|1682323987\n|move|p2a: Palafin|Wave Crash|p1a: Iron Hands\n|-damage|p1a: Iron Hands|0 fnt\n|faint|p1a: Iron Hands\n|-end|p1a: Iron Hands|Quark Drive|[silent]\n|-damage|p2a: Palafin|40\/100|[from] Recoil\n|\n|win|Evlers\n|c|\u2606Evlers|\u4e48\u4e48\n|c|\u2606kuangfeng|\u4e48\u4e48\n|l|\u2606kuangfeng\n","uploadtime":1682324045,"views":29,"p1id":"kuangfeng","p2id":"evlers","formatid":"gen9vgc2023regulationc","rating":0,"private":0,"password":""}