{"id":"gen9vgc2023regulationc-1862071248","p1":"iraqanid","p2":"pkmnwoo","format":"[Gen 9] VGC 2023 Regulation C","log":"|j|\u2606iraqanid\n|j|\u2606pkmnwoo\n|t:|1683834094\n|gametype|doubles\n|player|p1|iraqanid|biker|1530\n|player|p2|pkmnwoo|battlegirl-gen4|1669\n|teamsize|p1|6\n|teamsize|p2|6\n|gen|9\n|tier|[Gen 9] VGC 2023 Regulation C\n|rated|\n|rule|Species Clause: Limit one of each Pok\u00e9mon\n|rule|Item Clause: Limit one of each item\n|clearpoke\n|poke|p1|Chien-Pao, L50|\n|poke|p1|Breloom, L50, F|\n|poke|p1|Garganacl, L50, M|\n|poke|p1|Dondozo, L50, M|\n|poke|p1|Arcanine, L50, F|\n|poke|p1|Iron Bundle, L50|\n|poke|p2|Ceruledge, L50, F|\n|poke|p2|Sableye, L50, F|\n|poke|p2|Iron Bundle, L50|\n|poke|p2|Flutter Mane, L50|\n|poke|p2|Ting-Lu, L50|\n|poke|p2|Chien-Pao, L50|\n|teampreview|4\niraqanid has agreed to open team sheets.\npkmnwoo has agreed to open team sheets.\n|inactive|Battle timer is ON: inactive players will automatically lose when time's up. (requested by pkmnwoo)\n|j| Alexis Conran\n|\n|t:|1683834160\n|start\n|switch|p1a: Chien-Pao|Chien-Pao, L50|100\/100\n|switch|p1b: Breloom|Breloom, L50, F|100\/100\n|switch|p2a: Sarah Ledge|Ceruledge, L50, F|100\/100\n|switch|p2b: Sable|Sableye, L50, F|100\/100\n|-ability|p1a: Chien-Pao|Sword of Ruin\n|turn|1\n|inactive|iraqanid has 30 seconds left.\n|inactive|iraqanid has 20 seconds left.\n|inactive|iraqanid has 15 seconds left.\n|\n|t:|1683834201\n|move|p1a: Chien-Pao|Protect|p1a: Chien-Pao\n|-singleturn|p1a: Chien-Pao|Protect\n|move|p2a: Sarah Ledge|Protect|p2a: Sarah Ledge\n|-singleturn|p2a: Sarah Ledge|Protect\n|move|p2b: Sable|Reflect|p2b: Sable\n|-sidestart|p2: pkmnwoo|Reflect\n|move|p1b: Breloom|Spore|p2b: Sable\n|-status|p2b: Sable|slp|[from] move: Spore\n|\n|upkeep\n|turn|2\n|inactive|iraqanid has 30 seconds left.\n|j| Nigeriane 4TW\n|inactive|iraqanid has 20 seconds left.\n|inactive|iraqanid has 15 seconds left.\n|\n|t:|1683834245\n|switch|p1b: Arcanine|Arcanine, L50, F|100\/100\n|-ability|p1b: Arcanine|Intimidate|boost\n|-unboost|p2a: Sarah Ledge|atk|1\n|-unboost|p2b: Sable|atk|1\n|switch|p2b: Flutter Jane|Flutter Mane, L50|100\/100\n|-terastallize|p2a: Sarah Ledge|Grass\n|move|p1a: Chien-Pao|Throat Chop|p2a: Sarah Ledge\n|-damage|p2a: Sarah Ledge|49\/100\n|-start|p2a: Sarah Ledge|Throat Chop|[silent]\n|-damage|p1a: Chien-Pao|91\/100|[from] item: Life Orb\n|move|p2a: Sarah Ledge|Bulk Up|p2a: Sarah Ledge\n|-boost|p2a: Sarah Ledge|atk|1\n|-boost|p2a: Sarah Ledge|def|1\n|\n|-heal|p2a: Sarah Ledge|55\/100|[from] item: Leftovers\n|upkeep\n|turn|3\n|\n|t:|1683834265\n|move|p1a: Chien-Pao|Protect|p1a: Chien-Pao\n|-singleturn|p1a: Chien-Pao|Protect\n|move|p2a: Sarah Ledge|Protect|p2a: Sarah Ledge\n|-singleturn|p2a: Sarah Ledge|Protect\n|move|p2b: Flutter Jane|Dazzling Gleam|p1b: Arcanine|[spread] p1b\n|-activate|p1a: Chien-Pao|move: Protect\n|-resisted|p1b: Arcanine\n|-damage|p1b: Arcanine|75\/100\n|move|p1b: Arcanine|Flare Blitz|p2b: Flutter Jane\n|-damage|p2b: Flutter Jane|29\/100\n|-damage|p1b: Arcanine|57\/100|[from] Recoil\n|\n|-heal|p2a: Sarah Ledge|61\/100|[from] item: Leftovers\n|-end|p2a: Sarah Ledge|Throat Chop|[silent]\n|upkeep\n|turn|4\n|inactive|iraqanid has 30 seconds left.\n|\n|t:|1683834293\n|move|p1a: Chien-Pao|Sucker Punch|p2b: Flutter Jane\n|-damage|p2b: Flutter Jane|0 fnt\n|faint|p2b: Flutter Jane\n|-end|p2b: Flutter Jane|Protosynthesis|[silent]\n|-damage|p1a: Chien-Pao|81\/100|[from] item: Life Orb\n|move|p1b: Arcanine|Howl|p1b: Arcanine|[spread] p1a,p1b\n|-boost|p1a: Chien-Pao|atk|1\n|-boost|p1b: Arcanine|atk|1\n|move|p2a: Sarah Ledge|Bulk Up|p2a: Sarah Ledge\n|-boost|p2a: Sarah Ledge|atk|1\n|-boost|p2a: Sarah Ledge|def|1\n|\n|-heal|p2a: Sarah Ledge|67\/100|[from] item: Leftovers\n|upkeep\n|\n|t:|1683834302\n|switch|p2b: Ron Bundle|Iron Bundle, L50|100\/100\n|-enditem|p2b: Ron Bundle|Booster Energy\n|-activate|p2b: Ron Bundle|ability: Quark Drive|[fromitem]\n|-start|p2b: Ron Bundle|quarkdrivespe\n|turn|5\n|\n|t:|1683834318\n|-terastallize|p1b: Arcanine|Normal\n|move|p1a: Chien-Pao|Protect|p1a: Chien-Pao\n|-singleturn|p1a: Chien-Pao|Protect\n|move|p1b: Arcanine|Extreme Speed|p2a: Sarah Ledge\n|-damage|p2a: Sarah Ledge|40\/100\n|move|p2b: Ron Bundle|Encore|p1a: Chien-Pao\n|-activate|p1a: Chien-Pao|move: Protect\n|move|p2a: Sarah Ledge|Bulk Up|p2a: Sarah Ledge\n|-boost|p2a: Sarah Ledge|atk|1\n|-boost|p2a: Sarah Ledge|def|1\n|\n|-heal|p2a: Sarah Ledge|46\/100|[from] item: Leftovers\n|upkeep\n|turn|6\n|inactive|iraqanid has 30 seconds left.\n|\n|t:|1683834349\n|move|p1b: Arcanine|Extreme Speed|p2a: Sarah Ledge\n|-damage|p2a: Sarah Ledge|25\/100\n|move|p1a: Chien-Pao|Sucker Punch||[still]\n|-fail|p1a: Chien-Pao\n|move|p2b: Ron Bundle|Encore|p1a: Chien-Pao\n|-start|p1a: Chien-Pao|Encore\n|move|p2a: Sarah Ledge|Bulk Up|p2a: Sarah Ledge\n|-boost|p2a: Sarah Ledge|atk|1\n|-boost|p2a: Sarah Ledge|def|1\n|\n|-heal|p2a: Sarah Ledge|31\/100|[from] item: Leftovers\n|upkeep\n|turn|7\n|\n|t:|1683834370\n|-end|p2b: Ron Bundle|Quark Drive|[silent]\n|switch|p2b: Sable|Sableye, L50, F|100\/100 slp\n|move|p2a: Sarah Ledge|Protect|p2a: Sarah Ledge\n|-singleturn|p2a: Sarah Ledge|Protect\n|move|p1b: Arcanine|Extreme Speed|p2a: Sarah Ledge\n|-activate|p2a: Sarah Ledge|move: Protect\n|move|p1a: Chien-Pao|Sucker Punch||[still]\n|-fail|p1a: Chien-Pao\n|\n|-heal|p2a: Sarah Ledge|37\/100|[from] item: Leftovers\n|upkeep\n|turn|8\n|inactive|pkmnwoo has 30 seconds left.\n|inactive|pkmnwoo has 20 seconds left.\n|\n|t:|1683834406\n|move|p1b: Arcanine|Extreme Speed|p2a: Sarah Ledge\n|-crit|p2a: Sarah Ledge\n|-damage|p2a: Sarah Ledge|0 fnt\n|faint|p2a: Sarah Ledge\n|move|p1a: Chien-Pao|Sucker Punch||[still]\n|-fail|p1a: Chien-Pao\n|cant|p2b: Sable|slp\n|\n|-sideend|p2: pkmnwoo|Reflect\n|upkeep\n|j| ScV Test 2\n|\n|t:|1683834412\n|switch|p2a: Ron Bundle|Iron Bundle, L50|100\/100\n|turn|9\n|-message|pkmnwoo forfeited.\n|\n|win|iraqanid\n|raw|iraqanid's rating: 1530 → 1558<\/strong> (+28 for winning)\n|raw|pkmnwoo's rating: 1669 → 1641<\/strong> (-28 for losing)\n|l|\u2606pkmnwoo\n","uploadtime":1683834485,"views":18,"p1id":"iraqanid","p2id":"pkmnwoo","formatid":"gen9vgc2023regulationc","rating":1558,"private":0,"password":""}