{"id":"gen9vgc2023regulationc-1852924789","p1":"That_Leek","p2":"willz_vgc","format":"[Gen 9] VGC 2023 Regulation C","log":"|j|\u203dThat_Leek\n|j|\u2606willz_vgc\n|t:|1682617761\n|gametype|doubles\n|player|p1|That_Leek|169|1309\n|player|p2|willz_vgc|101|1307\n|teamsize|p1|6\n|teamsize|p2|6\n|gen|9\n|tier|[Gen 9] VGC 2023 Regulation C\n|rated|\n|rule|Species Clause: Limit one of each Pok\u00e9mon\n|rule|Item Clause: Limit one of each item\n|clearpoke\n|poke|p1|Gholdengo, L50|\n|poke|p1|Gyarados, L50, M|\n|poke|p1|Tyranitar, L50, M|\n|poke|p1|Maushold-Four, L50|\n|poke|p1|Annihilape, L50, F|\n|poke|p1|Volcarona, L50, F|\n|poke|p2|Iron Hands, L50|\n|poke|p2|Gyarados, L50, F|\n|poke|p2|Flutter Mane, L50|\n|poke|p2|Amoonguss, L50, M|\n|poke|p2|Gholdengo, L50|\n|poke|p2|Chi-Yu, L50|\n|teampreview|4\nThat_Leek has agreed to open team sheets.\nwillz_vgc has agreed to open team sheets.\n|inactive|Battle timer is ON: inactive players will automatically lose when time's up. (requested by willz_vgc)\n|\n|t:|1682617805\n|start\n|switch|p1a: Tyranitar|Tyranitar, L50, M|100\/100\n|switch|p1b: Maushold|Maushold-Four, L50|100\/100\n|switch|p2a: Flutter Mane|Flutter Mane, L50|100\/100\n|switch|p2b: Chi-Yu|Chi-Yu, L50|100\/100\n|-ability|p2b: Chi-Yu|Beads of Ruin\n|-weather|Sandstorm|[from] ability: Sand Stream|[of] p1a: Tyranitar\n|-enditem|p2a: Flutter Mane|Booster Energy\n|-activate|p2a: Flutter Mane|ability: Protosynthesis|[fromitem]\n|-start|p2a: Flutter Mane|protosynthesisspa\n|turn|1\n|inactive|willz_vgc has 30 seconds left.\n|inactive|willz_vgc has 20 seconds left.\n|\n|t:|1682617843\n|-terastallize|p2b: Chi-Yu|Water\n|move|p1b: Maushold|Follow Me|p1b: Maushold\n|-singleturn|p1b: Maushold|move: Follow Me\n|move|p2b: Chi-Yu|Tera Blast|p1b: Maushold\n|-damage|p1b: Maushold|26\/100\n|move|p2a: Flutter Mane|Dazzling Gleam|p1a: Tyranitar|[spread] p1a,p1b\n|-supereffective|p1a: Tyranitar\n|-damage|p1a: Tyranitar|66\/100\n|-damage|p1b: Maushold|0 fnt\n|faint|p1b: Maushold\n|move|p1a: Tyranitar|Rock Slide|p2a: Flutter Mane|[spread] p2a,p2b\n|-damage|p2a: Flutter Mane|51\/100\n|-damage|p2b: Chi-Yu|55\/100\n|\n|-weather|Sandstorm|[upkeep]\n|-damage|p2b: Chi-Yu|49\/100|[from] Sandstorm\n|-damage|p2a: Flutter Mane|45\/100|[from] Sandstorm\n|upkeep\n|\n|t:|1682617857\n|switch|p1b: Gholdengo|Gholdengo, L50|100\/100\n|turn|2\n|inactive|That_Leek has 30 seconds left.\n|inactive|willz_vgc has 30 seconds left.\n|\n|t:|1682617890\n|-terastallize|p1b: Gholdengo|Water\n|move|p2b: Chi-Yu|Tera Blast|p1a: Tyranitar\n|-supereffective|p1a: Tyranitar\n|-damage|p1a: Tyranitar|21\/100\n|move|p2a: Flutter Mane|Shadow Ball|p1b: Gholdengo\n|-damage|p1b: Gholdengo|16\/100\n|-unboost|p1b: Gholdengo|spd|1\n|move|p1b: Gholdengo|Nasty Plot|p1b: Gholdengo\n|-boost|p1b: Gholdengo|spa|2\n|move|p1a: Tyranitar|Rock Slide|p2a: Flutter Mane|[spread] p2a,p2b\n|-damage|p2a: Flutter Mane|0 fnt\n|-damage|p2b: Chi-Yu|3\/100\n|faint|p2a: Flutter Mane\n|-end|p2a: Flutter Mane|Protosynthesis|[silent]\n|\n|-weather|Sandstorm|[upkeep]\n|-damage|p2b: Chi-Yu|0 fnt|[from] Sandstorm\n|-damage|p1b: Gholdengo|10\/100|[from] Sandstorm\n|faint|p2b: Chi-Yu\n|upkeep\n|\n|t:|1682617893\n|switch|p2a: Amoonguss|Amoonguss, L50, M|100\/100\n|switch|p2b: Iron Hands|Iron Hands, L50|100\/100\n|turn|3\n|inactive|willz_vgc has 30 seconds left.\n|inactive|willz_vgc has 20 seconds left.\n|\n|t:|1682617929\n|switch|p1a: Annihilape|Annihilape, L50, F|100\/100\n|move|p1b: Gholdengo|Protect|p1b: Gholdengo\n|-singleturn|p1b: Gholdengo|Protect\n|move|p2b: Iron Hands|Fake Out|p1b: Gholdengo\n|-activate|p1b: Gholdengo|move: Protect\n|move|p2a: Amoonguss|Spore|p1a: Annihilape\n|-status|p1a: Annihilape|slp|[from] move: Spore\n|\n|-weather|Sandstorm|[upkeep]\n|-damage|p1a: Annihilape|94\/100 slp|[from] Sandstorm\n|-damage|p1b: Gholdengo|4\/100|[from] Sandstorm\n|-damage|p2b: Iron Hands|94\/100|[from] Sandstorm\n|-damage|p2a: Amoonguss|95\/100|[from] Sandstorm\n|-heal|p1a: Annihilape|100\/100 slp|[from] item: Leftovers\n|upkeep\n|turn|4\n|\n|t:|1682617948\n|cant|p1a: Annihilape|slp\n|move|p1b: Gholdengo|Make It Rain|p2b: Iron Hands|[spread] p2a,p2b\n|-resisted|p2b: Iron Hands\n|-damage|p2a: Amoonguss|0 fnt\n|-damage|p2b: Iron Hands|62\/100\n|-unboost|p1b: Gholdengo|spa|1\n|faint|p2a: Amoonguss\n|-damage|p1b: Gholdengo|0 fnt|[from] item: Life Orb\n|faint|p1b: Gholdengo\n|move|p2b: Iron Hands|Drain Punch|p1a: Annihilape\n|-immune|p1a: Annihilape\n|\n|-weather|Sandstorm|[upkeep]\n|-damage|p1a: Annihilape|94\/100 slp|[from] Sandstorm\n|-damage|p2b: Iron Hands|56\/100|[from] Sandstorm\n|-heal|p1a: Annihilape|100\/100 slp|[from] item: Leftovers\n|upkeep\n|\n|t:|1682617953\n|switch|p1b: Tyranitar|Tyranitar, L50, M|21\/100\n|turn|5\n|c|\u2606willz_vgc|Wtf not what I clicked\n|-message|willz_vgc forfeited.\n|\n|win|That_Leek\n|raw|That_Leek's rating: 1309 → 1329<\/strong> (+20 for winning)\n|raw|willz_vgc's rating: 1307 → 1287<\/strong> (-20 for losing)\n|l|\u2606willz_vgc\n","uploadtime":1682617974,"views":5,"p1id":"thatleek","p2id":"willzvgc","formatid":"gen9vgc2023regulationc","rating":1287,"private":0,"password":""}