{"id":"gen9vgc2023regulationc-1846402643","p1":"wdytyaia","p2":"Mercury_95","format":"[Gen 9] VGC 2023 Regulation C","log":"|j|\u2606wdytyaia\n|j|\u2606Mercury_95\n|t:|1681838033\n|gametype|doubles\n|player|p1|wdytyaia|flannery|1279\n|player|p2|Mercury_95|101|1203\n|teamsize|p1|6\n|teamsize|p2|6\n|gen|9\n|tier|[Gen 9] VGC 2023 Regulation C\n|rated|\n|rule|Species Clause: Limit one of each Pok\u00e9mon\n|rule|Item Clause: Limit one of each item\n|clearpoke\n|poke|p1|Chi-Yu, L50|\n|poke|p1|Flutter Mane, L50|\n|poke|p1|Farigiraf, L50, F|\n|poke|p1|Corviknight, L50, M|\n|poke|p1|Tauros-Paldea-Aqua, L50, M|\n|poke|p1|Amoonguss, L50, M|\n|poke|p2|Amoonguss, L50, F|\n|poke|p2|Flutter Mane, L50|\n|poke|p2|Baxcalibur, L50, M|\n|poke|p2|Chi-Yu, L50|\n|poke|p2|Gyarados, L50, M|\n|poke|p2|Ting-Lu, L50|\n|teampreview|4\nwdytyaia has agreed to open team sheets.\n|inactive|Battle timer is ON: inactive players will automatically lose when time's up. (requested by wdytyaia)\n|\n|t:|1681838089\n|start\n|switch|p1a: Amoonguss|Amoonguss, L50, M|100\/100\n|switch|p1b: Flutter Mane|Flutter Mane, L50|100\/100\n|switch|p2a: Amoonguss|Amoonguss, L50, F, shiny|100\/100\n|switch|p2b: Ting-Lu|Ting-Lu, L50|100\/100\n|-ability|p2b: Ting-Lu|Vessel of Ruin\n|-enditem|p1b: Flutter Mane|Booster Energy\n|-activate|p1b: Flutter Mane|ability: Protosynthesis|[fromitem]\n|-start|p1b: Flutter Mane|protosynthesisspe\n|turn|1\n|inactive|Mercury_95 has 30 seconds left.\n|inactive|wdytyaia has 30 seconds left.\n|\n|t:|1681838121\n|-terastallize|p2b: Ting-Lu|Grass\n|move|p1a: Amoonguss|Rage Powder|p1a: Amoonguss\n|-singleturn|p1a: Amoonguss|move: Rage Powder\n|move|p1b: Flutter Mane|Substitute|p1b: Flutter Mane\n|-start|p1b: Flutter Mane|Substitute\n|-damage|p1b: Flutter Mane|76\/100\n|move|p2b: Ting-Lu|Fissure|p1a: Amoonguss|[miss]\n|-miss|p2b: Ting-Lu|p1a: Amoonguss\n|move|p2a: Amoonguss|Pollen Puff|p2b: Ting-Lu\n|-immune|p2b: Ting-Lu\n|\n|upkeep\n|turn|2\n|inactive|Mercury_95 has 30 seconds left.\n|inactive|wdytyaia has 30 seconds left.\n|inactive|Mercury_95 has 20 seconds left.\n|\n|t:|1681838159\n|switch|p1a: Corviknight|Corviknight, L50, M, shiny|100\/100\n|move|p1b: Flutter Mane|Protect|p1b: Flutter Mane\n|-singleturn|p1b: Flutter Mane|Protect\n|move|p2b: Ting-Lu|Heavy Slam|p1b: Flutter Mane\n|-activate|p1b: Flutter Mane|move: Protect\n|move|p2a: Amoonguss|Spore|p1b: Flutter Mane\n|-activate|p1b: Flutter Mane|move: Protect\n|\n|upkeep\n|turn|3\n|inactive|Mercury_95 has 30 seconds left.\n|\n|t:|1681838186\n|move|p2a: Amoonguss|Protect|p2a: Amoonguss\n|-singleturn|p2a: Amoonguss|Protect\n|move|p1b: Flutter Mane|Shadow Ball|p2a: Amoonguss\n|-activate|p2a: Amoonguss|move: Protect\n|move|p1a: Corviknight|Brave Bird|p2a: Amoonguss\n|-activate|p2a: Amoonguss|move: Protect\n|move|p2b: Ting-Lu|Stomping Tantrum|p1b: Flutter Mane\n|-end|p1b: Flutter Mane|Substitute\n|\n|upkeep\n|turn|4\n|inactive|Mercury_95 has 30 seconds left.\n|inactive|Mercury_95 has 20 seconds left.\n|inactive|Mercury_95 has 15 seconds left.\n|inactive|Mercury_95 has 10 seconds left.\n|\n|t:|1681838234\n|move|p1b: Flutter Mane|Protect|p1b: Flutter Mane\n|-singleturn|p1b: Flutter Mane|Protect\n|move|p1a: Corviknight|Brave Bird|p2a: Amoonguss\n|-supereffective|p2a: Amoonguss\n|-damage|p2a: Amoonguss|45\/100\n|-enditem|p2a: Amoonguss|Sitrus Berry|[eat]\n|-heal|p2a: Amoonguss|70\/100|[from] item: Sitrus Berry\n|-damage|p1a: Corviknight|81\/100|[from] Recoil\n|move|p2b: Ting-Lu|Heavy Slam|p1b: Flutter Mane\n|-activate|p1b: Flutter Mane|move: Protect\n|move|p2a: Amoonguss|Spore|p1a: Corviknight\n|-activate|p1a: Corviknight|item: Safety Goggles|Spore\n|\n|upkeep\n|turn|5\n|inactive|Mercury_95 has 30 seconds left.\n|\n|t:|1681838262\n|switch|p2b: Gyarados|Gyarados, L50, M|100\/100\n|-ability|p2b: Gyarados|Intimidate|boost\n|-ability|p1a: Corviknight|Mirror Armor\n|-unboost|p2b: Gyarados|atk|1\n|-unboost|p1b: Flutter Mane|atk|1\n|switch|p2a: Chi-Yu|Chi-Yu, L50|100\/100\n|-ability|p2a: Chi-Yu|Beads of Ruin\n|move|p1b: Flutter Mane|Substitute|p1b: Flutter Mane\n|-start|p1b: Flutter Mane|Substitute\n|-damage|p1b: Flutter Mane|52\/100\n|move|p1a: Corviknight|Brave Bird|p2a: Chi-Yu\n|-damage|p2a: Chi-Yu|36\/100\n|-damage|p1a: Corviknight|67\/100|[from] Recoil\n|\n|upkeep\n|turn|6\n|inactive|wdytyaia has 30 seconds left.\n|inactive|Mercury_95 has 30 seconds left.\n|inactive|wdytyaia has 20 seconds left.\n|\n|t:|1681838298\n|switch|p1a: Tauros|Tauros-Paldea-Aqua, L50, M|100\/100\n|-ability|p1a: Tauros|Intimidate|boost\n|-unboost|p2a: Chi-Yu|atk|1\n|-unboost|p2b: Gyarados|atk|1\n|move|p1b: Flutter Mane|Moonblast|p2b: Gyarados\n|-damage|p2b: Gyarados|38\/100\n|move|p2a: Chi-Yu|Heat Wave|p1b: Flutter Mane|[spread] p1a,p1b\n|-end|p1b: Flutter Mane|Substitute\n|-resisted|p1a: Tauros\n|-damage|p1a: Tauros|59\/100\n|move|p2b: Gyarados|Dragon Dance|p2b: Gyarados\n|-boost|p2b: Gyarados|atk|1\n|-boost|p2b: Gyarados|spe|1\n|\n|upkeep\n|turn|7\n|inactive|wdytyaia has 30 seconds left.\n|inactive|Mercury_95 has 30 seconds left.\n|inactive|wdytyaia has 20 seconds left.\n|inactive|wdytyaia has 15 seconds left.\n|\n|t:|1681838339\n|switch|p2a: Amoonguss|Amoonguss, L50, F, shiny|100\/100\n|switch|p1a: Corviknight|Corviknight, L50, M, shiny|67\/100\n|move|p1b: Flutter Mane|Moonblast|p2b: Gyarados\n|-damage|p2b: Gyarados|0 fnt\n|faint|p2b: Gyarados\n|\n|upkeep\n|\n|t:|1681838354\n|switch|p2b: Chi-Yu|Chi-Yu, L50|36\/100\n|-ability|p2b: Chi-Yu|Beads of Ruin\n|turn|8\n|\n|t:|1681838378\n|switch|p1a: Tauros|Tauros-Paldea-Aqua, L50, M|59\/100\n|-ability|p1a: Tauros|Intimidate|boost\n|-unboost|p2a: Amoonguss|atk|1\n|-unboost|p2b: Chi-Yu|atk|1\n|move|p1b: Flutter Mane|Protect|p1b: Flutter Mane\n|-singleturn|p1b: Flutter Mane|Protect\n|move|p2a: Amoonguss|Protect|p2a: Amoonguss\n|-singleturn|p2a: Amoonguss|Protect\n|move|p2b: Chi-Yu|Heat Wave|p1b: Flutter Mane|[spread] p1a\n|-activate|p1b: Flutter Mane|move: Protect\n|-resisted|p1a: Tauros\n|-damage|p1a: Tauros|20\/100\n|\n|upkeep\n|turn|9\n|\n|t:|1681838398\n|-terastallize|p1a: Tauros|Grass\n|move|p2a: Amoonguss|Rage Powder|p2a: Amoonguss\n|-singleturn|p2a: Amoonguss|move: Rage Powder\n|move|p1a: Tauros|Aqua Jet|p2b: Chi-Yu\n|-supereffective|p2b: Chi-Yu\n|-damage|p2b: Chi-Yu|0 fnt\n|faint|p2b: Chi-Yu\n|move|p1b: Flutter Mane|Substitute|p1b: Flutter Mane\n|-start|p1b: Flutter Mane|Substitute\n|-damage|p1b: Flutter Mane|27\/100\n|\n|upkeep\n|\n|t:|1681838410\n|switch|p2b: Ting-Lu|Ting-Lu, L50, tera:Grass|100\/100\n|-ability|p2b: Ting-Lu|Vessel of Ruin\n|turn|10\n|\n|t:|1681838426\n|switch|p1a: Corviknight|Corviknight, L50, M, shiny|67\/100\n|move|p1b: Flutter Mane|Shadow Ball|p2a: Amoonguss\n|-damage|p2a: Amoonguss|72\/100\n|move|p2b: Ting-Lu|Heavy Slam|p1b: Flutter Mane\n|-supereffective|p1b: Flutter Mane\n|-end|p1b: Flutter Mane|Substitute\n|move|p2a: Amoonguss|Pollen Puff|p1a: Corviknight\n|-resisted|p1a: Corviknight\n|-damage|p1a: Corviknight|65\/100\n|\n|upkeep\n|turn|11\n|\n|t:|1681838449\n|move|p2a: Amoonguss|Protect|p2a: Amoonguss\n|-singleturn|p2a: Amoonguss|Protect\n|move|p1b: Flutter Mane|Shadow Ball|p2a: Amoonguss\n|-activate|p2a: Amoonguss|move: Protect\n|move|p1a: Corviknight|Brave Bird|p2a: Amoonguss\n|-activate|p2a: Amoonguss|move: Protect\n|move|p2b: Ting-Lu|Ruination|p1a: Corviknight\n|-damage|p1a: Corviknight|33\/100\n|\n|upkeep\n|turn|12\n|inactive|Mercury_95 has 30 seconds left.\n|\n|t:|1681838481\n|move|p2a: Amoonguss|Protect||[still]\n|-fail|p2a: Amoonguss\n|move|p1b: Flutter Mane|Shadow Ball|p2a: Amoonguss\n|-damage|p2a: Amoonguss|42\/100\n|move|p1a: Corviknight|Brave Bird|p2a: Amoonguss\n|-supereffective|p2a: Amoonguss\n|-damage|p2a: Amoonguss|0 fnt\n|faint|p2a: Amoonguss\n|-damage|p1a: Corviknight|18\/100|[from] Recoil\n|move|p2b: Ting-Lu|Ruination|p1a: Corviknight\n|-damage|p1a: Corviknight|9\/100\n|\n|upkeep\n|turn|13\n|\n|t:|1681838499\n|move|p1b: Flutter Mane|Moonblast|p2b: Ting-Lu\n|-damage|p2b: Ting-Lu|82\/100\n|move|p1a: Corviknight|Roost|p1a: Corviknight\n|-heal|p1a: Corviknight|59\/100\n|-singleturn|p1a: Corviknight|move: Roost\n|move|p2b: Ting-Lu|Heavy Slam|p1a: Corviknight\n|-resisted|p1a: Corviknight\n|-damage|p1a: Corviknight|46\/100\n|\n|upkeep\n|turn|14\n|-message|Mercury_95 forfeited.\n|\n|win|wdytyaia\n|raw|wdytyaia's rating: 1279 → 1299<\/strong> (+20 for winning)\n|raw|Mercury_95's rating: 1203 → 1183<\/strong> (-20 for losing)\n|l|\u2606Mercury_95\n","uploadtime":1681838530,"views":9,"p1id":"wdytyaia","p2id":"mercury95","formatid":"gen9vgc2023regulationc","rating":1183,"private":0,"password":""}