{"id":"gen9vgc2023regulationc-1852592267","p1":"playroughbulu","p2":"m f mew2","format":"[Gen 9] VGC 2023 Regulation C","log":"|j|\u2606playroughbulu\n|j|\u2606m f mew2\n|t:|1682581852\n|gametype|doubles\n|player|p1|playroughbulu|n-masters|1167\n|player|p2|m f mew2|juan|1156\n|teamsize|p1|6\n|teamsize|p2|6\n|gen|9\n|tier|[Gen 9] VGC 2023 Regulation C\n|rated|\n|rule|Species Clause: Limit one of each Pok\u00e9mon\n|rule|Item Clause: Limit one of each item\n|clearpoke\n|poke|p1|Iron Bundle, L50|\n|poke|p1|Farigiraf, L50, F|\n|poke|p1|Talonflame, L50, M|\n|poke|p1|Wo-Chien, L50|\n|poke|p1|Chi-Yu, L50|\n|poke|p1|Flutter Mane, L50|\n|poke|p2|Eelektross, L50, F|\n|poke|p2|Glimmora, L50, F|\n|poke|p2|Ting-Lu, L50|\n|poke|p2|Wo-Chien, L50|\n|poke|p2|Gothitelle, L50, M|\n|poke|p2|Dragapult, L50, F|\n|teampreview|4\n|c|\u2606m f mew2|glhf\n|inactive|Battle timer is ON: inactive players will automatically lose when time's up. (requested by m f mew2)\nplayroughbulu has agreed to open team sheets.\n|\n|t:|1682581891\n|start\n|switch|p1a: Farigiraf|Farigiraf, L50, F|100\/100\n|switch|p1b: Flutter Mane|Flutter Mane, L50|100\/100\n|switch|p2a: KoKoGnRyoRku|Eelektross, L50, F|100\/100\n|switch|p2b: Ting-Lu|Ting-Lu, L50|100\/100\n|-ability|p2b: Ting-Lu|Vessel of Ruin\n|-enditem|p1b: Flutter Mane|Booster Energy\n|-activate|p1b: Flutter Mane|ability: Protosynthesis|[fromitem]\n|-start|p1b: Flutter Mane|protosynthesisspa\n|turn|1\n|c|\u2606playroughbulu|Glhf\n|inactive|m f mew2 has 30 seconds left.\n|\n|t:|1682581920\n|switch|p1a: Wo-Chien|Wo-Chien, L50|100\/100\n|-ability|p1a: Wo-Chien|Tablets of Ruin\n|move|p1b: Flutter Mane|Substitute|p1b: Flutter Mane\n|-start|p1b: Flutter Mane|Substitute\n|-damage|p1b: Flutter Mane|76\/100\n|move|p2a: KoKoGnRyoRku|Zap Cannon|p1a: Wo-Chien|[miss]\n|-miss|p2a: KoKoGnRyoRku|p1a: Wo-Chien\n|move|p2b: Ting-Lu|Ruination|p1b: Flutter Mane\n|-end|p1b: Flutter Mane|Substitute\n|\n|upkeep\n|turn|2\n|\n|t:|1682581942\n|move|p1b: Flutter Mane|Dazzling Gleam|p2a: KoKoGnRyoRku|[spread] p2a,p2b\n|-supereffective|p2b: Ting-Lu\n|-damage|p2a: KoKoGnRyoRku|75\/100\n|-damage|p2b: Ting-Lu|59\/100\n|move|p1a: Wo-Chien|Leech Seed|p2b: Ting-Lu\n|-start|p2b: Ting-Lu|move: Leech Seed\n|move|p2a: KoKoGnRyoRku|Zap Cannon|p1a: Wo-Chien|[miss]\n|-miss|p2a: KoKoGnRyoRku|p1a: Wo-Chien\n|move|p2b: Ting-Lu|Ruination|p1b: Flutter Mane\n|-damage|p1b: Flutter Mane|38\/100\n|\n|-heal|p2b: Ting-Lu|65\/100|[from] item: Leftovers\n|-damage|p2b: Ting-Lu|53\/100|[from] Leech Seed|[of] p1a: Wo-Chien\n|upkeep\n|turn|3\n|\n|t:|1682581959\n|switch|p2b: Gothitelle|Gothitelle, L50, M|100\/100\n|-item|p1a: Wo-Chien|Leftovers|[from] ability: Frisk|[of] p2b: Gothitelle|[identify]\n|move|p1b: Flutter Mane|Protect|p1b: Flutter Mane\n|-singleturn|p1b: Flutter Mane|Protect\n|move|p1a: Wo-Chien|Leech Seed|p2a: KoKoGnRyoRku\n|-start|p2a: KoKoGnRyoRku|move: Leech Seed\n|move|p2a: KoKoGnRyoRku|Zap Cannon|p1a: Wo-Chien\n|-resisted|p1a: Wo-Chien\n|-damage|p1a: Wo-Chien|85\/100\n|-status|p1a: Wo-Chien|par\n|\n|-heal|p1a: Wo-Chien|91\/100 par|[from] item: Leftovers\n|-damage|p2a: KoKoGnRyoRku|62\/100|[from] Leech Seed|[of] p1a: Wo-Chien\n|-heal|p1a: Wo-Chien|100\/100 par|[silent]\n|upkeep\n|turn|4\n|\n|t:|1682581978\n|move|p1b: Flutter Mane|Shadow Ball|p2a: KoKoGnRyoRku\n|-damage|p2a: KoKoGnRyoRku|18\/100\n|move|p2b: Gothitelle|Heal Pulse|p2a: KoKoGnRyoRku\n|-heal|p2a: KoKoGnRyoRku|68\/100\n|move|p2a: KoKoGnRyoRku|Volt Switch|p1b: Flutter Mane\n|-damage|p1b: Flutter Mane|8\/100\n|\n|t:|1682581986\n|switch|p2a: Glimmora|Glimmora, L50, F|100\/100|[from] Volt Switch\n|move|p1a: Wo-Chien|Pollen Puff|p1b: Flutter Mane\n|-heal|p1b: Flutter Mane|58\/100\n|\n|upkeep\n|turn|5\n|\n|t:|1682582006\n|-terastallize|p2b: Gothitelle|Grass\n|move|p1b: Flutter Mane|Dazzling Gleam|p2a: Glimmora|[spread] p2a,p2b\n|-resisted|p2a: Glimmora\n|-damage|p2a: Glimmora|81\/100\n|-damage|p2b: Gothitelle|64\/100\n|move|p2a: Glimmora|Mortal Spin|p1a: Wo-Chien|[spread] p1a,p1b\n|-supereffective|p1a: Wo-Chien\n|-damage|p1a: Wo-Chien|94\/100 par\n|-damage|p1b: Flutter Mane|53\/100\n|-status|p1b: Flutter Mane|psn\n|move|p2b: Gothitelle|Dark Pulse|p1b: Flutter Mane\n|-damage|p1b: Flutter Mane|35\/100 psn\n|cant|p1a: Wo-Chien|par\n|\n|-heal|p2a: Glimmora|87\/100|[from] item: Black Sludge\n|-heal|p1a: Wo-Chien|100\/100 par|[from] item: Leftovers\n|-damage|p1b: Flutter Mane|23\/100 psn|[from] psn\n|upkeep\n|turn|6\n|\n|t:|1682582028\n|move|p2b: Gothitelle|Protect|p2b: Gothitelle\n|-singleturn|p2b: Gothitelle|Protect\n|move|p1b: Flutter Mane|Shadow Ball|p2b: Gothitelle\n|-activate|p2b: Gothitelle|move: Protect\n|move|p2a: Glimmora|Dazzling Gleam|p1a: Wo-Chien|[spread] p1a,p1b\n|-supereffective|p1a: Wo-Chien\n|-damage|p1a: Wo-Chien|81\/100 par\n|-damage|p1b: Flutter Mane|5\/100 psn\n|move|p1a: Wo-Chien|Pollen Puff|p2b: Gothitelle\n|-activate|p2b: Gothitelle|move: Protect\n|\n|-heal|p2a: Glimmora|93\/100|[from] item: Black Sludge\n|-heal|p1a: Wo-Chien|87\/100 par|[from] item: Leftovers\n|-damage|p1b: Flutter Mane|0 fnt|[from] psn\n|faint|p1b: Flutter Mane\n|-end|p1b: Flutter Mane|Protosynthesis|[silent]\n|upkeep\n|\n|t:|1682582036\n|switch|p1b: Farigiraf|Farigiraf, L50, F|100\/100\n|turn|7\n|\n|t:|1682582058\n|move|p2a: Glimmora|Mortal Spin|p1b: Farigiraf|[spread] p1a,p1b\n|-supereffective|p1a: Wo-Chien\n|-damage|p1a: Wo-Chien|83\/100 par\n|-damage|p1b: Farigiraf|97\/100\n|-status|p1b: Farigiraf|psn\n|move|p2b: Gothitelle|Dark Pulse|p1b: Farigiraf\n|-supereffective|p1b: Farigiraf\n|-enditem|p1b: Farigiraf|Colbur Berry|[eat]\n|-enditem|p1b: Farigiraf|Colbur Berry|[weaken]\n|-damage|p1b: Farigiraf|82\/100 psn\n|move|p1b: Farigiraf|Imprison|p1b: Farigiraf\n|-start|p1b: Farigiraf|move: Imprison\n|cant|p1a: Wo-Chien|par\n|\n|-heal|p2a: Glimmora|99\/100|[from] item: Black Sludge\n|-heal|p1a: Wo-Chien|89\/100 par|[from] item: Leftovers\n|-damage|p1b: Farigiraf|69\/100 psn|[from] psn\n|upkeep\n|turn|8\n|inactive|m f mew2 has 30 seconds left.\n|\n|t:|1682582087\n|switch|p2a: Ting-Lu|Ting-Lu, L50|53\/100\n|-ability|p2a: Ting-Lu|Vessel of Ruin\n|move|p2b: Gothitelle|Heal Pulse|p2a: Ting-Lu\n|-heal|p2a: Ting-Lu|100\/100\n|move|p1b: Farigiraf|Psychic|p2a: Ting-Lu\n|-immune|p2a: Ting-Lu\n|move|p1a: Wo-Chien|Pollen Puff|p2b: Gothitelle\n|-supereffective|p2b: Gothitelle\n|-damage|p2b: Gothitelle|38\/100\n|-enditem|p2b: Gothitelle|Sitrus Berry|[eat]\n|-heal|p2b: Gothitelle|63\/100|[from] item: Sitrus Berry\n|\n|-heal|p1a: Wo-Chien|95\/100 par|[from] item: Leftovers\n|-damage|p1b: Farigiraf|57\/100 psn|[from] psn\n|upkeep\n|turn|9\n|inactive|playroughbulu has 30 seconds left.\n|inactive|playroughbulu has 20 seconds left.\n|\n|t:|1682582124\n|switch|p2b: KoKoGnRyoRku|Eelektross, L50, F|68\/100\n|move|p1b: Farigiraf|Dazzling Gleam|p2a: Ting-Lu|[spread] p2a,p2b\n|-supereffective|p2a: Ting-Lu\n|-damage|p2a: Ting-Lu|83\/100\n|-damage|p2b: KoKoGnRyoRku|57\/100\n|move|p2a: Ting-Lu|Earthquake|p1a: Wo-Chien|[spread] p1a,p1b\n|-immune|p2b: KoKoGnRyoRku|[from] ability: Levitate\n|-resisted|p1a: Wo-Chien\n|-damage|p1a: Wo-Chien|86\/100 par\n|-damage|p1b: Farigiraf|35\/100 psn\n|move|p1a: Wo-Chien|Leech Seed|p2a: Ting-Lu\n|-start|p2a: Ting-Lu|move: Leech Seed\n|\n|-heal|p2a: Ting-Lu|89\/100|[from] item: Leftovers\n|-heal|p1a: Wo-Chien|93\/100 par|[from] item: Leftovers\n|-damage|p2a: Ting-Lu|77\/100|[from] Leech Seed|[of] p1a: Wo-Chien\n|-heal|p1a: Wo-Chien|100\/100 par|[silent]\n|-damage|p1b: Farigiraf|23\/100 psn|[from] psn\n|upkeep\n|turn|10\n|inactive|m f mew2 has 30 seconds left.\n|\n|t:|1682582155\n|move|p1b: Farigiraf|Psychic|p2b: KoKoGnRyoRku\n|-damage|p2b: KoKoGnRyoRku|33\/100\n|move|p2b: KoKoGnRyoRku|Flamethrower|p1a: Wo-Chien\n|-supereffective|p1a: Wo-Chien\n|-damage|p1a: Wo-Chien|78\/100 par\n|move|p2a: Ting-Lu|Hex|p1a: Wo-Chien\n|-resisted|p1a: Wo-Chien\n|-damage|p1a: Wo-Chien|72\/100 par\n|move|p1a: Wo-Chien|Leech Seed|p2b: KoKoGnRyoRku\n|-start|p2b: KoKoGnRyoRku|move: Leech Seed\n|\n|-heal|p2a: Ting-Lu|83\/100|[from] item: Leftovers\n|-heal|p1a: Wo-Chien|79\/100 par|[from] item: Leftovers\n|-damage|p2b: KoKoGnRyoRku|20\/100|[from] Leech Seed|[of] p1a: Wo-Chien\n|-heal|p1a: Wo-Chien|90\/100 par|[silent]\n|-damage|p2a: Ting-Lu|71\/100|[from] Leech Seed|[of] p1a: Wo-Chien\n|-heal|p1a: Wo-Chien|100\/100 par|[silent]\n|-damage|p1b: Farigiraf|11\/100 psn|[from] psn\n|upkeep\n|turn|11\n|inactive|playroughbulu has 30 seconds left.\n|inactive|m f mew2 has 30 seconds left.\n|inactive|playroughbulu has 20 seconds left.\n|inactive|m f mew2 has 20 seconds left.\n|inactive|playroughbulu has 15 seconds left.\n|\n|t:|1682582200\n|move|p1b: Farigiraf|Dazzling Gleam|p2a: Ting-Lu|[spread] p2a,p2b\n|-supereffective|p2a: Ting-Lu\n|-damage|p2a: Ting-Lu|51\/100\n|-damage|p2b: KoKoGnRyoRku|11\/100\n|move|p2b: KoKoGnRyoRku|Volt Switch|p1a: Wo-Chien\n|-resisted|p1a: Wo-Chien\n|-damage|p1a: Wo-Chien|93\/100 par\n|\n|t:|1682582207\n|switch|p2b: Gothitelle|Gothitelle, L50, M, tera:Grass|63\/100|[from] Volt Switch\n|-item|p1a: Wo-Chien|Leftovers|[from] ability: Frisk|[of] p2b: Gothitelle|[identify]\n|move|p2a: Ting-Lu|Ruination|p1a: Wo-Chien\n|-damage|p1a: Wo-Chien|47\/100 par\n|move|p1a: Wo-Chien|Pollen Puff|p2b: Gothitelle\n|-supereffective|p2b: Gothitelle\n|-damage|p2b: Gothitelle|37\/100\n|\n|-heal|p2a: Ting-Lu|57\/100|[from] item: Leftovers\n|-heal|p1a: Wo-Chien|53\/100 par|[from] item: Leftovers\n|-damage|p2a: Ting-Lu|45\/100|[from] Leech Seed|[of] p1a: Wo-Chien\n|-heal|p1a: Wo-Chien|68\/100 par|[silent]\n|-damage|p1b: Farigiraf|0 fnt|[from] psn\n|faint|p1b: Farigiraf\n|upkeep\n|\n|t:|1682582223\n|switch|p1b: Chi-Yu|Chi-Yu, L50|100\/100\n|-ability|p1b: Chi-Yu|Beads of Ruin\n|turn|12\n|inactive|m f mew2 has 30 seconds left.\n|\n|t:|1682582249\n|-terastallize|p1b: Chi-Yu|Grass\n|move|p1a: Wo-Chien|Protect|p1a: Wo-Chien\n|-singleturn|p1a: Wo-Chien|Protect\n|move|p1b: Chi-Yu|Heat Wave|p2b: Gothitelle|[spread] p2a,p2b\n|-supereffective|p2b: Gothitelle\n|-damage|p2a: Ting-Lu|10\/100\n|-damage|p2b: Gothitelle|0 fnt\n|faint|p2b: Gothitelle\n|move|p2a: Ting-Lu|Ruination|p1a: Wo-Chien\n|-activate|p1a: Wo-Chien|move: Protect\n|\n|-heal|p2a: Ting-Lu|17\/100|[from] item: Leftovers\n|-heal|p1a: Wo-Chien|74\/100 par|[from] item: Leftovers\n|-damage|p2a: Ting-Lu|4\/100|[from] Leech Seed|[of] p1a: Wo-Chien\n|-heal|p1a: Wo-Chien|89\/100 par|[silent]\n|upkeep\n|\n|t:|1682582258\n|switch|p2b: Glimmora|Glimmora, L50, F|99\/100\n|turn|13\n|\n|t:|1682582273\n|move|p2a: Ting-Lu|Protect|p2a: Ting-Lu\n|-singleturn|p2a: Ting-Lu|Protect\n|move|p1b: Chi-Yu|Heat Wave|p2b: Glimmora|[spread] p2b\n|-activate|p2a: Ting-Lu|move: Protect\n|-resisted|p2b: Glimmora\n|-damage|p2b: Glimmora|76\/100\n|-status|p2b: Glimmora|brn\n|move|p2b: Glimmora|Mortal Spin|p1a: Wo-Chien|[spread] p1a,p1b\n|-supereffective|p1a: Wo-Chien\n|-supereffective|p1b: Chi-Yu\n|-damage|p1a: Wo-Chien|86\/100 par\n|-damage|p1b: Chi-Yu|96\/100\n|-status|p1b: Chi-Yu|psn\n|move|p1a: Wo-Chien|Leech Seed|p2b: Glimmora\n|-start|p2b: Glimmora|move: Leech Seed\n|\n|-heal|p2b: Glimmora|82\/100 brn|[from] item: Black Sludge\n|-heal|p2a: Ting-Lu|10\/100|[from] item: Leftovers\n|-heal|p1a: Wo-Chien|93\/100 par|[from] item: Leftovers\n|-damage|p2b: Glimmora|70\/100 brn|[from] Leech Seed|[of] p1a: Wo-Chien\n|-heal|p1a: Wo-Chien|100\/100 par|[silent]\n|-damage|p2a: Ting-Lu|0 fnt|[from] Leech Seed|[of] p1a: Wo-Chien\n|faint|p2a: Ting-Lu\n|-damage|p1b: Chi-Yu|84\/100 psn|[from] psn\n|-damage|p2b: Glimmora|63\/100 brn|[from] brn\n|upkeep\n|\n|t:|1682582284\n|switch|p2a: KoKoGnRyoRku|Eelektross, L50, F|11\/100\n|turn|14\n|\n|t:|1682582306\n|move|p1b: Chi-Yu|Heat Wave|p2a: KoKoGnRyoRku|[spread] p2a,p2b\n|-resisted|p2b: Glimmora\n|-damage|p2a: KoKoGnRyoRku|0 fnt\n|-damage|p2b: Glimmora|35\/100 brn\n|faint|p2a: KoKoGnRyoRku\n|move|p2b: Glimmora|Power Gem|p1a: Wo-Chien\n|-damage|p1a: Wo-Chien|70\/100 par\n|move|p1a: Wo-Chien|Giga Drain|p2b: Glimmora\n|-damage|p2b: Glimmora|6\/100 brn\n|-heal|p1a: Wo-Chien|84\/100 par|[from] drain|[of] p2b: Glimmora\n|\n|-heal|p2b: Glimmora|12\/100 brn|[from] item: Black Sludge\n|-heal|p1a: Wo-Chien|90\/100 par|[from] item: Leftovers\n|-damage|p2b: Glimmora|0 fnt|[from] Leech Seed|[of] p1a: Wo-Chien\n|-heal|p1a: Wo-Chien|100\/100 par|[silent]\n|faint|p2b: Glimmora\n|\n|win|playroughbulu\n|upkeep\n|raw|playroughbulu's rating: 1167 → 1191<\/strong> (+24 for winning)\n|raw|m f mew2's rating: 1156 → 1132<\/strong> (-24 for losing)\n|c|\u2606m f mew2|ggs\n","uploadtime":1682582319,"views":13,"p1id":"playroughbulu","p2id":"mfmew2","formatid":"gen9vgc2023regulationc","rating":1132,"private":0,"password":""}