{"id":"gen9vgc2023regulationc-1848766527","p1":"Sunset Radiance","p2":"tt5yy","format":"[Gen 9] VGC 2023 Regulation C","log":"|j|\u2606Sunset Radiance\n|j|\u2606tt5yy\n|t:|1682108274\n|gametype|doubles\n|player|p1|Sunset Radiance|bellelba|1152\n|player|p2|tt5yy|102|1140\n|teamsize|p1|6\n|teamsize|p2|6\n|gen|9\n|tier|[Gen 9] VGC 2023 Regulation C\n|rated|\n|rule|Species Clause: Limit one of each Pok\u00e9mon\n|rule|Item Clause: Limit one of each item\n|clearpoke\n|poke|p1|Glimmora, L50, F|\n|poke|p1|Wo-Chien, L50|\n|poke|p1|Flutter Mane, L50|\n|poke|p1|Volcarona, L50, M|\n|poke|p1|Dragonite, L50, M|\n|poke|p1|Iron Bundle, L50|\n|poke|p2|Torkoal, L50, M|\n|poke|p2|Chi-Yu, L50|\n|poke|p2|Bronzong, L50|\n|poke|p2|Gastrodon, L50, M|\n|poke|p2|Grimmsnarl, L50, M|\n|poke|p2|Skeledirge, L50, F|\n|teampreview|4\n|inactive|Battle timer is ON: inactive players will automatically lose when time's up. (requested by tt5yy)\n|inactive|Sunset Radiance has 60 seconds left.\n|\n|t:|1682108332\n|start\n|switch|p1a: Live Reaction|Wo-Chien, L50|100\/100\n|switch|p1b: Volcarona|Volcarona, L50, M, shiny|100\/100\n|switch|p2a: Grimmsnarl|Grimmsnarl, L50, M|100\/100\n|switch|p2b: Chi-Yu|Chi-Yu, L50|100\/100\n|-ability|p2b: Chi-Yu|Beads of Ruin\n|-ability|p1a: Live Reaction|Tablets of Ruin\n|turn|1\n|\n|t:|1682108345\n|move|p1a: Live Reaction|Protect|p1a: Live Reaction\n|-singleturn|p1a: Live Reaction|Protect\n|move|p2a: Grimmsnarl|Fake Out|p1b: Volcarona\n|-damage|p1b: Volcarona|90\/100\n|-status|p2a: Grimmsnarl|brn|[from] ability: Flame Body|[of] p1b: Volcarona\n|move|p2b: Chi-Yu|Substitute|p2b: Chi-Yu\n|-start|p2b: Chi-Yu|Substitute\n|-damage|p2b: Chi-Yu|76\/100\n|cant|p1b: Volcarona|flinch\n|\n|-damage|p2a: Grimmsnarl|95\/100 brn|[from] brn\n|upkeep\n|turn|2\n|\n|t:|1682108359\n|-terastallize|p1b: Volcarona|Water\n|move|p2b: Chi-Yu|Protect|p2b: Chi-Yu\n|-singleturn|p2b: Chi-Yu|Protect\n|move|p1b: Volcarona|Struggle Bug|p2b: Chi-Yu|[spread] p2a\n|-activate|p2b: Chi-Yu|move: Protect\n|-damage|p2a: Grimmsnarl|66\/100 brn\n|-unboost|p2a: Grimmsnarl|spa|1\n|move|p1a: Live Reaction|Snarl|p2a: Grimmsnarl|[spread] p2a\n|-activate|p2b: Chi-Yu|move: Protect\n|-resisted|p2a: Grimmsnarl\n|-crit|p2a: Grimmsnarl\n|-damage|p2a: Grimmsnarl|59\/100 brn\n|-unboost|p2a: Grimmsnarl|spa|1\n|move|p2a: Grimmsnarl|Spirit Break|p1b: Volcarona\n|-damage|p1b: Volcarona|75\/100\n|-unboost|p1b: Volcarona|spa|1\n|\n|-damage|p2a: Grimmsnarl|53\/100 brn|[from] brn\n|upkeep\n|turn|3\n|\n|t:|1682108370\n|move|p2a: Grimmsnarl|Trick|p1b: Volcarona\n|-activate|p2a: Grimmsnarl|move: Trick|[of] p1b: Volcarona\n|-item|p1b: Volcarona|Lagging Tail|[from] move: Trick\n|-item|p2a: Grimmsnarl|Safety Goggles|[from] move: Trick\n|move|p2b: Chi-Yu|Snarl|p1a: Live Reaction|[spread] p1a,p1b\n|-resisted|p1a: Live Reaction\n|-damage|p1a: Live Reaction|94\/100\n|-damage|p1b: Volcarona|50\/100\n|-unboost|p1a: Live Reaction|spa|1\n|-unboost|p1b: Volcarona|spa|1\n|move|p1b: Volcarona|Struggle Bug|p2a: Grimmsnarl|[spread] p2a,p2b\n|-activate|p2b: Chi-Yu|move: Substitute|[damage]\n|-damage|p2a: Grimmsnarl|39\/100 brn\n|-unboost|p2a: Grimmsnarl|spa|1\n|move|p1a: Live Reaction|Snarl|p2b: Chi-Yu|[spread] p2a,p2b\n|-resisted|p2a: Grimmsnarl\n|-resisted|p2b: Chi-Yu\n|-damage|p2a: Grimmsnarl|36\/100 brn\n|-damage|p2b: Chi-Yu|72\/100\n|-unboost|p2a: Grimmsnarl|spa|1\n|-unboost|p2b: Chi-Yu|spa|1\n|\n|-heal|p1a: Live Reaction|100\/100|[from] item: Leftovers\n|-damage|p2a: Grimmsnarl|30\/100 brn|[from] brn\n|upkeep\n|turn|4\n|\n|t:|1682108387\n|switch|p2a: Skeledirge|Skeledirge, L50, F|100\/100\n|move|p2b: Chi-Yu|Protect|p2b: Chi-Yu\n|-singleturn|p2b: Chi-Yu|Protect\n|move|p1a: Live Reaction|Snarl|p2a: Skeledirge|[spread] p2a\n|-activate|p2b: Chi-Yu|move: Protect\n|-supereffective|p2a: Skeledirge\n|-damage|p2a: Skeledirge|73\/100\n|-unboost|p2a: Skeledirge|spa|1\n|move|p1b: Volcarona|Struggle Bug|p2a: Skeledirge|[spread] p2a\n|-activate|p2b: Chi-Yu|move: Protect\n|-resisted|p2a: Skeledirge\n|-damage|p2a: Skeledirge|70\/100\n|-unboost|p2a: Skeledirge|spa|1\n|\n|-heal|p2a: Skeledirge|76\/100|[from] item: Leftovers\n|upkeep\n|turn|5\n|\n|t:|1682108397\n|move|p2b: Chi-Yu|Snarl|p1a: Live Reaction|[spread] p1a,p1b\n|-resisted|p1a: Live Reaction\n|-damage|p1a: Live Reaction|96\/100\n|-damage|p1b: Volcarona|33\/100\n|-unboost|p1a: Live Reaction|spa|1\n|-unboost|p1b: Volcarona|spa|1\n|move|p1a: Live Reaction|Snarl|p2b: Chi-Yu|[spread] p2a,p2b\n|-supereffective|p2a: Skeledirge\n|-resisted|p2b: Chi-Yu\n|-damage|p2a: Skeledirge|55\/100\n|-damage|p2b: Chi-Yu|68\/100\n|-unboost|p2a: Skeledirge|spa|1\n|-unboost|p2b: Chi-Yu|spa|1\n|move|p2a: Skeledirge|Torch Song|p1a: Live Reaction\n|-supereffective|p1a: Live Reaction\n|-damage|p1a: Live Reaction|70\/100\n|-boost|p2a: Skeledirge|spa|1\n|move|p1b: Volcarona|Struggle Bug|p2a: Skeledirge|[spread] p2a,p2b\n|-activate|p2b: Chi-Yu|move: Substitute|[damage]\n|-resisted|p2a: Skeledirge\n|-damage|p2a: Skeledirge|52\/100\n|-unboost|p2a: Skeledirge|spa|1\n|\n|-heal|p1a: Live Reaction|76\/100|[from] item: Leftovers\n|-heal|p2a: Skeledirge|58\/100|[from] item: Leftovers\n|upkeep\n|turn|6\n|\n|t:|1682108420\n|move|p1a: Live Reaction|Protect|p1a: Live Reaction\n|-singleturn|p1a: Live Reaction|Protect\n|move|p2b: Chi-Yu|Snarl|p1a: Live Reaction|[spread] p1b\n|-activate|p1a: Live Reaction|move: Protect\n|-damage|p1b: Volcarona|22\/100\n|-unboost|p1b: Volcarona|spa|1\n|move|p2a: Skeledirge|Torch Song|p1b: Volcarona\n|-resisted|p1b: Volcarona\n|-damage|p1b: Volcarona|11\/100\n|-boost|p2a: Skeledirge|spa|1\n|move|p1b: Volcarona|Struggle Bug|p2b: Chi-Yu|[spread] p2a,p2b\n|-activate|p2b: Chi-Yu|move: Substitute|[damage]\n|-resisted|p2a: Skeledirge\n|-damage|p2a: Skeledirge|56\/100\n|-unboost|p2a: Skeledirge|spa|1\n|\n|-heal|p1a: Live Reaction|82\/100|[from] item: Leftovers\n|-heal|p2a: Skeledirge|62\/100|[from] item: Leftovers\n|upkeep\n|turn|7\n|\n|t:|1682108433\n|move|p2b: Chi-Yu|Tera Blast|p1b: Volcarona\n|-damage|p1b: Volcarona|0 fnt\n|faint|p1b: Volcarona\n|move|p1a: Live Reaction|Leech Seed|p2a: Skeledirge\n|-start|p2a: Skeledirge|move: Leech Seed\n|move|p2a: Skeledirge|Encore|p1a: Live Reaction\n|-start|p1a: Live Reaction|Encore\n|\n|-heal|p1a: Live Reaction|89\/100|[from] item: Leftovers\n|-heal|p2a: Skeledirge|68\/100|[from] item: Leftovers\n|-damage|p2a: Skeledirge|56\/100|[from] Leech Seed|[of] p1a: Live Reaction\n|-heal|p1a: Live Reaction|100\/100|[silent]\n|upkeep\n|\n|t:|1682108446\n|switch|p1b: Iron Bundle|Iron Bundle, L50|100\/100\n|turn|8\n|\n|t:|1682108454\n|switch|p2a: Grimmsnarl|Grimmsnarl, L50, M|30\/100 brn\n|move|p2b: Chi-Yu|Protect|p2b: Chi-Yu\n|-singleturn|p2b: Chi-Yu|Protect\n|move|p1b: Iron Bundle|Chilling Water|p2a: Grimmsnarl\n|-damage|p2a: Grimmsnarl|0 fnt\n|faint|p2a: Grimmsnarl\n|move|p1a: Live Reaction|Leech Seed|p2b: Chi-Yu\n|-activate|p2b: Chi-Yu|move: Protect\n|\n|upkeep\n|\n|t:|1682108463\n|switch|p2a: Bronzong|Bronzong, L50|100\/100\n|turn|9\n|\n|t:|1682108471\n|move|p1b: Iron Bundle|Chilling Water|p2b: Chi-Yu\n|-supereffective|p2b: Chi-Yu\n|-end|p2b: Chi-Yu|Substitute\n|move|p2b: Chi-Yu|Snarl|p1b: Iron Bundle|[spread] p1a,p1b\n|-resisted|p1a: Live Reaction\n|-damage|p1a: Live Reaction|97\/100\n|-damage|p1b: Iron Bundle|75\/100\n|-unboost|p1a: Live Reaction|spa|1\n|-unboost|p1b: Iron Bundle|spa|1\n|move|p1a: Live Reaction|Leech Seed|p2a: Bronzong\n|-start|p2a: Bronzong|move: Leech Seed\n|move|p2a: Bronzong|Trick Room|p2a: Bronzong\n|-fieldstart|move: Trick Room|[of] p2a: Bronzong\n|\n|-heal|p1a: Live Reaction|100\/100|[from] item: Leftovers\n|-damage|p2a: Bronzong|88\/100|[from] Leech Seed|[of] p1a: Live Reaction\n|upkeep\n|turn|10\n|\n|t:|1682108490\n|move|p2a: Bronzong|Body Press|p1b: Iron Bundle\n|-supereffective|p1b: Iron Bundle\n|-damage|p1b: Iron Bundle|26\/100\n|move|p1a: Live Reaction|Leech Seed|p2b: Chi-Yu\n|-start|p2b: Chi-Yu|move: Leech Seed\n|move|p2b: Chi-Yu|Snarl|p1a: Live Reaction|[spread] p1a,p1b\n|-resisted|p1a: Live Reaction\n|-damage|p1a: Live Reaction|97\/100\n|-damage|p1b: Iron Bundle|0 fnt\n|-unboost|p1a: Live Reaction|spa|1\n|faint|p1b: Iron Bundle\n|-end|p1b: Iron Bundle|Quark Drive|[silent]\n|\n|-heal|p1a: Live Reaction|100\/100|[from] item: Leftovers\n|-damage|p2a: Bronzong|76\/100|[from] Leech Seed|[of] p1a: Live Reaction\n|-damage|p2b: Chi-Yu|56\/100|[from] Leech Seed|[of] p1a: Live Reaction\n|-end|p1a: Live Reaction|Encore\n|upkeep\n|\n|t:|1682108503\n|switch|p1b: Dragonite|Dragonite, L50, M|100\/100\n|turn|11\n|\n|t:|1682108516\n|switch|p2b: Skeledirge|Skeledirge, L50, F|56\/100\n|move|p1b: Dragonite|Extreme Speed|p2b: Skeledirge\n|-immune|p2b: Skeledirge\n|move|p2a: Bronzong|Body Press|p1b: Dragonite\n|-resisted|p1b: Dragonite\n|-damage|p1b: Dragonite|95\/100\n|move|p1a: Live Reaction|Snarl|p2b: Skeledirge|[spread] p2a,p2b\n|-supereffective|p2a: Bronzong\n|-supereffective|p2b: Skeledirge\n|-damage|p2a: Bronzong|68\/100\n|-damage|p2b: Skeledirge|44\/100\n|-unboost|p2a: Bronzong|spa|1\n|-unboost|p2b: Skeledirge|spa|1\n|\n|-heal|p2b: Skeledirge|50\/100|[from] item: Leftovers\n|-damage|p2a: Bronzong|56\/100|[from] Leech Seed|[of] p1a: Live Reaction\n|upkeep\n|turn|12\n|\n|t:|1682108534\n|switch|p2a: Chi-Yu|Chi-Yu, L50|56\/100\n|-ability|p2a: Chi-Yu|Beads of Ruin\n|move|p1b: Dragonite|Extreme Speed|p2a: Chi-Yu\n|-damage|p2a: Chi-Yu|16\/100\n|-enditem|p2a: Chi-Yu|Wiki Berry|[eat]\n|-heal|p2a: Chi-Yu|50\/100|[from] item: Wiki Berry\n|move|p2b: Skeledirge|Encore|p1b: Dragonite\n|-start|p1b: Dragonite|Encore\n|move|p1a: Live Reaction|Snarl|p2b: Skeledirge|[spread] p2a,p2b\n|-resisted|p2a: Chi-Yu\n|-crit|p2a: Chi-Yu\n|-supereffective|p2b: Skeledirge\n|-damage|p2a: Chi-Yu|40\/100\n|-damage|p2b: Skeledirge|37\/100\n|-unboost|p2a: Chi-Yu|spa|1\n|-unboost|p2b: Skeledirge|spa|1\n|\n|-heal|p2b: Skeledirge|43\/100|[from] item: Leftovers\n|upkeep\n|turn|13\n|inactive|tt5yy has 30 seconds left.\n|\n|t:|1682108561\n|switch|p2a: Bronzong|Bronzong, L50|56\/100\n|move|p1b: Dragonite|Extreme Speed|p2a: Bronzong\n|-resisted|p2a: Bronzong\n|-damage|p2a: Bronzong|44\/100\n|move|p2b: Skeledirge|Torch Song|p1b: Dragonite\n|-resisted|p1b: Dragonite\n|-damage|p1b: Dragonite|84\/100\n|-boost|p2b: Skeledirge|spa|1\n|move|p1a: Live Reaction|Leech Seed|p2b: Skeledirge\n|-start|p2b: Skeledirge|move: Leech Seed\n|\n|-heal|p2b: Skeledirge|49\/100|[from] item: Leftovers\n|-damage|p2b: Skeledirge|37\/100|[from] Leech Seed|[of] p1a: Live Reaction\n|-fieldend|move: Trick Room\n|upkeep\n|turn|14\n|\n|t:|1682108574\n|switch|p2b: Chi-Yu|Chi-Yu, L50|40\/100\n|-ability|p2b: Chi-Yu|Beads of Ruin\n|move|p1b: Dragonite|Extreme Speed|p2a: Bronzong\n|-resisted|p2a: Bronzong\n|-damage|p2a: Bronzong|35\/100\n|move|p1a: Live Reaction|Snarl|p2a: Bronzong|[spread] p2a,p2b\n|-supereffective|p2a: Bronzong\n|-resisted|p2b: Chi-Yu\n|-damage|p2a: Bronzong|24\/100\n|-damage|p2b: Chi-Yu|38\/100\n|-unboost|p2a: Bronzong|spa|1\n|-unboost|p2b: Chi-Yu|spa|1\n|move|p2a: Bronzong|Iron Head|p1b: Dragonite\n|-damage|p1b: Dragonite|63\/100\n|\n|upkeep\n|turn|15\n|\n|t:|1682108587\n|switch|p2b: Skeledirge|Skeledirge, L50, F|37\/100\n|move|p1b: Dragonite|Extreme Speed|p2a: Bronzong\n|-resisted|p2a: Bronzong\n|-damage|p2a: Bronzong|14\/100\n|move|p1a: Live Reaction|Snarl|p2a: Bronzong|[spread] p2a,p2b\n|-supereffective|p2a: Bronzong\n|-supereffective|p2b: Skeledirge\n|-damage|p2a: Bronzong|6\/100\n|-damage|p2b: Skeledirge|25\/100\n|-unboost|p2a: Bronzong|spa|1\n|-unboost|p2b: Skeledirge|spa|1\n|move|p2a: Bronzong|Iron Head|p1b: Dragonite\n|-damage|p1b: Dragonite|39\/100\n|\n|-heal|p2b: Skeledirge|31\/100|[from] item: Leftovers\n|-end|p1b: Dragonite|Encore\n|upkeep\n|turn|16\n|\n|t:|1682108600\n|-terastallize|p2b: Skeledirge|Fairy\n|move|p1b: Dragonite|Extreme Speed|p2a: Bronzong\n|-resisted|p2a: Bronzong\n|-damage|p2a: Bronzong|0 fnt\n|faint|p2a: Bronzong\n|move|p1a: Live Reaction|Snarl|p2b: Skeledirge\n|-resisted|p2b: Skeledirge\n|-damage|p2b: Skeledirge|28\/100\n|-unboost|p2b: Skeledirge|spa|1\n|move|p2b: Skeledirge|Tera Blast|p1b: Dragonite\n|-supereffective|p1b: Dragonite\n|-damage|p1b: Dragonite|0 fnt\n|faint|p1b: Dragonite\n|\n|-heal|p2b: Skeledirge|34\/100|[from] item: Leftovers\n|upkeep\n|\n|t:|1682108604\n|switch|p2a: Chi-Yu|Chi-Yu, L50|38\/100\n|-ability|p2a: Chi-Yu|Beads of Ruin\n|turn|17\n|\n|t:|1682108618\n|move|p2a: Chi-Yu|Protect|p2a: Chi-Yu\n|-singleturn|p2a: Chi-Yu|Protect\n|move|p2b: Skeledirge|Protect|p2b: Skeledirge\n|-singleturn|p2b: Skeledirge|Protect\n|move|p1a: Live Reaction|Leech Seed|p2a: Chi-Yu\n|-activate|p2a: Chi-Yu|move: Protect\n|\n|-heal|p2b: Skeledirge|40\/100|[from] item: Leftovers\n|upkeep\n|turn|18\n|\n|t:|1682108642\n|move|p2a: Chi-Yu|Substitute|p2a: Chi-Yu\n|-start|p2a: Chi-Yu|Substitute\n|-damage|p2a: Chi-Yu|14\/100\n|move|p1a: Live Reaction|Snarl|p2a: Chi-Yu|[spread] p2a,p2b\n|-resisted|p2a: Chi-Yu\n|-resisted|p2b: Skeledirge\n|-damage|p2a: Chi-Yu|12\/100\n|-damage|p2b: Skeledirge|37\/100\n|-unboost|p2a: Chi-Yu|spa|1\n|-unboost|p2b: Skeledirge|spa|1\n|move|p2b: Skeledirge|Torch Song|p1a: Live Reaction\n|-supereffective|p1a: Live Reaction\n|-damage|p1a: Live Reaction|72\/100\n|-boost|p2b: Skeledirge|spa|1\n|\n|-heal|p1a: Live Reaction|79\/100|[from] item: Leftovers\n|-heal|p2b: Skeledirge|43\/100|[from] item: Leftovers\n|upkeep\n|turn|19\n|\n|t:|1682108665\n|move|p2b: Skeledirge|Protect|p2b: Skeledirge\n|-singleturn|p2b: Skeledirge|Protect\n|move|p2a: Chi-Yu|Tera Blast|p1a: Live Reaction\n|-damage|p1a: Live Reaction|67\/100\n|move|p1a: Live Reaction|Leech Seed|p2b: Skeledirge\n|-activate|p2b: Skeledirge|move: Protect\n|\n|-heal|p1a: Live Reaction|73\/100|[from] item: Leftovers\n|-heal|p2b: Skeledirge|48\/100|[from] item: Leftovers\n|upkeep\n|turn|20\n|\n|t:|1682108676\n|move|p1a: Live Reaction|Protect|p1a: Live Reaction\n|-singleturn|p1a: Live Reaction|Protect\n|move|p2a: Chi-Yu|Tera Blast|p1a: Live Reaction\n|-activate|p1a: Live Reaction|move: Protect\n|move|p2b: Skeledirge|Encore|p1a: Live Reaction\n|-activate|p1a: Live Reaction|move: Protect\n|\n|-heal|p1a: Live Reaction|80\/100|[from] item: Leftovers\n|-heal|p2b: Skeledirge|54\/100|[from] item: Leftovers\n|upkeep\n|turn|21\n|\n|t:|1682108686\n|move|p2b: Skeledirge|Protect|p2b: Skeledirge\n|-singleturn|p2b: Skeledirge|Protect\n|move|p2a: Chi-Yu|Snarl|p1a: Live Reaction\n|-resisted|p1a: Live Reaction\n|-damage|p1a: Live Reaction|73\/100\n|-unboost|p1a: Live Reaction|spa|1\n|move|p1a: Live Reaction|Leech Seed|p2b: Skeledirge\n|-activate|p2b: Skeledirge|move: Protect\n|\n|-heal|p1a: Live Reaction|80\/100|[from] item: Leftovers\n|-heal|p2b: Skeledirge|60\/100|[from] item: Leftovers\n|upkeep\n|turn|22\n|\n|t:|1682108693\n|move|p2a: Chi-Yu|Tera Blast|p1a: Live Reaction\n|-damage|p1a: Live Reaction|67\/100\n|move|p1a: Live Reaction|Snarl|p2b: Skeledirge|[spread] p2a,p2b\n|-resisted|p2a: Chi-Yu\n|-resisted|p2b: Skeledirge\n|-damage|p2a: Chi-Yu|10\/100\n|-damage|p2b: Skeledirge|57\/100\n|-unboost|p2a: Chi-Yu|spa|1\n|-unboost|p2b: Skeledirge|spa|1\n|move|p2b: Skeledirge|Encore|p1a: Live Reaction\n|-start|p1a: Live Reaction|Encore\n|\n|-heal|p1a: Live Reaction|73\/100|[from] item: Leftovers\n|-heal|p2b: Skeledirge|63\/100|[from] item: Leftovers\n|upkeep\n|turn|23\n|\n|t:|1682108706\n|move|p2a: Chi-Yu|Protect|p2a: Chi-Yu\n|-singleturn|p2a: Chi-Yu|Protect\n|move|p1a: Live Reaction|Snarl|p2a: Chi-Yu|[spread] p2b\n|-activate|p2a: Chi-Yu|move: Protect\n|-resisted|p2b: Skeledirge\n|-damage|p2b: Skeledirge|60\/100\n|-unboost|p2b: Skeledirge|spa|1\n|move|p2b: Skeledirge|Torch Song|p1a: Live Reaction\n|-supereffective|p1a: Live Reaction\n|-damage|p1a: Live Reaction|54\/100\n|-boost|p2b: Skeledirge|spa|1\n|\n|-heal|p1a: Live Reaction|60\/100|[from] item: Leftovers\n|-heal|p2b: Skeledirge|66\/100|[from] item: Leftovers\n|upkeep\n|turn|24\n|\n|t:|1682108720\n|move|p2a: Chi-Yu|Snarl|p1a: Live Reaction\n|-resisted|p1a: Live Reaction\n|-damage|p1a: Live Reaction|55\/100\n|-unboost|p1a: Live Reaction|spa|1\n|move|p1a: Live Reaction|Snarl|p2a: Chi-Yu|[spread] p2a,p2b\n|-resisted|p2a: Chi-Yu\n|-resisted|p2b: Skeledirge\n|-damage|p2a: Chi-Yu|8\/100\n|-damage|p2b: Skeledirge|63\/100\n|-unboost|p2a: Chi-Yu|spa|1\n|-unboost|p2b: Skeledirge|spa|1\n|move|p2b: Skeledirge|Torch Song|p1a: Live Reaction\n|-supereffective|p1a: Live Reaction\n|-damage|p1a: Live Reaction|33\/100\n|-boost|p2b: Skeledirge|spa|1\n|\n|-heal|p1a: Live Reaction|40\/100|[from] item: Leftovers\n|-heal|p2b: Skeledirge|69\/100|[from] item: Leftovers\n|upkeep\n|turn|25\n|\n|t:|1682108729\n|move|p2a: Chi-Yu|Protect|p2a: Chi-Yu\n|-singleturn|p2a: Chi-Yu|Protect\n|move|p1a: Live Reaction|Snarl|p2b: Skeledirge|[spread] p2b\n|-activate|p2a: Chi-Yu|move: Protect\n|-resisted|p2b: Skeledirge\n|-damage|p2b: Skeledirge|67\/100\n|-unboost|p2b: Skeledirge|spa|1\n|move|p2b: Skeledirge|Torch Song|p1a: Live Reaction\n|-supereffective|p1a: Live Reaction\n|-damage|p1a: Live Reaction|18\/100\n|-boost|p2b: Skeledirge|spa|1\n|\n|-heal|p1a: Live Reaction|24\/100|[from] item: Leftovers\n|-heal|p2b: Skeledirge|72\/100|[from] item: Leftovers\n|-end|p1a: Live Reaction|Encore\n|upkeep\n|turn|26\n|\n|t:|1682108742\n|move|p2a: Chi-Yu|Tera Blast|p1a: Live Reaction\n|-damage|p1a: Live Reaction|17\/100\n|move|p1a: Live Reaction|Leech Seed|p2b: Skeledirge\n|-start|p2b: Skeledirge|move: Leech Seed\n|move|p2b: Skeledirge|Tera Blast|p1a: Live Reaction\n|-supereffective|p1a: Live Reaction\n|-damage|p1a: Live Reaction|0 fnt\n|faint|p1a: Live Reaction\n|\n|win|tt5yy\n|raw|Sunset Radiance's rating: 1152 → 1126<\/strong> (-26 for losing)\n|raw|tt5yy's rating: 1140 → 1166<\/strong> (+26 for winning)\n","uploadtime":1682108748,"views":10,"p1id":"sunsetradiance","p2id":"tt5yy","formatid":"gen9vgc2023regulationc","rating":1126,"private":0,"password":""}