{"id":"gen9vgc2023regulationc-1856228226","p1":"Tuxmux","p2":"LackieLackey","format":"[Gen 9] VGC 2023 Regulation C","log":"|j|\u2606Tuxmux\n|j|\u2606LackieLackey\n|t:|1683042692\n|gametype|doubles\n|player|p1|Tuxmux|dawn-masters3|\n|player|p2|LackieLackey|266|\n|teamsize|p1|6\n|teamsize|p2|6\n|gen|9\n|tier|[Gen 9] VGC 2023 Regulation C\n|rule|Species Clause: Limit one of each Pok\u00e9mon\n|rule|Item Clause: Limit one of each item\n|clearpoke\n|poke|p1|Gallade, L50, M|\n|poke|p1|Chi-Yu, L50|\n|poke|p1|Gholdengo, L50|\n|poke|p1|Gastrodon, L50, M|\n|poke|p1|Talonflame, L50, F|\n|poke|p1|Meowscarada, L50, M|\n|poke|p2|Farigiraf, L50, M|\n|poke|p2|Iron Hands, L50|\n|poke|p2|Iron Jugulis, L50|\n|poke|p2|Pincurchin, L50, F|\n|poke|p2|Pelipper, L50, M|\n|poke|p2|Iron Treads, L50|\n|teampreview|4\n|c|\u2606LackieLackey|Gl jf\n|c|\u2606LackieLackey|*hf\n|j| Jstardude\n|c|\u2606Tuxmux|glhf\n|j| Eagrill\n|\n|t:|1683042788\n|start\n|switch|p1a: Meowscarada|Meowscarada, L50, M|100\/100\n|switch|p1b: Talonflame|Talonflame, L50, F|100\/100\n|switch|p2a: Iron Treads|Iron Treads, L50|100\/100\n|switch|p2b: Iron Hands|Iron Hands, L50|100\/100\n|turn|1\n|j| F3athers\n|\n|t:|1683042825\n|-terastallize|p1a: Meowscarada|Ghost\n|move|p1b: Talonflame|Protect|p1b: Talonflame\n|-singleturn|p1b: Talonflame|Protect\n|move|p2b: Iron Hands|Fake Out|p1b: Talonflame\n|-activate|p1b: Talonflame|move: Protect\n|move|p2a: Iron Treads|Rock Slide|p1b: Talonflame|[spread] p1a\n|-activate|p1b: Talonflame|move: Protect\n|-damage|p1a: Meowscarada|71\/100\n|move|p1a: Meowscarada|Play Rough|p2b: Iron Hands\n|-supereffective|p2b: Iron Hands\n|-damage|p2b: Iron Hands|38\/100\n|\n|upkeep\n|turn|2\n|\n|t:|1683042851\n|-terastallize|p2b: Iron Hands|Grass\n|move|p2a: Iron Treads|Rock Slide|p1a: Meowscarada|[spread] p1a,p1b\n|-supereffective|p1b: Talonflame\n|-damage|p1a: Meowscarada|43\/100\n|-damage|p1b: Talonflame|0 fnt\n|faint|p1b: Talonflame\n|move|p1a: Meowscarada|Play Rough|p2b: Iron Hands\n|-damage|p2b: Iron Hands|3\/100\n|move|p2b: Iron Hands|Thunder Punch|p1a: Meowscarada\n|-damage|p1a: Meowscarada|0 fnt\n|faint|p1a: Meowscarada\n|\n|upkeep\n|j| jayballester\n|c| jayballester|game game game\n|\n|t:|1683042868\n|switch|p1b: Gholdengo|Gholdengo, L50|100\/100\n|switch|p1a: Chi-Yu|Chi-Yu, L50|100\/100\n|-ability|p1a: Chi-Yu|Beads of Ruin\n|turn|3\n|\n|t:|1683042902\n|move|p1a: Chi-Yu|Protect|p1a: Chi-Yu\n|-singleturn|p1a: Chi-Yu|Protect\n|move|p2a: Iron Treads|Rock Slide|p1a: Chi-Yu|[spread] p1b\n|-activate|p1a: Chi-Yu|move: Protect\n|-resisted|p1b: Gholdengo\n|-damage|p1b: Gholdengo|90\/100\n|cant|p1b: Gholdengo|flinch\n|move|p2b: Iron Hands|Thunder Punch|p1b: Gholdengo\n|-damage|p1b: Gholdengo|38\/100\n|\n|upkeep\n|turn|4\n|c|\u2606LackieLackey|Aight\n|c| Jstardude|4-0 maybe?\n|\n|t:|1683042938\n|move|p2a: Iron Treads|Rock Slide|p1a: Chi-Yu|[spread] p1a,p1b\n|-supereffective|p1a: Chi-Yu\n|-resisted|p1b: Gholdengo\n|-damage|p1a: Chi-Yu|44\/100\n|-damage|p1b: Gholdengo|27\/100\n|move|p1a: Chi-Yu|Ruination|p2a: Iron Treads\n|-damage|p2a: Iron Treads|51\/100\n|move|p1b: Gholdengo|Dazzling Gleam|p2a: Iron Treads|[spread] p2a,p2b\n|-resisted|p2a: Iron Treads\n|-crit|p2a: Iron Treads\n|-damage|p2a: Iron Treads|9\/100\n|-damage|p2b: Iron Hands|0 fnt\n|faint|p2b: Iron Hands\n|-end|p2b: Iron Hands|Quark Drive|[silent]\n|\n|upkeep\n|c|\u2606LackieLackey|We love rngesus\n|\n|t:|1683042951\n|switch|p2b: Iron Jugulis|Iron Jugulis, L50|100\/100\n|-enditem|p2b: Iron Jugulis|Booster Energy\n|-activate|p2b: Iron Jugulis|ability: Quark Drive|[fromitem]\n|-start|p2b: Iron Jugulis|quarkdrivespe\n|turn|5\n|\n|t:|1683042976\n|move|p2b: Iron Jugulis|Earth Power|p1b: Gholdengo\n|-supereffective|p1b: Gholdengo\n|-damage|p1b: Gholdengo|0 fnt\n|faint|p1b: Gholdengo\n|move|p2a: Iron Treads|Rock Slide|p1a: Chi-Yu\n|-supereffective|p1a: Chi-Yu\n|-damage|p1a: Chi-Yu|0 fnt\n|faint|p1a: Chi-Yu\n|\n|win|LackieLackey\n|c|\u2606Tuxmux|gg\n|l| jayballester\n|c|\u2606LackieLackey|gg\n|l|\u2606LackieLackey\n|l| Jstardude\n|j|\u2606LackieLackey\n|player|p2|LackieLackey|266\n","uploadtime":1683042986,"views":17,"p1id":"tuxmux","p2id":"lackielackey","formatid":"gen9vgc2023regulationc","rating":0,"private":0,"password":""}