{"id":"gen9vgc2023regulationc-1853074865","p1":"Renan 26","p2":"Roberto Carlos 99","format":"[Gen 9] VGC 2023 Regulation C","log":"|j|\u2606Renan 26\n|j|\u2606Roberto Carlos 99\n|t:|1682632158\n|gametype|doubles\n|player|p1|Renan 26|grimsley|1296\n|player|p2|Roberto Carlos 99|102|1273\n|teamsize|p1|6\n|teamsize|p2|6\n|gen|9\n|tier|[Gen 9] VGC 2023 Regulation C\n|rated|\n|rule|Species Clause: Limit one of each Pok\u00e9mon\n|rule|Item Clause: Limit one of each item\n|clearpoke\n|poke|p1|Pachirisu, L50, F|\n|poke|p1|Gholdengo, L50|\n|poke|p1|Dragonite, L50, F|\n|poke|p1|Azumarill, L50, F|\n|poke|p1|Chien-Pao, L50|\n|poke|p1|Brute Bonnet, L50|\n|poke|p2|Talonflame, L50, M|\n|poke|p2|Great Tusk, L50|\n|poke|p2|Flutter Mane, L50|\n|poke|p2|Dragapult, L50, F|\n|poke|p2|Chien-Pao, L50|\n|poke|p2|Chi-Yu, L50|\n|teampreview|4\n|inactive|Battle timer is ON: inactive players will automatically lose when time's up. (requested by Roberto Carlos 99)\n|inactive|Renan 26 has 60 seconds left.\n|l|\u2606Roberto Carlos 99\n|inactive|Roberto Carlos 99 disconnected and has a minute to reconnect!\n|player|p2|\n|j|\u2606Roberto Carlos 99\n|inactive|Roberto Carlos 99 reconnected.\n|player|p2|Roberto Carlos 99|102\n|inactive|Renan 26 has 30 seconds left.\n|inactive|Renan 26 has 20 seconds left.\n|inactive|Renan 26 has 15 seconds left.\n|inactive|Renan 26 has 10 seconds left.\n|inactive|Renan 26 has 5 seconds left.\n|\n|t:|1682632266\n|start\n|switch|p1a: Pachirisu|Pachirisu, L50, F|100\/100\n|switch|p1b: Gholdengo|Gholdengo, L50|100\/100\n|switch|p2a: Talonflame|Talonflame, L50, M|100\/100\n|switch|p2b: Flutter Mane|Flutter Mane, L50|100\/100\n|turn|1\n|inactive|Renan 26 has 30 seconds left.\n|inactive|Roberto Carlos 99 has 30 seconds left.\n|inactive|Renan 26 has 20 seconds left.\n|inactive|Roberto Carlos 99 has 20 seconds left.\n|inactive|Renan 26 has 15 seconds left.\n|inactive|Renan 26 has 10 seconds left.\n|inactive|Renan 26 has 5 seconds left.\n|\n|t:|1682632319\n|move|p1a: Pachirisu|Follow Me|p1a: Pachirisu\n|-singleturn|p1a: Pachirisu|move: Follow Me\n|move|p2a: Talonflame|Brave Bird|p1a: Pachirisu\n|-resisted|p1a: Pachirisu\n|-damage|p1a: Pachirisu|74\/100\n|-damage|p2a: Talonflame|92\/100|[from] Recoil\n|move|p2b: Flutter Mane|Dazzling Gleam|p1b: Gholdengo|[spread] p1a,p1b\n|-resisted|p1b: Gholdengo\n|-damage|p1a: Pachirisu|18\/100\n|-damage|p1b: Gholdengo|75\/100\n|-enditem|p1a: Pachirisu|Sitrus Berry|[eat]\n|-heal|p1a: Pachirisu|42\/100|[from] item: Sitrus Berry\n|move|p1b: Gholdengo|Nasty Plot|p1b: Gholdengo\n|-boost|p1b: Gholdengo|spa|2\n|\n|-heal|p1b: Gholdengo|81\/100|[from] item: Leftovers\n|upkeep\n|turn|2\n|inactive|Renan 26 has 30 seconds left.\n|inactive|Roberto Carlos 99 has 30 seconds left.\n|inactive|Renan 26 has 20 seconds left.\n|inactive|Renan 26 has 15 seconds left.\n|inactive|Renan 26 has 10 seconds left.\n|\n|t:|1682632366\n|move|p1a: Pachirisu|Follow Me|p1a: Pachirisu\n|-singleturn|p1a: Pachirisu|move: Follow Me\n|move|p2b: Flutter Mane|Dazzling Gleam|p1a: Pachirisu|[spread] p1a,p1b\n|-resisted|p1b: Gholdengo\n|-damage|p1a: Pachirisu|0 fnt\n|-damage|p1b: Gholdengo|56\/100\n|faint|p1a: Pachirisu\n|move|p2a: Talonflame|Tailwind|p2a: Talonflame\n|-sidestart|p2: Roberto Carlos 99|move: Tailwind\n|move|p1b: Gholdengo|Make It Rain|p2a: Talonflame|[spread] p2a,p2b\n|-resisted|p2a: Talonflame\n|-supereffective|p2b: Flutter Mane\n|-damage|p2a: Talonflame|29\/100\n|-damage|p2b: Flutter Mane|0 fnt\n|-unboost|p1b: Gholdengo|spa|1\n|faint|p2b: Flutter Mane\n|-end|p2b: Flutter Mane|Protosynthesis|[silent]\n|\n|-heal|p1b: Gholdengo|62\/100|[from] item: Leftovers\n|upkeep\n|inactive|Renan 26 has 30 seconds left.\n|inactive|Renan 26 has 20 seconds left.\n|\n|t:|1682632403\n|switch|p2b: Chien-Pao|Chien-Pao, L50|100\/100\n|switch|p1a: Dragonite|Dragonite, L50, F|100\/100\n|-ability|p2b: Chien-Pao|Sword of Ruin\n|turn|3\n|\n|t:|1682632425\n|-terastallize|p1a: Dragonite|Normal\n|move|p1b: Gholdengo|Protect|p1b: Gholdengo\n|-singleturn|p1b: Gholdengo|Protect\n|move|p2a: Talonflame|Quick Guard|p2a: Talonflame\n|-singleturn|p2a: Talonflame|Quick Guard\n|move|p1a: Dragonite|Extreme Speed|p2a: Talonflame\n|-activate|p2a: Talonflame|move: Quick Guard\n|move|p2b: Chien-Pao|Ice Spinner|p1a: Dragonite\n|-damage|p1a: Dragonite|72\/100\n|\n|-heal|p1b: Gholdengo|68\/100|[from] item: Leftovers\n|upkeep\n|turn|4\n|\n|t:|1682632448\n|move|p2a: Talonflame|Quick Guard|p2a: Talonflame\n|-singleturn|p2a: Talonflame|Quick Guard\n|move|p2b: Chien-Pao|Sacred Sword|p1a: Dragonite\n|-supereffective|p1a: Dragonite\n|-damage|p1a: Dragonite|0 fnt\n|faint|p1a: Dragonite\n|move|p1b: Gholdengo|Make It Rain|p2b: Chien-Pao|[spread] p2a,p2b\n|-resisted|p2a: Talonflame\n|-supereffective|p2b: Chien-Pao\n|-damage|p2a: Talonflame|0 fnt\n|-enditem|p2b: Chien-Pao|Focus Sash\n|-damage|p2b: Chien-Pao|1\/100\n|-unboost|p1b: Gholdengo|spa|1\n|faint|p2a: Talonflame\n|\n|-heal|p1b: Gholdengo|75\/100|[from] item: Leftovers\n|upkeep\n|\n|t:|1682632470\n|switch|p2a: Dragapult|Dragapult, L50, F|100\/100\n|switch|p1a: Azumarill|Azumarill, L50, F|100\/100\n|turn|5\n|\n|t:|1682632487\n|move|p1b: Gholdengo|Protect|p1b: Gholdengo\n|-singleturn|p1b: Gholdengo|Protect\n|move|p2b: Chien-Pao|Sucker Punch||[still]\n|-fail|p2b: Chien-Pao\n|move|p1a: Azumarill|Aqua Jet|p2b: Chien-Pao\n|-damage|p2b: Chien-Pao|0 fnt\n|faint|p2b: Chien-Pao\n|move|p2a: Dragapult|Phantom Force||[still]\n|-prepare|p2a: Dragapult|Phantom Force\n|\n|-heal|p1b: Gholdengo|81\/100|[from] item: Leftovers\n|-sideend|p2: Roberto Carlos 99|move: Tailwind\n|upkeep\n|turn|6\n|\n|t:|1682632511\n|move|p1b: Gholdengo|Protect||[still]\n|-fail|p1b: Gholdengo\n|move|p2a: Dragapult|Phantom Force|p1a: Azumarill|[from]lockedmove\n|-damage|p1a: Azumarill|30\/100\n|move|p1a: Azumarill|Play Rough|p2a: Dragapult\n|-supereffective|p2a: Dragapult\n|-damage|p2a: Dragapult|0 fnt\n|faint|p2a: Dragapult\n|\n|win|Renan 26\n|raw|Renan 26's rating: 1296 → 1319<\/strong> (+23 for winning)\n|raw|Roberto Carlos 99's rating: 1273 → 1250<\/strong> (-23 for losing)\n|l|\u2606Roberto Carlos 99\n|c|\u2606Renan 26|gg\n","uploadtime":1682632598,"views":15,"p1id":"renan26","p2id":"robertocarlos99","formatid":"gen9vgc2023regulationc","rating":1250,"private":0,"password":""}