{"id":"gen9vgc2023regulationc-1862961046","p1":"LordGodOvCod","p2":"greeneggsandtrashh","format":"[Gen 9] VGC 2023 Regulation C","log":"|j|\u2606LordGodOvCod\n|j|\u2606greeneggsandtrashh\n|t:|1683944311\n|gametype|doubles\n|player|p1|LordGodOvCod|102|1040\n|player|p2|greeneggsandtrashh|skyla|1136\n|teamsize|p1|6\n|teamsize|p2|6\n|gen|9\n|tier|[Gen 9] VGC 2023 Regulation C\n|rated|\n|rule|Species Clause: Limit one of each Pok\u00e9mon\n|rule|Item Clause: Limit one of each item\n|clearpoke\n|poke|p1|Torkoal, L50, F|\n|poke|p1|Jumpluff, L50, M|\n|poke|p1|Flutter Mane, L50|\n|poke|p1|Great Tusk, L50|\n|poke|p1|Chien-Pao, L50|\n|poke|p1|Kingambit, L50, M|\n|poke|p2|Pelipper, L50, F|\n|poke|p2|Palafin, L50, M|\n|poke|p2|Grimmsnarl, L50, M|\n|poke|p2|Iron Treads, L50|\n|poke|p2|Chien-Pao, L50|\n|poke|p2|Farigiraf, L50, M|\n|teampreview|4\n|\n|t:|1683944340\n|start\n|switch|p1a: Torkoal|Torkoal, L50, F|100\/100\n|switch|p1b: Jumpluff|Jumpluff, L50, M|100\/100\n|switch|p2a: Palafin|Palafin, L50, M|100\/100\n|switch|p2b: Grimmsnarl|Grimmsnarl, L50, M|100\/100\n|-weather|SunnyDay|[from] ability: Drought|[of] p1a: Torkoal\n|turn|1\n|\n|t:|1683944370\n|move|p2b: Grimmsnarl|Light Screen|p2b: Grimmsnarl\n|-sidestart|p2: greeneggsandtrashh|move: Light Screen\n|move|p1b: Jumpluff|Tailwind|p1b: Jumpluff\n|-sidestart|p1: LordGodOvCod|move: Tailwind\n|move|p2a: Palafin|Flip Turn|p1a: Torkoal\n|-supereffective|p1a: Torkoal\n|-damage|p1a: Torkoal|82\/100\n|\n|t:|1683944377\n|detailschange|p2a: Palafin|Palafin-Hero, L50, M\n|switch|p2a: Pelipper|Pelipper, L50, F|100\/100|[from] Flip Turn\n|-weather|RainDance|[from] ability: Drizzle|[of] p2a: Pelipper\n|move|p1a: Torkoal|Overheat|p2b: Grimmsnarl\n|-damage|p2b: Grimmsnarl|89\/100\n|-unboost|p1a: Torkoal|spa|2\n|-enditem|p1a: Torkoal|Eject Pack\n|\n|t:|1683944391\n|switch|p1a: Flutter Mane|Flutter Mane, L50|100\/100\n|-enditem|p1a: Flutter Mane|Booster Energy\n|-activate|p1a: Flutter Mane|ability: Protosynthesis|[fromitem]\n|-start|p1a: Flutter Mane|protosynthesisspe\n|\n|-weather|RainDance|[upkeep]\n|upkeep\n|turn|2\n|\n|t:|1683944423\n|move|p2b: Grimmsnarl|Parting Shot|p1a: Flutter Mane\n|-unboost|p1a: Flutter Mane|atk|1\n|-unboost|p1a: Flutter Mane|spa|1\n|\n|t:|1683944426\n|switch|p2b: Palafin|Palafin-Hero, L50, M|100\/100|[from] Parting Shot\n|-activate|p2b: Palafin|ability: Zero to Hero\n|move|p1a: Flutter Mane|Dazzling Gleam|p2b: Palafin|[spread] p2a,p2b\n|-damage|p2a: Pelipper|81\/100\n|-damage|p2b: Palafin|88\/100\n|move|p1b: Jumpluff|Leaf Storm|p2b: Palafin\n|-supereffective|p2b: Palafin\n|-damage|p2b: Palafin|53\/100\n|-unboost|p1b: Jumpluff|spa|2\n|move|p2a: Pelipper|U-turn|p1b: Jumpluff\n|-damage|p1b: Jumpluff|91\/100\n|\n|t:|1683944441\n|switch|p2a: Grimmsnarl|Grimmsnarl, L50, M|89\/100|[from] U-turn\n|\n|-weather|RainDance|[upkeep]\n|upkeep\n|turn|3\n|\n|t:|1683944459\n|move|p1a: Flutter Mane|Protect|p1a: Flutter Mane\n|-singleturn|p1a: Flutter Mane|Protect\n|move|p2b: Palafin|Jet Punch|p1a: Flutter Mane\n|-activate|p1a: Flutter Mane|move: Protect\n|move|p2a: Grimmsnarl|Parting Shot|p1b: Jumpluff\n|-unboost|p1b: Jumpluff|atk|1\n|-unboost|p1b: Jumpluff|spa|1\n|\n|t:|1683944469\n|switch|p2a: Pelipper|Pelipper, L50, F|81\/100|[from] Parting Shot\n|move|p1b: Jumpluff|Sleep Powder|p2b: Palafin\n|-activate|p2b: Palafin|item: Safety Goggles|Sleep Powder\n|\n|-weather|RainDance|[upkeep]\n|upkeep\n|turn|4\n|inactive|Battle timer is ON: inactive players will automatically lose when time's up. (requested by greeneggsandtrashh)\n|\n|t:|1683944508\n|move|p1a: Flutter Mane|Moonblast|p2b: Palafin\n|-damage|p2b: Palafin|32\/100\n|move|p1b: Jumpluff|Sleep Powder|p2b: Palafin\n|-activate|p2b: Palafin|item: Safety Goggles|Sleep Powder\n|move|p2b: Palafin|Ice Punch|p1b: Jumpluff\n|-supereffective|p1b: Jumpluff\n|-damage|p1b: Jumpluff|0 fnt\n|faint|p1b: Jumpluff\n|move|p2a: Pelipper|Hydro Pump|p1a: Flutter Mane|[miss]\n|-miss|p2a: Pelipper|p1a: Flutter Mane\n|\n|-weather|RainDance|[upkeep]\n|-sideend|p1: LordGodOvCod|move: Tailwind\n|upkeep\n|\n|t:|1683944526\n|switch|p1b: Torkoal|Torkoal, L50, F|82\/100\n|-weather|SunnyDay|[from] ability: Drought|[of] p1b: Torkoal\n|turn|5\n|inactive|LordGodOvCod has 30 seconds left.\n|\n|t:|1683944552\n|move|p2b: Palafin|Jet Punch|p1b: Torkoal\n|-supereffective|p1b: Torkoal\n|-damage|p1b: Torkoal|55\/100\n|move|p1a: Flutter Mane|Dazzling Gleam|p2b: Palafin|[spread] p2a,p2b\n|-damage|p2a: Pelipper|58\/100\n|-damage|p2b: Palafin|20\/100\n|move|p2a: Pelipper|Hydro Pump|p1b: Torkoal\n|-supereffective|p1b: Torkoal\n|-damage|p1b: Torkoal|1\/100\n|move|p1b: Torkoal|Rock Slide|p2a: Pelipper|[spread] p2a,p2b\n|-supereffective|p2a: Pelipper\n|-damage|p2a: Pelipper|36\/100\n|-damage|p2b: Palafin|10\/100\n|-enditem|p2a: Pelipper|Sitrus Berry|[eat]\n|-heal|p2a: Pelipper|60\/100|[from] item: Sitrus Berry\n|\n|-weather|SunnyDay|[upkeep]\n|upkeep\n|turn|6\n|inactive|LordGodOvCod has 30 seconds left.\n|\n|t:|1683944585\n|move|p2b: Palafin|Jet Punch|p1a: Flutter Mane\n|-damage|p1a: Flutter Mane|65\/100\n|move|p1a: Flutter Mane|Dazzling Gleam|p2a: Pelipper|[spread] p2a,p2b\n|-damage|p2a: Pelipper|40\/100\n|-damage|p2b: Palafin|0 fnt\n|faint|p2b: Palafin\n|move|p2a: Pelipper|U-turn|p1b: Torkoal\n|-resisted|p1b: Torkoal\n|-damage|p1b: Torkoal|0 fnt\n|faint|p1b: Torkoal\n|\n|t:|1683944603\n|switch|p2a: Grimmsnarl|Grimmsnarl, L50, M|89\/100|[from] U-turn\n|\n|-weather|SunnyDay|[upkeep]\n|upkeep\n|\n|t:|1683944608\n|switch|p2b: Pelipper|Pelipper, L50, F|40\/100\n|switch|p1b: Great Tusk|Great Tusk, L50|100\/100\n|-activate|p1b: Great Tusk|ability: Protosynthesis\n|-start|p1b: Great Tusk|protosynthesisatk\n|-weather|RainDance|[from] ability: Drizzle|[of] p2b: Pelipper\n|-end|p1b: Great Tusk|Protosynthesis\n|turn|7\n|inactive|LordGodOvCod has 30 seconds left.\n|inactive|LordGodOvCod has 20 seconds left.\n|inactive|LordGodOvCod has 15 seconds left.\n|inactive|LordGodOvCod has 10 seconds left.\n|\n|t:|1683944658\n|-terastallize|p1a: Flutter Mane|Fairy\n|move|p2a: Grimmsnarl|Reflect|p2a: Grimmsnarl\n|-sidestart|p2: greeneggsandtrashh|Reflect\n|move|p1a: Flutter Mane|Shadow Ball|p2b: Pelipper\n|-damage|p2b: Pelipper|14\/100\n|move|p1b: Great Tusk|Close Combat|p2a: Grimmsnarl\n|-damage|p2a: Grimmsnarl|48\/100\n|-unboost|p1b: Great Tusk|def|1\n|-unboost|p1b: Great Tusk|spd|1\n|move|p2b: Pelipper|Hydro Pump|p1b: Great Tusk\n|-supereffective|p1b: Great Tusk\n|-damage|p1b: Great Tusk|0 fnt\n|faint|p1b: Great Tusk\n|-end|p1b: Great Tusk|Protosynthesis|[silent]\n|\n|-weather|RainDance|[upkeep]\n|upkeep\n|turn|8\n|inactive|greeneggsandtrashh has 30 seconds left.\n|\n|t:|1683944683\n|move|p1a: Flutter Mane|Dazzling Gleam|p2b: Pelipper|[spread] p2a,p2b\n|-supereffective|p2a: Grimmsnarl\n|-damage|p2a: Grimmsnarl|16\/100\n|-damage|p2b: Pelipper|0 fnt\n|faint|p2b: Pelipper\n|move|p2a: Grimmsnarl|Spirit Break|p1a: Flutter Mane\n|-damage|p1a: Flutter Mane|6\/100\n|-unboost|p1a: Flutter Mane|spa|1\n|\n|-weather|RainDance|[upkeep]\n|-sideend|p2: greeneggsandtrashh|move: Light Screen\n|upkeep\n|\n|t:|1683944691\n|switch|p2b: Iron Treads|Iron Treads, L50|100\/100\n|-enditem|p2b: Iron Treads|Booster Energy\n|-activate|p2b: Iron Treads|ability: Quark Drive|[fromitem]\n|-start|p2b: Iron Treads|quarkdrivespe\n|turn|9\n|\n|t:|1683944705\n|move|p1a: Flutter Mane|Shadow Ball|p2b: Iron Treads\n|-damage|p2b: Iron Treads|72\/100\n|move|p2b: Iron Treads|Iron Head|p1a: Flutter Mane\n|-supereffective|p1a: Flutter Mane\n|-damage|p1a: Flutter Mane|0 fnt\n|faint|p1a: Flutter Mane\n|-end|p1a: Flutter Mane|Protosynthesis|[silent]\n|\n|win|greeneggsandtrashh\n|raw|LordGodOvCod's rating: 1040 → 1028<\/strong> (-12 for losing)\n|raw|greeneggsandtrashh's rating: 1136 → 1154<\/strong> (+18 for winning)\n|l|\u2606LordGodOvCod\n","uploadtime":1683944720,"views":10,"p1id":"lordgodovcod","p2id":"greeneggsandtrashh","formatid":"gen9vgc2023regulationc","rating":1028,"private":0,"password":""}