{"id":"gen9vgc2023regulationc-1855676539","p1":"TrainerDylan24","p2":"Jovenchano3103","format":"[Gen 9] VGC 2023 Regulation C","log":"|j|\u2606TrainerDylan24\n|j|\u2606Jovenchano3103\n|t:|1682972253\n|gametype|doubles\n|player|p1|TrainerDylan24|grimsley|1118\n|player|p2|Jovenchano3103|bugcatcher-gen4dp|1133\n|teamsize|p1|6\n|teamsize|p2|6\n|gen|9\n|tier|[Gen 9] VGC 2023 Regulation C\n|rated|\n|rule|Species Clause: Limit one of each Pok\u00e9mon\n|rule|Item Clause: Limit one of each item\n|clearpoke\n|poke|p1|Torkoal, L50, M|\n|poke|p1|Lilligant, L50, F|\n|poke|p1|Kilowattrel, L50, F|\n|poke|p1|Amoonguss, L50, M|\n|poke|p1|Roaring Moon, L50|\n|poke|p1|Arcanine, L50, M|\n|poke|p2|Gholdengo, L50|\n|poke|p2|Rotom-Heat, L50|\n|poke|p2|Gastrodon-East, L50, F|\n|poke|p2|Wo-Chien, L50|\n|poke|p2|Great Tusk, L50|\n|poke|p2|Grimmsnarl, L50, M|\n|teampreview|4\n|inactive|Battle timer is ON: inactive players will automatically lose when time's up. (requested by Jovenchano3103)\n|inactive|Jovenchano3103 has 60 seconds left.\n|inactive|Jovenchano3103 has 30 seconds left.\n|\n|t:|1682972339\n|start\n|switch|p1a: Lilligant|Lilligant, L50, F, shiny|100\/100\n|switch|p1b: Roaring Moon|Roaring Moon, L50, shiny|100\/100\n|switch|p2a: Great Tusk|Great Tusk, L50|100\/100\n|switch|p2b: Grimmsnarl|Grimmsnarl, L50, M|100\/100\n|-enditem|p1b: Roaring Moon|Booster Energy\n|-activate|p1b: Roaring Moon|ability: Protosynthesis|[fromitem]\n|-start|p1b: Roaring Moon|protosynthesisspe\n|turn|1\n|inactive|Jovenchano3103 has 30 seconds left.\n|inactive|Jovenchano3103 has 20 seconds left.\n|inactive|Jovenchano3103 has 15 seconds left.\n|\n|t:|1682972379\n|move|p2b: Grimmsnarl|Reflect|p2b: Grimmsnarl\n|-sidestart|p2: Jovenchano3103|Reflect\n|move|p1b: Roaring Moon|Acrobatics|p2a: Great Tusk\n|-supereffective|p2a: Great Tusk\n|-damage|p2a: Great Tusk|60\/100\n|move|p2a: Great Tusk|Ice Spinner|p1a: Lilligant\n|-supereffective|p1a: Lilligant\n|-damage|p1a: Lilligant|18\/100\n|move|p1a: Lilligant|Quiver Dance|p1a: Lilligant\n|-boost|p1a: Lilligant|spa|1\n|-boost|p1a: Lilligant|spd|1\n|-boost|p1a: Lilligant|spe|1\n|\n|-heal|p1a: Lilligant|24\/100|[from] item: Leftovers\n|upkeep\n|turn|2\n|inactive|Jovenchano3103 has 30 seconds left.\n|\n|t:|1682972408\n|move|p2b: Grimmsnarl|Parting Shot|p1b: Roaring Moon\n|-hint|Since gen 7, Dark is immune to Prankster moves.\n|-immune|p1b: Roaring Moon\n|move|p1b: Roaring Moon|Acrobatics|p2b: Grimmsnarl\n|-damage|p2b: Grimmsnarl|72\/100\n|move|p1a: Lilligant|Giga Drain|p2a: Great Tusk\n|-supereffective|p2a: Great Tusk\n|-damage|p2a: Great Tusk|0 fnt\n|-heal|p1a: Lilligant|64\/100|[from] drain|[of] p2a: Great Tusk\n|faint|p2a: Great Tusk\n|-end|p2a: Great Tusk|Protosynthesis|[silent]\n|\n|-heal|p1a: Lilligant|70\/100|[from] item: Leftovers\n|upkeep\n|\n|t:|1682972424\n|switch|p2a: Gastrodon|Gastrodon-East, L50, F|100\/100\n|turn|3\n|\n|t:|1682972435\n|move|p2b: Grimmsnarl|Light Screen|p2b: Grimmsnarl\n|-sidestart|p2: Jovenchano3103|move: Light Screen\n|move|p1b: Roaring Moon|Breaking Swipe|p2a: Gastrodon|[spread] p2a\n|-immune|p2b: Grimmsnarl\n|-damage|p2a: Gastrodon|84\/100\n|-unboost|p2a: Gastrodon|atk|1\n|move|p1a: Lilligant|Quiver Dance|p1a: Lilligant\n|-boost|p1a: Lilligant|spa|1\n|-boost|p1a: Lilligant|spd|1\n|-boost|p1a: Lilligant|spe|1\n|move|p2a: Gastrodon|Icy Wind|p1b: Roaring Moon|[spread] p1a,p1b\n|-supereffective|p1a: Lilligant\n|-supereffective|p1b: Roaring Moon\n|-damage|p1a: Lilligant|56\/100\n|-damage|p1b: Roaring Moon|84\/100\n|-unboost|p1a: Lilligant|spe|1\n|-unboost|p1b: Roaring Moon|spe|1\n|\n|-heal|p1a: Lilligant|62\/100|[from] item: Leftovers\n|upkeep\n|turn|4\n|\n|t:|1682972458\n|move|p1a: Lilligant|Giga Drain|p2a: Gastrodon\n|-supereffective|p2a: Gastrodon\n|-damage|p2a: Gastrodon|0 fnt\n|-heal|p1a: Lilligant|100\/100|[from] drain|[of] p2a: Gastrodon\n|faint|p2a: Gastrodon\n|move|p1b: Roaring Moon|Acrobatics|p2b: Grimmsnarl\n|-damage|p2b: Grimmsnarl|43\/100\n|move|p2b: Grimmsnarl|Spirit Break|p1b: Roaring Moon\n|-supereffective|p1b: Roaring Moon\n|-damage|p1b: Roaring Moon|0 fnt\n|faint|p1b: Roaring Moon\n|-end|p1b: Roaring Moon|Protosynthesis|[silent]\n|\n|upkeep\n|inactive|Jovenchano3103 has 30 seconds left.\n|inactive|Jovenchano3103 has 20 seconds left.\n|inactive|Jovenchano3103 has 15 seconds left.\n|inactive|Jovenchano3103 has 10 seconds left.\n|inactive|Jovenchano3103 has 5 seconds left.\n|\n|t:|1682972514\n|switch|p1b: Kilowattrel|Kilowattrel, L50, F, shiny|100\/100\n|switch|p2a: Rotom|Rotom-Heat, L50|100\/100\n|turn|5\n|inactive|Jovenchano3103 has 30 seconds left.\n|inactive|Jovenchano3103 has 20 seconds left.\n|inactive|Jovenchano3103 has 15 seconds left.\n|inactive|Jovenchano3103 has 10 seconds left.\n|inactive|Jovenchano3103 has 5 seconds left.\n|\n|t:|1682972569\n|-terastallize|p1a: Lilligant|Fire\n|move|p1a: Lilligant|Quiver Dance|p1a: Lilligant\n|-boost|p1a: Lilligant|spa|1\n|-boost|p1a: Lilligant|spd|1\n|-boost|p1a: Lilligant|spe|1\n|move|p1b: Kilowattrel|Tailwind|p1b: Kilowattrel\n|-sidestart|p1: TrainerDylan24|move: Tailwind\n|-start|p1b: Kilowattrel|Charge|Tailwind|[from] ability: Wind Power\n|move|p2a: Rotom|Thunderbolt|p1b: Kilowattrel\n|-damage|p1b: Kilowattrel|29\/100\n|move|p2b: Grimmsnarl|Spirit Break|p1a: Lilligant\n|-resisted|p1a: Lilligant\n|-damage|p1a: Lilligant|77\/100\n|-unboost|p1a: Lilligant|spa|1\n|\n|-heal|p1a: Lilligant|83\/100|[from] item: Leftovers\n|upkeep\n|turn|6\n|inactive|Jovenchano3103 has 30 seconds left.\n|inactive|Jovenchano3103 has 20 seconds left.\n|inactive|Jovenchano3103 has 15 seconds left.\n|inactive|Jovenchano3103 has 10 seconds left.\n|inactive|Jovenchano3103 has 5 seconds left.\n|\n|t:|1682972624\n|move|p1a: Lilligant|Giga Drain|p2b: Grimmsnarl\n|-damage|p2b: Grimmsnarl|2\/100\n|-heal|p1a: Lilligant|100\/100|[from] drain|[of] p2b: Grimmsnarl\n|move|p1b: Kilowattrel|Volt Switch|p2a: Rotom\n|-resisted|p2a: Rotom\n|-damage|p2a: Rotom|71\/100\n|-damage|p1b: Kilowattrel|19\/100|[from] item: Life Orb\n|-end|p1b: Kilowattrel|Charge|[silent]\n|\n|t:|1682972632\n|switch|p1b: Arcanine|Arcanine, L50, M, shiny|100\/100|[from] Volt Switch\n|-ability|p1b: Arcanine|Intimidate|boost\n|-unboost|p2a: Rotom|atk|1\n|-unboost|p2b: Grimmsnarl|atk|1\n|move|p2a: Rotom|Thunderbolt|p1b: Arcanine\n|-damage|p1b: Arcanine|47\/100\n|move|p2b: Grimmsnarl|Spirit Break|p1b: Arcanine\n|-resisted|p1b: Arcanine\n|-damage|p1b: Arcanine|35\/100\n|-unboost|p1b: Arcanine|spa|1\n|\n|upkeep\n|turn|7\n|inactive|Jovenchano3103 has 30 seconds left.\n|inactive|Jovenchano3103 has 20 seconds left.\n|inactive|Jovenchano3103 has 15 seconds left.\n|inactive|Jovenchano3103 has 10 seconds left.\n|inactive|Jovenchano3103 has 5 seconds left.\n|\n|t:|1682972687\n|move|p1b: Arcanine|Extreme Speed|p2b: Grimmsnarl\n|-damage|p2b: Grimmsnarl|0 fnt\n|faint|p2b: Grimmsnarl\n|move|p1a: Lilligant|Quiver Dance|p1a: Lilligant\n|-boost|p1a: Lilligant|spa|1\n|-boost|p1a: Lilligant|spd|1\n|-boost|p1a: Lilligant|spe|1\n|move|p2a: Rotom|Thunderbolt|p1b: Arcanine\n|-damage|p1b: Arcanine|0 fnt\n|faint|p1b: Arcanine\n|\n|upkeep\n|\n|t:|1682972694\n|switch|p1b: Kilowattrel|Kilowattrel, L50, F, shiny|19\/100\n|turn|8\n|inactive|Jovenchano3103 has 30 seconds left.\n|inactive|Jovenchano3103 has 20 seconds left.\n|inactive|Jovenchano3103 has 15 seconds left.\n|inactive|Jovenchano3103 has 10 seconds left.\n|inactive|Jovenchano3103 has 5 seconds left.\n|\n|t:|1682972749\n|move|p1a: Lilligant|Quiver Dance|p1a: Lilligant\n|-boost|p1a: Lilligant|spa|1\n|-boost|p1a: Lilligant|spd|1\n|-boost|p1a: Lilligant|spe|1\n|move|p1b: Kilowattrel|Air Slash|p2a: Rotom\n|-resisted|p2a: Rotom\n|-damage|p2a: Rotom|55\/100\n|-damage|p1b: Kilowattrel|9\/100|[from] item: Life Orb\n|move|p2a: Rotom|Thunderbolt|p1a: Lilligant\n|-damage|p1a: Lilligant|83\/100\n|\n|-heal|p1a: Lilligant|90\/100|[from] item: Leftovers\n|-sideend|p2: Jovenchano3103|Reflect\n|-sideend|p1: TrainerDylan24|move: Tailwind\n|upkeep\n|turn|9\n|inactive|Jovenchano3103 has 30 seconds left.\n|inactive|Jovenchano3103 has 20 seconds left.\n|inactive|Jovenchano3103 has 15 seconds left.\n|inactive|Jovenchano3103 has 10 seconds left.\n|inactive|Jovenchano3103 has 5 seconds left.\n|-message|Jovenchano3103 lost due to inactivity.\n|\n|win|TrainerDylan24\n|raw|TrainerDylan24's rating: 1118 → 1144<\/strong> (+26 for winning)\n|raw|Jovenchano3103's rating: 1133 → 1107<\/strong> (-26 for losing)\n","uploadtime":1682972795,"views":11,"p1id":"trainerdylan24","p2id":"jovenchano3103","formatid":"gen9vgc2023regulationc","rating":1107,"private":0,"password":""}