{"id":"gen9vgc2023regulationc-1851353480","p1":"jeffman323","p2":"SisalVT","format":"[Gen 9] VGC 2023 Regulation C","log":"|j|\u2606jeffman323\n|j|\u2606SisalVT\n|t:|1682438263\n|gametype|doubles\n|player|p1|jeffman323|steven|1652\n|player|p2|SisalVT|blue|1675\n|teamsize|p1|6\n|teamsize|p2|6\n|gen|9\n|tier|[Gen 9] VGC 2023 Regulation C\n|rated|\n|rule|Species Clause: Limit one of each Pok\u00e9mon\n|rule|Item Clause: Limit one of each item\n|clearpoke\n|poke|p1|Hatterene, L50, F|\n|poke|p1|Azumarill, L50, M|\n|poke|p1|Torkoal, L50, F|\n|poke|p1|Kingambit, L50, M|\n|poke|p1|Iron Hands, L50|\n|poke|p1|Brute Bonnet, L50|\n|poke|p2|Breloom, L50, M|\n|poke|p2|Chien-Pao, L50|\n|poke|p2|Flutter Mane, L50|\n|poke|p2|Chi-Yu, L50|\n|poke|p2|Dondozo, L50, M|\n|poke|p2|Tatsugiri-Stretchy, L50, F|\n|teampreview|4\nSisalVT has agreed to open team sheets.\n|j| igorpng\njeffman323 has agreed to open team sheets.\n|l| igorpng\n|\n|t:|1682438319\n|start\n|switch|p1a: Iron Hands|Iron Hands, L50|100\/100\n|switch|p1b: Hatterene|Hatterene, L50, F|100\/100\n|switch|p2a: Bottas|Flutter Mane, L50|100\/100\n|switch|p2b: Hanako|Chi-Yu, L50|100\/100\n|-ability|p2b: Hanako|Beads of Ruin\n|-enditem|p2a: Bottas|Booster Energy\n|-activate|p2a: Bottas|ability: Protosynthesis|[fromitem]\n|-start|p2a: Bottas|protosynthesisspa\n|turn|1\n|\n|t:|1682438338\n|-terastallize|p1a: Iron Hands|Fire\n|move|p1a: Iron Hands|Fake Out|p2b: Hanako\n|-damage|p2b: Hanako|81\/100\n|move|p2a: Bottas|Moonblast|p1a: Iron Hands\n|-resisted|p1a: Iron Hands\n|-damage|p1a: Iron Hands|74\/100\n|cant|p2b: Hanako|flinch\n|move|p1b: Hatterene|Trick Room|p1b: Hatterene\n|-fieldstart|move: Trick Room|[of] p1b: Hatterene\n|\n|upkeep\n|turn|2\n|\n|t:|1682438359\n|move|p1b: Hatterene|Protect|p1b: Hatterene\n|-singleturn|p1b: Hatterene|Protect\n|move|p1a: Iron Hands|Earthquake|p2a: Bottas|[spread] p2a,p2b\n|-activate|p1b: Hatterene|move: Protect\n|-supereffective|p2b: Hanako\n|-damage|p2a: Bottas|49\/100\n|-damage|p2b: Hanako|15\/100\n|-enditem|p2b: Hanako|Sitrus Berry|[eat]\n|-heal|p2b: Hanako|39\/100|[from] item: Sitrus Berry\n|move|p2b: Hanako|Heat Wave|p1a: Iron Hands|[spread] p1a\n|-activate|p1b: Hatterene|move: Protect\n|-resisted|p1a: Iron Hands\n|-damage|p1a: Iron Hands|61\/100\n|move|p2a: Bottas|Dazzling Gleam|p1b: Hatterene|[spread] p1a\n|-activate|p1b: Hatterene|move: Protect\n|-resisted|p1a: Iron Hands\n|-damage|p1a: Iron Hands|45\/100\n|\n|upkeep\n|turn|3\n|j| Kital\n|l| Kital\n|\n|t:|1682438417\n|move|p2b: Hanako|Protect|p2b: Hanako\n|-singleturn|p2b: Hanako|Protect\n|move|p2a: Bottas|Protect|p2a: Bottas\n|-singleturn|p2a: Bottas|Protect\n|move|p1b: Hatterene|Dazzling Gleam|p2a: Bottas|[spread] \n|-activate|p2a: Bottas|move: Protect\n|-activate|p2b: Hanako|move: Protect\n|move|p1a: Iron Hands|Thunder Punch|p2a: Bottas\n|-activate|p2a: Bottas|move: Protect\n|\n|upkeep\n|turn|4\n|\n|t:|1682438437\n|move|p1b: Hatterene|Protect|p1b: Hatterene\n|-singleturn|p1b: Hatterene|Protect\n|move|p1a: Iron Hands|Earthquake|p2a: Bottas|[spread] p2a,p2b\n|-activate|p1b: Hatterene|move: Protect\n|-supereffective|p2b: Hanako\n|-damage|p2a: Bottas|3\/100\n|-damage|p2b: Hanako|0 fnt\n|faint|p2b: Hanako\n|move|p2a: Bottas|Dazzling Gleam|p1a: Iron Hands|[spread] p1a\n|-activate|p1b: Hatterene|move: Protect\n|-resisted|p1a: Iron Hands\n|-damage|p1a: Iron Hands|33\/100\n|\n|upkeep\n|\n|t:|1682438451\n|switch|p2b: Nivalis|Chien-Pao, L50|100\/100\n|-ability|p2b: Nivalis|Sword of Ruin\n|turn|5\n|\n|t:|1682438484\n|switch|p1b: Kingambit|Kingambit, L50, M|100\/100\n|move|p2a: Bottas|Protect|p2a: Bottas\n|-singleturn|p2a: Bottas|Protect\n|move|p2b: Nivalis|Protect|p2b: Nivalis\n|-singleturn|p2b: Nivalis|Protect\n|move|p1a: Iron Hands|Thunder Punch|p2b: Nivalis\n|-activate|p2b: Nivalis|move: Protect\n|\n|-fieldend|move: Trick Room\n|upkeep\n|turn|6\n|\n|t:|1682438536\n|switch|p1b: Torkoal|Torkoal, L50, F|100\/100\n|-weather|SunnyDay|[from] ability: Drought|[of] p1b: Torkoal\n|move|p2b: Nivalis|Sucker Punch|p1a: Iron Hands\n|-damage|p1a: Iron Hands|0 fnt\n|faint|p1a: Iron Hands\n|-end|p1a: Iron Hands|Quark Drive|[silent]\n|-damage|p2b: Nivalis|91\/100|[from] item: Life Orb\n|move|p2a: Bottas|Moonblast|p1b: Torkoal\n|-resisted|p1b: Torkoal\n|-damage|p1b: Torkoal|55\/100\n|-unboost|p1b: Torkoal|spa|1\n|\n|-weather|SunnyDay|[upkeep]\n|upkeep\n|\n|t:|1682438546\n|switch|p1a: Hatterene|Hatterene, L50, F|100\/100\n|turn|7\n|\n|t:|1682438561\n|move|p1a: Hatterene|Protect|p1a: Hatterene\n|-singleturn|p1a: Hatterene|Protect\n|move|p2b: Nivalis|Ice Spinner|p1a: Hatterene\n|-activate|p1a: Hatterene|move: Protect\n|move|p2a: Bottas|Shadow Ball|p1b: Torkoal\n|-damage|p1b: Torkoal|0 fnt\n|faint|p1b: Torkoal\n|\n|-weather|SunnyDay|[upkeep]\n|upkeep\n|\n|t:|1682438570\n|switch|p1b: Kingambit|Kingambit, L50, M|100\/100\n|turn|8\n|\n|t:|1682438589\n|move|p1b: Kingambit|Sucker Punch|p2a: Bottas\n|-damage|p2a: Bottas|0 fnt\n|faint|p2a: Bottas\n|-end|p2a: Bottas|Protosynthesis|[silent]\n|move|p2b: Nivalis|Sacred Sword|p1b: Kingambit\n|-supereffective|p1b: Kingambit\n|-damage|p1b: Kingambit|0 fnt\n|faint|p1b: Kingambit\n|-damage|p2b: Nivalis|81\/100|[from] item: Life Orb\n|move|p1a: Hatterene|Trick Room|p1a: Hatterene\n|-fieldstart|move: Trick Room|[of] p1a: Hatterene\n|\n|-weather|SunnyDay|[upkeep]\n|upkeep\n|\n|t:|1682438601\n|switch|p2a: Tattisaurus|Breloom, L50, M|100\/100\n|turn|9\n|\n|t:|1682438608\n|move|p2a: Tattisaurus|Feint|p1a: Hatterene\n|-damage|p1a: Hatterene|75\/100\n|move|p2b: Nivalis|Sucker Punch|p1a: Hatterene\n|-damage|p1a: Hatterene|8\/100\n|-damage|p2b: Nivalis|72\/100|[from] item: Life Orb\n|move|p1a: Hatterene|Dazzling Gleam|p2a: Tattisaurus|[spread] p2a,p2b\n|-supereffective|p2a: Tattisaurus\n|-supereffective|p2b: Nivalis\n|-enditem|p2a: Tattisaurus|Focus Sash\n|-damage|p2a: Tattisaurus|1\/100\n|-damage|p2b: Nivalis|0 fnt\n|faint|p2b: Nivalis\n|\n|-weather|SunnyDay|[upkeep]\n|upkeep\n|turn|10\n|\n|t:|1682438623\n|move|p2a: Tattisaurus|Feint|p1a: Hatterene\n|-damage|p1a: Hatterene|0 fnt\n|faint|p1a: Hatterene\n|\n|win|SisalVT\n|raw|jeffman323's rating: 1652 → 1631<\/strong> (-21 for losing)\n|raw|SisalVT's rating: 1642 → 1663<\/strong> (+21 for winning)\n","uploadtime":1682438625,"views":11,"p1id":"jeffman323","p2id":"sisalvt","formatid":"gen9vgc2023regulationc","rating":1631,"private":0,"password":""}