{"id":"gen9vgc2023regulationc-1848130013","p1":"nsfwgg","p2":"That_Leek","format":"[Gen 9] VGC 2023 Regulation C","log":"|j|\u2606nsfwgg\n|j|\u2606That_Leek\n|t:|1682033180\n|gametype|doubles\n|player|p1|nsfwgg|dawn|1095\n|player|p2|That_Leek|blue-masters|1128\n|teamsize|p1|6\n|teamsize|p2|6\n|gen|9\n|tier|[Gen 9] VGC 2023 Regulation C\n|rated|\n|rule|Species Clause: Limit one of each Pok\u00e9mon\n|rule|Item Clause: Limit one of each item\n|clearpoke\n|poke|p1|Orthworm, L50, M|\n|poke|p1|Garchomp, L50, F|\n|poke|p1|Dragonite, L50, M|\n|poke|p1|Glimmora, L50, M|\n|poke|p1|Chien-Pao, L50|\n|poke|p1|Flutter Mane, L50|\n|poke|p2|Gholdengo, L50|\n|poke|p2|Gyarados, L50, M|\n|poke|p2|Tyranitar, L50, M|\n|poke|p2|Maushold-Four, L50|\n|poke|p2|Annihilape, L50, M|\n|poke|p2|Volcarona, L50, M|\n|teampreview|4\nnsfwgg has agreed to open team sheets.\nThat_Leek has agreed to open team sheets.\n|\n|t:|1682033273\n|start\n|switch|p1a: Flutter Mane|Flutter Mane, L50|100\/100\n|switch|p1b: Glimmora|Glimmora, L50, M|100\/100\n|switch|p2a: Annihilape|Annihilape, L50, M|100\/100\n|switch|p2b: Maushold|Maushold-Four, L50|100\/100\n|turn|1\n|inactive|Battle timer is ON: inactive players will automatically lose when time's up. (requested by nsfwgg)\n|\n|t:|1682033299\n|-terastallize|p2a: Annihilape|Fire\n|move|p1a: Flutter Mane|Moonblast|p2a: Annihilape\n|-resisted|p2a: Annihilape\n|-damage|p2a: Annihilape|82\/100\n|-damage|p1a: Flutter Mane|91\/100|[from] item: Life Orb\n|move|p2b: Maushold|Beat Up|p1b: Glimmora\n|-damage|p1b: Glimmora|97\/100\n|-activate|p1b: Glimmora|ability: Toxic Debris\n|-sidestart|p2: That_Leek|move: Toxic Spikes\n|-damage|p1b: Glimmora|94\/100\n|-activate|p1b: Glimmora|ability: Toxic Debris\n|-sidestart|p2: That_Leek|move: Toxic Spikes\n|-damage|p1b: Glimmora|90\/100\n|-damage|p1b: Glimmora|88\/100\n|-hitcount|p1b: Glimmora|4\n|move|p1b: Glimmora|Power Gem|p2a: Annihilape\n|-supereffective|p2a: Annihilape\n|-damage|p2a: Annihilape|37\/100\n|move|p2a: Annihilape|Rage Fist|p1b: Glimmora\n|-damage|p1b: Glimmora|21\/100\n|\n|-heal|p2a: Annihilape|43\/100|[from] item: Leftovers\n|upkeep\n|turn|2\n|c|\u2606That_Leek|Misclicked\n|inactive|nsfwgg has 30 seconds left.\n|c|\u2606That_Leek|Oops\n|inactive|nsfwgg has 20 seconds left.\n|inactive|nsfwgg has 15 seconds left.\n|inactive|nsfwgg has 10 seconds left.\n|\n|t:|1682033348\n|move|p2b: Maushold|Follow Me|p2b: Maushold\n|-singleturn|p2b: Maushold|move: Follow Me\n|move|p1a: Flutter Mane|Moonblast|p2b: Maushold\n|-damage|p2b: Maushold|17\/100\n|-unboost|p2b: Maushold|spa|1\n|-damage|p1a: Flutter Mane|82\/100|[from] item: Life Orb\n|move|p1b: Glimmora|Power Gem|p2b: Maushold\n|-damage|p2b: Maushold|0 fnt\n|faint|p2b: Maushold\n|move|p2a: Annihilape|Rage Fist|p1a: Flutter Mane\n|-supereffective|p1a: Flutter Mane\n|-damage|p1a: Flutter Mane|0 fnt\n|faint|p1a: Flutter Mane\n|-end|p1a: Flutter Mane|Protosynthesis|[silent]\n|\n|-heal|p2a: Annihilape|49\/100|[from] item: Leftovers\n|upkeep\n|\n|t:|1682033364\n|switch|p1a: Orthworm|Orthworm, L50, M|100\/100\n|switch|p2b: Gholdengo|Gholdengo, L50|100\/100\n|turn|3\n|\n|t:|1682033385\n|-terastallize|p1a: Orthworm|Fire\n|move|p1b: Glimmora|Power Gem|p2a: Annihilape\n|-supereffective|p2a: Annihilape\n|-damage|p2a: Annihilape|0 fnt\n|faint|p2a: Annihilape\n|move|p2b: Gholdengo|Nasty Plot|p2b: Gholdengo\n|-boost|p2b: Gholdengo|spa|2\n|move|p1a: Orthworm|Iron Defense|p1a: Orthworm\n|-boost|p1a: Orthworm|def|2\n|\n|upkeep\n|\n|t:|1682033390\n|switch|p2a: Gyarados|Gyarados, L50, M|100\/100\n|-ability|p2a: Gyarados|Intimidate|boost\n|-unboost|p1a: Orthworm|atk|1\n|-unboost|p1b: Glimmora|atk|1\n|turn|4\n|inactive|nsfwgg has 30 seconds left.\n|inactive|nsfwgg has 20 seconds left.\n|inactive|nsfwgg has 15 seconds left.\n|inactive|nsfwgg has 10 seconds left.\n|\n|t:|1682033438\n|move|p1a: Orthworm|Protect|p1a: Orthworm\n|-singleturn|p1a: Orthworm|Protect\n|move|p1b: Glimmora|Power Gem|p2a: Gyarados\n|-supereffective|p2a: Gyarados\n|-damage|p2a: Gyarados|28\/100\n|-enditem|p2a: Gyarados|Sitrus Berry|[eat]\n|-heal|p2a: Gyarados|53\/100|[from] item: Sitrus Berry\n|move|p2b: Gholdengo|Shadow Ball|p1a: Orthworm\n|-activate|p1a: Orthworm|move: Protect\n|move|p2a: Gyarados|Waterfall|p1b: Glimmora\n|-supereffective|p1b: Glimmora\n|-damage|p1b: Glimmora|0 fnt\n|faint|p1b: Glimmora\n|\n|upkeep\n|\n|t:|1682033451\n|switch|p1b: Garchomp|Garchomp, L50, F|100\/100\n|turn|5\n|inactive|nsfwgg has 30 seconds left.\n|inactive|That_Leek has 30 seconds left.\n|inactive|nsfwgg has 20 seconds left.\n|inactive|nsfwgg has 15 seconds left.\n|inactive|nsfwgg has 10 seconds left.\n|inactive|nsfwgg has 5 seconds left.\n|\n|t:|1682033505\n|move|p1b: Garchomp|Rock Slide|p2a: Gyarados|[spread] p2a,p2b\n|-supereffective|p2a: Gyarados\n|-resisted|p2b: Gholdengo\n|-damage|p2a: Gyarados|10\/100\n|-damage|p2b: Gholdengo|90\/100\n|cant|p2b: Gholdengo|flinch\n|move|p2a: Gyarados|Thunder Wave|p1a: Orthworm\n|-status|p1a: Orthworm|par\n|cant|p1a: Orthworm|par\n|\n|upkeep\n|turn|6\n|\n|t:|1682033525\n|move|p2a: Gyarados|Protect|p2a: Gyarados\n|-singleturn|p2a: Gyarados|Protect\n|move|p1b: Garchomp|Rock Slide|p2a: Gyarados|[spread] p2b\n|-activate|p2a: Gyarados|move: Protect\n|-resisted|p2b: Gholdengo\n|-damage|p2b: Gholdengo|80\/100\n|move|p2b: Gholdengo|Make It Rain|p1a: Orthworm|[spread] p1a,p1b\n|-resisted|p1a: Orthworm\n|-damage|p1a: Orthworm|27\/100 par\n|-damage|p1b: Garchomp|0 fnt\n|-unboost|p2b: Gholdengo|spa|1\n|faint|p1b: Garchomp\n|-damage|p2b: Gholdengo|71\/100|[from] item: Life Orb\n|cant|p1a: Orthworm|par\n|\n|-heal|p1a: Orthworm|33\/100 par|[from] item: Leftovers\n|upkeep\n|turn|7\n|\n|t:|1682033547\n|move|p1a: Orthworm|Protect|p1a: Orthworm\n|-singleturn|p1a: Orthworm|Protect\n|move|p2b: Gholdengo|Shadow Ball|p1a: Orthworm\n|-activate|p1a: Orthworm|move: Protect\n|move|p2a: Gyarados|Waterfall|p1a: Orthworm\n|-activate|p1a: Orthworm|move: Protect\n|\n|-heal|p1a: Orthworm|40\/100 par|[from] item: Leftovers\n|upkeep\n|turn|8\n|inactive|nsfwgg has 30 seconds left.\n|\n|t:|1682033573\n|move|p2b: Gholdengo|Shadow Ball|p1a: Orthworm\n|-damage|p1a: Orthworm|0 fnt\n|faint|p1a: Orthworm\n|-damage|p2b: Gholdengo|61\/100|[from] item: Life Orb\n|\n|win|That_Leek\n|raw|nsfwgg's rating: 1095 → 1073<\/strong> (-22 for losing)\n|raw|That_Leek's rating: 1128 → 1151<\/strong> (+23 for winning)\n","uploadtime":1682033585,"views":4,"p1id":"nsfwgg","p2id":"thatleek","formatid":"gen9vgc2023regulationc","rating":1073,"private":0,"password":""}