{"id":"gen9vgc2023regulationc-1856371188","p1":"Inwaves22","p2":"Nationfly","format":"[Gen 9] VGC 2023 Regulation C","log":"|j|\u2606Inwaves22\n|j|\u2606Nationfly\n|t:|1683055074\n|gametype|doubles\n|player|p1|Inwaves22|falkner|1204\n|player|p2|Nationfly|burglar|1195\n|teamsize|p1|6\n|teamsize|p2|6\n|gen|9\n|tier|[Gen 9] VGC 2023 Regulation C\n|rated|\n|rule|Species Clause: Limit one of each Pok\u00e9mon\n|rule|Item Clause: Limit one of each item\n|clearpoke\n|poke|p1|Glimmora, L50, F|\n|poke|p1|Chi-Yu, L50|\n|poke|p1|Flutter Mane, L50|\n|poke|p1|Dragonite, L50, M|\n|poke|p1|Dondozo, L50, F|\n|poke|p1|Tatsugiri, L50, M|\n|poke|p2|Ceruledge, L50, M|\n|poke|p2|Corviknight, L50, F|\n|poke|p2|Kingambit, L50, F|\n|poke|p2|Garganacl, L50, M|\n|poke|p2|Armarouge, L50, M|\n|poke|p2|Palafin, L50, M|\n|teampreview|4\n|\n|t:|1683055140\n|start\n|switch|p1a: Tatsugiri|Tatsugiri, L50, M|100\/100\n|switch|p1b: Glimmora|Glimmora, L50, F|100\/100\n|switch|p2a: Palafin|Palafin, L50, M|100\/100\n|switch|p2b: Armarouge|Armarouge, L50, M|100\/100\n|turn|1\n|\n|t:|1683055162\n|detailschange|p2a: Palafin|Palafin-Hero, L50, M\n|switch|p2a: King Gambit|Kingambit, L50, F|100\/100\n|-terastallize|p2b: Armarouge|Steel\n|move|p1b: Glimmora|Toxic|p2a: King Gambit\n|-immune|p2a: King Gambit\n|move|p1a: Tatsugiri|Muddy Water|p2a: King Gambit|[spread] p2a,p2b\n|-damage|p2a: King Gambit|53\/100\n|-damage|p2b: Armarouge|44\/100\n|-unboost|p2a: King Gambit|accuracy|1\n|-ability|p2a: King Gambit|Defiant|boost\n|-boost|p2a: King Gambit|atk|2\n|move|p2b: Armarouge|Clear Smog|p1a: Tatsugiri\n|-damage|p1a: Tatsugiri|83\/100\n|-clearboost|p1a: Tatsugiri\n|\n|upkeep\n|turn|2\n|\n|t:|1683055182\n|move|p2a: King Gambit|Sucker Punch|p1a: Tatsugiri|[miss]\n|-miss|p2a: King Gambit|p1a: Tatsugiri\n|move|p1b: Glimmora|Earth Power|p2a: King Gambit\n|-supereffective|p2a: King Gambit\n|-damage|p2a: King Gambit|0 fnt\n|faint|p2a: King Gambit\n|move|p1a: Tatsugiri|Muddy Water|p2b: Armarouge\n|-damage|p2b: Armarouge|0 fnt\n|faint|p2b: Armarouge\n|\n|upkeep\n|\n|t:|1683055204\n|switch|p2b: Palafin|Palafin-Hero, L50, M|100\/100\n|switch|p2a: Garganacl|Garganacl, L50, M, shiny|100\/100\n|-activate|p2b: Palafin|ability: Zero to Hero\n|turn|3\n|\n|t:|1683055215\n|move|p2a: Garganacl|Wide Guard|p2a: Garganacl\n|-singleturn|p2a: Garganacl|Wide Guard\n|move|p2b: Palafin|Jet Punch|p1a: Tatsugiri\n|-activate|p1a: Tatsugiri|ability: Storm Drain\n|-ability|p1a: Tatsugiri|Storm Drain|boost\n|-boost|p1a: Tatsugiri|spa|1\n|move|p1b: Glimmora|Toxic|p2a: Garganacl\n|-immune|p2a: Garganacl|[from] ability: Purifying Salt\n|move|p1a: Tatsugiri|Muddy Water|p2b: Palafin|[spread] \n|-activate|p2a: Garganacl|move: Wide Guard\n|-activate|p2b: Palafin|move: Wide Guard\n|\n|upkeep\n|turn|4\n|\n|t:|1683055230\n|move|p1b: Glimmora|Toxic|p2b: Palafin\n|-status|p2b: Palafin|tox\n|move|p2b: Palafin|Ice Punch|p1a: Tatsugiri\n|-damage|p1a: Tatsugiri|36\/100\n|move|p1a: Tatsugiri|Muddy Water|p2a: Garganacl|[spread] p2a\n|-miss|p1a: Tatsugiri|p2b: Palafin\n|-supereffective|p2a: Garganacl\n|-damage|p2a: Garganacl|0 fnt\n|faint|p2a: Garganacl\n|\n|-damage|p2b: Palafin|95\/100 tox|[from] psn\n|upkeep\n|turn|5\n|\n|t:|1683055249\n|move|p1b: Glimmora|Spiky Shield|p1b: Glimmora\n|-singleturn|p1b: Glimmora|move: Protect\n|move|p2b: Palafin|Ice Punch|p1a: Tatsugiri\n|-damage|p1a: Tatsugiri|0 fnt\n|faint|p1a: Tatsugiri\n|\n|-damage|p2b: Palafin|83\/100 tox|[from] psn\n|upkeep\n|\n|t:|1683055257\n|switch|p1a: Chi-Yu|Chi-Yu, L50|100\/100\n|-ability|p1a: Chi-Yu|Beads of Ruin\n|turn|6\n|\n|t:|1683055309\n|-terastallize|p1a: Chi-Yu|Grass\n|move|p2b: Palafin|Jet Punch|p1a: Chi-Yu\n|-resisted|p1a: Chi-Yu\n|-damage|p1a: Chi-Yu|66\/100\n|move|p1b: Glimmora|Power Gem|p2b: Palafin\n|-damage|p2b: Palafin|30\/100 tox\n|move|p1a: Chi-Yu|Tera Blast|p2b: Palafin\n|-supereffective|p2b: Palafin\n|-damage|p2b: Palafin|0 fnt\n|faint|p2b: Palafin\n|\n|win|Inwaves22\n|raw|Inwaves22's rating: 1204 → 1228<\/strong> (+24 for winning)\n|raw|Nationfly's rating: 1195 → 1171<\/strong> (-24 for losing)\n|l|\u2606Nationfly\n","uploadtime":1683055341,"views":10,"p1id":"inwaves22","p2id":"nationfly","formatid":"gen9vgc2023regulationc","rating":1171,"private":0,"password":""}