{"id":"gen9vgc2023regulationc-1862511092","p1":"Prompto88","p2":"gomn","format":"[Gen 9] VGC 2023 Regulation C","log":"|j|\u2606Prompto88\n|j|\u2606gomn\n|t:|1683895984\n|gametype|doubles\n|player|p1|Prompto88|265|1193\n|player|p2|gomn|dragontamer|1204\n|teamsize|p1|6\n|teamsize|p2|6\n|gen|9\n|tier|[Gen 9] VGC 2023 Regulation C\n|rated|\n|rule|Species Clause: Limit one of each Pok\u00e9mon\n|rule|Item Clause: Limit one of each item\n|clearpoke\n|poke|p1|Gothitelle, L50, F|\n|poke|p1|Arcanine, L50, F|\n|poke|p1|Garganacl, L50, M|\n|poke|p1|Ting-Lu, L50|\n|poke|p1|Wo-Chien, L50|\n|poke|p1|Glimmora, L50, F|\n|poke|p2|Iron Hands, L50|\n|poke|p2|Corviknight, L50, M|\n|poke|p2|Dragapult, L50, M|\n|poke|p2|Gastrodon-East, L50, M|\n|poke|p2|Indeedee-F, L50, F|\n|poke|p2|Chi-Yu, L50|\n|teampreview|4\n|inactive|Battle timer is ON: inactive players will automatically lose when time's up. (requested by Prompto88)\n|inactive|Prompto88 has 60 seconds left.\n|\n|t:|1683896018\n|start\n|switch|p1a: Garganacl|Garganacl, L50, M|100\/100\n|switch|p1b: Glimmora|Glimmora, L50, F|100\/100\n|switch|p2a: D-Pult|Dragapult, L50, M|100\/100\n|switch|p2b: Chi-Yu|Chi-Yu, L50|100\/100\n|-ability|p2b: Chi-Yu|Beads of Ruin\n|-item|p1b: Glimmora|Air Balloon\n|turn|1\n|inactive|gomn has 30 seconds left.\n|\n|t:|1683896057\n|move|p2b: Chi-Yu|Heat Wave|p1a: Garganacl|[spread] p1a,p1b\n|-resisted|p1a: Garganacl\n|-resisted|p1b: Glimmora\n|-damage|p1a: Garganacl|80\/100\n|-damage|p1b: Glimmora|80\/100\n|-enditem|p1b: Glimmora|Air Balloon\n|move|p2a: D-Pult|Phantom Force||[still]\n|-prepare|p2a: D-Pult|Phantom Force\n|move|p1b: Glimmora|Toxic|p2b: Chi-Yu\n|-status|p2b: Chi-Yu|tox\n|move|p1a: Garganacl|Salt Cure|p2a: D-Pult|[miss]\n|-miss|p1a: Garganacl|p2a: D-Pult\n|\n|-heal|p1a: Garganacl|86\/100|[from] item: Leftovers\n|-damage|p2b: Chi-Yu|94\/100 tox|[from] psn\n|upkeep\n|turn|2\n|\n|t:|1683896081\n|switch|p2b: Gastro|Gastrodon-East, L50, M|100\/100\n|move|p2a: D-Pult|Phantom Force|p1b: Glimmora|[from]lockedmove\n|-damage|p1b: Glimmora|18\/100\n|move|p1b: Glimmora|Acid Armor|p1b: Glimmora\n|-boost|p1b: Glimmora|def|2\n|move|p1a: Garganacl|Salt Cure|p2a: D-Pult\n|-damage|p2a: D-Pult|80\/100\n|-start|p2a: D-Pult|Salt Cure\n|\n|-heal|p1a: Garganacl|92\/100|[from] item: Leftovers\n|-damage|p2a: D-Pult|68\/100|[from] Salt Cure\n|upkeep\n|turn|3\n|\n|t:|1683896100\n|switch|p1b: Arcanine|Arcanine, L50, F|100\/100\n|-ability|p1b: Arcanine|Intimidate|boost\n|-fail|p2a: D-Pult|unboost|[from] ability: Clear Body|[of] p2a: D-Pult\n|-unboost|p2b: Gastro|atk|1\n|move|p2b: Gastro|Protect|p2b: Gastro\n|-singleturn|p2b: Gastro|Protect\n|move|p2a: D-Pult|Phantom Force||[still]\n|-prepare|p2a: D-Pult|Phantom Force\n|move|p1a: Garganacl|Salt Cure|p2b: Gastro\n|-activate|p2b: Gastro|move: Protect\n|\n|-heal|p1a: Garganacl|98\/100|[from] item: Leftovers\n|-damage|p2a: D-Pult|55\/100|[from] Salt Cure\n|upkeep\n|turn|4\n|\n|t:|1683896114\n|move|p2a: D-Pult|Phantom Force|p1b: Arcanine|[from]lockedmove\n|-damage|p1b: Arcanine|35\/100\n|move|p1b: Arcanine|Will-O-Wisp|p2a: D-Pult\n|-status|p2a: D-Pult|brn\n|move|p2b: Gastro|Earth Power|p1b: Arcanine\n|-supereffective|p1b: Arcanine\n|-damage|p1b: Arcanine|0 fnt\n|faint|p1b: Arcanine\n|move|p1a: Garganacl|Salt Cure|p2b: Gastro\n|-resisted|p2b: Gastro\n|-damage|p2b: Gastro|95\/100\n|\n|-heal|p1a: Garganacl|100\/100|[from] item: Leftovers\n|-damage|p2a: D-Pult|49\/100 brn|[from] brn\n|-damage|p2a: D-Pult|37\/100 brn|[from] Salt Cure\n|upkeep\n|\n|t:|1683896129\n|switch|p1b: Ting-Lu|Ting-Lu, L50|100\/100\n|-ability|p1b: Ting-Lu|Vessel of Ruin\n|turn|5\n|\n|t:|1683896143\n|switch|p2a: Corviknight|Corviknight, L50, M, shiny|100\/100\n|move|p1b: Ting-Lu|Sand Tomb|p2a: Corviknight\n|-immune|p2a: Corviknight\n|move|p2b: Gastro|Earth Power|p1a: Garganacl\n|-supereffective|p1a: Garganacl\n|-damage|p1a: Garganacl|66\/100\n|move|p1a: Garganacl|Salt Cure|p2b: Gastro\n|-resisted|p2b: Gastro\n|-damage|p2b: Gastro|88\/100\n|\n|-heal|p1a: Garganacl|72\/100|[from] item: Leftovers\n|upkeep\n|turn|6\n|\n|t:|1683896164\n|move|p2a: Corviknight|Protect|p2a: Corviknight\n|-singleturn|p2a: Corviknight|Protect\n|move|p1b: Ting-Lu|Ruination|p2b: Gastro\n|-damage|p2b: Gastro|45\/100\n|move|p2b: Gastro|Earth Power|p1a: Garganacl\n|-supereffective|p1a: Garganacl\n|-damage|p1a: Garganacl|42\/100\n|move|p1a: Garganacl|Salt Cure|p2a: Corviknight\n|-activate|p2a: Corviknight|move: Protect\n|\n|-heal|p1a: Garganacl|47\/100|[from] item: Leftovers\n|upkeep\n|turn|7\n|\n|t:|1683896179\n|switch|p2a: D-Pult|Dragapult, L50, M|37\/100 brn\n|move|p1b: Ting-Lu|Sand Tomb|p2b: Gastro\n|-damage|p2b: Gastro|33\/100\n|-activate|p2b: Gastro|move: Sand Tomb|[of] p1b: Ting-Lu\n|move|p2b: Gastro|Earth Power|p1a: Garganacl\n|-supereffective|p1a: Garganacl\n|-damage|p1a: Garganacl|13\/100\n|move|p1a: Garganacl|Recover|p1a: Garganacl\n|-heal|p1a: Garganacl|63\/100\n|\n|-heal|p1a: Garganacl|69\/100|[from] item: Leftovers\n|-damage|p2a: D-Pult|31\/100 brn|[from] brn\n|-damage|p2b: Gastro|20\/100|[from] move: Sand Tomb|[partiallytrapped]\n|upkeep\n|turn|8\n|\n|t:|1683896199\n|move|p2a: D-Pult|Phantom Force||[still]\n|-prepare|p2a: D-Pult|Phantom Force\n|move|p1b: Ting-Lu|Ruination|p2a: D-Pult|[miss]\n|-miss|p1b: Ting-Lu|p2a: D-Pult\n|move|p2b: Gastro|Recover|p2b: Gastro\n|-heal|p2b: Gastro|70\/100\n|move|p1a: Garganacl|Salt Cure|p2a: D-Pult|[miss]\n|-miss|p1a: Garganacl|p2a: D-Pult\n|\n|-heal|p1a: Garganacl|74\/100|[from] item: Leftovers\n|-damage|p2a: D-Pult|25\/100 brn|[from] brn\n|-damage|p2b: Gastro|58\/100|[from] move: Sand Tomb|[partiallytrapped]\n|upkeep\n|turn|9\n|\n|t:|1683896212\n|move|p2a: D-Pult|Phantom Force|p1a: Garganacl|[from]lockedmove\n|-damage|p1a: Garganacl|63\/100\n|move|p1b: Ting-Lu|Fissure|p2b: Gastro|[miss]\n|-miss|p1b: Ting-Lu|p2b: Gastro\n|move|p2b: Gastro|Earth Power|p1a: Garganacl\n|-supereffective|p1a: Garganacl\n|-damage|p1a: Garganacl|31\/100\n|move|p1a: Garganacl|Salt Cure|p2a: D-Pult\n|-damage|p2a: D-Pult|5\/100 brn\n|-start|p2a: D-Pult|Salt Cure\n|\n|-heal|p1a: Garganacl|37\/100|[from] item: Leftovers\n|-damage|p2a: D-Pult|0 fnt|[from] brn\n|faint|p2a: D-Pult\n|-damage|p2b: Gastro|45\/100|[from] move: Sand Tomb|[partiallytrapped]\n|upkeep\n|\n|t:|1683896224\n|switch|p2a: Chi-Yu|Chi-Yu, L50|94\/100 tox\n|-ability|p2a: Chi-Yu|Beads of Ruin\n|turn|10\n|\n|t:|1683896243\n|-terastallize|p2a: Chi-Yu|Ground\n|move|p1a: Garganacl|Protect|p1a: Garganacl\n|-singleturn|p1a: Garganacl|Protect\n|move|p2a: Chi-Yu|Tera Blast|p1a: Garganacl\n|-activate|p1a: Garganacl|move: Protect\n|move|p1b: Ting-Lu|Fissure|p2b: Gastro\n|-damage|p2b: Gastro|0 fnt\n|faint|p2b: Gastro\n|-ohko\n|\n|-heal|p1a: Garganacl|43\/100|[from] item: Leftovers\n|-damage|p2a: Chi-Yu|88\/100 tox|[from] psn\n|upkeep\n|\n|t:|1683896247\n|switch|p2b: Corviknight|Corviknight, L50, M, shiny|100\/100\n|turn|11\n|\n|t:|1683896265\n|-terastallize|p1a: Garganacl|Ghost\n|move|p2a: Chi-Yu|Tera Blast|p1a: Garganacl\n|-damage|p1a: Garganacl|12\/100\n|move|p2b: Corviknight|Iron Defense|p2b: Corviknight\n|-boost|p2b: Corviknight|def|2\n|move|p1b: Ting-Lu|Ruination|p2a: Chi-Yu|[miss]\n|-miss|p1b: Ting-Lu|p2a: Chi-Yu\n|move|p1a: Garganacl|Salt Cure|p2b: Corviknight\n|-damage|p2b: Corviknight|96\/100\n|-start|p2b: Corviknight|Salt Cure\n|\n|-heal|p2b: Corviknight|100\/100|[from] item: Leftovers\n|-heal|p1a: Garganacl|17\/100|[from] item: Leftovers\n|-damage|p2a: Chi-Yu|75\/100 tox|[from] psn\n|-damage|p2b: Corviknight|75\/100|[from] Salt Cure\n|upkeep\n|turn|12\n|\n|t:|1683896285\n|move|p1a: Garganacl|Protect|p1a: Garganacl\n|-singleturn|p1a: Garganacl|Protect\n|move|p2a: Chi-Yu|Tera Blast|p1b: Ting-Lu\n|-damage|p1b: Ting-Lu|69\/100\n|move|p2b: Corviknight|Body Press|p1b: Ting-Lu\n|-supereffective|p1b: Ting-Lu\n|-damage|p1b: Ting-Lu|16\/100\n|-enditem|p1b: Ting-Lu|Iapapa Berry|[eat]\n|-heal|p1b: Ting-Lu|49\/100|[from] item: Iapapa Berry\n|move|p1b: Ting-Lu|Sand Tomb|p2a: Chi-Yu|[miss]\n|-miss|p1b: Ting-Lu|p2a: Chi-Yu\n|\n|-heal|p2b: Corviknight|82\/100|[from] item: Leftovers\n|-heal|p1a: Garganacl|23\/100|[from] item: Leftovers\n|-damage|p2a: Chi-Yu|57\/100 tox|[from] psn\n|-damage|p2b: Corviknight|57\/100|[from] Salt Cure\n|upkeep\n|turn|13\n|\n|t:|1683896303\n|switch|p1a: Glimmora|Glimmora, L50, F|18\/100\n|move|p1b: Ting-Lu|Protect|p1b: Ting-Lu\n|-singleturn|p1b: Ting-Lu|Protect\n|move|p2a: Chi-Yu|Tera Blast|p1a: Glimmora\n|-supereffective|p1a: Glimmora\n|-damage|p1a: Glimmora|0 fnt\n|faint|p1a: Glimmora\n|move|p2b: Corviknight|Body Press|p1b: Ting-Lu\n|-activate|p1b: Ting-Lu|move: Protect\n|\n|-heal|p2b: Corviknight|63\/100|[from] item: Leftovers\n|-damage|p2a: Chi-Yu|32\/100 tox|[from] psn\n|-damage|p2b: Corviknight|38\/100|[from] Salt Cure\n|upkeep\n|\n|t:|1683896317\n|switch|p1a: Garganacl|Garganacl, L50, M, tera:Ghost|23\/100\n|turn|14\n|\n|t:|1683896323\n|move|p2a: Chi-Yu|Tera Blast|p1a: Garganacl\n|-damage|p1a: Garganacl|0 fnt\n|faint|p1a: Garganacl\n|move|p2b: Corviknight|Body Press|p1b: Ting-Lu\n|-supereffective|p1b: Ting-Lu\n|-damage|p1b: Ting-Lu|5\/100\n|move|p1b: Ting-Lu|Sand Tomb|p2a: Chi-Yu|[miss]\n|-miss|p1b: Ting-Lu|p2a: Chi-Yu\n|\n|-heal|p2b: Corviknight|44\/100|[from] item: Leftovers\n|-damage|p2a: Chi-Yu|0 fnt|[from] psn\n|faint|p2a: Chi-Yu\n|-damage|p2b: Corviknight|19\/100|[from] Salt Cure\n|upkeep\n|turn|15\n|\n|t:|1683896336\n|move|p1b: Ting-Lu|Protect|p1b: Ting-Lu\n|-singleturn|p1b: Ting-Lu|Protect\n|move|p2b: Corviknight|Body Press|p1b: Ting-Lu\n|-activate|p1b: Ting-Lu|move: Protect\n|\n|-heal|p2b: Corviknight|25\/100|[from] item: Leftovers\n|-damage|p2b: Corviknight|0 fnt|[from] Salt Cure\n|faint|p2b: Corviknight\n|\n|win|Prompto88\n|upkeep\n|raw|Prompto88's rating: 1193 → 1219<\/strong> (+26 for winning)\n|raw|gomn's rating: 1204 → 1178<\/strong> (-26 for losing)\n|c|\u2606gomn|Pgf\n","uploadtime":1683896347,"views":17,"p1id":"prompto88","p2id":"gomn","formatid":"gen9vgc2023regulationc","rating":1178,"private":0,"password":""}