{"id":"gen9vgc2023regulationc-1853012305","p1":"MeLuCa","p2":"TheAlmightySo","format":"[Gen 9] VGC 2023 Regulation C","log":"|j|\u2606MeLuCa\n|j|\u2606TheAlmightySo\n|t:|1682625602\n|gametype|doubles\n|player|p1|MeLuCa|hiker-gen4|1556\n|player|p2|TheAlmightySo|101|1463\n|teamsize|p1|6\n|teamsize|p2|6\n|gen|9\n|tier|[Gen 9] VGC 2023 Regulation C\n|rated|\n|rule|Species Clause: Limit one of each Pok\u00e9mon\n|rule|Item Clause: Limit one of each item\n|clearpoke\n|poke|p1|Dondozo, L50, F|\n|poke|p1|Tatsugiri-Stretchy, L50, F|\n|poke|p1|Pelipper, L50, F|\n|poke|p1|Barraskewda, L50, F|\n|poke|p1|Iron Bundle, L50|\n|poke|p1|Palafin, L50, F|\n|poke|p2|Flutter Mane, L50|\n|poke|p2|Chi-Yu, L50|\n|poke|p2|Amoonguss, L50, F|\n|poke|p2|Ting-Lu, L50|\n|poke|p2|Dragonite, L50, M|\n|poke|p2|Chien-Pao, L50|\n|teampreview|4\n|inactive|Battle timer is ON: inactive players will automatically lose when time's up. (requested by MeLuCa)\n|inactive|TheAlmightySo has 60 seconds left.\n|\n|t:|1682625637\n|start\n|switch|p1a: Dondozo|Dondozo, L50, F|100\/100\n|switch|p1b: Pelipper|Pelipper, L50, F|100\/100\n|switch|p2a: Ting-Lu|Ting-Lu, L50|100\/100\n|switch|p2b: Dragonite|Dragonite, L50, M|100\/100\n|-weather|RainDance|[from] ability: Drizzle|[of] p1b: Pelipper\n|-ability|p2a: Ting-Lu|Vessel of Ruin\n|turn|1\n|\n|t:|1682625650\n|switch|p1b: Tatsugiri|Tatsugiri-Stretchy, L50, F|100\/100\n|-activate|p1b: Tatsugiri|ability: Commander|[of] p1a: Dondozo\n|-boost|p1a: Dondozo|atk|2\n|-boost|p1a: Dondozo|spa|2\n|-boost|p1a: Dondozo|spe|2\n|-boost|p1a: Dondozo|def|2\n|-boost|p1a: Dondozo|spd|2\n|-terastallize|p1a: Dondozo|Water\n|move|p1a: Dondozo|Surf|p2b: Dragonite|[spread] p2a,p2b\n|-miss|p1a: Dondozo|p1b: Tatsugiri\n|-supereffective|p2a: Ting-Lu\n|-resisted|p2b: Dragonite\n|-damage|p2a: Ting-Lu|0 fnt\n|-damage|p2b: Dragonite|74\/100\n|faint|p2a: Ting-Lu\n|move|p2b: Dragonite|Thunder Punch|p1b: Tatsugiri|[miss]\n|-miss|p2b: Dragonite|p1b: Tatsugiri\n|\n|-weather|RainDance|[upkeep]\n|upkeep\n|\n|t:|1682625663\n|switch|p2a: Amoonguss|Amoonguss, L50, F|100\/100\n|turn|2\n|\n|t:|1682625668\n|move|p1a: Dondozo|Surf|p2b: Dragonite|[spread] p2a,p2b\n|-miss|p1a: Dondozo|p1b: Tatsugiri\n|-resisted|p2a: Amoonguss\n|-resisted|p2b: Dragonite\n|-damage|p2a: Amoonguss|41\/100\n|-damage|p2b: Dragonite|0 fnt\n|-enditem|p2a: Amoonguss|Sitrus Berry|[eat]\n|-heal|p2a: Amoonguss|66\/100|[from] item: Sitrus Berry\n|faint|p2b: Dragonite\n|move|p2a: Amoonguss|Spore|p1a: Dondozo\n|-status|p1a: Dondozo|slp|[from] move: Spore\n|\n|-weather|RainDance|[upkeep]\n|upkeep\n|\n|t:|1682625677\n|switch|p2b: Flutter Mane|Flutter Mane, L50|100\/100\n|-enditem|p2b: Flutter Mane|Booster Energy\n|-activate|p2b: Flutter Mane|ability: Protosynthesis|[fromitem]\n|-start|p2b: Flutter Mane|protosynthesisspe\n|turn|3\n|\n|t:|1682625688\n|-terastallize|p2b: Flutter Mane|Fairy\n|move|p2b: Flutter Mane|Moonblast|p1a: Dondozo\n|-damage|p1a: Dondozo|64\/100 slp\n|cant|p1a: Dondozo|slp\n|move|p2a: Amoonguss|Pollen Puff|p1a: Dondozo\n|-damage|p1a: Dondozo|55\/100 slp\n|\n|-weather|RainDance|[upkeep]\n|upkeep\n|turn|4\n|\n|t:|1682625701\n|move|p2b: Flutter Mane|Moonblast|p1a: Dondozo\n|-damage|p1a: Dondozo|18\/100 slp\n|-unboost|p1a: Dondozo|spa|1\n|-curestatus|p1a: Dondozo|slp|[msg]\n|move|p1a: Dondozo|Surf|p2a: Amoonguss|[spread] p2a,p2b\n|-miss|p1a: Dondozo|p1b: Tatsugiri\n|-resisted|p2a: Amoonguss\n|-damage|p2a: Amoonguss|15\/100\n|-damage|p2b: Flutter Mane|0 fnt\n|faint|p2b: Flutter Mane\n|-end|p2b: Flutter Mane|Protosynthesis|[silent]\n|move|p2a: Amoonguss|Pollen Puff|p1a: Dondozo\n|-damage|p1a: Dondozo|8\/100\n|\n|-weather|RainDance|[upkeep]\n|upkeep\n|turn|5\n|inactive|TheAlmightySo has 30 seconds left.\n|inactive|TheAlmightySo has 20 seconds left.\n|inactive|TheAlmightySo has 15 seconds left.\n|inactive|TheAlmightySo has 10 seconds left.\n|inactive|TheAlmightySo has 5 seconds left.\n|\n|t:|1682625756\n|move|p1a: Dondozo|Surf|p2a: Amoonguss|[spread] p2a\n|-miss|p1a: Dondozo|p1b: Tatsugiri\n|-resisted|p2a: Amoonguss\n|-damage|p2a: Amoonguss|0 fnt\n|faint|p2a: Amoonguss\n|\n|win|MeLuCa\n|raw|MeLuCa's rating: 1556 → 1571<\/strong> (+15 for winning)\n|raw|TheAlmightySo's rating: 1463 → 1448<\/strong> (-15 for losing)\n","uploadtime":1682625765,"views":13,"p1id":"meluca","p2id":"thealmightyso","formatid":"gen9vgc2023regulationc","rating":1448,"private":0,"password":""}