{"id":"gen9vgc2023regulationc-1864189242","p1":"taka9842","p2":"revocolombia","format":"[Gen 9] VGC 2023 Regulation C","log":"|j|\u2606taka9842\n|j|\u2606revocolombia\n|t:|1684133130\n|gametype|doubles\n|player|p1|taka9842|169|1216\n|player|p2|revocolombia|pokemonranger-gen4|1250\n|teamsize|p1|6\n|teamsize|p2|6\n|gen|9\n|tier|[Gen 9] VGC 2023 Regulation C\n|rated|\n|rule|Species Clause: Limit one of each Pok\u00e9mon\n|rule|Item Clause: Limit one of each item\n|clearpoke\n|poke|p1|Abomasnow, L50, F|\n|poke|p1|Iron Bundle, L50|\n|poke|p1|Flutter Mane, L50|\n|poke|p1|Dragonite, L50, F|\n|poke|p1|Arcanine, L50, M|\n|poke|p1|Amoonguss, L50, F|\n|poke|p2|Flutter Mane, L50|\n|poke|p2|Annihilape, L50, F|\n|poke|p2|Dragonite, L50, M|\n|poke|p2|Chien-Pao, L50|\n|poke|p2|Murkrow, L50, M|\n|poke|p2|Rotom-Wash, L50|\n|teampreview|4\n|\n|t:|1684133152\n|start\n|switch|p1a: Iron Bundle|Iron Bundle, L50|100\/100\n|switch|p1b: Abomasnow|Abomasnow, L50, F|100\/100\n|switch|p2a: Murkrow|Murkrow, L50, M|100\/100\n|switch|p2b: Annihilape|Annihilape, L50, F, shiny|100\/100\n|-weather|Snow|[from] ability: Snow Warning|[of] p1b: Abomasnow\n|-enditem|p1a: Iron Bundle|Booster Energy\n|-activate|p1a: Iron Bundle|ability: Quark Drive|[fromitem]\n|-start|p1a: Iron Bundle|quarkdrivespe\n|turn|1\n|\n|t:|1684133178\n|-terastallize|p2b: Annihilape|Fire\n|move|p1a: Iron Bundle|Protect|p1a: Iron Bundle\n|-singleturn|p1a: Iron Bundle|Protect\n|move|p2a: Murkrow|Taunt|p1b: Abomasnow\n|-start|p1b: Abomasnow|move: Taunt\n|move|p1b: Abomasnow|Ice Shard|p2a: Murkrow\n|-supereffective|p2a: Murkrow\n|-damage|p2a: Murkrow|72\/100\n|move|p2b: Annihilape|Rage Fist|p1a: Iron Bundle\n|-activate|p1a: Iron Bundle|move: Protect\n|\n|-weather|Snow|[upkeep]\n|upkeep\n|turn|2\n|\n|t:|1684133199\n|move|p2a: Murkrow|Taunt|p1a: Iron Bundle\n|-start|p1a: Iron Bundle|move: Taunt\n|move|p1a: Iron Bundle|Freeze-Dry|p2a: Murkrow\n|-supereffective|p2a: Murkrow\n|-damage|p2a: Murkrow|0 fnt\n|faint|p2a: Murkrow\n|move|p2b: Annihilape|Rage Fist|p1a: Iron Bundle\n|-damage|p1a: Iron Bundle|81\/100\n|move|p1b: Abomasnow|Earth Power|p2b: Annihilape\n|-supereffective|p2b: Annihilape\n|-damage|p2b: Annihilape|56\/100\n|-unboost|p2b: Annihilape|spd|1\n|-ability|p2b: Annihilape|Defiant|boost\n|-boost|p2b: Annihilape|atk|2\n|\n|-weather|Snow|[upkeep]\n|-heal|p2b: Annihilape|63\/100|[from] item: Leftovers\n|upkeep\n|\n|t:|1684133220\n|switch|p2a: Chien-Pao|Chien-Pao, L50|100\/100\n|-ability|p2a: Chien-Pao|Sword of Ruin\n|turn|3\n|\n|t:|1684133237\n|move|p1a: Iron Bundle|Hydro Pump|p2a: Chien-Pao\n|-damage|p2a: Chien-Pao|26\/100\n|move|p2a: Chien-Pao|Sacred Sword|p1a: Iron Bundle\n|-supereffective|p1a: Iron Bundle\n|-damage|p1a: Iron Bundle|13\/100\n|move|p2b: Annihilape|Drain Punch|p1b: Abomasnow\n|-supereffective|p1b: Abomasnow\n|-damage|p1b: Abomasnow|0 fnt\n|-heal|p2b: Annihilape|100\/100|[from] drain|[of] p1b: Abomasnow\n|faint|p1b: Abomasnow\n|\n|-weather|Snow|[upkeep]\n|upkeep\n|\n|t:|1684133247\n|switch|p1b: Flutter Mane|Flutter Mane, L50|100\/100\n|turn|4\n|\n|t:|1684133259\n|-end|p1a: Iron Bundle|Quark Drive|[silent]\n|switch|p1a: Arcanine|Arcanine, L50, M|100\/100\n|-ability|p1a: Arcanine|Intimidate|boost\n|-unboost|p2a: Chien-Pao|atk|1\n|-unboost|p2b: Annihilape|atk|1\n|-ability|p2b: Annihilape|Defiant|boost\n|-boost|p2b: Annihilape|atk|2\n|move|p2a: Chien-Pao|Sucker Punch||[still]\n|-fail|p2a: Chien-Pao\n|move|p1b: Flutter Mane|Shadow Ball|p2b: Annihilape\n|-damage|p2b: Annihilape|24\/100\n|move|p2b: Annihilape|Rage Fist|p1b: Flutter Mane\n|-supereffective|p1b: Flutter Mane\n|-damage|p1b: Flutter Mane|0 fnt\n|faint|p1b: Flutter Mane\n|-end|p1b: Flutter Mane|Protosynthesis|[silent]\n|\n|-weather|Snow|[upkeep]\n|-heal|p2b: Annihilape|30\/100|[from] item: Leftovers\n|upkeep\n|\n|t:|1684133265\n|switch|p1b: Iron Bundle|Iron Bundle, L50|13\/100\n|turn|5\n|\n|t:|1684133300\n|move|p1b: Iron Bundle|Protect|p1b: Iron Bundle\n|-singleturn|p1b: Iron Bundle|Protect\n|move|p2a: Chien-Pao|Ice Shard|p1b: Iron Bundle\n|-activate|p1b: Iron Bundle|move: Protect\n|move|p1a: Arcanine|Flare Blitz|p2a: Chien-Pao\n|-supereffective|p2a: Chien-Pao\n|-damage|p2a: Chien-Pao|0 fnt\n|faint|p2a: Chien-Pao\n|-damage|p1a: Arcanine|93\/100|[from] Recoil\n|move|p2b: Annihilape|Rage Fist|p1a: Arcanine\n|-damage|p1a: Arcanine|0 fnt\n|faint|p1a: Arcanine\n|\n|-weather|none\n|-heal|p2b: Annihilape|36\/100|[from] item: Leftovers\n|upkeep\n|-message|taka9842 forfeited.\n|\n|win|revocolombia\n|raw|taka9842's rating: 1216 → 1193<\/strong> (-23 for losing)\n|raw|revocolombia's rating: 1250 → 1273<\/strong> (+23 for winning)\n|l|\u2606taka9842\n","uploadtime":1684133320,"views":10,"p1id":"taka9842","p2id":"revocolombia","formatid":"gen9vgc2023regulationc","rating":1193,"private":0,"password":""}