{"id":"gen9vgc2023regulationc-1850377254","p1":"werdsscxi","p2":"The_AG_Is_Real","format":"[Gen 9] VGC 2023 Regulation C","log":"|j|\u2606werdsscxi\n|j|\u203dThe_AG_Is_Real\n|t:|1682327462\n|gametype|doubles\n|player|p1|werdsscxi|lucas|1107\n|player|p2|The_AG_Is_Real|candice|1167\n|teamsize|p1|6\n|teamsize|p2|6\n|gen|9\n|tier|[Gen 9] VGC 2023 Regulation C\n|rated|\n|rule|Species Clause: Limit one of each Pok\u00e9mon\n|rule|Item Clause: Limit one of each item\n|clearpoke\n|poke|p1|Hariyama, L50, M|\n|poke|p1|Indeedee-F, L50, F|\n|poke|p1|Torkoal, L50, F|\n|poke|p1|Arboliva, L50, M|\n|poke|p1|Gastrodon, L50, F|\n|poke|p1|Slowpoke, L50, F|\n|poke|p2|Pelipper, L50, F|\n|poke|p2|Chien-Pao, L50|\n|poke|p2|Azumarill, L50, M|\n|poke|p2|Floatzel, L50, F|\n|poke|p2|Arcanine, L50, F|\n|poke|p2|Amoonguss, L50, M|\n|teampreview|4\n|inactive|Battle timer is ON: inactive players will automatically lose when time's up. (requested by The_AG_Is_Real)\n|inactive|werdsscxi also wants the timer to be on.\n|inactive|werdsscxi has 60 seconds left.\n|\n|t:|1682327510\n|start\n|switch|p1a: Slowpoke|Slowpoke, L50, F, shiny|100\/100\n|switch|p1b: Hariyama|Hariyama, L50, M, shiny|100\/100\n|switch|p2a: Arcanine|Arcanine, L50, F|100\/100\n|switch|p2b: Amoonguss|Amoonguss, L50, M|100\/100\n|-ability|p2a: Arcanine|Intimidate|boost\n|-fail|p1a: Slowpoke|unboost|Attack|[from] ability: Oblivious|[of] p1a: Slowpoke\n|-unboost|p1b: Hariyama|atk|1\n|turn|1\n|c|\u2606werdsscxi|glhf!\n|\n|t:|1682327527\n|move|p1b: Hariyama|Fake Out|p2b: Amoonguss\n|-damage|p2b: Amoonguss|93\/100\n|move|p2a: Arcanine|Will-O-Wisp|p1b: Hariyama\n|-status|p1b: Hariyama|brn\n|cant|p2b: Amoonguss|flinch\n|move|p1a: Slowpoke|Trick Room|p1a: Slowpoke\n|-fieldstart|move: Trick Room|[of] p1a: Slowpoke\n|\n|-damage|p1b: Hariyama|95\/100 brn|[from] brn\n|upkeep\n|turn|2\n|inactive|The_AG_Is_Real has 30 seconds left.\n|\n|t:|1682327557\n|-terastallize|p1a: Slowpoke|Grass\n|move|p1a: Slowpoke|Yawn|p2b: Amoonguss\n|-start|p2b: Amoonguss|move: Yawn|[of] p1a: Slowpoke\n|move|p2b: Amoonguss|Spore|p1a: Slowpoke\n|-immune|p1a: Slowpoke\n|move|p1b: Hariyama|Close Combat|p2a: Arcanine\n|-damage|p2a: Arcanine|43\/100\n|-unboost|p1b: Hariyama|def|1\n|-unboost|p1b: Hariyama|spd|1\n|move|p2a: Arcanine|Flare Blitz|p1b: Hariyama\n|-damage|p1b: Hariyama|14\/100 brn\n|-damage|p2a: Arcanine|13\/100|[from] Recoil\n|\n|-damage|p1b: Hariyama|8\/100 brn|[from] brn\n|upkeep\n|turn|3\n|inactive|The_AG_Is_Real has 30 seconds left.\n|\n|t:|1682327586\n|move|p2a: Arcanine|Extreme Speed|p1b: Hariyama\n|-damage|p1b: Hariyama|0 fnt\n|faint|p1b: Hariyama\n|move|p1a: Slowpoke|Yawn||[still]\n|-fail|p1a: Slowpoke\n|move|p2b: Amoonguss|Pollen Puff|p2a: Arcanine\n|-heal|p2a: Arcanine|63\/100\n|\n|-end|p2b: Amoonguss|move: Yawn|[silent]\n|-status|p2b: Amoonguss|slp\n|upkeep\n|\n|t:|1682327600\n|switch|p1b: Gastrodon|Gastrodon, L50, F, shiny|100\/100\n|turn|4\n|\n|t:|1682327612\n|-terastallize|p2a: Arcanine|Normal\n|move|p2a: Arcanine|Extreme Speed|p1b: Gastrodon\n|-damage|p1b: Gastrodon|61\/100\n|move|p1a: Slowpoke|Surf|p2b: Amoonguss|[spread] p2a,p2b\n|-ability|p1b: Gastrodon|Storm Drain|boost\n|-boost|p1b: Gastrodon|spa|1\n|-resisted|p2b: Amoonguss\n|-damage|p2a: Arcanine|51\/100\n|-damage|p2b: Amoonguss|88\/100 slp\n|move|p1b: Gastrodon|Muddy Water|p2a: Arcanine|[spread] p2a\n|-miss|p1b: Gastrodon|p2b: Amoonguss\n|-damage|p2a: Arcanine|0 fnt\n|faint|p2a: Arcanine\n|-damage|p1b: Gastrodon|51\/100|[from] item: Life Orb\n|cant|p2b: Amoonguss|slp\n|\n|upkeep\n|\n|t:|1682327628\n|switch|p2a: Pelipper|Pelipper, L50, F|100\/100\n|-weather|RainDance|[from] ability: Drizzle|[of] p2a: Pelipper\n|turn|5\n|\n|t:|1682327653\n|move|p1a: Slowpoke|Surf|p2b: Amoonguss|[spread] p2a,p2b\n|-ability|p1b: Gastrodon|Storm Drain|boost\n|-boost|p1b: Gastrodon|spa|1\n|-resisted|p2a: Pelipper\n|-resisted|p2b: Amoonguss\n|-damage|p2a: Pelipper|91\/100\n|-damage|p2b: Amoonguss|81\/100 slp\n|move|p1b: Gastrodon|Muddy Water|p2a: Pelipper|[spread] p2a,p2b\n|-resisted|p2a: Pelipper\n|-resisted|p2b: Amoonguss\n|-damage|p2a: Pelipper|20\/100\n|-damage|p2b: Amoonguss|33\/100 slp\n|-unboost|p2a: Pelipper|accuracy|1\n|-damage|p1b: Gastrodon|42\/100|[from] item: Life Orb\n|-curestatus|p2b: Amoonguss|slp|[msg]\n|move|p2b: Amoonguss|Spore|p1b: Gastrodon\n|-status|p1b: Gastrodon|slp|[from] move: Spore\n|move|p2a: Pelipper|Hurricane|p1a: Slowpoke\n|-supereffective|p1a: Slowpoke\n|-damage|p1a: Slowpoke|32\/100\n|\n|-weather|RainDance|[upkeep]\n|-fieldend|move: Trick Room\n|upkeep\n|turn|6\n|inactive|werdsscxi has 30 seconds left.\n|\n|t:|1682327678\n|switch|p2b: Floatzel|Floatzel, L50, F|100\/100\n|move|p2a: Pelipper|Hurricane|p1b: Gastrodon\n|-damage|p1b: Gastrodon|0 fnt\n|faint|p1b: Gastrodon\n|move|p1a: Slowpoke|Trick Room|p1a: Slowpoke\n|-fieldstart|move: Trick Room|[of] p1a: Slowpoke\n|\n|-weather|RainDance|[upkeep]\n|upkeep\n|\n|t:|1682327687\n|switch|p1b: Torkoal|Torkoal, L50, F, shiny|100\/100\n|-weather|SunnyDay|[from] ability: Drought|[of] p1b: Torkoal\n|turn|7\n|\n|t:|1682327704\n|move|p2a: Pelipper|Protect|p2a: Pelipper\n|-singleturn|p2a: Pelipper|Protect\n|move|p2b: Floatzel|Aqua Jet|p1b: Torkoal\n|-supereffective|p1b: Torkoal\n|-damage|p1b: Torkoal|77\/100\n|-enditem|p1b: Torkoal|Weakness Policy\n|-boost|p1b: Torkoal|atk|2|[from] item: Weakness Policy\n|-boost|p1b: Torkoal|spa|2|[from] item: Weakness Policy\n|move|p1a: Slowpoke|Yawn|p2a: Pelipper\n|-activate|p2a: Pelipper|move: Protect\n|move|p1b: Torkoal|Solar Beam||[still]\n|-prepare|p1b: Torkoal|Solar Beam\n|-anim|p1b: Torkoal|Solar Beam|p2b: Floatzel\n|-supereffective|p2b: Floatzel\n|-damage|p2b: Floatzel|0 fnt\n|faint|p2b: Floatzel\n|\n|-weather|SunnyDay|[upkeep]\n|upkeep\n|\n|t:|1682327713\n|switch|p2b: Amoonguss|Amoonguss, L50, M|66\/100\n|turn|8\n|c|\u2606werdsscxi|gg!\n|\n|t:|1682327725\n|move|p1a: Slowpoke|Surf|p2a: Pelipper|[spread] p1b,p2a,p2b\n|-supereffective|p1b: Torkoal\n|-resisted|p2a: Pelipper\n|-resisted|p2b: Amoonguss\n|-damage|p1b: Torkoal|62\/100\n|-damage|p2a: Pelipper|18\/100\n|-damage|p2b: Amoonguss|63\/100\n|move|p1b: Torkoal|Eruption|p2a: Pelipper|[spread] p2a,p2b\n|-resisted|p2a: Pelipper\n|-supereffective|p2b: Amoonguss\n|-damage|p2a: Pelipper|0 fnt\n|-damage|p2b: Amoonguss|0 fnt\n|faint|p2a: Pelipper\n|faint|p2b: Amoonguss\n|\n|win|werdsscxi\n|raw|werdsscxi's rating: 1107 → 1136<\/strong> (+29 for winning)\n|raw|The_AG_Is_Real's rating: 1167 → 1138<\/strong> (-29 for losing)\n|l|\u2606werdsscxi\n","uploadtime":1682327735,"views":23,"p1id":"werdsscxi","p2id":"theagisreal","formatid":"gen9vgc2023regulationc","rating":1136,"private":0,"password":""}