{"id":"gen9vgc2023regulationc-1846347923","p1":"BCDefault","p2":"Schwede1","format":"[Gen 9] VGC 2023 Regulation C","log":"|j|\u2606BCDefault\n|j|\u2606Schwede1\n|t:|1681833603\n|gametype|doubles\n|player|p1|BCDefault|worker|1036\n|player|p2|Schwede1|169|1022\n|teamsize|p1|6\n|teamsize|p2|6\n|gen|9\n|tier|[Gen 9] VGC 2023 Regulation C\n|rated|\n|rule|Species Clause: Limit one of each Pok\u00e9mon\n|rule|Item Clause: Limit one of each item\n|clearpoke\n|poke|p1|Lucario, L50, M|\n|poke|p1|Espathra, L50, F|\n|poke|p1|Stonjourner, L50, M|\n|poke|p1|Hariyama, L50, M|\n|poke|p1|Flamigo, L50, M|\n|poke|p1|Tauros-Paldea-Blaze, L50, M|\n|poke|p2|Hippowdon, L50, F|\n|poke|p2|Garchomp, L50, M|\n|poke|p2|Iron Hands, L50|\n|poke|p2|Kingambit, L50, F|\n|poke|p2|Cacturne, L50, F|\n|poke|p2|Salazzle, L50, F|\n|teampreview|4\n|inactive|Battle timer is ON: inactive players will automatically lose when time's up. (requested by Schwede1)\n|\n|t:|1681833620\n|start\n|switch|p1a: Hariyama|Hariyama, L50, M|100\/100\n|switch|p1b: Espathra|Espathra, L50, F|100\/100\n|switch|p2a: Cacturne|Cacturne, L50, F|100\/100\n|switch|p2b: Salazzle|Salazzle, L50, F|100\/100\n|turn|1\n|\n|t:|1681833636\n|move|p2a: Cacturne|Spiky Shield|p2a: Cacturne\n|-singleturn|p2a: Cacturne|move: Protect\n|move|p1a: Hariyama|Fake Out|p2b: Salazzle\n|-damage|p2b: Salazzle|74\/100\n|cant|p2b: Salazzle|flinch\n|move|p1b: Espathra|Lumina Crash|p2b: Salazzle\n|-supereffective|p2b: Salazzle\n|-damage|p2b: Salazzle|0 fnt\n|faint|p2b: Salazzle\n|\n|-ability|p1b: Espathra|Speed Boost|boost\n|-boost|p1b: Espathra|spe|1\n|-status|p1a: Hariyama|brn|[from] item: Flame Orb\n|upkeep\n|\n|t:|1681833649\n|switch|p2b: Hippowdon|Hippowdon, L50, F|100\/100\n|-weather|Sandstorm|[from] ability: Sand Stream|[of] p2b: Hippowdon\n|turn|2\n|\n|t:|1681833669\n|move|p1b: Espathra|Lumina Crash|p2b: Hippowdon\n|-damage|p2b: Hippowdon|63\/100\n|-unboost|p2b: Hippowdon|spd|2\n|move|p2a: Cacturne|Leech Seed|p1a: Hariyama\n|-start|p1a: Hariyama|move: Leech Seed\n|move|p1a: Hariyama|Drain Punch|p2a: Cacturne\n|-supereffective|p2a: Cacturne\n|-damage|p2a: Cacturne|0 fnt\n|-damage|p1a: Hariyama|84\/100 brn|[from] item: Rocky Helmet|[of] p2a: Cacturne\n|faint|p2a: Cacturne\n|move|p2b: Hippowdon|Yawn|p1b: Espathra\n|-start|p1b: Espathra|move: Yawn|[of] p2b: Hippowdon\n|\n|-weather|Sandstorm|[upkeep]\n|-damage|p1b: Espathra|95\/100|[from] Sandstorm\n|-damage|p1a: Hariyama|78\/100 brn|[from] Sandstorm\n|-damage|p1a: Hariyama|72\/100 brn|[from] brn\n|-ability|p1b: Espathra|Speed Boost|boost\n|-boost|p1b: Espathra|spe|1\n|upkeep\n|\n|t:|1681833686\n|switch|p2a: Garchomp|Garchomp, L50, M|100\/100\n|turn|3\n|\n|t:|1681833699\n|move|p1b: Espathra|Dazzling Gleam|p2a: Garchomp|[spread] p2b\n|-miss|p1b: Espathra|p2a: Garchomp\n|-damage|p2b: Hippowdon|30\/100\n|move|p2a: Garchomp|Swords Dance|p2a: Garchomp\n|-boost|p2a: Garchomp|atk|2\n|move|p1a: Hariyama|Drain Punch|p2a: Garchomp\n|-damage|p2a: Garchomp|37\/100\n|-heal|p1a: Hariyama|96\/100 brn|[from] drain|[of] p2a: Garchomp\n|move|p2b: Hippowdon|Stealth Rock|p1b: Espathra\n|-sidestart|p1: BCDefault|move: Stealth Rock\n|\n|-weather|Sandstorm|[upkeep]\n|-damage|p1b: Espathra|89\/100|[from] Sandstorm\n|-damage|p1a: Hariyama|90\/100 brn|[from] Sandstorm\n|-damage|p1a: Hariyama|77\/100 brn|[from] Leech Seed|[of] p2a: Garchomp\n|-heal|p2a: Garchomp|54\/100|[silent]\n|-damage|p1a: Hariyama|71\/100 brn|[from] brn\n|-end|p1b: Espathra|move: Yawn|[silent]\n|-status|p1b: Espathra|slp\n|-ability|p1b: Espathra|Speed Boost|boost\n|-boost|p1b: Espathra|spe|1\n|upkeep\n|turn|4\n|inactive|BCDefault has 30 seconds left.\n|\n|t:|1681833725\n|-terastallize|p2a: Garchomp|Ground\n|move|p2b: Hippowdon|Protect|p2b: Hippowdon\n|-singleturn|p2b: Hippowdon|Protect\n|cant|p1b: Espathra|slp\n|move|p2a: Garchomp|Earthquake|p1a: Hariyama|[spread] p1a,p1b\n|-activate|p2b: Hippowdon|move: Protect\n|-damage|p1a: Hariyama|0 fnt\n|-damage|p1b: Espathra|0 fnt\n|faint|p1a: Hariyama\n|faint|p1b: Espathra\n|\n|-weather|Sandstorm|[upkeep]\n|upkeep\n|\n|t:|1681833735\n|switch|p1b: Lucario|Lucario, L50, M|100\/100\n|switch|p1a: Stonjourner|Stonjourner, L50, M|100\/100\n|-damage|p1b: Lucario|98\/100|[from] Stealth Rock\n|-damage|p1a: Stonjourner|88\/100|[from] Stealth Rock\n|turn|5\n|\n|t:|1681833747\n|-terastallize|p1b: Lucario|Normal\n|move|p2b: Hippowdon|Protect||[still]\n|-fail|p2b: Hippowdon\n|move|p1a: Stonjourner|Wide Guard|p1a: Stonjourner\n|-singleturn|p1a: Stonjourner|Wide Guard\n|move|p1b: Lucario|Extreme Speed|p2b: Hippowdon\n|-damage|p2b: Hippowdon|0 fnt\n|faint|p2b: Hippowdon\n|-damage|p1b: Lucario|88\/100|[from] item: Life Orb\n|move|p2a: Garchomp|Earthquake|p1b: Lucario|[spread] \n|-activate|p1a: Stonjourner|move: Wide Guard\n|-activate|p1b: Lucario|move: Wide Guard\n|\n|-weather|Sandstorm|[upkeep]\n|-damage|p1b: Lucario|82\/100|[from] Sandstorm\n|-heal|p1a: Stonjourner|94\/100|[from] item: Leftovers\n|upkeep\n|turn|6\n|\n|t:|1681833768\n|move|p1b: Lucario|Extreme Speed|p2a: Garchomp|[miss]\n|-miss|p1b: Lucario|p2a: Garchomp\n|move|p2a: Garchomp|Poison Jab|p1b: Lucario\n|-damage|p1b: Lucario|0 fnt\n|faint|p1b: Lucario\n|move|p1a: Stonjourner|Heavy Slam|p2a: Garchomp\n|-crit|p2a: Garchomp\n|-damage|p2a: Garchomp|10\/100\n|\n|-weather|Sandstorm|[upkeep]\n|-heal|p1a: Stonjourner|99\/100|[from] item: Leftovers\n|upkeep\n|turn|7\n|c|\u2606BCDefault|wow\n|\n|t:|1681833783\n|move|p2a: Garchomp|Poison Jab|p1a: Stonjourner\n|-resisted|p1a: Stonjourner\n|-damage|p1a: Stonjourner|83\/100\n|move|p1a: Stonjourner|Heavy Slam|p2a: Garchomp|[miss]\n|-miss|p1a: Stonjourner|p2a: Garchomp\n|\n|-weather|Sandstorm|[upkeep]\n|-heal|p1a: Stonjourner|89\/100|[from] item: Leftovers\n|upkeep\n|turn|8\n|c|\u2606BCDefault|sand veil\n|c|\u2606Schwede1|yes\n|\n|t:|1681833793\n|move|p2a: Garchomp|Dragon Claw|p1a: Stonjourner\n|-damage|p1a: Stonjourner|45\/100\n|move|p1a: Stonjourner|Heavy Slam|p2a: Garchomp\n|-damage|p2a: Garchomp|0 fnt\n|faint|p2a: Garchomp\n|\n|win|BCDefault\n|raw|BCDefault's rating: 1036 → 1069<\/strong> (+33 for winning)\n|raw|Schwede1's rating: 1022 → 1009<\/strong> (-13 for losing)\n|c|\u2606BCDefault|why not eq?\n","uploadtime":1681833813,"views":9,"p1id":"bcdefault","p2id":"schwede1","formatid":"gen9vgc2023regulationc","rating":1009,"private":0,"password":""}