{"id":"gen9vgc2023regulationc-1847522145","p1":"Celestia74","p2":"marioman6444","format":"[Gen 9] VGC 2023 Regulation C","log":"|j|\u2606Celestia74\n|j|\u2606marioman6444\n|t:|1681966740\n|gametype|doubles\n|player|p1|Celestia74|skyla|1220\n|player|p2|marioman6444|hoopster|1205\n|teamsize|p1|6\n|teamsize|p2|6\n|gen|9\n|tier|[Gen 9] VGC 2023 Regulation C\n|rated|\n|rule|Species Clause: Limit one of each Pok\u00e9mon\n|rule|Item Clause: Limit one of each item\n|clearpoke\n|poke|p1|Ceruledge, L50, F|\n|poke|p1|Flutter Mane, L50|\n|poke|p1|Iron Valiant, L50|\n|poke|p1|Brute Bonnet, L50|\n|poke|p1|Sandy Shocks, L50|\n|poke|p1|Azumarill, L50, F|\n|poke|p2|Brute Bonnet, L50|\n|poke|p2|Garchomp, L50, F|\n|poke|p2|Murkrow, L50, F|\n|poke|p2|Iron Bundle, L50|\n|poke|p2|Flutter Mane, L50|\n|poke|p2|Maushold, L50|\n|teampreview|4\n|inactive|Battle timer is ON: inactive players will automatically lose when time's up. (requested by marioman6444)\n|inactive|Celestia74 also wants the timer to be on.\nCelestia74 has agreed to open team sheets.\n|inactive|Celestia74 has 60 seconds left.\n|inactive|marioman6444 has 60 seconds left.\n|\n|t:|1681966784\n|start\n|switch|p1a: Sentinel|Iron Valiant, L50, shiny|100\/100\n|switch|p1b: the rabbit|Azumarill, L50, F|100\/100\n|switch|p2a: Brute Bonnet|Brute Bonnet, L50, shiny|100\/100\n|switch|p2b: THE RATS|Maushold, L50, shiny|100\/100\n|-enditem|p1a: Sentinel|Booster Energy\n|-activate|p1a: Sentinel|ability: Quark Drive|[fromitem]\n|-start|p1a: Sentinel|quarkdrivespe\n|turn|1\n|\n|t:|1681966802\n|switch|p1b: M\u00f2rag|Ceruledge, L50, F, shiny|100\/100\n|move|p2b: THE RATS|Baby-Doll Eyes|p1b: M\u00f2rag\n|-unboost|p1b: M\u00f2rag|atk|1\n|move|p1a: Sentinel|Close Combat|p2b: THE RATS\n|-supereffective|p2b: THE RATS\n|-damage|p2b: THE RATS|0 fnt\n|-unboost|p1a: Sentinel|def|1\n|-unboost|p1a: Sentinel|spd|1\n|faint|p2b: THE RATS\n|move|p2a: Brute Bonnet|Spore|p1a: Sentinel\n|-status|p1a: Sentinel|slp|[from] move: Spore\n|\n|upkeep\n|\n|t:|1681966810\n|switch|p2b: G-Girl|Garchomp, L50, F, shiny|100\/100\n|turn|2\n|inactive|marioman6444 has 30 seconds left.\n|\n|t:|1681966842\n|switch|p2b: Mutter Flane|Flutter Mane, L50, shiny|100\/100\n|-enditem|p2b: Mutter Flane|Booster Energy\n|-activate|p2b: Mutter Flane|ability: Protosynthesis|[fromitem]\n|-start|p2b: Mutter Flane|protosynthesisspa\n|-terastallize|p1b: M\u00f2rag|Bug\n|cant|p1a: Sentinel|slp\n|move|p2a: Brute Bonnet|Spore|p1b: M\u00f2rag\n|-status|p1b: M\u00f2rag|slp|[from] move: Spore\n|cant|p1b: M\u00f2rag|slp\n|\n|upkeep\n|turn|3\n|inactive|marioman6444 has 30 seconds left.\n|inactive|marioman6444 has 20 seconds left.\n|inactive|marioman6444 has 15 seconds left.\n|\n|t:|1681966886\n|cant|p1b: M\u00f2rag|slp\n|cant|p1a: Sentinel|slp\n|move|p2b: Mutter Flane|Power Gem|p1b: M\u00f2rag\n|-supereffective|p1b: M\u00f2rag\n|-damage|p1b: M\u00f2rag|27\/100 slp\n|move|p2a: Brute Bonnet|Bullet Seed|p1a: Sentinel\n|-damage|p1a: Sentinel|78\/100 slp\n|-damage|p1a: Sentinel|55\/100 slp\n|-damage|p1a: Sentinel|33\/100 slp\n|-damage|p1a: Sentinel|11\/100 slp\n|-hitcount|p1a: Sentinel|4\n|\n|-heal|p1b: M\u00f2rag|33\/100 slp|[from] item: Leftovers\n|upkeep\n|turn|4\n|\n|t:|1681966902\n|move|p2a: Brute Bonnet|Sucker Punch|p1a: Sentinel\n|-resisted|p1a: Sentinel\n|-damage|p1a: Sentinel|0 fnt\n|faint|p1a: Sentinel\n|-end|p1a: Sentinel|Quark Drive|[silent]\n|-curestatus|p1b: M\u00f2rag|slp|[msg]\n|move|p1b: M\u00f2rag|Shadow Sneak|p2b: Mutter Flane\n|-supereffective|p2b: Mutter Flane\n|-damage|p2b: Mutter Flane|70\/100\n|move|p2b: Mutter Flane|Dazzling Gleam|p1b: M\u00f2rag\n|-damage|p1b: M\u00f2rag|0 fnt\n|faint|p1b: M\u00f2rag\n|\n|upkeep\n|\n|t:|1681966909\n|switch|p1a: the rabbit|Azumarill, L50, F|100\/100\n|switch|p1b: Nightmare|Flutter Mane, L50|100\/100\n|turn|5\n|inactive|marioman6444 has 30 seconds left.\n|inactive|marioman6444 has 20 seconds left.\n|\n|t:|1681966946\n|-terastallize|p2a: Brute Bonnet|Grass\n|move|p1b: Nightmare|Dazzling Gleam|p2a: Brute Bonnet|[spread] p2a,p2b\n|-damage|p2a: Brute Bonnet|66\/100\n|-damage|p2b: Mutter Flane|38\/100\n|-damage|p1b: Nightmare|91\/100|[from] item: Life Orb\n|move|p2b: Mutter Flane|Dazzling Gleam|p1b: Nightmare|[spread] p1a,p1b\n|-crit|p1b: Nightmare\n|-damage|p1a: the rabbit|58\/100\n|-damage|p1b: Nightmare|30\/100\n|move|p2a: Brute Bonnet|Bullet Seed|p1b: Nightmare\n|-damage|p1b: Nightmare|5\/100\n|-damage|p1b: Nightmare|0 fnt\n|faint|p1b: Nightmare\n|-end|p1b: Nightmare|Protosynthesis|[silent]\n|-hitcount|p1: Nightmare|2\n|move|p1a: the rabbit|Play Rough|p2a: Brute Bonnet\n|-damage|p2a: Brute Bonnet|15\/100\n|\n|upkeep\n|turn|6\n|-message|Celestia74 forfeited.\n|\n|win|marioman6444\n|raw|Celestia74's rating: 1220 → 1194<\/strong> (-26 for losing)\n|raw|marioman6444's rating: 1205 → 1231<\/strong> (+26 for winning)\n|l|\u2606Celestia74\n|c|\u2606marioman6444|Gg\n","uploadtime":1681966983,"views":7,"p1id":"celestia74","p2id":"marioman6444","formatid":"gen9vgc2023regulationc","rating":1194,"private":0,"password":""}