{"id":"gen9vgc2023regulationc-1852867116","p1":"Nightmare_King_VGC","p2":"Insertable194","format":"[Gen 9] VGC 2023 Regulation C","log":"|j|\u2606Nightmare_King_VGC\n|j|\u2606Insertable194\n|t:|1682612935\n|gametype|doubles\n|player|p1|Nightmare_King_VGC|veteranf|1473\n|player|p2|Insertable194|hilbert-wonderlauncher|1467\n|teamsize|p1|6\n|teamsize|p2|6\n|gen|9\n|tier|[Gen 9] VGC 2023 Regulation C\n|rated|\n|rule|Species Clause: Limit one of each Pok\u00e9mon\n|rule|Item Clause: Limit one of each item\n|clearpoke\n|poke|p1|Iron Bundle, L50|\n|poke|p1|Dondozo, L50, F|\n|poke|p1|Tatsugiri, L50, M|\n|poke|p1|Dragonite, L50, M|\n|poke|p1|Chi-Yu, L50|\n|poke|p1|Glimmora, L50, F|\n|poke|p2|Wo-Chien, L50|\n|poke|p2|Ting-Lu, L50|\n|poke|p2|Flutter Mane, L50|\n|poke|p2|Arcanine, L50, M|\n|poke|p2|Scream Tail, L50|\n|poke|p2|Garganacl, L50, M|\n|teampreview|4\n|c|\u2606Insertable194|glhf\nInsertable194 has agreed to open team sheets.\n|inactive|Battle timer is ON: inactive players will automatically lose when time's up. (requested by Insertable194)\n|inactive|Nightmare_King_VGC has 60 seconds left.\n|\n|t:|1682613012\n|start\n|switch|p1a: Iron Bundle|Iron Bundle, L50|100\/100\n|switch|p1b: Dragonite|Dragonite, L50, M|100\/100\n|switch|p2a: Scream Tail|Scream Tail, L50|100\/100\n|switch|p2b: Arcanine|Arcanine, L50, M|100\/100\n|-ability|p2b: Arcanine|Intimidate|boost\n|-unboost|p1a: Iron Bundle|atk|1\n|-unboost|p1b: Dragonite|atk|1\n|-enditem|p1a: Iron Bundle|Booster Energy\n|-activate|p1a: Iron Bundle|ability: Quark Drive|[fromitem]\n|-start|p1a: Iron Bundle|quarkdrivespe\n|-enditem|p2a: Scream Tail|Booster Energy\n|-activate|p2a: Scream Tail|ability: Protosynthesis|[fromitem]\n|-start|p2a: Scream Tail|protosynthesisspe\n|turn|1\n|\n|t:|1682613027\n|-terastallize|p1b: Dragonite|Flying\n|move|p2b: Arcanine|Protect|p2b: Arcanine\n|-singleturn|p2b: Arcanine|Protect\n|move|p1a: Iron Bundle|Hydro Pump|p2a: Scream Tail\n|-damage|p2a: Scream Tail|65\/100\n|move|p2a: Scream Tail|Disable|p1a: Iron Bundle\n|-start|p1a: Iron Bundle|Disable|Hydro Pump\n|move|p1b: Dragonite|Tera Blast|p2a: Scream Tail\n|-damage|p2a: Scream Tail|17\/100\n|\n|upkeep\n|turn|2\n|inactive|Nightmare_King_VGC has 30 seconds left.\n|\n|t:|1682613057\n|-end|p2a: Scream Tail|Protosynthesis|[silent]\n|switch|p2a: Garganacl|Garganacl, L50, M|100\/100\n|move|p1a: Iron Bundle|Freeze-Dry|p2a: Garganacl\n|-damage|p2a: Garganacl|73\/100\n|move|p2b: Arcanine|Will-O-Wisp|p1b: Dragonite\n|-status|p1b: Dragonite|brn\n|move|p1b: Dragonite|Tera Blast|p2b: Arcanine\n|-damage|p2b: Arcanine|70\/100\n|\n|-damage|p1b: Dragonite|94\/100 brn|[from] brn\n|upkeep\n|turn|3\n|inactive|Insertable194 has 30 seconds left.\n|inactive|Insertable194 has 20 seconds left.\n|\n|t:|1682613094\n|-end|p1a: Iron Bundle|Quark Drive|[silent]\n|switch|p1a: Tatsugiri|Tatsugiri, L50, M|100\/100\n|move|p2b: Arcanine|Flare Blitz|p1a: Tatsugiri\n|-resisted|p1a: Tatsugiri\n|-damage|p1a: Tatsugiri|78\/100\n|-damage|p2b: Arcanine|64\/100|[from] Recoil\n|move|p1b: Dragonite|Tera Blast|p2b: Arcanine\n|-damage|p2b: Arcanine|29\/100\n|move|p2a: Garganacl|Salt Cure|p1a: Tatsugiri\n|-damage|p1a: Tatsugiri|53\/100\n|-start|p1a: Tatsugiri|Salt Cure\n|\n|-damage|p1b: Dragonite|88\/100 brn|[from] brn\n|-damage|p1a: Tatsugiri|28\/100|[from] Salt Cure\n|upkeep\n|turn|4\n|\n|t:|1682613116\n|switch|p2b: Wo-Chien|Wo-Chien, L50|100\/100\n|-ability|p2b: Wo-Chien|Tablets of Ruin\n|switch|p1b: Dondozo|Dondozo, L50, F|100\/100\n|-activate|p1a: Tatsugiri|ability: Commander|[of] p1b: Dondozo\n|-boost|p1b: Dondozo|atk|2\n|-boost|p1b: Dondozo|spa|2\n|-boost|p1b: Dondozo|spe|2\n|-boost|p1b: Dondozo|def|2\n|-boost|p1b: Dondozo|spd|2\n|move|p2a: Garganacl|Salt Cure|p1b: Dondozo\n|-crit|p1b: Dondozo\n|-damage|p1b: Dondozo|90\/100\n|-start|p1b: Dondozo|Salt Cure\n|\n|-heal|p1b: Dondozo|96\/100|[from] item: Leftovers\n|-damage|p1a: Tatsugiri|3\/100|[from] Salt Cure\n|-damage|p1b: Dondozo|71\/100|[from] Salt Cure\n|upkeep\n|turn|5\n|\n|t:|1682613137\n|move|p2a: Garganacl|Protect|p2a: Garganacl\n|-singleturn|p2a: Garganacl|Protect\n|move|p1b: Dondozo|Wave Crash|p2a: Garganacl\n|-activate|p2a: Garganacl|move: Protect\n|move|p2b: Wo-Chien|Leech Seed|p1b: Dondozo\n|-start|p1b: Dondozo|move: Leech Seed\n|\n|-heal|p1b: Dondozo|77\/100|[from] item: Leftovers\n|-damage|p1b: Dondozo|65\/100|[from] Leech Seed|[of] p2b: Wo-Chien\n|-damage|p1a: Tatsugiri|0 fnt|[from] Salt Cure\n|faint|p1a: Tatsugiri\n|-damage|p1b: Dondozo|40\/100|[from] Salt Cure\n|upkeep\n|\n|t:|1682613144\n|switch|p1a: Iron Bundle|Iron Bundle, L50|100\/100\n|turn|6\n|inactive|Insertable194 has 30 seconds left.\n|\n|t:|1682613170\n|switch|p2a: Scream Tail|Scream Tail, L50|17\/100\n|move|p2b: Wo-Chien|Protect|p2b: Wo-Chien\n|-singleturn|p2b: Wo-Chien|Protect\n|move|p1a: Iron Bundle|Freeze-Dry|p2b: Wo-Chien\n|-activate|p2b: Wo-Chien|move: Protect\n|move|p1b: Dondozo|Wave Crash|p2a: Scream Tail\n|-crit|p2a: Scream Tail\n|-damage|p2a: Scream Tail|0 fnt\n|faint|p2a: Scream Tail\n|-end|p2a: Scream Tail|Protosynthesis|[silent]\n|-damage|p1b: Dondozo|35\/100|[from] Recoil\n|\n|-heal|p1b: Dondozo|41\/100|[from] item: Leftovers\n|-damage|p1b: Dondozo|29\/100|[from] Leech Seed|[of] p2b: Wo-Chien\n|-damage|p1b: Dondozo|4\/100|[from] Salt Cure\n|upkeep\n|j| mybossisabum\n|inactive|Insertable194 has 30 seconds left.\n|\n|t:|1682613195\n|switch|p2a: Garganacl|Garganacl, L50, M|73\/100\n|turn|7\n|\n|t:|1682613206\n|move|p2a: Garganacl|Protect|p2a: Garganacl\n|-singleturn|p2a: Garganacl|Protect\n|move|p1a: Iron Bundle|Freeze-Dry|p2b: Wo-Chien\n|-supereffective|p2b: Wo-Chien\n|-damage|p2b: Wo-Chien|63\/100\n|move|p1b: Dondozo|Wave Crash|p2b: Wo-Chien\n|-resisted|p2b: Wo-Chien\n|-damage|p2b: Wo-Chien|30\/100\n|-enditem|p2b: Wo-Chien|Sitrus Berry|[eat]\n|-heal|p2b: Wo-Chien|55\/100|[from] item: Sitrus Berry\n|-damage|p1b: Dondozo|0 fnt|[from] Recoil\n|faint|p1b: Dondozo\n|move|p2b: Wo-Chien|Leech Seed|p1a: Iron Bundle\n|-start|p1a: Iron Bundle|move: Leech Seed\n|\n|-damage|p1a: Iron Bundle|89\/100|[from] Leech Seed|[of] p2b: Wo-Chien\n|-heal|p2b: Wo-Chien|63\/100|[silent]\n|upkeep\n|\n|t:|1682613220\n|switch|p1b: Dragonite|Dragonite, L50, M, tera:Flying|88\/100 brn\n|turn|8\n|\n|t:|1682613233\n|switch|p2b: Arcanine|Arcanine, L50, M|29\/100\n|-ability|p2b: Arcanine|Intimidate|boost\n|-unboost|p1a: Iron Bundle|atk|1\n|-unboost|p1b: Dragonite|atk|1\n|-terastallize|p2a: Garganacl|Poison\n|move|p1a: Iron Bundle|Hydro Pump|p2a: Garganacl\n|-damage|p2a: Garganacl|34\/100\n|move|p1b: Dragonite|Tera Blast|p2b: Arcanine\n|-damage|p2b: Arcanine|0 fnt\n|faint|p2b: Arcanine\n|move|p2a: Garganacl|Salt Cure|p1a: Iron Bundle\n|-supereffective|p1a: Iron Bundle\n|-damage|p1a: Iron Bundle|58\/100\n|-start|p1a: Iron Bundle|Salt Cure\n|\n|-damage|p1b: Dragonite|82\/100 brn|[from] brn\n|-damage|p1a: Iron Bundle|33\/100|[from] Salt Cure\n|upkeep\n|\n|t:|1682613249\n|switch|p2b: Wo-Chien|Wo-Chien, L50|63\/100\n|-ability|p2b: Wo-Chien|Tablets of Ruin\n|turn|9\n|\n|t:|1682613254\n|move|p2b: Wo-Chien|Protect|p2b: Wo-Chien\n|-singleturn|p2b: Wo-Chien|Protect\n|move|p2a: Garganacl|Protect|p2a: Garganacl\n|-singleturn|p2a: Garganacl|Protect\n|move|p1a: Iron Bundle|Freeze-Dry|p2b: Wo-Chien\n|-activate|p2b: Wo-Chien|move: Protect\n|move|p1b: Dragonite|Tera Blast|p2b: Wo-Chien\n|-activate|p2b: Wo-Chien|move: Protect\n|\n|-damage|p1a: Iron Bundle|21\/100|[from] Leech Seed|[of] p2b: Wo-Chien\n|-heal|p2b: Wo-Chien|71\/100|[silent]\n|-damage|p1b: Dragonite|75\/100 brn|[from] brn\n|-damage|p1a: Iron Bundle|0 fnt|[from] Salt Cure\n|faint|p1a: Iron Bundle\n|-end|p1a: Iron Bundle|Quark Drive|[silent]\n|upkeep\n|turn|10\n|\n|t:|1682613262\n|move|p1b: Dragonite|Tera Blast|p2b: Wo-Chien\n|-supereffective|p2b: Wo-Chien\n|-damage|p2b: Wo-Chien|32\/100\n|move|p2b: Wo-Chien|Pollen Puff|p2a: Garganacl\n|-heal|p2a: Garganacl|84\/100\n|move|p2a: Garganacl|Salt Cure|p1b: Dragonite\n|-supereffective|p1b: Dragonite\n|-damage|p1b: Dragonite|54\/100 brn\n|-start|p1b: Dragonite|Salt Cure\n|\n|-damage|p1b: Dragonite|48\/100 brn|[from] brn\n|-damage|p1b: Dragonite|35\/100 brn|[from] Salt Cure\n|upkeep\n|turn|11\n|-message|Nightmare_King_VGC forfeited.\n|\n|win|Insertable194\n|raw|Nightmare_King_VGC's rating: 1473 → 1453<\/strong> (-20 for losing)\n|raw|Insertable194's rating: 1467 → 1487<\/strong> (+20 for winning)\n|l|\u2606Nightmare_King_VGC\n","uploadtime":1682613276,"views":6,"p1id":"nightmarekingvgc","p2id":"insertable194","formatid":"gen9vgc2023regulationc","rating":1453,"private":0,"password":""}