{"id":"gen9vgc2023regulationc-1857230483","p1":"KirboMac","p2":"19402u","format":"[Gen 9] VGC 2023 Regulation C","log":"|j|\u2606KirboMac\n|j|\u260619402u\n|t:|1683160937\n|gametype|doubles\n|player|p1|KirboMac|rowan|1441\n|player|p2|19402u|265|1468\n|teamsize|p1|6\n|teamsize|p2|6\n|gen|9\n|tier|[Gen 9] VGC 2023 Regulation C\n|rated|\n|rule|Species Clause: Limit one of each Pok\u00e9mon\n|rule|Item Clause: Limit one of each item\n|clearpoke\n|poke|p1|Garchomp, L50, F|\n|poke|p1|Chien-Pao, L50|\n|poke|p1|Scizor, L50, M|\n|poke|p1|Palafin, L50, M|\n|poke|p1|Arcanine, L50, F|\n|poke|p1|Rotom-Mow, L50|\n|poke|p2|Dragonite, L50, M|\n|poke|p2|Chi-Yu, L50|\n|poke|p2|Iron Bundle, L50|\n|poke|p2|Iron Hands, L50|\n|poke|p2|Amoonguss, L50, F|\n|poke|p2|Ting-Lu, L50|\n|teampreview|4\n19402u has agreed to open team sheets.\n|\n|t:|1683160980\n|start\n|switch|p1a: Arcanine|Arcanine, L50, F|100\/100\n|switch|p1b: Palafin|Palafin, L50, M|100\/100\n|switch|p2a: Chi-Yu|Chi-Yu, L50|100\/100\n|switch|p2b: Iron Bundle|Iron Bundle, L50, shiny|100\/100\n|-ability|p2a: Chi-Yu|Beads of Ruin\n|-ability|p1a: Arcanine|Intimidate|boost\n|-unboost|p2a: Chi-Yu|atk|1\n|-unboost|p2b: Iron Bundle|atk|1\n|-enditem|p2b: Iron Bundle|Booster Energy\n|-activate|p2b: Iron Bundle|ability: Quark Drive|[fromitem]\n|-start|p2b: Iron Bundle|quarkdrivespe\n|turn|1\n|\n|t:|1683161027\n|move|p1b: Palafin|Protect|p1b: Palafin\n|-singleturn|p1b: Palafin|Protect\n|move|p2b: Iron Bundle|Hydro Pump|p1a: Arcanine|[miss]\n|-miss|p2b: Iron Bundle|p1a: Arcanine\n|move|p2a: Chi-Yu|Heat Wave|p1a: Arcanine|[spread] p1a\n|-activate|p1b: Palafin|move: Protect\n|-resisted|p1a: Arcanine\n|-damage|p1a: Arcanine|71\/100\n|move|p1a: Arcanine|Snarl|p2b: Iron Bundle|[spread] p2a,p2b\n|-resisted|p2a: Chi-Yu\n|-damage|p2a: Chi-Yu|94\/100\n|-damage|p2b: Iron Bundle|71\/100\n|-unboost|p2a: Chi-Yu|spa|1\n|-unboost|p2b: Iron Bundle|spa|1\n|\n|upkeep\n|turn|2\n|\n|t:|1683161050\n|switch|p1a: Chien-Pao|Chien-Pao, L50|100\/100\n|-ability|p1a: Chien-Pao|Sword of Ruin\n|move|p2a: Chi-Yu|Protect|p2a: Chi-Yu\n|-singleturn|p2a: Chi-Yu|Protect\n|move|p1b: Palafin|Jet Punch|p2a: Chi-Yu\n|-activate|p2a: Chi-Yu|move: Protect\n|move|p2b: Iron Bundle|Hydro Pump|p1a: Chien-Pao\n|-damage|p1a: Chien-Pao|18\/100\n|\n|upkeep\n|turn|3\n|\n|t:|1683161068\n|move|p1a: Chien-Pao|Sucker Punch|p2b: Iron Bundle\n|-damage|p2b: Iron Bundle|19\/100\n|move|p1b: Palafin|Jet Punch|p2a: Chi-Yu\n|-supereffective|p2a: Chi-Yu\n|-damage|p2a: Chi-Yu|0 fnt\n|faint|p2a: Chi-Yu\n|move|p2b: Iron Bundle|Freeze-Dry|p1b: Palafin\n|-supereffective|p1b: Palafin\n|-damage|p1b: Palafin|37\/100\n|\n|upkeep\n|\n|t:|1683161080\n|switch|p2a: Dragonite|Dragonite, L50, M, shiny|100\/100\n|turn|4\n|\n|t:|1683161091\n|detailschange|p1b: Palafin|Palafin-Hero, L50, M\n|switch|p1b: Arcanine|Arcanine, L50, F|71\/100\n|-ability|p1b: Arcanine|Intimidate|boost\n|-unboost|p2a: Dragonite|atk|1\n|-unboost|p2b: Iron Bundle|atk|1\n|move|p1a: Chien-Pao|Protect|p1a: Chien-Pao\n|-singleturn|p1a: Chien-Pao|Protect\n|move|p2a: Dragonite|Extreme Speed|p1b: Arcanine\n|-damage|p1b: Arcanine|22\/100\n|-enditem|p1b: Arcanine|Aguav Berry|[eat]\n|-heal|p1b: Arcanine|55\/100|[from] item: Aguav Berry\n|move|p2b: Iron Bundle|Hydro Pump|p1a: Chien-Pao\n|-activate|p1a: Chien-Pao|move: Protect\n|\n|upkeep\n|turn|5\n|\n|t:|1683161109\n|-end|p2b: Iron Bundle|Quark Drive|[silent]\n|switch|p2b: Amoonguss|Amoonguss, L50, F, shiny|100\/100\n|move|p2a: Dragonite|Extreme Speed|p1a: Chien-Pao\n|-crit|p1a: Chien-Pao\n|-damage|p1a: Chien-Pao|0 fnt\n|faint|p1a: Chien-Pao\n|move|p1b: Arcanine|Will-O-Wisp|p2a: Dragonite\n|-status|p2a: Dragonite|brn\n|\n|-damage|p2a: Dragonite|95\/100 brn|[from] brn\n|upkeep\n|\n|t:|1683161120\n|switch|p1a: Garchomp|Garchomp, L50, F|100\/100\n|turn|6\n|\n|t:|1683161138\n|-terastallize|p2b: Amoonguss|Water\n|move|p1a: Garchomp|Protect|p1a: Garchomp\n|-singleturn|p1a: Garchomp|Protect\n|move|p2a: Dragonite|Extreme Speed|p1b: Arcanine\n|-damage|p1b: Arcanine|38\/100\n|move|p1b: Arcanine|Heat Wave|p2a: Dragonite|[spread] p2a,p2b\n|-resisted|p2a: Dragonite\n|-resisted|p2b: Amoonguss\n|-damage|p2a: Dragonite|79\/100 brn\n|-damage|p2b: Amoonguss|88\/100\n|move|p2b: Amoonguss|Spore|p1a: Garchomp\n|-activate|p1a: Garchomp|move: Protect\n|\n|-damage|p2a: Dragonite|73\/100 brn|[from] brn\n|upkeep\n|turn|7\n|\n|t:|1683161173\n|move|p2a: Dragonite|Extreme Speed|p1b: Arcanine\n|-damage|p1b: Arcanine|20\/100\n|move|p1a: Garchomp|Rock Slide|p2b: Amoonguss|[spread] p2a,p2b\n|-supereffective|p2a: Dragonite\n|-damage|p2a: Dragonite|34\/100 brn\n|-damage|p2b: Amoonguss|74\/100\n|move|p1b: Arcanine|Snarl|p2a: Dragonite|[spread] p2a,p2b\n|-damage|p2a: Dragonite|20\/100 brn\n|-damage|p2b: Amoonguss|63\/100\n|-unboost|p2a: Dragonite|spa|1\n|-unboost|p2b: Amoonguss|spa|1\n|move|p2b: Amoonguss|Spore|p1a: Garchomp\n|-status|p1a: Garchomp|slp|[from] move: Spore\n|\n|-damage|p2a: Dragonite|14\/100 brn|[from] brn\n|upkeep\n|turn|8\n|\n|t:|1683161194\n|switch|p2a: Iron Bundle|Iron Bundle, L50, shiny|19\/100\n|move|p1b: Arcanine|Protect|p1b: Arcanine\n|-singleturn|p1b: Arcanine|Protect\n|cant|p1a: Garchomp|slp\n|move|p2b: Amoonguss|Pollen Puff|p2a: Iron Bundle\n|-heal|p2a: Iron Bundle|69\/100\n|\n|upkeep\n|turn|9\n|\n|t:|1683161215\n|-terastallize|p1a: Garchomp|Steel\n|move|p2a: Iron Bundle|Freeze-Dry|p1a: Garchomp\n|-resisted|p1a: Garchomp\n|-damage|p1a: Garchomp|83\/100 slp\n|-curestatus|p1a: Garchomp|slp|[msg]\n|move|p1a: Garchomp|Rock Slide|p2a: Iron Bundle|[spread] p2b\n|-miss|p1a: Garchomp|p2a: Iron Bundle\n|-damage|p2b: Amoonguss|45\/100\n|-enditem|p2b: Amoonguss|Sitrus Berry|[eat]\n|-heal|p2b: Amoonguss|70\/100|[from] item: Sitrus Berry\n|move|p1b: Arcanine|Snarl|p2a: Iron Bundle|[spread] p2a,p2b\n|-damage|p2a: Iron Bundle|47\/100\n|-damage|p2b: Amoonguss|61\/100\n|-unboost|p2a: Iron Bundle|spa|1\n|-unboost|p2b: Amoonguss|spa|1\n|move|p2b: Amoonguss|Pollen Puff|p2a: Iron Bundle\n|-heal|p2a: Iron Bundle|97\/100\n|\n|upkeep\n|turn|10\n|\n|t:|1683161243\n|move|p1b: Arcanine|Protect|p1b: Arcanine\n|-singleturn|p1b: Arcanine|Protect\n|move|p2a: Iron Bundle|Hydro Pump|p1b: Arcanine\n|-activate|p1b: Arcanine|move: Protect\n|move|p1a: Garchomp|Rock Slide|p2b: Amoonguss|[spread] p2a,p2b\n|-supereffective|p2a: Iron Bundle\n|-damage|p2a: Iron Bundle|51\/100\n|-damage|p2b: Amoonguss|46\/100\n|move|p2b: Amoonguss|Spore|p1a: Garchomp\n|-status|p1a: Garchomp|slp|[from] move: Spore\n|\n|upkeep\n|turn|11\n|\n|t:|1683161263\n|switch|p1b: Palafin|Palafin-Hero, L50, M|37\/100\n|-activate|p1b: Palafin|ability: Zero to Hero\n|move|p2a: Iron Bundle|Hydro Pump|p1b: Palafin\n|-resisted|p1b: Palafin\n|-damage|p1b: Palafin|19\/100\n|cant|p1a: Garchomp|slp\n|move|p2b: Amoonguss|Pollen Puff|p2a: Iron Bundle\n|-heal|p2a: Iron Bundle|100\/100\n|\n|upkeep\n|turn|12\n|\n|t:|1683161273\n|move|p1b: Palafin|Protect|p1b: Palafin\n|-singleturn|p1b: Palafin|Protect\n|move|p2a: Iron Bundle|Hydro Pump|p1a: Garchomp\n|-crit|p1a: Garchomp\n|-damage|p1a: Garchomp|0 fnt\n|faint|p1a: Garchomp\n|move|p2b: Amoonguss|Spore|p1b: Palafin\n|-activate|p1b: Palafin|move: Protect\n|\n|upkeep\n|-message|KirboMac forfeited.\n|\n|win|19402u\n|raw|KirboMac's rating: 1441 → 1423<\/strong> (-18 for losing)\n|raw|19402u's rating: 1468 → 1486<\/strong> (+18 for winning)\n|l|\u2606KirboMac\n","uploadtime":1683161285,"views":7,"p1id":"kirbomac","p2id":"19402u","formatid":"gen9vgc2023regulationc","rating":1423,"private":0,"password":""}