{"id":"gen9vgc2023regulationc-1846145495","p1":"jrforsure","p2":"Skuntomk","format":"[Gen 9] VGC 2023 Regulation C","log":"|j|\u2606jrforsure\n|j|\u2606Skuntomk\n|t:|1681813345\n|gametype|doubles\n|player|p1|jrforsure|steven|1133\n|player|p2|Skuntomk|red|1095\n|teamsize|p1|6\n|teamsize|p2|5\n|gen|9\n|tier|[Gen 9] VGC 2023 Regulation C\n|rated|\n|rule|Species Clause: Limit one of each Pok\u00e9mon\n|rule|Item Clause: Limit one of each item\n|clearpoke\n|poke|p1|Roaring Moon, L50|\n|poke|p1|Amoonguss, L50, M|\n|poke|p1|Chien-Pao, L50|\n|poke|p1|Gholdengo, L50|\n|poke|p1|Azumarill, L50, F|\n|poke|p1|Great Tusk, L50|\n|poke|p2|Wo-Chien, L50|\n|poke|p2|Skuntank, L50, M|\n|poke|p2|Garganacl, L50, F|\n|poke|p2|Hydreigon, L50, F|\n|poke|p2|Gyarados, L50, M|\n|teampreview|4\n|inactive|Battle timer is ON: inactive players will automatically lose when time's up. (requested by Skuntomk)\n|\n|t:|1681813413\n|start\n|switch|p1a: Great Tusk|Great Tusk, L50|100\/100\n|switch|p1b: Roaring Moon|Roaring Moon, L50|100\/100\n|switch|p2a: Wo-Chien|Wo-Chien, L50|100\/100\n|switch|p2b: Gyarados|Gyarados, L50, M, shiny|100\/100\n|-ability|p2b: Gyarados|Intimidate|boost\n|-unboost|p1a: Great Tusk|atk|1\n|-unboost|p1b: Roaring Moon|atk|1\n|-ability|p2a: Wo-Chien|Tablets of Ruin\n|-enditem|p1b: Roaring Moon|Booster Energy\n|-activate|p1b: Roaring Moon|ability: Protosynthesis|[fromitem]\n|-start|p1b: Roaring Moon|protosynthesisspe\n|turn|1\n|\n|t:|1681813436\n|-terastallize|p2a: Wo-Chien|Fire\n|move|p1b: Roaring Moon|Tailwind|p1b: Roaring Moon\n|-sidestart|p1: jrforsure|move: Tailwind\n|move|p1a: Great Tusk|Close Combat|p2a: Wo-Chien\n|-damage|p2a: Wo-Chien|73\/100\n|-unboost|p1a: Great Tusk|def|1\n|-unboost|p1a: Great Tusk|spd|1\n|move|p2b: Gyarados|Dragon Dance|p2b: Gyarados\n|-boost|p2b: Gyarados|atk|1\n|-boost|p2b: Gyarados|spe|1\n|move|p2a: Wo-Chien|Leech Seed|p1b: Roaring Moon\n|-start|p1b: Roaring Moon|move: Leech Seed\n|\n|-heal|p2a: Wo-Chien|80\/100|[from] item: Leftovers\n|-damage|p1b: Roaring Moon|88\/100|[from] Leech Seed|[of] p2a: Wo-Chien\n|-heal|p2a: Wo-Chien|92\/100|[silent]\n|upkeep\n|turn|2\n|inactive|jrforsure has 30 seconds left.\n|inactive|Skuntomk has 30 seconds left.\n|inactive|jrforsure has 20 seconds left.\n|inactive|jrforsure has 15 seconds left.\n|\n|t:|1681813480\n|-end|p1a: Great Tusk|Protosynthesis|[silent]\n|switch|p1a: Azumarill|Azumarill, L50, F|100\/100\n|move|p2a: Wo-Chien|Protect|p2a: Wo-Chien\n|-singleturn|p2a: Wo-Chien|Protect\n|move|p1b: Roaring Moon|Throat Chop|p2b: Gyarados\n|-damage|p2b: Gyarados|77\/100\n|-start|p2b: Gyarados|Throat Chop|[silent]\n|move|p2b: Gyarados|Waterfall|p1a: Azumarill\n|-resisted|p1a: Azumarill\n|-damage|p1a: Azumarill|73\/100\n|\n|-heal|p2a: Wo-Chien|98\/100|[from] item: Leftovers\n|-damage|p1b: Roaring Moon|76\/100|[from] Leech Seed|[of] p2a: Wo-Chien\n|-heal|p2a: Wo-Chien|100\/100|[silent]\n|upkeep\n|turn|3\n|\n|t:|1681813500\n|-end|p1b: Roaring Moon|Protosynthesis|[silent]\n|switch|p1b: Great Tusk|Great Tusk, L50|100\/100\n|move|p2b: Gyarados|Iron Head|p1a: Azumarill\n|-crit|p1a: Azumarill\n|-damage|p1a: Azumarill|20\/100\n|move|p1a: Azumarill|Liquidation|p2a: Wo-Chien\n|-supereffective|p2a: Wo-Chien\n|-damage|p2a: Wo-Chien|25\/100\n|move|p2a: Wo-Chien|Foul Play|p1a: Azumarill\n|-resisted|p1a: Azumarill\n|-damage|p1a: Azumarill|3\/100\n|\n|-heal|p2a: Wo-Chien|32\/100|[from] item: Leftovers\n|-end|p2b: Gyarados|Throat Chop|[silent]\n|upkeep\n|turn|4\n|\n|t:|1681813524\n|move|p2a: Wo-Chien|Protect|p2a: Wo-Chien\n|-singleturn|p2a: Wo-Chien|Protect\n|move|p1b: Great Tusk|Rock Slide|p2b: Gyarados|[spread] p2b\n|-activate|p2a: Wo-Chien|move: Protect\n|-supereffective|p2b: Gyarados\n|-damage|p2b: Gyarados|47\/100\n|move|p2b: Gyarados|Iron Head|p1a: Azumarill\n|-damage|p1a: Azumarill|0 fnt\n|faint|p1a: Azumarill\n|\n|-heal|p2a: Wo-Chien|38\/100|[from] item: Leftovers\n|-sideend|p1: jrforsure|move: Tailwind\n|upkeep\n|\n|t:|1681813538\n|switch|p1a: Roaring Moon|Roaring Moon, L50|76\/100\n|turn|5\n|\n|t:|1681813548\n|move|p1b: Great Tusk|Rock Slide|p2a: Wo-Chien|[spread] p2a,p2b\n|-supereffective|p2a: Wo-Chien\n|-supereffective|p2b: Gyarados\n|-damage|p2a: Wo-Chien|9\/100\n|-damage|p2b: Gyarados|14\/100\n|move|p1a: Roaring Moon|Tailwind|p1a: Roaring Moon\n|-sidestart|p1: jrforsure|move: Tailwind\n|move|p2b: Gyarados|Waterfall|p1b: Great Tusk\n|-supereffective|p1b: Great Tusk\n|-damage|p1b: Great Tusk|31\/100\n|cant|p2a: Wo-Chien|flinch\n|\n|-heal|p2a: Wo-Chien|15\/100|[from] item: Leftovers\n|upkeep\n|turn|6\n|\n|t:|1681813568\n|move|p2b: Gyarados|Protect|p2b: Gyarados\n|-singleturn|p2b: Gyarados|Protect\n|move|p2a: Wo-Chien|Protect|p2a: Wo-Chien\n|-singleturn|p2a: Wo-Chien|Protect\n|move|p1b: Great Tusk|Rock Slide|p2b: Gyarados|[spread] \n|-activate|p2a: Wo-Chien|move: Protect\n|-activate|p2b: Gyarados|move: Protect\n|move|p1a: Roaring Moon|Throat Chop|p2b: Gyarados\n|-activate|p2b: Gyarados|move: Protect\n|\n|-heal|p2a: Wo-Chien|21\/100|[from] item: Leftovers\n|upkeep\n|turn|7\n|\n|t:|1681813586\n|switch|p2b: Skuntank|Skuntank, L50, M|100\/100\n|switch|p2a: Garganacl|Garganacl, L50, F|100\/100\n|move|p1b: Great Tusk|Rock Slide|p2b: Skuntank|[spread] p2b\n|-miss|p1b: Great Tusk|p2a: Garganacl\n|-damage|p2b: Skuntank|81\/100\n|move|p1a: Roaring Moon|Throat Chop|p2b: Skuntank\n|-resisted|p2b: Skuntank\n|-damage|p2b: Skuntank|60\/100\n|-start|p2b: Skuntank|Throat Chop|[silent]\n|\n|-heal|p2b: Skuntank|66\/100|[from] item: Black Sludge\n|upkeep\n|turn|8\n|inactive|jrforsure has 30 seconds left.\n|inactive|jrforsure has 20 seconds left.\n|\n|t:|1681813621\n|-end|p1b: Great Tusk|Protosynthesis|[silent]\n|switch|p1b: Chien-Pao|Chien-Pao, L50|100\/100\n|-ability|p1b: Chien-Pao|Sword of Ruin\n|move|p1a: Roaring Moon|Throat Chop|p2a: Garganacl\n|-damage|p2a: Garganacl|59\/100\n|-start|p2a: Garganacl|Throat Chop|[silent]\n|move|p2b: Skuntank|Poison Gas|p1b: Chien-Pao|[spread] p1a,p1b\n|-status|p1a: Roaring Moon|psn\n|-status|p1b: Chien-Pao|psn\n|move|p2a: Garganacl|Salt Cure|p1b: Chien-Pao\n|-supereffective|p1b: Chien-Pao\n|-damage|p1b: Chien-Pao|62\/100 psn\n|-start|p1b: Chien-Pao|Salt Cure\n|\n|-heal|p2b: Skuntank|72\/100|[from] item: Black Sludge\n|-damage|p1b: Chien-Pao|50\/100 psn|[from] psn\n|-damage|p1a: Roaring Moon|63\/100 psn|[from] psn\n|-damage|p1b: Chien-Pao|38\/100 psn|[from] Salt Cure\n|-end|p2b: Skuntank|Throat Chop|[silent]\n|-sideend|p1: jrforsure|move: Tailwind\n|upkeep\n|turn|9\n|inactive|jrforsure has 30 seconds left.\n|inactive|Skuntomk has 30 seconds left.\n|\n|t:|1681813647\n|switch|p2b: Gyarados|Gyarados, L50, M, shiny|14\/100\n|-ability|p2b: Gyarados|Intimidate|boost\n|-unboost|p1a: Roaring Moon|atk|1\n|-unboost|p1b: Chien-Pao|atk|1\n|move|p2a: Garganacl|Protect|p2a: Garganacl\n|-singleturn|p2a: Garganacl|Protect\n|move|p1b: Chien-Pao|Sacred Sword|p2a: Garganacl\n|-activate|p2a: Garganacl|move: Protect\n|move|p1a: Roaring Moon|Tailwind|p1a: Roaring Moon\n|-sidestart|p1: jrforsure|move: Tailwind\n|\n|-damage|p1b: Chien-Pao|25\/100 psn|[from] psn\n|-damage|p1a: Roaring Moon|51\/100 psn|[from] psn\n|-damage|p1b: Chien-Pao|13\/100 psn|[from] Salt Cure\n|-end|p2a: Garganacl|Throat Chop|[silent]\n|upkeep\n|turn|10\n|inactive|Skuntomk has 30 seconds left.\n|\n|t:|1681813678\n|switch|p2a: Skuntank|Skuntank, L50, M|72\/100\n|move|p2b: Gyarados|Protect|p2b: Gyarados\n|-singleturn|p2b: Gyarados|Protect\n|move|p1b: Chien-Pao|Sacred Sword|p2a: Skuntank\n|-damage|p2a: Skuntank|46\/100\n|move|p1a: Roaring Moon|Throat Chop|p2b: Gyarados\n|-activate|p2b: Gyarados|move: Protect\n|\n|-heal|p2a: Skuntank|52\/100|[from] item: Black Sludge\n|-damage|p1b: Chien-Pao|1\/100 psn|[from] psn\n|-damage|p1a: Roaring Moon|38\/100 psn|[from] psn\n|-damage|p1b: Chien-Pao|0 fnt|[from] Salt Cure\n|faint|p1b: Chien-Pao\n|upkeep\n|\n|t:|1681813692\n|switch|p1b: Great Tusk|Great Tusk, L50|31\/100\n|turn|11\n|inactive|jrforsure has 30 seconds left.\n|\n|t:|1681813725\n|switch|p2b: Garganacl|Garganacl, L50, F|59\/100\n|move|p2a: Skuntank|Sucker Punch|p1b: Great Tusk\n|-resisted|p1b: Great Tusk\n|-damage|p1b: Great Tusk|22\/100\n|move|p1b: Great Tusk|Headlong Rush|p2a: Skuntank\n|-supereffective|p2a: Skuntank\n|-damage|p2a: Skuntank|0 fnt\n|-unboost|p1b: Great Tusk|def|1\n|-unboost|p1b: Great Tusk|spd|1\n|-damage|p1b: Great Tusk|0 fnt|[from] ability: Aftermath|[of] p2a: Skuntank\n|faint|p2a: Skuntank\n|faint|p1b: Great Tusk\n|-end|p1b: Great Tusk|Protosynthesis|[silent]\n|move|p1a: Roaring Moon|Throat Chop|p2b: Garganacl\n|-damage|p2b: Garganacl|40\/100\n|-start|p2b: Garganacl|Throat Chop|[silent]\n|-enditem|p2b: Garganacl|Sitrus Berry|[eat]\n|-heal|p2b: Garganacl|65\/100|[from] item: Sitrus Berry\n|\n|-damage|p1a: Roaring Moon|26\/100 psn|[from] psn\n|upkeep\n|\n|t:|1681813743\n|switch|p2a: Gyarados|Gyarados, L50, M, shiny|14\/100\n|-ability|p2a: Gyarados|Intimidate|boost\n|-unboost|p1a: Roaring Moon|atk|1\n|turn|12\n|\n|t:|1681813751\n|move|p2a: Gyarados|Protect|p2a: Gyarados\n|-singleturn|p2a: Gyarados|Protect\n|move|p1a: Roaring Moon|Throat Chop|p2a: Gyarados\n|-activate|p2a: Gyarados|move: Protect\n|move|p2b: Garganacl|Hammer Arm|p1a: Roaring Moon\n|-supereffective|p1a: Roaring Moon\n|-damage|p1a: Roaring Moon|0 fnt\n|-unboost|p2b: Garganacl|spe|1\n|faint|p1a: Roaring Moon\n|-end|p1a: Roaring Moon|Protosynthesis|[silent]\n|\n|win|Skuntomk\n|raw|jrforsure's rating: 1133 → 1105<\/strong> (-28 for losing)\n|raw|Skuntomk's rating: 1095 → 1124<\/strong> (+29 for winning)\n|l|\u2606jrforsure\n","uploadtime":1681813763,"views":9,"p1id":"jrforsure","p2id":"skuntomk","formatid":"gen9vgc2023regulationc","rating":1105,"private":0,"password":""}