{"id":"gen9vgc2023regulationc-1844970974","p1":"jaydon8463","p2":"Arcacagne","format":"[Gen 9] VGC 2023 Regulation C","log":"|j|\u2606jaydon8463\n|j|\u2606Arcacagne\n|t:|1681669522\n|gametype|doubles\n|player|p1|jaydon8463|169|1241\n|player|p2|Arcacagne|2|1184\n|teamsize|p1|6\n|teamsize|p2|6\n|gen|9\n|tier|[Gen 9] VGC 2023 Regulation C\n|rated|\n|rule|Species Clause: Limit one of each Pok\u00e9mon\n|rule|Item Clause: Limit one of each item\n|clearpoke\n|poke|p1|Dragapult, L50, M|\n|poke|p1|Chien-Pao, L50|\n|poke|p1|Arcanine, L50, F|\n|poke|p1|Palafin, L50, M|\n|poke|p1|Ting-Lu, L50|\n|poke|p1|Glimmora, L50, M|\n|poke|p2|Chien-Pao, L50|\n|poke|p2|Palafin, L50, F|\n|poke|p2|Amoonguss, L50, F|\n|poke|p2|Arcanine, L50, F|\n|poke|p2|Kingambit, L50, M|\n|poke|p2|Iron Hands, L50|\n|teampreview|4\nArcacagne has agreed to open team sheets.\njaydon8463 has agreed to open team sheets.\n|inactive|Battle timer is ON: inactive players will automatically lose when time's up. (requested by jaydon8463)\n|inactive|Arcacagne has 60 seconds left.\n|\n|t:|1681669641\n|start\n|switch|p1a: Dragapult|Dragapult, L50, M, shiny|100\/100\n|switch|p1b: Chien-Pao|Chien-Pao, L50|100\/100\n|switch|p2a: Palafin|Palafin, L50, F|100\/100\n|switch|p2b: Kingambit|Kingambit, L50, M|100\/100\n|-ability|p1b: Chien-Pao|Sword of Ruin\n|turn|1\n|inactive|jaydon8463 has 30 seconds left.\n|inactive|Arcacagne has 30 seconds left.\n|inactive|jaydon8463 has 20 seconds left.\n|\n|t:|1681669678\n|switch|p1a: Palafin|Palafin, L50, M|100\/100\n|move|p2a: Palafin|Jet Punch|p1b: Chien-Pao\n|-damage|p1b: Chien-Pao|62\/100\n|move|p2b: Kingambit|Sucker Punch|p1b: Chien-Pao\n|-resisted|p1b: Chien-Pao\n|-damage|p1b: Chien-Pao|33\/100\n|move|p1b: Chien-Pao|Sacred Sword|p2b: Kingambit\n|-supereffective|p2b: Kingambit\n|-damage|p2b: Kingambit|0 fnt\n|faint|p2b: Kingambit\n|\n|upkeep\n|\n|t:|1681669691\n|switch|p2b: Iron Hands|Iron Hands, L50|100\/100\n|turn|2\n|\n|t:|1681669708\n|detailschange|p2a: Palafin|Palafin-Hero, L50, F\n|switch|p2a: Amoonguss|Amoonguss, L50, F|100\/100\n|detailschange|p1a: Palafin|Palafin-Hero, L50, M\n|switch|p1a: Arcanine|Arcanine, L50, F|100\/100\n|-ability|p1a: Arcanine|Intimidate|boost\n|-unboost|p2a: Amoonguss|atk|1\n|-unboost|p2b: Iron Hands|atk|1\n|move|p1b: Chien-Pao|Protect|p1b: Chien-Pao\n|-singleturn|p1b: Chien-Pao|Protect\n|move|p2b: Iron Hands|Fake Out|p1b: Chien-Pao\n|-activate|p1b: Chien-Pao|move: Protect\n|\n|upkeep\n|turn|3\n|inactive|jaydon8463 has 30 seconds left.\n|inactive|Arcacagne has 30 seconds left.\n|\n|t:|1681669742\n|switch|p1b: Dragapult|Dragapult, L50, M, shiny|100\/100\n|-terastallize|p2a: Amoonguss|Water\n|move|p1a: Arcanine|Will-O-Wisp|p2b: Iron Hands\n|-status|p2b: Iron Hands|brn\n|move|p2b: Iron Hands|Wild Charge|p1a: Arcanine\n|-damage|p1a: Arcanine|82\/100\n|-damage|p2b: Iron Hands|97\/100 brn|[from] Recoil\n|move|p2a: Amoonguss|Spore|p1b: Dragapult\n|-status|p1b: Dragapult|slp|[from] move: Spore\n|\n|-damage|p2b: Iron Hands|91\/100 brn|[from] brn\n|upkeep\n|turn|4\n|inactive|jaydon8463 has 30 seconds left.\n|inactive|Arcacagne has 30 seconds left.\n|\n|t:|1681669775\n|-end|p2b: Iron Hands|Quark Drive|[silent]\n|switch|p2b: Palafin|Palafin-Hero, L50, F|100\/100\n|-activate|p2b: Palafin|ability: Zero to Hero\n|move|p1a: Arcanine|Protect|p1a: Arcanine\n|-singleturn|p1a: Arcanine|Protect\n|cant|p1b: Dragapult|slp\n|move|p2a: Amoonguss|Pollen Puff|p1b: Dragapult\n|-resisted|p1b: Dragapult\n|-damage|p1b: Dragapult|88\/100 slp\n|\n|upkeep\n|turn|5\n|\n|t:|1681669796\n|switch|p1a: Palafin|Palafin-Hero, L50, M|100\/100\n|-activate|p1a: Palafin|ability: Zero to Hero\n|switch|p2a: Iron Hands|Iron Hands, L50|91\/100 brn\n|move|p2b: Palafin|Jet Punch|p1a: Palafin\n|-resisted|p1a: Palafin\n|-damage|p1a: Palafin|78\/100\n|cant|p1b: Dragapult|slp\n|\n|-damage|p2a: Iron Hands|85\/100 brn|[from] brn\n|upkeep\n|turn|6\n|inactive|Arcacagne has 30 seconds left.\n|inactive|Arcacagne has 20 seconds left.\n|\n|t:|1681669833\n|move|p1a: Palafin|Protect|p1a: Palafin\n|-singleturn|p1a: Palafin|Protect\n|-curestatus|p1b: Dragapult|slp|[msg]\n|move|p1b: Dragapult|U-turn|p2a: Iron Hands\n|-resisted|p2a: Iron Hands\n|-damage|p2a: Iron Hands|73\/100 brn\n|\n|t:|1681669840\n|switch|p1b: Arcanine|Arcanine, L50, F|82\/100|[from] U-turn\n|-ability|p1b: Arcanine|Intimidate|boost\n|-unboost|p2a: Iron Hands|atk|1\n|-unboost|p2b: Palafin|atk|1\n|move|p2b: Palafin|Haze|p2b: Palafin\n|-clearallboost\n|move|p2a: Iron Hands|Drain Punch|p1a: Palafin\n|-activate|p1a: Palafin|move: Protect\n|\n|-damage|p2a: Iron Hands|67\/100 brn|[from] brn\n|upkeep\n|turn|7\n|inactive|jaydon8463 has 30 seconds left.\n|\n|t:|1681669872\n|move|p2b: Palafin|Jet Punch|p1b: Arcanine\n|-supereffective|p1b: Arcanine\n|-damage|p1b: Arcanine|0 fnt\n|faint|p1b: Arcanine\n|move|p1a: Palafin|Wave Crash|p2a: Iron Hands\n|-damage|p2a: Iron Hands|5\/100 brn\n|-damage|p1a: Palafin|51\/100|[from] Recoil\n|move|p2a: Iron Hands|Wild Charge|p1a: Palafin\n|-supereffective|p1a: Palafin\n|-damage|p1a: Palafin|0 fnt\n|faint|p1a: Palafin\n|-damage|p2a: Iron Hands|0 fnt|[from] Recoil\n|faint|p2a: Iron Hands\n|-end|p2a: Iron Hands|Quark Drive|[silent]\n|\n|upkeep\n|\n|t:|1681669885\n|switch|p1b: Chien-Pao|Chien-Pao, L50|33\/100\n|switch|p1a: Dragapult|Dragapult, L50, M, shiny|88\/100\n|switch|p2a: Amoonguss|Amoonguss, L50, F, tera:Water|100\/100\n|-ability|p1b: Chien-Pao|Sword of Ruin\n|turn|8\n|inactive|jaydon8463 has 30 seconds left.\n|inactive|Arcacagne has 30 seconds left.\n|inactive|jaydon8463 has 20 seconds left.\n|\n|t:|1681669923\n|move|p1b: Chien-Pao|Protect|p1b: Chien-Pao\n|-singleturn|p1b: Chien-Pao|Protect\n|move|p2b: Palafin|Jet Punch|p1b: Chien-Pao\n|-activate|p1b: Chien-Pao|move: Protect\n|move|p1a: Dragapult|Dragon Darts|p2a: Amoonguss\n|-damage|p2a: Amoonguss|38\/100\n|-enditem|p2a: Amoonguss|Sitrus Berry|[eat]\n|-heal|p2a: Amoonguss|63\/100|[from] item: Sitrus Berry\n|-anim|p1a: Dragapult|Dragon Darts|p2b: Palafin\n|-damage|p2b: Palafin|43\/100\n|move|p2a: Amoonguss|Spore|p1a: Dragapult\n|-status|p1a: Dragapult|slp|[from] move: Spore\n|\n|upkeep\n|turn|9\n|\n|t:|1681669943\n|move|p2b: Palafin|Protect|p2b: Palafin\n|-singleturn|p2b: Palafin|Protect\n|move|p1b: Chien-Pao|Sucker Punch||[still]\n|-fail|p1b: Chien-Pao\n|cant|p1a: Dragapult|slp\n|move|p2a: Amoonguss|Spore|p1b: Chien-Pao\n|-status|p1b: Chien-Pao|slp|[from] move: Spore\n|\n|upkeep\n|turn|10\n|\n|t:|1681669961\n|cant|p1b: Chien-Pao|slp\n|-curestatus|p1a: Dragapult|slp|[msg]\n|move|p1a: Dragapult|Dragon Darts|p2b: Palafin\n|-damage|p2b: Palafin|0 fnt\n|-anim|p1a: Dragapult|Dragon Darts|p2a: Amoonguss\n|-damage|p2a: Amoonguss|4\/100\n|faint|p2b: Palafin\n|move|p2a: Amoonguss|Pollen Puff|p2: Palafin|[notarget]\n|-fail|p2a: Amoonguss\n|\n|upkeep\n|turn|11\n|c|\u2606jaydon8463|ggs\n|-message|Arcacagne forfeited.\n|\n|win|jaydon8463\n|raw|jaydon8463's rating: 1241 → 1262<\/strong> (+21 for winning)\n|raw|Arcacagne's rating: 1184 → 1163<\/strong> (-21 for losing)\n|l|\u2606Arcacagne\n","uploadtime":1681669979,"views":11,"p1id":"jaydon8463","p2id":"arcacagne","formatid":"gen9vgc2023regulationc","rating":1163,"private":0,"password":""}