{"id":"gen9vgc2023regulationc-1845893175","p1":"JacEsFer","p2":"Kiriziio","format":"[Gen 9] VGC 2023 Regulation C","log":"|j|\u2606JacEsFer\n|j|\u2606Kiriziio\n|t:|1681776225\n|gametype|doubles\n|player|p1|JacEsFer|cynthia-gen4|1257\n|player|p2|Kiriziio|lance|1163\n|teamsize|p1|6\n|teamsize|p2|6\n|gen|9\n|tier|[Gen 9] VGC 2023 Regulation C\n|rated|\n|rule|Species Clause: Limit one of each Pok\u00e9mon\n|rule|Item Clause: Limit one of each item\n|clearpoke\n|poke|p1|Indeedee-F, L50, F|\n|poke|p1|Armarouge, L50, F|\n|poke|p1|Iron Bundle, L50|\n|poke|p1|Amoonguss, L50, F|\n|poke|p1|Chien-Pao, L50|\n|poke|p1|Flamigo, L50, F|\n|poke|p2|Dondozo, L50, M|\n|poke|p2|Tatsugiri-Stretchy, L50, F|\n|poke|p2|Chi-Yu, L50|\n|poke|p2|Flutter Mane, L50|\n|poke|p2|Dragonite, L50, M|\n|poke|p2|Glimmora, L50, M|\n|teampreview|4\n|inactive|Battle timer is ON: inactive players will automatically lose when time's up. (requested by JacEsFer)\n|inactive|Kiriziio has 60 seconds left.\n|\n|t:|1681776271\n|start\n|switch|p1a: Iron Bundle|Iron Bundle, L50|100\/100\n|switch|p1b: Armarouge|Armarouge, L50, F|100\/100\n|switch|p2a: Flutter Mane|Flutter Mane, L50|100\/100\n|switch|p2b: Chi-Yu|Chi-Yu, L50|100\/100\n|-ability|p2b: Chi-Yu|Beads of Ruin\n|-enditem|p1a: Iron Bundle|Booster Energy\n|-activate|p1a: Iron Bundle|ability: Quark Drive|[fromitem]\n|-start|p1a: Iron Bundle|quarkdrivespe\n|-enditem|p2a: Flutter Mane|Booster Energy\n|-activate|p2a: Flutter Mane|ability: Protosynthesis|[fromitem]\n|-start|p2a: Flutter Mane|protosynthesisspe\n|turn|1\n|inactive|Kiriziio has 30 seconds left.\n|inactive|Kiriziio has 20 seconds left.\n|\n|t:|1681776310\n|move|p2a: Flutter Mane|Protect|p2a: Flutter Mane\n|-singleturn|p2a: Flutter Mane|Protect\n|move|p1b: Armarouge|Endure|p1b: Armarouge\n|-singleturn|p1b: Armarouge|move: Endure\n|move|p1a: Iron Bundle|Flip Turn|p1b: Armarouge\n|-supereffective|p1b: Armarouge\n|-damage|p1b: Armarouge|67\/100\n|-ability|p1b: Armarouge|Weak Armor|boost\n|-unboost|p1b: Armarouge|def|1\n|-boost|p1b: Armarouge|spe|2\n|-enditem|p1b: Armarouge|Weakness Policy\n|-boost|p1b: Armarouge|atk|2|[from] item: Weakness Policy\n|-boost|p1b: Armarouge|spa|2|[from] item: Weakness Policy\n|\n|t:|1681776324\n|-end|p1a: Iron Bundle|Quark Drive|[silent]\n|switch|p1a: Indeedee|Indeedee-F, L50, F|100\/100|[from] Flip Turn\n|-fieldstart|move: Psychic Terrain|[from] ability: Psychic Surge|[of] p1a: Indeedee\n|-enditem|p1a: Indeedee|Psychic Seed\n|-boost|p1a: Indeedee|spd|1|[from] item: Psychic Seed\n|move|p2b: Chi-Yu|Dark Pulse|p1b: Armarouge\n|-supereffective|p1b: Armarouge\n|-crit|p1b: Armarouge\n|-activate|p1b: Armarouge|move: Endure\n|-damage|p1b: Armarouge|1\/100\n|\n|upkeep\n|turn|2\n|inactive|Kiriziio has 30 seconds left.\n|\n|t:|1681776353\n|move|p1b: Armarouge|Protect||[still]\n|-fail|p1b: Armarouge\n|move|p1a: Indeedee|Follow Me|p1a: Indeedee\n|-singleturn|p1a: Indeedee|move: Follow Me\n|move|p2a: Flutter Mane|Moonblast|p1a: Indeedee\n|-damage|p1a: Indeedee|55\/100\n|move|p2b: Chi-Yu|Dark Pulse|p1a: Indeedee\n|-supereffective|p1a: Indeedee\n|-damage|p1a: Indeedee|0 fnt\n|faint|p1a: Indeedee\n|\n|upkeep\n|\n|t:|1681776366\n|switch|p1a: Flamigo|Flamigo, L50, F|100\/100\n|-copyboost|p1a: Flamigo|p1b: Armarouge|[from] ability: Costar\n|turn|3\n|\n|t:|1681776388\n|move|p2a: Flutter Mane|Protect|p2a: Flutter Mane\n|-singleturn|p2a: Flutter Mane|Protect\n|move|p2b: Chi-Yu|Protect|p2b: Chi-Yu\n|-singleturn|p2b: Chi-Yu|Protect\n|move|p1a: Flamigo|Close Combat|p2b: Chi-Yu\n|-activate|p2b: Chi-Yu|move: Protect\n|move|p1b: Armarouge|Armor Cannon|p2a: Flutter Mane\n|-activate|p2a: Flutter Mane|move: Protect\n|\n|upkeep\n|turn|4\n|inactive|JacEsFer has 30 seconds left.\n|inactive|Kiriziio has 30 seconds left.\n|\n|t:|1681776421\n|-end|p2a: Flutter Mane|Protosynthesis|[silent]\n|switch|p2a: Dondozo|Dondozo, L50, M|100\/100\n|move|p1a: Flamigo|Brave Bird|p2b: Chi-Yu\n|-damage|p2b: Chi-Yu|0 fnt\n|faint|p2b: Chi-Yu\n|-damage|p1a: Flamigo|67\/100|[from] Recoil\n|-damage|p1a: Flamigo|58\/100|[from] item: Life Orb\n|move|p1b: Armarouge|Expanding Force|p2a: Dondozo\n|-damage|p2a: Dondozo|51\/100\n|\n|upkeep\n|\n|t:|1681776434\n|switch|p2b: Dragonite|Dragonite, L50, M|100\/100\n|turn|5\n|\n|t:|1681776447\n|-terastallize|p1b: Armarouge|Psychic\n|move|p2b: Dragonite|Protect|p2b: Dragonite\n|-singleturn|p2b: Dragonite|Protect\n|move|p2a: Dondozo|Protect|p2a: Dondozo\n|-singleturn|p2a: Dondozo|Protect\n|move|p1a: Flamigo|Throat Chop|p2a: Dondozo\n|-activate|p2a: Dondozo|move: Protect\n|move|p1b: Armarouge|Expanding Force|p2b: Dragonite|[spread] \n|-activate|p2a: Dondozo|move: Protect\n|-activate|p2b: Dragonite|move: Protect\n|\n|-fieldend|move: Psychic Terrain\n|upkeep\n|turn|6\n|inactive|JacEsFer has 30 seconds left.\n|\n|t:|1681776472\n|move|p1a: Flamigo|Protect|p1a: Flamigo\n|-singleturn|p1a: Flamigo|Protect\n|move|p2b: Dragonite|Extreme Speed|p1b: Armarouge\n|-damage|p1b: Armarouge|0 fnt\n|faint|p1b: Armarouge\n|move|p2a: Dondozo|Wave Crash|p1a: Flamigo\n|-activate|p1a: Flamigo|move: Protect\n|\n|upkeep\n|\n|t:|1681776482\n|switch|p1b: Iron Bundle|Iron Bundle, L50|100\/100\n|turn|7\n|\n|t:|1681776493\n|move|p2b: Dragonite|Extreme Speed|p1a: Flamigo\n|-damage|p1a: Flamigo|0 fnt\n|faint|p1a: Flamigo\n|move|p1b: Iron Bundle|Freeze-Dry|p2b: Dragonite\n|-supereffective|p2b: Dragonite\n|-damage|p2b: Dragonite|37\/100\n|move|p2a: Dondozo|Wave Crash|p1b: Iron Bundle\n|-resisted|p1b: Iron Bundle\n|-damage|p1b: Iron Bundle|75\/100\n|-damage|p2a: Dondozo|47\/100|[from] Recoil\n|-enditem|p2a: Dondozo|Sitrus Berry|[eat]\n|-heal|p2a: Dondozo|72\/100|[from] item: Sitrus Berry\n|\n|upkeep\n|turn|8\n|\n|t:|1681776509\n|move|p2b: Dragonite|Protect|p2b: Dragonite\n|-singleturn|p2b: Dragonite|Protect\n|move|p1b: Iron Bundle|Freeze-Dry|p2b: Dragonite\n|-activate|p2b: Dragonite|move: Protect\n|move|p2a: Dondozo|Yawn|p1b: Iron Bundle\n|-start|p1b: Iron Bundle|move: Yawn|[of] p2a: Dondozo\n|\n|upkeep\n|turn|9\n|\n|t:|1681776520\n|-terastallize|p2b: Dragonite|Normal\n|move|p2b: Dragonite|Extreme Speed|p1b: Iron Bundle\n|-damage|p1b: Iron Bundle|21\/100\n|move|p1b: Iron Bundle|Freeze-Dry|p2b: Dragonite\n|-damage|p2b: Dragonite|2\/100\n|move|p2a: Dondozo|Bulldoze|p1b: Iron Bundle|[spread] p2b,p1b\n|-damage|p2b: Dragonite|0 fnt\n|-damage|p1b: Iron Bundle|8\/100\n|-unboost|p1b: Iron Bundle|spe|1\n|faint|p2b: Dragonite\n|\n|-end|p1b: Iron Bundle|move: Yawn|[silent]\n|-status|p1b: Iron Bundle|slp\n|upkeep\n|\n|t:|1681776531\n|switch|p2b: Flutter Mane|Flutter Mane, L50|100\/100\n|turn|10\n|-message|JacEsFer forfeited.\n|\n|win|Kiriziio\n|raw|JacEsFer's rating: 1257 → 1225<\/strong> (-32 for losing)\n|raw|Kiriziio's rating: 1163 → 1195<\/strong> (+32 for winning)\n|l|\u2606JacEsFer\n","uploadtime":1681776537,"views":9,"p1id":"jacesfer","p2id":"kiriziio","formatid":"gen9vgc2023regulationc","rating":1195,"private":0,"password":""}