{"id":"gen9vgc2023regulationc-1863832487","p1":"Inferno prodigy","p2":"bennoVGC","format":"[Gen 9] VGC 2023 Regulation C","log":"|j|\u2606Inferno prodigy\n|j|\u2606bennoVGC\n|t:|1684083165\n|gametype|doubles\n|player|p1|Inferno prodigy|266|\n|player|p2|bennoVGC|265|\n|teamsize|p1|6\n|teamsize|p2|6\n|gen|9\n|tier|[Gen 9] VGC 2023 Regulation C\n|rule|Species Clause: Limit one of each Pok\u00e9mon\n|rule|Item Clause: Limit one of each item\n|clearpoke\n|poke|p1|Orthworm, L50, F|\n|poke|p1|Ting-Lu, L50|\n|poke|p1|Dragonite, L50, M|\n|poke|p1|Gyarados, L50, F|\n|poke|p1|Flutter Mane, L50|\n|poke|p1|Chien-Pao, L50|\n|poke|p2|Palafin, L50, F|\n|poke|p2|Arcanine, L50, F|\n|poke|p2|Flutter Mane, L50|\n|poke|p2|Amoonguss, L50, M|\n|poke|p2|Pawmot, L50, F|\n|poke|p2|Ting-Lu, L50|\n|teampreview|4\n|c|\u2606bennoVGC|g2\nbennoVGC has agreed to open team sheets.\n|\n|t:|1684083531\n|start\n|switch|p1a: Ting-Lu|Ting-Lu, L50|100\/100\n|switch|p1b: Orthworm|Orthworm, L50, F|100\/100\n|switch|p2a: Palafin|Palafin, L50, F, shiny|100\/100\n|switch|p2b: Pawmot|Pawmot, L50, F, shiny|100\/100\n|-ability|p1a: Ting-Lu|Vessel of Ruin\n|turn|1\n|\n|t:|1684083541\n|move|p2b: Pawmot|Fake Out|p1a: Ting-Lu\n|-damage|p1a: Ting-Lu|92\/100\n|move|p2a: Palafin|Taunt|p1b: Orthworm\n|-start|p1b: Orthworm|move: Taunt\n|cant|p1b: Orthworm|move: Taunt|Shed Tail\n|cant|p1a: Ting-Lu|flinch\n|\n|upkeep\n|turn|2\n|\n|t:|1684083576\n|move|p2a: Palafin|Protect|p2a: Palafin\n|-singleturn|p2a: Palafin|Protect\n|move|p2b: Pawmot|Close Combat|p1a: Ting-Lu\n|-supereffective|p1a: Ting-Lu\n|-damage|p1a: Ting-Lu|24\/100\n|-unboost|p2b: Pawmot|def|1\n|-unboost|p2b: Pawmot|spd|1\n|move|p1b: Orthworm|Body Press|p2a: Palafin\n|-activate|p2a: Palafin|move: Protect\n|move|p1a: Ting-Lu|Earthquake|p2b: Pawmot|[spread] p2b\n|-activate|p2a: Palafin|move: Protect\n|-immune|p1b: Orthworm|[from] ability: Earth Eater\n|-supereffective|p2b: Pawmot\n|-enditem|p2b: Pawmot|Focus Sash\n|-damage|p2b: Pawmot|1\/100\n|\n|upkeep\n|turn|3\n|\n|t:|1684083609\n|detailschange|p2a: Palafin|Palafin-Hero, L50, F, shiny\n|switch|p2a: Ting-Lu|Ting-Lu, L50|100\/100\n|-ability|p2a: Ting-Lu|Vessel of Ruin\n|move|p2b: Pawmot|Close Combat|p1b: Orthworm\n|-supereffective|p1b: Orthworm\n|-damage|p1b: Orthworm|17\/100\n|-unboost|p2b: Pawmot|def|1\n|-unboost|p2b: Pawmot|spd|1\n|-enditem|p1b: Orthworm|Sitrus Berry|[eat]\n|-heal|p1b: Orthworm|42\/100|[from] item: Sitrus Berry\n|move|p1b: Orthworm|Body Press|p2b: Pawmot\n|-crit|p2b: Pawmot\n|-damage|p2b: Pawmot|0 fnt\n|faint|p2b: Pawmot\n|move|p1a: Ting-Lu|Earthquake|p2a: Ting-Lu|[spread] p2a\n|-heal|p1b: Orthworm|67\/100|[from] ability: Earth Eater|[of] p1a: Ting-Lu\n|-damage|p2a: Ting-Lu|69\/100\n|\n|-end|p1b: Orthworm|move: Taunt\n|upkeep\n|\n|t:|1684083621\n|switch|p2b: Palafin|Palafin-Hero, L50, F, shiny|100\/100\n|-activate|p2b: Palafin|ability: Zero to Hero\n|turn|4\n|\n|t:|1684083668\n|move|p2b: Palafin|Jet Punch|p1a: Ting-Lu\n|-supereffective|p1a: Ting-Lu\n|-damage|p1a: Ting-Lu|0 fnt\n|faint|p1a: Ting-Lu\n|move|p1b: Orthworm|Shed Tail|p1b: Orthworm\n|-start|p1b: Orthworm|Substitute|[from] move: Shed Tail\n|-damage|p1b: Orthworm|17\/100\n|\n|t:|1684083679\n|switch|p1b: Dragonite|Dragonite, L50, M|100\/100|[from] Shed Tail\n|move|p2a: Ting-Lu|Ruination|p1b: Dragonite\n|-end|p1b: Dragonite|Substitute\n|\n|upkeep\n|\n|t:|1684083685\n|switch|p1a: Chien-Pao|Chien-Pao, L50|100\/100\n|-ability|p1a: Chien-Pao|Sword of Ruin\n|turn|5\n|\n|t:|1684083704\n|-terastallize|p1b: Dragonite|Flying\n|-terastallize|p2a: Ting-Lu|Poison\n|move|p2b: Palafin|Protect|p2b: Palafin\n|-singleturn|p2b: Palafin|Protect\n|move|p1a: Chien-Pao|Ice Spinner|p2a: Ting-Lu\n|-damage|p2a: Ting-Lu|42\/100\n|move|p1b: Dragonite|Tera Blast|p2b: Palafin\n|-activate|p2b: Palafin|move: Protect\n|move|p2a: Ting-Lu|Ruination|p1b: Dragonite\n|-damage|p1b: Dragonite|50\/100\n|\n|upkeep\n|turn|6\n|\n|t:|1684083774\n|move|p1b: Dragonite|Extreme Speed|p2b: Palafin\n|-damage|p2b: Palafin|62\/100\n|move|p1a: Chien-Pao|Sucker Punch|p2b: Palafin\n|-damage|p2b: Palafin|21\/100\n|move|p2b: Palafin|Jet Punch|p1b: Dragonite\n|-damage|p1b: Dragonite|0 fnt\n|faint|p1b: Dragonite\n|move|p2a: Ting-Lu|Heavy Slam|p1a: Chien-Pao\n|-supereffective|p1a: Chien-Pao\n|-damage|p1a: Chien-Pao|33\/100\n|\n|upkeep\n|\n|t:|1684083780\n|switch|p1b: Orthworm|Orthworm, L50, F|17\/100\n|turn|7\n|\n|t:|1684083799\n|switch|p2b: Arcanine|Arcanine, L50, F, shiny|100\/100\n|-ability|p2b: Arcanine|Intimidate|boost\n|-unboost|p1a: Chien-Pao|atk|1\n|-unboost|p1b: Orthworm|atk|1\n|move|p1a: Chien-Pao|Ice Spinner|p2a: Ting-Lu\n|-damage|p2a: Ting-Lu|22\/100\n|move|p1b: Orthworm|Body Press|p2b: Arcanine\n|-damage|p2b: Arcanine|61\/100\n|move|p2a: Ting-Lu|Heavy Slam|p1a: Chien-Pao\n|-supereffective|p1a: Chien-Pao\n|-damage|p1a: Chien-Pao|0 fnt\n|faint|p1a: Chien-Pao\n|\n|upkeep\n|turn|8\n|-message|Inferno prodigy forfeited.\n|\n|win|bennoVGC\n|l|\u2606Inferno prodigy\n","uploadtime":1684084142,"views":14,"p1id":"infernoprodigy","p2id":"bennovgc","formatid":"gen9vgc2023regulationc","rating":0,"private":0,"password":""}