{"id":"gen9vgc2023regulationc-1857536469","p1":"BoredBred","p2":"Chili Dewd","format":"[Gen 9] VGC 2023 Regulation C","log":"|j|\u2606BoredBred\n|j|\u2606Chili Dewd\n|t:|1683206013\n|gametype|doubles\n|player|p1|BoredBred|102|1080\n|player|p2|Chili Dewd|flint|1000\n|teamsize|p1|6\n|teamsize|p2|6\n|gen|9\n|tier|[Gen 9] VGC 2023 Regulation C\n|rated|\n|rule|Species Clause: Limit one of each Pok\u00e9mon\n|rule|Item Clause: Limit one of each item\n|clearpoke\n|poke|p1|Eelektross, L50, M|\n|poke|p1|Glimmora, L50, F|\n|poke|p1|Amoonguss, L50, M|\n|poke|p1|Tyranitar, L50, F|\n|poke|p1|Gastrodon-East, L50, F|\n|poke|p1|Ceruledge, L50, M|\n|poke|p2|Scovillain, L50, M|\n|poke|p2|Murkrow, L50, M|\n|poke|p2|Wo-Chien, L50|\n|poke|p2|Gothitelle, L50, M|\n|poke|p2|Flutter Mane, L50|\n|poke|p2|Gyarados, L50, F|\n|teampreview|4\n|inactive|Battle timer is ON: inactive players will automatically lose when time's up. (requested by Chili Dewd)\n|inactive|BoredBred has 60 seconds left.\n|\n|t:|1683206057\n|start\n|switch|p1a: Eelektross|Eelektross, L50, M|100\/100\n|switch|p1b: Ceruledge|Ceruledge, L50, M|100\/100\n|switch|p2a: Scovillain|Scovillain, L50, M|100\/100\n|switch|p2b: Murkrow|Murkrow, L50, M|100\/100\n|turn|1\n|inactive|BoredBred has 30 seconds left.\n|\n|t:|1683206083\n|move|p2a: Scovillain|Protect|p2a: Scovillain\n|-singleturn|p2a: Scovillain|Protect\n|move|p1b: Ceruledge|Bitter Blade|p2a: Scovillain\n|-activate|p2a: Scovillain|move: Protect\n|move|p2b: Murkrow|Tailwind|p2b: Murkrow\n|-sidestart|p2: Chili Dewd|move: Tailwind\n|move|p1a: Eelektross|Close Combat|p2b: Murkrow\n|-damage|p2b: Murkrow|53\/100\n|-unboost|p1a: Eelektross|def|1\n|-unboost|p1a: Eelektross|spd|1\n|-damage|p1a: Eelektross|91\/100|[from] item: Life Orb\n|\n|-ability|p2a: Scovillain|Moody|boost\n|-boost|p2a: Scovillain|spa|2\n|-unboost|p2a: Scovillain|spe|1\n|upkeep\n|turn|2\n|inactive|Chili Dewd has 30 seconds left.\n|\n|t:|1683206114\n|-terastallize|p2a: Scovillain|Water\n|move|p2b: Murkrow|Protect|p2b: Murkrow\n|-singleturn|p2b: Murkrow|Protect\n|move|p1b: Ceruledge|Bitter Blade|p2a: Scovillain\n|-resisted|p2a: Scovillain\n|-damage|p2a: Scovillain|77\/100\n|move|p2a: Scovillain|Leech Seed|p1b: Ceruledge\n|-start|p1b: Ceruledge|move: Leech Seed\n|move|p1a: Eelektross|Zap Cannon|p2b: Murkrow\n|-activate|p2b: Murkrow|move: Protect\n|\n|-damage|p1b: Ceruledge|88\/100|[from] Leech Seed|[of] p2a: Scovillain\n|-heal|p2a: Scovillain|88\/100|[silent]\n|-ability|p2a: Scovillain|Moody|boost\n|-boost|p2a: Scovillain|spe|2\n|-unboost|p2a: Scovillain|atk|1\n|upkeep\n|turn|3\n|inactive|BoredBred has 30 seconds left.\n|\n|t:|1683206148\n|move|p2a: Scovillain|Spicy Extract|p1a: Eelektross\n|-boost|p1a: Eelektross|atk|2\n|-unboost|p1a: Eelektross|def|2\n|move|p2b: Murkrow|Foul Play|p1a: Eelektross\n|-crit|p1a: Eelektross\n|-damage|p1a: Eelektross|0 fnt\n|faint|p1a: Eelektross\n|move|p1b: Ceruledge|Bulk Up|p1b: Ceruledge\n|-boost|p1b: Ceruledge|atk|1\n|-boost|p1b: Ceruledge|def|1\n|\n|-damage|p1b: Ceruledge|76\/100|[from] Leech Seed|[of] p2a: Scovillain\n|-heal|p2a: Scovillain|99\/100|[silent]\n|-ability|p2a: Scovillain|Moody|boost\n|-boost|p2a: Scovillain|spe|2\n|-unboost|p2a: Scovillain|spa|1\n|upkeep\n|\n|t:|1683206164\n|switch|p1a: Tyranitar|Tyranitar, L50, F|100\/100\n|-weather|Sandstorm|[from] ability: Sand Stream|[of] p1a: Tyranitar\n|turn|4\n|\n|t:|1683206178\n|move|p2a: Scovillain|Spicy Extract|p1b: Ceruledge\n|-boost|p1b: Ceruledge|atk|2\n|-unboost|p1b: Ceruledge|def|2\n|move|p2b: Murkrow|Foul Play|p1b: Ceruledge\n|-supereffective|p1b: Ceruledge\n|-damage|p1b: Ceruledge|0 fnt\n|faint|p1b: Ceruledge\n|move|p1a: Tyranitar|Icy Wind|p2b: Murkrow|[spread] p2a,p2b\n|-resisted|p2a: Scovillain\n|-supereffective|p2b: Murkrow\n|-damage|p2a: Scovillain|93\/100\n|-damage|p2b: Murkrow|34\/100\n|-unboost|p2a: Scovillain|spe|1\n|-unboost|p2b: Murkrow|spe|1\n|\n|-weather|Sandstorm|[upkeep]\n|-damage|p2a: Scovillain|87\/100|[from] Sandstorm\n|-damage|p2b: Murkrow|28\/100|[from] Sandstorm\n|-sideend|p2: Chili Dewd|move: Tailwind\n|-ability|p2a: Scovillain|Moody|boost\n|-boost|p2a: Scovillain|spa|2\n|-unboost|p2a: Scovillain|spd|1\n|upkeep\n|\n|t:|1683206196\n|switch|p1b: Gastrodon|Gastrodon-East, L50, F|100\/100\n|turn|5\n|\n|t:|1683206211\n|move|p1a: Tyranitar|Protect|p1a: Tyranitar\n|-singleturn|p1a: Tyranitar|Protect\n|move|p2a: Scovillain|Leech Seed|p1a: Tyranitar\n|-activate|p1a: Tyranitar|move: Protect\n|move|p2b: Murkrow|Tailwind|p2b: Murkrow\n|-sidestart|p2: Chili Dewd|move: Tailwind\n|move|p1b: Gastrodon|Mist|p1b: Gastrodon\n|-sidestart|p1: BoredBred|Mist\n|\n|-weather|Sandstorm|[upkeep]\n|-damage|p2a: Scovillain|81\/100|[from] Sandstorm\n|-damage|p2b: Murkrow|22\/100|[from] Sandstorm\n|-ability|p2a: Scovillain|Moody|boost\n|-boost|p2a: Scovillain|def|2\n|-unboost|p2a: Scovillain|spa|1\n|upkeep\n|turn|6\n|inactive|BoredBred has 30 seconds left.\n|\n|t:|1683206238\n|-terastallize|p1b: Gastrodon|Electric\n|move|p2a: Scovillain|Spicy Extract|p1a: Tyranitar\n|-activate|p1a: Tyranitar|move: Mist\n|-boost|p1a: Tyranitar|atk|2\n|move|p2b: Murkrow|Foul Play|p1a: Tyranitar\n|-resisted|p1a: Tyranitar\n|-damage|p1a: Tyranitar|56\/100\n|move|p1a: Tyranitar|Rock Slide|p2a: Scovillain|[spread] p2a,p2b\n|-supereffective|p2b: Murkrow\n|-damage|p2a: Scovillain|45\/100\n|-damage|p2b: Murkrow|0 fnt\n|faint|p2b: Murkrow\n|move|p1b: Gastrodon|Muddy Water|p2a: Scovillain\n|-resisted|p2a: Scovillain\n|-damage|p2a: Scovillain|11\/100\n|\n|-weather|Sandstorm|[upkeep]\n|-damage|p2a: Scovillain|5\/100|[from] Sandstorm\n|-damage|p1b: Gastrodon|95\/100|[from] Sandstorm\n|-heal|p1b: Gastrodon|100\/100|[from] item: Leftovers\n|-ability|p2a: Scovillain|Moody|boost\n|-boost|p2a: Scovillain|spa|2\n|-unboost|p2a: Scovillain|def|1\n|upkeep\n|\n|t:|1683206241\n|switch|p2b: Wo-Chien|Wo-Chien, L50|100\/100\n|-ability|p2b: Wo-Chien|Tablets of Ruin\n|turn|7\n|inactive|BoredBred has 30 seconds left.\n|\n|t:|1683206271\n|move|p2a: Scovillain|Leech Seed|p1a: Tyranitar\n|-start|p1a: Tyranitar|move: Leech Seed\n|move|p2b: Wo-Chien|Pollen Puff|p2a: Scovillain\n|-heal|p2a: Scovillain|54\/100\n|move|p1a: Tyranitar|Aerial Ace|p2b: Wo-Chien\n|-supereffective|p2b: Wo-Chien\n|-damage|p2b: Wo-Chien|46\/100\n|move|p1b: Gastrodon|Ice Beam|p2b: Wo-Chien\n|-supereffective|p2b: Wo-Chien\n|-damage|p2b: Wo-Chien|15\/100\n|-status|p2b: Wo-Chien|frz\n|\n|-weather|Sandstorm|[upkeep]\n|-damage|p2a: Scovillain|48\/100|[from] Sandstorm\n|-damage|p2b: Wo-Chien|9\/100 frz|[from] Sandstorm\n|-damage|p1b: Gastrodon|95\/100|[from] Sandstorm\n|-heal|p2b: Wo-Chien|15\/100 frz|[from] item: Leftovers\n|-heal|p1b: Gastrodon|100\/100|[from] item: Leftovers\n|-damage|p1a: Tyranitar|44\/100|[from] Leech Seed|[of] p2a: Scovillain\n|-heal|p2a: Scovillain|64\/100|[silent]\n|-ability|p2a: Scovillain|Moody|boost\n|-boost|p2a: Scovillain|def|2\n|-unboost|p2a: Scovillain|spe|1\n|upkeep\n|turn|8\n|inactive|BoredBred has 30 seconds left.\n|inactive|Chili Dewd has 30 seconds left.\n|\n|t:|1683206307\n|move|p2a: Scovillain|Flamethrower|p1b: Gastrodon\n|-damage|p1b: Gastrodon|11\/100\n|-status|p1b: Gastrodon|brn\n|cant|p2b: Wo-Chien|frz\n|move|p1a: Tyranitar|Icy Wind|p2a: Scovillain|[spread] p2a,p2b\n|-resisted|p2a: Scovillain\n|-supereffective|p2b: Wo-Chien\n|-damage|p2a: Scovillain|54\/100\n|-damage|p2b: Wo-Chien|3\/100 frz\n|-unboost|p2a: Scovillain|spe|1\n|-unboost|p2b: Wo-Chien|spe|1\n|move|p1b: Gastrodon|Muddy Water|p2b: Wo-Chien|[spread] p2b\n|-miss|p1b: Gastrodon|p2a: Scovillain\n|-resisted|p2b: Wo-Chien\n|-damage|p2b: Wo-Chien|0 fnt\n|faint|p2b: Wo-Chien\n|\n|-weather|Sandstorm|[upkeep]\n|-damage|p2a: Scovillain|48\/100|[from] Sandstorm\n|-damage|p1b: Gastrodon|5\/100 brn|[from] Sandstorm\n|-heal|p1b: Gastrodon|11\/100 brn|[from] item: Leftovers\n|-damage|p1a: Tyranitar|32\/100|[from] Leech Seed|[of] p2a: Scovillain\n|-heal|p2a: Scovillain|63\/100|[silent]\n|-damage|p1b: Gastrodon|5\/100 brn|[from] brn\n|-sideend|p2: Chili Dewd|move: Tailwind\n|-ability|p2a: Scovillain|Moody|boost\n|-boost|p2a: Scovillain|atk|2\n|-unboost|p2a: Scovillain|spa|1\n|upkeep\n|\n|t:|1683206310\n|switch|p2b: Gothitelle|Gothitelle, L50, M|100\/100\n|turn|9\n|inactive|BoredBred has 30 seconds left.\n|\n|t:|1683206340\n|move|p2a: Scovillain|Flamethrower|p1b: Gastrodon\n|-damage|p1b: Gastrodon|0 fnt\n|faint|p1b: Gastrodon\n|move|p2b: Gothitelle|Heal Pulse|p2a: Scovillain\n|-heal|p2a: Scovillain|100\/100\n|move|p1a: Tyranitar|Rock Slide|p2a: Scovillain|[spread] p2b\n|-miss|p1a: Tyranitar|p2a: Scovillain\n|-damage|p2b: Gothitelle|44\/100\n|\n|-weather|Sandstorm|[upkeep]\n|-damage|p2a: Scovillain|94\/100|[from] Sandstorm\n|-damage|p2b: Gothitelle|38\/100|[from] Sandstorm\n|-damage|p1a: Tyranitar|20\/100|[from] Leech Seed|[of] p2a: Scovillain\n|-heal|p2a: Scovillain|100\/100|[silent]\n|-sideend|p1: BoredBred|Mist\n|-ability|p2a: Scovillain|Moody|boost\n|-boost|p2a: Scovillain|spa|2\n|-unboost|p2a: Scovillain|def|1\n|upkeep\n|turn|10\n|\n|t:|1683206358\n|move|p2b: Gothitelle|Helping Hand|p2a: Scovillain\n|-singleturn|p2a: Scovillain|Helping Hand|[of] p2b: Gothitelle\n|move|p2a: Scovillain|Flamethrower|p1a: Tyranitar\n|-resisted|p1a: Tyranitar\n|-damage|p1a: Tyranitar|0 fnt\n|faint|p1a: Tyranitar\n|\n|win|Chili Dewd\n|raw|BoredBred's rating: 1080 → 1053<\/strong> (-27 for losing)\n|raw|Chili Dewd's rating: 1000 → 1049<\/strong> (+49 for winning)\n","uploadtime":1683206368,"views":13,"p1id":"boredbred","p2id":"chilidewd","formatid":"gen9vgc2023regulationc","rating":1049,"private":0,"password":""}