{"id":"gen9vgc2023regulationc-1864327634","p1":"garompa","p2":"nightamara","format":"[Gen 9] VGC 2023 Regulation C","log":"|j|\u2606garompa\n|j|\u2606nightamara\n|t:|1684155833\n|gametype|doubles\n|player|p1|garompa|cynthia-gen4|1168\n|player|p2|nightamara|greta-gen3|1114\n|teamsize|p1|6\n|teamsize|p2|6\n|gen|9\n|tier|[Gen 9] VGC 2023 Regulation C\n|rated|\n|rule|Species Clause: Limit one of each Pok\u00e9mon\n|rule|Item Clause: Limit one of each item\n|clearpoke\n|poke|p1|Garchomp, L50, M|\n|poke|p1|Corviknight, L50, M|\n|poke|p1|Flutter Mane, L50|\n|poke|p1|Chi-Yu, L50|\n|poke|p1|Gyarados, L50, M|\n|poke|p1|Amoonguss, L50, F|\n|poke|p2|Talonflame, L50, F|\n|poke|p2|Great Tusk, L50|\n|poke|p2|Flutter Mane, L50|\n|poke|p2|Chien-Pao, L50|\n|poke|p2|Amoonguss, L50, M|\n|poke|p2|Kingambit, L50, M|\n|teampreview|4\nnightamara has agreed to open team sheets.\n|inactive|Battle timer is ON: inactive players will automatically lose when time's up. (requested by nightamara)\n|inactive|garompa has 60 seconds left.\n|\n|t:|1684155901\n|start\n|switch|p1a: Gyarados|Gyarados, L50, M|100\/100\n|switch|p1b: Garchomp|Garchomp, L50, M|100\/100\n|switch|p2a: Talonflame|Talonflame, L50, F|100\/100\n|switch|p2b: Flutter Mane|Flutter Mane, L50, shiny|100\/100\n|-ability|p1a: Gyarados|Intimidate|boost\n|-unboost|p2a: Talonflame|atk|1\n|-unboost|p2b: Flutter Mane|atk|1\n|-enditem|p2b: Flutter Mane|Booster Energy\n|-activate|p2b: Flutter Mane|ability: Protosynthesis|[fromitem]\n|-start|p2b: Flutter Mane|protosynthesisspa\n|turn|1\n|\n|t:|1684155920\n|move|p1b: Garchomp|Protect|p1b: Garchomp\n|-singleturn|p1b: Garchomp|Protect\n|move|p2a: Talonflame|Tailwind|p2a: Talonflame\n|-sidestart|p2: nightamara|move: Tailwind\n|move|p2b: Flutter Mane|Dazzling Gleam|p1b: Garchomp|[spread] p1a\n|-activate|p1b: Garchomp|move: Protect\n|-damage|p1a: Gyarados|71\/100\n|move|p1a: Gyarados|Taunt|p2a: Talonflame\n|-start|p2a: Talonflame|move: Taunt\n|\n|upkeep\n|turn|2\n|inactive|garompa has 30 seconds left.\n|inactive|nightamara has 30 seconds left.\n|\n|t:|1684155953\n|switch|p2a: Great Tusk|Great Tusk, L50|100\/100\n|-terastallize|p1b: Garchomp|Fire\n|move|p2b: Flutter Mane|Moonblast|p1b: Garchomp\n|-resisted|p1b: Garchomp\n|-damage|p1b: Garchomp|65\/100\n|move|p1b: Garchomp|Earthquake|p2a: Great Tusk|[spread] p2a,p2b\n|-immune|p1a: Gyarados\n|-damage|p2a: Great Tusk|70\/100\n|-damage|p2b: Flutter Mane|44\/100\n|move|p1a: Gyarados|Waterfall|p2a: Great Tusk\n|-supereffective|p2a: Great Tusk\n|-damage|p2a: Great Tusk|23\/100\n|\n|upkeep\n|turn|3\n|\n|t:|1684155974\n|move|p1b: Garchomp|Protect|p1b: Garchomp\n|-singleturn|p1b: Garchomp|Protect\n|move|p2a: Great Tusk|Rock Slide|p1b: Garchomp|[spread] p1a\n|-activate|p1b: Garchomp|move: Protect\n|-supereffective|p1a: Gyarados\n|-damage|p1a: Gyarados|34\/100\n|-enditem|p1a: Gyarados|Sitrus Berry|[eat]\n|-heal|p1a: Gyarados|59\/100|[from] item: Sitrus Berry\n|move|p2b: Flutter Mane|Dazzling Gleam|p1a: Gyarados|[spread] p1a\n|-activate|p1b: Garchomp|move: Protect\n|-damage|p1a: Gyarados|26\/100\n|cant|p1a: Gyarados|flinch\n|\n|upkeep\n|turn|4\n|\n|t:|1684155994\n|move|p1a: Gyarados|Helping Hand|p1b: Garchomp\n|-singleturn|p1b: Garchomp|Helping Hand|[of] p1a: Gyarados\n|move|p2a: Great Tusk|Rock Slide|p1a: Gyarados|[spread] p1a,p1b\n|-supereffective|p1a: Gyarados\n|-crit|p1a: Gyarados\n|-supereffective|p1b: Garchomp\n|-damage|p1a: Gyarados|0 fnt\n|-damage|p1b: Garchomp|18\/100\n|faint|p1a: Gyarados\n|move|p2b: Flutter Mane|Shadow Ball|p1b: Garchomp\n|-damage|p1b: Garchomp|0 fnt\n|faint|p1b: Garchomp\n|\n|-sideend|p2: nightamara|move: Tailwind\n|upkeep\n|\n|t:|1684156008\n|switch|p1b: Chi-Yu|Chi-Yu, L50|100\/100\n|switch|p1a: Flutter Mane|Flutter Mane, L50|100\/100\n|-ability|p1b: Chi-Yu|Beads of Ruin\n|-enditem|p1a: Flutter Mane|Booster Energy\n|-activate|p1a: Flutter Mane|ability: Protosynthesis|[fromitem]\n|-start|p1a: Flutter Mane|protosynthesisspa\n|turn|5\n|\n|t:|1684156031\n|move|p1b: Chi-Yu|Protect|p1b: Chi-Yu\n|-singleturn|p1b: Chi-Yu|Protect\n|move|p2a: Great Tusk|Rock Slide|p1b: Chi-Yu|[spread] p1a\n|-activate|p1b: Chi-Yu|move: Protect\n|-damage|p1a: Flutter Mane|57\/100\n|move|p1a: Flutter Mane|Dazzling Gleam|p2a: Great Tusk|[spread] p2a,p2b\n|-supereffective|p2a: Great Tusk\n|-damage|p2a: Great Tusk|0 fnt\n|-damage|p2b: Flutter Mane|0 fnt\n|faint|p2a: Great Tusk\n|-end|p2a: Great Tusk|Protosynthesis|[silent]\n|faint|p2b: Flutter Mane\n|-end|p2b: Flutter Mane|Protosynthesis|[silent]\n|\n|upkeep\n|\n|t:|1684156041\n|switch|p2b: Talonflame|Talonflame, L50, F|100\/100\n|switch|p2a: Chien-Pao|Chien-Pao, L50|100\/100\n|-ability|p2a: Chien-Pao|Sword of Ruin\n|turn|6\n|\n|t:|1684156056\n|move|p1a: Flutter Mane|Protect|p1a: Flutter Mane\n|-singleturn|p1a: Flutter Mane|Protect\n|move|p2b: Talonflame|Brave Bird|p1a: Flutter Mane\n|-activate|p1a: Flutter Mane|move: Protect\n|move|p2a: Chien-Pao|Sacred Sword|p1b: Chi-Yu\n|-supereffective|p1b: Chi-Yu\n|-damage|p1b: Chi-Yu|0 fnt\n|faint|p1b: Chi-Yu\n|\n|upkeep\n|turn|7\n|\n|t:|1684156068\n|move|p2b: Talonflame|Brave Bird|p1a: Flutter Mane\n|-damage|p1a: Flutter Mane|0 fnt\n|faint|p1a: Flutter Mane\n|-end|p1a: Flutter Mane|Protosynthesis|[silent]\n|-damage|p2b: Talonflame|83\/100|[from] Recoil\n|\n|win|nightamara\n|raw|garompa's rating: 1168 → 1139<\/strong> (-29 for losing)\n|raw|nightamara's rating: 1114 → 1143<\/strong> (+29 for winning)\n","uploadtime":1684156074,"views":6,"p1id":"garompa","p2id":"nightamara","formatid":"gen9vgc2023regulationc","rating":1139,"private":0,"password":""}