{"id":"gen9vgc2023regulationc-1854454962","p1":"Shulva","p2":"captaincuba22","format":"[Gen 9] VGC 2023 Regulation C","log":"|j|\u2606Shulva\n|j|\u2606captaincuba22\n|t:|1682813040\n|gametype|doubles\n|player|p1|Shulva|169|1000\n|player|p2|captaincuba22|169|1040\n|teamsize|p1|6\n|teamsize|p2|6\n|gen|9\n|tier|[Gen 9] VGC 2023 Regulation C\n|rated|\n|rule|Species Clause: Limit one of each Pok\u00e9mon\n|rule|Item Clause: Limit one of each item\n|clearpoke\n|poke|p1|Oricorio, L50, M|\n|poke|p1|Quaquaval, L50, M|\n|poke|p1|Lilligant, L50, F|\n|poke|p1|Swalot, L50, F|\n|poke|p1|Volcarona, L50, F|\n|poke|p1|Toxicroak, L50, F|\n|poke|p2|Houndstone, L50, F|\n|poke|p2|Oranguru, L50, M|\n|poke|p2|Lucario, L50, M|\n|poke|p2|Tyranitar, L50, M|\n|poke|p2|Hippowdon, L50, M|\n|poke|p2|Garchomp, L50, M|\n|teampreview|4\n|c|\u2606Shulva|gl kf\n|j| Oliviere\n|c|\u2606Shulva|hf*\n|l| Oliviere\n|\n|t:|1682813080\n|start\n|switch|p1a: Oricorio|Oricorio, L50, M|100\/100\n|switch|p1b: Swalot|Swalot, L50, F|100\/100\n|switch|p2a: Oranguru|Oranguru, L50, M|100\/100\n|switch|p2b: Lucario|Lucario, L50, M|100\/100\n|turn|1\n|\n|t:|1682813115\n|move|p2b: Lucario|Nasty Plot|p2b: Lucario\n|-boost|p2b: Lucario|spa|2\n|move|p1a: Oricorio|Tailwind|p1a: Oricorio\n|-sidestart|p1: Shulva|move: Tailwind\n|move|p1b: Swalot|Toxic Spikes|p2a: Oranguru\n|-sidestart|p2: captaincuba22|move: Toxic Spikes\n|move|p2a: Oranguru|Encore|p1a: Oricorio\n|-start|p1a: Oricorio|Encore\n|\n|upkeep\n|turn|2\n|\n|t:|1682813132\n|move|p1a: Oricorio|Tailwind||[still]\n|-fail|p1a: Oricorio\n|move|p2b: Lucario|Nasty Plot|p2b: Lucario\n|-boost|p2b: Lucario|spa|2\n|move|p1b: Swalot|Toxic Spikes|p2a: Oranguru\n|-sidestart|p2: captaincuba22|move: Toxic Spikes\n|move|p2a: Oranguru|Instruct|p2b: Lucario\n|-singleturn|p2b: Lucario|move: Instruct|[of] p2a: Oranguru\n|move|p2b: Lucario|Nasty Plot|p2b: Lucario\n|-boost|p2b: Lucario|spa|2\n|\n|upkeep\n|turn|3\n|\n|t:|1682813159\n|move|p1a: Oricorio|Tailwind||[still]\n|-fail|p1a: Oricorio\n|move|p2b: Lucario|Flash Cannon|p1b: Swalot\n|-damage|p1b: Swalot|0 fnt\n|faint|p1b: Swalot\n|move|p2a: Oranguru|Instruct|p2b: Lucario\n|-singleturn|p2b: Lucario|move: Instruct|[of] p2a: Oranguru\n|move|p2b: Lucario|Flash Cannon|p1a: Oricorio\n|-resisted|p1a: Oricorio\n|-damage|p1a: Oricorio|9\/100\n|\n|upkeep\n|\n|t:|1682813170\n|switch|p1b: Lilligant|Lilligant, L50, F|100\/100\n|turn|4\n|\n|t:|1682813183\n|move|p2b: Lucario|Detect|p2b: Lucario\n|-singleturn|p2b: Lucario|Protect\n|move|p1b: Lilligant|Pollen Puff|p1a: Oricorio\n|-heal|p1a: Oricorio|59\/100\n|move|p1a: Oricorio|Tailwind||[still]\n|-fail|p1a: Oricorio\n|move|p2a: Oranguru|Hyper Voice|p1b: Lilligant|[spread] p1a,p1b\n|-damage|p1a: Oricorio|16\/100\n|-damage|p1b: Lilligant|56\/100\n|\n|-heal|p1b: Lilligant|63\/100|[from] item: Leftovers\n|-end|p1a: Oricorio|Encore\n|-sideend|p1: Shulva|move: Tailwind\n|upkeep\n|turn|5\n|\n|t:|1682813209\n|move|p2b: Lucario|Flash Cannon|p1b: Lilligant\n|-damage|p1b: Lilligant|0 fnt\n|faint|p1b: Lilligant\n|move|p1a: Oricorio|Roost|p1a: Oricorio\n|-heal|p1a: Oricorio|66\/100\n|-singleturn|p1a: Oricorio|move: Roost\n|move|p2a: Oranguru|Hyper Voice|p1a: Oricorio\n|-damage|p1a: Oricorio|17\/100\n|\n|upkeep\n|\n|t:|1682813218\n|switch|p1b: Quaquaval|Quaquaval, L50, M|100\/100\n|turn|6\n|\n|t:|1682813250\n|-terastallize|p1b: Quaquaval|Water\n|move|p2b: Lucario|Focus Blast|p1b: Quaquaval|[miss]\n|-miss|p2b: Lucario|p1b: Quaquaval\n|move|p1b: Quaquaval|Aqua Step|p2a: Oranguru\n|-crit|p2a: Oranguru\n|-damage|p2a: Oranguru|18\/100\n|-boost|p1b: Quaquaval|spe|1\n|-activate|p1a: Oricorio|ability: Dancer\n|move|p1a: Oricorio|Aqua Step|p2a: Oranguru|[from]ability: Dancer\n|-damage|p2a: Oranguru|7\/100\n|-boost|p1a: Oricorio|spe|1\n|move|p1a: Oricorio|Roost|p1a: Oricorio\n|-heal|p1a: Oricorio|67\/100\n|-singleturn|p1a: Oricorio|move: Roost\n|move|p2a: Oranguru|Instruct|p2b: Lucario\n|-singleturn|p2b: Lucario|move: Instruct|[of] p2a: Oranguru\n|move|p2b: Lucario|Focus Blast|p1b: Quaquaval|[miss]\n|-miss|p2b: Lucario|p1b: Quaquaval\n|\n|upkeep\n|turn|7\n|\n|t:|1682813286\n|move|p1b: Quaquaval|Aqua Step|p2a: Oranguru\n|-crit|p2a: Oranguru\n|-damage|p2a: Oranguru|0 fnt\n|-boost|p1b: Quaquaval|spe|1\n|faint|p2a: Oranguru\n|-ability|p1b: Quaquaval|Moxie|boost\n|-boost|p1b: Quaquaval|atk|1\n|-activate|p1a: Oricorio|ability: Dancer\n|move|p1a: Oricorio|Aqua Step|p2b: Lucario|[from]ability: Dancer\n|-damage|p2b: Lucario|85\/100\n|-boost|p1a: Oricorio|spe|1\n|move|p1a: Oricorio|Revelation Dance|p2b: Lucario\n|-supereffective|p2b: Lucario\n|-damage|p2b: Lucario|0 fnt\n|faint|p2b: Lucario\n|\n|upkeep\n|\n|t:|1682813306\n|switch|p2b: Houndstone|Houndstone, L50, F|100\/100\n|switch|p2a: Tyranitar|Tyranitar, L50, M|100\/100\n|-status|p2b: Houndstone|tox\n|-status|p2a: Tyranitar|tox\n|-weather|Sandstorm|[from] ability: Sand Stream|[of] p2a: Tyranitar\n|turn|8\n|\n|t:|1682813328\n|-terastallize|p2b: Houndstone|Rock\n|move|p1b: Quaquaval|Aqua Step|p2a: Tyranitar\n|-supereffective|p2a: Tyranitar\n|-damage|p2a: Tyranitar|0 fnt\n|-boost|p1b: Quaquaval|spe|1\n|faint|p2a: Tyranitar\n|-ability|p1b: Quaquaval|Moxie|boost\n|-boost|p1b: Quaquaval|atk|1\n|-activate|p1a: Oricorio|ability: Dancer\n|move|p1a: Oricorio|Aqua Step|p2b: Houndstone|[from]ability: Dancer\n|-supereffective|p2b: Houndstone\n|-damage|p2b: Houndstone|78\/100 tox\n|-boost|p1a: Oricorio|spe|1\n|move|p1a: Oricorio|Revelation Dance|p2b: Houndstone\n|-resisted|p2b: Houndstone\n|-damage|p2b: Houndstone|70\/100 tox\n|move|p2b: Houndstone|Last Respects|p1a: Oricorio\n|-damage|p1a: Oricorio|0 fnt\n|faint|p1a: Oricorio\n|\n|-weather|Sandstorm|[upkeep]\n|-damage|p1b: Quaquaval|94\/100|[from] Sandstorm\n|-damage|p2b: Houndstone|64\/100 tox|[from] psn\n|upkeep\n|turn|9\n|\n|t:|1682813356\n|move|p1b: Quaquaval|Aqua Step|p2b: Houndstone\n|-supereffective|p2b: Houndstone\n|-damage|p2b: Houndstone|0 fnt\n|-boost|p1b: Quaquaval|spe|1\n|faint|p2b: Houndstone\n|\n|win|Shulva\n|raw|Shulva's rating: 1000 → 1045<\/strong> (+45 for winning)\n|raw|captaincuba22's rating: 1040 → 1022<\/strong> (-18 for losing)\n|l|\u2606captaincuba22\n","uploadtime":1682813369,"views":16,"p1id":"shulva","p2id":"captaincuba22","formatid":"gen9vgc2023regulationc","rating":1022,"private":0,"password":""}