{"id":"gen9vgc2023regulationc-1855185759","p1":"reeeeeeloluwuwhi","p2":"krystofu","format":"[Gen 9] VGC 2023 Regulation C","log":"|j|\u2606reeeeeeloluwuwhi\n|j|\u2606krystofu\n|t:|1682912105\n|gametype|doubles\n|player|p1|reeeeeeloluwuwhi|266|1059\n|player|p2|krystofu|266|1061\n|teamsize|p1|6\n|teamsize|p2|6\n|gen|9\n|tier|[Gen 9] VGC 2023 Regulation C\n|rated|\n|rule|Species Clause: Limit one of each Pok\u00e9mon\n|rule|Item Clause: Limit one of each item\n|clearpoke\n|poke|p1|Barraskewda, L50, F|\n|poke|p1|Pelipper, L50, F|\n|poke|p1|Beartic, L50, F|\n|poke|p1|Flutter Mane, L50|\n|poke|p1|Chien-Pao, L50|\n|poke|p1|Dragapult, L50, F|\n|poke|p2|Espathra, L50, M|\n|poke|p2|Meowscarada, L50, F|\n|poke|p2|Corviknight, L50, F|\n|poke|p2|Skeledirge, L50, F|\n|poke|p2|Annihilape, L50, M|\n|poke|p2|Maushold, L50|\n|teampreview|4\n|\n|t:|1682912139\n|start\n|switch|p1a: Barraskewda|Barraskewda, L50, F|100\/100\n|switch|p1b: Pelipper|Pelipper, L50, F|100\/100\n|switch|p2a: Espathra|Espathra, L50, M|100\/100\n|switch|p2b: Meowscarada|Meowscarada, L50, F|100\/100\n|-weather|RainDance|[from] ability: Drizzle|[of] p1b: Pelipper\n|turn|1\n|\n|t:|1682912183\n|move|p1a: Barraskewda|Protect|p1a: Barraskewda\n|-singleturn|p1a: Barraskewda|Protect\n|move|p2a: Espathra|Protect|p2a: Espathra\n|-singleturn|p2a: Espathra|Protect\n|move|p2b: Meowscarada|Flower Trick|p1a: Barraskewda\n|-activate|p1a: Barraskewda|move: Protect\n|move|p1b: Pelipper|Tailwind|p1b: Pelipper\n|-sidestart|p1: reeeeeeloluwuwhi|move: Tailwind\n|\n|-weather|RainDance|[upkeep]\n|-ability|p2a: Espathra|Speed Boost|boost\n|-boost|p2a: Espathra|spe|1\n|upkeep\n|turn|2\n|\n|t:|1682912224\n|switch|p2b: Skeledirge|Skeledirge, L50, F|100\/100\n|move|p1a: Barraskewda|Poison Jab|p2b: Skeledirge\n|-resisted|p2b: Skeledirge\n|-damage|p2b: Skeledirge|90\/100\n|-damage|p1a: Barraskewda|84\/100|[from] item: Rocky Helmet|[of] p2b: Skeledirge\n|move|p2a: Espathra|Calm Mind|p2a: Espathra\n|-boost|p2a: Espathra|spa|1\n|-boost|p2a: Espathra|spd|1\n|move|p1b: Pelipper|Hydro Pump|p2a: Espathra\n|-damage|p2a: Espathra|50\/100\n|\n|-weather|RainDance|[upkeep]\n|-heal|p2a: Espathra|55\/100|[from] item: Leftovers\n|-ability|p2a: Espathra|Speed Boost|boost\n|-boost|p2a: Espathra|spe|1\n|upkeep\n|turn|3\n|\n|t:|1682912262\n|-terastallize|p2b: Skeledirge|Fairy\n|move|p1a: Barraskewda|Liquidation|p2b: Skeledirge\n|-damage|p2b: Skeledirge|38\/100\n|-damage|p1a: Barraskewda|68\/100|[from] item: Rocky Helmet|[of] p2b: Skeledirge\n|move|p2a: Espathra|Lumina Crash|p1b: Pelipper\n|-damage|p1b: Pelipper|56\/100\n|-unboost|p1b: Pelipper|spd|2\n|move|p1b: Pelipper|Hydro Pump|p2a: Espathra\n|-damage|p2a: Espathra|3\/100\n|move|p2b: Skeledirge|Will-O-Wisp|p1a: Barraskewda\n|-status|p1a: Barraskewda|brn\n|\n|-weather|RainDance|[upkeep]\n|-heal|p2a: Espathra|9\/100|[from] item: Leftovers\n|-damage|p1a: Barraskewda|63\/100 brn|[from] brn\n|-ability|p2a: Espathra|Speed Boost|boost\n|-boost|p2a: Espathra|spe|1\n|upkeep\n|turn|4\n|\n|t:|1682912294\n|switch|p2b: Annihilape|Annihilape, L50, M|100\/100\n|move|p1a: Barraskewda|Aqua Jet|p2a: Espathra\n|-damage|p2a: Espathra|0 fnt\n|faint|p2a: Espathra\n|move|p1b: Pelipper|Hydro Pump|p2b: Annihilape\n|-damage|p2b: Annihilape|59\/100\n|\n|-weather|RainDance|[upkeep]\n|-damage|p1a: Barraskewda|57\/100 brn|[from] brn\n|-sideend|p1: reeeeeeloluwuwhi|move: Tailwind\n|upkeep\n|\n|t:|1682912306\n|switch|p2a: Meowscarada|Meowscarada, L50, F|100\/100\n|turn|5\n|\n|t:|1682912319\n|move|p1b: Pelipper|Helping Hand|p1a: Barraskewda\n|-singleturn|p1a: Barraskewda|Helping Hand|[of] p1b: Pelipper\n|move|p1a: Barraskewda|Poison Jab|p2a: Meowscarada\n|-supereffective|p2a: Meowscarada\n|-damage|p2a: Meowscarada|35\/100\n|-status|p2a: Meowscarada|psn\n|move|p2a: Meowscarada|Flower Trick|p1b: Pelipper\n|-crit|p1b: Pelipper\n|-damage|p1b: Pelipper|5\/100\n|move|p2b: Annihilape|Bulk Up|p2b: Annihilape\n|-boost|p2b: Annihilape|atk|1\n|-boost|p2b: Annihilape|def|1\n|\n|-weather|none\n|-damage|p2a: Meowscarada|22\/100 psn|[from] psn\n|-damage|p1a: Barraskewda|51\/100 brn|[from] brn\n|upkeep\n|turn|6\n|\n|t:|1682912350\n|switch|p1b: Chien-Pao|Chien-Pao, L50|100\/100\n|-ability|p1b: Chien-Pao|Sword of Ruin\n|move|p1a: Barraskewda|Protect|p1a: Barraskewda\n|-singleturn|p1a: Barraskewda|Protect\n|move|p2b: Annihilape|Protect|p2b: Annihilape\n|-singleturn|p2b: Annihilape|Protect\n|move|p2a: Meowscarada|Sucker Punch||[still]\n|-fail|p2a: Meowscarada\n|\n|-damage|p2a: Meowscarada|10\/100 psn|[from] psn\n|-damage|p1a: Barraskewda|45\/100 brn|[from] brn\n|upkeep\n|turn|7\n|\n|t:|1682912374\n|switch|p1b: Pelipper|Pelipper, L50, F|5\/100\n|-weather|RainDance|[from] ability: Drizzle|[of] p1b: Pelipper\n|-terastallize|p1a: Barraskewda|Water\n|move|p2a: Meowscarada|Protect|p2a: Meowscarada\n|-singleturn|p2a: Meowscarada|Protect\n|move|p1a: Barraskewda|Liquidation|p2b: Annihilape\n|-damage|p2b: Annihilape|29\/100\n|-enditem|p2b: Annihilape|Sitrus Berry|[eat]\n|-heal|p2b: Annihilape|54\/100|[from] item: Sitrus Berry\n|move|p2b: Annihilape|Drain Punch|p1b: Pelipper\n|-resisted|p1b: Pelipper\n|-damage|p1b: Pelipper|0 fnt\n|-heal|p2b: Annihilape|55\/100|[from] drain|[of] p1b: Pelipper\n|faint|p1b: Pelipper\n|\n|-weather|RainDance|[upkeep]\n|-damage|p2a: Meowscarada|0 fnt|[from] psn\n|faint|p2a: Meowscarada\n|-damage|p1a: Barraskewda|39\/100 brn|[from] brn\n|upkeep\n|-message|krystofu forfeited.\n|\n|win|reeeeeeloluwuwhi\n|raw|reeeeeeloluwuwhi's rating: 1059 → 1090<\/strong> (+31 for winning)\n|raw|krystofu's rating: 1061 → 1042<\/strong> (-19 for losing)\n|l|\u2606krystofu\n","uploadtime":1682912405,"views":16,"p1id":"reeeeeeloluwuwhi","p2id":"krystofu","formatid":"gen9vgc2023regulationc","rating":1042,"private":0,"password":""}