{"id":"gen9vgc2023regulationc-1864079089","p1":"dippyg","p2":"piff92","format":"[Gen 9] VGC 2023 Regulation C","log":"|j|\u2606dippyg\n|j|\u2606piff92\n|t:|1684114408\n|gametype|doubles\n|player|p1|dippyg|hugh|\n|player|p2|piff92|265|\n|teamsize|p1|6\n|teamsize|p2|6\n|gen|9\n|tier|[Gen 9] VGC 2023 Regulation C\n|rule|Species Clause: Limit one of each Pok\u00e9mon\n|rule|Item Clause: Limit one of each item\n|clearpoke\n|poke|p1|Ting-Lu, L50|\n|poke|p1|Dragonite, L50, M|\n|poke|p1|Amoonguss, L50, M|\n|poke|p1|Chi-Yu, L50|\n|poke|p1|Gyarados, L50, F|\n|poke|p1|Arcanine, L50, F|\n|poke|p2|Pelipper, L50, M|\n|poke|p2|Flamigo, L50, M|\n|poke|p2|Slowbro, L50, M|\n|poke|p2|Maushold, L50|\n|poke|p2|Drednaw, L50, M|\n|poke|p2|Greedent, L50, F|\n|teampreview|4\npiff92 has agreed to open team sheets.\n|j| GalahadFGC\ndippyg has agreed to open team sheets.\n|inactive|Battle timer is ON: inactive players will automatically lose when time's up. (requested by dippyg)\n|j| SammyD54\n|inactive|piff92 has 60 seconds left.\n|\n|t:|1684114462\n|start\n|switch|p1a: Ting-Lu|Ting-Lu, L50|100\/100\n|switch|p1b: Gyarados|Gyarados, L50, F|100\/100\n|switch|p2a: Maushold|Maushold, L50|100\/100\n|switch|p2b: Slowbro|Slowbro, L50, M|100\/100\n|-ability|p1b: Gyarados|Intimidate|boost\n|-unboost|p2a: Maushold|atk|1\n|-fail|p2b: Slowbro|unboost|Attack|[from] ability: Oblivious|[of] p2b: Slowbro\n|-ability|p1a: Ting-Lu|Vessel of Ruin\n|turn|1\n|inactive|piff92 has 30 seconds left.\n|\n|t:|1684114494\n|-terastallize|p1a: Ting-Lu|Grass\n|move|p2a: Maushold|Super Fang|p1a: Ting-Lu\n|-damage|p1a: Ting-Lu|50\/100\n|move|p1b: Gyarados|Waterfall|p2a: Maushold\n|-damage|p2a: Maushold|66\/100\n|move|p1a: Ting-Lu|Heavy Slam|p2a: Maushold\n|-damage|p2a: Maushold|20\/100\n|move|p2b: Slowbro|Skill Swap|p1b: Gyarados\n|-activate|p2b: Slowbro|move: Skill Swap|Intimidate|Oblivious|[of] p1b: Gyarados\n|-ability|p2b: Slowbro|Intimidate|boost\n|-unboost|p1a: Ting-Lu|atk|1\n|-fail|p1b: Gyarados|unboost|Attack|[from] ability: Oblivious|[of] p1b: Gyarados\n|\n|upkeep\n|turn|2\n|\n|t:|1684114518\n|move|p2a: Maushold|Taunt|p1b: Gyarados\n|-immune|p1b: Gyarados|[from] ability: Oblivious\n|move|p1b: Gyarados|Waterfall|p2a: Maushold\n|-damage|p2a: Maushold|0 fnt\n|faint|p2a: Maushold\n|move|p1a: Ting-Lu|Fissure|p2b: Slowbro|[miss]\n|-miss|p1a: Ting-Lu|p2b: Slowbro\n|move|p2b: Slowbro|Trick Room|p2b: Slowbro\n|-fieldstart|move: Trick Room|[of] p2b: Slowbro\n|\n|upkeep\n|\n|t:|1684114528\n|switch|p2a: Greedent|Greedent, L50, F|100\/100\n|turn|3\n|\n|t:|1684114542\n|move|p2a: Greedent|Belly Drum|p2a: Greedent\n|-damage|p2a: Greedent|50\/100\n|-setboost|p2a: Greedent|atk|6|[from] move: Belly Drum\n|-enditem|p2a: Greedent|Sitrus Berry|[eat]\n|-heal|p2a: Greedent|75\/100|[from] item: Sitrus Berry\n|-heal|p2a: Greedent|100\/100|[from] ability: Cheek Pouch\n|move|p2b: Slowbro|Psych Up|p2a: Greedent\n|-copyboost|p2b: Slowbro|p2a: Greedent|[from] move: Psych Up\n|move|p1a: Ting-Lu|Stomping Tantrum|p2a: Greedent\n|-damage|p2a: Greedent|62\/100\n|move|p1b: Gyarados|Waterfall|p2a: Greedent\n|-damage|p2a: Greedent|34\/100\n|\n|upkeep\n|turn|4\n|inactive|piff92 has 30 seconds left.\n|\n|t:|1684114571\n|move|p2a: Greedent|Body Slam|p1a: Ting-Lu\n|-damage|p1a: Ting-Lu|0 fnt\n|faint|p1a: Ting-Lu\n|move|p2b: Slowbro|Liquidation|p1b: Gyarados\n|-resisted|p1b: Gyarados\n|-damage|p1b: Gyarados|49\/100\n|-enditem|p1b: Gyarados|Sitrus Berry|[eat]\n|-heal|p1b: Gyarados|73\/100|[from] item: Sitrus Berry\n|move|p1b: Gyarados|Waterfall|p2a: Greedent\n|-damage|p2a: Greedent|7\/100\n|\n|upkeep\n|\n|t:|1684114584\n|switch|p1a: Dragonite|Dragonite, L50, M|100\/100\n|turn|5\n|\n|t:|1684114604\n|switch|p1a: Amoonguss|Amoonguss, L50, M|100\/100\n|-terastallize|p2a: Greedent|Ghost\n|move|p2a: Greedent|Body Slam|p1a: Amoonguss\n|-damage|p1a: Amoonguss|0 fnt\n|-damage|p2a: Greedent|0 fnt|[from] item: Rocky Helmet|[of] p1a: Amoonguss\n|faint|p1a: Amoonguss\n|faint|p2a: Greedent\n|move|p2b: Slowbro|Liquidation|p1b: Gyarados\n|-resisted|p1b: Gyarados\n|-damage|p1b: Gyarados|26\/100\n|move|p1b: Gyarados|Waterfall|p2b: Slowbro\n|-resisted|p2b: Slowbro\n|-damage|p2b: Slowbro|86\/100\n|\n|upkeep\n|\n|t:|1684114618\n|switch|p2a: Flamigo|Flamigo, L50, M|100\/100\n|switch|p1a: Dragonite|Dragonite, L50, M|100\/100\n|-copyboost|p2a: Flamigo|p2b: Slowbro|[from] ability: Costar\n|turn|6\n|\n|t:|1684114640\n|move|p1b: Gyarados|Protect|p1b: Gyarados\n|-singleturn|p1b: Gyarados|Protect\n|move|p2a: Flamigo|Feint|p1b: Gyarados\n|-activate|p1b: Gyarados|move: Feint\n|-damage|p1b: Gyarados|0 fnt\n|faint|p1b: Gyarados\n|move|p2b: Slowbro|Liquidation|p1a: Dragonite\n|-resisted|p1a: Dragonite\n|-damage|p1a: Dragonite|77\/100\n|move|p1a: Dragonite|Dragon Claw|p2a: Flamigo\n|-enditem|p2a: Flamigo|Focus Sash\n|-damage|p2a: Flamigo|1\/100\n|\n|-fieldend|move: Trick Room\n|upkeep\n|turn|7\n|c|\u2606dippyg|ggs\n|inactive|piff92 has 30 seconds left.\n|\n|t:|1684114672\n|move|p2a: Flamigo|Close Combat|p1a: Dragonite\n|-resisted|p1a: Dragonite\n|-damage|p1a: Dragonite|0 fnt\n|-unboost|p2a: Flamigo|def|1\n|-unboost|p2a: Flamigo|spd|1\n|faint|p1a: Dragonite\n|\n|win|piff92\n|c|\u2606piff92|ggs\n|l| GalahadFGC\n|c|\u2606dippyg|ggs man\n","uploadtime":1684114703,"views":13,"p1id":"dippyg","p2id":"piff92","formatid":"gen9vgc2023regulationc","rating":0,"private":0,"password":""}