{"id":"gen9vgc2023regulationc-1848665966","p1":"Gutz77","p2":"Alaskan_fisher","format":"[Gen 9] VGC 2023 Regulation C","log":"|j|\u2606Gutz77\n|j|\u2606Alaskan_fisher\n|t:|1682099012\n|gametype|doubles\n|player|p1|Gutz77|1|1143\n|player|p2|Alaskan_fisher|fisherman-gen4|1197\n|teamsize|p1|6\n|teamsize|p2|6\n|gen|9\n|tier|[Gen 9] VGC 2023 Regulation C\n|rated|\n|rule|Species Clause: Limit one of each Pok\u00e9mon\n|rule|Item Clause: Limit one of each item\n|clearpoke\n|poke|p1|Palafin, L50, M|\n|poke|p1|Chien-Pao, L50|\n|poke|p1|Dragapult, L50, M|\n|poke|p1|Amoonguss, L50, F|\n|poke|p1|Arcanine, L50, M|\n|poke|p1|Flutter Mane, L50|\n|poke|p2|Baxcalibur, L50, M|\n|poke|p2|Palafin, L50, F|\n|poke|p2|Arcanine, L50, M|\n|poke|p2|Flutter Mane, L50|\n|poke|p2|Ting-Lu, L50|\n|poke|p2|Amoonguss, L50, F|\n|teampreview|4\nAlaskan_fisher has agreed to open team sheets.\n|\n|t:|1682099047\n|start\n|switch|p1a: Bundle|Chien-Pao, L50|100\/100\n|switch|p1b: Dnite|Dragapult, L50, M|100\/100\n|switch|p2a: Baxcalibur|Baxcalibur, L50, M|100\/100\n|switch|p2b: Arcanine|Arcanine, L50, M|100\/100\n|-ability|p1a: Bundle|Sword of Ruin\n|-ability|p2b: Arcanine|Intimidate|boost\n|-unboost|p1a: Bundle|atk|1\n|-fail|p1b: Dnite|unboost|[from] ability: Clear Body|[of] p1b: Dnite\n|turn|1\n|\n|t:|1682099078\n|switch|p2b: Amoonguss|Amoonguss, L50, F|100\/100\n|-terastallize|p1b: Dnite|Steel\n|move|p2a: Baxcalibur|Protect|p2a: Baxcalibur\n|-singleturn|p2a: Baxcalibur|Protect\n|move|p1b: Dnite|Dragon Darts|p2b: Amoonguss\n|-damage|p2b: Amoonguss|65\/100\n|-anim|p1b: Dnite|Dragon Darts|p2b: Amoonguss\n|-damage|p2b: Amoonguss|26\/100\n|-enditem|p2b: Amoonguss|Sitrus Berry|[eat]\n|-heal|p2b: Amoonguss|51\/100|[from] item: Sitrus Berry\n|move|p1a: Bundle|Sacred Sword|p2a: Baxcalibur\n|-activate|p2a: Baxcalibur|move: Protect\n|\n|upkeep\n|turn|2\n|inactive|Battle timer is ON: inactive players will automatically lose when time's up. (requested by Gutz77)\n|\n|t:|1682099139\n|switch|p2b: Arcanine|Arcanine, L50, M|100\/100\n|-ability|p2b: Arcanine|Intimidate|boost\n|-unboost|p1a: Bundle|atk|1\n|-fail|p1b: Dnite|unboost|[from] ability: Clear Body|[of] p1b: Dnite\n|-terastallize|p2a: Baxcalibur|Poison\n|move|p1b: Dnite|Dragon Darts|p2a: Baxcalibur\n|-damage|p2a: Baxcalibur|54\/100\n|-anim|p1b: Dnite|Dragon Darts|p2b: Arcanine\n|-damage|p2b: Arcanine|49\/100\n|move|p1a: Bundle|Ice Spinner|p2b: Arcanine\n|-resisted|p2b: Arcanine\n|-damage|p2b: Arcanine|37\/100\n|move|p2a: Baxcalibur|Dragon Dance|p2a: Baxcalibur\n|-boost|p2a: Baxcalibur|atk|1\n|-boost|p2a: Baxcalibur|spe|1\n|\n|upkeep\n|turn|3\n|inactive|Alaskan_fisher has 30 seconds left.\n|\n|t:|1682099165\n|switch|p1a: ChiYu|Arcanine, L50, M|100\/100\n|-ability|p1a: ChiYu|Intimidate|boost\n|-unboost|p2a: Baxcalibur|atk|1\n|-unboost|p2b: Arcanine|atk|1\n|move|p2a: Baxcalibur|Protect|p2a: Baxcalibur\n|-singleturn|p2a: Baxcalibur|Protect\n|move|p1b: Dnite|Dragon Darts|p2b: Arcanine\n|-damage|p2b: Arcanine|2\/100\n|-anim|p1b: Dnite|Dragon Darts|p2b: Arcanine\n|-damage|p2b: Arcanine|0 fnt\n|faint|p2b: Arcanine\n|\n|upkeep\n|\n|t:|1682099176\n|switch|p2b: Amoonguss|Amoonguss, L50, F|84\/100\n|turn|4\n|\n|t:|1682099190\n|move|p1b: Dnite|Dragon Darts|p2b: Amoonguss\n|-damage|p2b: Amoonguss|57\/100\n|-anim|p1b: Dnite|Dragon Darts|p2a: Baxcalibur\n|-damage|p2a: Baxcalibur|19\/100\n|move|p2a: Baxcalibur|Glaive Rush|p1a: ChiYu\n|-damage|p1a: ChiYu|28\/100\n|-singlemove|p2a: Baxcalibur|Glaive Rush|[silent]\n|move|p1a: ChiYu|Flare Blitz|p2b: Amoonguss\n|-supereffective|p2b: Amoonguss\n|-damage|p2b: Amoonguss|0 fnt\n|faint|p2b: Amoonguss\n|-damage|p1a: ChiYu|7\/100|[from] Recoil\n|\n|upkeep\n|\n|t:|1682099202\n|switch|p2b: Flutter Mane|Flutter Mane, L50|100\/100\n|turn|5\n|\n|t:|1682099217\n|switch|p1b: Mimi|Flutter Mane, L50|100\/100\n|-enditem|p1b: Mimi|Booster Energy\n|-activate|p1b: Mimi|ability: Protosynthesis|[fromitem]\n|-start|p1b: Mimi|protosynthesisspa\n|move|p2a: Baxcalibur|Glaive Rush|p1a: ChiYu\n|-damage|p1a: ChiYu|0 fnt\n|-singlemove|p2a: Baxcalibur|Glaive Rush|[silent]\n|faint|p1a: ChiYu\n|move|p2b: Flutter Mane|Dazzling Gleam|p1b: Mimi\n|-damage|p1b: Mimi|45\/100\n|\n|upkeep\n|\n|t:|1682099236\n|switch|p1a: Dnite|Dragapult, L50, M, tera:Steel|100\/100\n|turn|6\n|\n|t:|1682099251\n|move|p1a: Dnite|Phantom Force||[still]\n|-prepare|p1a: Dnite|Phantom Force\n|move|p2a: Baxcalibur|Icicle Spear|p1a: Dnite|[miss]\n|-miss|p2a: Baxcalibur|p1a: Dnite\n|move|p2b: Flutter Mane|Dazzling Gleam|p1b: Mimi|[spread] p1b\n|-miss|p2b: Flutter Mane|p1a: Dnite\n|-damage|p1b: Mimi|7\/100\n|move|p1b: Mimi|Shadow Ball|p2a: Baxcalibur\n|-damage|p2a: Baxcalibur|0 fnt\n|faint|p2a: Baxcalibur\n|\n|upkeep\n|turn|7\n|-message|Alaskan_fisher forfeited.\n|\n|win|Gutz77\n|raw|Gutz77's rating: 1143 → 1174<\/strong> (+31 for winning)\n|raw|Alaskan_fisher's rating: 1222 → 1191<\/strong> (-31 for losing)\n|l|\u2606Gutz77\n","uploadtime":1682099265,"views":11,"p1id":"gutz77","p2id":"alaskanfisher","formatid":"gen9vgc2023regulationc","rating":1174,"private":0,"password":""}