{"id":"gen9vgc2023regulationc-1849029218","p1":"kinohara","p2":"leafyarrow","format":"[Gen 9] VGC 2023 Regulation C","log":"|j|\u2606kinohara\n|j|\u2606leafyarrow\n|t:|1682141615\n|gametype|doubles\n|player|p1|kinohara|acetrainerf|\n|player|p2|leafyarrow|leaf-masters|\n|teamsize|p1|6\n|teamsize|p2|6\n|gen|9\n|tier|[Gen 9] VGC 2023 Regulation C\n|rule|Species Clause: Limit one of each Pok\u00e9mon\n|rule|Item Clause: Limit one of each item\n|clearpoke\n|poke|p1|Baxcalibur, L50, F|\n|poke|p1|Flutter Mane, L50|\n|poke|p1|Arcanine, L50, M|\n|poke|p1|Jumpluff, L50, M|\n|poke|p1|Azumarill, L50, M|\n|poke|p1|Sandy Shocks, L50|\n|poke|p2|Flutter Mane, L50|\n|poke|p2|Palafin, L50, F|\n|poke|p2|Amoonguss, L50, M|\n|poke|p2|Ting-Lu, L50|\n|poke|p2|Arcanine, L50, M|\n|poke|p2|Jolteon, L50, F|\n|teampreview|4\nleafyarrow has agreed to open team sheets.\nkinohara has agreed to open team sheets.\n|\n|t:|1682141667\n|start\n|switch|p1a: Arcanine|Arcanine, L50, M|100\/100\n|switch|p1b: Azumarill|Azumarill, L50, M|100\/100\n|switch|p2a: Palafin|Palafin, L50, F|100\/100\n|switch|p2b: Amoonguss|Amoonguss, L50, M|100\/100\n|-ability|p1a: Arcanine|Intimidate|boost\n|-unboost|p2a: Palafin|atk|1\n|-unboost|p2b: Amoonguss|atk|1\n|turn|1\n|\n|t:|1682141701\n|detailschange|p2a: Palafin|Palafin-Hero, L50, F\n|switch|p2a: Arcanine|Arcanine, L50, M|100\/100\n|-ability|p2a: Arcanine|Intimidate|boost\n|-unboost|p1a: Arcanine|atk|1\n|-fail|p1b: Azumarill|unboost|[from] item: Clear Amulet|[of] p1b: Azumarill\n|-terastallize|p1a: Arcanine|Grass\n|move|p1a: Arcanine|Howl|p1a: Arcanine|[spread] p1a,p1b\n|-boost|p1a: Arcanine|atk|1\n|-boost|p1b: Azumarill|atk|1\n|move|p1b: Azumarill|Ice Spinner|p2b: Amoonguss\n|-supereffective|p2b: Amoonguss\n|-damage|p2b: Amoonguss|57\/100\n|move|p2b: Amoonguss|Spore|p1b: Azumarill\n|-ability|p1b: Azumarill|Sap Sipper|boost\n|-boost|p1b: Azumarill|atk|1\n|\n|upkeep\n|turn|2\n|\n|t:|1682141735\n|switch|p1a: Baxcalibur|Baxcalibur, L50, F|100\/100\n|move|p2b: Amoonguss|Protect|p2b: Amoonguss\n|-singleturn|p2b: Amoonguss|Protect\n|move|p2a: Arcanine|Will-O-Wisp|p1b: Azumarill\n|-status|p1b: Azumarill|brn\n|move|p1b: Azumarill|Ice Spinner|p2b: Amoonguss\n|-activate|p2b: Amoonguss|move: Protect\n|\n|-damage|p1b: Azumarill|95\/100 brn|[from] brn\n|upkeep\n|turn|3\n|\n|t:|1682141758\n|switch|p2a: Palafin|Palafin-Hero, L50, F|100\/100\n|-activate|p2a: Palafin|ability: Zero to Hero\n|switch|p1a: Arcanine|Arcanine, L50, M, tera:Grass|100\/100\n|-ability|p1a: Arcanine|Intimidate|boost\n|-unboost|p2a: Palafin|atk|1\n|-unboost|p2b: Amoonguss|atk|1\n|move|p1b: Azumarill|Liquidation|p2a: Palafin\n|-resisted|p2a: Palafin\n|-damage|p2a: Palafin|88\/100\n|move|p2b: Amoonguss|Spore|p1a: Arcanine\n|-immune|p1a: Arcanine\n|\n|-damage|p1b: Azumarill|89\/100 brn|[from] brn\n|upkeep\n|turn|4\n|\n|t:|1682141781\n|switch|p2a: Arcanine|Arcanine, L50, M|100\/100\n|-ability|p2a: Arcanine|Intimidate|boost\n|-unboost|p1a: Arcanine|atk|1\n|-fail|p1b: Azumarill|unboost|[from] item: Clear Amulet|[of] p1b: Azumarill\n|move|p1b: Azumarill|Aqua Jet|p2b: Amoonguss\n|-resisted|p2b: Amoonguss\n|-damage|p2b: Amoonguss|52\/100\n|move|p1a: Arcanine|Howl|p1a: Arcanine|[spread] p1a,p1b\n|-boost|p1a: Arcanine|atk|1\n|-boost|p1b: Azumarill|atk|1\n|move|p2b: Amoonguss|Pollen Puff|p1a: Arcanine\n|-supereffective|p1a: Arcanine\n|-damage|p1a: Arcanine|64\/100\n|\n|-damage|p1b: Azumarill|83\/100 brn|[from] brn\n|upkeep\n|turn|5\n|\n|t:|1682141817\n|switch|p1a: Baxcalibur|Baxcalibur, L50, F|100\/100\n|switch|p2a: Palafin|Palafin-Hero, L50, F|88\/100\n|move|p1b: Azumarill|Ice Spinner|p2b: Amoonguss\n|-supereffective|p2b: Amoonguss\n|-damage|p2b: Amoonguss|19\/100\n|-enditem|p2b: Amoonguss|Sitrus Berry|[eat]\n|-heal|p2b: Amoonguss|44\/100|[from] item: Sitrus Berry\n|move|p2b: Amoonguss|Spore|p1a: Baxcalibur\n|-status|p1a: Baxcalibur|slp|[from] move: Spore\n|\n|-damage|p1b: Azumarill|77\/100 brn|[from] brn\n|upkeep\n|turn|6\n|\n|t:|1682141835\n|switch|p1a: Arcanine|Arcanine, L50, M, tera:Grass|64\/100\n|-ability|p1a: Arcanine|Intimidate|boost\n|-unboost|p2a: Palafin|atk|1\n|-unboost|p2b: Amoonguss|atk|1\n|switch|p2b: Arcanine|Arcanine, L50, M|100\/100\n|-ability|p2b: Arcanine|Intimidate|boost\n|-unboost|p1a: Arcanine|atk|1\n|-fail|p1b: Azumarill|unboost|[from] item: Clear Amulet|[of] p1b: Azumarill\n|-terastallize|p2a: Palafin|Water\n|move|p2a: Palafin|Wave Crash|p1a: Arcanine\n|-resisted|p1a: Arcanine\n|-damage|p1a: Arcanine|13\/100\n|-damage|p2a: Palafin|72\/100|[from] Recoil\n|move|p1b: Azumarill|Liquidation|p2b: Arcanine\n|-supereffective|p2b: Arcanine\n|-damage|p2b: Arcanine|27\/100\n|\n|-damage|p1b: Azumarill|72\/100 brn|[from] brn\n|upkeep\n|turn|7\n|\n|t:|1682141864\n|switch|p1a: Baxcalibur|Baxcalibur, L50, F|100\/100 slp\n|move|p2b: Arcanine|Extreme Speed|p1a: Baxcalibur\n|-crit|p1a: Baxcalibur\n|-damage|p1a: Baxcalibur|72\/100 slp\n|move|p2a: Palafin|Wave Crash|p1b: Azumarill\n|-resisted|p1b: Azumarill\n|-damage|p1b: Azumarill|29\/100 brn\n|-damage|p2a: Palafin|58\/100|[from] Recoil\n|move|p1b: Azumarill|Ice Spinner|p2b: Arcanine\n|-resisted|p2b: Arcanine\n|-damage|p2b: Arcanine|15\/100\n|\n|-damage|p1b: Azumarill|23\/100 brn|[from] brn\n|upkeep\n|turn|8\n|\n|t:|1682141888\n|switch|p2a: Jolteon|Jolteon, L50, F|100\/100\n|switch|p1a: Arcanine|Arcanine, L50, M, tera:Grass|13\/100\n|-ability|p1a: Arcanine|Intimidate|boost\n|-unboost|p2a: Jolteon|atk|1\n|-unboost|p2b: Arcanine|atk|1\n|move|p2b: Arcanine|Extreme Speed|p1b: Azumarill\n|-damage|p1b: Azumarill|9\/100 brn\n|move|p1b: Azumarill|Aqua Jet|p2b: Arcanine\n|-supereffective|p2b: Arcanine\n|-damage|p2b: Arcanine|0 fnt\n|faint|p2b: Arcanine\n|\n|-damage|p1b: Azumarill|3\/100 brn|[from] brn\n|upkeep\n|\n|t:|1682141910\n|switch|p2b: Palafin|Palafin-Hero, L50, F, tera:Water|58\/100\n|turn|9\n|\n|t:|1682141928\n|switch|p1a: Baxcalibur|Baxcalibur, L50, F|72\/100 slp\n|move|p2b: Palafin|Jet Punch|p1b: Azumarill\n|-resisted|p1b: Azumarill\n|-damage|p1b: Azumarill|0 fnt\n|faint|p1b: Azumarill\n|move|p2a: Jolteon|Thunderbolt|p1a: Baxcalibur\n|-resisted|p1a: Baxcalibur\n|-damage|p1a: Baxcalibur|61\/100 slp\n|\n|upkeep\n|\n|t:|1682141946\n|switch|p1b: Sandy Shocks|Sandy Shocks, L50|100\/100\n|turn|10\n|\n|t:|1682141966\n|move|p1b: Sandy Shocks|Protect|p1b: Sandy Shocks\n|-singleturn|p1b: Sandy Shocks|Protect\n|move|p2a: Jolteon|Baby-Doll Eyes|p1a: Baxcalibur\n|-unboost|p1a: Baxcalibur|atk|1\n|move|p2b: Palafin|Jet Punch|p1b: Sandy Shocks\n|-activate|p1b: Sandy Shocks|move: Protect\n|cant|p1a: Baxcalibur|slp\n|\n|upkeep\n|turn|11\n|\n|t:|1682141979\n|-end|p1b: Sandy Shocks|Protosynthesis|[silent]\n|switch|p1b: Arcanine|Arcanine, L50, M, tera:Grass|13\/100\n|-ability|p1b: Arcanine|Intimidate|boost\n|-unboost|p2a: Jolteon|atk|1\n|-unboost|p2b: Palafin|atk|1\n|move|p2a: Jolteon|Baby-Doll Eyes|p1a: Baxcalibur\n|-unboost|p1a: Baxcalibur|atk|1\n|move|p2b: Palafin|Jet Punch|p1b: Arcanine\n|-resisted|p1b: Arcanine\n|-damage|p1b: Arcanine|0 fnt\n|faint|p1b: Arcanine\n|cant|p1a: Baxcalibur|slp\n|\n|upkeep\n|\n|t:|1682141990\n|switch|p1b: Sandy Shocks|Sandy Shocks, L50|100\/100\n|turn|12\n|\n|t:|1682142000\n|switch|p2b: Amoonguss|Amoonguss, L50, M|77\/100\n|move|p1b: Sandy Shocks|Protect|p1b: Sandy Shocks\n|-singleturn|p1b: Sandy Shocks|Protect\n|move|p2a: Jolteon|Baby-Doll Eyes|p1a: Baxcalibur\n|-unboost|p1a: Baxcalibur|atk|1\n|-curestatus|p1a: Baxcalibur|slp|[msg]\n|move|p1a: Baxcalibur|Earthquake|p2b: Amoonguss|[spread] p2a,p2b\n|-activate|p1b: Sandy Shocks|move: Protect\n|-supereffective|p2a: Jolteon\n|-damage|p2a: Jolteon|61\/100\n|-damage|p2b: Amoonguss|67\/100\n|\n|upkeep\n|turn|13\n|\n|t:|1682142016\n|move|p2a: Jolteon|Baby-Doll Eyes|p1a: Baxcalibur\n|-unboost|p1a: Baxcalibur|atk|1\n|move|p1b: Sandy Shocks|Earth Power|p2b: Amoonguss\n|-damage|p2b: Amoonguss|15\/100\n|-damage|p1b: Sandy Shocks|91\/100|[from] item: Life Orb\n|move|p1a: Baxcalibur|Icicle Crash|p2b: Amoonguss|[miss]\n|-miss|p1a: Baxcalibur|p2b: Amoonguss\n|move|p2b: Amoonguss|Spore|p1b: Sandy Shocks\n|-status|p1b: Sandy Shocks|slp|[from] move: Spore\n|\n|upkeep\n|turn|14\n|\n|t:|1682142041\n|switch|p2b: Palafin|Palafin-Hero, L50, F, tera:Water|58\/100\n|cant|p1b: Sandy Shocks|slp\n|move|p2a: Jolteon|Baby-Doll Eyes|p1a: Baxcalibur\n|-unboost|p1a: Baxcalibur|atk|1\n|move|p1a: Baxcalibur|Glaive Rush|p2b: Palafin\n|-damage|p2b: Palafin|41\/100\n|-singlemove|p1a: Baxcalibur|Glaive Rush|[silent]\n|\n|upkeep\n|turn|15\n|\n|t:|1682142094\n|-curestatus|p1b: Sandy Shocks|slp|[msg]\n|move|p1b: Sandy Shocks|Protect|p1b: Sandy Shocks\n|-singleturn|p1b: Sandy Shocks|Protect\n|move|p2b: Palafin|Jet Punch|p1b: Sandy Shocks\n|-activate|p1b: Sandy Shocks|move: Protect\n|move|p1a: Baxcalibur|Ice Shard|p2a: Jolteon\n|-damage|p2a: Jolteon|48\/100\n|move|p2a: Jolteon|Tera Blast|p1b: Sandy Shocks\n|-activate|p1b: Sandy Shocks|move: Protect\n|\n|upkeep\n|turn|16\n|\n|t:|1682142118\n|move|p2a: Jolteon|Baby-Doll Eyes|p1a: Baxcalibur\n|-unboost|p1a: Baxcalibur|atk|1\n|move|p2b: Palafin|Jet Punch|p1b: Sandy Shocks\n|-supereffective|p1b: Sandy Shocks\n|-damage|p1b: Sandy Shocks|0 fnt\n|faint|p1b: Sandy Shocks\n|-end|p1b: Sandy Shocks|Protosynthesis|[silent]\n|move|p1a: Baxcalibur|Glaive Rush|p2b: Palafin\n|-damage|p2b: Palafin|25\/100\n|-singlemove|p1a: Baxcalibur|Glaive Rush|[silent]\n|\n|upkeep\n|turn|17\n|\n|t:|1682142138\n|move|p1a: Baxcalibur|Ice Shard|p2b: Palafin\n|-resisted|p2b: Palafin\n|-damage|p2b: Palafin|22\/100\n|move|p2a: Jolteon|Tera Blast|p1a: Baxcalibur\n|-crit|p1a: Baxcalibur\n|-damage|p1a: Baxcalibur|41\/100\n|move|p2b: Palafin|Wave Crash|p1a: Baxcalibur\n|-resisted|p1a: Baxcalibur\n|-damage|p1a: Baxcalibur|0 fnt\n|faint|p1a: Baxcalibur\n|-damage|p2b: Palafin|7\/100|[from] Recoil\n|\n|win|leafyarrow\n","uploadtime":1682142154,"views":12,"p1id":"kinohara","p2id":"leafyarrow","formatid":"gen9vgc2023regulationc","rating":0,"private":0,"password":""}