{"id":"gen9vgc2023regulationc-1853508280","p1":"MasterHand","p2":"Bafio","format":"[Gen 9] VGC 2023 Regulation C","log":"|j|\u2606MasterHand\n|j|\u2606Bafio\n|t:|1682691910\n|gametype|doubles\n|player|p1|MasterHand|volkner|1234\n|player|p2|Bafio|iris|1336\n|teamsize|p1|6\n|teamsize|p2|6\n|gen|9\n|tier|[Gen 9] VGC 2023 Regulation C\n|rated|\n|rule|Species Clause: Limit one of each Pok\u00e9mon\n|rule|Item Clause: Limit one of each item\n|clearpoke\n|poke|p1|Torkoal, L50, F|\n|poke|p1|Coalossal, L50, F|\n|poke|p1|Dachsbun, L50, M|\n|poke|p1|Roaring Moon, L50|\n|poke|p1|Sandy Shocks, L50|\n|poke|p1|Chi-Yu, L50|\n|poke|p2|Orthworm, L50, F|\n|poke|p2|Dragonite, L50, F|\n|poke|p2|Ting-Lu, L50|\n|poke|p2|Gyarados, L50, F|\n|poke|p2|Flutter Mane, L50|\n|poke|p2|Chien-Pao, L50|\n|teampreview|4\n|inactive|Battle timer is ON: inactive players will automatically lose when time's up. (requested by Bafio)\nBafio has agreed to open team sheets.\n|inactive|Bafio has 60 seconds left.\nMasterHand has agreed to open team sheets.\n|\n|t:|1682691966\n|start\n|switch|p1a: Koiruption|Chi-Yu, L50|100\/100\n|switch|p1b: KingKoal|Torkoal, L50, F|100\/100\n|switch|p2a: fiuum|Dragonite, L50, F|100\/100\n|switch|p2b: bonk|Ting-Lu, L50|100\/100\n|-ability|p1a: Koiruption|Beads of Ruin\n|-ability|p2b: bonk|Vessel of Ruin\n|-weather|SunnyDay|[from] ability: Drought|[of] p1b: KingKoal\n|turn|1\n|\n|t:|1682691982\n|switch|p1b: Thorobread|Dachsbun, L50, M|100\/100\n|move|p1a: Koiruption|Lava Plume|p2a: fiuum|[spread] p2a,p2b\n|-ability|p1b: Thorobread|Well-Baked Body|boost\n|-boost|p1b: Thorobread|def|2\n|-resisted|p2a: fiuum\n|-crit|p2b: bonk\n|-damage|p2a: fiuum|87\/100\n|-damage|p2b: bonk|45\/100\n|-status|p2b: bonk|brn\n|move|p2a: fiuum|Dragon Dance|p2a: fiuum\n|-boost|p2a: fiuum|atk|1\n|-boost|p2a: fiuum|spe|1\n|move|p2b: bonk|Bulldoze|p1a: Koiruption|[spread] p1a,p1b\n|-immune|p2a: fiuum\n|-supereffective|p1a: Koiruption\n|-damage|p1a: Koiruption|51\/100\n|-damage|p1b: Thorobread|95\/100\n|-unboost|p1a: Koiruption|spe|1\n|-unboost|p1b: Thorobread|spe|1\n|\n|-weather|SunnyDay|[upkeep]\n|-heal|p1b: Thorobread|100\/100|[from] item: Leftovers\n|-damage|p2b: bonk|39\/100 brn|[from] brn\n|upkeep\n|turn|2\n|\n|t:|1682691999\n|switch|p2b: bzzt|Gyarados, L50, F|100\/100\n|-ability|p2b: bzzt|Intimidate|boost\n|-unboost|p1a: Koiruption|atk|1\n|-unboost|p1b: Thorobread|atk|1\n|move|p2a: fiuum|Earthquake|p1a: Koiruption|[spread] p1a,p1b\n|-immune|p2b: bzzt\n|-supereffective|p1a: Koiruption\n|-damage|p1a: Koiruption|0 fnt\n|-damage|p1b: Thorobread|86\/100\n|faint|p1a: Koiruption\n|move|p1b: Thorobread|Substitute|p1b: Thorobread\n|-start|p1b: Thorobread|Substitute\n|-damage|p1b: Thorobread|61\/100\n|\n|-weather|SunnyDay|[upkeep]\n|-heal|p1b: Thorobread|67\/100|[from] item: Leftovers\n|upkeep\n|\n|t:|1682692011\n|switch|p1a: KingKoal|Torkoal, L50, F|100\/100\n|turn|3\n|\n|t:|1682692023\n|move|p2a: fiuum|Earthquake|p1b: Thorobread|[spread] p1a,p1b\n|-immune|p2b: bzzt\n|-activate|p1b: Thorobread|move: Substitute|[damage]\n|-supereffective|p1a: KingKoal\n|-damage|p1a: KingKoal|55\/100\n|move|p2b: bzzt|Taunt|p1b: Thorobread\n|-start|p1b: Thorobread|move: Taunt\n|move|p1b: Thorobread|Body Press|p2a: fiuum\n|-resisted|p2a: fiuum\n|-damage|p2a: fiuum|62\/100\n|move|p1a: KingKoal|Lava Plume|p2a: fiuum|[spread] p2a,p2b\n|-ability|p1b: Thorobread|Well-Baked Body|boost\n|-boost|p1b: Thorobread|def|2\n|-resisted|p2a: fiuum\n|-resisted|p2b: bzzt\n|-damage|p2a: fiuum|49\/100\n|-damage|p2b: bzzt|89\/100\n|-status|p2a: fiuum|brn\n|-enditem|p2a: fiuum|Lum Berry|[eat]\n|-curestatus|p2a: fiuum|brn|[msg]\n|\n|-weather|SunnyDay|[upkeep]\n|-heal|p1b: Thorobread|73\/100|[from] item: Leftovers\n|upkeep\n|turn|4\n|inactive|Bafio has 30 seconds left.\n|\n|t:|1682692052\n|move|p2a: fiuum|Earthquake|p1b: Thorobread|[spread] p1a,p1b\n|-immune|p2b: bzzt\n|-end|p1b: Thorobread|Substitute\n|-supereffective|p1a: KingKoal\n|-damage|p1a: KingKoal|11\/100\n|move|p2b: bzzt|Waterfall|p1a: KingKoal\n|-supereffective|p1a: KingKoal\n|-damage|p1a: KingKoal|0 fnt\n|-damage|p2b: bzzt|73\/100|[from] item: Rocky Helmet|[of] p1a: KingKoal\n|faint|p1a: KingKoal\n|move|p1b: Thorobread|Body Press|p2a: fiuum\n|-resisted|p2a: fiuum\n|-damage|p2a: fiuum|9\/100\n|\n|-weather|SunnyDay|[upkeep]\n|-heal|p1b: Thorobread|79\/100|[from] item: Leftovers\n|upkeep\n|\n|t:|1682692061\n|switch|p1a: Krakatoa|Coalossal, L50, F|100\/100\n|turn|5\n|\n|t:|1682692082\n|move|p1a: Krakatoa|Endure|p1a: Krakatoa\n|-singleturn|p1a: Krakatoa|move: Endure\n|move|p2a: fiuum|Extreme Speed|p1a: Krakatoa\n|-resisted|p1a: Krakatoa\n|-damage|p1a: Krakatoa|80\/100\n|move|p2b: bzzt|Thunder Wave|p1b: Thorobread\n|-status|p1b: Thorobread|par\n|move|p1b: Thorobread|Body Press|p2a: fiuum\n|-resisted|p2a: fiuum\n|-damage|p2a: fiuum|0 fnt\n|faint|p2a: fiuum\n|\n|-weather|none\n|-heal|p1b: Thorobread|85\/100 par|[from] item: Leftovers\n|-end|p1b: Thorobread|move: Taunt\n|upkeep\n|\n|t:|1682692093\n|switch|p2a: bonk|Ting-Lu, L50|39\/100 brn\n|-ability|p2a: bonk|Vessel of Ruin\n|turn|6\n|inactive|MasterHand has 30 seconds left.\n|\n|t:|1682692120\n|-terastallize|p1a: Krakatoa|Flying\n|move|p2b: bzzt|Waterfall|p1a: Krakatoa\n|-damage|p1a: Krakatoa|49\/100\n|-ability|p1a: Krakatoa|Steam Engine|boost\n|-boost|p1a: Krakatoa|spe|6\n|cant|p1a: Krakatoa|flinch\n|move|p2a: bonk|Rock Slide|p1a: Krakatoa|[spread] p1a,p1b\n|-supereffective|p1a: Krakatoa\n|-damage|p1a: Krakatoa|24\/100\n|-damage|p1b: Thorobread|82\/100 par\n|-enditem|p1a: Krakatoa|Weakness Policy\n|-boost|p1a: Krakatoa|atk|2|[from] item: Weakness Policy\n|-boost|p1a: Krakatoa|spa|2|[from] item: Weakness Policy\n|move|p1b: Thorobread|Body Press|p2a: bonk\n|-supereffective|p2a: bonk\n|-damage|p2a: bonk|0 fnt\n|faint|p2a: bonk\n|\n|-heal|p1b: Thorobread|88\/100 par|[from] item: Leftovers\n|upkeep\n|\n|t:|1682692135\n|switch|p2a: schaff|Flutter Mane, L50|100\/100\n|turn|7\n|\n|t:|1682692151\n|-terastallize|p2a: schaff|Fairy\n|move|p1a: Krakatoa|Rock Slide|p2b: bzzt|[spread] p2a,p2b\n|-supereffective|p2b: bzzt\n|-damage|p2a: schaff|38\/100\n|-damage|p2b: bzzt|3\/100\n|cant|p2a: schaff|flinch\n|cant|p2b: bzzt|flinch\n|move|p1b: Thorobread|Snarl|p2b: bzzt|[spread] p2a,p2b\n|-resisted|p2a: schaff\n|-damage|p2a: schaff|35\/100\n|-damage|p2b: bzzt|0 fnt\n|-unboost|p2a: schaff|spa|1\n|faint|p2b: bzzt\n|\n|-heal|p1b: Thorobread|94\/100 par|[from] item: Leftovers\n|upkeep\n|turn|8\n|l|\u2606Bafio\n|inactive|Bafio disconnected and has a minute to reconnect!\n|player|p2|\n|inactive|Bafio has 30 seconds left.\n|inactive|Bafio has 20 seconds left.\n|inactive|Bafio has 15 seconds left.\n|inactive|Bafio has 10 seconds left.\n|inactive|Bafio has 5 seconds left.\n|-message|Bafio lost due to inactivity.\n|\n|win|MasterHand\n|raw|MasterHand's rating: 1259 → 1289<\/strong> (+30 for winning)\n|raw|Bafio's rating: 1336 → 1312<\/strong> (-24 for losing)\n","uploadtime":1682692211,"views":9,"p1id":"masterhand","p2id":"bafio","formatid":"gen9vgc2023regulationc","rating":1289,"private":0,"password":""}