{"id":"gen9vgc2023regulationc-1853090712","p1":"WordMissing","p2":"weidson","format":"[Gen 9] VGC 2023 Regulation C","log":"|j|\u2606WordMissing\n|j|\u2606weidson\n|t:|1682633991\n|gametype|doubles\n|player|p1|WordMissing|265|1065\n|player|p2|weidson|nate|1070\n|teamsize|p1|6\n|teamsize|p2|6\n|gen|9\n|tier|[Gen 9] VGC 2023 Regulation C\n|rated|\n|rule|Species Clause: Limit one of each Pok\u00e9mon\n|rule|Item Clause: Limit one of each item\n|clearpoke\n|poke|p1|Scizor, L50, F|\n|poke|p1|Tinkaton, L50, F|\n|poke|p1|Pelipper, L50, M|\n|poke|p1|Palafin, L50, M|\n|poke|p1|Chien-Pao, L50|\n|poke|p1|Iron Bundle, L50|\n|poke|p2|Sandy Shocks, L50|\n|poke|p2|Iron Valiant, L50|\n|poke|p2|Gholdengo, L50|\n|poke|p2|Iron Bundle, L50|\n|poke|p2|Annihilape, L50, F|\n|poke|p2|Grimmsnarl, L50, M|\n|teampreview|4\nWordMissing has agreed to open team sheets.\n|\n|t:|1682634048\n|start\n|switch|p1a: Tinkaton|Tinkaton, L50, F|100\/100\n|switch|p1b: Scizor|Scizor, L50, F|100\/100\n|switch|p2a: Grimmsnarl|Grimmsnarl, L50, M|100\/100\n|switch|p2b: Iron Bundle|Iron Bundle, L50|100\/100\n|-ability|p1a: Tinkaton|Mold Breaker\n|turn|1\n|\n|t:|1682634064\n|move|p1a: Tinkaton|Fake Out|p2b: Iron Bundle\n|-damage|p2b: Iron Bundle|88\/100\n|move|p2a: Grimmsnarl|Reflect|p2a: Grimmsnarl\n|-sidestart|p2: weidson|Reflect\n|move|p2b: Iron Bundle|Electric Terrain|p2b: Iron Bundle\n|-fieldstart|move: Electric Terrain\n|-activate|p2b: Iron Bundle|ability: Quark Drive\n|-start|p2b: Iron Bundle|quarkdrivespe\n|move|p1b: Scizor|Swords Dance|p1b: Scizor\n|-boost|p1b: Scizor|atk|2\n|\n|upkeep\n|turn|2\n|\n|t:|1682634085\n|move|p1b: Scizor|Bullet Punch|p2a: Grimmsnarl\n|-supereffective|p2a: Grimmsnarl\n|-damage|p2a: Grimmsnarl|0 fnt\n|faint|p2a: Grimmsnarl\n|move|p2b: Iron Bundle|Icy Wind|p1a: Tinkaton|[spread] p1a,p1b\n|-resisted|p1a: Tinkaton\n|-resisted|p1b: Scizor\n|-damage|p1a: Tinkaton|90\/100\n|-damage|p1b: Scizor|89\/100\n|-unboost|p1a: Tinkaton|spe|1\n|-unboost|p1b: Scizor|spe|1\n|move|p1a: Tinkaton|Gigaton Hammer|p2b: Iron Bundle\n|-damage|p2b: Iron Bundle|40\/100\n|\n|-heal|p1b: Scizor|95\/100|[from] item: Leftovers\n|upkeep\n|\n|t:|1682634104\n|switch|p2a: Sandy Shocks|Sandy Shocks, L50|100\/100\n|-enditem|p2a: Sandy Shocks|Booster Energy\n|-activate|p2a: Sandy Shocks|ability: Protosynthesis|[fromitem]\n|-start|p2a: Sandy Shocks|protosynthesisspe\n|turn|3\n|\n|t:|1682634117\n|move|p1b: Scizor|Bullet Punch|p2b: Iron Bundle\n|-damage|p2b: Iron Bundle|0 fnt\n|faint|p2b: Iron Bundle\n|-end|p2b: Iron Bundle|Quark Drive|[silent]\n|move|p2a: Sandy Shocks|Earth Power|p1a: Tinkaton\n|-supereffective|p1a: Tinkaton\n|-damage|p1a: Tinkaton|2\/100\n|move|p1a: Tinkaton|Knock Off|p2a: Sandy Shocks\n|-damage|p2a: Sandy Shocks|90\/100\n|\n|-heal|p1b: Scizor|100\/100|[from] item: Leftovers\n|upkeep\n|\n|t:|1682634120\n|switch|p2b: Annihilape|Annihilape, L50, F|100\/100\n|turn|4\n|\n|t:|1682634136\n|-terastallize|p1b: Scizor|Flying\n|move|p2a: Sandy Shocks|Thunderbolt|p1b: Scizor\n|-supereffective|p1b: Scizor\n|-damage|p1b: Scizor|0 fnt\n|faint|p1b: Scizor\n|move|p2b: Annihilape|Drain Punch|p1a: Tinkaton\n|-damage|p1a: Tinkaton|0 fnt\n|faint|p1a: Tinkaton\n|\n|upkeep\n|\n|t:|1682634145\n|switch|p1a: Chien-Pao|Chien-Pao, L50|100\/100\n|switch|p1b: Pelipper|Pelipper, L50, M|100\/100\n|-ability|p1a: Chien-Pao|Sword of Ruin\n|-weather|RainDance|[from] ability: Drizzle|[of] p1b: Pelipper\n|turn|5\n|\n|t:|1682634161\n|move|p2a: Sandy Shocks|Thunderbolt|p1b: Pelipper\n|-supereffective|p1b: Pelipper\n|-damage|p1b: Pelipper|0 fnt\n|faint|p1b: Pelipper\n|move|p1a: Chien-Pao|Ice Spinner|p2a: Sandy Shocks\n|-supereffective|p2a: Sandy Shocks\n|-damage|p2a: Sandy Shocks|2\/100\n|-fieldend|move: Electric Terrain\n|move|p2b: Annihilape|Drain Punch|p1a: Chien-Pao\n|-supereffective|p1a: Chien-Pao\n|-damage|p1a: Chien-Pao|0 fnt\n|faint|p1a: Chien-Pao\n|\n|win|weidson\n|raw|WordMissing's rating: 1065 → 1046<\/strong> (-19 for losing)\n|raw|weidson's rating: 1070 → 1099<\/strong> (+29 for winning)\n|c|\u2606weidson|gg\n|l|\u2606WordMissing\n","uploadtime":1682634173,"views":10,"p1id":"wordmissing","p2id":"weidson","formatid":"gen9vgc2023regulationc","rating":1046,"private":0,"password":""}