{"id":"gen9vgc2023regulationc-1850435922","p1":"finnawin99","p2":"HathiVGC","format":"[Gen 9] VGC 2023 Regulation C","log":"|j|\u2606finnawin99\n|j|\u2606HathiVGC\n|t:|1682336445\n|gametype|doubles\n|player|p1|finnawin99|silver|1057\n|player|p2|HathiVGC|hiker-gen4|1071\n|teamsize|p1|6\n|teamsize|p2|6\n|gen|9\n|tier|[Gen 9] VGC 2023 Regulation C\n|rated|\n|rule|Species Clause: Limit one of each Pok\u00e9mon\n|rule|Item Clause: Limit one of each item\n|clearpoke\n|poke|p1|Ting-Lu, L50|\n|poke|p1|Slowbro, L50, M|\n|poke|p1|Scizor, L50, M|\n|poke|p1|Indeedee-F, L50, F|\n|poke|p1|Chi-Yu, L50|\n|poke|p1|Garchomp, L50, M|\n|poke|p2|Arcanine, L50, F|\n|poke|p2|Gyarados, L50, F|\n|poke|p2|Amoonguss, L50, F|\n|poke|p2|Ting-Lu, L50|\n|poke|p2|Staraptor, L50, F|\n|poke|p2|Salamence, L50, M|\n|teampreview|4\n|\n|t:|1682336475\n|start\n|switch|p1a: cow|Ting-Lu, L50|100\/100\n|switch|p1b: i dont die|Slowbro, L50, M|100\/100\n|switch|p2a: Amoonguss|Amoonguss, L50, F|100\/100\n|switch|p2b: Salamence|Salamence, L50, M|100\/100\n|-ability|p2b: Salamence|Intimidate|boost\n|-unboost|p1a: cow|atk|1\n|-unboost|p1b: i dont die|atk|1\n|-ability|p1a: cow|Vessel of Ruin\n|turn|1\n|inactive|Battle timer is ON: inactive players will automatically lose when time's up. (requested by HathiVGC)\n|inactive|HathiVGC has 60 seconds left.\n|\n|t:|1682336515\n|-terastallize|p2a: Amoonguss|Dark\n|move|p1a: cow|Protect|p1a: cow\n|-singleturn|p1a: cow|Protect\n|move|p2b: Salamence|Tailwind|p2b: Salamence\n|-sidestart|p2: HathiVGC|move: Tailwind\n|move|p2a: Amoonguss|Spore|p1a: cow\n|-activate|p1a: cow|move: Protect\n|move|p1b: i dont die|Trick Room|p1b: i dont die\n|-fieldstart|move: Trick Room|[of] p1b: i dont die\n|\n|upkeep\n|turn|2\n|inactive|finnawin99 has 30 seconds left.\n|inactive|HathiVGC has 30 seconds left.\n|\n|t:|1682336548\n|move|p2b: Salamence|Protect|p2b: Salamence\n|-singleturn|p2b: Salamence|Protect\n|move|p1b: i dont die|Iron Defense|p1b: i dont die\n|-boost|p1b: i dont die|def|2\n|move|p1a: cow|Ruination|p2a: Amoonguss\n|-damage|p2a: Amoonguss|50\/100\n|move|p2a: Amoonguss|Spore|p1a: cow\n|-status|p1a: cow|slp|[from] move: Spore\n|-enditem|p1a: cow|Lum Berry|[eat]\n|-curestatus|p1a: cow|slp|[msg]\n|\n|upkeep\n|turn|3\n|\n|t:|1682336570\n|switch|p2a: Arcanine|Arcanine, L50, F|100\/100\n|-ability|p2a: Arcanine|Intimidate|boost\n|-unboost|p1a: cow|atk|1\n|-unboost|p1b: i dont die|atk|1\n|move|p1b: i dont die|Iron Defense|p1b: i dont die\n|-boost|p1b: i dont die|def|2\n|move|p1a: cow|Stomping Tantrum|p2a: Arcanine\n|-supereffective|p2a: Arcanine\n|-damage|p2a: Arcanine|48\/100\n|move|p2b: Salamence|Draco Meteor|p1b: i dont die\n|-damage|p1b: i dont die|64\/100\n|-unboost|p2b: Salamence|spa|2\n|\n|-heal|p1b: i dont die|70\/100|[from] item: Leftovers\n|upkeep\n|turn|4\n|\n|t:|1682336589\n|switch|p2b: Amoonguss|Amoonguss, L50, F, tera:Dark|83\/100\n|move|p1b: i dont die|Iron Defense|p1b: i dont die\n|-boost|p1b: i dont die|def|2\n|move|p1a: cow|Stomping Tantrum|p2a: Arcanine\n|-supereffective|p2a: Arcanine\n|-damage|p2a: Arcanine|0 fnt\n|faint|p2a: Arcanine\n|\n|-heal|p1b: i dont die|76\/100|[from] item: Leftovers\n|-sideend|p2: HathiVGC|move: Tailwind\n|upkeep\n|\n|t:|1682336600\n|switch|p2a: Gyarados|Gyarados, L50, F|100\/100\n|-ability|p2a: Gyarados|Intimidate|boost\n|-unboost|p1a: cow|atk|1\n|-unboost|p1b: i dont die|atk|1\n|turn|5\n|\n|t:|1682336623\n|move|p1b: i dont die|Slack Off|p1b: i dont die\n|-heal|p1b: i dont die|100\/100\n|move|p1a: cow|Ruination|p2a: Gyarados\n|-damage|p2a: Gyarados|50\/100\n|move|p2b: Amoonguss|Spore|p1b: i dont die\n|-status|p1b: i dont die|slp|[from] move: Spore\n|move|p2a: Gyarados|Waterfall|p1a: cow\n|-supereffective|p1a: cow\n|-damage|p1a: cow|46\/100\n|-damage|p2a: Gyarados|40\/100|[from] item: Life Orb\n|\n|-fieldend|move: Trick Room\n|upkeep\n|turn|6\n|inactive|finnawin99 has 30 seconds left.\n|\n|t:|1682336654\n|move|p2a: Gyarados|Waterfall|p1a: cow\n|-supereffective|p1a: cow\n|-damage|p1a: cow|0 fnt\n|faint|p1a: cow\n|-damage|p2a: Gyarados|30\/100|[from] item: Life Orb\n|move|p2b: Amoonguss|Pollen Puff|p2a: Gyarados\n|-heal|p2a: Gyarados|80\/100\n|cant|p1b: i dont die|slp\n|\n|upkeep\n|\n|t:|1682336663\n|switch|p1a: one punt|Scizor, L50, M|100\/100\n|turn|7\n|\n|t:|1682336680\n|move|p2a: Gyarados|Waterfall|p1a: one punt\n|-damage|p1a: one punt|56\/100\n|-damage|p2a: Gyarados|70\/100|[from] item: Life Orb\n|move|p1a: one punt|Close Combat|p2b: Amoonguss\n|-supereffective|p2b: Amoonguss\n|-damage|p2b: Amoonguss|0 fnt\n|-unboost|p1a: one punt|def|1\n|-unboost|p1a: one punt|spd|1\n|-damage|p1a: one punt|39\/100|[from] item: Rocky Helmet|[of] p2b: Amoonguss\n|faint|p2b: Amoonguss\n|-damage|p1a: one punt|30\/100|[from] item: Life Orb\n|cant|p1b: i dont die|slp\n|\n|upkeep\n|\n|t:|1682336693\n|switch|p2b: Salamence|Salamence, L50, M|100\/100\n|-ability|p2b: Salamence|Intimidate|boost\n|-unboost|p1a: one punt|atk|1\n|-unboost|p1b: i dont die|atk|1\n|turn|8\n|inactive|finnawin99 has 30 seconds left.\n|\n|t:|1682336724\n|switch|p1a: support|Indeedee-F, L50, F|100\/100\n|move|p2b: Salamence|Draco Meteor|p1b: i dont die\n|-damage|p1b: i dont die|46\/100 slp\n|-unboost|p2b: Salamence|spa|2\n|move|p2a: Gyarados|Waterfall|p1a: support\n|-damage|p1a: support|36\/100\n|-damage|p2a: Gyarados|60\/100|[from] item: Life Orb\n|-curestatus|p1b: i dont die|slp|[msg]\n|move|p1b: i dont die|Trick Room|p1b: i dont die\n|-fieldstart|move: Trick Room|[of] p1b: i dont die\n|\n|-heal|p1b: i dont die|51\/100|[from] item: Leftovers\n|upkeep\n|turn|9\n|inactive|HathiVGC has 30 seconds left.\n|\n|t:|1682336755\n|move|p1b: i dont die|Heal Pulse|p1a: support\n|-heal|p1a: support|86\/100\n|move|p1a: support|Heal Pulse|p1b: i dont die\n|-heal|p1b: i dont die|100\/100\n|move|p2a: Gyarados|Waterfall|p1a: support\n|-damage|p1a: support|23\/100\n|-damage|p2a: Gyarados|50\/100|[from] item: Life Orb\n|move|p2b: Salamence|Draco Meteor|p1b: i dont die\n|-damage|p1b: i dont die|73\/100\n|-unboost|p2b: Salamence|spa|2\n|\n|-heal|p1b: i dont die|79\/100|[from] item: Leftovers\n|upkeep\n|turn|10\n|inactive|HathiVGC has 30 seconds left.\n|\n|t:|1682336787\n|move|p1b: i dont die|Heal Pulse|p1a: support\n|-heal|p1a: support|73\/100\n|move|p1a: support|Heal Pulse|p1b: i dont die\n|-heal|p1b: i dont die|100\/100\n|move|p2a: Gyarados|Waterfall|p1a: support\n|-damage|p1a: support|4\/100\n|-damage|p2a: Gyarados|40\/100|[from] item: Life Orb\n|move|p2b: Salamence|Draco Meteor|p1b: i dont die\n|-damage|p1b: i dont die|82\/100\n|-unboost|p2b: Salamence|spa|2\n|\n|-heal|p1b: i dont die|88\/100|[from] item: Leftovers\n|upkeep\n|turn|11\n|inactive|finnawin99 has 30 seconds left.\n|\n|t:|1682336821\n|switch|p1a: one punt|Scizor, L50, M|30\/100\n|move|p1b: i dont die|Heal Pulse|p1a: one punt\n|-heal|p1a: one punt|80\/100\n|move|p2a: Gyarados|Waterfall|p1a: one punt\n|-damage|p1a: one punt|36\/100\n|-damage|p2a: Gyarados|30\/100|[from] item: Life Orb\n|move|p2b: Salamence|Draco Meteor|p1a: one punt\n|-resisted|p1a: one punt\n|-damage|p1a: one punt|28\/100\n|\n|-heal|p1b: i dont die|94\/100|[from] item: Leftovers\n|upkeep\n|turn|12\n|inactive|finnawin99 has 30 seconds left.\n|\n|t:|1682336855\n|-terastallize|p1a: one punt|Steel\n|move|p1a: one punt|Bullet Punch|p2a: Gyarados\n|-resisted|p2a: Gyarados\n|-damage|p2a: Gyarados|0 fnt\n|faint|p2a: Gyarados\n|-damage|p1a: one punt|19\/100|[from] item: Life Orb\n|move|p1b: i dont die|Heal Pulse|p1a: one punt\n|-heal|p1a: one punt|69\/100\n|move|p2b: Salamence|Draco Meteor|p1b: i dont die\n|-damage|p1b: i dont die|82\/100\n|\n|-heal|p1b: i dont die|88\/100|[from] item: Leftovers\n|-fieldend|move: Trick Room\n|upkeep\n|turn|13\n|inactive|finnawin99 has 30 seconds left.\n|inactive|HathiVGC has 30 seconds left.\n|inactive|HathiVGC has 20 seconds left.\n|inactive|HathiVGC has 15 seconds left.\n|inactive|HathiVGC has 10 seconds left.\n|l|\u2606HathiVGC\n|inactive|HathiVGC disconnected and has a minute to reconnect!\n|player|p2|\n|inactive|HathiVGC has 5 seconds left.\n|-message|HathiVGC lost due to inactivity.\n|\n|win|finnawin99\n|raw|finnawin99's rating: 1057 → 1090<\/strong> (+33 for winning)\n|raw|HathiVGC's rating: 1071 → 1050<\/strong> (-21 for losing)\n","uploadtime":1682336915,"views":28,"p1id":"finnawin99","p2id":"hathivgc","formatid":"gen9vgc2023regulationc","rating":1050,"private":0,"password":""}