{"id":"gen9vgc2023regulationc-1856104651","p1":"zealgigas","p2":"Flappington","format":"[Gen 9] VGC 2023 Regulation C","log":"|j|\u2606zealgigas\n|j|\u2606Flappington\n|t:|1683030612\n|gametype|doubles\n|player|p1|zealgigas|101|1087\n|player|p2|Flappington|guitarist-gen4|1011\n|teamsize|p1|6\n|teamsize|p2|6\n|gen|9\n|tier|[Gen 9] VGC 2023 Regulation C\n|rated|\n|rule|Species Clause: Limit one of each Pok\u00e9mon\n|rule|Item Clause: Limit one of each item\n|clearpoke\n|poke|p1|Palafin, L50, F|\n|poke|p1|Amoonguss, L50, M|\n|poke|p1|Flutter Mane, L50|\n|poke|p1|Grimmsnarl, L50, M|\n|poke|p1|Arcanine, L50, M|\n|poke|p1|Kingambit, L50, F|\n|poke|p2|Chi-Yu, L50|\n|poke|p2|Iron Bundle, L50|\n|poke|p2|Amoonguss, L50, M|\n|poke|p2|Bellibolt, L50, F|\n|poke|p2|Oranguru, L50, M|\n|poke|p2|Grimmsnarl, L50, M|\n|teampreview|4\n|\n|t:|1683030626\n|start\n|switch|p1a: Palafin|Palafin, L50, F|100\/100\n|switch|p1b: Grimmsnarl|Grimmsnarl, L50, M|100\/100\n|switch|p2a: Chi-Yu|Chi-Yu, L50|100\/100\n|switch|p2b: Iron Bundle|Iron Bundle, L50|100\/100\n|-ability|p2a: Chi-Yu|Beads of Ruin\n|-enditem|p2b: Iron Bundle|Booster Energy\n|-activate|p2b: Iron Bundle|ability: Quark Drive|[fromitem]\n|-start|p2b: Iron Bundle|quarkdrivespe\n|turn|1\n|\n|t:|1683030634\n|detailschange|p1a: Palafin|Palafin-Hero, L50, F\n|switch|p1a: Arcanine|Arcanine, L50, M|100\/100\n|-ability|p1a: Arcanine|Intimidate|boost\n|-unboost|p2a: Chi-Yu|atk|1\n|-unboost|p2b: Iron Bundle|atk|1\n|move|p2b: Iron Bundle|Protect|p2b: Iron Bundle\n|-singleturn|p2b: Iron Bundle|Protect\n|move|p2a: Chi-Yu|Protect|p2a: Chi-Yu\n|-singleturn|p2a: Chi-Yu|Protect\n|move|p1b: Grimmsnarl|Light Screen|p1b: Grimmsnarl\n|-sidestart|p1: zealgigas|move: Light Screen\n|\n|upkeep\n|turn|2\n|\n|t:|1683030651\n|move|p2b: Iron Bundle|Hydro Pump|p1a: Arcanine\n|-supereffective|p1a: Arcanine\n|-damage|p1a: Arcanine|4\/100\n|move|p2a: Chi-Yu|Dark Pulse|p1a: Arcanine\n|-damage|p1a: Arcanine|0 fnt\n|faint|p1a: Arcanine\n|-damage|p2a: Chi-Yu|91\/100|[from] item: Life Orb\n|move|p1b: Grimmsnarl|Spirit Break|p2a: Chi-Yu\n|-damage|p2a: Chi-Yu|39\/100\n|-unboost|p2a: Chi-Yu|spa|1\n|\n|upkeep\n|\n|t:|1683030665\n|switch|p1a: Flutter Mane|Flutter Mane, L50|100\/100\n|-enditem|p1a: Flutter Mane|Booster Energy\n|-activate|p1a: Flutter Mane|ability: Protosynthesis|[fromitem]\n|-start|p1a: Flutter Mane|protosynthesisspe\n|turn|3\n|\n|t:|1683030671\n|move|p2a: Chi-Yu|Protect|p2a: Chi-Yu\n|-singleturn|p2a: Chi-Yu|Protect\n|move|p1b: Grimmsnarl|Light Screen||[still]\n|-fail|p1b: Grimmsnarl\n|move|p2b: Iron Bundle|Icy Wind|p1b: Grimmsnarl|[spread] p1a,p1b\n|-damage|p1a: Flutter Mane|84\/100\n|-damage|p1b: Grimmsnarl|84\/100\n|-unboost|p1a: Flutter Mane|spe|1\n|-unboost|p1b: Grimmsnarl|spe|1\n|move|p1a: Flutter Mane|Dazzling Gleam|p2a: Chi-Yu|[spread] p2b\n|-activate|p2a: Chi-Yu|move: Protect\n|-damage|p2b: Iron Bundle|11\/100\n|\n|upkeep\n|turn|4\n|\n|t:|1683030685\n|move|p1b: Grimmsnarl|Reflect|p1b: Grimmsnarl\n|-sidestart|p1: zealgigas|Reflect\n|move|p2b: Iron Bundle|Icy Wind|p1a: Flutter Mane|[spread] p1a,p1b\n|-damage|p1a: Flutter Mane|65\/100\n|-damage|p1b: Grimmsnarl|68\/100\n|-unboost|p1a: Flutter Mane|spe|1\n|-unboost|p1b: Grimmsnarl|spe|1\n|move|p2a: Chi-Yu|Heat Wave|p1b: Grimmsnarl|[spread] p1a,p1b\n|-damage|p1a: Flutter Mane|39\/100\n|-damage|p1b: Grimmsnarl|42\/100\n|-damage|p2a: Chi-Yu|30\/100|[from] item: Life Orb\n|move|p1a: Flutter Mane|Dazzling Gleam|p2b: Iron Bundle|[spread] p2a,p2b\n|-damage|p2a: Chi-Yu|0 fnt\n|-damage|p2b: Iron Bundle|0 fnt\n|faint|p2a: Chi-Yu\n|faint|p2b: Iron Bundle\n|-end|p2b: Iron Bundle|Quark Drive|[silent]\n|\n|upkeep\n|\n|t:|1683030693\n|switch|p2b: Oranguru|Oranguru, L50, M|100\/100\n|switch|p2a: Bellibolt|Bellibolt, L50, F|100\/100\n|turn|5\n|\n|t:|1683030702\n|move|p1a: Flutter Mane|Protect|p1a: Flutter Mane\n|-singleturn|p1a: Flutter Mane|Protect\n|move|p1b: Grimmsnarl|Parting Shot|p2a: Bellibolt\n|-unboost|p2a: Bellibolt|atk|1\n|-unboost|p2a: Bellibolt|spa|1\n|\n|t:|1683030707\n|switch|p1b: Palafin|Palafin-Hero, L50, F|100\/100|[from] Parting Shot\n|-activate|p1b: Palafin|ability: Zero to Hero\n|move|p2a: Bellibolt|Muddy Water|p1a: Flutter Mane|[spread] p1b\n|-activate|p1a: Flutter Mane|move: Protect\n|-resisted|p1b: Palafin\n|-damage|p1b: Palafin|96\/100\n|move|p2b: Oranguru|Trick Room|p2b: Oranguru\n|-fieldstart|move: Trick Room|[of] p2b: Oranguru\n|\n|upkeep\n|turn|6\n|\n|t:|1683030728\n|-terastallize|p1b: Palafin|Water\n|move|p1b: Palafin|Jet Punch|p2a: Bellibolt\n|-damage|p2a: Bellibolt|43\/100\n|-start|p2a: Bellibolt|Charge|Jet Punch|[from] ability: Electromorphosis\n|move|p2b: Oranguru|Bulldoze|p1b: Palafin|[spread] p2a,p1a,p1b\n|-supereffective|p2a: Bellibolt\n|-damage|p2a: Bellibolt|34\/100\n|-damage|p1a: Flutter Mane|32\/100\n|-damage|p1b: Palafin|93\/100\n|-unboost|p2a: Bellibolt|spe|1\n|-unboost|p1a: Flutter Mane|spe|1\n|-unboost|p1b: Palafin|spe|1\n|-start|p2a: Bellibolt|Charge|Bulldoze|[from] ability: Electromorphosis\n|-enditem|p2a: Bellibolt|Weakness Policy\n|-boost|p2a: Bellibolt|atk|2|[from] item: Weakness Policy\n|-boost|p2a: Bellibolt|spa|2|[from] item: Weakness Policy\n|move|p2a: Bellibolt|Parabolic Charge|p1a: Flutter Mane|[spread] p2b,p1a,p1b\n|-supereffective|p1b: Palafin\n|-damage|p2b: Oranguru|39\/100\n|-heal|p2a: Bellibolt|63\/100|[from] drain|[of] p2b: Oranguru\n|-damage|p1a: Flutter Mane|0 fnt\n|-heal|p2a: Bellibolt|74\/100|[from] drain|[of] p1a: Flutter Mane\n|-damage|p1b: Palafin|0 fnt\n|-heal|p2a: Bellibolt|100\/100|[from] drain|[of] p1b: Palafin\n|faint|p1a: Flutter Mane\n|-end|p1a: Flutter Mane|Protosynthesis|[silent]\n|faint|p1b: Palafin\n|-end|p2a: Bellibolt|Charge|[silent]\n|\n|upkeep\n|\n|t:|1683030751\n|switch|p1b: Grimmsnarl|Grimmsnarl, L50, M|42\/100\n|turn|7\n|-message|zealgigas forfeited.\n|\n|win|Flappington\n|raw|zealgigas's rating: 1087 → 1059<\/strong> (-28 for losing)\n|raw|Flappington's rating: 1011 → 1058<\/strong> (+47 for winning)\n|l|\u2606zealgigas\n","uploadtime":1683030757,"views":13,"p1id":"zealgigas","p2id":"flappington","formatid":"gen9vgc2023regulationc","rating":1058,"private":0,"password":""}