{"id":"gen9vgc2023regulationc-1845990045","p1":"niftynifty","p2":"Sweeper72","format":"[Gen 9] VGC 2023 Regulation C","log":"|j|\u2606niftynifty\n|j|\u2606Sweeper72\n|t:|1681788052\n|gametype|doubles\n|player|p1|niftynifty|janitor|1127\n|player|p2|Sweeper72|2|1099\n|teamsize|p1|6\n|teamsize|p2|6\n|gen|9\n|tier|[Gen 9] VGC 2023 Regulation C\n|rated|\n|rule|Species Clause: Limit one of each Pok\u00e9mon\n|rule|Item Clause: Limit one of each item\n|clearpoke\n|poke|p1|Farigiraf, L50, F|\n|poke|p1|Tatsugiri-Droopy, L50, F|\n|poke|p1|Garganacl, L50, F|\n|poke|p1|Chi-Yu, L50|\n|poke|p1|Wo-Chien, L50|\n|poke|p1|Flutter Mane, L50|\n|poke|p2|Corviknight, L50, F|\n|poke|p2|Iron Valiant, L50|\n|poke|p2|Ceruledge, L50, F|\n|poke|p2|Chien-Pao, L50|\n|poke|p2|Roaring Moon, L50|\n|poke|p2|Volcarona, L50, M|\n|teampreview|4\n|\n|t:|1681788072\n|start\n|switch|p1a: Flutter Mane|Flutter Mane, L50|100\/100\n|switch|p1b: Chi-Yu|Chi-Yu, L50|100\/100\n|switch|p2a: Volcarona|Volcarona, L50, M|100\/100\n|switch|p2b: Roaring Moon|Roaring Moon, L50|100\/100\n|-ability|p1b: Chi-Yu|Beads of Ruin\n|-enditem|p2b: Roaring Moon|Booster Energy\n|-activate|p2b: Roaring Moon|ability: Protosynthesis|[fromitem]\n|-start|p2b: Roaring Moon|protosynthesisatk\n|-enditem|p1a: Flutter Mane|Booster Energy\n|-activate|p1a: Flutter Mane|ability: Protosynthesis|[fromitem]\n|-start|p1a: Flutter Mane|protosynthesisspa\n|turn|1\n|\n|t:|1681788101\n|-terastallize|p2b: Roaring Moon|Flying\n|move|p1b: Chi-Yu|Protect|p1b: Chi-Yu\n|-singleturn|p1b: Chi-Yu|Protect\n|move|p2a: Volcarona|Rage Powder|p2a: Volcarona\n|-singleturn|p2a: Volcarona|move: Rage Powder\n|move|p2b: Roaring Moon|Dragon Dance|p2b: Roaring Moon\n|-boost|p2b: Roaring Moon|atk|1\n|-boost|p2b: Roaring Moon|spe|1\n|move|p1a: Flutter Mane|Substitute|p1a: Flutter Mane\n|-start|p1a: Flutter Mane|Substitute\n|-damage|p1a: Flutter Mane|75\/100\n|\n|upkeep\n|turn|2\n|\n|t:|1681788123\n|move|p2a: Volcarona|Rage Powder|p2a: Volcarona\n|-singleturn|p2a: Volcarona|move: Rage Powder\n|move|p2b: Roaring Moon|Dragon Dance|p2b: Roaring Moon\n|-boost|p2b: Roaring Moon|atk|1\n|-boost|p2b: Roaring Moon|spe|1\n|move|p1a: Flutter Mane|Moonblast|p2a: Volcarona\n|-resisted|p2a: Volcarona\n|-crit|p2a: Volcarona\n|-damage|p2a: Volcarona|49\/100\n|move|p1b: Chi-Yu|Heat Wave|p2b: Roaring Moon|[spread] p2a,p2b\n|-damage|p2a: Volcarona|11\/100\n|-damage|p2b: Roaring Moon|54\/100\n|-status|p2b: Roaring Moon|brn\n|\n|-damage|p2b: Roaring Moon|48\/100 brn|[from] brn\n|upkeep\n|turn|3\n|\n|t:|1681788147\n|move|p2b: Roaring Moon|Protect|p2b: Roaring Moon\n|-singleturn|p2b: Roaring Moon|Protect\n|move|p1a: Flutter Mane|Protect|p1a: Flutter Mane\n|-singleturn|p1a: Flutter Mane|Protect\n|move|p2a: Volcarona|Rage Powder|p2a: Volcarona\n|-singleturn|p2a: Volcarona|move: Rage Powder\n|move|p1b: Chi-Yu|Heat Wave|p2b: Roaring Moon|[spread] p2a\n|-activate|p2b: Roaring Moon|move: Protect\n|-damage|p2a: Volcarona|0 fnt\n|faint|p2a: Volcarona\n|\n|-damage|p2b: Roaring Moon|42\/100 brn|[from] brn\n|upkeep\n|\n|t:|1681788160\n|switch|p2a: Chien-Pao|Chien-Pao, L50|100\/100\n|-ability|p2a: Chien-Pao|Sword of Ruin\n|turn|4\n|\n|t:|1681788174\n|move|p1a: Flutter Mane|Protect||[still]\n|-fail|p1a: Flutter Mane\n|move|p2a: Chien-Pao|Sucker Punch||[still]\n|-fail|p2a: Chien-Pao\n|move|p2b: Roaring Moon|Acrobatics|p1a: Flutter Mane\n|-end|p1a: Flutter Mane|Substitute\n|move|p1b: Chi-Yu|Heat Wave|p2b: Roaring Moon|[spread] p2a,p2b\n|-supereffective|p2a: Chien-Pao\n|-crit|p2a: Chien-Pao\n|-enditem|p2a: Chien-Pao|Focus Sash\n|-damage|p2a: Chien-Pao|1\/100\n|-damage|p2b: Roaring Moon|0 fnt\n|faint|p2b: Roaring Moon\n|-end|p2b: Roaring Moon|Protosynthesis|[silent]\n|\n|upkeep\n|\n|t:|1681788185\n|switch|p2b: Iron Valiant|Iron Valiant, L50|100\/100\n|turn|5\n|\n|t:|1681788198\n|move|p2a: Chien-Pao|Sucker Punch||[still]\n|-fail|p2a: Chien-Pao\n|move|p2b: Iron Valiant|Close Combat|p1b: Chi-Yu\n|-supereffective|p1b: Chi-Yu\n|-damage|p1b: Chi-Yu|0 fnt\n|-unboost|p2b: Iron Valiant|def|1\n|-unboost|p2b: Iron Valiant|spd|1\n|faint|p1b: Chi-Yu\n|move|p1a: Flutter Mane|Substitute|p1a: Flutter Mane\n|-start|p1a: Flutter Mane|Substitute\n|-damage|p1a: Flutter Mane|50\/100\n|\n|upkeep\n|\n|t:|1681788209\n|switch|p1b: Tatsugiri|Tatsugiri-Droopy, L50, F, shiny|100\/100\n|turn|6\n|\n|t:|1681788218\n|move|p2a: Chien-Pao|Sucker Punch|p1a: Flutter Mane\n|-crit|p1a: Flutter Mane\n|-end|p1a: Flutter Mane|Substitute\n|move|p2b: Iron Valiant|Close Combat|p1b: Tatsugiri\n|-enditem|p1b: Tatsugiri|Focus Sash\n|-damage|p1b: Tatsugiri|1\/100\n|-unboost|p2b: Iron Valiant|def|1\n|-unboost|p2b: Iron Valiant|spd|1\n|move|p1a: Flutter Mane|Moonblast|p2a: Chien-Pao\n|-supereffective|p2a: Chien-Pao\n|-damage|p2a: Chien-Pao|0 fnt\n|faint|p2a: Chien-Pao\n|move|p1b: Tatsugiri|Counter|p2b: Iron Valiant\n|-damage|p2b: Iron Valiant|0 fnt\n|faint|p2b: Iron Valiant\n|-end|p2b: Iron Valiant|Quark Drive|[silent]\n|\n|win|niftynifty\n|raw|niftynifty's rating: 1127 → 1150<\/strong> (+23 for winning)\n|raw|Sweeper72's rating: 1099 → 1076<\/strong> (-23 for losing)\n|c|\u2606niftynifty|lucky burn\n|l|\u2606Sweeper72\n|c|\u2606niftynifty|gg\n","uploadtime":1681788236,"views":4,"p1id":"niftynifty","p2id":"sweeper72","formatid":"gen9vgc2023regulationc","rating":1076,"private":0,"password":""}