{"id":"gen9vgc2023regulationc-1845758073","p1":"tukeydukey","p2":"jchh23","format":"[Gen 9] VGC 2023 Regulation C","log":"|j|\u2606tukeydukey\n|j|\u2606jchh23\n|t:|1681761785\n|gametype|doubles\n|player|p1|tukeydukey|elesa|1181\n|player|p2|jchh23|265|1097\n|teamsize|p1|6\n|teamsize|p2|6\n|gen|9\n|tier|[Gen 9] VGC 2023 Regulation C\n|rated|\n|rule|Species Clause: Limit one of each Pok\u00e9mon\n|rule|Item Clause: Limit one of each item\n|clearpoke\n|poke|p1|Amoonguss, L50, M|\n|poke|p1|Palafin, L50, F|\n|poke|p1|Flutter Mane, L50|\n|poke|p1|Talonflame, L50, M|\n|poke|p1|Ting-Lu, L50|\n|poke|p1|Bellibolt, L50, F|\n|poke|p2|Chi-Yu, L50|\n|poke|p2|Arcanine, L50, M|\n|poke|p2|Wo-Chien, L50|\n|poke|p2|Palafin, L50, F|\n|poke|p2|Murkrow, L50, M|\n|poke|p2|Kingambit, L50, F|\n|teampreview|4\n|inactive|Battle timer is ON: inactive players will automatically lose when time's up. (requested by jchh23)\n|inactive|jchh23 has 60 seconds left.\n|\n|t:|1681761829\n|start\n|switch|p1a: Delfin|Palafin, L50, F|100\/100\n|switch|p1b: Bellibolt|Bellibolt, L50, F|100\/100\n|switch|p2a: Palafin|Palafin, L50, F|100\/100\n|switch|p2b: Wo-Chien|Wo-Chien, L50|100\/100\n|-ability|p2b: Wo-Chien|Tablets of Ruin\n|turn|1\n|\n|t:|1681761847\n|detailschange|p2a: Palafin|Palafin-Hero, L50, F\n|switch|p2a: Chi-Yu|Chi-Yu, L50|100\/100\n|-ability|p2a: Chi-Yu|Beads of Ruin\n|detailschange|p1a: Delfin|Palafin-Hero, L50, F\n|switch|p1a: Ting-Lu|Ting-Lu, L50|100\/100\n|-ability|p1a: Ting-Lu|Vessel of Ruin\n|move|p2b: Wo-Chien|Leech Seed|p1b: Bellibolt\n|-start|p1b: Bellibolt|move: Leech Seed\n|move|p1b: Bellibolt|Parabolic Charge|p2b: Wo-Chien|[spread] p2a,p2b\n|-immune|p1a: Ting-Lu\n|-resisted|p2b: Wo-Chien\n|-damage|p2a: Chi-Yu|91\/100\n|-damage|p2b: Wo-Chien|96\/100\n|\n|-heal|p2b: Wo-Chien|100\/100|[from] item: Leftovers\n|-damage|p1b: Bellibolt|88\/100|[from] Leech Seed|[of] p2b: Wo-Chien\n|upkeep\n|turn|2\n|inactive|tukeydukey has 30 seconds left.\n|inactive|tukeydukey has 20 seconds left.\n|inactive|tukeydukey has 15 seconds left.\n|\n|t:|1681761892\n|switch|p1b: Seta|Amoonguss, L50, M|100\/100\n|move|p2a: Chi-Yu|Heat Wave|p1a: Ting-Lu|[spread] p1b\n|-miss|p2a: Chi-Yu|p1a: Ting-Lu\n|-supereffective|p1b: Seta\n|-damage|p1b: Seta|37\/100\n|-enditem|p1b: Seta|Sitrus Berry|[eat]\n|-heal|p1b: Seta|61\/100|[from] item: Sitrus Berry\n|move|p2b: Wo-Chien|Leech Seed|p1a: Ting-Lu\n|-start|p1a: Ting-Lu|move: Leech Seed\n|move|p1a: Ting-Lu|Earthquake|p2a: Chi-Yu|[spread] p1b,p2a,p2b\n|-supereffective|p2a: Chi-Yu\n|-resisted|p2b: Wo-Chien\n|-damage|p1b: Seta|38\/100\n|-damage|p2a: Chi-Yu|9\/100\n|-damage|p2b: Wo-Chien|89\/100\n|\n|-heal|p2b: Wo-Chien|95\/100|[from] item: Leftovers\n|-damage|p1a: Ting-Lu|88\/100|[from] Leech Seed|[of] p2b: Wo-Chien\n|-heal|p2b: Wo-Chien|100\/100|[silent]\n|upkeep\n|turn|3\n|inactive|tukeydukey has 30 seconds left.\n|inactive|jchh23 has 30 seconds left.\n|\n|t:|1681761921\n|move|p1b: Seta|Protect|p1b: Seta\n|-singleturn|p1b: Seta|Protect\n|move|p2a: Chi-Yu|Heat Wave|p1a: Ting-Lu|[spread] p1a\n|-activate|p1b: Seta|move: Protect\n|-damage|p1a: Ting-Lu|62\/100\n|move|p2b: Wo-Chien|Substitute|p2b: Wo-Chien\n|-start|p2b: Wo-Chien|Substitute\n|-damage|p2b: Wo-Chien|76\/100\n|move|p1a: Ting-Lu|Earthquake|p2a: Chi-Yu|[spread] p2a,p2b\n|-activate|p1b: Seta|move: Protect\n|-resisted|p2b: Wo-Chien\n|-activate|p2b: Wo-Chien|move: Substitute|[damage]\n|-supereffective|p2a: Chi-Yu\n|-damage|p2a: Chi-Yu|0 fnt\n|faint|p2a: Chi-Yu\n|\n|-heal|p2b: Wo-Chien|82\/100|[from] item: Leftovers\n|-damage|p1a: Ting-Lu|49\/100|[from] Leech Seed|[of] p2b: Wo-Chien\n|-heal|p2b: Wo-Chien|98\/100|[silent]\n|upkeep\n|\n|t:|1681761928\n|switch|p2a: Palafin|Palafin-Hero, L50, F|100\/100\n|-activate|p2a: Palafin|ability: Zero to Hero\n|turn|4\n|\n|t:|1681761955\n|switch|p1a: Bellibolt|Bellibolt, L50, F|88\/100\n|move|p2b: Wo-Chien|Protect|p2b: Wo-Chien\n|-singleturn|p2b: Wo-Chien|Protect\n|move|p2a: Palafin|Wave Crash|p1b: Seta\n|-resisted|p1b: Seta\n|-damage|p1b: Seta|8\/100\n|-damage|p2a: Palafin|88\/100|[from] Recoil\n|move|p1b: Seta|Pollen Puff|p2b: Wo-Chien\n|-activate|p2b: Wo-Chien|move: Protect\n|\n|-heal|p2b: Wo-Chien|100\/100|[from] item: Leftovers\n|upkeep\n|turn|5\n|\n|t:|1681761972\n|switch|p2a: Kingambit|Kingambit, L50, F|100\/100\n|switch|p1b: Delfin|Palafin-Hero, L50, F|100\/100\n|-activate|p1b: Delfin|ability: Zero to Hero\n|move|p2b: Wo-Chien|Pollen Puff|p1b: Delfin\n|-damage|p1b: Delfin|80\/100\n|move|p1a: Bellibolt|Thunderbolt|p2a: Kingambit\n|-damage|p2a: Kingambit|62\/100\n|\n|upkeep\n|turn|6\n|inactive|jchh23 has 30 seconds left.\n|\n|t:|1681761998\n|switch|p1b: Seta|Amoonguss, L50, M|42\/100\n|move|p2b: Wo-Chien|Pollen Puff|p2a: Kingambit\n|-heal|p2a: Kingambit|100\/100\n|move|p2a: Kingambit|Kowtow Cleave|p1b: Seta\n|-damage|p1b: Seta|7\/100\n|move|p1a: Bellibolt|Thunderbolt|p2a: Kingambit\n|-damage|p2a: Kingambit|62\/100\n|\n|upkeep\n|turn|7\n|\n|t:|1681762011\n|switch|p1b: Ting-Lu|Ting-Lu, L50|49\/100\n|-ability|p1b: Ting-Lu|Vessel of Ruin\n|move|p2b: Wo-Chien|Pollen Puff|p2a: Kingambit\n|-heal|p2a: Kingambit|100\/100\n|move|p2a: Kingambit|Iron Head|p1b: Ting-Lu\n|-damage|p1b: Ting-Lu|26\/100\n|move|p1a: Bellibolt|Thunderbolt|p2a: Kingambit\n|-damage|p2a: Kingambit|73\/100\n|\n|upkeep\n|turn|8\n|\n|t:|1681762033\n|-terastallize|p1a: Bellibolt|Flying\n|move|p2b: Wo-Chien|Pollen Puff|p1b: Ting-Lu\n|-supereffective|p1b: Ting-Lu\n|-damage|p1b: Ting-Lu|6\/100\n|move|p2a: Kingambit|Kowtow Cleave|p1b: Ting-Lu\n|-resisted|p1b: Ting-Lu\n|-damage|p1b: Ting-Lu|0 fnt\n|faint|p1b: Ting-Lu\n|move|p1a: Bellibolt|Tera Blast|p2b: Wo-Chien\n|-supereffective|p2b: Wo-Chien\n|-end|p2b: Wo-Chien|Substitute\n|\n|upkeep\n|\n|t:|1681762045\n|switch|p1b: Seta|Amoonguss, L50, M|41\/100\n|turn|9\n|\n|t:|1681762066\n|move|p2b: Wo-Chien|Substitute|p2b: Wo-Chien\n|-start|p2b: Wo-Chien|Substitute\n|-damage|p2b: Wo-Chien|76\/100\n|move|p2a: Kingambit|Kowtow Cleave|p1a: Bellibolt\n|-damage|p1a: Bellibolt|62\/100\n|-start|p1a: Bellibolt|Charge|Kowtow Cleave|[from] ability: Electromorphosis\n|move|p1a: Bellibolt|Tera Blast|p2b: Wo-Chien\n|-supereffective|p2b: Wo-Chien\n|-end|p2b: Wo-Chien|Substitute\n|move|p1b: Seta|Spore|p2a: Kingambit\n|-status|p2a: Kingambit|slp|[from] move: Spore\n|\n|-heal|p2b: Wo-Chien|82\/100|[from] item: Leftovers\n|upkeep\n|turn|10\n|\n|t:|1681762083\n|move|p2b: Wo-Chien|Protect|p2b: Wo-Chien\n|-singleturn|p2b: Wo-Chien|Protect\n|cant|p2a: Kingambit|slp\n|move|p1a: Bellibolt|Thunderbolt|p2a: Kingambit\n|-damage|p2a: Kingambit|3\/100 slp\n|-end|p1a: Bellibolt|Charge|[silent]\n|move|p1b: Seta|Pollen Puff|p2b: Wo-Chien\n|-activate|p2b: Wo-Chien|move: Protect\n|\n|-heal|p2b: Wo-Chien|88\/100|[from] item: Leftovers\n|upkeep\n|turn|11\n|\n|t:|1681762105\n|cant|p2a: Kingambit|slp\n|move|p2b: Wo-Chien|Leech Seed|p1a: Bellibolt\n|-start|p1a: Bellibolt|move: Leech Seed\n|move|p1a: Bellibolt|Thunderbolt|p2a: Kingambit\n|-damage|p2a: Kingambit|0 fnt\n|faint|p2a: Kingambit\n|move|p1b: Seta|Pollen Puff|p2b: Wo-Chien\n|-supereffective|p2b: Wo-Chien\n|-damage|p2b: Wo-Chien|46\/100\n|\n|-heal|p2b: Wo-Chien|52\/100|[from] item: Leftovers\n|-damage|p1a: Bellibolt|50\/100|[from] Leech Seed|[of] p2b: Wo-Chien\n|-heal|p2b: Wo-Chien|66\/100|[silent]\n|upkeep\n|\n|t:|1681762108\n|switch|p2a: Palafin|Palafin-Hero, L50, F|88\/100\n|turn|12\n|inactive|tukeydukey has 30 seconds left.\n|inactive|jchh23 has 30 seconds left.\n|inactive|tukeydukey has 20 seconds left.\n|inactive|jchh23 has 20 seconds left.\n|inactive|tukeydukey has 15 seconds left.\n|inactive|jchh23 has 15 seconds left.\n|inactive|tukeydukey has 10 seconds left.\n|\n|t:|1681762157\n|move|p2a: Palafin|Close Combat|p1b: Seta\n|-resisted|p1b: Seta\n|-damage|p1b: Seta|19\/100\n|-unboost|p2a: Palafin|def|1\n|-unboost|p2a: Palafin|spd|1\n|move|p2b: Wo-Chien|Pollen Puff|p2a: Palafin\n|-heal|p2a: Palafin|100\/100\n|move|p1a: Bellibolt|Thunderbolt|p2a: Palafin\n|-supereffective|p2a: Palafin\n|-damage|p2a: Palafin|1\/100\n|move|p1b: Seta|Pollen Puff|p2b: Wo-Chien\n|-supereffective|p2b: Wo-Chien\n|-damage|p2b: Wo-Chien|24\/100\n|\n|-heal|p2b: Wo-Chien|30\/100|[from] item: Leftovers\n|-damage|p1a: Bellibolt|38\/100|[from] Leech Seed|[of] p2b: Wo-Chien\n|-heal|p2b: Wo-Chien|44\/100|[silent]\n|upkeep\n|turn|13\n|inactive|tukeydukey has 30 seconds left.\n|inactive|jchh23 has 30 seconds left.\n|inactive|tukeydukey has 20 seconds left.\n|inactive|tukeydukey has 15 seconds left.\n|inactive|jchh23 has 20 seconds left.\n|\n|t:|1681762200\n|switch|p1a: Delfin|Palafin-Hero, L50, F|80\/100\n|move|p2a: Palafin|Close Combat|p1a: Delfin\n|-damage|p1a: Delfin|36\/100\n|-unboost|p2a: Palafin|def|1\n|-unboost|p2a: Palafin|spd|1\n|move|p2b: Wo-Chien|Pollen Puff|p1a: Delfin\n|-damage|p1a: Delfin|15\/100\n|move|p1b: Seta|Pollen Puff|p2b: Wo-Chien\n|-supereffective|p2b: Wo-Chien\n|-damage|p2b: Wo-Chien|0 fnt\n|faint|p2b: Wo-Chien\n|\n|upkeep\n|turn|14\n|\n|t:|1681762216\n|move|p1b: Seta|Rage Powder|p1b: Seta\n|-singleturn|p1b: Seta|move: Rage Powder\n|move|p1a: Delfin|Jet Punch|p2a: Palafin\n|-resisted|p2a: Palafin\n|-damage|p2a: Palafin|0 fnt\n|faint|p2a: Palafin\n|\n|win|tukeydukey\n|raw|tukeydukey's rating: 1181 → 1200<\/strong> (+19 for winning)\n|raw|jchh23's rating: 1097 → 1078<\/strong> (-19 for losing)\n|l|\u2606jchh23\n","uploadtime":1681762228,"views":8,"p1id":"tukeydukey","p2id":"jchh23","formatid":"gen9vgc2023regulationc","rating":1078,"private":0,"password":""}