{"id":"gen9vgc2023regulationc-1850032010","p1":"Feis","p2":"desuvgc","format":"[Gen 9] VGC 2023 Regulation C","log":"|j|\u2606Feis\n|j|\u2606desuvgc\n|t:|1682279896\n|gametype|doubles\n|player|p1|Feis|pokekid|\n|player|p2|desuvgc|265|\n|teamsize|p1|6\n|teamsize|p2|6\n|gen|9\n|tier|[Gen 9] VGC 2023 Regulation C\n|rule|Species Clause: Limit one of each Pok\u00e9mon\n|rule|Item Clause: Limit one of each item\n|clearpoke\n|poke|p1|Baxcalibur, L50, F|\n|poke|p1|Flutter Mane, L50|\n|poke|p1|Amoonguss, L50, M|\n|poke|p1|Arcanine, L50, F|\n|poke|p1|Ting-Lu, L50|\n|poke|p1|Palafin, L50, F|\n|poke|p2|Chien-Pao, L50|\n|poke|p2|Arcanine, L50, M|\n|poke|p2|Amoonguss, L50, M|\n|poke|p2|Gholdengo, L50|\n|poke|p2|Palafin, L50, F|\n|poke|p2|Dragonite, L50, M|\n|teampreview|4\n|c|\u2606Feis|g2\nFeis has agreed to open team sheets.\ndesuvgc has agreed to open team sheets.\n|c|\u2606Feis|\/log Feis made this room public.\n|j| benjinotnice\n|l| benjinotnice\n|j| tyo\n|j| InkVG\n|j| abhayfive\n|j| Tekagt\n|c|\u2606Feis|glhf\n|j| benjinotnice\n|j| Rey9vgc\n|j| templevgc\n|j| FREEDOMFIGHTER28\n|j| Carrifran\n|j| pokeway96\n|j| AhriVGC\n|j| Axior\n|j| cyan_vg\n|j| animus\n|j| Clipperz\n|j| Dunkler Georg\n|\n|t:|1682280450\n|start\n|switch|p1a: Arcanine|Arcanine, L50, F|100\/100\n|switch|p1b: Baxcalibur|Baxcalibur, L50, F|100\/100\n|switch|p2a: Gholdengo|Gholdengo, L50|100\/100\n|switch|p2b: Palafin|Palafin, L50, F|100\/100\n|-ability|p1a: Arcanine|Intimidate|boost\n|-unboost|p2a: Gholdengo|atk|1\n|-unboost|p2b: Palafin|atk|1\n|turn|1\n|\n|t:|1682280480\n|switch|p1b: Ting-Lu|Ting-Lu, L50|100\/100\n|-ability|p1b: Ting-Lu|Vessel of Ruin\n|detailschange|p2b: Palafin|Palafin-Hero, L50, F\n|switch|p2b: Arcanine|Arcanine, L50, M|100\/100\n|-ability|p2b: Arcanine|Intimidate|boost\n|-unboost|p1a: Arcanine|atk|1\n|-unboost|p1b: Ting-Lu|atk|1\n|move|p1a: Arcanine|Flare Blitz|p2a: Gholdengo\n|-supereffective|p2a: Gholdengo\n|-damage|p2a: Gholdengo|44\/100\n|-enditem|p2a: Gholdengo|Sitrus Berry|[eat]\n|-heal|p2a: Gholdengo|68\/100|[from] item: Sitrus Berry\n|-damage|p1a: Arcanine|82\/100|[from] Recoil\n|move|p2a: Gholdengo|Make It Rain|p1b: Ting-Lu|[spread] p1a,p1b\n|-resisted|p1a: Arcanine\n|-damage|p1a: Arcanine|63\/100\n|-damage|p1b: Ting-Lu|84\/100\n|-unboost|p2a: Gholdengo|spa|1\n|\n|upkeep\n|turn|2\n|j| CollinNishimura\n|\n|t:|1682280515\n|switch|p2a: Palafin|Palafin-Hero, L50, F|100\/100\n|-activate|p2a: Palafin|ability: Zero to Hero\n|switch|p1b: Baxcalibur|Baxcalibur, L50, F|100\/100\n|move|p1a: Arcanine|Howl|p1a: Arcanine|[spread] p1a,p1b\n|-boost|p1a: Arcanine|atk|1\n|-boost|p1b: Baxcalibur|atk|1\n|move|p2b: Arcanine|Howl|p2b: Arcanine|[spread] p2a,p2b\n|-boost|p2a: Palafin|atk|1\n|-boost|p2b: Arcanine|atk|1\n|\n|upkeep\n|turn|3\n|j| duckpond\n|\n|t:|1682280539\n|-terastallize|p1a: Arcanine|Water\n|move|p2a: Palafin|Jet Punch|p1a: Arcanine\n|-resisted|p1a: Arcanine\n|-damage|p1a: Arcanine|30\/100\n|move|p1a: Arcanine|Will-O-Wisp|p2a: Palafin\n|-status|p2a: Palafin|brn\n|move|p1b: Baxcalibur|Glaive Rush|p2b: Arcanine\n|-crit|p2b: Arcanine\n|-damage|p2b: Arcanine|0 fnt\n|-singlemove|p1b: Baxcalibur|Glaive Rush|[silent]\n|faint|p2b: Arcanine\n|\n|-damage|p2a: Palafin|95\/100 brn|[from] brn\n|upkeep\n|\n|t:|1682280564\n|switch|p2b: Amoonguss|Amoonguss, L50, M|100\/100\n|turn|4\n|\n|t:|1682280592\n|-terastallize|p2b: Amoonguss|Steel\n|move|p1b: Baxcalibur|Protect|p1b: Baxcalibur\n|-singleturn|p1b: Baxcalibur|Protect\n|move|p1a: Arcanine|Howl|p1a: Arcanine|[spread] p1a,p1b\n|-boost|p1a: Arcanine|atk|1\n|-boost|p1b: Baxcalibur|atk|1\n|move|p2a: Palafin|Wave Crash|p1a: Arcanine\n|-resisted|p1a: Arcanine\n|-damage|p1a: Arcanine|0 fnt\n|faint|p1a: Arcanine\n|-damage|p2a: Palafin|85\/100 brn|[from] Recoil\n|move|p2b: Amoonguss|Spore|p1b: Baxcalibur\n|-activate|p1b: Baxcalibur|move: Protect\n|\n|-damage|p2a: Palafin|80\/100 brn|[from] brn\n|upkeep\n|\n|t:|1682280599\n|switch|p1a: Flutter Mane|Flutter Mane, L50|100\/100\n|turn|5\n|l| Carrifran\n|l| duckpond\n|\n|t:|1682280654\n|move|p1a: Flutter Mane|Shadow Ball|p2b: Amoonguss\n|-damage|p2b: Amoonguss|57\/100\n|move|p1b: Baxcalibur|Glaive Rush|p2a: Palafin\n|-damage|p2a: Palafin|0 fnt\n|-singlemove|p1b: Baxcalibur|Glaive Rush|[silent]\n|faint|p2a: Palafin\n|move|p2b: Amoonguss|Spore|p1b: Baxcalibur\n|-status|p1b: Baxcalibur|slp|[from] move: Spore\n|\n|upkeep\n|j| duckpond\n|\n|t:|1682280663\n|switch|p2a: Gholdengo|Gholdengo, L50|68\/100\n|turn|6\n|\n|t:|1682280679\n|switch|p1b: Ting-Lu|Ting-Lu, L50|84\/100\n|-ability|p1b: Ting-Lu|Vessel of Ruin\n|move|p2a: Gholdengo|Protect|p2a: Gholdengo\n|-singleturn|p2a: Gholdengo|Protect\n|move|p1a: Flutter Mane|Shadow Ball|p2a: Gholdengo\n|-activate|p2a: Gholdengo|move: Protect\n|move|p2b: Amoonguss|Spore|p1a: Flutter Mane\n|-status|p1a: Flutter Mane|slp|[from] move: Spore\n|\n|upkeep\n|turn|7\n|\n|t:|1682280698\n|cant|p1a: Flutter Mane|slp\n|move|p2a: Gholdengo|Nasty Plot|p2a: Gholdengo\n|-boost|p2a: Gholdengo|spa|2\n|move|p1b: Ting-Lu|Stomping Tantrum|p2a: Gholdengo\n|-supereffective|p2a: Gholdengo\n|-damage|p2a: Gholdengo|8\/100\n|move|p2b: Amoonguss|Spore|p1b: Ting-Lu\n|-status|p1b: Ting-Lu|slp|[from] move: Spore\n|\n|upkeep\n|turn|8\n|\n|t:|1682280714\n|move|p2b: Amoonguss|Rage Powder|p2b: Amoonguss\n|-singleturn|p2b: Amoonguss|move: Rage Powder\n|-curestatus|p1a: Flutter Mane|slp|[msg]\n|move|p1a: Flutter Mane|Shadow Ball|p2b: Amoonguss\n|-damage|p2b: Amoonguss|25\/100\n|move|p2a: Gholdengo|Make It Rain|p1b: Ting-Lu|[spread] p1a,p1b\n|-supereffective|p1a: Flutter Mane\n|-damage|p1a: Flutter Mane|0 fnt\n|-damage|p1b: Ting-Lu|54\/100 slp\n|-unboost|p2a: Gholdengo|spa|1\n|faint|p1a: Flutter Mane\n|-end|p1a: Flutter Mane|Protosynthesis|[silent]\n|cant|p1b: Ting-Lu|slp\n|\n|upkeep\n|\n|t:|1682280724\n|switch|p1a: Baxcalibur|Baxcalibur, L50, F|100\/100 slp\n|turn|9\n|\n|t:|1682280742\n|move|p2b: Amoonguss|Rage Powder|p2b: Amoonguss\n|-singleturn|p2b: Amoonguss|move: Rage Powder\n|cant|p1a: Baxcalibur|slp\n|move|p2a: Gholdengo|Make It Rain|p1b: Ting-Lu|[spread] p1a,p1b\n|-supereffective|p1a: Baxcalibur\n|-damage|p1a: Baxcalibur|16\/100 slp\n|-damage|p1b: Ting-Lu|31\/100 slp\n|-unboost|p2a: Gholdengo|spa|1\n|-curestatus|p1b: Ting-Lu|slp|[msg]\n|move|p1b: Ting-Lu|Stomping Tantrum|p2b: Amoonguss\n|-supereffective|p2b: Amoonguss\n|-damage|p2b: Amoonguss|0 fnt\n|faint|p2b: Amoonguss\n|\n|upkeep\n|turn|10\n|\n|t:|1682280754\n|cant|p1a: Baxcalibur|slp\n|move|p2a: Gholdengo|Make It Rain|p1a: Baxcalibur|[spread] p1a,p1b\n|-supereffective|p1a: Baxcalibur\n|-damage|p1a: Baxcalibur|0 fnt\n|-damage|p1b: Ting-Lu|16\/100\n|-unboost|p2a: Gholdengo|spa|1\n|faint|p1a: Baxcalibur\n|move|p1b: Ting-Lu|Stomping Tantrum|p2a: Gholdengo\n|-supereffective|p2a: Gholdengo\n|-damage|p2a: Gholdengo|0 fnt\n|faint|p2a: Gholdengo\n|\n|win|Feis\n|c|\u2606desuvgc|gg\n|c|\u2606Feis|gg\n|l| animus\n|l| InkVG\n|l| pokeway96\n|l| benjinotnice\n|j| yarudake\n|j| Svenvgc\n|l| FREEDOMFIGHTER28\n|l| cyan_vg\n","uploadtime":1682281108,"views":16,"p1id":"feis","p2id":"desuvgc","formatid":"gen9vgc2023regulationc","rating":0,"private":0,"password":""}