{"id":"gen9vgc2023regulationc-1859795427","p1":"Rean411","p2":"johigfcvy9","format":"[Gen 9] VGC 2023 Regulation C","log":"|j|\u2606Rean411\n|j|\u2606johigfcvy9\n|t:|1683565195\n|gametype|doubles\n|player|p1|Rean411|170|\n|player|p2|johigfcvy9|schoolkid-gen4|\n|teamsize|p1|6\n|teamsize|p2|6\n|gen|9\n|tier|[Gen 9] VGC 2023 Regulation C\n|rated|Tournament battle\n|rule|Species Clause: Limit one of each Pok\u00e9mon\n|rule|Item Clause: Limit one of each item\n|clearpoke\n|poke|p1|Tyranitar, L50, F|\n|poke|p1|Lycanroc, L50, F|\n|poke|p1|Annihilape, L50, F|\n|poke|p1|Maushold, L50|\n|poke|p1|Ting-Lu, L50|\n|poke|p1|Flutter Mane, L50|\n|poke|p2|Hawlucha, L50, M|\n|poke|p2|Indeedee-F, L50, F|\n|poke|p2|Armarouge, L50, F|\n|poke|p2|Dondozo, L50, M|\n|poke|p2|Tatsugiri, L50, M|\n|poke|p2|Flutter Mane, L50|\n|teampreview|4\n|raw| Open Team Sheet for Rean411<\/summary>Tyranitar @ Choice Band Ability: Sand Stream Level: 50 Tera Type: Flying - Rock Slide - Assurance - Low Kick - Tera Blast Lycanroc @ Focus Sash Ability: Sand Rush Level: 50 Tera Type: Ghost - Rock Slide - Bulldoze - Close Combat - Endeavor Annihilape @ Leftovers Ability: Defiant Level: 50 Tera Type: Water - Protect - Drain Punch - Rage Fist - Bulk Up Maushold @ Safety Goggles Ability: Friend Guard Level: 50 Shiny: Yes Tera Type: Ghost - Protect - Follow Me - Baby-Doll Eyes - Beat Up Ting-Lu @ Assault Vest Ability: Vessel of Ruin Level: 50 Tera Type: Water - Ruination - Heavy Slam - Body Press - Stomping Tantrum Flutter Mane @ Choice Specs Ability: Protosynthesis Level: 50 Tera Type: Fairy - Dazzling Gleam - Shadow Ball - Moonblast - Psyshock <\/details><\/div> Open Team Sheet for johigfcvy9<\/summary>Rey (Hawlucha) (M) @ Psychic Seed Ability: Unburden Level: 50 Shiny: Yes Tera Type: Steel - Close Combat - Acrobatics - Taunt - Detect yessir (Indeedee-F) (F) @ Safety Goggles Ability: Psychic Surge Level: 50 Tera Type: Fairy - Psychic - Follow Me - Helping Hand - Dazzling Gleam La Rouge (Armarouge) (F) @ Focus Sash Ability: Weak Armor Level: 50 Tera Type: Psychic - Armor Cannon - Expanding Force - Destiny Bond - Protect #RIPDOZO (Dondozo) (M) @ Life Orb Ability: Unaware Level: 50 Tera Type: Flying - Wave Crash - Earthquake - Tera Blast - Protect :eyebrow: (Tatsugiri) (M) @ Choice Scarf Ability: Commander Level: 50 Tera Type: Steel - Muddy Water - Draco Meteor - Icy Wind - Helping Hand butter bane (Flutter Mane) @ Booster Energy Ability: Protosynthesis Level: 50 Tera Type: Steel - Protect - Shadow Ball - Moonblast - Dazzling Gleam <\/details><\/div>\n|c|\u2606johigfcvy9|glhf\n|c|\u2606Rean411|GLHF\n|\n|t:|1683565273\n|start\n|switch|p1a: Annihilape|Annihilape, L50, F|100\/100\n|switch|p1b: Ting-Lu|Ting-Lu, L50|100\/100\n|switch|p2a: Rey|Hawlucha, L50, M, shiny|100\/100\n|switch|p2b: yessir|Indeedee-F, L50, F|100\/100\n|-fieldstart|move: Psychic Terrain|[from] ability: Psychic Surge|[of] p2b: yessir\n|-enditem|p2a: Rey|Psychic Seed\n|-boost|p2a: Rey|spd|1|[from] item: Psychic Seed\n|-ability|p1b: Ting-Lu|Vessel of Ruin\n|turn|1\n|\n|t:|1683565324\n|-terastallize|p1a: Annihilape|Water\n|move|p2b: yessir|Helping Hand|p2a: Rey\n|-singleturn|p2a: Rey|Helping Hand|[of] p2b: yessir\n|move|p2a: Rey|Close Combat|p1b: Ting-Lu\n|-supereffective|p1b: Ting-Lu\n|-damage|p1b: Ting-Lu|2\/100\n|-unboost|p2a: Rey|def|1\n|-unboost|p2a: Rey|spd|1\n|move|p1a: Annihilape|Bulk Up|p1a: Annihilape\n|-boost|p1a: Annihilape|atk|1\n|-boost|p1a: Annihilape|def|1\n|move|p1b: Ting-Lu|Ruination|p2a: Rey\n|-damage|p2a: Rey|50\/100\n|\n|upkeep\n|turn|2\n|\n|t:|1683565349\n|switch|p1b: Flutter Mane|Flutter Mane, L50|100\/100\n|move|p2b: yessir|Helping Hand|p2a: Rey\n|-singleturn|p2a: Rey|Helping Hand|[of] p2b: yessir\n|move|p2a: Rey|Acrobatics|p1b: Flutter Mane\n|-damage|p1b: Flutter Mane|0 fnt\n|faint|p1b: Flutter Mane\n|-end|p1b: Flutter Mane|Protosynthesis|[silent]\n|move|p1a: Annihilape|Bulk Up|p1a: Annihilape\n|-boost|p1a: Annihilape|atk|1\n|-boost|p1a: Annihilape|def|1\n|\n|upkeep\n|\n|t:|1683565361\n|switch|p1b: Tyranitar|Tyranitar, L50, F|100\/100\n|-weather|Sandstorm|[from] ability: Sand Stream|[of] p1b: Tyranitar\n|turn|3\n|\n|t:|1683565403\n|move|p2b: yessir|Follow Me|p2b: yessir\n|-singleturn|p2b: yessir|move: Follow Me\n|move|p2a: Rey|Close Combat|p1b: Tyranitar\n|-supereffective|p1b: Tyranitar\n|-damage|p1b: Tyranitar|0 fnt\n|-unboost|p2a: Rey|def|1\n|-unboost|p2a: Rey|spd|1\n|faint|p1b: Tyranitar\n|move|p1a: Annihilape|Bulk Up|p1a: Annihilape\n|-boost|p1a: Annihilape|atk|1\n|-boost|p1a: Annihilape|def|1\n|\n|-weather|Sandstorm|[upkeep]\n|-damage|p2a: Rey|45\/100|[from] Sandstorm\n|-damage|p1a: Annihilape|94\/100|[from] Sandstorm\n|-heal|p1a: Annihilape|100\/100|[from] item: Leftovers\n|upkeep\n|\n|t:|1683565416\n|switch|p1b: Ting-Lu|Ting-Lu, L50|2\/100\n|-ability|p1b: Ting-Lu|Vessel of Ruin\n|turn|4\n|\n|t:|1683565433\n|move|p2b: yessir|Follow Me|p2b: yessir\n|-singleturn|p2b: yessir|move: Follow Me\n|move|p2a: Rey|Acrobatics|p1b: Ting-Lu\n|-damage|p1b: Ting-Lu|0 fnt\n|faint|p1b: Ting-Lu\n|move|p1a: Annihilape|Drain Punch|p2b: yessir\n|-damage|p2b: yessir|29\/100\n|\n|-weather|Sandstorm|[upkeep]\n|-damage|p2a: Rey|39\/100|[from] Sandstorm\n|-damage|p1a: Annihilape|94\/100|[from] Sandstorm\n|-heal|p1a: Annihilape|100\/100|[from] item: Leftovers\n|upkeep\n|turn|5\n|\n|t:|1683565453\n|move|p2b: yessir|Follow Me|p2b: yessir\n|-singleturn|p2b: yessir|move: Follow Me\n|move|p2a: Rey|Taunt|p1a: Annihilape\n|-start|p1a: Annihilape|move: Taunt\n|move|p1a: Annihilape|Drain Punch|p2b: yessir\n|-damage|p2b: yessir|0 fnt\n|faint|p2b: yessir\n|\n|-weather|Sandstorm|[upkeep]\n|-damage|p2a: Rey|33\/100|[from] Sandstorm\n|-damage|p1a: Annihilape|94\/100|[from] Sandstorm\n|-heal|p1a: Annihilape|100\/100|[from] item: Leftovers\n|-fieldend|move: Psychic Terrain\n|upkeep\n|\n|t:|1683565459\n|switch|p2b: #RIPDOZO|Dondozo, L50, M|100\/100\n|turn|6\n|\n|t:|1683565473\n|switch|p2a: :eyebrow:|Tatsugiri, L50, M|100\/100\n|-activate|p2a: :eyebrow:|ability: Commander|[of] p2b: #RIPDOZO\n|-boost|p2b: #RIPDOZO|atk|2\n|-boost|p2b: #RIPDOZO|spa|2\n|-boost|p2b: #RIPDOZO|spe|2\n|-boost|p2b: #RIPDOZO|def|2\n|-boost|p2b: #RIPDOZO|spd|2\n|-terastallize|p2b: #RIPDOZO|Flying\n|move|p2b: #RIPDOZO|Tera Blast|p1a: Annihilape\n|-damage|p1a: Annihilape|3\/100\n|-damage|p2b: #RIPDOZO|91\/100|[from] item: Life Orb\n|move|p1a: Annihilape|Drain Punch|p2b: #RIPDOZO\n|-resisted|p2b: #RIPDOZO\n|-damage|p2b: #RIPDOZO|84\/100\n|-heal|p1a: Annihilape|7\/100|[from] drain|[of] p2b: #RIPDOZO\n|\n|-weather|Sandstorm|[upkeep]\n|-damage|p2a: :eyebrow:|95\/100|[from] Sandstorm\n|-damage|p2b: #RIPDOZO|78\/100|[from] Sandstorm\n|-damage|p1a: Annihilape|0 fnt|[from] Sandstorm\n|faint|p1a: Annihilape\n|\n|win|johigfcvy9\n|upkeep\n|n|\u2606Rean411|rean411\n|n|\u2606johigfcvy9|johigfcvy9\n|c|\u2606johigfcvy9|gg\n","uploadtime":1683565492,"views":9,"p1id":"rean411","p2id":"johigfcvy9","formatid":"gen9vgc2023regulationc","rating":0,"private":0,"password":""}