{"id":"gen9vgc2023regulationc-1857246058","p1":"Blackth0rn","p2":"SlyAbby","format":"[Gen 9] VGC 2023 Regulation C","log":"|j|\u2606Blackth0rn\n|j|\u2606SlyAbby\n|t:|1683162914\n|gametype|doubles\n|player|p1|Blackth0rn|ghetsis|1468\n|player|p2|SlyAbby|skyla|1568\n|teamsize|p1|6\n|teamsize|p2|6\n|gen|9\n|tier|[Gen 9] VGC 2023 Regulation C\n|rated|\n|rule|Species Clause: Limit one of each Pok\u00e9mon\n|rule|Item Clause: Limit one of each item\n|clearpoke\n|poke|p1|Abomasnow, L50, F|\n|poke|p1|Iron Bundle, L50|\n|poke|p1|Arcanine, L50, F|\n|poke|p1|Flutter Mane, L50|\n|poke|p1|Iron Hands, L50|\n|poke|p1|Ting-Lu, L50|\n|poke|p2|Corviknight, L50, F|\n|poke|p2|Rotom-Wash, L50|\n|poke|p2|Ting-Lu, L50|\n|poke|p2|Palafin, L50, M|\n|poke|p2|Amoonguss, L50, M|\n|poke|p2|Chien-Pao, L50|\n|teampreview|4\n|inactive|Battle timer is ON: inactive players will automatically lose when time's up. (requested by SlyAbby)\nBlackth0rn has agreed to open team sheets.\nSlyAbby has agreed to open team sheets.\n|inactive|Blackth0rn has 60 seconds left.\n|inactive|SlyAbby has 60 seconds left.\n|\n|t:|1683162947\n|start\n|switch|p1a: Iron Hands|Iron Hands, L50|100\/100\n|switch|p1b: Arcanine|Arcanine, L50, F|100\/100\n|switch|p2a: Corviknight|Corviknight, L50, F|100\/100\n|switch|p2b: Amoonguss|Amoonguss, L50, M|100\/100\n|-ability|p1b: Arcanine|Intimidate|boost\n|-ability|p2a: Corviknight|Mirror Armor\n|-unboost|p1b: Arcanine|atk|1\n|-unboost|p2b: Amoonguss|atk|1\n|turn|1\n|\n|t:|1683162966\n|switch|p2b: Rotom|Rotom-Wash, L50|100\/100\n|move|p1a: Iron Hands|Fake Out|p2b: Rotom\n|-crit|p2b: Rotom\n|-damage|p2b: Rotom|75\/100\n|move|p1b: Arcanine|Will-O-Wisp|p2a: Corviknight\n|-status|p2a: Corviknight|brn\n|move|p2a: Corviknight|Bulk Up|p2a: Corviknight\n|-boost|p2a: Corviknight|atk|1\n|-boost|p2a: Corviknight|def|1\n|\n|-damage|p2a: Corviknight|95\/100 brn|[from] brn\n|upkeep\n|turn|2\n|\n|t:|1683162985\n|switch|p1b: Iron Bundle|Iron Bundle, L50|100\/100\n|-enditem|p1b: Iron Bundle|Booster Energy\n|-activate|p1b: Iron Bundle|ability: Quark Drive|[fromitem]\n|-start|p1b: Iron Bundle|quarkdrivespe\n|-terastallize|p1a: Iron Hands|Fire\n|move|p2b: Rotom|Will-O-Wisp|p1a: Iron Hands\n|-immune|p1a: Iron Hands\n|move|p2a: Corviknight|Bulk Up|p2a: Corviknight\n|-boost|p2a: Corviknight|atk|1\n|-boost|p2a: Corviknight|def|1\n|move|p1a: Iron Hands|Swords Dance|p1a: Iron Hands\n|-boost|p1a: Iron Hands|atk|2\n|\n|-damage|p2a: Corviknight|89\/100 brn|[from] brn\n|upkeep\n|turn|3\n|\n|t:|1683163004\n|move|p2b: Rotom|Protect|p2b: Rotom\n|-singleturn|p2b: Rotom|Protect\n|move|p1b: Iron Bundle|Freeze-Dry|p2b: Rotom\n|-activate|p2b: Rotom|move: Protect\n|move|p2a: Corviknight|Body Press|p1b: Iron Bundle\n|-supereffective|p1b: Iron Bundle\n|-damage|p1b: Iron Bundle|54\/100\n|move|p1a: Iron Hands|Drain Punch|p2b: Rotom\n|-activate|p2b: Rotom|move: Protect\n|\n|-damage|p2a: Corviknight|83\/100 brn|[from] brn\n|upkeep\n|turn|4\n|\n|t:|1683163023\n|-terastallize|p2b: Rotom|Steel\n|move|p1b: Iron Bundle|Freeze-Dry|p2b: Rotom\n|-resisted|p2b: Rotom\n|-damage|p2b: Rotom|57\/100\n|move|p2b: Rotom|Hydro Pump|p1a: Iron Hands|[miss]\n|-miss|p2b: Rotom|p1a: Iron Hands\n|move|p2a: Corviknight|Body Press|p1b: Iron Bundle\n|-supereffective|p1b: Iron Bundle\n|-damage|p1b: Iron Bundle|7\/100\n|move|p1a: Iron Hands|Drain Punch|p2b: Rotom\n|-supereffective|p2b: Rotom\n|-damage|p2b: Rotom|0 fnt\n|faint|p2b: Rotom\n|\n|-damage|p2a: Corviknight|77\/100 brn|[from] brn\n|upkeep\n|\n|t:|1683163046\n|switch|p2b: Chien-Pao|Chien-Pao, L50|100\/100\n|-ability|p2b: Chien-Pao|Sword of Ruin\n|turn|5\n|\n|t:|1683163055\n|move|p2b: Chien-Pao|Protect|p2b: Chien-Pao\n|-singleturn|p2b: Chien-Pao|Protect\n|move|p1b: Iron Bundle|Freeze-Dry|p2a: Corviknight\n|-damage|p2a: Corviknight|49\/100 brn\n|-enditem|p2a: Corviknight|Sitrus Berry|[eat]\n|-heal|p2a: Corviknight|74\/100 brn|[from] item: Sitrus Berry\n|move|p2a: Corviknight|Bulk Up|p2a: Corviknight\n|-boost|p2a: Corviknight|atk|1\n|-boost|p2a: Corviknight|def|1\n|move|p1a: Iron Hands|Drain Punch|p2b: Chien-Pao\n|-activate|p2b: Chien-Pao|move: Protect\n|\n|-damage|p2a: Corviknight|68\/100 brn|[from] brn\n|upkeep\n|turn|6\n|\n|t:|1683163069\n|move|p2b: Chien-Pao|Sucker Punch|p1b: Iron Bundle\n|-damage|p1b: Iron Bundle|0 fnt\n|faint|p1b: Iron Bundle\n|-end|p1b: Iron Bundle|Quark Drive|[silent]\n|move|p2a: Corviknight|Bulk Up|p2a: Corviknight\n|-boost|p2a: Corviknight|atk|1\n|-boost|p2a: Corviknight|def|1\n|move|p1a: Iron Hands|Drain Punch|p2b: Chien-Pao\n|-supereffective|p2b: Chien-Pao\n|-enditem|p2b: Chien-Pao|Focus Sash\n|-damage|p2b: Chien-Pao|1\/100\n|\n|-damage|p2a: Corviknight|62\/100 brn|[from] brn\n|upkeep\n|\n|t:|1683163080\n|switch|p1b: Arcanine|Arcanine, L50, F|100\/100\n|-ability|p1b: Arcanine|Intimidate|boost\n|-ability|p2a: Corviknight|Mirror Armor\n|-unboost|p1b: Arcanine|atk|1\n|-unboost|p2b: Chien-Pao|atk|1\n|turn|7\n|\n|t:|1683163090\n|move|p1b: Arcanine|Extreme Speed|p2b: Chien-Pao\n|-damage|p2b: Chien-Pao|0 fnt\n|faint|p2b: Chien-Pao\n|move|p2a: Corviknight|Brave Bird|p1a: Iron Hands\n|-damage|p1a: Iron Hands|62\/100\n|-damage|p2a: Corviknight|47\/100 brn|[from] Recoil\n|move|p1a: Iron Hands|Thunder Punch|p2a: Corviknight\n|-supereffective|p2a: Corviknight\n|-damage|p2a: Corviknight|4\/100 brn\n|\n|-damage|p2a: Corviknight|0 fnt|[from] brn\n|faint|p2a: Corviknight\n|upkeep\n|-message|SlyAbby forfeited.\n|\n|win|Blackth0rn\n|raw|Blackth0rn's rating: 1468 → 1494<\/strong> (+26 for winning)\n|raw|SlyAbby's rating: 1568 → 1542<\/strong> (-26 for losing)\n|l|\u2606SlyAbby\n","uploadtime":1683163104,"views":10,"p1id":"blackth0rn","p2id":"slyabby","formatid":"gen9vgc2023regulationc","rating":1494,"private":0,"password":""}