{"id":"gen9vgc2023regulationc-1847013044","p1":"lucaspac","p2":"PBR ESC4N0R","format":"[Gen 9] VGC 2023 Regulation C","log":"|j|\u2606lucaspac\n|j|\u2606PBR ESC4N0R\n|t:|1681911667\n|gametype|doubles\n|player|p1|lucaspac|unknown|1127\n|player|p2|PBR ESC4N0R|firebreather|1202\n|teamsize|p1|6\n|teamsize|p2|6\n|gen|9\n|tier|[Gen 9] VGC 2023 Regulation C\n|rated|\n|rule|Species Clause: Limit one of each Pok\u00e9mon\n|rule|Item Clause: Limit one of each item\n|clearpoke\n|poke|p1|Indeedee-F, L50, F|\n|poke|p1|Armarouge, L50, M|\n|poke|p1|Torkoal, L50, M|\n|poke|p1|Hatterene, L50, F|\n|poke|p1|Kingambit, L50, M|\n|poke|p1|Annihilape, L50, M|\n|poke|p2|Arcanine, L50, M|\n|poke|p2|Flutter Mane, L50|\n|poke|p2|Amoonguss, L50, M|\n|poke|p2|Palafin, L50, M|\n|poke|p2|Baxcalibur, L50, F|\n|poke|p2|Ting-Lu, L50|\n|teampreview|4\n|\n|t:|1681911708\n|start\n|switch|p1a: Indeedee|Indeedee-F, L50, F|100\/100\n|switch|p1b: Armarouge|Armarouge, L50, M|100\/100\n|switch|p2a: Ting-Lu|Ting-Lu, L50|100\/100\n|switch|p2b: Palafin|Palafin, L50, M, shiny|100\/100\n|-fieldstart|move: Psychic Terrain|[from] ability: Psychic Surge|[of] p1a: Indeedee\n|-enditem|p1a: Indeedee|Psychic Seed\n|-boost|p1a: Indeedee|spd|1|[from] item: Psychic Seed\n|-ability|p2a: Ting-Lu|Vessel of Ruin\n|turn|1\n|inactive|Battle timer is ON: inactive players will automatically lose when time's up. (requested by lucaspac)\n|\n|t:|1681911730\n|move|p2b: Palafin|Protect|p2b: Palafin\n|-singleturn|p2b: Palafin|Protect\n|move|p1b: Armarouge|Wide Guard|p1b: Armarouge\n|-singleturn|p1b: Armarouge|Wide Guard\n|move|p2a: Ting-Lu|Earthquake|p1a: Indeedee|[spread] \n|-activate|p1a: Indeedee|move: Wide Guard\n|-activate|p1b: Armarouge|move: Wide Guard\n|-activate|p2b: Palafin|move: Protect\n|move|p1a: Indeedee|Trick Room|p1a: Indeedee\n|-fieldstart|move: Trick Room|[of] p1a: Indeedee\n|\n|upkeep\n|turn|2\n|inactive|lucaspac has 30 seconds left.\n|inactive|PBR ESC4N0R has 30 seconds left.\n|inactive|lucaspac has 20 seconds left.\n|inactive|PBR ESC4N0R has 20 seconds left.\n|inactive|lucaspac has 15 seconds left.\n|\n|t:|1681911774\n|detailschange|p2b: Palafin|Palafin-Hero, L50, M, shiny\n|switch|p2b: Arcanine|Arcanine, L50, M, shiny|100\/100\n|-ability|p2b: Arcanine|Intimidate|boost\n|-unboost|p1a: Indeedee|atk|1\n|-unboost|p1b: Armarouge|atk|1\n|move|p2a: Ting-Lu|Heavy Slam|p1b: Armarouge\n|-resisted|p1b: Armarouge\n|-crit|p1b: Armarouge\n|-damage|p1b: Armarouge|73\/100\n|move|p1b: Armarouge|Expanding Force|p2b: Arcanine|[spread] p2b\n|-immune|p2a: Ting-Lu\n|-damage|p2b: Arcanine|41\/100\n|move|p1a: Indeedee|Dazzling Gleam|p2a: Ting-Lu|[spread] p2a,p2b\n|-supereffective|p2a: Ting-Lu\n|-resisted|p2b: Arcanine\n|-damage|p2a: Ting-Lu|90\/100\n|-damage|p2b: Arcanine|36\/100\n|\n|upkeep\n|turn|3\n|inactive|lucaspac has 30 seconds left.\n|inactive|PBR ESC4N0R has 30 seconds left.\n|inactive|lucaspac has 20 seconds left.\n|inactive|PBR ESC4N0R has 20 seconds left.\n|inactive|PBR ESC4N0R has 15 seconds left.\n|\n|t:|1681911818\n|move|p1a: Indeedee|Helping Hand|p1b: Armarouge\n|-singleturn|p1b: Armarouge|Helping Hand|[of] p1a: Indeedee\n|move|p2a: Ting-Lu|Earthquake|p1a: Indeedee|[spread] p2b,p1a,p1b\n|-supereffective|p2b: Arcanine\n|-supereffective|p1b: Armarouge\n|-damage|p2b: Arcanine|0 fnt\n|-damage|p1a: Indeedee|65\/100\n|-damage|p1b: Armarouge|3\/100\n|faint|p2b: Arcanine\n|move|p1b: Armarouge|Expanding Force|p2a: Ting-Lu\n|-immune|p2a: Ting-Lu\n|\n|upkeep\n|\n|t:|1681911832\n|switch|p2b: Palafin|Palafin-Hero, L50, M, shiny|100\/100\n|-activate|p2b: Palafin|ability: Zero to Hero\n|turn|4\n|\n|t:|1681911843\n|move|p2b: Palafin|Protect|p2b: Palafin\n|-singleturn|p2b: Palafin|Protect\n|move|p1a: Indeedee|Follow Me|p1a: Indeedee\n|-singleturn|p1a: Indeedee|move: Follow Me\n|move|p2a: Ting-Lu|Heavy Slam|p1a: Indeedee\n|-damage|p1a: Indeedee|24\/100\n|move|p1b: Armarouge|Expanding Force|p2b: Palafin|[spread] \n|-activate|p2b: Palafin|move: Protect\n|-immune|p2a: Ting-Lu\n|\n|upkeep\n|turn|5\n|inactive|PBR ESC4N0R has 30 seconds left.\n|inactive|PBR ESC4N0R has 20 seconds left.\n|inactive|PBR ESC4N0R has 15 seconds left.\n|inactive|PBR ESC4N0R has 10 seconds left.\n|inactive|PBR ESC4N0R has 5 seconds left.\n|\n|t:|1681911893\n|move|p1a: Indeedee|Helping Hand|p1b: Armarouge\n|-singleturn|p1b: Armarouge|Helping Hand|[of] p1a: Indeedee\n|move|p2a: Ting-Lu|Heavy Slam|p1b: Armarouge\n|-resisted|p1b: Armarouge\n|-damage|p1b: Armarouge|0 fnt\n|faint|p1b: Armarouge\n|move|p2b: Palafin|Wave Crash|p1a: Indeedee\n|-damage|p1a: Indeedee|0 fnt\n|faint|p1a: Indeedee\n|-damage|p2b: Palafin|94\/100|[from] Recoil\n|\n|-fieldend|move: Trick Room\n|-fieldend|move: Psychic Terrain\n|upkeep\n|\n|t:|1681911901\n|switch|p1a: Torkoal|Torkoal, L50, M|100\/100\n|switch|p1b: Annihilape|Annihilape, L50, M|100\/100\n|-weather|SunnyDay|[from] ability: Drought|[of] p1a: Torkoal\n|turn|6\n|inactive|PBR ESC4N0R has 30 seconds left.\n|\n|t:|1681911927\n|-terastallize|p2b: Palafin|Water\n|move|p1b: Annihilape|Close Combat|p2a: Ting-Lu\n|-supereffective|p2a: Ting-Lu\n|-damage|p2a: Ting-Lu|36\/100\n|-unboost|p1b: Annihilape|def|1\n|-unboost|p1b: Annihilape|spd|1\n|move|p2b: Palafin|Wave Crash|p1a: Torkoal\n|-supereffective|p1a: Torkoal\n|-damage|p1a: Torkoal|12\/100\n|-damage|p2b: Palafin|69\/100|[from] Recoil\n|move|p2a: Ting-Lu|Zen Headbutt|p1b: Annihilape\n|-supereffective|p1b: Annihilape\n|-damage|p1b: Annihilape|17\/100\n|move|p1a: Torkoal|Flamethrower|p2a: Ting-Lu\n|-damage|p2a: Ting-Lu|9\/100\n|\n|-weather|SunnyDay|[upkeep]\n|upkeep\n|turn|7\n|-message|lucaspac forfeited.\n|\n|win|PBR ESC4N0R\n|raw|lucaspac's rating: 1127 → 1107<\/strong> (-20 for losing)\n|raw|PBR ESC4N0R's rating: 1202 → 1222<\/strong> (+20 for winning)\n|l|\u2606lucaspac\n","uploadtime":1681911946,"views":6,"p1id":"lucaspac","p2id":"pbresc4n0r","formatid":"gen9vgc2023regulationc","rating":1107,"private":0,"password":""}