{"id":"gen9vgc2023regulationc-1862129960","p1":"Vibsicles","p2":"leoroop","format":"[Gen 9] VGC 2023 Regulation C","log":"|j|\u2606Vibsicles\n|j|\u2606leoroop\n|t:|1683840131\n|gametype|doubles\n|player|p1|Vibsicles|265|1399\n|player|p2|leoroop|backpacker|1425\n|teamsize|p1|6\n|teamsize|p2|6\n|gen|9\n|tier|[Gen 9] VGC 2023 Regulation C\n|rated|\n|rule|Species Clause: Limit one of each Pok\u00e9mon\n|rule|Item Clause: Limit one of each item\n|clearpoke\n|poke|p1|Chi-Yu, L50|\n|poke|p1|Dachsbun, L50, F|\n|poke|p1|Chien-Pao, L50|\n|poke|p1|Dragonite, L50, M|\n|poke|p1|Flutter Mane, L50|\n|poke|p1|Azumarill, L50, M|\n|poke|p2|Gyarados, L50, M|\n|poke|p2|Amoonguss, L50, F|\n|poke|p2|Kingambit, L50, F|\n|poke|p2|Flutter Mane, L50|\n|poke|p2|Chi-Yu, L50|\n|poke|p2|Baxcalibur, L50, M|\n|teampreview|4\nleoroop has agreed to open team sheets.\n|\n|t:|1683840182\n|start\n|switch|p1a: Chi-Yu|Chi-Yu, L50|100\/100\n|switch|p1b: Dachsbun|Dachsbun, L50, F|100\/100\n|switch|p2a: Gyarados|Gyarados, L50, M|100\/100\n|switch|p2b: Kingambit|Kingambit, L50, F|100\/100\n|-ability|p1a: Chi-Yu|Beads of Ruin\n|-ability|p2a: Gyarados|Intimidate|boost\n|-unboost|p1a: Chi-Yu|atk|1\n|-unboost|p1b: Dachsbun|atk|1\n|turn|1\n|inactive|Battle timer is ON: inactive players will automatically lose when time's up. (requested by Vibsicles)\n|\n|t:|1683840201\n|switch|p2b: Amoonguss|Amoonguss, L50, F|100\/100\n|move|p1a: Chi-Yu|Lava Plume|p2a: Gyarados|[spread] p2a,p2b\n|-ability|p1b: Dachsbun|Well-Baked Body|boost\n|-boost|p1b: Dachsbun|def|2\n|-resisted|p2a: Gyarados\n|-supereffective|p2b: Amoonguss\n|-damage|p2a: Gyarados|83\/100\n|-damage|p2b: Amoonguss|31\/100\n|-enditem|p2b: Amoonguss|Sitrus Berry|[eat]\n|-heal|p2b: Amoonguss|56\/100|[from] item: Sitrus Berry\n|move|p2a: Gyarados|Thunder Wave|p1b: Dachsbun\n|-status|p1b: Dachsbun|par\n|move|p1b: Dachsbun|Body Press|p2b: Amoonguss\n|-resisted|p2b: Amoonguss\n|-damage|p2b: Amoonguss|40\/100\n|\n|upkeep\n|turn|2\n|\n|t:|1683840219\n|switch|p2b: Baxcalibur|Baxcalibur, L50, M|100\/100\n|move|p1b: Dachsbun|Protect|p1b: Dachsbun\n|-singleturn|p1b: Dachsbun|Protect\n|move|p1a: Chi-Yu|Lava Plume|p2b: Baxcalibur|[spread] p2a,p2b\n|-activate|p1b: Dachsbun|move: Protect\n|-resisted|p2a: Gyarados\n|-damage|p2a: Gyarados|66\/100\n|-damage|p2b: Baxcalibur|60\/100\n|-ability|p2b: Baxcalibur|Thermal Exchange|boost\n|-boost|p2b: Baxcalibur|atk|1\n|move|p2a: Gyarados|Waterfall|p1a: Chi-Yu\n|-supereffective|p1a: Chi-Yu\n|-damage|p1a: Chi-Yu|0 fnt\n|faint|p1a: Chi-Yu\n|\n|upkeep\n|\n|t:|1683840237\n|switch|p1a: Flutter Mane|Flutter Mane, L50|100\/100\n|-enditem|p1a: Flutter Mane|Booster Energy\n|-activate|p1a: Flutter Mane|ability: Protosynthesis|[fromitem]\n|-start|p1a: Flutter Mane|protosynthesisspe\n|turn|3\n|inactive|leoroop has 30 seconds left.\n|\n|t:|1683840266\n|-terastallize|p2b: Baxcalibur|Poison\n|move|p1a: Flutter Mane|Dazzling Gleam|p2a: Gyarados|[spread] p2a,p2b\n|-resisted|p2b: Baxcalibur\n|-damage|p2a: Gyarados|41\/100\n|-damage|p2b: Baxcalibur|45\/100\n|move|p2a: Gyarados|Taunt|p1b: Dachsbun\n|-start|p1b: Dachsbun|move: Taunt\n|move|p2b: Baxcalibur|Icicle Crash|p1a: Flutter Mane\n|-damage|p1a: Flutter Mane|0 fnt\n|faint|p1a: Flutter Mane\n|-end|p1a: Flutter Mane|Protosynthesis|[silent]\n|cant|p1b: Dachsbun|move: Taunt|Yawn\n|\n|upkeep\n|\n|t:|1683840281\n|switch|p1a: Chien-Pao|Chien-Pao, L50|100\/100\n|-ability|p1a: Chien-Pao|Sword of Ruin\n|turn|4\n|\n|t:|1683840297\n|-terastallize|p1a: Chien-Pao|Dark\n|move|p2b: Baxcalibur|Protect|p2b: Baxcalibur\n|-singleturn|p2b: Baxcalibur|Protect\n|move|p1a: Chien-Pao|Throat Chop|p2b: Baxcalibur\n|-activate|p2b: Baxcalibur|move: Protect\n|move|p2a: Gyarados|Thunder Wave|p1a: Chien-Pao\n|-status|p1a: Chien-Pao|par\n|move|p1b: Dachsbun|Play Rough|p2a: Gyarados\n|-damage|p2a: Gyarados|15\/100\n|\n|upkeep\n|turn|5\n|inactive|leoroop has 30 seconds left.\n|\n|t:|1683840328\n|move|p1a: Chien-Pao|Protect|p1a: Chien-Pao\n|-singleturn|p1a: Chien-Pao|Protect\n|move|p2b: Baxcalibur|Ice Shard|p1a: Chien-Pao\n|-activate|p1a: Chien-Pao|move: Protect\n|move|p2a: Gyarados|Waterfall|p1a: Chien-Pao\n|-activate|p1a: Chien-Pao|move: Protect\n|move|p1b: Dachsbun|Body Press|p2a: Gyarados\n|-resisted|p2a: Gyarados\n|-damage|p2a: Gyarados|0 fnt\n|faint|p2a: Gyarados\n|\n|-end|p1b: Dachsbun|move: Taunt\n|upkeep\n|\n|t:|1683840332\n|switch|p2a: Amoonguss|Amoonguss, L50, F|73\/100\n|turn|6\n|\n|t:|1683840356\n|move|p2b: Baxcalibur|Icicle Crash|p1a: Chien-Pao\n|-enditem|p1a: Chien-Pao|Focus Sash\n|-damage|p1a: Chien-Pao|1\/100 par\n|cant|p1a: Chien-Pao|par\n|move|p1b: Dachsbun|Yawn|p2b: Baxcalibur\n|-start|p2b: Baxcalibur|move: Yawn|[of] p1b: Dachsbun\n|move|p2a: Amoonguss|Pollen Puff|p2b: Baxcalibur\n|-heal|p2b: Baxcalibur|95\/100\n|\n|upkeep\n|turn|7\n|inactive|leoroop has 30 seconds left.\n|inactive|leoroop has 20 seconds left.\n|\n|t:|1683840392\n|switch|p2b: Kingambit|Kingambit, L50, F|100\/100\n|move|p1a: Chien-Pao|Protect|p1a: Chien-Pao\n|-singleturn|p1a: Chien-Pao|Protect\n|move|p1b: Dachsbun|Body Press|p2a: Amoonguss\n|-resisted|p2a: Amoonguss\n|-damage|p2a: Amoonguss|50\/100\n|move|p2a: Amoonguss|Clear Smog|p1b: Dachsbun\n|-supereffective|p1b: Dachsbun\n|-damage|p1b: Dachsbun|75\/100 par\n|-clearboost|p1b: Dachsbun\n|\n|-heal|p1b: Dachsbun|81\/100 par|[from] item: Leftovers\n|upkeep\n|turn|8\n|inactive|leoroop has 30 seconds left.\n|\n|t:|1683840423\n|move|p2a: Amoonguss|Rage Powder|p2a: Amoonguss\n|-singleturn|p2a: Amoonguss|move: Rage Powder\n|move|p1a: Chien-Pao|Ice Spinner|p2a: Amoonguss\n|-supereffective|p2a: Amoonguss\n|-damage|p2a: Amoonguss|0 fnt\n|faint|p2a: Amoonguss\n|move|p2b: Kingambit|Iron Head|p1a: Chien-Pao\n|-damage|p1a: Chien-Pao|0 fnt\n|faint|p1a: Chien-Pao\n|cant|p1b: Dachsbun|par\n|\n|-heal|p1b: Dachsbun|87\/100 par|[from] item: Leftovers\n|upkeep\n|j| ZonXJ\n|\n|t:|1683840433\n|switch|p2a: Baxcalibur|Baxcalibur, L50, M, tera:Poison|95\/100\n|turn|9\n|\n|t:|1683840441\n|move|p2a: Baxcalibur|Icicle Crash|p1b: Dachsbun|[miss]\n|-miss|p2a: Baxcalibur|p1b: Dachsbun\n|move|p2b: Kingambit|Iron Head|p1b: Dachsbun\n|-supereffective|p1b: Dachsbun\n|-damage|p1b: Dachsbun|0 fnt\n|faint|p1b: Dachsbun\n|\n|win|leoroop\n|raw|Vibsicles's rating: 1399 → 1380<\/strong> (-19 for losing)\n|raw|leoroop's rating: 1425 → 1444<\/strong> (+19 for winning)\n|l|\u2606Vibsicles\n|l|\u2606leoroop\n|l| ZonXJ\n|j|\u2606leoroop\n|player|p2|leoroop|backpacker\n","uploadtime":1683840486,"views":25,"p1id":"vibsicles","p2id":"leoroop","formatid":"gen9vgc2023regulationc","rating":1380,"private":0,"password":""}