{"id":"gen9vgc2023regulationc-1850029466","p1":"SupaJello","p2":"Kirovz","format":"[Gen 9] VGC 2023 Regulation C","log":"|j|\u2606SupaJello\n|j|\u2606Kirovz\n|t:|1682279634\n|gametype|doubles\n|player|p1|SupaJello|hilbert|1188\n|player|p2|Kirovz|lance|1200\n|teamsize|p1|6\n|teamsize|p2|6\n|gen|9\n|tier|[Gen 9] VGC 2023 Regulation C\n|rated|\n|rule|Species Clause: Limit one of each Pok\u00e9mon\n|rule|Item Clause: Limit one of each item\n|clearpoke\n|poke|p1|Armarouge, L50, M|\n|poke|p1|Garchomp, L50, M|\n|poke|p1|Tyranitar, L50, M|\n|poke|p1|Flutter Mane, L50|\n|poke|p1|Orthworm, L50, M|\n|poke|p1|Gholdengo, L50|\n|poke|p2|Dondozo, L50, F|\n|poke|p2|Tatsugiri-Stretchy, L50, F|\n|poke|p2|Chi-Yu, L50|\n|poke|p2|Flutter Mane, L50|\n|poke|p2|Dragonite, L50, M|\n|poke|p2|Glimmora, L50, F|\n|teampreview|4\n|inactive|Battle timer is ON: inactive players will automatically lose when time's up. (requested by SupaJello)\n|inactive|Kirovz has 60 seconds left.\n|\n|t:|1682279675\n|start\n|switch|p1a: Orthworm|Orthworm, L50, M|100\/100\n|switch|p1b: Tyranitar|Tyranitar, L50, M|100\/100\n|switch|p2a: Chi-Yu|Chi-Yu, L50|100\/100\n|switch|p2b: Tatsugiri|Tatsugiri-Stretchy, L50, F|100\/100\n|-ability|p2a: Chi-Yu|Beads of Ruin\n|-weather|Sandstorm|[from] ability: Sand Stream|[of] p1b: Tyranitar\n|turn|1\n|\n|t:|1682279695\n|switch|p1a: Armarouge|Armarouge, L50, M|100\/100\n|move|p2a: Chi-Yu|Protect|p2a: Chi-Yu\n|-singleturn|p2a: Chi-Yu|Protect\n|move|p2b: Tatsugiri|Muddy Water|p1a: Armarouge|[spread] p1a,p1b\n|-supereffective|p1a: Armarouge\n|-supereffective|p1b: Tyranitar\n|-damage|p1a: Armarouge|0 fnt\n|-damage|p1b: Tyranitar|19\/100\n|faint|p1a: Armarouge\n|move|p1b: Tyranitar|Rock Slide|p2a: Chi-Yu|[spread] p2b\n|-activate|p2a: Chi-Yu|move: Protect\n|-damage|p2b: Tatsugiri|51\/100\n|\n|-weather|Sandstorm|[upkeep]\n|-damage|p2a: Chi-Yu|95\/100|[from] Sandstorm\n|-damage|p2b: Tatsugiri|45\/100|[from] Sandstorm\n|-heal|p1b: Tyranitar|25\/100|[from] item: Leftovers\n|upkeep\n|\n|t:|1682279714\n|switch|p1a: Flutter Mane|Flutter Mane, L50|100\/100\n|-enditem|p1a: Flutter Mane|Booster Energy\n|-activate|p1a: Flutter Mane|ability: Protosynthesis|[fromitem]\n|-start|p1a: Flutter Mane|protosynthesisspe\n|turn|2\n|\n|t:|1682279724\n|switch|p2a: Dondozo|Dondozo, L50, F|100\/100\n|move|p1a: Flutter Mane|Dazzling Gleam|p2a: Dondozo|[spread] p2a,p2b\n|-supereffective|p2b: Tatsugiri\n|-damage|p2a: Dondozo|78\/100\n|-damage|p2b: Tatsugiri|0 fnt\n|faint|p2b: Tatsugiri\n|move|p1b: Tyranitar|Rock Slide|p2a: Dondozo\n|-damage|p2a: Dondozo|52\/100\n|\n|-weather|Sandstorm|[upkeep]\n|-damage|p1a: Flutter Mane|94\/100|[from] Sandstorm\n|-damage|p2a: Dondozo|46\/100|[from] Sandstorm\n|-enditem|p2a: Dondozo|Sitrus Berry|[eat]\n|-heal|p2a: Dondozo|71\/100|[from] item: Sitrus Berry\n|-heal|p1b: Tyranitar|31\/100|[from] item: Leftovers\n|upkeep\n|\n|t:|1682279731\n|switch|p2b: Flutter Mane|Flutter Mane, L50|100\/100\n|-enditem|p2b: Flutter Mane|Booster Energy\n|-activate|p2b: Flutter Mane|ability: Protosynthesis|[fromitem]\n|-start|p2b: Flutter Mane|protosynthesisspe\n|turn|3\n|\n|t:|1682279750\n|move|p2b: Flutter Mane|Protect|p2b: Flutter Mane\n|-singleturn|p2b: Flutter Mane|Protect\n|move|p1a: Flutter Mane|Shadow Ball|p2b: Flutter Mane\n|-activate|p2b: Flutter Mane|move: Protect\n|move|p1b: Tyranitar|Rock Slide|p2a: Dondozo|[spread] p2a\n|-activate|p2b: Flutter Mane|move: Protect\n|-damage|p2a: Dondozo|52\/100\n|move|p2a: Dondozo|Bulldoze|p1a: Flutter Mane|[spread] p1a,p1b\n|-activate|p2b: Flutter Mane|move: Protect\n|-supereffective|p1b: Tyranitar\n|-damage|p1a: Flutter Mane|73\/100\n|-damage|p1b: Tyranitar|14\/100\n|-unboost|p1a: Flutter Mane|spe|1\n|-unboost|p1b: Tyranitar|spe|1\n|\n|-weather|Sandstorm|[upkeep]\n|-damage|p2b: Flutter Mane|94\/100|[from] Sandstorm\n|-damage|p1a: Flutter Mane|67\/100|[from] Sandstorm\n|-damage|p2a: Dondozo|45\/100|[from] Sandstorm\n|-heal|p1b: Tyranitar|19\/100|[from] item: Leftovers\n|upkeep\n|turn|4\n|inactive|SupaJello has 30 seconds left.\n|inactive|Kirovz has 30 seconds left.\n|\n|t:|1682279783\n|-terastallize|p2b: Flutter Mane|Steel\n|move|p2b: Flutter Mane|Hex|p1a: Flutter Mane\n|-supereffective|p1a: Flutter Mane\n|-damage|p1a: Flutter Mane|0 fnt\n|faint|p1a: Flutter Mane\n|-end|p1a: Flutter Mane|Protosynthesis|[silent]\n|move|p2a: Dondozo|Wave Crash|p1b: Tyranitar\n|-supereffective|p1b: Tyranitar\n|-damage|p1b: Tyranitar|0 fnt\n|faint|p1b: Tyranitar\n|-damage|p2a: Dondozo|40\/100|[from] Recoil\n|\n|-weather|Sandstorm|[upkeep]\n|-damage|p2a: Dondozo|34\/100|[from] Sandstorm\n|upkeep\n|\n|t:|1682279796\n|switch|p1a: Orthworm|Orthworm, L50, M|100\/100\n|turn|5\n|\n|t:|1682279804\n|move|p2b: Flutter Mane|Protect|p2b: Flutter Mane\n|-singleturn|p2b: Flutter Mane|Protect\n|move|p1a: Orthworm|Iron Defense|p1a: Orthworm\n|-boost|p1a: Orthworm|def|2\n|move|p2a: Dondozo|Yawn|p1a: Orthworm\n|-start|p1a: Orthworm|move: Yawn|[of] p2a: Dondozo\n|\n|-weather|none\n|upkeep\n|turn|6\n|\n|t:|1682279813\n|-terastallize|p1a: Orthworm|Water\n|move|p2b: Flutter Mane|Substitute|p2b: Flutter Mane\n|-start|p2b: Flutter Mane|Substitute\n|-damage|p2b: Flutter Mane|69\/100\n|move|p1a: Orthworm|Body Press|p2b: Flutter Mane\n|-supereffective|p2b: Flutter Mane\n|-end|p2b: Flutter Mane|Substitute\n|move|p2a: Dondozo|Wave Crash|p1a: Orthworm\n|-resisted|p1a: Orthworm\n|-crit|p1a: Orthworm\n|-damage|p1a: Orthworm|79\/100\n|-damage|p2a: Dondozo|29\/100|[from] Recoil\n|\n|-end|p1a: Orthworm|move: Yawn|[silent]\n|-status|p1a: Orthworm|slp\n|upkeep\n|turn|7\n|\n|t:|1682279826\n|switch|p2a: Chi-Yu|Chi-Yu, L50|95\/100\n|-ability|p2a: Chi-Yu|Beads of Ruin\n|move|p2b: Flutter Mane|Hex|p1a: Orthworm\n|-damage|p1a: Orthworm|0 fnt\n|faint|p1a: Orthworm\n|\n|win|Kirovz\n|raw|SupaJello's rating: 1188 → 1164<\/strong> (-24 for losing)\n|raw|Kirovz's rating: 1200 → 1224<\/strong> (+24 for winning)\n|l|\u2606SupaJello\n","uploadtime":1682279833,"views":10,"p1id":"supajello","p2id":"kirovz","formatid":"gen9vgc2023regulationc","rating":1164,"private":0,"password":""}