{"id":"gen9vgc2023regulationc-1849696545","p1":"Fluttermane Eyes","p2":"suicune man","format":"[Gen 9] VGC 2023 Regulation C","log":"|j|\u2606Fluttermane Eyes\n|j|\u2606suicune man\n|t:|1682234298\n|gametype|doubles\n|player|p1|Fluttermane Eyes|boarder|1119\n|player|p2|suicune man|2|1107\n|teamsize|p1|6\n|teamsize|p2|6\n|gen|9\n|tier|[Gen 9] VGC 2023 Regulation C\n|rated|\n|rule|Species Clause: Limit one of each Pok\u00e9mon\n|rule|Item Clause: Limit one of each item\n|clearpoke\n|poke|p1|Sandy Shocks, L50|\n|poke|p1|Murkrow, L50, M|\n|poke|p1|Flutter Mane, L50|\n|poke|p1|Chi-Yu, L50|\n|poke|p1|Glimmora, L50, F|\n|poke|p1|Wo-Chien, L50|\n|poke|p2|Espathra, L50, F|\n|poke|p2|Flutter Mane, L50|\n|poke|p2|Gastrodon-East, L50, F|\n|poke|p2|Glimmora, L50, M|\n|poke|p2|Amoonguss, L50, M|\n|poke|p2|Chi-Yu, L50|\n|teampreview|4\n|j| QtPolpetta\n|\n|t:|1682234415\n|start\n|switch|p1a: Flutter Mane|Flutter Mane, L50|100\/100\n|switch|p1b: Chi-Yu|Chi-Yu, L50|100\/100\n|switch|p2a: Gastrodon|Gastrodon-East, L50, F|100\/100\n|switch|p2b: Glimmora|Glimmora, L50, M|100\/100\n|-ability|p1b: Chi-Yu|Beads of Ruin\n|turn|1\n|inactive|Battle timer is ON: inactive players will automatically lose when time's up. (requested by suicune man)\n|inactive|Fluttermane Eyes has 60 seconds left.\n|inactive|suicune man has 60 seconds left.\n|inactive|suicune man has 30 seconds left.\n|inactive|suicune man has 20 seconds left.\n|\n|t:|1682234492\n|-terastallize|p1b: Chi-Yu|Water\n|move|p1a: Flutter Mane|Dazzling Gleam|p2b: Glimmora|[spread] p2a,p2b\n|-resisted|p2b: Glimmora\n|-damage|p2a: Gastrodon|43\/100\n|-damage|p2b: Glimmora|82\/100\n|-enditem|p2a: Gastrodon|Sitrus Berry|[eat]\n|-heal|p2a: Gastrodon|68\/100|[from] item: Sitrus Berry\n|move|p1b: Chi-Yu|Snarl|p2b: Glimmora|[spread] p2a,p2b\n|-damage|p2a: Gastrodon|33\/100\n|-damage|p2b: Glimmora|58\/100\n|-unboost|p2a: Gastrodon|spa|1\n|-unboost|p2b: Glimmora|spa|1\n|move|p2b: Glimmora|Earth Power|p1b: Chi-Yu\n|-damage|p1b: Chi-Yu|75\/100\n|move|p2a: Gastrodon|Earth Power|p1b: Chi-Yu\n|-damage|p1b: Chi-Yu|46\/100\n|\n|upkeep\n|turn|2\n|inactive|Fluttermane Eyes has 30 seconds left.\n|inactive|Fluttermane Eyes has 20 seconds left.\n|\n|t:|1682234530\n|move|p2a: Gastrodon|Protect|p2a: Gastrodon\n|-singleturn|p2a: Gastrodon|Protect\n|move|p1a: Flutter Mane|Dazzling Gleam|p2a: Gastrodon|[spread] p2b\n|-activate|p2a: Gastrodon|move: Protect\n|-resisted|p2b: Glimmora\n|-damage|p2b: Glimmora|39\/100\n|move|p1b: Chi-Yu|Snarl|p2b: Glimmora|[spread] p2b\n|-activate|p2a: Gastrodon|move: Protect\n|-crit|p2b: Glimmora\n|-damage|p2b: Glimmora|3\/100\n|-unboost|p2b: Glimmora|spa|1\n|move|p2b: Glimmora|Sludge Bomb|p1b: Chi-Yu\n|-damage|p1b: Chi-Yu|13\/100\n|\n|upkeep\n|turn|3\n|inactive|suicune man has 30 seconds left.\n|inactive|suicune man has 20 seconds left.\n|inactive|suicune man has 15 seconds left.\n|inactive|suicune man has 10 seconds left.\n|\n|t:|1682234576\n|switch|p1b: Sandy Shocks|Sandy Shocks, L50|100\/100\n|-enditem|p1b: Sandy Shocks|Booster Energy\n|-activate|p1b: Sandy Shocks|ability: Protosynthesis|[fromitem]\n|-start|p1b: Sandy Shocks|protosynthesisspa\n|move|p1a: Flutter Mane|Dazzling Gleam|p2a: Gastrodon|[spread] p2a,p2b\n|-resisted|p2b: Glimmora\n|-damage|p2a: Gastrodon|0 fnt\n|-damage|p2b: Glimmora|0 fnt\n|faint|p2a: Gastrodon\n|faint|p2b: Glimmora\n|\n|upkeep\n|\n|t:|1682234578\n|switch|p2b: Amoonguss|Amoonguss, L50, M, shiny|100\/100\n|switch|p2a: Flutter Mane|Flutter Mane, L50|100\/100\n|turn|4\n|\n|t:|1682234599\n|-terastallize|p2a: Flutter Mane|Steel\n|move|p1a: Flutter Mane|Dazzling Gleam|p2b: Amoonguss|[spread] p2a,p2b\n|-resisted|p2a: Flutter Mane\n|-resisted|p2b: Amoonguss\n|-damage|p2a: Flutter Mane|84\/100\n|-damage|p2b: Amoonguss|83\/100\n|move|p2a: Flutter Mane|Shadow Ball|p1a: Flutter Mane\n|-supereffective|p1a: Flutter Mane\n|-damage|p1a: Flutter Mane|37\/100\n|move|p1b: Sandy Shocks|Earth Power|p2a: Flutter Mane\n|-supereffective|p2a: Flutter Mane\n|-damage|p2a: Flutter Mane|0 fnt\n|faint|p2a: Flutter Mane\n|-end|p2a: Flutter Mane|Protosynthesis|[silent]\n|move|p2b: Amoonguss|Pollen Puff|p2: Flutter Mane|[notarget]\n|-fail|p2b: Amoonguss\n|\n|upkeep\n|turn|5\n|l| QtPolpetta\n|-message|suicune man forfeited.\n|\n|win|Fluttermane Eyes\n|raw|Fluttermane Eyes's rating: 1119 → 1143<\/strong> (+24 for winning)\n|raw|suicune man's rating: 1107 → 1083<\/strong> (-24 for losing)\n|l|\u2606suicune man\n","uploadtime":1682234676,"views":11,"p1id":"fluttermaneeyes","p2id":"suicuneman","formatid":"gen9vgc2023regulationc","rating":1083,"private":0,"password":""}