{"id":"gen9vgc2023regulationc-1858390279","p1":"volcaronya","p2":"tpanch","format":"[Gen 9] VGC 2023 Regulation C","log":"|j|\u2606volcaronya\n|j|\u2606tpanch\n|t:|1683307888\n|gametype|doubles\n|player|p1|volcaronya|lusamine-masters|\n|player|p2|tpanch|265|\n|teamsize|p1|6\n|teamsize|p2|6\n|gen|9\n|tier|[Gen 9] VGC 2023 Regulation C\n|rated|Tournament battle\n|rule|Species Clause: Limit one of each Pok\u00e9mon\n|rule|Item Clause: Limit one of each item\n|clearpoke\n|poke|p1|Gholdengo, L50|\n|poke|p1|Wo-Chien, L50|\n|poke|p1|Ting-Lu, L50|\n|poke|p1|Palafin, L50, M|\n|poke|p1|Flutter Mane, L50|\n|poke|p1|Arcanine, L50, M|\n|poke|p2|Iron Bundle, L50|\n|poke|p2|Great Tusk, L50|\n|poke|p2|Flutter Mane, L50|\n|poke|p2|Chien-Pao, L50|\n|poke|p2|Maushold, L50|\n|poke|p2|Dragonite, L50, M|\n|teampreview|4\n|raw| Open Team Sheet for volcaronya<\/summary>Gholdengo @ Sitrus Berry Ability: Good as Gold Level: 50 Tera Type: Water - Make It Rain - Shadow Ball - Protect - Nasty Plot Wo-Chien @ Leftovers Ability: Tablets of Ruin Level: 50 Tera Type: Poison - Foul Play - Pollen Puff - Leech Seed - Protect Ting-Lu @ Assault Vest Ability: Vessel of Ruin Level: 50 Tera Type: Poison - Stomping Tantrum - Ruination - Sand Tomb - Heavy Slam Palafin @ Mystic Water Ability: Zero to Hero Level: 50 Tera Type: Water - Wave Crash - Jet Punch - Protect - Haze Flutter Mane @ Choice Specs Ability: Protosynthesis Level: 50 Tera Type: Fairy - Moonblast - Shadow Ball - Dazzling Gleam - Thunderbolt Arcanine @ Safety Goggles Ability: Intimidate Level: 50 Tera Type: Grass - Will-O-Wisp - Flare Blitz - Extreme Speed - Howl <\/details><\/div> Open Team Sheet for tpanch<\/summary>Iron Bundle @ Booster Energy Ability: Quark Drive Level: 50 Tera Type: Ghost - Icy Wind - Hydro Pump - Freeze-Dry - Taunt Great Tusk @ Choice Scarf Ability: Protosynthesis Level: 50 Hidden Power: Fighting Tera Type: Ground - Headlong Rush - Close Combat - Earthquake - Rock Slide Flutter Mane @ Choice Specs Ability: Protosynthesis Level: 50 Tera Type: Water - Moonblast - Dazzling Gleam - Shadow Ball - Tera Blast Chien-Pao @ Focus Sash Ability: Sword of Ruin Level: 50 Tera Type: Ghost - Sucker Punch - Icicle Crash - Brick Break - Haze Maushold @ Wide Lens Ability: Technician Level: 50 Tera Type: Ghost - Population Bomb - Feint - Follow Me - Tera Blast Dragonite @ Choice Band Ability: Inner Focus Level: 50 Tera Type: Normal - Extreme Speed - Dragon Claw - Iron Head - Facade <\/details><\/div>\n|inactive|Battle timer is ON: inactive players will automatically lose when time's up. (requested by tpanch)\n|\n|t:|1683307955\n|start\n|switch|p1a: Flutter Mane|Flutter Mane, L50|100\/100\n|switch|p1b: Palafin|Palafin, L50, M|100\/100\n|switch|p2a: Iron Bundle|Iron Bundle, L50|100\/100\n|switch|p2b: Great Tusk|Great Tusk, L50|100\/100\n|-enditem|p2a: Iron Bundle|Booster Energy\n|-activate|p2a: Iron Bundle|ability: Quark Drive|[fromitem]\n|-start|p2a: Iron Bundle|quarkdrivespe\n|turn|1\n|inactive|volcaronya has 30 seconds left.\n|\n|t:|1683307980\n|detailschange|p1b: Palafin|Palafin-Hero, L50, M\n|switch|p1b: Wo-Chien|Wo-Chien, L50|100\/100\n|-ability|p1b: Wo-Chien|Tablets of Ruin\n|-terastallize|p2b: Great Tusk|Ground\n|move|p2a: Iron Bundle|Freeze-Dry|p1a: Flutter Mane\n|-damage|p1a: Flutter Mane|68\/100\n|move|p2b: Great Tusk|Headlong Rush|p1a: Flutter Mane\n|-damage|p1a: Flutter Mane|0 fnt\n|-unboost|p2b: Great Tusk|def|1\n|-unboost|p2b: Great Tusk|spd|1\n|faint|p1a: Flutter Mane\n|-end|p1a: Flutter Mane|Protosynthesis|[silent]\n|\n|upkeep\n|\n|t:|1683307992\n|switch|p1a: Ting-Lu|Ting-Lu, L50|100\/100\n|-ability|p1a: Ting-Lu|Vessel of Ruin\n|turn|2\n|\n|t:|1683308009\n|move|p2a: Iron Bundle|Hydro Pump|p1a: Ting-Lu\n|-supereffective|p1a: Ting-Lu\n|-damage|p1a: Ting-Lu|63\/100\n|move|p2b: Great Tusk|Headlong Rush|p1a: Ting-Lu\n|-damage|p1a: Ting-Lu|15\/100\n|-unboost|p2b: Great Tusk|def|1\n|-unboost|p2b: Great Tusk|spd|1\n|move|p1b: Wo-Chien|Leech Seed|p2a: Iron Bundle\n|-start|p2a: Iron Bundle|move: Leech Seed\n|move|p1a: Ting-Lu|Stomping Tantrum|p2a: Iron Bundle\n|-damage|p2a: Iron Bundle|66\/100\n|\n|-damage|p2a: Iron Bundle|54\/100|[from] Leech Seed|[of] p1b: Wo-Chien\n|upkeep\n|turn|3\n|\n|t:|1683308027\n|-end|p2a: Iron Bundle|Quark Drive|[silent]\n|switch|p2a: Dragonite|Dragonite, L50, M|100\/100\n|move|p2b: Great Tusk|Headlong Rush|p1a: Ting-Lu\n|-damage|p1a: Ting-Lu|0 fnt\n|-unboost|p2b: Great Tusk|def|1\n|-unboost|p2b: Great Tusk|spd|1\n|faint|p1a: Ting-Lu\n|move|p1b: Wo-Chien|Foul Play|p2a: Dragonite\n|-damage|p2a: Dragonite|46\/100\n|\n|upkeep\n|\n|t:|1683308032\n|switch|p1a: Palafin|Palafin-Hero, L50, M|100\/100\n|-activate|p1a: Palafin|ability: Zero to Hero\n|turn|4\n|j| Maria ward\n|\n|t:|1683308051\n|move|p2a: Dragonite|Extreme Speed|p1b: Wo-Chien\n|-damage|p1b: Wo-Chien|72\/100\n|move|p1a: Palafin|Jet Punch|p2b: Great Tusk\n|-supereffective|p2b: Great Tusk\n|-damage|p2b: Great Tusk|0 fnt\n|faint|p2b: Great Tusk\n|-end|p2b: Great Tusk|Protosynthesis|[silent]\n|move|p1b: Wo-Chien|Foul Play|p2a: Dragonite\n|-damage|p2a: Dragonite|0 fnt\n|faint|p2a: Dragonite\n|\n|-heal|p1b: Wo-Chien|77\/100|[from] item: Leftovers\n|upkeep\n|\n|t:|1683308055\n|switch|p2b: Iron Bundle|Iron Bundle, L50|54\/100\n|switch|p2a: Chien-Pao|Chien-Pao, L50|100\/100\n|-ability|p2a: Chien-Pao|Sword of Ruin\n|turn|5\n|inactive|volcaronya has 30 seconds left.\n|inactive|volcaronya has 20 seconds left.\n|inactive|volcaronya has 15 seconds left.\n|\n|t:|1683308095\n|-terastallize|p1b: Wo-Chien|Poison\n|move|p2b: Iron Bundle|Freeze-Dry|p1b: Wo-Chien\n|-damage|p1b: Wo-Chien|58\/100\n|move|p2a: Chien-Pao|Icicle Crash|p1b: Wo-Chien\n|-damage|p1b: Wo-Chien|24\/100\n|move|p1a: Palafin|Wave Crash|p2b: Iron Bundle\n|-resisted|p2b: Iron Bundle\n|-damage|p2b: Iron Bundle|0 fnt\n|faint|p2b: Iron Bundle\n|-end|p2b: Iron Bundle|Quark Drive|[silent]\n|-damage|p1a: Palafin|89\/100|[from] Recoil\n|cant|p1b: Wo-Chien|flinch\n|\n|-heal|p1b: Wo-Chien|30\/100|[from] item: Leftovers\n|upkeep\n|turn|6\n|\n|t:|1683308111\n|move|p2a: Chien-Pao|Sucker Punch|p1a: Palafin\n|-damage|p1a: Palafin|57\/100\n|move|p1a: Palafin|Wave Crash|p2a: Chien-Pao\n|-damage|p2a: Chien-Pao|4\/100\n|-damage|p1a: Palafin|33\/100|[from] Recoil\n|move|p1b: Wo-Chien|Foul Play|p2a: Chien-Pao\n|-resisted|p2a: Chien-Pao\n|-damage|p2a: Chien-Pao|0 fnt\n|faint|p2a: Chien-Pao\n|\n|win|volcaronya\n|n|\u2606volcaronya|volcaronya\n|n|\u2606tpanch|tpanch\n|n| Maria ward|mariaward\n","uploadtime":1683308115,"views":11,"p1id":"volcaronya","p2id":"tpanch","formatid":"gen9vgc2023regulationc","rating":0,"private":0,"password":""}