{"id":"gen9vgc2023regulationc-1857167101","p1":"SandyShocksCV","p2":"shiftyyy","format":"[Gen 9] VGC 2023 Regulation C","log":"|j|\u2606SandyShocksCV\n|j|\u2606shiftyyy\n|t:|1683153129\n|gametype|doubles\n|player|p1|SandyShocksCV|265|1377\n|player|p2|shiftyyy|clerkf|1412\n|teamsize|p1|6\n|teamsize|p2|6\n|gen|9\n|tier|[Gen 9] VGC 2023 Regulation C\n|rated|\n|rule|Species Clause: Limit one of each Pok\u00e9mon\n|rule|Item Clause: Limit one of each item\n|clearpoke\n|poke|p1|Dondozo, L50, F|\n|poke|p1|Tatsugiri, L50, M|\n|poke|p1|Glimmora, L50, M|\n|poke|p1|Iron Bundle, L50|\n|poke|p1|Chi-Yu, L50|\n|poke|p1|Dragonite, L50, F|\n|poke|p2|Garchomp, L50, F|\n|poke|p2|Flutter Mane, L50|\n|poke|p2|Gyarados, L50, M|\n|poke|p2|Iron Hands, L50|\n|poke|p2|Talonflame, L50, M|\n|poke|p2|Chi-Yu, L50|\n|teampreview|4\n|inactive|Battle timer is ON: inactive players will automatically lose when time's up. (requested by SandyShocksCV)\n|\n|t:|1683153182\n|start\n|switch|p1a: Glimmora|Glimmora, L50, M|100\/100\n|switch|p1b: Dragonite|Dragonite, L50, F|100\/100\n|switch|p2a: Chi-Yu|Chi-Yu, L50|100\/100\n|switch|p2b: Iron Hands|Iron Hands, L50|100\/100\n|-ability|p2a: Chi-Yu|Beads of Ruin\n|turn|1\n|\n|t:|1683153201\n|-terastallize|p2a: Chi-Yu|Water\n|move|p2b: Iron Hands|Fake Out|p1b: Dragonite\n|-damage|p1b: Dragonite|92\/100\n|cant|p1b: Dragonite|flinch\n|move|p2a: Chi-Yu|Nasty Plot|p2a: Chi-Yu\n|-boost|p2a: Chi-Yu|spa|2\n|move|p1a: Glimmora|Mortal Spin|p2a: Chi-Yu|[spread] p2a,p2b\n|-damage|p2a: Chi-Yu|94\/100\n|-damage|p2b: Iron Hands|98\/100\n|-status|p2a: Chi-Yu|psn\n|-status|p2b: Iron Hands|psn\n|\n|-heal|p2a: Chi-Yu|100\/100 psn|[from] item: Leftovers\n|-damage|p2a: Chi-Yu|88\/100 psn|[from] psn\n|-damage|p2b: Iron Hands|85\/100 psn|[from] psn\n|upkeep\n|turn|2\n|inactive|SandyShocksCV has 30 seconds left.\n|\n|t:|1683153235\n|move|p1b: Dragonite|Extreme Speed|p2a: Chi-Yu\n|-damage|p2a: Chi-Yu|32\/100 psn\n|move|p2a: Chi-Yu|Dark Pulse|p1b: Dragonite\n|-damage|p1b: Dragonite|0 fnt\n|faint|p1b: Dragonite\n|move|p1a: Glimmora|Earth Power|p2b: Iron Hands\n|-supereffective|p2b: Iron Hands\n|-damage|p2b: Iron Hands|35\/100 psn\n|move|p2b: Iron Hands|Drain Punch|p1a: Glimmora\n|-damage|p1a: Glimmora|56\/100\n|-heal|p2b: Iron Hands|52\/100 psn|[from] drain|[of] p1a: Glimmora\n|-activate|p1a: Glimmora|ability: Toxic Debris\n|-sidestart|p2: shiftyyy|move: Toxic Spikes\n|\n|-heal|p2a: Chi-Yu|38\/100 psn|[from] item: Leftovers\n|-damage|p2a: Chi-Yu|26\/100 psn|[from] psn\n|-damage|p2b: Iron Hands|40\/100 psn|[from] psn\n|upkeep\n|\n|t:|1683153251\n|switch|p1b: Tatsugiri|Tatsugiri, L50, M|100\/100\n|turn|3\n|\n|t:|1683153276\n|-end|p2b: Iron Hands|Quark Drive|[silent]\n|switch|p2b: Gyarados|Gyarados, L50, M|100\/100\n|-ability|p2b: Gyarados|Intimidate|boost\n|-unboost|p1a: Glimmora|atk|1\n|-unboost|p1b: Tatsugiri|atk|1\n|move|p2a: Chi-Yu|Protect|p2a: Chi-Yu\n|-singleturn|p2a: Chi-Yu|Protect\n|move|p1b: Tatsugiri|Draco Meteor|p2a: Chi-Yu\n|-activate|p2a: Chi-Yu|move: Protect\n|move|p1a: Glimmora|Earth Power|p2b: Gyarados\n|-immune|p2b: Gyarados\n|\n|-heal|p2a: Chi-Yu|32\/100 psn|[from] item: Leftovers\n|-damage|p2a: Chi-Yu|20\/100 psn|[from] psn\n|upkeep\n|turn|4\n|\n|t:|1683153294\n|switch|p2a: Flutter Mane|Flutter Mane, L50|100\/100\n|-status|p2a: Flutter Mane|psn\n|move|p1b: Tatsugiri|Draco Meteor|p2a: Flutter Mane\n|-immune|p2a: Flutter Mane\n|move|p1a: Glimmora|Power Gem|p2b: Gyarados\n|-supereffective|p2b: Gyarados\n|-damage|p2b: Gyarados|38\/100\n|-enditem|p2b: Gyarados|Sitrus Berry|[eat]\n|-heal|p2b: Gyarados|63\/100|[from] item: Sitrus Berry\n|move|p2b: Gyarados|Thunder Wave|p1b: Tatsugiri\n|-status|p1b: Tatsugiri|par\n|\n|-damage|p2a: Flutter Mane|88\/100 psn|[from] psn\n|upkeep\n|turn|5\n|inactive|SandyShocksCV has 30 seconds left.\n|inactive|shiftyyy has 30 seconds left.\n|inactive|SandyShocksCV has 20 seconds left.\n|\n|t:|1683153333\n|switch|p1b: Dondozo|Dondozo, L50, F|100\/100\n|move|p2a: Flutter Mane|Dazzling Gleam|p1b: Dondozo|[spread] p1a,p1b\n|-resisted|p1a: Glimmora\n|-damage|p1a: Glimmora|42\/100\n|-damage|p1b: Dondozo|63\/100\n|move|p1a: Glimmora|Power Gem|p2b: Gyarados\n|-supereffective|p2b: Gyarados\n|-damage|p2b: Gyarados|3\/100\n|move|p2b: Gyarados|Waterfall|p1a: Glimmora\n|-supereffective|p1a: Glimmora\n|-damage|p1a: Glimmora|0 fnt\n|-activate|p1a: Glimmora|ability: Toxic Debris\n|-sidestart|p2: shiftyyy|move: Toxic Spikes\n|faint|p1a: Glimmora\n|\n|-heal|p1b: Dondozo|69\/100|[from] item: Leftovers\n|-damage|p2a: Flutter Mane|75\/100 psn|[from] psn\n|upkeep\n|\n|t:|1683153344\n|switch|p1a: Tatsugiri|Tatsugiri, L50, M|100\/100 par\n|-activate|p1a: Tatsugiri|ability: Commander|[of] p1b: Dondozo\n|-boost|p1b: Dondozo|atk|2\n|-boost|p1b: Dondozo|spa|2\n|-boost|p1b: Dondozo|spe|2\n|-boost|p1b: Dondozo|def|2\n|-boost|p1b: Dondozo|spd|2\n|turn|6\n|\n|t:|1683153362\n|-terastallize|p1b: Dondozo|Grass\n|move|p2a: Flutter Mane|Dazzling Gleam|p1b: Dondozo|[spread] p1b\n|-miss|p2a: Flutter Mane|p1a: Tatsugiri\n|-damage|p1b: Dondozo|47\/100\n|move|p1b: Dondozo|Wave Crash|p2a: Flutter Mane\n|-damage|p2a: Flutter Mane|0 fnt\n|faint|p2a: Flutter Mane\n|-end|p2a: Flutter Mane|Protosynthesis|[silent]\n|-damage|p1b: Dondozo|31\/100|[from] Recoil\n|move|p2b: Gyarados|Thunder Wave|p1b: Dondozo\n|-status|p1b: Dondozo|par\n|\n|-heal|p1b: Dondozo|38\/100 par|[from] item: Leftovers\n|upkeep\n|\n|t:|1683153381\n|switch|p2a: Chi-Yu|Chi-Yu, L50, tera:Water|20\/100 psn\n|-ability|p2a: Chi-Yu|Beads of Ruin\n|turn|7\n|\n|t:|1683153395\n|switch|p2b: Iron Hands|Iron Hands, L50|40\/100 psn\n|move|p1b: Dondozo|Protect|p1b: Dondozo\n|-singleturn|p1b: Dondozo|Protect\n|move|p2a: Chi-Yu|Heat Wave|p1a: Tatsugiri|[spread] \n|-miss|p2a: Chi-Yu|p1a: Tatsugiri\n|-activate|p1b: Dondozo|move: Protect\n|\n|-heal|p2a: Chi-Yu|26\/100 psn|[from] item: Leftovers\n|-heal|p1b: Dondozo|44\/100 par|[from] item: Leftovers\n|-damage|p2a: Chi-Yu|13\/100 psn|[from] psn\n|-damage|p2b: Iron Hands|27\/100 psn|[from] psn\n|upkeep\n|turn|8\n|\n|t:|1683153411\n|move|p2a: Chi-Yu|Heat Wave|p1a: Tatsugiri|[spread] p1b\n|-miss|p2a: Chi-Yu|p1a: Tatsugiri\n|-supereffective|p1b: Dondozo\n|-damage|p1b: Dondozo|0 fnt\n|faint|p1b: Dondozo\n|move|p2b: Iron Hands|Drain Punch|p1a: Tatsugiri\n|-damage|p1a: Tatsugiri|13\/100 par\n|-heal|p2b: Iron Hands|53\/100 psn|[from] drain|[of] p1a: Tatsugiri\n|\n|-heal|p2a: Chi-Yu|20\/100 psn|[from] item: Leftovers\n|-damage|p2a: Chi-Yu|7\/100 psn|[from] psn\n|-damage|p2b: Iron Hands|41\/100 psn|[from] psn\n|upkeep\n|turn|9\n|-message|SandyShocksCV forfeited.\n|\n|win|shiftyyy\n|raw|SandyShocksCV's rating: 1377 → 1359<\/strong> (-18 for losing)\n|raw|shiftyyy's rating: 1412 → 1430<\/strong> (+18 for winning)\n|l|\u2606SandyShocksCV\n","uploadtime":1683153428,"views":9,"p1id":"sandyshockscv","p2id":"shiftyyy","formatid":"gen9vgc2023regulationc","rating":1359,"private":0,"password":""}