{"id":"gen9vgc2023regulationc-1847425385","p1":"krakatoa_dx","p2":"Kiryae","format":"[Gen 9] VGC 2023 Regulation C","log":"|j|\u2606krakatoa_dx\n|j|\u2606Kiryae\n|t:|1681953591\n|gametype|doubles\n|player|p1|krakatoa_dx|flint|1168\n|player|p2|Kiryae|170|1214\n|teamsize|p1|6\n|teamsize|p2|6\n|gen|9\n|tier|[Gen 9] VGC 2023 Regulation C\n|rated|\n|rule|Species Clause: Limit one of each Pok\u00e9mon\n|rule|Item Clause: Limit one of each item\n|clearpoke\n|poke|p1|Flutter Mane, L50|\n|poke|p1|Amoonguss, L50, M|\n|poke|p1|Palafin, L50, F|\n|poke|p1|Ting-Lu, L50|\n|poke|p1|Arcanine, L50, M|\n|poke|p1|Baxcalibur, L50, M|\n|poke|p2|Gholdengo, L50|\n|poke|p2|Arcanine, L50, F|\n|poke|p2|Palafin, L50, M|\n|poke|p2|Roaring Moon, L50|\n|poke|p2|Amoonguss, L50, F|\n|poke|p2|Ting-Lu, L50|\n|teampreview|4\n|inactive|Battle timer is ON: inactive players will automatically lose when time's up. (requested by Kiryae)\n|inactive|krakatoa_dx has 60 seconds left.\n|inactive|Kiryae has 60 seconds left.\n|\n|t:|1681953631\n|start\n|switch|p1a: Palafin|Palafin, L50, F|100\/100\n|switch|p1b: Amoonguss|Amoonguss, L50, M|100\/100\n|switch|p2a: Gholdengo|Gholdengo, L50|100\/100\n|switch|p2b: Palafin|Palafin, L50, M|100\/100\n|turn|1\n|j| SundaeLuvr378\n|inactive|krakatoa_dx has 30 seconds left.\n|\n|t:|1681953657\n|detailschange|p2b: Palafin|Palafin-Hero, L50, M\n|switch|p2b: Amoonguss|Amoonguss, L50, F|100\/100\n|move|p1a: Palafin|Protect|p1a: Palafin\n|-singleturn|p1a: Palafin|Protect\n|move|p2a: Gholdengo|Nasty Plot|p2a: Gholdengo\n|-boost|p2a: Gholdengo|spa|2\n|move|p1b: Amoonguss|Spore|p2b: Amoonguss\n|-immune|p2b: Amoonguss\n|\n|upkeep\n|turn|2\n|inactive|Kiryae has 30 seconds left.\n|inactive|Kiryae has 20 seconds left.\n|inactive|Kiryae has 15 seconds left.\n|inactive|Kiryae has 10 seconds left.\n|\n|t:|1681953705\n|move|p1b: Amoonguss|Rage Powder|p1b: Amoonguss\n|-singleturn|p1b: Amoonguss|move: Rage Powder\n|move|p1a: Palafin|Haze|p1a: Palafin\n|-clearallboost\n|move|p2a: Gholdengo|Thunderbolt|p1b: Amoonguss\n|-resisted|p1b: Amoonguss\n|-damage|p1b: Amoonguss|87\/100\n|move|p2b: Amoonguss|Pollen Puff|p1a: Palafin\n|-damage|p1a: Palafin|72\/100\n|\n|upkeep\n|turn|3\n|\n|t:|1681953729\n|detailschange|p1a: Palafin|Palafin-Hero, L50, F\n|switch|p1a: Arcanine|Arcanine, L50, M|100\/100\n|-ability|p1a: Arcanine|Intimidate|boost\n|-unboost|p2a: Gholdengo|atk|1\n|-unboost|p2b: Amoonguss|atk|1\n|move|p1b: Amoonguss|Protect|p1b: Amoonguss\n|-singleturn|p1b: Amoonguss|Protect\n|move|p2a: Gholdengo|Nasty Plot|p2a: Gholdengo\n|-boost|p2a: Gholdengo|spa|2\n|move|p2b: Amoonguss|Pollen Puff|p1a: Arcanine\n|-resisted|p1a: Arcanine\n|-damage|p1a: Arcanine|93\/100\n|\n|upkeep\n|turn|4\n|inactive|krakatoa_dx has 30 seconds left.\n|inactive|Kiryae has 30 seconds left.\n|inactive|Kiryae has 20 seconds left.\n|inactive|Kiryae has 15 seconds left.\n|\n|t:|1681953770\n|move|p1b: Amoonguss|Rage Powder|p1b: Amoonguss\n|-singleturn|p1b: Amoonguss|move: Rage Powder\n|move|p2a: Gholdengo|Make It Rain|p1a: Arcanine|[spread] p1a,p1b\n|-resisted|p1a: Arcanine\n|-damage|p1a: Arcanine|52\/100\n|-damage|p1b: Amoonguss|9\/100\n|-unboost|p2a: Gholdengo|spa|1\n|-enditem|p1b: Amoonguss|Sitrus Berry|[eat]\n|-heal|p1b: Amoonguss|34\/100|[from] item: Sitrus Berry\n|move|p1a: Arcanine|Flare Blitz|p2a: Gholdengo\n|-supereffective|p2a: Gholdengo\n|-damage|p2a: Gholdengo|17\/100\n|-damage|p1a: Arcanine|27\/100|[from] Recoil\n|move|p2b: Amoonguss|Pollen Puff|p2a: Gholdengo\n|-heal|p2a: Gholdengo|66\/100\n|\n|-heal|p2a: Gholdengo|72\/100|[from] item: Leftovers\n|upkeep\n|turn|5\n|inactive|krakatoa_dx has 30 seconds left.\n|inactive|krakatoa_dx has 20 seconds left.\n|inactive|Kiryae has 30 seconds left.\n|inactive|krakatoa_dx has 15 seconds left.\n|\n|t:|1681953815\n|move|p2a: Gholdengo|Protect|p2a: Gholdengo\n|-singleturn|p2a: Gholdengo|Protect\n|move|p1a: Arcanine|Protect|p1a: Arcanine\n|-singleturn|p1a: Arcanine|Protect\n|move|p1b: Amoonguss|Protect|p1b: Amoonguss\n|-singleturn|p1b: Amoonguss|Protect\n|move|p2b: Amoonguss|Pollen Puff|p1b: Amoonguss\n|-activate|p1b: Amoonguss|move: Protect\n|\n|-heal|p2a: Gholdengo|78\/100|[from] item: Leftovers\n|upkeep\n|turn|6\n|inactive|krakatoa_dx has 30 seconds left.\n|inactive|Kiryae has 30 seconds left.\n|\n|t:|1681953845\n|move|p2a: Gholdengo|Make It Rain|p1a: Arcanine|[spread] p1a,p1b\n|-resisted|p1a: Arcanine\n|-damage|p1a: Arcanine|0 fnt\n|-damage|p1b: Amoonguss|0 fnt\n|-unboost|p2a: Gholdengo|spa|1\n|faint|p1a: Arcanine\n|faint|p1b: Amoonguss\n|move|p2b: Amoonguss|Pollen Puff|p2a: Gholdengo\n|-heal|p2a: Gholdengo|100\/100\n|\n|upkeep\n|\n|t:|1681953856\n|switch|p1a: Baxcalibur|Baxcalibur, L50, M|100\/100\n|switch|p1b: Palafin|Palafin-Hero, L50, F|72\/100\n|-activate|p1b: Palafin|ability: Zero to Hero\n|turn|7\n|\n|t:|1681953881\n|-terastallize|p2b: Amoonguss|Water\n|move|p1a: Baxcalibur|Protect|p1a: Baxcalibur\n|-singleturn|p1a: Baxcalibur|Protect\n|move|p1b: Palafin|Wave Crash|p2a: Gholdengo\n|-damage|p2a: Gholdengo|6\/100\n|-damage|p1b: Palafin|40\/100|[from] Recoil\n|move|p2a: Gholdengo|Make It Rain|p1a: Baxcalibur|[spread] p1b\n|-activate|p1a: Baxcalibur|move: Protect\n|-resisted|p1b: Palafin\n|-damage|p1b: Palafin|12\/100\n|-unboost|p2a: Gholdengo|spa|1\n|move|p2b: Amoonguss|Spore|p1a: Baxcalibur\n|-activate|p1a: Baxcalibur|move: Protect\n|\n|-heal|p2a: Gholdengo|12\/100|[from] item: Leftovers\n|upkeep\n|turn|8\n|inactive|krakatoa_dx has 30 seconds left.\n|\n|t:|1681953915\n|move|p1b: Palafin|Protect|p1b: Palafin\n|-singleturn|p1b: Palafin|Protect\n|move|p1a: Baxcalibur|Ice Shard|p2a: Gholdengo\n|-resisted|p2a: Gholdengo\n|-damage|p2a: Gholdengo|2\/100\n|move|p2a: Gholdengo|Make It Rain|p1a: Baxcalibur|[spread] p1a\n|-activate|p1b: Palafin|move: Protect\n|-supereffective|p1a: Baxcalibur\n|-damage|p1a: Baxcalibur|28\/100\n|-unboost|p2a: Gholdengo|spa|1\n|move|p2b: Amoonguss|Spore|p1a: Baxcalibur\n|-status|p1a: Baxcalibur|slp|[from] move: Spore\n|\n|-heal|p2a: Gholdengo|8\/100|[from] item: Leftovers\n|upkeep\n|turn|9\n|\n|t:|1681953935\n|move|p2a: Gholdengo|Protect|p2a: Gholdengo\n|-singleturn|p2a: Gholdengo|Protect\n|move|p1b: Palafin|Jet Punch|p2a: Gholdengo\n|-activate|p2a: Gholdengo|move: Protect\n|cant|p1a: Baxcalibur|slp\n|move|p2b: Amoonguss|Pollen Puff|p1b: Palafin\n|-damage|p1b: Palafin|0 fnt\n|faint|p1b: Palafin\n|\n|-heal|p2a: Gholdengo|14\/100|[from] item: Leftovers\n|upkeep\n|turn|10\n|c|\u2606krakatoa_dx|gg\n|-message|krakatoa_dx forfeited.\n|\n|win|Kiryae\n|raw|krakatoa_dx's rating: 1168 → 1146<\/strong> (-22 for losing)\n|raw|Kiryae's rating: 1214 → 1236<\/strong> (+22 for winning)\n|l|\u2606krakatoa_dx\n|c|\u2606Kiryae|gg\n","uploadtime":1681953958,"views":5,"p1id":"krakatoadx","p2id":"kiryae","formatid":"gen9vgc2023regulationc","rating":1146,"private":0,"password":""}