{"id":"gen9vgc2023regulationc-1851109365","p1":"ChiangWu","p2":"atam24","format":"[Gen 9] VGC 2023 Regulation C","log":"|j|\u2606ChiangWu\n|j|\u2606atam24\n|t:|1682410795\n|gametype|doubles\n|player|p1|ChiangWu|170|1486\n|player|p2|atam24|265|1414\n|teamsize|p1|6\n|teamsize|p2|6\n|gen|9\n|tier|[Gen 9] VGC 2023 Regulation C\n|rated|\n|rule|Species Clause: Limit one of each Pok\u00e9mon\n|rule|Item Clause: Limit one of each item\n|clearpoke\n|poke|p1|Grimmsnarl, L50, M|\n|poke|p1|Vaporeon, L50, F|\n|poke|p1|Annihilape, L50, F|\n|poke|p1|Flutter Mane, L50|\n|poke|p1|Goodra, L50, F|\n|poke|p1|Scizor, L50, F|\n|poke|p2|Murkrow, L50, F|\n|poke|p2|Chi-Yu, L50|\n|poke|p2|Flutter Mane, L50|\n|poke|p2|Great Tusk, L50|\n|poke|p2|Brute Bonnet, L50|\n|poke|p2|Corviknight, L50, F|\n|teampreview|4\n|\n|t:|1682410833\n|start\n|switch|p1a: Grimmsnarl|Grimmsnarl, L50, M, shiny|100\/100\n|switch|p1b: Vaporeon|Vaporeon, L50, F, shiny|100\/100\n|switch|p2a: Murkrow|Murkrow, L50, F, shiny|100\/100\n|switch|p2b: Brute Bonnet|Brute Bonnet, L50|100\/100\n|turn|1\n|\n|t:|1682410862\n|switch|p1b: Goodra|Goodra, L50, F, shiny|100\/100\n|move|p2a: Murkrow|Tailwind|p2a: Murkrow\n|-sidestart|p2: atam24|move: Tailwind\n|move|p1a: Grimmsnarl|Reflect|p1a: Grimmsnarl\n|-sidestart|p1: ChiangWu|Reflect\n|move|p2b: Brute Bonnet|Spore|p1b: Goodra\n|-ability|p1b: Goodra|Sap Sipper|boost\n|-boost|p1b: Goodra|atk|1\n|\n|upkeep\n|turn|2\n|\n|t:|1682410895\n|move|p1b: Goodra|Protect|p1b: Goodra\n|-singleturn|p1b: Goodra|Protect\n|move|p2a: Murkrow|Sunny Day|p2a: Murkrow\n|-weather|SunnyDay\n|-activate|p2b: Brute Bonnet|ability: Protosynthesis\n|-start|p2b: Brute Bonnet|protosynthesisatk\n|move|p2b: Brute Bonnet|Bullet Seed|p1a: Grimmsnarl\n|-crit|p1a: Grimmsnarl\n|-damage|p1a: Grimmsnarl|74\/100\n|-damage|p1a: Grimmsnarl|62\/100\n|-damage|p1a: Grimmsnarl|50\/100\n|-damage|p1a: Grimmsnarl|37\/100\n|-damage|p1a: Grimmsnarl|23\/100\n|-hitcount|p1a: Grimmsnarl|5\n|move|p1a: Grimmsnarl|Spirit Break|p2b: Brute Bonnet\n|-supereffective|p2b: Brute Bonnet\n|-damage|p2b: Brute Bonnet|39\/100\n|-unboost|p2b: Brute Bonnet|spa|1\n|\n|-weather|SunnyDay|[upkeep]\n|upkeep\n|turn|3\n|\n|t:|1682410933\n|move|p1a: Grimmsnarl|Light Screen|p1a: Grimmsnarl\n|-sidestart|p1: ChiangWu|move: Light Screen\n|move|p2a: Murkrow|Foul Play|p1b: Goodra\n|-damage|p1b: Goodra|77\/100\n|move|p2b: Brute Bonnet|Bullet Seed|p1a: Grimmsnarl\n|-damage|p1a: Grimmsnarl|11\/100\n|-crit|p1a: Grimmsnarl\n|-damage|p1a: Grimmsnarl|0 fnt\n|faint|p1a: Grimmsnarl\n|-hitcount|p1: Grimmsnarl|2\n|move|p1b: Goodra|Sludge Bomb|p2b: Brute Bonnet\n|-supereffective|p2b: Brute Bonnet\n|-damage|p2b: Brute Bonnet|0 fnt\n|faint|p2b: Brute Bonnet\n|-end|p2b: Brute Bonnet|Protosynthesis|[silent]\n|\n|-weather|SunnyDay|[upkeep]\n|upkeep\n|\n|t:|1682410949\n|switch|p2b: Corviknight|Corviknight, L50, F|100\/100\n|switch|p1a: Vaporeon|Vaporeon, L50, F, shiny|100\/100\n|turn|4\n|\n|t:|1682410961\n|-terastallize|p1b: Goodra|Water\n|move|p2a: Murkrow|Foul Play|p1b: Goodra\n|-damage|p1b: Goodra|54\/100\n|move|p2b: Corviknight|Brave Bird|p1a: Vaporeon\n|-damage|p1a: Vaporeon|61\/100\n|-damage|p2b: Corviknight|84\/100|[from] Recoil\n|move|p1b: Goodra|Surf|p2a: Murkrow|[spread] p2a,p2b\n|-heal|p1a: Vaporeon|86\/100|[from] ability: Water Absorb|[of] p1b: Goodra\n|-damage|p2a: Murkrow|86\/100\n|-damage|p2b: Corviknight|69\/100\n|move|p1a: Vaporeon|Muddy Water|p2b: Corviknight|[spread] p2b\n|-miss|p1a: Vaporeon|p2a: Murkrow\n|-damage|p2b: Corviknight|53\/100\n|\n|-weather|SunnyDay|[upkeep]\n|-sideend|p2: atam24|move: Tailwind\n|upkeep\n|turn|5\n|\n|t:|1682410993\n|move|p2a: Murkrow|Foul Play|p1b: Goodra\n|-damage|p1b: Goodra|32\/100\n|-enditem|p1b: Goodra|Sitrus Berry|[eat]\n|-heal|p1b: Goodra|57\/100|[from] item: Sitrus Berry\n|move|p2b: Corviknight|Brave Bird|p1b: Goodra\n|-damage|p1b: Goodra|10\/100\n|-damage|p2b: Corviknight|37\/100|[from] Recoil\n|move|p1b: Goodra|Draco Meteor|p2a: Murkrow|[miss]\n|-miss|p1b: Goodra|p2a: Murkrow\n|move|p1a: Vaporeon|Muddy Water|p2a: Murkrow|[spread] p2a,p2b\n|-damage|p2a: Murkrow|68\/100\n|-damage|p2b: Corviknight|21\/100\n|-ability|p2b: Corviknight|Mirror Armor\n|-unboost|p1a: Vaporeon|accuracy|1\n|\n|-weather|SunnyDay|[upkeep]\n|upkeep\n|turn|6\n|\n|t:|1682411018\n|move|p1b: Goodra|Protect|p1b: Goodra\n|-singleturn|p1b: Goodra|Protect\n|move|p2a: Murkrow|Foul Play|p1b: Goodra\n|-activate|p1b: Goodra|move: Protect\n|move|p2b: Corviknight|Brave Bird|p1a: Vaporeon\n|-damage|p1a: Vaporeon|46\/100\n|-damage|p2b: Corviknight|4\/100|[from] Recoil\n|move|p1a: Vaporeon|Muddy Water|p2a: Murkrow|[spread] p2a,p2b\n|-crit|p2b: Corviknight\n|-damage|p2a: Murkrow|50\/100\n|-damage|p2b: Corviknight|0 fnt\n|-unboost|p2a: Murkrow|accuracy|1\n|faint|p2b: Corviknight\n|\n|-weather|none\n|upkeep\n|\n|t:|1682411032\n|switch|p2b: Great Tusk|Great Tusk, L50|100\/100\n|turn|7\n|\n|t:|1682411059\n|-terastallize|p2b: Great Tusk|Steel\n|move|p2a: Murkrow|Sunny Day|p2a: Murkrow\n|-weather|SunnyDay\n|-activate|p2b: Great Tusk|ability: Protosynthesis\n|-start|p2b: Great Tusk|protosynthesisatk\n|move|p2b: Great Tusk|Earthquake|p1b: Goodra|[spread] p1a,p1b\n|-immune|p2a: Murkrow\n|-damage|p1a: Vaporeon|14\/100\n|-damage|p1b: Goodra|0 fnt\n|faint|p1b: Goodra\n|move|p1a: Vaporeon|Muddy Water|p2b: Great Tusk|[spread] p2a\n|-miss|p1a: Vaporeon|p2b: Great Tusk\n|-damage|p2a: Murkrow|32\/100\n|-unboost|p2a: Murkrow|accuracy|1\n|\n|-weather|SunnyDay|[upkeep]\n|upkeep\n|\n|t:|1682411076\n|switch|p1b: Annihilape|Annihilape, L50, F|100\/100\n|turn|8\n|\n|t:|1682411089\n|move|p1a: Vaporeon|Protect|p1a: Vaporeon\n|-singleturn|p1a: Vaporeon|Protect\n|move|p2b: Great Tusk|Earthquake|p1b: Annihilape|[spread] p1b\n|-activate|p1a: Vaporeon|move: Protect\n|-immune|p2a: Murkrow\n|-damage|p1b: Annihilape|63\/100\n|move|p1b: Annihilape|Drain Punch|p2b: Great Tusk\n|-supereffective|p2b: Great Tusk\n|-damage|p2b: Great Tusk|55\/100\n|-heal|p1b: Annihilape|83\/100|[from] drain|[of] p2b: Great Tusk\n|move|p2a: Murkrow|Foul Play|p1b: Annihilape|[miss]\n|-miss|p2a: Murkrow|p1b: Annihilape\n|\n|-weather|SunnyDay|[upkeep]\n|-heal|p1b: Annihilape|89\/100|[from] item: Leftovers\n|-sideend|p1: ChiangWu|Reflect\n|upkeep\n|turn|9\n|\n|t:|1682411112\n|move|p2b: Great Tusk|Earthquake|p1b: Annihilape|[spread] p1a,p1b\n|-immune|p2a: Murkrow\n|-damage|p1a: Vaporeon|0 fnt\n|-damage|p1b: Annihilape|33\/100\n|faint|p1a: Vaporeon\n|move|p1b: Annihilape|Drain Punch|p2b: Great Tusk\n|-supereffective|p2b: Great Tusk\n|-damage|p2b: Great Tusk|4\/100\n|-heal|p1b: Annihilape|56\/100|[from] drain|[of] p2b: Great Tusk\n|move|p2a: Murkrow|Foul Play|p1b: Annihilape|[miss]\n|-miss|p2a: Murkrow|p1b: Annihilape\n|\n|-weather|SunnyDay|[upkeep]\n|-heal|p1b: Annihilape|62\/100|[from] item: Leftovers\n|upkeep\n|turn|10\n|\n|t:|1682411129\n|move|p1b: Annihilape|Protect|p1b: Annihilape\n|-singleturn|p1b: Annihilape|Protect\n|move|p2b: Great Tusk|Earthquake|p1b: Annihilape|[spread] \n|-activate|p1b: Annihilape|move: Protect\n|-immune|p2a: Murkrow\n|move|p2a: Murkrow|Foul Play|p1b: Annihilape\n|-activate|p1b: Annihilape|move: Protect\n|\n|-weather|SunnyDay|[upkeep]\n|-heal|p1b: Annihilape|68\/100|[from] item: Leftovers\n|-sideend|p1: ChiangWu|move: Light Screen\n|upkeep\n|turn|11\n|\n|t:|1682411145\n|move|p2b: Great Tusk|Earthquake|p1b: Annihilape|[spread] p1b\n|-immune|p2a: Murkrow\n|-damage|p1b: Annihilape|17\/100\n|move|p1b: Annihilape|Drain Punch|p2b: Great Tusk\n|-supereffective|p2b: Great Tusk\n|-damage|p2b: Great Tusk|0 fnt\n|-heal|p1b: Annihilape|18\/100|[from] drain|[of] p2b: Great Tusk\n|faint|p2b: Great Tusk\n|-end|p2b: Great Tusk|Protosynthesis|[silent]\n|move|p2a: Murkrow|Foul Play|p1b: Annihilape\n|-damage|p1b: Annihilape|0 fnt\n|faint|p1b: Annihilape\n|\n|win|atam24\n|raw|ChiangWu's rating: 1486 → 1462<\/strong> (-24 for losing)\n|raw|atam24's rating: 1414 → 1438<\/strong> (+24 for winning)\n|c|\u2606atam24|gg\n","uploadtime":1682411162,"views":8,"p1id":"chiangwu","p2id":"atam24","formatid":"gen9vgc2023regulationc","rating":1438,"private":0,"password":""}