{"id":"gen9vgc2023regulationc-1852303162","p1":"b(R)2","p2":"Nalakihn","format":"[Gen 9] VGC 2023 Regulation C","log":"|j|\u2606b(R)2\n|j|\u2606Nalakihn\n|t:|1682541859\n|gametype|doubles\n|player|p1|b(R)2|266|1195\n|player|p2|Nalakihn|101|1281\n|teamsize|p1|6\n|teamsize|p2|6\n|gen|9\n|tier|[Gen 9] VGC 2023 Regulation C\n|rated|\n|rule|Species Clause: Limit one of each Pok\u00e9mon\n|rule|Item Clause: Limit one of each item\n|clearpoke\n|poke|p1|Ting-Lu, L50|\n|poke|p1|Amoonguss, L50, M|\n|poke|p1|Garganacl, L50, F|\n|poke|p1|Arcanine, L50, M|\n|poke|p1|Roaring Moon, L50|\n|poke|p1|Iron Bundle, L50|\n|poke|p2|Luxray, L50, M|\n|poke|p2|Gallade, L50, M|\n|poke|p2|Weavile, L50, F|\n|poke|p2|Dragonite, L50, M|\n|poke|p2|Sylveon, L50, M|\n|poke|p2|Lucario, L50, M|\n|teampreview|4\nb(R)2 has agreed to open team sheets.\n|\n|t:|1682541885\n|start\n|switch|p1a: Garganacl|Garganacl, L50, F|100\/100\n|switch|p1b: Arcanine|Arcanine, L50, M|100\/100\n|switch|p2a: Weavile|Weavile, L50, F|100\/100\n|switch|p2b: Lucario|Lucario, L50, M|100\/100\n|-ability|p2a: Weavile|Pressure\n|-ability|p1b: Arcanine|Intimidate|boost\n|-unboost|p2a: Weavile|atk|1\n|-fail|p2b: Lucario|unboost|Attack|[from] ability: Inner Focus|[of] p2b: Lucario\n|turn|1\n|\n|t:|1682541906\n|-terastallize|p1a: Garganacl|Ghost\n|move|p2a: Weavile|Fake Out|p1b: Arcanine\n|-damage|p1b: Arcanine|91\/100\n|cant|p1b: Arcanine|flinch\n|move|p2b: Lucario|Swords Dance|p2b: Lucario\n|-boost|p2b: Lucario|atk|2\n|move|p1a: Garganacl|Salt Cure|p2b: Lucario\n|-resisted|p2b: Lucario\n|-damage|p2b: Lucario|96\/100\n|-start|p2b: Lucario|Salt Cure\n|\n|-damage|p2b: Lucario|71\/100|[from] Salt Cure\n|upkeep\n|turn|2\n|\n|t:|1682541934\n|-terastallize|p2b: Lucario|Normal\n|move|p2b: Lucario|Extreme Speed|p1b: Arcanine\n|-damage|p1b: Arcanine|0 fnt\n|faint|p1b: Arcanine\n|-damage|p2b: Lucario|61\/100|[from] item: Life Orb\n|move|p2a: Weavile|Night Slash|p1a: Garganacl\n|-supereffective|p1a: Garganacl\n|-damage|p1a: Garganacl|69\/100\n|move|p1a: Garganacl|Salt Cure|p2a: Weavile\n|-supereffective|p2a: Weavile\n|-damage|p2a: Weavile|55\/100\n|-start|p2a: Weavile|Salt Cure\n|\n|-heal|p1a: Garganacl|74\/100|[from] item: Leftovers\n|-damage|p2a: Weavile|43\/100|[from] Salt Cure\n|-damage|p2b: Lucario|49\/100|[from] Salt Cure\n|upkeep\n|\n|t:|1682541950\n|switch|p1b: Amoonguss|Amoonguss, L50, M|100\/100\n|turn|3\n|\n|t:|1682541968\n|move|p1b: Amoonguss|Protect|p1b: Amoonguss\n|-singleturn|p1b: Amoonguss|Protect\n|move|p2b: Lucario|Extreme Speed|p1b: Amoonguss\n|-activate|p1b: Amoonguss|move: Protect\n|move|p2a: Weavile|Night Slash|p1a: Garganacl\n|-supereffective|p1a: Garganacl\n|-damage|p1a: Garganacl|42\/100\n|move|p1a: Garganacl|Salt Cure|p2b: Lucario\n|-damage|p2b: Lucario|31\/100\n|\n|-heal|p1a: Garganacl|47\/100|[from] item: Leftovers\n|-damage|p2a: Weavile|31\/100|[from] Salt Cure\n|-damage|p2b: Lucario|19\/100|[from] Salt Cure\n|upkeep\n|turn|4\n|\n|t:|1682542000\n|move|p2b: Lucario|Extreme Speed|p1b: Amoonguss\n|-damage|p1b: Amoonguss|21\/100\n|-enditem|p1b: Amoonguss|Sitrus Berry|[eat]\n|-heal|p1b: Amoonguss|46\/100|[from] item: Sitrus Berry\n|-damage|p2b: Lucario|9\/100|[from] item: Life Orb\n|move|p1b: Amoonguss|Rage Powder|p1b: Amoonguss\n|-singleturn|p1b: Amoonguss|move: Rage Powder\n|move|p2a: Weavile|Night Slash|p1b: Amoonguss\n|-damage|p1b: Amoonguss|29\/100\n|move|p1a: Garganacl|Recover|p1a: Garganacl\n|-heal|p1a: Garganacl|98\/100\n|\n|-heal|p1a: Garganacl|100\/100|[from] item: Leftovers\n|-damage|p2a: Weavile|18\/100|[from] Salt Cure\n|-damage|p2b: Lucario|0 fnt|[from] Salt Cure\n|faint|p2b: Lucario\n|upkeep\n|\n|t:|1682542015\n|switch|p2b: Sylveon|Sylveon, L50, M|100\/100\n|turn|5\n|\n|t:|1682542030\n|switch|p1b: Ting-Lu|Ting-Lu, L50|100\/100\n|-ability|p1b: Ting-Lu|Vessel of Ruin\n|move|p2a: Weavile|Icicle Crash|p1b: Ting-Lu\n|-supereffective|p1b: Ting-Lu\n|-damage|p1b: Ting-Lu|68\/100\n|move|p2b: Sylveon|Hyper Voice|p1b: Ting-Lu|[spread] p1a,p1b\n|-supereffective|p1b: Ting-Lu\n|-damage|p1a: Garganacl|78\/100\n|-damage|p1b: Ting-Lu|39\/100\n|-enditem|p2b: Sylveon|Throat Spray\n|-boost|p2b: Sylveon|spa|1|[from] item: Throat Spray\n|move|p1a: Garganacl|Salt Cure|p2b: Sylveon\n|-damage|p2b: Sylveon|81\/100\n|-start|p2b: Sylveon|Salt Cure\n|\n|-heal|p1a: Garganacl|84\/100|[from] item: Leftovers\n|-damage|p2a: Weavile|6\/100|[from] Salt Cure\n|-damage|p2b: Sylveon|69\/100|[from] Salt Cure\n|upkeep\n|turn|6\n|\n|t:|1682542057\n|switch|p1b: Amoonguss|Amoonguss, L50, M|62\/100\n|move|p2a: Weavile|Icicle Crash|p1b: Amoonguss\n|-supereffective|p1b: Amoonguss\n|-damage|p1b: Amoonguss|23\/100\n|move|p2b: Sylveon|Shadow Ball|p1a: Garganacl\n|-supereffective|p1a: Garganacl\n|-damage|p1a: Garganacl|57\/100\n|move|p1a: Garganacl|Salt Cure|p2b: Sylveon\n|-damage|p2b: Sylveon|50\/100\n|\n|-heal|p1a: Garganacl|63\/100|[from] item: Leftovers\n|-damage|p2a: Weavile|0 fnt|[from] Salt Cure\n|faint|p2a: Weavile\n|-damage|p2b: Sylveon|37\/100|[from] Salt Cure\n|upkeep\n|\n|t:|1682542070\n|switch|p2a: Gallade|Gallade, L50, M|100\/100\n|turn|7\n|\n|t:|1682542125\n|move|p1b: Amoonguss|Protect|p1b: Amoonguss\n|-singleturn|p1b: Amoonguss|Protect\n|move|p2a: Gallade|Psycho Cut|p1b: Amoonguss\n|-activate|p1b: Amoonguss|move: Protect\n|move|p2b: Sylveon|Hyper Voice|p1b: Amoonguss|[spread] p1a\n|-activate|p1b: Amoonguss|move: Protect\n|-damage|p1a: Garganacl|19\/100\n|move|p1a: Garganacl|Salt Cure|p2a: Gallade\n|-resisted|p2a: Gallade\n|-damage|p2a: Gallade|88\/100\n|-start|p2a: Gallade|Salt Cure\n|\n|-heal|p1a: Garganacl|25\/100|[from] item: Leftovers\n|-damage|p2a: Gallade|75\/100|[from] Salt Cure\n|-damage|p2b: Sylveon|25\/100|[from] Salt Cure\n|upkeep\n|turn|8\n|\n|t:|1682542150\n|move|p1b: Amoonguss|Rage Powder|p1b: Amoonguss\n|-singleturn|p1b: Amoonguss|move: Rage Powder\n|move|p2a: Gallade|Psycho Cut|p1b: Amoonguss\n|-supereffective|p1b: Amoonguss\n|-damage|p1b: Amoonguss|0 fnt\n|faint|p1b: Amoonguss\n|move|p2b: Sylveon|Hyper Voice|p1a: Garganacl\n|-damage|p1a: Garganacl|0 fnt\n|faint|p1a: Garganacl\n|\n|-damage|p2a: Gallade|63\/100|[from] Salt Cure\n|-damage|p2b: Sylveon|13\/100|[from] Salt Cure\n|upkeep\n|\n|t:|1682542161\n|switch|p1b: Ting-Lu|Ting-Lu, L50|39\/100\n|-ability|p1b: Ting-Lu|Vessel of Ruin\n|turn|9\n|\n|t:|1682542170\n|move|p2a: Gallade|Psycho Cut|p1b: Ting-Lu\n|-immune|p1b: Ting-Lu\n|move|p2b: Sylveon|Hyper Voice|p1b: Ting-Lu\n|-supereffective|p1b: Ting-Lu\n|-damage|p1b: Ting-Lu|0 fnt\n|faint|p1b: Ting-Lu\n|\n|win|Nalakihn\n|raw|b(R)2's rating: 1195 → 1176<\/strong> (-19 for losing)\n|raw|Nalakihn's rating: 1281 → 1300<\/strong> (+19 for winning)\n","uploadtime":1682542176,"views":22,"p1id":"br2","p2id":"nalakihn","formatid":"gen9vgc2023regulationc","rating":1176,"private":0,"password":""}