{"id":"gen9vgc2023regulationc-1845720412","p1":"Yuhunglo","p2":"Magic Mr. Mime VGC","format":"[Gen 9] VGC 2023 Regulation C","log":"|j|\u2606Yuhunglo\n|j|\u2606Magic Mr. Mime VGC\n|t:|1681758416\n|gametype|doubles\n|player|p1|Yuhunglo|hilbert|1302\n|player|p2|Magic Mr. Mime VGC|101|1289\n|teamsize|p1|6\n|teamsize|p2|6\n|gen|9\n|tier|[Gen 9] VGC 2023 Regulation C\n|rated|\n|rule|Species Clause: Limit one of each Pok\u00e9mon\n|rule|Item Clause: Limit one of each item\n|clearpoke\n|poke|p1|Palafin, L50, M|\n|poke|p1|Amoonguss, L50, M|\n|poke|p1|Arcanine, L50, M|\n|poke|p1|Ting-Lu, L50|\n|poke|p1|Tinkaton, L50, F|\n|poke|p1|Meowscarada, L50, F|\n|poke|p2|Indeedee-F, L50, F|\n|poke|p2|Chien-Pao, L50|\n|poke|p2|Arcanine, L50, F|\n|poke|p2|Amoonguss, L50, F|\n|poke|p2|Flutter Mane, L50|\n|poke|p2|Dragapult, L50, F|\n|teampreview|4\n|inactive|Battle timer is ON: inactive players will automatically lose when time's up. (requested by Yuhunglo)\nMagic Mr. Mime VGC rejected open team sheets.\n|inactive|Yuhunglo has 60 seconds left.\n|inactive|Yuhunglo has 30 seconds left.\n|\n|t:|1681758488\n|start\n|switch|p1a: Arcanine|Arcanine, L50, M|100\/100\n|switch|p1b: Tinkaton|Tinkaton, L50, F|100\/100\n|switch|p2a: Flutter Mane|Flutter Mane, L50|100\/100\n|switch|p2b: Indeedee|Indeedee-F, L50, F|100\/100\n|-fieldstart|move: Psychic Terrain|[from] ability: Psychic Surge|[of] p2b: Indeedee\n|-ability|p1a: Arcanine|Intimidate|boost\n|-unboost|p2a: Flutter Mane|atk|1\n|-unboost|p2b: Indeedee|atk|1\n|-ability|p1b: Tinkaton|Mold Breaker\n|turn|1\n|inactive|Yuhunglo has 30 seconds left.\n|inactive|Magic Mr. Mime VGC has 30 seconds left.\n|inactive|Yuhunglo has 20 seconds left.\n|inactive|Magic Mr. Mime VGC has 20 seconds left.\n|inactive|Yuhunglo has 15 seconds left.\n|\n|t:|1681758530\n|move|p2a: Flutter Mane|Protect|p2a: Flutter Mane\n|-singleturn|p2a: Flutter Mane|Protect\n|move|p2b: Indeedee|Psyshock|p1a: Arcanine\n|-damage|p1a: Arcanine|57\/100\n|move|p1a: Arcanine|Flare Blitz|p2b: Indeedee\n|-damage|p2b: Indeedee|24\/100\n|-damage|p1a: Arcanine|38\/100|[from] Recoil\n|move|p1b: Tinkaton|Gigaton Hammer|p2b: Indeedee\n|-damage|p2b: Indeedee|0 fnt\n|faint|p2b: Indeedee\n|\n|upkeep\n|\n|t:|1681758551\n|switch|p2b: Dragapult|Dragapult, L50, F|100\/100\n|turn|2\n|\n|t:|1681758577\n|move|p1a: Arcanine|Protect|p1a: Arcanine\n|-singleturn|p1a: Arcanine|Protect\n|move|p2b: Dragapult|Dragon Darts|p1a: Arcanine\n|-immune|p1b: Tinkaton\n|move|p2a: Flutter Mane|Substitute|p2a: Flutter Mane\n|-start|p2a: Flutter Mane|Substitute\n|-damage|p2a: Flutter Mane|75\/100\n|move|p1b: Tinkaton|Play Rough|p2a: Flutter Mane\n|-end|p2a: Flutter Mane|Substitute\n|\n|-heal|p2a: Flutter Mane|82\/100|[from] item: Leftovers\n|upkeep\n|turn|3\n|inactive|Yuhunglo has 30 seconds left.\n|inactive|Yuhunglo has 20 seconds left.\n|inactive|Yuhunglo has 15 seconds left.\n|inactive|Yuhunglo has 10 seconds left.\n|\n|t:|1681758623\n|switch|p1a: Ting-Lu|Ting-Lu, L50|100\/100\n|-ability|p1a: Ting-Lu|Vessel of Ruin\n|-terastallize|p2a: Flutter Mane|Steel\n|move|p2b: Dragapult|Dragon Darts|p1a: Ting-Lu\n|-damage|p1a: Ting-Lu|81\/100\n|-anim|p2b: Dragapult|Dragon Darts|p1a: Ting-Lu\n|-damage|p1a: Ting-Lu|61\/100\n|move|p2a: Flutter Mane|Shadow Ball|p1b: Tinkaton\n|-damage|p1b: Tinkaton|71\/100\n|-unboost|p1b: Tinkaton|spd|1\n|move|p1b: Tinkaton|Gigaton Hammer|p2b: Dragapult\n|-damage|p2b: Dragapult|8\/100\n|\n|-heal|p2a: Flutter Mane|88\/100|[from] item: Leftovers\n|upkeep\n|turn|4\n|inactive|Yuhunglo has 30 seconds left.\n|inactive|Magic Mr. Mime VGC has 30 seconds left.\n|\n|t:|1681758652\n|-terastallize|p1a: Ting-Lu|Fairy\n|move|p2b: Dragapult|Dragon Darts|p1a: Ting-Lu\n|-immune|p1b: Tinkaton\n|move|p2a: Flutter Mane|Moonblast|p1a: Ting-Lu\n|-damage|p1a: Ting-Lu|39\/100\n|move|p1b: Tinkaton|Play Rough|p2b: Dragapult\n|-supereffective|p2b: Dragapult\n|-damage|p2b: Dragapult|0 fnt\n|faint|p2b: Dragapult\n|move|p1a: Ting-Lu|Heavy Slam|p2a: Flutter Mane\n|-resisted|p2a: Flutter Mane\n|-damage|p2a: Flutter Mane|60\/100\n|\n|-heal|p2a: Flutter Mane|66\/100|[from] item: Leftovers\n|upkeep\n|\n|t:|1681758667\n|switch|p2b: Chien-Pao|Chien-Pao, L50|100\/100\n|-ability|p2b: Chien-Pao|Sword of Ruin\n|-enditem|p2b: Chien-Pao|Psychic Seed\n|-boost|p2b: Chien-Pao|spd|1|[from] item: Psychic Seed\n|turn|5\n|\n|t:|1681758683\n|switch|p1a: Arcanine|Arcanine, L50, M|38\/100\n|-ability|p1a: Arcanine|Intimidate|boost\n|-unboost|p2a: Flutter Mane|atk|1\n|-unboost|p2b: Chien-Pao|atk|1\n|move|p2b: Chien-Pao|Acrobatics|p1a: Arcanine\n|-damage|p1a: Arcanine|2\/100\n|move|p2a: Flutter Mane|Shadow Ball|p1a: Arcanine\n|-damage|p1a: Arcanine|0 fnt\n|faint|p1a: Arcanine\n|move|p1b: Tinkaton|Gigaton Hammer|p2b: Chien-Pao\n|-supereffective|p2b: Chien-Pao\n|-damage|p2b: Chien-Pao|0 fnt\n|faint|p2b: Chien-Pao\n|\n|-heal|p2a: Flutter Mane|72\/100|[from] item: Leftovers\n|-fieldend|move: Psychic Terrain\n|upkeep\n|\n|t:|1681758695\n|switch|p1a: Amoonguss|Amoonguss, L50, M|100\/100\n|turn|6\n|\n|t:|1681758703\n|switch|p1b: Ting-Lu|Ting-Lu, L50, tera:Fairy|39\/100\n|-ability|p1b: Ting-Lu|Vessel of Ruin\n|move|p2a: Flutter Mane|Substitute|p2a: Flutter Mane\n|-start|p2a: Flutter Mane|Substitute\n|-damage|p2a: Flutter Mane|47\/100\n|move|p1a: Amoonguss|Pollen Puff|p1b: Ting-Lu\n|-heal|p1b: Ting-Lu|89\/100\n|\n|-heal|p2a: Flutter Mane|54\/100|[from] item: Leftovers\n|upkeep\n|turn|7\n|-message|Magic Mr. Mime VGC forfeited.\n|\n|win|Yuhunglo\n|raw|Yuhunglo's rating: 1302 → 1321<\/strong> (+19 for winning)\n|raw|Magic Mr. Mime VGC's rating: 1289 → 1265<\/strong> (-24 for losing)\n|l|\u2606Magic Mr. Mime VGC\n|c|\u2606Yuhunglo|So much for secrets (v@3@)\n","uploadtime":1681758743,"views":7,"p1id":"yuhunglo","p2id":"magicmrmimevgc","formatid":"gen9vgc2023regulationc","rating":1265,"private":0,"password":""}