{"id":"gen9vgc2023regulationc-1848641006","p1":"ElderGeroTryTeam00","p2":"Vendra Prog","format":"[Gen 9] VGC 2023 Regulation C","log":"|j|\u2606ElderGeroTryTeam00\n|j|\u2606Vendra Prog\n|t:|1682096884\n|gametype|doubles\n|player|p1|ElderGeroTryTeam00|169|1215\n|player|p2|Vendra Prog|cynthia|1173\n|teamsize|p1|6\n|teamsize|p2|6\n|gen|9\n|tier|[Gen 9] VGC 2023 Regulation C\n|rated|\n|rule|Species Clause: Limit one of each Pok\u00e9mon\n|rule|Item Clause: Limit one of each item\n|clearpoke\n|poke|p1|Palafin, L50, M|\n|poke|p1|Abomasnow, L50, M|\n|poke|p1|Ting-Lu, L50|\n|poke|p1|Amoonguss, L50, M|\n|poke|p1|Annihilape, L50, M|\n|poke|p1|Gyarados, L50, M|\n|poke|p2|Flutter Mane, L50|\n|poke|p2|Arcanine, L50, M|\n|poke|p2|Palafin, L50, M|\n|poke|p2|Baxcalibur, L50, M|\n|poke|p2|Amoonguss, L50, M|\n|poke|p2|Ting-Lu, L50|\n|teampreview|4\nVendra Prog has agreed to open team sheets.\n|inactive|Battle timer is ON: inactive players will automatically lose when time's up. (requested by ElderGeroTryTeam00)\n|\n|t:|1682096934\n|start\n|switch|p1a: Annihilape|Annihilape, L50, M|100\/100\n|switch|p1b: Abomasnow|Abomasnow, L50, M|100\/100\n|switch|p2a: Tupperware|Amoonguss, L50, M|100\/100\n|switch|p2b: Toolshed|Baxcalibur, L50, M|100\/100\n|-weather|Snow|[from] ability: Snow Warning|[of] p1b: Abomasnow\n|turn|1\n|\n|t:|1682096956\n|switch|p2b: The Coon|Arcanine, L50, M|100\/100\n|-ability|p2b: The Coon|Intimidate|boost\n|-unboost|p1a: Annihilape|atk|1\n|-ability|p1a: Annihilape|Defiant|boost\n|-boost|p1a: Annihilape|atk|2\n|-unboost|p1b: Abomasnow|atk|1\n|move|p1a: Annihilape|Bulk Up|p1a: Annihilape\n|-boost|p1a: Annihilape|atk|1\n|-boost|p1a: Annihilape|def|1\n|move|p1b: Abomasnow|Aurora Veil|p1b: Abomasnow\n|-sidestart|p1: ElderGeroTryTeam00|move: Aurora Veil\n|move|p2a: Tupperware|Spore|p1a: Annihilape\n|-status|p1a: Annihilape|slp|[from] move: Spore\n|\n|-weather|Snow|[upkeep]\n|upkeep\n|turn|2\n|\n|t:|1682096976\n|-terastallize|p1a: Annihilape|Fire\n|move|p2b: The Coon|Flare Blitz|p1b: Abomasnow\n|-supereffective|p1b: Abomasnow\n|-enditem|p1b: Abomasnow|Focus Sash\n|-damage|p1b: Abomasnow|1\/100\n|-damage|p2b: The Coon|70\/100|[from] Recoil\n|cant|p1a: Annihilape|slp\n|move|p1b: Abomasnow|Blizzard|p2a: Tupperware|[spread] p2a,p2b\n|-supereffective|p2a: Tupperware\n|-resisted|p2b: The Coon\n|-damage|p2a: Tupperware|34\/100\n|-damage|p2b: The Coon|53\/100\n|-enditem|p2a: Tupperware|Sitrus Berry|[eat]\n|-heal|p2a: Tupperware|58\/100|[from] item: Sitrus Berry\n|move|p2a: Tupperware|Pollen Puff|p1a: Annihilape\n|-resisted|p1a: Annihilape\n|-damage|p1a: Annihilape|96\/100 slp\n|\n|-weather|Snow|[upkeep]\n|-heal|p1a: Annihilape|100\/100 slp|[from] item: Leftovers\n|upkeep\n|turn|3\n|inactive|Vendra Prog has 30 seconds left.\n|\n|t:|1682097005\n|move|p1b: Abomasnow|Protect|p1b: Abomasnow\n|-singleturn|p1b: Abomasnow|Protect\n|move|p2b: The Coon|Extreme Speed|p1b: Abomasnow\n|-activate|p1b: Abomasnow|move: Protect\n|cant|p1a: Annihilape|slp\n|move|p2a: Tupperware|Pollen Puff|p2b: The Coon\n|-heal|p2b: The Coon|100\/100\n|\n|-weather|Snow|[upkeep]\n|upkeep\n|turn|4\n|\n|t:|1682097019\n|switch|p1b: Gyarados|Gyarados, L50, M|100\/100\n|-ability|p1b: Gyarados|Intimidate|boost\n|-unboost|p2a: Tupperware|atk|1\n|-unboost|p2b: The Coon|atk|1\n|move|p2a: Tupperware|Protect|p2a: Tupperware\n|-singleturn|p2a: Tupperware|Protect\n|move|p2b: The Coon|Extreme Speed|p1b: Gyarados\n|-crit|p1b: Gyarados\n|-damage|p1b: Gyarados|57\/100\n|-curestatus|p1a: Annihilape|slp|[msg]\n|move|p1a: Annihilape|Drain Punch|p2b: The Coon\n|-damage|p2b: The Coon|33\/100\n|\n|-weather|Snow|[upkeep]\n|upkeep\n|turn|5\n|\n|t:|1682097040\n|move|p2b: The Coon|Will-O-Wisp|p1b: Gyarados\n|-status|p1b: Gyarados|brn\n|move|p1b: Gyarados|Waterfall|p2b: The Coon\n|-supereffective|p2b: The Coon\n|-damage|p2b: The Coon|0 fnt\n|faint|p2b: The Coon\n|move|p1a: Annihilape|Rage Fist|p2a: Tupperware\n|-damage|p2a: Tupperware|0 fnt\n|faint|p2a: Tupperware\n|\n|-weather|none\n|-damage|p1b: Gyarados|51\/100 brn|[from] brn\n|-sideend|p1: ElderGeroTryTeam00|move: Aurora Veil\n|upkeep\n|inactive|Vendra Prog has 30 seconds left.\n|\n|t:|1682097067\n|switch|p2b: Call Girl|Flutter Mane, L50|100\/100\n|switch|p2a: Toolshed|Baxcalibur, L50, M|100\/100\n|-enditem|p2b: Call Girl|Booster Energy\n|-activate|p2b: Call Girl|ability: Protosynthesis|[fromitem]\n|-start|p2b: Call Girl|protosynthesisspa\n|turn|6\n|inactive|Vendra Prog has 30 seconds left.\n|\n|t:|1682097099\n|switch|p1b: Amoonguss|Amoonguss, L50, M|100\/100\n|-terastallize|p2b: Call Girl|Fairy\n|move|p2b: Call Girl|Shadow Ball|p1a: Annihilape\n|-damage|p1a: Annihilape|56\/100\n|move|p2a: Toolshed|Glaive Rush|p1a: Annihilape\n|-damage|p1a: Annihilape|11\/100\n|-singlemove|p2a: Toolshed|Glaive Rush|[silent]\n|move|p1a: Annihilape|Rage Fist|p2b: Call Girl\n|-damage|p2b: Call Girl|0 fnt\n|faint|p2b: Call Girl\n|-end|p2b: Call Girl|Protosynthesis|[silent]\n|\n|-heal|p1a: Annihilape|17\/100|[from] item: Leftovers\n|upkeep\n|turn|7\n|\n|t:|1682097121\n|move|p1b: Amoonguss|Rage Powder|p1b: Amoonguss\n|-singleturn|p1b: Amoonguss|move: Rage Powder\n|move|p2a: Toolshed|Icicle Spear|p1b: Amoonguss\n|-supereffective|p1b: Amoonguss\n|-damage|p1b: Amoonguss|78\/100\n|-supereffective|p1b: Amoonguss\n|-damage|p1b: Amoonguss|50\/100\n|-supereffective|p1b: Amoonguss\n|-damage|p1b: Amoonguss|27\/100\n|-supereffective|p1b: Amoonguss\n|-damage|p1b: Amoonguss|2\/100\n|-hitcount|p1b: Amoonguss|4\n|move|p1a: Annihilape|Drain Punch|p2a: Toolshed\n|-supereffective|p2a: Toolshed\n|-damage|p2a: Toolshed|0 fnt\n|-heal|p1a: Annihilape|68\/100|[from] drain|[of] p2a: Toolshed\n|faint|p2a: Toolshed\n|\n|win|ElderGeroTryTeam00\n|raw|ElderGeroTryTeam00's rating: 1215 → 1237<\/strong> (+22 for winning)\n|raw|Vendra Prog's rating: 1173 → 1151<\/strong> (-22 for losing)\n","uploadtime":1682097136,"views":9,"p1id":"eldergerotryteam00","p2id":"vendraprog","formatid":"gen9vgc2023regulationc","rating":1151,"private":0,"password":""}