{"id":"gen9vgc2023regulationc-1856039744","p1":"Kangourou1234","p2":"Ibrahimovicvgc","format":"[Gen 9] VGC 2023 Regulation C","log":"|j|\u2606Kangourou1234\n|j|\u2606Ibrahimovicvgc\n|t:|1683021580\n|gametype|doubles\n|player|p1|Kangourou1234|volo|1444\n|player|p2|Ibrahimovicvgc|102|1464\n|teamsize|p1|6\n|teamsize|p2|6\n|gen|9\n|tier|[Gen 9] VGC 2023 Regulation C\n|rated|\n|rule|Species Clause: Limit one of each Pok\u00e9mon\n|rule|Item Clause: Limit one of each item\n|clearpoke\n|poke|p1|Flutter Mane, L50|\n|poke|p1|Palafin, L50, M|\n|poke|p1|Arcanine, L50, M|\n|poke|p1|Ting-Lu, L50|\n|poke|p1|Amoonguss, L50, M|\n|poke|p1|Kingambit, L50, M|\n|poke|p2|Jumpluff, L50, F|\n|poke|p2|Torkoal, L50, F|\n|poke|p2|Flutter Mane, L50|\n|poke|p2|Chien-Pao, L50|\n|poke|p2|Great Tusk, L50|\n|poke|p2|Kingambit, L50, M|\n|teampreview|4\nKangourou1234 has agreed to open team sheets.\n|inactive|Battle timer is ON: inactive players will automatically lose when time's up. (requested by Ibrahimovicvgc)\n|inactive|Kangourou1234 has 60 seconds left.\n|\n|t:|1683021618\n|start\n|switch|p1a: Arcanine|Arcanine, L50, M|100\/100\n|switch|p1b: Ting-Lu|Ting-Lu, L50|100\/100\n|switch|p2a: Jumpluff|Jumpluff, L50, F|100\/100\n|switch|p2b: Torkoal|Torkoal, L50, F|100\/100\n|-ability|p1a: Arcanine|Intimidate|boost\n|-unboost|p2a: Jumpluff|atk|1\n|-unboost|p2b: Torkoal|atk|1\n|-enditem|p2b: Torkoal|Eject Pack\n|\n|t:|1683021630\n|switch|p2b: Great Tusk|Great Tusk, L50|100\/100\n|-ability|p1b: Ting-Lu|Vessel of Ruin\n|turn|1\n|\n|t:|1683021651\n|switch|p1b: SUSSY!!!|Amoonguss, L50, M, shiny|100\/100\n|-terastallize|p1a: Arcanine|Grass\n|move|p2b: Great Tusk|Headlong Rush|p1a: Arcanine\n|-resisted|p1a: Arcanine\n|-damage|p1a: Arcanine|65\/100\n|-unboost|p2b: Great Tusk|def|1\n|-unboost|p2b: Great Tusk|spd|1\n|move|p2a: Jumpluff|Tailwind|p2a: Jumpluff\n|-sidestart|p2: Ibrahimovicvgc|move: Tailwind\n|move|p1a: Arcanine|Will-O-Wisp|p2b: Great Tusk\n|-status|p2b: Great Tusk|brn\n|\n|-damage|p2b: Great Tusk|95\/100 brn|[from] brn\n|upkeep\n|turn|2\n|inactive|Kangourou1234 has 30 seconds left.\n|inactive|Ibrahimovicvgc has 30 seconds left.\n|\n|t:|1683021685\n|-end|p2b: Great Tusk|Protosynthesis|[silent]\n|switch|p2b: Torkoal|Torkoal, L50, F|100\/100\n|-weather|SunnyDay|[from] ability: Drought|[of] p2b: Torkoal\n|move|p2a: Jumpluff|Encore|p1a: Arcanine\n|-start|p1a: Arcanine|Encore\n|move|p1a: Arcanine|Will-O-Wisp|p2a: Jumpluff\n|-status|p2a: Jumpluff|brn\n|move|p1b: SUSSY!!!|Pollen Puff|p1a: Arcanine\n|-heal|p1a: Arcanine|100\/100\n|\n|-weather|SunnyDay|[upkeep]\n|-damage|p2a: Jumpluff|94\/100 brn|[from] brn\n|upkeep\n|turn|3\n|inactive|Kangourou1234 has 30 seconds left.\n|\n|t:|1683021716\n|switch|p1a: Ting-Lu|Ting-Lu, L50|100\/100\n|-ability|p1a: Ting-Lu|Vessel of Ruin\n|move|p1b: SUSSY!!!|Protect|p1b: SUSSY!!!\n|-singleturn|p1b: SUSSY!!!|Protect\n|move|p2a: Jumpluff|Encore|p1b: SUSSY!!!\n|-activate|p1b: SUSSY!!!|move: Protect\n|move|p2b: Torkoal|Overheat|p1b: SUSSY!!!\n|-activate|p1b: SUSSY!!!|move: Protect\n|\n|-weather|SunnyDay|[upkeep]\n|-damage|p2a: Jumpluff|88\/100 brn|[from] brn\n|upkeep\n|turn|4\n|inactive|Kangourou1234 has 30 seconds left.\n|\n|t:|1683021751\n|switch|p1b: Arcanine|Arcanine, L50, M, tera:Grass|100\/100\n|-ability|p1b: Arcanine|Intimidate|boost\n|-unboost|p2a: Jumpluff|atk|1\n|-unboost|p2b: Torkoal|atk|1\n|move|p2a: Jumpluff|Encore||[still]\n|-fail|p2a: Jumpluff\n|move|p2b: Torkoal|Fissure|p1a: Ting-Lu|[miss]\n|-miss|p2b: Torkoal|p1a: Ting-Lu\n|move|p1a: Ting-Lu|Stomping Tantrum|p2b: Torkoal\n|-supereffective|p2b: Torkoal\n|-damage|p2b: Torkoal|52\/100\n|\n|-weather|SunnyDay|[upkeep]\n|-damage|p2a: Jumpluff|82\/100 brn|[from] brn\n|-sideend|p2: Ibrahimovicvgc|move: Tailwind\n|upkeep\n|turn|5\n|inactive|Kangourou1234 has 30 seconds left.\n|inactive|Ibrahimovicvgc has 30 seconds left.\n|inactive|Kangourou1234 has 20 seconds left.\n|inactive|Kangourou1234 has 15 seconds left.\n|inactive|Kangourou1234 has 10 seconds left.\n|inactive|Kangourou1234 has 5 seconds left.\n|\n|t:|1683021804\n|move|p2a: Jumpluff|Sleep Powder|p1a: Ting-Lu\n|-status|p1a: Ting-Lu|slp|[from] move: Sleep Powder\n|move|p1b: Arcanine|Flare Blitz|p2a: Jumpluff\n|-supereffective|p2a: Jumpluff\n|-damage|p2a: Jumpluff|0 fnt\n|faint|p2a: Jumpluff\n|-damage|p1b: Arcanine|75\/100|[from] Recoil\n|cant|p1a: Ting-Lu|slp\n|move|p2b: Torkoal|Overheat|p1b: Arcanine\n|-supereffective|p1b: Arcanine\n|-damage|p1b: Arcanine|0 fnt\n|-unboost|p2b: Torkoal|spa|2\n|faint|p1b: Arcanine\n|\n|-weather|SunnyDay|[upkeep]\n|upkeep\n|inactive|Kangourou1234 has 30 seconds left.\n|\n|t:|1683021830\n|switch|p2a: Flutter Mane|Flutter Mane, L50|100\/100\n|switch|p1b: SUSSY!!!|Amoonguss, L50, M, shiny|100\/100\n|-activate|p2a: Flutter Mane|ability: Protosynthesis\n|-start|p2a: Flutter Mane|protosynthesisspa\n|turn|6\n|inactive|Kangourou1234 has 30 seconds left.\n|\n|t:|1683021859\n|move|p2b: Torkoal|Helping Hand|p2a: Flutter Mane\n|-singleturn|p2a: Flutter Mane|Helping Hand|[of] p2b: Torkoal\n|move|p2a: Flutter Mane|Psyshock|p1b: SUSSY!!!\n|-supereffective|p1b: SUSSY!!!\n|-damage|p1b: SUSSY!!!|0 fnt\n|faint|p1b: SUSSY!!!\n|cant|p1a: Ting-Lu|slp\n|\n|-weather|none\n|-end|p2a: Flutter Mane|Protosynthesis\n|upkeep\n|\n|t:|1683021871\n|switch|p1b: Karen|Flutter Mane, L50, shiny|100\/100\n|turn|7\n|\n|t:|1683021886\n|-end|p2a: Flutter Mane|Protosynthesis|[silent]\n|switch|p2a: Great Tusk|Great Tusk, L50|95\/100 brn\n|move|p1b: Karen|Shadow Ball|p2a: Great Tusk\n|-damage|p2a: Great Tusk|22\/100 brn\n|-unboost|p2a: Great Tusk|spd|1\n|-curestatus|p1a: Ting-Lu|slp|[msg]\n|move|p1a: Ting-Lu|Stomping Tantrum|p2b: Torkoal\n|-supereffective|p2b: Torkoal\n|-damage|p2b: Torkoal|0 fnt\n|faint|p2b: Torkoal\n|\n|-damage|p2a: Great Tusk|16\/100 brn|[from] brn\n|upkeep\n|\n|t:|1683021899\n|switch|p2b: Flutter Mane|Flutter Mane, L50|100\/100\n|turn|8\n|inactive|Kangourou1234 has 30 seconds left.\n|inactive|Ibrahimovicvgc has 30 seconds left.\n|\n|t:|1683021928\n|-terastallize|p2b: Flutter Mane|Fairy\n|move|p2a: Great Tusk|Rock Slide|p1b: Karen|[spread] p1a,p1b\n|-resisted|p1a: Ting-Lu\n|-damage|p1a: Ting-Lu|98\/100\n|-damage|p1b: Karen|82\/100\n|cant|p1b: Karen|flinch\n|move|p2b: Flutter Mane|Dazzling Gleam|p1b: Karen|[spread] p1a,p1b\n|-supereffective|p1a: Ting-Lu\n|-damage|p1a: Ting-Lu|44\/100\n|-damage|p1b: Karen|34\/100\n|move|p1a: Ting-Lu|Stomping Tantrum|p2a: Great Tusk\n|-damage|p2a: Great Tusk|0 fnt\n|faint|p2a: Great Tusk\n|-end|p2a: Great Tusk|Protosynthesis|[silent]\n|\n|upkeep\n|turn|9\n|\n|t:|1683021952\n|move|p1b: Karen|Shadow Ball|p2b: Flutter Mane\n|-damage|p2b: Flutter Mane|60\/100\n|move|p2b: Flutter Mane|Dazzling Gleam|p1b: Karen|[spread] p1a,p1b\n|-supereffective|p1a: Ting-Lu\n|-crit|p1a: Ting-Lu\n|-damage|p1a: Ting-Lu|0 fnt\n|-damage|p1b: Karen|0 fnt\n|faint|p1a: Ting-Lu\n|faint|p1b: Karen\n|-end|p1b: Karen|Protosynthesis|[silent]\n|\n|win|Ibrahimovicvgc\n|raw|Kangourou1234's rating: 1444 → 1424<\/strong> (-20 for losing)\n|raw|Ibrahimovicvgc's rating: 1449 → 1469<\/strong> (+20 for winning)\n|l|\u2606Ibrahimovicvgc\n","uploadtime":1683022080,"views":10,"p1id":"kangourou1234","p2id":"ibrahimovicvgc","formatid":"gen9vgc2023regulationc","rating":1424,"private":0,"password":""}