{"id":"gen9vgc2023regulationc-1846792760","p1":"aoueaoeua","p2":"Echo Rose#9471","format":"[Gen 9] VGC 2023 Regulation C","log":"|j|\u2606aoueaoeua\n|j|\u2606Echo Rose#9471\n|t:|1681880214\n|gametype|doubles\n|player|p1|aoueaoeua|2|1148\n|player|p2|Echo Rose#9471|2|1196\n|teamsize|p1|6\n|teamsize|p2|6\n|gen|9\n|tier|[Gen 9] VGC 2023 Regulation C\n|rated|\n|rule|Species Clause: Limit one of each Pok\u00e9mon\n|rule|Item Clause: Limit one of each item\n|clearpoke\n|poke|p1|Torkoal, L50, M|\n|poke|p1|Ceruledge, L50, F|\n|poke|p1|Chi-Yu, L50|\n|poke|p1|Bronzong, L50|\n|poke|p1|Brute Bonnet, L50|\n|poke|p1|Armarouge, L50, M|\n|poke|p2|Glimmora, L50, F|\n|poke|p2|Wo-Chien, L50|\n|poke|p2|Flutter Mane, L50|\n|poke|p2|Palafin, L50, M|\n|poke|p2|Iron Hands, L50|\n|poke|p2|Talonflame, L50, F|\n|teampreview|4\n|\n|t:|1681880265\n|start\n|switch|p1a: Armarouge|Armarouge, L50, M|100\/100\n|switch|p1b: Torkoal|Torkoal, L50, M|100\/100\n|switch|p2a: Flutter Mane|Flutter Mane, L50|100\/100\n|switch|p2b: Glimmora|Glimmora, L50, F|100\/100\n|-weather|SunnyDay|[from] ability: Drought|[of] p1b: Torkoal\n|-activate|p2a: Flutter Mane|ability: Protosynthesis\n|-start|p2a: Flutter Mane|protosynthesisspa\n|turn|1\n|\n|t:|1681880282\n|-terastallize|p2a: Flutter Mane|Fire\n|move|p2a: Flutter Mane|Shadow Ball|p1a: Armarouge\n|-supereffective|p1a: Armarouge\n|-enditem|p1a: Armarouge|Focus Sash\n|-damage|p1a: Armarouge|1\/100\n|move|p2b: Glimmora|Power Gem|p1a: Armarouge\n|-supereffective|p1a: Armarouge\n|-damage|p1a: Armarouge|0 fnt\n|faint|p1a: Armarouge\n|move|p1b: Torkoal|Solar Beam||[still]\n|-prepare|p1b: Torkoal|Solar Beam\n|-anim|p1b: Torkoal|Solar Beam|p2b: Glimmora\n|-damage|p2b: Glimmora|66\/100\n|\n|-weather|SunnyDay|[upkeep]\n|upkeep\n|\n|t:|1681880298\n|switch|p1a: Ceruledge|Ceruledge, L50, F|100\/100\n|turn|2\n|\n|t:|1681880327\n|-terastallize|p1a: Ceruledge|Fire\n|move|p2a: Flutter Mane|Shadow Ball|p1a: Ceruledge\n|-damage|p1a: Ceruledge|46\/100\n|-unboost|p1a: Ceruledge|spd|1\n|move|p2b: Glimmora|Power Gem|p1b: Torkoal\n|-supereffective|p1b: Torkoal\n|-damage|p1b: Torkoal|1\/100\n|move|p1a: Ceruledge|Bitter Blade|p2a: Flutter Mane\n|-resisted|p2a: Flutter Mane\n|-damage|p2a: Flutter Mane|0 fnt\n|-heal|p1a: Ceruledge|90\/100|[from] drain|[of] p2a: Flutter Mane\n|faint|p2a: Flutter Mane\n|-end|p2a: Flutter Mane|Protosynthesis|[silent]\n|move|p1b: Torkoal|Lava Plume|p2b: Glimmora|[spread] p2b\n|-start|p1a: Ceruledge|ability: Flash Fire\n|-resisted|p2b: Glimmora\n|-damage|p2b: Glimmora|47\/100\n|-enditem|p2b: Glimmora|Sitrus Berry|[eat]\n|-heal|p2b: Glimmora|72\/100|[from] item: Sitrus Berry\n|\n|-weather|SunnyDay|[upkeep]\n|upkeep\n|\n|t:|1681880346\n|switch|p2a: Finn Fury|Palafin, L50, M|100\/100\n|turn|3\n|\n|t:|1681880355\n|detailschange|p2a: Finn Fury|Palafin-Hero, L50, M\n|switch|p2a: Iron Hands|Iron Hands, L50|100\/100\n|move|p2b: Glimmora|Spiky Shield|p2b: Glimmora\n|-singleturn|p2b: Glimmora|move: Protect\n|move|p1a: Ceruledge|Bitter Blade|p2b: Glimmora\n|-activate|p2b: Glimmora|move: Protect\n|-damage|p1a: Ceruledge|78\/100|[from] Spiky Shield|[of] p2b: Glimmora\n|move|p1b: Torkoal|Solar Beam||[still]\n|-prepare|p1b: Torkoal|Solar Beam\n|-anim|p1b: Torkoal|Solar Beam|p2a: Iron Hands\n|-damage|p2a: Iron Hands|80\/100\n|\n|-weather|SunnyDay|[upkeep]\n|upkeep\n|turn|4\n|\n|t:|1681880372\n|move|p2b: Glimmora|Power Gem|p1a: Ceruledge\n|-supereffective|p1a: Ceruledge\n|-damage|p1a: Ceruledge|0 fnt\n|faint|p1a: Ceruledge\n|move|p2a: Iron Hands|Volt Switch|p1b: Torkoal\n|-damage|p1b: Torkoal|0 fnt\n|faint|p1b: Torkoal\n|\n|t:|1681880377\n|-end|p2a: Iron Hands|Quark Drive|[silent]\n|switch|p2a: Finn Fury|Palafin-Hero, L50, M|100\/100|[from] Volt Switch\n|-activate|p2a: Finn Fury|ability: Zero to Hero\n|\n|-weather|SunnyDay|[upkeep]\n|upkeep\n|\n|t:|1681880384\n|switch|p1b: Chi-Yu|Chi-Yu, L50|100\/100\n|-ability|p1b: Chi-Yu|Beads of Ruin\n|turn|5\n|\n|t:|1681880411\n|move|p2a: Finn Fury|Protect|p2a: Finn Fury\n|-singleturn|p2a: Finn Fury|Protect\n|move|p2b: Glimmora|Spiky Shield|p2b: Glimmora\n|-singleturn|p2b: Glimmora|move: Protect\n|move|p1b: Chi-Yu|Lava Plume|p2a: Finn Fury|[spread] \n|-activate|p2a: Finn Fury|move: Protect\n|-activate|p2b: Glimmora|move: Protect\n|\n|-weather|SunnyDay|[upkeep]\n|upkeep\n|turn|6\n|\n|t:|1681880424\n|move|p2a: Finn Fury|Wave Crash|p1b: Chi-Yu\n|-supereffective|p1b: Chi-Yu\n|-damage|p1b: Chi-Yu|8\/100\n|-damage|p2a: Finn Fury|75\/100|[from] Recoil\n|move|p2b: Glimmora|Power Gem|p1b: Chi-Yu\n|-supereffective|p1b: Chi-Yu\n|-damage|p1b: Chi-Yu|0 fnt\n|faint|p1b: Chi-Yu\n|\n|win|Echo Rose#9471\n|raw|aoueaoeua's rating: 1148 → 1126<\/strong> (-22 for losing)\n|raw|Echo Rose#9471's rating: 1196 → 1218<\/strong> (+22 for winning)\n|l|\u2606aoueaoeua\n","uploadtime":1681880435,"views":6,"p1id":"aoueaoeua","p2id":"echorose9471","formatid":"gen9vgc2023regulationc","rating":1126,"private":0,"password":""}