{"id":"gen9vgc2023regulationc-1855855721","p1":"Erinino21","p2":"Neil278","format":"[Gen 9] VGC 2023 Regulation C","log":"|j|\u2606Erinino21\n|j|\u2606Neil278\n|t:|1682992315\n|gametype|doubles\n|player|p1|Erinino21|dawn|1177\n|player|p2|Neil278|1|1266\n|teamsize|p1|6\n|teamsize|p2|6\n|gen|9\n|tier|[Gen 9] VGC 2023 Regulation C\n|rated|\n|rule|Species Clause: Limit one of each Pok\u00e9mon\n|rule|Item Clause: Limit one of each item\n|clearpoke\n|poke|p1|Ceruledge, L50, M|\n|poke|p1|Scizor, L50, F|\n|poke|p1|Amoonguss, L50, F|\n|poke|p1|Ting-Lu, L50|\n|poke|p1|Gyarados, L50, F|\n|poke|p1|Flutter Mane, L50|\n|poke|p2|Iron Bundle, L50|\n|poke|p2|Iron Hands, L50|\n|poke|p2|Chi-Yu, L50|\n|poke|p2|Ting-Lu, L50|\n|poke|p2|Flutter Mane, L50|\n|poke|p2|Amoonguss, L50, M|\n|teampreview|4\n|\n|t:|1682992385\n|start\n|switch|p1a: Ceruledge|Ceruledge, L50, M, shiny|100\/100\n|switch|p1b: Gyarados|Gyarados, L50, F, shiny|100\/100\n|switch|p2a: Iron Hands|Iron Hands, L50|100\/100\n|switch|p2b: Chi-Yu|Chi-Yu, L50|100\/100\n|-ability|p2b: Chi-Yu|Beads of Ruin\n|-ability|p1b: Gyarados|Intimidate|boost\n|-unboost|p2a: Iron Hands|atk|1\n|-unboost|p2b: Chi-Yu|atk|1\n|turn|1\n|\n|t:|1682992411\n|-terastallize|p1b: Gyarados|Ground\n|move|p2b: Chi-Yu|Dark Pulse|p1a: Ceruledge\n|-supereffective|p1a: Ceruledge\n|-damage|p1a: Ceruledge|4\/100\n|move|p1b: Gyarados|Waterfall|p2a: Iron Hands\n|-damage|p2a: Iron Hands|74\/100\n|move|p1a: Ceruledge|Bulk Up|p1a: Ceruledge\n|-boost|p1a: Ceruledge|atk|1\n|-boost|p1a: Ceruledge|def|1\n|move|p2a: Iron Hands|Wild Charge|p1b: Gyarados\n|-immune|p1b: Gyarados\n|\n|upkeep\n|turn|2\n|\n|t:|1682992442\n|-terastallize|p2a: Iron Hands|Flying\n|move|p1a: Ceruledge|Protect|p1a: Ceruledge\n|-singleturn|p1a: Ceruledge|Protect\n|move|p2b: Chi-Yu|Overheat|p1b: Gyarados\n|-damage|p1b: Gyarados|15\/100\n|-unboost|p2b: Chi-Yu|spa|2\n|move|p1b: Gyarados|Waterfall|p2b: Chi-Yu\n|-supereffective|p2b: Chi-Yu\n|-enditem|p2b: Chi-Yu|Focus Sash\n|-damage|p2b: Chi-Yu|1\/100\n|move|p2a: Iron Hands|Stomping Tantrum|p1a: Ceruledge\n|-activate|p1a: Ceruledge|move: Protect\n|\n|upkeep\n|turn|3\n|\n|t:|1682992470\n|move|p1a: Ceruledge|Shadow Sneak|p2b: Chi-Yu\n|-resisted|p2b: Chi-Yu\n|-damage|p2b: Chi-Yu|0 fnt\n|faint|p2b: Chi-Yu\n|-damage|p1a: Ceruledge|0 fnt|[from] item: Life Orb\n|faint|p1a: Ceruledge\n|move|p1b: Gyarados|Waterfall|p2a: Iron Hands\n|-damage|p2a: Iron Hands|46\/100\n|move|p2a: Iron Hands|Drain Punch|p1b: Gyarados\n|-damage|p1b: Gyarados|0 fnt\n|-heal|p2a: Iron Hands|52\/100|[from] drain|[of] p1b: Gyarados\n|faint|p1b: Gyarados\n|\n|upkeep\n|\n|t:|1682992486\n|switch|p2b: Iron Bundle|Iron Bundle, L50|100\/100\n|switch|p1b: Scizor|Scizor, L50, F|100\/100\n|switch|p1a: Flutter Mane|Flutter Mane, L50|100\/100\n|-enditem|p2b: Iron Bundle|Booster Energy\n|-activate|p2b: Iron Bundle|ability: Quark Drive|[fromitem]\n|-start|p2b: Iron Bundle|quarkdrivespe\n|turn|4\n|\n|t:|1682992508\n|move|p1b: Scizor|Bullet Punch|p2a: Iron Hands\n|-damage|p2a: Iron Hands|18\/100\n|move|p2b: Iron Bundle|Hydro Pump|p1b: Scizor\n|-damage|p1b: Scizor|12\/100\n|move|p1a: Flutter Mane|Dazzling Gleam|p2a: Iron Hands|[spread] p2a,p2b\n|-crit|p2a: Iron Hands\n|-damage|p2a: Iron Hands|0 fnt\n|-damage|p2b: Iron Bundle|0 fnt\n|faint|p2a: Iron Hands\n|-end|p2a: Iron Hands|Quark Drive|[silent]\n|faint|p2b: Iron Bundle\n|-end|p2b: Iron Bundle|Quark Drive|[silent]\n|\n|upkeep\n|\n|t:|1682992516\n|switch|p2b: Flutter Mane|Flutter Mane, L50|100\/100\n|turn|5\n|c|\u2606Erinino21|gg wp\n|c|\u2606Neil278|GG\n|\n|t:|1682992532\n|move|p1b: Scizor|Bullet Punch|p2b: Flutter Mane\n|-supereffective|p2b: Flutter Mane\n|-damage|p2b: Flutter Mane|0 fnt\n|faint|p2b: Flutter Mane\n|-end|p2b: Flutter Mane|Protosynthesis|[silent]\n|\n|win|Erinino21\n|raw|Erinino21's rating: 1177 → 1210<\/strong> (+33 for winning)\n|raw|Neil278's rating: 1285 → 1252<\/strong> (-33 for losing)\n","uploadtime":1682992560,"views":19,"p1id":"erinino21","p2id":"neil278","formatid":"gen9vgc2023regulationc","rating":1210,"private":0,"password":""}