{"id":"gen9vgc2023regulationc-1847016496","p1":"Ricardo Randorez","p2":"Emmylouuu","format":"[Gen 9] VGC 2023 Regulation C","log":"|j|\u2606Ricardo Randorez\n|j|\u2606Emmylouuu\n|t:|1681911978\n|gametype|doubles\n|player|p1|Ricardo Randorez|102|1066\n|player|p2|Emmylouuu|170|1080\n|teamsize|p1|6\n|teamsize|p2|6\n|gen|9\n|tier|[Gen 9] VGC 2023 Regulation C\n|rated|\n|rule|Species Clause: Limit one of each Pok\u00e9mon\n|rule|Item Clause: Limit one of each item\n|clearpoke\n|poke|p1|Arcanine, L50, F|\n|poke|p1|Gyarados, L50, F|\n|poke|p1|Wo-Chien, L50|\n|poke|p1|Iron Jugulis, L50|\n|poke|p1|Dragonite, L50, M|\n|poke|p1|Ting-Lu, L50|\n|poke|p2|Chi-Yu, L50|\n|poke|p2|Dachsbun, L50, M|\n|poke|p2|Iron Hands, L50|\n|poke|p2|Kingambit, L50, F|\n|poke|p2|Flutter Mane, L50|\n|poke|p2|Tatsugiri-Droopy, L50, F|\n|teampreview|4\n|\n|t:|1681911999\n|start\n|switch|p1a: Arcanine|Arcanine, L50, F|100\/100\n|switch|p1b: Gyarados|Gyarados, L50, F|100\/100\n|switch|p2a: Chi-Yu|Chi-Yu, L50|100\/100\n|switch|p2b: Dachsbun|Dachsbun, L50, M|100\/100\n|-ability|p2a: Chi-Yu|Beads of Ruin\n|-ability|p1a: Arcanine|Intimidate|boost\n|-unboost|p2a: Chi-Yu|atk|1\n|-unboost|p2b: Dachsbun|atk|1\n|-ability|p1b: Gyarados|Intimidate|boost\n|-unboost|p2a: Chi-Yu|atk|1\n|-unboost|p2b: Dachsbun|atk|1\n|turn|1\n|inactive|Battle timer is ON: inactive players will automatically lose when time's up. (requested by Ricardo Randorez)\n|inactive|Emmylouuu has 60 seconds left.\n|\n|t:|1681912037\n|switch|p2a: Tatsugiri|Tatsugiri-Droopy, L50, F|100\/100\n|move|p2b: Dachsbun|Body Press|p1a: Arcanine\n|-damage|p1a: Arcanine|74\/100\n|move|p1b: Gyarados|Dragon Dance|p1b: Gyarados\n|-boost|p1b: Gyarados|atk|1\n|-boost|p1b: Gyarados|spe|1\n|move|p1a: Arcanine|Snarl|p2b: Dachsbun|[spread] p2a,p2b\n|-resisted|p2b: Dachsbun\n|-damage|p2a: Tatsugiri|88\/100\n|-damage|p2b: Dachsbun|96\/100\n|-unboost|p2a: Tatsugiri|spa|1\n|-unboost|p2b: Dachsbun|spa|1\n|\n|upkeep\n|turn|2\n|inactive|Ricardo Randorez has 30 seconds left.\n|inactive|Emmylouuu has 30 seconds left.\n|\n|t:|1681912067\n|switch|p2b: Kingambit|Kingambit, L50, F|100\/100\n|move|p1b: Gyarados|Dragon Dance|p1b: Gyarados\n|-boost|p1b: Gyarados|atk|1\n|-boost|p1b: Gyarados|spe|1\n|move|p2a: Tatsugiri|Muddy Water|p1a: Arcanine|[spread] p1a,p1b\n|-supereffective|p1a: Arcanine\n|-resisted|p1b: Gyarados\n|-damage|p1a: Arcanine|27\/100\n|-damage|p1b: Gyarados|90\/100\n|-unboost|p1a: Arcanine|accuracy|1\n|move|p1a: Arcanine|Howl|p1a: Arcanine|[spread] p1a,p1b\n|-boost|p1a: Arcanine|atk|1\n|-boost|p1b: Gyarados|atk|1\n|\n|upkeep\n|turn|3\n|\n|t:|1681912092\n|-terastallize|p1b: Gyarados|Flying\n|move|p2a: Tatsugiri|Protect|p2a: Tatsugiri\n|-singleturn|p2a: Tatsugiri|Protect\n|move|p1a: Arcanine|Extreme Speed|p2a: Tatsugiri\n|-activate|p2a: Tatsugiri|move: Protect\n|move|p2b: Kingambit|Sucker Punch|p1b: Gyarados\n|-crit|p1b: Gyarados\n|-damage|p1b: Gyarados|26\/100\n|move|p1b: Gyarados|Tera Blast|p2b: Kingambit\n|-resisted|p2b: Kingambit\n|-damage|p2b: Kingambit|48\/100\n|\n|upkeep\n|turn|4\n|\n|t:|1681912116\n|move|p1b: Gyarados|Protect|p1b: Gyarados\n|-singleturn|p1b: Gyarados|Protect\n|move|p2b: Kingambit|Sucker Punch|p1a: Arcanine\n|-damage|p1a: Arcanine|0 fnt\n|faint|p1a: Arcanine\n|move|p2a: Tatsugiri|Muddy Water|p1b: Gyarados\n|-activate|p1b: Gyarados|move: Protect\n|\n|upkeep\n|\n|t:|1681912132\n|switch|p1a: lilsexxi|Wo-Chien, L50|100\/100\n|-ability|p1a: lilsexxi|Tablets of Ruin\n|turn|5\n|\n|t:|1681912143\n|move|p2a: Tatsugiri|Protect|p2a: Tatsugiri\n|-singleturn|p2a: Tatsugiri|Protect\n|move|p1b: Gyarados|Dragon Dance|p1b: Gyarados\n|-boost|p1b: Gyarados|atk|1\n|-boost|p1b: Gyarados|spe|1\n|move|p1a: lilsexxi|Leech Seed|p2b: Kingambit\n|-start|p2b: Kingambit|move: Leech Seed\n|move|p2b: Kingambit|X-Scissor|p1a: lilsexxi\n|-supereffective|p1a: lilsexxi\n|-damage|p1a: lilsexxi|28\/100\n|\n|-heal|p1a: lilsexxi|34\/100|[from] item: Leftovers\n|-damage|p2b: Kingambit|36\/100|[from] Leech Seed|[of] p1a: lilsexxi\n|-heal|p1a: lilsexxi|47\/100|[silent]\n|upkeep\n|turn|6\n|\n|t:|1681912163\n|move|p1b: Gyarados|Protect|p1b: Gyarados\n|-singleturn|p1b: Gyarados|Protect\n|move|p1a: lilsexxi|Protect|p1a: lilsexxi\n|-singleturn|p1a: lilsexxi|Protect\n|move|p2b: Kingambit|Sucker Punch||[still]\n|-fail|p2b: Kingambit\n|move|p2a: Tatsugiri|Draco Meteor|p1a: lilsexxi\n|-activate|p1a: lilsexxi|move: Protect\n|\n|-heal|p1a: lilsexxi|53\/100|[from] item: Leftovers\n|-damage|p2b: Kingambit|24\/100|[from] Leech Seed|[of] p1a: lilsexxi\n|-heal|p1a: lilsexxi|66\/100|[silent]\n|upkeep\n|turn|7\n|\n|t:|1681912185\n|switch|p2a: Dachsbun|Dachsbun, L50, M|96\/100\n|switch|p2b: Chi-Yu|Chi-Yu, L50|100\/100\n|-ability|p2b: Chi-Yu|Beads of Ruin\n|move|p1b: Gyarados|Dragon Dance|p1b: Gyarados\n|-boost|p1b: Gyarados|atk|1\n|-boost|p1b: Gyarados|spe|1\n|move|p1a: lilsexxi|Pollen Puff|p1b: Gyarados\n|-heal|p1b: Gyarados|76\/100\n|\n|-heal|p1a: lilsexxi|72\/100|[from] item: Leftovers\n|upkeep\n|turn|8\n|\n|t:|1681912209\n|move|p2a: Dachsbun|Helping Hand|p2b: Chi-Yu\n|-singleturn|p2b: Chi-Yu|Helping Hand|[of] p2a: Dachsbun\n|move|p1b: Gyarados|Tera Blast|p2b: Chi-Yu\n|-damage|p2b: Chi-Yu|0 fnt\n|faint|p2b: Chi-Yu\n|move|p1a: lilsexxi|Leech Seed|p2a: Dachsbun|[miss]\n|-miss|p1a: lilsexxi|p2a: Dachsbun\n|\n|-heal|p1a: lilsexxi|78\/100|[from] item: Leftovers\n|upkeep\n|\n|t:|1681912223\n|switch|p2b: Kingambit|Kingambit, L50, F|24\/100\n|turn|9\n|\n|t:|1681912238\n|-terastallize|p2b: Kingambit|Flying\n|move|p1b: Gyarados|Protect|p1b: Gyarados\n|-singleturn|p1b: Gyarados|Protect\n|move|p2b: Kingambit|Sucker Punch||[still]\n|-fail|p2b: Kingambit\n|move|p2a: Dachsbun|Body Press|p1a: lilsexxi\n|-supereffective|p1a: lilsexxi\n|-damage|p1a: lilsexxi|44\/100\n|move|p1a: lilsexxi|Leech Seed|p2b: Kingambit\n|-start|p2b: Kingambit|move: Leech Seed\n|\n|-heal|p1a: lilsexxi|50\/100|[from] item: Leftovers\n|-damage|p2b: Kingambit|12\/100|[from] Leech Seed|[of] p1a: lilsexxi\n|-heal|p1a: lilsexxi|63\/100|[silent]\n|upkeep\n|turn|10\n|inactive|Ricardo Randorez has 30 seconds left.\n|inactive|Emmylouuu has 30 seconds left.\n|\n|t:|1681912271\n|move|p2a: Dachsbun|Helping Hand|p2b: Kingambit\n|-singleturn|p2b: Kingambit|Helping Hand|[of] p2a: Dachsbun\n|move|p1b: Gyarados|Dragon Dance|p1b: Gyarados\n|-boost|p1b: Gyarados|atk|1\n|-boost|p1b: Gyarados|spe|1\n|move|p1a: lilsexxi|Leech Seed|p2a: Dachsbun\n|-start|p2a: Dachsbun|move: Leech Seed\n|move|p2b: Kingambit|Tera Blast|p1a: lilsexxi\n|-supereffective|p1a: lilsexxi\n|-damage|p1a: lilsexxi|0 fnt\n|faint|p1a: lilsexxi\n|\n|upkeep\n|\n|t:|1681912284\n|switch|p1a: Ting-Lu|Ting-Lu, L50|100\/100\n|-ability|p1a: Ting-Lu|Vessel of Ruin\n|turn|11\n|\n|t:|1681912296\n|move|p2b: Kingambit|Sucker Punch|p1b: Gyarados\n|-damage|p1b: Gyarados|32\/100\n|move|p1b: Gyarados|Waterfall|p2a: Dachsbun\n|-damage|p2a: Dachsbun|0 fnt\n|faint|p2a: Dachsbun\n|move|p1a: Ting-Lu|Earthquake|p2b: Kingambit|[spread] \n|-immune|p1b: Gyarados\n|-immune|p2b: Kingambit\n|\n|-damage|p2b: Kingambit|0 fnt|[from] Leech Seed|[of] p1a: Ting-Lu\n|faint|p2b: Kingambit\n|upkeep\n|\n|t:|1681912310\n|switch|p2b: Tatsugiri|Tatsugiri-Droopy, L50, F|88\/100\n|turn|12\n|\n|t:|1681912319\n|move|p1b: Gyarados|Tera Blast|p2b: Tatsugiri\n|-damage|p2b: Tatsugiri|0 fnt\n|faint|p2b: Tatsugiri\n|\n|win|Ricardo Randorez\n|raw|Ricardo Randorez's rating: 1066 → 1097<\/strong> (+31 for winning)\n|raw|Emmylouuu's rating: 1080 → 1057<\/strong> (-23 for losing)\n|l|\u2606Emmylouuu\n","uploadtime":1681912327,"views":4,"p1id":"ricardorandorez","p2id":"emmylouuu","formatid":"gen9vgc2023regulationc","rating":1057,"private":0,"password":""}