{"id":"gen9vgc2023regulationc-1846545804","p1":"CbuttyVGC","p2":"empEDWiN","format":"[Gen 9] VGC 2023 Regulation C","log":"|j|\u2606CbuttyVGC\n|j|\u2606empEDWiN\n|t:|1681850270\n|gametype|doubles\n|player|p1|CbuttyVGC|acetrainer-gen4dp|1173\n|player|p2|empEDWiN|collector|1106\n|teamsize|p1|6\n|teamsize|p2|6\n|gen|9\n|tier|[Gen 9] VGC 2023 Regulation C\n|rated|\n|rule|Species Clause: Limit one of each Pok\u00e9mon\n|rule|Item Clause: Limit one of each item\n|clearpoke\n|poke|p1|Ceruledge, L50, M|\n|poke|p1|Scream Tail, L50|\n|poke|p1|Gyarados, L50, M|\n|poke|p1|Chien-Pao, L50|\n|poke|p1|Flutter Mane, L50|\n|poke|p1|Amoonguss, L50, F|\n|poke|p2|Chi-Yu, L50|\n|poke|p2|Azumarill, L50, M|\n|poke|p2|Scream Tail, L50|\n|poke|p2|Chien-Pao, L50|\n|poke|p2|Grimmsnarl, L50, M|\n|poke|p2|Ceruledge, L50, F|\n|teampreview|4\n|inactive|Battle timer is ON: inactive players will automatically lose when time's up. (requested by CbuttyVGC)\n|inactive|CbuttyVGC has 60 seconds left.\n|inactive|empEDWiN has 60 seconds left.\n|\n|t:|1681850329\n|start\n|switch|p1a: Gyarados|Gyarados, L50, M|100\/100\n|switch|p1b: Scream Tail|Scream Tail, L50|100\/100\n|switch|p2a: Scream Tail|Scream Tail, L50|100\/100\n|switch|p2b: Chi-Yu|Chi-Yu, L50|100\/100\n|-ability|p2b: Chi-Yu|Beads of Ruin\n|-ability|p1a: Gyarados|Intimidate|boost\n|-unboost|p2a: Scream Tail|atk|1\n|-unboost|p2b: Chi-Yu|atk|1\n|-enditem|p2a: Scream Tail|Booster Energy\n|-activate|p2a: Scream Tail|ability: Protosynthesis|[fromitem]\n|-start|p2a: Scream Tail|protosynthesisspe\n|-enditem|p1b: Scream Tail|Booster Energy\n|-activate|p1b: Scream Tail|ability: Protosynthesis|[fromitem]\n|-start|p1b: Scream Tail|protosynthesisspe\n|turn|1\n|inactive|empEDWiN has 30 seconds left.\n|inactive|empEDWiN has 20 seconds left.\n|\n|t:|1681850368\n|switch|p2b: Chien-Pao|Chien-Pao, L50|100\/100\n|-ability|p2b: Chien-Pao|Sword of Ruin\n|move|p1a: Gyarados|Protect|p1a: Gyarados\n|-singleturn|p1a: Gyarados|Protect\n|move|p2a: Scream Tail|Play Rough|p1a: Gyarados\n|-activate|p1a: Gyarados|move: Protect\n|move|p1b: Scream Tail|Thunder Wave|p2b: Chien-Pao\n|-status|p2b: Chien-Pao|par\n|\n|upkeep\n|turn|2\n|\n|t:|1681850389\n|move|p1b: Scream Tail|Howl|p1b: Scream Tail|[spread] p1a,p1b\n|-boost|p1a: Gyarados|atk|1\n|-boost|p1b: Scream Tail|atk|1\n|move|p2a: Scream Tail|Play Rough|p1a: Gyarados\n|-damage|p1a: Gyarados|76\/100\n|move|p1a: Gyarados|Taunt|p2a: Scream Tail\n|-start|p2a: Scream Tail|move: Taunt\n|move|p2b: Chien-Pao|Throat Chop|p1b: Scream Tail\n|-damage|p1b: Scream Tail|63\/100\n|-start|p1b: Scream Tail|Throat Chop|[silent]\n|\n|upkeep\n|turn|3\n|\n|t:|1681850406\n|move|p2a: Scream Tail|Play Rough|p1a: Gyarados\n|-damage|p1a: Gyarados|49\/100\n|move|p1b: Scream Tail|Play Rough|p2b: Chien-Pao\n|-supereffective|p2b: Chien-Pao\n|-damage|p2b: Chien-Pao|11\/100 par\n|-unboost|p2b: Chien-Pao|atk|1\n|move|p1a: Gyarados|Waterfall|p2b: Chien-Pao\n|-damage|p2b: Chien-Pao|0 fnt\n|faint|p2b: Chien-Pao\n|\n|-end|p1b: Scream Tail|Throat Chop|[silent]\n|upkeep\n|\n|t:|1681850418\n|switch|p2b: Ceruledge|Ceruledge, L50, F|100\/100\n|turn|4\n|\n|t:|1681850434\n|move|p1a: Gyarados|Protect|p1a: Gyarados\n|-singleturn|p1a: Gyarados|Protect\n|move|p2b: Ceruledge|Protect|p2b: Ceruledge\n|-singleturn|p2b: Ceruledge|Protect\n|move|p1b: Scream Tail|Thunder Wave|p2b: Ceruledge\n|-activate|p2b: Ceruledge|move: Protect\n|move|p2a: Scream Tail|Play Rough|p1a: Gyarados\n|-activate|p1a: Gyarados|move: Protect\n|\n|upkeep\n|turn|5\n|\n|t:|1681850454\n|-terastallize|p2b: Ceruledge|Grass\n|move|p1b: Scream Tail|Encore|p2b: Ceruledge\n|-start|p2b: Ceruledge|Encore\n|move|p2a: Scream Tail|Play Rough|p1a: Gyarados\n|-damage|p1a: Gyarados|30\/100\n|move|p1a: Gyarados|Waterfall|p2a: Scream Tail\n|-damage|p2a: Scream Tail|46\/100\n|move|p2b: Ceruledge|Protect||[still]\n|-fail|p2b: Ceruledge\n|\n|-end|p2a: Scream Tail|move: Taunt\n|upkeep\n|turn|6\n|\n|t:|1681850472\n|switch|p2b: Chi-Yu|Chi-Yu, L50|100\/100\n|-ability|p2b: Chi-Yu|Beads of Ruin\n|move|p1a: Gyarados|Protect|p1a: Gyarados\n|-singleturn|p1a: Gyarados|Protect\n|move|p1b: Scream Tail|Thunder Wave|p2a: Scream Tail\n|-status|p2a: Scream Tail|par\n|cant|p2a: Scream Tail|par\n|\n|upkeep\n|turn|7\n|inactive|empEDWiN has 30 seconds left.\n|\n|t:|1681850497\n|move|p2b: Chi-Yu|Dark Pulse|p1a: Gyarados\n|-damage|p1a: Gyarados|0 fnt\n|faint|p1a: Gyarados\n|move|p1b: Scream Tail|Thunder Wave|p2b: Chi-Yu\n|-status|p2b: Chi-Yu|par\n|move|p2a: Scream Tail|Misty Terrain|p2a: Scream Tail\n|-fieldstart|move: Misty Terrain\n|\n|upkeep\n|\n|t:|1681850506\n|switch|p1a: Ceruledge|Ceruledge, L50, M|100\/100\n|turn|8\n|-message|empEDWiN forfeited.\n|\n|win|CbuttyVGC\n|raw|CbuttyVGC's rating: 1173 → 1193<\/strong> (+20 for winning)\n|raw|empEDWiN's rating: 1106 → 1086<\/strong> (-20 for losing)\n|l|\u2606empEDWiN\n","uploadtime":1681850510,"views":5,"p1id":"cbuttyvgc","p2id":"empedwin","formatid":"gen9vgc2023regulationc","rating":1086,"private":0,"password":""}