{"id":"gen9vgc2023regulationc-1850002101","p1":"WillieDangerously","p2":"henryrneh","format":"[Gen 9] VGC 2023 Regulation C","log":"|j|\u2606WillieDangerously\n|j|\u2606henryrneh\n|t:|1682276820\n|gametype|doubles\n|player|p1|WillieDangerously|psychic-gen4|1092\n|player|p2|henryrneh|hugh|1000\n|teamsize|p1|6\n|teamsize|p2|6\n|gen|9\n|tier|[Gen 9] VGC 2023 Regulation C\n|rated|\n|rule|Species Clause: Limit one of each Pok\u00e9mon\n|rule|Item Clause: Limit one of each item\n|clearpoke\n|poke|p1|Espathra, L50, M|\n|poke|p1|Iron Bundle, L50|\n|poke|p1|Iron Valiant, L50|\n|poke|p1|Salamence, L50, M|\n|poke|p1|Scizor, L50, F|\n|poke|p1|Sandy Shocks, L50|\n|poke|p2|Flutter Mane, L50|\n|poke|p2|Ting-Lu, L50|\n|poke|p2|Annihilape, L50, M|\n|poke|p2|Cyclizar, L50, F|\n|poke|p2|Dragonite, L50, M|\n|poke|p2|Pelipper, L50, M|\n|teampreview|4\n|\n|t:|1682276853\n|start\n|switch|p1a: Sandy Shocks|Sandy Shocks, L50|100\/100\n|switch|p1b: Iron Bundle|Iron Bundle, L50|100\/100\n|switch|p2a: Flutter Mane|Flutter Mane, L50|100\/100\n|switch|p2b: Cyclizar|Cyclizar, L50, F|100\/100\n|-enditem|p1a: Sandy Shocks|Booster Energy\n|-activate|p1a: Sandy Shocks|ability: Protosynthesis|[fromitem]\n|-start|p1a: Sandy Shocks|protosynthesisspe\n|turn|1\n|\n|t:|1682276886\n|move|p2a: Flutter Mane|Energy Ball|p1a: Sandy Shocks\n|-supereffective|p1a: Sandy Shocks\n|-damage|p1a: Sandy Shocks|21\/100\n|move|p1a: Sandy Shocks|Gravity|p1a: Sandy Shocks\n|-fieldstart|move: Gravity\n|move|p1b: Iron Bundle|Blizzard|p2b: Cyclizar|[spread] p2a,p2b\n|-supereffective|p2b: Cyclizar\n|-damage|p2a: Flutter Mane|61\/100\n|-damage|p2b: Cyclizar|0 fnt\n|faint|p2b: Cyclizar\n|\n|upkeep\n|\n|t:|1682276896\n|switch|p2b: Annihilape|Annihilape, L50, M|100\/100\n|turn|2\n|\n|t:|1682276922\n|-end|p1a: Sandy Shocks|Protosynthesis|[silent]\n|switch|p1a: Scizor|Scizor, L50, F|100\/100\n|move|p1b: Iron Bundle|Protect|p1b: Iron Bundle\n|-singleturn|p1b: Iron Bundle|Protect\n|move|p2a: Flutter Mane|Energy Ball|p1a: Scizor\n|-resisted|p1a: Scizor\n|-damage|p1a: Scizor|90\/100\n|move|p2b: Annihilape|Bulk Up|p2b: Annihilape\n|-boost|p2b: Annihilape|atk|1\n|-boost|p2b: Annihilape|def|1\n|\n|upkeep\n|turn|3\n|\n|t:|1682276944\n|-end|p2a: Flutter Mane|Protosynthesis|[silent]\n|switch|p2a: Dragonite|Dragonite, L50, M|100\/100\n|move|p1b: Iron Bundle|Hydro Pump|p2b: Annihilape\n|-damage|p2b: Annihilape|44\/100\n|move|p2b: Annihilape|Drain Punch|p1b: Iron Bundle\n|-supereffective|p1b: Iron Bundle\n|-damage|p1b: Iron Bundle|0 fnt\n|-heal|p2b: Annihilape|80\/100|[from] drain|[of] p1b: Iron Bundle\n|faint|p1b: Iron Bundle\n|-end|p1b: Iron Bundle|Quark Drive|[silent]\n|move|p1a: Scizor|Swords Dance|p1a: Scizor\n|-boost|p1a: Scizor|atk|2\n|\n|upkeep\n|\n|t:|1682276956\n|switch|p1b: Salamence|Salamence, L50, M|100\/100\n|turn|4\n|\n|t:|1682276984\n|-terastallize|p1b: Salamence|Rock\n|-terastallize|p2b: Annihilape|Poison\n|move|p1a: Scizor|Bullet Punch|p2a: Dragonite\n|-damage|p2a: Dragonite|69\/100\n|move|p1b: Salamence|Dragon Rush|p2b: Annihilape\n|-damage|p2b: Annihilape|38\/100\n|move|p2b: Annihilape|Rage Fist|p1a: Scizor\n|-damage|p1a: Scizor|0 fnt\n|faint|p1a: Scizor\n|move|p2a: Dragonite|Dragon Claw|p1b: Salamence\n|-damage|p1b: Salamence|23\/100\n|\n|upkeep\n|\n|t:|1682277000\n|switch|p1a: Sandy Shocks|Sandy Shocks, L50|21\/100\n|turn|5\n|\n|t:|1682277015\n|move|p1b: Salamence|Dragon Rush|p2a: Dragonite\n|-supereffective|p2a: Dragonite\n|-damage|p2a: Dragonite|0 fnt\n|faint|p2a: Dragonite\n|-ability|p1b: Salamence|Moxie|boost\n|-boost|p1b: Salamence|atk|1\n|move|p1a: Sandy Shocks|Earth Power|p2b: Annihilape\n|-supereffective|p2b: Annihilape\n|-damage|p2b: Annihilape|0 fnt\n|faint|p2b: Annihilape\n|\n|-fieldend|move: Gravity\n|upkeep\n|\n|t:|1682277026\n|switch|p2b: Flutter Mane|Flutter Mane, L50|61\/100\n|turn|6\n|\n|t:|1682277041\n|move|p2b: Flutter Mane|Draining Kiss|p1b: Salamence\n|-damage|p1b: Salamence|0 fnt\n|-heal|p2b: Flutter Mane|83\/100|[from] drain|[of] p1b: Salamence\n|faint|p1b: Salamence\n|move|p1a: Sandy Shocks|Thunder|p2b: Flutter Mane\n|-damage|p2b: Flutter Mane|24\/100\n|\n|upkeep\n|turn|7\n|\n|t:|1682277050\n|move|p2b: Flutter Mane|Draining Kiss|p1a: Sandy Shocks\n|-damage|p1a: Sandy Shocks|0 fnt\n|-heal|p2b: Flutter Mane|43\/100|[from] drain|[of] p1a: Sandy Shocks\n|faint|p1a: Sandy Shocks\n|-end|p1a: Sandy Shocks|Protosynthesis|[silent]\n|\n|win|henryrneh\n|raw|WillieDangerously's rating: 1092 → 1062<\/strong> (-30 for losing)\n|raw|henryrneh's rating: 1000 → 1050<\/strong> (+50 for winning)\n","uploadtime":1682277053,"views":4,"p1id":"williedangerously","p2id":"henryrneh","formatid":"gen9vgc2023regulationc","rating":1050,"private":0,"password":""}