{"id":"gen9vgc2023regulationc-1849339728","p1":"KnickNom","p2":"CurryBean","format":"[Gen 9] VGC 2023 Regulation C","log":"|j|\u2606KnickNom\n|j|\u2606CurryBean\n|t:|1682187632\n|gametype|doubles\n|player|p1|KnickNom|leon|\n|player|p2|CurryBean|169|\n|teamsize|p1|6\n|teamsize|p2|6\n|gen|9\n|tier|[Gen 9] VGC 2023 Regulation C\n|rule|Species Clause: Limit one of each Pok\u00e9mon\n|rule|Item Clause: Limit one of each item\n|clearpoke\n|poke|p1|Talonflame, L50, M|\n|poke|p1|Garchomp, L50, F|\n|poke|p1|Salazzle, L50, F|\n|poke|p1|Houndoom, L50, F|\n|poke|p1|Rotom-Wash, L50|\n|poke|p1|Breloom, L50, F|\n|poke|p2|Talonflame, L50, M|\n|poke|p2|Garchomp, L50, M|\n|poke|p2|Arcanine, L50, M|\n|poke|p2|Komala, L50, M|\n|poke|p2|Salazzle, L50, F|\n|poke|p2|Tyranitar, L50, M|\n|teampreview|4\n|c|\u2606CurryBean|g3\n|j| uka uka uka\n|j| LordGodMcFuckYou\n|c| LordGodMcFuckYou|first\n|c|\u2606KnickNom|who knew\n|c|\u2606KnickNom|this series\n|c|\u2606KnickNom|would get so crazy\n|c|\u2606CurryBean|LOL\n|j| DigYourGrave\n|j| Napp02\n|c| Napp02|gort\n|j| Lugiabirb\n|c| DigYourGrave|:O\n|\n|t:|1682188435\n|start\n|switch|p1a: Salazzle|Salazzle, L50, F|100\/100\n|switch|p1b: Rotom|Rotom-Wash, L50|100\/100\n|switch|p2a: Dreamweaver|Komala, L50, M|100\/100\n|switch|p2b: Shadowcrush|Tyranitar, L50, M|100\/100\n|-ability|p2a: Dreamweaver|Comatose\n|-weather|Sandstorm|[from] ability: Sand Stream|[of] p2b: Shadowcrush\n|turn|1\n|\n|t:|1682188462\n|-terastallize|p1b: Rotom|Steel\n|move|p1a: Salazzle|Fake Out|p2b: Shadowcrush\n|-resisted|p2b: Shadowcrush\n|-damage|p2b: Shadowcrush|98\/100\n|move|p1b: Rotom|Will-O-Wisp|p2a: Dreamweaver\n|-immune|p2a: Dreamweaver|[from] ability: Comatose\n|move|p2a: Dreamweaver|Wood Hammer|p1b: Rotom\n|-resisted|p1b: Rotom\n|-damage|p1b: Rotom|84\/100\n|-damage|p2a: Dreamweaver|95\/100|[from] Recoil\n|cant|p2b: Shadowcrush|flinch\n|\n|-weather|Sandstorm|[upkeep]\n|-damage|p1a: Salazzle|94\/100|[from] Sandstorm\n|-damage|p2a: Dreamweaver|89\/100|[from] Sandstorm\n|-heal|p1a: Salazzle|100\/100|[from] item: Black Sludge\n|upkeep\n|turn|2\n|c|\u2606KnickNom|wait\n|c| Lugiabirb|knicknom moment\n|c| DigYourGrave|oh well\n|c| LordGodMcFuckYou|lmao\n|\n|t:|1682188498\n|move|p1a: Salazzle|Sludge Bomb|p2b: Shadowcrush\n|-resisted|p2b: Shadowcrush\n|-damage|p2b: Shadowcrush|86\/100\n|move|p1b: Rotom|Hydro Pump|p2b: Shadowcrush\n|-supereffective|p2b: Shadowcrush\n|-damage|p2b: Shadowcrush|36\/100\n|move|p2a: Dreamweaver|U-turn|p1b: Rotom\n|-resisted|p1b: Rotom\n|-damage|p1b: Rotom|74\/100\n|j| Famyos\n|\n|t:|1682188522\n|switch|p2a: Blazebeak|Talonflame, L50, M|100\/100|[from] U-turn\n|move|p2b: Shadowcrush|Stone Edge|p1a: Salazzle\n|-supereffective|p1a: Salazzle\n|-damage|p1a: Salazzle|0 fnt\n|faint|p1a: Salazzle\n|\n|-weather|Sandstorm|[upkeep]\n|-damage|p2a: Blazebeak|95\/100|[from] Sandstorm\n|upkeep\n|\n|t:|1682188531\n|switch|p1a: Garchomp|Garchomp, L50, F|100\/100\n|turn|3\n|c| Lugiabirb|who hits\n|c| Napp02|Him\n|\n|t:|1682188570\n|move|p1b: Rotom|Protect|p1b: Rotom\n|-singleturn|p1b: Rotom|Protect\n|move|p1a: Garchomp|Rock Slide|p2b: Shadowcrush|[spread] p2b\n|-miss|p1a: Garchomp|p2a: Blazebeak\n|-damage|p2b: Shadowcrush|20\/100\n|move|p2a: Blazebeak|Flare Blitz|p1b: Rotom\n|-activate|p1b: Rotom|move: Protect\n|move|p2b: Shadowcrush|Crunch|p1b: Rotom\n|-activate|p1b: Rotom|move: Protect\n|\n|-weather|Sandstorm|[upkeep]\n|-damage|p2a: Blazebeak|89\/100|[from] Sandstorm\n|upkeep\n|turn|4\n|c| DigYourGrave|oooof\n|\n|t:|1682188592\n|move|p1a: Garchomp|Rock Slide|p2b: Shadowcrush|[spread] p2a,p2b\n|-supereffective|p2a: Blazebeak\n|-damage|p2a: Blazebeak|0 fnt\n|-damage|p2b: Shadowcrush|4\/100\n|faint|p2a: Blazebeak\n|move|p1b: Rotom|Thunderbolt|p2b: Shadowcrush\n|-damage|p2b: Shadowcrush|0 fnt\n|faint|p2b: Shadowcrush\n|\n|-weather|Sandstorm|[upkeep]\n|upkeep\n|\n|t:|1682188596\n|switch|p2a: Dreamweaver|Komala, L50, M|89\/100\n|switch|p2b: Sandshark|Garchomp, L50, M|100\/100\n|-ability|p2a: Dreamweaver|Comatose\n|turn|5\n|\n|t:|1682188623\n|switch|p1a: Talonflame|Talonflame, L50, M|100\/100\n|-terastallize|p2a: Dreamweaver|Fairy\n|move|p2b: Sandshark|Swords Dance|p2b: Sandshark\n|-boost|p2b: Sandshark|atk|2\n|move|p1b: Rotom|Will-O-Wisp|p2b: Sandshark\n|-status|p2b: Sandshark|brn\n|move|p2a: Dreamweaver|Play Rough|p1a: Talonflame\n|-resisted|p1a: Talonflame\n|-damage|p1a: Talonflame|63\/100\n|\n|-weather|none\n|-damage|p2b: Sandshark|94\/100 brn|[from] brn\n|upkeep\n|turn|6\n|c|\u2606KnickNom|thanks loog for telling me i would miss\n|\n|t:|1682188644\n|move|p1a: Talonflame|Brave Bird|p2a: Dreamweaver\n|-damage|p2a: Dreamweaver|7\/100\n|-damage|p1a: Talonflame|33\/100|[from] Recoil\n|move|p2b: Sandshark|Rock Slide|p1a: Talonflame|[spread] p1b\n|-miss|p2b: Sandshark|p1a: Talonflame\n|-resisted|p1b: Rotom\n|-damage|p1b: Rotom|64\/100\n|-damage|p2b: Sandshark|85\/100 brn|[from] item: Life Orb\n|move|p1b: Rotom|Thunderbolt|p2a: Dreamweaver\n|-damage|p2a: Dreamweaver|0 fnt\n|faint|p2a: Dreamweaver\n|\n|-damage|p2b: Sandshark|79\/100 brn|[from] brn\n|upkeep\n|turn|7\n|c| LordGodMcFuckYou|wild\n|c| Lugiabirb|what i do\n|\n|t:|1682188660\n|move|p1a: Talonflame|Brave Bird|p2b: Sandshark\n|-damage|p2b: Sandshark|16\/100 brn\n|-damage|p1a: Talonflame|21\/100|[from] ability: Rough Skin|[of] p2b: Sandshark\n|-damage|p1a: Talonflame|0 fnt|[from] Recoil\n|faint|p1a: Talonflame\n|move|p2b: Sandshark|Rock Slide|p1b: Rotom\n|-resisted|p1b: Rotom\n|-damage|p1b: Rotom|51\/100\n|-damage|p2b: Sandshark|6\/100 brn|[from] item: Life Orb\n|move|p1b: Rotom|Hydro Pump|p2b: Sandshark\n|-damage|p2b: Sandshark|0 fnt\n|faint|p2b: Sandshark\n|\n|win|KnickNom\n|c|\u2606KnickNom|gg\n|c|\u2606CurryBean|gg\n|c|\u2606KnickNom|ill post\n|l| Napp02\n|l| LordGodMcFuckYou\n|l|\u2606CurryBean\n|l| Lugiabirb\n|j| TomSprite\n|l| Famyos\n|j|\u2606CurryBean\n|player|p2|CurryBean|169\n","uploadtime":1682188701,"views":10,"p1id":"knicknom","p2id":"currybean","formatid":"gen9vgc2023regulationc","rating":0,"private":0,"password":""}