{"id":"gen9vgc2023regulationc-1855929172","p1":"Cozy Snail","p2":"SpooBear","format":"[Gen 9] VGC 2023 Regulation C","log":"|j|\u2606Cozy Snail\n|j|\u2606SpooBear\n|t:|1683002140\n|gametype|doubles\n|player|p1|Cozy Snail|fisherman-gen4|\n|player|p2|SpooBear|hiker-gen4|\n|teamsize|p1|6\n|teamsize|p2|6\n|gen|9\n|tier|[Gen 9] VGC 2023 Regulation C\n|rule|Species Clause: Limit one of each Pok\u00e9mon\n|rule|Item Clause: Limit one of each item\n|clearpoke\n|poke|p1|Flutter Mane, L50|\n|poke|p1|Palafin, L50, M|\n|poke|p1|Arcanine, L50, M|\n|poke|p1|Amoonguss, L50, F|\n|poke|p1|Ting-Lu, L50|\n|poke|p1|Iron Hands, L50|\n|poke|p2|Tyranitar, L50, F|\n|poke|p2|Lycanroc, L50, M|\n|poke|p2|Amoonguss, L50, F|\n|poke|p2|Volcarona, L50, M|\n|poke|p2|Gyarados, L50, F|\n|poke|p2|Flutter Mane, L50|\n|teampreview|4\nSpooBear has agreed to open team sheets.\nCozy Snail has agreed to open team sheets.\n|\n|t:|1683002243\n|start\n|switch|p1a: Iron Hands|Iron Hands, L50|100\/100\n|switch|p1b: Palafin|Palafin, L50, M|100\/100\n|switch|p2a: Tyranitar|Tyranitar, L50, F, shiny|100\/100\n|switch|p2b: Lycanroc|Lycanroc, L50, M, shiny|100\/100\n|-weather|Sandstorm|[from] ability: Sand Stream|[of] p2a: Tyranitar\n|turn|1\n|\n|t:|1683002265\n|detailschange|p1b: Palafin|Palafin-Hero, L50, M\n|switch|p1b: Flutter Mane|Flutter Mane, L50, shiny|100\/100\n|-enditem|p1b: Flutter Mane|Booster Energy\n|-activate|p1b: Flutter Mane|ability: Protosynthesis|[fromitem]\n|-start|p1b: Flutter Mane|protosynthesisspa\n|move|p2b: Lycanroc|Protect|p2b: Lycanroc\n|-singleturn|p2b: Lycanroc|Protect\n|move|p2a: Tyranitar|Protect|p2a: Tyranitar\n|-singleturn|p2a: Tyranitar|Protect\n|move|p1a: Iron Hands|Drain Punch|p2a: Tyranitar\n|-activate|p2a: Tyranitar|move: Protect\n|\n|-weather|Sandstorm|[upkeep]\n|-damage|p1b: Flutter Mane|94\/100|[from] Sandstorm\n|-damage|p1a: Iron Hands|94\/100|[from] Sandstorm\n|upkeep\n|turn|2\n|\n|t:|1683002287\n|move|p1b: Flutter Mane|Protect|p1b: Flutter Mane\n|-singleturn|p1b: Flutter Mane|Protect\n|move|p2b: Lycanroc|Rock Slide|p1b: Flutter Mane|[spread] p1a\n|-activate|p1b: Flutter Mane|move: Protect\n|-resisted|p1a: Iron Hands\n|-damage|p1a: Iron Hands|84\/100\n|move|p2a: Tyranitar|Heavy Slam|p1b: Flutter Mane\n|-activate|p1b: Flutter Mane|move: Protect\n|move|p1a: Iron Hands|Drain Punch|p2b: Lycanroc\n|-supereffective|p2b: Lycanroc\n|-enditem|p2b: Lycanroc|Focus Sash\n|-damage|p2b: Lycanroc|1\/100\n|-heal|p1a: Iron Hands|100\/100|[from] drain|[of] p2b: Lycanroc\n|\n|-weather|Sandstorm|[upkeep]\n|-damage|p1b: Flutter Mane|88\/100|[from] Sandstorm\n|-damage|p1a: Iron Hands|94\/100|[from] Sandstorm\n|upkeep\n|turn|3\n|\n|t:|1683002319\n|move|p2b: Lycanroc|Endeavor|p1a: Iron Hands\n|-damage|p1a: Iron Hands|1\/100\n|move|p1b: Flutter Mane|Dazzling Gleam|p2b: Lycanroc|[spread] p2a,p2b\n|-supereffective|p2a: Tyranitar\n|-damage|p2a: Tyranitar|54\/100\n|-damage|p2b: Lycanroc|0 fnt\n|faint|p2b: Lycanroc\n|move|p2a: Tyranitar|Rock Slide|p1b: Flutter Mane|[spread] p1a,p1b\n|-resisted|p1a: Iron Hands\n|-damage|p1a: Iron Hands|0 fnt\n|-damage|p1b: Flutter Mane|47\/100\n|faint|p1a: Iron Hands\n|-end|p1a: Iron Hands|Quark Drive|[silent]\n|\n|-weather|Sandstorm|[upkeep]\n|-damage|p1b: Flutter Mane|40\/100|[from] Sandstorm\n|upkeep\n|\n|t:|1683002332\n|switch|p2b: Gyarados|Gyarados, L50, F, shiny|100\/100\n|switch|p1a: Palafin|Palafin-Hero, L50, M|100\/100\n|-activate|p1a: Palafin|ability: Zero to Hero\n|-ability|p2b: Gyarados|Intimidate|boost\n|-unboost|p1a: Palafin|atk|1\n|-unboost|p1b: Flutter Mane|atk|1\n|turn|4\n|\n|t:|1683002351\n|-terastallize|p1b: Flutter Mane|Fairy\n|move|p2a: Tyranitar|Protect|p2a: Tyranitar\n|-singleturn|p2a: Tyranitar|Protect\n|move|p1b: Flutter Mane|Moonblast|p2b: Gyarados\n|-damage|p2b: Gyarados|16\/100\n|move|p1a: Palafin|Drain Punch|p2a: Tyranitar\n|-activate|p2a: Tyranitar|move: Protect\n|move|p2b: Gyarados|Iron Head|p1b: Flutter Mane\n|-supereffective|p1b: Flutter Mane\n|-damage|p1b: Flutter Mane|0 fnt\n|faint|p1b: Flutter Mane\n|-end|p1b: Flutter Mane|Protosynthesis|[silent]\n|\n|-weather|Sandstorm|[upkeep]\n|-damage|p1a: Palafin|94\/100|[from] Sandstorm\n|-damage|p2b: Gyarados|11\/100|[from] Sandstorm\n|upkeep\n|\n|t:|1683002365\n|switch|p1b: Arcanine|Arcanine, L50, M|100\/100\n|-ability|p1b: Arcanine|Intimidate|boost\n|-fail|p2a: Tyranitar|unboost|[from] item: Clear Amulet|[of] p2a: Tyranitar\n|-unboost|p2b: Gyarados|atk|1\n|turn|5\n|\n|t:|1683002379\n|move|p1b: Arcanine|Extreme Speed|p2b: Gyarados\n|-damage|p2b: Gyarados|0 fnt\n|faint|p2b: Gyarados\n|move|p1a: Palafin|Wave Crash|p2a: Tyranitar\n|-supereffective|p2a: Tyranitar\n|-damage|p2a: Tyranitar|0 fnt\n|faint|p2a: Tyranitar\n|-damage|p1a: Palafin|77\/100|[from] Recoil\n|\n|-weather|none\n|upkeep\n|\n|t:|1683002392\n|switch|p2a: Volcarona|Volcarona, L50, M, shiny|100\/100\n|turn|6\n|\n|t:|1683002404\n|-terastallize|p2a: Volcarona|Grass\n|move|p1a: Palafin|Drain Punch|p2a: Volcarona\n|-damage|p2a: Volcarona|76\/100\n|-heal|p1a: Palafin|89\/100|[from] drain|[of] p2a: Volcarona\n|move|p1b: Arcanine|Howl|p1b: Arcanine|[spread] p1a,p1b\n|-boost|p1a: Palafin|atk|1\n|-boost|p1b: Arcanine|atk|1\n|move|p2a: Volcarona|Giga Drain|p1a: Palafin\n|-supereffective|p1a: Palafin\n|-damage|p1a: Palafin|1\/100\n|-heal|p2a: Volcarona|100\/100|[from] drain|[of] p1a: Palafin\n|\n|upkeep\n|turn|7\n|\n|t:|1683002434\n|move|p1a: Palafin|Drain Punch|p2a: Volcarona\n|-damage|p2a: Volcarona|66\/100\n|-heal|p1a: Palafin|18\/100|[from] drain|[of] p2a: Volcarona\n|move|p1b: Arcanine|Flare Blitz|p2a: Volcarona\n|-supereffective|p2a: Volcarona\n|-damage|p2a: Volcarona|0 fnt\n|faint|p2a: Volcarona\n|-damage|p1b: Arcanine|79\/100|[from] Recoil\n|\n|win|Cozy Snail\n","uploadtime":1683002535,"views":12,"p1id":"cozysnail","p2id":"spoobear","formatid":"gen9vgc2023regulationc","rating":0,"private":0,"password":""}