{"id":"gen9vgc2023regulationc-1861957881","p1":"hl498","p2":"kennyhackerman","format":"[Gen 9] VGC 2023 Regulation C","log":"|j|\u2606hl498\n|j|\u2606kennyhackerman\n|t:|1683824073\n|gametype|doubles\n|player|p1|hl498|hilbert|1274\n|player|p2|kennyhackerman|byron|1301\n|teamsize|p1|6\n|teamsize|p2|6\n|gen|9\n|tier|[Gen 9] VGC 2023 Regulation C\n|rated|\n|rule|Species Clause: Limit one of each Pok\u00e9mon\n|rule|Item Clause: Limit one of each item\n|clearpoke\n|poke|p1|Chi-Yu, L50|\n|poke|p1|Amoonguss, L50, F|\n|poke|p1|Baxcalibur, L50, F|\n|poke|p1|Gyarados, L50, F|\n|poke|p1|Ting-Lu, L50|\n|poke|p1|Flutter Mane, L50|\n|poke|p2|Stantler, L50, M|\n|poke|p2|Iron Hands, L50|\n|poke|p2|Kingambit, L50, M|\n|poke|p2|Sylveon, L50, M|\n|poke|p2|Amoonguss, L50, F|\n|poke|p2|Torkoal, L50, F|\n|teampreview|4\nhl498 has agreed to open team sheets.\n|inactive|Battle timer is ON: inactive players will automatically lose when time's up. (requested by hl498)\n|\n|t:|1683824145\n|start\n|switch|p1a: Something|Gyarados, L50, F|100\/100\n|switch|p1b: Dinosaur|Baxcalibur, L50, F|100\/100\n|switch|p2a: Stantler|Stantler, L50, M|100\/100\n|switch|p2b: Sylveon|Sylveon, L50, M|100\/100\n|-ability|p1a: Something|Intimidate|boost\n|-unboost|p2a: Stantler|atk|1\n|-unboost|p2b: Sylveon|atk|1\n|-ability|p2a: Stantler|Intimidate|boost\n|-unboost|p1a: Something|atk|1\n|-unboost|p1b: Dinosaur|atk|1\n|turn|1\n|\n|t:|1683824161\n|move|p1b: Dinosaur|Protect|p1b: Dinosaur\n|-singleturn|p1b: Dinosaur|Protect\n|move|p2b: Sylveon|Protect|p2b: Sylveon\n|-singleturn|p2b: Sylveon|Protect\n|move|p1a: Something|Icy Wind|p2b: Sylveon|[spread] p2a\n|-activate|p2b: Sylveon|move: Protect\n|-damage|p2a: Stantler|97\/100\n|-unboost|p2a: Stantler|spe|1\n|move|p2a: Stantler|Trick Room|p2a: Stantler\n|-fieldstart|move: Trick Room|[of] p2a: Stantler\n|\n|upkeep\n|turn|2\n|inactive|hl498 has 30 seconds left.\n|inactive|kennyhackerman has 30 seconds left.\n|\n|t:|1683824202\n|switch|p1b: REHEHEHHEH|Flutter Mane, L50, shiny|100\/100\n|-enditem|p1b: REHEHEHHEH|Booster Energy\n|-activate|p1b: REHEHEHHEH|ability: Protosynthesis|[fromitem]\n|-start|p1b: REHEHEHHEH|protosynthesisspa\n|switch|p1a: Bull with a bowl|Ting-Lu, L50|100\/100\n|-ability|p1a: Bull with a bowl|Vessel of Ruin\n|move|p2a: Stantler|Extrasensory|p1b: REHEHEHHEH\n|-damage|p1b: REHEHEHHEH|89\/100\n|move|p2b: Sylveon|Hyper Voice|p1a: Bull with a bowl|[spread] p1a,p1b\n|-supereffective|p1a: Bull with a bowl\n|-damage|p1a: Bull with a bowl|71\/100\n|-damage|p1b: REHEHEHHEH|62\/100\n|-enditem|p2b: Sylveon|Throat Spray\n|-boost|p2b: Sylveon|spa|1|[from] item: Throat Spray\n|\n|upkeep\n|turn|3\n|inactive|kennyhackerman has 30 seconds left.\n|inactive|kennyhackerman has 20 seconds left.\n|inactive|kennyhackerman has 15 seconds left.\n|\n|t:|1683824242\n|move|p1b: REHEHEHHEH|Protect|p1b: REHEHEHHEH\n|-singleturn|p1b: REHEHEHHEH|Protect\n|move|p2a: Stantler|Disable||[still]\n|-fail|p2a: Stantler\n|move|p1a: Bull with a bowl|Heavy Slam|p2b: Sylveon\n|-supereffective|p2b: Sylveon\n|-damage|p2b: Sylveon|24\/100\n|move|p2b: Sylveon|Hyper Voice|p1a: Bull with a bowl|[spread] p1a\n|-activate|p1b: REHEHEHHEH|move: Protect\n|-supereffective|p1a: Bull with a bowl\n|-damage|p1a: Bull with a bowl|28\/100\n|\n|upkeep\n|turn|4\n|inactive|hl498 has 30 seconds left.\n|inactive|hl498 has 20 seconds left.\n|inactive|hl498 has 15 seconds left.\n|inactive|kennyhackerman has 30 seconds left.\n|inactive|hl498 has 10 seconds left.\n|\n|t:|1683824291\n|switch|p2b: Amoonguss|Amoonguss, L50, F|100\/100\n|move|p2a: Stantler|Skill Swap|p2b: Amoonguss\n|-activate|p2a: Stantler|move: Skill Swap|||[of] p2b: Amoonguss\n|-ability|p2b: Amoonguss|Intimidate|boost\n|-unboost|p1a: Bull with a bowl|atk|1\n|-unboost|p1b: REHEHEHHEH|atk|1\n|move|p1a: Bull with a bowl|Heavy Slam|p2b: Amoonguss\n|-damage|p2b: Amoonguss|81\/100\n|move|p1b: REHEHEHHEH|Dazzling Gleam|p2b: Amoonguss|[spread] p2a,p2b\n|-resisted|p2b: Amoonguss\n|-damage|p2a: Stantler|74\/100\n|-damage|p2b: Amoonguss|70\/100\n|\n|upkeep\n|turn|5\n|inactive|hl498 has 30 seconds left.\n|inactive|kennyhackerman has 30 seconds left.\n|inactive|kennyhackerman has 20 seconds left.\n|\n|t:|1683824331\n|switch|p1a: Something|Gyarados, L50, F|100\/100\n|-ability|p1a: Something|Intimidate|boost\n|-unboost|p2a: Stantler|atk|1\n|-unboost|p2b: Amoonguss|atk|1\n|move|p1b: REHEHEHHEH|Protect|p1b: REHEHEHHEH\n|-singleturn|p1b: REHEHEHHEH|Protect\n|move|p2b: Amoonguss|Spore|p1a: Something\n|-status|p1a: Something|slp|[from] move: Spore\n|-enditem|p1a: Something|Lum Berry|[eat]\n|-curestatus|p1a: Something|slp|[msg]\n|move|p2a: Stantler|Extrasensory|p1b: REHEHEHHEH\n|-activate|p1b: REHEHEHHEH|move: Protect\n|\n|-fieldend|move: Trick Room\n|upkeep\n|turn|6\n|\n|t:|1683824354\n|move|p1b: REHEHEHHEH|Moonblast|p2a: Stantler\n|-damage|p2a: Stantler|31\/100\n|move|p1a: Something|Taunt|p2b: Amoonguss\n|-start|p2b: Amoonguss|move: Taunt\n|move|p2b: Amoonguss|Leaf Storm|p1a: Something\n|-damage|p1a: Something|66\/100\n|-unboost|p2b: Amoonguss|spa|2\n|move|p2a: Stantler|Trick Room|p2a: Stantler\n|-fieldstart|move: Trick Room|[of] p2a: Stantler\n|\n|upkeep\n|turn|7\n|inactive|hl498 has 30 seconds left.\n|inactive|kennyhackerman has 30 seconds left.\n|inactive|kennyhackerman has 20 seconds left.\n|\n|t:|1683824391\n|switch|p2a: Sylveon|Sylveon, L50, M|24\/100\n|switch|p1a: Dinosaur|Baxcalibur, L50, F|100\/100\n|move|p1b: REHEHEHHEH|Protect|p1b: REHEHEHHEH\n|-singleturn|p1b: REHEHEHHEH|Protect\n|move|p2b: Amoonguss|Pollen Puff|p2a: Sylveon\n|-heal|p2a: Sylveon|74\/100\n|\n|upkeep\n|turn|8\n|inactive|hl498 has 30 seconds left.\n|inactive|kennyhackerman has 30 seconds left.\n|inactive|hl498 has 20 seconds left.\n|inactive|kennyhackerman has 20 seconds left.\n|inactive|hl498 has 15 seconds left.\n|\n|t:|1683824434\n|-terastallize|p1a: Dinosaur|Poison\n|move|p2b: Amoonguss|Leaf Storm|p1b: REHEHEHHEH\n|-damage|p1b: REHEHEHHEH|44\/100\n|-unboost|p2b: Amoonguss|spa|2\n|move|p2a: Sylveon|Hyper Voice|p1a: Dinosaur|[spread] p1a,p1b\n|-resisted|p1a: Dinosaur\n|-damage|p1a: Dinosaur|83\/100\n|-damage|p1b: REHEHEHHEH|8\/100\n|move|p1a: Dinosaur|Icicle Spear|p2b: Amoonguss\n|-supereffective|p2b: Amoonguss\n|-damage|p2b: Amoonguss|44\/100\n|-enditem|p2b: Amoonguss|Sitrus Berry|[eat]\n|-heal|p2b: Amoonguss|69\/100|[from] item: Sitrus Berry\n|-supereffective|p2b: Amoonguss\n|-damage|p2b: Amoonguss|42\/100\n|-supereffective|p2b: Amoonguss\n|-damage|p2b: Amoonguss|18\/100\n|-supereffective|p2b: Amoonguss\n|-damage|p2b: Amoonguss|0 fnt\n|faint|p2b: Amoonguss\n|-hitcount|p2: Amoonguss|4\n|move|p1b: REHEHEHHEH|Moonblast|p2a: Sylveon\n|-damage|p2a: Sylveon|18\/100\n|-unboost|p2a: Sylveon|spa|1\n|\n|upkeep\n|inactive|kennyhackerman has 30 seconds left.\n|\n|t:|1683824463\n|switch|p2b: Iron Hands|Iron Hands, L50|100\/100\n|turn|9\n|\n|t:|1683824471\n|-end|p1b: REHEHEHHEH|Protosynthesis|[silent]\n|switch|p1b: Something|Gyarados, L50, F|66\/100\n|-ability|p1b: Something|Intimidate|boost\n|-unboost|p2a: Sylveon|atk|1\n|-unboost|p2b: Iron Hands|atk|1\n|move|p2b: Iron Hands|Fake Out|p1a: Dinosaur\n|-damage|p1a: Dinosaur|73\/100\n|cant|p1a: Dinosaur|flinch\n|move|p2a: Sylveon|Hyper Voice|p1a: Dinosaur|[spread] p1a,p1b\n|-resisted|p1a: Dinosaur\n|-damage|p1a: Dinosaur|61\/100\n|-damage|p1b: Something|43\/100\n|\n|upkeep\n|turn|10\n|\n|t:|1683824493\n|switch|p1b: Bull with a bowl|Ting-Lu, L50|28\/100\n|-ability|p1b: Bull with a bowl|Vessel of Ruin\n|move|p1a: Dinosaur|Ice Shard|p2a: Sylveon\n|-damage|p2a: Sylveon|0 fnt\n|faint|p2a: Sylveon\n|move|p2b: Iron Hands|Volt Switch|p1b: Bull with a bowl\n|-immune|p1b: Bull with a bowl\n|\n|-fieldend|move: Trick Room\n|upkeep\n|\n|t:|1683824500\n|switch|p2a: Stantler|Stantler, L50, M|64\/100\n|-ability|p2a: Stantler|Intimidate|boost\n|-unboost|p1a: Dinosaur|atk|1\n|-unboost|p1b: Bull with a bowl|atk|1\n|turn|11\n|inactive|kennyhackerman has 30 seconds left.\n|\n|t:|1683824533\n|move|p1a: Dinosaur|Glaive Rush|p2a: Stantler\n|-damage|p2a: Stantler|26\/100\n|-singlemove|p1a: Dinosaur|Glaive Rush|[silent]\n|move|p2a: Stantler|Extrasensory|p1a: Dinosaur\n|-supereffective|p1a: Dinosaur\n|-damage|p1a: Dinosaur|16\/100\n|move|p2b: Iron Hands|Wild Charge|p1a: Dinosaur\n|-damage|p1a: Dinosaur|0 fnt\n|faint|p1a: Dinosaur\n|-damage|p2b: Iron Hands|97\/100|[from] Recoil\n|move|p1b: Bull with a bowl|Stomping Tantrum|p2a: Stantler\n|-damage|p2a: Stantler|7\/100\n|\n|upkeep\n|\n|t:|1683824546\n|switch|p1a: Something|Gyarados, L50, F|43\/100\n|-ability|p1a: Something|Intimidate|boost\n|-unboost|p2a: Stantler|atk|1\n|-unboost|p2b: Iron Hands|atk|1\n|turn|12\n|inactive|kennyhackerman has 30 seconds left.\n|inactive|kennyhackerman has 20 seconds left.\n|\n|t:|1683824585\n|move|p1a: Something|Waterfall|p2a: Stantler\n|-damage|p2a: Stantler|0 fnt\n|faint|p2a: Stantler\n|move|p2b: Iron Hands|Close Combat|p1b: Bull with a bowl\n|-supereffective|p1b: Bull with a bowl\n|-damage|p1b: Bull with a bowl|0 fnt\n|-unboost|p2b: Iron Hands|def|1\n|-unboost|p2b: Iron Hands|spd|1\n|faint|p1b: Bull with a bowl\n|\n|upkeep\n|\n|t:|1683824594\n|switch|p1b: REHEHEHHEH|Flutter Mane, L50, shiny|8\/100\n|turn|13\n|\n|t:|1683824601\n|move|p1b: REHEHEHHEH|Moonblast|p2b: Iron Hands\n|-supereffective|p2b: Iron Hands\n|-damage|p2b: Iron Hands|22\/100\n|-unboost|p2b: Iron Hands|spa|1\n|move|p1a: Something|Waterfall|p2b: Iron Hands\n|-crit|p2b: Iron Hands\n|-damage|p2b: Iron Hands|0 fnt\n|faint|p2b: Iron Hands\n|-end|p2b: Iron Hands|Quark Drive|[silent]\n|\n|win|hl498\n|raw|hl498's rating: 1274 → 1301<\/strong> (+27 for winning)\n|raw|kennyhackerman's rating: 1301 → 1279<\/strong> (-22 for losing)\n|c|\u2606kennyhackerman|gg\n|c|\u2606hl498|ggwp\n|c|\u2606kennyhackerman|u2\n|l|\u2606kennyhackerman\n","uploadtime":1683824619,"views":9,"p1id":"hl498","p2id":"kennyhackerman","formatid":"gen9vgc2023regulationc","rating":1279,"private":0,"password":""}