{"id":"gen9vgc2023regulationc-1850252749","p1":"Fluttermane Eyes","p2":"atem217","format":"[Gen 9] VGC 2023 Regulation C","log":"|j|\u2606Fluttermane Eyes\n|j|\u2606atem217\n|t:|1682306117\n|gametype|doubles\n|player|p1|Fluttermane Eyes|riley|1099\n|player|p2|atem217|benga|1154\n|teamsize|p1|6\n|teamsize|p2|6\n|gen|9\n|tier|[Gen 9] VGC 2023 Regulation C\n|rated|\n|rule|Species Clause: Limit one of each Pok\u00e9mon\n|rule|Item Clause: Limit one of each item\n|clearpoke\n|poke|p1|Murkrow, L50, M|\n|poke|p1|Chi-Yu, L50|\n|poke|p1|Flutter Mane, L50|\n|poke|p1|Sandy Shocks, L50|\n|poke|p1|Glimmora, L50, M|\n|poke|p1|Wo-Chien, L50|\n|poke|p2|Gothitelle, L50, M|\n|poke|p2|Ting-Lu, L50|\n|poke|p2|Flutter Mane, L50|\n|poke|p2|Chien-Pao, L50|\n|poke|p2|Breloom, L50, M|\n|poke|p2|Volcarona, L50, F|\n|teampreview|4\natem217 rejected open team sheets.\n|\n|t:|1682306182\n|start\n|switch|p1a: Glimmora|Glimmora, L50, M|100\/100\n|switch|p1b: Wo-Chien|Wo-Chien, L50|100\/100\n|switch|p2a: Flutter Mane|Flutter Mane, L50|100\/100\n|switch|p2b: Ting-Lu|Ting-Lu, L50|100\/100\n|-item|p1a: Glimmora|Air Balloon\n|-ability|p1b: Wo-Chien|Tablets of Ruin\n|-ability|p2b: Ting-Lu|Vessel of Ruin\n|turn|1\n|\n|t:|1682306223\n|-terastallize|p1b: Wo-Chien|Fairy\n|move|p2a: Flutter Mane|Moonblast|p1a: Glimmora\n|-resisted|p1a: Glimmora\n|-damage|p1a: Glimmora|74\/100\n|-enditem|p1a: Glimmora|Air Balloon\n|move|p1a: Glimmora|Mortal Spin|p2b: Ting-Lu|[spread] p2a,p2b\n|-resisted|p2b: Ting-Lu\n|-damage|p2a: Flutter Mane|94\/100\n|-damage|p2b: Ting-Lu|99\/100\n|-status|p2a: Flutter Mane|psn\n|-status|p2b: Ting-Lu|psn\n|move|p1b: Wo-Chien|Foul Play|p2a: Flutter Mane\n|-damage|p2a: Flutter Mane|61\/100 psn\n|move|p2b: Ting-Lu|Fissure|p1b: Wo-Chien|[miss]\n|-miss|p2b: Ting-Lu|p1b: Wo-Chien\n|\n|-damage|p2a: Flutter Mane|49\/100 psn|[from] psn\n|-damage|p2b: Ting-Lu|88\/100 psn|[from] psn\n|upkeep\n|turn|2\n|\n|t:|1682306251\n|move|p2a: Flutter Mane|Protect|p2a: Flutter Mane\n|-singleturn|p2a: Flutter Mane|Protect\n|move|p1a: Glimmora|Spiky Shield|p1a: Glimmora\n|-singleturn|p1a: Glimmora|move: Protect\n|move|p1b: Wo-Chien|Giga Drain|p2b: Ting-Lu\n|-supereffective|p2b: Ting-Lu\n|-damage|p2b: Ting-Lu|71\/100 psn\n|move|p2b: Ting-Lu|Stomping Tantrum|p1a: Glimmora\n|-activate|p1a: Glimmora|move: Protect\n|-damage|p2b: Ting-Lu|59\/100 psn|[from] Spiky Shield|[of] p1a: Glimmora\n|\n|-damage|p2a: Flutter Mane|36\/100 psn|[from] psn\n|-damage|p2b: Ting-Lu|47\/100 psn|[from] psn\n|upkeep\n|turn|3\n|\n|t:|1682306275\n|move|p2a: Flutter Mane|Perish Song|p2a: Flutter Mane\n|-start|p1a: Glimmora|perish3|[silent]\n|-start|p1b: Wo-Chien|perish3|[silent]\n|-start|p2a: Flutter Mane|perish3|[silent]\n|-start|p2b: Ting-Lu|perish3|[silent]\n|-fieldactivate|move: Perish Song\n|move|p1a: Glimmora|Sludge Bomb|p2a: Flutter Mane\n|-damage|p2a: Flutter Mane|0 fnt\n|faint|p2a: Flutter Mane\n|-end|p2a: Flutter Mane|Protosynthesis|[silent]\n|move|p1b: Wo-Chien|Body Press|p2b: Ting-Lu\n|-supereffective|p2b: Ting-Lu\n|-damage|p2b: Ting-Lu|21\/100 psn\n|move|p2b: Ting-Lu|Stomping Tantrum|p1b: Wo-Chien\n|-damage|p1b: Wo-Chien|83\/100\n|\n|-damage|p2b: Ting-Lu|9\/100 psn|[from] psn\n|-start|p1a: Glimmora|perish3\n|-start|p1b: Wo-Chien|perish3\n|-start|p2b: Ting-Lu|perish3\n|upkeep\n|\n|t:|1682306289\n|switch|p2a: Gothitelle|Gothitelle, L50, M|100\/100\n|turn|4\n|\n|t:|1682306308\n|-terastallize|p2a: Gothitelle|Steel\n|move|p2a: Gothitelle|Fake Out|p1a: Glimmora\n|-resisted|p1a: Glimmora\n|-damage|p1a: Glimmora|71\/100\n|-activate|p1a: Glimmora|ability: Toxic Debris\n|-sidestart|p2: atem217|move: Toxic Spikes\n|cant|p1a: Glimmora|flinch\n|move|p1b: Wo-Chien|Pollen Puff|p2a: Gothitelle\n|-resisted|p2a: Gothitelle\n|-damage|p2a: Gothitelle|94\/100\n|move|p2b: Ting-Lu|Fissure|p1b: Wo-Chien|[miss]\n|-miss|p2b: Ting-Lu|p1b: Wo-Chien\n|\n|-damage|p2b: Ting-Lu|0 fnt|[from] psn\n|faint|p2b: Ting-Lu\n|-start|p1a: Glimmora|perish2\n|-start|p1b: Wo-Chien|perish2\n|upkeep\n|\n|t:|1682306325\n|switch|p2b: Volcarona|Volcarona, L50, F|100\/100\n|-status|p2b: Volcarona|psn\n|turn|5\n|\n|t:|1682306337\n|move|p2a: Gothitelle|Protect|p2a: Gothitelle\n|-singleturn|p2a: Gothitelle|Protect\n|move|p1a: Glimmora|Power Gem|p2b: Volcarona\n|-supereffective|p2b: Volcarona\n|-damage|p2b: Volcarona|0 fnt\n|faint|p2b: Volcarona\n|move|p1b: Wo-Chien|Body Press|p2a: Gothitelle\n|-activate|p2a: Gothitelle|move: Protect\n|\n|-start|p1a: Glimmora|perish1\n|-start|p1b: Wo-Chien|perish1\n|upkeep\n|turn|6\n|\n|t:|1682306352\n|move|p1a: Glimmora|Sludge Bomb|p2a: Gothitelle\n|-immune|p2a: Gothitelle\n|move|p1b: Wo-Chien|Foul Play|p2a: Gothitelle\n|-crit|p2a: Gothitelle\n|-damage|p2a: Gothitelle|69\/100\n|move|p2a: Gothitelle|Psychic|p1a: Glimmora\n|-supereffective|p1a: Glimmora\n|-damage|p1a: Glimmora|0 fnt\n|faint|p1a: Glimmora\n|\n|-start|p1b: Wo-Chien|perish0\n|upkeep\n|faint|p1b: Wo-Chien\n|\n|t:|1682306366\n|switch|p1a: Flutter Mane|Flutter Mane, L50|100\/100\n|switch|p1b: Chi-Yu|Chi-Yu, L50|100\/100\n|-ability|p1b: Chi-Yu|Beads of Ruin\n|turn|7\n|c|\u2606atem217|gg\n|-message|atem217 forfeited.\n|\n|win|Fluttermane Eyes\n|raw|Fluttermane Eyes's rating: 1099 → 1128<\/strong> (+29 for winning)\n|raw|atem217's rating: 1154 → 1125<\/strong> (-29 for losing)\n|l|\u2606atem217\n|c|\u2606Fluttermane Eyes|gg\n","uploadtime":1682306386,"views":22,"p1id":"fluttermaneeyes","p2id":"atem217","formatid":"gen9vgc2023regulationc","rating":1125,"private":0,"password":""}