{"id":"gen9vgc2023regulationc-1845857445","p1":"Kanonn0619","p2":"SlyAbby","format":"[Gen 9] VGC 2023 Regulation C","log":"|j|\u2606Kanonn0619\n|j|\u2606SlyAbby\n|t:|1681772056\n|gametype|doubles\n|player|p1|Kanonn0619|169|1389\n|player|p2|SlyAbby|skyla|1312\n|teamsize|p1|6\n|teamsize|p2|6\n|gen|9\n|tier|[Gen 9] VGC 2023 Regulation C\n|rated|\n|rule|Species Clause: Limit one of each Pok\u00e9mon\n|rule|Item Clause: Limit one of each item\n|clearpoke\n|poke|p1|Flutter Mane, L50|\n|poke|p1|Amoonguss, L50, F|\n|poke|p1|Ting-Lu, L50|\n|poke|p1|Dragonite, L50, F|\n|poke|p1|Annihilape, L50, F|\n|poke|p1|Chien-Pao, L50|\n|poke|p2|Baxcalibur, L50, M|\n|poke|p2|Corviknight, L50, M|\n|poke|p2|Rotom-Wash, L50|\n|poke|p2|Ting-Lu, L50|\n|poke|p2|Scizor, L50, M|\n|poke|p2|Amoonguss, L50, F|\n|teampreview|4\n|inactive|Battle timer is ON: inactive players will automatically lose when time's up. (requested by SlyAbby)\nSlyAbby has agreed to open team sheets.\n|\n|t:|1681772082\n|start\n|switch|p1a: Amoonguss|Amoonguss, L50, F|100\/100\n|switch|p1b: Annihilape|Annihilape, L50, F|100\/100\n|switch|p2a: Corviknight|Corviknight, L50, M|100\/100\n|switch|p2b: Rotom|Rotom-Wash, L50|100\/100\n|turn|1\n|\n|t:|1681772100\n|move|p1b: Annihilape|Bulk Up|p1b: Annihilape\n|-boost|p1b: Annihilape|atk|1\n|-boost|p1b: Annihilape|def|1\n|move|p2b: Rotom|Will-O-Wisp|p1b: Annihilape\n|-status|p1b: Annihilape|brn\n|move|p2a: Corviknight|Bulk Up|p2a: Corviknight\n|-boost|p2a: Corviknight|atk|1\n|-boost|p2a: Corviknight|def|1\n|move|p1a: Amoonguss|Spore|p2b: Rotom\n|-activate|p2b: Rotom|item: Safety Goggles|Spore\n|\n|-damage|p1b: Annihilape|94\/100 brn|[from] brn\n|upkeep\n|turn|2\n|\n|t:|1681772122\n|move|p1b: Annihilape|Bulk Up|p1b: Annihilape\n|-boost|p1b: Annihilape|atk|1\n|-boost|p1b: Annihilape|def|1\n|move|p2b: Rotom|Hydro Pump|p1b: Annihilape\n|-damage|p1b: Annihilape|49\/100 brn\n|move|p2a: Corviknight|Brave Bird|p1a: Amoonguss\n|-supereffective|p1a: Amoonguss\n|-damage|p1a: Amoonguss|0 fnt\n|faint|p1a: Amoonguss\n|-damage|p2a: Corviknight|65\/100|[from] Recoil\n|\n|-heal|p1b: Annihilape|55\/100 brn|[from] item: Leftovers\n|-damage|p1b: Annihilape|49\/100 brn|[from] brn\n|upkeep\n|\n|t:|1681772135\n|switch|p1a: Chien-Pao|Chien-Pao, L50|100\/100\n|-ability|p1a: Chien-Pao|Sword of Ruin\n|turn|3\n|\n|t:|1681772147\n|move|p1a: Chien-Pao|Ice Spinner|p2a: Corviknight\n|-damage|p2a: Corviknight|39\/100\n|-enditem|p2a: Corviknight|Sitrus Berry|[eat]\n|-heal|p2a: Corviknight|64\/100|[from] item: Sitrus Berry\n|move|p1b: Annihilape|Drain Punch|p2a: Corviknight\n|-damage|p2a: Corviknight|45\/100\n|-heal|p1b: Annihilape|59\/100 brn|[from] drain|[of] p2a: Corviknight\n|move|p2b: Rotom|Hydro Pump|p1b: Annihilape\n|-damage|p1b: Annihilape|18\/100 brn\n|move|p2a: Corviknight|Body Press|p1a: Chien-Pao\n|-supereffective|p1a: Chien-Pao\n|-enditem|p1a: Chien-Pao|Focus Sash\n|-damage|p1a: Chien-Pao|1\/100\n|\n|-heal|p1b: Annihilape|24\/100 brn|[from] item: Leftovers\n|-damage|p1b: Annihilape|18\/100 brn|[from] brn\n|upkeep\n|turn|4\n|\n|t:|1681772167\n|move|p1a: Chien-Pao|Sacred Sword|p2a: Corviknight\n|-damage|p2a: Corviknight|15\/100\n|move|p1b: Annihilape|Rage Fist|p2a: Corviknight\n|-damage|p2a: Corviknight|0 fnt\n|faint|p2a: Corviknight\n|move|p2b: Rotom|Thunderbolt|p1b: Annihilape\n|-damage|p1b: Annihilape|0 fnt\n|faint|p1b: Annihilape\n|\n|upkeep\n|\n|t:|1681772176\n|switch|p1b: Flutter Mane|Flutter Mane, L50|100\/100\n|switch|p2a: Baxcalibur|Baxcalibur, L50, M|100\/100\n|-enditem|p1b: Flutter Mane|Booster Energy\n|-activate|p1b: Flutter Mane|ability: Protosynthesis|[fromitem]\n|-start|p1b: Flutter Mane|protosynthesisspe\n|turn|5\n|\n|t:|1681772187\n|move|p1a: Chien-Pao|Protect|p1a: Chien-Pao\n|-singleturn|p1a: Chien-Pao|Protect\n|move|p2a: Baxcalibur|Protect|p2a: Baxcalibur\n|-singleturn|p2a: Baxcalibur|Protect\n|move|p1b: Flutter Mane|Moonblast|p2a: Baxcalibur\n|-activate|p2a: Baxcalibur|move: Protect\n|move|p2b: Rotom|Thunderbolt|p1a: Chien-Pao\n|-activate|p1a: Chien-Pao|move: Protect\n|\n|upkeep\n|turn|6\n|\n|t:|1681772205\n|switch|p2b: Amoonguss|Amoonguss, L50, F|100\/100\n|-terastallize|p2a: Baxcalibur|Poison\n|move|p1a: Chien-Pao|Protect|p1a: Chien-Pao\n|-singleturn|p1a: Chien-Pao|Protect\n|move|p1b: Flutter Mane|Moonblast|p2a: Baxcalibur\n|-resisted|p2a: Baxcalibur\n|-crit|p2a: Baxcalibur\n|-damage|p2a: Baxcalibur|69\/100\n|move|p2a: Baxcalibur|Earthquake|p1a: Chien-Pao|[spread] p2b,p1b\n|-activate|p1a: Chien-Pao|move: Protect\n|-damage|p2b: Amoonguss|64\/100\n|-damage|p1b: Flutter Mane|43\/100\n|\n|upkeep\n|turn|7\n|-message|Kanonn0619 forfeited.\n|\n|win|SlyAbby\n|raw|Kanonn0619's rating: 1389 → 1365<\/strong> (-24 for losing)\n|raw|SlyAbby's rating: 1312 → 1336<\/strong> (+24 for winning)\n|l|\u2606Kanonn0619\n","uploadtime":1681772224,"views":7,"p1id":"kanonn0619","p2id":"slyabby","formatid":"gen9vgc2023regulationc","rating":1336,"private":0,"password":""}