{"id":"gen9vgc2023regulationc-1856851042","p1":"guantoblu","p2":"Citoraptor","format":"[Gen 9] VGC 2023 Regulation C","log":"|j|\u2606guantoblu\n|j|\u2606Citoraptor\n|t:|1683119331\n|gametype|doubles\n|player|p1|guantoblu|101|1132\n|player|p2|Citoraptor|266|1114\n|teamsize|p1|6\n|teamsize|p2|6\n|gen|9\n|tier|[Gen 9] VGC 2023 Regulation C\n|rated|\n|rule|Species Clause: Limit one of each Pok\u00e9mon\n|rule|Item Clause: Limit one of each item\n|clearpoke\n|poke|p1|Skeledirge, L50, M|\n|poke|p1|Oranguru, L50, F|\n|poke|p1|Gastrodon, L50, F|\n|poke|p1|Ting-Lu, L50|\n|poke|p1|Wo-Chien, L50|\n|poke|p1|Iron Hands, L50|\n|poke|p2|Roaring Moon, L50|\n|poke|p2|Talonflame, L50, M|\n|poke|p2|Gholdengo, L50|\n|poke|p2|Chien-Pao, L50|\n|poke|p2|Palafin, L50, M|\n|poke|p2|Maushold-Four, L50|\n|teampreview|4\n|\n|t:|1683119360\n|start\n|switch|p1a: Skeledirge|Skeledirge, L50, M|100\/100\n|switch|p1b: Oranguru|Oranguru, L50, F|100\/100\n|switch|p2a: Talonflame|Talonflame, L50, M|100\/100\n|switch|p2b: Gholdengo|Gholdengo, L50|100\/100\n|turn|1\n|inactive|Battle timer is ON: inactive players will automatically lose when time's up. (requested by Citoraptor)\n|\n|t:|1683119389\n|-terastallize|p2b: Gholdengo|Water\n|-terastallize|p1a: Skeledirge|Normal\n|move|p2a: Talonflame|Taunt|p1b: Oranguru\n|-start|p1b: Oranguru|move: Taunt\n|-enditem|p1b: Oranguru|Mental Herb\n|-end|p1b: Oranguru|move: Taunt\n|move|p2b: Gholdengo|Shadow Ball|p1a: Skeledirge\n|-immune|p1a: Skeledirge\n|move|p1a: Skeledirge|Torch Song|p2a: Talonflame\n|-resisted|p2a: Talonflame\n|-damage|p2a: Talonflame|75\/100\n|-boost|p1a: Skeledirge|spa|1\n|-enditem|p1a: Skeledirge|Throat Spray\n|-boost|p1a: Skeledirge|spa|1|[from] item: Throat Spray\n|move|p1b: Oranguru|Trick Room|p1b: Oranguru\n|-fieldstart|move: Trick Room|[of] p1b: Oranguru\n|\n|upkeep\n|turn|2\n|inactive|guantoblu has 30 seconds left.\n|inactive|Citoraptor has 30 seconds left.\n|\n|t:|1683119417\n|move|p1b: Oranguru|Instruct|p1a: Skeledirge\n|-singleturn|p1a: Skeledirge|move: Instruct|[of] p1b: Oranguru\n|move|p1a: Skeledirge|Torch Song|p2a: Talonflame\n|-resisted|p2a: Talonflame\n|-damage|p2a: Talonflame|24\/100\n|-boost|p1a: Skeledirge|spa|1\n|move|p1a: Skeledirge|Hyper Voice|p2b: Gholdengo|[spread] p2a,p2b\n|-crit|p2a: Talonflame\n|-damage|p2a: Talonflame|0 fnt\n|-damage|p2b: Gholdengo|2\/100\n|faint|p2a: Talonflame\n|move|p2b: Gholdengo|Shadow Ball|p1b: Oranguru\n|-immune|p1b: Oranguru\n|\n|upkeep\n|\n|t:|1683119435\n|switch|p2a: Roaring Moon|Roaring Moon, L50, shiny|100\/100\n|-enditem|p2a: Roaring Moon|Booster Energy\n|-activate|p2a: Roaring Moon|ability: Protosynthesis|[fromitem]\n|-start|p2a: Roaring Moon|protosynthesisatk\n|turn|3\n|\n|t:|1683119455\n|move|p1b: Oranguru|Instruct|p1a: Skeledirge\n|-singleturn|p1a: Skeledirge|move: Instruct|[of] p1b: Oranguru\n|move|p1a: Skeledirge|Hyper Voice|p2b: Gholdengo|[spread] p2a,p2b\n|-damage|p2a: Roaring Moon|12\/100\n|-damage|p2b: Gholdengo|0 fnt\n|faint|p2b: Gholdengo\n|move|p1a: Skeledirge|Hyper Voice|p2a: Roaring Moon\n|-damage|p2a: Roaring Moon|0 fnt\n|faint|p2a: Roaring Moon\n|-end|p2a: Roaring Moon|Protosynthesis|[silent]\n|\n|upkeep\n|c|\u2606Citoraptor|What a dumb gimmick \ud83e\udd23\ud83e\udd23\n|\n|t:|1683119479\n|switch|p2b: Maushold|Maushold-Four, L50|100\/100\n|turn|4\n|\n|t:|1683119488\n|move|p2b: Maushold|Protect|p2b: Maushold\n|-singleturn|p2b: Maushold|Protect\n|move|p1b: Oranguru|Thunderbolt|p2b: Maushold\n|-activate|p2b: Maushold|move: Protect\n|move|p1a: Skeledirge|Torch Song|p2b: Maushold\n|-activate|p2b: Maushold|move: Protect\n|\n|upkeep\n|turn|5\n|\n|t:|1683119505\n|move|p1b: Oranguru|Thunderbolt|p2b: Maushold\n|-damage|p2b: Maushold|74\/100\n|move|p1a: Skeledirge|Torch Song|p2b: Maushold\n|-damage|p2b: Maushold|0 fnt\n|-boost|p1a: Skeledirge|spa|1\n|faint|p2b: Maushold\n|\n|win|guantoblu\n|raw|guantoblu's rating: 1132 → 1156<\/strong> (+24 for winning)\n|raw|Citoraptor's rating: 1114 → 1090<\/strong> (-24 for losing)\n|c|\u2606Citoraptor|Good luck with best of 3\u2019s and this time\n","uploadtime":1683119534,"views":12,"p1id":"guantoblu","p2id":"citoraptor","formatid":"gen9vgc2023regulationc","rating":1090,"private":0,"password":""}