{"id":"gen9vgc2023regulationc-1859175417","p1":"Dohers","p2":"alecheto kun","format":"[Gen 9] VGC 2023 Regulation C","log":"|j|\u2606Dohers\n|j|\u2606alecheto kun\n|t:|1683413780\n|gametype|doubles\n|player|p1|Dohers|2|1113\n|player|p2|alecheto kun|hilbert|1194\n|teamsize|p1|6\n|teamsize|p2|6\n|gen|9\n|tier|[Gen 9] VGC 2023 Regulation C\n|rated|\n|rule|Species Clause: Limit one of each Pok\u00e9mon\n|rule|Item Clause: Limit one of each item\n|clearpoke\n|poke|p1|Palafin, L50, F|\n|poke|p1|Arcanine, L50, F|\n|poke|p1|Amoonguss, L50, M|\n|poke|p1|Chien-Pao, L50|\n|poke|p1|Flutter Mane, L50|\n|poke|p1|Dragonite, L50, F|\n|poke|p2|Abomasnow, L50, M|\n|poke|p2|Iron Bundle, L50|\n|poke|p2|Chi-Yu, L50|\n|poke|p2|Corviknight, L50, M|\n|poke|p2|Flutter Mane, L50|\n|poke|p2|Salamence, L50, M|\n|teampreview|4\n|\n|t:|1683413820\n|start\n|switch|p1a: Palafin|Palafin, L50, F|100\/100\n|switch|p1b: Arcanine|Arcanine, L50, F|100\/100\n|switch|p2a: Corviknight|Corviknight, L50, M|100\/100\n|switch|p2b: Abomasnow|Abomasnow, L50, M|100\/100\n|-ability|p1b: Arcanine|Intimidate|boost\n|-ability|p2a: Corviknight|Mirror Armor\n|-unboost|p1b: Arcanine|atk|1\n|-unboost|p2b: Abomasnow|atk|1\n|-weather|Snow|[from] ability: Snow Warning|[of] p2b: Abomasnow\n|turn|1\n|\n|t:|1683413845\n|-terastallize|p2b: Abomasnow|Water\n|move|p1a: Palafin|Protect|p1a: Palafin\n|-singleturn|p1a: Palafin|Protect\n|move|p1b: Arcanine|Will-O-Wisp|p2a: Corviknight\n|-status|p2a: Corviknight|brn\n|move|p2b: Abomasnow|Aurora Veil|p2b: Abomasnow\n|-sidestart|p2: alecheto kun|move: Aurora Veil\n|move|p2a: Corviknight|Tailwind|p2a: Corviknight\n|-sidestart|p2: alecheto kun|move: Tailwind\n|\n|-weather|Snow|[upkeep]\n|-damage|p2a: Corviknight|94\/100 brn|[from] brn\n|upkeep\n|turn|2\n|\n|t:|1683413871\n|detailschange|p1a: Palafin|Palafin-Hero, L50, F\n|switch|p1a: Chien-Pao|Chien-Pao, L50|100\/100\n|-ability|p1a: Chien-Pao|Sword of Ruin\n|move|p2b: Abomasnow|Energy Ball|p1a: Chien-Pao\n|-crit|p1a: Chien-Pao\n|-enditem|p1a: Chien-Pao|Focus Sash\n|-damage|p1a: Chien-Pao|1\/100\n|move|p2a: Corviknight|Brave Bird|p1b: Arcanine\n|-damage|p1b: Arcanine|74\/100\n|-damage|p2a: Corviknight|86\/100 brn|[from] Recoil\n|move|p1b: Arcanine|Will-O-Wisp|p2b: Abomasnow\n|-status|p2b: Abomasnow|brn\n|\n|-weather|Snow|[upkeep]\n|-damage|p2b: Abomasnow|95\/100 brn|[from] brn\n|-damage|p2a: Corviknight|79\/100 brn|[from] brn\n|upkeep\n|turn|3\n|\n|t:|1683413898\n|move|p1b: Arcanine|Protect|p1b: Arcanine\n|-singleturn|p1b: Arcanine|Protect\n|move|p2b: Abomasnow|Blizzard|p1b: Arcanine|[spread] p1a\n|-activate|p1b: Arcanine|move: Protect\n|-resisted|p1a: Chien-Pao\n|-damage|p1a: Chien-Pao|0 fnt\n|faint|p1a: Chien-Pao\n|move|p2a: Corviknight|Brave Bird|p1b: Arcanine\n|-activate|p1b: Arcanine|move: Protect\n|\n|-weather|Snow|[upkeep]\n|-damage|p2b: Abomasnow|89\/100 brn|[from] brn\n|-damage|p2a: Corviknight|73\/100 brn|[from] brn\n|upkeep\n|inactive|Battle timer is ON: inactive players will automatically lose when time's up. (requested by alecheto kun)\n|\n|t:|1683413935\n|switch|p1a: Palafin|Palafin-Hero, L50, F|100\/100\n|-activate|p1a: Palafin|ability: Zero to Hero\n|turn|4\n|\n|t:|1683413946\n|move|p1a: Palafin|Protect|p1a: Palafin\n|-singleturn|p1a: Palafin|Protect\n|move|p2b: Abomasnow|Energy Ball|p1a: Palafin\n|-activate|p1a: Palafin|move: Protect\n|move|p2a: Corviknight|Roost|p2a: Corviknight\n|-heal|p2a: Corviknight|100\/100 brn\n|-singleturn|p2a: Corviknight|move: Roost\n|move|p1b: Arcanine|Flare Blitz|p2a: Corviknight\n|-supereffective|p2a: Corviknight\n|-damage|p2a: Corviknight|76\/100 brn\n|-damage|p1b: Arcanine|58\/100|[from] item: Rocky Helmet|[of] p2a: Corviknight\n|-damage|p1b: Arcanine|49\/100|[from] Recoil\n|\n|-weather|Snow|[upkeep]\n|-damage|p2b: Abomasnow|83\/100 brn|[from] brn\n|-damage|p2a: Corviknight|70\/100 brn|[from] brn\n|-sideend|p2: alecheto kun|move: Tailwind\n|upkeep\n|turn|5\n|inactive|Dohers has 30 seconds left.\n|inactive|Dohers has 20 seconds left.\n|\n|t:|1683413983\n|switch|p1a: Amoonguss|Amoonguss, L50, M|100\/100\n|move|p1b: Arcanine|Flare Blitz|p2a: Corviknight\n|-supereffective|p2a: Corviknight\n|-damage|p2a: Corviknight|45\/100 brn\n|-damage|p1b: Arcanine|33\/100|[from] item: Rocky Helmet|[of] p2a: Corviknight\n|-damage|p1b: Arcanine|25\/100|[from] Recoil\n|move|p2b: Abomasnow|Energy Ball|p1a: Amoonguss\n|-resisted|p1a: Amoonguss\n|-crit|p1a: Amoonguss\n|-damage|p1a: Amoonguss|89\/100\n|move|p2a: Corviknight|Tailwind|p2a: Corviknight\n|-sidestart|p2: alecheto kun|move: Tailwind\n|\n|-weather|none\n|-damage|p2b: Abomasnow|78\/100 brn|[from] brn\n|-damage|p2a: Corviknight|39\/100 brn|[from] brn\n|-sideend|p2: alecheto kun|move: Aurora Veil\n|upkeep\n|turn|6\n|inactive|Dohers has 30 seconds left.\n|inactive|alecheto kun has 30 seconds left.\n|inactive|Dohers has 20 seconds left.\n|\n|t:|1683414021\n|switch|p2b: Salamence|Salamence, L50, M|100\/100\n|-ability|p2b: Salamence|Intimidate|boost\n|-unboost|p1a: Amoonguss|atk|1\n|-unboost|p1b: Arcanine|atk|1\n|-terastallize|p1a: Amoonguss|Water\n|move|p1a: Amoonguss|Rage Powder|p1a: Amoonguss\n|-singleturn|p1a: Amoonguss|move: Rage Powder\n|move|p2a: Corviknight|Roost|p2a: Corviknight\n|-heal|p2a: Corviknight|89\/100 brn\n|-singleturn|p2a: Corviknight|move: Roost\n|move|p1b: Arcanine|Flare Blitz|p2a: Corviknight\n|-supereffective|p2a: Corviknight\n|-damage|p2a: Corviknight|60\/100 brn\n|-damage|p1b: Arcanine|8\/100|[from] item: Rocky Helmet|[of] p2a: Corviknight\n|-damage|p1b: Arcanine|0 fnt|[from] Recoil\n|faint|p1b: Arcanine\n|\n|-damage|p2a: Corviknight|54\/100 brn|[from] brn\n|upkeep\n|\n|t:|1683414038\n|switch|p1b: Palafin|Palafin-Hero, L50, F|100\/100\n|turn|7\n|\n|t:|1683414056\n|move|p2b: Salamence|Dragon Dance|p2b: Salamence\n|-boost|p2b: Salamence|atk|1\n|-boost|p2b: Salamence|spe|1\n|move|p2a: Corviknight|Roost|p2a: Corviknight\n|-heal|p2a: Corviknight|100\/100 brn\n|-singleturn|p2a: Corviknight|move: Roost\n|move|p1b: Palafin|Wave Crash|p2a: Corviknight\n|-damage|p2a: Corviknight|42\/100 brn\n|-damage|p1b: Palafin|84\/100|[from] item: Rocky Helmet|[of] p2a: Corviknight\n|-damage|p1b: Palafin|66\/100|[from] Recoil\n|move|p1a: Amoonguss|Spore|p2b: Salamence\n|-status|p2b: Salamence|slp|[from] move: Spore\n|\n|-damage|p2a: Corviknight|36\/100 brn|[from] brn\n|upkeep\n|turn|8\n|\n|t:|1683414081\n|cant|p2b: Salamence|slp\n|move|p2a: Corviknight|Roost|p2a: Corviknight\n|-heal|p2a: Corviknight|86\/100 brn\n|-singleturn|p2a: Corviknight|move: Roost\n|move|p1b: Palafin|Haze|p1b: Palafin\n|-clearallboost\n|move|p1a: Amoonguss|Pollen Puff|p1b: Palafin\n|-heal|p1b: Palafin|100\/100\n|\n|-damage|p2a: Corviknight|79\/100 brn|[from] brn\n|-sideend|p2: alecheto kun|move: Tailwind\n|upkeep\n|turn|9\n|\n|t:|1683414104\n|move|p1a: Amoonguss|Rage Powder|p1a: Amoonguss\n|-singleturn|p1a: Amoonguss|move: Rage Powder\n|cant|p2b: Salamence|slp\n|move|p1b: Palafin|Wave Crash|p2a: Corviknight\n|-damage|p2a: Corviknight|17\/100 brn\n|-damage|p1b: Palafin|84\/100|[from] item: Rocky Helmet|[of] p2a: Corviknight\n|-damage|p1b: Palafin|65\/100|[from] Recoil\n|move|p2a: Corviknight|Tailwind|p2a: Corviknight\n|-sidestart|p2: alecheto kun|move: Tailwind\n|\n|-damage|p2a: Corviknight|11\/100 brn|[from] brn\n|upkeep\n|turn|10\n|\n|t:|1683414126\n|move|p1b: Palafin|Jet Punch|p2a: Corviknight\n|-damage|p2a: Corviknight|0 fnt\n|-damage|p1b: Palafin|48\/100|[from] item: Rocky Helmet|[of] p2a: Corviknight\n|faint|p2a: Corviknight\n|cant|p2b: Salamence|slp\n|move|p1a: Amoonguss|Pollen Puff|p1b: Palafin\n|-heal|p1b: Palafin|98\/100\n|\n|upkeep\n|\n|t:|1683414147\n|switch|p2a: Abomasnow|Abomasnow, L50, M, tera:Water|78\/100 brn\n|-weather|Snow|[from] ability: Snow Warning|[of] p2a: Abomasnow\n|turn|11\n|\n|t:|1683414168\n|switch|p2b: Iron Bundle|Iron Bundle, L50|100\/100\n|move|p1b: Palafin|Protect|p1b: Palafin\n|-singleturn|p1b: Palafin|Protect\n|move|p2a: Abomasnow|Blizzard|p1b: Palafin|[spread] p1a\n|-activate|p1b: Palafin|move: Protect\n|-resisted|p1a: Amoonguss\n|-damage|p1a: Amoonguss|74\/100\n|move|p1a: Amoonguss|Spore|p2b: Iron Bundle\n|-status|p2b: Iron Bundle|slp|[from] move: Spore\n|\n|-weather|Snow|[upkeep]\n|-damage|p2a: Abomasnow|72\/100 brn|[from] brn\n|upkeep\n|turn|12\n|inactive|alecheto kun has 30 seconds left.\n|n|!alecheto kun|alechetokun\n|inactive|alecheto kun has 20 seconds left.\n|inactive|alecheto kun has 15 seconds left.\n|inactive|alecheto kun has 10 seconds left.\n|inactive|alecheto kun has 5 seconds left.\n|\n|t:|1683414223\n|cant|p2b: Iron Bundle|slp\n|move|p2a: Abomasnow|Aurora Veil|p2a: Abomasnow\n|-sidestart|p2: alecheto kun|move: Aurora Veil\n|move|p1b: Palafin|Wave Crash|p2a: Abomasnow\n|-resisted|p2a: Abomasnow\n|-damage|p2a: Abomasnow|34\/100 brn\n|-damage|p1b: Palafin|87\/100|[from] Recoil\n|move|p1a: Amoonguss|Pollen Puff|p2a: Abomasnow\n|-damage|p2a: Abomasnow|20\/100 brn\n|\n|-weather|Snow|[upkeep]\n|-damage|p2a: Abomasnow|14\/100 brn|[from] brn\n|-sideend|p2: alecheto kun|move: Tailwind\n|upkeep\n|turn|13\n|inactive|Dohers has 30 seconds left.\n|\n|t:|1683414251\n|move|p1b: Palafin|Protect|p1b: Palafin\n|-singleturn|p1b: Palafin|Protect\n|move|p1a: Amoonguss|Protect|p1a: Amoonguss\n|-singleturn|p1a: Amoonguss|Protect\n|cant|p2b: Iron Bundle|slp\n|move|p2a: Abomasnow|Energy Ball|p1b: Palafin\n|-activate|p1b: Palafin|move: Protect\n|\n|-weather|Snow|[upkeep]\n|-damage|p2a: Abomasnow|9\/100 brn|[from] brn\n|upkeep\n|turn|14\n|\n|t:|1683414267\n|move|p1b: Palafin|Jet Punch|p2a: Abomasnow\n|-resisted|p2a: Abomasnow\n|-crit|p2a: Abomasnow\n|-damage|p2a: Abomasnow|0 fnt\n|faint|p2a: Abomasnow\n|-curestatus|p2b: Iron Bundle|slp|[msg]\n|move|p2b: Iron Bundle|Freeze-Dry|p1b: Palafin\n|-supereffective|p1b: Palafin\n|-damage|p1b: Palafin|24\/100\n|move|p1a: Amoonguss|Spore|p2b: Iron Bundle\n|-status|p2b: Iron Bundle|slp|[from] move: Spore\n|\n|-weather|Snow|[upkeep]\n|upkeep\n|\n|t:|1683414281\n|switch|p2a: Salamence|Salamence, L50, M|100\/100 slp\n|-ability|p2a: Salamence|Intimidate|boost\n|-unboost|p1a: Amoonguss|atk|1\n|-unboost|p1b: Palafin|atk|1\n|turn|15\n|inactive|alecheto kun has 30 seconds left.\n|inactive|alecheto kun has 20 seconds left.\n|inactive|alecheto kun has 15 seconds left.\n|inactive|alecheto kun has 10 seconds left.\n|\n|t:|1683414330\n|-curestatus|p2a: Salamence|slp|[msg]\n|move|p2a: Salamence|Protect|p2a: Salamence\n|-singleturn|p2a: Salamence|Protect\n|move|p1b: Palafin|Protect|p1b: Palafin\n|-singleturn|p1b: Palafin|Protect\n|cant|p2b: Iron Bundle|slp\n|move|p1a: Amoonguss|Spore|p2a: Salamence\n|-activate|p2a: Salamence|move: Protect\n|\n|-weather|none\n|upkeep\n|turn|16\n|inactive|alecheto kun has 30 seconds left.\n|\n|t:|1683414364\n|cant|p2b: Iron Bundle|slp\n|move|p2a: Salamence|Earthquake|p1a: Amoonguss|[spread] p2b,p1a,p1b\n|-damage|p2b: Iron Bundle|79\/100 slp\n|-damage|p1a: Amoonguss|51\/100\n|-damage|p1b: Palafin|2\/100\n|move|p1b: Palafin|Haze|p1b: Palafin\n|-clearallboost\n|move|p1a: Amoonguss|Spore|p2a: Salamence\n|-status|p2a: Salamence|slp|[from] move: Spore\n|\n|-sideend|p2: alecheto kun|move: Aurora Veil\n|upkeep\n|turn|17\n|inactive|alecheto kun has 30 seconds left.\n|\n|t:|1683414389\n|move|p1b: Palafin|Protect|p1b: Palafin\n|-singleturn|p1b: Palafin|Protect\n|-curestatus|p2b: Iron Bundle|slp|[msg]\n|move|p2b: Iron Bundle|Freeze-Dry|p1b: Palafin\n|-activate|p1b: Palafin|move: Protect\n|cant|p2a: Salamence|slp\n|move|p1a: Amoonguss|Spore|p2b: Iron Bundle\n|-status|p2b: Iron Bundle|slp|[from] move: Spore\n|\n|upkeep\n|turn|18\n|inactive|alecheto kun has 30 seconds left.\n|inactive|alecheto kun has 20 seconds left.\n|inactive|alecheto kun has 15 seconds left.\n|inactive|alecheto kun has 10 seconds left.\n|\n|t:|1683414438\n|move|p1b: Palafin|Jet Punch|p2b: Iron Bundle\n|-resisted|p2b: Iron Bundle\n|-damage|p2b: Iron Bundle|51\/100 slp\n|cant|p2b: Iron Bundle|slp\n|cant|p2a: Salamence|slp\n|move|p1a: Amoonguss|Pollen Puff|p1b: Palafin\n|-heal|p1b: Palafin|52\/100\n|\n|upkeep\n|turn|19\n|inactive|alecheto kun has 10 seconds left this turn.\n|inactive|alecheto kun has 5 seconds left.\n|-message|alecheto kun lost due to inactivity.\n|\n|win|Dohers\n|raw|Dohers's rating: 1113 → 1144<\/strong> (+31 for winning)\n|raw|alecheto kun's rating: 1194 → 1163<\/strong> (-31 for losing)\n","uploadtime":1683414201,"views":5,"p1id":"dohers","p2id":"alechetokun","formatid":"gen9vgc2023regulationc","rating":1144,"private":0,"password":""}