{"id":"gen9vgc2023regulationc-1861221187","p1":"DarthIgnus","p2":"Draco Jack17","format":"[Gen 9] VGC 2023 Regulation C","log":"|j|\u2606DarthIgnus\n|j|\u2606Draco Jack17\n|t:|1683737066\n|gametype|doubles\n|player|p1|DarthIgnus|dragontamer|\n|player|p2|Draco Jack17|n|\n|teamsize|p1|6\n|teamsize|p2|6\n|gen|9\n|tier|[Gen 9] VGC 2023 Regulation C\n|rule|Species Clause: Limit one of each Pok\u00e9mon\n|rule|Item Clause: Limit one of each item\n|clearpoke\n|poke|p1|Orthworm, L50, M|\n|poke|p1|Flutter Mane, L50|\n|poke|p1|Dragonite, L50, F|\n|poke|p1|Ting-Lu, L50|\n|poke|p1|Baxcalibur, L50, F|\n|poke|p1|Gyarados, L50, F|\n|poke|p2|Amoonguss, L50, M|\n|poke|p2|Iron Bundle, L50|\n|poke|p2|Chi-Yu, L50|\n|poke|p2|Dragapult, L50, M|\n|poke|p2|Scream Tail, L50|\n|poke|p2|Ting-Lu, L50|\n|teampreview|4\nDraco Jack17 has agreed to open team sheets.\n|c|\u2606DarthIgnus|Don't make fun of me too much, team is still new lol\nDarthIgnus has agreed to open team sheets.\n|c|\u2606Draco Jack17|lmao I won't it looks formidable\n|\n|t:|1683737199\n|start\n|switch|p1a: Ting-Lu|Ting-Lu, L50|100\/100\n|switch|p1b: Flutter Mane|Flutter Mane, L50|100\/100\n|switch|p2a: Lust 2|Chi-Yu, L50|100\/100\n|switch|p2b: Greed|Iron Bundle, L50|100\/100\n|-ability|p2a: Lust 2|Beads of Ruin\n|-ability|p1a: Ting-Lu|Vessel of Ruin\n|-enditem|p1b: Flutter Mane|Booster Energy\n|-activate|p1b: Flutter Mane|ability: Protosynthesis|[fromitem]\n|-start|p1b: Flutter Mane|protosynthesisspe\n|turn|1\n|\n|t:|1683737282\n|-end|p2b: Greed|Quark Drive|[silent]\n|switch|p2b: Gluttony|Amoonguss, L50, M|100\/100\n|-terastallize|p1a: Ting-Lu|Poison\n|move|p1b: Flutter Mane|Protect|p1b: Flutter Mane\n|-singleturn|p1b: Flutter Mane|Protect\n|move|p2a: Lust 2|Heat Wave|p1b: Flutter Mane|[spread] p1a\n|-activate|p1b: Flutter Mane|move: Protect\n|-damage|p1a: Ting-Lu|77\/100\n|move|p1a: Ting-Lu|Bulldoze|p2b: Gluttony|[spread] p2a,p2b\n|-activate|p1b: Flutter Mane|move: Protect\n|-supereffective|p2a: Lust 2\n|-damage|p2a: Lust 2|16\/100\n|-damage|p2b: Gluttony|77\/100\n|-unboost|p2a: Lust 2|spe|1\n|-unboost|p2b: Gluttony|spe|1\n|\n|upkeep\n|turn|2\n|\n|t:|1683737332\n|switch|p1a: Orthworm|Orthworm, L50, M|100\/100\n|move|p2a: Lust 2|Protect|p2a: Lust 2\n|-singleturn|p2a: Lust 2|Protect\n|move|p1b: Flutter Mane|Shadow Ball|p2a: Lust 2\n|-activate|p2a: Lust 2|move: Protect\n|move|p2b: Gluttony|Spore|p1a: Orthworm\n|-status|p1a: Orthworm|slp|[from] move: Spore\n|\n|upkeep\n|turn|3\n|\n|t:|1683737353\n|move|p2b: Gluttony|Rage Powder|p2b: Gluttony\n|-singleturn|p2b: Gluttony|move: Rage Powder\n|move|p1b: Flutter Mane|Shadow Ball|p2b: Gluttony\n|-damage|p2b: Gluttony|23\/100\n|-unboost|p2b: Gluttony|spd|1\n|-enditem|p2b: Gluttony|Sitrus Berry|[eat]\n|-heal|p2b: Gluttony|48\/100|[from] item: Sitrus Berry\n|move|p2a: Lust 2|Heat Wave|p1b: Flutter Mane|[spread] p1b\n|-miss|p2a: Lust 2|p1a: Orthworm\n|-damage|p1b: Flutter Mane|53\/100\n|cant|p1a: Orthworm|slp\n|\n|upkeep\n|turn|4\n|\n|t:|1683737393\n|switch|p1a: Ting-Lu|Ting-Lu, L50, tera:Poison|77\/100\n|-ability|p1a: Ting-Lu|Vessel of Ruin\n|move|p2a: Lust 2|Protect|p2a: Lust 2\n|-singleturn|p2a: Lust 2|Protect\n|move|p1b: Flutter Mane|Shadow Ball|p2a: Lust 2\n|-activate|p2a: Lust 2|move: Protect\n|move|p2b: Gluttony|Spore|p1b: Flutter Mane\n|-status|p1b: Flutter Mane|slp|[from] move: Spore\n|\n|upkeep\n|turn|5\n|\n|t:|1683737431\n|-end|p1b: Flutter Mane|Protosynthesis|[silent]\n|switch|p1b: Orthworm|Orthworm, L50, M|100\/100 slp\n|move|p2a: Lust 2|Overheat|p1b: Orthworm\n|-supereffective|p1b: Orthworm\n|-damage|p1b: Orthworm|0 fnt\n|-unboost|p2a: Lust 2|spa|2\n|faint|p1b: Orthworm\n|move|p1a: Ting-Lu|Bulldoze|p2a: Lust 2|[spread] p2a,p2b\n|-supereffective|p2a: Lust 2\n|-damage|p2a: Lust 2|0 fnt\n|-damage|p2b: Gluttony|26\/100\n|-unboost|p2b: Gluttony|spe|1\n|faint|p2a: Lust 2\n|move|p2b: Gluttony|Spore|p1a: Ting-Lu\n|-status|p1a: Ting-Lu|slp|[from] move: Spore\n|\n|upkeep\n|\n|t:|1683737451\n|switch|p2a: Gambino|Dragapult, L50, M|100\/100\n|switch|p1b: Baxcalibur|Baxcalibur, L50, F|100\/100\n|turn|6\n|\n|t:|1683737484\n|switch|p2b: Greed|Iron Bundle, L50|100\/100\n|-terastallize|p2a: Gambino|Steel\n|move|p1b: Baxcalibur|Ice Shard|p2b: Greed\n|-resisted|p2b: Greed\n|-damage|p2b: Greed|94\/100\n|move|p2a: Gambino|Tera Blast|p1b: Baxcalibur\n|-supereffective|p1b: Baxcalibur\n|-damage|p1b: Baxcalibur|0 fnt\n|faint|p1b: Baxcalibur\n|cant|p1a: Ting-Lu|slp\n|\n|upkeep\n|\n|t:|1683737495\n|switch|p1b: Flutter Mane|Flutter Mane, L50|53\/100 slp\n|turn|7\n|\n|t:|1683737507\n|cant|p1b: Flutter Mane|slp\n|move|p2a: Gambino|Tera Blast|p1b: Flutter Mane\n|-supereffective|p1b: Flutter Mane\n|-damage|p1b: Flutter Mane|0 fnt\n|faint|p1b: Flutter Mane\n|-end|p1b: Flutter Mane|Protosynthesis|[silent]\n|move|p2b: Greed|Freeze-Dry|p1a: Ting-Lu\n|-damage|p1a: Ting-Lu|47\/100 slp\n|-curestatus|p1a: Ting-Lu|slp|[msg]\n|move|p1a: Ting-Lu|Bulldoze|p2a: Gambino|[spread] p2a,p2b\n|-supereffective|p2a: Gambino\n|-damage|p2a: Gambino|16\/100\n|-damage|p2b: Greed|60\/100\n|-unboost|p2b: Greed|spe|1\n|\n|upkeep\n|turn|8\n|\n|t:|1683737520\n|switch|p2a: Gluttony|Amoonguss, L50, M|59\/100\n|move|p2b: Greed|Freeze-Dry|p1a: Ting-Lu\n|-crit|p1a: Ting-Lu\n|-damage|p1a: Ting-Lu|2\/100\n|move|p1a: Ting-Lu|Bulldoze|p2a: Gluttony|[spread] p2a,p2b\n|-damage|p2a: Gluttony|38\/100\n|-damage|p2b: Greed|22\/100\n|-unboost|p2a: Gluttony|spe|1\n|-unboost|p2b: Greed|spe|1\n|\n|upkeep\n|turn|9\n|\n|t:|1683737533\n|move|p2b: Greed|Freeze-Dry|p1a: Ting-Lu\n|-damage|p1a: Ting-Lu|0 fnt\n|faint|p1a: Ting-Lu\n|\n|win|Draco Jack17\n|c|\u2606DarthIgnus|gg\n|c|\u2606Draco Jack17|ggwp\n","uploadtime":1683737541,"views":8,"p1id":"darthignus","p2id":"dracojack17","formatid":"gen9vgc2023regulationc","rating":0,"private":0,"password":""}