{"id":"gen9vgc2023regulationc-1846905138","p1":"maku8319","p2":"NaughtyGirl-chan","format":"[Gen 9] VGC 2023 Regulation C","log":"|j|\u2606maku8319\n|j|\u2606NaughtyGirl-chan\n|t:|1681898829\n|gametype|doubles\n|player|p1|maku8319|red|1440\n|player|p2|NaughtyGirl-chan|iono|1479\n|teamsize|p1|6\n|teamsize|p2|6\n|gen|9\n|tier|[Gen 9] VGC 2023 Regulation C\n|rated|\n|rule|Species Clause: Limit one of each Pok\u00e9mon\n|rule|Item Clause: Limit one of each item\n|clearpoke\n|poke|p1|Klefki, L50, F|\n|poke|p1|Arcanine, L50, F|\n|poke|p1|Corviknight, L50, M|\n|poke|p1|Ting-Lu, L50|\n|poke|p1|Iron Hands, L50|\n|poke|p1|Flutter Mane, L50|\n|poke|p2|Dondozo, L50, M|\n|poke|p2|Tatsugiri-Stretchy, L50, F|\n|poke|p2|Pelipper, L50, F|\n|poke|p2|Drednaw, L50, M|\n|poke|p2|Dragonite, L50, F|\n|poke|p2|Chien-Pao, L50|\n|teampreview|4\n|inactive|Battle timer is ON: inactive players will automatically lose when time's up. (requested by NaughtyGirl-chan)\n|inactive|maku8319 has 60 seconds left.\n|inactive|NaughtyGirl-chan has 60 seconds left.\n|\n|t:|1681898870\n|start\n|switch|p1a: Klefki|Klefki, L50, F|100\/100\n|switch|p1b: Corviknight|Corviknight, L50, M, shiny|100\/100\n|switch|p2a: Dondozo|Dondozo, L50, M|100\/100\n|switch|p2b: Pelipper|Pelipper, L50, F|100\/100\n|-weather|RainDance|[from] ability: Drizzle|[of] p2b: Pelipper\n|turn|1\n|\n|t:|1681898885\n|switch|p2b: Tatsugiri|Tatsugiri-Stretchy, L50, F, shiny|100\/100\n|-activate|p2b: Tatsugiri|ability: Commander|[of] p2a: Dondozo\n|-boost|p2a: Dondozo|atk|2\n|-boost|p2a: Dondozo|spa|2\n|-boost|p2a: Dondozo|spe|2\n|-boost|p2a: Dondozo|def|2\n|-boost|p2a: Dondozo|spd|2\n|-terastallize|p2a: Dondozo|Water\n|move|p1a: Klefki|Light Screen|p1a: Klefki\n|-sidestart|p1: maku8319|move: Light Screen\n|move|p2a: Dondozo|Surf|p1a: Klefki|[spread] p1a,p1b\n|-miss|p2a: Dondozo|p2b: Tatsugiri\n|-damage|p1a: Klefki|17\/100\n|-damage|p1b: Corviknight|27\/100\n|-damage|p2a: Dondozo|91\/100|[from] item: Life Orb\n|move|p1b: Corviknight|Bulk Up|p1b: Corviknight\n|-boost|p1b: Corviknight|atk|1\n|-boost|p1b: Corviknight|def|1\n|\n|-weather|RainDance|[upkeep]\n|upkeep\n|turn|2\n|inactive|maku8319 has 30 seconds left.\n|\n|t:|1681898914\n|-terastallize|p1b: Corviknight|Water\n|move|p2a: Dondozo|Surf|p1b: Corviknight|[spread] p1a,p1b\n|-miss|p2a: Dondozo|p2b: Tatsugiri\n|-resisted|p1b: Corviknight\n|-damage|p1a: Klefki|0 fnt\n|-damage|p1b: Corviknight|0 fnt\n|faint|p1a: Klefki\n|faint|p1b: Corviknight\n|-damage|p2a: Dondozo|81\/100|[from] item: Life Orb\n|\n|-weather|RainDance|[upkeep]\n|upkeep\n|\n|t:|1681898920\n|switch|p1a: Iron Hands|Iron Hands, L50, shiny|100\/100\n|switch|p1b: Flutter Mane|Flutter Mane, L50|100\/100\n|-enditem|p1b: Flutter Mane|Booster Energy\n|-activate|p1b: Flutter Mane|ability: Protosynthesis|[fromitem]\n|-start|p1b: Flutter Mane|protosynthesisspa\n|turn|3\n|\n|t:|1681898936\n|move|p2a: Dondozo|Protect|p2a: Dondozo\n|-singleturn|p2a: Dondozo|Protect\n|move|p1b: Flutter Mane|Thunderbolt|p2a: Dondozo\n|-activate|p2a: Dondozo|move: Protect\n|move|p1a: Iron Hands|Wild Charge|p2a: Dondozo\n|-activate|p2a: Dondozo|move: Protect\n|\n|-weather|RainDance|[upkeep]\n|upkeep\n|turn|4\n|\n|t:|1681898947\n|move|p2a: Dondozo|Surf|p1a: Iron Hands|[spread] p1a,p1b\n|-miss|p2a: Dondozo|p2b: Tatsugiri\n|-damage|p1a: Iron Hands|43\/100\n|-damage|p1b: Flutter Mane|18\/100\n|-enditem|p1a: Iron Hands|Sitrus Berry|[eat]\n|-heal|p1a: Iron Hands|68\/100|[from] item: Sitrus Berry\n|-damage|p2a: Dondozo|71\/100|[from] item: Life Orb\n|move|p1b: Flutter Mane|Thunderbolt|p2a: Dondozo\n|-supereffective|p2a: Dondozo\n|-damage|p2a: Dondozo|23\/100\n|-status|p2a: Dondozo|par\n|move|p1a: Iron Hands|Wild Charge|p2a: Dondozo\n|-supereffective|p2a: Dondozo\n|-damage|p2a: Dondozo|0 fnt\n|faint|p2a: Dondozo\n|-damage|p1a: Iron Hands|62\/100|[from] Recoil\n|\n|-weather|RainDance|[upkeep]\n|upkeep\n|\n|t:|1681898962\n|switch|p2a: Drednaw|Drednaw, L50, M|100\/100\n|turn|5\n|\n|t:|1681898970\n|switch|p2b: Pelipper|Pelipper, L50, F|100\/100\n|move|p1b: Flutter Mane|Protect|p1b: Flutter Mane\n|-singleturn|p1b: Flutter Mane|Protect\n|move|p2a: Drednaw|Earthquake|p1b: Flutter Mane|[spread] p1a\n|-activate|p1b: Flutter Mane|move: Protect\n|-immune|p2b: Pelipper\n|-supereffective|p1a: Iron Hands\n|-damage|p1a: Iron Hands|14\/100\n|move|p1a: Iron Hands|Drain Punch|p2a: Drednaw\n|-supereffective|p2a: Drednaw\n|-damage|p2a: Drednaw|0 fnt\n|-heal|p1a: Iron Hands|48\/100|[from] drain|[of] p2a: Drednaw\n|faint|p2a: Drednaw\n|\n|-weather|RainDance|[upkeep]\n|upkeep\n|\n|t:|1681898984\n|switch|p2a: Tatsugiri|Tatsugiri-Stretchy, L50, F, shiny|100\/100\n|turn|6\n|\n|t:|1681898997\n|move|p2a: Tatsugiri|Muddy Water|p1b: Flutter Mane|[spread] p1a,p1b\n|-damage|p1a: Iron Hands|24\/100\n|-damage|p1b: Flutter Mane|0 fnt\n|faint|p1b: Flutter Mane\n|-end|p1b: Flutter Mane|Protosynthesis|[silent]\n|move|p2b: Pelipper|Hurricane|p1a: Iron Hands\n|-damage|p1a: Iron Hands|0 fnt\n|faint|p1a: Iron Hands\n|-end|p1a: Iron Hands|Quark Drive|[silent]\n|\n|win|NaughtyGirl-chan\n|raw|maku8319's rating: 1440 → 1422<\/strong> (-18 for losing)\n|raw|NaughtyGirl-chan's rating: 1479 → 1497<\/strong> (+18 for winning)\n","uploadtime":1681899009,"views":25,"p1id":"maku8319","p2id":"naughtygirlchan","formatid":"gen9vgc2023regulationc","rating":1422,"private":0,"password":""}