{"id":"gen9vgc2023regulationc-1845967363","p1":"hvac goon","p2":"kenkazoUnimarc","format":"[Gen 9] VGC 2023 Regulation C","log":"|j|\u2606hvac goon\n|j|\u2606kenkazoUnimarc\n|t:|1681785038\n|gametype|doubles\n|player|p1|hvac goon|266|1352\n|player|p2|kenkazoUnimarc|1|1472\n|teamsize|p1|6\n|teamsize|p2|6\n|gen|9\n|tier|[Gen 9] VGC 2023 Regulation C\n|rated|\n|rule|Species Clause: Limit one of each Pok\u00e9mon\n|rule|Item Clause: Limit one of each item\n|clearpoke\n|poke|p1|Dondozo, L50, F|\n|poke|p1|Tatsugiri, L50, F|\n|poke|p1|Ting-Lu, L50|\n|poke|p1|Arcanine, L50, M|\n|poke|p1|Chi-Yu, L50|\n|poke|p1|Flutter Mane, L50|\n|poke|p2|Kingambit, L50, M|\n|poke|p2|Rotom-Wash, L50|\n|poke|p2|Iron Bundle, L50|\n|poke|p2|Flutter Mane, L50|\n|poke|p2|Pachirisu, L50, F|\n|poke|p2|Garchomp, L50, M|\n|teampreview|4\n|inactive|Battle timer is ON: inactive players will automatically lose when time's up. (requested by hvac goon)\n|inactive|kenkazoUnimarc has 60 seconds left.\n|inactive|kenkazoUnimarc has 30 seconds left.\n|inactive|kenkazoUnimarc has 20 seconds left.\n|inactive|kenkazoUnimarc has 15 seconds left.\n|inactive|kenkazoUnimarc has 10 seconds left.\n|\n|t:|1681785123\n|start\n|switch|p1a: Arcanine|Arcanine, L50, M|100\/100\n|switch|p1b: Dondozo|Dondozo, L50, F|100\/100\n|switch|p2a: ioechu|Rotom-Wash, L50|100\/100\n|switch|p2b: Pachirisu|Pachirisu, L50, F|100\/100\n|-ability|p1a: Arcanine|Intimidate|boost\n|-unboost|p2a: ioechu|atk|1\n|-unboost|p2b: Pachirisu|atk|1\n|turn|1\n|\n|t:|1681785145\n|move|p1b: Dondozo|Protect|p1b: Dondozo\n|-singleturn|p1b: Dondozo|Protect\n|move|p1a: Arcanine|Howl|p1a: Arcanine|[spread] p1a,p1b\n|-boost|p1a: Arcanine|atk|1\n|-boost|p1b: Dondozo|atk|1\n|move|p2b: Pachirisu|Nuzzle|p1b: Dondozo\n|-activate|p1b: Dondozo|move: Protect\n|move|p2a: ioechu|Discharge|p1a: Arcanine|[spread] p1a\n|-activate|p1b: Dondozo|move: Protect\n|-immune|p2b: Pachirisu|[from] ability: Volt Absorb\n|-damage|p1a: Arcanine|77\/100\n|\n|upkeep\n|turn|2\n|inactive|kenkazoUnimarc has 30 seconds left.\n|\n|t:|1681785171\n|switch|p1a: Tatsugiri|Tatsugiri, L50, F|100\/100\n|-activate|p1a: Tatsugiri|ability: Commander|[of] p1b: Dondozo\n|-boost|p1b: Dondozo|atk|2\n|-boost|p1b: Dondozo|spa|2\n|-boost|p1b: Dondozo|spe|2\n|-boost|p1b: Dondozo|def|2\n|-boost|p1b: Dondozo|spd|2\n|-terastallize|p1b: Dondozo|Grass\n|move|p1b: Dondozo|Tera Blast|p2a: ioechu\n|-supereffective|p2a: ioechu\n|-damage|p2a: ioechu|0 fnt\n|faint|p2a: ioechu\n|move|p2b: Pachirisu|Nuzzle|p1b: Dondozo\n|-resisted|p1b: Dondozo\n|-damage|p1b: Dondozo|99\/100\n|-status|p1b: Dondozo|par\n|\n|-heal|p1b: Dondozo|100\/100 par|[from] item: Leftovers\n|upkeep\n|\n|t:|1681785193\n|switch|p2a: Iron Bundle|Iron Bundle, L50|100\/100\n|-enditem|p2a: Iron Bundle|Booster Energy\n|-activate|p2a: Iron Bundle|ability: Quark Drive|[fromitem]\n|-start|p2a: Iron Bundle|quarkdrivespe\n|turn|3\n|\n|t:|1681785203\n|-terastallize|p2a: Iron Bundle|Ice\n|move|p2b: Pachirisu|Follow Me|p2b: Pachirisu\n|-singleturn|p2b: Pachirisu|move: Follow Me\n|move|p2a: Iron Bundle|Freeze-Dry|p1b: Dondozo\n|-supereffective|p1b: Dondozo\n|-crit|p1b: Dondozo\n|-damage|p1b: Dondozo|0 fnt\n|faint|p1b: Dondozo\n|\n|upkeep\n|c|\u2606hvac goon|what a luck box\n|\n|t:|1681785226\n|switch|p1b: Arcanine|Arcanine, L50, M|77\/100\n|-ability|p1b: Arcanine|Intimidate|boost\n|-unboost|p2a: Iron Bundle|atk|1\n|-unboost|p2b: Pachirisu|atk|1\n|turn|4\n|\n|t:|1681785244\n|move|p2b: Pachirisu|Follow Me|p2b: Pachirisu\n|-singleturn|p2b: Pachirisu|move: Follow Me\n|move|p2a: Iron Bundle|Hydro Pump|p1b: Arcanine\n|-supereffective|p1b: Arcanine\n|-damage|p1b: Arcanine|0 fnt\n|faint|p1b: Arcanine\n|move|p1a: Tatsugiri|Draco Meteor|p2b: Pachirisu\n|-damage|p2b: Pachirisu|30\/100\n|-unboost|p1a: Tatsugiri|spa|2\n|-enditem|p2b: Pachirisu|Sitrus Berry|[eat]\n|-heal|p2b: Pachirisu|55\/100|[from] item: Sitrus Berry\n|\n|upkeep\n|c|\u2606kenkazoUnimarc|Oohh yes\n|\n|t:|1681785257\n|switch|p1b: Ting-Lu|Ting-Lu, L50|100\/100\n|-ability|p1b: Ting-Lu|Vessel of Ruin\n|turn|5\n|\n|t:|1681785274\n|move|p1a: Tatsugiri|Protect|p1a: Tatsugiri\n|-singleturn|p1a: Tatsugiri|Protect\n|move|p2b: Pachirisu|Follow Me|p2b: Pachirisu\n|-singleturn|p2b: Pachirisu|move: Follow Me\n|move|p2a: Iron Bundle|Freeze-Dry|p1b: Ting-Lu\n|-supereffective|p1b: Ting-Lu\n|-damage|p1b: Ting-Lu|41\/100\n|move|p1b: Ting-Lu|Heavy Slam|p2b: Pachirisu\n|-resisted|p2b: Pachirisu\n|-damage|p2b: Pachirisu|32\/100\n|\n|upkeep\n|turn|6\n|\n|t:|1681785297\n|move|p1b: Ting-Lu|Protect|p1b: Ting-Lu\n|-singleturn|p1b: Ting-Lu|Protect\n|move|p2a: Iron Bundle|Freeze-Dry|p1b: Ting-Lu\n|-activate|p1b: Ting-Lu|move: Protect\n|move|p1a: Tatsugiri|Muddy Water|p2a: Iron Bundle|[spread] p2b\n|-miss|p1a: Tatsugiri|p2a: Iron Bundle\n|-damage|p2b: Pachirisu|19\/100\n|-unboost|p2b: Pachirisu|accuracy|1\n|move|p2b: Pachirisu|Nuzzle|p1a: Tatsugiri\n|-damage|p1a: Tatsugiri|96\/100\n|-status|p1a: Tatsugiri|par\n|\n|upkeep\n|turn|7\n|c|\u2606hvac goon|kill dozo with full health lmao pitiful\n|c|\u2606kenkazoUnimarc|Ooohhhh yeah\n|inactive|kenkazoUnimarc has 30 seconds left.\n|\n|t:|1681785326\n|move|p1a: Tatsugiri|Protect|p1a: Tatsugiri\n|-singleturn|p1a: Tatsugiri|Protect\n|move|p2a: Iron Bundle|Freeze-Dry|p1b: Ting-Lu\n|-supereffective|p1b: Ting-Lu\n|-damage|p1b: Ting-Lu|0 fnt\n|faint|p1b: Ting-Lu\n|move|p2b: Pachirisu|Super Fang|p1a: Tatsugiri\n|-activate|p1a: Tatsugiri|move: Protect\n|\n|upkeep\n|turn|8\n|inactive|kenkazoUnimarc has 30 seconds left.\n|c|\u2606kenkazoUnimarc|Kage bunshin with Susano or without Susano?\n|inactive|kenkazoUnimarc has 20 seconds left.\n|\n|t:|1681785363\n|move|p2b: Pachirisu|Follow Me|p2b: Pachirisu\n|-singleturn|p2b: Pachirisu|move: Follow Me\n|move|p2a: Iron Bundle|Freeze-Dry|p1a: Tatsugiri\n|-supereffective|p1a: Tatsugiri\n|-crit|p1a: Tatsugiri\n|-damage|p1a: Tatsugiri|0 fnt\n|faint|p1a: Tatsugiri\n|\n|win|kenkazoUnimarc\n|raw|hvac goon's rating: 1352 → 1339<\/strong> (-13 for losing)\n|raw|kenkazoUnimarc's rating: 1472 → 1485<\/strong> (+13 for winning)\n|c|\u2606hvac goon|what\n|l|\u2606hvac goon\n","uploadtime":1681785406,"views":13,"p1id":"hvacgoon","p2id":"kenkazounimarc","formatid":"gen9vgc2023regulationc","rating":1339,"private":0,"password":""}