{"id":"gen9vgc2023regulationc-1859145930","p1":"Charlisito","p2":"DragonairJordan23","format":"[Gen 9] VGC 2023 Regulation C","log":"|j|\u2606Charlisito\n|j|\u2606DragonairJordan23\n|t:|1683410010\n|gametype|doubles\n|player|p1|Charlisito|101|1296\n|player|p2|DragonairJordan23|kiawe|1235\n|teamsize|p1|6\n|teamsize|p2|5\n|gen|9\n|tier|[Gen 9] VGC 2023 Regulation C\n|rated|\n|rule|Species Clause: Limit one of each Pok\u00e9mon\n|rule|Item Clause: Limit one of each item\n|clearpoke\n|poke|p1|Bellibolt, L50, F|\n|poke|p1|Palafin, L50, M|\n|poke|p1|Arcanine, L50, M|\n|poke|p1|Amoonguss, L50, M|\n|poke|p1|Flutter Mane, L50|\n|poke|p1|Ting-Lu, L50|\n|poke|p2|Ting-Lu, L50|\n|poke|p2|Abomasnow, L50, M|\n|poke|p2|Iron Bundle, L50|\n|poke|p2|Flutter Mane, L50|\n|poke|p2|Slither Wing, L50|\n|teampreview|4\nCharlisito has agreed to open team sheets.\n|\n|t:|1683410054\n|start\n|switch|p1a: Bellibolt|Bellibolt, L50, F|100\/100\n|switch|p1b: Palafin|Palafin, L50, M|100\/100\n|switch|p2a: Flutter Mane|Flutter Mane, L50|100\/100\n|switch|p2b: Abomasnow|Abomasnow, L50, M|100\/100\n|-weather|Snow|[from] ability: Snow Warning|[of] p2b: Abomasnow\n|turn|1\n|\n|t:|1683410066\n|detailschange|p1b: Palafin|Palafin-Hero, L50, M\n|switch|p1b: Amoonguss|Amoonguss, L50, M|100\/100\n|move|p2a: Flutter Mane|Moonblast|p1b: Amoonguss\n|-resisted|p1b: Amoonguss\n|-damage|p1b: Amoonguss|67\/100\n|move|p2b: Abomasnow|Aurora Veil|p2b: Abomasnow\n|-sidestart|p2: DragonairJordan23|move: Aurora Veil\n|move|p1a: Bellibolt|Volt Switch|p2a: Flutter Mane\n|-damage|p2a: Flutter Mane|84\/100\n|\n|t:|1683410074\n|switch|p1a: Flutter Mane|Flutter Mane, L50|100\/100|[from] Volt Switch\n|-enditem|p1a: Flutter Mane|Booster Energy\n|-activate|p1a: Flutter Mane|ability: Protosynthesis|[fromitem]\n|-start|p1a: Flutter Mane|protosynthesisspa\n|\n|-weather|Snow|[upkeep]\n|upkeep\n|turn|2\n|\n|t:|1683410091\n|move|p1a: Flutter Mane|Protect|p1a: Flutter Mane\n|-singleturn|p1a: Flutter Mane|Protect\n|move|p2a: Flutter Mane|Moonblast|p1b: Amoonguss\n|-resisted|p1b: Amoonguss\n|-damage|p1b: Amoonguss|38\/100\n|-enditem|p1b: Amoonguss|Sitrus Berry|[eat]\n|-heal|p1b: Amoonguss|63\/100|[from] item: Sitrus Berry\n|move|p2b: Abomasnow|Blizzard|p1b: Amoonguss|[spread] p1b\n|-activate|p1a: Flutter Mane|move: Protect\n|-supereffective|p1b: Amoonguss\n|-damage|p1b: Amoonguss|5\/100\n|move|p1b: Amoonguss|Spore|p2a: Flutter Mane\n|-status|p2a: Flutter Mane|slp|[from] move: Spore\n|\n|-weather|Snow|[upkeep]\n|upkeep\n|turn|3\n|\n|t:|1683410111\n|switch|p1b: Palafin|Palafin-Hero, L50, M|100\/100\n|-activate|p1b: Palafin|ability: Zero to Hero\n|cant|p2a: Flutter Mane|slp\n|move|p1a: Flutter Mane|Dazzling Gleam|p2b: Abomasnow|[spread] p2a,p2b\n|-damage|p2a: Flutter Mane|54\/100 slp\n|-damage|p2b: Abomasnow|67\/100\n|move|p2b: Abomasnow|Leech Seed|p1a: Flutter Mane|[miss]\n|-miss|p2b: Abomasnow|p1a: Flutter Mane\n|\n|-weather|Snow|[upkeep]\n|upkeep\n|turn|4\n|\n|t:|1683410134\n|-end|p2a: Flutter Mane|Protosynthesis|[silent]\n|switch|p2a: Ting-Lu|Ting-Lu, L50|100\/100\n|-ability|p2a: Ting-Lu|Vessel of Ruin\n|move|p1a: Flutter Mane|Shadow Ball|p2a: Ting-Lu\n|-resisted|p2a: Ting-Lu\n|-crit|p2a: Ting-Lu\n|-damage|p2a: Ting-Lu|87\/100\n|move|p1b: Palafin|Substitute|p1b: Palafin\n|-start|p1b: Palafin|Substitute\n|-damage|p1b: Palafin|75\/100\n|move|p2b: Abomasnow|Leech Seed||[still]\n|-fail|p2b: Abomasnow\n|\n|-weather|Snow|[upkeep]\n|upkeep\n|turn|5\n|\n|t:|1683410152\n|move|p1a: Flutter Mane|Moonblast|p2a: Ting-Lu\n|-supereffective|p2a: Ting-Lu\n|-damage|p2a: Ting-Lu|53\/100\n|move|p1b: Palafin|Wave Crash|p2a: Ting-Lu\n|-supereffective|p2a: Ting-Lu\n|-damage|p2a: Ting-Lu|0 fnt\n|faint|p2a: Ting-Lu\n|-damage|p1b: Palafin|54\/100|[from] Recoil\n|move|p2b: Abomasnow|Leech Seed|p1a: Flutter Mane\n|-start|p1a: Flutter Mane|move: Leech Seed\n|\n|-weather|none\n|-damage|p1a: Flutter Mane|88\/100|[from] Leech Seed|[of] p2b: Abomasnow\n|-heal|p2b: Abomasnow|77\/100|[silent]\n|-sideend|p2: DragonairJordan23|move: Aurora Veil\n|upkeep\n|\n|t:|1683410168\n|switch|p2a: Flutter Mane|Flutter Mane, L50|54\/100 slp\n|turn|6\n|\n|t:|1683410172\n|-end|p1a: Flutter Mane|Protosynthesis|[silent]\n|switch|p1a: Amoonguss|Amoonguss, L50, M|39\/100\n|move|p1b: Palafin|Jet Punch|p2a: Flutter Mane\n|-damage|p2a: Flutter Mane|0 fnt\n|faint|p2a: Flutter Mane\n|-end|p2a: Flutter Mane|Protosynthesis|[silent]\n|move|p2b: Abomasnow|Blizzard|p1b: Palafin|[spread] p1a,p1b\n|-resisted|p1b: Palafin\n|-activate|p1b: Palafin|move: Substitute|[damage]\n|-supereffective|p1a: Amoonguss\n|-damage|p1a: Amoonguss|0 fnt\n|faint|p1a: Amoonguss\n|\n|upkeep\n|\n|t:|1683410183\n|switch|p2a: Slither Wing|Slither Wing, L50|100\/100\n|switch|p1a: Bellibolt|Bellibolt, L50, F|100\/100\n|turn|7\n|\n|t:|1683410197\n|move|p2a: Slither Wing|Bulk Up|p2a: Slither Wing\n|-boost|p2a: Slither Wing|atk|1\n|-boost|p2a: Slither Wing|def|1\n|move|p1b: Palafin|Wave Crash|p2a: Slither Wing\n|-crit|p2a: Slither Wing\n|-damage|p2a: Slither Wing|0 fnt\n|faint|p2a: Slither Wing\n|-end|p2a: Slither Wing|Protosynthesis|[silent]\n|-damage|p1b: Palafin|23\/100|[from] Recoil\n|move|p2b: Abomasnow|Leech Seed|p1a: Bellibolt\n|-start|p1a: Bellibolt|move: Leech Seed\n|move|p1a: Bellibolt|Volt Switch|p2b: Abomasnow\n|-resisted|p2b: Abomasnow\n|-damage|p2b: Abomasnow|61\/100\n|\n|t:|1683410199\n|switch|p1a: Flutter Mane|Flutter Mane, L50|88\/100|[from] Volt Switch\n|\n|upkeep\n|turn|8\n|\n|t:|1683410215\n|move|p1b: Palafin|Protect|p1b: Palafin\n|-singleturn|p1b: Palafin|Protect\n|move|p1a: Flutter Mane|Shadow Ball|p2b: Abomasnow\n|-damage|p2b: Abomasnow|15\/100\n|-enditem|p2b: Abomasnow|Sitrus Berry|[eat]\n|-heal|p2b: Abomasnow|40\/100|[from] item: Sitrus Berry\n|move|p2b: Abomasnow|Leech Seed|p1a: Flutter Mane\n|-start|p1a: Flutter Mane|move: Leech Seed\n|\n|-damage|p1a: Flutter Mane|76\/100|[from] Leech Seed|[of] p2b: Abomasnow\n|-heal|p2b: Abomasnow|49\/100|[silent]\n|upkeep\n|turn|9\n|\n|t:|1683410226\n|move|p2b: Abomasnow|Protect|p2b: Abomasnow\n|-singleturn|p2b: Abomasnow|Protect\n|move|p1b: Palafin|Jet Punch|p2b: Abomasnow\n|-activate|p2b: Abomasnow|move: Protect\n|move|p1a: Flutter Mane|Moonblast|p2b: Abomasnow\n|-activate|p2b: Abomasnow|move: Protect\n|\n|-damage|p1a: Flutter Mane|64\/100|[from] Leech Seed|[of] p2b: Abomasnow\n|-heal|p2b: Abomasnow|58\/100|[silent]\n|upkeep\n|turn|10\n|\n|t:|1683410236\n|switch|p1b: Bellibolt|Bellibolt, L50, F|100\/100\n|move|p1a: Flutter Mane|Moonblast|p2b: Abomasnow\n|-damage|p2b: Abomasnow|0 fnt\n|faint|p2b: Abomasnow\n|\n|win|Charlisito\n|raw|Charlisito's rating: 1296 → 1317<\/strong> (+21 for winning)\n|raw|DragonairJordan23's rating: 1235 → 1214<\/strong> (-21 for losing)\n|l|\u2606DragonairJordan23\n","uploadtime":1683410245,"views":13,"p1id":"charlisito","p2id":"dragonairjordan23","formatid":"gen9vgc2023regulationc","rating":1214,"private":0,"password":""}