{"id":"gen9vgc2023regulationc-1854948165","p1":"Pokemonster28","p2":"Ayrshire20Scythers","format":"[Gen 9] VGC 2023 Regulation C","log":"|j|\u2606Pokemonster28\n|j|\u2606Ayrshire20Scythers\n|t:|1682883901\n|gametype|doubles\n|player|p1|Pokemonster28|cynthia-gen4|\n|player|p2|Ayrshire20Scythers|policeman-gen4|\n|teamsize|p1|6\n|teamsize|p2|6\n|gen|9\n|tier|[Gen 9] VGC 2023 Regulation C\n|rule|Species Clause: Limit one of each Pok\u00e9mon\n|rule|Item Clause: Limit one of each item\n|clearpoke\n|poke|p1|Magnezone, L50|\n|poke|p1|Iron Bundle, L50|\n|poke|p1|Murkrow, L50, F|\n|poke|p1|Krookodile, L50, F|\n|poke|p1|Gothitelle, L50, F|\n|poke|p1|Iron Valiant, L50|\n|poke|p2|Pincurchin, L50, M|\n|poke|p2|Iron Moth, L50|\n|poke|p2|Tyranitar, L50, F|\n|poke|p2|Iron Thorns, L50|\n|poke|p2|Iron Jugulis, L50|\n|poke|p2|Indeedee-F, L50, F|\n|teampreview|4\n|inactive|Battle timer is ON: inactive players will automatically lose when time's up. (requested by Pokemonster28)\n|c|\u2606Pokemonster28|Cheers sorry\nPokemonster28 has agreed to open team sheets.\n|j| CommissarWhite\n|inactive|Pokemonster28 has 60 seconds left.\n|inactive|Ayrshire20Scythers has 60 seconds left.\n|\n|t:|1682883937\n|start\n|switch|p1a: Murkrow|Murkrow, L50, F|100\/100\n|switch|p1b: Iron Bundle|Iron Bundle, L50|100\/100\n|switch|p2a: Pincurchin|Pincurchin, L50, M, shiny|100\/100\n|switch|p2b: Iron Moth|Iron Moth, L50, shiny|100\/100\n|-fieldstart|move: Electric Terrain|[from] ability: Electric Surge|[of] p2a: Pincurchin\n|-activate|p1b: Iron Bundle|ability: Quark Drive\n|-start|p1b: Iron Bundle|quarkdrivespe\n|-activate|p2b: Iron Moth|ability: Quark Drive\n|-start|p2b: Iron Moth|quarkdrivespe\n|turn|1\n|\n|t:|1682883955\n|move|p2b: Iron Moth|Protect|p2b: Iron Moth\n|-singleturn|p2b: Iron Moth|Protect\n|move|p1a: Murkrow|Tailwind|p1a: Murkrow\n|-sidestart|p1: Pokemonster28|move: Tailwind\n|move|p1b: Iron Bundle|Hydro Pump|p2b: Iron Moth\n|-activate|p2b: Iron Moth|move: Protect\n|move|p2a: Pincurchin|Discharge|p1a: Murkrow|[spread] p1a,p1b\n|-activate|p2b: Iron Moth|move: Protect\n|-supereffective|p1a: Murkrow\n|-supereffective|p1b: Iron Bundle\n|-damage|p1a: Murkrow|56\/100\n|-damage|p1b: Iron Bundle|7\/100\n|\n|upkeep\n|turn|2\n|\n|t:|1682883994\n|switch|p1a: Krookodile|Krookodile, L50, F|100\/100\n|move|p2a: Pincurchin|Protect|p2a: Pincurchin\n|-singleturn|p2a: Pincurchin|Protect\n|move|p1b: Iron Bundle|Hydro Pump|p2b: Iron Moth\n|-supereffective|p2b: Iron Moth\n|-damage|p2b: Iron Moth|0 fnt\n|faint|p2b: Iron Moth\n|-end|p2b: Iron Moth|Quark Drive|[silent]\n|\n|upkeep\n|\n|t:|1682884006\n|switch|p2b: Indeedee|Indeedee-F, L50, F, shiny|100\/100\n|turn|3\n|inactive|Ayrshire20Scythers has 30 seconds left.\n|inactive|Pokemonster28 has 30 seconds left.\n|inactive|Ayrshire20Scythers has 20 seconds left.\n|\n|t:|1682884043\n|-terastallize|p1a: Krookodile|Ground\n|-terastallize|p2a: Pincurchin|Water\n|move|p2b: Indeedee|Fake Out|p1b: Iron Bundle\n|-damage|p1b: Iron Bundle|0 fnt\n|faint|p1b: Iron Bundle\n|-end|p1b: Iron Bundle|Quark Drive|[silent]\n|move|p1a: Krookodile|Tera Blast|p2a: Pincurchin\n|-damage|p2a: Pincurchin|40\/100\n|-damage|p1a: Krookodile|90\/100|[from] item: Life Orb\n|move|p2a: Pincurchin|Surf|p1a: Krookodile|[spread] p2b,p1a\n|-supereffective|p1a: Krookodile\n|-damage|p2b: Indeedee|78\/100\n|-damage|p1a: Krookodile|27\/100\n|\n|upkeep\n|\n|t:|1682884051\n|switch|p1b: Magnezone|Magnezone, L50|100\/100\n|turn|4\n|\n|t:|1682884073\n|move|p2b: Indeedee|Follow Me|p2b: Indeedee\n|-singleturn|p2b: Indeedee|move: Follow Me\n|move|p1a: Krookodile|Close Combat|p2b: Indeedee\n|-damage|p2b: Indeedee|5\/100\n|-unboost|p1a: Krookodile|def|1\n|-unboost|p1a: Krookodile|spd|1\n|-enditem|p2b: Indeedee|Iapapa Berry|[eat]\n|-heal|p2b: Indeedee|38\/100|[from] item: Iapapa Berry\n|-damage|p1a: Krookodile|17\/100|[from] item: Life Orb\n|move|p1b: Magnezone|Discharge|p2b: Indeedee|[spread] p2a,p2b\n|-immune|p1a: Krookodile\n|-supereffective|p2a: Pincurchin\n|-damage|p2a: Pincurchin|0 fnt\n|-damage|p2b: Indeedee|0 fnt\n|faint|p2a: Pincurchin\n|faint|p2b: Indeedee\n|\n|-sideend|p1: Pokemonster28|move: Tailwind\n|upkeep\n|\n|t:|1682884093\n|switch|p2a: Iron Thorns|Iron Thorns, L50, shiny|100\/100\n|-activate|p2a: Iron Thorns|ability: Quark Drive\n|-start|p2a: Iron Thorns|quarkdriveatk\n|-item|p2a: Iron Thorns|Air Balloon\n|turn|5\n|\n|t:|1682884101\n|move|p1b: Magnezone|Protect|p1b: Magnezone\n|-singleturn|p1b: Magnezone|Protect\n|move|p1a: Krookodile|Close Combat|p2a: Iron Thorns\n|-supereffective|p2a: Iron Thorns\n|-damage|p2a: Iron Thorns|25\/100\n|-unboost|p1a: Krookodile|def|1\n|-unboost|p1a: Krookodile|spd|1\n|-enditem|p2a: Iron Thorns|Air Balloon\n|-damage|p1a: Krookodile|7\/100|[from] item: Life Orb\n|move|p2a: Iron Thorns|Bulldoze|p1b: Magnezone|[spread] p1a\n|-activate|p1b: Magnezone|move: Protect\n|-damage|p1a: Krookodile|0 fnt\n|faint|p1a: Krookodile\n|\n|upkeep\n|\n|t:|1682884107\n|switch|p1a: Murkrow|Murkrow, L50, F|56\/100\n|turn|6\n|\n|t:|1682884120\n|move|p1a: Murkrow|Tailwind|p1a: Murkrow\n|-sidestart|p1: Pokemonster28|move: Tailwind\n|move|p1b: Magnezone|Flash Cannon|p2a: Iron Thorns\n|-damage|p2a: Iron Thorns|0 fnt\n|faint|p2a: Iron Thorns\n|-end|p2a: Iron Thorns|Quark Drive|[silent]\n|\n|win|Pokemonster28\n|l|\u2606Ayrshire20Scythers\n|l| CommissarWhite\n|l|\u2606Pokemonster28\n|j|\u2606Ayrshire20Scythers\n|player|p2|Ayrshire20Scythers|policeman-gen4\n","uploadtime":1682884126,"views":11,"p1id":"pokemonster28","p2id":"ayrshire20scythers","formatid":"gen9vgc2023regulationc","rating":0,"private":0,"password":""}