{"id":"gen9vgc2023regulationc-1857579466","p1":"KinGanon","p2":"Goldeen Knights","format":"[Gen 9] VGC 2023 Regulation C","log":"|j|\u2606KinGanon\n|j|\u2606Goldeen Knights\n|t:|1683210059\n|gametype|doubles\n|player|p1|KinGanon|266|1324\n|player|p2|Goldeen Knights|burglar|1244\n|teamsize|p1|6\n|teamsize|p2|6\n|gen|9\n|tier|[Gen 9] VGC 2023 Regulation C\n|rated|\n|rule|Species Clause: Limit one of each Pok\u00e9mon\n|rule|Item Clause: Limit one of each item\n|clearpoke\n|poke|p1|Slowking, L50, M|\n|poke|p1|Bellibolt, L50, F|\n|poke|p1|Abomasnow, L50, M|\n|poke|p1|Cetitan, L50, F|\n|poke|p1|Annihilape, L50, M|\n|poke|p1|Maushold, L50|\n|poke|p2|Talonflame, L50, M|\n|poke|p2|Garchomp, L50, M|\n|poke|p2|Flutter Mane, L50|\n|poke|p2|Kingambit, L50, F|\n|poke|p2|Amoonguss, L50, F|\n|poke|p2|Rotom-Wash, L50|\n|teampreview|4\n|inactive|Battle timer is ON: inactive players will automatically lose when time's up. (requested by KinGanon)\n|\n|t:|1683210088\n|start\n|switch|p1a: Annihilape|Annihilape, L50, M|100\/100\n|switch|p1b: Maushold|Maushold, L50|100\/100\n|switch|p2a: Talonflame|Talonflame, L50, M|100\/100\n|switch|p2b: Garchomp|Garchomp, L50, M|100\/100\n|turn|1\n|inactive|KinGanon has 30 seconds left.\n|\n|t:|1683210113\n|-terastallize|p2b: Garchomp|Ground\n|move|p1b: Maushold|Follow Me|p1b: Maushold\n|-singleturn|p1b: Maushold|move: Follow Me\n|move|p2a: Talonflame|Will-O-Wisp|p1b: Maushold\n|-status|p1b: Maushold|brn\n|move|p2b: Garchomp|Earthquake|p1a: Annihilape|[spread] p1a,p1b\n|-immune|p2a: Talonflame\n|-damage|p1a: Annihilape|56\/100\n|-damage|p1b: Maushold|32\/100 brn\n|-damage|p2b: Garchomp|91\/100|[from] item: Life Orb\n|move|p1a: Annihilape|Bulk Up|p1a: Annihilape\n|-boost|p1a: Annihilape|atk|1\n|-boost|p1a: Annihilape|def|1\n|\n|-heal|p1a: Annihilape|62\/100|[from] item: Leftovers\n|-damage|p1b: Maushold|26\/100 brn|[from] brn\n|upkeep\n|turn|2\n|inactive|KinGanon has 30 seconds left.\n|\n|t:|1683210140\n|move|p1b: Maushold|Follow Me|p1b: Maushold\n|-singleturn|p1b: Maushold|move: Follow Me\n|move|p2a: Talonflame|Tailwind|p2a: Talonflame\n|-sidestart|p2: Goldeen Knights|move: Tailwind\n|move|p2b: Garchomp|Earthquake|p1b: Maushold|[spread] p1a,p1b\n|-immune|p2a: Talonflame\n|-damage|p1a: Annihilape|29\/100\n|-damage|p1b: Maushold|0 fnt\n|faint|p1b: Maushold\n|-damage|p2b: Garchomp|81\/100|[from] item: Life Orb\n|move|p1a: Annihilape|Drain Punch|p2b: Garchomp\n|-damage|p2b: Garchomp|34\/100\n|-heal|p1a: Annihilape|50\/100|[from] drain|[of] p2b: Garchomp\n|-damage|p1a: Annihilape|38\/100|[from] ability: Rough Skin|[of] p2b: Garchomp\n|\n|-heal|p1a: Annihilape|44\/100|[from] item: Leftovers\n|upkeep\n|\n|t:|1683210155\n|switch|p1b: Abomasnow|Abomasnow, L50, M|100\/100\n|-weather|Snow|[from] ability: Snow Warning|[of] p1b: Abomasnow\n|turn|3\n|\n|t:|1683210171\n|move|p2a: Talonflame|Brave Bird|p1b: Abomasnow\n|-supereffective|p1b: Abomasnow\n|-damage|p1b: Abomasnow|42\/100\n|-damage|p2a: Talonflame|77\/100|[from] Recoil\n|move|p2b: Garchomp|Rock Slide|p1a: Annihilape|[spread] p1a,p1b\n|-resisted|p1a: Annihilape\n|-supereffective|p1b: Abomasnow\n|-damage|p1a: Annihilape|36\/100\n|-damage|p1b: Abomasnow|1\/100\n|-damage|p2b: Garchomp|24\/100|[from] item: Life Orb\n|move|p1a: Annihilape|Drain Punch|p2b: Garchomp\n|-damage|p2b: Garchomp|0 fnt\n|-heal|p1a: Annihilape|46\/100|[from] drain|[of] p2b: Garchomp\n|-damage|p1a: Annihilape|34\/100|[from] ability: Rough Skin|[of] p2b: Garchomp\n|faint|p2b: Garchomp\n|cant|p1b: Abomasnow|flinch\n|\n|-weather|Snow|[upkeep]\n|-heal|p1a: Annihilape|40\/100|[from] item: Leftovers\n|upkeep\n|\n|t:|1683210186\n|switch|p2b: Kingambit|Kingambit, L50, F|100\/100\n|turn|4\n|\n|t:|1683210195\n|-terastallize|p1a: Annihilape|Fire\n|move|p2a: Talonflame|Brave Bird|p1a: Annihilape\n|-damage|p1a: Annihilape|13\/100\n|-damage|p2a: Talonflame|65\/100|[from] Recoil\n|move|p2b: Kingambit|Iron Head|p1b: Abomasnow\n|-supereffective|p1b: Abomasnow\n|-damage|p1b: Abomasnow|0 fnt\n|faint|p1b: Abomasnow\n|move|p1a: Annihilape|Bulk Up|p1a: Annihilape\n|-boost|p1a: Annihilape|atk|1\n|-boost|p1a: Annihilape|def|1\n|\n|-weather|Snow|[upkeep]\n|-heal|p1a: Annihilape|19\/100|[from] item: Leftovers\n|upkeep\n|\n|t:|1683210203\n|switch|p1b: Cetitan|Cetitan, L50, F|100\/100\n|turn|5\n|\n|t:|1683210210\n|move|p1a: Annihilape|Protect|p1a: Annihilape\n|-singleturn|p1a: Annihilape|Protect\n|move|p2a: Talonflame|Feint|p1a: Annihilape\n|-activate|p1a: Annihilape|move: Feint\n|-damage|p1a: Annihilape|15\/100\n|move|p2b: Kingambit|Assurance|p1a: Annihilape\n|-damage|p1a: Annihilape|0 fnt\n|faint|p1a: Annihilape\n|move|p1b: Cetitan|Liquidation|p2a: Talonflame\n|-supereffective|p2a: Talonflame\n|-damage|p2a: Talonflame|0 fnt\n|faint|p2a: Talonflame\n|\n|-weather|Snow|[upkeep]\n|-sideend|p2: Goldeen Knights|move: Tailwind\n|upkeep\n|\n|t:|1683210212\n|switch|p2a: Rotom|Rotom-Wash, L50|100\/100\n|turn|6\n|\n|t:|1683210231\n|move|p2a: Rotom|Will-O-Wisp|p1b: Cetitan|[miss]\n|-miss|p2a: Rotom|p1b: Cetitan\n|move|p1b: Cetitan|Substitute|p1b: Cetitan\n|-start|p1b: Cetitan|Substitute\n|-damage|p1b: Cetitan|75\/100\n|move|p2b: Kingambit|Iron Head|p1b: Cetitan\n|-supereffective|p1b: Cetitan\n|-end|p1b: Cetitan|Substitute\n|\n|-weather|Snow|[upkeep]\n|upkeep\n|turn|7\n|\n|t:|1683210243\n|move|p2a: Rotom|Will-O-Wisp|p1b: Cetitan\n|-status|p1b: Cetitan|brn\n|move|p1b: Cetitan|Play Rough|p2a: Rotom\n|-damage|p2a: Rotom|72\/100\n|move|p2b: Kingambit|Iron Head|p1b: Cetitan\n|-supereffective|p1b: Cetitan\n|-damage|p1b: Cetitan|21\/100 brn\n|\n|-weather|none\n|-damage|p1b: Cetitan|15\/100 brn|[from] brn\n|upkeep\n|turn|8\n|\n|t:|1683210254\n|move|p2b: Kingambit|Sucker Punch|p1b: Cetitan\n|-damage|p1b: Cetitan|0 fnt\n|faint|p1b: Cetitan\n|\n|win|Goldeen Knights\n|raw|KinGanon's rating: 1324 → 1299<\/strong> (-25 for losing)\n|raw|Goldeen Knights's rating: 1244 → 1275<\/strong> (+31 for winning)\n","uploadtime":1683210261,"views":5,"p1id":"kinganon","p2id":"goldeenknights","formatid":"gen9vgc2023regulationc","rating":1275,"private":0,"password":""}