{"id":"gen9vgc2023regulationc-1856657159","p1":"WOLFIELIL","p2":"80ghnin","format":"[Gen 9] VGC 2023 Regulation C","log":"|j|\u2606WOLFIELIL\n|j|\u260680ghnin\n|t:|1683089218\n|gametype|doubles\n|player|p1|WOLFIELIL|brycenman|1201\n|player|p2|80ghnin|266|1102\n|teamsize|p1|6\n|teamsize|p2|6\n|gen|9\n|tier|[Gen 9] VGC 2023 Regulation C\n|rated|\n|rule|Species Clause: Limit one of each Pok\u00e9mon\n|rule|Item Clause: Limit one of each item\n|clearpoke\n|poke|p1|Maushold-Four, L50|\n|poke|p1|Ting-Lu, L50|\n|poke|p1|Wo-Chien, L50|\n|poke|p1|Dragonite, L50, F|\n|poke|p1|Arcanine, L50, F|\n|poke|p1|Gholdengo, L50|\n|poke|p2|Maushold-Four, L50|\n|poke|p2|Hydreigon, L50, M|\n|poke|p2|Scyther, L50, M|\n|poke|p2|Gholdengo, L50|\n|poke|p2|Iron Hands, L50|\n|poke|p2|Talonflame, L50, M|\n|teampreview|4\n|inactive|Battle timer is ON: inactive players will automatically lose when time's up. (requested by 80ghnin)\n|inactive|WOLFIELIL has 60 seconds left.\n|\n|t:|1683089267\n|start\n|switch|p1a: Wo-Chien|Wo-Chien, L50|100\/100\n|switch|p1b: Gholdengo|Gholdengo, L50|100\/100\n|switch|p2a: Maushold|Maushold-Four, L50, shiny|100\/100\n|switch|p2b: Iron Hands|Iron Hands, L50, shiny|100\/100\n|-ability|p1a: Wo-Chien|Tablets of Ruin\n|turn|1\n|\n|t:|1683089286\n|-terastallize|p1a: Wo-Chien|Poison\n|move|p2a: Maushold|Protect|p2a: Maushold\n|-singleturn|p2a: Maushold|Protect\n|move|p1b: Gholdengo|Nasty Plot|p1b: Gholdengo\n|-boost|p1b: Gholdengo|spa|2\n|move|p1a: Wo-Chien|Leech Seed|p2b: Iron Hands\n|-start|p2b: Iron Hands|move: Leech Seed\n|move|p2b: Iron Hands|Earthquake|p1b: Gholdengo|[spread] p1a,p1b\n|-activate|p2a: Maushold|move: Protect\n|-supereffective|p1a: Wo-Chien\n|-supereffective|p1b: Gholdengo\n|-damage|p1a: Wo-Chien|66\/100\n|-damage|p1b: Gholdengo|59\/100\n|\n|-heal|p1b: Gholdengo|65\/100|[from] item: Leftovers\n|-damage|p2b: Iron Hands|88\/100|[from] Leech Seed|[of] p1a: Wo-Chien\n|-heal|p1a: Wo-Chien|83\/100|[silent]\n|upkeep\n|turn|2\n|inactive|80ghnin has 30 seconds left.\n|inactive|WOLFIELIL has 30 seconds left.\n|inactive|80ghnin has 20 seconds left.\n|\n|t:|1683089328\n|move|p1b: Gholdengo|Protect|p1b: Gholdengo\n|-singleturn|p1b: Gholdengo|Protect\n|move|p2a: Maushold|Bite|p1b: Gholdengo\n|-activate|p1b: Gholdengo|move: Protect\n|move|p1a: Wo-Chien|Leech Seed|p2a: Maushold\n|-start|p2a: Maushold|move: Leech Seed\n|move|p2b: Iron Hands|Wild Charge|p1b: Gholdengo\n|-activate|p1b: Gholdengo|move: Protect\n|\n|-heal|p1b: Gholdengo|71\/100|[from] item: Leftovers\n|-damage|p2a: Maushold|88\/100|[from] Leech Seed|[of] p1a: Wo-Chien\n|-heal|p1a: Wo-Chien|92\/100|[silent]\n|-damage|p2b: Iron Hands|76\/100|[from] Leech Seed|[of] p1a: Wo-Chien\n|-heal|p1a: Wo-Chien|100\/100|[silent]\n|upkeep\n|turn|3\n|\n|t:|1683089346\n|move|p2a: Maushold|Bite|p1b: Gholdengo\n|-supereffective|p1b: Gholdengo\n|-damage|p1b: Gholdengo|36\/100\n|cant|p1b: Gholdengo|flinch\n|move|p1a: Wo-Chien|Pollen Puff|p1b: Gholdengo\n|-heal|p1b: Gholdengo|86\/100\n|move|p2b: Iron Hands|Wild Charge|p1b: Gholdengo\n|-damage|p1b: Gholdengo|45\/100\n|-damage|p2b: Iron Hands|68\/100|[from] Recoil\n|\n|-heal|p1b: Gholdengo|51\/100|[from] item: Leftovers\n|-damage|p2a: Maushold|76\/100|[from] Leech Seed|[of] p1a: Wo-Chien\n|-damage|p2b: Iron Hands|56\/100|[from] Leech Seed|[of] p1a: Wo-Chien\n|upkeep\n|turn|4\n|\n|t:|1683089367\n|-terastallize|p2a: Maushold|Normal\n|move|p2a: Maushold|Population Bomb|p1a: Wo-Chien\n|-damage|p1a: Wo-Chien|90\/100\n|-damage|p1a: Wo-Chien|81\/100\n|-damage|p1a: Wo-Chien|72\/100\n|-damage|p1a: Wo-Chien|63\/100\n|-damage|p1a: Wo-Chien|54\/100\n|-damage|p1a: Wo-Chien|44\/100\n|-enditem|p1a: Wo-Chien|Sitrus Berry|[eat]\n|-heal|p1a: Wo-Chien|69\/100|[from] item: Sitrus Berry\n|-damage|p1a: Wo-Chien|59\/100\n|-damage|p1a: Wo-Chien|50\/100\n|-damage|p1a: Wo-Chien|40\/100\n|-damage|p1a: Wo-Chien|31\/100\n|-hitcount|p1a: Wo-Chien|10\n|move|p1b: Gholdengo|Make It Rain|p2a: Maushold|[spread] p2a,p2b\n|-resisted|p2b: Iron Hands\n|-damage|p2a: Maushold|0 fnt\n|-damage|p2b: Iron Hands|27\/100\n|-unboost|p1b: Gholdengo|spa|1\n|faint|p2a: Maushold\n|move|p1a: Wo-Chien|Pollen Puff|p1b: Gholdengo\n|-heal|p1b: Gholdengo|100\/100\n|move|p2b: Iron Hands|Wild Charge|p1b: Gholdengo\n|-damage|p1b: Gholdengo|61\/100\n|-damage|p2b: Iron Hands|20\/100|[from] Recoil\n|\n|-heal|p1b: Gholdengo|67\/100|[from] item: Leftovers\n|-damage|p2b: Iron Hands|7\/100|[from] Leech Seed|[of] p1a: Wo-Chien\n|-heal|p1a: Wo-Chien|48\/100|[silent]\n|upkeep\n|inactive|80ghnin has 30 seconds left.\n|\n|t:|1683089402\n|switch|p2a: Hydreigon|Hydreigon, L50, M, shiny|100\/100\n|turn|5\n|\n|t:|1683089419\n|move|p2a: Hydreigon|Dark Pulse|p1b: Gholdengo\n|-supereffective|p1b: Gholdengo\n|-damage|p1b: Gholdengo|0 fnt\n|faint|p1b: Gholdengo\n|-damage|p2a: Hydreigon|91\/100|[from] item: Life Orb\n|move|p1a: Wo-Chien|Leech Seed|p2a: Hydreigon|[miss]\n|-miss|p1a: Wo-Chien|p2a: Hydreigon\n|move|p2b: Iron Hands|Wild Charge|p1a: Wo-Chien\n|-damage|p1a: Wo-Chien|18\/100\n|-damage|p2b: Iron Hands|2\/100|[from] Recoil\n|\n|-damage|p2b: Iron Hands|0 fnt|[from] Leech Seed|[of] p1a: Wo-Chien\n|-heal|p1a: Wo-Chien|20\/100|[silent]\n|faint|p2b: Iron Hands\n|-end|p2b: Iron Hands|Quark Drive|[silent]\n|upkeep\n|\n|t:|1683089435\n|switch|p1b: Maushold|Maushold-Four, L50|100\/100\n|switch|p2b: Gholdengo|Gholdengo, L50|100\/100\n|turn|6\n|\n|t:|1683089450\n|move|p2a: Hydreigon|Protect|p2a: Hydreigon\n|-singleturn|p2a: Hydreigon|Protect\n|move|p1b: Maushold|Follow Me|p1b: Maushold\n|-singleturn|p1b: Maushold|move: Follow Me\n|move|p2b: Gholdengo|Make It Rain|p1a: Wo-Chien|[spread] p1a,p1b\n|-damage|p1a: Wo-Chien|0 fnt\n|-damage|p1b: Maushold|34\/100\n|-unboost|p2b: Gholdengo|spa|1\n|faint|p1a: Wo-Chien\n|\n|upkeep\n|\n|t:|1683089452\n|switch|p1a: Arcanine|Arcanine, L50, F|100\/100\n|-ability|p1a: Arcanine|Intimidate|boost\n|-unboost|p2a: Hydreigon|atk|1\n|-unboost|p2b: Gholdengo|atk|1\n|turn|7\n|inactive|80ghnin has 30 seconds left.\n|\n|t:|1683089482\n|move|p2b: Gholdengo|Protect|p2b: Gholdengo\n|-singleturn|p2b: Gholdengo|Protect\n|move|p1b: Maushold|Taunt|p2a: Hydreigon\n|-start|p2a: Hydreigon|move: Taunt\n|move|p2a: Hydreigon|Heat Wave|p1a: Arcanine|[spread] p1a,p1b\n|-resisted|p1a: Arcanine\n|-damage|p1a: Arcanine|87\/100\n|-damage|p1b: Maushold|0 fnt\n|faint|p1b: Maushold\n|-damage|p2a: Hydreigon|81\/100|[from] item: Life Orb\n|move|p1a: Arcanine|Flare Blitz|p2b: Gholdengo\n|-activate|p2b: Gholdengo|move: Protect\n|\n|upkeep\n|turn|8\n|\n|t:|1683089501\n|move|p2a: Hydreigon|Draco Meteor|p1a: Arcanine\n|-damage|p1a: Arcanine|0 fnt\n|-unboost|p2a: Hydreigon|spa|2\n|faint|p1a: Arcanine\n|-damage|p2a: Hydreigon|72\/100|[from] item: Life Orb\n|\n|win|80ghnin\n|raw|WOLFIELIL's rating: 1201 → 1169<\/strong> (-32 for losing)\n|raw|80ghnin's rating: 1102 → 1134<\/strong> (+32 for winning)\n|l|\u260680ghnin\n","uploadtime":1683089513,"views":6,"p1id":"wolfielil","p2id":"80ghnin","formatid":"gen9vgc2023regulationc","rating":1134,"private":0,"password":""}