{"id":"gen9vgc2023regulationc-1851245517","p1":"Evokalis","p2":"CbuttyVGC","format":"[Gen 9] VGC 2023 Regulation C","log":"|j|\u2606Evokalis\n|j|\u2606CbuttyVGC\n|t:|1682429045\n|gametype|doubles\n|player|p1|Evokalis|iris-gen5bw2|1327\n|player|p2|CbuttyVGC|acetrainer-gen4dp|1332\n|teamsize|p1|6\n|teamsize|p2|6\n|gen|9\n|tier|[Gen 9] VGC 2023 Regulation C\n|rated|\n|rule|Species Clause: Limit one of each Pok\u00e9mon\n|rule|Item Clause: Limit one of each item\n|clearpoke\n|poke|p1|Chi-Yu, L50|\n|poke|p1|Iron Hands, L50|\n|poke|p1|Flutter Mane, L50|\n|poke|p1|Ting-Lu, L50|\n|poke|p1|Garchomp, L50, F|\n|poke|p1|Wo-Chien, L50|\n|poke|p2|Farigiraf, L50, M|\n|poke|p2|Iron Hands, L50|\n|poke|p2|Talonflame, L50, M|\n|poke|p2|Garchomp, L50, M|\n|poke|p2|Flutter Mane, L50|\n|poke|p2|Amoonguss, L50, M|\n|teampreview|4\n|inactive|Battle timer is ON: inactive players will automatically lose when time's up. (requested by CbuttyVGC)\n|inactive|Evokalis also wants the timer to be on.\nEvokalis has agreed to open team sheets.\nCbuttyVGC has agreed to open team sheets.\n|inactive|CbuttyVGC has 60 seconds left.\n|\n|t:|1682429085\n|start\n|switch|p1a: Ting-Lu|Ting-Lu, L50|100\/100\n|switch|p1b: Garchomp|Garchomp, L50, F|100\/100\n|switch|p2a: Talonflame|Talonflame, L50, M|100\/100\n|switch|p2b: Garchomp|Garchomp, L50, M|100\/100\n|-ability|p1a: Ting-Lu|Vessel of Ruin\n|turn|1\n|inactive|Evokalis has 30 seconds left.\n|inactive|Evokalis has 20 seconds left.\n|inactive|Evokalis has 15 seconds left.\n|inactive|Evokalis has 10 seconds left.\n|\n|t:|1682429131\n|move|p2b: Garchomp|Protect|p2b: Garchomp\n|-singleturn|p2b: Garchomp|Protect\n|move|p2a: Talonflame|Will-O-Wisp|p1b: Garchomp|[miss]\n|-miss|p2a: Talonflame|p1b: Garchomp\n|move|p1b: Garchomp|Rock Slide|p2a: Talonflame|[spread] p2a\n|-activate|p2b: Garchomp|move: Protect\n|-supereffective|p2a: Talonflame\n|-damage|p2a: Talonflame|0 fnt\n|faint|p2a: Talonflame\n|move|p1a: Ting-Lu|Rock Slide|p2b: Garchomp\n|-activate|p2b: Garchomp|move: Protect\n|\n|upkeep\n|c|\u2606CbuttyVGC|Thank you will-o-miss\n|c|\u2606Evokalis|yep\n|inactive|CbuttyVGC has 30 seconds left.\n|\n|t:|1682429156\n|switch|p2a: Flutter Mane|Flutter Mane, L50|100\/100\n|turn|2\n|inactive|Evokalis has 30 seconds left.\n|\n|t:|1682429184\n|-terastallize|p2a: Flutter Mane|Fairy\n|-terastallize|p1b: Garchomp|Steel\n|move|p2a: Flutter Mane|Dazzling Gleam|p1a: Ting-Lu|[spread] p1a,p1b\n|-supereffective|p1a: Ting-Lu\n|-resisted|p1b: Garchomp\n|-damage|p1a: Ting-Lu|55\/100\n|-damage|p1b: Garchomp|75\/100\n|move|p2b: Garchomp|Stomping Tantrum|p1b: Garchomp\n|-supereffective|p1b: Garchomp\n|-damage|p1b: Garchomp|0 fnt\n|-damage|p2b: Garchomp|88\/100|[from] ability: Rough Skin|[of] p1b: Garchomp\n|faint|p1b: Garchomp\n|move|p1a: Ting-Lu|Rock Slide|p2b: Garchomp|[spread] p2a\n|-miss|p1a: Ting-Lu|p2b: Garchomp\n|-damage|p2a: Flutter Mane|72\/100\n|\n|upkeep\n|c|\u2606Evokalis|sad\n|\n|t:|1682429204\n|switch|p1b: Chi-Yu|Chi-Yu, L50|100\/100\n|-ability|p1b: Chi-Yu|Beads of Ruin\n|turn|3\n|c|\u2606CbuttyVGC|If I did that then you were dead no matter what you did\n|c|\u2606Evokalis|unless i won the tie\n|inactive|Evokalis has 30 seconds left.\n|c|\u2606CbuttyVGC|True\n|\n|t:|1682429238\n|move|p1b: Chi-Yu|Overheat|p2a: Flutter Mane\n|-crit|p2a: Flutter Mane\n|-damage|p2a: Flutter Mane|0 fnt\n|-unboost|p1b: Chi-Yu|spa|2\n|faint|p2a: Flutter Mane\n|-end|p2a: Flutter Mane|Protosynthesis|[silent]\n|move|p2b: Garchomp|Stomping Tantrum|p1b: Chi-Yu\n|-supereffective|p1b: Chi-Yu\n|-damage|p1b: Chi-Yu|0 fnt\n|faint|p1b: Chi-Yu\n|move|p1a: Ting-Lu|Stomping Tantrum|p2b: Garchomp\n|-damage|p2b: Garchomp|61\/100\n|-damage|p1a: Ting-Lu|42\/100|[from] ability: Rough Skin|[of] p2b: Garchomp\n|\n|upkeep\n|c|\u2606CbuttyVGC|Oh fun, a crit!\n|c|\u2606Evokalis|didn't matter\n|\n|t:|1682429258\n|switch|p2a: Farigiraf|Farigiraf, L50, M|100\/100\n|switch|p1b: Iron Hands|Iron Hands, L50|100\/100\n|-enditem|p1b: Iron Hands|Booster Energy\n|-activate|p1b: Iron Hands|ability: Quark Drive|[fromitem]\n|-start|p1b: Iron Hands|quarkdriveatk\n|turn|4\n|c|\u2606Evokalis|ive calced that\n|\n|t:|1682429278\n|move|p2b: Garchomp|Stomping Tantrum|p1a: Ting-Lu\n|-damage|p1a: Ting-Lu|23\/100\n|move|p2a: Farigiraf|Hyper Voice|p1b: Iron Hands|[spread] p1a,p1b\n|-damage|p1a: Ting-Lu|12\/100\n|-damage|p1b: Iron Hands|83\/100\n|-enditem|p2a: Farigiraf|Throat Spray\n|-boost|p2a: Farigiraf|spa|1|[from] item: Throat Spray\n|move|p1b: Iron Hands|Swords Dance|p1b: Iron Hands\n|-boost|p1b: Iron Hands|atk|2\n|move|p1a: Ting-Lu|Throat Chop|p2a: Farigiraf\n|-supereffective|p2a: Farigiraf\n|-damage|p2a: Farigiraf|46\/100\n|-start|p2a: Farigiraf|Throat Chop|[silent]\n|\n|upkeep\n|turn|5\n|inactive|Evokalis has 30 seconds left.\n|\n|t:|1682429308\n|move|p2a: Farigiraf|Protect|p2a: Farigiraf\n|-singleturn|p2a: Farigiraf|Protect\n|move|p2b: Garchomp|Earthquake|p1b: Iron Hands|[spread] p1a,p1b\n|-activate|p2a: Farigiraf|move: Protect\n|-supereffective|p1b: Iron Hands\n|-damage|p1a: Ting-Lu|0 fnt\n|-damage|p1b: Iron Hands|39\/100\n|faint|p1a: Ting-Lu\n|move|p1b: Iron Hands|Drain Punch|p2b: Garchomp\n|-damage|p2b: Garchomp|0 fnt\n|-heal|p1b: Iron Hands|60\/100|[from] drain|[of] p2b: Garchomp\n|-damage|p1b: Iron Hands|48\/100|[from] ability: Rough Skin|[of] p2b: Garchomp\n|faint|p2b: Garchomp\n|\n|-end|p2a: Farigiraf|Throat Chop|[silent]\n|upkeep\n|turn|6\n|c|\u2606CbuttyVGC|Gg\n|c|\u2606Evokalis|gg\n|\n|t:|1682429324\n|move|p2a: Farigiraf|Psychic|p1b: Iron Hands\n|-supereffective|p1b: Iron Hands\n|-damage|p1b: Iron Hands|0 fnt\n|faint|p1b: Iron Hands\n|-end|p1b: Iron Hands|Quark Drive|[silent]\n|\n|win|CbuttyVGC\n|raw|Evokalis's rating: 1327 → 1307<\/strong> (-20 for losing)\n|raw|CbuttyVGC's rating: 1332 → 1352<\/strong> (+20 for winning)\n","uploadtime":1682429331,"views":15,"p1id":"evokalis","p2id":"cbuttyvgc","formatid":"gen9vgc2023regulationc","rating":1307,"private":0,"password":""}