{"id":"gen9vgc2023regulationc-1861421193","p1":"Litoo22","p2":"supaflytnt","format":"[Gen 9] VGC 2023 Regulation C","log":"|j|\u2606Litoo22\n|j|\u2606supaflytnt\n|t:|1683755896\n|gametype|doubles\n|player|p1|Litoo22|gambler|1166\n|player|p2|supaflytnt|2|1224\n|teamsize|p1|6\n|teamsize|p2|6\n|gen|9\n|tier|[Gen 9] VGC 2023 Regulation C\n|rated|\n|rule|Species Clause: Limit one of each Pok\u00e9mon\n|rule|Item Clause: Limit one of each item\n|clearpoke\n|poke|p1|Jumpluff, L50, F|\n|poke|p1|Torkoal, L50, F|\n|poke|p1|Great Tusk, L50|\n|poke|p1|Flutter Mane, L50|\n|poke|p1|Kingambit, L50, M|\n|poke|p1|Chien-Pao, L50|\n|poke|p2|Iron Bundle, L50|\n|poke|p2|Flutter Mane, L50|\n|poke|p2|Torkoal, L50, F|\n|poke|p2|Jumpluff, L50, M|\n|poke|p2|Scizor, L50, F|\n|poke|p2|Misdreavus, L50, F|\n|teampreview|4\n|inactive|Battle timer is ON: inactive players will automatically lose when time's up. (requested by Litoo22)\n|\n|t:|1683756000\n|start\n|switch|p1a: Jumpluff|Jumpluff, L50, F|100\/100\n|switch|p1b: Great Tusk|Great Tusk, L50|100\/100\n|switch|p2a: Skip 2 My Lou|Jumpluff, L50, M|100\/100\n|switch|p2b: Gucci Mane|Flutter Mane, L50, shiny|100\/100\n|turn|1\n|\n|t:|1683756024\n|-end|p2b: Gucci Mane|Protosynthesis|[silent]\n|switch|p2b: Raphael|Torkoal, L50, F|100\/100\n|-weather|SunnyDay|[from] ability: Drought|[of] p2b: Raphael\n|-activate|p1b: Great Tusk|ability: Protosynthesis\n|-start|p1b: Great Tusk|protosynthesisatk\n|move|p2a: Skip 2 My Lou|Sleep Powder|p1b: Great Tusk\n|-status|p1b: Great Tusk|slp|[from] move: Sleep Powder\n|move|p1a: Jumpluff|Tailwind|p1a: Jumpluff\n|-sidestart|p1: Litoo22|move: Tailwind\n|cant|p1b: Great Tusk|slp\n|\n|-weather|SunnyDay|[upkeep]\n|upkeep\n|turn|2\n|\n|t:|1683756048\n|move|p1a: Jumpluff|Sleep Powder|p2b: Raphael\n|-status|p2b: Raphael|slp|[from] move: Sleep Powder\n|cant|p1b: Great Tusk|slp\n|move|p2a: Skip 2 My Lou|Tailwind|p2a: Skip 2 My Lou\n|-sidestart|p2: supaflytnt|move: Tailwind\n|cant|p2b: Raphael|slp\n|\n|-weather|SunnyDay|[upkeep]\n|upkeep\n|turn|3\n|inactive|supaflytnt has 30 seconds left.\n|\n|t:|1683756074\n|cant|p2b: Raphael|slp\n|move|p2a: Skip 2 My Lou|Leaf Storm|p1b: Great Tusk\n|-supereffective|p1b: Great Tusk\n|-damage|p1b: Great Tusk|25\/100 slp\n|-unboost|p2a: Skip 2 My Lou|spa|2\n|move|p1a: Jumpluff|Encore|p2a: Skip 2 My Lou\n|-start|p2a: Skip 2 My Lou|Encore\n|cant|p1b: Great Tusk|slp\n|\n|-weather|SunnyDay|[upkeep]\n|upkeep\n|turn|4\n|\n|t:|1683756096\n|-end|p1b: Great Tusk|Protosynthesis|[silent]\n|switch|p1b: Chien-Pao|Chien-Pao, L50|100\/100\n|-ability|p1b: Chien-Pao|Sword of Ruin\n|move|p2a: Skip 2 My Lou|Leaf Storm|p1b: Chien-Pao\n|-damage|p1b: Chien-Pao|81\/100\n|-unboost|p2a: Skip 2 My Lou|spa|2\n|move|p1a: Jumpluff|Sleep Powder|p2b: Raphael\n|-fail|p2b: Raphael|slp\n|cant|p2b: Raphael|slp\n|\n|-weather|SunnyDay|[upkeep]\n|-sideend|p1: Litoo22|move: Tailwind\n|upkeep\n|turn|5\n|\n|t:|1683756115\n|move|p2a: Skip 2 My Lou|Leaf Storm|p1a: Jumpluff\n|-resisted|p1a: Jumpluff\n|-damage|p1a: Jumpluff|99\/100\n|-unboost|p2a: Skip 2 My Lou|spa|2\n|move|p1a: Jumpluff|Sleep Powder|p2b: Raphael\n|-fail|p2b: Raphael|slp\n|move|p1b: Chien-Pao|Ice Spinner|p2a: Skip 2 My Lou\n|-supereffective|p2a: Skip 2 My Lou\n|-enditem|p2a: Skip 2 My Lou|Focus Sash\n|-damage|p2a: Skip 2 My Lou|1\/100\n|-curestatus|p2b: Raphael|slp|[msg]\n|move|p2b: Raphael|Heat Wave|p1a: Jumpluff|[spread] p1a,p1b\n|-supereffective|p1a: Jumpluff\n|-supereffective|p1b: Chien-Pao\n|-damage|p1a: Jumpluff|2\/100\n|-damage|p1b: Chien-Pao|0 fnt\n|faint|p1b: Chien-Pao\n|\n|-weather|none\n|-sideend|p2: supaflytnt|move: Tailwind\n|upkeep\n|\n|t:|1683756136\n|switch|p1b: Great Tusk|Great Tusk, L50|25\/100 slp\n|turn|6\n|\n|t:|1683756146\n|-curestatus|p1b: Great Tusk|slp|[msg]\n|move|p1b: Great Tusk|Rock Slide|p2a: Skip 2 My Lou|[spread] p2a,p2b\n|-supereffective|p2a: Skip 2 My Lou\n|-supereffective|p2b: Raphael\n|-damage|p2a: Skip 2 My Lou|0 fnt\n|-damage|p2b: Raphael|70\/100\n|faint|p2a: Skip 2 My Lou\n|move|p1a: Jumpluff|Tailwind|p1a: Jumpluff\n|-sidestart|p1: Litoo22|move: Tailwind\n|move|p2b: Raphael|Heat Wave|p1a: Jumpluff|[spread] p1a,p1b\n|-supereffective|p1a: Jumpluff\n|-damage|p1a: Jumpluff|0 fnt\n|-damage|p1b: Great Tusk|0 fnt\n|faint|p1a: Jumpluff\n|faint|p1b: Great Tusk\n|-end|p1b: Great Tusk|Protosynthesis|[silent]\n|\n|upkeep\n|\n|t:|1683756167\n|switch|p2a: Aisle 5|Scizor, L50, F|100\/100\n|switch|p1b: Flutter Mane|Flutter Mane, L50|100\/100\n|turn|7\n|\n|t:|1683756179\n|-terastallize|p1b: Flutter Mane|Water\n|move|p2a: Aisle 5|Bullet Punch|p1b: Flutter Mane\n|-resisted|p1b: Flutter Mane\n|-damage|p1b: Flutter Mane|69\/100\n|move|p1b: Flutter Mane|Thunderbolt|p2a: Aisle 5\n|-damage|p2a: Aisle 5|43\/100\n|move|p2b: Raphael|Overheat|p1b: Flutter Mane\n|-resisted|p1b: Flutter Mane\n|-damage|p1b: Flutter Mane|42\/100\n|-unboost|p2b: Raphael|spa|2\n|-enditem|p2b: Raphael|Eject Pack\n|\n|t:|1683756192\n|switch|p2b: Gucci Mane|Flutter Mane, L50, shiny|100\/100\n|\n|upkeep\n|turn|8\n|\n|t:|1683756204\n|move|p1b: Flutter Mane|Thunderbolt|p2a: Aisle 5\n|-damage|p2a: Aisle 5|0 fnt\n|faint|p2a: Aisle 5\n|move|p2b: Gucci Mane|Thunderbolt|p1b: Flutter Mane\n|-supereffective|p1b: Flutter Mane\n|-damage|p1b: Flutter Mane|0 fnt\n|faint|p1b: Flutter Mane\n|-end|p1b: Flutter Mane|Protosynthesis|[silent]\n|\n|win|supaflytnt\n|raw|Litoo22's rating: 1166 → 1145<\/strong> (-21 for losing)\n|raw|supaflytnt's rating: 1224 → 1245<\/strong> (+21 for winning)\n|c|\u2606supaflytnt|Gg\n|c|\u2606Litoo22|gg\n|l|\u2606Litoo22\n","uploadtime":1683756230,"views":6,"p1id":"litoo22","p2id":"supaflytnt","formatid":"gen9vgc2023regulationc","rating":1145,"private":0,"password":""}