{"id":"gen9vgc2023regulationc-1858044485","p1":"Kush_Fairy_dust","p2":"Gutico","format":"[Gen 9] VGC 2023 Regulation C","log":"|j|\u2606Kush_Fairy_dust\n|j|\u2606Gutico\n|t:|1683265792\n|gametype|doubles\n|player|p1|Kush_Fairy_dust|cress|1131\n|player|p2|Gutico|1|1120\n|teamsize|p1|6\n|teamsize|p2|6\n|gen|9\n|tier|[Gen 9] VGC 2023 Regulation C\n|rated|\n|rule|Species Clause: Limit one of each Pok\u00e9mon\n|rule|Item Clause: Limit one of each item\n|clearpoke\n|poke|p1|Dondozo, L50, M|\n|poke|p1|Tatsugiri, L50, F|\n|poke|p1|Pelipper, L50, F|\n|poke|p1|Palafin, L50, M|\n|poke|p1|Iron Bundle, L50|\n|poke|p1|Quaquaval, L50, M|\n|poke|p2|Orthworm, L50, M|\n|poke|p2|Dragonite, L50, M|\n|poke|p2|Ting-Lu, L50|\n|poke|p2|Gyarados, L50, F|\n|poke|p2|Flutter Mane, L50|\n|poke|p2|Chien-Pao, L50|\n|teampreview|4\n|inactive|Battle timer is ON: inactive players will automatically lose when time's up. (requested by Gutico)\n|\n|t:|1683265819\n|start\n|switch|p1a: Tatsugiri|Tatsugiri, L50, F|100\/100\n|switch|p1b: Palafin|Palafin, L50, M|100\/100\n|switch|p2a: Gyarados|Gyarados, L50, F|100\/100\n|switch|p2b: Dragonite|Dragonite, L50, M|100\/100\n|-ability|p2a: Gyarados|Intimidate|boost\n|-unboost|p1a: Tatsugiri|atk|1\n|-unboost|p1b: Palafin|atk|1\n|turn|1\n|inactive|Gutico has 30 seconds left.\n|\n|t:|1683265849\n|detailschange|p1b: Palafin|Palafin-Hero, L50, M\n|switch|p1b: Dondozo|Dondozo, L50, M|100\/100\n|-activate|p1a: Tatsugiri|ability: Commander|[of] p1b: Dondozo\n|-boost|p1b: Dondozo|atk|2\n|-boost|p1b: Dondozo|spa|2\n|-boost|p1b: Dondozo|spe|2\n|-boost|p1b: Dondozo|def|2\n|-boost|p1b: Dondozo|spd|2\n|switch|p2a: Orthworm|Orthworm, L50, M|100\/100\n|move|p2b: Dragonite|Dragon Dance|p2b: Dragonite\n|-boost|p2b: Dragonite|atk|1\n|-boost|p2b: Dragonite|spe|1\n|\n|upkeep\n|turn|2\n|\n|t:|1683265871\n|switch|p2a: Gyarados|Gyarados, L50, F|100\/100\n|-ability|p2a: Gyarados|Intimidate|boost\n|-unboost|p1a: Tatsugiri|atk|1\n|-unboost|p1b: Dondozo|atk|1\n|-terastallize|p2b: Dragonite|Flying\n|move|p2b: Dragonite|Tera Blast|p1b: Dondozo\n|-damage|p1b: Dondozo|81\/100\n|move|p1b: Dondozo|Order Up|p2b: Dragonite\n|-damage|p2b: Dragonite|83\/100\n|-boost|p1b: Dondozo|atk|1\n|\n|-heal|p1b: Dondozo|87\/100|[from] item: Leftovers\n|upkeep\n|turn|3\n|\n|t:|1683265888\n|move|p2b: Dragonite|Dragon Dance|p2b: Dragonite\n|-boost|p2b: Dragonite|atk|1\n|-boost|p2b: Dragonite|spe|1\n|move|p1b: Dondozo|Substitute|p1b: Dondozo\n|-start|p1b: Dondozo|Substitute\n|-damage|p1b: Dondozo|62\/100\n|move|p2a: Gyarados|Thunder Wave||[still]\n|-fail|p2a: Gyarados\n|\n|-heal|p1b: Dondozo|68\/100|[from] item: Leftovers\n|upkeep\n|turn|4\n|\n|t:|1683265904\n|move|p2b: Dragonite|Tera Blast|p1b: Dondozo\n|-activate|p1b: Dondozo|move: Substitute|[damage]\n|move|p1b: Dondozo|Wave Crash|p2b: Dragonite\n|-damage|p2b: Dragonite|0 fnt\n|faint|p2b: Dragonite\n|-damage|p1b: Dondozo|48\/100|[from] Recoil\n|move|p2a: Gyarados|Thunder Wave||[still]\n|-fail|p2a: Gyarados\n|\n|-heal|p1b: Dondozo|54\/100|[from] item: Leftovers\n|upkeep\n|\n|t:|1683265911\n|switch|p2b: Flutter Mane|Flutter Mane, L50|100\/100\n|turn|5\n|\n|t:|1683265932\n|-terastallize|p1b: Dondozo|Steel\n|move|p2b: Flutter Mane|Moonblast|p1b: Dondozo\n|-resisted|p1b: Dondozo\n|-end|p1b: Dondozo|Substitute\n|move|p1b: Dondozo|Wave Crash|p2b: Flutter Mane\n|-damage|p2b: Flutter Mane|0 fnt\n|faint|p2b: Flutter Mane\n|-end|p2b: Flutter Mane|Protosynthesis|[silent]\n|-damage|p1b: Dondozo|32\/100|[from] Recoil\n|move|p2a: Gyarados|Thunder Wave|p1b: Dondozo\n|-status|p1b: Dondozo|par\n|\n|-heal|p1b: Dondozo|39\/100 par|[from] item: Leftovers\n|upkeep\n|\n|t:|1683265940\n|switch|p2b: Orthworm|Orthworm, L50, M|100\/100\n|turn|6\n|\n|t:|1683265951\n|move|p2a: Gyarados|Waterfall|p1b: Dondozo\n|-damage|p1b: Dondozo|27\/100 par\n|move|p2b: Orthworm|Iron Defense|p2b: Orthworm\n|-boost|p2b: Orthworm|def|2\n|move|p1b: Dondozo|Substitute|p1b: Dondozo\n|-start|p1b: Dondozo|Substitute\n|-damage|p1b: Dondozo|2\/100 par\n|\n|-heal|p1b: Dondozo|8\/100 par|[from] item: Leftovers\n|upkeep\n|turn|7\n|\n|t:|1683265968\n|move|p2a: Gyarados|Bulldoze|p1a: Tatsugiri|[spread] p1b\n|-miss|p2a: Gyarados|p1a: Tatsugiri\n|-immune|p2b: Orthworm|[from] ability: Earth Eater\n|-supereffective|p1b: Dondozo\n|-activate|p1b: Dondozo|move: Substitute|[damage]\n|move|p2b: Orthworm|Body Press|p1b: Dondozo\n|-supereffective|p1b: Dondozo\n|-end|p1b: Dondozo|Substitute\n|cant|p1b: Dondozo|par\n|\n|-heal|p1b: Dondozo|14\/100 par|[from] item: Leftovers\n|upkeep\n|turn|8\n|\n|t:|1683265985\n|move|p2a: Gyarados|Waterfall|p1b: Dondozo\n|-crit|p1b: Dondozo\n|-damage|p1b: Dondozo|0 fnt\n|faint|p1b: Dondozo\n|move|p2b: Orthworm|Body Press|p1a: Tatsugiri\n|-damage|p1a: Tatsugiri|2\/100\n|\n|upkeep\n|\n|t:|1683265992\n|switch|p1b: Iron Bundle|Iron Bundle, L50|100\/100\n|turn|9\n|\n|t:|1683266001\n|move|p1a: Tatsugiri|Protect|p1a: Tatsugiri\n|-singleturn|p1a: Tatsugiri|Protect\n|move|p1b: Iron Bundle|Freeze-Dry|p2a: Gyarados\n|-supereffective|p2a: Gyarados\n|-damage|p2a: Gyarados|0 fnt\n|faint|p2a: Gyarados\n|move|p2b: Orthworm|Body Press|p1b: Iron Bundle\n|-supereffective|p1b: Iron Bundle\n|-damage|p1b: Iron Bundle|0 fnt\n|faint|p1b: Iron Bundle\n|-end|p1b: Iron Bundle|Quark Drive|[silent]\n|\n|upkeep\n|\n|t:|1683266011\n|switch|p1b: Palafin|Palafin-Hero, L50, M|100\/100\n|-activate|p1b: Palafin|ability: Zero to Hero\n|turn|10\n|\n|t:|1683266026\n|move|p1b: Palafin|Drain Punch|p2b: Orthworm\n|-supereffective|p2b: Orthworm\n|-damage|p2b: Orthworm|77\/100\n|move|p1a: Tatsugiri|Muddy Water|p2b: Orthworm\n|-damage|p2b: Orthworm|28\/100\n|-enditem|p2b: Orthworm|Sitrus Berry|[eat]\n|-heal|p2b: Orthworm|53\/100|[from] item: Sitrus Berry\n|move|p2b: Orthworm|Body Press|p1a: Tatsugiri\n|-damage|p1a: Tatsugiri|0 fnt\n|faint|p1a: Tatsugiri\n|\n|upkeep\n|turn|11\n|\n|t:|1683266040\n|move|p1b: Palafin|Close Combat|p2b: Orthworm\n|-supereffective|p2b: Orthworm\n|-damage|p2b: Orthworm|16\/100\n|-unboost|p1b: Palafin|def|1\n|-unboost|p1b: Palafin|spd|1\n|move|p2b: Orthworm|Iron Defense|p2b: Orthworm\n|-boost|p2b: Orthworm|def|2\n|\n|upkeep\n|turn|12\n|\n|t:|1683266051\n|move|p1b: Palafin|Wave Crash|p2b: Orthworm\n|-damage|p2b: Orthworm|0 fnt\n|faint|p2b: Orthworm\n|-damage|p1b: Palafin|95\/100|[from] Recoil\n|\n|win|Kush_Fairy_dust\n|raw|Kush_Fairy_dust's rating: 1131 → 1155<\/strong> (+24 for winning)\n|raw|Gutico's rating: 1120 → 1096<\/strong> (-24 for losing)\n|l|\u2606Gutico\n","uploadtime":1683266078,"views":5,"p1id":"kushfairydust","p2id":"gutico","formatid":"gen9vgc2023regulationc","rating":1096,"private":0,"password":""}