{"id":"gen9vgc2023regulationc-1859944579","p1":"jmz900","p2":"ZBFusion","format":"[Gen 9] VGC 2023 Regulation C","log":"|j|\u2606jmz900\n|j|\u2606ZBFusion\n|t:|1683578072\n|gametype|doubles\n|player|p1|jmz900|2|1440\n|player|p2|ZBFusion|265|1389\n|teamsize|p1|6\n|teamsize|p2|6\n|gen|9\n|tier|[Gen 9] VGC 2023 Regulation C\n|rated|\n|rule|Species Clause: Limit one of each Pok\u00e9mon\n|rule|Item Clause: Limit one of each item\n|clearpoke\n|poke|p1|Torkoal, L50, F|\n|poke|p1|Jumpluff, L50, F|\n|poke|p1|Flutter Mane, L50|\n|poke|p1|Great Tusk, L50|\n|poke|p1|Chien-Pao, L50|\n|poke|p1|Kingambit, L50, M|\n|poke|p2|Tyranitar, L50, F|\n|poke|p2|Scizor, L50, F|\n|poke|p2|Corviknight, L50, F|\n|poke|p2|Dragapult, L50, M|\n|poke|p2|Tatsugiri-Droopy, L50, M|\n|poke|p2|Hatterene, L50, F|\n|teampreview|4\n|\n|t:|1683578110\n|start\n|switch|p1a: Torkoal|Torkoal, L50, F|100\/100\n|switch|p1b: Jumpluff|Jumpluff, L50, F|100\/100\n|switch|p2a: Tyranitar|Tyranitar, L50, F|100\/100\n|switch|p2b: Dragapult|Dragapult, L50, M|100\/100\n|-weather|Sandstorm|[from] ability: Sand Stream|[of] p2a: Tyranitar\n|-weather|SunnyDay|[from] ability: Drought|[of] p1a: Torkoal\n|turn|1\n|\n|t:|1683578133\n|move|p1b: Jumpluff|Sleep Powder|p2a: Tyranitar\n|-status|p2a: Tyranitar|slp|[from] move: Sleep Powder\n|move|p2b: Dragapult|Dragon Darts|p1b: Jumpluff\n|-damage|p1b: Jumpluff|57\/100\n|-anim|p2b: Dragapult|Dragon Darts|p1a: Torkoal\n|-damage|p1a: Torkoal|72\/100\n|cant|p2a: Tyranitar|slp\n|move|p1a: Torkoal|Overheat|p2b: Dragapult\n|-resisted|p2b: Dragapult\n|-damage|p2b: Dragapult|60\/100\n|-unboost|p1a: Torkoal|spa|2\n|-enditem|p1a: Torkoal|Eject Pack\n|\n|t:|1683578146\n|switch|p1a: Great Tusk|Great Tusk, L50|100\/100\n|-activate|p1a: Great Tusk|ability: Protosynthesis\n|-start|p1a: Great Tusk|protosynthesisatk\n|\n|-weather|SunnyDay|[upkeep]\n|upkeep\n|turn|2\n|\n|t:|1683578160\n|switch|p2a: Corviknight|Corviknight, L50, F|100\/100\n|move|p1b: Jumpluff|Sleep Powder|p2b: Dragapult\n|-status|p2b: Dragapult|slp|[from] move: Sleep Powder\n|move|p1a: Great Tusk|Earthquake|p2a: Corviknight|[spread] p2b\n|-immune|p1b: Jumpluff\n|-immune|p2a: Corviknight\n|-damage|p2b: Dragapult|0 fnt\n|faint|p2b: Dragapult\n|\n|-weather|SunnyDay|[upkeep]\n|upkeep\n|\n|t:|1683578174\n|switch|p2b: Scizor|Scizor, L50, F|100\/100\n|turn|3\n|\n|t:|1683578199\n|-end|p1a: Great Tusk|Protosynthesis|[silent]\n|switch|p1a: Torkoal|Torkoal, L50, F|72\/100\n|move|p1b: Jumpluff|Sleep Powder|p2b: Scizor\n|-status|p2b: Scizor|slp|[from] move: Sleep Powder\n|move|p2a: Corviknight|Brave Bird|p1a: Torkoal\n|-damage|p1a: Torkoal|45\/100\n|-damage|p2a: Corviknight|93\/100|[from] Recoil\n|cant|p2b: Scizor|slp\n|\n|-weather|SunnyDay|[upkeep]\n|-heal|p2a: Corviknight|99\/100|[from] item: Leftovers\n|upkeep\n|turn|4\n|\n|t:|1683578225\n|switch|p2a: Tyranitar|Tyranitar, L50, F|100\/100 slp\n|-weather|Sandstorm|[from] ability: Sand Stream|[of] p2a: Tyranitar\n|-terastallize|p2b: Scizor|Dragon\n|cant|p2b: Scizor|slp\n|move|p1b: Jumpluff|Sleep Powder|p2a: Tyranitar|[miss]\n|-miss|p1b: Jumpluff|p2a: Tyranitar\n|move|p1a: Torkoal|Overheat|p2b: Scizor|[miss]\n|-miss|p1a: Torkoal|p2b: Scizor\n|\n|-weather|Sandstorm|[upkeep]\n|-damage|p1b: Jumpluff|51\/100|[from] Sandstorm\n|-damage|p2b: Scizor|94\/100 slp|[from] Sandstorm\n|-damage|p1a: Torkoal|38\/100|[from] Sandstorm\n|upkeep\n|turn|5\n|\n|t:|1683578254\n|switch|p1a: Great Tusk|Great Tusk, L50|100\/100\n|move|p1b: Jumpluff|Leaf Storm|p2a: Tyranitar\n|-supereffective|p2a: Tyranitar\n|-damage|p2a: Tyranitar|80\/100 slp\n|-unboost|p1b: Jumpluff|spa|2\n|-curestatus|p2b: Scizor|slp|[msg]\n|move|p2b: Scizor|Pounce|p1a: Great Tusk\n|-resisted|p1a: Great Tusk\n|-damage|p1a: Great Tusk|84\/100\n|-unboost|p1a: Great Tusk|spe|1\n|cant|p2a: Tyranitar|slp\n|\n|-weather|Sandstorm|[upkeep]\n|-damage|p1b: Jumpluff|45\/100|[from] Sandstorm\n|-damage|p2b: Scizor|88\/100|[from] Sandstorm\n|upkeep\n|turn|6\n|\n|t:|1683578278\n|switch|p1b: Torkoal|Torkoal, L50, F|38\/100\n|-weather|SunnyDay|[from] ability: Drought|[of] p1b: Torkoal\n|-activate|p1a: Great Tusk|ability: Protosynthesis\n|-start|p1a: Great Tusk|protosynthesisatk\n|switch|p2a: Corviknight|Corviknight, L50, F|99\/100\n|-terastallize|p1a: Great Tusk|Fire\n|move|p2b: Scizor|Protect|p2b: Scizor\n|-singleturn|p2b: Scizor|Protect\n|move|p1a: Great Tusk|Headlong Rush|p2a: Corviknight\n|-immune|p2a: Corviknight\n|\n|-weather|SunnyDay|[upkeep]\n|-heal|p2a: Corviknight|100\/100|[from] item: Leftovers\n|upkeep\n|turn|7\n|\n|t:|1683578304\n|switch|p2a: Tyranitar|Tyranitar, L50, F|80\/100 slp\n|-weather|Sandstorm|[from] ability: Sand Stream|[of] p2a: Tyranitar\n|-end|p1a: Great Tusk|Protosynthesis\n|switch|p1b: Jumpluff|Jumpluff, L50, F|45\/100\n|move|p1a: Great Tusk|Headlong Rush|p2b: Scizor\n|-damage|p2b: Scizor|27\/100\n|-unboost|p1a: Great Tusk|def|1\n|-unboost|p1a: Great Tusk|spd|1\n|move|p2b: Scizor|Pounce|p1a: Great Tusk\n|-resisted|p1a: Great Tusk\n|-damage|p1a: Great Tusk|59\/100\n|-unboost|p1a: Great Tusk|spe|1\n|\n|-weather|Sandstorm|[upkeep]\n|-damage|p1b: Jumpluff|39\/100|[from] Sandstorm\n|-damage|p1a: Great Tusk|54\/100|[from] Sandstorm\n|-damage|p2b: Scizor|21\/100|[from] Sandstorm\n|upkeep\n|turn|8\n|\n|t:|1683578325\n|-end|p1a: Great Tusk|Protosynthesis|[silent]\n|switch|p1a: Torkoal|Torkoal, L50, F|38\/100\n|-weather|SunnyDay|[from] ability: Drought|[of] p1a: Torkoal\n|move|p2b: Scizor|Bullet Punch|p1b: Jumpluff\n|-damage|p1b: Jumpluff|0 fnt\n|faint|p1b: Jumpluff\n|cant|p2a: Tyranitar|slp\n|\n|-weather|SunnyDay|[upkeep]\n|upkeep\n|\n|t:|1683578335\n|switch|p1b: Great Tusk|Great Tusk, L50, tera:Fire|54\/100\n|-activate|p1b: Great Tusk|ability: Protosynthesis\n|-start|p1b: Great Tusk|protosynthesisatk\n|turn|9\n|\n|t:|1683578349\n|move|p2b: Scizor|Protect|p2b: Scizor\n|-singleturn|p2b: Scizor|Protect\n|move|p1b: Great Tusk|Headlong Rush|p2b: Scizor\n|-activate|p2b: Scizor|move: Protect\n|-curestatus|p2a: Tyranitar|slp|[msg]\n|move|p2a: Tyranitar|Earthquake|p1b: Great Tusk|[spread] p1a,p1b\n|-activate|p2b: Scizor|move: Protect\n|-supereffective|p1a: Torkoal\n|-supereffective|p1b: Great Tusk\n|-damage|p1a: Torkoal|0 fnt\n|-damage|p1b: Great Tusk|12\/100\n|faint|p1a: Torkoal\n|\n|-weather|SunnyDay|[upkeep]\n|upkeep\n|\n|t:|1683578361\n|switch|p1a: Flutter Mane|Flutter Mane, L50|100\/100\n|-activate|p1a: Flutter Mane|ability: Protosynthesis\n|-start|p1a: Flutter Mane|protosynthesisspe\n|turn|10\n|\n|t:|1683578373\n|move|p2b: Scizor|Bullet Punch|p1b: Great Tusk\n|-resisted|p1b: Great Tusk\n|-damage|p1b: Great Tusk|0 fnt\n|faint|p1b: Great Tusk\n|-end|p1b: Great Tusk|Protosynthesis|[silent]\n|move|p1a: Flutter Mane|Moonblast|p2a: Tyranitar\n|-supereffective|p2a: Tyranitar\n|-damage|p2a: Tyranitar|3\/100\n|move|p2a: Tyranitar|Iron Head|p1a: Flutter Mane\n|-supereffective|p1a: Flutter Mane\n|-damage|p1a: Flutter Mane|0 fnt\n|faint|p1a: Flutter Mane\n|-end|p1a: Flutter Mane|Protosynthesis|[silent]\n|\n|win|ZBFusion\n|raw|jmz900's rating: 1440 → 1417<\/strong> (-23 for losing)\n|raw|ZBFusion's rating: 1389 → 1412<\/strong> (+23 for winning)\n","uploadtime":1683578386,"views":7,"p1id":"jmz900","p2id":"zbfusion","formatid":"gen9vgc2023regulationc","rating":1412,"private":0,"password":""}