{"id":"gen9vgc2023regulationc-1860591771","p1":"PkmnGamerDannerino","p2":"redstonejesus","format":"[Gen 9] VGC 2023 Regulation C","log":"|j|\u2606PkmnGamerDannerino\n|j|\u2606redstonejesus\n|t:|1683657208\n|gametype|doubles\n|player|p1|PkmnGamerDannerino|supernerd|1121\n|player|p2|redstonejesus|170|1141\n|teamsize|p1|6\n|teamsize|p2|6\n|gen|9\n|tier|[Gen 9] VGC 2023 Regulation C\n|rated|\n|rule|Species Clause: Limit one of each Pok\u00e9mon\n|rule|Item Clause: Limit one of each item\n|clearpoke\n|poke|p1|Glimmora, L50, M|\n|poke|p1|Magnezone, L50|\n|poke|p1|Dragonite, L50, F|\n|poke|p1|Clawitzer, L50, F|\n|poke|p1|Eelektross, L50, F|\n|poke|p1|Garganacl, L50, F|\n|poke|p2|Great Tusk, L50|\n|poke|p2|Murkrow, L50, F|\n|poke|p2|Flutter Mane, L50|\n|poke|p2|Iron Bundle, L50|\n|poke|p2|Kingambit, L50, F|\n|poke|p2|Amoonguss, L50, M|\n|teampreview|4\n|\n|t:|1683657222\n|start\n|switch|p1a: Glimmora|Glimmora, L50, M, shiny|100\/100\n|switch|p1b: Clawitzer|Clawitzer, L50, F, shiny|100\/100\n|switch|p2a: Kingslayer|Flutter Mane, L50|100\/100\n|switch|p2b: Move Along|Iron Bundle, L50|100\/100\n|-enditem|p2b: Move Along|Booster Energy\n|-activate|p2b: Move Along|ability: Quark Drive|[fromitem]\n|-start|p2b: Move Along|quarkdrivespe\n|turn|1\n|\n|t:|1683657235\n|-terastallize|p2a: Kingslayer|Fairy\n|move|p2b: Move Along|Icy Wind|p1b: Clawitzer|[spread] p1a,p1b\n|-resisted|p1b: Clawitzer\n|-damage|p1a: Glimmora|76\/100\n|-damage|p1b: Clawitzer|89\/100\n|-unboost|p1a: Glimmora|spe|1\n|-unboost|p1b: Clawitzer|spe|1\n|move|p2a: Kingslayer|Dazzling Gleam|p1a: Glimmora|[spread] p1a,p1b\n|-resisted|p1a: Glimmora\n|-damage|p1a: Glimmora|41\/100\n|-damage|p1b: Clawitzer|19\/100\n|move|p1a: Glimmora|Mortal Spin|p2a: Kingslayer|[spread] p2a,p2b\n|-supereffective|p2a: Kingslayer\n|-damage|p2a: Kingslayer|83\/100\n|-damage|p2b: Move Along|94\/100\n|-status|p2a: Kingslayer|psn\n|-status|p2b: Move Along|psn\n|move|p1b: Clawitzer|Aura Sphere|p2b: Move Along\n|-supereffective|p2b: Move Along\n|-damage|p2b: Move Along|0 fnt\n|faint|p2b: Move Along\n|-end|p2b: Move Along|Quark Drive|[silent]\n|\n|-heal|p1b: Clawitzer|25\/100|[from] item: Leftovers\n|-damage|p2a: Kingslayer|71\/100 psn|[from] psn\n|upkeep\n|\n|t:|1683657253\n|switch|p2b: Goodlife|Great Tusk, L50, shiny|100\/100\n|turn|2\n|\n|t:|1683657288\n|move|p2b: Goodlife|Headlong Rush|p1a: Glimmora\n|-supereffective|p1a: Glimmora\n|-damage|p1a: Glimmora|0 fnt\n|-unboost|p2b: Goodlife|def|1\n|-unboost|p2b: Goodlife|spd|1\n|-damage|p2b: Goodlife|84\/100|[from] item: Rocky Helmet|[of] p1a: Glimmora\n|-activate|p1a: Glimmora|ability: Toxic Debris\n|-sidestart|p2: redstonejesus|move: Toxic Spikes\n|faint|p1a: Glimmora\n|move|p2a: Kingslayer|Dazzling Gleam|p1b: Clawitzer\n|-damage|p1b: Clawitzer|0 fnt\n|faint|p1b: Clawitzer\n|\n|-damage|p2a: Kingslayer|58\/100 psn|[from] psn\n|upkeep\n|\n|t:|1683657301\n|switch|p1a: Eelektross|Eelektross, L50, F, shiny|100\/100\n|switch|p1b: Garganacl|Garganacl, L50, F|100\/100\n|turn|3\n|\n|t:|1683657324\n|-terastallize|p1b: Garganacl|Water\n|move|p2b: Goodlife|Headlong Rush|p1b: Garganacl\n|-damage|p1b: Garganacl|70\/100\n|-unboost|p2b: Goodlife|def|1\n|-unboost|p2b: Goodlife|spd|1\n|move|p2a: Kingslayer|Dazzling Gleam|p1b: Garganacl|[spread] p1a,p1b\n|-damage|p1a: Eelektross|42\/100\n|-damage|p1b: Garganacl|13\/100\n|-enditem|p1b: Garganacl|Mago Berry|[eat]\n|-heal|p1b: Garganacl|46\/100|[from] item: Mago Berry\n|move|p1a: Eelektross|Coil|p1a: Eelektross\n|-boost|p1a: Eelektross|atk|1\n|-boost|p1a: Eelektross|def|1\n|-boost|p1a: Eelektross|accuracy|1\n|move|p1b: Garganacl|Salt Cure|p2a: Kingslayer\n|-damage|p2a: Kingslayer|34\/100 psn\n|-start|p2a: Kingslayer|Salt Cure\n|\n|-damage|p2a: Kingslayer|22\/100 psn|[from] psn\n|-damage|p2a: Kingslayer|9\/100 psn|[from] Salt Cure\n|upkeep\n|turn|4\n|\n|t:|1683657354\n|move|p1b: Garganacl|Protect|p1b: Garganacl\n|-singleturn|p1b: Garganacl|Protect\n|move|p2b: Goodlife|Headlong Rush|p1b: Garganacl\n|-activate|p1b: Garganacl|move: Protect\n|move|p2a: Kingslayer|Dazzling Gleam|p1b: Garganacl|[spread] p1a\n|-activate|p1b: Garganacl|move: Protect\n|-damage|p1a: Eelektross|0 fnt\n|faint|p1a: Eelektross\n|\n|-damage|p2a: Kingslayer|0 fnt|[from] psn\n|faint|p2a: Kingslayer\n|-end|p2a: Kingslayer|Protosynthesis|[silent]\n|upkeep\n|\n|t:|1683657362\n|switch|p2a: Hiroshi|Kingambit, L50, F|100\/100\n|turn|5\n|\n|t:|1683657368\n|move|p2b: Goodlife|Headlong Rush|p1b: Garganacl\n|-damage|p1b: Garganacl|14\/100\n|-unboost|p2b: Goodlife|def|1\n|-unboost|p2b: Goodlife|spd|1\n|move|p2a: Hiroshi|Kowtow Cleave|p1b: Garganacl\n|-damage|p1b: Garganacl|0 fnt\n|faint|p1b: Garganacl\n|\n|win|redstonejesus\n|raw|PkmnGamerDannerino's rating: 1121 → 1097<\/strong> (-24 for losing)\n|raw|redstonejesus's rating: 1141 → 1165<\/strong> (+24 for winning)\n|l|\u2606PkmnGamerDannerino\n","uploadtime":1683657384,"views":15,"p1id":"pkmngamerdannerino","p2id":"redstonejesus","formatid":"gen9vgc2023regulationc","rating":1097,"private":0,"password":""}