{"id":"gen9vgc2023regulationc-1852997168","p1":"smksell","p2":"FIGHT ON STARMAN","format":"[Gen 9] VGC 2023 Regulation C","log":"|j|\u2606smksell\n|j|\u2606FIGHT ON STARMAN\n|t:|1682624137\n|gametype|doubles\n|player|p1|smksell|169|1192\n|player|p2|FIGHT ON STARMAN|may-masters|1281\n|teamsize|p1|6\n|teamsize|p2|6\n|gen|9\n|tier|[Gen 9] VGC 2023 Regulation C\n|rated|\n|rule|Species Clause: Limit one of each Pok\u00e9mon\n|rule|Item Clause: Limit one of each item\n|clearpoke\n|poke|p1|Chi-Yu, L50|\n|poke|p1|Flutter Mane, L50|\n|poke|p1|Dragonite, L50, F|\n|poke|p1|Gastrodon, L50, F|\n|poke|p1|Tyranitar, L50, M|\n|poke|p1|Scizor, L50, M|\n|poke|p2|Pincurchin, L50, M|\n|poke|p2|Iron Hands, L50|\n|poke|p2|Palafin, L50, M|\n|poke|p2|Ting-Lu, L50|\n|poke|p2|Amoonguss, L50, F|\n|poke|p2|Flutter Mane, L50|\n|teampreview|4\nFIGHT ON STARMAN has agreed to open team sheets.\n|inactive|Battle timer is ON: inactive players will automatically lose when time's up. (requested by FIGHT ON STARMAN)\n|\n|t:|1682624165\n|start\n|switch|p1a: Tyranitar|Tyranitar, L50, M|100\/100\n|switch|p1b: Scizor|Scizor, L50, M|100\/100\n|switch|p2a: STARMAN|Iron Hands, L50, shiny|100\/100\n|switch|p2b: BLAST|Palafin, L50, M, shiny|100\/100\n|-weather|Sandstorm|[from] ability: Sand Stream|[of] p1a: Tyranitar\n|turn|1\n|\n|t:|1682624186\n|detailschange|p2b: BLAST|Palafin-Hero, L50, M, shiny\n|switch|p2b: CHU|Pincurchin, L50, M, shiny|100\/100\n|-fieldstart|move: Electric Terrain|[from] ability: Electric Surge|[of] p2b: CHU\n|-activate|p2a: STARMAN|ability: Quark Drive\n|-start|p2a: STARMAN|quarkdriveatk\n|move|p1a: Tyranitar|Rock Slide|p2b: CHU|[spread] p2a,p2b\n|-resisted|p2a: STARMAN\n|-damage|p2a: STARMAN|91\/100\n|-damage|p2b: CHU|73\/100\n|move|p1b: Scizor|Swords Dance|p1b: Scizor\n|-boost|p1b: Scizor|atk|2\n|move|p2a: STARMAN|Drain Punch|p1b: Scizor\n|-damage|p1b: Scizor|48\/100\n|-heal|p2a: STARMAN|100\/100|[from] drain|[of] p1b: Scizor\n|\n|-weather|Sandstorm|[upkeep]\n|-damage|p2a: STARMAN|94\/100|[from] Sandstorm\n|-damage|p2b: CHU|67\/100|[from] Sandstorm\n|upkeep\n|turn|2\n|\n|t:|1682624209\n|move|p1b: Scizor|Bullet Punch|p2a: STARMAN\n|-resisted|p2a: STARMAN\n|-crit|p2a: STARMAN\n|-damage|p2a: STARMAN|64\/100\n|move|p1a: Tyranitar|Rock Slide|p2b: CHU|[spread] p2a\n|-miss|p1a: Tyranitar|p2b: CHU\n|-resisted|p2a: STARMAN\n|-damage|p2a: STARMAN|54\/100\n|move|p2a: STARMAN|Drain Punch|p1b: Scizor\n|-damage|p1b: Scizor|0 fnt\n|-heal|p2a: STARMAN|70\/100|[from] drain|[of] p1b: Scizor\n|faint|p1b: Scizor\n|move|p2b: CHU|Thunder Wave|p1a: Tyranitar\n|-status|p1a: Tyranitar|par\n|\n|-weather|Sandstorm|[upkeep]\n|-damage|p2a: STARMAN|64\/100|[from] Sandstorm\n|-damage|p2b: CHU|61\/100|[from] Sandstorm\n|upkeep\n|inactive|smksell has 30 seconds left.\n|\n|t:|1682624234\n|switch|p1b: Dragonite|Dragonite, L50, F|100\/100\n|turn|3\n|\n|t:|1682624250\n|-terastallize|p1b: Dragonite|Dragon\n|move|p1b: Dragonite|Chilling Water|p2a: STARMAN\n|-damage|p2a: STARMAN|55\/100\n|-unboost|p2a: STARMAN|atk|1\n|move|p1a: Tyranitar|Rock Slide|p2b: CHU|[spread] p2a,p2b\n|-resisted|p2a: STARMAN\n|-damage|p2a: STARMAN|45\/100\n|-damage|p2b: CHU|37\/100\n|cant|p2a: STARMAN|flinch\n|move|p2b: CHU|Zing Zap|p1b: Dragonite\n|-resisted|p1b: Dragonite\n|-damage|p1b: Dragonite|91\/100\n|-enditem|p1b: Dragonite|Eject Button\n|\n|t:|1682624274\n|switch|p1b: Flutter Mane|Flutter Mane, L50|100\/100\n|\n|-weather|Sandstorm|[upkeep]\n|-damage|p1b: Flutter Mane|94\/100|[from] Sandstorm\n|-damage|p2a: STARMAN|39\/100|[from] Sandstorm\n|-damage|p2b: CHU|31\/100|[from] Sandstorm\n|upkeep\n|turn|4\n|inactive|FIGHT ON STARMAN has 30 seconds left.\n|\n|t:|1682624302\n|move|p2b: CHU|Sucker Punch|p1b: Flutter Mane\n|-damage|p1b: Flutter Mane|56\/100\n|move|p1b: Flutter Mane|Dazzling Gleam|p2a: STARMAN|[spread] p2a,p2b\n|-supereffective|p2a: STARMAN\n|-damage|p2a: STARMAN|0 fnt\n|-damage|p2b: CHU|0 fnt\n|faint|p2a: STARMAN\n|-end|p2a: STARMAN|Quark Drive|[silent]\n|faint|p2b: CHU\n|cant|p1a: Tyranitar|par\n|\n|-weather|Sandstorm|[upkeep]\n|-damage|p1b: Flutter Mane|50\/100|[from] Sandstorm\n|upkeep\n|\n|t:|1682624306\n|switch|p2a: BLAST|Palafin-Hero, L50, M, shiny|100\/100\n|switch|p2b: ARCHETYPE|Ting-Lu, L50|100\/100\n|-activate|p2a: BLAST|ability: Zero to Hero\n|-ability|p2b: ARCHETYPE|Vessel of Ruin\n|turn|5\n|\n|t:|1682624323\n|-end|p1b: Flutter Mane|Protosynthesis|[silent]\n|switch|p1b: Dragonite|Dragonite, L50, F, tera:Dragon|91\/100\n|move|p2a: BLAST|Jet Punch|p1b: Dragonite\n|-resisted|p1b: Dragonite\n|-damage|p1b: Dragonite|67\/100\n|cant|p1a: Tyranitar|par\n|move|p2b: ARCHETYPE|Stomping Tantrum|p1a: Tyranitar\n|-supereffective|p1a: Tyranitar\n|-damage|p1a: Tyranitar|36\/100 par\n|\n|-weather|none\n|upkeep\n|turn|6\n|inactive|FIGHT ON STARMAN has 30 seconds left.\n|\n|t:|1682624351\n|move|p2a: BLAST|Protect|p2a: BLAST\n|-singleturn|p2a: BLAST|Protect\n|move|p1b: Dragonite|Chilling Water|p2a: BLAST\n|-activate|p2a: BLAST|move: Protect\n|cant|p1a: Tyranitar|par\n|move|p2b: ARCHETYPE|Stomping Tantrum|p1b: Dragonite\n|-damage|p1b: Dragonite|35\/100\n|\n|upkeep\n|turn|7\n|\n|t:|1682624363\n|-terastallize|p2a: BLAST|Water\n|move|p2a: BLAST|Wave Crash|p1b: Dragonite\n|-resisted|p1b: Dragonite\n|-damage|p1b: Dragonite|0 fnt\n|faint|p1b: Dragonite\n|-damage|p2a: BLAST|89\/100|[from] Recoil\n|cant|p1a: Tyranitar|par\n|move|p2b: ARCHETYPE|Stomping Tantrum|p1a: Tyranitar\n|-supereffective|p1a: Tyranitar\n|-damage|p1a: Tyranitar|0 fnt\n|faint|p1a: Tyranitar\n|\n|upkeep\n|\n|t:|1682624380\n|switch|p1a: Flutter Mane|Flutter Mane, L50|50\/100\n|turn|8\n|\n|t:|1682624389\n|move|p2a: BLAST|Jet Punch|p1a: Flutter Mane\n|-damage|p1a: Flutter Mane|0 fnt\n|faint|p1a: Flutter Mane\n|-end|p1a: Flutter Mane|Protosynthesis|[silent]\n|\n|win|FIGHT ON STARMAN\n|raw|smksell's rating: 1192 → 1173<\/strong> (-19 for losing)\n|raw|FIGHT ON STARMAN's rating: 1281 → 1300<\/strong> (+19 for winning)\n","uploadtime":1682624398,"views":11,"p1id":"smksell","p2id":"fightonstarman","formatid":"gen9vgc2023regulationc","rating":1173,"private":0,"password":""}