{"id":"gen9vgc2023regulationc-1854259392","p1":"Esspecialy","p2":"Areota","format":"[Gen 9] VGC 2023 Regulation C","log":"|j|\u2606Esspecialy\n|j|\u2606Areota\n|t:|1682789630\n|gametype|doubles\n|player|p1|Esspecialy|burglar|1380\n|player|p2|Areota|2|1301\n|teamsize|p1|6\n|teamsize|p2|6\n|gen|9\n|tier|[Gen 9] VGC 2023 Regulation C\n|rated|\n|rule|Species Clause: Limit one of each Pok\u00e9mon\n|rule|Item Clause: Limit one of each item\n|clearpoke\n|poke|p1|Iron Jugulis, L50|\n|poke|p1|Azumarill, L50, F|\n|poke|p1|Pincurchin, L50, M|\n|poke|p1|Lilligant, L50, F|\n|poke|p1|Iron Treads, L50|\n|poke|p1|Ceruledge, L50, M|\n|poke|p2|Palafin, L50, M|\n|poke|p2|Chien-Pao, L50|\n|poke|p2|Amoonguss, L50, F|\n|poke|p2|Arcanine, L50, F|\n|poke|p2|Flutter Mane, L50|\n|poke|p2|Roaring Moon, L50|\n|teampreview|4\n|inactive|Battle timer is ON: inactive players will automatically lose when time's up. (requested by Areota)\n|\n|t:|1682789662\n|start\n|switch|p1a: E-Jugs|Iron Jugulis, L50, shiny|100\/100\n|switch|p1b: E-Churchin|Pincurchin, L50, M, shiny|100\/100\n|switch|p2a: Palafin|Palafin, L50, M, shiny|100\/100\n|switch|p2b: Roaring Moon|Roaring Moon, L50, shiny|100\/100\n|-fieldstart|move: Electric Terrain|[from] ability: Electric Surge|[of] p1b: E-Churchin\n|-activate|p1a: E-Jugs|ability: Quark Drive\n|-start|p1a: E-Jugs|quarkdrivespe\n|-enditem|p2b: Roaring Moon|Booster Energy\n|-activate|p2b: Roaring Moon|ability: Protosynthesis|[fromitem]\n|-start|p2b: Roaring Moon|protosynthesisspe\n|turn|1\n|\n|t:|1682789681\n|detailschange|p2a: Palafin|Palafin-Hero, L50, M, shiny\n|switch|p2a: Amoonguss|Amoonguss, L50, F, shiny|100\/100\n|move|p2b: Roaring Moon|Dragon Dance|p2b: Roaring Moon\n|-boost|p2b: Roaring Moon|atk|1\n|-boost|p2b: Roaring Moon|spe|1\n|move|p1a: E-Jugs|Tailwind|p1a: E-Jugs\n|-sidestart|p1: Esspecialy|move: Tailwind\n|move|p1b: E-Churchin|Thunder Wave|p2b: Roaring Moon\n|-status|p2b: Roaring Moon|par\n|\n|upkeep\n|turn|2\n|\n|t:|1682789697\n|move|p1a: E-Jugs|Air Slash|p2a: Amoonguss\n|-supereffective|p2a: Amoonguss\n|-damage|p2a: Amoonguss|25\/100\n|-enditem|p2a: Amoonguss|Sitrus Berry|[eat]\n|-heal|p2a: Amoonguss|50\/100|[from] item: Sitrus Berry\n|-damage|p1a: E-Jugs|91\/100|[from] item: Life Orb\n|move|p2b: Roaring Moon|Dragon Dance|p2b: Roaring Moon\n|-boost|p2b: Roaring Moon|atk|1\n|-boost|p2b: Roaring Moon|spe|1\n|move|p1b: E-Churchin|Toxic Spikes|p2a: Amoonguss\n|-sidestart|p2: Areota|move: Toxic Spikes\n|move|p2a: Amoonguss|Spore|p1a: E-Jugs\n|-status|p1a: E-Jugs|slp|[from] move: Spore\n|\n|upkeep\n|turn|3\n|\n|t:|1682789719\n|switch|p2a: Arcanine|Arcanine, L50, F, shiny|100\/100\n|-status|p2a: Arcanine|psn\n|-ability|p2a: Arcanine|Intimidate|boost\n|-unboost|p1a: E-Jugs|atk|1\n|-unboost|p1b: E-Churchin|atk|1\n|cant|p1a: E-Jugs|slp\n|cant|p2b: Roaring Moon|par\n|move|p1b: E-Churchin|Thunder Wave|p2a: Arcanine|[miss]\n|-miss|p1b: E-Churchin|p2a: Arcanine\n|\n|-damage|p2a: Arcanine|88\/100 psn|[from] psn\n|upkeep\n|turn|4\n|\n|t:|1682789739\n|switch|p2a: Amoonguss|Amoonguss, L50, F, shiny|83\/100\n|-sideend|p2: Areota|move: Toxic Spikes|[of] p2a: Amoonguss\n|-curestatus|p1a: E-Jugs|slp|[msg]\n|move|p1a: E-Jugs|Air Slash|p2b: Roaring Moon\n|-damage|p2b: Roaring Moon|58\/100 par\n|-damage|p1a: E-Jugs|81\/100|[from] item: Life Orb\n|move|p2b: Roaring Moon|Throat Chop|p1b: E-Churchin\n|-damage|p1b: E-Churchin|13\/100\n|-start|p1b: E-Churchin|Throat Chop|[silent]\n|move|p1b: E-Churchin|Zing Zap|p2b: Roaring Moon\n|-resisted|p2b: Roaring Moon\n|-damage|p2b: Roaring Moon|43\/100 par\n|\n|-sideend|p1: Esspecialy|move: Tailwind\n|upkeep\n|turn|5\n|inactive|Areota has 30 seconds left.\n|\n|t:|1682789773\n|-terastallize|p2a: Amoonguss|Water\n|move|p2b: Roaring Moon|Throat Chop|p1b: E-Churchin\n|-damage|p1b: E-Churchin|0 fnt\n|faint|p1b: E-Churchin\n|move|p1a: E-Jugs|Air Slash|p2b: Roaring Moon\n|-damage|p2b: Roaring Moon|0 fnt\n|faint|p2b: Roaring Moon\n|-end|p2b: Roaring Moon|Protosynthesis|[silent]\n|-damage|p1a: E-Jugs|71\/100|[from] item: Life Orb\n|move|p2a: Amoonguss|Spore|p1a: E-Jugs\n|-status|p1a: E-Jugs|slp|[from] move: Spore\n|\n|upkeep\n|\n|t:|1682789789\n|switch|p2b: Arcanine|Arcanine, L50, F, shiny|88\/100 psn\n|switch|p1b: E-Treads|Iron Treads, L50, shiny|100\/100\n|-activate|p1b: E-Treads|ability: Quark Drive\n|-start|p1b: E-Treads|quarkdriveatk\n|-ability|p2b: Arcanine|Intimidate|boost\n|-unboost|p1a: E-Jugs|atk|1\n|-unboost|p1b: E-Treads|atk|1\n|turn|6\n|\n|t:|1682789812\n|-terastallize|p1b: E-Treads|Ground\n|cant|p1a: E-Jugs|slp\n|move|p1b: E-Treads|Earthquake|p2a: Amoonguss|[spread] p2a,p2b\n|-immune|p1a: E-Jugs\n|-supereffective|p2b: Arcanine\n|-damage|p2a: Amoonguss|26\/100\n|-damage|p2b: Arcanine|0 fnt\n|faint|p2b: Arcanine\n|move|p2a: Amoonguss|Pollen Puff|p2: Arcanine|[notarget]\n|-fail|p2a: Amoonguss\n|\n|upkeep\n|\n|t:|1682789821\n|switch|p2b: Palafin|Palafin-Hero, L50, M, shiny|100\/100\n|-activate|p2b: Palafin|ability: Zero to Hero\n|turn|7\n|\n|t:|1682789832\n|move|p2a: Amoonguss|Rage Powder|p2a: Amoonguss\n|-singleturn|p2a: Amoonguss|move: Rage Powder\n|cant|p1a: E-Jugs|slp\n|move|p1b: E-Treads|Earthquake|p2b: Palafin|[spread] p2a,p2b\n|-immune|p1a: E-Jugs\n|-damage|p2a: Amoonguss|0 fnt\n|-damage|p2b: Palafin|42\/100\n|faint|p2a: Amoonguss\n|move|p2b: Palafin|Wave Crash|p1a: E-Jugs\n|-damage|p1a: E-Jugs|0 fnt\n|faint|p1a: E-Jugs\n|-end|p1a: E-Jugs|Quark Drive|[silent]\n|-damage|p2b: Palafin|19\/100|[from] Recoil\n|\n|upkeep\n|\n|t:|1682789854\n|switch|p1a: E-Marill|Azumarill, L50, F|100\/100\n|turn|8\n|\n|t:|1682789859\n|move|p2b: Palafin|Jet Punch|p1b: E-Treads\n|-supereffective|p1b: E-Treads\n|-damage|p1b: E-Treads|11\/100\n|move|p1b: E-Treads|Earthquake|p2b: Palafin|[spread] p1a,p2b\n|-damage|p1a: E-Marill|31\/100\n|-damage|p2b: Palafin|0 fnt\n|faint|p2b: Palafin\n|\n|win|Esspecialy\n|raw|Esspecialy's rating: 1380 → 1396<\/strong> (+16 for winning)\n|raw|Areota's rating: 1301 → 1285<\/strong> (-16 for losing)\n|l|\u2606Areota\n","uploadtime":1682789870,"views":39,"p1id":"esspecialy","p2id":"areota","formatid":"gen9vgc2023regulationc","rating":1285,"private":0,"password":""}