{"id":"gen9vgc2023regulationc-1845954868","p1":"BLiiNDProdiigy","p2":"Kiriziio","format":"[Gen 9] VGC 2023 Regulation C","log":"|j|\u2606BLiiNDProdiigy\n|j|\u2606Kiriziio\n|t:|1681783458\n|gametype|doubles\n|player|p1|BLiiNDProdiigy|acetrainer|1230\n|player|p2|Kiriziio|lance|1238\n|teamsize|p1|6\n|teamsize|p2|6\n|gen|9\n|tier|[Gen 9] VGC 2023 Regulation C\n|rated|\n|rule|Species Clause: Limit one of each Pok\u00e9mon\n|rule|Item Clause: Limit one of each item\n|clearpoke\n|poke|p1|Torkoal, L50, F|\n|poke|p1|Farigiraf, L50, F|\n|poke|p1|Medicham, L50, M|\n|poke|p1|Flutter Mane, L50|\n|poke|p1|Tropius, L50, F|\n|poke|p1|Brute Bonnet, L50|\n|poke|p2|Dondozo, L50, M|\n|poke|p2|Tatsugiri-Stretchy, L50, M|\n|poke|p2|Chi-Yu, L50|\n|poke|p2|Flutter Mane, L50|\n|poke|p2|Dragonite, L50, M|\n|poke|p2|Glimmora, L50, F|\n|teampreview|4\n|c|\u2606BLiiNDProdiigy|I literally just played a team exactly like this lol\nBLiiNDProdiigy has agreed to open team sheets.\n|inactive|Battle timer is ON: inactive players will automatically lose when time's up. (requested by BLiiNDProdiigy)\n|c|\u2606Kiriziio|they probably saw it on the same channel i did\nKiriziio has agreed to open team sheets.\n|c|\u2606BLiiNDProdiigy|Makes sense\n|inactive|Kiriziio has 60 seconds left.\n|inactive|BLiiNDProdiigy has 60 seconds left.\n|c|\u2606BLiiNDProdiigy|Oh yeah, def same team haha, who\u2019s channel was it?\n|inactive|Kiriziio has 30 seconds left.\n|c|\u2606Kiriziio|ray rizzo's channel\n|inactive|Kiriziio has 20 seconds left.\n|\n|t:|1681783615\n|start\n|switch|p1a: Farigiraf|Farigiraf, L50, F, shiny|100\/100\n|switch|p1b: Medicham|Medicham, L50, M, shiny|100\/100\n|switch|p2a: Glimmora|Glimmora, L50, F|100\/100\n|switch|p2b: Flutter Mane|Flutter Mane, L50|100\/100\n|-enditem|p2b: Flutter Mane|Booster Energy\n|-activate|p2b: Flutter Mane|ability: Protosynthesis|[fromitem]\n|-start|p2b: Flutter Mane|protosynthesisspe\n|turn|1\n|c|\u2606BLiiNDProdiigy|Ah okay. Glhf!\n|c|\u2606Kiriziio|glhf\n|inactive|BLiiNDProdiigy has 30 seconds left.\n|inactive|Kiriziio has 30 seconds left.\n|inactive|BLiiNDProdiigy has 20 seconds left.\n|inactive|Kiriziio has 20 seconds left.\n|inactive|BLiiNDProdiigy has 15 seconds left.\n|inactive|Kiriziio has 15 seconds left.\n|inactive|Kiriziio has 10 seconds left.\n|\n|t:|1681783662\n|move|p2a: Glimmora|Spiky Shield|p2a: Glimmora\n|-singleturn|p2a: Glimmora|move: Protect\n|move|p2b: Flutter Mane|Moonblast|p1b: Medicham\n|-supereffective|p1b: Medicham\n|-enditem|p1b: Medicham|Focus Sash\n|-damage|p1b: Medicham|1\/100\n|move|p1a: Farigiraf|Hyper Voice|p2a: Glimmora|[spread] \n|-activate|p2a: Glimmora|move: Protect\n|-immune|p2b: Flutter Mane\n|move|p1b: Medicham|Trick Room|p1b: Medicham\n|-fieldstart|move: Trick Room|[of] p1b: Medicham\n|\n|upkeep\n|turn|2\n|inactive|Kiriziio has 30 seconds left.\n|inactive|Kiriziio has 20 seconds left.\n|\n|t:|1681783697\n|move|p1a: Farigiraf|Hyper Voice|p2a: Glimmora|[spread] p2a\n|-immune|p2b: Flutter Mane\n|-resisted|p2a: Glimmora\n|-damage|p2a: Glimmora|80\/100\n|-enditem|p1a: Farigiraf|Throat Spray\n|-boost|p1a: Farigiraf|spa|1|[from] item: Throat Spray\n|move|p1b: Medicham|Psycho Cut|p2b: Flutter Mane\n|-damage|p2b: Flutter Mane|3\/100\n|move|p2a: Glimmora|Toxic|p1a: Farigiraf\n|-status|p1a: Farigiraf|tox\n|move|p2b: Flutter Mane|Hex|p1b: Medicham\n|-supereffective|p1b: Medicham\n|-damage|p1b: Medicham|0 fnt\n|faint|p1b: Medicham\n|\n|-damage|p1a: Farigiraf|94\/100 tox|[from] psn\n|upkeep\n|\n|t:|1681783715\n|switch|p1b: Torkoal|Torkoal, L50, F, shiny|100\/100\n|-weather|SunnyDay|[from] ability: Drought|[of] p1b: Torkoal\n|turn|3\n|\n|t:|1681783739\n|-terastallize|p1b: Torkoal|Fire\n|move|p2a: Glimmora|Spiky Shield|p2a: Glimmora\n|-singleturn|p2a: Glimmora|move: Protect\n|move|p2b: Flutter Mane|Protect|p2b: Flutter Mane\n|-singleturn|p2b: Flutter Mane|Protect\n|move|p1b: Torkoal|Eruption|p2b: Flutter Mane|[spread] \n|-activate|p2a: Glimmora|move: Protect\n|-activate|p2b: Flutter Mane|move: Protect\n|move|p1a: Farigiraf|Hyper Voice|p2b: Flutter Mane|[spread] \n|-activate|p2a: Glimmora|move: Protect\n|-activate|p2b: Flutter Mane|move: Protect\n|\n|-weather|SunnyDay|[upkeep]\n|-damage|p1a: Farigiraf|82\/100 tox|[from] psn\n|upkeep\n|turn|4\n|\n|t:|1681783764\n|move|p1b: Torkoal|Eruption|p2a: Glimmora|[spread] p2a,p2b\n|-resisted|p2a: Glimmora\n|-damage|p2a: Glimmora|0 fnt\n|-damage|p2b: Flutter Mane|0 fnt\n|faint|p2a: Glimmora\n|faint|p2b: Flutter Mane\n|-end|p2b: Flutter Mane|Protosynthesis|[silent]\n|move|p1a: Farigiraf|Hyper Voice|p2: Glimmora|[notarget]\n|-fail|p1a: Farigiraf\n|\n|-weather|SunnyDay|[upkeep]\n|-damage|p1a: Farigiraf|64\/100 tox|[from] psn\n|upkeep\n|\n|t:|1681783768\n|switch|p2a: Tatsugiri|Tatsugiri-Stretchy, L50, M|100\/100\n|switch|p2b: Chi-Yu|Chi-Yu, L50|100\/100\n|-ability|p2b: Chi-Yu|Beads of Ruin\n|turn|5\n|inactive|BLiiNDProdiigy has 30 seconds left.\n|\n|t:|1681783796\n|move|p2b: Chi-Yu|Protect|p2b: Chi-Yu\n|-singleturn|p2b: Chi-Yu|Protect\n|move|p1b: Torkoal|Eruption|p2b: Chi-Yu|[spread] p2a\n|-activate|p2b: Chi-Yu|move: Protect\n|-resisted|p2a: Tatsugiri\n|-damage|p2a: Tatsugiri|61\/100\n|move|p1a: Farigiraf|Hyper Voice|p2a: Tatsugiri|[spread] p2a\n|-activate|p2b: Chi-Yu|move: Protect\n|-damage|p2a: Tatsugiri|0 fnt\n|faint|p2a: Tatsugiri\n|\n|-weather|SunnyDay|[upkeep]\n|-damage|p1a: Farigiraf|40\/100 tox|[from] psn\n|-fieldend|move: Trick Room\n|upkeep\n|turn|6\n|inactive|BLiiNDProdiigy has 30 seconds left.\n|inactive|BLiiNDProdiigy has 20 seconds left.\n|\n|t:|1681783836\n|move|p2b: Chi-Yu|Dark Pulse|p1a: Farigiraf\n|-supereffective|p1a: Farigiraf\n|-damage|p1a: Farigiraf|0 fnt\n|faint|p1a: Farigiraf\n|move|p1b: Torkoal|Earth Power|p2b: Chi-Yu\n|-supereffective|p2b: Chi-Yu\n|-damage|p2b: Chi-Yu|51\/100\n|\n|-weather|SunnyDay|[upkeep]\n|upkeep\n|\n|t:|1681783845\n|switch|p1a: Tropius|Tropius, L50, F, shiny|100\/100\n|turn|7\n|\n|t:|1681783853\n|-terastallize|p2b: Chi-Yu|Grass\n|move|p2b: Chi-Yu|Dark Pulse|p1b: Torkoal\n|-damage|p1b: Torkoal|24\/100\n|move|p1a: Tropius|Air Slash|p2b: Chi-Yu|[miss]\n|-miss|p1a: Tropius|p2b: Chi-Yu\n|move|p1b: Torkoal|Earth Power|p2b: Chi-Yu\n|-resisted|p2b: Chi-Yu\n|-damage|p2b: Chi-Yu|38\/100\n|\n|-weather|none\n|upkeep\n|turn|8\n|\n|t:|1681783867\n|move|p2b: Chi-Yu|Dark Pulse|p1b: Torkoal\n|-damage|p1b: Torkoal|0 fnt\n|faint|p1b: Torkoal\n|move|p1a: Tropius|Air Slash|p2b: Chi-Yu\n|-supereffective|p2b: Chi-Yu\n|-damage|p2b: Chi-Yu|0 fnt\n|faint|p2b: Chi-Yu\n|\n|win|BLiiNDProdiigy\n|raw|BLiiNDProdiigy's rating: 1230 → 1256<\/strong> (+26 for winning)\n|raw|Kiriziio's rating: 1238 → 1212<\/strong> (-26 for losing)\n","uploadtime":1681783871,"views":3,"p1id":"bliindprodiigy","p2id":"kiriziio","formatid":"gen9vgc2023regulationc","rating":1212,"private":0,"password":""}