{"id":"gen9vgc2023regulationc-1862641105","p1":"ice0012","p2":"Larry08","format":"[Gen 9] VGC 2023 Regulation C","log":"|j|\u2606ice0012\n|j|\u2606Larry08\n|t:|1683908104\n|gametype|doubles\n|player|p1|ice0012|youngster|1051\n|player|p2|Larry08|ninjaboy|1000\n|teamsize|p1|6\n|teamsize|p2|6\n|gen|9\n|tier|[Gen 9] VGC 2023 Regulation C\n|rated|\n|rule|Species Clause: Limit one of each Pok\u00e9mon\n|rule|Item Clause: Limit one of each item\n|clearpoke\n|poke|p1|Espathra, L50, F|\n|poke|p1|Ursaring, L50, F|\n|poke|p1|Venomoth, L50, M|\n|poke|p1|Pelipper, L50, F|\n|poke|p1|Goodra, L50, F|\n|poke|p1|Veluza, L50, M|\n|poke|p2|Gothitelle, L50, F|\n|poke|p2|Maushold, L50|\n|poke|p2|Flutter Mane, L50|\n|poke|p2|Dragonite, L50, M|\n|poke|p2|Arcanine, L50, M|\n|poke|p2|Ceruledge, L50, F|\n|teampreview|4\n|inactive|Battle timer is ON: inactive players will automatically lose when time's up. (requested by ice0012)\n|inactive|Larry08 has 60 seconds left.\n|\n|t:|1683908151\n|start\n|switch|p1a: Veluza|Veluza, L50, M|100\/100\n|switch|p1b: Venomoth|Venomoth, L50, M|100\/100\n|switch|p2a: Flutter Mane|Flutter Mane, L50|100\/100\n|switch|p2b: Arcanine|Arcanine, L50, M|100\/100\n|-ability|p2b: Arcanine|Intimidate|boost\n|-unboost|p1a: Veluza|atk|1\n|-unboost|p1b: Venomoth|atk|1\n|-enditem|p2a: Flutter Mane|Booster Energy\n|-activate|p2a: Flutter Mane|ability: Protosynthesis|[fromitem]\n|-start|p2a: Flutter Mane|protosynthesisspe\n|turn|1\n|inactive|Larry08 has 30 seconds left.\n|\n|t:|1683908177\n|move|p2a: Flutter Mane|Protect|p2a: Flutter Mane\n|-singleturn|p2a: Flutter Mane|Protect\n|move|p1b: Venomoth|Quiver Dance|p1b: Venomoth\n|-boost|p1b: Venomoth|spa|1\n|-boost|p1b: Venomoth|spd|1\n|-boost|p1b: Venomoth|spe|1\n|move|p1a: Veluza|Fillet Away|p1a: Veluza\n|-boost|p1a: Veluza|atk|2\n|-boost|p1a: Veluza|spa|2\n|-boost|p1a: Veluza|spe|2\n|-damage|p1a: Veluza|50\/100\n|-enditem|p1a: Veluza|Sitrus Berry|[eat]\n|-heal|p1a: Veluza|75\/100|[from] item: Sitrus Berry\n|move|p2b: Arcanine|Flamethrower|p1b: Venomoth\n|-supereffective|p1b: Venomoth\n|-damage|p1b: Venomoth|29\/100\n|\n|upkeep\n|turn|2\n|\n|t:|1683908197\n|move|p1b: Venomoth|Protect|p1b: Venomoth\n|-singleturn|p1b: Venomoth|Protect\n|move|p2b: Arcanine|Protect|p2b: Arcanine\n|-singleturn|p2b: Arcanine|Protect\n|move|p2a: Flutter Mane|Perish Song|p2a: Flutter Mane\n|-start|p1a: Veluza|perish3|[silent]\n|-start|p1b: Venomoth|perish3|[silent]\n|-start|p2a: Flutter Mane|perish3|[silent]\n|-start|p2b: Arcanine|perish3|[silent]\n|-fieldactivate|move: Perish Song\n|move|p1a: Veluza|Aqua Cutter|p2b: Arcanine\n|-activate|p2b: Arcanine|move: Protect\n|\n|-start|p2a: Flutter Mane|perish3\n|-start|p1a: Veluza|perish3\n|-start|p1b: Venomoth|perish3\n|-start|p2b: Arcanine|perish3\n|upkeep\n|turn|3\n|\n|t:|1683908222\n|switch|p1a: Espathra|Espathra, L50, F|100\/100\n|switch|p1b: Pelipper|Pelipper, L50, F|100\/100\n|-weather|RainDance|[from] ability: Drizzle|[of] p1b: Pelipper\n|switch|p2b: Dragonite|Dragonite, L50, M|100\/100\n|move|p2a: Flutter Mane|Protect||[still]\n|-fail|p2a: Flutter Mane\n|\n|-weather|RainDance|[upkeep]\n|-start|p2a: Flutter Mane|perish2\n|upkeep\n|turn|4\n|c|\u2606ice0012|ayo, I was doing this strat last night\n|c|\u2606ice0012|good stuff\n|inactive|ice0012 has 30 seconds left.\n|inactive|Larry08 has 30 seconds left.\n|\n|t:|1683908254\n|move|p2a: Flutter Mane|Shadow Ball|p1a: Espathra\n|-supereffective|p1a: Espathra\n|-damage|p1a: Espathra|0 fnt\n|faint|p1a: Espathra\n|move|p1b: Pelipper|Hurricane|p2b: Dragonite\n|-crit|p2b: Dragonite\n|-damage|p2b: Dragonite|79\/100\n|-start|p2b: Dragonite|confusion\n|-activate|p2b: Dragonite|confusion\n|move|p2b: Dragonite|Dragon Claw|p1b: Pelipper\n|-damage|p1b: Pelipper|54\/100\n|\n|-weather|RainDance|[upkeep]\n|-heal|p1b: Pelipper|60\/100|[from] item: Leftovers\n|-heal|p2b: Dragonite|85\/100|[from] item: Leftovers\n|-start|p2a: Flutter Mane|perish1\n|upkeep\n|\n|t:|1683908275\n|switch|p1a: Venomoth|Venomoth, L50, M|29\/100\n|turn|5\n|\n|t:|1683908290\n|-end|p2a: Flutter Mane|Protosynthesis|[silent]\n|switch|p2a: Maushold|Maushold, L50|100\/100\n|move|p1a: Venomoth|Sludge Bomb|p2a: Maushold\n|-damage|p2a: Maushold|45\/100\n|move|p1b: Pelipper|Roost|p1b: Pelipper\n|-heal|p1b: Pelipper|100\/100\n|-singleturn|p1b: Pelipper|move: Roost\n|-end|p2b: Dragonite|confusion\n|move|p2b: Dragonite|Dragon Claw|p1a: Venomoth\n|-damage|p1a: Venomoth|0 fnt\n|faint|p1a: Venomoth\n|\n|-weather|RainDance|[upkeep]\n|-heal|p2b: Dragonite|91\/100|[from] item: Leftovers\n|upkeep\n|\n|t:|1683908305\n|switch|p1a: Veluza|Veluza, L50, M|75\/100\n|turn|6\n|\n|t:|1683908320\n|-terastallize|p1a: Veluza|Dark\n|move|p2a: Maushold|Protect|p2a: Maushold\n|-singleturn|p2a: Maushold|Protect\n|move|p2b: Dragonite|Protect|p2b: Dragonite\n|-singleturn|p2b: Dragonite|Protect\n|move|p1b: Pelipper|Hurricane|p2a: Maushold\n|-activate|p2a: Maushold|move: Protect\n|move|p1a: Veluza|Night Slash|p2b: Dragonite\n|-activate|p2b: Dragonite|move: Protect\n|\n|-weather|RainDance|[upkeep]\n|-heal|p2b: Dragonite|97\/100|[from] item: Leftovers\n|upkeep\n|turn|7\n|inactive|Larry08 has 30 seconds left.\n|inactive|Larry08 has 20 seconds left.\n|inactive|Larry08 has 15 seconds left.\n|inactive|Larry08 has 10 seconds left.\n|inactive|Larry08 has 5 seconds left.\n|\n|t:|1683908372\n|switch|p2a: Arcanine|Arcanine, L50, M|100\/100\n|-ability|p2a: Arcanine|Intimidate|boost\n|-unboost|p1a: Veluza|atk|1\n|-unboost|p1b: Pelipper|atk|1\n|switch|p2b: Flutter Mane|Flutter Mane, L50|100\/100\n|move|p1b: Pelipper|Hurricane|p2a: Arcanine\n|-damage|p2a: Arcanine|68\/100\n|move|p1a: Veluza|Night Slash|p2b: Flutter Mane\n|-damage|p2b: Flutter Mane|48\/100\n|\n|-weather|none\n|upkeep\n|turn|8\n|\n|t:|1683908395\n|switch|p2a: Maushold|Maushold, L50|45\/100\n|move|p2b: Flutter Mane|Moonblast|p1a: Veluza\n|-supereffective|p1a: Veluza\n|-damage|p1a: Veluza|0 fnt\n|faint|p1a: Veluza\n|move|p1b: Pelipper|Hurricane|p2b: Flutter Mane\n|-damage|p2b: Flutter Mane|23\/100\n|-start|p2b: Flutter Mane|confusion\n|\n|upkeep\n|turn|9\n|\n|t:|1683908412\n|-activate|p2b: Flutter Mane|confusion\n|move|p2b: Flutter Mane|Protect|p2b: Flutter Mane\n|-singleturn|p2b: Flutter Mane|Protect\n|move|p2a: Maushold|Population Bomb|p1b: Pelipper\n|-damage|p1b: Pelipper|92\/100\n|-damage|p1b: Pelipper|84\/100\n|-damage|p1b: Pelipper|76\/100\n|-damage|p1b: Pelipper|68\/100\n|-hitcount|p1b: Pelipper|4\n|move|p1b: Pelipper|Hurricane|p2a: Maushold\n|-damage|p2a: Maushold|0 fnt\n|faint|p2a: Maushold\n|\n|-heal|p1b: Pelipper|74\/100|[from] item: Leftovers\n|upkeep\n|\n|t:|1683908429\n|switch|p2a: Dragonite|Dragonite, L50, M|97\/100\n|turn|10\n|\n|t:|1683908450\n|-terastallize|p2b: Flutter Mane|Fairy\n|-activate|p2b: Flutter Mane|confusion\n|move|p2b: Flutter Mane|Moonblast|p1b: Pelipper\n|-damage|p1b: Pelipper|0 fnt\n|faint|p1b: Pelipper\n|\n|win|Larry08\n|raw|ice0012's rating: 1051 → 1031<\/strong> (-20 for losing)\n|raw|Larry08's rating: 1000 → 1046<\/strong> (+46 for winning)\n|l|\u2606ice0012\n","uploadtime":1683908460,"views":10,"p1id":"ice0012","p2id":"larry08","formatid":"gen9vgc2023regulationc","rating":1031,"private":0,"password":""}