{"id":"gen9vgc2023regulationc-1859800513","p1":"CaliberChamp","p2":"HD58X","format":"[Gen 9] VGC 2023 Regulation C","log":"|j|\u2606CaliberChamp\n|j|\u2606HD58X\n|t:|1683565618\n|gametype|doubles\n|player|p1|CaliberChamp|blue-masters|1095\n|player|p2|HD58X|1|1000\n|teamsize|p1|6\n|teamsize|p2|6\n|gen|9\n|tier|[Gen 9] VGC 2023 Regulation C\n|rated|\n|rule|Species Clause: Limit one of each Pok\u00e9mon\n|rule|Item Clause: Limit one of each item\n|clearpoke\n|poke|p1|Quaquaval, L50, F|\n|poke|p1|Cyclizar, L50, M|\n|poke|p1|Armarouge, L50, M|\n|poke|p1|Ceruledge, L50, F|\n|poke|p1|Iron Bundle, L50|\n|poke|p1|Iron Valiant, L50|\n|poke|p2|Iron Hands, L50|\n|poke|p2|Amoonguss, L50, F|\n|poke|p2|Pelipper, L50, F|\n|poke|p2|Palafin, L50, F|\n|poke|p2|Baxcalibur, L50, F|\n|poke|p2|Dragonite, L50, F|\n|teampreview|4\n|inactive|Battle timer is ON: inactive players will automatically lose when time's up. (requested by CaliberChamp)\n|\n|t:|1683565645\n|start\n|switch|p1a: Armarouge|Armarouge, L50, M|100\/100\n|switch|p1b: Ceruledge|Ceruledge, L50, F|100\/100\n|switch|p2a: Torqoise|Palafin, L50, F|100\/100\n|switch|p2b: Beaker|Pelipper, L50, F|100\/100\n|-weather|RainDance|[from] ability: Drizzle|[of] p2b: Beaker\n|turn|1\n|inactive|CaliberChamp has 30 seconds left.\n|inactive|HD58X has 30 seconds left.\n|\n|t:|1683565670\n|detailschange|p2a: Torqoise|Palafin-Hero, L50, F\n|switch|p2a: BlockBuster|Baxcalibur, L50, F|100\/100\n|move|p1a: Armarouge|Wide Guard|p1a: Armarouge\n|-singleturn|p1a: Armarouge|Wide Guard\n|move|p2b: Beaker|Tailwind|p2b: Beaker\n|-sidestart|p2: HD58X|move: Tailwind\n|move|p1b: Ceruledge|Bulk Up|p1b: Ceruledge\n|-boost|p1b: Ceruledge|atk|1\n|-boost|p1b: Ceruledge|def|1\n|\n|-weather|RainDance|[upkeep]\n|upkeep\n|turn|2\n|inactive|CaliberChamp has 30 seconds left.\n|inactive|HD58X has 30 seconds left.\n|\n|t:|1683565696\n|-terastallize|p1a: Armarouge|Dark\n|move|p1b: Ceruledge|Protect|p1b: Ceruledge\n|-singleturn|p1b: Ceruledge|Protect\n|move|p2b: Beaker|Hydro Pump|p1a: Armarouge\n|-damage|p1a: Armarouge|16\/100\n|move|p2a: BlockBuster|Glaive Rush|p1a: Armarouge\n|-damage|p1a: Armarouge|0 fnt\n|-singlemove|p2a: BlockBuster|Glaive Rush|[silent]\n|faint|p1a: Armarouge\n|\n|-weather|RainDance|[upkeep]\n|upkeep\n|\n|t:|1683565718\n|switch|p1a: Galiant|Iron Valiant, L50|100\/100\n|-enditem|p1a: Galiant|Booster Energy\n|-activate|p1a: Galiant|ability: Quark Drive|[fromitem]\n|-start|p1a: Galiant|quarkdrivespe\n|turn|3\n|\n|t:|1683565729\n|move|p1a: Galiant|Protect|p1a: Galiant\n|-singleturn|p1a: Galiant|Protect\n|move|p2a: BlockBuster|Protect|p2a: BlockBuster\n|-singleturn|p2a: BlockBuster|Protect\n|move|p2b: Beaker|Hurricane|p1a: Galiant\n|-activate|p1a: Galiant|move: Protect\n|move|p1b: Ceruledge|Bitter Blade|p2a: BlockBuster\n|-activate|p2a: BlockBuster|move: Protect\n|\n|-weather|RainDance|[upkeep]\n|upkeep\n|turn|4\n|\n|t:|1683565749\n|move|p1a: Galiant|Disable|p2b: Beaker\n|-start|p2b: Beaker|Disable|Hurricane\n|cant|p2b: Beaker|Disable|Hurricane\n|move|p2a: BlockBuster|Glaive Rush|p1b: Ceruledge\n|-damage|p1b: Ceruledge|14\/100\n|-singlemove|p2a: BlockBuster|Glaive Rush|[silent]\n|move|p1b: Ceruledge|Bitter Blade|p2a: BlockBuster\n|-damage|p2a: BlockBuster|37\/100\n|-heal|p1b: Ceruledge|57\/100|[from] drain|[of] p2a: BlockBuster\n|-ability|p2a: BlockBuster|Thermal Exchange|boost\n|-boost|p2a: BlockBuster|atk|1\n|\n|-weather|RainDance|[upkeep]\n|-sideend|p2: HD58X|move: Tailwind\n|upkeep\n|turn|5\n|inactive|CaliberChamp has 30 seconds left.\n|\n|t:|1683565775\n|move|p2a: BlockBuster|Protect|p2a: BlockBuster\n|-singleturn|p2a: BlockBuster|Protect\n|move|p1b: Ceruledge|Shadow Sneak|p2b: Beaker\n|-crit|p2b: Beaker\n|-damage|p2b: Beaker|31\/100\n|move|p1a: Galiant|Dazzling Gleam|p2b: Beaker|[spread] p2b\n|-activate|p2a: BlockBuster|move: Protect\n|-damage|p2b: Beaker|0 fnt\n|faint|p2b: Beaker\n|\n|-weather|none\n|upkeep\n|\n|t:|1683565787\n|switch|p2b: Torqoise|Palafin-Hero, L50, F|100\/100\n|-activate|p2b: Torqoise|ability: Zero to Hero\n|turn|6\n|inactive|CaliberChamp has 30 seconds left.\n|inactive|HD58X has 30 seconds left.\n|\n|t:|1683565820\n|-terastallize|p2b: Torqoise|Water\n|move|p1b: Ceruledge|Shadow Sneak|p2a: BlockBuster\n|-damage|p2a: BlockBuster|5\/100\n|move|p1a: Galiant|Dazzling Gleam|p2b: Torqoise|[spread] p2a,p2b\n|-supereffective|p2a: BlockBuster\n|-damage|p2a: BlockBuster|0 fnt\n|-damage|p2b: Torqoise|74\/100\n|faint|p2a: BlockBuster\n|move|p2b: Torqoise|Wave Crash|p1a: Galiant\n|-damage|p1a: Galiant|0 fnt\n|faint|p1a: Galiant\n|-end|p1a: Galiant|Quark Drive|[silent]\n|-damage|p2b: Torqoise|50\/100|[from] Recoil\n|\n|upkeep\n|\n|t:|1683565831\n|switch|p1a: Delibundle|Iron Bundle, L50|100\/100\n|switch|p2a: Maradona|Iron Hands, L50, shiny|100\/100\n|turn|7\n|\n|t:|1683565856\n|move|p1a: Delibundle|Protect|p1a: Delibundle\n|-singleturn|p1a: Delibundle|Protect\n|move|p1b: Ceruledge|Protect|p1b: Ceruledge\n|-singleturn|p1b: Ceruledge|Protect\n|move|p2a: Maradona|Fake Out|p1a: Delibundle\n|-activate|p1a: Delibundle|move: Protect\n|move|p2b: Torqoise|Jet Punch|p1b: Ceruledge\n|-activate|p1b: Ceruledge|move: Protect\n|\n|upkeep\n|turn|8\n|inactive|CaliberChamp has 30 seconds left.\n|\n|t:|1683565884\n|move|p2b: Torqoise|Jet Punch|p1b: Ceruledge\n|-supereffective|p1b: Ceruledge\n|-damage|p1b: Ceruledge|0 fnt\n|faint|p1b: Ceruledge\n|move|p1a: Delibundle|Encore|p2a: Maradona\n|-start|p2a: Maradona|Encore\n|move|p2a: Maradona|Fake Out||[still]\n|-hint|Fake Out only works on your first turn out.\n|-fail|p2a: Maradona\n|\n|upkeep\n|turn|9\n|\n|t:|1683565899\n|move|p2a: Maradona|Fake Out||[still]\n|-hint|Fake Out only works on your first turn out.\n|-fail|p2a: Maradona\n|move|p2b: Torqoise|Jet Punch|p1a: Delibundle\n|-resisted|p1a: Delibundle\n|-damage|p1a: Delibundle|63\/100\n|move|p1a: Delibundle|Freeze-Dry|p2b: Torqoise\n|-supereffective|p2b: Torqoise\n|-damage|p2b: Torqoise|0 fnt\n|faint|p2b: Torqoise\n|\n|upkeep\n|turn|10\n|\n|t:|1683565911\n|move|p2a: Maradona|Fake Out||[still]\n|-hint|Fake Out only works on your first turn out.\n|-fail|p2a: Maradona\n|move|p1a: Delibundle|Freeze-Dry|p2a: Maradona\n|-damage|p2a: Maradona|84\/100\n|\n|-end|p2a: Maradona|Encore\n|upkeep\n|turn|11\n|\n|t:|1683565922\n|move|p1a: Delibundle|Encore|p2a: Maradona\n|-start|p2a: Maradona|Encore\n|move|p2a: Maradona|Fake Out||[still]\n|-hint|Fake Out only works on your first turn out.\n|-fail|p2a: Maradona\n|\n|upkeep\n|turn|12\n|\n|t:|1683565927\n|move|p2a: Maradona|Fake Out||[still]\n|-hint|Fake Out only works on your first turn out.\n|-fail|p2a: Maradona\n|move|p1a: Delibundle|Freeze-Dry|p2a: Maradona\n|-damage|p2a: Maradona|66\/100\n|\n|upkeep\n|turn|13\n|\n|t:|1683565934\n|move|p2a: Maradona|Fake Out||[still]\n|-hint|Fake Out only works on your first turn out.\n|-fail|p2a: Maradona\n|move|p1a: Delibundle|Freeze-Dry|p2a: Maradona\n|-damage|p2a: Maradona|49\/100\n|\n|-end|p2a: Maradona|Encore\n|upkeep\n|turn|14\n|\n|t:|1683565943\n|move|p1a: Delibundle|Encore|p2a: Maradona\n|-start|p2a: Maradona|Encore\n|move|p2a: Maradona|Fake Out||[still]\n|-hint|Fake Out only works on your first turn out.\n|-fail|p2a: Maradona\n|\n|upkeep\n|turn|15\n|\n|t:|1683565949\n|move|p2a: Maradona|Fake Out||[still]\n|-hint|Fake Out only works on your first turn out.\n|-fail|p2a: Maradona\n|move|p1a: Delibundle|Freeze-Dry|p2a: Maradona\n|-damage|p2a: Maradona|30\/100\n|\n|upkeep\n|turn|16\n|\n|t:|1683565955\n|move|p2a: Maradona|Fake Out||[still]\n|-hint|Fake Out only works on your first turn out.\n|-fail|p2a: Maradona\n|move|p1a: Delibundle|Freeze-Dry|p2a: Maradona\n|-damage|p2a: Maradona|12\/100\n|\n|-end|p2a: Maradona|Encore\n|upkeep\n|turn|17\n|\n|t:|1683565963\n|move|p1a: Delibundle|Encore|p2a: Maradona\n|-start|p2a: Maradona|Encore\n|move|p2a: Maradona|Fake Out||[still]\n|-hint|Fake Out only works on your first turn out.\n|-fail|p2a: Maradona\n|\n|upkeep\n|turn|18\n|\n|t:|1683565969\n|move|p2a: Maradona|Fake Out||[still]\n|-hint|Fake Out only works on your first turn out.\n|-fail|p2a: Maradona\n|move|p1a: Delibundle|Freeze-Dry|p2a: Maradona\n|-damage|p2a: Maradona|0 fnt\n|faint|p2a: Maradona\n|-end|p2a: Maradona|Quark Drive|[silent]\n|\n|win|CaliberChamp\n|raw|CaliberChamp's rating: 1095 → 1114<\/strong> (+19 for winning)\n|raw|HD58X's rating: 1000 → 1000<\/strong> (+0 for losing)\n|l|\u2606HD58X\n","uploadtime":1683565979,"views":4,"p1id":"caliberchamp","p2id":"hd58x","formatid":"gen9vgc2023regulationc","rating":1000,"private":0,"password":""}