{"id":"gen9vgc2023regulationc-1861603949","p1":"Yeetawheat","p2":"Bdogplatinum","format":"[Gen 9] VGC 2023 Regulation C","log":"|j|\u2606Yeetawheat\n|j|\u2606Bdogplatinum\n|t:|1683779920\n|gametype|doubles\n|player|p1|Yeetawheat|1|\n|player|p2|Bdogplatinum|cress|\n|teamsize|p1|6\n|teamsize|p2|6\n|gen|9\n|tier|[Gen 9] VGC 2023 Regulation C\n|rule|Species Clause: Limit one of each Pok\u00e9mon\n|rule|Item Clause: Limit one of each item\n|clearpoke\n|poke|p1|Scizor, L50, M|\n|poke|p1|Tauros-Paldea-Aqua, L50, M|\n|poke|p1|Rotom-Heat, L50|\n|poke|p1|Flutter Mane, L50|\n|poke|p1|Ting-Lu, L50|\n|poke|p1|Amoonguss, L50, F|\n|poke|p2|Iron Valiant, L50|\n|poke|p2|Chi-Yu, L50|\n|poke|p2|Dragonite, L50, M|\n|poke|p2|Iron Treads, L50|\n|poke|p2|Chien-Pao, L50|\n|poke|p2|Farigiraf, L50, F|\n|teampreview|4\nBdogplatinum has agreed to open team sheets.\n|c|\u2606Yeetawheat|glhf!\nYeetawheat has agreed to open team sheets.\n|c|\u2606Bdogplatinum|ty for waiting glhf\n|c|\u2606Yeetawheat|was my pleasure\n|\n|t:|1683779965\n|start\n|switch|p1a: Tauros|Tauros-Paldea-Aqua, L50, M|100\/100\n|switch|p1b: Flutter Mane|Flutter Mane, L50|100\/100\n|switch|p2a: Dragonite|Dragonite, L50, M|100\/100\n|switch|p2b: Chien-Pao|Chien-Pao, L50|100\/100\n|-ability|p2b: Chien-Pao|Sword of Ruin\n|-ability|p1a: Tauros|Intimidate|boost\n|-unboost|p2a: Dragonite|atk|1\n|-unboost|p2b: Chien-Pao|atk|1\n|-enditem|p1b: Flutter Mane|Booster Energy\n|-activate|p1b: Flutter Mane|ability: Protosynthesis|[fromitem]\n|-start|p1b: Flutter Mane|protosynthesisspe\n|turn|1\n|\n|t:|1683779987\n|switch|p2b: Iron Treads|Iron Treads, L50|100\/100\n|move|p1a: Tauros|Aqua Jet|p2b: Iron Treads\n|-supereffective|p2b: Iron Treads\n|-damage|p2b: Iron Treads|64\/100\n|move|p1b: Flutter Mane|Moonblast|p2b: Iron Treads\n|-resisted|p2b: Iron Treads\n|-damage|p2b: Iron Treads|32\/100\n|move|p2a: Dragonite|Tailwind|p2a: Dragonite\n|-sidestart|p2: Bdogplatinum|move: Tailwind\n|\n|upkeep\n|turn|2\n|\n|t:|1683780003\n|move|p2b: Iron Treads|Protect|p2b: Iron Treads\n|-singleturn|p2b: Iron Treads|Protect\n|move|p1b: Flutter Mane|Protect|p1b: Flutter Mane\n|-singleturn|p1b: Flutter Mane|Protect\n|move|p1a: Tauros|Aqua Jet|p2b: Iron Treads\n|-activate|p2b: Iron Treads|move: Protect\n|move|p2a: Dragonite|Aerial Ace|p1b: Flutter Mane\n|-activate|p1b: Flutter Mane|move: Protect\n|\n|upkeep\n|turn|3\n|\n|t:|1683780023\n|-end|p1b: Flutter Mane|Protosynthesis|[silent]\n|switch|p1b: Ting-Lu|Ting-Lu, L50|100\/100\n|-ability|p1b: Ting-Lu|Vessel of Ruin\n|switch|p1a: Rotom|Rotom-Heat, L50|100\/100\n|-terastallize|p2b: Iron Treads|Water\n|move|p2b: Iron Treads|Earthquake|p1a: Rotom|[spread] p1b\n|-immune|p2a: Dragonite\n|-immune|p1a: Rotom|[from] ability: Levitate\n|-damage|p1b: Ting-Lu|83\/100\n|move|p2a: Dragonite|Aerial Ace|p1b: Ting-Lu\n|-damage|p1b: Ting-Lu|72\/100\n|\n|-heal|p1b: Ting-Lu|78\/100|[from] item: Leftovers\n|upkeep\n|turn|4\n|\n|t:|1683780048\n|switch|p1b: Tauros|Tauros-Paldea-Aqua, L50, M|100\/100\n|-ability|p1b: Tauros|Intimidate|boost\n|-unboost|p2a: Dragonite|atk|1\n|-fail|p2b: Iron Treads|unboost|[from] item: Clear Amulet|[of] p2b: Iron Treads\n|move|p2b: Iron Treads|Protect|p2b: Iron Treads\n|-singleturn|p2b: Iron Treads|Protect\n|move|p2a: Dragonite|Low Kick|p1b: Tauros\n|-damage|p1b: Tauros|87\/100\n|move|p1a: Rotom|Volt Switch|p2b: Iron Treads\n|-activate|p2b: Iron Treads|move: Protect\n|\n|-sideend|p2: Bdogplatinum|move: Tailwind\n|upkeep\n|turn|5\n|\n|t:|1683780064\n|move|p1b: Tauros|Aqua Jet|p2a: Dragonite\n|-resisted|p2a: Dragonite\n|-damage|p2a: Dragonite|96\/100\n|move|p2b: Iron Treads|Earthquake|p1a: Rotom|[spread] p1b\n|-immune|p2a: Dragonite\n|-immune|p1a: Rotom|[from] ability: Levitate\n|-damage|p1b: Tauros|53\/100\n|move|p1a: Rotom|Volt Switch|p2b: Iron Treads\n|-supereffective|p2b: Iron Treads\n|-damage|p2b: Iron Treads|0 fnt\n|faint|p2b: Iron Treads\n|-end|p2b: Iron Treads|Quark Drive|[silent]\n|\n|t:|1683780083\n|switch|p1a: Flutter Mane|Flutter Mane, L50|100\/100|[from] Volt Switch\n|move|p2a: Dragonite|Tailwind|p2a: Dragonite\n|-sidestart|p2: Bdogplatinum|move: Tailwind\n|\n|upkeep\n|\n|t:|1683780095\n|switch|p2b: Iron Valiant|Iron Valiant, L50|100\/100\n|-enditem|p2b: Iron Valiant|Booster Energy\n|-activate|p2b: Iron Valiant|ability: Quark Drive|[fromitem]\n|-start|p2b: Iron Valiant|quarkdrivespe\n|turn|6\n|\n|t:|1683780116\n|switch|p1b: Rotom|Rotom-Heat, L50|100\/100\n|-terastallize|p1a: Flutter Mane|Fairy\n|move|p2b: Iron Valiant|Protect|p2b: Iron Valiant\n|-singleturn|p2b: Iron Valiant|Protect\n|move|p2a: Dragonite|Aerial Ace|p1a: Flutter Mane\n|-damage|p1a: Flutter Mane|70\/100\n|move|p1a: Flutter Mane|Moonblast|p2b: Iron Valiant\n|-activate|p2b: Iron Valiant|move: Protect\n|\n|upkeep\n|turn|7\n|\n|t:|1683780138\n|move|p1a: Flutter Mane|Protect|p1a: Flutter Mane\n|-singleturn|p1a: Flutter Mane|Protect\n|move|p2b: Iron Valiant|Moonblast|p1a: Flutter Mane\n|-activate|p1a: Flutter Mane|move: Protect\n|move|p2a: Dragonite|Aerial Ace|p1a: Flutter Mane\n|-activate|p1a: Flutter Mane|move: Protect\n|move|p1b: Rotom|Overheat|p2b: Iron Valiant\n|-damage|p2b: Iron Valiant|0 fnt\n|-unboost|p1b: Rotom|spa|2\n|faint|p2b: Iron Valiant\n|-end|p2b: Iron Valiant|Quark Drive|[silent]\n|\n|upkeep\n|\n|t:|1683780141\n|switch|p2b: Chien-Pao|Chien-Pao, L50|100\/100\n|-ability|p2b: Chien-Pao|Sword of Ruin\n|turn|8\n|\n|t:|1683780156\n|switch|p1b: Tauros|Tauros-Paldea-Aqua, L50, M|53\/100\n|-ability|p1b: Tauros|Intimidate|boost\n|-unboost|p2a: Dragonite|atk|1\n|-unboost|p2b: Chien-Pao|atk|1\n|move|p2b: Chien-Pao|Ice Spinner|p1a: Flutter Mane\n|-damage|p1a: Flutter Mane|11\/100\n|move|p2a: Dragonite|Aerial Ace|p1a: Flutter Mane\n|-damage|p1a: Flutter Mane|0 fnt\n|faint|p1a: Flutter Mane\n|-end|p1a: Flutter Mane|Protosynthesis|[silent]\n|\n|-sideend|p2: Bdogplatinum|move: Tailwind\n|upkeep\n|\n|t:|1683780164\n|switch|p1a: Rotom|Rotom-Heat, L50|100\/100\n|turn|9\n|\n|t:|1683780180\n|move|p1b: Tauros|Aqua Jet|p2b: Chien-Pao\n|-damage|p2b: Chien-Pao|75\/100\n|move|p2b: Chien-Pao|Haze|p2b: Chien-Pao\n|-clearallboost\n|move|p1a: Rotom|Thunderbolt|p2b: Chien-Pao\n|-damage|p2b: Chien-Pao|9\/100\n|move|p2a: Dragonite|Aerial Ace|p1b: Tauros\n|-supereffective|p1b: Tauros\n|-crit|p1b: Tauros\n|-damage|p1b: Tauros|0 fnt\n|faint|p1b: Tauros\n|\n|upkeep\n|\n|t:|1683780183\n|switch|p1b: Ting-Lu|Ting-Lu, L50|78\/100\n|-ability|p1b: Ting-Lu|Vessel of Ruin\n|turn|10\n|\n|t:|1683780197\n|move|p2b: Chien-Pao|Protect|p2b: Chien-Pao\n|-singleturn|p2b: Chien-Pao|Protect\n|move|p1b: Ting-Lu|Protect|p1b: Ting-Lu\n|-singleturn|p1b: Ting-Lu|Protect\n|move|p1a: Rotom|Thunderbolt|p2b: Chien-Pao\n|-activate|p2b: Chien-Pao|move: Protect\n|move|p2a: Dragonite|Low Kick|p1b: Ting-Lu\n|-activate|p1b: Ting-Lu|move: Protect\n|\n|-heal|p1b: Ting-Lu|84\/100|[from] item: Leftovers\n|upkeep\n|turn|11\n|\n|t:|1683780208\n|move|p2b: Chien-Pao|Ice Spinner|p1b: Ting-Lu\n|-supereffective|p1b: Ting-Lu\n|-damage|p1b: Ting-Lu|26\/100\n|move|p1a: Rotom|Thunderbolt|p2b: Chien-Pao\n|-damage|p2b: Chien-Pao|0 fnt\n|faint|p2b: Chien-Pao\n|move|p2a: Dragonite|Low Kick|p1b: Ting-Lu\n|-supereffective|p1b: Ting-Lu\n|-damage|p1b: Ting-Lu|0 fnt\n|faint|p1b: Ting-Lu\n|\n|upkeep\n|turn|12\n|\n|t:|1683780228\n|move|p2a: Dragonite|Extreme Speed|p1a: Rotom\n|-damage|p1a: Rotom|70\/100\n|move|p1a: Rotom|Thunderbolt|p2a: Dragonite\n|-damage|p2a: Dragonite|62\/100\n|\n|upkeep\n|turn|13\n|\n|t:|1683780232\n|move|p2a: Dragonite|Extreme Speed|p1a: Rotom\n|-damage|p1a: Rotom|39\/100\n|-enditem|p1a: Rotom|Sitrus Berry|[eat]\n|-heal|p1a: Rotom|64\/100|[from] item: Sitrus Berry\n|move|p1a: Rotom|Thunderbolt|p2a: Dragonite\n|-damage|p2a: Dragonite|30\/100\n|\n|upkeep\n|turn|14\n|\n|t:|1683780235\n|move|p2a: Dragonite|Extreme Speed|p1a: Rotom\n|-damage|p1a: Rotom|33\/100\n|move|p1a: Rotom|Thunderbolt|p2a: Dragonite\n|-damage|p2a: Dragonite|0 fnt\n|faint|p2a: Dragonite\n|\n|win|Yeetawheat\n|c|\u2606Yeetawheat|gg g1!\n|c|\u2606Bdogplatinum|gg\n|j| ExcelSheet\n","uploadtime":1683780395,"views":31,"p1id":"yeetawheat","p2id":"bdogplatinum","formatid":"gen9vgc2023regulationc","rating":0,"private":0,"password":""}