{"id":"gen9vgc2023regulationc-1862167814","p1":"Ym949","p2":"By hjhg Imm","format":"[Gen 9] VGC 2023 Regulation C","log":"|j|\u2606Ym949\n|j|\u2606By hjhg Imm\n|t:|1683844520\n|gametype|doubles\n|player|p1|Ym949|acetrainer|1173\n|player|p2|By hjhg Imm|1|1216\n|teamsize|p1|6\n|teamsize|p2|6\n|gen|9\n|tier|[Gen 9] VGC 2023 Regulation C\n|rated|\n|rule|Species Clause: Limit one of each Pok\u00e9mon\n|rule|Item Clause: Limit one of each item\n|clearpoke\n|poke|p1|Iron Thorns, L50|\n|poke|p1|Murkrow, L50, M|\n|poke|p1|Azumarill, L50, F|\n|poke|p1|Great Tusk, L50|\n|poke|p1|Gholdengo, L50|\n|poke|p1|Dragonite, L50, F|\n|poke|p2|Quaquaval, L50, F|\n|poke|p2|Chi-Yu, L50|\n|poke|p2|Salamence, L50, F|\n|poke|p2|Flutter Mane, L50|\n|poke|p2|Braviary, L50, M|\n|poke|p2|Amoonguss, L50, F|\n|teampreview|4\n|inactive|Battle timer is ON: inactive players will automatically lose when time's up. (requested by Ym949)\n|\n|t:|1683844585\n|start\n|switch|p1a: Dragonite|Dragonite, L50, F|100\/100\n|switch|p1b: Gholdengo|Gholdengo, L50|100\/100\n|switch|p2a: Braviary|Braviary, L50, M|100\/100\n|switch|p2b: Quaquaval|Quaquaval, L50, F|100\/100\n|turn|1\n|\n|t:|1683844608\n|-terastallize|p1a: Dragonite|Flying\n|move|p2b: Quaquaval|Protect|p2b: Quaquaval\n|-singleturn|p2b: Quaquaval|Protect\n|move|p1b: Gholdengo|Nasty Plot|p1b: Gholdengo\n|-boost|p1b: Gholdengo|spa|2\n|move|p1a: Dragonite|Tera Blast|p2b: Quaquaval\n|-activate|p2b: Quaquaval|move: Protect\n|move|p2a: Braviary|Tailwind|p2a: Braviary\n|-sidestart|p2: By hjhg Imm|move: Tailwind\n|\n|upkeep\n|turn|2\n|inactive|By hjhg Imm has 30 seconds left.\n|inactive|By hjhg Imm has 20 seconds left.\n|\n|t:|1683844646\n|move|p2b: Quaquaval|Aqua Step|p1b: Gholdengo\n|-damage|p1b: Gholdengo|43\/100\n|-boost|p2b: Quaquaval|spe|1\n|-damage|p2b: Quaquaval|91\/100|[from] item: Life Orb\n|move|p2a: Braviary|Brave Bird|p1a: Dragonite\n|-damage|p1a: Dragonite|67\/100\n|-damage|p2a: Braviary|91\/100|[from] Recoil\n|move|p1b: Gholdengo|Make It Rain|p2b: Quaquaval|[spread] p2a,p2b\n|-resisted|p2b: Quaquaval\n|-damage|p2a: Braviary|0 fnt\n|-damage|p2b: Quaquaval|12\/100\n|-unboost|p1b: Gholdengo|spa|1\n|faint|p2a: Braviary\n|move|p1a: Dragonite|Tera Blast|p2b: Quaquaval\n|-supereffective|p2b: Quaquaval\n|-damage|p2b: Quaquaval|0 fnt\n|faint|p2b: Quaquaval\n|\n|upkeep\n|\n|t:|1683844669\n|switch|p2b: Salamence|Salamence, L50, F|100\/100\n|switch|p2a: Flutter Mane|Flutter Mane, L50|100\/100\n|-ability|p2b: Salamence|Intimidate|boost\n|-unboost|p1a: Dragonite|atk|1\n|-unboost|p1b: Gholdengo|atk|1\n|-enditem|p2a: Flutter Mane|Booster Energy\n|-activate|p2a: Flutter Mane|ability: Protosynthesis|[fromitem]\n|-start|p2a: Flutter Mane|protosynthesisspa\n|turn|3\n|inactive|By hjhg Imm has 30 seconds left.\n|\n|t:|1683844703\n|move|p2b: Salamence|Protect|p2b: Salamence\n|-singleturn|p2b: Salamence|Protect\n|move|p1a: Dragonite|Extreme Speed|p2b: Salamence\n|-activate|p2b: Salamence|move: Protect\n|move|p2a: Flutter Mane|Shadow Ball|p1b: Gholdengo\n|-supereffective|p1b: Gholdengo\n|-damage|p1b: Gholdengo|0 fnt\n|faint|p1b: Gholdengo\n|\n|upkeep\n|\n|t:|1683844715\n|switch|p1b: Azumarill|Azumarill, L50, F|100\/100\n|turn|4\n|\n|t:|1683844731\n|-terastallize|p2b: Salamence|Steel\n|move|p1a: Dragonite|Extreme Speed|p2b: Salamence\n|-resisted|p2b: Salamence\n|-damage|p2b: Salamence|91\/100\n|move|p2a: Flutter Mane|Power Gem|p1a: Dragonite\n|-supereffective|p1a: Dragonite\n|-crit|p1a: Dragonite\n|-damage|p1a: Dragonite|0 fnt\n|faint|p1a: Dragonite\n|move|p2b: Salamence|Tera Blast|p1b: Azumarill\n|-damage|p1b: Azumarill|59\/100\n|move|p1b: Azumarill|Perish Song|p1b: Azumarill\n|-start|p1b: Azumarill|perish3|[silent]\n|-start|p2a: Flutter Mane|perish3|[silent]\n|-start|p2b: Salamence|perish3|[silent]\n|-fieldactivate|move: Perish Song\n|\n|-heal|p2b: Salamence|97\/100|[from] item: Leftovers\n|-start|p2a: Flutter Mane|perish3\n|-start|p2b: Salamence|perish3\n|-start|p1b: Azumarill|perish3\n|-sideend|p2: By hjhg Imm|move: Tailwind\n|upkeep\n|\n|t:|1683844751\n|switch|p1a: Iron Thorns|Iron Thorns, L50|100\/100\n|turn|5\n|inactive|By hjhg Imm has 30 seconds left.\n|inactive|By hjhg Imm has 20 seconds left.\n|\n|t:|1683844788\n|move|p2a: Flutter Mane|Protect|p2a: Flutter Mane\n|-singleturn|p2a: Flutter Mane|Protect\n|move|p1a: Iron Thorns|Protect|p1a: Iron Thorns\n|-singleturn|p1a: Iron Thorns|Protect\n|move|p1b: Azumarill|Protect|p1b: Azumarill\n|-singleturn|p1b: Azumarill|Protect\n|move|p2b: Salamence|Earthquake|p1a: Iron Thorns|[spread] \n|-activate|p2a: Flutter Mane|move: Protect\n|-activate|p1a: Iron Thorns|move: Protect\n|-activate|p1b: Azumarill|move: Protect\n|\n|-heal|p2b: Salamence|100\/100|[from] item: Leftovers\n|-start|p2a: Flutter Mane|perish2\n|-start|p2b: Salamence|perish2\n|-start|p1b: Azumarill|perish2\n|upkeep\n|turn|6\n|inactive|Ym949 has 30 seconds left.\n|inactive|By hjhg Imm has 30 seconds left.\n|\n|t:|1683844819\n|move|p1a: Iron Thorns|Protect|p1a: Iron Thorns\n|-singleturn|p1a: Iron Thorns|Protect\n|move|p1b: Azumarill|Protect|p1b: Azumarill\n|-singleturn|p1b: Azumarill|Protect\n|move|p2a: Flutter Mane|Shadow Ball|p1b: Azumarill\n|-activate|p1b: Azumarill|move: Protect\n|move|p2b: Salamence|Tera Blast|p1a: Iron Thorns\n|-activate|p1a: Iron Thorns|move: Protect\n|\n|-start|p2a: Flutter Mane|perish1\n|-start|p2b: Salamence|perish1\n|-start|p1b: Azumarill|perish1\n|upkeep\n|turn|7\n|\n|t:|1683844841\n|move|p1a: Iron Thorns|Protect||[still]\n|-fail|p1a: Iron Thorns\n|move|p1b: Azumarill|Protect||[still]\n|-fail|p1b: Azumarill\n|move|p2a: Flutter Mane|Shadow Ball|p1b: Azumarill\n|-damage|p1b: Azumarill|8\/100\n|-enditem|p1b: Azumarill|Sitrus Berry|[eat]\n|-heal|p1b: Azumarill|33\/100|[from] item: Sitrus Berry\n|move|p2b: Salamence|Earthquake|p1a: Iron Thorns|[spread] p2a,p1a,p1b\n|-supereffective|p1a: Iron Thorns\n|-damage|p2a: Flutter Mane|35\/100\n|-damage|p1a: Iron Thorns|0 fnt\n|-damage|p1b: Azumarill|8\/100\n|faint|p1a: Iron Thorns\n|-end|p1a: Iron Thorns|Quark Drive|[silent]\n|\n|-start|p2a: Flutter Mane|perish0\n|-start|p2b: Salamence|perish0\n|-start|p1b: Azumarill|perish0\n|upkeep\n|faint|p2a: Flutter Mane\n|-end|p2a: Flutter Mane|Protosynthesis|[silent]\n|faint|p2b: Salamence\n|faint|p1b: Azumarill\n|\n|win|Ym949\n|raw|Ym949's rating: 1173 → 1201<\/strong> (+28 for winning)\n|raw|By hjhg Imm's rating: 1216 → 1188<\/strong> (-28 for losing)\n|l|\u2606By hjhg Imm\n","uploadtime":1683844869,"views":9,"p1id":"ym949","p2id":"byhjhgimm","formatid":"gen9vgc2023regulationc","rating":1188,"private":0,"password":""}