{"id":"gen9vgc2023regulationc-1850521813","p1":"Luca\/ORLANDO","p2":"haruto1706","format":"[Gen 9] VGC 2023 Regulation C","log":"|j|\u2606Luca\/ORLANDO\n|j|\u2606haruto1706\n|t:|1682345384\n|gametype|doubles\n|player|p1|Luca\/ORLANDO|swimmer|1436\n|player|p2|haruto1706|169|1534\n|teamsize|p1|6\n|teamsize|p2|6\n|gen|9\n|tier|[Gen 9] VGC 2023 Regulation C\n|rated|\n|rule|Species Clause: Limit one of each Pok\u00e9mon\n|rule|Item Clause: Limit one of each item\n|clearpoke\n|poke|p1|Orthworm, L50, M|\n|poke|p1|Ting-Lu, L50|\n|poke|p1|Dragonite, L50, F|\n|poke|p1|Arcanine, L50, F|\n|poke|p1|Chien-Pao, L50|\n|poke|p1|Flutter Mane, L50|\n|poke|p2|Annihilape, L50, M|\n|poke|p2|Maushold, L50|\n|poke|p2|Palafin, L50, F|\n|poke|p2|Ting-Lu, L50|\n|poke|p2|Arcanine, L50, F|\n|poke|p2|Amoonguss, L50, M|\n|teampreview|4\n|inactive|Battle timer is ON: inactive players will automatically lose when time's up. (requested by haruto1706)\n|\n|t:|1682345472\n|start\n|switch|p1a: Orthworm|Orthworm, L50, M|100\/100\n|switch|p1b: Arcanine|Arcanine, L50, F|100\/100\n|switch|p2a: Maushold|Maushold, L50|100\/100\n|switch|p2b: Annihilape|Annihilape, L50, M|100\/100\n|-ability|p1b: Arcanine|Intimidate|boost\n|-unboost|p2a: Maushold|atk|1\n|-unboost|p2b: Annihilape|atk|1\n|turn|1\n|inactive|Luca\/ORLANDO has 30 seconds left.\n|inactive|Luca\/ORLANDO has 20 seconds left.\n|inactive|Luca\/ORLANDO has 15 seconds left.\n|inactive|Luca\/ORLANDO has 10 seconds left.\n|\n|t:|1682345524\n|move|p2a: Maushold|Follow Me|p2a: Maushold\n|-singleturn|p2a: Maushold|move: Follow Me\n|move|p2b: Annihilape|Bulk Up|p2b: Annihilape\n|-boost|p2b: Annihilape|atk|1\n|-boost|p2b: Annihilape|def|1\n|move|p1b: Arcanine|Will-O-Wisp|p2a: Maushold\n|-status|p2a: Maushold|brn\n|move|p1a: Orthworm|Shed Tail|p1a: Orthworm\n|-start|p1a: Orthworm|Substitute|[from] move: Shed Tail\n|-damage|p1a: Orthworm|50\/100\n|-enditem|p1a: Orthworm|Sitrus Berry|[eat]\n|-heal|p1a: Orthworm|75\/100|[from] item: Sitrus Berry\n|inactive|Luca\/ORLANDO has 30 seconds left.\n|\n|t:|1682345556\n|switch|p1a: Flutter Mane|Flutter Mane, L50|100\/100|[from] Shed Tail\n|-enditem|p1a: Flutter Mane|Booster Energy\n|-activate|p1a: Flutter Mane|ability: Protosynthesis|[fromitem]\n|-start|p1a: Flutter Mane|protosynthesisspa\n|\n|-damage|p2a: Maushold|94\/100 brn|[from] brn\n|upkeep\n|turn|2\n|\n|t:|1682345579\n|-terastallize|p2b: Annihilape|Water\n|move|p1a: Flutter Mane|Dazzling Gleam|p2b: Annihilape|[spread] p2a,p2b\n|-damage|p2a: Maushold|41\/100 brn\n|-damage|p2b: Annihilape|75\/100\n|move|p2a: Maushold|Beat Up|p2b: Annihilape\n|-damage|p2b: Annihilape|74\/100\n|-damage|p2b: Annihilape|74\/100\n|-damage|p2b: Annihilape|73\/100\n|-damage|p2b: Annihilape|73\/100\n|-hitcount|p2b: Annihilape|4\n|move|p2b: Annihilape|Rage Fist|p1b: Arcanine\n|-damage|p1b: Arcanine|0 fnt\n|faint|p1b: Arcanine\n|\n|-heal|p2b: Annihilape|79\/100|[from] item: Leftovers\n|-damage|p2a: Maushold|35\/100 brn|[from] brn\n|upkeep\n|inactive|Luca\/ORLANDO has 30 seconds left.\n|inactive|Luca\/ORLANDO has 20 seconds left.\n|inactive|Luca\/ORLANDO has 15 seconds left.\n|inactive|Luca\/ORLANDO has 10 seconds left.\n|inactive|Luca\/ORLANDO has 5 seconds left.\n|\n|t:|1682345633\n|switch|p1b: Orthworm|Orthworm, L50, M|75\/100\n|turn|3\n|inactive|haruto1706 has 30 seconds left.\n|inactive|Luca\/ORLANDO has 30 seconds left.\n|inactive|haruto1706 has 20 seconds left.\n|inactive|haruto1706 has 15 seconds left.\n|inactive|Luca\/ORLANDO has 20 seconds left.\n|\n|t:|1682345686\n|-terastallize|p1a: Flutter Mane|Fairy\n|move|p2a: Maushold|Protect|p2a: Maushold\n|-singleturn|p2a: Maushold|Protect\n|move|p1a: Flutter Mane|Moonblast|p2b: Annihilape\n|-damage|p2b: Annihilape|24\/100\n|move|p2b: Annihilape|Rage Fist|p1b: Orthworm\n|-damage|p1b: Orthworm|0 fnt\n|faint|p1b: Orthworm\n|\n|-heal|p2b: Annihilape|30\/100|[from] item: Leftovers\n|-damage|p2a: Maushold|29\/100 brn|[from] brn\n|upkeep\n|\n|t:|1682345698\n|switch|p1b: Dragonite|Dragonite, L50, F|100\/100\n|turn|4\n|inactive|haruto1706 has 30 seconds left.\n|inactive|haruto1706 has 20 seconds left.\n|\n|t:|1682345736\n|move|p2b: Annihilape|Protect|p2b: Annihilape\n|-singleturn|p2b: Annihilape|Protect\n|move|p1a: Flutter Mane|Dazzling Gleam|p2a: Maushold|[spread] p2a\n|-activate|p2b: Annihilape|move: Protect\n|-damage|p2a: Maushold|0 fnt\n|faint|p2a: Maushold\n|move|p1b: Dragonite|Dragon Dance|p1b: Dragonite\n|-boost|p1b: Dragonite|atk|1\n|-boost|p1b: Dragonite|spe|1\n|\n|-heal|p2b: Annihilape|36\/100|[from] item: Leftovers\n|upkeep\n|\n|t:|1682345758\n|switch|p2a: Amoonguss|Amoonguss, L50, M|100\/100\n|turn|5\n|inactive|Luca\/ORLANDO has 30 seconds left.\n|inactive|haruto1706 has 30 seconds left.\n|\n|t:|1682345791\n|move|p1b: Dragonite|Extreme Speed|p2b: Annihilape\n|-damage|p2b: Annihilape|10\/100\n|move|p1a: Flutter Mane|Dazzling Gleam|p2b: Annihilape|[spread] p2a,p2b\n|-resisted|p2a: Amoonguss\n|-damage|p2a: Amoonguss|76\/100\n|-damage|p2b: Annihilape|0 fnt\n|faint|p2b: Annihilape\n|move|p2a: Amoonguss|Spore|p1b: Dragonite\n|-status|p1b: Dragonite|slp|[from] move: Spore\n|-enditem|p1b: Dragonite|Lum Berry|[eat]\n|-curestatus|p1b: Dragonite|slp|[msg]\n|\n|upkeep\n|\n|t:|1682345802\n|switch|p2b: Arcanine|Arcanine, L50, F|100\/100\n|-ability|p2b: Arcanine|Intimidate|boost\n|-immune|p1a: Flutter Mane\n|-unboost|p1b: Dragonite|atk|1\n|turn|6\n|\n|t:|1682345823\n|move|p1b: Dragonite|Extreme Speed|p2a: Amoonguss\n|-damage|p2a: Amoonguss|56\/100\n|move|p1a: Flutter Mane|Shadow Ball|p2a: Amoonguss\n|-damage|p2a: Amoonguss|6\/100\n|-enditem|p2a: Amoonguss|Sitrus Berry|[eat]\n|-heal|p2a: Amoonguss|31\/100|[from] item: Sitrus Berry\n|move|p2b: Arcanine|Flare Blitz|p1a: Flutter Mane\n|-end|p1a: Flutter Mane|Substitute\n|-damage|p2b: Arcanine|92\/100|[from] Recoil|[of] p1a: Flutter Mane\n|move|p2a: Amoonguss|Spore|p1a: Flutter Mane\n|-status|p1a: Flutter Mane|slp|[from] move: Spore\n|\n|upkeep\n|turn|7\n|inactive|Luca\/ORLANDO has 30 seconds left.\n|inactive|haruto1706 has 30 seconds left.\n|inactive|haruto1706 has 20 seconds left.\n|inactive|haruto1706 has 15 seconds left.\n|\n|t:|1682345868\n|move|p2a: Amoonguss|Protect|p2a: Amoonguss\n|-singleturn|p2a: Amoonguss|Protect\n|move|p1b: Dragonite|Extreme Speed|p2b: Arcanine\n|-damage|p2b: Arcanine|58\/100\n|cant|p1a: Flutter Mane|slp\n|move|p2b: Arcanine|Will-O-Wisp|p1b: Dragonite\n|-status|p1b: Dragonite|brn\n|\n|-damage|p1b: Dragonite|95\/100 brn|[from] brn\n|upkeep\n|turn|8\n|\n|t:|1682345885\n|move|p1b: Dragonite|Dragon Dance|p1b: Dragonite\n|-boost|p1b: Dragonite|atk|1\n|-boost|p1b: Dragonite|spe|1\n|-curestatus|p1a: Flutter Mane|slp|[msg]\n|move|p1a: Flutter Mane|Shadow Ball|p2a: Amoonguss\n|-damage|p2a: Amoonguss|0 fnt\n|faint|p2a: Amoonguss\n|move|p2b: Arcanine|Flare Blitz|p1a: Flutter Mane\n|-damage|p1a: Flutter Mane|31\/100\n|-damage|p2b: Arcanine|40\/100|[from] Recoil\n|\n|-damage|p1b: Dragonite|89\/100 brn|[from] brn\n|upkeep\n|turn|9\n|\n|t:|1682345902\n|move|p1a: Flutter Mane|Protect|p1a: Flutter Mane\n|-singleturn|p1a: Flutter Mane|Protect\n|move|p2b: Arcanine|Extreme Speed|p1a: Flutter Mane\n|-activate|p1a: Flutter Mane|move: Protect\n|move|p1b: Dragonite|Earthquake|p2b: Arcanine|[spread] p2b\n|-activate|p1a: Flutter Mane|move: Protect\n|-supereffective|p2b: Arcanine\n|-damage|p2b: Arcanine|0 fnt\n|faint|p2b: Arcanine\n|\n|win|Luca\/ORLANDO\n|raw|Luca/ORLANDO's rating: 1436 → 1461<\/strong> (+25 for winning)\n|raw|haruto1706's rating: 1534 → 1509<\/strong> (-25 for losing)\n|l|\u2606haruto1706\n","uploadtime":1682345919,"views":20,"p1id":"lucaorlando","p2id":"haruto1706","formatid":"gen9vgc2023regulationc","rating":1461,"private":0,"password":""}