{"id":"gen9vgc2023regulationc-1857806937","p1":"SavannahPandaVGC","p2":"bayleyb123","format":"[Gen 9] VGC 2023 Regulation C","log":"|j|\u2606SavannahPandaVGC\n|j|\u2606bayleyb123\n|t:|1683233773\n|gametype|doubles\n|player|p1|SavannahPandaVGC|1|1312\n|player|p2|bayleyb123|brycen|1384\n|teamsize|p1|6\n|teamsize|p2|6\n|gen|9\n|tier|[Gen 9] VGC 2023 Regulation C\n|rated|\n|rule|Species Clause: Limit one of each Pok\u00e9mon\n|rule|Item Clause: Limit one of each item\n|clearpoke\n|poke|p1|Flutter Mane, L50|\n|poke|p1|Iron Hands, L50|\n|poke|p1|Corviknight, L50, M|\n|poke|p1|Gyarados, L50, F|\n|poke|p1|Chi-Yu, L50|\n|poke|p1|Amoonguss, L50, M|\n|poke|p2|Bellibolt, L50, M|\n|poke|p2|Oranguru, L50, M|\n|poke|p2|Annihilape, L50, M|\n|poke|p2|Torkoal, L50, F|\n|poke|p2|Mudsdale, L50, F|\n|poke|p2|Copperajah, L50, M|\n|teampreview|4\nSavannahPandaVGC has agreed to open team sheets.\nbayleyb123 has agreed to open team sheets.\n|inactive|Battle timer is ON: inactive players will automatically lose when time's up. (requested by bayleyb123)\n|j| JoeUX9\n|inactive|SavannahPandaVGC has 60 seconds left.\n|inactive|SavannahPandaVGC has 30 seconds left.\n|inactive|SavannahPandaVGC has 20 seconds left.\n|inactive|SavannahPandaVGC has 15 seconds left.\n|inactive|SavannahPandaVGC has 10 seconds left.\n|inactive|SavannahPandaVGC has 5 seconds left.\n|\n|t:|1683233870\n|start\n|switch|p1a: Iron Hands|Iron Hands, L50|100\/100\n|switch|p1b: Chi-Yu|Chi-Yu, L50|100\/100\n|switch|p2a: guru patik|Oranguru, L50, M, shiny|100\/100\n|switch|p2b: Paeden|Annihilape, L50, M|100\/100\n|-ability|p1b: Chi-Yu|Beads of Ruin\n|turn|1\n|inactive|SavannahPandaVGC has 30 seconds left.\n|inactive|SavannahPandaVGC has 20 seconds left.\n|inactive|SavannahPandaVGC has 15 seconds left.\n|inactive|SavannahPandaVGC has 10 seconds left.\n|\n|t:|1683233916\n|switch|p1b: Amoonguss|Amoonguss, L50, M|100\/100\n|move|p1a: Iron Hands|Fake Out|p2a: guru patik\n|-damage|p2a: guru patik|82\/100\n|move|p2b: Paeden|Final Gambit|p1a: Iron Hands\n|-damage|p1a: Iron Hands|11\/100\n|faint|p2b: Paeden\n|cant|p2a: guru patik|flinch\n|\n|upkeep\n|\n|t:|1683233924\n|switch|p2b: TORKY|Torkoal, L50, F, shiny|100\/100\n|-weather|SunnyDay|[from] ability: Drought|[of] p2b: TORKY\n|turn|2\n|inactive|SavannahPandaVGC has 30 seconds left.\n|inactive|SavannahPandaVGC has 20 seconds left.\n|inactive|SavannahPandaVGC has 15 seconds left.\n|\n|t:|1683233967\n|move|p2b: TORKY|Protect|p2b: TORKY\n|-singleturn|p2b: TORKY|Protect\n|move|p1a: Iron Hands|Volt Switch|p2a: guru patik\n|-damage|p2a: guru patik|75\/100\n|\n|t:|1683233973\n|-end|p1a: Iron Hands|Quark Drive|[silent]\n|switch|p1a: Gyarados|Gyarados, L50, F|100\/100|[from] Volt Switch\n|-ability|p1a: Gyarados|Intimidate|boost\n|-unboost|p2a: guru patik|atk|1\n|-unboost|p2b: TORKY|atk|1\n|move|p1b: Amoonguss|Spore|p2b: TORKY\n|-activate|p2b: TORKY|move: Protect\n|move|p2a: guru patik|Trick Room|p2a: guru patik\n|-fieldstart|move: Trick Room|[of] p2a: guru patik\n|\n|-weather|SunnyDay|[upkeep]\n|upkeep\n|turn|3\n|\n|t:|1683233987\n|-terastallize|p1b: Amoonguss|Water\n|move|p2b: TORKY|Eruption|p1a: Gyarados|[spread] p1a,p1b\n|-resisted|p1a: Gyarados\n|-resisted|p1b: Amoonguss\n|-damage|p1a: Gyarados|74\/100\n|-damage|p1b: Amoonguss|64\/100\n|move|p1b: Amoonguss|Spore|p2b: TORKY\n|-status|p2b: TORKY|slp|[from] move: Spore\n|move|p2a: guru patik|Instruct|p2b: TORKY\n|-singleturn|p2b: TORKY|move: Instruct|[of] p2a: guru patik\n|cant|p2b: TORKY|slp\n|move|p1a: Gyarados|Taunt|p2a: guru patik\n|-start|p2a: guru patik|move: Taunt\n|\n|-weather|SunnyDay|[upkeep]\n|upkeep\n|turn|4\n|inactive|SavannahPandaVGC has 30 seconds left.\n|inactive|SavannahPandaVGC has 20 seconds left.\n|inactive|SavannahPandaVGC has 15 seconds left.\n|inactive|SavannahPandaVGC has 10 seconds left.\n|inactive|SavannahPandaVGC has 5 seconds left.\n|\n|t:|1683234039\n|-curestatus|p2b: TORKY|slp|[msg]\n|move|p2b: TORKY|Heat Wave|p1b: Amoonguss|[spread] p1a,p1b\n|-resisted|p1a: Gyarados\n|-resisted|p1b: Amoonguss\n|-damage|p1a: Gyarados|55\/100\n|-damage|p1b: Amoonguss|43\/100\n|-enditem|p1b: Amoonguss|Sitrus Berry|[eat]\n|-heal|p1b: Amoonguss|68\/100|[from] item: Sitrus Berry\n|move|p1b: Amoonguss|Pollen Puff|p1a: Gyarados\n|-heal|p1a: Gyarados|100\/100\n|move|p2a: guru patik|Foul Play|p1a: Gyarados\n|-damage|p1a: Gyarados|72\/100\n|move|p1a: Gyarados|Waterfall|p2b: TORKY\n|-supereffective|p2b: TORKY\n|-damage|p2b: TORKY|73\/100\n|\n|-weather|SunnyDay|[upkeep]\n|upkeep\n|turn|5\n|inactive|SavannahPandaVGC has 30 seconds left.\n|inactive|bayleyb123 has 30 seconds left.\n|\n|t:|1683234066\n|move|p2b: TORKY|Heat Wave|p1b: Amoonguss|[spread] p1a,p1b\n|-resisted|p1a: Gyarados\n|-resisted|p1b: Amoonguss\n|-damage|p1a: Gyarados|54\/100\n|-damage|p1b: Amoonguss|45\/100\n|move|p1b: Amoonguss|Spore|p2b: TORKY\n|-status|p2b: TORKY|slp|[from] move: Spore\n|move|p2a: guru patik|Foul Play|p1a: Gyarados\n|-damage|p1a: Gyarados|27\/100\n|move|p1a: Gyarados|Thunder Wave|p2a: guru patik\n|-status|p2a: guru patik|par\n|\n|-weather|SunnyDay|[upkeep]\n|upkeep\n|turn|6\n|inactive|SavannahPandaVGC has 30 seconds left.\n|inactive|SavannahPandaVGC has 20 seconds left.\n|inactive|SavannahPandaVGC has 15 seconds left.\n|inactive|SavannahPandaVGC has 10 seconds left.\n|inactive|SavannahPandaVGC has 5 seconds left.\n|\n|t:|1683234117\n|switch|p1a: Chi-Yu|Chi-Yu, L50|100\/100\n|-ability|p1a: Chi-Yu|Beads of Ruin\n|cant|p2b: TORKY|slp\n|move|p2a: guru patik|Foul Play|p1a: Chi-Yu\n|-resisted|p1a: Chi-Yu\n|-damage|p1a: Chi-Yu|91\/100\n|move|p1b: Amoonguss|Pollen Puff|p2a: guru patik\n|-supereffective|p2a: guru patik\n|-damage|p2a: guru patik|43\/100 par\n|\n|-weather|none\n|-end|p2a: guru patik|move: Taunt\n|-fieldend|move: Trick Room\n|upkeep\n|turn|7\n|inactive|SavannahPandaVGC has 30 seconds left.\n|inactive|SavannahPandaVGC has 20 seconds left.\n|inactive|SavannahPandaVGC has 15 seconds left.\n|inactive|SavannahPandaVGC has 10 seconds left.\n|inactive|SavannahPandaVGC has 5 seconds left.\n|\n|t:|1683234169\n|move|p1a: Chi-Yu|Dark Pulse|p2a: guru patik\n|-supereffective|p2a: guru patik\n|-damage|p2a: guru patik|0 fnt\n|faint|p2a: guru patik\n|move|p1b: Amoonguss|Pollen Puff|p2b: TORKY\n|-resisted|p2b: TORKY\n|-damage|p2b: TORKY|58\/100 slp\n|cant|p2b: TORKY|slp\n|\n|upkeep\n|\n|t:|1683234177\n|switch|p2a: Nemanja Bjelica|Bellibolt, L50, M, shiny|100\/100\n|turn|8\n|inactive|SavannahPandaVGC has 30 seconds left.\n|inactive|SavannahPandaVGC has 20 seconds left.\n|inactive|SavannahPandaVGC has 15 seconds left.\n|\n|t:|1683234221\n|-terastallize|p2a: Nemanja Bjelica|Grass\n|move|p1a: Chi-Yu|Dark Pulse|p2b: TORKY\n|-damage|p2b: TORKY|0 fnt\n|faint|p2b: TORKY\n|move|p2a: Nemanja Bjelica|Discharge|p1b: Amoonguss|[spread] p1a,p1b\n|-supereffective|p1b: Amoonguss\n|-damage|p1a: Chi-Yu|68\/100\n|-damage|p1b: Amoonguss|0 fnt\n|faint|p1b: Amoonguss\n|\n|upkeep\n|\n|t:|1683234233\n|switch|p1b: Iron Hands|Iron Hands, L50|11\/100\n|turn|9\n|\n|t:|1683234250\n|move|p2a: Nemanja Bjelica|Protect|p2a: Nemanja Bjelica\n|-singleturn|p2a: Nemanja Bjelica|Protect\n|move|p1b: Iron Hands|Fake Out|p2a: Nemanja Bjelica\n|-activate|p2a: Nemanja Bjelica|move: Protect\n|move|p1a: Chi-Yu|Nasty Plot|p1a: Chi-Yu\n|-boost|p1a: Chi-Yu|spa|2\n|\n|upkeep\n|turn|10\n|inactive|SavannahPandaVGC has 30 seconds left.\n|\n|t:|1683234276\n|move|p1a: Chi-Yu|Dark Pulse|p2a: Nemanja Bjelica\n|-damage|p2a: Nemanja Bjelica|1\/100\n|-start|p2a: Nemanja Bjelica|Charge|Dark Pulse|[from] ability: Electromorphosis\n|move|p1b: Iron Hands|Drain Punch|p2a: Nemanja Bjelica\n|-damage|p2a: Nemanja Bjelica|0 fnt\n|-heal|p1b: Iron Hands|11\/100|[from] drain|[of] p2a: Nemanja Bjelica\n|faint|p2a: Nemanja Bjelica\n|\n|win|SavannahPandaVGC\n|raw|SavannahPandaVGC's rating: 1312 → 1336<\/strong> (+24 for winning)\n|raw|bayleyb123's rating: 1384 → 1360<\/strong> (-24 for losing)\n|l|\u2606bayleyb123\n","uploadtime":1683234290,"views":6,"p1id":"savannahpandavgc","p2id":"bayleyb123","formatid":"gen9vgc2023regulationc","rating":1336,"private":0,"password":""}