{"id":"gen9vgc2023regulationc-1855178204","p1":"AyLuLiiiEsToTaCBN","p2":"yallacyrus","format":"[Gen 9] VGC 2023 Regulation C","log":"|j|\u2606AyLuLiiiEsToTaCBN\n|j|\u2606yallacyrus\n|t:|1682911051\n|gametype|doubles\n|player|p1|AyLuLiiiEsToTaCBN|silver|1132\n|player|p2|yallacyrus|lucas-gen4pt|1214\n|teamsize|p1|6\n|teamsize|p2|6\n|gen|9\n|tier|[Gen 9] VGC 2023 Regulation C\n|rated|\n|rule|Species Clause: Limit one of each Pok\u00e9mon\n|rule|Item Clause: Limit one of each item\n|clearpoke\n|poke|p1|Ting-Lu, L50|\n|poke|p1|Abomasnow, L50, F|\n|poke|p1|Flutter Mane, L50|\n|poke|p1|Iron Hands, L50|\n|poke|p1|Bronzong, L50|\n|poke|p1|Arcanine, L50, M|\n|poke|p2|Chi-Yu, L50|\n|poke|p2|Dachsbun, L50, F|\n|poke|p2|Dragonite, L50, F|\n|poke|p2|Flutter Mane, L50|\n|poke|p2|Azumarill, L50, M|\n|poke|p2|Chien-Pao, L50|\n|teampreview|4\n|\n|t:|1682911074\n|start\n|switch|p1a: Ting-Lu|Ting-Lu, L50|100\/100\n|switch|p1b: Bronzong|Bronzong, L50|100\/100\n|switch|p2a: Chi-Yu|Chi-Yu, L50|100\/100\n|switch|p2b: Dachsbun|Dachsbun, L50, F|100\/100\n|-ability|p2a: Chi-Yu|Beads of Ruin\n|-ability|p1a: Ting-Lu|Vessel of Ruin\n|turn|1\n|inactive|Battle timer is ON: inactive players will automatically lose when time's up. (requested by yallacyrus)\n|\n|t:|1682911098\n|-terastallize|p1b: Bronzong|Fire\n|move|p2a: Chi-Yu|Lava Plume|p1b: Bronzong|[spread] p1a,p1b\n|-ability|p2b: Dachsbun|Well-Baked Body|boost\n|-boost|p2b: Dachsbun|def|2\n|-resisted|p1b: Bronzong\n|-damage|p1a: Ting-Lu|77\/100\n|-damage|p1b: Bronzong|90\/100\n|-status|p1a: Ting-Lu|brn\n|move|p2b: Dachsbun|Substitute|p2b: Dachsbun\n|-start|p2b: Dachsbun|Substitute\n|-damage|p2b: Dachsbun|75\/100\n|move|p1a: Ting-Lu|Earthquake|p2a: Chi-Yu|[spread] p2a,p2b\n|-immune|p1b: Bronzong|[from] ability: Levitate\n|-activate|p2b: Dachsbun|move: Substitute|[damage]\n|-supereffective|p2a: Chi-Yu\n|-damage|p2a: Chi-Yu|7\/100\n|move|p1b: Bronzong|Trick Room|p1b: Bronzong\n|-fieldstart|move: Trick Room|[of] p1b: Bronzong\n|\n|-heal|p2b: Dachsbun|82\/100|[from] item: Leftovers\n|-damage|p1a: Ting-Lu|71\/100 brn|[from] brn\n|upkeep\n|turn|2\n|inactive|yallacyrus has 30 seconds left.\n|\n|t:|1682911131\n|move|p1b: Bronzong|Gyro Ball|p2b: Dachsbun\n|-supereffective|p2b: Dachsbun\n|-end|p2b: Dachsbun|Substitute\n|move|p1a: Ting-Lu|Earthquake|p2b: Dachsbun|[spread] p2a,p2b\n|-immune|p1b: Bronzong|[from] ability: Levitate\n|-supereffective|p2a: Chi-Yu\n|-damage|p2a: Chi-Yu|0 fnt\n|-damage|p2b: Dachsbun|67\/100\n|faint|p2a: Chi-Yu\n|move|p2b: Dachsbun|Body Press|p1b: Bronzong\n|-damage|p1b: Bronzong|56\/100\n|\n|-heal|p2b: Dachsbun|74\/100|[from] item: Leftovers\n|-damage|p1a: Ting-Lu|65\/100 brn|[from] brn\n|upkeep\n|inactive|yallacyrus has 30 seconds left.\n|\n|t:|1682911158\n|switch|p2a: Chien-Pao|Chien-Pao, L50|100\/100\n|-ability|p2a: Chien-Pao|Sword of Ruin\n|turn|3\n|\n|t:|1682911170\n|switch|p1a: Abomasnow|Abomasnow, L50, F|100\/100\n|-weather|Snow|[from] ability: Snow Warning|[of] p1a: Abomasnow\n|-terastallize|p2b: Dachsbun|Steel\n|move|p2a: Chien-Pao|Sucker Punch|p1b: Bronzong\n|-damage|p1b: Bronzong|19\/100\n|move|p1b: Bronzong|Gyro Ball|p2b: Dachsbun\n|-resisted|p2b: Dachsbun\n|-damage|p2b: Dachsbun|65\/100\n|move|p2b: Dachsbun|Body Press|p1b: Bronzong\n|-damage|p1b: Bronzong|0 fnt\n|faint|p1b: Bronzong\n|\n|-weather|Snow|[upkeep]\n|-heal|p2b: Dachsbun|71\/100|[from] item: Leftovers\n|upkeep\n|\n|t:|1682911189\n|switch|p1b: Iron Hands|Iron Hands, L50|100\/100\n|turn|4\n|inactive|yallacyrus has 30 seconds left.\n|\n|t:|1682911214\n|move|p1b: Iron Hands|Fake Out|p2a: Chien-Pao\n|-damage|p2a: Chien-Pao|86\/100\n|cant|p2a: Chien-Pao|flinch\n|move|p1a: Abomasnow|Earth Power|p2b: Dachsbun\n|-supereffective|p2b: Dachsbun\n|-damage|p2b: Dachsbun|16\/100\n|move|p2b: Dachsbun|Substitute|p2b: Dachsbun\n|-fail|p2b: Dachsbun|move: Substitute|[weak]\n|\n|-weather|Snow|[upkeep]\n|-heal|p2b: Dachsbun|22\/100|[from] item: Leftovers\n|upkeep\n|turn|5\n|\n|t:|1682911230\n|move|p2a: Chien-Pao|Sucker Punch|p1b: Iron Hands\n|-resisted|p1b: Iron Hands\n|-damage|p1b: Iron Hands|86\/100\n|move|p1b: Iron Hands|Close Combat|p2a: Chien-Pao\n|-supereffective|p2a: Chien-Pao\n|-damage|p2a: Chien-Pao|0 fnt\n|-unboost|p1b: Iron Hands|def|1\n|-unboost|p1b: Iron Hands|spd|1\n|faint|p2a: Chien-Pao\n|move|p1a: Abomasnow|Blizzard|p2b: Dachsbun\n|-resisted|p2b: Dachsbun\n|-damage|p2b: Dachsbun|0 fnt\n|faint|p2b: Dachsbun\n|\n|-weather|Snow|[upkeep]\n|-fieldend|move: Trick Room\n|upkeep\n|-message|yallacyrus forfeited.\n|\n|win|AyLuLiiiEsToTaCBN\n|raw|AyLuLiiiEsToTaCBN's rating: 1132 → 1163<\/strong> (+31 for winning)\n|raw|yallacyrus's rating: 1214 → 1183<\/strong> (-31 for losing)\n|l|\u2606yallacyrus\n","uploadtime":1682911264,"views":17,"p1id":"ayluliiiestotacbn","p2id":"yallacyrus","formatid":"gen9vgc2023regulationc","rating":1163,"private":0,"password":""}