{"id":"gen9vgc2023regulationc-1845950422","p1":"gucci_shinigami","p2":"Beetle Enjoyer","format":"[Gen 9] VGC 2023 Regulation C","log":"|j|\u2606gucci_shinigami\n|j|\u2606Beetle Enjoyer\n|t:|1681782920\n|gametype|doubles\n|player|p1|gucci_shinigami|karen|1248\n|player|p2|Beetle Enjoyer|1|1156\n|teamsize|p1|6\n|teamsize|p2|6\n|gen|9\n|tier|[Gen 9] VGC 2023 Regulation C\n|rated|\n|rule|Species Clause: Limit one of each Pok\u00e9mon\n|rule|Item Clause: Limit one of each item\n|clearpoke\n|poke|p1|Chien-Pao, L50|\n|poke|p1|Dragapult, L50, F|\n|poke|p1|Amoonguss, L50, M|\n|poke|p1|Talonflame, L50, F|\n|poke|p1|Iron Moth, L50|\n|poke|p1|Iron Hands, L50|\n|poke|p2|Glimmora, L50, M|\n|poke|p2|Ting-Lu, L50|\n|poke|p2|Arcanine, L50, F|\n|poke|p2|Wo-Chien, L50|\n|poke|p2|Gothitelle, L50, M|\n|poke|p2|Flutter Mane, L50|\n|teampreview|4\n|inactive|Battle timer is ON: inactive players will automatically lose when time's up. (requested by Beetle Enjoyer)\n|\n|t:|1681782961\n|start\n|switch|p1a: Dragapult|Dragapult, L50, F|100\/100\n|switch|p1b: Talonflame|Talonflame, L50, F|100\/100\n|switch|p2a: Glimmora|Glimmora, L50, M|100\/100\n|switch|p2b: Arcanine|Arcanine, L50, F|100\/100\n|-ability|p2b: Arcanine|Intimidate|boost\n|-fail|p1a: Dragapult|unboost|[from] ability: Clear Body|[of] p1a: Dragapult\n|-unboost|p1b: Talonflame|atk|1\n|turn|1\n|inactive|gucci_shinigami has 30 seconds left.\n|\n|t:|1681782992\n|switch|p1b: Amoonguss|Amoonguss, L50, M|100\/100\n|move|p1a: Dragapult|Phantom Force||[still]\n|-prepare|p1a: Dragapult|Phantom Force\n|move|p2b: Arcanine|Will-O-Wisp|p1a: Dragapult|[miss]\n|-miss|p2b: Arcanine|p1a: Dragapult\n|move|p2a: Glimmora|Power Gem|p1b: Amoonguss\n|-damage|p1b: Amoonguss|65\/100\n|\n|upkeep\n|turn|2\n|\n|t:|1681783006\n|switch|p1b: Talonflame|Talonflame, L50, F|100\/100\n|-terastallize|p2a: Glimmora|Grass\n|move|p1a: Dragapult|Phantom Force|p2b: Arcanine|[from]lockedmove\n|-damage|p2b: Arcanine|35\/100\n|move|p2b: Arcanine|Will-O-Wisp|p1a: Dragapult|[miss]\n|-miss|p2b: Arcanine|p1a: Dragapult\n|move|p2a: Glimmora|Mortal Spin|p1a: Dragapult|[spread] p1a,p1b\n|-resisted|p1a: Dragapult\n|-damage|p1a: Dragapult|98\/100\n|-damage|p1b: Talonflame|95\/100\n|-status|p1a: Dragapult|psn\n|-status|p1b: Talonflame|psn\n|\n|-damage|p1a: Dragapult|86\/100 psn|[from] psn\n|-damage|p1b: Talonflame|83\/100 psn|[from] psn\n|upkeep\n|turn|3\n|inactive|gucci_shinigami has 30 seconds left.\n|inactive|gucci_shinigami has 20 seconds left.\n|\n|t:|1681783042\n|move|p2b: Arcanine|Protect|p2b: Arcanine\n|-singleturn|p2b: Arcanine|Protect\n|move|p1a: Dragapult|Phantom Force||[still]\n|-prepare|p1a: Dragapult|Phantom Force\n|move|p1b: Talonflame|Tailwind|p1b: Talonflame\n|-sidestart|p1: gucci_shinigami|move: Tailwind\n|move|p2a: Glimmora|Power Gem|p1b: Talonflame\n|-supereffective|p1b: Talonflame\n|-damage|p1b: Talonflame|0 fnt\n|faint|p1b: Talonflame\n|\n|-damage|p1a: Dragapult|74\/100 psn|[from] psn\n|upkeep\n|\n|t:|1681783052\n|switch|p1b: Amoonguss|Amoonguss, L50, M|98\/100\n|turn|4\n|\n|t:|1681783066\n|move|p1a: Dragapult|Phantom Force|p2b: Arcanine|[from]lockedmove\n|-damage|p2b: Arcanine|0 fnt\n|faint|p2b: Arcanine\n|move|p2a: Glimmora|Power Gem|p1a: Dragapult\n|-damage|p1a: Dragapult|23\/100 psn\n|move|p1b: Amoonguss|Pollen Puff|p1a: Dragapult\n|-heal|p1a: Dragapult|73\/100 psn\n|\n|-damage|p1a: Dragapult|61\/100 psn|[from] psn\n|upkeep\n|\n|t:|1681783077\n|switch|p2b: Wo-Chien|Wo-Chien, L50|100\/100\n|-ability|p2b: Wo-Chien|Tablets of Ruin\n|turn|5\n|\n|t:|1681783088\n|switch|p1a: Iron Moth|Iron Moth, L50|100\/100\n|-enditem|p1a: Iron Moth|Booster Energy\n|-activate|p1a: Iron Moth|ability: Quark Drive|[fromitem]\n|-start|p1a: Iron Moth|quarkdrivespa\n|move|p2a: Glimmora|Earth Power|p1b: Amoonguss\n|-damage|p1b: Amoonguss|74\/100\n|move|p1b: Amoonguss|Pollen Puff|p2b: Wo-Chien\n|-supereffective|p2b: Wo-Chien\n|-damage|p2b: Wo-Chien|50\/100\n|-enditem|p2b: Wo-Chien|Sitrus Berry|[eat]\n|-heal|p2b: Wo-Chien|75\/100|[from] item: Sitrus Berry\n|move|p2b: Wo-Chien|Knock Off|p1b: Amoonguss\n|-damage|p1b: Amoonguss|51\/100\n|-enditem|p1b: Amoonguss|Sitrus Berry|[from] move: Knock Off|[of] p2b: Wo-Chien\n|\n|upkeep\n|turn|6\n|inactive|gucci_shinigami has 30 seconds left.\n|inactive|Beetle Enjoyer has 30 seconds left.\n|\n|t:|1681783127\n|switch|p1b: Dragapult|Dragapult, L50, F|61\/100 psn\n|-terastallize|p1a: Iron Moth|Grass\n|move|p2a: Glimmora|Spiky Shield|p2a: Glimmora\n|-singleturn|p2a: Glimmora|move: Protect\n|move|p1a: Iron Moth|Fiery Dance|p2b: Wo-Chien\n|-supereffective|p2b: Wo-Chien\n|-damage|p2b: Wo-Chien|0 fnt\n|-boost|p1a: Iron Moth|spa|1\n|faint|p2b: Wo-Chien\n|\n|-damage|p1b: Dragapult|48\/100 psn|[from] psn\n|-sideend|p1: gucci_shinigami|move: Tailwind\n|upkeep\n|\n|t:|1681783139\n|switch|p2b: Ting-Lu|Ting-Lu, L50|100\/100\n|-ability|p2b: Ting-Lu|Vessel of Ruin\n|turn|7\n|\n|t:|1681783147\n|move|p1a: Iron Moth|Protect|p1a: Iron Moth\n|-singleturn|p1a: Iron Moth|Protect\n|move|p1b: Dragapult|U-turn|p2a: Glimmora\n|-supereffective|p2a: Glimmora\n|-damage|p2a: Glimmora|26\/100\n|-activate|p2a: Glimmora|ability: Toxic Debris\n|-sidestart|p1: gucci_shinigami|move: Toxic Spikes\n|\n|t:|1681783154\n|switch|p1b: Amoonguss|Amoonguss, L50, M|84\/100|[from] U-turn\n|-sideend|p1: gucci_shinigami|move: Toxic Spikes|[of] p1b: Amoonguss\n|move|p2a: Glimmora|Mortal Spin|p1b: Amoonguss|[spread] p1b\n|-activate|p1a: Iron Moth|move: Protect\n|-damage|p1b: Amoonguss|80\/100\n|move|p2b: Ting-Lu|Snarl|p1b: Amoonguss|[spread] p1b\n|-activate|p1a: Iron Moth|move: Protect\n|-damage|p1b: Amoonguss|73\/100\n|-unboost|p1b: Amoonguss|spa|1\n|\n|upkeep\n|turn|8\n|\n|t:|1681783175\n|move|p1a: Iron Moth|Energy Ball|p2b: Ting-Lu\n|-supereffective|p2b: Ting-Lu\n|-damage|p2b: Ting-Lu|36\/100\n|move|p2a: Glimmora|Earth Power|p1a: Iron Moth\n|-resisted|p1a: Iron Moth\n|-damage|p1a: Iron Moth|88\/100\n|move|p2b: Ting-Lu|Snarl|p1a: Iron Moth|[spread] p1a,p1b\n|-damage|p1a: Iron Moth|80\/100\n|-damage|p1b: Amoonguss|67\/100\n|-unboost|p1a: Iron Moth|spa|1\n|-unboost|p1b: Amoonguss|spa|1\n|move|p1b: Amoonguss|Spore|p2b: Ting-Lu\n|-status|p2b: Ting-Lu|slp|[from] move: Spore\n|\n|upkeep\n|turn|9\n|-message|Beetle Enjoyer forfeited.\n|\n|win|gucci_shinigami\n|raw|gucci_shinigami's rating: 1248 → 1267<\/strong> (+19 for winning)\n|raw|Beetle Enjoyer's rating: 1156 → 1137<\/strong> (-19 for losing)\n|l|\u2606Beetle Enjoyer\n","uploadtime":1681783518,"views":16,"p1id":"guccishinigami","p2id":"beetleenjoyer","formatid":"gen9vgc2023regulationc","rating":1137,"private":0,"password":""}