{"id":"gen9vgc2023regulationc-1863751778","p1":"ZachuVGC","p2":"Deadhead Omega","format":"[Gen 9] VGC 2023 Regulation C","log":"|j|\u2606ZachuVGC\n|j|\u2606Deadhead Omega\n|t:|1684071972\n|gametype|doubles\n|player|p1|ZachuVGC|may-masters3|\n|player|p2|Deadhead Omega|benga|\n|teamsize|p1|6\n|teamsize|p2|6\n|gen|9\n|tier|[Gen 9] VGC 2023 Regulation C\n|rated|Tournament battle\n|rule|Species Clause: Limit one of each Pok\u00e9mon\n|rule|Item Clause: Limit one of each item\n|clearpoke\n|poke|p1|Dragonite, L50, M|\n|poke|p1|Great Tusk, L50|\n|poke|p1|Amoonguss, L50, F|\n|poke|p1|Flutter Mane, L50|\n|poke|p1|Chien-Pao, L50|\n|poke|p1|Azumarill, L50, M|\n|poke|p2|Dondozo, L50, M|\n|poke|p2|Tatsugiri, L50, F|\n|poke|p2|Glimmora, L50, F|\n|poke|p2|Flutter Mane, L50|\n|poke|p2|Chi-Yu, L50|\n|poke|p2|Murkrow, L50, F|\n|teampreview|4\n|raw| Open Team Sheet for ZachuVGC<\/summary>Firnen (Dragonite) @ Lum Berry Ability: Multiscale Level: 50 Shiny: Yes Tera Type: Normal - Protect - Extreme Speed - Fire Punch - Roost Nose Collector (Great Tusk) @ Choice Scarf Ability: Protosynthesis Level: 50 Hidden Power: Fighting Tera Type: Fire - Headlong Rush - Earthquake - Close Combat - Rock Slide Ariana Grande (Amoonguss) @ Covert Cloak Ability: Regenerator Level: 50 Tera Type: Water - Protect - Spore - Rage Powder - Pollen Puff Katherine (Flutter Mane) @ Booster Energy Ability: Protosynthesis Level: 50 Tera Type: Fairy - Protect - Moonblast - Shadow Ball - Substitute Tai Lung (Chien-Pao) @ Focus Sash Ability: Sword of Ruin Level: 50 Tera Type: Fairy - Protect - Ice Spinner - Sucker Punch - Sacred Sword Face of Mercy (Azumarill) @ Sitrus Berry Ability: Huge Power Level: 50 Tera Type: Water - Perish Song - Protect - Play Rough - Aqua Jet <\/details><\/div> Open Team Sheet for Deadhead Omega<\/summary>Dondozo @ Leftovers Ability: Oblivious Level: 50 Tera Type: Grass - Tera Blast - Earthquake - Wave Crash - Protect Tatsugiri @ Choice Scarf Ability: Commander Level: 50 Tera Type: Steel - Draco Meteor - Muddy Water - Icy Wind - Sleep Talk Glimmora @ Assault Vest Ability: Toxic Debris Level: 50 Tera Type: Grass - Mortal Spin - Energy Ball - Power Gem - Earth Power Flutter Mane @ Choice Specs Ability: Protosynthesis Level: 50 Tera Type: Fairy - Moonblast - Dazzling Gleam - Shadow Ball - Thunderbolt Chi-Yu @ Focus Sash Ability: Beads of Ruin Level: 50 Tera Type: Fire - Overheat - Heat Wave - Dark Pulse - Protect Murkrow @ Eviolite Ability: Prankster Level: 50 Tera Type: Ghost - Tailwind - Haze - Sunny Day - Foul Play <\/details><\/div>\n|j| PoppyPearly\n|\n|t:|1684072016\n|start\n|switch|p1a: Firnen|Dragonite, L50, M, shiny|100\/100\n|switch|p1b: Face of Mercy|Azumarill, L50, M|100\/100\n|switch|p2a: Murkrow|Murkrow, L50, F|100\/100\n|switch|p2b: Flutter Mane|Flutter Mane, L50|100\/100\n|turn|1\n|inactive|Battle timer is ON: inactive players will automatically lose when time's up. (requested by Deadhead Omega)\n|inactive|ZachuVGC has 60 seconds left.\n|inactive|ZachuVGC has 30 seconds left.\n|\n|t:|1684072128\n|-end|p2b: Flutter Mane|Protosynthesis|[silent]\n|switch|p2b: Dondozo|Dondozo, L50, M|100\/100\n|-terastallize|p1a: Firnen|Normal\n|move|p2a: Murkrow|Tailwind|p2a: Murkrow\n|-sidestart|p2: Deadhead Omega|move: Tailwind\n|move|p1a: Firnen|Fire Punch|p2b: Dondozo\n|-resisted|p2b: Dondozo\n|-damage|p2b: Dondozo|91\/100\n|move|p1b: Face of Mercy|Play Rough|p2b: Dondozo\n|-damage|p2b: Dondozo|60\/100\n|\n|-heal|p2b: Dondozo|66\/100|[from] item: Leftovers\n|upkeep\n|turn|2\n|j| 9winsformepls\n|inactive|Deadhead Omega has 30 seconds left.\n|inactive|Deadhead Omega has 20 seconds left.\n|inactive|Deadhead Omega has 15 seconds left.\n|\n|t:|1684072169\n|move|p2b: Dondozo|Protect|p2b: Dondozo\n|-singleturn|p2b: Dondozo|Protect\n|move|p1a: Firnen|Protect|p1a: Firnen\n|-singleturn|p1a: Firnen|Protect\n|move|p1b: Face of Mercy|Protect|p1b: Face of Mercy\n|-singleturn|p1b: Face of Mercy|Protect\n|move|p2a: Murkrow|Foul Play|p1a: Firnen\n|-activate|p1a: Firnen|move: Protect\n|\n|-heal|p2b: Dondozo|73\/100|[from] item: Leftovers\n|upkeep\n|turn|3\n|j| Topperlecat\n|l| Topperlecat\n|j| Draxolotl\n|\n|t:|1684072186\n|switch|p2a: Tatsugiri|Tatsugiri, L50, F|100\/100\n|-activate|p2a: Tatsugiri|ability: Commander|[of] p2b: Dondozo\n|-boost|p2b: Dondozo|atk|2\n|-boost|p2b: Dondozo|spa|2\n|-boost|p2b: Dondozo|spe|2\n|-boost|p2b: Dondozo|def|2\n|-boost|p2b: Dondozo|spd|2\n|move|p1a: Firnen|Extreme Speed|p2b: Dondozo\n|-damage|p2b: Dondozo|56\/100\n|move|p2b: Dondozo|Earthquake|p1b: Face of Mercy|[spread] p1a,p1b\n|-miss|p2b: Dondozo|p2a: Tatsugiri\n|-damage|p1a: Firnen|81\/100\n|-damage|p1b: Face of Mercy|61\/100\n|move|p1b: Face of Mercy|Play Rough|p2a: Tatsugiri|[miss]\n|-miss|p1b: Face of Mercy|p2a: Tatsugiri\n|\n|-heal|p2b: Dondozo|62\/100|[from] item: Leftovers\n|upkeep\n|turn|4\n|l| Draxolotl\n|\n|t:|1684072202\n|move|p1a: Firnen|Protect|p1a: Firnen\n|-singleturn|p1a: Firnen|Protect\n|move|p2b: Dondozo|Earthquake|p1b: Face of Mercy|[spread] p1b\n|-miss|p2b: Dondozo|p2a: Tatsugiri\n|-activate|p1a: Firnen|move: Protect\n|-damage|p1b: Face of Mercy|22\/100\n|-enditem|p1b: Face of Mercy|Sitrus Berry|[eat]\n|-heal|p1b: Face of Mercy|47\/100|[from] item: Sitrus Berry\n|move|p1b: Face of Mercy|Perish Song|p1b: Face of Mercy\n|-start|p1a: Firnen|perish3|[silent]\n|-start|p1b: Face of Mercy|perish3|[silent]\n|-miss|p1b: Face of Mercy|p2a: Tatsugiri\n|-start|p2b: Dondozo|perish3|[silent]\n|-fieldactivate|move: Perish Song\n|\n|-heal|p2b: Dondozo|69\/100|[from] item: Leftovers\n|-start|p2b: Dondozo|perish3\n|-start|p1a: Firnen|perish3\n|-start|p1b: Face of Mercy|perish3\n|-sideend|p2: Deadhead Omega|move: Tailwind\n|upkeep\n|turn|5\n|j| BlackSpearow\n|\n|t:|1684072220\n|switch|p1b: Nose Collector|Great Tusk, L50|100\/100\n|move|p2b: Dondozo|Earthquake|p1b: Nose Collector|[spread] p1a,p1b\n|-miss|p2b: Dondozo|p2a: Tatsugiri\n|-crit|p1b: Nose Collector\n|-damage|p1a: Firnen|39\/100\n|-damage|p1b: Nose Collector|49\/100\n|move|p1a: Firnen|Roost|p1a: Firnen\n|-heal|p1a: Firnen|89\/100\n|\n|-heal|p2b: Dondozo|75\/100|[from] item: Leftovers\n|-start|p2b: Dondozo|perish2\n|-start|p1a: Firnen|perish2\n|upkeep\n|turn|6\n|j| Gangx\n|\n|t:|1684072242\n|switch|p1a: Face of Mercy|Azumarill, L50, M|47\/100\n|move|p1b: Nose Collector|Rock Slide|p2b: Dondozo|[spread] p2b\n|-miss|p1b: Nose Collector|p2a: Tatsugiri\n|-damage|p2b: Dondozo|68\/100\n|move|p2b: Dondozo|Wave Crash|p1b: Nose Collector\n|-supereffective|p1b: Nose Collector\n|-damage|p1b: Nose Collector|0 fnt\n|faint|p1b: Nose Collector\n|-end|p1b: Nose Collector|Protosynthesis|[silent]\n|-damage|p2b: Dondozo|54\/100|[from] Recoil\n|\n|-heal|p2b: Dondozo|61\/100|[from] item: Leftovers\n|-start|p2b: Dondozo|perish1\n|upkeep\n|\n|t:|1684072250\n|switch|p1b: Firnen|Dragonite, L50, M, shiny, tera:Normal|89\/100\n|turn|7\n|\n|t:|1684072255\n|move|p1b: Firnen|Protect|p1b: Firnen\n|-singleturn|p1b: Firnen|Protect\n|move|p1a: Face of Mercy|Protect|p1a: Face of Mercy\n|-singleturn|p1a: Face of Mercy|Protect\n|move|p2b: Dondozo|Wave Crash|p1b: Firnen\n|-activate|p1b: Firnen|move: Protect\n|\n|-heal|p2b: Dondozo|67\/100|[from] item: Leftovers\n|-start|p2b: Dondozo|perish0\n|faint|p2b: Dondozo\n|upkeep\n|j| Draxolotl\n|\n|t:|1684072273\n|switch|p2b: Murkrow|Murkrow, L50, F|100\/100\n|turn|8\n|l| Gangx\n|inactive|ZachuVGC has 30 seconds left.\n|inactive|ZachuVGC has 20 seconds left.\n|inactive|ZachuVGC has 15 seconds left.\n|inactive|ZachuVGC has 10 seconds left.\n|\n|t:|1684072324\n|-terastallize|p2a: Tatsugiri|Steel\n|move|p2b: Murkrow|Sunny Day|p2b: Murkrow\n|-weather|SunnyDay\n|move|p2a: Tatsugiri|Muddy Water|p1a: Face of Mercy|[spread] p1b\n|-miss|p2a: Tatsugiri|p1a: Face of Mercy\n|-damage|p1b: Firnen|74\/100\n|move|p1b: Firnen|Roost|p1b: Firnen\n|-heal|p1b: Firnen|100\/100\n|move|p1a: Face of Mercy|Play Rough|p2a: Tatsugiri\n|-resisted|p2a: Tatsugiri\n|-damage|p2a: Tatsugiri|57\/100\n|\n|-weather|SunnyDay|[upkeep]\n|upkeep\n|turn|9\n|\n|t:|1684072346\n|move|p2a: Tatsugiri|Muddy Water|p1a: Face of Mercy|[spread] p1a,p1b\n|-resisted|p1a: Face of Mercy\n|-damage|p1a: Face of Mercy|40\/100\n|-damage|p1b: Firnen|93\/100\n|move|p2b: Murkrow|Foul Play|p1a: Face of Mercy\n|-resisted|p1a: Face of Mercy\n|-damage|p1a: Face of Mercy|27\/100\n|move|p1b: Firnen|Fire Punch|p2a: Tatsugiri\n|-supereffective|p2a: Tatsugiri\n|-damage|p2a: Tatsugiri|0 fnt\n|faint|p2a: Tatsugiri\n|move|p1a: Face of Mercy|Play Rough|p2b: Murkrow\n|-supereffective|p2b: Murkrow\n|-damage|p2b: Murkrow|20\/100\n|\n|-weather|SunnyDay|[upkeep]\n|upkeep\n|\n|t:|1684072352\n|switch|p2a: Flutter Mane|Flutter Mane, L50|100\/100\n|-activate|p2a: Flutter Mane|ability: Protosynthesis\n|-start|p2a: Flutter Mane|protosynthesisspa\n|turn|10\n|j| Gangx\n|inactive|ZachuVGC has 30 seconds left.\n|inactive|Deadhead Omega has 30 seconds left.\n|inactive|ZachuVGC has 20 seconds left.\n|l| 9winsformepls\n|inactive|ZachuVGC has 15 seconds left.\n|\n|t:|1684072397\n|move|p1b: Firnen|Extreme Speed|p2b: Murkrow\n|-damage|p2b: Murkrow|0 fnt\n|faint|p2b: Murkrow\n|move|p1a: Face of Mercy|Aqua Jet|p2a: Flutter Mane\n|-damage|p2a: Flutter Mane|86\/100\n|move|p2a: Flutter Mane|Dazzling Gleam|p1a: Face of Mercy|[spread] p1a,p1b\n|-damage|p1a: Face of Mercy|0 fnt\n|-damage|p1b: Firnen|42\/100\n|faint|p1a: Face of Mercy\n|\n|-weather|SunnyDay|[upkeep]\n|upkeep\n|\n|t:|1684072404\n|switch|p1a: Tai Lung|Chien-Pao, L50|100\/100\n|-ability|p1a: Tai Lung|Sword of Ruin\n|turn|11\n|l|draxolotl\n|\n|t:|1684072426\n|move|p1a: Tai Lung|Ice Spinner|p2a: Flutter Mane\n|-damage|p2a: Flutter Mane|4\/100\n|move|p2a: Flutter Mane|Dazzling Gleam|p1b: Firnen|[spread] p1a,p1b\n|-supereffective|p1a: Tai Lung\n|-enditem|p1a: Tai Lung|Focus Sash\n|-damage|p1a: Tai Lung|1\/100\n|-damage|p1b: Firnen|0 fnt\n|faint|p1b: Firnen\n|\n|-weather|SunnyDay|[upkeep]\n|upkeep\n|turn|12\n|inactive|ZachuVGC has 30 seconds left.\n|inactive|ZachuVGC has 20 seconds left.\n|inactive|ZachuVGC has 15 seconds left.\n|inactive|ZachuVGC has 10 seconds left.\n|inactive|ZachuVGC has 5 seconds left.\n|\n|t:|1684072476\n|move|p1a: Tai Lung|Ice Spinner|p2a: Flutter Mane\n|-damage|p2a: Flutter Mane|0 fnt\n|faint|p2a: Flutter Mane\n|-end|p2a: Flutter Mane|Protosynthesis|[silent]\n|\n|win|ZachuVGC\n|n|\u2606ZachuVGC|zachuvgc\n|n|\u2606Deadhead Omega|deadheadomega\n|n| PoppyPearly|poppypearly\n|n| BlackSpearow|blackspearow\n|n| Gangx|gangx\n|c|\u2606ZachuVGC|gg\n|l| BlackSpearow\n|c|\u2606Deadhead Omega|gg\n|l|\u2606Deadhead Omega\n|l| PoppyPearly\n|l| Gangx\n|j| ButterfreeisGreat\n","uploadtime":1684073377,"views":13,"p1id":"zachuvgc","p2id":"deadheadomega","formatid":"gen9vgc2023regulationc","rating":0,"private":0,"password":""}