{"id":"gen9vgc2023regulationc-1857524746","p1":"leoroop","p2":"Annler_Regi","format":"[Gen 9] VGC 2023 Regulation C","log":"|j|\u2606leoroop\n|j|\u2606Annler_Regi\n|t:|1683204810\n|gametype|doubles\n|player|p1|leoroop|backpacker|1059\n|player|p2|Annler_Regi|1|1000\n|teamsize|p1|6\n|teamsize|p2|6\n|gen|9\n|tier|[Gen 9] VGC 2023 Regulation C\n|rated|\n|rule|Species Clause: Limit one of each Pok\u00e9mon\n|rule|Item Clause: Limit one of each item\n|clearpoke\n|poke|p1|Gyarados, L50, F|\n|poke|p1|Amoonguss, L50, F|\n|poke|p1|Kingambit, L50, M|\n|poke|p1|Flutter Mane, L50|\n|poke|p1|Chi-Yu, L50|\n|poke|p1|Baxcalibur, L50, M|\n|poke|p2|Chien-Pao, L50|\n|poke|p2|Flutter Mane, L50|\n|poke|p2|Ting-Lu, L50|\n|poke|p2|Gallade, L50, M|\n|poke|p2|Scream Tail, L50|\n|poke|p2|Brute Bonnet, L50|\n|teampreview|4\n|inactive|Battle timer is ON: inactive players will automatically lose when time's up. (requested by Annler_Regi)\n|inactive|Annler_Regi has 60 seconds left.\n|\n|t:|1683204853\n|start\n|switch|p1a: Gyarados|Gyarados, L50, F|100\/100\n|switch|p1b: Chi-Yu|Chi-Yu, L50|100\/100\n|switch|p2a: Chien-Pao|Chien-Pao, L50|100\/100\n|switch|p2b: Gallade|Gallade, L50, M, shiny|100\/100\n|-ability|p2a: Chien-Pao|Sword of Ruin\n|-ability|p1b: Chi-Yu|Beads of Ruin\n|-ability|p1a: Gyarados|Intimidate|boost\n|-unboost|p2a: Chien-Pao|atk|1\n|-unboost|p2b: Gallade|atk|1\n|turn|1\n|inactive|leoroop has 30 seconds left.\n|inactive|Annler_Regi has 30 seconds left.\n|inactive|Annler_Regi has 20 seconds left.\n|\n|t:|1683204889\n|move|p2b: Gallade|Wide Guard|p2b: Gallade\n|-singleturn|p2b: Gallade|Wide Guard\n|move|p2a: Chien-Pao|Icy Wind|p1b: Chi-Yu|[spread] p1a,p1b\n|-resisted|p1b: Chi-Yu\n|-damage|p1a: Gyarados|87\/100\n|-damage|p1b: Chi-Yu|94\/100\n|-unboost|p1a: Gyarados|spe|1\n|-unboost|p1b: Chi-Yu|spe|1\n|move|p1b: Chi-Yu|Heat Wave|p2a: Chien-Pao|[spread] \n|-activate|p2a: Chien-Pao|move: Wide Guard\n|-activate|p2b: Gallade|move: Wide Guard\n|move|p1a: Gyarados|Waterfall|p2a: Chien-Pao\n|-damage|p2a: Chien-Pao|50\/100\n|\n|upkeep\n|turn|2\n|inactive|Annler_Regi has 30 seconds left.\n|\n|t:|1683204917\n|-terastallize|p1b: Chi-Yu|Ghost\n|move|p2a: Chien-Pao|Icy Wind|p1a: Gyarados|[spread] p1a,p1b\n|-damage|p1a: Gyarados|74\/100\n|-damage|p1b: Chi-Yu|82\/100\n|-unboost|p1a: Gyarados|spe|1\n|-unboost|p1b: Chi-Yu|spe|1\n|move|p2b: Gallade|Sacred Sword|p1b: Chi-Yu\n|-immune|p1b: Chi-Yu\n|move|p1b: Chi-Yu|Heat Wave|p2b: Gallade|[spread] p2a,p2b\n|-supereffective|p2a: Chien-Pao\n|-damage|p2a: Chien-Pao|0 fnt\n|-damage|p2b: Gallade|50\/100\n|-status|p2b: Gallade|brn\n|faint|p2a: Chien-Pao\n|move|p1a: Gyarados|Waterfall|p2b: Gallade\n|-damage|p2b: Gallade|0 fnt\n|faint|p2b: Gallade\n|\n|upkeep\n|\n|t:|1683204923\n|switch|p2a: Ting-Lu|Ting-Lu, L50|100\/100\n|switch|p2b: Flutter Mane|Flutter Mane, L50|100\/100\n|-ability|p2a: Ting-Lu|Vessel of Ruin\n|turn|3\n|inactive|Annler_Regi has 30 seconds left.\n|inactive|Annler_Regi has 20 seconds left.\n|c|\u2606Annler_Regi|Really\n|inactive|Annler_Regi has 15 seconds left.\n|c|\u2606Annler_Regi|Game bugged out?\n|inactive|Annler_Regi has 10 seconds left.\n|inactive|Annler_Regi has 5 seconds left.\n|c|\u2606leoroop|what?\n|\n|t:|1683204978\n|switch|p1b: Kingambit|Kingambit, L50, M|100\/100\n|move|p2a: Ting-Lu|Protect|p2a: Ting-Lu\n|-singleturn|p2a: Ting-Lu|Protect\n|move|p2b: Flutter Mane|Moonblast|p1b: Kingambit\n|-damage|p1b: Kingambit|68\/100\n|-damage|p2b: Flutter Mane|91\/100|[from] item: Life Orb\n|move|p1a: Gyarados|Thunder Wave|p2b: Flutter Mane\n|-status|p2b: Flutter Mane|par\n|\n|upkeep\n|turn|4\n|c|\u2606Annler_Regi|Oh\n|c|\u2606Annler_Regi|So game stalled me cuz it thought i tera's\n|inactive|leoroop has 30 seconds left.\n|inactive|Annler_Regi has 30 seconds left.\n|inactive|Annler_Regi has 20 seconds left.\n|\n|t:|1683205014\n|move|p2b: Flutter Mane|Protect|p2b: Flutter Mane\n|-singleturn|p2b: Flutter Mane|Protect\n|move|p1b: Kingambit|Iron Head|p2b: Flutter Mane\n|-activate|p2b: Flutter Mane|move: Protect\n|move|p2a: Ting-Lu|Earthquake|p1a: Gyarados|[spread] p1b\n|-activate|p2b: Flutter Mane|move: Protect\n|-immune|p1a: Gyarados\n|-supereffective|p1b: Kingambit\n|-damage|p1b: Kingambit|31\/100\n|move|p1a: Gyarados|Waterfall|p2a: Ting-Lu\n|-supereffective|p2a: Ting-Lu\n|-damage|p2a: Ting-Lu|68\/100\n|\n|-heal|p2a: Ting-Lu|75\/100|[from] item: Leftovers\n|upkeep\n|turn|5\n|inactive|leoroop has 30 seconds left.\n|inactive|Annler_Regi has 30 seconds left.\n|inactive|Annler_Regi has 20 seconds left.\n|\n|t:|1683205049\n|switch|p1a: Flutter Mane|Flutter Mane, L50, shiny|100\/100\n|-enditem|p1a: Flutter Mane|Booster Energy\n|-activate|p1a: Flutter Mane|ability: Protosynthesis|[fromitem]\n|-start|p1a: Flutter Mane|protosynthesisspe\n|move|p2b: Flutter Mane|Protect|p2b: Flutter Mane\n|-singleturn|p2b: Flutter Mane|Protect\n|move|p1b: Kingambit|Sucker Punch||[still]\n|-fail|p1b: Kingambit\n|move|p2a: Ting-Lu|Earthquake|p1b: Kingambit|[spread] p1a,p1b\n|-activate|p2b: Flutter Mane|move: Protect\n|-supereffective|p1b: Kingambit\n|-damage|p1a: Flutter Mane|63\/100\n|-damage|p1b: Kingambit|0 fnt\n|faint|p1b: Kingambit\n|\n|-heal|p2a: Ting-Lu|81\/100|[from] item: Leftovers\n|upkeep\n|\n|t:|1683205057\n|switch|p1b: Gyarados|Gyarados, L50, F|74\/100\n|-ability|p1b: Gyarados|Intimidate|boost\n|-unboost|p2a: Ting-Lu|atk|1\n|-unboost|p2b: Flutter Mane|atk|1\n|turn|6\n|inactive|Annler_Regi has 30 seconds left.\n|\n|t:|1683205084\n|-terastallize|p2b: Flutter Mane|Fairy\n|move|p1a: Flutter Mane|Hex|p2b: Flutter Mane\n|-damage|p2b: Flutter Mane|40\/100 par\n|move|p1b: Gyarados|Waterfall|p2a: Ting-Lu\n|-supereffective|p2a: Ting-Lu\n|-damage|p2a: Ting-Lu|51\/100\n|move|p2b: Flutter Mane|Moonblast|p1a: Flutter Mane\n|-damage|p1a: Flutter Mane|10\/100\n|-damage|p2b: Flutter Mane|30\/100 par|[from] item: Life Orb\n|move|p2a: Ting-Lu|Body Press|p1b: Gyarados\n|-resisted|p1b: Gyarados\n|-damage|p1b: Gyarados|60\/100\n|\n|-heal|p2a: Ting-Lu|57\/100|[from] item: Leftovers\n|upkeep\n|turn|7\n|\n|t:|1683205106\n|move|p1a: Flutter Mane|Protect|p1a: Flutter Mane\n|-singleturn|p1a: Flutter Mane|Protect\n|move|p2b: Flutter Mane|Protect|p2b: Flutter Mane\n|-singleturn|p2b: Flutter Mane|Protect\n|move|p1b: Gyarados|Waterfall|p2a: Ting-Lu\n|-supereffective|p2a: Ting-Lu\n|-crit|p2a: Ting-Lu\n|-damage|p2a: Ting-Lu|9\/100\n|cant|p2a: Ting-Lu|flinch\n|\n|-heal|p2a: Ting-Lu|15\/100|[from] item: Leftovers\n|upkeep\n|turn|8\n|\n|t:|1683205122\n|move|p1a: Flutter Mane|Hex|p2b: Flutter Mane\n|-damage|p2b: Flutter Mane|0 fnt\n|faint|p2b: Flutter Mane\n|-end|p2b: Flutter Mane|Protosynthesis|[silent]\n|move|p1b: Gyarados|Waterfall|p2a: Ting-Lu\n|-supereffective|p2a: Ting-Lu\n|-damage|p2a: Ting-Lu|0 fnt\n|faint|p2a: Ting-Lu\n|\n|win|leoroop\n|raw|leoroop's rating: 1059 → 1085<\/strong> (+26 for winning)\n|raw|Annler_Regi's rating: 1000 → 1000<\/strong> (+0 for losing)\n|c|\u2606Annler_Regi|GGs\n|c|\u2606leoroop|gg\n","uploadtime":1683205135,"views":5,"p1id":"leoroop","p2id":"annlerregi","formatid":"gen9vgc2023regulationc","rating":1000,"private":0,"password":""}