{"id":"gen9vgc2023regulationc-1855330617","p1":"LoveCroydon","p2":"elgervax","format":"[Gen 9] VGC 2023 Regulation C","log":"|j|\u2606LoveCroydon\n|j|\u2606elgervax\n|t:|1682938252\n|gametype|doubles\n|player|p1|LoveCroydon|beauty-gen4dp|1251\n|player|p2|elgervax|169|1180\n|teamsize|p1|6\n|teamsize|p2|6\n|gen|9\n|tier|[Gen 9] VGC 2023 Regulation C\n|rated|\n|rule|Species Clause: Limit one of each Pok\u00e9mon\n|rule|Item Clause: Limit one of each item\n|clearpoke\n|poke|p1|Farigiraf, L50, M|\n|poke|p1|Iron Hands, L50|\n|poke|p1|Corviknight, L50, F|\n|poke|p1|Great Tusk, L50|\n|poke|p1|Ting-Lu, L50|\n|poke|p1|Murkrow, L50, F|\n|poke|p2|Pelipper, L50, M|\n|poke|p2|Palafin, L50, M|\n|poke|p2|Amoonguss, L50, M|\n|poke|p2|Iron Hands, L50|\n|poke|p2|Corviknight, L50, M|\n|poke|p2|Gyarados, L50, M|\n|teampreview|4\n|inactive|Battle timer is ON: inactive players will automatically lose when time's up. (requested by elgervax)\n|inactive|LoveCroydon also wants the timer to be on.\n|inactive|LoveCroydon has 60 seconds left.\n|inactive|elgervax has 60 seconds left.\n|\n|t:|1682938312\n|start\n|switch|p1a: Farigiraf|Farigiraf, L50, M|100\/100\n|switch|p1b: Corviknight|Corviknight, L50, F|100\/100\n|switch|p2a: Pelipper|Pelipper, L50, M|100\/100\n|switch|p2b: Palafin|Palafin, L50, M|100\/100\n|-weather|RainDance|[from] ability: Drizzle|[of] p2a: Pelipper\n|turn|1\n|inactive|elgervax has 30 seconds left.\n|inactive|LoveCroydon has 30 seconds left.\n|inactive|elgervax has 20 seconds left.\n|\n|t:|1682938351\n|move|p1b: Corviknight|Protect|p1b: Corviknight\n|-singleturn|p1b: Corviknight|Protect\n|move|p2b: Palafin|Flip Turn|p1a: Farigiraf\n|-damage|p1a: Farigiraf|67\/100\n|\n|t:|1682938357\n|detailschange|p2b: Palafin|Palafin-Hero, L50, M\n|switch|p2b: Amoonguss|Amoonguss, L50, M|100\/100|[from] Flip Turn\n|move|p2a: Pelipper|Hydro Pump|p1a: Farigiraf|[miss]\n|-miss|p2a: Pelipper|p1a: Farigiraf\n|move|p1a: Farigiraf|Trick Room|p1a: Farigiraf\n|-fieldstart|move: Trick Room|[of] p1a: Farigiraf\n|\n|-weather|RainDance|[upkeep]\n|upkeep\n|turn|2\n|\n|t:|1682938380\n|move|p2b: Amoonguss|Spore|p1b: Corviknight\n|-status|p1b: Corviknight|slp|[from] move: Spore\n|move|p1a: Farigiraf|Psychic|p2b: Amoonguss\n|-supereffective|p2b: Amoonguss\n|-damage|p2b: Amoonguss|31\/100\n|-enditem|p2b: Amoonguss|Sitrus Berry|[eat]\n|-heal|p2b: Amoonguss|56\/100|[from] item: Sitrus Berry\n|move|p2a: Pelipper|Hydro Pump|p1a: Farigiraf|[miss]\n|-miss|p2a: Pelipper|p1a: Farigiraf\n|cant|p1b: Corviknight|slp\n|\n|-weather|RainDance|[upkeep]\n|upkeep\n|turn|3\n|inactive|elgervax has 30 seconds left.\n|\n|t:|1682938412\n|switch|p2b: Corviknight|Corviknight, L50, M|100\/100\n|move|p1a: Farigiraf|Protect|p1a: Farigiraf\n|-singleturn|p1a: Farigiraf|Protect\n|move|p2a: Pelipper|Hydro Pump|p1a: Farigiraf\n|-activate|p1a: Farigiraf|move: Protect\n|cant|p1b: Corviknight|slp\n|\n|-weather|RainDance|[upkeep]\n|upkeep\n|turn|4\n|inactive|LoveCroydon has 30 seconds left.\n|\n|t:|1682938438\n|move|p1a: Farigiraf|Hyper Voice|p2b: Corviknight|[spread] p2a,p2b\n|-resisted|p2b: Corviknight\n|-damage|p2a: Pelipper|63\/100\n|-damage|p2b: Corviknight|84\/100\n|-enditem|p1a: Farigiraf|Throat Spray\n|-boost|p1a: Farigiraf|spa|1|[from] item: Throat Spray\n|move|p2a: Pelipper|Hydro Pump|p1a: Farigiraf\n|-damage|p1a: Farigiraf|4\/100\n|cant|p1b: Corviknight|slp\n|move|p2b: Corviknight|Bulk Up|p2b: Corviknight\n|-boost|p2b: Corviknight|atk|1\n|-boost|p2b: Corviknight|def|1\n|\n|-weather|RainDance|[upkeep]\n|-heal|p2b: Corviknight|90\/100|[from] item: Leftovers\n|upkeep\n|turn|5\n|\n|t:|1682938460\n|move|p1a: Farigiraf|Hyper Voice|p2b: Corviknight|[spread] p2a,p2b\n|-resisted|p2b: Corviknight\n|-damage|p2a: Pelipper|10\/100\n|-damage|p2b: Corviknight|67\/100\n|move|p2a: Pelipper|Hurricane|p1a: Farigiraf\n|-crit|p1a: Farigiraf\n|-damage|p1a: Farigiraf|0 fnt\n|faint|p1a: Farigiraf\n|-curestatus|p1b: Corviknight|slp|[msg]\n|move|p1b: Corviknight|Bulk Up|p1b: Corviknight\n|-boost|p1b: Corviknight|atk|1\n|-boost|p1b: Corviknight|def|1\n|move|p2b: Corviknight|Bulk Up|p2b: Corviknight\n|-boost|p2b: Corviknight|atk|1\n|-boost|p2b: Corviknight|def|1\n|\n|-weather|RainDance|[upkeep]\n|-heal|p2b: Corviknight|73\/100|[from] item: Leftovers\n|-fieldend|move: Trick Room\n|upkeep\n|\n|t:|1682938484\n|switch|p1a: Iron Hands|Iron Hands, L50|100\/100\n|turn|6\n|\n|t:|1682938492\n|move|p2a: Pelipper|Protect|p2a: Pelipper\n|-singleturn|p2a: Pelipper|Protect\n|move|p1a: Iron Hands|Fake Out|p2b: Corviknight\n|-resisted|p2b: Corviknight\n|-damage|p2b: Corviknight|70\/100\n|move|p1b: Corviknight|Brave Bird|p2b: Corviknight\n|-resisted|p2b: Corviknight\n|-damage|p2b: Corviknight|55\/100\n|-damage|p1b: Corviknight|96\/100|[from] Recoil\n|cant|p2b: Corviknight|flinch\n|\n|-weather|RainDance|[upkeep]\n|-heal|p1b: Corviknight|100\/100|[from] item: Leftovers\n|-heal|p2b: Corviknight|61\/100|[from] item: Leftovers\n|upkeep\n|turn|7\n|\n|t:|1682938515\n|move|p2b: Corviknight|Roost|p2b: Corviknight\n|-heal|p2b: Corviknight|100\/100\n|-singleturn|p2b: Corviknight|move: Roost\n|move|p1b: Corviknight|Brave Bird|p2a: Pelipper\n|-damage|p2a: Pelipper|0 fnt\n|faint|p2a: Pelipper\n|-damage|p1b: Corviknight|98\/100|[from] Recoil\n|move|p1a: Iron Hands|Thunder Punch|p2b: Corviknight\n|-damage|p2b: Corviknight|81\/100\n|\n|-weather|RainDance|[upkeep]\n|-heal|p2b: Corviknight|87\/100|[from] item: Leftovers\n|-heal|p1b: Corviknight|100\/100|[from] item: Leftovers\n|upkeep\n|\n|t:|1682938532\n|switch|p2a: Palafin|Palafin-Hero, L50, M|100\/100\n|-activate|p2a: Palafin|ability: Zero to Hero\n|turn|8\n|\n|t:|1682938543\n|move|p1b: Corviknight|Protect|p1b: Corviknight\n|-singleturn|p1b: Corviknight|Protect\n|move|p1a: Iron Hands|Protect|p1a: Iron Hands\n|-singleturn|p1a: Iron Hands|Protect\n|move|p2a: Palafin|Wave Crash|p1b: Corviknight\n|-activate|p1b: Corviknight|move: Protect\n|move|p2b: Corviknight|Brave Bird|p1a: Iron Hands\n|-activate|p1a: Iron Hands|move: Protect\n|\n|-weather|none\n|-heal|p2b: Corviknight|93\/100|[from] item: Leftovers\n|upkeep\n|turn|9\n|\n|t:|1682938568\n|move|p2a: Palafin|Wave Crash|p1a: Iron Hands\n|-damage|p1a: Iron Hands|38\/100\n|-enditem|p1a: Iron Hands|Sitrus Berry|[eat]\n|-heal|p1a: Iron Hands|63\/100|[from] item: Sitrus Berry\n|-damage|p2a: Palafin|73\/100|[from] Recoil\n|move|p1b: Corviknight|Brave Bird|p2a: Palafin\n|-damage|p2a: Palafin|0 fnt\n|faint|p2a: Palafin\n|-damage|p1b: Corviknight|80\/100|[from] Recoil\n|move|p2b: Corviknight|Brave Bird|p1a: Iron Hands\n|-damage|p1a: Iron Hands|0 fnt\n|faint|p1a: Iron Hands\n|-end|p1a: Iron Hands|Quark Drive|[silent]\n|-damage|p2b: Corviknight|70\/100|[from] Recoil\n|\n|-heal|p1b: Corviknight|86\/100|[from] item: Leftovers\n|-heal|p2b: Corviknight|76\/100|[from] item: Leftovers\n|upkeep\n|\n|t:|1682938588\n|switch|p2a: Amoonguss|Amoonguss, L50, M|89\/100\n|switch|p1a: Great Tusk|Great Tusk, L50|100\/100\n|turn|10\n|\n|t:|1682938603\n|-terastallize|p1a: Great Tusk|Ground\n|-terastallize|p2a: Amoonguss|Water\n|move|p1a: Great Tusk|Ice Spinner|p2a: Amoonguss\n|-resisted|p2a: Amoonguss\n|-damage|p2a: Amoonguss|72\/100\n|-damage|p1a: Great Tusk|90\/100|[from] item: Life Orb\n|move|p2b: Corviknight|Brave Bird|p1a: Great Tusk\n|-damage|p1a: Great Tusk|31\/100\n|-damage|p2b: Corviknight|55\/100|[from] Recoil\n|move|p1b: Corviknight|Brave Bird|p2a: Amoonguss\n|-damage|p2a: Amoonguss|11\/100\n|-damage|p1b: Corviknight|64\/100|[from] Recoil\n|move|p2a: Amoonguss|Spore|p1b: Corviknight\n|-status|p1b: Corviknight|slp|[from] move: Spore\n|\n|-heal|p2b: Corviknight|61\/100|[from] item: Leftovers\n|-heal|p1b: Corviknight|70\/100 slp|[from] item: Leftovers\n|upkeep\n|turn|11\n|inactive|LoveCroydon has 30 seconds left.\n|inactive|elgervax has 30 seconds left.\n|\n|t:|1682938638\n|move|p1a: Great Tusk|Protect|p1a: Great Tusk\n|-singleturn|p1a: Great Tusk|Protect\n|cant|p1b: Corviknight|slp\n|move|p2b: Corviknight|Brave Bird|p1a: Great Tusk\n|-activate|p1a: Great Tusk|move: Protect\n|move|p2a: Amoonguss|Pollen Puff|p2b: Corviknight\n|-heal|p2b: Corviknight|100\/100\n|\n|-heal|p1b: Corviknight|76\/100 slp|[from] item: Leftovers\n|upkeep\n|turn|12\n|\n|t:|1682938656\n|move|p1a: Great Tusk|Close Combat|p2a: Amoonguss\n|-damage|p2a: Amoonguss|0 fnt\n|-unboost|p1a: Great Tusk|def|1\n|-unboost|p1a: Great Tusk|spd|1\n|faint|p2a: Amoonguss\n|-damage|p1a: Great Tusk|21\/100|[from] item: Life Orb\n|move|p2b: Corviknight|Brave Bird|p1a: Great Tusk\n|-damage|p1a: Great Tusk|0 fnt\n|faint|p1a: Great Tusk\n|-end|p1a: Great Tusk|Protosynthesis|[silent]\n|-damage|p2b: Corviknight|93\/100|[from] Recoil\n|-curestatus|p1b: Corviknight|slp|[msg]\n|move|p1b: Corviknight|Bulk Up|p1b: Corviknight\n|-boost|p1b: Corviknight|atk|1\n|-boost|p1b: Corviknight|def|1\n|\n|-heal|p1b: Corviknight|82\/100|[from] item: Leftovers\n|-heal|p2b: Corviknight|99\/100|[from] item: Leftovers\n|upkeep\n|turn|13\n|\n|t:|1682938677\n|move|p1b: Corviknight|Bulk Up|p1b: Corviknight\n|-boost|p1b: Corviknight|atk|1\n|-boost|p1b: Corviknight|def|1\n|move|p2b: Corviknight|Bulk Up|p2b: Corviknight\n|-boost|p2b: Corviknight|atk|1\n|-boost|p2b: Corviknight|def|1\n|\n|-heal|p1b: Corviknight|88\/100|[from] item: Leftovers\n|-heal|p2b: Corviknight|100\/100|[from] item: Leftovers\n|upkeep\n|turn|14\n|\n|t:|1682938687\n|move|p1b: Corviknight|Protect|p1b: Corviknight\n|-singleturn|p1b: Corviknight|Protect\n|move|p2b: Corviknight|Bulk Up|p2b: Corviknight\n|-boost|p2b: Corviknight|atk|1\n|-boost|p2b: Corviknight|def|1\n|\n|-heal|p1b: Corviknight|94\/100|[from] item: Leftovers\n|upkeep\n|turn|15\n|\n|t:|1682938700\n|move|p1b: Corviknight|Bulk Up|p1b: Corviknight\n|-boost|p1b: Corviknight|atk|1\n|-boost|p1b: Corviknight|def|1\n|move|p2b: Corviknight|Brave Bird|p1b: Corviknight\n|-resisted|p1b: Corviknight\n|-damage|p1b: Corviknight|76\/100\n|-damage|p2b: Corviknight|95\/100|[from] Recoil\n|\n|-heal|p1b: Corviknight|82\/100|[from] item: Leftovers\n|-heal|p2b: Corviknight|100\/100|[from] item: Leftovers\n|upkeep\n|turn|16\n|\n|t:|1682938712\n|move|p1b: Corviknight|Bulk Up|p1b: Corviknight\n|-boost|p1b: Corviknight|atk|1\n|-boost|p1b: Corviknight|def|1\n|move|p2b: Corviknight|Bulk Up|p2b: Corviknight\n|-boost|p2b: Corviknight|atk|1\n|-boost|p2b: Corviknight|def|1\n|\n|-heal|p1b: Corviknight|88\/100|[from] item: Leftovers\n|upkeep\n|turn|17\n|\n|t:|1682938721\n|move|p1b: Corviknight|Bulk Up|p1b: Corviknight\n|-boost|p1b: Corviknight|atk|1\n|-boost|p1b: Corviknight|def|1\n|move|p2b: Corviknight|Bulk Up|p2b: Corviknight\n|-boost|p2b: Corviknight|atk|1\n|-boost|p2b: Corviknight|def|1\n|\n|-heal|p1b: Corviknight|94\/100|[from] item: Leftovers\n|upkeep\n|turn|18\n|\n|t:|1682938731\n|move|p1b: Corviknight|Protect|p1b: Corviknight\n|-singleturn|p1b: Corviknight|Protect\n|move|p2b: Corviknight|Brave Bird|p1b: Corviknight\n|-activate|p1b: Corviknight|move: Protect\n|\n|-heal|p1b: Corviknight|99\/100|[from] item: Leftovers\n|upkeep\n|turn|19\n|\n|t:|1682938741\n|move|p1b: Corviknight|Iron Head|p2b: Corviknight\n|-resisted|p2b: Corviknight\n|-damage|p2b: Corviknight|88\/100\n|move|p2b: Corviknight|Brave Bird|p1b: Corviknight\n|-resisted|p1b: Corviknight\n|-damage|p1b: Corviknight|81\/100\n|-damage|p2b: Corviknight|81\/100|[from] Recoil\n|\n|-heal|p2b: Corviknight|87\/100|[from] item: Leftovers\n|-heal|p1b: Corviknight|87\/100|[from] item: Leftovers\n|upkeep\n|turn|20\n|\n|t:|1682938751\n|move|p1b: Corviknight|Protect|p1b: Corviknight\n|-singleturn|p1b: Corviknight|Protect\n|move|p2b: Corviknight|Brave Bird|p1b: Corviknight\n|-activate|p1b: Corviknight|move: Protect\n|\n|-heal|p2b: Corviknight|93\/100|[from] item: Leftovers\n|-heal|p1b: Corviknight|93\/100|[from] item: Leftovers\n|upkeep\n|turn|21\n|\n|t:|1682938756\n|move|p1b: Corviknight|Iron Head|p2b: Corviknight\n|-resisted|p2b: Corviknight\n|-damage|p2b: Corviknight|81\/100\n|cant|p2b: Corviknight|flinch\n|\n|-heal|p1b: Corviknight|99\/100|[from] item: Leftovers\n|-heal|p2b: Corviknight|87\/100|[from] item: Leftovers\n|upkeep\n|turn|22\n|\n|t:|1682938761\n|move|p1b: Corviknight|Protect|p1b: Corviknight\n|-singleturn|p1b: Corviknight|Protect\n|move|p2b: Corviknight|Brave Bird|p1b: Corviknight\n|-activate|p1b: Corviknight|move: Protect\n|\n|-heal|p2b: Corviknight|93\/100|[from] item: Leftovers\n|-heal|p1b: Corviknight|100\/100|[from] item: Leftovers\n|upkeep\n|turn|23\n|\n|t:|1682938764\n|move|p2b: Corviknight|Brave Bird|p1b: Corviknight\n|-resisted|p1b: Corviknight\n|-damage|p1b: Corviknight|83\/100\n|-damage|p2b: Corviknight|87\/100|[from] Recoil\n|move|p1b: Corviknight|Iron Head|p2b: Corviknight\n|-resisted|p2b: Corviknight\n|-damage|p2b: Corviknight|74\/100\n|\n|-heal|p1b: Corviknight|89\/100|[from] item: Leftovers\n|-heal|p2b: Corviknight|80\/100|[from] item: Leftovers\n|upkeep\n|turn|24\n|\n|t:|1682938772\n|move|p1b: Corviknight|Protect|p1b: Corviknight\n|-singleturn|p1b: Corviknight|Protect\n|move|p2b: Corviknight|Brave Bird|p1b: Corviknight\n|-activate|p1b: Corviknight|move: Protect\n|\n|-heal|p1b: Corviknight|95\/100|[from] item: Leftovers\n|-heal|p2b: Corviknight|86\/100|[from] item: Leftovers\n|upkeep\n|turn|25\n|\n|t:|1682938775\n|move|p2b: Corviknight|Brave Bird|p1b: Corviknight\n|-resisted|p1b: Corviknight\n|-damage|p1b: Corviknight|78\/100\n|-damage|p2b: Corviknight|80\/100|[from] Recoil\n|move|p1b: Corviknight|Iron Head|p2b: Corviknight\n|-resisted|p2b: Corviknight\n|-damage|p2b: Corviknight|67\/100\n|\n|-heal|p1b: Corviknight|83\/100|[from] item: Leftovers\n|-heal|p2b: Corviknight|73\/100|[from] item: Leftovers\n|upkeep\n|turn|26\n|\n|t:|1682938778\n|move|p1b: Corviknight|Protect|p1b: Corviknight\n|-singleturn|p1b: Corviknight|Protect\n|move|p2b: Corviknight|Brave Bird|p1b: Corviknight\n|-activate|p1b: Corviknight|move: Protect\n|\n|-heal|p2b: Corviknight|79\/100|[from] item: Leftovers\n|-heal|p1b: Corviknight|89\/100|[from] item: Leftovers\n|upkeep\n|turn|27\n|\n|t:|1682938781\n|move|p1b: Corviknight|Iron Head|p2b: Corviknight\n|-resisted|p2b: Corviknight\n|-damage|p2b: Corviknight|66\/100\n|move|p2b: Corviknight|Roost|p2b: Corviknight\n|-heal|p2b: Corviknight|100\/100\n|-singleturn|p2b: Corviknight|move: Roost\n|\n|-heal|p1b: Corviknight|95\/100|[from] item: Leftovers\n|upkeep\n|turn|28\n|\n|t:|1682938783\n|move|p1b: Corviknight|Protect|p1b: Corviknight\n|-singleturn|p1b: Corviknight|Protect\n|move|p2b: Corviknight|Brave Bird|p1b: Corviknight\n|-activate|p1b: Corviknight|move: Protect\n|\n|-heal|p1b: Corviknight|100\/100|[from] item: Leftovers\n|upkeep\n|turn|29\n|\n|t:|1682938786\n|move|p1b: Corviknight|Iron Head|p2b: Corviknight\n|-resisted|p2b: Corviknight\n|-damage|p2b: Corviknight|88\/100\n|move|p2b: Corviknight|Brave Bird|p1b: Corviknight\n|-resisted|p1b: Corviknight\n|-damage|p1b: Corviknight|82\/100\n|-damage|p2b: Corviknight|81\/100|[from] Recoil\n|\n|-heal|p1b: Corviknight|88\/100|[from] item: Leftovers\n|-heal|p2b: Corviknight|87\/100|[from] item: Leftovers\n|upkeep\n|turn|30\n|\n|t:|1682938796\n|move|p1b: Corviknight|Protect|p1b: Corviknight\n|-singleturn|p1b: Corviknight|Protect\n|move|p2b: Corviknight|Iron Head|p1b: Corviknight\n|-activate|p1b: Corviknight|move: Protect\n|\n|-heal|p1b: Corviknight|94\/100|[from] item: Leftovers\n|-heal|p2b: Corviknight|93\/100|[from] item: Leftovers\n|upkeep\n|turn|31\n|\n|t:|1682938799\n|move|p2b: Corviknight|Iron Head|p1b: Corviknight\n|-resisted|p1b: Corviknight\n|-damage|p1b: Corviknight|80\/100\n|cant|p1b: Corviknight|flinch\n|\n|-heal|p2b: Corviknight|99\/100|[from] item: Leftovers\n|-heal|p1b: Corviknight|86\/100|[from] item: Leftovers\n|upkeep\n|turn|32\n|\n|t:|1682938807\n|move|p1b: Corviknight|Protect|p1b: Corviknight\n|-singleturn|p1b: Corviknight|Protect\n|move|p2b: Corviknight|Iron Head|p1b: Corviknight\n|-activate|p1b: Corviknight|move: Protect\n|\n|-heal|p2b: Corviknight|100\/100|[from] item: Leftovers\n|-heal|p1b: Corviknight|92\/100|[from] item: Leftovers\n|upkeep\n|turn|33\n|\n|t:|1682938815\n|move|p2b: Corviknight|Iron Head|p1b: Corviknight\n|-resisted|p1b: Corviknight\n|-damage|p1b: Corviknight|80\/100\n|move|p1b: Corviknight|Iron Head|p2b: Corviknight\n|-resisted|p2b: Corviknight\n|-damage|p2b: Corviknight|88\/100\n|\n|-heal|p1b: Corviknight|86\/100|[from] item: Leftovers\n|-heal|p2b: Corviknight|94\/100|[from] item: Leftovers\n|upkeep\n|turn|34\n|\n|t:|1682938821\n|move|p1b: Corviknight|Protect|p1b: Corviknight\n|-singleturn|p1b: Corviknight|Protect\n|move|p2b: Corviknight|Iron Head|p1b: Corviknight\n|-activate|p1b: Corviknight|move: Protect\n|\n|-heal|p2b: Corviknight|99\/100|[from] item: Leftovers\n|-heal|p1b: Corviknight|92\/100|[from] item: Leftovers\n|upkeep\n|turn|35\n|\n|t:|1682938826\n|move|p1b: Corviknight|Iron Head|p2b: Corviknight\n|-resisted|p2b: Corviknight\n|-damage|p2b: Corviknight|87\/100\n|move|p2b: Corviknight|Iron Head|p1b: Corviknight\n|-resisted|p1b: Corviknight\n|-damage|p1b: Corviknight|80\/100\n|\n|-heal|p2b: Corviknight|93\/100|[from] item: Leftovers\n|-heal|p1b: Corviknight|86\/100|[from] item: Leftovers\n|upkeep\n|turn|36\n|\n|t:|1682938830\n|move|p1b: Corviknight|Protect|p1b: Corviknight\n|-singleturn|p1b: Corviknight|Protect\n|move|p2b: Corviknight|Iron Head|p1b: Corviknight\n|-activate|p1b: Corviknight|move: Protect\n|\n|-heal|p2b: Corviknight|99\/100|[from] item: Leftovers\n|-heal|p1b: Corviknight|92\/100|[from] item: Leftovers\n|upkeep\n|turn|37\n|\n|t:|1682938838\n|move|p1b: Corviknight|Iron Head|p2b: Corviknight\n|-resisted|p2b: Corviknight\n|-damage|p2b: Corviknight|87\/100\n|cant|p2b: Corviknight|flinch\n|\n|-heal|p2b: Corviknight|93\/100|[from] item: Leftovers\n|-heal|p1b: Corviknight|98\/100|[from] item: Leftovers\n|upkeep\n|turn|38\n|\n|t:|1682938842\n|move|p1b: Corviknight|Protect|p1b: Corviknight\n|-singleturn|p1b: Corviknight|Protect\n|move|p2b: Corviknight|Iron Head|p1b: Corviknight\n|-activate|p1b: Corviknight|move: Protect\n|\n|-heal|p2b: Corviknight|99\/100|[from] item: Leftovers\n|-heal|p1b: Corviknight|100\/100|[from] item: Leftovers\n|upkeep\n|turn|39\n|\n|t:|1682938850\n|move|p1b: Corviknight|Iron Head|p2b: Corviknight\n|-resisted|p2b: Corviknight\n|-damage|p2b: Corviknight|87\/100\n|move|p2b: Corviknight|Iron Head|p1b: Corviknight\n|-resisted|p1b: Corviknight\n|-damage|p1b: Corviknight|89\/100\n|\n|-heal|p1b: Corviknight|95\/100|[from] item: Leftovers\n|-heal|p2b: Corviknight|93\/100|[from] item: Leftovers\n|upkeep\n|turn|40\n|\n|t:|1682938852\n|move|p1b: Corviknight|Protect|p1b: Corviknight\n|-singleturn|p1b: Corviknight|Protect\n|move|p2b: Corviknight|Iron Head|p1b: Corviknight\n|-activate|p1b: Corviknight|move: Protect\n|\n|-heal|p1b: Corviknight|100\/100|[from] item: Leftovers\n|-heal|p2b: Corviknight|99\/100|[from] item: Leftovers\n|upkeep\n|turn|41\n|\n|t:|1682938855\n|move|p1b: Corviknight|Iron Head|p2b: Corviknight\n|-resisted|p2b: Corviknight\n|-damage|p2b: Corviknight|86\/100\n|cant|p2b: Corviknight|flinch\n|\n|-heal|p2b: Corviknight|92\/100|[from] item: Leftovers\n|upkeep\n|turn|42\n|\n|t:|1682938857\n|move|p1b: Corviknight|Protect|p1b: Corviknight\n|-singleturn|p1b: Corviknight|Protect\n|move|p2b: Corviknight|Bulk Up|p2b: Corviknight\n|-boost|p2b: Corviknight|atk|0\n|-boost|p2b: Corviknight|def|0\n|\n|-heal|p2b: Corviknight|98\/100|[from] item: Leftovers\n|upkeep\n|turn|43\n|\n|t:|1682938860\n|move|p2b: Corviknight|Iron Head|p1b: Corviknight\n|-resisted|p1b: Corviknight\n|-damage|p1b: Corviknight|87\/100\n|move|p1b: Corviknight|Iron Head|p2b: Corviknight\n|-resisted|p2b: Corviknight\n|-damage|p2b: Corviknight|85\/100\n|\n|-heal|p2b: Corviknight|91\/100|[from] item: Leftovers\n|-heal|p1b: Corviknight|93\/100|[from] item: Leftovers\n|upkeep\n|turn|44\n|\n|t:|1682938864\n|move|p2b: Corviknight|Bulk Up|p2b: Corviknight\n|-boost|p2b: Corviknight|atk|0\n|-boost|p2b: Corviknight|def|0\n|move|p1b: Corviknight|Iron Head|p2b: Corviknight\n|-resisted|p2b: Corviknight\n|-damage|p2b: Corviknight|79\/100\n|\n|-heal|p1b: Corviknight|99\/100|[from] item: Leftovers\n|-heal|p2b: Corviknight|85\/100|[from] item: Leftovers\n|upkeep\n|turn|45\n|\n|t:|1682938868\n|move|p2b: Corviknight|Iron Head|p1b: Corviknight\n|-resisted|p1b: Corviknight\n|-damage|p1b: Corviknight|87\/100\n|cant|p1b: Corviknight|flinch\n|\n|-heal|p2b: Corviknight|91\/100|[from] item: Leftovers\n|-heal|p1b: Corviknight|93\/100|[from] item: Leftovers\n|upkeep\n|turn|46\n|\n|t:|1682938873\n|move|p1b: Corviknight|Iron Head|p2b: Corviknight\n|-resisted|p2b: Corviknight\n|-damage|p2b: Corviknight|79\/100\n|move|p2b: Corviknight|Iron Head|p1b: Corviknight\n|-resisted|p1b: Corviknight\n|-damage|p1b: Corviknight|81\/100\n|\n|-heal|p1b: Corviknight|87\/100|[from] item: Leftovers\n|-heal|p2b: Corviknight|84\/100|[from] item: Leftovers\n|upkeep\n|turn|47\n|\n|t:|1682938876\n|move|p2b: Corviknight|Roost|p2b: Corviknight\n|-heal|p2b: Corviknight|100\/100\n|-singleturn|p2b: Corviknight|move: Roost\n|move|p1b: Corviknight|Iron Head|p2b: Corviknight\n|-resisted|p2b: Corviknight\n|-damage|p2b: Corviknight|89\/100\n|\n|-heal|p2b: Corviknight|95\/100|[from] item: Leftovers\n|-heal|p1b: Corviknight|93\/100|[from] item: Leftovers\n|upkeep\n|turn|48\n|\n|t:|1682938879\n|move|p1b: Corviknight|Iron Head|p2b: Corviknight\n|-resisted|p2b: Corviknight\n|-damage|p2b: Corviknight|81\/100\n|cant|p2b: Corviknight|flinch\n|\n|-heal|p1b: Corviknight|99\/100|[from] item: Leftovers\n|-heal|p2b: Corviknight|87\/100|[from] item: Leftovers\n|upkeep\n|turn|49\n|\n|t:|1682938881\n|move|p2b: Corviknight|Bulk Up|p2b: Corviknight\n|-boost|p2b: Corviknight|atk|0\n|-boost|p2b: Corviknight|def|0\n|move|p1b: Corviknight|Iron Head|p2b: Corviknight\n|-resisted|p2b: Corviknight\n|-damage|p2b: Corviknight|74\/100\n|\n|-heal|p2b: Corviknight|80\/100|[from] item: Leftovers\n|-heal|p1b: Corviknight|100\/100|[from] item: Leftovers\n|upkeep\n|turn|50\n|\n|t:|1682938884\n|move|p2b: Corviknight|Iron Head|p1b: Corviknight\n|-resisted|p1b: Corviknight\n|-crit|p1b: Corviknight\n|-damage|p1b: Corviknight|29\/100\n|move|p1b: Corviknight|Iron Head|p2b: Corviknight\n|-resisted|p2b: Corviknight\n|-damage|p2b: Corviknight|67\/100\n|\n|-heal|p2b: Corviknight|73\/100|[from] item: Leftovers\n|-heal|p1b: Corviknight|35\/100|[from] item: Leftovers\n|upkeep\n|turn|51\n|\n|t:|1682938889\n|move|p1b: Corviknight|Iron Head|p2b: Corviknight\n|-resisted|p2b: Corviknight\n|-crit|p2b: Corviknight\n|-damage|p2b: Corviknight|4\/100\n|move|p2b: Corviknight|Iron Head|p1b: Corviknight\n|-resisted|p1b: Corviknight\n|-damage|p1b: Corviknight|23\/100\n|\n|-heal|p1b: Corviknight|29\/100|[from] item: Leftovers\n|-heal|p2b: Corviknight|10\/100|[from] item: Leftovers\n|upkeep\n|turn|52\n|\n|t:|1682938898\n|move|p2b: Corviknight|Roost|p2b: Corviknight\n|-heal|p2b: Corviknight|60\/100\n|-singleturn|p2b: Corviknight|move: Roost\n|move|p1b: Corviknight|Iron Head|p2b: Corviknight\n|-resisted|p2b: Corviknight\n|-damage|p2b: Corviknight|48\/100\n|\n|-heal|p1b: Corviknight|35\/100|[from] item: Leftovers\n|-heal|p2b: Corviknight|54\/100|[from] item: Leftovers\n|upkeep\n|turn|53\n|\n|t:|1682938901\n|move|p2b: Corviknight|Roost|p2b: Corviknight\n|-heal|p2b: Corviknight|100\/100\n|-singleturn|p2b: Corviknight|move: Roost\n|move|p1b: Corviknight|Iron Head|p2b: Corviknight\n|-resisted|p2b: Corviknight\n|-crit|p2b: Corviknight\n|-damage|p2b: Corviknight|26\/100\n|\n|-heal|p2b: Corviknight|32\/100|[from] item: Leftovers\n|-heal|p1b: Corviknight|40\/100|[from] item: Leftovers\n|upkeep\n|turn|54\n|\n|t:|1682938905\n|move|p1b: Corviknight|Iron Head|p2b: Corviknight\n|-resisted|p2b: Corviknight\n|-damage|p2b: Corviknight|19\/100\n|move|p2b: Corviknight|Roost|p2b: Corviknight\n|-heal|p2b: Corviknight|69\/100\n|-singleturn|p2b: Corviknight|move: Roost\n|\n|-heal|p1b: Corviknight|46\/100|[from] item: Leftovers\n|-heal|p2b: Corviknight|75\/100|[from] item: Leftovers\n|upkeep\n|turn|55\n|\n|t:|1682938910\n|move|p2b: Corviknight|Iron Head|p1b: Corviknight\n|-resisted|p1b: Corviknight\n|-damage|p1b: Corviknight|34\/100\n|cant|p1b: Corviknight|flinch\n|\n|-heal|p2b: Corviknight|81\/100|[from] item: Leftovers\n|-heal|p1b: Corviknight|40\/100|[from] item: Leftovers\n|upkeep\n|turn|56\n|\n|t:|1682938913\n|move|p2b: Corviknight|Iron Head|p1b: Corviknight\n|-resisted|p1b: Corviknight\n|-damage|p1b: Corviknight|28\/100\n|cant|p1b: Corviknight|flinch\n|\n|-heal|p1b: Corviknight|34\/100|[from] item: Leftovers\n|-heal|p2b: Corviknight|87\/100|[from] item: Leftovers\n|upkeep\n|turn|57\n|\n|t:|1682938918\n|move|p1b: Corviknight|Iron Head|p2b: Corviknight\n|-resisted|p2b: Corviknight\n|-damage|p2b: Corviknight|74\/100\n|move|p2b: Corviknight|Iron Head|p1b: Corviknight\n|-resisted|p1b: Corviknight\n|-damage|p1b: Corviknight|21\/100\n|\n|-heal|p2b: Corviknight|80\/100|[from] item: Leftovers\n|-heal|p1b: Corviknight|27\/100|[from] item: Leftovers\n|upkeep\n|turn|58\n|\n|t:|1682938922\n|move|p1b: Corviknight|Iron Head|p2b: Corviknight\n|-resisted|p2b: Corviknight\n|-damage|p2b: Corviknight|68\/100\n|cant|p2b: Corviknight|flinch\n|\n|-heal|p2b: Corviknight|74\/100|[from] item: Leftovers\n|-heal|p1b: Corviknight|33\/100|[from] item: Leftovers\n|upkeep\n|turn|59\n|\n|t:|1682938926\n|move|p1b: Corviknight|Bulk Up|p1b: Corviknight\n|-boost|p1b: Corviknight|atk|0\n|-boost|p1b: Corviknight|def|0\n|move|p2b: Corviknight|Brave Bird|p1b: Corviknight\n|-resisted|p1b: Corviknight\n|-damage|p1b: Corviknight|14\/100\n|-damage|p2b: Corviknight|67\/100|[from] Recoil\n|\n|-heal|p2b: Corviknight|73\/100|[from] item: Leftovers\n|-heal|p1b: Corviknight|20\/100|[from] item: Leftovers\n|upkeep\n|turn|60\n|\n|t:|1682938930\n|move|p1b: Corviknight|Brave Bird|p2b: Corviknight\n|-resisted|p2b: Corviknight\n|-damage|p2b: Corviknight|54\/100\n|-damage|p1b: Corviknight|13\/100|[from] Recoil\n|move|p2b: Corviknight|Iron Head|p1b: Corviknight\n|-resisted|p1b: Corviknight\n|-damage|p1b: Corviknight|1\/100\n|\n|-heal|p1b: Corviknight|7\/100|[from] item: Leftovers\n|-heal|p2b: Corviknight|60\/100|[from] item: Leftovers\n|upkeep\n|turn|61\n|\n|t:|1682938934\n|move|p2b: Corviknight|Iron Head|p1b: Corviknight\n|-resisted|p1b: Corviknight\n|-damage|p1b: Corviknight|0 fnt\n|faint|p1b: Corviknight\n|\n|win|elgervax\n|raw|LoveCroydon's rating: 1251 → 1221<\/strong> (-30 for losing)\n|raw|elgervax's rating: 1180 → 1210<\/strong> (+30 for winning)\n|c|\u2606LoveCroydon|so long\n|c|\u2606elgervax|Way too long\n|c|\u2606LoveCroydon|LOL\n|l|\u2606LoveCroydon\n","uploadtime":1682938969,"views":24,"p1id":"lovecroydon","p2id":"elgervax","formatid":"gen9vgc2023regulationc","rating":1210,"private":0,"password":""}