{"id":"gen9vgc2023regulationc-1855007973","p1":"dolphinsfan254","p2":"destrucktoo","format":"[Gen 9] VGC 2023 Regulation C","log":"|j|\u2606dolphinsfan254\n|j|\u2606destrucktoo\n|t:|1682890365\n|gametype|doubles\n|player|p1|dolphinsfan254|medium|\n|player|p2|destrucktoo|pokekid|\n|teamsize|p1|6\n|teamsize|p2|6\n|gen|9\n|tier|[Gen 9] VGC 2023 Regulation C\n|rule|Species Clause: Limit one of each Pok\u00e9mon\n|rule|Item Clause: Limit one of each item\n|clearpoke\n|poke|p1|Iron Treads, L50|\n|poke|p1|Armarouge, L50, M|\n|poke|p1|Palafin, L50, F|\n|poke|p1|Salamence, L50, M|\n|poke|p1|Dachsbun, L50, F|\n|poke|p1|Indeedee, L50, M|\n|poke|p2|Abomasnow, L50, F|\n|poke|p2|Cetitan, L50, F|\n|poke|p2|Iron Hands, L50|\n|poke|p2|Flamigo, L50, M|\n|poke|p2|Arcanine, L50, F|\n|poke|p2|Hippowdon, L50, M|\n|teampreview|4\ndestrucktoo rejected open team sheets.\n|j| smelio\n|\n|t:|1682890524\n|start\n|switch|p1a: SF 13-10|Armarouge, L50, M|100\/100\n|switch|p1b: SEA 28-22|Palafin, L50, F|100\/100\n|switch|p2a: A A Ron|Arcanine, L50, F|100\/100\n|switch|p2b: Discount 2x Check|Iron Hands, L50|100\/100\n|-ability|p2a: A A Ron|Intimidate|boost\n|-unboost|p1a: SF 13-10|atk|1\n|-unboost|p1b: SEA 28-22|atk|1\n|-enditem|p2b: Discount 2x Check|Booster Energy\n|-activate|p2b: Discount 2x Check|ability: Quark Drive|[fromitem]\n|-start|p2b: Discount 2x Check|quarkdriveatk\n|turn|1\n|c|\u2606dolphinsfan254|Emilio how obscure are my references?\n|\n|t:|1682890687\n|detailschange|p1b: SEA 28-22|Palafin-Hero, L50, F\n|switch|p1b: TB 31-26|Dachsbun, L50, F|100\/100\n|move|p2b: Discount 2x Check|Fake Out|p1a: SF 13-10\n|-damage|p1a: SF 13-10|76\/100\n|-ability|p1a: SF 13-10|Weak Armor|boost\n|-unboost|p1a: SF 13-10|def|1\n|-boost|p1a: SF 13-10|spe|2\n|cant|p1a: SF 13-10|flinch\n|move|p2a: A A Ron|Snarl|p1b: TB 31-26|[spread] p1a,p1b\n|-supereffective|p1a: SF 13-10\n|-resisted|p1b: TB 31-26\n|-damage|p1a: SF 13-10|55\/100\n|-damage|p1b: TB 31-26|97\/100\n|-unboost|p1a: SF 13-10|spa|1\n|-unboost|p1b: TB 31-26|spa|1\n|\n|-heal|p1b: TB 31-26|100\/100|[from] item: Leftovers\n|upkeep\n|turn|2\n|\n|t:|1682890732\n|-terastallize|p2b: Discount 2x Check|Steel\n|move|p2a: A A Ron|Extreme Speed|p1b: TB 31-26\n|-crit|p1b: TB 31-26\n|-damage|p1b: TB 31-26|65\/100\n|move|p1b: TB 31-26|Baby-Doll Eyes|p2b: Discount 2x Check\n|-unboost|p2b: Discount 2x Check|atk|1\n|move|p1a: SF 13-10|Lava Plume|p2b: Discount 2x Check|[spread] p2a,p2b\n|-ability|p1b: TB 31-26|Well-Baked Body|boost\n|-boost|p1b: TB 31-26|def|2\n|-resisted|p2a: A A Ron\n|-supereffective|p2b: Discount 2x Check\n|-damage|p2a: A A Ron|89\/100\n|-damage|p2b: Discount 2x Check|64\/100\n|move|p2b: Discount 2x Check|Tera Blast|p1b: TB 31-26\n|-supereffective|p1b: TB 31-26\n|-damage|p1b: TB 31-26|21\/100\n|\n|-heal|p1b: TB 31-26|27\/100|[from] item: Leftovers\n|upkeep\n|turn|3\n|\n|t:|1682890803\n|-end|p2b: Discount 2x Check|Quark Drive|[silent]\n|switch|p2b: HOF QB|Hippowdon, L50, M|100\/100\n|-weather|Sandstorm|[from] ability: Sand Stream|[of] p2b: HOF QB\n|move|p2a: A A Ron|Extreme Speed|p1b: TB 31-26\n|-damage|p1b: TB 31-26|15\/100\n|move|p1a: SF 13-10|Lava Plume|p2a: A A Ron|[spread] p2a,p2b\n|-ability|p1b: TB 31-26|Well-Baked Body|boost\n|-boost|p1b: TB 31-26|def|2\n|-resisted|p2a: A A Ron\n|-damage|p2a: A A Ron|77\/100\n|-damage|p2b: HOF QB|80\/100\n|move|p1b: TB 31-26|Body Press|p2b: HOF QB\n|-damage|p2b: HOF QB|42\/100\n|\n|-weather|Sandstorm|[upkeep]\n|-damage|p1a: SF 13-10|49\/100|[from] Sandstorm\n|-damage|p1b: TB 31-26|8\/100|[from] Sandstorm\n|-heal|p1b: TB 31-26|15\/100|[from] item: Leftovers\n|upkeep\n|turn|4\n|\n|t:|1682890897\n|switch|p1a: ATL 44-21|Salamence, L50, M|100\/100\n|-ability|p1a: ATL 44-21|Intimidate|boost\n|-unboost|p2a: A A Ron|atk|1\n|-unboost|p2b: HOF QB|atk|1\n|move|p1b: TB 31-26|Protect|p1b: TB 31-26\n|-singleturn|p1b: TB 31-26|Protect\n|move|p2a: A A Ron|Extreme Speed|p1b: TB 31-26\n|-activate|p1b: TB 31-26|move: Protect\n|move|p2b: HOF QB|Crunch|p1a: ATL 44-21\n|-damage|p1a: ATL 44-21|85\/100\n|\n|-weather|Sandstorm|[upkeep]\n|-damage|p1a: ATL 44-21|79\/100|[from] Sandstorm\n|-damage|p1b: TB 31-26|8\/100|[from] Sandstorm\n|-heal|p1b: TB 31-26|15\/100|[from] item: Leftovers\n|upkeep\n|turn|5\n|\n|t:|1682890997\n|move|p1a: ATL 44-21|Air Slash|p2b: HOF QB\n|-damage|p2b: HOF QB|2\/100\n|-enditem|p2b: HOF QB|Aguav Berry|[eat]\n|-heal|p2b: HOF QB|35\/100|[from] item: Aguav Berry\n|-damage|p1a: ATL 44-21|70\/100|[from] item: Life Orb\n|move|p2a: A A Ron|Snarl|p1a: ATL 44-21|[spread] p1a,p1b\n|-resisted|p1b: TB 31-26\n|-crit|p1b: TB 31-26\n|-damage|p1a: ATL 44-21|58\/100\n|-damage|p1b: TB 31-26|8\/100\n|-unboost|p1a: ATL 44-21|spa|1\n|-unboost|p1b: TB 31-26|spa|1\n|move|p1b: TB 31-26|Body Press|p2a: A A Ron\n|-damage|p2a: A A Ron|20\/100\n|cant|p2b: HOF QB|flinch\n|\n|-weather|Sandstorm|[upkeep]\n|-damage|p1a: ATL 44-21|53\/100|[from] Sandstorm\n|-damage|p1b: TB 31-26|2\/100|[from] Sandstorm\n|-heal|p1b: TB 31-26|8\/100|[from] item: Leftovers\n|upkeep\n|turn|6\n|\n|t:|1682891072\n|switch|p2b: Discount 2x Check|Iron Hands, L50, tera:Steel|64\/100\n|move|p2a: A A Ron|Extreme Speed|p1b: TB 31-26\n|-damage|p1b: TB 31-26|4\/100\n|move|p1a: ATL 44-21|Air Slash|p2a: A A Ron\n|-damage|p2a: A A Ron|0 fnt\n|faint|p2a: A A Ron\n|-damage|p1a: ATL 44-21|43\/100|[from] item: Life Orb\n|move|p1b: TB 31-26|Body Press|p2b: Discount 2x Check\n|-supereffective|p2b: Discount 2x Check\n|-crit|p2b: Discount 2x Check\n|-damage|p2b: Discount 2x Check|0 fnt\n|faint|p2b: Discount 2x Check\n|-end|p2b: Discount 2x Check|Quark Drive|[silent]\n|\n|-weather|Sandstorm|[upkeep]\n|-damage|p1a: ATL 44-21|37\/100|[from] Sandstorm\n|-damage|p1b: TB 31-26|0 fnt|[from] Sandstorm\n|faint|p1b: TB 31-26\n|upkeep\n|\n|t:|1682891103\n|switch|p2a: The Belt|Flamigo, L50, M|100\/100\n|switch|p1b: SEA 28-22|Palafin-Hero, L50, F|100\/100\n|switch|p2b: HOF QB|Hippowdon, L50, M|35\/100\n|-activate|p1b: SEA 28-22|ability: Zero to Hero\n|turn|7\n|\n|t:|1682891138\n|switch|p1a: SF 13-10|Armarouge, L50, M|49\/100\n|move|p1b: SEA 28-22|Wave Crash|p2b: HOF QB\n|-supereffective|p2b: HOF QB\n|-damage|p2b: HOF QB|0 fnt\n|faint|p2b: HOF QB\n|-damage|p1b: SEA 28-22|86\/100|[from] Recoil\n|move|p2a: The Belt|Brave Bird|p1b: SEA 28-22\n|-crit|p1b: SEA 28-22\n|-damage|p1b: SEA 28-22|0 fnt\n|faint|p1b: SEA 28-22\n|-damage|p2a: The Belt|69\/100|[from] Recoil\n|\n|-weather|none\n|upkeep\n|\n|t:|1682891151\n|switch|p1b: ATL 44-21|Salamence, L50, M|37\/100\n|-ability|p1b: ATL 44-21|Intimidate|boost\n|-fail|p2a: The Belt|unboost|Attack|[from] ability: Scrappy|[of] p2a: The Belt\n|turn|8\n|\n|t:|1682891180\n|move|p1a: SF 13-10|Armor Cannon|p2a: The Belt\n|-damage|p2a: The Belt|0 fnt\n|-unboost|p1a: SF 13-10|def|1\n|-unboost|p1a: SF 13-10|spd|1\n|faint|p2a: The Belt\n|\n|win|dolphinsfan254\n|c|\u2606destrucktoo|gg\n|c|\u2606dolphinsfan254|gg\n|l| smelio\n","uploadtime":1682891189,"views":15,"p1id":"dolphinsfan254","p2id":"destrucktoo","formatid":"gen9vgc2023regulationc","rating":0,"private":0,"password":""}