{"id":"gen9vgc2023regulationc-1857421872","p1":"haha you rage quit","p2":"al24088","format":"[Gen 9] VGC 2023 Regulation C","log":"|j|\u2606haha you rage quit\n|j|\u2606al24088\n|t:|1683190521\n|gametype|doubles\n|player|p1|haha you rage quit|pokemaniac|1286\n|player|p2|al24088|preschooler|1302\n|teamsize|p1|6\n|teamsize|p2|6\n|gen|9\n|tier|[Gen 9] VGC 2023 Regulation C\n|rated|\n|rule|Species Clause: Limit one of each Pok\u00e9mon\n|rule|Item Clause: Limit one of each item\n|clearpoke\n|poke|p1|Flutter Mane, L50|\n|poke|p1|Chi-Yu, L50|\n|poke|p1|Baxcalibur, L50, M|\n|poke|p1|Gholdengo, L50|\n|poke|p1|Iron Bundle, L50|\n|poke|p1|Murkrow, L50, M|\n|poke|p2|Glimmora, L50, M|\n|poke|p2|Gastrodon-East, L50, F|\n|poke|p2|Maushold, L50|\n|poke|p2|Flutter Mane, L50|\n|poke|p2|Wo-Chien, L50|\n|poke|p2|Corviknight, L50, F|\n|teampreview|4\n|inactive|Battle timer is ON: inactive players will automatically lose when time's up. (requested by al24088)\n|\n|t:|1683190574\n|start\n|switch|p1a: Baxcalibur|Baxcalibur, L50, M|100\/100\n|switch|p1b: Murkrow|Murkrow, L50, M|100\/100\n|switch|p2a: Gastrodon|Gastrodon-East, L50, F|100\/100\n|switch|p2b: Glimmora|Glimmora, L50, M, shiny|100\/100\n|turn|1\n|inactive|haha you rage quit has 30 seconds left.\n|\n|t:|1683190604\n|-terastallize|p1a: Baxcalibur|Steel\n|move|p1b: Murkrow|Protect|p1b: Murkrow\n|-singleturn|p1b: Murkrow|Protect\n|move|p1a: Baxcalibur|Earthquake|p2b: Glimmora|[spread] p2a,p2b\n|-activate|p1b: Murkrow|move: Protect\n|-supereffective|p2b: Glimmora\n|-damage|p2a: Gastrodon|68\/100\n|-damage|p2b: Glimmora|0 fnt\n|-activate|p2b: Glimmora|ability: Toxic Debris\n|-sidestart|p1: haha you rage quit|move: Toxic Spikes\n|faint|p2b: Glimmora\n|move|p2a: Gastrodon|Icy Wind|p1b: Murkrow|[spread] p1a\n|-activate|p1b: Murkrow|move: Protect\n|-resisted|p1a: Baxcalibur\n|-damage|p1a: Baxcalibur|97\/100\n|-unboost|p1a: Baxcalibur|spe|1\n|\n|upkeep\n|\n|t:|1683190614\n|switch|p2b: Corviknight|Corviknight, L50, F, shiny|100\/100\n|turn|2\n|inactive|haha you rage quit has 30 seconds left.\n|\n|t:|1683190644\n|move|p1b: Murkrow|Haze|p1b: Murkrow\n|-clearallboost\n|move|p1a: Baxcalibur|Glaive Rush|p2a: Gastrodon\n|-damage|p2a: Gastrodon|0 fnt\n|-singlemove|p1a: Baxcalibur|Glaive Rush|[silent]\n|faint|p2a: Gastrodon\n|move|p2b: Corviknight|Bulk Up|p2b: Corviknight\n|-boost|p2b: Corviknight|atk|1\n|-boost|p2b: Corviknight|def|1\n|\n|upkeep\n|\n|t:|1683190651\n|switch|p2a: Flutter Mane|Flutter Mane, L50, shiny|100\/100\n|turn|3\n|inactive|haha you rage quit has 30 seconds left.\n|\n|t:|1683190681\n|move|p1a: Baxcalibur|Protect|p1a: Baxcalibur\n|-singleturn|p1a: Baxcalibur|Protect\n|move|p1b: Murkrow|Tailwind|p1b: Murkrow\n|-sidestart|p1: haha you rage quit|move: Tailwind\n|move|p2a: Flutter Mane|Dazzling Gleam|p1b: Murkrow|[spread] p1b\n|-activate|p1a: Baxcalibur|move: Protect\n|-supereffective|p1b: Murkrow\n|-enditem|p1b: Murkrow|Focus Sash\n|-damage|p1b: Murkrow|1\/100\n|move|p2b: Corviknight|Body Press|p1a: Baxcalibur\n|-activate|p1a: Baxcalibur|move: Protect\n|\n|upkeep\n|turn|4\n|\n|t:|1683190696\n|move|p1b: Murkrow|Haze|p1b: Murkrow\n|-clearallboost\n|move|p1a: Baxcalibur|Icicle Spear|p2a: Flutter Mane\n|-damage|p2a: Flutter Mane|76\/100\n|-damage|p2a: Flutter Mane|54\/100\n|-damage|p2a: Flutter Mane|33\/100\n|-damage|p2a: Flutter Mane|12\/100\n|-hitcount|p2a: Flutter Mane|4\n|move|p2a: Flutter Mane|Dazzling Gleam|p1b: Murkrow|[spread] p1a,p1b\n|-resisted|p1a: Baxcalibur\n|-supereffective|p1b: Murkrow\n|-damage|p1a: Baxcalibur|77\/100\n|-damage|p1b: Murkrow|0 fnt\n|faint|p1b: Murkrow\n|move|p2b: Corviknight|Body Press|p1a: Baxcalibur\n|-supereffective|p1a: Baxcalibur\n|-damage|p1a: Baxcalibur|40\/100\n|\n|upkeep\n|\n|t:|1683190710\n|switch|p1b: Chi-Yu|Chi-Yu, L50|100\/100\n|-status|p1b: Chi-Yu|psn\n|-ability|p1b: Chi-Yu|Beads of Ruin\n|turn|5\n|\n|t:|1683190721\n|-terastallize|p2a: Flutter Mane|Water\n|move|p1b: Chi-Yu|Heat Wave|p2a: Flutter Mane|[spread] p2a,p2b\n|-resisted|p2a: Flutter Mane\n|-supereffective|p2b: Corviknight\n|-damage|p2a: Flutter Mane|0 fnt\n|-damage|p2b: Corviknight|29\/100\n|faint|p2a: Flutter Mane\n|-end|p2a: Flutter Mane|Protosynthesis|[silent]\n|move|p1a: Baxcalibur|Icicle Spear|p2b: Corviknight\n|-damage|p2b: Corviknight|17\/100\n|-crit|p2b: Corviknight\n|-damage|p2b: Corviknight|0 fnt\n|faint|p2b: Corviknight\n|-hitcount|p2: Corviknight|2\n|\n|win|haha you rage quit\n|raw|haha you rage quit's rating: 1286 → 1312<\/strong> (+26 for winning)\n|raw|al24088's rating: 1302 → 1281<\/strong> (-21 for losing)\n|l|\u2606al24088\n","uploadtime":1683190743,"views":11,"p1id":"hahayouragequit","p2id":"al24088","formatid":"gen9vgc2023regulationc","rating":1281,"private":0,"password":""}