{"id":"gen9vgc2023regulationc-1857118213","p1":"BIGHAXORUSFAN147","p2":"AtticusTest","format":"[Gen 9] VGC 2023 Regulation C","log":"|j|\u2606BIGHAXORUSFAN147\n|j|\u2606AtticusTest\n|t:|1683147606\n|gametype|doubles\n|player|p1|BIGHAXORUSFAN147|grimsley-masters|1418\n|player|p2|AtticusTest|2|1355\n|teamsize|p1|6\n|teamsize|p2|6\n|gen|9\n|tier|[Gen 9] VGC 2023 Regulation C\n|rated|\n|rule|Species Clause: Limit one of each Pok\u00e9mon\n|rule|Item Clause: Limit one of each item\n|clearpoke\n|poke|p1|Chien-Pao, L50|\n|poke|p1|Palafin, L50, M|\n|poke|p1|Dragonite, L50, F|\n|poke|p1|Amoonguss, L50, M|\n|poke|p1|Arcanine, L50, M|\n|poke|p1|Flutter Mane, L50|\n|poke|p2|Chi-Yu, L50|\n|poke|p2|Dachsbun, L50, M|\n|poke|p2|Dragonite, L50, F|\n|poke|p2|Flutter Mane, L50|\n|poke|p2|Azumarill, L50, F|\n|poke|p2|Chien-Pao, L50|\n|teampreview|4\nBIGHAXORUSFAN147 has agreed to open team sheets.\n|inactive|Battle timer is ON: inactive players will automatically lose when time's up. (requested by AtticusTest)\n|\n|t:|1683147658\n|start\n|switch|p1a: Bryan|Palafin, L50, M, shiny|100\/100\n|switch|p1b: Adam|Arcanine, L50, M|100\/100\n|switch|p2a: Chi-Yu|Chi-Yu, L50|100\/100\n|switch|p2b: Dachsbun|Dachsbun, L50, M|100\/100\n|-ability|p2a: Chi-Yu|Beads of Ruin\n|-ability|p1b: Adam|Intimidate|boost\n|-unboost|p2a: Chi-Yu|atk|1\n|-unboost|p2b: Dachsbun|atk|1\n|turn|1\n|\n|t:|1683147679\n|-terastallize|p2a: Chi-Yu|Grass\n|move|p1b: Adam|Extreme Speed|p2a: Chi-Yu\n|-damage|p2a: Chi-Yu|59\/100\n|move|p2a: Chi-Yu|Lava Plume|p1a: Bryan|[spread] p1a,p1b\n|-ability|p2b: Dachsbun|Well-Baked Body|boost\n|-boost|p2b: Dachsbun|def|2\n|-resisted|p1a: Bryan\n|-resisted|p1b: Adam\n|-damage|p1a: Bryan|68\/100\n|-damage|p1b: Adam|72\/100\n|-damage|p2a: Chi-Yu|49\/100|[from] item: Life Orb\n|move|p1a: Bryan|Haze|p1a: Bryan\n|-clearallboost\n|move|p2b: Dachsbun|Body Press|p1b: Adam\n|-damage|p1b: Adam|50\/100\n|\n|upkeep\n|turn|2\n|inactive|BIGHAXORUSFAN147 has 30 seconds left.\n|inactive|AtticusTest has 30 seconds left.\n|\n|t:|1683147707\n|detailschange|p1a: Bryan|Palafin-Hero, L50, M, shiny\n|switch|p1a: Evan|Amoonguss, L50, M|100\/100\n|move|p2a: Chi-Yu|Lava Plume|p1a: Evan|[spread] p1a,p1b\n|-ability|p2b: Dachsbun|Well-Baked Body|boost\n|-boost|p2b: Dachsbun|def|2\n|-supereffective|p1a: Evan\n|-crit|p1a: Evan\n|-resisted|p1b: Adam\n|-damage|p1a: Evan|0 fnt\n|-damage|p1b: Adam|25\/100\n|faint|p1a: Evan\n|-damage|p2a: Chi-Yu|39\/100|[from] item: Life Orb\n|move|p1b: Adam|Flare Blitz|p2a: Chi-Yu\n|-supereffective|p2a: Chi-Yu\n|-crit|p2a: Chi-Yu\n|-damage|p2a: Chi-Yu|0 fnt\n|faint|p2a: Chi-Yu\n|-damage|p1b: Adam|17\/100|[from] Recoil\n|move|p2b: Dachsbun|Body Press|p1b: Adam\n|-damage|p1b: Adam|0 fnt\n|faint|p1b: Adam\n|\n|upkeep\n|inactive|AtticusTest has 30 seconds left.\n|inactive|AtticusTest has 20 seconds left.\n|inactive|AtticusTest has 15 seconds left.\n|inactive|AtticusTest has 10 seconds left.\n|\n|t:|1683147757\n|switch|p2a: Flutter Mane|Flutter Mane, L50|100\/100\n|switch|p1b: Iris|Chien-Pao, L50|100\/100\n|switch|p1a: Bryan|Palafin-Hero, L50, M, shiny|68\/100\n|-ability|p1b: Iris|Sword of Ruin\n|-activate|p1a: Bryan|ability: Zero to Hero\n|-enditem|p2a: Flutter Mane|Booster Energy\n|-activate|p2a: Flutter Mane|ability: Protosynthesis|[fromitem]\n|-start|p2a: Flutter Mane|protosynthesisspe\n|turn|3\n|inactive|BIGHAXORUSFAN147 has 30 seconds left.\n|\n|t:|1683147790\n|-terastallize|p1b: Iris|Ghost\n|move|p1b: Iris|Sucker Punch|p2a: Flutter Mane\n|-damage|p2a: Flutter Mane|11\/100\n|move|p1a: Bryan|Jet Punch|p2a: Flutter Mane\n|-damage|p2a: Flutter Mane|0 fnt\n|faint|p2a: Flutter Mane\n|-end|p2a: Flutter Mane|Protosynthesis|[silent]\n|move|p2b: Dachsbun|Body Press|p1b: Iris\n|-immune|p1b: Iris\n|\n|upkeep\n|\n|t:|1683147799\n|switch|p2a: Chien-Pao|Chien-Pao, L50|100\/100\n|-ability|p2a: Chien-Pao|Sword of Ruin\n|turn|4\n|\n|t:|1683147809\n|move|p2a: Chien-Pao|Protect|p2a: Chien-Pao\n|-singleturn|p2a: Chien-Pao|Protect\n|move|p1b: Iris|Sacred Sword|p2a: Chien-Pao\n|-activate|p2a: Chien-Pao|move: Protect\n|move|p1a: Bryan|Haze|p1a: Bryan\n|-clearallboost\n|move|p2b: Dachsbun|Yawn|p1a: Bryan\n|-start|p1a: Bryan|move: Yawn|[of] p2b: Dachsbun\n|\n|upkeep\n|turn|5\n|inactive|BIGHAXORUSFAN147 has 30 seconds left.\n|inactive|AtticusTest has 30 seconds left.\n|\n|t:|1683147835\n|move|p2a: Chien-Pao|Sucker Punch|p1b: Iris\n|-supereffective|p1b: Iris\n|-damage|p1b: Iris|12\/100\n|move|p1a: Bryan|Jet Punch|p2a: Chien-Pao\n|-damage|p2a: Chien-Pao|35\/100\n|move|p1b: Iris|Sacred Sword|p2a: Chien-Pao\n|-supereffective|p2a: Chien-Pao\n|-damage|p2a: Chien-Pao|0 fnt\n|faint|p2a: Chien-Pao\n|move|p2b: Dachsbun|Body Press|p1a: Bryan\n|-damage|p1a: Bryan|42\/100\n|\n|-end|p1a: Bryan|move: Yawn|[silent]\n|-status|p1a: Bryan|slp\n|upkeep\n|turn|6\n|-message|AtticusTest forfeited.\n|\n|win|BIGHAXORUSFAN147\n|raw|BIGHAXORUSFAN147's rating: 1418 → 1434<\/strong> (+16 for winning)\n|raw|AtticusTest's rating: 1355 → 1339<\/strong> (-16 for losing)\n|l|\u2606AtticusTest\n","uploadtime":1683147862,"views":7,"p1id":"bighaxorusfan147","p2id":"atticustest","formatid":"gen9vgc2023regulationc","rating":1339,"private":0,"password":""}