{"id":"gen9vgc2023regulationc-1844901758","p1":"darkblazeblade","p2":"veloko_5849","format":"[Gen 9] VGC 2023 Regulation C","log":"|j|\u2606darkblazeblade\n|j|\u2606veloko_5849\n|t:|1681662213\n|gametype|doubles\n|player|p1|darkblazeblade|jasmine-masters|1028\n|player|p2|veloko_5849|pokemaniac|1073\n|teamsize|p1|6\n|teamsize|p2|6\n|gen|9\n|tier|[Gen 9] VGC 2023 Regulation C\n|rated|\n|rule|Species Clause: Limit one of each Pok\u00e9mon\n|rule|Item Clause: Limit one of each item\n|clearpoke\n|poke|p1|Dragapult, L50, F|\n|poke|p1|Roaring Moon, L50|\n|poke|p1|Ceruledge, L50, F|\n|poke|p1|Torkoal, L50, F|\n|poke|p1|Lilligant, L50, F|\n|poke|p1|Chi-Yu, L50|\n|poke|p2|Flutter Mane, L50|\n|poke|p2|Ting-Lu, L50|\n|poke|p2|Amoonguss, L50, F|\n|poke|p2|Arcanine, L50, F|\n|poke|p2|Baxcalibur, L50, F|\n|poke|p2|Palafin, L50, F|\n|teampreview|4\n|inactive|Battle timer is ON: inactive players will automatically lose when time's up. (requested by darkblazeblade)\nveloko_5849 has agreed to open team sheets.\n|inactive|veloko_5849 has 60 seconds left.\n|inactive|darkblazeblade has 60 seconds left.\n|\n|t:|1681662262\n|start\n|switch|p1a: Ho-0h|Roaring Moon, L50, shiny|100\/100\n|switch|p1b: Breakthrough|Torkoal, L50, F|100\/100\n|switch|p2a: fl-co os-mr|Ting-Lu, L50|100\/100\n|switch|p2b: ofc sup npr|Arcanine, L50, F|100\/100\n|-ability|p2b: ofc sup npr|Intimidate|boost\n|-unboost|p1a: Ho-0h|atk|1\n|-unboost|p1b: Breakthrough|atk|1\n|-ability|p2a: fl-co os-mr|Vessel of Ruin\n|-weather|SunnyDay|[from] ability: Drought|[of] p1b: Breakthrough\n|-activate|p1a: Ho-0h|ability: Protosynthesis\n|-start|p1a: Ho-0h|protosynthesisspe\n|turn|1\n|inactive|darkblazeblade has 30 seconds left.\n|inactive|veloko_5849 has 30 seconds left.\n|inactive|veloko_5849 has 20 seconds left.\n|\n|t:|1681662300\n|-terastallize|p2b: ofc sup npr|Water\n|move|p1a: Ho-0h|Tera Blast|p2b: ofc sup npr\n|-damage|p2b: ofc sup npr|92\/100\n|move|p2b: ofc sup npr|Will-O-Wisp|p1a: Ho-0h\n|-status|p1a: Ho-0h|brn\n|move|p2a: fl-co os-mr|Fissure|p1b: Breakthrough\n|-damage|p1b: Breakthrough|0 fnt\n|faint|p1b: Breakthrough\n|-ohko\n|\n|-weather|SunnyDay|[upkeep]\n|-damage|p1a: Ho-0h|94\/100 brn|[from] brn\n|upkeep\n|\n|t:|1681662308\n|switch|p1b: Ceruledge|Ceruledge, L50, F, shiny|100\/100\n|turn|2\n|inactive|darkblazeblade has 30 seconds left.\n|\n|t:|1681662336\n|move|p1a: Ho-0h|Tera Blast|p2b: ofc sup npr\n|-damage|p2b: ofc sup npr|84\/100\n|move|p2b: ofc sup npr|Howl|p2b: ofc sup npr|[spread] p2a,p2b\n|-boost|p2a: fl-co os-mr|atk|1\n|-boost|p2b: ofc sup npr|atk|1\n|move|p1b: Ceruledge|Solar Blade||[still]\n|-prepare|p1b: Ceruledge|Solar Blade\n|-anim|p1b: Ceruledge|Solar Blade|p2a: fl-co os-mr\n|-supereffective|p2a: fl-co os-mr\n|-damage|p2a: fl-co os-mr|56\/100\n|move|p2a: fl-co os-mr|Fissure|p1b: Ceruledge\n|-damage|p1b: Ceruledge|0 fnt\n|faint|p1b: Ceruledge\n|-ohko\n|\n|-weather|SunnyDay|[upkeep]\n|-damage|p1a: Ho-0h|88\/100 brn|[from] brn\n|upkeep\n|\n|t:|1681662338\n|switch|p1b: Dragapult|Dragapult, L50, F|100\/100\n|turn|3\n|inactive|veloko_5849 has 30 seconds left.\n|\n|t:|1681662369\n|-terastallize|p1b: Dragapult|Dragon\n|move|p1a: Ho-0h|Tera Blast|p2b: ofc sup npr\n|-damage|p2b: ofc sup npr|75\/100\n|move|p1b: Dragapult|Dragon Darts|p2b: ofc sup npr\n|-damage|p2b: ofc sup npr|38\/100\n|-enditem|p2b: ofc sup npr|Sitrus Berry|[eat]\n|-heal|p2b: ofc sup npr|63\/100|[from] item: Sitrus Berry\n|-anim|p1b: Dragapult|Dragon Darts|p2a: fl-co os-mr\n|-damage|p2a: fl-co os-mr|36\/100\n|move|p2b: ofc sup npr|Howl|p2b: ofc sup npr|[spread] p2a,p2b\n|-boost|p2a: fl-co os-mr|atk|1\n|-boost|p2b: ofc sup npr|atk|1\n|move|p2a: fl-co os-mr|Fissure|p1a: Ho-0h\n|-damage|p1a: Ho-0h|0 fnt\n|faint|p1a: Ho-0h\n|-end|p1a: Ho-0h|Protosynthesis|[silent]\n|-ohko\n|\n|-weather|SunnyDay|[upkeep]\n|upkeep\n|turn|4\n|\n|t:|1681662394\n|move|p2b: ofc sup npr|Extreme Speed|p1b: Dragapult\n|-damage|p1b: Dragapult|39\/100\n|move|p1b: Dragapult|U-turn|p2a: fl-co os-mr\n|-supereffective|p2a: fl-co os-mr\n|-damage|p2a: fl-co os-mr|4\/100\n|move|p2a: fl-co os-mr|Fissure|p1b: Dragapult|[miss]\n|-miss|p2a: fl-co os-mr|p1b: Dragapult\n|\n|-weather|SunnyDay|[upkeep]\n|upkeep\n|turn|5\n|inactive|darkblazeblade has 30 seconds left.\n|inactive|darkblazeblade has 20 seconds left.\n|inactive|darkblazeblade has 15 seconds left.\n|inactive|darkblazeblade has 10 seconds left.\n|inactive|darkblazeblade has 5 seconds left.\n|\n|t:|1681662449\n|move|p1b: Dragapult|Dragon Darts|p2b: ofc sup npr\n|-damage|p2b: ofc sup npr|24\/100\n|-anim|p1b: Dragapult|Dragon Darts|p2a: fl-co os-mr\n|-damage|p2a: fl-co os-mr|0 fnt\n|faint|p2a: fl-co os-mr\n|move|p2b: ofc sup npr|Howl|p2b: ofc sup npr\n|-boost|p2b: ofc sup npr|atk|1\n|\n|-weather|none\n|upkeep\n|\n|t:|1681662458\n|switch|p2a: stu pr|Baxcalibur, L50, F|100\/100\n|turn|6\n|inactive|darkblazeblade has 30 seconds left.\n|inactive|darkblazeblade has 20 seconds left.\n|inactive|darkblazeblade has 15 seconds left.\n|inactive|darkblazeblade has 10 seconds left.\n|inactive|darkblazeblade has 5 seconds left.\n|\n|t:|1681662513\n|move|p2b: ofc sup npr|Extreme Speed|p1b: Dragapult\n|-damage|p1b: Dragapult|0 fnt\n|faint|p1b: Dragapult\n|\n|win|veloko_5849\n|raw|darkblazeblade's rating: 1028 → 1016<\/strong> (-12 for losing)\n|raw|veloko_5849's rating: 1073 → 1098<\/strong> (+25 for winning)\n|l|\u2606veloko_5849\n","uploadtime":1681662616,"views":17,"p1id":"darkblazeblade","p2id":"veloko5849","formatid":"gen9vgc2023regulationc","rating":1016,"private":0,"password":""}