{"id":"gen9vgc2023regulationc-1862873619","p1":"Chaotic Raos","p2":"ShatteredPugVGC","format":"[Gen 9] VGC 2023 Regulation C","log":"|j|\u2606Chaotic Raos\n|j|\u2606ShatteredPugVGC\n|t:|1683932122\n|gametype|doubles\n|player|p1|Chaotic Raos|bellelba|1367\n|player|p2|ShatteredPugVGC|colress|1284\n|teamsize|p1|6\n|teamsize|p2|6\n|gen|9\n|tier|[Gen 9] VGC 2023 Regulation C\n|rated|\n|rule|Species Clause: Limit one of each Pok\u00e9mon\n|rule|Item Clause: Limit one of each item\n|clearpoke\n|poke|p1|Ceruledge, L50, F|\n|poke|p1|Murkrow, L50, F|\n|poke|p1|Amoonguss, L50, F|\n|poke|p1|Arcanine, L50, F|\n|poke|p1|Salamence, L50, F|\n|poke|p1|Flutter Mane, L50|\n|poke|p2|Wo-Chien, L50|\n|poke|p2|Hippowdon, L50, F|\n|poke|p2|Orthworm, L50, F|\n|poke|p2|Iron Hands, L50|\n|poke|p2|Flutter Mane, L50|\n|poke|p2|Gyarados, L50, M|\n|teampreview|4\n|\n|t:|1683932183\n|start\n|switch|p1a: Ceruledge|Ceruledge, L50, F|100\/100\n|switch|p1b: Murkrow|Murkrow, L50, F|100\/100\n|switch|p2a: Wo-Chien|Wo-Chien, L50|100\/100\n|switch|p2b: Hippowdon|Hippowdon, L50, F|100\/100\n|-ability|p2a: Wo-Chien|Tablets of Ruin\n|-weather|Sandstorm|[from] ability: Sand Stream|[of] p2b: Hippowdon\n|turn|1\n|\n|t:|1683932213\n|-terastallize|p1a: Ceruledge|Grass\n|-terastallize|p2a: Wo-Chien|Rock\n|move|p1b: Murkrow|Taunt|p2b: Hippowdon\n|-start|p2b: Hippowdon|move: Taunt\n|move|p1a: Ceruledge|Swords Dance|p1a: Ceruledge\n|-boost|p1a: Ceruledge|atk|2\n|move|p2a: Wo-Chien|Substitute|p2a: Wo-Chien\n|-start|p2a: Wo-Chien|Substitute\n|-damage|p2a: Wo-Chien|75\/100\n|move|p2b: Hippowdon|Sand Tomb|p1a: Ceruledge\n|-resisted|p1a: Ceruledge\n|-damage|p1a: Ceruledge|94\/100\n|-activate|p1a: Ceruledge|move: Sand Tomb|[of] p2b: Hippowdon\n|\n|-weather|Sandstorm|[upkeep]\n|-damage|p1b: Murkrow|95\/100|[from] Sandstorm\n|-damage|p1a: Ceruledge|88\/100|[from] Sandstorm\n|-heal|p2a: Wo-Chien|82\/100|[from] item: Leftovers\n|-heal|p1a: Ceruledge|94\/100|[from] item: Leftovers\n|-damage|p1a: Ceruledge|82\/100|[from] move: Sand Tomb|[partiallytrapped]\n|upkeep\n|turn|2\n|\n|t:|1683932242\n|move|p1b: Murkrow|Night Shade|p2a: Wo-Chien\n|-end|p2a: Wo-Chien|Substitute\n|move|p2a: Wo-Chien|Leech Seed|p1b: Murkrow\n|-start|p1b: Murkrow|move: Leech Seed\n|move|p1a: Ceruledge|Bitter Blade|p2b: Hippowdon\n|-damage|p2b: Hippowdon|64\/100\n|-heal|p1a: Ceruledge|100\/100|[from] drain|[of] p2b: Hippowdon\n|move|p2b: Hippowdon|Sand Tomb|p1b: Murkrow\n|-immune|p1b: Murkrow\n|\n|-weather|Sandstorm|[upkeep]\n|-damage|p1b: Murkrow|89\/100|[from] Sandstorm\n|-damage|p1a: Ceruledge|94\/100|[from] Sandstorm\n|-heal|p2a: Wo-Chien|88\/100|[from] item: Leftovers\n|-heal|p1a: Ceruledge|100\/100|[from] item: Leftovers\n|-damage|p1b: Murkrow|77\/100|[from] Leech Seed|[of] p2a: Wo-Chien\n|-heal|p2a: Wo-Chien|98\/100|[silent]\n|-damage|p1a: Ceruledge|88\/100|[from] move: Sand Tomb|[partiallytrapped]\n|upkeep\n|turn|3\n|\n|t:|1683932264\n|move|p1b: Murkrow|Taunt|p2a: Wo-Chien\n|-start|p2a: Wo-Chien|move: Taunt\n|cant|p2a: Wo-Chien|move: Taunt|Substitute\n|move|p1a: Ceruledge|Swords Dance|p1a: Ceruledge\n|-boost|p1a: Ceruledge|atk|2\n|move|p2b: Hippowdon|Sand Tomb|p1a: Ceruledge\n|-resisted|p1a: Ceruledge\n|-damage|p1a: Ceruledge|82\/100\n|\n|-weather|Sandstorm|[upkeep]\n|-damage|p1b: Murkrow|71\/100|[from] Sandstorm\n|-damage|p1a: Ceruledge|76\/100|[from] Sandstorm\n|-heal|p2a: Wo-Chien|100\/100|[from] item: Leftovers\n|-heal|p1a: Ceruledge|82\/100|[from] item: Leftovers\n|-damage|p1b: Murkrow|59\/100|[from] Leech Seed|[of] p2a: Wo-Chien\n|-damage|p1a: Ceruledge|70\/100|[from] move: Sand Tomb|[partiallytrapped]\n|-end|p2b: Hippowdon|move: Taunt\n|upkeep\n|turn|4\n|\n|t:|1683932285\n|move|p1b: Murkrow|Taunt|p2b: Hippowdon\n|-start|p2b: Hippowdon|move: Taunt\n|move|p2a: Wo-Chien|Giga Drain|p1a: Ceruledge\n|-resisted|p1a: Ceruledge\n|-damage|p1a: Ceruledge|61\/100\n|move|p1a: Ceruledge|Swords Dance|p1a: Ceruledge\n|-boost|p1a: Ceruledge|atk|2\n|cant|p2b: Hippowdon|move: Taunt|Yawn\n|\n|-weather|Sandstorm|[upkeep]\n|-damage|p1b: Murkrow|53\/100|[from] Sandstorm\n|-damage|p1a: Ceruledge|55\/100|[from] Sandstorm\n|-heal|p1a: Ceruledge|61\/100|[from] item: Leftovers\n|-damage|p1b: Murkrow|41\/100|[from] Leech Seed|[of] p2a: Wo-Chien\n|-damage|p1a: Ceruledge|49\/100|[from] move: Sand Tomb|[partiallytrapped]\n|upkeep\n|turn|5\n|c|\u2606ShatteredPugVGC|youre werid\n|c|\u2606Chaotic Raos|You're literally running Hippowdon Sand Tomb stall.\n|inactive|Battle timer is ON: inactive players will automatically lose when time's up. (requested by ShatteredPugVGC)\n|c|\u2606ShatteredPugVGC|weird\n|\n|t:|1683932323\n|move|p1b: Murkrow|Night Shade|p2a: Wo-Chien\n|-damage|p2a: Wo-Chien|74\/100\n|move|p1a: Ceruledge|Bitter Blade|p2b: Hippowdon\n|-damage|p2b: Hippowdon|0 fnt\n|-heal|p1a: Ceruledge|87\/100|[from] drain|[of] p2b: Hippowdon\n|faint|p2b: Hippowdon\n|move|p2a: Wo-Chien|Giga Drain|p1a: Ceruledge\n|-resisted|p1a: Ceruledge\n|-damage|p1a: Ceruledge|79\/100\n|-heal|p2a: Wo-Chien|79\/100|[from] drain|[of] p1a: Ceruledge\n|\n|-weather|none\n|-heal|p2a: Wo-Chien|85\/100|[from] item: Leftovers\n|-heal|p1a: Ceruledge|85\/100|[from] item: Leftovers\n|-damage|p1b: Murkrow|29\/100|[from] Leech Seed|[of] p2a: Wo-Chien\n|-heal|p2a: Wo-Chien|95\/100|[silent]\n|-end|p1a: Ceruledge|Sand Tomb|[partiallytrapped]|[silent]\n|-end|p2a: Wo-Chien|move: Taunt\n|upkeep\n|\n|t:|1683932331\n|switch|p2b: Flutter Mane|Flutter Mane, L50|100\/100\n|-enditem|p2b: Flutter Mane|Booster Energy\n|-activate|p2b: Flutter Mane|ability: Protosynthesis|[fromitem]\n|-start|p2b: Flutter Mane|protosynthesisspa\n|turn|6\n|\n|t:|1683932345\n|move|p1b: Murkrow|Taunt|p2a: Wo-Chien\n|-start|p2a: Wo-Chien|move: Taunt\n|move|p1a: Ceruledge|Shadow Sneak|p2b: Flutter Mane\n|-supereffective|p2b: Flutter Mane\n|-damage|p2b: Flutter Mane|0 fnt\n|faint|p2b: Flutter Mane\n|-end|p2b: Flutter Mane|Protosynthesis|[silent]\n|cant|p2a: Wo-Chien|move: Taunt|Substitute\n|\n|-heal|p1a: Ceruledge|91\/100|[from] item: Leftovers\n|-heal|p2a: Wo-Chien|100\/100|[from] item: Leftovers\n|-damage|p1b: Murkrow|17\/100|[from] Leech Seed|[of] p2a: Wo-Chien\n|upkeep\n|-message|ShatteredPugVGC forfeited.\n|\n|win|Chaotic Raos\n|raw|Chaotic Raos's rating: 1367 → 1382<\/strong> (+15 for winning)\n|raw|ShatteredPugVGC's rating: 1284 → 1265<\/strong> (-19 for losing)\n|l|\u2606ShatteredPugVGC\n","uploadtime":1683932396,"views":25,"p1id":"chaoticraos","p2id":"shatteredpugvgc","formatid":"gen9vgc2023regulationc","rating":1265,"private":0,"password":""}