{"id":"gen9vgc2023regulationc-1859357477","p1":"hitmanmjs19","p2":"Arcacagne","format":"[Gen 9] VGC 2023 Regulation C","log":"|j|\u2606hitmanmjs19\n|j|\u2606Arcacagne\n|t:|1683446356\n|gametype|doubles\n|player|p1|hitmanmjs19|265|1058\n|player|p2|Arcacagne|2|1040\n|teamsize|p1|6\n|teamsize|p2|6\n|gen|9\n|tier|[Gen 9] VGC 2023 Regulation C\n|rated|\n|rule|Species Clause: Limit one of each Pok\u00e9mon\n|rule|Item Clause: Limit one of each item\n|clearpoke\n|poke|p1|Annihilape, L50, M|\n|poke|p1|Grimmsnarl, L50, M|\n|poke|p1|Dragonite, L50, F|\n|poke|p1|Murkrow, L50, M|\n|poke|p1|Chien-Pao, L50|\n|poke|p1|Breloom, L50, F|\n|poke|p2|Chi-Yu, L50|\n|poke|p2|Flutter Mane, L50|\n|poke|p2|Amoonguss, L50, F|\n|poke|p2|Palafin, L50, F|\n|poke|p2|Kingambit, L50, M|\n|poke|p2|Arcanine, L50, M|\n|teampreview|4\n|inactive|Battle timer is ON: inactive players will automatically lose when time's up. (requested by Arcacagne)\n|\n|t:|1683446387\n|start\n|switch|p1a: Murkrow|Murkrow, L50, M|100\/100\n|switch|p1b: Annihilape|Annihilape, L50, M|100\/100\n|switch|p2a: Chi-Yu|Chi-Yu, L50|100\/100\n|switch|p2b: Amoonguss|Amoonguss, L50, F|100\/100\n|-ability|p2a: Chi-Yu|Beads of Ruin\n|turn|1\n|inactive|hitmanmjs19 has 30 seconds left.\n|\n|t:|1683446414\n|move|p2a: Chi-Yu|Protect|p2a: Chi-Yu\n|-singleturn|p2a: Chi-Yu|Protect\n|move|p1b: Annihilape|Protect|p1b: Annihilape\n|-singleturn|p1b: Annihilape|Protect\n|move|p1a: Murkrow|Tailwind|p1a: Murkrow\n|-sidestart|p1: hitmanmjs19|move: Tailwind\n|move|p2b: Amoonguss|Spore|p1b: Annihilape\n|-activate|p1b: Annihilape|move: Protect\n|\n|upkeep\n|turn|2\n|\n|t:|1683446438\n|move|p2b: Amoonguss|Rage Powder|p2b: Amoonguss\n|-singleturn|p2b: Amoonguss|move: Rage Powder\n|move|p1a: Murkrow|Thunder Wave|p2b: Amoonguss|[miss]\n|-miss|p1a: Murkrow|p2b: Amoonguss\n|move|p1b: Annihilape|Drain Punch|p2b: Amoonguss\n|-resisted|p2b: Amoonguss\n|-damage|p2b: Amoonguss|84\/100\n|move|p2a: Chi-Yu|Nasty Plot|p2a: Chi-Yu\n|-boost|p2a: Chi-Yu|spa|2\n|\n|upkeep\n|turn|3\n|\n|t:|1683446460\n|-terastallize|p2a: Chi-Yu|Water\n|move|p1a: Murkrow|Taunt|p2b: Amoonguss\n|-start|p2b: Amoonguss|move: Taunt\n|move|p1b: Annihilape|Drain Punch|p2a: Chi-Yu\n|-damage|p2a: Chi-Yu|52\/100\n|move|p2a: Chi-Yu|Heat Wave|p1b: Annihilape|[spread] p1a,p1b\n|-damage|p1a: Murkrow|29\/100\n|-damage|p1b: Annihilape|22\/100\n|cant|p2b: Amoonguss|move: Taunt|Spore\n|\n|-heal|p1b: Annihilape|28\/100|[from] item: Leftovers\n|upkeep\n|turn|4\n|inactive|hitmanmjs19 has 30 seconds left.\n|inactive|hitmanmjs19 has 20 seconds left.\n|inactive|hitmanmjs19 has 15 seconds left.\n|inactive|hitmanmjs19 has 10 seconds left.\n|\n|t:|1683446505\n|switch|p1a: Dragonite|Dragonite, L50, F|100\/100\n|switch|p2b: Flutter Mane|Flutter Mane, L50|100\/100\n|-enditem|p2b: Flutter Mane|Booster Energy\n|-activate|p2b: Flutter Mane|ability: Protosynthesis|[fromitem]\n|-start|p2b: Flutter Mane|protosynthesisspa\n|move|p1b: Annihilape|Protect|p1b: Annihilape\n|-singleturn|p1b: Annihilape|Protect\n|move|p2a: Chi-Yu|Protect||[still]\n|-fail|p2a: Chi-Yu\n|\n|-heal|p1b: Annihilape|34\/100|[from] item: Leftovers\n|-sideend|p1: hitmanmjs19|move: Tailwind\n|upkeep\n|turn|5\n|inactive|hitmanmjs19 has 30 seconds left.\n|\n|t:|1683446539\n|-terastallize|p1a: Dragonite|Normal\n|move|p1a: Dragonite|Extreme Speed|p2a: Chi-Yu\n|-damage|p2a: Chi-Yu|0 fnt\n|faint|p2a: Chi-Yu\n|move|p2b: Flutter Mane|Substitute|p2b: Flutter Mane\n|-start|p2b: Flutter Mane|Substitute\n|-damage|p2b: Flutter Mane|76\/100\n|move|p1b: Annihilape|Rage Fist|p2b: Flutter Mane\n|-supereffective|p2b: Flutter Mane\n|-end|p2b: Flutter Mane|Substitute\n|\n|-heal|p1b: Annihilape|40\/100|[from] item: Leftovers\n|upkeep\n|\n|t:|1683446560\n|switch|p2a: Amoonguss|Amoonguss, L50, F|100\/100\n|turn|6\n|\n|t:|1683446582\n|move|p1b: Annihilape|Protect|p1b: Annihilape\n|-singleturn|p1b: Annihilape|Protect\n|move|p2b: Flutter Mane|Substitute|p2b: Flutter Mane\n|-start|p2b: Flutter Mane|Substitute\n|-damage|p2b: Flutter Mane|51\/100\n|move|p1a: Dragonite|Fire Punch|p2a: Amoonguss\n|-supereffective|p2a: Amoonguss\n|-damage|p2a: Amoonguss|57\/100\n|move|p2a: Amoonguss|Spore|p1a: Dragonite\n|-status|p1a: Dragonite|slp|[from] move: Spore\n|\n|-heal|p1b: Annihilape|46\/100|[from] item: Leftovers\n|upkeep\n|turn|7\n|inactive|hitmanmjs19 has 30 seconds left.\n|inactive|Arcacagne has 30 seconds left.\n|inactive|hitmanmjs19 has 20 seconds left.\n|\n|t:|1683446620\n|switch|p1b: Murkrow|Murkrow, L50, M|29\/100\n|cant|p1a: Dragonite|slp\n|move|p2b: Flutter Mane|Moonblast|p1b: Murkrow\n|-supereffective|p1b: Murkrow\n|-damage|p1b: Murkrow|0 fnt\n|faint|p1b: Murkrow\n|move|p2a: Amoonguss|Pollen Puff|p2b: Flutter Mane\n|-heal|p2b: Flutter Mane|100\/100\n|\n|upkeep\n|\n|t:|1683446632\n|switch|p1b: Chien-Pao|Chien-Pao, L50|100\/100\n|-ability|p1b: Chien-Pao|Sword of Ruin\n|turn|8\n|inactive|hitmanmjs19 has 30 seconds left.\n|\n|t:|1683446660\n|switch|p2a: Kingambit|Kingambit, L50, M|100\/100\n|cant|p1a: Dragonite|slp\n|move|p2b: Flutter Mane|Moonblast|p1a: Dragonite\n|-damage|p1a: Dragonite|75\/100 slp\n|move|p1b: Chien-Pao|Sacred Sword|p2a: Kingambit\n|-supereffective|p2a: Kingambit\n|-damage|p2a: Kingambit|0 fnt\n|faint|p2a: Kingambit\n|\n|upkeep\n|\n|t:|1683446671\n|switch|p2a: Amoonguss|Amoonguss, L50, F|90\/100\n|turn|9\n|\n|t:|1683446681\n|move|p2a: Amoonguss|Protect|p2a: Amoonguss\n|-singleturn|p2a: Amoonguss|Protect\n|move|p2b: Flutter Mane|Moonblast|p1b: Chien-Pao\n|-supereffective|p1b: Chien-Pao\n|-damage|p1b: Chien-Pao|0 fnt\n|faint|p1b: Chien-Pao\n|-curestatus|p1a: Dragonite|slp|[msg]\n|move|p1a: Dragonite|Fire Punch|p2a: Amoonguss\n|-activate|p2a: Amoonguss|move: Protect\n|\n|upkeep\n|\n|t:|1683446692\n|switch|p1b: Annihilape|Annihilape, L50, M|46\/100\n|turn|10\n|inactive|Arcacagne has 30 seconds left.\n|\n|t:|1683446717\n|move|p1a: Dragonite|Protect|p1a: Dragonite\n|-singleturn|p1a: Dragonite|Protect\n|move|p1b: Annihilape|Protect|p1b: Annihilape\n|-singleturn|p1b: Annihilape|Protect\n|move|p2b: Flutter Mane|Moonblast|p1a: Dragonite\n|-activate|p1a: Dragonite|move: Protect\n|move|p2a: Amoonguss|Spore|p1a: Dragonite\n|-activate|p1a: Dragonite|move: Protect\n|\n|-heal|p1b: Annihilape|52\/100|[from] item: Leftovers\n|upkeep\n|turn|11\n|inactive|hitmanmjs19 has 30 seconds left.\n|inactive|hitmanmjs19 has 20 seconds left.\n|\n|t:|1683446756\n|move|p2b: Flutter Mane|Moonblast|p1b: Annihilape\n|-supereffective|p1b: Annihilape\n|-damage|p1b: Annihilape|0 fnt\n|faint|p1b: Annihilape\n|move|p1a: Dragonite|Fire Punch|p2a: Amoonguss\n|-supereffective|p2a: Amoonguss\n|-damage|p2a: Amoonguss|41\/100\n|-enditem|p2a: Amoonguss|Sitrus Berry|[eat]\n|-heal|p2a: Amoonguss|66\/100|[from] item: Sitrus Berry\n|move|p2a: Amoonguss|Spore|p1a: Dragonite\n|-status|p1a: Dragonite|slp|[from] move: Spore\n|\n|upkeep\n|turn|12\n|-message|hitmanmjs19 forfeited.\n|\n|win|Arcacagne\n|raw|hitmanmjs19's rating: 1058 → 1038<\/strong> (-20 for losing)\n|raw|Arcacagne's rating: 1040 → 1076<\/strong> (+36 for winning)\n|l|\u2606hitmanmjs19\n||Ladder isn't responding, score probably updated but might not have (Request timeout).\n","uploadtime":1683446803,"views":16,"p1id":"hitmanmjs19","p2id":"arcacagne","formatid":"gen9vgc2023regulationc","rating":1038,"private":0,"password":""}