{"id":"gen9vgc2023regulationc-1853307747","p1":"Tamejo","p2":"suzuiVGC","format":"[Gen 9] VGC 2023 Regulation C","log":"|j|\u2606Tamejo\n|j|\u2606suzuiVGC\n|t:|1682665197\n|gametype|doubles\n|player|p1|Tamejo|rood|1249\n|player|p2|suzuiVGC|roxanne|1156\n|teamsize|p1|6\n|teamsize|p2|6\n|gen|9\n|tier|[Gen 9] VGC 2023 Regulation C\n|rated|\n|rule|Species Clause: Limit one of each Pok\u00e9mon\n|rule|Item Clause: Limit one of each item\n|clearpoke\n|poke|p1|Farigiraf, L50, F|\n|poke|p1|Iron Bundle, L50|\n|poke|p1|Chi-Yu, L50|\n|poke|p1|Barraskewda, L50, F|\n|poke|p1|Chien-Pao, L50|\n|poke|p1|Great Tusk, L50|\n|poke|p2|Amoonguss, L50, M|\n|poke|p2|Arcanine, L50, M|\n|poke|p2|Flutter Mane, L50|\n|poke|p2|Ting-Lu, L50|\n|poke|p2|Palafin, L50, F|\n|poke|p2|Dragonite, L50, F|\n|teampreview|4\n|\n|t:|1682665226\n|start\n|switch|p1a: Iron Bundle|Iron Bundle, L50|100\/100\n|switch|p1b: Chi-Yu|Chi-Yu, L50|100\/100\n|switch|p2a: Arcanine|Arcanine, L50, M|100\/100\n|switch|p2b: Palafin|Palafin, L50, F|100\/100\n|-ability|p1b: Chi-Yu|Beads of Ruin\n|-ability|p2a: Arcanine|Intimidate|boost\n|-unboost|p1a: Iron Bundle|atk|1\n|-unboost|p1b: Chi-Yu|atk|1\n|-enditem|p1a: Iron Bundle|Booster Energy\n|-activate|p1a: Iron Bundle|ability: Quark Drive|[fromitem]\n|-start|p1a: Iron Bundle|quarkdrivespe\n|turn|1\n|\n|t:|1682665253\n|-terastallize|p1b: Chi-Yu|Grass\n|move|p2b: Palafin|Protect|p2b: Palafin\n|-singleturn|p2b: Palafin|Protect\n|move|p1a: Iron Bundle|Hydro Pump|p2a: Arcanine|[miss]\n|-miss|p1a: Iron Bundle|p2a: Arcanine\n|move|p1b: Chi-Yu|Heat Wave|p2a: Arcanine|[spread] p2a\n|-activate|p2b: Palafin|move: Protect\n|-resisted|p2a: Arcanine\n|-damage|p2a: Arcanine|65\/100\n|move|p2a: Arcanine|Flare Blitz|p1a: Iron Bundle\n|-damage|p1a: Iron Bundle|38\/100\n|-damage|p2a: Arcanine|52\/100|[from] Recoil\n|\n|upkeep\n|turn|2\n|\n|t:|1682665271\n|detailschange|p2b: Palafin|Palafin-Hero, L50, F\n|switch|p2b: Ting-Lu|Ting-Lu, L50|100\/100\n|-ability|p2b: Ting-Lu|Vessel of Ruin\n|move|p1a: Iron Bundle|Freeze-Dry|p2b: Ting-Lu\n|-supereffective|p2b: Ting-Lu\n|-damage|p2b: Ting-Lu|53\/100\n|move|p1b: Chi-Yu|Heat Wave|p2a: Arcanine|[spread] p2a\n|-miss|p1b: Chi-Yu|p2b: Ting-Lu\n|-resisted|p2a: Arcanine\n|-damage|p2a: Arcanine|22\/100\n|-enditem|p2a: Arcanine|Aguav Berry|[eat]\n|-heal|p2a: Arcanine|55\/100|[from] item: Aguav Berry\n|move|p2a: Arcanine|Flare Blitz|p1b: Chi-Yu\n|-supereffective|p1b: Chi-Yu\n|-damage|p1b: Chi-Yu|0 fnt\n|faint|p1b: Chi-Yu\n|-damage|p2a: Arcanine|33\/100|[from] Recoil\n|\n|-heal|p2b: Ting-Lu|59\/100|[from] item: Leftovers\n|upkeep\n|\n|t:|1682665284\n|switch|p1b: Barraskewda|Barraskewda, L50, F|100\/100\n|turn|3\n|\n|t:|1682665319\n|switch|p2a: Palafin|Palafin-Hero, L50, F|100\/100\n|-activate|p2a: Palafin|ability: Zero to Hero\n|move|p1a: Iron Bundle|Freeze-Dry|p2a: Palafin\n|-supereffective|p2a: Palafin\n|-damage|p2a: Palafin|48\/100\n|move|p1b: Barraskewda|Liquidation|p2b: Ting-Lu\n|-supereffective|p2b: Ting-Lu\n|-damage|p2b: Ting-Lu|0 fnt\n|faint|p2b: Ting-Lu\n|\n|upkeep\n|\n|t:|1682665330\n|switch|p2b: Arcanine|Arcanine, L50, M|33\/100\n|-ability|p2b: Arcanine|Intimidate|boost\n|-unboost|p1a: Iron Bundle|atk|1\n|-unboost|p1b: Barraskewda|atk|1\n|turn|4\n|\n|t:|1682665357\n|-terastallize|p2a: Palafin|Water\n|move|p2b: Arcanine|Protect|p2b: Arcanine\n|-singleturn|p2b: Arcanine|Protect\n|move|p2a: Palafin|Jet Punch|p1a: Iron Bundle\n|-resisted|p1a: Iron Bundle\n|-damage|p1a: Iron Bundle|8\/100\n|move|p1a: Iron Bundle|Hydro Pump|p2b: Arcanine\n|-activate|p2b: Arcanine|move: Protect\n|move|p1b: Barraskewda|Liquidation|p2a: Palafin\n|-resisted|p2a: Palafin\n|-damage|p2a: Palafin|29\/100\n|\n|upkeep\n|turn|5\n|\n|t:|1682665375\n|move|p2a: Palafin|Jet Punch|p1a: Iron Bundle\n|-resisted|p1a: Iron Bundle\n|-damage|p1a: Iron Bundle|0 fnt\n|faint|p1a: Iron Bundle\n|-end|p1a: Iron Bundle|Quark Drive|[silent]\n|move|p1b: Barraskewda|Liquidation|p2b: Arcanine\n|-supereffective|p2b: Arcanine\n|-damage|p2b: Arcanine|0 fnt\n|faint|p2b: Arcanine\n|\n|upkeep\n|\n|t:|1682665383\n|switch|p1a: Chien-Pao|Chien-Pao, L50|100\/100\n|switch|p2b: Flutter Mane|Flutter Mane, L50|100\/100\n|-ability|p1a: Chien-Pao|Sword of Ruin\n|-enditem|p2b: Flutter Mane|Booster Energy\n|-activate|p2b: Flutter Mane|ability: Protosynthesis|[fromitem]\n|-start|p2b: Flutter Mane|protosynthesisspe\n|turn|6\n|\n|t:|1682665455\n|move|p1a: Chien-Pao|Sucker Punch|p2b: Flutter Mane\n|-damage|p2b: Flutter Mane|0 fnt\n|faint|p2b: Flutter Mane\n|-end|p2b: Flutter Mane|Protosynthesis|[silent]\n|-damage|p1a: Chien-Pao|91\/100|[from] item: Life Orb\n|move|p1b: Barraskewda|Liquidation|p2a: Palafin\n|-resisted|p2a: Palafin\n|-damage|p2a: Palafin|1\/100\n|move|p2a: Palafin|Close Combat|p1a: Chien-Pao\n|-supereffective|p1a: Chien-Pao\n|-damage|p1a: Chien-Pao|0 fnt\n|-unboost|p2a: Palafin|def|1\n|-unboost|p2a: Palafin|spd|1\n|faint|p1a: Chien-Pao\n|\n|upkeep\n|turn|7\n|\n|t:|1682665470\n|move|p2a: Palafin|Jet Punch|p1b: Barraskewda\n|-resisted|p1b: Barraskewda\n|-damage|p1b: Barraskewda|46\/100\n|move|p1b: Barraskewda|Liquidation|p2a: Palafin\n|-resisted|p2a: Palafin\n|-damage|p2a: Palafin|0 fnt\n|faint|p2a: Palafin\n|\n|win|Tamejo\n|raw|Tamejo's rating: 1249 → 1267<\/strong> (+18 for winning)\n|raw|suzuiVGC's rating: 1156 → 1138<\/strong> (-18 for losing)\n|c|\u2606Tamejo|Gg\n|l|\u2606suzuiVGC\n","uploadtime":1682665478,"views":19,"p1id":"tamejo","p2id":"suzuivgc","formatid":"gen9vgc2023regulationc","rating":1138,"private":0,"password":""}