{"id":"gen9vgc2023regulationc-1846854268","p1":"Dunnakhiin","p2":"Zero possibilita","format":"[Gen 9] VGC 2023 Regulation C","log":"|j|\u2606Dunnakhiin\n|j|\u2606Zero possibilita\n|t:|1681890931\n|gametype|doubles\n|player|p1|Dunnakhiin|266|1257\n|player|p2|Zero possibilita|265|1287\n|teamsize|p1|6\n|teamsize|p2|6\n|gen|9\n|tier|[Gen 9] VGC 2023 Regulation C\n|rated|\n|rule|Species Clause: Limit one of each Pok\u00e9mon\n|rule|Item Clause: Limit one of each item\n|clearpoke\n|poke|p1|Corviknight, L50, F|\n|poke|p1|Hydreigon, L50, F|\n|poke|p1|Coalossal, L50, F|\n|poke|p1|Florges-White, L50, F|\n|poke|p1|Palafin, L50, M|\n|poke|p1|Great Tusk, L50|\n|poke|p2|Dondozo, L50, F|\n|poke|p2|Tatsugiri-Droopy, L50, F|\n|poke|p2|Pelipper, L50, F|\n|poke|p2|Drednaw, L50, M|\n|poke|p2|Dragonite, L50, M|\n|poke|p2|Chien-Pao, L50|\n|teampreview|4\n|inactive|Battle timer is ON: inactive players will automatically lose when time's up. (requested by Dunnakhiin)\n|\n|t:|1681890965\n|start\n|switch|p1a: Coalossal|Coalossal, L50, F|100\/100\n|switch|p1b: Palafin|Palafin, L50, M|100\/100\n|switch|p2a: Pelipper|Pelipper, L50, F|100\/100\n|switch|p2b: Dondozo|Dondozo, L50, F|100\/100\n|-weather|RainDance|[from] ability: Drizzle|[of] p2a: Pelipper\n|turn|1\n|inactive|Zero possibilita has 30 seconds left.\n|inactive|Zero possibilita has 20 seconds left.\n|inactive|Zero possibilita has 15 seconds left.\n|inactive|Zero possibilita has 10 seconds left.\n|\n|t:|1681891012\n|switch|p2a: Tatsugiri|Tatsugiri-Droopy, L50, F, shiny|100\/100\n|-activate|p2a: Tatsugiri|ability: Commander|[of] p2b: Dondozo\n|-boost|p2b: Dondozo|atk|2\n|-boost|p2b: Dondozo|spa|2\n|-boost|p2b: Dondozo|spe|2\n|-boost|p2b: Dondozo|def|2\n|-boost|p2b: Dondozo|spd|2\n|-terastallize|p2b: Dondozo|Water\n|-terastallize|p1a: Coalossal|Grass\n|move|p2b: Dondozo|Surf|p1a: Coalossal|[spread] p1a,p1b\n|-miss|p2b: Dondozo|p2a: Tatsugiri\n|-resisted|p1a: Coalossal\n|-resisted|p1b: Palafin\n|-damage|p1a: Coalossal|65\/100\n|-damage|p1b: Palafin|24\/100\n|-damage|p2b: Dondozo|91\/100|[from] item: Life Orb\n|move|p1b: Palafin|Haze|p1b: Palafin\n|-clearallboost\n|move|p1a: Coalossal|Tera Blast|p2b: Dondozo\n|-supereffective|p2b: Dondozo\n|-damage|p2b: Dondozo|14\/100\n|\n|-weather|RainDance|[upkeep]\n|upkeep\n|turn|2\n|inactive|Dunnakhiin has 30 seconds left.\n|inactive|Zero possibilita has 30 seconds left.\n|inactive|Zero possibilita has 20 seconds left.\n|\n|t:|1681891048\n|detailschange|p1b: Palafin|Palafin-Hero, L50, M\n|switch|p1b: Florges|Florges-White, L50, F|100\/100\n|move|p2b: Dondozo|Order Up|p1a: Coalossal\n|-damage|p1a: Coalossal|48\/100\n|-boost|p2b: Dondozo|def|1\n|-damage|p2b: Dondozo|4\/100|[from] item: Life Orb\n|move|p1a: Coalossal|Tera Blast|p2b: Dondozo\n|-supereffective|p2b: Dondozo\n|-damage|p2b: Dondozo|0 fnt\n|faint|p2b: Dondozo\n|\n|-weather|RainDance|[upkeep]\n|upkeep\n|\n|t:|1681891063\n|switch|p2b: Pelipper|Pelipper, L50, F|100\/100\n|turn|3\n|\n|t:|1681891088\n|switch|p1a: Corviknight|Corviknight, L50, F|100\/100\n|move|p2a: Tatsugiri|Muddy Water|p1b: Florges|[spread] p1b\n|-miss|p2a: Tatsugiri|p1a: Corviknight\n|-damage|p1b: Florges|65\/100\n|move|p1b: Florges|Moonblast|p2a: Tatsugiri\n|-supereffective|p2a: Tatsugiri\n|-damage|p2a: Tatsugiri|12\/100\n|move|p2b: Pelipper|Hurricane|p1a: Corviknight\n|-resisted|p1a: Corviknight\n|-damage|p1a: Corviknight|82\/100\n|\n|-weather|RainDance|[upkeep]\n|upkeep\n|turn|4\n|\n|t:|1681891111\n|move|p2a: Tatsugiri|Muddy Water|p1b: Florges|[spread] p1a,p1b\n|-damage|p1a: Corviknight|50\/100\n|-damage|p1b: Florges|28\/100\n|move|p1b: Florges|Moonblast|p2a: Tatsugiri\n|-supereffective|p2a: Tatsugiri\n|-damage|p2a: Tatsugiri|0 fnt\n|faint|p2a: Tatsugiri\n|move|p1a: Corviknight|Tailwind|p1a: Corviknight\n|-sidestart|p1: Dunnakhiin|move: Tailwind\n|move|p2b: Pelipper|Hydro Pump|p1a: Corviknight\n|-damage|p1a: Corviknight|0 fnt\n|faint|p1a: Corviknight\n|\n|-weather|RainDance|[upkeep]\n|upkeep\n|\n|t:|1681891126\n|switch|p2a: Drednaw|Drednaw, L50, M|100\/100\n|switch|p1a: Palafin|Palafin-Hero, L50, M|24\/100\n|-activate|p1a: Palafin|ability: Zero to Hero\n|turn|5\n|\n|t:|1681891149\n|move|p1b: Florges|Helping Hand|p1a: Palafin\n|-singleturn|p1a: Palafin|Helping Hand|[of] p1b: Florges\n|move|p2a: Drednaw|Earthquake|p1b: Florges|[spread] p1a,p1b\n|-immune|p2b: Pelipper\n|-crit|p1a: Palafin\n|-damage|p1a: Palafin|0 fnt\n|-damage|p1b: Florges|0 fnt\n|faint|p1a: Palafin\n|faint|p1b: Florges\n|move|p2b: Pelipper|Hurricane|p1: Palafin|[notarget]\n|-fail|p2b: Pelipper\n|\n|-weather|RainDance|[upkeep]\n|upkeep\n|\n|t:|1681891157\n|switch|p1a: Coalossal|Coalossal, L50, F, tera:Grass|48\/100\n|turn|6\n|\n|t:|1681891167\n|move|p2a: Drednaw|Earthquake|p1a: Coalossal|[spread] p1a\n|-immune|p2b: Pelipper\n|-resisted|p1a: Coalossal\n|-damage|p1a: Coalossal|35\/100\n|move|p1a: Coalossal|Power Gem|p2b: Pelipper\n|-supereffective|p2b: Pelipper\n|-damage|p2b: Pelipper|9\/100\n|move|p2b: Pelipper|Hurricane|p1a: Coalossal\n|-supereffective|p1a: Coalossal\n|-damage|p1a: Coalossal|0 fnt\n|faint|p1a: Coalossal\n|\n|win|Zero possibilita\n|raw|Dunnakhiin's rating: 1257 → 1234<\/strong> (-23 for losing)\n|raw|Zero possibilita's rating: 1287 → 1310<\/strong> (+23 for winning)\n|l|\u2606Dunnakhiin\n","uploadtime":1681891184,"views":9,"p1id":"dunnakhiin","p2id":"zeropossibilita","formatid":"gen9vgc2023regulationc","rating":1234,"private":0,"password":""}