{"id":"gen9vgc2023regulationc-1855154444","p1":"Seatoe","p2":"AceTrainerNite","format":"[Gen 9] VGC 2023 Regulation C","log":"|j|\u2606Seatoe\n|j|\u2606AceTrainerNite\n|t:|1682907970\n|gametype|doubles\n|player|p1|Seatoe|sailor|1229\n|player|p2|AceTrainerNite|benga|1198\n|teamsize|p1|6\n|teamsize|p2|6\n|gen|9\n|tier|[Gen 9] VGC 2023 Regulation C\n|rated|\n|rule|Species Clause: Limit one of each Pok\u00e9mon\n|rule|Item Clause: Limit one of each item\n|clearpoke\n|poke|p1|Drednaw, L50, F|\n|poke|p1|Pelipper, L50, F|\n|poke|p1|Sylveon, L50, M|\n|poke|p1|Arcanine, L50, M|\n|poke|p1|Amoonguss, L50, F|\n|poke|p1|Ting-Lu, L50|\n|poke|p2|Roaring Moon, L50|\n|poke|p2|Tinkaton, L50, F|\n|poke|p2|Annihilape, L50, M|\n|poke|p2|Arcanine, L50, F|\n|poke|p2|Palafin, L50, M|\n|poke|p2|Amoonguss, L50, M|\n|teampreview|4\n|\n|t:|1682908010\n|start\n|switch|p1a: Ecuador|Drednaw, L50, F|100\/100\n|switch|p1b: Australia|Pelipper, L50, F|100\/100\n|switch|p2a: Truffles|Amoonguss, L50, M, shiny|100\/100\n|switch|p2b: Ozaru|Annihilape, L50, M|100\/100\n|-weather|RainDance|[from] ability: Drizzle|[of] p1b: Australia\n|turn|1\n|inactive|Battle timer is ON: inactive players will automatically lose when time's up. (requested by AceTrainerNite)\n|inactive|Seatoe has 60 seconds left.\n|\n|t:|1682908043\n|-terastallize|p1a: Ecuador|Grass\n|move|p2a: Truffles|Rage Powder|p2a: Truffles\n|-singleturn|p2a: Truffles|move: Rage Powder\n|move|p1a: Ecuador|Liquidation|p2b: Ozaru\n|-damage|p2b: Ozaru|32\/100\n|move|p2b: Ozaru|Bulk Up|p2b: Ozaru\n|-boost|p2b: Ozaru|atk|1\n|-boost|p2b: Ozaru|def|1\n|move|p1b: Australia|Hurricane|p2a: Truffles\n|-supereffective|p2a: Truffles\n|-damage|p2a: Truffles|13\/100\n|-enditem|p2a: Truffles|Sitrus Berry|[eat]\n|-heal|p2a: Truffles|38\/100|[from] item: Sitrus Berry\n|\n|-weather|RainDance|[upkeep]\n|-heal|p2b: Ozaru|38\/100|[from] item: Leftovers\n|upkeep\n|turn|2\n|\n|t:|1682908065\n|switch|p2a: BONK|Tinkaton, L50, F|100\/100\n|-ability|p2a: BONK|Mold Breaker\n|move|p2b: Ozaru|Protect|p2b: Ozaru\n|-singleturn|p2b: Ozaru|Protect\n|move|p1a: Ecuador|Liquidation|p2b: Ozaru\n|-activate|p2b: Ozaru|move: Protect\n|move|p1b: Australia|Hurricane|p2a: BONK\n|-resisted|p2a: BONK\n|-damage|p2a: BONK|75\/100\n|\n|-weather|RainDance|[upkeep]\n|-heal|p2b: Ozaru|44\/100|[from] item: Leftovers\n|upkeep\n|turn|3\n|inactive|AceTrainerNite has 30 seconds left.\n|\n|t:|1682908098\n|move|p2a: BONK|Fake Out|p1a: Ecuador\n|-damage|p1a: Ecuador|91\/100\n|cant|p1a: Ecuador|flinch\n|move|p2b: Ozaru|Bulk Up|p2b: Ozaru\n|-boost|p2b: Ozaru|atk|1\n|-boost|p2b: Ozaru|def|1\n|move|p1b: Australia|Hurricane|p2b: Ozaru\n|-supereffective|p2b: Ozaru\n|-damage|p2b: Ozaru|0 fnt\n|faint|p2b: Ozaru\n|\n|-weather|RainDance|[upkeep]\n|upkeep\n|\n|t:|1682908110\n|switch|p2b: Bethuna|Roaring Moon, L50, shiny|100\/100\n|-enditem|p2b: Bethuna|Booster Energy\n|-activate|p2b: Bethuna|ability: Protosynthesis|[fromitem]\n|-start|p2b: Bethuna|protosynthesisatk\n|turn|4\n|\n|t:|1682908131\n|move|p2b: Bethuna|Protect|p2b: Bethuna\n|-singleturn|p2b: Bethuna|Protect\n|move|p1a: Ecuador|Liquidation|p2a: BONK\n|-damage|p2a: BONK|0 fnt\n|faint|p2a: BONK\n|move|p1b: Australia|Hydro Pump|p2b: Bethuna\n|-activate|p2b: Bethuna|move: Protect\n|\n|-weather|RainDance|[upkeep]\n|upkeep\n|\n|t:|1682908137\n|switch|p2a: Truffles|Amoonguss, L50, M, shiny|71\/100\n|turn|5\n|\n|t:|1682908151\n|-terastallize|p2b: Bethuna|Flying\n|move|p1a: Ecuador|Protect|p1a: Ecuador\n|-singleturn|p1a: Ecuador|Protect\n|move|p2b: Bethuna|Acrobatics|p1a: Ecuador\n|-activate|p1a: Ecuador|move: Protect\n|move|p1b: Australia|Hurricane|p2a: Truffles\n|-supereffective|p2a: Truffles\n|-damage|p2a: Truffles|0 fnt\n|faint|p2a: Truffles\n|\n|-weather|none\n|upkeep\n|turn|6\n|inactive|Seatoe has 30 seconds left.\n|\n|t:|1682908176\n|switch|p1b: Ethiopia|Sylveon, L50, M|100\/100\n|move|p2b: Bethuna|Acrobatics|p1a: Ecuador\n|-supereffective|p1a: Ecuador\n|-damage|p1a: Ecuador|0 fnt\n|faint|p1a: Ecuador\n|\n|upkeep\n|\n|t:|1682908185\n|switch|p1a: Spain|Amoonguss, L50, F|100\/100\n|turn|7\n|\n|t:|1682908192\n|move|p1a: Spain|Rage Powder|p1a: Spain\n|-singleturn|p1a: Spain|move: Rage Powder\n|move|p2b: Bethuna|Acrobatics|p1a: Spain\n|-supereffective|p1a: Spain\n|-damage|p1a: Spain|0 fnt\n|faint|p1a: Spain\n|move|p1b: Ethiopia|Hyper Voice|p2b: Bethuna\n|-damage|p2b: Bethuna|50\/100\n|-enditem|p1b: Ethiopia|Throat Spray\n|-boost|p1b: Ethiopia|spa|1|[from] item: Throat Spray\n|\n|upkeep\n|\n|t:|1682908202\n|switch|p1a: Australia|Pelipper, L50, F|100\/100\n|-weather|RainDance|[from] ability: Drizzle|[of] p1a: Australia\n|turn|8\n|\n|t:|1682908214\n|move|p2b: Bethuna|Acrobatics|p1b: Ethiopia\n|-damage|p1b: Ethiopia|0 fnt\n|faint|p1b: Ethiopia\n|move|p1a: Australia|Hurricane|p2b: Bethuna\n|-damage|p2b: Bethuna|2\/100\n|\n|-weather|RainDance|[upkeep]\n|upkeep\n|turn|9\n|\n|t:|1682908224\n|move|p2b: Bethuna|Protect|p2b: Bethuna\n|-singleturn|p2b: Bethuna|Protect\n|move|p1a: Australia|Hurricane|p2b: Bethuna\n|-activate|p2b: Bethuna|move: Protect\n|\n|-weather|RainDance|[upkeep]\n|upkeep\n|turn|10\n|\n|t:|1682908240\n|move|p2b: Bethuna|Acrobatics|p1a: Australia\n|-damage|p1a: Australia|21\/100\n|move|p1a: Australia|Hurricane|p2b: Bethuna\n|-damage|p2b: Bethuna|0 fnt\n|faint|p2b: Bethuna\n|-end|p2b: Bethuna|Protosynthesis|[silent]\n|\n|win|Seatoe\n|raw|Seatoe's rating: 1229 → 1252<\/strong> (+23 for winning)\n|raw|AceTrainerNite's rating: 1198 → 1175<\/strong> (-23 for losing)\n|l|\u2606Seatoe\n","uploadtime":1682908255,"views":15,"p1id":"seatoe","p2id":"acetrainernite","formatid":"gen9vgc2023regulationc","rating":1175,"private":0,"password":""}