{"id":"gen9vgc2023regulationc-1864373657","p1":"seismattersCORNER","p2":"TheCasualUmbreon","format":"[Gen 9] VGC 2023 Regulation C","log":"|j|\u2606seismattersCORNER\n|j|\u203dTheCasualUmbreon\n|t:|1684160716\n|gametype|doubles\n|player|p1|seismattersCORNER|emmet|1174\n|player|p2|TheCasualUmbreon|giovanni|1174\n|teamsize|p1|6\n|teamsize|p2|6\n|gen|9\n|tier|[Gen 9] VGC 2023 Regulation C\n|rated|\n|rule|Species Clause: Limit one of each Pok\u00e9mon\n|rule|Item Clause: Limit one of each item\n|clearpoke\n|poke|p1|Palafin, L50, F|\n|poke|p1|Arcanine, L50, F|\n|poke|p1|Amoonguss, L50, F|\n|poke|p1|Flutter Mane, L50|\n|poke|p1|Iron Bundle, L50|\n|poke|p1|Dragonite, L50, M|\n|poke|p2|Amoonguss, L50, M|\n|poke|p2|Armarouge, L50, M|\n|poke|p2|Gyarados, L50, F|\n|poke|p2|Hydreigon, L50, F|\n|poke|p2|Iron Hands, L50|\n|poke|p2|Iron Treads, L50|\n|teampreview|4\nseismattersCORNER has agreed to open team sheets.\n|inactive|Battle timer is ON: inactive players will automatically lose when time's up. (requested by seismattersCORNER)\nTheCasualUmbreon has agreed to open team sheets.\n|inactive|seismattersCORNER has 60 seconds left.\n|inactive|seismattersCORNER has 30 seconds left.\n|\n|t:|1684160784\n|start\n|switch|p1a: Dragonite|Dragonite, L50, M|100\/100\n|switch|p1b: Arcanine|Arcanine, L50, F|100\/100\n|switch|p2a: Amoonguss|Amoonguss, L50, M|100\/100\n|switch|p2b: Armarouge|Armarouge, L50, M|100\/100\n|-ability|p1b: Arcanine|Intimidate|boost\n|-unboost|p2a: Amoonguss|atk|1\n|-unboost|p2b: Armarouge|atk|1\n|turn|1\n|inactive|seismattersCORNER has 30 seconds left.\n|inactive|TheCasualUmbreon has 30 seconds left.\n|\n|t:|1684160812\n|-terastallize|p1a: Dragonite|Flying\n|move|p1b: Arcanine|Howl|p1b: Arcanine|[spread] p1a,p1b\n|-boost|p1a: Dragonite|atk|1\n|-boost|p1b: Arcanine|atk|1\n|move|p1a: Dragonite|Tera Blast|p2b: Armarouge\n|-damage|p2b: Armarouge|14\/100\n|move|p2a: Amoonguss|Spore|p1a: Dragonite\n|-status|p1a: Dragonite|slp|[from] move: Spore\n|-enditem|p1a: Dragonite|Lum Berry|[eat]\n|-curestatus|p1a: Dragonite|slp|[msg]\n|move|p2b: Armarouge|Trick Room|p2b: Armarouge\n|-fieldstart|move: Trick Room|[of] p2b: Armarouge\n|\n|upkeep\n|turn|2\n|\n|t:|1684160837\n|move|p1b: Arcanine|Extreme Speed|p2b: Armarouge\n|-damage|p2b: Armarouge|0 fnt\n|faint|p2b: Armarouge\n|move|p2a: Amoonguss|Spore|p1a: Dragonite\n|-status|p1a: Dragonite|slp|[from] move: Spore\n|cant|p1a: Dragonite|slp\n|\n|upkeep\n|\n|t:|1684160848\n|switch|p2b: Iron Treads|Iron Treads, L50|100\/100\n|-enditem|p2b: Iron Treads|Booster Energy\n|-activate|p2b: Iron Treads|ability: Quark Drive|[fromitem]\n|-start|p2b: Iron Treads|quarkdrivespe\n|turn|3\n|\n|t:|1684160865\n|switch|p1b: Iron Bundle|Iron Bundle, L50|100\/100\n|-enditem|p1b: Iron Bundle|Booster Energy\n|-activate|p1b: Iron Bundle|ability: Quark Drive|[fromitem]\n|-start|p1b: Iron Bundle|quarkdrivespe\n|cant|p1a: Dragonite|slp\n|move|p2a: Amoonguss|Rage Powder|p2a: Amoonguss\n|-singleturn|p2a: Amoonguss|move: Rage Powder\n|move|p2b: Iron Treads|Earthquake|p1a: Dragonite|[spread] p2a,p1b\n|-immune|p1a: Dragonite\n|-damage|p2a: Amoonguss|73\/100\n|-damage|p1b: Iron Bundle|62\/100\n|\n|upkeep\n|turn|4\n|\n|t:|1684160884\n|move|p1b: Iron Bundle|Protect|p1b: Iron Bundle\n|-singleturn|p1b: Iron Bundle|Protect\n|move|p2a: Amoonguss|Spore|p1b: Iron Bundle\n|-activate|p1b: Iron Bundle|move: Protect\n|-curestatus|p1a: Dragonite|slp|[msg]\n|move|p1a: Dragonite|Tera Blast|p2a: Amoonguss\n|-supereffective|p2a: Amoonguss\n|-damage|p2a: Amoonguss|0 fnt\n|faint|p2a: Amoonguss\n|move|p2b: Iron Treads|Iron Head|p1b: Iron Bundle\n|-activate|p1b: Iron Bundle|move: Protect\n|\n|upkeep\n|\n|t:|1684160896\n|switch|p2a: Hydreigon|Hydreigon, L50, F|100\/100\n|turn|5\n|\n|t:|1684160908\n|-end|p1b: Iron Bundle|Quark Drive|[silent]\n|switch|p1b: Arcanine|Arcanine, L50, F|100\/100\n|-ability|p1b: Arcanine|Intimidate|boost\n|-unboost|p2a: Hydreigon|atk|1\n|-unboost|p2b: Iron Treads|atk|1\n|move|p1a: Dragonite|Protect|p1a: Dragonite\n|-singleturn|p1a: Dragonite|Protect\n|move|p2a: Hydreigon|Snarl|p1b: Arcanine|[spread] p1b\n|-activate|p1a: Dragonite|move: Protect\n|-damage|p1b: Arcanine|65\/100\n|-unboost|p1b: Arcanine|spa|1\n|move|p2b: Iron Treads|Iron Head|p1b: Arcanine\n|-resisted|p1b: Arcanine\n|-damage|p1b: Arcanine|51\/100\n|\n|-fieldend|move: Trick Room\n|upkeep\n|turn|6\n|inactive|seismattersCORNER has 30 seconds left.\n|\n|t:|1684160933\n|move|p2b: Iron Treads|Rock Tomb|p1a: Dragonite\n|-supereffective|p1a: Dragonite\n|-damage|p1a: Dragonite|89\/100\n|-unboost|p1a: Dragonite|spe|1\n|move|p1b: Arcanine|Flare Blitz|p2b: Iron Treads\n|-supereffective|p2b: Iron Treads\n|-damage|p2b: Iron Treads|11\/100\n|-damage|p1b: Arcanine|26\/100|[from] Recoil\n|move|p2a: Hydreigon|Snarl|p1a: Dragonite|[spread] p1a,p1b\n|-damage|p1a: Dragonite|56\/100\n|-damage|p1b: Arcanine|0 fnt\n|-unboost|p1a: Dragonite|spa|1\n|faint|p1b: Arcanine\n|move|p1a: Dragonite|Stomping Tantrum|p2b: Iron Treads\n|-supereffective|p2b: Iron Treads\n|-damage|p2b: Iron Treads|0 fnt\n|faint|p2b: Iron Treads\n|-end|p2b: Iron Treads|Quark Drive|[silent]\n|\n|upkeep\n|\n|t:|1684160947\n|switch|p1b: Iron Bundle|Iron Bundle, L50|62\/100\n|turn|7\n|\n|t:|1684160953\n|-terastallize|p2a: Hydreigon|Ghost\n|move|p1b: Iron Bundle|Freeze-Dry|p2a: Hydreigon\n|-damage|p2a: Hydreigon|64\/100\n|move|p2a: Hydreigon|Snarl|p1b: Iron Bundle|[spread] p1a,p1b\n|-damage|p1a: Dragonite|25\/100\n|-damage|p1b: Iron Bundle|0 fnt\n|-unboost|p1a: Dragonite|spa|1\n|faint|p1b: Iron Bundle\n|-end|p1b: Iron Bundle|Quark Drive|[silent]\n|move|p1a: Dragonite|Tera Blast|p2a: Hydreigon\n|-damage|p2a: Hydreigon|0 fnt\n|faint|p2a: Hydreigon\n|\n|win|seismattersCORNER\n|raw|seismattersCORNER's rating: 1174 → 1199<\/strong> (+25 for winning)\n|raw|TheCasualUmbreon's rating: 1174 → 1149<\/strong> (-25 for losing)\n","uploadtime":1684160968,"views":4,"p1id":"seismatterscorner","p2id":"thecasualumbreon","formatid":"gen9vgc2023regulationc","rating":1149,"private":0,"password":""}