{"id":"gen9vgc2023regulationc-1848581005","p1":"Thermidor","p2":"sauceconnoisseur","format":"[Gen 9] VGC 2023 Regulation C","log":"|j|\u2606Thermidor\n|j|\u2606sauceconnoisseur\n|t:|1682091783\n|gametype|doubles\n|player|p1|Thermidor|169|1325\n|player|p2|sauceconnoisseur|swimmer|1401\n|teamsize|p1|6\n|teamsize|p2|6\n|gen|9\n|tier|[Gen 9] VGC 2023 Regulation C\n|rated|\n|rule|Species Clause: Limit one of each Pok\u00e9mon\n|rule|Item Clause: Limit one of each item\n|clearpoke\n|poke|p1|Iron Bundle, L50|\n|poke|p1|Baxcalibur, L50, F|\n|poke|p1|Gyarados, L50, M|\n|poke|p1|Sableye, L50, F|\n|poke|p1|Gastrodon, L50, F|\n|poke|p1|Chien-Pao, L50|\n|poke|p2|Maushold, L50|\n|poke|p2|Annihilape, L50, M|\n|poke|p2|Amoonguss, L50, F|\n|poke|p2|Flutter Mane, L50|\n|poke|p2|Talonflame, L50, F|\n|poke|p2|Palafin, L50, F|\n|teampreview|4\n|inactive|Battle timer is ON: inactive players will automatically lose when time's up. (requested by Thermidor)\nsauceconnoisseur has agreed to open team sheets.\n|inactive|sauceconnoisseur has 60 seconds left.\n|\n|t:|1682091828\n|start\n|switch|p1a: Sableye|Sableye, L50, F|100\/100\n|switch|p1b: Baxcalibur|Baxcalibur, L50, F|100\/100\n|switch|p2a: Maushold|Maushold, L50|100\/100\n|switch|p2b: Ape 2.0|Annihilape, L50, M|100\/100\n|turn|1\n|\n|t:|1682091852\n|-terastallize|p1b: Baxcalibur|Poison\n|-terastallize|p2b: Ape 2.0|Fire\n|move|p1a: Sableye|Fake Out|p2a: Maushold\n|-damage|p2a: Maushold|91\/100\n|cant|p2a: Maushold|flinch\n|move|p1b: Baxcalibur|Dragon Dance|p1b: Baxcalibur\n|-boost|p1b: Baxcalibur|atk|1\n|-boost|p1b: Baxcalibur|spe|1\n|move|p2b: Ape 2.0|Rage Fist|p1b: Baxcalibur\n|-damage|p1b: Baxcalibur|77\/100\n|\n|upkeep\n|turn|2\n|inactive|Thermidor has 30 seconds left.\n|\n|t:|1682091880\n|move|p1b: Baxcalibur|Brick Break|p2a: Maushold\n|-supereffective|p2a: Maushold\n|-damage|p2a: Maushold|0 fnt\n|faint|p2a: Maushold\n|move|p2b: Ape 2.0|Rage Fist|p1b: Baxcalibur\n|-damage|p1b: Baxcalibur|55\/100\n|move|p1a: Sableye|Knock Off|p2b: Ape 2.0\n|-damage|p2b: Ape 2.0|73\/100\n|-enditem|p2b: Ape 2.0|Leftovers|[from] move: Knock Off|[of] p1a: Sableye\n|\n|upkeep\n|\n|t:|1682091889\n|switch|p2a: Amoonguss|Amoonguss, L50, F|100\/100\n|turn|3\n|\n|t:|1682091904\n|switch|p1a: Iron Bundle|Iron Bundle, L50|100\/100\n|-enditem|p1a: Iron Bundle|Booster Energy\n|-activate|p1a: Iron Bundle|ability: Quark Drive|[fromitem]\n|-start|p1a: Iron Bundle|quarkdrivespe\n|move|p1b: Baxcalibur|Icicle Crash|p2a: Amoonguss\n|-supereffective|p2a: Amoonguss\n|-crit|p2a: Amoonguss\n|-damage|p2a: Amoonguss|0 fnt\n|faint|p2a: Amoonguss\n|move|p2b: Ape 2.0|Rage Fist|p1b: Baxcalibur\n|-damage|p1b: Baxcalibur|10\/100\n|\n|upkeep\n|\n|t:|1682091906\n|switch|p2a: Mane 2.0|Flutter Mane, L50|100\/100\n|turn|4\n|inactive|Thermidor has 30 seconds left.\n|inactive|sauceconnoisseur has 30 seconds left.\n|\n|t:|1682091937\n|move|p2b: Ape 2.0|Protect|p2b: Ape 2.0\n|-singleturn|p2b: Ape 2.0|Protect\n|move|p1a: Iron Bundle|Freeze-Dry|p2a: Mane 2.0\n|-damage|p2a: Mane 2.0|68\/100\n|move|p1b: Baxcalibur|Stomping Tantrum|p2b: Ape 2.0\n|-activate|p2b: Ape 2.0|move: Protect\n|move|p2a: Mane 2.0|Thunderbolt|p1a: Iron Bundle\n|-supereffective|p1a: Iron Bundle\n|-damage|p1a: Iron Bundle|0 fnt\n|faint|p1a: Iron Bundle\n|-end|p1a: Iron Bundle|Quark Drive|[silent]\n|-damage|p2a: Mane 2.0|58\/100|[from] item: Life Orb\n|\n|upkeep\n|\n|t:|1682091951\n|switch|p1a: Chien-Pao|Chien-Pao, L50|100\/100\n|-ability|p1a: Chien-Pao|Sword of Ruin\n|turn|5\n|\n|t:|1682091966\n|move|p1b: Baxcalibur|Stomping Tantrum|p2b: Ape 2.0\n|-supereffective|p2b: Ape 2.0\n|-damage|p2b: Ape 2.0|0 fnt\n|faint|p2b: Ape 2.0\n|move|p1a: Chien-Pao|Ice Spinner|p2a: Mane 2.0\n|-damage|p2a: Mane 2.0|0 fnt\n|faint|p2a: Mane 2.0\n|-end|p2a: Mane 2.0|Protosynthesis|[silent]\n|\n|win|Thermidor\n|raw|Thermidor's rating: 1325 → 1349<\/strong> (+24 for winning)\n|raw|sauceconnoisseur's rating: 1401 → 1377<\/strong> (-24 for losing)\n","uploadtime":1682091972,"views":10,"p1id":"thermidor","p2id":"sauceconnoisseur","formatid":"gen9vgc2023regulationc","rating":1349,"private":0,"password":""}