{"id":"gen9vgc2023regulationc-1857565817","p1":"Austin Youman","p2":"vyxl","format":"[Gen 9] VGC 2023 Regulation C","log":"|j|\u2606Austin Youman\n|j|\u2606vyxl\n|t:|1683208813\n|gametype|doubles\n|player|p1|Austin Youman|2|1155\n|player|p2|vyxl|170|1086\n|teamsize|p1|6\n|teamsize|p2|6\n|gen|9\n|tier|[Gen 9] VGC 2023 Regulation C\n|rated|\n|rule|Species Clause: Limit one of each Pok\u00e9mon\n|rule|Item Clause: Limit one of each item\n|clearpoke\n|poke|p1|Noivern, L50, M|\n|poke|p1|Scream Tail, L50|\n|poke|p1|Baxcalibur, L50, F|\n|poke|p1|Ceruledge, L50, F|\n|poke|p1|Bronzong, L50|\n|poke|p1|Froslass, L50, F|\n|poke|p2|Murkrow, L50, F|\n|poke|p2|Ceruledge, L50, M|\n|poke|p2|Flutter Mane, L50|\n|poke|p2|Gyarados, L50, M|\n|poke|p2|Great Tusk, L50|\n|poke|p2|Wo-Chien, L50|\n|teampreview|4\nvyxl has agreed to open team sheets.\n|inactive|Battle timer is ON: inactive players will automatically lose when time's up. (requested by vyxl)\n|\n|t:|1683208865\n|start\n|switch|p1a: Baxcalibur|Baxcalibur, L50, F|100\/100\n|switch|p1b: Scream Tail|Scream Tail, L50|100\/100\n|switch|p2a: Murkrow|Murkrow, L50, F|100\/100\n|switch|p2b: Flutter Mane|Flutter Mane, L50|100\/100\n|-enditem|p1b: Scream Tail|Booster Energy\n|-activate|p1b: Scream Tail|ability: Protosynthesis|[fromitem]\n|-start|p1b: Scream Tail|protosynthesisspe\n|turn|1\n|\n|t:|1683208882\n|move|p1a: Baxcalibur|Protect|p1a: Baxcalibur\n|-singleturn|p1a: Baxcalibur|Protect\n|move|p2a: Murkrow|Sunny Day|p2a: Murkrow\n|-weather|SunnyDay\n|-activate|p2b: Flutter Mane|ability: Protosynthesis\n|-start|p2b: Flutter Mane|protosynthesisspa\n|move|p1b: Scream Tail|Howl|p1b: Scream Tail|[spread] p1a,p1b\n|-boost|p1a: Baxcalibur|atk|1\n|-boost|p1b: Scream Tail|atk|1\n|move|p2b: Flutter Mane|Psyshock|p1a: Baxcalibur\n|-activate|p1a: Baxcalibur|move: Protect\n|\n|-weather|SunnyDay|[upkeep]\n|upkeep\n|turn|2\n|inactive|Austin Youman has 30 seconds left.\n|\n|t:|1683208913\n|-terastallize|p2b: Flutter Mane|Fairy\n|move|p2a: Murkrow|Tailwind|p2a: Murkrow\n|-sidestart|p2: vyxl|move: Tailwind\n|move|p1a: Baxcalibur|Ice Shard|p2b: Flutter Mane\n|-damage|p2b: Flutter Mane|24\/100\n|move|p2b: Flutter Mane|Dazzling Gleam|p1b: Scream Tail|[spread] p1a,p1b\n|-supereffective|p1a: Baxcalibur\n|-damage|p1a: Baxcalibur|0 fnt\n|-damage|p1b: Scream Tail|46\/100\n|faint|p1a: Baxcalibur\n|-damage|p2b: Flutter Mane|14\/100|[from] item: Life Orb\n|move|p1b: Scream Tail|Psychic Fangs|p2b: Flutter Mane\n|-damage|p2b: Flutter Mane|0 fnt\n|faint|p2b: Flutter Mane\n|-end|p2b: Flutter Mane|Protosynthesis|[silent]\n|\n|-weather|SunnyDay|[upkeep]\n|upkeep\n|\n|t:|1683208933\n|switch|p2b: Ceruledge|Ceruledge, L50, M|100\/100\n|switch|p1a: Noivern|Noivern, L50, M|100\/100\n|-item|p2a: Murkrow|Focus Sash|[from] ability: Frisk|[of] p1a: Noivern|[identify]\n|-item|p2b: Ceruledge|Clear Amulet|[from] ability: Frisk|[of] p1a: Noivern|[identify]\n|turn|3\n|inactive|Austin Youman has 30 seconds left.\n|\n|t:|1683208963\n|move|p2a: Murkrow|Brave Bird|p1a: Noivern\n|-damage|p1a: Noivern|48\/100\n|-damage|p2a: Murkrow|78\/100|[from] Recoil\n|move|p1b: Scream Tail|Play Rough|p2a: Murkrow\n|-supereffective|p2a: Murkrow\n|-damage|p2a: Murkrow|0 fnt\n|faint|p2a: Murkrow\n|move|p2b: Ceruledge|Bitter Blade|p1b: Scream Tail\n|-damage|p1b: Scream Tail|0 fnt\n|faint|p1b: Scream Tail\n|-end|p1b: Scream Tail|Protosynthesis|[silent]\n|move|p1a: Noivern|Tailwind|p1a: Noivern\n|-sidestart|p1: Austin Youman|move: Tailwind\n|\n|-weather|SunnyDay|[upkeep]\n|upkeep\n|\n|t:|1683208980\n|switch|p2a: Great Tusk|Great Tusk, L50|100\/100\n|switch|p1b: Bronzong|Bronzong, L50|100\/100\n|-activate|p2a: Great Tusk|ability: Protosynthesis\n|-start|p2a: Great Tusk|protosynthesisatk\n|turn|4\n|\n|t:|1683208999\n|-terastallize|p1b: Bronzong|Water\n|move|p2a: Great Tusk|Close Combat|p1a: Noivern\n|-resisted|p1a: Noivern\n|-damage|p1a: Noivern|0 fnt\n|-unboost|p2a: Great Tusk|def|1\n|-unboost|p2a: Great Tusk|spd|1\n|faint|p1a: Noivern\n|move|p2b: Ceruledge|Bitter Blade|p1b: Bronzong\n|-resisted|p1b: Bronzong\n|-damage|p1b: Bronzong|67\/100\n|move|p1b: Bronzong|Iron Defense|p1b: Bronzong\n|-boost|p1b: Bronzong|def|2\n|\n|-weather|SunnyDay|[upkeep]\n|-heal|p1b: Bronzong|73\/100|[from] item: Leftovers\n|upkeep\n|turn|5\n|\n|t:|1683209017\n|move|p2a: Great Tusk|Close Combat|p1b: Bronzong\n|-damage|p1b: Bronzong|34\/100\n|-unboost|p2a: Great Tusk|def|1\n|-unboost|p2a: Great Tusk|spd|1\n|move|p2b: Ceruledge|Bitter Blade|p1b: Bronzong\n|-resisted|p1b: Bronzong\n|-damage|p1b: Bronzong|17\/100\n|move|p1b: Bronzong|Iron Defense|p1b: Bronzong\n|-boost|p1b: Bronzong|def|2\n|\n|-weather|none\n|-end|p2a: Great Tusk|Protosynthesis\n|-heal|p1b: Bronzong|23\/100|[from] item: Leftovers\n|-sideend|p2: vyxl|move: Tailwind\n|upkeep\n|turn|6\n|\n|t:|1683209034\n|move|p2a: Great Tusk|Close Combat|p1b: Bronzong\n|-damage|p1b: Bronzong|4\/100\n|-unboost|p2a: Great Tusk|def|1\n|-unboost|p2a: Great Tusk|spd|1\n|move|p2b: Ceruledge|Bitter Blade|p1b: Bronzong\n|-resisted|p1b: Bronzong\n|-damage|p1b: Bronzong|0 fnt\n|faint|p1b: Bronzong\n|\n|win|vyxl\n|raw|Austin Youman's rating: 1155 → 1125<\/strong> (-30 for losing)\n|raw|vyxl's rating: 1086 → 1118<\/strong> (+32 for winning)\n","uploadtime":1683209044,"views":4,"p1id":"austinyouman","p2id":"vyxl","formatid":"gen9vgc2023regulationc","rating":1118,"private":0,"password":""}