{"id":"gen9vgc2023regulationc-1859223403","p1":"BIGHAXORUSFAN147","p2":"captain pope","format":"[Gen 9] VGC 2023 Regulation C","log":"|j|\u2606BIGHAXORUSFAN147\n|j|\u2606captain pope\n|t:|1683420199\n|gametype|doubles\n|player|p1|BIGHAXORUSFAN147|grimsley-masters|1558\n|player|p2|captain pope|2|1511\n|teamsize|p1|6\n|teamsize|p2|6\n|gen|9\n|tier|[Gen 9] VGC 2023 Regulation C\n|rated|\n|rule|Species Clause: Limit one of each Pok\u00e9mon\n|rule|Item Clause: Limit one of each item\n|clearpoke\n|poke|p1|Kingambit, L50, M|\n|poke|p1|Dragonite, L50, M|\n|poke|p1|Palafin, L50, M|\n|poke|p1|Amoonguss, L50, M|\n|poke|p1|Arcanine, L50, M|\n|poke|p1|Flutter Mane, L50|\n|poke|p2|Pelipper, L50, M|\n|poke|p2|Drednaw, L50, F|\n|poke|p2|Dragonite, L50, M|\n|poke|p2|Chien-Pao, L50|\n|poke|p2|Iron Bundle, L50|\n|poke|p2|Gholdengo, L50|\n|teampreview|4\n|inactive|Battle timer is ON: inactive players will automatically lose when time's up. (requested by captain pope)\nBIGHAXORUSFAN147 has agreed to open team sheets.\n|inactive|BIGHAXORUSFAN147 has 60 seconds left.\n|inactive|captain pope has 60 seconds left.\n|inactive|captain pope has 30 seconds left.\n|\n|t:|1683420263\n|start\n|switch|p1a: Mihawk|Kingambit, L50, M|100\/100\n|switch|p1b: Jinbe|Palafin, L50, M, shiny|100\/100\n|switch|p2a: Pelipper|Pelipper, L50, M|100\/100\n|switch|p2b: Drednaw|Drednaw, L50, F|100\/100\n|-weather|RainDance|[from] ability: Drizzle|[of] p2a: Pelipper\n|turn|1\n|inactive|captain pope has 30 seconds left.\n|inactive|captain pope has 20 seconds left.\n|inactive|captain pope has 15 seconds left.\n|inactive|captain pope has 10 seconds left.\n|\n|t:|1683420310\n|-terastallize|p1b: Jinbe|Water\n|move|p1b: Jinbe|Jet Punch|p2b: Drednaw\n|-damage|p2b: Drednaw|32\/100\n|move|p1a: Mihawk|Sucker Punch|p2b: Drednaw\n|-damage|p2b: Drednaw|0 fnt\n|faint|p2b: Drednaw\n|move|p2a: Pelipper|Hydro Pump|p1a: Mihawk\n|-damage|p1a: Mihawk|24\/100\n|\n|-weather|RainDance|[upkeep]\n|upkeep\n|inactive|captain pope has 30 seconds left.\n|\n|t:|1683420338\n|switch|p2b: Dragonite|Dragonite, L50, M|100\/100\n|turn|2\n|inactive|captain pope has 30 seconds left.\n|inactive|captain pope has 20 seconds left.\n|inactive|captain pope has 15 seconds left.\n|inactive|captain pope has 10 seconds left.\n|\n|t:|1683420384\n|detailschange|p1b: Jinbe|Palafin-Hero, L50, M, shiny, tera:Water\n|switch|p1b: Zoro|Dragonite, L50, M, shiny|100\/100\n|-terastallize|p2b: Dragonite|Flying\n|move|p1a: Mihawk|Sucker Punch|p2a: Pelipper\n|-damage|p2a: Pelipper|59\/100\n|move|p2b: Dragonite|Tera Blast|p1b: Zoro\n|-damage|p1b: Zoro|72\/100\n|move|p2a: Pelipper|Hydro Pump|p1a: Mihawk\n|-damage|p1a: Mihawk|0 fnt\n|faint|p1a: Mihawk\n|\n|-weather|RainDance|[upkeep]\n|upkeep\n|\n|t:|1683420397\n|switch|p1a: Jinbe|Palafin-Hero, L50, M, shiny, tera:Water|100\/100\n|-activate|p1a: Jinbe|ability: Zero to Hero\n|turn|3\n|inactive|captain pope has 30 seconds left.\n|inactive|captain pope has 20 seconds left.\n|\n|t:|1683420433\n|move|p1b: Zoro|Extreme Speed|p2b: Dragonite\n|-damage|p2b: Dragonite|87\/100\n|move|p1a: Jinbe|Jet Punch|p2b: Dragonite\n|-damage|p2b: Dragonite|0 fnt\n|faint|p2b: Dragonite\n|move|p2a: Pelipper|Hurricane|p1a: Jinbe\n|-damage|p1a: Jinbe|47\/100\n|-start|p1a: Jinbe|confusion\n|\n|-weather|RainDance|[upkeep]\n|upkeep\n|\n|t:|1683420443\n|switch|p2b: Chien-Pao|Chien-Pao, L50|100\/100\n|-ability|p2b: Chien-Pao|Sword of Ruin\n|turn|4\n|inactive|BIGHAXORUSFAN147 has 30 seconds left.\n|inactive|captain pope has 30 seconds left.\n|\n|t:|1683420483\n|move|p2b: Chien-Pao|Protect|p2b: Chien-Pao\n|-singleturn|p2b: Chien-Pao|Protect\n|move|p1b: Zoro|Extreme Speed|p2b: Chien-Pao\n|-activate|p2b: Chien-Pao|move: Protect\n|-activate|p1a: Jinbe|confusion\n|-damage|p1a: Jinbe|31\/100|[from] confusion\n|move|p2a: Pelipper|Hurricane|p1a: Jinbe\n|-damage|p1a: Jinbe|0 fnt\n|faint|p1a: Jinbe\n|\n|-weather|RainDance|[upkeep]\n|upkeep\n|\n|t:|1683420485\n|switch|p1a: Aramaki|Amoonguss, L50, M|100\/100\n|turn|5\n|inactive|captain pope has 30 seconds left.\n|inactive|captain pope has 20 seconds left.\n|\n|t:|1683420522\n|move|p1a: Aramaki|Protect|p1a: Aramaki\n|-singleturn|p1a: Aramaki|Protect\n|move|p1b: Zoro|Extreme Speed|p2a: Pelipper\n|-damage|p2a: Pelipper|16\/100\n|move|p2b: Chien-Pao|Ice Spinner|p1a: Aramaki\n|-activate|p1a: Aramaki|move: Protect\n|move|p2a: Pelipper|Hurricane|p1a: Aramaki\n|-activate|p1a: Aramaki|move: Protect\n|\n|-weather|RainDance|[upkeep]\n|upkeep\n|turn|6\n|inactive|BIGHAXORUSFAN147 has 30 seconds left.\n|\n|t:|1683420557\n|move|p1b: Zoro|Extreme Speed|p2a: Pelipper\n|-damage|p2a: Pelipper|0 fnt\n|faint|p2a: Pelipper\n|move|p2b: Chien-Pao|Ice Spinner|p1a: Aramaki\n|-supereffective|p1a: Aramaki\n|-damage|p1a: Aramaki|15\/100\n|-enditem|p1a: Aramaki|Sitrus Berry|[eat]\n|-heal|p1a: Aramaki|40\/100|[from] item: Sitrus Berry\n|move|p1a: Aramaki|Spore|p2b: Chien-Pao\n|-status|p2b: Chien-Pao|slp|[from] move: Spore\n|\n|-weather|RainDance|[upkeep]\n|upkeep\n|turn|7\n|\n|t:|1683420568\n|cant|p2b: Chien-Pao|slp\n|move|p1b: Zoro|Low Kick|p2b: Chien-Pao\n|-supereffective|p2b: Chien-Pao\n|-enditem|p2b: Chien-Pao|Focus Sash\n|-damage|p2b: Chien-Pao|1\/100 slp\n|move|p1a: Aramaki|Pollen Puff|p2b: Chien-Pao\n|-supereffective|p2b: Chien-Pao\n|-damage|p2b: Chien-Pao|0 fnt\n|faint|p2b: Chien-Pao\n|\n|win|BIGHAXORUSFAN147\n|raw|BIGHAXORUSFAN147's rating: 1558 → 1575<\/strong> (+17 for winning)\n|raw|captain pope's rating: 1511 → 1494<\/strong> (-17 for losing)\n|c|\u2606captain pope|why did i not target the dragonite ever lol\n","uploadtime":1683420579,"views":8,"p1id":"bighaxorusfan147","p2id":"captainpope","formatid":"gen9vgc2023regulationc","rating":1494,"private":0,"password":""}