{"id":"gen9vgc2023regulationc-1863337840","p1":"Fishyboyrocks331","p2":"gucci_shinigami","format":"[Gen 9] VGC 2023 Regulation C","log":"|j|\u2606Fishyboyrocks331\n|j|\u2606gucci_shinigami\n|t:|1684004271\n|gametype|doubles\n|player|p1|Fishyboyrocks331|shadowtriad|1081\n|player|p2|gucci_shinigami|karen|1170\n|teamsize|p1|6\n|teamsize|p2|6\n|gen|9\n|tier|[Gen 9] VGC 2023 Regulation C\n|rated|\n|rule|Species Clause: Limit one of each Pok\u00e9mon\n|rule|Item Clause: Limit one of each item\n|clearpoke\n|poke|p1|Chi-Yu, L50|\n|poke|p1|Glimmora, L50, M|\n|poke|p1|Skeledirge, L50, F|\n|poke|p1|Annihilape, L50, M|\n|poke|p1|Dudunsparce-*, L50, M|\n|poke|p1|Dragonite, L50, M|\n|poke|p2|Chien-Pao, L50|\n|poke|p2|Dragapult, L50, F|\n|poke|p2|Amoonguss, L50, F|\n|poke|p2|Talonflame, L50, F|\n|poke|p2|Iron Moth, L50|\n|poke|p2|Iron Hands, L50|\n|teampreview|4\n|\n|t:|1684004348\n|start\n|switch|p1a: Skeledirge|Skeledirge, L50, F|100\/100\n|switch|p1b: Annihilape|Annihilape, L50, M|100\/100\n|switch|p2a: Talonflame|Talonflame, L50, F|100\/100\n|switch|p2b: Iron Hands|Iron Hands, L50|100\/100\n|turn|1\n|\n|t:|1684004383\n|-terastallize|p1a: Skeledirge|Fairy\n|move|p2a: Talonflame|Taunt|p1a: Skeledirge\n|-start|p1a: Skeledirge|move: Taunt\n|move|p1b: Annihilape|Rock Slide|p2a: Talonflame|[spread] p2a,p2b\n|-supereffective|p2a: Talonflame\n|-resisted|p2b: Iron Hands\n|-damage|p2a: Talonflame|5\/100\n|-damage|p2b: Iron Hands|94\/100\n|move|p1a: Skeledirge|Tera Blast|p2b: Iron Hands\n|-supereffective|p2b: Iron Hands\n|-damage|p2b: Iron Hands|56\/100\n|move|p2b: Iron Hands|Volt Switch|p1b: Annihilape\n|-damage|p1b: Annihilape|89\/100\n|\n|t:|1684004398\n|-end|p2b: Iron Hands|Quark Drive|[silent]\n|switch|p2b: Dragapult|Dragapult, L50, F|100\/100|[from] Volt Switch\n|\n|upkeep\n|turn|2\n|\n|t:|1684004418\n|move|p2b: Dragapult|Phantom Force||[still]\n|-prepare|p2b: Dragapult|Phantom Force\n|move|p2a: Talonflame|Tailwind|p2a: Talonflame\n|-sidestart|p2: gucci_shinigami|move: Tailwind\n|move|p1b: Annihilape|Rock Slide|p2b: Dragapult|[spread] p2a\n|-miss|p1b: Annihilape|p2b: Dragapult\n|-supereffective|p2a: Talonflame\n|-damage|p2a: Talonflame|0 fnt\n|faint|p2a: Talonflame\n|move|p1a: Skeledirge|Tera Blast|p2b: Dragapult|[miss]\n|-miss|p1a: Skeledirge|p2b: Dragapult\n|\n|upkeep\n|\n|t:|1684004430\n|switch|p2a: Iron Moth|Iron Moth, L50|100\/100\n|-enditem|p2a: Iron Moth|Booster Energy\n|-activate|p2a: Iron Moth|ability: Quark Drive|[fromitem]\n|-start|p2a: Iron Moth|quarkdrivespa\n|turn|3\n|\n|t:|1684004444\n|move|p2b: Dragapult|Phantom Force|p1b: Annihilape|[from]lockedmove\n|-supereffective|p1b: Annihilape\n|-damage|p1b: Annihilape|0 fnt\n|faint|p1b: Annihilape\n|move|p2a: Iron Moth|Sludge Wave|p1a: Skeledirge|[spread] p2b,p1a\n|-resisted|p2b: Dragapult\n|-supereffective|p1a: Skeledirge\n|-damage|p2b: Dragapult|68\/100\n|-damage|p1a: Skeledirge|0 fnt\n|-status|p2b: Dragapult|psn\n|faint|p1a: Skeledirge\n|\n|-damage|p2b: Dragapult|56\/100 psn|[from] psn\n|upkeep\n|inactive|Battle timer is ON: inactive players will automatically lose when time's up. (requested by gucci_shinigami)\n|\n|t:|1684004515\n|switch|p1b: Dragonite|Dragonite, L50, M|100\/100\n|switch|p1a: Dudunsparce|Dudunsparce, L50, M|100\/100\n|turn|4\n|inactive|gucci_shinigami has 30 seconds left.\n|inactive|gucci_shinigami has 20 seconds left.\n|inactive|gucci_shinigami has 15 seconds left.\n|\n|t:|1684004555\n|switch|p2b: Iron Hands|Iron Hands, L50|56\/100\n|move|p2a: Iron Moth|Protect|p2a: Iron Moth\n|-singleturn|p2a: Iron Moth|Protect\n|move|p1b: Dragonite|Dragon Dance|p1b: Dragonite\n|-boost|p1b: Dragonite|atk|1\n|-boost|p1b: Dragonite|spe|1\n|move|p1a: Dudunsparce|Body Slam|p2a: Iron Moth\n|-activate|p2a: Iron Moth|move: Protect\n|\n|upkeep\n|turn|5\n|\n|t:|1684004576\n|move|p2a: Iron Moth|Fiery Dance|p1a: Dudunsparce\n|-damage|p1a: Dudunsparce|53\/100\n|-boost|p2a: Iron Moth|spa|1\n|move|p1b: Dragonite|Dragon Dance|p1b: Dragonite\n|-boost|p1b: Dragonite|atk|1\n|-boost|p1b: Dragonite|spe|1\n|move|p2b: Iron Hands|Drain Punch|p1a: Dudunsparce\n|-supereffective|p1a: Dudunsparce\n|-damage|p1a: Dudunsparce|0 fnt\n|-heal|p2b: Iron Hands|80\/100|[from] drain|[of] p1a: Dudunsparce\n|faint|p1a: Dudunsparce\n|\n|-sideend|p2: gucci_shinigami|move: Tailwind\n|upkeep\n|turn|6\n|inactive|Fishyboyrocks331 has 30 seconds left.\n|\n|t:|1684004607\n|move|p1b: Dragonite|Dragon Claw|p2a: Iron Moth\n|-damage|p2a: Iron Moth|0 fnt\n|faint|p2a: Iron Moth\n|-end|p2a: Iron Moth|Quark Drive|[silent]\n|move|p2b: Iron Hands|Volt Switch|p1b: Dragonite\n|-damage|p1b: Dragonite|90\/100\n|\n|t:|1684004614\n|-end|p2b: Iron Hands|Quark Drive|[silent]\n|switch|p2b: Dragapult|Dragapult, L50, F|56\/100 psn|[from] Volt Switch\n|\n|-damage|p2b: Dragapult|43\/100 psn|[from] psn\n|upkeep\n|\n|t:|1684004619\n|switch|p2a: Iron Hands|Iron Hands, L50|80\/100\n|turn|7\n|\n|t:|1684004629\n|-terastallize|p2b: Dragapult|Steel\n|move|p2a: Iron Hands|Fake Out|p1b: Dragonite\n|-damage|p1b: Dragonite|73\/100\n|-damage|p2a: Iron Hands|63\/100|[from] item: Rocky Helmet|[of] p1b: Dragonite\n|move|p2b: Dragapult|Dragon Darts|p1b: Dragonite\n|-supereffective|p1b: Dragonite\n|-damage|p1b: Dragonite|0 fnt\n|faint|p1b: Dragonite\n|\n|win|gucci_shinigami\n|raw|Fishyboyrocks331's rating: 1081 → 1064<\/strong> (-17 for losing)\n|raw|gucci_shinigami's rating: 1170 → 1189<\/strong> (+19 for winning)\n|l|\u2606Fishyboyrocks331\n","uploadtime":1684004650,"views":14,"p1id":"fishyboyrocks331","p2id":"guccishinigami","formatid":"gen9vgc2023regulationc","rating":1064,"private":0,"password":""}