{"id":"gen9vgc2023regulationc-1860888630","p1":"CallMeMoron","p2":"windowsstartup","format":"[Gen 9] VGC 2023 Regulation C","log":"|j|\u2606CallMeMoron\n|j|\u2606windowsstartup\n|t:|1683690883\n|gametype|doubles\n|player|p1|CallMeMoron|n|1195\n|player|p2|windowsstartup|102|1273\n|teamsize|p1|6\n|teamsize|p2|6\n|gen|9\n|tier|[Gen 9] VGC 2023 Regulation C\n|rated|\n|rule|Species Clause: Limit one of each Pok\u00e9mon\n|rule|Item Clause: Limit one of each item\n|clearpoke\n|poke|p1|Talonflame, L50, F|\n|poke|p1|Great Tusk, L50|\n|poke|p1|Tyranitar, L50, F|\n|poke|p1|Houndstone, L50, F|\n|poke|p1|Iron Bundle, L50|\n|poke|p1|Chi-Yu, L50|\n|poke|p2|Torkoal, L50, M|\n|poke|p2|Lilligant, L50, F|\n|poke|p2|Great Tusk, L50|\n|poke|p2|Flutter Mane, L50|\n|poke|p2|Talonflame, L50, F|\n|poke|p2|Chien-Pao, L50|\n|teampreview|4\nwindowsstartup has agreed to open team sheets.\n|inactive|Battle timer is ON: inactive players will automatically lose when time's up. (requested by CallMeMoron)\n|\n|t:|1683690923\n|start\n|switch|p1a: Gallina|Talonflame, L50, F|100\/100\n|switch|p1b: Chi-Yu|Chi-Yu, L50|100\/100\n|switch|p2a: Flutter Mane|Flutter Mane, L50|100\/100\n|switch|p2b: Talonflame|Talonflame, L50, F|100\/100\n|-ability|p1b: Chi-Yu|Beads of Ruin\n|turn|1\n|\n|t:|1683690941\n|-terastallize|p1b: Chi-Yu|Ghost\n|move|p2b: Talonflame|Tailwind|p2b: Talonflame\n|-sidestart|p2: windowsstartup|move: Tailwind\n|move|p1a: Gallina|Tailwind|p1a: Gallina\n|-sidestart|p1: CallMeMoron|move: Tailwind\n|move|p1b: Chi-Yu|Heat Wave|p2b: Talonflame|[spread] p2a,p2b\n|-resisted|p2b: Talonflame\n|-damage|p2a: Flutter Mane|54\/100\n|-damage|p2b: Talonflame|64\/100\n|move|p2a: Flutter Mane|Power Gem|p1a: Gallina\n|-supereffective|p1a: Gallina\n|-damage|p1a: Gallina|0 fnt\n|faint|p1a: Gallina\n|\n|upkeep\n|\n|t:|1683690961\n|switch|p1a: Houndstone|Houndstone, L50, F, shiny|100\/100\n|turn|2\n|\n|t:|1683690973\n|switch|p1b: Tyranitar|Tyranitar, L50, F, shiny|100\/100\n|-weather|Sandstorm|[from] ability: Sand Stream|[of] p1b: Tyranitar\n|move|p1a: Houndstone|Last Respects|p2a: Flutter Mane\n|-supereffective|p2a: Flutter Mane\n|-damage|p2a: Flutter Mane|0 fnt\n|faint|p2a: Flutter Mane\n|-end|p2a: Flutter Mane|Protosynthesis|[silent]\n|move|p2b: Talonflame|Will-O-Wisp|p1a: Houndstone\n|-status|p1a: Houndstone|brn\n|\n|-weather|Sandstorm|[upkeep]\n|-damage|p1a: Houndstone|94\/100 brn|[from] brn\n|upkeep\n|\n|t:|1683690977\n|switch|p2a: Torkoal|Torkoal, L50, M|100\/100\n|-weather|SunnyDay|[from] ability: Drought|[of] p2a: Torkoal\n|turn|3\n|\n|t:|1683690993\n|move|p2b: Talonflame|Brave Bird|p1a: Houndstone\n|-damage|p1a: Houndstone|58\/100 brn\n|-damage|p2b: Talonflame|52\/100|[from] Recoil\n|move|p1a: Houndstone|Howl|p1a: Houndstone|[spread] p1a,p1b\n|-boost|p1a: Houndstone|atk|1\n|-boost|p1b: Tyranitar|atk|1\n|move|p1b: Tyranitar|Rock Slide|p2b: Talonflame|[spread] p2a,p2b\n|-supereffective|p2a: Torkoal\n|-supereffective|p2b: Talonflame\n|-damage|p2a: Torkoal|23\/100\n|-damage|p2b: Talonflame|0 fnt\n|faint|p2b: Talonflame\n|cant|p2a: Torkoal|flinch\n|\n|-weather|SunnyDay|[upkeep]\n|-damage|p1a: Houndstone|52\/100 brn|[from] brn\n|upkeep\n|\n|t:|1683690999\n|switch|p2b: Lilligant|Lilligant, L50, F|100\/100\n|turn|4\n|\n|t:|1683691015\n|move|p2b: Lilligant|Sleep Powder|p1b: Tyranitar\n|-status|p1b: Tyranitar|slp|[from] move: Sleep Powder\n|move|p1a: Houndstone|Last Respects|p2a: Torkoal\n|-damage|p2a: Torkoal|0 fnt\n|faint|p2a: Torkoal\n|cant|p1b: Tyranitar|slp\n|\n|-weather|SunnyDay|[upkeep]\n|-damage|p1a: Houndstone|46\/100 brn|[from] brn\n|-sideend|p2: windowsstartup|move: Tailwind\n|-sideend|p1: CallMeMoron|move: Tailwind\n|upkeep\n|-enditem|p1a: Houndstone|Sitrus Berry|[eat]\n|-heal|p1a: Houndstone|71\/100 brn|[from] item: Sitrus Berry\n|turn|5\n|\n|t:|1683691025\n|switch|p1b: Chi-Yu|Chi-Yu, L50, tera:Ghost|100\/100\n|-ability|p1b: Chi-Yu|Beads of Ruin\n|move|p2b: Lilligant|Leaf Storm|p1a: Houndstone\n|-damage|p1a: Houndstone|0 fnt\n|-unboost|p2b: Lilligant|spa|2\n|faint|p1a: Houndstone\n|\n|-weather|SunnyDay|[upkeep]\n|upkeep\n|\n|t:|1683691032\n|switch|p1a: Tyranitar|Tyranitar, L50, F, shiny|100\/100 slp\n|-weather|Sandstorm|[from] ability: Sand Stream|[of] p1a: Tyranitar\n|turn|6\n|\n|t:|1683691045\n|-terastallize|p2b: Lilligant|Ghost\n|move|p1b: Chi-Yu|Dark Pulse|p2b: Lilligant\n|-supereffective|p2b: Lilligant\n|-damage|p2b: Lilligant|0 fnt\n|faint|p2b: Lilligant\n|\n|win|CallMeMoron\n|raw|CallMeMoron's rating: 1195 → 1226<\/strong> (+31 for winning)\n|raw|windowsstartup's rating: 1273 → 1242<\/strong> (-31 for losing)\n|c|\u2606windowsstartup|gg\n|c|\u2606CallMeMoron|Gg\n","uploadtime":1683691054,"views":37,"p1id":"callmemoron","p2id":"windowsstartup","formatid":"gen9vgc2023regulationc","rating":1226,"private":0,"password":""}