{"id":"gen9vgc2023regulationc-1845117237","p1":"kids0sick","p2":"ShadowFlameDragn","format":"[Gen 9] VGC 2023 Regulation C","log":"|j|\u2606kids0sick\n|j|\u2606ShadowFlameDragn\n|t:|1681685542\n|gametype|doubles\n|player|p1|kids0sick|102|1278\n|player|p2|ShadowFlameDragn|hilbert|1223\n|teamsize|p1|6\n|teamsize|p2|6\n|gen|9\n|tier|[Gen 9] VGC 2023 Regulation C\n|rated|\n|rule|Species Clause: Limit one of each Pok\u00e9mon\n|rule|Item Clause: Limit one of each item\n|clearpoke\n|poke|p1|Iron Hands, L50|\n|poke|p1|Palafin, L50, F|\n|poke|p1|Arcanine, L50, F|\n|poke|p1|Amoonguss, L50, F|\n|poke|p1|Corviknight, L50, F|\n|poke|p1|Farigiraf, L50, M|\n|poke|p2|Dragonite, L50, M|\n|poke|p2|Tinkaton, L50, F|\n|poke|p2|Chi-Yu, L50|\n|poke|p2|Iron Bundle, L50|\n|poke|p2|Maushold, L50|\n|poke|p2|Annihilape, L50, F|\n|teampreview|4\n|c|\u2606ShadowFlameDragn|glhf!\nShadowFlameDragn has agreed to open team sheets.\n|\n|t:|1681685652\n|start\n|switch|p1a: Iron Hands|Iron Hands, L50|100\/100\n|switch|p1b: Farigiraf|Farigiraf, L50, M|100\/100\n|switch|p2a: Chi-Yu|Chi-Yu, L50|100\/100\n|switch|p2b: Tinkaton|Tinkaton, L50, F|100\/100\n|-ability|p2a: Chi-Yu|Beads of Ruin\n|-ability|p2b: Tinkaton|Mold Breaker\n|turn|1\n|inactive|Battle timer is ON: inactive players will automatically lose when time's up. (requested by kids0sick)\n|c|\u2606kids0sick|u2\n|inactive|ShadowFlameDragn has 60 seconds left.\n|\n|t:|1681685692\n|-terastallize|p2a: Chi-Yu|Dark\n|-terastallize|p1a: Iron Hands|Fire\n|move|p2b: Tinkaton|Fake Out|p1a: Iron Hands\n|-damage|p1a: Iron Hands|93\/100\n|move|p2a: Chi-Yu|Dark Pulse|p1b: Farigiraf\n|-supereffective|p1b: Farigiraf\n|-damage|p1b: Farigiraf|0 fnt\n|faint|p1b: Farigiraf\n|-damage|p2a: Chi-Yu|91\/100|[from] item: Life Orb\n|cant|p1a: Iron Hands|flinch\n|\n|upkeep\n|\n|t:|1681685706\n|switch|p1b: Arcanine|Arcanine, L50, F|100\/100\n|-ability|p1b: Arcanine|Intimidate|boost\n|-unboost|p2a: Chi-Yu|atk|1\n|-unboost|p2b: Tinkaton|atk|1\n|turn|2\n|inactive|ShadowFlameDragn has 30 seconds left.\n|inactive|ShadowFlameDragn has 20 seconds left.\n|\n|t:|1681685744\n|switch|p2b: Annihilape|Annihilape, L50, F|100\/100\n|move|p2a: Chi-Yu|Dark Pulse|p1b: Arcanine\n|-damage|p1b: Arcanine|0 fnt\n|faint|p1b: Arcanine\n|-damage|p2a: Chi-Yu|81\/100|[from] item: Life Orb\n|move|p1a: Iron Hands|Drain Punch|p2a: Chi-Yu\n|-supereffective|p2a: Chi-Yu\n|-damage|p2a: Chi-Yu|0 fnt\n|-heal|p1a: Iron Hands|100\/100|[from] drain|[of] p2a: Chi-Yu\n|faint|p2a: Chi-Yu\n|\n|upkeep\n|\n|t:|1681685758\n|switch|p2a: Tinkaton|Tinkaton, L50, F|100\/100\n|switch|p1b: Corviknight|Corviknight, L50, F|100\/100\n|-ability|p2a: Tinkaton|Mold Breaker\n|turn|3\n|\n|t:|1681685773\n|move|p2a: Tinkaton|Fake Out|p1a: Iron Hands\n|-damage|p1a: Iron Hands|93\/100\n|move|p2b: Annihilape|Bulk Up|p2b: Annihilape\n|-boost|p2b: Annihilape|atk|1\n|-boost|p2b: Annihilape|def|1\n|move|p1b: Corviknight|Brave Bird|p2b: Annihilape\n|-supereffective|p2b: Annihilape\n|-damage|p2b: Annihilape|11\/100\n|-damage|p1b: Corviknight|66\/100|[from] Recoil\n|cant|p1a: Iron Hands|flinch\n|\n|-heal|p2b: Annihilape|17\/100|[from] item: Leftovers\n|upkeep\n|turn|4\n|\n|t:|1681685792\n|move|p2a: Tinkaton|Knock Off|p1a: Iron Hands\n|-damage|p1a: Iron Hands|76\/100\n|-enditem|p1a: Iron Hands|Clear Amulet|[from] move: Knock Off|[of] p2a: Tinkaton\n|move|p2b: Annihilape|Drain Punch|p1b: Corviknight\n|-damage|p1b: Corviknight|24\/100\n|-heal|p2b: Annihilape|36\/100|[from] drain|[of] p1b: Corviknight\n|move|p1b: Corviknight|Brave Bird|p2b: Annihilape\n|-supereffective|p2b: Annihilape\n|-damage|p2b: Annihilape|0 fnt\n|faint|p2b: Annihilape\n|-damage|p1b: Corviknight|11\/100|[from] Recoil\n|move|p1a: Iron Hands|Swords Dance|p1a: Iron Hands\n|-boost|p1a: Iron Hands|atk|2\n|\n|upkeep\n|\n|t:|1681685805\n|switch|p2b: Iron Bundle|Iron Bundle, L50|100\/100\n|turn|5\n|\n|t:|1681685828\n|move|p2b: Iron Bundle|Encore|p1a: Iron Hands\n|-start|p1a: Iron Hands|Encore\n|move|p2a: Tinkaton|Knock Off|p1b: Corviknight\n|-damage|p1b: Corviknight|0 fnt\n|-enditem|p1b: Corviknight|Choice Band|[from] move: Knock Off|[of] p2a: Tinkaton\n|faint|p1b: Corviknight\n|move|p1a: Iron Hands|Swords Dance|p1a: Iron Hands\n|-boost|p1a: Iron Hands|atk|2\n|\n|upkeep\n|turn|6\n|-message|kids0sick forfeited.\n|\n|win|ShadowFlameDragn\n|raw|kids0sick's rating: 1252 → 1225<\/strong> (-27 for losing)\n|raw|ShadowFlameDragn's rating: 1223 → 1250<\/strong> (+27 for winning)\n|l|\u2606kids0sick\n|c|\u2606ShadowFlameDragn|ggs!\n","uploadtime":1681685861,"views":15,"p1id":"kids0sick","p2id":"shadowflamedragn","formatid":"gen9vgc2023regulationc","rating":1225,"private":0,"password":""}