{"id":"gen9vgc2023regulationc-1852594141","p1":"grumpyolddude","p2":"Jackblast421","format":"[Gen 9] VGC 2023 Regulation C","log":"|j|\u2606grumpyolddude\n|j|\u2606Jackblast421\n|t:|1682582181\n|gametype|doubles\n|player|p1|grumpyolddude|fisherman|1097\n|player|p2|Jackblast421|170|1028\n|teamsize|p1|6\n|teamsize|p2|6\n|gen|9\n|tier|[Gen 9] VGC 2023 Regulation C\n|rated|\n|rule|Species Clause: Limit one of each Pok\u00e9mon\n|rule|Item Clause: Limit one of each item\n|clearpoke\n|poke|p1|Maushold-Four, L50|\n|poke|p1|Hatterene, L50, F|\n|poke|p1|Indeedee-F, L50, F|\n|poke|p1|Torkoal, L50, F|\n|poke|p1|Wo-Chien, L50|\n|poke|p1|Kingambit, L50, F|\n|poke|p2|Ting-Lu, L50|\n|poke|p2|Indeedee-F, L50, F|\n|poke|p2|Armarouge, L50, F|\n|poke|p2|Grimmsnarl, L50, M|\n|poke|p2|Iron Hands, L50|\n|poke|p2|Iron Bundle, L50|\n|teampreview|4\n|inactive|Battle timer is ON: inactive players will automatically lose when time's up. (requested by Jackblast421)\n|\n|t:|1682582222\n|start\n|switch|p1a: Maushold|Maushold-Four, L50|100\/100\n|switch|p1b: Torkoal|Torkoal, L50, F|100\/100\n|switch|p2a: Indeedee|Indeedee-F, L50, F|100\/100\n|switch|p2b: Armarouge|Armarouge, L50, F|100\/100\n|-fieldstart|move: Psychic Terrain|[from] ability: Psychic Surge|[of] p2a: Indeedee\n|-weather|SunnyDay|[from] ability: Drought|[of] p1b: Torkoal\n|turn|1\n|inactive|grumpyolddude has 30 seconds left.\n|inactive|Jackblast421 has 30 seconds left.\n|inactive|Jackblast421 has 20 seconds left.\n|\n|t:|1682582259\n|move|p1a: Maushold|Population Bomb|p2a: Indeedee\n|-damage|p2a: Indeedee|89\/100\n|-crit|p2a: Indeedee\n|-damage|p2a: Indeedee|70\/100\n|-damage|p2a: Indeedee|58\/100\n|-crit|p2a: Indeedee\n|-damage|p2a: Indeedee|39\/100\n|-damage|p2a: Indeedee|28\/100\n|-damage|p2a: Indeedee|16\/100\n|-damage|p2a: Indeedee|3\/100\n|-hitcount|p2a: Indeedee|7\n|move|p2b: Armarouge|Expanding Force|p1a: Maushold|[spread] p1a,p1b\n|-damage|p1a: Maushold|0 fnt\n|-damage|p1b: Torkoal|0 fnt\n|faint|p1a: Maushold\n|faint|p1b: Torkoal\n|move|p2a: Indeedee|Trick Room|p2a: Indeedee\n|-fieldstart|move: Trick Room|[of] p2a: Indeedee\n|\n|-weather|SunnyDay|[upkeep]\n|upkeep\n|\n|t:|1682582275\n|switch|p1b: Wo-Chien|Wo-Chien, L50|100\/100\n|switch|p1a: Kingambit|Kingambit, L50, F|100\/100\n|-ability|p1b: Wo-Chien|Tablets of Ruin\n|turn|2\n|\n|t:|1682582295\n|-terastallize|p1a: Kingambit|Flying\n|move|p1b: Wo-Chien|Protect|p1b: Wo-Chien\n|-singleturn|p1b: Wo-Chien|Protect\n|move|p2a: Indeedee|Follow Me|p2a: Indeedee\n|-singleturn|p2a: Indeedee|move: Follow Me\n|move|p1a: Kingambit|Kowtow Cleave|p2a: Indeedee\n|-supereffective|p2a: Indeedee\n|-damage|p2a: Indeedee|0 fnt\n|faint|p2a: Indeedee\n|move|p2b: Armarouge|Armor Cannon|p1a: Kingambit\n|-damage|p1a: Kingambit|31\/100\n|-unboost|p2b: Armarouge|def|1\n|-unboost|p2b: Armarouge|spd|1\n|\n|-weather|SunnyDay|[upkeep]\n|upkeep\n|\n|t:|1682582313\n|switch|p2a: Ting-Lu|Ting-Lu, L50|100\/100\n|-ability|p2a: Ting-Lu|Vessel of Ruin\n|turn|3\n|\n|t:|1682582333\n|move|p2a: Ting-Lu|Heavy Slam|p1a: Kingambit\n|-crit|p1a: Kingambit\n|-damage|p1a: Kingambit|1\/100\n|move|p1a: Kingambit|Kowtow Cleave|p2b: Armarouge\n|-supereffective|p2b: Armarouge\n|-damage|p2b: Armarouge|0 fnt\n|faint|p2b: Armarouge\n|move|p1b: Wo-Chien|Leech Seed|p2a: Ting-Lu\n|-start|p2a: Ting-Lu|move: Leech Seed\n|\n|-weather|SunnyDay|[upkeep]\n|-damage|p2a: Ting-Lu|88\/100|[from] Leech Seed|[of] p1b: Wo-Chien\n|upkeep\n|\n|t:|1682582343\n|switch|p2b: Grimmsnarl|Grimmsnarl, L50, M|100\/100\n|turn|4\n|inactive|Jackblast421 has 30 seconds left.\n|inactive|Jackblast421 has 20 seconds left.\n|inactive|Jackblast421 has 15 seconds left.\n|\n|t:|1682582385\n|move|p2a: Ting-Lu|Heavy Slam|p1a: Kingambit\n|-damage|p1a: Kingambit|0 fnt\n|faint|p1a: Kingambit\n|move|p2b: Grimmsnarl|Spirit Break|p1b: Wo-Chien\n|-supereffective|p1b: Wo-Chien\n|-damage|p1b: Wo-Chien|68\/100\n|-unboost|p1b: Wo-Chien|spa|1\n|move|p1b: Wo-Chien|Leech Seed|p2b: Grimmsnarl\n|-start|p2b: Grimmsnarl|move: Leech Seed\n|\n|-weather|SunnyDay|[upkeep]\n|-heal|p1b: Wo-Chien|74\/100|[from] item: Leftovers\n|-damage|p2a: Ting-Lu|76\/100|[from] Leech Seed|[of] p1b: Wo-Chien\n|-heal|p1b: Wo-Chien|90\/100|[silent]\n|-damage|p2b: Grimmsnarl|88\/100|[from] Leech Seed|[of] p1b: Wo-Chien\n|-heal|p1b: Wo-Chien|100\/100|[silent]\n|upkeep\n|turn|5\n|\n|t:|1682582404\n|move|p2b: Grimmsnarl|Thunder Wave|p1b: Wo-Chien\n|-activate|p1b: Wo-Chien|move: Psychic Terrain\n|move|p2a: Ting-Lu|Ruination|p1b: Wo-Chien\n|-damage|p1b: Wo-Chien|50\/100\n|move|p1b: Wo-Chien|Giga Drain|p2a: Ting-Lu\n|-supereffective|p2a: Ting-Lu\n|-damage|p2a: Ting-Lu|64\/100\n|-heal|p1b: Wo-Chien|58\/100|[from] drain|[of] p2a: Ting-Lu\n|\n|-weather|none\n|-heal|p1b: Wo-Chien|65\/100|[from] item: Leftovers\n|-damage|p2a: Ting-Lu|51\/100|[from] Leech Seed|[of] p1b: Wo-Chien\n|-heal|p1b: Wo-Chien|80\/100|[silent]\n|-damage|p2b: Grimmsnarl|76\/100|[from] Leech Seed|[of] p1b: Wo-Chien\n|-heal|p1b: Wo-Chien|93\/100|[silent]\n|-fieldend|move: Trick Room\n|upkeep\n|turn|6\n|\n|t:|1682582424\n|move|p1b: Wo-Chien|Giga Drain|p2a: Ting-Lu\n|-supereffective|p2a: Ting-Lu\n|-damage|p2a: Ting-Lu|41\/100\n|-heal|p1b: Wo-Chien|99\/100|[from] drain|[of] p2a: Ting-Lu\n|move|p2b: Grimmsnarl|Spirit Break|p1b: Wo-Chien\n|-supereffective|p1b: Wo-Chien\n|-damage|p1b: Wo-Chien|71\/100\n|-unboost|p1b: Wo-Chien|spa|1\n|move|p2a: Ting-Lu|Ruination|p1b: Wo-Chien\n|-damage|p1b: Wo-Chien|36\/100\n|\n|-heal|p1b: Wo-Chien|42\/100|[from] item: Leftovers\n|-damage|p2b: Grimmsnarl|63\/100|[from] Leech Seed|[of] p1b: Wo-Chien\n|-heal|p1b: Wo-Chien|55\/100|[silent]\n|-damage|p2a: Ting-Lu|28\/100|[from] Leech Seed|[of] p1b: Wo-Chien\n|-heal|p1b: Wo-Chien|71\/100|[silent]\n|upkeep\n|turn|7\n|inactive|Jackblast421 has 30 seconds left.\n|\n|t:|1682582452\n|-terastallize|p2b: Grimmsnarl|Steel\n|move|p1b: Wo-Chien|Protect|p1b: Wo-Chien\n|-singleturn|p1b: Wo-Chien|Protect\n|move|p2b: Grimmsnarl|Spirit Break|p1b: Wo-Chien\n|-activate|p1b: Wo-Chien|move: Protect\n|move|p2a: Ting-Lu|Ruination|p1b: Wo-Chien\n|-activate|p1b: Wo-Chien|move: Protect\n|\n|-heal|p1b: Wo-Chien|77\/100|[from] item: Leftovers\n|-damage|p2b: Grimmsnarl|51\/100|[from] Leech Seed|[of] p1b: Wo-Chien\n|-heal|p1b: Wo-Chien|90\/100|[silent]\n|-damage|p2a: Ting-Lu|16\/100|[from] Leech Seed|[of] p1b: Wo-Chien\n|-heal|p1b: Wo-Chien|100\/100|[silent]\n|upkeep\n|turn|8\n|-message|Jackblast421 forfeited.\n|\n|win|grumpyolddude\n|raw|grumpyolddude's rating: 1097 → 1117<\/strong> (+20 for winning)\n|raw|Jackblast421's rating: 1028 → 1017<\/strong> (-11 for losing)\n|l|\u2606Jackblast421\n","uploadtime":1682582468,"views":14,"p1id":"grumpyolddude","p2id":"jackblast421","formatid":"gen9vgc2023regulationc","rating":1017,"private":0,"password":""}