{"id":"gen9vgc2023regulationc-1862556485","p1":"A_Wild_Ymir","p2":"ogden2","format":"[Gen 9] VGC 2023 Regulation C","log":"|j|\u2606A_Wild_Ymir\n|j|\u2606ogden2\n|t:|1683900470\n|gametype|doubles\n|player|p1|A_Wild_Ymir|pokemonbreeder-gen4|1239\n|player|p2|ogden2|clay|1300\n|teamsize|p1|6\n|teamsize|p2|6\n|gen|9\n|tier|[Gen 9] VGC 2023 Regulation C\n|rated|\n|rule|Species Clause: Limit one of each Pok\u00e9mon\n|rule|Item Clause: Limit one of each item\n|clearpoke\n|poke|p1|Farigiraf, L50, F|\n|poke|p1|Hariyama, L50, M|\n|poke|p1|Wo-Chien, L50|\n|poke|p1|Kingambit, L50, M|\n|poke|p1|Armarouge, L50, M|\n|poke|p1|Scizor, L50, F|\n|poke|p2|Flutter Mane, L50|\n|poke|p2|Garganacl, L50, M|\n|poke|p2|Ting-Lu, L50|\n|poke|p2|Gyarados, L50, F|\n|poke|p2|Arcanine, L50, F|\n|poke|p2|Breloom, L50, F|\n|teampreview|4\n|inactive|Battle timer is ON: inactive players will automatically lose when time's up. (requested by A_Wild_Ymir)\n|j| A Borygon\n|\n|t:|1683900500\n|start\n|switch|p1a: Scizor|Scizor, L50, F, shiny|100\/100\n|switch|p1b: Farigiraf|Farigiraf, L50, F, shiny|100\/100\n|switch|p2a: Garganacl|Garganacl, L50, M|100\/100\n|switch|p2b: Flutter Mane|Flutter Mane, L50|100\/100\n|turn|1\n|\n|t:|1683900509\n|-end|p2b: Flutter Mane|Protosynthesis|[silent]\n|switch|p2b: Arcanine|Arcanine, L50, F|100\/100\n|-ability|p2b: Arcanine|Intimidate|boost\n|-unboost|p1a: Scizor|atk|1\n|-unboost|p1b: Farigiraf|atk|1\n|move|p1a: Scizor|Bullet Punch|p2b: Arcanine\n|-resisted|p2b: Arcanine\n|-damage|p2b: Arcanine|88\/100\n|move|p2a: Garganacl|Curse|p2a: Garganacl\n|-unboost|p2a: Garganacl|spe|1\n|-boost|p2a: Garganacl|atk|1\n|-boost|p2a: Garganacl|def|1\n|move|p1b: Farigiraf|Trick Room|p1b: Farigiraf\n|-fieldstart|move: Trick Room|[of] p1b: Farigiraf\n|\n|upkeep\n|turn|2\n|\n|t:|1683900518\n|switch|p1a: Armarouge|Armarouge, L50, M, shiny|100\/100\n|move|p2a: Garganacl|Curse|p2a: Garganacl\n|-unboost|p2a: Garganacl|spe|1\n|-boost|p2a: Garganacl|atk|1\n|-boost|p2a: Garganacl|def|1\n|move|p1b: Farigiraf|Hyper Voice|p2b: Arcanine|[spread] p2a,p2b\n|-resisted|p2a: Garganacl\n|-damage|p2a: Garganacl|89\/100\n|-damage|p2b: Arcanine|47\/100\n|-enditem|p2b: Arcanine|Sitrus Berry|[eat]\n|-heal|p2b: Arcanine|71\/100|[from] item: Sitrus Berry\n|-enditem|p1b: Farigiraf|Throat Spray\n|-boost|p1b: Farigiraf|spa|1|[from] item: Throat Spray\n|move|p2b: Arcanine|Howl|p2b: Arcanine|[spread] p2a,p2b\n|-boost|p2a: Garganacl|atk|1\n|-boost|p2b: Arcanine|atk|1\n|\n|-heal|p2a: Garganacl|95\/100|[from] item: Leftovers\n|upkeep\n|turn|3\n|l| A Borygon\n|inactive|A_Wild_Ymir has 30 seconds left.\n|\n|t:|1683900544\n|switch|p2b: Ting-Lu|Ting-Lu, L50|100\/100\n|-ability|p2b: Ting-Lu|Vessel of Ruin\n|move|p1a: Armarouge|Ally Switch|p1a: Armarouge\n|swap|p1a: Armarouge|1|[from] move: Ally Switch\n|move|p2a: Garganacl|Salt Cure|p1a: Farigiraf\n|-damage|p1a: Farigiraf|67\/100\n|-start|p1a: Farigiraf|Salt Cure\n|move|p1a: Farigiraf|Hyper Voice|p2a: Garganacl|[spread] p2a,p2b\n|-resisted|p2a: Garganacl\n|-damage|p2a: Garganacl|80\/100\n|-damage|p2b: Ting-Lu|80\/100\n|\n|-heal|p2a: Garganacl|86\/100|[from] item: Leftovers\n|-damage|p1a: Farigiraf|54\/100|[from] Salt Cure\n|upkeep\n|turn|4\n|inactive|ogden2 has 30 seconds left.\n|inactive|ogden2 has 20 seconds left.\n|\n|t:|1683900583\n|switch|p1b: Hariyama|Hariyama, L50, M, shiny|100\/100\n|-terastallize|p1a: Farigiraf|Fairy\n|move|p2a: Garganacl|Salt Cure|p1b: Hariyama\n|-resisted|p1b: Hariyama\n|-damage|p1b: Hariyama|82\/100\n|-start|p1b: Hariyama|Salt Cure\n|move|p1a: Farigiraf|Dazzling Gleam|p2b: Ting-Lu|[spread] p2a,p2b\n|-crit|p2a: Garganacl\n|-supereffective|p2b: Ting-Lu\n|-damage|p2a: Garganacl|54\/100\n|-damage|p2b: Ting-Lu|43\/100\n|move|p2b: Ting-Lu|Payback|p1a: Farigiraf\n|-resisted|p1a: Farigiraf\n|-damage|p1a: Farigiraf|29\/100\n|\n|-heal|p2a: Garganacl|60\/100|[from] item: Leftovers\n|-damage|p1a: Farigiraf|17\/100|[from] Salt Cure\n|-damage|p1b: Hariyama|69\/100|[from] Salt Cure\n|-status|p1b: Hariyama|brn|[from] item: Flame Orb\n|upkeep\n|turn|5\n|\n|t:|1683900606\n|-terastallize|p2a: Garganacl|Poison\n|move|p1b: Hariyama|Fake Out|p2a: Garganacl\n|-damage|p2a: Garganacl|53\/100\n|cant|p2a: Garganacl|flinch\n|move|p1a: Farigiraf|Dazzling Gleam|p2b: Ting-Lu|[spread] p2a,p2b\n|-resisted|p2a: Garganacl\n|-supereffective|p2b: Ting-Lu\n|-damage|p2a: Garganacl|41\/100\n|-damage|p2b: Ting-Lu|4\/100\n|move|p2b: Ting-Lu|Heavy Slam|p1a: Farigiraf\n|-supereffective|p1a: Farigiraf\n|-damage|p1a: Farigiraf|0 fnt\n|faint|p1a: Farigiraf\n|\n|-heal|p2a: Garganacl|47\/100|[from] item: Leftovers\n|-damage|p1b: Hariyama|64\/100 brn|[from] brn\n|-damage|p1b: Hariyama|51\/100 brn|[from] Salt Cure\n|-fieldend|move: Trick Room\n|upkeep\n|\n|t:|1683900615\n|switch|p1a: Scizor|Scizor, L50, F, shiny|100\/100\n|turn|6\n|\n|t:|1683900624\n|move|p1a: Scizor|Bullet Punch|p2b: Ting-Lu\n|-damage|p2b: Ting-Lu|0 fnt\n|faint|p2b: Ting-Lu\n|move|p1b: Hariyama|Headlong Rush|p2a: Garganacl\n|-supereffective|p2a: Garganacl\n|-damage|p2a: Garganacl|0 fnt\n|-unboost|p1b: Hariyama|def|1\n|-unboost|p1b: Hariyama|spd|1\n|faint|p2a: Garganacl\n|\n|-damage|p1b: Hariyama|45\/100 brn|[from] brn\n|-damage|p1b: Hariyama|33\/100 brn|[from] Salt Cure\n|upkeep\n|\n|t:|1683900625\n|switch|p2b: Flutter Mane|Flutter Mane, L50|100\/100\n|switch|p2a: Arcanine|Arcanine, L50, F|71\/100\n|-ability|p2a: Arcanine|Intimidate|boost\n|-unboost|p1a: Scizor|atk|1\n|-unboost|p1b: Hariyama|atk|1\n|turn|7\n|\n|t:|1683900646\n|switch|p1a: Armarouge|Armarouge, L50, M, shiny|100\/100\n|move|p2b: Flutter Mane|Dazzling Gleam|p1b: Hariyama|[spread] p1a,p1b\n|-resisted|p1a: Armarouge\n|-supereffective|p1b: Hariyama\n|-damage|p1a: Armarouge|72\/100\n|-damage|p1b: Hariyama|0 fnt\n|faint|p1b: Hariyama\n|move|p2a: Arcanine|Flare Blitz|p1a: Armarouge\n|-start|p1a: Armarouge|ability: Flash Fire\n|\n|upkeep\n|\n|t:|1683900654\n|switch|p1b: Scizor|Scizor, L50, F, shiny|100\/100\n|turn|8\n|\n|t:|1683900658\n|move|p1a: Armarouge|Ally Switch|p1a: Armarouge\n|swap|p1a: Armarouge|1|[from] move: Ally Switch\n|move|p1a: Scizor|Bullet Punch|p2b: Flutter Mane\n|-supereffective|p2b: Flutter Mane\n|-damage|p2b: Flutter Mane|0 fnt\n|faint|p2b: Flutter Mane\n|-end|p2b: Flutter Mane|Protosynthesis|[silent]\n|move|p2a: Arcanine|Flare Blitz|p1b: Armarouge\n|-immune|p1b: Armarouge|[from] ability: Flash Fire\n|\n|upkeep\n|turn|9\n|\n|t:|1683900669\n|move|p2a: Arcanine|Flare Blitz|p1a: Scizor\n|-supereffective|p1a: Scizor\n|-damage|p1a: Scizor|0 fnt\n|faint|p1a: Scizor\n|-damage|p2a: Arcanine|40\/100|[from] Recoil\n|move|p1b: Armarouge|Armor Cannon|p2a: Arcanine\n|-resisted|p2a: Arcanine\n|-damage|p2a: Arcanine|0 fnt\n|-unboost|p1b: Armarouge|def|1\n|-unboost|p1b: Armarouge|spd|1\n|faint|p2a: Arcanine\n|\n|win|A_Wild_Ymir\n|raw|A_Wild_Ymir's rating: 1239 → 1268<\/strong> (+29 for winning)\n|raw|ogden2's rating: 1300 → 1271<\/strong> (-29 for losing)\n|l|\u2606ogden2\n|c|\u2606A_Wild_Ymir|ggs\n","uploadtime":1683900690,"views":12,"p1id":"awildymir","p2id":"ogden2","formatid":"gen9vgc2023regulationc","rating":1268,"private":0,"password":""}