{"id":"gen9vgc2023regulationc-1857810341","p1":"Estarla","p2":"soraesc","format":"[Gen 9] VGC 2023 Regulation C","log":"|j|\u2606Estarla\n|j|\u2606soraesc\n|t:|1683234145\n|gametype|doubles\n|player|p1|Estarla|101|1165\n|player|p2|soraesc|flannery|1274\n|teamsize|p1|6\n|teamsize|p2|6\n|gen|9\n|tier|[Gen 9] VGC 2023 Regulation C\n|rated|\n|rule|Species Clause: Limit one of each Pok\u00e9mon\n|rule|Item Clause: Limit one of each item\n|clearpoke\n|poke|p1|Scizor, L50, M|\n|poke|p1|Salamence, L50, F|\n|poke|p1|Amoonguss, L50, F|\n|poke|p1|Flutter Mane, L50|\n|poke|p1|Glimmora, L50, F|\n|poke|p1|Grimmsnarl, L50, M|\n|poke|p2|Palafin, L50, F|\n|poke|p2|Pelipper, L50, F|\n|poke|p2|Ting-Lu, L50|\n|poke|p2|Dragonite, L50, F|\n|poke|p2|Chien-Pao, L50|\n|poke|p2|Flutter Mane, L50|\n|teampreview|4\n|inactive|Battle timer is ON: inactive players will automatically lose when time's up. (requested by soraesc)\n|inactive|soraesc has 60 seconds left.\n|\n|t:|1683234201\n|start\n|switch|p1a: Glimmora|Glimmora, L50, F|100\/100\n|switch|p1b: Flutter Mane|Flutter Mane, L50|100\/100\n|switch|p2a: Palafin|Palafin, L50, F|100\/100\n|switch|p2b: Chien-Pao|Chien-Pao, L50|100\/100\n|-ability|p2b: Chien-Pao|Sword of Ruin\n|turn|1\n|\n|t:|1683234219\n|detailschange|p2a: Palafin|Palafin-Hero, L50, F\n|switch|p2a: Ting-Lu|Ting-Lu, L50|100\/100\n|-ability|p2a: Ting-Lu|Vessel of Ruin\n|move|p1b: Flutter Mane|Protect|p1b: Flutter Mane\n|-singleturn|p1b: Flutter Mane|Protect\n|move|p2b: Chien-Pao|Ice Spinner|p1b: Flutter Mane\n|-activate|p1b: Flutter Mane|move: Protect\n|move|p1a: Glimmora|Mortal Spin|p2a: Ting-Lu|[spread] p2a,p2b\n|-resisted|p2a: Ting-Lu\n|-damage|p2a: Ting-Lu|99\/100\n|-damage|p2b: Chien-Pao|95\/100\n|-status|p2a: Ting-Lu|psn\n|-status|p2b: Chien-Pao|psn\n|\n|-damage|p2b: Chien-Pao|83\/100 psn|[from] psn\n|-damage|p2a: Ting-Lu|87\/100 psn|[from] psn\n|upkeep\n|turn|2\n|inactive|Estarla has 30 seconds left.\n|\n|t:|1683234245\n|switch|p1a: Salamence|Salamence, L50, F|100\/100\n|-ability|p1a: Salamence|Intimidate|boost\n|-unboost|p2a: Ting-Lu|atk|1\n|-unboost|p2b: Chien-Pao|atk|1\n|-terastallize|p2a: Ting-Lu|Poison\n|move|p2b: Chien-Pao|Sucker Punch||[still]\n|-fail|p2b: Chien-Pao\n|move|p1b: Flutter Mane|Moonblast|p2b: Chien-Pao\n|-supereffective|p2b: Chien-Pao\n|-damage|p2b: Chien-Pao|0 fnt\n|faint|p2b: Chien-Pao\n|move|p2a: Ting-Lu|Heavy Slam|p1b: Flutter Mane\n|-supereffective|p1b: Flutter Mane\n|-damage|p1b: Flutter Mane|10\/100\n|\n|-damage|p2a: Ting-Lu|75\/100 psn|[from] psn\n|upkeep\n|\n|t:|1683234252\n|switch|p2b: Palafin|Palafin-Hero, L50, F|100\/100\n|-activate|p2b: Palafin|ability: Zero to Hero\n|turn|3\n|inactive|Estarla has 30 seconds left.\n|inactive|Estarla has 20 seconds left.\n|inactive|Estarla has 15 seconds left.\n|inactive|Estarla has 10 seconds left.\n|\n|t:|1683234298\n|move|p1b: Flutter Mane|Protect|p1b: Flutter Mane\n|-singleturn|p1b: Flutter Mane|Protect\n|move|p2b: Palafin|Jet Punch|p1a: Salamence\n|-resisted|p1a: Salamence\n|-damage|p1a: Salamence|75\/100\n|move|p1a: Salamence|Draco Meteor|p2b: Palafin\n|-damage|p2b: Palafin|55\/100\n|-unboost|p1a: Salamence|spa|2\n|move|p2a: Ting-Lu|Ruination|p1a: Salamence\n|-damage|p1a: Salamence|38\/100\n|\n|-damage|p2a: Ting-Lu|62\/100 psn|[from] psn\n|upkeep\n|turn|4\n|inactive|Estarla has 30 seconds left.\n|\n|t:|1683234323\n|-end|p1b: Flutter Mane|Protosynthesis|[silent]\n|switch|p1b: Glimmora|Glimmora, L50, F|100\/100\n|move|p2b: Palafin|Jet Punch|p1b: Glimmora\n|-supereffective|p1b: Glimmora\n|-damage|p1b: Glimmora|3\/100\n|-activate|p1b: Glimmora|ability: Toxic Debris\n|-sidestart|p2: soraesc|move: Toxic Spikes\n|move|p1a: Salamence|Draco Meteor|p2b: Palafin\n|-damage|p2b: Palafin|31\/100\n|-unboost|p1a: Salamence|spa|2\n|move|p2a: Ting-Lu|Heavy Slam|p1a: Salamence\n|-damage|p1a: Salamence|15\/100\n|\n|-damage|p2a: Ting-Lu|50\/100 psn|[from] psn\n|upkeep\n|turn|5\n|\n|t:|1683234340\n|move|p1a: Salamence|Protect|p1a: Salamence\n|-singleturn|p1a: Salamence|Protect\n|move|p2b: Palafin|Protect|p2b: Palafin\n|-singleturn|p2b: Palafin|Protect\n|move|p1b: Glimmora|Mortal Spin|p2a: Ting-Lu|[spread] p2a\n|-activate|p2b: Palafin|move: Protect\n|-resisted|p2a: Ting-Lu\n|-damage|p2a: Ting-Lu|49\/100 psn\n|move|p2a: Ting-Lu|Heavy Slam|p1a: Salamence\n|-activate|p1a: Salamence|move: Protect\n|\n|-damage|p2a: Ting-Lu|37\/100 psn|[from] psn\n|upkeep\n|turn|6\n|\n|t:|1683234361\n|move|p2b: Palafin|Jet Punch|p1b: Glimmora\n|-supereffective|p1b: Glimmora\n|-damage|p1b: Glimmora|0 fnt\n|-activate|p1b: Glimmora|ability: Toxic Debris\n|-sidestart|p2: soraesc|move: Toxic Spikes\n|faint|p1b: Glimmora\n|move|p1a: Salamence|Draco Meteor|p2b: Palafin\n|-damage|p2b: Palafin|16\/100\n|-unboost|p1a: Salamence|spa|2\n|move|p2a: Ting-Lu|Heavy Slam|p1a: Salamence\n|-damage|p1a: Salamence|0 fnt\n|faint|p1a: Salamence\n|\n|-damage|p2a: Ting-Lu|25\/100 psn|[from] psn\n|upkeep\n|\n|t:|1683234370\n|switch|p1a: Scizor|Scizor, L50, M|100\/100\n|switch|p1b: Flutter Mane|Flutter Mane, L50|10\/100\n|turn|7\n|\n|t:|1683234379\n|move|p1b: Flutter Mane|Protect|p1b: Flutter Mane\n|-singleturn|p1b: Flutter Mane|Protect\n|move|p2b: Palafin|Protect|p2b: Palafin\n|-singleturn|p2b: Palafin|Protect\n|move|p1a: Scizor|Bullet Punch|p2b: Palafin\n|-activate|p2b: Palafin|move: Protect\n|move|p2a: Ting-Lu|Fissure|p1a: Scizor\n|-damage|p1a: Scizor|0 fnt\n|faint|p1a: Scizor\n|-ohko\n|\n|-damage|p2a: Ting-Lu|12\/100 psn|[from] psn\n|upkeep\n|turn|8\n|-message|Estarla forfeited.\n|\n|win|soraesc\n|raw|Estarla's rating: 1165 → 1148<\/strong> (-17 for losing)\n|raw|soraesc's rating: 1274 → 1291<\/strong> (+17 for winning)\n|l|\u2606Estarla\n","uploadtime":1683234396,"views":9,"p1id":"estarla","p2id":"soraesc","formatid":"gen9vgc2023regulationc","rating":1148,"private":0,"password":""}