{"id":"gen9vgc2023regulationc-1855590020","p1":"Hyanryu","p2":"vgcproto","format":"[Gen 9] VGC 2023 Regulation C","log":"|j|\u2606Hyanryu\n|j|\u2606vgcproto\n|t:|1682964598\n|gametype|doubles\n|player|p1|Hyanryu|n|1531\n|player|p2|vgcproto|lucas|1527\n|teamsize|p1|6\n|teamsize|p2|6\n|gen|9\n|tier|[Gen 9] VGC 2023 Regulation C\n|rated|\n|rule|Species Clause: Limit one of each Pok\u00e9mon\n|rule|Item Clause: Limit one of each item\n|clearpoke\n|poke|p1|Dondozo, L50, M|\n|poke|p1|Tatsugiri-Droopy, L50, F|\n|poke|p1|Glimmora, L50, F|\n|poke|p1|Flutter Mane, L50|\n|poke|p1|Wo-Chien, L50|\n|poke|p1|Chi-Yu, L50|\n|poke|p2|Drednaw, L50, M|\n|poke|p2|Pelipper, L50, F|\n|poke|p2|Dondozo, L50, M|\n|poke|p2|Tatsugiri, L50, F|\n|poke|p2|Iron Hands, L50|\n|poke|p2|Bronzong, L50|\n|teampreview|4\n|inactive|Battle timer is ON: inactive players will automatically lose when time's up. (requested by Hyanryu)\n|\n|t:|1682964621\n|start\n|switch|p1a: Hear me out|Flutter Mane, L50, shiny|100\/100\n|switch|p1b: Chee You|Chi-Yu, L50|100\/100\n|switch|p2a: Drednaw|Drednaw, L50, M|100\/100\n|switch|p2b: Pelipper|Pelipper, L50, F|100\/100\n|-ability|p1b: Chee You|Beads of Ruin\n|-weather|RainDance|[from] ability: Drizzle|[of] p2b: Pelipper\n|turn|1\n|inactive|vgcproto has 30 seconds left.\n|\n|t:|1682964654\n|move|p1b: Chee You|Protect|p1b: Chee You\n|-singleturn|p1b: Chee You|Protect\n|move|p2a: Drednaw|Rock Slide|p1a: Hear me out|[spread] p1a\n|-activate|p1b: Chee You|move: Protect\n|-damage|p1a: Hear me out|58\/100\n|move|p1a: Hear me out|Moonblast|p2a: Drednaw\n|-damage|p2a: Drednaw|0 fnt\n|faint|p2a: Drednaw\n|move|p2b: Pelipper|Tailwind|p2b: Pelipper\n|-sidestart|p2: vgcproto|move: Tailwind\n|\n|-weather|RainDance|[upkeep]\n|upkeep\n|\n|t:|1682964664\n|switch|p2a: Dondozo|Dondozo, L50, M|100\/100\n|turn|2\n|\n|t:|1682964678\n|switch|p2b: Tatsugiri|Tatsugiri, L50, F|100\/100\n|-activate|p2b: Tatsugiri|ability: Commander|[of] p2a: Dondozo\n|-boost|p2a: Dondozo|atk|2\n|-boost|p2a: Dondozo|spa|2\n|-boost|p2a: Dondozo|spe|2\n|-boost|p2a: Dondozo|def|2\n|-boost|p2a: Dondozo|spd|2\n|-terastallize|p2a: Dondozo|Water\n|-terastallize|p1b: Chee You|Grass\n|move|p2a: Dondozo|Surf|p1b: Chee You|[spread] p1a,p1b\n|-miss|p2a: Dondozo|p2b: Tatsugiri\n|-resisted|p1b: Chee You\n|-damage|p1a: Hear me out|0 fnt\n|-damage|p1b: Chee You|28\/100\n|faint|p1a: Hear me out\n|-end|p1a: Hear me out|Protosynthesis|[silent]\n|-damage|p2a: Dondozo|91\/100|[from] item: Life Orb\n|move|p1b: Chee You|Tera Blast|p2a: Dondozo\n|-supereffective|p2a: Dondozo\n|-damage|p2a: Dondozo|7\/100\n|-damage|p1b: Chee You|18\/100|[from] item: Life Orb\n|\n|-weather|RainDance|[upkeep]\n|upkeep\n|\n|t:|1682964700\n|switch|p1a: Namazu|Dondozo, L50, M, shiny|100\/100\n|turn|3\n|inactive|vgcproto has 30 seconds left.\n|\n|t:|1682964725\n|move|p1a: Namazu|Protect|p1a: Namazu\n|-singleturn|p1a: Namazu|Protect\n|move|p2a: Dondozo|Surf|p1b: Chee You|[spread] p1b\n|-miss|p2a: Dondozo|p2b: Tatsugiri\n|-activate|p1a: Namazu|move: Protect\n|-resisted|p1b: Chee You\n|-damage|p1b: Chee You|0 fnt\n|faint|p1b: Chee You\n|-damage|p2a: Dondozo|0 fnt|[from] item: Life Orb\n|faint|p2a: Dondozo\n|\n|-weather|RainDance|[upkeep]\n|upkeep\n|\n|t:|1682964739\n|switch|p1b: Ghost|Tatsugiri-Droopy, L50, F, shiny|100\/100\n|switch|p2a: Pelipper|Pelipper, L50, F|100\/100\n|-activate|p1b: Ghost|ability: Commander|[of] p1a: Namazu\n|-boost|p1a: Namazu|atk|2\n|-boost|p1a: Namazu|spa|2\n|-boost|p1a: Namazu|spe|2\n|-boost|p1a: Namazu|def|2\n|-boost|p1a: Namazu|spd|2\n|turn|4\n|\n|t:|1682964759\n|move|p2b: Tatsugiri|Icy Wind|p1b: Ghost|[spread] p1a\n|-miss|p2b: Tatsugiri|p1b: Ghost\n|-resisted|p1a: Namazu\n|-damage|p1a: Namazu|97\/100\n|-unboost|p1a: Namazu|spe|1\n|move|p2a: Pelipper|Hurricane|p1a: Namazu\n|-damage|p1a: Namazu|74\/100\n|move|p1a: Namazu|Earthquake|p2b: Tatsugiri|[spread] p2b\n|-miss|p1a: Namazu|p1b: Ghost\n|-immune|p2a: Pelipper\n|-damage|p2b: Tatsugiri|16\/100\n|\n|-weather|RainDance|[upkeep]\n|-sideend|p2: vgcproto|move: Tailwind\n|upkeep\n|turn|5\n|\n|t:|1682964779\n|move|p2b: Tatsugiri|Icy Wind|p1b: Ghost|[spread] p1a\n|-miss|p2b: Tatsugiri|p1b: Ghost\n|-resisted|p1a: Namazu\n|-damage|p1a: Namazu|71\/100\n|-unboost|p1a: Namazu|spe|1\n|move|p1a: Namazu|Earthquake|p2b: Tatsugiri|[spread] p2b\n|-miss|p1a: Namazu|p1b: Ghost\n|-immune|p2a: Pelipper\n|-damage|p2b: Tatsugiri|0 fnt\n|faint|p2b: Tatsugiri\n|move|p2a: Pelipper|Hurricane|p1a: Namazu\n|-damage|p1a: Namazu|47\/100\n|\n|-weather|RainDance|[upkeep]\n|upkeep\n|turn|6\n|\n|t:|1682964795\n|move|p1a: Namazu|Rest|p1a: Namazu\n|-status|p1a: Namazu|slp|[from] move: Rest\n|-enditem|p1a: Namazu|Lum Berry|[eat]\n|-curestatus|p1a: Namazu|slp|[msg]\n|-heal|p1a: Namazu|100\/100|[silent]\n|move|p2a: Pelipper|Hurricane|p1a: Namazu\n|-damage|p1a: Namazu|76\/100\n|\n|-weather|RainDance|[upkeep]\n|upkeep\n|turn|7\n|j| Conquistatore\n|-message|vgcproto forfeited.\n|\n|win|Hyanryu\n|raw|Hyanryu's rating: 1531 → 1551<\/strong> (+20 for winning)\n|raw|vgcproto's rating: 1527 → 1507<\/strong> (-20 for losing)\n|l|\u2606vgcproto\n","uploadtime":1682964817,"views":20,"p1id":"hyanryu","p2id":"vgcproto","formatid":"gen9vgc2023regulationc","rating":1507,"private":0,"password":""}