{"id":"gen9vgc2023regulationc-1856886805","p1":"CampionedeiNovanta","p2":"Eldegoss32","format":"[Gen 9] VGC 2023 Regulation C","log":"|j|\u2606CampionedeiNovanta\n|j|\u2606Eldegoss32\n|t:|1683122842\n|gametype|doubles\n|player|p1|CampionedeiNovanta|cyclist|\n|player|p2|Eldegoss32|acetrainerf|\n|teamsize|p1|6\n|teamsize|p2|6\n|gen|9\n|tier|[Gen 9] VGC 2023 Regulation C\n|rated|Tournament battle\n|rule|Species Clause: Limit one of each Pok\u00e9mon\n|rule|Item Clause: Limit one of each item\n|clearpoke\n|poke|p1|Iron Hands, L50|\n|poke|p1|Ting-Lu, L50|\n|poke|p1|Amoonguss, L50, M|\n|poke|p1|Gyarados, L50, M|\n|poke|p1|Iron Bundle, L50|\n|poke|p1|Flutter Mane, L50|\n|poke|p2|Murkrow, L50, M|\n|poke|p2|Chi-Yu, L50|\n|poke|p2|Flutter Mane, L50|\n|poke|p2|Gholdengo, L50|\n|poke|p2|Torkoal, L50, F|\n|poke|p2|Great Tusk, L50|\n|teampreview|4\nCampionedeiNovanta has agreed to open team sheets.\n|inactive|Battle timer is ON: inactive players will automatically lose when time's up. (requested by CampionedeiNovanta)\nEldegoss32 has agreed to open team sheets.\n|j| Dat guy In black\n|j| MafuMafuSimp\n|inactive|CampionedeiNovanta has 60 seconds left.\n|inactive|Eldegoss32 has 60 seconds left.\n|\n|t:|1683122887\n|start\n|switch|p1a: Ting-Lu|Ting-Lu, L50|100\/100\n|switch|p1b: Gyarados|Gyarados, L50, M|100\/100\n|switch|p2a: Murkrow|Murkrow, L50, M|100\/100\n|switch|p2b: Flutter Mane|Flutter Mane, L50|100\/100\n|-ability|p1b: Gyarados|Intimidate|boost\n|-unboost|p2a: Murkrow|atk|1\n|-unboost|p2b: Flutter Mane|atk|1\n|-ability|p1a: Ting-Lu|Vessel of Ruin\n|turn|1\n|j| battle cards\n|inactive|CampionedeiNovanta has 30 seconds left.\n|\n|t:|1683122917\n|-end|p2b: Flutter Mane|Protosynthesis|[silent]\n|switch|p2b: Great Tusk|Great Tusk, L50|100\/100\n|move|p2a: Murkrow|Tailwind|p2a: Murkrow\n|-sidestart|p2: Eldegoss32|move: Tailwind\n|move|p1b: Gyarados|Thunder Wave|p2b: Great Tusk\n|-immune|p2b: Great Tusk\n|move|p1a: Ting-Lu|Heavy Slam|p2b: Great Tusk\n|-damage|p2b: Great Tusk|87\/100\n|\n|upkeep\n|turn|2\n|inactive|Eldegoss32 has 30 seconds left.\n|j| Alolaninetales92\n|inactive|CampionedeiNovanta has 30 seconds left.\n|inactive|Eldegoss32 has 20 seconds left.\n|inactive|Eldegoss32 has 15 seconds left.\n|inactive|Eldegoss32 has 10 seconds left.\n|\n|t:|1683122963\n|switch|p1a: Crinealato|Flutter Mane, L50|100\/100\n|move|p2b: Great Tusk|Close Combat|p1a: Crinealato\n|-immune|p1a: Crinealato\n|move|p2a: Murkrow|Brave Bird|p1a: Crinealato\n|-damage|p1a: Crinealato|20\/100\n|-damage|p2a: Murkrow|80\/100|[from] Recoil\n|move|p1b: Gyarados|Chilling Water|p2b: Great Tusk\n|-supereffective|p2b: Great Tusk\n|-damage|p2b: Great Tusk|69\/100\n|-unboost|p2b: Great Tusk|atk|1\n|\n|upkeep\n|turn|3\n|\n|t:|1683122979\n|move|p1a: Crinealato|Protect|p1a: Crinealato\n|-singleturn|p1a: Crinealato|Protect\n|move|p2b: Great Tusk|Rock Slide|p1b: Gyarados|[spread] \n|-activate|p1a: Crinealato|move: Protect\n|-miss|p2b: Great Tusk|p1b: Gyarados\n|move|p2a: Murkrow|Assurance|p1b: Gyarados\n|-damage|p1b: Gyarados|84\/100\n|move|p1b: Gyarados|Waterfall|p2a: Murkrow\n|-crit|p2a: Murkrow\n|-damage|p2a: Murkrow|0 fnt\n|faint|p2a: Murkrow\n|\n|upkeep\n|inactive|Eldegoss32 has 30 seconds left.\n|j| datkydd\n|\n|t:|1683123011\n|switch|p2a: Chi-Yu|Chi-Yu, L50|100\/100\n|-ability|p2a: Chi-Yu|Beads of Ruin\n|turn|4\n|\n|t:|1683123030\n|-end|p1a: Crinealato|Protosynthesis|[silent]\n|switch|p1a: Ting-Lu|Ting-Lu, L50|100\/100\n|-ability|p1a: Ting-Lu|Vessel of Ruin\n|-terastallize|p2a: Chi-Yu|Grass\n|move|p2a: Chi-Yu|Tera Blast|p1b: Gyarados\n|-crit|p1b: Gyarados\n|-damage|p1b: Gyarados|4\/100\n|-enditem|p1b: Gyarados|Aguav Berry|[eat]\n|-heal|p1b: Gyarados|38\/100|[from] item: Aguav Berry\n|-damage|p2a: Chi-Yu|91\/100|[from] item: Life Orb\n|move|p2b: Great Tusk|Rock Slide|p1a: Ting-Lu|[spread] \n|-miss|p2b: Great Tusk|p1a: Ting-Lu\n|-miss|p2b: Great Tusk|p1b: Gyarados\n|move|p1b: Gyarados|Waterfall|p2a: Chi-Yu\n|-resisted|p2a: Chi-Yu\n|-damage|p2a: Chi-Yu|65\/100\n|\n|-sideend|p2: Eldegoss32|move: Tailwind\n|upkeep\n|turn|5\n|inactive|CampionedeiNovanta has 30 seconds left.\n|inactive|Eldegoss32 has 30 seconds left.\n|inactive|CampionedeiNovanta has 20 seconds left.\n|\n|t:|1683123070\n|-end|p2b: Great Tusk|Protosynthesis|[silent]\n|switch|p2b: Flutter Mane|Flutter Mane, L50|100\/100\n|move|p2a: Chi-Yu|Dark Pulse|p1b: Gyarados\n|-damage|p1b: Gyarados|0 fnt\n|faint|p1b: Gyarados\n|-damage|p2a: Chi-Yu|55\/100|[from] item: Life Orb\n|move|p1a: Ting-Lu|Stomping Tantrum|p2a: Chi-Yu\n|-resisted|p2a: Chi-Yu\n|-damage|p2a: Chi-Yu|28\/100\n|\n|upkeep\n|\n|t:|1683123080\n|switch|p1b: Iron Hands|Iron Hands, L50|100\/100\n|turn|6\n|\n|t:|1683123104\n|-terastallize|p1b: Iron Hands|Fire\n|move|p2b: Flutter Mane|Dazzling Gleam|p1a: Ting-Lu|[spread] p1a,p1b\n|-supereffective|p1a: Ting-Lu\n|-resisted|p1b: Iron Hands\n|-damage|p1a: Ting-Lu|69\/100\n|-damage|p1b: Iron Hands|89\/100\n|move|p2a: Chi-Yu|Tera Blast|p1a: Ting-Lu\n|-supereffective|p1a: Ting-Lu\n|-damage|p1a: Ting-Lu|17\/100\n|-damage|p2a: Chi-Yu|18\/100|[from] item: Life Orb\n|move|p1b: Iron Hands|Swords Dance|p1b: Iron Hands\n|-boost|p1b: Iron Hands|atk|2\n|move|p1a: Ting-Lu|Heavy Slam|p2b: Flutter Mane\n|-supereffective|p2b: Flutter Mane\n|-damage|p2b: Flutter Mane|0 fnt\n|faint|p2b: Flutter Mane\n|-end|p2b: Flutter Mane|Protosynthesis|[silent]\n|\n|upkeep\n|\n|t:|1683123118\n|switch|p2b: Great Tusk|Great Tusk, L50|69\/100\n|turn|7\n|\n|t:|1683123128\n|move|p2a: Chi-Yu|Protect|p2a: Chi-Yu\n|-singleturn|p2a: Chi-Yu|Protect\n|move|p1b: Iron Hands|Detect|p1b: Iron Hands\n|-singleturn|p1b: Iron Hands|Protect\n|move|p2b: Great Tusk|Earthquake|p1a: Ting-Lu|[spread] p1a\n|-activate|p2a: Chi-Yu|move: Protect\n|-activate|p1b: Iron Hands|move: Protect\n|-damage|p1a: Ting-Lu|0 fnt\n|faint|p1a: Ting-Lu\n|\n|upkeep\n|\n|t:|1683123136\n|switch|p1a: Crinealato|Flutter Mane, L50|20\/100\n|turn|8\n|\n|t:|1683123149\n|move|p1a: Crinealato|Dazzling Gleam|p2a: Chi-Yu|[spread] p2a,p2b\n|-supereffective|p2b: Great Tusk\n|-crit|p2b: Great Tusk\n|-damage|p2a: Chi-Yu|0 fnt\n|-damage|p2b: Great Tusk|0 fnt\n|faint|p2a: Chi-Yu\n|faint|p2b: Great Tusk\n|-end|p2b: Great Tusk|Protosynthesis|[silent]\n|\n|win|CampionedeiNovanta\n|n|\u2606CampionedeiNovanta|campionedeinovanta\n|n|\u2606Eldegoss32|eldegoss32\n|n| Dat guy In black|datguyinblack\n|n| MafuMafuSimp|mafumafusimp\n|n| battle cards|battlecards\n|n| Alolaninetales92|alolaninetales92\n|n| datkydd|datkydd\n","uploadtime":1683123150,"views":11,"p1id":"campionedeinovanta","p2id":"eldegoss32","formatid":"gen9vgc2023regulationc","rating":0,"private":0,"password":""}