{"id":"gen9vgc2023regulationc-1855697095","p1":"imtesingmybestteam","p2":"SunriseArrow","format":"[Gen 9] VGC 2023 Regulation C","log":"|j|\u2606imtesingmybestteam\n|j|\u2606SunriseArrow\n|t:|1682974235\n|gametype|doubles\n|player|p1|imtesingmybestteam|red|1066\n|player|p2|SunriseArrow|jasmine|1090\n|teamsize|p1|6\n|teamsize|p2|6\n|gen|9\n|tier|[Gen 9] VGC 2023 Regulation C\n|rated|\n|rule|Species Clause: Limit one of each Pok\u00e9mon\n|rule|Item Clause: Limit one of each item\n|clearpoke\n|poke|p1|Flutter Mane, L50|\n|poke|p1|Scream Tail, L50|\n|poke|p1|Gothitelle, L50, F|\n|poke|p1|Arcanine, L50, M|\n|poke|p1|Amoonguss, L50, M|\n|poke|p1|Palafin, L50, M|\n|poke|p2|Flutter Mane, L50|\n|poke|p2|Gyarados, L50, M|\n|poke|p2|Chi-Yu, L50|\n|poke|p2|Iron Hands, L50|\n|poke|p2|Vivillon-Fancy, L50, F|\n|poke|p2|Ting-Lu, L50|\n|teampreview|4\n|inactive|Battle timer is ON: inactive players will automatically lose when time's up. (requested by imtesingmybestteam)\n|inactive|SunriseArrow has 60 seconds left.\n|\n|t:|1682974280\n|start\n|switch|p1a: Gothitelle|Gothitelle, L50, F, shiny|100\/100\n|switch|p1b: Flutter Mane|Flutter Mane, L50, shiny|100\/100\n|switch|p2a: Ting-Lu|Ting-Lu, L50|100\/100\n|switch|p2b: Flutter Mane|Flutter Mane, L50|100\/100\n|-ability|p2a: Ting-Lu|Vessel of Ruin\n|-enditem|p2b: Flutter Mane|Booster Energy\n|-activate|p2b: Flutter Mane|ability: Protosynthesis|[fromitem]\n|-start|p2b: Flutter Mane|protosynthesisspe\n|turn|1\n|\n|t:|1682974306\n|-terastallize|p2a: Ting-Lu|Ground\n|move|p2b: Flutter Mane|Protect|p2b: Flutter Mane\n|-singleturn|p2b: Flutter Mane|Protect\n|move|p1b: Flutter Mane|Perish Song|p1b: Flutter Mane\n|-start|p1a: Gothitelle|perish3|[silent]\n|-start|p1b: Flutter Mane|perish3|[silent]\n|-start|p2a: Ting-Lu|perish3|[silent]\n|-start|p2b: Flutter Mane|perish3|[silent]\n|-fieldactivate|move: Perish Song\n|move|p1a: Gothitelle|Psychic|p2b: Flutter Mane\n|-activate|p2b: Flutter Mane|move: Protect\n|move|p2a: Ting-Lu|Earthquake|p1b: Flutter Mane|[spread] p1a,p1b\n|-activate|p2b: Flutter Mane|move: Protect\n|-damage|p1a: Gothitelle|12\/100\n|-enditem|p1b: Flutter Mane|Focus Sash\n|-damage|p1b: Flutter Mane|1\/100\n|-enditem|p1a: Gothitelle|Sitrus Berry|[eat]\n|-heal|p1a: Gothitelle|37\/100|[from] item: Sitrus Berry\n|\n|-start|p2b: Flutter Mane|perish3\n|-start|p1b: Flutter Mane|perish3\n|-start|p1a: Gothitelle|perish3\n|-start|p2a: Ting-Lu|perish3\n|upkeep\n|turn|2\n|inactive|SunriseArrow has 30 seconds left.\n|l|\u2606SunriseArrow\n|inactive|SunriseArrow disconnected and has a minute to reconnect!\n|player|p2|\n|j|\u2606SunriseArrow\n|inactive|SunriseArrow reconnected and has 25 seconds left.\n|player|p2|SunriseArrow|jasmine\n|inactive|SunriseArrow has 20 seconds left.\n|l|\u2606SunriseArrow\n|inactive|SunriseArrow disconnected and has a minute to reconnect!\n|player|p2|\n|inactive|SunriseArrow has 15 seconds left.\n|j|\u2606SunriseArrow\n|inactive|SunriseArrow reconnected and has 15 seconds left.\n|player|p2|SunriseArrow|jasmine\n|inactive|SunriseArrow has 10 seconds left.\n|inactive|SunriseArrow has 5 seconds left.\n|\n|t:|1682974357\n|-end|p1b: Flutter Mane|Protosynthesis|[silent]\n|switch|p1b: Amoonguss|Amoonguss, L50, M, shiny|100\/100\n|move|p2b: Flutter Mane|Protect||[still]\n|-fail|p2b: Flutter Mane\n|move|p1a: Gothitelle|Protect|p1a: Gothitelle\n|-singleturn|p1a: Gothitelle|Protect\n|move|p2a: Ting-Lu|Earthquake|p1b: Amoonguss|[spread] p2b,p1b\n|-activate|p1a: Gothitelle|move: Protect\n|-damage|p2b: Flutter Mane|0 fnt\n|-damage|p1b: Amoonguss|13\/100\n|faint|p2b: Flutter Mane\n|-end|p2b: Flutter Mane|Protosynthesis|[silent]\n|\n|-start|p1a: Gothitelle|perish2\n|-start|p2a: Ting-Lu|perish2\n|upkeep\n|\n|t:|1682974366\n|switch|p2b: Gyarados|Gyarados, L50, M|100\/100\n|-ability|p2b: Gyarados|Intimidate|boost\n|-unboost|p1a: Gothitelle|atk|1\n|-unboost|p1b: Amoonguss|atk|1\n|turn|3\n|\n|t:|1682974385\n|move|p2b: Gyarados|Taunt|p1b: Amoonguss\n|-start|p1b: Amoonguss|move: Taunt\n|-enditem|p1b: Amoonguss|Mental Herb\n|-end|p1b: Amoonguss|move: Taunt\n|move|p1a: Gothitelle|Heal Pulse|p1b: Amoonguss\n|-heal|p1b: Amoonguss|63\/100\n|move|p2a: Ting-Lu|Earthquake|p1a: Gothitelle|[spread] p1a,p1b\n|-immune|p2b: Gyarados\n|-damage|p1a: Gothitelle|0 fnt\n|-damage|p1b: Amoonguss|0 fnt\n|faint|p1a: Gothitelle\n|faint|p1b: Amoonguss\n|\n|-start|p2a: Ting-Lu|perish1\n|upkeep\n|\n|t:|1682974399\n|switch|p1a: Flutter Mane|Flutter Mane, L50, shiny|1\/100\n|switch|p1b: Arcanine|Arcanine, L50, M, shiny|100\/100\n|-ability|p1b: Arcanine|Intimidate|boost\n|-unboost|p2a: Ting-Lu|atk|1\n|-unboost|p2b: Gyarados|atk|1\n|turn|4\n|\n|t:|1682974411\n|switch|p2a: Vivillon|Vivillon-Fancy, L50, F|100\/100\n|-terastallize|p1b: Arcanine|Water\n|move|p1b: Arcanine|Extreme Speed|p2a: Vivillon\n|-damage|p2a: Vivillon|54\/100\n|move|p1a: Flutter Mane|Perish Song|p1a: Flutter Mane\n|-start|p1a: Flutter Mane|perish3|[silent]\n|-start|p1b: Arcanine|perish3|[silent]\n|-start|p2a: Vivillon|perish3|[silent]\n|-start|p2b: Gyarados|perish3|[silent]\n|-fieldactivate|move: Perish Song\n|move|p2b: Gyarados|Thunder Wave|p1a: Flutter Mane\n|-status|p1a: Flutter Mane|par\n|\n|-start|p2a: Vivillon|perish3\n|-start|p1b: Arcanine|perish3\n|-start|p2b: Gyarados|perish3\n|-start|p1a: Flutter Mane|perish3\n|upkeep\n|turn|5\n|\n|t:|1682974433\n|move|p2a: Vivillon|Protect|p2a: Vivillon\n|-singleturn|p2a: Vivillon|Protect\n|move|p2b: Gyarados|Protect|p2b: Gyarados\n|-singleturn|p2b: Gyarados|Protect\n|move|p1b: Arcanine|Flare Blitz|p2a: Vivillon\n|-activate|p2a: Vivillon|move: Protect\n|move|p1a: Flutter Mane|Shadow Ball|p2b: Gyarados\n|-activate|p2b: Gyarados|move: Protect\n|\n|-start|p2a: Vivillon|perish2\n|-start|p1b: Arcanine|perish2\n|-start|p2b: Gyarados|perish2\n|-start|p1a: Flutter Mane|perish2\n|upkeep\n|turn|6\n|c|\u2606SunriseArrow|gg\n|\n|t:|1682974454\n|move|p1b: Arcanine|Protect|p1b: Arcanine\n|-singleturn|p1b: Arcanine|Protect\n|move|p1a: Flutter Mane|Protect|p1a: Flutter Mane\n|-singleturn|p1a: Flutter Mane|Protect\n|move|p2a: Vivillon|Pollen Puff|p1a: Flutter Mane\n|-activate|p1a: Flutter Mane|move: Protect\n|move|p2b: Gyarados|Taunt|p1b: Arcanine\n|-activate|p1b: Arcanine|move: Protect\n|\n|-start|p2a: Vivillon|perish1\n|-start|p1b: Arcanine|perish1\n|-start|p2b: Gyarados|perish1\n|-start|p1a: Flutter Mane|perish1\n|upkeep\n|turn|7\n|inactive|imtesingmybestteam has 30 seconds left.\n|\n|t:|1682974481\n|move|p2a: Vivillon|Protect|p2a: Vivillon\n|-singleturn|p2a: Vivillon|Protect\n|move|p2b: Gyarados|Protect|p2b: Gyarados\n|-singleturn|p2b: Gyarados|Protect\n|move|p1b: Arcanine|Flare Blitz|p2a: Vivillon\n|-activate|p2a: Vivillon|move: Protect\n|move|p1a: Flutter Mane|Shadow Ball|p2b: Gyarados\n|-activate|p2b: Gyarados|move: Protect\n|\n|-start|p2a: Vivillon|perish0\n|-start|p1b: Arcanine|perish0\n|-start|p2b: Gyarados|perish0\n|-start|p1a: Flutter Mane|perish0\n|faint|p2a: Vivillon\n|faint|p1b: Arcanine\n|faint|p2b: Gyarados\n|faint|p1a: Flutter Mane\n|-end|p1a: Flutter Mane|Protosynthesis|[silent]\n|\n|win|SunriseArrow\n|upkeep\n|raw|imtesingmybestteam's rating: 1066 → 1047<\/strong> (-19 for losing)\n|raw|SunriseArrow's rating: 1090 → 1115<\/strong> (+25 for winning)\n|l|\u2606SunriseArrow\n|l|\u2606imtesingmybestteam\n","uploadtime":1682974546,"views":11,"p1id":"imtesingmybestteam","p2id":"sunrisearrow","formatid":"gen9vgc2023regulationc","rating":1047,"private":0,"password":""}