{"id":"gen9vgc2023regulationc-1852884427","p1":"MrNeilMcPotato","p2":"manu333","format":"[Gen 9] VGC 2023 Regulation C","log":"|j|\u2606MrNeilMcPotato\n|j|\u2606manu333\n|t:|1682614381\n|gametype|doubles\n|player|p1|MrNeilMcPotato|roxie|1239\n|player|p2|manu333|wallace|1293\n|teamsize|p1|6\n|teamsize|p2|6\n|gen|9\n|tier|[Gen 9] VGC 2023 Regulation C\n|rated|\n|rule|Species Clause: Limit one of each Pok\u00e9mon\n|rule|Item Clause: Limit one of each item\n|clearpoke\n|poke|p1|Wo-Chien, L50|\n|poke|p1|Glimmora, L50, F|\n|poke|p1|Gyarados, L50, F|\n|poke|p1|Rotom-Heat, L50|\n|poke|p1|Flutter Mane, L50|\n|poke|p1|Garchomp, L50, F|\n|poke|p2|Palafin, L50, F|\n|poke|p2|Flutter Mane, L50|\n|poke|p2|Arcanine, L50, F|\n|poke|p2|Amoonguss, L50, M|\n|poke|p2|Ting-Lu, L50|\n|poke|p2|Baxcalibur, L50, M|\n|teampreview|4\n|inactive|Battle timer is ON: inactive players will automatically lose when time's up. (requested by manu333)\n|inactive|MrNeilMcPotato has 60 seconds left.\nmanu333 has agreed to open team sheets.\nMrNeilMcPotato has agreed to open team sheets.\n|inactive|MrNeilMcPotato has 30 seconds left.\n|inactive|MrNeilMcPotato has 20 seconds left.\n|inactive|MrNeilMcPotato has 15 seconds left.\n|inactive|MrNeilMcPotato has 10 seconds left.\n|inactive|MrNeilMcPotato has 5 seconds left.\n|inactive|manu333 has 60 seconds left.\n|l|\u2606MrNeilMcPotato\n|inactive|MrNeilMcPotato disconnected and has a minute to reconnect!\n|player|p1|\n|\n|t:|1682614483\n|start\n|switch|p1a: Glimmora|Glimmora, L50, F|100\/100\n|switch|p1b: Gyarados|Gyarados, L50, F|100\/100\n|switch|p2a: Amoonguss|Amoonguss, L50, M|100\/100\n|switch|p2b: Baxcalibur|Baxcalibur, L50, M|100\/100\n|-ability|p1b: Gyarados|Intimidate|boost\n|-unboost|p2a: Amoonguss|atk|1\n|-fail|p2b: Baxcalibur|unboost|[from] item: Clear Amulet|[of] p2b: Baxcalibur\n|turn|1\n|inactive|MrNeilMcPotato has 30 seconds left.\n|j|\u2606MrNeilMcPotato\n|inactive|MrNeilMcPotato reconnected and has 25 seconds left.\n|player|p1|MrNeilMcPotato|roxie\n|inactive|MrNeilMcPotato has 20 seconds left.\n|inactive|MrNeilMcPotato has 15 seconds left.\n|inactive|MrNeilMcPotato has 10 seconds left.\n|inactive|manu333 has 30 seconds left.\n|\n|t:|1682614533\n|switch|p2a: Ting-Lu|Ting-Lu, L50|100\/100\n|-ability|p2a: Ting-Lu|Vessel of Ruin\n|move|p2b: Baxcalibur|Protect|p2b: Baxcalibur\n|-singleturn|p2b: Baxcalibur|Protect\n|move|p1a: Glimmora|Power Gem|p2b: Baxcalibur\n|-activate|p2b: Baxcalibur|move: Protect\n|move|p1b: Gyarados|Taunt|p2a: Ting-Lu\n|-start|p2a: Ting-Lu|move: Taunt\n|\n|upkeep\n|turn|2\n|inactive|MrNeilMcPotato has 30 seconds left.\n|inactive|MrNeilMcPotato has 20 seconds left.\n|inactive|MrNeilMcPotato has 15 seconds left.\n|inactive|MrNeilMcPotato has 10 seconds left.\n|\n|t:|1682614582\n|switch|p1a: Wo-Chien|Wo-Chien, L50|100\/100\n|-ability|p1a: Wo-Chien|Tablets of Ruin\n|switch|p2b: Flutter Mane|Flutter Mane, L50|100\/100\n|move|p1b: Gyarados|Protect|p1b: Gyarados\n|-singleturn|p1b: Gyarados|Protect\n|move|p2a: Ting-Lu|Stomping Tantrum|p1a: Wo-Chien\n|-resisted|p1a: Wo-Chien\n|-damage|p1a: Wo-Chien|90\/100\n|\n|-heal|p1a: Wo-Chien|96\/100|[from] item: Leftovers\n|upkeep\n|turn|3\n|\n|t:|1682614598\n|move|p1a: Wo-Chien|Protect|p1a: Wo-Chien\n|-singleturn|p1a: Wo-Chien|Protect\n|move|p2b: Flutter Mane|Thunderbolt|p1b: Gyarados\n|-supereffective|p1b: Gyarados\n|-damage|p1b: Gyarados|0 fnt\n|faint|p1b: Gyarados\n|move|p2a: Ting-Lu|Ruination|p1a: Wo-Chien\n|-activate|p1a: Wo-Chien|move: Protect\n|\n|-heal|p1a: Wo-Chien|100\/100|[from] item: Leftovers\n|-end|p2a: Ting-Lu|move: Taunt\n|upkeep\n|inactive|MrNeilMcPotato has 30 seconds left.\n|\n|t:|1682614626\n|switch|p1b: Glimmora|Glimmora, L50, F|100\/100\n|turn|4\n|\n|t:|1682614644\n|-end|p2b: Flutter Mane|Protosynthesis|[silent]\n|switch|p2b: Baxcalibur|Baxcalibur, L50, M|100\/100\n|move|p1b: Glimmora|Mortal Spin|p2a: Ting-Lu|[spread] p2a,p2b\n|-resisted|p2a: Ting-Lu\n|-damage|p2a: Ting-Lu|99\/100\n|-damage|p2b: Baxcalibur|98\/100\n|-status|p2a: Ting-Lu|psn\n|-status|p2b: Baxcalibur|psn\n|move|p1a: Wo-Chien|Snarl|p2b: Baxcalibur|[spread] p2a,p2b\n|-resisted|p2a: Ting-Lu\n|-damage|p2a: Ting-Lu|97\/100 psn\n|-damage|p2b: Baxcalibur|88\/100 psn\n|-unboost|p2a: Ting-Lu|spa|1\n|move|p2a: Ting-Lu|Ruination|p1a: Wo-Chien\n|-damage|p1a: Wo-Chien|50\/100\n|\n|-heal|p1a: Wo-Chien|57\/100|[from] item: Leftovers\n|-damage|p2b: Baxcalibur|75\/100 psn|[from] psn\n|-damage|p2a: Ting-Lu|85\/100 psn|[from] psn\n|upkeep\n|turn|5\n|inactive|MrNeilMcPotato has 30 seconds left.\n|inactive|MrNeilMcPotato has 20 seconds left.\n|inactive|MrNeilMcPotato has 15 seconds left.\n|\n|t:|1682614685\n|-terastallize|p1b: Glimmora|Grass\n|move|p1a: Wo-Chien|Protect|p1a: Wo-Chien\n|-singleturn|p1a: Wo-Chien|Protect\n|move|p1b: Glimmora|Power Gem|p2b: Baxcalibur\n|-supereffective|p2b: Baxcalibur\n|-damage|p2b: Baxcalibur|25\/100 psn\n|move|p2b: Baxcalibur|Icicle Crash|p1a: Wo-Chien\n|-activate|p1a: Wo-Chien|move: Protect\n|move|p2a: Ting-Lu|Stomping Tantrum|p1b: Glimmora\n|-resisted|p1b: Glimmora\n|-damage|p1b: Glimmora|88\/100\n|-activate|p1b: Glimmora|ability: Toxic Debris\n|-sidestart|p2: manu333|move: Toxic Spikes\n|\n|-heal|p1a: Wo-Chien|63\/100|[from] item: Leftovers\n|-damage|p2b: Baxcalibur|13\/100 psn|[from] psn\n|-damage|p2a: Ting-Lu|73\/100 psn|[from] psn\n|upkeep\n|turn|6\n|inactive|manu333 has 30 seconds left.\n|\n|t:|1682614712\n|move|p2b: Baxcalibur|Ice Shard|p1b: Glimmora\n|-supereffective|p1b: Glimmora\n|-damage|p1b: Glimmora|54\/100\n|-activate|p1b: Glimmora|ability: Toxic Debris\n|-sidestart|p2: manu333|move: Toxic Spikes\n|move|p1b: Glimmora|Power Gem|p2b: Baxcalibur\n|-supereffective|p2b: Baxcalibur\n|-damage|p2b: Baxcalibur|0 fnt\n|faint|p2b: Baxcalibur\n|move|p1a: Wo-Chien|Leech Seed|p2a: Ting-Lu\n|-start|p2a: Ting-Lu|move: Leech Seed\n|move|p2a: Ting-Lu|Ruination|p1a: Wo-Chien|[miss]\n|-miss|p2a: Ting-Lu|p1a: Wo-Chien\n|\n|-heal|p1a: Wo-Chien|69\/100|[from] item: Leftovers\n|-damage|p2a: Ting-Lu|61\/100 psn|[from] Leech Seed|[of] p1a: Wo-Chien\n|-heal|p1a: Wo-Chien|84\/100|[silent]\n|-damage|p2a: Ting-Lu|49\/100 psn|[from] psn\n|upkeep\n|\n|t:|1682614724\n|switch|p2b: Amoonguss|Amoonguss, L50, M|100\/100\n|-sideend|p2: manu333|move: Toxic Spikes|[of] p2b: Amoonguss\n|turn|7\n|inactive|MrNeilMcPotato has 30 seconds left.\n|inactive|MrNeilMcPotato has 20 seconds left.\n|inactive|MrNeilMcPotato has 15 seconds left.\n|inactive|MrNeilMcPotato has 10 seconds left.\n|\n|t:|1682614771\n|move|p1b: Glimmora|Power Gem|p2b: Amoonguss\n|-damage|p2b: Amoonguss|73\/100\n|move|p1a: Wo-Chien|Giga Drain|p2a: Ting-Lu\n|-supereffective|p2a: Ting-Lu\n|-damage|p2a: Ting-Lu|29\/100 psn\n|-heal|p1a: Wo-Chien|97\/100|[from] drain|[of] p2a: Ting-Lu\n|move|p2a: Ting-Lu|Ruination|p1a: Wo-Chien\n|-damage|p1a: Wo-Chien|49\/100\n|move|p2b: Amoonguss|Pollen Puff|p1a: Wo-Chien\n|-supereffective|p1a: Wo-Chien\n|-damage|p1a: Wo-Chien|16\/100\n|\n|-heal|p1a: Wo-Chien|22\/100|[from] item: Leftovers\n|-damage|p2a: Ting-Lu|16\/100 psn|[from] Leech Seed|[of] p1a: Wo-Chien\n|-heal|p1a: Wo-Chien|37\/100|[silent]\n|-damage|p2a: Ting-Lu|4\/100 psn|[from] psn\n|upkeep\n|turn|8\n|\n|t:|1682614790\n|move|p1a: Wo-Chien|Protect|p1a: Wo-Chien\n|-singleturn|p1a: Wo-Chien|Protect\n|move|p1b: Glimmora|Power Gem|p2b: Amoonguss\n|-damage|p2b: Amoonguss|50\/100\n|-enditem|p2b: Amoonguss|Sitrus Berry|[eat]\n|-heal|p2b: Amoonguss|75\/100|[from] item: Sitrus Berry\n|move|p2a: Ting-Lu|Heavy Slam|p1b: Glimmora\n|-damage|p1b: Glimmora|29\/100\n|-activate|p1b: Glimmora|ability: Toxic Debris\n|-sidestart|p2: manu333|move: Toxic Spikes\n|move|p2b: Amoonguss|Pollen Puff|p1a: Wo-Chien\n|-activate|p1a: Wo-Chien|move: Protect\n|\n|-heal|p1a: Wo-Chien|43\/100|[from] item: Leftovers\n|-damage|p2a: Ting-Lu|0 fnt|[from] Leech Seed|[of] p1a: Wo-Chien\n|-heal|p1a: Wo-Chien|48\/100|[silent]\n|faint|p2a: Ting-Lu\n|upkeep\n|\n|t:|1682614792\n|switch|p2a: Flutter Mane|Flutter Mane, L50|100\/100\n|-status|p2a: Flutter Mane|psn\n|turn|9\n|\n|t:|1682614816\n|move|p2a: Flutter Mane|Dazzling Gleam|p1a: Wo-Chien|[spread] p1a,p1b\n|-supereffective|p1a: Wo-Chien\n|-damage|p1a: Wo-Chien|0 fnt\n|-damage|p1b: Glimmora|0 fnt\n|faint|p1a: Wo-Chien\n|faint|p1b: Glimmora\n|move|p2b: Amoonguss|Pollen Puff|p1: Wo-Chien|[notarget]\n|-fail|p2b: Amoonguss\n|\n|-damage|p2a: Flutter Mane|88\/100 psn|[from] psn\n|upkeep\n|\n|t:|1682614819\n|switch|p1b: Flutter Mane|Flutter Mane, L50|100\/100\n|turn|10\n|\n|t:|1682614827\n|-terastallize|p2a: Flutter Mane|Fairy\n|move|p2a: Flutter Mane|Dazzling Gleam|p1b: Flutter Mane\n|-damage|p1b: Flutter Mane|17\/100\n|move|p1b: Flutter Mane|Hex|p2a: Flutter Mane\n|-damage|p2a: Flutter Mane|0 fnt\n|faint|p2a: Flutter Mane\n|-end|p2a: Flutter Mane|Protosynthesis|[silent]\n|move|p2b: Amoonguss|Spore|p1b: Flutter Mane\n|-status|p1b: Flutter Mane|slp|[from] move: Spore\n|\n|upkeep\n|turn|11\n|\n|t:|1682614838\n|cant|p1b: Flutter Mane|slp\n|move|p2b: Amoonguss|Pollen Puff|p1b: Flutter Mane\n|-resisted|p1b: Flutter Mane\n|-damage|p1b: Flutter Mane|13\/100 slp\n|\n|upkeep\n|turn|12\n|\n|t:|1682614846\n|cant|p1b: Flutter Mane|slp\n|move|p2b: Amoonguss|Pollen Puff|p1b: Flutter Mane\n|-resisted|p1b: Flutter Mane\n|-damage|p1b: Flutter Mane|9\/100 slp\n|\n|upkeep\n|turn|13\n|\n|t:|1682614852\n|cant|p1b: Flutter Mane|slp\n|move|p2b: Amoonguss|Pollen Puff|p1b: Flutter Mane\n|-resisted|p1b: Flutter Mane\n|-damage|p1b: Flutter Mane|5\/100 slp\n|\n|upkeep\n|turn|14\n|\n|t:|1682614857\n|-curestatus|p1b: Flutter Mane|slp|[msg]\n|move|p1b: Flutter Mane|Hex|p2b: Amoonguss\n|-damage|p2b: Amoonguss|30\/100\n|move|p2b: Amoonguss|Pollen Puff|p1b: Flutter Mane\n|-resisted|p1b: Flutter Mane\n|-damage|p1b: Flutter Mane|0 fnt\n|faint|p1b: Flutter Mane\n|-end|p1b: Flutter Mane|Protosynthesis|[silent]\n|\n|win|manu333\n|raw|MrNeilMcPotato's rating: 1239 → 1218<\/strong> (-21 for losing)\n|raw|manu333's rating: 1293 → 1314<\/strong> (+21 for winning)\n|l|\u2606manu333\n|c|\u2606MrNeilMcPotato|LUCKY ASSS MFFF\n","uploadtime":1682614881,"views":10,"p1id":"mrneilmcpotato","p2id":"manu333","formatid":"gen9vgc2023regulationc","rating":1218,"private":0,"password":""}