{"id":"gen9vgc2023regulationc-1851481417","p1":"ITALO2804","p2":"qwillinallthefish","format":"[Gen 9] VGC 2023 Regulation C","log":"|j|\u2606ITALO2804\n|j|\u2606qwillinallthefish\n|t:|1682448675\n|gametype|doubles\n|player|p1|ITALO2804|gambler|1347\n|player|p2|qwillinallthefish|crasherwake|1441\n|teamsize|p1|6\n|teamsize|p2|6\n|gen|9\n|tier|[Gen 9] VGC 2023 Regulation C\n|rated|\n|rule|Species Clause: Limit one of each Pok\u00e9mon\n|rule|Item Clause: Limit one of each item\n|clearpoke\n|poke|p1|Palafin, L50, M|\n|poke|p1|Kingambit, L50, M|\n|poke|p1|Flutter Mane, L50|\n|poke|p1|Chien-Pao, L50|\n|poke|p1|Iron Hands, L50|\n|poke|p1|Pelipper, L50, F|\n|poke|p2|Abomasnow, L50, F|\n|poke|p2|Iron Bundle, L50|\n|poke|p2|Chi-Yu, L50|\n|poke|p2|Flutter Mane, L50|\n|poke|p2|Sandy Shocks, L50|\n|poke|p2|Espathra, L50, M|\n|teampreview|4\nqwillinallthefish has agreed to open team sheets.\nITALO2804 has agreed to open team sheets.\n|\n|t:|1682448757\n|start\n|switch|p1a: Palafin|Palafin, L50, M, shiny|100\/100\n|switch|p1b: Iron Hands|Iron Hands, L50, shiny|100\/100\n|switch|p2a: Sandy Shocks|Sandy Shocks, L50|100\/100\n|switch|p2b: Espathra|Espathra, L50, M|100\/100\n|-enditem|p2a: Sandy Shocks|Booster Energy\n|-activate|p2a: Sandy Shocks|ability: Protosynthesis|[fromitem]\n|-start|p2a: Sandy Shocks|protosynthesisspe\n|turn|1\n|\n|t:|1682448796\n|detailschange|p1a: Palafin|Palafin-Hero, L50, M, shiny\n|switch|p1a: Pelipper|Pelipper, L50, F, shiny|100\/100\n|-weather|RainDance|[from] ability: Drizzle|[of] p1a: Pelipper\n|move|p2a: Sandy Shocks|Protect|p2a: Sandy Shocks\n|-singleturn|p2a: Sandy Shocks|Protect\n|move|p2b: Espathra|Protect|p2b: Espathra\n|-singleturn|p2b: Espathra|Protect\n|move|p1b: Iron Hands|Fake Out|p2a: Sandy Shocks\n|-activate|p2a: Sandy Shocks|move: Protect\n|\n|-weather|RainDance|[upkeep]\n|-ability|p2b: Espathra|Speed Boost|boost\n|-boost|p2b: Espathra|spe|1\n|upkeep\n|turn|2\n|\n|t:|1682448838\n|-terastallize|p1b: Iron Hands|Grass\n|move|p2a: Sandy Shocks|Gravity|p2a: Sandy Shocks\n|-fieldstart|move: Gravity\n|move|p2b: Espathra|Hypnosis|p1b: Iron Hands\n|-status|p1b: Iron Hands|slp|[from] move: Hypnosis\n|move|p1a: Pelipper|Hurricane|p2b: Espathra\n|-damage|p2b: Espathra|46\/100\n|-start|p2b: Espathra|confusion\n|cant|p1b: Iron Hands|slp\n|\n|-weather|RainDance|[upkeep]\n|-ability|p2b: Espathra|Speed Boost|boost\n|-boost|p2b: Espathra|spe|1\n|upkeep\n|turn|3\n|\n|t:|1682448866\n|-activate|p2b: Espathra|confusion\n|move|p2b: Espathra|Lumina Crash|p1b: Iron Hands\n|-damage|p1b: Iron Hands|81\/100 slp\n|-unboost|p1b: Iron Hands|spd|2\n|move|p2a: Sandy Shocks|Thunderbolt|p1a: Pelipper\n|-supereffective|p1a: Pelipper\n|-crit|p1a: Pelipper\n|-damage|p1a: Pelipper|0 fnt\n|faint|p1a: Pelipper\n|cant|p1b: Iron Hands|slp\n|\n|-weather|RainDance|[upkeep]\n|-ability|p2b: Espathra|Speed Boost|boost\n|-boost|p2b: Espathra|spe|1\n|upkeep\n|\n|t:|1682448880\n|switch|p1a: Palafin|Palafin-Hero, L50, M, shiny|100\/100\n|-activate|p1a: Palafin|ability: Zero to Hero\n|turn|4\n|\n|t:|1682448902\n|-terastallize|p2a: Sandy Shocks|Grass\n|-activate|p2b: Espathra|confusion\n|move|p2b: Espathra|Protect|p2b: Espathra\n|-singleturn|p2b: Espathra|Protect\n|move|p1a: Palafin|Protect|p1a: Palafin\n|-singleturn|p1a: Palafin|Protect\n|move|p2a: Sandy Shocks|Thunderbolt|p1a: Palafin\n|-activate|p1a: Palafin|move: Protect\n|cant|p1b: Iron Hands|slp\n|\n|-weather|RainDance|[upkeep]\n|-ability|p2b: Espathra|Speed Boost|boost\n|-boost|p2b: Espathra|spe|1\n|upkeep\n|turn|5\n|\n|t:|1682448926\n|move|p1a: Palafin|Jet Punch|p2b: Espathra\n|-damage|p2b: Espathra|0 fnt\n|faint|p2b: Espathra\n|move|p2a: Sandy Shocks|Thunderbolt|p1a: Palafin\n|-supereffective|p1a: Palafin\n|-damage|p1a: Palafin|14\/100\n|-curestatus|p1b: Iron Hands|slp|[msg]\n|move|p1b: Iron Hands|Heavy Slam|p2a: Sandy Shocks\n|-damage|p2a: Sandy Shocks|50\/100\n|\n|-weather|RainDance|[upkeep]\n|upkeep\n|\n|t:|1682448945\n|switch|p2b: Iron Bundle|Iron Bundle, L50|100\/100\n|turn|6\n|\n|t:|1682448959\n|move|p2a: Sandy Shocks|Protect|p2a: Sandy Shocks\n|-singleturn|p2a: Sandy Shocks|Protect\n|move|p1a: Palafin|Protect|p1a: Palafin\n|-singleturn|p1a: Palafin|Protect\n|move|p2b: Iron Bundle|Blizzard|p1a: Palafin|[spread] p1b\n|-activate|p1a: Palafin|move: Protect\n|-supereffective|p1b: Iron Hands\n|-damage|p1b: Iron Hands|0 fnt\n|faint|p1b: Iron Hands\n|-end|p1b: Iron Hands|Quark Drive|[silent]\n|\n|-weather|RainDance|[upkeep]\n|-fieldend|move: Gravity\n|upkeep\n|\n|t:|1682448970\n|switch|p1b: Flutter Mane|Flutter Mane, L50|100\/100\n|turn|7\n|\n|t:|1682448985\n|move|p1a: Palafin|Jet Punch|p2a: Sandy Shocks\n|-resisted|p2a: Sandy Shocks\n|-damage|p2a: Sandy Shocks|8\/100\n|move|p2a: Sandy Shocks|Gravity|p2a: Sandy Shocks\n|-fieldstart|move: Gravity\n|move|p2b: Iron Bundle|Blizzard|p1a: Palafin|[spread] p1a,p1b\n|-resisted|p1a: Palafin\n|-damage|p1a: Palafin|0 fnt\n|-damage|p1b: Flutter Mane|35\/100\n|faint|p1a: Palafin\n|move|p1b: Flutter Mane|Dazzling Gleam|p2a: Sandy Shocks|[spread] p2a,p2b\n|-damage|p2a: Sandy Shocks|0 fnt\n|-damage|p2b: Iron Bundle|14\/100\n|faint|p2a: Sandy Shocks\n|-end|p2a: Sandy Shocks|Protosynthesis|[silent]\n|-damage|p1b: Flutter Mane|25\/100|[from] item: Life Orb\n|\n|-weather|RainDance|[upkeep]\n|upkeep\n|\n|t:|1682448994\n|switch|p2a: Chi-Yu|Chi-Yu, L50|100\/100\n|-ability|p2a: Chi-Yu|Beads of Ruin\n|turn|8\n|\n|t:|1682449006\n|move|p2b: Iron Bundle|Blizzard|p1b: Flutter Mane\n|-damage|p1b: Flutter Mane|0 fnt\n|faint|p1b: Flutter Mane\n|-end|p1b: Flutter Mane|Protosynthesis|[silent]\n|\n|win|qwillinallthefish\n|raw|ITALO2804's rating: 1347 → 1332<\/strong> (-15 for losing)\n|raw|qwillinallthefish's rating: 1441 → 1456<\/strong> (+15 for winning)\n","uploadtime":1682449009,"views":8,"p1id":"italo2804","p2id":"qwillinallthefish","formatid":"gen9vgc2023regulationc","rating":1332,"private":0,"password":""}