{"id":"gen9vgc2023regulationc-1857123626","p1":"vrumvrumnatal","p2":"LaxRanger","format":"[Gen 9] VGC 2023 Regulation C","log":"|j|\u2606vrumvrumnatal\n|j|\u2606LaxRanger\n|t:|1683148178\n|gametype|doubles\n|player|p1|vrumvrumnatal|170|1109\n|player|p2|LaxRanger|benga|1116\n|teamsize|p1|6\n|teamsize|p2|6\n|gen|9\n|tier|[Gen 9] VGC 2023 Regulation C\n|rated|\n|rule|Species Clause: Limit one of each Pok\u00e9mon\n|rule|Item Clause: Limit one of each item\n|clearpoke\n|poke|p1|Ting-Lu, L50|\n|poke|p1|Abomasnow, L50, M|\n|poke|p1|Flutter Mane, L50|\n|poke|p1|Iron Hands, L50|\n|poke|p1|Bronzong, L50|\n|poke|p1|Arcanine, L50, F|\n|poke|p2|Arcanine, L50, M|\n|poke|p2|Flutter Mane, L50|\n|poke|p2|Gyarados, L50, M|\n|poke|p2|Garchomp, L50, M|\n|poke|p2|Garganacl, L50, M|\n|poke|p2|Tatsugiri, L50, M|\n|teampreview|4\n|inactive|Battle timer is ON: inactive players will automatically lose when time's up. (requested by LaxRanger)\n|\n|t:|1683148231\n|start\n|switch|p1a: Arcanine|Arcanine, L50, F|100\/100\n|switch|p1b: Bronzong|Bronzong, L50|100\/100\n|switch|p2a: Garganacl|Garganacl, L50, M, shiny|100\/100\n|switch|p2b: Arcanine|Arcanine, L50, M, shiny|100\/100\n|-ability|p2b: Arcanine|Intimidate|boost\n|-unboost|p1a: Arcanine|atk|1\n|-unboost|p1b: Bronzong|atk|1\n|-ability|p1a: Arcanine|Intimidate|boost\n|-unboost|p2a: Garganacl|atk|1\n|-unboost|p2b: Arcanine|atk|1\n|turn|1\n|inactive|LaxRanger has 30 seconds left.\n|\n|t:|1683148257\n|move|p2b: Arcanine|Flare Blitz|p1b: Bronzong\n|-supereffective|p1b: Bronzong\n|-damage|p1b: Bronzong|52\/100\n|-damage|p2b: Arcanine|86\/100|[from] Recoil\n|move|p1a: Arcanine|Will-O-Wisp|p2a: Garganacl\n|-immune|p2a: Garganacl|[from] ability: Purifying Salt\n|move|p2a: Garganacl|Salt Cure|p1a: Arcanine\n|-supereffective|p1a: Arcanine\n|-damage|p1a: Arcanine|78\/100\n|-start|p1a: Arcanine|Salt Cure\n|move|p1b: Bronzong|Trick Room|p1b: Bronzong\n|-fieldstart|move: Trick Room|[of] p1b: Bronzong\n|\n|-damage|p1a: Arcanine|66\/100|[from] Salt Cure\n|upkeep\n|turn|2\n|inactive|LaxRanger has 30 seconds left.\n|inactive|LaxRanger has 20 seconds left.\n|inactive|LaxRanger has 15 seconds left.\n|\n|t:|1683148301\n|switch|p1a: Abomasnow|Abomasnow, L50, M|100\/100\n|-weather|Snow|[from] ability: Snow Warning|[of] p1a: Abomasnow\n|move|p1b: Bronzong|Protect|p1b: Bronzong\n|-singleturn|p1b: Bronzong|Protect\n|move|p2b: Arcanine|Protect|p2b: Arcanine\n|-singleturn|p2b: Arcanine|Protect\n|move|p2a: Garganacl|Salt Cure|p1b: Bronzong\n|-activate|p1b: Bronzong|move: Protect\n|\n|-weather|Snow|[upkeep]\n|upkeep\n|turn|3\n|\n|t:|1683148324\n|switch|p1b: Arcanine|Arcanine, L50, F|66\/100\n|-ability|p1b: Arcanine|Intimidate|boost\n|-unboost|p2a: Garganacl|atk|1\n|-unboost|p2b: Arcanine|atk|1\n|-terastallize|p1a: Abomasnow|Water\n|move|p2a: Garganacl|Salt Cure|p1b: Arcanine\n|-supereffective|p1b: Arcanine\n|-damage|p1b: Arcanine|49\/100\n|-start|p1b: Arcanine|Salt Cure\n|move|p1a: Abomasnow|Blizzard|p2a: Garganacl|[spread] p2a,p2b\n|-resisted|p2b: Arcanine\n|-damage|p2a: Garganacl|76\/100\n|-damage|p2b: Arcanine|70\/100\n|move|p2b: Arcanine|Flare Blitz|p1a: Abomasnow\n|-resisted|p1a: Abomasnow\n|-damage|p1a: Abomasnow|88\/100\n|-damage|p2b: Arcanine|66\/100|[from] Recoil\n|\n|-weather|Snow|[upkeep]\n|-heal|p2a: Garganacl|82\/100|[from] item: Leftovers\n|-damage|p1b: Arcanine|37\/100|[from] Salt Cure\n|upkeep\n|turn|4\n|inactive|vrumvrumnatal has 30 seconds left.\n|inactive|LaxRanger has 30 seconds left.\n|inactive|LaxRanger has 20 seconds left.\n|inactive|LaxRanger has 15 seconds left.\n|\n|t:|1683148367\n|move|p2a: Garganacl|Salt Cure|p1a: Abomasnow\n|-damage|p1a: Abomasnow|81\/100\n|-start|p1a: Abomasnow|Salt Cure\n|move|p1a: Abomasnow|Earth Power|p2b: Arcanine\n|-supereffective|p2b: Arcanine\n|-damage|p2b: Arcanine|18\/100\n|move|p1b: Arcanine|Flare Blitz|p2a: Garganacl\n|-resisted|p2a: Garganacl\n|-damage|p2a: Garganacl|59\/100\n|-damage|p1b: Arcanine|29\/100|[from] Recoil\n|move|p2b: Arcanine|Iron Head|p1a: Abomasnow\n|-resisted|p1a: Abomasnow\n|-damage|p1a: Abomasnow|76\/100\n|\n|-weather|Snow|[upkeep]\n|-heal|p2a: Garganacl|65\/100|[from] item: Leftovers\n|-damage|p1a: Abomasnow|51\/100|[from] Salt Cure\n|-damage|p1b: Arcanine|17\/100|[from] Salt Cure\n|upkeep\n|turn|5\n|inactive|vrumvrumnatal has 30 seconds left.\n|inactive|LaxRanger has 30 seconds left.\n|inactive|LaxRanger has 20 seconds left.\n|inactive|LaxRanger has 15 seconds left.\n|inactive|LaxRanger has 10 seconds left.\n|inactive|LaxRanger has 5 seconds left.\n|\n|t:|1683148419\n|move|p2a: Garganacl|Recover|p2a: Garganacl\n|-heal|p2a: Garganacl|100\/100\n|move|p1a: Abomasnow|Giga Drain|p2a: Garganacl\n|-supereffective|p2a: Garganacl\n|-damage|p2a: Garganacl|59\/100\n|-heal|p1a: Abomasnow|73\/100|[from] drain|[of] p2a: Garganacl\n|move|p1b: Arcanine|Flare Blitz|p2a: Garganacl\n|-resisted|p2a: Garganacl\n|-damage|p2a: Garganacl|37\/100\n|-damage|p1b: Arcanine|9\/100|[from] Recoil\n|move|p2b: Arcanine|Iron Head|p1b: Arcanine\n|-resisted|p1b: Arcanine\n|-damage|p1b: Arcanine|4\/100\n|\n|-weather|Snow|[upkeep]\n|-heal|p2a: Garganacl|43\/100|[from] item: Leftovers\n|-damage|p1a: Abomasnow|48\/100|[from] Salt Cure\n|-damage|p1b: Arcanine|0 fnt|[from] Salt Cure\n|faint|p1b: Arcanine\n|-fieldend|move: Trick Room\n|upkeep\n|inactive|vrumvrumnatal has 30 seconds left.\n|\n|t:|1683148450\n|switch|p1b: Flutter Mane|Flutter Mane, L50|100\/100\n|turn|6\n|\n|t:|1683148478\n|move|p2b: Arcanine|Protect|p2b: Arcanine\n|-singleturn|p2b: Arcanine|Protect\n|move|p1b: Flutter Mane|Dazzling Gleam|p2a: Garganacl|[spread] p2a\n|-activate|p2b: Arcanine|move: Protect\n|-damage|p2a: Garganacl|14\/100\n|move|p1a: Abomasnow|Giga Drain|p2a: Garganacl\n|-supereffective|p2a: Garganacl\n|-damage|p2a: Garganacl|0 fnt\n|-heal|p1a: Abomasnow|55\/100|[from] drain|[of] p2a: Garganacl\n|faint|p2a: Garganacl\n|\n|-weather|none\n|-damage|p1a: Abomasnow|30\/100|[from] Salt Cure\n|upkeep\n|\n|t:|1683148492\n|switch|p2a: Gyarados|Gyarados, L50, M, shiny|100\/100\n|-ability|p2a: Gyarados|Intimidate|boost\n|-unboost|p1a: Abomasnow|atk|1\n|-unboost|p1b: Flutter Mane|atk|1\n|turn|7\n|\n|t:|1683148500\n|switch|p1a: Bronzong|Bronzong, L50|52\/100\n|move|p1b: Flutter Mane|Dazzling Gleam|p2a: Gyarados|[spread] p2a,p2b\n|-resisted|p2b: Arcanine\n|-damage|p2a: Gyarados|65\/100\n|-damage|p2b: Arcanine|0 fnt\n|faint|p2b: Arcanine\n|move|p2a: Gyarados|Thunder Wave|p1b: Flutter Mane\n|-status|p1b: Flutter Mane|par\n|\n|upkeep\n|\n|t:|1683148509\n|switch|p2b: Garchomp|Garchomp, L50, M, shiny|100\/100\n|turn|8\n|\n|t:|1683148521\n|-terastallize|p2b: Garchomp|Steel\n|move|p2b: Garchomp|Iron Head|p1b: Flutter Mane\n|-supereffective|p1b: Flutter Mane\n|-damage|p1b: Flutter Mane|0 fnt\n|faint|p1b: Flutter Mane\n|-end|p1b: Flutter Mane|Protosynthesis|[silent]\n|move|p2a: Gyarados|Taunt|p1a: Bronzong\n|-start|p1a: Bronzong|move: Taunt\n|cant|p1a: Bronzong|move: Taunt|Trick Room\n|\n|upkeep\n|\n|t:|1683148529\n|switch|p1b: Abomasnow|Abomasnow, L50, M, tera:Water|30\/100\n|-weather|Snow|[from] ability: Snow Warning|[of] p1b: Abomasnow\n|turn|9\n|\n|t:|1683148547\n|move|p2b: Garchomp|Earthquake|p1b: Abomasnow|[spread] p1b\n|-immune|p2a: Gyarados\n|-immune|p1a: Bronzong|[from] ability: Levitate\n|-damage|p1b: Abomasnow|0 fnt\n|faint|p1b: Abomasnow\n|move|p2a: Gyarados|Thunder Wave|p1a: Bronzong\n|-status|p1a: Bronzong|par\n|move|p1a: Bronzong|Gyro Ball|p2b: Garchomp\n|-resisted|p2b: Garchomp\n|-damage|p2b: Garchomp|78\/100\n|-damage|p1a: Bronzong|40\/100 par|[from] ability: Rough Skin|[of] p2b: Garchomp\n|\n|-weather|Snow|[upkeep]\n|upkeep\n|turn|10\n|\n|t:|1683148566\n|move|p2b: Garchomp|Iron Head|p1a: Bronzong\n|-resisted|p1a: Bronzong\n|-damage|p1a: Bronzong|23\/100 par\n|move|p2a: Gyarados|Waterfall|p1a: Bronzong\n|-damage|p1a: Bronzong|0 fnt\n|faint|p1a: Bronzong\n|\n|win|LaxRanger\n|raw|vrumvrumnatal's rating: 1109 → 1085<\/strong> (-24 for losing)\n|raw|LaxRanger's rating: 1116 → 1140<\/strong> (+24 for winning)\n|l|\u2606LaxRanger\n","uploadtime":1683148620,"views":18,"p1id":"vrumvrumnatal","p2id":"laxranger","formatid":"gen9vgc2023regulationc","rating":1085,"private":0,"password":""}