{"id":"gen9vgc2023regulationc-1859306387","p1":"LasermanZ111","p2":"JusticetheJust","format":"[Gen 9] VGC 2023 Regulation C","log":"|j|\u2606LasermanZ111\n|j|\u2606JusticetheJust\n|t:|1683431777\n|gametype|doubles\n|player|p1|LasermanZ111|ash|1375\n|player|p2|JusticetheJust|palmer|1342\n|teamsize|p1|6\n|teamsize|p2|6\n|gen|9\n|tier|[Gen 9] VGC 2023 Regulation C\n|rated|\n|rule|Species Clause: Limit one of each Pok\u00e9mon\n|rule|Item Clause: Limit one of each item\n|clearpoke\n|poke|p1|Chi-Yu, L50|\n|poke|p1|Gyarados, L50, M|\n|poke|p1|Abomasnow, L50, M|\n|poke|p1|Corviknight, L50, M|\n|poke|p1|Iron Hands, L50|\n|poke|p1|Flutter Mane, L50|\n|poke|p2|Flutter Mane, L50|\n|poke|p2|Annihilape, L50, F|\n|poke|p2|Arcanine, L50, F|\n|poke|p2|Maushold-Four, L50|\n|poke|p2|Chien-Pao, L50|\n|poke|p2|Hydreigon, L50, M|\n|teampreview|4\n|inactive|Battle timer is ON: inactive players will automatically lose when time's up. (requested by JusticetheJust)\nLasermanZ111 has agreed to open team sheets.\n|j| vcomp_intellect\n|inactive|LasermanZ111 has 60 seconds left.\n|inactive|LasermanZ111 has 30 seconds left.\n|inactive|LasermanZ111 has 20 seconds left.\n|inactive|LasermanZ111 has 15 seconds left.\n|inactive|LasermanZ111 has 10 seconds left.\n|inactive|LasermanZ111 has 5 seconds left.\n|\n|t:|1683431867\n|start\n|switch|p1a: Flutter Mane|Flutter Mane, L50|100\/100\n|switch|p1b: Chi-Yu|Chi-Yu, L50|100\/100\n|switch|p2a: Hydreigon|Hydreigon, L50, M|100\/100\n|switch|p2b: Annihilape|Annihilape, L50, F|100\/100\n|-ability|p1b: Chi-Yu|Beads of Ruin\n|-enditem|p1a: Flutter Mane|Booster Energy\n|-activate|p1a: Flutter Mane|ability: Protosynthesis|[fromitem]\n|-start|p1a: Flutter Mane|protosynthesisspa\n|turn|1\n|\n|t:|1683431890\n|switch|p1b: Corviknight|Corviknight, L50, M|100\/100\n|-terastallize|p2a: Hydreigon|Steel\n|move|p1a: Flutter Mane|Protect|p1a: Flutter Mane\n|-singleturn|p1a: Flutter Mane|Protect\n|move|p2a: Hydreigon|Tailwind|p2a: Hydreigon\n|-sidestart|p2: JusticetheJust|move: Tailwind\n|move|p2b: Annihilape|Rage Fist|p1a: Flutter Mane\n|-activate|p1a: Flutter Mane|move: Protect\n|\n|upkeep\n|turn|2\n|inactive|LasermanZ111 has 30 seconds left.\n|inactive|LasermanZ111 has 20 seconds left.\n|inactive|LasermanZ111 has 15 seconds left.\n|inactive|LasermanZ111 has 10 seconds left.\n|\n|t:|1683431936\n|-end|p1a: Flutter Mane|Protosynthesis|[silent]\n|switch|p1a: Chi-Yu|Chi-Yu, L50|100\/100\n|-ability|p1a: Chi-Yu|Beads of Ruin\n|move|p2a: Hydreigon|Dark Pulse|p1a: Chi-Yu\n|-resisted|p1a: Chi-Yu\n|-damage|p1a: Chi-Yu|77\/100\n|move|p2b: Annihilape|Rage Fist|p1a: Chi-Yu\n|-resisted|p1a: Chi-Yu\n|-damage|p1a: Chi-Yu|56\/100\n|move|p1b: Corviknight|Tailwind|p1b: Corviknight\n|-sidestart|p1: LasermanZ111|move: Tailwind\n|\n|upkeep\n|turn|3\n|\n|t:|1683431959\n|move|p1a: Chi-Yu|Heat Wave|p2b: Annihilape|[spread] p2a,p2b\n|-supereffective|p2a: Hydreigon\n|-damage|p2a: Hydreigon|0 fnt\n|-damage|p2b: Annihilape|39\/100\n|faint|p2a: Hydreigon\n|-damage|p1a: Chi-Yu|46\/100|[from] item: Life Orb\n|move|p2b: Annihilape|Drain Punch|p1a: Chi-Yu\n|-supereffective|p1a: Chi-Yu\n|-damage|p1a: Chi-Yu|0 fnt\n|-heal|p2b: Annihilape|53\/100|[from] drain|[of] p1a: Chi-Yu\n|faint|p1a: Chi-Yu\n|move|p1b: Corviknight|Brave Bird|p2b: Annihilape\n|-supereffective|p2b: Annihilape\n|-damage|p2b: Annihilape|0 fnt\n|faint|p2b: Annihilape\n|-damage|p1b: Corviknight|82\/100|[from] Recoil\n|\n|upkeep\n|inactive|LasermanZ111 has 30 seconds left.\n|\n|t:|1683431988\n|switch|p1a: Gyarados|Gyarados, L50, M, shiny|100\/100\n|switch|p2a: Arcanine|Arcanine, L50, F|100\/100\n|switch|p2b: Maushold|Maushold-Four, L50|100\/100\n|-ability|p2a: Arcanine|Intimidate|boost\n|-unboost|p1a: Gyarados|atk|1\n|-ability|p1b: Corviknight|Mirror Armor\n|-unboost|p2a: Arcanine|atk|1\n|-ability|p1a: Gyarados|Intimidate|boost\n|-unboost|p2a: Arcanine|atk|1\n|-unboost|p2b: Maushold|atk|1\n|turn|4\n|\n|t:|1683432010\n|-terastallize|p1b: Corviknight|Fire\n|move|p2a: Arcanine|Flare Blitz|p1b: Corviknight\n|-resisted|p1b: Corviknight\n|-damage|p1b: Corviknight|71\/100\n|-damage|p2a: Arcanine|96\/100|[from] Recoil\n|move|p2b: Maushold|Tidy Up|p2b: Maushold\n|-boost|p2b: Maushold|atk|1\n|-boost|p2b: Maushold|spe|1\n|move|p1a: Gyarados|Waterfall|p2a: Arcanine\n|-supereffective|p2a: Arcanine\n|-damage|p2a: Arcanine|29\/100\n|move|p1b: Corviknight|Brave Bird|p2a: Arcanine\n|-damage|p2a: Arcanine|0 fnt\n|faint|p2a: Arcanine\n|-damage|p1b: Corviknight|63\/100|[from] Recoil\n|\n|-sideend|p2: JusticetheJust|move: Tailwind\n|upkeep\n|turn|5\n|\n|t:|1683432028\n|move|p2b: Maushold|Protect|p2b: Maushold\n|-singleturn|p2b: Maushold|Protect\n|move|p1a: Gyarados|Waterfall|p2b: Maushold\n|-activate|p2b: Maushold|move: Protect\n|move|p1b: Corviknight|Brave Bird|p2b: Maushold\n|-activate|p2b: Maushold|move: Protect\n|\n|-sideend|p1: LasermanZ111|move: Tailwind\n|upkeep\n|turn|6\n|\n|t:|1683432041\n|move|p2b: Maushold|Population Bomb|p1b: Corviknight\n|-damage|p1b: Corviknight|51\/100\n|-damage|p1b: Corviknight|41\/100\n|-damage|p1b: Corviknight|31\/100\n|-damage|p1b: Corviknight|20\/100\n|-damage|p1b: Corviknight|11\/100\n|-damage|p1b: Corviknight|1\/100\n|-damage|p1b: Corviknight|0 fnt\n|faint|p1b: Corviknight\n|-hitcount|p1: Corviknight|7\n|move|p1a: Gyarados|Taunt|p2b: Maushold\n|-start|p2b: Maushold|move: Taunt\n|\n|upkeep\n|\n|t:|1683432046\n|switch|p1b: Flutter Mane|Flutter Mane, L50|100\/100\n|turn|7\n|\n|t:|1683432056\n|move|p2b: Maushold|Population Bomb|p1a: Gyarados\n|-damage|p1a: Gyarados|88\/100\n|-damage|p1a: Gyarados|75\/100\n|-damage|p1a: Gyarados|63\/100\n|-damage|p1a: Gyarados|51\/100\n|-damage|p1a: Gyarados|37\/100\n|-enditem|p1a: Gyarados|Sitrus Berry|[eat]\n|-heal|p1a: Gyarados|62\/100|[from] item: Sitrus Berry\n|-damage|p1a: Gyarados|51\/100\n|-damage|p1a: Gyarados|40\/100\n|-damage|p1a: Gyarados|28\/100\n|-damage|p1a: Gyarados|15\/100\n|-damage|p1a: Gyarados|3\/100\n|-hitcount|p1a: Gyarados|10\n|move|p1b: Flutter Mane|Moonblast|p2b: Maushold\n|-damage|p2b: Maushold|36\/100\n|move|p1a: Gyarados|Waterfall|p2b: Maushold\n|-damage|p2b: Maushold|3\/100\n|\n|upkeep\n|turn|8\n|\n|t:|1683432079\n|move|p2b: Maushold|Trailblaze|p1a: Gyarados\n|-damage|p1a: Gyarados|0 fnt\n|-boost|p2b: Maushold|spe|1\n|faint|p1a: Gyarados\n|move|p1b: Flutter Mane|Moonblast|p2b: Maushold\n|-damage|p2b: Maushold|0 fnt\n|faint|p2b: Maushold\n|\n|win|LasermanZ111\n|raw|LasermanZ111's rating: 1375 → 1393<\/strong> (+18 for winning)\n|raw|JusticetheJust's rating: 1342 → 1324<\/strong> (-18 for losing)\n|l|\u2606JusticetheJust\n","uploadtime":1683432087,"views":12,"p1id":"lasermanz111","p2id":"justicethejust","formatid":"gen9vgc2023regulationc","rating":1324,"private":0,"password":""}