{"id":"gen9vgc2023regulationc-1854639842","p1":"TrainerRYSA","p2":"Blumagination","format":"[Gen 9] VGC 2023 Regulation C","log":"|j|\u2606TrainerRYSA\n|j|\u2606Blumagination\n|t:|1682841327\n|gametype|doubles\n|player|p1|TrainerRYSA|1|1145\n|player|p2|Blumagination|clown|1219\n|teamsize|p1|6\n|teamsize|p2|6\n|gen|9\n|tier|[Gen 9] VGC 2023 Regulation C\n|rated|\n|rule|Species Clause: Limit one of each Pok\u00e9mon\n|rule|Item Clause: Limit one of each item\n|clearpoke\n|poke|p1|Flutter Mane, L50|\n|poke|p1|Iron Hands, L50|\n|poke|p1|Dragonite, L50, M|\n|poke|p1|Umbreon, L50, M|\n|poke|p1|Gyarados, L50, F|\n|poke|p1|Palafin, L50, M|\n|poke|p2|Iron Bundle, L50|\n|poke|p2|Flutter Mane, L50|\n|poke|p2|Garganacl, L50, F|\n|poke|p2|Arcanine, L50, M|\n|poke|p2|Amoonguss, L50, F|\n|poke|p2|Ting-Lu, L50|\n|teampreview|4\n|inactive|Battle timer is ON: inactive players will automatically lose when time's up. (requested by Blumagination)\n|\n|t:|1682841358\n|start\n|switch|p1a: Iron Hands|Iron Hands, L50|100\/100\n|switch|p1b: Gyarados|Gyarados, L50, F, shiny|100\/100\n|switch|p2a: Garganacl|Garganacl, L50, F|100\/100\n|switch|p2b: Arcanine|Arcanine, L50, M|100\/100\n|-ability|p2b: Arcanine|Intimidate|boost\n|-unboost|p1a: Iron Hands|atk|1\n|-unboost|p1b: Gyarados|atk|1\n|-ability|p1b: Gyarados|Intimidate|boost\n|-unboost|p2a: Garganacl|atk|1\n|-unboost|p2b: Arcanine|atk|1\n|turn|1\n|inactive|TrainerRYSA has 30 seconds left.\n|inactive|TrainerRYSA has 20 seconds left.\n|\n|t:|1682841393\n|-end|p1a: Iron Hands|Quark Drive|[silent]\n|switch|p1a: Dragonite|Dragonite, L50, M, shiny|100\/100\n|move|p2b: Arcanine|Will-O-Wisp|p1a: Dragonite\n|-status|p1a: Dragonite|brn\n|move|p1b: Gyarados|Waterfall|p2b: Arcanine\n|-supereffective|p2b: Arcanine\n|-damage|p2b: Arcanine|36\/100\n|move|p2a: Garganacl|Salt Cure|p1b: Gyarados\n|-supereffective|p1b: Gyarados\n|-damage|p1b: Gyarados|72\/100\n|-start|p1b: Gyarados|Salt Cure\n|\n|-damage|p1a: Dragonite|95\/100 brn|[from] brn\n|-damage|p1b: Gyarados|48\/100|[from] Salt Cure\n|upkeep\n|-enditem|p1b: Gyarados|Sitrus Berry|[eat]\n|-heal|p1b: Gyarados|72\/100|[from] item: Sitrus Berry\n|turn|2\n|inactive|TrainerRYSA has 30 seconds left.\n|inactive|TrainerRYSA has 20 seconds left.\n|\n|t:|1682841430\n|switch|p2b: Iron Bundle|Iron Bundle, L50|100\/100\n|-enditem|p2b: Iron Bundle|Booster Energy\n|-activate|p2b: Iron Bundle|ability: Quark Drive|[fromitem]\n|-start|p2b: Iron Bundle|quarkdrivespe\n|move|p1b: Gyarados|Waterfall|p2b: Iron Bundle\n|-resisted|p2b: Iron Bundle\n|-damage|p2b: Iron Bundle|86\/100\n|move|p1a: Dragonite|Low Kick|p2a: Garganacl\n|-supereffective|p2a: Garganacl\n|-damage|p2a: Garganacl|58\/100\n|move|p2a: Garganacl|Salt Cure|p1a: Dragonite\n|-supereffective|p1a: Dragonite\n|-damage|p1a: Dragonite|75\/100 brn\n|-start|p1a: Dragonite|Salt Cure\n|\n|-heal|p2a: Garganacl|64\/100|[from] item: Leftovers\n|-damage|p1a: Dragonite|69\/100 brn|[from] brn\n|-damage|p1b: Gyarados|48\/100|[from] Salt Cure\n|-damage|p1a: Dragonite|57\/100 brn|[from] Salt Cure\n|upkeep\n|turn|3\n|inactive|TrainerRYSA has 30 seconds left.\n|inactive|Blumagination has 30 seconds left.\n|inactive|TrainerRYSA has 20 seconds left.\n|\n|t:|1682841470\n|switch|p1a: Iron Hands|Iron Hands, L50|100\/100\n|-terastallize|p1b: Gyarados|Poison\n|move|p2b: Iron Bundle|Freeze-Dry|p1b: Gyarados\n|-damage|p1b: Gyarados|10\/100\n|move|p1b: Gyarados|Iron Head|p2a: Garganacl\n|-supereffective|p2a: Garganacl\n|-damage|p2a: Garganacl|39\/100\n|move|p2a: Garganacl|Stealth Rock|p1a: Iron Hands\n|-sidestart|p1: TrainerRYSA|move: Stealth Rock\n|\n|-heal|p2a: Garganacl|44\/100|[from] item: Leftovers\n|-damage|p1b: Gyarados|0 fnt|[from] Salt Cure\n|faint|p1b: Gyarados\n|upkeep\n|\n|t:|1682841486\n|switch|p1b: Flutter Mane|Flutter Mane, L50|100\/100\n|-damage|p1b: Flutter Mane|88\/100|[from] Stealth Rock\n|-enditem|p1b: Flutter Mane|Booster Energy\n|-activate|p1b: Flutter Mane|ability: Protosynthesis|[fromitem]\n|-start|p1b: Flutter Mane|protosynthesisspa\n|turn|4\n|inactive|Blumagination has 30 seconds left.\n|\n|t:|1682841516\n|move|p2b: Iron Bundle|Protect|p2b: Iron Bundle\n|-singleturn|p2b: Iron Bundle|Protect\n|move|p2a: Garganacl|Protect|p2a: Garganacl\n|-singleturn|p2a: Garganacl|Protect\n|move|p1b: Flutter Mane|Dazzling Gleam|p2b: Iron Bundle|[spread] \n|-activate|p2a: Garganacl|move: Protect\n|-activate|p2b: Iron Bundle|move: Protect\n|move|p1a: Iron Hands|Drain Punch|p2b: Iron Bundle\n|-activate|p2b: Iron Bundle|move: Protect\n|\n|-heal|p2a: Garganacl|50\/100|[from] item: Leftovers\n|upkeep\n|turn|5\n|inactive|Blumagination has 30 seconds left.\n|inactive|Blumagination has 20 seconds left.\n|inactive|Blumagination has 15 seconds left.\n|inactive|Blumagination has 10 seconds left.\n|inactive|Blumagination has 5 seconds left.\n|\n|t:|1682841571\n|move|p2b: Iron Bundle|Protect|p2b: Iron Bundle\n|-singleturn|p2b: Iron Bundle|Protect\n|move|p2a: Garganacl|Protect|p2a: Garganacl\n|-singleturn|p2a: Garganacl|Protect\n|move|p1b: Flutter Mane|Moonblast|p2a: Garganacl\n|-activate|p2a: Garganacl|move: Protect\n|move|p1a: Iron Hands|Drain Punch|p2b: Iron Bundle\n|-activate|p2b: Iron Bundle|move: Protect\n|\n|-heal|p2a: Garganacl|56\/100|[from] item: Leftovers\n|upkeep\n|turn|6\n|\n|t:|1682841594\n|-terastallize|p2a: Garganacl|Ghost\n|move|p2b: Iron Bundle|Freeze-Dry|p1b: Flutter Mane\n|-damage|p1b: Flutter Mane|56\/100\n|move|p1b: Flutter Mane|Dazzling Gleam|p2a: Garganacl|[spread] p2a,p2b\n|-damage|p2a: Garganacl|27\/100\n|-damage|p2b: Iron Bundle|17\/100\n|move|p1a: Iron Hands|Drain Punch|p2b: Iron Bundle\n|-supereffective|p2b: Iron Bundle\n|-damage|p2b: Iron Bundle|0 fnt\n|faint|p2b: Iron Bundle\n|-end|p2b: Iron Bundle|Quark Drive|[silent]\n|move|p2a: Garganacl|Salt Cure|p1b: Flutter Mane\n|-damage|p1b: Flutter Mane|42\/100\n|-start|p1b: Flutter Mane|Salt Cure\n|\n|-heal|p2a: Garganacl|32\/100|[from] item: Leftovers\n|-damage|p1b: Flutter Mane|29\/100|[from] Salt Cure\n|upkeep\n|\n|t:|1682841599\n|switch|p2b: Amoonguss|Amoonguss, L50, F|100\/100\n|turn|7\n|inactive|TrainerRYSA has 30 seconds left.\n|\n|t:|1682841627\n|-end|p1b: Flutter Mane|Protosynthesis|[silent]\n|switch|p1b: Dragonite|Dragonite, L50, M, shiny|57\/100 brn\n|-damage|p1b: Dragonite|32\/100 brn|[from] Stealth Rock\n|move|p2a: Garganacl|Protect|p2a: Garganacl\n|-singleturn|p2a: Garganacl|Protect\n|move|p2b: Amoonguss|Protect|p2b: Amoonguss\n|-singleturn|p2b: Amoonguss|Protect\n|move|p1a: Iron Hands|Wild Charge|p2a: Garganacl\n|-activate|p2a: Garganacl|move: Protect\n|\n|-heal|p2a: Garganacl|38\/100|[from] item: Leftovers\n|-damage|p1b: Dragonite|26\/100 brn|[from] brn\n|upkeep\n|turn|8\n|\n|t:|1682841650\n|move|p2b: Amoonguss|Rage Powder|p2b: Amoonguss\n|-singleturn|p2b: Amoonguss|move: Rage Powder\n|move|p1b: Dragonite|Fire Punch|p2b: Amoonguss\n|-supereffective|p2b: Amoonguss\n|-damage|p2b: Amoonguss|69\/100\n|move|p1a: Iron Hands|Wild Charge|p2b: Amoonguss\n|-resisted|p2b: Amoonguss\n|-damage|p2b: Amoonguss|51\/100\n|-damage|p1a: Iron Hands|96\/100|[from] Recoil\n|move|p2a: Garganacl|Recover|p2a: Garganacl\n|-heal|p2a: Garganacl|88\/100\n|\n|-heal|p2a: Garganacl|94\/100|[from] item: Leftovers\n|-damage|p1b: Dragonite|20\/100 brn|[from] brn\n|upkeep\n|turn|9\n|\n|t:|1682841670\n|move|p1b: Dragonite|Fire Punch|p2b: Amoonguss\n|-supereffective|p2b: Amoonguss\n|-damage|p2b: Amoonguss|18\/100\n|-enditem|p2b: Amoonguss|Sitrus Berry|[eat]\n|-heal|p2b: Amoonguss|43\/100|[from] item: Sitrus Berry\n|move|p1a: Iron Hands|Heavy Slam|p2b: Amoonguss\n|-damage|p2b: Amoonguss|10\/100\n|move|p2a: Garganacl|Salt Cure|p1b: Dragonite\n|-supereffective|p1b: Dragonite\n|-damage|p1b: Dragonite|1\/100 brn\n|-start|p1b: Dragonite|Salt Cure\n|move|p2b: Amoonguss|Spore|p1a: Iron Hands\n|-status|p1a: Iron Hands|slp|[from] move: Spore\n|\n|-heal|p2a: Garganacl|99\/100|[from] item: Leftovers\n|-damage|p1b: Dragonite|0 fnt|[from] brn\n|faint|p1b: Dragonite\n|upkeep\n|\n|t:|1682841685\n|switch|p1b: Flutter Mane|Flutter Mane, L50|29\/100\n|-damage|p1b: Flutter Mane|17\/100|[from] Stealth Rock\n|turn|10\n|\n|t:|1682841697\n|switch|p2b: Arcanine|Arcanine, L50, M|36\/100\n|-ability|p2b: Arcanine|Intimidate|boost\n|-unboost|p1a: Iron Hands|atk|1\n|-unboost|p1b: Flutter Mane|atk|1\n|move|p1b: Flutter Mane|Dazzling Gleam|p2a: Garganacl|[spread] p2a,p2b\n|-resisted|p2b: Arcanine\n|-damage|p2a: Garganacl|75\/100\n|-damage|p2b: Arcanine|19\/100\n|cant|p1a: Iron Hands|slp\n|move|p2a: Garganacl|Salt Cure|p1b: Flutter Mane\n|-damage|p1b: Flutter Mane|3\/100\n|-start|p1b: Flutter Mane|Salt Cure\n|\n|-heal|p2a: Garganacl|81\/100|[from] item: Leftovers\n|-damage|p1b: Flutter Mane|0 fnt|[from] Salt Cure\n|faint|p1b: Flutter Mane\n|-end|p1b: Flutter Mane|Protosynthesis|[silent]\n|upkeep\n|turn|11\n|inactive|Blumagination has 30 seconds left.\n|\n|t:|1682841723\n|switch|p2b: Amoonguss|Amoonguss, L50, F|43\/100\n|-curestatus|p1a: Iron Hands|slp|[msg]\n|move|p1a: Iron Hands|Drain Punch|p2b: Amoonguss\n|-resisted|p2b: Amoonguss\n|-damage|p2b: Amoonguss|33\/100\n|-heal|p1a: Iron Hands|100\/100|[from] drain|[of] p2b: Amoonguss\n|move|p2a: Garganacl|Salt Cure|p1a: Iron Hands\n|-resisted|p1a: Iron Hands\n|-damage|p1a: Iron Hands|98\/100\n|-start|p1a: Iron Hands|Salt Cure\n|\n|-heal|p2a: Garganacl|86\/100|[from] item: Leftovers\n|-damage|p1a: Iron Hands|86\/100|[from] Salt Cure\n|upkeep\n|turn|12\n|\n|t:|1682841737\n|switch|p2a: Arcanine|Arcanine, L50, M|19\/100\n|-ability|p2a: Arcanine|Intimidate|boost\n|-unboost|p1a: Iron Hands|atk|1\n|move|p1a: Iron Hands|Heavy Slam|p2b: Amoonguss\n|-damage|p2b: Amoonguss|16\/100\n|move|p2b: Amoonguss|Spore|p1a: Iron Hands\n|-status|p1a: Iron Hands|slp|[from] move: Spore\n|\n|-damage|p1a: Iron Hands|73\/100 slp|[from] Salt Cure\n|upkeep\n|turn|13\n|\n|t:|1682841752\n|move|p2a: Arcanine|Extreme Speed|p1a: Iron Hands\n|-damage|p1a: Iron Hands|58\/100 slp\n|cant|p1a: Iron Hands|slp\n|move|p2b: Amoonguss|Pollen Puff|p2a: Arcanine\n|-heal|p2a: Arcanine|69\/100\n|\n|-damage|p1a: Iron Hands|46\/100 slp|[from] Salt Cure\n|upkeep\n|turn|14\n|\n|t:|1682841763\n|switch|p2b: Garganacl|Garganacl, L50, F, tera:Ghost|86\/100\n|move|p2a: Arcanine|Flare Blitz|p1a: Iron Hands\n|-damage|p1a: Iron Hands|11\/100 slp\n|-damage|p2a: Arcanine|54\/100|[from] Recoil\n|-curestatus|p1a: Iron Hands|slp|[msg]\n|move|p1a: Iron Hands|Heavy Slam|p2a: Arcanine\n|-resisted|p2a: Arcanine\n|-damage|p2a: Arcanine|49\/100\n|\n|-heal|p2b: Garganacl|92\/100|[from] item: Leftovers\n|-damage|p1a: Iron Hands|0 fnt|[from] Salt Cure\n|faint|p1a: Iron Hands\n|-end|p1a: Iron Hands|Quark Drive|[silent]\n|\n|win|Blumagination\n|upkeep\n|raw|TrainerRYSA's rating: 1145 → 1127<\/strong> (-18 for losing)\n|raw|Blumagination's rating: 1239 → 1257<\/strong> (+18 for winning)\n|l|\u2606Blumagination\n","uploadtime":1682841778,"views":20,"p1id":"trainerrysa","p2id":"blumagination","formatid":"gen9vgc2023regulationc","rating":1127,"private":0,"password":""}