{"id":"gen9vgc2023regulationc-1850420594","p1":"LOVE MOTION","p2":"JohanDK","format":"[Gen 9] VGC 2023 Regulation C","log":"|j|\u2606LOVE MOTION\n|j|\u2606JohanDK\n|t:|1682334307\n|gametype|doubles\n|player|p1|LOVE MOTION|265|1359\n|player|p2|JohanDK|1|1269\n|teamsize|p1|6\n|teamsize|p2|6\n|gen|9\n|tier|[Gen 9] VGC 2023 Regulation C\n|rated|\n|rule|Species Clause: Limit one of each Pok\u00e9mon\n|rule|Item Clause: Limit one of each item\n|clearpoke\n|poke|p1|Garganacl, L50, F|\n|poke|p1|Annihilape, L50, M|\n|poke|p1|Maushold, L50|\n|poke|p1|Flutter Mane, L50|\n|poke|p1|Gallade, L50, M|\n|poke|p1|Torkoal, L50, F|\n|poke|p2|Flutter Mane, L50|\n|poke|p2|Amoonguss, L50, M|\n|poke|p2|Chien-Pao, L50|\n|poke|p2|Palafin, L50, F|\n|poke|p2|Arcanine, L50, M|\n|poke|p2|Roaring Moon, L50|\n|teampreview|4\n|inactive|Battle timer is ON: inactive players will automatically lose when time's up. (requested by LOVE MOTION)\n|inactive|JohanDK has 60 seconds left.\n|\n|t:|1682334374\n|start\n|switch|p1a: Garganacl|Garganacl, L50, F|100\/100\n|switch|p1b: Maushold|Maushold, L50|100\/100\n|switch|p2a: Cordyceps|Amoonguss, L50, M, shiny|100\/100\n|switch|p2b: Roaring Moon|Roaring Moon, L50, shiny|100\/100\n|-enditem|p2b: Roaring Moon|Booster Energy\n|-activate|p2b: Roaring Moon|ability: Protosynthesis|[fromitem]\n|-start|p2b: Roaring Moon|protosynthesisspe\n|turn|1\n|\n|t:|1682334395\n|switch|p2a: Chien-Pao|Chien-Pao, L50|100\/100\n|-ability|p2a: Chien-Pao|Sword of Ruin\n|-terastallize|p2b: Roaring Moon|Flying\n|-terastallize|p1a: Garganacl|Normal\n|move|p1b: Maushold|Protect|p1b: Maushold\n|-singleturn|p1b: Maushold|Protect\n|move|p2b: Roaring Moon|Acrobatics|p1b: Maushold\n|-activate|p1b: Maushold|move: Protect\n|move|p1a: Garganacl|Explosion|p2b: Roaring Moon|[spread] p2a,p2b\n|-activate|p1b: Maushold|move: Protect\n|-enditem|p2a: Chien-Pao|Focus Sash\n|-damage|p2a: Chien-Pao|1\/100\n|-damage|p2b: Roaring Moon|0 fnt\n|faint|p1a: Garganacl\n|faint|p2b: Roaring Moon\n|-end|p2b: Roaring Moon|Protosynthesis|[silent]\n|\n|upkeep\n|\n|t:|1682334420\n|switch|p2b: Flutter Mane|Flutter Mane, L50, shiny|100\/100\n|switch|p1a: Flutter Mane|Flutter Mane, L50|100\/100\n|turn|2\n|inactive|LOVE MOTION has 30 seconds left.\n|\n|t:|1682334453\n|move|p1b: Maushold|Follow Me|p1b: Maushold\n|-singleturn|p1b: Maushold|move: Follow Me\n|move|p2a: Chien-Pao|Sacred Sword|p1b: Maushold\n|-supereffective|p1b: Maushold\n|-damage|p1b: Maushold|32\/100\n|-damage|p2a: Chien-Pao|0 fnt|[from] item: Rocky Helmet|[of] p1b: Maushold\n|faint|p2a: Chien-Pao\n|move|p1a: Flutter Mane|Moonblast|p2b: Flutter Mane\n|-damage|p2b: Flutter Mane|12\/100\n|move|p2b: Flutter Mane|Mystical Fire|p1b: Maushold\n|-damage|p1b: Maushold|0 fnt\n|faint|p1b: Maushold\n|\n|upkeep\n|\n|t:|1682334468\n|switch|p2a: Cordyceps|Amoonguss, L50, M, shiny|100\/100\n|switch|p1b: Torkoal|Torkoal, L50, F|100\/100\n|-weather|SunnyDay|[from] ability: Drought|[of] p1b: Torkoal\n|-activate|p1a: Flutter Mane|ability: Protosynthesis\n|-start|p1a: Flutter Mane|protosynthesisspa\n|-activate|p2b: Flutter Mane|ability: Protosynthesis\n|-start|p2b: Flutter Mane|protosynthesisspa\n|turn|3\n|\n|t:|1682334486\n|move|p1a: Flutter Mane|Moonblast|p2a: Cordyceps\n|-resisted|p2a: Cordyceps\n|-damage|p2a: Cordyceps|58\/100\n|-unboost|p2a: Cordyceps|spa|1\n|move|p2b: Flutter Mane|Mystical Fire|p1a: Flutter Mane\n|-damage|p1a: Flutter Mane|25\/100\n|-unboost|p1a: Flutter Mane|spa|1\n|move|p2a: Cordyceps|Spore|p1b: Torkoal\n|-status|p1b: Torkoal|slp|[from] move: Spore\n|cant|p1b: Torkoal|slp\n|\n|-weather|SunnyDay|[upkeep]\n|upkeep\n|turn|4\n|\n|t:|1682334504\n|move|p2a: Cordyceps|Rage Powder|p2a: Cordyceps\n|-singleturn|p2a: Cordyceps|move: Rage Powder\n|move|p1a: Flutter Mane|Moonblast|p2a: Cordyceps\n|-resisted|p2a: Cordyceps\n|-damage|p2a: Cordyceps|30\/100\n|-enditem|p2a: Cordyceps|Sitrus Berry|[eat]\n|-heal|p2a: Cordyceps|55\/100|[from] item: Sitrus Berry\n|move|p2b: Flutter Mane|Mystical Fire|p1a: Flutter Mane\n|-damage|p1a: Flutter Mane|0 fnt\n|faint|p1a: Flutter Mane\n|-end|p1a: Flutter Mane|Protosynthesis|[silent]\n|cant|p1b: Torkoal|slp\n|\n|-weather|SunnyDay|[upkeep]\n|upkeep\n|turn|5\n|\n|t:|1682334522\n|move|p2b: Flutter Mane|Mystical Fire|p1b: Torkoal\n|-resisted|p1b: Torkoal\n|-damage|p1b: Torkoal|50\/100 slp\n|-unboost|p1b: Torkoal|spa|1\n|move|p2a: Cordyceps|Pollen Puff|p2b: Flutter Mane\n|-heal|p2b: Flutter Mane|62\/100\n|cant|p1b: Torkoal|slp\n|\n|-weather|SunnyDay|[upkeep]\n|upkeep\n|turn|6\n|-message|LOVE MOTION forfeited.\n|\n|win|JohanDK\n|raw|LOVE MOTION's rating: 1359 → 1334<\/strong> (-25 for losing)\n|raw|JohanDK's rating: 1269 → 1300<\/strong> (+31 for winning)\n|l|\u2606LOVE MOTION\n","uploadtime":1682334564,"views":19,"p1id":"lovemotion","p2id":"johandk","formatid":"gen9vgc2023regulationc","rating":1300,"private":0,"password":""}