{"id":"gen9vgc2023regulationc-1845982975","p1":"Marconeus1991","p2":"peytoncookie","format":"[Gen 9] VGC 2023 Regulation C","log":"|j|\u2606Marconeus1991\n|j|\u2606peytoncookie\n|t:|1681787090\n|gametype|doubles\n|player|p1|Marconeus1991|1|1235\n|player|p2|peytoncookie|ninjaboy|1143\n|teamsize|p1|6\n|teamsize|p2|6\n|gen|9\n|tier|[Gen 9] VGC 2023 Regulation C\n|rated|\n|rule|Species Clause: Limit one of each Pok\u00e9mon\n|rule|Item Clause: Limit one of each item\n|clearpoke\n|poke|p1|Torkoal, L50, M|\n|poke|p1|Amoonguss, L50, F|\n|poke|p1|Mimikyu, L50, M|\n|poke|p1|Kingambit, L50, M|\n|poke|p1|Indeedee-F, L50, F|\n|poke|p1|Iron Hands, L50|\n|poke|p2|Gothitelle, L50, F|\n|poke|p2|Scream Tail, L50|\n|poke|p2|Arcanine, L50, F|\n|poke|p2|Ting-Lu, L50|\n|poke|p2|Flutter Mane, L50|\n|poke|p2|Palafin, L50, M|\n|teampreview|4\n|\n|t:|1681787133\n|start\n|switch|p1a: Iron Hands|Iron Hands, L50|100\/100\n|switch|p1b: Amoonguss|Amoonguss, L50, F, shiny|100\/100\n|switch|p2a: Gothitelle|Gothitelle, L50, F|100\/100\n|switch|p2b: Palafin|Palafin, L50, M|100\/100\n|turn|1\n|\n|t:|1681787154\n|detailschange|p2b: Palafin|Palafin-Hero, L50, M\n|switch|p2b: Scream Tail|Scream Tail, L50, shiny|100\/100\n|-enditem|p2b: Scream Tail|Booster Energy\n|-activate|p2b: Scream Tail|ability: Protosynthesis|[fromitem]\n|-start|p2b: Scream Tail|protosynthesisspe\n|-terastallize|p1b: Amoonguss|Water\n|move|p2a: Gothitelle|Fake Out|p1b: Amoonguss\n|-damage|p1b: Amoonguss|95\/100\n|-damage|p2a: Gothitelle|84\/100|[from] item: Rocky Helmet|[of] p1b: Amoonguss\n|cant|p1b: Amoonguss|flinch\n|move|p1a: Iron Hands|Belly Drum|p1a: Iron Hands\n|-damage|p1a: Iron Hands|50\/100\n|-setboost|p1a: Iron Hands|atk|6|[from] move: Belly Drum\n|\n|upkeep\n|turn|2\n|\n|t:|1681787180\n|move|p2a: Gothitelle|Protect|p2a: Gothitelle\n|-singleturn|p2a: Gothitelle|Protect\n|move|p1b: Amoonguss|Rage Powder|p1b: Amoonguss\n|-singleturn|p1b: Amoonguss|move: Rage Powder\n|move|p2b: Scream Tail|Perish Song|p2b: Scream Tail\n|-start|p1a: Iron Hands|perish3|[silent]\n|-start|p1b: Amoonguss|perish3|[silent]\n|-start|p2a: Gothitelle|perish3|[silent]\n|-start|p2b: Scream Tail|perish3|[silent]\n|-fieldactivate|move: Perish Song\n|move|p1a: Iron Hands|Drain Punch|p2b: Scream Tail\n|-resisted|p2b: Scream Tail\n|-damage|p2b: Scream Tail|67\/100\n|-heal|p1a: Iron Hands|65\/100|[from] drain|[of] p2b: Scream Tail\n|\n|-start|p2b: Scream Tail|perish3\n|-start|p2a: Gothitelle|perish3\n|-start|p1a: Iron Hands|perish3\n|-start|p1b: Amoonguss|perish3\n|upkeep\n|turn|3\n|\n|t:|1681787201\n|move|p2b: Scream Tail|Disable|p1b: Amoonguss\n|-start|p1b: Amoonguss|Disable|Rage Powder\n|move|p2a: Gothitelle|Psychic|p1b: Amoonguss\n|-damage|p1b: Amoonguss|67\/100\n|move|p1a: Iron Hands|Wild Charge|p2a: Gothitelle\n|-damage|p2a: Gothitelle|0 fnt\n|faint|p2a: Gothitelle\n|-damage|p1a: Iron Hands|50\/100|[from] Recoil\n|move|p1b: Amoonguss|Pollen Puff|p1a: Iron Hands\n|-heal|p1a: Iron Hands|100\/100\n|\n|-start|p2b: Scream Tail|perish2\n|-start|p1a: Iron Hands|perish2\n|-start|p1b: Amoonguss|perish2\n|upkeep\n|\n|t:|1681787218\n|switch|p2a: Flutter Mane|Flutter Mane, L50|100\/100\n|turn|4\n|\n|t:|1681787260\n|-terastallize|p2a: Flutter Mane|Fairy\n|move|p1a: Iron Hands|Protect|p1a: Iron Hands\n|-singleturn|p1a: Iron Hands|Protect\n|move|p2b: Scream Tail|Disable|p1a: Iron Hands\n|-activate|p1a: Iron Hands|move: Protect\n|move|p2a: Flutter Mane|Moonblast|p1a: Iron Hands\n|-activate|p1a: Iron Hands|move: Protect\n|move|p1b: Amoonguss|Spore|p2a: Flutter Mane\n|-status|p2a: Flutter Mane|slp|[from] move: Spore\n|\n|-start|p2b: Scream Tail|perish1\n|-start|p1a: Iron Hands|perish1\n|-start|p1b: Amoonguss|perish1\n|upkeep\n|turn|5\n|\n|t:|1681787287\n|-end|p2b: Scream Tail|Protosynthesis|[silent]\n|switch|p2b: Palafin|Palafin-Hero, L50, M|100\/100\n|-activate|p2b: Palafin|ability: Zero to Hero\n|-end|p1a: Iron Hands|Quark Drive|[silent]\n|switch|p1a: Kingambit|Kingambit, L50, M, shiny|100\/100\n|switch|p1b: Mimikyu|Mimikyu, L50, M, shiny|100\/100\n|cant|p2a: Flutter Mane|slp\n|\n|upkeep\n|turn|6\n|\n|t:|1681787307\n|-end|p2a: Flutter Mane|Protosynthesis|[silent]\n|switch|p2a: Scream Tail|Scream Tail, L50, shiny|67\/100\n|move|p2b: Palafin|Jet Punch|p1b: Mimikyu\n|-activate|p1b: Mimikyu|ability: Disguise\n|-damage|p1b: Mimikyu|100\/100\n|detailschange|p1b: Mimikyu|Mimikyu-Busted, L50, M, shiny\n|-damage|p1b: Mimikyu|88\/100|[from] pokemon: Mimikyu-Busted\n|move|p1a: Kingambit|Swords Dance|p1a: Kingambit\n|-boost|p1a: Kingambit|atk|2\n|move|p1b: Mimikyu|Trick Room|p1b: Mimikyu\n|-fieldstart|move: Trick Room|[of] p1b: Mimikyu\n|\n|upkeep\n|turn|7\n|\n|t:|1681787332\n|switch|p1b: Amoonguss|Amoonguss, L50, F, shiny, tera:Water|99\/100\n|move|p1a: Kingambit|Kowtow Cleave|p2b: Palafin\n|-damage|p2b: Palafin|0 fnt\n|faint|p2b: Palafin\n|move|p2a: Scream Tail|Perish Song|p2a: Scream Tail\n|-start|p1a: Kingambit|perish3|[silent]\n|-start|p1b: Amoonguss|perish3|[silent]\n|-start|p2a: Scream Tail|perish3|[silent]\n|-fieldactivate|move: Perish Song\n|\n|-start|p1b: Amoonguss|perish3\n|-start|p1a: Kingambit|perish3\n|-start|p2a: Scream Tail|perish3\n|upkeep\n|\n|t:|1681787343\n|switch|p2b: Flutter Mane|Flutter Mane, L50, tera:Fairy|100\/100 slp\n|turn|8\n|\n|t:|1681787353\n|move|p1b: Amoonguss|Spore|p2a: Scream Tail\n|-status|p2a: Scream Tail|slp|[from] move: Spore\n|move|p1a: Kingambit|Kowtow Cleave|p2b: Flutter Mane\n|-resisted|p2b: Flutter Mane\n|-enditem|p2b: Flutter Mane|Focus Sash\n|-damage|p2b: Flutter Mane|1\/100 slp\n|cant|p2a: Scream Tail|slp\n|-curestatus|p2b: Flutter Mane|slp|[msg]\n|move|p2b: Flutter Mane|Moonblast|p1a: Kingambit\n|-damage|p1a: Kingambit|30\/100\n|\n|-start|p1b: Amoonguss|perish2\n|-start|p1a: Kingambit|perish2\n|-start|p2a: Scream Tail|perish2\n|upkeep\n|turn|9\n|\n|t:|1681787374\n|move|p2b: Flutter Mane|Protect|p2b: Flutter Mane\n|-singleturn|p2b: Flutter Mane|Protect\n|move|p1b: Amoonguss|Pollen Puff|p2b: Flutter Mane\n|-activate|p2b: Flutter Mane|move: Protect\n|move|p1a: Kingambit|Kowtow Cleave|p2a: Scream Tail\n|-damage|p2a: Scream Tail|0 fnt\n|faint|p2a: Scream Tail\n|-end|p2a: Scream Tail|Protosynthesis|[silent]\n|\n|-start|p1b: Amoonguss|perish1\n|-start|p1a: Kingambit|perish1\n|upkeep\n|turn|10\n|\n|t:|1681787393\n|move|p2b: Flutter Mane|Protect||[still]\n|-fail|p2b: Flutter Mane\n|move|p1b: Amoonguss|Pollen Puff|p2b: Flutter Mane\n|-resisted|p2b: Flutter Mane\n|-damage|p2b: Flutter Mane|0 fnt\n|faint|p2b: Flutter Mane\n|-end|p2b: Flutter Mane|Protosynthesis|[silent]\n|\n|win|Marconeus1991\n|raw|Marconeus1991's rating: 1235 → 1254<\/strong> (+19 for winning)\n|raw|peytoncookie's rating: 1143 → 1124<\/strong> (-19 for losing)\n","uploadtime":1681787402,"views":5,"p1id":"marconeus1991","p2id":"peytoncookie","formatid":"gen9vgc2023regulationc","rating":1124,"private":0,"password":""}