{"id":"gen9vgc2023regulationc-1862401363","p1":"haha you rage quit","p2":"fabiobl7","format":"[Gen 9] VGC 2023 Regulation C","log":"|j|\u2606haha you rage quit\n|j|\u2606fabiobl7\n|t:|1683879995\n|gametype|doubles\n|player|p1|haha you rage quit|pokemaniac|1251\n|player|p2|fabiobl7|102|1324\n|teamsize|p1|6\n|teamsize|p2|6\n|gen|9\n|tier|[Gen 9] VGC 2023 Regulation C\n|rated|\n|rule|Species Clause: Limit one of each Pok\u00e9mon\n|rule|Item Clause: Limit one of each item\n|clearpoke\n|poke|p1|Hatterene, L50, F|\n|poke|p1|Armarouge, L50, M|\n|poke|p1|Indeedee-F, L50, F|\n|poke|p1|Torkoal, L50, M|\n|poke|p1|Kingambit, L50, M|\n|poke|p1|Annihilape, L50, M|\n|poke|p2|Amoonguss, L50, F|\n|poke|p2|Gyarados, L50, F|\n|poke|p2|Flutter Mane, L50|\n|poke|p2|Roaring Moon, L50|\n|poke|p2|Kingambit, L50, M|\n|poke|p2|Palafin, L50, M|\n|teampreview|4\n|\n|t:|1683880044\n|start\n|switch|p1a: Armarouge|Armarouge, L50, M|100\/100\n|switch|p1b: Indeedee|Indeedee-F, L50, F, shiny|100\/100\n|switch|p2a: Roaring Moon|Roaring Moon, L50|100\/100\n|switch|p2b: Kingambit|Kingambit, L50, M|100\/100\n|-fieldstart|move: Psychic Terrain|[from] ability: Psychic Surge|[of] p1b: Indeedee\n|-enditem|p1b: Indeedee|Psychic Seed\n|-boost|p1b: Indeedee|spd|1|[from] item: Psychic Seed\n|-enditem|p2a: Roaring Moon|Booster Energy\n|-activate|p2a: Roaring Moon|ability: Protosynthesis|[fromitem]\n|-start|p2a: Roaring Moon|protosynthesisatk\n|turn|1\n|\n|t:|1683880075\n|-terastallize|p1b: Indeedee|Fire\n|-terastallize|p2b: Kingambit|Ghost\n|move|p1a: Armarouge|Protect|p1a: Armarouge\n|-singleturn|p1a: Armarouge|Protect\n|move|p2a: Roaring Moon|Snarl|p1a: Armarouge|[spread] p1b\n|-activate|p1a: Armarouge|move: Protect\n|-damage|p1b: Indeedee|95\/100\n|-unboost|p1b: Indeedee|spa|1\n|move|p2b: Kingambit|Kowtow Cleave|p1a: Armarouge\n|-activate|p1a: Armarouge|move: Protect\n|move|p1b: Indeedee|Trick Room|p1b: Indeedee\n|-fieldstart|move: Trick Room|[of] p1b: Indeedee\n|\n|upkeep\n|turn|2\n|\n|t:|1683880099\n|move|p1b: Indeedee|Helping Hand|p1a: Armarouge\n|-singleturn|p1a: Armarouge|Helping Hand|[of] p1b: Indeedee\n|move|p1a: Armarouge|Expanding Force|p2b: Kingambit|[spread] p2b\n|-immune|p2a: Roaring Moon\n|-damage|p2b: Kingambit|15\/100\n|move|p2b: Kingambit|Kowtow Cleave|p1a: Armarouge\n|-supereffective|p1a: Armarouge\n|-damage|p1a: Armarouge|6\/100\n|move|p2a: Roaring Moon|Snarl|p1b: Indeedee|[spread] p1a,p1b\n|-supereffective|p1a: Armarouge\n|-crit|p1b: Indeedee\n|-damage|p1a: Armarouge|0 fnt\n|-damage|p1b: Indeedee|86\/100\n|-unboost|p1b: Indeedee|spa|1\n|faint|p1a: Armarouge\n|\n|upkeep\n|\n|t:|1683880119\n|switch|p1a: Torkoal|Torkoal, L50, M|100\/100\n|-weather|SunnyDay|[from] ability: Drought|[of] p1a: Torkoal\n|turn|3\n|\n|t:|1683880130\n|move|p1b: Indeedee|Helping Hand|p1a: Torkoal\n|-singleturn|p1a: Torkoal|Helping Hand|[of] p1b: Indeedee\n|move|p2b: Kingambit|Protect|p2b: Kingambit\n|-singleturn|p2b: Kingambit|Protect\n|move|p2a: Roaring Moon|Protect|p2a: Roaring Moon\n|-singleturn|p2a: Roaring Moon|Protect\n|move|p1a: Torkoal|Eruption|p2b: Kingambit|[spread] \n|-activate|p2a: Roaring Moon|move: Protect\n|-activate|p2b: Kingambit|move: Protect\n|\n|-weather|SunnyDay|[upkeep]\n|upkeep\n|turn|4\n|\n|t:|1683880151\n|switch|p2b: Amoonguss|Amoonguss, L50, F|100\/100\n|move|p1b: Indeedee|Helping Hand|p1a: Torkoal\n|-singleturn|p1a: Torkoal|Helping Hand|[of] p1b: Indeedee\n|move|p1a: Torkoal|Eruption|p2a: Roaring Moon|[spread] p2a,p2b\n|-resisted|p2a: Roaring Moon\n|-supereffective|p2b: Amoonguss\n|-damage|p2a: Roaring Moon|47\/100\n|-damage|p2b: Amoonguss|0 fnt\n|faint|p2b: Amoonguss\n|move|p2a: Roaring Moon|Snarl|p1a: Torkoal|[spread] p1a,p1b\n|-damage|p1a: Torkoal|90\/100\n|-damage|p1b: Indeedee|81\/100\n|-unboost|p1a: Torkoal|spa|1\n|-unboost|p1b: Indeedee|spa|1\n|\n|-weather|SunnyDay|[upkeep]\n|upkeep\n|\n|t:|1683880162\n|switch|p2b: Kingambit|Kingambit, L50, M, tera:Ghost|15\/100\n|turn|5\n|\n|t:|1683880184\n|move|p1b: Indeedee|Helping Hand|p1a: Torkoal\n|-singleturn|p1a: Torkoal|Helping Hand|[of] p1b: Indeedee\n|move|p2b: Kingambit|Protect|p2b: Kingambit\n|-singleturn|p2b: Kingambit|Protect\n|move|p2a: Roaring Moon|Protect|p2a: Roaring Moon\n|-singleturn|p2a: Roaring Moon|Protect\n|move|p1a: Torkoal|Eruption|p2b: Kingambit|[spread] \n|-activate|p2a: Roaring Moon|move: Protect\n|-activate|p2b: Kingambit|move: Protect\n|\n|-weather|SunnyDay|[upkeep]\n|-fieldend|move: Trick Room\n|-fieldend|move: Psychic Terrain\n|upkeep\n|turn|6\n|\n|t:|1683880198\n|move|p1a: Torkoal|Protect|p1a: Torkoal\n|-singleturn|p1a: Torkoal|Protect\n|move|p2b: Kingambit|Sucker Punch||[still]\n|-fail|p2b: Kingambit\n|move|p2a: Roaring Moon|Snarl|p1a: Torkoal|[spread] p1b\n|-activate|p1a: Torkoal|move: Protect\n|-damage|p1b: Indeedee|76\/100\n|-unboost|p1b: Indeedee|spa|1\n|move|p1b: Indeedee|Trick Room|p1b: Indeedee\n|-fieldstart|move: Trick Room|[of] p1b: Indeedee\n|\n|-weather|SunnyDay|[upkeep]\n|upkeep\n|turn|7\n|\n|t:|1683880225\n|move|p1b: Indeedee|Helping Hand|p1a: Torkoal\n|-singleturn|p1a: Torkoal|Helping Hand|[of] p1b: Indeedee\n|move|p2b: Kingambit|Sucker Punch|p1a: Torkoal\n|-damage|p1a: Torkoal|59\/100\n|move|p1a: Torkoal|Eruption|p2b: Kingambit|[spread] p2a,p2b\n|-resisted|p2a: Roaring Moon\n|-damage|p2a: Roaring Moon|29\/100\n|-damage|p2b: Kingambit|0 fnt\n|faint|p2b: Kingambit\n|move|p2a: Roaring Moon|Snarl|p1a: Torkoal|[spread] p1a,p1b\n|-damage|p1a: Torkoal|49\/100\n|-damage|p1b: Indeedee|71\/100\n|-unboost|p1a: Torkoal|spa|1\n|-unboost|p1b: Indeedee|spa|1\n|\n|-weather|none\n|upkeep\n|\n|t:|1683880234\n|switch|p2b: Flutter Mane|Flutter Mane, L50|100\/100\n|turn|8\n|\n|t:|1683880265\n|switch|p1a: Kingambit|Kingambit, L50, M, shiny|100\/100\n|move|p1b: Indeedee|Protect|p1b: Indeedee\n|-singleturn|p1b: Indeedee|Protect\n|move|p2a: Roaring Moon|Acrobatics|p1b: Indeedee\n|-activate|p1b: Indeedee|move: Protect\n|move|p2b: Flutter Mane|Shadow Ball|p1b: Indeedee\n|-activate|p1b: Indeedee|move: Protect\n|\n|upkeep\n|turn|9\n|l|\u2606fabiobl7\n|player|p2|\n|\n|t:|1683880297\n|move|p1a: Kingambit|Swords Dance|p1a: Kingambit\n|-boost|p1a: Kingambit|atk|2\n|move|p1b: Indeedee|Dazzling Gleam|p2a: Roaring Moon|[spread] p2a,p2b\n|-supereffective|p2a: Roaring Moon\n|-damage|p2a: Roaring Moon|16\/100\n|-damage|p2b: Flutter Mane|96\/100\n|move|p2a: Roaring Moon|Acrobatics|p1b: Indeedee\n|-damage|p1b: Indeedee|24\/100\n|move|p2b: Flutter Mane|Shadow Ball|p1b: Indeedee\n|-crit|p1b: Indeedee\n|-damage|p1b: Indeedee|0 fnt\n|faint|p1b: Indeedee\n|\n|upkeep\n|\n|t:|1683880309\n|switch|p1b: Torkoal|Torkoal, L50, M|49\/100\n|-weather|SunnyDay|[from] ability: Drought|[of] p1b: Torkoal\n|-activate|p2b: Flutter Mane|ability: Protosynthesis\n|-start|p2b: Flutter Mane|protosynthesisspa\n|turn|10\n|inactive|Battle timer is ON: inactive players will automatically lose when time's up. (requested by haha you rage quit)\n|inactive|fabiobl7 has 30 seconds to reconnect!\n|inactive|fabiobl7 has 20 seconds to reconnect!\n|inactive|fabiobl7 has 15 seconds to reconnect!\n|inactive|fabiobl7 has 10 seconds to reconnect!\n|inactive|fabiobl7 has 5 seconds to reconnect!\n|-message|fabiobl7 lost due to inactivity.\n|\n|win|haha you rage quit\n|raw|haha you rage quit's rating: 1251 → 1279<\/strong> (+28 for winning)\n|raw|fabiobl7's rating: 1298 → 1270<\/strong> (-28 for losing)\n","uploadtime":1683880406,"views":9,"p1id":"hahayouragequit","p2id":"fabiobl7","formatid":"gen9vgc2023regulationc","rating":1270,"private":0,"password":""}