{"id":"gen9vgc2023regulationc-1856949260","p1":"LeadTheRise","p2":"LBlues","format":"[Gen 9] VGC 2023 Regulation C","log":"|j|\u2606LeadTheRise\n|j|\u2606LBlues\n|t:|1683129387\n|gametype|doubles\n|player|p1|LeadTheRise|169|1015\n|player|p2|LBlues|pokemonranger-gen4|1077\n|teamsize|p1|6\n|teamsize|p2|6\n|gen|9\n|tier|[Gen 9] VGC 2023 Regulation C\n|rated|\n|rule|Species Clause: Limit one of each Pok\u00e9mon\n|rule|Item Clause: Limit one of each item\n|clearpoke\n|poke|p1|Armarouge, L50, F|\n|poke|p1|Iron Hands, L50|\n|poke|p1|Chien-Pao, L50|\n|poke|p1|Ting-Lu, L50|\n|poke|p1|Indeedee-F, L50, F|\n|poke|p1|Amoonguss, L50, M|\n|poke|p2|Pelipper, L50, M|\n|poke|p2|Amoonguss, L50, F|\n|poke|p2|Corviknight, L50, M|\n|poke|p2|Chien-Pao, L50|\n|poke|p2|Raichu, L50, F|\n|poke|p2|Azumarill, L50, F|\n|teampreview|4\n|inactive|Battle timer is ON: inactive players will automatically lose when time's up. (requested by LBlues)\nLeadTheRise has agreed to open team sheets.\n|inactive|LeadTheRise has 60 seconds left.\n|inactive|LBlues has 60 seconds left.\n|inactive|LeadTheRise also wants the timer to be on.\n|\n|t:|1683129432\n|start\n|switch|p1a: Armarouge|Armarouge, L50, F|100\/100\n|switch|p1b: Indeedee|Indeedee-F, L50, F|100\/100\n|switch|p2a: Chien-Pao|Chien-Pao, L50|100\/100\n|switch|p2b: Azumarill|Azumarill, L50, F|100\/100\n|-ability|p2a: Chien-Pao|Sword of Ruin\n|-fieldstart|move: Psychic Terrain|[from] ability: Psychic Surge|[of] p1b: Indeedee\n|turn|1\n|inactive|LeadTheRise has 30 seconds left.\n|inactive|LeadTheRise has 20 seconds left.\n|inactive|LeadTheRise has 15 seconds left.\n|inactive|LeadTheRise has 10 seconds left.\n|\n|t:|1683129480\n|switch|p2b: Pelipper|Pelipper, L50, M|100\/100\n|-weather|RainDance|[from] ability: Drizzle|[of] p2b: Pelipper\n|move|p1b: Indeedee|Follow Me|p1b: Indeedee\n|-singleturn|p1b: Indeedee|move: Follow Me\n|move|p2a: Chien-Pao|Ice Spinner|p1b: Indeedee\n|-damage|p1b: Indeedee|38\/100\n|-fieldend|move: Psychic Terrain\n|-damage|p2a: Chien-Pao|91\/100|[from] item: Life Orb\n|move|p1a: Armarouge|Expanding Force|p2b: Pelipper\n|-damage|p2b: Pelipper|42\/100\n|\n|-weather|RainDance|[upkeep]\n|upkeep\n|turn|2\n|inactive|LeadTheRise has 30 seconds left.\n|inactive|LBlues has 30 seconds left.\n|inactive|LeadTheRise has 20 seconds left.\n|inactive|LeadTheRise has 15 seconds left.\n|inactive|LeadTheRise has 10 seconds left.\n|inactive|LeadTheRise has 5 seconds left.\n|\n|t:|1683129532\n|switch|p1a: Iron Hands|Iron Hands, L50|100\/100\n|-terastallize|p1b: Indeedee|Fairy\n|move|p2b: Pelipper|Protect|p2b: Pelipper\n|-singleturn|p2b: Pelipper|Protect\n|move|p2a: Chien-Pao|Ice Spinner|p1b: Indeedee\n|-damage|p1b: Indeedee|0 fnt\n|faint|p1b: Indeedee\n|-damage|p2a: Chien-Pao|81\/100|[from] item: Life Orb\n|\n|-weather|RainDance|[upkeep]\n|upkeep\n|\n|t:|1683129545\n|switch|p1b: Armarouge|Armarouge, L50, F|100\/100\n|turn|3\n|inactive|LeadTheRise has 30 seconds left.\n|inactive|LeadTheRise has 20 seconds left.\n|inactive|LBlues has 30 seconds left.\n|\n|t:|1683129584\n|move|p2a: Chien-Pao|Sucker Punch|p1b: Armarouge\n|-supereffective|p1b: Armarouge\n|-damage|p1b: Armarouge|0 fnt\n|faint|p1b: Armarouge\n|-damage|p2a: Chien-Pao|71\/100|[from] item: Life Orb\n|move|p2b: Pelipper|Hurricane|p1a: Iron Hands\n|-damage|p1a: Iron Hands|63\/100\n|move|p1a: Iron Hands|Thunder Punch|p2b: Pelipper\n|-supereffective|p2b: Pelipper\n|-damage|p2b: Pelipper|0 fnt\n|faint|p2b: Pelipper\n|\n|-weather|RainDance|[upkeep]\n|upkeep\n|\n|t:|1683129598\n|switch|p1b: Amoonguss|Amoonguss, L50, M|100\/100\n|switch|p2b: Azumarill|Azumarill, L50, F|100\/100\n|turn|4\n|inactive|LeadTheRise has 30 seconds left.\n|\n|t:|1683129635\n|switch|p2b: Raichu|Raichu, L50, F|100\/100\n|-terastallize|p2a: Chien-Pao|Ghost\n|move|p1b: Amoonguss|Rage Powder|p1b: Amoonguss\n|-singleturn|p1b: Amoonguss|move: Rage Powder\n|move|p2a: Chien-Pao|Ice Spinner|p1b: Amoonguss\n|-supereffective|p1b: Amoonguss\n|-damage|p1b: Amoonguss|0 fnt\n|faint|p1b: Amoonguss\n|-damage|p2a: Chien-Pao|62\/100|[from] item: Life Orb\n|move|p1a: Iron Hands|Swords Dance|p1a: Iron Hands\n|-boost|p1a: Iron Hands|atk|2\n|\n|-weather|RainDance|[upkeep]\n|upkeep\n|turn|5\n|inactive|LeadTheRise has 30 seconds left.\n|\n|t:|1683129662\n|move|p2b: Raichu|Fake Out|p1a: Iron Hands\n|-damage|p1a: Iron Hands|56\/100\n|move|p2a: Chien-Pao|Ice Spinner|p1a: Iron Hands\n|-damage|p1a: Iron Hands|11\/100\n|-damage|p2a: Chien-Pao|52\/100|[from] item: Life Orb\n|cant|p1a: Iron Hands|flinch\n|\n|-weather|RainDance|[upkeep]\n|upkeep\n|turn|6\n|\n|t:|1683129676\n|move|p2a: Chien-Pao|Ice Spinner|p1a: Iron Hands\n|-damage|p1a: Iron Hands|0 fnt\n|faint|p1a: Iron Hands\n|-end|p1a: Iron Hands|Quark Drive|[silent]\n|-damage|p2a: Chien-Pao|42\/100|[from] item: Life Orb\n|\n|win|LBlues\n|raw|LeadTheRise's rating: 1015 → 1005<\/strong> (-10 for losing)\n|raw|LBlues's rating: 1077 → 1100<\/strong> (+23 for winning)\n|l|\u2606LeadTheRise\n","uploadtime":1683129728,"views":0,"p1id":"leadtherise","p2id":"lblues","formatid":"gen9vgc2023regulationc","rating":1005,"private":0,"password":""}