{"id":"gen9vgc2023regulationc-1864021700","p1":"Jaxseng","p2":"KhiidBrazil","format":"[Gen 9] VGC 2023 Regulation C","log":"|j|\u2606Jaxseng\n|j|\u2606KhiidBrazil\n|t:|1684106432\n|gametype|doubles\n|player|p1|Jaxseng|pokemaniac|1174\n|player|p2|KhiidBrazil|1|1283\n|teamsize|p1|6\n|teamsize|p2|6\n|gen|9\n|tier|[Gen 9] VGC 2023 Regulation C\n|rated|\n|rule|Species Clause: Limit one of each Pok\u00e9mon\n|rule|Item Clause: Limit one of each item\n|clearpoke\n|poke|p1|Roaring Moon, L50|\n|poke|p1|Glimmora, L50, F|\n|poke|p1|Ting-Lu, L50|\n|poke|p1|Iron Hands, L50|\n|poke|p1|Brute Bonnet, L50|\n|poke|p1|Arcanine, L50, M|\n|poke|p2|Kingambit, L50, F|\n|poke|p2|Dragonite, L50, M|\n|poke|p2|Abomasnow, L50, M|\n|poke|p2|Great Tusk, L50|\n|poke|p2|Iron Bundle, L50|\n|poke|p2|Flutter Mane, L50|\n|teampreview|4\n|inactive|Battle timer is ON: inactive players will automatically lose when time's up. (requested by Jaxseng)\n|inactive|Jaxseng has 60 seconds left.\n|inactive|KhiidBrazil has 60 seconds left.\n|\n|t:|1684106498\n|start\n|switch|p1a: Roaring Moon|Roaring Moon, L50|100\/100\n|switch|p1b: Arcanine|Arcanine, L50, M|100\/100\n|switch|p2a: Abomasnow|Abomasnow, L50, M|100\/100\n|switch|p2b: Kingambit|Kingambit, L50, F|100\/100\n|-ability|p1b: Arcanine|Intimidate|boost\n|-unboost|p2a: Abomasnow|atk|1\n|-unboost|p2b: Kingambit|atk|1\n|-ability|p2b: Kingambit|Defiant|boost\n|-boost|p2b: Kingambit|atk|2\n|-weather|Snow|[from] ability: Snow Warning|[of] p2a: Abomasnow\n|-enditem|p1a: Roaring Moon|Booster Energy\n|-activate|p1a: Roaring Moon|ability: Protosynthesis|[fromitem]\n|-start|p1a: Roaring Moon|protosynthesisspe\n|turn|1\n|inactive|KhiidBrazil has 30 seconds left.\n|inactive|KhiidBrazil has 20 seconds left.\n|inactive|KhiidBrazil has 15 seconds left.\n|inactive|KhiidBrazil has 10 seconds left.\n|inactive|KhiidBrazil has 5 seconds left.\n|\n|t:|1684106553\n|-terastallize|p1b: Arcanine|Fire\n|-terastallize|p2a: Abomasnow|Water\n|move|p1a: Roaring Moon|Tailwind|p1a: Roaring Moon\n|-sidestart|p1: Jaxseng|move: Tailwind\n|move|p1b: Arcanine|Flare Blitz|p2b: Kingambit\n|-supereffective|p2b: Kingambit\n|-damage|p2b: Kingambit|0 fnt\n|faint|p2b: Kingambit\n|-damage|p1b: Arcanine|59\/100|[from] Recoil\n|move|p2a: Abomasnow|Aurora Veil|p2a: Abomasnow\n|-sidestart|p2: KhiidBrazil|move: Aurora Veil\n|\n|-weather|Snow|[upkeep]\n|upkeep\n|\n|t:|1684106564\n|switch|p2b: Iron Bundle|Iron Bundle, L50|100\/100\n|turn|2\n|\n|t:|1684106573\n|move|p1a: Roaring Moon|Acrobatics|p2a: Abomasnow\n|-damage|p2a: Abomasnow|69\/100\n|move|p1b: Arcanine|Snarl|p2a: Abomasnow|[spread] p2a\n|-miss|p1b: Arcanine|p2b: Iron Bundle\n|-damage|p2a: Abomasnow|61\/100\n|-unboost|p2a: Abomasnow|spa|1\n|move|p2b: Iron Bundle|Hydro Pump|p1b: Arcanine\n|-supereffective|p1b: Arcanine\n|-damage|p1b: Arcanine|0 fnt\n|faint|p1b: Arcanine\n|move|p2a: Abomasnow|Blizzard|p1a: Roaring Moon\n|-supereffective|p1a: Roaring Moon\n|-damage|p1a: Roaring Moon|35\/100\n|\n|-weather|Snow|[upkeep]\n|upkeep\n|\n|t:|1684106585\n|switch|p1b: Ting-Lu|Ting-Lu, L50|100\/100\n|-ability|p1b: Ting-Lu|Vessel of Ruin\n|turn|3\n|\n|t:|1684106601\n|-end|p2b: Iron Bundle|Quark Drive|[silent]\n|switch|p2b: Flutter Mane|Flutter Mane, L50|100\/100\n|-enditem|p2b: Flutter Mane|Booster Energy\n|-activate|p2b: Flutter Mane|ability: Protosynthesis|[fromitem]\n|-start|p2b: Flutter Mane|protosynthesisspa\n|move|p1a: Roaring Moon|Acrobatics|p2a: Abomasnow\n|-damage|p2a: Abomasnow|30\/100\n|move|p1b: Ting-Lu|Stomping Tantrum|p2b: Flutter Mane\n|-damage|p2b: Flutter Mane|59\/100\n|move|p2a: Abomasnow|Blizzard|p1b: Ting-Lu|[spread] p1a,p1b\n|-supereffective|p1a: Roaring Moon\n|-supereffective|p1b: Ting-Lu\n|-damage|p1a: Roaring Moon|0 fnt\n|-damage|p1b: Ting-Lu|84\/100\n|faint|p1a: Roaring Moon\n|-end|p1a: Roaring Moon|Protosynthesis|[silent]\n|\n|-weather|Snow|[upkeep]\n|upkeep\n|\n|t:|1684106612\n|switch|p1a: Glimmora|Glimmora, L50, F|100\/100\n|turn|4\n|inactive|KhiidBrazil has 30 seconds left.\n|\n|t:|1684106638\n|move|p2a: Abomasnow|Helping Hand|p2b: Flutter Mane\n|-singleturn|p2b: Flutter Mane|Helping Hand|[of] p2a: Abomasnow\n|move|p1a: Glimmora|Sludge Bomb|p2b: Flutter Mane\n|-damage|p2b: Flutter Mane|30\/100\n|-damage|p1a: Glimmora|91\/100|[from] item: Life Orb\n|move|p2b: Flutter Mane|Shadow Ball|p1a: Glimmora\n|-damage|p1a: Glimmora|26\/100\n|move|p1b: Ting-Lu|Throat Chop|p2a: Abomasnow\n|-damage|p2a: Abomasnow|3\/100\n|-start|p2a: Abomasnow|Throat Chop|[silent]\n|\n|-weather|Snow|[upkeep]\n|-sideend|p1: Jaxseng|move: Tailwind\n|upkeep\n|turn|5\n|\n|t:|1684106659\n|move|p2a: Abomasnow|Helping Hand|p2b: Flutter Mane\n|-singleturn|p2b: Flutter Mane|Helping Hand|[of] p2a: Abomasnow\n|move|p2b: Flutter Mane|Dazzling Gleam|p1b: Ting-Lu|[spread] p1a,p1b\n|-resisted|p1a: Glimmora\n|-supereffective|p1b: Ting-Lu\n|-damage|p1a: Glimmora|5\/100\n|-damage|p1b: Ting-Lu|45\/100\n|move|p1a: Glimmora|Sludge Bomb|p2b: Flutter Mane\n|-damage|p2b: Flutter Mane|0 fnt\n|faint|p2b: Flutter Mane\n|-end|p2b: Flutter Mane|Protosynthesis|[silent]\n|-damage|p1a: Glimmora|0 fnt|[from] item: Life Orb\n|faint|p1a: Glimmora\n|move|p1b: Ting-Lu|Rock Slide|p2a: Abomasnow\n|-damage|p2a: Abomasnow|0 fnt\n|faint|p2a: Abomasnow\n|\n|-weather|none\n|-sideend|p2: KhiidBrazil|move: Aurora Veil\n|upkeep\n|\n|t:|1684106674\n|switch|p2b: Iron Bundle|Iron Bundle, L50|100\/100\n|turn|6\n|\n|t:|1684106687\n|move|p2b: Iron Bundle|Freeze-Dry|p1b: Ting-Lu\n|-supereffective|p1b: Ting-Lu\n|-damage|p1b: Ting-Lu|3\/100\n|move|p1b: Ting-Lu|Heavy Slam|p2b: Iron Bundle\n|-damage|p2b: Iron Bundle|60\/100\n|\n|upkeep\n|turn|7\n|\n|t:|1684106693\n|move|p2b: Iron Bundle|Freeze-Dry|p1b: Ting-Lu\n|-supereffective|p1b: Ting-Lu\n|-damage|p1b: Ting-Lu|0 fnt\n|faint|p1b: Ting-Lu\n|\n|win|KhiidBrazil\n|raw|Jaxseng's rating: 1174 → 1157<\/strong> (-17 for losing)\n|raw|KhiidBrazil's rating: 1283 → 1300<\/strong> (+17 for winning)\n|l|\u2606Jaxseng\n","uploadtime":1684106699,"views":5,"p1id":"jaxseng","p2id":"khiidbrazil","formatid":"gen9vgc2023regulationc","rating":1157,"private":0,"password":""}