{"id":"gen9vgc2023regulationc-1858719071","p1":"SnackIsle","p2":"manolynx","format":"[Gen 9] VGC 2023 Regulation C","log":"|j|\u2606SnackIsle\n|j|\u2606manolynx\n|t:|1683347698\n|gametype|doubles\n|player|p1|SnackIsle|169|1050\n|player|p2|manolynx|2|1075\n|teamsize|p1|6\n|teamsize|p2|6\n|gen|9\n|tier|[Gen 9] VGC 2023 Regulation C\n|rated|\n|rule|Species Clause: Limit one of each Pok\u00e9mon\n|rule|Item Clause: Limit one of each item\n|clearpoke\n|poke|p1|Torkoal, L50, F|\n|poke|p1|Armarouge, L50, F|\n|poke|p1|Amoonguss, L50, M|\n|poke|p1|Arcanine, L50, M|\n|poke|p1|Chien-Pao, L50|\n|poke|p1|Roaring Moon, L50|\n|poke|p2|Arcanine, L50, F|\n|poke|p2|Rotom-Wash, L50|\n|poke|p2|Slither Wing, L50|\n|poke|p2|Klefki, L50, M|\n|poke|p2|Misdreavus, L50, M|\n|poke|p2|Glimmora, L50, F|\n|teampreview|4\n|inactive|Battle timer is ON: inactive players will automatically lose when time's up. (requested by SnackIsle)\n|inactive|manolynx has 60 seconds left.\n|\n|t:|1683347751\n|start\n|switch|p1a: Roaring Moon|Roaring Moon, L50|100\/100\n|switch|p1b: Amoonguss|Amoonguss, L50, M|100\/100\n|switch|p2a: Rotom|Rotom-Wash, L50|100\/100\n|switch|p2b: Klefki|Klefki, L50, M|100\/100\n|turn|1\n|inactive|manolynx has 30 seconds left.\n|inactive|manolynx has 20 seconds left.\n|inactive|manolynx has 15 seconds left.\n|\n|t:|1683347792\n|-end|p1a: Roaring Moon|Protosynthesis|[silent]\n|switch|p1a: Torkoal|Torkoal, L50, F, shiny|100\/100\n|-weather|SunnyDay|[from] ability: Drought|[of] p1a: Torkoal\n|move|p1b: Amoonguss|Rage Powder|p1b: Amoonguss\n|-singleturn|p1b: Amoonguss|move: Rage Powder\n|move|p2b: Klefki|Reflect|p2b: Klefki\n|-sidestart|p2: manolynx|Reflect\n|move|p2a: Rotom|Thunder Wave|p1b: Amoonguss\n|-status|p1b: Amoonguss|par\n|\n|-weather|SunnyDay|[upkeep]\n|upkeep\n|turn|2\n|inactive|manolynx has 30 seconds left.\n|inactive|manolynx has 20 seconds left.\n|\n|t:|1683347831\n|-terastallize|p2b: Klefki|Flying\n|move|p1b: Amoonguss|Rage Powder|p1b: Amoonguss\n|-singleturn|p1b: Amoonguss|move: Rage Powder\n|move|p2b: Klefki|Light Screen|p2b: Klefki\n|-sidestart|p2: manolynx|move: Light Screen\n|move|p2a: Rotom|Hydro Pump|p1b: Amoonguss\n|-resisted|p1b: Amoonguss\n|-damage|p1b: Amoonguss|92\/100 par\n|move|p1a: Torkoal|Heat Wave|p2b: Klefki|[spread] p2a,p2b\n|-resisted|p2a: Rotom\n|-damage|p2a: Rotom|82\/100\n|-damage|p2b: Klefki|71\/100\n|-status|p2a: Rotom|brn\n|-status|p2b: Klefki|brn\n|\n|-weather|SunnyDay|[upkeep]\n|-heal|p1b: Amoonguss|98\/100 par|[from] item: Black Sludge\n|-damage|p2a: Rotom|77\/100 brn|[from] brn\n|-damage|p2b: Klefki|65\/100 brn|[from] brn\n|upkeep\n|turn|3\n|inactive|manolynx has 30 seconds left.\n|inactive|SnackIsle has 30 seconds left.\n|inactive|manolynx has 20 seconds left.\n|inactive|manolynx has 15 seconds left.\n|inactive|manolynx has 10 seconds left.\n|inactive|manolynx has 5 seconds left.\n|\n|t:|1683347886\n|switch|p1b: Roaring Moon|Roaring Moon, L50|100\/100\n|-activate|p1b: Roaring Moon|ability: Protosynthesis\n|-start|p1b: Roaring Moon|protosynthesisatk\n|move|p2a: Rotom|Protect|p2a: Rotom\n|-singleturn|p2a: Rotom|Protect\n|move|p2b: Klefki|Light Screen||[still]\n|-fail|p2b: Klefki\n|move|p1a: Torkoal|Solar Beam||[still]\n|-prepare|p1a: Torkoal|Solar Beam\n|-anim|p1a: Torkoal|Solar Beam|p2a: Rotom\n|-activate|p2a: Rotom|move: Protect\n|\n|-weather|SunnyDay|[upkeep]\n|-damage|p2a: Rotom|71\/100 brn|[from] brn\n|-damage|p2b: Klefki|58\/100 brn|[from] brn\n|upkeep\n|turn|4\n|inactive|manolynx has 30 seconds left.\n|inactive|manolynx has 20 seconds left.\n|inactive|manolynx has 15 seconds left.\n|inactive|manolynx has 10 seconds left.\n|inactive|manolynx has 5 seconds left.\n|\n|t:|1683347938\n|switch|p2a: Arcanine|Arcanine, L50, F|100\/100\n|-ability|p2a: Arcanine|Intimidate|boost\n|-unboost|p1a: Torkoal|atk|1\n|-unboost|p1b: Roaring Moon|atk|1\n|move|p1b: Roaring Moon|Dragon Dance|p1b: Roaring Moon\n|-boost|p1b: Roaring Moon|atk|1\n|-boost|p1b: Roaring Moon|spe|1\n|move|p1a: Torkoal|Solar Beam||[still]\n|-prepare|p1a: Torkoal|Solar Beam\n|-anim|p1a: Torkoal|Solar Beam|p2a: Arcanine\n|-resisted|p2a: Arcanine\n|-damage|p2a: Arcanine|90\/100\n|move|p2b: Klefki|Trick Room|p2b: Klefki\n|-fieldstart|move: Trick Room|[of] p2b: Klefki\n|\n|-weather|SunnyDay|[upkeep]\n|-damage|p2b: Klefki|52\/100 brn|[from] brn\n|upkeep\n|turn|5\n|\n|t:|1683347961\n|move|p1a: Torkoal|Earth Power|p2a: Arcanine\n|-supereffective|p2a: Arcanine\n|-crit|p2a: Arcanine\n|-damage|p2a: Arcanine|7\/100\n|move|p2b: Klefki|Dazzling Gleam|p1a: Torkoal|[spread] p1a,p1b\n|-resisted|p1a: Torkoal\n|-supereffective|p1b: Roaring Moon\n|-damage|p1a: Torkoal|89\/100\n|-damage|p1b: Roaring Moon|34\/100\n|move|p2a: Arcanine|Snarl|p1b: Roaring Moon|[spread] p1b\n|-miss|p2a: Arcanine|p1a: Torkoal\n|-resisted|p1b: Roaring Moon\n|-damage|p1b: Roaring Moon|29\/100\n|-unboost|p1b: Roaring Moon|spa|1\n|move|p1b: Roaring Moon|Dragon Claw|p2b: Klefki\n|-damage|p2b: Klefki|5\/100 brn\n|\n|-weather|none\n|-end|p1b: Roaring Moon|Protosynthesis\n|-damage|p2b: Klefki|0 fnt|[from] brn\n|faint|p2b: Klefki\n|upkeep\n|inactive|manolynx has 30 seconds left.\n|\n|t:|1683347995\n|switch|p2b: Rotom|Rotom-Wash, L50|71\/100 brn\n|turn|6\n|\n|t:|1683348018\n|switch|p1a: Amoonguss|Amoonguss, L50, M|100\/100 par\n|move|p2a: Arcanine|Extreme Speed|p1b: Roaring Moon\n|-damage|p1b: Roaring Moon|2\/100\n|-enditem|p1b: Roaring Moon|Iapapa Berry|[eat]\n|-heal|p1b: Roaring Moon|35\/100|[from] item: Iapapa Berry\n|move|p2b: Rotom|Thunderbolt|p1a: Amoonguss\n|-resisted|p1a: Amoonguss\n|-damage|p1a: Amoonguss|85\/100 par\n|move|p1b: Roaring Moon|Dragon Claw|p2a: Arcanine\n|-damage|p2a: Arcanine|0 fnt\n|faint|p2a: Arcanine\n|\n|-heal|p1a: Amoonguss|91\/100 par|[from] item: Black Sludge\n|-damage|p2b: Rotom|65\/100 brn|[from] brn\n|upkeep\n|\n|t:|1683348037\n|switch|p2a: Slither Wing|Slither Wing, L50|100\/100\n|-enditem|p2a: Slither Wing|Booster Energy\n|-activate|p2a: Slither Wing|ability: Protosynthesis|[fromitem]\n|-start|p2a: Slither Wing|protosynthesisatk\n|turn|7\n|\n|t:|1683348056\n|move|p1a: Amoonguss|Clear Smog|p2a: Slither Wing\n|-damage|p2a: Slither Wing|91\/100\n|-clearboost|p2a: Slither Wing\n|move|p2b: Rotom|Hydro Pump|p1b: Roaring Moon\n|-resisted|p1b: Roaring Moon\n|-damage|p1b: Roaring Moon|9\/100\n|move|p2a: Slither Wing|Acrobatics|p1a: Amoonguss\n|-supereffective|p1a: Amoonguss\n|-damage|p1a: Amoonguss|0 fnt\n|faint|p1a: Amoonguss\n|move|p1b: Roaring Moon|Zen Headbutt|p2a: Slither Wing|[miss]\n|-miss|p1b: Roaring Moon|p2a: Slither Wing\n|\n|-damage|p2b: Rotom|59\/100 brn|[from] brn\n|upkeep\n|\n|t:|1683348072\n|switch|p1a: Armarouge|Armarouge, L50, F|100\/100\n|turn|8\n|inactive|manolynx has 30 seconds left.\n|inactive|manolynx has 20 seconds left.\n|\n|t:|1683348108\n|move|p1a: Armarouge|Ally Switch|p1a: Armarouge\n|swap|p1a: Armarouge|1|[from] move: Ally Switch\n|move|p2b: Rotom|Hydro Pump|p1a: Roaring Moon|[miss]\n|-miss|p2b: Rotom|p1a: Roaring Moon\n|move|p2a: Slither Wing|Acrobatics|p1a: Roaring Moon\n|-damage|p1a: Roaring Moon|0 fnt\n|faint|p1a: Roaring Moon\n|-end|p1a: Roaring Moon|Protosynthesis|[silent]\n|\n|-damage|p2b: Rotom|53\/100 brn|[from] brn\n|-sideend|p2: manolynx|Reflect\n|-fieldend|move: Trick Room\n|upkeep\n|\n|t:|1683348118\n|switch|p1a: Torkoal|Torkoal, L50, F, shiny|89\/100\n|-weather|SunnyDay|[from] ability: Drought|[of] p1a: Torkoal\n|turn|9\n|inactive|manolynx has 30 seconds left.\n|inactive|manolynx has 20 seconds left.\n|\n|t:|1683348153\n|-terastallize|p1a: Torkoal|Fire\n|move|p2a: Slither Wing|Acrobatics|p1b: Armarouge\n|-damage|p1b: Armarouge|51\/100\n|move|p2b: Rotom|Hydro Pump|p1a: Torkoal\n|-supereffective|p1a: Torkoal\n|-damage|p1a: Torkoal|16\/100\n|-enditem|p1a: Torkoal|Weakness Policy\n|-boost|p1a: Torkoal|atk|2|[from] item: Weakness Policy\n|-boost|p1a: Torkoal|spa|2|[from] item: Weakness Policy\n|move|p1a: Torkoal|Heat Wave|p2a: Slither Wing|[spread] p2b\n|-miss|p1a: Torkoal|p2a: Slither Wing\n|-resisted|p2b: Rotom\n|-damage|p2b: Rotom|10\/100 brn\n|-enditem|p2b: Rotom|Iapapa Berry|[eat]\n|-heal|p2b: Rotom|43\/100 brn|[from] item: Iapapa Berry\n|move|p1b: Armarouge|Trick Room|p1b: Armarouge\n|-fieldstart|move: Trick Room|[of] p1b: Armarouge\n|\n|-weather|SunnyDay|[upkeep]\n|-heal|p1b: Armarouge|57\/100|[from] item: Leftovers\n|-damage|p2b: Rotom|37\/100 brn|[from] brn\n|-sideend|p2: manolynx|move: Light Screen\n|upkeep\n|turn|10\n|inactive|SnackIsle has 30 seconds left.\n|inactive|manolynx has 30 seconds left.\n|inactive|manolynx has 20 seconds left.\n|\n|t:|1683348192\n|move|p2b: Rotom|Protect|p2b: Rotom\n|-singleturn|p2b: Rotom|Protect\n|move|p1a: Torkoal|Heat Wave|p2a: Slither Wing|[spread] p2a\n|-activate|p2b: Rotom|move: Protect\n|-supereffective|p2a: Slither Wing\n|-damage|p2a: Slither Wing|0 fnt\n|faint|p2a: Slither Wing\n|-end|p2a: Slither Wing|Protosynthesis|[silent]\n|move|p1b: Armarouge|Armor Cannon|p2b: Rotom\n|-activate|p2b: Rotom|move: Protect\n|\n|-weather|SunnyDay|[upkeep]\n|-heal|p1b: Armarouge|64\/100|[from] item: Leftovers\n|-damage|p2b: Rotom|31\/100 brn|[from] brn\n|upkeep\n|turn|11\n|inactive|manolynx has 30 seconds left.\n|inactive|manolynx has 20 seconds left.\n|\n|t:|1683348210\n|move|p1a: Torkoal|Solar Beam||[still]\n|-prepare|p1a: Torkoal|Solar Beam\n|-anim|p1a: Torkoal|Solar Beam|p2b: Rotom\n|-supereffective|p2b: Rotom\n|-damage|p2b: Rotom|0 fnt\n|faint|p2b: Rotom\n|\n|win|SnackIsle\n|inactive|manolynx has 20 seconds left this turn.\n|raw|SnackIsle's rating: 1050 → 1085<\/strong> (+35 for winning)\n|raw|manolynx's rating: 1075 → 1052<\/strong> (-23 for losing)\n|c|\u2606SnackIsle|Gg\n","uploadtime":1683348228,"views":9,"p1id":"snackisle","p2id":"manolynx","formatid":"gen9vgc2023regulationc","rating":1052,"private":0,"password":""}