{"id":"gen9vgc2023regulationc-1846391774","p1":"Gkun1999","p2":"ikuyogotou","format":"[Gen 9] VGC 2023 Regulation C","log":"|j|\u2606Gkun1999\n|j|\u2606ikuyogotou\n|t:|1681837162\n|gametype|doubles\n|player|p1|Gkun1999|170|1205\n|player|p2|ikuyogotou|lillie|1271\n|teamsize|p1|6\n|teamsize|p2|6\n|gen|9\n|tier|[Gen 9] VGC 2023 Regulation C\n|rated|\n|rule|Species Clause: Limit one of each Pok\u00e9mon\n|rule|Item Clause: Limit one of each item\n|clearpoke\n|poke|p1|Torkoal, L50, F|\n|poke|p1|Baxcalibur, L50, M|\n|poke|p1|Great Tusk, L50|\n|poke|p1|Chi-Yu, L50|\n|poke|p1|Talonflame, L50, F|\n|poke|p1|Gastrodon, L50, F|\n|poke|p2|Palafin, L50, M|\n|poke|p2|Chien-Pao, L50|\n|poke|p2|Dragapult, L50, F|\n|poke|p2|Amoonguss, L50, M|\n|poke|p2|Arcanine, L50, M|\n|poke|p2|Flutter Mane, L50|\n|teampreview|4\n|inactive|Battle timer is ON: inactive players will automatically lose when time's up. (requested by Gkun1999)\nGkun1999 has agreed to open team sheets.\nikuyogotou has agreed to open team sheets.\n|\n|t:|1681837194\n|start\n|switch|p1a: Talonflame|Talonflame, L50, F|100\/100\n|switch|p1b: Chi-Yu|Chi-Yu, L50|100\/100\n|switch|p2a: Dozo|Palafin, L50, M|100\/100\n|switch|p2b: Dnite|Dragapult, L50, F, shiny|100\/100\n|-ability|p1b: Chi-Yu|Beads of Ruin\n|turn|1\n|inactive|Gkun1999 has 30 seconds left.\n|inactive|ikuyogotou has 30 seconds left.\n|inactive|Gkun1999 has 20 seconds left.\n|inactive|Gkun1999 has 15 seconds left.\n|inactive|ikuyogotou has 20 seconds left.\n|inactive|Gkun1999 has 10 seconds left.\n|inactive|Gkun1999 has 5 seconds left.\n|\n|t:|1681837246\n|-terastallize|p2b: Dnite|Steel\n|move|p1a: Talonflame|Tailwind|p1a: Talonflame\n|-sidestart|p1: Gkun1999|move: Tailwind\n|move|p2a: Dozo|Jet Punch|p1a: Talonflame\n|-supereffective|p1a: Talonflame\n|-damage|p1a: Talonflame|25\/100\n|move|p1b: Chi-Yu|Dark Pulse|p2b: Dnite\n|-damage|p2b: Dnite|32\/100\n|cant|p2b: Dnite|flinch\n|\n|upkeep\n|turn|2\n|\n|t:|1681837269\n|switch|p1a: Gastrodon|Gastrodon, L50, F|100\/100\n|switch|p2b: WoChien|Amoonguss, L50, M|100\/100\n|move|p2a: Dozo|Jet Punch|p1a: Gastrodon\n|-activate|p1a: Gastrodon|ability: Storm Drain\n|-ability|p1a: Gastrodon|Storm Drain|boost\n|-boost|p1a: Gastrodon|spa|1\n|move|p1b: Chi-Yu|Dark Pulse|p2b: WoChien\n|-damage|p2b: WoChien|62\/100\n|\n|upkeep\n|turn|3\n|inactive|Gkun1999 has 30 seconds left.\n|\n|t:|1681837295\n|switch|p1b: Talonflame|Talonflame, L50, F|25\/100\n|detailschange|p2a: Dozo|Palafin-Hero, L50, M\n|switch|p2a: Mimi|Flutter Mane, L50|100\/100\n|-enditem|p2a: Mimi|Booster Energy\n|-activate|p2a: Mimi|ability: Protosynthesis|[fromitem]\n|-start|p2a: Mimi|protosynthesisspa\n|move|p1a: Gastrodon|Earth Power|p2b: WoChien\n|-damage|p2b: WoChien|28\/100\n|-unboost|p2b: WoChien|spd|1\n|-enditem|p2b: WoChien|Sitrus Berry|[eat]\n|-heal|p2b: WoChien|53\/100|[from] item: Sitrus Berry\n|move|p2b: WoChien|Spore|p1a: Gastrodon\n|-status|p1a: Gastrodon|slp|[from] move: Spore\n|\n|upkeep\n|turn|4\n|inactive|Gkun1999 has 30 seconds left.\n|\n|t:|1681837329\n|move|p2b: WoChien|Protect|p2b: WoChien\n|-singleturn|p2b: WoChien|Protect\n|move|p1b: Talonflame|Sunny Day|p1b: Talonflame\n|-weather|SunnyDay\n|move|p2a: Mimi|Moonblast|p1a: Gastrodon\n|-damage|p1a: Gastrodon|43\/100 slp\n|cant|p1a: Gastrodon|slp\n|\n|-weather|SunnyDay|[upkeep]\n|-sideend|p1: Gkun1999|move: Tailwind\n|upkeep\n|turn|5\n|\n|t:|1681837350\n|switch|p2b: Dozo|Palafin-Hero, L50, M|100\/100\n|-activate|p2b: Dozo|ability: Zero to Hero\n|-curestatus|p1a: Gastrodon|slp|[msg]\n|move|p1a: Gastrodon|Protect|p1a: Gastrodon\n|-singleturn|p1a: Gastrodon|Protect\n|move|p1b: Talonflame|Flare Blitz|p2b: Dozo\n|-resisted|p2b: Dozo\n|-damage|p2b: Dozo|71\/100\n|-damage|p1b: Talonflame|13\/100|[from] Recoil\n|move|p2a: Mimi|Moonblast|p1a: Gastrodon\n|-activate|p1a: Gastrodon|move: Protect\n|\n|-weather|SunnyDay|[upkeep]\n|upkeep\n|turn|6\n|inactive|Gkun1999 has 30 seconds left.\n|\n|t:|1681837377\n|switch|p1a: Chi-Yu|Chi-Yu, L50|100\/100\n|-ability|p1a: Chi-Yu|Beads of Ruin\n|move|p2b: Dozo|Protect|p2b: Dozo\n|-singleturn|p2b: Dozo|Protect\n|move|p1b: Talonflame|Tailwind|p1b: Talonflame\n|-sidestart|p1: Gkun1999|move: Tailwind\n|move|p2a: Mimi|Moonblast|p1a: Chi-Yu\n|-crit|p1a: Chi-Yu\n|-damage|p1a: Chi-Yu|0 fnt\n|faint|p1a: Chi-Yu\n|\n|-weather|SunnyDay|[upkeep]\n|upkeep\n|\n|t:|1681837394\n|switch|p1a: Great Tusk|Great Tusk, L50|100\/100\n|-activate|p1a: Great Tusk|ability: Protosynthesis\n|-start|p1a: Great Tusk|protosynthesisatk\n|turn|7\n|\n|t:|1681837412\n|switch|p1b: Gastrodon|Gastrodon, L50, F|43\/100\n|move|p2a: Mimi|Protect|p2a: Mimi\n|-singleturn|p2a: Mimi|Protect\n|move|p1a: Great Tusk|Headlong Rush|p2a: Mimi\n|-activate|p2a: Mimi|move: Protect\n|move|p2b: Dozo|Wave Crash|p1b: Gastrodon\n|-activate|p1b: Gastrodon|ability: Storm Drain\n|-ability|p1b: Gastrodon|Storm Drain|boost\n|-boost|p1b: Gastrodon|spa|1\n|\n|-weather|SunnyDay|[upkeep]\n|upkeep\n|turn|8\n|\n|t:|1681837436\n|-end|p2a: Mimi|Protosynthesis|[silent]\n|switch|p2a: WoChien|Amoonguss, L50, M|86\/100\n|switch|p2b: Dnite|Dragapult, L50, F, shiny, tera:Steel|32\/100\n|move|p1a: Great Tusk|Headlong Rush|p2a: WoChien\n|-damage|p2a: WoChien|26\/100\n|-unboost|p1a: Great Tusk|def|1\n|-unboost|p1a: Great Tusk|spd|1\n|move|p1b: Gastrodon|Recover|p1b: Gastrodon\n|-heal|p1b: Gastrodon|93\/100\n|\n|-weather|none\n|-end|p1a: Great Tusk|Protosynthesis\n|upkeep\n|turn|9\n|inactive|Gkun1999 has 30 seconds left.\n|inactive|Gkun1999 has 20 seconds left.\n|inactive|Gkun1999 has 15 seconds left.\n|inactive|Gkun1999 has 10 seconds left.\n|\n|t:|1681837485\n|move|p2a: WoChien|Rage Powder|p2a: WoChien\n|-singleturn|p2a: WoChien|move: Rage Powder\n|move|p1a: Great Tusk|Fire Fang|p2a: WoChien\n|-supereffective|p2a: WoChien\n|-damage|p2a: WoChien|0 fnt\n|faint|p2a: WoChien\n|move|p2b: Dnite|Phantom Force||[still]\n|-prepare|p2b: Dnite|Phantom Force\n|move|p1b: Gastrodon|Icy Wind|p2b: Dnite|[miss]\n|-miss|p1b: Gastrodon|p2b: Dnite\n|\n|-sideend|p1: Gkun1999|move: Tailwind\n|upkeep\n|\n|t:|1681837497\n|switch|p2a: Mimi|Flutter Mane, L50|100\/100\n|turn|10\n|\n|t:|1681837522\n|-terastallize|p1a: Great Tusk|Fire\n|move|p2b: Dnite|Phantom Force|p1b: Gastrodon|[from]lockedmove\n|-damage|p1b: Gastrodon|30\/100\n|move|p2a: Mimi|Dazzling Gleam|p1b: Gastrodon|[spread] p1a,p1b\n|-resisted|p1a: Great Tusk\n|-damage|p1a: Great Tusk|82\/100\n|-damage|p1b: Gastrodon|4\/100\n|move|p1a: Great Tusk|Headlong Rush|p2a: Mimi\n|-damage|p2a: Mimi|17\/100\n|-unboost|p1a: Great Tusk|def|1\n|-unboost|p1a: Great Tusk|spd|1\n|move|p1b: Gastrodon|Earth Power|p2b: Dnite\n|-supereffective|p2b: Dnite\n|-crit|p2b: Dnite\n|-damage|p2b: Dnite|0 fnt\n|faint|p2b: Dnite\n|\n|upkeep\n|\n|t:|1681837536\n|switch|p2b: Dozo|Palafin-Hero, L50, M|71\/100\n|turn|11\n|\n|t:|1681837549\n|move|p2a: Mimi|Protect|p2a: Mimi\n|-singleturn|p2a: Mimi|Protect\n|move|p2b: Dozo|Protect|p2b: Dozo\n|-singleturn|p2b: Dozo|Protect\n|move|p1b: Gastrodon|Protect|p1b: Gastrodon\n|-singleturn|p1b: Gastrodon|Protect\n|move|p1a: Great Tusk|Headlong Rush|p2a: Mimi\n|-activate|p2a: Mimi|move: Protect\n|\n|upkeep\n|turn|12\n|inactive|Gkun1999 has 30 seconds left.\n|inactive|Gkun1999 has 20 seconds left.\n|\n|t:|1681837588\n|move|p1b: Gastrodon|Protect||[still]\n|-fail|p1b: Gastrodon\n|move|p2a: Mimi|Dazzling Gleam|p1b: Gastrodon|[spread] p1a,p1b\n|-resisted|p1a: Great Tusk\n|-damage|p1a: Great Tusk|60\/100\n|-damage|p1b: Gastrodon|0 fnt\n|faint|p1b: Gastrodon\n|move|p1a: Great Tusk|Headlong Rush|p2b: Dozo\n|-damage|p2b: Dozo|26\/100\n|-unboost|p1a: Great Tusk|def|1\n|-unboost|p1a: Great Tusk|spd|1\n|move|p2b: Dozo|Wave Crash|p1a: Great Tusk\n|-supereffective|p1a: Great Tusk\n|-damage|p1a: Great Tusk|0 fnt\n|faint|p1a: Great Tusk\n|-end|p1a: Great Tusk|Protosynthesis|[silent]\n|-damage|p2b: Dozo|8\/100|[from] Recoil\n|\n|upkeep\n|\n|t:|1681837607\n|switch|p1b: Talonflame|Talonflame, L50, F|13\/100\n|turn|13\n|\n|t:|1681837617\n|move|p1b: Talonflame|Quick Guard|p1b: Talonflame\n|-singleturn|p1b: Talonflame|Quick Guard\n|move|p2b: Dozo|Jet Punch|p1b: Talonflame\n|-activate|p1b: Talonflame|move: Quick Guard\n|move|p2a: Mimi|Shadow Ball|p1b: Talonflame\n|-damage|p1b: Talonflame|0 fnt\n|faint|p1b: Talonflame\n|\n|win|ikuyogotou\n|raw|Gkun1999's rating: 1205 → 1185<\/strong> (-20 for losing)\n|raw|ikuyogotou's rating: 1271 → 1291<\/strong> (+20 for winning)\n|l|\u2606Gkun1999\n","uploadtime":1681837628,"views":11,"p1id":"gkun1999","p2id":"ikuyogotou","formatid":"gen9vgc2023regulationc","rating":1185,"private":0,"password":""}