{"id":"gen9vgc2023regulationc-1863395248","p1":"revocolombia","p2":"Seatoe","format":"[Gen 9] VGC 2023 Regulation C","log":"|j|\u2606revocolombia\n|j|\u2606Seatoe\n|t:|1684011512\n|gametype|doubles\n|player|p1|revocolombia|pokemonranger-gen4|1395\n|player|p2|Seatoe|sailor|1293\n|teamsize|p1|6\n|teamsize|p2|6\n|gen|9\n|tier|[Gen 9] VGC 2023 Regulation C\n|rated|\n|rule|Species Clause: Limit one of each Pok\u00e9mon\n|rule|Item Clause: Limit one of each item\n|clearpoke\n|poke|p1|Flutter Mane, L50|\n|poke|p1|Annihilape, L50, M|\n|poke|p1|Dragonite, L50, F|\n|poke|p1|Chien-Pao, L50|\n|poke|p1|Murkrow, L50, M|\n|poke|p1|Gholdengo, L50|\n|poke|p2|Drednaw, L50, F|\n|poke|p2|Pelipper, L50, M|\n|poke|p2|Flutter Mane, L50|\n|poke|p2|Arcanine, L50, F|\n|poke|p2|Sableye, L50, F|\n|poke|p2|Ting-Lu, L50|\n|teampreview|4\n|\n|t:|1684011545\n|start\n|switch|p1a: Annihilape|Annihilape, L50, M, shiny|100\/100\n|switch|p1b: Murkrow|Murkrow, L50, M|100\/100\n|switch|p2a: Ecuador|Drednaw, L50, F|100\/100\n|switch|p2b: Australia|Pelipper, L50, M|100\/100\n|-weather|RainDance|[from] ability: Drizzle|[of] p2b: Australia\n|turn|1\n|\n|t:|1684011570\n|switch|p1a: Dragonite|Dragonite, L50, F|100\/100\n|move|p2a: Ecuador|Protect|p2a: Ecuador\n|-singleturn|p2a: Ecuador|Protect\n|move|p1b: Murkrow|Foul Play|p2a: Ecuador\n|-activate|p2a: Ecuador|move: Protect\n|move|p2b: Australia|Hurricane|p1a: Dragonite\n|-damage|p1a: Dragonite|74\/100\n|-start|p1a: Dragonite|confusion\n|-enditem|p1a: Dragonite|Lum Berry|[eat]\n|-end|p1a: Dragonite|confusion\n|\n|-weather|RainDance|[upkeep]\n|upkeep\n|turn|2\n|\n|t:|1684011590\n|move|p1b: Murkrow|Tailwind|p1b: Murkrow\n|-sidestart|p1: revocolombia|move: Tailwind\n|move|p2a: Ecuador|Ice Spinner|p1a: Dragonite\n|-supereffective|p1a: Dragonite\n|-damage|p1a: Dragonite|0 fnt\n|faint|p1a: Dragonite\n|move|p2b: Australia|Tailwind|p2b: Australia\n|-sidestart|p2: Seatoe|move: Tailwind\n|\n|-weather|RainDance|[upkeep]\n|upkeep\n|\n|t:|1684011603\n|switch|p1a: Annihilape|Annihilape, L50, M, shiny|100\/100\n|turn|3\n|inactive|Battle timer is ON: inactive players will automatically lose when time's up. (requested by Seatoe)\n|\n|t:|1684011620\n|move|p2a: Ecuador|Liquidation|p1a: Annihilape\n|-damage|p1a: Annihilape|33\/100\n|move|p1a: Annihilape|Bulk Up|p1a: Annihilape\n|-boost|p1a: Annihilape|atk|1\n|-boost|p1a: Annihilape|def|1\n|move|p1b: Murkrow|Foul Play|p2a: Ecuador\n|-damage|p2a: Ecuador|45\/100\n|move|p2b: Australia|Hurricane|p1a: Annihilape\n|-supereffective|p1a: Annihilape\n|-damage|p1a: Annihilape|0 fnt\n|faint|p1a: Annihilape\n|\n|-weather|RainDance|[upkeep]\n|upkeep\n|\n|t:|1684011637\n|switch|p1a: Chien-Pao|Chien-Pao, L50|100\/100\n|-ability|p1a: Chien-Pao|Sword of Ruin\n|turn|4\n|\n|t:|1684011657\n|move|p2a: Ecuador|Rock Slide|p1a: Chien-Pao|[spread] p1a,p1b\n|-supereffective|p1a: Chien-Pao\n|-supereffective|p1b: Murkrow\n|-damage|p1a: Chien-Pao|28\/100\n|-damage|p1b: Murkrow|14\/100\n|move|p1a: Chien-Pao|Ice Spinner|p2b: Australia\n|-damage|p2b: Australia|39\/100\n|move|p1b: Murkrow|Foul Play|p2a: Ecuador\n|-damage|p2a: Ecuador|0 fnt\n|faint|p2a: Ecuador\n|move|p2b: Australia|Chilling Water|p1a: Chien-Pao\n|-damage|p1a: Chien-Pao|0 fnt\n|faint|p1a: Chien-Pao\n|\n|-weather|RainDance|[upkeep]\n|upkeep\n|\n|t:|1684011673\n|switch|p2a: Zimbabwe|Flutter Mane, L50|100\/100\n|-enditem|p2a: Zimbabwe|Booster Energy\n|-activate|p2a: Zimbabwe|ability: Protosynthesis|[fromitem]\n|-start|p2a: Zimbabwe|protosynthesisspa\n|turn|5\n|\n|t:|1684011683\n|move|p2a: Zimbabwe|Thunderbolt|p1b: Murkrow\n|-supereffective|p1b: Murkrow\n|-damage|p1b: Murkrow|0 fnt\n|faint|p1b: Murkrow\n|\n|win|Seatoe\n|raw|revocolombia's rating: 1395 → 1369<\/strong> (-26 for losing)\n|raw|Seatoe's rating: 1293 → 1325<\/strong> (+32 for winning)\n|l|\u2606Seatoe\n","uploadtime":1684011693,"views":10,"p1id":"revocolombia","p2id":"seatoe","formatid":"gen9vgc2023regulationc","rating":1325,"private":0,"password":""}