{"id":"gen9vgc2023regulationc-1858177032","p1":"krisroze","p2":"Syimmy23","format":"[Gen 9] VGC 2023 Regulation C","log":"|j|\u2606krisroze\n|j|\u2606Syimmy23\n|t:|1683287493\n|gametype|doubles\n|player|p1|krisroze|boarder|1000\n|player|p2|Syimmy23|170|1099\n|teamsize|p1|6\n|teamsize|p2|6\n|gen|9\n|tier|[Gen 9] VGC 2023 Regulation C\n|rated|\n|rule|Species Clause: Limit one of each Pok\u00e9mon\n|rule|Item Clause: Limit one of each item\n|clearpoke\n|poke|p1|Pawmot, L50, F|\n|poke|p1|Tatsugiri, L50, M|\n|poke|p1|Dondozo, L50, M|\n|poke|p1|Farigiraf, L50, M|\n|poke|p1|Hariyama, L50, M|\n|poke|p1|Armarouge, L50, M|\n|poke|p2|Swalot, L50, F|\n|poke|p2|Palafin, L50, M|\n|poke|p2|Wo-Chien, L50|\n|poke|p2|Arcanine, L50, F|\n|poke|p2|Maushold-Four, L50|\n|poke|p2|Iron Hands, L50|\n|teampreview|4\n|inactive|Battle timer is ON: inactive players will automatically lose when time's up. (requested by Syimmy23)\n|\n|t:|1683287518\n|start\n|switch|p1a: Armarouge|Armarouge, L50, M|100\/100\n|switch|p1b: Hariyama|Hariyama, L50, M|100\/100\n|switch|p2a: Wo-Chien|Wo-Chien, L50|100\/100\n|switch|p2b: Swalot|Swalot, L50, F, shiny|100\/100\n|-ability|p2a: Wo-Chien|Tablets of Ruin\n|turn|1\n|\n|t:|1683287537\n|switch|p2a: Palafin|Palafin, L50, M, shiny|100\/100\n|-terastallize|p2b: Swalot|Flying\n|move|p1b: Hariyama|Fake Out|p2a: Palafin\n|-damage|p2a: Palafin|84\/100\n|move|p1a: Armarouge|Armor Cannon|p2a: Palafin\n|-resisted|p2a: Palafin\n|-damage|p2a: Palafin|41\/100\n|-unboost|p1a: Armarouge|def|1\n|-unboost|p1a: Armarouge|spd|1\n|move|p2b: Swalot|Acid Armor|p2b: Swalot\n|-boost|p2b: Swalot|def|2\n|\n|-status|p1b: Hariyama|brn|[from] item: Flame Orb\n|upkeep\n|turn|2\n|inactive|krisroze has 30 seconds left.\n|\n|t:|1683287567\n|move|p1a: Armarouge|Wide Guard|p1a: Armarouge\n|-singleturn|p1a: Armarouge|Wide Guard\n|move|p2a: Palafin|Flip Turn|p1a: Armarouge\n|-supereffective|p1a: Armarouge\n|-crit|p1a: Armarouge\n|-damage|p1a: Armarouge|0 fnt\n|faint|p1a: Armarouge\n|\n|t:|1683287575\n|detailschange|p2a: Palafin|Palafin-Hero, L50, M, shiny\n|switch|p2a: Iron Hands|Iron Hands, L50|100\/100|[from] Flip Turn\n|move|p2b: Swalot|Acid Armor|p2b: Swalot\n|-boost|p2b: Swalot|def|2\n|move|p1b: Hariyama|Facade|p2b: Swalot\n|-damage|p2b: Swalot|78\/100\n|\n|-heal|p2b: Swalot|84\/100|[from] item: Leftovers\n|-damage|p1b: Hariyama|95\/100 brn|[from] brn\n|upkeep\n|\n|t:|1683287580\n|switch|p1a: Farigiraf|Farigiraf, L50, M|100\/100\n|turn|3\n|\n|t:|1683287601\n|move|p2b: Swalot|Body Press|p1b: Hariyama\n|-damage|p1b: Hariyama|44\/100 brn\n|move|p2a: Iron Hands|Wild Charge|p1b: Hariyama\n|-damage|p1b: Hariyama|0 fnt\n|faint|p1b: Hariyama\n|-damage|p2a: Iron Hands|91\/100|[from] Recoil\n|move|p1a: Farigiraf|Trick Room|p1a: Farigiraf\n|-fieldstart|move: Trick Room|[of] p1a: Farigiraf\n|\n|-heal|p2b: Swalot|90\/100|[from] item: Leftovers\n|upkeep\n|\n|t:|1683287605\n|switch|p1b: Dondozo|Dondozo, L50, M|100\/100\n|turn|4\n|\n|t:|1683287619\n|move|p1a: Farigiraf|Psyshock|p2a: Iron Hands\n|-supereffective|p2a: Iron Hands\n|-damage|p2a: Iron Hands|48\/100\n|move|p2a: Iron Hands|Volt Switch|p1b: Dondozo\n|-supereffective|p1b: Dondozo\n|-damage|p1b: Dondozo|77\/100\n|\n|t:|1683287626\n|-end|p2a: Iron Hands|Quark Drive|[silent]\n|switch|p2a: Wo-Chien|Wo-Chien, L50|100\/100|[from] Volt Switch\n|-ability|p2a: Wo-Chien|Tablets of Ruin\n|move|p2b: Swalot|Toxic|p1b: Dondozo\n|-status|p1b: Dondozo|tox\n|move|p1b: Dondozo|Avalanche|p2a: Wo-Chien\n|-supereffective|p2a: Wo-Chien\n|-damage|p2a: Wo-Chien|79\/100\n|\n|-heal|p1b: Dondozo|83\/100 tox|[from] item: Leftovers\n|-heal|p2b: Swalot|96\/100|[from] item: Leftovers\n|-damage|p1b: Dondozo|77\/100 tox|[from] psn\n|upkeep\n|turn|5\n|\n|t:|1683287646\n|move|p1b: Dondozo|Earthquake|p2a: Wo-Chien|[spread] p1a,p2a\n|-immune|p2b: Swalot\n|-resisted|p2a: Wo-Chien\n|-damage|p1a: Farigiraf|85\/100\n|-damage|p2a: Wo-Chien|72\/100\n|move|p1a: Farigiraf|Psyshock|p2a: Wo-Chien\n|-immune|p2a: Wo-Chien\n|move|p2b: Swalot|Body Press|p1b: Dondozo\n|-crit|p1b: Dondozo\n|-damage|p1b: Dondozo|63\/100 tox\n|move|p2a: Wo-Chien|Leech Seed|p1b: Dondozo\n|-start|p1b: Dondozo|move: Leech Seed\n|\n|-heal|p1b: Dondozo|69\/100 tox|[from] item: Leftovers\n|-heal|p2b: Swalot|100\/100|[from] item: Leftovers\n|-damage|p1b: Dondozo|56\/100 tox|[from] Leech Seed|[of] p2a: Wo-Chien\n|-heal|p2a: Wo-Chien|87\/100|[silent]\n|-damage|p1b: Dondozo|45\/100 tox|[from] psn\n|upkeep\n|turn|6\n|\n|t:|1683287667\n|move|p1a: Farigiraf|Hyper Voice|p2a: Wo-Chien|[spread] p2a,p2b\n|-damage|p2a: Wo-Chien|71\/100\n|-damage|p2b: Swalot|80\/100\n|move|p2b: Swalot|Toxic|p1a: Farigiraf\n|-status|p1a: Farigiraf|tox\n|move|p2a: Wo-Chien|Leech Seed|p1a: Farigiraf|[miss]\n|-miss|p2a: Wo-Chien|p1a: Farigiraf\n|move|p1b: Dondozo|Avalanche|p2a: Wo-Chien\n|-supereffective|p2a: Wo-Chien\n|-damage|p2a: Wo-Chien|49\/100\n|-enditem|p2a: Wo-Chien|Sitrus Berry|[eat]\n|-heal|p2a: Wo-Chien|74\/100|[from] item: Sitrus Berry\n|\n|-heal|p1b: Dondozo|50\/100 tox|[from] item: Leftovers\n|-heal|p2b: Swalot|86\/100|[from] item: Leftovers\n|-damage|p1b: Dondozo|38\/100 tox|[from] Leech Seed|[of] p2a: Wo-Chien\n|-heal|p2a: Wo-Chien|90\/100|[silent]\n|-damage|p1b: Dondozo|21\/100 tox|[from] psn\n|-damage|p1a: Farigiraf|78\/100 tox|[from] psn\n|upkeep\n|turn|7\n|-message|krisroze forfeited.\n|\n|win|Syimmy23\n|raw|krisroze's rating: 1000 → 1000<\/strong> (+0 for losing)\n|raw|Syimmy23's rating: 1099 → 1117<\/strong> (+18 for winning)\n|l|\u2606krisroze\n","uploadtime":1683287695,"views":12,"p1id":"krisroze","p2id":"syimmy23","formatid":"gen9vgc2023regulationc","rating":1000,"private":0,"password":""}