{"id":"gen9vgc2023regulationc-1847442617","p1":"Patooow","p2":"ECMBB","format":"[Gen 9] VGC 2023 Regulation C","log":"|j|\u2606Patooow\n|j|\u2606ECMBB\n|t:|1681955652\n|gametype|doubles\n|player|p1|Patooow|nanu|1118\n|player|p2|ECMBB|266|1098\n|teamsize|p1|6\n|teamsize|p2|6\n|gen|9\n|tier|[Gen 9] VGC 2023 Regulation C\n|rated|\n|rule|Species Clause: Limit one of each Pok\u00e9mon\n|rule|Item Clause: Limit one of each item\n|clearpoke\n|poke|p1|Annihilape, L50, F|\n|poke|p1|Maushold-Four, L50|\n|poke|p1|Dondozo, L50, F|\n|poke|p1|Tatsugiri-Droopy, L50, F|\n|poke|p1|Flutter Mane, L50|\n|poke|p1|Chi-Yu, L50|\n|poke|p2|Ting-Lu, L50|\n|poke|p2|Gyarados, L50, M|\n|poke|p2|Flutter Mane, L50|\n|poke|p2|Amoonguss, L50, M|\n|poke|p2|Arcanine, L50, M|\n|poke|p2|Palafin, L50, M|\n|teampreview|4\n|inactive|Battle timer is ON: inactive players will automatically lose when time's up. (requested by ECMBB)\n|\n|t:|1681955680\n|start\n|switch|p1a: Annihilape|Annihilape, L50, F|100\/100\n|switch|p1b: Maushold|Maushold-Four, L50|100\/100\n|switch|p2a: Ting-Lu|Ting-Lu, L50|100\/100\n|switch|p2b: Palafin|Palafin, L50, M, shiny|100\/100\n|-ability|p2a: Ting-Lu|Vessel of Ruin\n|turn|1\n|inactive|Patooow has 30 seconds left.\n|\n|t:|1681955708\n|move|p2b: Palafin|Protect|p2b: Palafin\n|-singleturn|p2b: Palafin|Protect\n|move|p1b: Maushold|Super Fang|p2a: Ting-Lu\n|-damage|p2a: Ting-Lu|51\/100\n|move|p1a: Annihilape|Drain Punch|p2a: Ting-Lu\n|-supereffective|p2a: Ting-Lu\n|-damage|p2a: Ting-Lu|14\/100\n|-enditem|p2a: Ting-Lu|Aguav Berry|[eat]\n|-heal|p2a: Ting-Lu|47\/100|[from] item: Aguav Berry\n|move|p2a: Ting-Lu|Earthquake|p1a: Annihilape|[spread] p1a,p1b\n|-activate|p2b: Palafin|move: Protect\n|-damage|p1a: Annihilape|71\/100\n|-damage|p1b: Maushold|52\/100\n|\n|-heal|p1a: Annihilape|77\/100|[from] item: Leftovers\n|upkeep\n|turn|2\n|\n|t:|1681955733\n|detailschange|p2b: Palafin|Palafin-Hero, L50, M, shiny\n|switch|p2b: Flutter Mane|Flutter Mane, L50, shiny|100\/100\n|-enditem|p2b: Flutter Mane|Booster Energy\n|-activate|p2b: Flutter Mane|ability: Protosynthesis|[fromitem]\n|-start|p2b: Flutter Mane|protosynthesisspa\n|switch|p2a: Amoonguss|Amoonguss, L50, M|100\/100\n|move|p1b: Maushold|Super Fang|p2a: Amoonguss\n|-damage|p2a: Amoonguss|51\/100\n|-damage|p1b: Maushold|36\/100|[from] item: Rocky Helmet|[of] p2a: Amoonguss\n|move|p1a: Annihilape|Bulk Up|p1a: Annihilape\n|-boost|p1a: Annihilape|atk|1\n|-boost|p1a: Annihilape|def|1\n|\n|-heal|p1a: Annihilape|83\/100|[from] item: Leftovers\n|upkeep\n|turn|3\n|\n|t:|1681955756\n|-terastallize|p2b: Flutter Mane|Fairy\n|-terastallize|p1a: Annihilape|Fire\n|move|p2b: Flutter Mane|Dazzling Gleam|p1a: Annihilape|[spread] p1a,p1b\n|-resisted|p1a: Annihilape\n|-crit|p1a: Annihilape\n|-damage|p1a: Annihilape|63\/100\n|-damage|p1b: Maushold|0 fnt\n|faint|p1b: Maushold\n|move|p1a: Annihilape|Rage Fist|p2b: Flutter Mane\n|-damage|p2b: Flutter Mane|0 fnt\n|faint|p2b: Flutter Mane\n|-end|p2b: Flutter Mane|Protosynthesis|[silent]\n|move|p2a: Amoonguss|Spore|p1a: Annihilape\n|-status|p1a: Annihilape|slp|[from] move: Spore\n|\n|-heal|p1a: Annihilape|69\/100 slp|[from] item: Leftovers\n|upkeep\n|\n|t:|1681955776\n|switch|p2b: Palafin|Palafin-Hero, L50, M, shiny|100\/100\n|switch|p1b: Chi-Yu|Chi-Yu, L50|100\/100\n|-ability|p1b: Chi-Yu|Beads of Ruin\n|-activate|p2b: Palafin|ability: Zero to Hero\n|turn|4\n|\n|t:|1681955789\n|move|p2a: Amoonguss|Protect|p2a: Amoonguss\n|-singleturn|p2a: Amoonguss|Protect\n|move|p1b: Chi-Yu|Heat Wave|p2a: Amoonguss|[spread] p2b\n|-activate|p2a: Amoonguss|move: Protect\n|-resisted|p2b: Palafin\n|-damage|p2b: Palafin|77\/100\n|move|p2b: Palafin|Wave Crash|p1b: Chi-Yu\n|-supereffective|p1b: Chi-Yu\n|-enditem|p1b: Chi-Yu|Focus Sash\n|-damage|p1b: Chi-Yu|1\/100\n|-damage|p2b: Palafin|57\/100|[from] Recoil\n|cant|p1a: Annihilape|slp\n|\n|-heal|p1a: Annihilape|75\/100 slp|[from] item: Leftovers\n|upkeep\n|turn|5\n|\n|t:|1681955810\n|switch|p2a: Ting-Lu|Ting-Lu, L50|47\/100\n|-ability|p2a: Ting-Lu|Vessel of Ruin\n|move|p1b: Chi-Yu|Protect|p1b: Chi-Yu\n|-singleturn|p1b: Chi-Yu|Protect\n|move|p2b: Palafin|Wave Crash|p1a: Annihilape\n|-supereffective|p1a: Annihilape\n|-damage|p1a: Annihilape|0 fnt\n|faint|p1a: Annihilape\n|-damage|p2b: Palafin|33\/100|[from] Recoil\n|\n|upkeep\n|\n|t:|1681955821\n|switch|p1a: Flutter Mane|Flutter Mane, L50|100\/100\n|turn|6\n|\n|t:|1681955829\n|move|p2b: Palafin|Protect|p2b: Palafin\n|-singleturn|p2b: Palafin|Protect\n|move|p1a: Flutter Mane|Dazzling Gleam|p2b: Palafin|[spread] p2a\n|-activate|p2b: Palafin|move: Protect\n|-supereffective|p2a: Ting-Lu\n|-crit|p2a: Ting-Lu\n|-damage|p2a: Ting-Lu|0 fnt\n|faint|p2a: Ting-Lu\n|move|p1b: Chi-Yu|Heat Wave|p2b: Palafin\n|-activate|p2b: Palafin|move: Protect\n|\n|upkeep\n|\n|t:|1681955840\n|switch|p2a: Amoonguss|Amoonguss, L50, M|84\/100\n|turn|7\n|\n|t:|1681955845\n|move|p2a: Amoonguss|Protect|p2a: Amoonguss\n|-singleturn|p2a: Amoonguss|Protect\n|move|p2b: Palafin|Jet Punch|p1b: Chi-Yu\n|-supereffective|p1b: Chi-Yu\n|-damage|p1b: Chi-Yu|0 fnt\n|faint|p1b: Chi-Yu\n|move|p1a: Flutter Mane|Dazzling Gleam|p2a: Amoonguss|[spread] p2b\n|-activate|p2a: Amoonguss|move: Protect\n|-damage|p2b: Palafin|0 fnt\n|faint|p2b: Palafin\n|\n|upkeep\n|turn|8\n|\n|t:|1681955858\n|move|p1a: Flutter Mane|Dazzling Gleam|p2a: Amoonguss\n|-resisted|p2a: Amoonguss\n|-damage|p2a: Amoonguss|64\/100\n|move|p2a: Amoonguss|Spore|p1a: Flutter Mane\n|-status|p1a: Flutter Mane|slp|[from] move: Spore\n|\n|upkeep\n|turn|9\n|\n|t:|1681955865\n|cant|p1a: Flutter Mane|slp\n|move|p2a: Amoonguss|Pollen Puff|p1a: Flutter Mane\n|-resisted|p1a: Flutter Mane\n|-damage|p1a: Flutter Mane|96\/100 slp\n|\n|upkeep\n|turn|10\n|\n|t:|1681955873\n|cant|p1a: Flutter Mane|slp\n|move|p2a: Amoonguss|Pollen Puff|p1a: Flutter Mane\n|-resisted|p1a: Flutter Mane\n|-damage|p1a: Flutter Mane|92\/100 slp\n|\n|upkeep\n|turn|11\n|\n|t:|1681955881\n|-curestatus|p1a: Flutter Mane|slp|[msg]\n|move|p1a: Flutter Mane|Dazzling Gleam|p2a: Amoonguss\n|-resisted|p2a: Amoonguss\n|-damage|p2a: Amoonguss|45\/100\n|move|p2a: Amoonguss|Pollen Puff|p1a: Flutter Mane\n|-resisted|p1a: Flutter Mane\n|-damage|p1a: Flutter Mane|87\/100\n|\n|upkeep\n|turn|12\n|\n|t:|1681955891\n|move|p1a: Flutter Mane|Dazzling Gleam|p2a: Amoonguss\n|-resisted|p2a: Amoonguss\n|-damage|p2a: Amoonguss|25\/100\n|move|p2a: Amoonguss|Spore|p1a: Flutter Mane\n|-status|p1a: Flutter Mane|slp|[from] move: Spore\n|\n|upkeep\n|turn|13\n|\n|t:|1681955898\n|cant|p1a: Flutter Mane|slp\n|move|p2a: Amoonguss|Pollen Puff|p1a: Flutter Mane\n|-resisted|p1a: Flutter Mane\n|-damage|p1a: Flutter Mane|83\/100 slp\n|\n|upkeep\n|turn|14\n|\n|t:|1681955906\n|cant|p1a: Flutter Mane|slp\n|move|p2a: Amoonguss|Pollen Puff|p1a: Flutter Mane\n|-resisted|p1a: Flutter Mane\n|-damage|p1a: Flutter Mane|79\/100 slp\n|\n|upkeep\n|turn|15\n|\n|t:|1681955914\n|-curestatus|p1a: Flutter Mane|slp|[msg]\n|move|p1a: Flutter Mane|Dazzling Gleam|p2a: Amoonguss\n|-resisted|p2a: Amoonguss\n|-damage|p2a: Amoonguss|4\/100\n|move|p2a: Amoonguss|Spore|p1a: Flutter Mane\n|-status|p1a: Flutter Mane|slp|[from] move: Spore\n|\n|upkeep\n|turn|16\n|\n|t:|1681955928\n|cant|p1a: Flutter Mane|slp\n|move|p2a: Amoonguss|Pollen Puff|p1a: Flutter Mane\n|-resisted|p1a: Flutter Mane\n|-damage|p1a: Flutter Mane|75\/100 slp\n|\n|upkeep\n|turn|17\n|\n|t:|1681955936\n|cant|p1a: Flutter Mane|slp\n|move|p2a: Amoonguss|Pollen Puff|p1a: Flutter Mane\n|-resisted|p1a: Flutter Mane\n|-damage|p1a: Flutter Mane|70\/100 slp\n|\n|upkeep\n|turn|18\n|c|\u2606Patooow|Amazing endgame homie\n|\n|t:|1681955945\n|move|p2a: Amoonguss|Protect|p2a: Amoonguss\n|-singleturn|p2a: Amoonguss|Protect\n|cant|p1a: Flutter Mane|slp\n|\n|upkeep\n|turn|19\n|\n|t:|1681955952\n|-curestatus|p1a: Flutter Mane|slp|[msg]\n|move|p1a: Flutter Mane|Dazzling Gleam|p2a: Amoonguss\n|-resisted|p2a: Amoonguss\n|-damage|p2a: Amoonguss|0 fnt\n|faint|p2a: Amoonguss\n|\n|win|Patooow\n|raw|Patooow's rating: 1118 → 1142<\/strong> (+24 for winning)\n|raw|ECMBB's rating: 1098 → 1075<\/strong> (-23 for losing)\n","uploadtime":1681955957,"views":12,"p1id":"patooow","p2id":"ecmbb","formatid":"gen9vgc2023regulationc","rating":1075,"private":0,"password":""}