{"id":"gen9vgc2023regulationc-1862938166","p1":"CombustibleCow","p2":"PkhunterHK","format":"[Gen 9] VGC 2023 Regulation C","log":"|j|\u2606CombustibleCow\n|j|\u2606PkhunterHK\n|t:|1683941048\n|gametype|doubles\n|player|p1|CombustibleCow|unknown|1696\n|player|p2|PkhunterHK|maylene|1651\n|teamsize|p1|6\n|teamsize|p2|6\n|gen|9\n|tier|[Gen 9] VGC 2023 Regulation C\n|rated|\n|rule|Species Clause: Limit one of each Pok\u00e9mon\n|rule|Item Clause: Limit one of each item\n|clearpoke\n|poke|p1|Lilligant, L50, F|\n|poke|p1|Torkoal, L50, F|\n|poke|p1|Flutter Mane, L50|\n|poke|p1|Great Tusk, L50|\n|poke|p1|Chien-Pao, L50|\n|poke|p1|Dragonite, L50, M|\n|poke|p2|Azumarill, L50, F|\n|poke|p2|Gothorita, L50, F|\n|poke|p2|Gothitelle, L50, M|\n|poke|p2|Coalossal, L50, F|\n|poke|p2|Dragapult, L50, F|\n|poke|p2|Flutter Mane, L50|\n|teampreview|4\n|inactive|Battle timer is ON: inactive players will automatically lose when time's up. (requested by PkhunterHK)\n|\n|t:|1683941078\n|start\n|switch|p1a: Flutter Mane|Flutter Mane, L50|100\/100\n|switch|p1b: Great Tusk|Great Tusk, L50|100\/100\n|switch|p2a: Azumarill|Azumarill, L50, F|100\/100\n|switch|p2b: Coalossal|Coalossal, L50, F|100\/100\n|turn|1\n|\n|t:|1683941097\n|move|p2b: Coalossal|Protect|p2b: Coalossal\n|-singleturn|p2b: Coalossal|Protect\n|move|p2a: Azumarill|Protect|p2a: Azumarill\n|-singleturn|p2a: Azumarill|Protect\n|move|p1b: Great Tusk|Headlong Rush|p2b: Coalossal\n|-activate|p2b: Coalossal|move: Protect\n|move|p1a: Flutter Mane|Shadow Ball|p2b: Coalossal\n|-activate|p2b: Coalossal|move: Protect\n|\n|upkeep\n|turn|2\n|\n|t:|1683941112\n|-terastallize|p2b: Coalossal|Grass\n|move|p2a: Azumarill|Aqua Jet|p2b: Coalossal\n|-resisted|p2b: Coalossal\n|-damage|p2b: Coalossal|93\/100\n|-ability|p2b: Coalossal|Steam Engine|boost\n|-boost|p2b: Coalossal|spe|6\n|-enditem|p2b: Coalossal|Absorb Bulb\n|-boost|p2b: Coalossal|spa|1|[from] item: Absorb Bulb\n|move|p2b: Coalossal|Tera Blast|p1b: Great Tusk\n|-supereffective|p1b: Great Tusk\n|-crit|p1b: Great Tusk\n|-damage|p1b: Great Tusk|0 fnt\n|faint|p1b: Great Tusk\n|-end|p1b: Great Tusk|Protosynthesis|[silent]\n|move|p1a: Flutter Mane|Shadow Ball|p2a: Azumarill\n|-crit|p2a: Azumarill\n|-damage|p2a: Azumarill|5\/100\n|-enditem|p2a: Azumarill|Sitrus Berry|[eat]\n|-heal|p2a: Azumarill|30\/100|[from] item: Sitrus Berry\n|\n|upkeep\n|\n|t:|1683941127\n|switch|p1b: torkoshima|Torkoal, L50, F, shiny|100\/100\n|-weather|SunnyDay|[from] ability: Drought|[of] p1b: torkoshima\n|-activate|p1a: Flutter Mane|ability: Protosynthesis\n|-start|p1a: Flutter Mane|protosynthesisspa\n|turn|3\n|\n|t:|1683941137\n|move|p2b: Coalossal|Protect|p2b: Coalossal\n|-singleturn|p2b: Coalossal|Protect\n|move|p2a: Azumarill|Protect|p2a: Azumarill\n|-singleturn|p2a: Azumarill|Protect\n|move|p1b: torkoshima|Protect|p1b: torkoshima\n|-singleturn|p1b: torkoshima|Protect\n|move|p1a: Flutter Mane|Shadow Ball|p2a: Azumarill\n|-activate|p2a: Azumarill|move: Protect\n|\n|-weather|SunnyDay|[upkeep]\n|upkeep\n|turn|4\n|\n|t:|1683941152\n|switch|p1b: Lilligant|Lilligant, L50, F, shiny|100\/100\n|move|p2b: Coalossal|Power Gem|p1b: Lilligant\n|-damage|p1b: Lilligant|31\/100\n|move|p1a: Flutter Mane|Shadow Ball|p2b: Coalossal\n|-damage|p2b: Coalossal|9\/100\n|move|p2a: Azumarill|Perish Song|p2a: Azumarill\n|-start|p1a: Flutter Mane|perish3|[silent]\n|-start|p1b: Lilligant|perish3|[silent]\n|-start|p2a: Azumarill|perish3|[silent]\n|-start|p2b: Coalossal|perish3|[silent]\n|-fieldactivate|move: Perish Song\n|\n|-weather|SunnyDay|[upkeep]\n|-start|p2b: Coalossal|perish3\n|-start|p1b: Lilligant|perish3\n|-start|p1a: Flutter Mane|perish3\n|-start|p2a: Azumarill|perish3\n|upkeep\n|turn|5\n|\n|t:|1683941176\n|move|p2a: Azumarill|Protect|p2a: Azumarill\n|-singleturn|p2a: Azumarill|Protect\n|move|p2b: Coalossal|Heat Wave|p1b: Lilligant|[spread] p1a,p1b\n|-supereffective|p1b: Lilligant\n|-damage|p1a: Flutter Mane|25\/100\n|-damage|p1b: Lilligant|0 fnt\n|faint|p1b: Lilligant\n|move|p1a: Flutter Mane|Shadow Ball|p2a: Azumarill\n|-activate|p2a: Azumarill|move: Protect\n|\n|-weather|SunnyDay|[upkeep]\n|-start|p2b: Coalossal|perish2\n|-start|p1a: Flutter Mane|perish2\n|-start|p2a: Azumarill|perish2\n|upkeep\n|-message|CombustibleCow forfeited.\n|\n|win|PkhunterHK\n|raw|CombustibleCow's rating: 1696 → 1673<\/strong> (-23 for losing)\n|raw|PkhunterHK's rating: 1651 → 1674<\/strong> (+23 for winning)\n|l|\u2606CombustibleCow\n","uploadtime":1683941186,"views":6,"p1id":"combustiblecow","p2id":"pkhunterhk","formatid":"gen9vgc2023regulationc","rating":1673,"private":0,"password":""}