{"id":"gen9vgc2023regulationc-1848370851","p1":"Piccius","p2":"Gildren","format":"[Gen 9] VGC 2023 Regulation C","log":"|j|\u2606Piccius\n|j|\u2606Gildren\n|t:|1682068228\n|gametype|doubles\n|player|p1|Piccius|hiker-gen4|1473\n|player|p2|Gildren|riley|1389\n|teamsize|p1|6\n|teamsize|p2|6\n|gen|9\n|tier|[Gen 9] VGC 2023 Regulation C\n|rated|\n|rule|Species Clause: Limit one of each Pok\u00e9mon\n|rule|Item Clause: Limit one of each item\n|clearpoke\n|poke|p1|Chi-Yu, L50|\n|poke|p1|Breloom, L50, M|\n|poke|p1|Azumarill, L50, F|\n|poke|p1|Annihilape, L50, M|\n|poke|p1|Maushold, L50|\n|poke|p1|Flutter Mane, L50|\n|poke|p2|Orthworm, L50, M|\n|poke|p2|Dragonite, L50, M|\n|poke|p2|Ting-Lu, L50|\n|poke|p2|Gyarados, L50, M|\n|poke|p2|Flutter Mane, L50|\n|poke|p2|Chien-Pao, L50|\n|teampreview|4\n|inactive|Battle timer is ON: inactive players will automatically lose when time's up. (requested by Gildren)\n|\n|t:|1682068279\n|start\n|switch|p1a: Flutter Mane|Flutter Mane, L50|100\/100\n|switch|p1b: Azumarill|Azumarill, L50, F, shiny|100\/100\n|switch|p2a: Ting-Lu|Ting-Lu, L50|100\/100\n|switch|p2b: Dragonite|Dragonite, L50, M|100\/100\n|-ability|p2a: Ting-Lu|Vessel of Ruin\n|-enditem|p1a: Flutter Mane|Booster Energy\n|-activate|p1a: Flutter Mane|ability: Protosynthesis|[fromitem]\n|-start|p1a: Flutter Mane|protosynthesisspe\n|turn|1\n|\n|t:|1682068302\n|-terastallize|p2a: Ting-Lu|Water\n|-terastallize|p1b: Azumarill|Water\n|move|p1a: Flutter Mane|Icy Wind|p2a: Ting-Lu|[spread] p2a,p2b\n|-resisted|p2a: Ting-Lu\n|-supereffective|p2b: Dragonite\n|-damage|p2a: Ting-Lu|96\/100\n|-damage|p2b: Dragonite|78\/100\n|-unboost|p2a: Ting-Lu|spe|1\n|-unboost|p2b: Dragonite|spe|1\n|move|p2b: Dragonite|Dragon Dance|p2b: Dragonite\n|-boost|p2b: Dragonite|atk|1\n|-boost|p2b: Dragonite|spe|1\n|move|p1b: Azumarill|Liquidation|p2a: Ting-Lu\n|-resisted|p2a: Ting-Lu\n|-damage|p2a: Ting-Lu|73\/100\n|-unboost|p2a: Ting-Lu|def|1\n|move|p2a: Ting-Lu|Earthquake|p1a: Flutter Mane|[spread] p1a,p1b\n|-immune|p2b: Dragonite\n|-damage|p1a: Flutter Mane|0 fnt\n|-damage|p1b: Azumarill|44\/100\n|faint|p1a: Flutter Mane\n|-end|p1a: Flutter Mane|Protosynthesis|[silent]\n|\n|upkeep\n|\n|t:|1682068320\n|switch|p1a: Breloom|Breloom, L50, M|100\/100\n|turn|2\n|\n|t:|1682068335\n|switch|p2a: Gyarados|Gyarados, L50, M, shiny|100\/100\n|-ability|p2a: Gyarados|Intimidate|boost\n|-unboost|p1a: Breloom|atk|1\n|-unboost|p1b: Azumarill|atk|1\n|move|p2b: Dragonite|Earthquake|p1b: Azumarill|[spread] p1a,p1b\n|-immune|p2a: Gyarados\n|-resisted|p1a: Breloom\n|-damage|p1a: Breloom|68\/100\n|-damage|p1b: Azumarill|6\/100\n|move|p1a: Breloom|Bullet Seed|p2a: Gyarados\n|-damage|p2a: Gyarados|87\/100\n|-damage|p2a: Gyarados|73\/100\n|-damage|p2a: Gyarados|59\/100\n|-hitcount|p2a: Gyarados|3\n|move|p1b: Azumarill|Ice Spinner|p2b: Dragonite\n|-supereffective|p2b: Dragonite\n|-damage|p2b: Dragonite|0 fnt\n|faint|p2b: Dragonite\n|\n|upkeep\n|\n|t:|1682068355\n|switch|p2b: Chien-Pao|Chien-Pao, L50|100\/100\n|-ability|p2b: Chien-Pao|Sword of Ruin\n|turn|3\n|\n|t:|1682068373\n|switch|p1b: Chi-Yu|Chi-Yu, L50|100\/100\n|-ability|p1b: Chi-Yu|Beads of Ruin\n|move|p2b: Chien-Pao|Protect|p2b: Chien-Pao\n|-singleturn|p2b: Chien-Pao|Protect\n|move|p2a: Gyarados|Bulldoze|p1a: Breloom|[spread] p1a,p1b\n|-activate|p2b: Chien-Pao|move: Protect\n|-resisted|p1a: Breloom\n|-supereffective|p1b: Chi-Yu\n|-damage|p1a: Breloom|55\/100\n|-damage|p1b: Chi-Yu|44\/100\n|-unboost|p1a: Breloom|spe|1\n|-unboost|p1b: Chi-Yu|spe|1\n|move|p1a: Breloom|Spore|p2a: Gyarados\n|-activate|p2a: Gyarados|item: Safety Goggles|Spore\n|\n|upkeep\n|turn|4\n|inactive|Gildren has 30 seconds left.\n|\n|t:|1682068407\n|move|p1a: Breloom|Mach Punch|p2b: Chien-Pao\n|-supereffective|p2b: Chien-Pao\n|-enditem|p2b: Chien-Pao|Focus Sash\n|-damage|p2b: Chien-Pao|1\/100\n|move|p2b: Chien-Pao|Ice Spinner|p1a: Breloom\n|-supereffective|p1a: Breloom\n|-damage|p1a: Breloom|0 fnt\n|faint|p1a: Breloom\n|move|p2a: Gyarados|Waterfall|p1b: Chi-Yu\n|-supereffective|p1b: Chi-Yu\n|-damage|p1b: Chi-Yu|0 fnt\n|faint|p1b: Chi-Yu\n|\n|upkeep\n|\n|t:|1682068417\n|switch|p1a: Azumarill|Azumarill, L50, F, shiny, tera:Water|6\/100\n|turn|5\n|\n|t:|1682068424\n|move|p2b: Chien-Pao|Sucker Punch|p1a: Azumarill\n|-damage|p1a: Azumarill|0 fnt\n|faint|p1a: Azumarill\n|\n|win|Gildren\n|raw|Piccius's rating: 1473 → 1448<\/strong> (-25 for losing)\n|raw|Gildren's rating: 1389 → 1414<\/strong> (+25 for winning)\n|l|\u2606Piccius\n","uploadtime":1682068431,"views":10,"p1id":"piccius","p2id":"gildren","formatid":"gen9vgc2023regulationc","rating":1414,"private":0,"password":""}