{"id":"gen9vgc2023regulationc-1854958112","p1":"420hahagamrgurlUwU","p2":"haha you rage quit","format":"[Gen 9] VGC 2023 Regulation C","log":"|j|\u2606420hahagamrgurlUwU\n|j|\u2606haha you rage quit\n|t:|1682884965\n|gametype|doubles\n|player|p1|420hahagamrgurlUwU|bellelba|1106\n|player|p2|haha you rage quit|pokemaniac|1193\n|teamsize|p1|6\n|teamsize|p2|6\n|gen|9\n|tier|[Gen 9] VGC 2023 Regulation C\n|rated|\n|rule|Species Clause: Limit one of each Pok\u00e9mon\n|rule|Item Clause: Limit one of each item\n|clearpoke\n|poke|p1|Gothitelle, L50, M|\n|poke|p1|Scream Tail, L50|\n|poke|p1|Amoonguss, L50, F|\n|poke|p1|Palafin, L50, M|\n|poke|p1|Flutter Mane, L50|\n|poke|p1|Arcanine, L50, M|\n|poke|p2|Pelipper, L50, M|\n|poke|p2|Indeedee-F, L50, F|\n|poke|p2|Armarouge, L50, M|\n|poke|p2|Gastrodon, L50, M|\n|poke|p2|Hatterene, L50, F|\n|poke|p2|Kingambit, L50, M|\n|teampreview|4\n|inactive|Battle timer is ON: inactive players will automatically lose when time's up. (requested by haha you rage quit)\n|\n|t:|1682884998\n|start\n|switch|p1a: AWOOOOO|Arcanine, L50, M|100\/100\n|switch|p1b: EEEEEEEEE|Flutter Mane, L50|100\/100\n|switch|p2a: Kingambit|Kingambit, L50, M, shiny|100\/100\n|switch|p2b: Indeedee|Indeedee-F, L50, F, shiny|100\/100\n|-ability|p1a: AWOOOOO|Intimidate|boost\n|-unboost|p2a: Kingambit|atk|1\n|-ability|p2a: Kingambit|Defiant|boost\n|-boost|p2a: Kingambit|atk|2\n|-unboost|p2b: Indeedee|atk|1\n|-fieldstart|move: Psychic Terrain|[from] ability: Psychic Surge|[of] p2b: Indeedee\n|-enditem|p2b: Indeedee|Psychic Seed\n|-boost|p2b: Indeedee|spd|1|[from] item: Psychic Seed\n|turn|1\n|inactive|haha you rage quit has 30 seconds left.\n|\n|t:|1682885031\n|-terastallize|p2a: Kingambit|Flying\n|move|p1b: EEEEEEEEE|Shadow Ball|p2b: Indeedee\n|-immune|p2b: Indeedee\n|move|p1a: AWOOOOO|Flare Blitz|p2a: Kingambit\n|-damage|p2a: Kingambit|60\/100\n|-damage|p1a: AWOOOOO|84\/100|[from] Recoil\n|move|p2a: Kingambit|Kowtow Cleave|p1b: EEEEEEEEE\n|-enditem|p1b: EEEEEEEEE|Focus Sash\n|-damage|p1b: EEEEEEEEE|1\/100\n|move|p2b: Indeedee|Trick Room|p2b: Indeedee\n|-fieldstart|move: Trick Room|[of] p2b: Indeedee\n|\n|upkeep\n|turn|2\n|inactive|haha you rage quit has 30 seconds left.\n|inactive|haha you rage quit has 20 seconds left.\n|\n|t:|1682885071\n|move|p2b: Indeedee|Follow Me|p2b: Indeedee\n|-singleturn|p2b: Indeedee|move: Follow Me\n|move|p2a: Kingambit|Swords Dance|p2a: Kingambit\n|-boost|p2a: Kingambit|atk|2\n|move|p1a: AWOOOOO|Flare Blitz|p2b: Indeedee\n|-damage|p2b: Indeedee|33\/100\n|-damage|p1a: AWOOOOO|61\/100|[from] Recoil\n|move|p1b: EEEEEEEEE|Moonblast|p2b: Indeedee\n|-damage|p2b: Indeedee|2\/100\n|\n|upkeep\n|turn|3\n|\n|t:|1682885093\n|move|p2a: Kingambit|Kowtow Cleave|p1a: AWOOOOO\n|-damage|p1a: AWOOOOO|0 fnt\n|faint|p1a: AWOOOOO\n|move|p2b: Indeedee|Dazzling Gleam|p1b: EEEEEEEEE\n|-damage|p1b: EEEEEEEEE|0 fnt\n|faint|p1b: EEEEEEEEE\n|-end|p1b: EEEEEEEEE|Protosynthesis|[silent]\n|\n|upkeep\n|\n|t:|1682885100\n|switch|p1a: INEEDAHERO|Palafin, L50, M|100\/100\n|switch|p1b: AAAAAAA|Scream Tail, L50|100\/100\n|-enditem|p1b: AAAAAAA|Booster Energy\n|-activate|p1b: AAAAAAA|ability: Protosynthesis|[fromitem]\n|-start|p1b: AAAAAAA|protosynthesisspe\n|turn|4\n|\n|t:|1682885120\n|-terastallize|p1a: INEEDAHERO|Water\n|move|p2b: Indeedee|Helping Hand|p2a: Kingambit\n|-singleturn|p2a: Kingambit|Helping Hand|[of] p2b: Indeedee\n|move|p2a: Kingambit|Kowtow Cleave|p1b: AAAAAAA\n|-damage|p1b: AAAAAAA|0 fnt\n|faint|p1b: AAAAAAA\n|-end|p1b: AAAAAAA|Protosynthesis|[silent]\n|move|p1a: INEEDAHERO|Wave Crash|p2a: Kingambit\n|-crit|p2a: Kingambit\n|-damage|p2a: Kingambit|0 fnt\n|faint|p2a: Kingambit\n|-damage|p1a: INEEDAHERO|80\/100|[from] Recoil\n|\n|upkeep\n|\n|t:|1682885134\n|switch|p2a: Hatterene|Hatterene, L50, F|100\/100\n|turn|5\n|\n|t:|1682885140\n|switch|p2b: Gastrodon|Gastrodon, L50, M|100\/100\n|move|p2a: Hatterene|Psychic|p1a: INEEDAHERO\n|-damage|p1a: INEEDAHERO|0 fnt\n|faint|p1a: INEEDAHERO\n|-damage|p2a: Hatterene|91\/100|[from] item: Life Orb\n|\n|win|haha you rage quit\n|raw|420hahagamrgurlUwU's rating: 1106 → 1087<\/strong> (-19 for losing)\n|raw|haha you rage quit's rating: 1193 → 1212<\/strong> (+19 for winning)\n|l|\u2606420hahagamrgurlUwU\n","uploadtime":1682885160,"views":6,"p1id":"420hahagamrgurluwu","p2id":"hahayouragequit","formatid":"gen9vgc2023regulationc","rating":1087,"private":0,"password":""}