{"id":"gen9vgc2023regulationc-1854688664","p1":"Imapokemanplayer","p2":"Sloowbroo","format":"[Gen 9] VGC 2023 Regulation C","log":"|j|\u2606Imapokemanplayer\n|j|\u2606Sloowbroo\n|t:|1682850746\n|gametype|doubles\n|player|p1|Imapokemanplayer|acetrainer-gen4dp|1143\n|player|p2|Sloowbroo|teamrocket|1196\n|teamsize|p1|6\n|teamsize|p2|6\n|gen|9\n|tier|[Gen 9] VGC 2023 Regulation C\n|rated|\n|rule|Species Clause: Limit one of each Pok\u00e9mon\n|rule|Item Clause: Limit one of each item\n|clearpoke\n|poke|p1|Flutter Mane, L50|\n|poke|p1|Torkoal, L50, M|\n|poke|p1|Chi-Yu, L50|\n|poke|p1|Lilligant, L50, F|\n|poke|p1|Iron Hands, L50|\n|poke|p1|Talonflame, L50, M|\n|poke|p2|Breloom, L50, F|\n|poke|p2|Roaring Moon, L50|\n|poke|p2|Sylveon, L50, M|\n|poke|p2|Arcanine, L50, M|\n|poke|p2|Barraskewda, L50, M|\n|poke|p2|Hawlucha, L50, F|\n|teampreview|4\n|inactive|Battle timer is ON: inactive players will automatically lose when time's up. (requested by Sloowbroo)\n|c|\u2606Sloowbroo|hf\n|c|\u2606Imapokemanplayer|u2\nImapokemanplayer has agreed to open team sheets.\nSloowbroo rejected open team sheets.\n|inactive|Sloowbroo has 60 seconds left.\n|\n|t:|1682850782\n|start\n|switch|p1a: Torkoal|Torkoal, L50, M|100\/100\n|switch|p1b: Lilligant|Lilligant, L50, F|100\/100\n|switch|p2a: Roaring Moon|Roaring Moon, L50|100\/100\n|switch|p2b: Barraskewda|Barraskewda, L50, M|100\/100\n|-weather|SunnyDay|[from] ability: Drought|[of] p1a: Torkoal\n|-activate|p2a: Roaring Moon|ability: Protosynthesis\n|-start|p2a: Roaring Moon|protosynthesisspe\n|turn|1\n|\n|t:|1682850796\n|-terastallize|p2b: Barraskewda|Poison\n|-terastallize|p1a: Torkoal|Fire\n|move|p1b: Lilligant|After You|p1a: Torkoal\n|-activate|p1a: Torkoal|move: After You\n|move|p1a: Torkoal|Eruption|p2a: Roaring Moon|[spread] p2a,p2b\n|-resisted|p2a: Roaring Moon\n|-damage|p2a: Roaring Moon|40\/100\n|-enditem|p2b: Barraskewda|Focus Sash\n|-damage|p2b: Barraskewda|1\/100\n|move|p2a: Roaring Moon|Tailwind|p2a: Roaring Moon\n|-sidestart|p2: Sloowbroo|move: Tailwind\n|move|p2b: Barraskewda|Poison Jab|p1b: Lilligant\n|-supereffective|p1b: Lilligant\n|-damage|p1b: Lilligant|0 fnt\n|faint|p1b: Lilligant\n|\n|-weather|SunnyDay|[upkeep]\n|upkeep\n|\n|t:|1682850811\n|switch|p1b: Iron Hands|Iron Hands, L50|100\/100\n|turn|2\n|\n|t:|1682850817\n|move|p2a: Roaring Moon|Protect|p2a: Roaring Moon\n|-singleturn|p2a: Roaring Moon|Protect\n|move|p2b: Barraskewda|Protect|p2b: Barraskewda\n|-singleturn|p2b: Barraskewda|Protect\n|move|p1a: Torkoal|Protect|p1a: Torkoal\n|-singleturn|p1a: Torkoal|Protect\n|move|p1b: Iron Hands|Fake Out|p2b: Barraskewda\n|-activate|p2b: Barraskewda|move: Protect\n|\n|-weather|SunnyDay|[upkeep]\n|upkeep\n|turn|3\n|inactive|Sloowbroo has 30 seconds left.\n|\n|t:|1682850849\n|move|p2a: Roaring Moon|Throat Chop|p1a: Torkoal\n|-damage|p1a: Torkoal|69\/100\n|-start|p1a: Torkoal|Throat Chop|[silent]\n|move|p2b: Barraskewda|Liquidation|p1a: Torkoal\n|-supereffective|p1a: Torkoal\n|-damage|p1a: Torkoal|38\/100\n|move|p1b: Iron Hands|Drain Punch|p2a: Roaring Moon\n|-supereffective|p2a: Roaring Moon\n|-damage|p2a: Roaring Moon|0 fnt\n|faint|p2a: Roaring Moon\n|-end|p2a: Roaring Moon|Protosynthesis|[silent]\n|move|p1a: Torkoal|Heat Wave|p2b: Barraskewda\n|-crit|p2b: Barraskewda\n|-damage|p2b: Barraskewda|0 fnt\n|faint|p2b: Barraskewda\n|\n|-weather|SunnyDay|[upkeep]\n|upkeep\n|\n|t:|1682850859\n|switch|p2b: Hawlucha|Hawlucha, L50, F, shiny|100\/100\n|switch|p2a: Breloom|Breloom, L50, F, shiny|100\/100\n|turn|4\n|\n|t:|1682850875\n|move|p2b: Hawlucha|Close Combat|p1a: Torkoal\n|-crit|p1a: Torkoal\n|-damage|p1a: Torkoal|0 fnt\n|-unboost|p2b: Hawlucha|def|1\n|-unboost|p2b: Hawlucha|spd|1\n|-enditem|p2b: Hawlucha|White Herb\n|-clearnegativeboost|p2b: Hawlucha|[silent]\n|faint|p1a: Torkoal\n|move|p2a: Breloom|Spore|p1b: Iron Hands\n|-status|p1b: Iron Hands|slp|[from] move: Spore\n|cant|p1b: Iron Hands|slp\n|\n|-weather|SunnyDay|[upkeep]\n|-sideend|p2: Sloowbroo|move: Tailwind\n|upkeep\n|\n|t:|1682850886\n|switch|p1a: Chi-Yu|Chi-Yu, L50|100\/100\n|-ability|p1a: Chi-Yu|Beads of Ruin\n|turn|5\n|\n|t:|1682850895\n|move|p2a: Breloom|Mach Punch|p1a: Chi-Yu\n|-supereffective|p1a: Chi-Yu\n|-damage|p1a: Chi-Yu|0 fnt\n|faint|p1a: Chi-Yu\n|move|p2b: Hawlucha|Close Combat|p1b: Iron Hands\n|-damage|p1b: Iron Hands|63\/100 slp\n|-unboost|p2b: Hawlucha|def|1\n|-unboost|p2b: Hawlucha|spd|1\n|cant|p1b: Iron Hands|slp\n|\n|-weather|none\n|upkeep\n|turn|6\n|c|\u2606Imapokemanplayer|gg wp\n|c|\u2606Sloowbroo|gg\n|-message|Imapokemanplayer forfeited.\n|\n|win|Sloowbroo\n|raw|Imapokemanplayer's rating: 1143 → 1122<\/strong> (-21 for losing)\n|raw|Sloowbroo's rating: 1196 → 1217<\/strong> (+21 for winning)\n","uploadtime":1682850908,"views":9,"p1id":"imapokemanplayer","p2id":"sloowbroo","formatid":"gen9vgc2023regulationc","rating":1122,"private":0,"password":""}