{"id":"gen9vgc2023regulationc-1861235084","p1":"Laborsi","p2":"namboyVGC","format":"[Gen 9] VGC 2023 Regulation C","log":"|j|\u2606Laborsi\n|j|\u2606namboyVGC\n|t:|1683738247\n|gametype|doubles\n|player|p1|Laborsi|170|\n|player|p2|namboyVGC|170|\n|teamsize|p1|6\n|teamsize|p2|6\n|gen|9\n|tier|[Gen 9] VGC 2023 Regulation C\n|rule|Species Clause: Limit one of each Pok\u00e9mon\n|rule|Item Clause: Limit one of each item\n|clearpoke\n|poke|p1|Corviknight, L50, F|\n|poke|p1|Gyarados, L50, M|\n|poke|p1|Arcanine, L50, F|\n|poke|p1|Amoonguss, L50, M|\n|poke|p1|Ting-Lu, L50|\n|poke|p1|Flutter Mane, L50|\n|poke|p2|Hatterene, L50, F|\n|poke|p2|Torkoal, L50, M|\n|poke|p2|Iron Hands, L50|\n|poke|p2|Brute Bonnet, L50|\n|poke|p2|Dragonite, L50, M|\n|poke|p2|Oranguru, L50, F|\n|teampreview|4\nnamboyVGC has agreed to open team sheets.\nLaborsi has agreed to open team sheets.\n|c|\u2606Laborsi|ok dann starte ich den Timer, ok?\n|c|\u2606namboyVGC|OK\n|inactive|Battle timer is ON: inactive players will automatically lose when time's up. (requested by Laborsi)\n|inactive|Laborsi has 60 seconds left.\n|inactive|Laborsi has 30 seconds left.\n|inactive|Laborsi has 20 seconds left.\n|inactive|Laborsi has 15 seconds left.\n|inactive|Laborsi has 10 seconds left.\n|\n|t:|1683738392\n|start\n|switch|p1a: Gyarados|Gyarados, L50, M|100\/100\n|switch|p1b: Arcanine|Arcanine, L50, F|100\/100\n|switch|p2a: Iron Hands|Iron Hands, L50|100\/100\n|switch|p2b: Oranguru|Oranguru, L50, F|100\/100\n|-ability|p1b: Arcanine|Intimidate|boost\n|-unboost|p2a: Iron Hands|atk|1\n|-unboost|p2b: Oranguru|atk|1\n|-ability|p1a: Gyarados|Intimidate|boost\n|-unboost|p2a: Iron Hands|atk|1\n|-unboost|p2b: Oranguru|atk|1\n|turn|1\n|\n|t:|1683738416\n|move|p2a: Iron Hands|Fake Out|p1b: Arcanine\n|-damage|p1b: Arcanine|90\/100\n|cant|p1b: Arcanine|flinch\n|move|p1a: Gyarados|Taunt|p2b: Oranguru\n|-start|p2b: Oranguru|move: Taunt\n|-enditem|p2b: Oranguru|Mental Herb\n|-end|p2b: Oranguru|move: Taunt\n|move|p2b: Oranguru|Trick Room|p2b: Oranguru\n|-fieldstart|move: Trick Room|[of] p2b: Oranguru\n|\n|upkeep\n|turn|2\n|inactive|Laborsi has 30 seconds left.\n|c|\u2606Laborsi|ich sollte auch dein Teamsheet \u00f6ffnen xD\n|inactive|Laborsi has 20 seconds left.\n|inactive|Laborsi has 15 seconds left.\n|inactive|Laborsi has 10 seconds left.\n|c|\u2606namboyVGC|Ja, hilft ;)\n|\n|t:|1683738465\n|switch|p1a: Ting-Lu|Ting-Lu, L50|100\/100\n|-ability|p1a: Ting-Lu|Vessel of Ruin\n|move|p2b: Oranguru|Yawn|p1b: Arcanine\n|-start|p1b: Arcanine|move: Yawn|[of] p2b: Oranguru\n|move|p2a: Iron Hands|Wild Charge|p1a: Ting-Lu\n|-immune|p1a: Ting-Lu\n|move|p1b: Arcanine|Howl|p1b: Arcanine|[spread] p1a,p1b\n|-boost|p1a: Ting-Lu|atk|1\n|-boost|p1b: Arcanine|atk|1\n|\n|upkeep\n|turn|3\n|inactive|Laborsi has 30 seconds left.\n|\n|t:|1683738491\n|switch|p1b: Amoonguss|Amoonguss, L50, M|100\/100\n|move|p2b: Oranguru|Bulldoze|p1b: Amoonguss|[spread] p2a,p1a,p1b\n|-supereffective|p2a: Iron Hands\n|-damage|p2a: Iron Hands|95\/100\n|-damage|p1a: Ting-Lu|99\/100\n|-damage|p1b: Amoonguss|98\/100\n|-unboost|p2a: Iron Hands|spe|1\n|-unboost|p1a: Ting-Lu|spe|1\n|-unboost|p1b: Amoonguss|spe|1\n|-enditem|p2a: Iron Hands|Weakness Policy\n|-boost|p2a: Iron Hands|atk|2|[from] item: Weakness Policy\n|-boost|p2a: Iron Hands|spa|2|[from] item: Weakness Policy\n|move|p2a: Iron Hands|Drain Punch|p1a: Ting-Lu\n|-supereffective|p1a: Ting-Lu\n|-damage|p1a: Ting-Lu|49\/100\n|-heal|p2a: Iron Hands|100\/100|[from] drain|[of] p1a: Ting-Lu\n|move|p1a: Ting-Lu|Earthquake|p2b: Oranguru|[spread] p1b,p2a,p2b\n|-supereffective|p2a: Iron Hands\n|-damage|p1b: Amoonguss|65\/100\n|-damage|p2a: Iron Hands|40\/100\n|-damage|p2b: Oranguru|69\/100\n|\n|upkeep\n|turn|4\n|inactive|Laborsi has 30 seconds left.\n|inactive|namboyVGC has 30 seconds left.\n|inactive|namboyVGC has 20 seconds left.\n|\n|t:|1683738530\n|switch|p2b: Brute Bonnet|Brute Bonnet, L50|100\/100\n|-terastallize|p2a: Iron Hands|Grass\n|-terastallize|p1a: Ting-Lu|Poison\n|move|p1b: Amoonguss|Pollen Puff|p1a: Ting-Lu\n|-heal|p1a: Ting-Lu|99\/100\n|move|p2a: Iron Hands|Drain Punch|p1a: Ting-Lu\n|-resisted|p1a: Ting-Lu\n|-damage|p1a: Ting-Lu|87\/100\n|-heal|p2a: Iron Hands|47\/100|[from] drain|[of] p1a: Ting-Lu\n|move|p1a: Ting-Lu|Earthquake|p2b: Brute Bonnet|[spread] p1b,p2a,p2b\n|-resisted|p2a: Iron Hands\n|-resisted|p2b: Brute Bonnet\n|-damage|p1b: Amoonguss|34\/100\n|-damage|p2a: Iron Hands|32\/100\n|-damage|p2b: Brute Bonnet|84\/100\n|-enditem|p1b: Amoonguss|Sitrus Berry|[eat]\n|-heal|p1b: Amoonguss|58\/100|[from] item: Sitrus Berry\n|\n|upkeep\n|turn|5\n|inactive|Laborsi has 30 seconds left.\n|inactive|Laborsi has 20 seconds left.\n|inactive|Laborsi has 15 seconds left.\n|inactive|Laborsi has 10 seconds left.\n|inactive|Laborsi has 5 seconds left.\n|\n|t:|1683738585\n|move|p1b: Amoonguss|Pollen Puff|p2b: Brute Bonnet\n|-supereffective|p2b: Brute Bonnet\n|-crit|p2b: Brute Bonnet\n|-damage|p2b: Brute Bonnet|19\/100\n|move|p2a: Iron Hands|Earthquake|p1a: Ting-Lu|[spread] p2b,p1a,p1b\n|-resisted|p2b: Brute Bonnet\n|-supereffective|p1a: Ting-Lu\n|-damage|p2b: Brute Bonnet|6\/100\n|-damage|p1a: Ting-Lu|57\/100\n|-damage|p1b: Amoonguss|35\/100\n|move|p1a: Ting-Lu|Earthquake|p2a: Iron Hands|[spread] p1b,p2a,p2b\n|-resisted|p2a: Iron Hands\n|-resisted|p2b: Brute Bonnet\n|-damage|p1b: Amoonguss|1\/100\n|-damage|p2a: Iron Hands|17\/100\n|-damage|p2b: Brute Bonnet|0 fnt\n|faint|p2b: Brute Bonnet\n|-end|p2b: Brute Bonnet|Protosynthesis|[silent]\n|\n|-fieldend|move: Trick Room\n|upkeep\n|\n|t:|1683738601\n|switch|p2b: Oranguru|Oranguru, L50, F|69\/100\n|turn|6\n|inactive|Laborsi has 30 seconds left.\n|inactive|namboyVGC has 30 seconds left.\n|\n|t:|1683738633\n|switch|p1b: Arcanine|Arcanine, L50, F|90\/100\n|-ability|p1b: Arcanine|Intimidate|boost\n|-unboost|p2a: Iron Hands|atk|1\n|-unboost|p2b: Oranguru|atk|1\n|move|p1a: Ting-Lu|Body Press|p2a: Iron Hands\n|-damage|p2a: Iron Hands|0 fnt\n|faint|p2a: Iron Hands\n|-end|p2a: Iron Hands|Quark Drive|[silent]\n|move|p2b: Oranguru|Trick Room|p2b: Oranguru\n|-fieldstart|move: Trick Room|[of] p2b: Oranguru\n|\n|upkeep\n|\n|t:|1683738641\n|switch|p2a: Torkoal|Torkoal, L50, M|100\/100\n|-weather|SunnyDay|[from] ability: Drought|[of] p2a: Torkoal\n|turn|7\n|inactive|Laborsi has 30 seconds left.\n|inactive|Laborsi has 20 seconds left.\n|inactive|Laborsi has 15 seconds left.\n|inactive|Laborsi has 10 seconds left.\n|inactive|Laborsi has 5 seconds left.\n|\n|t:|1683738695\n|move|p2a: Torkoal|Eruption|p1a: Ting-Lu|[spread] p1a,p1b\n|-resisted|p1b: Arcanine\n|-damage|p1a: Ting-Lu|28\/100\n|-damage|p1b: Arcanine|56\/100\n|move|p1a: Ting-Lu|Earthquake|p2b: Oranguru|[spread] p1b,p2a,p2b\n|-supereffective|p1b: Arcanine\n|-supereffective|p2a: Torkoal\n|-damage|p1b: Arcanine|0 fnt\n|-damage|p2a: Torkoal|36\/100\n|-damage|p2b: Oranguru|35\/100\n|faint|p1b: Arcanine\n|move|p2b: Oranguru|Instruct|p2a: Torkoal\n|-singleturn|p2a: Torkoal|move: Instruct|[of] p2b: Oranguru\n|move|p2a: Torkoal|Eruption|p1a: Ting-Lu\n|-damage|p1a: Ting-Lu|13\/100\n|\n|-weather|SunnyDay|[upkeep]\n|upkeep\n|\n|t:|1683738709\n|switch|p1b: Gyarados|Gyarados, L50, M|100\/100\n|-ability|p1b: Gyarados|Intimidate|boost\n|-unboost|p2a: Torkoal|atk|1\n|-unboost|p2b: Oranguru|atk|1\n|turn|8\n|\n|t:|1683738722\n|move|p2a: Torkoal|Flamethrower|p1b: Gyarados\n|-resisted|p1b: Gyarados\n|-damage|p1b: Gyarados|76\/100\n|-status|p1b: Gyarados|brn\n|move|p1a: Ting-Lu|Earthquake|p2b: Oranguru|[spread] p2a,p2b\n|-immune|p1b: Gyarados\n|-supereffective|p2a: Torkoal\n|-crit|p2a: Torkoal\n|-damage|p2a: Torkoal|0 fnt\n|-damage|p2b: Oranguru|1\/100\n|faint|p2a: Torkoal\n|move|p2b: Oranguru|Instruct|p2: Torkoal|[notarget]\n|-fail|p2b: Oranguru\n|move|p1b: Gyarados|Waterfall|p2b: Oranguru\n|-damage|p2b: Oranguru|0 fnt\n|faint|p2b: Oranguru\n|\n|win|Laborsi\n|c|\u2606namboyVGC|gg\n|c|\u2606Laborsi|gg\n","uploadtime":1683739501,"views":17,"p1id":"laborsi","p2id":"namboyvgc","formatid":"gen9vgc2023regulationc","rating":0,"private":0,"password":""}