{"id":"gen9vgc2023regulationc-1852595382","p1":"Lady bug","p2":"Mitsunaga","format":"[Gen 9] VGC 2023 Regulation C","log":"|j|\u2606Lady bug\n|j|\u2606Mitsunaga\n|t:|1682582390\n|gametype|doubles\n|player|p1|Lady bug|gardenia|1377\n|player|p2|Mitsunaga|lady-gen4|1348\n|teamsize|p1|6\n|teamsize|p2|6\n|gen|9\n|tier|[Gen 9] VGC 2023 Regulation C\n|rated|\n|rule|Species Clause: Limit one of each Pok\u00e9mon\n|rule|Item Clause: Limit one of each item\n|clearpoke\n|poke|p1|Garchomp, L50, M|\n|poke|p1|Talonflame, L50, M|\n|poke|p1|Flutter Mane, L50|\n|poke|p1|Orthworm, L50, F|\n|poke|p1|Rotom-Wash, L50|\n|poke|p1|Espathra, L50, F|\n|poke|p2|Annihilape, L50, M|\n|poke|p2|Sandy Shocks, L50|\n|poke|p2|Flutter Mane, L50|\n|poke|p2|Armarouge, L50, F|\n|poke|p2|Indeedee-F, L50, F|\n|poke|p2|Talonflame, L50, F|\n|teampreview|4\n|j| TuroVGC\n|l| TuroVGC\n|\n|t:|1682582442\n|start\n|switch|p1a: Talonflame|Talonflame, L50, M|100\/100\n|switch|p1b: Garchomp|Garchomp, L50, M|100\/100\n|switch|p2a: Annihilape|Annihilape, L50, M|100\/100\n|switch|p2b: Armarouge|Armarouge, L50, F|100\/100\n|turn|1\n|\n|t:|1682582472\n|move|p1b: Garchomp|Protect|p1b: Garchomp\n|-singleturn|p1b: Garchomp|Protect\n|move|p2a: Annihilape|Final Gambit|p1a: Talonflame\n|-damage|p1a: Talonflame|0 fnt\n|faint|p2a: Annihilape\n|faint|p1a: Talonflame\n|move|p2b: Armarouge|Expanding Force|p1b: Garchomp\n|-activate|p1b: Garchomp|move: Protect\n|\n|upkeep\n|\n|t:|1682582487\n|switch|p1a: Rotom|Rotom-Wash, L50|100\/100\n|switch|p2a: Sandy Shocks|Sandy Shocks, L50|100\/100\n|-enditem|p2a: Sandy Shocks|Booster Energy\n|-activate|p2a: Sandy Shocks|ability: Protosynthesis|[fromitem]\n|-start|p2a: Sandy Shocks|protosynthesisspe\n|turn|2\n|\n|t:|1682582510\n|move|p2a: Sandy Shocks|Earthquake|p1b: Garchomp|[spread] p2b,p1b\n|-immune|p1a: Rotom|[from] ability: Levitate\n|-supereffective|p2b: Armarouge\n|-damage|p2b: Armarouge|60\/100\n|-damage|p1b: Garchomp|79\/100\n|-ability|p2b: Armarouge|Weak Armor|boost\n|-unboost|p2b: Armarouge|def|1\n|-boost|p2b: Armarouge|spe|2\n|-enditem|p2b: Armarouge|Weakness Policy\n|-boost|p2b: Armarouge|atk|2|[from] item: Weakness Policy\n|-boost|p2b: Armarouge|spa|2|[from] item: Weakness Policy\n|move|p2b: Armarouge|Expanding Force|p1b: Garchomp\n|-damage|p1b: Garchomp|0 fnt\n|faint|p1b: Garchomp\n|move|p1a: Rotom|Hydro Pump|p2a: Sandy Shocks|[miss]\n|-miss|p1a: Rotom|p2a: Sandy Shocks\n|\n|upkeep\n|\n|t:|1682582529\n|switch|p1b: Flutter Mane|Flutter Mane, L50|100\/100\n|-enditem|p1b: Flutter Mane|Booster Energy\n|-activate|p1b: Flutter Mane|ability: Protosynthesis|[fromitem]\n|-start|p1b: Flutter Mane|protosynthesisspe\n|turn|3\n|\n|t:|1682582557\n|move|p2b: Armarouge|Protect|p2b: Armarouge\n|-singleturn|p2b: Armarouge|Protect\n|move|p1b: Flutter Mane|Shadow Ball|p2b: Armarouge\n|-activate|p2b: Armarouge|move: Protect\n|move|p2a: Sandy Shocks|Thunderbolt|p1b: Flutter Mane\n|-damage|p1b: Flutter Mane|50\/100\n|move|p1a: Rotom|Hydro Pump|p2a: Sandy Shocks|[miss]\n|-miss|p1a: Rotom|p2a: Sandy Shocks\n|\n|upkeep\n|turn|4\n|c|\u2606Mitsunaga|why miss me\n|\n|t:|1682582593\n|switch|p2b: Indeedee|Indeedee-F, L50, F|100\/100\n|-fieldstart|move: Psychic Terrain|[from] ability: Psychic Surge|[of] p2b: Indeedee\n|-enditem|p2b: Indeedee|Psychic Seed\n|-boost|p2b: Indeedee|spd|1|[from] item: Psychic Seed\n|-terastallize|p2a: Sandy Shocks|Electric\n|move|p1b: Flutter Mane|Protect|p1b: Flutter Mane\n|-singleturn|p1b: Flutter Mane|Protect\n|move|p2a: Sandy Shocks|Thunderbolt|p1b: Flutter Mane\n|-activate|p1b: Flutter Mane|move: Protect\n|move|p1a: Rotom|Hydro Pump|p2a: Sandy Shocks\n|-damage|p2a: Sandy Shocks|0 fnt\n|faint|p2a: Sandy Shocks\n|-end|p2a: Sandy Shocks|Protosynthesis|[silent]\n|\n|upkeep\n|\n|t:|1682582596\n|switch|p2a: Armarouge|Armarouge, L50, F|60\/100\n|turn|5\n|\n|t:|1682582606\n|move|p2b: Indeedee|Follow Me|p2b: Indeedee\n|-singleturn|p2b: Indeedee|move: Follow Me\n|move|p1b: Flutter Mane|Substitute|p1b: Flutter Mane\n|-start|p1b: Flutter Mane|Substitute\n|-damage|p1b: Flutter Mane|26\/100\n|move|p2a: Armarouge|Expanding Force|p1a: Rotom|[spread] p1a,p1b\n|-end|p1b: Flutter Mane|Substitute\n|-damage|p1a: Rotom|31\/100\n|move|p1a: Rotom|Hydro Pump|p2b: Indeedee\n|-damage|p2b: Indeedee|52\/100\n|\n|upkeep\n|turn|6\n|\n|t:|1682582616\n|move|p1b: Flutter Mane|Protect|p1b: Flutter Mane\n|-singleturn|p1b: Flutter Mane|Protect\n|move|p2b: Indeedee|Follow Me|p2b: Indeedee\n|-singleturn|p2b: Indeedee|move: Follow Me\n|move|p2a: Armarouge|Expanding Force|p1b: Flutter Mane|[spread] p1a\n|-activate|p1b: Flutter Mane|move: Protect\n|-damage|p1a: Rotom|0 fnt\n|faint|p1a: Rotom\n|\n|upkeep\n|turn|7\n|-message|Lady bug forfeited.\n|\n|win|Mitsunaga\n|raw|Lady bug's rating: 1377 → 1355<\/strong> (-22 for losing)\n|raw|Mitsunaga's rating: 1348 → 1370<\/strong> (+22 for winning)\n|l|\u2606Lady bug\n","uploadtime":1682582631,"views":13,"p1id":"ladybug","p2id":"mitsunaga","formatid":"gen9vgc2023regulationc","rating":1355,"private":0,"password":""}