{"id":"gen9vgc2023regulationc-1857330589","p1":"Viksun14618","p2":"Ozzy's Apprentice","format":"[Gen 9] VGC 2023 Regulation C","log":"|j|\u2606Viksun14618\n|j|\u2606Ozzy's Apprentice\n|t:|1683174491\n|gametype|doubles\n|player|p1|Viksun14618|2|1052\n|player|p2|Ozzy's Apprentice|n|1112\n|teamsize|p1|6\n|teamsize|p2|4\n|gen|9\n|tier|[Gen 9] VGC 2023 Regulation C\n|rated|\n|rule|Species Clause: Limit one of each Pok\u00e9mon\n|rule|Item Clause: Limit one of each item\n|clearpoke\n|poke|p1|Iron Hands, L50|\n|poke|p1|Amoonguss, L50, F|\n|poke|p1|Pelipper, L50, F|\n|poke|p1|Palafin, L50, F|\n|poke|p1|Baxcalibur, L50, F|\n|poke|p1|Dragonite, L50, F|\n|poke|p2|Noivern, L50, F|\n|poke|p2|Meowscarada, L50, F|\n|poke|p2|Arcanine, L50, M|\n|poke|p2|Floatzel, L50, M|\n|teampreview|4\n|\n|t:|1683174530\n|start\n|switch|p1a: Torqoise|Palafin, L50, F|100\/100\n|switch|p1b: Shrom41Mor|Amoonguss, L50, F|100\/100\n|switch|p2a: Noivern|Noivern, L50, F|100\/100\n|switch|p2b: Meowscarada|Meowscarada, L50, F|100\/100\n|turn|1\n|\n|t:|1683174552\n|detailschange|p1a: Torqoise|Palafin-Hero, L50, F\n|switch|p1a: Beaker|Pelipper, L50, F|100\/100\n|-weather|RainDance|[from] ability: Drizzle|[of] p1a: Beaker\n|move|p2a: Noivern|Protect|p2a: Noivern\n|-singleturn|p2a: Noivern|Protect\n|move|p1b: Shrom41Mor|Protect|p1b: Shrom41Mor\n|-singleturn|p1b: Shrom41Mor|Protect\n|move|p2b: Meowscarada|Flower Trick|p1a: Beaker\n|-start|p2b: Meowscarada|typechange|Grass|[from] ability: Protean\n|-crit|p1a: Beaker\n|-damage|p1a: Beaker|37\/100\n|\n|-weather|RainDance|[upkeep]\n|upkeep\n|turn|2\n|\n|t:|1683174569\n|move|p1b: Shrom41Mor|Rage Powder|p1b: Shrom41Mor\n|-singleturn|p1b: Shrom41Mor|move: Rage Powder\n|move|p2b: Meowscarada|Skill Swap|p2a: Noivern\n|-activate|p2b: Meowscarada|move: Skill Swap|||[of] p2a: Noivern\n|move|p2a: Noivern|Boomburst|p1a: Beaker|[spread] p1a,p1b\n|-start|p2a: Noivern|typechange|Normal|[from] ability: Protean\n|-activate|p2b: Meowscarada|ability: Telepathy\n|-damage|p1a: Beaker|0 fnt\n|-damage|p1b: Shrom41Mor|60\/100\n|faint|p1a: Beaker\n|\n|-weather|RainDance|[upkeep]\n|upkeep\n|\n|t:|1683174583\n|switch|p1a: Torqoise|Palafin-Hero, L50, F|100\/100\n|-activate|p1a: Torqoise|ability: Zero to Hero\n|turn|3\n|\n|t:|1683174614\n|switch|p1b: ShiningArmor|Dragonite, L50, F|100\/100\n|move|p2a: Noivern|Protect|p2a: Noivern\n|-singleturn|p2a: Noivern|Protect\n|move|p1a: Torqoise|Protect|p1a: Torqoise\n|-singleturn|p1a: Torqoise|Protect\n|move|p2b: Meowscarada|Flower Trick|p1a: Torqoise\n|-activate|p1a: Torqoise|move: Protect\n|\n|-weather|RainDance|[upkeep]\n|upkeep\n|turn|4\n|\n|t:|1683174648\n|switch|p2a: Arcanine|Arcanine, L50, M|100\/100\n|-ability|p2a: Arcanine|Intimidate|boost\n|-unboost|p1a: Torqoise|atk|1\n|-unboost|p1b: ShiningArmor|atk|1\n|-terastallize|p1b: ShiningArmor|Flying\n|move|p2b: Meowscarada|Flower Trick|p1a: Torqoise\n|-supereffective|p1a: Torqoise\n|-crit|p1a: Torqoise\n|-damage|p1a: Torqoise|5\/100\n|move|p1a: Torqoise|Wave Crash|p2a: Arcanine\n|-supereffective|p2a: Arcanine\n|-damage|p2a: Arcanine|0 fnt\n|faint|p2a: Arcanine\n|-damage|p1a: Torqoise|0 fnt|[from] Recoil\n|faint|p1a: Torqoise\n|move|p1b: ShiningArmor|Tera Blast|p2b: Meowscarada\n|-supereffective|p2b: Meowscarada\n|-enditem|p2b: Meowscarada|Focus Sash\n|-damage|p2b: Meowscarada|1\/100\n|\n|-weather|RainDance|[upkeep]\n|upkeep\n|\n|t:|1683174669\n|switch|p2a: Floatzel|Floatzel, L50, M|100\/100\n|switch|p1a: Shrom41Mor|Amoonguss, L50, F|94\/100\n|turn|5\n|\n|t:|1683174694\n|move|p2b: Meowscarada|Helping Hand|p2a: Floatzel\n|-singleturn|p2a: Floatzel|Helping Hand|[of] p2b: Meowscarada\n|move|p1b: ShiningArmor|Extreme Speed|p2b: Meowscarada\n|-damage|p2b: Meowscarada|0 fnt\n|faint|p2b: Meowscarada\n|move|p2a: Floatzel|Icy Wind|p1a: Shrom41Mor|[spread] p1a,p1b\n|-supereffective|p1a: Shrom41Mor\n|-supereffective|p1b: ShiningArmor\n|-damage|p1a: Shrom41Mor|78\/100\n|-damage|p1b: ShiningArmor|91\/100\n|-unboost|p1a: Shrom41Mor|spe|1\n|-unboost|p1b: ShiningArmor|spe|1\n|move|p1a: Shrom41Mor|Spore|p2a: Floatzel\n|-status|p2a: Floatzel|slp|[from] move: Spore\n|\n|-weather|none\n|upkeep\n|\n|t:|1683174706\n|switch|p2b: Noivern|Noivern, L50, F|100\/100\n|turn|6\n|\n|t:|1683174718\n|-terastallize|p2b: Noivern|Normal\n|move|p1b: ShiningArmor|Protect|p1b: ShiningArmor\n|-singleturn|p1b: ShiningArmor|Protect\n|cant|p2a: Floatzel|slp\n|move|p2b: Noivern|Boomburst|p1a: Shrom41Mor|[spread] p2a,p1a\n|-activate|p1b: ShiningArmor|move: Protect\n|-damage|p2a: Floatzel|0 fnt\n|-damage|p1a: Shrom41Mor|33\/100\n|-enditem|p1a: Shrom41Mor|Sitrus Berry|[eat]\n|-heal|p1a: Shrom41Mor|58\/100|[from] item: Sitrus Berry\n|faint|p2a: Floatzel\n|move|p1a: Shrom41Mor|Spore|p2b: Noivern\n|-status|p2b: Noivern|slp|[from] move: Spore\n|\n|upkeep\n|turn|7\n|\n|t:|1683174737\n|cant|p2b: Noivern|slp\n|move|p1b: ShiningArmor|Ice Spinner|p2b: Noivern\n|-damage|p2b: Noivern|76\/100 slp\n|move|p1a: Shrom41Mor|Pollen Puff|p1b: ShiningArmor\n|-heal|p1b: ShiningArmor|100\/100\n|\n|upkeep\n|turn|8\n|\n|t:|1683174747\n|cant|p2b: Noivern|slp\n|move|p1b: ShiningArmor|Tera Blast|p2b: Noivern\n|-damage|p2b: Noivern|20\/100 slp\n|move|p1a: Shrom41Mor|Spore|p2b: Noivern\n|-fail|p2b: Noivern|slp\n|\n|upkeep\n|turn|9\n|\n|t:|1683174755\n|move|p1b: ShiningArmor|Extreme Speed|p2b: Noivern\n|-damage|p2b: Noivern|0 fnt\n|faint|p2b: Noivern\n|\n|win|Viksun14618\n|raw|Viksun14618's rating: 1052 → 1090<\/strong> (+38 for winning)\n|raw|Ozzy's Apprentice's rating: 1112 → 1083<\/strong> (-29 for losing)\n|c|\u2606Ozzy's Apprentice|ultra super crit\n|c|\u2606Ozzy's Apprentice|wah waah\n|c|\u2606Ozzy's Apprentice|gg\n|l|\u2606Ozzy's Apprentice\n","uploadtime":1683174795,"views":9,"p1id":"viksun14618","p2id":"ozzysapprentice","formatid":"gen9vgc2023regulationc","rating":1083,"private":0,"password":""}