{"id":"gen9vgc2023regulationc-1851465376","p1":"Jstardude","p2":"DerpyBronze117","format":"[Gen 9] VGC 2023 Regulation C","log":"|j|\u2606Jstardude\n|j|\u2606DerpyBronze117\n|t:|1682447354\n|gametype|doubles\n|player|p1|Jstardude|102|\n|player|p2|DerpyBronze117|102|\n|teamsize|p1|6\n|teamsize|p2|6\n|gen|9\n|tier|[Gen 9] VGC 2023 Regulation C\n|rule|Species Clause: Limit one of each Pok\u00e9mon\n|rule|Item Clause: Limit one of each item\n|clearpoke\n|poke|p1|Chien-Pao, L50|\n|poke|p1|Dragapult, L50, M|\n|poke|p1|Tauros-Paldea-Blaze, L50, M|\n|poke|p1|Scream Tail, L50|\n|poke|p1|Scizor, L50, F|\n|poke|p1|Raichu, L50, F|\n|poke|p2|Tyranitar, L50, F|\n|poke|p2|Azumarill, L50, F|\n|poke|p2|Corviknight, L50, M|\n|poke|p2|Kilowattrel, L50, M|\n|poke|p2|Houndstone, L50, F|\n|poke|p2|Goodra, L50, M|\n|teampreview|4\n|j| Tuxmux\n|j| jayballester\n|\n|t:|1682447428\n|start\n|switch|p1a: Scizor|Scizor, L50, F|100\/100\n|switch|p1b: Raichu|Raichu, L50, F|100\/100\n|switch|p2a: Kilowattrel|Kilowattrel, L50, M|100\/100\n|switch|p2b: Corviknight|Corviknight, L50, M|100\/100\n|-item|p1b: Raichu|Air Balloon\n|turn|1\n|\n|t:|1682447455\n|-terastallize|p2b: Corviknight|Fighting\n|move|p1b: Raichu|Fake Out|p2a: Kilowattrel\n|-damage|p2a: Kilowattrel|89\/100\n|cant|p2a: Kilowattrel|flinch\n|move|p2b: Corviknight|Bulk Up|p2b: Corviknight\n|-boost|p2b: Corviknight|atk|1\n|-boost|p2b: Corviknight|def|1\n|move|p1a: Scizor|Tailwind|p1a: Scizor\n|-sidestart|p1: Jstardude|move: Tailwind\n|\n|upkeep\n|turn|2\n|\n|t:|1682447478\n|move|p2a: Kilowattrel|Protect|p2a: Kilowattrel\n|-singleturn|p2a: Kilowattrel|Protect\n|move|p1b: Raichu|Nuzzle|p2b: Corviknight\n|-damage|p2b: Corviknight|98\/100\n|-status|p2b: Corviknight|par\n|move|p1a: Scizor|Swords Dance|p1a: Scizor\n|-boost|p1a: Scizor|atk|2\n|move|p2b: Corviknight|Bulk Up|p2b: Corviknight\n|-boost|p2b: Corviknight|atk|1\n|-boost|p2b: Corviknight|def|1\n|\n|upkeep\n|turn|3\n|c| jayballester|o.O sd\n|c| jayballester|in this economy\n|c| jayballester|sobiris school of thought\n|\n|t:|1682447510\n|move|p1a: Scizor|Bullet Punch|p2b: Corviknight\n|-crit|p2b: Corviknight\n|-damage|p2b: Corviknight|21\/100 par\n|-enditem|p2b: Corviknight|Sitrus Berry|[eat]\n|-heal|p2b: Corviknight|46\/100 par|[from] item: Sitrus Berry\n|move|p1b: Raichu|Thunderbolt|p2b: Corviknight\n|-damage|p2b: Corviknight|19\/100 par\n|move|p2a: Kilowattrel|Tailwind|p2a: Kilowattrel\n|-sidestart|p2: DerpyBronze117|move: Tailwind\n|move|p2b: Corviknight|Body Press|p1a: Scizor\n|-damage|p1a: Scizor|37\/100\n|\n|-heal|p1a: Scizor|43\/100|[from] item: Leftovers\n|upkeep\n|turn|4\n|c| jayballester|DAMN THE CRi\n|j| F3athers\n|\n|t:|1682447533\n|move|p1a: Scizor|Bullet Punch|p2b: Corviknight\n|-damage|p2b: Corviknight|0 fnt\n|faint|p2b: Corviknight\n|move|p2a: Kilowattrel|Thunderbolt|p1b: Raichu\n|-activate|p1b: Raichu|ability: Lightning Rod\n|-ability|p1b: Raichu|Lightning Rod|boost\n|-boost|p1b: Raichu|spa|1\n|move|p1b: Raichu|Thunderbolt|p2a: Kilowattrel\n|-damage|p2a: Kilowattrel|12\/100\n|\n|-heal|p1a: Scizor|49\/100|[from] item: Leftovers\n|-sideend|p1: Jstardude|move: Tailwind\n|upkeep\n|\n|t:|1682447547\n|switch|p2b: Goodra|Goodra, L50, M|100\/100\n|turn|5\n|c| F3athers|Who won g1?\n|c| Tuxmux|i did\n|c| jayballester|jstar\n|c| F3athers|Damn let's go tux\n|\n|t:|1682447582\n|move|p2a: Kilowattrel|Protect|p2a: Kilowattrel\n|-singleturn|p2a: Kilowattrel|Protect\n|move|p1a: Scizor|Bullet Punch|p2b: Goodra\n|-damage|p2b: Goodra|10\/100\n|-ability|p2b: Goodra|Gooey\n|-unboost|p1a: Scizor|spe|1\n|move|p2b: Goodra|Flamethrower|p1a: Scizor\n|-supereffective|p1a: Scizor\n|-damage|p1a: Scizor|0 fnt\n|faint|p1a: Scizor\n|move|p1b: Raichu|Nuzzle|p2b: Goodra\n|-resisted|p2b: Goodra\n|-damage|p2b: Goodra|7\/100\n|-status|p2b: Goodra|par\n|-ability|p2b: Goodra|Gooey\n|-unboost|p1b: Raichu|spe|1\n|\n|upkeep\n|c| F3athers|Using the time traveler again?\n|\n|t:|1682447596\n|switch|p1a: Dragapult|Dragapult, L50, M|100\/100\n|turn|6\n|c| Tuxmux|brother\n|\n|t:|1682447610\n|move|p1a: Dragapult|Protect|p1a: Dragapult\n|-singleturn|p1a: Dragapult|Protect\n|move|p1b: Raichu|Protect|p1b: Raichu\n|-singleturn|p1b: Raichu|Protect\n|move|p2a: Kilowattrel|Thunderbolt|p1b: Raichu\n|-activate|p1b: Raichu|ability: Lightning Rod\n|-activate|p1b: Raichu|move: Protect\n|move|p2b: Goodra|Draco Meteor|p1b: Raichu\n|-activate|p1b: Raichu|move: Protect\n|\n|-sideend|p2: DerpyBronze117|move: Tailwind\n|upkeep\n|turn|7\n|c| Tuxmux|nuzzle is such an annoying move\n|c|\u2606Jstardude|I agree\n|\n|t:|1682447644\n|switch|p2a: Tyranitar|Tyranitar, L50, F|100\/100\n|-weather|Sandstorm|[from] ability: Sand Stream|[of] p2a: Tyranitar\n|switch|p1b: Chien-Pao|Chien-Pao, L50|100\/100\n|-ability|p1b: Chien-Pao|Sword of Ruin\n|move|p1a: Dragapult|Dragon Darts|p2b: Goodra\n|-supereffective|p2b: Goodra\n|-damage|p2b: Goodra|0 fnt\n|-anim|p1a: Dragapult|Dragon Darts|p2a: Tyranitar\n|-damage|p2a: Tyranitar|64\/100\n|faint|p2b: Goodra\n|-damage|p1a: Dragapult|91\/100|[from] item: Life Orb\n|\n|-weather|Sandstorm|[upkeep]\n|-damage|p1a: Dragapult|85\/100|[from] Sandstorm\n|-damage|p1b: Chien-Pao|94\/100|[from] Sandstorm\n|upkeep\n|\n|t:|1682447662\n|switch|p2b: Kilowattrel|Kilowattrel, L50, M|12\/100\n|turn|8\n|\n|t:|1682447672\n|move|p1a: Dragapult|Dragon Darts|p2b: Kilowattrel\n|-damage|p2b: Kilowattrel|0 fnt\n|-anim|p1a: Dragapult|Dragon Darts|p2a: Tyranitar\n|-damage|p2a: Tyranitar|27\/100\n|faint|p2b: Kilowattrel\n|-damage|p1a: Dragapult|75\/100|[from] item: Life Orb\n|move|p1b: Chien-Pao|Sacred Sword|p2a: Tyranitar\n|-supereffective|p2a: Tyranitar\n|-damage|p2a: Tyranitar|0 fnt\n|faint|p2a: Tyranitar\n|\n|win|Jstardude\n|c|\u2606Jstardude|GG\n|c| Tuxmux|ggs\n|l| Tuxmux\n|l|\u2606DerpyBronze117\n|l| jayballester\n|l| F3athers\n","uploadtime":1682447749,"views":13,"p1id":"jstardude","p2id":"derpybronze117","formatid":"gen9vgc2023regulationc","rating":0,"private":0,"password":""}