{"id":"gen9vgc2023regulationc-1851371747","p1":"fainfive","p2":"Teyupume","format":"[Gen 9] VGC 2023 Regulation C","log":"|j|\u2606fainfive\n|j|\u2606Teyupume\n|t:|1682439775\n|gametype|doubles\n|player|p1|fainfive|boarder|1082\n|player|p2|Teyupume|steven|1035\n|teamsize|p1|6\n|teamsize|p2|6\n|gen|9\n|tier|[Gen 9] VGC 2023 Regulation C\n|rated|\n|rule|Species Clause: Limit one of each Pok\u00e9mon\n|rule|Item Clause: Limit one of each item\n|clearpoke\n|poke|p1|Maushold, L50|\n|poke|p1|Ting-Lu, L50|\n|poke|p1|Flutter Mane, L50|\n|poke|p1|Ceruledge, L50, M|\n|poke|p1|Amoonguss, L50, M|\n|poke|p1|Iron Hands, L50|\n|poke|p2|Florges-White, L50, F|\n|poke|p2|Wo-Chien, L50|\n|poke|p2|Ting-Lu, L50|\n|poke|p2|Dragapult, L50, F|\n|poke|p2|Palafin, L50, M|\n|poke|p2|Espathra, L50, F|\n|teampreview|4\n|inactive|Battle timer is ON: inactive players will automatically lose when time's up. (requested by fainfive)\n|inactive|Teyupume has 60 seconds left.\n|\n|t:|1682439816\n|start\n|switch|p1a: Ceruledge|Ceruledge, L50, M, shiny|100\/100\n|switch|p1b: Maushold|Maushold, L50, shiny|100\/100\n|switch|p2a: Wo-Chien|Wo-Chien, L50|100\/100\n|switch|p2b: Ting-Lu|Ting-Lu, L50|100\/100\n|-ability|p2a: Wo-Chien|Tablets of Ruin\n|-ability|p2b: Ting-Lu|Vessel of Ruin\n|turn|1\n|\n|t:|1682439840\n|-terastallize|p2a: Wo-Chien|Fire\n|move|p1b: Maushold|Follow Me|p1b: Maushold\n|-singleturn|p1b: Maushold|move: Follow Me\n|move|p1a: Ceruledge|Bulk Up|p1a: Ceruledge\n|-boost|p1a: Ceruledge|atk|1\n|-boost|p1a: Ceruledge|def|1\n|move|p2a: Wo-Chien|Leech Seed|p1b: Maushold\n|-start|p1b: Maushold|move: Leech Seed\n|move|p2b: Ting-Lu|Body Press|p1b: Maushold\n|-supereffective|p1b: Maushold\n|-damage|p1b: Maushold|51\/100\n|\n|-damage|p1b: Maushold|39\/100|[from] Leech Seed|[of] p2a: Wo-Chien\n|upkeep\n|turn|2\n|\n|t:|1682439863\n|switch|p1b: Ting-Lu|Ting-Lu, L50|100\/100\n|-ability|p1b: Ting-Lu|Vessel of Ruin\n|move|p1a: Ceruledge|Protect|p1a: Ceruledge\n|-singleturn|p1a: Ceruledge|Protect\n|move|p2a: Wo-Chien|Reflect|p2a: Wo-Chien\n|-sidestart|p2: Teyupume|Reflect\n|move|p2b: Ting-Lu|Fissure|p1a: Ceruledge\n|-activate|p1a: Ceruledge|move: Protect\n|\n|upkeep\n|turn|3\n|inactive|fainfive has 30 seconds left.\n|inactive|Teyupume has 30 seconds left.\n|\n|t:|1682439896\n|move|p1a: Ceruledge|Shadow Sneak|p2a: Wo-Chien\n|-damage|p2a: Wo-Chien|87\/100\n|-damage|p1a: Ceruledge|84\/100|[from] item: Rocky Helmet|[of] p2a: Wo-Chien\n|move|p2a: Wo-Chien|Foul Play|p1a: Ceruledge\n|-supereffective|p1a: Ceruledge\n|-damage|p1a: Ceruledge|0 fnt\n|faint|p1a: Ceruledge\n|move|p2b: Ting-Lu|Stomping Tantrum|p1b: Ting-Lu\n|-damage|p1b: Ting-Lu|84\/100\n|move|p1b: Ting-Lu|Fissure|p2b: Ting-Lu\n|-damage|p2b: Ting-Lu|0 fnt\n|faint|p2b: Ting-Lu\n|-ohko\n|\n|upkeep\n|\n|t:|1682439917\n|switch|p1a: Maushold|Maushold, L50, shiny|39\/100\n|switch|p2b: Dragapult|Dragapult, L50, F|100\/100\n|turn|4\n|\n|t:|1682439931\n|move|p1a: Maushold|Follow Me|p1a: Maushold\n|-singleturn|p1a: Maushold|move: Follow Me\n|move|p2b: Dragapult|U-turn|p1a: Maushold\n|-damage|p1a: Maushold|18\/100\n|\n|t:|1682439936\n|switch|p2b: Espathra|Espathra, L50, F|100\/100|[from] U-turn\n|move|p2a: Wo-Chien|Giga Drain|p1a: Maushold\n|-damage|p1a: Maushold|0 fnt\n|-heal|p2a: Wo-Chien|96\/100|[from] drain|[of] p1a: Maushold\n|faint|p1a: Maushold\n|move|p1b: Ting-Lu|Fissure|p2a: Wo-Chien|[miss]\n|-miss|p1b: Ting-Lu|p2a: Wo-Chien\n|\n|upkeep\n|\n|t:|1682439944\n|switch|p1a: Amoonguss|Amoonguss, L50, M, shiny|100\/100\n|turn|5\n|\n|t:|1682439967\n|move|p1a: Amoonguss|Rage Powder|p1a: Amoonguss\n|-singleturn|p1a: Amoonguss|move: Rage Powder\n|move|p2b: Espathra|Lumina Crash|p1a: Amoonguss\n|-supereffective|p1a: Amoonguss\n|-damage|p1a: Amoonguss|54\/100\n|-unboost|p1a: Amoonguss|spd|2\n|move|p2a: Wo-Chien|Giga Drain|p1a: Amoonguss\n|-resisted|p1a: Amoonguss\n|-damage|p1a: Amoonguss|46\/100\n|-heal|p2a: Wo-Chien|100\/100|[from] drain|[of] p1a: Amoonguss\n|-enditem|p1a: Amoonguss|Sitrus Berry|[eat]\n|-heal|p1a: Amoonguss|71\/100|[from] item: Sitrus Berry\n|move|p1b: Ting-Lu|Fissure|p2a: Wo-Chien\n|-damage|p2a: Wo-Chien|0 fnt\n|faint|p2a: Wo-Chien\n|-ohko\n|\n|upkeep\n|\n|t:|1682439985\n|switch|p2a: Dragapult|Dragapult, L50, F|100\/100\n|turn|6\n|\n|t:|1682440007\n|-terastallize|p1a: Amoonguss|Water\n|move|p1a: Amoonguss|Rage Powder|p1a: Amoonguss\n|-singleturn|p1a: Amoonguss|move: Rage Powder\n|move|p2a: Dragapult|U-turn|p1a: Amoonguss\n|-damage|p1a: Amoonguss|53\/100\n|move|p2b: Espathra|Lumina Crash|p1a: Amoonguss\n|-damage|p1a: Amoonguss|5\/100\n|-unboost|p1a: Amoonguss|spd|2\n|move|p1b: Ting-Lu|Fissure|p2b: Espathra\n|-enditem|p2b: Espathra|Focus Sash\n|-damage|p2b: Espathra|1\/100\n|\n|-sideend|p2: Teyupume|Reflect\n|upkeep\n|turn|7\n|\n|t:|1682440031\n|move|p1a: Amoonguss|Protect|p1a: Amoonguss\n|-singleturn|p1a: Amoonguss|Protect\n|move|p2a: Dragapult|U-turn|p1b: Ting-Lu\n|-supereffective|p1b: Ting-Lu\n|-damage|p1b: Ting-Lu|57\/100\n|move|p2b: Espathra|Lumina Crash|p1a: Amoonguss\n|-activate|p1a: Amoonguss|move: Protect\n|move|p1b: Ting-Lu|Fissure|p2a: Dragapult|[miss]\n|-miss|p1b: Ting-Lu|p2a: Dragapult\n|\n|upkeep\n|turn|8\n|\n|t:|1682440048\n|move|p1a: Amoonguss|Rage Powder|p1a: Amoonguss\n|-singleturn|p1a: Amoonguss|move: Rage Powder\n|move|p2a: Dragapult|U-turn|p1a: Amoonguss\n|-damage|p1a: Amoonguss|0 fnt\n|faint|p1a: Amoonguss\n|move|p2b: Espathra|Lumina Crash|p1b: Ting-Lu\n|-immune|p1b: Ting-Lu\n|move|p1b: Ting-Lu|Fissure|p2a: Dragapult\n|-damage|p2a: Dragapult|0 fnt\n|faint|p2a: Dragapult\n|-ohko\n|\n|upkeep\n|turn|9\n|c|\u2606fainfive|what will it be\n|\n|t:|1682440068\n|move|p2b: Espathra|Tera Blast|p1b: Ting-Lu\n|-damage|p1b: Ting-Lu|49\/100\n|move|p1b: Ting-Lu|Stomping Tantrum|p2b: Espathra\n|-damage|p2b: Espathra|0 fnt\n|faint|p2b: Espathra\n|\n|win|fainfive\n|raw|fainfive's rating: 1082 → 1106<\/strong> (+24 for winning)\n|raw|Teyupume's rating: 1035 → 1022<\/strong> (-13 for losing)\n|c|\u2606fainfive|GOAT\n|l|\u2606Teyupume\n","uploadtime":1682440077,"views":12,"p1id":"fainfive","p2id":"teyupume","formatid":"gen9vgc2023regulationc","rating":1022,"private":0,"password":""}