{"id":"gen9vgc2023regulationc-1846161331","p1":"DVGames","p2":"SiderisVGC","format":"[Gen 9] VGC 2023 Regulation C","log":"|j|\u2606DVGames\n|j|\u2606SiderisVGC\n|t:|1681815594\n|gametype|doubles\n|player|p1|DVGames|2|1066\n|player|p2|SiderisVGC|266|1151\n|teamsize|p1|6\n|teamsize|p2|6\n|gen|9\n|tier|[Gen 9] VGC 2023 Regulation C\n|rated|\n|rule|Species Clause: Limit one of each Pok\u00e9mon\n|rule|Item Clause: Limit one of each item\n|clearpoke\n|poke|p1|Palafin, L50, F|\n|poke|p1|Scream Tail, L50|\n|poke|p1|Flutter Mane, L50|\n|poke|p1|Amoonguss, L50, M|\n|poke|p1|Arcanine, L50, F|\n|poke|p1|Gothitelle, L50, M|\n|poke|p2|Flutter Mane, L50|\n|poke|p2|Gyarados, L50, F|\n|poke|p2|Ting-Lu, L50|\n|poke|p2|Iron Hands, L50|\n|poke|p2|Amoonguss, L50, M|\n|poke|p2|Ceruledge, L50, M|\n|teampreview|4\n|\n|t:|1681815653\n|start\n|switch|p1a: Palafin|Palafin, L50, F|100\/100\n|switch|p1b: Flutter Mane|Flutter Mane, L50|100\/100\n|switch|p2a: Gyarados|Gyarados, L50, F|100\/100\n|switch|p2b: Ting-Lu|Ting-Lu, L50|100\/100\n|-ability|p2a: Gyarados|Intimidate|boost\n|-unboost|p1a: Palafin|atk|1\n|-unboost|p1b: Flutter Mane|atk|1\n|-ability|p2b: Ting-Lu|Vessel of Ruin\n|turn|1\n|inactive|Battle timer is ON: inactive players will automatically lose when time's up. (requested by SiderisVGC)\n|inactive|DVGames has 60 seconds left.\n|\n|t:|1681815687\n|detailschange|p1a: Palafin|Palafin-Hero, L50, F\n|switch|p1a: Gothitelle|Gothitelle, L50, M|100\/100\n|move|p1b: Flutter Mane|Protect|p1b: Flutter Mane\n|-singleturn|p1b: Flutter Mane|Protect\n|move|p2a: Gyarados|Waterfall|p1b: Flutter Mane\n|-activate|p1b: Flutter Mane|move: Protect\n|move|p2b: Ting-Lu|Heavy Slam|p1b: Flutter Mane\n|-activate|p1b: Flutter Mane|move: Protect\n|\n|upkeep\n|turn|2\n|inactive|DVGames has 30 seconds left.\n|\n|t:|1681815716\n|move|p1a: Gothitelle|Fake Out|p2a: Gyarados\n|-damage|p2a: Gyarados|96\/100\n|move|p1b: Flutter Mane|Moonblast|p2b: Ting-Lu\n|-supereffective|p2b: Ting-Lu\n|-damage|p2b: Ting-Lu|49\/100\n|cant|p2a: Gyarados|flinch\n|move|p2b: Ting-Lu|Heavy Slam|p1b: Flutter Mane\n|-supereffective|p1b: Flutter Mane\n|-enditem|p1b: Flutter Mane|Focus Sash\n|-damage|p1b: Flutter Mane|1\/100\n|\n|upkeep\n|turn|3\n|inactive|DVGames has 30 seconds left.\n|\n|t:|1681815748\n|move|p1b: Flutter Mane|Perish Song|p1b: Flutter Mane\n|-start|p1a: Gothitelle|perish3|[silent]\n|-start|p1b: Flutter Mane|perish3|[silent]\n|-start|p2a: Gyarados|perish3|[silent]\n|-start|p2b: Ting-Lu|perish3|[silent]\n|-fieldactivate|move: Perish Song\n|move|p2a: Gyarados|Waterfall|p1b: Flutter Mane\n|-damage|p1b: Flutter Mane|0 fnt\n|faint|p1b: Flutter Mane\n|-end|p1b: Flutter Mane|Protosynthesis|[silent]\n|move|p1a: Gothitelle|Psychic|p2a: Gyarados\n|-damage|p2a: Gyarados|78\/100\n|move|p2b: Ting-Lu|Heavy Slam|p1a: Gothitelle\n|-crit|p1a: Gothitelle\n|-damage|p1a: Gothitelle|17\/100\n|-enditem|p1a: Gothitelle|Sitrus Berry|[eat]\n|-heal|p1a: Gothitelle|42\/100|[from] item: Sitrus Berry\n|\n|-start|p2a: Gyarados|perish3\n|-start|p1a: Gothitelle|perish3\n|-start|p2b: Ting-Lu|perish3\n|upkeep\n|inactive|DVGames has 30 seconds left.\n|\n|t:|1681815775\n|switch|p1b: Scream Tail|Scream Tail, L50, shiny|100\/100\n|-enditem|p1b: Scream Tail|Booster Energy\n|-activate|p1b: Scream Tail|ability: Protosynthesis|[fromitem]\n|-start|p1b: Scream Tail|protosynthesisspe\n|turn|4\n|\n|t:|1681815785\n|move|p1b: Scream Tail|Protect|p1b: Scream Tail\n|-singleturn|p1b: Scream Tail|Protect\n|move|p1a: Gothitelle|Protect|p1a: Gothitelle\n|-singleturn|p1a: Gothitelle|Protect\n|move|p2a: Gyarados|Waterfall|p1a: Gothitelle\n|-activate|p1a: Gothitelle|move: Protect\n|move|p2b: Ting-Lu|Heavy Slam|p1a: Gothitelle\n|-activate|p1a: Gothitelle|move: Protect\n|\n|-start|p2a: Gyarados|perish2\n|-start|p1a: Gothitelle|perish2\n|-start|p2b: Ting-Lu|perish2\n|upkeep\n|turn|5\n|inactive|DVGames has 30 seconds left.\n|inactive|DVGames has 20 seconds left.\n|\n|t:|1681815828\n|move|p2a: Gyarados|Helping Hand|p2b: Ting-Lu\n|-singleturn|p2b: Ting-Lu|Helping Hand|[of] p2a: Gyarados\n|move|p1b: Scream Tail|Play Rough|p2b: Ting-Lu\n|-supereffective|p2b: Ting-Lu\n|-damage|p2b: Ting-Lu|22\/100\n|move|p1a: Gothitelle|Psychic|p2a: Gyarados\n|-damage|p2a: Gyarados|58\/100\n|move|p2b: Ting-Lu|Heavy Slam|p1b: Scream Tail\n|-supereffective|p1b: Scream Tail\n|-damage|p1b: Scream Tail|0 fnt\n|faint|p1b: Scream Tail\n|-end|p1b: Scream Tail|Protosynthesis|[silent]\n|\n|-start|p2a: Gyarados|perish1\n|-start|p1a: Gothitelle|perish1\n|-start|p2b: Ting-Lu|perish1\n|upkeep\n|\n|t:|1681815842\n|switch|p1b: Palafin|Palafin-Hero, L50, F|100\/100\n|-activate|p1b: Palafin|ability: Zero to Hero\n|turn|6\n|\n|t:|1681815860\n|move|p1b: Palafin|Protect|p1b: Palafin\n|-singleturn|p1b: Palafin|Protect\n|move|p1a: Gothitelle|Protect|p1a: Gothitelle\n|-singleturn|p1a: Gothitelle|Protect\n|move|p2a: Gyarados|Thunder Wave|p1b: Palafin\n|-activate|p1b: Palafin|move: Protect\n|move|p2b: Ting-Lu|Heavy Slam|p1a: Gothitelle\n|-activate|p1a: Gothitelle|move: Protect\n|\n|-start|p2a: Gyarados|perish0\n|-start|p1a: Gothitelle|perish0\n|-start|p2b: Ting-Lu|perish0\n|faint|p2a: Gyarados\n|faint|p1a: Gothitelle\n|faint|p2b: Ting-Lu\n|upkeep\n|\n|t:|1681815872\n|switch|p2a: Iron Hands|Iron Hands, L50|100\/100\n|switch|p2b: Amoonguss|Amoonguss, L50, M, shiny|100\/100\n|turn|7\n|\n|t:|1681815889\n|-terastallize|p1b: Palafin|Water\n|-terastallize|p2a: Iron Hands|Grass\n|move|p2a: Iron Hands|Fake Out|p1b: Palafin\n|-damage|p1b: Palafin|85\/100\n|cant|p1b: Palafin|flinch\n|move|p2b: Amoonguss|Spore|p1b: Palafin\n|-status|p1b: Palafin|slp|[from] move: Spore\n|\n|upkeep\n|turn|8\n|-message|DVGames forfeited.\n|\n|win|SiderisVGC\n|raw|DVGames's rating: 1066 → 1051<\/strong> (-15 for losing)\n|raw|SiderisVGC's rating: 1151 → 1170<\/strong> (+19 for winning)\n|l|\u2606DVGames\n","uploadtime":1681815909,"views":14,"p1id":"dvgames","p2id":"siderisvgc","formatid":"gen9vgc2023regulationc","rating":1051,"private":0,"password":""}