{"id":"gen9vgc2023regulationc-1847249228","p1":"HonestTestingFan","p2":"haha u rage quit","format":"[Gen 9] VGC 2023 Regulation C","log":"|j|\u2606HonestTestingFan\n|j|\u2606haha u rage quit\n|t:|1681931373\n|gametype|doubles\n|player|p1|HonestTestingFan|101|1103\n|player|p2|haha u rage quit|pokemaniac|1165\n|teamsize|p1|6\n|teamsize|p2|6\n|gen|9\n|tier|[Gen 9] VGC 2023 Regulation C\n|rated|\n|rule|Species Clause: Limit one of each Pok\u00e9mon\n|rule|Item Clause: Limit one of each item\n|clearpoke\n|poke|p1|Arcanine, L50, F|\n|poke|p1|Flutter Mane, L50|\n|poke|p1|Amoonguss, L50, M|\n|poke|p1|Ting-Lu, L50|\n|poke|p1|Palafin, L50, M|\n|poke|p1|Iron Bundle, L50|\n|poke|p2|Garganacl, L50, M|\n|poke|p2|Wo-Chien, L50|\n|poke|p2|Amoonguss, L50, M|\n|poke|p2|Ting-Lu, L50|\n|poke|p2|Dondozo, L50, M|\n|poke|p2|Arcanine, L50, M|\n|teampreview|4\n|inactive|Battle timer is ON: inactive players will automatically lose when time's up. (requested by HonestTestingFan)\n|\n|t:|1681931409\n|start\n|switch|p1a: Amoonguss|Amoonguss, L50, M|100\/100\n|switch|p1b: Palafin|Palafin, L50, M|100\/100\n|switch|p2a: Garganacl|Garganacl, L50, M|100\/100\n|switch|p2b: Dondozo|Dondozo, L50, M|100\/100\n|turn|1\n|\n|t:|1681931433\n|switch|p2b: Arcanine|Arcanine, L50, M|100\/100\n|-ability|p2b: Arcanine|Intimidate|boost\n|-unboost|p1a: Amoonguss|atk|1\n|-unboost|p1b: Palafin|atk|1\n|switch|p1a: Arcanine|Arcanine, L50, F|100\/100\n|-ability|p1a: Arcanine|Intimidate|boost\n|-unboost|p2a: Garganacl|atk|1\n|-unboost|p2b: Arcanine|atk|1\n|-terastallize|p2a: Garganacl|Poison\n|move|p1b: Palafin|Protect|p1b: Palafin\n|-singleturn|p1b: Palafin|Protect\n|move|p2a: Garganacl|Salt Cure|p1b: Palafin\n|-activate|p1b: Palafin|move: Protect\n|\n|upkeep\n|turn|2\n|\n|t:|1681931452\n|detailschange|p1b: Palafin|Palafin-Hero, L50, M\n|switch|p1b: Amoonguss|Amoonguss, L50, M|100\/100\n|move|p2b: Arcanine|Protect|p2b: Arcanine\n|-singleturn|p2b: Arcanine|Protect\n|move|p1a: Arcanine|Protect|p1a: Arcanine\n|-singleturn|p1a: Arcanine|Protect\n|move|p2a: Garganacl|Salt Cure|p1b: Amoonguss\n|-crit|p1b: Amoonguss\n|-damage|p1b: Amoonguss|82\/100\n|-start|p1b: Amoonguss|Salt Cure\n|\n|-damage|p1b: Amoonguss|70\/100|[from] Salt Cure\n|upkeep\n|turn|3\n|inactive|HonestTestingFan has 30 seconds left.\n|\n|t:|1681931479\n|move|p1a: Arcanine|Extreme Speed|p2b: Arcanine\n|-damage|p2b: Arcanine|75\/100\n|move|p1b: Amoonguss|Rage Powder|p1b: Amoonguss\n|-singleturn|p1b: Amoonguss|move: Rage Powder\n|move|p2b: Arcanine|Flare Blitz|p1b: Amoonguss\n|-supereffective|p1b: Amoonguss\n|-damage|p1b: Amoonguss|5\/100\n|-enditem|p1b: Amoonguss|Sitrus Berry|[eat]\n|-heal|p1b: Amoonguss|30\/100|[from] item: Sitrus Berry\n|-damage|p2b: Arcanine|47\/100|[from] Recoil\n|move|p2a: Garganacl|Salt Cure|p1b: Amoonguss\n|-damage|p1b: Amoonguss|22\/100\n|\n|-damage|p1b: Amoonguss|10\/100|[from] Salt Cure\n|upkeep\n|turn|4\n|\n|t:|1681931502\n|move|p2b: Arcanine|Protect|p2b: Arcanine\n|-singleturn|p2b: Arcanine|Protect\n|move|p1a: Arcanine|Extreme Speed|p2b: Arcanine\n|-activate|p2b: Arcanine|move: Protect\n|move|p1b: Amoonguss|Rage Powder|p1b: Amoonguss\n|-singleturn|p1b: Amoonguss|move: Rage Powder\n|move|p2a: Garganacl|Salt Cure|p1b: Amoonguss\n|-damage|p1b: Amoonguss|1\/100\n|\n|-damage|p1b: Amoonguss|0 fnt|[from] Salt Cure\n|faint|p1b: Amoonguss\n|upkeep\n|inactive|HonestTestingFan has 30 seconds left.\n|inactive|HonestTestingFan has 20 seconds left.\n|\n|t:|1681931537\n|switch|p1b: Flutter Mane|Flutter Mane, L50|100\/100\n|-enditem|p1b: Flutter Mane|Booster Energy\n|-activate|p1b: Flutter Mane|ability: Protosynthesis|[fromitem]\n|-start|p1b: Flutter Mane|protosynthesisspe\n|turn|5\n|\n|t:|1681931555\n|switch|p2b: Dondozo|Dondozo, L50, M|100\/100\n|move|p1b: Flutter Mane|Protect|p1b: Flutter Mane\n|-singleturn|p1b: Flutter Mane|Protect\n|move|p1a: Arcanine|Extreme Speed|p2b: Dondozo\n|-damage|p2b: Dondozo|87\/100\n|move|p2a: Garganacl|Salt Cure|p1b: Flutter Mane\n|-activate|p1b: Flutter Mane|move: Protect\n|\n|upkeep\n|turn|6\n|inactive|HonestTestingFan has 30 seconds left.\n|\n|t:|1681931581\n|move|p1b: Flutter Mane|Shadow Ball|p2a: Garganacl\n|-damage|p2a: Garganacl|87\/100\n|-unboost|p2a: Garganacl|spd|1\n|move|p1a: Arcanine|Will-O-Wisp|p2b: Dondozo\n|-status|p2b: Dondozo|brn\n|move|p2b: Dondozo|Wave Crash|p1b: Flutter Mane\n|-damage|p1b: Flutter Mane|75\/100\n|-damage|p2b: Dondozo|82\/100 brn|[from] Recoil\n|move|p2a: Garganacl|Salt Cure|p1b: Flutter Mane\n|-damage|p1b: Flutter Mane|63\/100\n|-start|p1b: Flutter Mane|Salt Cure\n|\n|-heal|p2a: Garganacl|93\/100|[from] item: Leftovers\n|-damage|p2b: Dondozo|76\/100 brn|[from] brn\n|-damage|p1b: Flutter Mane|50\/100|[from] Salt Cure\n|upkeep\n|turn|7\n|\n|t:|1681931602\n|move|p2a: Garganacl|Protect|p2a: Garganacl\n|-singleturn|p2a: Garganacl|Protect\n|move|p1a: Arcanine|Extreme Speed|p2a: Garganacl\n|-activate|p2a: Garganacl|move: Protect\n|move|p1b: Flutter Mane|Moonblast|p2a: Garganacl\n|-activate|p2a: Garganacl|move: Protect\n|move|p2b: Dondozo|Fissure|p1a: Arcanine|[miss]\n|-miss|p2b: Dondozo|p1a: Arcanine\n|\n|-heal|p2a: Garganacl|99\/100|[from] item: Leftovers\n|-damage|p2b: Dondozo|70\/100 brn|[from] brn\n|-damage|p1b: Flutter Mane|38\/100|[from] Salt Cure\n|upkeep\n|turn|8\n|\n|t:|1681931617\n|switch|p2a: Amoonguss|Amoonguss, L50, M|100\/100\n|move|p1a: Arcanine|Extreme Speed|p2a: Amoonguss\n|-damage|p2a: Amoonguss|83\/100\n|move|p1b: Flutter Mane|Moonblast|p2a: Amoonguss\n|-resisted|p2a: Amoonguss\n|-damage|p2a: Amoonguss|65\/100\n|-unboost|p2a: Amoonguss|spa|1\n|move|p2b: Dondozo|Fissure|p1a: Arcanine\n|-damage|p1a: Arcanine|0 fnt\n|faint|p1a: Arcanine\n|-ohko\n|\n|-heal|p2a: Amoonguss|71\/100|[from] item: Black Sludge\n|-damage|p2b: Dondozo|64\/100 brn|[from] brn\n|-damage|p1b: Flutter Mane|25\/100|[from] Salt Cure\n|upkeep\n|\n|t:|1681931627\n|switch|p1a: Palafin|Palafin-Hero, L50, M|100\/100\n|-activate|p1a: Palafin|ability: Zero to Hero\n|turn|9\n|\n|t:|1681931648\n|-terastallize|p1a: Palafin|Grass\n|move|p2b: Dondozo|Protect|p2b: Dondozo\n|-singleturn|p2b: Dondozo|Protect\n|move|p2a: Amoonguss|Protect|p2a: Amoonguss\n|-singleturn|p2a: Amoonguss|Protect\n|move|p1b: Flutter Mane|Moonblast|p2b: Dondozo\n|-activate|p2b: Dondozo|move: Protect\n|move|p1a: Palafin|Drain Punch|p2b: Dondozo\n|-activate|p2b: Dondozo|move: Protect\n|\n|-heal|p2a: Amoonguss|77\/100|[from] item: Black Sludge\n|-damage|p2b: Dondozo|57\/100 brn|[from] brn\n|-damage|p1b: Flutter Mane|13\/100|[from] Salt Cure\n|upkeep\n|turn|10\n|inactive|haha u rage quit has 30 seconds left.\n|\n|t:|1681931679\n|move|p1b: Flutter Mane|Moonblast|p2b: Dondozo\n|-damage|p2b: Dondozo|30\/100 brn\n|-unboost|p2b: Dondozo|spa|1\n|move|p1a: Palafin|Drain Punch|p2b: Dondozo\n|-damage|p2b: Dondozo|4\/100 brn\n|-enditem|p2b: Dondozo|Aguav Berry|[eat]\n|-heal|p2b: Dondozo|37\/100 brn|[from] item: Aguav Berry\n|-damage|p1a: Palafin|91\/100|[from] item: Life Orb\n|move|p2b: Dondozo|Yawn|p1a: Palafin\n|-start|p1a: Palafin|move: Yawn|[of] p2b: Dondozo\n|move|p2a: Amoonguss|Pollen Puff|p1a: Palafin\n|-supereffective|p1a: Palafin\n|-damage|p1a: Palafin|67\/100\n|\n|-heal|p2a: Amoonguss|83\/100|[from] item: Black Sludge\n|-damage|p2b: Dondozo|30\/100 brn|[from] brn\n|-damage|p1b: Flutter Mane|0 fnt|[from] Salt Cure\n|faint|p1b: Flutter Mane\n|-end|p1b: Flutter Mane|Protosynthesis|[silent]\n|upkeep\n|turn|11\n|inactive|HonestTestingFan has 30 seconds left.\n|c|\u2606HonestTestingFan|accurate username\n|c|\u2606HonestTestingFan|gg\n|inactive|HonestTestingFan has 20 seconds left.\n|inactive|HonestTestingFan has 15 seconds left.\n|inactive|haha u rage quit has 30 seconds left.\n|-message|HonestTestingFan forfeited.\n|\n|win|haha u rage quit\n|raw|HonestTestingFan's rating: 1103 → 1082<\/strong> (-21 for losing)\n|raw|haha u rage quit's rating: 1165 → 1186<\/strong> (+21 for winning)\n|l|\u2606HonestTestingFan\n","uploadtime":1681931740,"views":13,"p1id":"honesttestingfan","p2id":"hahauragequit","formatid":"gen9vgc2023regulationc","rating":1082,"private":0,"password":""}