{"id":"gen9vgc2023regulationc-1846234462","p1":"BlindMagneton","p2":"Haajoon","format":"[Gen 9] VGC 2023 Regulation C","log":"|j|\u2606BlindMagneton\n|j|\u2606Haajoon\n|t:|1681824008\n|gametype|doubles\n|player|p1|BlindMagneton|wattson|1184\n|player|p2|Haajoon|101|1156\n|teamsize|p1|6\n|teamsize|p2|6\n|gen|9\n|tier|[Gen 9] VGC 2023 Regulation C\n|rated|\n|rule|Species Clause: Limit one of each Pok\u00e9mon\n|rule|Item Clause: Limit one of each item\n|clearpoke\n|poke|p1|Iron Bundle, L50|\n|poke|p1|Palafin, L50, M|\n|poke|p1|Ceruledge, L50, M|\n|poke|p1|Grimmsnarl, L50, M|\n|poke|p1|Dachsbun, L50, F|\n|poke|p1|Dragapult, L50, M|\n|poke|p2|Annihilape, L50, F|\n|poke|p2|Great Tusk, L50|\n|poke|p2|Iron Bundle, L50|\n|poke|p2|Flutter Mane, L50|\n|poke|p2|Dragonite, L50, M|\n|poke|p2|Maushold-Four, L50|\n|teampreview|4\n|inactive|Battle timer is ON: inactive players will automatically lose when time's up. (requested by Haajoon)\n|inactive|BlindMagneton has 60 seconds left.\n|\n|t:|1681824068\n|start\n|switch|p1a: Grimmsnarl|Grimmsnarl, L50, M|100\/100\n|switch|p1b: Dragapult|Dragapult, L50, M|100\/100\n|switch|p2a: Maushold|Maushold-Four, L50|100\/100\n|switch|p2b: Flutter Mane|Flutter Mane, L50|100\/100\n|turn|1\n|inactive|BlindMagneton has 30 seconds left.\n|\n|t:|1681824096\n|-terastallize|p1b: Dragapult|Fairy\n|-terastallize|p2b: Flutter Mane|Fairy\n|move|p2a: Maushold|Follow Me|p2a: Maushold\n|-singleturn|p2a: Maushold|move: Follow Me\n|move|p1a: Grimmsnarl|Swagger|p2a: Maushold\n|-boost|p2a: Maushold|atk|2\n|-enditem|p1b: Dragapult|Mirror Herb\n|-boost|p1b: Dragapult|atk|2|[from] item: Mirror Herb\n|-start|p2a: Maushold|confusion\n|move|p1b: Dragapult|Dragon Darts|p2a: Maushold\n|-damage|p2a: Maushold|40\/100\n|-anim|p1b: Dragapult|Dragon Darts|p2a: Maushold\n|-damage|p2a: Maushold|0 fnt\n|faint|p2a: Maushold\n|move|p2b: Flutter Mane|Dazzling Gleam|p1a: Grimmsnarl|[spread] p1a,p1b\n|-supereffective|p1a: Grimmsnarl\n|-enditem|p1a: Grimmsnarl|Focus Sash\n|-damage|p1a: Grimmsnarl|1\/100\n|-damage|p1b: Dragapult|15\/100\n|\n|upkeep\n|\n|t:|1681824116\n|switch|p2a: Iron Bundle|Iron Bundle, L50|100\/100\n|-enditem|p2a: Iron Bundle|Booster Energy\n|-activate|p2a: Iron Bundle|ability: Quark Drive|[fromitem]\n|-start|p2a: Iron Bundle|quarkdrivespe\n|turn|2\n|\n|t:|1681824131\n|move|p1a: Grimmsnarl|Thunder Wave|p2a: Iron Bundle\n|-status|p2a: Iron Bundle|par\n|move|p1b: Dragapult|Phantom Force||[still]\n|-prepare|p1b: Dragapult|Phantom Force\n|move|p2b: Flutter Mane|Dazzling Gleam|p1a: Grimmsnarl|[spread] p1a\n|-miss|p2b: Flutter Mane|p1b: Dragapult\n|-supereffective|p1a: Grimmsnarl\n|-damage|p1a: Grimmsnarl|0 fnt\n|faint|p1a: Grimmsnarl\n|move|p2a: Iron Bundle|Icy Wind|p1b: Dragapult|[miss]\n|-miss|p2a: Iron Bundle|p1b: Dragapult\n|\n|upkeep\n|\n|t:|1681824144\n|switch|p1a: Palafin|Palafin, L50, M|100\/100\n|turn|3\n|inactive|Haajoon has 30 seconds left.\n|\n|t:|1681824173\n|-end|p2b: Flutter Mane|Protosynthesis|[silent]\n|switch|p2b: Annihilape|Annihilape, L50, F|100\/100\n|detailschange|p1a: Palafin|Palafin-Hero, L50, M\n|switch|p1a: Iron Bundle|Iron Bundle, L50|100\/100\n|-enditem|p1a: Iron Bundle|Booster Energy\n|-activate|p1a: Iron Bundle|ability: Quark Drive|[fromitem]\n|-start|p1a: Iron Bundle|quarkdrivespe\n|move|p1b: Dragapult|Phantom Force|p2b: Annihilape|[from]lockedmove\n|-supereffective|p2b: Annihilape\n|-damage|p2b: Annihilape|0 fnt\n|faint|p2b: Annihilape\n|cant|p2a: Iron Bundle|par\n|\n|upkeep\n|\n|t:|1681824186\n|switch|p2b: Flutter Mane|Flutter Mane, L50, tera:Fairy|100\/100\n|turn|4\n|\n|t:|1681824204\n|move|p1a: Iron Bundle|Protect|p1a: Iron Bundle\n|-singleturn|p1a: Iron Bundle|Protect\n|move|p1b: Dragapult|Phantom Force||[still]\n|-prepare|p1b: Dragapult|Phantom Force\n|move|p2b: Flutter Mane|Moonblast|p1a: Iron Bundle\n|-activate|p1a: Iron Bundle|move: Protect\n|move|p2a: Iron Bundle|Icy Wind|p1b: Dragapult|[spread] \n|-miss|p2a: Iron Bundle|p1b: Dragapult\n|-activate|p1a: Iron Bundle|move: Protect\n|\n|upkeep\n|turn|5\n|\n|t:|1681824225\n|move|p1a: Iron Bundle|Icy Wind|p2b: Flutter Mane|[spread] p2a,p2b\n|-resisted|p2a: Iron Bundle\n|-damage|p2a: Iron Bundle|92\/100 par\n|-damage|p2b: Flutter Mane|80\/100\n|-unboost|p2a: Iron Bundle|spe|1\n|-unboost|p2b: Flutter Mane|spe|1\n|move|p1b: Dragapult|Phantom Force|p2b: Flutter Mane|[from]lockedmove\n|-damage|p2b: Flutter Mane|0 fnt\n|faint|p2b: Flutter Mane\n|-end|p2b: Flutter Mane|Protosynthesis|[silent]\n|move|p2a: Iron Bundle|Icy Wind|p1b: Dragapult|[spread] p1a\n|-miss|p2a: Iron Bundle|p1b: Dragapult\n|-resisted|p1a: Iron Bundle\n|-damage|p1a: Iron Bundle|91\/100\n|-unboost|p1a: Iron Bundle|spe|1\n|\n|upkeep\n|turn|6\n|-message|Haajoon forfeited.\n|\n|win|BlindMagneton\n|raw|BlindMagneton's rating: 1184 → 1207<\/strong> (+23 for winning)\n|raw|Haajoon's rating: 1156 → 1133<\/strong> (-23 for losing)\n|l|\u2606Haajoon\n","uploadtime":1681824243,"views":5,"p1id":"blindmagneton","p2id":"haajoon","formatid":"gen9vgc2023regulationc","rating":1133,"private":0,"password":""}