{"id":"gen9vgc2023regulationc-1847836128","p1":"dreamswgh","p2":"immatwork","format":"[Gen 9] VGC 2023 Regulation C","log":"|j|\u2606dreamswgh\n|j|\u2606immatwork\n|t:|1682005936\n|gametype|doubles\n|player|p1|dreamswgh|nate|1388\n|player|p2|immatwork|102|1340\n|teamsize|p1|6\n|teamsize|p2|6\n|gen|9\n|tier|[Gen 9] VGC 2023 Regulation C\n|rated|\n|rule|Species Clause: Limit one of each Pok\u00e9mon\n|rule|Item Clause: Limit one of each item\n|clearpoke\n|poke|p1|Torkoal, L50, F|\n|poke|p1|Flutter Mane, L50|\n|poke|p1|Indeedee-F, L50, F|\n|poke|p1|Hatterene, L50, F|\n|poke|p1|Corviknight, L50, M|\n|poke|p1|Mudsdale, L50, M|\n|poke|p2|Garganacl, L50, F|\n|poke|p2|Scream Tail, L50|\n|poke|p2|Rabsca, L50, M|\n|poke|p2|Houndstone, L50, F|\n|poke|p2|Ting-Lu, L50|\n|poke|p2|Torkoal, L50, F|\n|teampreview|4\n|\n|t:|1682005986\n|start\n|switch|p1a: Nevada|Indeedee-F, L50, F|100\/100\n|switch|p1b: Okalahoma|Corviknight, L50, M|100\/100\n|switch|p2a: Scream Tail|Scream Tail, L50|100\/100\n|switch|p2b: Garganacl|Garganacl, L50, F|100\/100\n|-fieldstart|move: Psychic Terrain|[from] ability: Psychic Surge|[of] p1a: Nevada\n|-enditem|p1a: Nevada|Psychic Seed\n|-boost|p1a: Nevada|spd|1|[from] item: Psychic Seed\n|turn|1\n|\n|t:|1682006015\n|-terastallize|p2b: Garganacl|Ghost\n|move|p1a: Nevada|Helping Hand|p1b: Okalahoma\n|-singleturn|p1b: Okalahoma|Helping Hand|[of] p1a: Nevada\n|move|p1b: Okalahoma|Iron Head|p2b: Garganacl\n|-damage|p2b: Garganacl|48\/100\n|move|p2b: Garganacl|Salt Cure|p1b: Okalahoma\n|-damage|p1b: Okalahoma|80\/100\n|-start|p1b: Okalahoma|Salt Cure\n|-damage|p2b: Garganacl|39\/100|[from] item: Life Orb\n|move|p2a: Scream Tail|Trick Room|p2a: Scream Tail\n|-fieldstart|move: Trick Room|[of] p2a: Scream Tail\n|\n|-damage|p1b: Okalahoma|56\/100|[from] Salt Cure\n|upkeep\n|turn|2\n|\n|t:|1682006034\n|-end|p2a: Scream Tail|Protosynthesis|[silent]\n|switch|p2a: Rabsca|Rabsca, L50, M|100\/100\n|move|p1a: Nevada|Helping Hand|p1b: Okalahoma\n|-singleturn|p1b: Okalahoma|Helping Hand|[of] p1a: Nevada\n|move|p2b: Garganacl|Explosion|p1b: Okalahoma|[spread] p1a,p1b\n|-activate|p2a: Rabsca|ability: Telepathy\n|-resisted|p1b: Okalahoma\n|-damage|p1a: Nevada|28\/100\n|-damage|p1b: Okalahoma|21\/100\n|faint|p2b: Garganacl\n|move|p1b: Okalahoma|Iron Head|p2a: Rabsca\n|-damage|p2a: Rabsca|36\/100\n|\n|-damage|p1b: Okalahoma|0 fnt|[from] Salt Cure\n|faint|p1b: Okalahoma\n|upkeep\n|\n|t:|1682006048\n|switch|p2b: Torkoal|Torkoal, L50, F|100\/100\n|switch|p1b: New Mexico|Hatterene, L50, F|100\/100\n|-weather|SunnyDay|[from] ability: Drought|[of] p2b: Torkoal\n|turn|3\n|\n|t:|1682006070\n|-terastallize|p1b: New Mexico|Fire\n|move|p1a: Nevada|Helping Hand|p1b: New Mexico\n|-singleturn|p1b: New Mexico|Helping Hand|[of] p1a: Nevada\n|move|p1b: New Mexico|Psychic|p2b: Torkoal\n|-damage|p2b: Torkoal|0 fnt\n|faint|p2b: Torkoal\n|-damage|p1b: New Mexico|91\/100|[from] item: Life Orb\n|move|p2a: Rabsca|Revival Blessing|p2a: Rabsca\n|-enditem|p2a: Rabsca|Leppa Berry|[eat]\n|-activate|p2a: Rabsca|item: Leppa Berry|Revival Blessing|[consumed]\n|\n|t:|1682006090\n|-heal|p2: Garganacl|50\/100|[from] move: Revival Blessing\n|\n|-weather|SunnyDay|[upkeep]\n|upkeep\n|\n|t:|1682006091\n|switch|p2b: Scream Tail|Scream Tail, L50|100\/100\n|-activate|p2b: Scream Tail|ability: Protosynthesis\n|-start|p2b: Scream Tail|protosynthesisspa\n|turn|4\n|\n|t:|1682006120\n|move|p1a: Nevada|Helping Hand|p1b: New Mexico\n|-singleturn|p1b: New Mexico|Helping Hand|[of] p1a: Nevada\n|move|p1b: New Mexico|Mystical Fire|p2a: Rabsca\n|-supereffective|p2a: Rabsca\n|-damage|p2a: Rabsca|0 fnt\n|faint|p2a: Rabsca\n|-damage|p1b: New Mexico|82\/100|[from] item: Life Orb\n|move|p2b: Scream Tail|Trick Room|p2b: Scream Tail\n|-fieldend|move: Trick Room\n|\n|-weather|SunnyDay|[upkeep]\n|upkeep\n|\n|t:|1682006138\n|switch|p2a: Garganacl|Garganacl, L50, F|50\/100\n|turn|5\n|\n|t:|1682006151\n|move|p2b: Scream Tail|Helping Hand|p2a: Garganacl\n|-singleturn|p2a: Garganacl|Helping Hand|[of] p2b: Scream Tail\n|move|p1a: Nevada|Helping Hand|p1b: New Mexico\n|-singleturn|p1b: New Mexico|Helping Hand|[of] p1a: Nevada\n|move|p2a: Garganacl|Earthquake|p1a: Nevada|[spread] p2b,p1a,p1b\n|-supereffective|p1b: New Mexico\n|-damage|p2b: Scream Tail|65\/100\n|-damage|p1a: Nevada|0 fnt\n|-damage|p1b: New Mexico|0 fnt\n|faint|p1a: Nevada\n|faint|p1b: New Mexico\n|-damage|p2a: Garganacl|41\/100|[from] item: Life Orb\n|\n|-weather|SunnyDay|[upkeep]\n|-fieldend|move: Psychic Terrain\n|upkeep\n|\n|t:|1682006160\n|switch|p1b: Utah|Flutter Mane, L50|100\/100\n|-activate|p1b: Utah|ability: Protosynthesis\n|-start|p1b: Utah|protosynthesisspa\n|turn|6\n|\n|t:|1682006174\n|move|p1b: Utah|Dazzling Gleam|p2a: Garganacl|[spread] p2a,p2b\n|-damage|p2a: Garganacl|1\/100\n|-damage|p2b: Scream Tail|31\/100\n|move|p2b: Scream Tail|Dazzling Gleam|p1b: Utah\n|-damage|p1b: Utah|62\/100\n|move|p2a: Garganacl|Salt Cure|p1b: Utah\n|-damage|p1b: Utah|20\/100\n|-start|p1b: Utah|Salt Cure\n|-enditem|p1b: Utah|Sitrus Berry|[eat]\n|-heal|p1b: Utah|44\/100|[from] item: Sitrus Berry\n|-damage|p2a: Garganacl|0 fnt|[from] item: Life Orb\n|faint|p2a: Garganacl\n|\n|-weather|SunnyDay|[upkeep]\n|-damage|p1b: Utah|32\/100|[from] Salt Cure\n|upkeep\n|turn|7\n|-message|immatwork forfeited.\n|\n|win|dreamswgh\n|raw|dreamswgh's rating: 1388 → 1405<\/strong> (+17 for winning)\n|raw|immatwork's rating: 1340 → 1323<\/strong> (-17 for losing)\n|l|\u2606immatwork\n","uploadtime":1682006202,"views":9,"p1id":"dreamswgh","p2id":"immatwork","formatid":"gen9vgc2023regulationc","rating":1323,"private":0,"password":""}