{"id":"gen9vgc2023regulationc-1862183677","p1":"BapeChiang","p2":"shulivgc","format":"[Gen 9] VGC 2023 Regulation C","log":"|j|\u2606BapeChiang\n|j|\u2606shulivgc\n|t:|1683846513\n|gametype|doubles\n|player|p1|BapeChiang|roark|1635\n|player|p2|shulivgc|101|1668\n|teamsize|p1|6\n|teamsize|p2|6\n|gen|9\n|tier|[Gen 9] VGC 2023 Regulation C\n|rated|\n|rule|Species Clause: Limit one of each Pok\u00e9mon\n|rule|Item Clause: Limit one of each item\n|clearpoke\n|poke|p1|Dragapult, L50, M|\n|poke|p1|Rotom-Wash, L50|\n|poke|p1|Coalossal, L50, M|\n|poke|p1|Scizor, L50, M|\n|poke|p1|Bruxish, L50, M|\n|poke|p1|Chien-Pao, L50|\n|poke|p2|Orthworm, L50, F|\n|poke|p2|Ting-Lu, L50|\n|poke|p2|Dragonite, L50, M|\n|poke|p2|Flutter Mane, L50|\n|poke|p2|Iron Hands, L50|\n|poke|p2|Amoonguss, L50, M|\n|teampreview|4\nBapeChiang rejected open team sheets.\n|inactive|Battle timer is ON: inactive players will automatically lose when time's up. (requested by BapeChiang)\n|\n|t:|1683846574\n|start\n|switch|p1a: Rotom|Rotom-Wash, L50, shiny|100\/100\n|switch|p1b: Bruxish|Bruxish, L50, M|100\/100\n|switch|p2a: Ting-Lu|Ting-Lu, L50|100\/100\n|switch|p2b: Amoonguss|Amoonguss, L50, M|100\/100\n|-ability|p2a: Ting-Lu|Vessel of Ruin\n|turn|1\n|inactive|BapeChiang has 30 seconds left.\n|\n|t:|1683846601\n|-terastallize|p1a: Rotom|Grass\n|move|p1b: Bruxish|Psychic Fangs|p2b: Amoonguss\n|-supereffective|p2b: Amoonguss\n|-damage|p2b: Amoonguss|41\/100\n|-damage|p1b: Bruxish|84\/100|[from] item: Rocky Helmet|[of] p2b: Amoonguss\n|move|p1a: Rotom|Will-O-Wisp|p2a: Ting-Lu\n|-status|p2a: Ting-Lu|brn\n|move|p2a: Ting-Lu|Ruination|p1b: Bruxish\n|-damage|p1b: Bruxish|42\/100\n|move|p2b: Amoonguss|Spore|p1a: Rotom\n|-immune|p1a: Rotom\n|\n|-damage|p2a: Ting-Lu|94\/100 brn|[from] brn\n|upkeep\n|turn|2\n|\n|t:|1683846620\n|switch|p2b: Orthworm|Orthworm, L50, F|100\/100\n|move|p1b: Bruxish|Psychic Fangs|p2b: Orthworm\n|-resisted|p2b: Orthworm\n|-damage|p2b: Orthworm|88\/100\n|move|p1a: Rotom|Hydro Pump|p2b: Orthworm\n|-damage|p2b: Orthworm|42\/100\n|-enditem|p2b: Orthworm|Sitrus Berry|[eat]\n|-heal|p2b: Orthworm|67\/100|[from] item: Sitrus Berry\n|move|p2a: Ting-Lu|Ruination|p1a: Rotom\n|-damage|p1a: Rotom|50\/100\n|-enditem|p1a: Rotom|Sitrus Berry|[eat]\n|-heal|p1a: Rotom|75\/100|[from] item: Sitrus Berry\n|\n|-damage|p2a: Ting-Lu|88\/100 brn|[from] brn\n|upkeep\n|turn|3\n|j| Therazer456\n|inactive|shulivgc has 30 seconds left.\n|\n|t:|1683846650\n|switch|p1b: Scizor|Scizor, L50, M|100\/100\n|switch|p2b: Amoonguss|Amoonguss, L50, M|74\/100\n|move|p1a: Rotom|Will-O-Wisp|p2b: Amoonguss\n|-status|p2b: Amoonguss|brn\n|move|p2a: Ting-Lu|Ruination|p1a: Rotom\n|-damage|p1a: Rotom|38\/100\n|\n|-damage|p2a: Ting-Lu|82\/100 brn|[from] brn\n|-damage|p2b: Amoonguss|68\/100 brn|[from] brn\n|upkeep\n|turn|4\n|\n|t:|1683846668\n|switch|p2b: Orthworm|Orthworm, L50, F|67\/100\n|move|p1a: Rotom|Hydro Pump|p2a: Ting-Lu\n|-supereffective|p2a: Ting-Lu\n|-damage|p2a: Ting-Lu|27\/100 brn\n|move|p1b: Scizor|U-turn|p2b: Orthworm\n|-resisted|p2b: Orthworm\n|-damage|p2b: Orthworm|53\/100\n|\n|t:|1683846676\n|switch|p1b: Bruxish|Bruxish, L50, M|42\/100|[from] U-turn\n|move|p2a: Ting-Lu|Ruination|p1b: Bruxish\n|-damage|p1b: Bruxish|21\/100\n|\n|-damage|p2a: Ting-Lu|21\/100 brn|[from] brn\n|upkeep\n|turn|5\n|inactive|shulivgc has 30 seconds left.\n|inactive|shulivgc has 20 seconds left.\n|inactive|shulivgc has 15 seconds left.\n|inactive|shulivgc has 10 seconds left.\n|\n|t:|1683846725\n|switch|p2b: Amoonguss|Amoonguss, L50, M|100\/100 brn\n|move|p1b: Bruxish|Wave Crash|p2b: Amoonguss\n|-resisted|p2b: Amoonguss\n|-damage|p2b: Amoonguss|78\/100 brn\n|-damage|p1b: Bruxish|5\/100|[from] item: Rocky Helmet|[of] p2b: Amoonguss\n|-damage|p1b: Bruxish|0 fnt|[from] Recoil\n|faint|p1b: Bruxish\n|move|p1a: Rotom|Hydro Pump|p2a: Ting-Lu|[miss]\n|-miss|p1a: Rotom|p2a: Ting-Lu\n|move|p2a: Ting-Lu|Heavy Slam|p1a: Rotom\n|-damage|p1a: Rotom|18\/100\n|\n|-damage|p2a: Ting-Lu|15\/100 brn|[from] brn\n|-damage|p2b: Amoonguss|72\/100 brn|[from] brn\n|upkeep\n|\n|t:|1683846740\n|switch|p1b: Dragapult|Dragapult, L50, M, shiny|100\/100\n|turn|6\n|\n|t:|1683846756\n|move|p1b: Dragapult|Phantom Force||[still]\n|-prepare|p1b: Dragapult|Phantom Force\n|move|p1a: Rotom|Hydro Pump|p2a: Ting-Lu\n|-supereffective|p2a: Ting-Lu\n|-damage|p2a: Ting-Lu|0 fnt\n|faint|p2a: Ting-Lu\n|move|p2b: Amoonguss|Spore|p1b: Dragapult|[miss]\n|-miss|p2b: Amoonguss|p1b: Dragapult\n|\n|-damage|p2b: Amoonguss|66\/100 brn|[from] brn\n|upkeep\n|\n|t:|1683846767\n|switch|p2a: Iron Hands|Iron Hands, L50|100\/100\n|turn|7\n|\n|t:|1683846775\n|move|p1a: Rotom|Protect|p1a: Rotom\n|-singleturn|p1a: Rotom|Protect\n|move|p2a: Iron Hands|Fake Out|p1a: Rotom\n|-activate|p1a: Rotom|move: Protect\n|move|p1b: Dragapult|Phantom Force|p2b: Amoonguss|[from]lockedmove\n|-damage|p2b: Amoonguss|13\/100 brn\n|-damage|p1b: Dragapult|84\/100|[from] item: Rocky Helmet|[of] p2b: Amoonguss\n|move|p2b: Amoonguss|Spore|p1b: Dragapult\n|-status|p1b: Dragapult|slp|[from] move: Spore\n|\n|-damage|p2b: Amoonguss|7\/100 brn|[from] brn\n|upkeep\n|turn|8\n|\n|t:|1683846794\n|switch|p2b: Orthworm|Orthworm, L50, F|53\/100\n|cant|p1b: Dragapult|slp\n|move|p1a: Rotom|Will-O-Wisp|p2a: Iron Hands\n|-status|p2a: Iron Hands|brn\n|move|p2a: Iron Hands|Drain Punch|p1a: Rotom\n|-damage|p1a: Rotom|0 fnt\n|faint|p1a: Rotom\n|\n|-damage|p2a: Iron Hands|94\/100 brn|[from] brn\n|upkeep\n|\n|t:|1683846806\n|switch|p1a: Scizor|Scizor, L50, M|100\/100\n|turn|9\n|\n|t:|1683846814\n|-terastallize|p2a: Iron Hands|Ground\n|-curestatus|p1b: Dragapult|slp|[msg]\n|move|p1b: Dragapult|Phantom Force||[still]\n|-prepare|p1b: Dragapult|Phantom Force\n|move|p1a: Scizor|Close Combat|p2b: Orthworm\n|-supereffective|p2b: Orthworm\n|-damage|p2b: Orthworm|0 fnt\n|-unboost|p1a: Scizor|def|1\n|-unboost|p1a: Scizor|spd|1\n|faint|p2b: Orthworm\n|move|p2a: Iron Hands|Earthquake|p1a: Scizor|[spread] p1a\n|-miss|p2a: Iron Hands|p1b: Dragapult\n|-damage|p1a: Scizor|67\/100\n|\n|-damage|p2a: Iron Hands|88\/100 brn|[from] brn\n|upkeep\n|\n|t:|1683846822\n|switch|p2b: Amoonguss|Amoonguss, L50, M|40\/100 brn\n|turn|10\n|\n|t:|1683846837\n|move|p1b: Dragapult|Phantom Force|p2a: Iron Hands|[from]lockedmove\n|-damage|p2a: Iron Hands|44\/100 brn\n|move|p1a: Scizor|U-turn|p2b: Amoonguss\n|-damage|p2b: Amoonguss|7\/100 brn\n|-damage|p1a: Scizor|50\/100|[from] item: Rocky Helmet|[of] p2b: Amoonguss\n|move|p2a: Iron Hands|Drain Punch|p1a: Scizor\n|-damage|p1a: Scizor|18\/100\n|-heal|p2a: Iron Hands|56\/100 brn|[from] drain|[of] p1a: Scizor\n|move|p2b: Amoonguss|Spore|p1b: Dragapult\n|-status|p1b: Dragapult|slp|[from] move: Spore\n|\n|-damage|p2a: Iron Hands|50\/100 brn|[from] brn\n|-damage|p2b: Amoonguss|1\/100 brn|[from] brn\n|upkeep\n|turn|11\n|\n|t:|1683846856\n|move|p1a: Scizor|Protect|p1a: Scizor\n|-singleturn|p1a: Scizor|Protect\n|cant|p1b: Dragapult|slp\n|move|p2a: Iron Hands|Drain Punch|p1a: Scizor\n|-activate|p1a: Scizor|move: Protect\n|move|p2b: Amoonguss|Pollen Puff|p2a: Iron Hands\n|-heal|p2a: Iron Hands|99\/100 brn\n|\n|-damage|p2a: Iron Hands|94\/100 brn|[from] brn\n|-damage|p2b: Amoonguss|0 fnt|[from] brn\n|faint|p2b: Amoonguss\n|upkeep\n|turn|12\n|\n|t:|1683846873\n|cant|p1b: Dragapult|slp\n|move|p1a: Scizor|Close Combat|p2a: Iron Hands\n|-damage|p2a: Iron Hands|57\/100 brn\n|-unboost|p1a: Scizor|def|1\n|-unboost|p1a: Scizor|spd|1\n|move|p2a: Iron Hands|Earthquake|p1b: Dragapult|[spread] p1a,p1b\n|-damage|p1a: Scizor|0 fnt\n|-damage|p1b: Dragapult|52\/100 slp\n|faint|p1a: Scizor\n|\n|-damage|p2a: Iron Hands|51\/100 brn|[from] brn\n|upkeep\n|turn|13\n|\n|t:|1683846885\n|cant|p1b: Dragapult|slp\n|move|p2a: Iron Hands|Earthquake|p1b: Dragapult\n|-damage|p1b: Dragapult|9\/100 slp\n|\n|-damage|p2a: Iron Hands|45\/100 brn|[from] brn\n|upkeep\n|turn|14\n|\n|t:|1683846892\n|-curestatus|p1b: Dragapult|slp|[msg]\n|move|p1b: Dragapult|Phantom Force||[still]\n|-prepare|p1b: Dragapult|Phantom Force\n|move|p2a: Iron Hands|Earthquake|p1b: Dragapult|[miss]\n|-miss|p2a: Iron Hands|p1b: Dragapult\n|\n|-damage|p2a: Iron Hands|39\/100 brn|[from] brn\n|upkeep\n|turn|15\n|\n|t:|1683846900\n|move|p1b: Dragapult|Phantom Force|p2a: Iron Hands|[from]lockedmove\n|-damage|p2a: Iron Hands|0 fnt\n|faint|p2a: Iron Hands\n|-end|p2a: Iron Hands|Quark Drive|[silent]\n|\n|win|BapeChiang\n|raw|BapeChiang's rating: 1635 → 1657<\/strong> (+22 for winning)\n|raw|shulivgc's rating: 1668 → 1646<\/strong> (-22 for losing)\n|l|\u2606shulivgc\n","uploadtime":1683846910,"views":9,"p1id":"bapechiang","p2id":"shulivgc","formatid":"gen9vgc2023regulationc","rating":1646,"private":0,"password":""}