{"id":"gen9vgc2023regulationc-1860585889","p1":"TheOgreVGC","p2":"pessopissaoyeye","format":"[Gen 9] VGC 2023 Regulation C","log":"|j|\u2606TheOgreVGC\n|j|\u2606pessopissaoyeye\n|t:|1683656713\n|gametype|doubles\n|player|p1|TheOgreVGC|n-masters|\n|player|p2|pessopissaoyeye|brycenman|\n|teamsize|p1|6\n|teamsize|p2|6\n|gen|9\n|tier|[Gen 9] VGC 2023 Regulation C\n|rule|Species Clause: Limit one of each Pok\u00e9mon\n|rule|Item Clause: Limit one of each item\n|clearpoke\n|poke|p1|Iron Hands, L50|\n|poke|p1|Flutter Mane, L50|\n|poke|p1|Ting-Lu, L50|\n|poke|p1|Gyarados, L50, M|\n|poke|p1|Amoonguss, L50, M|\n|poke|p1|Chi-Yu, L50|\n|poke|p2|Palafin, L50, M|\n|poke|p2|Arcanine, L50, F|\n|poke|p2|Amoonguss, L50, F|\n|poke|p2|Ting-Lu, L50|\n|poke|p2|Iron Hands, L50|\n|poke|p2|Flutter Mane, L50|\n|teampreview|4\n|inactive|Battle timer is ON: inactive players will automatically lose when time's up. (requested by pessopissaoyeye)\nTheOgreVGC has agreed to open team sheets.\n|c|\u2606TheOgreVGC|g1\npessopissaoyeye has agreed to open team sheets.\n|inactiveoff|Battle timer is now OFF.\n|c|\u2606TheOgreVGC|glhf fra\n|c|\u2606pessopissaoyeye|glhf\n|inactive|Battle timer is ON: inactive players will automatically lose when time's up. (requested by pessopissaoyeye)\n|inactive|TheOgreVGC has 30 seconds left.\n|inactive|pessopissaoyeye has 30 seconds left.\n|inactive|TheOgreVGC has 20 seconds left.\n|\n|t:|1683656811\n|start\n|switch|p1a: Gyarados|Gyarados, L50, M, shiny|100\/100\n|switch|p1b: Iron Hands|Iron Hands, L50, shiny|100\/100\n|switch|p2a: Iron Hands|Iron Hands, L50|100\/100\n|switch|p2b: Palafin|Palafin, L50, M|100\/100\n|-ability|p1a: Gyarados|Intimidate|boost\n|-unboost|p2a: Iron Hands|atk|1\n|-unboost|p2b: Palafin|atk|1\n|turn|1\n|inactive|TheOgreVGC has 30 seconds left.\n|inactive|pessopissaoyeye has 30 seconds left.\n|inactive|TheOgreVGC has 20 seconds left.\n|inactive|TheOgreVGC has 15 seconds left.\n|\n|t:|1683656854\n|detailschange|p2b: Palafin|Palafin-Hero, L50, M\n|switch|p2b: Arcanine|Arcanine, L50, F|100\/100\n|-ability|p2b: Arcanine|Intimidate|boost\n|-unboost|p1a: Gyarados|atk|1\n|-unboost|p1b: Iron Hands|atk|1\n|switch|p1a: Amoonguss|Amoonguss, L50, M, shiny|100\/100\n|move|p2a: Iron Hands|Fake Out|p1b: Iron Hands\n|-damage|p1b: Iron Hands|93\/100\n|cant|p1b: Iron Hands|flinch\n|\n|upkeep\n|turn|2\n|inactive|pessopissaoyeye has 30 seconds left.\n|\n|t:|1683656887\n|-terastallize|p1b: Iron Hands|Fire\n|-terastallize|p2a: Iron Hands|Grass\n|move|p2b: Arcanine|Flare Blitz|p1a: Amoonguss\n|-supereffective|p1a: Amoonguss\n|-damage|p1a: Amoonguss|20\/100\n|-enditem|p1a: Amoonguss|Sitrus Berry|[eat]\n|-heal|p1a: Amoonguss|45\/100|[from] item: Sitrus Berry\n|-damage|p2b: Arcanine|71\/100|[from] Recoil\n|move|p1b: Iron Hands|Swords Dance|p1b: Iron Hands\n|-boost|p1b: Iron Hands|atk|2\n|move|p2a: Iron Hands|Volt Switch|p1a: Amoonguss\n|-resisted|p1a: Amoonguss\n|-damage|p1a: Amoonguss|40\/100\n|\n|t:|1683656900\n|-end|p2a: Iron Hands|Quark Drive|[silent]\n|switch|p2a: Palafin|Palafin-Hero, L50, M|100\/100|[from] Volt Switch\n|-activate|p2a: Palafin|ability: Zero to Hero\n|move|p1a: Amoonguss|Spore|p2a: Palafin\n|-status|p2a: Palafin|slp|[from] move: Spore\n|\n|upkeep\n|turn|3\n|inactive|TheOgreVGC has 30 seconds left.\n|\n|t:|1683656928\n|switch|p2a: Iron Hands|Iron Hands, L50, tera:Grass|100\/100\n|switch|p1a: Gyarados|Gyarados, L50, M, shiny|100\/100\n|-ability|p1a: Gyarados|Intimidate|boost\n|-unboost|p2a: Iron Hands|atk|1\n|-unboost|p2b: Arcanine|atk|1\n|move|p2b: Arcanine|Flare Blitz|p1a: Gyarados\n|-resisted|p1a: Gyarados\n|-damage|p1a: Gyarados|87\/100\n|-status|p1a: Gyarados|brn\n|-damage|p2b: Arcanine|66\/100|[from] Recoil\n|move|p1b: Iron Hands|Thunder Punch|p2a: Iron Hands\n|-resisted|p2a: Iron Hands\n|-damage|p2a: Iron Hands|81\/100\n|\n|-damage|p1a: Gyarados|81\/100 brn|[from] brn\n|upkeep\n|turn|4\n|\n|t:|1683656952\n|switch|p2b: Flutter Mane|Flutter Mane, L50|100\/100\n|move|p1a: Gyarados|Thunder Wave|p2b: Flutter Mane\n|-status|p2b: Flutter Mane|par\n|move|p1b: Iron Hands|Swords Dance|p1b: Iron Hands\n|-boost|p1b: Iron Hands|atk|2\n|move|p2a: Iron Hands|Wild Charge|p1a: Gyarados\n|-supereffective|p1a: Gyarados\n|-damage|p1a: Gyarados|0 fnt\n|faint|p1a: Gyarados\n|-damage|p2a: Iron Hands|64\/100|[from] Recoil\n|\n|upkeep\n|\n|t:|1683656972\n|switch|p1a: Flutter Mane|Flutter Mane, L50|100\/100\n|-enditem|p1a: Flutter Mane|Booster Energy\n|-activate|p1a: Flutter Mane|ability: Protosynthesis|[fromitem]\n|-start|p1a: Flutter Mane|protosynthesisspa\n|turn|5\n|\n|t:|1683656985\n|-end|p2b: Flutter Mane|Protosynthesis|[silent]\n|switch|p2b: Arcanine|Arcanine, L50, F|66\/100\n|-ability|p2b: Arcanine|Intimidate|boost\n|-unboost|p1a: Flutter Mane|atk|1\n|-unboost|p1b: Iron Hands|atk|1\n|move|p1a: Flutter Mane|Shadow Ball|p2b: Arcanine\n|-damage|p2b: Arcanine|12\/100\n|move|p1b: Iron Hands|Drain Punch|p2a: Iron Hands\n|-damage|p2a: Iron Hands|12\/100\n|-heal|p1b: Iron Hands|100\/100|[from] drain|[of] p2a: Iron Hands\n|move|p2a: Iron Hands|Wild Charge|p1a: Flutter Mane\n|-damage|p1a: Flutter Mane|54\/100\n|-damage|p2a: Iron Hands|5\/100|[from] Recoil\n|\n|upkeep\n|turn|6\n|\n|t:|1683657009\n|move|p1a: Flutter Mane|Shadow Ball|p2b: Arcanine\n|-damage|p2b: Arcanine|0 fnt\n|faint|p2b: Arcanine\n|move|p1b: Iron Hands|Thunder Punch|p2a: Iron Hands\n|-resisted|p2a: Iron Hands\n|-damage|p2a: Iron Hands|0 fnt\n|faint|p2a: Iron Hands\n|-end|p2a: Iron Hands|Quark Drive|[silent]\n|\n|upkeep\n|\n|t:|1683657014\n|switch|p2b: Flutter Mane|Flutter Mane, L50|100\/100 par\n|switch|p2a: Palafin|Palafin-Hero, L50, M|100\/100 slp\n|turn|7\n|\n|t:|1683657022\n|move|p1a: Flutter Mane|Shadow Ball|p2b: Flutter Mane\n|-supereffective|p2b: Flutter Mane\n|-damage|p2b: Flutter Mane|0 fnt\n|faint|p2b: Flutter Mane\n|-end|p2b: Flutter Mane|Protosynthesis|[silent]\n|cant|p2a: Palafin|slp\n|move|p1b: Iron Hands|Thunder Punch|p2a: Palafin\n|-supereffective|p2a: Palafin\n|-damage|p2a: Palafin|0 fnt\n|faint|p2a: Palafin\n|\n|win|TheOgreVGC\n|c|\u2606pessopissaoyeye|gg\n|c|\u2606TheOgreVGC|gg\n","uploadtime":1683657267,"views":12,"p1id":"theogrevgc","p2id":"pessopissaoyeye","formatid":"gen9vgc2023regulationc","rating":0,"private":0,"password":""}