{"id":"gen9vgc2023regulationc-1852885684","p1":"WoJiaoReaction","p2":"RossMellow","format":"[Gen 9] VGC 2023 Regulation C","log":"|j|\u2606WoJiaoReaction\n|j|\u2606RossMellow\n|t:|1682614495\n|gametype|doubles\n|player|p1|WoJiaoReaction|ruinmaniac|1000\n|player|p2|RossMellow|102|1031\n|teamsize|p1|6\n|teamsize|p2|6\n|gen|9\n|tier|[Gen 9] VGC 2023 Regulation C\n|rated|\n|rule|Species Clause: Limit one of each Pok\u00e9mon\n|rule|Item Clause: Limit one of each item\n|clearpoke\n|poke|p1|Skeledirge, L50, M|\n|poke|p1|Wo-Chien, L50|\n|poke|p1|Flutter Mane, L50|\n|poke|p1|Dragonite, L50, F|\n|poke|p1|Glimmora, L50, F|\n|poke|p1|Palafin, L50, F|\n|poke|p2|Oricorio, L50, M|\n|poke|p2|Florges-Orange, L50, F|\n|poke|p2|Chi-Yu, L50|\n|poke|p2|Iron Moth, L50|\n|poke|p2|Quaquaval, L50, M|\n|poke|p2|Grafaiai, L50, F|\n|teampreview|4\n|\n|t:|1682614542\n|start\n|switch|p1a: Glimmora|Glimmora, L50, F|100\/100\n|switch|p1b: Palafin|Palafin, L50, F|100\/100\n|switch|p2a: Florges|Florges-Orange, L50, F|100\/100\n|switch|p2b: Iron Moth|Iron Moth, L50|100\/100\n|-enditem|p2b: Iron Moth|Booster Energy\n|-activate|p2a: Florges|ability: Symbiosis|Assault Vest|[of] p2b: Iron Moth\n|-activate|p2b: Iron Moth|ability: Quark Drive|[fromitem]\n|-start|p2b: Iron Moth|quarkdrivespe\n|turn|1\n|\n|t:|1682614570\n|switch|p2a: Quaquaval|Quaquaval, L50, M|100\/100\n|move|p1b: Palafin|Protect|p1b: Palafin\n|-singleturn|p1b: Palafin|Protect\n|move|p2b: Iron Moth|Energy Ball|p1b: Palafin\n|-activate|p1b: Palafin|move: Protect\n|move|p1a: Glimmora|Mortal Spin|p2a: Quaquaval|[spread] p2a,p2b\n|-resisted|p2b: Iron Moth\n|-damage|p2a: Quaquaval|95\/100\n|-damage|p2b: Iron Moth|97\/100\n|-status|p2a: Quaquaval|psn\n|\n|-damage|p2a: Quaquaval|82\/100 psn|[from] psn\n|upkeep\n|turn|2\n|\n|t:|1682614603\n|detailschange|p1b: Palafin|Palafin-Hero, L50, F\n|switch|p1b: Skeledirge|Skeledirge, L50, M|100\/100\n|move|p2b: Iron Moth|Energy Ball|p1b: Skeledirge\n|-resisted|p1b: Skeledirge\n|-damage|p1b: Skeledirge|87\/100\n|move|p1a: Glimmora|Earth Power|p2b: Iron Moth\n|-supereffective|p2b: Iron Moth\n|-damage|p2b: Iron Moth|17\/100\n|move|p2a: Quaquaval|Aqua Step|p1a: Glimmora\n|-supereffective|p1a: Glimmora\n|-damage|p1a: Glimmora|1\/100\n|-boost|p2a: Quaquaval|spe|1\n|-activate|p1a: Glimmora|ability: Toxic Debris\n|-sidestart|p2: RossMellow|move: Toxic Spikes\n|\n|-damage|p2a: Quaquaval|70\/100 psn|[from] psn\n|upkeep\n|turn|3\n|\n|t:|1682614744\n|-end|p2b: Iron Moth|Quark Drive|[silent]\n|switch|p2b: Oricorio|Oricorio, L50, M|100\/100\n|-terastallize|p1b: Skeledirge|Grass\n|move|p1a: Glimmora|Spiky Shield|p1a: Glimmora\n|-singleturn|p1a: Glimmora|move: Protect\n|move|p2a: Quaquaval|Aqua Step|p1b: Skeledirge\n|-resisted|p1b: Skeledirge\n|-damage|p1b: Skeledirge|71\/100\n|-boost|p2a: Quaquaval|spe|1\n|-activate|p2b: Oricorio|ability: Dancer\n|move|p2b: Oricorio|Aqua Step|p1b: Skeledirge|[from]ability: Dancer\n|-resisted|p1b: Skeledirge\n|-damage|p1b: Skeledirge|64\/100\n|-boost|p2b: Oricorio|spe|1\n|move|p1b: Skeledirge|Hex|p2a: Quaquaval\n|-damage|p2a: Quaquaval|0 fnt\n|faint|p2a: Quaquaval\n|\n|upkeep\n|\n|t:|1682614766\n|switch|p2a: Iron Moth|Iron Moth, L50|17\/100\n|-sideend|p2: RossMellow|move: Toxic Spikes|[of] p2a: Iron Moth\n|turn|4\n|\n|t:|1682614780\n|move|p2b: Oricorio|Protect|p2b: Oricorio\n|-singleturn|p2b: Oricorio|Protect\n|move|p1b: Skeledirge|Protect|p1b: Skeledirge\n|-singleturn|p1b: Skeledirge|Protect\n|move|p2a: Iron Moth|Sludge Wave|p1a: Glimmora|[spread] p1a\n|-activate|p2b: Oricorio|move: Protect\n|-activate|p1b: Skeledirge|move: Protect\n|-resisted|p1a: Glimmora\n|-damage|p1a: Glimmora|0 fnt\n|faint|p1a: Glimmora\n|\n|upkeep\n|\n|t:|1682614794\n|switch|p1a: Palafin|Palafin-Hero, L50, F|100\/100\n|-activate|p1a: Palafin|ability: Zero to Hero\n|turn|5\n|\n|t:|1682614811\n|switch|p1b: Flutter Mane|Flutter Mane, L50|100\/100\n|move|p1a: Palafin|Jet Punch|p2a: Iron Moth\n|-supereffective|p2a: Iron Moth\n|-damage|p2a: Iron Moth|0 fnt\n|faint|p2a: Iron Moth\n|-end|p2a: Iron Moth|Quark Drive|[silent]\n|move|p2b: Oricorio|Tailwind|p2b: Oricorio\n|-sidestart|p2: RossMellow|move: Tailwind\n|\n|upkeep\n|\n|t:|1682614819\n|switch|p2a: Florges|Florges-Orange, L50, F|100\/100\n|turn|6\n|\n|t:|1682614851\n|-terastallize|p2b: Oricorio|Grass\n|move|p1a: Palafin|Protect|p1a: Palafin\n|-singleturn|p1a: Palafin|Protect\n|move|p2b: Oricorio|Revelation Dance|p1a: Palafin\n|-activate|p1a: Palafin|move: Protect\n|move|p2a: Florges|Petal Dance|p1a: Palafin\n|-activate|p1a: Palafin|move: Protect\n|move|p1b: Flutter Mane|Dazzling Gleam|p2b: Oricorio|[spread] p2a,p2b\n|-damage|p2a: Florges|68\/100\n|-damage|p2b: Oricorio|21\/100\n|\n|upkeep\n|turn|7\n|\n|t:|1682614875\n|move|p2b: Oricorio|Protect|p2b: Oricorio\n|-singleturn|p2b: Oricorio|Protect\n|move|p1a: Palafin|Jet Punch|p2b: Oricorio\n|-activate|p2b: Oricorio|move: Protect\n|move|p2a: Florges|Petal Dance|p1b: Flutter Mane\n|-damage|p1b: Flutter Mane|57\/100\n|-activate|p2b: Oricorio|ability: Dancer\n|move|p2b: Oricorio|Petal Dance|p1a: Palafin|[from]ability: Dancer\n|-supereffective|p1a: Palafin\n|-damage|p1a: Palafin|0 fnt\n|faint|p1a: Palafin\n|move|p1b: Flutter Mane|Dazzling Gleam|p2a: Florges|[spread] p2a\n|-activate|p2b: Oricorio|move: Protect\n|-damage|p2a: Florges|35\/100\n|\n|upkeep\n|c|\u2606WoJiaoReaction|Woah that's a cool strat!\n|\n|t:|1682614899\n|switch|p1a: Skeledirge|Skeledirge, L50, M, tera:Grass|64\/100\n|turn|8\n|\n|t:|1682614915\n|move|p2b: Oricorio|Revelation Dance|p1b: Flutter Mane\n|-damage|p1b: Flutter Mane|10\/100\n|move|p2a: Florges|Petal Dance|p1a: Skeledirge|[from]lockedmove\n|-resisted|p1a: Skeledirge\n|-damage|p1a: Skeledirge|46\/100\n|-enditem|p1a: Skeledirge|Sitrus Berry|[eat]\n|-heal|p1a: Skeledirge|71\/100|[from] item: Sitrus Berry\n|-start|p2a: Florges|confusion|[fatigue]\n|-activate|p2b: Oricorio|ability: Dancer\n|move|p2b: Oricorio|Petal Dance|p1b: Flutter Mane|[from]ability: Dancer\n|-damage|p1b: Flutter Mane|0 fnt\n|faint|p1b: Flutter Mane\n|-end|p1b: Flutter Mane|Protosynthesis|[silent]\n|move|p1a: Skeledirge|Torch Song|p2b: Oricorio\n|-supereffective|p2b: Oricorio\n|-damage|p2b: Oricorio|0 fnt\n|-boost|p1a: Skeledirge|spa|1\n|faint|p2b: Oricorio\n|\n|-sideend|p2: RossMellow|move: Tailwind\n|upkeep\n|turn|9\n|\n|t:|1682614948\n|-activate|p2a: Florges|confusion\n|move|p2a: Florges|Copycat|p2a: Florges\n|move|p2a: Florges|Torch Song|p1a: Skeledirge|[from]move: Copycat\n|-supereffective|p1a: Skeledirge\n|-damage|p1a: Skeledirge|26\/100\n|-boost|p2a: Florges|spa|1\n|move|p1a: Skeledirge|Torch Song|p2a: Florges\n|-damage|p2a: Florges|0 fnt\n|-boost|p1a: Skeledirge|spa|1\n|faint|p2a: Florges\n|\n|win|WoJiaoReaction\n|raw|WoJiaoReaction's rating: 1318 → 1324<\/strong> (+6 for winning)\n|raw|RossMellow's rating: 1031 → 1026<\/strong> (-5 for losing)\n|c|\u2606WoJiaoReaction|Yoooo\n|c|\u2606RossMellow|gg\n|c|\u2606WoJiaoReaction|I love your team\n|c|\u2606WoJiaoReaction|Wpgg\n|c|\u2606RossMellow|ty\n|c|\u2606RossMellow|mirror herb on ori\n|c|\u2606WoJiaoReaction|That's sick\n|l|\u2606RossMellow\n|c|\u2606WoJiaoReaction|Gl for your next games!\n","uploadtime":1682614992,"views":5,"p1id":"wojiaoreaction","p2id":"rossmellow","formatid":"gen9vgc2023regulationc","rating":1026,"private":0,"password":""}