{"id":"gen9vgc2023regulationc-1856969503","p1":"Felipe.Miller.V","p2":"TheNutmeg33","format":"[Gen 9] VGC 2023 Regulation C","log":"|j|\u2606Felipe.Miller.V\n|j|\u2606TheNutmeg33\n|t:|1683131783\n|gametype|doubles\n|player|p1|Felipe.Miller.V|170|1310\n|player|p2|TheNutmeg33|170|1250\n|teamsize|p1|6\n|teamsize|p2|6\n|gen|9\n|tier|[Gen 9] VGC 2023 Regulation C\n|rated|\n|rule|Species Clause: Limit one of each Pok\u00e9mon\n|rule|Item Clause: Limit one of each item\n|clearpoke\n|poke|p1|Bruxish, L50, M|\n|poke|p1|Copperajah, L50, M|\n|poke|p1|Sylveon, L50, M|\n|poke|p1|Appletun, L50, M|\n|poke|p1|Heracross, L50, M|\n|poke|p1|Oranguru, L50, M|\n|poke|p2|Iron Hands, L50|\n|poke|p2|Flutter Mane, L50|\n|poke|p2|Palafin, L50, M|\n|poke|p2|Garganacl, L50, F|\n|poke|p2|Amoonguss, L50, M|\n|poke|p2|Arcanine, L50, F|\n|teampreview|4\n|inactive|Battle timer is ON: inactive players will automatically lose when time's up. (requested by TheNutmeg33)\n|\n|t:|1683131813\n|start\n|switch|p1a: Bruxish|Bruxish, L50, M, shiny|100\/100\n|switch|p1b: Sylveon|Sylveon, L50, M, shiny|100\/100\n|switch|p2a: Garganacl|Garganacl, L50, F|100\/100\n|switch|p2b: Amoonguss|Amoonguss, L50, M, shiny|100\/100\n|turn|1\n|\n|t:|1683131837\n|-terastallize|p1b: Sylveon|Grass\n|-terastallize|p2a: Garganacl|Ghost\n|move|p1b: Sylveon|Hyper Voice|p2a: Garganacl|[spread] p2a,p2b\n|-resisted|p2b: Amoonguss\n|-damage|p2a: Garganacl|55\/100\n|-damage|p2b: Amoonguss|74\/100\n|move|p2a: Garganacl|Stealth Rock|p1b: Sylveon\n|-sidestart|p1: Felipe.Miller.V|move: Stealth Rock\n|move|p2b: Amoonguss|Spore|p1b: Sylveon\n|-immune|p1b: Sylveon\n|move|p1a: Bruxish|Trick Room|p1a: Bruxish\n|-fieldstart|move: Trick Room|[of] p1a: Bruxish\n|\n|-heal|p2a: Garganacl|61\/100|[from] item: Leftovers\n|upkeep\n|turn|2\n|\n|t:|1683131854\n|switch|p1a: Oranguru|Oranguru, L50, M, shiny|100\/100\n|-damage|p1a: Oranguru|88\/100|[from] Stealth Rock\n|move|p2b: Amoonguss|Spore|p1a: Oranguru\n|-activate|p1a: Oranguru|item: Safety Goggles|Spore\n|move|p2a: Garganacl|Salt Cure|p1b: Sylveon\n|-damage|p1b: Sylveon|84\/100\n|-start|p1b: Sylveon|Salt Cure\n|move|p1b: Sylveon|Hyper Voice|p2a: Garganacl|[spread] p2a,p2b\n|-resisted|p2b: Amoonguss\n|-damage|p2a: Garganacl|14\/100\n|-damage|p2b: Amoonguss|50\/100\n|-enditem|p2b: Amoonguss|Sitrus Berry|[eat]\n|-heal|p2b: Amoonguss|74\/100|[from] item: Sitrus Berry\n|\n|-heal|p2a: Garganacl|20\/100|[from] item: Leftovers\n|-damage|p1b: Sylveon|71\/100|[from] Salt Cure\n|upkeep\n|turn|3\n|\n|t:|1683131875\n|move|p2b: Amoonguss|Pollen Puff|p2a: Garganacl\n|-heal|p2a: Garganacl|70\/100\n|move|p2a: Garganacl|Recover|p2a: Garganacl\n|-heal|p2a: Garganacl|100\/100\n|move|p1b: Sylveon|Hyper Voice|p2b: Amoonguss|[spread] p2a,p2b\n|-resisted|p2b: Amoonguss\n|-damage|p2a: Garganacl|54\/100\n|-damage|p2b: Amoonguss|51\/100\n|move|p1a: Oranguru|Instruct|p1b: Sylveon\n|-singleturn|p1b: Sylveon|move: Instruct|[of] p1a: Oranguru\n|move|p1b: Sylveon|Hyper Voice|p2b: Amoonguss|[spread] p2a,p2b\n|-resisted|p2b: Amoonguss\n|-damage|p2a: Garganacl|9\/100\n|-damage|p2b: Amoonguss|28\/100\n|\n|-heal|p2a: Garganacl|15\/100|[from] item: Leftovers\n|-damage|p1b: Sylveon|59\/100|[from] Salt Cure\n|upkeep\n|turn|4\n|inactive|TheNutmeg33 has 30 seconds left.\n|\n|t:|1683131900\n|move|p2b: Amoonguss|Pollen Puff|p2a: Garganacl\n|-heal|p2a: Garganacl|64\/100\n|move|p2a: Garganacl|Recover|p2a: Garganacl\n|-heal|p2a: Garganacl|100\/100\n|move|p1b: Sylveon|Hyper Voice|p2a: Garganacl|[spread] p2a,p2b\n|-resisted|p2b: Amoonguss\n|-damage|p2a: Garganacl|55\/100\n|-damage|p2b: Amoonguss|6\/100\n|move|p1a: Oranguru|Psyshock|p2b: Amoonguss\n|-supereffective|p2b: Amoonguss\n|-damage|p2b: Amoonguss|0 fnt\n|faint|p2b: Amoonguss\n|\n|-heal|p2a: Garganacl|61\/100|[from] item: Leftovers\n|-damage|p1b: Sylveon|47\/100|[from] Salt Cure\n|upkeep\n|\n|t:|1683131915\n|switch|p2b: Flutter Mane|Flutter Mane, L50, shiny|100\/100\n|turn|5\n|\n|t:|1683131932\n|move|p2a: Garganacl|Protect|p2a: Garganacl\n|-singleturn|p2a: Garganacl|Protect\n|move|p2b: Flutter Mane|Protect|p2b: Flutter Mane\n|-singleturn|p2b: Flutter Mane|Protect\n|move|p1b: Sylveon|Hyper Voice|p2b: Flutter Mane|[spread] \n|-activate|p2a: Garganacl|move: Protect\n|-activate|p2b: Flutter Mane|move: Protect\n|move|p1a: Oranguru|Instruct|p1b: Sylveon\n|-singleturn|p1b: Sylveon|move: Instruct|[of] p1a: Oranguru\n|move|p1b: Sylveon|Hyper Voice|p2a: Garganacl|[spread] \n|-activate|p2a: Garganacl|move: Protect\n|-activate|p2b: Flutter Mane|move: Protect\n|\n|-heal|p2a: Garganacl|67\/100|[from] item: Leftovers\n|-damage|p1b: Sylveon|34\/100|[from] Salt Cure\n|-fieldend|move: Trick Room\n|upkeep\n|turn|6\n|inactive|Felipe.Miller.V has 30 seconds left.\n|inactive|Felipe.Miller.V has 20 seconds left.\n|inactive|Felipe.Miller.V has 15 seconds left.\n|\n|t:|1683131976\n|switch|p1b: Bruxish|Bruxish, L50, M, shiny|100\/100\n|-damage|p1b: Bruxish|88\/100|[from] Stealth Rock\n|move|p2b: Flutter Mane|Dazzling Gleam|p1a: Oranguru|[spread] p1a,p1b\n|-damage|p1a: Oranguru|51\/100\n|-damage|p1b: Bruxish|37\/100\n|-damage|p2b: Flutter Mane|91\/100|[from] item: Life Orb\n|move|p2a: Garganacl|Salt Cure|p1a: Oranguru\n|-damage|p1a: Oranguru|39\/100\n|-start|p1a: Oranguru|Salt Cure\n|move|p1a: Oranguru|Trick Room|p1a: Oranguru\n|-fieldstart|move: Trick Room|[of] p1a: Oranguru\n|\n|-heal|p2a: Garganacl|72\/100|[from] item: Leftovers\n|-damage|p1a: Oranguru|26\/100|[from] Salt Cure\n|upkeep\n|turn|7\n|inactive|Felipe.Miller.V has 30 seconds left.\n|inactive|Felipe.Miller.V has 20 seconds left.\n|\n|t:|1683132016\n|move|p2b: Flutter Mane|Protect|p2b: Flutter Mane\n|-singleturn|p2b: Flutter Mane|Protect\n|move|p2a: Garganacl|Salt Cure|p1b: Bruxish\n|-damage|p1b: Bruxish|18\/100\n|-start|p1b: Bruxish|Salt Cure\n|move|p1a: Oranguru|Psyshock|p2a: Garganacl\n|-damage|p2a: Garganacl|57\/100\n|move|p1b: Bruxish|Wave Crash|p2b: Flutter Mane\n|-activate|p2b: Flutter Mane|move: Protect\n|\n|-heal|p2a: Garganacl|62\/100|[from] item: Leftovers\n|-damage|p1a: Oranguru|14\/100|[from] Salt Cure\n|-damage|p1b: Bruxish|0 fnt|[from] Salt Cure\n|faint|p1b: Bruxish\n|upkeep\n|\n|t:|1683132032\n|switch|p1b: Heracross|Heracross, L50, M, shiny|100\/100\n|-damage|p1b: Heracross|88\/100|[from] Stealth Rock\n|turn|8\n|inactive|Felipe.Miller.V has 30 seconds left.\n|\n|t:|1683132064\n|-end|p2b: Flutter Mane|Protosynthesis|[silent]\n|switch|p2b: Arcanine|Arcanine, L50, F, shiny|100\/100\n|-ability|p2b: Arcanine|Intimidate|boost\n|-fail|p1a: Oranguru|unboost|Attack|[from] ability: Inner Focus|[of] p1a: Oranguru\n|-unboost|p1b: Heracross|atk|1\n|move|p2a: Garganacl|Recover|p2a: Garganacl\n|-heal|p2a: Garganacl|100\/100\n|move|p1a: Oranguru|Psyshock|p2b: Arcanine\n|-crit|p2b: Arcanine\n|-damage|p2b: Arcanine|59\/100\n|move|p1b: Heracross|Bullet Seed|p2b: Arcanine\n|-resisted|p2b: Arcanine\n|-damage|p2b: Arcanine|56\/100\n|-resisted|p2b: Arcanine\n|-damage|p2b: Arcanine|53\/100\n|-resisted|p2b: Arcanine\n|-damage|p2b: Arcanine|50\/100\n|-resisted|p2b: Arcanine\n|-damage|p2b: Arcanine|47\/100\n|-resisted|p2b: Arcanine\n|-damage|p2b: Arcanine|44\/100\n|-hitcount|p2b: Arcanine|5\n|\n|-damage|p1a: Oranguru|2\/100|[from] Salt Cure\n|upkeep\n|turn|9\n|\n|t:|1683132087\n|move|p2a: Garganacl|Salt Cure|p1b: Heracross\n|-damage|p1b: Heracross|71\/100\n|-start|p1b: Heracross|Salt Cure\n|move|p1a: Oranguru|Instruct|p1b: Heracross\n|-singleturn|p1b: Heracross|move: Instruct|[of] p1a: Oranguru\n|move|p1b: Heracross|Bullet Seed|p2b: Arcanine\n|-resisted|p2b: Arcanine\n|-damage|p2b: Arcanine|41\/100\n|-resisted|p2b: Arcanine\n|-damage|p2b: Arcanine|38\/100\n|-resisted|p2b: Arcanine\n|-damage|p2b: Arcanine|35\/100\n|-resisted|p2b: Arcanine\n|-damage|p2b: Arcanine|31\/100\n|-hitcount|p2b: Arcanine|4\n|move|p1b: Heracross|Rock Blast|p2b: Arcanine\n|-supereffective|p2b: Arcanine\n|-damage|p2b: Arcanine|19\/100\n|-supereffective|p2b: Arcanine\n|-damage|p2b: Arcanine|7\/100\n|-supereffective|p2b: Arcanine\n|-damage|p2b: Arcanine|0 fnt\n|faint|p2b: Arcanine\n|-ability|p1b: Heracross|Moxie|boost\n|-boost|p1b: Heracross|atk|1\n|-hitcount|p2: Arcanine|3\n|\n|-damage|p1a: Oranguru|0 fnt|[from] Salt Cure\n|faint|p1a: Oranguru\n|-damage|p1b: Heracross|58\/100|[from] Salt Cure\n|upkeep\n|\n|t:|1683132111\n|switch|p1a: Sylveon|Sylveon, L50, M, shiny, tera:Grass|34\/100\n|switch|p2b: Flutter Mane|Flutter Mane, L50, shiny|91\/100\n|-damage|p1a: Sylveon|22\/100|[from] Stealth Rock\n|turn|10\n|\n|t:|1683132119\n|move|p2a: Garganacl|Protect|p2a: Garganacl\n|-singleturn|p2a: Garganacl|Protect\n|move|p2b: Flutter Mane|Protect|p2b: Flutter Mane\n|-singleturn|p2b: Flutter Mane|Protect\n|move|p1a: Sylveon|Hyper Voice|p2a: Garganacl|[spread] \n|-activate|p2a: Garganacl|move: Protect\n|-activate|p2b: Flutter Mane|move: Protect\n|move|p1b: Heracross|Shadow Claw|p2a: Garganacl\n|-activate|p2a: Garganacl|move: Protect\n|\n|-damage|p1b: Heracross|46\/100|[from] Salt Cure\n|-fieldend|move: Trick Room\n|upkeep\n|turn|11\n|-message|Felipe.Miller.V forfeited.\n|\n|win|TheNutmeg33\n|raw|Felipe.Miller.V's rating: 1310 → 1287<\/strong> (-23 for losing)\n|raw|TheNutmeg33's rating: 1250 → 1279<\/strong> (+29 for winning)\n|l|\u2606Felipe.Miller.V\n","uploadtime":1683132174,"views":11,"p1id":"felipemillerv","p2id":"thenutmeg33","formatid":"gen9vgc2023regulationc","rating":1279,"private":0,"password":""}