{"id":"gen9vgc2023regulationc-1847977567","p1":"Zluhkas","p2":"CanadianBac0n","format":"[Gen 9] VGC 2023 Regulation C","log":"|j|\u2606Zluhkas\n|j|\u2606CanadianBac0n\n|t:|1682017457\n|gametype|doubles\n|player|p1|Zluhkas|gambler|1159\n|player|p2|CanadianBac0n|102|1112\n|teamsize|p1|6\n|teamsize|p2|6\n|gen|9\n|tier|[Gen 9] VGC 2023 Regulation C\n|rated|\n|rule|Species Clause: Limit one of each Pok\u00e9mon\n|rule|Item Clause: Limit one of each item\n|clearpoke\n|poke|p1|Arcanine, L50, F|\n|poke|p1|Ting-Lu, L50|\n|poke|p1|Palafin, L50, M|\n|poke|p1|Kingambit, L50, M|\n|poke|p1|Flutter Mane, L50|\n|poke|p1|Baxcalibur, L50, F|\n|poke|p2|Palafin, L50, F|\n|poke|p2|Chien-Pao, L50|\n|poke|p2|Roaring Moon, L50|\n|poke|p2|Scizor, L50, M|\n|poke|p2|Wo-Chien, L50|\n|poke|p2|Iron Hands, L50|\n|teampreview|4\n|\n|t:|1682017514\n|start\n|switch|p1a: Palafin|Palafin, L50, M|100\/100\n|switch|p1b: Baxcalibur|Baxcalibur, L50, F|100\/100\n|switch|p2a: Chien-Pao|Chien-Pao, L50|100\/100\n|switch|p2b: Palafin|Palafin, L50, F|100\/100\n|-ability|p2a: Chien-Pao|Sword of Ruin\n|turn|1\n|inactive|Battle timer is ON: inactive players will automatically lose when time's up. (requested by Zluhkas)\n|\n|t:|1682017534\n|detailschange|p1a: Palafin|Palafin-Hero, L50, M\n|switch|p1a: Arcanine|Arcanine, L50, F|100\/100\n|-ability|p1a: Arcanine|Intimidate|boost\n|-unboost|p2a: Chien-Pao|atk|1\n|-fail|p2b: Palafin|unboost|[from] item: Clear Amulet|[of] p2b: Palafin\n|detailschange|p2b: Palafin|Palafin-Hero, L50, F\n|switch|p2b: Iron Hands|Iron Hands, L50|100\/100\n|move|p2a: Chien-Pao|Taunt|p1b: Baxcalibur\n|-start|p1b: Baxcalibur|move: Taunt\n|cant|p1b: Baxcalibur|move: Taunt|Dragon Dance\n|\n|upkeep\n|turn|2\n|inactive|Zluhkas has 30 seconds left.\n|\n|t:|1682017566\n|move|p2b: Iron Hands|Fake Out|p1a: Arcanine\n|-damage|p1a: Arcanine|79\/100\n|move|p2a: Chien-Pao|Ice Spinner|p1b: Baxcalibur\n|-damage|p1b: Baxcalibur|55\/100\n|-damage|p2a: Chien-Pao|91\/100|[from] item: Life Orb\n|move|p1b: Baxcalibur|Icicle Crash|p2b: Iron Hands\n|-damage|p2b: Iron Hands|62\/100\n|cant|p1a: Arcanine|flinch\n|\n|upkeep\n|turn|3\n|\n|t:|1682017589\n|move|p2a: Chien-Pao|Ice Spinner|p1b: Baxcalibur\n|-damage|p1b: Baxcalibur|5\/100\n|-damage|p2a: Chien-Pao|81\/100|[from] item: Life Orb\n|move|p1b: Baxcalibur|Glaive Rush|p2b: Iron Hands\n|-damage|p2b: Iron Hands|3\/100\n|-singlemove|p1b: Baxcalibur|Glaive Rush|[silent]\n|move|p1a: Arcanine|Flare Blitz|p2a: Chien-Pao\n|-supereffective|p2a: Chien-Pao\n|-damage|p2a: Chien-Pao|0 fnt\n|faint|p2a: Chien-Pao\n|-damage|p1a: Arcanine|58\/100|[from] Recoil\n|move|p2b: Iron Hands|Drain Punch|p1a: Arcanine\n|-damage|p1a: Arcanine|15\/100\n|-heal|p2b: Iron Hands|20\/100|[from] drain|[of] p1a: Arcanine\n|-enditem|p1a: Arcanine|Aguav Berry|[eat]\n|-heal|p1a: Arcanine|48\/100|[from] item: Aguav Berry\n|\n|-end|p1b: Baxcalibur|move: Taunt\n|upkeep\n|inactive|CanadianBac0n has 30 seconds left.\n|inactive|CanadianBac0n has 20 seconds left.\n|\n|t:|1682017626\n|switch|p2a: Palafin|Palafin-Hero, L50, F|100\/100\n|-activate|p2a: Palafin|ability: Zero to Hero\n|turn|4\n|\n|t:|1682017638\n|-end|p2b: Iron Hands|Quark Drive|[silent]\n|switch|p2b: Wo-Chien|Wo-Chien, L50|100\/100\n|-ability|p2b: Wo-Chien|Tablets of Ruin\n|move|p1a: Arcanine|Extreme Speed|p2b: Wo-Chien\n|-damage|p2b: Wo-Chien|86\/100\n|move|p1b: Baxcalibur|Glaive Rush|p2b: Wo-Chien\n|-damage|p2b: Wo-Chien|47\/100\n|-singlemove|p1b: Baxcalibur|Glaive Rush|[silent]\n|move|p2a: Palafin|Bulk Up|p2a: Palafin\n|-boost|p2a: Palafin|atk|1\n|-boost|p2a: Palafin|def|1\n|\n|-heal|p2b: Wo-Chien|53\/100|[from] item: Leftovers\n|upkeep\n|turn|5\n|\n|t:|1682017663\n|move|p1b: Baxcalibur|Protect|p1b: Baxcalibur\n|-singleturn|p1b: Baxcalibur|Protect\n|move|p2b: Wo-Chien|Protect|p2b: Wo-Chien\n|-singleturn|p2b: Wo-Chien|Protect\n|move|p2a: Palafin|Jet Punch|p1a: Arcanine\n|-supereffective|p1a: Arcanine\n|-damage|p1a: Arcanine|0 fnt\n|faint|p1a: Arcanine\n|\n|-heal|p2b: Wo-Chien|59\/100|[from] item: Leftovers\n|upkeep\n|\n|t:|1682017677\n|switch|p1a: Palafin|Palafin-Hero, L50, M|100\/100\n|-activate|p1a: Palafin|ability: Zero to Hero\n|turn|6\n|inactive|Zluhkas has 30 seconds left.\n|\n|t:|1682017702\n|move|p2a: Palafin|Jet Punch|p1b: Baxcalibur\n|-resisted|p1b: Baxcalibur\n|-damage|p1b: Baxcalibur|0 fnt\n|faint|p1b: Baxcalibur\n|move|p1a: Palafin|Ice Punch|p2b: Wo-Chien\n|-supereffective|p2b: Wo-Chien\n|-damage|p2b: Wo-Chien|10\/100\n|move|p2b: Wo-Chien|Leech Seed|p1a: Palafin\n|-start|p1a: Palafin|move: Leech Seed\n|\n|-heal|p2b: Wo-Chien|17\/100|[from] item: Leftovers\n|-damage|p1a: Palafin|88\/100|[from] Leech Seed|[of] p2b: Wo-Chien\n|-heal|p2b: Wo-Chien|28\/100|[silent]\n|upkeep\n|\n|t:|1682017715\n|switch|p1b: Kingambit|Kingambit, L50, M|100\/100\n|-activate|p1b: Kingambit|ability: Supreme Overlord\n|-start|p1b: Kingambit|fallen2|[silent]\n|turn|7\n|\n|t:|1682017727\n|-terastallize|p1b: Kingambit|Ghost\n|move|p1a: Palafin|Ice Punch|p2b: Wo-Chien\n|-supereffective|p2b: Wo-Chien\n|-damage|p2b: Wo-Chien|0 fnt\n|faint|p2b: Wo-Chien\n|move|p2a: Palafin|Drain Punch|p1b: Kingambit\n|-immune|p1b: Kingambit\n|move|p1b: Kingambit|Shadow Claw|p2a: Palafin\n|-damage|p2a: Palafin|64\/100\n|-damage|p1b: Kingambit|91\/100|[from] item: Life Orb\n|\n|upkeep\n|\n|t:|1682017731\n|switch|p2b: Iron Hands|Iron Hands, L50|20\/100\n|turn|8\n|\n|t:|1682017754\n|move|p2b: Iron Hands|Fake Out|p1a: Palafin\n|-damage|p1a: Palafin|72\/100\n|cant|p1a: Palafin|flinch\n|move|p2a: Palafin|Drain Punch|p1a: Palafin\n|-damage|p1a: Palafin|16\/100\n|-heal|p2a: Palafin|88\/100|[from] drain|[of] p1a: Palafin\n|move|p1b: Kingambit|Shadow Claw|p2a: Palafin\n|-crit|p2a: Palafin\n|-damage|p2a: Palafin|0 fnt\n|faint|p2a: Palafin\n|-damage|p1b: Kingambit|81\/100|[from] item: Life Orb\n|\n|-damage|p1a: Palafin|4\/100|[from] Leech Seed|[of] p2b: Iron Hands\n|-heal|p2b: Iron Hands|28\/100|[silent]\n|upkeep\n|turn|9\n|\n|t:|1682017779\n|-terastallize|p2b: Iron Hands|Steel\n|move|p1a: Palafin|Ice Punch|p2b: Iron Hands\n|-resisted|p2b: Iron Hands\n|-damage|p2b: Iron Hands|14\/100\n|move|p1b: Kingambit|Shadow Claw|p2b: Iron Hands\n|-crit|p2b: Iron Hands\n|-damage|p2b: Iron Hands|0 fnt\n|faint|p2b: Iron Hands\n|-end|p2b: Iron Hands|Quark Drive|[silent]\n|-damage|p1b: Kingambit|71\/100|[from] item: Life Orb\n|\n|win|Zluhkas\n|raw|Zluhkas's rating: 1159 → 1181<\/strong> (+22 for winning)\n|raw|CanadianBac0n's rating: 1112 → 1090<\/strong> (-22 for losing)\n|l|\u2606CanadianBac0n\n","uploadtime":1682017798,"views":12,"p1id":"zluhkas","p2id":"canadianbac0n","formatid":"gen9vgc2023regulationc","rating":1090,"private":0,"password":""}