{"id":"gen9vgc2023regulationc-1855546038","p1":"SketchtheHunter","p2":"Comkod22","format":"[Gen 9] VGC 2023 Regulation C","log":"|j|\u2606SketchtheHunter\n|j|\u2606Comkod22\n|t:|1682960886\n|gametype|doubles\n|player|p1|SketchtheHunter|blackbelt|1071\n|player|p2|Comkod22|169|1000\n|teamsize|p1|6\n|teamsize|p2|6\n|gen|9\n|tier|[Gen 9] VGC 2023 Regulation C\n|rated|\n|rule|Species Clause: Limit one of each Pok\u00e9mon\n|rule|Item Clause: Limit one of each item\n|clearpoke\n|poke|p1|Torkoal, L50, F|\n|poke|p1|Houndoom, L50, F|\n|poke|p1|Gholdengo, L50|\n|poke|p1|Meowscarada, L50, F|\n|poke|p1|Clodsire, L50, F|\n|poke|p1|Flutter Mane, L50|\n|poke|p2|Noivern, L50, F|\n|poke|p2|Gardevoir, L50, F|\n|poke|p2|Chi-Yu, L50|\n|poke|p2|Gyarados, L50, F|\n|poke|p2|Pelipper, L50, F|\n|poke|p2|Pikachu, L50, M|\n|teampreview|4\n|\n|t:|1682960923\n|start\n|switch|p1a: Meowscarada|Meowscarada, L50, F|100\/100\n|switch|p1b: Flutter Mane|Flutter Mane, L50|100\/100\n|switch|p2a: Noivern|Noivern, L50, F|100\/100\n|switch|p2b: Gardevoir|Gardevoir, L50, F|100\/100\n|-item|p1a: Meowscarada|Focus Sash|[from] ability: Frisk|[of] p2a: Noivern|[identify]\n|-item|p1b: Flutter Mane|Choice Scarf|[from] ability: Frisk|[of] p2a: Noivern|[identify]\n|turn|1\n|\n|t:|1682960940\n|move|p2a: Noivern|Protect|p2a: Noivern\n|-singleturn|p2a: Noivern|Protect\n|move|p1b: Flutter Mane|Dazzling Gleam|p2b: Gardevoir|[spread] p2b\n|-activate|p2a: Noivern|move: Protect\n|-damage|p2b: Gardevoir|78\/100\n|move|p1a: Meowscarada|Knock Off|p2a: Noivern\n|-activate|p2a: Noivern|move: Protect\n|move|p2b: Gardevoir|Icy Wind|p1a: Meowscarada|[spread] p1a,p1b\n|-supereffective|p1a: Meowscarada\n|-damage|p1a: Meowscarada|61\/100\n|-damage|p1b: Flutter Mane|89\/100\n|-unboost|p1a: Meowscarada|spe|1\n|-unboost|p1b: Flutter Mane|spe|1\n|\n|-heal|p2b: Gardevoir|84\/100|[from] item: Leftovers\n|upkeep\n|turn|2\n|\n|t:|1682960967\n|switch|p2b: Pelipper|Pelipper, L50, F|100\/100\n|-weather|RainDance|[from] ability: Drizzle|[of] p2b: Pelipper\n|move|p1b: Flutter Mane|Dazzling Gleam|p2b: Pelipper|[spread] p2a,p2b\n|-supereffective|p2a: Noivern\n|-damage|p2a: Noivern|18\/100\n|-damage|p2b: Pelipper|71\/100\n|move|p2a: Noivern|Hurricane|p1b: Flutter Mane\n|-damage|p1b: Flutter Mane|19\/100\n|-start|p1b: Flutter Mane|confusion\n|-damage|p2a: Noivern|8\/100|[from] item: Life Orb\n|move|p1a: Meowscarada|Knock Off|p2a: Noivern\n|-damage|p2a: Noivern|0 fnt\n|-enditem|p2a: Noivern|Life Orb|[from] move: Knock Off|[of] p1a: Meowscarada\n|faint|p2a: Noivern\n|\n|-weather|RainDance|[upkeep]\n|upkeep\n|\n|t:|1682960986\n|switch|p2a: Chi-Yu|Chi-Yu, L50|100\/100\n|-ability|p2a: Chi-Yu|Beads of Ruin\n|turn|3\n|\n|t:|1682961007\n|-end|p1b: Flutter Mane|Protosynthesis|[silent]\n|switch|p1b: Torkoal|Torkoal, L50, F|100\/100\n|-weather|SunnyDay|[from] ability: Drought|[of] p1b: Torkoal\n|move|p2a: Chi-Yu|Protect|p2a: Chi-Yu\n|-singleturn|p2a: Chi-Yu|Protect\n|move|p1a: Meowscarada|Play Rough|p2a: Chi-Yu\n|-activate|p2a: Chi-Yu|move: Protect\n|move|p2b: Pelipper|Icy Wind|p1a: Meowscarada|[spread] p1a,p1b\n|-supereffective|p1a: Meowscarada\n|-resisted|p1b: Torkoal\n|-damage|p1a: Meowscarada|9\/100\n|-damage|p1b: Torkoal|93\/100\n|-unboost|p1a: Meowscarada|spe|1\n|-unboost|p1b: Torkoal|spe|1\n|\n|-weather|SunnyDay|[upkeep]\n|upkeep\n|turn|4\n|\n|t:|1682961034\n|switch|p1a: Clodsire|Clodsire, L50, F|100\/100\n|switch|p2b: Gardevoir|Gardevoir, L50, F|84\/100\n|-terastallize|p2a: Chi-Yu|Fire\n|move|p2a: Chi-Yu|Dark Pulse|p1b: Torkoal\n|-damage|p1b: Torkoal|42\/100\n|move|p1b: Torkoal|Ancient Power|p2b: Gardevoir\n|-damage|p2b: Gardevoir|66\/100\n|\n|-weather|SunnyDay|[upkeep]\n|-heal|p2b: Gardevoir|71\/100|[from] item: Leftovers\n|upkeep\n|turn|5\n|\n|t:|1682961059\n|move|p2b: Gardevoir|Helping Hand|p2a: Chi-Yu\n|-singleturn|p2a: Chi-Yu|Helping Hand|[of] p2b: Gardevoir\n|move|p2a: Chi-Yu|Heat Wave|p1b: Torkoal|[spread] p1a,p1b\n|-resisted|p1b: Torkoal\n|-damage|p1a: Clodsire|0 fnt\n|-damage|p1b: Torkoal|0 fnt\n|faint|p1a: Clodsire\n|faint|p1b: Torkoal\n|\n|-weather|SunnyDay|[upkeep]\n|-heal|p2b: Gardevoir|77\/100|[from] item: Leftovers\n|upkeep\n|\n|t:|1682961069\n|switch|p1a: Flutter Mane|Flutter Mane, L50|19\/100\n|switch|p1b: Meowscarada|Meowscarada, L50, F|9\/100\n|-activate|p1a: Flutter Mane|ability: Protosynthesis\n|-start|p1a: Flutter Mane|protosynthesisspe\n|turn|6\n|\n|t:|1682961079\n|switch|p2b: Pelipper|Pelipper, L50, F|71\/100\n|-weather|RainDance|[from] ability: Drizzle|[of] p2b: Pelipper\n|-end|p1a: Flutter Mane|Protosynthesis\n|move|p2a: Chi-Yu|Protect|p2a: Chi-Yu\n|-singleturn|p2a: Chi-Yu|Protect\n|move|p1a: Flutter Mane|Dazzling Gleam|p2b: Pelipper|[spread] p2b\n|-activate|p2a: Chi-Yu|move: Protect\n|-damage|p2b: Pelipper|28\/100\n|move|p1b: Meowscarada|Knock Off|p2b: Pelipper\n|-damage|p2b: Pelipper|0 fnt\n|-enditem|p2b: Pelipper|Assault Vest|[from] move: Knock Off|[of] p1b: Meowscarada\n|faint|p2b: Pelipper\n|\n|-weather|RainDance|[upkeep]\n|upkeep\n|\n|t:|1682961096\n|switch|p2b: Gardevoir|Gardevoir, L50, F|77\/100\n|turn|7\n|\n|t:|1682961114\n|move|p1a: Flutter Mane|Dazzling Gleam|p2a: Chi-Yu|[spread] p2a,p2b\n|-resisted|p2a: Chi-Yu\n|-damage|p2a: Chi-Yu|81\/100\n|-damage|p2b: Gardevoir|46\/100\n|move|p1b: Meowscarada|Knock Off|p2a: Chi-Yu\n|-damage|p2a: Chi-Yu|7\/100\n|-enditem|p2a: Chi-Yu|Focus Sash|[from] move: Knock Off|[of] p1b: Meowscarada\n|move|p2a: Chi-Yu|Heat Wave|p1b: Meowscarada|[spread] p1a,p1b\n|-supereffective|p1b: Meowscarada\n|-damage|p1a: Flutter Mane|0 fnt\n|-damage|p1b: Meowscarada|0 fnt\n|faint|p1a: Flutter Mane\n|-end|p1a: Flutter Mane|Protosynthesis|[silent]\n|faint|p1b: Meowscarada\n|\n|win|Comkod22\n|raw|SketchtheHunter's rating: 1071 → 1046<\/strong> (-25 for losing)\n|raw|Comkod22's rating: 1000 → 1048<\/strong> (+48 for winning)\n|l|\u2606SketchtheHunter\n","uploadtime":1682961139,"views":22,"p1id":"sketchthehunter","p2id":"comkod22","formatid":"gen9vgc2023regulationc","rating":1046,"private":0,"password":""}