{"id":"gen9vgc2023regulationc-1847748977","p1":"DeathToScarfChiYu","p2":"babiwi bewey\u2714\ufe0f","format":"[Gen 9] VGC 2023 Regulation C","log":"|j|\u2606DeathToScarfChiYu\n|j|\u2606babiwi bewey\u2714\ufe0f\n|t:|1681998685\n|gametype|doubles\n|player|p1|DeathToScarfChiYu|fennel|1585\n|player|p2|babiwi bewey\u2714\ufe0f|elesa-masters|1517\n|teamsize|p1|6\n|teamsize|p2|6\n|gen|9\n|tier|[Gen 9] VGC 2023 Regulation C\n|rated|\n|rule|Species Clause: Limit one of each Pok\u00e9mon\n|rule|Item Clause: Limit one of each item\n|clearpoke\n|poke|p1|Palafin, L50, F|\n|poke|p1|Arcanine, L50, F|\n|poke|p1|Amoonguss, L50, F|\n|poke|p1|Flutter Mane, L50|\n|poke|p1|Ting-Lu, L50|\n|poke|p1|Baxcalibur, L50, F|\n|poke|p2|Dondozo, L50, M|\n|poke|p2|Tatsugiri, L50, F|\n|poke|p2|Pawmot, L50, M|\n|poke|p2|Baxcalibur, L50, M|\n|poke|p2|Flutter Mane, L50|\n|poke|p2|Chi-Yu, L50|\n|teampreview|4\n|inactive|Battle timer is ON: inactive players will automatically lose when time's up. (requested by DeathToScarfChiYu)\nbabiwi bewey\u2714\ufe0f has agreed to open team sheets.\nDeathToScarfChiYu has agreed to open team sheets.\n|c|\u2606babiwi bewey\u2714\ufe0f|sychronized ots acception\n|c|\u2606babiwi bewey\u2714\ufe0f|truly epic\n|c|\u2606DeathToScarfChiYu|Hell yeah\n|inactive|babiwi bewey\u2714\ufe0f has 60 seconds left.\n|j| DKKKKVGC\n|\n|t:|1681998765\n|start\n|switch|p1a: Ting-Lu|Ting-Lu, L50|100\/100\n|switch|p1b: Arcanine|Arcanine, L50, F|100\/100\n|switch|p2a: Pawmot|Pawmot, L50, M|100\/100\n|switch|p2b: Chi-Yu|Chi-Yu, L50|100\/100\n|-ability|p2b: Chi-Yu|Beads of Ruin\n|-ability|p1b: Arcanine|Intimidate|boost\n|-unboost|p2a: Pawmot|atk|1\n|-unboost|p2b: Chi-Yu|atk|1\n|-ability|p1a: Ting-Lu|Vessel of Ruin\n|turn|1\n|\n|t:|1681998788\n|move|p2a: Pawmot|Fake Out|p1a: Ting-Lu\n|-damage|p1a: Ting-Lu|96\/100\n|move|p2b: Chi-Yu|Dark Pulse|p1b: Arcanine\n|-damage|p1b: Arcanine|35\/100\n|move|p1b: Arcanine|Flare Blitz|p2a: Pawmot\n|-damage|p2a: Pawmot|20\/100\n|-damage|p1b: Arcanine|14\/100|[from] Recoil\n|cant|p1a: Ting-Lu|flinch\n|\n|upkeep\n|turn|2\n|\n|t:|1681998806\n|switch|p2a: Flutter Mane|Flutter Mane, L50|100\/100\n|-enditem|p2a: Flutter Mane|Booster Energy\n|-activate|p2a: Flutter Mane|ability: Protosynthesis|[fromitem]\n|-start|p2a: Flutter Mane|protosynthesisspe\n|-terastallize|p2b: Chi-Yu|Grass\n|move|p1b: Arcanine|Extreme Speed|p2b: Chi-Yu\n|-damage|p2b: Chi-Yu|65\/100\n|move|p2b: Chi-Yu|Dark Pulse|p1b: Arcanine\n|-damage|p1b: Arcanine|0 fnt\n|faint|p1b: Arcanine\n|move|p1a: Ting-Lu|Stomping Tantrum|p2b: Chi-Yu\n|-resisted|p2b: Chi-Yu\n|-damage|p2b: Chi-Yu|5\/100\n|\n|upkeep\n|\n|t:|1681998810\n|switch|p1b: Palafin|Palafin, L50, F|100\/100\n|turn|3\n|\n|t:|1681998834\n|switch|p2b: Baxcalibur|Baxcalibur, L50, M|100\/100\n|-terastallize|p1a: Ting-Lu|Poison\n|move|p1b: Palafin|Jet Punch|p2b: Baxcalibur\n|-resisted|p2b: Baxcalibur\n|-damage|p2b: Baxcalibur|91\/100\n|move|p2a: Flutter Mane|Shadow Ball|p1b: Palafin\n|-damage|p1b: Palafin|63\/100\n|move|p1a: Ting-Lu|Fissure|p2a: Flutter Mane|[miss]\n|-miss|p1a: Ting-Lu|p2a: Flutter Mane\n|\n|upkeep\n|turn|4\n|\n|t:|1681998848\n|move|p1b: Palafin|Protect|p1b: Palafin\n|-singleturn|p1b: Palafin|Protect\n|move|p2a: Flutter Mane|Shadow Ball|p1a: Ting-Lu\n|-damage|p1a: Ting-Lu|80\/100\n|move|p2b: Baxcalibur|Glaive Rush|p1a: Ting-Lu\n|-damage|p1a: Ting-Lu|31\/100\n|-singlemove|p2b: Baxcalibur|Glaive Rush|[silent]\n|move|p1a: Ting-Lu|Stomping Tantrum|p2b: Baxcalibur\n|-damage|p2b: Baxcalibur|0 fnt\n|faint|p2b: Baxcalibur\n|\n|upkeep\n|\n|t:|1681998860\n|switch|p2b: Pawmot|Pawmot, L50, M|20\/100\n|turn|5\n|j| snowperegrine\n|\n|t:|1681998876\n|detailschange|p1b: Palafin|Palafin-Hero, L50, F\n|switch|p1b: Flutter Mane|Flutter Mane, L50|100\/100\n|-enditem|p1b: Flutter Mane|Booster Energy\n|-activate|p1b: Flutter Mane|ability: Protosynthesis|[fromitem]\n|-start|p1b: Flutter Mane|protosynthesisspa\n|move|p2a: Flutter Mane|Shadow Ball|p1b: Flutter Mane\n|-supereffective|p1b: Flutter Mane\n|-damage|p1b: Flutter Mane|49\/100\n|-unboost|p1b: Flutter Mane|spd|1\n|move|p2b: Pawmot|Revival Blessing|p2b: Pawmot\n|\n|t:|1681998879\n|-heal|p2: Baxcalibur|50\/100|[from] move: Revival Blessing\n|move|p1a: Ting-Lu|Stomping Tantrum|p2b: Pawmot\n|-supereffective|p2b: Pawmot\n|-damage|p2b: Pawmot|0 fnt\n|faint|p2b: Pawmot\n|\n|upkeep\n|\n|t:|1681998884\n|switch|p2b: Baxcalibur|Baxcalibur, L50, M|50\/100\n|turn|6\n|\n|t:|1681998896\n|switch|p1a: Palafin|Palafin-Hero, L50, F|63\/100\n|-activate|p1a: Palafin|ability: Zero to Hero\n|move|p1b: Flutter Mane|Protect|p1b: Flutter Mane\n|-singleturn|p1b: Flutter Mane|Protect\n|move|p2a: Flutter Mane|Shadow Ball|p1b: Flutter Mane\n|-activate|p1b: Flutter Mane|move: Protect\n|move|p2b: Baxcalibur|Glaive Rush|p1a: Palafin\n|-damage|p1a: Palafin|0 fnt\n|-singlemove|p2b: Baxcalibur|Glaive Rush|[silent]\n|faint|p1a: Palafin\n|\n|upkeep\n|\n|t:|1681998898\n|switch|p1a: Ting-Lu|Ting-Lu, L50, tera:Poison|31\/100\n|-ability|p1a: Ting-Lu|Vessel of Ruin\n|turn|7\n|c|\u2606DeathToScarfChiYu|Gg\n|-message|DeathToScarfChiYu forfeited.\n|\n|win|babiwi bewey\u2714\ufe0f\n|raw|DeathToScarfChiYu's rating: 1585 → 1561<\/strong> (-24 for losing)\n|raw|babiwi bewey\u2714\ufe0f's rating: 1517 → 1541<\/strong> (+24 for winning)\n|l|\u2606DeathToScarfChiYu\n|l|\u2606babiwi bewey\u2714\ufe0f\n|l| DKKKKVGC\n|j|\u2606babiwi bewey\u2714\ufe0f\n|player|p2|babiwi bewey\u2714\ufe0f|elesa-masters\n","uploadtime":1681998924,"views":6,"p1id":"deathtoscarfchiyu","p2id":"babiwibewey","formatid":"gen9vgc2023regulationc","rating":1541,"private":0,"password":""}