{"id":"gen9vgc2023regulationc-1859553860","p1":"betelgeuse","p2":"Trevmer","format":"[Gen 9] VGC 2023 Regulation C","log":"|j|\u2606betelgeuse\n|j|\u2606Trevmer\n|t:|1683540851\n|gametype|doubles\n|player|p1|betelgeuse|janitor|1122\n|player|p2|Trevmer|marlon|1158\n|teamsize|p1|6\n|teamsize|p2|6\n|gen|9\n|tier|[Gen 9] VGC 2023 Regulation C\n|rated|\n|rule|Species Clause: Limit one of each Pok\u00e9mon\n|rule|Item Clause: Limit one of each item\n|clearpoke\n|poke|p1|Vaporeon, L50, M|\n|poke|p1|Jolteon, L50, F|\n|poke|p1|Sylveon, L50, F|\n|poke|p1|Umbreon, L50, M|\n|poke|p1|Espeon, L50, F|\n|poke|p1|Leafeon, L50, M|\n|poke|p2|Pelipper, L50, F|\n|poke|p2|Gastrodon, L50, M|\n|poke|p2|Drednaw, L50, F|\n|poke|p2|Bruxish, L50, F|\n|poke|p2|Tauros-Paldea-Aqua, L50, M|\n|poke|p2|Iron Bundle, L50|\n|teampreview|4\n|inactive|Battle timer is ON: inactive players will automatically lose when time's up. (requested by Trevmer)\n|\n|t:|1683540879\n|start\n|switch|p1a: Leafeon|Leafeon, L50, M|100\/100\n|switch|p1b: Jolteon|Jolteon, L50, F|100\/100\n|switch|p2a: Iron Bundle|Iron Bundle, L50|100\/100\n|switch|p2b: Bruxish|Bruxish, L50, F|100\/100\n|-enditem|p2a: Iron Bundle|Booster Energy\n|-activate|p2a: Iron Bundle|ability: Quark Drive|[fromitem]\n|-start|p2a: Iron Bundle|quarkdrivespe\n|turn|1\n|inactive|betelgeuse has 30 seconds left.\n|inactive|Trevmer has 30 seconds left.\n|\n|t:|1683540911\n|-terastallize|p1a: Leafeon|Fire\n|move|p2a: Iron Bundle|Freeze-Dry|p1a: Leafeon\n|-resisted|p1a: Leafeon\n|-damage|p1a: Leafeon|83\/100\n|move|p1b: Jolteon|Thunderbolt|p2a: Iron Bundle\n|-supereffective|p2a: Iron Bundle\n|-damage|p2a: Iron Bundle|0 fnt\n|faint|p2a: Iron Bundle\n|-end|p2a: Iron Bundle|Quark Drive|[silent]\n|move|p2b: Bruxish|Psychic Fangs|p1b: Jolteon\n|-damage|p1b: Jolteon|20\/100\n|move|p1a: Leafeon|Trailblaze|p2b: Bruxish\n|-supereffective|p2b: Bruxish\n|-damage|p2b: Bruxish|24\/100\n|-boost|p1a: Leafeon|spe|1\n|\n|upkeep\n|\n|t:|1683540926\n|switch|p2a: Gastrodon|Gastrodon, L50, M|100\/100\n|turn|2\n|\n|t:|1683540939\n|-terastallize|p2a: Gastrodon|Poison\n|move|p1a: Leafeon|Leaf Blade|p2a: Gastrodon\n|-resisted|p2a: Gastrodon\n|-damage|p2a: Gastrodon|78\/100\n|move|p1b: Jolteon|Thunderbolt|p2b: Bruxish\n|-supereffective|p2b: Bruxish\n|-damage|p2b: Bruxish|0 fnt\n|faint|p2b: Bruxish\n|move|p2a: Gastrodon|Muddy Water|p1a: Leafeon|[spread] p1a,p1b\n|-supereffective|p1a: Leafeon\n|-damage|p1a: Leafeon|29\/100\n|-damage|p1b: Jolteon|0 fnt\n|faint|p1b: Jolteon\n|\n|upkeep\n|\n|t:|1683540953\n|switch|p1b: Vaporeon|Vaporeon, L50, M|100\/100\n|switch|p2b: Pelipper|Pelipper, L50, F|100\/100\n|-weather|RainDance|[from] ability: Drizzle|[of] p2b: Pelipper\n|turn|3\n|\n|t:|1683540969\n|move|p1a: Leafeon|Leaf Blade|p2b: Pelipper\n|-damage|p2b: Pelipper|66\/100\n|move|p1b: Vaporeon|Yawn|p2a: Gastrodon\n|-start|p2a: Gastrodon|move: Yawn|[of] p1b: Vaporeon\n|move|p2b: Pelipper|Hurricane|p1b: Vaporeon\n|-damage|p1b: Vaporeon|74\/100\n|-start|p1b: Vaporeon|confusion\n|move|p2a: Gastrodon|Earth Power|p1a: Leafeon\n|-supereffective|p1a: Leafeon\n|-damage|p1a: Leafeon|0 fnt\n|faint|p1a: Leafeon\n|\n|-weather|RainDance|[upkeep]\n|-heal|p1b: Vaporeon|80\/100|[from] item: Leftovers\n|upkeep\n|\n|t:|1683540983\n|switch|p1a: Sylveon|Sylveon, L50, F|100\/100\n|turn|4\n|\n|t:|1683541003\n|move|p2b: Pelipper|Wide Guard|p2b: Pelipper\n|-singleturn|p2b: Pelipper|Wide Guard\n|move|p1a: Sylveon|Psyshock|p2a: Gastrodon\n|-supereffective|p2a: Gastrodon\n|-damage|p2a: Gastrodon|0 fnt\n|faint|p2a: Gastrodon\n|-activate|p1b: Vaporeon|confusion\n|move|p1b: Vaporeon|Yawn|p2b: Pelipper\n|-start|p2b: Pelipper|move: Yawn|[of] p1b: Vaporeon\n|\n|-weather|RainDance|[upkeep]\n|-heal|p1b: Vaporeon|86\/100|[from] item: Leftovers\n|upkeep\n|turn|5\n|\n|t:|1683541013\n|-activate|p1b: Vaporeon|confusion\n|-damage|p1b: Vaporeon|82\/100|[from] confusion\n|move|p1a: Sylveon|Psyshock|p2b: Pelipper\n|-crit|p2b: Pelipper\n|-damage|p2b: Pelipper|24\/100\n|move|p2b: Pelipper|Hurricane|p1a: Sylveon\n|-damage|p1a: Sylveon|76\/100\n|\n|-weather|RainDance|[upkeep]\n|-heal|p1b: Vaporeon|87\/100|[from] item: Leftovers\n|-end|p2b: Pelipper|move: Yawn|[silent]\n|-status|p2b: Pelipper|slp\n|upkeep\n|turn|6\n|-message|Trevmer forfeited.\n|\n|win|betelgeuse\n|raw|betelgeuse's rating: 1122 → 1150<\/strong> (+28 for winning)\n|raw|Trevmer's rating: 1158 → 1130<\/strong> (-28 for losing)\n|l|\u2606Trevmer\n","uploadtime":1683541034,"views":10,"p1id":"betelgeuse","p2id":"trevmer","formatid":"gen9vgc2023regulationc","rating":1130,"private":0,"password":""}