{"id":"gen9vgc2023regulationc-1853500602","p1":"Bubunon","p2":"Wormfury","format":"[Gen 9] VGC 2023 Regulation C","log":"|j|\u2606Bubunon\n|j|\u2606Wormfury\n|t:|1682691234\n|gametype|doubles\n|player|p1|Bubunon|2|1348\n|player|p2|Wormfury|266|1306\n|teamsize|p1|6\n|teamsize|p2|6\n|gen|9\n|tier|[Gen 9] VGC 2023 Regulation C\n|rated|\n|rule|Species Clause: Limit one of each Pok\u00e9mon\n|rule|Item Clause: Limit one of each item\n|clearpoke\n|poke|p1|Chien-Pao, L50|\n|poke|p1|Maushold, L50|\n|poke|p1|Ting-Lu, L50|\n|poke|p1|Dragonite, L50, M|\n|poke|p1|Annihilape, L50, M|\n|poke|p1|Flutter Mane, L50|\n|poke|p2|Flutter Mane, L50|\n|poke|p2|Annihilape, L50, M|\n|poke|p2|Palafin, L50, M|\n|poke|p2|Abomasnow, L50, M|\n|poke|p2|Iron Bundle, L50|\n|poke|p2|Ting-Lu, L50|\n|teampreview|4\n|\n|t:|1682691276\n|start\n|switch|p1a: Annihilape|Annihilape, L50, M|100\/100\n|switch|p1b: Ting-Lu|Ting-Lu, L50|100\/100\n|switch|p2a: Obomasnow|Abomasnow, L50, M, shiny|100\/100\n|switch|p2b: Ting-Lu|Ting-Lu, L50|100\/100\n|-weather|Snow|[from] ability: Snow Warning|[of] p2a: Obomasnow\n|-ability|p2b: Ting-Lu|Vessel of Ruin\n|-ability|p1b: Ting-Lu|Vessel of Ruin\n|turn|1\n|\n|t:|1682691301\n|move|p1a: Annihilape|Drain Punch|p2a: Obomasnow\n|-supereffective|p2a: Obomasnow\n|-damage|p2a: Obomasnow|39\/100\n|move|p2a: Obomasnow|Aurora Veil|p2a: Obomasnow\n|-sidestart|p2: Wormfury|move: Aurora Veil\n|move|p2b: Ting-Lu|Fissure|p1a: Annihilape|[miss]\n|-miss|p2b: Ting-Lu|p1a: Annihilape\n|move|p1b: Ting-Lu|Fissure|p2b: Ting-Lu\n|-damage|p2b: Ting-Lu|0 fnt\n|faint|p2b: Ting-Lu\n|-ohko\n|\n|-weather|Snow|[upkeep]\n|upkeep\n|c|\u2606Wormfury|Skill based game\n|\n|t:|1682691320\n|switch|p2b: Iron Bundle|Iron Bundle, L50|100\/100\n|turn|2\n|\n|t:|1682691343\n|move|p2a: Obomasnow|Helping Hand|p2b: Iron Bundle\n|-singleturn|p2b: Iron Bundle|Helping Hand|[of] p2a: Obomasnow\n|move|p1a: Annihilape|Protect|p1a: Annihilape\n|-singleturn|p1a: Annihilape|Protect\n|move|p2b: Iron Bundle|Blizzard|p1a: Annihilape|[spread] p1b\n|-activate|p1a: Annihilape|move: Protect\n|-supereffective|p1b: Ting-Lu\n|-damage|p1b: Ting-Lu|46\/100\n|-damage|p2b: Iron Bundle|91\/100|[from] item: Life Orb\n|move|p1b: Ting-Lu|Fissure|p2b: Iron Bundle\n|-damage|p2b: Iron Bundle|0 fnt\n|faint|p2b: Iron Bundle\n|-end|p2b: Iron Bundle|Quark Drive|[silent]\n|-ohko\n|\n|-weather|Snow|[upkeep]\n|upkeep\n|\n|t:|1682691365\n|switch|p2b: Annihilape|Annihilape, L50, M, shiny|100\/100\n|turn|3\n|n|!Wormfury|wormfury\n|\n|t:|1682691389\n|-terastallize|p2b: Annihilape|Fire\n|move|p2a: Obomasnow|Helping Hand|p2b: Annihilape\n|-singleturn|p2b: Annihilape|Helping Hand|[of] p2a: Obomasnow\n|move|p1a: Annihilape|Drain Punch|p2a: Obomasnow\n|-supereffective|p2a: Obomasnow\n|-damage|p2a: Obomasnow|0 fnt\n|faint|p2a: Obomasnow\n|move|p2b: Annihilape|Rage Fist|p1a: Annihilape\n|-supereffective|p1a: Annihilape\n|-damage|p1a: Annihilape|27\/100\n|move|p1b: Ting-Lu|Fissure|p2b: Annihilape|[miss]\n|-miss|p1b: Ting-Lu|p2b: Annihilape\n|\n|-weather|Snow|[upkeep]\n|-heal|p1a: Annihilape|33\/100|[from] item: Leftovers\n|upkeep\n|turn|4\n|\n|t:|1682691411\n|move|p2b: Annihilape|Rage Fist|p1a: Annihilape\n|-supereffective|p1a: Annihilape\n|-damage|p1a: Annihilape|0 fnt\n|faint|p1a: Annihilape\n|move|p1b: Ting-Lu|Stomping Tantrum|p2b: Annihilape\n|-supereffective|p2b: Annihilape\n|-damage|p2b: Annihilape|25\/100\n|\n|-weather|Snow|[upkeep]\n|-heal|p2b: Annihilape|31\/100|[from] item: Leftovers\n|upkeep\n|\n|t:|1682691421\n|switch|p1a: Dragonite|Dragonite, L50, M|100\/100\n|turn|5\n|-message|Wormfury forfeited.\n|\n|win|Bubunon\n|raw|Bubunon's rating: 1348 → 1366<\/strong> (+18 for winning)\n|raw|Wormfury's rating: 1306 → 1288<\/strong> (-18 for losing)\n|l|!Wormfury\n","uploadtime":1682691380,"views":11,"p1id":"bubunon","p2id":"wormfury","formatid":"gen9vgc2023regulationc","rating":1288,"private":0,"password":""}