{"id":"gen9vgc2023regulationc-1855844688","p1":"civicVGC","p2":"RonJohn","format":"[Gen 9] VGC 2023 Regulation C","log":"|j|\u2606civicVGC\n|j|\u2606RonJohn\n|t:|1682990948\n|gametype|doubles\n|player|p1|civicVGC|169|1151\n|player|p2|RonJohn|2|1040\n|teamsize|p1|6\n|teamsize|p2|6\n|gen|9\n|tier|[Gen 9] VGC 2023 Regulation C\n|rated|\n|rule|Species Clause: Limit one of each Pok\u00e9mon\n|rule|Item Clause: Limit one of each item\n|clearpoke\n|poke|p1|Garchomp, L50, M|\n|poke|p1|Talonflame, L50, F|\n|poke|p1|Amoonguss, L50, M|\n|poke|p1|Flutter Mane, L50|\n|poke|p1|Orthworm, L50, M|\n|poke|p1|Ting-Lu, L50|\n|poke|p2|Amoonguss, L50, F|\n|poke|p2|Flutter Mane, L50|\n|poke|p2|Gyarados, L50, F|\n|poke|p2|Dragonite, L50, M|\n|poke|p2|Ting-Lu, L50|\n|poke|p2|Rotom-Wash, L50|\n|teampreview|4\nRonJohn rejected open team sheets.\n|\n|t:|1682991016\n|start\n|switch|p1a: Talonflame|Talonflame, L50, F|100\/100\n|switch|p1b: Orthworm|Orthworm, L50, M|100\/100\n|switch|p2a: Gyarados|Gyarados, L50, F|100\/100\n|switch|p2b: Ting-Lu|Ting-Lu, L50|100\/100\n|-ability|p2a: Gyarados|Intimidate|boost\n|-unboost|p1a: Talonflame|atk|1\n|-unboost|p1b: Orthworm|atk|1\n|-ability|p2b: Ting-Lu|Vessel of Ruin\n|turn|1\n|c|\u2606RonJohn|Practicing for GC3, hence closed team sheets. Glhf :)\n|\n|t:|1682991055\n|move|p1a: Talonflame|Tailwind|p1a: Talonflame\n|-sidestart|p1: civicVGC|move: Tailwind\n|move|p1b: Orthworm|Shed Tail|p1b: Orthworm\n|-start|p1b: Orthworm|Substitute|[from] move: Shed Tail\n|-damage|p1b: Orthworm|50\/100\n|-enditem|p1b: Orthworm|Sitrus Berry|[eat]\n|-heal|p1b: Orthworm|75\/100|[from] item: Sitrus Berry\n|\n|t:|1682991065\n|switch|p1b: Garchomp|Garchomp, L50, M|100\/100|[from] Shed Tail\n|move|p2a: Gyarados|Rain Dance|p2a: Gyarados\n|-weather|RainDance\n|move|p2b: Ting-Lu|Rock Slide|p1a: Talonflame|[spread] p1a,p1b\n|-resisted|p1b: Garchomp\n|-activate|p1b: Garchomp|move: Substitute|[damage]\n|-supereffective|p1a: Talonflame\n|-enditem|p1a: Talonflame|Charti Berry|[eat]\n|-enditem|p1a: Talonflame|Charti Berry|[weaken]\n|-damage|p1a: Talonflame|56\/100\n|\n|-weather|RainDance|[upkeep]\n|upkeep\n|turn|2\n|\n|t:|1682991094\n|switch|p2b: Rotom|Rotom-Wash, L50|100\/100\n|move|p1b: Garchomp|Protect|p1b: Garchomp\n|-singleturn|p1b: Garchomp|Protect\n|move|p1a: Talonflame|Will-O-Wisp|p2b: Rotom\n|-status|p2b: Rotom|brn\n|move|p2a: Gyarados|Waterfall|p1a: Talonflame\n|-supereffective|p1a: Talonflame\n|-damage|p1a: Talonflame|0 fnt\n|faint|p1a: Talonflame\n|\n|-weather|RainDance|[upkeep]\n|-damage|p2b: Rotom|95\/100 brn|[from] brn\n|upkeep\n|\n|t:|1682991113\n|switch|p1a: Orthworm|Orthworm, L50, M|75\/100\n|turn|3\n|\n|t:|1682991130\n|move|p1b: Garchomp|Rock Slide|p2a: Gyarados|[spread] p2a,p2b\n|-supereffective|p2a: Gyarados\n|-damage|p2a: Gyarados|57\/100\n|-damage|p2b: Rotom|76\/100 brn\n|move|p1a: Orthworm|Smack Down|p2b: Rotom\n|-damage|p2b: Rotom|67\/100 brn\n|-start|p2b: Rotom|Smack Down\n|move|p2a: Gyarados|Ice Fang|p1b: Garchomp\n|-supereffective|p1b: Garchomp\n|-end|p1b: Garchomp|Substitute\n|move|p2b: Rotom|Hydro Pump|p1b: Garchomp|[miss]\n|-miss|p2b: Rotom|p1b: Garchomp\n|\n|-weather|RainDance|[upkeep]\n|-damage|p2b: Rotom|61\/100 brn|[from] brn\n|upkeep\n|turn|4\n|\n|t:|1682991162\n|switch|p2b: Dragonite|Dragonite, L50, M|100\/100\n|move|p1b: Garchomp|Earthquake|p2a: Gyarados|[spread] \n|-heal|p1a: Orthworm|99\/100|[from] ability: Earth Eater|[of] p1b: Garchomp\n|-immune|p2a: Gyarados\n|-immune|p2b: Dragonite\n|move|p1a: Orthworm|Smack Down|p2a: Gyarados\n|-supereffective|p2a: Gyarados\n|-damage|p2a: Gyarados|34\/100\n|-start|p2a: Gyarados|Smack Down\n|move|p2a: Gyarados|Ice Fang|p1b: Garchomp\n|-supereffective|p1b: Garchomp\n|-damage|p1b: Garchomp|11\/100\n|-damage|p2a: Gyarados|22\/100|[from] ability: Rough Skin|[of] p1b: Garchomp\n|\n|-weather|RainDance|[upkeep]\n|-sideend|p1: civicVGC|move: Tailwind\n|upkeep\n|turn|5\n|\n|t:|1682991200\n|switch|p2a: Rotom|Rotom-Wash, L50|61\/100 brn\n|move|p1b: Garchomp|Protect|p1b: Garchomp\n|-singleturn|p1b: Garchomp|Protect\n|move|p2b: Dragonite|Extreme Speed|p1b: Garchomp\n|-activate|p1b: Garchomp|move: Protect\n|move|p1a: Orthworm|Smack Down|p2b: Dragonite\n|-supereffective|p2b: Dragonite\n|-damage|p2b: Dragonite|90\/100\n|-start|p2b: Dragonite|Smack Down\n|\n|-weather|RainDance|[upkeep]\n|-damage|p2a: Rotom|55\/100 brn|[from] brn\n|upkeep\n|turn|6\n|\n|t:|1682991242\n|switch|p1b: Amoonguss|Amoonguss, L50, M|100\/100\n|switch|p2b: Gyarados|Gyarados, L50, F|22\/100\n|-ability|p2b: Gyarados|Intimidate|boost\n|-unboost|p1a: Orthworm|atk|1\n|-unboost|p1b: Amoonguss|atk|1\n|move|p2a: Rotom|Will-O-Wisp|p1b: Amoonguss\n|-status|p1b: Amoonguss|brn\n|move|p1a: Orthworm|Shed Tail|p1a: Orthworm\n|-start|p1a: Orthworm|Substitute|[from] move: Shed Tail\n|-damage|p1a: Orthworm|50\/100\n|\n|t:|1682991257\n|switch|p1a: Garchomp|Garchomp, L50, M|11\/100|[from] Shed Tail\n|\n|-weather|RainDance|[upkeep]\n|-damage|p2a: Rotom|50\/100 brn|[from] brn\n|-damage|p1b: Amoonguss|95\/100 brn|[from] brn\n|upkeep\n|-enditem|p2a: Rotom|Sitrus Berry|[eat]\n|-heal|p2a: Rotom|74\/100 brn|[from] item: Sitrus Berry\n|turn|7\n|\n|t:|1682991287\n|move|p1a: Garchomp|Rock Slide|p2b: Gyarados|[spread] p2a,p2b\n|-supereffective|p2b: Gyarados\n|-crit|p2b: Gyarados\n|-damage|p2a: Rotom|55\/100 brn\n|-damage|p2b: Gyarados|0 fnt\n|faint|p2b: Gyarados\n|move|p2a: Rotom|Hydro Pump|p1a: Garchomp\n|-end|p1a: Garchomp|Substitute\n|move|p1b: Amoonguss|Pollen Puff|p1a: Garchomp\n|-heal|p1a: Garchomp|61\/100\n|\n|-weather|RainDance|[upkeep]\n|-damage|p2a: Rotom|50\/100 brn|[from] brn\n|-damage|p1b: Amoonguss|89\/100 brn|[from] brn\n|upkeep\n|\n|t:|1682991302\n|switch|p2b: Dragonite|Dragonite, L50, M|90\/100\n|turn|8\n|\n|t:|1682991328\n|-terastallize|p2b: Dragonite|Flying\n|move|p1a: Garchomp|Protect|p1a: Garchomp\n|-singleturn|p1a: Garchomp|Protect\n|move|p2b: Dragonite|Tera Blast|p1b: Amoonguss\n|-supereffective|p1b: Amoonguss\n|-damage|p1b: Amoonguss|7\/100 brn\n|-enditem|p1b: Amoonguss|Aguav Berry|[eat]\n|-heal|p1b: Amoonguss|40\/100 brn|[from] item: Aguav Berry\n|move|p2a: Rotom|Hydro Pump|p1a: Garchomp\n|-activate|p1a: Garchomp|move: Protect\n|move|p1b: Amoonguss|Spore|p2b: Dragonite\n|-status|p2b: Dragonite|slp|[from] move: Spore\n|-enditem|p2b: Dragonite|Lum Berry|[eat]\n|-curestatus|p2b: Dragonite|slp|[msg]\n|\n|-weather|none\n|-damage|p2a: Rotom|44\/100 brn|[from] brn\n|-damage|p1b: Amoonguss|34\/100 brn|[from] brn\n|upkeep\n|turn|9\n|\n|t:|1682991367\n|move|p1b: Amoonguss|Rage Powder|p1b: Amoonguss\n|-singleturn|p1b: Amoonguss|move: Rage Powder\n|move|p1a: Garchomp|Substitute|p1a: Garchomp\n|-start|p1a: Garchomp|Substitute\n|-damage|p1a: Garchomp|36\/100\n|move|p2b: Dragonite|Tera Blast|p1b: Amoonguss\n|-supereffective|p1b: Amoonguss\n|-damage|p1b: Amoonguss|0 fnt\n|faint|p1b: Amoonguss\n|move|p2a: Rotom|Will-O-Wisp||[still]\n|-fail|p2a: Rotom\n|\n|-damage|p2a: Rotom|38\/100 brn|[from] brn\n|upkeep\n|\n|t:|1682991381\n|switch|p1b: Orthworm|Orthworm, L50, M|50\/100\n|turn|10\n|\n|t:|1682991427\n|move|p1a: Garchomp|Protect|p1a: Garchomp\n|-singleturn|p1a: Garchomp|Protect\n|move|p2b: Dragonite|Extreme Speed|p1a: Garchomp\n|-activate|p1a: Garchomp|move: Protect\n|move|p2a: Rotom|Hydro Pump|p1a: Garchomp\n|-activate|p1a: Garchomp|move: Protect\n|move|p1b: Orthworm|Smack Down|p2a: Rotom\n|-damage|p2a: Rotom|28\/100 brn\n|-start|p2a: Rotom|Smack Down\n|\n|-damage|p2a: Rotom|22\/100 brn|[from] brn\n|upkeep\n|turn|11\n|-message|civicVGC forfeited.\n|\n|win|RonJohn\n|raw|civicVGC's rating: 1151 → 1118<\/strong> (-33 for losing)\n|raw|RonJohn's rating: 1040 → 1085<\/strong> (+45 for winning)\n|l|\u2606civicVGC\n","uploadtime":1682991510,"views":13,"p1id":"civicvgc","p2id":"ronjohn","formatid":"gen9vgc2023regulationc","rating":1085,"private":0,"password":""}