{"id":"gen9vgc2023regulationc-1851766175","p1":"SnowConsumer","p2":"MLGmushroom","format":"[Gen 9] VGC 2023 Regulation C","log":"|j|\u2606SnowConsumer\n|j|\u2606MLGmushroom\n|t:|1682480238\n|gametype|doubles\n|player|p1|SnowConsumer|riley|1186\n|player|p2|MLGmushroom|blue|1287\n|teamsize|p1|6\n|teamsize|p2|6\n|gen|9\n|tier|[Gen 9] VGC 2023 Regulation C\n|rated|\n|rule|Species Clause: Limit one of each Pok\u00e9mon\n|rule|Item Clause: Limit one of each item\n|clearpoke\n|poke|p1|Coalossal, L50, M|\n|poke|p1|Torkoal, L50, F|\n|poke|p1|Palafin, L50, M|\n|poke|p1|Lilligant, L50, F|\n|poke|p1|Iron Bundle, L50|\n|poke|p1|Dragonite, L50, F|\n|poke|p2|Chien-Pao, L50|\n|poke|p2|Roaring Moon, L50|\n|poke|p2|Flutter Mane, L50|\n|poke|p2|Amoonguss, L50, M|\n|poke|p2|Gyarados, L50, M|\n|poke|p2|Scizor, L50, M|\n|teampreview|4\n|inactive|Battle timer is ON: inactive players will automatically lose when time's up. (requested by SnowConsumer)\n|\n|t:|1682480256\n|start\n|switch|p1a: Cole|Coalossal, L50, M, shiny|100\/100\n|switch|p1b: Willy|Palafin, L50, M, shiny|100\/100\n|switch|p2a: Roaring Moon|Roaring Moon, L50|100\/100\n|switch|p2b: Gyarados|Gyarados, L50, M|100\/100\n|-ability|p2b: Gyarados|Intimidate|boost\n|-unboost|p1a: Cole|atk|1\n|-unboost|p1b: Willy|atk|1\n|-enditem|p2a: Roaring Moon|Booster Energy\n|-activate|p2a: Roaring Moon|ability: Protosynthesis|[fromitem]\n|-start|p2a: Roaring Moon|protosynthesisatk\n|turn|1\n|\n|t:|1682480275\n|-terastallize|p1a: Cole|Grass\n|move|p1b: Willy|Flip Turn|p1a: Cole\n|-resisted|p1a: Cole\n|-damage|p1a: Cole|95\/100\n|-ability|p1a: Cole|Steam Engine|boost\n|-boost|p1a: Cole|spe|6\n|-enditem|p1a: Cole|Absorb Bulb\n|-boost|p1a: Cole|spa|1|[from] item: Absorb Bulb\n|\n|t:|1682480282\n|detailschange|p1b: Willy|Palafin-Hero, L50, M, shiny\n|switch|p1b: Fuji|Torkoal, L50, F, shiny|100\/100|[from] Flip Turn\n|-weather|SunnyDay|[from] ability: Drought|[of] p1b: Fuji\n|move|p1a: Cole|Power Gem|p2b: Gyarados\n|-supereffective|p2b: Gyarados\n|-damage|p2b: Gyarados|0 fnt\n|faint|p2b: Gyarados\n|move|p2a: Roaring Moon|Acrobatics|p1b: Fuji\n|-damage|p1b: Fuji|62\/100\n|\n|-weather|SunnyDay|[upkeep]\n|upkeep\n|\n|t:|1682480288\n|switch|p2b: Chien-Pao|Chien-Pao, L50|100\/100\n|-ability|p2b: Chien-Pao|Sword of Ruin\n|turn|2\n|\n|t:|1682480298\n|move|p1a: Cole|Protect|p1a: Cole\n|-singleturn|p1a: Cole|Protect\n|move|p2b: Chien-Pao|Sucker Punch|p1b: Fuji\n|-damage|p1b: Fuji|22\/100\n|-enditem|p1b: Fuji|Aguav Berry|[eat]\n|-heal|p1b: Fuji|55\/100|[from] item: Aguav Berry\n|move|p2a: Roaring Moon|Acrobatics|p1a: Cole\n|-activate|p1a: Cole|move: Protect\n|move|p1b: Fuji|Eruption|p2a: Roaring Moon|[spread] p2a,p2b\n|-resisted|p2a: Roaring Moon\n|-supereffective|p2b: Chien-Pao\n|-damage|p2a: Roaring Moon|89\/100\n|-damage|p2b: Chien-Pao|8\/100\n|\n|-weather|SunnyDay|[upkeep]\n|upkeep\n|turn|3\n|\n|t:|1682480321\n|move|p2b: Chien-Pao|Protect|p2b: Chien-Pao\n|-singleturn|p2b: Chien-Pao|Protect\n|move|p1a: Cole|Heat Wave|p2a: Roaring Moon|[spread] p2a\n|-activate|p2b: Chien-Pao|move: Protect\n|-resisted|p2a: Roaring Moon\n|-damage|p2a: Roaring Moon|57\/100\n|move|p2a: Roaring Moon|Acrobatics|p1a: Cole\n|-supereffective|p1a: Cole\n|-damage|p1a: Cole|0 fnt\n|faint|p1a: Cole\n|move|p1b: Fuji|Earth Power|p2a: Roaring Moon\n|-damage|p2a: Roaring Moon|41\/100\n|\n|-weather|SunnyDay|[upkeep]\n|upkeep\n|\n|t:|1682480325\n|switch|p1a: Bundy|Iron Bundle, L50, shiny|100\/100\n|-enditem|p1a: Bundy|Booster Energy\n|-activate|p1a: Bundy|ability: Quark Drive|[fromitem]\n|-start|p1a: Bundy|quarkdrivespe\n|turn|4\n|\n|t:|1682480341\n|move|p1a: Bundy|Protect|p1a: Bundy\n|-singleturn|p1a: Bundy|Protect\n|move|p2a: Roaring Moon|Protect|p2a: Roaring Moon\n|-singleturn|p2a: Roaring Moon|Protect\n|move|p2b: Chien-Pao|Sacred Sword|p1a: Bundy\n|-activate|p1a: Bundy|move: Protect\n|move|p1b: Fuji|Eruption|p2a: Roaring Moon|[spread] p2b\n|-activate|p2a: Roaring Moon|move: Protect\n|-supereffective|p2b: Chien-Pao\n|-crit|p2b: Chien-Pao\n|-damage|p2b: Chien-Pao|0 fnt\n|faint|p2b: Chien-Pao\n|\n|-weather|SunnyDay|[upkeep]\n|upkeep\n|\n|t:|1682480343\n|switch|p2b: Flutter Mane|Flutter Mane, L50|100\/100\n|-activate|p2b: Flutter Mane|ability: Protosynthesis\n|-start|p2b: Flutter Mane|protosynthesisspa\n|turn|5\n|\n|t:|1682480362\n|move|p1a: Bundy|Freeze-Dry|p2a: Roaring Moon\n|-supereffective|p2a: Roaring Moon\n|-damage|p2a: Roaring Moon|0 fnt\n|faint|p2a: Roaring Moon\n|-end|p2a: Roaring Moon|Protosynthesis|[silent]\n|move|p2b: Flutter Mane|Thunderbolt|p1a: Bundy\n|-supereffective|p1a: Bundy\n|-damage|p1a: Bundy|0 fnt\n|faint|p1a: Bundy\n|-end|p1a: Bundy|Quark Drive|[silent]\n|-damage|p2b: Flutter Mane|91\/100|[from] item: Life Orb\n|move|p1b: Fuji|Eruption|p2b: Flutter Mane\n|-damage|p2b: Flutter Mane|50\/100\n|\n|-weather|none\n|-end|p2b: Flutter Mane|Protosynthesis\n|upkeep\n|\n|t:|1682480369\n|switch|p1a: Willy|Palafin-Hero, L50, M, shiny|100\/100\n|-activate|p1a: Willy|ability: Zero to Hero\n|turn|6\n|\n|t:|1682480376\n|move|p1a: Willy|Iron Head|p2b: Flutter Mane\n|-supereffective|p2b: Flutter Mane\n|-damage|p2b: Flutter Mane|0 fnt\n|faint|p2b: Flutter Mane\n|-end|p2b: Flutter Mane|Protosynthesis|[silent]\n|\n|win|SnowConsumer\n|raw|SnowConsumer's rating: 1186 → 1218<\/strong> (+32 for winning)\n|raw|MLGmushroom's rating: 1287 → 1255<\/strong> (-32 for losing)\n","uploadtime":1682480381,"views":12,"p1id":"snowconsumer","p2id":"mlgmushroom","formatid":"gen9vgc2023regulationc","rating":1218,"private":0,"password":""}