{"id":"gen9vgc2023regulationc-1864092539","p1":"mudhiman","p2":"PoppinParty Kasumi","format":"[Gen 9] VGC 2023 Regulation C","log":"|j|\u2606mudhiman\n|j|\u2606PoppinParty Kasumi\n|t:|1684116300\n|gametype|doubles\n|player|p1|mudhiman|janitor|\n|player|p2|PoppinParty Kasumi|#vgcplzoruas|\n|teamsize|p1|6\n|teamsize|p2|6\n|gen|9\n|tier|[Gen 9] VGC 2023 Regulation C\n|rule|Species Clause: Limit one of each Pok\u00e9mon\n|rule|Item Clause: Limit one of each item\n|clearpoke\n|poke|p1|Flutter Mane, L50|\n|poke|p1|Ting-Lu, L50|\n|poke|p1|Amoonguss, L50, M|\n|poke|p1|Baxcalibur, L50, M|\n|poke|p1|Palafin, L50, F|\n|poke|p1|Arcanine, L50, M|\n|poke|p2|Chi-Yu, L50|\n|poke|p2|Flutter Mane, L50|\n|poke|p2|Roaring Moon, L50|\n|poke|p2|Corviknight, L50, M|\n|poke|p2|Klefki, L50, F|\n|poke|p2|Garchomp, L50, M|\n|teampreview|4\n|inactive|Battle timer is ON: inactive players will automatically lose when time's up. (requested by PoppinParty Kasumi)\n|c|\u2606mudhiman|g2\nmudhiman has agreed to open team sheets.\n|inactiveoff|Battle timer is now OFF.\n|j|+Nails\n|j| Amelina\n|j| TheKingVillager\n|j| Ally\n|j| knxying\n|c|\u2606mudhiman|could u open the sheets again please\n|c|\u2606mudhiman|gl hf\nPoppinParty Kasumi has agreed to open team sheets.\n|c|\u2606PoppinParty Kasumi|glhf\n|\n|t:|1684117090\n|start\n|switch|p1a: Palafin|Palafin, L50, F|100\/100\n|switch|p1b: Baxcalibur|Baxcalibur, L50, M|100\/100\n|switch|p2a: Flutter Mane|Flutter Mane, L50|100\/100\n|switch|p2b: Klefki|Klefki, L50, F|100\/100\n|turn|1\n|\n|t:|1684117151\n|move|p1b: Baxcalibur|Protect|p1b: Baxcalibur\n|-singleturn|p1b: Baxcalibur|Protect\n|move|p1a: Palafin|Protect|p1a: Palafin\n|-singleturn|p1a: Palafin|Protect\n|move|p2b: Klefki|Reflect|p2b: Klefki\n|-sidestart|p2: PoppinParty Kasumi|Reflect\n|move|p2a: Flutter Mane|Shadow Ball|p1b: Baxcalibur\n|-activate|p1b: Baxcalibur|move: Protect\n|\n|upkeep\n|turn|2\n|\n|t:|1684117169\n|detailschange|p1a: Palafin|Palafin-Hero, L50, F\n|switch|p1a: Ting-Lu|Ting-Lu, L50|100\/100\n|-ability|p1a: Ting-Lu|Vessel of Ruin\n|move|p2b: Klefki|Thunder Wave|p1b: Baxcalibur\n|-status|p1b: Baxcalibur|par\n|move|p2a: Flutter Mane|Shadow Ball|p1b: Baxcalibur\n|-damage|p1b: Baxcalibur|58\/100 par\n|move|p1b: Baxcalibur|Icicle Crash|p2a: Flutter Mane\n|-damage|p2a: Flutter Mane|41\/100\n|\n|upkeep\n|turn|3\n|j| AveragePikachu\n|\n|t:|1684117199\n|-end|p2a: Flutter Mane|Protosynthesis|[silent]\n|switch|p2a: Corviknight|Corviknight, L50, M|100\/100\n|move|p1b: Baxcalibur|Protect|p1b: Baxcalibur\n|-singleturn|p1b: Baxcalibur|Protect\n|move|p2b: Klefki|Dazzling Gleam|p1b: Baxcalibur|[spread] p1a\n|-activate|p1b: Baxcalibur|move: Protect\n|-supereffective|p1a: Ting-Lu\n|-damage|p1a: Ting-Lu|88\/100\n|move|p1a: Ting-Lu|Ruination|p2a: Corviknight\n|-damage|p2a: Corviknight|51\/100\n|\n|upkeep\n|turn|4\n|j| PowerfulKnowledge\n|\n|t:|1684117242\n|switch|p1b: Arcanine|Arcanine, L50, M|100\/100\n|-ability|p1b: Arcanine|Intimidate|boost\n|-ability|p2a: Corviknight|Mirror Armor\n|-unboost|p1b: Arcanine|atk|1\n|-unboost|p2b: Klefki|atk|1\n|move|p2b: Klefki|Dazzling Gleam|p1b: Arcanine|[spread] p1a,p1b\n|-supereffective|p1a: Ting-Lu\n|-resisted|p1b: Arcanine\n|-damage|p1a: Ting-Lu|76\/100\n|-damage|p1b: Arcanine|94\/100\n|move|p2a: Corviknight|Bulk Up|p2a: Corviknight\n|-boost|p2a: Corviknight|atk|1\n|-boost|p2a: Corviknight|def|1\n|move|p1a: Ting-Lu|Ruination|p2a: Corviknight\n|-damage|p2a: Corviknight|26\/100\n|\n|upkeep\n|turn|5\n|\n|t:|1684117267\n|switch|p1a: Palafin|Palafin-Hero, L50, F|100\/100\n|-activate|p1a: Palafin|ability: Zero to Hero\n|move|p2b: Klefki|Thunder Wave|p1b: Arcanine\n|-status|p1b: Arcanine|par\n|move|p2a: Corviknight|Roost|p2a: Corviknight\n|-heal|p2a: Corviknight|76\/100\n|-singleturn|p2a: Corviknight|move: Roost\n|move|p1b: Arcanine|Howl|p1b: Arcanine|[spread] p1a,p1b\n|-boost|p1a: Palafin|atk|1\n|-boost|p1b: Arcanine|atk|1\n|\n|upkeep\n|turn|6\n|j| The Goomy\n|\n|t:|1684117297\n|move|p1a: Palafin|Protect|p1a: Palafin\n|-singleturn|p1a: Palafin|Protect\n|move|p2b: Klefki|Thunder Wave|p1a: Palafin\n|-activate|p1a: Palafin|move: Protect\n|move|p2a: Corviknight|Brave Bird|p1b: Arcanine\n|-damage|p1b: Arcanine|24\/100 par\n|-damage|p2a: Corviknight|54\/100|[from] Recoil\n|move|p1b: Arcanine|Flare Blitz|p2a: Corviknight\n|-supereffective|p2a: Corviknight\n|-damage|p2a: Corviknight|17\/100\n|-damage|p1b: Arcanine|11\/100 par|[from] Recoil\n|\n|upkeep\n|turn|7\n|\n|t:|1684117321\n|move|p1a: Palafin|Jet Punch|p2a: Corviknight\n|-damage|p2a: Corviknight|0 fnt\n|faint|p2a: Corviknight\n|move|p2b: Klefki|Thunder Wave|p1a: Palafin\n|-status|p1a: Palafin|par\n|cant|p1b: Arcanine|par\n|\n|upkeep\n|j|+Eeveon7\u2764\n|\n|t:|1684117344\n|switch|p2a: Chi-Yu|Chi-Yu, L50|100\/100\n|-ability|p2a: Chi-Yu|Beads of Ruin\n|turn|8\n|l| The Goomy\n|\n|t:|1684117391\n|move|p2a: Chi-Yu|Protect|p2a: Chi-Yu\n|-singleturn|p2a: Chi-Yu|Protect\n|move|p1a: Palafin|Protect|p1a: Palafin\n|-singleturn|p1a: Palafin|Protect\n|move|p1b: Arcanine|Extreme Speed|p2a: Chi-Yu\n|-activate|p2a: Chi-Yu|move: Protect\n|move|p2b: Klefki|Dazzling Gleam|p1a: Palafin|[spread] p1b\n|-activate|p1a: Palafin|move: Protect\n|-resisted|p1b: Arcanine\n|-damage|p1b: Arcanine|0 fnt\n|faint|p1b: Arcanine\n|\n|-sideend|p2: PoppinParty Kasumi|Reflect\n|upkeep\n|\n|t:|1684117403\n|switch|p1b: Baxcalibur|Baxcalibur, L50, M|58\/100 par\n|turn|9\n|\n|t:|1684117462\n|-terastallize|p2a: Chi-Yu|Grass\n|-terastallize|p1a: Palafin|Water\n|move|p2b: Klefki|Reflect|p2b: Klefki\n|-sidestart|p2: PoppinParty Kasumi|Reflect\n|cant|p1b: Baxcalibur|par\n|move|p1a: Palafin|Jet Punch|p2a: Chi-Yu\n|-resisted|p2a: Chi-Yu\n|-damage|p2a: Chi-Yu|50\/100\n|move|p2a: Chi-Yu|Tera Blast|p1a: Palafin\n|-supereffective|p1a: Palafin\n|-damage|p1a: Palafin|0 fnt\n|faint|p1a: Palafin\n|-damage|p2a: Chi-Yu|41\/100|[from] item: Life Orb\n|\n|upkeep\n|\n|t:|1684117472\n|switch|p1a: Ting-Lu|Ting-Lu, L50|76\/100\n|-ability|p1a: Ting-Lu|Vessel of Ruin\n|turn|10\n|\n|t:|1684117498\n|move|p2a: Chi-Yu|Protect|p2a: Chi-Yu\n|-singleturn|p2a: Chi-Yu|Protect\n|cant|p1b: Baxcalibur|par\n|move|p2b: Klefki|Dazzling Gleam|p1a: Ting-Lu|[spread] p1a,p1b\n|-supereffective|p1a: Ting-Lu\n|-supereffective|p1b: Baxcalibur\n|-damage|p1a: Ting-Lu|60\/100\n|-damage|p1b: Baxcalibur|20\/100 par\n|move|p1a: Ting-Lu|Fissure|p2b: Klefki\n|-damage|p2b: Klefki|0 fnt\n|faint|p2b: Klefki\n|-ohko\n|\n|upkeep\n|\n|t:|1684117517\n|switch|p2b: Flutter Mane|Flutter Mane, L50|41\/100\n|turn|11\n|\n|t:|1684117546\n|move|p1b: Baxcalibur|Ice Shard|p2a: Chi-Yu\n|-supereffective|p2a: Chi-Yu\n|-damage|p2a: Chi-Yu|0 fnt\n|faint|p2a: Chi-Yu\n|move|p2b: Flutter Mane|Moonblast|p1a: Ting-Lu\n|-supereffective|p1a: Ting-Lu\n|-damage|p1a: Ting-Lu|14\/100\n|move|p1a: Ting-Lu|Heavy Slam|p2b: Flutter Mane\n|-supereffective|p2b: Flutter Mane\n|-crit|p2b: Flutter Mane\n|-damage|p2b: Flutter Mane|0 fnt\n|faint|p2b: Flutter Mane\n|-end|p2b: Flutter Mane|Protosynthesis|[silent]\n|\n|win|mudhiman\n","uploadtime":1684117554,"views":23,"p1id":"mudhiman","p2id":"poppinpartykasumi","formatid":"gen9vgc2023regulationc","rating":0,"private":0,"password":""}