{"id":"gen9vgc2023regulationc-1845750816","p1":"fo50","p2":"itsmelly","format":"[Gen 9] VGC 2023 Regulation C","log":"|j|\u2606fo50\n|j|\u2606itsmelly\n|t:|1681761131\n|gametype|doubles\n|player|p1|fo50|2|1126\n|player|p2|itsmelly|furisodegirl-black|1126\n|teamsize|p1|6\n|teamsize|p2|6\n|gen|9\n|tier|[Gen 9] VGC 2023 Regulation C\n|rated|\n|rule|Species Clause: Limit one of each Pok\u00e9mon\n|rule|Item Clause: Limit one of each item\n|clearpoke\n|poke|p1|Scovillain, L50, F|\n|poke|p1|Dragonite, L50, F|\n|poke|p1|Tinkaton, L50, F|\n|poke|p1|Garchomp, L50, F|\n|poke|p1|Torkoal, L50, F|\n|poke|p1|Scizor, L50, M|\n|poke|p2|Chien-Pao, L50|\n|poke|p2|Amoonguss, L50, F|\n|poke|p2|Arcanine, L50, F|\n|poke|p2|Great Tusk, L50|\n|poke|p2|Ceruledge, L50, F|\n|poke|p2|Flutter Mane, L50|\n|teampreview|4\nitsmelly has agreed to open team sheets.\n|inactive|Battle timer is ON: inactive players will automatically lose when time's up. (requested by itsmelly)\n|\n|t:|1681761166\n|start\n|switch|p1a: Garchomp|Garchomp, L50, F|100\/100\n|switch|p1b: Tinkaton|Tinkaton, L50, F|100\/100\n|switch|p2a: 1000 degrees|Ceruledge, L50, F|100\/100\n|switch|p2b: charge|Great Tusk, L50|100\/100\n|turn|1\n|inactive|fo50 has 30 seconds left.\n|inactive|itsmelly has 30 seconds left.\n|\n|t:|1681761200\n|-terastallize|p2a: 1000 degrees|Grass\n|move|p1b: Tinkaton|Fake Out|p2b: charge\n|-damage|p2b: charge|95\/100\n|move|p1a: Garchomp|Liquidation|p2a: 1000 degrees\n|-resisted|p2a: 1000 degrees\n|-damage|p2a: 1000 degrees|80\/100\n|cant|p2b: charge|flinch\n|move|p2a: 1000 degrees|Swords Dance|p2a: 1000 degrees\n|-boost|p2a: 1000 degrees|atk|2\n|\n|upkeep\n|turn|2\n|\n|t:|1681761220\n|switch|p1b: Dragonite|Dragonite, L50, F|100\/100\n|move|p1a: Garchomp|Poison Jab|p2a: 1000 degrees\n|-supereffective|p2a: 1000 degrees\n|-damage|p2a: 1000 degrees|11\/100\n|move|p2b: charge|Headlong Rush|p1b: Dragonite\n|-immune|p1b: Dragonite\n|move|p2a: 1000 degrees|Bitter Blade|p1a: Garchomp\n|-resisted|p1a: Garchomp\n|-damage|p1a: Garchomp|47\/100\n|-heal|p2a: 1000 degrees|40\/100|[from] drain|[of] p1a: Garchomp\n|-damage|p2a: 1000 degrees|28\/100|[from] ability: Rough Skin|[of] p1a: Garchomp\n|\n|upkeep\n|turn|3\n|inactive|fo50 has 30 seconds left.\n|\n|t:|1681761246\n|-end|p2b: charge|Protosynthesis|[silent]\n|switch|p2b: too fast|Arcanine, L50, F|100\/100\n|-ability|p2b: too fast|Intimidate|boost\n|-unboost|p1a: Garchomp|atk|1\n|-unboost|p1b: Dragonite|atk|1\n|move|p2a: 1000 degrees|Shadow Sneak|p1a: Garchomp\n|-damage|p1a: Garchomp|0 fnt\n|-damage|p2a: 1000 degrees|16\/100|[from] ability: Rough Skin|[of] p1a: Garchomp\n|faint|p1a: Garchomp\n|move|p1b: Dragonite|Ice Spinner|p2b: too fast\n|-resisted|p2b: too fast\n|-damage|p2b: too fast|89\/100\n|\n|upkeep\n|\n|t:|1681761259\n|switch|p1a: Tinkaton|Tinkaton, L50, F|100\/100\n|turn|4\n|\n|t:|1681761265\n|move|p1a: Tinkaton|Fake Out|p2b: too fast\n|-damage|p2b: too fast|80\/100\n|move|p1b: Dragonite|Extreme Speed|p2a: 1000 degrees\n|-damage|p2a: 1000 degrees|0 fnt\n|faint|p2a: 1000 degrees\n|cant|p2b: too fast|flinch\n|\n|upkeep\n|\n|t:|1681761270\n|switch|p2a: dentist hater|Chien-Pao, L50|100\/100\n|-ability|p2a: dentist hater|Sword of Ruin\n|turn|5\n|\n|t:|1681761289\n|move|p1a: Tinkaton|Protect|p1a: Tinkaton\n|-singleturn|p1a: Tinkaton|Protect\n|move|p2a: dentist hater|Ice Spinner|p1b: Dragonite\n|-supereffective|p1b: Dragonite\n|-damage|p1b: Dragonite|0 fnt\n|faint|p1b: Dragonite\n|move|p2b: too fast|Flare Blitz|p1a: Tinkaton\n|-activate|p1a: Tinkaton|move: Protect\n|\n|upkeep\n|\n|t:|1681761298\n|switch|p1b: Scizor|Scizor, L50, M|100\/100\n|turn|6\n|\n|t:|1681761314\n|switch|p2b: charge|Great Tusk, L50|95\/100\n|-terastallize|p1b: Scizor|Flying\n|move|p1b: Scizor|Bullet Punch|p2a: dentist hater\n|-supereffective|p2a: dentist hater\n|-enditem|p2a: dentist hater|Focus Sash\n|-damage|p2a: dentist hater|1\/100\n|move|p2a: dentist hater|Sacred Sword|p1a: Tinkaton\n|-damage|p1a: Tinkaton|58\/100\n|move|p1a: Tinkaton|Pounce|p2b: charge\n|-resisted|p2b: charge\n|-damage|p2b: charge|90\/100\n|-unboost|p2b: charge|spe|1\n|\n|-heal|p1a: Tinkaton|65\/100|[from] item: Leftovers\n|upkeep\n|turn|7\n|inactive|fo50 has 30 seconds left.\n|inactive|fo50 has 20 seconds left.\n|inactive|fo50 has 15 seconds left.\n|\n|t:|1681761359\n|move|p2a: dentist hater|Protect|p2a: dentist hater\n|-singleturn|p2a: dentist hater|Protect\n|move|p1a: Tinkaton|Pounce|p2b: charge\n|-resisted|p2b: charge\n|-damage|p2b: charge|85\/100\n|-unboost|p2b: charge|spe|1\n|move|p1b: Scizor|Trailblaze|p2a: dentist hater\n|-activate|p2a: dentist hater|move: Protect\n|move|p2b: charge|Headlong Rush|p1a: Tinkaton\n|-supereffective|p1a: Tinkaton\n|-damage|p1a: Tinkaton|0 fnt\n|-unboost|p2b: charge|def|1\n|-unboost|p2b: charge|spd|1\n|faint|p1a: Tinkaton\n|-damage|p2b: charge|75\/100|[from] item: Life Orb\n|\n|upkeep\n|turn|8\n|\n|t:|1681761381\n|move|p1b: Scizor|Bullet Punch|p2a: dentist hater\n|-supereffective|p2a: dentist hater\n|-damage|p2a: dentist hater|0 fnt\n|faint|p2a: dentist hater\n|move|p2b: charge|Close Combat|p1b: Scizor\n|-resisted|p1b: Scizor\n|-damage|p1b: Scizor|61\/100\n|-unboost|p2b: charge|def|1\n|-unboost|p2b: charge|spd|1\n|-damage|p2b: charge|65\/100|[from] item: Life Orb\n|\n|upkeep\n|\n|t:|1681761383\n|switch|p2a: too fast|Arcanine, L50, F|80\/100\n|-ability|p2a: too fast|Intimidate|boost\n|-unboost|p1b: Scizor|atk|1\n|turn|9\n|\n|t:|1681761400\n|move|p2a: too fast|Flare Blitz|p1b: Scizor\n|-damage|p1b: Scizor|18\/100\n|-enditem|p1b: Scizor|Sitrus Berry|[eat]\n|-heal|p1b: Scizor|42\/100|[from] item: Sitrus Berry\n|-damage|p2a: too fast|70\/100|[from] Recoil\n|move|p1b: Scizor|Trailblaze|p2b: charge\n|-supereffective|p2b: charge\n|-damage|p2b: charge|10\/100\n|-boost|p1b: Scizor|spe|1\n|move|p2b: charge|Close Combat|p1b: Scizor\n|-resisted|p1b: Scizor\n|-damage|p1b: Scizor|0 fnt\n|-unboost|p2b: charge|def|1\n|-unboost|p2b: charge|spd|1\n|faint|p1b: Scizor\n|-damage|p2b: charge|0 fnt|[from] item: Life Orb\n|faint|p2b: charge\n|-end|p2b: charge|Protosynthesis|[silent]\n|\n|win|itsmelly\n|raw|fo50's rating: 1126 → 1101<\/strong> (-25 for losing)\n|raw|itsmelly's rating: 1126 → 1151<\/strong> (+25 for winning)\n|l|\u2606itsmelly\n|c|\u2606fo50|Ggs\n","uploadtime":1681761426,"views":6,"p1id":"fo50","p2id":"itsmelly","formatid":"gen9vgc2023regulationc","rating":1101,"private":0,"password":""}