{"id":"gen9vgc2023regulationc-1849183745","p1":"Even Greener Grass","p2":"sbll","format":"[Gen 9] VGC 2023 Regulation C","log":"|j|\u2606Even Greener Grass\n|j|\u2606sbll\n|t:|1682169698\n|gametype|doubles\n|player|p1|Even Greener Grass|kahili|1130\n|player|p2|sbll|265|1064\n|teamsize|p1|6\n|teamsize|p2|6\n|gen|9\n|tier|[Gen 9] VGC 2023 Regulation C\n|rated|\n|rule|Species Clause: Limit one of each Pok\u00e9mon\n|rule|Item Clause: Limit one of each item\n|clearpoke\n|poke|p1|Torkoal, L50, F|\n|poke|p1|Chi-Yu, L50|\n|poke|p1|Slither Wing, L50|\n|poke|p1|Scizor, L50, F|\n|poke|p1|Lilligant, L50, F|\n|poke|p1|Flutter Mane, L50|\n|poke|p2|Iron Bundle, L50|\n|poke|p2|Meowscarada, L50, M|\n|poke|p2|Garganacl, L50, M|\n|poke|p2|Ceruledge, L50, F|\n|poke|p2|Bellibolt, L50, M|\n|poke|p2|Klefki, L50, F|\n|teampreview|4\n|inactive|Battle timer is ON: inactive players will automatically lose when time's up. (requested by Even Greener Grass)\n|c|\u2606Even Greener Grass|Good luck, have fun,.\n|inactive|sbll has 60 seconds left.\n|c|\u2606sbll|gl hf\nEven Greener Grass rejected open team sheets.\n|inactive|sbll has 30 seconds left.\n|inactive|sbll has 20 seconds left.\n|inactive|sbll has 15 seconds left.\n|inactive|sbll has 10 seconds left.\n|\n|t:|1682169781\n|start\n|switch|p1a: Beverly|Chi-Yu, L50|100\/100\n|switch|p1b: Dawg|Torkoal, L50, F|100\/100\n|switch|p2a: Meowscarada|Meowscarada, L50, M|100\/100\n|switch|p2b: Klefki|Klefki, L50, F|100\/100\n|-ability|p1a: Beverly|Beads of Ruin\n|-weather|SunnyDay|[from] ability: Drought|[of] p1b: Dawg\n|turn|1\n|\n|t:|1682169800\n|move|p2b: Klefki|Protect|p2b: Klefki\n|-singleturn|p2b: Klefki|Protect\n|move|p2a: Meowscarada|Knock Off|p1b: Dawg\n|-start|p2a: Meowscarada|typechange|Dark|[from] ability: Protean\n|-damage|p1b: Dawg|66\/100\n|-enditem|p1b: Dawg|Heat Rock|[from] move: Knock Off|[of] p2a: Meowscarada\n|move|p1a: Beverly|Heat Wave|p2a: Meowscarada|[spread] p2a\n|-activate|p2b: Klefki|move: Protect\n|-enditem|p2a: Meowscarada|Focus Sash\n|-damage|p2a: Meowscarada|1\/100\n|move|p1b: Dawg|Yawn|p2a: Meowscarada\n|-start|p2a: Meowscarada|move: Yawn|[of] p1b: Dawg\n|\n|-weather|SunnyDay|[upkeep]\n|upkeep\n|turn|2\n|inactive|sbll has 30 seconds left.\n|inactive|sbll has 20 seconds left.\n|inactive|sbll has 15 seconds left.\n|\n|t:|1682169841\n|-terastallize|p2b: Klefki|Ground\n|move|p2b: Klefki|Thunder Wave|p1b: Dawg\n|-status|p1b: Dawg|par\n|move|p2a: Meowscarada|U-turn|p1a: Beverly\n|-damage|p1a: Beverly|66\/100\n|\n|t:|1682169849\n|switch|p2a: Ceruledge|Ceruledge, L50, F|100\/100|[from] U-turn\n|move|p1a: Beverly|Heat Wave|p2b: Klefki|[spread] p2b\n|-start|p2a: Ceruledge|ability: Flash Fire\n|-damage|p2b: Klefki|0 fnt\n|faint|p2b: Klefki\n|move|p1b: Dawg|Solar Beam||[still]\n|-prepare|p1b: Dawg|Solar Beam\n|-anim|p1b: Dawg|Solar Beam|p2a: Ceruledge\n|-resisted|p2a: Ceruledge\n|-damage|p2a: Ceruledge|82\/100\n|\n|-weather|SunnyDay|[upkeep]\n|upkeep\n|\n|t:|1682169874\n|switch|p2b: Meowscarada|Meowscarada, L50, M|1\/100\n|turn|3\n|\n|t:|1682169888\n|move|p2b: Meowscarada|Play Rough|p1a: Beverly|[miss]\n|-start|p2b: Meowscarada|typechange|Fairy|[from] ability: Protean\n|-miss|p2b: Meowscarada|p1a: Beverly\n|move|p1a: Beverly|Heat Wave|p2a: Ceruledge|[spread] p2b\n|-immune|p2a: Ceruledge|[from] ability: Flash Fire\n|-damage|p2b: Meowscarada|0 fnt\n|faint|p2b: Meowscarada\n|move|p2a: Ceruledge|Bitter Blade|p1b: Dawg\n|-resisted|p1b: Dawg\n|-damage|p1b: Dawg|11\/100 par\n|-heal|p2a: Ceruledge|100\/100|[from] drain|[of] p1b: Dawg\n|move|p1b: Dawg|Yawn|p2a: Ceruledge\n|-start|p2a: Ceruledge|move: Yawn|[of] p1b: Dawg\n|\n|-weather|SunnyDay|[upkeep]\n|upkeep\n|\n|t:|1682169906\n|switch|p2b: Iron Bundle|Iron Bundle, L50|100\/100\n|-enditem|p2b: Iron Bundle|Booster Energy\n|-activate|p2b: Iron Bundle|ability: Quark Drive|[fromitem]\n|-start|p2b: Iron Bundle|quarkdrivespe\n|turn|4\n|\n|t:|1682169923\n|move|p2a: Ceruledge|Protect|p2a: Ceruledge\n|-singleturn|p2a: Ceruledge|Protect\n|cant|p1b: Dawg|par\n|move|p2b: Iron Bundle|Hydro Pump|p1a: Beverly\n|-supereffective|p1a: Beverly\n|-damage|p1a: Beverly|11\/100\n|move|p1a: Beverly|Heat Wave|p2b: Iron Bundle|[spread] p2b\n|-activate|p2a: Ceruledge|move: Protect\n|-damage|p2b: Iron Bundle|0 fnt\n|faint|p2b: Iron Bundle\n|-end|p2b: Iron Bundle|Quark Drive|[silent]\n|\n|-weather|SunnyDay|[upkeep]\n|-end|p2a: Ceruledge|move: Yawn|[silent]\n|-status|p2a: Ceruledge|slp\n|upkeep\n|turn|5\n|\n|t:|1682169940\n|switch|p1a: DEMI-GOD|Flutter Mane, L50|100\/100\n|-activate|p1a: DEMI-GOD|ability: Protosynthesis\n|-start|p1a: DEMI-GOD|protosynthesisspa\n|cant|p2a: Ceruledge|slp\n|move|p1b: Dawg|Solar Beam||[still]\n|-prepare|p1b: Dawg|Solar Beam\n|-anim|p1b: Dawg|Solar Beam|p2a: Ceruledge\n|-resisted|p2a: Ceruledge\n|-damage|p2a: Ceruledge|87\/100 slp\n|\n|-weather|SunnyDay|[upkeep]\n|upkeep\n|turn|6\n|c|\u2606Even Greener Grass|g.g.w.p.\n|\n|t:|1682169956\n|cant|p1b: Dawg|par\n|move|p1a: DEMI-GOD|Shadow Ball|p2a: Ceruledge\n|-supereffective|p2a: Ceruledge\n|-damage|p2a: Ceruledge|0 fnt\n|faint|p2a: Ceruledge\n|\n|win|Even Greener Grass\n|raw|Even Greener Grass's rating: 1130 → 1150<\/strong> (+20 for winning)\n|raw|sbll's rating: 1064 → 1048<\/strong> (-16 for losing)\n|l|\u2606sbll\n","uploadtime":1682169964,"views":9,"p1id":"evengreenergrass","p2id":"sbll","formatid":"gen9vgc2023regulationc","rating":1048,"private":0,"password":""}