{"id":"gen9vgc2023regulationc-1857315929","p1":"Katkip","p2":"Clyde0199","format":"[Gen 9] VGC 2023 Regulation C","log":"|j|\u2606Katkip\n|j|\u2606Clyde0199\n|t:|1683172131\n|gametype|doubles\n|player|p1|Katkip|may-masters2|\n|player|p2|Clyde0199|blue|\n|teamsize|p1|6\n|teamsize|p2|6\n|gen|9\n|tier|[Gen 9] VGC 2023 Regulation C\n|rule|Species Clause: Limit one of each Pok\u00e9mon\n|rule|Item Clause: Limit one of each item\n|clearpoke\n|poke|p1|Palafin, L50, M|\n|poke|p1|Scream Tail, L50|\n|poke|p1|Flutter Mane, L50|\n|poke|p1|Amoonguss, L50, F|\n|poke|p1|Arcanine, L50, M|\n|poke|p1|Gothitelle, L50, M|\n|poke|p2|Dragonite, L50, M|\n|poke|p2|Amoonguss, L50, M|\n|poke|p2|Gyarados, L50, M|\n|poke|p2|Gholdengo, L50|\n|poke|p2|Iron Bundle, L50|\n|poke|p2|Iron Hands, L50|\n|teampreview|4\n|\n|t:|1683172151\n|start\n|switch|p1a: Arcanine|Arcanine, L50, M|100\/100\n|switch|p1b: Flutter Mane|Flutter Mane, L50|100\/100\n|switch|p2a: SNAAAAKKEEE!!!|Gyarados, L50, M, shiny|100\/100\n|switch|p2b: Hehehe|Amoonguss, L50, M|100\/100\n|-ability|p1a: Arcanine|Intimidate|boost\n|-unboost|p2a: SNAAAAKKEEE!!!|atk|1\n|-unboost|p2b: Hehehe|atk|1\n|-ability|p2a: SNAAAAKKEEE!!!|Intimidate|boost\n|-unboost|p1a: Arcanine|atk|1\n|-unboost|p1b: Flutter Mane|atk|1\n|turn|1\n|\n|t:|1683172208\n|move|p1b: Flutter Mane|Protect|p1b: Flutter Mane\n|-singleturn|p1b: Flutter Mane|Protect\n|move|p2a: SNAAAAKKEEE!!!|Protect|p2a: SNAAAAKKEEE!!!\n|-singleturn|p2a: SNAAAAKKEEE!!!|Protect\n|move|p1a: Arcanine|Flare Blitz|p2b: Hehehe\n|-supereffective|p2b: Hehehe\n|-damage|p2b: Hehehe|48\/100\n|-damage|p1a: Arcanine|84\/100|[from] item: Rocky Helmet|[of] p2b: Hehehe\n|-damage|p1a: Arcanine|62\/100|[from] Recoil\n|move|p2b: Hehehe|Clear Smog|p2a: SNAAAAKKEEE!!!\n|-activate|p2a: SNAAAAKKEEE!!!|move: Protect\n|\n|upkeep\n|turn|2\n|\n|t:|1683172230\n|move|p2b: Hehehe|Protect|p2b: Hehehe\n|-singleturn|p2b: Hehehe|Protect\n|move|p1b: Flutter Mane|Moonblast|p2a: SNAAAAKKEEE!!!\n|-damage|p2a: SNAAAAKKEEE!!!|61\/100\n|-unboost|p2a: SNAAAAKKEEE!!!|spa|1\n|move|p1a: Arcanine|Flare Blitz|p2b: Hehehe\n|-activate|p2b: Hehehe|move: Protect\n|move|p2a: SNAAAAKKEEE!!!|Waterfall|p1a: Arcanine\n|-supereffective|p1a: Arcanine\n|-damage|p1a: Arcanine|9\/100\n|\n|upkeep\n|turn|3\n|\n|t:|1683172264\n|move|p1b: Flutter Mane|Protect|p1b: Flutter Mane\n|-singleturn|p1b: Flutter Mane|Protect\n|move|p1a: Arcanine|Flare Blitz|p2b: Hehehe\n|-supereffective|p2b: Hehehe\n|-damage|p2b: Hehehe|0 fnt\n|-damage|p1a: Arcanine|0 fnt|[from] item: Rocky Helmet|[of] p2b: Hehehe\n|faint|p2b: Hehehe\n|faint|p1a: Arcanine\n|move|p2a: SNAAAAKKEEE!!!|Thunder Wave|p1b: Flutter Mane\n|-activate|p1b: Flutter Mane|move: Protect\n|\n|upkeep\n|\n|t:|1683172281\n|switch|p1a: Gothitelle|Gothitelle, L50, M|100\/100\n|switch|p2b: Big Guy|Dragonite, L50, M|100\/100\n|turn|4\n|\n|t:|1683172311\n|move|p1a: Gothitelle|Fake Out|p2b: Big Guy\n|-damage|p2b: Big Guy|98\/100\n|move|p1b: Flutter Mane|Perish Song|p1b: Flutter Mane\n|-start|p1a: Gothitelle|perish3|[silent]\n|-start|p1b: Flutter Mane|perish3|[silent]\n|-start|p2a: SNAAAAKKEEE!!!|perish3|[silent]\n|-start|p2b: Big Guy|perish3|[silent]\n|-fieldactivate|move: Perish Song\n|cant|p2b: Big Guy|flinch\n|move|p2a: SNAAAAKKEEE!!!|Taunt|p1b: Flutter Mane\n|-start|p1b: Flutter Mane|move: Taunt\n|\n|-start|p1b: Flutter Mane|perish3\n|-start|p2b: Big Guy|perish3\n|-start|p2a: SNAAAAKKEEE!!!|perish3\n|-start|p1a: Gothitelle|perish3\n|upkeep\n|turn|5\n|\n|t:|1683172339\n|move|p1a: Gothitelle|Protect|p1a: Gothitelle\n|-singleturn|p1a: Gothitelle|Protect\n|move|p1b: Flutter Mane|Moonblast|p2a: SNAAAAKKEEE!!!\n|-damage|p2a: SNAAAAKKEEE!!!|22\/100\n|-enditem|p2a: SNAAAAKKEEE!!!|Sitrus Berry|[eat]\n|-heal|p2a: SNAAAAKKEEE!!!|47\/100|[from] item: Sitrus Berry\n|move|p2b: Big Guy|Outrage|p1a: Gothitelle\n|-activate|p1a: Gothitelle|move: Protect\n|move|p2a: SNAAAAKKEEE!!!|Waterfall|p1a: Gothitelle\n|-activate|p1a: Gothitelle|move: Protect\n|\n|-start|p1b: Flutter Mane|perish2\n|-start|p2b: Big Guy|perish2\n|-start|p2a: SNAAAAKKEEE!!!|perish2\n|-start|p1a: Gothitelle|perish2\n|upkeep\n|turn|6\n|\n|t:|1683172367\n|move|p1a: Gothitelle|Protect|p1a: Gothitelle\n|-singleturn|p1a: Gothitelle|Protect\n|move|p1b: Flutter Mane|Moonblast|p2b: Big Guy\n|-supereffective|p2b: Big Guy\n|-damage|p2b: Big Guy|0 fnt\n|faint|p2b: Big Guy\n|move|p2a: SNAAAAKKEEE!!!|Waterfall|p1a: Gothitelle\n|-activate|p1a: Gothitelle|move: Protect\n|\n|-start|p1b: Flutter Mane|perish1\n|-start|p2a: SNAAAAKKEEE!!!|perish1\n|-start|p1a: Gothitelle|perish1\n|upkeep\n|\n|t:|1683172381\n|switch|p2b: Cheese Stick|Gholdengo, L50|100\/100\n|turn|7\n|\n|t:|1683172407\n|switch|p1a: Scream Tail|Scream Tail, L50, shiny|100\/100\n|-enditem|p1a: Scream Tail|Booster Energy\n|-activate|p1a: Scream Tail|ability: Protosynthesis|[fromitem]\n|-start|p1a: Scream Tail|protosynthesisspe\n|move|p2b: Cheese Stick|Protect|p2b: Cheese Stick\n|-singleturn|p2b: Cheese Stick|Protect\n|move|p1b: Flutter Mane|Shadow Ball|p2b: Cheese Stick\n|-activate|p2b: Cheese Stick|move: Protect\n|move|p2a: SNAAAAKKEEE!!!|Waterfall|p1b: Flutter Mane\n|-damage|p1b: Flutter Mane|50\/100\n|\n|-end|p1b: Flutter Mane|move: Taunt\n|-start|p1b: Flutter Mane|perish0\n|-start|p2a: SNAAAAKKEEE!!!|perish0\n|faint|p1b: Flutter Mane\n|-end|p1b: Flutter Mane|Protosynthesis|[silent]\n|faint|p2a: SNAAAAKKEEE!!!\n|upkeep\n|\n|t:|1683172422\n|switch|p1b: Gothitelle|Gothitelle, L50, M|100\/100\n|turn|8\n|\n|t:|1683172461\n|move|p1b: Gothitelle|Fake Out|p2b: Cheese Stick\n|-immune|p2b: Cheese Stick\n|move|p1a: Scream Tail|Perish Song|p1a: Scream Tail\n|-start|p1a: Scream Tail|perish3|[silent]\n|-start|p1b: Gothitelle|perish3|[silent]\n|-immune|p2b: Cheese Stick|[from] ability: Good as Gold\n|-fieldactivate|move: Perish Song\n|move|p2b: Cheese Stick|Make It Rain|p1a: Scream Tail|[spread] p1a,p1b\n|-supereffective|p1a: Scream Tail\n|-damage|p1a: Scream Tail|27\/100\n|-damage|p1b: Gothitelle|64\/100\n|-unboost|p2b: Cheese Stick|spa|1\n|\n|-start|p1a: Scream Tail|perish3\n|-start|p1b: Gothitelle|perish3\n|upkeep\n|turn|9\n|\n|t:|1683172482\n|move|p2b: Cheese Stick|Protect|p2b: Cheese Stick\n|-singleturn|p2b: Cheese Stick|Protect\n|move|p1a: Scream Tail|Play Rough|p2b: Cheese Stick\n|-activate|p2b: Cheese Stick|move: Protect\n|move|p1b: Gothitelle|Heal Pulse|p1a: Scream Tail\n|-heal|p1a: Scream Tail|77\/100\n|\n|-start|p1a: Scream Tail|perish2\n|-start|p1b: Gothitelle|perish2\n|upkeep\n|turn|10\n|\n|t:|1683172498\n|move|p1a: Scream Tail|Disable|p2b: Cheese Stick\n|-immune|p2b: Cheese Stick|[from] ability: Good as Gold\n|move|p2b: Cheese Stick|Make It Rain|p1b: Gothitelle|[spread] p1a,p1b\n|-supereffective|p1a: Scream Tail\n|-damage|p1a: Scream Tail|31\/100\n|-damage|p1b: Gothitelle|38\/100\n|-unboost|p2b: Cheese Stick|spa|1\n|-enditem|p1b: Gothitelle|Sitrus Berry|[eat]\n|-heal|p1b: Gothitelle|63\/100|[from] item: Sitrus Berry\n|move|p1b: Gothitelle|Psychic|p2b: Cheese Stick\n|-resisted|p2b: Cheese Stick\n|-damage|p2b: Cheese Stick|87\/100\n|\n|-heal|p2b: Cheese Stick|93\/100|[from] item: Leftovers\n|-start|p1a: Scream Tail|perish1\n|-start|p1b: Gothitelle|perish1\n|upkeep\n|turn|11\n|\n|t:|1683172519\n|move|p1a: Scream Tail|Protect|p1a: Scream Tail\n|-singleturn|p1a: Scream Tail|Protect\n|move|p2b: Cheese Stick|Protect|p2b: Cheese Stick\n|-singleturn|p2b: Cheese Stick|Protect\n|move|p1b: Gothitelle|Heal Pulse|p1a: Scream Tail\n|-activate|p1a: Scream Tail|move: Protect\n|\n|-heal|p2b: Cheese Stick|99\/100|[from] item: Leftovers\n|-start|p1a: Scream Tail|perish0\n|-start|p1b: Gothitelle|perish0\n|faint|p1a: Scream Tail\n|-end|p1a: Scream Tail|Protosynthesis|[silent]\n|faint|p1b: Gothitelle\n|\n|win|Clyde0199\n|upkeep\n","uploadtime":1683172542,"views":6,"p1id":"katkip","p2id":"clyde0199","formatid":"gen9vgc2023regulationc","rating":0,"private":0,"password":""}