{"id":"gen9vgc2023regulationc-1858690860","p1":"littlemagpie2","p2":"AnyaForger31","format":"[Gen 9] VGC 2023 Regulation C","log":"|j|\u2606littlemagpie2\n|j|\u2606AnyaForger31\n|t:|1683343101\n|gametype|doubles\n|player|p1|littlemagpie2|workerice|1178\n|player|p2|AnyaForger31|caitlin|1131\n|teamsize|p1|6\n|teamsize|p2|6\n|gen|9\n|tier|[Gen 9] VGC 2023 Regulation C\n|rated|\n|rule|Species Clause: Limit one of each Pok\u00e9mon\n|rule|Item Clause: Limit one of each item\n|clearpoke\n|poke|p1|Bronzong, L50|\n|poke|p1|Murkrow, L50, M|\n|poke|p1|Garchomp, L50, F|\n|poke|p1|Flamigo, L50, F|\n|poke|p1|Annihilape, L50, F|\n|poke|p1|Orthworm, L50, F|\n|poke|p2|Dondozo, L50, F|\n|poke|p2|Tatsugiri, L50, F|\n|poke|p2|Glimmora, L50, M|\n|poke|p2|Iron Bundle, L50|\n|poke|p2|Chi-Yu, L50|\n|poke|p2|Scizor, L50, M|\n|teampreview|4\n|inactive|Battle timer is ON: inactive players will automatically lose when time's up. (requested by AnyaForger31)\nAnyaForger31 rejected open team sheets.\n|\n|t:|1683343146\n|start\n|switch|p1a: Garchomp|Garchomp, L50, F|100\/100\n|switch|p1b: Murkrow|Murkrow, L50, M|100\/100\n|switch|p2a: Dondozo|Dondozo, L50, F|100\/100\n|switch|p2b: Chi-Yu|Chi-Yu, L50|100\/100\n|-ability|p2b: Chi-Yu|Beads of Ruin\n|turn|1\n|inactive|AnyaForger31 has 30 seconds left.\n|inactive|AnyaForger31 has 20 seconds left.\n|inactive|AnyaForger31 has 15 seconds left.\n|inactive|AnyaForger31 has 10 seconds left.\n|inactive|AnyaForger31 has 5 seconds left.\n|\n|t:|1683343201\n|-terastallize|p2b: Chi-Yu|Grass\n|-terastallize|p1a: Garchomp|Ground\n|move|p1b: Murkrow|Tailwind|p1b: Murkrow\n|-sidestart|p1: littlemagpie2|move: Tailwind\n|move|p1a: Garchomp|Earthquake|p2a: Dondozo|[spread] p2a,p2b\n|-immune|p1b: Murkrow\n|-resisted|p2b: Chi-Yu\n|-damage|p2a: Dondozo|45\/100\n|-damage|p2b: Chi-Yu|46\/100\n|-damage|p1a: Garchomp|91\/100|[from] item: Life Orb\n|move|p2b: Chi-Yu|Heat Wave|p1b: Murkrow|[spread] p1a,p1b\n|-damage|p1a: Garchomp|43\/100\n|-damage|p1b: Murkrow|51\/100\n|move|p2a: Dondozo|Rock Slide|p1b: Murkrow|[spread] p1a,p1b\n|-resisted|p1a: Garchomp\n|-supereffective|p1b: Murkrow\n|-damage|p1a: Garchomp|34\/100\n|-damage|p1b: Murkrow|14\/100\n|\n|upkeep\n|turn|2\n|\n|t:|1683343225\n|switch|p2b: Tatsugiri|Tatsugiri, L50, F|100\/100\n|-activate|p2b: Tatsugiri|ability: Commander|[of] p2a: Dondozo\n|-boost|p2a: Dondozo|atk|2\n|-boost|p2a: Dondozo|spa|2\n|-boost|p2a: Dondozo|spe|2\n|-boost|p2a: Dondozo|def|2\n|-boost|p2a: Dondozo|spd|2\n|move|p1b: Murkrow|Protect|p1b: Murkrow\n|-singleturn|p1b: Murkrow|Protect\n|move|p1a: Garchomp|Protect|p1a: Garchomp\n|-singleturn|p1a: Garchomp|Protect\n|move|p2a: Dondozo|Rock Slide|p1a: Garchomp|[spread] \n|-activate|p1a: Garchomp|move: Protect\n|-activate|p1b: Murkrow|move: Protect\n|\n|upkeep\n|turn|3\n|\n|t:|1683343240\n|move|p1b: Murkrow|Haze|p1b: Murkrow\n|-clearallboost\n|move|p1a: Garchomp|Earthquake|p2b: Tatsugiri|[spread] p2a\n|-miss|p1a: Garchomp|p2b: Tatsugiri\n|-immune|p1b: Murkrow\n|-damage|p2a: Dondozo|0 fnt\n|faint|p2a: Dondozo\n|-damage|p1a: Garchomp|25\/100|[from] item: Life Orb\n|\n|upkeep\n|\n|t:|1683343252\n|switch|p2a: Iron Bundle|Iron Bundle, L50|100\/100\n|-enditem|p2a: Iron Bundle|Booster Energy\n|-activate|p2a: Iron Bundle|ability: Quark Drive|[fromitem]\n|-start|p2a: Iron Bundle|quarkdrivespe\n|turn|4\n|\n|t:|1683343269\n|switch|p1b: Annihilape|Annihilape, L50, F|100\/100\n|switch|p1a: Bronzong|Bronzong, L50|100\/100\n|move|p2a: Iron Bundle|Protect|p2a: Iron Bundle\n|-singleturn|p2a: Iron Bundle|Protect\n|move|p2b: Tatsugiri|Muddy Water|p1a: Bronzong|[spread] p1b\n|-miss|p2b: Tatsugiri|p1a: Bronzong\n|-damage|p1b: Annihilape|69\/100\n|\n|-sideend|p1: littlemagpie2|move: Tailwind\n|upkeep\n|turn|5\n|\n|t:|1683343291\n|move|p2a: Iron Bundle|Hydro Pump|p1b: Annihilape\n|-damage|p1b: Annihilape|23\/100\n|move|p1b: Annihilape|Close Combat|p2a: Iron Bundle\n|-supereffective|p2a: Iron Bundle\n|-damage|p2a: Iron Bundle|0 fnt\n|-unboost|p1b: Annihilape|def|1\n|-unboost|p1b: Annihilape|spd|1\n|faint|p2a: Iron Bundle\n|-end|p2a: Iron Bundle|Quark Drive|[silent]\n|move|p2b: Tatsugiri|Muddy Water|p1a: Bronzong|[spread] p1b\n|-miss|p2b: Tatsugiri|p1a: Bronzong\n|-damage|p1b: Annihilape|0 fnt\n|faint|p1b: Annihilape\n|move|p1a: Bronzong|Trick|p2b: Tatsugiri\n|-activate|p1a: Bronzong|move: Trick|[of] p2b: Tatsugiri\n|-item|p2b: Tatsugiri|Power Anklet|[from] move: Trick\n|-item|p1a: Bronzong|Choice Scarf|[from] move: Trick\n|\n|upkeep\n|\n|t:|1683343309\n|switch|p2a: Chi-Yu|Chi-Yu, L50, tera:Grass|46\/100\n|switch|p1b: Murkrow|Murkrow, L50, M|14\/100\n|-ability|p2a: Chi-Yu|Beads of Ruin\n|turn|6\n|\n|t:|1683343320\n|move|p1b: Murkrow|Tailwind|p1b: Murkrow\n|-sidestart|p1: littlemagpie2|move: Tailwind\n|move|p2a: Chi-Yu|Heat Wave|p1a: Bronzong|[spread] p1a,p1b\n|-supereffective|p1a: Bronzong\n|-damage|p1a: Bronzong|32\/100\n|-damage|p1b: Murkrow|0 fnt\n|-status|p1a: Bronzong|brn\n|faint|p1b: Murkrow\n|move|p1a: Bronzong|Gyro Ball|p2a: Chi-Yu\n|-damage|p2a: Chi-Yu|37\/100\n|-damage|p1a: Bronzong|15\/100 brn|[from] item: Rocky Helmet|[of] p2a: Chi-Yu\n|move|p2b: Tatsugiri|Muddy Water|p1a: Bronzong\n|-damage|p1a: Bronzong|0 fnt\n|faint|p1a: Bronzong\n|\n|upkeep\n|\n|t:|1683343338\n|switch|p1a: Garchomp|Garchomp, L50, F, tera:Ground|25\/100\n|turn|7\n|\n|t:|1683343346\n|move|p1a: Garchomp|Earthquake|p2a: Chi-Yu|[spread] p2a,p2b\n|-resisted|p2a: Chi-Yu\n|-damage|p2a: Chi-Yu|0 fnt\n|-damage|p2b: Tatsugiri|0 fnt\n|faint|p2a: Chi-Yu\n|faint|p2b: Tatsugiri\n|-damage|p1a: Garchomp|15\/100|[from] item: Life Orb\n|\n|win|littlemagpie2\n|raw|littlemagpie2's rating: 1178 → 1200<\/strong> (+22 for winning)\n|raw|AnyaForger31's rating: 1131 → 1109<\/strong> (-22 for losing)\n|c|\u2606littlemagpie2|gg\n|l|\u2606AnyaForger31\n","uploadtime":1683343362,"views":14,"p1id":"littlemagpie2","p2id":"anyaforger31","formatid":"gen9vgc2023regulationc","rating":1109,"private":0,"password":""}