{"id":"gen9vgc2023regulationc-1847748321","p1":"BoutEclipse","p2":"VgcPro(real)","format":"[Gen 9] VGC 2023 Regulation C","log":"|j|\u2606BoutEclipse\n|j|\u2606VgcPro(real)\n|t:|1681998627\n|gametype|doubles\n|player|p1|BoutEclipse|hilbert|1030\n|player|p2|VgcPro(real)|sabrina|1061\n|teamsize|p1|6\n|teamsize|p2|6\n|gen|9\n|tier|[Gen 9] VGC 2023 Regulation C\n|rated|\n|rule|Species Clause: Limit one of each Pok\u00e9mon\n|rule|Item Clause: Limit one of each item\n|clearpoke\n|poke|p1|Ceruledge, L50, F|\n|poke|p1|Iron Bundle, L50|\n|poke|p1|Gholdengo, L50|\n|poke|p1|Dragonite, L50, F|\n|poke|p1|Amoonguss, L50, F|\n|poke|p1|Ting-Lu, L50|\n|poke|p2|Gholdengo, L50|\n|poke|p2|Baxcalibur, L50, F|\n|poke|p2|Grimmsnarl, L50, M|\n|poke|p2|Hariyama, L50, M|\n|poke|p2|Kilowattrel, L50, F|\n|poke|p2|Gastrodon-East, L50, F|\n|teampreview|4\nVgcPro(real) has agreed to open team sheets.\n|inactive|Battle timer is ON: inactive players will automatically lose when time's up. (requested by VgcPro(real))\n|inactive|BoutEclipse also wants the timer to be on.\n|inactive|VgcPro(real) has 60 seconds left.\nBoutEclipse has agreed to open team sheets.\n|inactive|VgcPro(real) has 30 seconds left.\n|inactive|VgcPro(real) has 20 seconds left.\n|inactive|VgcPro(real) has 15 seconds left.\n|inactive|VgcPro(real) has 10 seconds left.\n|inactive|VgcPro(real) has 5 seconds left.\n|\n|t:|1681998743\n|start\n|switch|p1a: Amoonguss|Amoonguss, L50, F|100\/100\n|switch|p1b: Ting-Lu|Ting-Lu, L50|100\/100\n|switch|p2a: Grimmsnarl|Grimmsnarl, L50, M|100\/100\n|switch|p2b: Hariyama|Hariyama, L50, M|100\/100\n|-ability|p1b: Ting-Lu|Vessel of Ruin\n|turn|1\n|\n|t:|1681998765\n|move|p1a: Amoonguss|Rage Powder|p1a: Amoonguss\n|-singleturn|p1a: Amoonguss|move: Rage Powder\n|move|p2b: Hariyama|Feint|p1a: Amoonguss\n|-damage|p1a: Amoonguss|92\/100\n|move|p2a: Grimmsnarl|Taunt|p1a: Amoonguss\n|-start|p1a: Amoonguss|move: Taunt\n|move|p1b: Ting-Lu|Fissure|p2b: Hariyama|[miss]\n|-miss|p1b: Ting-Lu|p2b: Hariyama\n|\n|-status|p2b: Hariyama|brn|[from] item: Flame Orb\n|upkeep\n|turn|2\n|inactive|BoutEclipse has 30 seconds left.\n|\n|t:|1681998795\n|switch|p1a: Dragonite|Dragonite, L50, F|100\/100\n|move|p2a: Grimmsnarl|Spirit Break|p1b: Ting-Lu\n|-supereffective|p1b: Ting-Lu\n|-damage|p1b: Ting-Lu|65\/100\n|-unboost|p1b: Ting-Lu|spa|1\n|move|p1b: Ting-Lu|Stomping Tantrum|p2b: Hariyama\n|-crit|p2b: Hariyama\n|-damage|p2b: Hariyama|0 fnt\n|faint|p2b: Hariyama\n|\n|upkeep\n|\n|t:|1681998809\n|switch|p2b: Baxcalibur|Baxcalibur, L50, F|100\/100\n|turn|3\n|inactive|BoutEclipse has 30 seconds left.\n|\n|t:|1681998839\n|switch|p1b: Amoonguss|Amoonguss, L50, F|100\/100\n|move|p2b: Baxcalibur|Protect|p2b: Baxcalibur\n|-singleturn|p2b: Baxcalibur|Protect\n|move|p2a: Grimmsnarl|Reflect|p2a: Grimmsnarl\n|-sidestart|p2: VgcPro(real)|Reflect\n|move|p1a: Dragonite|Low Kick|p2b: Baxcalibur\n|-activate|p2b: Baxcalibur|move: Protect\n|\n|upkeep\n|turn|4\n|inactive|VgcPro(real) has 30 seconds left.\n|\n|t:|1681998873\n|-terastallize|p2b: Baxcalibur|Water\n|-terastallize|p1b: Amoonguss|Water\n|move|p1b: Amoonguss|Rage Powder|p1b: Amoonguss\n|-singleturn|p1b: Amoonguss|move: Rage Powder\n|move|p2b: Baxcalibur|Ice Shard|p1b: Amoonguss\n|-resisted|p1b: Amoonguss\n|-damage|p1b: Amoonguss|89\/100\n|move|p2a: Grimmsnarl|Taunt|p1b: Amoonguss\n|-start|p1b: Amoonguss|move: Taunt\n|move|p1a: Dragonite|Low Kick|p2b: Baxcalibur\n|-damage|p2b: Baxcalibur|56\/100\n|\n|upkeep\n|turn|5\n|\n|t:|1681998890\n|move|p1a: Dragonite|Low Kick|p2b: Baxcalibur\n|-damage|p2b: Baxcalibur|17\/100\n|move|p2b: Baxcalibur|Dragon Dance|p2b: Baxcalibur\n|-boost|p2b: Baxcalibur|atk|1\n|-boost|p2b: Baxcalibur|spe|1\n|move|p2a: Grimmsnarl|Spirit Break|p1a: Dragonite\n|-supereffective|p1a: Dragonite\n|-damage|p1a: Dragonite|72\/100\n|-unboost|p1a: Dragonite|spa|1\n|move|p1b: Amoonguss|Pollen Puff|p2b: Baxcalibur\n|-damage|p2b: Baxcalibur|2\/100\n|\n|upkeep\n|turn|6\n|inactive|BoutEclipse has 30 seconds left.\n|inactive|VgcPro(real) has 30 seconds left.\n|\n|t:|1681998923\n|move|p2b: Baxcalibur|Ice Shard|p1a: Dragonite\n|-supereffective|p1a: Dragonite\n|-damage|p1a: Dragonite|0 fnt\n|faint|p1a: Dragonite\n|move|p2a: Grimmsnarl|Spirit Break|p1b: Amoonguss\n|-damage|p1b: Amoonguss|61\/100\n|-unboost|p1b: Amoonguss|spa|1\n|move|p1b: Amoonguss|Pollen Puff|p2b: Baxcalibur\n|-damage|p2b: Baxcalibur|0 fnt\n|faint|p2b: Baxcalibur\n|\n|upkeep\n|\n|t:|1681998937\n|switch|p1a: Ting-Lu|Ting-Lu, L50|65\/100\n|switch|p2b: Gastrodon|Gastrodon-East, L50, F|100\/100\n|-ability|p1a: Ting-Lu|Vessel of Ruin\n|turn|7\n|\n|t:|1681998957\n|switch|p1a: Iron Bundle|Iron Bundle, L50|100\/100\n|-enditem|p1a: Iron Bundle|Booster Energy\n|-activate|p1a: Iron Bundle|ability: Quark Drive|[fromitem]\n|-start|p1a: Iron Bundle|quarkdrivespe\n|move|p2a: Grimmsnarl|Spirit Break|p1b: Amoonguss\n|-damage|p1b: Amoonguss|35\/100\n|-unboost|p1b: Amoonguss|spa|1\n|-enditem|p1b: Amoonguss|Sitrus Berry|[eat]\n|-heal|p1b: Amoonguss|60\/100|[from] item: Sitrus Berry\n|move|p2b: Gastrodon|Earth Power|p1b: Amoonguss\n|-damage|p1b: Amoonguss|32\/100\n|move|p1b: Amoonguss|Pollen Puff|p1a: Iron Bundle\n|-immune|p1a: Iron Bundle\n|\n|-end|p1b: Amoonguss|move: Taunt\n|upkeep\n|turn|8\n|inactive|BoutEclipse has 30 seconds left.\n|\n|t:|1681998984\n|move|p2b: Gastrodon|Protect|p2b: Gastrodon\n|-singleturn|p2b: Gastrodon|Protect\n|move|p1b: Amoonguss|Protect|p1b: Amoonguss\n|-singleturn|p1b: Amoonguss|Protect\n|move|p2a: Grimmsnarl|Taunt|p1b: Amoonguss\n|-activate|p1b: Amoonguss|move: Protect\n|move|p1a: Iron Bundle|Freeze-Dry|p2b: Gastrodon\n|-activate|p2b: Gastrodon|move: Protect\n|\n|upkeep\n|turn|9\n|inactive|VgcPro(real) has 30 seconds left.\n|\n|t:|1681999013\n|move|p2a: Grimmsnarl|Taunt|p1b: Amoonguss\n|-start|p1b: Amoonguss|move: Taunt\n|move|p1a: Iron Bundle|Freeze-Dry|p2b: Gastrodon\n|-supereffective|p2b: Gastrodon\n|-damage|p2b: Gastrodon|0 fnt\n|faint|p2b: Gastrodon\n|cant|p1b: Amoonguss|move: Taunt|Spore\n|\n|upkeep\n|turn|10\n|\n|t:|1681999029\n|switch|p1b: Ting-Lu|Ting-Lu, L50|65\/100\n|-ability|p1b: Ting-Lu|Vessel of Ruin\n|move|p2a: Grimmsnarl|Light Screen|p2a: Grimmsnarl\n|-sidestart|p2: VgcPro(real)|move: Light Screen\n|move|p1a: Iron Bundle|Hydro Pump|p2a: Grimmsnarl\n|-damage|p2a: Grimmsnarl|76\/100\n|\n|-sideend|p2: VgcPro(real)|Reflect\n|upkeep\n|turn|11\n|\n|t:|1681999047\n|move|p1a: Iron Bundle|Hydro Pump|p2a: Grimmsnarl\n|-crit|p2a: Grimmsnarl\n|-damage|p2a: Grimmsnarl|18\/100\n|move|p2a: Grimmsnarl|Spirit Break|p1a: Iron Bundle\n|-damage|p1a: Iron Bundle|59\/100\n|-unboost|p1a: Iron Bundle|spa|1\n|move|p1b: Ting-Lu|Heavy Slam|p2a: Grimmsnarl\n|-supereffective|p2a: Grimmsnarl\n|-damage|p2a: Grimmsnarl|0 fnt\n|faint|p2a: Grimmsnarl\n|\n|win|BoutEclipse\n|raw|BoutEclipse's rating: 1030 → 1069<\/strong> (+39 for winning)\n|raw|VgcPro(real)'s rating: 1061 → 1040<\/strong> (-21 for losing)\n|l|\u2606VgcPro(real)\n","uploadtime":1681999061,"views":6,"p1id":"bouteclipse","p2id":"vgcproreal","formatid":"gen9vgc2023regulationc","rating":1040,"private":0,"password":""}