{"id":"gen9vgc2023regulationc-1847516644","p1":"Borghi","p2":"rv100","format":"[Gen 9] VGC 2023 Regulation C","log":"|j|\u2606Borghi\n|j|\u2606rv100\n|t:|1681965825\n|gametype|doubles\n|player|p1|Borghi|blue-masters|\n|player|p2|rv100|ethan|\n|teamsize|p1|6\n|teamsize|p2|6\n|gen|9\n|tier|[Gen 9] VGC 2023 Regulation C\n|rated|Tournament battle\n|rule|Species Clause: Limit one of each Pok\u00e9mon\n|rule|Item Clause: Limit one of each item\n|clearpoke\n|poke|p1|Annihilape, L50, M|\n|poke|p1|Maushold, L50|\n|poke|p1|Dondozo, L50, F|\n|poke|p1|Tatsugiri, L50, F|\n|poke|p1|Chien-Pao, L50|\n|poke|p1|Dragonite, L50, M|\n|poke|p2|Riolu, L50, F|\n|poke|p2|Rotom-Wash, L50|\n|poke|p2|Garchomp, L50, M|\n|poke|p2|Iron Bundle, L50|\n|poke|p2|Dragapult, L50, M|\n|poke|p2|Flutter Mane, L50|\n|teampreview|4\n|inactive|Battle timer is ON: inactive players will automatically lose when time's up. (requested by Borghi)\nBorghi rejected open team sheets.\n|j| repeatt\n|c|\u2606rv100|gl hf\n|c| repeatt|wp bundle\n|c|\u2606rv100|repeatt how did you know\n|inactive|Borghi has 60 seconds left.\n|inactive|rv100 has 60 seconds left.\n|j|%Bright Size\n|\n|t:|1681965871\n|start\n|switch|p1a: Dragonite|Dragonite, L50, M|100\/100\n|switch|p1b: Chien-Pao|Chien-Pao, L50|100\/100\n|switch|p2a: Minner|Riolu, L50, F|100\/100\n|switch|p2b: Garchomp|Garchomp, L50, M|100\/100\n|-ability|p1b: Chien-Pao|Sword of Ruin\n|turn|1\n|c|%Bright Size|this is definitely an ic team\n|inactive|rv100 has 30 seconds left.\n|j| wildfire2\n|\n|t:|1681965904\n|-terastallize|p2b: Garchomp|Ground\n|move|p1b: Chien-Pao|Protect|p1b: Chien-Pao\n|-singleturn|p1b: Chien-Pao|Protect\n|move|p2a: Minner|Howl|p2a: Minner|[spread] p2a,p2b\n|-boost|p2a: Minner|atk|1\n|-boost|p2b: Garchomp|atk|1\n|move|p2b: Garchomp|Rock Slide|p1b: Chien-Pao|[spread] \n|-activate|p1b: Chien-Pao|move: Protect\n|-miss|p2b: Garchomp|p1a: Dragonite\n|move|p1a: Dragonite|Outrage|p2b: Garchomp\n|-damage|p2b: Garchomp|4\/100\n|-damage|p1a: Dragonite|88\/100|[from] ability: Rough Skin|[of] p2b: Garchomp\n|\n|upkeep\n|turn|2\n|c|\u2606rv100|DUDE\n|c|\u2606rv100|that miss\n|c|\u2606Borghi|im multi scale\n|c|\u2606rv100|Borghi still doesn't matter\n|inactive|rv100 has 30 seconds left.\n|c|\u2606Borghi|i live\n|\n|t:|1681965933\n|move|p1b: Chien-Pao|Sucker Punch|p2b: Garchomp\n|-damage|p2b: Garchomp|0 fnt\n|-damage|p1b: Chien-Pao|88\/100|[from] ability: Rough Skin|[of] p2b: Garchomp\n|faint|p2b: Garchomp\n|move|p2a: Minner|Copycat|p2a: Minner\n|move|p2a: Minner|Sucker Punch|p1a: Dragonite|[from]move: Copycat\n|-damage|p1a: Dragonite|65\/100\n|move|p1a: Dragonite|Outrage|p2a: Minner|[from]lockedmove\n|-damage|p2a: Minner|0 fnt\n|faint|p2a: Minner\n|\n|upkeep\n|\n|t:|1681965936\n|switch|p2b: Flutter Mane|Flutter Mane, L50|100\/100\n|switch|p2a: WASHING MACHINE|Rotom-Wash, L50, shiny|100\/100\n|turn|3\n|c|%Bright Size|he flinches tho\n|c|\u2606rv100|just very sad\n|c|\u2606rv100|that it missed\n|c|\u2606rv100|cause it would have done small damage\n|\n|t:|1681965955\n|move|p1b: Chien-Pao|Protect|p1b: Chien-Pao\n|-singleturn|p1b: Chien-Pao|Protect\n|move|p2b: Flutter Mane|Protect|p2b: Flutter Mane\n|-singleturn|p2b: Flutter Mane|Protect\n|move|p1a: Dragonite|Outrage|p2b: Flutter Mane|[from]lockedmove\n|-activate|p2b: Flutter Mane|move: Protect\n|-start|p1a: Dragonite|confusion|[fatigue]\n|-enditem|p1a: Dragonite|Lum Berry|[eat]\n|-end|p1a: Dragonite|confusion\n|move|p2a: WASHING MACHINE|Discharge|p1b: Chien-Pao|[spread] p1a\n|-activate|p2b: Flutter Mane|move: Protect\n|-activate|p1b: Chien-Pao|move: Protect\n|-damage|p1a: Dragonite|36\/100\n|\n|upkeep\n|turn|4\n|c|\u2606rv100|it's just a bit unfair for me\n|c|\u2606rv100|Borghi you should go for washing machine there\n|c|%Bright Size|have you considered telling people on twitter about it\n|inactive|Borghi has 30 seconds left.\n|inactive|rv100 has 30 seconds left.\n|c|\u2606rv100|cause fullter mane is immune\n|c|\u2606Borghi|brother\n|c|\u2606Borghi|outrage is random target\n|inactive|Borghi has 20 seconds left.\n|inactive|rv100 has 20 seconds left.\n|c|\u2606rv100|Borghi oh ye\n|inactive|Borghi has 15 seconds left.\n|inactive|rv100 has 15 seconds left.\n|c|\u2606rv100|forgot lol\n|inactive|Borghi has 10 seconds left.\n|\n|t:|1681966001\n|move|p1b: Chien-Pao|Sucker Punch|p2b: Flutter Mane\n|-damage|p2b: Flutter Mane|4\/100\n|move|p2b: Flutter Mane|Dazzling Gleam|p1a: Dragonite|[spread] p1a,p1b\n|-supereffective|p1a: Dragonite\n|-supereffective|p1b: Chien-Pao\n|-damage|p1a: Dragonite|0 fnt\n|-damage|p1b: Chien-Pao|0 fnt\n|faint|p1a: Dragonite\n|faint|p1b: Chien-Pao\n|move|p2a: WASHING MACHINE|Nasty Plot|p2a: WASHING MACHINE\n|-boost|p2a: WASHING MACHINE|spa|2\n|\n|upkeep\n|\n|t:|1681966005\n|switch|p1b: Dondozo|Dondozo, L50, F|100\/100\n|switch|p1a: Tatsugiri|Tatsugiri, L50, F|100\/100\n|-activate|p1a: Tatsugiri|ability: Commander|[of] p1b: Dondozo\n|-boost|p1b: Dondozo|atk|2\n|-boost|p1b: Dondozo|spa|2\n|-boost|p1b: Dondozo|spe|2\n|-boost|p1b: Dondozo|def|2\n|-boost|p1b: Dondozo|spd|2\n|turn|5\n|\n|t:|1681966013\n|-terastallize|p1b: Dondozo|Grass\n|move|p2b: Flutter Mane|Protect|p2b: Flutter Mane\n|-singleturn|p2b: Flutter Mane|Protect\n|move|p1b: Dondozo|Tera Blast|p2a: WASHING MACHINE\n|-supereffective|p2a: WASHING MACHINE\n|-damage|p2a: WASHING MACHINE|0 fnt\n|faint|p2a: WASHING MACHINE\n|\n|upkeep\n|turn|6\n|c|%Bright Size|dondozo moment\n|\n|t:|1681966021\n|move|p2b: Flutter Mane|Moonblast|p1b: Dondozo\n|-damage|p1b: Dondozo|76\/100\n|-unboost|p1b: Dondozo|spa|1\n|move|p1b: Dondozo|Tera Blast|p2b: Flutter Mane\n|-damage|p2b: Flutter Mane|0 fnt\n|faint|p2b: Flutter Mane\n|-end|p2b: Flutter Mane|Protosynthesis|[silent]\n|\n|win|Borghi\n|n|\u2606Borghi|borghi\n|n|\u2606rv100|rv100\n|n| repeatt|repeatt\n|n| Bright Size|brightsize\n|n| wildfire2|wildfire2\n|c|\u2606rv100|ggs lol\n|c|\u2606Borghi|gg\n|l| repeatt\n|c|\u2606rv100|that rock slide miss just screwed me up\n|l| Bright Size\n|c|\u2606rv100|but i still got outplayed\n|l| wildfire2\n|l|\u2606rv100\n","uploadtime":1681966943,"views":8,"p1id":"borghi","p2id":"rv100","formatid":"gen9vgc2023regulationc","rating":0,"private":0,"password":""}