{"id":"gen9vgc2023regulationc-1854430331","p1":"Lossosioh","p2":"NicoHaxVGC","format":"[Gen 9] VGC 2023 Regulation C","log":"|j|\u2606Lossosioh\n|j|\u2606NicoHaxVGC\n|t:|1682809915\n|gametype|doubles\n|player|p1|Lossosioh|lance|1287\n|player|p2|NicoHaxVGC|red|1312\n|teamsize|p1|6\n|teamsize|p2|6\n|gen|9\n|tier|[Gen 9] VGC 2023 Regulation C\n|rated|\n|rule|Species Clause: Limit one of each Pok\u00e9mon\n|rule|Item Clause: Limit one of each item\n|clearpoke\n|poke|p1|Ting-Lu, L50|\n|poke|p1|Amoonguss, L50, F|\n|poke|p1|Garganacl, L50, M|\n|poke|p1|Arcanine, L50, M|\n|poke|p1|Roaring Moon, L50|\n|poke|p1|Iron Bundle, L50|\n|poke|p2|Corviknight, L50, F|\n|poke|p2|Ting-Lu, L50|\n|poke|p2|Annihilape, L50, M|\n|poke|p2|Iron Bundle, L50|\n|poke|p2|Flutter Mane, L50|\n|poke|p2|Maushold, L50|\n|teampreview|4\n|inactive|Battle timer is ON: inactive players will automatically lose when time's up. (requested by NicoHaxVGC)\n|inactive|Lossosioh has 60 seconds left.\n|\n|t:|1682809947\n|start\n|switch|p1a: Iron Bundle|Iron Bundle, L50|100\/100\n|switch|p1b: Garganacl|Garganacl, L50, M|100\/100\n|switch|p2a: Robin|Annihilape, L50, M|100\/100\n|switch|p2b: ICBF|Maushold, L50|100\/100\n|turn|1\n|inactive|NicoHaxVGC has 30 seconds left.\n|\n|t:|1682809980\n|move|p1a: Iron Bundle|Hydro Pump|p2a: Robin\n|-damage|p2a: Robin|64\/100\n|move|p2b: ICBF|Beat Up|p2a: Robin\n|-damage|p2a: Robin|62\/100\n|-damage|p2a: Robin|60\/100\n|-damage|p2a: Robin|58\/100\n|-damage|p2a: Robin|56\/100\n|-hitcount|p2a: Robin|4\n|move|p2a: Robin|Rage Fist|p1a: Iron Bundle\n|-enditem|p1a: Iron Bundle|Focus Sash\n|-damage|p1a: Iron Bundle|1\/100\n|move|p1b: Garganacl|Salt Cure|p2a: Robin\n|-resisted|p2a: Robin\n|-damage|p2a: Robin|51\/100\n|-start|p2a: Robin|Salt Cure\n|\n|-heal|p2a: Robin|57\/100|[from] item: Leftovers\n|-damage|p2a: Robin|45\/100|[from] Salt Cure\n|upkeep\n|turn|2\n|inactive|NicoHaxVGC has 30 seconds left.\n|\n|t:|1682810012\n|move|p1a: Iron Bundle|Protect|p1a: Iron Bundle\n|-singleturn|p1a: Iron Bundle|Protect\n|move|p2b: ICBF|Follow Me|p2b: ICBF\n|-singleturn|p2b: ICBF|move: Follow Me\n|move|p2a: Robin|Rage Fist|p1b: Garganacl\n|-crit|p1b: Garganacl\n|-damage|p1b: Garganacl|21\/100\n|move|p1b: Garganacl|Salt Cure|p2b: ICBF\n|-damage|p2b: ICBF|84\/100\n|-start|p2b: ICBF|Salt Cure\n|\n|-heal|p2a: Robin|51\/100|[from] item: Leftovers\n|-heal|p1b: Garganacl|27\/100|[from] item: Leftovers\n|-damage|p2b: ICBF|72\/100|[from] Salt Cure\n|-damage|p2a: Robin|38\/100|[from] Salt Cure\n|upkeep\n|turn|3\n|inactive|NicoHaxVGC has 30 seconds left.\n|inactive|NicoHaxVGC has 20 seconds left.\n|\n|t:|1682810058\n|switch|p2a: Cyborg|Iron Bundle, L50|100\/100\n|-enditem|p2a: Cyborg|Booster Energy\n|-activate|p2a: Cyborg|ability: Quark Drive|[fromitem]\n|-start|p2a: Cyborg|quarkdrivespe\n|switch|p1b: Roaring Moon|Roaring Moon, L50|100\/100\n|-enditem|p1b: Roaring Moon|Booster Energy\n|-activate|p1b: Roaring Moon|ability: Protosynthesis|[fromitem]\n|-start|p1b: Roaring Moon|protosynthesisatk\n|move|p2b: ICBF|Follow Me|p2b: ICBF\n|-singleturn|p2b: ICBF|move: Follow Me\n|move|p1a: Iron Bundle|Hydro Pump|p2b: ICBF\n|-damage|p2b: ICBF|13\/100\n|\n|-damage|p2b: ICBF|1\/100|[from] Salt Cure\n|upkeep\n|turn|4\n|inactive|NicoHaxVGC has 30 seconds left.\n|\n|t:|1682810084\n|move|p1b: Roaring Moon|Protect|p1b: Roaring Moon\n|-singleturn|p1b: Roaring Moon|Protect\n|move|p2b: ICBF|Baby-Doll Eyes|p1b: Roaring Moon\n|-activate|p1b: Roaring Moon|move: Protect\n|move|p2a: Cyborg|Icy Wind|p1a: Iron Bundle|[spread] p1a\n|-activate|p1b: Roaring Moon|move: Protect\n|-resisted|p1a: Iron Bundle\n|-damage|p1a: Iron Bundle|0 fnt\n|faint|p1a: Iron Bundle\n|-end|p1a: Iron Bundle|Quark Drive|[silent]\n|\n|-damage|p2b: ICBF|0 fnt|[from] Salt Cure\n|faint|p2b: ICBF\n|upkeep\n|\n|t:|1682810097\n|switch|p1a: Ting-Lu|Ting-Lu, L50|100\/100\n|switch|p2b: Robin|Annihilape, L50, M|38\/100\n|-ability|p1a: Ting-Lu|Vessel of Ruin\n|turn|5\n|\n|t:|1682810120\n|-terastallize|p1a: Ting-Lu|Poison\n|move|p2b: Robin|Protect|p2b: Robin\n|-singleturn|p2b: Robin|Protect\n|move|p2a: Cyborg|Freeze-Dry|p1b: Roaring Moon\n|-supereffective|p1b: Roaring Moon\n|-damage|p1b: Roaring Moon|59\/100\n|move|p1b: Roaring Moon|Acrobatics|p2b: Robin\n|-activate|p2b: Robin|move: Protect\n|move|p1a: Ting-Lu|Heavy Slam|p2a: Cyborg\n|-crit|p2a: Cyborg\n|-damage|p2a: Cyborg|31\/100\n|\n|-heal|p2b: Robin|45\/100|[from] item: Leftovers\n|upkeep\n|turn|6\n|\n|t:|1682810143\n|-terastallize|p2b: Robin|Fire\n|move|p2a: Cyborg|Icy Wind|p1b: Roaring Moon|[spread] p1a,p1b\n|-supereffective|p1b: Roaring Moon\n|-damage|p1a: Ting-Lu|93\/100\n|-damage|p1b: Roaring Moon|33\/100\n|-unboost|p1a: Ting-Lu|spe|1\n|-unboost|p1b: Roaring Moon|spe|1\n|move|p2b: Robin|Rage Fist|p1a: Ting-Lu\n|-damage|p1a: Ting-Lu|0 fnt\n|faint|p1a: Ting-Lu\n|move|p1b: Roaring Moon|Acrobatics|p2b: Robin\n|-damage|p2b: Robin|0 fnt\n|faint|p2b: Robin\n|\n|upkeep\n|\n|t:|1682810155\n|switch|p2b: Star fire|Flutter Mane, L50|100\/100\n|switch|p1a: Garganacl|Garganacl, L50, M|27\/100\n|turn|7\n|-message|Lossosioh forfeited.\n|\n|win|NicoHaxVGC\n|raw|Lossosioh's rating: 1287 → 1264<\/strong> (-23 for losing)\n|raw|NicoHaxVGC's rating: 1312 → 1331<\/strong> (+19 for winning)\n","uploadtime":1682810167,"views":26,"p1id":"lossosioh","p2id":"nicohaxvgc","formatid":"gen9vgc2023regulationc","rating":1264,"private":0,"password":""}