{"id":"gen9vgc2023regulationc-1850717582","p1":"WimpShrimp","p2":"PiccoloRuiz","format":"[Gen 9] VGC 2023 Regulation C","log":"|j|\u2606WimpShrimp\n|j|\u2606PiccoloRuiz\n|t:|1682361655\n|gametype|doubles\n|player|p1|WimpShrimp|n|1212\n|player|p2|PiccoloRuiz|valerie|1291\n|teamsize|p1|6\n|teamsize|p2|6\n|gen|9\n|tier|[Gen 9] VGC 2023 Regulation C\n|rated|\n|rule|Species Clause: Limit one of each Pok\u00e9mon\n|rule|Item Clause: Limit one of each item\n|clearpoke\n|poke|p1|Iron Hands, L50|\n|poke|p1|Ting-Lu, L50|\n|poke|p1|Volcarona, L50, F|\n|poke|p1|Baxcalibur, L50, M|\n|poke|p1|Flutter Mane, L50|\n|poke|p1|Roaring Moon, L50|\n|poke|p2|Flutter Mane, L50|\n|poke|p2|Amoonguss, L50, F|\n|poke|p2|Gyarados, L50, F|\n|poke|p2|Arcanine, L50, F|\n|poke|p2|Ting-Lu, L50|\n|poke|p2|Baxcalibur, L50, F|\n|teampreview|4\nWimpShrimp has agreed to open team sheets.\n|inactive|Battle timer is ON: inactive players will automatically lose when time's up. (requested by PiccoloRuiz)\nPiccoloRuiz has agreed to open team sheets.\n|inactive|PiccoloRuiz has 60 seconds left.\n|inactive|PiccoloRuiz has 30 seconds left.\n|\n|t:|1682361734\n|start\n|switch|p1a: Volcarona|Volcarona, L50, F|100\/100\n|switch|p1b: Iron Hands|Iron Hands, L50|100\/100\n|switch|p2a: Flutter Mane|Flutter Mane, L50|100\/100\n|switch|p2b: Brita|Amoonguss, L50, F, shiny|100\/100\n|-enditem|p2a: Flutter Mane|Booster Energy\n|-activate|p2a: Flutter Mane|ability: Protosynthesis|[fromitem]\n|-start|p2a: Flutter Mane|protosynthesisspa\n|turn|1\n|inactive|WimpShrimp has 30 seconds left.\n|inactive|WimpShrimp has 20 seconds left.\n|\n|t:|1682361773\n|-end|p2a: Flutter Mane|Protosynthesis|[silent]\n|switch|p2a: Raja|Arcanine, L50, F|100\/100\n|-ability|p2a: Raja|Intimidate|boost\n|-unboost|p1a: Volcarona|atk|1\n|-unboost|p1b: Iron Hands|atk|1\n|move|p1b: Iron Hands|Fake Out|p2b: Brita\n|-damage|p2b: Brita|91\/100\n|-damage|p1b: Iron Hands|84\/100|[from] item: Rocky Helmet|[of] p2b: Brita\n|move|p1a: Volcarona|Tailwind|p1a: Volcarona\n|-sidestart|p1: WimpShrimp|move: Tailwind\n|cant|p2b: Brita|flinch\n|\n|-heal|p1b: Iron Hands|90\/100|[from] item: Leftovers\n|upkeep\n|turn|2\n|\n|t:|1682361795\n|move|p1a: Volcarona|Fiery Dance|p2b: Brita\n|-supereffective|p2b: Brita\n|-damage|p2b: Brita|25\/100\n|-boost|p1a: Volcarona|spa|1\n|move|p1b: Iron Hands|Drain Punch|p2a: Raja\n|-damage|p2a: Raja|69\/100\n|-heal|p1b: Iron Hands|100\/100|[from] drain|[of] p2a: Raja\n|move|p2a: Raja|Flare Blitz|p1a: Volcarona\n|-damage|p1a: Volcarona|47\/100\n|-enditem|p1a: Volcarona|Sitrus Berry|[eat]\n|-heal|p1a: Volcarona|71\/100|[from] item: Sitrus Berry\n|-damage|p2a: Raja|51\/100|[from] Recoil\n|move|p2b: Brita|Spore|p1a: Volcarona\n|-status|p1a: Volcarona|slp|[from] move: Spore\n|\n|upkeep\n|turn|3\n|\n|t:|1682361815\n|switch|p2b: Bianca|Gyarados, L50, F, shiny|100\/100\n|-ability|p2b: Bianca|Intimidate|boost\n|-unboost|p1a: Volcarona|atk|1\n|-unboost|p1b: Iron Hands|atk|1\n|cant|p1a: Volcarona|slp\n|move|p1b: Iron Hands|Drain Punch|p2b: Bianca\n|-resisted|p2b: Bianca\n|-damage|p2b: Bianca|89\/100\n|move|p2a: Raja|Flare Blitz|p1a: Volcarona\n|-damage|p1a: Volcarona|19\/100 slp\n|-damage|p2a: Raja|35\/100|[from] Recoil\n|\n|upkeep\n|turn|4\n|\n|t:|1682361832\n|switch|p1a: Ting-Lu|Ting-Lu, L50|100\/100\n|-ability|p1a: Ting-Lu|Vessel of Ruin\n|switch|p2b: Brita|Amoonguss, L50, F, shiny|58\/100\n|move|p1b: Iron Hands|Wild Charge|p2b: Brita\n|-resisted|p2b: Brita\n|-damage|p2b: Brita|47\/100\n|-damage|p1b: Iron Hands|84\/100|[from] item: Rocky Helmet|[of] p2b: Brita\n|-damage|p1b: Iron Hands|82\/100|[from] Recoil\n|move|p2a: Raja|Flare Blitz|p1a: Ting-Lu\n|-damage|p1a: Ting-Lu|76\/100\n|-damage|p2a: Raja|24\/100|[from] Recoil\n|\n|-heal|p1b: Iron Hands|88\/100|[from] item: Leftovers\n|-sideend|p1: WimpShrimp|move: Tailwind\n|upkeep\n|turn|5\n|\n|t:|1682361854\n|switch|p2a: Bianca|Gyarados, L50, F, shiny|89\/100\n|-ability|p2a: Bianca|Intimidate|boost\n|-unboost|p1a: Ting-Lu|atk|1\n|-unboost|p1b: Iron Hands|atk|1\n|switch|p1a: Volcarona|Volcarona, L50, F|19\/100 slp\n|move|p1b: Iron Hands|Drain Punch|p2a: Bianca\n|-resisted|p2a: Bianca\n|-damage|p2a: Bianca|81\/100\n|-heal|p1b: Iron Hands|91\/100|[from] drain|[of] p2a: Bianca\n|move|p2b: Brita|Spore|p1a: Volcarona\n|-fail|p1a: Volcarona|slp\n|\n|-heal|p1b: Iron Hands|97\/100|[from] item: Leftovers\n|upkeep\n|turn|6\n|\n|t:|1682361871\n|switch|p1a: Ting-Lu|Ting-Lu, L50|76\/100\n|-ability|p1a: Ting-Lu|Vessel of Ruin\n|move|p2b: Brita|Rage Powder|p2b: Brita\n|-singleturn|p2b: Brita|move: Rage Powder\n|move|p2a: Bianca|Waterfall|p1a: Ting-Lu\n|-supereffective|p1a: Ting-Lu\n|-damage|p1a: Ting-Lu|42\/100\n|move|p1b: Iron Hands|Drain Punch|p2b: Brita\n|-resisted|p2b: Brita\n|-damage|p2b: Brita|40\/100\n|-heal|p1b: Iron Hands|99\/100|[from] drain|[of] p2b: Brita\n|-damage|p1b: Iron Hands|84\/100|[from] item: Rocky Helmet|[of] p2b: Brita\n|\n|-heal|p1b: Iron Hands|90\/100|[from] item: Leftovers\n|upkeep\n|turn|7\n|\n|t:|1682361891\n|move|p1b: Iron Hands|Protect|p1b: Iron Hands\n|-singleturn|p1b: Iron Hands|Protect\n|move|p2a: Bianca|Waterfall|p1a: Ting-Lu\n|-supereffective|p1a: Ting-Lu\n|-damage|p1a: Ting-Lu|6\/100\n|move|p1a: Ting-Lu|Stomping Tantrum|p2b: Brita\n|-damage|p2b: Brita|14\/100\n|-damage|p1a: Ting-Lu|0 fnt|[from] item: Rocky Helmet|[of] p2b: Brita\n|faint|p1a: Ting-Lu\n|move|p2b: Brita|Spore|p1b: Iron Hands\n|-activate|p1b: Iron Hands|move: Protect\n|\n|-heal|p1b: Iron Hands|96\/100|[from] item: Leftovers\n|upkeep\n|\n|t:|1682361901\n|switch|p1a: Roaring Moon|Roaring Moon, L50|100\/100\n|-enditem|p1a: Roaring Moon|Booster Energy\n|-activate|p1a: Roaring Moon|ability: Protosynthesis|[fromitem]\n|-start|p1a: Roaring Moon|protosynthesisatk\n|turn|8\n|\n|t:|1682361919\n|-end|p1b: Iron Hands|Quark Drive|[silent]\n|switch|p1b: Volcarona|Volcarona, L50, F|19\/100 slp\n|switch|p2b: Raja|Arcanine, L50, F|24\/100\n|-ability|p2b: Raja|Intimidate|boost\n|-unboost|p1a: Roaring Moon|atk|1\n|-unboost|p1b: Volcarona|atk|1\n|move|p1a: Roaring Moon|Protect|p1a: Roaring Moon\n|-singleturn|p1a: Roaring Moon|Protect\n|move|p2a: Bianca|Thunder Wave|p1a: Roaring Moon\n|-activate|p1a: Roaring Moon|move: Protect\n|\n|upkeep\n|turn|9\n|\n|t:|1682361940\n|move|p1a: Roaring Moon|Acrobatics|p2b: Raja\n|-damage|p2b: Raja|0 fnt\n|faint|p2b: Raja\n|cant|p1b: Volcarona|slp\n|move|p2a: Bianca|Waterfall|p1b: Volcarona\n|-supereffective|p1b: Volcarona\n|-damage|p1b: Volcarona|0 fnt\n|faint|p1b: Volcarona\n|\n|upkeep\n|\n|t:|1682361951\n|switch|p2b: Brita|Amoonguss, L50, F, shiny|47\/100\n|switch|p1b: Iron Hands|Iron Hands, L50|96\/100\n|turn|10\n|\n|t:|1682361970\n|move|p2a: Bianca|Protect|p2a: Bianca\n|-singleturn|p2a: Bianca|Protect\n|move|p2b: Brita|Protect|p2b: Brita\n|-singleturn|p2b: Brita|Protect\n|move|p1b: Iron Hands|Fake Out|p2a: Bianca\n|-activate|p2a: Bianca|move: Protect\n|move|p1a: Roaring Moon|Acrobatics|p2b: Brita\n|-activate|p2b: Brita|move: Protect\n|\n|-heal|p1b: Iron Hands|100\/100|[from] item: Leftovers\n|upkeep\n|turn|11\n|\n|t:|1682361991\n|move|p2b: Brita|Rage Powder|p2b: Brita\n|-singleturn|p2b: Brita|move: Rage Powder\n|move|p1a: Roaring Moon|Acrobatics|p2b: Brita\n|-supereffective|p2b: Brita\n|-damage|p2b: Brita|0 fnt\n|-damage|p1a: Roaring Moon|84\/100|[from] item: Rocky Helmet|[of] p2b: Brita\n|faint|p2b: Brita\n|move|p2a: Bianca|Thunder Wave|p1a: Roaring Moon\n|-status|p1a: Roaring Moon|par\n|move|p1b: Iron Hands|Wild Charge|p2a: Bianca\n|-supereffective|p2a: Bianca\n|-damage|p2a: Bianca|0 fnt\n|faint|p2a: Bianca\n|-damage|p1b: Iron Hands|85\/100|[from] Recoil\n|\n|-heal|p1b: Iron Hands|91\/100|[from] item: Leftovers\n|upkeep\n|\n|t:|1682362003\n|switch|p2b: Flutter Mane|Flutter Mane, L50|100\/100\n|turn|12\n|\n|t:|1682362022\n|-terastallize|p2b: Flutter Mane|Fairy\n|-terastallize|p1b: Iron Hands|Grass\n|move|p1a: Roaring Moon|Protect|p1a: Roaring Moon\n|-singleturn|p1a: Roaring Moon|Protect\n|move|p2b: Flutter Mane|Moonblast|p1b: Iron Hands\n|-damage|p1b: Iron Hands|36\/100\n|-unboost|p1b: Iron Hands|spa|1\n|move|p1b: Iron Hands|Wild Charge|p2b: Flutter Mane\n|-damage|p2b: Flutter Mane|10\/100\n|-damage|p1b: Iron Hands|22\/100|[from] Recoil\n|\n|-heal|p1b: Iron Hands|28\/100|[from] item: Leftovers\n|upkeep\n|turn|13\n|\n|t:|1682362045\n|move|p2b: Flutter Mane|Dazzling Gleam|p1a: Roaring Moon|[spread] p1a,p1b\n|-supereffective|p1a: Roaring Moon\n|-damage|p1a: Roaring Moon|0 fnt\n|-damage|p1b: Iron Hands|0 fnt\n|faint|p1a: Roaring Moon\n|-end|p1a: Roaring Moon|Protosynthesis|[silent]\n|faint|p1b: Iron Hands\n|-end|p1b: Iron Hands|Quark Drive|[silent]\n|\n|win|PiccoloRuiz\n|raw|WimpShrimp's rating: 1212 → 1193<\/strong> (-19 for losing)\n|raw|PiccoloRuiz's rating: 1291 → 1310<\/strong> (+19 for winning)\n|l|\u2606WimpShrimp\n","uploadtime":1682362062,"views":10,"p1id":"wimpshrimp","p2id":"piccoloruiz","formatid":"gen9vgc2023regulationc","rating":1193,"private":0,"password":""}