{"id":"gen9vgc2023regulationc-1847617753","p1":"xdfgdfgh","p2":"userhawk","format":"[Gen 9] VGC 2023 Regulation C","log":"|j|\u2606xdfgdfgh\n|j|\u2606userhawk\n|t:|1681982737\n|gametype|doubles\n|player|p1|xdfgdfgh|2|1190\n|player|p2|userhawk|ethan|1285\n|teamsize|p1|6\n|teamsize|p2|6\n|gen|9\n|tier|[Gen 9] VGC 2023 Regulation C\n|rated|\n|rule|Species Clause: Limit one of each Pok\u00e9mon\n|rule|Item Clause: Limit one of each item\n|clearpoke\n|poke|p1|Torkoal, L50, F|\n|poke|p1|Chi-Yu, L50|\n|poke|p1|Bronzong, L50|\n|poke|p1|Gastrodon, L50, M|\n|poke|p1|Grimmsnarl, L50, M|\n|poke|p1|Skeledirge, L50, F|\n|poke|p2|Amoonguss, L50, M|\n|poke|p2|Flutter Mane, L50|\n|poke|p2|Talonflame, L50, F|\n|poke|p2|Gyarados, L50, F|\n|poke|p2|Tyranitar, L50, M|\n|poke|p2|Lycanroc, L50, M|\n|teampreview|4\n|inactive|Battle timer is ON: inactive players will automatically lose when time's up. (requested by xdfgdfgh)\n|\n|t:|1681982771\n|start\n|switch|p1a: Bronzong|Bronzong, L50|100\/100\n|switch|p1b: Grimmsnarl|Grimmsnarl, L50, M|100\/100\n|switch|p2a: Tyranitar|Tyranitar, L50, M|100\/100\n|switch|p2b: Lycanroc|Lycanroc, L50, M|100\/100\n|-weather|Sandstorm|[from] ability: Sand Stream|[of] p2a: Tyranitar\n|turn|1\n|inactive|userhawk has 30 seconds left.\n|\n|t:|1681982803\n|-terastallize|p1a: Bronzong|Fighting\n|move|p1b: Grimmsnarl|Fake Out|p2b: Lycanroc\n|-resisted|p2b: Lycanroc\n|-damage|p2b: Lycanroc|88\/100\n|cant|p2b: Lycanroc|flinch\n|move|p2a: Tyranitar|Assurance|p1a: Bronzong\n|-resisted|p1a: Bronzong\n|-damage|p1a: Bronzong|90\/100\n|move|p1a: Bronzong|Trick Room|p1a: Bronzong\n|-fieldstart|move: Trick Room|[of] p1a: Bronzong\n|\n|-weather|Sandstorm|[upkeep]\n|-damage|p1a: Bronzong|84\/100|[from] Sandstorm\n|-damage|p1b: Grimmsnarl|95\/100|[from] Sandstorm\n|upkeep\n|turn|2\n|inactive|userhawk has 30 seconds left.\n|\n|t:|1681982830\n|switch|p1b: Torkoal|Torkoal, L50, F|100\/100\n|-weather|SunnyDay|[from] ability: Drought|[of] p1b: Torkoal\n|-terastallize|p2a: Tyranitar|Grass\n|move|p1a: Bronzong|Body Press|p2b: Lycanroc\n|-supereffective|p2b: Lycanroc\n|-damage|p2b: Lycanroc|0 fnt\n|faint|p2b: Lycanroc\n|move|p2a: Tyranitar|Rock Slide|p1b: Torkoal|[spread] p1a,p1b\n|-resisted|p1a: Bronzong\n|-supereffective|p1b: Torkoal\n|-damage|p1a: Bronzong|73\/100\n|-damage|p1b: Torkoal|59\/100\n|\n|-weather|SunnyDay|[upkeep]\n|upkeep\n|\n|t:|1681982843\n|switch|p2b: Amoonguss|Amoonguss, L50, M|100\/100\n|turn|3\n|\n|t:|1681982870\n|move|p1b: Torkoal|Eruption|p2b: Amoonguss|[spread] p2a,p2b\n|-supereffective|p2a: Tyranitar\n|-supereffective|p2b: Amoonguss\n|-damage|p2a: Tyranitar|40\/100\n|-damage|p2b: Amoonguss|22\/100\n|-damage|p1b: Torkoal|50\/100|[from] item: Life Orb\n|move|p1a: Bronzong|Iron Head|p2b: Amoonguss\n|-damage|p2b: Amoonguss|0 fnt\n|faint|p2b: Amoonguss\n|move|p2a: Tyranitar|Rock Slide|p1b: Torkoal|[spread] p1a,p1b\n|-resisted|p1a: Bronzong\n|-supereffective|p1b: Torkoal\n|-damage|p1a: Bronzong|62\/100\n|-damage|p1b: Torkoal|0 fnt\n|faint|p1b: Torkoal\n|\n|-weather|SunnyDay|[upkeep]\n|upkeep\n|\n|t:|1681982884\n|switch|p1b: Skeledirge|Skeledirge, L50, F|100\/100\n|switch|p2b: Flutter Mane|Flutter Mane, L50|100\/100\n|-activate|p2b: Flutter Mane|ability: Protosynthesis\n|-start|p2b: Flutter Mane|protosynthesisspe\n|turn|4\n|\n|t:|1681982895\n|move|p1b: Skeledirge|Protect|p1b: Skeledirge\n|-singleturn|p1b: Skeledirge|Protect\n|move|p1a: Bronzong|Iron Head|p2b: Flutter Mane\n|-supereffective|p2b: Flutter Mane\n|-damage|p2b: Flutter Mane|0 fnt\n|faint|p2b: Flutter Mane\n|-end|p2b: Flutter Mane|Protosynthesis|[silent]\n|move|p2a: Tyranitar|Assurance|p1b: Skeledirge\n|-activate|p1b: Skeledirge|move: Protect\n|\n|-weather|SunnyDay|[upkeep]\n|upkeep\n|turn|5\n|-message|userhawk forfeited.\n|\n|win|xdfgdfgh\n|raw|xdfgdfgh's rating: 1190 → 1222<\/strong> (+32 for winning)\n|raw|userhawk's rating: 1285 → 1253<\/strong> (-32 for losing)\n","uploadtime":1681982908,"views":15,"p1id":"xdfgdfgh","p2id":"userhawk","formatid":"gen9vgc2023regulationc","rating":1222,"private":0,"password":""}