{"id":"gen9vgc2023regulationc-1846251794","p1":"Camitest","p2":"Eldegoss32","format":"[Gen 9] VGC 2023 Regulation C","log":"|j|\u2606Camitest\n|j|\u2606Eldegoss32\n|t:|1681825605\n|gametype|doubles\n|player|p1|Camitest|gladion|\n|player|p2|Eldegoss32|acetrainerf|\n|teamsize|p1|6\n|teamsize|p2|6\n|gen|9\n|tier|[Gen 9] VGC 2023 Regulation C\n|rated|Tournament battle\n|rule|Species Clause: Limit one of each Pok\u00e9mon\n|rule|Item Clause: Limit one of each item\n|clearpoke\n|poke|p1|Palafin, L50, M|\n|poke|p1|Arcanine, L50, M|\n|poke|p1|Amoonguss, L50, M|\n|poke|p1|Iron Hands, L50|\n|poke|p1|Flutter Mane, L50|\n|poke|p1|Ting-Lu, L50|\n|poke|p2|Grafaiai, L50, M|\n|poke|p2|Toedscruel, L50, M|\n|poke|p2|Flutter Mane, L50|\n|poke|p2|Palafin, L50, M|\n|poke|p2|Baxcalibur, L50, F|\n|poke|p2|Arcanine, L50, F|\n|teampreview|4\n|raw| Open Team Sheet for Camitest<\/summary>Palafin (M) @ Mystic Water Ability: Zero to Hero Level: 50 Tera Type: Water - Jet Punch - Wave Crash - Haze - Protect Arcanine (M) @ Safety Goggles Ability: Intimidate Level: 50 Tera Type: Water - Flare Blitz - Extreme Speed - Will-O-Wisp - Protect Amoonguss (M) @ Sitrus Berry Ability: Regenerator Level: 50 Shiny: Yes Tera Type: Water - Pollen Puff - Clear Smog - Rage Powder - Spore Iron Hands @ Assault Vest Ability: Quark Drive Level: 50 Tera Type: Grass - Drain Punch - Wild Charge - Volt Switch - Fake Out Flutter Mane @ Booster Energy Ability: Protosynthesis Level: 50 Tera Type: Fairy - Dazzling Gleam - Shadow Ball - Substitute - Protect Ting-Lu @ Lum Berry Ability: Vessel of Ruin Level: 50 Tera Type: Water - Stomping Tantrum - Throat Chop - Heavy Slam - Fissure <\/details><\/div> Open Team Sheet for Eldegoss32<\/summary>Grafaiai @ Focus Sash Ability: Prankster Level: 50 Tera Type: Ghost - Doodle - Encore - Gunk Shot - Taunt Toedscruel @ Sitrus Berry Ability: Mycelium Might Level: 50 Tera Type: Water - Spore - Rage Powder - Earth Power - Protect Flutter Mane @ Choice Specs Ability: Protosynthesis Level: 50 Tera Type: Fairy - Icy Wind - Moonblast - Dazzling Gleam - Shadow Ball Palafin @ Mystic Water Ability: Zero to Hero Level: 50 Tera Type: Water - Jet Punch - Wave Crash - Bulk Up - Protect Baxcalibur @ Loaded Dice Ability: Thermal Exchange Level: 50 Tera Type: Poison - Dragon Dance - Glaive Rush - Icicle Spear - Protect Arcanine @ Safety Goggles Ability: Intimidate Level: 50 Tera Type: Water - Flare Blitz - Will-O-Wisp - Snarl - Protect <\/details><\/div>\n|j| sadgirl23\n|j| Adsheesh\n|j| Dat guy In black\n|c|\u2606Camitest|glhf\n|l| Dat guy In black\n|c|\u2606Eldegoss32|glhf\n|j| babiwi bewey\u2714\ufe0f\n|\n|t:|1681825662\n|start\n|switch|p1a: Palafin|Palafin, L50, M|100\/100\n|switch|p1b: Iron Hands|Iron Hands, L50|100\/100\n|switch|p2a: Palafin|Palafin, L50, M|100\/100\n|switch|p2b: Flutter Mane|Flutter Mane, L50|100\/100\n|turn|1\n|\n|t:|1681825681\n|detailschange|p2a: Palafin|Palafin-Hero, L50, M\n|switch|p2a: Toedscruel|Toedscruel, L50, M|100\/100\n|move|p1a: Palafin|Protect|p1a: Palafin\n|-singleturn|p1a: Palafin|Protect\n|move|p2b: Flutter Mane|Moonblast|p1b: Iron Hands\n|-supereffective|p1b: Iron Hands\n|-damage|p1b: Iron Hands|33\/100\n|move|p1b: Iron Hands|Wild Charge|p2b: Flutter Mane\n|-damage|p2b: Flutter Mane|3\/100\n|-damage|p1b: Iron Hands|19\/100|[from] Recoil\n|\n|upkeep\n|turn|2\n|\n|t:|1681825714\n|-end|p2b: Flutter Mane|Protosynthesis|[silent]\n|switch|p2b: Baxcalibur|Baxcalibur, L50, F|100\/100\n|detailschange|p1a: Palafin|Palafin-Hero, L50, M\n|switch|p1a: Ting-Lu|Ting-Lu, L50|100\/100\n|-ability|p1a: Ting-Lu|Vessel of Ruin\n|move|p1b: Iron Hands|Drain Punch|p2a: Toedscruel\n|-damage|p2a: Toedscruel|46\/100\n|-heal|p1b: Iron Hands|39\/100|[from] drain|[of] p2a: Toedscruel\n|-enditem|p2a: Toedscruel|Sitrus Berry|[eat]\n|-heal|p2a: Toedscruel|71\/100|[from] item: Sitrus Berry\n|move|p2a: Toedscruel|Spore|p1a: Ting-Lu\n|-status|p1a: Ting-Lu|slp|[from] move: Spore\n|-enditem|p1a: Ting-Lu|Lum Berry|[eat]\n|-curestatus|p1a: Ting-Lu|slp|[msg]\n|\n|upkeep\n|turn|3\n|\n|t:|1681825749\n|-terastallize|p1a: Ting-Lu|Water\n|move|p2b: Baxcalibur|Glaive Rush|p1b: Iron Hands\n|-damage|p1b: Iron Hands|0 fnt\n|-singlemove|p2b: Baxcalibur|Glaive Rush|[silent]\n|faint|p1b: Iron Hands\n|-end|p1b: Iron Hands|Quark Drive|[silent]\n|move|p1a: Ting-Lu|Heavy Slam|p2a: Toedscruel\n|-damage|p2a: Toedscruel|25\/100\n|move|p2a: Toedscruel|Spore|p1a: Ting-Lu\n|-status|p1a: Ting-Lu|slp|[from] move: Spore\n|\n|upkeep\n|\n|t:|1681825758\n|switch|p1b: Flutter Mane|Flutter Mane, L50|100\/100\n|-enditem|p1b: Flutter Mane|Booster Energy\n|-activate|p1b: Flutter Mane|ability: Protosynthesis|[fromitem]\n|-start|p1b: Flutter Mane|protosynthesisspa\n|turn|4\n|j| EdRadical\n|j|%Aldrich\n|j| Bakonlikeswooper\n|\n|t:|1681825792\n|-terastallize|p2b: Baxcalibur|Poison\n|move|p1b: Flutter Mane|Substitute|p1b: Flutter Mane\n|-start|p1b: Flutter Mane|Substitute\n|-damage|p1b: Flutter Mane|76\/100\n|move|p2b: Baxcalibur|Dragon Dance|p2b: Baxcalibur\n|-boost|p2b: Baxcalibur|atk|1\n|-boost|p2b: Baxcalibur|spe|1\n|cant|p1a: Ting-Lu|slp\n|move|p2a: Toedscruel|Spore||[still]\n|-fail|p2a: Toedscruel\n|\n|upkeep\n|turn|5\n|\n|t:|1681825811\n|move|p2b: Baxcalibur|Protect|p2b: Baxcalibur\n|-singleturn|p2b: Baxcalibur|Protect\n|move|p1b: Flutter Mane|Shadow Ball|p2a: Toedscruel\n|-damage|p2a: Toedscruel|0 fnt\n|faint|p2a: Toedscruel\n|-curestatus|p1a: Ting-Lu|slp|[msg]\n|move|p1a: Ting-Lu|Stomping Tantrum|p2b: Baxcalibur\n|-activate|p2b: Baxcalibur|move: Protect\n|\n|upkeep\n|j| Brocketchum\n|l| Brocketchum\n|\n|t:|1681825837\n|switch|p2a: Palafin|Palafin-Hero, L50, M|100\/100\n|-activate|p2a: Palafin|ability: Zero to Hero\n|turn|6\n|\n|t:|1681825847\n|move|p1b: Flutter Mane|Protect|p1b: Flutter Mane\n|-singleturn|p1b: Flutter Mane|Protect\n|move|p2b: Baxcalibur|Icicle Spear|p1b: Flutter Mane\n|-activate|p1b: Flutter Mane|move: Protect\n|move|p2a: Palafin|Bulk Up|p2a: Palafin\n|-boost|p2a: Palafin|atk|1\n|-boost|p2a: Palafin|def|1\n|move|p1a: Ting-Lu|Stomping Tantrum|p2b: Baxcalibur\n|-supereffective|p2b: Baxcalibur\n|-damage|p2b: Baxcalibur|35\/100\n|\n|upkeep\n|turn|7\n|\n|t:|1681825870\n|move|p2b: Baxcalibur|Icicle Spear|p1b: Flutter Mane\n|-end|p1b: Flutter Mane|Substitute\n|-damage|p1b: Flutter Mane|43\/100\n|-damage|p1b: Flutter Mane|4\/100\n|-damage|p1b: Flutter Mane|0 fnt\n|faint|p1b: Flutter Mane\n|-end|p1b: Flutter Mane|Protosynthesis|[silent]\n|-hitcount|p1: Flutter Mane|4\n|move|p2a: Palafin|Bulk Up|p2a: Palafin\n|-boost|p2a: Palafin|atk|1\n|-boost|p2a: Palafin|def|1\n|move|p1a: Ting-Lu|Stomping Tantrum|p2b: Baxcalibur\n|-supereffective|p2b: Baxcalibur\n|-damage|p2b: Baxcalibur|0 fnt\n|faint|p2b: Baxcalibur\n|\n|upkeep\n|\n|t:|1681825883\n|switch|p1b: Palafin|Palafin-Hero, L50, M|100\/100\n|switch|p2b: Flutter Mane|Flutter Mane, L50|3\/100\n|-activate|p1b: Palafin|ability: Zero to Hero\n|turn|8\n|\n|t:|1681825910\n|move|p2b: Flutter Mane|Moonblast|p1a: Ting-Lu\n|-damage|p1a: Ting-Lu|63\/100\n|move|p2a: Palafin|Wave Crash|p1a: Ting-Lu\n|-resisted|p1a: Ting-Lu\n|-damage|p1a: Ting-Lu|12\/100\n|-damage|p2a: Palafin|80\/100|[from] Recoil\n|move|p1b: Palafin|Haze|p1b: Palafin\n|-clearallboost\n|move|p1a: Ting-Lu|Fissure|p2a: Palafin\n|-damage|p2a: Palafin|0 fnt\n|faint|p2a: Palafin\n|-ohko\n|\n|upkeep\n|turn|9\n|\n|t:|1681825931\n|move|p1b: Palafin|Jet Punch|p2b: Flutter Mane\n|-damage|p2b: Flutter Mane|0 fnt\n|faint|p2b: Flutter Mane\n|-end|p2b: Flutter Mane|Protosynthesis|[silent]\n|\n|win|Camitest\n|n|\u2606Camitest|camitest\n|n|\u2606Eldegoss32|eldegoss32\n|n| sadgirl23|sadgirl23\n|n| Adsheesh|adsheesh\n|n| babiwi bewey\u2714\ufe0f|babiwibewey\n|n| EdRadical|edradical\n|n| Aldrich|aldrich\n|n| Bakonlikeswooper|bakonlikeswooper\n|c|\u2606Camitest|gg\n|c|\u2606Eldegoss32|gg\n|l| Adsheesh\n|j| FunneeMonkee\n|j| The2009Zapdos\n|j| Lil Tic\n","uploadtime":1681825931,"views":8,"p1id":"camitest","p2id":"eldegoss32","formatid":"gen9vgc2023regulationc","rating":0,"private":0,"password":""}