{"id":"gen9vgc2023regulationc-1851949613","p1":"GryffindorAle","p2":"trynderror","format":"[Gen 9] VGC 2023 Regulation C","log":"|j|\u2606GryffindorAle\n|j|\u2606trynderror\n|t:|1682509999\n|gametype|doubles\n|player|p1|GryffindorAle|steven|1474\n|player|p2|trynderror|170|1470\n|teamsize|p1|6\n|teamsize|p2|6\n|gen|9\n|tier|[Gen 9] VGC 2023 Regulation C\n|rated|\n|rule|Species Clause: Limit one of each Pok\u00e9mon\n|rule|Item Clause: Limit one of each item\n|clearpoke\n|poke|p1|Amoonguss, L50, M|\n|poke|p1|Flutter Mane, L50|\n|poke|p1|Chi-Yu, L50|\n|poke|p1|Iron Bundle, L50|\n|poke|p1|Palafin, L50, M|\n|poke|p1|Corviknight, L50, F|\n|poke|p2|Maushold, L50|\n|poke|p2|Annihilape, L50, M|\n|poke|p2|Iron Bundle, L50|\n|poke|p2|Arcanine, L50, M|\n|poke|p2|Gholdengo, L50|\n|poke|p2|Scream Tail, L50|\n|teampreview|4\nGryffindorAle has agreed to open team sheets.\n|inactive|Battle timer is ON: inactive players will automatically lose when time's up. (requested by trynderror)\n|j| ringowhale\n|inactive|GryffindorAle has 60 seconds left.\n|\n|t:|1682510059\n|start\n|switch|p1a: Chi-Yu|Chi-Yu, L50|100\/100\n|switch|p1b: Flutter Mane|Flutter Mane, L50|100\/100\n|switch|p2a: Annihilape|Annihilape, L50, M|100\/100\n|switch|p2b: Scream Tail|Scream Tail, L50|100\/100\n|-ability|p1a: Chi-Yu|Beads of Ruin\n|-enditem|p2b: Scream Tail|Booster Energy\n|-activate|p2b: Scream Tail|ability: Protosynthesis|[fromitem]\n|-start|p2b: Scream Tail|protosynthesisspe\n|turn|1\n|inactive|GryffindorAle has 30 seconds left.\n|\n|t:|1682510092\n|-end|p1b: Flutter Mane|Protosynthesis|[silent]\n|switch|p1b: Corviknight|Corviknight, L50, F|100\/100\n|-terastallize|p2a: Annihilape|Poison\n|move|p2b: Scream Tail|Thunder Wave|p1b: Corviknight\n|-status|p1b: Corviknight|par\n|move|p1a: Chi-Yu|Dark Pulse|p2b: Scream Tail\n|-damage|p2b: Scream Tail|59\/100\n|move|p2a: Annihilape|Drain Punch|p1a: Chi-Yu\n|-supereffective|p1a: Chi-Yu\n|-enditem|p1a: Chi-Yu|Focus Sash\n|-damage|p1a: Chi-Yu|1\/100\n|\n|upkeep\n|turn|2\n|inactive|GryffindorAle has 30 seconds left.\n|\n|t:|1682510119\n|move|p1a: Chi-Yu|Protect|p1a: Chi-Yu\n|-singleturn|p1a: Chi-Yu|Protect\n|move|p2b: Scream Tail|Disable|p1a: Chi-Yu\n|-activate|p1a: Chi-Yu|move: Protect\n|move|p2a: Annihilape|Bulk Up|p2a: Annihilape\n|-boost|p2a: Annihilape|atk|1\n|-boost|p2a: Annihilape|def|1\n|move|p1b: Corviknight|Taunt|p2a: Annihilape\n|-start|p2a: Annihilape|move: Taunt\n|\n|upkeep\n|turn|3\n|\n|t:|1682510136\n|move|p2b: Scream Tail|Encore|p1a: Chi-Yu\n|-start|p1a: Chi-Yu|Encore\n|move|p1a: Chi-Yu|Protect|p1a: Chi-Yu\n|-singleturn|p1a: Chi-Yu|Protect\n|move|p2a: Annihilape|Rage Fist|p1b: Corviknight\n|-damage|p1b: Corviknight|67\/100 par\n|move|p1b: Corviknight|Tailwind|p1b: Corviknight\n|-sidestart|p1: GryffindorAle|move: Tailwind\n|\n|-heal|p1b: Corviknight|73\/100 par|[from] item: Leftovers\n|upkeep\n|turn|4\n|\n|t:|1682510160\n|move|p1a: Chi-Yu|Protect||[still]\n|-fail|p1a: Chi-Yu\n|move|p2b: Scream Tail|Encore|p1b: Corviknight\n|-start|p1b: Corviknight|Encore\n|move|p2a: Annihilape|Rage Fist|p1a: Chi-Yu\n|-resisted|p1a: Chi-Yu\n|-damage|p1a: Chi-Yu|0 fnt\n|faint|p1a: Chi-Yu\n|move|p1b: Corviknight|Tailwind||[still]\n|-fail|p1b: Corviknight\n|\n|-heal|p1b: Corviknight|79\/100 par|[from] item: Leftovers\n|upkeep\n|\n|t:|1682510174\n|switch|p1a: Iron Bundle|Iron Bundle, L50|100\/100\n|-enditem|p1a: Iron Bundle|Booster Energy\n|-activate|p1a: Iron Bundle|ability: Quark Drive|[fromitem]\n|-start|p1a: Iron Bundle|quarkdrivespe\n|turn|5\n|\n|t:|1682510197\n|switch|p1b: Flutter Mane|Flutter Mane, L50|100\/100\n|-terastallize|p1a: Iron Bundle|Ghost\n|move|p1a: Iron Bundle|Hydro Pump|p2b: Scream Tail\n|-damage|p2b: Scream Tail|20\/100\n|move|p2b: Scream Tail|Thunder Wave|p1a: Iron Bundle\n|-status|p1a: Iron Bundle|par\n|move|p2a: Annihilape|Drain Punch|p1a: Iron Bundle\n|-immune|p1a: Iron Bundle\n|\n|-end|p2a: Annihilape|move: Taunt\n|upkeep\n|turn|6\n|inactive|GryffindorAle has 30 seconds left.\n|\n|t:|1682510231\n|move|p1a: Iron Bundle|Protect|p1a: Iron Bundle\n|-singleturn|p1a: Iron Bundle|Protect\n|move|p1b: Flutter Mane|Moonblast|p2b: Scream Tail\n|-damage|p2b: Scream Tail|0 fnt\n|faint|p2b: Scream Tail\n|-end|p2b: Scream Tail|Protosynthesis|[silent]\n|-damage|p1b: Flutter Mane|91\/100|[from] item: Life Orb\n|move|p2a: Annihilape|Rage Fist|p1b: Flutter Mane\n|-supereffective|p1b: Flutter Mane\n|-damage|p1b: Flutter Mane|0 fnt\n|faint|p1b: Flutter Mane\n|-end|p1b: Flutter Mane|Protosynthesis|[silent]\n|\n|-sideend|p1: GryffindorAle|move: Tailwind\n|upkeep\n|j| i have ibs\n|\n|t:|1682510246\n|switch|p1b: Corviknight|Corviknight, L50, F|79\/100 par\n|switch|p2b: Iron Bundle|Iron Bundle, L50|100\/100\n|turn|7\n|\n|t:|1682510269\n|move|p2b: Iron Bundle|Protect|p2b: Iron Bundle\n|-singleturn|p2b: Iron Bundle|Protect\n|cant|p1a: Iron Bundle|par\n|move|p2a: Annihilape|Rage Fist|p1a: Iron Bundle\n|-supereffective|p1a: Iron Bundle\n|-damage|p1a: Iron Bundle|14\/100 par\n|move|p1b: Corviknight|Tailwind|p1b: Corviknight\n|-sidestart|p1: GryffindorAle|move: Tailwind\n|\n|-heal|p1b: Corviknight|85\/100 par|[from] item: Leftovers\n|upkeep\n|turn|8\n|\n|t:|1682510285\n|move|p1a: Iron Bundle|Freeze-Dry|p2b: Iron Bundle\n|-damage|p2b: Iron Bundle|28\/100\n|move|p2b: Iron Bundle|Freeze-Dry|p1a: Iron Bundle\n|-crit|p1a: Iron Bundle\n|-damage|p1a: Iron Bundle|0 fnt\n|faint|p1a: Iron Bundle\n|-end|p1a: Iron Bundle|Quark Drive|[silent]\n|move|p2a: Annihilape|Rage Fist|p1b: Corviknight\n|-crit|p1b: Corviknight\n|-damage|p1b: Corviknight|39\/100 par\n|move|p1b: Corviknight|Iron Head|p2b: Iron Bundle\n|-damage|p2b: Iron Bundle|0 fnt\n|faint|p2b: Iron Bundle\n|-end|p2b: Iron Bundle|Quark Drive|[silent]\n|\n|-heal|p1b: Corviknight|45\/100 par|[from] item: Leftovers\n|upkeep\n|l| i have ibs\n|\n|t:|1682510288\n|switch|p2b: Gholdengo|Gholdengo, L50|100\/100\n|turn|9\n|-message|GryffindorAle forfeited.\n|\n|win|trynderror\n|raw|GryffindorAle's rating: 1474 → 1454<\/strong> (-20 for losing)\n|raw|trynderror's rating: 1470 → 1490<\/strong> (+20 for winning)\n|l|\u2606GryffindorAle\n","uploadtime":1682510306,"views":10,"p1id":"gryffindorale","p2id":"trynderror","formatid":"gen9vgc2023regulationc","rating":1454,"private":0,"password":""}