{"id":"gen9vgc2023regulationc-1861083789","p1":"1400GCIII","p2":"xiaoyang2004","format":"[Gen 9] VGC 2023 Regulation C","log":"|j|\u26061400GCIII\n|j|\u2606xiaoyang2004\n|t:|1683724976\n|gametype|doubles\n|player|p1|1400GCIII|1|1433\n|player|p2|xiaoyang2004|lyra|1428\n|teamsize|p1|6\n|teamsize|p2|6\n|gen|9\n|tier|[Gen 9] VGC 2023 Regulation C\n|rated|\n|rule|Species Clause: Limit one of each Pok\u00e9mon\n|rule|Item Clause: Limit one of each item\n|clearpoke\n|poke|p1|Dragonite, L50, M|\n|poke|p1|Chien-Pao, L50|\n|poke|p1|Amoonguss, L50, F|\n|poke|p1|Arcanine, L50, F|\n|poke|p1|Azumarill, L50, M|\n|poke|p1|Flutter Mane, L50|\n|poke|p2|Pelipper, L50, M|\n|poke|p2|Iron Hands, L50|\n|poke|p2|Palafin, L50, M|\n|poke|p2|Gholdengo, L50|\n|poke|p2|Drednaw, L50, M|\n|poke|p2|Chien-Pao, L50|\n|teampreview|4\n|inactive|Battle timer is ON: inactive players will automatically lose when time's up. (requested by 1400GCIII)\n|\n|t:|1683724996\n|start\n|switch|p1a: Dragonite|Dragonite, L50, M|100\/100\n|switch|p1b: Chien-Pao|Chien-Pao, L50|100\/100\n|switch|p2a: Palafin|Palafin, L50, M, shiny|100\/100\n|switch|p2b: Drednaw|Drednaw, L50, M, shiny|100\/100\n|-ability|p1b: Chien-Pao|Sword of Ruin\n|turn|1\n|\n|t:|1683725011\n|detailschange|p2a: Palafin|Palafin-Hero, L50, M, shiny\n|switch|p2a: Pelipper|Pelipper, L50, M, shiny|100\/100\n|-weather|RainDance|[from] ability: Drizzle|[of] p2a: Pelipper\n|-terastallize|p1a: Dragonite|Normal\n|move|p1a: Dragonite|Extreme Speed|p2a: Pelipper\n|-damage|p2a: Pelipper|0 fnt\n|faint|p2a: Pelipper\n|move|p2b: Drednaw|Rock Slide|p1b: Chien-Pao|[spread] p1a,p1b\n|-supereffective|p1b: Chien-Pao\n|-damage|p1a: Dragonite|63\/100\n|-damage|p1b: Chien-Pao|27\/100\n|move|p1b: Chien-Pao|Sacred Sword|p2b: Drednaw\n|-supereffective|p2b: Drednaw\n|-damage|p2b: Drednaw|15\/100\n|\n|-weather|RainDance|[upkeep]\n|upkeep\n|\n|t:|1683725028\n|switch|p2a: Palafin|Palafin-Hero, L50, M, shiny|100\/100\n|-activate|p2a: Palafin|ability: Zero to Hero\n|turn|2\n|\n|t:|1683725037\n|-terastallize|p2a: Palafin|Water\n|move|p1a: Dragonite|Extreme Speed|p2b: Drednaw\n|-resisted|p2b: Drednaw\n|-damage|p2b: Drednaw|0 fnt\n|faint|p2b: Drednaw\n|move|p2a: Palafin|Jet Punch|p1a: Dragonite\n|-damage|p1a: Dragonite|0 fnt\n|faint|p1a: Dragonite\n|move|p1b: Chien-Pao|Throat Chop|p2a: Palafin\n|-damage|p2a: Palafin|50\/100\n|-start|p2a: Palafin|Throat Chop|[silent]\n|\n|-weather|RainDance|[upkeep]\n|upkeep\n|\n|t:|1683725051\n|switch|p2b: Iron Hands|Iron Hands, L50, shiny|100\/100\n|switch|p1a: Azumarill|Azumarill, L50, M|100\/100\n|turn|3\n|\n|t:|1683725071\n|move|p2b: Iron Hands|Fake Out|p1b: Chien-Pao\n|-damage|p1b: Chien-Pao|10\/100\n|cant|p1b: Chien-Pao|flinch\n|move|p2a: Palafin|Wave Crash|p1a: Azumarill\n|-resisted|p1a: Azumarill\n|-damage|p1a: Azumarill|0 fnt\n|faint|p1a: Azumarill\n|-damage|p2a: Palafin|17\/100|[from] Recoil\n|\n|-weather|RainDance|[upkeep]\n|-end|p2a: Palafin|Throat Chop|[silent]\n|upkeep\n|\n|t:|1683725089\n|switch|p1a: Flutter Mane|Flutter Mane, L50|100\/100\n|turn|4\n|\n|t:|1683725102\n|move|p2a: Palafin|Protect|p2a: Palafin\n|-singleturn|p2a: Palafin|Protect\n|move|p1b: Chien-Pao|Throat Chop|p2b: Iron Hands\n|-resisted|p2b: Iron Hands\n|-damage|p2b: Iron Hands|83\/100\n|-start|p2b: Iron Hands|Throat Chop|[silent]\n|move|p1a: Flutter Mane|Dazzling Gleam|p2b: Iron Hands|[spread] p2b\n|-activate|p2a: Palafin|move: Protect\n|-supereffective|p2b: Iron Hands\n|-damage|p2b: Iron Hands|36\/100\n|move|p2b: Iron Hands|Drain Punch|p1b: Chien-Pao\n|-supereffective|p1b: Chien-Pao\n|-damage|p1b: Chien-Pao|0 fnt\n|-heal|p2b: Iron Hands|39\/100|[from] drain|[of] p1b: Chien-Pao\n|faint|p1b: Chien-Pao\n|\n|-weather|RainDance|[upkeep]\n|upkeep\n|turn|5\n|\n|t:|1683725120\n|move|p2a: Palafin|Jet Punch|p1a: Flutter Mane\n|-damage|p1a: Flutter Mane|0 fnt\n|faint|p1a: Flutter Mane\n|-end|p1a: Flutter Mane|Protosynthesis|[silent]\n|\n|win|xiaoyang2004\n|raw|1400GCIII's rating: 1433 → 1413<\/strong> (-20 for losing)\n|raw|xiaoyang2004's rating: 1428 → 1448<\/strong> (+20 for winning)\n|l|\u26061400GCIII\n","uploadtime":1683725130,"views":13,"p1id":"1400gciii","p2id":"xiaoyang2004","formatid":"gen9vgc2023regulationc","rating":1413,"private":0,"password":""}