{"id":"gen9vgc2023regulationc-1854357103","p1":"sillysuxatpkmn","p2":"Kirozvz","format":"[Gen 9] VGC 2023 Regulation C","log":"|j|\u2606sillysuxatpkmn\n|j|\u2606Kirozvz\n|t:|1682800906\n|gametype|doubles\n|player|p1|sillysuxatpkmn|acetrainer-gen4dp|1380\n|player|p2|Kirozvz|lance|1340\n|teamsize|p1|6\n|teamsize|p2|6\n|gen|9\n|tier|[Gen 9] VGC 2023 Regulation C\n|rated|\n|rule|Species Clause: Limit one of each Pok\u00e9mon\n|rule|Item Clause: Limit one of each item\n|clearpoke\n|poke|p1|Iron Bundle, L50|\n|poke|p1|Kingambit, L50, M|\n|poke|p1|Amoonguss, L50, F|\n|poke|p1|Arcanine, L50, M|\n|poke|p1|Flutter Mane, L50|\n|poke|p1|Dragonite, L50, F|\n|poke|p2|Dondozo, L50, F|\n|poke|p2|Tatsugiri-Stretchy, L50, F|\n|poke|p2|Chi-Yu, L50|\n|poke|p2|Flutter Mane, L50|\n|poke|p2|Dragonite, L50, F|\n|poke|p2|Glimmora, L50, M|\n|teampreview|4\nsillysuxatpkmn has agreed to open team sheets.\n|\n|t:|1682800963\n|start\n|switch|p1a: Flutter Mane|Flutter Mane, L50|100\/100\n|switch|p1b: Amoonguss|Amoonguss, L50, F|100\/100\n|switch|p2a: Glimmora|Glimmora, L50, M|100\/100\n|switch|p2b: Dondozo|Dondozo, L50, F|100\/100\n|turn|1\n|\n|t:|1682800994\n|-terastallize|p2a: Glimmora|Grass\n|move|p1b: Amoonguss|Rage Powder|p1b: Amoonguss\n|-singleturn|p1b: Amoonguss|move: Rage Powder\n|move|p1a: Flutter Mane|Dazzling Gleam|p2b: Dondozo|[spread] p2a,p2b\n|-damage|p2a: Glimmora|40\/100\n|-damage|p2b: Dondozo|70\/100\n|move|p2a: Glimmora|Toxic|p1a: Flutter Mane\n|-status|p1a: Flutter Mane|tox\n|move|p2b: Dondozo|Yawn|p1b: Amoonguss\n|-start|p1b: Amoonguss|move: Yawn|[of] p2b: Dondozo\n|\n|-damage|p1a: Flutter Mane|95\/100 tox|[from] psn\n|upkeep\n|turn|2\n|\n|t:|1682801018\n|switch|p1b: Arcanine|Arcanine, L50, M|100\/100\n|-ability|p1b: Arcanine|Intimidate|boost\n|-unboost|p2a: Glimmora|atk|1\n|-unboost|p2b: Dondozo|atk|1\n|move|p1a: Flutter Mane|Dazzling Gleam|p2a: Glimmora|[spread] p2a,p2b\n|-damage|p2a: Glimmora|0 fnt\n|-damage|p2b: Dondozo|39\/100\n|-enditem|p2b: Dondozo|Sitrus Berry|[eat]\n|-heal|p2b: Dondozo|64\/100|[from] item: Sitrus Berry\n|faint|p2a: Glimmora\n|move|p2b: Dondozo|Yawn|p1b: Arcanine\n|-start|p1b: Arcanine|move: Yawn|[of] p2b: Dondozo\n|\n|-damage|p1a: Flutter Mane|83\/100 tox|[from] psn\n|upkeep\n|\n|t:|1682801030\n|switch|p2a: Flutter Mane|Flutter Mane, L50|100\/100\n|-enditem|p2a: Flutter Mane|Booster Energy\n|-activate|p2a: Flutter Mane|ability: Protosynthesis|[fromitem]\n|-start|p2a: Flutter Mane|protosynthesisspe\n|turn|3\n|\n|t:|1682801047\n|switch|p1b: Amoonguss|Amoonguss, L50, F|100\/100\n|-terastallize|p1a: Flutter Mane|Fairy\n|move|p2a: Flutter Mane|Hex|p1a: Flutter Mane\n|-damage|p1a: Flutter Mane|17\/100 tox\n|move|p1a: Flutter Mane|Dazzling Gleam|p2a: Flutter Mane|[spread] p2a,p2b\n|-damage|p2a: Flutter Mane|47\/100\n|-damage|p2b: Dondozo|25\/100\n|move|p2b: Dondozo|Yawn|p1b: Amoonguss\n|-start|p1b: Amoonguss|move: Yawn|[of] p2b: Dondozo\n|\n|-damage|p1a: Flutter Mane|0 fnt|[from] psn\n|faint|p1a: Flutter Mane\n|-end|p1a: Flutter Mane|Protosynthesis|[silent]\n|upkeep\n|\n|t:|1682801070\n|switch|p1a: Kingambit|Kingambit, L50, M|100\/100\n|turn|4\n|\n|t:|1682801087\n|move|p2a: Flutter Mane|Protect|p2a: Flutter Mane\n|-singleturn|p2a: Flutter Mane|Protect\n|move|p1a: Kingambit|Sucker Punch||[still]\n|-fail|p1a: Kingambit\n|move|p2b: Dondozo|Yawn|p1a: Kingambit\n|-start|p1a: Kingambit|move: Yawn|[of] p2b: Dondozo\n|move|p1b: Amoonguss|Spore|p2b: Dondozo\n|-status|p2b: Dondozo|slp|[from] move: Spore\n|\n|-end|p1b: Amoonguss|move: Yawn|[silent]\n|-status|p1b: Amoonguss|slp\n|upkeep\n|turn|5\n|\n|t:|1682801099\n|switch|p1a: Arcanine|Arcanine, L50, M|100\/100\n|-ability|p1a: Arcanine|Intimidate|boost\n|-unboost|p2a: Flutter Mane|atk|1\n|-unboost|p2b: Dondozo|atk|1\n|switch|p2b: Dragonite|Dragonite, L50, F|100\/100\n|move|p2a: Flutter Mane|Substitute|p2a: Flutter Mane\n|-start|p2a: Flutter Mane|Substitute\n|-damage|p2a: Flutter Mane|22\/100\n|cant|p1b: Amoonguss|slp\n|\n|upkeep\n|turn|6\n|\n|t:|1682801124\n|-curestatus|p1b: Amoonguss|slp|[msg]\n|move|p1b: Amoonguss|Protect|p1b: Amoonguss\n|-singleturn|p1b: Amoonguss|Protect\n|move|p2a: Flutter Mane|Hex|p1a: Arcanine\n|-damage|p1a: Arcanine|64\/100\n|move|p1a: Arcanine|Flare Blitz|p2a: Flutter Mane\n|-end|p2a: Flutter Mane|Substitute\n|-damage|p1a: Arcanine|58\/100|[from] Recoil|[of] p2a: Flutter Mane\n|move|p2b: Dragonite|Stomping Tantrum|p1a: Arcanine\n|-supereffective|p1a: Arcanine\n|-damage|p1a: Arcanine|0 fnt\n|faint|p1a: Arcanine\n|\n|upkeep\n|\n|t:|1682801129\n|switch|p1a: Kingambit|Kingambit, L50, M|100\/100\n|turn|7\n|\n|t:|1682801159\n|-end|p2a: Flutter Mane|Protosynthesis|[silent]\n|switch|p2a: Dondozo|Dondozo, L50, F|25\/100 slp\n|move|p1a: Kingambit|Sucker Punch||[still]\n|-fail|p1a: Kingambit\n|move|p2b: Dragonite|Stomping Tantrum|p1a: Kingambit\n|-supereffective|p1a: Kingambit\n|-damage|p1a: Kingambit|58\/100\n|move|p1b: Amoonguss|Spore|p2b: Dragonite\n|-activate|p2b: Dragonite|item: Safety Goggles|Spore\n|\n|upkeep\n|turn|8\n|-message|sillysuxatpkmn forfeited.\n|\n|win|Kirozvz\n|raw|sillysuxatpkmn's rating: 1380 → 1358<\/strong> (-22 for losing)\n|raw|Kirozvz's rating: 1340 → 1362<\/strong> (+22 for winning)\n|l|\u2606sillysuxatpkmn\n","uploadtime":1682801180,"views":15,"p1id":"sillysuxatpkmn","p2id":"kirozvz","formatid":"gen9vgc2023regulationc","rating":1358,"private":0,"password":""}