{"id":"gen9vgc2023regulationc-1846879768","p1":"blackdoom1","p2":"CaliberChamp","format":"[Gen 9] VGC 2023 Regulation C","log":"|j|\u2606blackdoom1\n|j|\u2606CaliberChamp\n|t:|1681894983\n|gametype|doubles\n|player|p1|blackdoom1|102|1216\n|player|p2|CaliberChamp|red-masters|1306\n|teamsize|p1|6\n|teamsize|p2|6\n|gen|9\n|tier|[Gen 9] VGC 2023 Regulation C\n|rated|\n|rule|Species Clause: Limit one of each Pok\u00e9mon\n|rule|Item Clause: Limit one of each item\n|clearpoke\n|poke|p1|Ting-Lu, L50|\n|poke|p1|Maushold-Four, L50|\n|poke|p1|Annihilape, L50, M|\n|poke|p1|Dragonite, L50, F|\n|poke|p1|Chien-Pao, L50|\n|poke|p1|Flutter Mane, L50|\n|poke|p2|Quaquaval, L50, F|\n|poke|p2|Orthworm, L50, M|\n|poke|p2|Armarouge, L50, M|\n|poke|p2|Ceruledge, L50, F|\n|poke|p2|Iron Bundle, L50|\n|poke|p2|Iron Valiant, L50|\n|teampreview|4\n|inactive|Battle timer is ON: inactive players will automatically lose when time's up. (requested by CaliberChamp)\n|\n|t:|1681895014\n|start\n|switch|p1a: Maushold|Maushold-Four, L50|100\/100\n|switch|p1b: Annihilape|Annihilape, L50, M|100\/100\n|switch|p2a: Armarouge|Armarouge, L50, M|100\/100\n|switch|p2b: Galiant|Iron Valiant, L50|100\/100\n|-enditem|p2b: Galiant|Booster Energy\n|-activate|p2b: Galiant|ability: Quark Drive|[fromitem]\n|-start|p2b: Galiant|quarkdrivespe\n|turn|1\n|inactive|blackdoom1 has 30 seconds left.\n|inactive|blackdoom1 has 20 seconds left.\n|\n|t:|1681895052\n|-terastallize|p1b: Annihilape|Fire\n|move|p2a: Armarouge|Helping Hand|p2b: Galiant\n|-singleturn|p2b: Galiant|Helping Hand|[of] p2a: Armarouge\n|move|p2b: Galiant|Aura Sphere|p1a: Maushold\n|-supereffective|p1a: Maushold\n|-damage|p1a: Maushold|0 fnt\n|faint|p1a: Maushold\n|move|p1b: Annihilape|Rage Fist|p2a: Armarouge\n|-supereffective|p2a: Armarouge\n|-damage|p2a: Armarouge|65\/100\n|\n|upkeep\n|\n|t:|1681895069\n|switch|p1a: Dragonite|Dragonite, L50, F|100\/100\n|turn|2\n|inactive|blackdoom1 has 30 seconds left.\n|inactive|CaliberChamp has 30 seconds left.\n|inactive|CaliberChamp has 20 seconds left.\n|\n|t:|1681895104\n|-terastallize|p2b: Galiant|Fairy\n|move|p2a: Armarouge|Helping Hand|p2b: Galiant\n|-singleturn|p2b: Galiant|Helping Hand|[of] p2a: Armarouge\n|move|p2b: Galiant|Dazzling Gleam|p1a: Dragonite|[spread] p1a,p1b\n|-supereffective|p1a: Dragonite\n|-resisted|p1b: Annihilape\n|-damage|p1a: Dragonite|0 fnt\n|-damage|p1b: Annihilape|78\/100\n|faint|p1a: Dragonite\n|move|p1b: Annihilape|Bulk Up|p1b: Annihilape\n|-boost|p1b: Annihilape|atk|1\n|-boost|p1b: Annihilape|def|1\n|\n|-heal|p1b: Annihilape|84\/100|[from] item: Leftovers\n|upkeep\n|\n|t:|1681895116\n|switch|p1a: Ting-Lu|Ting-Lu, L50|100\/100\n|-ability|p1a: Ting-Lu|Vessel of Ruin\n|turn|3\n|inactive|CaliberChamp has 30 seconds left.\n|\n|t:|1681895149\n|switch|p2a: Delibundle|Iron Bundle, L50|100\/100\n|move|p2b: Galiant|Protect|p2b: Galiant\n|-singleturn|p2b: Galiant|Protect\n|move|p1b: Annihilape|Rage Fist|p2b: Galiant\n|-activate|p2b: Galiant|move: Protect\n|move|p1a: Ting-Lu|Fissure|p2b: Galiant\n|-activate|p2b: Galiant|move: Protect\n|\n|-heal|p1b: Annihilape|90\/100|[from] item: Leftovers\n|upkeep\n|turn|4\n|\n|t:|1681895172\n|move|p2b: Galiant|Disable|p1b: Annihilape\n|-start|p1b: Annihilape|Disable|Rage Fist\n|move|p2a: Delibundle|Encore|p1b: Annihilape\n|-start|p1b: Annihilape|Encore\n|cant|p1b: Annihilape|Disable|Rage Fist\n|move|p1a: Ting-Lu|Heavy Slam|p2b: Galiant\n|-supereffective|p2b: Galiant\n|-damage|p2b: Galiant|0 fnt\n|faint|p2b: Galiant\n|-end|p2b: Galiant|Quark Drive|[silent]\n|\n|-heal|p1b: Annihilape|97\/100|[from] item: Leftovers\n|upkeep\n|inactive|CaliberChamp has 30 seconds left.\n|inactive|CaliberChamp has 20 seconds left.\n|inactive|CaliberChamp has 15 seconds left.\n|inactive|CaliberChamp has 10 seconds left.\n|\n|t:|1681895217\n|switch|p2b: Armarouge|Armarouge, L50, M|65\/100\n|turn|5\n|\n|t:|1681895237\n|move|p2b: Armarouge|Helping Hand|p2a: Delibundle\n|-singleturn|p2a: Delibundle|Helping Hand|[of] p2b: Armarouge\n|move|p2a: Delibundle|Tera Blast|p1b: Annihilape\n|-damage|p1b: Annihilape|73\/100\n|-activate|p1b: Annihilape|move: Struggle\n|move|p1b: Annihilape|Struggle|p2a: Delibundle\n|-damage|p2a: Delibundle|71\/100\n|-damage|p1b: Annihilape|48\/100|[from] recoil\n|move|p1a: Ting-Lu|Stomping Tantrum|p2b: Armarouge\n|-supereffective|p2b: Armarouge\n|-damage|p2b: Armarouge|6\/100\n|\n|-heal|p1b: Annihilape|54\/100|[from] item: Leftovers\n|upkeep\n|turn|6\n|\n|t:|1681895262\n|move|p2b: Armarouge|Helping Hand|p2a: Delibundle\n|-singleturn|p2a: Delibundle|Helping Hand|[of] p2b: Armarouge\n|move|p2a: Delibundle|Tera Blast|p1b: Annihilape\n|-damage|p1b: Annihilape|31\/100\n|-activate|p1b: Annihilape|move: Struggle\n|move|p1b: Annihilape|Struggle|p2b: Armarouge\n|-crit|p2b: Armarouge\n|-damage|p2b: Armarouge|0 fnt\n|faint|p2b: Armarouge\n|-damage|p1b: Annihilape|6\/100|[from] recoil\n|move|p1a: Ting-Lu|Heavy Slam|p2a: Delibundle\n|-damage|p2a: Delibundle|26\/100\n|\n|-heal|p1b: Annihilape|13\/100|[from] item: Leftovers\n|-end|p1b: Annihilape|Encore\n|upkeep\n|\n|t:|1681895285\n|switch|p2b: Orthworm|Orthworm, L50, M|100\/100\n|turn|7\n|inactive|CaliberChamp has 30 seconds left.\n|inactive|CaliberChamp has 20 seconds left.\n|inactive|CaliberChamp has 15 seconds left.\n|\n|t:|1681895327\n|move|p2a: Delibundle|Protect|p2a: Delibundle\n|-singleturn|p2a: Delibundle|Protect\n|move|p1b: Annihilape|Protect|p1b: Annihilape\n|-singleturn|p1b: Annihilape|Protect\n|move|p2b: Orthworm|Bulldoze|p1a: Ting-Lu|[spread] p1a\n|-activate|p2a: Delibundle|move: Protect\n|-activate|p1b: Annihilape|move: Protect\n|-damage|p1a: Ting-Lu|95\/100\n|-unboost|p1a: Ting-Lu|spe|1\n|move|p1a: Ting-Lu|Throat Chop|p2a: Delibundle\n|-activate|p2a: Delibundle|move: Protect\n|\n|-heal|p1b: Annihilape|19\/100|[from] item: Leftovers\n|-end|p1b: Annihilape|Disable\n|upkeep\n|turn|8\n|inactive|blackdoom1 has 30 seconds left.\n|inactive|CaliberChamp has 30 seconds left.\n|\n|t:|1681895364\n|move|p1b: Annihilape|Protect||[still]\n|-fail|p1b: Annihilape\n|move|p2a: Delibundle|Tera Blast|p1b: Annihilape\n|-damage|p1b: Annihilape|2\/100\n|move|p2b: Orthworm|Body Press|p1b: Annihilape\n|-damage|p1b: Annihilape|0 fnt\n|faint|p1b: Annihilape\n|move|p1a: Ting-Lu|Heavy Slam|p2a: Delibundle\n|-damage|p2a: Delibundle|0 fnt\n|faint|p2a: Delibundle\n|-end|p2a: Delibundle|Quark Drive|[silent]\n|\n|upkeep\n|turn|9\n|inactive|blackdoom1 has 30 seconds left.\n|inactive|blackdoom1 has 20 seconds left.\n|\n|t:|1681895403\n|move|p2b: Orthworm|Body Press|p1a: Ting-Lu\n|-supereffective|p1a: Ting-Lu\n|-damage|p1a: Ting-Lu|62\/100\n|move|p1a: Ting-Lu|Heavy Slam|p2b: Orthworm\n|-resisted|p2b: Orthworm\n|-damage|p2b: Orthworm|95\/100\n|\n|upkeep\n|turn|10\n|\n|t:|1681895411\n|move|p2b: Orthworm|Body Press|p1a: Ting-Lu\n|-supereffective|p1a: Ting-Lu\n|-damage|p1a: Ting-Lu|24\/100\n|move|p1a: Ting-Lu|Throat Chop|p2b: Orthworm\n|-damage|p2b: Orthworm|71\/100\n|-start|p2b: Orthworm|Throat Chop|[silent]\n|\n|upkeep\n|turn|11\n|\n|t:|1681895419\n|move|p2b: Orthworm|Body Press|p1a: Ting-Lu\n|-supereffective|p1a: Ting-Lu\n|-damage|p1a: Ting-Lu|0 fnt\n|faint|p1a: Ting-Lu\n|\n|win|CaliberChamp\n|raw|blackdoom1's rating: 1216 → 1197<\/strong> (-19 for losing)\n|raw|CaliberChamp's rating: 1306 → 1321<\/strong> (+15 for winning)\n|l|\u2606blackdoom1\n","uploadtime":1681895491,"views":15,"p1id":"blackdoom1","p2id":"caliberchamp","formatid":"gen9vgc2023regulationc","rating":1197,"private":0,"password":""}