{"id":"gen9vgc2023regulationc-1845302599","p1":"ImActuallyAzz","p2":"Raptorsfan88","format":"[Gen 9] VGC 2023 Regulation C","log":"|j|\u203dImActuallyAzz\n|j|\u2606Raptorsfan88\n|t:|1681710925\n|gametype|doubles\n|player|p1|ImActuallyAzz|2|1228\n|player|p2|Raptorsfan88|101|1303\n|teamsize|p1|6\n|teamsize|p2|6\n|gen|9\n|tier|[Gen 9] VGC 2023 Regulation C\n|rated|\n|rule|Species Clause: Limit one of each Pok\u00e9mon\n|rule|Item Clause: Limit one of each item\n|clearpoke\n|poke|p1|Chi-Yu, L50|\n|poke|p1|Gholdengo, L50|\n|poke|p1|Amoonguss, L50, F|\n|poke|p1|Scizor, L50, M|\n|poke|p1|Garchomp, L50, F|\n|poke|p1|Gyarados, L50, F|\n|poke|p2|Palafin, L50, M|\n|poke|p2|Flutter Mane, L50|\n|poke|p2|Arcanine, L50, F|\n|poke|p2|Ting-Lu, L50|\n|poke|p2|Amoonguss, L50, M|\n|poke|p2|Kingambit, L50, F|\n|teampreview|4\nRaptorsfan88 has agreed to open team sheets.\nImActuallyAzz has agreed to open team sheets.\n|\n|t:|1681710978\n|start\n|switch|p1a: Amoonguss|Amoonguss, L50, F|100\/100\n|switch|p1b: Scizor|Scizor, L50, M|100\/100\n|switch|p2a: Palafin|Palafin, L50, M|100\/100\n|switch|p2b: Arcanine|Arcanine, L50, F|100\/100\n|-ability|p2b: Arcanine|Intimidate|boost\n|-unboost|p1a: Amoonguss|atk|1\n|-unboost|p1b: Scizor|atk|1\n|turn|1\n|inactive|Battle timer is ON: inactive players will automatically lose when time's up. (requested by Raptorsfan88)\n|inactive|ImActuallyAzz has 60 seconds left.\n|\n|t:|1681711042\n|detailschange|p2a: Palafin|Palafin-Hero, L50, M\n|switch|p2a: Amoonguss|Amoonguss, L50, M|100\/100\n|switch|p1b: Gyarados|Gyarados, L50, F, shiny|100\/100\n|-ability|p1b: Gyarados|Intimidate|boost\n|-unboost|p2a: Amoonguss|atk|1\n|-unboost|p2b: Arcanine|atk|1\n|move|p2b: Arcanine|Flare Blitz|p1b: Gyarados\n|-resisted|p1b: Gyarados\n|-damage|p1b: Gyarados|83\/100\n|-damage|p2b: Arcanine|94\/100|[from] Recoil\n|move|p1a: Amoonguss|Spore|p2b: Arcanine\n|-activate|p2b: Arcanine|item: Safety Goggles|Spore\n|\n|upkeep\n|turn|2\n|\n|t:|1681711065\n|switch|p2b: Ting-Lu|Ting-Lu, L50|100\/100\n|-ability|p2b: Ting-Lu|Vessel of Ruin\n|switch|p1a: Garchomp|Garchomp, L50, F|100\/100\n|move|p1b: Gyarados|Taunt|p2a: Amoonguss\n|-start|p2a: Amoonguss|move: Taunt\n|cant|p2a: Amoonguss|move: Taunt|Spore\n|\n|upkeep\n|turn|3\n|inactive|Raptorsfan88 has 30 seconds left.\n|inactive|Raptorsfan88 has 20 seconds left.\n|inactive|Raptorsfan88 has 15 seconds left.\n|\n|t:|1681711106\n|switch|p2a: Arcanine|Arcanine, L50, F|94\/100\n|-ability|p2a: Arcanine|Intimidate|boost\n|-fail|p1a: Garchomp|unboost|[from] item: Clear Amulet|[of] p1a: Garchomp\n|-unboost|p1b: Gyarados|atk|1\n|-terastallize|p2b: Ting-Lu|Grass\n|move|p1a: Garchomp|Earthquake|p2a: Arcanine|[spread] p2a,p2b\n|-immune|p1b: Gyarados\n|-supereffective|p2a: Arcanine\n|-crit|p2a: Arcanine\n|-resisted|p2b: Ting-Lu\n|-damage|p2a: Arcanine|0 fnt\n|-damage|p2b: Ting-Lu|90\/100\n|faint|p2a: Arcanine\n|move|p1b: Gyarados|Waterfall|p2b: Ting-Lu\n|-resisted|p2b: Ting-Lu\n|-damage|p2b: Ting-Lu|81\/100\n|move|p2b: Ting-Lu|Ruination|p1b: Gyarados\n|-damage|p1b: Gyarados|42\/100\n|-enditem|p1b: Gyarados|Sitrus Berry|[eat]\n|-heal|p1b: Gyarados|66\/100|[from] item: Sitrus Berry\n|\n|upkeep\n|\n|t:|1681711123\n|switch|p2a: Amoonguss|Amoonguss, L50, M|100\/100\n|turn|4\n|\n|t:|1681711143\n|switch|p1a: Scizor|Scizor, L50, M|100\/100\n|move|p1b: Gyarados|Taunt|p2a: Amoonguss\n|-start|p2a: Amoonguss|move: Taunt\n|move|p2b: Ting-Lu|Ruination|p1b: Gyarados\n|-damage|p1b: Gyarados|34\/100\n|cant|p2a: Amoonguss|move: Taunt|Spore\n|\n|upkeep\n|turn|5\n|inactive|Raptorsfan88 has 30 seconds left.\n|\n|t:|1681711169\n|switch|p2b: Palafin|Palafin-Hero, L50, M|100\/100\n|-activate|p2b: Palafin|ability: Zero to Hero\n|move|p1b: Gyarados|Thunder Wave|p2a: Amoonguss\n|-status|p2a: Amoonguss|par\n|move|p1a: Scizor|U-turn|p2b: Palafin\n|-damage|p2b: Palafin|45\/100\n|\n|t:|1681711180\n|switch|p1a: Amoonguss|Amoonguss, L50, F|100\/100|[from] U-turn\n|cant|p2a: Amoonguss|par\n|\n|upkeep\n|turn|6\n|\n|t:|1681711201\n|switch|p1b: Scizor|Scizor, L50, M|100\/100\n|move|p2b: Palafin|Protect|p2b: Palafin\n|-singleturn|p2b: Palafin|Protect\n|move|p1a: Amoonguss|Spore|p2b: Palafin\n|-activate|p2b: Palafin|move: Protect\n|move|p2a: Amoonguss|Pollen Puff|p1b: Scizor\n|-resisted|p1b: Scizor\n|-damage|p1b: Scizor|89\/100\n|\n|-end|p2a: Amoonguss|move: Taunt\n|upkeep\n|turn|7\n|inactive|ImActuallyAzz has 30 seconds left.\n|\n|t:|1681711228\n|move|p2b: Palafin|Jet Punch|p1a: Amoonguss\n|-resisted|p1a: Amoonguss\n|-damage|p1a: Amoonguss|81\/100\n|-enditem|p1a: Amoonguss|Eject Button\n|\n|t:|1681711243\n|switch|p1a: Gyarados|Gyarados, L50, F, shiny|34\/100\n|-ability|p1a: Gyarados|Intimidate|boost\n|-unboost|p2a: Amoonguss|atk|1\n|-unboost|p2b: Palafin|atk|1\n|move|p1b: Scizor|U-turn|p2a: Amoonguss\n|-damage|p2a: Amoonguss|54\/100 par\n|-damage|p1b: Scizor|72\/100|[from] item: Rocky Helmet|[of] p2a: Amoonguss\n|\n|t:|1681711252\n|switch|p1b: Amoonguss|Amoonguss, L50, F|100\/100|[from] U-turn\n|move|p2a: Amoonguss|Pollen Puff|p2b: Palafin\n|-heal|p2b: Palafin|95\/100\n|\n|upkeep\n|turn|8\n|\n|t:|1681711271\n|switch|p2b: Ting-Lu|Ting-Lu, L50, tera:Grass|81\/100\n|-ability|p2b: Ting-Lu|Vessel of Ruin\n|move|p1a: Gyarados|Taunt|p2a: Amoonguss\n|-start|p2a: Amoonguss|move: Taunt\n|move|p1b: Amoonguss|Pollen Puff|p1a: Gyarados\n|-heal|p1a: Gyarados|84\/100\n|cant|p2a: Amoonguss|move: Taunt|Spore\n|\n|upkeep\n|turn|9\n|\n|t:|1681711292\n|switch|p1a: Scizor|Scizor, L50, M|72\/100\n|switch|p2a: Palafin|Palafin-Hero, L50, M|95\/100\n|move|p2b: Ting-Lu|Ruination|p1a: Scizor\n|-damage|p1a: Scizor|37\/100\n|move|p1b: Amoonguss|Pollen Puff|p1a: Scizor\n|-heal|p1a: Scizor|86\/100\n|\n|upkeep\n|turn|10\n|\n|t:|1681711312\n|switch|p2b: Amoonguss|Amoonguss, L50, M|87\/100 par\n|switch|p1b: Gyarados|Gyarados, L50, F, shiny|84\/100\n|-ability|p1b: Gyarados|Intimidate|boost\n|-unboost|p2a: Palafin|atk|1\n|-unboost|p2b: Amoonguss|atk|1\n|move|p2a: Palafin|Wave Crash|p1a: Scizor\n|-damage|p1a: Scizor|20\/100\n|-damage|p2a: Palafin|76\/100|[from] Recoil\n|move|p1a: Scizor|U-turn|p2b: Amoonguss\n|-damage|p2b: Amoonguss|39\/100 par\n|-damage|p1a: Scizor|3\/100|[from] item: Rocky Helmet|[of] p2b: Amoonguss\n|\n|t:|1681711331\n|switch|p1a: Garchomp|Garchomp, L50, F|100\/100|[from] U-turn\n|\n|upkeep\n|turn|11\n|\n|t:|1681711340\n|switch|p2b: Ting-Lu|Ting-Lu, L50, tera:Grass|81\/100\n|-ability|p2b: Ting-Lu|Vessel of Ruin\n|move|p2a: Palafin|Protect|p2a: Palafin\n|-singleturn|p2a: Palafin|Protect\n|move|p1a: Garchomp|Earthquake|p2b: Ting-Lu|[spread] p2b\n|-activate|p2a: Palafin|move: Protect\n|-immune|p1b: Gyarados\n|-resisted|p2b: Ting-Lu\n|-damage|p2b: Ting-Lu|69\/100\n|move|p1b: Gyarados|Thunder Wave|p2a: Palafin\n|-activate|p2a: Palafin|move: Protect\n|\n|upkeep\n|turn|12\n|inactive|ImActuallyAzz has 30 seconds left.\n|inactive|Raptorsfan88 has 30 seconds left.\n|inactive|Raptorsfan88 has 20 seconds left.\n|\n|t:|1681711376\n|switch|p1b: Amoonguss|Amoonguss, L50, F|100\/100\n|switch|p2a: Amoonguss|Amoonguss, L50, M|73\/100 par\n|move|p1a: Garchomp|Dragon Claw|p2a: Amoonguss\n|-damage|p2a: Amoonguss|41\/100 par\n|-damage|p1a: Garchomp|84\/100|[from] item: Rocky Helmet|[of] p2a: Amoonguss\n|move|p2b: Ting-Lu|Ruination|p1a: Garchomp\n|-damage|p1a: Garchomp|43\/100\n|\n|upkeep\n|turn|13\n|inactive|Raptorsfan88 has 30 seconds left.\n|\n|t:|1681711403\n|move|p1a: Garchomp|Rock Slide|p2a: Amoonguss|[spread] p2a\n|-miss|p1a: Garchomp|p2b: Ting-Lu\n|-damage|p2a: Amoonguss|26\/100 par\n|move|p2b: Ting-Lu|Ruination|p1a: Garchomp\n|-damage|p1a: Garchomp|22\/100\n|move|p1b: Amoonguss|Pollen Puff|p1a: Garchomp\n|-heal|p1a: Garchomp|72\/100\n|cant|p2a: Amoonguss|flinch\n|\n|upkeep\n|turn|14\n|\n|t:|1681711417\n|move|p1b: Amoonguss|Protect|p1b: Amoonguss\n|-singleturn|p1b: Amoonguss|Protect\n|move|p1a: Garchomp|Earthquake|p2b: Ting-Lu|[spread] p2a,p2b\n|-activate|p1b: Amoonguss|move: Protect\n|-resisted|p2b: Ting-Lu\n|-damage|p2a: Amoonguss|0 fnt\n|-damage|p2b: Ting-Lu|59\/100\n|faint|p2a: Amoonguss\n|move|p2b: Ting-Lu|Ruination|p1b: Amoonguss\n|-activate|p1b: Amoonguss|move: Protect\n|\n|upkeep\n|\n|t:|1681711426\n|switch|p2a: Palafin|Palafin-Hero, L50, M|76\/100\n|turn|15\n|\n|t:|1681711436\n|switch|p1a: Gyarados|Gyarados, L50, F, shiny|84\/100\n|-ability|p1a: Gyarados|Intimidate|boost\n|-unboost|p2a: Palafin|atk|1\n|-unboost|p2b: Ting-Lu|atk|1\n|move|p2a: Palafin|Protect|p2a: Palafin\n|-singleturn|p2a: Palafin|Protect\n|move|p2b: Ting-Lu|Ruination|p1b: Amoonguss\n|-damage|p1b: Amoonguss|51\/100\n|move|p1b: Amoonguss|Spore|p2a: Palafin\n|-activate|p2a: Palafin|move: Protect\n|\n|upkeep\n|turn|16\n|inactive|ImActuallyAzz has 30 seconds left.\n|inactive|Raptorsfan88 has 30 seconds left.\n|\n|t:|1681711467\n|move|p1a: Gyarados|Thunder Wave|p2b: Ting-Lu\n|-status|p2b: Ting-Lu|par\n|move|p2a: Palafin|Wave Crash|p1b: Amoonguss\n|-resisted|p1b: Amoonguss\n|-damage|p1b: Amoonguss|24\/100\n|-damage|p2a: Palafin|67\/100|[from] Recoil\n|move|p2b: Ting-Lu|Heavy Slam|p1b: Amoonguss\n|-damage|p1b: Amoonguss|1\/100\n|move|p1b: Amoonguss|Spore|p2a: Palafin\n|-status|p2a: Palafin|slp|[from] move: Spore\n|\n|upkeep\n|turn|17\n|\n|t:|1681711491\n|switch|p1a: Scizor|Scizor, L50, M|3\/100\n|switch|p1b: Garchomp|Garchomp, L50, F|72\/100\n|cant|p2a: Palafin|slp\n|cant|p2b: Ting-Lu|par\n|\n|upkeep\n|turn|18\n|\n|t:|1681711506\n|cant|p2a: Palafin|slp\n|move|p1b: Garchomp|Dragon Claw|p2a: Palafin\n|-damage|p2a: Palafin|33\/100 slp\n|move|p1a: Scizor|U-turn|p2b: Ting-Lu\n|-supereffective|p2b: Ting-Lu\n|-damage|p2b: Ting-Lu|0 fnt\n|faint|p2b: Ting-Lu\n|-message|Raptorsfan88 forfeited.\n|\n|win|ImActuallyAzz\n|raw|ImActuallyAzz's rating: 1228 → 1258<\/strong> (+30 for winning)\n|raw|Raptorsfan88's rating: 1303 → 1279<\/strong> (-24 for losing)\n|l|\u2606Raptorsfan88\n","uploadtime":1681711526,"views":15,"p1id":"imactuallyazz","p2id":"raptorsfan88","formatid":"gen9vgc2023regulationc","rating":1258,"private":0,"password":""}