{"id":"gen9vgc2023regulationc-1846575775","p1":"JaiFain","p2":"DDKK5943","format":"[Gen 9] VGC 2023 Regulation C","log":"|j|\u2606JaiFain\n|j|\u2606DDKK5943\n|t:|1681853300\n|gametype|doubles\n|player|p1|JaiFain|camper|1615\n|player|p2|DDKK5943|265|1508\n|teamsize|p1|6\n|teamsize|p2|6\n|gen|9\n|tier|[Gen 9] VGC 2023 Regulation C\n|rated|\n|rule|Species Clause: Limit one of each Pok\u00e9mon\n|rule|Item Clause: Limit one of each item\n|clearpoke\n|poke|p1|Kilowattrel, L50, F|\n|poke|p1|Great Tusk, L50|\n|poke|p1|Palafin, L50, M|\n|poke|p1|Wo-Chien, L50|\n|poke|p1|Arcanine, L50, F|\n|poke|p1|Flutter Mane, L50|\n|poke|p2|Dondozo, L50, F|\n|poke|p2|Tatsugiri, L50, F|\n|poke|p2|Iron Bundle, L50|\n|poke|p2|Chi-Yu, L50|\n|poke|p2|Dragonite, L50, M|\n|poke|p2|Glimmora, L50, F|\n|teampreview|4\n|\n|t:|1681853344\n|start\n|switch|p1a: Palafin|Palafin, L50, M|100\/100\n|switch|p1b: Wo-Chien|Wo-Chien, L50|100\/100\n|switch|p2a: Dragonite|Dragonite, L50, M|100\/100\n|switch|p2b: Iron Bundle|Iron Bundle, L50|100\/100\n|-ability|p1b: Wo-Chien|Tablets of Ruin\n|-enditem|p2b: Iron Bundle|Booster Energy\n|-activate|p2b: Iron Bundle|ability: Quark Drive|[fromitem]\n|-start|p2b: Iron Bundle|quarkdrivespe\n|turn|1\n|\n|t:|1681853360\n|detailschange|p1a: Palafin|Palafin-Hero, L50, M\n|switch|p1a: Arcanine|Arcanine, L50, F|100\/100\n|-ability|p1a: Arcanine|Intimidate|boost\n|-unboost|p2a: Dragonite|atk|1\n|-unboost|p2b: Iron Bundle|atk|1\n|move|p2b: Iron Bundle|Protect|p2b: Iron Bundle\n|-singleturn|p2b: Iron Bundle|Protect\n|move|p2a: Dragonite|Tailwind|p2a: Dragonite\n|-sidestart|p2: DDKK5943|move: Tailwind\n|move|p1b: Wo-Chien|Giga Drain|p2b: Iron Bundle\n|-activate|p2b: Iron Bundle|move: Protect\n|\n|upkeep\n|turn|2\n|\n|t:|1681853376\n|-end|p2b: Iron Bundle|Quark Drive|[silent]\n|switch|p2b: Chi-Yu|Chi-Yu, L50|100\/100\n|-ability|p2b: Chi-Yu|Beads of Ruin\n|switch|p2a: Tatsugiri|Tatsugiri, L50, F|100\/100\n|move|p1a: Arcanine|Protect|p1a: Arcanine\n|-singleturn|p1a: Arcanine|Protect\n|move|p1b: Wo-Chien|Giga Drain|p2b: Chi-Yu\n|-resisted|p2b: Chi-Yu\n|-damage|p2b: Chi-Yu|85\/100\n|\n|upkeep\n|turn|3\n|\n|t:|1681853403\n|-terastallize|p1b: Wo-Chien|Poison\n|move|p1a: Arcanine|Extreme Speed|p2a: Tatsugiri\n|-damage|p2a: Tatsugiri|70\/100\n|move|p2a: Tatsugiri|Muddy Water|p1a: Arcanine|[spread] p1a,p1b\n|-supereffective|p1a: Arcanine\n|-damage|p1a: Arcanine|4\/100\n|-damage|p1b: Wo-Chien|78\/100\n|move|p2b: Chi-Yu|Heat Wave|p1a: Arcanine|[spread] p1a,p1b\n|-resisted|p1a: Arcanine\n|-damage|p1a: Arcanine|0 fnt\n|-damage|p1b: Wo-Chien|52\/100\n|-status|p1b: Wo-Chien|brn\n|faint|p1a: Arcanine\n|move|p1b: Wo-Chien|Snarl|p2b: Chi-Yu|[spread] p2b\n|-miss|p1b: Wo-Chien|p2a: Tatsugiri\n|-resisted|p2b: Chi-Yu\n|-damage|p2b: Chi-Yu|77\/100\n|-unboost|p2b: Chi-Yu|spa|1\n|\n|-damage|p1b: Wo-Chien|46\/100 brn|[from] brn\n|upkeep\n|\n|t:|1681853420\n|switch|p1a: Palafin|Palafin-Hero, L50, M|100\/100\n|-activate|p1a: Palafin|ability: Zero to Hero\n|turn|4\n|\n|t:|1681853434\n|move|p1a: Palafin|Jet Punch|p2b: Chi-Yu\n|-supereffective|p2b: Chi-Yu\n|-damage|p2b: Chi-Yu|0 fnt\n|faint|p2b: Chi-Yu\n|move|p2a: Tatsugiri|Muddy Water|p1b: Wo-Chien|[spread] p1a,p1b\n|-resisted|p1a: Palafin\n|-damage|p1a: Palafin|84\/100\n|-damage|p1b: Wo-Chien|29\/100 brn\n|move|p1b: Wo-Chien|Snarl|p2a: Tatsugiri|[miss]\n|-miss|p1b: Wo-Chien|p2a: Tatsugiri\n|\n|-damage|p1b: Wo-Chien|23\/100 brn|[from] brn\n|-sideend|p2: DDKK5943|move: Tailwind\n|upkeep\n|\n|t:|1681853446\n|switch|p2b: Iron Bundle|Iron Bundle, L50|100\/100\n|turn|5\n|\n|t:|1681853462\n|move|p2b: Iron Bundle|Protect|p2b: Iron Bundle\n|-singleturn|p2b: Iron Bundle|Protect\n|move|p1a: Palafin|Protect|p1a: Palafin\n|-singleturn|p1a: Palafin|Protect\n|move|p2a: Tatsugiri|Muddy Water|p1a: Palafin|[spread] p1b\n|-activate|p1a: Palafin|move: Protect\n|-damage|p1b: Wo-Chien|6\/100 brn\n|move|p1b: Wo-Chien|Snarl|p2b: Iron Bundle|[spread] p2a\n|-activate|p2b: Iron Bundle|move: Protect\n|-damage|p2a: Tatsugiri|50\/100\n|-unboost|p2a: Tatsugiri|spa|1\n|\n|-damage|p1b: Wo-Chien|0 fnt|[from] brn\n|faint|p1b: Wo-Chien\n|upkeep\n|\n|t:|1681853474\n|switch|p1b: Flutter Mane|Flutter Mane, L50|100\/100\n|turn|6\n|\n|t:|1681853484\n|move|p1a: Palafin|Jet Punch|p2b: Iron Bundle\n|-resisted|p2b: Iron Bundle\n|-damage|p2b: Iron Bundle|71\/100\n|move|p2a: Tatsugiri|Muddy Water|p1a: Palafin|[spread] p1a,p1b\n|-resisted|p1a: Palafin\n|-damage|p1a: Palafin|74\/100\n|-damage|p1b: Flutter Mane|80\/100\n|-unboost|p1b: Flutter Mane|accuracy|1\n|move|p2b: Iron Bundle|Icy Wind|p1a: Palafin|[spread] p1a,p1b\n|-resisted|p1a: Palafin\n|-damage|p1a: Palafin|63\/100\n|-damage|p1b: Flutter Mane|60\/100\n|-unboost|p1a: Palafin|spe|1\n|-unboost|p1b: Flutter Mane|spe|1\n|move|p1b: Flutter Mane|Dazzling Gleam|p2a: Tatsugiri|[spread] p2b\n|-miss|p1b: Flutter Mane|p2a: Tatsugiri\n|-damage|p2b: Iron Bundle|0 fnt\n|faint|p2b: Iron Bundle\n|-end|p2b: Iron Bundle|Quark Drive|[silent]\n|\n|upkeep\n|\n|t:|1681853488\n|switch|p2b: Dragonite|Dragonite, L50, M|100\/100\n|turn|7\n|\n|t:|1681853504\n|-terastallize|p2b: Dragonite|Normal\n|move|p2b: Dragonite|Extreme Speed|p1a: Palafin\n|-damage|p1a: Palafin|23\/100\n|move|p1a: Palafin|Jet Punch|p2b: Dragonite\n|-damage|p2b: Dragonite|76\/100\n|move|p2a: Tatsugiri|Muddy Water|p1a: Palafin|[spread] p1a,p1b\n|-resisted|p1a: Palafin\n|-damage|p1a: Palafin|12\/100\n|-damage|p1b: Flutter Mane|39\/100\n|move|p1b: Flutter Mane|Dazzling Gleam|p2b: Dragonite|[spread] p2b\n|-miss|p1b: Flutter Mane|p2a: Tatsugiri\n|-damage|p2b: Dragonite|31\/100\n|\n|upkeep\n|turn|8\n|\n|t:|1681853519\n|move|p1a: Palafin|Jet Punch|p2b: Dragonite\n|-damage|p2b: Dragonite|0 fnt\n|faint|p2b: Dragonite\n|move|p2a: Tatsugiri|Muddy Water|p1b: Flutter Mane|[spread] p1a,p1b\n|-resisted|p1a: Palafin\n|-crit|p1a: Palafin\n|-damage|p1a: Palafin|0 fnt\n|-damage|p1b: Flutter Mane|17\/100\n|-unboost|p1b: Flutter Mane|accuracy|1\n|faint|p1a: Palafin\n|move|p1b: Flutter Mane|Dazzling Gleam|p2a: Tatsugiri\n|-supereffective|p2a: Tatsugiri\n|-damage|p2a: Tatsugiri|0 fnt\n|faint|p2a: Tatsugiri\n|\n|win|JaiFain\n|raw|JaiFain's rating: 1615 → 1629<\/strong> (+14 for winning)\n|raw|DDKK5943's rating: 1508 → 1494<\/strong> (-14 for losing)\n|l|\u2606DDKK5943\n|c|\u2606JaiFain|omg that ultra instinct tatsugiri\n|c|\u2606JaiFain|gg\n","uploadtime":1681853540,"views":19,"p1id":"jaifain","p2id":"ddkk5943","formatid":"gen9vgc2023regulationc","rating":1494,"private":0,"password":""}