{"id":"gen9vgc2023regulationc-1855136472","p1":"Charlisito","p2":"squishheh","format":"[Gen 9] VGC 2023 Regulation C","log":"|j|\u2606Charlisito\n|j|\u2606squishheh\n|t:|1682905711\n|gametype|doubles\n|player|p1|Charlisito|2|1196\n|player|p2|squishheh|lucas|1261\n|teamsize|p1|6\n|teamsize|p2|6\n|gen|9\n|tier|[Gen 9] VGC 2023 Regulation C\n|rated|\n|rule|Species Clause: Limit one of each Pok\u00e9mon\n|rule|Item Clause: Limit one of each item\n|clearpoke\n|poke|p1|Bellibolt, L50, F|\n|poke|p1|Palafin, L50, M|\n|poke|p1|Arcanine, L50, M|\n|poke|p1|Amoonguss, L50, M|\n|poke|p1|Flutter Mane, L50|\n|poke|p1|Ting-Lu, L50|\n|poke|p2|Grimmsnarl, L50, M|\n|poke|p2|Arcanine, L50, F|\n|poke|p2|Iron Hands, L50|\n|poke|p2|Gastrodon, L50, F|\n|poke|p2|Dragonite, L50, M|\n|poke|p2|Talonflame, L50, M|\n|teampreview|4\n|\n|t:|1682905761\n|start\n|switch|p1a: Ting-Lu|Ting-Lu, L50|100\/100\n|switch|p1b: Arcanine|Arcanine, L50, M|100\/100\n|switch|p2a: Alisnarl|Grimmsnarl, L50, M|100\/100\n|switch|p2b: Dragonite|Dragonite, L50, M|100\/100\n|-ability|p1b: Arcanine|Intimidate|boost\n|-unboost|p2a: Alisnarl|atk|1\n|-fail|p2b: Dragonite|unboost|Attack|[from] ability: Inner Focus|[of] p2b: Dragonite\n|-ability|p1a: Ting-Lu|Vessel of Ruin\n|turn|1\n|\n|t:|1682905795\n|switch|p2b: Apollos|Iron Hands, L50|100\/100\n|move|p2a: Alisnarl|Misty Terrain|p2a: Alisnarl\n|-fieldstart|move: Misty Terrain\n|move|p1b: Arcanine|Will-O-Wisp|p2b: Apollos\n|-activate|p2b: Apollos|move: Misty Terrain\n|move|p1a: Ting-Lu|Heavy Slam|p2a: Alisnarl\n|-supereffective|p2a: Alisnarl\n|-damage|p2a: Alisnarl|30\/100\n|\n|upkeep\n|turn|2\n|\n|t:|1682905813\n|move|p2a: Alisnarl|Reflect|p2a: Alisnarl\n|-sidestart|p2: squishheh|Reflect\n|move|p1b: Arcanine|Flare Blitz|p2a: Alisnarl\n|-crit|p2a: Alisnarl\n|-damage|p2a: Alisnarl|0 fnt\n|faint|p2a: Alisnarl\n|-damage|p1b: Arcanine|90\/100|[from] Recoil\n|move|p2b: Apollos|Swords Dance|p2b: Apollos\n|-boost|p2b: Apollos|atk|2\n|move|p1a: Ting-Lu|Stomping Tantrum|p2b: Apollos\n|-supereffective|p2b: Apollos\n|-damage|p2b: Apollos|73\/100\n|\n|upkeep\n|\n|t:|1682905826\n|switch|p2a: Perthquake|Gastrodon, L50, F|100\/100\n|turn|3\n|\n|t:|1682905837\n|switch|p1b: Flutter Mane|Flutter Mane, L50|100\/100\n|-enditem|p1b: Flutter Mane|Booster Energy\n|-activate|p1b: Flutter Mane|ability: Protosynthesis|[fromitem]\n|-start|p1b: Flutter Mane|protosynthesisspa\n|move|p2b: Apollos|Drain Punch|p1a: Ting-Lu\n|-supereffective|p1a: Ting-Lu\n|-damage|p1a: Ting-Lu|12\/100\n|-heal|p2b: Apollos|100\/100|[from] drain|[of] p1a: Ting-Lu\n|move|p1a: Ting-Lu|Ruination|p2b: Apollos\n|-damage|p2b: Apollos|50\/100\n|-enditem|p2b: Apollos|Sitrus Berry|[eat]\n|-heal|p2b: Apollos|75\/100|[from] item: Sitrus Berry\n|move|p2a: Perthquake|Earth Power|p1b: Flutter Mane\n|-damage|p1b: Flutter Mane|76\/100\n|-unboost|p1b: Flutter Mane|spd|1\n|\n|-heal|p1a: Ting-Lu|18\/100|[from] item: Leftovers\n|upkeep\n|turn|4\n|\n|t:|1682905876\n|-end|p1b: Flutter Mane|Protosynthesis|[silent]\n|switch|p1b: Amoonguss|Amoonguss, L50, M|100\/100\n|move|p2b: Apollos|Protect|p2b: Apollos\n|-singleturn|p2b: Apollos|Protect\n|move|p1a: Ting-Lu|Protect|p1a: Ting-Lu\n|-singleturn|p1a: Ting-Lu|Protect\n|move|p2a: Perthquake|Muddy Water|p1a: Ting-Lu|[spread] \n|-activate|p1a: Ting-Lu|move: Protect\n|-miss|p2a: Perthquake|p1b: Amoonguss\n|\n|-heal|p1a: Ting-Lu|24\/100|[from] item: Leftovers\n|upkeep\n|turn|5\n|\n|t:|1682905905\n|switch|p1a: Flutter Mane|Flutter Mane, L50|76\/100\n|move|p2b: Apollos|Drain Punch|p1a: Flutter Mane\n|-immune|p1a: Flutter Mane\n|move|p2a: Perthquake|Earth Power|p1b: Amoonguss\n|-damage|p1b: Amoonguss|69\/100\n|move|p1b: Amoonguss|Pollen Puff|p1a: Flutter Mane\n|-heal|p1a: Flutter Mane|100\/100\n|\n|-fieldend|Misty Terrain\n|upkeep\n|turn|6\n|\n|t:|1682905922\n|-terastallize|p2b: Apollos|Grass\n|move|p2a: Perthquake|Protect|p2a: Perthquake\n|-singleturn|p2a: Perthquake|Protect\n|move|p1a: Flutter Mane|Moonblast|p2b: Apollos\n|-damage|p2b: Apollos|34\/100\n|move|p2b: Apollos|Wild Charge|p1a: Flutter Mane\n|-damage|p1a: Flutter Mane|0 fnt\n|faint|p1a: Flutter Mane\n|-end|p1a: Flutter Mane|Protosynthesis|[silent]\n|-damage|p2b: Apollos|18\/100|[from] Recoil\n|move|p1b: Amoonguss|Spore|p2a: Perthquake\n|-activate|p2a: Perthquake|move: Protect\n|\n|upkeep\n|\n|t:|1682905926\n|switch|p1a: Arcanine|Arcanine, L50, M|90\/100\n|-ability|p1a: Arcanine|Intimidate|boost\n|-unboost|p2a: Perthquake|atk|1\n|-unboost|p2b: Apollos|atk|1\n|turn|7\n|\n|t:|1682905956\n|move|p1a: Arcanine|Flare Blitz|p2b: Apollos\n|-supereffective|p2b: Apollos\n|-damage|p2b: Apollos|0 fnt\n|faint|p2b: Apollos\n|-end|p2b: Apollos|Quark Drive|[silent]\n|-damage|p1a: Arcanine|83\/100|[from] Recoil\n|move|p2a: Perthquake|Earth Power|p1b: Amoonguss\n|-damage|p1b: Amoonguss|36\/100\n|-enditem|p1b: Amoonguss|Sitrus Berry|[eat]\n|-heal|p1b: Amoonguss|61\/100|[from] item: Sitrus Berry\n|move|p1b: Amoonguss|Spore|p2a: Perthquake\n|-status|p2a: Perthquake|slp|[from] move: Spore\n|\n|upkeep\n|\n|t:|1682905962\n|switch|p2b: Dragonite|Dragonite, L50, M|100\/100\n|turn|8\n|\n|t:|1682905973\n|move|p1b: Amoonguss|Protect|p1b: Amoonguss\n|-singleturn|p1b: Amoonguss|Protect\n|move|p1a: Arcanine|Will-O-Wisp|p2b: Dragonite\n|-status|p2b: Dragonite|brn\n|move|p2b: Dragonite|Ice Spinner|p1b: Amoonguss\n|-activate|p1b: Amoonguss|move: Protect\n|cant|p2a: Perthquake|slp\n|\n|-damage|p2b: Dragonite|94\/100 brn|[from] brn\n|upkeep\n|turn|9\n|\n|t:|1682905980\n|switch|p1a: Ting-Lu|Ting-Lu, L50|24\/100\n|-ability|p1a: Ting-Lu|Vessel of Ruin\n|move|p2b: Dragonite|Ice Spinner|p1b: Amoonguss\n|-supereffective|p1b: Amoonguss\n|-damage|p1b: Amoonguss|38\/100\n|cant|p2a: Perthquake|slp\n|move|p1b: Amoonguss|Pollen Puff|p1a: Ting-Lu\n|-heal|p1a: Ting-Lu|74\/100\n|\n|-heal|p1a: Ting-Lu|80\/100|[from] item: Leftovers\n|-damage|p2b: Dragonite|88\/100 brn|[from] brn\n|-sideend|p2: squishheh|Reflect\n|upkeep\n|turn|10\n|\n|t:|1682905997\n|switch|p1b: Arcanine|Arcanine, L50, M|83\/100\n|-ability|p1b: Arcanine|Intimidate|boost\n|-unboost|p2a: Perthquake|atk|1\n|-fail|p2b: Dragonite|unboost|Attack|[from] ability: Inner Focus|[of] p2b: Dragonite\n|-terastallize|p1a: Ting-Lu|Grass\n|move|p2b: Dragonite|Ice Spinner|p1b: Arcanine\n|-resisted|p1b: Arcanine\n|-damage|p1b: Arcanine|75\/100\n|move|p1a: Ting-Lu|Ruination|p2b: Dragonite|[miss]\n|-miss|p1a: Ting-Lu|p2b: Dragonite\n|cant|p2a: Perthquake|slp\n|\n|-heal|p1a: Ting-Lu|85\/100|[from] item: Leftovers\n|-damage|p2b: Dragonite|82\/100 brn|[from] brn\n|upkeep\n|turn|11\n|\n|t:|1682906020\n|move|p1b: Arcanine|Flare Blitz|p2a: Perthquake\n|-resisted|p2a: Perthquake\n|-damage|p2a: Perthquake|74\/100 slp\n|-damage|p1b: Arcanine|66\/100|[from] Recoil\n|move|p2b: Dragonite|Stomping Tantrum|p1b: Arcanine\n|-supereffective|p1b: Arcanine\n|-damage|p1b: Arcanine|38\/100\n|move|p1a: Ting-Lu|Stomping Tantrum|p2a: Perthquake\n|-damage|p2a: Perthquake|14\/100 slp\n|-curestatus|p2a: Perthquake|slp|[msg]\n|move|p2a: Perthquake|Muddy Water|p1a: Ting-Lu|[spread] p1b\n|-miss|p2a: Perthquake|p1a: Ting-Lu\n|-supereffective|p1b: Arcanine\n|-damage|p1b: Arcanine|0 fnt\n|faint|p1b: Arcanine\n|\n|-heal|p1a: Ting-Lu|91\/100|[from] item: Leftovers\n|-damage|p2b: Dragonite|75\/100 brn|[from] brn\n|upkeep\n|\n|t:|1682906024\n|switch|p1b: Amoonguss|Amoonguss, L50, M|71\/100\n|turn|12\n|\n|t:|1682906037\n|move|p2a: Perthquake|Protect|p2a: Perthquake\n|-singleturn|p2a: Perthquake|Protect\n|move|p1b: Amoonguss|Protect|p1b: Amoonguss\n|-singleturn|p1b: Amoonguss|Protect\n|move|p2b: Dragonite|Ice Spinner|p1b: Amoonguss\n|-activate|p1b: Amoonguss|move: Protect\n|move|p1a: Ting-Lu|Stomping Tantrum|p2a: Perthquake\n|-activate|p2a: Perthquake|move: Protect\n|\n|-heal|p1a: Ting-Lu|97\/100|[from] item: Leftovers\n|-damage|p2b: Dragonite|69\/100 brn|[from] brn\n|upkeep\n|turn|13\n|\n|t:|1682906049\n|move|p2b: Dragonite|Ice Spinner|p1b: Amoonguss\n|-supereffective|p1b: Amoonguss\n|-damage|p1b: Amoonguss|48\/100\n|move|p1a: Ting-Lu|Ruination|p2b: Dragonite\n|-damage|p2b: Dragonite|35\/100 brn\n|move|p2a: Perthquake|Recover|p2a: Perthquake\n|-heal|p2a: Perthquake|64\/100\n|move|p1b: Amoonguss|Pollen Puff|p2a: Perthquake\n|-damage|p2a: Perthquake|50\/100\n|\n|-heal|p1a: Ting-Lu|100\/100|[from] item: Leftovers\n|-damage|p2b: Dragonite|29\/100 brn|[from] brn\n|upkeep\n|turn|14\n|\n|t:|1682906076\n|move|p2a: Perthquake|Protect|p2a: Perthquake\n|-singleturn|p2a: Perthquake|Protect\n|move|p2b: Dragonite|Ice Spinner|p1a: Ting-Lu\n|-supereffective|p1a: Ting-Lu\n|-damage|p1a: Ting-Lu|86\/100\n|move|p1a: Ting-Lu|Ruination|p2b: Dragonite\n|-damage|p2b: Dragonite|15\/100 brn\n|move|p1b: Amoonguss|Spore|p2a: Perthquake\n|-activate|p2a: Perthquake|move: Protect\n|\n|-heal|p1a: Ting-Lu|92\/100|[from] item: Leftovers\n|-damage|p2b: Dragonite|8\/100 brn|[from] brn\n|upkeep\n|turn|15\n|\n|t:|1682906092\n|move|p1a: Ting-Lu|Protect|p1a: Ting-Lu\n|-singleturn|p1a: Ting-Lu|Protect\n|move|p1b: Amoonguss|Protect|p1b: Amoonguss\n|-singleturn|p1b: Amoonguss|Protect\n|move|p2b: Dragonite|Ice Spinner|p1b: Amoonguss\n|-activate|p1b: Amoonguss|move: Protect\n|move|p2a: Perthquake|Earth Power|p1b: Amoonguss\n|-activate|p1b: Amoonguss|move: Protect\n|\n|-heal|p1a: Ting-Lu|98\/100|[from] item: Leftovers\n|-damage|p2b: Dragonite|2\/100 brn|[from] brn\n|upkeep\n|turn|16\n|\n|t:|1682906108\n|move|p2b: Dragonite|Ice Spinner|p1b: Amoonguss\n|-supereffective|p1b: Amoonguss\n|-damage|p1b: Amoonguss|27\/100\n|move|p1a: Ting-Lu|Heavy Slam|p2a: Perthquake\n|-resisted|p2a: Perthquake\n|-damage|p2a: Perthquake|34\/100\n|move|p2a: Perthquake|Earth Power|p1b: Amoonguss\n|-crit|p1b: Amoonguss\n|-damage|p1b: Amoonguss|0 fnt\n|faint|p1b: Amoonguss\n|\n|-heal|p1a: Ting-Lu|100\/100|[from] item: Leftovers\n|-damage|p2b: Dragonite|0 fnt|[from] brn\n|faint|p2b: Dragonite\n|upkeep\n|turn|17\n|\n|t:|1682906120\n|move|p1a: Ting-Lu|Ruination|p2a: Perthquake|[miss]\n|-miss|p1a: Ting-Lu|p2a: Perthquake\n|move|p2a: Perthquake|Recover|p2a: Perthquake\n|-heal|p2a: Perthquake|84\/100\n|\n|upkeep\n|turn|18\n|\n|t:|1682906128\n|move|p1a: Ting-Lu|Stomping Tantrum|p2a: Perthquake\n|-crit|p2a: Perthquake\n|-damage|p2a: Perthquake|0 fnt\n|faint|p2a: Perthquake\n|\n|win|Charlisito\n|raw|Charlisito's rating: 1196 → 1226<\/strong> (+30 for winning)\n|raw|squishheh's rating: 1261 → 1231<\/strong> (-30 for losing)\n|l|\u2606squishheh\n","uploadtime":1682906136,"views":10,"p1id":"charlisito","p2id":"squishheh","formatid":"gen9vgc2023regulationc","rating":1226,"private":0,"password":""}