{"id":"gen9vgc2023regulationc-1856983160","p1":"fedevac","p2":"haha you rage quit","format":"[Gen 9] VGC 2023 Regulation C","log":"|j|\u2606fedevac\n|j|\u2606haha you rage quit\n|t:|1683133360\n|gametype|doubles\n|player|p1|fedevac|drayden|1194\n|player|p2|haha you rage quit|pokemaniac|1226\n|teamsize|p1|6\n|teamsize|p2|6\n|gen|9\n|tier|[Gen 9] VGC 2023 Regulation C\n|rated|\n|rule|Species Clause: Limit one of each Pok\u00e9mon\n|rule|Item Clause: Limit one of each item\n|clearpoke\n|poke|p1|Amoonguss, L50, F|\n|poke|p1|Kingambit, L50, M|\n|poke|p1|Iron Valiant, L50|\n|poke|p1|Gyarados, L50, M|\n|poke|p1|Baxcalibur, L50, F|\n|poke|p1|Ting-Lu, L50|\n|poke|p2|Flutter Mane, L50|\n|poke|p2|Chi-Yu, L50|\n|poke|p2|Donphan, L50, M|\n|poke|p2|Gholdengo, L50|\n|poke|p2|Talonflame, L50, M|\n|poke|p2|Murkrow, L50, M|\n|teampreview|4\n|inactive|Battle timer is ON: inactive players will automatically lose when time's up. (requested by haha you rage quit)\n|j| TwaWoon\n|inactive|fedevac has 60 seconds left.\n|\n|t:|1683133413\n|start\n|switch|p1a: Ting-Lu|Ting-Lu, L50|100\/100\n|switch|p1b: Gyarados|Gyarados, L50, M|100\/100\n|switch|p2a: Murkrow|Murkrow, L50, M|100\/100\n|switch|p2b: Donphan|Donphan, L50, M|100\/100\n|-ability|p1b: Gyarados|Intimidate|boost\n|-unboost|p2a: Murkrow|atk|1\n|-unboost|p2b: Donphan|atk|1\n|-ability|p1a: Ting-Lu|Vessel of Ruin\n|turn|1\n|inactive|fedevac has 30 seconds left.\n|l| TwaWoon\n|inactive|fedevac has 20 seconds left.\n|\n|t:|1683133452\n|switch|p2b: Gholdengo|Gholdengo, L50|100\/100\n|switch|p1a: Iron Valiant|Iron Valiant, L50|100\/100\n|-enditem|p1a: Iron Valiant|Booster Energy\n|-activate|p1a: Iron Valiant|ability: Quark Drive|[fromitem]\n|-start|p1a: Iron Valiant|quarkdrivespe\n|move|p2a: Murkrow|Tailwind|p2a: Murkrow\n|-sidestart|p2: haha you rage quit|move: Tailwind\n|move|p1b: Gyarados|Waterfall|p2b: Gholdengo\n|-damage|p2b: Gholdengo|58\/100\n|\n|upkeep\n|turn|2\n|inactive|haha you rage quit has 30 seconds left.\n|inactive|haha you rage quit has 20 seconds left.\n|\n|t:|1683133489\n|move|p1a: Iron Valiant|Shadow Sneak|p2b: Gholdengo\n|-supereffective|p2b: Gholdengo\n|-damage|p2b: Gholdengo|30\/100\n|-enditem|p2b: Gholdengo|Weakness Policy\n|-boost|p2b: Gholdengo|atk|2|[from] item: Weakness Policy\n|-boost|p2b: Gholdengo|spa|2|[from] item: Weakness Policy\n|move|p2a: Murkrow|Quash||[still]\n|-fail|p2a: Murkrow\n|move|p2b: Gholdengo|Make It Rain|p1a: Iron Valiant|[spread] p1a,p1b\n|-supereffective|p1a: Iron Valiant\n|-resisted|p1b: Gyarados\n|-damage|p1a: Iron Valiant|0 fnt\n|-damage|p1b: Gyarados|46\/100\n|-unboost|p2b: Gholdengo|spa|1\n|faint|p1a: Iron Valiant\n|-end|p1a: Iron Valiant|Quark Drive|[silent]\n|move|p1b: Gyarados|Waterfall|p2a: Murkrow\n|-damage|p2a: Murkrow|17\/100\n|\n|upkeep\n|\n|t:|1683133510\n|switch|p1a: Ting-Lu|Ting-Lu, L50|100\/100\n|-ability|p1a: Ting-Lu|Vessel of Ruin\n|turn|3\n|inactive|haha you rage quit has 30 seconds left.\n|\n|t:|1683133541\n|switch|p2a: Chi-Yu|Chi-Yu, L50|100\/100\n|-ability|p2a: Chi-Yu|Beads of Ruin\n|move|p2b: Gholdengo|Power Gem|p1b: Gyarados\n|-supereffective|p1b: Gyarados\n|-damage|p1b: Gyarados|0 fnt\n|faint|p1b: Gyarados\n|move|p1a: Ting-Lu|Stomping Tantrum|p2b: Gholdengo\n|-supereffective|p2b: Gholdengo\n|-damage|p2b: Gholdengo|0 fnt\n|faint|p2b: Gholdengo\n|\n|upkeep\n|\n|t:|1683133558\n|switch|p1b: Baxcalibur|Baxcalibur, L50, F|100\/100\n|switch|p2b: Donphan|Donphan, L50, M|100\/100\n|turn|4\n|\n|t:|1683133575\n|move|p2a: Chi-Yu|Overheat|p1b: Baxcalibur\n|-damage|p1b: Baxcalibur|27\/100\n|-unboost|p2a: Chi-Yu|spa|2\n|-ability|p1b: Baxcalibur|Thermal Exchange|boost\n|-boost|p1b: Baxcalibur|atk|1\n|move|p2b: Donphan|Body Press|p1b: Baxcalibur\n|-supereffective|p1b: Baxcalibur\n|-damage|p1b: Baxcalibur|0 fnt\n|faint|p1b: Baxcalibur\n|move|p1a: Ting-Lu|Stomping Tantrum|p2a: Chi-Yu\n|-supereffective|p2a: Chi-Yu\n|-damage|p2a: Chi-Yu|26\/100\n|\n|-sideend|p2: haha you rage quit|move: Tailwind\n|upkeep\n|turn|5\n|\n|t:|1683133598\n|-terastallize|p1a: Ting-Lu|Water\n|move|p2a: Chi-Yu|Overheat|p1a: Ting-Lu\n|-resisted|p1a: Ting-Lu\n|-damage|p1a: Ting-Lu|92\/100\n|-unboost|p2a: Chi-Yu|spa|2\n|move|p2b: Donphan|Body Press|p1a: Ting-Lu\n|-damage|p1a: Ting-Lu|74\/100\n|move|p1a: Ting-Lu|Stomping Tantrum|p2a: Chi-Yu\n|-supereffective|p2a: Chi-Yu\n|-damage|p2a: Chi-Yu|0 fnt\n|faint|p2a: Chi-Yu\n|\n|upkeep\n|\n|t:|1683133610\n|switch|p2a: Murkrow|Murkrow, L50, M|17\/100\n|turn|6\n|\n|t:|1683133628\n|move|p2a: Murkrow|Foul Play|p1a: Ting-Lu\n|-damage|p1a: Ting-Lu|54\/100\n|move|p2b: Donphan|Body Press|p1a: Ting-Lu\n|-damage|p1a: Ting-Lu|36\/100\n|move|p1a: Ting-Lu|Fissure|p2b: Donphan\n|-immune|p2b: Donphan|[from] ability: Sturdy\n|\n|upkeep\n|turn|7\n|\n|t:|1683133642\n|move|p2a: Murkrow|Foul Play|p1a: Ting-Lu\n|-damage|p1a: Ting-Lu|16\/100\n|move|p2b: Donphan|Body Press|p1a: Ting-Lu\n|-damage|p1a: Ting-Lu|0 fnt\n|faint|p1a: Ting-Lu\n|\n|win|haha you rage quit\n|raw|fedevac's rating: 1194 → 1171<\/strong> (-23 for losing)\n|raw|haha you rage quit's rating: 1226 → 1249<\/strong> (+23 for winning)\n|l|\u2606fedevac\n","uploadtime":1683133675,"views":14,"p1id":"fedevac","p2id":"hahayouragequit","formatid":"gen9vgc2023regulationc","rating":1171,"private":0,"password":""}