{"id":"gen9vgc2023regulationc-1848360881","p1":"seedroll","p2":"EnThy","format":"[Gen 9] VGC 2023 Regulation C","log":"|j|\u2606seedroll\n|j|\u2606EnThy\n|t:|1682066657\n|gametype|doubles\n|player|p1|seedroll|1|1210\n|player|p2|EnThy|101|1237\n|teamsize|p1|6\n|teamsize|p2|6\n|gen|9\n|tier|[Gen 9] VGC 2023 Regulation C\n|rated|\n|rule|Species Clause: Limit one of each Pok\u00e9mon\n|rule|Item Clause: Limit one of each item\n|clearpoke\n|poke|p1|Arcanine, L50, F|\n|poke|p1|Corviknight, L50, F|\n|poke|p1|Flutter Mane, L50|\n|poke|p1|Palafin, L50, F|\n|poke|p1|Amoonguss, L50, M|\n|poke|p1|Ting-Lu, L50|\n|poke|p2|Farigiraf, L50, F|\n|poke|p2|Abomasnow, L50, M|\n|poke|p2|Iron Bundle, L50|\n|poke|p2|Lycanroc-Midnight, L50, M|\n|poke|p2|Annihilape, L50, M|\n|poke|p2|Maushold-Four, L50|\n|teampreview|4\n|inactive|Battle timer is ON: inactive players will automatically lose when time's up. (requested by seedroll)\nseedroll has agreed to open team sheets.\n|inactive|seedroll has 60 seconds left.\n|inactive|EnThy has 60 seconds left.\n|\n|t:|1682066714\n|start\n|switch|p1a: Corviknight|Corviknight, L50, F|100\/100\n|switch|p1b: Flutter Mane|Flutter Mane, L50|100\/100\n|switch|p2a: Lycanroc|Lycanroc-Midnight, L50, M, shiny|100\/100\n|switch|p2b: Farigiraf|Farigiraf, L50, F, shiny|100\/100\n|turn|1\n|\n|t:|1682066738\n|move|p1b: Flutter Mane|Protect|p1b: Flutter Mane\n|-singleturn|p1b: Flutter Mane|Protect\n|move|p2a: Lycanroc|Endure|p2a: Lycanroc\n|-singleturn|p2a: Lycanroc|move: Endure\n|move|p1a: Corviknight|Bulk Up|p1a: Corviknight\n|-boost|p1a: Corviknight|atk|1\n|-boost|p1a: Corviknight|def|1\n|move|p2b: Farigiraf|Trick Room|p2b: Farigiraf\n|-fieldstart|move: Trick Room|[of] p2b: Farigiraf\n|\n|upkeep\n|turn|2\n|\n|t:|1682066756\n|move|p2b: Farigiraf|Skill Swap|p2a: Lycanroc\n|-activate|p2b: Farigiraf|move: Skill Swap|||[of] p2a: Lycanroc\n|move|p2a: Lycanroc|Stone Edge|p1b: Flutter Mane\n|-damage|p1b: Flutter Mane|23\/100\n|move|p1a: Corviknight|Body Press|p2a: Lycanroc\n|-supereffective|p2a: Lycanroc\n|-damage|p2a: Lycanroc|4\/100\n|move|p1b: Flutter Mane|Dazzling Gleam|p2b: Farigiraf|[spread] p2a,p2b\n|-damage|p2a: Lycanroc|0 fnt\n|-damage|p2b: Farigiraf|74\/100\n|faint|p2a: Lycanroc\n|-damage|p1b: Flutter Mane|13\/100|[from] item: Life Orb\n|\n|upkeep\n|\n|t:|1682066767\n|switch|p2a: Abomasnow|Abomasnow, L50, M, shiny|100\/100\n|-weather|Snow|[from] ability: Snow Warning|[of] p2a: Abomasnow\n|turn|3\n|inactive|seedroll has 30 seconds left.\n|\n|t:|1682066797\n|move|p1b: Flutter Mane|Protect|p1b: Flutter Mane\n|-singleturn|p1b: Flutter Mane|Protect\n|move|p2b: Farigiraf|Skill Swap|p2a: Abomasnow\n|-activate|p2b: Farigiraf|move: Skill Swap|||[of] p2a: Abomasnow\n|move|p2a: Abomasnow|Sheer Cold|p1a: Corviknight\n|-damage|p1a: Corviknight|0 fnt\n|faint|p1a: Corviknight\n|-ohko\n|\n|-weather|Snow|[upkeep]\n|upkeep\n|\n|t:|1682066819\n|switch|p1a: Arcanine|Arcanine, L50, F, shiny|100\/100\n|-ability|p1a: Arcanine|Intimidate|boost\n|-unboost|p2a: Abomasnow|atk|1\n|-unboost|p2b: Farigiraf|atk|1\n|turn|4\n|\n|t:|1682066835\n|move|p2b: Farigiraf|Dazzling Gleam|p1a: Arcanine|[spread] p1a,p1b\n|-resisted|p1a: Arcanine\n|-damage|p1a: Arcanine|94\/100\n|-damage|p1b: Flutter Mane|0 fnt\n|faint|p1b: Flutter Mane\n|-end|p1b: Flutter Mane|Protosynthesis|[silent]\n|move|p2a: Abomasnow|Sheer Cold|p1a: Arcanine\n|-damage|p1a: Arcanine|0 fnt\n|faint|p1a: Arcanine\n|-ohko\n|\n|-weather|Snow|[upkeep]\n|upkeep\n|\n|t:|1682066843\n|switch|p1a: Ting-Lu|Ting-Lu, L50|100\/100\n|-ability|p1a: Ting-Lu|Vessel of Ruin\n|turn|5\n|-message|seedroll forfeited.\n|\n|win|EnThy\n|raw|seedroll's rating: 1210 → 1187<\/strong> (-23 for losing)\n|raw|EnThy's rating: 1237 → 1260<\/strong> (+23 for winning)\n","uploadtime":1682066866,"views":8,"p1id":"seedroll","p2id":"enthy","formatid":"gen9vgc2023regulationc","rating":1187,"private":0,"password":""}