{"id":"gen9vgc2023regulationc-1848456044","p1":"Freischieb","p2":"SumoVGC","format":"[Gen 9] VGC 2023 Regulation C","log":"|j|\u2606Freischieb\n|j|\u2606SumoVGC\n|t:|1682080318\n|gametype|doubles\n|player|p1|Freischieb|2|\n|player|p2|SumoVGC|170|\n|teamsize|p1|6\n|teamsize|p2|6\n|gen|9\n|tier|[Gen 9] VGC 2023 Regulation C\n|rule|Species Clause: Limit one of each Pok\u00e9mon\n|rule|Item Clause: Limit one of each item\n|clearpoke\n|poke|p1|Arcanine, L50, M|\n|poke|p1|Mabosstiff, L50, M|\n|poke|p1|Lycanroc-Dusk, L50, M|\n|poke|p1|Staraptor, L50, F|\n|poke|p1|Luxray, L50, M|\n|poke|p1|Drifblim, L50, F|\n|poke|p2|Chi-Yu, L50|\n|poke|p2|Sandy Shocks, L50|\n|poke|p2|Lycanroc, L50, F|\n|poke|p2|Tyranitar, L50, M|\n|poke|p2|Sableye, L50, M|\n|poke|p2|Clodsire, L50, F|\n|teampreview|4\nFreischieb has agreed to open team sheets.\nSumoVGC has agreed to open team sheets.\n|c|\u2606SumoVGC|game 2\n|c|\u2606SumoVGC|gl hf\n|c|\u2606Freischieb|gl hf\n|\n|t:|1682080384\n|start\n|switch|p1a: Dog 3|Lycanroc-Dusk, L50, M|100\/100\n|switch|p1b: Dog 2|Mabosstiff, L50, M|100\/100\n|switch|p2a: Nemo at home|Chi-Yu, L50|100\/100\n|switch|p2b: Magneton on Meth|Sandy Shocks, L50|100\/100\n|-ability|p2a: Nemo at home|Beads of Ruin\n|-ability|p1b: Dog 2|Intimidate|boost\n|-unboost|p2a: Nemo at home|atk|1\n|-unboost|p2b: Magneton on Meth|atk|1\n|-enditem|p2b: Magneton on Meth|Booster Energy\n|-activate|p2b: Magneton on Meth|ability: Protosynthesis|[fromitem]\n|-start|p2b: Magneton on Meth|protosynthesisspe\n|turn|1\n|\n|t:|1682080424\n|-terastallize|p2a: Nemo at home|Fairy\n|move|p1a: Dog 3|Protect|p1a: Dog 3\n|-singleturn|p1a: Dog 3|Protect\n|move|p2b: Magneton on Meth|Earth Power|p1a: Dog 3\n|-activate|p1a: Dog 3|move: Protect\n|move|p2a: Nemo at home|Heat Wave|p1a: Dog 3|[spread] p1b\n|-activate|p1a: Dog 3|move: Protect\n|-damage|p1b: Dog 2|61\/100\n|move|p1b: Dog 2|Snarl|p2a: Nemo at home|[spread] p2a,p2b\n|-resisted|p2a: Nemo at home\n|-damage|p2a: Nemo at home|97\/100\n|-damage|p2b: Magneton on Meth|86\/100\n|-unboost|p2a: Nemo at home|spa|1\n|-unboost|p2b: Magneton on Meth|spa|1\n|\n|upkeep\n|turn|2\n|\n|t:|1682080461\n|switch|p1a: Dog 4|Staraptor, L50, F|100\/100\n|-ability|p1a: Dog 4|Intimidate|boost\n|-unboost|p2a: Nemo at home|atk|1\n|-unboost|p2b: Magneton on Meth|atk|1\n|move|p2b: Magneton on Meth|Thunderbolt|p1a: Dog 4\n|-supereffective|p1a: Dog 4\n|-damage|p1a: Dog 4|0 fnt\n|faint|p1a: Dog 4\n|move|p2a: Nemo at home|Heat Wave|p1b: Dog 2\n|-damage|p1b: Dog 2|23\/100\n|move|p1b: Dog 2|Snarl|p2b: Magneton on Meth|[spread] p2b\n|-miss|p1b: Dog 2|p2a: Nemo at home\n|-damage|p2b: Magneton on Meth|73\/100\n|-unboost|p2b: Magneton on Meth|spa|1\n|\n|upkeep\n|\n|t:|1682080469\n|switch|p1a: Dog 1|Arcanine, L50, M|100\/100\n|-ability|p1a: Dog 1|Intimidate|boost\n|-unboost|p2a: Nemo at home|atk|1\n|-unboost|p2b: Magneton on Meth|atk|1\n|turn|3\n|\n|t:|1682080484\n|-terastallize|p1a: Dog 1|Water\n|move|p2b: Magneton on Meth|Thunderbolt|p1a: Dog 1\n|-supereffective|p1a: Dog 1\n|-damage|p1a: Dog 1|41\/100\n|move|p2a: Nemo at home|Heat Wave|p1b: Dog 2|[spread] p1a,p1b\n|-resisted|p1a: Dog 1\n|-damage|p1a: Dog 1|24\/100\n|-damage|p1b: Dog 2|0 fnt\n|faint|p1b: Dog 2\n|move|p1a: Dog 1|Tera Blast|p2a: Nemo at home\n|-damage|p2a: Nemo at home|48\/100\n|\n|upkeep\n|\n|t:|1682080493\n|switch|p1b: Dog 3|Lycanroc-Dusk, L50, M|100\/100\n|turn|4\n|\n|t:|1682080528\n|move|p1b: Dog 3|Accelerock|p2a: Nemo at home\n|-damage|p2a: Nemo at home|2\/100\n|-damage|p1b: Dog 3|91\/100|[from] item: Life Orb\n|move|p2b: Magneton on Meth|Thunderbolt|p1a: Dog 1\n|-supereffective|p1a: Dog 1\n|-damage|p1a: Dog 1|0 fnt\n|faint|p1a: Dog 1\n|move|p2a: Nemo at home|Heat Wave|p1b: Dog 3\n|-resisted|p1b: Dog 3\n|-damage|p1b: Dog 3|52\/100\n|\n|upkeep\n|turn|5\n|\n|t:|1682080541\n|switch|p2a: Godzirra|Tyranitar, L50, M|100\/100\n|-weather|Sandstorm|[from] ability: Sand Stream|[of] p2a: Godzirra\n|move|p1b: Dog 3|Accelerock|p2a: Godzirra\n|-damage|p2a: Godzirra|76\/100\n|-damage|p1b: Dog 3|42\/100|[from] item: Life Orb\n|move|p2b: Magneton on Meth|Earth Power|p1b: Dog 3\n|-supereffective|p1b: Dog 3\n|-damage|p1b: Dog 3|0 fnt\n|faint|p1b: Dog 3\n|\n|win|SumoVGC\n|c|\u2606Freischieb|wp, oof\n|c|\u2606SumoVGC|gg wp\n|c|\u2606Freischieb|good read on staraptor\n|c|\u2606SumoVGC|ty\n|c|\u2606SumoVGC|i was banking on that switch\n|c|\u2606SumoVGC|i was so scared of all the howls and intimdates\n","uploadtime":1682080571,"views":16,"p1id":"freischieb","p2id":"sumovgc","formatid":"gen9vgc2023regulationc","rating":0,"private":0,"password":""}