{"id":"gen9vgc2023regulationc-1863887408","p1":"Cheez776","p2":"XxKillGore642xX","format":"[Gen 9] VGC 2023 Regulation C","log":"|j|\u2606Cheez776\n|j|\u2606XxKillGore642xX\n|t:|1684089600\n|gametype|doubles\n|player|p1|Cheez776|266|1141\n|player|p2|XxKillGore642xX|170|1065\n|teamsize|p1|6\n|teamsize|p2|6\n|gen|9\n|tier|[Gen 9] VGC 2023 Regulation C\n|rated|\n|rule|Species Clause: Limit one of each Pok\u00e9mon\n|rule|Item Clause: Limit one of each item\n|clearpoke\n|poke|p1|Great Tusk, L50|\n|poke|p1|Flutter Mane, L50|\n|poke|p1|Murkrow, L50, F|\n|poke|p1|Chi-Yu, L50|\n|poke|p1|Corviknight, L50, M|\n|poke|p1|Amoonguss, L50, F|\n|poke|p2|Gothitelle, L50, F|\n|poke|p2|Garchomp, L50, F|\n|poke|p2|Scream Tail, L50|\n|poke|p2|Torkoal, L50, M|\n|poke|p2|Gyarados, L50, M|\n|poke|p2|Chien-Pao, L50|\n|teampreview|4\nCheez776 rejected open team sheets.\n|inactive|Battle timer is ON: inactive players will automatically lose when time's up. (requested by Cheez776)\n|\n|t:|1684089632\n|start\n|switch|p1a: Great Tusk|Great Tusk, L50|100\/100\n|switch|p1b: Corviknight|Corviknight, L50, M|100\/100\n|switch|p2a: Gothitelle|Gothitelle, L50, F|100\/100\n|switch|p2b: Torkoal|Torkoal, L50, M|100\/100\n|-weather|SunnyDay|[from] ability: Drought|[of] p2b: Torkoal\n|-activate|p1a: Great Tusk|ability: Protosynthesis\n|-start|p1a: Great Tusk|protosynthesisatk\n|turn|1\n|inactive|Cheez776 has 30 seconds left.\n|inactive|XxKillGore642xX has 30 seconds left.\n|\n|t:|1684089665\n|move|p1a: Great Tusk|Headlong Rush|p2a: Gothitelle\n|-damage|p2a: Gothitelle|7\/100\n|-unboost|p1a: Great Tusk|def|1\n|-unboost|p1a: Great Tusk|spd|1\n|move|p1b: Corviknight|U-turn|p2a: Gothitelle\n|-supereffective|p2a: Gothitelle\n|-damage|p2a: Gothitelle|0 fnt\n|faint|p2a: Gothitelle\n|\n|t:|1684089681\n|switch|p1b: Amoonguss|Amoonguss, L50, F, shiny|100\/100|[from] U-turn\n|move|p2b: Torkoal|Solar Beam||[still]\n|-prepare|p2b: Torkoal|Solar Beam\n|-anim|p2b: Torkoal|Solar Beam|p1a: Great Tusk\n|-supereffective|p1a: Great Tusk\n|-damage|p1a: Great Tusk|0 fnt\n|faint|p1a: Great Tusk\n|-end|p1a: Great Tusk|Protosynthesis|[silent]\n|\n|-weather|SunnyDay|[upkeep]\n|upkeep\n|\n|t:|1684089700\n|switch|p1a: Corviknight|Corviknight, L50, M|100\/100\n|switch|p2a: Garchomp|Garchomp, L50, F|100\/100\n|turn|2\n|inactive|Cheez776 has 30 seconds left.\n|\n|t:|1684089726\n|switch|p2b: Scream Tail|Scream Tail, L50|100\/100\n|-activate|p2b: Scream Tail|ability: Protosynthesis\n|-start|p2b: Scream Tail|protosynthesisspe\n|-terastallize|p1b: Amoonguss|Water\n|move|p1a: Corviknight|Iron Head|p2a: Garchomp\n|-damage|p2a: Garchomp|51\/100\n|-damage|p1a: Corviknight|88\/100|[from] ability: Rough Skin|[of] p2a: Garchomp\n|move|p1b: Amoonguss|Spore|p2b: Scream Tail\n|-status|p2b: Scream Tail|slp|[from] move: Spore\n|move|p2a: Garchomp|Dragon Claw|p1b: Amoonguss\n|-damage|p1b: Amoonguss|62\/100\n|\n|-weather|SunnyDay|[upkeep]\n|upkeep\n|turn|3\n|inactive|Cheez776 has 30 seconds left.\n|inactive|XxKillGore642xX has 30 seconds left.\n|\n|t:|1684089757\n|move|p2a: Garchomp|Protect|p2a: Garchomp\n|-singleturn|p2a: Garchomp|Protect\n|cant|p2b: Scream Tail|slp\n|move|p1a: Corviknight|Iron Head|p2a: Garchomp\n|-activate|p2a: Garchomp|move: Protect\n|move|p1b: Amoonguss|Pollen Puff|p2a: Garchomp\n|-activate|p2a: Garchomp|move: Protect\n|\n|-weather|SunnyDay|[upkeep]\n|upkeep\n|turn|4\n|inactive|XxKillGore642xX has 30 seconds left.\n|\n|t:|1684089787\n|switch|p2a: Torkoal|Torkoal, L50, M|100\/100\n|cant|p2b: Scream Tail|slp\n|move|p1a: Corviknight|Iron Head|p2b: Scream Tail\n|-supereffective|p2b: Scream Tail\n|-damage|p2b: Scream Tail|33\/100 slp\n|-enditem|p2b: Scream Tail|Sitrus Berry|[eat]\n|-heal|p2b: Scream Tail|58\/100 slp|[from] item: Sitrus Berry\n|move|p1b: Amoonguss|Spore|p2a: Torkoal\n|-status|p2a: Torkoal|slp|[from] move: Spore\n|\n|-weather|SunnyDay|[upkeep]\n|upkeep\n|turn|5\n|\n|t:|1684089811\n|switch|p1b: Flutter Mane|Flutter Mane, L50|100\/100\n|-activate|p1b: Flutter Mane|ability: Protosynthesis\n|-start|p1b: Flutter Mane|protosynthesisspa\n|cant|p2b: Scream Tail|slp\n|move|p1a: Corviknight|Iron Head|p2b: Scream Tail\n|-supereffective|p2b: Scream Tail\n|-damage|p2b: Scream Tail|0 fnt\n|faint|p2b: Scream Tail\n|-end|p2b: Scream Tail|Protosynthesis|[silent]\n|cant|p2a: Torkoal|slp\n|\n|-weather|none\n|-end|p1b: Flutter Mane|Protosynthesis\n|upkeep\n|\n|t:|1684089826\n|switch|p2b: Garchomp|Garchomp, L50, F|51\/100\n|turn|6\n|\n|t:|1684089836\n|-terastallize|p2a: Torkoal|Fire\n|move|p2b: Garchomp|Protect|p2b: Garchomp\n|-singleturn|p2b: Garchomp|Protect\n|move|p1b: Flutter Mane|Dazzling Gleam|p2b: Garchomp|[spread] p2a\n|-activate|p2b: Garchomp|move: Protect\n|-resisted|p2a: Torkoal\n|-damage|p2a: Torkoal|73\/100 slp\n|-damage|p1b: Flutter Mane|91\/100|[from] item: Life Orb\n|move|p1a: Corviknight|Iron Head|p2b: Garchomp\n|-activate|p2b: Garchomp|move: Protect\n|-curestatus|p2a: Torkoal|slp|[msg]\n|move|p2a: Torkoal|Eruption|p1b: Flutter Mane|[spread] p1a,p1b\n|-supereffective|p1a: Corviknight\n|-damage|p1a: Corviknight|0 fnt\n|-damage|p1b: Flutter Mane|22\/100\n|faint|p1a: Corviknight\n|\n|upkeep\n|\n|t:|1684089852\n|switch|p1a: Amoonguss|Amoonguss, L50, F, shiny, tera:Water|62\/100\n|turn|7\n|\n|t:|1684089862\n|move|p1b: Flutter Mane|Moonblast|p2b: Garchomp\n|-supereffective|p2b: Garchomp\n|-damage|p2b: Garchomp|0 fnt\n|faint|p2b: Garchomp\n|-damage|p1b: Flutter Mane|12\/100|[from] item: Life Orb\n|move|p1a: Amoonguss|Spore|p2a: Torkoal\n|-status|p2a: Torkoal|slp|[from] move: Spore\n|cant|p2a: Torkoal|slp\n|\n|upkeep\n|turn|8\n|\n|t:|1684089882\n|move|p1b: Flutter Mane|Moonblast|p2a: Torkoal\n|-resisted|p2a: Torkoal\n|-damage|p2a: Torkoal|24\/100 slp\n|-damage|p1b: Flutter Mane|2\/100|[from] item: Life Orb\n|move|p1a: Amoonguss|Pollen Puff|p2a: Torkoal\n|-resisted|p2a: Torkoal\n|-damage|p2a: Torkoal|12\/100 slp\n|cant|p2a: Torkoal|slp\n|\n|upkeep\n|turn|9\n|\n|t:|1684089898\n|move|p1b: Flutter Mane|Shadow Ball|p2a: Torkoal\n|-damage|p2a: Torkoal|0 fnt\n|faint|p2a: Torkoal\n|-damage|p1b: Flutter Mane|0 fnt|[from] item: Life Orb\n|faint|p1b: Flutter Mane\n|-end|p1b: Flutter Mane|Protosynthesis|[silent]\n|\n|win|Cheez776\n|raw|Cheez776's rating: 1141 → 1161<\/strong> (+20 for winning)\n|raw|XxKillGore642xX's rating: 1065 → 1050<\/strong> (-15 for losing)\n|c|\u2606XxKillGore642xX|Gg pos\n","uploadtime":1684089915,"views":4,"p1id":"cheez776","p2id":"xxkillgore642xx","formatid":"gen9vgc2023regulationc","rating":1050,"private":0,"password":""}