{"id":"gen9vgc2023regulationc-1859048902","p1":"KnickNom","p2":"Lugiabirb","format":"[Gen 9] VGC 2023 Regulation C","log":"|j|\u2606KnickNom\n|j|\u2606Lugiabirb\n|t:|1683398445\n|gametype|doubles\n|player|p1|KnickNom|leon|\n|player|p2|Lugiabirb|leon|\n|teamsize|p1|6\n|teamsize|p2|6\n|gen|9\n|tier|[Gen 9] VGC 2023 Regulation C\n|rule|Species Clause: Limit one of each Pok\u00e9mon\n|rule|Item Clause: Limit one of each item\n|clearpoke\n|poke|p1|Iron Treads, L50|\n|poke|p1|Pincurchin, L50, F|\n|poke|p1|Indeedee-F, L50, F|\n|poke|p1|Iron Valiant, L50|\n|poke|p1|Iron Thorns, L50|\n|poke|p1|Ting-Lu, L50|\n|poke|p2|Garchomp, L50, M|\n|poke|p2|Tyranitar, L50, F|\n|poke|p2|Houndstone, L50, M|\n|poke|p2|Zoroark, L50, M|\n|poke|p2|Palafin, L50, M|\n|poke|p2|Amoonguss, L50, M|\n|teampreview|4\n|c|\u2606Lugiabirb|g2\n|j| mom lover\n|inactive|Battle timer is ON: inactive players will automatically lose when time's up. (requested by KnickNom)\n|inactive|KnickNom has 60 seconds left.\n|inactive|Lugiabirb has 60 seconds left.\n|inactive|KnickNom has 30 seconds left.\n|inactive|Lugiabirb has 30 seconds left.\n|inactive|Lugiabirb has 20 seconds left.\n|inactive|Lugiabirb has 15 seconds left.\n|inactive|Lugiabirb has 10 seconds left.\n|inactive|Lugiabirb has 5 seconds left.\n|\n|t:|1683399011\n|start\n|switch|p1a: Iron Treads|Iron Treads, L50|100\/100\n|switch|p1b: Indeedee|Indeedee-F, L50, F|100\/100\n|switch|p2a: Palafin|Palafin, L50, M|100\/100\n|switch|p2b: Amoonguss|Amoonguss, L50, M|100\/100\n|-fieldstart|move: Psychic Terrain|[from] ability: Psychic Surge|[of] p1b: Indeedee\n|turn|1\n|j| Akari Disapproves\n|j| spaceyL1\n|inactive|Lugiabirb has 30 seconds left.\n|inactive|Lugiabirb has 20 seconds left.\n|\n|t:|1683399050\n|move|p1b: Indeedee|Follow Me|p1b: Indeedee\n|-singleturn|p1b: Indeedee|move: Follow Me\n|move|p1a: Iron Treads|Steel Roller|p2a: Palafin\n|-resisted|p2a: Palafin\n|-damage|p2a: Palafin|65\/100\n|-fieldend|move: Psychic Terrain\n|move|p2a: Palafin|Wave Crash|p1b: Indeedee\n|-damage|p1b: Indeedee|49\/100\n|-damage|p2a: Palafin|50\/100|[from] Recoil\n|-enditem|p1b: Indeedee|Eject Button\n|\n|t:|1683399059\n|switch|p1b: Ting-Lu|Ting-Lu, L50|100\/100\n|-ability|p1b: Ting-Lu|Vessel of Ruin\n|move|p2b: Amoonguss|Pollen Puff|p2a: Palafin\n|-heal|p2a: Palafin|99\/100\n|\n|upkeep\n|turn|2\n|inactive|KnickNom has 30 seconds left.\n|inactive|Lugiabirb has 30 seconds left.\n|\n|t:|1683399092\n|detailschange|p2a: Palafin|Palafin-Hero, L50, M\n|switch|p2a: Garchomp|Garchomp, L50, M|100\/100\n|move|p1a: Iron Treads|Stomping Tantrum|p2a: Garchomp\n|-damage|p2a: Garchomp|63\/100\n|move|p1b: Ting-Lu|Fissure|p2b: Amoonguss\n|-damage|p2b: Amoonguss|0 fnt\n|faint|p2b: Amoonguss\n|-ohko\n|\n|upkeep\n|c|\u2606KnickNom|LOL\n|\n|t:|1683399105\n|switch|p2b: Palafin|Palafin-Hero, L50, M|99\/100\n|-activate|p2b: Palafin|ability: Zero to Hero\n|turn|3\n|c| Akari Disapproves|big man ting\n|c|\u2606KnickNom|i hate this pokemon with all my heart\n|j| Bostonl1\n|inactive|KnickNom has 30 seconds left.\n|\n|t:|1683399140\n|-terastallize|p1b: Ting-Lu|Grass\n|move|p2b: Palafin|Protect|p2b: Palafin\n|-singleturn|p2b: Palafin|Protect\n|move|p2a: Garchomp|Earthquake|p1a: Iron Treads|[spread] p1a,p1b\n|-activate|p2b: Palafin|move: Protect\n|-supereffective|p1a: Iron Treads\n|-resisted|p1b: Ting-Lu\n|-crit|p1b: Ting-Lu\n|-damage|p1a: Iron Treads|27\/100\n|-damage|p1b: Ting-Lu|82\/100\n|move|p1a: Iron Treads|Rock Slide|p2a: Garchomp|[spread] p2a\n|-activate|p2b: Palafin|move: Protect\n|-resisted|p2a: Garchomp\n|-damage|p2a: Garchomp|55\/100\n|move|p1b: Ting-Lu|Stomping Tantrum|p2b: Palafin\n|-activate|p2b: Palafin|move: Protect\n|\n|upkeep\n|turn|4\n|c| Bostonl1|Somewhere resh is giggling like a 5 year old and he doesn\u2019t know why\n|inactive|KnickNom has 30 seconds left.\n|inactive|Lugiabirb has 30 seconds left.\n|inactive|Lugiabirb has 20 seconds left.\n|\n|t:|1683399177\n|-end|p1a: Iron Treads|Quark Drive|[silent]\n|switch|p1a: Indeedee|Indeedee-F, L50, F|49\/100\n|-fieldstart|move: Psychic Terrain|[from] ability: Psychic Surge|[of] p1a: Indeedee\n|move|p2b: Palafin|Jet Punch|p1a: Indeedee\n|-activate|p1a: Indeedee|move: Psychic Terrain\n|move|p2a: Garchomp|Rock Slide|p1a: Indeedee|[spread] p1a,p1b\n|-damage|p1a: Indeedee|30\/100\n|-damage|p1b: Ting-Lu|70\/100\n|move|p1b: Ting-Lu|Throat Chop|p2b: Palafin\n|-damage|p2b: Palafin|64\/100\n|-start|p2b: Palafin|Throat Chop|[silent]\n|\n|upkeep\n|turn|5\n|inactive|KnickNom has 30 seconds left.\n|\n|t:|1683399203\n|move|p2b: Palafin|Protect|p2b: Palafin\n|-singleturn|p2b: Palafin|Protect\n|move|p2a: Garchomp|Earthquake|p1b: Ting-Lu|[spread] p1a,p1b\n|-activate|p2b: Palafin|move: Protect\n|-resisted|p1b: Ting-Lu\n|-damage|p1a: Indeedee|0 fnt\n|-damage|p1b: Ting-Lu|57\/100\n|faint|p1a: Indeedee\n|move|p1b: Ting-Lu|Throat Chop|p2b: Palafin\n|-activate|p2b: Palafin|move: Protect\n|\n|-end|p2b: Palafin|Throat Chop|[silent]\n|upkeep\n|\n|t:|1683399207\n|switch|p1a: Iron Valiant|Iron Valiant, L50|100\/100\n|turn|6\n|inactive|Lugiabirb has 30 seconds left.\n|\n|t:|1683399238\n|switch|p2b: Tyranitar|Tyranitar, L50, F|100\/100\n|-weather|Sandstorm|[from] ability: Sand Stream|[of] p2b: Tyranitar\n|-terastallize|p2a: Garchomp|Rock\n|move|p1a: Iron Valiant|Protect|p1a: Iron Valiant\n|-singleturn|p1a: Iron Valiant|Protect\n|move|p2a: Garchomp|Rock Tomb|p1a: Iron Valiant\n|-activate|p1a: Iron Valiant|move: Protect\n|move|p1b: Ting-Lu|Throat Chop|p2b: Tyranitar\n|-resisted|p2b: Tyranitar\n|-damage|p2b: Tyranitar|85\/100\n|-start|p2b: Tyranitar|Throat Chop|[silent]\n|\n|-weather|Sandstorm|[upkeep]\n|-damage|p1a: Iron Valiant|94\/100|[from] Sandstorm\n|-damage|p1b: Ting-Lu|52\/100|[from] Sandstorm\n|upkeep\n|turn|7\n|inactive|KnickNom has 30 seconds left.\n|inactive|Lugiabirb has 30 seconds left.\n|\n|t:|1683399271\n|move|p1a: Iron Valiant|Close Combat|p2b: Tyranitar\n|-supereffective|p2b: Tyranitar\n|-damage|p2b: Tyranitar|0 fnt\n|-unboost|p1a: Iron Valiant|def|1\n|-unboost|p1a: Iron Valiant|spd|1\n|faint|p2b: Tyranitar\n|-damage|p1a: Iron Valiant|85\/100|[from] item: Life Orb\n|move|p2a: Garchomp|Rock Tomb|p1a: Iron Valiant\n|-resisted|p1a: Iron Valiant\n|-damage|p1a: Iron Valiant|55\/100\n|-unboost|p1a: Iron Valiant|spe|1\n|move|p1b: Ting-Lu|Heavy Slam|p2a: Garchomp\n|-supereffective|p2a: Garchomp\n|-damage|p2a: Garchomp|0 fnt\n|faint|p2a: Garchomp\n|\n|-weather|Sandstorm|[upkeep]\n|-damage|p1a: Iron Valiant|49\/100|[from] Sandstorm\n|-damage|p1b: Ting-Lu|46\/100|[from] Sandstorm\n|upkeep\n|\n|t:|1683399285\n|switch|p2b: Palafin|Palafin-Hero, L50, M|64\/100\n|turn|8\n|inactive|KnickNom has 30 seconds left.\n|\n|t:|1683399311\n|-end|p1a: Iron Valiant|Quark Drive|[silent]\n|switch|p1a: Iron Treads|Iron Treads, L50|27\/100\n|move|p2b: Palafin|Protect|p2b: Palafin\n|-singleturn|p2b: Palafin|Protect\n|move|p1b: Ting-Lu|Throat Chop|p2b: Palafin\n|-activate|p2b: Palafin|move: Protect\n|\n|-weather|Sandstorm|[upkeep]\n|-damage|p2b: Palafin|58\/100|[from] Sandstorm\n|-damage|p1b: Ting-Lu|40\/100|[from] Sandstorm\n|-fieldend|move: Psychic Terrain\n|upkeep\n|turn|9\n|\n|t:|1683399319\n|move|p1a: Iron Treads|Stomping Tantrum|p2b: Palafin\n|-damage|p2b: Palafin|28\/100\n|move|p2b: Palafin|Wave Crash|p1b: Ting-Lu\n|-resisted|p1b: Ting-Lu\n|-damage|p1b: Ting-Lu|11\/100\n|-damage|p2b: Palafin|16\/100|[from] Recoil\n|move|p1b: Ting-Lu|Throat Chop|p2b: Palafin\n|-damage|p2b: Palafin|0 fnt\n|faint|p2b: Palafin\n|\n|win|KnickNom\n|c|\u2606Lugiabirb|gg\n|c|\u2606KnickNom|gg\n|l| mom lover\n|l| Akari Disapproves\n","uploadtime":1683399349,"views":27,"p1id":"knicknom","p2id":"lugiabirb","formatid":"gen9vgc2023regulationc","rating":0,"private":0,"password":""}