{"id":"gen9vgc2023regulationc-1854336104","p1":"pokemon_and_beer","p2":"5wamp","format":"[Gen 9] VGC 2023 Regulation C","log":"|j|\u2606pokemon_and_beer\n|j|\u26065wamp\n|t:|1682798454\n|gametype|doubles\n|player|p1|pokemon_and_beer|266|\n|player|p2|5wamp|boarder|\n|teamsize|p1|6\n|teamsize|p2|6\n|gen|9\n|tier|[Gen 9] VGC 2023 Regulation C\n|rule|Species Clause: Limit one of each Pok\u00e9mon\n|rule|Item Clause: Limit one of each item\n|clearpoke\n|poke|p1|Arcanine, L50, M|\n|poke|p1|Amoonguss, L50, M|\n|poke|p1|Kingambit, L50, F|\n|poke|p1|Flutter Mane, L50|\n|poke|p1|Ting-Lu, L50|\n|poke|p1|Palafin, L50, F|\n|poke|p2|Flutter Mane, L50|\n|poke|p2|Arcanine, L50, F|\n|poke|p2|Amoonguss, L50, F|\n|poke|p2|Ting-Lu, L50|\n|poke|p2|Kingambit, L50, M|\n|poke|p2|Palafin, L50, M|\n|teampreview|4\npokemon_and_beer has agreed to open team sheets.\n5wamp has agreed to open team sheets.\n|c|\u26065wamp|glhf\n|c|\u2606pokemon_and_beer|gl hf!\n|\n|t:|1682798491\n|start\n|switch|p1a: Ripley|Arcanine, L50, M|100\/100\n|switch|p1b: Willow|Flutter Mane, L50|100\/100\n|switch|p2a: DOGTOOTH|Arcanine, L50, F|100\/100\n|switch|p2b: SAFARI|Palafin, L50, M, shiny|100\/100\n|-ability|p1a: Ripley|Intimidate|boost\n|-unboost|p2a: DOGTOOTH|atk|1\n|-unboost|p2b: SAFARI|atk|1\n|-ability|p2a: DOGTOOTH|Intimidate|boost\n|-unboost|p1a: Ripley|atk|1\n|-unboost|p1b: Willow|atk|1\n|turn|1\n|c|\u26065wamp|watch it burn again lol\n|\n|t:|1682798508\n|move|p1a: Ripley|Extreme Speed|p2a: DOGTOOTH\n|-damage|p2a: DOGTOOTH|87\/100\n|move|p2b: SAFARI|Jet Punch|p1b: Willow\n|-damage|p1b: Willow|65\/100\n|move|p1b: Willow|Shadow Ball|p2a: DOGTOOTH\n|-damage|p2a: DOGTOOTH|22\/100\n|move|p2a: DOGTOOTH|Flare Blitz|p1b: Willow\n|-crit|p1b: Willow\n|-damage|p1b: Willow|0 fnt\n|faint|p1b: Willow\n|-end|p1b: Willow|Protosynthesis|[silent]\n|-damage|p2a: DOGTOOTH|8\/100|[from] Recoil\n|\n|upkeep\n|c|\u26065wamp|wait why the espeed?\n|\n|t:|1682798523\n|switch|p1b: Mugman|Ting-Lu, L50|100\/100\n|-ability|p1b: Mugman|Vessel of Ruin\n|turn|2\n|c|\u26065wamp|that puts me in espeed range this turn when i wouldnt have been otherwise lol\n|j| thrillowisp\n|\n|t:|1682798571\n|switch|p2a: PUPPET|Flutter Mane, L50, shiny|100\/100\n|-enditem|p2a: PUPPET|Booster Energy\n|-activate|p2a: PUPPET|ability: Protosynthesis|[fromitem]\n|-start|p2a: PUPPET|protosynthesisspa\n|detailschange|p2b: SAFARI|Palafin-Hero, L50, M, shiny\n|switch|p2b: OKRA|Amoonguss, L50, F|100\/100\n|move|p1a: Ripley|Flare Blitz|p2a: PUPPET\n|-damage|p2a: PUPPET|53\/100\n|-damage|p1a: Ripley|88\/100|[from] Recoil\n|move|p1b: Mugman|Stomping Tantrum|p2b: OKRA\n|-damage|p2b: OKRA|70\/100\n|\n|upkeep\n|turn|3\n|c|\u2606pokemon_and_beer|Idk, I thought it'd do more and the double up into shadow ball would kill\n|c|\u26065wamp|did we not say same t1?\n|c|\u2606pokemon_and_beer|No, I just said same leads\n|c|\u26065wamp|oh lol\n|c|\u26065wamp|i thought it was same t1\n|c|\u2606pokemon_and_beer|we can do same T1\n|c|\u2606pokemon_and_beer|I'm fine with that\n|c|\u26065wamp|dw\n|\n|t:|1682798627\n|switch|p1b: Spordyceps|Amoonguss, L50, M|100\/100\n|switch|p2b: DOGTOOTH|Arcanine, L50, F|8\/100\n|-ability|p2b: DOGTOOTH|Intimidate|boost\n|-unboost|p1a: Ripley|atk|1\n|-unboost|p1b: Spordyceps|atk|1\n|-terastallize|p2a: PUPPET|Fairy\n|move|p2a: PUPPET|Moonblast|p1b: Spordyceps\n|-resisted|p1b: Spordyceps\n|-damage|p1b: Spordyceps|60\/100\n|-unboost|p1b: Spordyceps|spa|1\n|move|p1a: Ripley|Howl|p1a: Ripley|[spread] p1a,p1b\n|-boost|p1a: Ripley|atk|1\n|-boost|p1b: Spordyceps|atk|1\n|\n|upkeep\n|turn|4\n|\n|t:|1682798658\n|move|p2a: PUPPET|Protect|p2a: PUPPET\n|-singleturn|p2a: PUPPET|Protect\n|move|p1b: Spordyceps|Protect|p1b: Spordyceps\n|-singleturn|p1b: Spordyceps|Protect\n|move|p1a: Ripley|Howl|p1a: Ripley|[spread] p1a,p1b\n|-boost|p1a: Ripley|atk|1\n|-boost|p1b: Spordyceps|atk|1\n|move|p2b: DOGTOOTH|Flare Blitz|p1b: Spordyceps\n|-activate|p1b: Spordyceps|move: Protect\n|\n|upkeep\n|turn|5\n|\n|t:|1682798671\n|-end|p2a: PUPPET|Protosynthesis|[silent]\n|switch|p2a: OKRA|Amoonguss, L50, F|100\/100\n|move|p1a: Ripley|Extreme Speed|p2b: DOGTOOTH\n|-damage|p2b: DOGTOOTH|0 fnt\n|faint|p2b: DOGTOOTH\n|move|p1b: Spordyceps|Pollen Puff|p1a: Ripley\n|-heal|p1a: Ripley|100\/100\n|\n|upkeep\n|\n|t:|1682798682\n|switch|p2b: SAFARI|Palafin-Hero, L50, M, shiny|100\/100\n|-activate|p2b: SAFARI|ability: Zero to Hero\n|turn|6\n|\n|t:|1682798699\n|move|p1b: Spordyceps|Rage Powder|p1b: Spordyceps\n|-singleturn|p1b: Spordyceps|move: Rage Powder\n|move|p1a: Ripley|Will-O-Wisp|p2b: SAFARI\n|-status|p2b: SAFARI|brn\n|move|p2b: SAFARI|Wave Crash|p1b: Spordyceps\n|-resisted|p1b: Spordyceps\n|-damage|p1b: Spordyceps|40\/100\n|-enditem|p1b: Spordyceps|Sitrus Berry|[eat]\n|-heal|p1b: Spordyceps|65\/100|[from] item: Sitrus Berry\n|-damage|p2b: SAFARI|93\/100 brn|[from] Recoil\n|move|p2a: OKRA|Pollen Puff|p2b: SAFARI\n|-heal|p2b: SAFARI|100\/100 brn\n|\n|-damage|p2b: SAFARI|94\/100 brn|[from] brn\n|upkeep\n|turn|7\n|-message|5wamp forfeited.\n|\n|win|pokemon_and_beer\n|c|\u26065wamp|gg\n|c|\u2606pokemon_and_beer|gg\n|l|\u26065wamp\n|l| thrillowisp\n|c|\u2606pokemon_and_beer|want to redo T1?\n","uploadtime":1682798739,"views":15,"p1id":"pokemonandbeer","p2id":"5wamp","formatid":"gen9vgc2023regulationc","rating":0,"private":0,"password":""}