{"id":"gen9vgc2023regulationc-1848878654","p1":"The Penguinari","p2":"Toedscruel World","format":"[Gen 9] VGC 2023 Regulation C","log":"|j|\u2606The Penguinari\n|j|\u2606Toedscruel World\n|t:|1682120921\n|gametype|doubles\n|player|p1|The Penguinari|grimsley|1130\n|player|p2|Toedscruel World|burglar|1203\n|teamsize|p1|6\n|teamsize|p2|6\n|gen|9\n|tier|[Gen 9] VGC 2023 Regulation C\n|rated|\n|rule|Species Clause: Limit one of each Pok\u00e9mon\n|rule|Item Clause: Limit one of each item\n|clearpoke\n|poke|p1|Iron Bundle, L50|\n|poke|p1|Amoonguss, L50, M|\n|poke|p1|Chi-Yu, L50|\n|poke|p1|Corviknight, L50, F|\n|poke|p1|Flutter Mane, L50|\n|poke|p1|Iron Hands, L50|\n|poke|p2|Dondozo, L50, M|\n|poke|p2|Tatsugiri, L50, F|\n|poke|p2|Flutter Mane, L50|\n|poke|p2|Chi-Yu, L50|\n|poke|p2|Arcanine, L50, F|\n|poke|p2|Scizor, L50, F|\n|teampreview|4\nThe Penguinari has agreed to open team sheets.\nToedscruel World has agreed to open team sheets.\n|\n|t:|1682120959\n|start\n|switch|p1a: Iron Hands|Iron Hands, L50|100\/100\n|switch|p1b: Flutter Mane|Flutter Mane, L50|100\/100\n|switch|p2a: Chi-Yu|Chi-Yu, L50|100\/100\n|switch|p2b: Arcanine|Arcanine, L50, F|100\/100\n|-ability|p2a: Chi-Yu|Beads of Ruin\n|-ability|p2b: Arcanine|Intimidate|boost\n|-unboost|p1a: Iron Hands|atk|1\n|-unboost|p1b: Flutter Mane|atk|1\n|turn|1\n|\n|t:|1682121025\n|move|p2a: Chi-Yu|Protect|p2a: Chi-Yu\n|-singleturn|p2a: Chi-Yu|Protect\n|move|p2b: Arcanine|Protect|p2b: Arcanine\n|-singleturn|p2b: Arcanine|Protect\n|move|p1a: Iron Hands|Fake Out|p2a: Chi-Yu\n|-activate|p2a: Chi-Yu|move: Protect\n|move|p1b: Flutter Mane|Power Gem|p2a: Chi-Yu\n|-activate|p2a: Chi-Yu|move: Protect\n|\n|upkeep\n|turn|2\n|\n|t:|1682121045\n|move|p2a: Chi-Yu|Heat Wave|p1b: Flutter Mane|[spread] p1a,p1b\n|-damage|p1a: Iron Hands|71\/100\n|-damage|p1b: Flutter Mane|55\/100\n|move|p1b: Flutter Mane|Power Gem|p2b: Arcanine\n|-supereffective|p2b: Arcanine\n|-damage|p2b: Arcanine|0 fnt\n|faint|p2b: Arcanine\n|move|p1a: Iron Hands|Drain Punch|p2a: Chi-Yu\n|-supereffective|p2a: Chi-Yu\n|-enditem|p2a: Chi-Yu|Focus Sash\n|-damage|p2a: Chi-Yu|1\/100\n|-heal|p1a: Iron Hands|97\/100|[from] drain|[of] p2a: Chi-Yu\n|\n|upkeep\n|\n|t:|1682121052\n|switch|p2b: Dondozo|Dondozo, L50, M|100\/100\n|turn|3\n|\n|t:|1682121072\n|switch|p2a: Tatsugiri|Tatsugiri, L50, F|100\/100\n|-activate|p2a: Tatsugiri|ability: Commander|[of] p2b: Dondozo\n|-boost|p2b: Dondozo|atk|2\n|-boost|p2b: Dondozo|spa|2\n|-boost|p2b: Dondozo|spe|2\n|-boost|p2b: Dondozo|def|2\n|-boost|p2b: Dondozo|spd|2\n|-terastallize|p1a: Iron Hands|Grass\n|-terastallize|p2b: Dondozo|Grass\n|move|p1b: Flutter Mane|Power Gem|p2a: Tatsugiri|[miss]\n|-miss|p1b: Flutter Mane|p2a: Tatsugiri\n|move|p2b: Dondozo|Earthquake|p1a: Iron Hands|[spread] p1a,p1b\n|-miss|p2b: Dondozo|p2a: Tatsugiri\n|-resisted|p1a: Iron Hands\n|-damage|p1a: Iron Hands|81\/100\n|-damage|p1b: Flutter Mane|0 fnt\n|faint|p1b: Flutter Mane\n|-end|p1b: Flutter Mane|Protosynthesis|[silent]\n|move|p1a: Iron Hands|Wild Charge|p2b: Dondozo\n|-resisted|p2b: Dondozo\n|-damage|p2b: Dondozo|94\/100\n|-damage|p1a: Iron Hands|80\/100|[from] Recoil\n|\n|upkeep\n|\n|t:|1682121104\n|switch|p1b: Iron Bundle|Iron Bundle, L50|100\/100\n|-enditem|p1b: Iron Bundle|Booster Energy\n|-activate|p1b: Iron Bundle|ability: Quark Drive|[fromitem]\n|-start|p1b: Iron Bundle|quarkdrivespe\n|turn|4\n|\n|t:|1682121121\n|move|p1b: Iron Bundle|Freeze-Dry|p2b: Dondozo\n|-supereffective|p2b: Dondozo\n|-damage|p2b: Dondozo|75\/100\n|move|p2b: Dondozo|Tera Blast|p1b: Iron Bundle\n|-supereffective|p1b: Iron Bundle\n|-damage|p1b: Iron Bundle|0 fnt\n|faint|p1b: Iron Bundle\n|-end|p1b: Iron Bundle|Quark Drive|[silent]\n|move|p1a: Iron Hands|Drain Punch|p2b: Dondozo\n|-damage|p2b: Dondozo|64\/100\n|-heal|p1a: Iron Hands|85\/100|[from] drain|[of] p2b: Dondozo\n|\n|upkeep\n|\n|t:|1682121132\n|switch|p1b: Amoonguss|Amoonguss, L50, M|100\/100\n|turn|5\n|\n|t:|1682121161\n|move|p2b: Dondozo|Order Up|p1a: Iron Hands\n|-damage|p1a: Iron Hands|47\/100\n|-boost|p2b: Dondozo|atk|1\n|move|p1a: Iron Hands|Drain Punch|p2b: Dondozo\n|-damage|p2b: Dondozo|53\/100\n|-heal|p1a: Iron Hands|52\/100|[from] drain|[of] p2b: Dondozo\n|move|p1b: Amoonguss|Pollen Puff|p1a: Iron Hands\n|-heal|p1a: Iron Hands|100\/100\n|\n|upkeep\n|turn|6\n|\n|t:|1682121203\n|move|p2b: Dondozo|Order Up|p1b: Amoonguss\n|-damage|p1b: Amoonguss|46\/100\n|-boost|p2b: Dondozo|atk|1\n|move|p1a: Iron Hands|Drain Punch|p2b: Dondozo\n|-damage|p2b: Dondozo|44\/100\n|move|p1b: Amoonguss|Pollen Puff|p1a: Iron Hands\n|-immune|p1a: Iron Hands\n|\n|upkeep\n|turn|7\n|\n|t:|1682121214\n|move|p1b: Amoonguss|Protect|p1b: Amoonguss\n|-singleturn|p1b: Amoonguss|Protect\n|move|p2b: Dondozo|Order Up|p1b: Amoonguss\n|-activate|p1b: Amoonguss|move: Protect\n|move|p1a: Iron Hands|Drain Punch|p2b: Dondozo\n|-damage|p2b: Dondozo|33\/100\n|\n|upkeep\n|turn|8\n|\n|t:|1682121225\n|move|p2b: Dondozo|Order Up|p1b: Amoonguss\n|-damage|p1b: Amoonguss|0 fnt\n|faint|p1b: Amoonguss\n|-boost|p2b: Dondozo|atk|1\n|move|p1a: Iron Hands|Drain Punch|p2b: Dondozo\n|-damage|p2b: Dondozo|22\/100\n|\n|upkeep\n|turn|9\n|\n|t:|1682121231\n|move|p2b: Dondozo|Order Up|p1a: Iron Hands\n|-damage|p1a: Iron Hands|45\/100\n|-boost|p2b: Dondozo|atk|1\n|move|p1a: Iron Hands|Drain Punch|p2b: Dondozo\n|-damage|p2b: Dondozo|11\/100\n|-heal|p1a: Iron Hands|50\/100|[from] drain|[of] p2b: Dondozo\n|\n|upkeep\n|turn|10\n|\n|t:|1682121239\n|move|p2b: Dondozo|Order Up|p1a: Iron Hands\n|-damage|p1a: Iron Hands|0 fnt\n|faint|p1a: Iron Hands\n|-end|p1a: Iron Hands|Quark Drive|[silent]\n|\n|win|Toedscruel World\n|raw|The Penguinari's rating: 1130 → 1110<\/strong> (-20 for losing)\n|raw|Toedscruel World's rating: 1203 → 1223<\/strong> (+20 for winning)\n","uploadtime":1682121242,"views":15,"p1id":"thepenguinari","p2id":"toedscruelworld","formatid":"gen9vgc2023regulationc","rating":1110,"private":0,"password":""}