{"id":"gen9vgc2023regulationc-1857318178","p1":"jonnycjdyilg","p2":"Ricardo Randorez","format":"[Gen 9] VGC 2023 Regulation C","log":"|j|\u2606jonnycjdyilg\n|j|\u2606Ricardo Randorez\n|t:|1683172478\n|gametype|doubles\n|player|p1|jonnycjdyilg|roxanne|1051\n|player|p2|Ricardo Randorez|265|1128\n|teamsize|p1|6\n|teamsize|p2|6\n|gen|9\n|tier|[Gen 9] VGC 2023 Regulation C\n|rated|\n|rule|Species Clause: Limit one of each Pok\u00e9mon\n|rule|Item Clause: Limit one of each item\n|clearpoke\n|poke|p1|Dragapult, L50, F|\n|poke|p1|Sandy Shocks, L50|\n|poke|p1|Garchomp, L50, F|\n|poke|p1|Gyarados, L50, F|\n|poke|p1|Amoonguss, L50, M|\n|poke|p1|Volcarona, L50, F|\n|poke|p2|Abomasnow, L50, M|\n|poke|p2|Ting-Lu, L50|\n|poke|p2|Iron Hands, L50|\n|poke|p2|Flutter Mane, L50|\n|poke|p2|Arcanine, L50, F|\n|poke|p2|Bronzong, L50|\n|teampreview|4\n|inactive|Battle timer is ON: inactive players will automatically lose when time's up. (requested by jonnycjdyilg)\n|inactive|jonnycjdyilg has 60 seconds left.\n|inactive|Ricardo Randorez has 60 seconds left.\n|inactive|jonnycjdyilg has 30 seconds left.\n|\n|t:|1683172543\n|start\n|switch|p1a: Amoonguss|Amoonguss, L50, M|100\/100\n|switch|p1b: Volcarona|Volcarona, L50, F|100\/100\n|switch|p2a: Iron Hands|Iron Hands, L50|100\/100\n|switch|p2b: Bronzong|Bronzong, L50|100\/100\n|turn|1\n|inactive|Ricardo Randorez has 30 seconds left.\n|\n|t:|1683172571\n|-terastallize|p1a: Amoonguss|Ghost\n|move|p2a: Iron Hands|Fake Out|p1a: Amoonguss\n|-immune|p1a: Amoonguss\n|move|p1b: Volcarona|Quiver Dance|p1b: Volcarona\n|-boost|p1b: Volcarona|spa|1\n|-boost|p1b: Volcarona|spd|1\n|-boost|p1b: Volcarona|spe|1\n|move|p1a: Amoonguss|Spore|p2b: Bronzong\n|-activate|p2b: Bronzong|item: Safety Goggles|Spore\n|move|p2b: Bronzong|Safeguard|p2b: Bronzong\n|-sidestart|p2: Ricardo Randorez|Safeguard\n|\n|upkeep\n|turn|2\n|inactive|jonnycjdyilg has 30 seconds left.\n|inactive|Ricardo Randorez has 30 seconds left.\n|inactive|jonnycjdyilg has 20 seconds left.\n|\n|t:|1683172608\n|switch|p1a: Sandy Shocks|Sandy Shocks, L50|100\/100\n|-enditem|p1a: Sandy Shocks|Booster Energy\n|-activate|p1a: Sandy Shocks|ability: Protosynthesis|[fromitem]\n|-start|p1a: Sandy Shocks|protosynthesisspe\n|move|p1b: Volcarona|Flamethrower|p2b: Bronzong\n|-supereffective|p2b: Bronzong\n|-damage|p2b: Bronzong|0 fnt\n|faint|p2b: Bronzong\n|move|p2a: Iron Hands|Wild Charge|p1b: Volcarona\n|-damage|p1b: Volcarona|15\/100\n|-damage|p2a: Iron Hands|86\/100|[from] Recoil\n|\n|upkeep\n|\n|t:|1683172621\n|switch|p2b: Ting-Lu|Ting-Lu, L50|100\/100\n|-ability|p2b: Ting-Lu|Vessel of Ruin\n|turn|3\n|\n|t:|1683172639\n|move|p1b: Volcarona|Protect|p1b: Volcarona\n|-singleturn|p1b: Volcarona|Protect\n|move|p1a: Sandy Shocks|Discharge|p2b: Ting-Lu|[spread] p2a\n|-activate|p1b: Volcarona|move: Protect\n|-immune|p2b: Ting-Lu\n|-resisted|p2a: Iron Hands\n|-damage|p2a: Iron Hands|81\/100\n|move|p2a: Iron Hands|Wild Charge|p1b: Volcarona\n|-activate|p1b: Volcarona|move: Protect\n|move|p2b: Ting-Lu|Stomping Tantrum|p1a: Sandy Shocks\n|-supereffective|p1a: Sandy Shocks\n|-damage|p1a: Sandy Shocks|0 fnt\n|faint|p1a: Sandy Shocks\n|-end|p1a: Sandy Shocks|Protosynthesis|[silent]\n|\n|upkeep\n|\n|t:|1683172650\n|switch|p1a: Amoonguss|Amoonguss, L50, M, tera:Ghost|100\/100\n|turn|4\n|\n|t:|1683172666\n|switch|p2b: Abomasnow|Abomasnow, L50, M|100\/100\n|-weather|Snow|[from] ability: Snow Warning|[of] p2b: Abomasnow\n|move|p1a: Amoonguss|Rage Powder|p1a: Amoonguss\n|-singleturn|p1a: Amoonguss|move: Rage Powder\n|move|p1b: Volcarona|Giga Drain|p2b: Abomasnow\n|-resisted|p2b: Abomasnow\n|-damage|p2b: Abomasnow|77\/100\n|-heal|p1b: Volcarona|29\/100|[from] drain|[of] p2b: Abomasnow\n|move|p2a: Iron Hands|Wild Charge|p1a: Amoonguss\n|-damage|p1a: Amoonguss|45\/100\n|-damage|p2a: Iron Hands|68\/100|[from] Recoil\n|\n|-weather|Snow|[upkeep]\n|upkeep\n|turn|5\n|inactive|Ricardo Randorez has 30 seconds left.\n|\n|t:|1683172697\n|switch|p2b: Ting-Lu|Ting-Lu, L50|100\/100\n|-ability|p2b: Ting-Lu|Vessel of Ruin\n|move|p1a: Amoonguss|Rage Powder|p1a: Amoonguss\n|-singleturn|p1a: Amoonguss|move: Rage Powder\n|move|p1b: Volcarona|Giga Drain|p2b: Ting-Lu\n|-supereffective|p2b: Ting-Lu\n|-damage|p2b: Ting-Lu|54\/100\n|-heal|p1b: Volcarona|64\/100|[from] drain|[of] p2b: Ting-Lu\n|move|p2a: Iron Hands|Wild Charge|p1a: Amoonguss\n|-damage|p1a: Amoonguss|0 fnt\n|faint|p1a: Amoonguss\n|-damage|p2a: Iron Hands|58\/100|[from] Recoil\n|\n|-weather|Snow|[upkeep]\n|-sideend|p2: Ricardo Randorez|Safeguard\n|upkeep\n|\n|t:|1683172708\n|switch|p1a: Garchomp|Garchomp, L50, F|100\/100\n|turn|6\n|\n|t:|1683172732\n|move|p1b: Volcarona|Flamethrower|p2b: Ting-Lu\n|-damage|p2b: Ting-Lu|14\/100\n|move|p1a: Garchomp|Substitute|p1a: Garchomp\n|-start|p1a: Garchomp|Substitute\n|-damage|p1a: Garchomp|76\/100\n|move|p2a: Iron Hands|Wild Charge|p1b: Volcarona\n|-crit|p1b: Volcarona\n|-damage|p1b: Volcarona|0 fnt\n|-status|p2a: Iron Hands|brn|[from] ability: Flame Body|[of] p1b: Volcarona\n|faint|p1b: Volcarona\n|-damage|p2a: Iron Hands|47\/100 brn|[from] Recoil\n|move|p2b: Ting-Lu|Stomping Tantrum|p1a: Garchomp\n|-end|p1a: Garchomp|Substitute\n|\n|-weather|Snow|[upkeep]\n|-heal|p1a: Garchomp|82\/100|[from] item: Leftovers\n|-damage|p2a: Iron Hands|41\/100 brn|[from] brn\n|upkeep\n|turn|7\n|\n|t:|1683172753\n|move|p1a: Garchomp|Earthquake|p2b: Ting-Lu|[spread] p2a,p2b\n|-supereffective|p2a: Iron Hands\n|-damage|p2a: Iron Hands|0 fnt\n|-damage|p2b: Ting-Lu|0 fnt\n|faint|p2a: Iron Hands\n|-end|p2a: Iron Hands|Quark Drive|[silent]\n|faint|p2b: Ting-Lu\n|\n|-weather|Snow|[upkeep]\n|-heal|p1a: Garchomp|87\/100|[from] item: Leftovers\n|upkeep\n|\n|t:|1683172763\n|switch|p2b: Abomasnow|Abomasnow, L50, M|77\/100\n|turn|8\n|\n|t:|1683172768\n|move|p1a: Garchomp|Substitute|p1a: Garchomp\n|-start|p1a: Garchomp|Substitute\n|-damage|p1a: Garchomp|63\/100\n|move|p2b: Abomasnow|Blizzard|p1a: Garchomp\n|-supereffective|p1a: Garchomp\n|-end|p1a: Garchomp|Substitute\n|\n|-weather|none\n|-heal|p1a: Garchomp|69\/100|[from] item: Leftovers\n|upkeep\n|turn|9\n|\n|t:|1683172778\n|move|p1a: Garchomp|Substitute|p1a: Garchomp\n|-start|p1a: Garchomp|Substitute\n|-damage|p1a: Garchomp|44\/100\n|move|p2b: Abomasnow|Giga Drain|p1a: Garchomp\n|-end|p1a: Garchomp|Substitute\n|-heal|p2b: Abomasnow|90\/100|[from] drain|[of] p1a: Garchomp\n|\n|-heal|p1a: Garchomp|50\/100|[from] item: Leftovers\n|upkeep\n|turn|10\n|\n|t:|1683172789\n|move|p1a: Garchomp|Dragon Claw|p2b: Abomasnow\n|-damage|p2b: Abomasnow|52\/100\n|move|p2b: Abomasnow|Giga Drain|p1a: Garchomp\n|-damage|p1a: Garchomp|16\/100\n|-heal|p2b: Abomasnow|70\/100|[from] drain|[of] p1a: Garchomp\n|\n|-heal|p1a: Garchomp|22\/100|[from] item: Leftovers\n|upkeep\n|turn|11\n|\n|t:|1683172800\n|move|p1a: Garchomp|Dragon Claw|p2b: Abomasnow\n|-damage|p2b: Abomasnow|31\/100\n|move|p2b: Abomasnow|Giga Drain|p1a: Garchomp\n|-damage|p1a: Garchomp|0 fnt\n|-heal|p2b: Abomasnow|43\/100|[from] drain|[of] p1a: Garchomp\n|faint|p1a: Garchomp\n|\n|win|Ricardo Randorez\n|raw|jonnycjdyilg's rating: 1051 → 1037<\/strong> (-14 for losing)\n|raw|Ricardo Randorez's rating: 1128 → 1148<\/strong> (+20 for winning)\n","uploadtime":1683172810,"views":7,"p1id":"jonnycjdyilg","p2id":"ricardorandorez","formatid":"gen9vgc2023regulationc","rating":1037,"private":0,"password":""}