{"id":"gen9vgc2023regulationc-1846395539","p1":"WillieDangerously","p2":"stevieohhh","format":"[Gen 9] VGC 2023 Regulation C","log":"|j|\u2606WillieDangerously\n|j|\u2606stevieohhh\n|t:|1681837466\n|gametype|doubles\n|player|p1|WillieDangerously|psychic-gen4|1189\n|player|p2|stevieohhh|blue|1106\n|teamsize|p1|6\n|teamsize|p2|6\n|gen|9\n|tier|[Gen 9] VGC 2023 Regulation C\n|rated|\n|rule|Species Clause: Limit one of each Pok\u00e9mon\n|rule|Item Clause: Limit one of each item\n|clearpoke\n|poke|p1|Gothitelle, L50, F|\n|poke|p1|Gyarados, L50, F|\n|poke|p1|Chi-Yu, L50|\n|poke|p1|Hariyama, L50, M|\n|poke|p1|Sandy Shocks, L50|\n|poke|p1|Flutter Mane, L50|\n|poke|p2|Arcanine, L50, M|\n|poke|p2|Palafin, L50, M|\n|poke|p2|Chien-Pao, L50|\n|poke|p2|Scizor, L50, F|\n|poke|p2|Flutter Mane, L50|\n|poke|p2|Jolteon, L50, M|\n|teampreview|4\n|\n|t:|1681837499\n|start\n|switch|p1a: Sandy Shocks|Sandy Shocks, L50|100\/100\n|switch|p1b: Hariyama|Hariyama, L50, M|100\/100\n|switch|p2a: Palafin|Palafin, L50, M|100\/100\n|switch|p2b: Scizor|Scizor, L50, F|100\/100\n|turn|1\n|\n|t:|1681837533\n|detailschange|p2a: Palafin|Palafin-Hero, L50, M\n|switch|p2a: Jolteon|Jolteon, L50, M|100\/100\n|move|p1b: Hariyama|Fake Out|p2b: Scizor\n|-resisted|p2b: Scizor\n|-damage|p2b: Scizor|93\/100\n|move|p1a: Sandy Shocks|Earth Power|p2b: Scizor\n|-crit|p2b: Scizor\n|-damage|p2b: Scizor|0 fnt\n|faint|p2b: Scizor\n|\n|-status|p1b: Hariyama|brn|[from] item: Flame Orb\n|upkeep\n|\n|t:|1681837543\n|switch|p2b: Palafin|Palafin-Hero, L50, M|100\/100\n|-activate|p2b: Palafin|ability: Zero to Hero\n|turn|2\n|\n|t:|1681837561\n|switch|p1b: Gyarados|Gyarados, L50, F|100\/100\n|-ability|p1b: Gyarados|Intimidate|boost\n|-unboost|p2a: Jolteon|atk|1\n|-unboost|p2b: Palafin|atk|1\n|-terastallize|p2a: Jolteon|Ice\n|-terastallize|p1a: Sandy Shocks|Grass\n|move|p2b: Palafin|Jet Punch|p1a: Sandy Shocks\n|-resisted|p1a: Sandy Shocks\n|-damage|p1a: Sandy Shocks|82\/100\n|move|p2a: Jolteon|Tera Blast|p1a: Sandy Shocks\n|-supereffective|p1a: Sandy Shocks\n|-damage|p1a: Sandy Shocks|0 fnt\n|faint|p1a: Sandy Shocks\n|-end|p1a: Sandy Shocks|Protosynthesis|[silent]\n|-damage|p2a: Jolteon|91\/100|[from] item: Life Orb\n|\n|upkeep\n|\n|t:|1681837578\n|switch|p1a: Gothitelle|Gothitelle, L50, F|100\/100\n|turn|3\n|\n|t:|1681837621\n|move|p1b: Gyarados|Protect|p1b: Gyarados\n|-singleturn|p1b: Gyarados|Protect\n|move|p2a: Jolteon|Thunderbolt|p1b: Gyarados\n|-activate|p1b: Gyarados|move: Protect\n|move|p2b: Palafin|Wave Crash|p1a: Gothitelle\n|-damage|p1a: Gothitelle|39\/100\n|-damage|p2b: Palafin|83\/100|[from] Recoil\n|move|p1a: Gothitelle|Trick Room|p1a: Gothitelle\n|-fieldstart|move: Trick Room|[of] p1a: Gothitelle\n|\n|-heal|p1a: Gothitelle|45\/100|[from] item: Leftovers\n|upkeep\n|turn|4\n|\n|t:|1681837648\n|switch|p1b: Hariyama|Hariyama, L50, M|100\/100 brn\n|move|p2b: Palafin|Jet Punch|p1a: Gothitelle\n|-damage|p1a: Gothitelle|16\/100\n|move|p1a: Gothitelle|Psychic|p2a: Jolteon\n|-damage|p2a: Jolteon|52\/100\n|move|p2a: Jolteon|Thunderbolt|p1b: Hariyama\n|-damage|p1b: Hariyama|51\/100 brn\n|-damage|p2a: Jolteon|42\/100|[from] item: Life Orb\n|\n|-heal|p1a: Gothitelle|23\/100|[from] item: Leftovers\n|-damage|p1b: Hariyama|45\/100 brn|[from] brn\n|upkeep\n|turn|5\n|\n|t:|1681837670\n|switch|p1a: Gyarados|Gyarados, L50, F|100\/100\n|-ability|p1a: Gyarados|Intimidate|boost\n|-unboost|p2a: Jolteon|atk|1\n|-unboost|p2b: Palafin|atk|1\n|move|p2a: Jolteon|Protect|p2a: Jolteon\n|-singleturn|p2a: Jolteon|Protect\n|move|p2b: Palafin|Jet Punch|p1a: Gyarados\n|-resisted|p1a: Gyarados\n|-damage|p1a: Gyarados|86\/100\n|move|p1b: Hariyama|Drain Punch|p2a: Jolteon\n|-activate|p2a: Jolteon|move: Protect\n|\n|-damage|p1b: Hariyama|39\/100 brn|[from] brn\n|upkeep\n|turn|6\n|\n|t:|1681837750\n|switch|p2b: Chien-Pao|Chien-Pao, L50|100\/100\n|-ability|p2b: Chien-Pao|Sword of Ruin\n|move|p1b: Hariyama|Drain Punch|p2b: Chien-Pao\n|-supereffective|p2b: Chien-Pao\n|-enditem|p2b: Chien-Pao|Focus Sash\n|-damage|p2b: Chien-Pao|1\/100\n|-heal|p1b: Hariyama|74\/100 brn|[from] drain|[of] p2b: Chien-Pao\n|move|p1a: Gyarados|Waterfall|p2a: Jolteon\n|-damage|p2a: Jolteon|0 fnt\n|faint|p2a: Jolteon\n|\n|-damage|p1b: Hariyama|69\/100 brn|[from] brn\n|upkeep\n|\n|t:|1681837761\n|switch|p2a: Palafin|Palafin-Hero, L50, M|83\/100\n|turn|7\n|\n|t:|1681837795\n|move|p2b: Chien-Pao|Protect|p2b: Chien-Pao\n|-singleturn|p2b: Chien-Pao|Protect\n|move|p1b: Hariyama|Drain Punch|p2b: Chien-Pao\n|-activate|p2b: Chien-Pao|move: Protect\n|move|p2a: Palafin|Wave Crash|p1b: Hariyama\n|-damage|p1b: Hariyama|0 fnt\n|faint|p1b: Hariyama\n|-damage|p2a: Palafin|59\/100|[from] Recoil\n|move|p1a: Gyarados|Thunder Wave|p2a: Palafin\n|-status|p2a: Palafin|par\n|\n|-fieldend|move: Trick Room\n|upkeep\n|\n|t:|1681837810\n|switch|p1b: Gothitelle|Gothitelle, L50, F|23\/100\n|turn|8\n|\n|t:|1681837832\n|move|p1b: Gothitelle|Protect|p1b: Gothitelle\n|-singleturn|p1b: Gothitelle|Protect\n|move|p2b: Chien-Pao|Sucker Punch|p1a: Gyarados\n|-damage|p1a: Gyarados|26\/100\n|cant|p2a: Palafin|par\n|move|p1a: Gyarados|Waterfall|p2b: Chien-Pao\n|-damage|p2b: Chien-Pao|0 fnt\n|faint|p2b: Chien-Pao\n|\n|-heal|p1b: Gothitelle|29\/100|[from] item: Leftovers\n|upkeep\n|turn|9\n|\n|t:|1681837857\n|move|p1a: Gyarados|Protect|p1a: Gyarados\n|-singleturn|p1a: Gyarados|Protect\n|cant|p2a: Palafin|par\n|move|p1b: Gothitelle|Charm|p2a: Palafin\n|-unboost|p2a: Palafin|atk|2\n|\n|-heal|p1b: Gothitelle|35\/100|[from] item: Leftovers\n|upkeep\n|turn|10\n|\n|t:|1681837886\n|move|p1a: Gyarados|Tera Blast|p2a: Palafin\n|-damage|p2a: Palafin|48\/100 par\n|move|p1b: Gothitelle|Psychic|p2a: Palafin\n|-damage|p2a: Palafin|20\/100 par\n|move|p2a: Palafin|Wave Crash|p1a: Gyarados\n|-resisted|p1a: Gyarados\n|-damage|p1a: Gyarados|0 fnt\n|faint|p1a: Gyarados\n|-damage|p2a: Palafin|13\/100 par|[from] Recoil\n|\n|-heal|p1b: Gothitelle|41\/100|[from] item: Leftovers\n|upkeep\n|turn|11\n|\n|t:|1681837900\n|move|p1b: Gothitelle|Protect|p1b: Gothitelle\n|-singleturn|p1b: Gothitelle|Protect\n|move|p2a: Palafin|Jet Punch|p1b: Gothitelle\n|-activate|p1b: Gothitelle|move: Protect\n|\n|-heal|p1b: Gothitelle|47\/100|[from] item: Leftovers\n|upkeep\n|turn|12\n|\n|t:|1681837909\n|move|p2a: Palafin|Jet Punch|p1b: Gothitelle\n|-damage|p1b: Gothitelle|23\/100\n|move|p1b: Gothitelle|Psychic|p2a: Palafin\n|-damage|p2a: Palafin|0 fnt\n|faint|p2a: Palafin\n|\n|win|WillieDangerously\n|raw|WillieDangerously's rating: 1189 → 1208<\/strong> (+19 for winning)\n|raw|stevieohhh's rating: 1106 → 1087<\/strong> (-19 for losing)\n|l|\u2606stevieohhh\n","uploadtime":1681837912,"views":5,"p1id":"williedangerously","p2id":"stevieohhh","formatid":"gen9vgc2023regulationc","rating":1087,"private":0,"password":""}