{"id":"gen9vgc2023regulationc-1863619258","p1":"Topperlecat","p2":"BibarelGaming","format":"[Gen 9] VGC 2023 Regulation C","log":"|j|\u2606Topperlecat\n|j|\u2606BibarelGaming\n|t:|1684044629\n|gametype|doubles\n|player|p1|Topperlecat|n|1162\n|player|p2|BibarelGaming|jasmine|1267\n|teamsize|p1|6\n|teamsize|p2|6\n|gen|9\n|tier|[Gen 9] VGC 2023 Regulation C\n|rated|\n|rule|Species Clause: Limit one of each Pok\u00e9mon\n|rule|Item Clause: Limit one of each item\n|clearpoke\n|poke|p1|Mimikyu, L50, F|\n|poke|p1|Maushold, L50|\n|poke|p1|Chien-Pao, L50|\n|poke|p1|Rotom-Wash, L50|\n|poke|p1|Murkrow, L50, F|\n|poke|p1|Great Tusk, L50|\n|poke|p2|Dondozo, L50, M|\n|poke|p2|Tatsugiri, L50, F|\n|poke|p2|Chi-Yu, L50|\n|poke|p2|Iron Bundle, L50|\n|poke|p2|Flutter Mane, L50|\n|poke|p2|Glimmora, L50, M|\n|teampreview|4\n|inactive|Battle timer is ON: inactive players will automatically lose when time's up. (requested by BibarelGaming)\nTopperlecat has agreed to open team sheets.\n|inactive|BibarelGaming has 60 seconds left.\n|\n|t:|1684044685\n|start\n|switch|p1a: Great Tusk|Great Tusk, L50|100\/100\n|switch|p1b: Murkrow|Murkrow, L50, F|100\/100\n|switch|p2a: Dondozo|Dondozo, L50, M|100\/100\n|switch|p2b: Glimmora|Glimmora, L50, M, shiny|100\/100\n|turn|1\n|\n|t:|1684044702\n|-end|p1a: Great Tusk|Protosynthesis|[silent]\n|switch|p1a: steve mk2|Rotom-Wash, L50|100\/100\n|switch|p2b: Tatsugiri|Tatsugiri, L50, F|100\/100\n|-activate|p2b: Tatsugiri|ability: Commander|[of] p2a: Dondozo\n|-boost|p2a: Dondozo|atk|2\n|-boost|p2a: Dondozo|spa|2\n|-boost|p2a: Dondozo|spe|2\n|-boost|p2a: Dondozo|def|2\n|-boost|p2a: Dondozo|spd|2\n|-terastallize|p2a: Dondozo|Grass\n|move|p1b: Murkrow|Tailwind|p1b: Murkrow\n|-sidestart|p1: Topperlecat|move: Tailwind\n|move|p2a: Dondozo|Tera Blast|p1a: steve mk2\n|-supereffective|p1a: steve mk2\n|-damage|p1a: steve mk2|0 fnt\n|faint|p1a: steve mk2\n|\n|upkeep\n|\n|t:|1684044720\n|switch|p1a: chomps fren|Chien-Pao, L50|100\/100\n|-ability|p1a: chomps fren|Sword of Ruin\n|turn|2\n|\n|t:|1684044733\n|move|p1b: Murkrow|Haze|p1b: Murkrow\n|-clearallboost\n|move|p1a: chomps fren|Ice Spinner|p2a: Dondozo\n|-supereffective|p2a: Dondozo\n|-damage|p2a: Dondozo|4\/100\n|-damage|p1a: chomps fren|91\/100|[from] item: Life Orb\n|move|p2a: Dondozo|Wave Crash|p1b: Murkrow\n|-damage|p1b: Murkrow|21\/100\n|-damage|p2a: Dondozo|0 fnt|[from] Recoil\n|faint|p2a: Dondozo\n|\n|upkeep\n|\n|t:|1684044749\n|switch|p2a: Glimmora|Glimmora, L50, M, shiny|100\/100\n|turn|3\n|\n|t:|1684044768\n|move|p1a: chomps fren|Sucker Punch|p2b: Tatsugiri\n|-damage|p2b: Tatsugiri|0 fnt\n|faint|p2b: Tatsugiri\n|-damage|p1a: chomps fren|81\/100|[from] item: Life Orb\n|move|p1b: Murkrow|Night Shade|p2a: Glimmora\n|-damage|p2a: Glimmora|74\/100\n|move|p2a: Glimmora|Mortal Spin|p1b: Murkrow|[spread] p1a,p1b\n|-damage|p1a: chomps fren|77\/100\n|-damage|p1b: Murkrow|14\/100\n|-status|p1a: chomps fren|psn\n|-status|p1b: Murkrow|psn\n|\n|-damage|p1a: chomps fren|64\/100 psn|[from] psn\n|-damage|p1b: Murkrow|2\/100 psn|[from] psn\n|upkeep\n|\n|t:|1684044785\n|switch|p2b: Iron Bundle|Iron Bundle, L50, shiny|100\/100\n|-enditem|p2b: Iron Bundle|Booster Energy\n|-activate|p2b: Iron Bundle|ability: Quark Drive|[fromitem]\n|-start|p2b: Iron Bundle|quarkdrivespe\n|turn|4\n|\n|t:|1684044795\n|move|p2b: Iron Bundle|Protect|p2b: Iron Bundle\n|-singleturn|p2b: Iron Bundle|Protect\n|move|p1a: chomps fren|Sucker Punch||[still]\n|-fail|p1a: chomps fren\n|move|p1b: Murkrow|Night Shade|p2a: Glimmora\n|-damage|p2a: Glimmora|48\/100\n|move|p2a: Glimmora|Earth Power|p1a: chomps fren\n|-damage|p1a: chomps fren|26\/100 psn\n|\n|-damage|p1a: chomps fren|13\/100 psn|[from] psn\n|-damage|p1b: Murkrow|0 fnt|[from] psn\n|faint|p1b: Murkrow\n|-sideend|p1: Topperlecat|move: Tailwind\n|upkeep\n|\n|t:|1684044798\n|switch|p1b: Great Tusk|Great Tusk, L50|100\/100\n|turn|5\n|inactive|Topperlecat has 30 seconds left.\n|inactive|BibarelGaming has 30 seconds left.\n|inactive|BibarelGaming has 20 seconds left.\n|\n|t:|1684044836\n|-terastallize|p1a: chomps fren|Flying\n|move|p1a: chomps fren|Sucker Punch|p2b: Iron Bundle\n|-damage|p2b: Iron Bundle|21\/100\n|-damage|p1a: chomps fren|4\/100 psn|[from] item: Life Orb\n|move|p2b: Iron Bundle|Hydro Pump|p1b: Great Tusk\n|-supereffective|p1b: Great Tusk\n|-damage|p1b: Great Tusk|34\/100\n|move|p1b: Great Tusk|Earthquake|p2b: Iron Bundle|[spread] p2a,p2b\n|-immune|p1a: chomps fren\n|-supereffective|p2a: Glimmora\n|-crit|p2a: Glimmora\n|-damage|p2a: Glimmora|0 fnt\n|-damage|p2b: Iron Bundle|0 fnt\n|-activate|p2a: Glimmora|ability: Toxic Debris\n|-sidestart|p1: Topperlecat|move: Toxic Spikes\n|faint|p2a: Glimmora\n|faint|p2b: Iron Bundle\n|-end|p2b: Iron Bundle|Quark Drive|[silent]\n|\n|win|Topperlecat\n|raw|Topperlecat's rating: 1162 → 1194<\/strong> (+32 for winning)\n|raw|BibarelGaming's rating: 1267 → 1235<\/strong> (-32 for losing)\n","uploadtime":1684044859,"views":10,"p1id":"topperlecat","p2id":"bibarelgaming","formatid":"gen9vgc2023regulationc","rating":1194,"private":0,"password":""}