{"id":"gen9vgc2023regulationc-1853168829","p1":"anthonynn","p2":"Memebasedgod","format":"[Gen 9] VGC 2023 Regulation C","log":"|j|\u2606anthonynn\n|j|\u2606Memebasedgod\n|t:|1682643625\n|gametype|doubles\n|player|p1|anthonynn|1|\n|player|p2|Memebasedgod|nemona-v|\n|teamsize|p1|6\n|teamsize|p2|6\n|gen|9\n|tier|[Gen 9] VGC 2023 Regulation C\n|rule|Species Clause: Limit one of each Pok\u00e9mon\n|rule|Item Clause: Limit one of each item\n|clearpoke\n|poke|p1|Torkoal, L50, F|\n|poke|p1|Lilligant, L50, F|\n|poke|p1|Dachsbun, L50, M|\n|poke|p1|Palafin, L50, F|\n|poke|p1|Farigiraf, L50, M|\n|poke|p1|Eelektross, L50, F|\n|poke|p2|Skeledirge, L50, M|\n|poke|p2|Arboliva, L50, M|\n|poke|p2|Pikachu, L50, F|\n|poke|p2|Klefki, L50, M|\n|poke|p2|Floatzel, L50, F|\n|poke|p2|Heracross, L50, F|\n|teampreview|4\nanthonynn rejected open team sheets.\n|c|\u2606Memebasedgod|glhfilysm\n|c|\u2606Memebasedgod|uwu\n|c|\u2606anthonynn|omg did you just uwu me :O\n|c|\u2606anthonynn|besties\n|\n|t:|1682643678\n|start\n|switch|p1a: Palafin|Palafin, L50, F|100\/100\n|switch|p1b: Farigiraf|Farigiraf, L50, M|100\/100\n|switch|p2a: Best-o Friend-o|Pikachu, L50, F|100\/100\n|switch|p2b: Free Weed|Arboliva, L50, M|100\/100\n|turn|1\n|\n|t:|1682643697\n|detailschange|p1a: Palafin|Palafin-Hero, L50, F\n|switch|p1a: Torkoal|Torkoal, L50, F|100\/100\n|-weather|SunnyDay|[from] ability: Drought|[of] p1a: Torkoal\n|move|p2a: Best-o Friend-o|Surf|p1a: Torkoal|[spread] p2b,p1a,p1b\n|-resisted|p2b: Free Weed\n|-supereffective|p1a: Torkoal\n|-damage|p2b: Free Weed|98\/100\n|-damage|p1a: Torkoal|82\/100\n|-damage|p1b: Farigiraf|94\/100\n|-fieldstart|move: Grassy Terrain|[from] ability: Seed Sower|[of] p2b: Free Weed\n|-enditem|p2b: Free Weed|Absorb Bulb\n|-boost|p2b: Free Weed|spa|1|[from] item: Absorb Bulb\n|move|p2b: Free Weed|Pollen Puff|p1b: Farigiraf\n|-supereffective|p1b: Farigiraf\n|-damage|p1b: Farigiraf|0 fnt\n|faint|p1b: Farigiraf\n|\n|-weather|SunnyDay|[upkeep]\n|-heal|p2b: Free Weed|100\/100|[from] Grassy Terrain\n|-heal|p1a: Torkoal|89\/100|[from] Grassy Terrain\n|upkeep\n|\n|t:|1682643711\n|switch|p1b: Eelektross|Eelektross, L50, F|100\/100\n|turn|2\n|\n|t:|1682643729\n|move|p2b: Free Weed|Protect|p2b: Free Weed\n|-singleturn|p2b: Free Weed|Protect\n|move|p1a: Torkoal|Protect|p1a: Torkoal\n|-singleturn|p1a: Torkoal|Protect\n|move|p2a: Best-o Friend-o|Volt Switch|p1a: Torkoal\n|-activate|p1a: Torkoal|move: Protect\n|move|p1b: Eelektross|Flamethrower|p2b: Free Weed\n|-activate|p2b: Free Weed|move: Protect\n|\n|-weather|SunnyDay|[upkeep]\n|-heal|p1a: Torkoal|95\/100|[from] Grassy Terrain\n|upkeep\n|turn|3\n|\n|t:|1682643753\n|-terastallize|p2b: Free Weed|Water\n|-terastallize|p1a: Torkoal|Fire\n|move|p2a: Best-o Friend-o|Volt Switch|p1a: Torkoal\n|-damage|p1a: Torkoal|69\/100\n|\n|t:|1682643758\n|switch|p2a: Un Poco Loco|Skeledirge, L50, M|100\/100|[from] Volt Switch\n|move|p1b: Eelektross|Flamethrower|p2b: Free Weed\n|-resisted|p2b: Free Weed\n|-damage|p2b: Free Weed|75\/100\n|-damage|p1b: Eelektross|91\/100|[from] item: Life Orb\n|move|p2b: Free Weed|Energy Ball|p1b: Eelektross\n|-damage|p1b: Eelektross|0 fnt\n|faint|p1b: Eelektross\n|move|p1a: Torkoal|Eruption|p2a: Un Poco Loco|[spread] p2a,p2b\n|-resisted|p2a: Un Poco Loco\n|-resisted|p2b: Free Weed\n|-damage|p2a: Un Poco Loco|67\/100\n|-damage|p2b: Free Weed|42\/100\n|\n|-weather|SunnyDay|[upkeep]\n|-heal|p2a: Un Poco Loco|73\/100|[from] Grassy Terrain\n|-heal|p2b: Free Weed|48\/100|[from] Grassy Terrain\n|-heal|p1a: Torkoal|75\/100|[from] Grassy Terrain\n|upkeep\n|\n|t:|1682643761\n|switch|p1b: Palafin|Palafin-Hero, L50, F|100\/100\n|-activate|p1b: Palafin|ability: Zero to Hero\n|turn|4\n|\n|t:|1682643810\n|switch|p2a: Best-o Friend-o|Pikachu, L50, F|100\/100\n|move|p1b: Palafin|Protect|p1b: Palafin\n|-singleturn|p1b: Palafin|Protect\n|move|p2b: Free Weed|Energy Ball|p1b: Palafin\n|-activate|p1b: Palafin|move: Protect\n|move|p1a: Torkoal|Eruption|p2b: Free Weed|[spread] p2a,p2b\n|-resisted|p2b: Free Weed\n|-enditem|p2a: Best-o Friend-o|Focus Sash\n|-damage|p2a: Best-o Friend-o|1\/100\n|-damage|p2b: Free Weed|11\/100\n|\n|-weather|SunnyDay|[upkeep]\n|-heal|p2a: Best-o Friend-o|7\/100|[from] Grassy Terrain\n|-heal|p2b: Free Weed|17\/100|[from] Grassy Terrain\n|-heal|p1a: Torkoal|81\/100|[from] Grassy Terrain\n|upkeep\n|turn|5\n|\n|t:|1682643834\n|move|p2b: Free Weed|Protect|p2b: Free Weed\n|-singleturn|p2b: Free Weed|Protect\n|move|p1b: Palafin|Drain Punch|p2b: Free Weed\n|-activate|p2b: Free Weed|move: Protect\n|move|p2a: Best-o Friend-o|Volt Switch|p1b: Palafin\n|-supereffective|p1b: Palafin\n|-damage|p1b: Palafin|58\/100\n|\n|t:|1682643841\n|switch|p2a: Jingles|Klefki, L50, M|100\/100|[from] Volt Switch\n|move|p1a: Torkoal|Earth Power|p2a: Jingles\n|-supereffective|p2a: Jingles\n|-damage|p2a: Jingles|44\/100\n|\n|-weather|none\n|-heal|p1b: Palafin|64\/100|[from] Grassy Terrain\n|-heal|p2a: Jingles|50\/100|[from] Grassy Terrain\n|-heal|p2b: Free Weed|23\/100|[from] Grassy Terrain\n|-heal|p1a: Torkoal|87\/100|[from] Grassy Terrain\n|-fieldend|move: Grassy Terrain\n|upkeep\n|turn|6\n|\n|t:|1682643864\n|move|p2a: Jingles|Thunder Wave|p1b: Palafin\n|-status|p1b: Palafin|par\n|-enditem|p1b: Palafin|Lum Berry|[eat]\n|-curestatus|p1b: Palafin|par|[msg]\n|move|p1b: Palafin|Drain Punch|p2b: Free Weed\n|-damage|p2b: Free Weed|0 fnt\n|-heal|p1b: Palafin|75\/100|[from] drain|[of] p2b: Free Weed\n|-fieldstart|move: Grassy Terrain|[from] ability: Seed Sower|[of] p2b: Free Weed\n|faint|p2b: Free Weed\n|move|p1a: Torkoal|Eruption|p2a: Jingles\n|-supereffective|p2a: Jingles\n|-damage|p2a: Jingles|0 fnt\n|faint|p2a: Jingles\n|\n|-heal|p1b: Palafin|81\/100|[from] Grassy Terrain\n|-heal|p1a: Torkoal|94\/100|[from] Grassy Terrain\n|upkeep\n|\n|t:|1682643875\n|switch|p2a: Best-o Friend-o|Pikachu, L50, F|7\/100\n|switch|p2b: Un Poco Loco|Skeledirge, L50, M|73\/100\n|turn|7\n|\n|t:|1682643914\n|move|p1b: Palafin|Jet Punch|p2a: Best-o Friend-o\n|-crit|p2a: Best-o Friend-o\n|-damage|p2a: Best-o Friend-o|0 fnt\n|faint|p2a: Best-o Friend-o\n|move|p2b: Un Poco Loco|Torch Song|p1b: Palafin\n|-resisted|p1b: Palafin\n|-damage|p1b: Palafin|64\/100\n|-boost|p2b: Un Poco Loco|spa|1\n|move|p1a: Torkoal|Earth Power|p2b: Un Poco Loco\n|-supereffective|p2b: Un Poco Loco\n|-damage|p2b: Un Poco Loco|29\/100\n|-enditem|p2b: Un Poco Loco|Sitrus Berry|[eat]\n|-heal|p2b: Un Poco Loco|53\/100|[from] item: Sitrus Berry\n|\n|-heal|p1b: Palafin|70\/100|[from] Grassy Terrain\n|-heal|p2b: Un Poco Loco|60\/100|[from] Grassy Terrain\n|-heal|p1a: Torkoal|99\/100|[from] Grassy Terrain\n|upkeep\n|turn|8\n|c|\u2606Memebasedgod|gg\n|\n|t:|1682643926\n|move|p1b: Palafin|Wave Crash|p2b: Un Poco Loco\n|-supereffective|p2b: Un Poco Loco\n|-damage|p2b: Un Poco Loco|0 fnt\n|faint|p2b: Un Poco Loco\n|-damage|p1b: Palafin|47\/100|[from] Recoil\n|\n|win|anthonynn\n|c|\u2606anthonynn|gg dad\n","uploadtime":1682643932,"views":9,"p1id":"anthonynn","p2id":"memebasedgod","formatid":"gen9vgc2023regulationc","rating":0,"private":0,"password":""}