{"id":"gen9vgc2023regulationc-1861126584","p1":"ML Lacius","p2":"Ambition132","format":"[Gen 9] VGC 2023 Regulation C","log":"|j|\u2606ML Lacius\n|j|\u2606Ambition132\n|t:|1683728919\n|gametype|doubles\n|player|p1|ML Lacius|101|1284\n|player|p2|Ambition132|blackbelt-gen4dp|1241\n|teamsize|p1|6\n|teamsize|p2|6\n|gen|9\n|tier|[Gen 9] VGC 2023 Regulation C\n|rated|\n|rule|Species Clause: Limit one of each Pok\u00e9mon\n|rule|Item Clause: Limit one of each item\n|clearpoke\n|poke|p1|Iron Valiant, L50|\n|poke|p1|Baxcalibur, L50, F|\n|poke|p1|Rotom-Wash, L50|\n|poke|p1|Corviknight, L50, M|\n|poke|p1|Arcanine, L50, F|\n|poke|p1|Ting-Lu, L50|\n|poke|p2|Glimmora, L50, M|\n|poke|p2|Dragonite, L50, M|\n|poke|p2|Dondozo, L50, M|\n|poke|p2|Tatsugiri-Stretchy, L50, F|\n|poke|p2|Chi-Yu, L50|\n|poke|p2|Iron Bundle, L50|\n|teampreview|4\n|inactive|Battle timer is ON: inactive players will automatically lose when time's up. (requested by Ambition132)\nAmbition132 has agreed to open team sheets.\n|inactive|ML Lacius has 60 seconds left.\n|inactive|ML Lacius has 30 seconds left.\n|\n|t:|1683728992\n|start\n|switch|p1a: Corviknight|Corviknight, L50, M|100\/100\n|switch|p1b: Ting-Lu|Ting-Lu, L50|100\/100\n|switch|p2a: Chi-Yu|Chi-Yu, L50|100\/100\n|switch|p2b: Iron Bundle|Iron Bundle, L50, shiny|100\/100\n|-ability|p2a: Chi-Yu|Beads of Ruin\n|-ability|p1b: Ting-Lu|Vessel of Ruin\n|-enditem|p2b: Iron Bundle|Booster Energy\n|-activate|p2b: Iron Bundle|ability: Quark Drive|[fromitem]\n|-start|p2b: Iron Bundle|quarkdrivespe\n|turn|1\n|inactive|ML Lacius has 30 seconds left.\n|inactive|ML Lacius has 20 seconds left.\n|inactive|ML Lacius has 15 seconds left.\n|inactive|ML Lacius has 10 seconds left.\n|inactive|ML Lacius has 5 seconds left.\n|\n|t:|1683729043\n|switch|p1b: Rotom|Rotom-Wash, L50|100\/100\n|-terastallize|p1a: Corviknight|Fire\n|move|p2b: Iron Bundle|Hydro Pump|p1b: Rotom|[miss]\n|-miss|p2b: Iron Bundle|p1b: Rotom\n|move|p2a: Chi-Yu|Heat Wave|p1a: Corviknight|[spread] p1a,p1b\n|-resisted|p1a: Corviknight\n|-resisted|p1b: Rotom\n|-damage|p1a: Corviknight|75\/100\n|-damage|p1b: Rotom|76\/100\n|move|p1a: Corviknight|Brave Bird|p2b: Iron Bundle\n|-damage|p2b: Iron Bundle|46\/100\n|-damage|p1a: Corviknight|61\/100|[from] Recoil\n|\n|-heal|p1a: Corviknight|67\/100|[from] item: Leftovers\n|upkeep\n|turn|2\n|inactive|ML Lacius has 30 seconds left.\n|inactive|ML Lacius has 20 seconds left.\n|inactive|ML Lacius has 15 seconds left.\n|inactive|ML Lacius has 10 seconds left.\n|\n|t:|1683729089\n|switch|p1a: Ting-Lu|Ting-Lu, L50|100\/100\n|-ability|p1a: Ting-Lu|Vessel of Ruin\n|move|p2b: Iron Bundle|Freeze-Dry|p1b: Rotom\n|-supereffective|p1b: Rotom\n|-damage|p1b: Rotom|7\/100\n|-enditem|p1b: Rotom|Sitrus Berry|[eat]\n|-heal|p1b: Rotom|32\/100|[from] item: Sitrus Berry\n|move|p2a: Chi-Yu|Dark Pulse|p1a: Ting-Lu\n|-resisted|p1a: Ting-Lu\n|-crit|p1a: Ting-Lu\n|-damage|p1a: Ting-Lu|84\/100\n|move|p1b: Rotom|Thunderbolt|p2b: Iron Bundle\n|-supereffective|p2b: Iron Bundle\n|-damage|p2b: Iron Bundle|0 fnt\n|faint|p2b: Iron Bundle\n|-end|p2b: Iron Bundle|Quark Drive|[silent]\n|\n|upkeep\n|\n|t:|1683729096\n|switch|p2b: Dondozo|Dondozo, L50, M|100\/100\n|turn|3\n|\n|t:|1683729121\n|switch|p2a: Tatsugiri|Tatsugiri-Stretchy, L50, F|100\/100\n|-activate|p2a: Tatsugiri|ability: Commander|[of] p2b: Dondozo\n|-boost|p2b: Dondozo|atk|2\n|-boost|p2b: Dondozo|spa|2\n|-boost|p2b: Dondozo|spe|2\n|-boost|p2b: Dondozo|def|2\n|-boost|p2b: Dondozo|spd|2\n|-terastallize|p2b: Dondozo|Grass\n|move|p1b: Rotom|Protect|p1b: Rotom\n|-singleturn|p1b: Rotom|Protect\n|move|p2b: Dondozo|Tera Blast|p1b: Rotom\n|-activate|p1b: Rotom|move: Protect\n|move|p1a: Ting-Lu|Rock Slide|p2b: Dondozo|[spread] p2b\n|-miss|p1a: Ting-Lu|p2a: Tatsugiri\n|-damage|p2b: Dondozo|93\/100\n|\n|-heal|p2b: Dondozo|99\/100|[from] item: Leftovers\n|upkeep\n|turn|4\n|inactive|ML Lacius has 30 seconds left.\n|inactive|ML Lacius has 20 seconds left.\n|inactive|ML Lacius has 15 seconds left.\n|inactive|ML Lacius has 10 seconds left.\n|inactive|ML Lacius has 5 seconds left.\n|\n|t:|1683729176\n|move|p2b: Dondozo|Tera Blast|p1a: Ting-Lu\n|-supereffective|p1a: Ting-Lu\n|-damage|p1a: Ting-Lu|6\/100\n|move|p1b: Rotom|Will-O-Wisp|p2b: Dondozo|[miss]\n|-miss|p1b: Rotom|p2b: Dondozo\n|move|p1a: Ting-Lu|Earthquake|p2a: Tatsugiri|[spread] p2b\n|-miss|p1a: Ting-Lu|p2a: Tatsugiri\n|-immune|p1b: Rotom|[from] ability: Levitate\n|-resisted|p2b: Dondozo\n|-damage|p2b: Dondozo|93\/100\n|\n|-heal|p2b: Dondozo|99\/100|[from] item: Leftovers\n|upkeep\n|turn|5\n|\n|t:|1683729196\n|switch|p1a: Arcanine|Arcanine, L50, F|100\/100\n|-ability|p1a: Arcanine|Intimidate|boost\n|-unboost|p2a: Tatsugiri|atk|1\n|-fail|p2b: Dondozo|unboost|Attack|[from] ability: Oblivious|[of] p2b: Dondozo\n|move|p1b: Rotom|Protect|p1b: Rotom\n|-singleturn|p1b: Rotom|Protect\n|move|p2b: Dondozo|Tera Blast|p1b: Rotom\n|-activate|p1b: Rotom|move: Protect\n|\n|-heal|p2b: Dondozo|100\/100|[from] item: Leftovers\n|upkeep\n|turn|6\n|\n|t:|1683729218\n|move|p2b: Dondozo|Protect|p2b: Dondozo\n|-singleturn|p2b: Dondozo|Protect\n|move|p1a: Arcanine|Will-O-Wisp|p2b: Dondozo\n|-activate|p2b: Dondozo|move: Protect\n|move|p1b: Rotom|Will-O-Wisp|p2b: Dondozo\n|-activate|p2b: Dondozo|move: Protect\n|\n|upkeep\n|turn|7\n|inactive|ML Lacius has 30 seconds left.\n|\n|t:|1683729244\n|move|p2b: Dondozo|Wave Crash|p1a: Arcanine\n|-supereffective|p1a: Arcanine\n|-damage|p1a: Arcanine|0 fnt\n|faint|p1a: Arcanine\n|-damage|p2b: Dondozo|72\/100|[from] Recoil\n|move|p1b: Rotom|Will-O-Wisp|p2b: Dondozo\n|-status|p2b: Dondozo|brn\n|\n|-heal|p2b: Dondozo|78\/100 brn|[from] item: Leftovers\n|-damage|p2b: Dondozo|72\/100 brn|[from] brn\n|upkeep\n|\n|t:|1683729256\n|switch|p1a: Corviknight|Corviknight, L50, M, tera:Fire|67\/100\n|turn|8\n|\n|t:|1683729270\n|move|p1b: Rotom|Protect|p1b: Rotom\n|-singleturn|p1b: Rotom|Protect\n|move|p2b: Dondozo|Wave Crash|p1a: Corviknight\n|-supereffective|p1a: Corviknight\n|-damage|p1a: Corviknight|0 fnt\n|faint|p1a: Corviknight\n|-damage|p2b: Dondozo|55\/100 brn|[from] Recoil\n|\n|-heal|p2b: Dondozo|61\/100 brn|[from] item: Leftovers\n|-damage|p2b: Dondozo|55\/100 brn|[from] brn\n|upkeep\n|\n|t:|1683729282\n|switch|p1a: Ting-Lu|Ting-Lu, L50|6\/100\n|-ability|p1a: Ting-Lu|Vessel of Ruin\n|turn|9\n|\n|t:|1683729299\n|move|p2b: Dondozo|Tera Blast|p1b: Rotom\n|-supereffective|p1b: Rotom\n|-damage|p1b: Rotom|0 fnt\n|faint|p1b: Rotom\n|move|p1a: Ting-Lu|Throat Chop|p2b: Dondozo\n|-damage|p2b: Dondozo|39\/100 brn\n|-start|p2b: Dondozo|Throat Chop|[silent]\n|\n|-heal|p2b: Dondozo|45\/100 brn|[from] item: Leftovers\n|-damage|p2b: Dondozo|39\/100 brn|[from] brn\n|upkeep\n|turn|10\n|\n|t:|1683729310\n|move|p2b: Dondozo|Wave Crash|p1a: Ting-Lu\n|-supereffective|p1a: Ting-Lu\n|-damage|p1a: Ting-Lu|0 fnt\n|faint|p1a: Ting-Lu\n|-damage|p2b: Dondozo|36\/100 brn|[from] Recoil\n|\n|win|Ambition132\n|raw|ML Lacius's rating: 1284 → 1256<\/strong> (-28 for losing)\n|raw|Ambition132's rating: 1241 → 1269<\/strong> (+28 for winning)\n","uploadtime":1683729320,"views":15,"p1id":"mllacius","p2id":"ambition132","formatid":"gen9vgc2023regulationc","rating":1256,"private":0,"password":""}