{"id":"gen9vgc2023regulationc-1846741369","p1":"Swisher102","p2":"knight8512","format":"[Gen 9] VGC 2023 Regulation C","log":"|j|\u2606Swisher102\n|j|\u2606knight8512\n|t:|1681872631\n|gametype|doubles\n|player|p1|Swisher102|erika|1092\n|player|p2|knight8512|boarder|1087\n|teamsize|p1|6\n|teamsize|p2|6\n|gen|9\n|tier|[Gen 9] VGC 2023 Regulation C\n|rated|\n|rule|Species Clause: Limit one of each Pok\u00e9mon\n|rule|Item Clause: Limit one of each item\n|clearpoke\n|poke|p1|Bronzong, L50|\n|poke|p1|Azumarill, L50, F|\n|poke|p1|Garchomp, L50, M|\n|poke|p1|Iron Hands, L50|\n|poke|p1|Amoonguss, L50, F|\n|poke|p1|Scizor, L50, M|\n|poke|p2|Garchomp, L50, M|\n|poke|p2|Gyarados, L50, M|\n|poke|p2|Flutter Mane, L50|\n|poke|p2|Arboliva, L50, F|\n|poke|p2|Talonflame, L50, F|\n|poke|p2|Kingambit, L50, F|\n|teampreview|4\n|inactive|Battle timer is ON: inactive players will automatically lose when time's up. (requested by Swisher102)\n|\n|t:|1681872661\n|start\n|switch|p1a: Bronzong|Bronzong, L50|100\/100\n|switch|p1b: Iron Hands|Iron Hands, L50|100\/100\n|switch|p2a: Talonflame|Talonflame, L50, F|100\/100\n|switch|p2b: Garchomp|Garchomp, L50, M|100\/100\n|turn|1\n|inactive|Swisher102 has 30 seconds left.\n|inactive|Swisher102 has 20 seconds left.\n|inactive|Swisher102 has 15 seconds left.\n|\n|t:|1681872701\n|switch|p1a: Amoonguss|Amoonguss, L50, F|100\/100\n|move|p2b: Garchomp|Protect|p2b: Garchomp\n|-singleturn|p2b: Garchomp|Protect\n|move|p2a: Talonflame|Will-O-Wisp|p1b: Iron Hands\n|-status|p1b: Iron Hands|brn\n|move|p1b: Iron Hands|Wild Charge|p2a: Talonflame\n|-supereffective|p2a: Talonflame\n|-damage|p2a: Talonflame|19\/100\n|-damage|p1b: Iron Hands|88\/100 brn|[from] Recoil\n|\n|-damage|p1b: Iron Hands|81\/100 brn|[from] brn\n|upkeep\n|turn|2\n|inactive|Swisher102 has 30 seconds left.\n|\n|t:|1681872727\n|-end|p1b: Iron Hands|Quark Drive|[silent]\n|switch|p1b: Bronzong|Bronzong, L50|100\/100\n|-terastallize|p1a: Amoonguss|Water\n|move|p2a: Talonflame|Brave Bird|p1a: Amoonguss\n|-damage|p1a: Amoonguss|43\/100\n|-damage|p2a: Talonflame|0 fnt|[from] Recoil\n|faint|p2a: Talonflame\n|move|p2b: Garchomp|Earthquake|p1b: Bronzong|[spread] p1a\n|-immune|p1b: Bronzong|[from] ability: Levitate\n|-damage|p1a: Amoonguss|0 fnt\n|faint|p1a: Amoonguss\n|-damage|p2b: Garchomp|91\/100|[from] item: Life Orb\n|\n|upkeep\n|\n|t:|1681872746\n|switch|p2a: Arboliva|Arboliva, L50, F|100\/100\n|switch|p1a: Iron Hands|Iron Hands, L50|81\/100 brn\n|turn|3\n|\n|t:|1681872769\n|move|p1a: Iron Hands|Fake Out|p2b: Garchomp\n|-damage|p2b: Garchomp|83\/100\n|-damage|p1a: Iron Hands|69\/100 brn|[from] ability: Rough Skin|[of] p2b: Garchomp\n|cant|p2b: Garchomp|flinch\n|move|p2a: Arboliva|Leech Seed|p1b: Bronzong|[miss]\n|-miss|p2a: Arboliva|p1b: Bronzong\n|move|p1b: Bronzong|Trick Room|p1b: Bronzong\n|-fieldstart|move: Trick Room|[of] p1b: Bronzong\n|\n|-damage|p1a: Iron Hands|63\/100 brn|[from] brn\n|upkeep\n|turn|4\n|inactive|knight8512 has 30 seconds left.\n|\n|t:|1681872799\n|move|p1b: Bronzong|Helping Hand|p1a: Iron Hands\n|-singleturn|p1a: Iron Hands|Helping Hand|[of] p1b: Bronzong\n|move|p2a: Arboliva|Leech Seed|p1b: Bronzong\n|-start|p1b: Bronzong|move: Leech Seed\n|move|p1a: Iron Hands|Drain Punch|p2a: Arboliva\n|-supereffective|p2a: Arboliva\n|-damage|p2a: Arboliva|46\/100\n|-heal|p1a: Iron Hands|83\/100 brn|[from] drain|[of] p2a: Arboliva\n|-fieldstart|move: Grassy Terrain|[from] ability: Seed Sower|[of] p2a: Arboliva\n|-enditem|p2a: Arboliva|Grassy Seed\n|-boost|p2a: Arboliva|def|1|[from] item: Grassy Seed\n|move|p2b: Garchomp|Stomping Tantrum|p1a: Iron Hands\n|-supereffective|p1a: Iron Hands\n|-damage|p1a: Iron Hands|0 fnt\n|faint|p1a: Iron Hands\n|-end|p1a: Iron Hands|Quark Drive|[silent]\n|-damage|p2b: Garchomp|74\/100|[from] item: Life Orb\n|\n|-heal|p2a: Arboliva|52\/100|[from] Grassy Terrain\n|-heal|p2b: Garchomp|79\/100|[from] Grassy Terrain\n|-damage|p1b: Bronzong|88\/100|[from] Leech Seed|[of] p2a: Arboliva\n|-heal|p2a: Arboliva|64\/100|[silent]\n|upkeep\n|\n|t:|1681872811\n|switch|p1a: Scizor|Scizor, L50, M|100\/100\n|turn|5\n|inactive|knight8512 has 30 seconds left.\n|\n|t:|1681872839\n|switch|p2b: Gyarados|Gyarados, L50, M|100\/100\n|-ability|p2b: Gyarados|Intimidate|boost\n|-unboost|p1a: Scizor|atk|1\n|-unboost|p1b: Bronzong|atk|1\n|move|p1b: Bronzong|Helping Hand|p1a: Scizor\n|-singleturn|p1a: Scizor|Helping Hand|[of] p1b: Bronzong\n|move|p2a: Arboliva|Strength Sap|p1a: Scizor\n|-unboost|p1a: Scizor|atk|1\n|-heal|p2a: Arboliva|100\/100\n|move|p1a: Scizor|U-turn|p2b: Gyarados\n|-resisted|p2b: Gyarados\n|-damage|p2b: Gyarados|79\/100\n|\n|-damage|p1b: Bronzong|76\/100|[from] Leech Seed|[of] p2a: Arboliva\n|upkeep\n|turn|6\n|-message|Swisher102 forfeited.\n|\n|win|knight8512\n|raw|Swisher102's rating: 1092 → 1068<\/strong> (-24 for losing)\n|raw|knight8512's rating: 1087 → 1114<\/strong> (+27 for winning)\n|l|\u2606Swisher102\n","uploadtime":1681872872,"views":12,"p1id":"swisher102","p2id":"knight8512","formatid":"gen9vgc2023regulationc","rating":1068,"private":0,"password":""}