{"id":"gen9vgc2023regulationc-1846129277","p1":"Accio97","p2":"Moonvane15","format":"[Gen 9] VGC 2023 Regulation C","log":"|j|\u2606Accio97\n|j|\u2606Moonvane15\n|t:|1681810889\n|gametype|doubles\n|player|p1|Accio97|1|1091\n|player|p2|Moonvane15|falkner|1000\n|teamsize|p1|6\n|teamsize|p2|6\n|gen|9\n|tier|[Gen 9] VGC 2023 Regulation C\n|rated|\n|rule|Species Clause: Limit one of each Pok\u00e9mon\n|rule|Item Clause: Limit one of each item\n|clearpoke\n|poke|p1|Chien-Pao, L50|\n|poke|p1|Arcanine, L50, F|\n|poke|p1|Ting-Lu, L50|\n|poke|p1|Flutter Mane, L50|\n|poke|p1|Palafin, L50, M|\n|poke|p1|Amoonguss, L50, F|\n|poke|p2|Ting-Lu, L50|\n|poke|p2|Kingambit, L50, F|\n|poke|p2|Arcanine, L50, F|\n|poke|p2|Palafin, L50, F|\n|poke|p2|Amoonguss, L50, M|\n|poke|p2|Flutter Mane, L50|\n|teampreview|4\n|inactive|Battle timer is ON: inactive players will automatically lose when time's up. (requested by Moonvane15)\n|inactive|Accio97 has 60 seconds left.\n|inactive|Moonvane15 has 60 seconds left.\n|inactive|Accio97 has 30 seconds left.\n|inactive|Accio97 has 20 seconds left.\n|inactive|Accio97 has 15 seconds left.\n|\n|t:|1681810972\n|start\n|switch|p1a: Chien-Pao|Chien-Pao, L50|100\/100\n|switch|p1b: Arcanine|Arcanine, L50, F|100\/100\n|switch|p2a: Palafin|Palafin, L50, F|100\/100\n|switch|p2b: Amoonguss|Amoonguss, L50, M|100\/100\n|-ability|p1a: Chien-Pao|Sword of Ruin\n|-ability|p1b: Arcanine|Intimidate|boost\n|-unboost|p2a: Palafin|atk|1\n|-unboost|p2b: Amoonguss|atk|1\n|turn|1\n|inactive|Accio97 has 30 seconds left.\n|inactive|Accio97 has 20 seconds left.\n|inactive|Accio97 has 15 seconds left.\n|\n|t:|1681811016\n|detailschange|p2a: Palafin|Palafin-Hero, L50, F\n|switch|p2a: Arcanine|Arcanine, L50, F|100\/100\n|-ability|p2a: Arcanine|Intimidate|boost\n|-unboost|p1a: Chien-Pao|atk|1\n|-unboost|p1b: Arcanine|atk|1\n|move|p1a: Chien-Pao|Protect|p1a: Chien-Pao\n|-singleturn|p1a: Chien-Pao|Protect\n|move|p2b: Amoonguss|Protect|p2b: Amoonguss\n|-singleturn|p2b: Amoonguss|Protect\n|move|p1b: Arcanine|Will-O-Wisp|p2a: Arcanine|[miss]\n|-miss|p1b: Arcanine|p2a: Arcanine\n|\n|upkeep\n|turn|2\n|inactive|Accio97 has 30 seconds left.\n|inactive|Moonvane15 has 30 seconds left.\n|inactive|Accio97 has 20 seconds left.\n|inactive|Moonvane15 has 20 seconds left.\n|\n|t:|1681811055\n|switch|p2b: Ting-Lu|Ting-Lu, L50|100\/100\n|-ability|p2b: Ting-Lu|Vessel of Ruin\n|move|p1a: Chien-Pao|Ice Spinner|p2b: Ting-Lu\n|-supereffective|p2b: Ting-Lu\n|-damage|p2b: Ting-Lu|54\/100\n|move|p2a: Arcanine|Will-O-Wisp|p1a: Chien-Pao\n|-status|p1a: Chien-Pao|brn\n|move|p1b: Arcanine|Flare Blitz|p2b: Ting-Lu\n|-damage|p2b: Ting-Lu|23\/100\n|-damage|p1b: Arcanine|89\/100|[from] Recoil\n|\n|-damage|p1a: Chien-Pao|95\/100 brn|[from] brn\n|upkeep\n|turn|3\n|inactive|Accio97 has 30 seconds left.\n|inactive|Moonvane15 has 30 seconds left.\n|inactive|Accio97 has 20 seconds left.\n|inactive|Accio97 has 15 seconds left.\n|inactive|Accio97 has 10 seconds left.\n|\n|t:|1681811101\n|switch|p1a: Ting-Lu|Ting-Lu, L50|100\/100\n|-ability|p1a: Ting-Lu|Vessel of Ruin\n|move|p2a: Arcanine|Howl|p2a: Arcanine|[spread] p2a,p2b\n|-boost|p2a: Arcanine|atk|1\n|-boost|p2b: Ting-Lu|atk|1\n|move|p1b: Arcanine|Will-O-Wisp|p2b: Ting-Lu\n|-status|p2b: Ting-Lu|brn\n|move|p2b: Ting-Lu|Ruination|p1b: Arcanine\n|-damage|p1b: Arcanine|45\/100\n|\n|-damage|p2b: Ting-Lu|17\/100 brn|[from] brn\n|upkeep\n|turn|4\n|inactive|Accio97 has 30 seconds left.\n|inactive|Moonvane15 has 30 seconds left.\n|inactive|Moonvane15 has 20 seconds left.\n|inactive|Moonvane15 has 15 seconds left.\n|inactive|Moonvane15 has 10 seconds left.\n|inactive|Accio97 has 20 seconds left.\n|inactive|Moonvane15 has 5 seconds left.\n|inactive|Accio97 has 15 seconds left.\n|\n|t:|1681811167\n|move|p1b: Arcanine|Protect|p1b: Arcanine\n|-singleturn|p1b: Arcanine|Protect\n|move|p2a: Arcanine|Will-O-Wisp|p1a: Ting-Lu\n|-status|p1a: Ting-Lu|brn\n|move|p2b: Ting-Lu|Ruination|p1a: Ting-Lu\n|-damage|p1a: Ting-Lu|50\/100 brn\n|move|p1a: Ting-Lu|Stomping Tantrum|p2b: Ting-Lu\n|-damage|p2b: Ting-Lu|7\/100 brn\n|\n|-damage|p2b: Ting-Lu|0 fnt|[from] brn\n|faint|p2b: Ting-Lu\n|-damage|p1a: Ting-Lu|44\/100 brn|[from] brn\n|upkeep\n|\n|t:|1681811184\n|switch|p2b: Palafin|Palafin-Hero, L50, F|100\/100\n|-activate|p2b: Palafin|ability: Zero to Hero\n|turn|5\n|inactive|Accio97 has 30 seconds left.\n|\n|t:|1681811211\n|switch|p1b: Chien-Pao|Chien-Pao, L50|95\/100 brn\n|-ability|p1b: Chien-Pao|Sword of Ruin\n|-terastallize|p2b: Palafin|Water\n|move|p2b: Palafin|Jet Punch|p1b: Chien-Pao\n|-damage|p1b: Chien-Pao|6\/100 brn\n|move|p2a: Arcanine|Howl|p2a: Arcanine|[spread] p2a,p2b\n|-boost|p2a: Arcanine|atk|1\n|-boost|p2b: Palafin|atk|1\n|move|p1a: Ting-Lu|Ruination|p2b: Palafin\n|-damage|p2b: Palafin|51\/100\n|\n|-damage|p1b: Chien-Pao|0 fnt|[from] brn\n|faint|p1b: Chien-Pao\n|-damage|p1a: Ting-Lu|38\/100 brn|[from] brn\n|upkeep\n|\n|t:|1681811230\n|switch|p1b: Flutter Mane|Flutter Mane, L50, shiny|100\/100\n|-enditem|p1b: Flutter Mane|Booster Energy\n|-activate|p1b: Flutter Mane|ability: Protosynthesis|[fromitem]\n|-start|p1b: Flutter Mane|protosynthesisspe\n|turn|6\n|inactive|Accio97 has 30 seconds left.\n|inactive|Moonvane15 has 30 seconds left.\n|\n|t:|1681811260\n|switch|p1a: Arcanine|Arcanine, L50, F|45\/100\n|-ability|p1a: Arcanine|Intimidate|boost\n|-unboost|p2a: Arcanine|atk|1\n|-unboost|p2b: Palafin|atk|1\n|-terastallize|p1b: Flutter Mane|Fairy\n|move|p2b: Palafin|Protect|p2b: Palafin\n|-singleturn|p2b: Palafin|Protect\n|move|p1b: Flutter Mane|Moonblast|p2b: Palafin\n|-activate|p2b: Palafin|move: Protect\n|move|p2a: Arcanine|Howl|p2a: Arcanine|[spread] p2a,p2b\n|-boost|p2a: Arcanine|atk|1\n|-boost|p2b: Palafin|atk|1\n|\n|upkeep\n|turn|7\n|inactive|Moonvane15 has 30 seconds left.\n|inactive|Moonvane15 has 20 seconds left.\n|\n|t:|1681811299\n|move|p1b: Flutter Mane|Protect|p1b: Flutter Mane\n|-singleturn|p1b: Flutter Mane|Protect\n|move|p2a: Arcanine|Extreme Speed|p1a: Arcanine\n|-damage|p1a: Arcanine|0 fnt\n|faint|p1a: Arcanine\n|move|p2b: Palafin|Jet Punch|p1b: Flutter Mane\n|-activate|p1b: Flutter Mane|move: Protect\n|\n|upkeep\n|\n|t:|1681811308\n|switch|p1a: Ting-Lu|Ting-Lu, L50|38\/100 brn\n|-ability|p1a: Ting-Lu|Vessel of Ruin\n|turn|8\n|\n|t:|1681811315\n|move|p2b: Palafin|Protect|p2b: Palafin\n|-singleturn|p2b: Palafin|Protect\n|move|p1b: Flutter Mane|Moonblast|p2b: Palafin\n|-activate|p2b: Palafin|move: Protect\n|move|p2a: Arcanine|Howl|p2a: Arcanine|[spread] p2a,p2b\n|-boost|p2a: Arcanine|atk|1\n|-boost|p2b: Palafin|atk|1\n|move|p1a: Ting-Lu|Rock Slide|p2b: Palafin|[spread] p2a\n|-activate|p2b: Palafin|move: Protect\n|-supereffective|p2a: Arcanine\n|-damage|p2a: Arcanine|84\/100\n|\n|-damage|p1a: Ting-Lu|32\/100 brn|[from] brn\n|upkeep\n|turn|9\n|-message|Accio97 forfeited.\n|\n|win|Moonvane15\n|raw|Accio97's rating: 1091 → 1061<\/strong> (-30 for losing)\n|raw|Moonvane15's rating: 1000 → 1050<\/strong> (+50 for winning)\n|l|\u2606Accio97\n","uploadtime":1681811400,"views":24,"p1id":"accio97","p2id":"moonvane15","formatid":"gen9vgc2023regulationc","rating":1050,"private":0,"password":""}