{"id":"gen9vgc2023regulationc-1845015145","p1":"Ashster64","p2":"yaCHEWY","format":"[Gen 9] VGC 2023 Regulation C","log":"|j|\u2606Ashster64\n|j|\u2606yaCHEWY\n|t:|1681674218\n|gametype|doubles\n|player|p1|Ashster64|hilbert|1150\n|player|p2|yaCHEWY|266|1141\n|teamsize|p1|6\n|teamsize|p2|6\n|gen|9\n|tier|[Gen 9] VGC 2023 Regulation C\n|rated|\n|rule|Species Clause: Limit one of each Pok\u00e9mon\n|rule|Item Clause: Limit one of each item\n|clearpoke\n|poke|p1|Lycanroc, L50, M|\n|poke|p1|Tyranitar, L50, F|\n|poke|p1|Pawmot, L50, M|\n|poke|p1|Amoonguss, L50, F|\n|poke|p1|Flutter Mane, L50|\n|poke|p1|Ting-Lu, L50|\n|poke|p2|Annihilape, L50, F|\n|poke|p2|Ting-Lu, L50|\n|poke|p2|Chien-Pao, L50|\n|poke|p2|Iron Bundle, L50|\n|poke|p2|Arcanine, L50, M|\n|poke|p2|Flutter Mane, L50|\n|teampreview|4\n|inactive|Battle timer is ON: inactive players will automatically lose when time's up. (requested by yaCHEWY)\n|c|\u2606Ashster64|glhf\nAshster64 has agreed to open team sheets.\n|\n|t:|1681674245\n|start\n|switch|p1a: Lycanroc|Lycanroc, L50, M|100\/100\n|switch|p1b: Tyranitar|Tyranitar, L50, F|100\/100\n|switch|p2a: Ting-Lu|Ting-Lu, L50|100\/100\n|switch|p2b: Arcanine|Arcanine, L50, M, shiny|100\/100\n|-ability|p2b: Arcanine|Intimidate|boost\n|-unboost|p1a: Lycanroc|atk|1\n|-unboost|p1b: Tyranitar|atk|1\n|-weather|Sandstorm|[from] ability: Sand Stream|[of] p1b: Tyranitar\n|-ability|p2a: Ting-Lu|Vessel of Ruin\n|turn|1\n|inactive|Ashster64 has 30 seconds left.\n|inactive|Ashster64 has 20 seconds left.\n|\n|t:|1681674281\n|move|p1a: Lycanroc|Close Combat|p2a: Ting-Lu\n|-supereffective|p2a: Ting-Lu\n|-damage|p2a: Ting-Lu|67\/100\n|-unboost|p1a: Lycanroc|def|1\n|-unboost|p1a: Lycanroc|spd|1\n|move|p2b: Arcanine|Will-O-Wisp|p1a: Lycanroc\n|-status|p1a: Lycanroc|brn\n|move|p1b: Tyranitar|Rock Slide|p2a: Ting-Lu|[spread] p2a\n|-miss|p1b: Tyranitar|p2b: Arcanine\n|-resisted|p2a: Ting-Lu\n|-damage|p2a: Ting-Lu|61\/100\n|move|p2a: Ting-Lu|Stomping Tantrum|p1a: Lycanroc\n|-supereffective|p1a: Lycanroc\n|-enditem|p1a: Lycanroc|Focus Sash\n|-damage|p1a: Lycanroc|1\/100 brn\n|\n|-weather|Sandstorm|[upkeep]\n|-damage|p1a: Lycanroc|0 fnt|[from] brn\n|faint|p1a: Lycanroc\n|upkeep\n|\n|t:|1681674301\n|switch|p1a: Flutter Mane|Flutter Mane, L50|100\/100\n|turn|2\n|\n|t:|1681674324\n|-terastallize|p1b: Tyranitar|Flying\n|move|p1a: Flutter Mane|Moonblast|p2a: Ting-Lu\n|-supereffective|p2a: Ting-Lu\n|-damage|p2a: Ting-Lu|3\/100\n|move|p2b: Arcanine|Flare Blitz|p1a: Flutter Mane\n|-damage|p1a: Flutter Mane|6\/100\n|-damage|p2b: Arcanine|76\/100|[from] Recoil\n|move|p1b: Tyranitar|Tera Blast|p2a: Ting-Lu\n|-damage|p2a: Ting-Lu|0 fnt\n|faint|p2a: Ting-Lu\n|\n|-weather|Sandstorm|[upkeep]\n|-damage|p1a: Flutter Mane|0 fnt|[from] Sandstorm\n|-damage|p1b: Tyranitar|95\/100|[from] Sandstorm\n|faint|p1a: Flutter Mane\n|-end|p1a: Flutter Mane|Protosynthesis|[silent]\n|upkeep\n|\n|t:|1681674345\n|switch|p1a: Ting-Lu|Ting-Lu, L50|100\/100\n|switch|p2a: Chien-Pao|Chien-Pao, L50|100\/100\n|-ability|p2a: Chien-Pao|Sword of Ruin\n|-ability|p1a: Ting-Lu|Vessel of Ruin\n|turn|3\n|inactive|Ashster64 has 30 seconds left.\n|inactive|Ashster64 has 20 seconds left.\n|\n|t:|1681674381\n|switch|p2b: Annihilape|Annihilape, L50, F, shiny|100\/100\n|move|p2a: Chien-Pao|Ice Spinner|p1b: Tyranitar\n|-supereffective|p1b: Tyranitar\n|-damage|p1b: Tyranitar|0 fnt\n|faint|p1b: Tyranitar\n|move|p1a: Ting-Lu|Fissure|p2a: Chien-Pao\n|-enditem|p2a: Chien-Pao|Focus Sash\n|-damage|p2a: Chien-Pao|1\/100\n|\n|-weather|Sandstorm|[upkeep]\n|-damage|p2a: Chien-Pao|0 fnt|[from] Sandstorm\n|-damage|p2b: Annihilape|95\/100|[from] Sandstorm\n|faint|p2a: Chien-Pao\n|-heal|p2b: Annihilape|100\/100|[from] item: Leftovers\n|upkeep\n|\n|t:|1681674399\n|switch|p2a: Arcanine|Arcanine, L50, M, shiny|76\/100\n|-ability|p2a: Arcanine|Intimidate|boost\n|-unboost|p1a: Ting-Lu|atk|1\n|turn|4\n|\n|t:|1681674416\n|move|p2b: Annihilape|Drain Punch|p1a: Ting-Lu\n|-supereffective|p1a: Ting-Lu\n|-damage|p1a: Ting-Lu|62\/100\n|move|p2a: Arcanine|Will-O-Wisp|p1a: Ting-Lu\n|-status|p1a: Ting-Lu|brn\n|move|p1a: Ting-Lu|Fissure|p2b: Annihilape\n|-damage|p2b: Annihilape|0 fnt\n|faint|p2b: Annihilape\n|-ohko\n|\n|-weather|Sandstorm|[upkeep]\n|-damage|p1a: Ting-Lu|56\/100 brn|[from] brn\n|upkeep\n|turn|5\n|\n|t:|1681674432\n|move|p2a: Arcanine|Flare Blitz|p1a: Ting-Lu\n|-damage|p1a: Ting-Lu|20\/100 brn\n|-enditem|p1a: Ting-Lu|Sitrus Berry|[eat]\n|-heal|p1a: Ting-Lu|44\/100 brn|[from] item: Sitrus Berry\n|-damage|p2a: Arcanine|59\/100|[from] Recoil\n|move|p1a: Ting-Lu|Stomping Tantrum|p2a: Arcanine\n|-supereffective|p2a: Arcanine\n|-damage|p2a: Arcanine|28\/100\n|\n|-weather|none\n|-damage|p1a: Ting-Lu|39\/100 brn|[from] brn\n|upkeep\n|turn|6\n|inactive|Ashster64 has 30 seconds left.\n|\n|t:|1681674464\n|move|p2a: Arcanine|Flare Blitz|p1a: Ting-Lu\n|-damage|p1a: Ting-Lu|3\/100 brn\n|-damage|p2a: Arcanine|12\/100|[from] Recoil\n|move|p1a: Ting-Lu|Stomping Tantrum|p2a: Arcanine\n|-supereffective|p2a: Arcanine\n|-damage|p2a: Arcanine|0 fnt\n|faint|p2a: Arcanine\n|\n|win|Ashster64\n|raw|Ashster64's rating: 1150 → 1174<\/strong> (+24 for winning)\n|raw|yaCHEWY's rating: 1141 → 1117<\/strong> (-24 for losing)\n","uploadtime":1681674468,"views":7,"p1id":"ashster64","p2id":"yachewy","formatid":"gen9vgc2023regulationc","rating":1117,"private":0,"password":""}