{"id":"gen9vgc2023regulationc-1859048086","p1":"StridenVGC","p2":"Hactorgv_128","format":"[Gen 9] VGC 2023 Regulation C","log":"|j|\u2606StridenVGC\n|j|\u2606Hactorgv_128\n|t:|1683398351\n|gametype|doubles\n|player|p1|StridenVGC|102|1008\n|player|p2|Hactorgv_128|hiker-gen4|1065\n|teamsize|p1|6\n|teamsize|p2|6\n|gen|9\n|tier|[Gen 9] VGC 2023 Regulation C\n|rated|\n|rule|Species Clause: Limit one of each Pok\u00e9mon\n|rule|Item Clause: Limit one of each item\n|clearpoke\n|poke|p1|Misdreavus, L50, F|\n|poke|p1|Toxtricity-Low-Key, L50, M|\n|poke|p1|Arcanine, L50, M|\n|poke|p1|Chien-Pao, L50|\n|poke|p1|Flapple, L50, M|\n|poke|p1|Flutter Mane, L50|\n|poke|p2|Dudunsparce-*, L50, M|\n|poke|p2|Weavile, L50, F|\n|poke|p2|Mudsdale, L50, F|\n|poke|p2|Gastrodon, L50, M|\n|poke|p2|Skeledirge, L50, F|\n|poke|p2|Iron Hands, L50|\n|teampreview|4\n|\n|t:|1683398379\n|start\n|switch|p1a: Toxtricity|Toxtricity-Low-Key, L50, M, shiny|100\/100\n|switch|p1b: Flutter Mane|Flutter Mane, L50|100\/100\n|switch|p2a: Weavile|Weavile, L50, F|100\/100\n|switch|p2b: Dudunsparce|Dudunsparce-Three-Segment, L50, M|100\/100\n|-ability|p2a: Weavile|Pressure\n|-enditem|p1b: Flutter Mane|Booster Energy\n|-activate|p1b: Flutter Mane|ability: Protosynthesis|[fromitem]\n|-start|p1b: Flutter Mane|protosynthesisspe\n|turn|1\n|\n|t:|1683398394\n|-end|p1b: Flutter Mane|Protosynthesis|[silent]\n|switch|p1b: Arcanine|Arcanine, L50, M|100\/100\n|-ability|p1b: Arcanine|Intimidate|boost\n|-unboost|p2a: Weavile|atk|1\n|-unboost|p2b: Dudunsparce|atk|1\n|-ability|p2b: Dudunsparce|Rattled|boost\n|-boost|p2b: Dudunsparce|spe|1\n|-terastallize|p2b: Dudunsparce|Psychic\n|move|p2a: Weavile|Beat Up|p2b: Dudunsparce\n|-supereffective|p2b: Dudunsparce\n|-damage|p2b: Dudunsparce|89\/100\n|-ability|p2b: Dudunsparce|Rattled|boost\n|-boost|p2b: Dudunsparce|spe|1\n|-enditem|p2b: Dudunsparce|Weakness Policy\n|-boost|p2b: Dudunsparce|atk|2|[from] item: Weakness Policy\n|-boost|p2b: Dudunsparce|spa|2|[from] item: Weakness Policy\n|-supereffective|p2b: Dudunsparce\n|-damage|p2b: Dudunsparce|78\/100\n|-ability|p2b: Dudunsparce|Rattled|boost\n|-boost|p2b: Dudunsparce|spe|1\n|-supereffective|p2b: Dudunsparce\n|-damage|p2b: Dudunsparce|69\/100\n|-ability|p2b: Dudunsparce|Rattled|boost\n|-boost|p2b: Dudunsparce|spe|1\n|-supereffective|p2b: Dudunsparce\n|-damage|p2b: Dudunsparce|60\/100\n|-ability|p2b: Dudunsparce|Rattled|boost\n|-boost|p2b: Dudunsparce|spe|1\n|-hitcount|p2b: Dudunsparce|4\n|move|p2b: Dudunsparce|Drill Run|p1a: Toxtricity|[miss]\n|-miss|p2b: Dudunsparce|p1a: Toxtricity\n|move|p1a: Toxtricity|Boomburst|p2b: Dudunsparce|[spread] p1b,p2a,p2b\n|-damage|p1b: Arcanine|46\/100\n|-enditem|p2a: Weavile|Focus Sash\n|-damage|p2a: Weavile|1\/100\n|-damage|p2b: Dudunsparce|0 fnt\n|faint|p2b: Dudunsparce\n|\n|upkeep\n|\n|t:|1683398425\n|switch|p2b: Gastrodon|Gastrodon, L50, M|100\/100\n|turn|2\n|\n|t:|1683398434\n|move|p2a: Weavile|Protect|p2a: Weavile\n|-singleturn|p2a: Weavile|Protect\n|move|p1b: Arcanine|Will-O-Wisp|p2a: Weavile\n|-activate|p2a: Weavile|move: Protect\n|move|p1a: Toxtricity|Boomburst|p2b: Gastrodon|[spread] p1b,p2b\n|-activate|p2a: Weavile|move: Protect\n|-damage|p1b: Arcanine|0 fnt\n|-damage|p2b: Gastrodon|28\/100\n|faint|p1b: Arcanine\n|move|p2b: Gastrodon|Muddy Water|p1a: Toxtricity\n|-damage|p1a: Toxtricity|49\/100\n|\n|-heal|p2b: Gastrodon|34\/100|[from] item: Leftovers\n|upkeep\n|\n|t:|1683398437\n|switch|p1b: Flutter Mane|Flutter Mane, L50|100\/100\n|turn|3\n|\n|t:|1683398451\n|move|p1b: Flutter Mane|Dazzling Gleam|p2a: Weavile|[spread] p2a,p2b\n|-supereffective|p2a: Weavile\n|-crit|p2a: Weavile\n|-damage|p2a: Weavile|0 fnt\n|-damage|p2b: Gastrodon|0 fnt\n|faint|p2a: Weavile\n|faint|p2b: Gastrodon\n|move|p1a: Toxtricity|Boomburst|p1b: Flutter Mane\n|-immune|p1b: Flutter Mane\n|\n|upkeep\n|\n|t:|1683398454\n|switch|p2a: Skeledirge|Skeledirge, L50, F|100\/100\n|turn|4\n|\n|t:|1683398466\n|switch|p1a: Flapple|Flapple, L50, M|100\/100\n|move|p1b: Flutter Mane|Shadow Ball|p2a: Skeledirge\n|-supereffective|p2a: Skeledirge\n|-damage|p2a: Skeledirge|14\/100\n|-unboost|p2a: Skeledirge|spd|1\n|move|p2a: Skeledirge|Shadow Ball|p1b: Flutter Mane\n|-supereffective|p1b: Flutter Mane\n|-damage|p1b: Flutter Mane|13\/100\n|\n|upkeep\n|turn|5\n|\n|t:|1683398482\n|move|p1b: Flutter Mane|Shadow Ball|p2a: Skeledirge\n|-supereffective|p2a: Skeledirge\n|-damage|p2a: Skeledirge|0 fnt\n|faint|p2a: Skeledirge\n|\n|win|StridenVGC\n|raw|StridenVGC's rating: 1008 → 1053<\/strong> (+45 for winning)\n|raw|Hactorgv_128's rating: 1065 → 1042<\/strong> (-23 for losing)\n|l|\u2606Hactorgv_128\n","uploadtime":1683398490,"views":19,"p1id":"stridenvgc","p2id":"hactorgv128","formatid":"gen9vgc2023regulationc","rating":1042,"private":0,"password":""}