{"id":"gen9vgc2023regulationc-1863802825","p1":"actuary97","p2":"nickfang6","format":"[Gen 9] VGC 2023 Regulation C","log":"|j|\u2606actuary97\n|j|\u2606nickfang6\n|t:|1684079635\n|gametype|doubles\n|player|p1|actuary97|sabrina-lgpe|1476\n|player|p2|nickfang6|101|1545\n|teamsize|p1|6\n|teamsize|p2|6\n|gen|9\n|tier|[Gen 9] VGC 2023 Regulation C\n|rated|\n|rule|Species Clause: Limit one of each Pok\u00e9mon\n|rule|Item Clause: Limit one of each item\n|clearpoke\n|poke|p1|Tauros-Paldea-Blaze, L50, M|\n|poke|p1|Kingambit, L50, M|\n|poke|p1|Armarouge, L50, M|\n|poke|p1|Gallade, L50, M|\n|poke|p1|Indeedee, L50, M|\n|poke|p1|Drifblim, L50, M|\n|poke|p2|Flutter Mane, L50|\n|poke|p2|Great Tusk, L50|\n|poke|p2|Iron Bundle, L50|\n|poke|p2|Kingambit, L50, M|\n|poke|p2|Abomasnow, L50, F|\n|poke|p2|Chien-Pao, L50|\n|teampreview|4\n|inactive|Battle timer is ON: inactive players will automatically lose when time's up. (requested by nickfang6)\n|inactive|actuary97 has 60 seconds left.\n|inactive|nickfang6 has 60 seconds left.\n|inactive|nickfang6 has 30 seconds left.\n|\n|t:|1684079701\n|start\n|switch|p1a: Armarouge|Armarouge, L50, M, shiny|100\/100\n|switch|p1b: Indeedee|Indeedee, L50, M, shiny|100\/100\n|switch|p2a: Abomasnow|Abomasnow, L50, F|100\/100\n|switch|p2b: Iron Bundle|Iron Bundle, L50|100\/100\n|-fieldstart|move: Psychic Terrain|[from] ability: Psychic Surge|[of] p1b: Indeedee\n|-weather|Snow|[from] ability: Snow Warning|[of] p2a: Abomasnow\n|turn|1\n|\n|t:|1684079722\n|-terastallize|p1a: Armarouge|Grass\n|move|p1a: Armarouge|Wide Guard|p1a: Armarouge\n|-singleturn|p1a: Armarouge|Wide Guard\n|move|p2b: Iron Bundle|Blizzard|p1b: Indeedee|[spread] \n|-activate|p1a: Armarouge|move: Wide Guard\n|-activate|p1b: Indeedee|move: Wide Guard\n|move|p1b: Indeedee|Psychic|p2b: Iron Bundle\n|-damage|p2b: Iron Bundle|0 fnt\n|faint|p2b: Iron Bundle\n|-end|p2b: Iron Bundle|Quark Drive|[silent]\n|move|p2a: Abomasnow|Blizzard|p1a: Armarouge|[spread] \n|-activate|p1a: Armarouge|move: Wide Guard\n|-activate|p1b: Indeedee|move: Wide Guard\n|\n|-weather|Snow|[upkeep]\n|upkeep\n|\n|t:|1684079729\n|switch|p2b: Chien-Pao|Chien-Pao, L50|100\/100\n|-ability|p2b: Chien-Pao|Sword of Ruin\n|turn|2\n|\n|t:|1684079748\n|switch|p1a: Tauros|Tauros-Paldea-Blaze, L50, M|100\/100\n|-ability|p1a: Tauros|Intimidate|boost\n|-unboost|p2a: Abomasnow|atk|1\n|-unboost|p2b: Chien-Pao|atk|1\n|move|p2b: Chien-Pao|Ice Spinner|p1a: Tauros\n|-resisted|p1a: Tauros\n|-damage|p1a: Tauros|81\/100\n|-fieldend|move: Psychic Terrain\n|move|p1b: Indeedee|Psychic|p2a: Abomasnow\n|-damage|p2a: Abomasnow|36\/100\n|-unboost|p2a: Abomasnow|spd|1\n|move|p2a: Abomasnow|Aurora Veil|p2a: Abomasnow\n|-sidestart|p2: nickfang6|move: Aurora Veil\n|\n|-weather|Snow|[upkeep]\n|upkeep\n|turn|3\n|inactive|actuary97 has 30 seconds left.\n|\n|t:|1684079774\n|switch|p2b: Great Tusk|Great Tusk, L50|100\/100\n|switch|p1b: Kingambit|Kingambit, L50, M, shiny|100\/100\n|move|p1a: Tauros|Double Kick|p2b: Great Tusk\n|-damage|p2b: Great Tusk|93\/100\n|-damage|p2b: Great Tusk|85\/100\n|-hitcount|p2b: Great Tusk|2\n|move|p2a: Abomasnow|Blizzard|p1a: Tauros|[spread] p1a,p1b\n|-resisted|p1a: Tauros\n|-resisted|p1b: Kingambit\n|-damage|p1a: Tauros|51\/100\n|-damage|p1b: Kingambit|79\/100\n|\n|-weather|Snow|[upkeep]\n|upkeep\n|turn|4\n|j| Alexis Conran\n|inactive|actuary97 has 30 seconds left.\n|inactive|nickfang6 has 30 seconds left.\n|inactive|actuary97 has 20 seconds left.\n|inactive|nickfang6 has 20 seconds left.\n|inactive|nickfang6 has 15 seconds left.\n|inactive|actuary97 has 15 seconds left.\n|\n|t:|1684079822\n|switch|p1a: Armarouge|Armarouge, L50, M, shiny, tera:Grass|100\/100\n|move|p2a: Abomasnow|Helping Hand|p2b: Great Tusk\n|-singleturn|p2b: Great Tusk|Helping Hand|[of] p2a: Abomasnow\n|move|p1b: Kingambit|Sucker Punch||[still]\n|-fail|p1b: Kingambit\n|move|p2b: Great Tusk|Earthquake|p1a: Armarouge|[spread] p2a,p1a,p1b\n|-resisted|p2a: Abomasnow\n|-resisted|p1a: Armarouge\n|-supereffective|p1b: Kingambit\n|-damage|p2a: Abomasnow|20\/100\n|-damage|p1a: Armarouge|74\/100\n|-damage|p1b: Kingambit|0 fnt\n|faint|p1b: Kingambit\n|\n|-weather|Snow|[upkeep]\n|upkeep\n|\n|t:|1684079840\n|switch|p1b: Indeedee|Indeedee, L50, M, shiny|100\/100\n|-fieldstart|move: Psychic Terrain|[from] ability: Psychic Surge|[of] p1b: Indeedee\n|turn|5\n|\n|t:|1684079852\n|-end|p2b: Great Tusk|Protosynthesis|[silent]\n|switch|p2b: Chien-Pao|Chien-Pao, L50|100\/100\n|-ability|p2b: Chien-Pao|Sword of Ruin\n|move|p1a: Armarouge|Wide Guard|p1a: Armarouge\n|-singleturn|p1a: Armarouge|Wide Guard\n|move|p1b: Indeedee|Hyper Voice|p2a: Abomasnow|[spread] p2a,p2b\n|-damage|p2a: Abomasnow|0 fnt\n|-damage|p2b: Chien-Pao|49\/100\n|faint|p2a: Abomasnow\n|\n|-weather|none\n|upkeep\n|\n|t:|1684079860\n|switch|p2a: Great Tusk|Great Tusk, L50|85\/100\n|turn|6\n|\n|t:|1684079883\n|switch|p1b: Tauros|Tauros-Paldea-Blaze, L50, M|51\/100\n|-ability|p1b: Tauros|Intimidate|boost\n|-unboost|p2a: Great Tusk|atk|1\n|-unboost|p2b: Chien-Pao|atk|1\n|-terastallize|p2b: Chien-Pao|Flying\n|move|p2a: Great Tusk|Earthquake|p1a: Armarouge|[spread] p1a,p1b\n|-immune|p2b: Chien-Pao\n|-resisted|p1a: Armarouge\n|-supereffective|p1b: Tauros\n|-damage|p1a: Armarouge|57\/100\n|-damage|p1b: Tauros|0 fnt\n|faint|p1b: Tauros\n|move|p2b: Chien-Pao|Ice Spinner|p1a: Armarouge\n|-supereffective|p1a: Armarouge\n|-damage|p1a: Armarouge|0 fnt\n|-fieldend|move: Psychic Terrain\n|faint|p1a: Armarouge\n|\n|upkeep\n|\n|t:|1684079901\n|switch|p1b: Indeedee|Indeedee, L50, M, shiny|100\/100\n|-fieldstart|move: Psychic Terrain|[from] ability: Psychic Surge|[of] p1b: Indeedee\n|turn|7\n|\n|t:|1684079907\n|move|p2a: Great Tusk|Earthquake|p1b: Indeedee|[spread] p1b\n|-immune|p2b: Chien-Pao\n|-damage|p1b: Indeedee|29\/100\n|move|p2b: Chien-Pao|Ice Spinner|p1b: Indeedee\n|-damage|p1b: Indeedee|0 fnt\n|-fieldend|move: Psychic Terrain\n|faint|p1b: Indeedee\n|\n|win|nickfang6\n|raw|actuary97's rating: 1476 → 1460<\/strong> (-16 for losing)\n|raw|nickfang6's rating: 1545 → 1561<\/strong> (+16 for winning)\n|c|\u2606actuary97|gg\n|c|\u2606nickfang6|gg\n|l|\u2606actuary97\n","uploadtime":1684079929,"views":12,"p1id":"actuary97","p2id":"nickfang6","formatid":"gen9vgc2023regulationc","rating":1460,"private":0,"password":""}