{"id":"gen9vgc2023regulationc-1862815177","p1":"GenericName3333","p2":"DaddyIce","format":"[Gen 9] VGC 2023 Regulation C","log":"|j|\u2606GenericName3333\n|j|\u2606DaddyIce\n|t:|1683924993\n|gametype|doubles\n|player|p1|GenericName3333|rosa-pokestar|\n|player|p2|DaddyIce|cheryl|\n|teamsize|p1|6\n|teamsize|p2|6\n|gen|9\n|tier|[Gen 9] VGC 2023 Regulation C\n|rule|Tera Type Preview: Tera Types are shown at Team Preview\n|rule|Species Clause: Limit one of each Pok\u00e9mon\n|rule|Item Clause: Limit one of each item\n|clearpoke\n|poke|p1|Gholdengo, L50|\n|poke|p1|Palafin, L50, F|\n|poke|p1|Mudsdale, L50, M|\n|poke|p1|Bellibolt, L50, F|\n|poke|p1|Foongus, L50, M|\n|poke|p1|Dragonite, L50, F|\n|poke|p2|Chien-Pao, L50|\n|poke|p2|Gholdengo, L50|\n|poke|p2|Dondozo, L50, F|\n|poke|p2|Tatsugiri, L50, M|\n|poke|p2|Glimmora, L50, M|\n|poke|p2|Corviknight, L50, M|\n|teampreview|4\n|raw|GenericName3333's Tera Types: \/ \/ \/ \/ \/ \n|raw|DaddyIce's Tera Types: \/ \/ \/ \/ \/ \n|c|\u2606DaddyIce|g3\n|c|\u2606GenericName3333|glhf\nGenericName3333 rejected open team sheets.\n|c|\u2606DaddyIce|glhf\n|\n|t:|1683925980\n|start\n|switch|p1a: Palafin|Palafin, L50, F|100\/100\n|switch|p1b: Bellibolt|Bellibolt, L50, F|100\/100\n|switch|p2a: Butch Cassidy|Chien-Pao, L50|100\/100\n|switch|p2b: Pretty Boy Floyd|Glimmora, L50, M|100\/100\n|-ability|p2a: Butch Cassidy|Sword of Ruin\n|turn|1\n|\n|t:|1683926034\n|switch|p1b: Foongus|Foongus, L50, M|100\/100\n|-terastallize|p2a: Butch Cassidy|Ice\n|move|p1a: Palafin|Jet Punch|p2a: Butch Cassidy\n|-damage|p2a: Butch Cassidy|69\/100\n|move|p2a: Butch Cassidy|Ice Spinner|p1b: Foongus\n|-supereffective|p1b: Foongus\n|-damage|p1b: Foongus|0 fnt\n|faint|p1b: Foongus\n|move|p2b: Pretty Boy Floyd|Earth Power|p1a: Palafin\n|-damage|p1a: Palafin|62\/100\n|\n|upkeep\n|\n|t:|1683926058\n|switch|p1b: Gholdengo|Gholdengo, L50|100\/100\n|turn|2\n|\n|t:|1683926081\n|detailschange|p1a: Palafin|Palafin-Hero, L50, F\n|switch|p1a: Bellibolt|Bellibolt, L50, F|100\/100\n|-terastallize|p1b: Gholdengo|Steel\n|move|p2a: Butch Cassidy|Protect|p2a: Butch Cassidy\n|-singleturn|p2a: Butch Cassidy|Protect\n|move|p2b: Pretty Boy Floyd|Earth Power|p1b: Gholdengo\n|-supereffective|p1b: Gholdengo\n|-enditem|p1b: Gholdengo|Shuca Berry|[eat]\n|-enditem|p1b: Gholdengo|Shuca Berry|[weaken]\n|-damage|p1b: Gholdengo|69\/100\n|move|p1b: Gholdengo|Make It Rain|p2b: Pretty Boy Floyd|[spread] p2b\n|-activate|p2a: Butch Cassidy|move: Protect\n|-supereffective|p2b: Pretty Boy Floyd\n|-damage|p2b: Pretty Boy Floyd|0 fnt\n|-unboost|p1b: Gholdengo|spa|1\n|faint|p2b: Pretty Boy Floyd\n|\n|upkeep\n|\n|t:|1683926099\n|switch|p2b: Bonnie Parker|Dondozo, L50, F|100\/100\n|turn|3\n|\n|t:|1683926123\n|move|p1b: Gholdengo|Protect|p1b: Gholdengo\n|-singleturn|p1b: Gholdengo|Protect\n|move|p2a: Butch Cassidy|Ice Spinner|p1a: Bellibolt\n|-damage|p1a: Bellibolt|35\/100\n|-start|p1a: Bellibolt|Charge|Ice Spinner|[from] ability: Electromorphosis\n|move|p1a: Bellibolt|Parabolic Charge|p2a: Butch Cassidy|[spread] p2a,p2b\n|-activate|p1b: Gholdengo|move: Protect\n|-supereffective|p2b: Bonnie Parker\n|-damage|p2a: Butch Cassidy|21\/100\n|-heal|p1a: Bellibolt|54\/100|[from] drain|[of] p2a: Butch Cassidy\n|-damage|p2b: Bonnie Parker|26\/100\n|-heal|p1a: Bellibolt|99\/100|[from] drain|[of] p2b: Bonnie Parker\n|-end|p1a: Bellibolt|Charge|[silent]\n|move|p2b: Bonnie Parker|Liquidation|p1a: Bellibolt\n|-damage|p1a: Bellibolt|60\/100\n|-start|p1a: Bellibolt|Charge|Liquidation|[from] ability: Electromorphosis\n|\n|-heal|p2b: Bonnie Parker|32\/100|[from] item: Leftovers\n|upkeep\n|turn|4\n|\n|t:|1683926239\n|move|p2b: Bonnie Parker|Protect|p2b: Bonnie Parker\n|-singleturn|p2b: Bonnie Parker|Protect\n|move|p2a: Butch Cassidy|Ice Spinner|p1a: Bellibolt\n|-crit|p1a: Bellibolt\n|-damage|p1a: Bellibolt|0 fnt\n|faint|p1a: Bellibolt\n|move|p1b: Gholdengo|Make It Rain|p2b: Bonnie Parker|[spread] p2a\n|-activate|p2b: Bonnie Parker|move: Protect\n|-supereffective|p2a: Butch Cassidy\n|-damage|p2a: Butch Cassidy|0 fnt\n|-unboost|p1b: Gholdengo|spa|1\n|faint|p2a: Butch Cassidy\n|\n|-heal|p2b: Bonnie Parker|38\/100|[from] item: Leftovers\n|upkeep\n|\n|t:|1683926250\n|switch|p2a: Willie Sutton|Corviknight, L50, M|100\/100\n|switch|p1a: Palafin|Palafin-Hero, L50, F|62\/100\n|-activate|p1a: Palafin|ability: Zero to Hero\n|-ability|p2a: Willie Sutton|Pressure\n|turn|5\n|\n|t:|1683926274\n|move|p1a: Palafin|Haze|p1a: Palafin\n|-clearallboost\n|move|p1b: Gholdengo|Shadow Ball|p2b: Bonnie Parker\n|-damage|p2b: Bonnie Parker|0 fnt\n|faint|p2b: Bonnie Parker\n|move|p2a: Willie Sutton|Brave Bird|p1a: Palafin\n|-damage|p1a: Palafin|18\/100\n|-damage|p2a: Willie Sutton|87\/100|[from] Recoil\n|\n|upkeep\n|turn|6\n|\n|t:|1683926284\n|move|p1a: Palafin|Jet Punch|p2a: Willie Sutton\n|-damage|p2a: Willie Sutton|59\/100\n|-damage|p1a: Palafin|2\/100|[from] item: Rocky Helmet|[of] p2a: Willie Sutton\n|move|p1b: Gholdengo|Thunderbolt|p2a: Willie Sutton\n|-supereffective|p2a: Willie Sutton\n|-damage|p2a: Willie Sutton|0 fnt\n|faint|p2a: Willie Sutton\n|\n|win|GenericName3333\n|c|\u2606DaddyIce|gg\n|c|\u2606GenericName3333|gg\n|l|\u2606DaddyIce\n","uploadtime":1683926765,"views":18,"p1id":"genericname3333","p2id":"daddyice","formatid":"gen9vgc2023regulationc","rating":0,"private":0,"password":""}