{"id":"gen9vgc2023regulationc-1860784141","p1":"AndrwApple","p2":"Mei Nagano","format":"[Gen 9] VGC 2023 Regulation C","log":"|j|\u2606AndrwApple\n|j|\u2606Mei Nagano\n|t:|1683677499\n|gametype|doubles\n|player|p1|AndrwApple|2|1600\n|player|p2|Mei Nagano|1|1468\n|teamsize|p1|6\n|teamsize|p2|6\n|gen|9\n|tier|[Gen 9] VGC 2023 Regulation C\n|rated|\n|rule|Species Clause: Limit one of each Pok\u00e9mon\n|rule|Item Clause: Limit one of each item\n|clearpoke\n|poke|p1|Dragonite, L50, M|\n|poke|p1|Arcanine, L50, M|\n|poke|p1|Iron Bundle, L50|\n|poke|p1|Chien-Pao, L50|\n|poke|p1|Scizor, L50, F|\n|poke|p1|Flutter Mane, L50|\n|poke|p2|Chansey, L50, F|\n|poke|p2|Baxcalibur, L50, F|\n|poke|p2|Arcanine, L50, F|\n|poke|p2|Ting-Lu, L50|\n|poke|p2|Azumarill, L50, F|\n|poke|p2|Flutter Mane, L50|\n|teampreview|4\n|\n|t:|1683677554\n|start\n|switch|p1a: Iron Bundle|Iron Bundle, L50|100\/100\n|switch|p1b: Scizor|Scizor, L50, F|100\/100\n|switch|p2a: Chansey|Chansey, L50, F|100\/100\n|switch|p2b: Ting-Lu|Ting-Lu, L50|100\/100\n|-ability|p2b: Ting-Lu|Vessel of Ruin\n|-enditem|p1a: Iron Bundle|Booster Energy\n|-activate|p1a: Iron Bundle|ability: Quark Drive|[fromitem]\n|-start|p1a: Iron Bundle|quarkdrivespe\n|turn|1\n|\n|t:|1683677565\n|move|p2b: Ting-Lu|Protect|p2b: Ting-Lu\n|-singleturn|p2b: Ting-Lu|Protect\n|move|p1a: Iron Bundle|Hydro Pump|p2b: Ting-Lu\n|-activate|p2b: Ting-Lu|move: Protect\n|move|p1b: Scizor|U-turn|p2b: Ting-Lu\n|-activate|p2b: Ting-Lu|move: Protect\n|move|p2a: Chansey|Stealth Rock|p1b: Scizor\n|-sidestart|p1: AndrwApple|move: Stealth Rock\n|\n|upkeep\n|turn|2\n|\n|t:|1683677578\n|switch|p2b: Flutter Mane|Flutter Mane, L50|100\/100\n|-enditem|p2b: Flutter Mane|Booster Energy\n|-activate|p2b: Flutter Mane|ability: Protosynthesis|[fromitem]\n|-start|p2b: Flutter Mane|protosynthesisspa\n|move|p1a: Iron Bundle|Encore|p2a: Chansey\n|-start|p2a: Chansey|Encore\n|move|p1b: Scizor|Close Combat|p2a: Chansey\n|-supereffective|p2a: Chansey\n|-damage|p2a: Chansey|42\/100\n|-unboost|p1b: Scizor|def|1\n|-unboost|p1b: Scizor|spd|1\n|move|p2a: Chansey|Stealth Rock||[still]\n|-fail|p2a: Chansey\n|\n|upkeep\n|turn|3\n|\n|t:|1683677592\n|switch|p2a: Arcanine|Arcanine, L50, F|100\/100\n|-ability|p2a: Arcanine|Intimidate|boost\n|-unboost|p1a: Iron Bundle|atk|1\n|-fail|p1b: Scizor|unboost|[from] item: Clear Amulet|[of] p1b: Scizor\n|move|p1b: Scizor|Bullet Punch|p2b: Flutter Mane\n|-supereffective|p2b: Flutter Mane\n|-crit|p2b: Flutter Mane\n|-damage|p2b: Flutter Mane|0 fnt\n|faint|p2b: Flutter Mane\n|-end|p2b: Flutter Mane|Protosynthesis|[silent]\n|move|p1a: Iron Bundle|Freeze-Dry|p2a: Arcanine\n|-resisted|p2a: Arcanine\n|-damage|p2a: Arcanine|82\/100\n|\n|upkeep\n|\n|t:|1683677607\n|switch|p2b: Ting-Lu|Ting-Lu, L50|100\/100\n|-ability|p2b: Ting-Lu|Vessel of Ruin\n|turn|4\n|\n|t:|1683677622\n|-terastallize|p2a: Arcanine|Water\n|move|p1a: Iron Bundle|Hydro Pump|p2a: Arcanine\n|-resisted|p2a: Arcanine\n|-damage|p2a: Arcanine|58\/100\n|move|p2a: Arcanine|Flare Blitz|p1a: Iron Bundle\n|-damage|p1a: Iron Bundle|46\/100\n|-damage|p2a: Arcanine|46\/100|[from] Recoil\n|move|p1b: Scizor|U-turn|p2b: Ting-Lu\n|-supereffective|p2b: Ting-Lu\n|-damage|p2b: Ting-Lu|54\/100\n|\n|t:|1683677628\n|switch|p1b: Arcanine|Arcanine, L50, M|100\/100|[from] U-turn\n|-damage|p1b: Arcanine|76\/100|[from] Stealth Rock\n|-ability|p1b: Arcanine|Intimidate|boost\n|-unboost|p2a: Arcanine|atk|1\n|-unboost|p2b: Ting-Lu|atk|1\n|move|p2b: Ting-Lu|Spikes|p1b: Arcanine\n|-sidestart|p1: AndrwApple|Spikes\n|\n|-heal|p2b: Ting-Lu|60\/100|[from] item: Leftovers\n|upkeep\n|turn|5\n|\n|t:|1683677647\n|switch|p2a: Chansey|Chansey, L50, F|42\/100\n|move|p2b: Ting-Lu|Protect|p2b: Ting-Lu\n|-singleturn|p2b: Ting-Lu|Protect\n|move|p1a: Iron Bundle|Freeze-Dry|p2a: Chansey\n|-damage|p2a: Chansey|34\/100\n|-status|p2a: Chansey|frz\n|move|p1b: Arcanine|Will-O-Wisp|p2b: Ting-Lu\n|-activate|p2b: Ting-Lu|move: Protect\n|\n|-heal|p2b: Ting-Lu|66\/100|[from] item: Leftovers\n|upkeep\n|turn|6\n|c|\u2606AndrwApple|Go play singles then\n|\n|t:|1683677664\n|-curestatus|p2a: Chansey|frz|[from] ability: Natural Cure\n|switch|p2a: Arcanine|Arcanine, L50, F, tera:Water|46\/100\n|-ability|p2a: Arcanine|Intimidate|boost\n|-unboost|p1a: Iron Bundle|atk|1\n|-unboost|p1b: Arcanine|atk|1\n|move|p1a: Iron Bundle|Encore|p2b: Ting-Lu\n|-start|p2b: Ting-Lu|Encore\n|move|p1b: Arcanine|Flare Blitz|p2a: Arcanine\n|-resisted|p2a: Arcanine\n|-damage|p2a: Arcanine|24\/100\n|-status|p2a: Arcanine|brn\n|-damage|p1b: Arcanine|69\/100|[from] Recoil\n|move|p2b: Ting-Lu|Protect||[still]\n|-fail|p2b: Ting-Lu\n|\n|-heal|p2b: Ting-Lu|72\/100|[from] item: Leftovers\n|-damage|p2a: Arcanine|18\/100 brn|[from] brn\n|upkeep\n|turn|7\n|\n|t:|1683677679\n|switch|p2b: Chansey|Chansey, L50, F|34\/100\n|move|p2a: Arcanine|Protect|p2a: Arcanine\n|-singleturn|p2a: Arcanine|Protect\n|move|p1b: Arcanine|Extreme Speed|p2a: Arcanine\n|-activate|p2a: Arcanine|move: Protect\n|move|p1a: Iron Bundle|Hydro Pump|p2b: Chansey\n|-damage|p2b: Chansey|16\/100\n|\n|-damage|p2a: Arcanine|12\/100 brn|[from] brn\n|upkeep\n|turn|8\n|\n|t:|1683677692\n|switch|p2a: Ting-Lu|Ting-Lu, L50|72\/100\n|-ability|p2a: Ting-Lu|Vessel of Ruin\n|move|p1a: Iron Bundle|Freeze-Dry|p2a: Ting-Lu\n|-supereffective|p2a: Ting-Lu\n|-damage|p2a: Ting-Lu|34\/100\n|move|p1b: Arcanine|Flare Blitz|p2b: Chansey\n|-damage|p2b: Chansey|0 fnt\n|faint|p2b: Chansey\n|-damage|p1b: Arcanine|59\/100|[from] Recoil\n|\n|-heal|p2a: Ting-Lu|40\/100|[from] item: Leftovers\n|upkeep\n|-message|Mei Nagano forfeited.\n|\n|win|AndrwApple\n|raw|AndrwApple's rating: 1600 → 1613<\/strong> (+13 for winning)\n|raw|Mei Nagano's rating: 1468 → 1455<\/strong> (-13 for losing)\n|l|\u2606Mei Nagano\n","uploadtime":1683677707,"views":15,"p1id":"andrwapple","p2id":"meinagano","formatid":"gen9vgc2023regulationc","rating":1455,"private":0,"password":""}