{"id":"gen9vgc2023regulationc-1852094880","p1":"Okk2003","p2":"ZaxbysSauce","format":"[Gen 9] VGC 2023 Regulation C","log":"|j|\u2606Okk2003\n|j|\u2606ZaxbysSauce\n|t:|1682523692\n|gametype|doubles\n|player|p1|Okk2003|170|1145\n|player|p2|ZaxbysSauce|265|1168\n|teamsize|p1|6\n|teamsize|p2|6\n|gen|9\n|tier|[Gen 9] VGC 2023 Regulation C\n|rated|\n|rule|Species Clause: Limit one of each Pok\u00e9mon\n|rule|Item Clause: Limit one of each item\n|clearpoke\n|poke|p1|Gyarados, L50, M|\n|poke|p1|Tinkaton, L50, F|\n|poke|p1|Mimikyu, L50, F|\n|poke|p1|Dragapult, L50, M|\n|poke|p1|Chien-Pao, L50|\n|poke|p1|Ting-Lu, L50|\n|poke|p2|Scizor, L50, M|\n|poke|p2|Chien-Pao, L50|\n|poke|p2|Talonflame, L50, F|\n|poke|p2|Iron Hands, L50|\n|poke|p2|Kingambit, L50, M|\n|poke|p2|Dragapult, L50, F|\n|teampreview|4\n|inactive|Battle timer is ON: inactive players will automatically lose when time's up. (requested by ZaxbysSauce)\n|\n|t:|1682523742\n|start\n|switch|p1a: Gyarados|Gyarados, L50, M, shiny|100\/100\n|switch|p1b: Mimikyu|Mimikyu, L50, F|100\/100\n|switch|p2a: Dragapult|Dragapult, L50, F|100\/100\n|switch|p2b: Pontiac|Talonflame, L50, F|100\/100\n|-ability|p1a: Gyarados|Intimidate|boost\n|-fail|p2a: Dragapult|unboost|[from] ability: Clear Body|[of] p2a: Dragapult\n|-unboost|p2b: Pontiac|atk|1\n|turn|1\n|inactive|Okk2003 has 30 seconds left.\n|inactive|ZaxbysSauce has 30 seconds left.\n|\n|t:|1682523772\n|-terastallize|p2a: Dragapult|Dragon\n|move|p2a: Dragapult|Phantom Force||[still]\n|-prepare|p2a: Dragapult|Phantom Force\n|move|p2b: Pontiac|Taunt|p1b: Mimikyu\n|-start|p1b: Mimikyu|move: Taunt\n|move|p1b: Mimikyu|Play Rough|p2a: Dragapult|[miss]\n|-miss|p1b: Mimikyu|p2a: Dragapult\n|move|p1a: Gyarados|Ice Fang|p2a: Dragapult|[miss]\n|-miss|p1a: Gyarados|p2a: Dragapult\n|\n|upkeep\n|turn|2\n|inactive|Okk2003 has 30 seconds left.\n|\n|t:|1682523807\n|-terastallize|p1b: Mimikyu|Normal\n|move|p2b: Pontiac|Brave Bird|p1b: Mimikyu\n|-activate|p1b: Mimikyu|ability: Disguise\n|-damage|p1b: Mimikyu|100\/100\n|detailschange|p1b: Mimikyu|Mimikyu-Busted, L50, F, tera:Normal\n|-damage|p1b: Mimikyu|89\/100|[from] pokemon: Mimikyu-Busted\n|move|p2a: Dragapult|Phantom Force|p1b: Mimikyu|[from]lockedmove\n|-immune|p1b: Mimikyu\n|move|p1b: Mimikyu|Play Rough|p2a: Dragapult\n|-supereffective|p2a: Dragapult\n|-damage|p2a: Dragapult|0 fnt\n|faint|p2a: Dragapult\n|-damage|p1b: Mimikyu|79\/100|[from] item: Life Orb\n|move|p1a: Gyarados|Waterfall|p2b: Pontiac\n|-supereffective|p2b: Pontiac\n|-damage|p2b: Pontiac|16\/100\n|\n|upkeep\n|\n|t:|1682523829\n|switch|p2a: Mane Stopper|Scizor, L50, M|100\/100\n|turn|3\n|\n|t:|1682523845\n|switch|p1a: Tinkaton|Tinkaton, L50, F|100\/100\n|-ability|p1a: Tinkaton|Mold Breaker\n|move|p1b: Mimikyu|Shadow Sneak|p2b: Pontiac\n|-damage|p2b: Pontiac|0 fnt\n|faint|p2b: Pontiac\n|-damage|p1b: Mimikyu|70\/100|[from] item: Life Orb\n|move|p2a: Mane Stopper|Bullet Punch|p1b: Mimikyu\n|-damage|p1b: Mimikyu|26\/100\n|\n|-end|p1b: Mimikyu|move: Taunt\n|upkeep\n|\n|t:|1682523859\n|switch|p2b: King Mane|Kingambit, L50, M|100\/100\n|turn|4\n|\n|t:|1682523869\n|move|p1a: Tinkaton|Fake Out|p2a: Mane Stopper\n|-resisted|p2a: Mane Stopper\n|-damage|p2a: Mane Stopper|96\/100\n|cant|p2a: Mane Stopper|flinch\n|move|p2b: King Mane|Sucker Punch||[still]\n|-fail|p2b: King Mane\n|move|p1b: Mimikyu|Curse|p1b: Mimikyu\n|-unboost|p1b: Mimikyu|spe|1\n|-boost|p1b: Mimikyu|atk|1\n|-boost|p1b: Mimikyu|def|1\n|\n|upkeep\n|turn|5\n|\n|t:|1682523892\n|switch|p1b: Gyarados|Gyarados, L50, M, shiny|100\/100\n|-ability|p1b: Gyarados|Intimidate|boost\n|-fail|p2a: Mane Stopper|unboost|[from] item: Clear Amulet|[of] p2a: Mane Stopper\n|-unboost|p2b: King Mane|atk|1\n|-ability|p2b: King Mane|Defiant|boost\n|-boost|p2b: King Mane|atk|2\n|move|p2a: Mane Stopper|Bullet Punch|p1b: Gyarados\n|-resisted|p1b: Gyarados\n|-damage|p1b: Gyarados|83\/100\n|move|p1a: Tinkaton|Thunder Wave|p2b: King Mane\n|-status|p2b: King Mane|par\n|move|p2b: King Mane|Iron Head|p1a: Tinkaton\n|-damage|p1a: Tinkaton|24\/100\n|\n|upkeep\n|turn|6\n|inactive|ZaxbysSauce has 30 seconds left.\n|\n|t:|1682523919\n|switch|p1a: Mimikyu|Mimikyu-Busted, L50, F, tera:Normal|26\/100\n|move|p2a: Mane Stopper|Bullet Punch|p1a: Mimikyu\n|-damage|p1a: Mimikyu|0 fnt\n|faint|p1a: Mimikyu\n|move|p1b: Gyarados|Dragon Dance|p1b: Gyarados\n|-boost|p1b: Gyarados|atk|1\n|-boost|p1b: Gyarados|spe|1\n|move|p2b: King Mane|Kowtow Cleave|p1b: Gyarados\n|-damage|p1b: Gyarados|5\/100\n|\n|upkeep\n|\n|t:|1682523931\n|switch|p1a: Tinkaton|Tinkaton, L50, F|24\/100\n|-ability|p1a: Tinkaton|Mold Breaker\n|turn|7\n|\n|t:|1682523949\n|move|p1a: Tinkaton|Fake Out|p2a: Mane Stopper\n|-resisted|p2a: Mane Stopper\n|-damage|p2a: Mane Stopper|91\/100\n|cant|p2a: Mane Stopper|flinch\n|move|p2b: King Mane|Sucker Punch|p1b: Gyarados\n|-damage|p1b: Gyarados|0 fnt\n|faint|p1b: Gyarados\n|\n|upkeep\n|\n|t:|1682523957\n|switch|p1b: Dragapult|Dragapult, L50, M|100\/100\n|turn|8\n|\n|t:|1682523966\n|move|p2a: Mane Stopper|Bullet Punch|p1a: Tinkaton\n|-damage|p1a: Tinkaton|0 fnt\n|faint|p1a: Tinkaton\n|move|p2b: King Mane|Sucker Punch|p1b: Dragapult\n|-supereffective|p1b: Dragapult\n|-damage|p1b: Dragapult|0 fnt\n|faint|p1b: Dragapult\n|\n|win|ZaxbysSauce\n|raw|Okk2003's rating: 1170 → 1145<\/strong> (-25 for losing)\n|raw|ZaxbysSauce's rating: 1168 → 1193<\/strong> (+25 for winning)\n|l|\u2606Okk2003\n|c|\u2606ZaxbysSauce|Gg\n","uploadtime":1682523989,"views":27,"p1id":"okk2003","p2id":"zaxbyssauce","formatid":"gen9vgc2023regulationc","rating":1145,"private":0,"password":""}