{"id":"gen9vgc2023regulationc-1849028362","p1":"KingTerry777","p2":"mx555","format":"[Gen 9] VGC 2023 Regulation C","log":"|j|\u2606KingTerry777\n|j|\u2606mx555\n|t:|1682141477\n|gametype|doubles\n|player|p1|KingTerry777|veteran|1324\n|player|p2|mx555|266|1432\n|teamsize|p1|6\n|teamsize|p2|6\n|gen|9\n|tier|[Gen 9] VGC 2023 Regulation C\n|rated|\n|rule|Species Clause: Limit one of each Pok\u00e9mon\n|rule|Item Clause: Limit one of each item\n|clearpoke\n|poke|p1|Chi-Yu, L50|\n|poke|p1|Flutter Mane, L50|\n|poke|p1|Iron Bundle, L50|\n|poke|p1|Amoonguss, L50, M|\n|poke|p1|Garchomp, L50, M|\n|poke|p1|Kingambit, L50, M|\n|poke|p2|Farigiraf, L50, M|\n|poke|p2|Dragapult, L50, M|\n|poke|p2|Chien-Pao, L50|\n|poke|p2|Iron Hands, L50|\n|poke|p2|Amoonguss, L50, F|\n|poke|p2|Iron Bundle, L50|\n|teampreview|4\n|inactive|Battle timer is ON: inactive players will automatically lose when time's up. (requested by KingTerry777)\n|\n|t:|1682141506\n|start\n|switch|p1a: Garchomp|Garchomp, L50, M|100\/100\n|switch|p1b: Kingambit|Kingambit, L50, M|100\/100\n|switch|p2a: Iron Bundle|Iron Bundle, L50|100\/100\n|switch|p2b: Dragapult|Dragapult, L50, M|100\/100\n|-enditem|p2a: Iron Bundle|Booster Energy\n|-activate|p2a: Iron Bundle|ability: Quark Drive|[fromitem]\n|-start|p2a: Iron Bundle|quarkdrivespe\n|turn|1\n|inactive|mx555 has 30 seconds left.\n|\n|t:|1682141532\n|switch|p2b: Amoonguss|Amoonguss, L50, F|100\/100\n|-terastallize|p1a: Garchomp|Fire\n|move|p2a: Iron Bundle|Hydro Pump|p1b: Kingambit\n|-damage|p1b: Kingambit|62\/100\n|move|p1a: Garchomp|Dragon Claw|p2b: Amoonguss\n|-damage|p2b: Amoonguss|57\/100\n|-damage|p1a: Garchomp|91\/100|[from] item: Life Orb\n|move|p1b: Kingambit|Kowtow Cleave|p2a: Iron Bundle\n|-damage|p2a: Iron Bundle|38\/100\n|\n|upkeep\n|turn|2\n|inactive|KingTerry777 has 30 seconds left.\n|\n|t:|1682141567\n|switch|p1a: Amoonguss|Amoonguss, L50, M|100\/100\n|move|p2b: Amoonguss|Rage Powder|p2b: Amoonguss\n|-singleturn|p2b: Amoonguss|move: Rage Powder\n|move|p2a: Iron Bundle|Hydro Pump|p1a: Amoonguss\n|-resisted|p1a: Amoonguss\n|-damage|p1a: Amoonguss|80\/100\n|move|p1b: Kingambit|Kowtow Cleave|p2b: Amoonguss\n|-damage|p2b: Amoonguss|17\/100\n|-enditem|p2b: Amoonguss|Wiki Berry|[eat]\n|-heal|p2b: Amoonguss|50\/100|[from] item: Wiki Berry\n|\n|upkeep\n|turn|3\n|inactive|KingTerry777 has 30 seconds left.\n|\n|t:|1682141594\n|move|p2a: Iron Bundle|Icy Wind|p1b: Kingambit|[spread] p1a\n|-miss|p2a: Iron Bundle|p1b: Kingambit\n|-supereffective|p1a: Amoonguss\n|-damage|p1a: Amoonguss|46\/100\n|-unboost|p1a: Amoonguss|spe|1\n|-enditem|p1a: Amoonguss|Sitrus Berry|[eat]\n|-heal|p1a: Amoonguss|71\/100|[from] item: Sitrus Berry\n|move|p1b: Kingambit|Kowtow Cleave|p2b: Amoonguss\n|-damage|p2b: Amoonguss|15\/100\n|move|p2b: Amoonguss|Spore|p1b: Kingambit\n|-status|p1b: Kingambit|slp|[from] move: Spore\n|move|p1a: Amoonguss|Spore|p2a: Iron Bundle\n|-status|p2a: Iron Bundle|slp|[from] move: Spore\n|\n|upkeep\n|turn|4\n|inactive|mx555 has 30 seconds left.\n|\n|t:|1682141619\n|cant|p2a: Iron Bundle|slp\n|cant|p1b: Kingambit|slp\n|move|p2b: Amoonguss|Pollen Puff|p2a: Iron Bundle\n|-heal|p2a: Iron Bundle|88\/100 slp\n|move|p1a: Amoonguss|Pollen Puff|p2b: Amoonguss\n|-damage|p2b: Amoonguss|0 fnt\n|faint|p2b: Amoonguss\n|\n|upkeep\n|\n|t:|1682141630\n|switch|p2b: Chien-Pao|Chien-Pao, L50|100\/100\n|-ability|p2b: Chien-Pao|Sword of Ruin\n|turn|5\n|\n|t:|1682141640\n|-curestatus|p2a: Iron Bundle|slp|[msg]\n|move|p2a: Iron Bundle|Hydro Pump|p1b: Kingambit\n|-damage|p1b: Kingambit|26\/100 slp\n|move|p2b: Chien-Pao|Ice Spinner|p1a: Amoonguss\n|-supereffective|p1a: Amoonguss\n|-damage|p1a: Amoonguss|0 fnt\n|faint|p1a: Amoonguss\n|cant|p1b: Kingambit|slp\n|\n|upkeep\n|\n|t:|1682141650\n|switch|p1a: Flutter Mane|Flutter Mane, L50|100\/100\n|turn|6\n|inactive|mx555 has 30 seconds left.\n|\n|t:|1682141684\n|move|p2a: Iron Bundle|Icy Wind|p1b: Kingambit|[spread] p1a,p1b\n|-resisted|p1b: Kingambit\n|-damage|p1a: Flutter Mane|81\/100\n|-damage|p1b: Kingambit|19\/100 slp\n|-unboost|p1a: Flutter Mane|spe|1\n|-unboost|p1b: Kingambit|spe|1\n|-ability|p1b: Kingambit|Defiant|boost\n|-boost|p1b: Kingambit|atk|2\n|move|p2b: Chien-Pao|Ice Spinner|p1a: Flutter Mane\n|-crit|p1a: Flutter Mane\n|-damage|p1a: Flutter Mane|0 fnt\n|faint|p1a: Flutter Mane\n|-end|p1a: Flutter Mane|Protosynthesis|[silent]\n|cant|p1b: Kingambit|slp\n|\n|upkeep\n|-message|KingTerry777 forfeited.\n|\n|win|mx555\n|raw|KingTerry777's rating: 1324 → 1310<\/strong> (-14 for losing)\n|raw|mx555's rating: 1432 → 1446<\/strong> (+14 for winning)\n|l|\u2606KingTerry777\n","uploadtime":1682141700,"views":12,"p1id":"kingterry777","p2id":"mx555","formatid":"gen9vgc2023regulationc","rating":1310,"private":0,"password":""}