{"id":"gen9vgc2023regulationc-1847358183","p1":"Th0mH4ck","p2":"uhoh I poopd","format":"[Gen 9] VGC 2023 Regulation C","log":"|j|\u2606Th0mH4ck\n|j|\u2606uhoh I poopd\n|t:|1681942114\n|gametype|doubles\n|player|p1|Th0mH4ck|hilbert|1237\n|player|p2|uhoh I poopd|colress|1324\n|teamsize|p1|6\n|teamsize|p2|6\n|gen|9\n|tier|[Gen 9] VGC 2023 Regulation C\n|rated|\n|rule|Species Clause: Limit one of each Pok\u00e9mon\n|rule|Item Clause: Limit one of each item\n|clearpoke\n|poke|p1|Armarouge, L50, M|\n|poke|p1|Annihilape, L50, F|\n|poke|p1|Hatterene, L50, F|\n|poke|p1|Torkoal, L50, F|\n|poke|p1|Scizor, L50, F|\n|poke|p1|Kingambit, L50, F|\n|poke|p2|Masquerain, L50, M|\n|poke|p2|Coalossal, L50, M|\n|poke|p2|Amoonguss, L50, F|\n|poke|p2|Arcanine, L50, M|\n|poke|p2|Palafin, L50, M|\n|poke|p2|Annihilape, L50, M|\n|teampreview|4\n|\n|t:|1681942133\n|start\n|switch|p1a: Kingambit|Kingambit, L50, F, shiny|100\/100\n|switch|p1b: Annihilape|Annihilape, L50, F, shiny|100\/100\n|switch|p2a: Hoo fung poo|Annihilape, L50, M|100\/100\n|switch|p2b: Palafin|Palafin, L50, M|100\/100\n|turn|1\n|\n|t:|1681942161\n|detailschange|p2b: Palafin|Palafin-Hero, L50, M\n|switch|p2b: Toad|Amoonguss, L50, F|100\/100\n|move|p1b: Annihilape|Final Gambit|p2b: Toad\n|-damage|p2b: Toad|2\/100\n|-enditem|p2b: Toad|Iapapa Berry|[eat]\n|-heal|p2b: Toad|35\/100|[from] item: Iapapa Berry\n|faint|p1b: Annihilape\n|move|p2a: Hoo fung poo|Bulk Up|p2a: Hoo fung poo\n|-boost|p2a: Hoo fung poo|atk|1\n|-boost|p2a: Hoo fung poo|def|1\n|move|p1a: Kingambit|Kowtow Cleave|p2a: Hoo fung poo\n|-damage|p2a: Hoo fung poo|73\/100\n|\n|-heal|p2a: Hoo fung poo|79\/100|[from] item: Leftovers\n|upkeep\n|\n|t:|1681942177\n|switch|p1b: Armarouge|Armarouge, L50, M, shiny|100\/100\n|turn|2\n|\n|t:|1681942190\n|-terastallize|p1a: Kingambit|Fairy\n|move|p2a: Hoo fung poo|Rage Fist|p1b: Armarouge\n|-supereffective|p1b: Armarouge\n|-enditem|p1b: Armarouge|Focus Sash\n|-damage|p1b: Armarouge|1\/100\n|move|p1b: Armarouge|Armor Cannon|p2b: Toad\n|-supereffective|p2b: Toad\n|-damage|p2b: Toad|0 fnt\n|-unboost|p1b: Armarouge|def|1\n|-unboost|p1b: Armarouge|spd|1\n|faint|p2b: Toad\n|move|p1a: Kingambit|Kowtow Cleave|p2a: Hoo fung poo\n|-crit|p2a: Hoo fung poo\n|-damage|p2a: Hoo fung poo|18\/100\n|\n|-heal|p2a: Hoo fung poo|24\/100|[from] item: Leftovers\n|upkeep\n|\n|t:|1681942197\n|switch|p2b: Palafin|Palafin-Hero, L50, M|100\/100\n|-activate|p2b: Palafin|ability: Zero to Hero\n|turn|3\n|\n|t:|1681942230\n|-terastallize|p2b: Palafin|Water\n|move|p2b: Palafin|Jet Punch|p1b: Armarouge\n|-supereffective|p1b: Armarouge\n|-damage|p1b: Armarouge|0 fnt\n|faint|p1b: Armarouge\n|move|p2a: Hoo fung poo|Bulk Up|p2a: Hoo fung poo\n|-boost|p2a: Hoo fung poo|atk|1\n|-boost|p2a: Hoo fung poo|def|1\n|move|p1a: Kingambit|Kowtow Cleave|p2a: Hoo fung poo\n|-damage|p2a: Hoo fung poo|2\/100\n|\n|-heal|p2a: Hoo fung poo|8\/100|[from] item: Leftovers\n|upkeep\n|\n|t:|1681942244\n|switch|p1b: Scizor|Scizor, L50, F, shiny|100\/100\n|turn|4\n|\n|t:|1681942253\n|move|p2a: Hoo fung poo|Protect|p2a: Hoo fung poo\n|-singleturn|p2a: Hoo fung poo|Protect\n|move|p1b: Scizor|Bullet Punch|p2a: Hoo fung poo\n|-activate|p2a: Hoo fung poo|move: Protect\n|move|p2b: Palafin|Wave Crash|p1b: Scizor\n|-damage|p1b: Scizor|0 fnt\n|faint|p1b: Scizor\n|-damage|p2b: Palafin|73\/100|[from] Recoil\n|move|p1a: Kingambit|Kowtow Cleave|p2b: Palafin\n|-damage|p2b: Palafin|34\/100\n|\n|-heal|p2a: Hoo fung poo|14\/100|[from] item: Leftovers\n|upkeep\n|turn|5\n|\n|t:|1681942272\n|move|p2b: Palafin|Jet Punch|p1a: Kingambit\n|-damage|p1a: Kingambit|53\/100\n|move|p2a: Hoo fung poo|Rage Fist|p1a: Kingambit\n|-damage|p1a: Kingambit|0 fnt\n|faint|p1a: Kingambit\n|\n|win|uhoh I poopd\n|raw|Th0mH4ck's rating: 1237 → 1218<\/strong> (-19 for losing)\n|raw|uhoh I poopd's rating: 1324 → 1339<\/strong> (+15 for winning)\n|l|\u2606Th0mH4ck\n|c|\u2606uhoh I poopd|Gg\n","uploadtime":1681942286,"views":4,"p1id":"th0mh4ck","p2id":"uhohipoopd","formatid":"gen9vgc2023regulationc","rating":1218,"private":0,"password":""}