{"id":"gen9vgc2023regulationc-1852291345","p1":"mafumafusimpsimp","p2":"Eicosapentaenoic","format":"[Gen 9] VGC 2023 Regulation C","log":"|j|\u2606mafumafusimpsimp\n|j|\u2606Eicosapentaenoic\n|t:|1682540686\n|gametype|doubles\n|player|p1|mafumafusimpsimp|crasherwake|1392\n|player|p2|Eicosapentaenoic|169|1428\n|teamsize|p1|6\n|teamsize|p2|6\n|gen|9\n|tier|[Gen 9] VGC 2023 Regulation C\n|rated|\n|rule|Species Clause: Limit one of each Pok\u00e9mon\n|rule|Item Clause: Limit one of each item\n|clearpoke\n|poke|p1|Breloom, L50, M|\n|poke|p1|Chien-Pao, L50|\n|poke|p1|Flutter Mane, L50|\n|poke|p1|Kingambit, L50, M|\n|poke|p1|Iron Hands, L50|\n|poke|p1|Iron Bundle, L50|\n|poke|p2|Gholdengo, L50|\n|poke|p2|Maushold-Four, L50|\n|poke|p2|Great Tusk, L50|\n|poke|p2|Iron Bundle, L50|\n|poke|p2|Abomasnow, L50, F|\n|poke|p2|Arcanine, L50, M|\n|teampreview|4\nmafumafusimpsimp has agreed to open team sheets.\n|\n|t:|1682540721\n|start\n|switch|p1a: Breloom|Breloom, L50, M|100\/100\n|switch|p1b: Chien-Pao|Chien-Pao, L50|100\/100\n|switch|p2a: Gholdengo|Gholdengo, L50|100\/100\n|switch|p2b: Maushold|Maushold-Four, L50|100\/100\n|-ability|p1b: Chien-Pao|Sword of Ruin\n|turn|1\n|\n|t:|1682540734\n|switch|p1a: Kingambit|Kingambit, L50, M|100\/100\n|move|p1b: Chien-Pao|Protect|p1b: Chien-Pao\n|-singleturn|p1b: Chien-Pao|Protect\n|move|p2b: Maushold|Follow Me|p2b: Maushold\n|-singleturn|p2b: Maushold|move: Follow Me\n|move|p2a: Gholdengo|Make It Rain|p1b: Chien-Pao|[spread] p1a\n|-activate|p1b: Chien-Pao|move: Protect\n|-resisted|p1a: Kingambit\n|-damage|p1a: Kingambit|72\/100\n|-unboost|p2a: Gholdengo|spa|1\n|\n|upkeep\n|turn|2\n|\n|t:|1682540755\n|switch|p1b: Breloom|Breloom, L50, M|100\/100\n|move|p2b: Maushold|Follow Me|p2b: Maushold\n|-singleturn|p2b: Maushold|move: Follow Me\n|move|p2a: Gholdengo|Make It Rain|p1a: Kingambit|[spread] p1a,p1b\n|-resisted|p1a: Kingambit\n|-damage|p1a: Kingambit|53\/100\n|-damage|p1b: Breloom|23\/100\n|-unboost|p2a: Gholdengo|spa|1\n|move|p1a: Kingambit|Swords Dance|p1a: Kingambit\n|-boost|p1a: Kingambit|atk|2\n|\n|upkeep\n|turn|3\n|\n|t:|1682540776\n|move|p2b: Maushold|Follow Me|p2b: Maushold\n|-singleturn|p2b: Maushold|move: Follow Me\n|move|p1b: Breloom|Mach Punch|p2b: Maushold\n|-supereffective|p2b: Maushold\n|-damage|p2b: Maushold|31\/100\n|-damage|p1b: Breloom|7\/100|[from] item: Rocky Helmet|[of] p2b: Maushold\n|move|p2a: Gholdengo|Make It Rain|p1a: Kingambit|[spread] p1a,p1b\n|-resisted|p1a: Kingambit\n|-damage|p1a: Kingambit|39\/100\n|-damage|p1b: Breloom|0 fnt\n|-unboost|p2a: Gholdengo|spa|1\n|faint|p1b: Breloom\n|move|p1a: Kingambit|Iron Head|p2b: Maushold\n|-damage|p2b: Maushold|0 fnt\n|-damage|p1a: Kingambit|22\/100|[from] item: Rocky Helmet|[of] p2b: Maushold\n|faint|p2b: Maushold\n|\n|upkeep\n|\n|t:|1682540796\n|switch|p2b: Great Tusk|Great Tusk, L50|100\/100\n|switch|p1b: Chien-Pao|Chien-Pao, L50|100\/100\n|-ability|p1b: Chien-Pao|Sword of Ruin\n|turn|4\n|\n|t:|1682540812\n|switch|p2a: Iron Bundle|Iron Bundle, L50|100\/100\n|-enditem|p2a: Iron Bundle|Booster Energy\n|-activate|p2a: Iron Bundle|ability: Quark Drive|[fromitem]\n|-start|p2a: Iron Bundle|quarkdrivespe\n|-terastallize|p1b: Chien-Pao|Ghost\n|move|p1a: Kingambit|Sucker Punch||[still]\n|-fail|p1a: Kingambit\n|move|p1b: Chien-Pao|Ice Spinner|p2b: Great Tusk\n|-supereffective|p2b: Great Tusk\n|-damage|p2b: Great Tusk|0 fnt\n|faint|p2b: Great Tusk\n|-end|p2b: Great Tusk|Protosynthesis|[silent]\n|-damage|p1b: Chien-Pao|91\/100|[from] item: Life Orb\n|\n|upkeep\n|\n|t:|1682540827\n|switch|p2b: Gholdengo|Gholdengo, L50|100\/100\n|turn|5\n|\n|t:|1682540841\n|-terastallize|p2b: Gholdengo|Water\n|move|p1b: Chien-Pao|Sucker Punch|p2b: Gholdengo\n|-damage|p2b: Gholdengo|29\/100\n|-damage|p1b: Chien-Pao|81\/100|[from] item: Life Orb\n|move|p1a: Kingambit|Sucker Punch|p2a: Iron Bundle\n|-damage|p2a: Iron Bundle|0 fnt\n|faint|p2a: Iron Bundle\n|-end|p2a: Iron Bundle|Quark Drive|[silent]\n|move|p2b: Gholdengo|Shadow Ball|p1b: Chien-Pao\n|-supereffective|p1b: Chien-Pao\n|-crit|p1b: Chien-Pao\n|-damage|p1b: Chien-Pao|0 fnt\n|faint|p1b: Chien-Pao\n|\n|upkeep\n|\n|t:|1682540848\n|switch|p1b: Iron Bundle|Iron Bundle, L50|100\/100\n|turn|6\n|\n|t:|1682540855\n|move|p1a: Kingambit|Sucker Punch|p2b: Gholdengo\n|-damage|p2b: Gholdengo|0 fnt\n|faint|p2b: Gholdengo\n|\n|win|mafumafusimpsimp\n|raw|mafumafusimpsimp's rating: 1392 → 1414<\/strong> (+22 for winning)\n|raw|Eicosapentaenoic's rating: 1428 → 1406<\/strong> (-22 for losing)\n|c|\u2606mafumafusimpsimp|gg\n","uploadtime":1682540856,"views":10,"p1id":"mafumafusimpsimp","p2id":"eicosapentaenoic","formatid":"gen9vgc2023regulationc","rating":1406,"private":0,"password":""}