{"id":"gen9vgc2023regulationc-1855713125","p1":"HasoonVGC","p2":"fayek-47","format":"[Gen 9] VGC 2023 Regulation C","log":"|j|\u2606HasoonVGC\n|j|\u2606fayek-47\n|t:|1682975855\n|gametype|doubles\n|player|p1|HasoonVGC|2|1113\n|player|p2|fayek-47|marnie-league|1122\n|teamsize|p1|6\n|teamsize|p2|6\n|gen|9\n|tier|[Gen 9] VGC 2023 Regulation C\n|rated|\n|rule|Species Clause: Limit one of each Pok\u00e9mon\n|rule|Item Clause: Limit one of each item\n|clearpoke\n|poke|p1|Gallade, L50, M|\n|poke|p1|Torkoal, L50, M|\n|poke|p1|Girafarig, L50, F|\n|poke|p1|Great Tusk, L50|\n|poke|p1|Amoonguss, L50, M|\n|poke|p1|Hatterene, L50, F|\n|poke|p2|Cloyster, L50, F|\n|poke|p2|Leafeon, L50, F|\n|poke|p2|Torkoal, L50, M|\n|poke|p2|Slither Wing, L50|\n|poke|p2|Wigglytuff, L50, M|\n|poke|p2|Ting-Lu, L50|\n|teampreview|4\n|inactive|Battle timer is ON: inactive players will automatically lose when time's up. (requested by HasoonVGC)\n|\n|t:|1682975904\n|start\n|switch|p1a: Girafarig|Girafarig, L50, F, shiny|100\/100\n|switch|p1b: Hatterene|Hatterene, L50, F|100\/100\n|switch|p2a: 200 BANDS|Slither Wing, L50, shiny|100\/100\n|switch|p2b: trapping|Ting-Lu, L50|100\/100\n|-ability|p2b: trapping|Vessel of Ruin\n|turn|1\n|\n|t:|1682975916\n|move|p1a: Girafarig|Ally Switch|p1a: Girafarig\n|swap|p1a: Girafarig|1|[from] move: Ally Switch\n|move|p2a: 200 BANDS|U-turn|p1a: Hatterene\n|-damage|p1a: Hatterene|33\/100\n|\n|t:|1682975923\n|-end|p2a: 200 BANDS|Protosynthesis|[silent]\n|switch|p2a: LIVING SHELL|Torkoal, L50, M|100\/100|[from] U-turn\n|-weather|SunnyDay|[from] ability: Drought|[of] p2a: LIVING SHELL\n|move|p2b: trapping|Heavy Slam|p1b: Girafarig\n|-damage|p1b: Girafarig|76\/100\n|move|p1a: Hatterene|Trick Room|p1a: Hatterene\n|-fieldstart|move: Trick Room|[of] p1a: Hatterene\n|\n|-weather|SunnyDay|[upkeep]\n|upkeep\n|turn|2\n|inactive|fayek-47 has 30 seconds left.\n|\n|t:|1682975955\n|move|p2a: LIVING SHELL|Earth Power|p1b: Girafarig\n|-damage|p1b: Girafarig|50\/100\n|move|p2b: trapping|Heavy Slam|p1a: Hatterene\n|-supereffective|p1a: Hatterene\n|-damage|p1a: Hatterene|0 fnt\n|faint|p1a: Hatterene\n|move|p1b: Girafarig|Psychic|p2a: LIVING SHELL\n|-damage|p2a: LIVING SHELL|72\/100\n|\n|-weather|SunnyDay|[upkeep]\n|upkeep\n|\n|t:|1682975962\n|switch|p1a: Torkoal|Torkoal, L50, M|100\/100\n|turn|3\n|\n|t:|1682975980\n|-terastallize|p1a: Torkoal|Fire\n|move|p1b: Girafarig|Helping Hand|p1a: Torkoal\n|-singleturn|p1a: Torkoal|Helping Hand|[of] p1b: Girafarig\n|move|p1a: Torkoal|Eruption|p2a: LIVING SHELL|[spread] p2a,p2b\n|-resisted|p2a: LIVING SHELL\n|-damage|p2a: LIVING SHELL|0 fnt\n|-damage|p2b: trapping|54\/100\n|faint|p2a: LIVING SHELL\n|move|p2b: trapping|Stomping Tantrum|p1a: Torkoal\n|-supereffective|p1a: Torkoal\n|-damage|p1a: Torkoal|46\/100\n|\n|-weather|SunnyDay|[upkeep]\n|upkeep\n|\n|t:|1682975994\n|switch|p2a: 200 BANDS|Slither Wing, L50, shiny|100\/100\n|-activate|p2a: 200 BANDS|ability: Protosynthesis\n|-start|p2a: 200 BANDS|protosynthesisatk\n|turn|4\n|\n|t:|1682976005\n|-terastallize|p2a: 200 BANDS|Fire\n|move|p1a: Torkoal|Flamethrower|p2a: 200 BANDS\n|-resisted|p2a: 200 BANDS\n|-damage|p2a: 200 BANDS|68\/100\n|move|p2b: trapping|Stomping Tantrum|p1a: Torkoal\n|-supereffective|p1a: Torkoal\n|-damage|p1a: Torkoal|0 fnt\n|faint|p1a: Torkoal\n|move|p1b: Girafarig|Psychic|p2a: 200 BANDS\n|-damage|p2a: 200 BANDS|47\/100\n|move|p2a: 200 BANDS|U-turn|p1b: Girafarig\n|-supereffective|p1b: Girafarig\n|-damage|p1b: Girafarig|0 fnt\n|faint|p1b: Girafarig\n|\n|t:|1682976019\n|-end|p2a: 200 BANDS|Protosynthesis|[silent]\n|switch|p2a: nuts|Cloyster, L50, F, shiny|100\/100|[from] U-turn\n|\n|-weather|SunnyDay|[upkeep]\n|upkeep\n|\n|t:|1682976023\n|switch|p1b: Great Tusk|Great Tusk, L50|100\/100\n|-activate|p1b: Great Tusk|ability: Protosynthesis\n|-start|p1b: Great Tusk|protosynthesisatk\n|turn|5\n|\n|t:|1682976038\n|move|p2b: trapping|Sand Tomb|p1b: Great Tusk\n|-damage|p1b: Great Tusk|89\/100\n|-activate|p1b: Great Tusk|move: Sand Tomb|[of] p2b: trapping\n|move|p1b: Great Tusk|Close Combat|p2a: nuts\n|-supereffective|p2a: nuts\n|-damage|p2a: nuts|0 fnt\n|-unboost|p1b: Great Tusk|def|1\n|-unboost|p1b: Great Tusk|spd|1\n|faint|p2a: nuts\n|\n|-weather|none\n|-end|p1b: Great Tusk|Protosynthesis\n|-damage|p1b: Great Tusk|77\/100|[from] move: Sand Tomb|[partiallytrapped]\n|-fieldend|move: Trick Room\n|upkeep\n|-enditem|p1b: Great Tusk|Booster Energy\n|-activate|p1b: Great Tusk|ability: Protosynthesis|[fromitem]\n|-start|p1b: Great Tusk|protosynthesisatk\n|\n|t:|1682976052\n|switch|p2a: 200 BANDS|Slither Wing, L50, shiny, tera:Fire|47\/100\n|turn|6\n|inactive|fayek-47 has 30 seconds left.\n|\n|t:|1682976086\n|move|p2a: 200 BANDS|Close Combat|p1b: Great Tusk\n|-damage|p1b: Great Tusk|0 fnt\n|-unboost|p2a: 200 BANDS|def|1\n|-unboost|p2a: 200 BANDS|spd|1\n|faint|p1b: Great Tusk\n|-end|p1b: Great Tusk|Protosynthesis|[silent]\n|\n|win|fayek-47\n|raw|HasoonVGC's rating: 1113 → 1089<\/strong> (-24 for losing)\n|raw|fayek-47's rating: 1122 → 1146<\/strong> (+24 for winning)\n|l|\u2606HasoonVGC\n","uploadtime":1682976101,"views":14,"p1id":"hasoonvgc","p2id":"fayek47","formatid":"gen9vgc2023regulationc","rating":1089,"private":0,"password":""}