{"id":"gen9vgc2023regulationc-1850465263","p1":"testregc2","p2":"BarretsDPalla","format":"[Gen 9] VGC 2023 Regulation C","log":"|j|\u2606testregc2\n|j|\u2606BarretsDPalla\n|t:|1682339851\n|gametype|doubles\n|player|p1|testregc2|2|1078\n|player|p2|BarretsDPalla|veteran-gen4|1097\n|teamsize|p1|6\n|teamsize|p2|6\n|gen|9\n|tier|[Gen 9] VGC 2023 Regulation C\n|rated|\n|rule|Species Clause: Limit one of each Pok\u00e9mon\n|rule|Item Clause: Limit one of each item\n|clearpoke\n|poke|p1|Scream Tail, L50|\n|poke|p1|Garganacl, L50, M|\n|poke|p1|Garchomp, L50, F|\n|poke|p1|Gyarados, L50, F|\n|poke|p1|Appletun, L50, M|\n|poke|p1|Glimmora, L50, M|\n|poke|p2|Gyarados, L50, F|\n|poke|p2|Chi-Yu, L50|\n|poke|p2|Iron Hands, L50|\n|poke|p2|Kingambit, L50, M|\n|poke|p2|Amoonguss, L50, F|\n|poke|p2|Flutter Mane, L50|\n|teampreview|4\nBarretsDPalla has agreed to open team sheets.\n|inactive|Battle timer is ON: inactive players will automatically lose when time's up. (requested by testregc2)\n|\n|t:|1682339886\n|start\n|switch|p1a: Scream Tail|Scream Tail, L50|100\/100\n|switch|p1b: Garchomp|Garchomp, L50, F|100\/100\n|switch|p2a: Kingambit|Kingambit, L50, M, shiny|100\/100\n|switch|p2b: Iron Hands|Iron Hands, L50|100\/100\n|-enditem|p1a: Scream Tail|Booster Energy\n|-activate|p1a: Scream Tail|ability: Protosynthesis|[fromitem]\n|-start|p1a: Scream Tail|protosynthesisspe\n|turn|1\n|inactive|testregc2 has 30 seconds left.\n|inactive|BarretsDPalla has 30 seconds left.\n|inactive|testregc2 has 20 seconds left.\n|inactive|BarretsDPalla has 20 seconds left.\n|inactive|testregc2 has 15 seconds left.\n|inactive|BarretsDPalla has 15 seconds left.\n|inactive|BarretsDPalla has 10 seconds left.\n|\n|t:|1682339935\n|switch|p2a: Amoonguss|Amoonguss, L50, F|100\/100\n|move|p1b: Garchomp|Protect|p1b: Garchomp\n|-singleturn|p1b: Garchomp|Protect\n|move|p1a: Scream Tail|Thunder Wave|p2a: Amoonguss\n|-status|p2a: Amoonguss|par\n|move|p2b: Iron Hands|Drain Punch|p1b: Garchomp\n|-activate|p1b: Garchomp|move: Protect\n|\n|upkeep\n|turn|2\n|inactive|BarretsDPalla has 30 seconds left.\n|\n|t:|1682339962\n|move|p2b: Iron Hands|Detect|p2b: Iron Hands\n|-singleturn|p2b: Iron Hands|Protect\n|move|p1a: Scream Tail|Howl|p1a: Scream Tail|[spread] p1a,p1b\n|-boost|p1a: Scream Tail|atk|1\n|-boost|p1b: Garchomp|atk|1\n|move|p1b: Garchomp|Rock Slide|p2b: Iron Hands|[spread] \n|-activate|p2b: Iron Hands|move: Protect\n|-miss|p1b: Garchomp|p2a: Amoonguss\n|move|p2a: Amoonguss|Spore|p1b: Garchomp\n|-status|p1b: Garchomp|slp|[from] move: Spore\n|\n|upkeep\n|turn|3\n|\n|t:|1682339983\n|move|p1a: Scream Tail|Encore|p2a: Amoonguss\n|-start|p2a: Amoonguss|Encore\n|cant|p1b: Garchomp|slp\n|move|p2b: Iron Hands|Swords Dance|p2b: Iron Hands\n|-boost|p2b: Iron Hands|atk|2\n|move|p2a: Amoonguss|Spore|p1a: Scream Tail\n|-status|p1a: Scream Tail|slp|[from] move: Spore\n|\n|upkeep\n|turn|4\n|\n|t:|1682339999\n|switch|p2a: Flutter Mane|Flutter Mane, L50|100\/100\n|cant|p1a: Scream Tail|slp\n|cant|p1b: Garchomp|slp\n|move|p2b: Iron Hands|Drain Punch|p1b: Garchomp\n|-damage|p1b: Garchomp|21\/100 slp\n|-damage|p2b: Iron Hands|88\/100|[from] ability: Rough Skin|[of] p1b: Garchomp\n|\n|upkeep\n|turn|5\n|\n|t:|1682340013\n|cant|p1b: Garchomp|slp\n|-curestatus|p1a: Scream Tail|slp|[msg]\n|move|p1a: Scream Tail|Thunder Wave|p2a: Flutter Mane\n|-status|p2a: Flutter Mane|par\n|move|p2a: Flutter Mane|Dazzling Gleam|p1a: Scream Tail|[spread] p1a,p1b\n|-supereffective|p1b: Garchomp\n|-damage|p1a: Scream Tail|67\/100\n|-damage|p1b: Garchomp|0 fnt\n|faint|p1b: Garchomp\n|move|p2b: Iron Hands|Wild Charge|p1a: Scream Tail\n|-damage|p1a: Scream Tail|0 fnt\n|faint|p1a: Scream Tail\n|-end|p1a: Scream Tail|Protosynthesis|[silent]\n|-damage|p2b: Iron Hands|73\/100|[from] Recoil\n|\n|upkeep\n|\n|t:|1682340034\n|switch|p1a: Appletun|Appletun, L50, M|100\/100\n|switch|p1b: Garganacl|Garganacl, L50, M|100\/100\n|turn|6\n|\n|t:|1682340058\n|-terastallize|p1b: Garganacl|Ghost\n|move|p2a: Flutter Mane|Dazzling Gleam|p1a: Appletun|[spread] p1a,p1b\n|-supereffective|p1a: Appletun\n|-damage|p1a: Appletun|25\/100\n|-damage|p1b: Garganacl|67\/100\n|move|p2b: Iron Hands|Drain Punch|p1a: Appletun\n|-damage|p1a: Appletun|0 fnt\n|-heal|p2b: Iron Hands|84\/100|[from] drain|[of] p1a: Appletun\n|faint|p1a: Appletun\n|move|p1b: Garganacl|Salt Cure|p2a: Flutter Mane\n|-damage|p2a: Flutter Mane|76\/100 par\n|-start|p2a: Flutter Mane|Salt Cure\n|\n|-damage|p2a: Flutter Mane|64\/100 par|[from] Salt Cure\n|upkeep\n|turn|7\n|-message|testregc2 forfeited.\n|\n|win|BarretsDPalla\n|raw|testregc2's rating: 1078 → 1057<\/strong> (-21 for losing)\n|raw|BarretsDPalla's rating: 1097 → 1121<\/strong> (+24 for winning)\n|l|\u2606testregc2\n","uploadtime":1682340076,"views":26,"p1id":"testregc2","p2id":"barretsdpalla","formatid":"gen9vgc2023regulationc","rating":1057,"private":0,"password":""}