{"id":"gen9vgc2023regulationc-1856279564","p1":"iamboogiecousins","p2":"Slim Reaper 69","format":"[Gen 9] VGC 2023 Regulation C","log":"|j|\u2606iamboogiecousins\n|j|\u2606Slim Reaper 69\n|t:|1683047100\n|gametype|doubles\n|player|p1|iamboogiecousins|tate|1487\n|player|p2|Slim Reaper 69|rood|1492\n|teamsize|p1|6\n|teamsize|p2|6\n|gen|9\n|tier|[Gen 9] VGC 2023 Regulation C\n|rated|\n|rule|Species Clause: Limit one of each Pok\u00e9mon\n|rule|Item Clause: Limit one of each item\n|clearpoke\n|poke|p1|Gholdengo, L50|\n|poke|p1|Maushold, L50|\n|poke|p1|Great Tusk, L50|\n|poke|p1|Iron Bundle, L50|\n|poke|p1|Talonflame, L50, F|\n|poke|p1|Baxcalibur, L50, M|\n|poke|p2|Ting-Lu, L50|\n|poke|p2|Annihilape, L50, M|\n|poke|p2|Arcanine, L50, M|\n|poke|p2|Amoonguss, L50, F|\n|poke|p2|Iron Bundle, L50|\n|poke|p2|Corviknight, L50, F|\n|teampreview|4\n|j| ayyy5\nSlim Reaper 69 has agreed to open team sheets.\n|j| Rhoads031\niamboogiecousins has agreed to open team sheets.\n|c|\u2606Slim Reaper 69|honor to play against u\n|c|\u2606Slim Reaper 69|boogie\n|c|\u2606iamboogiecousins|thank you kevin durant\n|l| Rhoads031\n|\n|t:|1683047194\n|start\n|switch|p1a: Maushold|Maushold, L50|100\/100\n|switch|p1b: Gholdengo|Gholdengo, L50|100\/100\n|switch|p2a: Teddy|Arcanine, L50, M|100\/100\n|switch|p2b: Zuggins|Iron Bundle, L50, shiny|100\/100\n|-ability|p2a: Teddy|Intimidate|boost\n|-unboost|p1a: Maushold|atk|1\n|-unboost|p1b: Gholdengo|atk|1\n|turn|1\n|\n|t:|1683047207\n|-terastallize|p1b: Gholdengo|Water\n|move|p1a: Maushold|Baby-Doll Eyes|p2a: Teddy\n|-unboost|p2a: Teddy|atk|1\n|move|p2b: Zuggins|Taunt|p1a: Maushold\n|-start|p1a: Maushold|move: Taunt\n|move|p1b: Gholdengo|Nasty Plot|p1b: Gholdengo\n|-boost|p1b: Gholdengo|spa|2\n|move|p2a: Teddy|Flare Blitz|p1b: Gholdengo\n|-resisted|p1b: Gholdengo\n|-damage|p1b: Gholdengo|86\/100\n|-damage|p2a: Teddy|96\/100|[from] Recoil\n|\n|upkeep\n|turn|2\n|\n|t:|1683047228\n|switch|p2a: Mossbag|Amoonguss, L50, F|100\/100\n|move|p2b: Zuggins|Freeze-Dry|p1b: Gholdengo\n|-supereffective|p1b: Gholdengo\n|-damage|p1b: Gholdengo|26\/100\n|move|p1a: Maushold|Super Fang|p2b: Zuggins|[miss]\n|-miss|p1a: Maushold|p2b: Zuggins\n|move|p1b: Gholdengo|Make It Rain|p2b: Zuggins|[spread] p2a,p2b\n|-damage|p2a: Mossbag|0 fnt\n|-enditem|p2b: Zuggins|Focus Sash\n|-damage|p2b: Zuggins|1\/100\n|-unboost|p1b: Gholdengo|spa|1\n|faint|p2a: Mossbag\n|\n|upkeep\n|\n|t:|1683047251\n|switch|p2a: Mugen|Annihilape, L50, M|100\/100\n|turn|3\n|\n|t:|1683047263\n|move|p1b: Gholdengo|Protect|p1b: Gholdengo\n|-singleturn|p1b: Gholdengo|Protect\n|move|p2b: Zuggins|Freeze-Dry|p1b: Gholdengo\n|-activate|p1b: Gholdengo|move: Protect\n|move|p1a: Maushold|Super Fang|p2b: Zuggins\n|-damage|p2b: Zuggins|0 fnt\n|faint|p2b: Zuggins\n|-end|p2b: Zuggins|Quark Drive|[silent]\n|move|p2a: Mugen|Bulk Up|p2a: Mugen\n|-boost|p2a: Mugen|atk|1\n|-boost|p2a: Mugen|def|1\n|\n|upkeep\n|c|\u2606Slim Reaper 69|super fang KOs from 1?\n|c|\u2606Slim Reaper 69|I didnt know that\n|c|\u2606iamboogiecousins|yessir\n|c|\u2606iamboogiecousins|its the only time it ever does\n|c| ayyy5|i just learned that too lmao\n|c|\u2606iamboogiecousins|satisfying KO\n|c|\u2606iamboogiecousins|ngl\n|c|\u2606Slim Reaper 69|after the miss for sure\n|\n|t:|1683047305\n|switch|p2b: Teddy|Arcanine, L50, M|96\/100\n|-ability|p2b: Teddy|Intimidate|boost\n|-unboost|p1a: Maushold|atk|1\n|-unboost|p1b: Gholdengo|atk|1\n|turn|4\n|\n|t:|1683047320\n|move|p1a: Maushold|Super Fang|p2b: Teddy\n|-damage|p2b: Teddy|48\/100\n|-enditem|p2b: Teddy|Sitrus Berry|[eat]\n|-heal|p2b: Teddy|73\/100|[from] item: Sitrus Berry\n|move|p1b: Gholdengo|Make It Rain|p2a: Mugen|[spread] p2a,p2b\n|-resisted|p2b: Teddy\n|-damage|p2a: Mugen|48\/100\n|-damage|p2b: Teddy|36\/100\n|-unboost|p1b: Gholdengo|spa|1\n|move|p2b: Teddy|Flare Blitz|p1a: Maushold\n|-damage|p1a: Maushold|40\/100\n|-damage|p2b: Teddy|18\/100|[from] Recoil\n|move|p2a: Mugen|Rage Fist|p1b: Gholdengo\n|-damage|p1b: Gholdengo|0 fnt\n|faint|p1b: Gholdengo\n|\n|-heal|p2a: Mugen|54\/100|[from] item: Leftovers\n|-end|p1a: Maushold|move: Taunt\n|upkeep\n|\n|t:|1683047330\n|switch|p1b: Talonflame|Talonflame, L50, F|100\/100\n|turn|5\n|c| ayyy5|aight peace 4th period about to start\n|l| ayyy5\n|\n|t:|1683047345\n|-terastallize|p2a: Mugen|Fire\n|move|p1a: Maushold|Follow Me|p1a: Maushold\n|-singleturn|p1a: Maushold|move: Follow Me\n|move|p2b: Teddy|Extreme Speed|p1a: Maushold\n|-damage|p1a: Maushold|11\/100\n|move|p1b: Talonflame|Brave Bird|p2b: Teddy\n|-damage|p2b: Teddy|0 fnt\n|faint|p2b: Teddy\n|-damage|p1b: Talonflame|95\/100|[from] Recoil\n|move|p2a: Mugen|Drain Punch|p1a: Maushold\n|-supereffective|p1a: Maushold\n|-damage|p1a: Maushold|0 fnt\n|-heal|p2a: Mugen|59\/100|[from] drain|[of] p1a: Maushold\n|faint|p1a: Maushold\n|\n|-heal|p2a: Mugen|65\/100|[from] item: Leftovers\n|upkeep\n|\n|t:|1683047348\n|switch|p1a: Iron Bundle|Iron Bundle, L50|100\/100\n|-enditem|p1a: Iron Bundle|Booster Energy\n|-activate|p1a: Iron Bundle|ability: Quark Drive|[fromitem]\n|-start|p1a: Iron Bundle|quarkdrivespe\n|turn|6\n|\n|t:|1683047369\n|move|p2a: Mugen|Protect|p2a: Mugen\n|-singleturn|p2a: Mugen|Protect\n|move|p1a: Iron Bundle|Hydro Pump|p2a: Mugen\n|-activate|p2a: Mugen|move: Protect\n|move|p1b: Talonflame|Brave Bird|p2a: Mugen\n|-activate|p2a: Mugen|move: Protect\n|\n|-heal|p2a: Mugen|71\/100|[from] item: Leftovers\n|upkeep\n|turn|7\n|\n|t:|1683047376\n|move|p1a: Iron Bundle|Hydro Pump|p2a: Mugen\n|-supereffective|p2a: Mugen\n|-damage|p2a: Mugen|0 fnt\n|faint|p2a: Mugen\n|\n|win|iamboogiecousins\n|raw|iamboogiecousins's rating: 1487 → 1507<\/strong> (+20 for winning)\n|raw|Slim Reaper 69's rating: 1492 → 1472<\/strong> (-20 for losing)\n|c|\u2606iamboogiecousins|ggs homie\n|c|\u2606Slim Reaper 69|ggwp\n|c|\u2606iamboogiecousins|you too\n","uploadtime":1683047384,"views":8,"p1id":"iamboogiecousins","p2id":"slimreaper69","formatid":"gen9vgc2023regulationc","rating":1472,"private":0,"password":""}