{"id":"gen9vgc2023regulationc-1847274922","p1":"oskkky","p2":"daboy0804","format":"[Gen 9] VGC 2023 Regulation C","log":"|j|\u2606oskkky\n|j|\u2606daboy0804\n|t:|1681933756\n|gametype|doubles\n|player|p1|oskkky|steven|1076\n|player|p2|daboy0804|266|1000\n|teamsize|p1|6\n|teamsize|p2|6\n|gen|9\n|tier|[Gen 9] VGC 2023 Regulation C\n|rated|\n|rule|Species Clause: Limit one of each Pok\u00e9mon\n|rule|Item Clause: Limit one of each item\n|clearpoke\n|poke|p1|Palafin, L50, F|\n|poke|p1|Toxapex, L50, F|\n|poke|p1|Quaquaval, L50, F|\n|poke|p1|Pelipper, L50, F|\n|poke|p1|Gastrodon, L50, F|\n|poke|p1|Chien-Pao, L50|\n|poke|p2|Lilligant, L50, F|\n|poke|p2|Torkoal, L50, F|\n|poke|p2|Flutter Mane, L50|\n|poke|p2|Kingambit, L50, F|\n|poke|p2|Dragonite, L50, F|\n|poke|p2|Great Tusk, L50|\n|teampreview|4\n|\n|t:|1681933796\n|start\n|switch|p1a: Palafin|Palafin, L50, F|100\/100\n|switch|p1b: Toxapex|Toxapex, L50, F|100\/100\n|switch|p2a: TT|Lilligant, L50, F, shiny|100\/100\n|switch|p2b: Breakthrough|Torkoal, L50, F, shiny|100\/100\n|-weather|SunnyDay|[from] ability: Drought|[of] p2b: Breakthrough\n|turn|1\n|c|\u2606oskkky|gl hf!\n|\n|t:|1681933829\n|detailschange|p1a: Palafin|Palafin-Hero, L50, F\n|switch|p1a: Pelipper|Pelipper, L50, F|100\/100\n|-weather|RainDance|[from] ability: Drizzle|[of] p1a: Pelipper\n|move|p2a: TT|Sleep Powder|p1a: Pelipper\n|-status|p1a: Pelipper|slp|[from] move: Sleep Powder\n|move|p1b: Toxapex|Toxic|p2b: Breakthrough\n|-status|p2b: Breakthrough|tox\n|move|p2b: Breakthrough|Eruption|p1a: Pelipper|[spread] p1a,p1b\n|-resisted|p1a: Pelipper\n|-resisted|p1b: Toxapex\n|-damage|p1a: Pelipper|80\/100 slp\n|-damage|p1b: Toxapex|89\/100\n|\n|-weather|RainDance|[upkeep]\n|-heal|p1b: Toxapex|95\/100|[from] item: Black Sludge\n|-damage|p2b: Breakthrough|94\/100 tox|[from] psn\n|upkeep\n|turn|2\n|\n|t:|1681933855\n|switch|p2b: Trouble|Great Tusk, L50, shiny|100\/100\n|move|p2a: TT|Sleep Powder|p1b: Toxapex\n|-status|p1b: Toxapex|slp|[from] move: Sleep Powder\n|cant|p1a: Pelipper|slp\n|cant|p1b: Toxapex|slp\n|\n|-weather|RainDance|[upkeep]\n|-heal|p1b: Toxapex|100\/100 slp|[from] item: Black Sludge\n|upkeep\n|turn|3\n|\n|t:|1681933883\n|switch|p2a: Breakthrough|Torkoal, L50, F, shiny|94\/100 tox\n|-weather|SunnyDay|[from] ability: Drought|[of] p2a: Breakthrough\n|-activate|p2b: Trouble|ability: Protosynthesis\n|-start|p2b: Trouble|protosynthesisatk\n|switch|p1b: Palafin|Palafin-Hero, L50, F|100\/100\n|-activate|p1b: Palafin|ability: Zero to Hero\n|-terastallize|p2b: Trouble|Steel\n|move|p2b: Trouble|Headlong Rush|p1a: Pelipper\n|-immune|p1a: Pelipper\n|-curestatus|p1a: Pelipper|slp|[msg]\n|move|p1a: Pelipper|Hurricane|p2b: Trouble|[miss]\n|-miss|p1a: Pelipper|p2b: Trouble\n|\n|-weather|SunnyDay|[upkeep]\n|-damage|p2a: Breakthrough|88\/100 tox|[from] psn\n|upkeep\n|turn|4\n|\n|t:|1681933914\n|switch|p1a: Toxapex|Toxapex, L50, F|100\/100 slp\n|move|p2a: Breakthrough|Protect|p2a: Breakthrough\n|-singleturn|p2a: Breakthrough|Protect\n|move|p2b: Trouble|Headlong Rush|p1b: Palafin\n|-damage|p1b: Palafin|21\/100\n|-unboost|p2b: Trouble|def|1\n|-unboost|p2b: Trouble|spd|1\n|move|p1b: Palafin|Close Combat|p2b: Trouble\n|-supereffective|p2b: Trouble\n|-damage|p2b: Trouble|0 fnt\n|-unboost|p1b: Palafin|def|1\n|-unboost|p1b: Palafin|spd|1\n|faint|p2b: Trouble\n|-end|p2b: Trouble|Protosynthesis|[silent]\n|\n|-weather|SunnyDay|[upkeep]\n|-damage|p2a: Breakthrough|76\/100 tox|[from] psn\n|upkeep\n|inactive|Battle timer is ON: inactive players will automatically lose when time's up. (requested by oskkky)\n|\n|t:|1681933950\n|switch|p2b: HOT|Kingambit, L50, F, shiny|100\/100\n|turn|5\n|inactive|oskkky has 30 seconds left.\n|\n|t:|1681933980\n|switch|p1b: Pelipper|Pelipper, L50, F|80\/100\n|-weather|RainDance|[from] ability: Drizzle|[of] p1b: Pelipper\n|switch|p2a: TT|Lilligant, L50, F, shiny|100\/100\n|move|p2b: HOT|Sucker Punch||[still]\n|-fail|p2b: HOT\n|cant|p1a: Toxapex|slp\n|\n|-weather|RainDance|[upkeep]\n|upkeep\n|turn|6\n|inactive|oskkky has 30 seconds left.\n|inactive|daboy0804 has 30 seconds left.\n|inactive|oskkky has 20 seconds left.\n|\n|t:|1681934016\n|switch|p1b: Chien-Pao|Chien-Pao, L50|100\/100\n|-ability|p1b: Chien-Pao|Sword of Ruin\n|switch|p2b: Breakthrough|Torkoal, L50, F, shiny|76\/100 tox\n|-weather|SunnyDay|[from] ability: Drought|[of] p2b: Breakthrough\n|move|p2a: TT|Sleep Powder|p1b: Chien-Pao\n|-status|p1b: Chien-Pao|slp|[from] move: Sleep Powder\n|-curestatus|p1a: Toxapex|slp|[msg]\n|move|p1a: Toxapex|Toxic|p2a: TT\n|-status|p2a: TT|tox\n|\n|-weather|SunnyDay|[upkeep]\n|-damage|p2a: TT|94\/100 tox|[from] psn\n|-damage|p2b: Breakthrough|69\/100 tox|[from] psn\n|upkeep\n|turn|7\n|c|\u2606oskkky|:) this is so fun\n|inactive|daboy0804 has 30 seconds left.\n|inactive|daboy0804 has 20 seconds left.\n|\n|t:|1681934052\n|switch|p1b: Pelipper|Pelipper, L50, F|80\/100\n|-weather|RainDance|[from] ability: Drizzle|[of] p1b: Pelipper\n|move|p2b: Breakthrough|Protect|p2b: Breakthrough\n|-singleturn|p2b: Breakthrough|Protect\n|move|p2a: TT|Leaf Storm|p1a: Toxapex|[miss]\n|-miss|p2a: TT|p1a: Toxapex\n|move|p1a: Toxapex|Chilling Water|p2b: Breakthrough\n|-activate|p2b: Breakthrough|move: Protect\n|\n|-weather|RainDance|[upkeep]\n|-damage|p2a: TT|82\/100 tox|[from] psn\n|-damage|p2b: Breakthrough|57\/100 tox|[from] psn\n|upkeep\n|turn|8\n|inactive|daboy0804 has 30 seconds left.\n|\n|t:|1681934078\n|switch|p2b: HOT|Kingambit, L50, F, shiny|100\/100\n|move|p2a: TT|Sleep Powder|p1b: Pelipper\n|-status|p1b: Pelipper|slp|[from] move: Sleep Powder\n|cant|p1b: Pelipper|slp\n|move|p1a: Toxapex|Chilling Water|p2b: HOT\n|-damage|p2b: HOT|90\/100\n|-unboost|p2b: HOT|atk|1\n|-ability|p2b: HOT|Defiant|boost\n|-boost|p2b: HOT|atk|2\n|\n|-weather|RainDance|[upkeep]\n|-damage|p2a: TT|64\/100 tox|[from] psn\n|upkeep\n|turn|9\n|inactive|oskkky has 30 seconds left.\n|inactive|daboy0804 has 30 seconds left.\n|\n|t:|1681934110\n|move|p2a: TT|Sleep Powder|p1a: Toxapex\n|-status|p1a: Toxapex|slp|[from] move: Sleep Powder\n|-curestatus|p1b: Pelipper|slp|[msg]\n|move|p1b: Pelipper|Hurricane|p2a: TT\n|-supereffective|p2a: TT\n|-damage|p2a: TT|0 fnt\n|faint|p2a: TT\n|move|p2b: HOT|Kowtow Cleave|p1b: Pelipper\n|-damage|p1b: Pelipper|6\/100\n|cant|p1a: Toxapex|slp\n|\n|-weather|RainDance|[upkeep]\n|upkeep\n|\n|t:|1681934125\n|switch|p2a: Breakthrough|Torkoal, L50, F, shiny|57\/100 tox\n|-weather|SunnyDay|[from] ability: Drought|[of] p2a: Breakthrough\n|turn|10\n|\n|t:|1681934145\n|move|p1b: Pelipper|Wide Guard|p1b: Pelipper\n|-singleturn|p1b: Pelipper|Wide Guard\n|move|p2b: HOT|Sucker Punch||[still]\n|-fail|p2b: HOT\n|cant|p1a: Toxapex|slp\n|move|p2a: Breakthrough|Earth Power|p1a: Toxapex\n|-supereffective|p1a: Toxapex\n|-damage|p1a: Toxapex|53\/100 slp\n|\n|-weather|SunnyDay|[upkeep]\n|-heal|p1a: Toxapex|59\/100 slp|[from] item: Black Sludge\n|-damage|p2a: Breakthrough|51\/100 tox|[from] psn\n|upkeep\n|turn|11\n|\n|t:|1681934165\n|switch|p1b: Chien-Pao|Chien-Pao, L50|100\/100 slp\n|-ability|p1b: Chien-Pao|Sword of Ruin\n|move|p2a: Breakthrough|Protect|p2a: Breakthrough\n|-singleturn|p2a: Breakthrough|Protect\n|move|p2b: HOT|Sucker Punch||[still]\n|-fail|p2b: HOT\n|cant|p1a: Toxapex|slp\n|\n|-weather|SunnyDay|[upkeep]\n|-heal|p1a: Toxapex|65\/100 slp|[from] item: Black Sludge\n|-damage|p2a: Breakthrough|38\/100 tox|[from] psn\n|upkeep\n|turn|12\n|\n|t:|1681934189\n|cant|p1b: Chien-Pao|slp\n|move|p2b: HOT|Tera Blast|p1b: Chien-Pao\n|-damage|p1b: Chien-Pao|80\/100 slp\n|-curestatus|p1a: Toxapex|slp|[msg]\n|move|p1a: Toxapex|Recover|p1a: Toxapex\n|-heal|p1a: Toxapex|100\/100\n|move|p2a: Breakthrough|Flamethrower|p1b: Chien-Pao\n|-supereffective|p1b: Chien-Pao\n|-damage|p1b: Chien-Pao|0 fnt\n|faint|p1b: Chien-Pao\n|\n|-weather|SunnyDay|[upkeep]\n|-damage|p2a: Breakthrough|20\/100 tox|[from] psn\n|upkeep\n|\n|t:|1681934210\n|switch|p1b: Pelipper|Pelipper, L50, F|6\/100\n|-weather|RainDance|[from] ability: Drizzle|[of] p1b: Pelipper\n|turn|13\n|\n|t:|1681934219\n|move|p2a: Breakthrough|Protect|p2a: Breakthrough\n|-singleturn|p2a: Breakthrough|Protect\n|move|p1b: Pelipper|Surf|p2a: Breakthrough|[spread] p1a,p2b\n|-activate|p2a: Breakthrough|move: Protect\n|-resisted|p1a: Toxapex\n|-crit|p1a: Toxapex\n|-crit|p2b: HOT\n|-damage|p1a: Toxapex|68\/100\n|-damage|p2b: HOT|51\/100\n|move|p2b: HOT|Kowtow Cleave|p1b: Pelipper\n|-damage|p1b: Pelipper|0 fnt\n|faint|p1b: Pelipper\n|move|p1a: Toxapex|Haze|p1a: Toxapex\n|-clearallboost\n|\n|-weather|RainDance|[upkeep]\n|-heal|p1a: Toxapex|74\/100|[from] item: Black Sludge\n|-damage|p2a: Breakthrough|0 fnt|[from] psn\n|faint|p2a: Breakthrough\n|upkeep\n|\n|t:|1681934228\n|switch|p1b: Palafin|Palafin-Hero, L50, F|21\/100\n|turn|14\n|inactive|oskkky has 30 seconds left.\n|inactive|oskkky has 20 seconds left.\n|inactive|oskkky has 15 seconds left.\n|inactive|oskkky has 10 seconds left.\n|\n|t:|1681934274\n|move|p1b: Palafin|Jet Punch|p2b: HOT\n|-damage|p2b: HOT|5\/100\n|move|p2b: HOT|Sucker Punch||[still]\n|-fail|p2b: HOT\n|move|p1a: Toxapex|Chilling Water|p2b: HOT\n|-damage|p2b: HOT|0 fnt\n|faint|p2b: HOT\n|\n|win|oskkky\n|raw|oskkky's rating: 1076 → 1098<\/strong> (+22 for winning)\n|raw|daboy0804's rating: 1000 → 1000<\/strong> (+0 for losing)\n|c|\u2606oskkky|gg\n","uploadtime":1681934285,"views":7,"p1id":"oskkky","p2id":"daboy0804","formatid":"gen9vgc2023regulationc","rating":1000,"private":0,"password":""}