{"id":"gen9vgc2023regulationc-1858689843","p1":"Championx18","p2":"The Spicy Cigar","format":"[Gen 9] VGC 2023 Regulation C","log":"|j|\u2606Championx18\n|j|\u2606The Spicy Cigar\n|t:|1683342955\n|gametype|doubles\n|player|p1|Championx18|266|1225\n|player|p2|The Spicy Cigar|smasher|1156\n|teamsize|p1|6\n|teamsize|p2|6\n|gen|9\n|tier|[Gen 9] VGC 2023 Regulation C\n|rated|\n|rule|Species Clause: Limit one of each Pok\u00e9mon\n|rule|Item Clause: Limit one of each item\n|clearpoke\n|poke|p1|Palafin, L50, M|\n|poke|p1|Chien-Pao, L50|\n|poke|p1|Dragapult, L50, F|\n|poke|p1|Amoonguss, L50, M|\n|poke|p1|Arcanine, L50, F|\n|poke|p1|Flutter Mane, L50|\n|poke|p2|Chien-Pao, L50|\n|poke|p2|Scream Tail, L50|\n|poke|p2|Baxcalibur, L50, M|\n|poke|p2|Gholdengo, L50|\n|poke|p2|Annihilape, L50, F|\n|poke|p2|Talonflame, L50, F|\n|teampreview|4\n|inactive|Battle timer is ON: inactive players will automatically lose when time's up. (requested by Championx18)\n|inactive|Championx18 has 60 seconds left.\n|inactive|The Spicy Cigar has 60 seconds left.\n|inactive|Championx18 has 30 seconds left.\n|inactive|Championx18 has 20 seconds left.\n|inactive|Championx18 has 15 seconds left.\n|\n|t:|1683343035\n|start\n|switch|p1a: WoChien|Amoonguss, L50, M|100\/100\n|switch|p1b: Mimi|Flutter Mane, L50|100\/100\n|switch|p2a: Talonflame|Talonflame, L50, F|100\/100\n|switch|p2b: Gholdengo|Gholdengo, L50|100\/100\n|-enditem|p1b: Mimi|Booster Energy\n|-activate|p1b: Mimi|ability: Protosynthesis|[fromitem]\n|-start|p1b: Mimi|protosynthesisspa\n|turn|1\n|inactive|Championx18 has 30 seconds left.\n|inactive|The Spicy Cigar has 30 seconds left.\n|inactive|Championx18 has 20 seconds left.\n|inactive|The Spicy Cigar has 20 seconds left.\n|inactive|Championx18 has 15 seconds left.\n|inactive|Championx18 has 10 seconds left.\n|inactive|Championx18 has 5 seconds left.\n|\n|t:|1683343087\n|-terastallize|p2b: Gholdengo|Steel\n|-terastallize|p1a: WoChien|Water\n|move|p1b: Mimi|Protect|p1b: Mimi\n|-singleturn|p1b: Mimi|Protect\n|move|p2a: Talonflame|Brave Bird|p1a: WoChien\n|-damage|p1a: WoChien|47\/100\n|-enditem|p1a: WoChien|Sitrus Berry|[eat]\n|-heal|p1a: WoChien|72\/100|[from] item: Sitrus Berry\n|-damage|p2a: Talonflame|75\/100|[from] Recoil\n|move|p2b: Gholdengo|Make It Rain|p1a: WoChien|[spread] p1a\n|-activate|p1b: Mimi|move: Protect\n|-resisted|p1a: WoChien\n|-damage|p1a: WoChien|29\/100\n|-unboost|p2b: Gholdengo|spa|1\n|move|p1a: WoChien|Spore|p2a: Talonflame\n|-status|p2a: Talonflame|slp|[from] move: Spore\n|\n|upkeep\n|turn|2\n|inactive|Championx18 has 30 seconds left.\n|inactive|The Spicy Cigar has 30 seconds left.\n|inactive|Championx18 has 20 seconds left.\n|inactive|Championx18 has 15 seconds left.\n|inactive|Championx18 has 10 seconds left.\n|inactive|Championx18 has 5 seconds left.\n|\n|t:|1683343139\n|switch|p2a: Annihilape|Annihilape, L50, F|100\/100\n|move|p1a: WoChien|Protect|p1a: WoChien\n|-singleturn|p1a: WoChien|Protect\n|move|p1b: Mimi|Shadow Ball|p2a: Annihilape\n|-supereffective|p2a: Annihilape\n|-damage|p2a: Annihilape|0 fnt\n|faint|p2a: Annihilape\n|move|p2b: Gholdengo|Make It Rain|p1a: WoChien|[spread] p1b\n|-activate|p1a: WoChien|move: Protect\n|-supereffective|p1b: Mimi\n|-damage|p1b: Mimi|0 fnt\n|-unboost|p2b: Gholdengo|spa|1\n|faint|p1b: Mimi\n|-end|p1b: Mimi|Protosynthesis|[silent]\n|\n|upkeep\n|\n|t:|1683343162\n|switch|p1b: Dnite|Dragapult, L50, F|100\/100\n|switch|p2a: Scream Tail|Scream Tail, L50|100\/100\n|-enditem|p2a: Scream Tail|Booster Energy\n|-activate|p2a: Scream Tail|ability: Protosynthesis|[fromitem]\n|-start|p2a: Scream Tail|protosynthesisspe\n|turn|3\n|inactive|Championx18 has 30 seconds left.\n|\n|t:|1683343188\n|move|p2a: Scream Tail|Encore|p1a: WoChien\n|-start|p1a: WoChien|Encore\n|move|p1b: Dnite|Phantom Force||[still]\n|-prepare|p1b: Dnite|Phantom Force\n|move|p2b: Gholdengo|Make It Rain|p1a: WoChien|[spread] p1a\n|-miss|p2b: Gholdengo|p1b: Dnite\n|-resisted|p1a: WoChien\n|-crit|p1a: WoChien\n|-damage|p1a: WoChien|0 fnt\n|-unboost|p2b: Gholdengo|spa|1\n|faint|p1a: WoChien\n|\n|upkeep\n|\n|t:|1683343200\n|switch|p1a: Bundle|Chien-Pao, L50|100\/100\n|-ability|p1a: Bundle|Sword of Ruin\n|turn|4\n|\n|t:|1683343215\n|switch|p2b: Talonflame|Talonflame, L50, F|75\/100 slp\n|move|p2a: Scream Tail|Protect|p2a: Scream Tail\n|-singleturn|p2a: Scream Tail|Protect\n|move|p1a: Bundle|Sucker Punch||[still]\n|-fail|p1a: Bundle\n|move|p1b: Dnite|Phantom Force|p2b: Talonflame|[from]lockedmove\n|-damage|p2b: Talonflame|0 fnt\n|faint|p2b: Talonflame\n|\n|upkeep\n|\n|t:|1683343225\n|switch|p2b: Gholdengo|Gholdengo, L50, tera:Steel|100\/100\n|turn|5\n|\n|t:|1683343234\n|move|p1a: Bundle|Protect|p1a: Bundle\n|-singleturn|p1a: Bundle|Protect\n|move|p2a: Scream Tail|Encore|p1a: Bundle\n|-activate|p1a: Bundle|move: Protect\n|move|p1b: Dnite|Phantom Force||[still]\n|-prepare|p1b: Dnite|Phantom Force\n|move|p2b: Gholdengo|Trick|p1b: Dnite|[miss]\n|-miss|p2b: Gholdengo|p1b: Dnite\n|\n|upkeep\n|turn|6\n|inactive|Championx18 has 30 seconds left.\n|\n|t:|1683343261\n|move|p2a: Scream Tail|Protect|p2a: Scream Tail\n|-singleturn|p2a: Scream Tail|Protect\n|move|p1b: Dnite|Phantom Force|p2b: Gholdengo|[from]lockedmove\n|-damage|p2b: Gholdengo|0 fnt\n|faint|p2b: Gholdengo\n|move|p1a: Bundle|Sacred Sword|p2a: Scream Tail\n|-activate|p2a: Scream Tail|move: Protect\n|\n|upkeep\n|turn|7\n|-message|The Spicy Cigar forfeited.\n|\n|win|Championx18\n|raw|Championx18's rating: 1225 → 1245<\/strong> (+20 for winning)\n|raw|The Spicy Cigar's rating: 1156 → 1136<\/strong> (-20 for losing)\n|l|\u2606The Spicy Cigar\n","uploadtime":1683343285,"views":11,"p1id":"championx18","p2id":"thespicycigar","formatid":"gen9vgc2023regulationc","rating":1136,"private":0,"password":""}