{"id":"gen9vgc2023regulationc-1852734672","p1":"DessertVGC","p2":"Omglookatmysquad","format":"[Gen 9] VGC 2023 Regulation C","log":"|j|\u2606DessertVGC\n|j|\u2606Omglookatmysquad\n|t:|1682601540\n|gametype|doubles\n|player|p1|DessertVGC|rosa|1144\n|player|p2|Omglookatmysquad|biker|1048\n|teamsize|p1|6\n|teamsize|p2|6\n|gen|9\n|tier|[Gen 9] VGC 2023 Regulation C\n|rated|\n|rule|Species Clause: Limit one of each Pok\u00e9mon\n|rule|Item Clause: Limit one of each item\n|clearpoke\n|poke|p1|Dragonite, L50, F|\n|poke|p1|Chien-Pao, L50|\n|poke|p1|Flutter Mane, L50|\n|poke|p1|Arcanine, L50, F|\n|poke|p1|Palafin, L50, M|\n|poke|p1|Amoonguss, L50, F|\n|poke|p2|Grafaiai, L50, M|\n|poke|p2|Flutter Mane, L50|\n|poke|p2|Roaring Moon, L50|\n|poke|p2|Armarouge, L50, M|\n|poke|p2|Indeedee-F, L50, F|\n|poke|p2|Chien-Pao, L50|\n|teampreview|4\n|inactive|Battle timer is ON: inactive players will automatically lose when time's up. (requested by DessertVGC)\nDessertVGC rejected open team sheets.\n|\n|t:|1682601588\n|start\n|switch|p1a: Chien-Pao|Chien-Pao, L50|100\/100\n|switch|p1b: Dragonite|Dragonite, L50, F|100\/100\n|switch|p2a: Grafaiai|Grafaiai, L50, M|100\/100\n|switch|p2b: Roaring Moon|Roaring Moon, L50|100\/100\n|-ability|p1a: Chien-Pao|Sword of Ruin\n|turn|1\n|\n|t:|1682601601\n|move|p2a: Grafaiai|Sunny Day|p2a: Grafaiai\n|-weather|SunnyDay\n|-activate|p2b: Roaring Moon|ability: Protosynthesis\n|-start|p2b: Roaring Moon|protosynthesisatk\n|move|p1a: Chien-Pao|Ice Spinner|p2b: Roaring Moon\n|-supereffective|p2b: Roaring Moon\n|-damage|p2b: Roaring Moon|0 fnt\n|faint|p2b: Roaring Moon\n|-end|p2b: Roaring Moon|Protosynthesis|[silent]\n|move|p1b: Dragonite|Dragon Dance|p1b: Dragonite\n|-boost|p1b: Dragonite|atk|1\n|-boost|p1b: Dragonite|spe|1\n|\n|-weather|SunnyDay|[upkeep]\n|upkeep\n|\n|t:|1682601613\n|switch|p2b: Flutter Mane|Flutter Mane, L50|100\/100\n|-activate|p2b: Flutter Mane|ability: Protosynthesis\n|-start|p2b: Flutter Mane|protosynthesisspe\n|turn|2\n|\n|t:|1682601624\n|move|p2a: Grafaiai|Encore|p1b: Dragonite\n|-start|p1b: Dragonite|Encore\n|move|p2b: Flutter Mane|Dazzling Gleam|p1a: Chien-Pao|[spread] p1a,p1b\n|-supereffective|p1a: Chien-Pao\n|-supereffective|p1b: Dragonite\n|-enditem|p1a: Chien-Pao|Focus Sash\n|-damage|p1a: Chien-Pao|1\/100\n|-damage|p1b: Dragonite|52\/100\n|move|p1b: Dragonite|Dragon Dance|p1b: Dragonite\n|-boost|p1b: Dragonite|atk|1\n|-boost|p1b: Dragonite|spe|1\n|move|p1a: Chien-Pao|Throat Chop|p2b: Flutter Mane\n|-damage|p2b: Flutter Mane|0 fnt\n|faint|p2b: Flutter Mane\n|-end|p2b: Flutter Mane|Protosynthesis|[silent]\n|\n|-weather|SunnyDay|[upkeep]\n|upkeep\n|\n|t:|1682601636\n|switch|p2b: Chien-Pao|Chien-Pao, L50|100\/100\n|-ability|p2b: Chien-Pao|Sword of Ruin\n|turn|3\n|\n|t:|1682601657\n|switch|p1a: Arcanine|Arcanine, L50, F|100\/100\n|-ability|p1a: Arcanine|Intimidate|boost\n|-unboost|p2a: Grafaiai|atk|1\n|-unboost|p2b: Chien-Pao|atk|1\n|-terastallize|p2b: Chien-Pao|Dark\n|move|p1b: Dragonite|Dragon Dance|p1b: Dragonite\n|-boost|p1b: Dragonite|atk|1\n|-boost|p1b: Dragonite|spe|1\n|move|p2b: Chien-Pao|Crunch|p1a: Arcanine\n|-damage|p1a: Arcanine|28\/100\n|move|p2a: Grafaiai|Gunk Shot|p1b: Dragonite\n|-damage|p1b: Dragonite|18\/100\n|\n|-weather|SunnyDay|[upkeep]\n|upkeep\n|turn|4\n|inactive|Omglookatmysquad has 30 seconds left.\n|inactive|Omglookatmysquad has 20 seconds left.\n|\n|t:|1682601696\n|switch|p1a: Chien-Pao|Chien-Pao, L50|1\/100\n|-ability|p1a: Chien-Pao|Sword of Ruin\n|move|p2a: Grafaiai|Encore||[still]\n|-fail|p2a: Grafaiai\n|move|p1b: Dragonite|Dragon Dance|p1b: Dragonite\n|-boost|p1b: Dragonite|atk|1\n|-boost|p1b: Dragonite|spe|1\n|move|p2b: Chien-Pao|Crunch|p1a: Chien-Pao\n|-resisted|p1a: Chien-Pao\n|-damage|p1a: Chien-Pao|0 fnt\n|faint|p1a: Chien-Pao\n|\n|-weather|SunnyDay|[upkeep]\n|-end|p1b: Dragonite|Encore\n|upkeep\n|\n|t:|1682601713\n|switch|p1a: Flutter Mane|Flutter Mane, L50|100\/100\n|-activate|p1a: Flutter Mane|ability: Protosynthesis\n|-start|p1a: Flutter Mane|protosynthesisspe\n|turn|5\n|\n|t:|1682601733\n|-end|p1a: Flutter Mane|Protosynthesis|[silent]\n|switch|p1a: Arcanine|Arcanine, L50, F|28\/100\n|-ability|p1a: Arcanine|Intimidate|boost\n|-unboost|p2a: Grafaiai|atk|1\n|-unboost|p2b: Chien-Pao|atk|1\n|move|p1b: Dragonite|Extreme Speed|p2b: Chien-Pao\n|-damage|p2b: Chien-Pao|0 fnt\n|faint|p2b: Chien-Pao\n|move|p2a: Grafaiai|Encore|p1b: Dragonite\n|-start|p1b: Dragonite|Encore\n|\n|-weather|none\n|upkeep\n|turn|6\n|-message|Omglookatmysquad forfeited.\n|\n|win|DessertVGC\n|raw|DessertVGC's rating: 1144 → 1162<\/strong> (+18 for winning)\n|raw|Omglookatmysquad's rating: 1048 → 1035<\/strong> (-13 for losing)\n|l|\u2606Omglookatmysquad\n","uploadtime":1682601754,"views":12,"p1id":"dessertvgc","p2id":"omglookatmysquad","formatid":"gen9vgc2023regulationc","rating":1035,"private":0,"password":""}