{"id":"gen9vgc2023regulationc-1862322220","p1":"kobietdattengi","p2":"Treeckoguy1","format":"[Gen 9] VGC 2023 Regulation C","log":"|j|\u2606kobietdattengi\n|j|\u2606Treeckoguy1\n|t:|1683865516\n|gametype|doubles\n|player|p1|kobietdattengi|preschooler|\n|player|p2|Treeckoguy1|101|\n|teamsize|p1|6\n|teamsize|p2|6\n|gen|9\n|tier|[Gen 9] VGC 2023 Regulation C\n|rule|Species Clause: Limit one of each Pok\u00e9mon\n|rule|Item Clause: Limit one of each item\n|clearpoke\n|poke|p1|Dondozo, L50, M|\n|poke|p1|Tatsugiri, L50, M|\n|poke|p1|Flutter Mane, L50|\n|poke|p1|Arcanine, L50, F|\n|poke|p1|Chien-Pao, L50|\n|poke|p1|Kingambit, L50, M|\n|poke|p2|Chien-Pao, L50|\n|poke|p2|Abomasnow, L50, F|\n|poke|p2|Avalugg, L50, M|\n|poke|p2|Frosmoth, L50, F|\n|poke|p2|Baxcalibur, L50, F|\n|poke|p2|Iron Bundle, L50|\n|teampreview|4\nTreeckoguy1 has agreed to open team sheets.\n|inactive|Battle timer is ON: inactive players will automatically lose when time's up. (requested by kobietdattengi)\n|\n|t:|1683865585\n|start\n|switch|p1a: Flutter Mane|Flutter Mane, L50|100\/100\n|switch|p1b: Arcanine|Arcanine, L50, F|100\/100\n|switch|p2a: Iron Bundle|Iron Bundle, L50|100\/100\n|switch|p2b: Abomasnow|Abomasnow, L50, F|100\/100\n|-ability|p1b: Arcanine|Intimidate|boost\n|-unboost|p2a: Iron Bundle|atk|1\n|-unboost|p2b: Abomasnow|atk|1\n|-weather|Snow|[from] ability: Snow Warning|[of] p2b: Abomasnow\n|-enditem|p2a: Iron Bundle|Booster Energy\n|-activate|p2a: Iron Bundle|ability: Quark Drive|[fromitem]\n|-start|p2a: Iron Bundle|quarkdrivespe\n|-enditem|p1a: Flutter Mane|Booster Energy\n|-activate|p1a: Flutter Mane|ability: Protosynthesis|[fromitem]\n|-start|p1a: Flutter Mane|protosynthesisspe\n|turn|1\n|inactive|Treeckoguy1 has 30 seconds left.\n|\n|t:|1683865615\n|-terastallize|p2b: Abomasnow|Water\n|move|p2a: Iron Bundle|Protect|p2a: Iron Bundle\n|-singleturn|p2a: Iron Bundle|Protect\n|move|p1a: Flutter Mane|Thunderbolt|p2a: Iron Bundle\n|-activate|p2a: Iron Bundle|move: Protect\n|move|p1b: Arcanine|Will-O-Wisp|p2b: Abomasnow\n|-status|p2b: Abomasnow|brn\n|move|p2b: Abomasnow|Blizzard|p1a: Flutter Mane|[spread] p1a,p1b\n|-resisted|p1b: Arcanine\n|-damage|p1a: Flutter Mane|60\/100\n|-damage|p1b: Arcanine|80\/100\n|-status|p1b: Arcanine|frz\n|\n|-weather|Snow|[upkeep]\n|-damage|p2b: Abomasnow|94\/100 brn|[from] brn\n|upkeep\n|turn|2\n|inactive|Treeckoguy1 has 30 seconds left.\n|\n|t:|1683865649\n|move|p2a: Iron Bundle|Freeze-Dry|p1a: Flutter Mane\n|-damage|p1a: Flutter Mane|27\/100\n|move|p1a: Flutter Mane|Thunderbolt|p2b: Abomasnow\n|-supereffective|p2b: Abomasnow\n|-damage|p2b: Abomasnow|50\/100 brn\n|-curestatus|p1b: Arcanine|frz|[from] move: Flare Blitz\n|move|p1b: Arcanine|Flare Blitz|p2a: Iron Bundle\n|-damage|p2a: Iron Bundle|63\/100\n|-damage|p1b: Arcanine|69\/100|[from] Recoil\n|move|p2b: Abomasnow|Blizzard|p1b: Arcanine|[spread] p1a,p1b\n|-resisted|p1b: Arcanine\n|-damage|p1a: Flutter Mane|0 fnt\n|-damage|p1b: Arcanine|48\/100\n|-status|p1b: Arcanine|frz\n|-enditem|p1b: Arcanine|Sitrus Berry|[eat]\n|-heal|p1b: Arcanine|73\/100 frz|[from] item: Sitrus Berry\n|faint|p1a: Flutter Mane\n|-end|p1a: Flutter Mane|Protosynthesis|[silent]\n|\n|-weather|Snow|[upkeep]\n|-damage|p2b: Abomasnow|44\/100 brn|[from] brn\n|upkeep\n|inactive|kobietdattengi has 30 seconds left.\n|\n|t:|1683865676\n|switch|p1a: Dondozo|Dondozo, L50, M|100\/100\n|turn|3\n|inactive|kobietdattengi has 30 seconds left.\n|inactive|kobietdattengi has 20 seconds left.\n|inactive|kobietdattengi has 15 seconds left.\n|inactive|kobietdattengi has 10 seconds left.\n|inactive|kobietdattengi has 5 seconds left.\n|\n|t:|1683865731\n|move|p2a: Iron Bundle|Hydro Pump|p1b: Arcanine|[miss]\n|-miss|p2a: Iron Bundle|p1b: Arcanine\n|-curestatus|p1b: Arcanine|frz|[from] move: Flare Blitz\n|move|p1b: Arcanine|Flare Blitz|p2b: Abomasnow\n|-resisted|p2b: Abomasnow\n|-damage|p2b: Abomasnow|11\/100 brn\n|-damage|p1b: Arcanine|61\/100|[from] Recoil\n|move|p2b: Abomasnow|Giga Drain|p1a: Dondozo\n|-supereffective|p1a: Dondozo\n|-damage|p1a: Dondozo|37\/100\n|-heal|p2b: Abomasnow|50\/100 brn|[from] drain|[of] p1a: Dondozo\n|move|p1a: Dondozo|Wave Crash|p2b: Abomasnow\n|-resisted|p2b: Abomasnow\n|-damage|p2b: Abomasnow|17\/100 brn\n|-damage|p1a: Dondozo|28\/100|[from] Recoil\n|\n|-weather|Snow|[upkeep]\n|-heal|p1a: Dondozo|35\/100|[from] item: Leftovers\n|-damage|p2b: Abomasnow|11\/100 brn|[from] brn\n|upkeep\n|turn|4\n|inactive|kobietdattengi has 30 seconds left.\n|inactive|Treeckoguy1 has 30 seconds left.\n|inactive|kobietdattengi has 20 seconds left.\n|inactive|Treeckoguy1 has 20 seconds left.\n|inactive|kobietdattengi has 15 seconds left.\n|inactive|Treeckoguy1 has 15 seconds left.\n|inactive|kobietdattengi has 10 seconds left.\n|inactive|kobietdattengi has 5 seconds left.\n|inactive|Treeckoguy1 has 10 seconds left.\n|\n|t:|1683865786\n|move|p2a: Iron Bundle|Hydro Pump|p1b: Arcanine\n|-supereffective|p1b: Arcanine\n|-damage|p1b: Arcanine|0 fnt\n|faint|p1b: Arcanine\n|move|p2b: Abomasnow|Giga Drain|p1a: Dondozo\n|-supereffective|p1a: Dondozo\n|-damage|p1a: Dondozo|0 fnt\n|-heal|p2b: Abomasnow|31\/100 brn|[from] drain|[of] p1a: Dondozo\n|faint|p1a: Dondozo\n|\n|-weather|Snow|[upkeep]\n|-damage|p2b: Abomasnow|25\/100 brn|[from] brn\n|upkeep\n|inactive|kobietdattengi has 30 seconds left.\n|inactive|kobietdattengi has 20 seconds left.\n|inactive|kobietdattengi has 15 seconds left.\n|inactive|kobietdattengi has 10 seconds left.\n|inactive|kobietdattengi has 5 seconds left.\n|\n|t:|1683865841\n|switch|p1a: Tatsugiri|Tatsugiri, L50, M|100\/100\n|turn|5\n|inactive|kobietdattengi has 30 seconds left.\n|inactive|kobietdattengi has 20 seconds left.\n|inactive|kobietdattengi has 15 seconds left.\n|inactive|kobietdattengi has 10 seconds left.\n|inactive|kobietdattengi has 5 seconds left.\n|\n|t:|1683865896\n|move|p2a: Iron Bundle|Freeze-Dry|p1a: Tatsugiri\n|-supereffective|p1a: Tatsugiri\n|-damage|p1a: Tatsugiri|0 fnt\n|faint|p1a: Tatsugiri\n|\n|win|Treeckoguy1\n","uploadtime":1683865919,"views":11,"p1id":"kobietdattengi","p2id":"treeckoguy1","formatid":"gen9vgc2023regulationc","rating":0,"private":0,"password":""}