{"id":"gen9vgc2023regulationc-1850009506","p1":"trashy pup","p2":"Jonge","format":"[Gen 9] VGC 2023 Regulation C","log":"|j|\u2606trashy pup\n|j|\u2606Jonge\n|t:|1682277581\n|gametype|doubles\n|player|p1|trashy pup|fisherman-gen4|1165\n|player|p2|Jonge|265|1230\n|teamsize|p1|6\n|teamsize|p2|6\n|gen|9\n|tier|[Gen 9] VGC 2023 Regulation C\n|rated|\n|rule|Species Clause: Limit one of each Pok\u00e9mon\n|rule|Item Clause: Limit one of each item\n|clearpoke\n|poke|p1|Glimmora, L50, M|\n|poke|p1|Maushold, L50|\n|poke|p1|Annihilape, L50, F|\n|poke|p1|Ting-Lu, L50|\n|poke|p1|Tyranitar, L50, M|\n|poke|p1|Flutter Mane, L50|\n|poke|p2|Ting-Lu, L50|\n|poke|p2|Garganacl, L50, F|\n|poke|p2|Klefki, L50, M|\n|poke|p2|Ceruledge, L50, F|\n|poke|p2|Baxcalibur, L50, F|\n|poke|p2|Flutter Mane, L50|\n|teampreview|4\n|inactive|Battle timer is ON: inactive players will automatically lose when time's up. (requested by trashy pup)\ntrashy pup rejected open team sheets.\n|\n|t:|1682277619\n|start\n|switch|p1a: Glimmora|Glimmora, L50, M|100\/100\n|switch|p1b: Maushold|Maushold, L50|100\/100\n|switch|p2a: Ting-Lu|Ting-Lu, L50|100\/100\n|switch|p2b: Klefki|Klefki, L50, M|100\/100\n|-ability|p2a: Ting-Lu|Vessel of Ruin\n|turn|1\n|c|\u2606trashy pup|slay mommaaaaasss\n|\n|t:|1682277642\n|move|p1b: Maushold|Follow Me|p1b: Maushold\n|-singleturn|p1b: Maushold|move: Follow Me\n|move|p2b: Klefki|Reflect|p2b: Klefki\n|-sidestart|p2: Jonge|Reflect\n|move|p1a: Glimmora|Mortal Spin|p2b: Klefki|[spread] p2a\n|-immune|p2b: Klefki\n|-resisted|p2a: Ting-Lu\n|-damage|p2a: Ting-Lu|99\/100\n|-status|p2a: Ting-Lu|psn\n|move|p2a: Ting-Lu|Ruination|p1b: Maushold\n|-damage|p1b: Maushold|51\/100\n|\n|-damage|p2a: Ting-Lu|88\/100 psn|[from] psn\n|upkeep\n|turn|2\n|\n|t:|1682277667\n|move|p2b: Klefki|Thunder Wave|p1b: Maushold|[miss]\n|-miss|p2b: Klefki|p1b: Maushold\n|move|p1b: Maushold|Super Fang|p2b: Klefki\n|-damage|p2b: Klefki|50\/100\n|move|p1a: Glimmora|Sludge Bomb|p2a: Ting-Lu\n|-resisted|p2a: Ting-Lu\n|-damage|p2a: Ting-Lu|81\/100 psn\n|move|p2a: Ting-Lu|Stomping Tantrum|p1a: Glimmora\n|-supereffective|p1a: Glimmora\n|-damage|p1a: Glimmora|0 fnt\n|-activate|p1a: Glimmora|ability: Toxic Debris\n|-sidestart|p2: Jonge|move: Toxic Spikes\n|faint|p1a: Glimmora\n|\n|-damage|p2a: Ting-Lu|68\/100 psn|[from] psn\n|upkeep\n|\n|t:|1682277678\n|switch|p1a: Annihilape|Annihilape, L50, F|100\/100\n|turn|3\n|\n|t:|1682277688\n|move|p1b: Maushold|Follow Me|p1b: Maushold\n|-singleturn|p1b: Maushold|move: Follow Me\n|move|p2b: Klefki|Thunder Wave|p1b: Maushold\n|-status|p1b: Maushold|par\n|move|p1a: Annihilape|Bulk Up|p1a: Annihilape\n|-boost|p1a: Annihilape|atk|1\n|-boost|p1a: Annihilape|def|1\n|move|p2a: Ting-Lu|Fissure|p1b: Maushold\n|-damage|p1b: Maushold|0 fnt\n|faint|p1b: Maushold\n|-ohko\n|\n|-damage|p2a: Ting-Lu|56\/100 psn|[from] psn\n|upkeep\n|\n|t:|1682277697\n|switch|p1b: Ting-Lu|Ting-Lu, L50|100\/100\n|-ability|p1b: Ting-Lu|Vessel of Ruin\n|turn|4\n|inactive|Jonge has 30 seconds left.\n|inactive|Jonge has 20 seconds left.\n|\n|t:|1682277737\n|move|p2b: Klefki|Thunder Wave|p1a: Annihilape\n|-status|p1a: Annihilape|par\n|move|p2a: Ting-Lu|Fissure|p1a: Annihilape\n|-damage|p1a: Annihilape|0 fnt\n|faint|p1a: Annihilape\n|-ohko\n|move|p1b: Ting-Lu|Stomping Tantrum|p2b: Klefki\n|-supereffective|p2b: Klefki\n|-damage|p2b: Klefki|9\/100\n|\n|-damage|p2a: Ting-Lu|44\/100 psn|[from] psn\n|upkeep\n|turn|5\n|-message|trashy pup forfeited.\n|\n|win|Jonge\n|raw|trashy pup's rating: 1165 → 1145<\/strong> (-20 for losing)\n|raw|Jonge's rating: 1230 → 1250<\/strong> (+20 for winning)\n|l|\u2606trashy pup\n","uploadtime":1682277621,"views":5,"p1id":"trashypup","p2id":"jonge","formatid":"gen9vgc2023regulationc","rating":1145,"private":0,"password":""}