{"id":"gen9vgc2023regulationc-1847286127","p1":"mosslanda1","p2":"speedyntjolteon","format":"[Gen 9] VGC 2023 Regulation C","log":"|j|\u203dmosslanda1\n|j|\u2606speedyntjolteon\n|t:|1681934787\n|gametype|doubles\n|player|p1|mosslanda1|1|1092\n|player|p2|speedyntjolteon|steven|1190\n|teamsize|p1|6\n|teamsize|p2|6\n|gen|9\n|tier|[Gen 9] VGC 2023 Regulation C\n|rated|\n|rule|Species Clause: Limit one of each Pok\u00e9mon\n|rule|Item Clause: Limit one of each item\n|clearpoke\n|poke|p1|Garchomp, L50, M|\n|poke|p1|Oranguru, L50, M|\n|poke|p1|Arcanine, L50, F|\n|poke|p1|Iron Bundle, L50|\n|poke|p1|Chi-Yu, L50|\n|poke|p1|Salamence, L50, F|\n|poke|p2|Scream Tail, L50|\n|poke|p2|Flutter Mane, L50|\n|poke|p2|Gothitelle, L50, M|\n|poke|p2|Palafin, L50, F|\n|poke|p2|Arcanine, L50, F|\n|poke|p2|Ting-Lu, L50|\n|teampreview|4\n|inactive|Battle timer is ON: inactive players will automatically lose when time's up. (requested by mosslanda1)\n|\n|t:|1681934829\n|start\n|switch|p1a: Iron Bundle|Iron Bundle, L50|100\/100\n|switch|p1b: Chi-Yu|Chi-Yu, L50|100\/100\n|switch|p2a: Ting-Lu|Ting-Lu, L50|100\/100\n|switch|p2b: Scream Tail|Scream Tail, L50|100\/100\n|-ability|p1b: Chi-Yu|Beads of Ruin\n|-ability|p2a: Ting-Lu|Vessel of Ruin\n|-enditem|p1a: Iron Bundle|Booster Energy\n|-activate|p1a: Iron Bundle|ability: Quark Drive|[fromitem]\n|-start|p1a: Iron Bundle|quarkdrivespe\n|-enditem|p2b: Scream Tail|Booster Energy\n|-activate|p2b: Scream Tail|ability: Protosynthesis|[fromitem]\n|-start|p2b: Scream Tail|protosynthesisspe\n|turn|1\n|inactive|mosslanda1 has 30 seconds left.\n|inactive|mosslanda1 has 20 seconds left.\n|inactive|mosslanda1 has 15 seconds left.\n|inactive|mosslanda1 has 10 seconds left.\n|\n|t:|1681934875\n|move|p2b: Scream Tail|Protect|p2b: Scream Tail\n|-singleturn|p2b: Scream Tail|Protect\n|move|p1a: Iron Bundle|Icy Wind|p2a: Ting-Lu|[spread] p2a\n|-activate|p2b: Scream Tail|move: Protect\n|-supereffective|p2a: Ting-Lu\n|-damage|p2a: Ting-Lu|72\/100\n|-unboost|p2a: Ting-Lu|spe|1\n|move|p1b: Chi-Yu|Ruination|p2a: Ting-Lu\n|-damage|p2a: Ting-Lu|36\/100\n|move|p2a: Ting-Lu|Fissure|p1b: Chi-Yu|[miss]\n|-miss|p2a: Ting-Lu|p1b: Chi-Yu\n|\n|-heal|p2a: Ting-Lu|42\/100|[from] item: Leftovers\n|upkeep\n|turn|2\n|inactive|mosslanda1 has 30 seconds left.\n|\n|t:|1681934905\n|move|p1b: Chi-Yu|Protect|p1b: Chi-Yu\n|-singleturn|p1b: Chi-Yu|Protect\n|move|p1a: Iron Bundle|Freeze-Dry|p2a: Ting-Lu\n|-supereffective|p2a: Ting-Lu\n|-damage|p2a: Ting-Lu|0 fnt\n|faint|p2a: Ting-Lu\n|move|p2b: Scream Tail|Perish Song|p2b: Scream Tail\n|-start|p1a: Iron Bundle|perish3|[silent]\n|-start|p1b: Chi-Yu|perish3|[silent]\n|-start|p2b: Scream Tail|perish3|[silent]\n|-fieldactivate|move: Perish Song\n|\n|-start|p1a: Iron Bundle|perish3\n|-start|p2b: Scream Tail|perish3\n|-start|p1b: Chi-Yu|perish3\n|upkeep\n|\n|t:|1681934917\n|switch|p2a: Gothitelle|Gothitelle, L50, M|100\/100\n|turn|3\n|\n|t:|1681934938\n|move|p2a: Gothitelle|Fake Out|p1a: Iron Bundle\n|-damage|p1a: Iron Bundle|93\/100\n|cant|p1a: Iron Bundle|flinch\n|move|p2b: Scream Tail|Encore|p1b: Chi-Yu\n|-start|p1b: Chi-Yu|Encore\n|move|p1b: Chi-Yu|Protect||[still]\n|-fail|p1b: Chi-Yu\n|\n|-start|p1a: Iron Bundle|perish2\n|-start|p2b: Scream Tail|perish2\n|-start|p1b: Chi-Yu|perish2\n|upkeep\n|turn|4\n|\n|t:|1681934963\n|-end|p2b: Scream Tail|Protosynthesis|[silent]\n|switch|p2b: Arcanine|Arcanine, L50, F|100\/100\n|-ability|p2b: Arcanine|Intimidate|boost\n|-unboost|p1a: Iron Bundle|atk|1\n|-unboost|p1b: Chi-Yu|atk|1\n|move|p1b: Chi-Yu|Protect|p1b: Chi-Yu\n|-singleturn|p1b: Chi-Yu|Protect\n|move|p2a: Gothitelle|Protect|p2a: Gothitelle\n|-singleturn|p2a: Gothitelle|Protect\n|move|p1a: Iron Bundle|Hydro Pump|p2a: Gothitelle\n|-activate|p2a: Gothitelle|move: Protect\n|\n|-start|p1a: Iron Bundle|perish1\n|-start|p1b: Chi-Yu|perish1\n|upkeep\n|turn|5\n|\n|t:|1681934979\n|switch|p2a: Scream Tail|Scream Tail, L50|100\/100\n|move|p1b: Chi-Yu|Protect|p1b: Chi-Yu\n|-singleturn|p1b: Chi-Yu|Protect\n|move|p2b: Arcanine|Protect|p2b: Arcanine\n|-singleturn|p2b: Arcanine|Protect\n|move|p1a: Iron Bundle|Freeze-Dry|p2b: Arcanine\n|-activate|p2b: Arcanine|move: Protect\n|\n|-end|p1b: Chi-Yu|Encore\n|-start|p1a: Iron Bundle|perish0\n|-start|p1b: Chi-Yu|perish0\n|faint|p1a: Iron Bundle\n|-end|p1a: Iron Bundle|Quark Drive|[silent]\n|faint|p1b: Chi-Yu\n|upkeep\n|\n|t:|1681934991\n|switch|p1a: Arcanine|Arcanine, L50, F|100\/100\n|switch|p1b: Salamence|Salamence, L50, F|100\/100\n|-ability|p1a: Arcanine|Intimidate|boost\n|-unboost|p2a: Scream Tail|atk|1\n|-unboost|p2b: Arcanine|atk|1\n|turn|6\n|\n|t:|1681935016\n|-terastallize|p1a: Arcanine|Grass\n|move|p2a: Scream Tail|Perish Song|p2a: Scream Tail\n|-start|p1a: Arcanine|perish3|[silent]\n|-start|p1b: Salamence|perish3|[silent]\n|-start|p2a: Scream Tail|perish3|[silent]\n|-start|p2b: Arcanine|perish3|[silent]\n|-fieldactivate|move: Perish Song\n|move|p1b: Salamence|Earthquake|p2b: Arcanine|[spread] p1a,p2a,p2b\n|-resisted|p1a: Arcanine\n|-supereffective|p2b: Arcanine\n|-damage|p1a: Arcanine|85\/100\n|-damage|p2a: Scream Tail|79\/100\n|-damage|p2b: Arcanine|29\/100\n|move|p2b: Arcanine|Will-O-Wisp|p1b: Salamence\n|-status|p1b: Salamence|brn\n|move|p1a: Arcanine|Flare Blitz|p2a: Scream Tail\n|-damage|p2a: Scream Tail|45\/100\n|-damage|p1a: Arcanine|72\/100|[from] Recoil\n|\n|-damage|p1b: Salamence|95\/100 brn|[from] brn\n|-start|p2a: Scream Tail|perish3\n|-start|p1b: Salamence|perish3\n|-start|p2b: Arcanine|perish3\n|-start|p1a: Arcanine|perish3\n|upkeep\n|turn|7\n|\n|t:|1681935038\n|move|p2a: Scream Tail|Protect|p2a: Scream Tail\n|-singleturn|p2a: Scream Tail|Protect\n|move|p2b: Arcanine|Protect|p2b: Arcanine\n|-singleturn|p2b: Arcanine|Protect\n|move|p1b: Salamence|Earthquake|p2a: Scream Tail|[spread] p1a\n|-activate|p2a: Scream Tail|move: Protect\n|-activate|p2b: Arcanine|move: Protect\n|-resisted|p1a: Arcanine\n|-damage|p1a: Arcanine|64\/100\n|move|p1a: Arcanine|Flare Blitz|p2a: Scream Tail\n|-activate|p2a: Scream Tail|move: Protect\n|\n|-damage|p1b: Salamence|89\/100 brn|[from] brn\n|-start|p2a: Scream Tail|perish2\n|-start|p1b: Salamence|perish2\n|-start|p2b: Arcanine|perish2\n|-start|p1a: Arcanine|perish2\n|upkeep\n|turn|8\n|inactive|speedyntjolteon has 30 seconds left.\n|\n|t:|1681935063\n|move|p2a: Scream Tail|Play Rough|p1b: Salamence\n|-supereffective|p1b: Salamence\n|-damage|p1b: Salamence|50\/100 brn\n|move|p1b: Salamence|Earthquake|p2a: Scream Tail|[spread] p1a,p2a,p2b\n|-resisted|p1a: Arcanine\n|-supereffective|p2b: Arcanine\n|-damage|p1a: Arcanine|56\/100\n|-damage|p2a: Scream Tail|35\/100\n|-damage|p2b: Arcanine|0 fnt\n|faint|p2b: Arcanine\n|-ability|p1b: Salamence|Moxie|boost\n|-boost|p1b: Salamence|atk|1\n|move|p1a: Arcanine|Flare Blitz|p2a: Scream Tail\n|-damage|p2a: Scream Tail|0 fnt\n|faint|p2a: Scream Tail\n|-end|p2a: Scream Tail|Protosynthesis|[silent]\n|-damage|p1a: Arcanine|43\/100|[from] Recoil\n|\n|-damage|p1b: Salamence|44\/100 brn|[from] brn\n|-start|p1b: Salamence|perish1\n|-start|p1a: Arcanine|perish1\n|upkeep\n|\n|t:|1681935081\n|switch|p2b: Gothitelle|Gothitelle, L50, M|100\/100\n|turn|9\n|c|\u2606speedyntjolteon|gg\n|\n|t:|1681935091\n|move|p2b: Gothitelle|Protect|p2b: Gothitelle\n|-singleturn|p2b: Gothitelle|Protect\n|move|p1b: Salamence|Earthquake|p2b: Gothitelle|[spread] p1a\n|-activate|p2b: Gothitelle|move: Protect\n|-resisted|p1a: Arcanine\n|-damage|p1a: Arcanine|31\/100\n|move|p1a: Arcanine|Flare Blitz|p2b: Gothitelle\n|-activate|p2b: Gothitelle|move: Protect\n|\n|-damage|p1b: Salamence|38\/100 brn|[from] brn\n|-start|p1b: Salamence|perish0\n|-start|p1a: Arcanine|perish0\n|faint|p1b: Salamence\n|faint|p1a: Arcanine\n|\n|win|speedyntjolteon\n|upkeep\n|raw|mosslanda1's rating: 1092 → 1075<\/strong> (-17 for losing)\n|raw|speedyntjolteon's rating: 1190 → 1208<\/strong> (+18 for winning)\n|l|\u203dmosslanda1\n","uploadtime":1681935115,"views":6,"p1id":"mosslanda1","p2id":"speedyntjolteon","formatid":"gen9vgc2023regulationc","rating":1075,"private":0,"password":""}