{"id":"gen9vgc2023regulationc-1846909686","p1":"BluFalconTwitch","p2":"comprestrict","format":"[Gen 9] VGC 2023 Regulation C","log":"|j|\u2606BluFalconTwitch\n|j|\u2606comprestrict\n|t:|1681899513\n|gametype|doubles\n|player|p1|BluFalconTwitch|101|1203\n|player|p2|comprestrict|102|1197\n|teamsize|p1|6\n|teamsize|p2|6\n|gen|9\n|tier|[Gen 9] VGC 2023 Regulation C\n|rated|\n|rule|Species Clause: Limit one of each Pok\u00e9mon\n|rule|Item Clause: Limit one of each item\n|clearpoke\n|poke|p1|Gyarados, L50, F|\n|poke|p1|Flutter Mane, L50|\n|poke|p1|Chi-Yu, L50|\n|poke|p1|Brute Bonnet, L50|\n|poke|p1|Ting-Lu, L50|\n|poke|p1|Dragapult, L50, F|\n|poke|p2|Meowscarada, L50, M|\n|poke|p2|Scizor, L50, M|\n|poke|p2|Tatsugiri-Stretchy, L50, M|\n|poke|p2|Dondozo, L50, F|\n|poke|p2|Amoonguss, L50, M|\n|poke|p2|Sableye, L50, F|\n|teampreview|4\nBluFalconTwitch has agreed to open team sheets.\n|\n|t:|1681899547\n|start\n|switch|p1a: Brute Bonnet|Brute Bonnet, L50|100\/100\n|switch|p1b: Dragapult|Dragapult, L50, F|100\/100\n|switch|p2a: Meowscarada|Meowscarada, L50, M|100\/100\n|switch|p2b: Scizor|Scizor, L50, M|100\/100\n|turn|1\n|inactive|Battle timer is ON: inactive players will automatically lose when time's up. (requested by comprestrict)\n|\n|t:|1681899570\n|-terastallize|p1b: Dragapult|Steel\n|move|p1b: Dragapult|Dragon Darts|p2a: Meowscarada\n|-damage|p2a: Meowscarada|45\/100\n|-anim|p1b: Dragapult|Dragon Darts|p2b: Scizor\n|-resisted|p2b: Scizor\n|-damage|p2b: Scizor|81\/100\n|move|p2a: Meowscarada|U-turn|p1a: Brute Bonnet\n|-start|p2a: Meowscarada|typechange|Bug|[from] ability: Protean\n|-supereffective|p1a: Brute Bonnet\n|-damage|p1a: Brute Bonnet|0 fnt\n|faint|p1a: Brute Bonnet\n|-end|p1a: Brute Bonnet|Protosynthesis|[silent]\n|\n|t:|1681899586\n|switch|p2a: Amoonguss|Amoonguss, L50, M|100\/100|[from] U-turn\n|move|p2b: Scizor|Tailwind|p2b: Scizor\n|-sidestart|p2: comprestrict|move: Tailwind\n|\n|upkeep\n|\n|t:|1681899593\n|switch|p1a: Chi-Yu|Chi-Yu, L50|100\/100\n|-ability|p1a: Chi-Yu|Beads of Ruin\n|turn|2\n|\n|t:|1681899608\n|-terastallize|p2a: Amoonguss|Water\n|move|p2b: Scizor|Close Combat|p1b: Dragapult\n|-supereffective|p1b: Dragapult\n|-damage|p1b: Dragapult|0 fnt\n|-unboost|p2b: Scizor|def|1\n|-unboost|p2b: Scizor|spd|1\n|faint|p1b: Dragapult\n|move|p1a: Chi-Yu|Heat Wave|p2a: Amoonguss|[spread] p2a,p2b\n|-resisted|p2a: Amoonguss\n|-supereffective|p2b: Scizor\n|-damage|p2a: Amoonguss|78\/100\n|-damage|p2b: Scizor|0 fnt\n|faint|p2b: Scizor\n|move|p2a: Amoonguss|Spore|p1a: Chi-Yu\n|-status|p1a: Chi-Yu|slp|[from] move: Spore\n|\n|upkeep\n|\n|t:|1681899621\n|switch|p1b: Gyarados|Gyarados, L50, F|100\/100\n|switch|p2b: Sableye|Sableye, L50, F|100\/100\n|-ability|p1b: Gyarados|Intimidate|boost\n|-unboost|p2a: Amoonguss|atk|1\n|-unboost|p2b: Sableye|atk|1\n|turn|3\n|\n|t:|1681899635\n|switch|p2b: Meowscarada|Meowscarada, L50, M|45\/100\n|cant|p1a: Chi-Yu|slp\n|move|p2a: Amoonguss|Pollen Puff|p2b: Meowscarada\n|-heal|p2b: Meowscarada|95\/100\n|move|p1b: Gyarados|Thunder Wave|p2a: Amoonguss\n|-status|p2a: Amoonguss|par\n|\n|upkeep\n|turn|4\n|inactive|BluFalconTwitch has 30 seconds left.\n|inactive|BluFalconTwitch has 20 seconds left.\n|\n|t:|1681899670\n|move|p2b: Meowscarada|Flower Trick|p1b: Gyarados\n|-start|p2b: Meowscarada|typechange|Grass|[from] ability: Protean\n|-crit|p1b: Gyarados\n|-damage|p1b: Gyarados|23\/100\n|-enditem|p1b: Gyarados|Sitrus Berry|[eat]\n|-heal|p1b: Gyarados|48\/100|[from] item: Sitrus Berry\n|cant|p1a: Chi-Yu|slp\n|move|p1b: Gyarados|Taunt|p2a: Amoonguss\n|-start|p2a: Amoonguss|move: Taunt\n|-enditem|p2a: Amoonguss|Mental Herb\n|-end|p2a: Amoonguss|move: Taunt\n|move|p2a: Amoonguss|Pollen Puff|p1a: Chi-Yu\n|-damage|p1a: Chi-Yu|82\/100 slp\n|\n|-heal|p1a: Chi-Yu|88\/100 slp|[from] item: Leftovers\n|-sideend|p2: comprestrict|move: Tailwind\n|upkeep\n|turn|5\n|inactive|comprestrict has 30 seconds left.\n|\n|t:|1681899705\n|switch|p2b: Sableye|Sableye, L50, F|100\/100\n|cant|p1a: Chi-Yu|slp\n|move|p1b: Gyarados|Thunder Wave|p2b: Sableye\n|-status|p2b: Sableye|par\n|move|p2a: Amoonguss|Spore|p1b: Gyarados\n|-status|p1b: Gyarados|slp|[from] move: Spore\n|\n|-heal|p1a: Chi-Yu|94\/100 slp|[from] item: Leftovers\n|upkeep\n|turn|6\n|\n|t:|1681899722\n|-curestatus|p1a: Chi-Yu|slp|[msg]\n|move|p1a: Chi-Yu|Nasty Plot|p1a: Chi-Yu\n|-boost|p1a: Chi-Yu|spa|2\n|cant|p1b: Gyarados|slp\n|move|p2b: Sableye|Foul Play|p1b: Gyarados\n|-damage|p1b: Gyarados|4\/100 slp\n|move|p2a: Amoonguss|Spore|p1a: Chi-Yu\n|-status|p1a: Chi-Yu|slp|[from] move: Spore\n|\n|-heal|p1a: Chi-Yu|99\/100 slp|[from] item: Leftovers\n|upkeep\n|turn|7\n|\n|t:|1681899743\n|switch|p2b: Meowscarada|Meowscarada, L50, M|95\/100\n|cant|p1a: Chi-Yu|slp\n|cant|p1b: Gyarados|slp\n|cant|p2a: Amoonguss|par\n|\n|-heal|p1a: Chi-Yu|100\/100 slp|[from] item: Leftovers\n|upkeep\n|turn|8\n|\n|t:|1681899755\n|move|p2b: Meowscarada|Play Rough|p1a: Chi-Yu\n|-start|p2b: Meowscarada|typechange|Fairy|[from] ability: Protean\n|-damage|p1a: Chi-Yu|30\/100 slp\n|cant|p1a: Chi-Yu|slp\n|-curestatus|p1b: Gyarados|slp|[msg]\n|move|p1b: Gyarados|Waterfall|p2b: Meowscarada\n|-damage|p2b: Meowscarada|31\/100\n|move|p2a: Amoonguss|Pollen Puff|p1b: Gyarados\n|-resisted|p1b: Gyarados\n|-damage|p1b: Gyarados|0 fnt\n|faint|p1b: Gyarados\n|\n|-heal|p1a: Chi-Yu|36\/100 slp|[from] item: Leftovers\n|upkeep\n|turn|9\n|\n|t:|1681899777\n|move|p2b: Meowscarada|Play Rough|p1a: Chi-Yu\n|-damage|p1a: Chi-Yu|0 fnt\n|faint|p1a: Chi-Yu\n|\n|win|comprestrict\n|raw|BluFalconTwitch's rating: 1203 → 1178<\/strong> (-25 for losing)\n|raw|comprestrict's rating: 1197 → 1222<\/strong> (+25 for winning)\n|c|\u2606comprestrict|gg\n","uploadtime":1681899795,"views":13,"p1id":"blufalcontwitch","p2id":"comprestrict","formatid":"gen9vgc2023regulationc","rating":1178,"private":0,"password":""}