{"id":"gen9vgc2023regulationc-1855910989","p1":"VeeGey","p2":"kindashroomish","format":"[Gen 9] VGC 2023 Regulation C","log":"|j|\u2606VeeGey\n|j|\u2606kindashroomish\n|t:|1682999419\n|gametype|doubles\n|player|p1|VeeGey|266|1132\n|player|p2|kindashroomish|pokemonbreeder-gen4|1086\n|teamsize|p1|6\n|teamsize|p2|6\n|gen|9\n|tier|[Gen 9] VGC 2023 Regulation C\n|rated|\n|rule|Species Clause: Limit one of each Pok\u00e9mon\n|rule|Item Clause: Limit one of each item\n|clearpoke\n|poke|p1|Golduck, L50, M|\n|poke|p1|Pelipper, L50, M|\n|poke|p1|Barraskewda, L50, M|\n|poke|p1|Qwilfish, L50, M|\n|poke|p1|Gastrodon, L50, M|\n|poke|p1|Tsareena, L50, F|\n|poke|p2|Flutter Mane, L50|\n|poke|p2|Amoonguss, L50, M|\n|poke|p2|Palafin, L50, M|\n|poke|p2|Chi-Yu, L50|\n|poke|p2|Kingambit, L50, M|\n|poke|p2|Dragonite, L50, M|\n|teampreview|4\n|inactive|Battle timer is ON: inactive players will automatically lose when time's up. (requested by kindashroomish)\n|inactive|VeeGey also wants the timer to be on.\n|\n|t:|1682999442\n|start\n|switch|p1a: Golduck|Golduck, L50, M, shiny|100\/100\n|switch|p1b: Barraskewda|Barraskewda, L50, M|100\/100\n|switch|p2a: Delfino|Palafin, L50, M|100\/100\n|switch|p2b: Bowser|Kingambit, L50, M|100\/100\n|turn|1\n|\n|t:|1682999464\n|move|p2a: Delfino|Protect|p2a: Delfino\n|-singleturn|p2a: Delfino|Protect\n|move|p1b: Barraskewda|Close Combat|p2b: Bowser\n|-supereffective|p2b: Bowser\n|-damage|p2b: Bowser|0 fnt\n|-unboost|p1b: Barraskewda|def|1\n|-unboost|p1b: Barraskewda|spd|1\n|faint|p2b: Bowser\n|move|p1a: Golduck|Grass Knot|p2a: Delfino\n|-activate|p2a: Delfino|move: Protect\n|\n|upkeep\n|\n|t:|1682999478\n|switch|p2b: Boo|Flutter Mane, L50|100\/100\n|-enditem|p2b: Boo|Booster Energy\n|-activate|p2b: Boo|ability: Protosynthesis|[fromitem]\n|-start|p2b: Boo|protosynthesisspe\n|turn|2\n|inactive|kindashroomish has 30 seconds left.\n|\n|t:|1682999510\n|switch|p1b: Pelipper|Pelipper, L50, M|100\/100\n|-weather|RainDance|[from] ability: Drizzle|[of] p1b: Pelipper\n|detailschange|p2a: Delfino|Palafin-Hero, L50, M\n|switch|p2a: Goomba|Amoonguss, L50, M|100\/100\n|-terastallize|p1a: Golduck|Ice\n|move|p2b: Boo|Thunderbolt|p1b: Pelipper\n|-supereffective|p1b: Pelipper\n|-damage|p1b: Pelipper|0 fnt\n|faint|p1b: Pelipper\n|move|p1a: Golduck|Surf|p2b: Boo|[spread] p2a,p2b\n|-resisted|p2a: Goomba\n|-damage|p2a: Goomba|81\/100\n|-damage|p2b: Boo|34\/100\n|-damage|p1a: Golduck|91\/100|[from] item: Life Orb\n|\n|-weather|RainDance|[upkeep]\n|upkeep\n|\n|t:|1682999523\n|switch|p1b: Barraskewda|Barraskewda, L50, M|100\/100\n|turn|3\n|\n|t:|1682999551\n|move|p2b: Boo|Protect|p2b: Boo\n|-singleturn|p2b: Boo|Protect\n|move|p1a: Golduck|Ice Beam|p2a: Goomba\n|-supereffective|p2a: Goomba\n|-damage|p2a: Goomba|2\/100\n|-enditem|p2a: Goomba|Wiki Berry|[eat]\n|-heal|p2a: Goomba|35\/100|[from] item: Wiki Berry\n|-damage|p1a: Golduck|81\/100|[from] item: Life Orb\n|move|p1b: Barraskewda|Liquidation|p2b: Boo\n|-activate|p2b: Boo|move: Protect\n|move|p2a: Goomba|Spore|p1a: Golduck\n|-status|p1a: Golduck|slp|[from] move: Spore\n|\n|-weather|RainDance|[upkeep]\n|upkeep\n|turn|4\n|\n|t:|1682999574\n|-terastallize|p2b: Boo|Steel\n|move|p2a: Goomba|Rage Powder|p2a: Goomba\n|-singleturn|p2a: Goomba|move: Rage Powder\n|move|p2b: Boo|Thunderbolt|p1b: Barraskewda\n|-supereffective|p1b: Barraskewda\n|-damage|p1b: Barraskewda|0 fnt\n|faint|p1b: Barraskewda\n|cant|p1a: Golduck|slp\n|\n|-weather|RainDance|[upkeep]\n|upkeep\n|\n|t:|1682999577\n|switch|p1b: Tsareena|Tsareena, L50, F|100\/100\n|turn|5\n|\n|t:|1682999595\n|move|p2b: Boo|Protect|p2b: Boo\n|-singleturn|p2b: Boo|Protect\n|-curestatus|p1a: Golduck|slp|[msg]\n|move|p1a: Golduck|Ice Beam|p2a: Goomba\n|-supereffective|p2a: Goomba\n|-damage|p2a: Goomba|0 fnt\n|faint|p2a: Goomba\n|-damage|p1a: Golduck|71\/100|[from] item: Life Orb\n|move|p1b: Tsareena|Low Kick|p2b: Boo\n|-activate|p2b: Boo|move: Protect\n|\n|-weather|RainDance|[upkeep]\n|upkeep\n|\n|t:|1682999606\n|switch|p2a: Delfino|Palafin-Hero, L50, M|100\/100\n|-activate|p2a: Delfino|ability: Zero to Hero\n|turn|6\n|inactive|kindashroomish has 30 seconds left.\n|\n|t:|1682999638\n|move|p2b: Boo|Dazzling Gleam|p1b: Tsareena|[spread] p1a,p1b\n|-crit|p1b: Tsareena\n|-damage|p1a: Golduck|24\/100\n|-damage|p1b: Tsareena|69\/100\n|move|p1a: Golduck|Surf|p2b: Boo|[spread] p1b,p2a,p2b\n|-resisted|p1b: Tsareena\n|-resisted|p2a: Delfino\n|-damage|p1b: Tsareena|47\/100\n|-damage|p2a: Delfino|67\/100\n|-damage|p2b: Boo|0 fnt\n|faint|p2b: Boo\n|-end|p2b: Boo|Protosynthesis|[silent]\n|-damage|p1a: Golduck|15\/100|[from] item: Life Orb\n|move|p2a: Delfino|Wave Crash|p1b: Tsareena\n|-resisted|p1b: Tsareena\n|-damage|p1b: Tsareena|0 fnt\n|faint|p1b: Tsareena\n|-damage|p2a: Delfino|51\/100|[from] Recoil\n|\n|-weather|RainDance|[upkeep]\n|upkeep\n|turn|7\n|\n|t:|1682999659\n|move|p1a: Golduck|Grass Knot|p2a: Delfino\n|-supereffective|p2a: Delfino\n|-crit|p2a: Delfino\n|-damage|p2a: Delfino|0 fnt\n|faint|p2a: Delfino\n|-damage|p1a: Golduck|5\/100|[from] item: Life Orb\n|\n|win|VeeGey\n|raw|VeeGey's rating: 1132 → 1154<\/strong> (+22 for winning)\n|raw|kindashroomish's rating: 1086 → 1066<\/strong> (-20 for losing)\n|c|\u2606kindashroomish|gg\n|c|\u2606VeeGey|Gg\n|l|\u2606kindashroomish\n","uploadtime":1682999675,"views":9,"p1id":"veegey","p2id":"kindashroomish","formatid":"gen9vgc2023regulationc","rating":1066,"private":0,"password":""}