{"id":"gen9vgc2023regulationc-1856387667","p1":"Arcacagne","p2":"Kyle64j","format":"[Gen 9] VGC 2023 Regulation C","log":"|j|\u2606Arcacagne\n|j|\u2606Kyle64j\n|t:|1683056625\n|gametype|doubles\n|player|p1|Arcacagne|170|1202\n|player|p2|Kyle64j|170|1169\n|teamsize|p1|6\n|teamsize|p2|6\n|gen|9\n|tier|[Gen 9] VGC 2023 Regulation C\n|rated|\n|rule|Species Clause: Limit one of each Pok\u00e9mon\n|rule|Item Clause: Limit one of each item\n|clearpoke\n|poke|p1|Chi-Yu, L50|\n|poke|p1|Flutter Mane, L50|\n|poke|p1|Amoonguss, L50, M|\n|poke|p1|Palafin, L50, M|\n|poke|p1|Kingambit, L50, F|\n|poke|p1|Arcanine, L50, M|\n|poke|p2|Dragonite, L50, M|\n|poke|p2|Gastrodon, L50, M|\n|poke|p2|Scream Tail, L50|\n|poke|p2|Chien-Pao, L50|\n|poke|p2|Arcanine, L50, M|\n|poke|p2|Gengar, L50, M|\n|teampreview|4\nArcacagne has agreed to open team sheets.\nKyle64j has agreed to open team sheets.\n|\n|t:|1683056725\n|start\n|switch|p1a: Kingambit|Kingambit, L50, F|100\/100\n|switch|p1b: Flutter Mane|Flutter Mane, L50|100\/100\n|switch|p2a: Gengar|Gengar, L50, M|100\/100\n|switch|p2b: Dragonite|Dragonite, L50, M|100\/100\n|-enditem|p1b: Flutter Mane|Booster Energy\n|-activate|p1b: Flutter Mane|ability: Protosynthesis|[fromitem]\n|-start|p1b: Flutter Mane|protosynthesisspa\n|turn|1\n|\n|t:|1683056764\n|-terastallize|p2a: Gengar|Flying\n|move|p1b: Flutter Mane|Protect|p1b: Flutter Mane\n|-singleturn|p1b: Flutter Mane|Protect\n|move|p2a: Gengar|Icy Wind|p1b: Flutter Mane|[spread] p1a\n|-activate|p1b: Flutter Mane|move: Protect\n|-resisted|p1a: Kingambit\n|-damage|p1a: Kingambit|94\/100\n|-unboost|p1a: Kingambit|spe|1\n|-ability|p1a: Kingambit|Defiant|boost\n|-boost|p1a: Kingambit|atk|2\n|move|p2b: Dragonite|Earthquake|p1b: Flutter Mane|[spread] p1a\n|-activate|p1b: Flutter Mane|move: Protect\n|-immune|p2a: Gengar\n|-supereffective|p1a: Kingambit\n|-damage|p1a: Kingambit|26\/100\n|move|p1a: Kingambit|Kowtow Cleave|p2a: Gengar\n|-damage|p2a: Gengar|0 fnt\n|faint|p2a: Gengar\n|\n|upkeep\n|\n|t:|1683056787\n|switch|p2a: Gastrodon|Gastrodon, L50, M|100\/100\n|turn|2\n|\n|t:|1683056814\n|switch|p2b: Arcanine|Arcanine, L50, M|100\/100\n|-ability|p2b: Arcanine|Intimidate|boost\n|-unboost|p1a: Kingambit|atk|1\n|-ability|p1a: Kingambit|Defiant|boost\n|-boost|p1a: Kingambit|atk|2\n|-unboost|p1b: Flutter Mane|atk|1\n|-terastallize|p1a: Kingambit|Water\n|move|p1b: Flutter Mane|Moonblast|p2b: Arcanine\n|-resisted|p2b: Arcanine\n|-damage|p2b: Arcanine|70\/100\n|move|p2a: Gastrodon|Earth Power|p1a: Kingambit\n|-damage|p1a: Kingambit|0 fnt\n|faint|p1a: Kingambit\n|\n|upkeep\n|\n|t:|1683056834\n|switch|p1a: Arcanine|Arcanine, L50, M|100\/100\n|-ability|p1a: Arcanine|Intimidate|boost\n|-unboost|p2a: Gastrodon|atk|1\n|-unboost|p2b: Arcanine|atk|1\n|turn|3\n|inactive|Battle timer is ON: inactive players will automatically lose when time's up. (requested by Arcacagne)\n|\n|t:|1683056888\n|move|p1b: Flutter Mane|Shadow Ball|p2b: Arcanine\n|-damage|p2b: Arcanine|14\/100\n|move|p2b: Arcanine|Flare Blitz|p1b: Flutter Mane\n|-damage|p1b: Flutter Mane|53\/100\n|-damage|p2b: Arcanine|2\/100|[from] Recoil\n|move|p1a: Arcanine|Flare Blitz|p2b: Arcanine\n|-resisted|p2b: Arcanine\n|-damage|p2b: Arcanine|0 fnt\n|faint|p2b: Arcanine\n|-damage|p1a: Arcanine|99\/100|[from] Recoil\n|move|p2a: Gastrodon|Ice Beam|p1b: Flutter Mane\n|-damage|p1b: Flutter Mane|33\/100\n|-status|p1b: Flutter Mane|frz\n|\n|upkeep\n|\n|t:|1683056903\n|switch|p2b: Dragonite|Dragonite, L50, M|100\/100\n|turn|4\n|\n|t:|1683056924\n|cant|p1b: Flutter Mane|frz\n|move|p1a: Arcanine|Will-O-Wisp|p2b: Dragonite\n|-status|p2b: Dragonite|brn\n|move|p2b: Dragonite|Outrage|p1b: Flutter Mane\n|-immune|p1b: Flutter Mane\n|move|p2a: Gastrodon|Earth Power|p1b: Flutter Mane\n|-damage|p1b: Flutter Mane|2\/100 frz\n|\n|-damage|p2b: Dragonite|95\/100 brn|[from] brn\n|upkeep\n|turn|5\n|inactive|Arcacagne has 30 seconds left.\n|\n|t:|1683056953\n|move|p1a: Arcanine|Extreme Speed|p2a: Gastrodon\n|-damage|p2a: Gastrodon|80\/100\n|-curestatus|p1b: Flutter Mane|frz|[msg]\n|move|p1b: Flutter Mane|Moonblast|p2b: Dragonite\n|-supereffective|p2b: Dragonite\n|-damage|p2b: Dragonite|0 fnt\n|faint|p2b: Dragonite\n|move|p2a: Gastrodon|Earth Power|p1b: Flutter Mane\n|-damage|p1b: Flutter Mane|0 fnt\n|faint|p1b: Flutter Mane\n|-end|p1b: Flutter Mane|Protosynthesis|[silent]\n|\n|upkeep\n|\n|t:|1683056964\n|switch|p1b: Amoonguss|Amoonguss, L50, M|100\/100\n|turn|6\n|\n|t:|1683056971\n|move|p1a: Arcanine|Extreme Speed|p2a: Gastrodon\n|-damage|p2a: Gastrodon|59\/100\n|move|p2a: Gastrodon|Ice Beam|p1b: Amoonguss\n|-supereffective|p1b: Amoonguss\n|-damage|p1b: Amoonguss|59\/100\n|-status|p1b: Amoonguss|frz\n|cant|p1b: Amoonguss|frz\n|\n|upkeep\n|turn|7\n|c|\u2606Arcacagne|man!!\n|\n|t:|1683056990\n|cant|p1b: Amoonguss|frz\n|move|p1a: Arcanine|Extreme Speed|p2a: Gastrodon\n|-damage|p2a: Gastrodon|38\/100\n|move|p2a: Gastrodon|Ice Beam|p1b: Amoonguss\n|-supereffective|p1b: Amoonguss\n|-damage|p1b: Amoonguss|19\/100 frz\n|-enditem|p1b: Amoonguss|Sitrus Berry|[eat]\n|-heal|p1b: Amoonguss|44\/100 frz|[from] item: Sitrus Berry\n|\n|upkeep\n|turn|8\n|\n|t:|1683057004\n|cant|p1b: Amoonguss|frz\n|move|p1a: Arcanine|Flare Blitz|p2a: Gastrodon\n|-resisted|p2a: Gastrodon\n|-damage|p2a: Gastrodon|16\/100\n|-damage|p1a: Arcanine|92\/100|[from] Recoil\n|move|p2a: Gastrodon|Recover|p2a: Gastrodon\n|-heal|p2a: Gastrodon|67\/100\n|\n|upkeep\n|turn|9\n|\n|t:|1683057022\n|cant|p1b: Amoonguss|frz\n|move|p1a: Arcanine|Extreme Speed|p2a: Gastrodon\n|-damage|p2a: Gastrodon|47\/100\n|move|p2a: Gastrodon|Ice Beam|p1b: Amoonguss\n|-supereffective|p1b: Amoonguss\n|-damage|p1b: Amoonguss|1\/100 frz\n|\n|upkeep\n|turn|10\n|\n|t:|1683057037\n|cant|p1b: Amoonguss|frz\n|move|p1a: Arcanine|Extreme Speed|p2a: Gastrodon\n|-damage|p2a: Gastrodon|28\/100\n|move|p2a: Gastrodon|Recover|p2a: Gastrodon\n|-heal|p2a: Gastrodon|78\/100\n|\n|upkeep\n|turn|11\n|\n|t:|1683057047\n|cant|p1b: Amoonguss|frz\n|move|p1a: Arcanine|Extreme Speed|p2a: Gastrodon\n|-damage|p2a: Gastrodon|59\/100\n|move|p2a: Gastrodon|Ice Beam|p1b: Amoonguss\n|-supereffective|p1b: Amoonguss\n|-damage|p1b: Amoonguss|0 fnt\n|faint|p1b: Amoonguss\n|\n|upkeep\n|turn|12\n|c|\u2606Arcacagne|u won just for this *double* freeze\n|inactive|Arcacagne has 30 seconds left.\n|\n|t:|1683057075\n|move|p1a: Arcanine|Extreme Speed|p2a: Gastrodon\n|-damage|p2a: Gastrodon|40\/100\n|move|p2a: Gastrodon|Recover|p2a: Gastrodon\n|-heal|p2a: Gastrodon|90\/100\n|\n|upkeep\n|turn|13\n|c|\u2606Kyle64j|definitely\n|\n|t:|1683057095\n|move|p1a: Arcanine|Protect|p1a: Arcanine\n|-singleturn|p1a: Arcanine|Protect\n|move|p2a: Gastrodon|Earth Power|p1a: Arcanine\n|-activate|p1a: Arcanine|move: Protect\n|\n|upkeep\n|turn|14\n|\n|t:|1683057109\n|move|p1a: Arcanine|Extreme Speed|p2a: Gastrodon\n|-damage|p2a: Gastrodon|71\/100\n|move|p2a: Gastrodon|Earth Power|p1a: Arcanine\n|-supereffective|p1a: Arcanine\n|-damage|p1a: Arcanine|25\/100\n|-enditem|p1a: Arcanine|Aguav Berry|[eat]\n|-heal|p1a: Arcanine|58\/100|[from] item: Aguav Berry\n|\n|upkeep\n|turn|15\n|\n|t:|1683057118\n|move|p1a: Arcanine|Protect|p1a: Arcanine\n|-singleturn|p1a: Arcanine|Protect\n|move|p2a: Gastrodon|Recover|p2a: Gastrodon\n|-heal|p2a: Gastrodon|100\/100\n|\n|upkeep\n|turn|16\n|\n|t:|1683057135\n|move|p1a: Arcanine|Will-O-Wisp|p2a: Gastrodon\n|-status|p2a: Gastrodon|brn\n|move|p2a: Gastrodon|Earth Power|p1a: Arcanine\n|-supereffective|p1a: Arcanine\n|-damage|p1a: Arcanine|0 fnt\n|faint|p1a: Arcanine\n|\n|win|Kyle64j\n|raw|Arcacagne's rating: 1202 → 1175<\/strong> (-27 for losing)\n|raw|Kyle64j's rating: 1169 → 1196<\/strong> (+27 for winning)\n|c|\u2606Kyle64j|Man that rng\n|c|\u2606Kyle64j|gg\n|c|\u2606Arcacagne|ma vai\n|c|\u2606Arcacagne|a cagare\n|l|\u2606Arcacagne\n|l|\u2606Kyle64j\n|j|\u2606Arcacagne\n|player|p1|Arcacagne|170\n","uploadtime":1683057451,"views":20,"p1id":"arcacagne","p2id":"kyle64j","formatid":"gen9vgc2023regulationc","rating":1175,"private":0,"password":""}