{"id":"gen9vgc2023regulationc-1857756280","p1":"OMAIGADDDDD","p2":"xomni","format":"[Gen 9] VGC 2023 Regulation C","log":"|j|\u2606OMAIGADDDDD\n|j|\u2606xomni\n|t:|1683228753\n|gametype|doubles\n|player|p1|OMAIGADDDDD|colress|1057\n|player|p2|xomni|170|1000\n|teamsize|p1|6\n|teamsize|p2|6\n|gen|9\n|tier|[Gen 9] VGC 2023 Regulation C\n|rated|\n|rule|Species Clause: Limit one of each Pok\u00e9mon\n|rule|Item Clause: Limit one of each item\n|clearpoke\n|poke|p1|Kilowattrel, L50, M|\n|poke|p1|Brambleghast, L50, F|\n|poke|p1|Great Tusk, L50|\n|poke|p1|Torkoal, L50, F|\n|poke|p1|Jumpluff, L50, F|\n|poke|p1|Flutter Mane, L50|\n|poke|p2|Hydreigon, L50, M|\n|poke|p2|Flutter Mane, L50|\n|poke|p2|Chi-Yu, L50|\n|poke|p2|Gholdengo, L50|\n|poke|p2|Iron Bundle, L50|\n|poke|p2|Corviknight, L50, F|\n|teampreview|4\n|j| sillymode\n|\n|t:|1683228774\n|start\n|switch|p1a: Jumpluff|Jumpluff, L50, F, shiny|100\/100\n|switch|p1b: Torkoal|Torkoal, L50, F, shiny|100\/100\n|switch|p2a: Hydreigon|Hydreigon, L50, M|100\/100\n|switch|p2b: Corviknight|Corviknight, L50, F|100\/100\n|-weather|SunnyDay|[from] ability: Drought|[of] p1b: Torkoal\n|turn|1\n|\n|t:|1683228790\n|-terastallize|p2b: Corviknight|Dragon\n|move|p2a: Hydreigon|Protect|p2a: Hydreigon\n|-singleturn|p2a: Hydreigon|Protect\n|move|p1a: Jumpluff|Tailwind|p1a: Jumpluff\n|-sidestart|p1: OMAIGADDDDD|move: Tailwind\n|move|p2b: Corviknight|Tailwind|p2b: Corviknight\n|-sidestart|p2: xomni|move: Tailwind\n|move|p1b: Torkoal|Overheat|p2b: Corviknight\n|-resisted|p2b: Corviknight\n|-crit|p2b: Corviknight\n|-damage|p2b: Corviknight|53\/100\n|-unboost|p1b: Torkoal|spa|2\n|-enditem|p1b: Torkoal|Eject Pack\n|\n|t:|1683228802\n|switch|p1b: Great Tusk|Great Tusk, L50|100\/100\n|-activate|p1b: Great Tusk|ability: Protosynthesis\n|-start|p1b: Great Tusk|protosynthesisatk\n|\n|-weather|SunnyDay|[upkeep]\n|-heal|p2b: Corviknight|59\/100|[from] item: Leftovers\n|upkeep\n|turn|2\n|\n|t:|1683228831\n|move|p1a: Jumpluff|Fairy Wind|p1b: Great Tusk\n|-supereffective|p1b: Great Tusk\n|-damage|p1b: Great Tusk|85\/100\n|-enditem|p1b: Great Tusk|Weakness Policy\n|-boost|p1b: Great Tusk|atk|2|[from] item: Weakness Policy\n|-boost|p1b: Great Tusk|spa|2|[from] item: Weakness Policy\n|move|p2a: Hydreigon|Draco Meteor|p1b: Great Tusk\n|-damage|p1b: Great Tusk|0 fnt\n|-unboost|p2a: Hydreigon|spa|2\n|faint|p1b: Great Tusk\n|-end|p1b: Great Tusk|Protosynthesis|[silent]\n|-damage|p2a: Hydreigon|91\/100|[from] item: Life Orb\n|move|p2b: Corviknight|Roost|p2b: Corviknight\n|-heal|p2b: Corviknight|100\/100\n|\n|-weather|SunnyDay|[upkeep]\n|upkeep\n|\n|t:|1683228841\n|switch|p1b: Kilowattrel|Kilowattrel, L50, M|100\/100\n|turn|3\n|\n|t:|1683228860\n|move|p2a: Hydreigon|Protect|p2a: Hydreigon\n|-singleturn|p2a: Hydreigon|Protect\n|move|p1a: Jumpluff|Sleep Powder|p2a: Hydreigon\n|-activate|p2a: Hydreigon|move: Protect\n|move|p1b: Kilowattrel|Discharge|p2b: Corviknight|[spread] p1a,p2b\n|-activate|p2a: Hydreigon|move: Protect\n|-resisted|p2b: Corviknight\n|-damage|p1a: Jumpluff|63\/100\n|-damage|p2b: Corviknight|88\/100\n|move|p2b: Corviknight|Iron Defense|p2b: Corviknight\n|-boost|p2b: Corviknight|def|2\n|\n|-weather|SunnyDay|[upkeep]\n|-heal|p2b: Corviknight|94\/100|[from] item: Leftovers\n|upkeep\n|turn|4\n|\n|t:|1683228895\n|-terastallize|p1b: Kilowattrel|Electric\n|move|p1a: Jumpluff|Fairy Wind|p1b: Kilowattrel\n|-damage|p1b: Kilowattrel|91\/100\n|-start|p1b: Kilowattrel|Charge|Fairy Wind|[from] ability: Wind Power\n|move|p1b: Kilowattrel|Discharge|p2a: Hydreigon|[spread] p1a,p2a,p2b\n|-resisted|p2a: Hydreigon\n|-resisted|p2b: Corviknight\n|-damage|p1a: Jumpluff|0 fnt\n|-damage|p2a: Hydreigon|36\/100\n|-damage|p2b: Corviknight|60\/100\n|-status|p2b: Corviknight|par\n|faint|p1a: Jumpluff\n|-end|p1b: Kilowattrel|Charge|[silent]\n|move|p2a: Hydreigon|Heat Wave|p1b: Kilowattrel\n|-damage|p1b: Kilowattrel|34\/100\n|-start|p1b: Kilowattrel|Charge|Heat Wave|[from] ability: Wind Power\n|-damage|p2a: Hydreigon|27\/100|[from] item: Life Orb\n|move|p2b: Corviknight|Body Press|p1b: Kilowattrel\n|-damage|p1b: Kilowattrel|0 fnt\n|faint|p1b: Kilowattrel\n|\n|-weather|SunnyDay|[upkeep]\n|-heal|p2b: Corviknight|66\/100 par|[from] item: Leftovers\n|-sideend|p2: xomni|move: Tailwind\n|-sideend|p1: OMAIGADDDDD|move: Tailwind\n|upkeep\n|\n|t:|1683228911\n|switch|p1a: Torkoal|Torkoal, L50, F, shiny|100\/100\n|turn|5\n|l| sillymode\n|-message|OMAIGADDDDD forfeited.\n|\n|win|xomni\n|raw|OMAIGADDDDD's rating: 1057 → 1035<\/strong> (-22 for losing)\n|raw|xomni's rating: 1000 → 1047<\/strong> (+47 for winning)\n|l|\u2606OMAIGADDDDD\n","uploadtime":1683228967,"views":9,"p1id":"omaigaddddd","p2id":"xomni","formatid":"gen9vgc2023regulationc","rating":1035,"private":0,"password":""}