{"id":"gen9vgc2023regulationc-1854940985","p1":"momouchi","p2":"u got dirged","format":"[Gen 9] VGC 2023 Regulation C","log":"|j|\u2606momouchi\n|j|\u2606u got dirged\n|t:|1682883131\n|gametype|doubles\n|player|p1|momouchi|265|1294\n|player|p2|u got dirged|flannery|1286\n|teamsize|p1|6\n|teamsize|p2|6\n|gen|9\n|tier|[Gen 9] VGC 2023 Regulation C\n|rated|\n|rule|Species Clause: Limit one of each Pok\u00e9mon\n|rule|Item Clause: Limit one of each item\n|clearpoke\n|poke|p1|Amoonguss, L50, M|\n|poke|p1|Palafin, L50, F|\n|poke|p1|Flutter Mane, L50|\n|poke|p1|Arcanine, L50, F|\n|poke|p1|Dragonite, L50, M|\n|poke|p1|Kingambit, L50, F|\n|poke|p2|Scream Tail, L50|\n|poke|p2|Baxcalibur, L50, M|\n|poke|p2|Corviknight, L50, F|\n|poke|p2|Ting-Lu, L50|\n|poke|p2|Gothitelle, L50, F|\n|poke|p2|Rotom-Wash, L50|\n|teampreview|4\nu got dirged has agreed to open team sheets.\nmomouchi rejected open team sheets.\n|inactive|Battle timer is ON: inactive players will automatically lose when time's up. (requested by momouchi)\n|\n|t:|1682883193\n|start\n|switch|p1a: Kingambit|Kingambit, L50, F|100\/100\n|switch|p1b: Palafin|Palafin, L50, F|100\/100\n|switch|p2a: Scream Tail|Scream Tail, L50, shiny|100\/100\n|switch|p2b: Corviknight|Corviknight, L50, F, shiny|100\/100\n|-enditem|p2a: Scream Tail|Booster Energy\n|-activate|p2a: Scream Tail|ability: Protosynthesis|[fromitem]\n|-start|p2a: Scream Tail|protosynthesisspe\n|turn|1\n|inactive|momouchi has 30 seconds left.\n|\n|t:|1682883222\n|detailschange|p1b: Palafin|Palafin-Hero, L50, F\n|switch|p1b: Amoonguss|Amoonguss, L50, M|100\/100\n|-terastallize|p2a: Scream Tail|Water\n|move|p2a: Scream Tail|Howl|p2a: Scream Tail|[spread] p2a,p2b\n|-boost|p2a: Scream Tail|atk|1\n|-boost|p2b: Corviknight|atk|1\n|move|p2b: Corviknight|Brave Bird|p1b: Amoonguss\n|-supereffective|p1b: Amoonguss\n|-damage|p1b: Amoonguss|0 fnt\n|faint|p1b: Amoonguss\n|-damage|p2b: Corviknight|65\/100|[from] Recoil\n|move|p1a: Kingambit|Assurance|p2a: Scream Tail\n|-damage|p2a: Scream Tail|74\/100\n|\n|upkeep\n|\n|t:|1682883237\n|switch|p1b: Palafin|Palafin-Hero, L50, F|100\/100\n|-activate|p1b: Palafin|ability: Zero to Hero\n|turn|2\n|\n|t:|1682883254\n|-terastallize|p1b: Palafin|Water\n|move|p1b: Palafin|Jet Punch|p2b: Corviknight\n|-damage|p2b: Corviknight|12\/100\n|move|p2a: Scream Tail|Play Rough|p1b: Palafin\n|-damage|p1b: Palafin|70\/100\n|move|p2b: Corviknight|Tailwind|p2b: Corviknight\n|-sidestart|p2: u got dirged|move: Tailwind\n|move|p1a: Kingambit|Assurance|p2a: Scream Tail\n|-damage|p2a: Scream Tail|47\/100\n|\n|upkeep\n|turn|3\n|\n|t:|1682883276\n|switch|p1b: Arcanine|Arcanine, L50, F|100\/100\n|-ability|p1b: Arcanine|Intimidate|boost\n|-unboost|p2a: Scream Tail|atk|1\n|-ability|p2b: Corviknight|Mirror Armor\n|-unboost|p1b: Arcanine|atk|1\n|move|p1a: Kingambit|Sucker Punch|p2b: Corviknight\n|-damage|p2b: Corviknight|0 fnt\n|faint|p2b: Corviknight\n|move|p2a: Scream Tail|Disable||[still]\n|-fail|p2a: Scream Tail\n|\n|upkeep\n|\n|t:|1682883288\n|switch|p2b: Rotom|Rotom-Wash, L50, shiny|100\/100\n|turn|4\n|\n|t:|1682883310\n|move|p2a: Scream Tail|Encore|p1a: Kingambit\n|-start|p1a: Kingambit|Encore\n|move|p2b: Rotom|Will-O-Wisp|p1a: Kingambit\n|-status|p1a: Kingambit|brn\n|move|p1b: Arcanine|Howl|p1b: Arcanine|[spread] p1a,p1b\n|-boost|p1a: Kingambit|atk|1\n|-boost|p1b: Arcanine|atk|1\n|move|p1a: Kingambit|Sucker Punch||[still]\n|-fail|p1a: Kingambit\n|\n|-damage|p1a: Kingambit|95\/100 brn|[from] brn\n|upkeep\n|turn|5\n|\n|t:|1682883324\n|switch|p1b: Palafin|Palafin-Hero, L50, F, tera:Water|70\/100\n|move|p1a: Kingambit|Sucker Punch||[still]\n|-fail|p1a: Kingambit\n|move|p2a: Scream Tail|Disable|p1a: Kingambit\n|-start|p1a: Kingambit|Disable|Sucker Punch\n|move|p2b: Rotom|Nasty Plot|p2b: Rotom\n|-boost|p2b: Rotom|spa|2\n|\n|-damage|p1a: Kingambit|89\/100 brn|[from] brn\n|-sideend|p2: u got dirged|move: Tailwind\n|upkeep\n|turn|6\n|-message|momouchi forfeited.\n|\n|win|u got dirged\n|raw|momouchi's rating: 1294 → 1268<\/strong> (-26 for losing)\n|raw|u got dirged's rating: 1286 → 1312<\/strong> (+26 for winning)\n|l|\u2606momouchi\n","uploadtime":1682883337,"views":5,"p1id":"momouchi","p2id":"ugotdirged","formatid":"gen9vgc2023regulationc","rating":1268,"private":0,"password":""}