{"id":"gen9vgc2023regulationc-1859828042","p1":"ScolipedeScogliosi","p2":"Mlemcorice","format":"[Gen 9] VGC 2023 Regulation C","log":"|j|\u2606ScolipedeScogliosi\n|j|\u2606Mlemcorice\n|t:|1683567909\n|gametype|doubles\n|player|p1|ScolipedeScogliosi|swimmer|\n|player|p2|Mlemcorice|169|\n|teamsize|p1|6\n|teamsize|p2|6\n|gen|9\n|tier|[Gen 9] VGC 2023 Regulation C\n|rule|Species Clause: Limit one of each Pok\u00e9mon\n|rule|Item Clause: Limit one of each item\n|clearpoke\n|poke|p1|Volcarona, L50, F|\n|poke|p1|Oricorio, L50, F|\n|poke|p1|Breloom, L50, F|\n|poke|p1|Quaquaval, L50, F|\n|poke|p1|Sableye, L50, F|\n|poke|p1|Clodsire, L50, M|\n|poke|p2|Dachsbun, L50, M|\n|poke|p2|Noivern, L50, M|\n|poke|p2|Greninja, L50, F|\n|poke|p2|Gastrodon, L50, F|\n|poke|p2|Amoonguss, L50, M|\n|poke|p2|Iron Hands, L50|\n|teampreview|4\nScolipedeScogliosi has agreed to open team sheets.\n|j| ContessaZia\nMlemcorice has agreed to open team sheets.\n|\n|t:|1683567985\n|start\n|switch|p1a: Gonzalo|Quaquaval, L50, F|100\/100\n|switch|p1b: Las divinas|Oricorio, L50, F|100\/100\n|switch|p2a: vegeta|Noivern, L50, M|100\/100\n|switch|p2b: krilin|Amoonguss, L50, M|100\/100\n|turn|1\n|\n|t:|1683568023\n|move|p2a: vegeta|Draco Meteor|p1a: Gonzalo|[miss]\n|-miss|p2a: vegeta|p1a: Gonzalo\n|move|p1a: Gonzalo|Ice Spinner|p2a: vegeta\n|-supereffective|p2a: vegeta\n|-enditem|p2a: vegeta|Focus Sash\n|-damage|p2a: vegeta|1\/100\n|move|p1b: Las divinas|Revelation Dance|p2b: krilin\n|-supereffective|p2b: krilin\n|-damage|p2b: krilin|27\/100\n|move|p2b: krilin|Spore|p1b: Las divinas\n|-status|p1b: Las divinas|slp|[from] move: Spore\n|\n|upkeep\n|turn|2\n|c| ContessaZia|F\n|\n|t:|1683568065\n|move|p2b: krilin|Rage Powder|p2b: krilin\n|-singleturn|p2b: krilin|move: Rage Powder\n|move|p2a: vegeta|Tailwind|p2a: vegeta\n|-sidestart|p2: Mlemcorice|move: Tailwind\n|move|p1a: Gonzalo|Aqua Step|p2b: krilin\n|-resisted|p2b: krilin\n|-damage|p2b: krilin|12\/100\n|-boost|p1a: Gonzalo|spe|1\n|-damage|p1a: Gonzalo|84\/100|[from] item: Rocky Helmet|[of] p2b: krilin\n|-activate|p1b: Las divinas|ability: Dancer\n|cant|p1b: Las divinas|slp\n|-curestatus|p1b: Las divinas|slp|[msg]\n|move|p1b: Las divinas|Baton Pass|p1b: Las divinas\n|\n|t:|1683568089\n|switch|p1b: Patricia|Sableye, L50, F|100\/100|[from] Baton Pass\n|\n|upkeep\n|turn|3\n|\n|t:|1683568130\n|move|p1b: Patricia|Fake Out|p2b: krilin\n|-damage|p2b: krilin|6\/100\n|-damage|p1b: Patricia|84\/100|[from] item: Rocky Helmet|[of] p2b: krilin\n|move|p2a: vegeta|Draco Meteor|p1a: Gonzalo\n|-damage|p1a: Gonzalo|30\/100\n|-unboost|p2a: vegeta|spa|2\n|move|p1a: Gonzalo|Aqua Step|p2a: vegeta\n|-resisted|p2a: vegeta\n|-damage|p2a: vegeta|0 fnt\n|-boost|p1a: Gonzalo|spe|1\n|faint|p2a: vegeta\n|-ability|p1a: Gonzalo|Moxie|boost\n|-boost|p1a: Gonzalo|atk|1\n|cant|p2b: krilin|flinch\n|\n|upkeep\n|\n|t:|1683568150\n|switch|p2a: gohan|Gastrodon, L50, F|100\/100\n|turn|4\n|\n|t:|1683568190\n|move|p1b: Patricia|Taunt|p2b: krilin\n|-start|p2b: krilin|move: Taunt\n|move|p1a: Gonzalo|Close Combat|p2a: gohan\n|-damage|p2a: gohan|0 fnt\n|-unboost|p1a: Gonzalo|def|1\n|-unboost|p1a: Gonzalo|spd|1\n|faint|p2a: gohan\n|-ability|p1a: Gonzalo|Moxie|boost\n|-boost|p1a: Gonzalo|atk|1\n|cant|p2b: krilin|move: Taunt|Spore\n|\n|upkeep\n|\n|t:|1683568200\n|switch|p2a: goku|Greninja, L50, F|100\/100\n|turn|5\n|\n|t:|1683568232\n|switch|p1b: He\/Comin|Clodsire, L50, M|100\/100\n|-terastallize|p2a: goku|Flying\n|move|p2a: goku|Tera Blast|p1a: Gonzalo\n|-supereffective|p1a: Gonzalo\n|-damage|p1a: Gonzalo|0 fnt\n|faint|p1a: Gonzalo\n|move|p2b: krilin|Pollen Puff|p1b: He\/Comin\n|-resisted|p1b: He\/Comin\n|-damage|p1b: He\/Comin|95\/100\n|\n|-heal|p1b: He\/Comin|100\/100|[from] item: Leftovers\n|-sideend|p2: Mlemcorice|move: Tailwind\n|upkeep\n|\n|t:|1683568246\n|switch|p1a: Patricia|Sableye, L50, F|84\/100\n|turn|6\n|\n|t:|1683568268\n|move|p1a: Patricia|Fake Out|p2a: goku\n|-damage|p2a: goku|89\/100\n|cant|p2a: goku|flinch\n|move|p2b: krilin|Clear Smog|p1a: Patricia\n|-resisted|p1a: Patricia\n|-damage|p1a: Patricia|75\/100\n|-clearboost|p1a: Patricia\n|move|p1b: He\/Comin|Toxic|p2a: goku\n|-status|p2a: goku|tox\n|\n|-damage|p2a: goku|83\/100 tox|[from] psn\n|-end|p2b: krilin|move: Taunt\n|upkeep\n|turn|7\n|\n|t:|1683568289\n|move|p1a: Patricia|Disable|p2b: krilin\n|-start|p2b: krilin|Disable|Clear Smog\n|move|p2a: goku|Tera Blast|p1a: Patricia\n|-damage|p1a: Patricia|31\/100\n|move|p2b: krilin|Pollen Puff|p2a: goku\n|-heal|p2a: goku|100\/100 tox\n|move|p1b: He\/Comin|Earthquake|p2b: krilin|[spread] p1a,p2b\n|-immune|p2a: goku\n|-damage|p1a: Patricia|4\/100\n|-damage|p2b: krilin|0 fnt\n|faint|p2b: krilin\n|\n|-damage|p2a: goku|89\/100 tox|[from] psn\n|upkeep\n|turn|8\n|\n|t:|1683568311\n|move|p1a: Patricia|Disable|p2a: goku\n|-start|p2a: goku|Disable|Tera Blast\n|cant|p2a: goku|Disable|Tera Blast\n|move|p1b: He\/Comin|Gunk Shot|p2a: goku\n|-damage|p2a: goku|39\/100 tox\n|\n|-damage|p2a: goku|21\/100 tox|[from] psn\n|upkeep\n|turn|9\n|\n|t:|1683568326\n|switch|p1a: Las divinas|Oricorio, L50, F|100\/100\n|-activate|p2a: goku|move: Struggle\n|move|p2a: goku|Struggle|p1a: Las divinas\n|-damage|p1a: Las divinas|86\/100\n|-damage|p2a: goku|0 fnt|[from] recoil\n|faint|p2a: goku\n|\n|win|ScolipedeScogliosi\n|l|\u2606ScolipedeScogliosi\n|l|\u2606Mlemcorice\n","uploadtime":1683568500,"views":8,"p1id":"scolipedescogliosi","p2id":"mlemcorice","formatid":"gen9vgc2023regulationc","rating":0,"private":0,"password":""}