{"id":"gen9vgc2023regulationc-1846095368","p1":"imsalvador","p2":"Sumo'sWeenusVGC","format":"[Gen 9] VGC 2023 Regulation C","log":"|j|\u2606imsalvador\n|j|\u2606Sumo'sWeenusVGC\n|t:|1681805421\n|gametype|doubles\n|player|p1|imsalvador|1|1138\n|player|p2|Sumo'sWeenusVGC|colress|1164\n|teamsize|p1|6\n|teamsize|p2|6\n|gen|9\n|tier|[Gen 9] VGC 2023 Regulation C\n|rated|\n|rule|Species Clause: Limit one of each Pok\u00e9mon\n|rule|Item Clause: Limit one of each item\n|clearpoke\n|poke|p1|Chi-Yu, L50|\n|poke|p1|Chien-Pao, L50|\n|poke|p1|Dragonite, L50, M|\n|poke|p1|Scizor, L50, M|\n|poke|p1|Maushold, L50|\n|poke|p1|Clodsire, L50, M|\n|poke|p2|Ting-Lu, L50|\n|poke|p2|Wo-Chien, L50|\n|poke|p2|Flutter Mane, L50|\n|poke|p2|Glimmora, L50, F|\n|poke|p2|Palafin, L50, F|\n|poke|p2|Arcanine, L50, M|\n|teampreview|4\n|inactive|Battle timer is ON: inactive players will automatically lose when time's up. (requested by Sumo'sWeenusVGC)\nSumo'sWeenusVGC has agreed to open team sheets.\n|inactive|Sumo'sWeenusVGC has 60 seconds left.\n|\n|t:|1681805470\n|start\n|switch|p1a: Chien-Pao|Chien-Pao, L50|100\/100\n|switch|p1b: Dragonite|Dragonite, L50, M|100\/100\n|switch|p2a: Bad Dolphin|Palafin, L50, F, shiny|100\/100\n|switch|p2b: Goodest Boi|Arcanine, L50, M, shiny|100\/100\n|-ability|p1a: Chien-Pao|Sword of Ruin\n|-ability|p2b: Goodest Boi|Intimidate|boost\n|-unboost|p1a: Chien-Pao|atk|1\n|-fail|p1b: Dragonite|unboost|Attack|[from] ability: Inner Focus|[of] p1b: Dragonite\n|turn|1\n|inactive|Sumo'sWeenusVGC has 30 seconds left.\n|\n|t:|1681805497\n|detailschange|p2a: Bad Dolphin|Palafin-Hero, L50, F, shiny\n|switch|p2a: Wo-Chien|Wo-Chien, L50|100\/100\n|-ability|p2a: Wo-Chien|Tablets of Ruin\n|-terastallize|p1b: Dragonite|Normal\n|move|p1a: Chien-Pao|Protect|p1a: Chien-Pao\n|-singleturn|p1a: Chien-Pao|Protect\n|move|p1b: Dragonite|Extreme Speed|p2b: Goodest Boi\n|-damage|p2b: Goodest Boi|33\/100\n|move|p2b: Goodest Boi|Flare Blitz|p1a: Chien-Pao\n|-activate|p1a: Chien-Pao|move: Protect\n|\n|upkeep\n|turn|2\n|inactive|imsalvador has 30 seconds left.\n|inactive|Sumo'sWeenusVGC has 30 seconds left.\n|\n|t:|1681805527\n|switch|p2b: Bad Dolphin|Palafin-Hero, L50, F, shiny|100\/100\n|-activate|p2b: Bad Dolphin|ability: Zero to Hero\n|-terastallize|p2a: Wo-Chien|Poison\n|move|p1b: Dragonite|Extreme Speed|p2b: Bad Dolphin\n|-damage|p2b: Bad Dolphin|36\/100\n|move|p1a: Chien-Pao|Ice Spinner|p2a: Wo-Chien\n|-damage|p2a: Wo-Chien|72\/100\n|-damage|p1a: Chien-Pao|91\/100|[from] item: Life Orb\n|move|p2a: Wo-Chien|Leech Seed|p1b: Dragonite\n|-start|p1b: Dragonite|move: Leech Seed\n|\n|-heal|p2a: Wo-Chien|78\/100|[from] item: Leftovers\n|-damage|p1b: Dragonite|89\/100|[from] Leech Seed|[of] p2a: Wo-Chien\n|-heal|p2a: Wo-Chien|89\/100|[silent]\n|upkeep\n|turn|3\n|inactive|imsalvador has 30 seconds left.\n|inactive|imsalvador has 20 seconds left.\n|inactive|imsalvador has 15 seconds left.\n|inactive|imsalvador has 10 seconds left.\n|\n|t:|1681805572\n|move|p2b: Bad Dolphin|Protect|p2b: Bad Dolphin\n|-singleturn|p2b: Bad Dolphin|Protect\n|move|p1b: Dragonite|Extreme Speed|p2a: Wo-Chien\n|-damage|p2a: Wo-Chien|30\/100\n|move|p1a: Chien-Pao|Sucker Punch||[still]\n|-fail|p1a: Chien-Pao\n|move|p2a: Wo-Chien|Foul Play|p1b: Dragonite\n|-damage|p1b: Dragonite|3\/100\n|\n|-heal|p2a: Wo-Chien|36\/100|[from] item: Leftovers\n|-damage|p1b: Dragonite|0 fnt|[from] Leech Seed|[of] p2a: Wo-Chien\n|-heal|p2a: Wo-Chien|39\/100|[silent]\n|faint|p1b: Dragonite\n|upkeep\n|\n|t:|1681805585\n|switch|p1b: Chi-Yu|Chi-Yu, L50|100\/100\n|-ability|p1b: Chi-Yu|Beads of Ruin\n|turn|4\n|\n|t:|1681805604\n|switch|p2b: Goodest Boi|Arcanine, L50, M, shiny|33\/100\n|-ability|p2b: Goodest Boi|Intimidate|boost\n|-unboost|p1a: Chien-Pao|atk|1\n|-unboost|p1b: Chi-Yu|atk|1\n|move|p1a: Chien-Pao|Protect|p1a: Chien-Pao\n|-singleturn|p1a: Chien-Pao|Protect\n|move|p2a: Wo-Chien|Protect|p2a: Wo-Chien\n|-singleturn|p2a: Wo-Chien|Protect\n|move|p1b: Chi-Yu|Heat Wave|p2b: Goodest Boi|[spread] p2b\n|-activate|p2a: Wo-Chien|move: Protect\n|-resisted|p2b: Goodest Boi\n|-damage|p2b: Goodest Boi|12\/100\n|\n|-heal|p2a: Wo-Chien|45\/100|[from] item: Leftovers\n|upkeep\n|turn|5\n|\n|t:|1681805627\n|move|p1a: Chien-Pao|Sucker Punch|p2b: Goodest Boi\n|-damage|p2b: Goodest Boi|0 fnt\n|faint|p2b: Goodest Boi\n|-damage|p1a: Chien-Pao|81\/100|[from] item: Life Orb\n|move|p1b: Chi-Yu|Overheat|p2a: Wo-Chien\n|-damage|p2a: Wo-Chien|0 fnt\n|-unboost|p1b: Chi-Yu|spa|2\n|faint|p2a: Wo-Chien\n|\n|upkeep\n|\n|t:|1681805637\n|switch|p2b: Flutter Mane|Flutter Mane, L50, shiny|100\/100\n|switch|p2a: Bad Dolphin|Palafin-Hero, L50, F, shiny|36\/100\n|turn|6\n|\n|t:|1681805649\n|switch|p1a: Clodsire|Clodsire, L50, M|100\/100\n|move|p2a: Bad Dolphin|Jet Punch|p1b: Chi-Yu\n|-supereffective|p1b: Chi-Yu\n|-enditem|p1b: Chi-Yu|Focus Sash\n|-damage|p1b: Chi-Yu|1\/100\n|move|p2b: Flutter Mane|Moonblast|p1a: Clodsire\n|-resisted|p1a: Clodsire\n|-damage|p1a: Clodsire|74\/100\n|move|p1b: Chi-Yu|Overheat|p2a: Bad Dolphin\n|-resisted|p2a: Bad Dolphin\n|-damage|p2a: Bad Dolphin|14\/100\n|-unboost|p1b: Chi-Yu|spa|2\n|\n|-heal|p1a: Clodsire|80\/100|[from] item: Black Sludge\n|upkeep\n|turn|7\n|\n|t:|1681805666\n|move|p1b: Chi-Yu|Protect|p1b: Chi-Yu\n|-singleturn|p1b: Chi-Yu|Protect\n|move|p2a: Bad Dolphin|Jet Punch|p1b: Chi-Yu\n|-activate|p1b: Chi-Yu|move: Protect\n|move|p2b: Flutter Mane|Moonblast|p1a: Clodsire\n|-resisted|p1a: Clodsire\n|-damage|p1a: Clodsire|54\/100\n|-unboost|p1a: Clodsire|spa|1\n|move|p1a: Clodsire|Toxic|p2a: Bad Dolphin\n|-status|p2a: Bad Dolphin|tox\n|\n|-heal|p1a: Clodsire|60\/100|[from] item: Black Sludge\n|-damage|p2a: Bad Dolphin|8\/100 tox|[from] psn\n|upkeep\n|turn|8\n|inactive|imsalvador has 30 seconds left.\n|\n|t:|1681805698\n|move|p1b: Chi-Yu|Protect||[still]\n|-fail|p1b: Chi-Yu\n|move|p2a: Bad Dolphin|Jet Punch|p1b: Chi-Yu\n|-supereffective|p1b: Chi-Yu\n|-damage|p1b: Chi-Yu|0 fnt\n|faint|p1b: Chi-Yu\n|move|p2b: Flutter Mane|Moonblast|p1a: Clodsire\n|-resisted|p1a: Clodsire\n|-damage|p1a: Clodsire|37\/100\n|-unboost|p1a: Clodsire|spa|1\n|move|p1a: Clodsire|Sludge Bomb|p2b: Flutter Mane\n|-damage|p2b: Flutter Mane|92\/100\n|\n|-heal|p1a: Clodsire|43\/100|[from] item: Black Sludge\n|-damage|p2a: Bad Dolphin|0 fnt|[from] psn\n|faint|p2a: Bad Dolphin\n|upkeep\n|\n|t:|1681805714\n|switch|p1b: Chien-Pao|Chien-Pao, L50|81\/100\n|-ability|p1b: Chien-Pao|Sword of Ruin\n|turn|9\n|\n|t:|1681805732\n|move|p1b: Chien-Pao|Sucker Punch|p2b: Flutter Mane\n|-damage|p2b: Flutter Mane|0 fnt\n|faint|p2b: Flutter Mane\n|-end|p2b: Flutter Mane|Protosynthesis|[silent]\n|-damage|p1b: Chien-Pao|72\/100|[from] item: Life Orb\n|\n|win|imsalvador\n|raw|imsalvador's rating: 1138 → 1165<\/strong> (+27 for winning)\n|raw|Sumo'sWeenusVGC's rating: 1164 → 1137<\/strong> (-27 for losing)\n|l|\u2606imsalvador\n","uploadtime":1681805741,"views":6,"p1id":"imsalvador","p2id":"sumosweenusvgc","formatid":"gen9vgc2023regulationc","rating":1137,"private":0,"password":""}