{"id":"gen9vgc2023regulationc-1856511741","p1":"sir peepsalot","p2":"pardosimmia","format":"[Gen 9] VGC 2023 Regulation C","log":"|j|\u2606sir peepsalot\n|j|\u2606pardosimmia\n|t:|1683069947\n|gametype|doubles\n|player|p1|sir peepsalot|lucas|1346\n|player|p2|pardosimmia|hiker-gen4|1248\n|teamsize|p1|6\n|teamsize|p2|6\n|gen|9\n|tier|[Gen 9] VGC 2023 Regulation C\n|rated|\n|rule|Species Clause: Limit one of each Pok\u00e9mon\n|rule|Item Clause: Limit one of each item\n|clearpoke\n|poke|p1|Gardevoir, L50, M|\n|poke|p1|Indeedee-F, L50, F|\n|poke|p1|Crabominable, L50, F|\n|poke|p1|Rotom-Wash, L50|\n|poke|p1|Hawlucha, L50, M|\n|poke|p1|Hydreigon, L50, M|\n|poke|p2|Annihilape, L50, F|\n|poke|p2|Maushold-Four, L50|\n|poke|p2|Flutter Mane, L50|\n|poke|p2|Gyarados, L50, M|\n|poke|p2|Amoonguss, L50, M|\n|poke|p2|Iron Bundle, L50|\n|teampreview|4\n|inactive|Battle timer is ON: inactive players will automatically lose when time's up. (requested by sir peepsalot)\n|\n|t:|1683069986\n|start\n|switch|p1a: Gardevoir|Gardevoir, L50, M|100\/100\n|switch|p1b: Indeedee|Indeedee-F, L50, F|100\/100\n|switch|p2a: Annihilape|Annihilape, L50, F, shiny|100\/100\n|switch|p2b: Maushold|Maushold-Four, L50|100\/100\n|-fieldstart|move: Psychic Terrain|[from] ability: Psychic Surge|[of] p1b: Indeedee\n|-ability|p1a: Gardevoir|Friend Guard|[from] ability: Trace|[of] p2b: Maushold\n|turn|1\n|\n|t:|1683070007\n|-terastallize|p2a: Annihilape|Water\n|move|p1b: Indeedee|Follow Me|p1b: Indeedee\n|-singleturn|p1b: Indeedee|move: Follow Me\n|move|p2b: Maushold|Taunt|p1b: Indeedee\n|-start|p1b: Indeedee|move: Taunt\n|move|p2a: Annihilape|Bulk Up|p2a: Annihilape\n|-boost|p2a: Annihilape|atk|1\n|-boost|p2a: Annihilape|def|1\n|move|p1a: Gardevoir|Trick Room|p1a: Gardevoir\n|-fieldstart|move: Trick Room|[of] p1a: Gardevoir\n|\n|upkeep\n|turn|2\n|\n|t:|1683070027\n|move|p1a: Gardevoir|Psychic|p2b: Maushold\n|-damage|p2b: Maushold|41\/100\n|move|p1b: Indeedee|Psychic|p2b: Maushold\n|-damage|p2b: Maushold|3\/100\n|move|p2a: Annihilape|Bulk Up|p2a: Annihilape\n|-boost|p2a: Annihilape|atk|1\n|-boost|p2a: Annihilape|def|1\n|move|p2b: Maushold|Beat Up|p2a: Annihilape\n|-damage|p2a: Annihilape|99\/100\n|-damage|p2a: Annihilape|99\/100\n|-crit|p2a: Annihilape\n|-damage|p2a: Annihilape|97\/100\n|-damage|p2a: Annihilape|96\/100\n|-hitcount|p2a: Annihilape|4\n|\n|-heal|p2a: Annihilape|100\/100|[from] item: Leftovers\n|upkeep\n|turn|3\n|\n|t:|1683070047\n|move|p2b: Maushold|Protect|p2b: Maushold\n|-singleturn|p2b: Maushold|Protect\n|move|p1a: Gardevoir|Psychic|p2a: Annihilape\n|-damage|p2a: Annihilape|64\/100\n|move|p1b: Indeedee|Psychic|p2b: Maushold\n|-activate|p2b: Maushold|move: Protect\n|move|p2a: Annihilape|Rage Fist|p1a: Gardevoir\n|-supereffective|p1a: Gardevoir\n|-enditem|p1a: Gardevoir|Focus Sash\n|-damage|p1a: Gardevoir|1\/100\n|\n|-heal|p2a: Annihilape|70\/100|[from] item: Leftovers\n|upkeep\n|turn|4\n|\n|t:|1683070067\n|move|p2b: Maushold|Follow Me|p2b: Maushold\n|-singleturn|p2b: Maushold|move: Follow Me\n|move|p1a: Gardevoir|Psychic|p2b: Maushold\n|-damage|p2b: Maushold|0 fnt\n|faint|p2b: Maushold\n|move|p1b: Indeedee|Psychic|p2a: Annihilape\n|-damage|p2a: Annihilape|45\/100\n|move|p2a: Annihilape|Drain Punch|p1b: Indeedee\n|-damage|p1b: Indeedee|60\/100\n|-heal|p2a: Annihilape|62\/100|[from] drain|[of] p1b: Indeedee\n|\n|-heal|p2a: Annihilape|68\/100|[from] item: Leftovers\n|-end|p1b: Indeedee|move: Taunt\n|upkeep\n|\n|t:|1683070086\n|switch|p2b: Iron Bundle|Iron Bundle, L50|100\/100\n|-enditem|p2b: Iron Bundle|Booster Energy\n|-activate|p2b: Iron Bundle|ability: Quark Drive|[fromitem]\n|-start|p2b: Iron Bundle|quarkdrivespe\n|turn|5\n|inactive|pardosimmia has 30 seconds left.\n|\n|t:|1683070118\n|move|p2a: Annihilape|Protect|p2a: Annihilape\n|-singleturn|p2a: Annihilape|Protect\n|move|p1a: Gardevoir|Psychic|p2a: Annihilape\n|-activate|p2a: Annihilape|move: Protect\n|move|p1b: Indeedee|Psychic|p2a: Annihilape\n|-activate|p2a: Annihilape|move: Protect\n|move|p2b: Iron Bundle|Icy Wind|p1b: Indeedee|[spread] p1a,p1b\n|-damage|p1a: Gardevoir|0 fnt\n|-damage|p1b: Indeedee|45\/100\n|-unboost|p1b: Indeedee|spe|1\n|faint|p1a: Gardevoir\n|\n|-heal|p2a: Annihilape|74\/100|[from] item: Leftovers\n|-fieldend|move: Trick Room\n|-fieldend|move: Psychic Terrain\n|upkeep\n|\n|t:|1683070126\n|switch|p1a: Rotom|Rotom-Wash, L50|100\/100\n|turn|6\n|\n|t:|1683070149\n|-terastallize|p1a: Rotom|Electric\n|move|p1b: Indeedee|Follow Me|p1b: Indeedee\n|-singleturn|p1b: Indeedee|move: Follow Me\n|move|p2b: Iron Bundle|Hydro Pump|p1b: Indeedee\n|-damage|p1b: Indeedee|0 fnt\n|faint|p1b: Indeedee\n|move|p2a: Annihilape|Rage Fist|p1a: Rotom\n|-damage|p1a: Rotom|0 fnt\n|faint|p1a: Rotom\n|\n|-heal|p2a: Annihilape|80\/100|[from] item: Leftovers\n|upkeep\n|-message|sir peepsalot forfeited.\n|\n|win|pardosimmia\n|raw|sir peepsalot's rating: 1346 → 1321<\/strong> (-25 for losing)\n|raw|pardosimmia's rating: 1248 → 1280<\/strong> (+32 for winning)\n|l|\u2606sir peepsalot\n","uploadtime":1683070167,"views":14,"p1id":"sirpeepsalot","p2id":"pardosimmia","formatid":"gen9vgc2023regulationc","rating":1280,"private":0,"password":""}