{"id":"gen9vgc2023regulationc-1855164957","p1":"souraphyz","p2":"palacringe","format":"[Gen 9] VGC 2023 Regulation C","log":"|j|\u2606souraphyz\n|j|\u2606palacringe\n|t:|1682909287\n|gametype|doubles\n|player|p1|souraphyz|lucas-gen4pt|\n|player|p2|palacringe|flint|\n|teamsize|p1|6\n|teamsize|p2|6\n|gen|9\n|tier|[Gen 9] VGC 2023 Regulation C\n|rated|Tournament battle\n|rule|Species Clause: Limit one of each Pok\u00e9mon\n|rule|Item Clause: Limit one of each item\n|clearpoke\n|poke|p1|Palafin, L50, M|\n|poke|p1|Arcanine, L50, F|\n|poke|p1|Amoonguss, L50, M|\n|poke|p1|Flutter Mane, L50|\n|poke|p1|Dragonite, L50, F|\n|poke|p1|Iron Hands, L50|\n|poke|p2|Tyranitar, L50, F|\n|poke|p2|Chi-Yu, L50|\n|poke|p2|Dragonite, L50, M|\n|poke|p2|Iron Hands, L50|\n|poke|p2|Iron Bundle, L50|\n|poke|p2|Flutter Mane, L50|\n|teampreview|4\n|raw| Open Team Sheet for souraphyz<\/summary>Palafin @ Mystic Water Ability: Zero to Hero Level: 50 Tera Type: Water - Protect - Wave Crash - Jet Punch - Drain Punch Arcanine @ Safety Goggles Ability: Intimidate Level: 50 Tera Type: Grass - Flare Blitz - Extreme Speed - Will-O-Wisp - Howl Amoonguss @ Sitrus Berry Ability: Regenerator Level: 50 Tera Type: Water - Pollen Puff - Clear Smog - Rage Powder - Spore Flutter Mane @ Booster Energy Ability: Protosynthesis Level: 50 Tera Type: Fairy - Protect - Shadow Ball - Moonblast - Dazzling Gleam Dragonite @ Lum Berry Ability: Multiscale Level: 50 Tera Type: Normal - Outrage - Extreme Speed - Ice Spinner - Tailwind Iron Hands @ Leftovers Ability: Quark Drive Level: 50 Tera Type: Water - Protect - Swords Dance - Drain Punch - Thunder Punch <\/details><\/div> Open Team Sheet for palacringe<\/summary>Tyranitar @ Assault Vest Ability: Sand Stream Level: 50 Tera Type: Flying - Rock Slide - Tera Blast - Low Kick - Crunch Chi-Yu @ Choice Specs Ability: Beads of Ruin Level: 50 Tera Type: Grass - Heat Wave - Flamethrower - Dark Pulse - Tera Blast Dragonite @ Lum Berry Ability: Multiscale Level: 50 Tera Type: Flying - Extreme Speed - Ice Spinner - Tera Blast - Tailwind Iron Hands @ Sitrus Berry Ability: Quark Drive Level: 50 Tera Type: Grass - Fake Out - Close Combat - Volt Switch - Wild Charge Iron Bundle @ Focus Sash Ability: Quark Drive Level: 50 Tera Type: Ice - Freeze-Dry - Icy Wind - Hydro Pump - Protect Flutter Mane @ Booster Energy Ability: Protosynthesis Level: 50 Tera Type: Fairy - Dazzling Gleam - Shadow Ball - Moonblast - Protect <\/details><\/div>\n|j|%Therazer456\n|j|%Bright Size\n|j| Iggy57\n|inactive|Battle timer is ON: inactive players will automatically lose when time's up. (requested by souraphyz)\n|inactive|palacringe has 60 seconds left.\n|inactive|palacringe has 30 seconds left.\n|\n|t:|1682909408\n|start\n|switch|p1a: Flutter Mane|Flutter Mane, L50|100\/100\n|switch|p1b: Dragonite|Dragonite, L50, F|100\/100\n|switch|p2a: Flutter Mane|Flutter Mane, L50|100\/100\n|switch|p2b: Dragonite|Dragonite, L50, M|100\/100\n|-enditem|p2a: Flutter Mane|Booster Energy\n|-activate|p2a: Flutter Mane|ability: Protosynthesis|[fromitem]\n|-start|p2a: Flutter Mane|protosynthesisspe\n|-enditem|p1a: Flutter Mane|Booster Energy\n|-activate|p1a: Flutter Mane|ability: Protosynthesis|[fromitem]\n|-start|p1a: Flutter Mane|protosynthesisspa\n|turn|1\n|inactive|palacringe has 30 seconds left.\n|inactive|palacringe has 20 seconds left.\n|inactive|palacringe has 15 seconds left.\n|\n|t:|1682909448\n|-terastallize|p2a: Flutter Mane|Fairy\n|-terastallize|p1a: Flutter Mane|Fairy\n|move|p1b: Dragonite|Extreme Speed|p2b: Dragonite\n|-damage|p2b: Dragonite|85\/100\n|move|p2a: Flutter Mane|Dazzling Gleam|p1b: Dragonite|[spread] p1a,p1b\n|-crit|p1a: Flutter Mane\n|-supereffective|p1b: Dragonite\n|-damage|p1a: Flutter Mane|45\/100\n|-damage|p1b: Dragonite|60\/100\n|move|p1a: Flutter Mane|Moonblast|p2b: Dragonite\n|-supereffective|p2b: Dragonite\n|-damage|p2b: Dragonite|0 fnt\n|faint|p2b: Dragonite\n|\n|upkeep\n|\n|t:|1682909464\n|switch|p2b: Iron Bundle|Iron Bundle, L50|100\/100\n|turn|2\n|\n|t:|1682909478\n|move|p1a: Flutter Mane|Protect|p1a: Flutter Mane\n|-singleturn|p1a: Flutter Mane|Protect\n|move|p1b: Dragonite|Extreme Speed|p2a: Flutter Mane\n|-damage|p2a: Flutter Mane|31\/100\n|move|p2a: Flutter Mane|Dazzling Gleam|p1a: Flutter Mane|[spread] p1b\n|-activate|p1a: Flutter Mane|move: Protect\n|-supereffective|p1b: Dragonite\n|-damage|p1b: Dragonite|0 fnt\n|faint|p1b: Dragonite\n|move|p2b: Iron Bundle|Icy Wind|p1a: Flutter Mane\n|-activate|p1a: Flutter Mane|move: Protect\n|\n|upkeep\n|\n|t:|1682909494\n|switch|p1b: Arcanine|Arcanine, L50, F|100\/100\n|-ability|p1b: Arcanine|Intimidate|boost\n|-unboost|p2a: Flutter Mane|atk|1\n|-unboost|p2b: Iron Bundle|atk|1\n|turn|3\n|\n|t:|1682909503\n|-end|p1a: Flutter Mane|Protosynthesis|[silent]\n|switch|p1a: Iron Hands|Iron Hands, L50|100\/100\n|move|p1b: Arcanine|Extreme Speed|p2a: Flutter Mane\n|-damage|p2a: Flutter Mane|0 fnt\n|faint|p2a: Flutter Mane\n|-end|p2a: Flutter Mane|Protosynthesis|[silent]\n|move|p2b: Iron Bundle|Hydro Pump|p1b: Arcanine\n|-supereffective|p1b: Arcanine\n|-damage|p1b: Arcanine|0 fnt\n|faint|p1b: Arcanine\n|\n|upkeep\n|\n|t:|1682909513\n|switch|p2a: Chi-Yu|Chi-Yu, L50|100\/100\n|switch|p1b: Flutter Mane|Flutter Mane, L50, tera:Fairy|45\/100\n|-ability|p2a: Chi-Yu|Beads of Ruin\n|turn|4\n|j| bruno the star\n|\n|t:|1682909528\n|move|p2b: Iron Bundle|Icy Wind|p1b: Flutter Mane|[spread] p1a,p1b\n|-damage|p1a: Iron Hands|80\/100\n|-damage|p1b: Flutter Mane|23\/100\n|-unboost|p1a: Iron Hands|spe|1\n|-unboost|p1b: Flutter Mane|spe|1\n|move|p2a: Chi-Yu|Heat Wave|p1a: Iron Hands|[spread] p1a,p1b\n|-damage|p1a: Iron Hands|21\/100\n|-damage|p1b: Flutter Mane|0 fnt\n|faint|p1b: Flutter Mane\n|-end|p1b: Flutter Mane|Protosynthesis|[silent]\n|move|p1a: Iron Hands|Drain Punch|p2a: Chi-Yu\n|-supereffective|p2a: Chi-Yu\n|-damage|p2a: Chi-Yu|0 fnt\n|-heal|p1a: Iron Hands|48\/100|[from] drain|[of] p2a: Chi-Yu\n|faint|p2a: Chi-Yu\n|\n|-heal|p1a: Iron Hands|54\/100|[from] item: Leftovers\n|upkeep\n|turn|5\n|\n|t:|1682909551\n|move|p1a: Iron Hands|Protect|p1a: Iron Hands\n|-singleturn|p1a: Iron Hands|Protect\n|move|p2b: Iron Bundle|Hydro Pump|p1a: Iron Hands\n|-activate|p1a: Iron Hands|move: Protect\n|\n|-heal|p1a: Iron Hands|60\/100|[from] item: Leftovers\n|upkeep\n|turn|6\n|\n|t:|1682909556\n|move|p2b: Iron Bundle|Hydro Pump|p1a: Iron Hands\n|-damage|p1a: Iron Hands|17\/100\n|move|p1a: Iron Hands|Drain Punch|p2b: Iron Bundle\n|-supereffective|p2b: Iron Bundle\n|-enditem|p2b: Iron Bundle|Focus Sash\n|-damage|p2b: Iron Bundle|1\/100\n|-heal|p1a: Iron Hands|44\/100|[from] drain|[of] p2b: Iron Bundle\n|\n|-heal|p1a: Iron Hands|50\/100|[from] item: Leftovers\n|upkeep\n|turn|7\n|\n|t:|1682909562\n|move|p1a: Iron Hands|Protect|p1a: Iron Hands\n|-singleturn|p1a: Iron Hands|Protect\n|move|p2b: Iron Bundle|Hydro Pump|p1a: Iron Hands\n|-activate|p1a: Iron Hands|move: Protect\n|\n|-heal|p1a: Iron Hands|56\/100|[from] item: Leftovers\n|upkeep\n|turn|8\n|c|\u2606palacringe|gg\n|\n|t:|1682909567\n|move|p2b: Iron Bundle|Hydro Pump|p1a: Iron Hands\n|-damage|p1a: Iron Hands|13\/100\n|move|p1a: Iron Hands|Drain Punch|p2b: Iron Bundle\n|-supereffective|p2b: Iron Bundle\n|-damage|p2b: Iron Bundle|0 fnt\n|-heal|p1a: Iron Hands|13\/100|[from] drain|[of] p2b: Iron Bundle\n|faint|p2b: Iron Bundle\n|-end|p2b: Iron Bundle|Quark Drive|[silent]\n|\n|win|souraphyz\n|n|\u2606souraphyz|souraphyz\n|n|\u2606palacringe|palacringe\n|n| Therazer456|therazer456\n|n| Bright Size|brightsize\n|n| Iggy57|iggy57\n|n| bruno the star|brunothestar\n","uploadtime":1682909568,"views":14,"p1id":"souraphyz","p2id":"palacringe","formatid":"gen9vgc2023regulationc","rating":0,"private":0,"password":""}