{"id":"gen9vgc2023regulationc-1845068455","p1":"ur moom suus","p2":"Whatever0512","format":"[Gen 9] VGC 2023 Regulation C","log":"|j|\u2606ur moom suus\n|j|\u2606Whatever0512\n|t:|1681679916\n|gametype|doubles\n|player|p1|ur moom suus|juggler|1145\n|player|p2|Whatever0512|266|1147\n|teamsize|p1|6\n|teamsize|p2|6\n|gen|9\n|tier|[Gen 9] VGC 2023 Regulation C\n|rated|\n|rule|Species Clause: Limit one of each Pok\u00e9mon\n|rule|Item Clause: Limit one of each item\n|clearpoke\n|poke|p1|Chi-Yu, L50|\n|poke|p1|Iron Bundle, L50|\n|poke|p1|Great Tusk, L50|\n|poke|p1|Flutter Mane, L50|\n|poke|p1|Kingambit, L50, F|\n|poke|p1|Palafin, L50, M|\n|poke|p2|Tyranitar, L50, M|\n|poke|p2|Iron Bundle, L50|\n|poke|p2|Great Tusk, L50|\n|poke|p2|Talonflame, L50, F|\n|poke|p2|Gothitelle, L50, M|\n|poke|p2|Flutter Mane, L50|\n|teampreview|4\nur moom suus has agreed to open team sheets.\nWhatever0512 has agreed to open team sheets.\n|inactive|Battle timer is ON: inactive players will automatically lose when time's up. (requested by Whatever0512)\n|inactive|ur moom suus has 60 seconds left.\n|\n|t:|1681680028\n|start\n|switch|p1a: Flutter Mane|Flutter Mane, L50|100\/100\n|switch|p1b: Chi-Yu|Chi-Yu, L50|100\/100\n|switch|p2a: Talonflame|Talonflame, L50, F, shiny|100\/100\n|switch|p2b: Tyranitar|Tyranitar, L50, M|100\/100\n|-ability|p1b: Chi-Yu|Beads of Ruin\n|-weather|Sandstorm|[from] ability: Sand Stream|[of] p2b: Tyranitar\n|-enditem|p1a: Flutter Mane|Booster Energy\n|-activate|p1a: Flutter Mane|ability: Protosynthesis|[fromitem]\n|-start|p1a: Flutter Mane|protosynthesisspe\n|turn|1\n|inactive|ur moom suus has 30 seconds left.\n|inactive|ur moom suus has 20 seconds left.\n|inactive|ur moom suus has 15 seconds left.\n|inactive|ur moom suus has 10 seconds left.\n|inactive|ur moom suus has 5 seconds left.\n|\n|t:|1681680078\n|-terastallize|p1b: Chi-Yu|Grass\n|move|p2a: Talonflame|Tailwind|p2a: Talonflame\n|-sidestart|p2: Whatever0512|move: Tailwind\n|move|p1a: Flutter Mane|Thunderbolt|p2a: Talonflame\n|-supereffective|p2a: Talonflame\n|-damage|p2a: Talonflame|0 fnt\n|faint|p2a: Talonflame\n|move|p2b: Tyranitar|Rock Slide|p1b: Chi-Yu|[spread] p1b\n|-miss|p2b: Tyranitar|p1a: Flutter Mane\n|-damage|p1b: Chi-Yu|52\/100\n|move|p1b: Chi-Yu|Dark Pulse|p2b: Tyranitar\n|-resisted|p2b: Tyranitar\n|-damage|p2b: Tyranitar|88\/100\n|\n|-weather|Sandstorm|[upkeep]\n|-damage|p1a: Flutter Mane|94\/100|[from] Sandstorm\n|-damage|p1b: Chi-Yu|46\/100|[from] Sandstorm\n|upkeep\n|\n|t:|1681680093\n|switch|p2a: Flutter Mane|Flutter Mane, L50|100\/100\n|turn|2\n|inactive|Whatever0512 has 30 seconds left.\n|\n|t:|1681680135\n|move|p2a: Flutter Mane|Shadow Ball|p1a: Flutter Mane\n|-supereffective|p1a: Flutter Mane\n|-damage|p1a: Flutter Mane|0 fnt\n|faint|p1a: Flutter Mane\n|-end|p1a: Flutter Mane|Protosynthesis|[silent]\n|move|p2b: Tyranitar|Rock Slide|p1b: Chi-Yu\n|-damage|p1b: Chi-Yu|0 fnt\n|faint|p1b: Chi-Yu\n|\n|-weather|Sandstorm|[upkeep]\n|-damage|p2a: Flutter Mane|95\/100|[from] Sandstorm\n|upkeep\n|\n|t:|1681680147\n|switch|p1a: Iron Bundle|Iron Bundle, L50, shiny|100\/100\n|switch|p1b: Great Tusk|Great Tusk, L50|100\/100\n|turn|3\n|inactive|ur moom suus has 30 seconds left.\n|\n|t:|1681680177\n|-terastallize|p2b: Tyranitar|Flying\n|move|p1a: Iron Bundle|Protect|p1a: Iron Bundle\n|-singleturn|p1a: Iron Bundle|Protect\n|move|p1b: Great Tusk|Protect|p1b: Great Tusk\n|-singleturn|p1b: Great Tusk|Protect\n|move|p2a: Flutter Mane|Shadow Ball|p1a: Iron Bundle\n|-activate|p1a: Iron Bundle|move: Protect\n|move|p2b: Tyranitar|Tera Blast|p1b: Great Tusk\n|-activate|p1b: Great Tusk|move: Protect\n|\n|-weather|Sandstorm|[upkeep]\n|-damage|p2a: Flutter Mane|89\/100|[from] Sandstorm\n|-damage|p2b: Tyranitar|82\/100|[from] Sandstorm\n|-damage|p1a: Iron Bundle|94\/100|[from] Sandstorm\n|upkeep\n|turn|4\n|\n|t:|1681680202\n|move|p2a: Flutter Mane|Shadow Ball|p1b: Great Tusk\n|-damage|p1b: Great Tusk|13\/100\n|move|p2b: Tyranitar|Tera Blast|p1b: Great Tusk\n|-supereffective|p1b: Great Tusk\n|-damage|p1b: Great Tusk|0 fnt\n|faint|p1b: Great Tusk\n|-end|p1b: Great Tusk|Protosynthesis|[silent]\n|move|p1a: Iron Bundle|Freeze-Dry|p2b: Tyranitar\n|-supereffective|p2b: Tyranitar\n|-crit|p2b: Tyranitar\n|-damage|p2b: Tyranitar|18\/100\n|\n|-weather|Sandstorm|[upkeep]\n|-damage|p2a: Flutter Mane|84\/100|[from] Sandstorm\n|-damage|p2b: Tyranitar|13\/100|[from] Sandstorm\n|-damage|p1a: Iron Bundle|88\/100|[from] Sandstorm\n|-sideend|p2: Whatever0512|move: Tailwind\n|upkeep\n|turn|5\n|\n|t:|1681680220\n|move|p1a: Iron Bundle|Icy Wind|p2a: Flutter Mane|[spread] p2a,p2b\n|-supereffective|p2b: Tyranitar\n|-damage|p2a: Flutter Mane|64\/100\n|-damage|p2b: Tyranitar|0 fnt\n|-unboost|p2a: Flutter Mane|spe|1\n|faint|p2b: Tyranitar\n|move|p2a: Flutter Mane|Shadow Ball|p1a: Iron Bundle\n|-damage|p1a: Iron Bundle|0 fnt\n|faint|p1a: Iron Bundle\n|-end|p1a: Iron Bundle|Quark Drive|[silent]\n|\n|win|Whatever0512\n|raw|ur moom suus's rating: 1145 → 1120<\/strong> (-25 for losing)\n|raw|Whatever0512's rating: 1147 → 1172<\/strong> (+25 for winning)\n|c|\u2606Whatever0512|gg\n|l|\u2606ur moom suus\n","uploadtime":1681680274,"views":13,"p1id":"urmoomsuus","p2id":"whatever0512","formatid":"gen9vgc2023regulationc","rating":1120,"private":0,"password":""}