{"id":"gen9vgc2023regulationc-1851570738","p1":"19402u","p2":"WTFisThisEffinTeam","format":"[Gen 9] VGC 2023 Regulation C","log":"|j|\u260619402u\n|j|\u2606WTFisThisEffinTeam\n|t:|1682456774\n|gametype|doubles\n|player|p1|19402u|102|1472\n|player|p2|WTFisThisEffinTeam|striker|1404\n|teamsize|p1|6\n|teamsize|p2|6\n|gen|9\n|tier|[Gen 9] VGC 2023 Regulation C\n|rated|\n|rule|Species Clause: Limit one of each Pok\u00e9mon\n|rule|Item Clause: Limit one of each item\n|clearpoke\n|poke|p1|Glimmora, L50, M|\n|poke|p1|Dragonite, L50, M|\n|poke|p1|Dondozo, L50, M|\n|poke|p1|Tatsugiri, L50, F|\n|poke|p1|Chi-Yu, L50|\n|poke|p1|Iron Bundle, L50|\n|poke|p2|Scream Tail, L50|\n|poke|p2|Arcanine, L50, F|\n|poke|p2|Gothitelle, L50, M|\n|poke|p2|Azumarill, L50, F|\n|poke|p2|Wo-Chien, L50|\n|poke|p2|Ting-Lu, L50|\n|teampreview|4\n19402u has agreed to open team sheets.\n|inactive|Battle timer is ON: inactive players will automatically lose when time's up. (requested by WTFisThisEffinTeam)\n|\n|t:|1682456818\n|start\n|switch|p1a: Chi-Yu|Chi-Yu, L50|100\/100\n|switch|p1b: Iron Bundle|Iron Bundle, L50, shiny|100\/100\n|switch|p2a: Arcanine|Arcanine, L50, F|100\/100\n|switch|p2b: Azumarill|Azumarill, L50, F|100\/100\n|-ability|p1a: Chi-Yu|Beads of Ruin\n|-ability|p2a: Arcanine|Intimidate|boost\n|-unboost|p1a: Chi-Yu|atk|1\n|-unboost|p1b: Iron Bundle|atk|1\n|-enditem|p1b: Iron Bundle|Booster Energy\n|-activate|p1b: Iron Bundle|ability: Quark Drive|[fromitem]\n|-start|p1b: Iron Bundle|quarkdrivespe\n|turn|1\n|\n|t:|1682456842\n|switch|p1a: Glimmora|Glimmora, L50, M, shiny|100\/100\n|move|p2b: Azumarill|Protect|p2b: Azumarill\n|-singleturn|p2b: Azumarill|Protect\n|move|p1b: Iron Bundle|Hydro Pump|p2a: Arcanine\n|-supereffective|p2a: Arcanine\n|-damage|p2a: Arcanine|0 fnt\n|faint|p2a: Arcanine\n|\n|upkeep\n|\n|t:|1682456853\n|switch|p2a: Gothitelle|Gothitelle, L50, M|100\/100\n|turn|2\n|\n|t:|1682456868\n|-terastallize|p1a: Glimmora|Grass\n|move|p2a: Gothitelle|Fake Out|p1b: Iron Bundle\n|-damage|p1b: Iron Bundle|94\/100\n|cant|p1b: Iron Bundle|flinch\n|move|p1a: Glimmora|Energy Ball|p2b: Azumarill\n|-ability|p2b: Azumarill|Sap Sipper|boost\n|-boost|p2b: Azumarill|atk|1\n|move|p2b: Azumarill|Perish Song|p2b: Azumarill\n|-start|p1a: Glimmora|perish3|[silent]\n|-start|p1b: Iron Bundle|perish3|[silent]\n|-start|p2a: Gothitelle|perish3|[silent]\n|-start|p2b: Azumarill|perish3|[silent]\n|-fieldactivate|move: Perish Song\n|\n|-start|p1b: Iron Bundle|perish3\n|-start|p1a: Glimmora|perish3\n|-start|p2a: Gothitelle|perish3\n|-start|p2b: Azumarill|perish3\n|upkeep\n|turn|3\n|\n|t:|1682456889\n|move|p1b: Iron Bundle|Freeze-Dry|p2b: Azumarill\n|-supereffective|p2b: Azumarill\n|-damage|p2b: Azumarill|50\/100\n|move|p1a: Glimmora|Mortal Spin|p2a: Gothitelle|[spread] p2a,p2b\n|-supereffective|p2b: Azumarill\n|-damage|p2a: Gothitelle|97\/100\n|-damage|p2b: Azumarill|42\/100\n|-status|p2a: Gothitelle|psn\n|-status|p2b: Azumarill|psn\n|move|p2a: Gothitelle|Hypnosis|p1a: Glimmora\n|-status|p1a: Glimmora|slp|[from] move: Hypnosis\n|move|p2b: Azumarill|Encore|p1a: Glimmora\n|-start|p1a: Glimmora|Encore\n|\n|-damage|p2a: Gothitelle|84\/100 psn|[from] psn\n|-damage|p2b: Azumarill|29\/100 psn|[from] psn\n|-start|p1b: Iron Bundle|perish2\n|-start|p1a: Glimmora|perish2\n|-start|p2a: Gothitelle|perish2\n|-start|p2b: Azumarill|perish2\n|upkeep\n|turn|4\n|\n|t:|1682456912\n|move|p2a: Gothitelle|Protect|p2a: Gothitelle\n|-singleturn|p2a: Gothitelle|Protect\n|move|p2b: Azumarill|Protect|p2b: Azumarill\n|-singleturn|p2b: Azumarill|Protect\n|move|p1b: Iron Bundle|Icy Wind|p2b: Azumarill|[spread] \n|-activate|p2a: Gothitelle|move: Protect\n|-activate|p2b: Azumarill|move: Protect\n|cant|p1a: Glimmora|slp\n|\n|-damage|p2a: Gothitelle|72\/100 psn|[from] psn\n|-damage|p2b: Azumarill|17\/100 psn|[from] psn\n|-start|p1b: Iron Bundle|perish1\n|-start|p1a: Glimmora|perish1\n|-start|p2a: Gothitelle|perish1\n|-start|p2b: Azumarill|perish1\n|upkeep\n|turn|5\n|\n|t:|1682456932\n|switch|p2b: Wo-Chien|Wo-Chien, L50|100\/100\n|-ability|p2b: Wo-Chien|Tablets of Ruin\n|move|p1b: Iron Bundle|Freeze-Dry|p2a: Gothitelle\n|-damage|p2a: Gothitelle|46\/100 psn\n|-enditem|p2a: Gothitelle|Sitrus Berry|[eat]\n|-heal|p2a: Gothitelle|71\/100 psn|[from] item: Sitrus Berry\n|cant|p1a: Glimmora|slp\n|move|p2a: Gothitelle|Heal Pulse|p2b: Wo-Chien\n|-fail|p2b: Wo-Chien|heal\n|\n|-damage|p2a: Gothitelle|58\/100 psn|[from] psn\n|-start|p1b: Iron Bundle|perish0\n|-start|p1a: Glimmora|perish0\n|-start|p2a: Gothitelle|perish0\n|upkeep\n|faint|p1b: Iron Bundle\n|-end|p1b: Iron Bundle|Quark Drive|[silent]\n|faint|p1a: Glimmora\n|faint|p2a: Gothitelle\n|\n|t:|1682456942\n|switch|p1b: Dragonite|Dragonite, L50, M, shiny|100\/100\n|switch|p1a: Chi-Yu|Chi-Yu, L50|100\/100\n|switch|p2a: Azumarill|Azumarill, L50, F|17\/100 psn\n|-ability|p1a: Chi-Yu|Beads of Ruin\n|turn|6\n|\n|t:|1682456952\n|-terastallize|p2b: Wo-Chien|Fire\n|move|p1b: Dragonite|Extreme Speed|p2a: Azumarill\n|-damage|p2a: Azumarill|0 fnt\n|faint|p2a: Azumarill\n|move|p1a: Chi-Yu|Heat Wave|p2b: Wo-Chien\n|-resisted|p2b: Wo-Chien\n|-damage|p2b: Wo-Chien|80\/100\n|move|p2b: Wo-Chien|Leech Seed|p1a: Chi-Yu\n|-start|p1a: Chi-Yu|move: Leech Seed\n|\n|-heal|p2b: Wo-Chien|86\/100|[from] item: Leftovers\n|-damage|p1a: Chi-Yu|88\/100|[from] Leech Seed|[of] p2b: Wo-Chien\n|-heal|p2b: Wo-Chien|95\/100|[silent]\n|upkeep\n|turn|7\n|\n|t:|1682456972\n|move|p1b: Dragonite|Extreme Speed|p2b: Wo-Chien\n|-damage|p2b: Wo-Chien|66\/100\n|move|p1a: Chi-Yu|Dark Pulse|p2b: Wo-Chien\n|-damage|p2b: Wo-Chien|35\/100\n|move|p2b: Wo-Chien|Leech Seed|p1b: Dragonite|[miss]\n|-miss|p2b: Wo-Chien|p1b: Dragonite\n|\n|-heal|p2b: Wo-Chien|42\/100|[from] item: Leftovers\n|-damage|p1a: Chi-Yu|76\/100|[from] Leech Seed|[of] p2b: Wo-Chien\n|-heal|p2b: Wo-Chien|50\/100|[silent]\n|upkeep\n|turn|8\n|\n|t:|1682456980\n|move|p2b: Wo-Chien|Protect|p2b: Wo-Chien\n|-singleturn|p2b: Wo-Chien|Protect\n|move|p1b: Dragonite|Extreme Speed|p2b: Wo-Chien\n|-activate|p2b: Wo-Chien|move: Protect\n|move|p1a: Chi-Yu|Dark Pulse|p2b: Wo-Chien\n|-activate|p2b: Wo-Chien|move: Protect\n|\n|-heal|p2b: Wo-Chien|56\/100|[from] item: Leftovers\n|-damage|p1a: Chi-Yu|64\/100|[from] Leech Seed|[of] p2b: Wo-Chien\n|-heal|p2b: Wo-Chien|65\/100|[silent]\n|upkeep\n|turn|9\n|\n|t:|1682456993\n|move|p1b: Dragonite|Extreme Speed|p2b: Wo-Chien\n|-damage|p2b: Wo-Chien|31\/100\n|move|p1a: Chi-Yu|Dark Pulse|p2b: Wo-Chien\n|-damage|p2b: Wo-Chien|0 fnt\n|faint|p2b: Wo-Chien\n|\n|win|19402u\n|raw|19402u's rating: 1472 → 1488<\/strong> (+16 for winning)\n|raw|WTFisThisEffinTeam's rating: 1404 → 1388<\/strong> (-16 for losing)\n","uploadtime":1682457003,"views":11,"p1id":"19402u","p2id":"wtfisthiseffinteam","formatid":"gen9vgc2023regulationc","rating":1388,"private":0,"password":""}