{"id":"gen9vgc2023regulationc-1863286242","p1":"smash strechem","p2":"ninooshawottvgc","format":"[Gen 9] VGC 2023 Regulation C","log":"|j|\u2606smash strechem\n|j|\u2606ninooshawottvgc\n|t:|1683998003\n|gametype|doubles\n|player|p1|smash strechem|red|1070\n|player|p2|ninooshawottvgc|101|1000\n|teamsize|p1|6\n|teamsize|p2|6\n|gen|9\n|tier|[Gen 9] VGC 2023 Regulation C\n|rated|\n|rule|Species Clause: Limit one of each Pok\u00e9mon\n|rule|Item Clause: Limit one of each item\n|clearpoke\n|poke|p1|Meowscarada, L50, M|\n|poke|p1|Volcarona, L50, F|\n|poke|p1|Dragapult, L50, M|\n|poke|p1|Scream Tail, L50|\n|poke|p1|Staraptor, L50, F|\n|poke|p1|Espathra, L50, F|\n|poke|p2|Meowscarada, L50, M|\n|poke|p2|Crocalor, L50, F|\n|poke|p2|Quaquaval, L50, F|\n|poke|p2|Chansey, L50, F|\n|poke|p2|Tauros-Paldea-Aqua, L50, M|\n|poke|p2|Gholdengo, L50|\n|teampreview|4\n|\n|t:|1683998027\n|start\n|switch|p1a: Volcarona|Volcarona, L50, F|100\/100\n|switch|p1b: Dragapult|Dragapult, L50, M|100\/100\n|switch|p2a: Meowscarada|Meowscarada, L50, M|100\/100\n|switch|p2b: Crocalor|Crocalor, L50, F|100\/100\n|turn|1\n|\n|t:|1683998058\n|switch|p2a: Tauros|Tauros-Paldea-Aqua, L50, M|100\/100\n|-ability|p2a: Tauros|Intimidate|boost\n|-unboost|p1a: Volcarona|atk|1\n|-fail|p1b: Dragapult|unboost|[from] ability: Clear Body|[of] p1b: Dragapult\n|-terastallize|p1b: Dragapult|Dragon\n|move|p1b: Dragapult|Dragon Darts|p2a: Tauros\n|-damage|p2a: Tauros|53\/100\n|-anim|p1b: Dragapult|Dragon Darts|p2b: Crocalor\n|-damage|p2b: Crocalor|41\/100\n|move|p1a: Volcarona|Heat Wave|p2b: Crocalor|[spread] p2a,p2b\n|-resisted|p2a: Tauros\n|-resisted|p2b: Crocalor\n|-damage|p2a: Tauros|17\/100\n|-damage|p2b: Crocalor|7\/100\n|-damage|p1a: Volcarona|91\/100|[from] item: Life Orb\n|move|p2b: Crocalor|Flame Charge|p1b: Dragapult\n|-resisted|p1b: Dragapult\n|-damage|p1b: Dragapult|84\/100\n|-boost|p2b: Crocalor|spe|1\n|\n|upkeep\n|turn|2\n|\n|t:|1683998086\n|switch|p1a: Espathra|Espathra, L50, F|100\/100\n|move|p1b: Dragapult|Dragon Darts|p2a: Tauros\n|-damage|p2a: Tauros|0 fnt\n|-anim|p1b: Dragapult|Dragon Darts|p2b: Crocalor\n|-crit|p2b: Crocalor\n|-damage|p2b: Crocalor|0 fnt\n|faint|p2a: Tauros\n|faint|p2b: Crocalor\n|\n|upkeep\n|\n|t:|1683998098\n|switch|p2a: Meowscarada|Meowscarada, L50, M|100\/100\n|switch|p2b: Gholdengo|Gholdengo, L50|100\/100\n|turn|3\n|\n|t:|1683998108\n|move|p1a: Espathra|Protect|p1a: Espathra\n|-singleturn|p1a: Espathra|Protect\n|move|p1b: Dragapult|Dragon Darts|p2a: Meowscarada\n|-damage|p2a: Meowscarada|24\/100\n|-anim|p1b: Dragapult|Dragon Darts|p2b: Gholdengo\n|-resisted|p2b: Gholdengo\n|-damage|p2b: Gholdengo|76\/100\n|move|p2a: Meowscarada|Energy Ball|p1b: Dragapult\n|-start|p2a: Meowscarada|typechange|Grass|[from] ability: Protean\n|-resisted|p1b: Dragapult\n|-damage|p1b: Dragapult|68\/100\n|move|p2b: Gholdengo|Thunder Wave|p1a: Espathra\n|-activate|p1a: Espathra|move: Protect\n|\n|-ability|p1a: Espathra|Speed Boost|boost\n|-boost|p1a: Espathra|spe|1\n|upkeep\n|turn|4\n|\n|t:|1683998133\n|move|p1b: Dragapult|Dragon Darts|p2a: Meowscarada\n|-damage|p2a: Meowscarada|0 fnt\n|-anim|p1b: Dragapult|Dragon Darts|p2b: Gholdengo\n|-resisted|p2b: Gholdengo\n|-damage|p2b: Gholdengo|50\/100\n|faint|p2a: Meowscarada\n|move|p1a: Espathra|Calm Mind|p1a: Espathra\n|-boost|p1a: Espathra|spa|1\n|-boost|p1a: Espathra|spd|1\n|move|p2b: Gholdengo|Psychic|p1a: Espathra\n|-resisted|p1a: Espathra\n|-damage|p1a: Espathra|86\/100\n|-damage|p2b: Gholdengo|41\/100|[from] item: Life Orb\n|\n|-heal|p1a: Espathra|92\/100|[from] item: Leftovers\n|-ability|p1a: Espathra|Speed Boost|boost\n|-boost|p1a: Espathra|spe|1\n|upkeep\n|turn|5\n|\n|t:|1683998150\n|move|p1a: Espathra|Stored Power|p2b: Gholdengo\n|-resisted|p2b: Gholdengo\n|-damage|p2b: Gholdengo|16\/100\n|move|p1b: Dragapult|Dragon Darts|p2b: Gholdengo\n|-resisted|p2b: Gholdengo\n|-damage|p2b: Gholdengo|0 fnt\n|faint|p2b: Gholdengo\n|\n|win|smash strechem\n|raw|smash strechem's rating: 1070 → 1094<\/strong> (+24 for winning)\n|raw|ninooshawottvgc's rating: 1000 → 1000<\/strong> (+0 for losing)\n|l|\u2606smash strechem\n","uploadtime":1683998162,"views":6,"p1id":"smashstrechem","p2id":"ninooshawottvgc","formatid":"gen9vgc2023regulationc","rating":1000,"private":0,"password":""}