{"id":"gen9vgc2023regulationc-1858660271","p1":"offofoff","p2":"twincell","format":"[Gen 9] VGC 2023 Regulation C","log":"|j|\u203doffofoff\n|j|\u2606twincell\n|inactive|Battle timer is ON: inactive players will automatically lose when time's up.\n|t:|1683338760\n|gametype|doubles\n|player|p1|offofoff|170|\n|player|p2|twincell|caitlin|\n|teamsize|p1|6\n|teamsize|p2|6\n|gen|9\n|tier|[Gen 9] VGC 2023 Regulation C\n|rated|Tournament battle\n|rule|Species Clause: Limit one of each Pok\u00e9mon\n|rule|Item Clause: Limit one of each item\n|clearpoke\n|poke|p1|Gothitelle, L50, F|\n|poke|p1|Chi-Yu, L50|\n|poke|p1|Dragapult, L50, M|\n|poke|p1|Chien-Pao, L50|\n|poke|p1|Flutter Mane, L50|\n|poke|p1|Scream Tail, L50|\n|poke|p2|Amoonguss, L50, M|\n|poke|p2|Flutter Mane, L50|\n|poke|p2|Iron Hands, L50|\n|poke|p2|Gothitelle, L50, F|\n|poke|p2|Salamence, L50, F|\n|poke|p2|Azumarill, L50, F|\n|teampreview|4\n|inactive|offofoff also wants the timer to be on.\n|inactive|offofoff has 60 seconds left.\n|inactive|twincell has 60 seconds left.\n|inactive|twincell has 30 seconds left.\n|\n|t:|1683338821\n|start\n|switch|p1a: Dragapult|Dragapult, L50, M|100\/100\n|switch|p1b: Chien-Pao|Chien-Pao, L50|100\/100\n|switch|p2a: Flutter Mane|Flutter Mane, L50|100\/100\n|switch|p2b: Salamence|Salamence, L50, F|100\/100\n|-ability|p1b: Chien-Pao|Sword of Ruin\n|-ability|p2b: Salamence|Intimidate|boost\n|-fail|p1a: Dragapult|unboost|[from] ability: Clear Body|[of] p1a: Dragapult\n|-unboost|p1b: Chien-Pao|atk|1\n|turn|1\n|inactive|offofoff has 30 seconds left.\n|inactive|twincell has 30 seconds left.\n|\n|t:|1683338848\n|-terastallize|p2b: Salamence|Steel\n|move|p2a: Flutter Mane|Protect|p2a: Flutter Mane\n|-singleturn|p2a: Flutter Mane|Protect\n|move|p1a: Dragapult|Phantom Force||[still]\n|-prepare|p1a: Dragapult|Phantom Force\n|move|p1b: Chien-Pao|Icicle Crash|p2b: Salamence|[miss]\n|-miss|p1b: Chien-Pao|p2b: Salamence\n|move|p2b: Salamence|Draco Meteor|p1a: Dragapult|[miss]\n|-miss|p2b: Salamence|p1a: Dragapult\n|\n|upkeep\n|turn|2\n|\n|t:|1683338865\n|-end|p2a: Flutter Mane|Protosynthesis|[silent]\n|switch|p2a: Azumarill|Azumarill, L50, F|100\/100\n|move|p1a: Dragapult|Phantom Force|p2a: Azumarill|[from]lockedmove\n|-damage|p2a: Azumarill|15\/100\n|-enditem|p2a: Azumarill|Sitrus Berry|[eat]\n|-heal|p2a: Azumarill|40\/100|[from] item: Sitrus Berry\n|move|p1b: Chien-Pao|Sacred Sword|p2b: Salamence\n|-supereffective|p2b: Salamence\n|-damage|p2b: Salamence|39\/100\n|move|p2b: Salamence|Draco Meteor|p1a: Dragapult\n|-supereffective|p1a: Dragapult\n|-damage|p1a: Dragapult|0 fnt\n|-unboost|p2b: Salamence|spa|2\n|faint|p1a: Dragapult\n|\n|upkeep\n|inactive|offofoff has 30 seconds left.\n|\n|t:|1683338891\n|switch|p1a: Flutter Mane|Flutter Mane, L50|100\/100\n|turn|3\n|\n|t:|1683338911\n|switch|p2b: Gothitelle|Gothitelle, L50, F|100\/100\n|move|p2a: Azumarill|Protect|p2a: Azumarill\n|-singleturn|p2a: Azumarill|Protect\n|move|p1b: Chien-Pao|Sacred Sword|p2b: Gothitelle\n|-resisted|p2b: Gothitelle\n|-damage|p2b: Gothitelle|89\/100\n|move|p1a: Flutter Mane|Hex|p2a: Azumarill\n|-activate|p2a: Azumarill|move: Protect\n|\n|upkeep\n|turn|4\n|\n|t:|1683338932\n|move|p1a: Flutter Mane|Hex|p2b: Gothitelle\n|-supereffective|p2b: Gothitelle\n|-enditem|p2b: Gothitelle|Kasib Berry|[eat]\n|-enditem|p2b: Gothitelle|Kasib Berry|[weaken]\n|-damage|p2b: Gothitelle|45\/100\n|move|p1b: Chien-Pao|Icicle Crash|p2a: Azumarill\n|-resisted|p2a: Azumarill\n|-damage|p2a: Azumarill|29\/100\n|move|p2a: Azumarill|Play Rough|p1b: Chien-Pao\n|-supereffective|p1b: Chien-Pao\n|-damage|p1b: Chien-Pao|26\/100\n|move|p2b: Gothitelle|Trick Room|p2b: Gothitelle\n|-fieldstart|move: Trick Room|[of] p2b: Gothitelle\n|\n|upkeep\n|turn|5\n|\n|t:|1683338951\n|move|p1b: Chien-Pao|Sucker Punch||[still]\n|-fail|p1b: Chien-Pao\n|move|p2a: Azumarill|Play Rough|p1b: Chien-Pao\n|-supereffective|p1b: Chien-Pao\n|-damage|p1b: Chien-Pao|0 fnt\n|faint|p1b: Chien-Pao\n|move|p2b: Gothitelle|Heal Pulse|p2a: Azumarill\n|-heal|p2a: Azumarill|80\/100\n|move|p1a: Flutter Mane|Hex|p2a: Azumarill\n|-damage|p2a: Azumarill|30\/100\n|\n|upkeep\n|\n|t:|1683338962\n|switch|p1b: Scream Tail|Scream Tail, L50|100\/100\n|turn|6\n|\n|t:|1683338977\n|move|p2a: Azumarill|Perish Song|p2a: Azumarill\n|-start|p1a: Flutter Mane|perish3|[silent]\n|-start|p1b: Scream Tail|perish3|[silent]\n|-start|p2a: Azumarill|perish3|[silent]\n|-start|p2b: Gothitelle|perish3|[silent]\n|-fieldactivate|move: Perish Song\n|move|p2b: Gothitelle|Heal Pulse|p2a: Azumarill\n|-heal|p2a: Azumarill|80\/100\n|move|p1b: Scream Tail|Sing|p2a: Azumarill\n|-status|p2a: Azumarill|slp|[from] move: Sing\n|move|p1a: Flutter Mane|Hex|p2b: Gothitelle\n|-supereffective|p2b: Gothitelle\n|-damage|p2b: Gothitelle|0 fnt\n|faint|p2b: Gothitelle\n|\n|-start|p2a: Azumarill|perish3\n|-start|p1b: Scream Tail|perish3\n|-start|p1a: Flutter Mane|perish3\n|upkeep\n|\n|t:|1683338996\n|switch|p2b: Flutter Mane|Flutter Mane, L50|100\/100\n|turn|7\n|\n|t:|1683339010\n|-end|p2b: Flutter Mane|Protosynthesis|[silent]\n|switch|p2b: Salamence|Salamence, L50, F, tera:Steel|39\/100\n|-ability|p2b: Salamence|Intimidate|boost\n|-unboost|p1a: Flutter Mane|atk|1\n|-unboost|p1b: Scream Tail|atk|1\n|cant|p2a: Azumarill|slp\n|move|p1b: Scream Tail|Sing|p2b: Salamence|[miss]\n|-miss|p1b: Scream Tail|p2b: Salamence\n|-enditem|p1b: Scream Tail|Blunder Policy\n|-boost|p1b: Scream Tail|spe|2\n|move|p1a: Flutter Mane|Hex|p2b: Salamence\n|-damage|p2b: Salamence|0 fnt\n|faint|p2b: Salamence\n|\n|-start|p2a: Azumarill|perish2\n|-start|p1a: Flutter Mane|perish2\n|-start|p1b: Scream Tail|perish2\n|upkeep\n|\n|t:|1683339012\n|switch|p2b: Flutter Mane|Flutter Mane, L50|100\/100\n|turn|8\n|inactive|offofoff has 30 seconds left.\n|\n|t:|1683339039\n|cant|p2a: Azumarill|slp\n|move|p2b: Flutter Mane|Protect|p2b: Flutter Mane\n|-singleturn|p2b: Flutter Mane|Protect\n|move|p1a: Flutter Mane|Hex|p2b: Flutter Mane\n|-activate|p2b: Flutter Mane|move: Protect\n|move|p1b: Scream Tail|Disable|p2a: Azumarill\n|-start|p2a: Azumarill|Disable|Perish Song\n|\n|-start|p2a: Azumarill|perish1\n|-start|p1a: Flutter Mane|perish1\n|-start|p1b: Scream Tail|perish1\n|-fieldend|move: Trick Room\n|upkeep\n|turn|9\n|\n|t:|1683339051\n|move|p1b: Scream Tail|Helping Hand|p1a: Flutter Mane\n|-singleturn|p1a: Flutter Mane|Helping Hand|[of] p1b: Scream Tail\n|cant|p2a: Azumarill|slp\n|move|p1a: Flutter Mane|Hex|p2b: Flutter Mane\n|-supereffective|p2b: Flutter Mane\n|-crit|p2b: Flutter Mane\n|-damage|p2b: Flutter Mane|0 fnt\n|faint|p2b: Flutter Mane\n|-end|p2b: Flutter Mane|Protosynthesis|[silent]\n|\n|-start|p1b: Scream Tail|perish0\n|-start|p1a: Flutter Mane|perish0\n|-start|p2a: Azumarill|perish0\n|upkeep\n|faint|p1b: Scream Tail\n|-end|p1b: Scream Tail|Protosynthesis|[silent]\n|faint|p1a: Flutter Mane\n|-end|p1a: Flutter Mane|Protosynthesis|[silent]\n|faint|p2a: Azumarill\n|\n|win|twincell\n|n|\u203doffofoff|offofoff\n|n|\u2606twincell|twincell\n","uploadtime":1683339052,"views":10,"p1id":"offofoff","p2id":"twincell","formatid":"gen9vgc2023regulationc","rating":0,"private":0,"password":""}