{"id":"gen9vgc2023regulationc-1860833934","p1":"JayMcG1010","p2":"Can'tStopFalling","format":"[Gen 9] VGC 2023 Regulation C","log":"|j|\u2606JayMcG1010\n|j|\u2606Can'tStopFalling\n|t:|1683683548\n|gametype|doubles\n|player|p1|JayMcG1010|101|\n|player|p2|Can'tStopFalling|parasollady|\n|teamsize|p1|6\n|teamsize|p2|6\n|gen|9\n|tier|[Gen 9] VGC 2023 Regulation C\n|rule|Species Clause: Limit one of each Pok\u00e9mon\n|rule|Item Clause: Limit one of each item\n|clearpoke\n|poke|p1|Orthworm, L50, M|\n|poke|p1|Garganacl, L50, M|\n|poke|p1|Flutter Mane, L50|\n|poke|p1|Ting-Lu, L50|\n|poke|p1|Amoonguss, L50, F|\n|poke|p1|Dragonite, L50, F|\n|poke|p2|Iron Bundle, L50|\n|poke|p2|Amoonguss, L50, F|\n|poke|p2|Arcanine, L50, F|\n|poke|p2|Flutter Mane, L50|\n|poke|p2|Stonjourner, L50, M|\n|poke|p2|Farigiraf, L50, F|\n|teampreview|4\nCan'tStopFalling has agreed to open team sheets.\n|c|\u2606JayMcG1010|g2\nJayMcG1010 has agreed to open team sheets.\n|c|\u2606JayMcG1010|glhf\n|c|\u2606Can'tStopFalling|glhf\n|\n|t:|1683683907\n|start\n|switch|p1a: Flutter Mane|Flutter Mane, L50|100\/100\n|switch|p1b: Orthworm|Orthworm, L50, M, shiny|100\/100\n|switch|p2a: Papaya|Stonjourner, L50, M|100\/100\n|switch|p2b: Parchita|Flutter Mane, L50|100\/100\n|turn|1\n|\n|t:|1683683937\n|-terastallize|p2b: Parchita|Fairy\n|move|p1a: Flutter Mane|Moonblast|p2a: Papaya\n|-enditem|p2a: Papaya|Focus Sash\n|-damage|p2a: Papaya|1\/100\n|-damage|p1a: Flutter Mane|91\/100|[from] item: Life Orb\n|move|p2b: Parchita|Dazzling Gleam|p1a: Flutter Mane|[spread] p1a,p1b\n|-resisted|p1b: Orthworm\n|-damage|p1a: Flutter Mane|32\/100\n|-damage|p1b: Orthworm|58\/100\n|-damage|p2b: Parchita|91\/100|[from] item: Life Orb\n|move|p2a: Papaya|Rock Slide|p1a: Flutter Mane|[spread] p1a,p1b\n|-resisted|p1b: Orthworm\n|-damage|p1a: Flutter Mane|0 fnt\n|-damage|p1b: Orthworm|47\/100\n|-enditem|p1b: Orthworm|Sitrus Berry|[eat]\n|-heal|p1b: Orthworm|72\/100|[from] item: Sitrus Berry\n|faint|p1a: Flutter Mane\n|-end|p1a: Flutter Mane|Protosynthesis|[silent]\n|move|p1b: Orthworm|Heavy Slam|p2b: Parchita\n|-supereffective|p2b: Parchita\n|-damage|p2b: Parchita|0 fnt\n|faint|p2b: Parchita\n|-end|p2b: Parchita|Protosynthesis|[silent]\n|\n|upkeep\n|\n|t:|1683683962\n|switch|p1a: Garganacl|Garganacl, L50, M, shiny|100\/100\n|switch|p2b: Frambuesa|Iron Bundle, L50|100\/100\n|-enditem|p2b: Frambuesa|Booster Energy\n|-activate|p2b: Frambuesa|ability: Quark Drive|[fromitem]\n|-start|p2b: Frambuesa|quarkdrivespe\n|turn|2\n|\n|t:|1683684007\n|switch|p2a: Naranja|Amoonguss, L50, F|100\/100\n|-terastallize|p1a: Garganacl|Poison\n|move|p2b: Frambuesa|Protect|p2b: Frambuesa\n|-singleturn|p2b: Frambuesa|Protect\n|move|p1b: Orthworm|Body Press|p2a: Naranja\n|-resisted|p2a: Naranja\n|-damage|p2a: Naranja|89\/100\n|move|p1a: Garganacl|Salt Cure|p2b: Frambuesa\n|-activate|p2b: Frambuesa|move: Protect\n|\n|upkeep\n|turn|3\n|\n|t:|1683684033\n|move|p2a: Naranja|Rage Powder|p2a: Naranja\n|-singleturn|p2a: Naranja|move: Rage Powder\n|move|p2b: Frambuesa|Hydro Pump|p1b: Orthworm\n|-damage|p1b: Orthworm|6\/100\n|move|p1b: Orthworm|Shed Tail|p1b: Orthworm\n|-fail|p1b: Orthworm|move: Shed Tail|[weak]\n|move|p1a: Garganacl|Salt Cure|p2a: Naranja\n|-damage|p2a: Naranja|75\/100\n|-start|p2a: Naranja|Salt Cure\n|\n|-damage|p2a: Naranja|63\/100|[from] Salt Cure\n|upkeep\n|turn|4\n|\n|t:|1683684053\n|move|p2b: Frambuesa|Protect|p2b: Frambuesa\n|-singleturn|p2b: Frambuesa|Protect\n|move|p1b: Orthworm|Body Press|p2b: Frambuesa\n|-activate|p2b: Frambuesa|move: Protect\n|move|p1a: Garganacl|Fissure|p2b: Frambuesa\n|-activate|p2b: Frambuesa|move: Protect\n|move|p2a: Naranja|Spore|p1b: Orthworm\n|-status|p1b: Orthworm|slp|[from] move: Spore\n|\n|-damage|p2a: Naranja|51\/100|[from] Salt Cure\n|upkeep\n|turn|5\n|\n|t:|1683684075\n|move|p2a: Naranja|Rage Powder|p2a: Naranja\n|-singleturn|p2a: Naranja|move: Rage Powder\n|move|p2b: Frambuesa|Hydro Pump|p1a: Garganacl|[miss]\n|-miss|p2b: Frambuesa|p1a: Garganacl\n|cant|p1b: Orthworm|slp\n|move|p1a: Garganacl|Fissure|p2a: Naranja|[miss]\n|-miss|p1a: Garganacl|p2a: Naranja\n|\n|-damage|p2a: Naranja|39\/100|[from] Salt Cure\n|upkeep\n|-enditem|p2a: Naranja|Sitrus Berry|[eat]\n|-heal|p2a: Naranja|64\/100|[from] item: Sitrus Berry\n|turn|6\n|\n|t:|1683684098\n|move|p2a: Naranja|Rage Powder|p2a: Naranja\n|-singleturn|p2a: Naranja|move: Rage Powder\n|move|p2b: Frambuesa|Icy Wind|p1b: Orthworm|[spread] p1a,p1b\n|-resisted|p1b: Orthworm\n|-damage|p1a: Garganacl|86\/100\n|-damage|p1b: Orthworm|0 fnt\n|-unboost|p1a: Garganacl|spe|1\n|faint|p1b: Orthworm\n|move|p1a: Garganacl|Salt Cure|p2a: Naranja\n|-damage|p2a: Naranja|51\/100\n|\n|-heal|p1a: Garganacl|91\/100|[from] item: Leftovers\n|-damage|p2a: Naranja|39\/100|[from] Salt Cure\n|upkeep\n|\n|t:|1683684109\n|switch|p1b: Ting-Lu|Ting-Lu, L50|100\/100\n|-ability|p1b: Ting-Lu|Vessel of Ruin\n|turn|7\n|\n|t:|1683684129\n|move|p2b: Frambuesa|Protect|p2b: Frambuesa\n|-singleturn|p2b: Frambuesa|Protect\n|move|p1b: Ting-Lu|Stomping Tantrum|p2a: Naranja\n|-damage|p2a: Naranja|12\/100\n|move|p1a: Garganacl|Salt Cure|p2b: Frambuesa\n|-activate|p2b: Frambuesa|move: Protect\n|move|p2a: Naranja|Spore|p1b: Ting-Lu\n|-status|p1b: Ting-Lu|slp|[from] move: Spore\n|\n|-heal|p1a: Garganacl|97\/100|[from] item: Leftovers\n|-damage|p2a: Naranja|0 fnt|[from] Salt Cure\n|faint|p2a: Naranja\n|upkeep\n|\n|t:|1683684132\n|switch|p2a: Papaya|Stonjourner, L50, M|1\/100\n|turn|8\n|\n|t:|1683684150\n|move|p2b: Frambuesa|Hydro Pump|p1b: Ting-Lu\n|-supereffective|p1b: Ting-Lu\n|-damage|p1b: Ting-Lu|55\/100 slp\n|move|p2a: Papaya|Low Kick|p1b: Ting-Lu\n|-supereffective|p1b: Ting-Lu\n|-damage|p1b: Ting-Lu|2\/100 slp\n|cant|p1b: Ting-Lu|slp\n|move|p1a: Garganacl|Salt Cure|p2a: Papaya\n|-damage|p2a: Papaya|0 fnt\n|faint|p2a: Papaya\n|\n|-heal|p1a: Garganacl|100\/100|[from] item: Leftovers\n|upkeep\n|turn|9\n|\n|t:|1683684165\n|move|p2b: Frambuesa|Icy Wind|p1b: Ting-Lu|[spread] p1a,p1b\n|-supereffective|p1b: Ting-Lu\n|-damage|p1a: Garganacl|89\/100\n|-damage|p1b: Ting-Lu|0 fnt\n|-unboost|p1a: Garganacl|spe|1\n|faint|p1b: Ting-Lu\n|move|p1a: Garganacl|Salt Cure|p2b: Frambuesa\n|-supereffective|p2b: Frambuesa\n|-damage|p2b: Frambuesa|68\/100\n|-start|p2b: Frambuesa|Salt Cure\n|\n|-heal|p1a: Garganacl|95\/100|[from] item: Leftovers\n|-damage|p2b: Frambuesa|44\/100|[from] Salt Cure\n|upkeep\n|turn|10\n|\n|t:|1683684176\n|move|p1a: Garganacl|Protect|p1a: Garganacl\n|-singleturn|p1a: Garganacl|Protect\n|move|p2b: Frambuesa|Hydro Pump|p1a: Garganacl\n|-activate|p1a: Garganacl|move: Protect\n|\n|-heal|p1a: Garganacl|100\/100|[from] item: Leftovers\n|-damage|p2b: Frambuesa|20\/100|[from] Salt Cure\n|upkeep\n|turn|11\n|\n|t:|1683684184\n|move|p2b: Frambuesa|Hydro Pump|p1a: Garganacl|[miss]\n|-miss|p2b: Frambuesa|p1a: Garganacl\n|move|p1a: Garganacl|Recover||[still]\n|-fail|p1a: Garganacl|heal\n|\n|-damage|p2b: Frambuesa|0 fnt|[from] Salt Cure\n|faint|p2b: Frambuesa\n|-end|p2b: Frambuesa|Quark Drive|[silent]\n|\n|win|JayMcG1010\n|upkeep\n|c|\u2606JayMcG1010|gg\n|c|\u2606Can'tStopFalling|gg\n","uploadtime":1683684195,"views":17,"p1id":"jaymcg1010","p2id":"cantstopfalling","formatid":"gen9vgc2023regulationc","rating":0,"private":0,"password":""}