{"id":"gen9vgc2023regulationc-1863496943","p1":"mathtass","p2":"Livnlarge27","format":"[Gen 9] VGC 2023 Regulation C","log":"|j|\u2606mathtass\n|j|\u2606Livnlarge27\n|t:|1684025404\n|gametype|doubles\n|player|p1|mathtass|1|1427\n|player|p2|Livnlarge27|silver|1552\n|teamsize|p1|6\n|teamsize|p2|6\n|gen|9\n|tier|[Gen 9] VGC 2023 Regulation C\n|rated|\n|rule|Species Clause: Limit one of each Pok\u00e9mon\n|rule|Item Clause: Limit one of each item\n|clearpoke\n|poke|p1|Amoonguss, L50, F|\n|poke|p1|Chi-Yu, L50|\n|poke|p1|Arcanine, L50, F|\n|poke|p1|Dragonite, L50, M|\n|poke|p1|Flutter Mane, L50|\n|poke|p1|Iron Hands, L50|\n|poke|p2|Iron Hands, L50|\n|poke|p2|Iron Jugulis, L50|\n|poke|p2|Baxcalibur, L50, M|\n|poke|p2|Gholdengo, L50|\n|poke|p2|Chien-Pao, L50|\n|poke|p2|Arcanine, L50, M|\n|teampreview|4\n|inactive|Battle timer is ON: inactive players will automatically lose when time's up. (requested by Livnlarge27)\n|inactive|mathtass has 60 seconds left.\n|inactive|Livnlarge27 has 60 seconds left.\n|\n|t:|1684025463\n|start\n|switch|p1a: Simba|Arcanine, L50, F, shiny|100\/100\n|switch|p1b: Iron Man|Iron Hands, L50, shiny|100\/100\n|switch|p2a: Gholdengo|Gholdengo, L50|100\/100\n|switch|p2b: Iron Hands|Iron Hands, L50|100\/100\n|-ability|p1a: Simba|Intimidate|boost\n|-unboost|p2a: Gholdengo|atk|1\n|-unboost|p2b: Iron Hands|atk|1\n|turn|1\n|\n|t:|1684025475\n|switch|p2a: Baxcalibur|Baxcalibur, L50, M|100\/100\n|move|p2b: Iron Hands|Fake Out|p1b: Iron Man\n|-damage|p1b: Iron Man|93\/100\n|cant|p1b: Iron Man|flinch\n|move|p1a: Simba|Howl|p1a: Simba|[spread] p1a,p1b\n|-boost|p1a: Simba|atk|1\n|-boost|p1b: Iron Man|atk|1\n|\n|upkeep\n|turn|2\n|\n|t:|1684025489\n|-end|p2b: Iron Hands|Quark Drive|[silent]\n|switch|p2b: Iron Jugulis|Iron Jugulis, L50|100\/100\n|-enditem|p2b: Iron Jugulis|Booster Energy\n|-activate|p2b: Iron Jugulis|ability: Quark Drive|[fromitem]\n|-start|p2b: Iron Jugulis|quarkdrivespe\n|-terastallize|p2a: Baxcalibur|Ground\n|move|p1a: Simba|Will-O-Wisp|p2b: Iron Jugulis\n|-status|p2b: Iron Jugulis|brn\n|move|p2a: Baxcalibur|Earthquake|p1a: Simba|[spread] p1a,p1b\n|-immune|p2b: Iron Jugulis\n|-supereffective|p1a: Simba\n|-supereffective|p1b: Iron Man\n|-damage|p1a: Simba|2\/100\n|-damage|p1b: Iron Man|30\/100\n|-enditem|p1a: Simba|Sitrus Berry|[eat]\n|-heal|p1a: Simba|27\/100|[from] item: Sitrus Berry\n|move|p1b: Iron Man|Drain Punch|p2b: Iron Jugulis\n|-damage|p2b: Iron Jugulis|34\/100 brn\n|-heal|p1b: Iron Man|53\/100|[from] drain|[of] p2b: Iron Jugulis\n|\n|-damage|p2b: Iron Jugulis|28\/100 brn|[from] brn\n|upkeep\n|turn|3\n|inactive|mathtass has 30 seconds left.\n|inactive|Livnlarge27 has 30 seconds left.\n|\n|t:|1684025522\n|move|p2b: Iron Jugulis|Tailwind|p2b: Iron Jugulis\n|-sidestart|p2: Livnlarge27|move: Tailwind\n|move|p2a: Baxcalibur|Earthquake|p1b: Iron Man|[spread] p1a,p1b\n|-immune|p2b: Iron Jugulis\n|-supereffective|p1a: Simba\n|-supereffective|p1b: Iron Man\n|-damage|p1a: Simba|0 fnt\n|-damage|p1b: Iron Man|0 fnt\n|faint|p1a: Simba\n|faint|p1b: Iron Man\n|-end|p1b: Iron Man|Quark Drive|[silent]\n|\n|-damage|p2b: Iron Jugulis|22\/100 brn|[from] brn\n|upkeep\n|\n|t:|1684025529\n|switch|p1a: Lady Mane|Flutter Mane, L50, shiny|100\/100\n|switch|p1b: Blaze|Chi-Yu, L50|100\/100\n|-ability|p1b: Blaze|Beads of Ruin\n|turn|4\n|\n|t:|1684025539\n|move|p1a: Lady Mane|Protect|p1a: Lady Mane\n|-singleturn|p1a: Lady Mane|Protect\n|move|p1b: Blaze|Protect|p1b: Blaze\n|-singleturn|p1b: Blaze|Protect\n|move|p2b: Iron Jugulis|Air Slash|p1b: Blaze\n|-activate|p1b: Blaze|move: Protect\n|move|p2a: Baxcalibur|Earthquake|p1a: Lady Mane|[spread] \n|-activate|p1a: Lady Mane|move: Protect\n|-activate|p1b: Blaze|move: Protect\n|-immune|p2b: Iron Jugulis\n|\n|-damage|p2b: Iron Jugulis|16\/100 brn|[from] brn\n|upkeep\n|turn|5\n|\n|t:|1684025550\n|-terastallize|p1b: Blaze|Grass\n|move|p2b: Iron Jugulis|Flash Cannon|p1a: Lady Mane\n|-supereffective|p1a: Lady Mane\n|-damage|p1a: Lady Mane|30\/100\n|move|p2a: Baxcalibur|Earthquake|p1a: Lady Mane|[spread] p1a,p1b\n|-immune|p2b: Iron Jugulis\n|-resisted|p1b: Blaze\n|-damage|p1a: Lady Mane|0 fnt\n|-damage|p1b: Blaze|60\/100\n|faint|p1a: Lady Mane\n|-end|p1a: Lady Mane|Protosynthesis|[silent]\n|move|p1b: Blaze|Dark Pulse|p2a: Baxcalibur\n|-damage|p2a: Baxcalibur|57\/100\n|-damage|p1b: Blaze|50\/100|[from] item: Life Orb\n|\n|-damage|p2b: Iron Jugulis|11\/100 brn|[from] brn\n|upkeep\n|turn|6\n|\n|t:|1684025560\n|move|p1b: Blaze|Protect|p1b: Blaze\n|-singleturn|p1b: Blaze|Protect\n|move|p2b: Iron Jugulis|Air Slash|p1b: Blaze\n|-activate|p1b: Blaze|move: Protect\n|move|p2a: Baxcalibur|Icicle Crash|p1b: Blaze\n|-activate|p1b: Blaze|move: Protect\n|\n|-damage|p2b: Iron Jugulis|5\/100 brn|[from] brn\n|-sideend|p2: Livnlarge27|move: Tailwind\n|upkeep\n|turn|7\n|\n|t:|1684025568\n|move|p2a: Baxcalibur|Ice Shard|p1b: Blaze\n|-supereffective|p1b: Blaze\n|-damage|p1b: Blaze|0 fnt\n|faint|p1b: Blaze\n|\n|win|Livnlarge27\n|raw|mathtass's rating: 1427 → 1414<\/strong> (-13 for losing)\n|raw|Livnlarge27's rating: 1552 → 1565<\/strong> (+13 for winning)\n","uploadtime":1684025571,"views":10,"p1id":"mathtass","p2id":"livnlarge27","formatid":"gen9vgc2023regulationc","rating":1414,"private":0,"password":""}