{"id":"gen9vgc2023regulationc-1847497608","p1":"StrawHatRonin","p2":"13.1.4.5 nlght","format":"[Gen 9] VGC 2023 Regulation C","log":"|j|\u2606StrawHatRonin\n|j|\u260613.1.4.5 nlght\n|t:|1681962814\n|gametype|doubles\n|player|p1|StrawHatRonin|morty|1236\n|player|p2|13.1.4.5 nlght|fisherman-gen4|1268\n|teamsize|p1|6\n|teamsize|p2|6\n|gen|9\n|tier|[Gen 9] VGC 2023 Regulation C\n|rated|\n|rule|Species Clause: Limit one of each Pok\u00e9mon\n|rule|Item Clause: Limit one of each item\n|clearpoke\n|poke|p1|Maushold, L50|\n|poke|p1|Annihilape, L50, M|\n|poke|p1|Arcanine, L50, F|\n|poke|p1|Amoonguss, L50, M|\n|poke|p1|Gastrodon-East, L50, F|\n|poke|p1|Tsareena, L50, F|\n|poke|p2|Wo-Chien, L50|\n|poke|p2|Arcanine, L50, M|\n|poke|p2|Glimmora, L50, F|\n|poke|p2|Palafin, L50, M|\n|poke|p2|Amoonguss, L50, M|\n|poke|p2|Ting-Lu, L50|\n|teampreview|4\n|inactive|Battle timer is ON: inactive players will automatically lose when time's up. (requested by 13.1.4.5 nlght)\n|inactive|StrawHatRonin also wants the timer to be on.\n|\n|t:|1681962833\n|start\n|switch|p1a: Amoonguss|Amoonguss, L50, M|100\/100\n|switch|p1b: Annihilape|Annihilape, L50, M|100\/100\n|switch|p2a: Ting-Lu|Ting-Lu, L50|100\/100\n|switch|p2b: Glimmora|Glimmora, L50, F|100\/100\n|-ability|p2a: Ting-Lu|Vessel of Ruin\n|turn|1\n|\n|t:|1681962853\n|move|p2b: Glimmora|Mortal Spin|p1b: Annihilape|[spread] p1a,p1b\n|-resisted|p1b: Annihilape\n|-damage|p1a: Amoonguss|96\/100\n|-damage|p1b: Annihilape|98\/100\n|-status|p1b: Annihilape|psn\n|-damage|p2b: Glimmora|84\/100|[from] item: Rocky Helmet|[of] p1a: Amoonguss\n|move|p1b: Annihilape|Bulk Up|p1b: Annihilape\n|-boost|p1b: Annihilape|atk|1\n|-boost|p1b: Annihilape|def|1\n|move|p2a: Ting-Lu|Throat Chop|p1a: Amoonguss\n|-damage|p1a: Amoonguss|72\/100\n|-start|p1a: Amoonguss|Throat Chop|[silent]\n|-damage|p2a: Ting-Lu|84\/100|[from] item: Rocky Helmet|[of] p1a: Amoonguss\n|move|p1a: Amoonguss|Spore|p2a: Ting-Lu\n|-status|p2a: Ting-Lu|slp|[from] move: Spore\n|\n|-heal|p1b: Annihilape|100\/100 psn|[from] item: Leftovers\n|-damage|p1b: Annihilape|88\/100 psn|[from] psn\n|upkeep\n|turn|2\n|inactive|13.1.4.5 nlght has 30 seconds left.\n|\n|t:|1681962879\n|move|p2b: Glimmora|Power Gem|p1a: Amoonguss\n|-damage|p1a: Amoonguss|45\/100\n|move|p1b: Annihilape|Bulk Up|p1b: Annihilape\n|-boost|p1b: Annihilape|atk|1\n|-boost|p1b: Annihilape|def|1\n|move|p1a: Amoonguss|Spore|p2b: Glimmora\n|-status|p2b: Glimmora|slp|[from] move: Spore\n|cant|p2a: Ting-Lu|slp\n|\n|-heal|p1b: Annihilape|94\/100 psn|[from] item: Leftovers\n|-damage|p1b: Annihilape|82\/100 psn|[from] psn\n|-end|p1a: Amoonguss|Throat Chop|[silent]\n|upkeep\n|turn|3\n|\n|t:|1681962903\n|switch|p1a: Gastrodon|Gastrodon-East, L50, F|100\/100\n|cant|p2b: Glimmora|slp\n|move|p1b: Annihilape|Drain Punch|p2b: Glimmora\n|-damage|p2b: Glimmora|6\/100 slp\n|-heal|p1b: Annihilape|100\/100 psn|[from] drain|[of] p2b: Glimmora\n|-activate|p2b: Glimmora|ability: Toxic Debris\n|-sidestart|p1: StrawHatRonin|move: Toxic Spikes\n|cant|p2a: Ting-Lu|slp\n|\n|-damage|p1b: Annihilape|88\/100 psn|[from] psn\n|upkeep\n|turn|4\n|\n|t:|1681962921\n|cant|p2b: Glimmora|slp\n|move|p1b: Annihilape|Drain Punch|p2a: Ting-Lu\n|-supereffective|p2a: Ting-Lu\n|-damage|p2a: Ting-Lu|10\/100 slp\n|-heal|p1b: Annihilape|100\/100 psn|[from] drain|[of] p2a: Ting-Lu\n|-enditem|p2a: Ting-Lu|Figy Berry|[eat]\n|-heal|p2a: Ting-Lu|43\/100 slp|[from] item: Figy Berry\n|move|p1a: Gastrodon|Icy Wind|p2b: Glimmora|[spread] p2a,p2b\n|-supereffective|p2a: Ting-Lu\n|-damage|p2a: Ting-Lu|34\/100 slp\n|-damage|p2b: Glimmora|0 fnt\n|-unboost|p2a: Ting-Lu|spe|1\n|faint|p2b: Glimmora\n|cant|p2a: Ting-Lu|slp\n|\n|-damage|p1b: Annihilape|88\/100 psn|[from] psn\n|upkeep\n|\n|t:|1681962928\n|switch|p2b: Wo-Chien|Wo-Chien, L50|100\/100\n|-ability|p2b: Wo-Chien|Tablets of Ruin\n|turn|5\n|\n|t:|1681962949\n|move|p1b: Annihilape|Drain Punch|p2a: Ting-Lu\n|-supereffective|p2a: Ting-Lu\n|-damage|p2a: Ting-Lu|0 fnt\n|-heal|p1b: Annihilape|100\/100 psn|[from] drain|[of] p2a: Ting-Lu\n|faint|p2a: Ting-Lu\n|move|p2b: Wo-Chien|Leech Seed|p1a: Gastrodon\n|-start|p1a: Gastrodon|move: Leech Seed\n|move|p1a: Gastrodon|Yawn|p2b: Wo-Chien\n|-start|p2b: Wo-Chien|move: Yawn|[of] p1a: Gastrodon\n|\n|-damage|p1a: Gastrodon|88\/100|[from] Leech Seed|[of] p2b: Wo-Chien\n|-damage|p1b: Annihilape|88\/100 psn|[from] psn\n|upkeep\n|\n|t:|1681962952\n|switch|p2a: Arcanine|Arcanine, L50, M|100\/100\n|-ability|p2a: Arcanine|Intimidate|boost\n|-unboost|p1a: Gastrodon|atk|1\n|-unboost|p1b: Annihilape|atk|1\n|-ability|p1b: Annihilape|Defiant|boost\n|-boost|p1b: Annihilape|atk|2\n|turn|6\n|-message|13.1.4.5 nlght forfeited.\n|\n|win|StrawHatRonin\n|raw|StrawHatRonin's rating: 1236 → 1263<\/strong> (+27 for winning)\n|raw|13.1.4.5 nlght's rating: 1268 → 1241<\/strong> (-27 for losing)\n|l|\u260613.1.4.5 nlght\n|l|\u2606StrawHatRonin\n|j|\u2606StrawHatRonin\n|player|p1|StrawHatRonin|morty\n","uploadtime":1681963073,"views":10,"p1id":"strawhatronin","p2id":"13145nlght","formatid":"gen9vgc2023regulationc","rating":1241,"private":0,"password":""}