{"id":"gen9vgc2023regulationc-1860012856","p1":"InabaRin","p2":"vicburgos","format":"[Gen 9] VGC 2023 Regulation C","log":"|j|\u2606InabaRin\n|j|\u2606vicburgos\n|t:|1683585055\n|gametype|doubles\n|player|p1|InabaRin|lass-gen4dp|1544\n|player|p2|vicburgos|266|1531\n|teamsize|p1|6\n|teamsize|p2|6\n|gen|9\n|tier|[Gen 9] VGC 2023 Regulation C\n|rated|\n|rule|Species Clause: Limit one of each Pok\u00e9mon\n|rule|Item Clause: Limit one of each item\n|clearpoke\n|poke|p1|Murkrow, L50, M|\n|poke|p1|Flutter Mane, L50|\n|poke|p1|Chi-Yu, L50|\n|poke|p1|Iron Bundle, L50|\n|poke|p1|Meowscarada, L50, M|\n|poke|p1|Great Tusk, L50|\n|poke|p2|Grimmsnarl, L50, M|\n|poke|p2|Vaporeon, L50, M|\n|poke|p2|Goodra, L50, M|\n|poke|p2|Flutter Mane, L50|\n|poke|p2|Chi-Yu, L50|\n|poke|p2|Annihilape, L50, F|\n|teampreview|4\n|inactive|Battle timer is ON: inactive players will automatically lose when time's up. (requested by InabaRin)\n|inactive|vicburgos has 60 seconds left.\nvicburgos has agreed to open team sheets.\n|inactive|vicburgos has 30 seconds left.\n|inactive|vicburgos has 20 seconds left.\n|inactive|vicburgos has 15 seconds left.\n|inactive|vicburgos has 10 seconds left.\n|inactive|vicburgos has 5 seconds left.\n|\n|t:|1683585141\n|start\n|switch|p1a: Iron Bundle|Iron Bundle, L50|100\/100\n|switch|p1b: Chi-Yu|Chi-Yu, L50|100\/100\n|switch|p2a: Grimmsnarl|Grimmsnarl, L50, M|100\/100\n|switch|p2b: Goodra|Goodra, L50, M|100\/100\n|-ability|p1b: Chi-Yu|Beads of Ruin\n|-enditem|p1a: Iron Bundle|Booster Energy\n|-activate|p1a: Iron Bundle|ability: Quark Drive|[fromitem]\n|-start|p1a: Iron Bundle|quarkdrivespe\n|turn|1\n|inactive|vicburgos has 30 seconds left.\n|\n|t:|1683585168\n|move|p2b: Goodra|Protect|p2b: Goodra\n|-singleturn|p2b: Goodra|Protect\n|move|p1a: Iron Bundle|Freeze-Dry|p2b: Goodra\n|-activate|p2b: Goodra|move: Protect\n|move|p1b: Chi-Yu|Heat Wave|p2a: Grimmsnarl|[spread] p2a\n|-activate|p2b: Goodra|move: Protect\n|-damage|p2a: Grimmsnarl|21\/100\n|-damage|p1b: Chi-Yu|91\/100|[from] item: Life Orb\n|move|p2a: Grimmsnarl|Spirit Break|p1a: Iron Bundle\n|-damage|p1a: Iron Bundle|47\/100\n|-unboost|p1a: Iron Bundle|spa|1\n|\n|upkeep\n|turn|2\n|\n|t:|1683585186\n|move|p2a: Grimmsnarl|Light Screen|p2a: Grimmsnarl\n|-sidestart|p2: vicburgos|move: Light Screen\n|move|p1a: Iron Bundle|Freeze-Dry|p2b: Goodra\n|-supereffective|p2b: Goodra\n|-damage|p2b: Goodra|74\/100\n|move|p1b: Chi-Yu|Heat Wave|p2a: Grimmsnarl|[spread] p2a,p2b\n|-resisted|p2b: Goodra\n|-damage|p2a: Grimmsnarl|0 fnt\n|-damage|p2b: Goodra|59\/100\n|faint|p2a: Grimmsnarl\n|-damage|p1b: Chi-Yu|81\/100|[from] item: Life Orb\n|move|p2b: Goodra|Sludge Bomb|p1a: Iron Bundle\n|-damage|p1a: Iron Bundle|0 fnt\n|faint|p1a: Iron Bundle\n|-end|p1a: Iron Bundle|Quark Drive|[silent]\n|\n|upkeep\n|inactive|vicburgos has 30 seconds left.\n|\n|t:|1683585219\n|switch|p1a: Flutter Mane|Flutter Mane, L50|100\/100\n|switch|p2a: Annihilape|Annihilape, L50, F|100\/100\n|turn|3\n|inactive|vicburgos has 30 seconds left.\n|inactive|vicburgos has 20 seconds left.\n|inactive|InabaRin has 30 seconds left.\n|inactive|vicburgos has 15 seconds left.\n|\n|t:|1683585269\n|-terastallize|p1a: Flutter Mane|Fairy\n|-terastallize|p2a: Annihilape|Normal\n|move|p1a: Flutter Mane|Dazzling Gleam|p2b: Goodra|[spread] p2a,p2b\n|-supereffective|p2b: Goodra\n|-damage|p2a: Annihilape|75\/100\n|-damage|p2b: Goodra|13\/100\n|-enditem|p2b: Goodra|Wiki Berry|[eat]\n|-heal|p2b: Goodra|46\/100|[from] item: Wiki Berry\n|move|p1b: Chi-Yu|Dark Pulse|p2a: Annihilape\n|-damage|p2a: Annihilape|40\/100\n|-damage|p1b: Chi-Yu|71\/100|[from] item: Life Orb\n|move|p2b: Goodra|Life Dew|p2b: Goodra|[spread] p2a,p2b\n|-heal|p2a: Annihilape|65\/100\n|-heal|p2b: Goodra|71\/100\n|move|p2a: Annihilape|Rage Fist|p1a: Flutter Mane\n|-enditem|p1a: Flutter Mane|Focus Sash\n|-damage|p1a: Flutter Mane|1\/100\n|\n|upkeep\n|turn|4\n|inactive|InabaRin has 30 seconds left.\n|inactive|vicburgos has 30 seconds left.\n|\n|t:|1683585299\n|move|p1a: Flutter Mane|Dazzling Gleam|p2b: Goodra|[spread] p2a,p2b\n|-supereffective|p2b: Goodra\n|-damage|p2a: Annihilape|41\/100\n|-damage|p2b: Goodra|22\/100\n|move|p1b: Chi-Yu|Dark Pulse|p2b: Goodra\n|-damage|p2b: Goodra|0 fnt\n|faint|p2b: Goodra\n|-damage|p1b: Chi-Yu|61\/100|[from] item: Life Orb\n|move|p2a: Annihilape|Drain Punch|p1b: Chi-Yu\n|-supereffective|p1b: Chi-Yu\n|-damage|p1b: Chi-Yu|0 fnt\n|-heal|p2a: Annihilape|61\/100|[from] drain|[of] p1b: Chi-Yu\n|faint|p1b: Chi-Yu\n|\n|upkeep\n|\n|t:|1683585310\n|switch|p1b: Meowscarada|Meowscarada, L50, M|100\/100\n|switch|p2b: Flutter Mane|Flutter Mane, L50|100\/100\n|-enditem|p2b: Flutter Mane|Booster Energy\n|-activate|p2b: Flutter Mane|ability: Protosynthesis|[fromitem]\n|-start|p2b: Flutter Mane|protosynthesisspe\n|turn|5\n|inactive|InabaRin has 30 seconds left.\n|inactive|vicburgos has 30 seconds left.\n|\n|t:|1683585342\n|move|p1a: Flutter Mane|Protect|p1a: Flutter Mane\n|-singleturn|p1a: Flutter Mane|Protect\n|move|p2b: Flutter Mane|Moonblast|p1b: Meowscarada\n|-supereffective|p1b: Meowscarada\n|-damage|p1b: Meowscarada|0 fnt\n|faint|p1b: Meowscarada\n|move|p2a: Annihilape|Drain Punch|p1a: Flutter Mane\n|-activate|p1a: Flutter Mane|move: Protect\n|\n|upkeep\n|turn|6\n|-message|InabaRin forfeited.\n|\n|win|vicburgos\n|raw|InabaRin's rating: 1544 → 1523<\/strong> (-21 for losing)\n|raw|vicburgos's rating: 1531 → 1552<\/strong> (+21 for winning)\n|l|\u2606InabaRin\n|j|\u2606InabaRin\n|player|p1|InabaRin|lass-gen4dp\n","uploadtime":1683585377,"views":6,"p1id":"inabarin","p2id":"vicburgos","formatid":"gen9vgc2023regulationc","rating":1523,"private":0,"password":""}