{"id":"gen9vgc2023regulationc-1859107468","p1":"TGH_sr","p2":"Kinggallo","format":"[Gen 9] VGC 2023 Regulation C","log":"|j|\u2606TGH_sr\n|j|\u2606Kinggallo\n|t:|1683405321\n|gametype|doubles\n|player|p1|TGH_sr|steven|1264\n|player|p2|Kinggallo|170|1174\n|teamsize|p1|6\n|teamsize|p2|6\n|gen|9\n|tier|[Gen 9] VGC 2023 Regulation C\n|rated|\n|rule|Species Clause: Limit one of each Pok\u00e9mon\n|rule|Item Clause: Limit one of each item\n|clearpoke\n|poke|p1|Talonflame, L50, F|\n|poke|p1|Garchomp, L50, M|\n|poke|p1|Kingambit, L50, M|\n|poke|p1|Iron Bundle, L50|\n|poke|p1|Flutter Mane, L50|\n|poke|p1|Amoonguss, L50, F|\n|poke|p2|Breloom, L50, M|\n|poke|p2|Sableye, L50, F|\n|poke|p2|Azumarill, L50, F|\n|poke|p2|Camerupt, L50, F|\n|poke|p2|Pelipper, L50, F|\n|poke|p2|Salamence, L50, F|\n|teampreview|4\nTGH_sr has agreed to open team sheets.\n|\n|t:|1683405360\n|start\n|switch|p1a: Flutter Mane|Flutter Mane, L50|100\/100\n|switch|p1b: Iron Bundle|Iron Bundle, L50|100\/100\n|switch|p2a: Pelipper|Pelipper, L50, F|100\/100\n|switch|p2b: Azumarill|Azumarill, L50, F|100\/100\n|-weather|RainDance|[from] ability: Drizzle|[of] p2a: Pelipper\n|-enditem|p1b: Iron Bundle|Booster Energy\n|-activate|p1b: Iron Bundle|ability: Quark Drive|[fromitem]\n|-start|p1b: Iron Bundle|quarkdrivespe\n|turn|1\n|\n|t:|1683405405\n|-terastallize|p1a: Flutter Mane|Fairy\n|-terastallize|p2a: Pelipper|Steel\n|move|p1b: Iron Bundle|Freeze-Dry|p2b: Azumarill\n|-supereffective|p2b: Azumarill\n|-damage|p2b: Azumarill|20\/100\n|move|p1a: Flutter Mane|Dazzling Gleam|p2a: Pelipper|[spread] p2a,p2b\n|-resisted|p2a: Pelipper\n|-damage|p2a: Pelipper|50\/100\n|-damage|p2b: Azumarill|0 fnt\n|faint|p2b: Azumarill\n|move|p2a: Pelipper|Tailwind|p2a: Pelipper\n|-sidestart|p2: Kinggallo|move: Tailwind\n|\n|-weather|RainDance|[upkeep]\n|upkeep\n|\n|t:|1683405422\n|switch|p2b: Salamence|Salamence, L50, F|100\/100\n|-ability|p2b: Salamence|Intimidate|boost\n|-unboost|p1a: Flutter Mane|atk|1\n|-unboost|p1b: Iron Bundle|atk|1\n|turn|2\n|\n|t:|1683405441\n|move|p2a: Pelipper|Wide Guard|p2a: Pelipper\n|-singleturn|p2a: Pelipper|Wide Guard\n|move|p2b: Salamence|Hurricane|p1b: Iron Bundle\n|-damage|p1b: Iron Bundle|8\/100\n|-start|p1b: Iron Bundle|confusion\n|-damage|p2b: Salamence|90\/100|[from] item: Life Orb\n|-activate|p1b: Iron Bundle|confusion\n|-damage|p1b: Iron Bundle|3\/100|[from] confusion\n|move|p1a: Flutter Mane|Dazzling Gleam|p2a: Pelipper|[spread] \n|-activate|p2a: Pelipper|move: Wide Guard\n|-activate|p2b: Salamence|move: Wide Guard\n|\n|-weather|RainDance|[upkeep]\n|upkeep\n|turn|3\n|\n|t:|1683405482\n|move|p2a: Pelipper|Wide Guard|p2a: Pelipper\n|-singleturn|p2a: Pelipper|Wide Guard\n|move|p2b: Salamence|Heat Wave|p1a: Flutter Mane|[spread] p1a,p1b\n|-damage|p1a: Flutter Mane|85\/100\n|-damage|p1b: Iron Bundle|0 fnt\n|faint|p1b: Iron Bundle\n|-end|p1b: Iron Bundle|Quark Drive|[silent]\n|-damage|p2b: Salamence|80\/100|[from] item: Life Orb\n|move|p1a: Flutter Mane|Dazzling Gleam|p2a: Pelipper|[spread] \n|-activate|p2a: Pelipper|move: Wide Guard\n|-activate|p2b: Salamence|move: Wide Guard\n|\n|-weather|RainDance|[upkeep]\n|upkeep\n|\n|t:|1683405495\n|switch|p1b: Garchomp|Garchomp, L50, M|100\/100\n|turn|4\n|\n|t:|1683405507\n|-end|p1a: Flutter Mane|Protosynthesis|[silent]\n|switch|p1a: Talonflame|Talonflame, L50, F|100\/100\n|move|p2a: Pelipper|Wide Guard|p2a: Pelipper\n|-singleturn|p2a: Pelipper|Wide Guard\n|move|p2b: Salamence|Draco Meteor|p1b: Garchomp|[miss]\n|-miss|p2b: Salamence|p1b: Garchomp\n|move|p1b: Garchomp|Dragon Claw|p2b: Salamence\n|-supereffective|p2b: Salamence\n|-damage|p2b: Salamence|0 fnt\n|faint|p2b: Salamence\n|-damage|p1b: Garchomp|91\/100|[from] item: Life Orb\n|\n|-weather|RainDance|[upkeep]\n|-sideend|p2: Kinggallo|move: Tailwind\n|upkeep\n|\n|t:|1683405523\n|switch|p2b: Camerupt|Camerupt, L50, F|100\/100\n|turn|5\n|\n|t:|1683405534\n|move|p2a: Pelipper|Wide Guard|p2a: Pelipper\n|-singleturn|p2a: Pelipper|Wide Guard\n|move|p1a: Talonflame|Tailwind|p1a: Talonflame\n|-sidestart|p1: TGH_sr|move: Tailwind\n|move|p1b: Garchomp|Earthquake|p2a: Pelipper|[spread] \n|-activate|p2a: Pelipper|move: Wide Guard\n|-activate|p2b: Camerupt|move: Wide Guard\n|-immune|p1a: Talonflame\n|move|p2b: Camerupt|Lava Plume|p1a: Talonflame|[spread] p1a,p1b\n|-activate|p2a: Pelipper|move: Wide Guard\n|-resisted|p1a: Talonflame\n|-resisted|p1b: Garchomp\n|-damage|p1a: Talonflame|90\/100\n|-damage|p1b: Garchomp|84\/100\n|\n|-weather|none\n|upkeep\n|turn|6\n|\n|t:|1683405569\n|move|p1b: Garchomp|Protect|p1b: Garchomp\n|-singleturn|p1b: Garchomp|Protect\n|move|p1a: Talonflame|Taunt|p2a: Pelipper\n|-start|p2a: Pelipper|move: Taunt\n|move|p2a: Pelipper|Hydro Pump|p1a: Talonflame\n|-supereffective|p1a: Talonflame\n|-damage|p1a: Talonflame|0 fnt\n|faint|p1a: Talonflame\n|move|p2b: Camerupt|Yawn|p1b: Garchomp\n|-activate|p1b: Garchomp|move: Protect\n|\n|upkeep\n|\n|t:|1683405580\n|switch|p1a: Flutter Mane|Flutter Mane, L50, tera:Fairy|85\/100\n|turn|7\n|\n|t:|1683405594\n|move|p1a: Flutter Mane|Mystical Fire|p2a: Pelipper\n|-supereffective|p2a: Pelipper\n|-damage|p2a: Pelipper|0 fnt\n|faint|p2a: Pelipper\n|move|p1b: Garchomp|Dragon Claw|p2b: Camerupt\n|-damage|p2b: Camerupt|11\/100\n|-damage|p1b: Garchomp|74\/100|[from] item: Life Orb\n|move|p2b: Camerupt|Earth Power|p1a: Flutter Mane\n|-damage|p1a: Flutter Mane|40\/100\n|\n|-heal|p2b: Camerupt|17\/100|[from] item: Leftovers\n|upkeep\n|turn|8\n|-message|Kinggallo forfeited.\n|\n|win|TGH_sr\n|raw|TGH_sr's rating: 1264 → 1283<\/strong> (+19 for winning)\n|raw|Kinggallo's rating: 1174 → 1155<\/strong> (-19 for losing)\n|l|\u2606Kinggallo\n","uploadtime":1683405614,"views":16,"p1id":"tghsr","p2id":"kinggallo","formatid":"gen9vgc2023regulationc","rating":1155,"private":0,"password":""}