{"id":"gen9vgc2023regulationc-1847555302","p1":"xingtian666","p2":"DQNU33","format":"[Gen 9] VGC 2023 Regulation C","log":"|j|\u2606xingtian666\n|j|\u2606DQNU33\n|t:|1681972675\n|gametype|doubles\n|player|p1|xingtian666|102|1372\n|player|p2|DQNU33|265|1502\n|teamsize|p1|6\n|teamsize|p2|6\n|gen|9\n|tier|[Gen 9] VGC 2023 Regulation C\n|rated|\n|rule|Species Clause: Limit one of each Pok\u00e9mon\n|rule|Item Clause: Limit one of each item\n|clearpoke\n|poke|p1|Ting-Lu, L50|\n|poke|p1|Amoonguss, L50, F|\n|poke|p1|Abomasnow, L50, M|\n|poke|p1|Iron Bundle, L50|\n|poke|p1|Baxcalibur, L50, M|\n|poke|p1|Gyarados, L50, M|\n|poke|p2|Dragonite, L50, F|\n|poke|p2|Chien-Pao, L50|\n|poke|p2|Flutter Mane, L50|\n|poke|p2|Ting-Lu, L50|\n|poke|p2|Amoonguss, L50, F|\n|poke|p2|Annihilape, L50, F|\n|teampreview|4\n|inactive|Battle timer is ON: inactive players will automatically lose when time's up. (requested by xingtian666)\n|inactive|DQNU33 has 60 seconds left.\n|\n|t:|1681972718\n|start\n|switch|p1a: Iron Bundle|Iron Bundle, L50, shiny|100\/100\n|switch|p1b: Abomasnow|Abomasnow, L50, M, shiny|100\/100\n|switch|p2a: Flutter Mane|Flutter Mane, L50, shiny|100\/100\n|switch|p2b: Annihilape|Annihilape, L50, F, shiny|100\/100\n|-weather|Snow|[from] ability: Snow Warning|[of] p1b: Abomasnow\n|-enditem|p1a: Iron Bundle|Booster Energy\n|-activate|p1a: Iron Bundle|ability: Quark Drive|[fromitem]\n|-start|p1a: Iron Bundle|quarkdrivespe\n|-enditem|p2a: Flutter Mane|Booster Energy\n|-activate|p2a: Flutter Mane|ability: Protosynthesis|[fromitem]\n|-start|p2a: Flutter Mane|protosynthesisspe\n|turn|1\n|\n|t:|1681972743\n|move|p1a: Iron Bundle|Protect|p1a: Iron Bundle\n|-singleturn|p1a: Iron Bundle|Protect\n|move|p2a: Flutter Mane|Moonblast|p1a: Iron Bundle\n|-activate|p1a: Iron Bundle|move: Protect\n|move|p2b: Annihilape|Drain Punch|p1a: Iron Bundle\n|-activate|p1a: Iron Bundle|move: Protect\n|move|p1b: Abomasnow|Aurora Veil|p1b: Abomasnow\n|-sidestart|p1: xingtian666|move: Aurora Veil\n|\n|-weather|Snow|[upkeep]\n|upkeep\n|turn|2\n|\n|t:|1681972763\n|move|p2a: Flutter Mane|Protect|p2a: Flutter Mane\n|-singleturn|p2a: Flutter Mane|Protect\n|move|p1a: Iron Bundle|Blizzard|p2b: Annihilape|[spread] p2b\n|-activate|p2a: Flutter Mane|move: Protect\n|-damage|p2b: Annihilape|66\/100\n|move|p2b: Annihilape|Drain Punch|p1a: Iron Bundle\n|-supereffective|p1a: Iron Bundle\n|-damage|p1a: Iron Bundle|67\/100\n|-heal|p2b: Annihilape|77\/100|[from] drain|[of] p1a: Iron Bundle\n|move|p1b: Abomasnow|Blizzard|p2a: Flutter Mane|[spread] p2b\n|-activate|p2a: Flutter Mane|move: Protect\n|-damage|p2b: Annihilape|47\/100\n|\n|-weather|Snow|[upkeep]\n|-heal|p2b: Annihilape|53\/100|[from] item: Leftovers\n|upkeep\n|turn|3\n|inactive|DQNU33 has 30 seconds left.\n|\n|t:|1681972794\n|move|p2b: Annihilape|Protect|p2b: Annihilape\n|-singleturn|p2b: Annihilape|Protect\n|move|p1a: Iron Bundle|Blizzard|p2b: Annihilape|[spread] p2a\n|-activate|p2b: Annihilape|move: Protect\n|-damage|p2a: Flutter Mane|62\/100\n|move|p2a: Flutter Mane|Moonblast|p1a: Iron Bundle\n|-damage|p1a: Iron Bundle|5\/100\n|move|p1b: Abomasnow|Blizzard|p2b: Annihilape|[spread] p2a\n|-activate|p2b: Annihilape|move: Protect\n|-damage|p2a: Flutter Mane|31\/100\n|\n|-weather|Snow|[upkeep]\n|-heal|p2b: Annihilape|60\/100|[from] item: Leftovers\n|upkeep\n|turn|4\n|inactive|xingtian666 has 30 seconds left.\n|\n|t:|1681972827\n|move|p2a: Flutter Mane|Protect|p2a: Flutter Mane\n|-singleturn|p2a: Flutter Mane|Protect\n|move|p1a: Iron Bundle|Hydro Pump|p2b: Annihilape\n|-damage|p2b: Annihilape|18\/100\n|move|p2b: Annihilape|Drain Punch|p1a: Iron Bundle\n|-supereffective|p1a: Iron Bundle\n|-damage|p1a: Iron Bundle|0 fnt\n|-heal|p2b: Annihilape|20\/100|[from] drain|[of] p1a: Iron Bundle\n|faint|p1a: Iron Bundle\n|-end|p1a: Iron Bundle|Quark Drive|[silent]\n|move|p1b: Abomasnow|Blizzard|p2b: Annihilape|[spread] p2b\n|-activate|p2a: Flutter Mane|move: Protect\n|-damage|p2b: Annihilape|0 fnt\n|faint|p2b: Annihilape\n|\n|-weather|Snow|[upkeep]\n|upkeep\n|\n|t:|1681972846\n|switch|p1a: Baxcalibur|Baxcalibur, L50, M, shiny|100\/100\n|switch|p2b: Amoonguss|Amoonguss, L50, F, shiny|100\/100\n|turn|5\n|\n|t:|1681972866\n|-terastallize|p2b: Amoonguss|Water\n|move|p1a: Baxcalibur|Protect|p1a: Baxcalibur\n|-singleturn|p1a: Baxcalibur|Protect\n|move|p2a: Flutter Mane|Moonblast|p1a: Baxcalibur\n|-activate|p1a: Baxcalibur|move: Protect\n|move|p1b: Abomasnow|Blizzard|p2a: Flutter Mane|[spread] p2a,p2b\n|-resisted|p2b: Amoonguss\n|-damage|p2a: Flutter Mane|0 fnt\n|-damage|p2b: Amoonguss|83\/100\n|faint|p2a: Flutter Mane\n|-end|p2a: Flutter Mane|Protosynthesis|[silent]\n|move|p2b: Amoonguss|Spore|p1a: Baxcalibur\n|-activate|p1a: Baxcalibur|move: Protect\n|\n|-weather|none\n|upkeep\n|\n|t:|1681972879\n|switch|p2a: Chien-Pao|Chien-Pao, L50|100\/100\n|-ability|p2a: Chien-Pao|Sword of Ruin\n|turn|6\n|\n|t:|1681972890\n|-terastallize|p1a: Baxcalibur|Poison\n|move|p2a: Chien-Pao|Protect|p2a: Chien-Pao\n|-singleturn|p2a: Chien-Pao|Protect\n|move|p1a: Baxcalibur|Glaive Rush|p2b: Amoonguss\n|-damage|p2b: Amoonguss|13\/100\n|-singlemove|p1a: Baxcalibur|Glaive Rush|[silent]\n|-enditem|p2b: Amoonguss|Sitrus Berry|[eat]\n|-heal|p2b: Amoonguss|38\/100|[from] item: Sitrus Berry\n|move|p1b: Abomasnow|Energy Ball|p2b: Amoonguss\n|-supereffective|p2b: Amoonguss\n|-damage|p2b: Amoonguss|0 fnt\n|faint|p2b: Amoonguss\n|\n|upkeep\n|turn|7\n|-message|DQNU33 forfeited.\n|\n|win|xingtian666\n|raw|xingtian666's rating: 1372 → 1399<\/strong> (+27 for winning)\n|raw|DQNU33's rating: 1502 → 1475<\/strong> (-27 for losing)\n|l|\u2606DQNU33\n","uploadtime":1681972927,"views":8,"p1id":"xingtian666","p2id":"dqnu33","formatid":"gen9vgc2023regulationc","rating":1399,"private":0,"password":""}