{"id":"gen9vgc2023regulationc-1859832566","p1":"f0r3v3r","p2":"Topperlecat","format":"[Gen 9] VGC 2023 Regulation C","log":"|j|\u2606f0r3v3r\n|j|\u2606Topperlecat\n|t:|1683568271\n|gametype|doubles\n|player|p1|f0r3v3r|102|1334\n|player|p2|Topperlecat|n|1241\n|teamsize|p1|6\n|teamsize|p2|6\n|gen|9\n|tier|[Gen 9] VGC 2023 Regulation C\n|rated|\n|rule|Species Clause: Limit one of each Pok\u00e9mon\n|rule|Item Clause: Limit one of each item\n|clearpoke\n|poke|p1|Bronzong, L50|\n|poke|p1|Ting-Lu, L50|\n|poke|p1|Slowpoke, L50, M|\n|poke|p1|Gholdengo, L50|\n|poke|p1|Murkrow, L50, F|\n|poke|p1|Iron Hands, L50|\n|poke|p2|Tyranitar, L50, F|\n|poke|p2|Corviknight, L50, M|\n|poke|p2|Amoonguss, L50, F|\n|poke|p2|Glimmora, L50, F|\n|poke|p2|Palafin, L50, M|\n|poke|p2|Chi-Yu, L50|\n|teampreview|4\nTopperlecat has agreed to open team sheets.\n|c|\u2606Topperlecat|Glhf\n|\n|t:|1683568333\n|start\n|switch|p1a: Bronzong|Bronzong, L50|100\/100\n|switch|p1b: Murkrow|Murkrow, L50, F|100\/100\n|switch|p2a: Palafin|Palafin, L50, M|100\/100\n|switch|p2b: Amoonguss|Amoonguss, L50, F|100\/100\n|turn|1\n|\n|t:|1683568351\n|detailschange|p2a: Palafin|Palafin-Hero, L50, M\n|switch|p2a: Chi-Yu|Chi-Yu, L50|100\/100\n|-ability|p2a: Chi-Yu|Beads of Ruin\n|-terastallize|p1b: Murkrow|Flying\n|move|p2b: Amoonguss|Protect|p2b: Amoonguss\n|-singleturn|p2b: Amoonguss|Protect\n|move|p1b: Murkrow|Brave Bird|p2b: Amoonguss\n|-activate|p2b: Amoonguss|move: Protect\n|move|p1a: Bronzong|Iron Defense|p1a: Bronzong\n|-boost|p1a: Bronzong|def|2\n|\n|upkeep\n|turn|2\n|\n|t:|1683568377\n|switch|p2b: Glimmora|Glimmora, L50, F|100\/100\n|move|p1b: Murkrow|Brave Bird|p2b: Glimmora\n|-resisted|p2b: Glimmora\n|-damage|p2b: Glimmora|54\/100\n|-activate|p2b: Glimmora|ability: Toxic Debris\n|-sidestart|p1: f0r3v3r|move: Toxic Spikes\n|-damage|p1b: Murkrow|81\/100|[from] Recoil\n|-damage|p1b: Murkrow|72\/100|[from] item: Life Orb\n|move|p2a: Chi-Yu|Heat Wave|p1b: Murkrow|[spread] p1a,p1b\n|-supereffective|p1a: Bronzong\n|-damage|p1a: Bronzong|37\/100\n|-damage|p1b: Murkrow|0 fnt\n|faint|p1b: Murkrow\n|move|p1a: Bronzong|Trick Room|p1a: Bronzong\n|-fieldstart|move: Trick Room|[of] p1a: Bronzong\n|\n|upkeep\n|\n|t:|1683568393\n|switch|p1b: Iron Hands|Iron Hands, L50|100\/100\n|-status|p1b: Iron Hands|psn\n|turn|3\n|\n|t:|1683568406\n|-terastallize|p2b: Glimmora|Ground\n|move|p1a: Bronzong|Body Press|p2a: Chi-Yu\n|-supereffective|p2a: Chi-Yu\n|-damage|p2a: Chi-Yu|5\/100\n|move|p1b: Iron Hands|Drain Punch|p2b: Glimmora\n|-damage|p2b: Glimmora|17\/100\n|-activate|p2b: Glimmora|ability: Toxic Debris\n|-sidestart|p1: f0r3v3r|move: Toxic Spikes\n|move|p2b: Glimmora|Earth Power|p1b: Iron Hands\n|-supereffective|p1b: Iron Hands\n|-damage|p1b: Iron Hands|4\/100 psn\n|-unboost|p1b: Iron Hands|spd|1\n|move|p2a: Chi-Yu|Heat Wave|p1b: Iron Hands|[spread] p1a,p1b\n|-supereffective|p1a: Bronzong\n|-damage|p1a: Bronzong|0 fnt\n|-damage|p1b: Iron Hands|0 fnt\n|faint|p1a: Bronzong\n|faint|p1b: Iron Hands\n|-end|p1b: Iron Hands|Quark Drive|[silent]\n|\n|upkeep\n|\n|t:|1683568430\n|switch|p1b: Ting-Lu|Ting-Lu, L50|100\/100\n|-status|p1b: Ting-Lu|tox\n|-ability|p1b: Ting-Lu|Vessel of Ruin\n|turn|4\n|\n|t:|1683568436\n|move|p1b: Ting-Lu|Earthquake|p2a: Chi-Yu|[spread] p2a,p2b\n|-supereffective|p2a: Chi-Yu\n|-damage|p2a: Chi-Yu|0 fnt\n|-damage|p2b: Glimmora|0 fnt\n|faint|p2a: Chi-Yu\n|faint|p2b: Glimmora\n|\n|-damage|p1b: Ting-Lu|94\/100 tox|[from] psn\n|upkeep\n|\n|t:|1683568440\n|switch|p2b: Palafin|Palafin-Hero, L50, M|100\/100\n|switch|p2a: Amoonguss|Amoonguss, L50, F|100\/100\n|-activate|p2b: Palafin|ability: Zero to Hero\n|turn|5\n|\n|t:|1683568449\n|move|p2a: Amoonguss|Rage Powder|p2a: Amoonguss\n|-singleturn|p2a: Amoonguss|move: Rage Powder\n|move|p2b: Palafin|Jet Punch|p1b: Ting-Lu\n|-supereffective|p1b: Ting-Lu\n|-damage|p1b: Ting-Lu|41\/100 tox\n|-enditem|p1b: Ting-Lu|Weakness Policy\n|-boost|p1b: Ting-Lu|atk|2|[from] item: Weakness Policy\n|-boost|p1b: Ting-Lu|spa|2|[from] item: Weakness Policy\n|move|p1b: Ting-Lu|Earthquake|p2a: Amoonguss|[spread] p2a,p2b\n|-damage|p2a: Amoonguss|35\/100\n|-damage|p2b: Palafin|42\/100\n|-enditem|p2a: Amoonguss|Sitrus Berry|[eat]\n|-heal|p2a: Amoonguss|60\/100|[from] item: Sitrus Berry\n|\n|-damage|p1b: Ting-Lu|29\/100 tox|[from] psn\n|upkeep\n|turn|6\n|\n|t:|1683568465\n|move|p2a: Amoonguss|Protect|p2a: Amoonguss\n|-singleturn|p2a: Amoonguss|Protect\n|move|p2b: Palafin|Protect|p2b: Palafin\n|-singleturn|p2b: Palafin|Protect\n|move|p1b: Ting-Lu|Earthquake|p2a: Amoonguss|[spread] \n|-activate|p2a: Amoonguss|move: Protect\n|-activate|p2b: Palafin|move: Protect\n|\n|-damage|p1b: Ting-Lu|11\/100 tox|[from] psn\n|-fieldend|move: Trick Room\n|upkeep\n|turn|7\n|\n|t:|1683568479\n|move|p2b: Palafin|Jet Punch|p1b: Ting-Lu\n|-supereffective|p1b: Ting-Lu\n|-damage|p1b: Ting-Lu|0 fnt\n|faint|p1b: Ting-Lu\n|\n|win|Topperlecat\n|raw|f0r3v3r's rating: 1334 → 1309<\/strong> (-25 for losing)\n|raw|Topperlecat's rating: 1241 → 1273<\/strong> (+32 for winning)\n|l|\u2606f0r3v3r\n","uploadtime":1683568490,"views":6,"p1id":"f0r3v3r","p2id":"topperlecat","formatid":"gen9vgc2023regulationc","rating":1273,"private":0,"password":""}