{"id":"gen9vgc2023regulationc-1852903014","p1":"bleldigs","p2":"jeffman323","format":"[Gen 9] VGC 2023 Regulation C","log":"|j|\u2606bleldigs\n|j|\u2606jeffman323\n|t:|1682615957\n|gametype|doubles\n|player|p1|bleldigs|buck|1630\n|player|p2|jeffman323|steven|1592\n|teamsize|p1|6\n|teamsize|p2|6\n|gen|9\n|tier|[Gen 9] VGC 2023 Regulation C\n|rated|\n|rule|Species Clause: Limit one of each Pok\u00e9mon\n|rule|Item Clause: Limit one of each item\n|clearpoke\n|poke|p1|Palafin, L50, F|\n|poke|p1|Arcanine, L50, F|\n|poke|p1|Amoonguss, L50, M|\n|poke|p1|Flutter Mane, L50|\n|poke|p1|Baxcalibur, L50, F|\n|poke|p1|Ting-Lu, L50|\n|poke|p2|Hatterene, L50, F|\n|poke|p2|Azumarill, L50, F|\n|poke|p2|Brute Bonnet, L50|\n|poke|p2|Kingambit, L50, M|\n|poke|p2|Iron Hands, L50|\n|poke|p2|Stantler, L50, F|\n|teampreview|4\njeffman323 has agreed to open team sheets.\nbleldigs has agreed to open team sheets.\n|j| yyiioottaa\n|\n|t:|1682616016\n|start\n|switch|p1a: Flutter Mane|Flutter Mane, L50|100\/100\n|switch|p1b: Palafin|Palafin, L50, F|100\/100\n|switch|p2a: Iron Hands|Iron Hands, L50|100\/100\n|switch|p2b: Hatterene|Hatterene, L50, F|100\/100\n|turn|1\n|\n|t:|1682616039\n|detailschange|p1b: Palafin|Palafin-Hero, L50, F\n|switch|p1b: Amoonguss|Amoonguss, L50, M, shiny|100\/100\n|move|p2a: Iron Hands|Fake Out|p1b: Amoonguss\n|-damage|p1b: Amoonguss|89\/100\n|move|p1a: Flutter Mane|Dazzling Gleam|p2b: Hatterene|[spread] p2a,p2b\n|-supereffective|p2a: Iron Hands\n|-crit|p2a: Iron Hands\n|-damage|p2a: Iron Hands|17\/100\n|-damage|p2b: Hatterene|53\/100\n|move|p2b: Hatterene|Trick Room|p2b: Hatterene\n|-fieldstart|move: Trick Room|[of] p2b: Hatterene\n|\n|upkeep\n|turn|2\n|\n|t:|1682616077\n|-end|p1a: Flutter Mane|Protosynthesis|[silent]\n|switch|p1a: Ting-Lu|Ting-Lu, L50|100\/100\n|-ability|p1a: Ting-Lu|Vessel of Ruin\n|-terastallize|p2a: Iron Hands|Grass\n|move|p2b: Hatterene|Dazzling Gleam|p1a: Ting-Lu|[spread] p1a,p1b\n|-supereffective|p1a: Ting-Lu\n|-resisted|p1b: Amoonguss\n|-damage|p1a: Ting-Lu|78\/100\n|-damage|p1b: Amoonguss|77\/100\n|move|p2a: Iron Hands|Thunder Punch|p1a: Ting-Lu\n|-immune|p1a: Ting-Lu\n|move|p1b: Amoonguss|Pollen Puff|p2a: Iron Hands\n|-supereffective|p2a: Iron Hands\n|-damage|p2a: Iron Hands|0 fnt\n|faint|p2a: Iron Hands\n|-end|p2a: Iron Hands|Quark Drive|[silent]\n|\n|upkeep\n|\n|t:|1682616093\n|switch|p2a: Brute Bonnet|Brute Bonnet, L50|100\/100\n|turn|3\n|\n|t:|1682616137\n|move|p2b: Hatterene|Psychic|p1b: Amoonguss\n|-supereffective|p1b: Amoonguss\n|-crit|p1b: Amoonguss\n|-damage|p1b: Amoonguss|0 fnt\n|faint|p1b: Amoonguss\n|move|p2a: Brute Bonnet|Bullet Seed|p1a: Ting-Lu\n|-supereffective|p1a: Ting-Lu\n|-damage|p1a: Ting-Lu|62\/100\n|-supereffective|p1a: Ting-Lu\n|-damage|p1a: Ting-Lu|46\/100\n|-supereffective|p1a: Ting-Lu\n|-damage|p1a: Ting-Lu|31\/100\n|-supereffective|p1a: Ting-Lu\n|-damage|p1a: Ting-Lu|15\/100\n|-supereffective|p1a: Ting-Lu\n|-damage|p1a: Ting-Lu|1\/100\n|-hitcount|p1a: Ting-Lu|5\n|move|p1a: Ting-Lu|Heavy Slam|p2b: Hatterene\n|-supereffective|p2b: Hatterene\n|-damage|p2b: Hatterene|0 fnt\n|faint|p2b: Hatterene\n|\n|upkeep\n|\n|t:|1682616153\n|switch|p2b: Kingambit|Kingambit, L50, M|100\/100\n|switch|p1b: Palafin|Palafin-Hero, L50, F|100\/100\n|-activate|p1b: Palafin|ability: Zero to Hero\n|turn|4\n|\n|t:|1682616184\n|switch|p1a: Flutter Mane|Flutter Mane, L50|100\/100\n|move|p1b: Palafin|Protect|p1b: Palafin\n|-singleturn|p1b: Palafin|Protect\n|move|p2b: Kingambit|Iron Head|p1a: Flutter Mane\n|-supereffective|p1a: Flutter Mane\n|-damage|p1a: Flutter Mane|0 fnt\n|faint|p1a: Flutter Mane\n|-end|p1a: Flutter Mane|Protosynthesis|[silent]\n|move|p2a: Brute Bonnet|Bullet Seed|p1b: Palafin\n|-activate|p1b: Palafin|move: Protect\n|\n|upkeep\n|\n|t:|1682616195\n|switch|p1a: Ting-Lu|Ting-Lu, L50|1\/100\n|-ability|p1a: Ting-Lu|Vessel of Ruin\n|turn|5\n|\n|t:|1682616215\n|move|p2b: Kingambit|Sucker Punch|p1a: Ting-Lu\n|-resisted|p1a: Ting-Lu\n|-damage|p1a: Ting-Lu|0 fnt\n|faint|p1a: Ting-Lu\n|move|p1b: Palafin|Jet Punch|p1: Ting-Lu|[notarget]\n|-fail|p1b: Palafin\n|move|p2a: Brute Bonnet|Spore|p1b: Palafin\n|-status|p1b: Palafin|slp|[from] move: Spore\n|\n|-fieldend|move: Trick Room\n|upkeep\n|turn|6\n|-message|bleldigs forfeited.\n|\n|win|jeffman323\n|raw|bleldigs's rating: 1630 → 1608<\/strong> (-22 for losing)\n|raw|jeffman323's rating: 1592 → 1614<\/strong> (+22 for winning)\n|l|\u2606bleldigs\n","uploadtime":1682616227,"views":6,"p1id":"bleldigs","p2id":"jeffman323","formatid":"gen9vgc2023regulationc","rating":1608,"private":0,"password":""}