{"id":"gen9vgc2023regulationc-1849347567","p1":"spammm","p2":"Pokebet","format":"[Gen 9] VGC 2023 Regulation C","log":"|j|\u2606spammm\n|j|\u2606Pokebet\n|t:|1682188477\n|gametype|doubles\n|player|p1|spammm|169|1347\n|player|p2|Pokebet|266|1410\n|teamsize|p1|6\n|teamsize|p2|6\n|gen|9\n|tier|[Gen 9] VGC 2023 Regulation C\n|rated|\n|rule|Species Clause: Limit one of each Pok\u00e9mon\n|rule|Item Clause: Limit one of each item\n|clearpoke\n|poke|p1|Iron Jugulis, L50|\n|poke|p1|Iron Treads, L50|\n|poke|p1|Iron Hands, L50|\n|poke|p1|Chien-Pao, L50|\n|poke|p1|Palafin, L50, M|\n|poke|p1|Amoonguss, L50, M|\n|poke|p2|Iron Hands, L50|\n|poke|p2|Flutter Mane, L50|\n|poke|p2|Amoonguss, L50, F|\n|poke|p2|Arcanine, L50, M|\n|poke|p2|Palafin, L50, M|\n|poke|p2|Garganacl, L50, M|\n|teampreview|4\nspammm rejected open team sheets.\n|inactive|Battle timer is ON: inactive players will automatically lose when time's up. (requested by Pokebet)\n|\n|t:|1682188544\n|start\n|switch|p1a: Iron Treads|Iron Treads, L50|100\/100\n|switch|p1b: OG FLIPPER|Palafin, L50, M|100\/100\n|switch|p2a: Amoonguss|Amoonguss, L50, F|100\/100\n|switch|p2b: Flutter Mane|Flutter Mane, L50|100\/100\n|turn|1\n|inactive|spammm has 30 seconds left.\n|inactive|spammm has 20 seconds left.\n|inactive|spammm has 15 seconds left.\n|inactive|spammm has 10 seconds left.\n|inactive|spammm has 5 seconds left.\n|\n|t:|1682188595\n|-end|p2b: Flutter Mane|Protosynthesis|[silent]\n|switch|p2b: Iron Hands|Iron Hands, L50|100\/100\n|detailschange|p1b: OG FLIPPER|Palafin-Hero, L50, M\n|switch|p1b: Amoonguss|Amoonguss, L50, M|100\/100\n|move|p1a: Iron Treads|Iron Head|p2b: Iron Hands\n|-resisted|p2b: Iron Hands\n|-damage|p2b: Iron Hands|88\/100\n|move|p2a: Amoonguss|Spore|p1a: Iron Treads\n|-status|p1a: Iron Treads|slp|[from] move: Spore\n|\n|upkeep\n|turn|2\n|\n|t:|1682188618\n|-end|p1a: Iron Treads|Quark Drive|[silent]\n|switch|p1a: Iron Hands|Iron Hands, L50|100\/100\n|-end|p2b: Iron Hands|Quark Drive|[silent]\n|switch|p2b: Arcanine|Arcanine, L50, M|100\/100\n|-ability|p2b: Arcanine|Intimidate|boost\n|-unboost|p1a: Iron Hands|atk|1\n|-unboost|p1b: Amoonguss|atk|1\n|move|p2a: Amoonguss|Spore|p1a: Iron Hands\n|-status|p1a: Iron Hands|slp|[from] move: Spore\n|move|p1b: Amoonguss|Spore|p2b: Arcanine\n|-activate|p2b: Arcanine|item: Safety Goggles|Spore\n|\n|upkeep\n|turn|3\n|inactive|spammm has 30 seconds left.\n|\n|t:|1682188652\n|move|p1b: Amoonguss|Protect|p1b: Amoonguss\n|-singleturn|p1b: Amoonguss|Protect\n|move|p2b: Arcanine|Heat Wave|p1b: Amoonguss|[spread] \n|-activate|p1b: Amoonguss|move: Protect\n|-miss|p2b: Arcanine|p1a: Iron Hands\n|cant|p1a: Iron Hands|slp\n|move|p2a: Amoonguss|Pollen Puff|p2b: Arcanine\n|-immune|p2b: Arcanine\n|\n|upkeep\n|turn|4\n|\n|t:|1682188676\n|switch|p1b: OG FLIPPER|Palafin-Hero, L50, M|100\/100\n|-activate|p1b: OG FLIPPER|ability: Zero to Hero\n|move|p2a: Amoonguss|Rage Powder|p2a: Amoonguss\n|-singleturn|p2a: Amoonguss|move: Rage Powder\n|move|p2b: Arcanine|Heat Wave|p1b: OG FLIPPER|[spread] \n|-miss|p2b: Arcanine|p1a: Iron Hands\n|-miss|p2b: Arcanine|p1b: OG FLIPPER\n|cant|p1a: Iron Hands|slp\n|\n|upkeep\n|turn|5\n|\n|t:|1682188695\n|switch|p2b: Iron Hands|Iron Hands, L50|88\/100\n|-end|p1a: Iron Hands|Quark Drive|[silent]\n|switch|p1a: Iron Treads|Iron Treads, L50|100\/100 slp\n|move|p1b: OG FLIPPER|Bulk Up|p1b: OG FLIPPER\n|-boost|p1b: OG FLIPPER|atk|1\n|-boost|p1b: OG FLIPPER|def|1\n|move|p2a: Amoonguss|Spore|p1b: OG FLIPPER\n|-activate|p1b: OG FLIPPER|item: Safety Goggles|Spore\n|\n|upkeep\n|turn|6\n|inactive|spammm has 30 seconds left.\n|inactive|Pokebet has 30 seconds left.\n|\n|t:|1682188731\n|-terastallize|p2b: Iron Hands|Grass\n|move|p1b: OG FLIPPER|Protect|p1b: OG FLIPPER\n|-singleturn|p1b: OG FLIPPER|Protect\n|cant|p1a: Iron Treads|slp\n|move|p2b: Iron Hands|Wild Charge|p1b: OG FLIPPER\n|-activate|p1b: OG FLIPPER|move: Protect\n|move|p2a: Amoonguss|Pollen Puff|p2b: Iron Hands\n|-heal|p2b: Iron Hands|100\/100\n|\n|upkeep\n|turn|7\n|inactive|spammm has 30 seconds left.\n|\n|t:|1682188762\n|switch|p2a: Arcanine|Arcanine, L50, M|100\/100\n|-ability|p2a: Arcanine|Intimidate|boost\n|-unboost|p1a: Iron Treads|atk|1\n|-unboost|p1b: OG FLIPPER|atk|1\n|-curestatus|p1a: Iron Treads|slp|[msg]\n|move|p1a: Iron Treads|Knock Off|p2a: Arcanine\n|-damage|p2a: Arcanine|79\/100\n|-enditem|p2a: Arcanine|Safety Goggles|[from] move: Knock Off|[of] p1a: Iron Treads\n|move|p1b: OG FLIPPER|Bulk Up|p1b: OG FLIPPER\n|-boost|p1b: OG FLIPPER|atk|1\n|-boost|p1b: OG FLIPPER|def|1\n|move|p2b: Iron Hands|Wild Charge|p1b: OG FLIPPER\n|-supereffective|p1b: OG FLIPPER\n|-damage|p1b: OG FLIPPER|57\/100\n|-damage|p2b: Iron Hands|92\/100|[from] Recoil\n|\n|upkeep\n|turn|8\n|inactive|spammm has 30 seconds left.\n|inactive|spammm has 20 seconds left.\n|\n|t:|1682188802\n|move|p1b: OG FLIPPER|Protect|p1b: OG FLIPPER\n|-singleturn|p1b: OG FLIPPER|Protect\n|move|p1a: Iron Treads|Iron Head|p2b: Iron Hands\n|-damage|p2b: Iron Hands|77\/100\n|move|p2a: Arcanine|Will-O-Wisp|p1b: OG FLIPPER\n|-activate|p1b: OG FLIPPER|move: Protect\n|move|p2b: Iron Hands|Stomping Tantrum|p1a: Iron Treads\n|-supereffective|p1a: Iron Treads\n|-crit|p1a: Iron Treads\n|-damage|p1a: Iron Treads|25\/100\n|\n|upkeep\n|turn|9\n|\n|t:|1682188819\n|-end|p1a: Iron Treads|Quark Drive|[silent]\n|switch|p1a: Amoonguss|Amoonguss, L50, M|100\/100\n|switch|p2a: Amoonguss|Amoonguss, L50, F|100\/100\n|move|p1b: OG FLIPPER|Jet Punch|p2a: Amoonguss\n|-resisted|p2a: Amoonguss\n|-damage|p2a: Amoonguss|76\/100\n|-damage|p1b: OG FLIPPER|41\/100|[from] item: Rocky Helmet|[of] p2a: Amoonguss\n|move|p2b: Iron Hands|Wild Charge|p1b: OG FLIPPER\n|-supereffective|p1b: OG FLIPPER\n|-crit|p1b: OG FLIPPER\n|-damage|p1b: OG FLIPPER|0 fnt\n|faint|p1b: OG FLIPPER\n|-damage|p2b: Iron Hands|69\/100|[from] Recoil\n|\n|upkeep\n|\n|t:|1682188836\n|switch|p1b: Iron Hands|Iron Hands, L50|100\/100 slp\n|turn|10\n|\n|t:|1682188850\n|-curestatus|p1b: Iron Hands|slp|[msg]\n|move|p1b: Iron Hands|Fire Punch|p2b: Iron Hands\n|-supereffective|p2b: Iron Hands\n|-damage|p2b: Iron Hands|31\/100\n|move|p2b: Iron Hands|Stomping Tantrum|p1b: Iron Hands\n|-supereffective|p1b: Iron Hands\n|-damage|p1b: Iron Hands|61\/100\n|move|p2a: Amoonguss|Pollen Puff|p2b: Iron Hands\n|-heal|p2b: Iron Hands|81\/100\n|move|p1a: Amoonguss|Pollen Puff|p1b: Iron Hands\n|-heal|p1b: Iron Hands|100\/100\n|\n|upkeep\n|turn|11\n|inactive|spammm has 30 seconds left.\n|inactive|spammm has 20 seconds left.\n|inactive|Pokebet has 30 seconds left.\n|inactive|spammm has 15 seconds left.\n|inactive|spammm has 10 seconds left.\n|\n|t:|1682188903\n|switch|p2a: Arcanine|Arcanine, L50, M|79\/100\n|-ability|p2a: Arcanine|Intimidate|boost\n|-unboost|p1a: Amoonguss|atk|1\n|-unboost|p1b: Iron Hands|atk|1\n|-terastallize|p1b: Iron Hands|Fire\n|move|p1b: Iron Hands|Fire Punch|p2a: Arcanine\n|-resisted|p2a: Arcanine\n|-damage|p2a: Arcanine|64\/100\n|move|p2b: Iron Hands|Stomping Tantrum|p1a: Amoonguss\n|-damage|p1a: Amoonguss|77\/100\n|move|p1a: Amoonguss|Spore|p2b: Iron Hands\n|-immune|p2b: Iron Hands\n|\n|upkeep\n|turn|12\n|\n|t:|1682188928\n|-end|p1b: Iron Hands|Quark Drive|[silent]\n|switch|p1b: Iron Treads|Iron Treads, L50|25\/100\n|-end|p2b: Iron Hands|Quark Drive|[silent]\n|switch|p2b: Amoonguss|Amoonguss, L50, F|100\/100\n|move|p2a: Arcanine|Protect|p2a: Arcanine\n|-singleturn|p2a: Arcanine|Protect\n|move|p1a: Amoonguss|Protect||[still]\n|-fail|p1a: Amoonguss\n|\n|upkeep\n|turn|13\n|inactive|spammm has 30 seconds left.\n|inactive|spammm has 20 seconds left.\n|\n|t:|1682188966\n|move|p1a: Amoonguss|Protect|p1a: Amoonguss\n|-singleturn|p1a: Amoonguss|Protect\n|move|p1b: Iron Treads|Earthquake|p2b: Amoonguss|[spread] p2a,p2b\n|-activate|p1a: Amoonguss|move: Protect\n|-supereffective|p2a: Arcanine\n|-crit|p2b: Amoonguss\n|-damage|p2a: Arcanine|0 fnt\n|-damage|p2b: Amoonguss|55\/100\n|faint|p2a: Arcanine\n|move|p2b: Amoonguss|Spore|p1b: Iron Treads\n|-status|p1b: Iron Treads|slp|[from] move: Spore\n|\n|upkeep\n|\n|t:|1682188972\n|switch|p2a: Iron Hands|Iron Hands, L50, tera:Grass|81\/100\n|turn|14\n|\n|t:|1682188991\n|switch|p1a: Iron Hands|Iron Hands, L50, tera:Fire|100\/100\n|cant|p1b: Iron Treads|slp\n|move|p2a: Iron Hands|Stomping Tantrum|p1a: Iron Hands\n|-supereffective|p1a: Iron Hands\n|-damage|p1a: Iron Hands|63\/100\n|move|p2b: Amoonguss|Pollen Puff|p2a: Iron Hands\n|-heal|p2a: Iron Hands|100\/100\n|\n|upkeep\n|turn|15\n|inactive|spammm has 30 seconds left.\n|inactive|spammm has 20 seconds left.\n|inactive|spammm has 15 seconds left.\n|\n|t:|1682189019\n|-end|p1b: Iron Treads|Quark Drive|[silent]\n|switch|p1b: Amoonguss|Amoonguss, L50, M|100\/100\n|-end|p2a: Iron Hands|Quark Drive|[silent]\n|switch|p2a: Flutter Mane|Flutter Mane, L50|100\/100\n|move|p1a: Iron Hands|Fire Punch|p2b: Amoonguss\n|-supereffective|p2b: Amoonguss\n|-damage|p2b: Amoonguss|0 fnt\n|-damage|p1a: Iron Hands|47\/100|[from] item: Rocky Helmet|[of] p2b: Amoonguss\n|faint|p2b: Amoonguss\n|\n|upkeep\n|inactive|spammm has 15 seconds left this turn.\n|\n|t:|1682189026\n|switch|p2b: Iron Hands|Iron Hands, L50, tera:Grass|100\/100\n|turn|16\n|inactive|spammm has 15 seconds left this turn.\n|inactive|spammm has 10 seconds left.\n|inactive|spammm has 5 seconds left.\n|-message|spammm lost due to inactivity.\n|\n|win|Pokebet\n|raw|spammm's rating: 1347 → 1331<\/strong> (-16 for losing)\n|raw|Pokebet's rating: 1410 → 1426<\/strong> (+16 for winning)\n","uploadtime":1682189061,"views":8,"p1id":"spammm","p2id":"pokebet","formatid":"gen9vgc2023regulationc","rating":1331,"private":0,"password":""}