{"id":"gen9vgc2023regulationc-1857665651","p1":"austinerzs","p2":"OMGPACHIMARI","format":"[Gen 9] VGC 2023 Regulation C","log":"|j|\u2606austinerzs\n|j|\u2606OMGPACHIMARI\n|t:|1683219862\n|gametype|doubles\n|player|p1|austinerzs|266|\n|player|p2|OMGPACHIMARI|norman|\n|teamsize|p1|6\n|teamsize|p2|6\n|gen|9\n|tier|[Gen 9] VGC 2023 Regulation C\n|rule|Species Clause: Limit one of each Pok\u00e9mon\n|rule|Item Clause: Limit one of each item\n|clearpoke\n|poke|p1|Pachirisu, L50, F|\n|poke|p1|Armarouge, L50, M|\n|poke|p1|Kingambit, L50, F|\n|poke|p1|Indeedee, L50, M|\n|poke|p1|Hatterene, L50, F|\n|poke|p1|Baxcalibur, L50, F|\n|poke|p2|Indeedee-F, L50, F|\n|poke|p2|Garganacl, L50, M|\n|poke|p2|Ceruledge, L50, F|\n|poke|p2|Iron Valiant, L50|\n|poke|p2|Gyarados, L50, F|\n|poke|p2|Dedenne, L50, F|\n|teampreview|4\n|inactive|Battle timer is ON: inactive players will automatically lose when time's up. (requested by OMGPACHIMARI)\n|c|\u2606austinerzs|glhf!\n|c|\u2606OMGPACHIMARI|no u\nOMGPACHIMARI rejected open team sheets.\n|j| jayballester\n|c| jayballester|gl bois\n|inactive|austinerzs has 60 seconds left.\n|inactive|OMGPACHIMARI has 60 seconds left.\n|c|\u2606austinerzs|mind sending links n replays im on mobile so cant\n|c|\u2606OMGPACHIMARI|I can't do live links\n|c|\u2606OMGPACHIMARI|but I can do replays\n|inactiveoff|Battle timer is now OFF.\n|c| jayballester|i did it\n|\n|t:|1683219918\n|start\n|switch|p1a: Pachirisu|Pachirisu, L50, F|100\/100\n|switch|p1b: Armarouge|Armarouge, L50, M|100\/100\n|switch|p2a: Dedenne|Dedenne, L50, F|100\/100\n|switch|p2b: Iron Valiant|Iron Valiant, L50|100\/100\n|-item|p1a: Pachirisu|Air Balloon\n|turn|1\n|c| jayballester|np\n|c|\u2606OMGPACHIMARI|thanks jay\n|j| Tuxmux\n|j| Jstardude\n|c| jayballester|electric rat with psychic edgy boy who will win\n|c| jayballester|oh valiant aint psychic\n|n| Tuxmux|tuxmux\n|n| Jstardude|jstardude\n|c| Jstardude|XD\n|c|\u2606OMGPACHIMARI|I was like\n|c|\u2606OMGPACHIMARI|you described his team\n|\n|t:|1683219983\n|-terastallize|p2b: Iron Valiant|Fairy\n|move|p2a: Dedenne|Helping Hand|p2b: Iron Valiant\n|-singleturn|p2b: Iron Valiant|Helping Hand|[of] p2a: Dedenne\n|move|p1a: Pachirisu|Follow Me|p1a: Pachirisu\n|-singleturn|p1a: Pachirisu|move: Follow Me\n|move|p2b: Iron Valiant|Dazzling Gleam|p1b: Armarouge|[spread] p1a,p1b\n|-resisted|p1b: Armarouge\n|-damage|p1a: Pachirisu|21\/100\n|-damage|p1b: Armarouge|65\/100\n|-enditem|p1a: Pachirisu|Air Balloon\n|move|p1b: Armarouge|Expanding Force|p2b: Iron Valiant\n|-damage|p2b: Iron Valiant|28\/100\n|\n|upkeep\n|turn|2\n|c| Jstardude|Still edgy\n|n| Jstardude|jstardude\n|j| F3athers\n|c| Jstardude|Damn no ting lu this week\n|\n|t:|1683220027\n|switch|p1a: Indeedee|Indeedee, L50, M|100\/100\n|-fieldstart|move: Psychic Terrain|[from] ability: Psychic Surge|[of] p1a: Indeedee\n|move|p2a: Dedenne|Helping Hand|p2b: Iron Valiant\n|-singleturn|p2b: Iron Valiant|Helping Hand|[of] p2a: Dedenne\n|move|p2b: Iron Valiant|Dazzling Gleam|p1a: Indeedee|[spread] p1a,p1b\n|-resisted|p1b: Armarouge\n|-damage|p1a: Indeedee|7\/100\n|-damage|p1b: Armarouge|28\/100\n|move|p1b: Armarouge|Expanding Force|p2a: Dedenne|[spread] p2a,p2b\n|-damage|p2a: Dedenne|9\/100\n|-damage|p2b: Iron Valiant|0 fnt\n|-enditem|p2a: Dedenne|Aguav Berry|[eat]\n|-heal|p2a: Dedenne|42\/100|[from] item: Aguav Berry\n|-heal|p2a: Dedenne|76\/100|[from] ability: Cheek Pouch\n|faint|p2b: Iron Valiant\n|-end|p2b: Iron Valiant|Quark Drive|[silent]\n|\n|upkeep\n|c|\u2606austinerzs|ting lu is for sad ppl\n|\n|t:|1683220048\n|switch|p2b: Gyarados|Gyarados, L50, F|100\/100\n|turn|3\n|c| jayballester|damn that dedenne said no thanks\n|c|\u2606OMGPACHIMARI|the boi who lived\n|\n|t:|1683220070\n|-terastallize|p1b: Armarouge|Grass\n|move|p1a: Indeedee|Protect|p1a: Indeedee\n|-singleturn|p1a: Indeedee|Protect\n|move|p2a: Dedenne|Electric Terrain|p2a: Dedenne\n|-fieldstart|move: Electric Terrain\n|move|p2b: Gyarados|Bite|p1b: Armarouge\n|-damage|p1b: Armarouge|13\/100\n|-ability|p1b: Armarouge|Weak Armor|boost\n|-unboost|p1b: Armarouge|def|1\n|-boost|p1b: Armarouge|spe|2\n|cant|p1b: Armarouge|flinch\n|\n|upkeep\n|turn|4\n|c| Jstardude|Moxie gyara?\n|c|\u2606OMGPACHIMARI|oh it didn't save my last gya changes\n|c|\u2606OMGPACHIMARI|nice\n|\n|t:|1683220101\n|move|p1b: Armarouge|Expanding Force|p2b: Gyarados\n|-damage|p2b: Gyarados|75\/100\n|move|p2a: Dedenne|U-turn|p1a: Indeedee\n|-supereffective|p1a: Indeedee\n|-damage|p1a: Indeedee|0 fnt\n|faint|p1a: Indeedee\n|\n|t:|1683220106\n|switch|p2a: Indeedee|Indeedee-F, L50, F|100\/100|[from] U-turn\n|move|p2b: Gyarados|Ice Fang|p1b: Armarouge\n|-supereffective|p1b: Armarouge\n|-crit|p1b: Armarouge\n|-damage|p1b: Armarouge|0 fnt\n|faint|p1b: Armarouge\n|-ability|p2b: Gyarados|Moxie|boost\n|-boost|p2b: Gyarados|atk|1\n|\n|upkeep\n|\n|t:|1683220118\n|switch|p1a: Kingambit|Kingambit, L50, F|100\/100\n|switch|p1b: Pachirisu|Pachirisu, L50, F|21\/100\n|turn|5\n|c| F3athers|oh defiant gambit\n|c|\u2606austinerzs|i threw this already\n|c| jayballester|when there's two indeedees but the terrain is electric lmao\n|\n|t:|1683220161\n|move|p1b: Pachirisu|Follow Me|p1b: Pachirisu\n|-singleturn|p1b: Pachirisu|move: Follow Me\n|move|p2a: Indeedee|Dazzling Gleam|p1b: Pachirisu|[spread] p1a,p1b\n|-damage|p1a: Kingambit|90\/100\n|-damage|p1b: Pachirisu|4\/100\n|move|p2b: Gyarados|Waterfall|p1b: Pachirisu\n|-damage|p1b: Pachirisu|0 fnt\n|faint|p1b: Pachirisu\n|-ability|p2b: Gyarados|Moxie|boost\n|-boost|p2b: Gyarados|atk|1\n|move|p1a: Kingambit|Swords Dance|p1a: Kingambit\n|-boost|p1a: Kingambit|atk|2\n|\n|upkeep\n|turn|6\n|\n|t:|1683220176\n|move|p2a: Indeedee|Follow Me|p2a: Indeedee\n|-singleturn|p2a: Indeedee|move: Follow Me\n|move|p1a: Kingambit|Sucker Punch||[still]\n|-fail|p1a: Kingambit\n|move|p2b: Gyarados|Waterfall|p1a: Kingambit\n|-damage|p1a: Kingambit|33\/100\n|\n|upkeep\n|turn|7\n|\n|t:|1683220185\n|move|p2a: Indeedee|Follow Me|p2a: Indeedee\n|-singleturn|p2a: Indeedee|move: Follow Me\n|move|p2b: Gyarados|Waterfall|p1a: Kingambit\n|-damage|p1a: Kingambit|0 fnt\n|faint|p1a: Kingambit\n|\n|win|OMGPACHIMARI\n|c|\u2606OMGPACHIMARI|gg\n|c|\u2606austinerzs|man screw this indeedee\n|c|\u2606austinerzs|ggs\n|c| F3athers|holy its actually matcchu 8-0\n|l|\u2606austinerzs\n|c| Tuxmux|holy\n|l| F3athers\n|c|\u2606OMGPACHIMARI|waiting on replay\n|l| Jstardude\n|c|\u2606OMGPACHIMARI|idk why it isn't coming up\n","uploadtime":1683220276,"views":23,"p1id":"austinerzs","p2id":"omgpachimari","formatid":"gen9vgc2023regulationc","rating":0,"private":0,"password":""}