{"id":"gen9vgc2023regulationc-1859752013","p1":"HenryTDobson","p2":"KyouheiWasTaken","format":"[Gen 9] VGC 2023 Regulation C","log":"|j|\u2606HenryTDobson\n|j|\u2606KyouheiWasTaken\n|t:|1683561589\n|gametype|doubles\n|player|p1|HenryTDobson|lady|\n|player|p2|KyouheiWasTaken|n|\n|teamsize|p1|6\n|teamsize|p2|6\n|gen|9\n|tier|[Gen 9] VGC 2023 Regulation C\n|rule|Species Clause: Limit one of each Pok\u00e9mon\n|rule|Item Clause: Limit one of each item\n|clearpoke\n|poke|p1|Murkrow, L50, M|\n|poke|p1|Chi-Yu, L50|\n|poke|p1|Flutter Mane, L50|\n|poke|p1|Great Tusk, L50|\n|poke|p1|Brute Bonnet, L50|\n|poke|p1|Corviknight, L50, M|\n|poke|p2|Ting-Lu, L50|\n|poke|p2|Abomasnow, L50, F|\n|poke|p2|Flutter Mane, L50|\n|poke|p2|Iron Hands, L50|\n|poke|p2|Bronzong, L50|\n|poke|p2|Arcanine, L50, M|\n|teampreview|4\n|c|\u2606KyouheiWasTaken|Glhf\n|c|\u2606HenryTDobson|Gl hf\n|\n|t:|1683561710\n|start\n|switch|p1a: Speedwagon|Murkrow, L50, M, shiny|100\/100\n|switch|p1b: Amongus|Brute Bonnet, L50|100\/100\n|switch|p2a: Ting-Lu|Ting-Lu, L50|100\/100\n|switch|p2b: Bronzong|Bronzong, L50|100\/100\n|-ability|p2a: Ting-Lu|Vessel of Ruin\n|turn|1\n|\n|t:|1683561737\n|switch|p2a: Arcanine|Arcanine, L50, M|100\/100\n|-ability|p2a: Arcanine|Intimidate|boost\n|-unboost|p1a: Speedwagon|atk|1\n|-unboost|p1b: Amongus|atk|1\n|move|p1a: Speedwagon|Sunny Day|p1a: Speedwagon\n|-weather|SunnyDay\n|-activate|p1b: Amongus|ability: Protosynthesis\n|-start|p1b: Amongus|protosynthesisatk\n|move|p1b: Amongus|Spore|p2b: Bronzong\n|-activate|p2b: Bronzong|item: Safety Goggles|Spore\n|move|p2b: Bronzong|Safeguard|p2b: Bronzong\n|-sidestart|p2: KyouheiWasTaken|Safeguard\n|\n|-weather|SunnyDay|[upkeep]\n|upkeep\n|turn|2\n|\n|t:|1683561804\n|move|p1a: Speedwagon|Tailwind|p1a: Speedwagon\n|-sidestart|p1: HenryTDobson|move: Tailwind\n|move|p1b: Amongus|Sucker Punch||[still]\n|-fail|p1b: Amongus\n|move|p2a: Arcanine|Will-O-Wisp|p1b: Amongus\n|-status|p1b: Amongus|brn\n|move|p2b: Bronzong|Gyro Ball|p1a: Speedwagon\n|-damage|p1a: Speedwagon|56\/100\n|\n|-weather|SunnyDay|[upkeep]\n|-damage|p1b: Amongus|95\/100 brn|[from] brn\n|upkeep\n|turn|3\n|\n|t:|1683561826\n|move|p1b: Amongus|Sucker Punch|p2b: Bronzong\n|-supereffective|p2b: Bronzong\n|-damage|p2b: Bronzong|75\/100\n|move|p1a: Speedwagon|Foul Play|p2b: Bronzong\n|-supereffective|p2b: Bronzong\n|-damage|p2b: Bronzong|22\/100\n|move|p2a: Arcanine|Will-O-Wisp|p1a: Speedwagon\n|-status|p1a: Speedwagon|brn\n|move|p2b: Bronzong|Gyro Ball|p1a: Speedwagon\n|-damage|p1a: Speedwagon|10\/100 brn\n|\n|-weather|SunnyDay|[upkeep]\n|-damage|p1a: Speedwagon|4\/100 brn|[from] brn\n|-damage|p1b: Amongus|89\/100 brn|[from] brn\n|upkeep\n|turn|4\n|\n|t:|1683561850\n|move|p2a: Arcanine|Protect|p2a: Arcanine\n|-singleturn|p2a: Arcanine|Protect\n|move|p2b: Bronzong|Protect|p2b: Bronzong\n|-singleturn|p2b: Bronzong|Protect\n|move|p1b: Amongus|Sucker Punch||[still]\n|-fail|p1b: Amongus\n|move|p1a: Speedwagon|Foul Play|p2a: Arcanine\n|-activate|p2a: Arcanine|move: Protect\n|\n|-weather|SunnyDay|[upkeep]\n|-damage|p1a: Speedwagon|0 fnt|[from] brn\n|faint|p1a: Speedwagon\n|-damage|p1b: Amongus|83\/100 brn|[from] brn\n|upkeep\n|\n|t:|1683561855\n|switch|p1a: Manny|Great Tusk, L50|100\/100\n|-activate|p1a: Manny|ability: Protosynthesis\n|-start|p1a: Manny|protosynthesisatk\n|turn|5\n|\n|t:|1683561895\n|move|p1b: Amongus|Sucker Punch|p2b: Bronzong\n|-supereffective|p2b: Bronzong\n|-damage|p2b: Bronzong|0 fnt\n|faint|p2b: Bronzong\n|move|p1a: Manny|Earthquake|p2a: Arcanine|[spread] p1b,p2a\n|-resisted|p1b: Amongus\n|-supereffective|p2a: Arcanine\n|-damage|p1b: Amongus|59\/100 brn\n|-damage|p2a: Arcanine|0 fnt\n|faint|p2a: Arcanine\n|\n|-weather|none\n|-end|p1a: Manny|Protosynthesis\n|-end|p1b: Amongus|Protosynthesis\n|-damage|p1b: Amongus|53\/100 brn|[from] brn\n|-sideend|p2: KyouheiWasTaken|Safeguard\n|-sideend|p1: HenryTDobson|move: Tailwind\n|upkeep\n|\n|t:|1683561903\n|switch|p2a: Flutter Mane|Flutter Mane, L50|100\/100\n|switch|p2b: Ting-Lu|Ting-Lu, L50|100\/100\n|-ability|p2b: Ting-Lu|Vessel of Ruin\n|turn|6\n|\n|t:|1683561972\n|-terastallize|p2a: Flutter Mane|Fairy\n|move|p1b: Amongus|Rage Powder|p1b: Amongus\n|-singleturn|p1b: Amongus|move: Rage Powder\n|move|p1a: Manny|Earthquake|p2a: Flutter Mane|[spread] p1b,p2a,p2b\n|-resisted|p1b: Amongus\n|-damage|p1b: Amongus|33\/100 brn\n|-damage|p2a: Flutter Mane|40\/100\n|-damage|p2b: Ting-Lu|75\/100\n|move|p2a: Flutter Mane|Dazzling Gleam|p1b: Amongus|[spread] p1a,p1b\n|-supereffective|p1a: Manny\n|-supereffective|p1b: Amongus\n|-damage|p1a: Manny|0 fnt\n|-damage|p1b: Amongus|0 fnt\n|faint|p1a: Manny\n|-end|p1a: Manny|Protosynthesis|[silent]\n|faint|p1b: Amongus\n|-end|p1b: Amongus|Protosynthesis|[silent]\n|move|p2b: Ting-Lu|Stone Edge|p1: Manny|[notarget]\n|-fail|p2b: Ting-Lu\n|\n|upkeep\n|\n|t:|1683561989\n|switch|p1b: Corvo|Corviknight, L50, M|100\/100\n|turn|7\n|\n|t:|1683562017\n|move|p2a: Flutter Mane|Dazzling Gleam|p1b: Corvo\n|-resisted|p1b: Corvo\n|-damage|p1b: Corvo|66\/100\n|move|p1b: Corvo|Iron Head|p2a: Flutter Mane\n|-supereffective|p2a: Flutter Mane\n|-damage|p2a: Flutter Mane|0 fnt\n|faint|p2a: Flutter Mane\n|-end|p2a: Flutter Mane|Protosynthesis|[silent]\n|move|p2b: Ting-Lu|Stone Edge|p1b: Corvo\n|-damage|p1b: Corvo|19\/100\n|\n|upkeep\n|turn|8\n|\n|t:|1683562029\n|move|p1b: Corvo|Iron Head|p2b: Ting-Lu\n|-damage|p2b: Ting-Lu|42\/100\n|cant|p2b: Ting-Lu|flinch\n|\n|upkeep\n|turn|9\n|\n|t:|1683562035\n|move|p1b: Corvo|Iron Head|p2b: Ting-Lu\n|-damage|p2b: Ting-Lu|10\/100\n|cant|p2b: Ting-Lu|flinch\n|\n|upkeep\n|turn|10\n|c|\u2606KyouheiWasTaken|Omfg\n|c|\u2606KyouheiWasTaken|You won because of double flinch\n|\n|t:|1683562052\n|move|p1b: Corvo|Iron Head|p2b: Ting-Lu\n|-damage|p2b: Ting-Lu|0 fnt\n|faint|p2b: Ting-Lu\n|\n|win|HenryTDobson\n|l|\u2606KyouheiWasTaken\n|c|\u2606HenryTDobson|Gg\n|l|\u2606HenryTDobson\n|j|\u2606HenryTDobson\n|player|p1|HenryTDobson|lady\n","uploadtime":1683562077,"views":15,"p1id":"henrytdobson","p2id":"kyouheiwastaken","formatid":"gen9vgc2023regulationc","rating":0,"private":0,"password":""}