{"id":"gen9vgc2023regulationc-1853154580","p1":"frog5678911","p2":"Beyontle","format":"[Gen 9] VGC 2023 Regulation C","log":"|j|\u2606frog5678911\n|j|\u2606Beyontle\n|t:|1682641842\n|gametype|doubles\n|player|p1|frog5678911|acetrainer-gen4dp|1014\n|player|p2|Beyontle|gambler|1046\n|teamsize|p1|6\n|teamsize|p2|6\n|gen|9\n|tier|[Gen 9] VGC 2023 Regulation C\n|rated|\n|rule|Species Clause: Limit one of each Pok\u00e9mon\n|rule|Item Clause: Limit one of each item\n|clearpoke\n|poke|p1|Annihilape, L50, M|\n|poke|p1|Tatsugiri-Droopy, L50, M|\n|poke|p1|Dondozo, L50, M|\n|poke|p1|Cetitan, L50, F|\n|poke|p1|Indeedee-F, L50, F|\n|poke|p1|Kingambit, L50, M|\n|poke|p2|Wo-Chien, L50|\n|poke|p2|Maushold, L50|\n|poke|p2|Pawmot, L50, F|\n|poke|p2|Gyarados, L50, M|\n|poke|p2|Azumarill, L50, F|\n|poke|p2|Annihilape, L50, M|\n|teampreview|4\nBeyontle rejected open team sheets.\n|inactive|Battle timer is ON: inactive players will automatically lose when time's up. (requested by frog5678911)\n|\n|t:|1682641864\n|start\n|switch|p1a: Indeedee|Indeedee-F, L50, F|100\/100\n|switch|p1b: Cetitan|Cetitan, L50, F|100\/100\n|switch|p2a: Wo-Chien|Wo-Chien, L50|100\/100\n|switch|p2b: Maushold|Maushold, L50|100\/100\n|-fieldstart|move: Psychic Terrain|[from] ability: Psychic Surge|[of] p1a: Indeedee\n|-ability|p2a: Wo-Chien|Tablets of Ruin\n|turn|1\n|inactive|Beyontle has 30 seconds left.\n|\n|t:|1682641891\n|move|p2b: Maushold|Protect|p2b: Maushold\n|-singleturn|p2b: Maushold|Protect\n|move|p1a: Indeedee|Follow Me|p1a: Indeedee\n|-singleturn|p1a: Indeedee|move: Follow Me\n|move|p1b: Cetitan|Belly Drum|p1b: Cetitan\n|-damage|p1b: Cetitan|50\/100\n|-setboost|p1b: Cetitan|atk|6|[from] move: Belly Drum\n|-enditem|p1b: Cetitan|Sitrus Berry|[eat]\n|-heal|p1b: Cetitan|75\/100|[from] item: Sitrus Berry\n|move|p2a: Wo-Chien|Pollen Puff|p1a: Indeedee\n|-supereffective|p1a: Indeedee\n|-damage|p1a: Indeedee|54\/100\n|\n|upkeep\n|turn|2\n|\n|t:|1682641910\n|move|p2a: Wo-Chien|Protect|p2a: Wo-Chien\n|-singleturn|p2a: Wo-Chien|Protect\n|move|p2b: Maushold|Encore|p1b: Cetitan\n|-start|p1b: Cetitan|Encore\n|move|p1a: Indeedee|Reflect|p1a: Indeedee\n|-sidestart|p1: frog5678911|Reflect\n|move|p1b: Cetitan|Belly Drum||[still]\n|-fail|p1b: Cetitan\n|\n|upkeep\n|turn|3\n|inactive|Beyontle has 30 seconds left.\n|\n|t:|1682641936\n|switch|p2b: Annihilape|Annihilape, L50, M|100\/100\n|move|p1a: Indeedee|Light Screen|p1a: Indeedee\n|-sidestart|p1: frog5678911|move: Light Screen\n|move|p1b: Cetitan|Belly Drum||[still]\n|-fail|p1b: Cetitan\n|move|p2a: Wo-Chien|Leech Seed|p1b: Cetitan\n|-start|p1b: Cetitan|move: Leech Seed\n|\n|-damage|p1b: Cetitan|63\/100|[from] Leech Seed|[of] p2a: Wo-Chien\n|upkeep\n|turn|4\n|\n|t:|1682641953\n|move|p1a: Indeedee|Follow Me|p1a: Indeedee\n|-singleturn|p1a: Indeedee|move: Follow Me\n|move|p1b: Cetitan|Belly Drum||[still]\n|-fail|p1b: Cetitan\n|move|p2b: Annihilape|Bulk Up|p2b: Annihilape\n|-boost|p2b: Annihilape|atk|1\n|-boost|p2b: Annihilape|def|1\n|move|p2a: Wo-Chien|Pollen Puff|p1a: Indeedee\n|-supereffective|p1a: Indeedee\n|-damage|p1a: Indeedee|26\/100\n|\n|-damage|p1b: Cetitan|51\/100|[from] Leech Seed|[of] p2a: Wo-Chien\n|-end|p1b: Cetitan|Encore\n|upkeep\n|turn|5\n|inactive|Beyontle has 30 seconds left.\n|\n|t:|1682641980\n|move|p1a: Indeedee|Protect|p1a: Indeedee\n|-singleturn|p1a: Indeedee|Protect\n|move|p2a: Wo-Chien|Protect|p2a: Wo-Chien\n|-singleturn|p2a: Wo-Chien|Protect\n|move|p1b: Cetitan|Earthquake|p2b: Annihilape|[spread] p2b\n|-activate|p1a: Indeedee|move: Protect\n|-activate|p2a: Wo-Chien|move: Protect\n|-crit|p2b: Annihilape\n|-damage|p2b: Annihilape|0 fnt\n|faint|p2b: Annihilape\n|\n|-damage|p1b: Cetitan|39\/100|[from] Leech Seed|[of] p2a: Wo-Chien\n|-fieldend|move: Psychic Terrain\n|upkeep\n|\n|t:|1682641997\n|switch|p2b: Gyarados|Gyarados, L50, M|100\/100\n|-ability|p2b: Gyarados|Intimidate|boost\n|-unboost|p1a: Indeedee|atk|1\n|-unboost|p1b: Cetitan|atk|1\n|turn|6\n|\n|t:|1682642014\n|move|p1a: Indeedee|Follow Me|p1a: Indeedee\n|-singleturn|p1a: Indeedee|move: Follow Me\n|move|p1b: Cetitan|Ice Shard|p2a: Wo-Chien\n|-supereffective|p2a: Wo-Chien\n|-damage|p2a: Wo-Chien|21\/100\n|move|p2b: Gyarados|Waterfall|p1a: Indeedee\n|-damage|p1a: Indeedee|2\/100\n|move|p2a: Wo-Chien|Pollen Puff|p1a: Indeedee\n|-supereffective|p1a: Indeedee\n|-damage|p1a: Indeedee|0 fnt\n|faint|p1a: Indeedee\n|\n|-heal|p2a: Wo-Chien|27\/100|[from] item: Leftovers\n|-damage|p1b: Cetitan|27\/100|[from] Leech Seed|[of] p2a: Wo-Chien\n|-heal|p2a: Wo-Chien|43\/100|[silent]\n|upkeep\n|\n|t:|1682642033\n|switch|p1a: Kingambit|Kingambit, L50, M|100\/100\n|turn|7\n|\n|t:|1682642054\n|move|p1b: Cetitan|Ice Shard|p2b: Gyarados\n|-damage|p2b: Gyarados|41\/100\n|move|p2b: Gyarados|Whirlpool|p1a: Kingambit\n|-damage|p1a: Kingambit|95\/100\n|-activate|p1a: Kingambit|move: Whirlpool|[of] p2b: Gyarados\n|move|p2a: Wo-Chien|Ruination|p1a: Kingambit\n|-damage|p1a: Kingambit|48\/100\n|move|p1a: Kingambit|Stone Edge|p2b: Gyarados\n|-supereffective|p2b: Gyarados\n|-damage|p2b: Gyarados|0 fnt\n|faint|p2b: Gyarados\n|-damage|p1a: Kingambit|38\/100|[from] item: Life Orb\n|\n|-heal|p2a: Wo-Chien|49\/100|[from] item: Leftovers\n|-damage|p1b: Cetitan|14\/100|[from] Leech Seed|[of] p2a: Wo-Chien\n|-heal|p2a: Wo-Chien|66\/100|[silent]\n|-end|p1a: Kingambit|Whirlpool|[partiallytrapped]|[silent]\n|upkeep\n|\n|t:|1682642069\n|switch|p2b: Maushold|Maushold, L50|100\/100\n|turn|8\n|\n|t:|1682642086\n|move|p2b: Maushold|Protect|p2b: Maushold\n|-singleturn|p2b: Maushold|Protect\n|move|p2a: Wo-Chien|Protect|p2a: Wo-Chien\n|-singleturn|p2a: Wo-Chien|Protect\n|move|p1b: Cetitan|Ice Shard|p2a: Wo-Chien\n|-activate|p2a: Wo-Chien|move: Protect\n|move|p1a: Kingambit|Kowtow Cleave|p2b: Maushold\n|-activate|p2b: Maushold|move: Protect\n|\n|-heal|p2a: Wo-Chien|72\/100|[from] item: Leftovers\n|-damage|p1b: Cetitan|2\/100|[from] Leech Seed|[of] p2a: Wo-Chien\n|-heal|p2a: Wo-Chien|88\/100|[silent]\n|upkeep\n|turn|9\n|inactive|Beyontle has 30 seconds left.\n|\n|t:|1682642116\n|-terastallize|p1b: Cetitan|Ground\n|move|p1a: Kingambit|Sucker Punch|p2a: Wo-Chien\n|-resisted|p2a: Wo-Chien\n|-damage|p2a: Wo-Chien|76\/100\n|-damage|p1a: Kingambit|29\/100|[from] item: Life Orb\n|move|p2b: Maushold|Beat Up|p1b: Cetitan\n|-damage|p1b: Cetitan|1\/100\n|-damage|p1b: Cetitan|0 fnt\n|faint|p1b: Cetitan\n|-hitcount|p1: Cetitan|2\n|move|p2a: Wo-Chien|Pollen Puff|p1a: Kingambit\n|-damage|p1a: Kingambit|15\/100\n|\n|-heal|p2a: Wo-Chien|82\/100|[from] item: Leftovers\n|-sideend|p1: frog5678911|Reflect\n|upkeep\n|\n|t:|1682642130\n|switch|p1b: Annihilape|Annihilape, L50, M|100\/100\n|turn|10\n|\n|t:|1682642147\n|-terastallize|p2b: Maushold|Poison\n|move|p1b: Annihilape|Protect|p1b: Annihilape\n|-singleturn|p1b: Annihilape|Protect\n|move|p2b: Maushold|Follow Me|p2b: Maushold\n|-singleturn|p2b: Maushold|move: Follow Me\n|move|p2a: Wo-Chien|Leech Seed|p1b: Annihilape\n|-activate|p1b: Annihilape|move: Protect\n|move|p1a: Kingambit|Stone Edge|p2b: Maushold\n|-damage|p2b: Maushold|52\/100\n|-damage|p1a: Kingambit|5\/100|[from] item: Life Orb\n|\n|-heal|p2a: Wo-Chien|88\/100|[from] item: Leftovers\n|-sideend|p1: frog5678911|move: Light Screen\n|upkeep\n|turn|11\n|\n|t:|1682642167\n|move|p2b: Maushold|Encore|p1b: Annihilape\n|-start|p1b: Annihilape|Encore\n|move|p1b: Annihilape|Protect||[still]\n|-fail|p1b: Annihilape\n|move|p2a: Wo-Chien|Pollen Puff|p2b: Maushold\n|-heal|p2b: Maushold|100\/100\n|move|p1a: Kingambit|Kowtow Cleave|p2b: Maushold\n|-damage|p2b: Maushold|38\/100\n|-damage|p1a: Kingambit|0 fnt|[from] item: Life Orb\n|faint|p1a: Kingambit\n|\n|-heal|p2a: Wo-Chien|94\/100|[from] item: Leftovers\n|upkeep\n|turn|12\n|\n|t:|1682642188\n|move|p1b: Annihilape|Protect|p1b: Annihilape\n|-singleturn|p1b: Annihilape|Protect\n|move|p2b: Maushold|Follow Me|p2b: Maushold\n|-singleturn|p2b: Maushold|move: Follow Me\n|move|p2a: Wo-Chien|Leech Seed|p1b: Annihilape\n|-activate|p1b: Annihilape|move: Protect\n|\n|-heal|p2a: Wo-Chien|99\/100|[from] item: Leftovers\n|upkeep\n|turn|13\n|\n|t:|1682642199\n|move|p1b: Annihilape|Protect||[still]\n|-fail|p1b: Annihilape\n|move|p2b: Maushold|Beat Up|p1b: Annihilape\n|-damage|p1b: Annihilape|98\/100\n|-damage|p1b: Annihilape|96\/100\n|-hitcount|p1b: Annihilape|2\n|move|p2a: Wo-Chien|Leech Seed|p1b: Annihilape\n|-start|p1b: Annihilape|move: Leech Seed\n|\n|-heal|p2a: Wo-Chien|100\/100|[from] item: Leftovers\n|-damage|p1b: Annihilape|84\/100|[from] Leech Seed|[of] p2a: Wo-Chien\n|-end|p1b: Annihilape|Encore\n|upkeep\n|turn|14\n|\n|t:|1682642216\n|move|p2b: Maushold|Encore|p1b: Annihilape\n|-start|p1b: Annihilape|Encore\n|move|p1b: Annihilape|Protect|p1b: Annihilape\n|-singleturn|p1b: Annihilape|Protect\n|move|p2a: Wo-Chien|Ruination|p1b: Annihilape\n|-activate|p1b: Annihilape|move: Protect\n|\n|-damage|p1b: Annihilape|71\/100|[from] Leech Seed|[of] p2a: Wo-Chien\n|upkeep\n|turn|15\n|\n|t:|1682642232\n|move|p1b: Annihilape|Protect|p1b: Annihilape\n|-singleturn|p1b: Annihilape|Protect\n|move|p2b: Maushold|Follow Me|p2b: Maushold\n|-singleturn|p2b: Maushold|move: Follow Me\n|move|p2a: Wo-Chien|Ruination|p1b: Annihilape\n|-activate|p1b: Annihilape|move: Protect\n|\n|-damage|p1b: Annihilape|59\/100|[from] Leech Seed|[of] p2a: Wo-Chien\n|upkeep\n|turn|16\n|\n|t:|1682642244\n|move|p1b: Annihilape|Protect|p1b: Annihilape\n|-singleturn|p1b: Annihilape|Protect\n|move|p2b: Maushold|Follow Me|p2b: Maushold\n|-singleturn|p2b: Maushold|move: Follow Me\n|move|p2a: Wo-Chien|Ruination|p1b: Annihilape\n|-activate|p1b: Annihilape|move: Protect\n|\n|-damage|p1b: Annihilape|47\/100|[from] Leech Seed|[of] p2a: Wo-Chien\n|-end|p1b: Annihilape|Encore\n|upkeep\n|turn|17\n|c|\u2606Beyontle|Triple?\n|\n|t:|1682642258\n|move|p2b: Maushold|Encore|p1b: Annihilape\n|-start|p1b: Annihilape|Encore\n|move|p1b: Annihilape|Protect||[still]\n|-fail|p1b: Annihilape\n|move|p2a: Wo-Chien|Ruination|p1b: Annihilape|[miss]\n|-miss|p2a: Wo-Chien|p1b: Annihilape\n|\n|-damage|p1b: Annihilape|34\/100|[from] Leech Seed|[of] p2a: Wo-Chien\n|upkeep\n|turn|18\n|\n|t:|1682642271\n|move|p1b: Annihilape|Protect|p1b: Annihilape\n|-singleturn|p1b: Annihilape|Protect\n|move|p2b: Maushold|Beat Up|p1b: Annihilape\n|-activate|p1b: Annihilape|move: Protect\n|move|p2a: Wo-Chien|Pollen Puff|p2b: Maushold\n|-heal|p2b: Maushold|88\/100\n|\n|-damage|p1b: Annihilape|22\/100|[from] Leech Seed|[of] p2a: Wo-Chien\n|upkeep\n|turn|19\n|c|\u2606frog5678911|it's what happens wen you stall like this\n|\n|t:|1682642288\n|move|p1b: Annihilape|Protect|p1b: Annihilape\n|-singleturn|p1b: Annihilape|Protect\n|move|p2b: Maushold|Follow Me|p2b: Maushold\n|-singleturn|p2b: Maushold|move: Follow Me\n|move|p2a: Wo-Chien|Ruination|p1b: Annihilape\n|-activate|p1b: Annihilape|move: Protect\n|\n|-damage|p1b: Annihilape|9\/100|[from] Leech Seed|[of] p2a: Wo-Chien\n|-end|p1b: Annihilape|Encore\n|upkeep\n|turn|20\n|\n|t:|1682642298\n|move|p2b: Maushold|Protect|p2b: Maushold\n|-singleturn|p2b: Maushold|Protect\n|move|p2a: Wo-Chien|Protect|p2a: Wo-Chien\n|-singleturn|p2a: Wo-Chien|Protect\n|move|p1b: Annihilape|Gunk Shot|p2a: Wo-Chien\n|-activate|p2a: Wo-Chien|move: Protect\n|\n|-damage|p1b: Annihilape|0 fnt|[from] Leech Seed|[of] p2a: Wo-Chien\n|faint|p1b: Annihilape\n|\n|win|Beyontle\n|upkeep\n|raw|frog5678911's rating: 1014 → 1003<\/strong> (-11 for losing)\n|raw|Beyontle's rating: 1046 → 1076<\/strong> (+30 for winning)\n|l|\u2606frog5678911\n|c|\u2606Beyontle|that was unlucky\n|c|\u2606Beyontle|gg\n","uploadtime":1682642318,"views":7,"p1id":"frog5678911","p2id":"beyontle","formatid":"gen9vgc2023regulationc","rating":1003,"private":0,"password":""}