{"id":"gen9vgc2023regulationc-1862303193","p1":"BienMrd","p2":"foiledfeline","format":"[Gen 9] VGC 2023 Regulation C","log":"|j|\u2606BienMrd\n|j|\u2606foiledfeline\n|t:|1683862375\n|gametype|doubles\n|player|p1|BienMrd|265|1236\n|player|p2|foiledfeline|steven|1337\n|teamsize|p1|6\n|teamsize|p2|6\n|gen|9\n|tier|[Gen 9] VGC 2023 Regulation C\n|rated|\n|rule|Species Clause: Limit one of each Pok\u00e9mon\n|rule|Item Clause: Limit one of each item\n|clearpoke\n|poke|p1|Dragonite, L50, F|\n|poke|p1|Amoonguss, L50, M|\n|poke|p1|Iron Bundle, L50|\n|poke|p1|Arcanine, L50, F|\n|poke|p1|Palafin, L50, M|\n|poke|p1|Chien-Pao, L50|\n|poke|p2|Chi-Yu, L50|\n|poke|p2|Talonflame, L50, M|\n|poke|p2|Breloom, L50, F|\n|poke|p2|Gyarados, L50, F|\n|poke|p2|Garchomp, L50, M|\n|poke|p2|Flutter Mane, L50|\n|teampreview|4\nBienMrd has agreed to open team sheets.\nfoiledfeline has agreed to open team sheets.\n|inactive|Battle timer is ON: inactive players will automatically lose when time's up. (requested by BienMrd)\n|\n|t:|1683862443\n|start\n|switch|p1a: Dragonite|Dragonite, L50, F|100\/100\n|switch|p1b: Palafin|Palafin, L50, M|100\/100\n|switch|p2a: Talonflame|Talonflame, L50, M|100\/100\n|switch|p2b: Garchomp|Garchomp, L50, M|100\/100\n|turn|1\n|\n|t:|1683862459\n|detailschange|p1b: Palafin|Palafin-Hero, L50, M\n|switch|p1b: Arcanine|Arcanine, L50, F|100\/100\n|-ability|p1b: Arcanine|Intimidate|boost\n|-unboost|p2a: Talonflame|atk|1\n|-fail|p2b: Garchomp|unboost|[from] item: Clear Amulet|[of] p2b: Garchomp\n|-terastallize|p2a: Talonflame|Ghost\n|move|p2a: Talonflame|Tailwind|p2a: Talonflame\n|-sidestart|p2: foiledfeline|move: Tailwind\n|move|p2b: Garchomp|Rock Slide|p1a: Dragonite|[spread] p1a\n|-miss|p2b: Garchomp|p1b: Arcanine\n|-supereffective|p1a: Dragonite\n|-damage|p1a: Dragonite|56\/100\n|move|p1a: Dragonite|Outrage|p2a: Talonflame\n|-damage|p2a: Talonflame|0 fnt\n|faint|p2a: Talonflame\n|\n|upkeep\n|\n|t:|1683862477\n|switch|p2a: Gyarados|Gyarados, L50, F|100\/100\n|-ability|p2a: Gyarados|Intimidate|boost\n|-fail|p1a: Dragonite|unboost|Attack|[from] ability: Inner Focus|[of] p1a: Dragonite\n|-unboost|p1b: Arcanine|atk|1\n|turn|2\n|inactive|BienMrd has 30 seconds left.\n|\n|t:|1683862510\n|move|p2b: Garchomp|Dragon Claw|p1a: Dragonite\n|-supereffective|p1a: Dragonite\n|-damage|p1a: Dragonite|0 fnt\n|faint|p1a: Dragonite\n|move|p2a: Gyarados|Taunt|p1b: Arcanine\n|-start|p1b: Arcanine|move: Taunt\n|cant|p1b: Arcanine|move: Taunt|Will-O-Wisp\n|\n|upkeep\n|\n|t:|1683862521\n|switch|p1a: Palafin|Palafin-Hero, L50, M|100\/100\n|-activate|p1a: Palafin|ability: Zero to Hero\n|turn|3\n|\n|t:|1683862538\n|move|p1a: Palafin|Protect|p1a: Palafin\n|-singleturn|p1a: Palafin|Protect\n|move|p1b: Arcanine|Extreme Speed|p2a: Gyarados\n|-damage|p2a: Gyarados|84\/100\n|move|p2b: Garchomp|Earthquake|p1b: Arcanine|[spread] p1b\n|-activate|p1a: Palafin|move: Protect\n|-immune|p2a: Gyarados\n|-supereffective|p1b: Arcanine\n|-damage|p1b: Arcanine|5\/100\n|move|p2a: Gyarados|Thunder Wave|p1a: Palafin\n|-activate|p1a: Palafin|move: Protect\n|\n|upkeep\n|turn|4\n|inactive|BienMrd has 30 seconds left.\n|\n|t:|1683862563\n|-terastallize|p1a: Palafin|Water\n|move|p1b: Arcanine|Extreme Speed|p2a: Gyarados\n|-damage|p2a: Gyarados|67\/100\n|move|p2b: Garchomp|Earthquake|p1a: Palafin|[spread] p1a,p1b\n|-immune|p2a: Gyarados\n|-supereffective|p1b: Arcanine\n|-damage|p1a: Palafin|63\/100\n|-damage|p1b: Arcanine|0 fnt\n|faint|p1b: Arcanine\n|move|p2a: Gyarados|Thunder Wave|p1a: Palafin\n|-status|p1a: Palafin|par\n|move|p1a: Palafin|Wave Crash|p2b: Garchomp\n|-damage|p2b: Garchomp|0 fnt\n|-damage|p1a: Palafin|50\/100 par|[from] ability: Rough Skin|[of] p2b: Garchomp\n|faint|p2b: Garchomp\n|-damage|p1a: Palafin|17\/100 par|[from] Recoil\n|\n|-sideend|p2: foiledfeline|move: Tailwind\n|upkeep\n|\n|t:|1683862584\n|switch|p1b: Iron Bundle|Iron Bundle, L50|100\/100\n|switch|p2b: Breloom|Breloom, L50, F|100\/100\n|-enditem|p1b: Iron Bundle|Booster Energy\n|-activate|p1b: Iron Bundle|ability: Quark Drive|[fromitem]\n|-start|p1b: Iron Bundle|quarkdrivespe\n|turn|5\n|inactive|BienMrd has 30 seconds left.\n|inactive|BienMrd has 20 seconds left.\n|inactive|BienMrd has 15 seconds left.\n|inactive|foiledfeline has 30 seconds left.\n|\n|t:|1683862630\n|move|p2a: Gyarados|Helping Hand|p2b: Breloom\n|-singleturn|p2b: Breloom|Helping Hand|[of] p2a: Gyarados\n|move|p2b: Breloom|Mach Punch|p1b: Iron Bundle\n|-supereffective|p1b: Iron Bundle\n|-damage|p1b: Iron Bundle|0 fnt\n|faint|p1b: Iron Bundle\n|-end|p1b: Iron Bundle|Quark Drive|[silent]\n|move|p1a: Palafin|Jet Punch|p2b: Breloom\n|-resisted|p2b: Breloom\n|-damage|p2b: Breloom|50\/100\n|\n|upkeep\n|turn|6\n|\n|t:|1683862643\n|move|p2b: Breloom|Mach Punch|p1a: Palafin\n|-damage|p1a: Palafin|0 fnt\n|faint|p1a: Palafin\n|\n|win|foiledfeline\n|raw|BienMrd's rating: 1236 → 1218<\/strong> (-18 for losing)\n|raw|foiledfeline's rating: 1337 → 1351<\/strong> (+14 for winning)\n|l|\u2606BienMrd\n","uploadtime":1683862666,"views":12,"p1id":"bienmrd","p2id":"foiledfeline","formatid":"gen9vgc2023regulationc","rating":1218,"private":0,"password":""}