{"id":"gen9vgc2023regulationc-1855321964","p1":"wisedyVGC","p2":"bombart","format":"[Gen 9] VGC 2023 Regulation C","log":"|j|\u2606wisedyVGC\n|j|\u2606bombart\n|t:|1682936742\n|gametype|doubles\n|player|p1|wisedyVGC|cynthia-gen4|1498\n|player|p2|bombart|benga|1597\n|teamsize|p1|6\n|teamsize|p2|6\n|gen|9\n|tier|[Gen 9] VGC 2023 Regulation C\n|rated|\n|rule|Species Clause: Limit one of each Pok\u00e9mon\n|rule|Item Clause: Limit one of each item\n|clearpoke\n|poke|p1|Iron Hands, L50|\n|poke|p1|Amoonguss, L50, F|\n|poke|p1|Chi-Yu, L50|\n|poke|p1|Iron Bundle, L50|\n|poke|p1|Mimikyu, L50, F|\n|poke|p1|Dragonite, L50, F|\n|poke|p2|Baxcalibur, L50, M|\n|poke|p2|Iron Hands, L50|\n|poke|p2|Gyarados, L50, M|\n|poke|p2|Iron Bundle, L50|\n|poke|p2|Chi-Yu, L50|\n|poke|p2|Amoonguss, L50, M|\n|teampreview|4\n|inactive|Battle timer is ON: inactive players will automatically lose when time's up. (requested by wisedyVGC)\nwisedyVGC has agreed to open team sheets.\nbombart has agreed to open team sheets.\n|inactive|wisedyVGC has 60 seconds left.\n|inactive|bombart has 60 seconds left.\n|inactive|wisedyVGC has 30 seconds left.\n|inactive|bombart has 30 seconds left.\n|\n|t:|1682936808\n|start\n|switch|p1a: Bob|Iron Bundle, L50|100\/100\n|switch|p1b: Mary|Mimikyu, L50, F|100\/100\n|switch|p2a: Iron Bundle|Iron Bundle, L50|100\/100\n|switch|p2b: Chi-Yu|Chi-Yu, L50|100\/100\n|-ability|p2b: Chi-Yu|Beads of Ruin\n|-enditem|p2a: Iron Bundle|Booster Energy\n|-activate|p2a: Iron Bundle|ability: Quark Drive|[fromitem]\n|-start|p2a: Iron Bundle|quarkdrivespe\n|-enditem|p1a: Bob|Booster Energy\n|-activate|p1a: Bob|ability: Quark Drive|[fromitem]\n|-start|p1a: Bob|quarkdrivespe\n|turn|1\n|\n|t:|1682936828\n|move|p1a: Bob|Protect|p1a: Bob\n|-singleturn|p1a: Bob|Protect\n|move|p2a: Iron Bundle|Icy Wind|p1b: Mary|[spread] p1b\n|-activate|p1a: Bob|move: Protect\n|-activate|p1b: Mary|ability: Disguise\n|-damage|p1b: Mary|100\/100\n|-unboost|p1b: Mary|spe|1\n|detailschange|p1b: Mary|Mimikyu-Busted, L50, F\n|-damage|p1b: Mary|89\/100|[from] pokemon: Mimikyu-Busted\n|move|p2b: Chi-Yu|Heat Wave|p1b: Mary|[spread] p1b\n|-activate|p1a: Bob|move: Protect\n|-damage|p1b: Mary|9\/100\n|-damage|p2b: Chi-Yu|91\/100|[from] item: Life Orb\n|move|p1b: Mary|Play Rough|p2a: Iron Bundle\n|-damage|p2a: Iron Bundle|32\/100\n|-damage|p1b: Mary|0 fnt|[from] item: Life Orb\n|faint|p1b: Mary\n|\n|upkeep\n|\n|t:|1682936845\n|switch|p1b: Susan|Dragonite, L50, F|100\/100\n|turn|2\n|\n|t:|1682936860\n|move|p2a: Iron Bundle|Protect|p2a: Iron Bundle\n|-singleturn|p2a: Iron Bundle|Protect\n|move|p1a: Bob|Freeze-Dry|p2a: Iron Bundle\n|-activate|p2a: Iron Bundle|move: Protect\n|move|p2b: Chi-Yu|Dark Pulse|p1b: Susan\n|-damage|p1b: Susan|31\/100\n|-damage|p2b: Chi-Yu|81\/100|[from] item: Life Orb\n|move|p1b: Susan|Dragon Dance|p1b: Susan\n|-boost|p1b: Susan|atk|1\n|-boost|p1b: Susan|spe|1\n|\n|upkeep\n|turn|3\n|\n|t:|1682936880\n|move|p1b: Susan|Extreme Speed|p2a: Iron Bundle\n|-crit|p2a: Iron Bundle\n|-damage|p2a: Iron Bundle|0 fnt\n|faint|p2a: Iron Bundle\n|-end|p2a: Iron Bundle|Quark Drive|[silent]\n|move|p1a: Bob|Hydro Pump|p2b: Chi-Yu\n|-supereffective|p2b: Chi-Yu\n|-damage|p2b: Chi-Yu|0 fnt\n|faint|p2b: Chi-Yu\n|\n|upkeep\n|\n|t:|1682936890\n|switch|p2a: Iron Hands|Iron Hands, L50|100\/100\n|switch|p2b: Baxcalibur|Baxcalibur, L50, M|100\/100\n|turn|4\n|inactive|wisedyVGC has 30 seconds left.\n|inactive|bombart has 30 seconds left.\n|\n|t:|1682936922\n|-end|p1a: Bob|Quark Drive|[silent]\n|switch|p1a: John|Iron Hands, L50|100\/100\n|move|p2a: Iron Hands|Fake Out|p1b: Susan\n|-damage|p1b: Susan|15\/100\n|move|p2b: Baxcalibur|Ice Shard|p1b: Susan\n|-supereffective|p1b: Susan\n|-damage|p1b: Susan|0 fnt\n|faint|p1b: Susan\n|\n|upkeep\n|\n|t:|1682936930\n|switch|p1b: Bob|Iron Bundle, L50|100\/100\n|turn|5\n|\n|t:|1682936947\n|-terastallize|p1b: Bob|Ice\n|-terastallize|p2b: Baxcalibur|Poison\n|move|p1b: Bob|Freeze-Dry|p2b: Baxcalibur\n|-damage|p2b: Baxcalibur|60\/100\n|move|p2b: Baxcalibur|Icicle Crash|p1a: John\n|-damage|p1a: John|64\/100\n|cant|p1a: John|flinch\n|move|p2a: Iron Hands|Drain Punch|p1b: Bob\n|-supereffective|p1b: Bob\n|-damage|p1b: Bob|8\/100\n|\n|upkeep\n|turn|6\n|\n|t:|1682936965\n|move|p1b: Bob|Protect|p1b: Bob\n|-singleturn|p1b: Bob|Protect\n|move|p2b: Baxcalibur|Ice Shard|p1b: Bob\n|-activate|p1b: Bob|move: Protect\n|move|p1a: John|Wild Charge|p2b: Baxcalibur\n|-damage|p2b: Baxcalibur|10\/100\n|-damage|p1a: John|53\/100|[from] Recoil\n|move|p2a: Iron Hands|Drain Punch|p1a: John\n|-damage|p1a: John|26\/100\n|\n|upkeep\n|turn|7\n|\n|t:|1682936982\n|move|p1b: Bob|Protect||[still]\n|-fail|p1b: Bob\n|move|p2b: Baxcalibur|Ice Shard|p1b: Bob\n|-resisted|p1b: Bob\n|-damage|p1b: Bob|0 fnt\n|faint|p1b: Bob\n|-end|p1b: Bob|Quark Drive|[silent]\n|move|p1a: John|Drain Punch|p2b: Baxcalibur\n|-resisted|p2b: Baxcalibur\n|-damage|p2b: Baxcalibur|0 fnt\n|-heal|p1a: John|30\/100|[from] drain|[of] p2b: Baxcalibur\n|faint|p2b: Baxcalibur\n|move|p2a: Iron Hands|Drain Punch|p1a: John\n|-damage|p1a: John|2\/100\n|\n|upkeep\n|turn|8\n|\n|t:|1682936997\n|move|p1a: John|Drain Punch|p2a: Iron Hands\n|-damage|p2a: Iron Hands|70\/100\n|-heal|p1a: John|18\/100|[from] drain|[of] p2a: Iron Hands\n|move|p2a: Iron Hands|Drain Punch|p1a: John\n|-damage|p1a: John|0 fnt\n|-heal|p2a: Iron Hands|79\/100|[from] drain|[of] p1a: John\n|faint|p1a: John\n|-end|p1a: John|Quark Drive|[silent]\n|\n|win|bombart\n|raw|wisedyVGC's rating: 1498 → 1484<\/strong> (-14 for losing)\n|raw|bombart's rating: 1597 → 1611<\/strong> (+14 for winning)\n|j| AshML\n|l|\u2606bombart\n|l|\u2606wisedyVGC\n","uploadtime":1682937006,"views":43,"p1id":"wisedyvgc","p2id":"bombart","formatid":"gen9vgc2023regulationc","rating":1484,"private":0,"password":""}