{"id":"gen9vgc2023regulationc-1851701265","p1":"Lucario3021","p2":"Cp3DaPsychonaut","format":"[Gen 9] VGC 2023 Regulation C","log":"|j|\u2606Lucario3021\n|j|\u2606Cp3DaPsychonaut\n|t:|1682471713\n|gametype|doubles\n|player|p1|Lucario3021|clavell-s|1070\n|player|p2|Cp3DaPsychonaut|266|1114\n|teamsize|p1|6\n|teamsize|p2|6\n|gen|9\n|tier|[Gen 9] VGC 2023 Regulation C\n|rated|\n|rule|Species Clause: Limit one of each Pok\u00e9mon\n|rule|Item Clause: Limit one of each item\n|clearpoke\n|poke|p1|Toedscruel, L50, M|\n|poke|p1|Pawmot, L50, F|\n|poke|p1|Gholdengo, L50|\n|poke|p1|Great Tusk, L50|\n|poke|p1|Flutter Mane, L50|\n|poke|p1|Dragonite, L50, M|\n|poke|p2|Flutter Mane, L50|\n|poke|p2|Roaring Moon, L50|\n|poke|p2|Great Tusk, L50|\n|poke|p2|Chien-Pao, L50|\n|poke|p2|Chi-Yu, L50|\n|poke|p2|Murkrow, L50, F|\n|teampreview|4\n|inactive|Battle timer is ON: inactive players will automatically lose when time's up. (requested by Lucario3021)\n|c|\u2606Lucario3021|GLHF\nLucario3021 rejected open team sheets.\n|inactive|Cp3DaPsychonaut has 60 seconds left.\n|\n|t:|1682471749\n|start\n|switch|p1a: Pawmot|Pawmot, L50, F|100\/100\n|switch|p1b: Toedscruel|Toedscruel, L50, M|100\/100\n|switch|p2a: Murkrow|Murkrow, L50, F|100\/100\n|switch|p2b: Flutter Mane|Flutter Mane, L50|100\/100\n|turn|1\n|\n|t:|1682471772\n|-terastallize|p2a: Murkrow|Ghost\n|move|p2a: Murkrow|Sunny Day|p2a: Murkrow\n|-weather|SunnyDay\n|-activate|p2b: Flutter Mane|ability: Protosynthesis\n|-start|p2b: Flutter Mane|protosynthesisspa\n|move|p2b: Flutter Mane|Mystical Fire|p1b: Toedscruel\n|-supereffective|p1b: Toedscruel\n|-damage|p1b: Toedscruel|0 fnt\n|faint|p1b: Toedscruel\n|move|p1a: Pawmot|Entrainment|p1: Toedscruel|[notarget]\n|-fail|p1a: Pawmot\n|\n|-weather|SunnyDay|[upkeep]\n|upkeep\n|\n|t:|1682471785\n|switch|p1b: Flutter Mane|Flutter Mane, L50|100\/100\n|-activate|p1b: Flutter Mane|ability: Protosynthesis\n|-start|p1b: Flutter Mane|protosynthesisspe\n|turn|2\n|\n|t:|1682471809\n|move|p2a: Murkrow|Tailwind|p2a: Murkrow\n|-sidestart|p2: Cp3DaPsychonaut|move: Tailwind\n|move|p2b: Flutter Mane|Mystical Fire|p1b: Flutter Mane\n|-damage|p1b: Flutter Mane|1\/100\n|-unboost|p1b: Flutter Mane|spa|1\n|move|p1b: Flutter Mane|Shadow Ball|p2b: Flutter Mane\n|-supereffective|p2b: Flutter Mane\n|-damage|p2b: Flutter Mane|39\/100\n|move|p1a: Pawmot|Nuzzle|p2b: Flutter Mane\n|-damage|p2b: Flutter Mane|18\/100\n|-status|p2b: Flutter Mane|par\n|\n|-weather|SunnyDay|[upkeep]\n|upkeep\n|turn|3\n|\n|t:|1682471833\n|move|p1b: Flutter Mane|Protect|p1b: Flutter Mane\n|-singleturn|p1b: Flutter Mane|Protect\n|move|p2a: Murkrow|Foul Play|p1b: Flutter Mane\n|-activate|p1b: Flutter Mane|move: Protect\n|cant|p2b: Flutter Mane|par\n|move|p1a: Pawmot|Nuzzle|p2a: Murkrow\n|-damage|p2a: Murkrow|90\/100\n|-status|p2a: Murkrow|par\n|\n|-weather|SunnyDay|[upkeep]\n|upkeep\n|turn|4\n|\n|t:|1682471857\n|move|p1b: Flutter Mane|Dazzling Gleam|p2b: Flutter Mane|[spread] p2a,p2b\n|-damage|p2a: Murkrow|68\/100 par\n|-damage|p2b: Flutter Mane|0 fnt\n|faint|p2b: Flutter Mane\n|-end|p2b: Flutter Mane|Protosynthesis|[silent]\n|move|p1a: Pawmot|Entrainment|p2a: Murkrow\n|-endability|p2a: Murkrow|Prankster|[from] move: Entrainment\n|-ability|p2a: Murkrow|Natural Cure|[from] move: Entrainment\n|cant|p2a: Murkrow|par\n|\n|-weather|SunnyDay|[upkeep]\n|upkeep\n|\n|t:|1682471873\n|switch|p2b: Great Tusk|Great Tusk, L50|100\/100\n|-activate|p2b: Great Tusk|ability: Protosynthesis\n|-start|p2b: Great Tusk|protosynthesisatk\n|turn|5\n|inactive|Lucario3021 has 30 seconds left.\n|\n|t:|1682471900\n|move|p2b: Great Tusk|Earthquake|p1b: Flutter Mane|[spread] p2a,p1a,p1b\n|-supereffective|p1a: Pawmot\n|-damage|p2a: Murkrow|5\/100 par\n|-enditem|p1a: Pawmot|Focus Sash\n|-damage|p1a: Pawmot|1\/100\n|-damage|p1b: Flutter Mane|0 fnt\n|faint|p1b: Flutter Mane\n|-end|p1b: Flutter Mane|Protosynthesis|[silent]\n|move|p1a: Pawmot|Revival Blessing|p1a: Pawmot\n|\n|t:|1682471909\n|-heal|p1: Flutter Mane|50\/100|[from] move: Revival Blessing\n|-end|p1: Flutter Mane|Protosynthesis|[silent]\n|switch|p1b: Flutter Mane|Flutter Mane, L50|50\/100\n|-activate|p1b: Flutter Mane|ability: Protosynthesis\n|-start|p1b: Flutter Mane|protosynthesisspe\n|move|p2a: Murkrow|Foul Play|p1a: Pawmot\n|-resisted|p1a: Pawmot\n|-damage|p1a: Pawmot|0 fnt\n|faint|p1a: Pawmot\n|\n|-weather|none\n|-end|p2b: Great Tusk|Protosynthesis\n|-end|p1b: Flutter Mane|Protosynthesis\n|-sideend|p2: Cp3DaPsychonaut|move: Tailwind\n|upkeep\n|-enditem|p1b: Flutter Mane|Booster Energy\n|-activate|p1b: Flutter Mane|ability: Protosynthesis|[fromitem]\n|-start|p1b: Flutter Mane|protosynthesisspe\n|\n|t:|1682471911\n|switch|p1a: Gholdengo|Gholdengo, L50|100\/100\n|turn|6\n|\n|t:|1682471931\n|move|p1b: Flutter Mane|Dazzling Gleam|p2a: Murkrow|[spread] p2a,p2b\n|-supereffective|p2b: Great Tusk\n|-damage|p2a: Murkrow|0 fnt\n|-damage|p2b: Great Tusk|2\/100\n|faint|p2a: Murkrow\n|move|p2b: Great Tusk|Earthquake|p1a: Gholdengo|[spread] p1a,p1b\n|-supereffective|p1a: Gholdengo\n|-damage|p1a: Gholdengo|17\/100\n|-damage|p1b: Flutter Mane|0 fnt\n|faint|p1b: Flutter Mane\n|-end|p1b: Flutter Mane|Protosynthesis|[silent]\n|move|p1a: Gholdengo|Shadow Ball|p2b: Great Tusk\n|-damage|p2b: Great Tusk|0 fnt\n|faint|p2b: Great Tusk\n|-end|p2b: Great Tusk|Protosynthesis|[silent]\n|-damage|p1a: Gholdengo|7\/100|[from] item: Life Orb\n|\n|upkeep\n|c|\u2606Lucario3021|ggwp\n|\n|t:|1682471947\n|switch|p2a: Chien-Pao|Chien-Pao, L50|100\/100\n|-ability|p2a: Chien-Pao|Sword of Ruin\n|turn|7\n|\n|t:|1682471953\n|move|p2a: Chien-Pao|Ice Shard|p1a: Gholdengo\n|-resisted|p1a: Gholdengo\n|-damage|p1a: Gholdengo|0 fnt\n|faint|p1a: Gholdengo\n|\n|win|Cp3DaPsychonaut\n|raw|Lucario3021's rating: 1070 → 1052<\/strong> (-18 for losing)\n|raw|Cp3DaPsychonaut's rating: 1114 → 1136<\/strong> (+22 for winning)\n|l|\u2606Cp3DaPsychonaut\n","uploadtime":1682471963,"views":15,"p1id":"lucario3021","p2id":"cp3dapsychonaut","formatid":"gen9vgc2023regulationc","rating":1052,"private":0,"password":""}