{"id":"gen9vgc2023regulationc-1856455141","p1":"walter gaming 2","p2":"Arcacagne","format":"[Gen 9] VGC 2023 Regulation C","log":"|j|\u2606walter gaming 2\n|j|\u2606Arcacagne\n|t:|1683063349\n|gametype|doubles\n|player|p1|walter gaming 2|artist-gen4|1151\n|player|p2|Arcacagne|170|1192\n|teamsize|p1|6\n|teamsize|p2|6\n|gen|9\n|tier|[Gen 9] VGC 2023 Regulation C\n|rated|\n|rule|Species Clause: Limit one of each Pok\u00e9mon\n|rule|Item Clause: Limit one of each item\n|clearpoke\n|poke|p1|Rotom-Wash, L50|\n|poke|p1|Garchomp, L50, F|\n|poke|p1|Flutter Mane, L50|\n|poke|p1|Arcanine, L50, M|\n|poke|p1|Amoonguss, L50, F|\n|poke|p1|Corviknight, L50, M|\n|poke|p2|Chi-Yu, L50|\n|poke|p2|Flutter Mane, L50|\n|poke|p2|Amoonguss, L50, M|\n|poke|p2|Palafin, L50, F|\n|poke|p2|Kingambit, L50, F|\n|poke|p2|Arcanine, L50, F|\n|teampreview|4\n|inactive|Battle timer is ON: inactive players will automatically lose when time's up. (requested by walter gaming 2)\n|inactive|Arcacagne has 60 seconds left.\n|inactive|Arcacagne has 30 seconds left.\n|\n|t:|1683063462\n|start\n|switch|p1a: Rotom|Rotom-Wash, L50, shiny|100\/100\n|switch|p1b: Garchomp|Garchomp, L50, F|100\/100\n|switch|p2a: Kingambit|Kingambit, L50, F|100\/100\n|switch|p2b: Palafin|Palafin, L50, F|100\/100\n|turn|1\n|inactive|Arcacagne has 30 seconds left.\n|\n|t:|1683063497\n|detailschange|p2b: Palafin|Palafin-Hero, L50, F\n|switch|p2b: Amoonguss|Amoonguss, L50, M|100\/100\n|-terastallize|p2a: Kingambit|Water\n|move|p1b: Garchomp|Earthquake|p2b: Amoonguss|[spread] p2a,p2b\n|-immune|p1a: Rotom|[from] ability: Levitate\n|-crit|p2b: Amoonguss\n|-damage|p2a: Kingambit|65\/100\n|-damage|p2b: Amoonguss|48\/100\n|-enditem|p2b: Amoonguss|Sitrus Berry|[eat]\n|-heal|p2b: Amoonguss|73\/100|[from] item: Sitrus Berry\n|move|p1a: Rotom|Will-O-Wisp|p2a: Kingambit\n|-status|p2a: Kingambit|brn\n|-enditem|p2a: Kingambit|Lum Berry|[eat]\n|-curestatus|p2a: Kingambit|brn|[msg]\n|move|p2a: Kingambit|Swords Dance|p2a: Kingambit\n|-boost|p2a: Kingambit|atk|2\n|\n|upkeep\n|turn|2\n|inactive|Arcacagne has 30 seconds left.\n|inactive|Arcacagne has 20 seconds left.\n|\n|t:|1683063532\n|switch|p1b: Corviknight|Corviknight, L50, M, shiny|100\/100\n|move|p1a: Rotom|Thunderbolt|p2a: Kingambit\n|-supereffective|p2a: Kingambit\n|-damage|p2a: Kingambit|5\/100\n|move|p2a: Kingambit|Swords Dance|p2a: Kingambit\n|-boost|p2a: Kingambit|atk|2\n|move|p2b: Amoonguss|Spore|p1b: Corviknight\n|-status|p1b: Corviknight|slp|[from] move: Spore\n|-enditem|p1b: Corviknight|Lum Berry|[eat]\n|-curestatus|p1b: Corviknight|slp|[msg]\n|\n|upkeep\n|turn|3\n|\n|t:|1683063556\n|move|p2b: Amoonguss|Rage Powder|p2b: Amoonguss\n|-singleturn|p2b: Amoonguss|move: Rage Powder\n|move|p2a: Kingambit|Sucker Punch|p1a: Rotom\n|-damage|p1a: Rotom|0 fnt\n|faint|p1a: Rotom\n|move|p1b: Corviknight|Brave Bird|p2b: Amoonguss\n|-supereffective|p2b: Amoonguss\n|-damage|p2b: Amoonguss|15\/100\n|-damage|p1b: Corviknight|80\/100|[from] Recoil\n|\n|upkeep\n|\n|t:|1683063562\n|switch|p1a: Flutter Mane|Flutter Mane, L50|100\/100\n|turn|4\n|\n|t:|1683063581\n|move|p2b: Amoonguss|Rage Powder|p2b: Amoonguss\n|-singleturn|p2b: Amoonguss|move: Rage Powder\n|move|p2a: Kingambit|Sucker Punch|p1a: Flutter Mane\n|-enditem|p1a: Flutter Mane|Focus Sash\n|-damage|p1a: Flutter Mane|1\/100\n|move|p1a: Flutter Mane|Dazzling Gleam|p2b: Amoonguss|[spread] p2a,p2b\n|-resisted|p2b: Amoonguss\n|-damage|p2a: Kingambit|0 fnt\n|-damage|p2b: Amoonguss|3\/100\n|faint|p2a: Kingambit\n|move|p1b: Corviknight|Brave Bird|p2b: Amoonguss\n|-supereffective|p2b: Amoonguss\n|-damage|p2b: Amoonguss|0 fnt\n|faint|p2b: Amoonguss\n|-damage|p1b: Corviknight|79\/100|[from] Recoil\n|\n|upkeep\n|\n|t:|1683063606\n|switch|p2a: Palafin|Palafin-Hero, L50, F|100\/100\n|switch|p2b: Flutter Mane|Flutter Mane, L50|100\/100\n|-activate|p2a: Palafin|ability: Zero to Hero\n|-enditem|p2b: Flutter Mane|Booster Energy\n|-activate|p2b: Flutter Mane|ability: Protosynthesis|[fromitem]\n|-start|p2b: Flutter Mane|protosynthesisspa\n|turn|5\n|\n|t:|1683063624\n|move|p1a: Flutter Mane|Protect|p1a: Flutter Mane\n|-singleturn|p1a: Flutter Mane|Protect\n|move|p2b: Flutter Mane|Protect|p2b: Flutter Mane\n|-singleturn|p2b: Flutter Mane|Protect\n|move|p2a: Palafin|Jet Punch|p1a: Flutter Mane\n|-activate|p1a: Flutter Mane|move: Protect\n|move|p1b: Corviknight|Brave Bird|p2b: Flutter Mane\n|-activate|p2b: Flutter Mane|move: Protect\n|\n|upkeep\n|turn|6\n|\n|t:|1683063639\n|move|p2a: Palafin|Jet Punch|p1a: Flutter Mane\n|-damage|p1a: Flutter Mane|0 fnt\n|faint|p1a: Flutter Mane\n|-end|p1a: Flutter Mane|Protosynthesis|[silent]\n|move|p2b: Flutter Mane|Substitute|p2b: Flutter Mane\n|-start|p2b: Flutter Mane|Substitute\n|-damage|p2b: Flutter Mane|76\/100\n|move|p1b: Corviknight|Brave Bird|p2b: Flutter Mane\n|-end|p2b: Flutter Mane|Substitute\n|-damage|p1b: Corviknight|73\/100|[from] Recoil|[of] p2b: Flutter Mane\n|\n|upkeep\n|\n|t:|1683063643\n|switch|p1a: Garchomp|Garchomp, L50, F|100\/100\n|turn|7\n|inactive|Arcacagne has 30 seconds left.\n|\n|t:|1683063671\n|move|p1a: Garchomp|Earthquake|p2a: Palafin|[spread] p2a,p2b\n|-immune|p1b: Corviknight\n|-damage|p2a: Palafin|54\/100\n|-damage|p2b: Flutter Mane|16\/100\n|move|p2b: Flutter Mane|Moonblast|p1a: Garchomp\n|-supereffective|p1a: Garchomp\n|-damage|p1a: Garchomp|0 fnt\n|faint|p1a: Garchomp\n|move|p2a: Palafin|Wave Crash|p1b: Corviknight\n|-damage|p1b: Corviknight|16\/100\n|-damage|p2a: Palafin|32\/100|[from] Recoil\n|move|p1b: Corviknight|Brave Bird|p2a: Palafin\n|-crit|p2a: Palafin\n|-damage|p2a: Palafin|0 fnt\n|faint|p2a: Palafin\n|-damage|p1b: Corviknight|7\/100|[from] Recoil\n|\n|upkeep\n|turn|8\n|\n|t:|1683063689\n|move|p2b: Flutter Mane|Shadow Ball|p1b: Corviknight\n|-damage|p1b: Corviknight|0 fnt\n|faint|p1b: Corviknight\n|\n|win|Arcacagne\n|raw|walter gaming 2's rating: 1102 → 1083<\/strong> (-19 for losing)\n|raw|Arcacagne's rating: 1192 → 1211<\/strong> (+19 for winning)\n|l|\u2606walter gaming 2\n|c|\u2606Arcacagne|gg\n","uploadtime":1683063700,"views":15,"p1id":"waltergaming2","p2id":"arcacagne","formatid":"gen9vgc2023regulationc","rating":1083,"private":0,"password":""}