{"id":"gen9vgc2023regulationc-1847998389","p1":"Borghi","p2":"Gummie7","format":"[Gen 9] VGC 2023 Regulation C","log":"|j|\u2606Borghi\n|j|\u2606Gummie7\n|t:|1682019329\n|gametype|doubles\n|player|p1|Borghi|blue-masters|\n|player|p2|Gummie7|misty|\n|teamsize|p1|6\n|teamsize|p2|6\n|gen|9\n|tier|[Gen 9] VGC 2023 Regulation C\n|rated|Tournament battle\n|rule|Species Clause: Limit one of each Pok\u00e9mon\n|rule|Item Clause: Limit one of each item\n|clearpoke\n|poke|p1|Annihilape, L50, M|\n|poke|p1|Maushold, L50|\n|poke|p1|Dondozo, L50, M|\n|poke|p1|Tatsugiri, L50, M|\n|poke|p1|Chien-Pao, L50|\n|poke|p1|Dragonite, L50, M|\n|poke|p2|Tatsugiri, L50, F|\n|poke|p2|Dondozo, L50, M|\n|poke|p2|Dragonite, L50, M|\n|poke|p2|Chi-Yu, L50|\n|poke|p2|Glimmora, L50, M|\n|poke|p2|Iron Bundle, L50|\n|teampreview|4\n|inactive|Battle timer is ON: inactive players will automatically lose when time's up. (requested by Borghi)\nBorghi rejected open team sheets.\n|c|\u2606Gummie7|hmm\n|c|\u2606Borghi|hf ._.\n|inactive|Borghi has 60 seconds left.\n|inactive|Gummie7 has 60 seconds left.\n|\n|t:|1682019365\n|start\n|switch|p1a: Annihilape|Annihilape, L50, M|100\/100\n|switch|p1b: Chien-Pao|Chien-Pao, L50|100\/100\n|switch|p2a: Glimmora|Glimmora, L50, M|100\/100\n|switch|p2b: Iron Bundle|Iron Bundle, L50|100\/100\n|-ability|p1b: Chien-Pao|Sword of Ruin\n|-enditem|p2b: Iron Bundle|Booster Energy\n|-activate|p2b: Iron Bundle|ability: Quark Drive|[fromitem]\n|-start|p2b: Iron Bundle|quarkdrivespe\n|turn|1\n|inactive|Borghi has 30 seconds left.\n|inactive|Borghi has 20 seconds left.\n|inactive|Borghi has 15 seconds left.\n|inactive|Borghi has 10 seconds left.\n|\n|t:|1682019412\n|move|p1b: Chien-Pao|Protect|p1b: Chien-Pao\n|-singleturn|p1b: Chien-Pao|Protect\n|move|p2b: Iron Bundle|Hydro Pump|p1a: Annihilape\n|-damage|p1a: Annihilape|51\/100\n|move|p1a: Annihilape|Close Combat|p2b: Iron Bundle\n|-supereffective|p2b: Iron Bundle\n|-damage|p2b: Iron Bundle|0 fnt\n|-unboost|p1a: Annihilape|def|1\n|-unboost|p1a: Annihilape|spd|1\n|faint|p2b: Iron Bundle\n|-end|p2b: Iron Bundle|Quark Drive|[silent]\n|move|p2a: Glimmora|Mortal Spin|p1a: Annihilape|[spread] p1a\n|-activate|p1b: Chien-Pao|move: Protect\n|-resisted|p1a: Annihilape\n|-damage|p1a: Annihilape|45\/100\n|-status|p1a: Annihilape|psn\n|\n|-damage|p1a: Annihilape|33\/100 psn|[from] psn\n|upkeep\n|\n|t:|1682019430\n|switch|p2b: Tatsugiri|Tatsugiri, L50, F, shiny|100\/100\n|turn|2\n|\n|t:|1682019441\n|-terastallize|p2b: Tatsugiri|Steel\n|-terastallize|p1b: Chien-Pao|Dark\n|move|p1b: Chien-Pao|Sucker Punch|p2b: Tatsugiri\n|-damage|p2b: Tatsugiri|0 fnt\n|faint|p2b: Tatsugiri\n|move|p1a: Annihilape|Close Combat|p2a: Glimmora\n|-damage|p2a: Glimmora|14\/100\n|-unboost|p1a: Annihilape|def|1\n|-unboost|p1a: Annihilape|spd|1\n|-activate|p2a: Glimmora|ability: Toxic Debris\n|-sidestart|p1: Borghi|move: Toxic Spikes\n|move|p2a: Glimmora|Power Gem|p1b: Chien-Pao\n|-damage|p1b: Chien-Pao|34\/100\n|\n|-damage|p1a: Annihilape|21\/100 psn|[from] psn\n|upkeep\n|\n|t:|1682019456\n|switch|p2b: Dondozo|Dondozo, L50, M, shiny|100\/100\n|turn|3\n|\n|t:|1682019473\n|move|p1b: Chien-Pao|Sucker Punch|p2b: Dondozo\n|-damage|p2b: Dondozo|63\/100\n|move|p1a: Annihilape|Close Combat|p2a: Glimmora\n|-damage|p2a: Glimmora|0 fnt\n|-unboost|p1a: Annihilape|def|1\n|-unboost|p1a: Annihilape|spd|1\n|-activate|p2a: Glimmora|ability: Toxic Debris\n|-sidestart|p1: Borghi|move: Toxic Spikes\n|faint|p2a: Glimmora\n|move|p2b: Dondozo|Earthquake|p1b: Chien-Pao|[spread] p1a,p1b\n|-damage|p1a: Annihilape|0 fnt\n|-damage|p1b: Chien-Pao|6\/100\n|faint|p1a: Annihilape\n|\n|-heal|p2b: Dondozo|69\/100|[from] item: Leftovers\n|upkeep\n|\n|t:|1682019479\n|switch|p1a: Maushold|Maushold, L50|100\/100\n|-status|p1a: Maushold|tox\n|turn|4\n|\n|t:|1682019483\n|move|p2b: Dondozo|Protect|p2b: Dondozo\n|-singleturn|p2b: Dondozo|Protect\n|move|p1b: Chien-Pao|Sucker Punch||[still]\n|-fail|p1b: Chien-Pao\n|move|p1a: Maushold|Population Bomb|p2b: Dondozo\n|-activate|p2b: Dondozo|move: Protect\n|\n|-heal|p2b: Dondozo|75\/100|[from] item: Leftovers\n|-damage|p1a: Maushold|94\/100 tox|[from] psn\n|upkeep\n|turn|5\n|\n|t:|1682019492\n|move|p1b: Chien-Pao|Sucker Punch|p2b: Dondozo\n|-damage|p2b: Dondozo|31\/100\n|move|p1a: Maushold|Encore|p2b: Dondozo\n|-start|p2b: Dondozo|Encore\n|move|p2b: Dondozo|Protect||[still]\n|-fail|p2b: Dondozo\n|\n|-heal|p2b: Dondozo|38\/100|[from] item: Leftovers\n|-damage|p1a: Maushold|82\/100 tox|[from] psn\n|upkeep\n|turn|6\n|\n|t:|1682019499\n|move|p2b: Dondozo|Protect|p2b: Dondozo\n|-singleturn|p2b: Dondozo|Protect\n|move|p1a: Maushold|Feint|p2b: Dondozo\n|-activate|p2b: Dondozo|move: Feint\n|-damage|p2b: Dondozo|23\/100\n|move|p1b: Chien-Pao|Ice Spinner|p2b: Dondozo\n|-resisted|p2b: Dondozo\n|-damage|p2b: Dondozo|7\/100\n|\n|-heal|p2b: Dondozo|13\/100|[from] item: Leftovers\n|-damage|p1a: Maushold|64\/100 tox|[from] psn\n|upkeep\n|turn|7\n|\n|t:|1682019509\n|move|p2b: Dondozo|Protect|p2b: Dondozo\n|-singleturn|p2b: Dondozo|Protect\n|move|p1b: Chien-Pao|Ice Spinner|p2b: Dondozo\n|-activate|p2b: Dondozo|move: Protect\n|move|p1a: Maushold|Population Bomb|p2b: Dondozo\n|-activate|p2b: Dondozo|move: Protect\n|\n|-heal|p2b: Dondozo|20\/100|[from] item: Leftovers\n|-damage|p1a: Maushold|40\/100 tox|[from] psn\n|-end|p2b: Dondozo|Encore\n|upkeep\n|turn|8\n|\n|t:|1682019514\n|move|p2b: Dondozo|Protect|p2b: Dondozo\n|-singleturn|p2b: Dondozo|Protect\n|move|p1a: Maushold|Feint|p2b: Dondozo\n|-activate|p2b: Dondozo|move: Feint\n|-damage|p2b: Dondozo|6\/100\n|move|p1b: Chien-Pao|Ice Spinner|p2b: Dondozo\n|-resisted|p2b: Dondozo\n|-crit|p2b: Dondozo\n|-damage|p2b: Dondozo|0 fnt\n|faint|p2b: Dondozo\n|\n|win|Borghi\n|n|\u2606Borghi|borghi\n|n|\u2606Gummie7|gummie7\n|c|\u2606Borghi|gg\n|l|\u2606Gummie7\n","uploadtime":1682019529,"views":15,"p1id":"borghi","p2id":"gummie7","formatid":"gen9vgc2023regulationc","rating":0,"private":0,"password":""}