{"id":"gen9vgc2023regulationc-1855951943","p1":"Mait27","p2":"PBpancake","format":"[Gen 9] VGC 2023 Regulation C","log":"|j|\u2606Mait27\n|j|\u2606PBpancake\n|t:|1683006057\n|gametype|doubles\n|player|p1|Mait27|102|1133\n|player|p2|PBpancake|102|1214\n|teamsize|p1|6\n|teamsize|p2|6\n|gen|9\n|tier|[Gen 9] VGC 2023 Regulation C\n|rated|\n|rule|Species Clause: Limit one of each Pok\u00e9mon\n|rule|Item Clause: Limit one of each item\n|clearpoke\n|poke|p1|Klawf, L50, M|\n|poke|p1|Grimmsnarl, L50, M|\n|poke|p1|Arcanine, L50, M|\n|poke|p1|Wo-Chien, L50|\n|poke|p1|Mimikyu, L50, F|\n|poke|p1|Iron Bundle, L50|\n|poke|p2|Chi-Yu, L50|\n|poke|p2|Iron Hands, L50|\n|poke|p2|Iron Bundle, L50|\n|poke|p2|Talonflame, L50, F|\n|poke|p2|Gholdengo, L50|\n|poke|p2|Garchomp, L50, M|\n|teampreview|4\n|inactive|Battle timer is ON: inactive players will automatically lose when time's up. (requested by PBpancake)\n|inactive|Mait27 has 60 seconds left.\n|\n|t:|1683006096\n|start\n|switch|p1a: Arcanine|Arcanine, L50, M|100\/100\n|switch|p1b: Grimmsnarl|Grimmsnarl, L50, M|100\/100\n|switch|p2a: Talonflame|Talonflame, L50, F|100\/100\n|switch|p2b: Garchomp|Garchomp, L50, M|100\/100\n|-ability|p1a: Arcanine|Intimidate|boost\n|-unboost|p2a: Talonflame|atk|1\n|-unboost|p2b: Garchomp|atk|1\n|turn|1\n|inactive|PBpancake has 30 seconds left.\n|\n|t:|1683006121\n|switch|p2b: Gholdengo|Gholdengo, L50|100\/100\n|move|p1b: Grimmsnarl|Fake Out|p2a: Talonflame\n|-damage|p2a: Talonflame|84\/100\n|cant|p2a: Talonflame|flinch\n|move|p1a: Arcanine|Will-O-Wisp|p2b: Gholdengo\n|-immune|p2b: Gholdengo|[from] ability: Good as Gold\n|\n|upkeep\n|turn|2\n|inactive|Mait27 has 30 seconds left.\n|\n|t:|1683006147\n|-terastallize|p2b: Gholdengo|Water\n|move|p1b: Grimmsnarl|Thunder Wave|p2a: Talonflame\n|-status|p2a: Talonflame|par\n|move|p2b: Gholdengo|Make It Rain|p1b: Grimmsnarl|[spread] p1a,p1b\n|-resisted|p1a: Arcanine\n|-supereffective|p1b: Grimmsnarl\n|-crit|p1b: Grimmsnarl\n|-damage|p1a: Arcanine|56\/100\n|-damage|p1b: Grimmsnarl|0 fnt\n|-unboost|p2b: Gholdengo|spa|1\n|faint|p1b: Grimmsnarl\n|move|p1a: Arcanine|Flare Blitz|p2b: Gholdengo\n|-resisted|p2b: Gholdengo\n|-damage|p2b: Gholdengo|64\/100\n|-damage|p1a: Arcanine|46\/100|[from] Recoil\n|move|p2a: Talonflame|Tailwind|p2a: Talonflame\n|-sidestart|p2: PBpancake|move: Tailwind\n|\n|upkeep\n|\n|t:|1683006168\n|switch|p1b: Iron Bundle|Iron Bundle, L50|100\/100\n|-enditem|p1b: Iron Bundle|Booster Energy\n|-activate|p1b: Iron Bundle|ability: Quark Drive|[fromitem]\n|-start|p1b: Iron Bundle|quarkdrivespe\n|turn|3\n|\n|t:|1683006190\n|move|p1a: Arcanine|Extreme Speed|p2a: Talonflame\n|-damage|p2a: Talonflame|39\/100 par\n|move|p1b: Iron Bundle|Freeze-Dry|p2b: Gholdengo\n|-supereffective|p2b: Gholdengo\n|-damage|p2b: Gholdengo|0 fnt\n|faint|p2b: Gholdengo\n|move|p2a: Talonflame|Brave Bird|p1b: Iron Bundle\n|-damage|p1b: Iron Bundle|61\/100\n|-damage|p2a: Talonflame|28\/100 par|[from] Recoil\n|\n|upkeep\n|\n|t:|1683006201\n|switch|p2b: Garchomp|Garchomp, L50, M|100\/100\n|turn|4\n|inactive|Mait27 has 30 seconds left.\n|\n|t:|1683006228\n|move|p1b: Iron Bundle|Protect|p1b: Iron Bundle\n|-singleturn|p1b: Iron Bundle|Protect\n|move|p1a: Arcanine|Extreme Speed|p2a: Talonflame\n|-damage|p2a: Talonflame|0 fnt\n|faint|p2a: Talonflame\n|move|p2b: Garchomp|Earthquake|p1a: Arcanine|[spread] p1a\n|-activate|p1b: Iron Bundle|move: Protect\n|-supereffective|p1a: Arcanine\n|-damage|p1a: Arcanine|0 fnt\n|faint|p1a: Arcanine\n|-damage|p2b: Garchomp|91\/100|[from] item: Life Orb\n|\n|upkeep\n|\n|t:|1683006242\n|switch|p2a: Chi-Yu|Chi-Yu, L50|100\/100\n|switch|p1a: Klawf|Klawf, L50, M|100\/100\n|-ability|p2a: Chi-Yu|Beads of Ruin\n|turn|5\n|inactive|Mait27 has 30 seconds left.\n|inactive|PBpancake has 30 seconds left.\n|\n|t:|1683006275\n|move|p2a: Chi-Yu|Protect|p2a: Chi-Yu\n|-singleturn|p2a: Chi-Yu|Protect\n|move|p1a: Klawf|Protect|p1a: Klawf\n|-singleturn|p1a: Klawf|Protect\n|move|p2b: Garchomp|Earthquake|p1b: Iron Bundle|[spread] p1b\n|-activate|p2a: Chi-Yu|move: Protect\n|-activate|p1a: Klawf|move: Protect\n|-damage|p1b: Iron Bundle|1\/100\n|-damage|p2b: Garchomp|81\/100|[from] item: Life Orb\n|move|p1b: Iron Bundle|Freeze-Dry|p2b: Garchomp\n|-supereffective|p2b: Garchomp\n|-damage|p2b: Garchomp|0 fnt\n|faint|p2b: Garchomp\n|\n|-sideend|p2: PBpancake|move: Tailwind\n|upkeep\n|turn|6\n|inactive|PBpancake has 30 seconds left.\n|\n|t:|1683006302\n|-terastallize|p1a: Klawf|Water\n|move|p1b: Iron Bundle|Icy Wind|p2a: Chi-Yu\n|-resisted|p2a: Chi-Yu\n|-damage|p2a: Chi-Yu|85\/100\n|-unboost|p2a: Chi-Yu|spe|1\n|move|p1a: Klawf|Crabhammer|p2a: Chi-Yu\n|-supereffective|p2a: Chi-Yu\n|-damage|p2a: Chi-Yu|0 fnt\n|faint|p2a: Chi-Yu\n|\n|win|Mait27\n|raw|Mait27's rating: 1133 → 1164<\/strong> (+31 for winning)\n|raw|PBpancake's rating: 1214 → 1183<\/strong> (-31 for losing)\n|l|\u2606PBpancake\n","uploadtime":1683006320,"views":13,"p1id":"mait27","p2id":"pbpancake","formatid":"gen9vgc2023regulationc","rating":1164,"private":0,"password":""}