{"id":"gen9vgc2023regulationc-1851795668","p1":"ILoveFurryOvO","p2":"mugiwaraLux","format":"[Gen 9] VGC 2023 Regulation C","log":"|j|\u2606ILoveFurryOvO\n|j|\u2606mugiwaraLux\n|t:|1682485092\n|gametype|doubles\n|player|p1|ILoveFurryOvO|dawn-gen4pt|\n|player|p2|mugiwaraLux|1|\n|teamsize|p1|6\n|teamsize|p2|6\n|gen|9\n|tier|[Gen 9] VGC 2023 Regulation C\n|rated|Tournament battle\n|rule|Species Clause: Limit one of each Pok\u00e9mon\n|rule|Item Clause: Limit one of each item\n|clearpoke\n|poke|p1|Talonflame, L50, F|\n|poke|p1|Garchomp, L50, F|\n|poke|p1|Iron Bundle, L50|\n|poke|p1|Flutter Mane, L50|\n|poke|p1|Kingambit, L50, F|\n|poke|p1|Amoonguss, L50, F|\n|poke|p2|Palafin, L50, F|\n|poke|p2|Amoonguss, L50, F|\n|poke|p2|Flutter Mane, L50|\n|poke|p2|Arcanine, L50, F|\n|poke|p2|Roaring Moon, L50|\n|poke|p2|Chien-Pao, L50|\n|teampreview|4\n|inactive|Battle timer is ON: inactive players will automatically lose when time's up. (requested by mugiwaraLux)\nmugiwaraLux has agreed to open team sheets.\n|j| Radio Free C-Side\n|inactive|ILoveFurryOvO has 60 seconds left.\n|inactive|mugiwaraLux has 60 seconds left.\n|\n|t:|1682485128\n|start\n|switch|p1a: \u9435\u5305\u88b1|Iron Bundle, L50, shiny|100\/100\n|switch|p1b: \u632f\u7ffc\u9aee|Flutter Mane, L50|100\/100\n|switch|p2a: Palafin|Palafin, L50, F|100\/100\n|switch|p2b: ChiYu|Arcanine, L50, F|100\/100\n|-ability|p2b: ChiYu|Intimidate|boost\n|-unboost|p1a: \u9435\u5305\u88b1|atk|1\n|-unboost|p1b: \u632f\u7ffc\u9aee|atk|1\n|-enditem|p1a: \u9435\u5305\u88b1|Booster Energy\n|-activate|p1a: \u9435\u5305\u88b1|ability: Quark Drive|[fromitem]\n|-start|p1a: \u9435\u5305\u88b1|quarkdrivespe\n|turn|1\n|\n|t:|1682485145\n|-terastallize|p2b: ChiYu|Flying\n|move|p2a: Palafin|Jet Punch|p1b: \u632f\u7ffc\u9aee\n|-damage|p1b: \u632f\u7ffc\u9aee|59\/100\n|move|p1a: \u9435\u5305\u88b1|Hydro Pump|p2b: ChiYu|[miss]\n|-miss|p1a: \u9435\u5305\u88b1|p2b: ChiYu\n|move|p1b: \u632f\u7ffc\u9aee|Shadow Ball|p2a: Palafin\n|-damage|p2a: Palafin|29\/100\n|move|p2b: ChiYu|Flare Blitz|p1a: \u9435\u5305\u88b1\n|-damage|p1a: \u9435\u5305\u88b1|55\/100\n|-damage|p2b: ChiYu|89\/100|[from] Recoil\n|\n|upkeep\n|turn|2\n|inactive|mugiwaraLux has 30 seconds left.\n|inactive|mugiwaraLux has 20 seconds left.\n|\n|t:|1682485181\n|move|p2a: Palafin|Jet Punch|p1b: \u632f\u7ffc\u9aee\n|-damage|p1b: \u632f\u7ffc\u9aee|22\/100\n|move|p1a: \u9435\u5305\u88b1|Freeze-Dry|p2a: Palafin\n|-supereffective|p2a: Palafin\n|-damage|p2a: Palafin|0 fnt\n|faint|p2a: Palafin\n|move|p1b: \u632f\u7ffc\u9aee|Shadow Ball|p2b: ChiYu\n|-damage|p2b: ChiYu|37\/100\n|move|p2b: ChiYu|Flare Blitz|p1a: \u9435\u5305\u88b1\n|-damage|p1a: \u9435\u5305\u88b1|13\/100\n|-damage|p2b: ChiYu|26\/100|[from] Recoil\n|\n|upkeep\n|j| Obvaltisobv\n|\n|t:|1682485189\n|switch|p2a: Chien-Pao|Chien-Pao, L50|100\/100\n|-ability|p2a: Chien-Pao|Sword of Ruin\n|turn|3\n|\n|t:|1682485207\n|-end|p1b: \u632f\u7ffc\u9aee|Protosynthesis|[silent]\n|switch|p1b: \u6557\u9732\u7403\u83c7|Amoonguss, L50, F, shiny|100\/100\n|move|p1a: \u9435\u5305\u88b1|Protect|p1a: \u9435\u5305\u88b1\n|-singleturn|p1a: \u9435\u5305\u88b1|Protect\n|move|p2b: ChiYu|Extreme Speed|p1a: \u9435\u5305\u88b1\n|-activate|p1a: \u9435\u5305\u88b1|move: Protect\n|move|p2a: Chien-Pao|Sucker Punch||[still]\n|-fail|p2a: Chien-Pao\n|\n|upkeep\n|turn|4\n|j| WeirdPolyCouple\n|\n|t:|1682485226\n|-terastallize|p1b: \u6557\u9732\u7403\u83c7|Water\n|move|p2b: ChiYu|Extreme Speed|p1a: \u9435\u5305\u88b1\n|-damage|p1a: \u9435\u5305\u88b1|0 fnt\n|faint|p1a: \u9435\u5305\u88b1\n|-end|p1a: \u9435\u5305\u88b1|Quark Drive|[silent]\n|move|p2a: Chien-Pao|Ice Spinner|p1b: \u6557\u9732\u7403\u83c7\n|-resisted|p1b: \u6557\u9732\u7403\u83c7\n|-damage|p1b: \u6557\u9732\u7403\u83c7|75\/100\n|move|p1b: \u6557\u9732\u7403\u83c7|Spore|p2a: Chien-Pao\n|-status|p2a: Chien-Pao|slp|[from] move: Spore\n|\n|upkeep\n|\n|t:|1682485239\n|switch|p1a: \u632f\u7ffc\u9aee|Flutter Mane, L50|22\/100\n|turn|5\n|inactive|mugiwaraLux has 30 seconds left.\n|\n|t:|1682485264\n|move|p2b: ChiYu|Extreme Speed|p1b: \u6557\u9732\u7403\u83c7\n|-damage|p1b: \u6557\u9732\u7403\u83c7|50\/100\n|-enditem|p1b: \u6557\u9732\u7403\u83c7|Sitrus Berry|[eat]\n|-heal|p1b: \u6557\u9732\u7403\u83c7|74\/100|[from] item: Sitrus Berry\n|cant|p2a: Chien-Pao|slp\n|move|p1a: \u632f\u7ffc\u9aee|Moonblast|p2b: ChiYu\n|-damage|p2b: ChiYu|0 fnt\n|faint|p2b: ChiYu\n|move|p1b: \u6557\u9732\u7403\u83c7|Pollen Puff|p2a: Chien-Pao\n|-supereffective|p2a: Chien-Pao\n|-damage|p2a: Chien-Pao|45\/100 slp\n|\n|upkeep\n|\n|t:|1682485276\n|switch|p2b: Mimi|Flutter Mane, L50|100\/100\n|turn|6\n|j| atriocs wife\n|\n|t:|1682485291\n|-end|p1a: \u632f\u7ffc\u9aee|Protosynthesis|[silent]\n|switch|p1a: \u4ec6\u65ac\u5c07\u8ecd|Kingambit, L50, F|100\/100\n|cant|p2a: Chien-Pao|slp\n|move|p2b: Mimi|Dazzling Gleam|p1b: \u6557\u9732\u7403\u83c7|[spread] p1a,p1b\n|-damage|p1a: \u4ec6\u65ac\u5c07\u8ecd|72\/100\n|-damage|p1b: \u6557\u9732\u7403\u83c7|38\/100\n|move|p1b: \u6557\u9732\u7403\u83c7|Pollen Puff|p2a: Chien-Pao\n|-supereffective|p2a: Chien-Pao\n|-damage|p2a: Chien-Pao|0 fnt\n|faint|p2a: Chien-Pao\n|\n|upkeep\n|turn|7\n|\n|t:|1682485309\n|switch|p1b: \u632f\u7ffc\u9aee|Flutter Mane, L50|22\/100\n|move|p1a: \u4ec6\u65ac\u5c07\u8ecd|Sucker Punch|p2b: Mimi\n|-damage|p2b: Mimi|20\/100\n|move|p2b: Mimi|Dazzling Gleam|p1a: \u4ec6\u65ac\u5c07\u8ecd|[spread] p1a,p1b\n|-damage|p1a: \u4ec6\u65ac\u5c07\u8ecd|43\/100\n|-damage|p1b: \u632f\u7ffc\u9aee|0 fnt\n|faint|p1b: \u632f\u7ffc\u9aee\n|-end|p1b: \u632f\u7ffc\u9aee|Protosynthesis|[silent]\n|\n|upkeep\n|c|\u2606mugiwaraLux|gg\n|\n|t:|1682485317\n|switch|p1b: \u6557\u9732\u7403\u83c7|Amoonguss, L50, F, shiny, tera:Water|71\/100\n|turn|8\n|l| WeirdPolyCouple\n|\n|t:|1682485328\n|move|p1a: \u4ec6\u65ac\u5c07\u8ecd|Sucker Punch|p2b: Mimi\n|-damage|p2b: Mimi|0 fnt\n|faint|p2b: Mimi\n|-end|p2b: Mimi|Protosynthesis|[silent]\n|\n|win|ILoveFurryOvO\n|n|\u2606ILoveFurryOvO|ilovefurryovo\n|n|\u2606mugiwaraLux|mugiwaralux\n|n| Radio Free C-Side|radiofreecside\n|n| Obvaltisobv|obvaltisobv\n|n| atriocs wife|atriocswife\n|c|\u2606ILoveFurryOvO|Gg\n","uploadtime":1682485333,"views":11,"p1id":"ilovefurryovo","p2id":"mugiwaralux","formatid":"gen9vgc2023regulationc","rating":0,"private":0,"password":""}