{"id":"gen9vgc2023regulationc-1858822607","p1":"Poketata","p2":"wallythebandit","format":"[Gen 9] VGC 2023 Regulation C","log":"|j|\u2606Poketata\n|j|\u2606wallythebandit\n|t:|1683368193\n|gametype|doubles\n|player|p1|Poketata|1|1183\n|player|p2|wallythebandit|266|1190\n|teamsize|p1|6\n|teamsize|p2|6\n|gen|9\n|tier|[Gen 9] VGC 2023 Regulation C\n|rated|\n|rule|Species Clause: Limit one of each Pok\u00e9mon\n|rule|Item Clause: Limit one of each item\n|clearpoke\n|poke|p1|Hydreigon, L50, M|\n|poke|p1|Murkrow, L50, M|\n|poke|p1|Gholdengo, L50|\n|poke|p1|Iron Moth, L50|\n|poke|p1|Amoonguss, L50, M|\n|poke|p1|Iron Hands, L50|\n|poke|p2|Chien-Pao, L50|\n|poke|p2|Dragonite, L50, F|\n|poke|p2|Iron Hands, L50|\n|poke|p2|Glimmora, L50, M|\n|poke|p2|Scream Tail, L50|\n|poke|p2|Volcarona, L50, M|\n|teampreview|4\n|inactive|Battle timer is ON: inactive players will automatically lose when time's up. (requested by Poketata)\nwallythebandit has agreed to open team sheets.\nPoketata has agreed to open team sheets.\n|inactive|Poketata has 60 seconds left.\n|inactive|wallythebandit has 60 seconds left.\n|inactive|wallythebandit has 30 seconds left.\n|\n|t:|1683368254\n|start\n|switch|p1a: Gholdengo|Gholdengo, L50|100\/100\n|switch|p1b: Murkrow|Murkrow, L50, M, shiny|100\/100\n|switch|p2a: Glimmora|Glimmora, L50, M|100\/100\n|switch|p2b: Iron Hands|Iron Hands, L50|100\/100\n|turn|1\n|inactive|Poketata has 30 seconds left.\n|inactive|wallythebandit has 30 seconds left.\n|\n|t:|1683368288\n|-terastallize|p1a: Gholdengo|Dragon\n|move|p2a: Glimmora|Spiky Shield|p2a: Glimmora\n|-singleturn|p2a: Glimmora|move: Protect\n|move|p1b: Murkrow|Tailwind|p1b: Murkrow\n|-sidestart|p1: Poketata|move: Tailwind\n|move|p1a: Gholdengo|Nasty Plot|p1a: Gholdengo\n|-boost|p1a: Gholdengo|spa|2\n|move|p2b: Iron Hands|Earthquake|p1a: Gholdengo|[spread] p1a\n|-activate|p2a: Glimmora|move: Protect\n|-immune|p1b: Murkrow\n|-damage|p1a: Gholdengo|68\/100\n|\n|upkeep\n|turn|2\n|inactive|wallythebandit has 30 seconds left.\n|inactive|wallythebandit has 20 seconds left.\n|inactive|wallythebandit has 15 seconds left.\n|\n|t:|1683368330\n|-terastallize|p2a: Glimmora|Grass\n|move|p1a: Gholdengo|Shadow Ball|p2b: Iron Hands\n|-damage|p2b: Iron Hands|45\/100\n|-damage|p1a: Gholdengo|58\/100|[from] item: Life Orb\n|move|p1b: Murkrow|Foul Play|p2b: Iron Hands\n|-resisted|p2b: Iron Hands\n|-damage|p2b: Iron Hands|27\/100\n|move|p2a: Glimmora|Power Gem|p1b: Murkrow\n|-supereffective|p1b: Murkrow\n|-enditem|p1b: Murkrow|Focus Sash\n|-damage|p1b: Murkrow|1\/100\n|move|p2b: Iron Hands|Drain Punch|p1a: Gholdengo\n|-damage|p1a: Gholdengo|8\/100\n|-heal|p2b: Iron Hands|44\/100|[from] drain|[of] p1a: Gholdengo\n|\n|upkeep\n|turn|3\n|inactive|wallythebandit has 30 seconds left.\n|\n|t:|1683368364\n|-end|p2b: Iron Hands|Quark Drive|[silent]\n|switch|p2b: Dragonite|Dragonite, L50, F|100\/100\n|move|p1b: Murkrow|Protect|p1b: Murkrow\n|-singleturn|p1b: Murkrow|Protect\n|move|p1a: Gholdengo|Shadow Ball|p2b: Dragonite\n|-damage|p2b: Dragonite|47\/100\n|-damage|p1a: Gholdengo|0 fnt|[from] item: Life Orb\n|faint|p1a: Gholdengo\n|move|p2a: Glimmora|Power Gem|p1b: Murkrow\n|-activate|p1b: Murkrow|move: Protect\n|\n|upkeep\n|\n|t:|1683368377\n|switch|p1a: Amoonguss|Amoonguss, L50, M, shiny|100\/100\n|turn|4\n|\n|t:|1683368402\n|move|p2b: Dragonite|Extreme Speed|p1b: Murkrow\n|-damage|p1b: Murkrow|0 fnt\n|faint|p1b: Murkrow\n|move|p2a: Glimmora|Sludge Bomb|p1a: Amoonguss\n|-damage|p1a: Amoonguss|56\/100\n|move|p1a: Amoonguss|Spore|p2b: Dragonite\n|-status|p2b: Dragonite|slp|[from] move: Spore\n|\n|-heal|p1a: Amoonguss|62\/100|[from] item: Leftovers\n|-sideend|p1: Poketata|move: Tailwind\n|upkeep\n|\n|t:|1683368414\n|switch|p1b: Hydreigon|Hydreigon, L50, M|100\/100\n|turn|5\n|inactive|wallythebandit has 30 seconds left.\n|\n|t:|1683368441\n|cant|p2b: Dragonite|slp\n|move|p1b: Hydreigon|Focus Energy|p1b: Hydreigon\n|-start|p1b: Hydreigon|move: Focus Energy\n|move|p2a: Glimmora|Power Gem|p1b: Hydreigon\n|-damage|p1b: Hydreigon|45\/100\n|move|p1a: Amoonguss|Pollen Puff|p2a: Glimmora\n|-supereffective|p2a: Glimmora\n|-damage|p2a: Glimmora|64\/100\n|\n|-heal|p1a: Amoonguss|68\/100|[from] item: Leftovers\n|upkeep\n|turn|6\n|\n|t:|1683368461\n|cant|p2b: Dragonite|slp\n|move|p1a: Amoonguss|Rage Powder|p1a: Amoonguss\n|-singleturn|p1a: Amoonguss|move: Rage Powder\n|move|p1b: Hydreigon|Flamethrower|p2a: Glimmora\n|-supereffective|p2a: Glimmora\n|-crit|p2a: Glimmora\n|-damage|p2a: Glimmora|0 fnt\n|faint|p2a: Glimmora\n|\n|-heal|p1a: Amoonguss|74\/100|[from] item: Leftovers\n|upkeep\n|\n|t:|1683368475\n|switch|p2a: Chien-Pao|Chien-Pao, L50|100\/100\n|-ability|p2a: Chien-Pao|Sword of Ruin\n|turn|7\n|\n|t:|1683368492\n|cant|p2b: Dragonite|slp\n|move|p1a: Amoonguss|Rage Powder|p1a: Amoonguss\n|-singleturn|p1a: Amoonguss|move: Rage Powder\n|move|p2a: Chien-Pao|Ice Spinner|p1a: Amoonguss\n|-supereffective|p1a: Amoonguss\n|-crit|p1a: Amoonguss\n|-damage|p1a: Amoonguss|0 fnt\n|faint|p1a: Amoonguss\n|move|p1b: Hydreigon|Draco Meteor|p2b: Dragonite\n|-supereffective|p2b: Dragonite\n|-crit|p2b: Dragonite\n|-damage|p2b: Dragonite|0 fnt\n|-unboost|p1b: Hydreigon|spa|2\n|faint|p2b: Dragonite\n|\n|upkeep\n|\n|t:|1683368504\n|switch|p2b: Iron Hands|Iron Hands, L50|44\/100\n|turn|8\n|\n|t:|1683368520\n|move|p1b: Hydreigon|Protect|p1b: Hydreigon\n|-singleturn|p1b: Hydreigon|Protect\n|move|p2b: Iron Hands|Fake Out|p1b: Hydreigon\n|-activate|p1b: Hydreigon|move: Protect\n|move|p2a: Chien-Pao|Ice Spinner|p1b: Hydreigon\n|-activate|p1b: Hydreigon|move: Protect\n|\n|upkeep\n|turn|9\n|\n|t:|1683368538\n|move|p2a: Chien-Pao|Sacred Sword|p1b: Hydreigon\n|-supereffective|p1b: Hydreigon\n|-crit|p1b: Hydreigon\n|-damage|p1b: Hydreigon|0 fnt\n|faint|p1b: Hydreigon\n|\n|win|wallythebandit\n|raw|Poketata's rating: 1183 → 1159<\/strong> (-24 for losing)\n|raw|wallythebandit's rating: 1190 → 1214<\/strong> (+24 for winning)\n|c|\u2606Poketata|gg\n|c|\u2606wallythebandit|gg\n","uploadtime":1683368547,"views":16,"p1id":"poketata","p2id":"wallythebandit","formatid":"gen9vgc2023regulationc","rating":1159,"private":0,"password":""}