{"id":"gen9vgc2023regulationc-1851202291","p1":"TricksterSDG","p2":"ErPaoletto","format":"[Gen 9] VGC 2023 Regulation C","log":"|j|\u2606TricksterSDG\n|j|\u2606ErPaoletto\n|t:|1682424477\n|gametype|doubles\n|player|p1|TricksterSDG|266|1061\n|player|p2|ErPaoletto|102|1078\n|teamsize|p1|6\n|teamsize|p2|6\n|gen|9\n|tier|[Gen 9] VGC 2023 Regulation C\n|rated|\n|rule|Species Clause: Limit one of each Pok\u00e9mon\n|rule|Item Clause: Limit one of each item\n|clearpoke\n|poke|p1|Great Tusk, L50|\n|poke|p1|Iron Bundle, L50|\n|poke|p1|Flutter Mane, L50|\n|poke|p1|Kingambit, L50, M|\n|poke|p1|Talonflame, L50, M|\n|poke|p1|Glimmora, L50, F|\n|poke|p2|Abomasnow, L50, F|\n|poke|p2|Cetitan, L50, M|\n|poke|p2|Tauros-Paldea-Aqua, L50, M|\n|poke|p2|Gothorita, L50, F|\n|poke|p2|Dragonite, L50, M|\n|poke|p2|Eelektross, L50, M|\n|teampreview|4\n|inactive|Battle timer is ON: inactive players will automatically lose when time's up. (requested by ErPaoletto)\n|inactive|TricksterSDG has 60 seconds left.\n|inactive|ErPaoletto has 60 seconds left.\n|inactive|ErPaoletto has 30 seconds left.\n|inactive|ErPaoletto has 20 seconds left.\n|inactive|ErPaoletto has 15 seconds left.\n|\n|t:|1682424554\n|start\n|switch|p1a: Talonflame|Talonflame, L50, M|100\/100\n|switch|p1b: Glimmora|Glimmora, L50, F, shiny|100\/100\n|switch|p2a: Tauros|Tauros-Paldea-Aqua, L50, M|100\/100\n|switch|p2b: Eelektross|Eelektross, L50, M|100\/100\n|-ability|p2a: Tauros|Intimidate|boost\n|-unboost|p1a: Talonflame|atk|1\n|-unboost|p1b: Glimmora|atk|1\n|turn|1\n|inactive|TricksterSDG has 30 seconds left.\n|inactive|ErPaoletto has 30 seconds left.\n|\n|t:|1682424582\n|switch|p1a: Iron Bundle|Iron Bundle, L50, shiny|100\/100\n|-enditem|p1a: Iron Bundle|Booster Energy\n|-activate|p1a: Iron Bundle|ability: Quark Drive|[fromitem]\n|-start|p1a: Iron Bundle|quarkdrivespe\n|-terastallize|p1b: Glimmora|Grass\n|move|p2a: Tauros|Raging Bull|p1a: Iron Bundle\n|-resisted|p1a: Iron Bundle\n|-damage|p1a: Iron Bundle|78\/100\n|move|p1b: Glimmora|Sludge Wave|p2b: Eelektross|[spread] p1a,p2a,p2b\n|-damage|p1a: Iron Bundle|0 fnt\n|-damage|p2a: Tauros|17\/100\n|-damage|p2b: Eelektross|35\/100\n|faint|p1a: Iron Bundle\n|-end|p1a: Iron Bundle|Quark Drive|[silent]\n|move|p2b: Eelektross|Coil|p2b: Eelektross\n|-boost|p2b: Eelektross|atk|1\n|-boost|p2b: Eelektross|def|1\n|-boost|p2b: Eelektross|accuracy|1\n|\n|upkeep\n|\n|t:|1682424597\n|switch|p1a: Talonflame|Talonflame, L50, M|100\/100\n|turn|2\n|inactive|ErPaoletto has 30 seconds left.\n|\n|t:|1682424630\n|move|p2a: Tauros|Protect|p2a: Tauros\n|-singleturn|p2a: Tauros|Protect\n|move|p1a: Talonflame|Tailwind|p1a: Talonflame\n|-sidestart|p1: TricksterSDG|move: Tailwind\n|move|p1b: Glimmora|Sludge Wave|p2a: Tauros|[spread] p1a,p2b\n|-activate|p2a: Tauros|move: Protect\n|-damage|p1a: Talonflame|27\/100\n|-damage|p2b: Eelektross|0 fnt\n|faint|p2b: Eelektross\n|\n|upkeep\n|\n|t:|1682424655\n|switch|p2b: Cetitan|Cetitan, L50, M|100\/100\n|turn|3\n|inactive|TricksterSDG has 30 seconds left.\n|\n|t:|1682424680\n|move|p2a: Tauros|Aqua Jet|p1a: Talonflame\n|-supereffective|p1a: Talonflame\n|-damage|p1a: Talonflame|0 fnt\n|faint|p1a: Talonflame\n|move|p2b: Cetitan|Ice Shard|p1b: Glimmora\n|-supereffective|p1b: Glimmora\n|-damage|p1b: Glimmora|51\/100\n|-activate|p1b: Glimmora|ability: Toxic Debris\n|-sidestart|p2: ErPaoletto|move: Toxic Spikes\n|move|p1b: Glimmora|Sludge Wave|p2b: Cetitan|[spread] p2a,p2b\n|-damage|p2a: Tauros|0 fnt\n|-damage|p2b: Cetitan|61\/100\n|faint|p2a: Tauros\n|\n|upkeep\n|\n|t:|1682424691\n|switch|p1a: Flutter Mane|Flutter Mane, L50|100\/100\n|switch|p2a: Abomasnow|Abomasnow, L50, F|100\/100\n|-status|p2a: Abomasnow|psn\n|-weather|Snow|[from] ability: Snow Warning|[of] p2a: Abomasnow\n|turn|4\n|inactive|TricksterSDG has 30 seconds left.\n|inactive|ErPaoletto has 30 seconds left.\n|\n|t:|1682424721\n|move|p1a: Flutter Mane|Protect|p1a: Flutter Mane\n|-singleturn|p1a: Flutter Mane|Protect\n|move|p2b: Cetitan|Ice Shard|p1b: Glimmora\n|-supereffective|p1b: Glimmora\n|-damage|p1b: Glimmora|0 fnt\n|-activate|p1b: Glimmora|ability: Toxic Debris\n|-sidestart|p2: ErPaoletto|move: Toxic Spikes\n|faint|p1b: Glimmora\n|move|p2a: Abomasnow|Aurora Veil|p2a: Abomasnow\n|-sidestart|p2: ErPaoletto|move: Aurora Veil\n|\n|-weather|Snow|[upkeep]\n|-damage|p2a: Abomasnow|88\/100 psn|[from] psn\n|upkeep\n|turn|5\n|\n|t:|1682424738\n|move|p1a: Flutter Mane|Dazzling Gleam|p2b: Cetitan|[spread] p2a,p2b\n|-damage|p2a: Abomasnow|55\/100 psn\n|-damage|p2b: Cetitan|42\/100\n|-damage|p1a: Flutter Mane|91\/100|[from] item: Life Orb\n|move|p2b: Cetitan|Heavy Slam|p1a: Flutter Mane\n|-supereffective|p1a: Flutter Mane\n|-damage|p1a: Flutter Mane|0 fnt\n|faint|p1a: Flutter Mane\n|-end|p1a: Flutter Mane|Protosynthesis|[silent]\n|\n|win|ErPaoletto\n|raw|TricksterSDG's rating: 1061 → 1043<\/strong> (-18 for losing)\n|raw|ErPaoletto's rating: 1078 → 1105<\/strong> (+27 for winning)\n|l|\u2606TricksterSDG\n","uploadtime":1682424773,"views":8,"p1id":"trickstersdg","p2id":"erpaoletto","formatid":"gen9vgc2023regulationc","rating":1043,"private":0,"password":""}