{"id":"gen9vgc2023regulationc-1855056028","p1":"Spammm","p2":"DinoMike130","format":"[Gen 9] VGC 2023 Regulation C","log":"|j|\u2606Spammm\n|j|\u2606DinoMike130\n|t:|1682895948\n|gametype|doubles\n|player|p1|Spammm|ninjaboy|1399\n|player|p2|DinoMike130|veteran|1437\n|teamsize|p1|6\n|teamsize|p2|6\n|gen|9\n|tier|[Gen 9] VGC 2023 Regulation C\n|rated|\n|rule|Species Clause: Limit one of each Pok\u00e9mon\n|rule|Item Clause: Limit one of each item\n|clearpoke\n|poke|p1|Palafin, L50, M|\n|poke|p1|Pelipper, L50, M|\n|poke|p1|Tsareena, L50, F|\n|poke|p1|Chien-Pao, L50|\n|poke|p1|Iron Hands, L50|\n|poke|p1|Annihilape, L50, M|\n|poke|p2|Torkoal, L50, M|\n|poke|p2|Flutter Mane, L50|\n|poke|p2|Orthworm, L50, M|\n|poke|p2|Murkrow, L50, M|\n|poke|p2|Garchomp, L50, F|\n|poke|p2|Iron Hands, L50|\n|teampreview|4\nDinoMike130 has agreed to open team sheets.\n|inactive|Battle timer is ON: inactive players will automatically lose when time's up. (requested by DinoMike130)\n|\n|t:|1682895979\n|start\n|switch|p1a: Annihilape|Annihilape, L50, M|100\/100\n|switch|p1b: Palafin|Palafin, L50, M|100\/100\n|switch|p2a: Iron Hands|Iron Hands, L50|100\/100\n|switch|p2b: Murkrow|Murkrow, L50, M|100\/100\n|turn|1\n|inactive|DinoMike130 has 30 seconds left.\n|\n|t:|1682896012\n|detailschange|p1b: Palafin|Palafin-Hero, L50, M\n|switch|p1b: Iron Hands|Iron Hands, L50|100\/100\n|move|p2b: Murkrow|Tailwind|p2b: Murkrow\n|-sidestart|p2: DinoMike130|move: Tailwind\n|move|p2a: Iron Hands|Drain Punch|p1b: Iron Hands\n|-damage|p1b: Iron Hands|69\/100\n|move|p1a: Annihilape|Bulk Up|p1a: Annihilape\n|-boost|p1a: Annihilape|atk|1\n|-boost|p1a: Annihilape|def|1\n|\n|upkeep\n|turn|2\n|\n|t:|1682896029\n|move|p1b: Iron Hands|Fake Out|p2b: Murkrow\n|-damage|p2b: Murkrow|80\/100\n|cant|p2b: Murkrow|flinch\n|move|p2a: Iron Hands|Wild Charge|p1a: Annihilape\n|-damage|p1a: Annihilape|61\/100\n|-damage|p2a: Iron Hands|92\/100|[from] Recoil\n|move|p1a: Annihilape|Drain Punch|p2b: Murkrow\n|-damage|p2b: Murkrow|9\/100\n|-heal|p1a: Annihilape|89\/100|[from] drain|[of] p2b: Murkrow\n|\n|-heal|p1a: Annihilape|96\/100|[from] item: Leftovers\n|upkeep\n|turn|3\n|inactive|Spammm has 30 seconds left.\n|\n|t:|1682896055\n|move|p1a: Annihilape|Protect|p1a: Annihilape\n|-singleturn|p1a: Annihilape|Protect\n|move|p2b: Murkrow|Haze|p2b: Murkrow\n|-clearallboost\n|move|p2a: Iron Hands|Wild Charge|p1a: Annihilape\n|-activate|p1a: Annihilape|move: Protect\n|move|p1b: Iron Hands|Drain Punch|p2b: Murkrow\n|-damage|p2b: Murkrow|0 fnt\n|-heal|p1b: Iron Hands|72\/100|[from] drain|[of] p2b: Murkrow\n|faint|p2b: Murkrow\n|\n|-heal|p1a: Annihilape|100\/100|[from] item: Leftovers\n|upkeep\n|\n|t:|1682896068\n|switch|p2b: Flutter Mane|Flutter Mane, L50|100\/100\n|turn|4\n|\n|t:|1682896089\n|-end|p2a: Iron Hands|Quark Drive|[silent]\n|switch|p2a: Torkoal|Torkoal, L50, M|100\/100\n|-weather|SunnyDay|[from] ability: Drought|[of] p2a: Torkoal\n|-activate|p2b: Flutter Mane|ability: Protosynthesis\n|-start|p2b: Flutter Mane|protosynthesisspa\n|-terastallize|p2b: Flutter Mane|Fairy\n|-terastallize|p1a: Annihilape|Fire\n|move|p2b: Flutter Mane|Dazzling Gleam|p1b: Iron Hands|[spread] p1a,p1b\n|-resisted|p1a: Annihilape\n|-supereffective|p1b: Iron Hands\n|-damage|p1a: Annihilape|65\/100\n|-damage|p1b: Iron Hands|0 fnt\n|faint|p1b: Iron Hands\n|-end|p1b: Iron Hands|Quark Drive|[silent]\n|move|p1a: Annihilape|Rage Fist|p2a: Torkoal\n|-damage|p2a: Torkoal|58\/100\n|\n|-weather|SunnyDay|[upkeep]\n|-heal|p1a: Annihilape|72\/100|[from] item: Leftovers\n|-heal|p2a: Torkoal|64\/100|[from] item: Leftovers\n|-sideend|p2: DinoMike130|move: Tailwind\n|upkeep\n|\n|t:|1682896101\n|switch|p1b: Pelipper|Pelipper, L50, M|100\/100\n|-weather|RainDance|[from] ability: Drizzle|[of] p1b: Pelipper\n|-end|p2b: Flutter Mane|Protosynthesis\n|turn|5\n|\n|t:|1682896117\n|move|p2b: Flutter Mane|Dazzling Gleam|p1b: Pelipper|[spread] p1a,p1b\n|-resisted|p1a: Annihilape\n|-damage|p1a: Annihilape|43\/100\n|-damage|p1b: Pelipper|0 fnt\n|faint|p1b: Pelipper\n|move|p1a: Annihilape|Rage Fist|p2b: Flutter Mane\n|-damage|p2b: Flutter Mane|0 fnt\n|faint|p2b: Flutter Mane\n|-end|p2b: Flutter Mane|Protosynthesis|[silent]\n|move|p2a: Torkoal|Yawn|p1a: Annihilape\n|-start|p1a: Annihilape|move: Yawn|[of] p2a: Torkoal\n|\n|-weather|RainDance|[upkeep]\n|-heal|p1a: Annihilape|49\/100|[from] item: Leftovers\n|-heal|p2a: Torkoal|70\/100|[from] item: Leftovers\n|upkeep\n|\n|t:|1682896130\n|switch|p2b: Iron Hands|Iron Hands, L50|92\/100\n|switch|p1b: Palafin|Palafin-Hero, L50, M|100\/100\n|-activate|p1b: Palafin|ability: Zero to Hero\n|turn|6\n|\n|t:|1682896143\n|move|p2b: Iron Hands|Fake Out|p1a: Annihilape\n|-damage|p1a: Annihilape|31\/100\n|cant|p1a: Annihilape|flinch\n|move|p1b: Palafin|Wave Crash|p2b: Iron Hands\n|-damage|p2b: Iron Hands|20\/100\n|-damage|p1b: Palafin|71\/100|[from] Recoil\n|move|p2a: Torkoal|Yawn|p1b: Palafin\n|-start|p1b: Palafin|move: Yawn|[of] p2a: Torkoal\n|\n|-weather|RainDance|[upkeep]\n|-heal|p1a: Annihilape|38\/100|[from] item: Leftovers\n|-heal|p2a: Torkoal|76\/100|[from] item: Leftovers\n|-end|p1a: Annihilape|move: Yawn|[silent]\n|-status|p1a: Annihilape|slp\n|upkeep\n|turn|7\n|inactive|DinoMike130 has 30 seconds left.\n|\n|t:|1682896170\n|move|p1b: Palafin|Jet Punch|p2b: Iron Hands\n|-damage|p2b: Iron Hands|0 fnt\n|faint|p2b: Iron Hands\n|-end|p2b: Iron Hands|Quark Drive|[silent]\n|cant|p1a: Annihilape|slp\n|move|p2a: Torkoal|Flamethrower|p1b: Palafin\n|-resisted|p1b: Palafin\n|-damage|p1b: Palafin|64\/100\n|\n|-weather|RainDance|[upkeep]\n|-heal|p1a: Annihilape|44\/100 slp|[from] item: Leftovers\n|-heal|p2a: Torkoal|82\/100|[from] item: Leftovers\n|-end|p1b: Palafin|move: Yawn|[silent]\n|-status|p1b: Palafin|slp\n|upkeep\n|turn|8\n|\n|t:|1682896189\n|-curestatus|p1a: Annihilape|slp|[msg]\n|move|p1a: Annihilape|Drain Punch|p2a: Torkoal\n|-damage|p2a: Torkoal|62\/100\n|-heal|p1a: Annihilape|52\/100|[from] drain|[of] p2a: Torkoal\n|cant|p1b: Palafin|slp\n|move|p2a: Torkoal|Eruption|p1a: Annihilape|[spread] p1a,p1b\n|-resisted|p1a: Annihilape\n|-resisted|p1b: Palafin\n|-damage|p1a: Annihilape|48\/100\n|-damage|p1b: Palafin|58\/100 slp\n|\n|-weather|RainDance|[upkeep]\n|-heal|p1a: Annihilape|54\/100|[from] item: Leftovers\n|-heal|p2a: Torkoal|68\/100|[from] item: Leftovers\n|upkeep\n|turn|9\n|\n|t:|1682896205\n|move|p2a: Torkoal|Protect|p2a: Torkoal\n|-singleturn|p2a: Torkoal|Protect\n|move|p1a: Annihilape|Rage Fist|p2a: Torkoal\n|-activate|p2a: Torkoal|move: Protect\n|-curestatus|p1b: Palafin|slp|[msg]\n|move|p1b: Palafin|Wave Crash|p2a: Torkoal\n|-activate|p2a: Torkoal|move: Protect\n|\n|-weather|RainDance|[upkeep]\n|-heal|p1a: Annihilape|61\/100|[from] item: Leftovers\n|-heal|p2a: Torkoal|75\/100|[from] item: Leftovers\n|upkeep\n|turn|10\n|c|\u2606Spammm|Gg wp\n|c|\u2606DinoMike130|gg\n|\n|t:|1682896222\n|move|p1a: Annihilape|Rage Fist|p2a: Torkoal\n|-damage|p2a: Torkoal|0 fnt\n|faint|p2a: Torkoal\n|\n|win|Spammm\n|raw|Spammm's rating: 1399 → 1421<\/strong> (+22 for winning)\n|raw|DinoMike130's rating: 1437 → 1415<\/strong> (-22 for losing)\n|l|\u2606DinoMike130\n|l|\u2606Spammm\n|j|\u2606Spammm\n|player|p1|Spammm|ninjaboy\n","uploadtime":1682896230,"views":14,"p1id":"spammm","p2id":"dinomike130","formatid":"gen9vgc2023regulationc","rating":1415,"private":0,"password":""}