{"id":"gen9vgc2023regulationc-1863433101","p1":"Luckybadday","p2":"JoyBoy869","format":"[Gen 9] VGC 2023 Regulation C","log":"|j|\u2606Luckybadday\n|j|\u2606JoyBoy869\n|t:|1684016476\n|gametype|doubles\n|player|p1|Luckybadday|101|1050\n|player|p2|JoyBoy869|bugcatcher-gen4dp|1157\n|teamsize|p1|6\n|teamsize|p2|6\n|gen|9\n|tier|[Gen 9] VGC 2023 Regulation C\n|rated|\n|rule|Species Clause: Limit one of each Pok\u00e9mon\n|rule|Item Clause: Limit one of each item\n|clearpoke\n|poke|p1|Glimmora, L50, F|\n|poke|p1|Krookodile, L50, M|\n|poke|p1|Garchomp, L50, M|\n|poke|p1|Pawmot, L50, M|\n|poke|p1|Houndstone, L50, M|\n|poke|p1|Hippowdon, L50, F|\n|poke|p2|Annihilape, L50, M|\n|poke|p2|Tyranitar, L50, M|\n|poke|p2|Indeedee-F, L50, F|\n|poke|p2|Hatterene, L50, F|\n|poke|p2|Brute Bonnet, L50|\n|poke|p2|Torkoal, L50, F|\n|teampreview|4\n|inactive|Battle timer is ON: inactive players will automatically lose when time's up. (requested by Luckybadday)\n|inactive|JoyBoy869 has 60 seconds left.\n|\n|t:|1684016527\n|start\n|switch|p1a: Glimmora|Glimmora, L50, F|100\/100\n|switch|p1b: Krookodile|Krookodile, L50, M|100\/100\n|switch|p2a: Indeedee|Indeedee-F, L50, F|100\/100\n|switch|p2b: MankeyDLuffy|Annihilape, L50, M|100\/100\n|-fieldstart|move: Psychic Terrain|[from] ability: Psychic Surge|[of] p2a: Indeedee\n|-enditem|p2a: Indeedee|Psychic Seed\n|-boost|p2a: Indeedee|spd|1|[from] item: Psychic Seed\n|turn|1\n|\n|t:|1684016549\n|-terastallize|p1b: Krookodile|Grass\n|move|p1b: Krookodile|Crunch|p2b: MankeyDLuffy\n|-damage|p2b: MankeyDLuffy|66\/100\n|-unboost|p2b: MankeyDLuffy|def|1\n|-ability|p2b: MankeyDLuffy|Defiant|boost\n|-boost|p2b: MankeyDLuffy|atk|2\n|move|p1a: Glimmora|Dazzling Gleam|p2a: Indeedee|[spread] p2a,p2b\n|-supereffective|p2b: MankeyDLuffy\n|-damage|p2a: Indeedee|87\/100\n|-damage|p2b: MankeyDLuffy|30\/100\n|move|p2b: MankeyDLuffy|Bulk Up|p2b: MankeyDLuffy\n|-boost|p2b: MankeyDLuffy|atk|1\n|-boost|p2b: MankeyDLuffy|def|1\n|move|p2a: Indeedee|Trick Room|p2a: Indeedee\n|-fieldstart|move: Trick Room|[of] p2a: Indeedee\n|\n|-heal|p2b: MankeyDLuffy|37\/100|[from] item: Leftovers\n|upkeep\n|turn|2\n|inactive|Luckybadday has 30 seconds left.\n|inactive|JoyBoy869 has 30 seconds left.\n|\n|t:|1684016578\n|move|p2a: Indeedee|Helping Hand|p2b: MankeyDLuffy\n|-singleturn|p2b: MankeyDLuffy|Helping Hand|[of] p2a: Indeedee\n|move|p2b: MankeyDLuffy|Drain Punch|p1b: Krookodile\n|-damage|p1b: Krookodile|0 fnt\n|-heal|p2b: MankeyDLuffy|77\/100|[from] drain|[of] p1b: Krookodile\n|faint|p1b: Krookodile\n|move|p1a: Glimmora|Dazzling Gleam|p2a: Indeedee|[spread] p2a,p2b\n|-supereffective|p2b: MankeyDLuffy\n|-damage|p2a: Indeedee|74\/100\n|-damage|p2b: MankeyDLuffy|45\/100\n|\n|-heal|p2b: MankeyDLuffy|51\/100|[from] item: Leftovers\n|upkeep\n|\n|t:|1684016586\n|switch|p1b: Hippowdon|Hippowdon, L50, F|100\/100\n|-weather|Sandstorm|[from] ability: Sand Stream|[of] p1b: Hippowdon\n|turn|3\n|\n|t:|1684016605\n|move|p2a: Indeedee|Helping Hand|p2b: MankeyDLuffy\n|-singleturn|p2b: MankeyDLuffy|Helping Hand|[of] p2a: Indeedee\n|move|p1b: Hippowdon|Yawn|p2b: MankeyDLuffy\n|-start|p2b: MankeyDLuffy|move: Yawn|[of] p1b: Hippowdon\n|move|p2b: MankeyDLuffy|Drain Punch|p1b: Hippowdon\n|-damage|p1b: Hippowdon|36\/100\n|-heal|p2b: MankeyDLuffy|85\/100|[from] drain|[of] p1b: Hippowdon\n|move|p1a: Glimmora|Mortal Spin|p2b: MankeyDLuffy|[spread] p2a,p2b\n|-resisted|p2b: MankeyDLuffy\n|-damage|p2a: Indeedee|69\/100\n|-damage|p2b: MankeyDLuffy|83\/100\n|-status|p2a: Indeedee|psn\n|-status|p2b: MankeyDLuffy|psn\n|\n|-weather|Sandstorm|[upkeep]\n|-damage|p2a: Indeedee|63\/100 psn|[from] Sandstorm\n|-damage|p2b: MankeyDLuffy|76\/100 psn|[from] Sandstorm\n|-heal|p2b: MankeyDLuffy|83\/100 psn|[from] item: Leftovers\n|-damage|p2a: Indeedee|50\/100 psn|[from] psn\n|-damage|p2b: MankeyDLuffy|70\/100 psn|[from] psn\n|upkeep\n|turn|4\n|inactive|Luckybadday has 30 seconds left.\n|inactive|JoyBoy869 has 30 seconds left.\n|inactive|Luckybadday has 20 seconds left.\n|inactive|Luckybadday has 15 seconds left.\n|inactive|Luckybadday has 10 seconds left.\n|inactive|Luckybadday has 5 seconds left.\n|\n|t:|1684016655\n|move|p2a: Indeedee|Helping Hand|p2b: MankeyDLuffy\n|-singleturn|p2b: MankeyDLuffy|Helping Hand|[of] p2a: Indeedee\n|move|p1b: Hippowdon|Curse|p1b: Hippowdon\n|-unboost|p1b: Hippowdon|spe|1\n|-boost|p1b: Hippowdon|atk|1\n|-boost|p1b: Hippowdon|def|1\n|move|p2b: MankeyDLuffy|Drain Punch|p1b: Hippowdon\n|-damage|p1b: Hippowdon|0 fnt\n|-heal|p2b: MankeyDLuffy|88\/100 psn|[from] drain|[of] p1b: Hippowdon\n|faint|p1b: Hippowdon\n|move|p1a: Glimmora|Dazzling Gleam|p2a: Indeedee|[spread] p2a,p2b\n|-crit|p2a: Indeedee\n|-supereffective|p2b: MankeyDLuffy\n|-damage|p2a: Indeedee|21\/100 psn\n|-damage|p2b: MankeyDLuffy|52\/100 psn\n|\n|-weather|Sandstorm|[upkeep]\n|-damage|p2a: Indeedee|15\/100 psn|[from] Sandstorm\n|-damage|p2b: MankeyDLuffy|46\/100 psn|[from] Sandstorm\n|-heal|p2b: MankeyDLuffy|52\/100 psn|[from] item: Leftovers\n|-damage|p2a: Indeedee|2\/100 psn|[from] psn\n|-damage|p2b: MankeyDLuffy|39\/100 psn|[from] psn\n|-end|p2b: MankeyDLuffy|move: Yawn|[silent]\n|upkeep\n|\n|t:|1684016657\n|switch|p1b: Houndstone|Houndstone, L50, M|100\/100\n|turn|5\n|inactive|JoyBoy869 has 30 seconds left.\n|inactive|JoyBoy869 has 20 seconds left.\n|inactive|JoyBoy869 has 15 seconds left.\n|inactive|JoyBoy869 has 10 seconds left.\n|\n|t:|1684016705\n|move|p2a: Indeedee|Helping Hand|p2b: MankeyDLuffy\n|-singleturn|p2b: MankeyDLuffy|Helping Hand|[of] p2a: Indeedee\n|move|p2b: MankeyDLuffy|Rage Fist|p1b: Houndstone\n|-supereffective|p1b: Houndstone\n|-damage|p1b: Houndstone|0 fnt\n|faint|p1b: Houndstone\n|move|p1a: Glimmora|Power Gem|p2b: MankeyDLuffy\n|-resisted|p2b: MankeyDLuffy\n|-crit|p2b: MankeyDLuffy\n|-damage|p2b: MankeyDLuffy|15\/100 psn\n|\n|-weather|Sandstorm|[upkeep]\n|-damage|p2a: Indeedee|0 fnt|[from] Sandstorm\n|-damage|p2b: MankeyDLuffy|9\/100 psn|[from] Sandstorm\n|faint|p2a: Indeedee\n|-heal|p2b: MankeyDLuffy|15\/100 psn|[from] item: Leftovers\n|-damage|p2b: MankeyDLuffy|3\/100 psn|[from] psn\n|-fieldend|move: Trick Room\n|-fieldend|move: Psychic Terrain\n|upkeep\n|inactive|JoyBoy869 has 30 seconds left.\n|\n|t:|1684016731\n|switch|p2a: Brute Bonnet|Brute Bonnet, L50|100\/100\n|turn|6\n|inactive|Luckybadday has 30 seconds left.\n|\n|t:|1684016757\n|move|p1a: Glimmora|Dazzling Gleam|p2a: Brute Bonnet|[spread] p2a,p2b\n|-supereffective|p2a: Brute Bonnet\n|-supereffective|p2b: MankeyDLuffy\n|-damage|p2a: Brute Bonnet|71\/100\n|-damage|p2b: MankeyDLuffy|0 fnt\n|faint|p2b: MankeyDLuffy\n|move|p2a: Brute Bonnet|Bullet Seed|p1a: Glimmora\n|-damage|p1a: Glimmora|85\/100\n|-activate|p1a: Glimmora|ability: Toxic Debris\n|-sidestart|p2: JoyBoy869|move: Toxic Spikes\n|-damage|p1a: Glimmora|69\/100\n|-activate|p1a: Glimmora|ability: Toxic Debris\n|-sidestart|p2: JoyBoy869|move: Toxic Spikes\n|-damage|p1a: Glimmora|52\/100\n|-damage|p1a: Glimmora|35\/100\n|-hitcount|p1a: Glimmora|4\n|\n|-weather|Sandstorm|[upkeep]\n|-damage|p2a: Brute Bonnet|65\/100|[from] Sandstorm\n|upkeep\n|\n|t:|1684016775\n|switch|p2b: Tyranitar|Tyranitar, L50, M|100\/100\n|-status|p2b: Tyranitar|tox\n|turn|7\n|inactive|Luckybadday has 30 seconds left.\n|inactive|Luckybadday has 20 seconds left.\n|inactive|Luckybadday has 15 seconds left.\n|inactive|Luckybadday has 10 seconds left.\n|inactive|Luckybadday has 5 seconds left.\n|\n|t:|1684016830\n|move|p1a: Glimmora|Power Gem|p2a: Brute Bonnet\n|-damage|p2a: Brute Bonnet|32\/100\n|move|p2b: Tyranitar|Stomping Tantrum|p1a: Glimmora\n|-supereffective|p1a: Glimmora\n|-damage|p1a: Glimmora|0 fnt\n|faint|p1a: Glimmora\n|\n|win|JoyBoy869\n|raw|Luckybadday's rating: 1050 → 1038<\/strong> (-12 for losing)\n|raw|JoyBoy869's rating: 1157 → 1175<\/strong> (+18 for winning)\n|l|\u2606Luckybadday\n","uploadtime":1684016842,"views":8,"p1id":"luckybadday","p2id":"joyboy869","formatid":"gen9vgc2023regulationc","rating":1038,"private":0,"password":""}