{"id":"gen9vgc2023regulationc-1864424108","p1":"VictorbrineCassini","p2":"soyyoelchupa","format":"[Gen 9] VGC 2023 Regulation C","log":"|j|\u2606VictorbrineCassini\n|j|\u2606soyyoelchupa\n|t:|1684165466\n|gametype|doubles\n|player|p1|VictorbrineCassini|2|1090\n|player|p2|soyyoelchupa|flannery|1178\n|teamsize|p1|6\n|teamsize|p2|6\n|gen|9\n|tier|[Gen 9] VGC 2023 Regulation C\n|rated|\n|rule|Species Clause: Limit one of each Pok\u00e9mon\n|rule|Item Clause: Limit one of each item\n|clearpoke\n|poke|p1|Slither Wing, L50|\n|poke|p1|Chi-Yu, L50|\n|poke|p1|Flutter Mane, L50|\n|poke|p1|Corviknight, L50, F|\n|poke|p1|Iron Bundle, L50|\n|poke|p1|Abomasnow, L50, M|\n|poke|p2|Scream Tail, L50|\n|poke|p2|Gothitelle, L50, M|\n|poke|p2|Ting-Lu, L50|\n|poke|p2|Arcanine, L50, F|\n|poke|p2|Farigiraf, L50, F|\n|poke|p2|Breloom, L50, M|\n|teampreview|4\n|\n|t:|1684165550\n|start\n|switch|p1a: Sinnoh|Abomasnow, L50, M|100\/100\n|switch|p1b: Blue Bird|Corviknight, L50, F|100\/100\n|switch|p2a: AWOOOOOOOOOO|Arcanine, L50, F|100\/100\n|switch|p2b: Gothitelle|Gothitelle, L50, M|100\/100\n|-ability|p2a: AWOOOOOOOOOO|Intimidate|boost\n|-unboost|p1a: Sinnoh|atk|1\n|-ability|p1b: Blue Bird|Mirror Armor\n|-unboost|p2a: AWOOOOOOOOOO|atk|1\n|-weather|Snow|[from] ability: Snow Warning|[of] p1a: Sinnoh\n|turn|1\n|\n|t:|1684165584\n|move|p2b: Gothitelle|Fake Out|p1b: Blue Bird\n|-resisted|p1b: Blue Bird\n|-damage|p1b: Blue Bird|99\/100\n|move|p2a: AWOOOOOOOOOO|Flare Blitz|p1b: Blue Bird\n|-supereffective|p1b: Blue Bird\n|-damage|p1b: Blue Bird|52\/100\n|-damage|p2a: AWOOOOOOOOOO|82\/100|[from] Recoil\n|cant|p1b: Blue Bird|flinch\n|move|p1a: Sinnoh|Aurora Veil|p1a: Sinnoh\n|-sidestart|p1: VictorbrineCassini|move: Aurora Veil\n|\n|-weather|Snow|[upkeep]\n|upkeep\n|turn|2\n|\n|t:|1684165600\n|move|p1a: Sinnoh|Protect|p1a: Sinnoh\n|-singleturn|p1a: Sinnoh|Protect\n|move|p2a: AWOOOOOOOOOO|Flare Blitz|p1a: Sinnoh\n|-activate|p1a: Sinnoh|move: Protect\n|move|p1b: Blue Bird|U-turn|p2b: Gothitelle\n|-supereffective|p2b: Gothitelle\n|-damage|p2b: Gothitelle|73\/100\n|\n|t:|1684165608\n|switch|p1b: Funny Penguin|Iron Bundle, L50|100\/100|[from] U-turn\n|move|p2b: Gothitelle|Heal Pulse|p2a: AWOOOOOOOOOO\n|-heal|p2a: AWOOOOOOOOOO|100\/100\n|\n|-weather|Snow|[upkeep]\n|upkeep\n|turn|3\n|\n|t:|1684165629\n|-terastallize|p2a: AWOOOOOOOOOO|Normal\n|move|p1b: Funny Penguin|Blizzard|p2b: Gothitelle|[spread] p2a,p2b\n|-damage|p2a: AWOOOOOOOOOO|42\/100\n|-damage|p2b: Gothitelle|36\/100\n|-enditem|p2b: Gothitelle|Sitrus Berry|[eat]\n|-heal|p2b: Gothitelle|61\/100|[from] item: Sitrus Berry\n|move|p2a: AWOOOOOOOOOO|Flare Blitz|p1a: Sinnoh\n|-supereffective|p1a: Sinnoh\n|-damage|p1a: Sinnoh|27\/100\n|-damage|p2a: AWOOOOOOOOOO|14\/100|[from] Recoil\n|move|p2b: Gothitelle|Psychic|p1b: Funny Penguin\n|-crit|p1b: Funny Penguin\n|-damage|p1b: Funny Penguin|9\/100\n|move|p1a: Sinnoh|Blizzard|p2a: AWOOOOOOOOOO|[spread] p2a,p2b\n|-damage|p2a: AWOOOOOOOOOO|0 fnt\n|-damage|p2b: Gothitelle|41\/100\n|-status|p2b: Gothitelle|frz\n|faint|p2a: AWOOOOOOOOOO\n|\n|-weather|Snow|[upkeep]\n|-heal|p1a: Sinnoh|33\/100|[from] item: Leftovers\n|upkeep\n|\n|t:|1684165660\n|switch|p2a: Scream Tail|Scream Tail, L50|100\/100\n|turn|4\n|\n|t:|1684165689\n|move|p1b: Funny Penguin|Blizzard|p2a: Scream Tail|[spread] p2a,p2b\n|-damage|p2a: Scream Tail|66\/100\n|-damage|p2b: Gothitelle|8\/100 frz\n|cant|p2b: Gothitelle|frz\n|move|p1a: Sinnoh|Blizzard|p2b: Gothitelle|[spread] p2a,p2b\n|-crit|p2b: Gothitelle\n|-damage|p2a: Scream Tail|47\/100\n|-damage|p2b: Gothitelle|0 fnt\n|faint|p2b: Gothitelle\n|move|p2a: Scream Tail|Trick Room|p2a: Scream Tail\n|-fieldstart|move: Trick Room|[of] p2a: Scream Tail\n|\n|-weather|Snow|[upkeep]\n|-heal|p1a: Sinnoh|40\/100|[from] item: Leftovers\n|upkeep\n|\n|t:|1684165700\n|switch|p2b: Ting-Lu|Ting-Lu, L50|100\/100\n|-ability|p2b: Ting-Lu|Vessel of Ruin\n|turn|5\n|\n|t:|1684165719\n|move|p1a: Sinnoh|Protect|p1a: Sinnoh\n|-singleturn|p1a: Sinnoh|Protect\n|move|p2b: Ting-Lu|Heavy Slam|p1a: Sinnoh\n|-activate|p1a: Sinnoh|move: Protect\n|move|p2a: Scream Tail|Play Rough|p1b: Funny Penguin\n|-damage|p1b: Funny Penguin|0 fnt\n|faint|p1b: Funny Penguin\n|-end|p1b: Funny Penguin|Quark Drive|[silent]\n|\n|-weather|none\n|-heal|p1a: Sinnoh|46\/100|[from] item: Leftovers\n|-sideend|p1: VictorbrineCassini|move: Aurora Veil\n|upkeep\n|\n|t:|1684165736\n|switch|p1b: Rangda|Flutter Mane, L50|100\/100\n|-enditem|p1b: Rangda|Booster Energy\n|-activate|p1b: Rangda|ability: Protosynthesis|[fromitem]\n|-start|p1b: Rangda|protosynthesisspa\n|turn|6\n|\n|t:|1684165753\n|move|p1b: Rangda|Protect|p1b: Rangda\n|-singleturn|p1b: Rangda|Protect\n|move|p2b: Ting-Lu|Heavy Slam|p1b: Rangda\n|-activate|p1b: Rangda|move: Protect\n|move|p1a: Sinnoh|Energy Ball|p2b: Ting-Lu\n|-supereffective|p2b: Ting-Lu\n|-damage|p2b: Ting-Lu|77\/100\n|move|p2a: Scream Tail|Play Rough|p1a: Sinnoh\n|-damage|p1a: Sinnoh|20\/100\n|\n|-heal|p1a: Sinnoh|26\/100|[from] item: Leftovers\n|upkeep\n|turn|7\n|\n|t:|1684165776\n|-terastallize|p1b: Rangda|Water\n|move|p2b: Ting-Lu|Heavy Slam|p1b: Rangda\n|-resisted|p1b: Rangda\n|-damage|p1b: Rangda|64\/100\n|move|p1a: Sinnoh|Aurora Veil||[still]\n|-fail|p1a: Sinnoh\n|move|p2a: Scream Tail|Play Rough|p1b: Rangda\n|-damage|p1b: Rangda|20\/100\n|move|p1b: Rangda|Moonblast|p2b: Ting-Lu\n|-supereffective|p2b: Ting-Lu\n|-crit|p2b: Ting-Lu\n|-damage|p2b: Ting-Lu|4\/100\n|\n|-heal|p1a: Sinnoh|32\/100|[from] item: Leftovers\n|upkeep\n|turn|8\n|\n|t:|1684165793\n|move|p1a: Sinnoh|Protect|p1a: Sinnoh\n|-singleturn|p1a: Sinnoh|Protect\n|move|p1b: Rangda|Protect|p1b: Rangda\n|-singleturn|p1b: Rangda|Protect\n|move|p2b: Ting-Lu|Heavy Slam|p1a: Sinnoh\n|-activate|p1a: Sinnoh|move: Protect\n|move|p2a: Scream Tail|Play Rough|p1b: Rangda\n|-activate|p1b: Rangda|move: Protect\n|\n|-heal|p1a: Sinnoh|38\/100|[from] item: Leftovers\n|-fieldend|move: Trick Room\n|upkeep\n|turn|9\n|inactive|Battle timer is ON: inactive players will automatically lose when time's up. (requested by soyyoelchupa)\n|\n|t:|1684165828\n|move|p1b: Rangda|Moonblast|p2a: Scream Tail\n|-damage|p2a: Scream Tail|16\/100\n|-unboost|p2a: Scream Tail|spa|1\n|move|p2a: Scream Tail|Play Rough|p1b: Rangda\n|-damage|p1b: Rangda|0 fnt\n|faint|p1b: Rangda\n|-end|p1b: Rangda|Protosynthesis|[silent]\n|move|p1a: Sinnoh|Blizzard|p2a: Scream Tail|[spread] p2b\n|-miss|p1a: Sinnoh|p2a: Scream Tail\n|-supereffective|p2b: Ting-Lu\n|-damage|p2b: Ting-Lu|0 fnt\n|faint|p2b: Ting-Lu\n|\n|-heal|p1a: Sinnoh|44\/100|[from] item: Leftovers\n|upkeep\n|\n|t:|1684165842\n|switch|p1b: Blue Bird|Corviknight, L50, F|52\/100\n|turn|10\n|-message|soyyoelchupa forfeited.\n|\n|win|VictorbrineCassini\n|raw|VictorbrineCassini's rating: 1090 → 1123<\/strong> (+33 for winning)\n|raw|soyyoelchupa's rating: 1178 → 1147<\/strong> (-31 for losing)\n|l|\u2606soyyoelchupa\n","uploadtime":1684165853,"views":3,"p1id":"victorbrinecassini","p2id":"soyyoelchupa","formatid":"gen9vgc2023regulationc","rating":1123,"private":0,"password":""}