{"id":"gen9vgc2023regulationc-1850659687","p1":"ItsYaBoiGuz","p2":"Evil Flowey","format":"[Gen 9] VGC 2023 Regulation C","log":"|j|\u2606ItsYaBoiGuz\n|j|\u2606Evil Flowey\n|t:|1682356870\n|gametype|doubles\n|player|p1|ItsYaBoiGuz|ingo|1471\n|player|p2|Evil Flowey|volo|1441\n|teamsize|p1|6\n|teamsize|p2|6\n|gen|9\n|tier|[Gen 9] VGC 2023 Regulation C\n|rated|\n|rule|Species Clause: Limit one of each Pok\u00e9mon\n|rule|Item Clause: Limit one of each item\n|clearpoke\n|poke|p1|Flutter Mane, L50|\n|poke|p1|Glimmora, L50, M|\n|poke|p1|Wo-Chien, L50|\n|poke|p1|Chi-Yu, L50|\n|poke|p1|Gyarados, L50, M|\n|poke|p1|Baxcalibur, L50, M|\n|poke|p2|Baxcalibur, L50, F|\n|poke|p2|Torkoal, L50, F|\n|poke|p2|Chi-Yu, L50|\n|poke|p2|Ting-Lu, L50|\n|poke|p2|Dachsbun, L50, F|\n|poke|p2|Kingambit, L50, M|\n|teampreview|4\n|inactive|Battle timer is ON: inactive players will automatically lose when time's up. (requested by ItsYaBoiGuz)\n|inactive|Evil Flowey also wants the timer to be on.\nItsYaBoiGuz has agreed to open team sheets.\nEvil Flowey has agreed to open team sheets.\n|c|\u2606ItsYaBoiGuz|flowey get out of mah game\n|c|\u2606ItsYaBoiGuz|you already destroyed undertale\n|inactive|ItsYaBoiGuz has 60 seconds left.\n|inactive|Evil Flowey has 60 seconds left.\n|c|\u2606Evil Flowey|i was just gonna send you some LOVE\n|inactive|ItsYaBoiGuz has 30 seconds left.\n|inactive|Evil Flowey has 30 seconds left.\n|inactive|Evil Flowey has 20 seconds left.\n|inactive|Evil Flowey has 15 seconds left.\n|inactive|Evil Flowey has 10 seconds left.\n|\n|t:|1682356954\n|start\n|switch|p1a: Flutter Mane|Flutter Mane, L50, shiny|100\/100\n|switch|p1b: Glimmora|Glimmora, L50, M, shiny|100\/100\n|switch|p2a: Chi-Yu|Chi-Yu, L50|100\/100\n|switch|p2b: Cagnotta|Dachsbun, L50, F, shiny|100\/100\n|-ability|p2a: Chi-Yu|Beads of Ruin\n|-enditem|p1a: Flutter Mane|Booster Energy\n|-activate|p1a: Flutter Mane|ability: Protosynthesis|[fromitem]\n|-start|p1a: Flutter Mane|protosynthesisspe\n|turn|1\n|c|\u2606ItsYaBoiGuz|is evil flowey redundant? cause, yk, flowey is evil\n|inactive|Evil Flowey has 30 seconds left.\n|c|\u2606Evil Flowey|yeah, but flowey was already taken\n|inactive|Evil Flowey has 20 seconds left.\n|c|\u2606ItsYaBoiGuz|ah sheit\n|inactive|Evil Flowey has 15 seconds left.\n|inactive|Evil Flowey has 10 seconds left.\n|\n|t:|1682357001\n|-terastallize|p2b: Cagnotta|Steel\n|move|p1a: Flutter Mane|Icy Wind|p2b: Cagnotta|[spread] p2a,p2b\n|-resisted|p2a: Chi-Yu\n|-resisted|p2b: Cagnotta\n|-damage|p2a: Chi-Yu|92\/100\n|-damage|p2b: Cagnotta|88\/100\n|-unboost|p2a: Chi-Yu|spe|1\n|-unboost|p2b: Cagnotta|spe|1\n|move|p2a: Chi-Yu|Lava Plume|p1b: Glimmora|[spread] p1a,p1b\n|-ability|p2b: Cagnotta|Well-Baked Body|boost\n|-boost|p2b: Cagnotta|def|2\n|-resisted|p1b: Glimmora\n|-damage|p1a: Flutter Mane|52\/100\n|-damage|p1b: Glimmora|73\/100\n|-status|p1a: Flutter Mane|brn\n|move|p1b: Glimmora|Power Gem|p2a: Chi-Yu\n|-supereffective|p2a: Chi-Yu\n|-damage|p2a: Chi-Yu|0 fnt\n|faint|p2a: Chi-Yu\n|move|p2b: Cagnotta|Snarl|p1b: Glimmora|[spread] p1a,p1b\n|-damage|p1a: Flutter Mane|47\/100 brn\n|-damage|p1b: Glimmora|67\/100\n|-unboost|p1a: Flutter Mane|spa|1\n|-unboost|p1b: Glimmora|spa|1\n|\n|-heal|p2b: Cagnotta|94\/100|[from] item: Leftovers\n|-damage|p1a: Flutter Mane|42\/100 brn|[from] brn\n|upkeep\n|\n|t:|1682357025\n|switch|p2a: Luigi|Torkoal, L50, F|100\/100\n|-weather|SunnyDay|[from] ability: Drought|[of] p2a: Luigi\n|turn|2\n|\n|t:|1682357032\n|move|p1a: Flutter Mane|Shadow Ball|p2a: Luigi\n|-damage|p2a: Luigi|64\/100\n|move|p1b: Glimmora|Power Gem|p2a: Luigi\n|-supereffective|p2a: Luigi\n|-damage|p2a: Luigi|0 fnt\n|faint|p2a: Luigi\n|move|p2b: Cagnotta|Body Press|p1b: Glimmora\n|-damage|p1b: Glimmora|8\/100\n|-activate|p1b: Glimmora|ability: Toxic Debris\n|-sidestart|p2: Evil Flowey|move: Toxic Spikes\n|\n|-weather|SunnyDay|[upkeep]\n|-heal|p2b: Cagnotta|100\/100|[from] item: Leftovers\n|-damage|p1a: Flutter Mane|36\/100 brn|[from] brn\n|upkeep\n|\n|t:|1682357041\n|switch|p2a: Queengambit|Kingambit, L50, M|100\/100\n|turn|3\n|\n|t:|1682357062\n|move|p2a: Queengambit|Sucker Punch|p1a: Flutter Mane\n|-damage|p1a: Flutter Mane|0 fnt\n|faint|p1a: Flutter Mane\n|-end|p1a: Flutter Mane|Protosynthesis|[silent]\n|move|p1b: Glimmora|Earth Power|p2b: Cagnotta\n|-supereffective|p2b: Cagnotta\n|-damage|p2b: Cagnotta|44\/100\n|-unboost|p2b: Cagnotta|spd|1\n|move|p2b: Cagnotta|Body Press|p1b: Glimmora\n|-damage|p1b: Glimmora|0 fnt\n|-activate|p1b: Glimmora|ability: Toxic Debris\n|-sidestart|p2: Evil Flowey|move: Toxic Spikes\n|faint|p1b: Glimmora\n|\n|-weather|SunnyDay|[upkeep]\n|-heal|p2b: Cagnotta|50\/100|[from] item: Leftovers\n|upkeep\n|\n|t:|1682357067\n|switch|p1a: Gyarados|Gyarados, L50, M, shiny|100\/100\n|switch|p1b: Wo-Chien|Wo-Chien, L50|100\/100\n|-ability|p1a: Gyarados|Intimidate|boost\n|-unboost|p2a: Queengambit|atk|1\n|-ability|p2a: Queengambit|Defiant|boost\n|-boost|p2a: Queengambit|atk|2\n|-unboost|p2b: Cagnotta|atk|1\n|-ability|p1b: Wo-Chien|Tablets of Ruin\n|turn|4\n|\n|t:|1682357089\n|-terastallize|p1b: Wo-Chien|Poison\n|move|p1a: Gyarados|Thunder Wave|p2b: Cagnotta\n|-status|p2b: Cagnotta|par\n|move|p1b: Wo-Chien|Leech Seed|p2a: Queengambit\n|-start|p2a: Queengambit|move: Leech Seed\n|move|p2a: Queengambit|Assurance|p1a: Gyarados\n|-damage|p1a: Gyarados|63\/100\n|cant|p2b: Cagnotta|par\n|\n|-weather|SunnyDay|[upkeep]\n|-heal|p2b: Cagnotta|57\/100 par|[from] item: Leftovers\n|-damage|p2a: Queengambit|88\/100|[from] Leech Seed|[of] p1b: Wo-Chien\n|upkeep\n|turn|5\n|c|\u2606ItsYaBoiGuz|it is just a metter of time\n|c|\u2606ItsYaBoiGuz|i think\n|c|\u2606ItsYaBoiGuz|idfk\n|inactive|Evil Flowey has 30 seconds left.\n|inactive|Evil Flowey has 20 seconds left.\n|inactive|Evil Flowey has 15 seconds left.\n|\n|t:|1682357131\n|move|p1a: Gyarados|Thunder Wave|p2a: Queengambit\n|-status|p2a: Queengambit|par\n|move|p1b: Wo-Chien|Leech Seed|p2b: Cagnotta|[miss]\n|-miss|p1b: Wo-Chien|p2b: Cagnotta\n|move|p2b: Cagnotta|Body Press|p1a: Gyarados\n|-resisted|p1a: Gyarados\n|-damage|p1a: Gyarados|41\/100\n|-enditem|p1a: Gyarados|Sitrus Berry|[eat]\n|-heal|p1a: Gyarados|66\/100|[from] item: Sitrus Berry\n|move|p2a: Queengambit|Assurance|p1a: Gyarados\n|-damage|p1a: Gyarados|0 fnt\n|faint|p1a: Gyarados\n|\n|-weather|SunnyDay|[upkeep]\n|-heal|p2b: Cagnotta|63\/100 par|[from] item: Leftovers\n|-damage|p2a: Queengambit|76\/100 par|[from] Leech Seed|[of] p1b: Wo-Chien\n|upkeep\n|turn|6\n|c|\u2606Evil Flowey|lets see\n|c|\u2606Evil Flowey|altough, you can reset\n|inactive|Evil Flowey has 30 seconds left.\n|inactive|Evil Flowey has 20 seconds left.\n|\n|t:|1682357170\n|move|p1b: Wo-Chien|Protect|p1b: Wo-Chien\n|-singleturn|p1b: Wo-Chien|Protect\n|move|p2b: Cagnotta|Yawn|p1b: Wo-Chien\n|-activate|p1b: Wo-Chien|move: Protect\n|cant|p2a: Queengambit|par\n|\n|-weather|none\n|-heal|p2b: Cagnotta|69\/100 par|[from] item: Leftovers\n|-damage|p2a: Queengambit|64\/100 par|[from] Leech Seed|[of] p1b: Wo-Chien\n|upkeep\n|turn|7\n|\n|t:|1682357183\n|move|p1b: Wo-Chien|Leech Seed|p2b: Cagnotta\n|-start|p2b: Cagnotta|move: Leech Seed\n|move|p2b: Cagnotta|Yawn|p1b: Wo-Chien\n|-start|p1b: Wo-Chien|move: Yawn|[of] p2b: Cagnotta\n|cant|p2a: Queengambit|par\n|\n|-heal|p2b: Cagnotta|75\/100 par|[from] item: Leftovers\n|-damage|p2b: Cagnotta|63\/100 par|[from] Leech Seed|[of] p1b: Wo-Chien\n|-damage|p2a: Queengambit|52\/100 par|[from] Leech Seed|[of] p1b: Wo-Chien\n|upkeep\n|turn|8\n|\n|t:|1682357194\n|move|p1b: Wo-Chien|Foul Play|p2a: Queengambit\n|-resisted|p2a: Queengambit\n|-damage|p2a: Queengambit|19\/100 par\n|move|p2b: Cagnotta|Body Press|p1b: Wo-Chien\n|-resisted|p1b: Wo-Chien\n|-damage|p1b: Wo-Chien|82\/100\n|cant|p2a: Queengambit|par\n|\n|-heal|p1b: Wo-Chien|89\/100|[from] item: Leftovers\n|-heal|p2b: Cagnotta|69\/100 par|[from] item: Leftovers\n|-damage|p2b: Cagnotta|57\/100 par|[from] Leech Seed|[of] p1b: Wo-Chien\n|-heal|p1b: Wo-Chien|99\/100|[silent]\n|-damage|p2a: Queengambit|7\/100 par|[from] Leech Seed|[of] p1b: Wo-Chien\n|-heal|p1b: Wo-Chien|100\/100|[silent]\n|-end|p1b: Wo-Chien|move: Yawn|[silent]\n|-status|p1b: Wo-Chien|slp\n|upkeep\n|turn|9\n|\n|t:|1682357208\n|cant|p1b: Wo-Chien|slp\n|move|p2b: Cagnotta|Body Press|p1b: Wo-Chien\n|-resisted|p1b: Wo-Chien\n|-damage|p1b: Wo-Chien|83\/100 slp\n|cant|p2a: Queengambit|par\n|\n|-heal|p1b: Wo-Chien|89\/100 slp|[from] item: Leftovers\n|-heal|p2b: Cagnotta|63\/100 par|[from] item: Leftovers\n|-damage|p2b: Cagnotta|50\/100 par|[from] Leech Seed|[of] p1b: Wo-Chien\n|-heal|p1b: Wo-Chien|99\/100 slp|[silent]\n|-damage|p2a: Queengambit|0 fnt|[from] Leech Seed|[of] p1b: Wo-Chien\n|-heal|p1b: Wo-Chien|100\/100 slp|[silent]\n|faint|p2a: Queengambit\n|upkeep\n|turn|10\n|c|\u2606ItsYaBoiGuz|YEEEEEEEEES\n|c|\u2606Evil Flowey|saaaaaaaaaaaaaaaaaaaaaf\n|c|\u2606Evil Flowey|d\n|c|\u2606ItsYaBoiGuz|althpough i hate the strat, gg\n|c|\u2606ItsYaBoiGuz|3 paras man\n|inactive|Evil Flowey has 30 seconds left.\n|c|\u2606Evil Flowey|wait\n|c|\u2606Evil Flowey|i could go for the pp\n|inactive|Evil Flowey has 20 seconds left.\n|\n|t:|1682357246\n|cant|p1b: Wo-Chien|slp\n|move|p2b: Cagnotta|Yawn||[still]\n|-fail|p2b: Cagnotta\n|\n|-heal|p2b: Cagnotta|57\/100 par|[from] item: Leftovers\n|-damage|p2b: Cagnotta|44\/100 par|[from] Leech Seed|[of] p1b: Wo-Chien\n|upkeep\n|turn|11\n|c|\u2606ItsYaBoiGuz|bruh im asleep and ya have a timer cause leech\n|\n|t:|1682357259\n|-curestatus|p1b: Wo-Chien|slp|[msg]\n|move|p1b: Wo-Chien|Pollen Puff|p2b: Cagnotta\n|-resisted|p2b: Cagnotta\n|-damage|p2b: Cagnotta|24\/100 par\n|move|p2b: Cagnotta|Rest|p2b: Cagnotta\n|-status|p2b: Cagnotta|slp|[from] move: Rest\n|-heal|p2b: Cagnotta|100\/100 slp|[silent]\n|\n|-damage|p2b: Cagnotta|88\/100 slp|[from] Leech Seed|[of] p1b: Wo-Chien\n|upkeep\n|turn|12\n|c|\u2606Evil Flowey|i have rest\n|c|\u2606ItsYaBoiGuz|oh shit\n|c|\u2606Evil Flowey|nyeheheh\n|\n|t:|1682357275\n|move|p1b: Wo-Chien|Pollen Puff|p2b: Cagnotta\n|-resisted|p2b: Cagnotta\n|-damage|p2b: Cagnotta|69\/100 slp\n|cant|p2b: Cagnotta|slp\n|\n|-heal|p2b: Cagnotta|75\/100 slp|[from] item: Leftovers\n|-damage|p2b: Cagnotta|63\/100 slp|[from] Leech Seed|[of] p1b: Wo-Chien\n|upkeep\n|turn|13\n|\n|t:|1682357283\n|move|p1b: Wo-Chien|Pollen Puff|p2b: Cagnotta\n|-resisted|p2b: Cagnotta\n|-damage|p2b: Cagnotta|41\/100 slp\n|cant|p2b: Cagnotta|slp\n|\n|-heal|p2b: Cagnotta|47\/100 slp|[from] item: Leftovers\n|-damage|p2b: Cagnotta|35\/100 slp|[from] Leech Seed|[of] p1b: Wo-Chien\n|upkeep\n|turn|14\n|\n|t:|1682357287\n|move|p1b: Wo-Chien|Pollen Puff|p2b: Cagnotta\n|-resisted|p2b: Cagnotta\n|-damage|p2b: Cagnotta|16\/100 slp\n|-curestatus|p2b: Cagnotta|slp|[msg]\n|move|p2b: Cagnotta|Rest|p2b: Cagnotta\n|-status|p2b: Cagnotta|slp|[from] move: Rest\n|-heal|p2b: Cagnotta|100\/100 slp|[silent]\n|\n|-damage|p2b: Cagnotta|88\/100 slp|[from] Leech Seed|[of] p1b: Wo-Chien\n|upkeep\n|turn|15\n|\n|t:|1682357294\n|move|p1b: Wo-Chien|Pollen Puff|p2b: Cagnotta\n|-resisted|p2b: Cagnotta\n|-damage|p2b: Cagnotta|69\/100 slp\n|cant|p2b: Cagnotta|slp\n|\n|-heal|p2b: Cagnotta|75\/100 slp|[from] item: Leftovers\n|-damage|p2b: Cagnotta|63\/100 slp|[from] Leech Seed|[of] p1b: Wo-Chien\n|upkeep\n|turn|16\n|\n|t:|1682357302\n|move|p1b: Wo-Chien|Pollen Puff|p2b: Cagnotta\n|-resisted|p2b: Cagnotta\n|-damage|p2b: Cagnotta|41\/100 slp\n|cant|p2b: Cagnotta|slp\n|\n|-heal|p2b: Cagnotta|47\/100 slp|[from] item: Leftovers\n|-damage|p2b: Cagnotta|35\/100 slp|[from] Leech Seed|[of] p1b: Wo-Chien\n|upkeep\n|turn|17\n|c|\u2606ItsYaBoiGuz|this is going to take forever man\n|\n|t:|1682357308\n|move|p1b: Wo-Chien|Pollen Puff|p2b: Cagnotta\n|-resisted|p2b: Cagnotta\n|-damage|p2b: Cagnotta|15\/100 slp\n|-curestatus|p2b: Cagnotta|slp|[msg]\n|move|p2b: Cagnotta|Rest|p2b: Cagnotta\n|-status|p2b: Cagnotta|slp|[from] move: Rest\n|-heal|p2b: Cagnotta|100\/100 slp|[silent]\n|\n|-damage|p2b: Cagnotta|88\/100 slp|[from] Leech Seed|[of] p1b: Wo-Chien\n|upkeep\n|turn|18\n|c|\u2606Evil Flowey|yup\n|c|\u2606ItsYaBoiGuz|but im all for it\n|c|\u2606Evil Flowey|just you and me\n|c|\u2606ItsYaBoiGuz|beats class tbh\n|c|\u2606Evil Flowey|my BEST FRIEND\n|\n|t:|1682357323\n|move|p1b: Wo-Chien|Pollen Puff|p2b: Cagnotta\n|-resisted|p2b: Cagnotta\n|-damage|p2b: Cagnotta|70\/100 slp\n|cant|p2b: Cagnotta|slp\n|\n|-heal|p2b: Cagnotta|76\/100 slp|[from] item: Leftovers\n|-damage|p2b: Cagnotta|64\/100 slp|[from] Leech Seed|[of] p1b: Wo-Chien\n|upkeep\n|turn|19\n|\n|t:|1682357327\n|move|p1b: Wo-Chien|Pollen Puff|p2b: Cagnotta\n|-resisted|p2b: Cagnotta\n|-damage|p2b: Cagnotta|44\/100 slp\n|cant|p2b: Cagnotta|slp\n|\n|-heal|p2b: Cagnotta|50\/100 slp|[from] item: Leftovers\n|-damage|p2b: Cagnotta|38\/100 slp|[from] Leech Seed|[of] p1b: Wo-Chien\n|upkeep\n|turn|20\n|\n|t:|1682357331\n|move|p1b: Wo-Chien|Pollen Puff|p2b: Cagnotta\n|-resisted|p2b: Cagnotta\n|-damage|p2b: Cagnotta|18\/100 slp\n|-curestatus|p2b: Cagnotta|slp|[msg]\n|move|p2b: Cagnotta|Rest|p2b: Cagnotta\n|-status|p2b: Cagnotta|slp|[from] move: Rest\n|-heal|p2b: Cagnotta|100\/100 slp|[silent]\n|\n|-damage|p2b: Cagnotta|88\/100 slp|[from] Leech Seed|[of] p1b: Wo-Chien\n|upkeep\n|turn|21\n|\n|t:|1682357337\n|move|p1b: Wo-Chien|Pollen Puff|p2b: Cagnotta\n|-resisted|p2b: Cagnotta\n|-crit|p2b: Cagnotta\n|-damage|p2b: Cagnotta|58\/100 slp\n|cant|p2b: Cagnotta|slp\n|\n|-heal|p2b: Cagnotta|64\/100 slp|[from] item: Leftovers\n|-damage|p2b: Cagnotta|52\/100 slp|[from] Leech Seed|[of] p1b: Wo-Chien\n|upkeep\n|turn|22\n|c|\u2606ItsYaBoiGuz|i need a fat crit andf i prolly win\n|c|\u2606ItsYaBoiGuz|oh would you look at that\n|c|\u2606Evil Flowey|yap\n|c|\u2606ItsYaBoiGuz|lol\n|\n|t:|1682357354\n|move|p1b: Wo-Chien|Pollen Puff|p2b: Cagnotta\n|-resisted|p2b: Cagnotta\n|-damage|p2b: Cagnotta|33\/100 slp\n|cant|p2b: Cagnotta|slp\n|\n|-heal|p2b: Cagnotta|39\/100 slp|[from] item: Leftovers\n|-damage|p2b: Cagnotta|27\/100 slp|[from] Leech Seed|[of] p1b: Wo-Chien\n|upkeep\n|turn|23\n|\n|t:|1682357359\n|move|p1b: Wo-Chien|Pollen Puff|p2b: Cagnotta\n|-resisted|p2b: Cagnotta\n|-damage|p2b: Cagnotta|7\/100 slp\n|-curestatus|p2b: Cagnotta|slp|[msg]\n|move|p2b: Cagnotta|Rest|p2b: Cagnotta\n|-status|p2b: Cagnotta|slp|[from] move: Rest\n|-heal|p2b: Cagnotta|100\/100 slp|[silent]\n|\n|-damage|p2b: Cagnotta|88\/100 slp|[from] Leech Seed|[of] p1b: Wo-Chien\n|upkeep\n|turn|24\n|c|\u2606ItsYaBoiGuz|ahhhhhh so close\n|\n|t:|1682357373\n|move|p1b: Wo-Chien|Pollen Puff|p2b: Cagnotta\n|-resisted|p2b: Cagnotta\n|-damage|p2b: Cagnotta|69\/100 slp\n|cant|p2b: Cagnotta|slp\n|\n|-heal|p2b: Cagnotta|75\/100 slp|[from] item: Leftovers\n|-damage|p2b: Cagnotta|63\/100 slp|[from] Leech Seed|[of] p1b: Wo-Chien\n|upkeep\n|turn|25\n|\n|t:|1682357381\n|move|p1b: Wo-Chien|Pollen Puff|p2b: Cagnotta\n|-resisted|p2b: Cagnotta\n|-damage|p2b: Cagnotta|44\/100 slp\n|cant|p2b: Cagnotta|slp\n|\n|-heal|p2b: Cagnotta|50\/100 slp|[from] item: Leftovers\n|-damage|p2b: Cagnotta|38\/100 slp|[from] Leech Seed|[of] p1b: Wo-Chien\n|upkeep\n|turn|26\n|\n|t:|1682357387\n|move|p1b: Wo-Chien|Pollen Puff|p2b: Cagnotta\n|-resisted|p2b: Cagnotta\n|-damage|p2b: Cagnotta|18\/100 slp\n|-curestatus|p2b: Cagnotta|slp|[msg]\n|move|p2b: Cagnotta|Rest|p2b: Cagnotta\n|-status|p2b: Cagnotta|slp|[from] move: Rest\n|-heal|p2b: Cagnotta|100\/100 slp|[silent]\n|\n|-damage|p2b: Cagnotta|88\/100 slp|[from] Leech Seed|[of] p1b: Wo-Chien\n|upkeep\n|turn|27\n|\n|t:|1682357392\n|move|p1b: Wo-Chien|Pollen Puff|p2b: Cagnotta\n|-resisted|p2b: Cagnotta\n|-damage|p2b: Cagnotta|68\/100 slp\n|cant|p2b: Cagnotta|slp\n|\n|-heal|p2b: Cagnotta|74\/100 slp|[from] item: Leftovers\n|-damage|p2b: Cagnotta|62\/100 slp|[from] Leech Seed|[of] p1b: Wo-Chien\n|upkeep\n|turn|28\n|\n|t:|1682357397\n|move|p1b: Wo-Chien|Pollen Puff|p2b: Cagnotta\n|-resisted|p2b: Cagnotta\n|-damage|p2b: Cagnotta|42\/100 slp\n|cant|p2b: Cagnotta|slp\n|\n|-heal|p2b: Cagnotta|48\/100 slp|[from] item: Leftovers\n|-damage|p2b: Cagnotta|36\/100 slp|[from] Leech Seed|[of] p1b: Wo-Chien\n|upkeep\n|turn|29\n|\n|t:|1682357401\n|move|p1b: Wo-Chien|Foul Play|p2b: Cagnotta\n|-damage|p2b: Cagnotta|30\/100 slp\n|-curestatus|p2b: Cagnotta|slp|[msg]\n|move|p2b: Cagnotta|Yawn|p1b: Wo-Chien\n|-start|p1b: Wo-Chien|move: Yawn|[of] p2b: Cagnotta\n|\n|-heal|p2b: Cagnotta|36\/100|[from] item: Leftovers\n|-damage|p2b: Cagnotta|24\/100|[from] Leech Seed|[of] p1b: Wo-Chien\n|upkeep\n|turn|30\n|\n|t:|1682357408\n|move|p1b: Wo-Chien|Pollen Puff|p2b: Cagnotta\n|-resisted|p2b: Cagnotta\n|-damage|p2b: Cagnotta|4\/100\n|move|p2b: Cagnotta|Rest|p2b: Cagnotta\n|-status|p2b: Cagnotta|slp|[from] move: Rest\n|-heal|p2b: Cagnotta|100\/100 slp|[silent]\n|\n|-damage|p2b: Cagnotta|88\/100 slp|[from] Leech Seed|[of] p1b: Wo-Chien\n|-end|p1b: Wo-Chien|move: Yawn|[silent]\n|-status|p1b: Wo-Chien|slp\n|upkeep\n|turn|31\n|c|\u2606Evil Flowey|uuuuuf\n|\n|t:|1682357418\n|cant|p1b: Wo-Chien|slp\n|cant|p2b: Cagnotta|slp\n|\n|-heal|p2b: Cagnotta|94\/100 slp|[from] item: Leftovers\n|-damage|p2b: Cagnotta|82\/100 slp|[from] Leech Seed|[of] p1b: Wo-Chien\n|upkeep\n|turn|32\n|\n|t:|1682357421\n|cant|p1b: Wo-Chien|slp\n|cant|p2b: Cagnotta|slp\n|\n|-heal|p2b: Cagnotta|88\/100 slp|[from] item: Leftovers\n|-damage|p2b: Cagnotta|76\/100 slp|[from] Leech Seed|[of] p1b: Wo-Chien\n|upkeep\n|turn|33\n|\n|t:|1682357424\n|-curestatus|p1b: Wo-Chien|slp|[msg]\n|move|p1b: Wo-Chien|Foul Play|p2b: Cagnotta\n|-damage|p2b: Cagnotta|70\/100 slp\n|-curestatus|p2b: Cagnotta|slp|[msg]\n|move|p2b: Cagnotta|Snarl|p1b: Wo-Chien\n|-damage|p1b: Wo-Chien|96\/100\n|-unboost|p1b: Wo-Chien|spa|1\n|\n|-heal|p1b: Wo-Chien|100\/100|[from] item: Leftovers\n|-heal|p2b: Cagnotta|76\/100|[from] item: Leftovers\n|-damage|p2b: Cagnotta|64\/100|[from] Leech Seed|[of] p1b: Wo-Chien\n|upkeep\n|turn|34\n|\n|t:|1682357433\n|move|p1b: Wo-Chien|Pollen Puff|p2b: Cagnotta\n|-resisted|p2b: Cagnotta\n|-damage|p2b: Cagnotta|50\/100\n|move|p2b: Cagnotta|Snarl|p1b: Wo-Chien\n|-damage|p1b: Wo-Chien|96\/100\n|-unboost|p1b: Wo-Chien|spa|1\n|\n|-heal|p1b: Wo-Chien|100\/100|[from] item: Leftovers\n|-heal|p2b: Cagnotta|57\/100|[from] item: Leftovers\n|-damage|p2b: Cagnotta|44\/100|[from] Leech Seed|[of] p1b: Wo-Chien\n|upkeep\n|turn|35\n|\n|t:|1682357437\n|move|p1b: Wo-Chien|Pollen Puff|p2b: Cagnotta\n|-resisted|p2b: Cagnotta\n|-damage|p2b: Cagnotta|34\/100\n|move|p2b: Cagnotta|Snarl|p1b: Wo-Chien\n|-damage|p1b: Wo-Chien|96\/100\n|-unboost|p1b: Wo-Chien|spa|1\n|\n|-heal|p1b: Wo-Chien|100\/100|[from] item: Leftovers\n|-heal|p2b: Cagnotta|40\/100|[from] item: Leftovers\n|-damage|p2b: Cagnotta|28\/100|[from] Leech Seed|[of] p1b: Wo-Chien\n|upkeep\n|turn|36\n|c|\u2606ItsYaBoiGuz|criiiiiit\n|\n|t:|1682357445\n|move|p1b: Wo-Chien|Pollen Puff|p2b: Cagnotta\n|-resisted|p2b: Cagnotta\n|-damage|p2b: Cagnotta|20\/100\n|move|p2b: Cagnotta|Snarl|p1b: Wo-Chien\n|-damage|p1b: Wo-Chien|96\/100\n|-unboost|p1b: Wo-Chien|spa|1\n|\n|-heal|p1b: Wo-Chien|100\/100|[from] item: Leftovers\n|-heal|p2b: Cagnotta|26\/100|[from] item: Leftovers\n|-damage|p2b: Cagnotta|14\/100|[from] Leech Seed|[of] p1b: Wo-Chien\n|upkeep\n|turn|37\n|\n|t:|1682357452\n|move|p1b: Wo-Chien|Pollen Puff|p2b: Cagnotta\n|-resisted|p2b: Cagnotta\n|-damage|p2b: Cagnotta|8\/100\n|move|p2b: Cagnotta|Rest|p2b: Cagnotta\n|-status|p2b: Cagnotta|slp|[from] move: Rest\n|-heal|p2b: Cagnotta|100\/100 slp|[silent]\n|\n|-damage|p2b: Cagnotta|88\/100 slp|[from] Leech Seed|[of] p1b: Wo-Chien\n|upkeep\n|turn|38\n|\n|t:|1682357461\n|move|p1b: Wo-Chien|Foul Play|p2b: Cagnotta\n|-damage|p2b: Cagnotta|82\/100 slp\n|cant|p2b: Cagnotta|slp\n|\n|-heal|p2b: Cagnotta|88\/100 slp|[from] item: Leftovers\n|-damage|p2b: Cagnotta|76\/100 slp|[from] Leech Seed|[of] p1b: Wo-Chien\n|upkeep\n|turn|39\n|\n|t:|1682357468\n|move|p1b: Wo-Chien|Foul Play|p2b: Cagnotta\n|-damage|p2b: Cagnotta|70\/100 slp\n|cant|p2b: Cagnotta|slp\n|\n|-heal|p2b: Cagnotta|76\/100 slp|[from] item: Leftovers\n|-damage|p2b: Cagnotta|64\/100 slp|[from] Leech Seed|[of] p1b: Wo-Chien\n|upkeep\n|turn|40\n|\n|t:|1682357472\n|move|p1b: Wo-Chien|Foul Play|p2b: Cagnotta\n|-damage|p2b: Cagnotta|58\/100 slp\n|-curestatus|p2b: Cagnotta|slp|[msg]\n|move|p2b: Cagnotta|Yawn|p1b: Wo-Chien\n|-start|p1b: Wo-Chien|move: Yawn|[of] p2b: Cagnotta\n|\n|-heal|p2b: Cagnotta|65\/100|[from] item: Leftovers\n|-damage|p2b: Cagnotta|52\/100|[from] Leech Seed|[of] p1b: Wo-Chien\n|upkeep\n|turn|41\n|\n|t:|1682357484\n|move|p1b: Wo-Chien|Foul Play|p2b: Cagnotta\n|-damage|p2b: Cagnotta|46\/100\n|move|p2b: Cagnotta|Body Press|p1b: Wo-Chien\n|-resisted|p1b: Wo-Chien\n|-damage|p1b: Wo-Chien|85\/100\n|\n|-heal|p1b: Wo-Chien|91\/100|[from] item: Leftovers\n|-heal|p2b: Cagnotta|52\/100|[from] item: Leftovers\n|-damage|p2b: Cagnotta|40\/100|[from] Leech Seed|[of] p1b: Wo-Chien\n|-heal|p1b: Wo-Chien|100\/100|[silent]\n|-end|p1b: Wo-Chien|move: Yawn|[silent]\n|-status|p1b: Wo-Chien|slp\n|upkeep\n|turn|42\n|c|\u2606Evil Flowey|its yours\n|c|\u2606Evil Flowey|gg\n|\n|t:|1682357491\n|cant|p1b: Wo-Chien|slp\n|move|p2b: Cagnotta|Body Press|p1b: Wo-Chien\n|-resisted|p1b: Wo-Chien\n|-damage|p1b: Wo-Chien|83\/100 slp\n|\n|-heal|p1b: Wo-Chien|89\/100 slp|[from] item: Leftovers\n|-heal|p2b: Cagnotta|46\/100|[from] item: Leftovers\n|-damage|p2b: Cagnotta|34\/100|[from] Leech Seed|[of] p1b: Wo-Chien\n|-heal|p1b: Wo-Chien|99\/100 slp|[silent]\n|upkeep\n|turn|43\n|c|\u2606ItsYaBoiGuz|nah\n|c|\u2606ItsYaBoiGuz|i wanna see how this plays out\n|c|\u2606ItsYaBoiGuz|i wanna save the replay lol\n|\n|t:|1682357516\n|cant|p1b: Wo-Chien|slp\n|move|p2b: Cagnotta|Body Press|p1b: Wo-Chien\n|-resisted|p1b: Wo-Chien\n|-damage|p1b: Wo-Chien|83\/100 slp\n|\n|-heal|p1b: Wo-Chien|90\/100 slp|[from] item: Leftovers\n|-heal|p2b: Cagnotta|40\/100|[from] item: Leftovers\n|-damage|p2b: Cagnotta|28\/100|[from] Leech Seed|[of] p1b: Wo-Chien\n|-heal|p1b: Wo-Chien|99\/100 slp|[silent]\n|upkeep\n|turn|44\n|c|\u2606Evil Flowey|ahah\n|\n|t:|1682357521\n|-curestatus|p1b: Wo-Chien|slp|[msg]\n|move|p1b: Wo-Chien|Foul Play|p2b: Cagnotta\n|-damage|p2b: Cagnotta|22\/100\n|move|p2b: Cagnotta|Body Press|p1b: Wo-Chien\n|-resisted|p1b: Wo-Chien\n|-damage|p1b: Wo-Chien|83\/100\n|\n|-heal|p1b: Wo-Chien|90\/100|[from] item: Leftovers\n|-heal|p2b: Cagnotta|28\/100|[from] item: Leftovers\n|-damage|p2b: Cagnotta|16\/100|[from] Leech Seed|[of] p1b: Wo-Chien\n|-heal|p1b: Wo-Chien|99\/100|[silent]\n|upkeep\n|turn|45\n|\n|t:|1682357527\n|move|p1b: Wo-Chien|Foul Play|p2b: Cagnotta\n|-damage|p2b: Cagnotta|10\/100\n|move|p2b: Cagnotta|Body Press|p1b: Wo-Chien\n|-resisted|p1b: Wo-Chien\n|-damage|p1b: Wo-Chien|83\/100\n|\n|-heal|p1b: Wo-Chien|89\/100|[from] item: Leftovers\n|-heal|p2b: Cagnotta|16\/100|[from] item: Leftovers\n|-damage|p2b: Cagnotta|4\/100|[from] Leech Seed|[of] p1b: Wo-Chien\n|-heal|p1b: Wo-Chien|99\/100|[silent]\n|upkeep\n|turn|46\n|\n|t:|1682357531\n|move|p1b: Wo-Chien|Pollen Puff|p2b: Cagnotta\n|-resisted|p2b: Cagnotta\n|-damage|p2b: Cagnotta|0 fnt\n|faint|p2b: Cagnotta\n|\n|win|ItsYaBoiGuz\n|raw|ItsYaBoiGuz's rating: 1471 → 1489<\/strong> (+18 for winning)\n|raw|Evil Flowey's rating: 1441 → 1423<\/strong> (-18 for losing)\n|c|\u2606Evil Flowey|gg\n|c|\u2606ItsYaBoiGuz|my last pollen puff\n|c|\u2606ItsYaBoiGuz|gg man\n|l|\u2606Evil Flowey\n","uploadtime":1682357554,"views":15,"p1id":"itsyaboiguz","p2id":"evilflowey","formatid":"gen9vgc2023regulationc","rating":1423,"private":0,"password":""}