{"id":"gen9vgc2023regulationc-1853298737","p1":"NickFrazer","p2":"anshar_training","format":"[Gen 9] VGC 2023 Regulation C","log":"|j|\u2606NickFrazer\n|j|\u2606anshar_training\n|t:|1682663582\n|gametype|doubles\n|player|p1|NickFrazer|pilot|1032\n|player|p2|anshar_training|colress|1061\n|teamsize|p1|6\n|teamsize|p2|6\n|gen|9\n|tier|[Gen 9] VGC 2023 Regulation C\n|rated|\n|rule|Species Clause: Limit one of each Pok\u00e9mon\n|rule|Item Clause: Limit one of each item\n|clearpoke\n|poke|p1|Murkrow, L50, F|\n|poke|p1|Palafin, L50, M|\n|poke|p1|Gholdengo, L50|\n|poke|p1|Roaring Moon, L50|\n|poke|p1|Ting-Lu, L50|\n|poke|p1|Tsareena, L50, F|\n|poke|p2|Palafin, L50, F|\n|poke|p2|Flutter Mane, L50|\n|poke|p2|Arcanine, L50, F|\n|poke|p2|Amoonguss, L50, M|\n|poke|p2|Ting-Lu, L50|\n|poke|p2|Roaring Moon, L50|\n|teampreview|4\n|\n|t:|1682663620\n|start\n|switch|p1a: Murkrow|Murkrow, L50, F|100\/100\n|switch|p1b: Palafin|Palafin, L50, M|100\/100\n|switch|p2a: Apolo|Arcanine, L50, F|100\/100\n|switch|p2b: Benito|Roaring Moon, L50|100\/100\n|-ability|p2a: Apolo|Intimidate|boost\n|-unboost|p1a: Murkrow|atk|1\n|-unboost|p1b: Palafin|atk|1\n|-enditem|p2b: Benito|Booster Energy\n|-activate|p2b: Benito|ability: Protosynthesis|[fromitem]\n|-start|p2b: Benito|protosynthesisatk\n|turn|1\n|\n|t:|1682663647\n|move|p1a: Murkrow|Tailwind|p1a: Murkrow\n|-sidestart|p1: NickFrazer|move: Tailwind\n|move|p1b: Palafin|Flip Turn|p2a: Apolo\n|-supereffective|p2a: Apolo\n|-damage|p2a: Apolo|66\/100\n|\n|t:|1682663657\n|detailschange|p1b: Palafin|Palafin-Hero, L50, M\n|switch|p1b: Gholdengo|Gholdengo, L50|100\/100|[from] Flip Turn\n|move|p2b: Benito|Dragon Dance|p2b: Benito\n|-boost|p2b: Benito|atk|1\n|-boost|p2b: Benito|spe|1\n|move|p2a: Apolo|Will-O-Wisp|p1b: Gholdengo\n|-immune|p1b: Gholdengo|[from] ability: Good as Gold\n|\n|upkeep\n|turn|2\n|\n|t:|1682663681\n|-terastallize|p2b: Benito|Flying\n|move|p1a: Murkrow|Haze|p1a: Murkrow\n|-clearallboost\n|move|p1b: Gholdengo|Dazzling Gleam|p2a: Apolo|[spread] p2a,p2b\n|-resisted|p2a: Apolo\n|-damage|p2a: Apolo|47\/100\n|-damage|p2b: Benito|73\/100\n|move|p2b: Benito|Acrobatics|p1b: Gholdengo\n|-resisted|p1b: Gholdengo\n|-damage|p1b: Gholdengo|50\/100\n|move|p2a: Apolo|Flare Blitz|p1b: Gholdengo\n|-supereffective|p1b: Gholdengo\n|-damage|p1b: Gholdengo|0 fnt\n|faint|p1b: Gholdengo\n|-damage|p2a: Apolo|33\/100|[from] Recoil\n|\n|upkeep\n|\n|t:|1682663695\n|switch|p1b: Palafin|Palafin-Hero, L50, M|100\/100\n|-activate|p1b: Palafin|ability: Zero to Hero\n|turn|3\n|\n|t:|1682663707\n|move|p2a: Apolo|Protect|p2a: Apolo\n|-singleturn|p2a: Apolo|Protect\n|move|p1a: Murkrow|Rain Dance|p1a: Murkrow\n|-weather|RainDance\n|move|p1b: Palafin|Ice Punch|p2b: Benito\n|-supereffective|p2b: Benito\n|-damage|p2b: Benito|4\/100\n|move|p2b: Benito|Acrobatics|p1b: Palafin\n|-damage|p1b: Palafin|8\/100\n|\n|-weather|RainDance|[upkeep]\n|upkeep\n|turn|4\n|inactive|Battle timer is ON: inactive players will automatically lose when time's up. (requested by anshar_training)\n|\n|t:|1682663755\n|move|p2b: Benito|Protect|p2b: Benito\n|-singleturn|p2b: Benito|Protect\n|move|p2a: Apolo|Extreme Speed|p1b: Palafin\n|-damage|p1b: Palafin|0 fnt\n|faint|p1b: Palafin\n|move|p1a: Murkrow|Foul Play|p2b: Benito\n|-activate|p2b: Benito|move: Protect\n|\n|-weather|RainDance|[upkeep]\n|-sideend|p1: NickFrazer|move: Tailwind\n|upkeep\n|\n|t:|1682663762\n|switch|p1b: Roaring Moon|Roaring Moon, L50|100\/100\n|-enditem|p1b: Roaring Moon|Booster Energy\n|-activate|p1b: Roaring Moon|ability: Protosynthesis|[fromitem]\n|-start|p1b: Roaring Moon|protosynthesisatk\n|turn|5\n|\n|t:|1682663782\n|move|p1a: Murkrow|Tailwind|p1a: Murkrow\n|-sidestart|p1: NickFrazer|move: Tailwind\n|move|p1b: Roaring Moon|Rock Slide|p2a: Apolo|[spread] p2a,p2b\n|-supereffective|p2a: Apolo\n|-supereffective|p2b: Benito\n|-damage|p2a: Apolo|0 fnt\n|-damage|p2b: Benito|0 fnt\n|faint|p2a: Apolo\n|faint|p2b: Benito\n|-end|p2b: Benito|Protosynthesis|[silent]\n|\n|-weather|RainDance|[upkeep]\n|upkeep\n|\n|t:|1682663792\n|switch|p2b: Good Soup|Ting-Lu, L50|100\/100\n|switch|p2a: Cornelia|Flutter Mane, L50|100\/100\n|-ability|p2b: Good Soup|Vessel of Ruin\n|turn|6\n|inactive|NickFrazer has 30 seconds left.\n|inactive|NickFrazer has 20 seconds left.\n|inactive|anshar_training has 30 seconds left.\n|inactive|NickFrazer has 15 seconds left.\n|inactive|NickFrazer has 10 seconds left.\n|inactive|anshar_training has 20 seconds left.\n|\n|t:|1682663839\n|-terastallize|p1b: Roaring Moon|Flying\n|move|p1b: Roaring Moon|Acrobatics|p2a: Cornelia\n|-damage|p2a: Cornelia|0 fnt\n|faint|p2a: Cornelia\n|-end|p2a: Cornelia|Protosynthesis|[silent]\n|move|p1a: Murkrow|Foul Play|p2b: Good Soup\n|-resisted|p2b: Good Soup\n|-damage|p2b: Good Soup|88\/100\n|move|p2b: Good Soup|Ruination|p1b: Roaring Moon\n|-damage|p1b: Roaring Moon|51\/100\n|\n|-weather|RainDance|[upkeep]\n|upkeep\n|turn|7\n|\n|t:|1682663857\n|move|p1b: Roaring Moon|Acrobatics|p2b: Good Soup\n|-damage|p2b: Good Soup|42\/100\n|move|p1a: Murkrow|Foul Play|p2b: Good Soup\n|-resisted|p2b: Good Soup\n|-damage|p2b: Good Soup|31\/100\n|move|p2b: Good Soup|Ruination|p1b: Roaring Moon\n|-damage|p1b: Roaring Moon|26\/100\n|\n|-weather|none\n|upkeep\n|turn|8\n|\n|t:|1682663874\n|move|p1b: Roaring Moon|Acrobatics|p2b: Good Soup\n|-damage|p2b: Good Soup|0 fnt\n|faint|p2b: Good Soup\n|\n|win|NickFrazer\n|raw|NickFrazer's rating: 1064 → 1094<\/strong> (+30 for winning)\n|raw|anshar_training's rating: 1061 → 1042<\/strong> (-19 for losing)\n","uploadtime":1682663880,"views":12,"p1id":"nickfrazer","p2id":"anshartraining","formatid":"gen9vgc2023regulationc","rating":1042,"private":0,"password":""}