{"id":"gen9vgc2023regulationc-1852474894","p1":"Gorbism","p2":"SM0KESgirl","format":"[Gen 9] VGC 2023 Regulation C","log":"|j|\u2606Gorbism\n|j|\u2606SM0KESgirl\n|t:|1682562289\n|gametype|doubles\n|player|p1|Gorbism|ethan|1215\n|player|p2|SM0KESgirl|skyla|1292\n|teamsize|p1|6\n|teamsize|p2|6\n|gen|9\n|tier|[Gen 9] VGC 2023 Regulation C\n|rated|\n|rule|Species Clause: Limit one of each Pok\u00e9mon\n|rule|Item Clause: Limit one of each item\n|clearpoke\n|poke|p1|Tinkaton, L50, F|\n|poke|p1|Orthworm, L50, F|\n|poke|p1|Skeledirge, L50, M|\n|poke|p1|Garchomp, L50, F|\n|poke|p1|Kilowattrel, L50, F|\n|poke|p1|Iron Bundle, L50|\n|poke|p2|Gholdengo, L50|\n|poke|p2|Murkrow, L50, M|\n|poke|p2|Baxcalibur, L50, M|\n|poke|p2|Annihilape, L50, M|\n|poke|p2|Flutter Mane, L50|\n|poke|p2|Amoonguss, L50, M|\n|teampreview|4\n|\n|t:|1682562339\n|start\n|switch|p1a: Skeledirge|Skeledirge, L50, M|100\/100\n|switch|p1b: Kilowattrel|Kilowattrel, L50, F|100\/100\n|switch|p2a: Murkrow|Murkrow, L50, M|100\/100\n|switch|p2b: Gholdengo|Gholdengo, L50|100\/100\n|turn|1\n|\n|t:|1682562365\n|move|p1a: Skeledirge|Protect|p1a: Skeledirge\n|-singleturn|p1a: Skeledirge|Protect\n|move|p2a: Murkrow|Tailwind|p2a: Murkrow\n|-sidestart|p2: SM0KESgirl|move: Tailwind\n|move|p2b: Gholdengo|Make It Rain|p1a: Skeledirge|[spread] p1b\n|-activate|p1a: Skeledirge|move: Protect\n|-resisted|p1b: Kilowattrel\n|-damage|p1b: Kilowattrel|34\/100\n|-unboost|p2b: Gholdengo|spa|1\n|move|p1b: Kilowattrel|Tailwind|p1b: Kilowattrel\n|-sidestart|p1: Gorbism|move: Tailwind\n|\n|upkeep\n|turn|2\n|\n|t:|1682562399\n|move|p1b: Kilowattrel|Thunderbolt|p2a: Murkrow\n|-supereffective|p2a: Murkrow\n|-damage|p2a: Murkrow|20\/100\n|move|p2a: Murkrow|Foul Play|p1b: Kilowattrel\n|-damage|p1b: Kilowattrel|0 fnt\n|faint|p1b: Kilowattrel\n|move|p2b: Gholdengo|Make It Rain|p1a: Skeledirge\n|-resisted|p1a: Skeledirge\n|-damage|p1a: Skeledirge|44\/100\n|-unboost|p2b: Gholdengo|spa|1\n|move|p1a: Skeledirge|Torch Song|p2b: Gholdengo\n|-supereffective|p2b: Gholdengo\n|-crit|p2b: Gholdengo\n|-damage|p2b: Gholdengo|0 fnt\n|-boost|p1a: Skeledirge|spa|1\n|faint|p2b: Gholdengo\n|\n|-heal|p1a: Skeledirge|50\/100|[from] item: Leftovers\n|upkeep\n|\n|t:|1682562422\n|switch|p1b: Tinkaton|Tinkaton, L50, F|100\/100\n|switch|p2b: Annihilape|Annihilape, L50, M|100\/100\n|-ability|p1b: Tinkaton|Mold Breaker\n|turn|3\n|\n|t:|1682562438\n|move|p2b: Annihilape|Protect|p2b: Annihilape\n|-singleturn|p2b: Annihilape|Protect\n|move|p1a: Skeledirge|Protect|p1a: Skeledirge\n|-singleturn|p1a: Skeledirge|Protect\n|move|p2a: Murkrow|Haze|p2a: Murkrow\n|-clearallboost\n|move|p1b: Tinkaton|Play Rough|p2b: Annihilape\n|-activate|p2b: Annihilape|move: Protect\n|\n|-heal|p1a: Skeledirge|56\/100|[from] item: Leftovers\n|upkeep\n|turn|4\n|\n|t:|1682562483\n|-terastallize|p2b: Annihilape|Grass\n|-terastallize|p1a: Skeledirge|Grass\n|move|p1b: Tinkaton|Gigaton Hammer|p2a: Murkrow\n|-damage|p2a: Murkrow|0 fnt\n|faint|p2a: Murkrow\n|move|p2b: Annihilape|Bulk Up|p2b: Annihilape\n|-boost|p2b: Annihilape|atk|1\n|-boost|p2b: Annihilape|def|1\n|move|p1a: Skeledirge|Shadow Ball|p2b: Annihilape\n|-damage|p2b: Annihilape|72\/100\n|\n|-heal|p2b: Annihilape|78\/100|[from] item: Leftovers\n|-heal|p1a: Skeledirge|62\/100|[from] item: Leftovers\n|-sideend|p1: Gorbism|move: Tailwind\n|-sideend|p2: SM0KESgirl|move: Tailwind\n|upkeep\n|\n|t:|1682562501\n|switch|p2a: Baxcalibur|Baxcalibur, L50, M|100\/100\n|turn|5\n|\n|t:|1682562508\n|move|p2b: Annihilape|Protect|p2b: Annihilape\n|-singleturn|p2b: Annihilape|Protect\n|move|p1b: Tinkaton|Play Rough|p2a: Baxcalibur\n|-supereffective|p2a: Baxcalibur\n|-damage|p2a: Baxcalibur|44\/100\n|move|p2a: Baxcalibur|Earthquake|p1b: Tinkaton|[spread] p1a,p1b\n|-activate|p2b: Annihilape|move: Protect\n|-resisted|p1a: Skeledirge\n|-supereffective|p1b: Tinkaton\n|-damage|p1a: Skeledirge|50\/100\n|-damage|p1b: Tinkaton|20\/100\n|move|p1a: Skeledirge|Torch Song|p2b: Annihilape\n|-activate|p2b: Annihilape|move: Protect\n|\n|-heal|p2b: Annihilape|84\/100|[from] item: Leftovers\n|-heal|p1a: Skeledirge|56\/100|[from] item: Leftovers\n|upkeep\n|turn|6\n|\n|t:|1682562536\n|move|p1b: Tinkaton|Gigaton Hammer|p2a: Baxcalibur\n|-supereffective|p2a: Baxcalibur\n|-damage|p2a: Baxcalibur|0 fnt\n|faint|p2a: Baxcalibur\n|move|p2b: Annihilape|Rage Fist|p1b: Tinkaton\n|-damage|p1b: Tinkaton|0 fnt\n|faint|p1b: Tinkaton\n|move|p1a: Skeledirge|Torch Song|p2b: Annihilape\n|-supereffective|p2b: Annihilape\n|-damage|p2b: Annihilape|36\/100\n|-boost|p1a: Skeledirge|spa|1\n|\n|-heal|p2b: Annihilape|42\/100|[from] item: Leftovers\n|-heal|p1a: Skeledirge|63\/100|[from] item: Leftovers\n|upkeep\n|\n|t:|1682562546\n|switch|p1b: Garchomp|Garchomp, L50, F|100\/100\n|turn|7\n|\n|t:|1682562567\n|move|p1b: Garchomp|Dragon Claw|p2b: Annihilape\n|-crit|p2b: Annihilape\n|-damage|p2b: Annihilape|0 fnt\n|faint|p2b: Annihilape\n|\n|win|Gorbism\n|raw|Gorbism's rating: 1215 → 1245<\/strong> (+30 for winning)\n|raw|SM0KESgirl's rating: 1292 → 1262<\/strong> (-30 for losing)\n","uploadtime":1682562574,"views":10,"p1id":"gorbism","p2id":"sm0kesgirl","formatid":"gen9vgc2023regulationc","rating":1245,"private":0,"password":""}