{"id":"gen9vgc2023regulationc-1864355792","p1":"sowshinn","p2":"TTVNuzlockeAcademy","format":"[Gen 9] VGC 2023 Regulation C","log":"|j|\u2606sowshinn\n|j|\u2606TTVNuzlockeAcademy\n|t:|1684158952\n|gametype|doubles\n|player|p1|sowshinn|266|1159\n|player|p2|TTVNuzlockeAcademy|102|1149\n|teamsize|p1|6\n|teamsize|p2|6\n|gen|9\n|tier|[Gen 9] VGC 2023 Regulation C\n|rated|\n|rule|Species Clause: Limit one of each Pok\u00e9mon\n|rule|Item Clause: Limit one of each item\n|clearpoke\n|poke|p1|Slither Wing, L50|\n|poke|p1|Torkoal, L50, M|\n|poke|p1|Flutter Mane, L50|\n|poke|p1|Kingambit, L50, M|\n|poke|p1|Hatterene, L50, F|\n|poke|p1|Arcanine, L50, F|\n|poke|p2|Flutter Mane, L50|\n|poke|p2|Iron Bundle, L50|\n|poke|p2|Chien-Pao, L50|\n|poke|p2|Scizor, L50, F|\n|poke|p2|Gyarados, L50, F|\n|poke|p2|Chi-Yu, L50|\n|teampreview|4\n|\n|t:|1684159000\n|start\n|switch|p1a: Arcanine|Arcanine, L50, F|100\/100\n|switch|p1b: Torkoal|Torkoal, L50, M|100\/100\n|switch|p2a: Iron Bundle|Iron Bundle, L50|100\/100\n|switch|p2b: Chi-Yu|Chi-Yu, L50|100\/100\n|-ability|p2b: Chi-Yu|Beads of Ruin\n|-ability|p1a: Arcanine|Intimidate|boost\n|-unboost|p2a: Iron Bundle|atk|1\n|-unboost|p2b: Chi-Yu|atk|1\n|-weather|SunnyDay|[from] ability: Drought|[of] p1b: Torkoal\n|-enditem|p2a: Iron Bundle|Booster Energy\n|-activate|p2a: Iron Bundle|ability: Quark Drive|[fromitem]\n|-start|p2a: Iron Bundle|quarkdrivespe\n|turn|1\n|\n|t:|1684159033\n|move|p2a: Iron Bundle|Hydro Pump|p1b: Torkoal|[miss]\n|-miss|p2a: Iron Bundle|p1b: Torkoal\n|move|p2b: Chi-Yu|Dark Pulse|p1b: Torkoal\n|-damage|p1b: Torkoal|38\/100\n|move|p1a: Arcanine|Snarl|p2b: Chi-Yu|[spread] p2a,p2b\n|-resisted|p2b: Chi-Yu\n|-damage|p2a: Iron Bundle|78\/100\n|-damage|p2b: Chi-Yu|98\/100\n|-unboost|p2a: Iron Bundle|spa|1\n|-unboost|p2b: Chi-Yu|spa|1\n|cant|p1b: Torkoal|flinch\n|\n|-weather|SunnyDay|[upkeep]\n|upkeep\n|turn|2\n|\n|t:|1684159059\n|switch|p2b: Gyarados|Gyarados, L50, F|100\/100\n|-ability|p2b: Gyarados|Intimidate|boost\n|-unboost|p1a: Arcanine|atk|1\n|-unboost|p1b: Torkoal|atk|1\n|-enditem|p1b: Torkoal|Eject Pack\n|\n|t:|1684159065\n|switch|p1b: Slither Wing|Slither Wing, L50|100\/100\n|-activate|p1b: Slither Wing|ability: Protosynthesis\n|-start|p1b: Slither Wing|protosynthesisatk\n|move|p2a: Iron Bundle|Hydro Pump|p1b: Slither Wing\n|-damage|p1b: Slither Wing|84\/100\n|move|p1a: Arcanine|Snarl|p2b: Gyarados|[spread] p2a,p2b\n|-crit|p2b: Gyarados\n|-damage|p2a: Iron Bundle|59\/100\n|-damage|p2b: Gyarados|90\/100\n|-unboost|p2a: Iron Bundle|spa|1\n|-unboost|p2b: Gyarados|spa|1\n|\n|-weather|SunnyDay|[upkeep]\n|upkeep\n|turn|3\n|\n|t:|1684159093\n|move|p2a: Iron Bundle|Protect|p2a: Iron Bundle\n|-singleturn|p2a: Iron Bundle|Protect\n|move|p1b: Slither Wing|First Impression|p2a: Iron Bundle\n|-activate|p2a: Iron Bundle|move: Protect\n|move|p2b: Gyarados|Thunder Wave|p1b: Slither Wing|[miss]\n|-miss|p2b: Gyarados|p1b: Slither Wing\n|move|p1a: Arcanine|Will-O-Wisp|p2b: Gyarados\n|-status|p2b: Gyarados|brn\n|\n|-weather|SunnyDay|[upkeep]\n|-damage|p2b: Gyarados|84\/100 brn|[from] brn\n|upkeep\n|turn|4\n|\n|t:|1684159127\n|-end|p1b: Slither Wing|Protosynthesis|[silent]\n|switch|p1b: Torkoal|Torkoal, L50, M|38\/100\n|move|p2a: Iron Bundle|Icy Wind|p1b: Torkoal|[spread] p1a,p1b\n|-resisted|p1a: Arcanine\n|-resisted|p1b: Torkoal\n|-damage|p1a: Arcanine|96\/100\n|-damage|p1b: Torkoal|32\/100\n|-unboost|p1a: Arcanine|spe|1\n|-unboost|p1b: Torkoal|spe|1\n|move|p2b: Gyarados|Chilling Water|p1a: Arcanine\n|-supereffective|p1a: Arcanine\n|-damage|p1a: Arcanine|92\/100\n|-unboost|p1a: Arcanine|atk|1\n|move|p1a: Arcanine|Heat Wave|p2a: Iron Bundle|[spread] p2a,p2b\n|-resisted|p2b: Gyarados\n|-damage|p2a: Iron Bundle|0 fnt\n|-damage|p2b: Gyarados|72\/100 brn\n|faint|p2a: Iron Bundle\n|-end|p2a: Iron Bundle|Quark Drive|[silent]\n|\n|-weather|SunnyDay|[upkeep]\n|-damage|p2b: Gyarados|66\/100 brn|[from] brn\n|upkeep\n|\n|t:|1684159151\n|switch|p2a: Scizor|Scizor, L50, F|100\/100\n|turn|5\n|\n|t:|1684159188\n|-terastallize|p2a: Scizor|Water\n|move|p2b: Gyarados|Chilling Water|p1a: Arcanine\n|-supereffective|p1a: Arcanine\n|-damage|p1a: Arcanine|88\/100\n|-unboost|p1a: Arcanine|atk|1\n|move|p2a: Scizor|Swords Dance|p2a: Scizor\n|-boost|p2a: Scizor|atk|2\n|move|p1a: Arcanine|Heat Wave|p2a: Scizor|[spread] p2a,p2b\n|-resisted|p2a: Scizor\n|-resisted|p2b: Gyarados\n|-damage|p2a: Scizor|78\/100\n|-damage|p2b: Gyarados|54\/100 brn\n|move|p1b: Torkoal|Overheat|p2b: Gyarados\n|-resisted|p2b: Gyarados\n|-damage|p2b: Gyarados|33\/100 brn\n|-unboost|p1b: Torkoal|spa|2\n|-enditem|p2b: Gyarados|Sitrus Berry|[eat]\n|-heal|p2b: Gyarados|58\/100 brn|[from] item: Sitrus Berry\n|\n|-weather|none\n|-damage|p2b: Gyarados|52\/100 brn|[from] brn\n|upkeep\n|turn|6\n|\n|t:|1684159219\n|move|p2a: Scizor|Bullet Punch|p1b: Torkoal\n|-resisted|p1b: Torkoal\n|-damage|p1b: Torkoal|13\/100\n|move|p2b: Gyarados|Thunder Wave|p1a: Arcanine|[miss]\n|-miss|p2b: Gyarados|p1a: Arcanine\n|move|p1a: Arcanine|Sunny Day|p1a: Arcanine\n|-weather|SunnyDay\n|move|p1b: Torkoal|Clear Smog|p2a: Scizor\n|-damage|p2a: Scizor|72\/100\n|-clearboost|p2a: Scizor\n|\n|-weather|SunnyDay|[upkeep]\n|-damage|p2b: Gyarados|45\/100 brn|[from] brn\n|upkeep\n|turn|7\n|\n|t:|1684159249\n|move|p2b: Gyarados|Waterfall|p1b: Torkoal\n|-supereffective|p1b: Torkoal\n|-damage|p1b: Torkoal|4\/100\n|move|p2a: Scizor|Swords Dance|p2a: Scizor\n|-boost|p2a: Scizor|atk|2\n|move|p1a: Arcanine|Heat Wave|p2a: Scizor|[spread] p2a,p2b\n|-resisted|p2a: Scizor\n|-resisted|p2b: Gyarados\n|-damage|p2a: Scizor|48\/100\n|-damage|p2b: Gyarados|33\/100 brn\n|cant|p1b: Torkoal|flinch\n|\n|-weather|SunnyDay|[upkeep]\n|-damage|p2b: Gyarados|27\/100 brn|[from] brn\n|upkeep\n|turn|8\n|\n|t:|1684159293\n|switch|p1b: Flutter Mane|Flutter Mane, L50|100\/100\n|-activate|p1b: Flutter Mane|ability: Protosynthesis\n|-start|p1b: Flutter Mane|protosynthesisspa\n|move|p2a: Scizor|Bullet Punch|p1b: Flutter Mane\n|-supereffective|p1b: Flutter Mane\n|-damage|p1b: Flutter Mane|0 fnt\n|faint|p1b: Flutter Mane\n|-end|p1b: Flutter Mane|Protosynthesis|[silent]\n|move|p2b: Gyarados|Waterfall|p1a: Arcanine\n|-supereffective|p1a: Arcanine\n|-damage|p1a: Arcanine|71\/100\n|move|p1a: Arcanine|Will-O-Wisp|p2a: Scizor\n|-status|p2a: Scizor|brn\n|\n|-weather|SunnyDay|[upkeep]\n|-damage|p2b: Gyarados|21\/100 brn|[from] brn\n|-damage|p2a: Scizor|42\/100 brn|[from] brn\n|upkeep\n|\n|t:|1684159318\n|switch|p1b: Slither Wing|Slither Wing, L50|84\/100\n|-activate|p1b: Slither Wing|ability: Protosynthesis\n|-start|p1b: Slither Wing|protosynthesisatk\n|turn|9\n|\n|t:|1684159335\n|switch|p2b: Chi-Yu|Chi-Yu, L50|98\/100\n|-ability|p2b: Chi-Yu|Beads of Ruin\n|switch|p1a: Torkoal|Torkoal, L50, M|4\/100\n|move|p2a: Scizor|Protect|p2a: Scizor\n|-singleturn|p2a: Scizor|Protect\n|move|p1b: Slither Wing|First Impression|p2a: Scizor\n|-activate|p2a: Scizor|move: Protect\n|\n|-weather|SunnyDay|[upkeep]\n|-damage|p2a: Scizor|36\/100 brn|[from] brn\n|upkeep\n|turn|10\n|\n|t:|1684159363\n|-end|p1b: Slither Wing|Protosynthesis|[silent]\n|switch|p1b: Arcanine|Arcanine, L50, F|71\/100\n|-ability|p1b: Arcanine|Intimidate|boost\n|-unboost|p2a: Scizor|atk|1\n|-unboost|p2b: Chi-Yu|atk|1\n|move|p2a: Scizor|Bullet Punch|p1a: Torkoal\n|-resisted|p1a: Torkoal\n|-damage|p1a: Torkoal|0 fnt\n|faint|p1a: Torkoal\n|move|p2b: Chi-Yu|Flamethrower|p1b: Arcanine\n|-resisted|p1b: Arcanine\n|-damage|p1b: Arcanine|41\/100\n|\n|-weather|none\n|-damage|p2a: Scizor|29\/100 brn|[from] brn\n|upkeep\n|\n|t:|1684159377\n|switch|p1a: Slither Wing|Slither Wing, L50|84\/100\n|turn|11\n|\n|t:|1684159393\n|switch|p2a: Gyarados|Gyarados, L50, F|21\/100 brn\n|-ability|p2a: Gyarados|Intimidate|boost\n|-unboost|p1a: Slither Wing|atk|1\n|-unboost|p1b: Arcanine|atk|1\n|-terastallize|p1a: Slither Wing|Bug\n|move|p1a: Slither Wing|First Impression|p2b: Chi-Yu\n|-damage|p2b: Chi-Yu|40\/100\n|move|p2b: Chi-Yu|Flamethrower|p1a: Slither Wing\n|-supereffective|p1a: Slither Wing\n|-damage|p1a: Slither Wing|0 fnt\n|faint|p1a: Slither Wing\n|-end|p1a: Slither Wing|Protosynthesis|[silent]\n|move|p1b: Arcanine|Sunny Day|p1b: Arcanine\n|-weather|SunnyDay\n|\n|-weather|SunnyDay|[upkeep]\n|-damage|p2a: Gyarados|15\/100 brn|[from] brn\n|upkeep\n|turn|12\n|-message|sowshinn forfeited.\n|\n|win|TTVNuzlockeAcademy\n|raw|sowshinn's rating: 1159 → 1133<\/strong> (-26 for losing)\n|raw|TTVNuzlockeAcademy's rating: 1149 → 1175<\/strong> (+26 for winning)\n|l|\u2606sowshinn\n","uploadtime":1684159509,"views":9,"p1id":"sowshinn","p2id":"ttvnuzlockeacademy","formatid":"gen9vgc2023regulationc","rating":1133,"private":0,"password":""}