{"id":"gen9vgc2023regulationc-1860294392","p1":"gholdjunge","p2":"SleepyBadGirl","format":"[Gen 9] VGC 2023 Regulation C","log":"|j|\u2606gholdjunge\n|j|\u2606SleepyBadGirl\n|t:|1683627600\n|gametype|doubles\n|player|p1|gholdjunge|youngster-gen2|1691\n|player|p2|SleepyBadGirl|2|1614\n|teamsize|p1|6\n|teamsize|p2|6\n|gen|9\n|tier|[Gen 9] VGC 2023 Regulation C\n|rated|\n|rule|Species Clause: Limit one of each Pok\u00e9mon\n|rule|Item Clause: Limit one of each item\n|clearpoke\n|poke|p1|Azumarill, L50, F|\n|poke|p1|Pelipper, L50, M|\n|poke|p1|Chien-Pao, L50|\n|poke|p1|Iron Hands, L50|\n|poke|p1|Flutter Mane, L50|\n|poke|p1|Amoonguss, L50, M|\n|poke|p2|Maushold, L50|\n|poke|p2|Ting-Lu, L50|\n|poke|p2|Flutter Mane, L50|\n|poke|p2|Amoonguss, L50, F|\n|poke|p2|Annihilape, L50, M|\n|poke|p2|Klefki, L50, M|\n|teampreview|4\n|inactive|Battle timer is ON: inactive players will automatically lose when time's up. (requested by SleepyBadGirl)\n|\n|t:|1683627625\n|start\n|switch|p1a: Pelipper|Pelipper, L50, M|100\/100\n|switch|p1b: Flutter Mane|Flutter Mane, L50|100\/100\n|switch|p2a: Klefki|Klefki, L50, M|100\/100\n|switch|p2b: Annihilape|Annihilape, L50, M|100\/100\n|-weather|RainDance|[from] ability: Drizzle|[of] p1a: Pelipper\n|turn|1\n|\n|t:|1683627642\n|-terastallize|p1b: Flutter Mane|Electric\n|-terastallize|p2b: Annihilape|Water\n|move|p1a: Pelipper|Helping Hand|p1b: Flutter Mane\n|-singleturn|p1b: Flutter Mane|Helping Hand|[of] p1a: Pelipper\n|move|p2a: Klefki|Light Screen|p2a: Klefki\n|-sidestart|p2: SleepyBadGirl|move: Light Screen\n|move|p1b: Flutter Mane|Thunder|p2a: Klefki\n|-damage|p2a: Klefki|17\/100\n|move|p2b: Annihilape|Rage Fist|p1b: Flutter Mane\n|-damage|p1b: Flutter Mane|69\/100\n|\n|-weather|RainDance|[upkeep]\n|upkeep\n|turn|2\n|inactive|SleepyBadGirl has 30 seconds left.\n|inactive|gholdjunge has 30 seconds left.\n|\n|t:|1683627676\n|switch|p2a: Maushold|Maushold, L50|100\/100\n|move|p1b: Flutter Mane|Thunder|p2a: Maushold\n|-damage|p2a: Maushold|50\/100\n|move|p2b: Annihilape|Rage Fist|p1b: Flutter Mane\n|-damage|p1b: Flutter Mane|34\/100\n|move|p1a: Pelipper|Tailwind|p1a: Pelipper\n|-sidestart|p1: gholdjunge|move: Tailwind\n|\n|-weather|RainDance|[upkeep]\n|upkeep\n|turn|3\n|j| shanehuang99\n|inactive|gholdjunge has 30 seconds left.\n|\n|t:|1683627702\n|move|p1a: Pelipper|Helping Hand|p1b: Flutter Mane\n|-singleturn|p1b: Flutter Mane|Helping Hand|[of] p1a: Pelipper\n|move|p2a: Maushold|Protect|p2a: Maushold\n|-singleturn|p2a: Maushold|Protect\n|move|p1b: Flutter Mane|Thunder|p2b: Annihilape\n|-supereffective|p2b: Annihilape\n|-damage|p2b: Annihilape|0 fnt\n|faint|p2b: Annihilape\n|\n|-weather|RainDance|[upkeep]\n|upkeep\n|\n|t:|1683627711\n|switch|p2b: Flutter Mane|Flutter Mane, L50|100\/100\n|turn|4\n|\n|t:|1683627727\n|move|p2a: Maushold|Feint|p1a: Pelipper\n|-damage|p1a: Pelipper|91\/100\n|move|p1b: Flutter Mane|Thunder|p2a: Maushold\n|-damage|p2a: Maushold|0 fnt\n|faint|p2a: Maushold\n|move|p1a: Pelipper|Hurricane|p2b: Flutter Mane\n|-damage|p2b: Flutter Mane|75\/100\n|move|p2b: Flutter Mane|Dazzling Gleam|p1a: Pelipper|[spread] p1a,p1b\n|-damage|p1a: Pelipper|44\/100\n|-damage|p1b: Flutter Mane|0 fnt\n|-enditem|p1a: Pelipper|Sitrus Berry|[eat]\n|-heal|p1a: Pelipper|69\/100|[from] item: Sitrus Berry\n|faint|p1b: Flutter Mane\n|-end|p1b: Flutter Mane|Protosynthesis|[silent]\n|\n|-weather|RainDance|[upkeep]\n|upkeep\n|\n|t:|1683627744\n|switch|p1b: Amoonguss|Amoonguss, L50, M|100\/100\n|switch|p2a: Klefki|Klefki, L50, M|17\/100\n|turn|5\n|\n|t:|1683627762\n|move|p1a: Pelipper|Protect|p1a: Pelipper\n|-singleturn|p1a: Pelipper|Protect\n|move|p2a: Klefki|Thunder Wave|p1b: Amoonguss\n|-status|p1b: Amoonguss|par\n|move|p2b: Flutter Mane|Dazzling Gleam|p1b: Amoonguss|[spread] p1b\n|-activate|p1a: Pelipper|move: Protect\n|-resisted|p1b: Amoonguss\n|-damage|p1b: Amoonguss|82\/100 par\n|move|p1b: Amoonguss|Spore|p2b: Flutter Mane\n|-status|p2b: Flutter Mane|slp|[from] move: Spore\n|\n|-weather|none\n|-sideend|p1: gholdjunge|move: Tailwind\n|upkeep\n|turn|6\n|inactive|SleepyBadGirl has 30 seconds left.\n|\n|t:|1683627797\n|switch|p1a: Iron Hands|Iron Hands, L50|100\/100\n|move|p2a: Klefki|Thunder Wave|p1a: Iron Hands|[miss]\n|-miss|p2a: Klefki|p1a: Iron Hands\n|cant|p2b: Flutter Mane|slp\n|move|p1b: Amoonguss|Spore|p2a: Klefki\n|-status|p2a: Klefki|slp|[from] move: Spore\n|\n|upkeep\n|turn|7\n|-message|SleepyBadGirl forfeited.\n|\n|win|gholdjunge\n|raw|gholdjunge's rating: 1691 → 1707<\/strong> (+16 for winning)\n|raw|SleepyBadGirl's rating: 1614 → 1598<\/strong> (-16 for losing)\n|l|\u2606SleepyBadGirl\n","uploadtime":1683627810,"views":9,"p1id":"gholdjunge","p2id":"sleepybadgirl","formatid":"gen9vgc2023regulationc","rating":1598,"private":0,"password":""}