{"id":"gen9vgc2023regulationc-1848873374","p1":"Ellvaekyoo","p2":"Drembi","format":"[Gen 9] VGC 2023 Regulation C","log":"|j|\u2606Ellvaekyoo\n|j|\u2606Drembi\n|t:|1682120246\n|gametype|doubles\n|player|p1|Ellvaekyoo|clerk|1181\n|player|p2|Drembi|2|1140\n|teamsize|p1|6\n|teamsize|p2|6\n|gen|9\n|tier|[Gen 9] VGC 2023 Regulation C\n|rated|\n|rule|Species Clause: Limit one of each Pok\u00e9mon\n|rule|Item Clause: Limit one of each item\n|clearpoke\n|poke|p1|Glimmora, L50, M|\n|poke|p1|Wo-Chien, L50|\n|poke|p1|Flutter Mane, L50|\n|poke|p1|Arcanine, L50, F|\n|poke|p1|Dondozo, L50, M|\n|poke|p1|Tatsugiri, L50, F|\n|poke|p2|Chi-Yu, L50|\n|poke|p2|Dachsbun, L50, M|\n|poke|p2|Iron Bundle, L50|\n|poke|p2|Bronzong, L50|\n|poke|p2|Garchomp, L50, F|\n|poke|p2|Tsareena, L50, F|\n|teampreview|4\n|inactive|Battle timer is ON: inactive players will automatically lose when time's up. (requested by Ellvaekyoo)\n|inactive|Ellvaekyoo has 60 seconds left.\n|inactive|Drembi has 60 seconds left.\n|\n|t:|1682120300\n|start\n|switch|p1a: Wo-Chien|Wo-Chien, L50|100\/100\n|switch|p1b: Arcanine|Arcanine, L50, F|100\/100\n|switch|p2a: Iron Bundle|Iron Bundle, L50|100\/100\n|switch|p2b: Tsareena|Tsareena, L50, F|100\/100\n|-ability|p1b: Arcanine|Intimidate|boost\n|-unboost|p2a: Iron Bundle|atk|1\n|-fail|p2b: Tsareena|unboost|[from] item: Clear Amulet|[of] p2b: Tsareena\n|-ability|p1a: Wo-Chien|Tablets of Ruin\n|-enditem|p2a: Iron Bundle|Booster Energy\n|-activate|p2a: Iron Bundle|ability: Quark Drive|[fromitem]\n|-start|p2a: Iron Bundle|quarkdrivespe\n|turn|1\n|inactive|Ellvaekyoo has 30 seconds left.\n|\n|t:|1682120333\n|-terastallize|p1b: Arcanine|Grass\n|-terastallize|p2b: Tsareena|Flying\n|move|p1a: Wo-Chien|Protect|p1a: Wo-Chien\n|-singleturn|p1a: Wo-Chien|Protect\n|move|p2a: Iron Bundle|Hydro Pump|p1b: Arcanine\n|-resisted|p1b: Arcanine\n|-damage|p1b: Arcanine|74\/100\n|move|p1b: Arcanine|Will-O-Wisp|p2a: Iron Bundle\n|-status|p2a: Iron Bundle|brn\n|move|p2b: Tsareena|Taunt|p1a: Wo-Chien\n|-activate|p1a: Wo-Chien|move: Protect\n|\n|-damage|p2a: Iron Bundle|94\/100 brn|[from] brn\n|upkeep\n|turn|2\n|inactive|Ellvaekyoo has 30 seconds left.\n|inactive|Drembi has 30 seconds left.\n|inactive|Ellvaekyoo has 20 seconds left.\n|inactive|Ellvaekyoo has 15 seconds left.\n|\n|t:|1682120378\n|switch|p1b: Glimmora|Glimmora, L50, M|100\/100\n|move|p2a: Iron Bundle|Freeze-Dry|p1b: Glimmora\n|-damage|p1b: Glimmora|68\/100\n|move|p2b: Tsareena|Tera Blast|p1b: Glimmora\n|-resisted|p1b: Glimmora\n|-damage|p1b: Glimmora|48\/100\n|-activate|p1b: Glimmora|ability: Toxic Debris\n|-sidestart|p2: Drembi|move: Toxic Spikes\n|move|p1a: Wo-Chien|Knock Off|p2b: Tsareena\n|-damage|p2b: Tsareena|74\/100\n|-enditem|p2b: Tsareena|Clear Amulet|[from] move: Knock Off|[of] p1a: Wo-Chien\n|\n|-damage|p2a: Iron Bundle|88\/100 brn|[from] brn\n|upkeep\n|turn|3\n|inactive|Ellvaekyoo has 30 seconds left.\n|inactive|Ellvaekyoo has 20 seconds left.\n|\n|t:|1682120418\n|move|p2a: Iron Bundle|Hydro Pump|p1b: Glimmora\n|-supereffective|p1b: Glimmora\n|-damage|p1b: Glimmora|0 fnt\n|faint|p1b: Glimmora\n|move|p2b: Tsareena|Taunt|p1a: Wo-Chien\n|-start|p1a: Wo-Chien|move: Taunt\n|move|p1a: Wo-Chien|Giga Drain|p2a: Iron Bundle\n|-supereffective|p2a: Iron Bundle\n|-damage|p2a: Iron Bundle|0 fnt\n|faint|p2a: Iron Bundle\n|-end|p2a: Iron Bundle|Quark Drive|[silent]\n|\n|upkeep\n|\n|t:|1682120429\n|switch|p2a: Chi-Yu|Chi-Yu, L50|100\/100\n|switch|p1b: Arcanine|Arcanine, L50, F, tera:Grass|74\/100\n|-status|p2a: Chi-Yu|psn\n|-ability|p2a: Chi-Yu|Beads of Ruin\n|-ability|p1b: Arcanine|Intimidate|boost\n|-unboost|p2a: Chi-Yu|atk|1\n|-unboost|p2b: Tsareena|atk|1\n|turn|4\n|\n|t:|1682120444\n|switch|p2b: Dachsbun|Dachsbun, L50, M|100\/100\n|-status|p2b: Dachsbun|psn\n|move|p2a: Chi-Yu|Lava Plume|p1a: Wo-Chien|[spread] p1a,p1b\n|-ability|p2b: Dachsbun|Well-Baked Body|boost\n|-boost|p2b: Dachsbun|def|2\n|-supereffective|p1a: Wo-Chien\n|-supereffective|p1b: Arcanine\n|-damage|p1a: Wo-Chien|44\/100\n|-damage|p1b: Arcanine|0 fnt\n|faint|p1b: Arcanine\n|move|p1a: Wo-Chien|Knock Off|p2a: Chi-Yu\n|-resisted|p2a: Chi-Yu\n|-damage|p2a: Chi-Yu|80\/100 psn\n|-enditem|p2a: Chi-Yu|Focus Sash|[from] move: Knock Off|[of] p1a: Wo-Chien\n|\n|-damage|p2a: Chi-Yu|67\/100 psn|[from] psn\n|-damage|p2b: Dachsbun|88\/100 psn|[from] psn\n|upkeep\n|\n|t:|1682120459\n|switch|p1b: Flutter Mane|Flutter Mane, L50|100\/100\n|turn|5\n|\n|t:|1682120473\n|move|p2a: Chi-Yu|Protect|p2a: Chi-Yu\n|-singleturn|p2a: Chi-Yu|Protect\n|move|p1b: Flutter Mane|Dazzling Gleam|p2a: Chi-Yu|[spread] p2b\n|-activate|p2a: Chi-Yu|move: Protect\n|-damage|p2b: Dachsbun|46\/100 psn\n|move|p2b: Dachsbun|Yawn|p1b: Flutter Mane\n|-start|p1b: Flutter Mane|move: Yawn|[of] p2b: Dachsbun\n|move|p1a: Wo-Chien|Giga Drain|p2b: Dachsbun\n|-damage|p2b: Dachsbun|13\/100 psn\n|-heal|p1a: Wo-Chien|62\/100|[from] drain|[of] p2b: Dachsbun\n|\n|-heal|p2b: Dachsbun|19\/100 psn|[from] item: Leftovers\n|-damage|p2a: Chi-Yu|55\/100 psn|[from] psn\n|-damage|p2b: Dachsbun|7\/100 psn|[from] psn\n|-end|p1a: Wo-Chien|move: Taunt\n|upkeep\n|turn|6\n|\n|t:|1682120496\n|move|p2b: Dachsbun|Protect|p2b: Dachsbun\n|-singleturn|p2b: Dachsbun|Protect\n|move|p1b: Flutter Mane|Dazzling Gleam|p2a: Chi-Yu|[spread] p2a\n|-activate|p2b: Dachsbun|move: Protect\n|-damage|p2a: Chi-Yu|20\/100 psn\n|move|p2a: Chi-Yu|Lava Plume|p1a: Wo-Chien|[spread] p1a,p1b\n|-activate|p2b: Dachsbun|move: Protect\n|-supereffective|p1a: Wo-Chien\n|-damage|p1a: Wo-Chien|8\/100\n|-damage|p1b: Flutter Mane|54\/100\n|move|p1a: Wo-Chien|Giga Drain|p2a: Chi-Yu\n|-resisted|p2a: Chi-Yu\n|-damage|p2a: Chi-Yu|5\/100 psn\n|-heal|p1a: Wo-Chien|15\/100|[from] drain|[of] p2a: Chi-Yu\n|\n|-heal|p2b: Dachsbun|13\/100 psn|[from] item: Leftovers\n|-damage|p2a: Chi-Yu|0 fnt|[from] psn\n|faint|p2a: Chi-Yu\n|-damage|p2b: Dachsbun|0 fnt|[from] psn\n|faint|p2b: Dachsbun\n|-end|p1b: Flutter Mane|move: Yawn|[silent]\n|-status|p1b: Flutter Mane|slp\n|upkeep\n|\n|t:|1682120517\n|switch|p2b: Tsareena|Tsareena, L50, F, tera:Flying|74\/100\n|turn|7\n|\n|t:|1682120527\n|cant|p1b: Flutter Mane|slp\n|move|p1a: Wo-Chien|Protect|p1a: Wo-Chien\n|-singleturn|p1a: Wo-Chien|Protect\n|move|p2b: Tsareena|Tera Blast|p1a: Wo-Chien\n|-activate|p1a: Wo-Chien|move: Protect\n|\n|upkeep\n|turn|8\n|\n|t:|1682120545\n|move|p1a: Wo-Chien|Protect|p1a: Wo-Chien\n|-singleturn|p1a: Wo-Chien|Protect\n|cant|p1b: Flutter Mane|slp\n|move|p2b: Tsareena|Tera Blast|p1a: Wo-Chien\n|-activate|p1a: Wo-Chien|move: Protect\n|\n|upkeep\n|turn|9\n|\n|t:|1682120555\n|move|p1a: Wo-Chien|Protect||[still]\n|-fail|p1a: Wo-Chien\n|-curestatus|p1b: Flutter Mane|slp|[msg]\n|move|p1b: Flutter Mane|Shadow Ball|p2b: Tsareena\n|-damage|p2b: Tsareena|31\/100\n|move|p2b: Tsareena|Tera Blast|p1a: Wo-Chien\n|-supereffective|p1a: Wo-Chien\n|-damage|p1a: Wo-Chien|0 fnt\n|faint|p1a: Wo-Chien\n|\n|upkeep\n|turn|10\n|c|\u2606Ellvaekyoo|come on mate\n|\n|t:|1682120579\n|move|p1b: Flutter Mane|Shadow Ball|p2b: Tsareena\n|-damage|p2b: Tsareena|0 fnt\n|faint|p2b: Tsareena\n|\n|win|Ellvaekyoo\n|raw|Ellvaekyoo's rating: 1181 → 1203<\/strong> (+22 for winning)\n|raw|Drembi's rating: 1140 → 1118<\/strong> (-22 for losing)\n|c|\u2606Drembi|gg tho\n|c|\u2606Ellvaekyoo|try hard\n","uploadtime":1682120588,"views":8,"p1id":"ellvaekyoo","p2id":"drembi","formatid":"gen9vgc2023regulationc","rating":1118,"private":0,"password":""}