{"id":"gen9vgc2023regulationc-1857821258","p1":"Jnof","p2":"chipndip","format":"[Gen 9] VGC 2023 Regulation C","log":"|j|\u2606Jnof\n|j|\u2606chipndip\n|t:|1683235334\n|gametype|doubles\n|player|p1|Jnof|n|1363\n|player|p2|chipndip|blackbelt-gen4dp|1426\n|teamsize|p1|6\n|teamsize|p2|6\n|gen|9\n|tier|[Gen 9] VGC 2023 Regulation C\n|rated|\n|rule|Species Clause: Limit one of each Pok\u00e9mon\n|rule|Item Clause: Limit one of each item\n|clearpoke\n|poke|p1|Volcarona, L50, M|\n|poke|p1|Wo-Chien, L50|\n|poke|p1|Pelipper, L50, M|\n|poke|p1|Iron Bundle, L50|\n|poke|p1|Iron Hands, L50|\n|poke|p1|Farigiraf, L50, M|\n|poke|p2|Annihilape, L50, F|\n|poke|p2|Garganacl, L50, M|\n|poke|p2|Iron Bundle, L50|\n|poke|p2|Amoonguss, L50, M|\n|poke|p2|Sylveon, L50, F|\n|poke|p2|Iron Moth, L50|\n|teampreview|4\nchipndip has agreed to open team sheets.\n|inactive|Battle timer is ON: inactive players will automatically lose when time's up. (requested by chipndip)\n|inactive|Jnof has 60 seconds left.\n|inactive|chipndip has 60 seconds left.\n|\n|t:|1683235396\n|start\n|switch|p1a: Pelipper|Pelipper, L50, M|100\/100\n|switch|p1b: Iron Hands|Iron Hands, L50|100\/100\n|switch|p2a: Iron Moth|Iron Moth, L50|100\/100\n|switch|p2b: Sylveon|Sylveon, L50, F|100\/100\n|-weather|RainDance|[from] ability: Drizzle|[of] p1a: Pelipper\n|turn|1\n|inactive|Jnof has 30 seconds left.\n|inactive|chipndip has 30 seconds left.\n|\n|t:|1683235429\n|move|p2b: Sylveon|Protect|p2b: Sylveon\n|-singleturn|p2b: Sylveon|Protect\n|move|p1b: Iron Hands|Fake Out|p2b: Sylveon\n|-activate|p2b: Sylveon|move: Protect\n|move|p2a: Iron Moth|Acid Spray|p1b: Iron Hands\n|-damage|p1b: Iron Hands|89\/100\n|-unboost|p1b: Iron Hands|spd|2\n|move|p1a: Pelipper|Tailwind|p1a: Pelipper\n|-sidestart|p1: Jnof|move: Tailwind\n|\n|-weather|RainDance|[upkeep]\n|upkeep\n|turn|2\n|inactive|Jnof has 30 seconds left.\n|inactive|chipndip has 30 seconds left.\n|inactive|Jnof has 20 seconds left.\n|inactive|chipndip has 20 seconds left.\n|inactive|Jnof has 15 seconds left.\n|inactive|chipndip has 15 seconds left.\n|inactive|chipndip has 10 seconds left.\n|\n|t:|1683235475\n|switch|p2b: Iron Bundle|Iron Bundle, L50|100\/100\n|-terastallize|p2a: Iron Moth|Water\n|move|p1a: Pelipper|Hurricane|p2b: Iron Bundle\n|-enditem|p2b: Iron Bundle|Focus Sash\n|-damage|p2b: Iron Bundle|1\/100\n|-start|p2b: Iron Bundle|confusion\n|move|p2a: Iron Moth|Tera Blast|p1b: Iron Hands\n|-damage|p1b: Iron Hands|20\/100\n|move|p1b: Iron Hands|Wild Charge|p2b: Iron Bundle\n|-supereffective|p2b: Iron Bundle\n|-damage|p2b: Iron Bundle|0 fnt\n|faint|p2b: Iron Bundle\n|-end|p2b: Iron Bundle|Quark Drive|[silent]\n|-damage|p1b: Iron Hands|19\/100|[from] Recoil\n|\n|-weather|RainDance|[upkeep]\n|upkeep\n|\n|t:|1683235494\n|switch|p2b: Sylveon|Sylveon, L50, F|100\/100\n|turn|3\n|inactive|Jnof has 30 seconds left.\n|inactive|Jnof has 20 seconds left.\n|\n|t:|1683235530\n|-end|p1b: Iron Hands|Quark Drive|[silent]\n|switch|p1b: Farigiraf|Farigiraf, L50, M|100\/100\n|move|p1a: Pelipper|Hurricane|p2a: Iron Moth\n|-damage|p2a: Iron Moth|50\/100\n|move|p2a: Iron Moth|Tera Blast|p1b: Farigiraf\n|-damage|p1b: Farigiraf|26\/100\n|-enditem|p1b: Farigiraf|Sitrus Berry|[eat]\n|-heal|p1b: Farigiraf|50\/100|[from] item: Sitrus Berry\n|move|p2b: Sylveon|Hyper Voice|p1a: Pelipper|[spread] p1a,p1b\n|-damage|p1a: Pelipper|29\/100\n|-damage|p1b: Farigiraf|11\/100\n|-enditem|p2b: Sylveon|Throat Spray\n|-boost|p2b: Sylveon|spa|1|[from] item: Throat Spray\n|\n|-weather|RainDance|[upkeep]\n|upkeep\n|turn|4\n|inactive|Jnof has 30 seconds left.\n|inactive|Jnof has 20 seconds left.\n|inactive|Jnof has 15 seconds left.\n|inactive|Jnof has 10 seconds left.\n|\n|t:|1683235576\n|move|p1a: Pelipper|Protect|p1a: Pelipper\n|-singleturn|p1a: Pelipper|Protect\n|move|p2a: Iron Moth|Protect|p2a: Iron Moth\n|-singleturn|p2a: Iron Moth|Protect\n|move|p1b: Farigiraf|Psyshock|p2b: Sylveon\n|-damage|p2b: Sylveon|57\/100\n|move|p2b: Sylveon|Hyper Voice|p1a: Pelipper|[spread] p1b\n|-activate|p1a: Pelipper|move: Protect\n|-damage|p1b: Farigiraf|0 fnt\n|faint|p1b: Farigiraf\n|\n|-weather|RainDance|[upkeep]\n|-sideend|p1: Jnof|move: Tailwind\n|upkeep\n|\n|t:|1683235588\n|switch|p1b: Iron Bundle|Iron Bundle, L50|100\/100\n|-enditem|p1b: Iron Bundle|Booster Energy\n|-activate|p1b: Iron Bundle|ability: Quark Drive|[fromitem]\n|-start|p1b: Iron Bundle|quarkdrivespe\n|turn|5\n|inactive|Jnof has 30 seconds left.\n|inactive|chipndip has 30 seconds left.\n|inactive|Jnof has 20 seconds left.\n|inactive|Jnof has 15 seconds left.\n|inactive|Jnof has 10 seconds left.\n|\n|t:|1683235637\n|move|p1b: Iron Bundle|Icy Wind|p2b: Sylveon|[spread] p2a,p2b\n|-resisted|p2a: Iron Moth\n|-damage|p2a: Iron Moth|39\/100\n|-damage|p2b: Sylveon|42\/100\n|-unboost|p2a: Iron Moth|spe|1\n|-unboost|p2b: Sylveon|spe|1\n|move|p2a: Iron Moth|Tera Blast|p1a: Pelipper\n|-resisted|p1a: Pelipper\n|-damage|p1a: Pelipper|0 fnt\n|faint|p1a: Pelipper\n|move|p2b: Sylveon|Hyper Voice|p1b: Iron Bundle\n|-damage|p1b: Iron Bundle|0 fnt\n|faint|p1b: Iron Bundle\n|-end|p1b: Iron Bundle|Quark Drive|[silent]\n|\n|-weather|none\n|upkeep\n|c|\u2606Jnof|gg\n|\n|t:|1683235650\n|switch|p1b: Iron Hands|Iron Hands, L50|19\/100\n|turn|6\n|c|\u2606chipndip|U 2\n|-message|Jnof forfeited.\n|\n|win|chipndip\n|raw|Jnof's rating: 1363 → 1347<\/strong> (-16 for losing)\n|raw|chipndip's rating: 1426 → 1442<\/strong> (+16 for winning)\n|l|\u2606Jnof\n","uploadtime":1683235690,"views":23,"p1id":"jnof","p2id":"chipndip","formatid":"gen9vgc2023regulationc","rating":1347,"private":0,"password":""}