{"id":"gen9vgc2023regulationc-1863194923","p1":"Arcacagne","p2":"Inkin","format":"[Gen 9] VGC 2023 Regulation C","log":"|j|\u2606Arcacagne\n|j|\u2606Inkin\n|t:|1683986683\n|gametype|doubles\n|player|p1|Arcacagne|169|1262\n|player|p2|Inkin|shadowtriad|1363\n|teamsize|p1|6\n|teamsize|p2|6\n|gen|9\n|tier|[Gen 9] VGC 2023 Regulation C\n|rated|\n|rule|Species Clause: Limit one of each Pok\u00e9mon\n|rule|Item Clause: Limit one of each item\n|clearpoke\n|poke|p1|Chi-Yu, L50|\n|poke|p1|Flutter Mane, L50|\n|poke|p1|Amoonguss, L50, M|\n|poke|p1|Ting-Lu, L50|\n|poke|p1|Iron Hands, L50|\n|poke|p1|Gyarados, L50, F|\n|poke|p2|Amoonguss, L50, M|\n|poke|p2|Flutter Mane, L50|\n|poke|p2|Palafin, L50, F|\n|poke|p2|Chien-Pao, L50|\n|poke|p2|Dragonite, L50, M|\n|poke|p2|Arcanine, L50, M|\n|teampreview|4\n|inactive|Battle timer is ON: inactive players will automatically lose when time's up. (requested by Inkin)\n|inactive|Arcacagne has 60 seconds left.\n|inactive|Inkin has 60 seconds left.\n|\n|t:|1683986734\n|start\n|switch|p1a: Amoonguss|Amoonguss, L50, M|100\/100\n|switch|p1b: Iron Hands|Iron Hands, L50|100\/100\n|switch|p2a: Chien-Pao|Chien-Pao, L50|100\/100\n|switch|p2b: Palafin|Palafin, L50, F|100\/100\n|-ability|p2a: Chien-Pao|Sword of Ruin\n|turn|1\n|\n|t:|1683986757\n|detailschange|p2b: Palafin|Palafin-Hero, L50, F\n|switch|p2b: Arcanine|Arcanine, L50, M|100\/100\n|-ability|p2b: Arcanine|Intimidate|boost\n|-unboost|p1a: Amoonguss|atk|1\n|-unboost|p1b: Iron Hands|atk|1\n|-terastallize|p1a: Amoonguss|Water\n|move|p2a: Chien-Pao|Protect|p2a: Chien-Pao\n|-singleturn|p2a: Chien-Pao|Protect\n|move|p1b: Iron Hands|Swords Dance|p1b: Iron Hands\n|-boost|p1b: Iron Hands|atk|2\n|move|p1a: Amoonguss|Spore|p2b: Arcanine\n|-status|p2b: Arcanine|slp|[from] move: Spore\n|\n|upkeep\n|turn|2\n|inactive|Inkin has 30 seconds left.\n|inactive|Inkin has 20 seconds left.\n|inactive|Inkin has 15 seconds left.\n|inactive|Inkin has 10 seconds left.\n|\n|t:|1683986806\n|switch|p2b: Dragonite|Dragonite, L50, M|100\/100\n|-terastallize|p2a: Chien-Pao|Grass\n|move|p1a: Amoonguss|Rage Powder|p1a: Amoonguss\n|-singleturn|p1a: Amoonguss|move: Rage Powder\n|move|p2a: Chien-Pao|Sacred Sword|p1b: Iron Hands\n|-damage|p1b: Iron Hands|77\/100\n|move|p1b: Iron Hands|Swords Dance|p1b: Iron Hands\n|-boost|p1b: Iron Hands|atk|2\n|\n|upkeep\n|turn|3\n|\n|t:|1683986828\n|move|p2b: Dragonite|Extreme Speed|p1b: Iron Hands\n|-damage|p1b: Iron Hands|36\/100\n|move|p2a: Chien-Pao|Sacred Sword|p1b: Iron Hands\n|-damage|p1b: Iron Hands|10\/100\n|move|p1b: Iron Hands|Drain Punch|p2a: Chien-Pao\n|-enditem|p2a: Chien-Pao|Focus Sash\n|-damage|p2a: Chien-Pao|1\/100\n|-heal|p1b: Iron Hands|41\/100|[from] drain|[of] p2a: Chien-Pao\n|move|p1a: Amoonguss|Spore|p2b: Dragonite\n|-status|p2b: Dragonite|slp|[from] move: Spore\n|\n|upkeep\n|turn|4\n|inactive|Inkin has 30 seconds left.\n|\n|t:|1683986864\n|cant|p2b: Dragonite|slp\n|move|p2a: Chien-Pao|Ice Spinner|p1b: Iron Hands\n|-damage|p1b: Iron Hands|4\/100\n|move|p1b: Iron Hands|Thunder Punch|p2a: Chien-Pao\n|-resisted|p2a: Chien-Pao\n|-damage|p2a: Chien-Pao|0 fnt\n|faint|p2a: Chien-Pao\n|move|p1a: Amoonguss|Pollen Puff|p1b: Iron Hands\n|-heal|p1b: Iron Hands|53\/100\n|\n|upkeep\n|\n|t:|1683986881\n|switch|p2a: Palafin|Palafin-Hero, L50, F|100\/100\n|-activate|p2a: Palafin|ability: Zero to Hero\n|turn|5\n|\n|t:|1683986892\n|cant|p2b: Dragonite|slp\n|move|p1a: Amoonguss|Rage Powder|p1a: Amoonguss\n|-singleturn|p1a: Amoonguss|move: Rage Powder\n|move|p2a: Palafin|Substitute|p2a: Palafin\n|-start|p2a: Palafin|Substitute\n|-damage|p2a: Palafin|76\/100\n|move|p1b: Iron Hands|Drain Punch|p2a: Palafin\n|-end|p2a: Palafin|Substitute\n|-heal|p1b: Iron Hands|64\/100|[from] drain|[of] p2a: Palafin\n|\n|upkeep\n|turn|6\n|\n|t:|1683986913\n|-curestatus|p2b: Dragonite|slp|[msg]\n|move|p2b: Dragonite|Extreme Speed|p1b: Iron Hands\n|-damage|p1b: Iron Hands|31\/100\n|move|p1a: Amoonguss|Rage Powder|p1a: Amoonguss\n|-singleturn|p1a: Amoonguss|move: Rage Powder\n|move|p2a: Palafin|Substitute|p2a: Palafin\n|-start|p2a: Palafin|Substitute\n|-damage|p2a: Palafin|51\/100\n|move|p1b: Iron Hands|Drain Punch|p2b: Dragonite\n|-resisted|p2b: Dragonite\n|-damage|p2b: Dragonite|78\/100\n|-heal|p1b: Iron Hands|40\/100|[from] drain|[of] p2b: Dragonite\n|\n|upkeep\n|turn|7\n|inactive|Arcacagne has 30 seconds left.\n|inactive|Inkin has 30 seconds left.\n|inactive|Arcacagne has 20 seconds left.\n|inactive|Arcacagne has 15 seconds left.\n|inactive|Inkin has 20 seconds left.\n|\n|t:|1683986956\n|move|p2b: Dragonite|Extreme Speed|p1b: Iron Hands\n|-damage|p1b: Iron Hands|11\/100\n|move|p1a: Amoonguss|Rage Powder|p1a: Amoonguss\n|-singleturn|p1a: Amoonguss|move: Rage Powder\n|move|p2a: Palafin|Jet Punch|p1a: Amoonguss\n|-resisted|p1a: Amoonguss\n|-damage|p1a: Amoonguss|81\/100\n|move|p1b: Iron Hands|Drain Punch|p2a: Palafin\n|-crit|p2a: Palafin\n|-end|p2a: Palafin|Substitute\n|-heal|p1b: Iron Hands|21\/100|[from] drain|[of] p2a: Palafin\n|\n|upkeep\n|turn|8\n|\n|t:|1683986975\n|-end|p1b: Iron Hands|Quark Drive|[silent]\n|switch|p1b: Gyarados|Gyarados, L50, F|100\/100\n|-ability|p1b: Gyarados|Intimidate|boost\n|-unboost|p2a: Palafin|atk|1\n|-unboost|p2b: Dragonite|atk|1\n|move|p2b: Dragonite|Extreme Speed|p1b: Gyarados\n|-damage|p1b: Gyarados|66\/100\n|move|p2a: Palafin|Substitute|p2a: Palafin\n|-start|p2a: Palafin|Substitute\n|-damage|p2a: Palafin|27\/100\n|move|p1a: Amoonguss|Spore|p2b: Dragonite\n|-status|p2b: Dragonite|slp|[from] move: Spore\n|\n|upkeep\n|turn|9\n|\n|t:|1683986999\n|switch|p2b: Arcanine|Arcanine, L50, M|100\/100 slp\n|-ability|p2b: Arcanine|Intimidate|boost\n|-unboost|p1a: Amoonguss|atk|1\n|-unboost|p1b: Gyarados|atk|1\n|move|p2a: Palafin|Protect|p2a: Palafin\n|-singleturn|p2a: Palafin|Protect\n|move|p1b: Gyarados|Waterfall|p2a: Palafin\n|-activate|p2a: Palafin|move: Protect\n|move|p1a: Amoonguss|Pollen Puff|p1b: Gyarados\n|-heal|p1b: Gyarados|100\/100\n|\n|upkeep\n|turn|10\n|inactive|Inkin has 30 seconds left.\n|inactive|Arcacagne has 30 seconds left.\n|inactive|Inkin has 20 seconds left.\n|\n|t:|1683987034\n|cant|p2b: Arcanine|slp\n|move|p1b: Gyarados|Waterfall|p2a: Palafin\n|-resisted|p2a: Palafin\n|-activate|p2a: Palafin|move: Substitute|[damage]\n|move|p2a: Palafin|Wave Crash|p1a: Amoonguss\n|-resisted|p1a: Amoonguss\n|-damage|p1a: Amoonguss|53\/100\n|-damage|p2a: Palafin|16\/100|[from] Recoil\n|move|p1a: Amoonguss|Pollen Puff|p2a: Palafin\n|-end|p2a: Palafin|Substitute\n|\n|upkeep\n|turn|11\n|inactive|Arcacagne has 30 seconds left.\n|\n|t:|1683987065\n|switch|p1a: Iron Hands|Iron Hands, L50|21\/100\n|move|p2a: Palafin|Protect|p2a: Palafin\n|-singleturn|p2a: Palafin|Protect\n|cant|p2b: Arcanine|slp\n|move|p1b: Gyarados|Taunt|p2a: Palafin\n|-activate|p2a: Palafin|move: Protect\n|\n|upkeep\n|turn|12\n|inactive|Arcacagne has 30 seconds left.\n|\n|t:|1683987091\n|switch|p2a: Dragonite|Dragonite, L50, M|78\/100 slp\n|move|p1a: Iron Hands|Fake Out|p2a: Dragonite\n|-damage|p2a: Dragonite|65\/100 slp\n|-curestatus|p2b: Arcanine|slp|[msg]\n|move|p2b: Arcanine|Close Combat|p1a: Iron Hands\n|-damage|p1a: Iron Hands|3\/100\n|-unboost|p2b: Arcanine|def|1\n|-unboost|p2b: Arcanine|spd|1\n|move|p1b: Gyarados|Waterfall|p2b: Arcanine\n|-supereffective|p2b: Arcanine\n|-damage|p2b: Arcanine|26\/100\n|\n|upkeep\n|turn|13\n|inactive|Inkin has 30 seconds left.\n|inactive|Arcacagne has 30 seconds left.\n|inactive|Inkin has 20 seconds left.\n|inactive|Inkin has 15 seconds left.\n|inactive|Inkin has 10 seconds left.\n|\n|t:|1683987140\n|-end|p1a: Iron Hands|Quark Drive|[silent]\n|switch|p1a: Amoonguss|Amoonguss, L50, M, tera:Water|86\/100\n|cant|p2a: Dragonite|slp\n|move|p2b: Arcanine|Close Combat|p1a: Amoonguss\n|-damage|p1a: Amoonguss|60\/100\n|-unboost|p2b: Arcanine|def|1\n|-unboost|p2b: Arcanine|spd|1\n|move|p1b: Gyarados|Waterfall|p2b: Arcanine\n|-supereffective|p2b: Arcanine\n|-damage|p2b: Arcanine|0 fnt\n|faint|p2b: Arcanine\n|\n|upkeep\n|\n|t:|1683987154\n|switch|p2b: Palafin|Palafin-Hero, L50, F|16\/100\n|turn|14\n|inactive|Arcacagne has 30 seconds left.\n|inactive|Inkin has 30 seconds left.\n|\n|t:|1683987186\n|cant|p2a: Dragonite|slp\n|move|p1a: Amoonguss|Rage Powder|p1a: Amoonguss\n|-singleturn|p1a: Amoonguss|move: Rage Powder\n|move|p1b: Gyarados|Thunder Wave||[still]\n|-fail|p1b: Gyarados\n|move|p2b: Palafin|Wave Crash|p1a: Amoonguss\n|-resisted|p1a: Amoonguss\n|-damage|p1a: Amoonguss|18\/100\n|-enditem|p1a: Amoonguss|Sitrus Berry|[eat]\n|-heal|p1a: Amoonguss|43\/100|[from] item: Sitrus Berry\n|-damage|p2b: Palafin|1\/100|[from] Recoil\n|\n|upkeep\n|turn|15\n|inactive|Inkin has 30 seconds left.\n|inactive|Inkin has 20 seconds left.\n|\n|t:|1683987210\n|move|p2b: Palafin|Protect|p2b: Palafin\n|-singleturn|p2b: Palafin|Protect\n|-curestatus|p2a: Dragonite|slp|[msg]\n|move|p2a: Dragonite|Extreme Speed|p1a: Amoonguss\n|-damage|p1a: Amoonguss|4\/100\n|move|p1a: Amoonguss|Rage Powder|p1a: Amoonguss\n|-singleturn|p1a: Amoonguss|move: Rage Powder\n|move|p1b: Gyarados|Thunder Wave|p2a: Dragonite\n|-status|p2a: Dragonite|par\n|\n|upkeep\n|turn|16\n|inactive|Inkin has 20 seconds left this turn.\n|inactive|Inkin has 15 seconds left.\n|inactive|Inkin has 10 seconds left.\n|inactive|Inkin has 5 seconds left.\n|\n|t:|1683987227\n|switch|p1a: Iron Hands|Iron Hands, L50|3\/100\n|move|p2a: Dragonite|Extreme Speed|p1a: Iron Hands\n|-damage|p1a: Iron Hands|0 fnt\n|faint|p1a: Iron Hands\n|-end|p1a: Iron Hands|Quark Drive|[silent]\n|move|p1b: Gyarados|Waterfall|p2a: Dragonite\n|-resisted|p2a: Dragonite\n|-damage|p2a: Dragonite|55\/100 par\n|move|p2b: Palafin|Wave Crash|p1b: Gyarados\n|-resisted|p1b: Gyarados\n|-damage|p1b: Gyarados|51\/100\n|-damage|p2b: Palafin|0 fnt|[from] Recoil\n|faint|p2b: Palafin\n|\n|upkeep\n|inactive|Inkin has 5 seconds left this turn.\n|\n|t:|1683987241\n|switch|p1a: Flutter Mane|Flutter Mane, L50|100\/100\n|-enditem|p1a: Flutter Mane|Booster Energy\n|-activate|p1a: Flutter Mane|ability: Protosynthesis|[fromitem]\n|-start|p1a: Flutter Mane|protosynthesisspe\n|turn|17\n|inactive|Inkin has 5 seconds left this turn.\n|-message|Inkin lost due to inactivity.\n|\n|win|Arcacagne\n|raw|Arcacagne's rating: 1262 → 1294<\/strong> (+32 for winning)\n|raw|Inkin's rating: 1363 → 1337<\/strong> (-26 for losing)\n","uploadtime":1683987250,"views":11,"p1id":"arcacagne","p2id":"inkin","formatid":"gen9vgc2023regulationc","rating":1294,"private":0,"password":""}