{"id":"gen9vgc2023regulationc-1850390114","p1":"minionbanana57","p2":"TheFunnyMoro","format":"[Gen 9] VGC 2023 Regulation C","log":"|j|\u2606minionbanana57\n|j|\u2606TheFunnyMoro\n|t:|1682329579\n|gametype|doubles\n|player|p1|minionbanana57|harlequin|1358\n|player|p2|TheFunnyMoro|ethan|1322\n|teamsize|p1|6\n|teamsize|p2|6\n|gen|9\n|tier|[Gen 9] VGC 2023 Regulation C\n|rated|\n|rule|Species Clause: Limit one of each Pok\u00e9mon\n|rule|Item Clause: Limit one of each item\n|clearpoke\n|poke|p1|Flutter Mane, L50|\n|poke|p1|Gyarados, L50, F|\n|poke|p1|Garchomp, L50, M|\n|poke|p1|Tyranitar, L50, M|\n|poke|p1|Iron Hands, L50|\n|poke|p1|Amoonguss, L50, M|\n|poke|p2|Palafin, L50, M|\n|poke|p2|Pelipper, L50, M|\n|poke|p2|Chien-Pao, L50|\n|poke|p2|Scizor, L50, M|\n|poke|p2|Dragonite, L50, M|\n|poke|p2|Sandy Shocks, L50|\n|teampreview|4\n|inactive|Battle timer is ON: inactive players will automatically lose when time's up. (requested by minionbanana57)\nTheFunnyMoro has agreed to open team sheets.\nminionbanana57 has agreed to open team sheets.\n|inactive|minionbanana57 has 60 seconds left.\n|\n|t:|1682329631\n|start\n|switch|p1a: Gyarados|Gyarados, L50, F, shiny|100\/100\n|switch|p1b: Garchomp|Garchomp, L50, M|100\/100\n|switch|p2a: Chien-Pao|Chien-Pao, L50|100\/100\n|switch|p2b: Palafin|Palafin, L50, M|100\/100\n|-ability|p2a: Chien-Pao|Sword of Ruin\n|-ability|p1a: Gyarados|Intimidate|boost\n|-unboost|p2a: Chien-Pao|atk|1\n|-unboost|p2b: Palafin|atk|1\n|turn|1\n|inactive|TheFunnyMoro has 30 seconds left.\n|inactive|TheFunnyMoro has 20 seconds left.\n|inactive|TheFunnyMoro has 15 seconds left.\n|inactive|TheFunnyMoro has 10 seconds left.\n|inactive|TheFunnyMoro has 5 seconds left.\n|\n|t:|1682329684\n|move|p1b: Garchomp|Protect|p1b: Garchomp\n|-singleturn|p1b: Garchomp|Protect\n|move|p2b: Palafin|Jet Punch|p1b: Garchomp\n|-activate|p1b: Garchomp|move: Protect\n|move|p2a: Chien-Pao|Ice Spinner|p1b: Garchomp\n|-activate|p1b: Garchomp|move: Protect\n|move|p1a: Gyarados|Thunder Wave|p2a: Chien-Pao\n|-status|p2a: Chien-Pao|par\n|\n|upkeep\n|turn|2\n|\n|t:|1682329708\n|detailschange|p2b: Palafin|Palafin-Hero, L50, M\n|switch|p2b: Pelipper|Pelipper, L50, M|100\/100\n|-weather|RainDance|[from] ability: Drizzle|[of] p2b: Pelipper\n|move|p2a: Chien-Pao|Protect|p2a: Chien-Pao\n|-singleturn|p2a: Chien-Pao|Protect\n|move|p1b: Garchomp|Earthquake|p2b: Pelipper|[spread] \n|-activate|p2a: Chien-Pao|move: Protect\n|-immune|p1a: Gyarados\n|-immune|p2b: Pelipper\n|move|p1a: Gyarados|Waterfall|p2a: Chien-Pao\n|-activate|p2a: Chien-Pao|move: Protect\n|\n|-weather|RainDance|[upkeep]\n|upkeep\n|turn|3\n|inactive|TheFunnyMoro has 30 seconds left.\n|inactive|TheFunnyMoro has 20 seconds left.\n|\n|t:|1682329745\n|switch|p1b: Iron Hands|Iron Hands, L50|100\/100\n|switch|p2a: Palafin|Palafin-Hero, L50, M|100\/100\n|-activate|p2a: Palafin|ability: Zero to Hero\n|move|p1a: Gyarados|Waterfall|p2a: Palafin\n|-resisted|p2a: Palafin\n|-damage|p2a: Palafin|73\/100\n|move|p2b: Pelipper|Tailwind|p2b: Pelipper\n|-sidestart|p2: TheFunnyMoro|move: Tailwind\n|\n|-weather|RainDance|[upkeep]\n|upkeep\n|turn|4\n|inactive|minionbanana57 has 30 seconds left.\n|inactive|TheFunnyMoro has 30 seconds left.\n|inactive|minionbanana57 has 20 seconds left.\n|\n|t:|1682329784\n|switch|p2a: Sandy Shocks|Sandy Shocks, L50|100\/100\n|move|p2b: Pelipper|Hydro Pump|p1b: Iron Hands\n|-damage|p1b: Iron Hands|54\/100\n|move|p1a: Gyarados|Thunder Wave|p2a: Sandy Shocks\n|-immune|p2a: Sandy Shocks\n|move|p1b: Iron Hands|Wild Charge|p2b: Pelipper\n|-supereffective|p2b: Pelipper\n|-damage|p2b: Pelipper|0 fnt\n|faint|p2b: Pelipper\n|-damage|p1b: Iron Hands|37\/100|[from] Recoil\n|\n|-weather|RainDance|[upkeep]\n|upkeep\n|\n|t:|1682329793\n|switch|p2b: Palafin|Palafin-Hero, L50, M|73\/100\n|turn|5\n|\n|t:|1682329812\n|switch|p1a: Amoonguss|Amoonguss, L50, M, shiny|100\/100\n|move|p2b: Palafin|Jet Punch|p1a: Amoonguss\n|-resisted|p1a: Amoonguss\n|-damage|p1a: Amoonguss|73\/100\n|move|p2a: Sandy Shocks|Earth Power|p1b: Iron Hands\n|-supereffective|p1b: Iron Hands\n|-damage|p1b: Iron Hands|0 fnt\n|faint|p1b: Iron Hands\n|-end|p1b: Iron Hands|Quark Drive|[silent]\n|-damage|p2a: Sandy Shocks|91\/100|[from] item: Life Orb\n|\n|-weather|RainDance|[upkeep]\n|upkeep\n|\n|t:|1682329826\n|switch|p1b: Gyarados|Gyarados, L50, F, shiny|100\/100\n|-ability|p1b: Gyarados|Intimidate|boost\n|-unboost|p2a: Sandy Shocks|atk|1\n|-unboost|p2b: Palafin|atk|1\n|turn|6\n|inactive|minionbanana57 has 30 seconds left.\n|\n|t:|1682329856\n|switch|p2b: Chien-Pao|Chien-Pao, L50|100\/100 par\n|-ability|p2b: Chien-Pao|Sword of Ruin\n|switch|p1b: Garchomp|Garchomp, L50, M|100\/100\n|move|p2a: Sandy Shocks|Volt Switch|p1a: Amoonguss\n|-resisted|p1a: Amoonguss\n|-damage|p1a: Amoonguss|56\/100\n|-damage|p2a: Sandy Shocks|81\/100|[from] item: Life Orb\n|\n|t:|1682329872\n|-end|p2a: Sandy Shocks|Protosynthesis|[silent]\n|switch|p2a: Palafin|Palafin-Hero, L50, M|73\/100|[from] Volt Switch\n|move|p1a: Amoonguss|Spore|p2a: Palafin\n|-status|p2a: Palafin|slp|[from] move: Spore\n|\n|-weather|RainDance|[upkeep]\n|-sideend|p2: TheFunnyMoro|move: Tailwind\n|upkeep\n|turn|7\n|\n|t:|1682329885\n|switch|p1a: Gyarados|Gyarados, L50, F, shiny|100\/100\n|-ability|p1a: Gyarados|Intimidate|boost\n|-unboost|p2a: Palafin|atk|1\n|-unboost|p2b: Chien-Pao|atk|1\n|-terastallize|p1b: Garchomp|Ground\n|cant|p2b: Chien-Pao|par\n|move|p1b: Garchomp|Earthquake|p2a: Palafin|[spread] p2a,p2b\n|-immune|p1a: Gyarados\n|-damage|p2a: Palafin|0 fnt\n|-damage|p2b: Chien-Pao|15\/100 par\n|faint|p2a: Palafin\n|-damage|p1b: Garchomp|91\/100|[from] item: Life Orb\n|\n|-weather|RainDance|[upkeep]\n|upkeep\n|\n|t:|1682329895\n|switch|p2a: Sandy Shocks|Sandy Shocks, L50|81\/100\n|turn|8\n|\n|t:|1682329908\n|-terastallize|p2a: Sandy Shocks|Grass\n|move|p1b: Garchomp|Earthquake|p2b: Chien-Pao|[spread] p2a,p2b\n|-immune|p1a: Gyarados\n|-resisted|p2a: Sandy Shocks\n|-damage|p2a: Sandy Shocks|28\/100\n|-damage|p2b: Chien-Pao|0 fnt\n|faint|p2b: Chien-Pao\n|-damage|p1b: Garchomp|81\/100|[from] item: Life Orb\n|move|p2a: Sandy Shocks|Thunder|p1a: Gyarados\n|-supereffective|p1a: Gyarados\n|-damage|p1a: Gyarados|0 fnt\n|faint|p1a: Gyarados\n|-damage|p2a: Sandy Shocks|19\/100|[from] item: Life Orb\n|\n|-weather|RainDance|[upkeep]\n|upkeep\n|-message|TheFunnyMoro forfeited.\n|\n|win|minionbanana57\n|raw|minionbanana57's rating: 1358 → 1376<\/strong> (+18 for winning)\n|raw|TheFunnyMoro's rating: 1322 → 1304<\/strong> (-18 for losing)\n|l|\u2606TheFunnyMoro\n|c|\u2606minionbanana57|gg\n","uploadtime":1682329930,"views":23,"p1id":"minionbanana57","p2id":"thefunnymoro","formatid":"gen9vgc2023regulationc","rating":1304,"private":0,"password":""}