{"id":"gen9vgc2023regulationc-1857123525","p1":"NicoHaxVGC","p2":"LasermanZ111","format":"[Gen 9] VGC 2023 Regulation C","log":"|j|\u2606NicoHaxVGC\n|j|\u2606LasermanZ111\n|t:|1683148168\n|gametype|doubles\n|player|p1|NicoHaxVGC|red|1323\n|player|p2|LasermanZ111|red|1344\n|teamsize|p1|6\n|teamsize|p2|6\n|gen|9\n|tier|[Gen 9] VGC 2023 Regulation C\n|rated|\n|rule|Species Clause: Limit one of each Pok\u00e9mon\n|rule|Item Clause: Limit one of each item\n|clearpoke\n|poke|p1|Corviknight, L50, F|\n|poke|p1|Ting-Lu, L50|\n|poke|p1|Annihilape, L50, M|\n|poke|p1|Maushold, L50|\n|poke|p1|Iron Bundle, L50|\n|poke|p1|Flutter Mane, L50|\n|poke|p2|Chi-Yu, L50|\n|poke|p2|Amoonguss, L50, M|\n|poke|p2|Flutter Mane, L50|\n|poke|p2|Corviknight, L50, M|\n|poke|p2|Ting-Lu, L50|\n|poke|p2|Tauros-Paldea-Aqua, L50, M|\n|teampreview|4\n|inactive|Battle timer is ON: inactive players will automatically lose when time's up. (requested by NicoHaxVGC)\nLasermanZ111 has agreed to open team sheets.\n|inactive|NicoHaxVGC has 60 seconds left.\n|inactive|LasermanZ111 has 60 seconds left.\n|\n|t:|1683148214\n|start\n|switch|p1a: Raven|Corviknight, L50, F|100\/100\n|switch|p1b: Beast boy|Ting-Lu, L50|100\/100\n|switch|p2a: Flutter Mane|Flutter Mane, L50|100\/100\n|switch|p2b: Tauros|Tauros-Paldea-Aqua, L50, M|100\/100\n|-ability|p2b: Tauros|Intimidate|boost\n|-ability|p1a: Raven|Mirror Armor\n|-unboost|p2b: Tauros|atk|1\n|-unboost|p1b: Beast boy|atk|1\n|-ability|p1b: Beast boy|Vessel of Ruin\n|turn|1\n|inactive|NicoHaxVGC has 30 seconds left.\n|inactive|LasermanZ111 has 30 seconds left.\n|inactive|NicoHaxVGC has 20 seconds left.\n|inactive|LasermanZ111 has 20 seconds left.\n|inactive|NicoHaxVGC has 15 seconds left.\n|inactive|LasermanZ111 has 15 seconds left.\n|\n|t:|1683148257\n|-end|p2a: Flutter Mane|Protosynthesis|[silent]\n|switch|p2a: Ting-Lu|Ting-Lu, L50|100\/100\n|-ability|p2a: Ting-Lu|Vessel of Ruin\n|-terastallize|p1b: Beast boy|Grass\n|move|p2b: Tauros|Protect|p2b: Tauros\n|-singleturn|p2b: Tauros|Protect\n|move|p1a: Raven|Tailwind|p1a: Raven\n|-sidestart|p1: NicoHaxVGC|move: Tailwind\n|move|p1b: Beast boy|Heavy Slam|p2a: Ting-Lu\n|-damage|p2a: Ting-Lu|96\/100\n|\n|upkeep\n|turn|2\n|inactive|LasermanZ111 has 30 seconds left.\n|inactive|LasermanZ111 has 20 seconds left.\n|\n|t:|1683148293\n|move|p1a: Raven|Brave Bird|p2b: Tauros\n|-supereffective|p2b: Tauros\n|-damage|p2b: Tauros|4\/100\n|-damage|p1a: Raven|77\/100|[from] Recoil\n|move|p2b: Tauros|Close Combat|p1b: Beast boy\n|-damage|p1b: Beast boy|79\/100\n|-unboost|p2b: Tauros|def|1\n|-unboost|p2b: Tauros|spd|1\n|move|p1b: Beast boy|Ruination|p2a: Ting-Lu\n|-damage|p2a: Ting-Lu|48\/100\n|move|p2a: Ting-Lu|Ruination|p1a: Raven|[miss]\n|-miss|p2a: Ting-Lu|p1a: Raven\n|\n|upkeep\n|turn|3\n|inactive|NicoHaxVGC has 30 seconds left.\n|inactive|LasermanZ111 has 30 seconds left.\n|\n|t:|1683148324\n|move|p1a: Raven|Iron Head|p2b: Tauros\n|-resisted|p2b: Tauros\n|-crit|p2b: Tauros\n|-damage|p2b: Tauros|0 fnt\n|faint|p2b: Tauros\n|move|p1b: Beast boy|Ruination|p2a: Ting-Lu\n|-damage|p2a: Ting-Lu|24\/100\n|move|p2a: Ting-Lu|Ruination|p1b: Beast boy\n|-damage|p1b: Beast boy|40\/100\n|\n|upkeep\n|inactive|LasermanZ111 has 30 seconds left.\n|\n|t:|1683148352\n|switch|p2b: Flutter Mane|Flutter Mane, L50|100\/100\n|turn|4\n|\n|t:|1683148368\n|switch|p2a: Chi-Yu|Chi-Yu, L50|100\/100\n|-ability|p2a: Chi-Yu|Beads of Ruin\n|move|p1a: Raven|Iron Head|p2b: Flutter Mane\n|-supereffective|p2b: Flutter Mane\n|-crit|p2b: Flutter Mane\n|-damage|p2b: Flutter Mane|0 fnt\n|faint|p2b: Flutter Mane\n|-end|p2b: Flutter Mane|Protosynthesis|[silent]\n|move|p1b: Beast boy|Ruination|p2a: Chi-Yu\n|-damage|p2a: Chi-Yu|51\/100\n|\n|-sideend|p1: NicoHaxVGC|move: Tailwind\n|upkeep\n|c|\u2606LasermanZ111|duh\n|\n|t:|1683148379\n|switch|p2b: Ting-Lu|Ting-Lu, L50|24\/100\n|-ability|p2b: Ting-Lu|Vessel of Ruin\n|turn|5\n|inactive|LasermanZ111 has 30 seconds left.\n|\n|t:|1683148407\n|-terastallize|p2a: Chi-Yu|Grass\n|move|p2a: Chi-Yu|Heat Wave|p1b: Beast boy|[spread] p1a,p1b\n|-supereffective|p1a: Raven\n|-supereffective|p1b: Beast boy\n|-damage|p1a: Raven|11\/100\n|-damage|p1b: Beast boy|2\/100\n|-status|p1b: Beast boy|brn\n|move|p1a: Raven|Tailwind|p1a: Raven\n|-sidestart|p1: NicoHaxVGC|move: Tailwind\n|move|p1b: Beast boy|Rock Slide|p2a: Chi-Yu|[spread] p2a,p2b\n|-resisted|p2b: Ting-Lu\n|-damage|p2a: Chi-Yu|42\/100\n|-damage|p2b: Ting-Lu|23\/100\n|move|p2b: Ting-Lu|Ruination|p1a: Raven\n|-damage|p1a: Raven|6\/100\n|\n|-damage|p1b: Beast boy|0 fnt|[from] brn\n|faint|p1b: Beast boy\n|upkeep\n|\n|t:|1683148426\n|switch|p1b: Cyborg|Iron Bundle, L50|100\/100\n|-enditem|p1b: Cyborg|Booster Energy\n|-activate|p1b: Cyborg|ability: Quark Drive|[fromitem]\n|-start|p1b: Cyborg|quarkdrivespe\n|turn|6\n|\n|t:|1683148445\n|move|p2a: Chi-Yu|Protect|p2a: Chi-Yu\n|-singleturn|p2a: Chi-Yu|Protect\n|move|p1b: Cyborg|Freeze-Dry|p2a: Chi-Yu\n|-activate|p2a: Chi-Yu|move: Protect\n|move|p1a: Raven|Iron Head|p2b: Ting-Lu\n|-damage|p2b: Ting-Lu|6\/100\n|cant|p2b: Ting-Lu|flinch\n|\n|upkeep\n|turn|7\n|c|\u2606LasermanZ111|are you serious\n|c|\u2606LasermanZ111|freaking robbing me\n|inactive|LasermanZ111 has 30 seconds left.\n|inactive|LasermanZ111 has 20 seconds left.\n|c|\u2606LasermanZ111|this isn't worth it\n|l|\u2606LasermanZ111\n|inactive|LasermanZ111 disconnected and has a minute to reconnect!\n|player|p2|\n|inactive|LasermanZ111 has 15 seconds left.\n|inactive|LasermanZ111 has 10 seconds left.\n|inactive|LasermanZ111 has 5 seconds left.\n|-message|LasermanZ111 lost due to inactivity.\n|\n|win|NicoHaxVGC\n|raw|NicoHaxVGC's rating: 1323 → 1344<\/strong> (+21 for winning)\n|raw|LasermanZ111's rating: 1344 → 1323<\/strong> (-21 for losing)\n","uploadtime":1683148505,"views":9,"p1id":"nicohaxvgc","p2id":"lasermanz111","formatid":"gen9vgc2023regulationc","rating":1323,"private":0,"password":""}