{"id":"gen9vgc2023regulationc-1855268021","p1":"eggplanet07","p2":"FiloX36","format":"[Gen 9] VGC 2023 Regulation C","log":"|j|\u2606eggplanet07\n|j|\u2606FiloX36\n|t:|1682926514\n|gametype|doubles\n|player|p1|eggplanet07|rosa|1326\n|player|p2|FiloX36|265|1360\n|teamsize|p1|6\n|teamsize|p2|6\n|gen|9\n|tier|[Gen 9] VGC 2023 Regulation C\n|rated|\n|rule|Species Clause: Limit one of each Pok\u00e9mon\n|rule|Item Clause: Limit one of each item\n|clearpoke\n|poke|p1|Raichu, L50, M|\n|poke|p1|Azumarill, L50, M|\n|poke|p1|Amoonguss, L50, F|\n|poke|p1|Gyarados, L50, F|\n|poke|p1|Flutter Mane, L50|\n|poke|p1|Palafin, L50, M|\n|poke|p2|Chien-Pao, L50|\n|poke|p2|Flutter Mane, L50|\n|poke|p2|Great Tusk, L50|\n|poke|p2|Dragonite, L50, M|\n|poke|p2|Gyarados, L50, M|\n|poke|p2|Kingambit, L50, M|\n|teampreview|4\n|inactive|Battle timer is ON: inactive players will automatically lose when time's up. (requested by eggplanet07)\n|inactive|eggplanet07 has 60 seconds left.\n|inactive|FiloX36 has 60 seconds left.\n|\n|t:|1682926574\n|start\n|switch|p1a: Azumarill|Azumarill, L50, M, shiny|100\/100\n|switch|p1b: Palafin|Palafin, L50, M|100\/100\n|switch|p2a: Great Tusk|Great Tusk, L50, shiny|100\/100\n|switch|p2b: Kingambit|Kingambit, L50, M, shiny|100\/100\n|turn|1\n|inactive|FiloX36 has 30 seconds left.\n|inactive|FiloX36 has 20 seconds left.\n|\n|t:|1682926610\n|move|p1b: Palafin|Protect|p1b: Palafin\n|-singleturn|p1b: Palafin|Protect\n|move|p2a: Great Tusk|Rock Slide|p1b: Palafin|[spread] p1a\n|-activate|p1b: Palafin|move: Protect\n|-damage|p1a: Azumarill|80\/100\n|move|p2b: Kingambit|Assurance|p1a: Azumarill\n|-resisted|p1a: Azumarill\n|-damage|p1a: Azumarill|46\/100\n|move|p1a: Azumarill|Superpower|p2b: Kingambit\n|-supereffective|p2b: Kingambit\n|-crit|p2b: Kingambit\n|-damage|p2b: Kingambit|0 fnt\n|-unboost|p1a: Azumarill|atk|1\n|-unboost|p1a: Azumarill|def|1\n|faint|p2b: Kingambit\n|\n|upkeep\n|\n|t:|1682926625\n|switch|p2b: Flutter Mane|Flutter Mane, L50, shiny|100\/100\n|-enditem|p2b: Flutter Mane|Booster Energy\n|-activate|p2b: Flutter Mane|ability: Protosynthesis|[fromitem]\n|-start|p2b: Flutter Mane|protosynthesisspa\n|turn|2\n|\n|t:|1682926639\n|detailschange|p1b: Palafin|Palafin-Hero, L50, M\n|switch|p1b: Gyarados|Gyarados, L50, F, shiny|100\/100\n|-ability|p1b: Gyarados|Intimidate|boost\n|-unboost|p2a: Great Tusk|atk|1\n|-unboost|p2b: Flutter Mane|atk|1\n|-terastallize|p2b: Flutter Mane|Fairy\n|move|p1a: Azumarill|Protect|p1a: Azumarill\n|-singleturn|p1a: Azumarill|Protect\n|move|p2a: Great Tusk|Rock Slide|p1a: Azumarill|[spread] p1b\n|-activate|p1a: Azumarill|move: Protect\n|-supereffective|p1b: Gyarados\n|-damage|p1b: Gyarados|71\/100\n|move|p2b: Flutter Mane|Dazzling Gleam|p1a: Azumarill|[spread] p1b\n|-activate|p1a: Azumarill|move: Protect\n|-damage|p1b: Gyarados|23\/100\n|\n|upkeep\n|turn|3\n|inactive|eggplanet07 has 30 seconds left.\n|\n|t:|1682926664\n|move|p2a: Great Tusk|Rock Slide|p1b: Gyarados|[spread] p1a,p1b\n|-supereffective|p1b: Gyarados\n|-damage|p1a: Azumarill|27\/100\n|-damage|p1b: Gyarados|0 fnt\n|faint|p1b: Gyarados\n|move|p2b: Flutter Mane|Dazzling Gleam|p1a: Azumarill\n|-damage|p1a: Azumarill|0 fnt\n|faint|p1a: Azumarill\n|\n|upkeep\n|\n|t:|1682926671\n|switch|p1b: Flutter Mane|Flutter Mane, L50, shiny|100\/100\n|switch|p1a: Palafin|Palafin-Hero, L50, M|100\/100\n|-activate|p1a: Palafin|ability: Zero to Hero\n|-enditem|p1b: Flutter Mane|Booster Energy\n|-activate|p1b: Flutter Mane|ability: Protosynthesis|[fromitem]\n|-start|p1b: Flutter Mane|protosynthesisspa\n|turn|4\n|\n|t:|1682926683\n|-terastallize|p1a: Palafin|Water\n|move|p1b: Flutter Mane|Protect|p1b: Flutter Mane\n|-singleturn|p1b: Flutter Mane|Protect\n|move|p1a: Palafin|Jet Punch|p2b: Flutter Mane\n|-damage|p2b: Flutter Mane|0 fnt\n|faint|p2b: Flutter Mane\n|-end|p2b: Flutter Mane|Protosynthesis|[silent]\n|move|p2a: Great Tusk|Rock Slide|p1b: Flutter Mane|[spread] p1a\n|-activate|p1b: Flutter Mane|move: Protect\n|-damage|p1a: Palafin|87\/100\n|\n|upkeep\n|\n|t:|1682926693\n|switch|p2b: Chien-Pao|Chien-Pao, L50|100\/100\n|-ability|p2b: Chien-Pao|Sword of Ruin\n|turn|5\n|\n|t:|1682926713\n|move|p2b: Chien-Pao|Sucker Punch|p1a: Palafin\n|-damage|p1a: Palafin|42\/100\n|move|p1a: Palafin|Jet Punch|p2b: Chien-Pao\n|-damage|p2b: Chien-Pao|7\/100\n|move|p2a: Great Tusk|Rock Slide|p1b: Flutter Mane|[spread] p1a,p1b\n|-damage|p1a: Palafin|24\/100\n|-damage|p1b: Flutter Mane|69\/100\n|move|p1b: Flutter Mane|Dazzling Gleam|p2b: Chien-Pao|[spread] p2a,p2b\n|-supereffective|p2a: Great Tusk\n|-supereffective|p2b: Chien-Pao\n|-damage|p2a: Great Tusk|0 fnt\n|-damage|p2b: Chien-Pao|0 fnt\n|faint|p2a: Great Tusk\n|-end|p2a: Great Tusk|Protosynthesis|[silent]\n|faint|p2b: Chien-Pao\n|\n|win|eggplanet07\n|raw|eggplanet07's rating: 1326 → 1348<\/strong> (+22 for winning)\n|raw|FiloX36's rating: 1360 → 1338<\/strong> (-22 for losing)\n|l|\u2606FiloX36\n","uploadtime":1682926730,"views":26,"p1id":"eggplanet07","p2id":"filox36","formatid":"gen9vgc2023regulationc","rating":1338,"private":0,"password":""}