{"id":"gen9vgc2023regulationc-1859959921","p1":"rina slaywayama","p2":"bwahacough","format":"[Gen 9] VGC 2023 Regulation C","log":"|j|\u2606rina slaywayama\n|j|\u2606bwahacough\n|t:|1683579537\n|gametype|doubles\n|player|p1|rina slaywayama|266|1571\n|player|p2|bwahacough|madame-gen4|1553\n|teamsize|p1|6\n|teamsize|p2|6\n|gen|9\n|tier|[Gen 9] VGC 2023 Regulation C\n|rated|\n|rule|Species Clause: Limit one of each Pok\u00e9mon\n|rule|Item Clause: Limit one of each item\n|clearpoke\n|poke|p1|Tyranitar, L50, F|\n|poke|p1|Wo-Chien, L50|\n|poke|p1|Glimmora, L50, M|\n|poke|p1|Gyarados, L50, F|\n|poke|p1|Flutter Mane, L50|\n|poke|p1|Lycanroc, L50, M|\n|poke|p2|Lycanroc, L50, M|\n|poke|p2|Tyranitar, L50, F|\n|poke|p2|Flutter Mane, L50|\n|poke|p2|Annihilape, L50, F|\n|poke|p2|Maushold, L50|\n|poke|p2|Farigiraf, L50, M|\n|teampreview|4\nrina slaywayama has agreed to open team sheets.\n|\n|t:|1683579565\n|start\n|switch|p1a: Glimmora|Glimmora, L50, M|100\/100\n|switch|p1b: Flutter Mane|Flutter Mane, L50|100\/100\n|switch|p2a: Flutter Mane|Flutter Mane, L50|100\/100\n|switch|p2b: Lycanroc|Lycanroc, L50, M|100\/100\n|-enditem|p1b: Flutter Mane|Booster Energy\n|-activate|p1b: Flutter Mane|ability: Protosynthesis|[fromitem]\n|-start|p1b: Flutter Mane|protosynthesisspe\n|-enditem|p2a: Flutter Mane|Booster Energy\n|-activate|p2a: Flutter Mane|ability: Protosynthesis|[fromitem]\n|-start|p2a: Flutter Mane|protosynthesisspa\n|turn|1\n|\n|t:|1683579597\n|-terastallize|p2b: Lycanroc|Rock\n|move|p1b: Flutter Mane|Protect|p1b: Flutter Mane\n|-singleturn|p1b: Flutter Mane|Protect\n|move|p2a: Flutter Mane|Dazzling Gleam|p1b: Flutter Mane|[spread] p1a\n|-activate|p1b: Flutter Mane|move: Protect\n|-resisted|p1a: Glimmora\n|-damage|p1a: Glimmora|86\/100\n|move|p2b: Lycanroc|Rock Slide|p1a: Glimmora|[spread] p1a\n|-activate|p1b: Flutter Mane|move: Protect\n|-damage|p1a: Glimmora|45\/100\n|-activate|p1a: Glimmora|ability: Toxic Debris\n|-sidestart|p2: bwahacough|move: Toxic Spikes\n|move|p1a: Glimmora|Mortal Spin|p2b: Lycanroc|[spread] p2a,p2b\n|-resisted|p2b: Lycanroc\n|-damage|p2a: Flutter Mane|90\/100\n|-damage|p2b: Lycanroc|96\/100\n|-status|p2a: Flutter Mane|psn\n|-status|p2b: Lycanroc|psn\n|\n|-damage|p2a: Flutter Mane|78\/100 psn|[from] psn\n|-damage|p2b: Lycanroc|84\/100 psn|[from] psn\n|upkeep\n|turn|2\n|\n|t:|1683579615\n|move|p2b: Lycanroc|Protect|p2b: Lycanroc\n|-singleturn|p2b: Lycanroc|Protect\n|move|p1b: Flutter Mane|Shadow Ball|p2b: Lycanroc\n|-activate|p2b: Lycanroc|move: Protect\n|move|p2a: Flutter Mane|Mystical Fire|p1b: Flutter Mane\n|-damage|p1b: Flutter Mane|60\/100\n|-unboost|p1b: Flutter Mane|spa|1\n|move|p1a: Glimmora|Sludge Bomb|p2a: Flutter Mane\n|-damage|p2a: Flutter Mane|32\/100 psn\n|\n|-damage|p2a: Flutter Mane|20\/100 psn|[from] psn\n|-damage|p2b: Lycanroc|72\/100 psn|[from] psn\n|upkeep\n|turn|3\n|\n|t:|1683579651\n|move|p1b: Flutter Mane|Protect|p1b: Flutter Mane\n|-singleturn|p1b: Flutter Mane|Protect\n|move|p2a: Flutter Mane|Dazzling Gleam|p1b: Flutter Mane|[spread] p1a\n|-activate|p1b: Flutter Mane|move: Protect\n|-resisted|p1a: Glimmora\n|-damage|p1a: Glimmora|31\/100\n|move|p2b: Lycanroc|Rock Slide|p1b: Flutter Mane|[spread] p1a\n|-activate|p1b: Flutter Mane|move: Protect\n|-damage|p1a: Glimmora|0 fnt\n|-activate|p1a: Glimmora|ability: Toxic Debris\n|-sidestart|p2: bwahacough|move: Toxic Spikes\n|faint|p1a: Glimmora\n|\n|-damage|p2a: Flutter Mane|7\/100 psn|[from] psn\n|-damage|p2b: Lycanroc|60\/100 psn|[from] psn\n|upkeep\n|\n|t:|1683579656\n|switch|p1a: Lycanroc|Lycanroc, L50, M|100\/100\n|turn|4\n|\n|t:|1683579672\n|move|p1b: Flutter Mane|Dazzling Gleam|p2a: Flutter Mane|[spread] p2a,p2b\n|-damage|p2a: Flutter Mane|0 fnt\n|-damage|p2b: Lycanroc|26\/100 psn\n|faint|p2a: Flutter Mane\n|-end|p2a: Flutter Mane|Protosynthesis|[silent]\n|move|p1a: Lycanroc|Rock Slide|p2b: Lycanroc\n|-damage|p2b: Lycanroc|0 fnt\n|faint|p2b: Lycanroc\n|\n|upkeep\n|\n|t:|1683579674\n|switch|p2a: Maushold|Maushold, L50, shiny|100\/100\n|switch|p2b: Annihilape|Annihilape, L50, F|100\/100\n|-status|p2a: Maushold|tox\n|-status|p2b: Annihilape|tox\n|turn|5\n|\n|t:|1683579680\n|move|p1b: Flutter Mane|Substitute|p1b: Flutter Mane\n|-start|p1b: Flutter Mane|Substitute\n|-damage|p1b: Flutter Mane|35\/100\n|move|p1a: Lycanroc|Rock Slide|p2b: Annihilape|[spread] p2a,p2b\n|-resisted|p2b: Annihilape\n|-damage|p2a: Maushold|65\/100 tox\n|-damage|p2b: Annihilape|91\/100 tox\n|move|p2a: Maushold|Thunder Wave||[still]\n|-fail|p2a: Maushold\n|move|p2b: Annihilape|Bulk Up|p2b: Annihilape\n|-boost|p2b: Annihilape|atk|1\n|-boost|p2b: Annihilape|def|1\n|\n|-heal|p2b: Annihilape|97\/100 tox|[from] item: Leftovers\n|-damage|p2a: Maushold|59\/100 tox|[from] psn\n|-damage|p2b: Annihilape|91\/100 tox|[from] psn\n|upkeep\n|turn|6\n|\n|t:|1683579686\n|move|p1b: Flutter Mane|Dazzling Gleam|p2a: Maushold|[spread] p2a,p2b\n|-supereffective|p2b: Annihilape\n|-damage|p2a: Maushold|31\/100 tox\n|-damage|p2b: Annihilape|64\/100 tox\n|move|p1a: Lycanroc|Close Combat|p2a: Maushold\n|-supereffective|p2a: Maushold\n|-damage|p2a: Maushold|0 fnt\n|-unboost|p1a: Lycanroc|def|1\n|-unboost|p1a: Lycanroc|spd|1\n|faint|p2a: Maushold\n|move|p2b: Annihilape|Drain Punch|p1a: Lycanroc\n|-supereffective|p1a: Lycanroc\n|-enditem|p1a: Lycanroc|Focus Sash\n|-damage|p1a: Lycanroc|1\/100\n|-heal|p2b: Annihilape|100\/100 tox|[from] drain|[of] p1a: Lycanroc\n|\n|-damage|p2b: Annihilape|88\/100 tox|[from] psn\n|upkeep\n|turn|7\n|\n|t:|1683579693\n|move|p1a: Lycanroc|Protect|p1a: Lycanroc\n|-singleturn|p1a: Lycanroc|Protect\n|move|p1b: Flutter Mane|Dazzling Gleam|p2b: Annihilape\n|-supereffective|p2b: Annihilape\n|-damage|p2b: Annihilape|45\/100 tox\n|move|p2b: Annihilape|Drain Punch|p1b: Flutter Mane\n|-immune|p1b: Flutter Mane\n|\n|-heal|p2b: Annihilape|51\/100 tox|[from] item: Leftovers\n|-damage|p2b: Annihilape|32\/100 tox|[from] psn\n|upkeep\n|turn|8\n|\n|t:|1683579707\n|-terastallize|p1b: Flutter Mane|Fairy\n|move|p1b: Flutter Mane|Dazzling Gleam|p2b: Annihilape\n|-supereffective|p2b: Annihilape\n|-damage|p2b: Annihilape|0 fnt\n|faint|p2b: Annihilape\n|\n|win|rina slaywayama\n|raw|rina slaywayama's rating: 1571 → 1589<\/strong> (+18 for winning)\n|raw|bwahacough's rating: 1535 → 1517<\/strong> (-18 for losing)\n|l|\u2606bwahacough\n","uploadtime":1683579721,"views":8,"p1id":"rinaslaywayama","p2id":"bwahacough","formatid":"gen9vgc2023regulationc","rating":1517,"private":0,"password":""}