{"id":"gen9vgc2023regulationc-1845039166","p1":"Trafalgar-Froakie","p2":"Killa Kenny","format":"[Gen 9] VGC 2023 Regulation C","log":"|j|\u2606Trafalgar-Froakie\n|j|\u2606Killa Kenny\n|t:|1681676759\n|gametype|doubles\n|player|p1|Trafalgar-Froakie|2|1052\n|player|p2|Killa Kenny|dragontamer|1154\n|teamsize|p1|6\n|teamsize|p2|6\n|gen|9\n|tier|[Gen 9] VGC 2023 Regulation C\n|rated|\n|rule|Species Clause: Limit one of each Pok\u00e9mon\n|rule|Item Clause: Limit one of each item\n|clearpoke\n|poke|p1|Lilligant, L50, F|\n|poke|p1|Torkoal, L50, F|\n|poke|p1|Flutter Mane, L50|\n|poke|p1|Great Tusk, L50|\n|poke|p1|Dragonite, L50, F|\n|poke|p1|Kingambit, L50, M|\n|poke|p2|Baxcalibur, L50, M|\n|poke|p2|Glimmora, L50, F|\n|poke|p2|Dragonite, L50, M|\n|poke|p2|Arcanine, L50, M|\n|poke|p2|Palafin, L50, M|\n|poke|p2|Garganacl, L50, F|\n|teampreview|4\nTrafalgar-Froakie has agreed to open team sheets.\nKilla Kenny rejected open team sheets.\n|\n|t:|1681676842\n|start\n|switch|p1a: Torkoal|Torkoal, L50, F|100\/100\n|switch|p1b: Flutter Mane|Flutter Mane, L50|100\/100\n|switch|p2a: Glimmora|Glimmora, L50, F|100\/100\n|switch|p2b: Palafin|Palafin, L50, M|100\/100\n|-weather|SunnyDay|[from] ability: Drought|[of] p1a: Torkoal\n|-activate|p1b: Flutter Mane|ability: Protosynthesis\n|-start|p1b: Flutter Mane|protosynthesisspa\n|turn|1\n|\n|t:|1681676876\n|detailschange|p2b: Palafin|Palafin-Hero, L50, M\n|switch|p2b: Garganacl|Garganacl, L50, F|100\/100\n|move|p1b: Flutter Mane|Shadow Ball|p2b: Garganacl\n|-damage|p2b: Garganacl|64\/100\n|move|p2a: Glimmora|Mortal Spin|p1b: Flutter Mane|[spread] p1a,p1b\n|-crit|p1b: Flutter Mane\n|-damage|p1a: Torkoal|97\/100\n|-damage|p1b: Flutter Mane|88\/100\n|-status|p1a: Torkoal|psn\n|-status|p1b: Flutter Mane|psn\n|move|p1a: Torkoal|Earth Power|p2a: Glimmora\n|-supereffective|p2a: Glimmora\n|-enditem|p2a: Glimmora|Focus Sash\n|-damage|p2a: Glimmora|1\/100\n|\n|-weather|SunnyDay|[upkeep]\n|-heal|p2b: Garganacl|70\/100|[from] item: Leftovers\n|-damage|p1b: Flutter Mane|76\/100 psn|[from] psn\n|-damage|p1a: Torkoal|85\/100 psn|[from] psn\n|upkeep\n|turn|2\n|\n|t:|1681676909\n|-end|p1b: Flutter Mane|Protosynthesis|[silent]\n|switch|p1b: Dragonite|Dragonite, L50, F|100\/100\n|move|p1a: Torkoal|Protect|p1a: Torkoal\n|-singleturn|p1a: Torkoal|Protect\n|move|p2a: Glimmora|Power Gem|p1a: Torkoal\n|-activate|p1a: Torkoal|move: Protect\n|move|p2b: Garganacl|Salt Cure|p1b: Dragonite\n|-supereffective|p1b: Dragonite\n|-damage|p1b: Dragonite|86\/100\n|-start|p1b: Dragonite|Salt Cure\n|\n|-weather|SunnyDay|[upkeep]\n|-heal|p2b: Garganacl|76\/100|[from] item: Leftovers\n|-damage|p1a: Torkoal|72\/100 psn|[from] psn\n|-damage|p1b: Dragonite|74\/100|[from] Salt Cure\n|upkeep\n|turn|3\n|\n|t:|1681676938\n|move|p2b: Garganacl|Protect|p2b: Garganacl\n|-singleturn|p2b: Garganacl|Protect\n|move|p1b: Dragonite|Extreme Speed|p2a: Glimmora\n|-resisted|p2a: Glimmora\n|-damage|p2a: Glimmora|0 fnt\n|-activate|p2a: Glimmora|ability: Toxic Debris\n|-sidestart|p1: Trafalgar-Froakie|move: Toxic Spikes\n|faint|p2a: Glimmora\n|move|p1a: Torkoal|Earth Power|p2b: Garganacl\n|-activate|p2b: Garganacl|move: Protect\n|\n|-weather|SunnyDay|[upkeep]\n|-heal|p2b: Garganacl|82\/100|[from] item: Leftovers\n|-damage|p1a: Torkoal|60\/100 psn|[from] psn\n|-damage|p1b: Dragonite|62\/100|[from] Salt Cure\n|upkeep\n|\n|t:|1681676960\n|switch|p2a: Baxcalibur|Baxcalibur, L50, M|100\/100\n|turn|4\n|\n|t:|1681676981\n|-terastallize|p2a: Baxcalibur|Water\n|move|p1b: Dragonite|Protect|p1b: Dragonite\n|-singleturn|p1b: Dragonite|Protect\n|move|p2a: Baxcalibur|Icicle Spear|p1b: Dragonite\n|-activate|p1b: Dragonite|move: Protect\n|move|p1a: Torkoal|Earth Power|p2b: Garganacl\n|-supereffective|p2b: Garganacl\n|-damage|p2b: Garganacl|39\/100\n|-unboost|p2b: Garganacl|spd|1\n|move|p2b: Garganacl|Salt Cure|p1a: Torkoal\n|-supereffective|p1a: Torkoal\n|-damage|p1a: Torkoal|36\/100 psn\n|-start|p1a: Torkoal|Salt Cure\n|\n|-weather|SunnyDay|[upkeep]\n|-heal|p2b: Garganacl|45\/100|[from] item: Leftovers\n|-damage|p1a: Torkoal|24\/100 psn|[from] psn\n|-damage|p1b: Dragonite|50\/100|[from] Salt Cure\n|-damage|p1a: Torkoal|11\/100 psn|[from] Salt Cure\n|upkeep\n|turn|5\n|\n|t:|1681677033\n|move|p2a: Baxcalibur|Protect|p2a: Baxcalibur\n|-singleturn|p2a: Baxcalibur|Protect\n|move|p2b: Garganacl|Protect|p2b: Garganacl\n|-singleturn|p2b: Garganacl|Protect\n|move|p1b: Dragonite|Extreme Speed|p2a: Baxcalibur\n|-activate|p2a: Baxcalibur|move: Protect\n|move|p1a: Torkoal|Earth Power|p2a: Baxcalibur\n|-activate|p2a: Baxcalibur|move: Protect\n|\n|-weather|none\n|-heal|p2b: Garganacl|51\/100|[from] item: Leftovers\n|-damage|p1a: Torkoal|0 fnt|[from] psn\n|faint|p1a: Torkoal\n|-damage|p1b: Dragonite|38\/100|[from] Salt Cure\n|upkeep\n|\n|t:|1681677050\n|switch|p1a: Flutter Mane|Flutter Mane, L50|76\/100 psn\n|turn|6\n|\n|t:|1681677092\n|-terastallize|p1a: Flutter Mane|Fairy\n|move|p1b: Dragonite|Extreme Speed|p2a: Baxcalibur\n|-damage|p2a: Baxcalibur|69\/100\n|move|p2a: Baxcalibur|Ice Shard|p1a: Flutter Mane\n|-damage|p1a: Flutter Mane|25\/100 psn\n|move|p1a: Flutter Mane|Dazzling Gleam|p2a: Baxcalibur|[spread] p2a,p2b\n|-damage|p2a: Baxcalibur|1\/100\n|-damage|p2b: Garganacl|0 fnt\n|faint|p2b: Garganacl\n|\n|-damage|p1a: Flutter Mane|13\/100 psn|[from] psn\n|-damage|p1b: Dragonite|25\/100|[from] Salt Cure\n|upkeep\n|\n|t:|1681677108\n|switch|p2b: Palafin|Palafin-Hero, L50, M|100\/100\n|-activate|p2b: Palafin|ability: Zero to Hero\n|turn|7\n|\n|t:|1681677119\n|move|p2b: Palafin|Protect|p2b: Palafin\n|-singleturn|p2b: Palafin|Protect\n|move|p2a: Baxcalibur|Protect|p2a: Baxcalibur\n|-singleturn|p2a: Baxcalibur|Protect\n|move|p1b: Dragonite|Protect|p1b: Dragonite\n|-singleturn|p1b: Dragonite|Protect\n|move|p1a: Flutter Mane|Dazzling Gleam|p2a: Baxcalibur|[spread] \n|-activate|p2a: Baxcalibur|move: Protect\n|-activate|p2b: Palafin|move: Protect\n|\n|-damage|p1a: Flutter Mane|0 fnt|[from] psn\n|faint|p1a: Flutter Mane\n|-end|p1a: Flutter Mane|Protosynthesis|[silent]\n|-damage|p1b: Dragonite|13\/100|[from] Salt Cure\n|upkeep\n|\n|t:|1681677141\n|switch|p1a: Great Tusk|Great Tusk, L50|100\/100\n|-status|p1a: Great Tusk|psn\n|turn|8\n|\n|t:|1681677156\n|move|p1b: Dragonite|Extreme Speed|p2b: Palafin\n|-damage|p2b: Palafin|68\/100\n|move|p2a: Baxcalibur|Ice Shard|p1b: Dragonite\n|-supereffective|p1b: Dragonite\n|-damage|p1b: Dragonite|0 fnt\n|faint|p1b: Dragonite\n|move|p1a: Great Tusk|Earthquake|p2a: Baxcalibur|[spread] p2a,p2b\n|-damage|p2a: Baxcalibur|0 fnt\n|-damage|p2b: Palafin|29\/100\n|faint|p2a: Baxcalibur\n|move|p2b: Palafin|Wave Crash|p1a: Great Tusk\n|-supereffective|p1a: Great Tusk\n|-damage|p1a: Great Tusk|0 fnt\n|faint|p1a: Great Tusk\n|-end|p1a: Great Tusk|Protosynthesis|[silent]\n|-damage|p2b: Palafin|0 fnt|[from] Recoil\n|faint|p2b: Palafin\n|\n|win|Killa Kenny\n|raw|Trafalgar-Froakie's rating: 1052 → 1039<\/strong> (-13 for losing)\n|raw|Killa Kenny's rating: 1154 → 1172<\/strong> (+18 for winning)\n|c|\u2606Killa Kenny|GG!\n","uploadtime":1681677194,"views":6,"p1id":"trafalgarfroakie","p2id":"killakenny","formatid":"gen9vgc2023regulationc","rating":1039,"private":0,"password":""}