{"id":"gen9vgc2023regulationc-1854754417","p1":"Ab0ve5029","p2":"Dolansk","format":"[Gen 9] VGC 2023 Regulation C","log":"|j|\u2606Ab0ve5029\n|j|\u2606Dolansk\n|t:|1682861721\n|gametype|doubles\n|player|p1|Ab0ve5029|n|\n|player|p2|Dolansk|265|\n|teamsize|p1|6\n|teamsize|p2|6\n|gen|9\n|tier|[Gen 9] VGC 2023 Regulation C\n|rated|Tournament battle\n|rule|Species Clause: Limit one of each Pok\u00e9mon\n|rule|Item Clause: Limit one of each item\n|clearpoke\n|poke|p1|Chien-Pao, L50|\n|poke|p1|Palafin, L50, M|\n|poke|p1|Dragapult, L50, M|\n|poke|p1|Kingambit, L50, M|\n|poke|p1|Arcanine, L50, F|\n|poke|p1|Amoonguss, L50, M|\n|poke|p2|Palafin, L50, F|\n|poke|p2|Arcanine, L50, M|\n|poke|p2|Amoonguss, L50, F|\n|poke|p2|Flutter Mane, L50|\n|poke|p2|Ting-Lu, L50|\n|poke|p2|Baxcalibur, L50, M|\n|teampreview|4\n|raw| Open Team Sheet for Ab0ve5029<\/summary>Astrumy (Chien-Pao) @ Focus Sash Ability: Sword of Ruin Level: 50 Tera Type: Ghost - Ice Spinner - Throat Chop - Sacred Sword - Protect Above (Palafin) @ Mystic Water Ability: Zero to Hero Level: 50 Tera Type: Water - Wave Crash - Jet Punch - Haze - Protect RulingWillB (Dragapult) @ Choice Band Ability: Clear Body Level: 50 Tera Type: Steel - Dragon Darts - Phantom Force - Tera Blast - U-turn hancec (Kingambit) @ Lum Berry Ability: Defiant Level: 50 Tera Type: Dark - Kowtow Cleave - Sucker Punch - Swords Dance - Protect CaLdAbOoS (Arcanine) @ Safety Goggles Ability: Intimidate Level: 50 Tera Type: Water - Flare Blitz - Extreme Speed - Will-O-Wisp - Protect Whynus (Amoonguss) @ Sitrus Berry Ability: Regenerator Level: 50 Tera Type: Water - Pollen Puff - Spore - Rage Powder - Protect <\/details><\/div> Open Team Sheet for Dolansk<\/summary>Palafin @ Mystic Water Ability: Zero to Hero Level: 50 Tera Type: Water - Wave Crash - Jet Punch - Haze - Protect Arcanine @ Safety Goggles Ability: Intimidate Level: 50 Tera Type: Ghost - Flare Blitz - Snarl - Will-O-Wisp - Protect Amoonguss @ Sitrus Berry Ability: Regenerator Level: 50 Tera Type: Water - Pollen Puff - Rage Powder - Spore - Protect Flutter Mane @ Booster Energy Ability: Protosynthesis Level: 50 Tera Type: Fairy - Shadow Ball - Dazzling Gleam - Mystical Fire - Protect Ting-Lu @ Leftovers Ability: Vessel of Ruin Level: 50 Tera Type: Poison - Earthquake - Ruination - Heavy Slam - Protect Baxcalibur @ Assault Vest Ability: Thermal Exchange Level: 50 Tera Type: Steel - Icicle Crash - Ice Shard - Glaive Rush - Earthquake <\/details><\/div>\n|c|\u2606Ab0ve5029|glhf\n|inactive|Battle timer is ON: inactive players will automatically lose when time's up. (requested by Dolansk)\n|\n|t:|1682861761\n|start\n|switch|p1a: Above|Palafin, L50, M|100\/100\n|switch|p1b: Whynus|Amoonguss, L50, M|100\/100\n|switch|p2a: Palafin|Palafin, L50, F|100\/100\n|switch|p2b: Arcanine|Arcanine, L50, M|100\/100\n|-ability|p2b: Arcanine|Intimidate|boost\n|-unboost|p1a: Above|atk|1\n|-unboost|p1b: Whynus|atk|1\n|turn|1\n|inactive|Ab0ve5029 has 30 seconds left.\n|inactive|Dolansk has 30 seconds left.\n|inactive|Ab0ve5029 has 20 seconds left.\n|inactive|Ab0ve5029 has 15 seconds left.\n|\n|t:|1682861804\n|detailschange|p2a: Palafin|Palafin-Hero, L50, F\n|switch|p2a: Baxcalibur|Baxcalibur, L50, M|100\/100\n|switch|p1b: CaLdAbOoS|Arcanine, L50, F|100\/100\n|-ability|p1b: CaLdAbOoS|Intimidate|boost\n|-unboost|p2a: Baxcalibur|atk|1\n|-unboost|p2b: Arcanine|atk|1\n|move|p2b: Arcanine|Flare Blitz|p1b: CaLdAbOoS\n|-resisted|p1b: CaLdAbOoS\n|-crit|p1b: CaLdAbOoS\n|-damage|p1b: CaLdAbOoS|59\/100\n|-damage|p2b: Arcanine|86\/100|[from] Recoil\n|move|p1a: Above|Wave Crash|p2b: Arcanine\n|-supereffective|p2b: Arcanine\n|-damage|p2b: Arcanine|0 fnt\n|faint|p2b: Arcanine\n|-damage|p1a: Above|75\/100|[from] Recoil\n|\n|upkeep\n|inactive|Dolansk has 30 seconds left.\n|inactive|Dolansk has 20 seconds left.\n|inactive|Dolansk has 15 seconds left.\n|inactive|Dolansk has 10 seconds left.\n|inactive|Dolansk has 5 seconds left.\n|\n|t:|1682861859\n|switch|p2b: Ting-Lu|Ting-Lu, L50|100\/100\n|-ability|p2b: Ting-Lu|Vessel of Ruin\n|turn|2\n|\n|t:|1682861876\n|detailschange|p1a: Above|Palafin-Hero, L50, M\n|switch|p1a: Whynus|Amoonguss, L50, M|100\/100\n|move|p1b: CaLdAbOoS|Will-O-Wisp|p2b: Ting-Lu|[miss]\n|-miss|p1b: CaLdAbOoS|p2b: Ting-Lu\n|move|p2a: Baxcalibur|Glaive Rush|p1b: CaLdAbOoS\n|-damage|p1b: CaLdAbOoS|14\/100\n|-singlemove|p2a: Baxcalibur|Glaive Rush|[silent]\n|move|p2b: Ting-Lu|Ruination|p1a: Whynus|[miss]\n|-miss|p2b: Ting-Lu|p1a: Whynus\n|\n|upkeep\n|turn|3\n|\n|t:|1682861894\n|move|p2a: Baxcalibur|Ice Shard|p1b: CaLdAbOoS\n|-resisted|p1b: CaLdAbOoS\n|-damage|p1b: CaLdAbOoS|7\/100\n|move|p1b: CaLdAbOoS|Will-O-Wisp|p2b: Ting-Lu\n|-status|p2b: Ting-Lu|brn\n|move|p2b: Ting-Lu|Heavy Slam|p1a: Whynus\n|-damage|p1a: Whynus|86\/100\n|move|p1a: Whynus|Spore|p2a: Baxcalibur\n|-status|p2a: Baxcalibur|slp|[from] move: Spore\n|\n|-damage|p2b: Ting-Lu|94\/100 brn|[from] brn\n|upkeep\n|turn|4\n|\n|t:|1682861908\n|switch|p1b: Above|Palafin-Hero, L50, M|75\/100\n|-activate|p1b: Above|ability: Zero to Hero\n|switch|p2a: Palafin|Palafin-Hero, L50, F|100\/100\n|-activate|p2a: Palafin|ability: Zero to Hero\n|move|p2b: Ting-Lu|Protect|p2b: Ting-Lu\n|-singleturn|p2b: Ting-Lu|Protect\n|move|p1a: Whynus|Pollen Puff|p1b: Above\n|-heal|p1b: Above|100\/100\n|\n|-heal|p2b: Ting-Lu|100\/100 brn|[from] item: Leftovers\n|-damage|p2b: Ting-Lu|94\/100 brn|[from] brn\n|upkeep\n|turn|5\n|\n|t:|1682861927\n|-terastallize|p2a: Palafin|Water\n|-terastallize|p1b: Above|Water\n|move|p2a: Palafin|Wave Crash|p1b: Above\n|-resisted|p1b: Above\n|-damage|p1b: Above|47\/100\n|-damage|p2a: Palafin|80\/100|[from] Recoil\n|move|p1b: Above|Wave Crash|p2b: Ting-Lu\n|-supereffective|p2b: Ting-Lu\n|-damage|p2b: Ting-Lu|0 fnt\n|faint|p2b: Ting-Lu\n|-damage|p1b: Above|9\/100|[from] Recoil\n|move|p1a: Whynus|Spore|p2a: Palafin\n|-status|p2a: Palafin|slp|[from] move: Spore\n|\n|upkeep\n|\n|t:|1682861937\n|switch|p2b: Baxcalibur|Baxcalibur, L50, M|100\/100 slp\n|turn|6\n|c|\u2606Dolansk|Ok.\n|\n|t:|1682861948\n|cant|p2b: Baxcalibur|slp\n|move|p1b: Above|Jet Punch|p2b: Baxcalibur\n|-resisted|p2b: Baxcalibur\n|-damage|p2b: Baxcalibur|69\/100 slp\n|cant|p2a: Palafin|slp\n|move|p1a: Whynus|Pollen Puff|p1b: Above\n|-heal|p1b: Above|59\/100\n|\n|upkeep\n|turn|7\n|\n|t:|1682861965\n|switch|p1a: CaLdAbOoS|Arcanine, L50, F|7\/100\n|-ability|p1a: CaLdAbOoS|Intimidate|boost\n|-unboost|p2a: Palafin|atk|1\n|-unboost|p2b: Baxcalibur|atk|1\n|cant|p2a: Palafin|slp\n|cant|p2b: Baxcalibur|slp\n|move|p1b: Above|Wave Crash|p2b: Baxcalibur\n|-resisted|p2b: Baxcalibur\n|-damage|p2b: Baxcalibur|11\/100 slp\n|-damage|p1b: Above|40\/100|[from] Recoil\n|\n|upkeep\n|turn|8\n|\n|t:|1682861979\n|move|p1a: CaLdAbOoS|Extreme Speed|p2b: Baxcalibur\n|-damage|p2b: Baxcalibur|0 fnt\n|faint|p2b: Baxcalibur\n|cant|p2a: Palafin|slp\n|move|p1b: Above|Wave Crash|p2a: Palafin\n|-resisted|p2a: Palafin\n|-damage|p2a: Palafin|8\/100 slp\n|-damage|p1b: Above|19\/100|[from] Recoil\n|\n|upkeep\n|turn|9\n|c|\u2606Dolansk|Gg\n|\n|t:|1682861988\n|move|p1a: CaLdAbOoS|Extreme Speed|p2a: Palafin\n|-damage|p2a: Palafin|0 fnt\n|faint|p2a: Palafin\n|\n|win|Ab0ve5029\n|n|\u2606Ab0ve5029|ab0ve5029\n|n|\u2606Dolansk|dolansk\n|c|\u2606Ab0ve5029|gg\n|l|\u2606Dolansk\n","uploadtime":1682862017,"views":12,"p1id":"ab0ve5029","p2id":"dolansk","formatid":"gen9vgc2023regulationc","rating":0,"private":0,"password":""}