{"id":"gen9vgc2023regulationc-1847346449","p1":"D.AMADO - VGC","p2":"Aurex_12","format":"[Gen 9] VGC 2023 Regulation C","log":"|j|\u2606D.AMADO - VGC\n|j|\u2606Aurex_12\n|t:|1681940826\n|gametype|doubles\n|player|p1|D.AMADO - VGC|bruno|1148\n|player|p2|Aurex_12|169|1093\n|teamsize|p1|6\n|teamsize|p2|6\n|gen|9\n|tier|[Gen 9] VGC 2023 Regulation C\n|rated|\n|rule|Species Clause: Limit one of each Pok\u00e9mon\n|rule|Item Clause: Limit one of each item\n|clearpoke\n|poke|p1|Chi-Yu, L50|\n|poke|p1|Torkoal, L50, F|\n|poke|p1|Jumpluff, L50, F|\n|poke|p1|Salamence, L50, M|\n|poke|p1|Indeedee-F, L50, F|\n|poke|p1|Flutter Mane, L50|\n|poke|p2|Amoonguss, L50, M|\n|poke|p2|Palafin, L50, F|\n|poke|p2|Flutter Mane, L50|\n|poke|p2|Arcanine, L50, M|\n|poke|p2|Chien-Pao, L50|\n|poke|p2|Iron Bundle, L50|\n|teampreview|4\n|inactive|Battle timer is ON: inactive players will automatically lose when time's up. (requested by D.AMADO - VGC)\nAurex_12 has agreed to open team sheets.\n|inactive|Aurex_12 has 60 seconds left.\n|\n|t:|1681940878\n|start\n|switch|p1a: Torkoal|Torkoal, L50, F, shiny|100\/100\n|switch|p1b: Jumpluff|Jumpluff, L50, F, shiny|100\/100\n|switch|p2a: Flutter Mane|Flutter Mane, L50|100\/100\n|switch|p2b: Palafin|Palafin, L50, F|100\/100\n|-weather|SunnyDay|[from] ability: Drought|[of] p1a: Torkoal\n|-activate|p2a: Flutter Mane|ability: Protosynthesis\n|-start|p2a: Flutter Mane|protosynthesisspe\n|turn|1\n|inactive|D.AMADO - VGC has 30 seconds left.\n|inactive|Aurex_12 has 30 seconds left.\n|\n|t:|1681940906\n|detailschange|p2b: Palafin|Palafin-Hero, L50, F\n|switch|p2b: Arcanine|Arcanine, L50, M|100\/100\n|-ability|p2b: Arcanine|Intimidate|boost\n|-unboost|p1a: Torkoal|atk|1\n|-unboost|p1b: Jumpluff|atk|1\n|move|p2a: Flutter Mane|Protect|p2a: Flutter Mane\n|-singleturn|p2a: Flutter Mane|Protect\n|move|p1b: Jumpluff|Sleep Powder|p2a: Flutter Mane\n|-activate|p2a: Flutter Mane|move: Protect\n|move|p1a: Torkoal|Heat Wave|p2a: Flutter Mane|[spread] p2b\n|-activate|p2a: Flutter Mane|move: Protect\n|-resisted|p2b: Arcanine\n|-damage|p2b: Arcanine|77\/100\n|\n|-weather|SunnyDay|[upkeep]\n|upkeep\n|turn|2\n|inactive|Aurex_12 has 30 seconds left.\n|inactive|Aurex_12 has 20 seconds left.\n|inactive|Aurex_12 has 15 seconds left.\n|inactive|Aurex_12 has 10 seconds left.\n|\n|t:|1681940955\n|move|p1b: Jumpluff|Sleep Powder|p2a: Flutter Mane|[miss]\n|-miss|p1b: Jumpluff|p2a: Flutter Mane\n|move|p2a: Flutter Mane|Moonblast|p1b: Jumpluff\n|-damage|p1b: Jumpluff|40\/100\n|-damage|p2a: Flutter Mane|91\/100|[from] item: Life Orb\n|move|p2b: Arcanine|Flare Blitz|p1a: Torkoal\n|-resisted|p1a: Torkoal\n|-damage|p1a: Torkoal|72\/100\n|-damage|p2b: Arcanine|67\/100|[from] Recoil\n|move|p1a: Torkoal|Ancient Power|p2b: Arcanine\n|-supereffective|p2b: Arcanine\n|-damage|p2b: Arcanine|29\/100\n|\n|-weather|SunnyDay|[upkeep]\n|upkeep\n|turn|3\n|inactive|D.AMADO - VGC has 30 seconds left.\n|inactive|D.AMADO - VGC has 20 seconds left.\n|\n|t:|1681940993\n|move|p2a: Flutter Mane|Protect|p2a: Flutter Mane\n|-singleturn|p2a: Flutter Mane|Protect\n|move|p1b: Jumpluff|Tailwind|p1b: Jumpluff\n|-sidestart|p1: D.AMADO - VGC|move: Tailwind\n|move|p2b: Arcanine|Flare Blitz|p1b: Jumpluff\n|-supereffective|p1b: Jumpluff\n|-damage|p1b: Jumpluff|0 fnt\n|faint|p1b: Jumpluff\n|-damage|p2b: Arcanine|15\/100|[from] Recoil\n|move|p1a: Torkoal|Ancient Power|p2b: Arcanine\n|-supereffective|p2b: Arcanine\n|-damage|p2b: Arcanine|0 fnt\n|faint|p2b: Arcanine\n|\n|-weather|SunnyDay|[upkeep]\n|upkeep\n|inactive|Aurex_12 has 30 seconds left.\n|\n|t:|1681941019\n|switch|p1b: Flutter Mane|Flutter Mane, L50|100\/100\n|switch|p2b: Palafin|Palafin-Hero, L50, F|100\/100\n|-activate|p1b: Flutter Mane|ability: Protosynthesis\n|-start|p1b: Flutter Mane|protosynthesisspa\n|-activate|p2b: Palafin|ability: Zero to Hero\n|turn|4\n|inactive|D.AMADO - VGC has 30 seconds left.\n|\n|t:|1681941050\n|-terastallize|p1b: Flutter Mane|Fairy\n|-terastallize|p2a: Flutter Mane|Fairy\n|move|p1a: Torkoal|Helping Hand|p1b: Flutter Mane\n|-singleturn|p1b: Flutter Mane|Helping Hand|[of] p1a: Torkoal\n|move|p2b: Palafin|Protect|p2b: Palafin\n|-singleturn|p2b: Palafin|Protect\n|move|p1b: Flutter Mane|Dazzling Gleam|p2a: Flutter Mane|[spread] p2a\n|-activate|p2b: Palafin|move: Protect\n|-damage|p2a: Flutter Mane|0 fnt\n|faint|p2a: Flutter Mane\n|-end|p2a: Flutter Mane|Protosynthesis|[silent]\n|\n|-weather|SunnyDay|[upkeep]\n|upkeep\n|\n|t:|1681941063\n|switch|p2a: Amoonguss|Amoonguss, L50, M|100\/100\n|turn|5\n|inactive|Aurex_12 has 30 seconds left.\n|\n|t:|1681941092\n|move|p1b: Flutter Mane|Dazzling Gleam|p2b: Palafin|[spread] p2a,p2b\n|-resisted|p2a: Amoonguss\n|-damage|p2a: Amoonguss|61\/100\n|-damage|p2b: Palafin|25\/100\n|move|p2b: Palafin|Substitute|p2b: Palafin\n|-fail|p2b: Palafin|move: Substitute|[weak]\n|move|p1a: Torkoal|Heat Wave|p2a: Amoonguss|[spread] p2a,p2b\n|-supereffective|p2a: Amoonguss\n|-resisted|p2b: Palafin\n|-damage|p2a: Amoonguss|0 fnt\n|-damage|p2b: Palafin|5\/100\n|faint|p2a: Amoonguss\n|\n|-weather|SunnyDay|[upkeep]\n|upkeep\n|turn|6\n|-message|Aurex_12 forfeited.\n|\n|win|D.AMADO - VGC\n|raw|D.AMADO - VGC's rating: 1148 → 1169<\/strong> (+21 for winning)\n|raw|Aurex_12's rating: 1093 → 1073<\/strong> (-20 for losing)\n|l|\u2606Aurex_12\n","uploadtime":1681941147,"views":7,"p1id":"damadovgc","p2id":"aurex12","formatid":"gen9vgc2023regulationc","rating":1073,"private":0,"password":""}