{"id":"gen9vgc2023regulationc-1863094547","p1":"Arcacagne","p2":"ether21","format":"[Gen 9] VGC 2023 Regulation C","log":"|j|\u2606Arcacagne\n|j|\u2606ether21\n|t:|1683968740\n|gametype|doubles\n|player|p1|Arcacagne|169|1310\n|player|p2|ether21|twins-gen4dp|1213\n|teamsize|p1|6\n|teamsize|p2|6\n|gen|9\n|tier|[Gen 9] VGC 2023 Regulation C\n|rated|\n|rule|Species Clause: Limit one of each Pok\u00e9mon\n|rule|Item Clause: Limit one of each item\n|clearpoke\n|poke|p1|Chi-Yu, L50|\n|poke|p1|Flutter Mane, L50|\n|poke|p1|Amoonguss, L50, F|\n|poke|p1|Ting-Lu, L50|\n|poke|p1|Iron Hands, L50|\n|poke|p1|Gyarados, L50, F|\n|poke|p2|Hawlucha, L50, M|\n|poke|p2|Indeedee-F, L50, F|\n|poke|p2|Armarouge, L50, M|\n|poke|p2|Palafin, L50, F|\n|poke|p2|Sandy Shocks, L50|\n|poke|p2|Chien-Pao, L50|\n|teampreview|4\n|inactive|Battle timer is ON: inactive players will automatically lose when time's up. (requested by Arcacagne)\n|\n|t:|1683968772\n|start\n|switch|p1a: Ting-Lu|Ting-Lu, L50|100\/100\n|switch|p1b: Iron Hands|Iron Hands, L50|100\/100\n|switch|p2a: Isabelle|Indeedee-F, L50, F|100\/100\n|switch|p2b: Mega Man|Armarouge, L50, M|100\/100\n|-fieldstart|move: Psychic Terrain|[from] ability: Psychic Surge|[of] p2a: Isabelle\n|-ability|p1a: Ting-Lu|Vessel of Ruin\n|turn|1\n|inactive|ether21 has 30 seconds left.\n|inactive|ether21 has 20 seconds left.\n|\n|t:|1683968808\n|switch|p2b: C. Falcon|Hawlucha, L50, M, shiny|100\/100\n|-enditem|p2b: C. Falcon|Psychic Seed\n|-boost|p2b: C. Falcon|spd|1|[from] item: Psychic Seed\n|-end|p1b: Iron Hands|Quark Drive|[silent]\n|switch|p1b: Gyarados|Gyarados, L50, F|100\/100\n|-ability|p1b: Gyarados|Intimidate|boost\n|-unboost|p2a: Isabelle|atk|1\n|-unboost|p2b: C. Falcon|atk|1\n|move|p2a: Isabelle|Psychic|p1b: Gyarados\n|-damage|p1b: Gyarados|80\/100\n|move|p1a: Ting-Lu|Earthquake|p2a: Isabelle|[spread] p2a\n|-immune|p1b: Gyarados\n|-immune|p2b: C. Falcon\n|-damage|p2a: Isabelle|50\/100\n|\n|upkeep\n|turn|2\n|\n|t:|1683968829\n|move|p2b: C. Falcon|Swords Dance|p2b: C. Falcon\n|-boost|p2b: C. Falcon|atk|2\n|move|p1b: Gyarados|Thunder Wave|p2b: C. Falcon\n|-status|p2b: C. Falcon|par\n|move|p2a: Isabelle|Psychic|p1b: Gyarados\n|-damage|p1b: Gyarados|58\/100\n|move|p1a: Ting-Lu|Earthquake|p2b: C. Falcon|[spread] p2a\n|-immune|p1b: Gyarados\n|-immune|p2b: C. Falcon\n|-damage|p2a: Isabelle|0 fnt\n|faint|p2a: Isabelle\n|\n|upkeep\n|\n|t:|1683968846\n|switch|p2a: R.O.B.|Sandy Shocks, L50, shiny|100\/100\n|-enditem|p2a: R.O.B.|Booster Energy\n|-activate|p2a: R.O.B.|ability: Protosynthesis|[fromitem]\n|-start|p2a: R.O.B.|protosynthesisspe\n|turn|3\n|\n|t:|1683968863\n|switch|p1a: Amoonguss|Amoonguss, L50, F|100\/100\n|move|p2a: R.O.B.|Protect|p2a: R.O.B.\n|-singleturn|p2a: R.O.B.|Protect\n|move|p1b: Gyarados|Protect|p1b: Gyarados\n|-singleturn|p1b: Gyarados|Protect\n|cant|p2b: C. Falcon|par\n|\n|upkeep\n|turn|4\n|\n|t:|1683968882\n|switch|p1b: Ting-Lu|Ting-Lu, L50|100\/100\n|-ability|p1b: Ting-Lu|Vessel of Ruin\n|move|p2a: R.O.B.|Thunderbolt|p1b: Ting-Lu\n|-immune|p1b: Ting-Lu\n|move|p2b: C. Falcon|Acrobatics|p1a: Amoonguss\n|-supereffective|p1a: Amoonguss\n|-damage|p1a: Amoonguss|0 fnt\n|faint|p1a: Amoonguss\n|\n|upkeep\n|\n|t:|1683968894\n|switch|p1a: Gyarados|Gyarados, L50, F|58\/100\n|-ability|p1a: Gyarados|Intimidate|boost\n|-unboost|p2a: R.O.B.|atk|1\n|-unboost|p2b: C. Falcon|atk|1\n|turn|5\n|\n|t:|1683968911\n|-terastallize|p1a: Gyarados|Steel\n|move|p2a: R.O.B.|Thunderbolt|p1a: Gyarados\n|-damage|p1a: Gyarados|33\/100\n|cant|p2b: C. Falcon|par\n|move|p1a: Gyarados|Waterfall|p2b: C. Falcon\n|-damage|p2b: C. Falcon|57\/100 par\n|move|p1b: Ting-Lu|Stomping Tantrum|p2a: R.O.B.\n|-supereffective|p2a: R.O.B.\n|-damage|p2a: R.O.B.|0 fnt\n|faint|p2a: R.O.B.\n|-end|p2a: R.O.B.|Protosynthesis|[silent]\n|\n|-fieldend|move: Psychic Terrain\n|upkeep\n|\n|t:|1683968933\n|switch|p2a: Mega Man|Armarouge, L50, M|100\/100\n|turn|6\n|\n|t:|1683968940\n|-terastallize|p2a: Mega Man|Grass\n|cant|p2b: C. Falcon|par\n|move|p1a: Gyarados|Waterfall|p2b: C. Falcon\n|-damage|p2b: C. Falcon|12\/100 par\n|move|p2a: Mega Man|Armor Cannon|p1a: Gyarados\n|-supereffective|p1a: Gyarados\n|-crit|p1a: Gyarados\n|-damage|p1a: Gyarados|0 fnt\n|-unboost|p2a: Mega Man|def|1\n|-unboost|p2a: Mega Man|spd|1\n|faint|p1a: Gyarados\n|-damage|p2a: Mega Man|91\/100|[from] item: Life Orb\n|move|p1b: Ting-Lu|Stomping Tantrum|p2a: Mega Man\n|-resisted|p2a: Mega Man\n|-damage|p2a: Mega Man|52\/100\n|\n|upkeep\n|\n|t:|1683968955\n|switch|p1a: Iron Hands|Iron Hands, L50|100\/100\n|turn|7\n|\n|t:|1683968963\n|move|p1a: Iron Hands|Fake Out|p2b: C. Falcon\n|-damage|p2b: C. Falcon|0 fnt\n|faint|p2b: C. Falcon\n|move|p2a: Mega Man|Expanding Force|p1a: Iron Hands\n|-supereffective|p1a: Iron Hands\n|-damage|p1a: Iron Hands|48\/100\n|-damage|p2a: Mega Man|43\/100|[from] item: Life Orb\n|move|p1b: Ting-Lu|Stomping Tantrum|p2a: Mega Man\n|-resisted|p2a: Mega Man\n|-damage|p2a: Mega Man|9\/100\n|\n|upkeep\n|turn|8\n|-message|ether21 forfeited.\n|\n|win|Arcacagne\n|raw|Arcacagne's rating: 1310 → 1323<\/strong> (+13 for winning)\n|raw|ether21's rating: 1190 → 1173<\/strong> (-17 for losing)\n","uploadtime":1683968975,"views":9,"p1id":"arcacagne","p2id":"ether21","formatid":"gen9vgc2023regulationc","rating":1173,"private":0,"password":""}