{"id":"gen9vgc2023regulationc-1850503614","p1":"pipsvgc","p2":"sprossy","format":"[Gen 9] VGC 2023 Regulation C","log":"|j|\u2606pipsvgc\n|j|\u2606sprossy\n|t:|1682343720\n|gametype|doubles\n|player|p1|pipsvgc|morty|1408\n|player|p2|sprossy|picnicker|1398\n|teamsize|p1|6\n|teamsize|p2|6\n|gen|9\n|tier|[Gen 9] VGC 2023 Regulation C\n|rated|\n|rule|Species Clause: Limit one of each Pok\u00e9mon\n|rule|Item Clause: Limit one of each item\n|clearpoke\n|poke|p1|Lycanroc, L50, F|\n|poke|p1|Tyranitar, L50, M|\n|poke|p1|Garchomp, L50, M|\n|poke|p1|Talonflame, L50, M|\n|poke|p1|Iron Bundle, L50|\n|poke|p1|Flutter Mane, L50|\n|poke|p2|Ceruledge, L50, F|\n|poke|p2|Amoonguss, L50, F|\n|poke|p2|Flutter Mane, L50|\n|poke|p2|Iron Bundle, L50|\n|poke|p2|Chien-Pao, L50|\n|poke|p2|Ting-Lu, L50|\n|teampreview|4\npipsvgc has agreed to open team sheets.\n|inactive|Battle timer is ON: inactive players will automatically lose when time's up. (requested by pipsvgc)\n|\n|t:|1682343757\n|start\n|switch|p1a: Lycanroc|Lycanroc, L50, F|100\/100\n|switch|p1b: Tyranitar|Tyranitar, L50, M|100\/100\n|switch|p2a: Iron Bundle|Iron Bundle, L50|100\/100\n|switch|p2b: Flutter Mane|Flutter Mane, L50|100\/100\n|-weather|Sandstorm|[from] ability: Sand Stream|[of] p1b: Tyranitar\n|-enditem|p2a: Iron Bundle|Booster Energy\n|-activate|p2a: Iron Bundle|ability: Quark Drive|[fromitem]\n|-start|p2a: Iron Bundle|quarkdrivespe\n|turn|1\n|\n|t:|1682343780\n|move|p1a: Lycanroc|Rock Slide|p2b: Flutter Mane|[spread] p2a,p2b\n|-supereffective|p2a: Iron Bundle\n|-crit|p2b: Flutter Mane\n|-damage|p2a: Iron Bundle|26\/100\n|-damage|p2b: Flutter Mane|40\/100\n|move|p2a: Iron Bundle|Icy Wind|p1b: Tyranitar|[spread] p1a,p1b\n|-damage|p1a: Lycanroc|76\/100\n|-damage|p1b: Tyranitar|93\/100\n|-unboost|p1a: Lycanroc|spe|1\n|-unboost|p1b: Tyranitar|spe|1\n|move|p2b: Flutter Mane|Dazzling Gleam|p1b: Tyranitar|[spread] p1a,p1b\n|-crit|p1a: Lycanroc\n|-supereffective|p1b: Tyranitar\n|-damage|p1a: Lycanroc|4\/100\n|-damage|p1b: Tyranitar|62\/100\n|-damage|p2b: Flutter Mane|30\/100|[from] item: Life Orb\n|move|p1b: Tyranitar|Rock Slide|p2b: Flutter Mane|[spread] p2a,p2b\n|-supereffective|p2a: Iron Bundle\n|-damage|p2a: Iron Bundle|0 fnt\n|-damage|p2b: Flutter Mane|0 fnt\n|faint|p2a: Iron Bundle\n|-end|p2a: Iron Bundle|Quark Drive|[silent]\n|faint|p2b: Flutter Mane\n|-end|p2b: Flutter Mane|Protosynthesis|[silent]\n|\n|-weather|Sandstorm|[upkeep]\n|upkeep\n|\n|t:|1682343804\n|switch|p2a: Ceruledge|Ceruledge, L50, F|100\/100\n|switch|p2b: Amoonguss|Amoonguss, L50, F|100\/100\n|turn|2\n|\n|t:|1682343819\n|-terastallize|p2a: Ceruledge|Grass\n|move|p2a: Ceruledge|Shadow Sneak|p1a: Lycanroc\n|-damage|p1a: Lycanroc|0 fnt\n|faint|p1a: Lycanroc\n|move|p1b: Tyranitar|Rock Slide|p2a: Ceruledge|[spread] p2a\n|-miss|p1b: Tyranitar|p2b: Amoonguss\n|-damage|p2a: Ceruledge|63\/100\n|move|p2b: Amoonguss|Spore|p1b: Tyranitar\n|-status|p1b: Tyranitar|slp|[from] move: Spore\n|\n|-weather|Sandstorm|[upkeep]\n|-damage|p2a: Ceruledge|57\/100|[from] Sandstorm\n|-damage|p2b: Amoonguss|95\/100|[from] Sandstorm\n|upkeep\n|\n|t:|1682343830\n|switch|p1a: Talonflame|Talonflame, L50, M|100\/100\n|turn|3\n|inactive|sprossy has 30 seconds left.\n|\n|t:|1682343859\n|move|p2b: Amoonguss|Rage Powder|p2b: Amoonguss\n|-singleturn|p2b: Amoonguss|move: Rage Powder\n|move|p1a: Talonflame|Taunt|p2b: Amoonguss\n|-start|p2b: Amoonguss|move: Taunt\n|move|p2a: Ceruledge|Bulk Up|p2a: Ceruledge\n|-boost|p2a: Ceruledge|atk|1\n|-boost|p2a: Ceruledge|def|1\n|cant|p1b: Tyranitar|slp\n|\n|-weather|Sandstorm|[upkeep]\n|-damage|p1a: Talonflame|95\/100|[from] Sandstorm\n|-damage|p2a: Ceruledge|51\/100|[from] Sandstorm\n|-damage|p2b: Amoonguss|89\/100|[from] Sandstorm\n|upkeep\n|turn|4\n|\n|t:|1682343881\n|-terastallize|p1b: Tyranitar|Flying\n|move|p2a: Ceruledge|Shadow Sneak|p1a: Talonflame\n|-damage|p1a: Talonflame|56\/100\n|move|p1a: Talonflame|Taunt|p2a: Ceruledge\n|-start|p2a: Ceruledge|move: Taunt\n|-curestatus|p1b: Tyranitar|slp|[msg]\n|move|p1b: Tyranitar|Tera Blast|p2a: Ceruledge\n|-supereffective|p2a: Ceruledge\n|-damage|p2a: Ceruledge|0 fnt\n|faint|p2a: Ceruledge\n|move|p2b: Amoonguss|Pollen Puff|p2: Ceruledge|[notarget]\n|-fail|p2b: Amoonguss\n|\n|-weather|Sandstorm|[upkeep]\n|-damage|p1a: Talonflame|50\/100|[from] Sandstorm\n|-damage|p1b: Tyranitar|56\/100|[from] Sandstorm\n|-damage|p2b: Amoonguss|83\/100|[from] Sandstorm\n|upkeep\n|turn|5\n|-message|sprossy forfeited.\n|\n|win|pipsvgc\n|raw|pipsvgc's rating: 1408 → 1427<\/strong> (+19 for winning)\n|raw|sprossy's rating: 1398 → 1379<\/strong> (-19 for losing)\n|l|\u2606sprossy\n|c|\u2606pipsvgc|gg\n","uploadtime":1682343904,"views":30,"p1id":"pipsvgc","p2id":"sprossy","formatid":"gen9vgc2023regulationc","rating":1379,"private":0,"password":""}