{"id":"gen9vgc2023regulationc-1858139882","p1":"GarchompExVgc","p2":"4soul","format":"[Gen 9] VGC 2023 Regulation C","log":"|j|\u2606GarchompExVgc\n|j|\u26064soul\n|t:|1683282108\n|gametype|doubles\n|player|p1|GarchompExVgc|iris|1392\n|player|p2|4soul|caitlin-gen4|1362\n|teamsize|p1|6\n|teamsize|p2|6\n|gen|9\n|tier|[Gen 9] VGC 2023 Regulation C\n|rated|\n|rule|Species Clause: Limit one of each Pok\u00e9mon\n|rule|Item Clause: Limit one of each item\n|clearpoke\n|poke|p1|Indeedee-F, L50, F|\n|poke|p1|Iron Hands, L50|\n|poke|p1|Brute Bonnet, L50|\n|poke|p1|Armarouge, L50, F|\n|poke|p1|Hatterene, L50, F|\n|poke|p1|Ting-Lu, L50|\n|poke|p2|Maushold-Four, L50|\n|poke|p2|Annihilape, L50, F|\n|poke|p2|Lycanroc, L50, F|\n|poke|p2|Tyranitar, L50, M|\n|poke|p2|Indeedee-F, L50, F|\n|poke|p2|Flutter Mane, L50|\n|teampreview|4\n|\n|t:|1683282147\n|start\n|switch|p1a: Takemi|Brute Bonnet, L50, shiny|100\/100\n|switch|p1b: Futaba|Hatterene, L50, F, shiny|100\/100\n|switch|p2a: Indeedee|Indeedee-F, L50, F|100\/100\n|switch|p2b: Flutter Mane|Flutter Mane, L50|100\/100\n|-fieldstart|move: Psychic Terrain|[from] ability: Psychic Surge|[of] p2a: Indeedee\n|-enditem|p2b: Flutter Mane|Booster Energy\n|-activate|p2b: Flutter Mane|ability: Protosynthesis|[fromitem]\n|-start|p2b: Flutter Mane|protosynthesisspa\n|-enditem|p1a: Takemi|Booster Energy\n|-activate|p1a: Takemi|ability: Protosynthesis|[fromitem]\n|-start|p1a: Takemi|protosynthesisatk\n|turn|1\n|\n|t:|1683282183\n|-terastallize|p2b: Flutter Mane|Fairy\n|-terastallize|p1b: Futaba|Fire\n|move|p1a: Takemi|Protect|p1a: Takemi\n|-singleturn|p1a: Takemi|Protect\n|move|p2b: Flutter Mane|Dazzling Gleam|p1b: Futaba|[spread] p1b\n|-activate|p1a: Takemi|move: Protect\n|-resisted|p1b: Futaba\n|-damage|p1b: Futaba|71\/100\n|move|p2a: Indeedee|Trick Room|p2a: Indeedee\n|-fieldstart|move: Trick Room|[of] p2a: Indeedee\n|move|p1b: Futaba|Trick Room|p1b: Futaba\n|-fieldend|move: Trick Room\n|\n|upkeep\n|turn|2\n|\n|t:|1683282209\n|-end|p1a: Takemi|Protosynthesis|[silent]\n|switch|p1a: Ann|Ting-Lu, L50|100\/100\n|-ability|p1a: Ann|Vessel of Ruin\n|move|p2a: Indeedee|Helping Hand|p2b: Flutter Mane\n|-singleturn|p2b: Flutter Mane|Helping Hand|[of] p2a: Indeedee\n|move|p2b: Flutter Mane|Dazzling Gleam|p1a: Ann|[spread] p1a,p1b\n|-supereffective|p1a: Ann\n|-resisted|p1b: Futaba\n|-damage|p1a: Ann|13\/100\n|-damage|p1b: Futaba|38\/100\n|-enditem|p1a: Ann|Sitrus Berry|[eat]\n|-heal|p1a: Ann|38\/100|[from] item: Sitrus Berry\n|move|p1b: Futaba|Psychic|p2b: Flutter Mane\n|-damage|p2b: Flutter Mane|49\/100\n|\n|upkeep\n|turn|3\n|\n|t:|1683282232\n|move|p1a: Ann|Protect|p1a: Ann\n|-singleturn|p1a: Ann|Protect\n|move|p1b: Futaba|Protect|p1b: Futaba\n|-singleturn|p1b: Futaba|Protect\n|move|p2b: Flutter Mane|Dazzling Gleam|p1b: Futaba|[spread] \n|-activate|p1a: Ann|move: Protect\n|-activate|p1b: Futaba|move: Protect\n|move|p2a: Indeedee|Psychic|p1b: Futaba\n|-activate|p1b: Futaba|move: Protect\n|\n|upkeep\n|turn|4\n|\n|t:|1683282247\n|move|p2b: Flutter Mane|Dazzling Gleam|p1a: Ann|[spread] p1a,p1b\n|-supereffective|p1a: Ann\n|-resisted|p1b: Futaba\n|-damage|p1a: Ann|0 fnt\n|-damage|p1b: Futaba|13\/100\n|faint|p1a: Ann\n|move|p2a: Indeedee|Psychic|p1b: Futaba\n|-damage|p1b: Futaba|0 fnt\n|faint|p1b: Futaba\n|\n|upkeep\n|\n|t:|1683282257\n|switch|p1a: Takemi|Brute Bonnet, L50, shiny|100\/100\n|switch|p1b: Haru|Iron Hands, L50, shiny|100\/100\n|turn|5\n|\n|t:|1683282269\n|move|p2b: Flutter Mane|Protect|p2b: Flutter Mane\n|-singleturn|p2b: Flutter Mane|Protect\n|move|p1a: Takemi|Protect|p1a: Takemi\n|-singleturn|p1a: Takemi|Protect\n|move|p2a: Indeedee|Psychic|p1b: Haru\n|-supereffective|p1b: Haru\n|-damage|p1b: Haru|61\/100\n|move|p1b: Haru|Thunder Punch|p2b: Flutter Mane\n|-activate|p2b: Flutter Mane|move: Protect\n|\n|-fieldend|move: Psychic Terrain\n|upkeep\n|turn|6\n|\n|t:|1683282285\n|move|p2a: Indeedee|Helping Hand|p2b: Flutter Mane\n|-singleturn|p2b: Flutter Mane|Helping Hand|[of] p2a: Indeedee\n|move|p2b: Flutter Mane|Dazzling Gleam|p1a: Takemi|[spread] p1a,p1b\n|-supereffective|p1a: Takemi\n|-supereffective|p1b: Haru\n|-damage|p1a: Takemi|0 fnt\n|-damage|p1b: Haru|0 fnt\n|faint|p1a: Takemi\n|-end|p1a: Takemi|Protosynthesis|[silent]\n|faint|p1b: Haru\n|-end|p1b: Haru|Quark Drive|[silent]\n|\n|win|4soul\n|raw|GarchompExVgc's rating: 1392 → 1370<\/strong> (-22 for losing)\n|raw|4soul's rating: 1362 → 1384<\/strong> (+22 for winning)\n|l|\u2606GarchompExVgc\n","uploadtime":1683282294,"views":18,"p1id":"garchompexvgc","p2id":"4soul","formatid":"gen9vgc2023regulationc","rating":1370,"private":0,"password":""}