{"id":"gen9vgc2023regulationc-1852007495","p1":"kim0626","p2":"jotapeloafrutado","format":"[Gen 9] VGC 2023 Regulation C","log":"|j|\u2606kim0626\n|j|\u2606jotapeloafrutado\n|t:|1682516180\n|gametype|doubles\n|player|p1|kim0626|266|1150\n|player|p2|jotapeloafrutado|hiker-gen4|1207\n|teamsize|p1|6\n|teamsize|p2|6\n|gen|9\n|tier|[Gen 9] VGC 2023 Regulation C\n|rated|\n|rule|Species Clause: Limit one of each Pok\u00e9mon\n|rule|Item Clause: Limit one of each item\n|clearpoke\n|poke|p1|Eelektross, L50, F|\n|poke|p1|Flutter Mane, L50|\n|poke|p1|Ting-Lu, L50|\n|poke|p1|Meowscarada, L50, M|\n|poke|p1|Salamence, L50, F|\n|poke|p1|Maushold-Four, L50|\n|poke|p2|Ting-Lu, L50|\n|poke|p2|Amoonguss, L50, F|\n|poke|p2|Garganacl, L50, F|\n|poke|p2|Arcanine, L50, F|\n|poke|p2|Roaring Moon, L50|\n|poke|p2|Iron Bundle, L50|\n|teampreview|4\n|inactive|Battle timer is ON: inactive players will automatically lose when time's up. (requested by kim0626)\n|inactive|jotapeloafrutado has 60 seconds left.\n|\n|t:|1682516250\n|start\n|switch|p1a: Meowscarada|Meowscarada, L50, M|100\/100\n|switch|p1b: Maushold|Maushold-Four, L50|100\/100\n|switch|p2a: Roaring Moon|Roaring Moon, L50|100\/100\n|switch|p2b: Ting-Lu|Ting-Lu, L50|100\/100\n|-ability|p2b: Ting-Lu|Vessel of Ruin\n|-enditem|p2a: Roaring Moon|Booster Energy\n|-activate|p2a: Roaring Moon|ability: Protosynthesis|[fromitem]\n|-start|p2a: Roaring Moon|protosynthesisatk\n|turn|1\n|\n|t:|1682516273\n|move|p1a: Meowscarada|Play Rough|p2a: Roaring Moon\n|-start|p1a: Meowscarada|typechange|Fairy|[from] ability: Protean\n|-supereffective|p2a: Roaring Moon\n|-damage|p2a: Roaring Moon|0 fnt\n|faint|p2a: Roaring Moon\n|-end|p2a: Roaring Moon|Protosynthesis|[silent]\n|move|p1b: Maushold|Super Fang|p2b: Ting-Lu\n|-damage|p2b: Ting-Lu|51\/100\n|move|p2b: Ting-Lu|Heavy Slam|p1b: Maushold\n|-damage|p1b: Maushold|49\/100\n|-enditem|p1b: Maushold|Sitrus Berry|[eat]\n|-heal|p1b: Maushold|74\/100|[from] item: Sitrus Berry\n|\n|upkeep\n|\n|t:|1682516286\n|switch|p2a: Garganacl|Garganacl, L50, F|100\/100\n|turn|2\n|\n|t:|1682516305\n|switch|p2b: Amoonguss|Amoonguss, L50, F|100\/100\n|-terastallize|p2a: Garganacl|Ghost\n|move|p1a: Meowscarada|Play Rough|p2b: Amoonguss\n|-resisted|p2b: Amoonguss\n|-damage|p2b: Amoonguss|84\/100\n|move|p1b: Maushold|Super Fang|p2a: Garganacl\n|-immune|p2a: Garganacl\n|move|p2a: Garganacl|Salt Cure|p1a: Meowscarada\n|-damage|p1a: Meowscarada|84\/100\n|-start|p1a: Meowscarada|Salt Cure\n|\n|-damage|p1a: Meowscarada|72\/100|[from] Salt Cure\n|upkeep\n|turn|3\n|inactive|jotapeloafrutado has 30 seconds left.\n|\n|t:|1682516333\n|switch|p1a: Eelektross|Eelektross, L50, F|100\/100\n|move|p2b: Amoonguss|Protect|p2b: Amoonguss\n|-singleturn|p2b: Amoonguss|Protect\n|move|p1b: Maushold|Taunt|p2b: Amoonguss\n|-activate|p2b: Amoonguss|move: Protect\n|move|p2a: Garganacl|Salt Cure|p1b: Maushold\n|-damage|p1b: Maushold|54\/100\n|-start|p1b: Maushold|Salt Cure\n|\n|-damage|p1b: Maushold|41\/100|[from] Salt Cure\n|upkeep\n|turn|4\n|\n|t:|1682516355\n|move|p1b: Maushold|Taunt|p2b: Amoonguss\n|-start|p2b: Amoonguss|move: Taunt\n|move|p1a: Eelektross|Zap Cannon|p2a: Garganacl\n|-damage|p2a: Garganacl|74\/100\n|move|p2a: Garganacl|Salt Cure|p1a: Eelektross\n|-damage|p1a: Eelektross|90\/100\n|-start|p1a: Eelektross|Salt Cure\n|cant|p2b: Amoonguss|move: Taunt|Spore\n|\n|-heal|p1a: Eelektross|96\/100|[from] item: Leftovers\n|-heal|p2a: Garganacl|80\/100|[from] item: Leftovers\n|-damage|p1b: Maushold|29\/100|[from] Salt Cure\n|-damage|p1a: Eelektross|83\/100|[from] Salt Cure\n|upkeep\n|turn|5\n|inactive|jotapeloafrutado has 30 seconds left.\n|\n|t:|1682516383\n|move|p1b: Maushold|Super Fang|p2b: Amoonguss\n|-damage|p2b: Amoonguss|42\/100\n|-enditem|p2b: Amoonguss|Sitrus Berry|[eat]\n|-heal|p2b: Amoonguss|67\/100|[from] item: Sitrus Berry\n|move|p1a: Eelektross|Drain Punch|p2b: Amoonguss\n|-resisted|p2b: Amoonguss\n|-damage|p2b: Amoonguss|60\/100\n|-heal|p1a: Eelektross|87\/100|[from] drain|[of] p2b: Amoonguss\n|move|p2a: Garganacl|Salt Cure|p1b: Maushold\n|-damage|p1b: Maushold|11\/100\n|move|p2b: Amoonguss|Pollen Puff|p1b: Maushold\n|-damage|p1b: Maushold|0 fnt\n|faint|p1b: Maushold\n|\n|-heal|p1a: Eelektross|94\/100|[from] item: Leftovers\n|-heal|p2a: Garganacl|86\/100|[from] item: Leftovers\n|-damage|p1a: Eelektross|81\/100|[from] Salt Cure\n|upkeep\n|\n|t:|1682516389\n|switch|p1b: Salamence|Salamence, L50, F|100\/100\n|-ability|p1b: Salamence|Intimidate|boost\n|-unboost|p2a: Garganacl|atk|1\n|-unboost|p2b: Amoonguss|atk|1\n|turn|6\n|inactive|jotapeloafrutado has 30 seconds left.\n|\n|t:|1682516414\n|switch|p2b: Ting-Lu|Ting-Lu, L50|51\/100\n|-ability|p2b: Ting-Lu|Vessel of Ruin\n|move|p1b: Salamence|Protect|p1b: Salamence\n|-singleturn|p1b: Salamence|Protect\n|move|p1a: Eelektross|Zap Cannon|p2b: Ting-Lu\n|-immune|p2b: Ting-Lu\n|move|p2a: Garganacl|Salt Cure|p1b: Salamence\n|-activate|p1b: Salamence|move: Protect\n|\n|-heal|p1a: Eelektross|87\/100|[from] item: Leftovers\n|-heal|p2a: Garganacl|91\/100|[from] item: Leftovers\n|-damage|p1a: Eelektross|75\/100|[from] Salt Cure\n|upkeep\n|turn|7\n|\n|t:|1682516436\n|move|p1b: Salamence|Air Slash|p2a: Garganacl\n|-damage|p2a: Garganacl|72\/100\n|move|p1a: Eelektross|Drain Punch|p2b: Ting-Lu\n|-supereffective|p2b: Ting-Lu\n|-damage|p2b: Ting-Lu|28\/100\n|-heal|p1a: Eelektross|90\/100|[from] drain|[of] p2b: Ting-Lu\n|move|p2b: Ting-Lu|Sand Tomb|p1a: Eelektross\n|-immune|p1a: Eelektross|[from] ability: Levitate\n|move|p2a: Garganacl|Salt Cure|p1b: Salamence\n|-supereffective|p1b: Salamence\n|-damage|p1b: Salamence|80\/100\n|-start|p1b: Salamence|Salt Cure\n|\n|-heal|p1a: Eelektross|96\/100|[from] item: Leftovers\n|-heal|p2a: Garganacl|78\/100|[from] item: Leftovers\n|-damage|p1b: Salamence|67\/100|[from] Salt Cure\n|-damage|p1a: Eelektross|84\/100|[from] Salt Cure\n|upkeep\n|turn|8\n|\n|t:|1682516460\n|move|p1b: Salamence|Air Slash|p2a: Garganacl\n|-damage|p2a: Garganacl|57\/100\n|move|p1a: Eelektross|Drain Punch|p2b: Ting-Lu\n|-supereffective|p2b: Ting-Lu\n|-damage|p2b: Ting-Lu|5\/100\n|-heal|p1a: Eelektross|99\/100|[from] drain|[of] p2b: Ting-Lu\n|move|p2b: Ting-Lu|Heavy Slam|p1b: Salamence\n|-damage|p1b: Salamence|26\/100\n|-damage|p2b: Ting-Lu|0 fnt|[from] item: Rocky Helmet|[of] p1b: Salamence\n|faint|p2b: Ting-Lu\n|move|p2a: Garganacl|Stealth Rock|p1b: Salamence\n|-sidestart|p1: kim0626|move: Stealth Rock\n|\n|-heal|p1a: Eelektross|100\/100|[from] item: Leftovers\n|-heal|p2a: Garganacl|63\/100|[from] item: Leftovers\n|-damage|p1b: Salamence|13\/100|[from] Salt Cure\n|-damage|p1a: Eelektross|88\/100|[from] Salt Cure\n|upkeep\n|\n|t:|1682516478\n|switch|p2b: Amoonguss|Amoonguss, L50, F|93\/100\n|turn|9\n|\n|t:|1682516490\n|move|p2b: Amoonguss|Protect|p2b: Amoonguss\n|-singleturn|p2b: Amoonguss|Protect\n|move|p1b: Salamence|Air Slash|p2b: Amoonguss\n|-activate|p2b: Amoonguss|move: Protect\n|move|p1a: Eelektross|Zap Cannon|p2b: Amoonguss\n|-activate|p2b: Amoonguss|move: Protect\n|move|p2a: Garganacl|Recover|p2a: Garganacl\n|-heal|p2a: Garganacl|100\/100\n|\n|-heal|p1a: Eelektross|94\/100|[from] item: Leftovers\n|-damage|p1b: Salamence|1\/100|[from] Salt Cure\n|-damage|p1a: Eelektross|82\/100|[from] Salt Cure\n|upkeep\n|turn|10\n|\n|t:|1682516514\n|move|p2b: Amoonguss|Protect||[still]\n|-fail|p2b: Amoonguss\n|move|p1b: Salamence|Air Slash|p2b: Amoonguss\n|-supereffective|p2b: Amoonguss\n|-damage|p2b: Amoonguss|19\/100\n|move|p1a: Eelektross|Zap Cannon|p2b: Amoonguss\n|-resisted|p2b: Amoonguss\n|-damage|p2b: Amoonguss|0 fnt\n|faint|p2b: Amoonguss\n|move|p2a: Garganacl|Salt Cure|p1a: Eelektross\n|-damage|p1a: Eelektross|71\/100\n|\n|-heal|p1a: Eelektross|77\/100|[from] item: Leftovers\n|-damage|p1b: Salamence|0 fnt|[from] Salt Cure\n|faint|p1b: Salamence\n|-damage|p1a: Eelektross|65\/100|[from] Salt Cure\n|upkeep\n|\n|t:|1682516521\n|switch|p1b: Meowscarada|Meowscarada, L50, M|72\/100\n|-damage|p1b: Meowscarada|60\/100|[from] Stealth Rock\n|turn|11\n|\n|t:|1682516531\n|move|p1b: Meowscarada|Knock Off|p2a: Garganacl\n|-start|p1b: Meowscarada|typechange|Dark|[from] ability: Protean\n|-supereffective|p2a: Garganacl\n|-damage|p2a: Garganacl|36\/100\n|-enditem|p2a: Garganacl|Leftovers|[from] move: Knock Off|[of] p1b: Meowscarada\n|move|p1a: Eelektross|Stomping Tantrum|p2a: Garganacl\n|-damage|p2a: Garganacl|23\/100\n|move|p2a: Garganacl|Salt Cure|p1b: Meowscarada\n|-damage|p1b: Meowscarada|46\/100\n|-start|p1b: Meowscarada|Salt Cure\n|\n|-heal|p1a: Eelektross|71\/100|[from] item: Leftovers\n|-damage|p1b: Meowscarada|34\/100|[from] Salt Cure\n|-damage|p1a: Eelektross|58\/100|[from] Salt Cure\n|upkeep\n|turn|12\n|\n|t:|1682516547\n|move|p2a: Garganacl|Protect|p2a: Garganacl\n|-singleturn|p2a: Garganacl|Protect\n|move|p1b: Meowscarada|Knock Off|p2a: Garganacl\n|-activate|p2a: Garganacl|move: Protect\n|move|p1a: Eelektross|Stomping Tantrum|p2a: Garganacl\n|-activate|p2a: Garganacl|move: Protect\n|\n|-heal|p1a: Eelektross|65\/100|[from] item: Leftovers\n|-damage|p1b: Meowscarada|22\/100|[from] Salt Cure\n|-damage|p1a: Eelektross|52\/100|[from] Salt Cure\n|upkeep\n|turn|13\n|\n|t:|1682516560\n|move|p2a: Garganacl|Protect|p2a: Garganacl\n|-singleturn|p2a: Garganacl|Protect\n|move|p1b: Meowscarada|Knock Off|p2a: Garganacl\n|-activate|p2a: Garganacl|move: Protect\n|move|p1a: Eelektross|Stomping Tantrum|p2a: Garganacl\n|-activate|p2a: Garganacl|move: Protect\n|\n|-heal|p1a: Eelektross|58\/100|[from] item: Leftovers\n|-damage|p1b: Meowscarada|10\/100|[from] Salt Cure\n|-damage|p1a: Eelektross|46\/100|[from] Salt Cure\n|upkeep\n|turn|14\n|\n|t:|1682516579\n|move|p2a: Garganacl|Protect|p2a: Garganacl\n|-singleturn|p2a: Garganacl|Protect\n|move|p1b: Meowscarada|Knock Off|p2a: Garganacl\n|-activate|p2a: Garganacl|move: Protect\n|move|p1a: Eelektross|Stomping Tantrum|p2a: Garganacl\n|-activate|p2a: Garganacl|move: Protect\n|\n|-heal|p1a: Eelektross|52\/100|[from] item: Leftovers\n|-damage|p1b: Meowscarada|0 fnt|[from] Salt Cure\n|faint|p1b: Meowscarada\n|-damage|p1a: Eelektross|40\/100|[from] Salt Cure\n|upkeep\n|turn|15\n|\n|t:|1682516593\n|move|p1a: Eelektross|Stomping Tantrum|p2a: Garganacl\n|-damage|p2a: Garganacl|8\/100\n|move|p2a: Garganacl|Recover|p2a: Garganacl\n|-heal|p2a: Garganacl|58\/100\n|\n|-heal|p1a: Eelektross|46\/100|[from] item: Leftovers\n|-damage|p1a: Eelektross|33\/100|[from] Salt Cure\n|upkeep\n|turn|16\n|-message|kim0626 forfeited.\n|\n|win|jotapeloafrutado\n|raw|kim0626's rating: 1150 → 1129<\/strong> (-21 for losing)\n|raw|jotapeloafrutado's rating: 1207 → 1228<\/strong> (+21 for winning)\n|l|\u2606kim0626\n|c|\u2606jotapeloafrutado|gg\n","uploadtime":1682516608,"views":11,"p1id":"kim0626","p2id":"jotapeloafrutado","formatid":"gen9vgc2023regulationc","rating":1129,"private":0,"password":""}