{"id":"gen9vgc2023regulationc-1855735058","p1":"Ytterby","p2":"Oonga Boonga King","format":"[Gen 9] VGC 2023 Regulation C","log":"|j|\u2606Ytterby\n|j|\u2606Oonga Boonga King\n|t:|1682978154\n|gametype|doubles\n|player|p1|Ytterby|brycenman|1180\n|player|p2|Oonga Boonga King|169|1148\n|teamsize|p1|6\n|teamsize|p2|6\n|gen|9\n|tier|[Gen 9] VGC 2023 Regulation C\n|rated|\n|rule|Species Clause: Limit one of each Pok\u00e9mon\n|rule|Item Clause: Limit one of each item\n|clearpoke\n|poke|p1|Flutter Mane, L50|\n|poke|p1|Arcanine, L50, F|\n|poke|p1|Torkoal, L50, M|\n|poke|p1|Maushold, L50|\n|poke|p1|Annihilape, L50, M|\n|poke|p1|Noivern, L50, M|\n|poke|p2|Dachsbun, L50, M|\n|poke|p2|Chi-Yu, L50|\n|poke|p2|Flutter Mane, L50|\n|poke|p2|Amoonguss, L50, M|\n|poke|p2|Tauros-Paldea-Aqua, L50, M|\n|poke|p2|Ting-Lu, L50|\n|teampreview|4\n|\n|t:|1682978196\n|start\n|switch|p1a: Farter Man|Flutter Mane, L50|100\/100\n|switch|p1b: Torkoal|Torkoal, L50, M|100\/100\n|switch|p2a: Chi-Yu|Chi-Yu, L50|100\/100\n|switch|p2b: Dachsbun|Dachsbun, L50, M, shiny|100\/100\n|-ability|p2a: Chi-Yu|Beads of Ruin\n|-weather|SunnyDay|[from] ability: Drought|[of] p1b: Torkoal\n|-activate|p1a: Farter Man|ability: Protosynthesis\n|-start|p1a: Farter Man|protosynthesisspe\n|turn|1\n|\n|t:|1682978234\n|-terastallize|p2b: Dachsbun|Steel\n|move|p1a: Farter Man|Protect|p1a: Farter Man\n|-singleturn|p1a: Farter Man|Protect\n|move|p2a: Chi-Yu|Lava Plume|p1a: Farter Man|[spread] p1b\n|-activate|p1a: Farter Man|move: Protect\n|-ability|p2b: Dachsbun|Well-Baked Body|boost\n|-boost|p2b: Dachsbun|def|2\n|-resisted|p1b: Torkoal\n|-damage|p1b: Torkoal|71\/100\n|move|p2b: Dachsbun|Tera Blast|p1a: Farter Man\n|-activate|p1a: Farter Man|move: Protect\n|move|p1b: Torkoal|Earth Power|p2a: Chi-Yu\n|-supereffective|p2a: Chi-Yu\n|-damage|p2a: Chi-Yu|39\/100\n|\n|-weather|SunnyDay|[upkeep]\n|upkeep\n|turn|2\n|\n|t:|1682978269\n|-end|p1a: Farter Man|Protosynthesis|[silent]\n|switch|p1a: Arcanine|Arcanine, L50, F|100\/100\n|-ability|p1a: Arcanine|Intimidate|boost\n|-unboost|p2a: Chi-Yu|atk|1\n|-unboost|p2b: Dachsbun|atk|1\n|move|p2a: Chi-Yu|Lava Plume|p1b: Torkoal|[spread] p1a,p1b\n|-ability|p2b: Dachsbun|Well-Baked Body|boost\n|-boost|p2b: Dachsbun|def|2\n|-resisted|p1a: Arcanine\n|-resisted|p1b: Torkoal\n|-damage|p1a: Arcanine|62\/100\n|-damage|p1b: Torkoal|46\/100\n|move|p2b: Dachsbun|Body Press|p1b: Torkoal\n|-damage|p1b: Torkoal|0 fnt\n|faint|p1b: Torkoal\n|\n|-weather|SunnyDay|[upkeep]\n|upkeep\n|\n|t:|1682978285\n|switch|p1b: Farter Man|Flutter Mane, L50|100\/100\n|-activate|p1b: Farter Man|ability: Protosynthesis\n|-start|p1b: Farter Man|protosynthesisspe\n|turn|3\n|\n|t:|1682978305\n|move|p1b: Farter Man|Protect|p1b: Farter Man\n|-singleturn|p1b: Farter Man|Protect\n|move|p2a: Chi-Yu|Lava Plume|p1b: Farter Man|[spread] p1a\n|-activate|p1b: Farter Man|move: Protect\n|-ability|p2b: Dachsbun|Well-Baked Body|boost\n|-boost|p2b: Dachsbun|def|2\n|-resisted|p1a: Arcanine\n|-damage|p1a: Arcanine|26\/100\n|move|p1a: Arcanine|Snarl|p2a: Chi-Yu|[spread] p2a,p2b\n|-resisted|p2a: Chi-Yu\n|-damage|p2a: Chi-Yu|31\/100\n|-damage|p2b: Dachsbun|84\/100\n|-unboost|p2a: Chi-Yu|spa|1\n|-unboost|p2b: Dachsbun|spa|1\n|move|p2b: Dachsbun|Body Press|p1a: Arcanine\n|-damage|p1a: Arcanine|0 fnt\n|faint|p1a: Arcanine\n|\n|-weather|SunnyDay|[upkeep]\n|-heal|p2b: Dachsbun|90\/100|[from] item: Leftovers\n|upkeep\n|\n|t:|1682978319\n|switch|p1a: Annihilape|Annihilape, L50, M|100\/100\n|turn|4\n|\n|t:|1682978353\n|move|p2b: Dachsbun|Protect|p2b: Dachsbun\n|-singleturn|p2b: Dachsbun|Protect\n|move|p1b: Farter Man|Shadow Ball|p2b: Dachsbun\n|-activate|p2b: Dachsbun|move: Protect\n|move|p2a: Chi-Yu|Lava Plume|p1a: Annihilape|[spread] p1a,p1b\n|-activate|p2b: Dachsbun|move: Protect\n|-damage|p1a: Annihilape|60\/100\n|-damage|p1b: Farter Man|54\/100\n|-status|p1b: Farter Man|brn\n|move|p1a: Annihilape|Rock Slide|p2a: Chi-Yu|[spread] p2a\n|-activate|p2b: Dachsbun|move: Protect\n|-supereffective|p2a: Chi-Yu\n|-damage|p2a: Chi-Yu|0 fnt\n|faint|p2a: Chi-Yu\n|\n|-weather|SunnyDay|[upkeep]\n|-heal|p2b: Dachsbun|96\/100|[from] item: Leftovers\n|-damage|p1b: Farter Man|48\/100 brn|[from] brn\n|upkeep\n|\n|t:|1682978369\n|switch|p2a: Flutter Mane|Flutter Mane, L50, shiny|100\/100\n|-activate|p2a: Flutter Mane|ability: Protosynthesis\n|-start|p2a: Flutter Mane|protosynthesisspe\n|turn|5\n|\n|t:|1682978392\n|-terastallize|p1a: Annihilape|Ghost\n|move|p1b: Farter Man|Protect|p1b: Farter Man\n|-singleturn|p1b: Farter Man|Protect\n|move|p2a: Flutter Mane|Shadow Ball|p1b: Farter Man\n|-activate|p1b: Farter Man|move: Protect\n|move|p1a: Annihilape|Rock Slide|p2b: Dachsbun|[spread] p2a,p2b\n|-resisted|p2b: Dachsbun\n|-damage|p2a: Flutter Mane|60\/100\n|-damage|p2b: Dachsbun|94\/100\n|move|p2b: Dachsbun|Play Rough|p1a: Annihilape\n|-damage|p1a: Annihilape|41\/100\n|-unboost|p1a: Annihilape|atk|1\n|\n|-weather|none\n|-end|p1b: Farter Man|Protosynthesis\n|-end|p2a: Flutter Mane|Protosynthesis\n|-heal|p2b: Dachsbun|99\/100|[from] item: Leftovers\n|-damage|p1b: Farter Man|42\/100 brn|[from] brn\n|upkeep\n|turn|6\n|\n|t:|1682978417\n|move|p2a: Flutter Mane|Protect|p2a: Flutter Mane\n|-singleturn|p2a: Flutter Mane|Protect\n|move|p1a: Annihilape|Rock Slide|p2a: Flutter Mane|[spread] \n|-activate|p2a: Flutter Mane|move: Protect\n|-miss|p1a: Annihilape|p2b: Dachsbun\n|move|p1b: Farter Man|Shadow Ball|p2b: Dachsbun\n|-damage|p2b: Dachsbun|41\/100\n|-damage|p1b: Farter Man|32\/100 brn|[from] item: Life Orb\n|move|p2b: Dachsbun|Tera Blast|p1b: Farter Man\n|-supereffective|p1b: Farter Man\n|-damage|p1b: Farter Man|0 fnt\n|faint|p1b: Farter Man\n|-end|p1b: Farter Man|Protosynthesis|[silent]\n|\n|-heal|p2b: Dachsbun|47\/100|[from] item: Leftovers\n|upkeep\n|turn|7\n|\n|t:|1682978435\n|move|p1a: Annihilape|Rock Slide|p2b: Dachsbun|[spread] p2a,p2b\n|-resisted|p2b: Dachsbun\n|-damage|p2a: Flutter Mane|33\/100\n|-damage|p2b: Dachsbun|46\/100\n|cant|p2a: Flutter Mane|flinch\n|move|p2b: Dachsbun|Tera Blast|p1a: Annihilape\n|-damage|p1a: Annihilape|24\/100\n|\n|-heal|p2b: Dachsbun|52\/100|[from] item: Leftovers\n|upkeep\n|turn|8\n|\n|t:|1682978447\n|move|p1a: Annihilape|Rock Slide|p2a: Flutter Mane|[spread] p2a,p2b\n|-resisted|p2b: Dachsbun\n|-damage|p2a: Flutter Mane|6\/100\n|-damage|p2b: Dachsbun|50\/100\n|move|p2a: Flutter Mane|Shadow Ball|p1a: Annihilape\n|-supereffective|p1a: Annihilape\n|-damage|p1a: Annihilape|0 fnt\n|faint|p1a: Annihilape\n|\n|win|Oonga Boonga King\n|raw|Ytterby's rating: 1180 → 1153<\/strong> (-27 for losing)\n|raw|Oonga Boonga King's rating: 1148 → 1175<\/strong> (+27 for winning)\n|c|\u2606Ytterby|ggwp\n|c|\u2606Oonga Boonga King|Scarf ape?\n|c|\u2606Ytterby|ye\n|c|\u2606Oonga Boonga King|Didnt realize till last turn but ggs homie\n|l|\u2606Oonga Boonga King\n|c|\u2606Ytterby|you too\n","uploadtime":1682978485,"views":14,"p1id":"ytterby","p2id":"oongaboongaking","formatid":"gen9vgc2023regulationc","rating":1153,"private":0,"password":""}