{"id":"gen9vgc2023regulationc-1864149803","p1":"mdyfeiju","p2":"Sloth diesel","format":"[Gen 9] VGC 2023 Regulation C","log":"|j|\u2606mdyfeiju\n|j|\u2606Sloth diesel\n|t:|1684125277\n|gametype|doubles\n|player|p1|mdyfeiju|2|1128\n|player|p2|Sloth diesel|skier|1145\n|teamsize|p1|6\n|teamsize|p2|6\n|gen|9\n|tier|[Gen 9] VGC 2023 Regulation C\n|rated|\n|rule|Species Clause: Limit one of each Pok\u00e9mon\n|rule|Item Clause: Limit one of each item\n|clearpoke\n|poke|p1|Arcanine, L50, M|\n|poke|p1|Chien-Pao, L50|\n|poke|p1|Palafin, L50, F|\n|poke|p1|Amoonguss, L50, F|\n|poke|p1|Flutter Mane, L50|\n|poke|p1|Annihilape, L50, F|\n|poke|p2|Pelipper, L50, F|\n|poke|p2|Azumarill, L50, F|\n|poke|p2|Arcanine, L50, F|\n|poke|p2|Amoonguss, L50, F|\n|poke|p2|Flutter Mane, L50|\n|poke|p2|Iron Hands, L50|\n|teampreview|4\n|\n|t:|1684125366\n|start\n|switch|p1a: Flutter Mane|Flutter Mane, L50|100\/100\n|switch|p1b: Palafin|Palafin, L50, F|100\/100\n|switch|p2a: Arcanine|Arcanine, L50, F, shiny|100\/100\n|switch|p2b: Azumarill|Azumarill, L50, F, shiny|100\/100\n|-ability|p2a: Arcanine|Intimidate|boost\n|-unboost|p1a: Flutter Mane|atk|1\n|-unboost|p1b: Palafin|atk|1\n|-enditem|p1a: Flutter Mane|Booster Energy\n|-activate|p1a: Flutter Mane|ability: Protosynthesis|[fromitem]\n|-start|p1a: Flutter Mane|protosynthesisspe\n|turn|1\n|l|\u2606mdyfeiju\n|player|p1|\n|j|\u2606mdyfeiju\n|player|p1|mdyfeiju|2\n|\n|t:|1684125436\n|detailschange|p1b: Palafin|Palafin-Hero, L50, F\n|switch|p1b: Arcanine|Arcanine, L50, M|100\/100\n|-ability|p1b: Arcanine|Intimidate|boost\n|-unboost|p2a: Arcanine|atk|1\n|-unboost|p2b: Azumarill|atk|1\n|switch|p2b: Pelipper|Pelipper, L50, F, shiny|100\/100\n|-weather|RainDance|[from] ability: Drizzle|[of] p2b: Pelipper\n|-terastallize|p2a: Arcanine|Grass\n|move|p1a: Flutter Mane|Energy Ball|p2b: Pelipper\n|-damage|p2b: Pelipper|54\/100\n|move|p2a: Arcanine|Will-O-Wisp|p1b: Arcanine|[miss]\n|-miss|p2a: Arcanine|p1b: Arcanine\n|\n|-weather|RainDance|[upkeep]\n|upkeep\n|turn|2\n|\n|t:|1684125481\n|switch|p1b: Palafin|Palafin-Hero, L50, F|100\/100\n|-activate|p1b: Palafin|ability: Zero to Hero\n|switch|p2b: Iron Hands|Iron Hands, L50, shiny|100\/100\n|move|p1a: Flutter Mane|Moonblast|p2b: Iron Hands\n|-supereffective|p2b: Iron Hands\n|-damage|p2b: Iron Hands|35\/100\n|move|p2a: Arcanine|Howl|p2a: Arcanine|[spread] p2a,p2b\n|-boost|p2a: Arcanine|atk|1\n|-boost|p2b: Iron Hands|atk|1\n|\n|-weather|RainDance|[upkeep]\n|upkeep\n|turn|3\n|\n|t:|1684125533\n|switch|p1b: Arcanine|Arcanine, L50, M|100\/100\n|-ability|p1b: Arcanine|Intimidate|boost\n|-unboost|p2a: Arcanine|atk|1\n|-unboost|p2b: Iron Hands|atk|1\n|move|p1a: Flutter Mane|Energy Ball|p2b: Iron Hands\n|-damage|p2b: Iron Hands|16\/100\n|move|p2a: Arcanine|Will-O-Wisp|p1b: Arcanine\n|-immune|p1b: Arcanine\n|move|p2b: Iron Hands|Drain Punch|p1b: Arcanine\n|-damage|p1b: Arcanine|53\/100\n|-heal|p2b: Iron Hands|34\/100|[from] drain|[of] p1b: Arcanine\n|\n|-weather|RainDance|[upkeep]\n|upkeep\n|turn|4\n|\n|t:|1684125561\n|move|p1b: Arcanine|Protect|p1b: Arcanine\n|-singleturn|p1b: Arcanine|Protect\n|move|p2a: Arcanine|Extreme Speed|p1b: Arcanine\n|-activate|p1b: Arcanine|move: Protect\n|move|p1a: Flutter Mane|Moonblast|p2b: Iron Hands\n|-supereffective|p2b: Iron Hands\n|-damage|p2b: Iron Hands|0 fnt\n|faint|p2b: Iron Hands\n|-end|p2b: Iron Hands|Quark Drive|[silent]\n|\n|-weather|RainDance|[upkeep]\n|upkeep\n|\n|t:|1684125577\n|switch|p2b: Azumarill|Azumarill, L50, F, shiny|100\/100\n|turn|5\n|\n|t:|1684125595\n|switch|p1b: Amoonguss|Amoonguss, L50, F|100\/100\n|move|p2a: Arcanine|Extreme Speed|p1b: Amoonguss\n|-damage|p1b: Amoonguss|83\/100\n|move|p2b: Azumarill|Aqua Jet|p1a: Flutter Mane\n|-damage|p1a: Flutter Mane|0 fnt\n|faint|p1a: Flutter Mane\n|-end|p1a: Flutter Mane|Protosynthesis|[silent]\n|-damage|p2b: Azumarill|91\/100|[from] item: Life Orb\n|\n|-weather|none\n|upkeep\n|\n|t:|1684125609\n|switch|p1a: Palafin|Palafin-Hero, L50, F|100\/100\n|turn|6\n|\n|t:|1684125637\n|move|p2b: Azumarill|Protect|p2b: Azumarill\n|-singleturn|p2b: Azumarill|Protect\n|move|p1a: Palafin|Wave Crash|p2b: Azumarill\n|-activate|p2b: Azumarill|move: Protect\n|move|p2a: Arcanine|Flare Blitz|p1b: Amoonguss\n|-supereffective|p1b: Amoonguss\n|-damage|p1b: Amoonguss|2\/100\n|-damage|p2a: Arcanine|70\/100|[from] Recoil\n|move|p1b: Amoonguss|Spore|p2b: Azumarill\n|-activate|p2b: Azumarill|move: Protect\n|\n|upkeep\n|turn|7\n|\n|t:|1684125659\n|move|p1b: Amoonguss|Protect|p1b: Amoonguss\n|-singleturn|p1b: Amoonguss|Protect\n|move|p2b: Azumarill|Aqua Jet|p1b: Amoonguss\n|-activate|p1b: Amoonguss|move: Protect\n|move|p1a: Palafin|Wave Crash|p2b: Azumarill\n|-resisted|p2b: Azumarill\n|-damage|p2b: Azumarill|44\/100\n|-damage|p1a: Palafin|85\/100|[from] Recoil\n|move|p2a: Arcanine|Will-O-Wisp|p1a: Palafin\n|-status|p1a: Palafin|brn\n|\n|-damage|p1a: Palafin|79\/100 brn|[from] brn\n|upkeep\n|turn|8\n|\n|t:|1684125689\n|switch|p1b: Arcanine|Arcanine, L50, M|53\/100\n|-ability|p1b: Arcanine|Intimidate|boost\n|-unboost|p2a: Arcanine|atk|1\n|-unboost|p2b: Azumarill|atk|1\n|move|p2a: Arcanine|Extreme Speed|p1a: Palafin\n|-damage|p1a: Palafin|68\/100 brn\n|move|p2b: Azumarill|Aqua Jet|p1b: Arcanine\n|-supereffective|p1b: Arcanine\n|-damage|p1b: Arcanine|4\/100\n|-damage|p2b: Azumarill|35\/100|[from] item: Life Orb\n|move|p1a: Palafin|Wave Crash|p2b: Azumarill\n|-resisted|p2b: Azumarill\n|-damage|p2b: Azumarill|9\/100\n|-damage|p1a: Palafin|60\/100 brn|[from] Recoil\n|\n|-damage|p1a: Palafin|54\/100 brn|[from] brn\n|upkeep\n|turn|9\n|\n|t:|1684125723\n|switch|p1b: Amoonguss|Amoonguss, L50, F|35\/100\n|-terastallize|p1a: Palafin|Water\n|move|p2b: Azumarill|Protect|p2b: Azumarill\n|-singleturn|p2b: Azumarill|Protect\n|move|p1a: Palafin|Jet Punch|p2b: Azumarill\n|-activate|p2b: Azumarill|move: Protect\n|move|p2a: Arcanine|Howl|p2a: Arcanine|[spread] p2a,p2b\n|-boost|p2a: Arcanine|atk|1\n|-boost|p2b: Azumarill|atk|1\n|\n|-damage|p1a: Palafin|48\/100 brn|[from] brn\n|upkeep\n|turn|10\n|\n|t:|1684125771\n|switch|p1b: Arcanine|Arcanine, L50, M|4\/100\n|-ability|p1b: Arcanine|Intimidate|boost\n|-unboost|p2a: Arcanine|atk|1\n|-unboost|p2b: Azumarill|atk|1\n|move|p1a: Palafin|Jet Punch|p2b: Azumarill\n|-resisted|p2b: Azumarill\n|-damage|p2b: Azumarill|0 fnt\n|faint|p2b: Azumarill\n|move|p2a: Arcanine|Flare Blitz|p1b: Arcanine\n|-resisted|p1b: Arcanine\n|-damage|p1b: Arcanine|0 fnt\n|faint|p1b: Arcanine\n|-damage|p2a: Arcanine|69\/100|[from] Recoil\n|\n|-damage|p1a: Palafin|42\/100 brn|[from] brn\n|upkeep\n|\n|t:|1684125787\n|switch|p1b: Amoonguss|Amoonguss, L50, F|68\/100\n|switch|p2b: Pelipper|Pelipper, L50, F, shiny|54\/100\n|-weather|RainDance|[from] ability: Drizzle|[of] p2b: Pelipper\n|turn|11\n|\n|t:|1684125821\n|move|p1b: Amoonguss|Protect|p1b: Amoonguss\n|-singleturn|p1b: Amoonguss|Protect\n|move|p2a: Arcanine|Extreme Speed|p1a: Palafin\n|-damage|p1a: Palafin|31\/100 brn\n|move|p1a: Palafin|Wave Crash|p2b: Pelipper\n|-resisted|p2b: Pelipper\n|-damage|p2b: Pelipper|1\/100\n|-damage|p1a: Palafin|17\/100 brn|[from] Recoil\n|move|p2b: Pelipper|Hurricane|p1b: Amoonguss\n|-activate|p1b: Amoonguss|move: Protect\n|\n|-weather|RainDance|[upkeep]\n|-damage|p1a: Palafin|11\/100 brn|[from] brn\n|upkeep\n|turn|12\n|\n|t:|1684125861\n|move|p2a: Arcanine|Extreme Speed|p1a: Palafin\n|-damage|p1a: Palafin|0 fnt\n|faint|p1a: Palafin\n|move|p2b: Pelipper|Hurricane|p1b: Amoonguss\n|-supereffective|p1b: Amoonguss\n|-damage|p1b: Amoonguss|0 fnt\n|faint|p1b: Amoonguss\n|\n|win|Sloth diesel\n|raw|mdyfeiju's rating: 1128 → 1104<\/strong> (-24 for losing)\n|raw|Sloth diesel's rating: 1145 → 1169<\/strong> (+24 for winning)\n|l|\u2606mdyfeiju\n","uploadtime":1684125875,"views":6,"p1id":"mdyfeiju","p2id":"slothdiesel","formatid":"gen9vgc2023regulationc","rating":1104,"private":0,"password":""}