{"id":"gen9vgc2023regulationc-1845269458","p1":"uhoh I poopd","p2":"BURANYA","format":"[Gen 9] VGC 2023 Regulation C","log":"|j|\u2606uhoh I poopd\n|j|\u2606BURANYA\n|t:|1681705053\n|gametype|doubles\n|player|p1|uhoh I poopd|colress|1159\n|player|p2|BURANYA|alder|1230\n|teamsize|p1|6\n|teamsize|p2|6\n|gen|9\n|tier|[Gen 9] VGC 2023 Regulation C\n|rated|\n|rule|Species Clause: Limit one of each Pok\u00e9mon\n|rule|Item Clause: Limit one of each item\n|clearpoke\n|poke|p1|Masquerain, L50, F|\n|poke|p1|Coalossal, L50, M|\n|poke|p1|Ting-Lu, L50|\n|poke|p1|Amoonguss, L50, F|\n|poke|p1|Arcanine, L50, M|\n|poke|p1|Palafin, L50, M|\n|poke|p2|Volcarona, L50, M|\n|poke|p2|Amoonguss, L50, F|\n|poke|p2|Chien-Pao, L50|\n|poke|p2|Dragonite, L50, M|\n|poke|p2|Palafin, L50, F|\n|poke|p2|Tinkaton, L50, F|\n|teampreview|4\n|\n|t:|1681705095\n|start\n|switch|p1a: Palafin|Palafin, L50, M|100\/100\n|switch|p1b: Toad|Amoonguss, L50, F|100\/100\n|switch|p2a: Amoonguss|Amoonguss, L50, F|100\/100\n|switch|p2b: Palafin|Palafin, L50, F|100\/100\n|turn|1\n|inactive|Battle timer is ON: inactive players will automatically lose when time's up. (requested by BURANYA)\n|\n|t:|1681705125\n|move|p2b: Palafin|Protect|p2b: Palafin\n|-singleturn|p2b: Palafin|Protect\n|move|p1a: Palafin|Protect|p1a: Palafin\n|-singleturn|p1a: Palafin|Protect\n|move|p1b: Toad|Spore|p2b: Palafin\n|-activate|p2b: Palafin|move: Protect\n|move|p2a: Amoonguss|Spore|p1a: Palafin\n|-activate|p1a: Palafin|move: Protect\n|\n|upkeep\n|turn|2\n|c|\u2606uhoh I poopd|lmfao\n|inactive|BURANYA has 30 seconds left.\n|\n|t:|1681705156\n|detailschange|p2b: Palafin|Palafin-Hero, L50, F\n|switch|p2b: Dragonite|Dragonite, L50, M|100\/100\n|detailschange|p1a: Palafin|Palafin-Hero, L50, M\n|switch|p1a: Brutus|Arcanine, L50, M, shiny|100\/100\n|-ability|p1a: Brutus|Intimidate|boost\n|-unboost|p2a: Amoonguss|atk|1\n|-unboost|p2b: Dragonite|atk|1\n|move|p1b: Toad|Spore|p2b: Dragonite\n|-status|p2b: Dragonite|slp|[from] move: Spore\n|-enditem|p2b: Dragonite|Lum Berry|[eat]\n|-curestatus|p2b: Dragonite|slp|[msg]\n|move|p2a: Amoonguss|Spore|p1a: Brutus\n|-status|p1a: Brutus|slp|[from] move: Spore\n|\n|upkeep\n|turn|3\n|inactive|BURANYA has 30 seconds left.\n|\n|t:|1681705187\n|switch|p2a: Palafin|Palafin-Hero, L50, F|100\/100\n|-activate|p2a: Palafin|ability: Zero to Hero\n|move|p2b: Dragonite|Dragon Claw|p1b: Toad\n|-damage|p1b: Toad|71\/100\n|cant|p1a: Brutus|slp\n|move|p1b: Toad|Spore|p2b: Dragonite\n|-status|p2b: Dragonite|slp|[from] move: Spore\n|\n|upkeep\n|turn|4\n|inactive|BURANYA has 30 seconds left.\n|\n|t:|1681705213\n|switch|p2b: Chien-Pao|Chien-Pao, L50|100\/100\n|-ability|p2b: Chien-Pao|Sword of Ruin\n|switch|p1a: Palafin|Palafin-Hero, L50, M|100\/100\n|-activate|p1a: Palafin|ability: Zero to Hero\n|move|p2a: Palafin|Wave Crash|p1b: Toad\n|-resisted|p1b: Toad\n|-damage|p1b: Toad|29\/100\n|-damage|p2a: Palafin|83\/100|[from] Recoil\n|move|p1b: Toad|Spore|p2a: Palafin\n|-status|p2a: Palafin|slp|[from] move: Spore\n|\n|upkeep\n|turn|5\n|inactive|BURANYA has 30 seconds left.\n|\n|t:|1681705244\n|switch|p1b: Brutus|Arcanine, L50, M, shiny|100\/100 slp\n|-ability|p1b: Brutus|Intimidate|boost\n|-fail|p2a: Palafin|unboost|[from] item: Clear Amulet|[of] p2a: Palafin\n|-unboost|p2b: Chien-Pao|atk|1\n|move|p2b: Chien-Pao|Protect|p2b: Chien-Pao\n|-singleturn|p2b: Chien-Pao|Protect\n|cant|p2a: Palafin|slp\n|move|p1a: Palafin|Wave Crash|p2b: Chien-Pao\n|-activate|p2b: Chien-Pao|move: Protect\n|\n|upkeep\n|turn|6\n|\n|t:|1681705264\n|switch|p2b: Amoonguss|Amoonguss, L50, F|100\/100\n|cant|p1b: Brutus|slp\n|cant|p2a: Palafin|slp\n|move|p1a: Palafin|Wave Crash|p2b: Amoonguss\n|-resisted|p2b: Amoonguss\n|-damage|p2b: Amoonguss|61\/100\n|-damage|p1a: Palafin|84\/100|[from] item: Rocky Helmet|[of] p2b: Amoonguss\n|-damage|p1a: Palafin|70\/100|[from] Recoil\n|\n|upkeep\n|turn|7\n|\n|t:|1681705277\n|switch|p1a: Toad|Amoonguss, L50, F|62\/100\n|-terastallize|p2b: Amoonguss|Water\n|-curestatus|p1b: Brutus|slp|[msg]\n|move|p1b: Brutus|Protect|p1b: Brutus\n|-singleturn|p1b: Brutus|Protect\n|move|p2b: Amoonguss|Rage Powder|p2b: Amoonguss\n|-singleturn|p2b: Amoonguss|move: Rage Powder\n|-curestatus|p2a: Palafin|slp|[msg]\n|move|p2a: Palafin|Wave Crash|p1b: Brutus\n|-activate|p1b: Brutus|move: Protect\n|\n|upkeep\n|turn|8\n|-message|BURANYA forfeited.\n|\n|win|uhoh I poopd\n|raw|uhoh I poopd's rating: 1159 → 1189<\/strong> (+30 for winning)\n|raw|BURANYA's rating: 1230 → 1200<\/strong> (-30 for losing)\n|l|\u2606BURANYA\n","uploadtime":1681705305,"views":10,"p1id":"uhohipoopd","p2id":"buranya","formatid":"gen9vgc2023regulationc","rating":1189,"private":0,"password":""}