{"id":"gen9vgc2023regulationc-1859021006","p1":"Mizore te","p2":"Trent","format":"[Gen 9] VGC 2023 Regulation C","log":"|j|\u2606Mizore te\n|j|\u2606Trent\n|t:|1683395193\n|gametype|doubles\n|player|p1|Mizore te|medium|1244\n|player|p2|Trent|101|1263\n|teamsize|p1|6\n|teamsize|p2|6\n|gen|9\n|tier|[Gen 9] VGC 2023 Regulation C\n|rated|\n|rule|Species Clause: Limit one of each Pok\u00e9mon\n|rule|Item Clause: Limit one of each item\n|clearpoke\n|poke|p1|Amoonguss, L50, F|\n|poke|p1|Flutter Mane, L50|\n|poke|p1|Baxcalibur, L50, F|\n|poke|p1|Ting-Lu, L50|\n|poke|p1|Gyarados, L50, M|\n|poke|p1|Corviknight, L50, M|\n|poke|p2|Pelipper, L50, F|\n|poke|p2|Quaquaval, L50, F|\n|poke|p2|Orthworm, L50, M|\n|poke|p2|Dragapult, L50, M|\n|poke|p2|Mimikyu, L50, M|\n|poke|p2|Gastrodon, L50, M|\n|teampreview|4\n|inactive|Battle timer is ON: inactive players will automatically lose when time's up. (requested by Trent)\n|inactive|Mizore te has 60 seconds left.\n|\n|t:|1683395235\n|start\n|switch|p1a: Amoonguss|Amoonguss, L50, F|100\/100\n|switch|p1b: Flutter Mane|Flutter Mane, L50, shiny|100\/100\n|switch|p2a: Pelipper|Pelipper, L50, F|100\/100\n|switch|p2b: Dragapult|Dragapult, L50, M|100\/100\n|-weather|RainDance|[from] ability: Drizzle|[of] p2a: Pelipper\n|turn|1\n|inactive|Mizore te has 30 seconds left.\n|\n|t:|1683395263\n|move|p1a: Amoonguss|Rage Powder|p1a: Amoonguss\n|-singleturn|p1a: Amoonguss|move: Rage Powder\n|move|p2b: Dragapult|Phantom Force||[still]\n|-prepare|p2b: Dragapult|Phantom Force\n|move|p1b: Flutter Mane|Thunderbolt|p2a: Pelipper\n|-supereffective|p2a: Pelipper\n|-damage|p2a: Pelipper|0 fnt\n|faint|p2a: Pelipper\n|\n|-weather|RainDance|[upkeep]\n|upkeep\n|\n|t:|1683395271\n|switch|p2a: Mimikyu|Mimikyu, L50, M|100\/100\n|turn|2\n|\n|t:|1683395280\n|-end|p1b: Flutter Mane|Protosynthesis|[silent]\n|switch|p1b: Gyarados|Gyarados, L50, M|100\/100\n|-ability|p1b: Gyarados|Intimidate|boost\n|-unboost|p2a: Mimikyu|atk|1\n|-fail|p2b: Dragapult|unboost|[from] ability: Clear Body|[of] p2b: Dragapult\n|move|p1a: Amoonguss|Rage Powder|p1a: Amoonguss\n|-singleturn|p1a: Amoonguss|move: Rage Powder\n|move|p2b: Dragapult|Phantom Force|p1a: Amoonguss|[from]lockedmove\n|-damage|p1a: Amoonguss|72\/100\n|move|p2a: Mimikyu|Taunt|p1a: Amoonguss\n|-start|p1a: Amoonguss|move: Taunt\n|\n|-weather|RainDance|[upkeep]\n|upkeep\n|turn|3\n|\n|t:|1683395300\n|switch|p2b: Quaquaval|Quaquaval, L50, F|100\/100\n|move|p2a: Mimikyu|Will-O-Wisp|p1b: Gyarados\n|-status|p1b: Gyarados|brn\n|move|p1b: Gyarados|Waterfall|p2a: Mimikyu\n|-activate|p2a: Mimikyu|ability: Disguise\n|-damage|p2a: Mimikyu|100\/100\n|detailschange|p2a: Mimikyu|Mimikyu-Busted, L50, M\n|-damage|p2a: Mimikyu|88\/100|[from] pokemon: Mimikyu-Busted\n|move|p1a: Amoonguss|Pollen Puff|p2a: Mimikyu\n|-resisted|p2a: Mimikyu\n|-damage|p2a: Mimikyu|84\/100\n|\n|-weather|RainDance|[upkeep]\n|-damage|p1b: Gyarados|95\/100 brn|[from] brn\n|upkeep\n|turn|4\n|\n|t:|1683395318\n|switch|p2a: Dragapult|Dragapult, L50, M|100\/100\n|switch|p1a: Corviknight|Corviknight, L50, M|100\/100\n|move|p2b: Quaquaval|Ice Spinner|p1a: Corviknight\n|-damage|p1a: Corviknight|76\/100\n|move|p1b: Gyarados|Thunder Wave|p2b: Quaquaval\n|-status|p2b: Quaquaval|par\n|\n|-weather|RainDance|[upkeep]\n|-heal|p1a: Corviknight|82\/100|[from] item: Leftovers\n|-damage|p1b: Gyarados|89\/100 brn|[from] brn\n|upkeep\n|turn|5\n|\n|t:|1683395336\n|move|p2a: Dragapult|Reflect|p2a: Dragapult\n|-sidestart|p2: Trent|Reflect\n|move|p1b: Gyarados|Thunder Wave|p2a: Dragapult\n|-status|p2a: Dragapult|par\n|move|p1a: Corviknight|Bulk Up|p1a: Corviknight\n|-boost|p1a: Corviknight|atk|1\n|-boost|p1a: Corviknight|def|1\n|cant|p2b: Quaquaval|par\n|\n|-weather|RainDance|[upkeep]\n|-heal|p1a: Corviknight|88\/100|[from] item: Leftovers\n|-damage|p1b: Gyarados|83\/100 brn|[from] brn\n|upkeep\n|turn|6\n|-message|Trent forfeited.\n|\n|win|Mizore te\n|raw|Mizore te's rating: 1244 → 1270<\/strong> (+26 for winning)\n|raw|Trent's rating: 1263 → 1237<\/strong> (-26 for losing)\n","uploadtime":1683395353,"views":22,"p1id":"mizorete","p2id":"trent","formatid":"gen9vgc2023regulationc","rating":1237,"private":0,"password":""}