{"id":"gen9vgc2023regulationc-1845881086","p1":"CianMck18","p2":"Keveloper","format":"[Gen 9] VGC 2023 Regulation C","log":"|j|\u2606CianMck18\n|j|\u2606Keveloper\n|t:|1681774796\n|gametype|doubles\n|player|p1|CianMck18|clair|1398\n|player|p2|Keveloper|ash|1483\n|teamsize|p1|6\n|teamsize|p2|6\n|gen|9\n|tier|[Gen 9] VGC 2023 Regulation C\n|rated|\n|rule|Species Clause: Limit one of each Pok\u00e9mon\n|rule|Item Clause: Limit one of each item\n|clearpoke\n|poke|p1|Ting-Lu, L50|\n|poke|p1|Annihilape, L50, F|\n|poke|p1|Iron Hands, L50|\n|poke|p1|Kingambit, L50, M|\n|poke|p1|Bronzong, L50|\n|poke|p1|Amoonguss, L50, M|\n|poke|p2|Orthworm, L50, F|\n|poke|p2|Dragonite, L50, F|\n|poke|p2|Ting-Lu, L50|\n|poke|p2|Gyarados, L50, M|\n|poke|p2|Flutter Mane, L50|\n|poke|p2|Chien-Pao, L50|\n|teampreview|4\n|inactive|Battle timer is ON: inactive players will automatically lose when time's up. (requested by CianMck18)\n|inactive|Keveloper has 60 seconds left.\n|\n|t:|1681774830\n|start\n|switch|p1a: Bronzong|Bronzong, L50|100\/100\n|switch|p1b: Annihilape|Annihilape, L50, F|100\/100\n|switch|p2a: Orthworm|Orthworm, L50, F|100\/100\n|switch|p2b: Ting-Lu|Ting-Lu, L50|100\/100\n|-ability|p2b: Ting-Lu|Vessel of Ruin\n|turn|1\n|\n|t:|1681774846\n|-terastallize|p2a: Orthworm|Fire\n|move|p1b: Annihilape|Final Gambit|p2a: Orthworm\n|-damage|p2a: Orthworm|0 fnt\n|faint|p1b: Annihilape\n|faint|p2a: Orthworm\n|move|p2b: Ting-Lu|Throat Chop|p1a: Bronzong\n|-supereffective|p1a: Bronzong\n|-damage|p1a: Bronzong|34\/100\n|-start|p1a: Bronzong|Throat Chop|[silent]\n|move|p1a: Bronzong|Trick Room|p1a: Bronzong\n|-fieldstart|move: Trick Room|[of] p1a: Bronzong\n|\n|upkeep\n|\n|t:|1681774860\n|switch|p2a: Chien-Pao|Chien-Pao, L50|100\/100\n|switch|p1b: Iron Hands|Iron Hands, L50|100\/100\n|-ability|p2a: Chien-Pao|Sword of Ruin\n|turn|2\n|\n|t:|1681774876\n|switch|p2b: Dragonite|Dragonite, L50, F|100\/100\n|-terastallize|p1b: Iron Hands|Grass\n|move|p2a: Chien-Pao|Protect|p2a: Chien-Pao\n|-singleturn|p2a: Chien-Pao|Protect\n|move|p1a: Bronzong|Body Press|p2a: Chien-Pao\n|-activate|p2a: Chien-Pao|move: Protect\n|move|p1b: Iron Hands|Drain Punch|p2b: Dragonite\n|-resisted|p2b: Dragonite\n|-damage|p2b: Dragonite|85\/100\n|\n|-end|p1a: Bronzong|Throat Chop|[silent]\n|upkeep\n|turn|3\n|\n|t:|1681774896\n|switch|p2b: Ting-Lu|Ting-Lu, L50|100\/100\n|-ability|p2b: Ting-Lu|Vessel of Ruin\n|move|p2a: Chien-Pao|Sucker Punch||[still]\n|-fail|p2a: Chien-Pao\n|move|p1a: Bronzong|Iron Defense|p1a: Bronzong\n|-boost|p1a: Bronzong|def|2\n|move|p1b: Iron Hands|Drain Punch|p2a: Chien-Pao\n|-supereffective|p2a: Chien-Pao\n|-enditem|p2a: Chien-Pao|Focus Sash\n|-damage|p2a: Chien-Pao|1\/100\n|\n|upkeep\n|turn|4\n|\n|t:|1681774916\n|switch|p2a: Dragonite|Dragonite, L50, F|85\/100\n|move|p1a: Bronzong|Iron Defense|p1a: Bronzong\n|-boost|p1a: Bronzong|def|2\n|move|p1b: Iron Hands|Drain Punch|p2b: Ting-Lu\n|-supereffective|p2b: Ting-Lu\n|-damage|p2b: Ting-Lu|46\/100\n|move|p2b: Ting-Lu|Throat Chop|p1a: Bronzong\n|-supereffective|p1a: Bronzong\n|-damage|p1a: Bronzong|9\/100\n|-start|p1a: Bronzong|Throat Chop|[silent]\n|\n|upkeep\n|turn|5\n|\n|t:|1681774932\n|move|p1a: Bronzong|Body Press|p2b: Ting-Lu\n|-supereffective|p2b: Ting-Lu\n|-damage|p2b: Ting-Lu|0 fnt\n|faint|p2b: Ting-Lu\n|move|p1b: Iron Hands|Drain Punch|p2a: Dragonite\n|-resisted|p2a: Dragonite\n|-damage|p2a: Dragonite|62\/100\n|move|p2a: Dragonite|Dragon Dance|p2a: Dragonite\n|-boost|p2a: Dragonite|atk|1\n|-boost|p2a: Dragonite|spe|1\n|\n|-end|p1a: Bronzong|Throat Chop|[silent]\n|-fieldend|move: Trick Room\n|upkeep\n|\n|t:|1681774936\n|switch|p2b: Chien-Pao|Chien-Pao, L50|1\/100\n|-ability|p2b: Chien-Pao|Sword of Ruin\n|turn|6\n|\n|t:|1681774954\n|move|p2a: Dragonite|Extreme Speed|p1a: Bronzong\n|-resisted|p1a: Bronzong\n|-damage|p1a: Bronzong|3\/100\n|move|p2b: Chien-Pao|Ice Spinner|p1b: Iron Hands\n|-supereffective|p1b: Iron Hands\n|-damage|p1b: Iron Hands|27\/100\n|move|p1b: Iron Hands|Volt Switch|p2b: Chien-Pao\n|-damage|p2b: Chien-Pao|0 fnt\n|faint|p2b: Chien-Pao\n|\n|t:|1681774964\n|-end|p1b: Iron Hands|Quark Drive|[silent]\n|switch|p1b: Ting-Lu|Ting-Lu, L50|100\/100|[from] Volt Switch\n|-ability|p1b: Ting-Lu|Vessel of Ruin\n|move|p1a: Bronzong|Body Press|p2a: Dragonite\n|-resisted|p2a: Dragonite\n|-damage|p2a: Dragonite|17\/100\n|\n|upkeep\n|turn|7\n|\n|t:|1681774976\n|move|p2a: Dragonite|Earthquake|p1b: Ting-Lu|[spread] p1b\n|-immune|p1a: Bronzong|[from] ability: Levitate\n|-damage|p1b: Ting-Lu|78\/100\n|move|p1b: Ting-Lu|Throat Chop|p2a: Dragonite\n|-damage|p2a: Dragonite|0 fnt\n|faint|p2a: Dragonite\n|\n|win|CianMck18\n|raw|CianMck18's rating: 1398 → 1423<\/strong> (+25 for winning)\n|raw|Keveloper's rating: 1483 → 1458<\/strong> (-25 for losing)\n","uploadtime":1681774984,"views":61,"p1id":"cianmck18","p2id":"keveloper","formatid":"gen9vgc2023regulationc","rating":1423,"private":0,"password":""}