{"id":"gen9vgc2023regulationc-1863346904","p1":"wackomarko","p2":"Kyuriam","format":"[Gen 9] VGC 2023 Regulation C","log":"|j|\u2606wackomarko\n|j|\u2606Kyuriam\n|t:|1684005404\n|gametype|doubles\n|player|p1|wackomarko|hiker-gen4|1123\n|player|p2|Kyuriam|101|1120\n|teamsize|p1|6\n|teamsize|p2|6\n|gen|9\n|tier|[Gen 9] VGC 2023 Regulation C\n|rated|\n|rule|Species Clause: Limit one of each Pok\u00e9mon\n|rule|Item Clause: Limit one of each item\n|clearpoke\n|poke|p1|Talonflame, L50, F|\n|poke|p1|Amoonguss, L50, F|\n|poke|p1|Flutter Mane, L50|\n|poke|p1|Chien-Pao, L50|\n|poke|p1|Gyarados, L50, M|\n|poke|p1|Dragapult, L50, M|\n|poke|p2|Annihilape, L50, F|\n|poke|p2|Maushold-Four, L50|\n|poke|p2|Grimmsnarl, L50, M|\n|poke|p2|Ting-Lu, L50|\n|poke|p2|Hatterene, L50, F|\n|poke|p2|Gastrodon, L50, M|\n|teampreview|4\n|inactive|Battle timer is ON: inactive players will automatically lose when time's up. (requested by Kyuriam)\nwackomarko has agreed to open team sheets.\n|inactive|wackomarko has 60 seconds left.\n|inactive|Kyuriam has 60 seconds left.\n|\n|t:|1684005442\n|start\n|switch|p1a: Flutter Mane|Flutter Mane, L50, shiny|100\/100\n|switch|p1b: Talonflame|Talonflame, L50, F, shiny|100\/100\n|switch|p2a: Annihilape|Annihilape, L50, F|100\/100\n|switch|p2b: Hatterene|Hatterene, L50, F|100\/100\n|turn|1\n|\n|t:|1684005463\n|switch|p2b: Ting-Lu|Ting-Lu, L50|100\/100\n|-ability|p2b: Ting-Lu|Vessel of Ruin\n|-terastallize|p2a: Annihilape|Fire\n|move|p1b: Talonflame|Taunt|p2a: Annihilape\n|-start|p2a: Annihilape|move: Taunt\n|move|p1a: Flutter Mane|Shadow Ball|p2b: Ting-Lu\n|-resisted|p2b: Ting-Lu\n|-damage|p2b: Ting-Lu|91\/100\n|-damage|p1a: Flutter Mane|91\/100|[from] item: Life Orb\n|move|p2a: Annihilape|Rage Fist|p1a: Flutter Mane\n|-supereffective|p1a: Flutter Mane\n|-crit|p1a: Flutter Mane\n|-damage|p1a: Flutter Mane|0 fnt\n|faint|p1a: Flutter Mane\n|-end|p1a: Flutter Mane|Protosynthesis|[silent]\n|\n|upkeep\n|inactive|wackomarko has 30 seconds left.\n|inactive|wackomarko has 20 seconds left.\n|\n|t:|1684005500\n|switch|p1a: Dragapult|Dragapult, L50, M, shiny|100\/100\n|turn|2\n|\n|t:|1684005511\n|switch|p2b: Maushold|Maushold-Four, L50|100\/100\n|-terastallize|p1a: Dragapult|Dragon\n|move|p1a: Dragapult|Dragon Darts|p2a: Annihilape\n|-damage|p2a: Annihilape|65\/100\n|-anim|p1a: Dragapult|Dragon Darts|p2b: Maushold\n|-damage|p2b: Maushold|54\/100\n|move|p1b: Talonflame|Will-O-Wisp|p2b: Maushold\n|-status|p2b: Maushold|brn\n|move|p2a: Annihilape|Rage Fist|p1a: Dragapult\n|-damage|p1a: Dragapult|71\/100\n|\n|-heal|p2a: Annihilape|71\/100|[from] item: Leftovers\n|-damage|p2b: Maushold|48\/100 brn|[from] brn\n|upkeep\n|turn|3\n|\n|t:|1684005534\n|move|p2b: Maushold|Follow Me|p2b: Maushold\n|-singleturn|p2b: Maushold|move: Follow Me\n|move|p1b: Talonflame|Brave Bird|p2b: Maushold\n|-damage|p2b: Maushold|16\/100 brn\n|-damage|p1b: Talonflame|89\/100|[from] Recoil\n|move|p1a: Dragapult|Dragon Darts|p2b: Maushold\n|-damage|p2b: Maushold|0 fnt\n|faint|p2b: Maushold\n|move|p2a: Annihilape|Rage Fist|p1a: Dragapult\n|-damage|p1a: Dragapult|43\/100\n|\n|-heal|p2a: Annihilape|77\/100|[from] item: Leftovers\n|-end|p2a: Annihilape|move: Taunt\n|upkeep\n|\n|t:|1684005558\n|switch|p2b: Hatterene|Hatterene, L50, F|100\/100\n|turn|4\n|\n|t:|1684005565\n|move|p1a: Dragapult|Dragon Darts|p2a: Annihilape\n|-damage|p2a: Annihilape|34\/100\n|-anim|p1a: Dragapult|Dragon Darts|p2a: Annihilape\n|-damage|p2a: Annihilape|0 fnt\n|faint|p2a: Annihilape\n|move|p1b: Talonflame|Brave Bird|p2b: Hatterene\n|-damage|p2b: Hatterene|69\/100\n|-damage|p1b: Talonflame|79\/100|[from] Recoil\n|move|p2b: Hatterene|Life Dew|p2b: Hatterene\n|-heal|p2b: Hatterene|94\/100\n|\n|upkeep\n|\n|t:|1684005576\n|switch|p2a: Ting-Lu|Ting-Lu, L50|91\/100\n|-ability|p2a: Ting-Lu|Vessel of Ruin\n|turn|5\n|\n|t:|1684005595\n|move|p1a: Dragapult|Dragon Darts|p2a: Ting-Lu\n|-damage|p2a: Ting-Lu|59\/100\n|-anim|p1a: Dragapult|Dragon Darts|p2a: Ting-Lu\n|-damage|p2a: Ting-Lu|27\/100\n|move|p1b: Talonflame|Will-O-Wisp|p2a: Ting-Lu|[miss]\n|-miss|p1b: Talonflame|p2a: Ting-Lu\n|move|p2a: Ting-Lu|Throat Chop|p1a: Dragapult\n|-damage|p1a: Dragapult|0 fnt\n|faint|p1a: Dragapult\n|move|p2b: Hatterene|Nuzzle|p1b: Talonflame\n|-supereffective|p1b: Talonflame\n|-damage|p1b: Talonflame|70\/100\n|\n|upkeep\n|\n|t:|1684005607\n|switch|p1a: Chien-Pao|Chien-Pao, L50|100\/100\n|-ability|p1a: Chien-Pao|Sword of Ruin\n|turn|6\n|\n|t:|1684005629\n|move|p1a: Chien-Pao|Ice Spinner|p2a: Ting-Lu\n|-supereffective|p2a: Ting-Lu\n|-damage|p2a: Ting-Lu|0 fnt\n|faint|p2a: Ting-Lu\n|move|p1b: Talonflame|Brave Bird|p2b: Hatterene\n|-damage|p2b: Hatterene|50\/100\n|-damage|p1b: Talonflame|56\/100|[from] Recoil\n|move|p2b: Hatterene|Nuzzle|p1a: Chien-Pao\n|-damage|p1a: Chien-Pao|96\/100\n|-status|p1a: Chien-Pao|par\n|\n|upkeep\n|turn|7\n|-message|Kyuriam forfeited.\n|\n|win|wackomarko\n|raw|wackomarko's rating: 1123 → 1148<\/strong> (+25 for winning)\n|raw|Kyuriam's rating: 1120 → 1095<\/strong> (-25 for losing)\n|l|\u2606Kyuriam\n","uploadtime":1684005658,"views":9,"p1id":"wackomarko","p2id":"kyuriam","formatid":"gen9vgc2023regulationc","rating":1095,"private":0,"password":""}