{"id":"gen9vgc2023regulationc-1847140973","p1":"npqc","p2":"dreamswgh","format":"[Gen 9] VGC 2023 Regulation C","log":"|j|\u2606npqc\n|j|\u2606dreamswgh\n|t:|1681922428\n|gametype|doubles\n|player|p1|npqc|fisherman-gen4|1390\n|player|p2|dreamswgh|nate|1367\n|teamsize|p1|6\n|teamsize|p2|6\n|gen|9\n|tier|[Gen 9] VGC 2023 Regulation C\n|rated|\n|rule|Species Clause: Limit one of each Pok\u00e9mon\n|rule|Item Clause: Limit one of each item\n|clearpoke\n|poke|p1|Ting-Lu, L50|\n|poke|p1|Dondozo, L50, M|\n|poke|p1|Tatsugiri, L50, F|\n|poke|p1|Orthworm, L50, F|\n|poke|p1|Gallade, L50, M|\n|poke|p1|Rotom-Heat, L50|\n|poke|p2|Torkoal, L50, M|\n|poke|p2|Flutter Mane, L50|\n|poke|p2|Indeedee-F, L50, F|\n|poke|p2|Hatterene, L50, F|\n|poke|p2|Corviknight, L50, F|\n|poke|p2|Mudsdale, L50, F|\n|teampreview|4\n|inactive|Battle timer is ON: inactive players will automatically lose when time's up. (requested by npqc)\n|inactive|npqc has 60 seconds left.\n|inactive|dreamswgh has 60 seconds left.\n|inactive|dreamswgh has 30 seconds left.\n|\n|t:|1681922496\n|start\n|switch|p1a: Rotom|Rotom-Heat, L50|100\/100\n|switch|p1b: Gallade|Gallade, L50, M|100\/100\n|switch|p2a: Nevada|Indeedee-F, L50, F|100\/100\n|switch|p2b: New Mexico|Hatterene, L50, F|100\/100\n|-fieldstart|move: Psychic Terrain|[from] ability: Psychic Surge|[of] p2a: Nevada\n|-enditem|p2a: Nevada|Psychic Seed\n|-boost|p2a: Nevada|spd|1|[from] item: Psychic Seed\n|turn|1\n|inactive|dreamswgh has 30 seconds left.\n|\n|t:|1681922524\n|move|p2a: Nevada|Follow Me|p2a: Nevada\n|-singleturn|p2a: Nevada|move: Follow Me\n|move|p1a: Rotom|Thunderbolt|p2a: Nevada\n|-damage|p2a: Nevada|76\/100\n|move|p1b: Gallade|Trick Room|p1b: Gallade\n|-fieldstart|move: Trick Room|[of] p1b: Gallade\n|move|p2b: New Mexico|Trick Room|p2b: New Mexico\n|-fieldend|move: Trick Room\n|\n|upkeep\n|turn|2\n|inactive|npqc has 30 seconds left.\n|inactive|npqc has 20 seconds left.\n|\n|t:|1681922561\n|-terastallize|p1a: Rotom|Electric\n|move|p1b: Gallade|Protect|p1b: Gallade\n|-singleturn|p1b: Gallade|Protect\n|move|p2a: Nevada|Follow Me|p2a: Nevada\n|-singleturn|p2a: Nevada|move: Follow Me\n|move|p1a: Rotom|Thunderbolt|p2a: Nevada\n|-damage|p2a: Nevada|40\/100\n|move|p2b: New Mexico|Psychic|p1b: Gallade\n|-activate|p1b: Gallade|move: Protect\n|\n|upkeep\n|turn|3\n|\n|t:|1681922579\n|switch|p1b: Ting-Lu|Ting-Lu, L50|100\/100\n|-ability|p1b: Ting-Lu|Vessel of Ruin\n|move|p2a: Nevada|Follow Me|p2a: Nevada\n|-singleturn|p2a: Nevada|move: Follow Me\n|move|p1a: Rotom|Thunderbolt|p2a: Nevada\n|-damage|p2a: Nevada|14\/100\n|move|p2b: New Mexico|Psychic|p1b: Ting-Lu\n|-immune|p1b: Ting-Lu\n|\n|upkeep\n|turn|4\n|\n|t:|1681922598\n|-terastallize|p2b: New Mexico|Fire\n|move|p2a: Nevada|Follow Me|p2a: Nevada\n|-singleturn|p2a: Nevada|move: Follow Me\n|move|p1a: Rotom|Thunderbolt|p2a: Nevada\n|-damage|p2a: Nevada|0 fnt\n|faint|p2a: Nevada\n|move|p1b: Ting-Lu|Heavy Slam|p2b: New Mexico\n|-resisted|p2b: New Mexico\n|-damage|p2b: New Mexico|78\/100\n|move|p2b: New Mexico|Trick Room|p2b: New Mexico\n|-fieldstart|move: Trick Room|[of] p2b: New Mexico\n|\n|upkeep\n|inactive|dreamswgh has 30 seconds left.\n|\n|t:|1681922630\n|switch|p2a: Arizona|Torkoal, L50, M|100\/100\n|-weather|SunnyDay|[from] ability: Drought|[of] p2a: Arizona\n|turn|5\n|\n|t:|1681922653\n|move|p1a: Rotom|Protect|p1a: Rotom\n|-singleturn|p1a: Rotom|Protect\n|move|p2a: Arizona|Eruption|p1a: Rotom|[spread] p1b\n|-activate|p1a: Rotom|move: Protect\n|-damage|p1b: Ting-Lu|67\/100\n|move|p2b: New Mexico|Psychic|p1a: Rotom\n|-activate|p1a: Rotom|move: Protect\n|move|p1b: Ting-Lu|Stomping Tantrum|p2a: Arizona\n|-supereffective|p2a: Arizona\n|-damage|p2a: Arizona|46\/100\n|\n|-weather|SunnyDay|[upkeep]\n|-fieldend|move: Psychic Terrain\n|upkeep\n|turn|6\n|\n|t:|1681922673\n|switch|p1a: Dondozo|Dondozo, L50, M|100\/100\n|move|p2a: Arizona|Eruption|p1a: Dondozo|[spread] p1a,p1b\n|-resisted|p1a: Dondozo\n|-damage|p1a: Dondozo|86\/100\n|-damage|p1b: Ting-Lu|52\/100\n|move|p2b: New Mexico|Dazzling Gleam|p1a: Dondozo|[spread] p1a,p1b\n|-supereffective|p1b: Ting-Lu\n|-damage|p1a: Dondozo|54\/100\n|-damage|p1b: Ting-Lu|18\/100\n|-damage|p2b: New Mexico|68\/100|[from] item: Life Orb\n|move|p1b: Ting-Lu|Stomping Tantrum|p2a: Arizona\n|-supereffective|p2a: Arizona\n|-damage|p2a: Arizona|0 fnt\n|faint|p2a: Arizona\n|\n|-weather|SunnyDay|[upkeep]\n|-heal|p1a: Dondozo|60\/100|[from] item: Leftovers\n|upkeep\n|\n|t:|1681922685\n|switch|p2a: Texas|Mudsdale, L50, F|100\/100\n|turn|7\n|inactive|npqc has 30 seconds left.\n|inactive|dreamswgh has 30 seconds left.\n|inactive|dreamswgh has 20 seconds left.\n|inactive|dreamswgh has 15 seconds left.\n|\n|t:|1681922725\n|move|p2b: New Mexico|Dazzling Gleam|p1a: Dondozo|[spread] p1a,p1b\n|-supereffective|p1b: Ting-Lu\n|-damage|p1a: Dondozo|27\/100\n|-damage|p1b: Ting-Lu|0 fnt\n|faint|p1b: Ting-Lu\n|-damage|p2b: New Mexico|59\/100|[from] item: Life Orb\n|move|p2a: Texas|Rock Slide|p1a: Dondozo\n|-damage|p1a: Dondozo|15\/100\n|move|p1a: Dondozo|Wave Crash|p2b: New Mexico\n|-supereffective|p2b: New Mexico\n|-damage|p2b: New Mexico|16\/100\n|-damage|p1a: Dondozo|6\/100|[from] Recoil\n|\n|-weather|SunnyDay|[upkeep]\n|-heal|p1a: Dondozo|12\/100|[from] item: Leftovers\n|upkeep\n|\n|t:|1681922739\n|switch|p1b: Rotom|Rotom-Heat, L50, tera:Electric|100\/100\n|turn|8\n|\n|t:|1681922760\n|move|p1a: Dondozo|Protect|p1a: Dondozo\n|-singleturn|p1a: Dondozo|Protect\n|move|p1b: Rotom|Protect|p1b: Rotom\n|-singleturn|p1b: Rotom|Protect\n|move|p2b: New Mexico|Dazzling Gleam|p1a: Dondozo|[spread] \n|-activate|p1a: Dondozo|move: Protect\n|-activate|p1b: Rotom|move: Protect\n|move|p2a: Texas|Rock Slide|p1a: Dondozo|[spread] \n|-activate|p1a: Dondozo|move: Protect\n|-activate|p1b: Rotom|move: Protect\n|\n|-weather|SunnyDay|[upkeep]\n|-heal|p1a: Dondozo|18\/100|[from] item: Leftovers\n|-fieldend|move: Trick Room\n|upkeep\n|turn|9\n|inactive|npqc has 30 seconds left.\n|\n|t:|1681922787\n|move|p1b: Rotom|Thunderbolt|p2b: New Mexico\n|-damage|p2b: New Mexico|0 fnt\n|faint|p2b: New Mexico\n|move|p1a: Dondozo|Wave Crash|p2a: Texas\n|-supereffective|p2a: Texas\n|-damage|p2a: Texas|60\/100\n|-damage|p1a: Dondozo|9\/100|[from] Recoil\n|move|p2a: Texas|Rock Slide|p1b: Rotom|[spread] p1a\n|-miss|p2a: Texas|p1b: Rotom\n|-damage|p1a: Dondozo|0 fnt\n|faint|p1a: Dondozo\n|\n|-weather|none\n|upkeep\n|\n|t:|1681922800\n|switch|p1a: Gallade|Gallade, L50, M|100\/100\n|turn|10\n|\n|t:|1681922809\n|move|p1a: Gallade|Protect|p1a: Gallade\n|-singleturn|p1a: Gallade|Protect\n|move|p1b: Rotom|Will-O-Wisp|p2a: Texas\n|-status|p2a: Texas|brn\n|move|p2a: Texas|Rock Slide|p1a: Gallade|[spread] p1b\n|-activate|p1a: Gallade|move: Protect\n|-damage|p1b: Rotom|86\/100\n|\n|-damage|p2a: Texas|54\/100 brn|[from] brn\n|upkeep\n|turn|11\n|\n|t:|1681922823\n|move|p1b: Rotom|Overheat|p2a: Texas\n|-damage|p2a: Texas|20\/100 brn\n|-unboost|p1b: Rotom|spa|2\n|move|p1a: Gallade|Psycho Cut|p2a: Texas\n|-damage|p2a: Texas|0 fnt\n|faint|p2a: Texas\n|\n|win|npqc\n|raw|npqc's rating: 1390 → 1409<\/strong> (+19 for winning)\n|raw|dreamswgh's rating: 1367 → 1348<\/strong> (-19 for losing)\n","uploadtime":1681922834,"views":13,"p1id":"npqc","p2id":"dreamswgh","formatid":"gen9vgc2023regulationc","rating":1348,"private":0,"password":""}