{"id":"gen9vgc2023regulationc-1850829972","p1":"ARTMDR","p2":"19402u","format":"[Gen 9] VGC 2023 Regulation C","log":"|j|\u2606ARTMDR\n|j|\u260619402u\n|t:|1682372032\n|gametype|doubles\n|player|p1|ARTMDR|170|1444\n|player|p2|19402u|101|1453\n|teamsize|p1|6\n|teamsize|p2|6\n|gen|9\n|tier|[Gen 9] VGC 2023 Regulation C\n|rated|\n|rule|Species Clause: Limit one of each Pok\u00e9mon\n|rule|Item Clause: Limit one of each item\n|clearpoke\n|poke|p1|Flutter Mane, L50|\n|poke|p1|Iron Hands, L50|\n|poke|p1|Arcanine, L50, F|\n|poke|p1|Palafin, L50, F|\n|poke|p1|Maushold-Four, L50|\n|poke|p1|Annihilape, L50, M|\n|poke|p2|Palafin, L50, F|\n|poke|p2|Arcanine, L50, F|\n|poke|p2|Amoonguss, L50, F|\n|poke|p2|Kingambit, L50, M|\n|poke|p2|Flutter Mane, L50|\n|poke|p2|Dragonite, L50, M|\n|teampreview|4\n19402u has agreed to open team sheets.\n|\n|t:|1682372106\n|start\n|switch|p1a: Annihilape|Annihilape, L50, M|100\/100\n|switch|p1b: Maushold|Maushold-Four, L50|100\/100\n|switch|p2a: Palafin|Palafin, L50, F|100\/100\n|switch|p2b: Flutter Mane|Flutter Mane, L50|100\/100\n|-enditem|p2b: Flutter Mane|Booster Energy\n|-activate|p2b: Flutter Mane|ability: Protosynthesis|[fromitem]\n|-start|p2b: Flutter Mane|protosynthesisspa\n|turn|1\n|\n|t:|1682372118\n|-terastallize|p1a: Annihilape|Fire\n|move|p2b: Flutter Mane|Shadow Ball|p1a: Annihilape\n|-damage|p1a: Annihilape|67\/100\n|move|p1b: Maushold|Beat Up|p1a: Annihilape\n|-damage|p1a: Annihilape|65\/100\n|-damage|p1a: Annihilape|63\/100\n|-damage|p1a: Annihilape|60\/100\n|-damage|p1a: Annihilape|58\/100\n|-hitcount|p1a: Annihilape|4\n|move|p2a: Palafin|Wave Crash|p1a: Annihilape\n|-supereffective|p1a: Annihilape\n|-damage|p1a: Annihilape|0 fnt\n|faint|p1a: Annihilape\n|-damage|p2a: Palafin|81\/100|[from] Recoil\n|\n|upkeep\n|\n|t:|1682372138\n|switch|p1a: Arcanine|Arcanine, L50, F|100\/100\n|-ability|p1a: Arcanine|Intimidate|boost\n|-unboost|p2a: Palafin|atk|1\n|-unboost|p2b: Flutter Mane|atk|1\n|turn|2\n|\n|t:|1682372161\n|detailschange|p2a: Palafin|Palafin-Hero, L50, F\n|switch|p2a: Amoonguss|Amoonguss, L50, F|100\/100\n|move|p2b: Flutter Mane|Protect|p2b: Flutter Mane\n|-singleturn|p2b: Flutter Mane|Protect\n|move|p1b: Maushold|Follow Me|p1b: Maushold\n|-singleturn|p1b: Maushold|move: Follow Me\n|move|p1a: Arcanine|Flare Blitz|p2b: Flutter Mane\n|-activate|p2b: Flutter Mane|move: Protect\n|\n|upkeep\n|turn|3\n|\n|t:|1682372187\n|-terastallize|p2a: Amoonguss|Water\n|move|p2a: Amoonguss|Rage Powder|p2a: Amoonguss\n|-singleturn|p2a: Amoonguss|move: Rage Powder\n|move|p2b: Flutter Mane|Moonblast|p1b: Maushold\n|-damage|p1b: Maushold|35\/100\n|move|p1b: Maushold|Super Fang|p2a: Amoonguss\n|-damage|p2a: Amoonguss|50\/100\n|-enditem|p2a: Amoonguss|Sitrus Berry|[eat]\n|-heal|p2a: Amoonguss|75\/100|[from] item: Sitrus Berry\n|move|p1a: Arcanine|Flare Blitz|p2a: Amoonguss\n|-resisted|p2a: Amoonguss\n|-damage|p2a: Amoonguss|52\/100\n|-damage|p1a: Arcanine|92\/100|[from] Recoil\n|\n|upkeep\n|turn|4\n|\n|t:|1682372207\n|switch|p1b: Iron Hands|Iron Hands, L50|100\/100\n|move|p1a: Arcanine|Protect|p1a: Arcanine\n|-singleturn|p1a: Arcanine|Protect\n|move|p2b: Flutter Mane|Dazzling Gleam|p1a: Arcanine|[spread] p1b\n|-activate|p1a: Arcanine|move: Protect\n|-supereffective|p1b: Iron Hands\n|-damage|p1b: Iron Hands|57\/100\n|move|p2a: Amoonguss|Spore|p1a: Arcanine\n|-activate|p1a: Arcanine|move: Protect\n|\n|upkeep\n|turn|5\n|\n|t:|1682372229\n|move|p2a: Amoonguss|Protect|p2a: Amoonguss\n|-singleturn|p2a: Amoonguss|Protect\n|move|p1b: Iron Hands|Fake Out|p2a: Amoonguss\n|-activate|p2a: Amoonguss|move: Protect\n|move|p2b: Flutter Mane|Moonblast|p1b: Iron Hands\n|-supereffective|p1b: Iron Hands\n|-damage|p1b: Iron Hands|0 fnt\n|faint|p1b: Iron Hands\n|-end|p1b: Iron Hands|Quark Drive|[silent]\n|move|p1a: Arcanine|Howl|p1a: Arcanine\n|-boost|p1a: Arcanine|atk|1\n|\n|upkeep\n|\n|t:|1682372240\n|switch|p1b: Maushold|Maushold-Four, L50|35\/100\n|turn|6\n|\n|t:|1682372249\n|move|p2b: Flutter Mane|Protect|p2b: Flutter Mane\n|-singleturn|p2b: Flutter Mane|Protect\n|move|p1b: Maushold|Super Fang|p2a: Amoonguss|[miss]\n|-miss|p1b: Maushold|p2a: Amoonguss\n|move|p1a: Arcanine|Flare Blitz|p2a: Amoonguss\n|-resisted|p2a: Amoonguss\n|-damage|p2a: Amoonguss|16\/100\n|-status|p2a: Amoonguss|brn\n|-damage|p1a: Arcanine|78\/100|[from] Recoil\n|move|p2a: Amoonguss|Spore|p1a: Arcanine\n|-status|p1a: Arcanine|slp|[from] move: Spore\n|\n|-damage|p2a: Amoonguss|10\/100 brn|[from] brn\n|upkeep\n|turn|7\n|-message|ARTMDR forfeited.\n|\n|win|19402u\n|raw|ARTMDR's rating: 1444 → 1425<\/strong> (-19 for losing)\n|raw|19402u's rating: 1453 → 1472<\/strong> (+19 for winning)\n|l|\u2606ARTMDR\n","uploadtime":1682372870,"views":13,"p1id":"artmdr","p2id":"19402u","formatid":"gen9vgc2023regulationc","rating":1425,"private":0,"password":""}