{"id":"gen9vgc2023regulationc-1859150826","p1":"fangeddragon96","p2":"5ilver_F0x","format":"[Gen 9] VGC 2023 Regulation C","log":"|j|\u2606fangeddragon96\n|j|\u26065ilver_F0x\n|t:|1683410624\n|gametype|doubles\n|player|p1|fangeddragon96|170|\n|player|p2|5ilver_F0x|morty|\n|teamsize|p1|6\n|teamsize|p2|6\n|gen|9\n|tier|[Gen 9] VGC 2023 Regulation C\n|rule|Species Clause: Limit one of each Pok\u00e9mon\n|rule|Item Clause: Limit one of each item\n|clearpoke\n|poke|p1|Iron Hands, L50|\n|poke|p1|Espathra, L50, F|\n|poke|p1|Orthworm, L50, F|\n|poke|p1|Cyclizar, L50, M|\n|poke|p1|Rotom-Heat, L50|\n|poke|p1|Floatzel, L50, F|\n|poke|p2|Wo-Chien, L50|\n|poke|p2|Staraptor, L50, M|\n|poke|p2|Sylveon, L50, F|\n|poke|p2|Toxtricity-Low-Key, L50, F|\n|poke|p2|Iron Thorns, L50|\n|poke|p2|Houndoom, L50, F|\n|teampreview|4\n|c|\u26065ilver_F0x|Glhf\n|c|\u2606fangeddragon96|glhf\n|\n|t:|1683410847\n|start\n|switch|p1a: Thunder Thighs|Iron Hands, L50, shiny|100\/100\n|switch|p1b: AngryMicrowave|Rotom-Heat, L50, shiny|100\/100\n|switch|p2a: Wattson|Iron Thorns, L50, shiny|100\/100\n|switch|p2b: Ramos|Wo-Chien, L50|100\/100\n|-ability|p2b: Ramos|Tablets of Ruin\n|-enditem|p2a: Wattson|Booster Energy\n|-activate|p2a: Wattson|ability: Quark Drive|[fromitem]\n|-start|p2a: Wattson|quarkdrivedef\n|turn|1\n|\n|t:|1683410916\n|move|p2b: Ramos|Protect|p2b: Ramos\n|-singleturn|p2b: Ramos|Protect\n|move|p1a: Thunder Thighs|Fake Out|p2a: Wattson\n|-resisted|p2a: Wattson\n|-damage|p2a: Wattson|97\/100\n|move|p1b: AngryMicrowave|Overheat|p2b: Ramos\n|-activate|p2b: Ramos|move: Protect\n|cant|p2a: Wattson|flinch\n|\n|upkeep\n|turn|2\n|\n|t:|1683410985\n|switch|p2b: Larry|Staraptor, L50, M, shiny|100\/100\n|-ability|p2b: Larry|Intimidate|boost\n|-unboost|p1a: Thunder Thighs|atk|1\n|-unboost|p1b: AngryMicrowave|atk|1\n|-terastallize|p2a: Wattson|Ground\n|move|p1b: AngryMicrowave|Protect|p1b: AngryMicrowave\n|-singleturn|p1b: AngryMicrowave|Protect\n|move|p2a: Wattson|Rock Slide|p1b: AngryMicrowave|[spread] \n|-activate|p1b: AngryMicrowave|move: Protect\n|-miss|p2a: Wattson|p1a: Thunder Thighs\n|move|p1a: Thunder Thighs|Earthquake|p2a: Wattson|[spread] p2a\n|-activate|p1b: AngryMicrowave|move: Protect\n|-immune|p2b: Larry\n|-damage|p2a: Wattson|88\/100\n|\n|upkeep\n|turn|3\n|\n|t:|1683411107\n|switch|p1b: Earthworm|Orthworm, L50, F, shiny|100\/100\n|move|p2a: Wattson|Protect|p2a: Wattson\n|-singleturn|p2a: Wattson|Protect\n|move|p2b: Larry|Close Combat|p1b: Earthworm\n|-supereffective|p1b: Earthworm\n|-damage|p1b: Earthworm|20\/100\n|-unboost|p2b: Larry|def|1\n|-unboost|p2b: Larry|spd|1\n|-enditem|p1b: Earthworm|Sitrus Berry|[eat]\n|-heal|p1b: Earthworm|45\/100|[from] item: Sitrus Berry\n|move|p1a: Thunder Thighs|Wild Charge|p2b: Larry\n|-supereffective|p2b: Larry\n|-damage|p2b: Larry|0 fnt\n|faint|p2b: Larry\n|-damage|p1a: Thunder Thighs|83\/100|[from] Recoil\n|\n|upkeep\n|\n|t:|1683411168\n|switch|p2b: Ramos|Wo-Chien, L50|100\/100\n|-ability|p2b: Ramos|Tablets of Ruin\n|turn|4\n|\n|t:|1683411219\n|move|p2b: Ramos|Protect|p2b: Ramos\n|-singleturn|p2b: Ramos|Protect\n|move|p2a: Wattson|Earthquake|p1a: Thunder Thighs|[spread] p1a\n|-activate|p2b: Ramos|move: Protect\n|-heal|p1b: Earthworm|70\/100|[from] ability: Earth Eater|[of] p2a: Wattson\n|-supereffective|p1a: Thunder Thighs\n|-damage|p1a: Thunder Thighs|47\/100\n|move|p1b: Earthworm|Body Press|p2b: Ramos\n|-activate|p2b: Ramos|move: Protect\n|move|p1a: Thunder Thighs|Earthquake|p2b: Ramos|[spread] p2a\n|-activate|p2b: Ramos|move: Protect\n|-heal|p1b: Earthworm|95\/100|[from] ability: Earth Eater|[of] p1a: Thunder Thighs\n|-damage|p2a: Wattson|81\/100\n|\n|upkeep\n|turn|5\n|\n|t:|1683411254\n|-end|p1a: Thunder Thighs|Quark Drive|[silent]\n|switch|p1a: AngryMicrowave|Rotom-Heat, L50, shiny|100\/100\n|move|p2a: Wattson|Swords Dance|p2a: Wattson\n|-boost|p2a: Wattson|atk|2\n|move|p2b: Ramos|Leech Seed|p1b: Earthworm\n|-start|p1b: Earthworm|move: Leech Seed\n|move|p1b: Earthworm|Body Press|p2b: Ramos\n|-supereffective|p2b: Ramos\n|-damage|p2b: Ramos|72\/100\n|\n|-heal|p2b: Ramos|78\/100|[from] item: Leftovers\n|-damage|p1b: Earthworm|83\/100|[from] Leech Seed|[of] p2b: Ramos\n|-heal|p2b: Ramos|88\/100|[silent]\n|upkeep\n|turn|6\n|\n|t:|1683411291\n|switch|p1b: SilverSurfer|Floatzel, L50, F, shiny|100\/100\n|move|p2b: Ramos|Protect|p2b: Ramos\n|-singleturn|p2b: Ramos|Protect\n|move|p1a: AngryMicrowave|Will-O-Wisp|p2a: Wattson\n|-status|p2a: Wattson|brn\n|move|p2a: Wattson|Rock Slide|p1b: SilverSurfer|[spread] p1a,p1b\n|-supereffective|p1a: AngryMicrowave\n|-damage|p1a: AngryMicrowave|57\/100\n|-damage|p1b: SilverSurfer|76\/100\n|\n|-heal|p2b: Ramos|94\/100|[from] item: Leftovers\n|-damage|p2a: Wattson|75\/100 brn|[from] brn\n|upkeep\n|turn|7\n|\n|t:|1683411333\n|switch|p2b: Opal|Sylveon, L50, F, shiny|100\/100\n|-terastallize|p1b: SilverSurfer|Water\n|move|p1b: SilverSurfer|Wave Crash|p2a: Wattson\n|-supereffective|p2a: Wattson\n|-damage|p2a: Wattson|0 fnt\n|faint|p2a: Wattson\n|-end|p2a: Wattson|Quark Drive|[silent]\n|-damage|p1b: SilverSurfer|47\/100|[from] Recoil\n|move|p1a: AngryMicrowave|Overheat|p2b: Opal\n|-damage|p2b: Opal|44\/100\n|-unboost|p1a: AngryMicrowave|spa|2\n|-damage|p1a: AngryMicrowave|48\/100|[from] item: Life Orb\n|\n|upkeep\n|\n|t:|1683411351\n|switch|p2a: Ramos|Wo-Chien, L50|94\/100\n|-ability|p2a: Ramos|Tablets of Ruin\n|turn|8\n|\n|t:|1683411384\n|switch|p1a: Earthworm|Orthworm, L50, F, shiny|83\/100\n|move|p1b: SilverSurfer|Wave Crash|p2b: Opal\n|-damage|p2b: Opal|0 fnt\n|faint|p2b: Opal\n|-damage|p1b: SilverSurfer|30\/100|[from] Recoil\n|move|p2a: Ramos|Giga Drain|p1b: SilverSurfer\n|-supereffective|p1b: SilverSurfer\n|-damage|p1b: SilverSurfer|0 fnt\n|-heal|p2a: Ramos|100\/100|[from] drain|[of] p1b: SilverSurfer\n|faint|p1b: SilverSurfer\n|\n|upkeep\n|\n|t:|1683411398\n|switch|p1b: AngryMicrowave|Rotom-Heat, L50, shiny|48\/100\n|turn|9\n|c|\u26065ilver_F0x|i think this is gg lol\n|\n|t:|1683411434\n|move|p1b: AngryMicrowave|Overheat|p2a: Ramos\n|-supereffective|p2a: Ramos\n|-damage|p2a: Ramos|0 fnt\n|-unboost|p1b: AngryMicrowave|spa|2\n|faint|p2a: Ramos\n|-damage|p1b: AngryMicrowave|39\/100|[from] item: Life Orb\n|\n|win|fangeddragon96\n|c|\u2606fangeddragon96|ggs\n","uploadtime":1683411444,"views":13,"p1id":"fangeddragon96","p2id":"5ilverf0x","formatid":"gen9vgc2023regulationc","rating":0,"private":0,"password":""}