{"id":"gen9vgc2023regulationc-1851276797","p1":"Felipe.Miller.V","p2":"alostKyna","format":"[Gen 9] VGC 2023 Regulation C","log":"|j|\u2606Felipe.Miller.V\n|j|\u2606alostKyna\n|t:|1682431904\n|gametype|doubles\n|player|p1|Felipe.Miller.V|2|1244\n|player|p2|alostKyna|169|1288\n|teamsize|p1|6\n|teamsize|p2|6\n|gen|9\n|tier|[Gen 9] VGC 2023 Regulation C\n|rated|\n|rule|Species Clause: Limit one of each Pok\u00e9mon\n|rule|Item Clause: Limit one of each item\n|clearpoke\n|poke|p1|Eiscue, L50, F|\n|poke|p1|Blissey, L50, F|\n|poke|p1|Palafin, L50, M|\n|poke|p1|Abomasnow, L50, F|\n|poke|p1|Iron Bundle, L50|\n|poke|p1|Bellibolt, L50, F|\n|poke|p2|Arcanine, L50, M|\n|poke|p2|Garchomp, L50, M|\n|poke|p2|Iron Bundle, L50|\n|poke|p2|Amoonguss, L50, M|\n|poke|p2|Flutter Mane, L50|\n|poke|p2|Dragonite, L50, M|\n|teampreview|4\n|inactive|Battle timer is ON: inactive players will automatically lose when time's up. (requested by alostKyna)\n|inactive|Felipe.Miller.V has 60 seconds left.\n|inactive|alostKyna has 60 seconds left.\n|\n|t:|1682431945\n|start\n|switch|p1a: Abominavel|Abomasnow, L50, F|100\/100\n|switch|p1b: MrRobot|Iron Bundle, L50|100\/100\n|switch|p2a: Iron Bundle|Iron Bundle, L50|100\/100\n|switch|p2b: Flutter Mane|Flutter Mane, L50|100\/100\n|-weather|Snow|[from] ability: Snow Warning|[of] p1a: Abominavel\n|-enditem|p2a: Iron Bundle|Booster Energy\n|-activate|p2a: Iron Bundle|ability: Quark Drive|[fromitem]\n|-start|p2a: Iron Bundle|quarkdrivespe\n|-enditem|p1b: MrRobot|Booster Energy\n|-activate|p1b: MrRobot|ability: Quark Drive|[fromitem]\n|-start|p1b: MrRobot|quarkdrivespe\n|turn|1\n|\n|t:|1682431961\n|move|p2b: Flutter Mane|Protect|p2b: Flutter Mane\n|-singleturn|p2b: Flutter Mane|Protect\n|move|p1a: Abominavel|Protect|p1a: Abominavel\n|-singleturn|p1a: Abominavel|Protect\n|move|p2a: Iron Bundle|Icy Wind|p1a: Abominavel|[spread] p1b\n|-activate|p1a: Abominavel|move: Protect\n|-resisted|p1b: MrRobot\n|-damage|p1b: MrRobot|90\/100\n|-unboost|p1b: MrRobot|spe|1\n|move|p1b: MrRobot|Aurora Veil|p1b: MrRobot\n|-sidestart|p1: Felipe.Miller.V|move: Aurora Veil\n|\n|-weather|Snow|[upkeep]\n|upkeep\n|turn|2\n|inactive|Felipe.Miller.V has 30 seconds left.\n|inactive|alostKyna has 30 seconds left.\n|\n|t:|1682431992\n|-end|p1b: MrRobot|Quark Drive|[silent]\n|switch|p1b: Nhonho|Bellibolt, L50, F, shiny|100\/100\n|move|p2a: Iron Bundle|Freeze-Dry|p1b: Nhonho\n|-damage|p1b: Nhonho|82\/100\n|-start|p1b: Nhonho|Charge|Freeze-Dry|[from] ability: Electromorphosis\n|move|p2b: Flutter Mane|Moonblast|p1b: Nhonho\n|-damage|p1b: Nhonho|53\/100\n|-start|p1b: Nhonho|Charge|Moonblast|[from] ability: Electromorphosis\n|move|p1a: Abominavel|Blizzard|p2a: Iron Bundle|[spread] p2a,p2b\n|-resisted|p2a: Iron Bundle\n|-damage|p2a: Iron Bundle|81\/100\n|-damage|p2b: Flutter Mane|59\/100\n|\n|-weather|Snow|[upkeep]\n|upkeep\n|turn|3\n|\n|t:|1682432015\n|move|p2a: Iron Bundle|Hydro Pump|p1b: Nhonho\n|-damage|p1b: Nhonho|22\/100\n|-start|p1b: Nhonho|Charge|Hydro Pump|[from] ability: Electromorphosis\n|-enditem|p1b: Nhonho|Iapapa Berry|[eat]\n|-heal|p1b: Nhonho|56\/100|[from] item: Iapapa Berry\n|move|p2b: Flutter Mane|Moonblast|p1b: Nhonho\n|-damage|p1b: Nhonho|25\/100\n|-start|p1b: Nhonho|Charge|Moonblast|[from] ability: Electromorphosis\n|move|p1a: Abominavel|Blizzard|p2a: Iron Bundle|[spread] p2a,p2b\n|-resisted|p2a: Iron Bundle\n|-damage|p2a: Iron Bundle|63\/100\n|-damage|p2b: Flutter Mane|21\/100\n|move|p1b: Nhonho|Parabolic Charge|p2a: Iron Bundle|[spread] p1a,p2a,p2b\n|-resisted|p1a: Abominavel\n|-supereffective|p2a: Iron Bundle\n|-damage|p1a: Abominavel|89\/100\n|-heal|p1b: Nhonho|30\/100|[from] drain|[of] p1a: Abominavel\n|-damage|p2a: Iron Bundle|0 fnt\n|-heal|p1b: Nhonho|49\/100|[from] drain|[of] p2a: Iron Bundle\n|-damage|p2b: Flutter Mane|0 fnt\n|-heal|p1b: Nhonho|55\/100|[from] drain|[of] p2b: Flutter Mane\n|faint|p2a: Iron Bundle\n|-end|p2a: Iron Bundle|Quark Drive|[silent]\n|faint|p2b: Flutter Mane\n|-end|p2b: Flutter Mane|Protosynthesis|[silent]\n|-end|p1b: Nhonho|Charge|[silent]\n|\n|-weather|Snow|[upkeep]\n|upkeep\n|\n|t:|1682432038\n|switch|p2a: Arcanine|Arcanine, L50, M|100\/100\n|switch|p2b: Dragonite|Dragonite, L50, M|100\/100\n|-ability|p2a: Arcanine|Intimidate|boost\n|-unboost|p1a: Abominavel|atk|1\n|-unboost|p1b: Nhonho|atk|1\n|turn|4\n|inactive|Felipe.Miller.V has 30 seconds left.\n|\n|t:|1682432073\n|move|p2b: Dragonite|Protect|p2b: Dragonite\n|-singleturn|p2b: Dragonite|Protect\n|move|p1a: Abominavel|Protect|p1a: Abominavel\n|-singleturn|p1a: Abominavel|Protect\n|move|p2a: Arcanine|Flare Blitz|p1b: Nhonho\n|-damage|p1b: Nhonho|22\/100\n|-start|p1b: Nhonho|Charge|Flare Blitz|[from] ability: Electromorphosis\n|-damage|p2a: Arcanine|88\/100|[from] Recoil\n|move|p1b: Nhonho|Parabolic Charge|p2a: Arcanine|[spread] p2a\n|-activate|p1a: Abominavel|move: Protect\n|-activate|p2b: Dragonite|move: Protect\n|-damage|p2a: Arcanine|47\/100\n|-heal|p1b: Nhonho|39\/100|[from] drain|[of] p2a: Arcanine\n|-end|p1b: Nhonho|Charge|[silent]\n|\n|-weather|Snow|[upkeep]\n|upkeep\n|turn|5\n|inactive|alostKyna has 30 seconds left.\n|inactive|Felipe.Miller.V has 30 seconds left.\n|inactive|Felipe.Miller.V has 20 seconds left.\n|\n|t:|1682432123\n|-terastallize|p2b: Dragonite|Flying\n|move|p2a: Arcanine|Flare Blitz|p1b: Nhonho\n|-damage|p1b: Nhonho|8\/100\n|-start|p1b: Nhonho|Charge|Flare Blitz|[from] ability: Electromorphosis\n|-damage|p2a: Arcanine|35\/100|[from] Recoil\n|move|p2b: Dragonite|Tera Blast|p1b: Nhonho\n|-resisted|p1b: Nhonho\n|-damage|p1b: Nhonho|0 fnt\n|faint|p1b: Nhonho\n|move|p1a: Abominavel|Blizzard|p2b: Dragonite|[spread] p2a,p2b\n|-resisted|p2a: Arcanine\n|-supereffective|p2b: Dragonite\n|-damage|p2a: Arcanine|13\/100\n|-damage|p2b: Dragonite|65\/100\n|\n|-weather|none\n|-sideend|p1: Felipe.Miller.V|move: Aurora Veil\n|upkeep\n|\n|t:|1682432145\n|switch|p1b: MrRobot|Iron Bundle, L50|90\/100\n|turn|6\n|\n|t:|1682432159\n|switch|p1a: DanoninhoIce|Eiscue, L50, F, shiny|100\/100\n|move|p2a: Arcanine|Protect|p2a: Arcanine\n|-singleturn|p2a: Arcanine|Protect\n|move|p1b: MrRobot|Blizzard|p2b: Dragonite|[spread] p2b\n|-activate|p2a: Arcanine|move: Protect\n|-supereffective|p2b: Dragonite\n|-damage|p2b: Dragonite|0 fnt\n|faint|p2b: Dragonite\n|\n|upkeep\n|turn|7\n|-message|alostKyna forfeited.\n|\n|win|Felipe.Miller.V\n|raw|Felipe.Miller.V's rating: 1244 → 1272<\/strong> (+28 for winning)\n|raw|alostKyna's rating: 1288 → 1260<\/strong> (-28 for losing)\n|l|\u2606alostKyna\n","uploadtime":1682432175,"views":18,"p1id":"felipemillerv","p2id":"alostkyna","formatid":"gen9vgc2023regulationc","rating":1260,"private":0,"password":""}