{"id":"gen9vgc2023regulationc-1855807185","p1":"XZacLee","p2":"N3rdSl4y3r","format":"[Gen 9] VGC 2023 Regulation C","log":"|j|\u2606XZacLee\n|j|\u2606N3rdSl4y3r\n|t:|1682986475\n|gametype|doubles\n|player|p1|XZacLee|larry|\n|player|p2|N3rdSl4y3r|rika|\n|teamsize|p1|6\n|teamsize|p2|6\n|gen|9\n|tier|[Gen 9] VGC 2023 Regulation C\n|rule|Species Clause: Limit one of each Pok\u00e9mon\n|rule|Item Clause: Limit one of each item\n|clearpoke\n|poke|p1|Gholdengo, L50|\n|poke|p1|Gyarados, L50, M|\n|poke|p1|Great Tusk, L50|\n|poke|p1|Murkrow, L50, F|\n|poke|p1|Flutter Mane, L50|\n|poke|p1|Chi-Yu, L50|\n|poke|p2|Breloom, L50, M|\n|poke|p2|Chi-Yu, L50|\n|poke|p2|Azumarill, L50, M|\n|poke|p2|Baxcalibur, L50, F|\n|poke|p2|Flutter Mane, L50|\n|poke|p2|Maushold-Four, L50|\n|teampreview|4\n|c|\u2606N3rdSl4y3r|glhf!\n|c|\u2606XZacLee|GLHF\nXZacLee has agreed to open team sheets.\n|c|\u2606XZacLee|oh hey this is the breloom team\nN3rdSl4y3r has agreed to open team sheets.\n|c|\u2606XZacLee|are we doing OTS?\n|\n|t:|1682986634\n|start\n|switch|p1a: Murkrow|Murkrow, L50, F|100\/100\n|switch|p1b: Gholdengo|Gholdengo, L50|100\/100\n|switch|p2a: Chi-Nuke|Chi-Yu, L50|100\/100\n|switch|p2b: samuel(s)|Maushold-Four, L50, shiny|100\/100\n|-ability|p2a: Chi-Nuke|Beads of Ruin\n|turn|1\n|\n|t:|1682986704\n|-terastallize|p2a: Chi-Nuke|Fire\n|-terastallize|p1b: Gholdengo|Water\n|move|p1a: Murkrow|Tailwind|p1a: Murkrow\n|-sidestart|p1: XZacLee|move: Tailwind\n|move|p1b: Gholdengo|Make It Rain|p2b: samuel(s)|[spread] p2a,p2b\n|-resisted|p2a: Chi-Nuke\n|-damage|p2a: Chi-Nuke|81\/100\n|-damage|p2b: samuel(s)|14\/100\n|-unboost|p1b: Gholdengo|spa|1\n|move|p2a: Chi-Nuke|Heat Wave|p1b: Gholdengo|[spread] p1a\n|-miss|p2a: Chi-Nuke|p1b: Gholdengo\n|-damage|p1a: Murkrow|25\/100\n|move|p2b: samuel(s)|Super Fang|p1b: Gholdengo\n|-damage|p1b: Gholdengo|50\/100\n|\n|-heal|p1b: Gholdengo|57\/100|[from] item: Leftovers\n|upkeep\n|turn|2\n|\n|t:|1682986740\n|move|p2b: samuel(s)|Follow Me|p2b: samuel(s)\n|-singleturn|p2b: samuel(s)|move: Follow Me\n|move|p1a: Murkrow|Haze|p1a: Murkrow\n|-clearallboost\n|move|p1b: Gholdengo|Make It Rain|p2a: Chi-Nuke|[spread] p2a,p2b\n|-resisted|p2a: Chi-Nuke\n|-damage|p2a: Chi-Nuke|60\/100\n|-damage|p2b: samuel(s)|0 fnt\n|-unboost|p1b: Gholdengo|spa|1\n|faint|p2b: samuel(s)\n|move|p2a: Chi-Nuke|Heat Wave|p1a: Murkrow|[spread] p1a,p1b\n|-resisted|p1b: Gholdengo\n|-damage|p1a: Murkrow|0 fnt\n|-damage|p1b: Gholdengo|23\/100\n|faint|p1a: Murkrow\n|\n|-heal|p1b: Gholdengo|29\/100|[from] item: Leftovers\n|upkeep\n|\n|t:|1682986778\n|switch|p2b: Jorunna Parva|Azumarill, L50, M, shiny|100\/100\n|switch|p1a: Great Tusk|Great Tusk, L50|100\/100\n|turn|3\n|\n|t:|1682986803\n|move|p1a: Great Tusk|Headlong Rush|p2a: Chi-Nuke\n|-supereffective|p2a: Chi-Nuke\n|-damage|p2a: Chi-Nuke|0 fnt\n|-unboost|p1a: Great Tusk|def|1\n|-unboost|p1a: Great Tusk|spd|1\n|faint|p2a: Chi-Nuke\n|move|p1b: Gholdengo|Nasty Plot|p1b: Gholdengo\n|-boost|p1b: Gholdengo|spa|2\n|move|p2b: Jorunna Parva|Play Rough|p1a: Great Tusk\n|-supereffective|p1a: Great Tusk\n|-damage|p1a: Great Tusk|0 fnt\n|faint|p1a: Great Tusk\n|-end|p1a: Great Tusk|Protosynthesis|[silent]\n|\n|-heal|p1b: Gholdengo|35\/100|[from] item: Leftovers\n|upkeep\n|\n|t:|1682986815\n|switch|p1a: Flutter Mane|Flutter Mane, L50|100\/100\n|switch|p2a: Hovering Cane|Flutter Mane, L50|100\/100\n|-enditem|p2a: Hovering Cane|Booster Energy\n|-activate|p2a: Hovering Cane|ability: Protosynthesis|[fromitem]\n|-start|p2a: Hovering Cane|protosynthesisspa\n|turn|4\n|\n|t:|1682986882\n|move|p2a: Hovering Cane|Protect|p2a: Hovering Cane\n|-singleturn|p2a: Hovering Cane|Protect\n|move|p2b: Jorunna Parva|Protect|p2b: Jorunna Parva\n|-singleturn|p2b: Jorunna Parva|Protect\n|move|p1a: Flutter Mane|Shadow Ball|p2b: Jorunna Parva\n|-activate|p2b: Jorunna Parva|move: Protect\n|move|p1b: Gholdengo|Shadow Ball|p2b: Jorunna Parva\n|-activate|p2b: Jorunna Parva|move: Protect\n|\n|-heal|p1b: Gholdengo|41\/100|[from] item: Leftovers\n|-sideend|p1: XZacLee|move: Tailwind\n|upkeep\n|turn|5\n|\n|t:|1682986897\n|move|p1a: Flutter Mane|Shadow Ball|p2a: Hovering Cane\n|-supereffective|p2a: Hovering Cane\n|-damage|p2a: Hovering Cane|10\/100\n|move|p2a: Hovering Cane|Thunderbolt|p1b: Gholdengo\n|-supereffective|p1b: Gholdengo\n|-damage|p1b: Gholdengo|0 fnt\n|faint|p1b: Gholdengo\n|move|p2b: Jorunna Parva|Play Rough|p1a: Flutter Mane|[miss]\n|-miss|p2b: Jorunna Parva|p1a: Flutter Mane\n|\n|upkeep\n|turn|6\n|\n|t:|1682986911\n|move|p2a: Hovering Cane|Protect|p2a: Hovering Cane\n|-singleturn|p2a: Hovering Cane|Protect\n|move|p1a: Flutter Mane|Shadow Ball|p2a: Hovering Cane\n|-activate|p2a: Hovering Cane|move: Protect\n|move|p2b: Jorunna Parva|Liquidation|p1a: Flutter Mane\n|-damage|p1a: Flutter Mane|0 fnt\n|faint|p1a: Flutter Mane\n|-end|p1a: Flutter Mane|Protosynthesis|[silent]\n|\n|win|N3rdSl4y3r\n|c|\u2606XZacLee|oh wow that thing is bulky\n|c|\u2606N3rdSl4y3r|Yep\n|c|\u2606N3rdSl4y3r|its calced\n|c|\u2606N3rdSl4y3r|I won 2 games off of that and perish in the tour lmao\n|c|\u2606XZacLee|calced for 252 specs flutter?\n","uploadtime":1682987716,"views":17,"p1id":"xzaclee","p2id":"n3rdsl4y3r","formatid":"gen9vgc2023regulationc","rating":0,"private":0,"password":""}