{"id":"gen9vgc2023regulationc-1852767938","p1":"iwillbuild","p2":"offmetatrash","format":"[Gen 9] VGC 2023 Regulation C","log":"|j|\u2606iwillbuild\n|j|\u2606offmetatrash\n|t:|1682604627\n|gametype|doubles\n|player|p1|iwillbuild|101|1103\n|player|p2|offmetatrash|rocketgruntf|1000\n|teamsize|p1|6\n|teamsize|p2|6\n|gen|9\n|tier|[Gen 9] VGC 2023 Regulation C\n|rated|\n|rule|Species Clause: Limit one of each Pok\u00e9mon\n|rule|Item Clause: Limit one of each item\n|clearpoke\n|poke|p1|Krookodile, L50, F|\n|poke|p1|Flutter Mane, L50|\n|poke|p1|Talonflame, L50, M|\n|poke|p1|Baxcalibur, L50, M|\n|poke|p1|Annihilape, L50, F|\n|poke|p1|Sableye, L50, M|\n|poke|p2|Arboliva, L50, M|\n|poke|p2|Glimmora, L50, M|\n|poke|p2|Gastrodon-East, L50, M|\n|poke|p2|Garganacl, L50, M|\n|poke|p2|Arcanine, L50, F|\n|poke|p2|Wo-Chien, L50|\n|teampreview|4\n|inactive|Battle timer is ON: inactive players will automatically lose when time's up. (requested by offmetatrash)\n|\n|t:|1682604666\n|start\n|switch|p1a: Annihilape|Annihilape, L50, F|100\/100\n|switch|p1b: Talonflame|Talonflame, L50, M, shiny|100\/100\n|switch|p2a: Glimmora|Glimmora, L50, M|100\/100\n|switch|p2b: Garganacl|Garganacl, L50, M|100\/100\n|turn|1\n|\n|t:|1682604689\n|move|p1b: Talonflame|Tailwind|p1b: Talonflame\n|-sidestart|p1: iwillbuild|move: Tailwind\n|move|p1a: Annihilape|Close Combat|p2b: Garganacl\n|-supereffective|p2b: Garganacl\n|-damage|p2b: Garganacl|54\/100\n|-unboost|p1a: Annihilape|def|1\n|-unboost|p1a: Annihilape|spd|1\n|-damage|p1a: Annihilape|84\/100|[from] item: Rocky Helmet|[of] p2b: Garganacl\n|move|p2a: Glimmora|Power Gem|p1b: Talonflame\n|-supereffective|p1b: Talonflame\n|-enditem|p1b: Talonflame|Focus Sash\n|-damage|p1b: Talonflame|1\/100\n|move|p2b: Garganacl|Salt Cure|p1b: Talonflame\n|-supereffective|p1b: Talonflame\n|-crit|p1b: Talonflame\n|-damage|p1b: Talonflame|0 fnt\n|faint|p1b: Talonflame\n|\n|upkeep\n|\n|t:|1682604701\n|switch|p1b: Krookodile|Krookodile, L50, F, shiny|100\/100\n|turn|2\n|\n|t:|1682604713\n|move|p2b: Garganacl|Wide Guard|p2b: Garganacl\n|-singleturn|p2b: Garganacl|Wide Guard\n|move|p1a: Annihilape|Close Combat|p2a: Glimmora\n|-damage|p2a: Glimmora|48\/100\n|-unboost|p1a: Annihilape|def|1\n|-unboost|p1a: Annihilape|spd|1\n|move|p1b: Krookodile|Aqua Tail|p2b: Garganacl\n|-supereffective|p2b: Garganacl\n|-damage|p2b: Garganacl|1\/100\n|-damage|p1b: Krookodile|84\/100|[from] item: Rocky Helmet|[of] p2b: Garganacl\n|move|p2a: Glimmora|Mortal Spin|p1a: Annihilape|[spread] p1a,p1b\n|-resisted|p1a: Annihilape\n|-resisted|p1b: Krookodile\n|-damage|p1a: Annihilape|80\/100\n|-damage|p1b: Krookodile|81\/100\n|-status|p1a: Annihilape|psn\n|-status|p1b: Krookodile|psn\n|\n|-damage|p1a: Annihilape|67\/100 psn|[from] psn\n|-damage|p1b: Krookodile|69\/100 psn|[from] psn\n|upkeep\n|turn|3\n|inactive|iwillbuild has 30 seconds left.\n|inactive|iwillbuild has 20 seconds left.\n|\n|t:|1682604750\n|switch|p1b: Baxcalibur|Baxcalibur, L50, M|100\/100\n|move|p2a: Glimmora|Spiky Shield|p2a: Glimmora\n|-singleturn|p2a: Glimmora|move: Protect\n|move|p1a: Annihilape|Close Combat|p2a: Glimmora\n|-activate|p2a: Glimmora|move: Protect\n|-damage|p1a: Annihilape|55\/100 psn|[from] Spiky Shield|[of] p2a: Glimmora\n|move|p2b: Garganacl|Salt Cure|p1a: Annihilape\n|-resisted|p1a: Annihilape\n|-damage|p1a: Annihilape|42\/100 psn\n|-start|p1a: Annihilape|Salt Cure\n|\n|-damage|p1a: Annihilape|29\/100 psn|[from] psn\n|-damage|p1a: Annihilape|17\/100 psn|[from] Salt Cure\n|upkeep\n|turn|4\n|\n|t:|1682604762\n|move|p1a: Annihilape|Close Combat|p2a: Glimmora\n|-damage|p2a: Glimmora|2\/100\n|-unboost|p1a: Annihilape|def|1\n|-unboost|p1a: Annihilape|spd|1\n|move|p1b: Baxcalibur|Tera Blast|p2b: Garganacl\n|-resisted|p2b: Garganacl\n|-damage|p2b: Garganacl|0 fnt\n|faint|p2b: Garganacl\n|move|p2a: Glimmora|Toxic|p1b: Baxcalibur\n|-status|p1b: Baxcalibur|tox\n|\n|-damage|p1a: Annihilape|4\/100 psn|[from] psn\n|-damage|p1b: Baxcalibur|95\/100 tox|[from] psn\n|-damage|p1a: Annihilape|0 fnt|[from] Salt Cure\n|faint|p1a: Annihilape\n|-sideend|p1: iwillbuild|move: Tailwind\n|upkeep\n|\n|t:|1682604766\n|switch|p1a: Krookodile|Krookodile, L50, F, shiny|69\/100 psn\n|switch|p2b: Arboliva|Arboliva, L50, M|100\/100\n|turn|5\n|inactive|iwillbuild has 30 seconds left.\n|inactive|iwillbuild has 20 seconds left.\n|\n|t:|1682604804\n|move|p2a: Glimmora|Power Gem|p1b: Baxcalibur\n|-supereffective|p1b: Baxcalibur\n|-damage|p1b: Baxcalibur|23\/100 tox\n|move|p1a: Krookodile|Fire Fang|p2a: Glimmora\n|-resisted|p2a: Glimmora\n|-damage|p2a: Glimmora|0 fnt\n|faint|p2a: Glimmora\n|-ability|p1a: Krookodile|Moxie|boost\n|-boost|p1a: Krookodile|atk|1\n|move|p1b: Baxcalibur|Icicle Spear|p2b: Arboliva\n|-supereffective|p2b: Arboliva\n|-damage|p2b: Arboliva|67\/100\n|-supereffective|p2b: Arboliva\n|-damage|p2b: Arboliva|34\/100\n|-enditem|p2b: Arboliva|Sitrus Berry|[eat]\n|-heal|p2b: Arboliva|59\/100|[from] item: Sitrus Berry\n|-supereffective|p2b: Arboliva\n|-damage|p2b: Arboliva|27\/100\n|-supereffective|p2b: Arboliva\n|-damage|p2b: Arboliva|0 fnt\n|faint|p2b: Arboliva\n|-hitcount|p2: Arboliva|4\n|\n|-damage|p1a: Krookodile|56\/100 psn|[from] psn\n|-damage|p1b: Baxcalibur|11\/100 tox|[from] psn\n|upkeep\n|\n|t:|1682604808\n|switch|p2b: Wo-Chien|Wo-Chien, L50|100\/100\n|-ability|p2b: Wo-Chien|Tablets of Ruin\n|turn|6\n|\n|t:|1682604823\n|-terastallize|p1b: Baxcalibur|Grass\n|-terastallize|p2b: Wo-Chien|Poison\n|move|p1a: Krookodile|Fire Fang|p2b: Wo-Chien\n|-damage|p2b: Wo-Chien|75\/100\n|move|p1b: Baxcalibur|Icicle Spear|p2b: Wo-Chien\n|-damage|p2b: Wo-Chien|67\/100\n|-damage|p2b: Wo-Chien|58\/100\n|-damage|p2b: Wo-Chien|49\/100\n|-damage|p2b: Wo-Chien|40\/100\n|-hitcount|p2b: Wo-Chien|4\n|move|p2b: Wo-Chien|Foul Play|p1a: Krookodile\n|-resisted|p1a: Krookodile\n|-damage|p1a: Krookodile|6\/100 psn\n|\n|-damage|p1a: Krookodile|0 fnt|[from] psn\n|faint|p1a: Krookodile\n|-damage|p1b: Baxcalibur|0 fnt|[from] psn\n|faint|p1b: Baxcalibur\n|\n|win|offmetatrash\n|upkeep\n|raw|iwillbuild's rating: 1103 → 1071<\/strong> (-32 for losing)\n|raw|offmetatrash's rating: 1000 → 1052<\/strong> (+52 for winning)\n|l|\u2606iwillbuild\n","uploadtime":1682604839,"views":9,"p1id":"iwillbuild","p2id":"offmetatrash","formatid":"gen9vgc2023regulationc","rating":1052,"private":0,"password":""}