{"id":"gen9vgc2023regulationc-1861195428","p1":"ITS PAPAW TIME","p2":"pocketchansey","format":"[Gen 9] VGC 2023 Regulation C","log":"|j|\u2606ITS PAPAW TIME\n|j|\u2606pocketchansey\n|t:|1683734877\n|gametype|doubles\n|player|p1|ITS PAPAW TIME|ingo|\n|player|p2|pocketchansey|170|\n|teamsize|p1|6\n|teamsize|p2|6\n|gen|9\n|tier|[Gen 9] VGC 2023 Regulation C\n|rule|Species Clause: Limit one of each Pok\u00e9mon\n|rule|Item Clause: Limit one of each item\n|clearpoke\n|poke|p1|Baxcalibur, L50, M|\n|poke|p1|Palafin, L50, F|\n|poke|p1|Arcanine, L50, M|\n|poke|p1|Flutter Mane, L50|\n|poke|p1|Ting-Lu, L50|\n|poke|p1|Amoonguss, L50, F|\n|poke|p2|Azumarill, L50, F|\n|poke|p2|Gholdengo, L50|\n|poke|p2|Amoonguss, L50, F|\n|poke|p2|Volcarona, L50, F|\n|poke|p2|Chien-Pao, L50|\n|poke|p2|Dragonite, L50, F|\n|teampreview|4\nITS PAPAW TIME has agreed to open team sheets.\n|\n|t:|1683734903\n|start\n|switch|p1a: Arcanine|Arcanine, L50, M|100\/100\n|switch|p1b: Ting-Lu|Ting-Lu, L50|100\/100\n|switch|p2a: Goldy|Azumarill, L50, F, shiny|100\/100\n|switch|p2b: Amanita|Amoonguss, L50, F, shiny|100\/100\n|-ability|p1a: Arcanine|Intimidate|boost\n|-unboost|p2a: Goldy|atk|1\n|-unboost|p2b: Amanita|atk|1\n|-ability|p1b: Ting-Lu|Vessel of Ruin\n|turn|1\n|\n|t:|1683734939\n|-terastallize|p1b: Ting-Lu|Water\n|-terastallize|p2b: Amanita|Water\n|move|p2b: Amanita|Rage Powder|p2b: Amanita\n|-singleturn|p2b: Amanita|move: Rage Powder\n|move|p1a: Arcanine|Will-O-Wisp|p2a: Goldy\n|-status|p2a: Goldy|brn\n|move|p2a: Goldy|Belly Drum|p2a: Goldy\n|-damage|p2a: Goldy|50\/100 brn\n|-setboost|p2a: Goldy|atk|6|[from] move: Belly Drum\n|-enditem|p2a: Goldy|Sitrus Berry|[eat]\n|-heal|p2a: Goldy|75\/100 brn|[from] item: Sitrus Berry\n|move|p1b: Ting-Lu|Ruination|p2b: Amanita\n|-damage|p2b: Amanita|51\/100\n|\n|-damage|p2a: Goldy|69\/100 brn|[from] brn\n|upkeep\n|turn|2\n|\n|t:|1683734964\n|switch|p1a: Amoonguss|Amoonguss, L50, F|100\/100\n|switch|p2b: Chimuela|Dragonite, L50, F|100\/100\n|move|p2a: Goldy|Aqua Jet|p1a: Amoonguss\n|-resisted|p1a: Amoonguss\n|-damage|p1a: Amoonguss|82\/100\n|move|p1b: Ting-Lu|Heavy Slam|p2a: Goldy\n|-damage|p2a: Goldy|35\/100 brn\n|\n|-damage|p2a: Goldy|29\/100 brn|[from] brn\n|upkeep\n|turn|3\n|\n|t:|1683735002\n|move|p1a: Amoonguss|Protect|p1a: Amoonguss\n|-singleturn|p1a: Amoonguss|Protect\n|move|p2b: Chimuela|Stomping Tantrum|p1b: Ting-Lu\n|-damage|p1b: Ting-Lu|77\/100\n|move|p2a: Goldy|Ice Spinner|p1a: Amoonguss\n|-activate|p1a: Amoonguss|move: Protect\n|move|p1b: Ting-Lu|Ruination|p2b: Chimuela|[miss]\n|-miss|p1b: Ting-Lu|p2b: Chimuela\n|\n|-damage|p2a: Goldy|23\/100 brn|[from] brn\n|upkeep\n|turn|4\n|\n|t:|1683735021\n|switch|p1b: Arcanine|Arcanine, L50, M|100\/100\n|-ability|p1b: Arcanine|Intimidate|boost\n|-unboost|p2a: Goldy|atk|1\n|-fail|p2b: Chimuela|unboost|Attack|[from] ability: Inner Focus|[of] p2b: Chimuela\n|move|p2b: Chimuela|Stomping Tantrum|p1b: Arcanine\n|-supereffective|p1b: Arcanine\n|-damage|p1b: Arcanine|14\/100\n|move|p2a: Goldy|Ice Spinner|p1a: Amoonguss\n|-supereffective|p1a: Amoonguss\n|-damage|p1a: Amoonguss|0 fnt\n|faint|p1a: Amoonguss\n|\n|-damage|p2a: Goldy|17\/100 brn|[from] brn\n|upkeep\n|\n|t:|1683735035\n|switch|p1a: Baxcalibur|Baxcalibur, L50, M|100\/100\n|turn|5\n|\n|t:|1683735044\n|move|p1b: Arcanine|Extreme Speed|p2a: Goldy\n|-damage|p2a: Goldy|0 fnt\n|faint|p2a: Goldy\n|move|p1a: Baxcalibur|Icicle Crash|p2b: Chimuela\n|-supereffective|p2b: Chimuela\n|-damage|p2b: Chimuela|0 fnt\n|faint|p2b: Chimuela\n|\n|upkeep\n|\n|t:|1683735075\n|switch|p2b: Naru|Chien-Pao, L50|100\/100\n|switch|p2a: Amanita|Amoonguss, L50, F, shiny, tera:Water|84\/100\n|-ability|p2b: Naru|Sword of Ruin\n|turn|6\n|\n|t:|1683735099\n|move|p2b: Naru|Protect|p2b: Naru\n|-singleturn|p2b: Naru|Protect\n|move|p1b: Arcanine|Extreme Speed|p2b: Naru\n|-activate|p2b: Naru|move: Protect\n|move|p1a: Baxcalibur|Glaive Rush|p2a: Amanita\n|-damage|p2a: Amanita|6\/100\n|-singlemove|p1a: Baxcalibur|Glaive Rush|[silent]\n|-enditem|p2a: Amanita|Aguav Berry|[eat]\n|-heal|p2a: Amanita|39\/100|[from] item: Aguav Berry\n|move|p2a: Amanita|Spore|p1a: Baxcalibur\n|-status|p1a: Baxcalibur|slp|[from] move: Spore\n|\n|upkeep\n|turn|7\n|\n|t:|1683735121\n|move|p1b: Arcanine|Extreme Speed|p2b: Naru\n|-damage|p2b: Naru|70\/100\n|move|p2b: Naru|Sucker Punch||[still]\n|-fail|p2b: Naru\n|cant|p1a: Baxcalibur|slp\n|move|p2a: Amanita|Leaf Storm|p1a: Baxcalibur\n|-resisted|p1a: Baxcalibur\n|-damage|p1a: Baxcalibur|82\/100 slp\n|-unboost|p2a: Amanita|spa|2\n|\n|upkeep\n|turn|8\n|\n|t:|1683735144\n|move|p2b: Naru|Protect|p2b: Naru\n|-singleturn|p2b: Naru|Protect\n|move|p2a: Amanita|Protect|p2a: Amanita\n|-singleturn|p2a: Amanita|Protect\n|move|p1b: Arcanine|Extreme Speed|p2a: Amanita\n|-activate|p2a: Amanita|move: Protect\n|-curestatus|p1a: Baxcalibur|slp|[msg]\n|move|p1a: Baxcalibur|Glaive Rush|p2a: Amanita\n|-activate|p2a: Amanita|move: Protect\n|\n|upkeep\n|turn|9\n|\n|t:|1683735164\n|move|p1b: Arcanine|Extreme Speed|p2b: Naru\n|-damage|p2b: Naru|43\/100\n|move|p2b: Naru|Sucker Punch||[still]\n|-fail|p2b: Naru\n|move|p1a: Baxcalibur|Glaive Rush|p2a: Amanita\n|-damage|p2a: Amanita|0 fnt\n|-singlemove|p1a: Baxcalibur|Glaive Rush|[silent]\n|faint|p2a: Amanita\n|\n|upkeep\n|turn|10\n|\n|t:|1683735208\n|move|p2b: Naru|Ice Spinner|p1a: Baxcalibur\n|-damage|p1a: Baxcalibur|0 fnt\n|faint|p1a: Baxcalibur\n|move|p1b: Arcanine|Flare Blitz|p2b: Naru\n|-supereffective|p2b: Naru\n|-damage|p2b: Naru|0 fnt\n|faint|p2b: Naru\n|-damage|p1b: Arcanine|1\/100|[from] Recoil\n|\n|win|ITS PAPAW TIME\n|c|\u2606ITS PAPAW TIME|gg\n|c|\u2606ITS PAPAW TIME|pinche gumi\n","uploadtime":1683735622,"views":9,"p1id":"itspapawtime","p2id":"pocketchansey","formatid":"gen9vgc2023regulationc","rating":0,"private":0,"password":""}