{"id":"gen9vgc2023regulationc-1846056781","p1":"ee123","p2":"uhoh I poopd","format":"[Gen 9] VGC 2023 Regulation C","log":"|j|\u2606ee123\n|j|\u2606uhoh I poopd\n|t:|1681798944\n|gametype|doubles\n|player|p1|ee123|lady-gen4|1346\n|player|p2|uhoh I poopd|colress|1341\n|teamsize|p1|6\n|teamsize|p2|6\n|gen|9\n|tier|[Gen 9] VGC 2023 Regulation C\n|rated|\n|rule|Species Clause: Limit one of each Pok\u00e9mon\n|rule|Item Clause: Limit one of each item\n|clearpoke\n|poke|p1|Amoonguss, L50, M|\n|poke|p1|Pelipper, L50, M|\n|poke|p1|Palafin, L50, M|\n|poke|p1|Barraskewda, L50, F|\n|poke|p1|Chien-Pao, L50|\n|poke|p1|Gholdengo, L50|\n|poke|p2|Masquerain, L50, M|\n|poke|p2|Coalossal, L50, M|\n|poke|p2|Amoonguss, L50, M|\n|poke|p2|Arcanine, L50, M|\n|poke|p2|Palafin, L50, M|\n|poke|p2|Annihilape, L50, M|\n|teampreview|4\n|inactive|Battle timer is ON: inactive players will automatically lose when time's up. (requested by ee123)\n|inactive|ee123 has 60 seconds left.\n|inactive|uhoh I poopd has 60 seconds left.\n|\n|t:|1681798990\n|start\n|switch|p1a: Palafin|Palafin, L50, M|100\/100\n|switch|p1b: Barraskewda|Barraskewda, L50, F|100\/100\n|switch|p2a: Palafin|Palafin, L50, M|100\/100\n|switch|p2b: Angy|Annihilape, L50, M|100\/100\n|turn|1\n|\n|t:|1681799006\n|detailschange|p1a: Palafin|Palafin-Hero, L50, M\n|switch|p1a: Amoonguss|Amoonguss, L50, M|100\/100\n|detailschange|p2a: Palafin|Palafin-Hero, L50, M\n|switch|p2a: Brutus|Arcanine, L50, M, shiny|100\/100\n|-ability|p2a: Brutus|Intimidate|boost\n|-unboost|p1a: Amoonguss|atk|1\n|-unboost|p1b: Barraskewda|atk|1\n|move|p1b: Barraskewda|Close Combat|p2a: Brutus\n|-damage|p2a: Brutus|70\/100\n|-unboost|p1b: Barraskewda|def|1\n|-unboost|p1b: Barraskewda|spd|1\n|move|p2b: Angy|Bulk Up|p2b: Angy\n|-boost|p2b: Angy|atk|1\n|-boost|p2b: Angy|def|1\n|\n|upkeep\n|turn|2\n|inactive|uhoh I poopd has 30 seconds left.\n|\n|t:|1681799038\n|switch|p1b: Pelipper|Pelipper, L50, M|100\/100\n|-weather|RainDance|[from] ability: Drizzle|[of] p1b: Pelipper\n|-terastallize|p1a: Amoonguss|Fire\n|move|p2a: Brutus|Flare Blitz|p1a: Amoonguss\n|-resisted|p1a: Amoonguss\n|-damage|p1a: Amoonguss|90\/100\n|-damage|p2a: Brutus|53\/100|[from] item: Rocky Helmet|[of] p1a: Amoonguss\n|-damage|p2a: Brutus|49\/100|[from] Recoil\n|-enditem|p2a: Brutus|Sitrus Berry|[eat]\n|-heal|p2a: Brutus|74\/100|[from] item: Sitrus Berry\n|move|p2b: Angy|Bulk Up|p2b: Angy\n|-boost|p2b: Angy|atk|1\n|-boost|p2b: Angy|def|1\n|move|p1a: Amoonguss|Spore|p2b: Angy\n|-status|p2b: Angy|slp|[from] move: Spore\n|\n|-weather|RainDance|[upkeep]\n|upkeep\n|turn|3\n|\n|t:|1681799059\n|switch|p2a: Toad|Amoonguss, L50, M|100\/100\n|switch|p1a: Barraskewda|Barraskewda, L50, F|100\/100\n|cant|p2b: Angy|slp\n|move|p1b: Pelipper|Hurricane|p2b: Angy\n|-supereffective|p2b: Angy\n|-damage|p2b: Angy|40\/100 slp\n|-start|p2b: Angy|confusion\n|\n|-weather|RainDance|[upkeep]\n|-heal|p2b: Angy|46\/100 slp|[from] item: Leftovers\n|upkeep\n|turn|4\n|\n|t:|1681799070\n|-terastallize|p2a: Toad|Water\n|cant|p2b: Angy|slp\n|move|p1a: Barraskewda|Liquidation|p2b: Angy\n|-damage|p2b: Angy|17\/100 slp\n|move|p1b: Pelipper|Hurricane|p2a: Toad\n|-damage|p2a: Toad|73\/100\n|move|p2a: Toad|Spore|p1b: Pelipper\n|-status|p1b: Pelipper|slp|[from] move: Spore\n|\n|-weather|RainDance|[upkeep]\n|-heal|p2b: Angy|23\/100 slp|[from] item: Leftovers\n|upkeep\n|turn|5\n|\n|t:|1681799083\n|switch|p1a: Amoonguss|Amoonguss, L50, M, tera:Fire|100\/100\n|move|p2a: Toad|Rage Powder|p2a: Toad\n|-singleturn|p2a: Toad|move: Rage Powder\n|cant|p2b: Angy|slp\n|cant|p1b: Pelipper|slp\n|\n|-weather|RainDance|[upkeep]\n|-heal|p2b: Angy|29\/100 slp|[from] item: Leftovers\n|upkeep\n|turn|6\n|\n|t:|1681799095\n|-curestatus|p2b: Angy|slp|[msg]\n|-activate|p2b: Angy|confusion\n|-damage|p2b: Angy|17\/100|[from] confusion\n|cant|p1b: Pelipper|slp\n|move|p1a: Amoonguss|Spore|p2a: Toad\n|-status|p2a: Toad|slp|[from] move: Spore\n|cant|p2a: Toad|slp\n|\n|-weather|RainDance|[upkeep]\n|-heal|p2b: Angy|23\/100|[from] item: Leftovers\n|upkeep\n|turn|7\n|\n|t:|1681799108\n|move|p1a: Amoonguss|Rage Powder|p1a: Amoonguss\n|-singleturn|p1a: Amoonguss|move: Rage Powder\n|-activate|p2b: Angy|confusion\n|move|p2b: Angy|Drain Punch|p1a: Amoonguss\n|-damage|p1a: Amoonguss|52\/100\n|-heal|p2b: Angy|48\/100|[from] drain|[of] p1a: Amoonguss\n|-damage|p2b: Angy|31\/100|[from] item: Rocky Helmet|[of] p1a: Amoonguss\n|-curestatus|p1b: Pelipper|slp|[msg]\n|move|p1b: Pelipper|Hurricane|p2b: Angy\n|-supereffective|p2b: Angy\n|-damage|p2b: Angy|0 fnt\n|faint|p2b: Angy\n|cant|p2a: Toad|slp\n|\n|-weather|RainDance|[upkeep]\n|upkeep\n|\n|t:|1681799113\n|switch|p2b: Palafin|Palafin-Hero, L50, M|100\/100\n|-activate|p2b: Palafin|ability: Zero to Hero\n|turn|8\n|\n|t:|1681799132\n|move|p1a: Amoonguss|Protect|p1a: Amoonguss\n|-singleturn|p1a: Amoonguss|Protect\n|move|p2b: Palafin|Jet Punch|p1a: Amoonguss\n|-activate|p1a: Amoonguss|move: Protect\n|move|p1b: Pelipper|Hurricane|p2b: Palafin\n|-damage|p2b: Palafin|61\/100\n|-start|p2b: Palafin|confusion\n|cant|p2a: Toad|slp\n|\n|-weather|RainDance|[upkeep]\n|upkeep\n|turn|9\n|\n|t:|1681799143\n|switch|p1a: Palafin|Palafin-Hero, L50, M|100\/100\n|-activate|p1a: Palafin|ability: Zero to Hero\n|-activate|p2b: Palafin|confusion\n|-damage|p2b: Palafin|46\/100|[from] confusion\n|move|p1b: Pelipper|Hurricane|p2b: Palafin\n|-damage|p2b: Palafin|10\/100\n|-curestatus|p2a: Toad|slp|[msg]\n|move|p2a: Toad|Spore|p1b: Pelipper\n|-status|p1b: Pelipper|slp|[from] move: Spore\n|\n|-weather|none\n|upkeep\n|turn|10\n|\n|t:|1681799162\n|-activate|p2b: Palafin|confusion\n|move|p2b: Palafin|Protect|p2b: Palafin\n|-singleturn|p2b: Palafin|Protect\n|move|p1a: Palafin|Jet Punch|p2b: Palafin\n|-activate|p2b: Palafin|move: Protect\n|cant|p1b: Pelipper|slp\n|move|p2a: Toad|Spore|p1a: Palafin\n|-status|p1a: Palafin|slp|[from] move: Spore\n|\n|upkeep\n|turn|11\n|\n|t:|1681799176\n|switch|p1a: Amoonguss|Amoonguss, L50, M, tera:Fire|85\/100\n|-activate|p2b: Palafin|confusion\n|move|p2b: Palafin|Jet Punch|p1b: Pelipper\n|-resisted|p1b: Pelipper\n|-damage|p1b: Pelipper|79\/100 slp\n|cant|p1b: Pelipper|slp\n|move|p2a: Toad|Pollen Puff|p2b: Palafin\n|-heal|p2b: Palafin|59\/100\n|\n|upkeep\n|turn|12\n|\n|t:|1681799189\n|switch|p1a: Palafin|Palafin-Hero, L50, M|100\/100 slp\n|-activate|p2b: Palafin|confusion\n|move|p2b: Palafin|Jet Punch|p1a: Palafin\n|-resisted|p1a: Palafin\n|-damage|p1a: Palafin|76\/100 slp\n|-curestatus|p1b: Pelipper|slp|[msg]\n|move|p1b: Pelipper|Hurricane|p2b: Palafin|[miss]\n|-miss|p1b: Pelipper|p2b: Palafin\n|move|p2a: Toad|Spore|p1b: Pelipper\n|-status|p1b: Pelipper|slp|[from] move: Spore\n|\n|upkeep\n|turn|13\n|\n|t:|1681799206\n|switch|p1b: Amoonguss|Amoonguss, L50, M, tera:Fire|100\/100\n|cant|p1a: Palafin|slp\n|-end|p2b: Palafin|confusion\n|move|p2b: Palafin|Wave Crash|p1a: Palafin\n|-resisted|p1a: Palafin\n|-damage|p1a: Palafin|32\/100 slp\n|-damage|p2b: Palafin|45\/100|[from] Recoil\n|move|p2a: Toad|Pollen Puff|p2b: Palafin\n|-heal|p2b: Palafin|95\/100\n|\n|upkeep\n|turn|14\n|\n|t:|1681799220\n|move|p1b: Amoonguss|Protect|p1b: Amoonguss\n|-singleturn|p1b: Amoonguss|Protect\n|cant|p1a: Palafin|slp\n|move|p2b: Palafin|Wave Crash|p1b: Amoonguss\n|-activate|p1b: Amoonguss|move: Protect\n|move|p2a: Toad|Spore|p1a: Palafin\n|-fail|p1a: Palafin|slp\n|\n|upkeep\n|turn|15\n|\n|t:|1681799230\n|switch|p1b: Pelipper|Pelipper, L50, M|79\/100 slp\n|-weather|RainDance|[from] ability: Drizzle|[of] p1b: Pelipper\n|cant|p1a: Palafin|slp\n|move|p2b: Palafin|Wave Crash|p1b: Pelipper\n|-resisted|p1b: Pelipper\n|-damage|p1b: Pelipper|19\/100 slp\n|-damage|p2b: Palafin|79\/100|[from] Recoil\n|move|p2a: Toad|Spore|p1a: Palafin\n|-fail|p1a: Palafin|slp\n|\n|-weather|RainDance|[upkeep]\n|upkeep\n|turn|16\n|\n|t:|1681799246\n|cant|p1b: Pelipper|slp\n|move|p2b: Palafin|Jet Punch|p1b: Pelipper\n|-resisted|p1b: Pelipper\n|-damage|p1b: Pelipper|0 fnt\n|faint|p1b: Pelipper\n|-curestatus|p1a: Palafin|slp|[msg]\n|move|p1a: Palafin|Wave Crash|p2a: Toad\n|-resisted|p2a: Toad\n|-damage|p2a: Toad|7\/100\n|-enditem|p2a: Toad|Iapapa Berry|[eat]\n|-heal|p2a: Toad|40\/100|[from] item: Iapapa Berry\n|-damage|p1a: Palafin|7\/100|[from] Recoil\n|move|p2a: Toad|Spore|p1a: Palafin\n|-status|p1a: Palafin|slp|[from] move: Spore\n|\n|-weather|RainDance|[upkeep]\n|upkeep\n|\n|t:|1681799257\n|switch|p1b: Barraskewda|Barraskewda, L50, F|100\/100\n|turn|17\n|\n|t:|1681799271\n|move|p1b: Barraskewda|Liquidation|p2a: Toad\n|-resisted|p2a: Toad\n|-damage|p2a: Toad|11\/100\n|cant|p1a: Palafin|slp\n|move|p2b: Palafin|Wave Crash|p1b: Barraskewda\n|-resisted|p1b: Barraskewda\n|-enditem|p1b: Barraskewda|Focus Sash\n|-damage|p1b: Barraskewda|1\/100\n|-damage|p2b: Palafin|58\/100|[from] Recoil\n|move|p2a: Toad|Spore|p1b: Barraskewda\n|-status|p1b: Barraskewda|slp|[from] move: Spore\n|\n|-weather|RainDance|[upkeep]\n|upkeep\n|turn|18\n|\n|t:|1681799282\n|cant|p1b: Barraskewda|slp\n|move|p2b: Palafin|Jet Punch|p1a: Palafin\n|-resisted|p1a: Palafin\n|-damage|p1a: Palafin|0 fnt\n|faint|p1a: Palafin\n|move|p2a: Toad|Pollen Puff|p2b: Palafin\n|-heal|p2b: Palafin|100\/100\n|\n|-weather|RainDance|[upkeep]\n|upkeep\n|\n|t:|1681799286\n|switch|p1a: Amoonguss|Amoonguss, L50, M, tera:Fire|100\/100\n|turn|19\n|-message|ee123 forfeited.\n|\n|win|uhoh I poopd\n|raw|ee123's rating: 1346 → 1326<\/strong> (-20 for losing)\n|raw|uhoh I poopd's rating: 1341 → 1361<\/strong> (+20 for winning)\n|l|\u2606ee123\n","uploadtime":1681799296,"views":5,"p1id":"ee123","p2id":"uhohipoopd","formatid":"gen9vgc2023regulationc","rating":1326,"private":0,"password":""}