{"id":"gen9vgc2023regulationc-1859659502","p1":"hysaaron","p2":"killowattt","format":"[Gen 9] VGC 2023 Regulation C","log":"|j|\u2606hysaaron\n|j|\u2606killowattt\n|t:|1683553599\n|gametype|doubles\n|player|p1|hysaaron|169|1122\n|player|p2|killowattt|266|1110\n|teamsize|p1|6\n|teamsize|p2|6\n|gen|9\n|tier|[Gen 9] VGC 2023 Regulation C\n|rated|\n|rule|Species Clause: Limit one of each Pok\u00e9mon\n|rule|Item Clause: Limit one of each item\n|clearpoke\n|poke|p1|Flutter Mane, L50|\n|poke|p1|Amoonguss, L50, F|\n|poke|p1|Ting-Lu, L50|\n|poke|p1|Arcanine, L50, M|\n|poke|p1|Palafin, L50, F|\n|poke|p1|Dragonite, L50, F|\n|poke|p2|Chi-Yu, L50|\n|poke|p2|Iron Bundle, L50|\n|poke|p2|Great Tusk, L50|\n|poke|p2|Murkrow, L50, M|\n|poke|p2|Flutter Mane, L50|\n|poke|p2|Iron Thorns, L50|\n|teampreview|4\n|inactive|Battle timer is ON: inactive players will automatically lose when time's up. (requested by hysaaron)\n|\n|t:|1683553662\n|start\n|switch|p1a: Dragonite|Dragonite, L50, F|100\/100\n|switch|p1b: Ting-Lu|Ting-Lu, L50|100\/100\n|switch|p2a: Murkrow|Murkrow, L50, M|100\/100\n|switch|p2b: Flutter Mane|Flutter Mane, L50|100\/100\n|-ability|p1b: Ting-Lu|Vessel of Ruin\n|turn|1\n|inactive|hysaaron has 30 seconds left.\n|\n|t:|1683553687\n|-terastallize|p1a: Dragonite|Flying\n|move|p2a: Murkrow|Tailwind|p2a: Murkrow\n|-sidestart|p2: killowattt|move: Tailwind\n|move|p2b: Flutter Mane|Dazzling Gleam|p1a: Dragonite|[spread] p1a,p1b\n|-supereffective|p1b: Ting-Lu\n|-damage|p1a: Dragonite|89\/100\n|-damage|p1b: Ting-Lu|80\/100\n|move|p1a: Dragonite|Tailwind|p1a: Dragonite\n|-sidestart|p1: hysaaron|move: Tailwind\n|move|p1b: Ting-Lu|Heavy Slam|p2b: Flutter Mane\n|-supereffective|p2b: Flutter Mane\n|-damage|p2b: Flutter Mane|0 fnt\n|faint|p2b: Flutter Mane\n|-end|p2b: Flutter Mane|Protosynthesis|[silent]\n|\n|upkeep\n|\n|t:|1683553699\n|switch|p2b: Iron Thorns|Iron Thorns, L50|100\/100\n|turn|2\n|\n|t:|1683553724\n|switch|p1a: Arcanine|Arcanine, L50, M, shiny|100\/100\n|-ability|p1a: Arcanine|Intimidate|boost\n|-unboost|p2a: Murkrow|atk|1\n|-unboost|p2b: Iron Thorns|atk|1\n|-terastallize|p2b: Iron Thorns|Flying\n|move|p2a: Murkrow|Taunt|p1b: Ting-Lu\n|-hint|Since gen 7, Dark is immune to Prankster moves.\n|-immune|p1b: Ting-Lu\n|move|p2b: Iron Thorns|Rock Slide|p1b: Ting-Lu|[spread] p1a,p1b\n|-supereffective|p1a: Arcanine\n|-resisted|p1b: Ting-Lu\n|-damage|p1a: Arcanine|26\/100\n|-damage|p1b: Ting-Lu|70\/100\n|-enditem|p1a: Arcanine|Sitrus Berry|[eat]\n|-heal|p1a: Arcanine|51\/100|[from] item: Sitrus Berry\n|move|p1b: Ting-Lu|Stomping Tantrum|p2b: Iron Thorns\n|-immune|p2b: Iron Thorns\n|\n|upkeep\n|turn|3\n|inactive|hysaaron has 30 seconds left.\n|\n|t:|1683553749\n|move|p1a: Arcanine|Will-O-Wisp|p2b: Iron Thorns\n|-status|p2b: Iron Thorns|brn\n|move|p2a: Murkrow|Foul Play|p1a: Arcanine\n|-crit|p1a: Arcanine\n|-damage|p1a: Arcanine|0 fnt\n|faint|p1a: Arcanine\n|move|p2b: Iron Thorns|Rock Slide|p1b: Ting-Lu\n|-resisted|p1b: Ting-Lu\n|-damage|p1b: Ting-Lu|62\/100\n|move|p1b: Ting-Lu|Rock Slide|p2a: Murkrow|[spread] p2a\n|-miss|p1b: Ting-Lu|p2b: Iron Thorns\n|-supereffective|p2a: Murkrow\n|-damage|p2a: Murkrow|61\/100\n|\n|-damage|p2b: Iron Thorns|95\/100 brn|[from] brn\n|upkeep\n|\n|t:|1683553767\n|switch|p1a: Flutter Mane|Flutter Mane, L50|100\/100\n|turn|4\n|\n|t:|1683553780\n|move|p1a: Flutter Mane|Thunderbolt|p2a: Murkrow\n|-supereffective|p2a: Murkrow\n|-damage|p2a: Murkrow|0 fnt\n|faint|p2a: Murkrow\n|move|p2b: Iron Thorns|Rock Slide|p1b: Ting-Lu|[spread] p1a,p1b\n|-resisted|p1b: Ting-Lu\n|-damage|p1a: Flutter Mane|80\/100\n|-damage|p1b: Ting-Lu|57\/100\n|move|p1b: Ting-Lu|Rock Slide|p2b: Iron Thorns\n|-supereffective|p2b: Iron Thorns\n|-damage|p2b: Iron Thorns|53\/100 brn\n|\n|-damage|p2b: Iron Thorns|47\/100 brn|[from] brn\n|-sideend|p1: hysaaron|move: Tailwind\n|-sideend|p2: killowattt|move: Tailwind\n|upkeep\n|\n|t:|1683553792\n|switch|p2a: Great Tusk|Great Tusk, L50|100\/100\n|turn|5\n|\n|t:|1683553807\n|-end|p1a: Flutter Mane|Protosynthesis|[silent]\n|switch|p1a: Dragonite|Dragonite, L50, F, tera:Flying|89\/100\n|move|p2a: Great Tusk|Earthquake|p1a: Dragonite|[spread] p1b\n|-immune|p2b: Iron Thorns\n|-immune|p1a: Dragonite\n|-damage|p1b: Ting-Lu|27\/100\n|-damage|p2a: Great Tusk|91\/100|[from] item: Life Orb\n|move|p2b: Iron Thorns|Rock Slide|p1a: Dragonite|[spread] p1a,p1b\n|-supereffective|p1a: Dragonite\n|-resisted|p1b: Ting-Lu\n|-damage|p1a: Dragonite|55\/100\n|-damage|p1b: Ting-Lu|23\/100\n|cant|p1b: Ting-Lu|flinch\n|\n|-damage|p2b: Iron Thorns|42\/100 brn|[from] brn\n|upkeep\n|turn|6\n|inactive|hysaaron has 30 seconds left.\n|\n|t:|1683553833\n|move|p2a: Great Tusk|Headlong Rush|p1b: Ting-Lu\n|-damage|p1b: Ting-Lu|0 fnt\n|-unboost|p2a: Great Tusk|def|1\n|-unboost|p2a: Great Tusk|spd|1\n|faint|p1b: Ting-Lu\n|-damage|p2a: Great Tusk|81\/100|[from] item: Life Orb\n|move|p1a: Dragonite|Tera Blast|p2a: Great Tusk\n|-supereffective|p2a: Great Tusk\n|-damage|p2a: Great Tusk|0 fnt\n|faint|p2a: Great Tusk\n|-end|p2a: Great Tusk|Protosynthesis|[silent]\n|move|p2b: Iron Thorns|Rock Slide|p1a: Dragonite\n|-supereffective|p1a: Dragonite\n|-damage|p1a: Dragonite|11\/100\n|\n|-damage|p2b: Iron Thorns|36\/100 brn|[from] brn\n|upkeep\n|c|\u2606killowattt|nice GG\n|-message|killowattt forfeited.\n|\n|win|hysaaron\n|raw|hysaaron's rating: 1122 → 1146<\/strong> (+24 for winning)\n|raw|killowattt's rating: 1110 → 1086<\/strong> (-24 for losing)\n|l|\u2606killowattt\n","uploadtime":1683553854,"views":8,"p1id":"hysaaron","p2id":"killowattt","formatid":"gen9vgc2023regulationc","rating":1086,"private":0,"password":""}