{"id":"gen9vgc2023regulationc-1857868087","p1":"InabaRin","p2":"aggron zheng","format":"[Gen 9] VGC 2023 Regulation C","log":"|j|\u2606InabaRin\n|j|\u2606aggron zheng\n|t:|1683240854\n|gametype|doubles\n|player|p1|InabaRin|lass-gen4dp|1539\n|player|p2|aggron zheng|101|1653\n|teamsize|p1|6\n|teamsize|p2|6\n|gen|9\n|tier|[Gen 9] VGC 2023 Regulation C\n|rated|\n|rule|Species Clause: Limit one of each Pok\u00e9mon\n|rule|Item Clause: Limit one of each item\n|clearpoke\n|poke|p1|Murkrow, L50, F|\n|poke|p1|Flutter Mane, L50|\n|poke|p1|Chi-Yu, L50|\n|poke|p1|Iron Bundle, L50|\n|poke|p1|Meowscarada, L50, F|\n|poke|p1|Great Tusk, L50|\n|poke|p2|Dondozo, L50, F|\n|poke|p2|Tatsugiri, L50, F|\n|poke|p2|Chi-Yu, L50|\n|poke|p2|Iron Bundle, L50|\n|poke|p2|Dragonite, L50, F|\n|poke|p2|Kingambit, L50, F|\n|teampreview|4\n|inactive|Battle timer is ON: inactive players will automatically lose when time's up. (requested by InabaRin)\n|c|\u2606aggron zheng|glhf\naggron zheng has agreed to open team sheets.\n|inactive|aggron zheng has 60 seconds left.\n|inactive|aggron zheng has 30 seconds left.\n|\n|t:|1683240924\n|start\n|switch|p1a: Murkrow|Murkrow, L50, F|100\/100\n|switch|p1b: Great Tusk|Great Tusk, L50|100\/100\n|switch|p2a: Dragonite|Dragonite, L50, F|100\/100\n|switch|p2b: Dondozo|Dondozo, L50, F, shiny|100\/100\n|turn|1\n|inactive|InabaRin has 30 seconds left.\n|inactive|aggron zheng has 30 seconds left.\n|inactive|InabaRin has 20 seconds left.\n|inactive|aggron zheng has 20 seconds left.\n|inactive|InabaRin has 15 seconds left.\n|inactive|aggron zheng has 15 seconds left.\n|inactive|InabaRin has 10 seconds left.\n|inactive|aggron zheng has 10 seconds left.\n|\n|t:|1683240973\n|-terastallize|p2a: Dragonite|Flying\n|move|p1a: Murkrow|Sunny Day|p1a: Murkrow\n|-weather|SunnyDay\n|-activate|p1b: Great Tusk|ability: Protosynthesis\n|-start|p1b: Great Tusk|protosynthesisatk\n|move|p1b: Great Tusk|Rock Slide|p2b: Dondozo|[spread] p2a,p2b\n|-supereffective|p2a: Dragonite\n|-damage|p2a: Dragonite|72\/100\n|-damage|p2b: Dondozo|81\/100\n|cant|p2a: Dragonite|flinch\n|move|p2b: Dondozo|Wave Crash|p1a: Murkrow\n|-damage|p1a: Murkrow|73\/100\n|-damage|p2b: Dondozo|74\/100|[from] Recoil\n|\n|-weather|SunnyDay|[upkeep]\n|-heal|p2b: Dondozo|80\/100|[from] item: Leftovers\n|upkeep\n|turn|2\n|inactive|aggron zheng has 30 seconds left.\n|inactive|InabaRin has 30 seconds left.\n|inactive|aggron zheng has 20 seconds left.\n|inactive|aggron zheng has 15 seconds left.\n|inactive|aggron zheng has 10 seconds left.\n|\n|t:|1683241019\n|move|p2b: Dondozo|Protect|p2b: Dondozo\n|-singleturn|p2b: Dondozo|Protect\n|move|p1a: Murkrow|Tailwind|p1a: Murkrow\n|-sidestart|p1: InabaRin|move: Tailwind\n|move|p1b: Great Tusk|Rock Slide|p2a: Dragonite|[spread] p2a\n|-activate|p2b: Dondozo|move: Protect\n|-supereffective|p2a: Dragonite\n|-damage|p2a: Dragonite|15\/100\n|cant|p2a: Dragonite|flinch\n|\n|-weather|SunnyDay|[upkeep]\n|-heal|p2b: Dondozo|86\/100|[from] item: Leftovers\n|upkeep\n|turn|3\n|c|\u2606aggron zheng|lord have mercy\n|inactive|InabaRin has 30 seconds left.\n|inactive|aggron zheng has 30 seconds left.\n|\n|t:|1683241051\n|switch|p2a: Kingambit|Kingambit, L50, F|100\/100\n|move|p1b: Great Tusk|Rock Slide|p2b: Dondozo|[spread] p2a,p2b\n|-resisted|p2a: Kingambit\n|-damage|p2a: Kingambit|90\/100\n|-damage|p2b: Dondozo|66\/100\n|move|p1a: Murkrow|Foul Play|p2a: Kingambit\n|-resisted|p2a: Kingambit\n|-damage|p2a: Kingambit|69\/100\n|move|p2b: Dondozo|Wave Crash|p1b: Great Tusk\n|-supereffective|p1b: Great Tusk\n|-damage|p1b: Great Tusk|62\/100\n|-damage|p2b: Dondozo|56\/100|[from] Recoil\n|\n|-weather|SunnyDay|[upkeep]\n|-heal|p2b: Dondozo|62\/100|[from] item: Leftovers\n|upkeep\n|turn|4\n|\n|t:|1683241076\n|move|p1b: Great Tusk|Rock Slide|p2b: Dondozo|[spread] p2a,p2b\n|-resisted|p2a: Kingambit\n|-damage|p2a: Kingambit|59\/100\n|-damage|p2b: Dondozo|43\/100\n|move|p1a: Murkrow|Foul Play|p2b: Dondozo\n|-damage|p2b: Dondozo|12\/100\n|move|p2b: Dondozo|Wave Crash|p1a: Murkrow\n|-damage|p1a: Murkrow|46\/100\n|-damage|p2b: Dondozo|5\/100|[from] Recoil\n|move|p2a: Kingambit|Iron Head|p1a: Murkrow\n|-damage|p1a: Murkrow|0 fnt\n|faint|p1a: Murkrow\n|\n|-weather|SunnyDay|[upkeep]\n|-heal|p2b: Dondozo|12\/100|[from] item: Leftovers\n|upkeep\n|\n|t:|1683241090\n|switch|p1a: Chi-Yu|Chi-Yu, L50|100\/100\n|-ability|p1a: Chi-Yu|Beads of Ruin\n|turn|5\n|inactive|aggron zheng has 30 seconds left.\n|\n|t:|1683241124\n|switch|p2a: Tatsugiri|Tatsugiri, L50, F|100\/100\n|-activate|p2a: Tatsugiri|ability: Commander|[of] p2b: Dondozo\n|-boost|p2b: Dondozo|atk|2\n|-boost|p2b: Dondozo|spa|2\n|-boost|p2b: Dondozo|spe|2\n|-boost|p2b: Dondozo|def|2\n|-boost|p2b: Dondozo|spd|2\n|move|p2b: Dondozo|Protect|p2b: Dondozo\n|-singleturn|p2b: Dondozo|Protect\n|move|p1b: Great Tusk|Rock Slide|p2b: Dondozo|[spread] \n|-miss|p1b: Great Tusk|p2a: Tatsugiri\n|-activate|p2b: Dondozo|move: Protect\n|move|p1a: Chi-Yu|Heat Wave|p2b: Dondozo|[spread] \n|-miss|p1a: Chi-Yu|p2a: Tatsugiri\n|-activate|p2b: Dondozo|move: Protect\n|\n|-weather|none\n|-end|p1b: Great Tusk|Protosynthesis\n|-heal|p2b: Dondozo|18\/100|[from] item: Leftovers\n|-sideend|p1: InabaRin|move: Tailwind\n|upkeep\n|turn|6\n|\n|t:|1683241142\n|move|p1b: Great Tusk|Rock Slide|p2b: Dondozo|[spread] p2b\n|-miss|p1b: Great Tusk|p2a: Tatsugiri\n|-damage|p2b: Dondozo|10\/100\n|cant|p2b: Dondozo|flinch\n|move|p1a: Chi-Yu|Dark Pulse|p2b: Dondozo\n|-damage|p2b: Dondozo|0 fnt\n|faint|p2b: Dondozo\n|-damage|p1a: Chi-Yu|91\/100|[from] item: Life Orb\n|\n|upkeep\n|inactive|aggron zheng has 30 seconds left.\n|\n|t:|1683241170\n|switch|p2b: Dragonite|Dragonite, L50, F, tera:Flying|15\/100\n|turn|7\n|\n|t:|1683241190\n|move|p1a: Chi-Yu|Protect|p1a: Chi-Yu\n|-singleturn|p1a: Chi-Yu|Protect\n|move|p2b: Dragonite|Extreme Speed|p1a: Chi-Yu\n|-activate|p1a: Chi-Yu|move: Protect\n|move|p2a: Tatsugiri|Muddy Water|p1b: Great Tusk|[spread] p1b\n|-activate|p1a: Chi-Yu|move: Protect\n|-supereffective|p1b: Great Tusk\n|-damage|p1b: Great Tusk|0 fnt\n|faint|p1b: Great Tusk\n|-end|p1b: Great Tusk|Protosynthesis|[silent]\n|\n|upkeep\n|\n|t:|1683241200\n|switch|p1b: Meowscarada|Meowscarada, L50, F|100\/100\n|turn|8\n|\n|t:|1683241217\n|-terastallize|p1a: Chi-Yu|Ghost\n|move|p2b: Dragonite|Extreme Speed|p1b: Meowscarada\n|-damage|p1b: Meowscarada|32\/100\n|move|p2a: Tatsugiri|Muddy Water|p1a: Chi-Yu|[spread] p1a,p1b\n|-resisted|p1b: Meowscarada\n|-damage|p1a: Chi-Yu|52\/100\n|-damage|p1b: Meowscarada|0 fnt\n|faint|p1b: Meowscarada\n|move|p1a: Chi-Yu|Dark Pulse|p2b: Dragonite\n|-damage|p2b: Dragonite|0 fnt\n|faint|p2b: Dragonite\n|-damage|p1a: Chi-Yu|42\/100|[from] item: Life Orb\n|\n|upkeep\n|\n|t:|1683241223\n|switch|p2b: Kingambit|Kingambit, L50, F|59\/100\n|turn|9\n|\n|t:|1683241230\n|move|p2b: Kingambit|Sucker Punch|p1a: Chi-Yu\n|-supereffective|p1a: Chi-Yu\n|-damage|p1a: Chi-Yu|0 fnt\n|faint|p1a: Chi-Yu\n|\n|win|aggron zheng\n|raw|InabaRin's rating: 1539 → 1525<\/strong> (-14 for losing)\n|raw|aggron zheng's rating: 1653 → 1667<\/strong> (+14 for winning)\n|c|\u2606aggron zheng|gg\n|l|\u2606InabaRin\n","uploadtime":1683241444,"views":10,"p1id":"inabarin","p2id":"aggronzheng","formatid":"gen9vgc2023regulationc","rating":1525,"private":0,"password":""}