{"id":"gen9vgc2023regulationc-1861963122","p1":"XxKillGore642xX","p2":"creamsweet","format":"[Gen 9] VGC 2023 Regulation C","log":"|j|\u2606XxKillGore642xX\n|j|\u2606creamsweet\n|t:|1683824526\n|gametype|doubles\n|player|p1|XxKillGore642xX|102|1085\n|player|p2|creamsweet|265|1158\n|teamsize|p1|6\n|teamsize|p2|6\n|gen|9\n|tier|[Gen 9] VGC 2023 Regulation C\n|rated|\n|rule|Species Clause: Limit one of each Pok\u00e9mon\n|rule|Item Clause: Limit one of each item\n|clearpoke\n|poke|p1|Torkoal, L50, F|\n|poke|p1|Sandy Shocks, L50|\n|poke|p1|Dachsbun, L50, M|\n|poke|p1|Arboliva, L50, M|\n|poke|p1|Chi-Yu, L50|\n|poke|p1|Gholdengo, L50|\n|poke|p2|Scizor, L50, M|\n|poke|p2|Baxcalibur, L50, M|\n|poke|p2|Flutter Mane, L50|\n|poke|p2|Maushold, L50|\n|poke|p2|Annihilape, L50, F|\n|poke|p2|Amoonguss, L50, M|\n|teampreview|4\ncreamsweet rejected open team sheets.\n|\n|t:|1683824573\n|start\n|switch|p1a: Torkoal|Torkoal, L50, F|100\/100\n|switch|p1b: Chi-Yu|Chi-Yu, L50|100\/100\n|switch|p2a: Flutter Mane|Flutter Mane, L50|100\/100\n|switch|p2b: Scizor|Scizor, L50, M|100\/100\n|-ability|p1b: Chi-Yu|Beads of Ruin\n|-weather|SunnyDay|[from] ability: Drought|[of] p1a: Torkoal\n|-activate|p2a: Flutter Mane|ability: Protosynthesis\n|-start|p2a: Flutter Mane|protosynthesisspa\n|turn|1\n|inactive|Battle timer is ON: inactive players will automatically lose when time's up. (requested by creamsweet)\n|\n|t:|1683824606\n|-terastallize|p1b: Chi-Yu|Poison\n|-terastallize|p2b: Scizor|Water\n|move|p2a: Flutter Mane|Power Gem|p1a: Torkoal\n|-supereffective|p1a: Torkoal\n|-damage|p1a: Torkoal|0 fnt\n|faint|p1a: Torkoal\n|move|p1b: Chi-Yu|Tera Blast|p2a: Flutter Mane\n|-damage|p2a: Flutter Mane|51\/100\n|move|p2b: Scizor|Close Combat|p1b: Chi-Yu\n|-resisted|p1b: Chi-Yu\n|-damage|p1b: Chi-Yu|75\/100\n|-unboost|p2b: Scizor|def|1\n|-unboost|p2b: Scizor|spd|1\n|\n|-weather|SunnyDay|[upkeep]\n|upkeep\n|inactive|XxKillGore642xX has 30 seconds left.\n|\n|t:|1683824633\n|switch|p1a: Dachsbun|Dachsbun, L50, M|100\/100\n|turn|2\n|inactive|creamsweet has 30 seconds left.\n|inactive|creamsweet has 20 seconds left.\n|\n|t:|1683824669\n|move|p2b: Scizor|Bullet Punch|p1a: Dachsbun\n|-supereffective|p1a: Dachsbun\n|-crit|p1a: Dachsbun\n|-damage|p1a: Dachsbun|4\/100\n|move|p2a: Flutter Mane|Power Gem|p1b: Chi-Yu\n|-damage|p1b: Chi-Yu|42\/100\n|move|p1b: Chi-Yu|Tera Blast|p2a: Flutter Mane\n|-damage|p2a: Flutter Mane|6\/100\n|move|p1a: Dachsbun|Body Press|p2b: Scizor\n|-damage|p2b: Scizor|67\/100\n|\n|-weather|SunnyDay|[upkeep]\n|-heal|p1a: Dachsbun|10\/100|[from] item: Leftovers\n|upkeep\n|turn|3\n|inactive|creamsweet has 30 seconds left.\n|inactive|creamsweet has 20 seconds left.\n|inactive|creamsweet has 15 seconds left.\n|inactive|creamsweet has 10 seconds left.\n|inactive|creamsweet has 5 seconds left.\n|\n|t:|1683824724\n|move|p1a: Dachsbun|Protect|p1a: Dachsbun\n|-singleturn|p1a: Dachsbun|Protect\n|move|p2b: Scizor|Bullet Punch|p1a: Dachsbun\n|-activate|p1a: Dachsbun|move: Protect\n|move|p2a: Flutter Mane|Power Gem|p1a: Dachsbun\n|-activate|p1a: Dachsbun|move: Protect\n|move|p1b: Chi-Yu|Tera Blast|p2a: Flutter Mane\n|-damage|p2a: Flutter Mane|0 fnt\n|faint|p2a: Flutter Mane\n|-end|p2a: Flutter Mane|Protosynthesis|[silent]\n|\n|-weather|SunnyDay|[upkeep]\n|-heal|p1a: Dachsbun|16\/100|[from] item: Leftovers\n|upkeep\n|inactive|creamsweet has 30 seconds left.\n|inactive|creamsweet has 20 seconds left.\n|inactive|creamsweet has 15 seconds left.\n|inactive|creamsweet has 10 seconds left.\n|inactive|creamsweet has 5 seconds left.\n|\n|t:|1683824779\n|switch|p2a: Baxcalibur|Baxcalibur, L50, M|100\/100\n|turn|4\n|inactive|creamsweet has 30 seconds left.\n|inactive|creamsweet has 20 seconds left.\n|inactive|creamsweet has 15 seconds left.\n|inactive|creamsweet has 10 seconds left.\n|inactive|creamsweet has 5 seconds left.\n|\n|t:|1683824834\n|switch|p1a: Gholdengo|Gholdengo, L50|100\/100\n|move|p2b: Scizor|Bullet Punch|p1b: Chi-Yu\n|-damage|p1b: Chi-Yu|8\/100\n|move|p1b: Chi-Yu|Overheat|p2a: Baxcalibur\n|-damage|p2a: Baxcalibur|0 fnt\n|-unboost|p1b: Chi-Yu|spa|2\n|faint|p2a: Baxcalibur\n|\n|-weather|SunnyDay|[upkeep]\n|upkeep\n|inactive|creamsweet has 30 seconds left.\n|inactive|creamsweet has 20 seconds left.\n|inactive|creamsweet has 15 seconds left.\n|inactive|creamsweet has 10 seconds left.\n|inactive|creamsweet has 5 seconds left.\n|\n|t:|1683824889\n|switch|p2a: Amoonguss|Amoonguss, L50, M|100\/100\n|turn|5\n|inactive|creamsweet has 30 seconds left.\n|inactive|creamsweet has 20 seconds left.\n|inactive|creamsweet has 15 seconds left.\n|inactive|creamsweet has 10 seconds left.\n|inactive|creamsweet has 5 seconds left.\n|\n|t:|1683824945\n|move|p2a: Amoonguss|Protect|p2a: Amoonguss\n|-singleturn|p2a: Amoonguss|Protect\n|move|p2b: Scizor|Bullet Punch|p1a: Gholdengo\n|-resisted|p1a: Gholdengo\n|-damage|p1a: Gholdengo|83\/100\n|move|p1a: Gholdengo|Thunderbolt|p2b: Scizor\n|-supereffective|p2b: Scizor\n|-damage|p2b: Scizor|0 fnt\n|faint|p2b: Scizor\n|-damage|p1a: Gholdengo|73\/100|[from] item: Life Orb\n|move|p1b: Chi-Yu|Overheat|p2a: Amoonguss\n|-activate|p2a: Amoonguss|move: Protect\n|\n|-weather|none\n|upkeep\n|turn|6\n|inactive|XxKillGore642xX has 30 seconds left.\n|inactive|creamsweet has 30 seconds left.\n|inactive|creamsweet has 20 seconds left.\n|inactive|creamsweet has 15 seconds left.\n|inactive|creamsweet has 10 seconds left.\n|inactive|creamsweet has 5 seconds left.\n|\n|t:|1683825000\n|move|p2a: Amoonguss|Protect||[still]\n|-fail|p2a: Amoonguss\n|move|p1a: Gholdengo|Make It Rain|p2a: Amoonguss\n|-damage|p2a: Amoonguss|15\/100\n|-unboost|p1a: Gholdengo|spa|1\n|-damage|p1a: Gholdengo|63\/100|[from] item: Life Orb\n|move|p1b: Chi-Yu|Overheat|p2a: Amoonguss\n|-supereffective|p2a: Amoonguss\n|-damage|p2a: Amoonguss|0 fnt\n|-unboost|p1b: Chi-Yu|spa|2\n|faint|p2a: Amoonguss\n|\n|win|XxKillGore642xX\n|raw|XxKillGore642xX's rating: 1085 → 1118<\/strong> (+33 for winning)\n|raw|creamsweet's rating: 1158 → 1128<\/strong> (-30 for losing)\n","uploadtime":1683825017,"views":13,"p1id":"xxkillgore642xx","p2id":"creamsweet","formatid":"gen9vgc2023regulationc","rating":1118,"private":0,"password":""}