{"id":"gen9vgc2023regulationc-1863937605","p1":"ricarditopro","p2":"blockybot2001","format":"[Gen 9] VGC 2023 Regulation C","log":"|j|\u2606ricarditopro\n|j|\u2606blockybot2001\n|t:|1684095472\n|gametype|doubles\n|player|p1|ricarditopro|hiker-gen4|1013\n|player|p2|blockybot2001|skier|1043\n|teamsize|p1|6\n|teamsize|p2|6\n|gen|9\n|tier|[Gen 9] VGC 2023 Regulation C\n|rated|\n|rule|Species Clause: Limit one of each Pok\u00e9mon\n|rule|Item Clause: Limit one of each item\n|clearpoke\n|poke|p1|Gengar, L50, M|\n|poke|p1|Rotom-Wash, L50|\n|poke|p1|Corviknight, L50, F|\n|poke|p1|Garchomp, L50, M|\n|poke|p1|Grimmsnarl, L50, M|\n|poke|p1|Annihilape, L50, M|\n|poke|p2|Chi-Yu, L50|\n|poke|p2|Flutter Mane, L50|\n|poke|p2|Tinkaton, L50, F|\n|poke|p2|Hydreigon, L50, F|\n|poke|p2|Palafin, L50, F|\n|poke|p2|Maushold, L50|\n|teampreview|4\n|j| quacksirel\nblockybot2001 rejected open team sheets.\n|c|\u2606blockybot2001|glhf\n|\n|t:|1684095498\n|start\n|switch|p1a: Corviknight|Corviknight, L50, F, shiny|100\/100\n|switch|p1b: Grimmsnarl|Grimmsnarl, L50, M, shiny|100\/100\n|switch|p2a: Tinkaton|Tinkaton, L50, F|100\/100\n|switch|p2b: Chi-Yu|Chi-Yu, L50|100\/100\n|-ability|p2b: Chi-Yu|Beads of Ruin\n|turn|1\n|\n|t:|1684095521\n|move|p2a: Tinkaton|Fake Out|p1b: Grimmsnarl\n|-damage|p1b: Grimmsnarl|91\/100\n|cant|p1b: Grimmsnarl|flinch\n|move|p2b: Chi-Yu|Flamethrower|p1a: Corviknight\n|-supereffective|p1a: Corviknight\n|-damage|p1a: Corviknight|0 fnt\n|faint|p1a: Corviknight\n|\n|upkeep\n|\n|t:|1684095528\n|switch|p1a: Rotom|Rotom-Wash, L50, shiny|100\/100\n|turn|2\n|\n|t:|1684095548\n|switch|p2a: Palafin|Palafin, L50, F|100\/100\n|move|p1b: Grimmsnarl|Thunder Wave|p2a: Palafin\n|-status|p2a: Palafin|par\n|move|p2b: Chi-Yu|Will-O-Wisp|p1b: Grimmsnarl\n|-status|p1b: Grimmsnarl|brn\n|move|p1a: Rotom|Hydro Pump|p2b: Chi-Yu\n|-supereffective|p2b: Chi-Yu\n|-damage|p2b: Chi-Yu|0 fnt\n|faint|p2b: Chi-Yu\n|\n|-damage|p1b: Grimmsnarl|84\/100 brn|[from] brn\n|upkeep\n|inactive|Battle timer is ON: inactive players will automatically lose when time's up. (requested by ricarditopro)\n|\n|t:|1684095564\n|switch|p2b: Tinkaton|Tinkaton, L50, F|100\/100\n|turn|3\n|\n|t:|1684095585\n|move|p2b: Tinkaton|Fake Out|p1a: Rotom\n|-damage|p1a: Rotom|92\/100\n|move|p1b: Grimmsnarl|Thunder Wave|p2b: Tinkaton\n|-status|p2b: Tinkaton|par\n|cant|p1a: Rotom|flinch\n|cant|p2a: Palafin|par\n|\n|-damage|p1b: Grimmsnarl|78\/100 brn|[from] brn\n|upkeep\n|turn|4\n|\n|t:|1684095598\n|detailschange|p2a: Palafin|Palafin-Hero, L50, F\n|switch|p2a: Flutter Mane|Flutter Mane, L50, shiny|100\/100\n|-enditem|p2a: Flutter Mane|Booster Energy\n|-activate|p2a: Flutter Mane|ability: Protosynthesis|[fromitem]\n|-start|p2a: Flutter Mane|protosynthesisspd\n|move|p1b: Grimmsnarl|Reflect|p1b: Grimmsnarl\n|-sidestart|p1: ricarditopro|Reflect\n|move|p1a: Rotom|Thunderbolt|p2a: Flutter Mane\n|-damage|p2a: Flutter Mane|79\/100\n|cant|p2b: Tinkaton|par\n|\n|-damage|p1b: Grimmsnarl|72\/100 brn|[from] brn\n|upkeep\n|turn|5\n|inactive|blockybot2001 has 30 seconds left.\n|inactive|blockybot2001 has 20 seconds left.\n|\n|t:|1684095634\n|-terastallize|p1a: Rotom|Fire\n|move|p1b: Grimmsnarl|Thunder Wave|p2a: Flutter Mane|[miss]\n|-miss|p1b: Grimmsnarl|p2a: Flutter Mane\n|move|p2a: Flutter Mane|Moonblast|p1a: Rotom\n|-resisted|p1a: Rotom\n|-damage|p1a: Rotom|67\/100\n|move|p1a: Rotom|Tera Blast|p2b: Tinkaton\n|-supereffective|p2b: Tinkaton\n|-damage|p2b: Tinkaton|40\/100 par\n|move|p2b: Tinkaton|Rock Slide|p1a: Rotom|[spread] p1a,p1b\n|-supereffective|p1a: Rotom\n|-damage|p1a: Rotom|52\/100\n|-damage|p1b: Grimmsnarl|64\/100 brn\n|\n|-heal|p2b: Tinkaton|46\/100 par|[from] item: Leftovers\n|-damage|p1b: Grimmsnarl|58\/100 brn|[from] brn\n|upkeep\n|turn|6\n|inactive|blockybot2001 has 30 seconds left.\n|\n|t:|1684095667\n|move|p1b: Grimmsnarl|Thunder Wave|p2a: Flutter Mane\n|-status|p2a: Flutter Mane|par\n|move|p1a: Rotom|Tera Blast|p2b: Tinkaton\n|-supereffective|p2b: Tinkaton\n|-damage|p2b: Tinkaton|0 fnt\n|faint|p2b: Tinkaton\n|move|p2a: Flutter Mane|Shadow Ball|p1a: Rotom\n|-crit|p1a: Rotom\n|-damage|p1a: Rotom|0 fnt\n|faint|p1a: Rotom\n|\n|-damage|p1b: Grimmsnarl|52\/100 brn|[from] brn\n|upkeep\n|\n|t:|1684095679\n|switch|p2b: Palafin|Palafin-Hero, L50, F|100\/100 par\n|switch|p1a: Gengar|Gengar, L50, M, shiny|100\/100\n|-activate|p2b: Palafin|ability: Zero to Hero\n|turn|7\n|l| quacksirel\n|inactive|ricarditopro has 30 seconds left.\n|\n|t:|1684095709\n|-terastallize|p2b: Palafin|Water\n|move|p1b: Grimmsnarl|Light Screen|p1b: Grimmsnarl\n|-sidestart|p1: ricarditopro|move: Light Screen\n|move|p1a: Gengar|Sludge Bomb|p2a: Flutter Mane\n|-damage|p2a: Flutter Mane|52\/100 par\n|move|p2a: Flutter Mane|Shadow Ball|p1a: Gengar\n|-supereffective|p1a: Gengar\n|-damage|p1a: Gengar|34\/100\n|-start|p2a: Flutter Mane|Disable|Shadow Ball|[from] ability: Cursed Body|[of] p1a: Gengar\n|move|p2b: Palafin|Wave Crash|p1b: Grimmsnarl\n|-damage|p1b: Grimmsnarl|0 fnt\n|faint|p1b: Grimmsnarl\n|-damage|p2b: Palafin|83\/100 par|[from] Recoil\n|\n|upkeep\n|turn|8\n|\n|t:|1684095733\n|cant|p2b: Palafin|par\n|move|p1a: Gengar|Shadow Ball|p2a: Flutter Mane\n|-supereffective|p2a: Flutter Mane\n|-damage|p2a: Flutter Mane|6\/100 par\n|move|p2a: Flutter Mane|Moonblast|p1a: Gengar\n|-resisted|p1a: Gengar\n|-damage|p1a: Gengar|13\/100\n|\n|upkeep\n|turn|9\n|\n|t:|1684095746\n|cant|p2b: Palafin|par\n|move|p1a: Gengar|Shadow Ball|p2a: Flutter Mane\n|-supereffective|p2a: Flutter Mane\n|-damage|p2a: Flutter Mane|0 fnt\n|faint|p2a: Flutter Mane\n|-end|p2a: Flutter Mane|Protosynthesis|[silent]\n|\n|upkeep\n|turn|10\n|\n|t:|1684095763\n|move|p2b: Palafin|Jet Punch|p1a: Gengar\n|-damage|p1a: Gengar|0 fnt\n|faint|p1a: Gengar\n|\n|win|blockybot2001\n|raw|ricarditopro's rating: 1013 → 1002<\/strong> (-11 for losing)\n|raw|blockybot2001's rating: 1043 → 1074<\/strong> (+31 for winning)\n|c|\u2606blockybot2001|gg\n|l|\u2606ricarditopro\n","uploadtime":1684095775,"views":8,"p1id":"ricarditopro","p2id":"blockybot2001","formatid":"gen9vgc2023regulationc","rating":1002,"private":0,"password":""}