{"id":"gen9vgc2023regulationc-1861089646","p1":"Kipzho","p2":"ITS PAPAW TIME","format":"[Gen 9] VGC 2023 Regulation C","log":"|j|\u2606Kipzho\n|j|\u2606ITS PAPAW TIME\n|t:|1683725554\n|gametype|doubles\n|player|p1|Kipzho|adaman|\n|player|p2|ITS PAPAW TIME|ingo|\n|teamsize|p1|6\n|teamsize|p2|6\n|gen|9\n|tier|[Gen 9] VGC 2023 Regulation C\n|rule|Species Clause: Limit one of each Pok\u00e9mon\n|rule|Item Clause: Limit one of each item\n|clearpoke\n|poke|p1|Scizor, L50, M|\n|poke|p1|Tauros-Paldea-Blaze, L50, M|\n|poke|p1|Chien-Pao, L50|\n|poke|p1|Garchomp, L50, M|\n|poke|p1|Rotom-Wash, L50|\n|poke|p1|Flutter Mane, L50|\n|poke|p2|Baxcalibur, L50, M|\n|poke|p2|Palafin, L50, F|\n|poke|p2|Arcanine, L50, M|\n|poke|p2|Flutter Mane, L50|\n|poke|p2|Ting-Lu, L50|\n|poke|p2|Amoonguss, L50, F|\n|teampreview|4\nKipzho has agreed to open team sheets.\nITS PAPAW TIME has agreed to open team sheets.\n|\n|t:|1683725612\n|start\n|switch|p1a: Quaker|Garchomp, L50, M|100\/100\n|switch|p1b: Andes|Chien-Pao, L50|100\/100\n|switch|p2a: Arcanine|Arcanine, L50, M|100\/100\n|switch|p2b: Baxcalibur|Baxcalibur, L50, M|100\/100\n|-ability|p1b: Andes|Sword of Ruin\n|-ability|p2a: Arcanine|Intimidate|boost\n|-unboost|p1a: Quaker|atk|1\n|-unboost|p1b: Andes|atk|1\n|turn|1\n|\n|t:|1683725634\n|switch|p2a: Amoonguss|Amoonguss, L50, F|100\/100\n|move|p2b: Baxcalibur|Protect|p2b: Baxcalibur\n|-singleturn|p2b: Baxcalibur|Protect\n|move|p1b: Andes|Taunt|p2b: Baxcalibur\n|-activate|p2b: Baxcalibur|move: Protect\n|move|p1a: Quaker|Rock Slide|p2b: Baxcalibur|[spread] p2a\n|-activate|p2b: Baxcalibur|move: Protect\n|-damage|p2a: Amoonguss|88\/100\n|\n|upkeep\n|turn|2\n|\n|t:|1683725658\n|switch|p2a: Arcanine|Arcanine, L50, M|100\/100\n|-ability|p2a: Arcanine|Intimidate|boost\n|-unboost|p1a: Quaker|atk|1\n|-unboost|p1b: Andes|atk|1\n|move|p1b: Andes|Taunt|p2b: Baxcalibur\n|-start|p2b: Baxcalibur|move: Taunt\n|move|p1a: Quaker|Rock Slide|p2a: Arcanine|[spread] p2a,p2b\n|-supereffective|p2a: Arcanine\n|-supereffective|p2b: Baxcalibur\n|-damage|p2a: Arcanine|75\/100\n|-damage|p2b: Baxcalibur|77\/100\n|move|p2b: Baxcalibur|Icicle Crash|p1a: Quaker\n|-supereffective|p1a: Quaker\n|-crit|p1a: Quaker\n|-damage|p1a: Quaker|0 fnt\n|faint|p1a: Quaker\n|\n|upkeep\n|\n|t:|1683725674\n|switch|p1a: OMO|Rotom-Wash, L50|100\/100\n|turn|3\n|\n|t:|1683725707\n|switch|p2a: Amoonguss|Amoonguss, L50, F|100\/100\n|move|p1b: Andes|Taunt|p2a: Amoonguss\n|-start|p2a: Amoonguss|move: Taunt\n|move|p1a: OMO|Nasty Plot|p1a: OMO\n|-boost|p1a: OMO|spa|2\n|move|p2b: Baxcalibur|Glaive Rush|p1a: OMO\n|-damage|p1a: OMO|0 fnt\n|-singlemove|p2b: Baxcalibur|Glaive Rush|[silent]\n|faint|p1a: OMO\n|\n|upkeep\n|\n|t:|1683725713\n|switch|p1a: Fiura|Flutter Mane, L50|100\/100\n|turn|4\n|\n|t:|1683725737\n|switch|p2b: Arcanine|Arcanine, L50, M|75\/100\n|-ability|p2b: Arcanine|Intimidate|boost\n|-unboost|p1a: Fiura|atk|1\n|-unboost|p1b: Andes|atk|1\n|-terastallize|p1a: Fiura|Fairy\n|-terastallize|p2a: Amoonguss|Water\n|move|p1a: Fiura|Dazzling Gleam|p2b: Arcanine|[spread] p2a,p2b\n|-resisted|p2b: Arcanine\n|-damage|p2a: Amoonguss|42\/100\n|-damage|p2b: Arcanine|35\/100\n|-enditem|p2a: Amoonguss|Sitrus Berry|[eat]\n|-heal|p2a: Amoonguss|67\/100|[from] item: Sitrus Berry\n|move|p1b: Andes|Ice Spinner|p2a: Amoonguss\n|-resisted|p2a: Amoonguss\n|-damage|p2a: Amoonguss|59\/100\n|move|p2a: Amoonguss|Leaf Storm|p1a: Fiura\n|-damage|p1a: Fiura|57\/100\n|-unboost|p2a: Amoonguss|spa|2\n|\n|upkeep\n|turn|5\n|\n|t:|1683725761\n|move|p2b: Arcanine|Extreme Speed|p1b: Andes\n|-damage|p1b: Andes|72\/100\n|move|p1a: Fiura|Dazzling Gleam|p2a: Amoonguss|[spread] p2a,p2b\n|-resisted|p2b: Arcanine\n|-damage|p2a: Amoonguss|0 fnt\n|-damage|p2b: Arcanine|0 fnt\n|faint|p2a: Amoonguss\n|faint|p2b: Arcanine\n|move|p1b: Andes|Throat Chop|p2: Amoonguss|[notarget]\n|-fail|p1b: Andes\n|\n|upkeep\n|\n|t:|1683725764\n|switch|p2b: Baxcalibur|Baxcalibur, L50, M|77\/100\n|switch|p2a: Ting-Lu|Ting-Lu, L50|100\/100\n|-ability|p2a: Ting-Lu|Vessel of Ruin\n|turn|6\n|\n|t:|1683725779\n|move|p2b: Baxcalibur|Protect|p2b: Baxcalibur\n|-singleturn|p2b: Baxcalibur|Protect\n|move|p1b: Andes|Ice Spinner|p2a: Ting-Lu\n|-supereffective|p2a: Ting-Lu\n|-damage|p2a: Ting-Lu|81\/100\n|move|p1a: Fiura|Dazzling Gleam|p2b: Baxcalibur|[spread] p2a\n|-activate|p2b: Baxcalibur|move: Protect\n|-supereffective|p2a: Ting-Lu\n|-damage|p2a: Ting-Lu|39\/100\n|move|p2a: Ting-Lu|Heavy Slam|p1a: Fiura\n|-supereffective|p1a: Fiura\n|-damage|p1a: Fiura|0 fnt\n|faint|p1a: Fiura\n|-end|p1a: Fiura|Protosynthesis|[silent]\n|\n|upkeep\n|turn|7\n|\n|t:|1683725795\n|move|p1b: Andes|Ice Spinner|p2a: Ting-Lu\n|-supereffective|p2a: Ting-Lu\n|-damage|p2a: Ting-Lu|17\/100\n|move|p2b: Baxcalibur|Glaive Rush|p1b: Andes\n|-damage|p1b: Andes|0 fnt\n|-singlemove|p2b: Baxcalibur|Glaive Rush|[silent]\n|faint|p1b: Andes\n|\n|win|ITS PAPAW TIME\n","uploadtime":1683725803,"views":11,"p1id":"kipzho","p2id":"itspapawtime","formatid":"gen9vgc2023regulationc","rating":0,"private":0,"password":""}