{"id":"gen9vgc2023regulationc-1845732550","p1":"Goldjunge1994","p2":"gohan92","format":"[Gen 9] VGC 2023 Regulation C","log":"|j|\u2606Goldjunge1994\n|j|\u2606gohan92\n|t:|1681759492\n|gametype|doubles\n|player|p1|Goldjunge1994|170|\n|player|p2|gohan92|170|\n|teamsize|p1|6\n|teamsize|p2|6\n|gen|9\n|tier|[Gen 9] VGC 2023 Regulation C\n|rule|Species Clause: Limit one of each Pok\u00e9mon\n|rule|Item Clause: Limit one of each item\n|clearpoke\n|poke|p1|Dragonite, L50, F|\n|poke|p1|Palafin, L50, M|\n|poke|p1|Flutter Mane, L50|\n|poke|p1|Arcanine, L50, M|\n|poke|p1|Chien-Pao, L50|\n|poke|p1|Amoonguss, L50, M|\n|poke|p2|Palafin, L50, M|\n|poke|p2|Flutter Mane, L50|\n|poke|p2|Baxcalibur, L50, M|\n|poke|p2|Arcanine, L50, M|\n|poke|p2|Ting-Lu, L50|\n|poke|p2|Amoonguss, L50, M|\n|teampreview|4\nGoldjunge1994 has agreed to open team sheets.\ngohan92 has agreed to open team sheets.\n|\n|t:|1681759582\n|start\n|switch|p1a: Floa|Palafin, L50, M|100\/100\n|switch|p1b: Dipset|Flutter Mane, L50|100\/100\n|switch|p2a: Ting-Lu|Ting-Lu, L50|100\/100\n|switch|p2b: Palafin|Palafin, L50, M|100\/100\n|-ability|p2a: Ting-Lu|Vessel of Ruin\n|-enditem|p1b: Dipset|Booster Energy\n|-activate|p1b: Dipset|ability: Protosynthesis|[fromitem]\n|-start|p1b: Dipset|protosynthesisspa\n|turn|1\n|\n|t:|1681759615\n|detailschange|p2b: Palafin|Palafin-Hero, L50, M\n|switch|p2b: Arcanine|Arcanine, L50, M|100\/100\n|-ability|p2b: Arcanine|Intimidate|boost\n|-unboost|p1a: Floa|atk|1\n|-unboost|p1b: Dipset|atk|1\n|detailschange|p1a: Floa|Palafin-Hero, L50, M\n|switch|p1a: Skarm|Amoonguss, L50, M|100\/100\n|-terastallize|p2a: Ting-Lu|Poison\n|move|p1b: Dipset|Protect|p1b: Dipset\n|-singleturn|p1b: Dipset|Protect\n|move|p2a: Ting-Lu|Heavy Slam|p1b: Dipset\n|-activate|p1b: Dipset|move: Protect\n|\n|upkeep\n|turn|2\n|\n|t:|1681759655\n|-end|p1b: Dipset|Protosynthesis|[silent]\n|switch|p1b: Grauwind|Arcanine, L50, M|100\/100\n|-ability|p1b: Grauwind|Intimidate|boost\n|-unboost|p2a: Ting-Lu|atk|1\n|-unboost|p2b: Arcanine|atk|1\n|-terastallize|p1a: Skarm|Water\n|move|p2b: Arcanine|Flare Blitz|p1a: Skarm\n|-resisted|p1a: Skarm\n|-damage|p1a: Skarm|88\/100\n|-damage|p2b: Arcanine|96\/100|[from] Recoil\n|move|p2a: Ting-Lu|Fissure|p1a: Skarm|[miss]\n|-miss|p2a: Ting-Lu|p1a: Skarm\n|move|p1a: Skarm|Spore|p2a: Ting-Lu\n|-status|p2a: Ting-Lu|slp|[from] move: Spore\n|\n|upkeep\n|turn|3\n|\n|t:|1681759702\n|switch|p1a: Dipset|Flutter Mane, L50|100\/100\n|move|p2b: Arcanine|Will-O-Wisp|p1a: Dipset\n|-status|p1a: Dipset|brn\n|move|p1b: Grauwind|Flare Blitz|p2a: Ting-Lu\n|-damage|p2a: Ting-Lu|71\/100 slp\n|-damage|p1b: Grauwind|88\/100|[from] Recoil\n|cant|p2a: Ting-Lu|slp\n|\n|-damage|p1a: Dipset|95\/100 brn|[from] brn\n|upkeep\n|turn|4\n|\n|t:|1681759732\n|-end|p1a: Dipset|Protosynthesis|[silent]\n|switch|p1a: Floa|Palafin-Hero, L50, M|100\/100\n|-activate|p1a: Floa|ability: Zero to Hero\n|switch|p2a: Baxcalibur|Baxcalibur, L50, M|100\/100\n|move|p1b: Grauwind|Howl|p1b: Grauwind|[spread] p1a,p1b\n|-boost|p1a: Floa|atk|1\n|-boost|p1b: Grauwind|atk|1\n|move|p2b: Arcanine|Flare Blitz|p1a: Floa\n|-resisted|p1a: Floa\n|-damage|p1a: Floa|86\/100\n|-damage|p2b: Arcanine|91\/100|[from] Recoil\n|\n|upkeep\n|turn|5\n|\n|t:|1681759774\n|switch|p1b: Dipset|Flutter Mane, L50|95\/100 brn\n|move|p1a: Floa|Jet Punch|p2b: Arcanine\n|-supereffective|p2b: Arcanine\n|-damage|p2b: Arcanine|0 fnt\n|faint|p2b: Arcanine\n|move|p2a: Baxcalibur|Glaive Rush|p1a: Floa\n|-damage|p1a: Floa|22\/100\n|-singlemove|p2a: Baxcalibur|Glaive Rush|[silent]\n|\n|-damage|p1b: Dipset|89\/100 brn|[from] brn\n|upkeep\n|\n|t:|1681759786\n|switch|p2b: Palafin|Palafin-Hero, L50, M|100\/100\n|-activate|p2b: Palafin|ability: Zero to Hero\n|turn|6\n|\n|t:|1681759820\n|switch|p1a: Skarm|Amoonguss, L50, M, tera:Water|100\/100\n|switch|p2a: Ting-Lu|Ting-Lu, L50, tera:Poison|71\/100 slp\n|-ability|p2a: Ting-Lu|Vessel of Ruin\n|move|p2b: Palafin|Jet Punch|p1a: Skarm\n|-resisted|p1a: Skarm\n|-damage|p1a: Skarm|83\/100\n|move|p1b: Dipset|Shadow Ball|p2b: Palafin\n|-damage|p2b: Palafin|66\/100\n|\n|-damage|p1b: Dipset|83\/100 brn|[from] brn\n|upkeep\n|turn|7\n|\n|t:|1681759844\n|move|p2b: Palafin|Protect|p2b: Palafin\n|-singleturn|p2b: Palafin|Protect\n|move|p1b: Dipset|Substitute|p1b: Dipset\n|-start|p1b: Dipset|Substitute\n|-damage|p1b: Dipset|59\/100 brn\n|cant|p2a: Ting-Lu|slp\n|move|p1a: Skarm|Spore|p2b: Palafin\n|-activate|p2b: Palafin|move: Protect\n|\n|-damage|p1b: Dipset|53\/100 brn|[from] brn\n|upkeep\n|turn|8\n|\n|t:|1681759879\n|move|p1b: Dipset|Moonblast|p2b: Palafin\n|-damage|p2b: Palafin|29\/100\n|-unboost|p2b: Palafin|spa|1\n|move|p2b: Palafin|Wave Crash|p1a: Skarm\n|-resisted|p1a: Skarm\n|-damage|p1a: Skarm|48\/100\n|-enditem|p1a: Skarm|Sitrus Berry|[eat]\n|-heal|p1a: Skarm|73\/100|[from] item: Sitrus Berry\n|-damage|p2b: Palafin|17\/100|[from] Recoil\n|cant|p2a: Ting-Lu|slp\n|move|p1a: Skarm|Pollen Puff|p1b: Dipset\n|-heal|p1b: Dipset|100\/100 brn\n|\n|-damage|p1b: Dipset|95\/100 brn|[from] brn\n|upkeep\n|turn|9\n|\n|t:|1681759912\n|move|p2b: Palafin|Protect|p2b: Palafin\n|-singleturn|p2b: Palafin|Protect\n|move|p1b: Dipset|Moonblast|p2b: Palafin\n|-activate|p2b: Palafin|move: Protect\n|-curestatus|p2a: Ting-Lu|slp|[msg]\n|move|p2a: Ting-Lu|Heavy Slam|p1b: Dipset\n|-supereffective|p1b: Dipset\n|-end|p1b: Dipset|Substitute\n|move|p1a: Skarm|Spore|p2a: Ting-Lu\n|-status|p2a: Ting-Lu|slp|[from] move: Spore\n|\n|-damage|p1b: Dipset|89\/100 brn|[from] brn\n|upkeep\n|turn|10\n|\n|t:|1681759935\n|switch|p2a: Baxcalibur|Baxcalibur, L50, M|100\/100\n|move|p1a: Skarm|Rage Powder|p1a: Skarm\n|-singleturn|p1a: Skarm|move: Rage Powder\n|move|p2b: Palafin|Jet Punch|p1a: Skarm\n|-resisted|p1a: Skarm\n|-damage|p1a: Skarm|56\/100\n|move|p1b: Dipset|Moonblast|p2b: Palafin\n|-damage|p2b: Palafin|0 fnt\n|faint|p2b: Palafin\n|\n|-damage|p1b: Dipset|83\/100 brn|[from] brn\n|upkeep\n|\n|t:|1681759946\n|switch|p2b: Ting-Lu|Ting-Lu, L50, tera:Poison|71\/100 slp\n|-ability|p2b: Ting-Lu|Vessel of Ruin\n|turn|11\n|\n|t:|1681759963\n|move|p1a: Skarm|Rage Powder|p1a: Skarm\n|-singleturn|p1a: Skarm|move: Rage Powder\n|move|p1b: Dipset|Substitute|p1b: Dipset\n|-start|p1b: Dipset|Substitute\n|-damage|p1b: Dipset|59\/100 brn\n|move|p2a: Baxcalibur|Glaive Rush|p1a: Skarm\n|-damage|p1a: Skarm|0 fnt\n|-singlemove|p2a: Baxcalibur|Glaive Rush|[silent]\n|faint|p1a: Skarm\n|cant|p2b: Ting-Lu|slp\n|\n|-damage|p1b: Dipset|53\/100 brn|[from] brn\n|upkeep\n|\n|t:|1681759975\n|switch|p1a: Floa|Palafin-Hero, L50, M|22\/100\n|turn|12\n|\n|t:|1681759990\n|move|p2a: Baxcalibur|Protect|p2a: Baxcalibur\n|-singleturn|p2a: Baxcalibur|Protect\n|move|p1b: Dipset|Moonblast|p2a: Baxcalibur\n|-activate|p2a: Baxcalibur|move: Protect\n|move|p1a: Floa|Wave Crash|p2b: Ting-Lu\n|-damage|p2b: Ting-Lu|7\/100 slp\n|-damage|p1a: Floa|0 fnt|[from] Recoil\n|faint|p1a: Floa\n|cant|p2b: Ting-Lu|slp\n|\n|-damage|p1b: Dipset|47\/100 brn|[from] brn\n|upkeep\n|\n|t:|1681760001\n|switch|p1a: Grauwind|Arcanine, L50, M|88\/100\n|-ability|p1a: Grauwind|Intimidate|boost\n|-fail|p2a: Baxcalibur|unboost|[from] item: Clear Amulet|[of] p2a: Baxcalibur\n|-unboost|p2b: Ting-Lu|atk|1\n|turn|13\n|\n|t:|1681760024\n|move|p1b: Dipset|Moonblast|p2a: Baxcalibur\n|-supereffective|p2a: Baxcalibur\n|-damage|p2a: Baxcalibur|28\/100\n|move|p1a: Grauwind|Flare Blitz|p2b: Ting-Lu\n|-damage|p2b: Ting-Lu|0 fnt\n|faint|p2b: Ting-Lu\n|-damage|p1a: Grauwind|86\/100|[from] Recoil\n|move|p2a: Baxcalibur|Glaive Rush|p1a: Grauwind\n|-damage|p1a: Grauwind|8\/100\n|-singlemove|p2a: Baxcalibur|Glaive Rush|[silent]\n|\n|-damage|p1b: Dipset|42\/100 brn|[from] brn\n|upkeep\n|turn|14\n|c|\u2606Goldjunge1994|gg\n|c|\u2606gohan92|gg\n|\n|t:|1681760053\n|move|p2a: Baxcalibur|Ice Shard|p1a: Grauwind\n|-resisted|p1a: Grauwind\n|-damage|p1a: Grauwind|0 fnt\n|faint|p1a: Grauwind\n|move|p1b: Dipset|Moonblast|p2a: Baxcalibur\n|-supereffective|p2a: Baxcalibur\n|-damage|p2a: Baxcalibur|0 fnt\n|faint|p2a: Baxcalibur\n|\n|win|Goldjunge1994\n","uploadtime":1681760063,"views":9,"p1id":"goldjunge1994","p2id":"gohan92","formatid":"gen9vgc2023regulationc","rating":0,"private":0,"password":""}