{"id":"gen9vgc2023regulationc-1856248860","p1":"Inwaves22","p2":"Redi3n","format":"[Gen 9] VGC 2023 Regulation C","log":"|j|\u2606Inwaves22\n|j|\u2606Redi3n\n|t:|1683044488\n|gametype|doubles\n|player|p1|Inwaves22|falkner|1339\n|player|p2|Redi3n|2|1274\n|teamsize|p1|6\n|teamsize|p2|6\n|gen|9\n|tier|[Gen 9] VGC 2023 Regulation C\n|rated|\n|rule|Species Clause: Limit one of each Pok\u00e9mon\n|rule|Item Clause: Limit one of each item\n|clearpoke\n|poke|p1|Glimmora, L50, M|\n|poke|p1|Chi-Yu, L50|\n|poke|p1|Flutter Mane, L50|\n|poke|p1|Dragonite, L50, M|\n|poke|p1|Dondozo, L50, F|\n|poke|p1|Tatsugiri, L50, F|\n|poke|p2|Chi-Yu, L50|\n|poke|p2|Rotom-Wash, L50|\n|poke|p2|Spidops, L50, F|\n|poke|p2|Farigiraf, L50, F|\n|poke|p2|Scizor, L50, M|\n|poke|p2|Iron Moth, L50|\n|teampreview|4\n|j| Shadowntreiner\n|l| Shadowntreiner\n|inactive|Battle timer is ON: inactive players will automatically lose when time's up. (requested by Inwaves22)\n|\n|t:|1683044541\n|start\n|switch|p1a: Glimmora|Glimmora, L50, M|100\/100\n|switch|p1b: Dondozo|Dondozo, L50, F|100\/100\n|switch|p2a: Scizor|Scizor, L50, M|100\/100\n|switch|p2b: Rotom|Rotom-Wash, L50|100\/100\n|turn|1\n|inactive|Inwaves22 has 30 seconds left.\n|inactive|Inwaves22 has 20 seconds left.\n|inactive|Inwaves22 has 15 seconds left.\n|inactive|Inwaves22 has 10 seconds left.\n|inactive|Inwaves22 has 5 seconds left.\n|\n|t:|1683044596\n|move|p2a: Scizor|Bullet Punch|p1a: Glimmora\n|-supereffective|p1a: Glimmora\n|-damage|p1a: Glimmora|17\/100\n|-activate|p1a: Glimmora|ability: Toxic Debris\n|-sidestart|p2: Redi3n|move: Toxic Spikes\n|move|p1a: Glimmora|Toxic|p2b: Rotom\n|-status|p2b: Rotom|tox\n|move|p2b: Rotom|Will-O-Wisp|p1b: Dondozo\n|-status|p1b: Dondozo|brn\n|move|p1b: Dondozo|Wave Crash|p2b: Rotom\n|-resisted|p2b: Rotom\n|-damage|p2b: Rotom|90\/100 tox\n|-damage|p1b: Dondozo|99\/100 brn|[from] Recoil\n|\n|-heal|p2b: Rotom|96\/100 tox|[from] item: Leftovers\n|-damage|p2b: Rotom|90\/100 tox|[from] psn\n|-damage|p1b: Dondozo|92\/100 brn|[from] brn\n|upkeep\n|turn|2\n|\n|t:|1683044618\n|move|p1a: Glimmora|Spiky Shield|p1a: Glimmora\n|-singleturn|p1a: Glimmora|move: Protect\n|move|p2a: Scizor|Bullet Punch|p1a: Glimmora\n|-activate|p1a: Glimmora|move: Protect\n|-damage|p2a: Scizor|88\/100|[from] Spiky Shield|[of] p1a: Glimmora\n|move|p2b: Rotom|Nasty Plot|p2b: Rotom\n|-boost|p2b: Rotom|spa|2\n|move|p1b: Dondozo|Yawn|p2a: Scizor\n|-start|p2a: Scizor|move: Yawn|[of] p1b: Dondozo\n|\n|-heal|p2b: Rotom|96\/100 tox|[from] item: Leftovers\n|-damage|p2b: Rotom|85\/100 tox|[from] psn\n|-damage|p1b: Dondozo|86\/100 brn|[from] brn\n|upkeep\n|turn|3\n|inactive|Inwaves22 has 30 seconds left.\n|inactive|Inwaves22 has 20 seconds left.\n|inactive|Inwaves22 has 15 seconds left.\n|\n|t:|1683044663\n|switch|p1a: Dragonite|Dragonite, L50, M|100\/100\n|move|p2b: Rotom|Volt Switch|p1b: Dondozo\n|-supereffective|p1b: Dondozo\n|-damage|p1b: Dondozo|52\/100 brn\n|\n|t:|1683044672\n|switch|p2b: Iron Moth|Iron Moth, L50|100\/100|[from] Volt Switch\n|-enditem|p2b: Iron Moth|Booster Energy\n|-activate|p2b: Iron Moth|ability: Quark Drive|[fromitem]\n|-start|p2b: Iron Moth|quarkdrivespa\n|-sideend|p2: Redi3n|move: Toxic Spikes|[of] p2b: Iron Moth\n|move|p2a: Scizor|U-turn|p1a: Dragonite\n|-resisted|p1a: Dragonite\n|-damage|p1a: Dragonite|91\/100\n|\n|t:|1683044675\n|switch|p2a: Rotom|Rotom-Wash, L50|85\/100 tox|[from] U-turn\n|move|p1b: Dondozo|Bulldoze|p2b: Iron Moth|[spread] p2b\n|-immune|p1a: Dragonite\n|-immune|p2a: Rotom|[from] ability: Levitate\n|-supereffective|p2b: Iron Moth\n|-damage|p2b: Iron Moth|61\/100\n|-unboost|p2b: Iron Moth|spe|1\n|\n|-heal|p2a: Rotom|90\/100 tox|[from] item: Leftovers\n|-damage|p2a: Rotom|85\/100 tox|[from] psn\n|-damage|p1b: Dondozo|46\/100 brn|[from] brn\n|upkeep\n|-enditem|p1b: Dondozo|Sitrus Berry|[eat]\n|-heal|p1b: Dondozo|71\/100 brn|[from] item: Sitrus Berry\n|turn|4\n|inactive|Inwaves22 has 30 seconds left.\n|\n|t:|1683044704\n|move|p2b: Iron Moth|Protect|p2b: Iron Moth\n|-singleturn|p2b: Iron Moth|Protect\n|move|p1b: Dondozo|Protect|p1b: Dondozo\n|-singleturn|p1b: Dondozo|Protect\n|move|p1a: Dragonite|Earthquake|p2a: Rotom|[spread] \n|-activate|p1b: Dondozo|move: Protect\n|-activate|p2b: Iron Moth|move: Protect\n|-immune|p2a: Rotom|[from] ability: Levitate\n|move|p2a: Rotom|Will-O-Wisp|p1a: Dragonite\n|-status|p1a: Dragonite|brn\n|\n|-heal|p2a: Rotom|90\/100 tox|[from] item: Leftovers\n|-damage|p2a: Rotom|79\/100 tox|[from] psn\n|-damage|p1a: Dragonite|85\/100 brn|[from] brn\n|-damage|p1b: Dondozo|65\/100 brn|[from] brn\n|upkeep\n|turn|5\n|inactive|Inwaves22 has 30 seconds left.\n|inactive|Redi3n has 30 seconds left.\n|inactive|Inwaves22 has 20 seconds left.\n|inactive|Inwaves22 has 15 seconds left.\n|\n|t:|1683044746\n|-terastallize|p2b: Iron Moth|Grass\n|move|p1a: Dragonite|Earthquake|p2b: Iron Moth|[spread] p1b,p2b\n|-immune|p2a: Rotom|[from] ability: Levitate\n|-resisted|p2b: Iron Moth\n|-damage|p1b: Dondozo|51\/100 brn\n|-damage|p2b: Iron Moth|43\/100\n|move|p2b: Iron Moth|Energy Ball|p1b: Dondozo\n|-supereffective|p1b: Dondozo\n|-damage|p1b: Dondozo|0 fnt\n|faint|p1b: Dondozo\n|move|p2a: Rotom|Volt Switch|p1a: Dragonite\n|-damage|p1a: Dragonite|56\/100 brn\n|\n|t:|1683044758\n|switch|p2a: Scizor|Scizor, L50, M|88\/100|[from] Volt Switch\n|\n|-damage|p1a: Dragonite|50\/100 brn|[from] brn\n|upkeep\n|\n|t:|1683044762\n|switch|p1b: Chi-Yu|Chi-Yu, L50|100\/100\n|-ability|p1b: Chi-Yu|Beads of Ruin\n|turn|6\n|inactive|Redi3n has 30 seconds left.\n|inactive|Redi3n has 20 seconds left.\n|\n|t:|1683044800\n|switch|p1a: Glimmora|Glimmora, L50, M|17\/100\n|-end|p2b: Iron Moth|Quark Drive|[silent]\n|switch|p2b: Rotom|Rotom-Wash, L50|79\/100 tox\n|-terastallize|p1b: Chi-Yu|Grass\n|move|p2a: Scizor|Bullet Punch|p1a: Glimmora\n|-supereffective|p1a: Glimmora\n|-damage|p1a: Glimmora|0 fnt\n|-activate|p1a: Glimmora|ability: Toxic Debris\n|-sidestart|p2: Redi3n|move: Toxic Spikes\n|faint|p1a: Glimmora\n|move|p1b: Chi-Yu|Flamethrower|p2a: Scizor\n|-supereffective|p2a: Scizor\n|-damage|p2a: Scizor|0 fnt\n|faint|p2a: Scizor\n|\n|-heal|p2b: Rotom|85\/100 tox|[from] item: Leftovers\n|-damage|p2b: Rotom|79\/100 tox|[from] psn\n|upkeep\n|\n|t:|1683044818\n|switch|p1a: Dragonite|Dragonite, L50, M|50\/100 brn\n|switch|p2a: Chi-Yu|Chi-Yu, L50|100\/100\n|-status|p2a: Chi-Yu|psn\n|-ability|p2a: Chi-Yu|Beads of Ruin\n|turn|7\n|\n|t:|1683044830\n|move|p1b: Chi-Yu|Protect|p1b: Chi-Yu\n|-singleturn|p1b: Chi-Yu|Protect\n|move|p2a: Chi-Yu|Dark Pulse|p1a: Dragonite\n|-damage|p1a: Dragonite|0 fnt\n|faint|p1a: Dragonite\n|-damage|p2a: Chi-Yu|90\/100 psn|[from] item: Life Orb\n|move|p2b: Rotom|Volt Switch|p1b: Chi-Yu\n|-activate|p1b: Chi-Yu|move: Protect\n|\n|-heal|p2b: Rotom|85\/100 tox|[from] item: Leftovers\n|-damage|p2a: Chi-Yu|78\/100 psn|[from] psn\n|-damage|p2b: Rotom|73\/100 tox|[from] psn\n|upkeep\n|turn|8\n|\n|t:|1683044845\n|move|p2a: Chi-Yu|Heat Wave|p1b: Chi-Yu\n|-supereffective|p1b: Chi-Yu\n|-damage|p1b: Chi-Yu|0 fnt\n|faint|p1b: Chi-Yu\n|-damage|p2a: Chi-Yu|68\/100 psn|[from] item: Life Orb\n|\n|win|Redi3n\n|raw|Inwaves22's rating: 1339 → 1315<\/strong> (-24 for losing)\n|raw|Redi3n's rating: 1274 → 1304<\/strong> (+30 for winning)\n","uploadtime":1683044852,"views":17,"p1id":"inwaves22","p2id":"redi3n","formatid":"gen9vgc2023regulationc","rating":1304,"private":0,"password":""}