{"id":"gen9vgc2023regulationc-1853242641","p1":"VissenUltra","p2":"Greninja5800","format":"[Gen 9] VGC 2023 Regulation C","log":"|j|\u2606VissenUltra\n|j|\u2606Greninja5800\n|t:|1682653690\n|gametype|doubles\n|player|p1|VissenUltra|169|\n|player|p2|Greninja5800|169|\n|teamsize|p1|6\n|teamsize|p2|6\n|gen|9\n|tier|[Gen 9] VGC 2023 Regulation C\n|rated|Tournament battle\n|rule|Species Clause: Limit one of each Pok\u00e9mon\n|rule|Item Clause: Limit one of each item\n|clearpoke\n|poke|p1|Palafin, L50, M|\n|poke|p1|Flutter Mane, L50|\n|poke|p1|Arcanine, L50, F|\n|poke|p1|Ting-Lu, L50|\n|poke|p1|Amoonguss, L50, M|\n|poke|p1|Baxcalibur, L50, F|\n|poke|p2|Gholdengo, L50|\n|poke|p2|Murkrow, L50, M|\n|poke|p2|Great Tusk, L50|\n|poke|p2|Wo-Chien, L50|\n|poke|p2|Chi-Yu, L50|\n|poke|p2|Flutter Mane, L50|\n|teampreview|4\n|raw| Open Team Sheet for VissenUltra<\/summary>Palafin @ Mystic Water Ability: Zero to Hero Level: 50 Tera Type: Water - Protect - Wave Crash - Jet Punch - Substitute Flutter Mane @ Booster Energy Ability: Protosynthesis Level: 50 Tera Type: Fairy - Protect - Moonblast - Dazzling Gleam - Shadow Ball Arcanine @ Safety Goggles Ability: Intimidate Level: 50 Tera Type: Grass - Flare Blitz - Will-O-Wisp - Extreme Speed - Howl Ting-Lu @ Assault Vest Ability: Vessel of Ruin Level: 50 Tera Type: Grass - Stomping Tantrum - Ruination - Fissure - Heavy Slam Amoonguss @ Sitrus Berry Ability: Regenerator Level: 50 Tera Type: Water - Spore - Rage Powder - Pollen Puff - Clear Smog Baxcalibur @ Clear Amulet Ability: Thermal Exchange Level: 50 Tera Type: Water - Protect - Icicle Crash - Glaive Rush - Ice Shard <\/details><\/div> Open Team Sheet for Greninja5800<\/summary>Gholdengo @ Life Orb Ability: Good as Gold Level: 50 Tera Type: Water - Make It Rain - Shadow Ball - Nasty Plot - Protect Murkrow @ Eviolite Ability: Prankster Level: 50 Tera Type: Ghost - Brave Bird - Tailwind - Haze - Sunny Day Great Tusk @ Choice Scarf Ability: Protosynthesis Level: 50 Hidden Power: Fighting Tera Type: Fire - Earthquake - Headlong Rush - Close Combat - Ice Spinner Wo-Chien @ Assault Vest Ability: Tablets of Ruin Level: 50 Tera Type: Poison - Giga Drain - Pollen Puff - Foul Play - Ruination Chi-Yu @ Focus Sash Ability: Beads of Ruin Level: 50 Tera Type: Grass - Heat Wave - Dark Pulse - Tera Blast - Protect Flutter Mane @ Choice Specs Ability: Protosynthesis Level: 50 Tera Type: Fairy - Moonblast - Dazzling Gleam - Shadow Ball - Psyshock <\/details><\/div>\n|inactive|Battle timer is ON: inactive players will automatically lose when time's up. (requested by VissenUltra)\n|inactive|VissenUltra has 60 seconds left.\n|inactive|Greninja5800 has 60 seconds left.\n|\n|t:|1682653739\n|start\n|switch|p1a: Ting-Lu|Ting-Lu, L50|100\/100\n|switch|p1b: Arcanine|Arcanine, L50, F|100\/100\n|switch|p2a: Wo-Chien|Wo-Chien, L50|100\/100\n|switch|p2b: Gholdengo|Gholdengo, L50|100\/100\n|-ability|p1b: Arcanine|Intimidate|boost\n|-unboost|p2a: Wo-Chien|atk|1\n|-unboost|p2b: Gholdengo|atk|1\n|-ability|p2a: Wo-Chien|Tablets of Ruin\n|-ability|p1a: Ting-Lu|Vessel of Ruin\n|turn|1\n|inactive|VissenUltra has 30 seconds left.\n|inactive|Greninja5800 has 30 seconds left.\n|inactive|Greninja5800 has 20 seconds left.\n|inactive|Greninja5800 has 15 seconds left.\n|inactive|Greninja5800 has 10 seconds left.\n|\n|t:|1682653788\n|-terastallize|p2b: Gholdengo|Water\n|move|p1b: Arcanine|Howl|p1b: Arcanine|[spread] p1a,p1b\n|-boost|p1a: Ting-Lu|atk|1\n|-boost|p1b: Arcanine|atk|1\n|move|p2b: Gholdengo|Nasty Plot|p2b: Gholdengo\n|-boost|p2b: Gholdengo|spa|2\n|move|p2a: Wo-Chien|Pollen Puff|p2b: Gholdengo\n|-immune|p2b: Gholdengo\n|move|p1a: Ting-Lu|Fissure|p2a: Wo-Chien|[miss]\n|-miss|p1a: Ting-Lu|p2a: Wo-Chien\n|\n|upkeep\n|turn|2\n|inactive|Greninja5800 has 30 seconds left.\n|\n|t:|1682653823\n|move|p1b: Arcanine|Flare Blitz|p2a: Wo-Chien\n|-supereffective|p2a: Wo-Chien\n|-damage|p2a: Wo-Chien|15\/100\n|-damage|p1b: Arcanine|73\/100|[from] Recoil\n|move|p2b: Gholdengo|Make It Rain|p1a: Ting-Lu|[spread] p1a,p1b\n|-resisted|p1b: Arcanine\n|-damage|p1a: Ting-Lu|61\/100\n|-damage|p1b: Arcanine|29\/100\n|-unboost|p2b: Gholdengo|spa|1\n|-damage|p2b: Gholdengo|91\/100|[from] item: Life Orb\n|move|p2a: Wo-Chien|Ruination|p1a: Ting-Lu\n|-damage|p1a: Ting-Lu|31\/100\n|move|p1a: Ting-Lu|Stomping Tantrum|p2b: Gholdengo\n|-damage|p2b: Gholdengo|19\/100\n|\n|upkeep\n|turn|3\n|inactive|Greninja5800 has 30 seconds left.\n|\n|t:|1682653854\n|move|p1b: Arcanine|Extreme Speed|p2a: Wo-Chien\n|-damage|p2a: Wo-Chien|0 fnt\n|faint|p2a: Wo-Chien\n|move|p2b: Gholdengo|Make It Rain|p1b: Arcanine|[spread] p1a,p1b\n|-resisted|p1b: Arcanine\n|-damage|p1a: Ting-Lu|0 fnt\n|-damage|p1b: Arcanine|0 fnt\n|-unboost|p2b: Gholdengo|spa|1\n|faint|p1a: Ting-Lu\n|faint|p1b: Arcanine\n|-damage|p2b: Gholdengo|9\/100|[from] item: Life Orb\n|\n|upkeep\n|inactive|Greninja5800 has 30 seconds left.\n|inactive|Greninja5800 has 20 seconds left.\n|\n|t:|1682653891\n|switch|p1b: Amoonguss|Amoonguss, L50, M|100\/100\n|switch|p2a: Murkrow|Murkrow, L50, M|100\/100\n|switch|p1a: Baxcalibur|Baxcalibur, L50, F|100\/100\n|turn|4\n|inactive|Greninja5800 has 30 seconds left.\n|\n|t:|1682653918\n|move|p2a: Murkrow|Sunny Day|p2a: Murkrow\n|-weather|SunnyDay\n|move|p1a: Baxcalibur|Ice Shard|p2b: Gholdengo\n|-resisted|p2b: Gholdengo\n|-damage|p2b: Gholdengo|0 fnt\n|faint|p2b: Gholdengo\n|move|p1b: Amoonguss|Spore|p2a: Murkrow\n|-status|p2a: Murkrow|slp|[from] move: Spore\n|\n|-weather|SunnyDay|[upkeep]\n|upkeep\n|\n|t:|1682653923\n|switch|p2b: Great Tusk|Great Tusk, L50|100\/100\n|-activate|p2b: Great Tusk|ability: Protosynthesis\n|-start|p2b: Great Tusk|protosynthesisatk\n|turn|5\n|inactive|Greninja5800 has 30 seconds left.\n|inactive|VissenUltra has 30 seconds left.\n|\n|t:|1682653955\n|move|p1a: Baxcalibur|Protect|p1a: Baxcalibur\n|-singleturn|p1a: Baxcalibur|Protect\n|move|p2b: Great Tusk|Ice Spinner|p1b: Amoonguss\n|-supereffective|p1b: Amoonguss\n|-damage|p1b: Amoonguss|37\/100\n|-enditem|p1b: Amoonguss|Sitrus Berry|[eat]\n|-heal|p1b: Amoonguss|61\/100|[from] item: Sitrus Berry\n|cant|p2a: Murkrow|slp\n|move|p1b: Amoonguss|Spore|p2b: Great Tusk\n|-status|p2b: Great Tusk|slp|[from] move: Spore\n|\n|-weather|SunnyDay|[upkeep]\n|upkeep\n|turn|6\n|\n|t:|1682653967\n|-terastallize|p1b: Amoonguss|Water\n|cant|p2b: Great Tusk|slp\n|cant|p2a: Murkrow|slp\n|move|p1a: Baxcalibur|Icicle Crash|p2b: Great Tusk\n|-supereffective|p2b: Great Tusk\n|-damage|p2b: Great Tusk|25\/100 slp\n|move|p1b: Amoonguss|Spore|p2a: Murkrow\n|-fail|p2a: Murkrow|slp\n|\n|-weather|SunnyDay|[upkeep]\n|upkeep\n|turn|7\n|\n|t:|1682653984\n|move|p1a: Baxcalibur|Ice Shard|p2b: Great Tusk\n|-supereffective|p2b: Great Tusk\n|-damage|p2b: Great Tusk|0 fnt\n|faint|p2b: Great Tusk\n|-end|p2b: Great Tusk|Protosynthesis|[silent]\n|-curestatus|p2a: Murkrow|slp|[msg]\n|move|p2a: Murkrow|Brave Bird|p1b: Amoonguss\n|-crit|p1b: Amoonguss\n|-damage|p1b: Amoonguss|17\/100\n|-damage|p2a: Murkrow|81\/100|[from] Recoil\n|move|p1b: Amoonguss|Spore|p2a: Murkrow\n|-status|p2a: Murkrow|slp|[from] move: Spore\n|\n|-weather|SunnyDay|[upkeep]\n|upkeep\n|turn|8\n|\n|t:|1682654001\n|move|p1a: Baxcalibur|Ice Shard|p2a: Murkrow\n|-supereffective|p2a: Murkrow\n|-damage|p2a: Murkrow|35\/100 slp\n|cant|p2a: Murkrow|slp\n|move|p1b: Amoonguss|Pollen Puff|p2a: Murkrow\n|-damage|p2a: Murkrow|14\/100 slp\n|\n|-weather|none\n|upkeep\n|turn|9\n|\n|t:|1682654013\n|move|p1b: Amoonguss|Rage Powder|p1b: Amoonguss\n|-singleturn|p1b: Amoonguss|move: Rage Powder\n|move|p1a: Baxcalibur|Ice Shard|p2a: Murkrow\n|-supereffective|p2a: Murkrow\n|-damage|p2a: Murkrow|0 fnt\n|faint|p2a: Murkrow\n|\n|win|VissenUltra\n|n|\u2606VissenUltra|vissenultra\n|n|\u2606Greninja5800|greninja5800\n","uploadtime":1682654014,"views":8,"p1id":"vissenultra","p2id":"greninja5800","formatid":"gen9vgc2023regulationc","rating":0,"private":0,"password":""}