{"id":"gen9vgc2023regulationc-1852359261","p1":"b(R)2","p2":"bentoboxkiller","format":"[Gen 9] VGC 2023 Regulation C","log":"|j|\u2606b(R)2\n|j|\u2606bentoboxkiller\n|t:|1682547988\n|gametype|doubles\n|player|p1|b(R)2|266|1240\n|player|p2|bentoboxkiller|170|1303\n|teamsize|p1|6\n|teamsize|p2|6\n|gen|9\n|tier|[Gen 9] VGC 2023 Regulation C\n|rated|\n|rule|Species Clause: Limit one of each Pok\u00e9mon\n|rule|Item Clause: Limit one of each item\n|clearpoke\n|poke|p1|Ting-Lu, L50|\n|poke|p1|Amoonguss, L50, M|\n|poke|p1|Garganacl, L50, F|\n|poke|p1|Arcanine, L50, M|\n|poke|p1|Roaring Moon, L50|\n|poke|p1|Iron Bundle, L50|\n|poke|p2|Iron Bundle, L50|\n|poke|p2|Orthworm, L50, F|\n|poke|p2|Ceruledge, L50, F|\n|poke|p2|Ting-Lu, L50|\n|poke|p2|Flutter Mane, L50|\n|poke|p2|Murkrow, L50, M|\n|teampreview|4\n|inactive|Battle timer is ON: inactive players will automatically lose when time's up. (requested by bentoboxkiller)\nb(R)2 has agreed to open team sheets.\n|\n|t:|1682548004\n|start\n|switch|p1a: Garganacl|Garganacl, L50, F|100\/100\n|switch|p1b: Arcanine|Arcanine, L50, M|100\/100\n|switch|p2a: Ceruledge|Ceruledge, L50, F|100\/100\n|switch|p2b: Iron Bundle|Iron Bundle, L50|100\/100\n|-ability|p1b: Arcanine|Intimidate|boost\n|-fail|p2a: Ceruledge|unboost|[from] item: Clear Amulet|[of] p2a: Ceruledge\n|-unboost|p2b: Iron Bundle|atk|1\n|-enditem|p2b: Iron Bundle|Booster Energy\n|-activate|p2b: Iron Bundle|ability: Quark Drive|[fromitem]\n|-start|p2b: Iron Bundle|quarkdrivespe\n|turn|1\n|\n|t:|1682548026\n|switch|p1b: Amoonguss|Amoonguss, L50, M|100\/100\n|-terastallize|p1a: Garganacl|Ghost\n|move|p2b: Iron Bundle|Hydro Pump|p1b: Amoonguss\n|-resisted|p1b: Amoonguss\n|-damage|p1b: Amoonguss|74\/100\n|move|p2a: Ceruledge|Bulk Up|p2a: Ceruledge\n|-boost|p2a: Ceruledge|atk|1\n|-boost|p2a: Ceruledge|def|1\n|move|p1a: Garganacl|Salt Cure|p2b: Iron Bundle\n|-supereffective|p2b: Iron Bundle\n|-damage|p2b: Iron Bundle|69\/100\n|-start|p2b: Iron Bundle|Salt Cure\n|\n|-damage|p2b: Iron Bundle|44\/100|[from] Salt Cure\n|upkeep\n|turn|2\n|\n|t:|1682548043\n|move|p1b: Amoonguss|Protect|p1b: Amoonguss\n|-singleturn|p1b: Amoonguss|Protect\n|move|p2b: Iron Bundle|Freeze-Dry|p1b: Amoonguss\n|-activate|p1b: Amoonguss|move: Protect\n|move|p2a: Ceruledge|Bulk Up|p2a: Ceruledge\n|-boost|p2a: Ceruledge|atk|1\n|-boost|p2a: Ceruledge|def|1\n|move|p1a: Garganacl|Salt Cure|p2a: Ceruledge\n|-supereffective|p2a: Ceruledge\n|-damage|p2a: Ceruledge|82\/100\n|-start|p2a: Ceruledge|Salt Cure\n|\n|-damage|p2b: Iron Bundle|19\/100|[from] Salt Cure\n|-damage|p2a: Ceruledge|69\/100|[from] Salt Cure\n|upkeep\n|turn|3\n|\n|t:|1682548062\n|switch|p1b: Arcanine|Arcanine, L50, M|100\/100\n|-ability|p1b: Arcanine|Intimidate|boost\n|-fail|p2a: Ceruledge|unboost|[from] item: Clear Amulet|[of] p2a: Ceruledge\n|-unboost|p2b: Iron Bundle|atk|1\n|move|p2b: Iron Bundle|Freeze-Dry|p1b: Arcanine\n|-resisted|p1b: Arcanine\n|-damage|p1b: Arcanine|80\/100\n|move|p2a: Ceruledge|Shadow Claw|p1a: Garganacl\n|-supereffective|p1a: Garganacl\n|-damage|p1a: Garganacl|54\/100\n|move|p1a: Garganacl|Stealth Rock|p2b: Iron Bundle\n|-sidestart|p2: bentoboxkiller|move: Stealth Rock\n|\n|-heal|p1a: Garganacl|60\/100|[from] item: Leftovers\n|-damage|p2b: Iron Bundle|0 fnt|[from] Salt Cure\n|faint|p2b: Iron Bundle\n|-end|p2b: Iron Bundle|Quark Drive|[silent]\n|-damage|p2a: Ceruledge|57\/100|[from] Salt Cure\n|upkeep\n|\n|t:|1682548070\n|switch|p2b: Ting-Lu|Ting-Lu, L50|100\/100\n|-damage|p2b: Ting-Lu|94\/100|[from] Stealth Rock\n|-ability|p2b: Ting-Lu|Vessel of Ruin\n|turn|4\n|\n|t:|1682548088\n|switch|p1b: Amoonguss|Amoonguss, L50, M|100\/100\n|move|p2a: Ceruledge|Bitter Blade|p1a: Garganacl\n|-damage|p1a: Garganacl|1\/100\n|-heal|p2a: Ceruledge|95\/100|[from] drain|[of] p1a: Garganacl\n|move|p2b: Ting-Lu|Throat Chop|p1a: Garganacl\n|-supereffective|p1a: Garganacl\n|-damage|p1a: Garganacl|0 fnt\n|faint|p1a: Garganacl\n|\n|-damage|p2a: Ceruledge|82\/100|[from] Salt Cure\n|upkeep\n|\n|t:|1682548099\n|switch|p1a: Ting-Lu|Ting-Lu, L50|100\/100\n|-ability|p1a: Ting-Lu|Vessel of Ruin\n|turn|5\n|\n|t:|1682548115\n|switch|p2b: Orthworm|Orthworm, L50, F|100\/100\n|-damage|p2b: Orthworm|95\/100|[from] Stealth Rock\n|switch|p1b: Arcanine|Arcanine, L50, M|80\/100\n|-ability|p1b: Arcanine|Intimidate|boost\n|-fail|p2a: Ceruledge|unboost|[from] item: Clear Amulet|[of] p2a: Ceruledge\n|-unboost|p2b: Orthworm|atk|1\n|-terastallize|p2a: Ceruledge|Grass\n|move|p2a: Ceruledge|Bitter Blade|p1b: Arcanine\n|-resisted|p1b: Arcanine\n|-damage|p1b: Arcanine|33\/100\n|-heal|p2a: Ceruledge|100\/100|[from] drain|[of] p1b: Arcanine\n|move|p1a: Ting-Lu|Stomping Tantrum|p2a: Ceruledge\n|-resisted|p2a: Ceruledge\n|-damage|p2a: Ceruledge|89\/100\n|\n|-damage|p2a: Ceruledge|76\/100|[from] Salt Cure\n|upkeep\n|turn|6\n|inactive|b(R)2 has 30 seconds left.\n|\n|t:|1682548141\n|switch|p2b: Ting-Lu|Ting-Lu, L50|94\/100\n|-damage|p2b: Ting-Lu|88\/100|[from] Stealth Rock\n|-ability|p2b: Ting-Lu|Vessel of Ruin\n|move|p1b: Arcanine|Protect|p1b: Arcanine\n|-singleturn|p1b: Arcanine|Protect\n|move|p2a: Ceruledge|Bulk Up|p2a: Ceruledge\n|-boost|p2a: Ceruledge|atk|1\n|-boost|p2a: Ceruledge|def|1\n|move|p1a: Ting-Lu|Ruination|p2a: Ceruledge|[miss]\n|-miss|p1a: Ting-Lu|p2a: Ceruledge\n|\n|-damage|p2a: Ceruledge|64\/100|[from] Salt Cure\n|upkeep\n|turn|7\n|inactive|b(R)2 has 30 seconds left.\n|\n|t:|1682548168\n|move|p1b: Arcanine|Will-O-Wisp|p2b: Ting-Lu|[miss]\n|-miss|p1b: Arcanine|p2b: Ting-Lu\n|move|p2a: Ceruledge|Bitter Blade|p1b: Arcanine\n|-resisted|p1b: Arcanine\n|-damage|p1b: Arcanine|0 fnt\n|-heal|p2a: Ceruledge|84\/100|[from] drain|[of] p1b: Arcanine\n|faint|p1b: Arcanine\n|move|p1a: Ting-Lu|Ruination|p2a: Ceruledge|[miss]\n|-miss|p1a: Ting-Lu|p2a: Ceruledge\n|move|p2b: Ting-Lu|Rock Slide|p1a: Ting-Lu\n|-resisted|p1a: Ting-Lu\n|-damage|p1a: Ting-Lu|94\/100\n|\n|-damage|p2a: Ceruledge|72\/100|[from] Salt Cure\n|upkeep\n|\n|t:|1682548182\n|switch|p1b: Amoonguss|Amoonguss, L50, M|100\/100\n|turn|8\n|inactive|b(R)2 has 30 seconds left.\n|\n|t:|1682548211\n|switch|p2b: Orthworm|Orthworm, L50, F|95\/100\n|-damage|p2b: Orthworm|89\/100|[from] Stealth Rock\n|move|p1b: Amoonguss|Protect|p1b: Amoonguss\n|-singleturn|p1b: Amoonguss|Protect\n|move|p2a: Ceruledge|Bulk Up|p2a: Ceruledge\n|-boost|p2a: Ceruledge|atk|1\n|-boost|p2a: Ceruledge|def|1\n|move|p1a: Ting-Lu|Sand Tomb|p2a: Ceruledge\n|-resisted|p2a: Ceruledge\n|-damage|p2a: Ceruledge|69\/100\n|-activate|p2a: Ceruledge|move: Sand Tomb|[of] p1a: Ting-Lu\n|\n|-damage|p2a: Ceruledge|56\/100|[from] Salt Cure\n|-damage|p2a: Ceruledge|44\/100|[from] move: Sand Tomb|[partiallytrapped]\n|upkeep\n|turn|9\n|\n|t:|1682548234\n|move|p1b: Amoonguss|Protect|p1b: Amoonguss\n|-singleturn|p1b: Amoonguss|Protect\n|move|p2a: Ceruledge|Bitter Blade|p1b: Amoonguss\n|-activate|p1b: Amoonguss|move: Protect\n|move|p2b: Orthworm|Iron Defense|p2b: Orthworm\n|-boost|p2b: Orthworm|def|2\n|move|p1a: Ting-Lu|Ruination|p2a: Ceruledge\n|-damage|p2a: Ceruledge|22\/100\n|\n|-damage|p2a: Ceruledge|10\/100|[from] move: Sand Tomb|[partiallytrapped]\n|-damage|p2a: Ceruledge|0 fnt|[from] Salt Cure\n|faint|p2a: Ceruledge\n|upkeep\n|\n|t:|1682548238\n|switch|p2a: Ting-Lu|Ting-Lu, L50|88\/100\n|-damage|p2a: Ting-Lu|82\/100|[from] Stealth Rock\n|-ability|p2a: Ting-Lu|Vessel of Ruin\n|turn|10\n|\n|t:|1682548258\n|move|p2b: Orthworm|Body Press|p1a: Ting-Lu\n|-supereffective|p1a: Ting-Lu\n|-damage|p1a: Ting-Lu|41\/100\n|move|p1a: Ting-Lu|Sand Tomb|p2a: Ting-Lu\n|-damage|p2a: Ting-Lu|71\/100\n|-activate|p2a: Ting-Lu|move: Sand Tomb|[of] p1a: Ting-Lu\n|move|p2a: Ting-Lu|Earthquake|p1b: Amoonguss|[spread] p1a,p1b\n|-heal|p2b: Orthworm|100\/100|[from] ability: Earth Eater|[of] p2a: Ting-Lu\n|-damage|p1a: Ting-Lu|22\/100\n|-damage|p1b: Amoonguss|73\/100\n|move|p1b: Amoonguss|Spore|p2b: Orthworm\n|-activate|p2b: Orthworm|item: Safety Goggles|Spore\n|\n|-damage|p2a: Ting-Lu|59\/100|[from] move: Sand Tomb|[partiallytrapped]\n|upkeep\n|turn|11\n|inactive|b(R)2 has 30 seconds left.\n|inactive|b(R)2 has 20 seconds left.\n|inactive|b(R)2 has 15 seconds left.\n|inactive|b(R)2 has 10 seconds left.\n|\n|t:|1682548305\n|move|p1b: Amoonguss|Rage Powder|p1b: Amoonguss\n|-singleturn|p1b: Amoonguss|move: Rage Powder\n|move|p2b: Orthworm|Iron Defense|p2b: Orthworm\n|-boost|p2b: Orthworm|def|2\n|move|p1a: Ting-Lu|Ruination|p2a: Ting-Lu\n|-damage|p2a: Ting-Lu|30\/100\n|move|p2a: Ting-Lu|Earthquake|p1b: Amoonguss|[spread] p1a,p1b\n|-immune|p2b: Orthworm|[from] ability: Earth Eater\n|-damage|p1a: Ting-Lu|3\/100\n|-damage|p1b: Amoonguss|48\/100\n|-enditem|p1b: Amoonguss|Sitrus Berry|[eat]\n|-heal|p1b: Amoonguss|73\/100|[from] item: Sitrus Berry\n|\n|-damage|p2a: Ting-Lu|17\/100|[from] move: Sand Tomb|[partiallytrapped]\n|upkeep\n|turn|12\n|\n|t:|1682548323\n|move|p2b: Orthworm|Body Press|p1b: Amoonguss\n|-resisted|p1b: Amoonguss\n|-damage|p1b: Amoonguss|44\/100\n|move|p1a: Ting-Lu|Ruination|p2b: Orthworm|[miss]\n|-miss|p1a: Ting-Lu|p2b: Orthworm\n|move|p2a: Ting-Lu|Earthquake|p1a: Ting-Lu|[spread] p1a,p1b\n|-immune|p2b: Orthworm|[from] ability: Earth Eater\n|-damage|p1a: Ting-Lu|0 fnt\n|-damage|p1b: Amoonguss|16\/100\n|faint|p1a: Ting-Lu\n|move|p1b: Amoonguss|Pollen Puff|p1: Ting-Lu|[notarget]\n|-fail|p1b: Amoonguss\n|\n|-end|p2a: Ting-Lu|Sand Tomb|[partiallytrapped]|[silent]\n|upkeep\n|turn|13\n|\n|t:|1682548340\n|move|p2b: Orthworm|Body Press|p1b: Amoonguss\n|-resisted|p1b: Amoonguss\n|-damage|p1b: Amoonguss|0 fnt\n|faint|p1b: Amoonguss\n|\n|win|bentoboxkiller\n|raw|b(R)2's rating: 1240 → 1219<\/strong> (-21 for losing)\n|raw|bentoboxkiller's rating: 1303 → 1319<\/strong> (+16 for winning)\n","uploadtime":1682548346,"views":30,"p1id":"br2","p2id":"bentoboxkiller","formatid":"gen9vgc2023regulationc","rating":1219,"private":0,"password":""}