{"id":"gen9vgc2023regulationc-1847288140","p1":"Zesticeiro","p2":"guguchu","format":"[Gen 9] VGC 2023 Regulation C","log":"|j|\u2606Zesticeiro\n|j|\u2606guguchu\n|t:|1681934975\n|gametype|doubles\n|player|p1|Zesticeiro|blackbelt|1089\n|player|p2|guguchu|gentleman-gen4dp|1024\n|teamsize|p1|6\n|teamsize|p2|6\n|gen|9\n|tier|[Gen 9] VGC 2023 Regulation C\n|rated|\n|rule|Species Clause: Limit one of each Pok\u00e9mon\n|rule|Item Clause: Limit one of each item\n|clearpoke\n|poke|p1|Flutter Mane, L50|\n|poke|p1|Farigiraf, L50, F|\n|poke|p1|Dragonite, L50, F|\n|poke|p1|Scizor, L50, M|\n|poke|p1|Pelipper, L50, F|\n|poke|p1|Drednaw, L50, F|\n|poke|p2|Annihilape, L50, M|\n|poke|p2|Grimmsnarl, L50, M|\n|poke|p2|Amoonguss, L50, F|\n|poke|p2|Talonflame, L50, F|\n|poke|p2|Sylveon, L50, M|\n|poke|p2|Iron Moth, L50|\n|teampreview|4\n|inactive|Battle timer is ON: inactive players will automatically lose when time's up. (requested by guguchu)\n|inactive|Zesticeiro has 60 seconds left.\n|\n|t:|1681935015\n|start\n|switch|p1a: Dragonite|Dragonite, L50, F|100\/100\n|switch|p1b: Pelipper|Pelipper, L50, F|100\/100\n|switch|p2a: Talonflame|Talonflame, L50, F|100\/100\n|switch|p2b: Grimmsnarl|Grimmsnarl, L50, M|100\/100\n|-weather|RainDance|[from] ability: Drizzle|[of] p1b: Pelipper\n|turn|1\n|\n|t:|1681935038\n|-terastallize|p1a: Dragonite|Normal\n|move|p1a: Dragonite|Extreme Speed|p2a: Talonflame\n|-damage|p2a: Talonflame|35\/100\n|move|p2b: Grimmsnarl|Reflect|p2b: Grimmsnarl\n|-sidestart|p2: guguchu|Reflect\n|move|p2a: Talonflame|Tailwind|p2a: Talonflame\n|-sidestart|p2: guguchu|move: Tailwind\n|move|p1b: Pelipper|Hydro Pump|p2a: Talonflame\n|-supereffective|p2a: Talonflame\n|-damage|p2a: Talonflame|0 fnt\n|faint|p2a: Talonflame\n|\n|-weather|RainDance|[upkeep]\n|upkeep\n|\n|t:|1681935051\n|switch|p2a: Annihilape|Annihilape, L50, M|100\/100\n|turn|2\n|\n|t:|1681935066\n|-terastallize|p2a: Annihilape|Water\n|move|p1a: Dragonite|Extreme Speed|p2b: Grimmsnarl\n|-damage|p2b: Grimmsnarl|61\/100\n|move|p2b: Grimmsnarl|Light Screen|p2b: Grimmsnarl\n|-sidestart|p2: guguchu|move: Light Screen\n|move|p2a: Annihilape|Close Combat|p1a: Dragonite\n|-supereffective|p1a: Dragonite\n|-damage|p1a: Dragonite|40\/100\n|-unboost|p2a: Annihilape|def|1\n|-unboost|p2a: Annihilape|spd|1\n|move|p1b: Pelipper|Tailwind|p1b: Pelipper\n|-sidestart|p1: Zesticeiro|move: Tailwind\n|\n|-weather|RainDance|[upkeep]\n|upkeep\n|turn|3\n|\n|t:|1681935091\n|move|p1a: Dragonite|Extreme Speed|p2b: Grimmsnarl\n|-damage|p2b: Grimmsnarl|25\/100\n|move|p2a: Annihilape|Bulk Up|p2a: Annihilape\n|-boost|p2a: Annihilape|atk|1\n|-boost|p2a: Annihilape|def|1\n|move|p1b: Pelipper|Hurricane|p2b: Grimmsnarl\n|-damage|p2b: Grimmsnarl|4\/100\n|move|p2b: Grimmsnarl|Play Rough|p1a: Dragonite\n|-damage|p1a: Dragonite|3\/100\n|\n|-weather|RainDance|[upkeep]\n|upkeep\n|turn|4\n|inactive|Zesticeiro has 30 seconds left.\n|inactive|guguchu has 30 seconds left.\n|\n|t:|1681935120\n|move|p1a: Dragonite|Extreme Speed|p2b: Grimmsnarl\n|-damage|p2b: Grimmsnarl|0 fnt\n|faint|p2b: Grimmsnarl\n|move|p2a: Annihilape|Bulk Up|p2a: Annihilape\n|-boost|p2a: Annihilape|atk|1\n|-boost|p2a: Annihilape|def|1\n|move|p1b: Pelipper|Hurricane|p2a: Annihilape\n|-damage|p2a: Annihilape|68\/100\n|\n|-weather|RainDance|[upkeep]\n|-heal|p2a: Annihilape|74\/100|[from] item: Leftovers\n|-sideend|p2: guguchu|move: Tailwind\n|upkeep\n|\n|t:|1681935127\n|switch|p2b: Amoonguss|Amoonguss, L50, F|100\/100\n|turn|5\n|\n|t:|1681935138\n|move|p1a: Dragonite|Protect|p1a: Dragonite\n|-singleturn|p1a: Dragonite|Protect\n|move|p1b: Pelipper|Hurricane|p2b: Amoonguss\n|-supereffective|p2b: Amoonguss\n|-damage|p2b: Amoonguss|57\/100\n|move|p2a: Annihilape|Rage Fist|p1b: Pelipper\n|-damage|p1b: Pelipper|0 fnt\n|faint|p1b: Pelipper\n|move|p2b: Amoonguss|Sludge Bomb|p1a: Dragonite\n|-activate|p1a: Dragonite|move: Protect\n|\n|-weather|RainDance|[upkeep]\n|-heal|p2a: Annihilape|80\/100|[from] item: Leftovers\n|-sideend|p1: Zesticeiro|move: Tailwind\n|upkeep\n|\n|t:|1681935144\n|switch|p1b: Flutter Mane|Flutter Mane, L50|100\/100\n|turn|6\n|\n|t:|1681935154\n|move|p1a: Dragonite|Extreme Speed|p2b: Amoonguss\n|-damage|p2b: Amoonguss|31\/100\n|-damage|p1a: Dragonite|0 fnt|[from] item: Rocky Helmet|[of] p2b: Amoonguss\n|faint|p1a: Dragonite\n|move|p1b: Flutter Mane|Thunder|p2a: Annihilape\n|-supereffective|p2a: Annihilape\n|-damage|p2a: Annihilape|6\/100\n|-status|p2a: Annihilape|par\n|move|p2a: Annihilape|Rage Fist|p1b: Flutter Mane\n|-supereffective|p1b: Flutter Mane\n|-enditem|p1b: Flutter Mane|Focus Sash\n|-damage|p1b: Flutter Mane|1\/100\n|move|p2b: Amoonguss|Sludge Bomb|p1b: Flutter Mane\n|-damage|p1b: Flutter Mane|0 fnt\n|faint|p1b: Flutter Mane\n|-end|p1b: Flutter Mane|Protosynthesis|[silent]\n|\n|-weather|RainDance|[upkeep]\n|-heal|p2a: Annihilape|12\/100 par|[from] item: Leftovers\n|upkeep\n|\n|t:|1681935164\n|switch|p1b: Drednaw|Drednaw, L50, F|100\/100\n|turn|7\n|\n|t:|1681935176\n|move|p1b: Drednaw|Rock Slide|p2b: Amoonguss|[spread] p2a,p2b\n|-damage|p2a: Annihilape|0 fnt\n|-damage|p2b: Amoonguss|10\/100\n|faint|p2a: Annihilape\n|-damage|p1b: Drednaw|91\/100|[from] item: Life Orb\n|move|p2b: Amoonguss|Giga Drain|p1b: Drednaw\n|-supereffective|p1b: Drednaw\n|-damage|p1b: Drednaw|0 fnt\n|-heal|p2b: Amoonguss|43\/100|[from] drain|[of] p1b: Drednaw\n|faint|p1b: Drednaw\n|\n|win|guguchu\n|raw|Zesticeiro's rating: 1089 → 1061<\/strong> (-28 for losing)\n|raw|guguchu's rating: 1024 → 1067<\/strong> (+43 for winning)\n|l|\u2606Zesticeiro\n|c|\u2606guguchu|Gg\n","uploadtime":1681935195,"views":6,"p1id":"zesticeiro","p2id":"guguchu","formatid":"gen9vgc2023regulationc","rating":1061,"private":0,"password":""}