{"id":"gen9vgc2023regulationc-1844935238","p1":"SilverDragon550","p2":"hotfemme","format":"[Gen 9] VGC 2023 Regulation C","log":"|j|\u2606SilverDragon550\n|j|\u2606hotfemme\n|t:|1681665808\n|gametype|doubles\n|player|p1|SilverDragon550|silver|\n|player|p2|hotfemme|bertha|\n|teamsize|p1|6\n|teamsize|p2|6\n|gen|9\n|tier|[Gen 9] VGC 2023 Regulation C\n|rule|Species Clause: Limit one of each Pok\u00e9mon\n|rule|Item Clause: Limit one of each item\n|clearpoke\n|poke|p1|Iron Valiant, L50|\n|poke|p1|Chien-Pao, L50|\n|poke|p1|Talonflame, L50, F|\n|poke|p1|Garganacl, L50, F|\n|poke|p1|Ting-Lu, L50|\n|poke|p1|Iron Bundle, L50|\n|poke|p2|Flutter Mane, L50|\n|poke|p2|Ting-Lu, L50|\n|poke|p2|Grimmsnarl, L50, M|\n|poke|p2|Baxcalibur, L50, F|\n|poke|p2|Tauros-Paldea-Blaze, L50, M|\n|poke|p2|Gastrodon-East, L50, F|\n|teampreview|4\n|c|\u2606hotfemme|glhf!\nhotfemme has agreed to open team sheets.\n|c|\u2606SilverDragon550|u 2!\nSilverDragon550 has agreed to open team sheets.\n|\n|t:|1681665894\n|start\n|switch|p1a: Bing Chiling|Chien-Pao, L50|100\/100\n|switch|p1b: Hot Wings|Talonflame, L50, F|100\/100\n|switch|p2a: Grimmsnarl|Grimmsnarl, L50, M, shiny|100\/100\n|switch|p2b: Tauros|Tauros-Paldea-Blaze, L50, M|100\/100\n|-ability|p1a: Bing Chiling|Sword of Ruin\n|-ability|p2b: Tauros|Intimidate|boost\n|-unboost|p1a: Bing Chiling|atk|1\n|-unboost|p1b: Hot Wings|atk|1\n|turn|1\n|\n|t:|1681665930\n|move|p2b: Tauros|Protect|p2b: Tauros\n|-singleturn|p2b: Tauros|Protect\n|move|p1b: Hot Wings|Brave Bird|p2b: Tauros\n|-activate|p2b: Tauros|move: Protect\n|move|p2a: Grimmsnarl|Reflect|p2a: Grimmsnarl\n|-sidestart|p2: hotfemme|Reflect\n|move|p1a: Bing Chiling|Haze|p1a: Bing Chiling\n|-clearallboost\n|\n|upkeep\n|turn|2\n|\n|t:|1681665957\n|switch|p2b: Gastrodon|Gastrodon-East, L50, F, shiny|100\/100\n|move|p1a: Bing Chiling|Protect|p1a: Bing Chiling\n|-singleturn|p1a: Bing Chiling|Protect\n|move|p1b: Hot Wings|Brave Bird|p2b: Gastrodon\n|-damage|p2b: Gastrodon|67\/100\n|-damage|p1b: Hot Wings|89\/100|[from] Recoil\n|move|p2a: Grimmsnarl|Spirit Break|p1a: Bing Chiling\n|-activate|p1a: Bing Chiling|move: Protect\n|\n|-heal|p2b: Gastrodon|73\/100|[from] item: Leftovers\n|upkeep\n|turn|3\n|\n|t:|1681665999\n|move|p1a: Bing Chiling|Ice Spinner|p2b: Gastrodon\n|-damage|p2b: Gastrodon|33\/100\n|move|p1b: Hot Wings|Will-O-Wisp|p2a: Grimmsnarl\n|-status|p2a: Grimmsnarl|brn\n|move|p2a: Grimmsnarl|Spirit Break|p1a: Bing Chiling\n|-supereffective|p1a: Bing Chiling\n|-damage|p1a: Bing Chiling|54\/100\n|-unboost|p1a: Bing Chiling|spa|1\n|move|p2b: Gastrodon|Earth Power|p1a: Bing Chiling\n|-damage|p1a: Bing Chiling|0 fnt\n|faint|p1a: Bing Chiling\n|\n|-heal|p2b: Gastrodon|39\/100|[from] item: Leftovers\n|-damage|p2a: Grimmsnarl|95\/100 brn|[from] brn\n|upkeep\n|\n|t:|1681666029\n|switch|p1a: Love Wins|Iron Valiant, L50|100\/100\n|turn|4\n|\n|t:|1681666059\n|switch|p2a: Tauros|Tauros-Paldea-Blaze, L50, M|100\/100\n|-ability|p2a: Tauros|Intimidate|boost\n|-unboost|p1a: Love Wins|atk|1\n|-unboost|p1b: Hot Wings|atk|1\n|-terastallize|p1a: Love Wins|Steel\n|move|p1b: Hot Wings|Brave Bird|p2b: Gastrodon\n|-damage|p2b: Gastrodon|23\/100\n|-damage|p1b: Hot Wings|84\/100|[from] Recoil\n|move|p1a: Love Wins|Swords Dance|p1a: Love Wins\n|-boost|p1a: Love Wins|atk|2\n|-enditem|p2a: Tauros|Mirror Herb\n|-boost|p2a: Tauros|atk|2|[from] item: Mirror Herb\n|move|p2b: Gastrodon|Earth Power|p1a: Love Wins\n|-supereffective|p1a: Love Wins\n|-crit|p1a: Love Wins\n|-damage|p1a: Love Wins|0 fnt\n|faint|p1a: Love Wins\n|-end|p1a: Love Wins|Quark Drive|[silent]\n|\n|-heal|p2b: Gastrodon|28\/100|[from] item: Leftovers\n|upkeep\n|\n|t:|1681666073\n|switch|p1a: The Deer|Ting-Lu, L50|100\/100\n|-ability|p1a: The Deer|Vessel of Ruin\n|turn|5\n|\n|t:|1681666090\n|switch|p2b: Flutter Mane|Flutter Mane, L50|100\/100\n|move|p2a: Tauros|Protect|p2a: Tauros\n|-singleturn|p2a: Tauros|Protect\n|move|p1b: Hot Wings|Tailwind|p1b: Hot Wings\n|-sidestart|p1: SilverDragon550|move: Tailwind\n|move|p1a: The Deer|Fissure|p2a: Tauros\n|-activate|p2a: Tauros|move: Protect\n|\n|upkeep\n|turn|6\n|\n|t:|1681666105\n|move|p1b: Hot Wings|Brave Bird|p2b: Flutter Mane\n|-damage|p2b: Flutter Mane|75\/100\n|-damage|p1b: Hot Wings|77\/100|[from] Recoil\n|move|p2b: Flutter Mane|Thunderbolt|p1b: Hot Wings\n|-supereffective|p1b: Hot Wings\n|-damage|p1b: Hot Wings|0 fnt\n|faint|p1b: Hot Wings\n|move|p2a: Tauros|Close Combat|p1a: The Deer\n|-supereffective|p1a: The Deer\n|-damage|p1a: The Deer|0 fnt\n|-unboost|p2a: Tauros|def|1\n|-unboost|p2a: Tauros|spd|1\n|faint|p1a: The Deer\n|\n|win|hotfemme\n|c|\u2606SilverDragon550|gg\n|l|\u2606SilverDragon550\n|c|\u2606hotfemme|gg!\n","uploadtime":1681666130,"views":12,"p1id":"silverdragon550","p2id":"hotfemme","formatid":"gen9vgc2023regulationc","rating":0,"private":0,"password":""}