{"id":"gen9vgc2023regulationc-1849881853","p1":"momajun","p2":"DisneyLando","format":"[Gen 9] VGC 2023 Regulation C","log":"|j|\u2606momajun\n|j|\u2606DisneyLando\n|t:|1682264073\n|gametype|doubles\n|player|p1|momajun|169|\n|player|p2|DisneyLando|102|\n|teamsize|p1|6\n|teamsize|p2|6\n|gen|9\n|tier|[Gen 9] VGC 2023 Regulation C\n|rule|Species Clause: Limit one of each Pok\u00e9mon\n|rule|Item Clause: Limit one of each item\n|clearpoke\n|poke|p1|Flutter Mane, L50|\n|poke|p1|Palafin, L50, F|\n|poke|p1|Arcanine, L50, F|\n|poke|p1|Amoonguss, L50, M|\n|poke|p1|Ting-Lu, L50|\n|poke|p1|Baxcalibur, L50, F|\n|poke|p2|Arcanine, L50, M|\n|poke|p2|Gholdengo, L50|\n|poke|p2|Amoonguss, L50, F|\n|poke|p2|Chien-Pao, L50|\n|poke|p2|Palafin, L50, M|\n|poke|p2|Dragonite, L50, F|\n|teampreview|4\n|c|\u2606DisneyLando|G1\n|c|\u2606momajun|g1\n|j| ChiShuPian de GuLi\n|j| MSI2023\n|j|+Eeveon7 \u2764\ufe0f\n|j| StrawberryPawmot\nDisneyLando has agreed to open team sheets.\n|j| Svenvgc\n|j| templevgc\nmomajun has agreed to open team sheets.\n|c|\u2606DisneyLando|glhf\n|c|\u2606momajun|glhf\n|j| Pd0nZ\n|j| cyan_vg\n|j| rkd272\n|j| duckpond\n|j| Orangex337\n|j| Tito Sprigs\n|\n|t:|1682264246\n|start\n|switch|p1a: Flutter Mane|Flutter Mane, L50|100\/100\n|switch|p1b: Palafin|Palafin, L50, F|100\/100\n|switch|p2a: Palafin|Palafin, L50, M|100\/100\n|switch|p2b: Gholdengo|Gholdengo, L50|100\/100\n|-enditem|p1a: Flutter Mane|Booster Energy\n|-activate|p1a: Flutter Mane|ability: Protosynthesis|[fromitem]\n|-start|p1a: Flutter Mane|protosynthesisspa\n|turn|1\n|j| Finabas\n|j| JeanMarc\n|j| Aldrich\n|j| toilet friend\n|j| Insertable194\n|\n|t:|1682264297\n|detailschange|p2a: Palafin|Palafin-Hero, L50, M\n|switch|p2a: Amoonguss|Amoonguss, L50, F|100\/100\n|-terastallize|p1b: Palafin|Water\n|-terastallize|p2b: Gholdengo|Water\n|move|p1a: Flutter Mane|Shadow Ball|p2b: Gholdengo\n|-damage|p2b: Gholdengo|49\/100\n|move|p1b: Palafin|Wave Crash|p2b: Gholdengo\n|-resisted|p2b: Gholdengo\n|-damage|p2b: Gholdengo|13\/100\n|-damage|p1b: Palafin|90\/100|[from] Recoil\n|move|p2b: Gholdengo|Shadow Ball|p1a: Flutter Mane\n|-supereffective|p1a: Flutter Mane\n|-damage|p1a: Flutter Mane|22\/100\n|\n|-heal|p2b: Gholdengo|19\/100|[from] item: Leftovers\n|upkeep\n|turn|2\n|c| Insertable194|why are there 19 people here?\n|c| Aldrich|because this is a match to watch\n|c| Insertable194|who are these two players?\n|j| benjinotnice\n|l| benjinotnice\n|c| Svenvgc|both are wolfey\n|\n|t:|1682264367\n|detailschange|p1b: Palafin|Palafin-Hero, L50, F, tera:Water\n|switch|p1b: Arcanine|Arcanine, L50, F|100\/100\n|-ability|p1b: Arcanine|Intimidate|boost\n|-unboost|p2a: Amoonguss|atk|1\n|-unboost|p2b: Gholdengo|atk|1\n|switch|p2b: Palafin|Palafin-Hero, L50, M|100\/100\n|-activate|p2b: Palafin|ability: Zero to Hero\n|move|p1a: Flutter Mane|Dazzling Gleam|p2b: Palafin|[spread] p2a,p2b\n|-resisted|p2a: Amoonguss\n|-crit|p2b: Palafin\n|-damage|p2a: Amoonguss|85\/100\n|-damage|p2b: Palafin|44\/100\n|move|p2a: Amoonguss|Spore|p1a: Flutter Mane\n|-status|p1a: Flutter Mane|slp|[from] move: Spore\n|\n|upkeep\n|turn|3\n|j| SnorlaxatemyDimSum\n|c| Aldrich|its uh\n|c| Aldrich|moma\n|c| Aldrich|and uh\n|c| Aldrich|idk\n|c| Aldrich|need to check sheet\n|c| MSI2023|krelcroc\n|c| Aldrich|oh its krelcroc\n|l| Finabas\n|j| JMOdri\n|\n|t:|1682264461\n|-end|p1a: Flutter Mane|Protosynthesis|[silent]\n|switch|p1a: Amoonguss|Amoonguss, L50, M|100\/100\n|switch|p2a: Arcanine|Arcanine, L50, M|100\/100\n|-ability|p2a: Arcanine|Intimidate|boost\n|-unboost|p1a: Amoonguss|atk|1\n|-unboost|p1b: Arcanine|atk|1\n|move|p1b: Arcanine|Flare Blitz|p2a: Arcanine\n|-resisted|p2a: Arcanine\n|-crit|p2a: Arcanine\n|-damage|p2a: Arcanine|61\/100\n|-damage|p1b: Arcanine|87\/100|[from] Recoil\n|move|p2b: Palafin|Wave Crash|p1b: Arcanine\n|-supereffective|p1b: Arcanine\n|-damage|p1b: Arcanine|0 fnt\n|faint|p1b: Arcanine\n|-damage|p2b: Palafin|17\/100|[from] Recoil\n|\n|upkeep\n|\n|t:|1682264476\n|switch|p1b: Palafin|Palafin-Hero, L50, F, tera:Water|90\/100\n|-activate|p1b: Palafin|ability: Zero to Hero\n|turn|4\n|c|+Eeveon7 \u2764\ufe0f|I thought I was watching Wolfey\n|j| 1400inthegc\n|j| pairingoffsocks\n|c| Aldrich|the question is\n|c| Aldrich|wheres wolfey?\n|j| Finabas\n|c| pairingoffsocks|who's wolfey? i only know wonseok, my goat\n|\n|t:|1682264526\n|switch|p2a: Amoonguss|Amoonguss, L50, F|100\/100\n|move|p2b: Palafin|Protect|p2b: Palafin\n|-singleturn|p2b: Palafin|Protect\n|move|p1b: Palafin|Wave Crash|p2b: Palafin\n|-activate|p2b: Palafin|move: Protect\n|move|p1a: Amoonguss|Pollen Puff|p1b: Palafin\n|-heal|p1b: Palafin|100\/100\n|\n|upkeep\n|turn|5\n|l| 1400inthegc\n|\n|t:|1682264553\n|switch|p1b: Flutter Mane|Flutter Mane, L50|22\/100 slp\n|switch|p2b: Arcanine|Arcanine, L50, M|61\/100\n|-ability|p2b: Arcanine|Intimidate|boost\n|-unboost|p1a: Amoonguss|atk|1\n|-unboost|p1b: Flutter Mane|atk|1\n|move|p1a: Amoonguss|Pollen Puff|p1b: Flutter Mane\n|-heal|p1b: Flutter Mane|72\/100 slp\n|move|p2a: Amoonguss|Spore|p1b: Flutter Mane\n|-fail|p1b: Flutter Mane|slp\n|\n|upkeep\n|turn|6\n|j| 1400inthegc\n|c|+Eeveon7 \u2764\ufe0f|CROC GOAT\n|l| Orangex337\n|\n|t:|1682264638\n|-end|p1b: Flutter Mane|Protosynthesis|[silent]\n|switch|p1b: Palafin|Palafin-Hero, L50, F, tera:Water|100\/100\n|move|p2b: Arcanine|Flare Blitz|p1b: Palafin\n|-resisted|p1b: Palafin\n|-damage|p1b: Palafin|76\/100\n|-damage|p2b: Arcanine|53\/100|[from] Recoil\n|move|p1a: Amoonguss|Pollen Puff|p1b: Palafin\n|-heal|p1b: Palafin|100\/100\n|move|p2a: Amoonguss|Spore|p1b: Palafin\n|-status|p1b: Palafin|slp|[from] move: Spore\n|\n|upkeep\n|turn|7\n|\n|t:|1682264661\n|switch|p2b: Gholdengo|Gholdengo, L50, tera:Water|19\/100\n|move|p1a: Amoonguss|Protect|p1a: Amoonguss\n|-singleturn|p1a: Amoonguss|Protect\n|cant|p1b: Palafin|slp\n|move|p2a: Amoonguss|Pollen Puff|p2b: Gholdengo\n|-heal|p2b: Gholdengo|69\/100\n|\n|-heal|p2b: Gholdengo|74\/100|[from] item: Leftovers\n|upkeep\n|turn|8\n|j| Orangex337\n|\n|t:|1682264691\n|move|p2a: Amoonguss|Rage Powder|p2a: Amoonguss\n|-singleturn|p2a: Amoonguss|move: Rage Powder\n|-curestatus|p1b: Palafin|slp|[msg]\n|move|p1b: Palafin|Wave Crash|p2a: Amoonguss\n|-resisted|p2a: Amoonguss\n|-damage|p2a: Amoonguss|36\/100\n|-enditem|p2a: Amoonguss|Sitrus Berry|[eat]\n|-heal|p2a: Amoonguss|61\/100|[from] item: Sitrus Berry\n|-damage|p1b: Palafin|77\/100|[from] Recoil\n|move|p2b: Gholdengo|Nasty Plot|p2b: Gholdengo\n|-boost|p2b: Gholdengo|spa|2\n|move|p1a: Amoonguss|Pollen Puff|p2b: Gholdengo\n|-damage|p2b: Gholdengo|54\/100\n|\n|-heal|p2b: Gholdengo|60\/100|[from] item: Leftovers\n|upkeep\n|turn|9\n|j| rollacostavgc\n|j| Akram Hamdi\n|\n|t:|1682264775\n|switch|p2a: Arcanine|Arcanine, L50, M|53\/100\n|-ability|p2a: Arcanine|Intimidate|boost\n|-unboost|p1a: Amoonguss|atk|1\n|-unboost|p1b: Palafin|atk|1\n|move|p1b: Palafin|Haze|p1b: Palafin\n|-clearallboost\n|move|p2b: Gholdengo|Shadow Ball|p1b: Palafin\n|-damage|p1b: Palafin|38\/100\n|move|p1a: Amoonguss|Pollen Puff|p1b: Palafin\n|-heal|p1b: Palafin|88\/100\n|\n|-heal|p2b: Gholdengo|66\/100|[from] item: Leftovers\n|upkeep\n|turn|10\n|l| Akram Hamdi\n|j| Akram Hamdi\n|l| Orangex337\n|\n|t:|1682264845\n|switch|p2a: Palafin|Palafin-Hero, L50, M|17\/100\n|move|p2b: Gholdengo|Protect|p2b: Gholdengo\n|-singleturn|p2b: Gholdengo|Protect\n|move|p1b: Palafin|Wave Crash|p2b: Gholdengo\n|-activate|p2b: Gholdengo|move: Protect\n|move|p1a: Amoonguss|Pollen Puff|p1b: Palafin\n|-heal|p1b: Palafin|100\/100\n|\n|-heal|p2b: Gholdengo|72\/100|[from] item: Leftovers\n|upkeep\n|turn|11\n|j| skoda fabia scam\n|l|+Eeveon7 \u2764\ufe0f\n|j| Orangex337\n|l| rollacostavgc\n|j|+Eeveon7 \u2764\ufe0f\n|l| Akram Hamdi\n|j| Akram Hamdi\n|\n|t:|1682264915\n|switch|p2a: Amoonguss|Amoonguss, L50, F|94\/100\n|move|p1b: Palafin|Wave Crash|p2b: Gholdengo\n|-resisted|p2b: Gholdengo\n|-damage|p2b: Gholdengo|11\/100\n|-damage|p1b: Palafin|82\/100|[from] Recoil\n|move|p2b: Gholdengo|Shadow Ball|p1a: Amoonguss\n|-damage|p1a: Amoonguss|66\/100\n|move|p1a: Amoonguss|Pollen Puff|p2b: Gholdengo\n|-damage|p2b: Gholdengo|0 fnt\n|faint|p2b: Gholdengo\n|\n|upkeep\n|\n|t:|1682264927\n|switch|p2b: Arcanine|Arcanine, L50, M|53\/100\n|-ability|p2b: Arcanine|Intimidate|boost\n|-unboost|p1a: Amoonguss|atk|1\n|-unboost|p1b: Palafin|atk|1\n|turn|12\n|l| Akram Hamdi\n|j| Akram Hamdi\n|l| Akram Hamdi\n|\n|t:|1682265001\n|switch|p1b: Flutter Mane|Flutter Mane, L50|72\/100 slp\n|move|p2b: Arcanine|Protect|p2b: Arcanine\n|-singleturn|p2b: Arcanine|Protect\n|move|p1a: Amoonguss|Protect|p1a: Amoonguss\n|-singleturn|p1a: Amoonguss|Protect\n|move|p2a: Amoonguss|Spore|p1b: Flutter Mane\n|-fail|p1b: Flutter Mane|slp\n|\n|upkeep\n|turn|13\n|l| Orangex337\n|\n|t:|1682265096\n|-end|p1b: Flutter Mane|Protosynthesis|[silent]\n|switch|p1b: Palafin|Palafin-Hero, L50, F, tera:Water|82\/100\n|move|p2b: Arcanine|Flare Blitz|p1a: Amoonguss\n|-supereffective|p1a: Amoonguss\n|-damage|p1a: Amoonguss|0 fnt\n|faint|p1a: Amoonguss\n|-damage|p2b: Arcanine|28\/100|[from] Recoil\n|move|p2a: Amoonguss|Spore|p1b: Palafin\n|-status|p1b: Palafin|slp|[from] move: Spore\n|\n|upkeep\n|j| Orangex337\n|\n|t:|1682265106\n|switch|p1a: Flutter Mane|Flutter Mane, L50|72\/100 slp\n|turn|14\n|\n|t:|1682265114\n|cant|p1a: Flutter Mane|slp\n|cant|p1b: Palafin|slp\n|move|p2b: Arcanine|Flare Blitz|p1a: Flutter Mane\n|-damage|p1a: Flutter Mane|0 fnt\n|faint|p1a: Flutter Mane\n|-end|p1a: Flutter Mane|Protosynthesis|[silent]\n|-damage|p2b: Arcanine|12\/100|[from] Recoil\n|move|p2a: Amoonguss|Pollen Puff|p2b: Arcanine\n|-heal|p2b: Arcanine|61\/100\n|\n|upkeep\n|turn|15\n|l| Insertable194\n|l| Tito Sprigs\n|l| pairingoffsocks\n|\n|t:|1682265146\n|move|p2b: Arcanine|Extreme Speed|p1b: Palafin\n|-damage|p1b: Palafin|59\/100 slp\n|-curestatus|p1b: Palafin|slp|[msg]\n|move|p1b: Palafin|Wave Crash|p2b: Arcanine\n|-supereffective|p2b: Arcanine\n|-damage|p2b: Arcanine|0 fnt\n|faint|p2b: Arcanine\n|-damage|p1b: Palafin|39\/100|[from] Recoil\n|move|p2a: Amoonguss|Pollen Puff|p1b: Palafin\n|-damage|p1b: Palafin|22\/100\n|\n|upkeep\n|\n|t:|1682265157\n|switch|p2b: Palafin|Palafin-Hero, L50, M|17\/100\n|turn|16\n|\n|t:|1682265163\n|move|p2a: Amoonguss|Rage Powder|p2a: Amoonguss\n|-singleturn|p2a: Amoonguss|move: Rage Powder\n|move|p1b: Palafin|Wave Crash|p2a: Amoonguss\n|-resisted|p2a: Amoonguss\n|-damage|p2a: Amoonguss|34\/100\n|-damage|p1b: Palafin|0 fnt|[from] Recoil\n|faint|p1b: Palafin\n|\n|win|DisneyLando\n|c|\u2606DisneyLando|gg\n|l| Orangex337\n|l| toilet friend\n|j| Orangex337\n|j| Tito Sprigs\n|j| toilet friend\n|j| FrostVG\n|l|+Eeveon7 \u2764\ufe0f\n|l| Tito Sprigs\n|l| skoda fabia scam\n|j| baaaaat_\n|j| pokeway96\n|j| Akram Hamdi\n|l| Finabas\n|j| Finabas\n|l| Akram Hamdi\n|j| rollacostavgc\n|l| 1400inthegc\n|l| pokeway96\n|l| rkd272\n|l| FrostVG\n|l| rollacostavgc\n|j| FrostVG\n|l| FrostVG\n|l| SnorlaxatemyDimSum\n|l| toilet friend\n|l| baaaaat_\n|j| baaaaat_\n|l| baaaaat_\n|j| baaaaat_\n|l| Finabas\n|j| toilet friend\n|l| JMOdri\n|j| Tekagt\n|j| Toxic Infidel\n|l| baaaaat_\n|l| Svenvgc\n|j| FrostVG\n|l| Pd0nZ\n|l| FrostVG\n|l| Orangex337\n|l| MSI2023\n|l| StrawberryPawmot\n|l| Aldrich\n|j| FrostVG\n","uploadtime":1682265168,"views":17,"p1id":"momajun","p2id":"disneylando","formatid":"gen9vgc2023regulationc","rating":0,"private":0,"password":""}