{"id":"gen9vgc2023regulationc-1864301675","p1":"Inkin","p2":"RonJohn","format":"[Gen 9] VGC 2023 Regulation C","log":"|j|\u2606Inkin\n|j|\u2606RonJohn\n|t:|1684152542\n|gametype|doubles\n|player|p1|Inkin|shadowtriad|1339\n|player|p2|RonJohn|169|1337\n|teamsize|p1|6\n|teamsize|p2|6\n|gen|9\n|tier|[Gen 9] VGC 2023 Regulation C\n|rated|\n|rule|Species Clause: Limit one of each Pok\u00e9mon\n|rule|Item Clause: Limit one of each item\n|clearpoke\n|poke|p1|Amoonguss, L50, F|\n|poke|p1|Flutter Mane, L50|\n|poke|p1|Palafin, L50, F|\n|poke|p1|Chien-Pao, L50|\n|poke|p1|Dragonite, L50, M|\n|poke|p1|Arcanine, L50, F|\n|poke|p2|Flutter Mane, L50|\n|poke|p2|Orthworm, L50, M|\n|poke|p2|Dragonite, L50, M|\n|poke|p2|Amoonguss, L50, F|\n|poke|p2|Gyarados, L50, M|\n|poke|p2|Ting-Lu, L50|\n|teampreview|4\nRonJohn has agreed to open team sheets.\n|\n|t:|1684152580\n|start\n|switch|p1a: Chien-Pao|Chien-Pao, L50|100\/100\n|switch|p1b: Dragonite|Dragonite, L50, M|100\/100\n|switch|p2a: Ting-Lu|Ting-Lu, L50|100\/100\n|switch|p2b: Gyarados|Gyarados, L50, M|100\/100\n|-ability|p1a: Chien-Pao|Sword of Ruin\n|-ability|p2b: Gyarados|Intimidate|boost\n|-unboost|p1a: Chien-Pao|atk|1\n|-unboost|p1b: Dragonite|atk|1\n|-ability|p2a: Ting-Lu|Vessel of Ruin\n|turn|1\n|\n|t:|1684152606\n|switch|p2b: Orthworm|Orthworm, L50, M|100\/100\n|-terastallize|p1b: Dragonite|Normal\n|move|p1a: Chien-Pao|Protect|p1a: Chien-Pao\n|-singleturn|p1a: Chien-Pao|Protect\n|move|p1b: Dragonite|Extreme Speed|p2b: Orthworm\n|-resisted|p2b: Orthworm\n|-damage|p2b: Orthworm|77\/100\n|move|p2a: Ting-Lu|Rock Slide|p1b: Dragonite|[spread] p1b\n|-activate|p1a: Chien-Pao|move: Protect\n|-damage|p1b: Dragonite|90\/100\n|\n|upkeep\n|turn|2\n|\n|t:|1684152636\n|move|p1b: Dragonite|Extreme Speed|p2b: Orthworm\n|-resisted|p2b: Orthworm\n|-damage|p2b: Orthworm|54\/100\n|move|p1a: Chien-Pao|Sacred Sword|p2b: Orthworm\n|-supereffective|p2b: Orthworm\n|-damage|p2b: Orthworm|18\/100\n|-enditem|p2b: Orthworm|Sitrus Berry|[eat]\n|-heal|p2b: Orthworm|43\/100|[from] item: Sitrus Berry\n|move|p2a: Ting-Lu|Earthquake|p1a: Chien-Pao|[spread] p1a,p1b\n|-heal|p2b: Orthworm|68\/100|[from] ability: Earth Eater|[of] p2a: Ting-Lu\n|-damage|p1a: Chien-Pao|52\/100\n|-damage|p1b: Dragonite|44\/100\n|move|p2b: Orthworm|Body Press|p1a: Chien-Pao\n|-supereffective|p1a: Chien-Pao\n|-damage|p1a: Chien-Pao|0 fnt\n|faint|p1a: Chien-Pao\n|\n|upkeep\n|\n|t:|1684152666\n|switch|p1a: Amoonguss|Amoonguss, L50, F|100\/100\n|turn|3\n|\n|t:|1684152681\n|switch|p1b: Flutter Mane|Flutter Mane, L50|100\/100\n|move|p2a: Ting-Lu|Earthquake|p1a: Amoonguss|[spread] p1a,p1b\n|-heal|p2b: Orthworm|93\/100|[from] ability: Earth Eater|[of] p2a: Ting-Lu\n|-damage|p1a: Amoonguss|72\/100\n|-damage|p1b: Flutter Mane|18\/100\n|move|p2b: Orthworm|Shed Tail|p2b: Orthworm\n|-start|p2b: Orthworm|Substitute|[from] move: Shed Tail\n|-damage|p2b: Orthworm|43\/100\n|\n|t:|1684152692\n|switch|p2b: Dragonite|Dragonite, L50, M|100\/100|[from] Shed Tail\n|move|p1a: Amoonguss|Spore||[still]\n|-fail|p1a: Amoonguss\n|\n|upkeep\n|turn|4\n|\n|t:|1684152714\n|-terastallize|p2a: Ting-Lu|Grass\n|move|p1b: Flutter Mane|Dazzling Gleam|p2b: Dragonite|[spread] p2a,p2b\n|-supereffective|p2b: Dragonite\n|-end|p2b: Dragonite|Substitute\n|-damage|p2a: Ting-Lu|79\/100\n|move|p2b: Dragonite|Dragon Dance|p2b: Dragonite\n|-boost|p2b: Dragonite|atk|1\n|-boost|p2b: Dragonite|spe|1\n|move|p2a: Ting-Lu|Earthquake|p1a: Amoonguss|[spread] p1a,p1b\n|-immune|p2b: Dragonite\n|-damage|p1a: Amoonguss|38\/100\n|-damage|p1b: Flutter Mane|0 fnt\n|faint|p1b: Flutter Mane\n|-end|p1b: Flutter Mane|Protosynthesis|[silent]\n|move|p1a: Amoonguss|Spore|p2a: Ting-Lu\n|-immune|p2a: Ting-Lu\n|\n|upkeep\n|\n|t:|1684152732\n|switch|p1b: Dragonite|Dragonite, L50, M, tera:Normal|44\/100\n|turn|5\n|\n|t:|1684152753\n|move|p2b: Dragonite|Extreme Speed|p1b: Dragonite\n|-damage|p1b: Dragonite|1\/100\n|move|p1b: Dragonite|Extreme Speed|p2b: Dragonite\n|-damage|p2b: Dragonite|64\/100\n|move|p2a: Ting-Lu|Earthquake|p1b: Dragonite|[spread] p1a,p1b\n|-immune|p2b: Dragonite\n|-damage|p1a: Amoonguss|3\/100\n|-damage|p1b: Dragonite|0 fnt\n|faint|p1b: Dragonite\n|move|p1a: Amoonguss|Spore|p2b: Dragonite\n|-status|p2b: Dragonite|slp|[from] move: Spore\n|-enditem|p2b: Dragonite|Lum Berry|[eat]\n|-curestatus|p2b: Dragonite|slp|[msg]\n|\n|upkeep\n|turn|6\n|\n|t:|1684152774\n|move|p2b: Dragonite|Extreme Speed|p1a: Amoonguss\n|-crit|p1a: Amoonguss\n|-damage|p1a: Amoonguss|0 fnt\n|-damage|p2b: Dragonite|48\/100|[from] item: Rocky Helmet|[of] p1a: Amoonguss\n|faint|p1a: Amoonguss\n|\n|win|RonJohn\n|raw|Inkin's rating: 1339 → 1319<\/strong> (-20 for losing)\n|raw|RonJohn's rating: 1337 → 1357<\/strong> (+20 for winning)\n","uploadtime":1684152785,"views":9,"p1id":"inkin","p2id":"ronjohn","formatid":"gen9vgc2023regulationc","rating":1319,"private":0,"password":""}