{"id":"gen9vgc2023regulationc-1847231075","p1":"Srferaligatr","p2":"rarcevgc2","format":"[Gen 9] VGC 2023 Regulation C","log":"|j|\u2606Srferaligatr\n|j|\u2606rarcevgc2\n|t:|1681929788\n|gametype|doubles\n|player|p1|Srferaligatr|dragontamer|1126\n|player|p2|rarcevgc2|sonia-professor|1184\n|teamsize|p1|6\n|teamsize|p2|6\n|gen|9\n|tier|[Gen 9] VGC 2023 Regulation C\n|rated|\n|rule|Species Clause: Limit one of each Pok\u00e9mon\n|rule|Item Clause: Limit one of each item\n|clearpoke\n|poke|p1|Iron Hands, L50|\n|poke|p1|Amoonguss, L50, F|\n|poke|p1|Flutter Mane, L50|\n|poke|p1|Chien-Pao, L50|\n|poke|p1|Scizor, L50, M|\n|poke|p1|Palafin, L50, F|\n|poke|p2|Arcanine, L50, M|\n|poke|p2|Gastrodon-East, L50, F|\n|poke|p2|Flutter Mane, L50|\n|poke|p2|Chi-Yu, L50|\n|poke|p2|Murkrow, L50, M|\n|poke|p2|Palafin, L50, M|\n|teampreview|4\n|inactive|Battle timer is ON: inactive players will automatically lose when time's up. (requested by rarcevgc2)\nSrferaligatr has agreed to open team sheets.\n|inactive|rarcevgc2 has 60 seconds left.\nrarcevgc2 rejected open team sheets.\n|\n|t:|1681929849\n|start\n|switch|p1a: Amoonguss|Amoonguss, L50, F, shiny|100\/100\n|switch|p1b: Iron Hands|Iron Hands, L50|100\/100\n|switch|p2a: Palafin|Palafin, L50, M|100\/100\n|switch|p2b: Murkrow|Murkrow, L50, M|100\/100\n|turn|1\n|\n|t:|1681929870\n|move|p1b: Iron Hands|Fake Out|p2b: Murkrow\n|-damage|p2b: Murkrow|69\/100\n|cant|p2b: Murkrow|flinch\n|move|p2a: Palafin|Flip Turn|p1b: Iron Hands\n|-damage|p1b: Iron Hands|84\/100\n|\n|t:|1681929878\n|detailschange|p2a: Palafin|Palafin-Hero, L50, M\n|switch|p2a: Chi-Yu|Chi-Yu, L50|100\/100|[from] Flip Turn\n|-ability|p2a: Chi-Yu|Beads of Ruin\n|move|p1a: Amoonguss|Spore|p2b: Murkrow\n|-status|p2b: Murkrow|slp|[from] move: Spore\n|\n|upkeep\n|turn|2\n|\n|t:|1681929889\n|switch|p1a: Palafin|Palafin, L50, F|100\/100\n|-terastallize|p2a: Chi-Yu|Fire\n|cant|p2b: Murkrow|slp\n|move|p2a: Chi-Yu|Heat Wave|p1a: Palafin|[spread] p1a,p1b\n|-resisted|p1a: Palafin\n|-damage|p1a: Palafin|40\/100\n|-damage|p1b: Iron Hands|38\/100\n|-damage|p2a: Chi-Yu|90\/100|[from] item: Life Orb\n|move|p1b: Iron Hands|Drain Punch|p2a: Chi-Yu\n|-damage|p2a: Chi-Yu|21\/100\n|-heal|p1b: Iron Hands|55\/100|[from] drain|[of] p2a: Chi-Yu\n|\n|upkeep\n|turn|3\n|\n|t:|1681929908\n|move|p1a: Palafin|Protect|p1a: Palafin\n|-singleturn|p1a: Palafin|Protect\n|-curestatus|p2b: Murkrow|slp|[msg]\n|move|p2b: Murkrow|Tailwind|p2b: Murkrow\n|-sidestart|p2: rarcevgc2|move: Tailwind\n|move|p2a: Chi-Yu|Heat Wave|p1b: Iron Hands|[spread] \n|-activate|p1a: Palafin|move: Protect\n|-miss|p2a: Chi-Yu|p1b: Iron Hands\n|move|p1b: Iron Hands|Thunder Punch|p2b: Murkrow\n|-supereffective|p2b: Murkrow\n|-damage|p2b: Murkrow|0 fnt\n|faint|p2b: Murkrow\n|\n|upkeep\n|\n|t:|1681929916\n|switch|p2b: Flutter Mane|Flutter Mane, L50|100\/100\n|turn|4\n|\n|t:|1681929930\n|detailschange|p1a: Palafin|Palafin-Hero, L50, F\n|switch|p1a: Amoonguss|Amoonguss, L50, F, shiny|100\/100\n|-terastallize|p1b: Iron Hands|Fairy\n|move|p2b: Flutter Mane|Dazzling Gleam|p1a: Amoonguss|[spread] p1a,p1b\n|-resisted|p1a: Amoonguss\n|-crit|p1a: Amoonguss\n|-damage|p1a: Amoonguss|64\/100\n|-damage|p1b: Iron Hands|23\/100\n|move|p2a: Chi-Yu|Heat Wave|p1b: Iron Hands|[spread] p1a,p1b\n|-supereffective|p1a: Amoonguss\n|-damage|p1a: Amoonguss|0 fnt\n|-damage|p1b: Iron Hands|0 fnt\n|faint|p1a: Amoonguss\n|faint|p1b: Iron Hands\n|-end|p1b: Iron Hands|Quark Drive|[silent]\n|-damage|p2a: Chi-Yu|11\/100|[from] item: Life Orb\n|\n|upkeep\n|\n|t:|1681929936\n|switch|p1b: Flutter Mane|Flutter Mane, L50|100\/100\n|switch|p1a: Palafin|Palafin-Hero, L50, F|40\/100\n|-activate|p1a: Palafin|ability: Zero to Hero\n|-enditem|p1b: Flutter Mane|Booster Energy\n|-activate|p1b: Flutter Mane|ability: Protosynthesis|[fromitem]\n|-start|p1b: Flutter Mane|protosynthesisspe\n|turn|5\n|\n|t:|1681929957\n|move|p1a: Palafin|Jet Punch|p2b: Flutter Mane\n|-damage|p2b: Flutter Mane|0 fnt\n|faint|p2b: Flutter Mane\n|-end|p2b: Flutter Mane|Protosynthesis|[silent]\n|move|p2a: Chi-Yu|Heat Wave|p1a: Palafin|[spread] p1a,p1b\n|-resisted|p1a: Palafin\n|-damage|p1a: Palafin|0 fnt\n|-damage|p1b: Flutter Mane|23\/100\n|faint|p1a: Palafin\n|-damage|p2a: Chi-Yu|1\/100|[from] item: Life Orb\n|move|p1b: Flutter Mane|Dazzling Gleam|p2a: Chi-Yu\n|-resisted|p2a: Chi-Yu\n|-damage|p2a: Chi-Yu|0 fnt\n|faint|p2a: Chi-Yu\n|\n|upkeep\n|\n|t:|1681929968\n|switch|p2b: Palafin|Palafin-Hero, L50, M|100\/100\n|-activate|p2b: Palafin|ability: Zero to Hero\n|turn|6\n|\n|t:|1681929973\n|move|p1b: Flutter Mane|Protect|p1b: Flutter Mane\n|-singleturn|p1b: Flutter Mane|Protect\n|move|p2b: Palafin|Jet Punch|p1b: Flutter Mane\n|-activate|p1b: Flutter Mane|move: Protect\n|\n|-sideend|p2: rarcevgc2|move: Tailwind\n|upkeep\n|turn|7\n|\n|t:|1681929977\n|move|p2b: Palafin|Jet Punch|p1b: Flutter Mane\n|-damage|p1b: Flutter Mane|0 fnt\n|faint|p1b: Flutter Mane\n|-end|p1b: Flutter Mane|Protosynthesis|[silent]\n|\n|win|rarcevgc2\n|raw|Srferaligatr's rating: 1126 → 1105<\/strong> (-21 for losing)\n|raw|rarcevgc2's rating: 1184 → 1205<\/strong> (+21 for winning)\n|l|\u2606Srferaligatr\n","uploadtime":1681929983,"views":15,"p1id":"srferaligatr","p2id":"rarcevgc2","formatid":"gen9vgc2023regulationc","rating":1105,"private":0,"password":""}