{"id":"gen9vgc2023regulationc-1853256886","p1":"MareeohYT","p2":"snoozevgc","format":"[Gen 9] VGC 2023 Regulation C","log":"|j|\u2606MareeohYT\n|j|\u2606snoozevgc\n|t:|1682655961\n|gametype|doubles\n|player|p1|MareeohYT|policeman-gen4|1643\n|player|p2|snoozevgc|2|1531\n|teamsize|p1|6\n|teamsize|p2|6\n|gen|9\n|tier|[Gen 9] VGC 2023 Regulation C\n|rated|\n|rule|Species Clause: Limit one of each Pok\u00e9mon\n|rule|Item Clause: Limit one of each item\n|clearpoke\n|poke|p1|Lycanroc-Midnight, L50, F|\n|poke|p1|Tinkaton, L50, F|\n|poke|p1|Ting-Lu, L50|\n|poke|p1|Dondozo, L50, F|\n|poke|p1|Tatsugiri, L50, F|\n|poke|p1|Tyranitar, L50, F|\n|poke|p2|Lilligant, L50, F|\n|poke|p2|Torkoal, L50, F|\n|poke|p2|Flutter Mane, L50|\n|poke|p2|Kingambit, L50, F|\n|poke|p2|Dragonite, L50, F|\n|poke|p2|Great Tusk, L50|\n|teampreview|4\n|inactive|Battle timer is ON: inactive players will automatically lose when time's up. (requested by snoozevgc)\n|inactive|MareeohYT has 60 seconds left.\n|inactive|snoozevgc has 60 seconds left.\n|\n|t:|1682655998\n|start\n|switch|p1a: Tinkaton|Tinkaton, L50, F|100\/100\n|switch|p1b: Lycanroc|Lycanroc-Midnight, L50, F|100\/100\n|switch|p2a: Flutter Mane|Flutter Mane, L50, shiny|100\/100\n|switch|p2b: Great Tusk|Great Tusk, L50|100\/100\n|-ability|p1a: Tinkaton|Mold Breaker\n|turn|1\n|\n|t:|1682656014\n|-end|p2a: Flutter Mane|Protosynthesis|[silent]\n|switch|p2a: Lilligant|Lilligant, L50, F, shiny|100\/100\n|-terastallize|p1a: Tinkaton|Flying\n|move|p1b: Lycanroc|Endure|p1b: Lycanroc\n|-singleturn|p1b: Lycanroc|move: Endure\n|move|p2b: Great Tusk|Headlong Rush|p1a: Tinkaton\n|-immune|p1a: Tinkaton\n|move|p1a: Tinkaton|Skill Swap|p1b: Lycanroc\n|-activate|p1a: Tinkaton|move: Skill Swap|||[of] p1b: Lycanroc\n|-ability|p1b: Lycanroc|Mold Breaker\n|\n|upkeep\n|turn|2\n|inactive|MareeohYT has 30 seconds left.\n|\n|t:|1682656048\n|switch|p1b: Dondozo|Dondozo, L50, F|100\/100\n|move|p2b: Great Tusk|Headlong Rush|p1b: Dondozo\n|-damage|p1b: Dondozo|65\/100\n|-unboost|p2b: Great Tusk|def|1\n|-unboost|p2b: Great Tusk|spd|1\n|move|p2a: Lilligant|Sleep Powder|p1a: Tinkaton\n|-status|p1a: Tinkaton|slp|[from] move: Sleep Powder\n|cant|p1a: Tinkaton|slp\n|\n|-heal|p1b: Dondozo|72\/100|[from] item: Leftovers\n|upkeep\n|turn|3\n|j| THUNDERSND77\n|\n|t:|1682656068\n|-end|p2b: Great Tusk|Protosynthesis|[silent]\n|switch|p2b: Torkoal|Torkoal, L50, F, shiny|100\/100\n|-weather|SunnyDay|[from] ability: Drought|[of] p2b: Torkoal\n|move|p1b: Dondozo|Protect|p1b: Dondozo\n|-singleturn|p1b: Dondozo|Protect\n|move|p2a: Lilligant|Leaf Storm|p1b: Dondozo\n|-activate|p1b: Dondozo|move: Protect\n|-curestatus|p1a: Tinkaton|slp|[msg]\n|move|p1a: Tinkaton|Play Rough|p2b: Torkoal\n|-resisted|p2b: Torkoal\n|-damage|p2b: Torkoal|91\/100\n|\n|-weather|SunnyDay|[upkeep]\n|-heal|p1b: Dondozo|78\/100|[from] item: Leftovers\n|upkeep\n|turn|4\n|j| Husky12_d\n|\n|t:|1682656084\n|move|p2b: Torkoal|Protect|p2b: Torkoal\n|-singleturn|p2b: Torkoal|Protect\n|move|p2a: Lilligant|Sleep Powder|p1b: Dondozo\n|-status|p1b: Dondozo|slp|[from] move: Sleep Powder\n|move|p1a: Tinkaton|Skill Swap|p1b: Dondozo\n|-activate|p1a: Tinkaton|move: Skill Swap|||[of] p1b: Dondozo\n|cant|p1b: Dondozo|slp\n|\n|-weather|SunnyDay|[upkeep]\n|-heal|p1b: Dondozo|84\/100 slp|[from] item: Leftovers\n|upkeep\n|turn|5\n|j| MidianVGC\n|inactive|MareeohYT has 30 seconds left.\n|\n|t:|1682656119\n|switch|p1a: Tatsugiri|Tatsugiri, L50, F|100\/100\n|-activate|p1a: Tatsugiri|ability: Commander|[of] p1b: Dondozo\n|-boost|p1b: Dondozo|atk|2\n|-boost|p1b: Dondozo|spa|2\n|-boost|p1b: Dondozo|spe|2\n|-boost|p1b: Dondozo|def|2\n|-boost|p1b: Dondozo|spd|2\n|move|p2a: Lilligant|Leaf Storm|p1b: Dondozo\n|-supereffective|p1b: Dondozo\n|-damage|p1b: Dondozo|39\/100 slp\n|-unboost|p2a: Lilligant|spa|2\n|-curestatus|p1b: Dondozo|slp|[msg]\n|move|p1b: Dondozo|Fissure|p2a: Lilligant\n|-enditem|p2a: Lilligant|Focus Sash\n|-damage|p2a: Lilligant|1\/100\n|move|p2b: Torkoal|Eruption|p1a: Tatsugiri|[spread] p1b\n|-miss|p2b: Torkoal|p1a: Tatsugiri\n|-resisted|p1b: Dondozo\n|-damage|p1b: Dondozo|25\/100\n|\n|-weather|SunnyDay|[upkeep]\n|-heal|p1b: Dondozo|31\/100|[from] item: Leftovers\n|upkeep\n|turn|6\n|\n|t:|1682656133\n|switch|p2b: Flutter Mane|Flutter Mane, L50, shiny|100\/100\n|-activate|p2b: Flutter Mane|ability: Protosynthesis\n|-start|p2b: Flutter Mane|protosynthesisspa\n|move|p1b: Dondozo|Protect|p1b: Dondozo\n|-singleturn|p1b: Dondozo|Protect\n|move|p2a: Lilligant|Sleep Powder|p1b: Dondozo\n|-activate|p1b: Dondozo|move: Protect\n|\n|-weather|SunnyDay|[upkeep]\n|-heal|p1b: Dondozo|37\/100|[from] item: Leftovers\n|upkeep\n|turn|7\n|j| poolsideguy\n|\n|t:|1682656152\n|move|p2a: Lilligant|Leaf Storm|p1b: Dondozo\n|-supereffective|p1b: Dondozo\n|-damage|p1b: Dondozo|13\/100\n|-unboost|p2a: Lilligant|spa|2\n|move|p2b: Flutter Mane|Moonblast|p1b: Dondozo\n|-damage|p1b: Dondozo|0 fnt\n|faint|p1b: Dondozo\n|\n|-weather|none\n|-end|p2b: Flutter Mane|Protosynthesis\n|upkeep\n|\n|t:|1682656167\n|switch|p1b: Lycanroc|Lycanroc-Midnight, L50, F|100\/100\n|turn|8\n|\n|t:|1682656182\n|-end|p2b: Flutter Mane|Protosynthesis|[silent]\n|switch|p2b: Torkoal|Torkoal, L50, F, shiny|91\/100\n|-weather|SunnyDay|[from] ability: Drought|[of] p2b: Torkoal\n|move|p2a: Lilligant|Sleep Powder|p1a: Tatsugiri|[miss]\n|-miss|p2a: Lilligant|p1a: Tatsugiri\n|move|p1b: Lycanroc|Stone Edge|p2b: Torkoal\n|-supereffective|p2b: Torkoal\n|-damage|p2b: Torkoal|13\/100\n|move|p1a: Tatsugiri|Icy Wind|p2b: Torkoal|[spread] p2a,p2b\n|-supereffective|p2a: Lilligant\n|-resisted|p2b: Torkoal\n|-damage|p2a: Lilligant|0 fnt\n|-damage|p2b: Torkoal|5\/100\n|-unboost|p2b: Torkoal|spe|1\n|faint|p2a: Lilligant\n|\n|-weather|SunnyDay|[upkeep]\n|upkeep\n|\n|t:|1682656193\n|switch|p2a: Great Tusk|Great Tusk, L50|100\/100\n|-activate|p2a: Great Tusk|ability: Protosynthesis\n|-start|p2a: Great Tusk|protosynthesisatk\n|turn|9\n|\n|t:|1682656208\n|switch|p1a: Tinkaton|Tinkaton, L50, F, tera:Flying|100\/100\n|-ability|p1a: Tinkaton|Mold Breaker\n|-terastallize|p2a: Great Tusk|Fire\n|move|p2a: Great Tusk|Headlong Rush|p1a: Tinkaton\n|-immune|p1a: Tinkaton\n|move|p1b: Lycanroc|Rock Slide|p2b: Torkoal|[spread] p2a,p2b\n|-supereffective|p2a: Great Tusk\n|-supereffective|p2b: Torkoal\n|-damage|p2a: Great Tusk|63\/100\n|-damage|p2b: Torkoal|0 fnt\n|faint|p2b: Torkoal\n|\n|-weather|SunnyDay|[upkeep]\n|upkeep\n|\n|t:|1682656210\n|switch|p2b: Flutter Mane|Flutter Mane, L50, shiny|100\/100\n|-activate|p2b: Flutter Mane|ability: Protosynthesis\n|-start|p2b: Flutter Mane|protosynthesisspa\n|turn|10\n|\n|t:|1682656228\n|move|p1a: Tinkaton|Fake Out|p2a: Great Tusk\n|-damage|p2a: Great Tusk|58\/100\n|cant|p2a: Great Tusk|flinch\n|move|p2b: Flutter Mane|Moonblast|p1a: Tinkaton\n|-damage|p1a: Tinkaton|22\/100\n|move|p1b: Lycanroc|Stone Edge|p2a: Great Tusk\n|-supereffective|p2a: Great Tusk\n|-damage|p2a: Great Tusk|0 fnt\n|faint|p2a: Great Tusk\n|-end|p2a: Great Tusk|Protosynthesis|[silent]\n|\n|-weather|SunnyDay|[upkeep]\n|upkeep\n|turn|11\n|\n|t:|1682656242\n|move|p2b: Flutter Mane|Moonblast|p1b: Lycanroc\n|-enditem|p1b: Lycanroc|Focus Sash\n|-damage|p1b: Lycanroc|1\/100\n|move|p1b: Lycanroc|Stone Edge|p2b: Flutter Mane\n|-damage|p2b: Flutter Mane|3\/100\n|move|p1a: Tinkaton|Play Rough|p2b: Flutter Mane\n|-damage|p2b: Flutter Mane|0 fnt\n|faint|p2b: Flutter Mane\n|-end|p2b: Flutter Mane|Protosynthesis|[silent]\n|\n|win|MareeohYT\n|raw|MareeohYT's rating: 1643 → 1657<\/strong> (+14 for winning)\n|raw|snoozevgc's rating: 1531 → 1517<\/strong> (-14 for losing)\n|c|\u2606MareeohYT|gg wp\n|c|\u2606snoozevgc|gg\n","uploadtime":1682656250,"views":6,"p1id":"mareeohyt","p2id":"snoozevgc","formatid":"gen9vgc2023regulationc","rating":1517,"private":0,"password":""}