{"id":"gen9vgc2023regulationc-1863887018","p1":"Wonder_Room0_","p2":"G3rd","format":"[Gen 9] VGC 2023 Regulation C","log":"|j|\u2606Wonder_Room0_\n|j|\u2606G3rd\n|t:|1684089557\n|gametype|doubles\n|player|p1|Wonder_Room0_|elesa|1338\n|player|p2|G3rd|giovanni|1417\n|teamsize|p1|6\n|teamsize|p2|6\n|gen|9\n|tier|[Gen 9] VGC 2023 Regulation C\n|rated|\n|rule|Species Clause: Limit one of each Pok\u00e9mon\n|rule|Item Clause: Limit one of each item\n|clearpoke\n|poke|p1|Annihilape, L50, F|\n|poke|p1|Maushold-Four, L50|\n|poke|p1|Ting-Lu, L50|\n|poke|p1|Gyarados, L50, F|\n|poke|p1|Roaring Moon, L50|\n|poke|p1|Baxcalibur, L50, M|\n|poke|p2|Annihilape, L50, F|\n|poke|p2|Maushold-Four, L50|\n|poke|p2|Chien-Pao, L50|\n|poke|p2|Dragonite, L50, M|\n|poke|p2|Ting-Lu, L50|\n|poke|p2|Florges, L50, F|\n|teampreview|4\nG3rd has agreed to open team sheets.\n|inactive|Battle timer is ON: inactive players will automatically lose when time's up. (requested by G3rd)\n|\n|t:|1684089593\n|start\n|switch|p1a: Gyarados|Gyarados, L50, F|100\/100\n|switch|p1b: Maushold|Maushold-Four, L50|100\/100\n|switch|p2a: Dragonite|Dragonite, L50, M|100\/100\n|switch|p2b: Florges|Florges, L50, F|100\/100\n|-ability|p1a: Gyarados|Intimidate|boost\n|-unboost|p2a: Dragonite|atk|1\n|-unboost|p2b: Florges|atk|1\n|turn|1\n|\n|t:|1684089613\n|switch|p2a: Annihilape|Annihilape, L50, F|100\/100\n|switch|p1a: Baxcalibur|Baxcalibur, L50, M, shiny|100\/100\n|move|p1b: Maushold|Super Fang|p2b: Florges\n|-damage|p2b: Florges|51\/100\n|move|p2b: Florges|Skill Swap|p1a: Baxcalibur\n|-activate|p2b: Florges|move: Skill Swap|Thermal Exchange|Symbiosis|[of] p1a: Baxcalibur\n|\n|upkeep\n|turn|2\n|inactive|G3rd has 30 seconds left.\n|\n|t:|1684089646\n|switch|p1a: Gyarados|Gyarados, L50, F|100\/100\n|-ability|p1a: Gyarados|Intimidate|boost\n|-unboost|p2a: Annihilape|atk|1\n|-ability|p2a: Annihilape|Defiant|boost\n|-boost|p2a: Annihilape|atk|2\n|-enditem|p1a: Gyarados|Mirror Herb\n|-boost|p1a: Gyarados|atk|2|[from] item: Mirror Herb\n|-unboost|p2b: Florges|atk|1\n|switch|p2b: Maushold|Maushold-Four, L50|100\/100\n|move|p1b: Maushold|Protect|p1b: Maushold\n|-singleturn|p1b: Maushold|Protect\n|move|p2a: Annihilape|Bulk Up|p2a: Annihilape\n|-boost|p2a: Annihilape|atk|1\n|-boost|p2a: Annihilape|def|1\n|\n|upkeep\n|turn|3\n|inactive|G3rd has 30 seconds left.\n|\n|t:|1684089676\n|-terastallize|p1a: Gyarados|Flying\n|move|p2b: Maushold|Protect|p2b: Maushold\n|-singleturn|p2b: Maushold|Protect\n|move|p1b: Maushold|Follow Me|p1b: Maushold\n|-singleturn|p1b: Maushold|move: Follow Me\n|move|p1a: Gyarados|Tera Blast|p2a: Annihilape\n|-supereffective|p2a: Annihilape\n|-damage|p2a: Annihilape|3\/100\n|move|p2a: Annihilape|Drain Punch|p1b: Maushold\n|-supereffective|p1b: Maushold\n|-damage|p1b: Maushold|0 fnt\n|-heal|p2a: Annihilape|45\/100|[from] drain|[of] p1b: Maushold\n|faint|p1b: Maushold\n|\n|-heal|p2a: Annihilape|51\/100|[from] item: Leftovers\n|upkeep\n|\n|t:|1684089693\n|switch|p1b: Annihilape|Annihilape, L50, F|100\/100\n|turn|4\n|\n|t:|1684089713\n|move|p2b: Maushold|Follow Me|p2b: Maushold\n|-singleturn|p2b: Maushold|move: Follow Me\n|move|p1a: Gyarados|Tera Blast|p2b: Maushold\n|-damage|p2b: Maushold|6\/100\n|move|p1b: Annihilape|Rage Fist|p2b: Maushold\n|-immune|p2b: Maushold\n|move|p2a: Annihilape|Rage Fist|p1a: Gyarados\n|-damage|p1a: Gyarados|6\/100\n|\n|-heal|p2a: Annihilape|57\/100|[from] item: Leftovers\n|upkeep\n|turn|5\n|\n|t:|1684089734\n|move|p2b: Maushold|Follow Me|p2b: Maushold\n|-singleturn|p2b: Maushold|move: Follow Me\n|move|p1a: Gyarados|Tera Blast|p2b: Maushold\n|-damage|p2b: Maushold|0 fnt\n|faint|p2b: Maushold\n|move|p1b: Annihilape|Rage Fist|p2a: Annihilape\n|-supereffective|p2a: Annihilape\n|-damage|p2a: Annihilape|29\/100\n|move|p2a: Annihilape|Rage Fist|p1b: Annihilape\n|-supereffective|p1b: Annihilape\n|-damage|p1b: Annihilape|0 fnt\n|faint|p1b: Annihilape\n|\n|-heal|p2a: Annihilape|35\/100|[from] item: Leftovers\n|upkeep\n|\n|t:|1684089746\n|switch|p2b: Dragonite|Dragonite, L50, M|100\/100\n|switch|p1b: Baxcalibur|Baxcalibur, L50, M, shiny|100\/100\n|turn|6\n|\n|t:|1684089755\n|move|p2b: Dragonite|Extreme Speed|p1a: Gyarados\n|-damage|p1a: Gyarados|0 fnt\n|faint|p1a: Gyarados\n|move|p2a: Annihilape|Drain Punch|p1b: Baxcalibur\n|-supereffective|p1b: Baxcalibur\n|-damage|p1b: Baxcalibur|0 fnt\n|-heal|p2a: Annihilape|87\/100|[from] drain|[of] p1b: Baxcalibur\n|faint|p1b: Baxcalibur\n|\n|win|G3rd\n|raw|Wonder_Room0_'s rating: 1338 → 1322<\/strong> (-16 for losing)\n|raw|G3rd's rating: 1417 → 1433<\/strong> (+16 for winning)\n|l|\u2606Wonder_Room0_\n","uploadtime":1684089766,"views":7,"p1id":"wonderroom0","p2id":"g3rd","formatid":"gen9vgc2023regulationc","rating":1322,"private":0,"password":""}