{"id":"gen9vgc2023regulationc-1852517884","p1":"Rean412","p2":"SSSWSWQQW","format":"[Gen 9] VGC 2023 Regulation C","log":"|j|\u2606Rean412\n|j|\u2606SSSWSWQQW\n|t:|1682568536\n|gametype|doubles\n|player|p1|Rean412|101|\n|player|p2|SSSWSWQQW|169|\n|teamsize|p1|6\n|teamsize|p2|6\n|gen|9\n|tier|[Gen 9] VGC 2023 Regulation C\n|rated|Tournament battle\n|rule|Species Clause: Limit one of each Pok\u00e9mon\n|rule|Item Clause: Limit one of each item\n|clearpoke\n|poke|p1|Palafin, L50, M|\n|poke|p1|Chien-Pao, L50|\n|poke|p1|Murkrow, L50, F|\n|poke|p1|Drednaw, L50, M|\n|poke|p1|Iron Bundle, L50|\n|poke|p1|Gholdengo, L50|\n|poke|p2|Wo-Chien, L50|\n|poke|p2|Flutter Mane, L50|\n|poke|p2|Glimmora, L50, M|\n|poke|p2|Arcanine, L50, M|\n|poke|p2|Dondozo, L50, F|\n|poke|p2|Tatsugiri, L50, F|\n|teampreview|4\n|raw| Open Team Sheet for Rean412<\/summary>Palafin @ Choice Band Ability: Zero to Hero Level: 50 Tera Type: Grass - Jet Punch - Drain Punch - Tera Blast - Wave Crash Chien-Pao @ Life Orb Ability: Sword of Ruin Level: 50 Tera Type: Poison - Ice Spinner - Haze - Sacred Sword - Sucker Punch Murkrow @ Damp Rock Ability: Prankster Level: 50 Tera Type: Steel - Foul Play - Thunder Wave - Rain Dance - Tailwind Drednaw @ Safety Goggles Ability: Swift Swim Level: 50 Tera Type: Water - Ice Spinner - Rock Slide - Waterfall - Protect Iron Bundle @ Booster Energy Ability: Quark Drive Level: 50 Tera Type: Ghost - Freeze-Dry - Hydro Pump - Encore - Protect Gholdengo @ Wide Lens Ability: Good as Gold Level: 50 Tera Type: Steel - Make It Rain - Trick - Shadow Ball - Thunder <\/details><\/div> Open Team Sheet for SSSWSWQQW<\/summary>Wo-Chien @ Leftovers Ability: Tablets of Ruin Level: 50 Tera Type: Poison - Leech Seed - Pollen Puff - Protect - Foul Play Flutter Mane @ Booster Energy Ability: Protosynthesis Level: 50 Tera Type: Fairy - Shadow Ball - Moonblast - Dazzling Gleam - Protect Glimmora @ Assault Vest Ability: Toxic Debris Level: 50 Tera Type: Grass - Power Gem - Sludge Bomb - Mortal Spin - Earth Power Arcanine @ Safety Goggles Ability: Intimidate Level: 50 Tera Type: Water - Overheat - Will-O-Wisp - Protect - Snarl Dondozo @ Clear Amulet Ability: Water Veil Level: 50 Tera Type: Grass - Wave Crash - Earthquake - Tera Blast - Protect Tatsugiri @ Focus Sash Ability: Commander Level: 50 Tera Type: Steel - Muddy Water - Draco Meteor - Protect - Taunt <\/details><\/div>\n|j| Wottl3y\n|j| Radio Free C-Side\n|c|\u2606Rean412|Glhf\n|inactive|Battle timer is ON: inactive players will automatically lose when time's up. (requested by SSSWSWQQW)\n|j| TTMv4\n|\n|t:|1682568586\n|start\n|switch|p1a: Palafin|Palafin, L50, M|100\/100\n|switch|p1b: Iron Bundle|Iron Bundle, L50|100\/100\n|switch|p2a: Dondozo|Dondozo, L50, F|100\/100\n|switch|p2b: Glimmora|Glimmora, L50, M|100\/100\n|-enditem|p1b: Iron Bundle|Booster Energy\n|-activate|p1b: Iron Bundle|ability: Quark Drive|[fromitem]\n|-start|p1b: Iron Bundle|quarkdrivespe\n|turn|1\n|inactive|Rean412 has 30 seconds left.\n|inactive|SSSWSWQQW has 30 seconds left.\n|inactive|Rean412 has 20 seconds left.\n|\n|t:|1682568624\n|detailschange|p1a: Palafin|Palafin-Hero, L50, M\n|switch|p1a: Murkrow|Murkrow, L50, F|100\/100\n|-terastallize|p2a: Dondozo|Grass\n|move|p1b: Iron Bundle|Freeze-Dry|p2a: Dondozo\n|-supereffective|p2a: Dondozo\n|-damage|p2a: Dondozo|41\/100\n|-status|p2a: Dondozo|frz\n|move|p2b: Glimmora|Power Gem|p1b: Iron Bundle\n|-supereffective|p1b: Iron Bundle\n|-damage|p1b: Iron Bundle|0 fnt\n|faint|p1b: Iron Bundle\n|-end|p1b: Iron Bundle|Quark Drive|[silent]\n|cant|p2a: Dondozo|frz\n|\n|upkeep\n|\n|t:|1682568639\n|switch|p1b: Palafin|Palafin-Hero, L50, M|100\/100\n|-activate|p1b: Palafin|ability: Zero to Hero\n|turn|2\n|j|%Bright Size\n|c| Radio Free C-Side|double t1 freeze dry\n|c| Radio Free C-Side|nice\n|inactive|Rean412 has 30 seconds left.\n|inactive|Rean412 has 20 seconds left.\n|inactive|Rean412 has 15 seconds left.\n|j| Tempest brute\n|inactive|Rean412 has 10 seconds left.\n|\n|t:|1682568685\n|switch|p2a: Flutter Mane|Flutter Mane, L50|100\/100\n|-enditem|p2a: Flutter Mane|Booster Energy\n|-activate|p2a: Flutter Mane|ability: Protosynthesis|[fromitem]\n|-start|p2a: Flutter Mane|protosynthesisspa\n|move|p1b: Palafin|Wave Crash|p2b: Glimmora\n|-supereffective|p2b: Glimmora\n|-damage|p2b: Glimmora|0 fnt\n|-activate|p2b: Glimmora|ability: Toxic Debris\n|-sidestart|p1: Rean412|move: Toxic Spikes\n|faint|p2b: Glimmora\n|-damage|p1b: Palafin|69\/100|[from] Recoil\n|move|p1a: Murkrow|Foul Play|p2a: Flutter Mane\n|-damage|p2a: Flutter Mane|77\/100\n|\n|upkeep\n|l| Wottl3y\n|\n|t:|1682568706\n|switch|p2b: Tatsugiri|Tatsugiri, L50, F|100\/100\n|turn|3\n|\n|t:|1682568727\n|move|p1a: Murkrow|Tailwind|p1a: Murkrow\n|-sidestart|p1: Rean412|move: Tailwind\n|move|p1b: Palafin|Wave Crash|p2a: Flutter Mane\n|-damage|p2a: Flutter Mane|0 fnt\n|faint|p2a: Flutter Mane\n|-end|p2a: Flutter Mane|Protosynthesis|[silent]\n|-damage|p1b: Palafin|51\/100|[from] Recoil\n|move|p2b: Tatsugiri|Muddy Water|p1b: Palafin|[spread] p1a,p1b\n|-resisted|p1b: Palafin\n|-damage|p1a: Murkrow|48\/100\n|-damage|p1b: Palafin|35\/100\n|\n|upkeep\n|j| Ben97665\n|l| Ben97665\n|\n|t:|1682568741\n|switch|p2a: Dondozo|Dondozo, L50, F, tera:Grass|41\/100 frz\n|-activate|p2b: Tatsugiri|ability: Commander|[of] p2a: Dondozo\n|-boost|p2a: Dondozo|atk|2\n|-boost|p2a: Dondozo|spa|2\n|-boost|p2a: Dondozo|spe|2\n|-boost|p2a: Dondozo|def|2\n|-boost|p2a: Dondozo|spd|2\n|turn|4\n|\n|t:|1682568757\n|switch|p1b: Drednaw|Drednaw, L50, M|100\/100\n|-status|p1b: Drednaw|psn\n|move|p1a: Murkrow|Foul Play|p2a: Dondozo\n|-damage|p2a: Dondozo|12\/100 frz\n|cant|p2a: Dondozo|frz\n|\n|-damage|p1b: Drednaw|88\/100 psn|[from] psn\n|upkeep\n|turn|5\n|j| PlayerEevee\n|\n|t:|1682568782\n|cant|p2a: Dondozo|frz\n|move|p1a: Murkrow|Rain Dance|p1a: Murkrow\n|-weather|RainDance\n|move|p1b: Drednaw|Waterfall|p2a: Dondozo\n|-resisted|p2a: Dondozo\n|-damage|p2a: Dondozo|1\/100 frz\n|\n|-weather|RainDance|[upkeep]\n|-damage|p1b: Drednaw|75\/100 psn|[from] psn\n|upkeep\n|turn|6\n|inactive|Rean412 has 30 seconds left.\n|inactive|Rean412 has 20 seconds left.\n|c|\u2606SSSWSWQQW|CUZ I WAS UNLUCKY\n|\n|t:|1682568818\n|move|p1b: Drednaw|Protect|p1b: Drednaw\n|-singleturn|p1b: Drednaw|Protect\n|-curestatus|p2a: Dondozo|frz|[msg]\n|move|p2a: Dondozo|Protect|p2a: Dondozo\n|-singleturn|p2a: Dondozo|Protect\n|move|p1a: Murkrow|Foul Play|p2a: Dondozo\n|-activate|p2a: Dondozo|move: Protect\n|\n|-weather|RainDance|[upkeep]\n|-damage|p1b: Drednaw|63\/100 psn|[from] psn\n|-sideend|p1: Rean412|move: Tailwind\n|upkeep\n|turn|7\n|\n|t:|1682568841\n|move|p1a: Murkrow|Tailwind|p1a: Murkrow\n|-sidestart|p1: Rean412|move: Tailwind\n|move|p1b: Drednaw|Ice Spinner|p2a: Dondozo\n|-supereffective|p2a: Dondozo\n|-damage|p2a: Dondozo|0 fnt\n|faint|p2a: Dondozo\n|\n|-weather|RainDance|[upkeep]\n|-damage|p1b: Drednaw|50\/100 psn|[from] psn\n|upkeep\n|turn|8\n|\n|t:|1682568855\n|move|p1a: Murkrow|Thunder Wave|p2b: Tatsugiri\n|-status|p2b: Tatsugiri|par\n|move|p1b: Drednaw|Ice Spinner|p2b: Tatsugiri\n|-damage|p2b: Tatsugiri|53\/100 par\n|move|p2b: Tatsugiri|Muddy Water|p1b: Drednaw|[spread] p1a\n|-miss|p2b: Tatsugiri|p1b: Drednaw\n|-damage|p1a: Murkrow|0 fnt\n|faint|p1a: Murkrow\n|\n|-weather|RainDance|[upkeep]\n|-damage|p1b: Drednaw|38\/100 psn|[from] psn\n|upkeep\n|c|\u2606Rean412|GGWP!\n|\n|t:|1682568867\n|switch|p1a: Palafin|Palafin-Hero, L50, M|35\/100\n|-status|p1a: Palafin|psn\n|turn|9\n|inactive|Rean412 has 30 seconds left.\n|\n|t:|1682568896\n|move|p2b: Tatsugiri|Protect|p2b: Tatsugiri\n|-singleturn|p2b: Tatsugiri|Protect\n|move|p1b: Drednaw|Ice Spinner|p2b: Tatsugiri\n|-activate|p2b: Tatsugiri|move: Protect\n|move|p1a: Palafin|Drain Punch|p2b: Tatsugiri\n|-activate|p2b: Tatsugiri|move: Protect\n|\n|-weather|RainDance|[upkeep]\n|-damage|p1b: Drednaw|25\/100 psn|[from] psn\n|-damage|p1a: Palafin|22\/100 psn|[from] psn\n|upkeep\n|turn|10\n|c| Radio Free C-Side|triple protect wins here\n|inactive|SSSWSWQQW has 30 seconds left.\n|c|\u2606SSSWSWQQW|NO LUCK IF DONDOZO DID NOT FREEZE I WOULD HAVE WON\n|j| merah merona\n|j| WeirdPolyCouple\n|inactive|SSSWSWQQW has 20 seconds left.\n|c|\u2606Rean412|1 in 25?\n|c| Radio Free C-Side|chill\n|\n|t:|1682568932\n|move|p1b: Drednaw|Ice Spinner|p2b: Tatsugiri\n|-damage|p2b: Tatsugiri|3\/100 par\n|move|p1a: Palafin|Drain Punch|p2b: Tatsugiri\n|-damage|p2b: Tatsugiri|0 fnt\n|-heal|p1a: Palafin|23\/100 psn|[from] drain|[of] p2b: Tatsugiri\n|faint|p2b: Tatsugiri\n|\n|win|Rean412\n|n|\u2606Rean412|rean412\n|n|\u2606SSSWSWQQW|ssswswqqw\n|n| Radio Free C-Side|radiofreecside\n|n| TTMv4|ttmv4\n|n| Bright Size|brightsize\n|n| Tempest brute|tempestbrute\n|n| PlayerEevee|playereevee\n|n| merah merona|merahmerona\n|n| WeirdPolyCouple|weirdpolycouple\n|l| Radio Free C-Side\n|c|\u2606SSSWSWQQW|SAD\n|l| WeirdPolyCouple\n","uploadtime":1682568933,"views":9,"p1id":"rean412","p2id":"ssswswqqw","formatid":"gen9vgc2023regulationc","rating":0,"private":0,"password":""}