{"id":"gen9vgc2023regulationc-1854538868","p1":"TylerH1","p2":"shbones","format":"[Gen 9] VGC 2023 Regulation C","log":"|j|\u2606TylerH1\n|j|\u2606shbones\n|t:|1682824077\n|gametype|doubles\n|player|p1|TylerH1|266|1052\n|player|p2|shbones|bugcatcher|1084\n|teamsize|p1|6\n|teamsize|p2|6\n|gen|9\n|tier|[Gen 9] VGC 2023 Regulation C\n|rated|\n|rule|Species Clause: Limit one of each Pok\u00e9mon\n|rule|Item Clause: Limit one of each item\n|clearpoke\n|poke|p1|Sableye, L50, M|\n|poke|p1|Grimmsnarl, L50, M|\n|poke|p1|Iron Bundle, L50|\n|poke|p1|Arcanine, L50, F|\n|poke|p1|Amoonguss, L50, M|\n|poke|p1|Garganacl, L50, F|\n|poke|p2|Rabsca, L50, F|\n|poke|p2|Orthworm, L50, F|\n|poke|p2|Lurantis, L50, F|\n|poke|p2|Dudunsparce-*, L50, M|\n|poke|p2|Volcarona, L50, M|\n|poke|p2|Frosmoth, L50, M|\n|teampreview|4\n|\n|t:|1682824119\n|start\n|switch|p1a: Grimmsnarl|Grimmsnarl, L50, M|100\/100\n|switch|p1b: Arcanine|Arcanine, L50, F|100\/100\n|switch|p2a: Volcarona|Volcarona, L50, M|100\/100\n|switch|p2b: Lurantis|Lurantis, L50, F, shiny|100\/100\n|-ability|p1b: Arcanine|Intimidate|boost\n|-unboost|p2a: Volcarona|atk|1\n|-boost|p2b: Lurantis|atk|1\n|turn|1\n|\n|t:|1682824148\n|-terastallize|p2b: Lurantis|Water\n|move|p2a: Volcarona|Rage Powder|p2a: Volcarona\n|-singleturn|p2a: Volcarona|move: Rage Powder\n|move|p1a: Grimmsnarl|Bulk Up|p1a: Grimmsnarl\n|-boost|p1a: Grimmsnarl|atk|1\n|-boost|p1a: Grimmsnarl|def|1\n|move|p1b: Arcanine|Snarl|p2a: Volcarona|[spread] p2a,p2b\n|-damage|p2a: Volcarona|93\/100\n|-damage|p2b: Lurantis|90\/100\n|-unboost|p2a: Volcarona|spa|1\n|-boost|p2b: Lurantis|spa|1\n|move|p2b: Lurantis|Tera Blast|p1b: Arcanine\n|-supereffective|p1b: Arcanine\n|-damage|p1b: Arcanine|0 fnt\n|faint|p1b: Arcanine\n|\n|-heal|p2a: Volcarona|99\/100|[from] item: Leftovers\n|upkeep\n|\n|t:|1682824171\n|switch|p1b: Garganacl|Garganacl, L50, F|100\/100\n|turn|2\n|\n|t:|1682824180\n|move|p1b: Garganacl|Protect|p1b: Garganacl\n|-singleturn|p1b: Garganacl|Protect\n|move|p1a: Grimmsnarl|Sucker Punch|p2b: Lurantis\n|-damage|p2b: Lurantis|5\/100\n|-damage|p1a: Grimmsnarl|91\/100|[from] item: Life Orb\n|move|p2a: Volcarona|Quiver Dance|p2a: Volcarona\n|-boost|p2a: Volcarona|spa|1\n|-boost|p2a: Volcarona|spd|1\n|-boost|p2a: Volcarona|spe|1\n|move|p2b: Lurantis|Tera Blast|p1b: Garganacl\n|-activate|p1b: Garganacl|move: Protect\n|\n|-heal|p2a: Volcarona|100\/100|[from] item: Leftovers\n|upkeep\n|turn|3\n|\n|t:|1682824210\n|switch|p2b: Dudunsparce|Dudunsparce, L50, M|100\/100\n|switch|p1b: Iron Bundle|Iron Bundle, L50|100\/100\n|-enditem|p1b: Iron Bundle|Booster Energy\n|-activate|p1b: Iron Bundle|ability: Quark Drive|[fromitem]\n|-start|p1b: Iron Bundle|quarkdrivespe\n|move|p1a: Grimmsnarl|Thunder Wave|p2a: Volcarona\n|-status|p2a: Volcarona|par\n|move|p2a: Volcarona|Giga Drain|p1b: Iron Bundle\n|-supereffective|p1b: Iron Bundle\n|-damage|p1b: Iron Bundle|17\/100\n|\n|upkeep\n|turn|4\n|\n|t:|1682824240\n|move|p1b: Iron Bundle|Hydro Pump|p2a: Volcarona\n|-supereffective|p2a: Volcarona\n|-damage|p2a: Volcarona|39\/100 par\n|cant|p2a: Volcarona|par\n|move|p2b: Dudunsparce|Tailwind|p2b: Dudunsparce\n|-sidestart|p2: shbones|move: Tailwind\n|move|p1a: Grimmsnarl|Spirit Break|p2b: Dudunsparce\n|-damage|p2b: Dudunsparce|23\/100\n|-unboost|p2b: Dudunsparce|spa|1\n|-damage|p1a: Grimmsnarl|74\/100|[from] item: Rocky Helmet|[of] p2b: Dudunsparce\n|-damage|p1a: Grimmsnarl|64\/100|[from] item: Life Orb\n|\n|-heal|p2a: Volcarona|45\/100 par|[from] item: Leftovers\n|upkeep\n|turn|5\n|\n|t:|1682824261\n|move|p1a: Grimmsnarl|Bulk Up|p1a: Grimmsnarl\n|-boost|p1a: Grimmsnarl|atk|1\n|-boost|p1a: Grimmsnarl|def|1\n|move|p1b: Iron Bundle|Icy Wind|p2a: Volcarona|[spread] p2a,p2b\n|-resisted|p2a: Volcarona\n|-damage|p2a: Volcarona|38\/100 par\n|-damage|p2b: Dudunsparce|4\/100\n|-unboost|p2a: Volcarona|spe|1\n|-unboost|p2b: Dudunsparce|spe|1\n|cant|p2a: Volcarona|par\n|move|p2b: Dudunsparce|Rock Slide|p1b: Iron Bundle|[spread] p1a,p1b\n|-supereffective|p1b: Iron Bundle\n|-damage|p1a: Grimmsnarl|54\/100\n|-damage|p1b: Iron Bundle|0 fnt\n|faint|p1b: Iron Bundle\n|-end|p1b: Iron Bundle|Quark Drive|[silent]\n|\n|-heal|p2a: Volcarona|44\/100 par|[from] item: Leftovers\n|upkeep\n|\n|t:|1682824279\n|switch|p1b: Garganacl|Garganacl, L50, F|100\/100\n|turn|6\n|\n|t:|1682824295\n|move|p1a: Grimmsnarl|Sucker Punch|p2b: Dudunsparce\n|-damage|p2b: Dudunsparce|0 fnt\n|-damage|p1a: Grimmsnarl|38\/100|[from] item: Rocky Helmet|[of] p2b: Dudunsparce\n|faint|p2b: Dudunsparce\n|-damage|p1a: Grimmsnarl|28\/100|[from] item: Life Orb\n|move|p2a: Volcarona|Giga Drain|p1b: Garganacl\n|-supereffective|p1b: Garganacl\n|-damage|p1b: Garganacl|65\/100\n|-heal|p2a: Volcarona|64\/100 par|[from] drain|[of] p1b: Garganacl\n|move|p1b: Garganacl|Salt Cure|p2a: Volcarona\n|-supereffective|p2a: Volcarona\n|-damage|p2a: Volcarona|11\/100 par\n|-start|p2a: Volcarona|Salt Cure\n|\n|-heal|p2a: Volcarona|16\/100 par|[from] item: Leftovers\n|-heal|p1b: Garganacl|71\/100|[from] item: Leftovers\n|-damage|p2a: Volcarona|4\/100 par|[from] Salt Cure\n|upkeep\n|\n|t:|1682824312\n|switch|p2b: Lurantis|Lurantis, L50, F, shiny, tera:Water|5\/100\n|turn|7\n|\n|t:|1682824327\n|move|p1b: Garganacl|Protect|p1b: Garganacl\n|-singleturn|p1b: Garganacl|Protect\n|move|p2a: Volcarona|Rage Powder|p2a: Volcarona\n|-singleturn|p2a: Volcarona|move: Rage Powder\n|move|p2b: Lurantis|Petal Blizzard|p1b: Garganacl|[spread] p2a,p1a\n|-activate|p1b: Garganacl|move: Protect\n|-resisted|p2a: Volcarona\n|-damage|p2a: Volcarona|0 fnt\n|-damage|p1a: Grimmsnarl|0 fnt\n|faint|p2a: Volcarona\n|faint|p1a: Grimmsnarl\n|\n|-heal|p1b: Garganacl|76\/100|[from] item: Leftovers\n|-sideend|p2: shbones|move: Tailwind\n|upkeep\n|\n|t:|1682824338\n|switch|p2a: Orthworm|Orthworm, L50, F|100\/100\n|turn|8\n|\n|t:|1682824348\n|move|p2a: Orthworm|Iron Defense|p2a: Orthworm\n|-boost|p2a: Orthworm|def|2\n|move|p2b: Lurantis|Petal Blizzard|p1b: Garganacl|[spread] p2a,p1b\n|-resisted|p2a: Orthworm\n|-supereffective|p1b: Garganacl\n|-damage|p2a: Orthworm|92\/100\n|-damage|p1b: Garganacl|13\/100\n|move|p1b: Garganacl|Salt Cure|p2a: Orthworm\n|-resisted|p2a: Orthworm\n|-damage|p2a: Orthworm|89\/100\n|-start|p2a: Orthworm|Salt Cure\n|\n|-heal|p1b: Garganacl|18\/100|[from] item: Leftovers\n|-damage|p2a: Orthworm|64\/100|[from] Salt Cure\n|upkeep\n|turn|9\n|\n|t:|1682824370\n|-terastallize|p1b: Garganacl|Ghost\n|move|p1b: Garganacl|Protect|p1b: Garganacl\n|-singleturn|p1b: Garganacl|Protect\n|move|p2a: Orthworm|Body Press|p1b: Garganacl\n|-activate|p1b: Garganacl|move: Protect\n|move|p2b: Lurantis|Petal Blizzard|p1b: Garganacl|[spread] p2a\n|-activate|p1b: Garganacl|move: Protect\n|-resisted|p2a: Orthworm\n|-damage|p2a: Orthworm|56\/100\n|\n|-heal|p1b: Garganacl|24\/100|[from] item: Leftovers\n|-damage|p2a: Orthworm|31\/100|[from] Salt Cure\n|upkeep\n|-enditem|p2a: Orthworm|Sitrus Berry|[eat]\n|-heal|p2a: Orthworm|56\/100|[from] item: Sitrus Berry\n|turn|10\n|\n|t:|1682824391\n|move|p2a: Orthworm|Heavy Slam|p1b: Garganacl\n|-damage|p1b: Garganacl|16\/100\n|move|p2b: Lurantis|Petal Blizzard|p1b: Garganacl|[spread] p2a,p1b\n|-resisted|p2a: Orthworm\n|-damage|p2a: Orthworm|46\/100\n|-damage|p1b: Garganacl|0 fnt\n|faint|p1b: Garganacl\n|\n|win|shbones\n|raw|TylerH1's rating: 1052 → 1036<\/strong> (-16 for losing)\n|raw|shbones's rating: 1084 → 1109<\/strong> (+25 for winning)\n|c|\u2606TylerH1|Gg\n","uploadtime":1682824405,"views":19,"p1id":"tylerh1","p2id":"shbones","formatid":"gen9vgc2023regulationc","rating":1036,"private":0,"password":""}