{"id":"gen9vgc2023regulationc-1850919306","p1":"captaincuba22","p2":"Pokex265","format":"[Gen 9] VGC 2023 Regulation C","log":"|j|\u2606captaincuba22\n|j|\u2606Pokex265\n|t:|1682382295\n|gametype|doubles\n|player|p1|captaincuba22|170|1060\n|player|p2|Pokex265|riley|1133\n|teamsize|p1|6\n|teamsize|p2|6\n|gen|9\n|tier|[Gen 9] VGC 2023 Regulation C\n|rated|\n|rule|Species Clause: Limit one of each Pok\u00e9mon\n|rule|Item Clause: Limit one of each item\n|clearpoke\n|poke|p1|Iron Bundle, L50|\n|poke|p1|Pincurchin, L50, M|\n|poke|p1|Oranguru, L50, M|\n|poke|p1|Abomasnow, L50, M|\n|poke|p1|Frosmoth, L50, M|\n|poke|p1|Rotom-Heat, L50|\n|poke|p2|Farigiraf, L50, F|\n|poke|p2|Garganacl, L50, M|\n|poke|p2|Hatterene, L50, F|\n|poke|p2|Annihilape, L50, F|\n|poke|p2|Espathra, L50, F|\n|poke|p2|Eelektross, L50, M|\n|teampreview|4\n|\n|t:|1682382332\n|start\n|switch|p1a: Abomasnow|Abomasnow, L50, M|100\/100\n|switch|p1b: Oranguru|Oranguru, L50, M|100\/100\n|switch|p2a: Garganacl|Garganacl, L50, M|100\/100\n|switch|p2b: Espathra|Espathra, L50, F|100\/100\n|-weather|Snow|[from] ability: Snow Warning|[of] p1a: Abomasnow\n|turn|1\n|inactive|Battle timer is ON: inactive players will automatically lose when time's up. (requested by Pokex265)\n|\n|t:|1682382362\n|move|p2b: Espathra|Protect|p2b: Espathra\n|-singleturn|p2b: Espathra|Protect\n|move|p2a: Garganacl|Protect|p2a: Garganacl\n|-singleturn|p2a: Garganacl|Protect\n|move|p1a: Abomasnow|Aurora Veil|p1a: Abomasnow\n|-sidestart|p1: captaincuba22|move: Aurora Veil\n|move|p1b: Oranguru|Trick Room|p1b: Oranguru\n|-fieldstart|move: Trick Room|[of] p1b: Oranguru\n|\n|-weather|Snow|[upkeep]\n|-ability|p2b: Espathra|Speed Boost|boost\n|-boost|p2b: Espathra|spe|1\n|upkeep\n|turn|2\n|inactive|captaincuba22 has 30 seconds left.\n|\n|t:|1682382388\n|switch|p1a: Frosmoth|Frosmoth, L50, M|100\/100\n|switch|p2b: Eelektross|Eelektross, L50, M|100\/100\n|move|p2a: Garganacl|Salt Cure|p1a: Frosmoth\n|-supereffective|p1a: Frosmoth\n|-crit|p1a: Frosmoth\n|-damage|p1a: Frosmoth|12\/100\n|-start|p1a: Frosmoth|Salt Cure\n|move|p1b: Oranguru|Future Sight|p2a: Garganacl\n|-start|p1b: Oranguru|move: Future Sight\n|\n|-weather|Snow|[upkeep]\n|-damage|p1a: Frosmoth|0 fnt|[from] Salt Cure\n|faint|p1a: Frosmoth\n|upkeep\n|\n|t:|1682382409\n|switch|p1a: Pincurchin|Pincurchin, L50, M|100\/100\n|-fieldstart|move: Electric Terrain|[from] ability: Electric Surge|[of] p1a: Pincurchin\n|-enditem|p1b: Oranguru|Electric Seed\n|-boost|p1b: Oranguru|def|1|[from] item: Electric Seed\n|turn|3\n|\n|t:|1682382421\n|move|p1a: Pincurchin|Zing Zap|p2a: Garganacl\n|-damage|p2a: Garganacl|71\/100\n|move|p2b: Eelektross|Coil|p2b: Eelektross\n|-boost|p2b: Eelektross|atk|1\n|-boost|p2b: Eelektross|def|1\n|-boost|p2b: Eelektross|accuracy|1\n|cant|p2a: Garganacl|flinch\n|move|p1b: Oranguru|Instruct|p1a: Pincurchin\n|-singleturn|p1a: Pincurchin|move: Instruct|[of] p1b: Oranguru\n|move|p1a: Pincurchin|Zing Zap|p2a: Garganacl\n|-damage|p2a: Garganacl|43\/100\n|\n|-weather|Snow|[upkeep]\n|-heal|p2a: Garganacl|49\/100|[from] item: Leftovers\n|upkeep\n|turn|4\n|inactive|captaincuba22 has 30 seconds left.\n|inactive|captaincuba22 has 20 seconds left.\n|inactive|captaincuba22 has 15 seconds left.\n|\n|t:|1682382462\n|move|p1a: Pincurchin|Zing Zap|p2b: Eelektross\n|-resisted|p2b: Eelektross\n|-damage|p2b: Eelektross|84\/100\n|cant|p2b: Eelektross|flinch\n|move|p2a: Garganacl|Recover|p2a: Garganacl\n|-heal|p2a: Garganacl|99\/100\n|move|p1b: Oranguru|Encore|p2a: Garganacl\n|-start|p2a: Garganacl|Encore\n|\n|-weather|Snow|[upkeep]\n|-end|p2a: Garganacl|move: Future Sight\n|-damage|p2a: Garganacl|70\/100\n|-heal|p2a: Garganacl|76\/100|[from] item: Leftovers\n|upkeep\n|turn|5\n|inactive|captaincuba22 has 30 seconds left.\n|\n|t:|1682382491\n|switch|p2a: Espathra|Espathra, L50, F|100\/100\n|move|p1a: Pincurchin|Memento|p2b: Eelektross\n|-unboost|p2b: Eelektross|atk|2\n|-unboost|p2b: Eelektross|spa|2\n|faint|p1a: Pincurchin\n|move|p2b: Eelektross|Coil|p2b: Eelektross\n|-boost|p2b: Eelektross|atk|1\n|-boost|p2b: Eelektross|def|1\n|-boost|p2b: Eelektross|accuracy|1\n|move|p1b: Oranguru|Future Sight|p2b: Eelektross\n|-start|p1b: Oranguru|move: Future Sight\n|\n|-weather|none\n|-fieldend|move: Trick Room\n|upkeep\n|\n|t:|1682382505\n|switch|p1a: Abomasnow|Abomasnow, L50, M|100\/100\n|-weather|Snow|[from] ability: Snow Warning|[of] p1a: Abomasnow\n|turn|6\n|\n|t:|1682382516\n|move|p2a: Espathra|Calm Mind|p2a: Espathra\n|-boost|p2a: Espathra|spa|1\n|-boost|p2a: Espathra|spd|1\n|move|p1a: Abomasnow|Blizzard|p2b: Eelektross|[spread] p2a,p2b\n|-damage|p2a: Espathra|73\/100\n|-damage|p2b: Eelektross|58\/100\n|move|p2b: Eelektross|Coil|p2b: Eelektross\n|-boost|p2b: Eelektross|atk|1\n|-boost|p2b: Eelektross|def|1\n|-boost|p2b: Eelektross|accuracy|1\n|move|p1b: Oranguru|Trick Room|p1b: Oranguru\n|-fieldstart|move: Trick Room|[of] p1b: Oranguru\n|\n|-weather|Snow|[upkeep]\n|-ability|p2a: Espathra|Speed Boost|boost\n|-boost|p2a: Espathra|spe|1\n|upkeep\n|turn|7\n|\n|t:|1682382537\n|move|p2b: Eelektross|Rock Slide|p1a: Abomasnow|[spread] p1a,p1b\n|-supereffective|p1a: Abomasnow\n|-crit|p1a: Abomasnow\n|-damage|p1a: Abomasnow|48\/100\n|-damage|p1b: Oranguru|93\/100\n|move|p1b: Oranguru|Encore|p2a: Espathra\n|-start|p2a: Espathra|Encore\n|move|p1a: Abomasnow|Blizzard|p2a: Espathra|[spread] p2a,p2b\n|-damage|p2a: Espathra|46\/100\n|-damage|p2b: Eelektross|34\/100\n|move|p2a: Espathra|Calm Mind|p2a: Espathra\n|-boost|p2a: Espathra|spa|1\n|-boost|p2a: Espathra|spd|1\n|\n|-weather|Snow|[upkeep]\n|-end|p2b: Eelektross|move: Future Sight\n|-damage|p2b: Eelektross|0 fnt\n|faint|p2b: Eelektross\n|-ability|p2a: Espathra|Speed Boost|boost\n|-boost|p2a: Espathra|spe|1\n|upkeep\n|\n|t:|1682382547\n|switch|p2b: Garganacl|Garganacl, L50, M|76\/100\n|turn|8\n|\n|t:|1682382565\n|move|p2b: Garganacl|Salt Cure|p1a: Abomasnow\n|-supereffective|p1a: Abomasnow\n|-crit|p1a: Abomasnow\n|-damage|p1a: Abomasnow|17\/100\n|-start|p1a: Abomasnow|Salt Cure\n|move|p1b: Oranguru|Future Sight|p2b: Garganacl\n|-start|p1b: Oranguru|move: Future Sight\n|move|p1a: Abomasnow|Giga Drain|p2a: Espathra\n|-damage|p2a: Espathra|25\/100\n|-heal|p1a: Abomasnow|27\/100|[from] drain|[of] p2a: Espathra\n|move|p2a: Espathra|Calm Mind|p2a: Espathra\n|-boost|p2a: Espathra|spa|1\n|-boost|p2a: Espathra|spd|1\n|\n|-weather|Snow|[upkeep]\n|-heal|p2b: Garganacl|82\/100|[from] item: Leftovers\n|-damage|p1a: Abomasnow|14\/100|[from] Salt Cure\n|-sideend|p1: captaincuba22|move: Aurora Veil\n|-ability|p2a: Espathra|Speed Boost|boost\n|-boost|p2a: Espathra|spe|1\n|upkeep\n|turn|9\n|-message|captaincuba22 forfeited.\n|\n|win|Pokex265\n|raw|captaincuba22's rating: 1060 → 1045<\/strong> (-15 for losing)\n|raw|Pokex265's rating: 1133 → 1153<\/strong> (+20 for winning)\n|l|\u2606captaincuba22\n","uploadtime":1682382847,"views":8,"p1id":"captaincuba22","p2id":"pokex265","formatid":"gen9vgc2023regulationc","rating":1045,"private":0,"password":""}