{"id":"gen9vgc2023regulationc-1857970129","p1":"CH4NGE","p2":"ThreeFingerDP","format":"[Gen 9] VGC 2023 Regulation C","log":"|j|\u2606CH4NGE\n|j|\u2606ThreeFingerDP\n|t:|1683253924\n|gametype|doubles\n|player|p1|CH4NGE|lady|1335\n|player|p2|ThreeFingerDP|wallace|1262\n|teamsize|p1|6\n|teamsize|p2|6\n|gen|9\n|tier|[Gen 9] VGC 2023 Regulation C\n|rated|\n|rule|Species Clause: Limit one of each Pok\u00e9mon\n|rule|Item Clause: Limit one of each item\n|clearpoke\n|poke|p1|Flutter Mane, L50|\n|poke|p1|Arcanine, L50, F|\n|poke|p1|Palafin, L50, M|\n|poke|p1|Amoonguss, L50, M|\n|poke|p1|Dragonite, L50, M|\n|poke|p1|Ting-Lu, L50|\n|poke|p2|Wo-Chien, L50|\n|poke|p2|Glimmora, L50, F|\n|poke|p2|Dondozo, L50, M|\n|poke|p2|Tatsugiri, L50, M|\n|poke|p2|Flutter Mane, L50|\n|poke|p2|Chi-Yu, L50|\n|teampreview|4\n|inactive|Battle timer is ON: inactive players will automatically lose when time's up. (requested by ThreeFingerDP)\nCH4NGE has agreed to open team sheets.\nThreeFingerDP has agreed to open team sheets.\n|inactive|CH4NGE has 60 seconds left.\n|\n|t:|1683253967\n|start\n|switch|p1a: Dragonite|Dragonite, L50, M|100\/100\n|switch|p1b: Ting-Lu|Ting-Lu, L50|100\/100\n|switch|p2a: Flutter Mane|Flutter Mane, L50|100\/100\n|switch|p2b: Chi-Yu|Chi-Yu, L50|100\/100\n|-ability|p2b: Chi-Yu|Beads of Ruin\n|-ability|p1b: Ting-Lu|Vessel of Ruin\n|turn|1\n|\n|t:|1683253985\n|-terastallize|p1b: Ting-Lu|Poison\n|move|p2a: Flutter Mane|Dazzling Gleam|p1a: Dragonite|[spread] p1a,p1b\n|-supereffective|p1a: Dragonite\n|-resisted|p1b: Ting-Lu\n|-damage|p1a: Dragonite|64\/100\n|-damage|p1b: Ting-Lu|90\/100\n|move|p2b: Chi-Yu|Dark Pulse|p1a: Dragonite\n|-damage|p1a: Dragonite|13\/100\n|-damage|p2b: Chi-Yu|91\/100|[from] item: Life Orb\n|move|p1a: Dragonite|Tailwind|p1a: Dragonite\n|-sidestart|p1: CH4NGE|move: Tailwind\n|move|p1b: Ting-Lu|Heavy Slam|p2a: Flutter Mane\n|-supereffective|p2a: Flutter Mane\n|-damage|p2a: Flutter Mane|0 fnt\n|faint|p2a: Flutter Mane\n|-end|p2a: Flutter Mane|Protosynthesis|[silent]\n|\n|upkeep\n|\n|t:|1683254000\n|switch|p2a: Wo-Chien|Wo-Chien, L50|100\/100\n|-ability|p2a: Wo-Chien|Tablets of Ruin\n|turn|2\n|inactive|CH4NGE has 30 seconds left.\n|inactive|ThreeFingerDP has 30 seconds left.\n|inactive|CH4NGE has 20 seconds left.\n|\n|t:|1683254038\n|-terastallize|p2b: Chi-Yu|Ghost\n|move|p2a: Wo-Chien|Protect|p2a: Wo-Chien\n|-singleturn|p2a: Wo-Chien|Protect\n|move|p1a: Dragonite|Aerial Ace|p2a: Wo-Chien\n|-activate|p2a: Wo-Chien|move: Protect\n|move|p2b: Chi-Yu|Heat Wave|p1a: Dragonite|[spread] p1a,p1b\n|-resisted|p1a: Dragonite\n|-damage|p1a: Dragonite|0 fnt\n|-damage|p1b: Ting-Lu|68\/100\n|-status|p1b: Ting-Lu|brn\n|faint|p1a: Dragonite\n|-damage|p2b: Chi-Yu|81\/100|[from] item: Life Orb\n|move|p1b: Ting-Lu|Stomping Tantrum|p2b: Chi-Yu\n|-damage|p2b: Chi-Yu|59\/100\n|\n|-damage|p1b: Ting-Lu|62\/100 brn|[from] brn\n|upkeep\n|\n|t:|1683254054\n|switch|p1a: Flutter Mane|Flutter Mane, L50|100\/100\n|turn|3\n|\n|t:|1683254066\n|switch|p1b: Arcanine|Arcanine, L50, F|100\/100\n|-ability|p1b: Arcanine|Intimidate|boost\n|-unboost|p2a: Wo-Chien|atk|1\n|-unboost|p2b: Chi-Yu|atk|1\n|switch|p2a: Glimmora|Glimmora, L50, F|100\/100\n|move|p1a: Flutter Mane|Moonblast|p2a: Glimmora\n|-resisted|p2a: Glimmora\n|-damage|p2a: Glimmora|66\/100\n|move|p2b: Chi-Yu|Dark Pulse|p1a: Flutter Mane\n|-damage|p1a: Flutter Mane|22\/100\n|-damage|p2b: Chi-Yu|49\/100|[from] item: Life Orb\n|\n|upkeep\n|turn|4\n|\n|t:|1683254086\n|move|p2b: Chi-Yu|Protect|p2b: Chi-Yu\n|-singleturn|p2b: Chi-Yu|Protect\n|move|p1a: Flutter Mane|Moonblast|p2a: Glimmora\n|-resisted|p2a: Glimmora\n|-damage|p2a: Glimmora|31\/100\n|move|p1b: Arcanine|Flare Blitz|p2a: Glimmora\n|-resisted|p2a: Glimmora\n|-damage|p2a: Glimmora|7\/100\n|-status|p2a: Glimmora|brn\n|-damage|p1b: Arcanine|93\/100|[from] Recoil\n|move|p2a: Glimmora|Power Gem|p1b: Arcanine\n|-supereffective|p1b: Arcanine\n|-damage|p1b: Arcanine|0 fnt\n|faint|p1b: Arcanine\n|\n|-damage|p2a: Glimmora|1\/100 brn|[from] brn\n|-sideend|p1: CH4NGE|move: Tailwind\n|upkeep\n|\n|t:|1683254095\n|switch|p1b: Ting-Lu|Ting-Lu, L50, tera:Poison|62\/100 brn\n|-ability|p1b: Ting-Lu|Vessel of Ruin\n|turn|5\n|inactive|CH4NGE has 30 seconds left.\n|inactive|ThreeFingerDP has 30 seconds left.\n|\n|t:|1683254130\n|move|p1a: Flutter Mane|Moonblast|p2b: Chi-Yu\n|-damage|p2b: Chi-Yu|0 fnt\n|faint|p2b: Chi-Yu\n|move|p2a: Glimmora|Mortal Spin|p1b: Ting-Lu|[spread] p1a,p1b\n|-resisted|p1b: Ting-Lu\n|-damage|p1a: Flutter Mane|18\/100\n|-damage|p1b: Ting-Lu|61\/100 brn\n|-status|p1a: Flutter Mane|psn\n|move|p1b: Ting-Lu|Stomping Tantrum|p2a: Glimmora\n|-supereffective|p2a: Glimmora\n|-damage|p2a: Glimmora|0 fnt\n|faint|p2a: Glimmora\n|\n|-damage|p1a: Flutter Mane|6\/100 psn|[from] psn\n|-damage|p1b: Ting-Lu|55\/100 brn|[from] brn\n|upkeep\n|\n|t:|1683254140\n|switch|p2b: Wo-Chien|Wo-Chien, L50|100\/100\n|-ability|p2b: Wo-Chien|Tablets of Ruin\n|turn|6\n|\n|t:|1683254148\n|move|p2b: Wo-Chien|Protect|p2b: Wo-Chien\n|-singleturn|p2b: Wo-Chien|Protect\n|move|p1a: Flutter Mane|Moonblast|p2b: Wo-Chien\n|-activate|p2b: Wo-Chien|move: Protect\n|move|p1b: Ting-Lu|Ruination|p2b: Wo-Chien\n|-activate|p2b: Wo-Chien|move: Protect\n|\n|-damage|p1a: Flutter Mane|0 fnt|[from] psn\n|faint|p1a: Flutter Mane\n|-end|p1a: Flutter Mane|Protosynthesis|[silent]\n|-damage|p1b: Ting-Lu|49\/100 brn|[from] brn\n|upkeep\n|turn|7\n|\n|t:|1683254157\n|move|p2b: Wo-Chien|Leech Seed|p1b: Ting-Lu\n|-start|p1b: Ting-Lu|move: Leech Seed\n|move|p1b: Ting-Lu|Ruination|p2b: Wo-Chien\n|-damage|p2b: Wo-Chien|50\/100\n|\n|-heal|p2b: Wo-Chien|57\/100|[from] item: Leftovers\n|-damage|p1b: Ting-Lu|37\/100 brn|[from] Leech Seed|[of] p2b: Wo-Chien\n|-heal|p2b: Wo-Chien|72\/100|[silent]\n|-damage|p1b: Ting-Lu|31\/100 brn|[from] brn\n|upkeep\n|turn|8\n|-message|CH4NGE forfeited.\n|\n|win|ThreeFingerDP\n|raw|CH4NGE's rating: 1335 → 1311<\/strong> (-24 for losing)\n|raw|ThreeFingerDP's rating: 1262 → 1292<\/strong> (+30 for winning)\n","uploadtime":1683254165,"views":7,"p1id":"ch4nge","p2id":"threefingerdp","formatid":"gen9vgc2023regulationc","rating":1292,"private":0,"password":""}