{"id":"gen9vgc2023regulationc-1852351400","p1":"WillieDangerously","p2":"almo5000","format":"[Gen 9] VGC 2023 Regulation C","log":"|j|\u2606WillieDangerously\n|j|\u2606almo5000\n|t:|1682547082\n|gametype|doubles\n|player|p1|WillieDangerously|psychic-gen4|1399\n|player|p2|almo5000|cynthia|1384\n|teamsize|p1|6\n|teamsize|p2|6\n|gen|9\n|tier|[Gen 9] VGC 2023 Regulation C\n|rated|\n|rule|Species Clause: Limit one of each Pok\u00e9mon\n|rule|Item Clause: Limit one of each item\n|clearpoke\n|poke|p1|Espathra, L50, M|\n|poke|p1|Iron Bundle, L50|\n|poke|p1|Iron Valiant, L50|\n|poke|p1|Salamence, L50, M|\n|poke|p1|Scizor, L50, M|\n|poke|p1|Sandy Shocks, L50|\n|poke|p2|Iron Hands, L50|\n|poke|p2|Amoonguss, L50, F|\n|poke|p2|Flutter Mane, L50|\n|poke|p2|Arcanine, L50, M|\n|poke|p2|Ting-Lu, L50|\n|poke|p2|Baxcalibur, L50, F|\n|teampreview|4\n|\n|t:|1682547106\n|start\n|switch|p1a: Sandy Shocks|Sandy Shocks, L50|100\/100\n|switch|p1b: Espathra|Espathra, L50, M|100\/100\n|switch|p2a: Iron Hands|Iron Hands, L50|100\/100\n|switch|p2b: Arcanine|Arcanine, L50, M|100\/100\n|-ability|p2b: Arcanine|Intimidate|boost\n|-unboost|p1a: Sandy Shocks|atk|1\n|-unboost|p1b: Espathra|atk|1\n|-enditem|p1a: Sandy Shocks|Booster Energy\n|-activate|p1a: Sandy Shocks|ability: Protosynthesis|[fromitem]\n|-start|p1a: Sandy Shocks|protosynthesisspe\n|turn|1\n|\n|t:|1682547126\n|-terastallize|p1a: Sandy Shocks|Ghost\n|move|p2a: Iron Hands|Fake Out|p1b: Espathra\n|-damage|p1b: Espathra|78\/100\n|move|p1a: Sandy Shocks|Gravity|p1a: Sandy Shocks\n|-fieldstart|move: Gravity\n|move|p1b: Espathra|Hypnosis|p2b: Arcanine\n|-status|p2b: Arcanine|slp|[from] move: Hypnosis\n|cant|p2b: Arcanine|slp\n|\n|-ability|p1b: Espathra|Speed Boost|boost\n|-boost|p1b: Espathra|spe|1\n|upkeep\n|turn|2\n|\n|t:|1682547146\n|switch|p2b: Baxcalibur|Baxcalibur, L50, F|100\/100\n|move|p1b: Espathra|Lumina Crash|p2a: Iron Hands\n|-supereffective|p2a: Iron Hands\n|-damage|p2a: Iron Hands|59\/100\n|-unboost|p2a: Iron Hands|spd|2\n|move|p1a: Sandy Shocks|Earth Power|p2a: Iron Hands\n|-supereffective|p2a: Iron Hands\n|-damage|p2a: Iron Hands|0 fnt\n|faint|p2a: Iron Hands\n|-end|p2a: Iron Hands|Quark Drive|[silent]\n|\n|-ability|p1b: Espathra|Speed Boost|boost\n|-boost|p1b: Espathra|spe|1\n|upkeep\n|\n|t:|1682547159\n|switch|p2a: Ting-Lu|Ting-Lu, L50|100\/100\n|-ability|p2a: Ting-Lu|Vessel of Ruin\n|turn|3\n|\n|t:|1682547181\n|move|p1b: Espathra|Hypnosis|p2a: Ting-Lu\n|-status|p2a: Ting-Lu|slp|[from] move: Hypnosis\n|move|p1a: Sandy Shocks|Earth Power|p2b: Baxcalibur\n|-damage|p2b: Baxcalibur|65\/100\n|move|p2b: Baxcalibur|Glaive Rush|p1a: Sandy Shocks\n|-damage|p1a: Sandy Shocks|17\/100\n|-singlemove|p2b: Baxcalibur|Glaive Rush|[silent]\n|cant|p2a: Ting-Lu|slp\n|\n|-ability|p1b: Espathra|Speed Boost|boost\n|-boost|p1b: Espathra|spe|1\n|upkeep\n|turn|4\n|\n|t:|1682547200\n|-end|p1a: Sandy Shocks|Protosynthesis|[silent]\n|switch|p1a: Scizor|Scizor, L50, M|100\/100\n|move|p2b: Baxcalibur|Ice Shard|p1a: Scizor\n|-resisted|p1a: Scizor\n|-damage|p1a: Scizor|87\/100\n|move|p1b: Espathra|Hypnosis|p2b: Baxcalibur\n|-status|p2b: Baxcalibur|slp|[from] move: Hypnosis\n|-curestatus|p2a: Ting-Lu|slp|[msg]\n|move|p2a: Ting-Lu|Heavy Slam|p1b: Espathra\n|-damage|p1b: Espathra|21\/100\n|\n|-ability|p1b: Espathra|Speed Boost|boost\n|-boost|p1b: Espathra|spe|1\n|upkeep\n|turn|5\n|\n|t:|1682547219\n|move|p2a: Ting-Lu|Protect|p2a: Ting-Lu\n|-singleturn|p2a: Ting-Lu|Protect\n|cant|p2b: Baxcalibur|slp\n|move|p1b: Espathra|Hypnosis|p2a: Ting-Lu\n|-activate|p2a: Ting-Lu|move: Protect\n|move|p1a: Scizor|Swords Dance|p1a: Scizor\n|-boost|p1a: Scizor|atk|2\n|\n|-fieldend|move: Gravity\n|-ability|p1b: Espathra|Speed Boost|boost\n|-boost|p1b: Espathra|spe|1\n|upkeep\n|turn|6\n|\n|t:|1682547234\n|move|p1b: Espathra|Lumina Crash|p2b: Baxcalibur\n|-damage|p2b: Baxcalibur|40\/100 slp\n|cant|p2b: Baxcalibur|slp\n|move|p1a: Scizor|Pounce|p2a: Ting-Lu\n|-supereffective|p2a: Ting-Lu\n|-damage|p2a: Ting-Lu|10\/100\n|-unboost|p2a: Ting-Lu|spe|1\n|-enditem|p2a: Ting-Lu|Sitrus Berry|[eat]\n|-heal|p2a: Ting-Lu|35\/100|[from] item: Sitrus Berry\n|move|p2a: Ting-Lu|Heavy Slam|p1b: Espathra\n|-damage|p1b: Espathra|0 fnt\n|faint|p1b: Espathra\n|\n|upkeep\n|\n|t:|1682547249\n|switch|p1b: Iron Bundle|Iron Bundle, L50|100\/100\n|turn|7\n|\n|t:|1682547259\n|move|p2a: Ting-Lu|Protect|p2a: Ting-Lu\n|-singleturn|p2a: Ting-Lu|Protect\n|move|p1a: Scizor|Bullet Punch|p2b: Baxcalibur\n|-supereffective|p2b: Baxcalibur\n|-damage|p2b: Baxcalibur|0 fnt\n|faint|p2b: Baxcalibur\n|move|p1b: Iron Bundle|Hydro Pump|p2a: Ting-Lu\n|-activate|p2a: Ting-Lu|move: Protect\n|\n|upkeep\n|\n|t:|1682547267\n|switch|p2b: Arcanine|Arcanine, L50, M|100\/100 slp\n|-ability|p2b: Arcanine|Intimidate|boost\n|-unboost|p1a: Scizor|atk|1\n|-fail|p1b: Iron Bundle|unboost|[from] item: Clear Amulet|[of] p1b: Iron Bundle\n|turn|8\n|\n|t:|1682547290\n|-end|p1b: Iron Bundle|Quark Drive|[silent]\n|switch|p1b: Sandy Shocks|Sandy Shocks, L50, tera:Ghost|17\/100\n|-terastallize|p2b: Arcanine|Water\n|-curestatus|p2b: Arcanine|slp|[msg]\n|move|p2b: Arcanine|Flare Blitz|p1a: Scizor\n|-supereffective|p1a: Scizor\n|-damage|p1a: Scizor|0 fnt\n|faint|p1a: Scizor\n|-damage|p2b: Arcanine|76\/100|[from] Recoil\n|move|p2a: Ting-Lu|Stomping Tantrum|p1b: Sandy Shocks\n|-damage|p1b: Sandy Shocks|0 fnt\n|faint|p1b: Sandy Shocks\n|-end|p1b: Sandy Shocks|Protosynthesis|[silent]\n|\n|upkeep\n|\n|t:|1682547303\n|switch|p1b: Iron Bundle|Iron Bundle, L50|100\/100\n|turn|9\n|\n|t:|1682547309\n|move|p2b: Arcanine|Extreme Speed|p1b: Iron Bundle\n|-damage|p1b: Iron Bundle|71\/100\n|move|p1b: Iron Bundle|Hydro Pump|p2a: Ting-Lu|[miss]\n|-miss|p1b: Iron Bundle|p2a: Ting-Lu\n|move|p2a: Ting-Lu|Heavy Slam|p1b: Iron Bundle\n|-damage|p1b: Iron Bundle|23\/100\n|\n|upkeep\n|turn|10\n|-message|WillieDangerously forfeited.\n|\n|win|almo5000\n|raw|WillieDangerously's rating: 1399 → 1378<\/strong> (-21 for losing)\n|raw|almo5000's rating: 1384 → 1405<\/strong> (+21 for winning)\n","uploadtime":1682547319,"views":6,"p1id":"williedangerously","p2id":"almo5000","formatid":"gen9vgc2023regulationc","rating":1378,"private":0,"password":""}