{"id":"gen9vgc2023regulationc-1856594529","p1":"meattbone","p2":"WheresWally2241","format":"[Gen 9] VGC 2023 Regulation C","log":"|j|\u2606meattbone\n|j|\u2606WheresWally2241\n|t:|1683080075\n|gametype|doubles\n|player|p1|meattbone|170|1173\n|player|p2|WheresWally2241|lucas-gen4pt|1258\n|teamsize|p1|6\n|teamsize|p2|6\n|gen|9\n|tier|[Gen 9] VGC 2023 Regulation C\n|rated|\n|rule|Species Clause: Limit one of each Pok\u00e9mon\n|rule|Item Clause: Limit one of each item\n|clearpoke\n|poke|p1|Talonflame, L50, M|\n|poke|p1|Garchomp, L50, M|\n|poke|p1|Gyarados, L50, F|\n|poke|p1|Chi-Yu, L50|\n|poke|p1|Flutter Mane, L50|\n|poke|p1|Kingambit, L50, F|\n|poke|p2|Mudsdale, L50, M|\n|poke|p2|Grimmsnarl, L50, M|\n|poke|p2|Arcanine, L50, M|\n|poke|p2|Annihilape, L50, M|\n|poke|p2|Gastrodon, L50, F|\n|poke|p2|Rotom-Wash, L50|\n|teampreview|4\nmeattbone has agreed to open team sheets.\n|inactive|Battle timer is ON: inactive players will automatically lose when time's up. (requested by meattbone)\n|\n|t:|1683080112\n|start\n|switch|p1a: Kingambit|Kingambit, L50, F|100\/100\n|switch|p1b: Flutter Mane|Flutter Mane, L50|100\/100\n|switch|p2a: Mudsdale|Mudsdale, L50, M|100\/100\n|switch|p2b: Grimmsnarl|Grimmsnarl, L50, M|100\/100\n|turn|1\n|\n|t:|1683080123\n|-terastallize|p1a: Kingambit|Flying\n|move|p2b: Grimmsnarl|Light Screen|p2b: Grimmsnarl\n|-sidestart|p2: WheresWally2241|move: Light Screen\n|move|p1b: Flutter Mane|Dazzling Gleam|p2b: Grimmsnarl|[spread] p2a,p2b\n|-supereffective|p2b: Grimmsnarl\n|-damage|p2a: Mudsdale|78\/100\n|-damage|p2b: Grimmsnarl|49\/100\n|-ability|p2a: Mudsdale|Stamina|boost\n|-boost|p2a: Mudsdale|def|1\n|move|p1a: Kingambit|Iron Head|p2b: Grimmsnarl\n|-supereffective|p2b: Grimmsnarl\n|-damage|p2b: Grimmsnarl|0 fnt\n|faint|p2b: Grimmsnarl\n|move|p2a: Mudsdale|Heavy Slam|p1b: Flutter Mane\n|-supereffective|p1b: Flutter Mane\n|-damage|p1b: Flutter Mane|0 fnt\n|faint|p1b: Flutter Mane\n|-end|p1b: Flutter Mane|Protosynthesis|[silent]\n|\n|upkeep\n|\n|t:|1683080146\n|switch|p1b: Talonflame|Talonflame, L50, M|100\/100\n|switch|p2b: Rotom|Rotom-Wash, L50|100\/100\n|turn|2\n|inactive|meattbone has 30 seconds left.\n|inactive|meattbone has 20 seconds left.\n|inactive|meattbone has 15 seconds left.\n|\n|t:|1683080187\n|move|p1a: Kingambit|Sucker Punch|p2b: Rotom\n|-damage|p2b: Rotom|45\/100\n|move|p1b: Talonflame|Will-O-Wisp|p2a: Mudsdale\n|-status|p2a: Mudsdale|brn\n|move|p2b: Rotom|Discharge|p1b: Talonflame|[spread] p1a,p1b\n|-immune|p2a: Mudsdale\n|-supereffective|p1a: Kingambit\n|-supereffective|p1b: Talonflame\n|-damage|p1a: Kingambit|65\/100\n|-damage|p1b: Talonflame|29\/100\n|move|p2a: Mudsdale|Rock Slide|p1b: Talonflame|[spread] p1a,p1b\n|-supereffective|p1a: Kingambit\n|-supereffective|p1b: Talonflame\n|-damage|p1a: Kingambit|50\/100\n|-damage|p1b: Talonflame|0 fnt\n|faint|p1b: Talonflame\n|\n|-damage|p2a: Mudsdale|72\/100 brn|[from] brn\n|upkeep\n|\n|t:|1683080202\n|switch|p1b: Chi-Yu|Chi-Yu, L50|100\/100\n|-ability|p1b: Chi-Yu|Beads of Ruin\n|turn|3\n|inactive|meattbone has 30 seconds left.\n|\n|t:|1683080231\n|move|p2b: Rotom|Helping Hand|p2a: Mudsdale\n|-singleturn|p2a: Mudsdale|Helping Hand|[of] p2b: Rotom\n|move|p1a: Kingambit|Sucker Punch||[still]\n|-fail|p1a: Kingambit\n|move|p1b: Chi-Yu|Dark Pulse|p2a: Mudsdale\n|-damage|p2a: Mudsdale|51\/100 brn\n|-ability|p2a: Mudsdale|Stamina|boost\n|-boost|p2a: Mudsdale|def|1\n|move|p2a: Mudsdale|Rock Slide|p1a: Kingambit|[spread] p1a,p1b\n|-supereffective|p1a: Kingambit\n|-supereffective|p1b: Chi-Yu\n|-crit|p1b: Chi-Yu\n|-damage|p1a: Kingambit|28\/100\n|-damage|p1b: Chi-Yu|60\/100\n|\n|-damage|p2a: Mudsdale|45\/100 brn|[from] brn\n|upkeep\n|turn|4\n|inactive|meattbone has 30 seconds left.\n|\n|t:|1683080261\n|move|p1a: Kingambit|Sucker Punch|p2b: Rotom\n|-crit|p2b: Rotom\n|-damage|p2b: Rotom|0 fnt\n|faint|p2b: Rotom\n|move|p1b: Chi-Yu|Dark Pulse|p2a: Mudsdale\n|-damage|p2a: Mudsdale|23\/100 brn\n|-ability|p2a: Mudsdale|Stamina|boost\n|-boost|p2a: Mudsdale|def|1\n|cant|p2a: Mudsdale|flinch\n|\n|-damage|p2a: Mudsdale|17\/100 brn|[from] brn\n|upkeep\n|\n|t:|1683080265\n|switch|p2b: Annihilape|Annihilape, L50, M|100\/100\n|turn|5\n|\n|t:|1683080285\n|move|p1b: Chi-Yu|Flamethrower|p2b: Annihilape\n|-damage|p2b: Annihilape|71\/100\n|-status|p2b: Annihilape|brn\n|-enditem|p2b: Annihilape|Lum Berry|[eat]\n|-curestatus|p2b: Annihilape|brn|[msg]\n|move|p2b: Annihilape|Drain Punch|p1b: Chi-Yu\n|-supereffective|p1b: Chi-Yu\n|-damage|p1b: Chi-Yu|0 fnt\n|-heal|p2b: Annihilape|93\/100|[from] drain|[of] p1b: Chi-Yu\n|faint|p1b: Chi-Yu\n|move|p1a: Kingambit|Tera Blast|p2b: Annihilape\n|-supereffective|p2b: Annihilape\n|-damage|p2b: Annihilape|0 fnt\n|faint|p2b: Annihilape\n|move|p2a: Mudsdale|Rock Slide|p1a: Kingambit|[miss]\n|-miss|p2a: Mudsdale|p1a: Kingambit\n|\n|-damage|p2a: Mudsdale|11\/100 brn|[from] brn\n|upkeep\n|turn|6\n|\n|t:|1683080310\n|move|p1a: Kingambit|Sucker Punch|p2a: Mudsdale\n|-damage|p2a: Mudsdale|0 fnt\n|faint|p2a: Mudsdale\n|\n|win|meattbone\n|raw|meattbone's rating: 1173 → 1204<\/strong> (+31 for winning)\n|raw|WheresWally2241's rating: 1258 → 1227<\/strong> (-31 for losing)\n|l|\u2606WheresWally2241\n|c|\u2606meattbone|gg\n","uploadtime":1683080321,"views":16,"p1id":"meattbone","p2id":"whereswally2241","formatid":"gen9vgc2023regulationc","rating":1204,"private":0,"password":""}