{"id":"gen9vgc2023regulationc-1850805382","p1":"Laithani","p2":"WooTang104","format":"[Gen 9] VGC 2023 Regulation C","log":"|j|\u2606Laithani\n|j|\u2606WooTang104\n|t:|1682369506\n|gametype|doubles\n|player|p1|Laithani|bellelba|1157\n|player|p2|WooTang104|backpacker|1077\n|teamsize|p1|6\n|teamsize|p2|6\n|gen|9\n|tier|[Gen 9] VGC 2023 Regulation C\n|rated|\n|rule|Species Clause: Limit one of each Pok\u00e9mon\n|rule|Item Clause: Limit one of each item\n|clearpoke\n|poke|p1|Goodra, L50, F|\n|poke|p1|Vaporeon, L50, M|\n|poke|p1|Arcanine, L50, M|\n|poke|p1|Toxapex, L50, F|\n|poke|p1|Tyranitar, L50, M|\n|poke|p1|Lycanroc, L50, F|\n|poke|p2|Iron Bundle, L50|\n|poke|p2|Arcanine, L50, F|\n|poke|p2|Ting-Lu, L50|\n|poke|p2|Annihilape, L50, M|\n|poke|p2|Flutter Mane, L50|\n|poke|p2|Palafin, L50, M|\n|teampreview|4\n|inactive|Battle timer is ON: inactive players will automatically lose when time's up. (requested by WooTang104)\n|\n|t:|1682369520\n|start\n|switch|p1a: Tyranitar|Tyranitar, L50, M|100\/100\n|switch|p1b: Arcanine|Arcanine, L50, M|100\/100\n|switch|p2a: Iron Bundle|Iron Bundle, L50|100\/100\n|switch|p2b: Palafin|Palafin, L50, M|100\/100\n|-ability|p1b: Arcanine|Intimidate|boost\n|-unboost|p2a: Iron Bundle|atk|1\n|-unboost|p2b: Palafin|atk|1\n|-weather|Sandstorm|[from] ability: Sand Stream|[of] p1a: Tyranitar\n|-enditem|p2a: Iron Bundle|Booster Energy\n|-activate|p2a: Iron Bundle|ability: Quark Drive|[fromitem]\n|-start|p2a: Iron Bundle|quarkdrivespe\n|turn|1\n|inactive|Laithani has 30 seconds left.\n|inactive|WooTang104 has 30 seconds left.\n|\n|t:|1682369548\n|switch|p1a: Toxapex|Toxapex, L50, F|100\/100\n|move|p1b: Arcanine|Protect|p1b: Arcanine\n|-singleturn|p1b: Arcanine|Protect\n|move|p2a: Iron Bundle|Hydro Pump|p1b: Arcanine\n|-activate|p1b: Arcanine|move: Protect\n|move|p2b: Palafin|Flip Turn|p1a: Toxapex\n|-resisted|p1a: Toxapex\n|-damage|p1a: Toxapex|95\/100\n|\n|t:|1682369564\n|detailschange|p2b: Palafin|Palafin-Hero, L50, M\n|switch|p2b: Annihilape|Annihilape, L50, M|100\/100|[from] Flip Turn\n|\n|-weather|Sandstorm|[upkeep]\n|-damage|p2a: Iron Bundle|94\/100|[from] Sandstorm\n|-damage|p2b: Annihilape|95\/100|[from] Sandstorm\n|-damage|p1a: Toxapex|89\/100|[from] Sandstorm\n|-heal|p2b: Annihilape|100\/100|[from] item: Leftovers\n|-heal|p1a: Toxapex|95\/100|[from] item: Leftovers\n|upkeep\n|turn|2\n|inactive|Laithani has 30 seconds left.\n|\n|t:|1682369596\n|move|p1b: Arcanine|Extreme Speed|p2a: Iron Bundle\n|-damage|p2a: Iron Bundle|61\/100\n|move|p2a: Iron Bundle|Hydro Pump|p1b: Arcanine\n|-supereffective|p1b: Arcanine\n|-damage|p1b: Arcanine|0 fnt\n|faint|p1b: Arcanine\n|move|p2b: Annihilape|Bulk Up|p2b: Annihilape\n|-boost|p2b: Annihilape|atk|1\n|-boost|p2b: Annihilape|def|1\n|move|p1a: Toxapex|Toxic|p2b: Annihilape\n|-status|p2b: Annihilape|tox\n|\n|-weather|Sandstorm|[upkeep]\n|-damage|p2a: Iron Bundle|55\/100|[from] Sandstorm\n|-damage|p2b: Annihilape|95\/100 tox|[from] Sandstorm\n|-damage|p1a: Toxapex|89\/100|[from] Sandstorm\n|-heal|p2b: Annihilape|100\/100 tox|[from] item: Leftovers\n|-heal|p1a: Toxapex|95\/100|[from] item: Leftovers\n|-damage|p2b: Annihilape|95\/100 tox|[from] psn\n|upkeep\n|\n|t:|1682369612\n|switch|p1b: Tyranitar|Tyranitar, L50, M|100\/100\n|turn|3\n|\n|t:|1682369625\n|move|p1b: Tyranitar|Protect|p1b: Tyranitar\n|-singleturn|p1b: Tyranitar|Protect\n|move|p1a: Toxapex|Baneful Bunker|p1a: Toxapex\n|-singleturn|p1a: Toxapex|move: Protect\n|move|p2a: Iron Bundle|Freeze-Dry|p1a: Toxapex\n|-activate|p1a: Toxapex|move: Protect\n|move|p2b: Annihilape|Drain Punch|p1b: Tyranitar\n|-activate|p1b: Tyranitar|move: Protect\n|\n|-weather|Sandstorm|[upkeep]\n|-damage|p2a: Iron Bundle|49\/100|[from] Sandstorm\n|-damage|p2b: Annihilape|89\/100 tox|[from] Sandstorm\n|-damage|p1a: Toxapex|89\/100|[from] Sandstorm\n|-heal|p2b: Annihilape|95\/100 tox|[from] item: Leftovers\n|-heal|p1a: Toxapex|95\/100|[from] item: Leftovers\n|-damage|p2b: Annihilape|83\/100 tox|[from] psn\n|upkeep\n|turn|4\n|\n|t:|1682369650\n|-terastallize|p1b: Tyranitar|Flying\n|move|p2a: Iron Bundle|Freeze-Dry|p1a: Toxapex\n|-supereffective|p1a: Toxapex\n|-damage|p1a: Toxapex|41\/100\n|move|p2b: Annihilape|Drain Punch|p1b: Tyranitar\n|-resisted|p1b: Tyranitar\n|-damage|p1b: Tyranitar|75\/100\n|-heal|p2b: Annihilape|95\/100 tox|[from] drain|[of] p1b: Tyranitar\n|move|p1b: Tyranitar|Tera Blast|p2b: Annihilape\n|-supereffective|p2b: Annihilape\n|-damage|p2b: Annihilape|30\/100 tox\n|move|p1a: Toxapex|Recover|p1a: Toxapex\n|-heal|p1a: Toxapex|92\/100\n|\n|-weather|Sandstorm|[upkeep]\n|-damage|p2a: Iron Bundle|42\/100|[from] Sandstorm\n|-damage|p2b: Annihilape|24\/100 tox|[from] Sandstorm\n|-damage|p1b: Tyranitar|69\/100|[from] Sandstorm\n|-damage|p1a: Toxapex|86\/100|[from] Sandstorm\n|-heal|p2b: Annihilape|30\/100 tox|[from] item: Leftovers\n|-heal|p1a: Toxapex|92\/100|[from] item: Leftovers\n|-damage|p2b: Annihilape|12\/100 tox|[from] psn\n|upkeep\n|turn|5\n|inactive|WooTang104 has 30 seconds left.\n|\n|t:|1682369683\n|-terastallize|p2a: Iron Bundle|Ice\n|move|p1b: Tyranitar|Protect|p1b: Tyranitar\n|-singleturn|p1b: Tyranitar|Protect\n|move|p1a: Toxapex|Baneful Bunker|p1a: Toxapex\n|-singleturn|p1a: Toxapex|move: Protect\n|move|p2a: Iron Bundle|Freeze-Dry|p1a: Toxapex\n|-activate|p1a: Toxapex|move: Protect\n|move|p2b: Annihilape|Rage Fist|p1b: Tyranitar\n|-activate|p1b: Tyranitar|move: Protect\n|\n|-weather|none\n|-heal|p2b: Annihilape|18\/100 tox|[from] item: Leftovers\n|-heal|p1a: Toxapex|97\/100|[from] item: Leftovers\n|-damage|p2b: Annihilape|0 fnt|[from] psn\n|faint|p2b: Annihilape\n|upkeep\n|\n|t:|1682369695\n|switch|p2b: Arcanine|Arcanine, L50, F|100\/100\n|-ability|p2b: Arcanine|Intimidate|boost\n|-unboost|p1a: Toxapex|atk|1\n|-fail|p1b: Tyranitar|unboost|[from] item: Clear Amulet|[of] p1b: Tyranitar\n|turn|6\n|\n|t:|1682369718\n|move|p2b: Arcanine|Extreme Speed|p1b: Tyranitar\n|-damage|p1b: Tyranitar|46\/100\n|move|p2a: Iron Bundle|Freeze-Dry|p1a: Toxapex\n|-supereffective|p1a: Toxapex\n|-damage|p1a: Toxapex|26\/100\n|-status|p1a: Toxapex|frz\n|move|p1b: Tyranitar|Rock Slide|p2b: Arcanine|[spread] p2a,p2b\n|-supereffective|p2a: Iron Bundle\n|-supereffective|p2b: Arcanine\n|-damage|p2a: Iron Bundle|0 fnt\n|-damage|p2b: Arcanine|17\/100\n|faint|p2a: Iron Bundle\n|-end|p2a: Iron Bundle|Quark Drive|[silent]\n|cant|p1a: Toxapex|frz\n|\n|-heal|p1a: Toxapex|32\/100 frz|[from] item: Leftovers\n|upkeep\n|\n|t:|1682369729\n|switch|p2a: Palafin|Palafin-Hero, L50, M|100\/100\n|-activate|p2a: Palafin|ability: Zero to Hero\n|turn|7\n|\n|t:|1682369753\n|switch|p1b: Lycanroc|Lycanroc, L50, F|100\/100\n|move|p2b: Arcanine|Extreme Speed|p1a: Toxapex\n|-damage|p1a: Toxapex|13\/100 frz\n|move|p2a: Palafin|Wave Crash|p1b: Lycanroc\n|-supereffective|p1b: Lycanroc\n|-enditem|p1b: Lycanroc|Focus Sash\n|-damage|p1b: Lycanroc|1\/100\n|-damage|p2a: Palafin|72\/100|[from] Recoil\n|-curestatus|p1a: Toxapex|frz|[msg]\n|move|p1a: Toxapex|Recover|p1a: Toxapex\n|-heal|p1a: Toxapex|64\/100\n|\n|-heal|p1a: Toxapex|69\/100|[from] item: Leftovers\n|upkeep\n|turn|8\n|\n|t:|1682369777\n|switch|p1b: Tyranitar|Tyranitar, L50, M, tera:Flying|46\/100\n|-weather|Sandstorm|[from] ability: Sand Stream|[of] p1b: Tyranitar\n|move|p2a: Palafin|Jet Punch|p1b: Tyranitar\n|-damage|p1b: Tyranitar|9\/100\n|move|p2b: Arcanine|Will-O-Wisp|p1a: Toxapex|[miss]\n|-miss|p2b: Arcanine|p1a: Toxapex\n|move|p1a: Toxapex|Liquidation|p2b: Arcanine\n|-supereffective|p2b: Arcanine\n|-damage|p2b: Arcanine|0 fnt\n|faint|p2b: Arcanine\n|\n|-weather|Sandstorm|[upkeep]\n|-damage|p2a: Palafin|66\/100|[from] Sandstorm\n|-damage|p1b: Tyranitar|3\/100|[from] Sandstorm\n|-damage|p1a: Toxapex|64\/100|[from] Sandstorm\n|-heal|p1a: Toxapex|69\/100|[from] item: Leftovers\n|upkeep\n|turn|9\n|\n|t:|1682369794\n|move|p1b: Tyranitar|Protect|p1b: Tyranitar\n|-singleturn|p1b: Tyranitar|Protect\n|move|p2a: Palafin|Jet Punch|p1b: Tyranitar\n|-activate|p1b: Tyranitar|move: Protect\n|move|p1a: Toxapex|Toxic|p2a: Palafin\n|-status|p2a: Palafin|tox\n|\n|-weather|Sandstorm|[upkeep]\n|-damage|p2a: Palafin|60\/100 tox|[from] Sandstorm\n|-damage|p1b: Tyranitar|0 fnt|[from] Sandstorm\n|-damage|p1a: Toxapex|64\/100|[from] Sandstorm\n|faint|p1b: Tyranitar\n|-heal|p1a: Toxapex|69\/100|[from] item: Leftovers\n|-damage|p2a: Palafin|55\/100 tox|[from] psn\n|upkeep\n|\n|t:|1682369806\n|switch|p1b: Lycanroc|Lycanroc, L50, F|1\/100\n|turn|10\n|\n|t:|1682369813\n|move|p1b: Lycanroc|Accelerock|p2a: Palafin\n|-damage|p2a: Palafin|30\/100 tox\n|move|p2a: Palafin|Jet Punch|p1b: Lycanroc\n|-supereffective|p1b: Lycanroc\n|-damage|p1b: Lycanroc|0 fnt\n|faint|p1b: Lycanroc\n|move|p1a: Toxapex|Liquidation|p2a: Palafin\n|-resisted|p2a: Palafin\n|-damage|p2a: Palafin|23\/100 tox\n|-unboost|p2a: Palafin|def|1\n|\n|-weather|Sandstorm|[upkeep]\n|-damage|p2a: Palafin|18\/100 tox|[from] Sandstorm\n|-damage|p1a: Toxapex|64\/100|[from] Sandstorm\n|-heal|p1a: Toxapex|69\/100|[from] item: Leftovers\n|-damage|p2a: Palafin|6\/100 tox|[from] psn\n|upkeep\n|turn|11\n|\n|t:|1682369827\n|move|p1a: Toxapex|Baneful Bunker|p1a: Toxapex\n|-singleturn|p1a: Toxapex|move: Protect\n|move|p2a: Palafin|Wave Crash|p1a: Toxapex\n|-activate|p1a: Toxapex|move: Protect\n|\n|-weather|Sandstorm|[upkeep]\n|-damage|p2a: Palafin|0 fnt|[from] Sandstorm\n|-damage|p1a: Toxapex|64\/100|[from] Sandstorm\n|faint|p2a: Palafin\n|\n|win|Laithani\n|upkeep\n|raw|Laithani's rating: 1157 → 1176<\/strong> (+19 for winning)\n|raw|WooTang104's rating: 1077 → 1060<\/strong> (-17 for losing)\n|c|\u2606Laithani|gg\n|l|\u2606WooTang104\n","uploadtime":1682370049,"views":17,"p1id":"laithani","p2id":"wootang104","formatid":"gen9vgc2023regulationc","rating":1060,"private":0,"password":""}