{"id":"gen9vgc2023regulationc-1845922840","p1":"zjsmol","p2":"addyson789","format":"[Gen 9] VGC 2023 Regulation C","log":"|j|\u2606zjsmol\n|j|\u2606addyson789\n|t:|1681779667\n|gametype|doubles\n|player|p1|zjsmol|102|1215\n|player|p2|addyson789|ninjaboy|1299\n|teamsize|p1|6\n|teamsize|p2|6\n|gen|9\n|tier|[Gen 9] VGC 2023 Regulation C\n|rated|\n|rule|Species Clause: Limit one of each Pok\u00e9mon\n|rule|Item Clause: Limit one of each item\n|clearpoke\n|poke|p1|Annihilape, L50, F|\n|poke|p1|Chien-Pao, L50|\n|poke|p1|Flutter Mane, L50|\n|poke|p1|Maushold, L50|\n|poke|p1|Scizor, L50, F|\n|poke|p1|Arcanine, L50, F|\n|poke|p2|Flutter Mane, L50|\n|poke|p2|Kingambit, L50, M|\n|poke|p2|Garchomp, L50, M|\n|poke|p2|Chien-Pao, L50|\n|poke|p2|Dragonite, L50, M|\n|poke|p2|Gyarados, L50, F|\n|teampreview|4\nzjsmol has agreed to open team sheets.\n|inactive|Battle timer is ON: inactive players will automatically lose when time's up. (requested by zjsmol)\naddyson789 has agreed to open team sheets.\n|inactive|zjsmol has 60 seconds left.\n|inactive|addyson789 has 60 seconds left.\n|\n|t:|1681779714\n|start\n|switch|p1a: Bill Cipher|Chien-Pao, L50|100\/100\n|switch|p1b: Wendy|Flutter Mane, L50|100\/100\n|switch|p2a: Kingambit|Kingambit, L50, M|100\/100\n|switch|p2b: Garchomp|Garchomp, L50, M, shiny|100\/100\n|-ability|p1a: Bill Cipher|Sword of Ruin\n|-enditem|p1b: Wendy|Booster Energy\n|-activate|p1b: Wendy|ability: Protosynthesis|[fromitem]\n|-start|p1b: Wendy|protosynthesisspa\n|turn|1\n|\n|t:|1681779734\n|-terastallize|p2b: Garchomp|Ground\n|move|p1b: Wendy|Protect|p1b: Wendy\n|-singleturn|p1b: Wendy|Protect\n|move|p2a: Kingambit|Sucker Punch||[still]\n|-fail|p2a: Kingambit\n|move|p1a: Bill Cipher|Ice Spinner|p2b: Garchomp\n|-supereffective|p2b: Garchomp\n|-damage|p2b: Garchomp|0 fnt\n|-damage|p1a: Bill Cipher|88\/100|[from] ability: Rough Skin|[of] p2b: Garchomp\n|faint|p2b: Garchomp\n|\n|upkeep\n|\n|t:|1681779747\n|switch|p2b: Chien-Pao|Chien-Pao, L50|100\/100\n|-ability|p2b: Chien-Pao|Sword of Ruin\n|turn|2\n|\n|t:|1681779762\n|-end|p1b: Wendy|Protosynthesis|[silent]\n|switch|p1b: Arcanine|Arcanine, L50, F|100\/100\n|-ability|p1b: Arcanine|Intimidate|boost\n|-unboost|p2a: Kingambit|atk|1\n|-ability|p2a: Kingambit|Defiant|boost\n|-boost|p2a: Kingambit|atk|2\n|-unboost|p2b: Chien-Pao|atk|1\n|move|p2b: Chien-Pao|Protect|p2b: Chien-Pao\n|-singleturn|p2b: Chien-Pao|Protect\n|move|p1a: Bill Cipher|Sucker Punch||[still]\n|-fail|p1a: Bill Cipher\n|move|p2a: Kingambit|Iron Head|p1a: Bill Cipher\n|-supereffective|p1a: Bill Cipher\n|-crit|p1a: Bill Cipher\n|-damage|p1a: Bill Cipher|0 fnt\n|faint|p1a: Bill Cipher\n|\n|upkeep\n|\n|t:|1681779779\n|switch|p1a: Scizor|Scizor, L50, F|100\/100\n|turn|3\n|\n|t:|1681779794\n|move|p2b: Chien-Pao|Sucker Punch|p1a: Scizor\n|-damage|p1a: Scizor|70\/100\n|move|p1a: Scizor|Bullet Punch|p2b: Chien-Pao\n|-supereffective|p2b: Chien-Pao\n|-enditem|p2b: Chien-Pao|Focus Sash\n|-damage|p2b: Chien-Pao|1\/100\n|-damage|p1a: Scizor|60\/100|[from] item: Life Orb\n|move|p2a: Kingambit|Sucker Punch||[still]\n|-fail|p2a: Kingambit\n|move|p1b: Arcanine|Will-O-Wisp|p2a: Kingambit\n|-status|p2a: Kingambit|brn\n|\n|-damage|p2a: Kingambit|95\/100 brn|[from] brn\n|upkeep\n|turn|4\n|\n|t:|1681779812\n|move|p1a: Scizor|Protect|p1a: Scizor\n|-singleturn|p1a: Scizor|Protect\n|move|p1b: Arcanine|Extreme Speed|p2b: Chien-Pao\n|-damage|p2b: Chien-Pao|0 fnt\n|faint|p2b: Chien-Pao\n|move|p2a: Kingambit|Sucker Punch||[still]\n|-fail|p2a: Kingambit\n|\n|-damage|p2a: Kingambit|89\/100 brn|[from] brn\n|upkeep\n|\n|t:|1681779821\n|switch|p2b: Flutter Mane|Flutter Mane, L50|100\/100\n|-enditem|p2b: Flutter Mane|Booster Energy\n|-activate|p2b: Flutter Mane|ability: Protosynthesis|[fromitem]\n|-start|p2b: Flutter Mane|protosynthesisspa\n|turn|5\n|\n|t:|1681779833\n|move|p2b: Flutter Mane|Protect|p2b: Flutter Mane\n|-singleturn|p2b: Flutter Mane|Protect\n|move|p1a: Scizor|Bullet Punch|p2b: Flutter Mane\n|-activate|p2b: Flutter Mane|move: Protect\n|move|p1b: Arcanine|Flare Blitz|p2a: Kingambit\n|-supereffective|p2a: Kingambit\n|-damage|p2a: Kingambit|2\/100 brn\n|-damage|p1b: Arcanine|70\/100|[from] Recoil\n|move|p2a: Kingambit|Assurance|p1b: Arcanine\n|-damage|p1b: Arcanine|16\/100\n|-enditem|p1b: Arcanine|Sitrus Berry|[eat]\n|-heal|p1b: Arcanine|41\/100|[from] item: Sitrus Berry\n|\n|-damage|p2a: Kingambit|0 fnt|[from] brn\n|faint|p2a: Kingambit\n|upkeep\n|turn|6\n|\n|t:|1681779851\n|move|p1a: Scizor|Bullet Punch|p2b: Flutter Mane\n|-supereffective|p2b: Flutter Mane\n|-damage|p2b: Flutter Mane|0 fnt\n|faint|p2b: Flutter Mane\n|-end|p2b: Flutter Mane|Protosynthesis|[silent]\n|-damage|p1a: Scizor|51\/100|[from] item: Life Orb\n|\n|win|zjsmol\n|raw|zjsmol's rating: 1215 → 1246<\/strong> (+31 for winning)\n|raw|addyson789's rating: 1299 → 1268<\/strong> (-31 for losing)\n|c|\u2606zjsmol|gg\n|l|\u2606zjsmol\n","uploadtime":1681780458,"views":9,"p1id":"zjsmol","p2id":"addyson789","formatid":"gen9vgc2023regulationc","rating":1246,"private":0,"password":""}