{"id":"gen9vgc2023regulationc-1863171009","p1":"razor Pikachu","p2":"jaymac11","format":"[Gen 9] VGC 2023 Regulation C","log":"|j|\u2606razor Pikachu\n|j|\u2606jaymac11\n|t:|1683983283\n|gametype|doubles\n|player|p1|razor Pikachu|101|1130\n|player|p2|jaymac11|lucas|1119\n|teamsize|p1|6\n|teamsize|p2|6\n|gen|9\n|tier|[Gen 9] VGC 2023 Regulation C\n|rated|\n|rule|Species Clause: Limit one of each Pok\u00e9mon\n|rule|Item Clause: Limit one of each item\n|clearpoke\n|poke|p1|Garganacl, L50, F|\n|poke|p1|Farigiraf, L50, F|\n|poke|p1|Wo-Chien, L50|\n|poke|p1|Dondozo, L50, F|\n|poke|p1|Chi-Yu, L50|\n|poke|p1|Gastrodon, L50, F|\n|poke|p2|Espathra, L50, M|\n|poke|p2|Sandy Shocks, L50|\n|poke|p2|Baxcalibur, L50, F|\n|poke|p2|Gyarados, L50, M|\n|poke|p2|Annihilape, L50, M|\n|poke|p2|Dragapult, L50, M|\n|teampreview|4\n|inactive|Battle timer is ON: inactive players will automatically lose when time's up. (requested by razor Pikachu)\n|\n|t:|1683983379\n|start\n|switch|p1a: Garganacl|Garganacl, L50, F|100\/100\n|switch|p1b: Dondozo|Dondozo, L50, F|100\/100\n|switch|p2a: Espathra|Espathra, L50, M, shiny|100\/100\n|switch|p2b: Sandy Shocks|Sandy Shocks, L50|100\/100\n|-enditem|p2b: Sandy Shocks|Booster Energy\n|-activate|p2b: Sandy Shocks|ability: Protosynthesis|[fromitem]\n|-start|p2b: Sandy Shocks|protosynthesisspa\n|turn|1\n|inactive|razor Pikachu has 30 seconds left.\n|inactive|razor Pikachu has 20 seconds left.\n|inactive|razor Pikachu has 15 seconds left.\n|inactive|razor Pikachu has 10 seconds left.\n|inactive|razor Pikachu has 5 seconds left.\n|\n|t:|1683983434\n|move|p2a: Espathra|Protect|p2a: Espathra\n|-singleturn|p2a: Espathra|Protect\n|move|p2b: Sandy Shocks|Gravity|p2b: Sandy Shocks\n|-fieldstart|move: Gravity\n|move|p1b: Dondozo|Liquidation|p2b: Sandy Shocks\n|-supereffective|p2b: Sandy Shocks\n|-damage|p2b: Sandy Shocks|32\/100\n|move|p1a: Garganacl|Salt Cure|p2b: Sandy Shocks\n|-resisted|p2b: Sandy Shocks\n|-damage|p2b: Sandy Shocks|22\/100\n|-start|p2b: Sandy Shocks|Salt Cure\n|\n|-damage|p2b: Sandy Shocks|10\/100|[from] Salt Cure\n|-ability|p2a: Espathra|Speed Boost|boost\n|-boost|p2a: Espathra|spe|1\n|upkeep\n|turn|2\n|inactive|jaymac11 has 30 seconds left.\n|\n|t:|1683983459\n|-end|p2b: Sandy Shocks|Protosynthesis|[silent]\n|switch|p2b: Baxcalibur|Baxcalibur, L50, F|100\/100\n|switch|p1a: Wo-Chien|Wo-Chien, L50|100\/100\n|-ability|p1a: Wo-Chien|Tablets of Ruin\n|move|p1b: Dondozo|Protect|p1b: Dondozo\n|-singleturn|p1b: Dondozo|Protect\n|move|p2a: Espathra|Substitute|p2a: Espathra\n|-start|p2a: Espathra|Substitute\n|-damage|p2a: Espathra|76\/100\n|\n|-heal|p2a: Espathra|82\/100|[from] item: Leftovers\n|-ability|p2a: Espathra|Speed Boost|boost\n|-boost|p2a: Espathra|spe|1\n|upkeep\n|turn|3\n|inactive|razor Pikachu has 30 seconds left.\n|inactive|razor Pikachu has 20 seconds left.\n|inactive|jaymac11 has 30 seconds left.\n|inactive|razor Pikachu has 15 seconds left.\n|inactive|razor Pikachu has 10 seconds left.\n|inactive|razor Pikachu has 5 seconds left.\n|\n|t:|1683983514\n|-terastallize|p2b: Baxcalibur|Poison\n|move|p2a: Espathra|Hypnosis|p1b: Dondozo\n|-status|p1b: Dondozo|slp|[from] move: Hypnosis\n|move|p2b: Baxcalibur|Swords Dance|p2b: Baxcalibur\n|-boost|p2b: Baxcalibur|atk|2\n|move|p1a: Wo-Chien|Leech Seed||[still]\n|-fail|p1a: Wo-Chien\n|cant|p1b: Dondozo|slp\n|\n|-heal|p2a: Espathra|88\/100|[from] item: Leftovers\n|-ability|p2a: Espathra|Speed Boost|boost\n|-boost|p2a: Espathra|spe|1\n|upkeep\n|turn|4\n|inactive|razor Pikachu has 30 seconds left.\n|inactive|jaymac11 has 30 seconds left.\n|\n|t:|1683983540\n|move|p2a: Espathra|Lumina Crash|p1b: Dondozo\n|-damage|p1b: Dondozo|70\/100 slp\n|-unboost|p1b: Dondozo|spd|2\n|move|p2b: Baxcalibur|Icicle Spear|p1b: Dondozo\n|-resisted|p1b: Dondozo\n|-damage|p1b: Dondozo|68\/100 slp\n|-resisted|p1b: Dondozo\n|-damage|p1b: Dondozo|65\/100 slp\n|-resisted|p1b: Dondozo\n|-damage|p1b: Dondozo|63\/100 slp\n|-resisted|p1b: Dondozo\n|-damage|p1b: Dondozo|61\/100 slp\n|-resisted|p1b: Dondozo\n|-damage|p1b: Dondozo|58\/100 slp\n|-hitcount|p1b: Dondozo|5\n|move|p1a: Wo-Chien|Leech Seed|p2b: Baxcalibur\n|-start|p2b: Baxcalibur|move: Leech Seed\n|cant|p1b: Dondozo|slp\n|\n|-heal|p2a: Espathra|94\/100|[from] item: Leftovers\n|-damage|p2b: Baxcalibur|88\/100|[from] Leech Seed|[of] p1a: Wo-Chien\n|-ability|p2a: Espathra|Speed Boost|boost\n|-boost|p2a: Espathra|spe|1\n|upkeep\n|turn|5\n|inactive|razor Pikachu has 30 seconds left.\n|\n|t:|1683983567\n|move|p1a: Wo-Chien|Protect|p1a: Wo-Chien\n|-singleturn|p1a: Wo-Chien|Protect\n|cant|p1b: Dondozo|slp\n|move|p2a: Espathra|Hypnosis|p1a: Wo-Chien\n|-activate|p1a: Wo-Chien|move: Protect\n|move|p2b: Baxcalibur|Icicle Spear|p1a: Wo-Chien\n|-activate|p1a: Wo-Chien|move: Protect\n|\n|-heal|p2a: Espathra|99\/100|[from] item: Leftovers\n|-damage|p2b: Baxcalibur|76\/100|[from] Leech Seed|[of] p1a: Wo-Chien\n|-fieldend|move: Gravity\n|-ability|p2a: Espathra|Speed Boost|boost\n|-boost|p2a: Espathra|spe|1\n|upkeep\n|turn|6\n|\n|t:|1683983583\n|move|p2a: Espathra|Lumina Crash|p1b: Dondozo\n|-damage|p1b: Dondozo|3\/100 slp\n|-unboost|p1b: Dondozo|spd|2\n|move|p2b: Baxcalibur|Icicle Spear|p1a: Wo-Chien\n|-supereffective|p1a: Wo-Chien\n|-damage|p1a: Wo-Chien|60\/100\n|-supereffective|p1a: Wo-Chien\n|-damage|p1a: Wo-Chien|22\/100\n|-supereffective|p1a: Wo-Chien\n|-damage|p1a: Wo-Chien|0 fnt\n|faint|p1a: Wo-Chien\n|-hitcount|p1: Wo-Chien|3\n|-curestatus|p1b: Dondozo|slp|[msg]\n|move|p1b: Dondozo|Yawn|p2b: Baxcalibur\n|-start|p2b: Baxcalibur|move: Yawn|[of] p1b: Dondozo\n|\n|-heal|p2a: Espathra|100\/100|[from] item: Leftovers\n|-ability|p2a: Espathra|Speed Boost|boost\n|-boost|p2a: Espathra|spe|1\n|upkeep\n|inactive|razor Pikachu has 30 seconds left.\n|\n|t:|1683983609\n|switch|p1a: Garganacl|Garganacl, L50, F|100\/100\n|turn|7\n|\n|t:|1683983621\n|-terastallize|p1a: Garganacl|Ghost\n|move|p1b: Dondozo|Protect|p1b: Dondozo\n|-singleturn|p1b: Dondozo|Protect\n|move|p2a: Espathra|Lumina Crash|p1a: Garganacl\n|-damage|p1a: Garganacl|72\/100\n|-unboost|p1a: Garganacl|spd|2\n|move|p2b: Baxcalibur|Icicle Spear|p1a: Garganacl\n|-damage|p1a: Garganacl|59\/100\n|-damage|p1a: Garganacl|43\/100\n|-damage|p1a: Garganacl|29\/100\n|-damage|p1a: Garganacl|16\/100\n|-damage|p1a: Garganacl|1\/100\n|-hitcount|p1a: Garganacl|5\n|move|p1a: Garganacl|Iron Defense|p1a: Garganacl\n|-boost|p1a: Garganacl|def|2\n|\n|-damage|p2b: Baxcalibur|64\/100|[from] Leech Seed|[of] p1a: Garganacl\n|-heal|p1a: Garganacl|12\/100|[silent]\n|-end|p2b: Baxcalibur|move: Yawn|[silent]\n|-status|p2b: Baxcalibur|slp\n|upkeep\n|turn|8\n|inactive|jaymac11 has 30 seconds left.\n|\n|t:|1683983647\n|switch|p1a: Chi-Yu|Chi-Yu, L50|100\/100\n|-ability|p1a: Chi-Yu|Beads of Ruin\n|move|p2a: Espathra|Lumina Crash|p1b: Dondozo\n|-damage|p1b: Dondozo|0 fnt\n|faint|p1b: Dondozo\n|cant|p2b: Baxcalibur|slp\n|\n|-damage|p2b: Baxcalibur|52\/100 slp|[from] Leech Seed|[of] p1a: Chi-Yu\n|upkeep\n|\n|t:|1683983659\n|switch|p1b: Garganacl|Garganacl, L50, F, tera:Ghost|12\/100\n|turn|9\n|\n|t:|1683983668\n|move|p2a: Espathra|Protect|p2a: Espathra\n|-singleturn|p2a: Espathra|Protect\n|cant|p2b: Baxcalibur|slp\n|move|p1a: Chi-Yu|Dark Pulse|p2a: Espathra\n|-activate|p2a: Espathra|move: Protect\n|move|p1b: Garganacl|Recover|p1b: Garganacl\n|-heal|p1b: Garganacl|62\/100\n|\n|-damage|p2b: Baxcalibur|40\/100 slp|[from] Leech Seed|[of] p1a: Chi-Yu\n|upkeep\n|turn|10\n|\n|t:|1683983685\n|move|p2a: Espathra|Hypnosis|p1a: Chi-Yu\n|-status|p1a: Chi-Yu|slp|[from] move: Hypnosis\n|-curestatus|p2b: Baxcalibur|slp|[msg]\n|move|p2b: Baxcalibur|Icicle Spear|p1b: Garganacl\n|-damage|p1b: Garganacl|47\/100\n|-damage|p1b: Garganacl|32\/100\n|-damage|p1b: Garganacl|19\/100\n|-damage|p1b: Garganacl|3\/100\n|-damage|p1b: Garganacl|0 fnt\n|faint|p1b: Garganacl\n|-hitcount|p1: Garganacl|5\n|cant|p1a: Chi-Yu|slp\n|\n|-damage|p2b: Baxcalibur|28\/100|[from] Leech Seed|[of] p1a: Chi-Yu\n|upkeep\n|turn|11\n|l|\u2606razor Pikachu\n|inactive|razor Pikachu disconnected and has a minute to reconnect!\n|player|p1|\n|inactive|razor Pikachu has 30 seconds left.\n|inactive|jaymac11 has 30 seconds left.\n|inactive|razor Pikachu has 20 seconds left.\n|inactive|razor Pikachu has 15 seconds left.\n|inactive|razor Pikachu has 10 seconds left.\n|inactive|razor Pikachu has 5 seconds left.\n|-message|razor Pikachu lost due to inactivity.\n|\n|win|jaymac11\n|raw|razor Pikachu's rating: 1130 → 1104<\/strong> (-26 for losing)\n|raw|jaymac11's rating: 1119 → 1145<\/strong> (+26 for winning)\n","uploadtime":1683983743,"views":10,"p1id":"razorpikachu","p2id":"jaymac11","formatid":"gen9vgc2023regulationc","rating":1104,"private":0,"password":""}