{"id":"gen9vgc2023regulationc-1856124398","p1":"Trullisimo","p2":"Bobeti","format":"[Gen 9] VGC 2023 Regulation C","log":"|j|\u2606Trullisimo\n|j|\u2606Bobeti\n|t:|1683032746\n|gametype|doubles\n|player|p1|Trullisimo|265|1373\n|player|p2|Bobeti|2|1381\n|teamsize|p1|6\n|teamsize|p2|6\n|gen|9\n|tier|[Gen 9] VGC 2023 Regulation C\n|rated|\n|rule|Species Clause: Limit one of each Pok\u00e9mon\n|rule|Item Clause: Limit one of each item\n|clearpoke\n|poke|p1|Glimmora, L50, M|\n|poke|p1|Dragonite, L50, M|\n|poke|p1|Dondozo, L50, M|\n|poke|p1|Tatsugiri, L50, F|\n|poke|p1|Chi-Yu, L50|\n|poke|p1|Iron Bundle, L50|\n|poke|p2|Orthworm, L50, M|\n|poke|p2|Dragonite, L50, F|\n|poke|p2|Ting-Lu, L50|\n|poke|p2|Gyarados, L50, M|\n|poke|p2|Flutter Mane, L50|\n|poke|p2|Chien-Pao, L50|\n|teampreview|4\nTrullisimo has agreed to open team sheets.\n|c|\u2606Trullisimo|Ots please\n|inactive|Battle timer is ON: inactive players will automatically lose when time's up. (requested by Bobeti)\n|c|\u2606Trullisimo|Hey\n|c|\u2606Trullisimo|OTS??\n|inactive|Trullisimo has 60 seconds left.\n|c|\u2606Trullisimo|Bro this is VGC\n|c|\u2606Trullisimo|Where is OTS??\n|\n|t:|1683032841\n|start\n|switch|p1a: Iron Bundle|Iron Bundle, L50, shiny|100\/100\n|switch|p1b: Chi-Yu|Chi-Yu, L50|100\/100\n|switch|p2a: Orthworm|Orthworm, L50, M|100\/100\n|switch|p2b: Ting-Lu|Ting-Lu, L50|100\/100\n|-ability|p1b: Chi-Yu|Beads of Ruin\n|-ability|p2b: Ting-Lu|Vessel of Ruin\n|-enditem|p1a: Iron Bundle|Booster Energy\n|-activate|p1a: Iron Bundle|ability: Quark Drive|[fromitem]\n|-start|p1a: Iron Bundle|quarkdrivespe\n|turn|1\n|\n|t:|1683032863\n|-terastallize|p2a: Orthworm|Fire\n|move|p1a: Iron Bundle|Freeze-Dry|p2b: Ting-Lu\n|-supereffective|p2b: Ting-Lu\n|-damage|p2b: Ting-Lu|43\/100\n|move|p1b: Chi-Yu|Overheat|p2b: Ting-Lu|[miss]\n|-miss|p1b: Chi-Yu|p2b: Ting-Lu\n|move|p2b: Ting-Lu|Rock Slide|p1a: Iron Bundle|[spread] p1b\n|-miss|p2b: Ting-Lu|p1a: Iron Bundle\n|-supereffective|p1b: Chi-Yu\n|-damage|p1b: Chi-Yu|26\/100\n|move|p2a: Orthworm|Body Press|p1a: Iron Bundle\n|-supereffective|p1a: Iron Bundle\n|-damage|p1a: Iron Bundle|25\/100\n|\n|upkeep\n|turn|2\n|inactive|Bobeti has 30 seconds left.\n|\n|t:|1683032893\n|move|p1a: Iron Bundle|Freeze-Dry|p2b: Ting-Lu\n|-supereffective|p2b: Ting-Lu\n|-damage|p2b: Ting-Lu|0 fnt\n|faint|p2b: Ting-Lu\n|move|p1b: Chi-Yu|Dark Pulse|p2a: Orthworm\n|-damage|p2a: Orthworm|31\/100\n|-enditem|p2a: Orthworm|Sitrus Berry|[eat]\n|-heal|p2a: Orthworm|56\/100|[from] item: Sitrus Berry\n|cant|p2a: Orthworm|flinch\n|\n|upkeep\n|\n|t:|1683032906\n|switch|p2b: Flutter Mane|Flutter Mane, L50|100\/100\n|turn|3\n|\n|t:|1683032917\n|move|p1b: Chi-Yu|Protect|p1b: Chi-Yu\n|-singleturn|p1b: Chi-Yu|Protect\n|move|p1a: Iron Bundle|Icy Wind|p2b: Flutter Mane|[spread] p2a,p2b\n|-resisted|p2a: Orthworm\n|-damage|p2a: Orthworm|38\/100\n|-damage|p2b: Flutter Mane|74\/100\n|-unboost|p2a: Orthworm|spe|1\n|-unboost|p2b: Flutter Mane|spe|1\n|move|p2b: Flutter Mane|Dazzling Gleam|p1a: Iron Bundle|[spread] p1a\n|-activate|p1b: Chi-Yu|move: Protect\n|-damage|p1a: Iron Bundle|0 fnt\n|faint|p1a: Iron Bundle\n|-end|p1a: Iron Bundle|Quark Drive|[silent]\n|move|p2a: Orthworm|Body Press|p1b: Chi-Yu\n|-activate|p1b: Chi-Yu|move: Protect\n|\n|upkeep\n|\n|t:|1683032928\n|switch|p1a: Dondozo|Dondozo, L50, M|100\/100\n|turn|4\n|\n|t:|1683032943\n|-end|p2b: Flutter Mane|Protosynthesis|[silent]\n|switch|p2b: Chien-Pao|Chien-Pao, L50|100\/100\n|-ability|p2b: Chien-Pao|Sword of Ruin\n|move|p1a: Dondozo|Protect|p1a: Dondozo\n|-singleturn|p1a: Dondozo|Protect\n|move|p1b: Chi-Yu|Dark Pulse|p2a: Orthworm\n|-damage|p2a: Orthworm|0 fnt\n|faint|p2a: Orthworm\n|\n|upkeep\n|\n|t:|1683032952\n|switch|p2a: Flutter Mane|Flutter Mane, L50|74\/100\n|turn|5\n|\n|t:|1683032963\n|switch|p1b: Tatsugiri|Tatsugiri, L50, F|100\/100\n|-activate|p1b: Tatsugiri|ability: Commander|[of] p1a: Dondozo\n|-boost|p1a: Dondozo|atk|2\n|-boost|p1a: Dondozo|spa|2\n|-boost|p1a: Dondozo|spe|2\n|-boost|p1a: Dondozo|def|2\n|-boost|p1a: Dondozo|spd|2\n|move|p2b: Chien-Pao|Haze|p2b: Chien-Pao\n|-clearallboost\n|move|p2a: Flutter Mane|Dazzling Gleam|p1a: Dondozo|[spread] p1a\n|-miss|p2a: Flutter Mane|p1b: Tatsugiri\n|-damage|p1a: Dondozo|62\/100\n|move|p1a: Dondozo|Earthquake|p2b: Chien-Pao|[spread] p2a,p2b\n|-miss|p1a: Dondozo|p1b: Tatsugiri\n|-damage|p2a: Flutter Mane|31\/100\n|-damage|p2b: Chien-Pao|70\/100\n|\n|-heal|p1a: Dondozo|68\/100|[from] item: Leftovers\n|upkeep\n|turn|6\n|\n|t:|1683032987\n|move|p1a: Dondozo|Protect|p1a: Dondozo\n|-singleturn|p1a: Dondozo|Protect\n|move|p2b: Chien-Pao|Sacred Sword|p1a: Dondozo\n|-activate|p1a: Dondozo|move: Protect\n|move|p2a: Flutter Mane|Dazzling Gleam|p1b: Tatsugiri|[spread] \n|-miss|p2a: Flutter Mane|p1b: Tatsugiri\n|-activate|p1a: Dondozo|move: Protect\n|\n|-heal|p1a: Dondozo|74\/100|[from] item: Leftovers\n|upkeep\n|turn|7\n|\n|t:|1683032993\n|move|p2b: Chien-Pao|Sacred Sword|p1a: Dondozo\n|-crit|p1a: Dondozo\n|-damage|p1a: Dondozo|34\/100\n|move|p2a: Flutter Mane|Dazzling Gleam|p1b: Tatsugiri|[spread] p1a\n|-miss|p2a: Flutter Mane|p1b: Tatsugiri\n|-damage|p1a: Dondozo|0 fnt\n|faint|p1a: Dondozo\n|\n|upkeep\n|\n|t:|1683033000\n|switch|p1a: Chi-Yu|Chi-Yu, L50|26\/100\n|-ability|p1a: Chi-Yu|Beads of Ruin\n|turn|8\n|\n|t:|1683033017\n|move|p2b: Chien-Pao|Sucker Punch|p1b: Tatsugiri\n|-damage|p1b: Tatsugiri|10\/100\n|move|p1b: Tatsugiri|Icy Wind|p2b: Chien-Pao|[spread] p2a,p2b\n|-resisted|p2b: Chien-Pao\n|-damage|p2a: Flutter Mane|14\/100\n|-damage|p2b: Chien-Pao|56\/100\n|-unboost|p2a: Flutter Mane|spe|1\n|-unboost|p2b: Chien-Pao|spe|1\n|move|p1a: Chi-Yu|Heat Wave|p2a: Flutter Mane|[spread] p2a\n|-miss|p1a: Chi-Yu|p2b: Chien-Pao\n|-damage|p2a: Flutter Mane|0 fnt\n|faint|p2a: Flutter Mane\n|-end|p2a: Flutter Mane|Protosynthesis|[silent]\n|\n|upkeep\n|turn|9\n|\n|t:|1683033033\n|move|p1a: Chi-Yu|Protect|p1a: Chi-Yu\n|-singleturn|p1a: Chi-Yu|Protect\n|move|p2b: Chien-Pao|Sucker Punch||[still]\n|-fail|p2b: Chien-Pao\n|move|p1b: Tatsugiri|Icy Wind|p2b: Chien-Pao\n|-resisted|p2b: Chien-Pao\n|-damage|p2b: Chien-Pao|37\/100\n|-unboost|p2b: Chien-Pao|spe|1\n|\n|upkeep\n|turn|10\n|\n|t:|1683033046\n|move|p1a: Chi-Yu|Protect||[still]\n|-fail|p1a: Chi-Yu\n|move|p2b: Chien-Pao|Sucker Punch||[still]\n|-fail|p2b: Chien-Pao\n|move|p1b: Tatsugiri|Icy Wind|p2b: Chien-Pao\n|-resisted|p2b: Chien-Pao\n|-damage|p2b: Chien-Pao|18\/100\n|-unboost|p2b: Chien-Pao|spe|1\n|\n|upkeep\n|turn|11\n|\n|t:|1683033060\n|move|p1a: Chi-Yu|Protect|p1a: Chi-Yu\n|-singleturn|p1a: Chi-Yu|Protect\n|move|p1b: Tatsugiri|Icy Wind|p2b: Chien-Pao\n|-resisted|p2b: Chien-Pao\n|-damage|p2b: Chien-Pao|0 fnt\n|faint|p2b: Chien-Pao\n|\n|win|Trullisimo\n|raw|Trullisimo's rating: 1373 → 1393<\/strong> (+20 for winning)\n|raw|Bobeti's rating: 1381 → 1361<\/strong> (-20 for losing)\n|l|\u2606Bobeti\n","uploadtime":1683033108,"views":10,"p1id":"trullisimo","p2id":"bobeti","formatid":"gen9vgc2023regulationc","rating":1361,"private":0,"password":""}