{"id":"gen9vgc2023regulationc-1845311284","p1":"Flashab23","p2":"Orhsfasr","format":"[Gen 9] VGC 2023 Regulation C","log":"|j|\u2606Flashab23\n|j|\u2606Orhsfasr\n|t:|1681712595\n|gametype|doubles\n|player|p1|Flashab23|266|1000\n|player|p2|Orhsfasr|2|1000\n|teamsize|p1|4\n|teamsize|p2|6\n|gen|9\n|tier|[Gen 9] VGC 2023 Regulation C\n|rated|\n|rule|Species Clause: Limit one of each Pok\u00e9mon\n|rule|Item Clause: Limit one of each item\n|clearpoke\n|poke|p1|Glimmora, L50, F|\n|poke|p1|Dondozo, L50, M|\n|poke|p1|Dragonite, L50, M|\n|poke|p1|Tatsugiri, L50, M|\n|poke|p2|Masquerain, L50, M|\n|poke|p2|Venomoth, L50, M|\n|poke|p2|Frosmoth, L50, F|\n|poke|p2|Volcarona, L50, F|\n|poke|p2|Iron Moth, L50|\n|poke|p2|Slither Wing, L50|\n|teampreview|4\n|\n|t:|1681712628\n|start\n|switch|p1a: Glimmora|Glimmora, L50, F|100\/100\n|switch|p1b: Dragonite|Dragonite, L50, M|100\/100\n|switch|p2a: Masquerain|Masquerain, L50, M|100\/100\n|switch|p2b: Slither Wing|Slither Wing, L50, shiny|100\/100\n|-ability|p2a: Masquerain|Intimidate|boost\n|-unboost|p1a: Glimmora|atk|1\n|-unboost|p1b: Dragonite|atk|1\n|turn|1\n|\n|t:|1681712655\n|-terastallize|p2b: Slither Wing|Fire\n|move|p2a: Masquerain|Sunny Day|p2a: Masquerain\n|-weather|SunnyDay\n|-activate|p2b: Slither Wing|ability: Protosynthesis\n|-start|p2b: Slither Wing|protosynthesisatk\n|move|p1a: Glimmora|Mortal Spin|p2a: Masquerain|[spread] p2a,p2b\n|-damage|p2a: Masquerain|95\/100\n|-damage|p2b: Slither Wing|97\/100\n|-status|p2a: Masquerain|psn\n|-status|p2b: Slither Wing|psn\n|move|p1b: Dragonite|Ice Spinner|p2a: Masquerain\n|-supereffective|p2a: Masquerain\n|-damage|p2a: Masquerain|17\/100 psn\n|-damage|p1b: Dragonite|91\/100|[from] item: Life Orb\n|move|p2b: Slither Wing|Flare Blitz|p1b: Dragonite\n|-resisted|p1b: Dragonite\n|-damage|p1b: Dragonite|0 fnt\n|faint|p1b: Dragonite\n|-damage|p2b: Slither Wing|69\/100 psn|[from] Recoil\n|-damage|p2b: Slither Wing|59\/100 psn|[from] item: Life Orb\n|\n|-weather|SunnyDay|[upkeep]\n|-damage|p2a: Masquerain|5\/100 psn|[from] psn\n|-damage|p2b: Slither Wing|47\/100 psn|[from] psn\n|upkeep\n|\n|t:|1681712685\n|switch|p1b: Tatsugiri|Tatsugiri, L50, M|100\/100\n|turn|2\n|\n|t:|1681712698\n|move|p2a: Masquerain|Tailwind|p2a: Masquerain\n|-sidestart|p2: Orhsfasr|move: Tailwind\n|move|p2b: Slither Wing|Earthquake|p1a: Glimmora|[spread] p1a,p1b\n|-immune|p2a: Masquerain\n|-supereffective|p1a: Glimmora\n|-damage|p1a: Glimmora|0 fnt\n|-damage|p1b: Tatsugiri|7\/100\n|-activate|p1a: Glimmora|ability: Toxic Debris\n|-sidestart|p2: Orhsfasr|move: Toxic Spikes\n|faint|p1a: Glimmora\n|-damage|p2b: Slither Wing|37\/100 psn|[from] item: Life Orb\n|move|p1b: Tatsugiri|Muddy Water|p2b: Slither Wing|[spread] p2a,p2b\n|-supereffective|p2b: Slither Wing\n|-damage|p2a: Masquerain|0 fnt\n|-damage|p2b: Slither Wing|6\/100 psn\n|-unboost|p2b: Slither Wing|accuracy|1\n|faint|p2a: Masquerain\n|\n|-weather|SunnyDay|[upkeep]\n|-damage|p2b: Slither Wing|0 fnt|[from] psn\n|faint|p2b: Slither Wing\n|-end|p2b: Slither Wing|Protosynthesis|[silent]\n|upkeep\n|\n|t:|1681712720\n|switch|p2a: Frosmoth|Frosmoth, L50, F|100\/100\n|switch|p1a: Dondozo|Dondozo, L50, M|100\/100\n|switch|p2b: Iron Moth|Iron Moth, L50, shiny|100\/100\n|-activate|p1b: Tatsugiri|ability: Commander|[of] p1a: Dondozo\n|-boost|p1a: Dondozo|atk|2\n|-boost|p1a: Dondozo|spa|2\n|-boost|p1a: Dondozo|spe|2\n|-boost|p1a: Dondozo|def|2\n|-boost|p1a: Dondozo|spd|2\n|-sideend|p2: Orhsfasr|move: Toxic Spikes|[of] p2b: Iron Moth\n|-enditem|p2b: Iron Moth|Booster Energy\n|-activate|p2b: Iron Moth|ability: Quark Drive|[fromitem]\n|-start|p2b: Iron Moth|quarkdrivespa\n|turn|3\n|\n|t:|1681712752\n|-terastallize|p1a: Dondozo|Flying\n|move|p2a: Frosmoth|Wide Guard|p2a: Frosmoth\n|-singleturn|p2a: Frosmoth|Wide Guard\n|move|p2b: Iron Moth|Heat Wave|p1b: Tatsugiri|[spread] p1a\n|-miss|p2b: Iron Moth|p1b: Tatsugiri\n|-damage|p1a: Dondozo|58\/100\n|move|p1a: Dondozo|Earthquake|p2b: Iron Moth|[spread] \n|-miss|p1a: Dondozo|p1b: Tatsugiri\n|-activate|p2a: Frosmoth|move: Wide Guard\n|-activate|p2b: Iron Moth|move: Wide Guard\n|\n|-weather|SunnyDay|[upkeep]\n|upkeep\n|turn|4\n|\n|t:|1681712768\n|move|p1a: Dondozo|Protect|p1a: Dondozo\n|-singleturn|p1a: Dondozo|Protect\n|move|p2b: Iron Moth|Sludge Wave|p1b: Tatsugiri|[spread] p2a\n|-miss|p2b: Iron Moth|p1b: Tatsugiri\n|-activate|p1a: Dondozo|move: Protect\n|-damage|p2a: Frosmoth|72\/100\n|move|p2a: Frosmoth|Icy Wind|p1b: Tatsugiri|[spread] \n|-miss|p2a: Frosmoth|p1b: Tatsugiri\n|-activate|p1a: Dondozo|move: Protect\n|\n|-weather|SunnyDay|[upkeep]\n|upkeep\n|turn|5\n|\n|t:|1681712783\n|move|p2a: Frosmoth|Wide Guard|p2a: Frosmoth\n|-singleturn|p2a: Frosmoth|Wide Guard\n|move|p2b: Iron Moth|Sludge Wave|p1b: Tatsugiri|[spread] p1a\n|-miss|p2b: Iron Moth|p1b: Tatsugiri\n|-activate|p2a: Frosmoth|move: Wide Guard\n|-damage|p1a: Dondozo|31\/100\n|move|p1a: Dondozo|Earthquake|p2b: Iron Moth|[spread] \n|-miss|p1a: Dondozo|p1b: Tatsugiri\n|-activate|p2a: Frosmoth|move: Wide Guard\n|-activate|p2b: Iron Moth|move: Wide Guard\n|\n|-weather|none\n|-sideend|p2: Orhsfasr|move: Tailwind\n|upkeep\n|turn|6\n|\n|t:|1681712804\n|move|p2b: Iron Moth|Protect|p2b: Iron Moth\n|-singleturn|p2b: Iron Moth|Protect\n|move|p2a: Frosmoth|Icy Wind|p1b: Tatsugiri|[spread] p1a\n|-miss|p2a: Frosmoth|p1b: Tatsugiri\n|-supereffective|p1a: Dondozo\n|-damage|p1a: Dondozo|13\/100\n|-unboost|p1a: Dondozo|spe|1\n|move|p1a: Dondozo|Rest|p1a: Dondozo\n|-status|p1a: Dondozo|slp|[from] move: Rest\n|-enditem|p1a: Dondozo|Lum Berry|[eat]\n|-curestatus|p1a: Dondozo|slp|[msg]\n|-heal|p1a: Dondozo|100\/100|[silent]\n|\n|upkeep\n|turn|7\n|\n|t:|1681712822\n|move|p2a: Frosmoth|Wide Guard|p2a: Frosmoth\n|-singleturn|p2a: Frosmoth|Wide Guard\n|move|p2b: Iron Moth|Sludge Wave|p1a: Dondozo|[spread] p1a\n|-miss|p2b: Iron Moth|p1b: Tatsugiri\n|-activate|p2a: Frosmoth|move: Wide Guard\n|-damage|p1a: Dondozo|70\/100\n|move|p1a: Dondozo|Earthquake|p2b: Iron Moth|[spread] \n|-miss|p1a: Dondozo|p1b: Tatsugiri\n|-activate|p2a: Frosmoth|move: Wide Guard\n|-activate|p2b: Iron Moth|move: Wide Guard\n|\n|upkeep\n|turn|8\n|\n|t:|1681712838\n|move|p2b: Iron Moth|Protect|p2b: Iron Moth\n|-singleturn|p2b: Iron Moth|Protect\n|move|p2a: Frosmoth|Icy Wind|p1b: Tatsugiri|[spread] p1a\n|-miss|p2a: Frosmoth|p1b: Tatsugiri\n|-supereffective|p1a: Dondozo\n|-damage|p1a: Dondozo|52\/100\n|-unboost|p1a: Dondozo|spe|1\n|move|p1a: Dondozo|Earthquake|p2b: Iron Moth|[spread] p2a\n|-miss|p1a: Dondozo|p1b: Tatsugiri\n|-activate|p2b: Iron Moth|move: Protect\n|-resisted|p2a: Frosmoth\n|-damage|p2a: Frosmoth|38\/100\n|\n|upkeep\n|turn|9\n|\n|t:|1681712854\n|move|p1a: Dondozo|Protect|p1a: Dondozo\n|-singleturn|p1a: Dondozo|Protect\n|move|p2a: Frosmoth|Wide Guard|p2a: Frosmoth\n|-singleturn|p2a: Frosmoth|Wide Guard\n|move|p2b: Iron Moth|Sludge Wave|p1b: Tatsugiri|[spread] \n|-miss|p2b: Iron Moth|p1b: Tatsugiri\n|-activate|p2a: Frosmoth|move: Wide Guard\n|-activate|p1a: Dondozo|move: Protect\n|\n|upkeep\n|turn|10\n|\n|t:|1681712883\n|move|p2b: Iron Moth|Sludge Wave|p1b: Tatsugiri|[spread] p2a,p1a\n|-miss|p2b: Iron Moth|p1b: Tatsugiri\n|-damage|p2a: Frosmoth|10\/100\n|-damage|p1a: Dondozo|27\/100\n|move|p2a: Frosmoth|Icy Wind|p1b: Tatsugiri|[spread] p1a\n|-miss|p2a: Frosmoth|p1b: Tatsugiri\n|-supereffective|p1a: Dondozo\n|-damage|p1a: Dondozo|9\/100\n|-unboost|p1a: Dondozo|spe|1\n|move|p1a: Dondozo|Order Up|p2a: Frosmoth\n|-damage|p2a: Frosmoth|0 fnt\n|faint|p2a: Frosmoth\n|-boost|p1a: Dondozo|atk|1\n|\n|upkeep\n|turn|11\n|\n|t:|1681712900\n|move|p1a: Dondozo|Protect|p1a: Dondozo\n|-singleturn|p1a: Dondozo|Protect\n|move|p2b: Iron Moth|Sludge Wave|p1a: Dondozo|[spread] \n|-miss|p2b: Iron Moth|p1b: Tatsugiri\n|-activate|p1a: Dondozo|move: Protect\n|\n|upkeep\n|turn|12\n|\n|t:|1681712908\n|move|p2b: Iron Moth|Sludge Wave|p1a: Dondozo|[spread] p1a\n|-miss|p2b: Iron Moth|p1b: Tatsugiri\n|-damage|p1a: Dondozo|0 fnt\n|faint|p1a: Dondozo\n|\n|upkeep\n|turn|13\n|\n|t:|1681712919\n|move|p1b: Tatsugiri|Protect|p1b: Tatsugiri\n|-singleturn|p1b: Tatsugiri|Protect\n|move|p2b: Iron Moth|Sludge Wave|p1b: Tatsugiri\n|-activate|p1b: Tatsugiri|move: Protect\n|\n|upkeep\n|turn|14\n|\n|t:|1681712928\n|move|p2b: Iron Moth|Sludge Wave|p1b: Tatsugiri\n|-damage|p1b: Tatsugiri|0 fnt\n|faint|p1b: Tatsugiri\n|\n|win|Orhsfasr\n|raw|Flashab23's rating: 1000 → 1000<\/strong> (+0 for losing)\n|raw|Orhsfasr's rating: 1000 → 1040<\/strong> (+40 for winning)\n|l|\u2606Flashab23\n|l|\u2606Orhsfasr\n|j|\u2606Orhsfasr\n|player|p2|Orhsfasr|2\n","uploadtime":1681713054,"views":13,"p1id":"flashab23","p2id":"orhsfasr","formatid":"gen9vgc2023regulationc","rating":1000,"private":0,"password":""}