{"id":"gen9vgc2023regulationc-1851384138","p1":"Bloom 13","p2":"fonzee3000","format":"[Gen 9] VGC 2023 Regulation C","log":"|j|\u2606Bloom 13\n|j|\u2606fonzee3000\n|t:|1682440779\n|gametype|doubles\n|player|p1|Bloom 13|102|1255\n|player|p2|fonzee3000|steven|1293\n|teamsize|p1|6\n|teamsize|p2|6\n|gen|9\n|tier|[Gen 9] VGC 2023 Regulation C\n|rated|\n|rule|Species Clause: Limit one of each Pok\u00e9mon\n|rule|Item Clause: Limit one of each item\n|clearpoke\n|poke|p1|Chi-Yu, L50|\n|poke|p1|Flutter Mane, L50|\n|poke|p1|Glimmora, L50, F|\n|poke|p1|Gyarados, L50, F|\n|poke|p1|Breloom, L50, M|\n|poke|p1|Baxcalibur, L50, M|\n|poke|p2|Farigiraf, L50, F|\n|poke|p2|Iron Hands, L50|\n|poke|p2|Garchomp, L50, F|\n|poke|p2|Talonflame, L50, F|\n|poke|p2|Flutter Mane, L50|\n|poke|p2|Amoonguss, L50, M|\n|teampreview|4\nfonzee3000 has agreed to open team sheets.\nBloom 13 has agreed to open team sheets.\n|inactive|Battle timer is ON: inactive players will automatically lose when time's up. (requested by Bloom 13)\n|\n|t:|1682440834\n|start\n|switch|p1a: Gyarados|Gyarados, L50, F|100\/100\n|switch|p1b: Breloom|Breloom, L50, M|100\/100\n|switch|p2a: Farigiraf|Farigiraf, L50, F|100\/100\n|switch|p2b: Iron Hands|Iron Hands, L50, shiny|100\/100\n|-ability|p1a: Gyarados|Intimidate|boost\n|-unboost|p2a: Farigiraf|atk|1\n|-unboost|p2b: Iron Hands|atk|1\n|turn|1\n|inactive|Bloom 13 has 30 seconds left.\n|\n|t:|1682440864\n|switch|p1a: Baxcalibur|Baxcalibur, L50, M|100\/100\n|move|p2b: Iron Hands|Fake Out|p1b: Breloom\n|-damage|p1b: Breloom|83\/100\n|cant|p1b: Breloom|flinch\n|move|p2a: Farigiraf|Trick Room|p2a: Farigiraf\n|-fieldstart|move: Trick Room|[of] p2a: Farigiraf\n|\n|upkeep\n|turn|2\n|\n|t:|1682440881\n|move|p1a: Baxcalibur|Protect|p1a: Baxcalibur\n|-singleturn|p1a: Baxcalibur|Protect\n|move|p2b: Iron Hands|Drain Punch|p1a: Baxcalibur\n|-activate|p1a: Baxcalibur|move: Protect\n|move|p2a: Farigiraf|Psychic|p1b: Breloom\n|-supereffective|p1b: Breloom\n|-damage|p1b: Breloom|0 fnt\n|faint|p1b: Breloom\n|\n|upkeep\n|\n|t:|1682440889\n|switch|p1b: Gyarados|Gyarados, L50, F|100\/100\n|-ability|p1b: Gyarados|Intimidate|boost\n|-unboost|p2a: Farigiraf|atk|1\n|-unboost|p2b: Iron Hands|atk|1\n|turn|3\n|inactive|Bloom 13 has 30 seconds left.\n|inactive|fonzee3000 has 30 seconds left.\n|inactive|fonzee3000 has 20 seconds left.\n|inactive|fonzee3000 has 15 seconds left.\n|\n|t:|1682440937\n|move|p2b: Iron Hands|Wild Charge|p1b: Gyarados\n|-supereffective|p1b: Gyarados\n|-damage|p1b: Gyarados|0 fnt\n|faint|p1b: Gyarados\n|-damage|p2b: Iron Hands|80\/100|[from] Recoil\n|move|p2a: Farigiraf|Hyper Voice|p1a: Baxcalibur\n|-damage|p1a: Baxcalibur|62\/100\n|-enditem|p2a: Farigiraf|Throat Spray\n|-boost|p2a: Farigiraf|spa|1|[from] item: Throat Spray\n|move|p1a: Baxcalibur|Glaive Rush|p2a: Farigiraf\n|-damage|p2a: Farigiraf|8\/100\n|-singlemove|p1a: Baxcalibur|Glaive Rush|[silent]\n|-damage|p1a: Baxcalibur|53\/100|[from] item: Life Orb\n|\n|upkeep\n|\n|t:|1682440950\n|switch|p1b: Flutter Mane|Flutter Mane, L50|100\/100\n|-enditem|p1b: Flutter Mane|Booster Energy\n|-activate|p1b: Flutter Mane|ability: Protosynthesis|[fromitem]\n|-start|p1b: Flutter Mane|protosynthesisspa\n|turn|4\n|inactive|fonzee3000 has 30 seconds left.\n|inactive|fonzee3000 has 20 seconds left.\n|inactive|fonzee3000 has 15 seconds left.\n|\n|t:|1682440992\n|-terastallize|p1a: Baxcalibur|Poison\n|move|p1a: Baxcalibur|Ice Shard||[still]\n|cant|p2a: Farigiraf|ability: Armor Tail|Ice Shard|[of] p1a: Baxcalibur\n|move|p2b: Iron Hands|Drain Punch|p1a: Baxcalibur\n|-resisted|p1a: Baxcalibur\n|-damage|p1a: Baxcalibur|43\/100\n|-heal|p2b: Iron Hands|84\/100|[from] drain|[of] p1a: Baxcalibur\n|move|p2a: Farigiraf|Psychic|p1b: Flutter Mane\n|-damage|p1b: Flutter Mane|36\/100\n|-unboost|p1b: Flutter Mane|spd|1\n|move|p1b: Flutter Mane|Substitute|p1b: Flutter Mane\n|-start|p1b: Flutter Mane|Substitute\n|-damage|p1b: Flutter Mane|11\/100\n|\n|upkeep\n|turn|5\n|inactive|fonzee3000 has 30 seconds left.\n|\n|t:|1682441020\n|move|p2a: Farigiraf|Protect|p2a: Farigiraf\n|-singleturn|p2a: Farigiraf|Protect\n|move|p1a: Baxcalibur|Protect|p1a: Baxcalibur\n|-singleturn|p1a: Baxcalibur|Protect\n|move|p1b: Flutter Mane|Protect|p1b: Flutter Mane\n|-singleturn|p1b: Flutter Mane|Protect\n|move|p2b: Iron Hands|Heavy Slam|p1b: Flutter Mane\n|-activate|p1b: Flutter Mane|move: Protect\n|\n|-fieldend|move: Trick Room\n|upkeep\n|turn|6\n|inactive|fonzee3000 has 30 seconds left.\n|inactive|fonzee3000 has 20 seconds left.\n|inactive|fonzee3000 has 15 seconds left.\n|inactive|fonzee3000 has 10 seconds left.\n|\n|t:|1682441066\n|switch|p2a: Amoonguss|Amoonguss, L50, M|100\/100\n|move|p1b: Flutter Mane|Moonblast|p2b: Iron Hands\n|-supereffective|p2b: Iron Hands\n|-damage|p2b: Iron Hands|13\/100\n|move|p1a: Baxcalibur|Icicle Spear|p2b: Iron Hands\n|-damage|p2b: Iron Hands|0 fnt\n|faint|p2b: Iron Hands\n|-end|p2b: Iron Hands|Quark Drive|[silent]\n|-hitcount|p2: Iron Hands|1\n|-damage|p1a: Baxcalibur|33\/100|[from] item: Life Orb\n|\n|upkeep\n|\n|t:|1682441077\n|switch|p2b: Farigiraf|Farigiraf, L50, F|8\/100\n|turn|7\n|\n|t:|1682441090\n|-terastallize|p2a: Amoonguss|Water\n|move|p2a: Amoonguss|Rage Powder|p2a: Amoonguss\n|-singleturn|p2a: Amoonguss|move: Rage Powder\n|move|p1b: Flutter Mane|Moonblast|p2a: Amoonguss\n|-damage|p2a: Amoonguss|43\/100\n|move|p1a: Baxcalibur|Icicle Spear|p2a: Amoonguss\n|-resisted|p2a: Amoonguss\n|-damage|p2a: Amoonguss|34\/100\n|-resisted|p2a: Amoonguss\n|-damage|p2a: Amoonguss|25\/100\n|-resisted|p2a: Amoonguss\n|-damage|p2a: Amoonguss|17\/100\n|-resisted|p2a: Amoonguss\n|-damage|p2a: Amoonguss|9\/100\n|-resisted|p2a: Amoonguss\n|-crit|p2a: Amoonguss\n|-damage|p2a: Amoonguss|0 fnt\n|faint|p2a: Amoonguss\n|-hitcount|p2: Amoonguss|5\n|-damage|p1a: Baxcalibur|24\/100|[from] item: Life Orb\n|move|p2b: Farigiraf|Trick Room|p2b: Farigiraf\n|-fieldstart|move: Trick Room|[of] p2b: Farigiraf\n|\n|upkeep\n|\n|t:|1682441108\n|switch|p2a: Flutter Mane|Flutter Mane, L50|100\/100\n|-enditem|p2a: Flutter Mane|Booster Energy\n|-activate|p2a: Flutter Mane|ability: Protosynthesis|[fromitem]\n|-start|p2a: Flutter Mane|protosynthesisspa\n|turn|8\n|\n|t:|1682441123\n|move|p1a: Baxcalibur|Protect|p1a: Baxcalibur\n|-singleturn|p1a: Baxcalibur|Protect\n|move|p2b: Farigiraf|Psychic|p1b: Flutter Mane\n|-end|p1b: Flutter Mane|Substitute\n|move|p1b: Flutter Mane|Moonblast|p2b: Farigiraf\n|-damage|p2b: Farigiraf|0 fnt\n|faint|p2b: Farigiraf\n|move|p2a: Flutter Mane|Shadow Ball|p1b: Flutter Mane\n|-supereffective|p1b: Flutter Mane\n|-damage|p1b: Flutter Mane|0 fnt\n|faint|p1b: Flutter Mane\n|-end|p1b: Flutter Mane|Protosynthesis|[silent]\n|\n|upkeep\n|turn|9\n|\n|t:|1682441136\n|move|p1a: Baxcalibur|Icicle Spear|p2a: Flutter Mane\n|-damage|p2a: Flutter Mane|59\/100\n|-damage|p2a: Flutter Mane|24\/100\n|-hitcount|p2a: Flutter Mane|2\n|-damage|p1a: Baxcalibur|14\/100|[from] item: Life Orb\n|move|p2a: Flutter Mane|Shadow Ball|p1a: Baxcalibur\n|-damage|p1a: Baxcalibur|0 fnt\n|faint|p1a: Baxcalibur\n|\n|win|fonzee3000\n|raw|Bloom 13's rating: 1255 → 1233<\/strong> (-22 for losing)\n|raw|fonzee3000's rating: 1293 → 1315<\/strong> (+22 for winning)\n|l|\u2606Bloom 13\n","uploadtime":1682441152,"views":7,"p1id":"bloom13","p2id":"fonzee3000","formatid":"gen9vgc2023regulationc","rating":1233,"private":0,"password":""}