{"id":"gen9vgc2023regulationc-1852895480","p1":"MasterofMetapods5","p2":"Pierre113","format":"[Gen 9] VGC 2023 Regulation C","log":"|j|\u2606MasterofMetapods5\n|j|\u2606Pierre113\n|t:|1682615320\n|gametype|doubles\n|player|p1|MasterofMetapods5|lance|1506\n|player|p2|Pierre113|palmer|1499\n|teamsize|p1|6\n|teamsize|p2|6\n|gen|9\n|tier|[Gen 9] VGC 2023 Regulation C\n|rated|\n|rule|Species Clause: Limit one of each Pok\u00e9mon\n|rule|Item Clause: Limit one of each item\n|clearpoke\n|poke|p1|Torkoal, L50, M|\n|poke|p1|Flutter Mane, L50|\n|poke|p1|Kingambit, L50, M|\n|poke|p1|Great Tusk, L50|\n|poke|p1|Gothitelle, L50, F|\n|poke|p1|Dragonite, L50, M|\n|poke|p2|Flutter Mane, L50|\n|poke|p2|Amoonguss, L50, F|\n|poke|p2|Chi-Yu, L50|\n|poke|p2|Gyarados, L50, M|\n|poke|p2|Iron Hands, L50|\n|poke|p2|Gholdengo, L50|\n|teampreview|4\nPierre113 has agreed to open team sheets.\nMasterofMetapods5 has agreed to open team sheets.\n|\n|t:|1682615389\n|start\n|switch|p1a: Flutter Mane|Flutter Mane, L50|100\/100\n|switch|p1b: Gothitelle|Gothitelle, L50, F|100\/100\n|switch|p2a: Iron Hands|Iron Hands, L50|100\/100\n|switch|p2b: Chi-Yu|Chi-Yu, L50|100\/100\n|-ability|p2b: Chi-Yu|Beads of Ruin\n|turn|1\n|j| Debauchery\n|inactive|Battle timer is ON: inactive players will automatically lose when time's up. (requested by Pierre113)\n|\n|t:|1682615435\n|-end|p1a: Flutter Mane|Protosynthesis|[silent]\n|switch|p1a: Great Tusk|Great Tusk, L50|100\/100\n|move|p1b: Gothitelle|Fake Out|p2b: Chi-Yu\n|-damage|p2b: Chi-Yu|92\/100\n|cant|p2b: Chi-Yu|flinch\n|move|p2a: Iron Hands|Volt Switch|p1a: Great Tusk\n|-immune|p1a: Great Tusk\n|\n|upkeep\n|turn|2\n|inactive|Pierre113 has 30 seconds left.\n|\n|t:|1682615468\n|switch|p1b: Torkoal|Torkoal, L50, M|100\/100\n|-weather|SunnyDay|[from] ability: Drought|[of] p1b: Torkoal\n|-activate|p1a: Great Tusk|ability: Protosynthesis\n|-start|p1a: Great Tusk|protosynthesisatk\n|-terastallize|p2b: Chi-Yu|Grass\n|move|p1a: Great Tusk|Headlong Rush|p2a: Iron Hands\n|-supereffective|p2a: Iron Hands\n|-damage|p2a: Iron Hands|0 fnt\n|-unboost|p1a: Great Tusk|def|1\n|-unboost|p1a: Great Tusk|spd|1\n|faint|p2a: Iron Hands\n|-end|p2a: Iron Hands|Quark Drive|[silent]\n|move|p2b: Chi-Yu|Heat Wave|p1a: Great Tusk|[spread] p1a,p1b\n|-resisted|p1b: Torkoal\n|-damage|p1a: Great Tusk|0 fnt\n|-damage|p1b: Torkoal|33\/100\n|faint|p1a: Great Tusk\n|-end|p1a: Great Tusk|Protosynthesis|[silent]\n|\n|-weather|SunnyDay|[upkeep]\n|upkeep\n|\n|t:|1682615487\n|switch|p1a: Flutter Mane|Flutter Mane, L50|100\/100\n|switch|p2a: Flutter Mane|Flutter Mane, L50|100\/100\n|-activate|p1a: Flutter Mane|ability: Protosynthesis\n|-start|p1a: Flutter Mane|protosynthesisspa\n|-activate|p2a: Flutter Mane|ability: Protosynthesis\n|-start|p2a: Flutter Mane|protosynthesisspa\n|turn|3\n|inactive|Pierre113 has 30 seconds left.\n|inactive|Pierre113 has 20 seconds left.\n|inactive|Pierre113 has 15 seconds left.\n|\n|t:|1682615528\n|-terastallize|p1a: Flutter Mane|Ghost\n|move|p1a: Flutter Mane|Shadow Ball|p2a: Flutter Mane\n|-supereffective|p2a: Flutter Mane\n|-damage|p2a: Flutter Mane|0 fnt\n|faint|p2a: Flutter Mane\n|-end|p2a: Flutter Mane|Protosynthesis|[silent]\n|move|p2b: Chi-Yu|Heat Wave|p1b: Torkoal|[spread] p1a,p1b\n|-resisted|p1b: Torkoal\n|-enditem|p1a: Flutter Mane|Focus Sash\n|-damage|p1a: Flutter Mane|1\/100\n|-damage|p1b: Torkoal|0 fnt\n|faint|p1b: Torkoal\n|\n|-weather|SunnyDay|[upkeep]\n|upkeep\n|\n|t:|1682615534\n|switch|p2a: Amoonguss|Amoonguss, L50, F|100\/100\n|switch|p1b: Gothitelle|Gothitelle, L50, F|100\/100\n|turn|4\n|\n|t:|1682615555\n|move|p1b: Gothitelle|Fake Out|p2a: Amoonguss\n|-damage|p2a: Amoonguss|96\/100\n|cant|p2a: Amoonguss|flinch\n|move|p1a: Flutter Mane|Shadow Ball|p2b: Chi-Yu\n|-damage|p2b: Chi-Yu|7\/100\n|move|p2b: Chi-Yu|Heat Wave|p1b: Gothitelle|[spread] p1a,p1b\n|-damage|p1a: Flutter Mane|0 fnt\n|-damage|p1b: Gothitelle|15\/100\n|-enditem|p1b: Gothitelle|Sitrus Berry|[eat]\n|-heal|p1b: Gothitelle|40\/100|[from] item: Sitrus Berry\n|faint|p1a: Flutter Mane\n|-end|p1a: Flutter Mane|Protosynthesis|[silent]\n|\n|-weather|SunnyDay|[upkeep]\n|upkeep\n|turn|5\n|\n|t:|1682615566\n|move|p2b: Chi-Yu|Heat Wave|p1b: Gothitelle\n|-damage|p1b: Gothitelle|0 fnt\n|faint|p1b: Gothitelle\n|\n|win|Pierre113\n|raw|MasterofMetapods5's rating: 1506 → 1486<\/strong> (-20 for losing)\n|raw|Pierre113's rating: 1499 → 1519<\/strong> (+20 for winning)\n","uploadtime":1682615574,"views":12,"p1id":"masterofmetapods5","p2id":"pierre113","formatid":"gen9vgc2023regulationc","rating":1486,"private":0,"password":""}