{"id":"gen9vgc2023regulationc-1845914882","p1":"lagartolocura","p2":"fabrikah","format":"[Gen 9] VGC 2023 Regulation C","log":"|j|\u2606lagartolocura\n|j|\u2606fabrikah\n|t:|1681778751\n|gametype|doubles\n|player|p1|lagartolocura|pokemaniac|\n|player|p2|fabrikah|will|\n|teamsize|p1|6\n|teamsize|p2|6\n|gen|9\n|tier|[Gen 9] VGC 2023 Regulation C\n|rule|Species Clause: Limit one of each Pok\u00e9mon\n|rule|Item Clause: Limit one of each item\n|clearpoke\n|poke|p1|Ting-Lu, L50|\n|poke|p1|Flutter Mane, L50|\n|poke|p1|Arcanine, L50, M|\n|poke|p1|Palafin, L50, F|\n|poke|p1|Annihilape, L50, M|\n|poke|p1|Maushold-Four, L50|\n|poke|p2|Amoonguss, L50, M|\n|poke|p2|Ting-Lu, L50|\n|poke|p2|Chien-Pao, L50|\n|poke|p2|Dragonite, L50, M|\n|poke|p2|Grimmsnarl, L50, M|\n|poke|p2|Arcanine, L50, F|\n|teampreview|4\n|c|\u2606lagartolocura|Suerte!\n|\n|t:|1681778810\n|start\n|switch|p1a: Martin|Annihilape, L50, M|100\/100\n|switch|p1b: Palafin|Palafin, L50, F|100\/100\n|switch|p2a: Grimmsnarl|Grimmsnarl, L50, M|100\/100\n|switch|p2b: Amoonguss|Amoonguss, L50, M|100\/100\n|turn|1\n|\n|t:|1681778828\n|detailschange|p1b: Palafin|Palafin-Hero, L50, F\n|switch|p1b: Michele|Maushold-Four, L50|100\/100\n|move|p1a: Martin|Protect|p1a: Martin\n|-singleturn|p1a: Martin|Protect\n|move|p2a: Grimmsnarl|Reflect|p2a: Grimmsnarl\n|-sidestart|p2: fabrikah|Reflect\n|move|p2b: Amoonguss|Spore|p1a: Martin\n|-activate|p1a: Martin|move: Protect\n|\n|upkeep\n|turn|2\n|\n|t:|1681778842\n|move|p1b: Michele|Follow Me|p1b: Michele\n|-singleturn|p1b: Michele|move: Follow Me\n|move|p1a: Martin|Bulk Up|p1a: Martin\n|-boost|p1a: Martin|atk|1\n|-boost|p1a: Martin|def|1\n|move|p2a: Grimmsnarl|Spirit Break|p1b: Michele\n|-damage|p1b: Michele|61\/100\n|-unboost|p1b: Michele|spa|1\n|move|p2b: Amoonguss|Spore|p1b: Michele\n|-activate|p1b: Michele|item: Safety Goggles|Spore\n|\n|upkeep\n|turn|3\n|\n|t:|1681778871\n|move|p2b: Amoonguss|Protect|p2b: Amoonguss\n|-singleturn|p2b: Amoonguss|Protect\n|move|p1b: Michele|Follow Me|p1b: Michele\n|-singleturn|p1b: Michele|move: Follow Me\n|move|p1a: Martin|Bulk Up|p1a: Martin\n|-boost|p1a: Martin|atk|1\n|-boost|p1a: Martin|def|1\n|move|p2a: Grimmsnarl|Spirit Break|p1b: Michele\n|-damage|p1b: Michele|25\/100\n|-unboost|p1b: Michele|spa|1\n|\n|upkeep\n|turn|4\n|\n|t:|1681778900\n|-terastallize|p1a: Martin|Fire\n|move|p1b: Michele|Beat Up|p1a: Martin\n|-damage|p1a: Martin|99\/100\n|-damage|p1a: Martin|99\/100\n|-damage|p1a: Martin|97\/100\n|-damage|p1a: Martin|97\/100\n|-hitcount|p1a: Martin|4\n|move|p1a: Martin|Rage Fist|p2b: Amoonguss\n|-damage|p2b: Amoonguss|0 fnt\n|faint|p2b: Amoonguss\n|move|p2a: Grimmsnarl|Spirit Break|p1b: Michele\n|-crit|p1b: Michele\n|-damage|p1b: Michele|0 fnt\n|faint|p1b: Michele\n|\n|-heal|p1a: Martin|100\/100|[from] item: Leftovers\n|upkeep\n|\n|t:|1681778913\n|switch|p1b: Palafin|Palafin-Hero, L50, F|100\/100\n|switch|p2b: Chien-Pao|Chien-Pao, L50|100\/100\n|-ability|p2b: Chien-Pao|Sword of Ruin\n|-activate|p1b: Palafin|ability: Zero to Hero\n|turn|5\n|\n|t:|1681778926\n|move|p2b: Chien-Pao|Protect|p2b: Chien-Pao\n|-singleturn|p2b: Chien-Pao|Protect\n|move|p1a: Martin|Protect|p1a: Martin\n|-singleturn|p1a: Martin|Protect\n|move|p1b: Palafin|Jet Punch|p2b: Chien-Pao\n|-activate|p2b: Chien-Pao|move: Protect\n|move|p2a: Grimmsnarl|Parting Shot|p1b: Palafin\n|-unboost|p1b: Palafin|atk|1\n|-unboost|p1b: Palafin|spa|1\n|\n|t:|1681778936\n|switch|p2a: Dragonite|Dragonite, L50, M|100\/100|[from] Parting Shot\n|\n|upkeep\n|turn|6\n|\n|t:|1681778970\n|-terastallize|p2a: Dragonite|Normal\n|move|p2a: Dragonite|Extreme Speed|p1a: Martin\n|-damage|p1a: Martin|60\/100\n|move|p1b: Palafin|Jet Punch|p2b: Chien-Pao\n|-damage|p2b: Chien-Pao|72\/100\n|move|p2b: Chien-Pao|Sacred Sword|p1a: Martin\n|-damage|p1a: Martin|25\/100\n|move|p1a: Martin|Drain Punch|p2b: Chien-Pao\n|-supereffective|p2b: Chien-Pao\n|-damage|p2b: Chien-Pao|0 fnt\n|-heal|p1a: Martin|51\/100|[from] drain|[of] p2b: Chien-Pao\n|faint|p2b: Chien-Pao\n|\n|-heal|p1a: Martin|58\/100|[from] item: Leftovers\n|upkeep\n|\n|t:|1681778984\n|switch|p2b: Grimmsnarl|Grimmsnarl, L50, M|100\/100\n|turn|7\n|\n|t:|1681778998\n|move|p2a: Dragonite|Extreme Speed|p1a: Martin\n|-damage|p1a: Martin|25\/100\n|move|p1b: Palafin|Wave Crash|p2b: Grimmsnarl\n|-damage|p2b: Grimmsnarl|45\/100\n|-damage|p1b: Palafin|82\/100|[from] Recoil\n|move|p1a: Martin|Drain Punch|p2a: Dragonite\n|-supereffective|p2a: Dragonite\n|-damage|p2a: Dragonite|0 fnt\n|-heal|p1a: Martin|64\/100|[from] drain|[of] p2a: Dragonite\n|faint|p2a: Dragonite\n|move|p2b: Grimmsnarl|Spirit Break|p1a: Martin\n|-resisted|p1a: Martin\n|-damage|p1a: Martin|57\/100\n|-unboost|p1a: Martin|spa|1\n|-ability|p1a: Martin|Defiant|boost\n|-boost|p1a: Martin|atk|2\n|\n|-heal|p1a: Martin|63\/100|[from] item: Leftovers\n|upkeep\n|turn|8\n|-message|fabrikah forfeited.\n|\n|win|lagartolocura\n|l|\u2606fabrikah\n","uploadtime":1681779016,"views":13,"p1id":"lagartolocura","p2id":"fabrikah","formatid":"gen9vgc2023regulationc","rating":0,"private":0,"password":""}