{"id":"gen9vgc2023regulationc-1852643911","p1":"SlifVGC","p2":"gEBEMBA","format":"[Gen 9] VGC 2023 Regulation C","log":"|j|\u2606SlifVGC\n|j|\u2606gEBEMBA\n|t:|1682590237\n|gametype|doubles\n|player|p1|SlifVGC|169|\n|player|p2|gEBEMBA|266|\n|teamsize|p1|6\n|teamsize|p2|6\n|gen|9\n|tier|[Gen 9] VGC 2023 Regulation C\n|rule|Species Clause: Limit one of each Pok\u00e9mon\n|rule|Item Clause: Limit one of each item\n|clearpoke\n|poke|p1|Annihilape, L50, M|\n|poke|p1|Chien-Pao, L50|\n|poke|p1|Flutter Mane, L50|\n|poke|p1|Arcanine, L50, M|\n|poke|p1|Palafin, L50, F|\n|poke|p1|Amoonguss, L50, F|\n|poke|p2|Iron Moth, L50|\n|poke|p2|Talonflame, L50, F|\n|poke|p2|Flutter Mane, L50|\n|poke|p2|Gyarados, L50, M|\n|poke|p2|Luxray, L50, M|\n|poke|p2|Ting-Lu, L50|\n|teampreview|4\ngEBEMBA has agreed to open team sheets.\n|inactive|Battle timer is ON: inactive players will automatically lose when time's up. (requested by gEBEMBA)\n|\n|t:|1682590283\n|start\n|switch|p1a: Winton|Annihilape, L50, M, shiny|100\/100\n|switch|p1b: Goodest Boi|Arcanine, L50, M, shiny|100\/100\n|switch|p2a: Iron Moth|Iron Moth, L50|100\/100\n|switch|p2b: Ting-Lu|Ting-Lu, L50|100\/100\n|-ability|p1b: Goodest Boi|Intimidate|boost\n|-unboost|p2a: Iron Moth|atk|1\n|-unboost|p2b: Ting-Lu|atk|1\n|-ability|p2b: Ting-Lu|Vessel of Ruin\n|-enditem|p2a: Iron Moth|Booster Energy\n|-activate|p2a: Iron Moth|ability: Quark Drive|[fromitem]\n|-start|p2a: Iron Moth|quarkdrivespa\n|turn|1\n|\n|t:|1682590306\n|move|p2a: Iron Moth|Fiery Dance|p1a: Winton\n|-damage|p1a: Winton|82\/100\n|-boost|p2a: Iron Moth|spa|1\n|move|p1b: Goodest Boi|Howl|p1b: Goodest Boi|[spread] p1a,p1b\n|-boost|p1a: Winton|atk|1\n|-boost|p1b: Goodest Boi|atk|1\n|move|p1a: Winton|Drain Punch|p2b: Ting-Lu\n|-supereffective|p2b: Ting-Lu\n|-damage|p2b: Ting-Lu|52\/100\n|-heal|p1a: Winton|100\/100|[from] drain|[of] p2b: Ting-Lu\n|move|p2b: Ting-Lu|Fissure|p1b: Goodest Boi\n|-damage|p1b: Goodest Boi|0 fnt\n|faint|p1b: Goodest Boi\n|-ohko\n|\n|upkeep\n|inactive|SlifVGC has 30 seconds left.\n|\n|t:|1682590332\n|switch|p1b: Farter Man|Flutter Mane, L50, shiny|100\/100\n|turn|2\n|\n|t:|1682590349\n|move|p2a: Iron Moth|Fiery Dance|p1b: Farter Man\n|-damage|p1b: Farter Man|43\/100\n|-boost|p2a: Iron Moth|spa|1\n|move|p1b: Farter Man|Moonblast|p2b: Ting-Lu\n|-supereffective|p2b: Ting-Lu\n|-damage|p2b: Ting-Lu|0 fnt\n|faint|p2b: Ting-Lu\n|move|p1a: Winton|Rage Fist|p2a: Iron Moth\n|-damage|p2a: Iron Moth|6\/100\n|\n|upkeep\n|\n|t:|1682590357\n|switch|p2b: Flutter Mane|Flutter Mane, L50|100\/100\n|turn|3\n|inactive|SlifVGC has 30 seconds left.\n|inactive|gEBEMBA has 30 seconds left.\n|inactive|gEBEMBA has 20 seconds left.\n|\n|t:|1682590393\n|-terastallize|p1a: Winton|Electric\n|move|p2b: Flutter Mane|Shadow Ball|p1b: Farter Man\n|-supereffective|p1b: Farter Man\n|-damage|p1b: Farter Man|0 fnt\n|faint|p1b: Farter Man\n|-end|p1b: Farter Man|Protosynthesis|[silent]\n|move|p2a: Iron Moth|Fiery Dance|p1a: Winton\n|-damage|p1a: Winton|51\/100\n|move|p1a: Winton|Drain Punch|p2a: Iron Moth\n|-resisted|p2a: Iron Moth\n|-damage|p2a: Iron Moth|0 fnt\n|-heal|p1a: Winton|53\/100|[from] drain|[of] p2a: Iron Moth\n|faint|p2a: Iron Moth\n|-end|p2a: Iron Moth|Quark Drive|[silent]\n|\n|upkeep\n|\n|t:|1682590405\n|switch|p2a: Luxray|Luxray, L50, M, shiny|100\/100\n|switch|p1b: POLLEN PUFF|Amoonguss, L50, F, shiny|100\/100\n|-ability|p2a: Luxray|Intimidate|boost\n|-unboost|p1a: Winton|atk|1\n|-ability|p1a: Winton|Defiant|boost\n|-boost|p1a: Winton|atk|2\n|-unboost|p1b: POLLEN PUFF|atk|1\n|turn|4\n|inactive|SlifVGC has 30 seconds left.\n|inactive|gEBEMBA has 30 seconds left.\n|\n|t:|1682590440\n|move|p2b: Flutter Mane|Shadow Ball|p1a: Winton\n|-crit|p1a: Winton\n|-damage|p1a: Winton|24\/100\n|-unboost|p1a: Winton|spd|1\n|-ability|p1a: Winton|Defiant|boost\n|-boost|p1a: Winton|atk|2\n|move|p1a: Winton|Drain Punch|p2a: Luxray\n|-damage|p2a: Luxray|0 fnt\n|-heal|p1a: Winton|67\/100|[from] drain|[of] p2a: Luxray\n|faint|p2a: Luxray\n|move|p1b: POLLEN PUFF|Spore|p2b: Flutter Mane\n|-status|p2b: Flutter Mane|slp|[from] move: Spore\n|\n|upkeep\n|turn|5\n|-message|gEBEMBA forfeited.\n|\n|win|SlifVGC\n|l|\u2606gEBEMBA\n","uploadtime":1682590461,"views":6,"p1id":"slifvgc","p2id":"gebemba","formatid":"gen9vgc2023regulationc","rating":0,"private":0,"password":""}