{"id":"gen9vgc2023regulationc-1851831651","p1":"TrainerDylan24","p2":"buhuilongwu","format":"[Gen 9] VGC 2023 Regulation C","log":"|j|\u2606TrainerDylan24\n|j|\u2606buhuilongwu\n|t:|1682491710\n|gametype|doubles\n|player|p1|TrainerDylan24|swimmerf|1104\n|player|p2|buhuilongwu|giovanni-gen3|1041\n|teamsize|p1|6\n|teamsize|p2|5\n|gen|9\n|tier|[Gen 9] VGC 2023 Regulation C\n|rated|\n|rule|Species Clause: Limit one of each Pok\u00e9mon\n|rule|Item Clause: Limit one of each item\n|clearpoke\n|poke|p1|Annihilape, L50, F|\n|poke|p1|Bellibolt, L50, F|\n|poke|p1|Dondozo, L50, F|\n|poke|p1|Tatsugiri, L50, F|\n|poke|p1|Iron Hands, L50|\n|poke|p1|Kingambit, L50, M|\n|poke|p2|Ting-Lu, L50|\n|poke|p2|Stonjourner, L50, F|\n|poke|p2|Amoonguss, L50, F|\n|poke|p2|Annihilape, L50, M|\n|poke|p2|Dragapult, L50, M|\n|teampreview|4\n|inactive|Battle timer is ON: inactive players will automatically lose when time's up. (requested by buhuilongwu)\n|inactive|TrainerDylan24 has 60 seconds left.\n|\n|t:|1682491761\n|start\n|switch|p1a: Tatsugiri|Tatsugiri, L50, F|100\/100\n|switch|p1b: Dondozo|Dondozo, L50, F|100\/100\n|switch|p2a: Annihilape|Annihilape, L50, M|100\/100\n|switch|p2b: Stonjourner|Stonjourner, L50, F|100\/100\n|-activate|p1a: Tatsugiri|ability: Commander|[of] p1b: Dondozo\n|-boost|p1b: Dondozo|atk|2\n|-boost|p1b: Dondozo|spa|2\n|-boost|p1b: Dondozo|spe|2\n|-boost|p1b: Dondozo|def|2\n|-boost|p1b: Dondozo|spd|2\n|turn|1\n|\n|t:|1682491772\n|move|p2a: Annihilape|Final Gambit|p1b: Dondozo\n|-damage|p1b: Dondozo|4\/100\n|faint|p2a: Annihilape\n|move|p1b: Dondozo|Waterfall|p2b: Stonjourner\n|-supereffective|p2b: Stonjourner\n|-damage|p2b: Stonjourner|22\/100\n|move|p2b: Stonjourner|Stealth Rock|p1b: Dondozo\n|-sidestart|p1: TrainerDylan24|move: Stealth Rock\n|\n|-heal|p1b: Dondozo|11\/100|[from] item: Leftovers\n|-heal|p2b: Stonjourner|28\/100|[from] item: Leftovers\n|upkeep\n|\n|t:|1682491778\n|switch|p2a: Dragapult|Dragapult, L50, M|100\/100\n|turn|2\n|\n|t:|1682491788\n|move|p2a: Dragapult|Dragon Darts|p1b: Dondozo\n|-damage|p1b: Dondozo|0 fnt\n|faint|p1b: Dondozo\n|move|p2b: Stonjourner|Gravity|p2b: Stonjourner\n|-fieldstart|move: Gravity\n|\n|-heal|p2b: Stonjourner|34\/100|[from] item: Leftovers\n|upkeep\n|inactive|TrainerDylan24 has 30 seconds left.\n|\n|t:|1682491816\n|switch|p1b: Kingambit|Kingambit, L50, M|100\/100\n|-damage|p1b: Kingambit|94\/100|[from] Stealth Rock\n|turn|3\n|\n|t:|1682491827\n|switch|p2a: Ting-Lu|Ting-Lu, L50|100\/100\n|-ability|p2a: Ting-Lu|Vessel of Ruin\n|move|p2b: Stonjourner|Wide Guard|p2b: Stonjourner\n|-singleturn|p2b: Stonjourner|Wide Guard\n|move|p1b: Kingambit|Sucker Punch||[still]\n|-fail|p1b: Kingambit\n|move|p1a: Tatsugiri|Muddy Water|p2b: Stonjourner|[spread] \n|-activate|p2a: Ting-Lu|move: Wide Guard\n|-activate|p2b: Stonjourner|move: Wide Guard\n|\n|-heal|p2b: Stonjourner|40\/100|[from] item: Leftovers\n|upkeep\n|turn|4\n|inactive|TrainerDylan24 has 30 seconds left.\n|\n|t:|1682491855\n|move|p2b: Stonjourner|Wide Guard|p2b: Stonjourner\n|-singleturn|p2b: Stonjourner|Wide Guard\n|move|p1a: Tatsugiri|Dragon Pulse|p2b: Stonjourner\n|-damage|p2b: Stonjourner|0 fnt\n|faint|p2b: Stonjourner\n|move|p1b: Kingambit|Iron Head|p2a: Ting-Lu\n|-damage|p2a: Ting-Lu|73\/100\n|move|p2a: Ting-Lu|Fissure|p1b: Kingambit\n|-damage|p1b: Kingambit|0 fnt\n|faint|p1b: Kingambit\n|-ohko\n|\n|upkeep\n|\n|t:|1682491874\n|switch|p2b: Dragapult|Dragapult, L50, M|100\/100\n|switch|p1b: Bellibolt|Bellibolt, L50, F|100\/100\n|-damage|p1b: Bellibolt|88\/100|[from] Stealth Rock\n|turn|5\n|\n|t:|1682491888\n|-terastallize|p1b: Bellibolt|Flying\n|move|p2b: Dragapult|Dragon Darts|p1a: Tatsugiri\n|-supereffective|p1a: Tatsugiri\n|-enditem|p1a: Tatsugiri|Focus Sash\n|-damage|p1a: Tatsugiri|1\/100\n|-anim|p2b: Dragapult|Dragon Darts|p1b: Bellibolt\n|-damage|p1b: Bellibolt|50\/100\n|-start|p1b: Bellibolt|Charge|Dragon Darts|[from] ability: Electromorphosis\n|move|p1a: Tatsugiri|Icy Wind|p2a: Ting-Lu|[spread] p2a,p2b\n|-supereffective|p2a: Ting-Lu\n|-crit|p2a: Ting-Lu\n|-supereffective|p2b: Dragapult\n|-damage|p2a: Ting-Lu|60\/100\n|-damage|p2b: Dragapult|75\/100\n|-unboost|p2a: Ting-Lu|spe|1\n|-unboost|p2b: Dragapult|spe|1\n|move|p1b: Bellibolt|Acid Spray|p2a: Ting-Lu\n|-resisted|p2a: Ting-Lu\n|-damage|p2a: Ting-Lu|59\/100\n|-unboost|p2a: Ting-Lu|spd|2\n|move|p2a: Ting-Lu|Fissure|p1b: Bellibolt|[miss]\n|-miss|p2a: Ting-Lu|p1b: Bellibolt\n|\n|upkeep\n|turn|6\n|\n|t:|1682491910\n|move|p1a: Tatsugiri|Dragon Pulse|p2b: Dragapult\n|-supereffective|p2b: Dragapult\n|-damage|p2b: Dragapult|0 fnt\n|faint|p2b: Dragapult\n|move|p1b: Bellibolt|Chilling Water|p2a: Ting-Lu\n|-supereffective|p2a: Ting-Lu\n|-damage|p2a: Ting-Lu|40\/100\n|-unboost|p2a: Ting-Lu|atk|1\n|move|p2a: Ting-Lu|Stomping Tantrum|p1b: Bellibolt\n|-damage|p1b: Bellibolt|18\/100\n|-start|p1b: Bellibolt|Charge|Stomping Tantrum|[from] ability: Electromorphosis\n|-damage|p2a: Ting-Lu|24\/100|[from] item: Rocky Helmet|[of] p1b: Bellibolt\n|\n|-fieldend|move: Gravity\n|upkeep\n|turn|7\n|inactive|TrainerDylan24 has 30 seconds left.\n|\n|t:|1682491940\n|move|p1a: Tatsugiri|Muddy Water|p2a: Ting-Lu\n|-supereffective|p2a: Ting-Lu\n|-damage|p2a: Ting-Lu|0 fnt\n|faint|p2a: Ting-Lu\n|\n|win|TrainerDylan24\n|raw|TrainerDylan24's rating: 1104 → 1125<\/strong> (+21 for winning)\n|raw|buhuilongwu's rating: 1041 → 1028<\/strong> (-13 for losing)\n|l|\u2606buhuilongwu\n","uploadtime":1682491947,"views":14,"p1id":"trainerdylan24","p2id":"buhuilongwu","formatid":"gen9vgc2023regulationc","rating":1028,"private":0,"password":""}