{"id":"gen9vgc2023regulationc-1857628966","p1":"PerroDog","p2":"Missed Ledgedash","format":"[Gen 9] VGC 2023 Regulation C","log":"|j|\u2606PerroDog\n|j|\u2606Missed Ledgedash\n|t:|1683215127\n|gametype|doubles\n|player|p1|PerroDog|1|1444\n|player|p2|Missed Ledgedash|juan-gen3|1377\n|teamsize|p1|6\n|teamsize|p2|6\n|gen|9\n|tier|[Gen 9] VGC 2023 Regulation C\n|rated|\n|rule|Species Clause: Limit one of each Pok\u00e9mon\n|rule|Item Clause: Limit one of each item\n|clearpoke\n|poke|p1|Dragapult, L50, M|\n|poke|p1|Ting-Lu, L50|\n|poke|p1|Flutter Mane, L50|\n|poke|p1|Chi-Yu, L50|\n|poke|p1|Gyarados, L50, F|\n|poke|p1|Amoonguss, L50, F|\n|poke|p2|Flutter Mane, L50|\n|poke|p2|Arcanine, L50, M|\n|poke|p2|Amoonguss, L50, M|\n|poke|p2|Palafin, L50, M|\n|poke|p2|Corviknight, L50, M|\n|poke|p2|Iron Hands, L50|\n|teampreview|4\nMissed Ledgedash has agreed to open team sheets.\n|\n|t:|1683215183\n|start\n|switch|p1a: Dragapult|Dragapult, L50, M|100\/100\n|switch|p1b: Gyarados|Gyarados, L50, F|100\/100\n|switch|p2a: Palafin|Palafin, L50, M|100\/100\n|switch|p2b: Flutter Mane|Flutter Mane, L50|100\/100\n|-ability|p1b: Gyarados|Intimidate|boost\n|-unboost|p2a: Palafin|atk|1\n|-unboost|p2b: Flutter Mane|atk|1\n|turn|1\n|\n|t:|1683215214\n|detailschange|p2a: Palafin|Palafin-Hero, L50, M\n|switch|p2a: Iron Hands|Iron Hands, L50|100\/100\n|move|p1a: Dragapult|Phantom Force||[still]\n|-prepare|p1a: Dragapult|Phantom Force\n|move|p2b: Flutter Mane|Dazzling Gleam|p1b: Gyarados|[spread] p1b\n|-miss|p2b: Flutter Mane|p1a: Dragapult\n|-damage|p1b: Gyarados|71\/100\n|move|p1b: Gyarados|Thunder Wave|p2b: Flutter Mane\n|-status|p2b: Flutter Mane|par\n|\n|upkeep\n|turn|2\n|\n|t:|1683215239\n|move|p1a: Dragapult|Phantom Force|p2b: Flutter Mane|[from]lockedmove\n|-supereffective|p2b: Flutter Mane\n|-damage|p2b: Flutter Mane|0 fnt\n|faint|p2b: Flutter Mane\n|-end|p2b: Flutter Mane|Protosynthesis|[silent]\n|-damage|p1a: Dragapult|91\/100|[from] item: Life Orb\n|move|p1b: Gyarados|Chilling Water|p2a: Iron Hands\n|-damage|p2a: Iron Hands|95\/100\n|-unboost|p2a: Iron Hands|atk|1\n|move|p2a: Iron Hands|Drain Punch|p1b: Gyarados\n|-resisted|p1b: Gyarados\n|-damage|p1b: Gyarados|59\/100\n|-heal|p2a: Iron Hands|99\/100|[from] drain|[of] p1b: Gyarados\n|\n|upkeep\n|\n|t:|1683215253\n|switch|p2b: Corviknight|Corviknight, L50, M|100\/100\n|turn|3\n|\n|t:|1683215265\n|-end|p2a: Iron Hands|Quark Drive|[silent]\n|switch|p2a: Palafin|Palafin-Hero, L50, M|100\/100\n|-activate|p2a: Palafin|ability: Zero to Hero\n|move|p1a: Dragapult|Dragon Darts|p2b: Corviknight\n|-resisted|p2b: Corviknight\n|-damage|p2b: Corviknight|87\/100\n|-anim|p1a: Dragapult|Dragon Darts|p2a: Palafin\n|-damage|p2a: Palafin|71\/100\n|-damage|p1a: Dragapult|81\/100|[from] item: Life Orb\n|move|p1b: Gyarados|Thunder Wave|p2b: Corviknight\n|-status|p2b: Corviknight|par\n|cant|p2b: Corviknight|par\n|\n|-heal|p2b: Corviknight|93\/100 par|[from] item: Leftovers\n|upkeep\n|turn|4\n|\n|t:|1683215283\n|move|p1a: Dragapult|Phantom Force||[still]\n|-prepare|p1a: Dragapult|Phantom Force\n|move|p2a: Palafin|Wave Crash|p1a: Dragapult|[miss]\n|-miss|p2a: Palafin|p1a: Dragapult\n|move|p1b: Gyarados|Chilling Water|p2a: Palafin\n|-resisted|p2a: Palafin\n|-damage|p2a: Palafin|66\/100\n|-unboost|p2a: Palafin|atk|1\n|move|p2b: Corviknight|Substitute|p2b: Corviknight\n|-start|p2b: Corviknight|Substitute\n|-damage|p2b: Corviknight|68\/100 par\n|\n|-heal|p2b: Corviknight|74\/100 par|[from] item: Leftovers\n|upkeep\n|turn|5\n|\n|t:|1683215296\n|switch|p2a: Iron Hands|Iron Hands, L50|99\/100\n|move|p1a: Dragapult|Phantom Force|p2a: Iron Hands|[from]lockedmove\n|-damage|p2a: Iron Hands|63\/100\n|-damage|p1a: Dragapult|72\/100|[from] item: Life Orb\n|move|p1b: Gyarados|Thunder Wave|p2a: Iron Hands\n|-immune|p2a: Iron Hands\n|move|p2b: Corviknight|Bulk Up|p2b: Corviknight\n|-boost|p2b: Corviknight|atk|1\n|-boost|p2b: Corviknight|def|1\n|\n|-heal|p2b: Corviknight|80\/100 par|[from] item: Leftovers\n|upkeep\n|turn|6\n|\n|t:|1683215316\n|move|p2a: Iron Hands|Fake Out|p1b: Gyarados\n|-damage|p1b: Gyarados|46\/100\n|move|p1a: Dragapult|U-turn|p2a: Iron Hands\n|-resisted|p2a: Iron Hands\n|-damage|p2a: Iron Hands|53\/100\n|-damage|p1a: Dragapult|62\/100|[from] item: Life Orb\n|\n|t:|1683215322\n|switch|p1a: Chi-Yu|Chi-Yu, L50|100\/100|[from] U-turn\n|-ability|p1a: Chi-Yu|Beads of Ruin\n|cant|p1b: Gyarados|flinch\n|cant|p2b: Corviknight|par\n|\n|-heal|p2b: Corviknight|86\/100 par|[from] item: Leftovers\n|upkeep\n|turn|7\n|\n|t:|1683215334\n|-terastallize|p1a: Chi-Yu|Water\n|move|p1a: Chi-Yu|Heat Wave|p2a: Iron Hands|[spread] p2a,p2b\n|-supereffective|p2b: Corviknight\n|-end|p2b: Corviknight|Substitute\n|-damage|p2a: Iron Hands|28\/100\n|move|p1b: Gyarados|Chilling Water|p2a: Iron Hands\n|-damage|p2a: Iron Hands|21\/100\n|-unboost|p2a: Iron Hands|atk|1\n|move|p2a: Iron Hands|Drain Punch|p1a: Chi-Yu\n|-damage|p1a: Chi-Yu|72\/100\n|-heal|p2a: Iron Hands|31\/100|[from] drain|[of] p1a: Chi-Yu\n|move|p2b: Corviknight|Brave Bird|p1b: Gyarados\n|-damage|p1b: Gyarados|0 fnt\n|faint|p1b: Gyarados\n|-damage|p2b: Corviknight|71\/100 par|[from] Recoil\n|\n|-heal|p1a: Chi-Yu|78\/100|[from] item: Leftovers\n|-heal|p2b: Corviknight|77\/100 par|[from] item: Leftovers\n|upkeep\n|\n|t:|1683215351\n|switch|p1b: Flutter Mane|Flutter Mane, L50|100\/100\n|turn|8\n|\n|t:|1683215360\n|-terastallize|p2b: Corviknight|Fire\n|move|p1b: Flutter Mane|Thunderbolt|p2b: Corviknight\n|-damage|p2b: Corviknight|18\/100 par\n|move|p1a: Chi-Yu|Heat Wave|p2a: Iron Hands|[spread] p2a,p2b\n|-resisted|p2b: Corviknight\n|-damage|p2a: Iron Hands|7\/100\n|-damage|p2b: Corviknight|0 fnt\n|faint|p2b: Corviknight\n|move|p2a: Iron Hands|Heavy Slam|p1b: Flutter Mane\n|-supereffective|p1b: Flutter Mane\n|-damage|p1b: Flutter Mane|0 fnt\n|faint|p1b: Flutter Mane\n|-end|p1b: Flutter Mane|Protosynthesis|[silent]\n|\n|-heal|p1a: Chi-Yu|84\/100|[from] item: Leftovers\n|upkeep\n|\n|t:|1683215372\n|switch|p1b: Dragapult|Dragapult, L50, M|62\/100\n|switch|p2b: Palafin|Palafin-Hero, L50, M|66\/100\n|turn|9\n|\n|t:|1683215382\n|move|p1b: Dragapult|Dragon Darts|p2a: Iron Hands\n|-damage|p2a: Iron Hands|0 fnt\n|-anim|p1b: Dragapult|Dragon Darts|p2b: Palafin\n|-damage|p2b: Palafin|35\/100\n|faint|p2a: Iron Hands\n|-end|p2a: Iron Hands|Quark Drive|[silent]\n|-damage|p1b: Dragapult|53\/100|[from] item: Life Orb\n|move|p1a: Chi-Yu|Dark Pulse|p2b: Palafin\n|-damage|p2b: Palafin|0 fnt\n|faint|p2b: Palafin\n|\n|win|PerroDog\n|raw|PerroDog's rating: 1444 → 1460<\/strong> (+16 for winning)\n|raw|Missed Ledgedash's rating: 1377 → 1361<\/strong> (-16 for losing)\n|l|\u2606Missed Ledgedash\n","uploadtime":1683215401,"views":7,"p1id":"perrodog","p2id":"missedledgedash","formatid":"gen9vgc2023regulationc","rating":1361,"private":0,"password":""}