{"id":"gen9vgc2023regulationc-1850066129","p1":"RoiBoi6","p2":"screamribbon","format":"[Gen 9] VGC 2023 Regulation C","log":"|j|\u2606RoiBoi6\n|j|\u2606screamribbon\n|t:|1682283480\n|gametype|doubles\n|player|p1|RoiBoi6|steven|1312\n|player|p2|screamribbon|idol|1292\n|teamsize|p1|6\n|teamsize|p2|6\n|gen|9\n|tier|[Gen 9] VGC 2023 Regulation C\n|rated|\n|rule|Species Clause: Limit one of each Pok\u00e9mon\n|rule|Item Clause: Limit one of each item\n|clearpoke\n|poke|p1|Sandy Shocks, L50|\n|poke|p1|Baxcalibur, L50, M|\n|poke|p1|Tauros-Paldea-Blaze, L50, M|\n|poke|p1|Amoonguss, L50, F|\n|poke|p1|Roaring Moon, L50|\n|poke|p1|Iron Bundle, L50|\n|poke|p2|Armarouge, L50, F|\n|poke|p2|Great Tusk, L50|\n|poke|p2|Talonflame, L50, F|\n|poke|p2|Indeedee-F, L50, F|\n|poke|p2|Gyarados, L50, M|\n|poke|p2|Flutter Mane, L50|\n|teampreview|4\n|j| Gum16\nscreamribbon has agreed to open team sheets.\n|inactive|Battle timer is ON: inactive players will automatically lose when time's up. (requested by RoiBoi6)\nRoiBoi6 rejected open team sheets.\n|inactive|screamribbon has 60 seconds left.\n|\n|t:|1682283530\n|start\n|switch|p1a: Sandy Shocks|Sandy Shocks, L50, shiny|100\/100\n|switch|p1b: Roaring Moon|Roaring Moon, L50, shiny|100\/100\n|switch|p2a: Talonflame|Talonflame, L50, F|100\/100\n|switch|p2b: Great Tusk|Great Tusk, L50|100\/100\n|-enditem|p1b: Roaring Moon|Booster Energy\n|-activate|p1b: Roaring Moon|ability: Protosynthesis|[fromitem]\n|-start|p1b: Roaring Moon|protosynthesisspe\n|turn|1\n|l| Gum16\n|inactive|screamribbon has 30 seconds left.\n|\n|t:|1682283555\n|-terastallize|p2b: Great Tusk|Rock\n|-terastallize|p1a: Sandy Shocks|Fairy\n|move|p2a: Talonflame|Tailwind|p2a: Talonflame\n|-sidestart|p2: screamribbon|move: Tailwind\n|move|p2b: Great Tusk|Rock Slide|p1a: Sandy Shocks|[spread] p1a\n|-miss|p2b: Great Tusk|p1b: Roaring Moon\n|-damage|p1a: Sandy Shocks|74\/100\n|move|p1b: Roaring Moon|Tailwind|p1b: Roaring Moon\n|-sidestart|p1: RoiBoi6|move: Tailwind\n|move|p1a: Sandy Shocks|Tera Blast|p2b: Great Tusk\n|-damage|p2b: Great Tusk|44\/100\n|\n|upkeep\n|turn|2\n|inactive|screamribbon has 30 seconds left.\n|inactive|RoiBoi6 has 30 seconds left.\n|\n|t:|1682283589\n|-end|p2b: Great Tusk|Protosynthesis|[silent]\n|switch|p2b: Armarouge|Armarouge, L50, F|100\/100\n|move|p1b: Roaring Moon|Breaking Swipe|p2b: Armarouge|[spread] p2a,p2b\n|-damage|p2a: Talonflame|76\/100\n|-damage|p2b: Armarouge|76\/100\n|-unboost|p2b: Armarouge|atk|1\n|-ability|p2b: Armarouge|Weak Armor|boost\n|-unboost|p2b: Armarouge|def|1\n|-boost|p2b: Armarouge|spe|2\n|move|p2a: Talonflame|Will-O-Wisp|p1b: Roaring Moon\n|-status|p1b: Roaring Moon|brn\n|move|p1a: Sandy Shocks|Thunderbolt|p2b: Armarouge\n|-damage|p2b: Armarouge|9\/100\n|\n|-damage|p1b: Roaring Moon|95\/100 brn|[from] brn\n|upkeep\n|turn|3\n|inactive|screamribbon has 30 seconds left.\n|inactive|screamribbon has 20 seconds left.\n|inactive|screamribbon has 15 seconds left.\n|inactive|screamribbon has 10 seconds left.\n|inactive|screamribbon has 5 seconds left.\n|\n|t:|1682283642\n|move|p2b: Armarouge|Endure|p2b: Armarouge\n|-singleturn|p2b: Armarouge|move: Endure\n|move|p1b: Roaring Moon|Breaking Swipe|p2b: Armarouge|[spread] p2a,p2b\n|-damage|p2a: Talonflame|63\/100\n|-activate|p2b: Armarouge|move: Endure\n|-damage|p2b: Armarouge|1\/100\n|-unboost|p2b: Armarouge|atk|1\n|-ability|p2b: Armarouge|Weak Armor|boost\n|-unboost|p2b: Armarouge|def|1\n|-boost|p2b: Armarouge|spe|2\n|move|p2a: Talonflame|U-turn|p1b: Roaring Moon\n|-supereffective|p1b: Roaring Moon\n|-damage|p1b: Roaring Moon|64\/100 brn\n|\n|t:|1682283654\n|switch|p2a: Indeedee|Indeedee-F, L50, F|100\/100|[from] U-turn\n|-fieldstart|move: Psychic Terrain|[from] ability: Psychic Surge|[of] p2a: Indeedee\n|move|p1a: Sandy Shocks|Thunderbolt|p2a: Indeedee\n|-damage|p2a: Indeedee|59\/100\n|\n|-damage|p1b: Roaring Moon|58\/100 brn|[from] brn\n|upkeep\n|turn|4\n|\n|t:|1682283671\n|move|p2a: Indeedee|Helping Hand|p2b: Armarouge\n|-singleturn|p2b: Armarouge|Helping Hand|[of] p2a: Indeedee\n|move|p2b: Armarouge|Heat Wave|p1a: Sandy Shocks|[spread] p1b\n|-miss|p2b: Armarouge|p1a: Sandy Shocks\n|-resisted|p1b: Roaring Moon\n|-damage|p1b: Roaring Moon|33\/100 brn\n|move|p1b: Roaring Moon|Breaking Swipe|p2a: Indeedee|[spread] p2a,p2b\n|-damage|p2a: Indeedee|47\/100\n|-damage|p2b: Armarouge|0 fnt\n|-unboost|p2a: Indeedee|atk|1\n|faint|p2b: Armarouge\n|move|p1a: Sandy Shocks|Earth Power|p2a: Indeedee\n|-damage|p2a: Indeedee|4\/100\n|-unboost|p2a: Indeedee|spd|1\n|\n|-damage|p1b: Roaring Moon|27\/100 brn|[from] brn\n|-sideend|p2: screamribbon|move: Tailwind\n|-sideend|p1: RoiBoi6|move: Tailwind\n|upkeep\n|\n|t:|1682283682\n|switch|p2b: Great Tusk|Great Tusk, L50, tera:Rock|44\/100\n|turn|5\n|\n|t:|1682283698\n|switch|p2a: Talonflame|Talonflame, L50, F|63\/100\n|move|p1b: Roaring Moon|Tailwind|p1b: Roaring Moon\n|-sidestart|p1: RoiBoi6|move: Tailwind\n|move|p1a: Sandy Shocks|Earth Power|p2b: Great Tusk\n|-supereffective|p2b: Great Tusk\n|-damage|p2b: Great Tusk|0 fnt\n|faint|p2b: Great Tusk\n|-end|p2b: Great Tusk|Protosynthesis|[silent]\n|\n|-damage|p1b: Roaring Moon|21\/100 brn|[from] brn\n|upkeep\n|-message|screamribbon forfeited.\n|\n|win|RoiBoi6\n|raw|RoiBoi6's rating: 1312 → 1331<\/strong> (+19 for winning)\n|raw|screamribbon's rating: 1292 → 1268<\/strong> (-24 for losing)\n|l|\u2606RoiBoi6\n","uploadtime":1682283717,"views":10,"p1id":"roiboi6","p2id":"screamribbon","formatid":"gen9vgc2023regulationc","rating":1268,"private":0,"password":""}