{"id":"gen9vgc2023regulationc-1853199761","p1":"Dual Tip","p2":"Kirozvz","format":"[Gen 9] VGC 2023 Regulation C","log":"|j|\u2606Dual Tip\n|j|\u2606Kirozvz\n|t:|1682647660\n|gametype|doubles\n|player|p1|Dual Tip|pokemaniac|1092\n|player|p2|Kirozvz|lance|1164\n|teamsize|p1|6\n|teamsize|p2|6\n|gen|9\n|tier|[Gen 9] VGC 2023 Regulation C\n|rated|\n|rule|Species Clause: Limit one of each Pok\u00e9mon\n|rule|Item Clause: Limit one of each item\n|clearpoke\n|poke|p1|Abomasnow, L50, F|\n|poke|p1|Iron Bundle, L50|\n|poke|p1|Annihilape, L50, M|\n|poke|p1|Ting-Lu, L50|\n|poke|p1|Tauros-Paldea-Blaze, L50, M|\n|poke|p1|Maushold-Four, L50|\n|poke|p2|Dondozo, L50, M|\n|poke|p2|Tatsugiri-Stretchy, L50, F|\n|poke|p2|Chi-Yu, L50|\n|poke|p2|Flutter Mane, L50|\n|poke|p2|Dragonite, L50, F|\n|poke|p2|Glimmora, L50, F|\n|teampreview|4\n|\n|t:|1682647705\n|start\n|switch|p1a: Rudolph|Tauros-Paldea-Blaze, L50, M, shiny|100\/100\n|switch|p1b: Sleigh|Ting-Lu, L50|100\/100\n|switch|p2a: Glimmora|Glimmora, L50, F|100\/100\n|switch|p2b: Dondozo|Dondozo, L50, M|100\/100\n|-ability|p1b: Sleigh|Vessel of Ruin\n|turn|1\n|inactive|Battle timer is ON: inactive players will automatically lose when time's up. (requested by Kirozvz)\n|\n|t:|1682647757\n|switch|p1a: Santa's Helpers|Maushold-Four, L50|100\/100\n|move|p2a: Glimmora|Toxic|p1b: Sleigh\n|-status|p1b: Sleigh|tox\n|move|p1b: Sleigh|Ruination|p2b: Dondozo\n|-damage|p2b: Dondozo|50\/100\n|-enditem|p2b: Dondozo|Sitrus Berry|[eat]\n|-heal|p2b: Dondozo|75\/100|[from] item: Sitrus Berry\n|move|p2b: Dondozo|Yawn|p1a: Santa's Helpers\n|-start|p1a: Santa's Helpers|move: Yawn|[of] p2b: Dondozo\n|\n|-damage|p1b: Sleigh|95\/100 tox|[from] psn\n|upkeep\n|turn|2\n|inactive|Dual Tip has 30 seconds left.\n|inactive|Dual Tip has 20 seconds left.\n|\n|t:|1682647793\n|switch|p1a: Rudolph|Tauros-Paldea-Blaze, L50, M, shiny|100\/100\n|move|p2b: Dondozo|Protect|p2b: Dondozo\n|-singleturn|p2b: Dondozo|Protect\n|move|p2a: Glimmora|Toxic|p1a: Rudolph\n|-status|p1a: Rudolph|tox\n|move|p1b: Sleigh|Ruination|p2b: Dondozo\n|-activate|p2b: Dondozo|move: Protect\n|\n|-damage|p1a: Rudolph|94\/100 tox|[from] psn\n|-damage|p1b: Sleigh|83\/100 tox|[from] psn\n|upkeep\n|turn|3\n|inactive|Kirozvz has 30 seconds left.\n|\n|t:|1682647818\n|move|p2a: Glimmora|Spiky Shield|p2a: Glimmora\n|-singleturn|p2a: Glimmora|move: Protect\n|move|p1a: Rudolph|Body Press|p2a: Glimmora\n|-activate|p2a: Glimmora|move: Protect\n|-damage|p1a: Rudolph|82\/100 tox|[from] Spiky Shield|[of] p2a: Glimmora\n|move|p1b: Sleigh|Fissure|p2b: Dondozo\n|-damage|p2b: Dondozo|0 fnt\n|faint|p2b: Dondozo\n|-ohko\n|\n|-damage|p1a: Rudolph|70\/100 tox|[from] psn\n|-damage|p1b: Sleigh|65\/100 tox|[from] psn\n|upkeep\n|\n|t:|1682647832\n|switch|p2b: Flutter Mane|Flutter Mane, L50|100\/100\n|-enditem|p2b: Flutter Mane|Booster Energy\n|-activate|p2b: Flutter Mane|ability: Protosynthesis|[fromitem]\n|-start|p2b: Flutter Mane|protosynthesisspe\n|turn|4\n|inactive|Dual Tip has 30 seconds left.\n|inactive|Dual Tip has 20 seconds left.\n|inactive|Dual Tip has 15 seconds left.\n|inactive|Dual Tip has 10 seconds left.\n|inactive|Dual Tip has 5 seconds left.\n|\n|t:|1682647887\n|move|p2b: Flutter Mane|Protect|p2b: Flutter Mane\n|-singleturn|p2b: Flutter Mane|Protect\n|move|p2a: Glimmora|Earth Power|p1a: Rudolph\n|-supereffective|p1a: Rudolph\n|-damage|p1a: Rudolph|25\/100 tox\n|-enditem|p1a: Rudolph|Sitrus Berry|[eat]\n|-heal|p1a: Rudolph|50\/100 tox|[from] item: Sitrus Berry\n|move|p1a: Rudolph|Raging Bull|p2b: Flutter Mane\n|-activate|p2b: Flutter Mane|move: Protect\n|move|p1b: Sleigh|Stomping Tantrum|p2b: Flutter Mane\n|-activate|p2b: Flutter Mane|move: Protect\n|\n|-damage|p1a: Rudolph|32\/100 tox|[from] psn\n|-damage|p1b: Sleigh|41\/100 tox|[from] psn\n|upkeep\n|turn|5\n|inactive|Dual Tip has 30 seconds left.\n|inactive|Kirozvz has 30 seconds left.\n|inactive|Dual Tip has 20 seconds left.\n|inactive|Dual Tip has 15 seconds left.\n|inactive|Dual Tip has 10 seconds left.\n|inactive|Dual Tip has 5 seconds left.\n|\n|t:|1682647942\n|move|p2b: Flutter Mane|Moonblast|p1b: Sleigh\n|-supereffective|p1b: Sleigh\n|-damage|p1b: Sleigh|4\/100 tox\n|move|p2a: Glimmora|Earth Power|p1a: Rudolph\n|-supereffective|p1a: Rudolph\n|-damage|p1a: Rudolph|0 fnt\n|faint|p1a: Rudolph\n|move|p1b: Sleigh|Stomping Tantrum|p2b: Flutter Mane\n|-damage|p2b: Flutter Mane|22\/100\n|\n|-damage|p1b: Sleigh|0 fnt|[from] psn\n|faint|p1b: Sleigh\n|upkeep\n|\n|t:|1682647959\n|switch|p1a: Krampus|Annihilape, L50, M|100\/100\n|switch|p1b: Santa's Helpers|Maushold-Four, L50|100\/100\n|turn|6\n|\n|t:|1682647981\n|-terastallize|p1a: Krampus|Fire\n|move|p1b: Santa's Helpers|Follow Me|p1b: Santa's Helpers\n|-singleturn|p1b: Santa's Helpers|move: Follow Me\n|move|p2b: Flutter Mane|Moonblast|p1b: Santa's Helpers\n|-damage|p1b: Santa's Helpers|47\/100\n|move|p2a: Glimmora|Toxic|p1b: Santa's Helpers\n|-status|p1b: Santa's Helpers|tox\n|move|p1a: Krampus|Rage Fist|p2b: Flutter Mane\n|-supereffective|p2b: Flutter Mane\n|-damage|p2b: Flutter Mane|0 fnt\n|faint|p2b: Flutter Mane\n|-end|p2b: Flutter Mane|Protosynthesis|[silent]\n|\n|-damage|p1b: Santa's Helpers|41\/100 tox|[from] psn\n|upkeep\n|\n|t:|1682647988\n|switch|p2b: Tatsugiri|Tatsugiri-Stretchy, L50, F|100\/100\n|turn|7\n|inactive|Dual Tip has 30 seconds left.\n|\n|t:|1682648013\n|move|p2a: Glimmora|Power Gem|p1a: Krampus\n|-supereffective|p1a: Krampus\n|-damage|p1a: Krampus|52\/100\n|move|p1b: Santa's Helpers|Beat Up|p1a: Krampus\n|-damage|p1a: Krampus|50\/100\n|-damage|p1a: Krampus|49\/100\n|-hitcount|p1a: Krampus|2\n|move|p1a: Krampus|Rage Fist|p2b: Tatsugiri\n|-damage|p2b: Tatsugiri|0 fnt\n|faint|p2b: Tatsugiri\n|\n|-heal|p1a: Krampus|55\/100|[from] item: Leftovers\n|-damage|p1b: Santa's Helpers|29\/100 tox|[from] psn\n|upkeep\n|turn|8\n|\n|t:|1682648027\n|move|p2a: Glimmora|Spiky Shield|p2a: Glimmora\n|-singleturn|p2a: Glimmora|move: Protect\n|move|p1b: Santa's Helpers|Follow Me|p1b: Santa's Helpers\n|-singleturn|p1b: Santa's Helpers|move: Follow Me\n|move|p1a: Krampus|Rage Fist|p2a: Glimmora\n|-activate|p2a: Glimmora|move: Protect\n|-damage|p1a: Krampus|42\/100|[from] Spiky Shield|[of] p2a: Glimmora\n|\n|-heal|p1a: Krampus|49\/100|[from] item: Leftovers\n|-damage|p1b: Santa's Helpers|10\/100 tox|[from] psn\n|upkeep\n|turn|9\n|\n|t:|1682648038\n|move|p2a: Glimmora|Spiky Shield||[still]\n|-fail|p2a: Glimmora\n|move|p1b: Santa's Helpers|Follow Me|p1b: Santa's Helpers\n|-singleturn|p1b: Santa's Helpers|move: Follow Me\n|move|p1a: Krampus|Rage Fist|p2a: Glimmora\n|-enditem|p2a: Glimmora|Focus Sash\n|-damage|p2a: Glimmora|1\/100\n|-activate|p2a: Glimmora|ability: Toxic Debris\n|-sidestart|p1: Dual Tip|move: Toxic Spikes\n|\n|-heal|p1a: Krampus|55\/100|[from] item: Leftovers\n|-damage|p1b: Santa's Helpers|0 fnt|[from] psn\n|faint|p1b: Santa's Helpers\n|upkeep\n|turn|10\n|inactive|Dual Tip has 30 seconds left.\n|\n|t:|1682648072\n|move|p2a: Glimmora|Power Gem|p1a: Krampus\n|-supereffective|p1a: Krampus\n|-damage|p1a: Krampus|0 fnt\n|faint|p1a: Krampus\n|\n|win|Kirozvz\n|raw|Dual Tip's rating: 1092 → 1073<\/strong> (-19 for losing)\n|raw|Kirozvz's rating: 1164 → 1184<\/strong> (+20 for winning)\n","uploadtime":1682648079,"views":4,"p1id":"dualtip","p2id":"kirozvz","formatid":"gen9vgc2023regulationc","rating":1073,"private":0,"password":""}