{"id":"gen9vgc2023regulationc-1855039025","p1":"cal-los19","p2":"T8XICIDAD","format":"[Gen 9] VGC 2023 Regulation C","log":"|j|\u2606cal-los19\n|j|\u2606T8XICIDAD\n|t:|1682893931\n|gametype|doubles\n|player|p1|cal-los19|pokemaniac|1072\n|player|p2|T8XICIDAD|clair|1102\n|teamsize|p1|6\n|teamsize|p2|6\n|gen|9\n|tier|[Gen 9] VGC 2023 Regulation C\n|rated|\n|rule|Species Clause: Limit one of each Pok\u00e9mon\n|rule|Item Clause: Limit one of each item\n|clearpoke\n|poke|p1|Wo-Chien, L50|\n|poke|p1|Bellibolt, L50, F|\n|poke|p1|Iron Treads, L50|\n|poke|p1|Iron Moth, L50|\n|poke|p1|Gyarados, L50, M|\n|poke|p1|Scizor, L50, F|\n|poke|p2|Amoonguss, L50, M|\n|poke|p2|Palafin, L50, F|\n|poke|p2|Arcanine, L50, F|\n|poke|p2|Flutter Mane, L50|\n|poke|p2|Ting-Lu, L50|\n|poke|p2|Kingambit, L50, M|\n|teampreview|4\n|\n|t:|1682893968\n|start\n|switch|p1a: Bellibolt|Bellibolt, L50, F|100\/100\n|switch|p1b: Gyarados|Gyarados, L50, M|100\/100\n|switch|p2a: Ting-Lu|Ting-Lu, L50|100\/100\n|switch|p2b: Arcanine|Arcanine, L50, F|100\/100\n|-ability|p2b: Arcanine|Intimidate|boost\n|-unboost|p1a: Bellibolt|atk|1\n|-unboost|p1b: Gyarados|atk|1\n|-ability|p1b: Gyarados|Intimidate|boost\n|-unboost|p2a: Ting-Lu|atk|1\n|-unboost|p2b: Arcanine|atk|1\n|-ability|p2a: Ting-Lu|Vessel of Ruin\n|turn|1\n|\n|t:|1682893998\n|switch|p2a: Amoonguss|Amoonguss, L50, M|100\/100\n|move|p2b: Arcanine|Will-O-Wisp|p1b: Gyarados|[miss]\n|-miss|p2b: Arcanine|p1b: Gyarados\n|move|p1b: Gyarados|Thunder Wave|p2b: Arcanine\n|-status|p2b: Arcanine|par\n|move|p1a: Bellibolt|Thunderbolt|p2b: Arcanine\n|-damage|p2b: Arcanine|53\/100 par\n|\n|upkeep\n|turn|2\n|\n|t:|1682894020\n|move|p2a: Amoonguss|Protect|p2a: Amoonguss\n|-singleturn|p2a: Amoonguss|Protect\n|move|p1b: Gyarados|Taunt|p2a: Amoonguss\n|-activate|p2a: Amoonguss|move: Protect\n|move|p1a: Bellibolt|Thunderbolt|p2b: Arcanine\n|-damage|p2b: Arcanine|11\/100 par\n|move|p2b: Arcanine|Will-O-Wisp|p1b: Gyarados\n|-status|p1b: Gyarados|brn\n|\n|-damage|p1b: Gyarados|95\/100 brn|[from] brn\n|upkeep\n|turn|3\n|\n|t:|1682894059\n|switch|p2b: Ting-Lu|Ting-Lu, L50|100\/100\n|-ability|p2b: Ting-Lu|Vessel of Ruin\n|move|p2a: Amoonguss|Rage Powder|p2a: Amoonguss\n|-singleturn|p2a: Amoonguss|move: Rage Powder\n|move|p1b: Gyarados|Taunt|p2a: Amoonguss\n|-start|p2a: Amoonguss|move: Taunt\n|move|p1a: Bellibolt|Thunderbolt|p2a: Amoonguss\n|-resisted|p2a: Amoonguss\n|-damage|p2a: Amoonguss|87\/100\n|\n|-damage|p1b: Gyarados|89\/100 brn|[from] brn\n|upkeep\n|turn|4\n|\n|t:|1682894087\n|switch|p1a: Wo-Chien|Wo-Chien, L50|100\/100\n|-ability|p1a: Wo-Chien|Tablets of Ruin\n|move|p1b: Gyarados|Waterfall|p2b: Ting-Lu\n|-supereffective|p2b: Ting-Lu\n|-damage|p2b: Ting-Lu|92\/100\n|move|p2b: Ting-Lu|Stomping Tantrum|p1a: Wo-Chien\n|-resisted|p1a: Wo-Chien\n|-damage|p1a: Wo-Chien|92\/100\n|move|p2a: Amoonguss|Pollen Puff|p2b: Ting-Lu\n|-heal|p2b: Ting-Lu|100\/100\n|\n|-heal|p1a: Wo-Chien|98\/100|[from] item: Leftovers\n|-damage|p1b: Gyarados|83\/100 brn|[from] brn\n|upkeep\n|turn|5\n|\n|t:|1682894118\n|switch|p2b: Palafin|Palafin, L50, F|100\/100\n|move|p1b: Gyarados|Waterfall|p2b: Palafin\n|-resisted|p2b: Palafin\n|-damage|p2b: Palafin|95\/100\n|move|p1a: Wo-Chien|Leech Seed|p2b: Palafin\n|-start|p2b: Palafin|move: Leech Seed\n|move|p2a: Amoonguss|Pollen Puff|p1a: Wo-Chien\n|-supereffective|p1a: Wo-Chien\n|-damage|p1a: Wo-Chien|44\/100\n|\n|-heal|p1a: Wo-Chien|50\/100|[from] item: Leftovers\n|-damage|p2b: Palafin|83\/100|[from] Leech Seed|[of] p1a: Wo-Chien\n|-heal|p1a: Wo-Chien|62\/100|[silent]\n|-damage|p1b: Gyarados|77\/100 brn|[from] brn\n|upkeep\n|turn|6\n|\n|t:|1682894146\n|detailschange|p2b: Palafin|Palafin-Hero, L50, F\n|switch|p2b: Ting-Lu|Ting-Lu, L50|100\/100\n|-ability|p2b: Ting-Lu|Vessel of Ruin\n|move|p1a: Wo-Chien|Protect|p1a: Wo-Chien\n|-singleturn|p1a: Wo-Chien|Protect\n|move|p1b: Gyarados|Thunder Wave|p2b: Ting-Lu\n|-immune|p2b: Ting-Lu\n|move|p2a: Amoonguss|Pollen Puff|p1a: Wo-Chien\n|-activate|p1a: Wo-Chien|move: Protect\n|\n|-heal|p1a: Wo-Chien|69\/100|[from] item: Leftovers\n|-damage|p1b: Gyarados|71\/100 brn|[from] brn\n|-end|p2a: Amoonguss|move: Taunt\n|upkeep\n|turn|7\n|\n|t:|1682894168\n|switch|p1b: Iron Moth|Iron Moth, L50|100\/100\n|move|p2a: Amoonguss|Rage Powder|p2a: Amoonguss\n|-singleturn|p2a: Amoonguss|move: Rage Powder\n|move|p1a: Wo-Chien|Leech Seed|p2b: Ting-Lu\n|-start|p2b: Ting-Lu|move: Leech Seed\n|move|p2b: Ting-Lu|Ruination|p1b: Iron Moth\n|-damage|p1b: Iron Moth|51\/100\n|\n|-heal|p1a: Wo-Chien|75\/100|[from] item: Leftovers\n|-damage|p2b: Ting-Lu|88\/100|[from] Leech Seed|[of] p1a: Wo-Chien\n|-heal|p1a: Wo-Chien|91\/100|[silent]\n|upkeep\n|turn|8\n|\n|t:|1682894189\n|switch|p2a: Palafin|Palafin-Hero, L50, F|83\/100\n|-activate|p2a: Palafin|ability: Zero to Hero\n|move|p1b: Iron Moth|Heat Wave|p2b: Ting-Lu|[spread] p2a,p2b\n|-resisted|p2a: Palafin\n|-damage|p2a: Palafin|63\/100\n|-damage|p2b: Ting-Lu|72\/100\n|move|p1a: Wo-Chien|Pollen Puff|p1b: Iron Moth\n|-heal|p1b: Iron Moth|100\/100\n|move|p2b: Ting-Lu|Stomping Tantrum|p1b: Iron Moth\n|-supereffective|p1b: Iron Moth\n|-damage|p1b: Iron Moth|0 fnt\n|faint|p1b: Iron Moth\n|-end|p1b: Iron Moth|Quark Drive|[silent]\n|\n|-heal|p1a: Wo-Chien|97\/100|[from] item: Leftovers\n|-damage|p2b: Ting-Lu|60\/100|[from] Leech Seed|[of] p1a: Wo-Chien\n|-heal|p1a: Wo-Chien|100\/100|[silent]\n|upkeep\n|\n|t:|1682894213\n|switch|p1b: Gyarados|Gyarados, L50, M|71\/100 brn\n|-ability|p1b: Gyarados|Intimidate|boost\n|-unboost|p2a: Palafin|atk|1\n|-unboost|p2b: Ting-Lu|atk|1\n|turn|9\n|\n|t:|1682894231\n|switch|p2a: Amoonguss|Amoonguss, L50, M|100\/100\n|switch|p2b: Arcanine|Arcanine, L50, F|11\/100 par\n|-ability|p2b: Arcanine|Intimidate|boost\n|-unboost|p1a: Wo-Chien|atk|1\n|-unboost|p1b: Gyarados|atk|1\n|move|p1b: Gyarados|Thunder Wave|p2a: Amoonguss\n|-status|p2a: Amoonguss|par\n|move|p1a: Wo-Chien|Foul Play|p2a: Amoonguss\n|-damage|p2a: Amoonguss|80\/100 par\n|-damage|p1a: Wo-Chien|84\/100|[from] item: Rocky Helmet|[of] p2a: Amoonguss\n|\n|-heal|p1a: Wo-Chien|90\/100|[from] item: Leftovers\n|-damage|p1b: Gyarados|65\/100 brn|[from] brn\n|upkeep\n|turn|10\n|\n|t:|1682894267\n|switch|p1b: Bellibolt|Bellibolt, L50, F|100\/100\n|move|p1a: Wo-Chien|Foul Play|p2b: Arcanine\n|-damage|p2b: Arcanine|0 fnt\n|faint|p2b: Arcanine\n|move|p2a: Amoonguss|Pollen Puff|p1a: Wo-Chien\n|-supereffective|p1a: Wo-Chien\n|-damage|p1a: Wo-Chien|38\/100\n|\n|-heal|p1a: Wo-Chien|44\/100|[from] item: Leftovers\n|upkeep\n|\n|t:|1682894279\n|switch|p2b: Palafin|Palafin-Hero, L50, F|63\/100\n|turn|11\n|\n|t:|1682894286\n|move|p2b: Palafin|Protect|p2b: Palafin\n|-singleturn|p2b: Palafin|Protect\n|move|p1a: Wo-Chien|Protect|p1a: Wo-Chien\n|-singleturn|p1a: Wo-Chien|Protect\n|move|p1b: Bellibolt|Parabolic Charge|p2a: Amoonguss|[spread] p2a\n|-activate|p1a: Wo-Chien|move: Protect\n|-activate|p2b: Palafin|move: Protect\n|-resisted|p2a: Amoonguss\n|-damage|p2a: Amoonguss|70\/100 par\n|move|p2a: Amoonguss|Spore|p1b: Bellibolt\n|-status|p1b: Bellibolt|slp|[from] move: Spore\n|\n|-heal|p1a: Wo-Chien|50\/100|[from] item: Leftovers\n|upkeep\n|turn|12\n|\n|t:|1682894322\n|switch|p1a: Gyarados|Gyarados, L50, M|65\/100 brn\n|-ability|p1a: Gyarados|Intimidate|boost\n|-unboost|p2a: Amoonguss|atk|1\n|-unboost|p2b: Palafin|atk|1\n|move|p2b: Palafin|Wave Crash|p1a: Gyarados\n|-resisted|p1a: Gyarados\n|-damage|p1a: Gyarados|35\/100 brn\n|-enditem|p1a: Gyarados|Sitrus Berry|[eat]\n|-heal|p1a: Gyarados|59\/100 brn|[from] item: Sitrus Berry\n|-damage|p2b: Palafin|53\/100|[from] Recoil\n|cant|p1b: Bellibolt|slp\n|move|p2a: Amoonguss|Pollen Puff|p1a: Gyarados\n|-resisted|p1a: Gyarados\n|-damage|p1a: Gyarados|53\/100 brn\n|\n|-damage|p1a: Gyarados|48\/100 brn|[from] brn\n|upkeep\n|turn|13\n|\n|t:|1682894344\n|move|p1a: Gyarados|Protect|p1a: Gyarados\n|-singleturn|p1a: Gyarados|Protect\n|move|p2b: Palafin|Wave Crash|p1b: Bellibolt\n|-damage|p1b: Bellibolt|45\/100 slp\n|-start|p1b: Bellibolt|Charge|Wave Crash|[from] ability: Electromorphosis\n|-damage|p2b: Palafin|36\/100|[from] Recoil\n|-curestatus|p1b: Bellibolt|slp|[msg]\n|move|p1b: Bellibolt|Thunderbolt|p2b: Palafin\n|-supereffective|p2b: Palafin\n|-damage|p2b: Palafin|0 fnt\n|faint|p2b: Palafin\n|-end|p1b: Bellibolt|Charge|[silent]\n|move|p2a: Amoonguss|Pollen Puff|p2: Palafin|[notarget]\n|-fail|p2a: Amoonguss\n|\n|-damage|p1a: Gyarados|42\/100 brn|[from] brn\n|upkeep\n|\n|t:|1682894354\n|switch|p2b: Ting-Lu|Ting-Lu, L50|60\/100\n|-ability|p2b: Ting-Lu|Vessel of Ruin\n|turn|14\n|\n|t:|1682894381\n|-terastallize|p1b: Bellibolt|Water\n|move|p1a: Gyarados|Taunt|p2a: Amoonguss\n|-start|p2a: Amoonguss|move: Taunt\n|move|p1b: Bellibolt|Acid Spray|p2a: Amoonguss\n|-damage|p2a: Amoonguss|62\/100 par\n|-unboost|p2a: Amoonguss|spd|2\n|move|p2b: Ting-Lu|Heavy Slam|p1a: Gyarados\n|-resisted|p1a: Gyarados\n|-damage|p1a: Gyarados|32\/100 brn\n|move|p2a: Amoonguss|Pollen Puff|p2b: Ting-Lu\n|-heal|p2b: Ting-Lu|100\/100\n|\n|-damage|p1a: Gyarados|26\/100 brn|[from] brn\n|upkeep\n|turn|15\n|\n|t:|1682894408\n|move|p1a: Gyarados|Waterfall|p2b: Ting-Lu\n|-supereffective|p2b: Ting-Lu\n|-damage|p2b: Ting-Lu|83\/100\n|move|p1b: Bellibolt|Acid Spray|p2a: Amoonguss\n|-damage|p2a: Amoonguss|47\/100 par\n|-unboost|p2a: Amoonguss|spd|2\n|move|p2b: Ting-Lu|Stomping Tantrum|p1b: Bellibolt\n|-damage|p1b: Bellibolt|19\/100\n|-start|p1b: Bellibolt|Charge|Stomping Tantrum|[from] ability: Electromorphosis\n|move|p2a: Amoonguss|Pollen Puff|p1b: Bellibolt\n|-damage|p1b: Bellibolt|9\/100\n|-start|p1b: Bellibolt|Charge|Pollen Puff|[from] ability: Electromorphosis\n|\n|-damage|p1a: Gyarados|20\/100 brn|[from] brn\n|upkeep\n|turn|16\n|\n|t:|1682894441\n|move|p1a: Gyarados|Waterfall|p2a: Amoonguss\n|-resisted|p2a: Amoonguss\n|-damage|p2a: Amoonguss|40\/100 par\n|-damage|p1a: Gyarados|4\/100 brn|[from] item: Rocky Helmet|[of] p2a: Amoonguss\n|move|p1b: Bellibolt|Thunderbolt|p2a: Amoonguss\n|-resisted|p2a: Amoonguss\n|-crit|p2a: Amoonguss\n|-damage|p2a: Amoonguss|0 fnt\n|faint|p2a: Amoonguss\n|-end|p1b: Bellibolt|Charge|[silent]\n|move|p2b: Ting-Lu|Stomping Tantrum|p1b: Bellibolt\n|-damage|p1b: Bellibolt|0 fnt\n|faint|p1b: Bellibolt\n|\n|-damage|p1a: Gyarados|0 fnt|[from] brn\n|faint|p1a: Gyarados\n|upkeep\n|\n|t:|1682894460\n|switch|p1b: Wo-Chien|Wo-Chien, L50|50\/100\n|-ability|p1b: Wo-Chien|Tablets of Ruin\n|turn|17\n|\n|t:|1682894467\n|-terastallize|p2b: Ting-Lu|Grass\n|move|p1b: Wo-Chien|Leech Seed|p2b: Ting-Lu\n|-immune|p2b: Ting-Lu\n|move|p2b: Ting-Lu|Ruination|p1b: Wo-Chien\n|-damage|p1b: Wo-Chien|25\/100\n|\n|-heal|p1b: Wo-Chien|32\/100|[from] item: Leftovers\n|upkeep\n|turn|18\n|\n|t:|1682894479\n|move|p1b: Wo-Chien|Pollen Puff|p2b: Ting-Lu\n|-supereffective|p2b: Ting-Lu\n|-damage|p2b: Ting-Lu|70\/100\n|move|p2b: Ting-Lu|Ruination|p1b: Wo-Chien\n|-damage|p1b: Wo-Chien|16\/100\n|\n|-heal|p1b: Wo-Chien|22\/100|[from] item: Leftovers\n|upkeep\n|turn|19\n|\n|t:|1682894493\n|move|p1b: Wo-Chien|Pollen Puff|p2b: Ting-Lu\n|-supereffective|p2b: Ting-Lu\n|-damage|p2b: Ting-Lu|56\/100\n|move|p2b: Ting-Lu|Heavy Slam|p1b: Wo-Chien\n|-damage|p1b: Wo-Chien|5\/100\n|\n|-heal|p1b: Wo-Chien|11\/100|[from] item: Leftovers\n|upkeep\n|turn|20\n|\n|t:|1682894504\n|move|p1b: Wo-Chien|Protect|p1b: Wo-Chien\n|-singleturn|p1b: Wo-Chien|Protect\n|move|p2b: Ting-Lu|Heavy Slam|p1b: Wo-Chien\n|-activate|p1b: Wo-Chien|move: Protect\n|\n|-heal|p1b: Wo-Chien|18\/100|[from] item: Leftovers\n|upkeep\n|turn|21\n|\n|t:|1682894515\n|move|p1b: Wo-Chien|Pollen Puff|p2b: Ting-Lu\n|-supereffective|p2b: Ting-Lu\n|-damage|p2b: Ting-Lu|43\/100\n|move|p2b: Ting-Lu|Heavy Slam|p1b: Wo-Chien\n|-damage|p1b: Wo-Chien|0 fnt\n|faint|p1b: Wo-Chien\n|\n|win|T8XICIDAD\n|raw|cal-los19's rating: 1072 → 1053<\/strong> (-19 for losing)\n|raw|T8XICIDAD's rating: 1102 → 1125<\/strong> (+23 for winning)\n|l|\u2606cal-los19\n","uploadtime":1682894534,"views":7,"p1id":"callos19","p2id":"t8xicidad","formatid":"gen9vgc2023regulationc","rating":1053,"private":0,"password":""}