{"id":"gen9vgc2023regulationc-1857371132","p1":"cb-sooner","p2":"Gosto pisanelli","format":"[Gen 9] VGC 2023 Regulation C","log":"|j|\u2606cb-sooner\n|j|\u2606Gosto pisanelli\n|t:|1683181912\n|gametype|doubles\n|player|p1|cb-sooner|preschooler|1279\n|player|p2|Gosto pisanelli|hugh|1251\n|teamsize|p1|6\n|teamsize|p2|6\n|gen|9\n|tier|[Gen 9] VGC 2023 Regulation C\n|rated|\n|rule|Species Clause: Limit one of each Pok\u00e9mon\n|rule|Item Clause: Limit one of each item\n|clearpoke\n|poke|p1|Chien-Pao, L50|\n|poke|p1|Hawlucha, L50, F|\n|poke|p1|Indeedee-F, L50, F|\n|poke|p1|Armarouge, L50, M|\n|poke|p1|Palafin, L50, M|\n|poke|p1|Iron Hands, L50|\n|poke|p2|Palafin, L50, M|\n|poke|p2|Arcanine, L50, M|\n|poke|p2|Amoonguss, L50, F|\n|poke|p2|Ting-Lu, L50|\n|poke|p2|Baxcalibur, L50, M|\n|poke|p2|Flutter Mane, L50|\n|teampreview|4\n|inactive|Battle timer is ON: inactive players will automatically lose when time's up. (requested by Gosto pisanelli)\n|inactive|cb-sooner has 60 seconds left.\n|\n|t:|1683181963\n|start\n|switch|p1a: WhatchaGonna|Palafin, L50, M|100\/100\n|switch|p1b: DoWhen|Indeedee-F, L50, F|100\/100\n|switch|p2a: Arcanine|Arcanine, L50, M|100\/100\n|switch|p2b: Palafin|Palafin, L50, M, shiny|100\/100\n|-ability|p2a: Arcanine|Intimidate|boost\n|-unboost|p1a: WhatchaGonna|atk|1\n|-enditem|p1a: WhatchaGonna|Eject Pack\n|-unboost|p1b: DoWhen|atk|1\n|\n|t:|1683181970\n|detailschange|p1a: WhatchaGonna|Palafin-Hero, L50, M\n|switch|p1a: Armamania|Armarouge, L50, M|100\/100\n|-fieldstart|move: Psychic Terrain|[from] ability: Psychic Surge|[of] p1b: DoWhen\n|turn|1\n|inactive|Gosto pisanelli has 30 seconds left.\n|inactive|cb-sooner has 30 seconds left.\n|\n|t:|1683182007\n|detailschange|p2b: Palafin|Palafin-Hero, L50, M, shiny\n|switch|p2b: Ting-Lu|Ting-Lu, L50|100\/100\n|-ability|p2b: Ting-Lu|Vessel of Ruin\n|move|p1b: DoWhen|Follow Me|p1b: DoWhen\n|-singleturn|p1b: DoWhen|move: Follow Me\n|move|p2a: Arcanine|Flare Blitz|p1b: DoWhen\n|-damage|p1b: DoWhen|48\/100\n|-status|p1b: DoWhen|brn\n|-damage|p2a: Arcanine|85\/100|[from] Recoil\n|move|p1a: Armamania|Expanding Force|p2b: Ting-Lu|[spread] p2a\n|-immune|p2b: Ting-Lu\n|-damage|p2a: Arcanine|34\/100\n|-damage|p1a: Armamania|91\/100|[from] item: Life Orb\n|\n|-damage|p1b: DoWhen|42\/100 brn|[from] brn\n|upkeep\n|turn|2\n|inactive|cb-sooner has 30 seconds left.\n|inactive|Gosto pisanelli has 30 seconds left.\n|\n|t:|1683182034\n|move|p2a: Arcanine|Flare Blitz|p1b: DoWhen\n|-damage|p1b: DoWhen|0 fnt\n|faint|p1b: DoWhen\n|-damage|p2a: Arcanine|22\/100|[from] Recoil\n|move|p1a: Armamania|Energy Ball|p2b: Ting-Lu\n|-supereffective|p2b: Ting-Lu\n|-damage|p2b: Ting-Lu|67\/100\n|-damage|p1a: Armamania|81\/100|[from] item: Life Orb\n|move|p2b: Ting-Lu|Ruination|p1a: Armamania\n|-damage|p1a: Armamania|41\/100\n|\n|upkeep\n|\n|t:|1683182047\n|switch|p1b: Luchamania|Hawlucha, L50, F|100\/100\n|-enditem|p1b: Luchamania|Psychic Seed\n|-boost|p1b: Luchamania|spd|1|[from] item: Psychic Seed\n|turn|3\n|\n|t:|1683182059\n|move|p1a: Armamania|Protect|p1a: Armamania\n|-singleturn|p1a: Armamania|Protect\n|move|p1b: Luchamania|Acrobatics|p2a: Arcanine\n|-crit|p2a: Arcanine\n|-damage|p2a: Arcanine|0 fnt\n|faint|p2a: Arcanine\n|move|p2b: Ting-Lu|Stomping Tantrum|p1a: Armamania\n|-activate|p1a: Armamania|move: Protect\n|\n|upkeep\n|\n|t:|1683182077\n|switch|p2a: Palafin|Palafin-Hero, L50, M, shiny|100\/100\n|-activate|p2a: Palafin|ability: Zero to Hero\n|turn|4\n|\n|t:|1683182089\n|-terastallize|p2a: Palafin|Water\n|-terastallize|p1a: Armamania|Grass\n|move|p2a: Palafin|Jet Punch|p1b: Luchamania\n|-hint|Psychic Terrain doesn't affect Pok\u00e9mon immune to Ground.\n|-damage|p1b: Luchamania|16\/100\n|move|p1b: Luchamania|Flying Press|p2b: Ting-Lu\n|-supereffective|p2b: Ting-Lu\n|-damage|p2b: Ting-Lu|13\/100\n|move|p1a: Armamania|Energy Ball|p2a: Palafin\n|-supereffective|p2a: Palafin\n|-damage|p2a: Palafin|0 fnt\n|faint|p2a: Palafin\n|-damage|p1a: Armamania|32\/100|[from] item: Life Orb\n|move|p2b: Ting-Lu|Stomping Tantrum|p1a: Armamania\n|-resisted|p1a: Armamania\n|-damage|p1a: Armamania|15\/100\n|\n|upkeep\n|\n|t:|1683182108\n|switch|p2a: Flutter Mane|Flutter Mane, L50|100\/100\n|turn|5\n|\n|t:|1683182130\n|move|p1b: Luchamania|Acrobatics|p2a: Flutter Mane\n|-damage|p2a: Flutter Mane|0 fnt\n|faint|p2a: Flutter Mane\n|-end|p2a: Flutter Mane|Protosynthesis|[silent]\n|move|p1a: Armamania|Energy Ball|p2b: Ting-Lu\n|-supereffective|p2b: Ting-Lu\n|-damage|p2b: Ting-Lu|0 fnt\n|faint|p2b: Ting-Lu\n|-damage|p1a: Armamania|5\/100|[from] item: Life Orb\n|\n|win|cb-sooner\n|raw|cb-sooner's rating: 1279 → 1302<\/strong> (+23 for winning)\n|raw|Gosto pisanelli's rating: 1251 → 1228<\/strong> (-23 for losing)\n","uploadtime":1683182142,"views":10,"p1id":"cbsooner","p2id":"gostopisanelli","formatid":"gen9vgc2023regulationc","rating":1228,"private":0,"password":""}