{"id":"gen9vgc2023regulationc-1848030823","p1":"PokemonBreederJoey","p2":"joshdonnie","format":"[Gen 9] VGC 2023 Regulation C","log":"|j|\u2606PokemonBreederJoey\n|j|\u2606joshdonnie\n|t:|1682022334\n|gametype|doubles\n|player|p1|PokemonBreederJoey|169|1319\n|player|p2|joshdonnie|2|1315\n|teamsize|p1|6\n|teamsize|p2|6\n|gen|9\n|tier|[Gen 9] VGC 2023 Regulation C\n|rated|\n|rule|Species Clause: Limit one of each Pok\u00e9mon\n|rule|Item Clause: Limit one of each item\n|clearpoke\n|poke|p1|Grimmsnarl, L50, M|\n|poke|p1|Garganacl, L50, F|\n|poke|p1|Amoonguss, L50, M|\n|poke|p1|Sylveon, L50, M|\n|poke|p1|Iron Treads, L50|\n|poke|p1|Meowscarada, L50, F|\n|poke|p2|Garchomp, L50, M|\n|poke|p2|Annihilape, L50, F|\n|poke|p2|Kingambit, L50, M|\n|poke|p2|Chien-Pao, L50|\n|poke|p2|Farigiraf, L50, M|\n|poke|p2|Rotom-Wash, L50|\n|teampreview|4\n|\n|t:|1682022389\n|start\n|switch|p1a: Grimmsnarl|Grimmsnarl, L50, M|100\/100\n|switch|p1b: Sylveon|Sylveon, L50, M|100\/100\n|switch|p2a: Kingambit|Kingambit, L50, M, shiny|100\/100\n|switch|p2b: Annihilape|Annihilape, L50, F|100\/100\n|turn|1\n|\n|t:|1682022418\n|-terastallize|p2b: Annihilape|Fire\n|move|p1a: Grimmsnarl|Fake Out|p2a: Kingambit\n|-resisted|p2a: Kingambit\n|-damage|p2a: Kingambit|97\/100\n|move|p2b: Annihilape|Bulk Up|p2b: Annihilape\n|-boost|p2b: Annihilape|atk|1\n|-boost|p2b: Annihilape|def|1\n|move|p1b: Sylveon|Hyper Voice|p2a: Kingambit|[spread] p2a,p2b\n|-resisted|p2b: Annihilape\n|-damage|p2a: Kingambit|71\/100\n|-damage|p2b: Annihilape|82\/100\n|-enditem|p1b: Sylveon|Throat Spray\n|-boost|p1b: Sylveon|spa|1|[from] item: Throat Spray\n|cant|p2a: Kingambit|flinch\n|\n|-heal|p2b: Annihilape|88\/100|[from] item: Leftovers\n|upkeep\n|turn|2\n|\n|t:|1682022443\n|switch|p1b: Iron Treads|Iron Treads, L50|100\/100\n|-enditem|p1b: Iron Treads|Booster Energy\n|-activate|p1b: Iron Treads|ability: Quark Drive|[fromitem]\n|-start|p1b: Iron Treads|quarkdrivespe\n|move|p1a: Grimmsnarl|Reflect|p1a: Grimmsnarl\n|-sidestart|p1: PokemonBreederJoey|Reflect\n|move|p2b: Annihilape|Bulk Up|p2b: Annihilape\n|-boost|p2b: Annihilape|atk|1\n|-boost|p2b: Annihilape|def|1\n|move|p2a: Kingambit|Iron Head|p1b: Iron Treads\n|-resisted|p1b: Iron Treads\n|-damage|p1b: Iron Treads|86\/100\n|\n|-heal|p2b: Annihilape|94\/100|[from] item: Leftovers\n|upkeep\n|turn|3\n|\n|t:|1682022469\n|switch|p1a: Garganacl|Garganacl, L50, F|100\/100\n|switch|p2a: Rotom|Rotom-Wash, L50, shiny|100\/100\n|move|p1b: Iron Treads|Earthquake|p2a: Rotom|[spread] p1a,p2b\n|-immune|p2a: Rotom|[from] ability: Levitate\n|-supereffective|p1a: Garganacl\n|-supereffective|p2b: Annihilape\n|-damage|p1a: Garganacl|68\/100\n|-damage|p2b: Annihilape|60\/100\n|move|p2b: Annihilape|Drain Punch|p1b: Iron Treads\n|-supereffective|p1b: Iron Treads\n|-damage|p1b: Iron Treads|0 fnt\n|-heal|p2b: Annihilape|93\/100|[from] drain|[of] p1b: Iron Treads\n|faint|p1b: Iron Treads\n|-end|p1b: Iron Treads|Quark Drive|[silent]\n|\n|-heal|p2b: Annihilape|99\/100|[from] item: Leftovers\n|-heal|p1a: Garganacl|73\/100|[from] item: Leftovers\n|upkeep\n|\n|t:|1682022496\n|switch|p1b: Grimmsnarl|Grimmsnarl, L50, M|100\/100\n|turn|4\n|\n|t:|1682022539\n|-terastallize|p1a: Garganacl|Flying\n|move|p2b: Annihilape|Protect|p2b: Annihilape\n|-singleturn|p2b: Annihilape|Protect\n|move|p1b: Grimmsnarl|Light Screen|p1b: Grimmsnarl\n|-sidestart|p1: PokemonBreederJoey|move: Light Screen\n|move|p2a: Rotom|Hydro Pump|p1a: Garganacl\n|-damage|p1a: Garganacl|53\/100\n|move|p1a: Garganacl|Salt Cure|p2b: Annihilape\n|-activate|p2b: Annihilape|move: Protect\n|\n|-heal|p2b: Annihilape|100\/100|[from] item: Leftovers\n|-heal|p1a: Garganacl|59\/100|[from] item: Leftovers\n|upkeep\n|turn|5\n|\n|t:|1682022574\n|move|p2b: Annihilape|Rage Fist|p1a: Garganacl\n|-damage|p1a: Garganacl|22\/100\n|move|p2a: Rotom|Reflect|p2a: Rotom\n|-sidestart|p2: joshdonnie|Reflect\n|move|p1b: Grimmsnarl|Spirit Break|p2a: Rotom\n|-damage|p2a: Rotom|81\/100\n|-unboost|p2a: Rotom|spa|1\n|move|p1a: Garganacl|Recover|p1a: Garganacl\n|-heal|p1a: Garganacl|72\/100\n|\n|-heal|p1a: Garganacl|78\/100|[from] item: Leftovers\n|upkeep\n|turn|6\n|\n|t:|1682022599\n|move|p2b: Annihilape|Bulk Up|p2b: Annihilape\n|-boost|p2b: Annihilape|atk|1\n|-boost|p2b: Annihilape|def|1\n|move|p2a: Rotom|Will-O-Wisp|p1a: Garganacl\n|-immune|p1a: Garganacl|[from] ability: Purifying Salt\n|move|p1b: Grimmsnarl|Spirit Break|p2a: Rotom\n|-damage|p2a: Rotom|61\/100\n|-unboost|p2a: Rotom|spa|1\n|move|p1a: Garganacl|Iron Defense|p1a: Garganacl\n|-boost|p1a: Garganacl|def|2\n|\n|-heal|p1a: Garganacl|84\/100|[from] item: Leftovers\n|upkeep\n|turn|7\n|c|\u2606joshdonnie|oof\n|\n|t:|1682022615\n|switch|p2a: Kingambit|Kingambit, L50, M, shiny|71\/100\n|move|p2b: Annihilape|Drain Punch|p1b: Grimmsnarl\n|-damage|p1b: Grimmsnarl|26\/100\n|move|p1b: Grimmsnarl|Spirit Break|p2a: Kingambit\n|-damage|p2a: Kingambit|55\/100\n|-unboost|p2a: Kingambit|spa|1\n|-ability|p2a: Kingambit|Defiant|boost\n|-boost|p2a: Kingambit|atk|2\n|move|p1a: Garganacl|Iron Defense|p1a: Garganacl\n|-boost|p1a: Garganacl|def|2\n|\n|-heal|p1a: Garganacl|89\/100|[from] item: Leftovers\n|upkeep\n|turn|8\n|\n|t:|1682022638\n|move|p2b: Annihilape|Rage Fist|p1a: Garganacl\n|-damage|p1a: Garganacl|76\/100\n|move|p1b: Grimmsnarl|Spirit Break|p2a: Kingambit\n|-damage|p2a: Kingambit|40\/100\n|-unboost|p2a: Kingambit|spa|1\n|-ability|p2a: Kingambit|Defiant|boost\n|-boost|p2a: Kingambit|atk|2\n|move|p2a: Kingambit|Assurance|p1a: Garganacl\n|-damage|p1a: Garganacl|45\/100\n|move|p1a: Garganacl|Body Press|p2a: Kingambit\n|-supereffective|p2a: Kingambit\n|-damage|p2a: Kingambit|0 fnt\n|faint|p2a: Kingambit\n|\n|-heal|p1a: Garganacl|51\/100|[from] item: Leftovers\n|upkeep\n|\n|t:|1682022650\n|switch|p2a: Farigiraf|Farigiraf, L50, M, shiny|100\/100\n|turn|9\n|\n|t:|1682022674\n|move|p2a: Farigiraf|Protect|p2a: Farigiraf\n|-singleturn|p2a: Farigiraf|Protect\n|move|p2b: Annihilape|Bulk Up|p2b: Annihilape\n|-boost|p2b: Annihilape|atk|1\n|-boost|p2b: Annihilape|def|1\n|move|p1b: Grimmsnarl|Spirit Break|p2a: Farigiraf\n|-activate|p2a: Farigiraf|move: Protect\n|move|p1a: Garganacl|Recover|p1a: Garganacl\n|-heal|p1a: Garganacl|100\/100\n|\n|-sideend|p1: PokemonBreederJoey|Reflect\n|-sideend|p2: joshdonnie|Reflect\n|upkeep\n|turn|10\n|\n|t:|1682022693\n|move|p1b: Grimmsnarl|Reflect|p1b: Grimmsnarl\n|-sidestart|p1: PokemonBreederJoey|Reflect\n|move|p2b: Annihilape|Bulk Up|p2b: Annihilape\n|-boost|p2b: Annihilape|atk|1\n|-boost|p2b: Annihilape|def|1\n|move|p2a: Farigiraf|Hyper Voice|p1a: Garganacl|[spread] p1a,p1b\n|-damage|p1a: Garganacl|88\/100\n|-damage|p1b: Grimmsnarl|9\/100\n|-enditem|p2a: Farigiraf|Throat Spray\n|-boost|p2a: Farigiraf|spa|1|[from] item: Throat Spray\n|move|p1a: Garganacl|Salt Cure|p2b: Annihilape\n|-supereffective|p2b: Annihilape\n|-damage|p2b: Annihilape|92\/100\n|-start|p2b: Annihilape|Salt Cure\n|\n|-heal|p2b: Annihilape|98\/100|[from] item: Leftovers\n|-heal|p1a: Garganacl|94\/100|[from] item: Leftovers\n|-damage|p2b: Annihilape|86\/100|[from] Salt Cure\n|upkeep\n|turn|11\n|\n|t:|1682022710\n|move|p2b: Annihilape|Bulk Up|p2b: Annihilape\n|-boost|p2b: Annihilape|atk|1\n|-boost|p2b: Annihilape|def|1\n|move|p2a: Farigiraf|Hyper Voice|p1b: Grimmsnarl|[spread] p1a,p1b\n|-damage|p1a: Garganacl|72\/100\n|-damage|p1b: Grimmsnarl|0 fnt\n|faint|p1b: Grimmsnarl\n|move|p1a: Garganacl|Iron Defense|p1a: Garganacl\n|-boost|p1a: Garganacl|def|2\n|\n|-heal|p2b: Annihilape|92\/100|[from] item: Leftovers\n|-heal|p1a: Garganacl|78\/100|[from] item: Leftovers\n|-damage|p2b: Annihilape|79\/100|[from] Salt Cure\n|-sideend|p1: PokemonBreederJoey|move: Light Screen\n|upkeep\n|\n|t:|1682022723\n|switch|p1b: Sylveon|Sylveon, L50, M|100\/100\n|turn|12\n|\n|t:|1682022733\n|move|p2a: Farigiraf|Protect|p2a: Farigiraf\n|-singleturn|p2a: Farigiraf|Protect\n|move|p2b: Annihilape|Rage Fist|p1b: Sylveon\n|-damage|p1b: Sylveon|0 fnt\n|faint|p1b: Sylveon\n|move|p1a: Garganacl|Body Press|p2a: Farigiraf\n|-activate|p2a: Farigiraf|move: Protect\n|\n|-heal|p2b: Annihilape|85\/100|[from] item: Leftovers\n|-heal|p1a: Garganacl|84\/100|[from] item: Leftovers\n|-damage|p2b: Annihilape|73\/100|[from] Salt Cure\n|upkeep\n|turn|13\n|\n|t:|1682022748\n|move|p2b: Annihilape|Rage Fist|p1a: Garganacl\n|-damage|p1a: Garganacl|60\/100\n|move|p2a: Farigiraf|Thunderbolt|p1a: Garganacl\n|-supereffective|p1a: Garganacl\n|-damage|p1a: Garganacl|9\/100\n|move|p1a: Garganacl|Body Press|p2a: Farigiraf\n|-damage|p2a: Farigiraf|17\/100\n|\n|-heal|p2b: Annihilape|79\/100|[from] item: Leftovers\n|-heal|p1a: Garganacl|15\/100|[from] item: Leftovers\n|-damage|p2b: Annihilape|66\/100|[from] Salt Cure\n|upkeep\n|turn|14\n|-message|PokemonBreederJoey forfeited.\n|\n|win|joshdonnie\n|raw|PokemonBreederJoey's rating: 1319 → 1299<\/strong> (-20 for losing)\n|raw|joshdonnie's rating: 1315 → 1335<\/strong> (+20 for winning)\n|l|\u2606PokemonBreederJoey\n|c|\u2606joshdonnie|gg\n","uploadtime":1682022771,"views":12,"p1id":"pokemonbreederjoey","p2id":"joshdonnie","formatid":"gen9vgc2023regulationc","rating":1299,"private":0,"password":""}