{"id":"gen9vgc2023regulationc-1856323019","p1":"Froglock","p2":"Rossarithm","format":"[Gen 9] VGC 2023 Regulation C","log":"|j|\u2606Froglock\n|j|\u2606Rossarithm\n|t:|1683050828\n|gametype|doubles\n|player|p1|Froglock|2|1090\n|player|p2|Rossarithm|norman|1180\n|teamsize|p1|6\n|teamsize|p2|6\n|gen|9\n|tier|[Gen 9] VGC 2023 Regulation C\n|rated|\n|rule|Species Clause: Limit one of each Pok\u00e9mon\n|rule|Item Clause: Limit one of each item\n|clearpoke\n|poke|p1|Mudsdale, L50, F|\n|poke|p1|Farigiraf, L50, F|\n|poke|p1|Torkoal, L50, M|\n|poke|p1|Amoonguss, L50, M|\n|poke|p1|Kingambit, L50, M|\n|poke|p1|Palafin, L50, F|\n|poke|p2|Scizor, L50, M|\n|poke|p2|Dragonite, L50, F|\n|poke|p2|Palafin, L50, M|\n|poke|p2|Umbreon, L50, M|\n|poke|p2|Iron Hands, L50|\n|poke|p2|Chien-Pao, L50|\n|teampreview|4\nRossarithm has agreed to open team sheets.\n|\n|t:|1683050887\n|start\n|switch|p1a: Mudsdale|Mudsdale, L50, F|100\/100\n|switch|p1b: Farigiraf|Farigiraf, L50, F|100\/100\n|switch|p2a: Palafin|Palafin, L50, M|100\/100\n|switch|p2b: Umbreon|Umbreon, L50, M|100\/100\n|turn|1\n|\n|t:|1683050911\n|-terastallize|p2a: Palafin|Water\n|-terastallize|p1a: Mudsdale|Grass\n|move|p2a: Palafin|Wave Crash|p1a: Mudsdale\n|-resisted|p1a: Mudsdale\n|-damage|p1a: Mudsdale|77\/100\n|-ability|p1a: Mudsdale|Stamina|boost\n|-boost|p1a: Mudsdale|def|1\n|-damage|p2a: Palafin|93\/100|[from] Recoil\n|move|p2b: Umbreon|Foul Play|p1b: Farigiraf\n|-supereffective|p1b: Farigiraf\n|-damage|p1b: Farigiraf|44\/100\n|move|p1b: Farigiraf|Beat Up|p1a: Mudsdale\n|-damage|p1a: Mudsdale|75\/100\n|-ability|p1a: Mudsdale|Stamina|boost\n|-boost|p1a: Mudsdale|def|1\n|-damage|p1a: Mudsdale|73\/100\n|-ability|p1a: Mudsdale|Stamina|boost\n|-boost|p1a: Mudsdale|def|1\n|-damage|p1a: Mudsdale|72\/100\n|-ability|p1a: Mudsdale|Stamina|boost\n|-boost|p1a: Mudsdale|def|1\n|-damage|p1a: Mudsdale|71\/100\n|-ability|p1a: Mudsdale|Stamina|boost\n|-boost|p1a: Mudsdale|def|1\n|-hitcount|p1a: Mudsdale|4\n|move|p1a: Mudsdale|Body Press|p2a: Palafin\n|-damage|p2a: Palafin|3\/100\n|\n|upkeep\n|turn|2\n|\n|t:|1683050974\n|switch|p1b: Amoonguss|Amoonguss, L50, M|100\/100\n|move|p2a: Palafin|Haze|p2a: Palafin\n|-clearallboost\n|move|p2b: Umbreon|Foul Play|p1b: Amoonguss\n|-damage|p1b: Amoonguss|81\/100\n|move|p1a: Mudsdale|Body Press|p2b: Umbreon\n|-supereffective|p2b: Umbreon\n|-crit|p2b: Umbreon\n|-damage|p2b: Umbreon|58\/100\n|\n|-heal|p2b: Umbreon|64\/100|[from] item: Leftovers\n|-heal|p1b: Amoonguss|87\/100|[from] item: Leftovers\n|upkeep\n|turn|3\n|\n|t:|1683051010\n|switch|p2b: Chien-Pao|Chien-Pao, L50|100\/100\n|-ability|p2b: Chien-Pao|Sword of Ruin\n|move|p2a: Palafin|Protect|p2a: Palafin\n|-singleturn|p2a: Palafin|Protect\n|move|p1a: Mudsdale|Rock Slide|p2a: Palafin|[spread] p2b\n|-activate|p2a: Palafin|move: Protect\n|-supereffective|p2b: Chien-Pao\n|-damage|p2b: Chien-Pao|53\/100\n|move|p1b: Amoonguss|Spore|p2b: Chien-Pao\n|-status|p2b: Chien-Pao|slp|[from] move: Spore\n|\n|-heal|p1b: Amoonguss|93\/100|[from] item: Leftovers\n|upkeep\n|turn|4\n|\n|t:|1683051033\n|switch|p2b: Iron Hands|Iron Hands, L50|100\/100\n|detailschange|p2a: Palafin|Palafin-Hero, L50, M, tera:Water\n|switch|p2a: Umbreon|Umbreon, L50, M|64\/100\n|switch|p1b: Farigiraf|Farigiraf, L50, F|44\/100\n|move|p1a: Mudsdale|Rock Slide|p2a: Umbreon|[spread] p2a,p2b\n|-resisted|p2b: Iron Hands\n|-crit|p2b: Iron Hands\n|-damage|p2a: Umbreon|54\/100\n|-damage|p2b: Iron Hands|92\/100\n|\n|-heal|p2a: Umbreon|60\/100|[from] item: Leftovers\n|upkeep\n|turn|5\n|\n|t:|1683051066\n|move|p2a: Umbreon|Skill Swap|p1a: Mudsdale\n|-activate|p2a: Umbreon|move: Skill Swap|Stamina|Inner Focus|[of] p1a: Mudsdale\n|move|p1b: Farigiraf|Beat Up|p1a: Mudsdale\n|-damage|p1a: Mudsdale|68\/100\n|-damage|p1a: Mudsdale|65\/100\n|-damage|p1a: Mudsdale|63\/100\n|-damage|p1a: Mudsdale|60\/100\n|-hitcount|p1a: Mudsdale|4\n|move|p2b: Iron Hands|Volt Switch|p1b: Farigiraf\n|-damage|p1b: Farigiraf|33\/100\n|\n|t:|1683051079\n|-end|p2b: Iron Hands|Quark Drive|[silent]\n|switch|p2b: Chien-Pao|Chien-Pao, L50|53\/100 slp|[from] Volt Switch\n|-ability|p2b: Chien-Pao|Sword of Ruin\n|move|p1a: Mudsdale|Body Press|p2a: Umbreon\n|-supereffective|p2a: Umbreon\n|-damage|p2a: Umbreon|18\/100\n|-ability|p2a: Umbreon|Stamina|boost\n|-boost|p2a: Umbreon|def|1\n|\n|-heal|p2a: Umbreon|24\/100|[from] item: Leftovers\n|upkeep\n|turn|6\n|\n|t:|1683051097\n|cant|p2b: Chien-Pao|slp\n|move|p2a: Umbreon|Foul Play|p1b: Farigiraf\n|-supereffective|p1b: Farigiraf\n|-damage|p1b: Farigiraf|0 fnt\n|faint|p1b: Farigiraf\n|move|p1a: Mudsdale|Body Press|p2a: Umbreon\n|-supereffective|p2a: Umbreon\n|-damage|p2a: Umbreon|0 fnt\n|faint|p2a: Umbreon\n|\n|upkeep\n|\n|t:|1683051113\n|switch|p2a: Palafin|Palafin-Hero, L50, M, tera:Water|3\/100\n|switch|p1b: Torkoal|Torkoal, L50, M|100\/100\n|-activate|p2a: Palafin|ability: Zero to Hero\n|-weather|SunnyDay|[from] ability: Drought|[of] p1b: Torkoal\n|turn|7\n|\n|t:|1683051126\n|-curestatus|p2b: Chien-Pao|slp|[msg]\n|move|p2b: Chien-Pao|Ice Spinner|p1a: Mudsdale\n|-supereffective|p1a: Mudsdale\n|-damage|p1a: Mudsdale|0 fnt\n|faint|p1a: Mudsdale\n|move|p2a: Palafin|Wave Crash|p1b: Torkoal\n|-supereffective|p1b: Torkoal\n|-damage|p1b: Torkoal|1\/100\n|-damage|p2a: Palafin|0 fnt|[from] Recoil\n|faint|p2a: Palafin\n|move|p1b: Torkoal|Heat Wave|p2b: Chien-Pao\n|-supereffective|p2b: Chien-Pao\n|-damage|p2b: Chien-Pao|0 fnt\n|faint|p2b: Chien-Pao\n|-damage|p1b: Torkoal|0 fnt|[from] item: Life Orb\n|faint|p1b: Torkoal\n|\n|-weather|SunnyDay|[upkeep]\n|upkeep\n|inactive|Battle timer is ON: inactive players will automatically lose when time's up. (requested by Froglock)\n|\n|t:|1683051150\n|switch|p2b: Iron Hands|Iron Hands, L50|92\/100\n|switch|p1b: Amoonguss|Amoonguss, L50, M|100\/100\n|turn|8\n|\n|t:|1683051164\n|move|p2b: Iron Hands|Fake Out|p1b: Amoonguss\n|-damage|p1b: Amoonguss|85\/100\n|cant|p1b: Amoonguss|flinch\n|\n|-weather|SunnyDay|[upkeep]\n|-heal|p1b: Amoonguss|91\/100|[from] item: Leftovers\n|upkeep\n|turn|9\n|\n|t:|1683051173\n|move|p2b: Iron Hands|Drain Punch|p1b: Amoonguss\n|-resisted|p1b: Amoonguss\n|-damage|p1b: Amoonguss|68\/100\n|-heal|p2b: Iron Hands|100\/100|[from] drain|[of] p1b: Amoonguss\n|move|p1b: Amoonguss|Spore|p2b: Iron Hands\n|-status|p2b: Iron Hands|slp|[from] move: Spore\n|\n|-weather|SunnyDay|[upkeep]\n|-heal|p1b: Amoonguss|74\/100|[from] item: Leftovers\n|upkeep\n|turn|10\n|\n|t:|1683051183\n|cant|p2b: Iron Hands|slp\n|move|p1b: Amoonguss|Solar Beam||[still]\n|-prepare|p1b: Amoonguss|Solar Beam\n|-anim|p1b: Amoonguss|Solar Beam|p2b: Iron Hands\n|-damage|p2b: Iron Hands|75\/100 slp\n|\n|-weather|SunnyDay|[upkeep]\n|-heal|p1b: Amoonguss|80\/100|[from] item: Leftovers\n|upkeep\n|turn|11\n|\n|t:|1683051193\n|-curestatus|p2b: Iron Hands|slp|[msg]\n|move|p2b: Iron Hands|Drain Punch|p1b: Amoonguss\n|-resisted|p1b: Amoonguss\n|-damage|p1b: Amoonguss|57\/100\n|-heal|p2b: Iron Hands|86\/100|[from] drain|[of] p1b: Amoonguss\n|move|p1b: Amoonguss|Solar Beam||[still]\n|-prepare|p1b: Amoonguss|Solar Beam\n|-anim|p1b: Amoonguss|Solar Beam|p2b: Iron Hands\n|-damage|p2b: Iron Hands|62\/100\n|\n|-weather|none\n|-heal|p1b: Amoonguss|63\/100|[from] item: Leftovers\n|upkeep\n|turn|12\n|\n|t:|1683051207\n|move|p2b: Iron Hands|Drain Punch|p1b: Amoonguss\n|-resisted|p1b: Amoonguss\n|-damage|p1b: Amoonguss|43\/100\n|-heal|p2b: Iron Hands|71\/100|[from] drain|[of] p1b: Amoonguss\n|move|p1b: Amoonguss|Spore|p2b: Iron Hands\n|-status|p2b: Iron Hands|slp|[from] move: Spore\n|\n|-heal|p1b: Amoonguss|48\/100|[from] item: Leftovers\n|upkeep\n|turn|13\n|\n|t:|1683051218\n|cant|p2b: Iron Hands|slp\n|move|p1b: Amoonguss|Solar Beam||[still]\n|-prepare|p1b: Amoonguss|Solar Beam\n|\n|-heal|p1b: Amoonguss|54\/100|[from] item: Leftovers\n|upkeep\n|turn|14\n|\n|t:|1683051239\n|cant|p2b: Iron Hands|slp\n|move|p1b: Amoonguss|Solar Beam|p2b: Iron Hands|[from]lockedmove\n|-damage|p2b: Iron Hands|46\/100 slp\n|\n|-heal|p1b: Amoonguss|60\/100|[from] item: Leftovers\n|upkeep\n|turn|15\n|\n|t:|1683051248\n|cant|p2b: Iron Hands|slp\n|move|p1b: Amoonguss|Solar Beam||[still]\n|-prepare|p1b: Amoonguss|Solar Beam\n|\n|-heal|p1b: Amoonguss|66\/100|[from] item: Leftovers\n|upkeep\n|turn|16\n|\n|t:|1683051255\n|-curestatus|p2b: Iron Hands|slp|[msg]\n|move|p2b: Iron Hands|Drain Punch|p1b: Amoonguss\n|-resisted|p1b: Amoonguss\n|-damage|p1b: Amoonguss|43\/100\n|-heal|p2b: Iron Hands|57\/100|[from] drain|[of] p1b: Amoonguss\n|move|p1b: Amoonguss|Solar Beam|p2b: Iron Hands|[from]lockedmove\n|-damage|p2b: Iron Hands|32\/100\n|\n|-heal|p1b: Amoonguss|49\/100|[from] item: Leftovers\n|upkeep\n|turn|17\n|\n|t:|1683051268\n|move|p2b: Iron Hands|Drain Punch|p1b: Amoonguss\n|-resisted|p1b: Amoonguss\n|-damage|p1b: Amoonguss|29\/100\n|-heal|p2b: Iron Hands|41\/100|[from] drain|[of] p1b: Amoonguss\n|move|p1b: Amoonguss|Spore|p2b: Iron Hands\n|-status|p2b: Iron Hands|slp|[from] move: Spore\n|\n|-heal|p1b: Amoonguss|35\/100|[from] item: Leftovers\n|upkeep\n|turn|18\n|\n|t:|1683051279\n|cant|p2b: Iron Hands|slp\n|move|p1b: Amoonguss|Solar Beam||[still]\n|-prepare|p1b: Amoonguss|Solar Beam\n|\n|-heal|p1b: Amoonguss|41\/100|[from] item: Leftovers\n|upkeep\n|turn|19\n|\n|t:|1683051285\n|cant|p2b: Iron Hands|slp\n|move|p1b: Amoonguss|Solar Beam|p2b: Iron Hands|[from]lockedmove\n|-damage|p2b: Iron Hands|15\/100 slp\n|\n|-heal|p1b: Amoonguss|47\/100|[from] item: Leftovers\n|upkeep\n|turn|20\n|\n|t:|1683051294\n|cant|p2b: Iron Hands|slp\n|move|p1b: Amoonguss|Solar Beam||[still]\n|-prepare|p1b: Amoonguss|Solar Beam\n|\n|-heal|p1b: Amoonguss|53\/100|[from] item: Leftovers\n|upkeep\n|turn|21\n|\n|t:|1683051301\n|-curestatus|p2b: Iron Hands|slp|[msg]\n|move|p2b: Iron Hands|Drain Punch|p1b: Amoonguss\n|-resisted|p1b: Amoonguss\n|-damage|p1b: Amoonguss|32\/100\n|-heal|p2b: Iron Hands|25\/100|[from] drain|[of] p1b: Amoonguss\n|move|p1b: Amoonguss|Solar Beam|p2b: Iron Hands|[from]lockedmove\n|-damage|p2b: Iron Hands|1\/100\n|\n|-heal|p1b: Amoonguss|38\/100|[from] item: Leftovers\n|upkeep\n|turn|22\n|\n|t:|1683051320\n|move|p2b: Iron Hands|Drain Punch|p1b: Amoonguss\n|-resisted|p1b: Amoonguss\n|-damage|p1b: Amoonguss|15\/100\n|-heal|p2b: Iron Hands|11\/100|[from] drain|[of] p1b: Amoonguss\n|move|p1b: Amoonguss|Spore|p2b: Iron Hands\n|-status|p2b: Iron Hands|slp|[from] move: Spore\n|\n|-heal|p1b: Amoonguss|21\/100|[from] item: Leftovers\n|upkeep\n|turn|23\n|\n|t:|1683051332\n|cant|p2b: Iron Hands|slp\n|move|p1b: Amoonguss|Pollen Puff|p2b: Iron Hands\n|-resisted|p2b: Iron Hands\n|-damage|p2b: Iron Hands|5\/100 slp\n|\n|-heal|p1b: Amoonguss|27\/100|[from] item: Leftovers\n|upkeep\n|turn|24\n|\n|t:|1683051342\n|cant|p2b: Iron Hands|slp\n|move|p1b: Amoonguss|Pollen Puff|p2b: Iron Hands\n|-resisted|p2b: Iron Hands\n|-damage|p2b: Iron Hands|0 fnt\n|faint|p2b: Iron Hands\n|-end|p2b: Iron Hands|Quark Drive|[silent]\n|\n|win|Froglock\n|raw|Froglock's rating: 1090 → 1123<\/strong> (+33 for winning)\n|raw|Rossarithm's rating: 1180 → 1149<\/strong> (-31 for losing)\n|l|\u2606Rossarithm\n","uploadtime":1683051356,"views":9,"p1id":"froglock","p2id":"rossarithm","formatid":"gen9vgc2023regulationc","rating":1123,"private":0,"password":""}