{"id":"gen9vgc2023regulationc-1859812627","p1":"Rixiflusss","p2":"YudiPolystation","format":"[Gen 9] VGC 2023 Regulation C","log":"|j|\u2606Rixiflusss\n|j|\u2606YudiPolystation\n|t:|1683566618\n|gametype|doubles\n|player|p1|Rixiflusss|hiker|1108\n|player|p2|YudiPolystation|170|1044\n|teamsize|p1|6\n|teamsize|p2|6\n|gen|9\n|tier|[Gen 9] VGC 2023 Regulation C\n|rated|\n|rule|Species Clause: Limit one of each Pok\u00e9mon\n|rule|Item Clause: Limit one of each item\n|clearpoke\n|poke|p1|Garganacl, L50, F|\n|poke|p1|Gastrodon-East, L50, M|\n|poke|p1|Chi-Yu, L50|\n|poke|p1|Amoonguss, L50, M|\n|poke|p1|Scream Tail, L50|\n|poke|p1|Scizor, L50, M|\n|poke|p2|Dragapult, L50, M|\n|poke|p2|Scizor, L50, F|\n|poke|p2|Scovillain, L50, M|\n|poke|p2|Chien-Pao, L50|\n|poke|p2|Iron Bundle, L50|\n|poke|p2|Ting-Lu, L50|\n|teampreview|4\nRixiflusss has agreed to open team sheets.\n|inactive|Battle timer is ON: inactive players will automatically lose when time's up. (requested by Rixiflusss)\nYudiPolystation has agreed to open team sheets.\n|inactive|Rixiflusss has 60 seconds left.\n|\n|t:|1683566667\n|start\n|switch|p1a: Garganacl|Garganacl, L50, F|100\/100\n|switch|p1b: Scream Tail|Scream Tail, L50|100\/100\n|switch|p2a: Dragapult|Dragapult, L50, M|100\/100\n|switch|p2b: Scovillain|Scovillain, L50, M|100\/100\n|turn|1\n|inactive|Rixiflusss has 30 seconds left.\n|inactive|YudiPolystation has 30 seconds left.\n|\n|t:|1683566699\n|-terastallize|p2a: Dragapult|Fire\n|move|p2b: Scovillain|Spicy Extract|p1b: Scream Tail\n|-boost|p1b: Scream Tail|atk|2\n|-unboost|p1b: Scream Tail|def|2\n|-enditem|p2a: Dragapult|Mirror Herb\n|-boost|p2a: Dragapult|atk|2|[from] item: Mirror Herb\n|move|p2a: Dragapult|Tera Blast|p1b: Scream Tail\n|-damage|p1b: Scream Tail|0 fnt\n|faint|p1b: Scream Tail\n|-end|p1b: Scream Tail|Protosynthesis|[silent]\n|move|p1a: Garganacl|Salt Cure|p2b: Scovillain\n|-supereffective|p2b: Scovillain\n|-damage|p2b: Scovillain|58\/100\n|-start|p2b: Scovillain|Salt Cure\n|\n|-damage|p2b: Scovillain|45\/100|[from] Salt Cure\n|upkeep\n|\n|t:|1683566715\n|switch|p1b: Gastrodon|Gastrodon-East, L50, M|100\/100\n|turn|2\n|\n|t:|1683566731\n|-terastallize|p1b: Gastrodon|Fire\n|move|p2b: Scovillain|Spicy Extract|p2a: Dragapult\n|-fail|p2a: Dragapult|unboost|[from] ability: Clear Body|[of] p2a: Dragapult\n|-boost|p2a: Dragapult|atk|2\n|move|p2a: Dragapult|Dragon Darts|p1a: Garganacl\n|-damage|p1a: Garganacl|54\/100\n|-anim|p2a: Dragapult|Dragon Darts|p1b: Gastrodon\n|-damage|p1b: Gastrodon|31\/100\n|move|p1b: Gastrodon|Muddy Water|p2b: Scovillain|[spread] p2a,p2b\n|-supereffective|p2a: Dragapult\n|-damage|p2a: Dragapult|45\/100\n|-damage|p2b: Scovillain|11\/100\n|-unboost|p2b: Scovillain|accuracy|1\n|move|p1a: Garganacl|Salt Cure|p2a: Dragapult\n|-supereffective|p2a: Dragapult\n|-damage|p2a: Dragapult|11\/100\n|-start|p2a: Dragapult|Salt Cure\n|\n|-heal|p1a: Garganacl|59\/100|[from] item: Leftovers\n|-damage|p2b: Scovillain|0 fnt|[from] Salt Cure\n|faint|p2b: Scovillain\n|-damage|p2a: Dragapult|0 fnt|[from] Salt Cure\n|faint|p2a: Dragapult\n|upkeep\n|inactive|YudiPolystation has 30 seconds left.\n|\n|t:|1683566757\n|switch|p2a: Chien-Pao|Chien-Pao, L50|100\/100\n|switch|p2b: Scizor|Scizor, L50, F|100\/100\n|-ability|p2a: Chien-Pao|Sword of Ruin\n|turn|3\n|inactive|YudiPolystation has 30 seconds left.\n|\n|t:|1683566786\n|move|p2b: Scizor|Bullet Punch|p1a: Garganacl\n|-supereffective|p1a: Garganacl\n|-damage|p1a: Garganacl|0 fnt\n|faint|p1a: Garganacl\n|-damage|p2b: Scizor|91\/100|[from] item: Life Orb\n|move|p2a: Chien-Pao|Sacred Sword|p1b: Gastrodon\n|-damage|p1b: Gastrodon|0 fnt\n|faint|p1b: Gastrodon\n|\n|upkeep\n|\n|t:|1683566796\n|switch|p1b: Chi-Yu|Chi-Yu, L50|100\/100\n|-ability|p1b: Chi-Yu|Beads of Ruin\n|turn|4\n|\n|t:|1683566810\n|move|p2b: Scizor|Protect|p2b: Scizor\n|-singleturn|p2b: Scizor|Protect\n|move|p2a: Chien-Pao|Sucker Punch|p1b: Chi-Yu\n|-resisted|p1b: Chi-Yu\n|-crit|p1b: Chi-Yu\n|-damage|p1b: Chi-Yu|60\/100\n|move|p1b: Chi-Yu|Heat Wave|p2a: Chien-Pao|[spread] p2a\n|-activate|p2b: Scizor|move: Protect\n|-supereffective|p2a: Chien-Pao\n|-enditem|p2a: Chien-Pao|Focus Sash\n|-damage|p2a: Chien-Pao|1\/100\n|\n|upkeep\n|turn|5\n|\n|t:|1683566823\n|move|p2b: Scizor|Feint|p1b: Chi-Yu\n|-damage|p1b: Chi-Yu|23\/100\n|-enditem|p1b: Chi-Yu|Mago Berry|[eat]\n|-heal|p1b: Chi-Yu|56\/100|[from] item: Mago Berry\n|-damage|p2b: Scizor|81\/100|[from] item: Life Orb\n|move|p2a: Chien-Pao|Sucker Punch|p1b: Chi-Yu\n|-resisted|p1b: Chi-Yu\n|-damage|p1b: Chi-Yu|28\/100\n|move|p1b: Chi-Yu|Heat Wave|p2b: Scizor|[spread] p2a,p2b\n|-supereffective|p2a: Chien-Pao\n|-supereffective|p2b: Scizor\n|-damage|p2a: Chien-Pao|0 fnt\n|-damage|p2b: Scizor|0 fnt\n|faint|p2a: Chien-Pao\n|faint|p2b: Scizor\n|\n|win|Rixiflusss\n|raw|Rixiflusss's rating: 1108 → 1128<\/strong> (+20 for winning)\n|raw|YudiPolystation's rating: 1044 → 1030<\/strong> (-14 for losing)\n|l|\u2606Rixiflusss\n","uploadtime":1683566896,"views":6,"p1id":"rixiflusss","p2id":"yudipolystation","formatid":"gen9vgc2023regulationc","rating":1030,"private":0,"password":""}