{"id":"gen9vgc2023regulationc-1850959401","p1":"toilet friend","p2":"Beta20X","format":"[Gen 9] VGC 2023 Regulation C","log":"|j|\u2606toilet friend\n|j|\u2606Beta20X\n|t:|1682387097\n|gametype|doubles\n|player|p1|toilet friend|lucas|\n|player|p2|Beta20X|erika-gen2|\n|teamsize|p1|6\n|teamsize|p2|6\n|gen|9\n|tier|[Gen 9] VGC 2023 Regulation C\n|rated|Tournament battle\n|rule|Species Clause: Limit one of each Pok\u00e9mon\n|rule|Item Clause: Limit one of each item\n|clearpoke\n|poke|p1|Palafin, L50, M|\n|poke|p1|Flutter Mane, L50|\n|poke|p1|Kingambit, L50, F|\n|poke|p1|Chi-Yu, L50|\n|poke|p1|Arcanine, L50, F|\n|poke|p1|Amoonguss, L50, M|\n|poke|p2|Garganacl, L50, M|\n|poke|p2|Gyarados, L50, F|\n|poke|p2|Chi-Yu, L50|\n|poke|p2|Amoonguss, L50, M|\n|poke|p2|Gothitelle, L50, F|\n|poke|p2|Iron Jugulis, L50|\n|teampreview|4\n|raw| Open Team Sheet for toilet friend<\/summary>Palafin @ Mystic Water Ability: Zero to Hero Level: 50 Tera Type: Water - Protect - Wave Crash - Jet Punch - Substitute Flutter Mane @ Choice Specs Ability: Protosynthesis Level: 50 Tera Type: Fairy - Shadow Ball - Moonblast - Dazzling Gleam - Thunderbolt Kingambit @ Lum Berry Ability: Defiant Level: 50 Tera Type: Dark - Protect - Kowtow Cleave - Sucker Punch - Swords Dance Chi-Yu @ Assault Vest Ability: Beads of Ruin Level: 50 Tera Type: Water - Dark Pulse - Overheat - Heat Wave - Tera Blast Arcanine @ Safety Goggles Ability: Intimidate Level: 50 Tera Type: Grass - Protect - Flare Blitz - Will-O-Wisp - Extreme Speed Amoonguss @ Sitrus Berry Ability: Regenerator Level: 50 Tera Type: Water - Clear Smog - Pollen Puff - Rage Powder - Spore <\/details><\/div> Open Team Sheet for Beta20X<\/summary>Garganacl @ Leftovers Ability: Purifying Salt Level: 50 Tera Type: Poison - Iron Defense - Salt Cure - Recover - Protect Gyarados (F) @ Lum Berry Ability: Intimidate Level: 50 Tera Type: Flying - Tera Blast - Waterfall - Protect - Taunt Chi-Yu @ Focus Sash Ability: Beads of Ruin Level: 50 Tera Type: Ghost - Nasty Plot - Dark Pulse - Heat Wave - Protect Amoonguss @ Sitrus Berry Ability: Regenerator Level: 50 Tera Type: Water - Spore - Rage Powder - Pollen Puff - Protect Gothitelle @ Mental Herb Ability: Shadow Tag Level: 50 Tera Type: Grass - Fake Out - Hypnosis - Protect - Psyshock Iron Jugulis @ Booster Energy Ability: Quark Drive Level: 50 Tera Type: Dark - Tailwind - Dark Pulse - Hurricane - Protect <\/details><\/div>\n|j| rina slaywayama\n|j| Tameryn\n|j| DefiAntVGC\n|j| Ultrabook 1000\n|\n|t:|1682387140\n|start\n|switch|p1a: Kingambit|Kingambit, L50, F|100\/100\n|switch|p1b: Flutter Mane|Flutter Mane, L50|100\/100\n|switch|p2a: Gothitelle|Gothitelle, L50, F|100\/100\n|switch|p2b: Garganacl|Garganacl, L50, M|100\/100\n|turn|1\n|\n|t:|1682387157\n|-terastallize|p2b: Garganacl|Poison\n|move|p2a: Gothitelle|Protect|p2a: Gothitelle\n|-singleturn|p2a: Gothitelle|Protect\n|move|p1b: Flutter Mane|Shadow Ball|p2a: Gothitelle\n|-activate|p2a: Gothitelle|move: Protect\n|move|p1a: Kingambit|Swords Dance|p1a: Kingambit\n|-boost|p1a: Kingambit|atk|2\n|move|p2b: Garganacl|Salt Cure|p1a: Kingambit\n|-resisted|p1a: Kingambit\n|-damage|p1a: Kingambit|95\/100\n|-start|p1a: Kingambit|Salt Cure\n|\n|-damage|p1a: Kingambit|70\/100|[from] Salt Cure\n|upkeep\n|turn|2\n|\n|t:|1682387173\n|-terastallize|p1a: Kingambit|Dark\n|move|p1b: Flutter Mane|Shadow Ball|p2a: Gothitelle\n|-supereffective|p2a: Gothitelle\n|-damage|p2a: Gothitelle|0 fnt\n|faint|p2a: Gothitelle\n|move|p1a: Kingambit|Kowtow Cleave|p2b: Garganacl\n|-damage|p2b: Garganacl|15\/100\n|move|p2b: Garganacl|Iron Defense|p2b: Garganacl\n|-boost|p2b: Garganacl|def|2\n|\n|-heal|p2b: Garganacl|21\/100|[from] item: Leftovers\n|-damage|p1a: Kingambit|58\/100|[from] Salt Cure\n|upkeep\n|\n|t:|1682387178\n|switch|p2a: Iron Jugulis|Iron Jugulis, L50|100\/100\n|-enditem|p2a: Iron Jugulis|Booster Energy\n|-activate|p2a: Iron Jugulis|ability: Quark Drive|[fromitem]\n|-start|p2a: Iron Jugulis|quarkdrivespe\n|turn|3\n|\n|t:|1682387202\n|-end|p1b: Flutter Mane|Protosynthesis|[silent]\n|switch|p1b: Amoonguss|Amoonguss, L50, M|100\/100\n|move|p2b: Garganacl|Protect|p2b: Garganacl\n|-singleturn|p2b: Garganacl|Protect\n|move|p2a: Iron Jugulis|Hurricane|p1a: Kingambit|[miss]\n|-miss|p2a: Iron Jugulis|p1a: Kingambit\n|move|p1a: Kingambit|Kowtow Cleave|p2b: Garganacl\n|-activate|p2b: Garganacl|move: Protect\n|\n|-heal|p2b: Garganacl|27\/100|[from] item: Leftovers\n|-damage|p1a: Kingambit|46\/100|[from] Salt Cure\n|upkeep\n|turn|4\n|j| tedchangsmart\n|\n|t:|1682387225\n|switch|p1b: Chi-Yu|Chi-Yu, L50|100\/100\n|-ability|p1b: Chi-Yu|Beads of Ruin\n|move|p2a: Iron Jugulis|Hurricane|p1a: Kingambit\n|-damage|p1a: Kingambit|0 fnt\n|faint|p1a: Kingambit\n|move|p2b: Garganacl|Recover|p2b: Garganacl\n|-heal|p2b: Garganacl|77\/100\n|\n|-heal|p2b: Garganacl|83\/100|[from] item: Leftovers\n|upkeep\n|\n|t:|1682387233\n|switch|p1a: Flutter Mane|Flutter Mane, L50|100\/100\n|turn|5\n|l| tedchangsmart\n|\n|t:|1682387248\n|move|p2a: Iron Jugulis|Hurricane|p1a: Flutter Mane|[miss]\n|-miss|p2a: Iron Jugulis|p1a: Flutter Mane\n|move|p1a: Flutter Mane|Thunderbolt|p2b: Garganacl\n|-damage|p2b: Garganacl|43\/100\n|move|p1b: Chi-Yu|Overheat|p2b: Garganacl\n|-damage|p2b: Garganacl|0 fnt\n|-unboost|p1b: Chi-Yu|spa|2\n|faint|p2b: Garganacl\n|\n|upkeep\n|\n|t:|1682387251\n|switch|p2b: Gyarados|Gyarados, L50, F|100\/100\n|-ability|p2b: Gyarados|Intimidate|boost\n|-unboost|p1a: Flutter Mane|atk|1\n|-unboost|p1b: Chi-Yu|atk|1\n|turn|6\n|l| Ultrabook 1000\n|\n|t:|1682387267\n|switch|p1b: Amoonguss|Amoonguss, L50, M|100\/100\n|move|p2b: Gyarados|Protect|p2b: Gyarados\n|-singleturn|p2b: Gyarados|Protect\n|move|p2a: Iron Jugulis|Hurricane|p1a: Flutter Mane|[miss]\n|-miss|p2a: Iron Jugulis|p1a: Flutter Mane\n|move|p1a: Flutter Mane|Thunderbolt|p2b: Gyarados\n|-activate|p2b: Gyarados|move: Protect\n|\n|upkeep\n|turn|7\n|c|\u2606Beta20X|dude this mon sucks\n|\n|t:|1682387278\n|move|p2a: Iron Jugulis|Hurricane|p1a: Flutter Mane\n|-damage|p1a: Flutter Mane|56\/100\n|move|p1a: Flutter Mane|Thunderbolt|p2b: Gyarados\n|-supereffective|p2b: Gyarados\n|-damage|p2b: Gyarados|0 fnt\n|faint|p2b: Gyarados\n|move|p1b: Amoonguss|Spore|p2a: Iron Jugulis\n|-status|p2a: Iron Jugulis|slp|[from] move: Spore\n|\n|upkeep\n|turn|8\n|c|\u2606Beta20X|gg\n|l| Tameryn\n|\n|t:|1682387288\n|switch|p1b: Chi-Yu|Chi-Yu, L50|100\/100\n|-ability|p1b: Chi-Yu|Beads of Ruin\n|cant|p2a: Iron Jugulis|slp\n|move|p1a: Flutter Mane|Thunderbolt|p2a: Iron Jugulis\n|-supereffective|p2a: Iron Jugulis\n|-damage|p2a: Iron Jugulis|0 fnt\n|faint|p2a: Iron Jugulis\n|-end|p2a: Iron Jugulis|Quark Drive|[silent]\n|\n|win|toilet friend\n|n|\u2606toilet friend|toiletfriend\n|n|\u2606Beta20X|beta20x\n|n| rina slaywayama|rinaslaywayama\n|n| DefiAntVGC|defiantvgc\n","uploadtime":1682387290,"views":12,"p1id":"toiletfriend","p2id":"beta20x","formatid":"gen9vgc2023regulationc","rating":0,"private":0,"password":""}