{"id":"gen9vgc2023regulationc-1858922132","p1":"Poteteyryry","p2":"dewsteves","format":"[Gen 9] VGC 2023 Regulation C","log":"|j|\u2606Poteteyryry\n|j|\u2606dewsteves\n|t:|1683383771\n|gametype|doubles\n|player|p1|Poteteyryry|1|1004\n|player|p2|dewsteves|170|1019\n|teamsize|p1|6\n|teamsize|p2|6\n|gen|9\n|tier|[Gen 9] VGC 2023 Regulation C\n|rated|\n|rule|Species Clause: Limit one of each Pok\u00e9mon\n|rule|Item Clause: Limit one of each item\n|clearpoke\n|poke|p1|Toxicroak, L50, F|\n|poke|p1|Grafaiai, L50, F|\n|poke|p1|Espathra, L50, M|\n|poke|p1|Avalugg, L50, F|\n|poke|p1|Grimmsnarl, L50, M|\n|poke|p1|Arcanine, L50, F|\n|poke|p2|Tropius, L50, M|\n|poke|p2|Sableye, L50, M|\n|poke|p2|Sunflora, L50, F|\n|poke|p2|Torkoal, L50, M|\n|poke|p2|Lilligant, L50, F|\n|poke|p2|Scream Tail, L50|\n|teampreview|4\n|\n|t:|1683383796\n|start\n|switch|p1a: Grafaiai|Grafaiai, L50, F|100\/100\n|switch|p1b: Espathra|Espathra, L50, M|100\/100\n|switch|p2a: Tropius|Tropius, L50, M, shiny|100\/100\n|switch|p2b: Sableye|Sableye, L50, M, shiny|100\/100\n|turn|1\n|\n|t:|1683383848\n|-terastallize|p1b: Espathra|Steel\n|move|p2a: Tropius|Protect|p2a: Tropius\n|-singleturn|p2a: Tropius|Protect\n|move|p2b: Sableye|Sunny Day|p2b: Sableye\n|-weather|SunnyDay\n|move|p1a: Grafaiai|Flatter|p2a: Tropius\n|-activate|p2a: Tropius|move: Protect\n|move|p1b: Espathra|Hex|p2b: Sableye\n|-damage|p2b: Sableye|70\/100\n|\n|-weather|SunnyDay|[upkeep]\n|upkeep\n|turn|2\n|\n|t:|1683383876\n|move|p2b: Sableye|Disable|p1b: Espathra\n|-start|p1b: Espathra|Disable|Hex\n|move|p2a: Tropius|Earthquake|p1a: Grafaiai|[spread] p2b,p1a,p1b\n|-supereffective|p1a: Grafaiai\n|-supereffective|p1b: Espathra\n|-damage|p2b: Sableye|52\/100\n|-damage|p1a: Grafaiai|44\/100\n|-damage|p1b: Espathra|44\/100\n|move|p1a: Grafaiai|Flatter|p2a: Tropius\n|-boost|p2a: Tropius|spa|1\n|-ability|p1b: Espathra|Opportunist|boost\n|-boost|p1b: Espathra|spa|1\n|-start|p2a: Tropius|confusion\n|move|p1b: Espathra|Lumina Crash|p2a: Tropius\n|-damage|p2a: Tropius|38\/100\n|-unboost|p2a: Tropius|spd|2\n|\n|-weather|SunnyDay|[upkeep]\n|-heal|p2a: Tropius|44\/100|[from] item: Leftovers\n|-heal|p1a: Grafaiai|50\/100|[from] item: Black Sludge\n|upkeep\n|turn|3\n|\n|t:|1683383922\n|move|p1a: Grafaiai|Protect|p1a: Grafaiai\n|-singleturn|p1a: Grafaiai|Protect\n|move|p2b: Sableye|Quash|p1b: Espathra\n|-activate|p1b: Espathra|move: Quash\n|-activate|p2a: Tropius|confusion\n|-damage|p2a: Tropius|32\/100|[from] confusion\n|move|p1b: Espathra|Flash Cannon|p2a: Tropius\n|-damage|p2a: Tropius|0 fnt\n|faint|p2a: Tropius\n|\n|-weather|SunnyDay|[upkeep]\n|-heal|p1a: Grafaiai|56\/100|[from] item: Black Sludge\n|upkeep\n|\n|t:|1683383937\n|switch|p2a: Lilligant|Lilligant, L50, F, shiny|100\/100\n|turn|4\n|\n|t:|1683383978\n|move|p2a: Lilligant|Protect|p2a: Lilligant\n|-singleturn|p2a: Lilligant|Protect\n|move|p2b: Sableye|Disable|p1a: Grafaiai\n|-start|p1a: Grafaiai|Disable|Protect\n|move|p1a: Grafaiai|Flatter|p2a: Lilligant\n|-activate|p2a: Lilligant|move: Protect\n|move|p1b: Espathra|Lumina Crash|p2a: Lilligant\n|-activate|p2a: Lilligant|move: Protect\n|\n|-weather|SunnyDay|[upkeep]\n|-heal|p1a: Grafaiai|62\/100|[from] item: Black Sludge\n|upkeep\n|turn|5\n|\n|t:|1683384022\n|switch|p1a: Grimmsnarl|Grimmsnarl, L50, M|100\/100\n|switch|p2b: Torkoal|Torkoal, L50, M, shiny|100\/100\n|-item|p2b: Torkoal|Air Balloon\n|move|p2a: Lilligant|Energy Ball|p1b: Espathra\n|-resisted|p1b: Espathra\n|-damage|p1b: Espathra|12\/100\n|-unboost|p1b: Espathra|spd|1\n|move|p1b: Espathra|Flash Cannon|p2a: Lilligant\n|-damage|p2a: Lilligant|16\/100\n|\n|-weather|none\n|-end|p1b: Espathra|Disable\n|upkeep\n|turn|6\n|\n|t:|1683384061\n|-terastallize|p2b: Torkoal|Fire\n|move|p1a: Grimmsnarl|Swagger|p2b: Torkoal\n|-boost|p2b: Torkoal|atk|2\n|-ability|p1b: Espathra|Opportunist|boost\n|-boost|p1b: Espathra|atk|2\n|-start|p2b: Torkoal|confusion\n|move|p1b: Espathra|Lumina Crash|p2b: Torkoal\n|-damage|p2b: Torkoal|51\/100\n|-unboost|p2b: Torkoal|spd|2\n|-enditem|p2b: Torkoal|Air Balloon\n|move|p2a: Lilligant|After You|p2b: Torkoal\n|-activate|p2b: Torkoal|move: After You\n|-activate|p2b: Torkoal|confusion\n|move|p2b: Torkoal|Eruption|p1a: Grimmsnarl|[spread] p1a,p1b\n|-supereffective|p1b: Espathra\n|-damage|p1a: Grimmsnarl|83\/100\n|-damage|p1b: Espathra|0 fnt\n|faint|p1b: Espathra\n|\n|upkeep\n|\n|t:|1683384084\n|switch|p1b: Toxicroak|Toxicroak, L50, F|100\/100\n|turn|7\n|\n|t:|1683384115\n|move|p1a: Grimmsnarl|Misty Terrain|p1a: Grimmsnarl\n|-fieldstart|move: Misty Terrain\n|move|p2a: Lilligant|Pollen Puff|p2b: Torkoal\n|-heal|p2b: Torkoal|100\/100\n|move|p1b: Toxicroak|Poison Jab|p2b: Torkoal\n|-damage|p2b: Torkoal|77\/100\n|-end|p2b: Torkoal|confusion\n|move|p2b: Torkoal|Eruption|p1b: Toxicroak|[spread] p1a,p1b\n|-damage|p1a: Grimmsnarl|54\/100\n|-damage|p1b: Toxicroak|73\/100\n|\n|upkeep\n|turn|8\n|\n|t:|1683384137\n|move|p2a: Lilligant|Protect|p2a: Lilligant\n|-singleturn|p2a: Lilligant|Protect\n|move|p1b: Toxicroak|Sucker Punch|p2b: Torkoal\n|-damage|p2b: Torkoal|63\/100\n|move|p1a: Grimmsnarl|Swagger|p1b: Toxicroak\n|-boost|p1b: Toxicroak|atk|2\n|-activate|p1b: Toxicroak|move: Misty Terrain\n|move|p2b: Torkoal|Eruption|p1a: Grimmsnarl|[spread] p1a,p1b\n|-damage|p1a: Grimmsnarl|33\/100\n|-damage|p1b: Toxicroak|50\/100\n|-enditem|p1a: Grimmsnarl|Sitrus Berry|[eat]\n|-heal|p1a: Grimmsnarl|58\/100|[from] item: Sitrus Berry\n|\n|upkeep\n|turn|9\n|\n|t:|1683384158\n|move|p1a: Grimmsnarl|Protect|p1a: Grimmsnarl\n|-singleturn|p1a: Grimmsnarl|Protect\n|move|p2a: Lilligant|Pollen Puff|p2b: Torkoal\n|-heal|p2b: Torkoal|100\/100\n|move|p1b: Toxicroak|Drain Punch|p2a: Lilligant\n|-damage|p2a: Lilligant|0 fnt\n|-heal|p1b: Toxicroak|57\/100|[from] drain|[of] p2a: Lilligant\n|faint|p2a: Lilligant\n|move|p2b: Torkoal|Eruption|p1a: Grimmsnarl|[spread] p1b\n|-activate|p1a: Grimmsnarl|move: Protect\n|-damage|p1b: Toxicroak|19\/100\n|\n|upkeep\n|\n|t:|1683384174\n|switch|p2a: Sableye|Sableye, L50, M, shiny|52\/100\n|turn|10\n|\n|t:|1683384190\n|move|p2a: Sableye|Fake Out|p1b: Toxicroak\n|-damage|p1b: Toxicroak|10\/100\n|cant|p1b: Toxicroak|flinch\n|move|p1a: Grimmsnarl|Swagger|p1b: Toxicroak\n|-boost|p1b: Toxicroak|atk|2\n|-activate|p1b: Toxicroak|move: Misty Terrain\n|move|p2b: Torkoal|Eruption|p1b: Toxicroak|[spread] p1a,p1b\n|-damage|p1a: Grimmsnarl|25\/100\n|-damage|p1b: Toxicroak|0 fnt\n|faint|p1b: Toxicroak\n|\n|upkeep\n|-message|Poteteyryry forfeited.\n|\n|win|dewsteves\n|raw|Poteteyryry's rating: 1004 → 1000<\/strong> (-4 for losing)\n|raw|dewsteves's rating: 1019 → 1055<\/strong> (+36 for winning)\n|l|\u2606Poteteyryry\n","uploadtime":1683384384,"views":6,"p1id":"poteteyryry","p2id":"dewsteves","formatid":"gen9vgc2023regulationc","rating":1000,"private":0,"password":""}