{"id":"gen9vgc2023regulationc-1855090261","p1":"SpikemuthCutie","p2":"XJ09","format":"[Gen 9] VGC 2023 Regulation C","log":"|j|\u2606SpikemuthCutie\n|j|\u2606XJ09\n|t:|1682900077\n|gametype|doubles\n|player|p1|SpikemuthCutie|guitarist|1144\n|player|p2|XJ09|cynthia|1210\n|teamsize|p1|6\n|teamsize|p2|6\n|gen|9\n|tier|[Gen 9] VGC 2023 Regulation C\n|rated|\n|rule|Species Clause: Limit one of each Pok\u00e9mon\n|rule|Item Clause: Limit one of each item\n|clearpoke\n|poke|p1|Torkoal, L50, F|\n|poke|p1|Lilligant, L50, F|\n|poke|p1|Flutter Mane, L50|\n|poke|p1|Dachsbun, L50, F|\n|poke|p1|Wo-Chien, L50|\n|poke|p1|Chi-Yu, L50|\n|poke|p2|Roaring Moon, L50|\n|poke|p2|Garganacl, L50, F|\n|poke|p2|Ting-Lu, L50|\n|poke|p2|Arcanine, L50, F|\n|poke|p2|Gyarados, L50, F|\n|poke|p2|Annihilape, L50, F|\n|teampreview|4\n|\n|t:|1682900104\n|start\n|switch|p1a: Dachsbun|Dachsbun, L50, F|100\/100\n|switch|p1b: Chi-Yu|Chi-Yu, L50|100\/100\n|switch|p2a: Annihilape|Annihilape, L50, F|100\/100\n|switch|p2b: Garganacl|Garganacl, L50, F|100\/100\n|-ability|p1b: Chi-Yu|Beads of Ruin\n|turn|1\n|\n|t:|1682900130\n|-terastallize|p1b: Chi-Yu|Grass\n|-terastallize|p2b: Garganacl|Poison\n|move|p1b: Chi-Yu|Lava Plume|p2b: Garganacl|[spread] p2a,p2b\n|-ability|p1a: Dachsbun|Well-Baked Body|boost\n|-boost|p1a: Dachsbun|def|2\n|-damage|p2a: Annihilape|70\/100\n|-damage|p2b: Garganacl|69\/100\n|move|p1a: Dachsbun|Substitute|p1a: Dachsbun\n|-start|p1a: Dachsbun|Substitute\n|-damage|p1a: Dachsbun|75\/100\n|move|p2a: Annihilape|Bulk Up|p2a: Annihilape\n|-boost|p2a: Annihilape|atk|1\n|-boost|p2a: Annihilape|def|1\n|move|p2b: Garganacl|Salt Cure|p1a: Dachsbun\n|-activate|p1a: Dachsbun|move: Substitute|[damage]\n|\n|-heal|p1a: Dachsbun|82\/100|[from] item: Leftovers\n|-heal|p2b: Garganacl|74\/100|[from] item: Leftovers\n|upkeep\n|turn|2\n|\n|t:|1682900168\n|move|p2b: Garganacl|Protect|p2b: Garganacl\n|-singleturn|p2b: Garganacl|Protect\n|move|p1b: Chi-Yu|Lava Plume|p2a: Annihilape|[spread] p2a\n|-activate|p2b: Garganacl|move: Protect\n|-ability|p1a: Dachsbun|Well-Baked Body|boost\n|-boost|p1a: Dachsbun|def|2\n|-damage|p2a: Annihilape|42\/100\n|move|p1a: Dachsbun|Body Press|p2b: Garganacl\n|-activate|p2b: Garganacl|move: Protect\n|move|p2a: Annihilape|Drain Punch|p1b: Chi-Yu\n|-damage|p1b: Chi-Yu|19\/100\n|-heal|p2a: Annihilape|68\/100|[from] drain|[of] p1b: Chi-Yu\n|\n|-heal|p1a: Dachsbun|88\/100|[from] item: Leftovers\n|-heal|p2b: Garganacl|80\/100|[from] item: Leftovers\n|upkeep\n|turn|3\n|\n|t:|1682900201\n|move|p2a: Annihilape|Protect|p2a: Annihilape\n|-singleturn|p2a: Annihilape|Protect\n|move|p1b: Chi-Yu|Lava Plume|p2a: Annihilape|[spread] p2b\n|-activate|p2a: Annihilape|move: Protect\n|-ability|p1a: Dachsbun|Well-Baked Body|boost\n|-boost|p1a: Dachsbun|def|2\n|-damage|p2b: Garganacl|46\/100\n|move|p1a: Dachsbun|Yawn|p2a: Annihilape\n|-activate|p2a: Annihilape|move: Protect\n|move|p2b: Garganacl|Salt Cure|p1b: Chi-Yu\n|-damage|p1b: Chi-Yu|0 fnt\n|faint|p1b: Chi-Yu\n|\n|-heal|p1a: Dachsbun|94\/100|[from] item: Leftovers\n|-heal|p2b: Garganacl|52\/100|[from] item: Leftovers\n|upkeep\n|\n|t:|1682900223\n|switch|p1b: Lilligant|Lilligant, L50, F, shiny|100\/100\n|turn|4\n|\n|t:|1682900237\n|move|p1b: Lilligant|Sleep Powder|p2a: Annihilape|[miss]\n|-miss|p1b: Lilligant|p2a: Annihilape\n|move|p1a: Dachsbun|Body Press|p2b: Garganacl\n|-resisted|p2b: Garganacl\n|-damage|p2b: Garganacl|24\/100\n|move|p2a: Annihilape|Rage Fist|p1b: Lilligant\n|-damage|p1b: Lilligant|0 fnt\n|faint|p1b: Lilligant\n|move|p2b: Garganacl|Recover|p2b: Garganacl\n|-heal|p2b: Garganacl|74\/100\n|\n|-heal|p1a: Dachsbun|99\/100|[from] item: Leftovers\n|-heal|p2b: Garganacl|80\/100|[from] item: Leftovers\n|upkeep\n|\n|t:|1682900248\n|switch|p1b: Flutter Mane|Flutter Mane, L50|100\/100\n|turn|5\n|\n|t:|1682900272\n|move|p2a: Annihilape|Protect|p2a: Annihilape\n|-singleturn|p2a: Annihilape|Protect\n|move|p1b: Flutter Mane|Moonblast|p2a: Annihilape\n|-activate|p2a: Annihilape|move: Protect\n|move|p1a: Dachsbun|Body Press|p2b: Garganacl\n|-resisted|p2b: Garganacl\n|-damage|p2b: Garganacl|54\/100\n|move|p2b: Garganacl|Salt Cure|p1b: Flutter Mane\n|-damage|p1b: Flutter Mane|79\/100\n|-start|p1b: Flutter Mane|Salt Cure\n|\n|-heal|p1a: Dachsbun|100\/100|[from] item: Leftovers\n|-heal|p2b: Garganacl|59\/100|[from] item: Leftovers\n|-damage|p1b: Flutter Mane|67\/100|[from] Salt Cure\n|upkeep\n|turn|6\n|\n|t:|1682900294\n|switch|p2a: Ting-Lu|Ting-Lu, L50|100\/100\n|-ability|p2a: Ting-Lu|Vessel of Ruin\n|move|p1b: Flutter Mane|Moonblast|p2a: Ting-Lu\n|-supereffective|p2a: Ting-Lu\n|-damage|p2a: Ting-Lu|43\/100\n|-damage|p1b: Flutter Mane|58\/100|[from] item: Life Orb\n|move|p1a: Dachsbun|Body Press|p2b: Garganacl\n|-resisted|p2b: Garganacl\n|-damage|p2b: Garganacl|34\/100\n|move|p2b: Garganacl|Recover|p2b: Garganacl\n|-heal|p2b: Garganacl|85\/100\n|\n|-heal|p2b: Garganacl|90\/100|[from] item: Leftovers\n|-damage|p1b: Flutter Mane|46\/100|[from] Salt Cure\n|upkeep\n|turn|7\n|\n|t:|1682900319\n|move|p1b: Flutter Mane|Taunt|p2b: Garganacl\n|-start|p2b: Garganacl|move: Taunt\n|move|p1a: Dachsbun|Body Press|p2a: Ting-Lu\n|-supereffective|p2a: Ting-Lu\n|-damage|p2a: Ting-Lu|0 fnt\n|faint|p2a: Ting-Lu\n|move|p2b: Garganacl|Salt Cure|p1a: Dachsbun\n|-activate|p1a: Dachsbun|move: Substitute|[damage]\n|\n|-heal|p2b: Garganacl|96\/100|[from] item: Leftovers\n|-damage|p1b: Flutter Mane|34\/100|[from] Salt Cure\n|upkeep\n|\n|t:|1682900334\n|switch|p2a: Annihilape|Annihilape, L50, F|68\/100\n|turn|8\n|\n|t:|1682900344\n|switch|p2b: Gyarados|Gyarados, L50, F|100\/100\n|-ability|p2b: Gyarados|Intimidate|boost\n|-immune|p1a: Dachsbun\n|-unboost|p1b: Flutter Mane|atk|1\n|move|p1a: Dachsbun|Protect|p1a: Dachsbun\n|-singleturn|p1a: Dachsbun|Protect\n|move|p2a: Annihilape|Protect|p2a: Annihilape\n|-singleturn|p2a: Annihilape|Protect\n|move|p1b: Flutter Mane|Moonblast|p2a: Annihilape\n|-activate|p2a: Annihilape|move: Protect\n|\n|-damage|p1b: Flutter Mane|22\/100|[from] Salt Cure\n|upkeep\n|turn|9\n|\n|t:|1682900367\n|switch|p2a: Garganacl|Garganacl, L50, F, tera:Poison|96\/100\n|move|p1b: Flutter Mane|Protect|p1b: Flutter Mane\n|-singleturn|p1b: Flutter Mane|Protect\n|move|p2b: Gyarados|Waterfall|p1b: Flutter Mane\n|-activate|p1b: Flutter Mane|move: Protect\n|move|p1a: Dachsbun|Yawn|p2a: Garganacl\n|-immune|p2a: Garganacl|[from] ability: Purifying Salt\n|\n|-heal|p2a: Garganacl|100\/100|[from] item: Leftovers\n|-damage|p1b: Flutter Mane|10\/100|[from] Salt Cure\n|upkeep\n|turn|10\n|\n|t:|1682900393\n|move|p2a: Garganacl|Protect|p2a: Garganacl\n|-singleturn|p2a: Garganacl|Protect\n|move|p2b: Gyarados|Waterfall|p1a: Dachsbun\n|-activate|p1a: Dachsbun|move: Substitute|[damage]\n|move|p1b: Flutter Mane|Moonblast|p2a: Garganacl\n|-activate|p2a: Garganacl|move: Protect\n|move|p1a: Dachsbun|Body Press|p2b: Gyarados\n|-resisted|p2b: Gyarados\n|-damage|p2b: Gyarados|47\/100\n|\n|-damage|p1b: Flutter Mane|0 fnt|[from] Salt Cure\n|faint|p1b: Flutter Mane\n|-end|p1b: Flutter Mane|Protosynthesis|[silent]\n|upkeep\n|turn|11\n|-message|SpikemuthCutie forfeited.\n|\n|win|XJ09\n|raw|SpikemuthCutie's rating: 1144 → 1124<\/strong> (-20 for losing)\n|raw|XJ09's rating: 1210 → 1230<\/strong> (+20 for winning)\n|l|\u2606SpikemuthCutie\n","uploadtime":1682900418,"views":2,"p1id":"spikemuthcutie","p2id":"xj09","formatid":"gen9vgc2023regulationc","rating":1124,"private":0,"password":""}