{"id":"gen9vgc2023regulationc-1850395490","p1":"Cynthia husband","p2":"Capfoo","format":"[Gen 9] VGC 2023 Regulation C","log":"|j|\u2606Cynthia husband\n|j|\u2606Capfoo\n|t:|1682330435\n|gametype|doubles\n|player|p1|Cynthia husband|cynthia-gen4|1281\n|player|p2|Capfoo|blue-gen7|1350\n|teamsize|p1|6\n|teamsize|p2|6\n|gen|9\n|tier|[Gen 9] VGC 2023 Regulation C\n|rated|\n|rule|Species Clause: Limit one of each Pok\u00e9mon\n|rule|Item Clause: Limit one of each item\n|clearpoke\n|poke|p1|Abomasnow, L50, M|\n|poke|p1|Slowking, L50, M|\n|poke|p1|Frosmoth, L50, F|\n|poke|p1|Avalugg, L50, M|\n|poke|p1|Garganacl, L50, M|\n|poke|p1|Annihilape, L50, M|\n|poke|p2|Annihilape, L50, M|\n|poke|p2|Chi-Yu, L50|\n|poke|p2|Iron Bundle, L50|\n|poke|p2|Tinkaton, L50, F|\n|poke|p2|Maushold, L50|\n|poke|p2|Farigiraf, L50, M|\n|teampreview|4\n|inactive|Battle timer is ON: inactive players will automatically lose when time's up. (requested by Cynthia husband)\nCapfoo has agreed to open team sheets.\n|\n|t:|1682330461\n|start\n|switch|p1a: Avalugg|Avalugg, L50, M, shiny|100\/100\n|switch|p1b: Slowking|Slowking, L50, M, shiny|100\/100\n|switch|p2a: Froggy :)|Chi-Yu, L50|100\/100\n|switch|p2b: Amy Rose|Tinkaton, L50, F|100\/100\n|-ability|p2a: Froggy :)|Beads of Ruin\n|turn|1\n|\n|t:|1682330476\n|move|p1a: Avalugg|Protect|p1a: Avalugg\n|-singleturn|p1a: Avalugg|Protect\n|move|p2b: Amy Rose|Fake Out|p1a: Avalugg\n|-activate|p1a: Avalugg|move: Protect\n|move|p2a: Froggy :)|Dark Pulse|p1a: Avalugg\n|-activate|p1a: Avalugg|move: Protect\n|move|p1b: Slowking|Trick Room|p1b: Slowking\n|-fieldstart|move: Trick Room|[of] p1b: Slowking\n|\n|upkeep\n|turn|2\n|\n|t:|1682330495\n|switch|p2a: Shadow|Annihilape, L50, M|100\/100\n|move|p1a: Avalugg|Body Press|p2a: Shadow\n|-immune|p2a: Shadow\n|move|p1b: Slowking|Chilling Water|p2a: Shadow\n|-crit|p2a: Shadow\n|-damage|p2a: Shadow|77\/100\n|-unboost|p2a: Shadow|atk|1\n|-ability|p2a: Shadow|Defiant|boost\n|-boost|p2a: Shadow|atk|2\n|move|p2b: Amy Rose|Gigaton Hammer|p1a: Avalugg\n|-supereffective|p1a: Avalugg\n|-damage|p1a: Avalugg|64\/100\n|\n|-heal|p2a: Shadow|83\/100|[from] item: Leftovers\n|upkeep\n|turn|3\n|\n|t:|1682330517\n|move|p1a: Avalugg|Body Press|p2b: Amy Rose\n|-damage|p2b: Amy Rose|59\/100\n|move|p1b: Slowking|Chilly Reception|p1b: Slowking\n|-weather|Snow\n|\n|t:|1682330523\n|switch|p1b: \u795e\u5965\u7684\u96ea|Abomasnow, L50, M, shiny|100\/100|[from] Chilly Reception\n|move|p2a: Shadow|Drain Punch|p1a: Avalugg\n|-supereffective|p1a: Avalugg\n|-damage|p1a: Avalugg|33\/100\n|-heal|p2a: Shadow|97\/100|[from] drain|[of] p1a: Avalugg\n|-damage|p2a: Shadow|80\/100|[from] item: Rocky Helmet|[of] p1a: Avalugg\n|move|p2b: Amy Rose|Play Rough|p1b: \u795e\u5965\u7684\u96ea\n|-damage|p1b: \u795e\u5965\u7684\u96ea|80\/100\n|\n|-weather|Snow|[upkeep]\n|-heal|p1a: Avalugg|39\/100|[from] ability: Ice Body\n|-heal|p2a: Shadow|86\/100|[from] item: Leftovers\n|upkeep\n|turn|4\n|\n|t:|1682330548\n|move|p1a: Avalugg|Body Press|p2b: Amy Rose\n|-damage|p2b: Amy Rose|15\/100\n|-enditem|p2b: Amy Rose|Sitrus Berry|[eat]\n|-heal|p2b: Amy Rose|40\/100|[from] item: Sitrus Berry\n|move|p1b: \u795e\u5965\u7684\u96ea|Aurora Veil|p1b: \u795e\u5965\u7684\u96ea\n|-sidestart|p1: Cynthia husband|move: Aurora Veil\n|move|p2a: Shadow|Bulk Up|p2a: Shadow\n|-boost|p2a: Shadow|atk|1\n|-boost|p2a: Shadow|def|1\n|move|p2b: Amy Rose|Gigaton Hammer|p1b: \u795e\u5965\u7684\u96ea\n|-supereffective|p1b: \u795e\u5965\u7684\u96ea\n|-damage|p1b: \u795e\u5965\u7684\u96ea|37\/100\n|\n|-weather|Snow|[upkeep]\n|-heal|p1a: Avalugg|45\/100|[from] ability: Ice Body\n|-heal|p2a: Shadow|92\/100|[from] item: Leftovers\n|upkeep\n|turn|5\n|\n|t:|1682330567\n|move|p1a: Avalugg|Body Press|p2b: Amy Rose\n|-damage|p2b: Amy Rose|0 fnt\n|faint|p2b: Amy Rose\n|move|p1b: \u795e\u5965\u7684\u96ea|Blizzard|p2a: Shadow\n|-damage|p2a: Shadow|47\/100\n|move|p2a: Shadow|Bulk Up|p2a: Shadow\n|-boost|p2a: Shadow|atk|1\n|-boost|p2a: Shadow|def|1\n|\n|-weather|Snow|[upkeep]\n|-heal|p1a: Avalugg|51\/100|[from] ability: Ice Body\n|-heal|p2a: Shadow|53\/100|[from] item: Leftovers\n|-fieldend|move: Trick Room\n|upkeep\n|\n|t:|1682330575\n|switch|p2b: Froggy :)|Chi-Yu, L50|100\/100\n|-ability|p2b: Froggy :)|Beads of Ruin\n|turn|6\n|\n|t:|1682330589\n|switch|p1a: Slowking|Slowking, L50, M, shiny|100\/100\n|move|p2b: Froggy :)|Heat Wave|p1a: Slowking|[spread] p1a,p1b\n|-resisted|p1a: Slowking\n|-supereffective|p1b: \u795e\u5965\u7684\u96ea\n|-damage|p1a: Slowking|88\/100\n|-damage|p1b: \u795e\u5965\u7684\u96ea|0 fnt\n|faint|p1b: \u795e\u5965\u7684\u96ea\n|move|p2a: Shadow|Drain Punch|p1a: Slowking\n|-resisted|p1a: Slowking\n|-damage|p1a: Slowking|61\/100\n|-heal|p2a: Shadow|65\/100|[from] drain|[of] p1a: Slowking\n|\n|-weather|Snow|[upkeep]\n|-heal|p2a: Shadow|71\/100|[from] item: Leftovers\n|upkeep\n|\n|t:|1682330600\n|switch|p1b: Frosmoth|Frosmoth, L50, F, shiny|100\/100\n|turn|7\n|\n|t:|1682330613\n|-terastallize|p2a: Shadow|Fire\n|-terastallize|p1b: Frosmoth|Ground\n|move|p2b: Froggy :)|Heat Wave|p1b: Frosmoth|[spread] p1b\n|-miss|p2b: Froggy :)|p1a: Slowking\n|-damage|p1b: Frosmoth|88\/100\n|move|p2a: Shadow|Rage Fist|p1a: Slowking\n|-supereffective|p1a: Slowking\n|-damage|p1a: Slowking|0 fnt\n|faint|p1a: Slowking\n|move|p1b: Frosmoth|Tera Blast|p2a: Shadow\n|-supereffective|p2a: Shadow\n|-damage|p2a: Shadow|0 fnt\n|faint|p2a: Shadow\n|\n|-weather|none\n|upkeep\n|\n|t:|1682330626\n|switch|p2a: E-102 Gamma|Iron Bundle, L50|100\/100\n|switch|p1a: Avalugg|Avalugg, L50, M, shiny|51\/100\n|-enditem|p2a: E-102 Gamma|Booster Energy\n|-activate|p2a: E-102 Gamma|ability: Quark Drive|[fromitem]\n|-start|p2a: E-102 Gamma|quarkdrivespe\n|turn|8\n|\n|t:|1682330642\n|move|p1a: Avalugg|Wide Guard|p1a: Avalugg\n|-singleturn|p1a: Avalugg|Wide Guard\n|move|p2a: E-102 Gamma|Hydro Pump|p1b: Frosmoth\n|-supereffective|p1b: Frosmoth\n|-damage|p1b: Frosmoth|52\/100\n|move|p2b: Froggy :)|Heat Wave|p1b: Frosmoth|[spread] \n|-activate|p1a: Avalugg|move: Wide Guard\n|-activate|p1b: Frosmoth|move: Wide Guard\n|move|p1b: Frosmoth|Giga Drain|p2a: E-102 Gamma\n|-supereffective|p2a: E-102 Gamma\n|-damage|p2a: E-102 Gamma|0 fnt\n|-heal|p1b: Frosmoth|89\/100|[from] drain|[of] p2a: E-102 Gamma\n|faint|p2a: E-102 Gamma\n|-end|p2a: E-102 Gamma|Quark Drive|[silent]\n|\n|upkeep\n|turn|9\n|\n|t:|1682330656\n|move|p2b: Froggy :)|Heat Wave|p1a: Avalugg|[spread] p1a,p1b\n|-supereffective|p1a: Avalugg\n|-damage|p1a: Avalugg|0 fnt\n|-damage|p1b: Frosmoth|77\/100\n|faint|p1a: Avalugg\n|move|p1b: Frosmoth|Tera Blast|p2b: Froggy :)\n|-supereffective|p2b: Froggy :)\n|-damage|p2b: Froggy :)|0 fnt\n|faint|p2b: Froggy :)\n|\n|win|Cynthia husband\n|raw|Cynthia husband's rating: 1252 → 1284<\/strong> (+32 for winning)\n|raw|Capfoo's rating: 1350 → 1325<\/strong> (-25 for losing)\n|l|\u2606Capfoo\n","uploadtime":1682330670,"views":24,"p1id":"cynthiahusband","p2id":"capfoo","formatid":"gen9vgc2023regulationc","rating":1284,"private":0,"password":""}