{"id":"gen9vgc2023regulationc-1860838674","p1":"thedistortionzone","p2":"Harlem Haunters","format":"[Gen 9] VGC 2023 Regulation C","log":"|j|\u2606thedistortionzone\n|j|\u2606Harlem Haunters\n|t:|1683684134\n|gametype|doubles\n|player|p1|thedistortionzone|lucas|\n|player|p2|Harlem Haunters|hilbert|\n|teamsize|p1|6\n|teamsize|p2|6\n|gen|9\n|tier|[Gen 9] VGC 2023 Regulation C\n|rule|Species Clause: Limit one of each Pok\u00e9mon\n|rule|Item Clause: Limit one of each item\n|clearpoke\n|poke|p1|Iron Jugulis, L50|\n|poke|p1|Espeon, L50, F|\n|poke|p1|Iron Treads, L50|\n|poke|p1|Leafeon, L50, M|\n|poke|p1|Basculin-Blue-Striped, L50, F|\n|poke|p1|Lycanroc-Midnight, L50, M|\n|poke|p2|Roaring Moon, L50|\n|poke|p2|Arcanine, L50, M|\n|poke|p2|Misdreavus, L50, F|\n|poke|p2|Copperajah, L50, M|\n|poke|p2|Vaporeon, L50, F|\n|poke|p2|Toedscruel, L50, F|\n|teampreview|4\n|inactive|Battle timer is ON: inactive players will automatically lose when time's up. (requested by thedistortionzone)\n|inactiveoff|Battle timer is now OFF.\n|c|\u2606thedistortionzone|g2\n|j| kevsmoreno\n|\n|t:|1683684644\n|start\n|switch|p1a: your mom|Iron Jugulis, L50|100\/100\n|switch|p1b: your dad|Iron Treads, L50|100\/100\n|switch|p2a: Vaporeon|Vaporeon, L50, F|100\/100\n|switch|p2b: Roaring Moon|Roaring Moon, L50|100\/100\n|-enditem|p1a: your mom|Booster Energy\n|-activate|p1a: your mom|ability: Quark Drive|[fromitem]\n|-start|p1a: your mom|quarkdrivespe\n|-enditem|p2b: Roaring Moon|Booster Energy\n|-activate|p2b: Roaring Moon|ability: Protosynthesis|[fromitem]\n|-start|p2b: Roaring Moon|protosynthesisatk\n|turn|1\n|\n|t:|1683684702\n|-terastallize|p2b: Roaring Moon|Flying\n|move|p1a: your mom|Dark Pulse|p2a: Vaporeon\n|-damage|p2a: Vaporeon|71\/100\n|move|p1b: your dad|Ice Spinner|p2b: Roaring Moon\n|-supereffective|p2b: Roaring Moon\n|-damage|p2b: Roaring Moon|35\/100\n|move|p2b: Roaring Moon|Acrobatics|p1a: your mom\n|-damage|p1a: your mom|6\/100\n|move|p2a: Vaporeon|Calm Mind|p2a: Vaporeon\n|-boost|p2a: Vaporeon|spa|1\n|-boost|p2a: Vaporeon|spd|1\n|\n|-heal|p2a: Vaporeon|77\/100|[from] item: Leftovers\n|upkeep\n|turn|2\n|\n|t:|1683684733\n|move|p1a: your mom|Protect|p1a: your mom\n|-singleturn|p1a: your mom|Protect\n|move|p2b: Roaring Moon|Protect|p2b: Roaring Moon\n|-singleturn|p2b: Roaring Moon|Protect\n|move|p1b: your dad|Ice Spinner|p2b: Roaring Moon\n|-activate|p2b: Roaring Moon|move: Protect\n|move|p2a: Vaporeon|Muddy Water|p1b: your dad|[spread] p1b\n|-activate|p1a: your mom|move: Protect\n|-supereffective|p1b: your dad\n|-enditem|p1b: your dad|Focus Sash\n|-damage|p1b: your dad|1\/100\n|\n|-heal|p2a: Vaporeon|83\/100|[from] item: Leftovers\n|upkeep\n|turn|3\n|\n|t:|1683684774\n|-end|p1b: your dad|Quark Drive|[silent]\n|switch|p1b: your cat|Leafeon, L50, M|100\/100\n|-end|p2b: Roaring Moon|Protosynthesis|[silent]\n|switch|p2b: Misdreavus|Misdreavus, L50, F|100\/100\n|move|p1a: your mom|Dark Pulse|p2b: Misdreavus\n|-supereffective|p2b: Misdreavus\n|-damage|p2b: Misdreavus|44\/100\n|move|p2a: Vaporeon|Muddy Water|p1b: your cat|[spread] p1a,p1b\n|-resisted|p1b: your cat\n|-damage|p1a: your mom|0 fnt\n|-damage|p1b: your cat|57\/100\n|faint|p1a: your mom\n|-end|p1a: your mom|Quark Drive|[silent]\n|\n|-heal|p2a: Vaporeon|89\/100|[from] item: Leftovers\n|upkeep\n|\n|t:|1683684789\n|switch|p1a: your wife|Lycanroc-Midnight, L50, M, shiny|100\/100\n|turn|4\n|\n|t:|1683684799\n|move|p2a: Vaporeon|Protect|p2a: Vaporeon\n|-singleturn|p2a: Vaporeon|Protect\n|move|p1b: your cat|Leaf Blade|p2a: Vaporeon\n|-activate|p2a: Vaporeon|move: Protect\n|move|p1a: your wife|Stone Edge|p2b: Misdreavus\n|-damage|p2b: Misdreavus|2\/100\n|move|p2b: Misdreavus|Trick Room|p2b: Misdreavus\n|-fieldstart|move: Trick Room|[of] p2b: Misdreavus\n|\n|-heal|p2a: Vaporeon|95\/100|[from] item: Leftovers\n|upkeep\n|turn|5\n|c|\u2606thedistortionzone|no way\n|\n|t:|1683684827\n|switch|p2b: Copperajah|Copperajah, L50, M|100\/100\n|move|p1b: your cat|Protect|p1b: your cat\n|-singleturn|p1b: your cat|Protect\n|move|p2a: Vaporeon|Muddy Water|p1a: your wife|[spread] p1a\n|-activate|p1b: your cat|move: Protect\n|-supereffective|p1a: your wife\n|-damage|p1a: your wife|0 fnt\n|faint|p1a: your wife\n|\n|-heal|p2a: Vaporeon|100\/100|[from] item: Leftovers\n|upkeep\n|\n|t:|1683684835\n|switch|p1a: your dad|Iron Treads, L50|1\/100\n|turn|6\n|\n|t:|1683684873\n|-terastallize|p1b: your cat|Water\n|move|p2b: Copperajah|Play Rough|p1b: your cat\n|-damage|p1b: your cat|9\/100\n|move|p2a: Vaporeon|Muddy Water|p1b: your cat|[spread] p1a,p1b\n|-supereffective|p1a: your dad\n|-resisted|p1b: your cat\n|-damage|p1a: your dad|0 fnt\n|-damage|p1b: your cat|0 fnt\n|faint|p1a: your dad\n|-end|p1a: your dad|Quark Drive|[silent]\n|faint|p1b: your cat\n|\n|win|Harlem Haunters\n|c|\u2606Harlem Haunters|gg\n|c|\u2606thedistortionzone|gg\n|l| kevsmoreno\n|l|\u2606thedistortionzone\n|l|\u2606Harlem Haunters\n|j| Toronto 6ix\n","uploadtime":1683684888,"views":23,"p1id":"thedistortionzone","p2id":"harlemhaunters","formatid":"gen9vgc2023regulationc","rating":0,"private":0,"password":""}