{"id":"gen9vgc2023regulationc-1864202243","p1":"pokemetti1","p2":"Seattle Mischief","format":"[Gen 9] VGC 2023 Regulation C","log":"|j|\u2606pokemetti1\n|j|\u2606Seattle Mischief\n|t:|1684135697\n|gametype|doubles\n|player|p1|pokemetti1|266|1398\n|player|p2|Seattle Mischief|janitor|1356\n|teamsize|p1|6\n|teamsize|p2|6\n|gen|9\n|tier|[Gen 9] VGC 2023 Regulation C\n|rated|\n|rule|Species Clause: Limit one of each Pok\u00e9mon\n|rule|Item Clause: Limit one of each item\n|clearpoke\n|poke|p1|Palafin, L50, M|\n|poke|p1|Pelipper, L50, M|\n|poke|p1|Amoonguss, L50, M|\n|poke|p1|Arcanine, L50, F|\n|poke|p1|Iron Hands, L50|\n|poke|p1|Roaring Moon, L50|\n|poke|p2|Armarouge, L50, F|\n|poke|p2|Indeedee-F, L50, F|\n|poke|p2|Kingambit, L50, F|\n|poke|p2|Hatterene, L50, F|\n|poke|p2|Torkoal, L50, M|\n|poke|p2|Iron Hands, L50|\n|teampreview|4\n|inactive|Battle timer is ON: inactive players will automatically lose when time's up. (requested by Seattle Mischief)\n|l|\u2606pokemetti1\n|inactive|pokemetti1 disconnected and has a minute to reconnect!\n|player|p1|\n|inactive|pokemetti1 has 30 seconds to reconnect!\n|inactive|pokemetti1 has 20 seconds to reconnect!\n|j|\u2606pokemetti1\n|inactive|pokemetti1 reconnected and has 30 seconds left.\n|player|p1|pokemetti1|266\n|inactive|pokemetti1 has 20 seconds left.\n|inactive|pokemetti1 has 15 seconds left.\n|inactive|pokemetti1 has 10 seconds left.\n|inactive|pokemetti1 has 5 seconds left.\n|\n|t:|1684135788\n|start\n|switch|p1a: OG FLIPPER|Palafin, L50, M|100\/100\n|switch|p1b: Iron Hands|Iron Hands, L50|100\/100\n|switch|p2a: Armarouge|Armarouge, L50, F|100\/100\n|switch|p2b: Indeedee|Indeedee-F, L50, F|100\/100\n|-fieldstart|move: Psychic Terrain|[from] ability: Psychic Surge|[of] p2b: Indeedee\n|-enditem|p2b: Indeedee|Psychic Seed\n|-boost|p2b: Indeedee|spd|1|[from] item: Psychic Seed\n|turn|1\n|inactive|pokemetti1 has 30 seconds left.\n|\n|t:|1684135814\n|detailschange|p1a: OG FLIPPER|Palafin-Hero, L50, M\n|switch|p1a: Roaring Moon|Roaring Moon, L50|100\/100\n|-enditem|p1a: Roaring Moon|Booster Energy\n|-activate|p1a: Roaring Moon|ability: Protosynthesis|[fromitem]\n|-start|p1a: Roaring Moon|protosynthesisatk\n|-terastallize|p1b: Iron Hands|Fire\n|move|p2b: Indeedee|Follow Me|p2b: Indeedee\n|-singleturn|p2b: Indeedee|move: Follow Me\n|move|p1b: Iron Hands|Thunder Punch|p2b: Indeedee\n|-damage|p2b: Indeedee|34\/100\n|move|p2a: Armarouge|Trick Room|p2a: Armarouge\n|-fieldstart|move: Trick Room|[of] p2a: Armarouge\n|\n|upkeep\n|turn|2\n|\n|t:|1684135833\n|move|p2b: Indeedee|Follow Me|p2b: Indeedee\n|-singleturn|p2b: Indeedee|move: Follow Me\n|move|p2a: Armarouge|Expanding Force|p1a: Roaring Moon|[spread] p1b\n|-immune|p1a: Roaring Moon\n|-damage|p1b: Iron Hands|66\/100\n|move|p1b: Iron Hands|Thunder Punch|p2b: Indeedee\n|-damage|p2b: Indeedee|0 fnt\n|faint|p2b: Indeedee\n|move|p1a: Roaring Moon|Throat Chop|p2a: Armarouge\n|-supereffective|p2a: Armarouge\n|-enditem|p2a: Armarouge|Focus Sash\n|-damage|p2a: Armarouge|1\/100\n|-start|p2a: Armarouge|Throat Chop|[silent]\n|\n|upkeep\n|\n|t:|1684135843\n|switch|p2b: Hatterene|Hatterene, L50, F|100\/100\n|turn|3\n|\n|t:|1684135856\n|move|p1a: Roaring Moon|Protect|p1a: Roaring Moon\n|-singleturn|p1a: Roaring Moon|Protect\n|move|p2b: Hatterene|Dazzling Gleam|p1a: Roaring Moon|[spread] p1b\n|-activate|p1a: Roaring Moon|move: Protect\n|-resisted|p1b: Iron Hands\n|-damage|p1b: Iron Hands|56\/100\n|move|p2a: Armarouge|Expanding Force|p1a: Roaring Moon|[spread] p1b\n|-activate|p1a: Roaring Moon|move: Protect\n|-damage|p1b: Iron Hands|21\/100\n|move|p1b: Iron Hands|Thunder Punch|p2a: Armarouge\n|-damage|p2a: Armarouge|0 fnt\n|faint|p2a: Armarouge\n|\n|upkeep\n|\n|t:|1684135858\n|switch|p2a: Torkoal|Torkoal, L50, M|100\/100\n|-weather|SunnyDay|[from] ability: Drought|[of] p2a: Torkoal\n|turn|4\n|\n|t:|1684135883\n|-end|p1a: Roaring Moon|Protosynthesis|[silent]\n|switch|p1a: Pelipper|Pelipper, L50, M|100\/100\n|-weather|RainDance|[from] ability: Drizzle|[of] p1a: Pelipper\n|move|p2a: Torkoal|Eruption|p1a: Pelipper|[spread] p1a,p1b\n|-resisted|p1a: Pelipper\n|-resisted|p1b: Iron Hands\n|-damage|p1a: Pelipper|88\/100\n|-damage|p1b: Iron Hands|14\/100\n|move|p2b: Hatterene|Dazzling Gleam|p1b: Iron Hands|[spread] p1a,p1b\n|-resisted|p1b: Iron Hands\n|-damage|p1a: Pelipper|55\/100\n|-damage|p1b: Iron Hands|4\/100\n|move|p1b: Iron Hands|Thunder Punch|p2b: Hatterene\n|-damage|p2b: Hatterene|37\/100\n|-status|p2b: Hatterene|par\n|\n|-weather|RainDance|[upkeep]\n|-heal|p2b: Hatterene|43\/100 par|[from] item: Leftovers\n|upkeep\n|turn|5\n|\n|t:|1684135902\n|move|p1a: Pelipper|Wide Guard|p1a: Pelipper\n|-singleturn|p1a: Pelipper|Wide Guard\n|move|p2b: Hatterene|Dazzling Gleam|p1b: Iron Hands|[spread] \n|-activate|p1a: Pelipper|move: Wide Guard\n|-activate|p1b: Iron Hands|move: Wide Guard\n|move|p2a: Torkoal|Eruption|p1b: Iron Hands|[spread] \n|-activate|p1a: Pelipper|move: Wide Guard\n|-activate|p1b: Iron Hands|move: Wide Guard\n|move|p1b: Iron Hands|Thunder Punch|p2b: Hatterene\n|-crit|p2b: Hatterene\n|-damage|p2b: Hatterene|0 fnt\n|faint|p2b: Hatterene\n|\n|-weather|RainDance|[upkeep]\n|-fieldend|move: Trick Room\n|-fieldend|move: Psychic Terrain\n|upkeep\n|turn|6\n|-message|Seattle Mischief forfeited.\n|\n|win|pokemetti1\n|raw|pokemetti1's rating: 1398 → 1416<\/strong> (+18 for winning)\n|raw|Seattle Mischief's rating: 1356 → 1338<\/strong> (-18 for losing)\n|l|\u2606Seattle Mischief\n","uploadtime":1684135915,"views":10,"p1id":"pokemetti1","p2id":"seattlemischief","formatid":"gen9vgc2023regulationc","rating":1338,"private":0,"password":""}