{"id":"gen9vgc2023regulationc-1848306697","p1":"Alolcam","p2":"Steakman5","format":"[Gen 9] VGC 2023 Regulation C","log":"|j|\u2606Alolcam\n|j|\u2606Steakman5\n|t:|1682057487\n|gametype|doubles\n|player|p1|Alolcam|265|1337\n|player|p2|Steakman5|swimmer-gen4|1307\n|teamsize|p1|6\n|teamsize|p2|6\n|gen|9\n|tier|[Gen 9] VGC 2023 Regulation C\n|rated|\n|rule|Species Clause: Limit one of each Pok\u00e9mon\n|rule|Item Clause: Limit one of each item\n|clearpoke\n|poke|p1|Flutter Mane, L50|\n|poke|p1|Chien-Pao, L50|\n|poke|p1|Kingambit, L50, F|\n|poke|p1|Arcanine, L50, M|\n|poke|p1|Amoonguss, L50, F|\n|poke|p1|Palafin, L50, F|\n|poke|p2|Torkoal, L50, M|\n|poke|p2|Lilligant, L50, F|\n|poke|p2|Arcanine, L50, F|\n|poke|p2|Baxcalibur, L50, M|\n|poke|p2|Armarouge, L50, M|\n|poke|p2|Flutter Mane, L50|\n|teampreview|4\n|c|\u2606Alolcam|glhf\nAlolcam has agreed to open team sheets.\n|c|\u2606Steakman5|glhf\n|inactive|Battle timer is ON: inactive players will automatically lose when time's up. (requested by Steakman5)\n|\n|t:|1682057555\n|start\n|switch|p1a: Chien-Pao|Chien-Pao, L50|100\/100\n|switch|p1b: ChiYu|Arcanine, L50, M|100\/100\n|switch|p2a: Torkoal|Torkoal, L50, M|100\/100\n|switch|p2b: Lilligant|Lilligant, L50, F|100\/100\n|-ability|p1a: Chien-Pao|Sword of Ruin\n|-ability|p1b: ChiYu|Intimidate|boost\n|-unboost|p2a: Torkoal|atk|1\n|-unboost|p2b: Lilligant|atk|1\n|-weather|SunnyDay|[from] ability: Drought|[of] p2a: Torkoal\n|turn|1\n|\n|t:|1682057571\n|switch|p2a: Baxcalibur|Baxcalibur, L50, M|100\/100\n|move|p1a: Chien-Pao|Protect|p1a: Chien-Pao\n|-singleturn|p1a: Chien-Pao|Protect\n|move|p2b: Lilligant|Entrainment|p2a: Baxcalibur\n|-endability|p2a: Baxcalibur|Thermal Exchange|[from] move: Entrainment\n|-ability|p2a: Baxcalibur|Chlorophyll|[from] move: Entrainment\n|move|p1b: ChiYu|Flare Blitz|p2b: Lilligant\n|-supereffective|p2b: Lilligant\n|-damage|p2b: Lilligant|0 fnt\n|faint|p2b: Lilligant\n|-damage|p1b: ChiYu|70\/100|[from] Recoil\n|\n|-weather|SunnyDay|[upkeep]\n|upkeep\n|\n|t:|1682057594\n|switch|p2b: Torkoal|Torkoal, L50, M|100\/100\n|turn|2\n|\n|t:|1682057612\n|move|p1a: Chien-Pao|Protect||[still]\n|-fail|p1a: Chien-Pao\n|move|p2a: Baxcalibur|Icicle Spear|p1a: Chien-Pao\n|-resisted|p1a: Chien-Pao\n|-damage|p1a: Chien-Pao|91\/100\n|-resisted|p1a: Chien-Pao\n|-damage|p1a: Chien-Pao|81\/100\n|-resisted|p1a: Chien-Pao\n|-damage|p1a: Chien-Pao|71\/100\n|-resisted|p1a: Chien-Pao\n|-damage|p1a: Chien-Pao|61\/100\n|-hitcount|p1a: Chien-Pao|4\n|move|p1b: ChiYu|Will-O-Wisp|p2a: Baxcalibur|[miss]\n|-miss|p1b: ChiYu|p2a: Baxcalibur\n|move|p2b: Torkoal|Earth Power|p1b: ChiYu\n|-supereffective|p1b: ChiYu\n|-damage|p1b: ChiYu|16\/100\n|\n|-weather|SunnyDay|[upkeep]\n|upkeep\n|turn|3\n|c|\u2606Steakman5|crazy looking chi yu\n|inactive|Alolcam has 30 seconds left.\n|inactive|Steakman5 has 30 seconds left.\n|\n|t:|1682057646\n|move|p1b: ChiYu|Extreme Speed|p2a: Baxcalibur\n|-damage|p2a: Baxcalibur|72\/100\n|move|p2a: Baxcalibur|Stomping Tantrum|p1b: ChiYu\n|-supereffective|p1b: ChiYu\n|-damage|p1b: ChiYu|0 fnt\n|faint|p1b: ChiYu\n|move|p1a: Chien-Pao|Sacred Sword|p2a: Baxcalibur\n|-supereffective|p2a: Baxcalibur\n|-damage|p2a: Baxcalibur|0 fnt\n|faint|p2a: Baxcalibur\n|move|p2b: Torkoal|Eruption|p1a: Chien-Pao\n|-supereffective|p1a: Chien-Pao\n|-damage|p1a: Chien-Pao|0 fnt\n|faint|p1a: Chien-Pao\n|\n|-weather|SunnyDay|[upkeep]\n|upkeep\n|\n|t:|1682057659\n|switch|p1a: Kingambit|Kingambit, L50, F|100\/100\n|switch|p2a: Armarouge|Armarouge, L50, M|100\/100\n|switch|p1b: Mimi|Flutter Mane, L50|100\/100\n|-activate|p1b: Mimi|ability: Protosynthesis\n|-start|p1b: Mimi|protosynthesisspe\n|turn|4\n|\n|t:|1682057676\n|-terastallize|p2a: Armarouge|Fire\n|-terastallize|p1a: Kingambit|Flying\n|move|p1a: Kingambit|Sucker Punch|p2a: Armarouge\n|-damage|p2a: Armarouge|65\/100\n|move|p1b: Mimi|Shadow Ball|p2b: Torkoal\n|-damage|p2b: Torkoal|47\/100\n|-unboost|p2b: Torkoal|spd|1\n|move|p2a: Armarouge|Heat Wave|p1b: Mimi|[spread] p1a,p1b\n|-damage|p1a: Kingambit|45\/100\n|-damage|p1b: Mimi|17\/100\n|-damage|p2a: Armarouge|55\/100|[from] item: Life Orb\n|move|p2b: Torkoal|Eruption|p1b: Mimi|[spread] p1a,p1b\n|-damage|p1a: Kingambit|24\/100\n|-damage|p1b: Mimi|0 fnt\n|faint|p1b: Mimi\n|-end|p1b: Mimi|Protosynthesis|[silent]\n|\n|-weather|SunnyDay|[upkeep]\n|upkeep\n|turn|5\n|\n|t:|1682057698\n|move|p2a: Armarouge|Heat Wave|p1a: Kingambit\n|-damage|p1a: Kingambit|0 fnt\n|faint|p1a: Kingambit\n|-damage|p2a: Armarouge|46\/100|[from] item: Life Orb\n|\n|win|Steakman5\n|raw|Alolcam's rating: 1337 → 1315<\/strong> (-22 for losing)\n|raw|Steakman5's rating: 1307 → 1329<\/strong> (+22 for winning)\n|l|\u2606Alolcam\n","uploadtime":1682057719,"views":5,"p1id":"alolcam","p2id":"steakman5","formatid":"gen9vgc2023regulationc","rating":1315,"private":0,"password":""}