{"id":"gen9vgc2023regulationc-1857743661","p1":"BrockLongbow","p2":"Cosentino","format":"[Gen 9] VGC 2023 Regulation C","log":"|j|\u2606BrockLongbow\n|j|\u2606Cosentino\n|t:|1683227577\n|gametype|doubles\n|player|p1|BrockLongbow|clay|1402\n|player|p2|Cosentino|169|1393\n|teamsize|p1|6\n|teamsize|p2|6\n|gen|9\n|tier|[Gen 9] VGC 2023 Regulation C\n|rated|\n|rule|Species Clause: Limit one of each Pok\u00e9mon\n|rule|Item Clause: Limit one of each item\n|clearpoke\n|poke|p1|Flutter Mane, L50|\n|poke|p1|Arcanine, L50, F|\n|poke|p1|Glimmora, L50, F|\n|poke|p1|Wo-Chien, L50|\n|poke|p1|Dondozo, L50, F|\n|poke|p1|Tatsugiri, L50, F|\n|poke|p2|Sableye, L50, F|\n|poke|p2|Ceruledge, L50, F|\n|poke|p2|Flutter Mane, L50|\n|poke|p2|Amoonguss, L50, M|\n|poke|p2|Ting-Lu, L50|\n|poke|p2|Great Tusk, L50|\n|teampreview|4\nCosentino has agreed to open team sheets.\nBrockLongbow has agreed to open team sheets.\n|inactive|Battle timer is ON: inactive players will automatically lose when time's up. (requested by Cosentino)\n|inactive|BrockLongbow has 60 seconds left.\n|\n|t:|1683227662\n|start\n|switch|p1a: Glimmora|Glimmora, L50, F|100\/100\n|switch|p1b: Wo-Chien|Wo-Chien, L50|100\/100\n|switch|p2a: Sableye|Sableye, L50, F|100\/100\n|switch|p2b: Ceruledge|Ceruledge, L50, F|100\/100\n|-ability|p1b: Wo-Chien|Tablets of Ruin\n|turn|1\n|inactive|Cosentino has 30 seconds left.\n|inactive|Cosentino has 20 seconds left.\n|\n|t:|1683227701\n|switch|p2a: Amoonguss|Amoonguss, L50, M|100\/100\n|-terastallize|p2b: Ceruledge|Grass\n|move|p1a: Glimmora|Mortal Spin|p2b: Ceruledge|[spread] p2a,p2b\n|-supereffective|p2b: Ceruledge\n|-damage|p2a: Amoonguss|97\/100\n|-damage|p2b: Ceruledge|93\/100\n|-status|p2b: Ceruledge|psn\n|-damage|p1a: Glimmora|84\/100|[from] item: Rocky Helmet|[of] p2a: Amoonguss\n|move|p2b: Ceruledge|Bulk Up|p2b: Ceruledge\n|-boost|p2b: Ceruledge|atk|1\n|-boost|p2b: Ceruledge|def|1\n|move|p1b: Wo-Chien|Leech Seed|p2b: Ceruledge\n|-immune|p2b: Ceruledge\n|\n|-heal|p2b: Ceruledge|99\/100 psn|[from] item: Leftovers\n|-damage|p2b: Ceruledge|87\/100 psn|[from] psn\n|upkeep\n|turn|2\n|inactive|BrockLongbow has 30 seconds left.\n|\n|t:|1683227733\n|switch|p1a: Arcanine|Arcanine, L50, F|100\/100\n|-ability|p1a: Arcanine|Intimidate|boost\n|-unboost|p2a: Amoonguss|atk|1\n|-unboost|p2b: Ceruledge|atk|1\n|move|p1b: Wo-Chien|Protect|p1b: Wo-Chien\n|-singleturn|p1b: Wo-Chien|Protect\n|move|p2b: Ceruledge|Bitter Blade|p1b: Wo-Chien\n|-activate|p1b: Wo-Chien|move: Protect\n|move|p2a: Amoonguss|Spore|p1a: Arcanine\n|-status|p1a: Arcanine|slp|[from] move: Spore\n|\n|-heal|p2b: Ceruledge|93\/100 psn|[from] item: Leftovers\n|-damage|p2b: Ceruledge|81\/100 psn|[from] psn\n|upkeep\n|turn|3\n|inactive|BrockLongbow has 30 seconds left.\n|inactive|BrockLongbow has 20 seconds left.\n|\n|t:|1683227769\n|switch|p1a: Glimmora|Glimmora, L50, F|84\/100\n|switch|p2a: Sableye|Sableye, L50, F|100\/100\n|move|p2b: Ceruledge|Bulk Up|p2b: Ceruledge\n|-boost|p2b: Ceruledge|atk|1\n|-boost|p2b: Ceruledge|def|1\n|move|p1b: Wo-Chien|Ruination|p2a: Sableye\n|-damage|p2a: Sableye|51\/100\n|\n|-heal|p2b: Ceruledge|87\/100 psn|[from] item: Leftovers\n|-damage|p2b: Ceruledge|75\/100 psn|[from] psn\n|upkeep\n|turn|4\n|\n|t:|1683227791\n|switch|p2a: Amoonguss|Amoonguss, L50, M|100\/100\n|move|p1b: Wo-Chien|Protect|p1b: Wo-Chien\n|-singleturn|p1b: Wo-Chien|Protect\n|move|p1a: Glimmora|Power Gem|p2b: Ceruledge\n|-damage|p2b: Ceruledge|43\/100 psn\n|move|p2b: Ceruledge|Bitter Blade|p1b: Wo-Chien\n|-activate|p1b: Wo-Chien|move: Protect\n|\n|-heal|p2b: Ceruledge|49\/100 psn|[from] item: Leftovers\n|-damage|p2b: Ceruledge|37\/100 psn|[from] psn\n|upkeep\n|turn|5\n|\n|t:|1683227805\n|switch|p1b: Arcanine|Arcanine, L50, F|100\/100 slp\n|-ability|p1b: Arcanine|Intimidate|boost\n|-unboost|p2a: Amoonguss|atk|1\n|-unboost|p2b: Ceruledge|atk|1\n|move|p1a: Glimmora|Spiky Shield|p1a: Glimmora\n|-singleturn|p1a: Glimmora|move: Protect\n|move|p2b: Ceruledge|Bulk Up|p2b: Ceruledge\n|-boost|p2b: Ceruledge|atk|1\n|-boost|p2b: Ceruledge|def|1\n|move|p2a: Amoonguss|Pollen Puff|p2b: Ceruledge\n|-heal|p2b: Ceruledge|87\/100 psn\n|\n|-heal|p2b: Ceruledge|93\/100 psn|[from] item: Leftovers\n|-damage|p2b: Ceruledge|81\/100 psn|[from] psn\n|upkeep\n|turn|6\n|inactive|BrockLongbow has 30 seconds left.\n|\n|t:|1683227838\n|cant|p1b: Arcanine|slp\n|move|p1a: Glimmora|Power Gem|p2b: Ceruledge\n|-damage|p2b: Ceruledge|53\/100 psn\n|move|p2b: Ceruledge|Bitter Blade|p1a: Glimmora\n|-resisted|p1a: Glimmora\n|-damage|p1a: Glimmora|53\/100\n|-heal|p2b: Ceruledge|69\/100 psn|[from] drain|[of] p1a: Glimmora\n|-activate|p1a: Glimmora|ability: Toxic Debris\n|-sidestart|p2: Cosentino|move: Toxic Spikes\n|move|p2a: Amoonguss|Spore|p1a: Glimmora\n|-status|p1a: Glimmora|slp|[from] move: Spore\n|\n|-heal|p2b: Ceruledge|75\/100 psn|[from] item: Leftovers\n|-damage|p2b: Ceruledge|63\/100 psn|[from] psn\n|upkeep\n|turn|7\n|\n|t:|1683227858\n|move|p2a: Amoonguss|Protect|p2a: Amoonguss\n|-singleturn|p2a: Amoonguss|Protect\n|-curestatus|p1b: Arcanine|slp|[msg]\n|move|p1b: Arcanine|Flare Blitz|p2a: Amoonguss\n|-activate|p2a: Amoonguss|move: Protect\n|cant|p1a: Glimmora|slp\n|move|p2b: Ceruledge|Bitter Blade|p1b: Arcanine\n|-resisted|p1b: Arcanine\n|-damage|p1b: Arcanine|63\/100\n|-heal|p2b: Ceruledge|83\/100 psn|[from] drain|[of] p1b: Arcanine\n|\n|-heal|p2b: Ceruledge|89\/100 psn|[from] item: Leftovers\n|-damage|p2b: Ceruledge|77\/100 psn|[from] psn\n|upkeep\n|turn|8\n|inactive|BrockLongbow has 30 seconds left.\n|inactive|Cosentino has 30 seconds left.\n|\n|t:|1683227887\n|switch|p2a: Ting-Lu|Ting-Lu, L50|100\/100\n|-status|p2a: Ting-Lu|psn\n|-ability|p2a: Ting-Lu|Vessel of Ruin\n|move|p1b: Arcanine|Flare Blitz|p2a: Ting-Lu\n|-damage|p2a: Ting-Lu|71\/100 psn\n|-damage|p1b: Arcanine|49\/100|[from] Recoil\n|cant|p1a: Glimmora|slp\n|move|p2b: Ceruledge|Bitter Blade|p1b: Arcanine\n|-resisted|p1b: Arcanine\n|-damage|p1b: Arcanine|14\/100\n|-heal|p2b: Ceruledge|96\/100 psn|[from] drain|[of] p1b: Arcanine\n|\n|-heal|p2b: Ceruledge|100\/100 psn|[from] item: Leftovers\n|-damage|p2b: Ceruledge|88\/100 psn|[from] psn\n|-damage|p2a: Ting-Lu|59\/100 psn|[from] psn\n|upkeep\n|turn|9\n|\n|t:|1683227911\n|-curestatus|p1a: Glimmora|slp|[msg]\n|move|p1a: Glimmora|Spiky Shield|p1a: Glimmora\n|-singleturn|p1a: Glimmora|move: Protect\n|move|p1b: Arcanine|Close Combat|p2a: Ting-Lu\n|-supereffective|p2a: Ting-Lu\n|-damage|p2a: Ting-Lu|19\/100 psn\n|-unboost|p1b: Arcanine|def|1\n|-unboost|p1b: Arcanine|spd|1\n|move|p2b: Ceruledge|Bitter Blade|p1b: Arcanine\n|-resisted|p1b: Arcanine\n|-damage|p1b: Arcanine|0 fnt\n|-heal|p2b: Ceruledge|96\/100 psn|[from] drain|[of] p1b: Arcanine\n|faint|p1b: Arcanine\n|move|p2a: Ting-Lu|Fissure|p1a: Glimmora\n|-activate|p1a: Glimmora|move: Protect\n|\n|-heal|p2b: Ceruledge|100\/100 psn|[from] item: Leftovers\n|-damage|p2b: Ceruledge|88\/100 psn|[from] psn\n|-damage|p2a: Ting-Lu|7\/100 psn|[from] psn\n|upkeep\n|\n|t:|1683227933\n|switch|p1b: Wo-Chien|Wo-Chien, L50|100\/100\n|-ability|p1b: Wo-Chien|Tablets of Ruin\n|turn|10\n|\n|t:|1683227943\n|move|p1a: Glimmora|Power Gem|p2b: Ceruledge\n|-damage|p2b: Ceruledge|65\/100 psn\n|move|p2b: Ceruledge|Bitter Blade|p1b: Wo-Chien\n|-supereffective|p1b: Wo-Chien\n|-damage|p1b: Wo-Chien|24\/100\n|-heal|p2b: Ceruledge|100\/100 psn|[from] drain|[of] p1b: Wo-Chien\n|move|p1b: Wo-Chien|Ruination|p2b: Ceruledge\n|-damage|p2b: Ceruledge|50\/100 psn\n|move|p2a: Ting-Lu|Stomping Tantrum|p1a: Glimmora\n|-supereffective|p1a: Glimmora\n|-enditem|p1a: Glimmora|Shuca Berry|[eat]\n|-enditem|p1a: Glimmora|Shuca Berry|[weaken]\n|-damage|p1a: Glimmora|0 fnt\n|-activate|p1a: Glimmora|ability: Toxic Debris\n|-sidestart|p2: Cosentino|move: Toxic Spikes\n|faint|p1a: Glimmora\n|\n|-heal|p2b: Ceruledge|57\/100 psn|[from] item: Leftovers\n|-heal|p1b: Wo-Chien|31\/100|[from] item: Leftovers\n|-damage|p2b: Ceruledge|44\/100 psn|[from] psn\n|-damage|p2a: Ting-Lu|0 fnt|[from] psn\n|faint|p2a: Ting-Lu\n|upkeep\n|\n|t:|1683227957\n|switch|p1a: Flutter Mane|Flutter Mane, L50|100\/100\n|switch|p2a: Amoonguss|Amoonguss, L50, M|100\/100\n|-sideend|p2: Cosentino|move: Toxic Spikes|[of] p2a: Amoonguss\n|-enditem|p1a: Flutter Mane|Booster Energy\n|-activate|p1a: Flutter Mane|ability: Protosynthesis|[fromitem]\n|-start|p1a: Flutter Mane|protosynthesisspa\n|turn|11\n|-message|BrockLongbow forfeited.\n|\n|win|Cosentino\n|raw|BrockLongbow's rating: 1402 → 1381<\/strong> (-21 for losing)\n|raw|Cosentino's rating: 1393 → 1414<\/strong> (+21 for winning)\n|l|\u2606BrockLongbow\n","uploadtime":1683227974,"views":11,"p1id":"brocklongbow","p2id":"cosentino","formatid":"gen9vgc2023regulationc","rating":1381,"private":0,"password":""}