{"id":"gen9vgc2023regulationc-1850710553","p1":"LeakySoups","p2":"aksjxjdidkdem","format":"[Gen 9] VGC 2023 Regulation C","log":"|j|\u2606LeakySoups\n|j|\u2606aksjxjdidkdem\n|t:|1682361069\n|gametype|doubles\n|player|p1|LeakySoups|170|1037\n|player|p2|aksjxjdidkdem|2|1000\n|teamsize|p1|6\n|teamsize|p2|6\n|gen|9\n|tier|[Gen 9] VGC 2023 Regulation C\n|rated|\n|rule|Species Clause: Limit one of each Pok\u00e9mon\n|rule|Item Clause: Limit one of each item\n|clearpoke\n|poke|p1|Palafin, L50, F|\n|poke|p1|Flutter Mane, L50|\n|poke|p1|Brute Bonnet, L50|\n|poke|p1|Arcanine, L50, F|\n|poke|p1|Iron Hands, L50|\n|poke|p1|Glimmora, L50, F|\n|poke|p2|Quaquaval, L50, F|\n|poke|p2|Ceruledge, L50, M|\n|poke|p2|Oricorio-Sensu, L50, M|\n|poke|p2|Pawmot, L50, M|\n|poke|p2|Cetitan, L50, M|\n|poke|p2|Volcarona, L50, F|\n|teampreview|4\n|inactive|Battle timer is ON: inactive players will automatically lose when time's up. (requested by aksjxjdidkdem)\n|\n|t:|1682361098\n|start\n|switch|p1a: Brute Bonnet|Brute Bonnet, L50, shiny|100\/100\n|switch|p1b: Glimmora|Glimmora, L50, F|100\/100\n|switch|p2a: Oricorio|Oricorio-Sensu, L50, M|100\/100\n|switch|p2b: Volcarona|Volcarona, L50, F, shiny|100\/100\n|turn|1\n|\n|t:|1682361120\n|-end|p1a: Brute Bonnet|Protosynthesis|[silent]\n|switch|p1a: Flutter Mane|Flutter Mane, L50, shiny|100\/100\n|-enditem|p1a: Flutter Mane|Booster Energy\n|-activate|p1a: Flutter Mane|ability: Protosynthesis|[fromitem]\n|-start|p1a: Flutter Mane|protosynthesisspe\n|move|p2a: Oricorio|Protect|p2a: Oricorio\n|-singleturn|p2a: Oricorio|Protect\n|move|p2b: Volcarona|Quiver Dance|p2b: Volcarona\n|-boost|p2b: Volcarona|spa|1\n|-boost|p2b: Volcarona|spd|1\n|-boost|p2b: Volcarona|spe|1\n|-activate|p2a: Oricorio|ability: Dancer\n|move|p2a: Oricorio|Quiver Dance|p2a: Oricorio|[from]ability: Dancer\n|-boost|p2a: Oricorio|spa|1\n|-boost|p2a: Oricorio|spd|1\n|-boost|p2a: Oricorio|spe|1\n|move|p1b: Glimmora|Power Gem|p2b: Volcarona\n|-supereffective|p2b: Volcarona\n|-damage|p2b: Volcarona|0 fnt\n|faint|p2b: Volcarona\n|\n|upkeep\n|\n|t:|1682361140\n|switch|p2b: Quaquaval|Quaquaval, L50, F|100\/100\n|turn|2\n|inactive|LeakySoups has 30 seconds left.\n|\n|t:|1682361170\n|-terastallize|p2b: Quaquaval|Water\n|move|p1a: Flutter Mane|Shadow Ball|p2a: Oricorio\n|-supereffective|p2a: Oricorio\n|-damage|p2a: Oricorio|4\/100\n|move|p2a: Oricorio|Revelation Dance|p1a: Flutter Mane\n|-supereffective|p1a: Flutter Mane\n|-damage|p1a: Flutter Mane|0 fnt\n|faint|p1a: Flutter Mane\n|-end|p1a: Flutter Mane|Protosynthesis|[silent]\n|move|p1b: Glimmora|Energy Ball|p2b: Quaquaval\n|-supereffective|p2b: Quaquaval\n|-damage|p2b: Quaquaval|14\/100\n|move|p2b: Quaquaval|Aqua Step|p1b: Glimmora\n|-supereffective|p1b: Glimmora\n|-crit|p1b: Glimmora\n|-enditem|p1b: Glimmora|Focus Sash\n|-damage|p1b: Glimmora|1\/100\n|-boost|p2b: Quaquaval|spe|1\n|-activate|p1b: Glimmora|ability: Toxic Debris\n|-sidestart|p2: aksjxjdidkdem|move: Toxic Spikes\n|-activate|p2a: Oricorio|ability: Dancer\n|move|p2a: Oricorio|Aqua Step|p1b: Glimmora|[from]ability: Dancer\n|-supereffective|p1b: Glimmora\n|-damage|p1b: Glimmora|0 fnt\n|-boost|p2a: Oricorio|spe|1\n|-activate|p1b: Glimmora|ability: Toxic Debris\n|-sidestart|p2: aksjxjdidkdem|move: Toxic Spikes\n|faint|p1b: Glimmora\n|\n|-heal|p2a: Oricorio|10\/100|[from] item: Leftovers\n|upkeep\n|inactive|LeakySoups has 30 seconds left.\n|\n|t:|1682361202\n|switch|p1a: Brute Bonnet|Brute Bonnet, L50, shiny|100\/100\n|switch|p1b: Iron Hands|Iron Hands, L50, shiny|100\/100\n|turn|3\n|\n|t:|1682361226\n|move|p1b: Iron Hands|Fake Out|p2b: Quaquaval\n|-damage|p2b: Quaquaval|0 fnt\n|faint|p2b: Quaquaval\n|move|p2a: Oricorio|Air Slash|p1a: Brute Bonnet\n|-supereffective|p1a: Brute Bonnet\n|-damage|p1a: Brute Bonnet|20\/100\n|move|p1a: Brute Bonnet|Spore|p2a: Oricorio\n|-status|p2a: Oricorio|slp|[from] move: Spore\n|\n|-heal|p2a: Oricorio|16\/100 slp|[from] item: Leftovers\n|upkeep\n|\n|t:|1682361235\n|switch|p2b: Cetitan|Cetitan, L50, M|100\/100\n|-status|p2b: Cetitan|tox\n|turn|4\n|\n|t:|1682361256\n|move|p1a: Brute Bonnet|Sucker Punch|p2a: Oricorio\n|-supereffective|p2a: Oricorio\n|-damage|p2a: Oricorio|0 fnt\n|faint|p2a: Oricorio\n|move|p2b: Cetitan|Play Rough|p1b: Iron Hands\n|-supereffective|p1b: Iron Hands\n|-damage|p1b: Iron Hands|47\/100\n|move|p1b: Iron Hands|Drain Punch|p2b: Cetitan\n|-supereffective|p2b: Cetitan\n|-damage|p2b: Cetitan|25\/100 tox\n|-heal|p1b: Iron Hands|92\/100|[from] drain|[of] p2b: Cetitan\n|\n|-damage|p2b: Cetitan|19\/100 tox|[from] psn\n|upkeep\n|turn|5\n|-message|aksjxjdidkdem forfeited.\n|\n|win|LeakySoups\n|raw|LeakySoups's rating: 1037 → 1068<\/strong> (+31 for winning)\n|raw|aksjxjdidkdem's rating: 1000 → 1000<\/strong> (+0 for losing)\n|l|\u2606aksjxjdidkdem\n","uploadtime":1682361333,"views":18,"p1id":"leakysoups","p2id":"aksjxjdidkdem","formatid":"gen9vgc2023regulationc","rating":1000,"private":0,"password":""}