{"id":"gen9vgc2023regulationc-1847921312","p1":"Dhhdjfbf","p2":"VGCsavant","format":"[Gen 9] VGC 2023 Regulation C","log":"|j|\u2606Dhhdjfbf\n|j|\u2606VGCsavant\n|t:|1682012845\n|gametype|doubles\n|player|p1|Dhhdjfbf|1|1043\n|player|p2|VGCsavant|shauntal|1049\n|teamsize|p1|6\n|teamsize|p2|6\n|gen|9\n|tier|[Gen 9] VGC 2023 Regulation C\n|rated|\n|rule|Species Clause: Limit one of each Pok\u00e9mon\n|rule|Item Clause: Limit one of each item\n|clearpoke\n|poke|p1|Hydreigon, L50, M|\n|poke|p1|Maushold-Four, L50|\n|poke|p1|Talonflame, L50, F|\n|poke|p1|Flutter Mane, L50|\n|poke|p1|Chi-Yu, L50|\n|poke|p1|Great Tusk, L50|\n|poke|p2|Scizor, L50, F|\n|poke|p2|Rotom-Heat, L50|\n|poke|p2|Iron Hands, L50|\n|poke|p2|Dragonite, L50, M|\n|poke|p2|Ting-Lu, L50|\n|poke|p2|Sylveon, L50, M|\n|teampreview|4\n|inactive|Battle timer is ON: inactive players will automatically lose when time's up. (requested by VGCsavant)\n|inactive|Dhhdjfbf has 60 seconds left.\n|inactive|VGCsavant has 60 seconds left.\n|\n|t:|1682012900\n|start\n|switch|p1a: Hydreigon|Hydreigon, L50, M|100\/100\n|switch|p1b: Maushold|Maushold-Four, L50|100\/100\n|switch|p2a: Iron Hands|Iron Hands, L50|100\/100\n|switch|p2b: Sylveon|Sylveon, L50, M|100\/100\n|turn|1\n|\n|t:|1682012913\n|move|p1b: Maushold|Protect|p1b: Maushold\n|-singleturn|p1b: Maushold|Protect\n|move|p1a: Hydreigon|Protect|p1a: Hydreigon\n|-singleturn|p1a: Hydreigon|Protect\n|move|p2a: Iron Hands|Fake Out|p1b: Maushold\n|-activate|p1b: Maushold|move: Protect\n|move|p2b: Sylveon|Hyper Voice|p1a: Hydreigon|[spread] \n|-activate|p1a: Hydreigon|move: Protect\n|-activate|p1b: Maushold|move: Protect\n|\n|upkeep\n|turn|2\n|inactive|Dhhdjfbf has 30 seconds left.\n|\n|t:|1682012942\n|-terastallize|p1a: Hydreigon|Poison\n|move|p2b: Sylveon|Protect|p2b: Sylveon\n|-singleturn|p2b: Sylveon|Protect\n|move|p1b: Maushold|Super Fang|p2a: Iron Hands\n|-damage|p2a: Iron Hands|51\/100\n|move|p1a: Hydreigon|Focus Energy|p1a: Hydreigon\n|-start|p1a: Hydreigon|move: Focus Energy\n|move|p2a: Iron Hands|Drain Punch|p1b: Maushold\n|-supereffective|p1b: Maushold\n|-crit|p1b: Maushold\n|-damage|p1b: Maushold|0 fnt\n|-heal|p2a: Iron Hands|90\/100|[from] drain|[of] p1b: Maushold\n|faint|p1b: Maushold\n|\n|upkeep\n|inactive|Dhhdjfbf has 30 seconds left.\n|inactive|Dhhdjfbf has 20 seconds left.\n|\n|t:|1682012977\n|switch|p1b: Great Tusk|Great Tusk, L50|100\/100\n|turn|3\n|inactive|VGCsavant has 30 seconds left.\n|inactive|VGCsavant has 20 seconds left.\n|inactive|VGCsavant has 15 seconds left.\n|inactive|VGCsavant has 10 seconds left.\n|\n|t:|1682013025\n|-end|p2a: Iron Hands|Quark Drive|[silent]\n|switch|p2a: Ting-Lu|Ting-Lu, L50|100\/100\n|-ability|p2a: Ting-Lu|Vessel of Ruin\n|-terastallize|p2b: Sylveon|Ground\n|move|p1b: Great Tusk|Protect|p1b: Great Tusk\n|-singleturn|p1b: Great Tusk|Protect\n|move|p1a: Hydreigon|Flash Cannon|p2b: Sylveon\n|-crit|p2b: Sylveon\n|-damage|p2b: Sylveon|82\/100\n|move|p2b: Sylveon|Tera Blast|p1a: Hydreigon\n|-immune|p1a: Hydreigon|[from] ability: Levitate\n|\n|upkeep\n|turn|4\n|inactive|VGCsavant has 30 seconds left.\n|\n|t:|1682013058\n|move|p2a: Ting-Lu|Protect|p2a: Ting-Lu\n|-singleturn|p2a: Ting-Lu|Protect\n|move|p1b: Great Tusk|Close Combat|p2a: Ting-Lu\n|-activate|p2a: Ting-Lu|move: Protect\n|move|p1a: Hydreigon|Draco Meteor|p2b: Sylveon\n|-crit|p2b: Sylveon\n|-damage|p2b: Sylveon|41\/100\n|-unboost|p1a: Hydreigon|spa|2\n|move|p2b: Sylveon|Hyper Voice|p1a: Hydreigon|[spread] p1a,p1b\n|-resisted|p1a: Hydreigon\n|-supereffective|p1b: Great Tusk\n|-damage|p1a: Hydreigon|88\/100\n|-damage|p1b: Great Tusk|28\/100\n|-enditem|p2b: Sylveon|Throat Spray\n|-boost|p2b: Sylveon|spa|1|[from] item: Throat Spray\n|\n|upkeep\n|turn|5\n|\n|t:|1682013078\n|switch|p2a: Dragonite|Dragonite, L50, M|100\/100\n|move|p2b: Sylveon|Protect|p2b: Sylveon\n|-singleturn|p2b: Sylveon|Protect\n|move|p1b: Great Tusk|Ice Spinner|p2b: Sylveon\n|-activate|p2b: Sylveon|move: Protect\n|move|p1a: Hydreigon|Draco Meteor|p2a: Dragonite\n|-supereffective|p2a: Dragonite\n|-crit|p2a: Dragonite\n|-damage|p2a: Dragonite|0 fnt\n|-unboost|p1a: Hydreigon|spa|2\n|faint|p2a: Dragonite\n|\n|upkeep\n|\n|t:|1682013090\n|switch|p2a: Iron Hands|Iron Hands, L50|90\/100\n|turn|6\n|\n|t:|1682013097\n|move|p1b: Great Tusk|Protect|p1b: Great Tusk\n|-singleturn|p1b: Great Tusk|Protect\n|move|p1a: Hydreigon|Protect|p1a: Hydreigon\n|-singleturn|p1a: Hydreigon|Protect\n|move|p2a: Iron Hands|Fake Out|p1b: Great Tusk\n|-activate|p1b: Great Tusk|move: Protect\n|move|p2b: Sylveon|Hyper Voice|p1b: Great Tusk|[spread] \n|-activate|p1a: Hydreigon|move: Protect\n|-activate|p1b: Great Tusk|move: Protect\n|\n|upkeep\n|turn|7\n|\n|t:|1682013122\n|-end|p2a: Iron Hands|Quark Drive|[silent]\n|switch|p2a: Ting-Lu|Ting-Lu, L50|100\/100\n|-ability|p2a: Ting-Lu|Vessel of Ruin\n|move|p1b: Great Tusk|Ice Spinner|p2b: Sylveon\n|-supereffective|p2b: Sylveon\n|-damage|p2b: Sylveon|0 fnt\n|faint|p2b: Sylveon\n|move|p1a: Hydreigon|Draco Meteor|p2a: Ting-Lu\n|-crit|p2a: Ting-Lu\n|-damage|p2a: Ting-Lu|30\/100\n|-unboost|p1a: Hydreigon|spa|2\n|\n|upkeep\n|\n|t:|1682013130\n|switch|p2b: Iron Hands|Iron Hands, L50|90\/100\n|turn|8\n|c|\u2606VGCsavant|Gg\n|-message|VGCsavant forfeited.\n|\n|win|Dhhdjfbf\n|raw|Dhhdjfbf's rating: 1043 → 1077<\/strong> (+34 for winning)\n|raw|VGCsavant's rating: 1049 → 1031<\/strong> (-18 for losing)\n|l|\u2606VGCsavant\n","uploadtime":1682013141,"views":10,"p1id":"dhhdjfbf","p2id":"vgcsavant","formatid":"gen9vgc2023regulationc","rating":1031,"private":0,"password":""}