{"id":"gen9vgc2023regulationc-1845914558","p1":"shiro07","p2":"CoolSpot_VGC","format":"[Gen 9] VGC 2023 Regulation C","log":"|j|\u2606shiro07\n|j|\u2606CoolSpot_VGC\n|t:|1681778713\n|gametype|doubles\n|player|p1|shiro07|kris-masters|1321\n|player|p2|CoolSpot_VGC|bellelba|1320\n|teamsize|p1|6\n|teamsize|p2|6\n|gen|9\n|tier|[Gen 9] VGC 2023 Regulation C\n|rated|\n|rule|Species Clause: Limit one of each Pok\u00e9mon\n|rule|Item Clause: Limit one of each item\n|clearpoke\n|poke|p1|Arcanine, L50, F|\n|poke|p1|Flutter Mane, L50|\n|poke|p1|Roaring Moon, L50|\n|poke|p1|Amoonguss, L50, F|\n|poke|p1|Palafin, L50, M|\n|poke|p1|Ting-Lu, L50|\n|poke|p2|Klefki, L50, F|\n|poke|p2|Chien-Pao, L50|\n|poke|p2|Tyranitar, L50, M|\n|poke|p2|Amoonguss, L50, F|\n|poke|p2|Flutter Mane, L50|\n|poke|p2|Gyarados, L50, F|\n|teampreview|4\n|c|\u2606CoolSpot_VGC|cool team!\nCoolSpot_VGC has agreed to open team sheets.\n|inactive|Battle timer is ON: inactive players will automatically lose when time's up. (requested by shiro07)\nshiro07 has agreed to open team sheets.\n|inactive|CoolSpot_VGC has 60 seconds left.\n|\n|t:|1681778858\n|start\n|switch|p1a: Ting-Lu|Ting-Lu, L50|100\/100\n|switch|p1b: Arcanine|Arcanine, L50, F|100\/100\n|switch|p2a: Klefki|Klefki, L50, F|100\/100\n|switch|p2b: Tyranitar|Tyranitar, L50, M|100\/100\n|-ability|p1b: Arcanine|Intimidate|boost\n|-unboost|p2a: Klefki|atk|1\n|-unboost|p2b: Tyranitar|atk|1\n|-weather|Sandstorm|[from] ability: Sand Stream|[of] p2b: Tyranitar\n|-ability|p1a: Ting-Lu|Vessel of Ruin\n|turn|1\n|\n|t:|1681778882\n|switch|p2b: Gyarados|Gyarados, L50, F|100\/100\n|-ability|p2b: Gyarados|Intimidate|boost\n|-unboost|p1a: Ting-Lu|atk|1\n|-unboost|p1b: Arcanine|atk|1\n|move|p2a: Klefki|Reflect|p2a: Klefki\n|-sidestart|p2: CoolSpot_VGC|Reflect\n|move|p1b: Arcanine|Will-O-Wisp|p2b: Gyarados|[miss]\n|-miss|p1b: Arcanine|p2b: Gyarados\n|move|p1a: Ting-Lu|Sand Tomb|p2a: Klefki\n|-supereffective|p2a: Klefki\n|-damage|p2a: Klefki|88\/100\n|-activate|p2a: Klefki|move: Sand Tomb|[of] p1a: Ting-Lu\n|\n|-weather|Sandstorm|[upkeep]\n|-damage|p2b: Gyarados|95\/100|[from] Sandstorm\n|-damage|p2a: Klefki|75\/100|[from] move: Sand Tomb|[partiallytrapped]\n|upkeep\n|turn|2\n|\n|t:|1681778898\n|switch|p1b: Amoonguss|Amoonguss, L50, F|100\/100\n|move|p2a: Klefki|Thunder Wave|p1b: Amoonguss\n|-status|p1b: Amoonguss|par\n|move|p2b: Gyarados|Waterfall|p1b: Amoonguss\n|-resisted|p1b: Amoonguss\n|-damage|p1b: Amoonguss|84\/100 par\n|move|p1a: Ting-Lu|Stomping Tantrum|p2a: Klefki\n|-supereffective|p2a: Klefki\n|-damage|p2a: Klefki|46\/100\n|\n|-weather|Sandstorm|[upkeep]\n|-damage|p2b: Gyarados|89\/100|[from] Sandstorm\n|-damage|p1b: Amoonguss|78\/100 par|[from] Sandstorm\n|-damage|p2a: Klefki|34\/100|[from] move: Sand Tomb|[partiallytrapped]\n|upkeep\n|turn|3\n|\n|t:|1681778919\n|move|p1b: Amoonguss|Protect|p1b: Amoonguss\n|-singleturn|p1b: Amoonguss|Protect\n|move|p2a: Klefki|Light Screen|p2a: Klefki\n|-sidestart|p2: CoolSpot_VGC|move: Light Screen\n|move|p2b: Gyarados|Taunt|p1b: Amoonguss\n|-activate|p1b: Amoonguss|move: Protect\n|move|p1a: Ting-Lu|Ruination|p2b: Gyarados|[miss]\n|-miss|p1a: Ting-Lu|p2b: Gyarados\n|\n|-weather|Sandstorm|[upkeep]\n|-damage|p2b: Gyarados|83\/100|[from] Sandstorm\n|-damage|p1b: Amoonguss|72\/100 par|[from] Sandstorm\n|-damage|p2a: Klefki|22\/100|[from] move: Sand Tomb|[partiallytrapped]\n|upkeep\n|turn|4\n|\n|t:|1681778941\n|switch|p1b: Arcanine|Arcanine, L50, F|100\/100\n|-ability|p1b: Arcanine|Intimidate|boost\n|-unboost|p2a: Klefki|atk|1\n|-unboost|p2b: Gyarados|atk|1\n|move|p2b: Gyarados|Waterfall|p1a: Ting-Lu\n|-supereffective|p1a: Ting-Lu\n|-damage|p1a: Ting-Lu|78\/100\n|move|p2a: Klefki|Dazzling Gleam|p1a: Ting-Lu|[spread] p1a,p1b\n|-supereffective|p1a: Ting-Lu\n|-resisted|p1b: Arcanine\n|-damage|p1a: Ting-Lu|65\/100\n|-damage|p1b: Arcanine|94\/100\n|cant|p1a: Ting-Lu|flinch\n|\n|-weather|Sandstorm|[upkeep]\n|-damage|p2b: Gyarados|77\/100|[from] Sandstorm\n|-damage|p2a: Klefki|10\/100|[from] move: Sand Tomb|[partiallytrapped]\n|upkeep\n|turn|5\n|inactive|CoolSpot_VGC has 30 seconds left.\n|\n|t:|1681778967\n|switch|p1b: Amoonguss|Amoonguss, L50, F|100\/100 par\n|move|p2a: Klefki|Thunder Wave|p1b: Amoonguss\n|-fail|p1b: Amoonguss|par\n|move|p2b: Gyarados|Waterfall|p1a: Ting-Lu\n|-supereffective|p1a: Ting-Lu\n|-damage|p1a: Ting-Lu|41\/100\n|move|p1a: Ting-Lu|Ruination|p2b: Gyarados\n|-damage|p2b: Gyarados|39\/100\n|\n|-weather|none\n|-end|p2a: Klefki|Sand Tomb|[partiallytrapped]\n|upkeep\n|turn|6\n|inactive|CoolSpot_VGC has 30 seconds left.\n|inactive|CoolSpot_VGC has 20 seconds left.\n|\n|t:|1681779004\n|move|p2b: Gyarados|Waterfall|p1a: Ting-Lu\n|-supereffective|p1a: Ting-Lu\n|-damage|p1a: Ting-Lu|18\/100\n|move|p2a: Klefki|Dazzling Gleam|p1a: Ting-Lu|[spread] p1a,p1b\n|-supereffective|p1a: Ting-Lu\n|-resisted|p1b: Amoonguss\n|-damage|p1a: Ting-Lu|4\/100\n|-damage|p1b: Amoonguss|95\/100 par\n|cant|p1a: Ting-Lu|flinch\n|cant|p1b: Amoonguss|par\n|\n|upkeep\n|turn|7\n|inactive|shiro07 has 30 seconds left.\n|inactive|CoolSpot_VGC has 30 seconds left.\n|inactive|shiro07 has 20 seconds left.\n|inactive|CoolSpot_VGC has 20 seconds left.\n|inactive|shiro07 has 15 seconds left.\n|inactive|CoolSpot_VGC has 15 seconds left.\n|inactive|CoolSpot_VGC has 10 seconds left.\n|\n|t:|1681779051\n|switch|p1a: Arcanine|Arcanine, L50, F|94\/100\n|-ability|p1a: Arcanine|Intimidate|boost\n|-unboost|p2a: Klefki|atk|1\n|-unboost|p2b: Gyarados|atk|1\n|move|p1b: Amoonguss|Protect|p1b: Amoonguss\n|-singleturn|p1b: Amoonguss|Protect\n|move|p2b: Gyarados|Taunt|p1b: Amoonguss\n|-activate|p1b: Amoonguss|move: Protect\n|move|p2a: Klefki|Dazzling Gleam|p1b: Amoonguss|[spread] p1a\n|-activate|p1b: Amoonguss|move: Protect\n|-resisted|p1a: Arcanine\n|-damage|p1a: Arcanine|86\/100\n|\n|upkeep\n|turn|8\n|inactive|CoolSpot_VGC has 30 seconds left.\n|inactive|shiro07 has 30 seconds left.\n|\n|t:|1681779088\n|move|p2b: Gyarados|Taunt|p1b: Amoonguss\n|-start|p1b: Amoonguss|move: Taunt\n|move|p1a: Arcanine|Flare Blitz|p2a: Klefki\n|-supereffective|p2a: Klefki\n|-damage|p2a: Klefki|0 fnt\n|faint|p2a: Klefki\n|-damage|p1a: Arcanine|83\/100|[from] Recoil\n|cant|p1b: Amoonguss|par\n|\n|-sideend|p2: CoolSpot_VGC|Reflect\n|upkeep\n|\n|t:|1681779102\n|switch|p2a: Tyranitar|Tyranitar, L50, M|100\/100\n|-weather|Sandstorm|[from] ability: Sand Stream|[of] p2a: Tyranitar\n|turn|9\n|\n|t:|1681779123\n|switch|p1a: Ting-Lu|Ting-Lu, L50|4\/100\n|-ability|p1a: Ting-Lu|Vessel of Ruin\n|move|p2b: Gyarados|Thunder Wave|p1a: Ting-Lu\n|-immune|p1a: Ting-Lu\n|move|p2a: Tyranitar|Rock Slide|p1a: Ting-Lu|[spread] p1a,p1b\n|-resisted|p1a: Ting-Lu\n|-damage|p1a: Ting-Lu|0 fnt\n|-damage|p1b: Amoonguss|70\/100 par\n|faint|p1a: Ting-Lu\n|cant|p1b: Amoonguss|flinch\n|\n|-weather|Sandstorm|[upkeep]\n|-damage|p2b: Gyarados|33\/100|[from] Sandstorm\n|-damage|p1b: Amoonguss|64\/100 par|[from] Sandstorm\n|upkeep\n|\n|t:|1681779139\n|switch|p1a: Flutter Mane|Flutter Mane, L50|100\/100\n|turn|10\n|inactive|CoolSpot_VGC has 30 seconds left.\n|\n|t:|1681779166\n|switch|p1b: Arcanine|Arcanine, L50, F|83\/100\n|-ability|p1b: Arcanine|Intimidate|boost\n|-unboost|p2a: Tyranitar|atk|1\n|-unboost|p2b: Gyarados|atk|1\n|-terastallize|p1a: Flutter Mane|Fairy\n|move|p1a: Flutter Mane|Dazzling Gleam|p2a: Tyranitar|[spread] p2a,p2b\n|-supereffective|p2a: Tyranitar\n|-damage|p2a: Tyranitar|67\/100\n|-damage|p2b: Gyarados|1\/100\n|move|p2b: Gyarados|Thunder Wave|p1a: Flutter Mane\n|-status|p1a: Flutter Mane|par\n|move|p2a: Tyranitar|Rock Slide|p1a: Flutter Mane|[spread] p1a,p1b\n|-supereffective|p1b: Arcanine\n|-damage|p1a: Flutter Mane|73\/100 par\n|-damage|p1b: Arcanine|41\/100\n|\n|-weather|Sandstorm|[upkeep]\n|-damage|p2b: Gyarados|0 fnt|[from] Sandstorm\n|-damage|p1a: Flutter Mane|68\/100 par|[from] Sandstorm\n|faint|p2b: Gyarados\n|-sideend|p2: CoolSpot_VGC|move: Light Screen\n|upkeep\n|\n|t:|1681779179\n|switch|p2b: Flutter Mane|Flutter Mane, L50|100\/100\n|-enditem|p2b: Flutter Mane|Booster Energy\n|-activate|p2b: Flutter Mane|ability: Protosynthesis|[fromitem]\n|-start|p2b: Flutter Mane|protosynthesisspa\n|turn|11\n|inactive|CoolSpot_VGC has 30 seconds left.\n|inactive|CoolSpot_VGC has 20 seconds left.\n|inactive|CoolSpot_VGC has 15 seconds left.\n|inactive|CoolSpot_VGC has 10 seconds left.\n|\n|t:|1681779225\n|move|p2b: Flutter Mane|Hex|p1a: Flutter Mane\n|-damage|p1a: Flutter Mane|0 fnt\n|faint|p1a: Flutter Mane\n|-end|p1a: Flutter Mane|Protosynthesis|[silent]\n|move|p1b: Arcanine|Flare Blitz|p2b: Flutter Mane\n|-damage|p2b: Flutter Mane|24\/100\n|-damage|p1b: Arcanine|20\/100|[from] Recoil\n|move|p2a: Tyranitar|Rock Slide|p1b: Arcanine\n|-supereffective|p1b: Arcanine\n|-damage|p1b: Arcanine|0 fnt\n|faint|p1b: Arcanine\n|\n|-weather|Sandstorm|[upkeep]\n|-damage|p2b: Flutter Mane|17\/100|[from] Sandstorm\n|upkeep\n|\n|t:|1681779230\n|switch|p1a: Amoonguss|Amoonguss, L50, F|97\/100 par\n|turn|12\n|-message|shiro07 forfeited.\n|\n|win|CoolSpot_VGC\n|raw|shiro07's rating: 1321 → 1301<\/strong> (-20 for losing)\n|raw|CoolSpot_VGC's rating: 1320 → 1340<\/strong> (+20 for winning)\n|l|\u2606shiro07\n","uploadtime":1681779237,"views":12,"p1id":"shiro07","p2id":"coolspotvgc","formatid":"gen9vgc2023regulationc","rating":1301,"private":0,"password":""}