{"id":"gen9vgc2023regulationc-1845839332","p1":"onetwosri","p2":"Cat Scottish Fold","format":"[Gen 9] VGC 2023 Regulation C","log":"|j|\u2606onetwosri\n|j|\u2606Cat Scottish Fold\n|t:|1681769975\n|gametype|doubles\n|player|p1|onetwosri|102|1316\n|player|p2|Cat Scottish Fold|dawn-gen4pt|1272\n|teamsize|p1|6\n|teamsize|p2|6\n|gen|9\n|tier|[Gen 9] VGC 2023 Regulation C\n|rated|\n|rule|Species Clause: Limit one of each Pok\u00e9mon\n|rule|Item Clause: Limit one of each item\n|clearpoke\n|poke|p1|Kingambit, L50, F|\n|poke|p1|Tauros-Paldea-Aqua, L50, M|\n|poke|p1|Flutter Mane, L50|\n|poke|p1|Talonflame, L50, M|\n|poke|p1|Great Tusk, L50|\n|poke|p1|Amoonguss, L50, F|\n|poke|p2|Wo-Chien, L50|\n|poke|p2|Glimmora, L50, M|\n|poke|p2|Garganacl, L50, F|\n|poke|p2|Ting-Lu, L50|\n|poke|p2|Klefki, L50, F|\n|poke|p2|Arcanine, L50, M|\n|teampreview|4\n|inactive|Battle timer is ON: inactive players will automatically lose when time's up. (requested by onetwosri)\nonetwosri has agreed to open team sheets.\n|inactive|onetwosri has 60 seconds left.\n|inactive|Cat Scottish Fold has 60 seconds left.\n|\n|t:|1681770011\n|start\n|switch|p1a: Tauros|Tauros-Paldea-Aqua, L50, M|100\/100\n|switch|p1b: Amoonguss|Amoonguss, L50, F|100\/100\n|switch|p2a: Wo-Chien|Wo-Chien, L50|100\/100\n|switch|p2b: \u30af\u30ec\u30c3\u30d5\u30a3|Klefki, L50, F, shiny|100\/100\n|-ability|p1a: Tauros|Intimidate|boost\n|-unboost|p2a: Wo-Chien|atk|1\n|-unboost|p2b: \u30af\u30ec\u30c3\u30d5\u30a3|atk|1\n|-ability|p2a: Wo-Chien|Tablets of Ruin\n|turn|1\n|\n|t:|1681770028\n|move|p2b: \u30af\u30ec\u30c3\u30d5\u30a3|Reflect|p2b: \u30af\u30ec\u30c3\u30d5\u30a3\n|-sidestart|p2: Cat Scottish Fold|Reflect\n|move|p1a: Tauros|Close Combat|p2a: Wo-Chien\n|-supereffective|p2a: Wo-Chien\n|-damage|p2a: Wo-Chien|65\/100\n|-unboost|p1a: Tauros|def|1\n|-unboost|p1a: Tauros|spd|1\n|move|p2a: Wo-Chien|Leech Seed|p1a: Tauros\n|-start|p1a: Tauros|move: Leech Seed\n|move|p1b: Amoonguss|Pollen Puff|p2a: Wo-Chien\n|-supereffective|p2a: Wo-Chien\n|-damage|p2a: Wo-Chien|15\/100\n|\n|-heal|p2a: Wo-Chien|21\/100|[from] item: Leftovers\n|-damage|p1a: Tauros|88\/100|[from] Leech Seed|[of] p2a: Wo-Chien\n|-heal|p2a: Wo-Chien|31\/100|[silent]\n|upkeep\n|turn|2\n|\n|t:|1681770051\n|switch|p1a: Flutter Mane|Flutter Mane, L50|100\/100\n|-enditem|p1a: Flutter Mane|Booster Energy\n|-activate|p1a: Flutter Mane|ability: Protosynthesis|[fromitem]\n|-start|p1a: Flutter Mane|protosynthesisspa\n|move|p2a: Wo-Chien|Protect|p2a: Wo-Chien\n|-singleturn|p2a: Wo-Chien|Protect\n|move|p2b: \u30af\u30ec\u30c3\u30d5\u30a3|Light Screen|p2b: \u30af\u30ec\u30c3\u30d5\u30a3\n|-sidestart|p2: Cat Scottish Fold|move: Light Screen\n|move|p1b: Amoonguss|Spore|p2b: \u30af\u30ec\u30c3\u30d5\u30a3\n|-status|p2b: \u30af\u30ec\u30c3\u30d5\u30a3|slp|[from] move: Spore\n|\n|-heal|p2a: Wo-Chien|37\/100|[from] item: Leftovers\n|upkeep\n|turn|3\n|\n|t:|1681770075\n|switch|p2a: Arcanine|Arcanine, L50, M|100\/100\n|-ability|p2a: Arcanine|Intimidate|boost\n|-unboost|p1a: Flutter Mane|atk|1\n|-unboost|p1b: Amoonguss|atk|1\n|cant|p2b: \u30af\u30ec\u30c3\u30d5\u30a3|slp\n|move|p1a: Flutter Mane|Moonblast|p2a: Arcanine\n|-resisted|p2a: Arcanine\n|-damage|p2a: Arcanine|83\/100\n|-unboost|p2a: Arcanine|spa|1\n|move|p1b: Amoonguss|Pollen Puff|p2a: Arcanine\n|-resisted|p2a: Arcanine\n|-damage|p2a: Arcanine|78\/100\n|\n|upkeep\n|turn|4\n|inactive|onetwosri has 30 seconds left.\n|inactive|Cat Scottish Fold has 30 seconds left.\n|\n|t:|1681770104\n|-end|p1a: Flutter Mane|Protosynthesis|[silent]\n|switch|p1a: Tauros|Tauros-Paldea-Aqua, L50, M|88\/100\n|-ability|p1a: Tauros|Intimidate|boost\n|-unboost|p2a: Arcanine|atk|1\n|-unboost|p2b: \u30af\u30ec\u30c3\u30d5\u30a3|atk|1\n|switch|p2b: Wo-Chien|Wo-Chien, L50|37\/100\n|-ability|p2b: Wo-Chien|Tablets of Ruin\n|move|p1b: Amoonguss|Protect|p1b: Amoonguss\n|-singleturn|p1b: Amoonguss|Protect\n|move|p2a: Arcanine|Fire Spin|p1a: Tauros\n|-resisted|p1a: Tauros\n|-damage|p1a: Tauros|81\/100\n|-activate|p1a: Tauros|move: Fire Spin|[of] p2a: Arcanine\n|\n|-heal|p2b: Wo-Chien|44\/100|[from] item: Leftovers\n|-damage|p1a: Tauros|69\/100|[from] move: Fire Spin|[partiallytrapped]\n|upkeep\n|turn|5\n|inactive|onetwosri has 30 seconds left.\n|inactive|Cat Scottish Fold has 30 seconds left.\n|inactive|onetwosri has 20 seconds left.\n|inactive|onetwosri has 15 seconds left.\n|\n|t:|1681770147\n|-terastallize|p1a: Tauros|Grass\n|-terastallize|p2a: Arcanine|Grass\n|move|p2b: Wo-Chien|Protect|p2b: Wo-Chien\n|-singleturn|p2b: Wo-Chien|Protect\n|move|p1a: Tauros|Close Combat|p2b: Wo-Chien\n|-activate|p2b: Wo-Chien|move: Protect\n|move|p2a: Arcanine|Will-O-Wisp|p1a: Tauros\n|-status|p1a: Tauros|brn\n|move|p1b: Amoonguss|Pollen Puff|p2b: Wo-Chien\n|-activate|p2b: Wo-Chien|move: Protect\n|\n|-heal|p2b: Wo-Chien|50\/100|[from] item: Leftovers\n|-damage|p1a: Tauros|63\/100 brn|[from] brn\n|-damage|p1a: Tauros|50\/100 brn|[from] move: Fire Spin|[partiallytrapped]\n|upkeep\n|turn|6\n|\n|t:|1681770172\n|switch|p2b: \u30af\u30ec\u30c3\u30d5\u30a3|Klefki, L50, F, shiny|100\/100 slp\n|move|p1a: Tauros|Close Combat|p2b: \u30af\u30ec\u30c3\u30d5\u30a3\n|-damage|p2b: \u30af\u30ec\u30c3\u30d5\u30a3|80\/100 slp\n|-unboost|p1a: Tauros|def|1\n|-unboost|p1a: Tauros|spd|1\n|move|p2a: Arcanine|Fire Spin|p1b: Amoonguss\n|-supereffective|p1b: Amoonguss\n|-damage|p1b: Amoonguss|86\/100\n|-activate|p1b: Amoonguss|move: Fire Spin|[of] p2a: Arcanine\n|move|p1b: Amoonguss|Pollen Puff|p2b: \u30af\u30ec\u30c3\u30d5\u30a3\n|-resisted|p2b: \u30af\u30ec\u30c3\u30d5\u30a3\n|-damage|p2b: \u30af\u30ec\u30c3\u30d5\u30a3|77\/100 slp\n|\n|-heal|p1b: Amoonguss|92\/100|[from] item: Leftovers\n|-damage|p1a: Tauros|44\/100 brn|[from] brn\n|-damage|p1a: Tauros|32\/100 brn|[from] move: Fire Spin|[partiallytrapped]\n|-damage|p1b: Amoonguss|80\/100|[from] move: Fire Spin|[partiallytrapped]\n|upkeep\n|turn|7\n|\n|t:|1681770199\n|move|p1a: Tauros|Close Combat|p2a: Arcanine\n|-damage|p2a: Arcanine|56\/100\n|-unboost|p1a: Tauros|def|1\n|-unboost|p1a: Tauros|spd|1\n|move|p2a: Arcanine|Will-O-Wisp|p1b: Amoonguss\n|-status|p1b: Amoonguss|brn\n|cant|p2b: \u30af\u30ec\u30c3\u30d5\u30a3|slp\n|move|p1b: Amoonguss|Pollen Puff|p1a: Tauros\n|-heal|p1a: Tauros|82\/100 brn\n|\n|-heal|p1b: Amoonguss|86\/100 brn|[from] item: Leftovers\n|-damage|p1a: Tauros|76\/100 brn|[from] brn\n|-damage|p1b: Amoonguss|80\/100 brn|[from] brn\n|-damage|p1a: Tauros|63\/100 brn|[from] move: Fire Spin|[partiallytrapped]\n|-damage|p1b: Amoonguss|67\/100 brn|[from] move: Fire Spin|[partiallytrapped]\n|upkeep\n|turn|8\n|inactive|onetwosri has 30 seconds left.\n|\n|t:|1681770229\n|switch|p2b: Wo-Chien|Wo-Chien, L50|50\/100\n|-ability|p2b: Wo-Chien|Tablets of Ruin\n|move|p1a: Tauros|Close Combat|p2a: Arcanine\n|-damage|p2a: Arcanine|40\/100\n|-unboost|p1a: Tauros|def|1\n|-unboost|p1a: Tauros|spd|1\n|move|p2a: Arcanine|Morning Sun|p2a: Arcanine\n|-heal|p2a: Arcanine|90\/100\n|move|p1b: Amoonguss|Pollen Puff|p2a: Arcanine\n|-supereffective|p2a: Arcanine\n|-damage|p2a: Arcanine|72\/100\n|\n|-heal|p2b: Wo-Chien|56\/100|[from] item: Leftovers\n|-heal|p1b: Amoonguss|73\/100 brn|[from] item: Leftovers\n|-damage|p1a: Tauros|57\/100 brn|[from] brn\n|-damage|p1b: Amoonguss|67\/100 brn|[from] brn\n|-end|p1a: Tauros|Fire Spin|[partiallytrapped]\n|-damage|p1b: Amoonguss|55\/100 brn|[from] move: Fire Spin|[partiallytrapped]\n|-sideend|p2: Cat Scottish Fold|Reflect\n|upkeep\n|turn|9\n|inactive|onetwosri has 30 seconds left.\n|inactive|Cat Scottish Fold has 30 seconds left.\n|inactive|onetwosri has 20 seconds left.\n|inactive|onetwosri has 15 seconds left.\n|\n|t:|1681770269\n|switch|p1a: Flutter Mane|Flutter Mane, L50|100\/100\n|move|p2b: Wo-Chien|Protect|p2b: Wo-Chien\n|-singleturn|p2b: Wo-Chien|Protect\n|move|p2a: Arcanine|Fire Spin|p1a: Flutter Mane\n|-damage|p1a: Flutter Mane|93\/100\n|-activate|p1a: Flutter Mane|move: Fire Spin|[of] p2a: Arcanine\n|move|p1b: Amoonguss|Pollen Puff|p1a: Flutter Mane\n|-heal|p1a: Flutter Mane|100\/100\n|\n|-heal|p2b: Wo-Chien|62\/100|[from] item: Leftovers\n|-heal|p1b: Amoonguss|61\/100 brn|[from] item: Leftovers\n|-damage|p1b: Amoonguss|55\/100 brn|[from] brn\n|-damage|p1a: Flutter Mane|89\/100|[from] move: Fire Spin|[partiallytrapped]\n|-damage|p1b: Amoonguss|43\/100 brn|[from] move: Fire Spin|[partiallytrapped]\n|-sideend|p2: Cat Scottish Fold|move: Light Screen\n|upkeep\n|turn|10\n|inactive|onetwosri has 30 seconds left.\n|inactive|Cat Scottish Fold has 30 seconds left.\n|\n|t:|1681770306\n|switch|p2b: \u30af\u30ec\u30c3\u30d5\u30a3|Klefki, L50, F, shiny|77\/100 slp\n|move|p1a: Flutter Mane|Dazzling Gleam|p2b: \u30af\u30ec\u30c3\u30d5\u30a3|[spread] p2a,p2b\n|-resisted|p2b: \u30af\u30ec\u30c3\u30d5\u30a3\n|-damage|p2a: Arcanine|47\/100\n|-damage|p2b: \u30af\u30ec\u30c3\u30d5\u30a3|62\/100 slp\n|move|p2a: Arcanine|Will-O-Wisp|p1a: Flutter Mane\n|-status|p1a: Flutter Mane|brn\n|move|p1b: Amoonguss|Pollen Puff|p2a: Arcanine\n|-supereffective|p2a: Arcanine\n|-damage|p2a: Arcanine|17\/100\n|\n|-heal|p1b: Amoonguss|49\/100 brn|[from] item: Leftovers\n|-damage|p1a: Flutter Mane|83\/100 brn|[from] brn\n|-damage|p1b: Amoonguss|43\/100 brn|[from] brn\n|-damage|p1a: Flutter Mane|71\/100 brn|[from] move: Fire Spin|[partiallytrapped]\n|-damage|p1b: Amoonguss|31\/100 brn|[from] move: Fire Spin|[partiallytrapped]\n|upkeep\n|turn|11\n|inactive|onetwosri has 30 seconds left.\n|\n|t:|1681770335\n|-curestatus|p2b: \u30af\u30ec\u30c3\u30d5\u30a3|slp|[msg]\n|move|p2b: \u30af\u30ec\u30c3\u30d5\u30a3|Light Screen|p2b: \u30af\u30ec\u30c3\u30d5\u30a3\n|-sidestart|p2: Cat Scottish Fold|move: Light Screen\n|move|p1a: Flutter Mane|Shadow Ball|p2a: Arcanine\n|-damage|p2a: Arcanine|0 fnt\n|faint|p2a: Arcanine\n|move|p1b: Amoonguss|Pollen Puff|p1a: Flutter Mane\n|-heal|p1a: Flutter Mane|100\/100 brn\n|\n|-heal|p1b: Amoonguss|37\/100 brn|[from] item: Leftovers\n|-damage|p1a: Flutter Mane|95\/100 brn|[from] brn\n|-damage|p1b: Amoonguss|31\/100 brn|[from] brn\n|-end|p1a: Flutter Mane|Fire Spin|[partiallytrapped]|[silent]\n|-end|p1b: Amoonguss|Fire Spin|[partiallytrapped]\n|upkeep\n|\n|t:|1681770347\n|switch|p2a: Ting-Lu|Ting-Lu, L50|100\/100\n|-ability|p2a: Ting-Lu|Vessel of Ruin\n|turn|12\n|inactive|Cat Scottish Fold has 30 seconds left.\n|inactive|Cat Scottish Fold has 20 seconds left.\n|\n|t:|1681770384\n|switch|p1b: Tauros|Tauros-Paldea-Aqua, L50, M, tera:Grass|57\/100 brn\n|-ability|p1b: Tauros|Intimidate|boost\n|-unboost|p2a: Ting-Lu|atk|1\n|-unboost|p2b: \u30af\u30ec\u30c3\u30d5\u30a3|atk|1\n|move|p1a: Flutter Mane|Protect|p1a: Flutter Mane\n|-singleturn|p1a: Flutter Mane|Protect\n|move|p2b: \u30af\u30ec\u30c3\u30d5\u30a3|Reflect|p2b: \u30af\u30ec\u30c3\u30d5\u30a3\n|-sidestart|p2: Cat Scottish Fold|Reflect\n|move|p2a: Ting-Lu|Sand Tomb|p1a: Flutter Mane\n|-activate|p1a: Flutter Mane|move: Protect\n|\n|-damage|p1a: Flutter Mane|89\/100 brn|[from] brn\n|-damage|p1b: Tauros|51\/100 brn|[from] brn\n|upkeep\n|turn|13\n|inactive|onetwosri has 30 seconds left.\n|\n|t:|1681770412\n|-end|p1a: Flutter Mane|Protosynthesis|[silent]\n|switch|p1a: Amoonguss|Amoonguss, L50, F|64\/100 brn\n|move|p1b: Tauros|Close Combat|p2b: \u30af\u30ec\u30c3\u30d5\u30a3\n|-damage|p2b: \u30af\u30ec\u30c3\u30d5\u30a3|43\/100\n|-unboost|p1b: Tauros|def|1\n|-unboost|p1b: Tauros|spd|1\n|move|p2b: \u30af\u30ec\u30c3\u30d5\u30a3|Foul Play|p1b: Tauros\n|-damage|p1b: Tauros|4\/100 brn\n|move|p2a: Ting-Lu|Snarl|p1b: Tauros|[spread] p1a,p1b\n|-damage|p1a: Amoonguss|57\/100 brn\n|-damage|p1b: Tauros|0 fnt\n|-unboost|p1a: Amoonguss|spa|1\n|faint|p1b: Tauros\n|\n|-heal|p1a: Amoonguss|63\/100 brn|[from] item: Leftovers\n|-damage|p1a: Amoonguss|57\/100 brn|[from] brn\n|upkeep\n|\n|t:|1681770432\n|switch|p1b: Great Tusk|Great Tusk, L50|100\/100\n|turn|14\n|inactive|onetwosri has 30 seconds left.\n|\n|t:|1681770465\n|switch|p2b: Wo-Chien|Wo-Chien, L50|62\/100\n|-ability|p2b: Wo-Chien|Tablets of Ruin\n|move|p1b: Great Tusk|Close Combat|p2a: Ting-Lu\n|-supereffective|p2a: Ting-Lu\n|-damage|p2a: Ting-Lu|66\/100\n|-unboost|p1b: Great Tusk|def|1\n|-unboost|p1b: Great Tusk|spd|1\n|move|p2a: Ting-Lu|Sand Tomb|p1a: Amoonguss\n|-damage|p1a: Amoonguss|50\/100 brn\n|-activate|p1a: Amoonguss|move: Sand Tomb|[of] p2a: Ting-Lu\n|move|p1a: Amoonguss|Spore|p2a: Ting-Lu\n|-status|p2a: Ting-Lu|slp|[from] move: Spore\n|\n|-heal|p2b: Wo-Chien|69\/100|[from] item: Leftovers\n|-heal|p1a: Amoonguss|56\/100 brn|[from] item: Leftovers\n|-damage|p1a: Amoonguss|50\/100 brn|[from] brn\n|-damage|p1a: Amoonguss|38\/100 brn|[from] move: Sand Tomb|[partiallytrapped]\n|upkeep\n|turn|15\n|inactive|onetwosri has 30 seconds left.\n|inactive|Cat Scottish Fold has 30 seconds left.\n|\n|t:|1681770497\n|-end|p1b: Great Tusk|Protosynthesis|[silent]\n|switch|p1b: Flutter Mane|Flutter Mane, L50|89\/100 brn\n|move|p2b: Wo-Chien|Leech Seed|p1b: Flutter Mane\n|-start|p1b: Flutter Mane|move: Leech Seed\n|cant|p2a: Ting-Lu|slp\n|move|p1a: Amoonguss|Pollen Puff|p2b: Wo-Chien\n|-supereffective|p2b: Wo-Chien\n|-damage|p2b: Wo-Chien|49\/100\n|\n|-heal|p2b: Wo-Chien|56\/100|[from] item: Leftovers\n|-heal|p1a: Amoonguss|44\/100 brn|[from] item: Leftovers\n|-damage|p1b: Flutter Mane|77\/100 brn|[from] Leech Seed|[of] p2b: Wo-Chien\n|-heal|p2b: Wo-Chien|66\/100|[silent]\n|-damage|p1b: Flutter Mane|72\/100 brn|[from] brn\n|-damage|p1a: Amoonguss|38\/100 brn|[from] brn\n|-damage|p1a: Amoonguss|26\/100 brn|[from] move: Sand Tomb|[partiallytrapped]\n|upkeep\n|turn|16\n|inactive|onetwosri has 30 seconds left.\n|inactive|onetwosri has 20 seconds left.\n|\n|t:|1681770526\n|move|p1b: Flutter Mane|Dazzling Gleam|p2b: Wo-Chien|[spread] p2a,p2b\n|-supereffective|p2a: Ting-Lu\n|-supereffective|p2b: Wo-Chien\n|-damage|p2a: Ting-Lu|54\/100 slp\n|-damage|p2b: Wo-Chien|42\/100\n|move|p2b: Wo-Chien|Pollen Puff|p2a: Ting-Lu\n|-heal|p2a: Ting-Lu|100\/100 slp\n|cant|p2a: Ting-Lu|slp\n|move|p1a: Amoonguss|Pollen Puff|p1b: Flutter Mane\n|-heal|p1b: Flutter Mane|100\/100 brn\n|\n|-heal|p2b: Wo-Chien|48\/100|[from] item: Leftovers\n|-heal|p1a: Amoonguss|32\/100 brn|[from] item: Leftovers\n|-damage|p1b: Flutter Mane|89\/100 brn|[from] Leech Seed|[of] p2b: Wo-Chien\n|-heal|p2b: Wo-Chien|58\/100|[silent]\n|-damage|p1b: Flutter Mane|83\/100 brn|[from] brn\n|-damage|p1a: Amoonguss|26\/100 brn|[from] brn\n|-damage|p1a: Amoonguss|14\/100 brn|[from] move: Sand Tomb|[partiallytrapped]\n|upkeep\n|turn|17\n|inactive|onetwosri has 20 seconds left this turn.\n|inactive|onetwosri has 15 seconds left.\n|inactive|onetwosri has 10 seconds left.\n|inactive|onetwosri has 5 seconds left.\n|inactive|Cat Scottish Fold has 30 seconds left.\n|inactive|Cat Scottish Fold has 20 seconds left.\n|\n|t:|1681770564\n|move|p2b: Wo-Chien|Protect|p2b: Wo-Chien\n|-singleturn|p2b: Wo-Chien|Protect\n|move|p1a: Amoonguss|Protect|p1a: Amoonguss\n|-singleturn|p1a: Amoonguss|Protect\n|move|p1b: Flutter Mane|Dazzling Gleam|p2b: Wo-Chien|[spread] p2a\n|-activate|p2b: Wo-Chien|move: Protect\n|-supereffective|p2a: Ting-Lu\n|-damage|p2a: Ting-Lu|87\/100 slp\n|cant|p2a: Ting-Lu|slp\n|\n|-heal|p2b: Wo-Chien|65\/100|[from] item: Leftovers\n|-heal|p1a: Amoonguss|20\/100 brn|[from] item: Leftovers\n|-damage|p1b: Flutter Mane|71\/100 brn|[from] Leech Seed|[of] p2b: Wo-Chien\n|-heal|p2b: Wo-Chien|74\/100|[silent]\n|-damage|p1b: Flutter Mane|65\/100 brn|[from] brn\n|-damage|p1a: Amoonguss|14\/100 brn|[from] brn\n|-damage|p1a: Amoonguss|1\/100 brn|[from] move: Sand Tomb|[partiallytrapped]\n|upkeep\n|turn|18\n|inactive|onetwosri has 5 seconds left this turn.\n|inactive|Cat Scottish Fold has 30 seconds left this turn.\n|-message|onetwosri lost due to inactivity.\n|\n|win|Cat Scottish Fold\n|raw|onetwosri's rating: 1316 → 1293<\/strong> (-23 for losing)\n|raw|Cat Scottish Fold's rating: 1272 → 1300<\/strong> (+28 for winning)\n|l|\u2606onetwosri\n","uploadtime":1681770589,"views":6,"p1id":"onetwosri","p2id":"catscottishfold","formatid":"gen9vgc2023regulationc","rating":1293,"private":0,"password":""}