{"id":"gen9vgc2023regulationc-1863611538","p1":"DjPr1me","p2":"Raidan_3","format":"[Gen 9] VGC 2023 Regulation C","log":"|j|\u2606DjPr1me\n|j|\u2606Raidan_3\n|t:|1684043058\n|gametype|doubles\n|player|p1|DjPr1me|acetrainer|1411\n|player|p2|Raidan_3|cynthia-gen4|1308\n|teamsize|p1|6\n|teamsize|p2|6\n|gen|9\n|tier|[Gen 9] VGC 2023 Regulation C\n|rated|\n|rule|Species Clause: Limit one of each Pok\u00e9mon\n|rule|Item Clause: Limit one of each item\n|clearpoke\n|poke|p1|Talonflame, L50, F|\n|poke|p1|Azumarill, L50, F|\n|poke|p1|Luxray, L50, F|\n|poke|p1|Krookodile, L50, F|\n|poke|p1|Chien-Pao, L50|\n|poke|p1|Tsareena, L50, F|\n|poke|p2|Orthworm, L50, M|\n|poke|p2|Gyarados, L50, F|\n|poke|p2|Ting-Lu, L50|\n|poke|p2|Chi-Yu, L50|\n|poke|p2|Dragonite, L50, M|\n|poke|p2|Annihilape, L50, M|\n|teampreview|4\n|inactive|Battle timer is ON: inactive players will automatically lose when time's up. (requested by DjPr1me)\n|inactive|Raidan_3 has 60 seconds left.\nDjPr1me has agreed to open team sheets.\n|\n|t:|1684043117\n|start\n|switch|p1a: Talonflame|Talonflame, L50, F|100\/100\n|switch|p1b: Luxray|Luxray, L50, F|100\/100\n|switch|p2a: Orthworm|Orthworm, L50, M|100\/100\n|switch|p2b: Ting-Lu|Ting-Lu, L50|100\/100\n|-ability|p1b: Luxray|Intimidate|boost\n|-unboost|p2a: Orthworm|atk|1\n|-unboost|p2b: Ting-Lu|atk|1\n|-ability|p2b: Ting-Lu|Vessel of Ruin\n|turn|1\n|\n|t:|1684043142\n|move|p1a: Talonflame|Taunt|p2a: Orthworm\n|-start|p2a: Orthworm|move: Taunt\n|move|p1b: Luxray|Volt Switch|p2a: Orthworm\n|-damage|p2a: Orthworm|81\/100\n|\n|t:|1684043149\n|switch|p1b: Azumarill|Azumarill, L50, F|100\/100|[from] Volt Switch\n|move|p2b: Ting-Lu|Rock Slide|p1b: Azumarill|[spread] p1a,p1b\n|-supereffective|p1a: Talonflame\n|-damage|p1a: Talonflame|19\/100\n|-damage|p1b: Azumarill|88\/100\n|cant|p2a: Orthworm|move: Taunt|Iron Defense\n|\n|upkeep\n|turn|2\n|\n|t:|1684043171\n|switch|p1a: Luxray|Luxray, L50, F|100\/100\n|-ability|p1a: Luxray|Intimidate|boost\n|-unboost|p2a: Orthworm|atk|1\n|-unboost|p2b: Ting-Lu|atk|1\n|-terastallize|p1b: Azumarill|Water\n|move|p2b: Ting-Lu|Rock Slide|p1a: Luxray|[spread] p1a,p1b\n|-damage|p1a: Luxray|90\/100\n|-damage|p1b: Azumarill|79\/100\n|move|p2a: Orthworm|Heavy Slam|p1b: Azumarill\n|-resisted|p1b: Azumarill\n|-damage|p1b: Azumarill|70\/100\n|move|p1b: Azumarill|Liquidation|p2b: Ting-Lu\n|-supereffective|p2b: Ting-Lu\n|-damage|p2b: Ting-Lu|5\/100\n|\n|upkeep\n|turn|3\n|inactive|Raidan_3 has 30 seconds left.\n|inactive|Raidan_3 has 20 seconds left.\n|inactive|Raidan_3 has 15 seconds left.\n|\n|t:|1684043214\n|switch|p2a: Annihilape|Annihilape, L50, M|100\/100\n|move|p1b: Azumarill|Aqua Jet|p2b: Ting-Lu\n|-supereffective|p2b: Ting-Lu\n|-damage|p2b: Ting-Lu|0 fnt\n|faint|p2b: Ting-Lu\n|move|p1a: Luxray|Thunder Wave|p2a: Annihilape\n|-status|p2a: Annihilape|par\n|\n|upkeep\n|\n|t:|1684043230\n|switch|p2b: Orthworm|Orthworm, L50, M|81\/100\n|turn|4\n|\n|t:|1684043252\n|move|p2a: Annihilape|Final Gambit|p1b: Azumarill\n|-damage|p1b: Azumarill|0 fnt\n|faint|p2a: Annihilape\n|faint|p1b: Azumarill\n|move|p1a: Luxray|Thunder Wave|p2b: Orthworm|[miss]\n|-miss|p1a: Luxray|p2b: Orthworm\n|move|p2b: Orthworm|Iron Defense|p2b: Orthworm\n|-boost|p2b: Orthworm|def|2\n|\n|upkeep\n|\n|t:|1684043263\n|switch|p2a: Dragonite|Dragonite, L50, M|100\/100\n|switch|p1b: Chien-Pao|Chien-Pao, L50|100\/100\n|-ability|p1b: Chien-Pao|Sword of Ruin\n|turn|5\n|\n|t:|1684043278\n|move|p1b: Chien-Pao|Sacred Sword|p2b: Orthworm\n|-supereffective|p2b: Orthworm\n|-damage|p2b: Orthworm|28\/100\n|-enditem|p2b: Orthworm|Sitrus Berry|[eat]\n|-heal|p2b: Orthworm|53\/100|[from] item: Sitrus Berry\n|move|p2a: Dragonite|Earthquake|p1a: Luxray|[spread] p1a,p1b\n|-heal|p2b: Orthworm|78\/100|[from] ability: Earth Eater|[of] p2a: Dragonite\n|-supereffective|p1a: Luxray\n|-damage|p1a: Luxray|11\/100\n|-damage|p1b: Chien-Pao|64\/100\n|-enditem|p1a: Luxray|Sitrus Berry|[eat]\n|-heal|p1a: Luxray|35\/100|[from] item: Sitrus Berry\n|move|p1a: Luxray|Thunder Wave|p2a: Dragonite\n|-status|p2a: Dragonite|par\n|-enditem|p2a: Dragonite|Lum Berry|[eat]\n|-curestatus|p2a: Dragonite|par|[msg]\n|move|p2b: Orthworm|Body Press|p1b: Chien-Pao\n|-supereffective|p1b: Chien-Pao\n|-damage|p1b: Chien-Pao|0 fnt\n|faint|p1b: Chien-Pao\n|\n|upkeep\n|inactive|DjPr1me has 30 seconds left.\n|c|\u2606DjPr1me|Mother fucking\n|inactive|DjPr1me has 20 seconds left.\n|c|\u2606DjPr1me|Stupid ass worm\n|c|\u2606DjPr1me|Ugh\n|inactive|DjPr1me has 15 seconds left.\n|inactive|DjPr1me has 10 seconds left.\n|inactive|DjPr1me has 5 seconds left.\n|-message|DjPr1me forfeited.\n|\n|win|Raidan_3\n|raw|DjPr1me's rating: 1411 → 1385<\/strong> (-26 for losing)\n|raw|Raidan_3's rating: 1308 → 1334<\/strong> (+26 for winning)\n|l|\u2606DjPr1me\n","uploadtime":1684043306,"views":13,"p1id":"djpr1me","p2id":"raidan3","formatid":"gen9vgc2023regulationc","rating":1334,"private":0,"password":""}