{"id":"gen9vgc2023regulationc-1853494954","p1":"Ganecoder","p2":"SeydouVGC","format":"[Gen 9] VGC 2023 Regulation C","log":"|j|\u2606Ganecoder\n|j|\u2606SeydouVGC\n|t:|1682690731\n|gametype|doubles\n|player|p1|Ganecoder|colress|1271\n|player|p2|SeydouVGC|flint|1191\n|teamsize|p1|6\n|teamsize|p2|6\n|gen|9\n|tier|[Gen 9] VGC 2023 Regulation C\n|rated|\n|rule|Species Clause: Limit one of each Pok\u00e9mon\n|rule|Item Clause: Limit one of each item\n|clearpoke\n|poke|p1|Glimmora, L50, F|\n|poke|p1|Palafin, L50, M|\n|poke|p1|Talonflame, L50, M|\n|poke|p1|Dragapult, L50, F|\n|poke|p1|Iron Bundle, L50|\n|poke|p1|Wo-Chien, L50|\n|poke|p2|Ting-Lu, L50|\n|poke|p2|Torkoal, L50, F|\n|poke|p2|Flutter Mane, L50|\n|poke|p2|Iron Hands, L50|\n|poke|p2|Bronzong, L50|\n|poke|p2|Iron Bundle, L50|\n|teampreview|4\n|\n|t:|1682690764\n|start\n|switch|p1a: Palafin|Palafin, L50, M|100\/100\n|switch|p1b: Glimmora|Glimmora, L50, F|100\/100\n|switch|p2a: Bronzong|Bronzong, L50|100\/100\n|switch|p2b: Iron Hands|Iron Hands, L50|100\/100\n|turn|1\n|\n|t:|1682690788\n|detailschange|p1a: Palafin|Palafin-Hero, L50, M\n|switch|p1a: Dragapult|Dragapult, L50, F|100\/100\n|move|p2b: Iron Hands|Fake Out|p1b: Glimmora\n|-resisted|p1b: Glimmora\n|-damage|p1b: Glimmora|93\/100\n|-activate|p1b: Glimmora|ability: Toxic Debris\n|-sidestart|p2: SeydouVGC|move: Toxic Spikes\n|cant|p1b: Glimmora|flinch\n|move|p2a: Bronzong|Trick Room|p2a: Bronzong\n|-fieldstart|move: Trick Room|[of] p2a: Bronzong\n|\n|upkeep\n|turn|2\n|\n|t:|1682690817\n|-terastallize|p1b: Glimmora|Grass\n|move|p2a: Bronzong|Safeguard|p2a: Bronzong\n|-sidestart|p2: SeydouVGC|Safeguard\n|move|p2b: Iron Hands|Wild Charge|p1a: Dragapult\n|-resisted|p1a: Dragapult\n|-crit|p1a: Dragapult\n|-damage|p1a: Dragapult|43\/100\n|-damage|p2b: Iron Hands|91\/100|[from] Recoil\n|move|p1b: Glimmora|Mortal Spin|p2a: Bronzong|[spread] p2b\n|-immune|p2a: Bronzong\n|-damage|p2b: Iron Hands|88\/100\n|move|p1a: Dragapult|Phantom Force||[still]\n|-prepare|p1a: Dragapult|Phantom Force\n|\n|upkeep\n|turn|3\n|\n|t:|1682690851\n|switch|p1b: Palafin|Palafin-Hero, L50, M|100\/100\n|-activate|p1b: Palafin|ability: Zero to Hero\n|move|p2a: Bronzong|Gyro Ball|p1a: Dragapult|[miss]\n|-miss|p2a: Bronzong|p1a: Dragapult\n|move|p2b: Iron Hands|Volt Switch|p1b: Palafin\n|-supereffective|p1b: Palafin\n|-damage|p1b: Palafin|70\/100\n|\n|t:|1682690859\n|-end|p2b: Iron Hands|Quark Drive|[silent]\n|switch|p2b: Torkoal|Torkoal, L50, F|100\/100|[from] Volt Switch\n|-weather|SunnyDay|[from] ability: Drought|[of] p2b: Torkoal\n|move|p1a: Dragapult|Phantom Force|p2a: Bronzong|[from]lockedmove\n|-supereffective|p2a: Bronzong\n|-damage|p2a: Bronzong|32\/100\n|\n|-weather|SunnyDay|[upkeep]\n|upkeep\n|turn|4\n|\n|t:|1682690881\n|-terastallize|p2b: Torkoal|Fire\n|move|p2a: Bronzong|Protect|p2a: Bronzong\n|-singleturn|p2a: Bronzong|Protect\n|move|p2b: Torkoal|Heat Wave|p1a: Dragapult|[spread] p1a,p1b\n|-resisted|p1a: Dragapult\n|-resisted|p1b: Palafin\n|-damage|p1a: Dragapult|0 fnt\n|-damage|p1b: Palafin|28\/100\n|faint|p1a: Dragapult\n|move|p1b: Palafin|Wave Crash|p2b: Torkoal\n|-supereffective|p2b: Torkoal\n|-damage|p2b: Torkoal|35\/100\n|-damage|p1b: Palafin|6\/100|[from] Recoil\n|\n|-weather|SunnyDay|[upkeep]\n|upkeep\n|\n|t:|1682690898\n|switch|p1a: Wo-Chien|Wo-Chien, L50|100\/100\n|-ability|p1a: Wo-Chien|Tablets of Ruin\n|turn|5\n|\n|t:|1682690911\n|switch|p2b: Iron Hands|Iron Hands, L50|88\/100\n|move|p1a: Wo-Chien|Protect|p1a: Wo-Chien\n|-singleturn|p1a: Wo-Chien|Protect\n|move|p1b: Palafin|Jet Punch|p2b: Iron Hands\n|-damage|p2b: Iron Hands|77\/100\n|move|p2a: Bronzong|Gyro Ball|p1b: Palafin\n|-resisted|p1b: Palafin\n|-damage|p1b: Palafin|0 fnt\n|faint|p1b: Palafin\n|\n|-weather|SunnyDay|[upkeep]\n|-fieldend|move: Trick Room\n|upkeep\n|\n|t:|1682690924\n|switch|p1b: Glimmora|Glimmora, L50, F, tera:Grass|93\/100\n|turn|6\n|\n|t:|1682690946\n|move|p2b: Iron Hands|Fake Out|p1b: Glimmora\n|-damage|p1b: Glimmora|80\/100\n|-activate|p1b: Glimmora|ability: Toxic Debris\n|-sidestart|p2: SeydouVGC|move: Toxic Spikes\n|cant|p1b: Glimmora|flinch\n|move|p1a: Wo-Chien|Leech Seed|p2b: Iron Hands\n|-start|p2b: Iron Hands|move: Leech Seed\n|move|p2a: Bronzong|Trick Room|p2a: Bronzong\n|-fieldstart|move: Trick Room|[of] p2a: Bronzong\n|\n|-weather|SunnyDay|[upkeep]\n|-damage|p2b: Iron Hands|65\/100|[from] Leech Seed|[of] p1a: Wo-Chien\n|-sideend|p2: SeydouVGC|Safeguard\n|upkeep\n|turn|7\n|\n|t:|1682690971\n|move|p1a: Wo-Chien|Protect|p1a: Wo-Chien\n|-singleturn|p1a: Wo-Chien|Protect\n|move|p2a: Bronzong|Safeguard|p2a: Bronzong\n|-sidestart|p2: SeydouVGC|Safeguard\n|move|p2b: Iron Hands|Close Combat|p1a: Wo-Chien\n|-activate|p1a: Wo-Chien|move: Protect\n|move|p1b: Glimmora|Tera Blast|p2a: Bronzong\n|-resisted|p2a: Bronzong\n|-damage|p2a: Bronzong|14\/100\n|\n|-weather|none\n|-damage|p2b: Iron Hands|52\/100|[from] Leech Seed|[of] p1a: Wo-Chien\n|upkeep\n|turn|8\n|\n|t:|1682691001\n|move|p2a: Bronzong|Protect|p2a: Bronzong\n|-singleturn|p2a: Bronzong|Protect\n|move|p2b: Iron Hands|Close Combat|p1a: Wo-Chien\n|-supereffective|p1a: Wo-Chien\n|-damage|p1a: Wo-Chien|0 fnt\n|-unboost|p2b: Iron Hands|def|1\n|-unboost|p2b: Iron Hands|spd|1\n|faint|p1a: Wo-Chien\n|move|p1b: Glimmora|Tera Blast|p2a: Bronzong\n|-activate|p2a: Bronzong|move: Protect\n|\n|upkeep\n|turn|9\n|\n|t:|1682691019\n|switch|p2a: Torkoal|Torkoal, L50, F, tera:Fire|35\/100\n|-weather|SunnyDay|[from] ability: Drought|[of] p2a: Torkoal\n|move|p2b: Iron Hands|Close Combat|p1b: Glimmora\n|-damage|p1b: Glimmora|7\/100\n|-unboost|p2b: Iron Hands|def|1\n|-unboost|p2b: Iron Hands|spd|1\n|move|p1b: Glimmora|Tera Blast|p2b: Iron Hands\n|-damage|p2b: Iron Hands|8\/100\n|\n|-weather|SunnyDay|[upkeep]\n|upkeep\n|turn|10\n|\n|t:|1682691040\n|move|p2a: Torkoal|Heat Wave|p1b: Glimmora\n|-supereffective|p1b: Glimmora\n|-damage|p1b: Glimmora|0 fnt\n|faint|p1b: Glimmora\n|\n|win|SeydouVGC\n|raw|Ganecoder's rating: 1271 → 1240<\/strong> (-31 for losing)\n|raw|SeydouVGC's rating: 1191 → 1222<\/strong> (+31 for winning)\n|l|\u2606Ganecoder\n|c|\u2606SeydouVGC|gg\n","uploadtime":1682691049,"views":8,"p1id":"ganecoder","p2id":"seydouvgc","formatid":"gen9vgc2023regulationc","rating":1222,"private":0,"password":""}