{"id":"gen9vgc2023regulationc-1863724622","p1":"Arcacagne","p2":"libica","format":"[Gen 9] VGC 2023 Regulation C","log":"|j|\u2606Arcacagne\n|j|\u2606libica\n|t:|1684067624\n|gametype|doubles\n|player|p1|Arcacagne|265|1319\n|player|p2|libica|101|1233\n|teamsize|p1|6\n|teamsize|p2|6\n|gen|9\n|tier|[Gen 9] VGC 2023 Regulation C\n|rated|\n|rule|Species Clause: Limit one of each Pok\u00e9mon\n|rule|Item Clause: Limit one of each item\n|clearpoke\n|poke|p1|Chi-Yu, L50|\n|poke|p1|Flutter Mane, L50|\n|poke|p1|Amoonguss, L50, F|\n|poke|p1|Ting-Lu, L50|\n|poke|p1|Iron Hands, L50|\n|poke|p1|Gyarados, L50, F|\n|poke|p2|Lycanroc, L50, F|\n|poke|p2|Tyranitar, L50, F|\n|poke|p2|Arcanine, L50, F|\n|poke|p2|Flutter Mane, L50|\n|poke|p2|Gyarados, L50, M|\n|poke|p2|Amoonguss, L50, M|\n|teampreview|4\n|inactive|Battle timer is ON: inactive players will automatically lose when time's up. (requested by Arcacagne)\n|\n|t:|1684067660\n|start\n|switch|p1a: Amoonguss|Amoonguss, L50, F|100\/100\n|switch|p1b: Iron Hands|Iron Hands, L50|100\/100\n|switch|p2a: Lycanroc|Lycanroc, L50, F|100\/100\n|switch|p2b: Tyranitar|Tyranitar, L50, F|100\/100\n|-weather|Sandstorm|[from] ability: Sand Stream|[of] p2b: Tyranitar\n|turn|1\n|inactive|Arcacagne has 30 seconds left.\n|inactive|libica has 30 seconds left.\n|inactive|Arcacagne has 20 seconds left.\n|inactive|libica has 20 seconds left.\n|inactive|Arcacagne has 15 seconds left.\n|inactive|libica has 15 seconds left.\n|\n|t:|1684067703\n|-terastallize|p2b: Tyranitar|Flying\n|-terastallize|p1b: Iron Hands|Grass\n|move|p1b: Iron Hands|Fake Out|p2a: Lycanroc\n|-resisted|p2a: Lycanroc\n|-damage|p2a: Lycanroc|89\/100\n|cant|p2a: Lycanroc|flinch\n|move|p2b: Tyranitar|Tera Blast|p1a: Amoonguss\n|-supereffective|p1a: Amoonguss\n|-damage|p1a: Amoonguss|34\/100\n|move|p1a: Amoonguss|Spore|p2b: Tyranitar\n|-status|p2b: Tyranitar|slp|[from] move: Spore\n|\n|-weather|Sandstorm|[upkeep]\n|-damage|p2b: Tyranitar|94\/100 slp|[from] Sandstorm\n|-damage|p1b: Iron Hands|95\/100|[from] Sandstorm\n|-damage|p1a: Amoonguss|29\/100|[from] Sandstorm\n|upkeep\n|turn|2\n|\n|t:|1684067731\n|switch|p1a: Gyarados|Gyarados, L50, F|100\/100\n|-ability|p1a: Gyarados|Intimidate|boost\n|-unboost|p2a: Lycanroc|atk|1\n|-unboost|p2b: Tyranitar|atk|1\n|move|p2a: Lycanroc|Endure|p2a: Lycanroc\n|-singleturn|p2a: Lycanroc|move: Endure\n|cant|p2b: Tyranitar|slp\n|move|p1b: Iron Hands|Swords Dance|p1b: Iron Hands\n|-boost|p1b: Iron Hands|atk|2\n|\n|-weather|Sandstorm|[upkeep]\n|-damage|p1a: Gyarados|94\/100|[from] Sandstorm\n|-damage|p2b: Tyranitar|88\/100 slp|[from] Sandstorm\n|-damage|p1b: Iron Hands|89\/100|[from] Sandstorm\n|upkeep\n|turn|3\n|inactive|libica has 30 seconds left.\n|inactive|libica has 20 seconds left.\n|inactive|libica has 15 seconds left.\n|inactive|libica has 10 seconds left.\n|\n|t:|1684067778\n|switch|p2a: Gyarados|Gyarados, L50, M|100\/100\n|move|p1a: Gyarados|Thunder Wave|p2a: Gyarados|[miss]\n|-miss|p1a: Gyarados|p2a: Gyarados\n|-curestatus|p2b: Tyranitar|slp|[msg]\n|move|p2b: Tyranitar|Tera Blast|p1b: Iron Hands\n|-supereffective|p1b: Iron Hands\n|-damage|p1b: Iron Hands|53\/100\n|move|p1b: Iron Hands|Thunder Punch|p2b: Tyranitar\n|-supereffective|p2b: Tyranitar\n|-damage|p2b: Tyranitar|0 fnt\n|faint|p2b: Tyranitar\n|\n|-weather|Sandstorm|[upkeep]\n|-damage|p2a: Gyarados|95\/100|[from] Sandstorm\n|-damage|p1a: Gyarados|88\/100|[from] Sandstorm\n|-damage|p1b: Iron Hands|47\/100|[from] Sandstorm\n|upkeep\n|\n|t:|1684067796\n|switch|p2b: Flutter Mane|Flutter Mane, L50|100\/100\n|-enditem|p2b: Flutter Mane|Booster Energy\n|-activate|p2b: Flutter Mane|ability: Protosynthesis|[fromitem]\n|-start|p2b: Flutter Mane|protosynthesisspe\n|turn|4\n|\n|t:|1684067811\n|-end|p1b: Iron Hands|Quark Drive|[silent]\n|switch|p1b: Ting-Lu|Ting-Lu, L50|100\/100\n|-ability|p1b: Ting-Lu|Vessel of Ruin\n|move|p2b: Flutter Mane|Dazzling Gleam|p1a: Gyarados|[spread] p1a,p1b\n|-supereffective|p1b: Ting-Lu\n|-damage|p1a: Gyarados|69\/100\n|-damage|p1b: Ting-Lu|62\/100\n|move|p2a: Gyarados|Waterfall|p1a: Gyarados\n|-resisted|p1a: Gyarados\n|-damage|p1a: Gyarados|50\/100\n|-enditem|p1a: Gyarados|Sitrus Berry|[eat]\n|-heal|p1a: Gyarados|75\/100|[from] item: Sitrus Berry\n|move|p1a: Gyarados|Thunder Wave|p2b: Flutter Mane\n|-status|p2b: Flutter Mane|par\n|\n|-weather|Sandstorm|[upkeep]\n|-damage|p2a: Gyarados|89\/100|[from] Sandstorm\n|-damage|p2b: Flutter Mane|94\/100 par|[from] Sandstorm\n|-damage|p1a: Gyarados|69\/100|[from] Sandstorm\n|upkeep\n|turn|5\n|inactive|Arcacagne has 30 seconds left.\n|\n|t:|1684067843\n|move|p2b: Flutter Mane|Protect|p2b: Flutter Mane\n|-singleturn|p2b: Flutter Mane|Protect\n|move|p2a: Gyarados|Waterfall|p1b: Ting-Lu\n|-supereffective|p1b: Ting-Lu\n|-damage|p1b: Ting-Lu|12\/100\n|move|p1a: Gyarados|Thunder Wave|p2a: Gyarados\n|-status|p2a: Gyarados|par\n|move|p1b: Ting-Lu|Heavy Slam|p2b: Flutter Mane\n|-activate|p2b: Flutter Mane|move: Protect\n|\n|-weather|none\n|upkeep\n|turn|6\n|\n|t:|1684067860\n|switch|p1b: Amoonguss|Amoonguss, L50, F|62\/100\n|cant|p2b: Flutter Mane|par\n|move|p1a: Gyarados|Waterfall|p2b: Flutter Mane\n|-damage|p2b: Flutter Mane|18\/100 par\n|move|p2a: Gyarados|Waterfall|p1a: Gyarados\n|-resisted|p1a: Gyarados\n|-damage|p1a: Gyarados|49\/100\n|\n|upkeep\n|turn|7\n|\n|t:|1684067877\n|move|p2b: Flutter Mane|Moonblast|p1a: Gyarados\n|-damage|p1a: Gyarados|5\/100\n|move|p1a: Gyarados|Waterfall|p2b: Flutter Mane\n|-damage|p2b: Flutter Mane|0 fnt\n|faint|p2b: Flutter Mane\n|-end|p2b: Flutter Mane|Protosynthesis|[silent]\n|cant|p2a: Gyarados|par\n|move|p1b: Amoonguss|Pollen Puff|p1a: Gyarados\n|-heal|p1a: Gyarados|55\/100\n|\n|upkeep\n|\n|t:|1684067889\n|switch|p2b: Lycanroc|Lycanroc, L50, F|89\/100\n|turn|8\n|\n|t:|1684067904\n|move|p2b: Lycanroc|Endure|p2b: Lycanroc\n|-singleturn|p2b: Lycanroc|move: Endure\n|move|p1a: Gyarados|Protect|p1a: Gyarados\n|-singleturn|p1a: Gyarados|Protect\n|cant|p2a: Gyarados|par\n|move|p1b: Amoonguss|Spore|p2b: Lycanroc\n|-status|p2b: Lycanroc|slp|[from] move: Spore\n|\n|upkeep\n|turn|9\n|-message|libica forfeited.\n|\n|win|Arcacagne\n|raw|Arcacagne's rating: 1319 → 1334<\/strong> (+15 for winning)\n|raw|libica's rating: 1233 → 1214<\/strong> (-19 for losing)\n|l|\u2606libica\n","uploadtime":1684067920,"views":14,"p1id":"arcacagne","p2id":"libica","formatid":"gen9vgc2023regulationc","rating":1214,"private":0,"password":""}