{"id":"gen9vgc2023regulationc-1847030625","p1":"000EXIA000","p2":"Marsh123","format":"[Gen 9] VGC 2023 Regulation C","log":"|j|\u2606000EXIA000\n|j|\u2606Marsh123\n|t:|1681913231\n|gametype|doubles\n|player|p1|000EXIA000|102|1179\n|player|p2|Marsh123|266|1149\n|teamsize|p1|6\n|teamsize|p2|6\n|gen|9\n|tier|[Gen 9] VGC 2023 Regulation C\n|rated|\n|rule|Species Clause: Limit one of each Pok\u00e9mon\n|rule|Item Clause: Limit one of each item\n|clearpoke\n|poke|p1|Veluza, L50, F|\n|poke|p1|Indeedee-F, L50, F|\n|poke|p1|Pelipper, L50, M|\n|poke|p1|Ting-Lu, L50|\n|poke|p1|Gyarados, L50, M|\n|poke|p1|Gholdengo, L50|\n|poke|p2|Tsareena, L50, F|\n|poke|p2|Amoonguss, L50, F|\n|poke|p2|Iron Moth, L50|\n|poke|p2|Annihilape, L50, M|\n|poke|p2|Palafin, L50, M|\n|poke|p2|Great Tusk, L50|\n|teampreview|4\n|inactive|Battle timer is ON: inactive players will automatically lose when time's up. (requested by 000EXIA000)\n000EXIA000 rejected open team sheets.\n|\n|t:|1681913258\n|start\n|switch|p1a: Veluza|Veluza, L50, F|100\/100\n|switch|p1b: Indeedee|Indeedee-F, L50, F|100\/100\n|switch|p2a: Amoonguss|Amoonguss, L50, F|100\/100\n|switch|p2b: Annihilape|Annihilape, L50, M|100\/100\n|-fieldstart|move: Psychic Terrain|[from] ability: Psychic Surge|[of] p1b: Indeedee\n|turn|1\n|\n|t:|1681913276\n|move|p2b: Annihilape|Protect|p2b: Annihilape\n|-singleturn|p2b: Annihilape|Protect\n|move|p1b: Indeedee|Follow Me|p1b: Indeedee\n|-singleturn|p1b: Indeedee|move: Follow Me\n|move|p1a: Veluza|Fillet Away|p1a: Veluza\n|-boost|p1a: Veluza|atk|2\n|-boost|p1a: Veluza|spa|2\n|-boost|p1a: Veluza|spe|2\n|-damage|p1a: Veluza|50\/100\n|-enditem|p1a: Veluza|Sitrus Berry|[eat]\n|-heal|p1a: Veluza|75\/100|[from] item: Sitrus Berry\n|move|p2a: Amoonguss|Spore|p1b: Indeedee\n|-activate|p1b: Indeedee|item: Safety Goggles|Spore\n|\n|upkeep\n|turn|2\n|inactive|Marsh123 has 30 seconds left.\n|\n|t:|1681913301\n|move|p2a: Amoonguss|Protect|p2a: Amoonguss\n|-singleturn|p2a: Amoonguss|Protect\n|move|p1b: Indeedee|Follow Me|p1b: Indeedee\n|-singleturn|p1b: Indeedee|move: Follow Me\n|move|p1a: Veluza|Stored Power|p2b: Annihilape\n|-supereffective|p2b: Annihilape\n|-damage|p2b: Annihilape|0 fnt\n|faint|p2b: Annihilape\n|\n|upkeep\n|\n|t:|1681913313\n|switch|p2b: Iron Moth|Iron Moth, L50|100\/100\n|-enditem|p2b: Iron Moth|Booster Energy\n|-activate|p2b: Iron Moth|ability: Quark Drive|[fromitem]\n|-start|p2b: Iron Moth|quarkdrivespe\n|turn|3\n|\n|t:|1681913332\n|-terastallize|p2b: Iron Moth|Grass\n|-terastallize|p1a: Veluza|Steel\n|move|p1b: Indeedee|Follow Me|p1b: Indeedee\n|-singleturn|p1b: Indeedee|move: Follow Me\n|move|p2a: Amoonguss|Rage Powder|p2a: Amoonguss\n|-singleturn|p2a: Amoonguss|move: Rage Powder\n|move|p2b: Iron Moth|Fiery Dance|p1b: Indeedee\n|-damage|p1b: Indeedee|66\/100\n|-boost|p2b: Iron Moth|spa|1\n|move|p1a: Veluza|Stored Power|p2a: Amoonguss\n|-supereffective|p2a: Amoonguss\n|-damage|p2a: Amoonguss|0 fnt\n|faint|p2a: Amoonguss\n|\n|upkeep\n|\n|t:|1681913345\n|switch|p2a: Great Tusk|Great Tusk, L50|100\/100\n|turn|4\n|\n|t:|1681913362\n|move|p1b: Indeedee|Follow Me|p1b: Indeedee\n|-singleturn|p1b: Indeedee|move: Follow Me\n|move|p2b: Iron Moth|Fiery Dance|p1b: Indeedee\n|-damage|p1b: Indeedee|10\/100\n|-boost|p2b: Iron Moth|spa|1\n|move|p1a: Veluza|Stored Power|p2a: Great Tusk\n|-supereffective|p2a: Great Tusk\n|-damage|p2a: Great Tusk|0 fnt\n|faint|p2a: Great Tusk\n|-end|p2a: Great Tusk|Protosynthesis|[silent]\n|\n|upkeep\n|turn|5\n|inactive|Marsh123 has 30 seconds left.\n|\n|t:|1681913396\n|move|p1b: Indeedee|Follow Me|p1b: Indeedee\n|-singleturn|p1b: Indeedee|move: Follow Me\n|move|p2b: Iron Moth|Fiery Dance|p1b: Indeedee\n|-damage|p1b: Indeedee|0 fnt\n|-boost|p2b: Iron Moth|spa|1\n|faint|p1b: Indeedee\n|move|p1a: Veluza|Stored Power|p2b: Iron Moth\n|-damage|p2b: Iron Moth|0 fnt\n|faint|p2b: Iron Moth\n|-end|p2b: Iron Moth|Quark Drive|[silent]\n|\n|win|000EXIA000\n|raw|000EXIA000's rating: 1179 → 1202<\/strong> (+23 for winning)\n|raw|Marsh123's rating: 1149 → 1126<\/strong> (-23 for losing)\n|l|\u2606Marsh123\n","uploadtime":1681913474,"views":8,"p1id":"000exia000","p2id":"marsh123","formatid":"gen9vgc2023regulationc","rating":1126,"private":0,"password":""}