{"id":"gen9vgc2023regulationc-1861749459","p1":"Jscoot12","p2":"pokemetti1","format":"[Gen 9] VGC 2023 Regulation C","log":"|j|\u2606Jscoot12\n|j|\u2606pokemetti1\n|t:|1683804084\n|gametype|doubles\n|player|p1|Jscoot12|2|1330\n|player|p2|pokemetti1|2|1388\n|teamsize|p1|6\n|teamsize|p2|6\n|gen|9\n|tier|[Gen 9] VGC 2023 Regulation C\n|rated|\n|rule|Species Clause: Limit one of each Pok\u00e9mon\n|rule|Item Clause: Limit one of each item\n|clearpoke\n|poke|p1|Orthworm, L50, F|\n|poke|p1|Gyarados, L50, M|\n|poke|p1|Dragonite, L50, F|\n|poke|p1|Flutter Mane, L50|\n|poke|p1|Ting-Lu, L50|\n|poke|p1|Ceruledge, L50, M|\n|poke|p2|Abomasnow, L50, M|\n|poke|p2|Iron Bundle, L50|\n|poke|p2|Volcarona, L50, F|\n|poke|p2|Kingambit, L50, F|\n|poke|p2|Iron Hands, L50|\n|poke|p2|Gyarados, L50, F|\n|teampreview|4\n|inactive|Battle timer is ON: inactive players will automatically lose when time's up. (requested by pokemetti1)\n|\n|t:|1683804114\n|start\n|switch|p1a: Ceruledge|Ceruledge, L50, M|100\/100\n|switch|p1b: Flutter Mane|Flutter Mane, L50|100\/100\n|switch|p2a: Abomasnow|Abomasnow, L50, M|100\/100\n|switch|p2b: Volcarona|Volcarona, L50, F|100\/100\n|-weather|Snow|[from] ability: Snow Warning|[of] p2a: Abomasnow\n|-enditem|p1b: Flutter Mane|Booster Energy\n|-activate|p1b: Flutter Mane|ability: Protosynthesis|[fromitem]\n|-start|p1b: Flutter Mane|protosynthesisspe\n|turn|1\n|l|\u2606pokemetti1\n|inactive|pokemetti1 disconnected and has a minute to reconnect!\n|player|p2|\n|inactive|Jscoot12 has 30 seconds left.\n|inactive|pokemetti1 has 30 seconds left.\n|j|\u2606pokemetti1\n|inactive|pokemetti1 reconnected and has 25 seconds left.\n|player|p2|pokemetti1|2\n|inactive|pokemetti1 has 20 seconds left.\n|inactive|pokemetti1 has 15 seconds left.\n|inactive|pokemetti1 has 10 seconds left.\n|\n|t:|1683804160\n|move|p2b: Volcarona|Protect|p2b: Volcarona\n|-singleturn|p2b: Volcarona|Protect\n|move|p1b: Flutter Mane|Thunderbolt|p2b: Volcarona\n|-activate|p2b: Volcarona|move: Protect\n|move|p1a: Ceruledge|Bitter Blade|p2a: Abomasnow\n|-supereffective|p2a: Abomasnow\n|-damage|p2a: Abomasnow|0 fnt\n|faint|p2a: Abomasnow\n|\n|-weather|Snow|[upkeep]\n|upkeep\n|\n|t:|1683804171\n|switch|p2a: Gyarados|Gyarados, L50, F|100\/100\n|-ability|p2a: Gyarados|Intimidate|boost\n|-unboost|p1a: Ceruledge|atk|1\n|-unboost|p1b: Flutter Mane|atk|1\n|turn|2\n|\n|t:|1683804181\n|move|p1a: Ceruledge|Protect|p1a: Ceruledge\n|-singleturn|p1a: Ceruledge|Protect\n|move|p1b: Flutter Mane|Thunderbolt|p2a: Gyarados\n|-supereffective|p2a: Gyarados\n|-damage|p2a: Gyarados|17\/100\n|-enditem|p2a: Gyarados|Sitrus Berry|[eat]\n|-heal|p2a: Gyarados|42\/100|[from] item: Sitrus Berry\n|move|p2b: Volcarona|Quiver Dance|p2b: Volcarona\n|-boost|p2b: Volcarona|spa|1\n|-boost|p2b: Volcarona|spd|1\n|-boost|p2b: Volcarona|spe|1\n|move|p2a: Gyarados|Thunder Wave|p1b: Flutter Mane\n|-status|p1b: Flutter Mane|par\n|\n|-weather|Snow|[upkeep]\n|upkeep\n|turn|3\n|inactive|Jscoot12 has 30 seconds left.\n|\n|t:|1683804211\n|move|p1a: Ceruledge|Shadow Sneak|p2b: Volcarona\n|-damage|p2b: Volcarona|84\/100\n|move|p2b: Volcarona|Flamethrower|p1b: Flutter Mane\n|-damage|p1b: Flutter Mane|38\/100 par\n|move|p1b: Flutter Mane|Thunderbolt|p2a: Gyarados\n|-supereffective|p2a: Gyarados\n|-damage|p2a: Gyarados|0 fnt\n|faint|p2a: Gyarados\n|\n|-weather|Snow|[upkeep]\n|-heal|p2b: Volcarona|91\/100|[from] item: Leftovers\n|upkeep\n|\n|t:|1683804224\n|switch|p2a: Iron Hands|Iron Hands, L50|100\/100\n|turn|4\n|\n|t:|1683804243\n|-terastallize|p2a: Iron Hands|Fire\n|move|p1b: Flutter Mane|Protect|p1b: Flutter Mane\n|-singleturn|p1b: Flutter Mane|Protect\n|move|p2b: Volcarona|Flamethrower|p1b: Flutter Mane\n|-activate|p1b: Flutter Mane|move: Protect\n|move|p1a: Ceruledge|Bitter Blade|p2a: Iron Hands\n|-resisted|p2a: Iron Hands\n|-damage|p2a: Iron Hands|89\/100\n|move|p2a: Iron Hands|Thunder Punch|p1a: Ceruledge\n|-damage|p1a: Ceruledge|51\/100\n|-status|p1a: Ceruledge|par\n|\n|-weather|Snow|[upkeep]\n|-heal|p2b: Volcarona|97\/100|[from] item: Leftovers\n|upkeep\n|turn|5\n|inactive|Jscoot12 has 30 seconds left.\n|\n|t:|1683804270\n|move|p2b: Volcarona|Flamethrower|p1b: Flutter Mane\n|-crit|p1b: Flutter Mane\n|-damage|p1b: Flutter Mane|0 fnt\n|faint|p1b: Flutter Mane\n|-end|p1b: Flutter Mane|Protosynthesis|[silent]\n|move|p2a: Iron Hands|Thunder Punch|p1a: Ceruledge\n|-damage|p1a: Ceruledge|0 fnt\n|faint|p1a: Ceruledge\n|\n|-weather|none\n|-heal|p2b: Volcarona|100\/100|[from] item: Leftovers\n|upkeep\n|\n|t:|1683804283\n|switch|p1b: Orthworm|Orthworm, L50, F|100\/100\n|switch|p1a: Ting-Lu|Ting-Lu, L50|100\/100\n|-ability|p1a: Ting-Lu|Vessel of Ruin\n|turn|6\n|\n|t:|1683804300\n|move|p2b: Volcarona|Flamethrower|p1b: Orthworm\n|-supereffective|p1b: Orthworm\n|-damage|p1b: Orthworm|0 fnt\n|faint|p1b: Orthworm\n|move|p2a: Iron Hands|Drain Punch|p1a: Ting-Lu\n|-supereffective|p1a: Ting-Lu\n|-crit|p1a: Ting-Lu\n|-damage|p1a: Ting-Lu|22\/100\n|-heal|p2a: Iron Hands|100\/100|[from] drain|[of] p1a: Ting-Lu\n|move|p1a: Ting-Lu|Earthquake|p2b: Volcarona|[spread] p2a,p2b\n|-supereffective|p2a: Iron Hands\n|-damage|p2a: Iron Hands|52\/100\n|-damage|p2b: Volcarona|58\/100\n|\n|-heal|p2b: Volcarona|65\/100|[from] item: Leftovers\n|upkeep\n|turn|7\n|\n|t:|1683804317\n|-terastallize|p1a: Ting-Lu|Water\n|move|p2b: Volcarona|Giga Drain|p1a: Ting-Lu\n|-supereffective|p1a: Ting-Lu\n|-damage|p1a: Ting-Lu|0 fnt\n|-heal|p2b: Volcarona|78\/100|[from] drain|[of] p1a: Ting-Lu\n|faint|p1a: Ting-Lu\n|\n|win|pokemetti1\n|raw|Jscoot12's rating: 1330 → 1313<\/strong> (-17 for losing)\n|raw|pokemetti1's rating: 1388 → 1405<\/strong> (+17 for winning)\n|l|\u2606pokemetti1\n","uploadtime":1683804335,"views":16,"p1id":"jscoot12","p2id":"pokemetti1","formatid":"gen9vgc2023regulationc","rating":1313,"private":0,"password":""}