{"id":"gen9vgc2023regulationc-1853277160","p1":"Superbian","p2":"haburasigosi","format":"[Gen 9] VGC 2023 Regulation C","log":"|j|\u2606Superbian\n|j|\u2606haburasigosi\n|t:|1682659502\n|gametype|doubles\n|player|p1|Superbian|veteran|1507\n|player|p2|haburasigosi|169|1512\n|teamsize|p1|6\n|teamsize|p2|6\n|gen|9\n|tier|[Gen 9] VGC 2023 Regulation C\n|rated|\n|rule|Species Clause: Limit one of each Pok\u00e9mon\n|rule|Item Clause: Limit one of each item\n|clearpoke\n|poke|p1|Annihilape, L50, F|\n|poke|p1|Maushold-Four, L50|\n|poke|p1|Arcanine, L50, F|\n|poke|p1|Iron Bundle, L50|\n|poke|p1|Gholdengo, L50|\n|poke|p1|Roaring Moon, L50|\n|poke|p2|Amoonguss, L50, M|\n|poke|p2|Gholdengo, L50|\n|poke|p2|Baxcalibur, L50, M|\n|poke|p2|Flutter Mane, L50|\n|poke|p2|Grimmsnarl, L50, M|\n|poke|p2|Roaring Moon, L50|\n|teampreview|4\n|inactive|Battle timer is ON: inactive players will automatically lose when time's up. (requested by Superbian)\n|\n|t:|1682659527\n|start\n|switch|p1a: Annihilape|Annihilape, L50, F|100\/100\n|switch|p1b: Maushold|Maushold-Four, L50|100\/100\n|switch|p2a: Gholdengo|Gholdengo, L50|100\/100\n|switch|p2b: Grimmsnarl|Grimmsnarl, L50, M|100\/100\n|turn|1\n|\n|t:|1682659546\n|-terastallize|p2a: Gholdengo|Water\n|-terastallize|p1a: Annihilape|Water\n|move|p2b: Grimmsnarl|Reflect|p2b: Grimmsnarl\n|-sidestart|p2: haburasigosi|Reflect\n|move|p1b: Maushold|Taunt|p2b: Grimmsnarl\n|-start|p2b: Grimmsnarl|move: Taunt\n|move|p2a: Gholdengo|Nasty Plot|p2a: Gholdengo\n|-boost|p2a: Gholdengo|spa|2\n|move|p1a: Annihilape|Bulk Up|p1a: Annihilape\n|-boost|p1a: Annihilape|atk|1\n|-boost|p1a: Annihilape|def|1\n|\n|upkeep\n|turn|2\n|inactive|haburasigosi has 30 seconds left.\n|inactive|haburasigosi has 20 seconds left.\n|\n|t:|1682659582\n|switch|p2b: Flutter Mane|Flutter Mane, L50|100\/100\n|move|p2a: Gholdengo|Protect|p2a: Gholdengo\n|-singleturn|p2a: Gholdengo|Protect\n|move|p1b: Maushold|Beat Up|p1a: Annihilape\n|-damage|p1a: Annihilape|99\/100\n|-damage|p1a: Annihilape|97\/100\n|-damage|p1a: Annihilape|95\/100\n|-damage|p1a: Annihilape|94\/100\n|-hitcount|p1a: Annihilape|4\n|move|p1a: Annihilape|Rage Fist|p2a: Gholdengo\n|-activate|p2a: Gholdengo|move: Protect\n|\n|-heal|p1a: Annihilape|99\/100|[from] item: Leftovers\n|upkeep\n|turn|3\n|inactive|haburasigosi has 30 seconds left.\n|\n|t:|1682659608\n|move|p1b: Maushold|Follow Me|p1b: Maushold\n|-singleturn|p1b: Maushold|move: Follow Me\n|move|p2b: Flutter Mane|Dazzling Gleam|p1b: Maushold|[spread] p1a,p1b\n|-damage|p1a: Annihilape|74\/100\n|-damage|p1b: Maushold|62\/100\n|move|p2a: Gholdengo|Make It Rain|p1b: Maushold|[spread] p1a,p1b\n|-resisted|p1a: Annihilape\n|-damage|p1a: Annihilape|49\/100\n|-damage|p1b: Maushold|0 fnt\n|-unboost|p2a: Gholdengo|spa|1\n|faint|p1b: Maushold\n|move|p1a: Annihilape|Rage Fist|p2b: Flutter Mane\n|-supereffective|p2b: Flutter Mane\n|-damage|p2b: Flutter Mane|0 fnt\n|faint|p2b: Flutter Mane\n|-end|p2b: Flutter Mane|Protosynthesis|[silent]\n|\n|-heal|p1a: Annihilape|55\/100|[from] item: Leftovers\n|upkeep\n|\n|t:|1682659628\n|switch|p2b: Baxcalibur|Baxcalibur, L50, M|100\/100\n|switch|p1b: Roaring Moon|Roaring Moon, L50|100\/100\n|-enditem|p1b: Roaring Moon|Booster Energy\n|-activate|p1b: Roaring Moon|ability: Protosynthesis|[fromitem]\n|-start|p1b: Roaring Moon|protosynthesisspe\n|turn|4\n|\n|t:|1682659644\n|move|p2b: Baxcalibur|Protect|p2b: Baxcalibur\n|-singleturn|p2b: Baxcalibur|Protect\n|move|p1b: Roaring Moon|Tailwind|p1b: Roaring Moon\n|-sidestart|p1: Superbian|move: Tailwind\n|move|p1a: Annihilape|Rage Fist|p2a: Gholdengo\n|-damage|p2a: Gholdengo|0 fnt\n|faint|p2a: Gholdengo\n|\n|-heal|p1a: Annihilape|61\/100|[from] item: Leftovers\n|upkeep\n|\n|t:|1682659656\n|switch|p2a: Grimmsnarl|Grimmsnarl, L50, M|100\/100\n|turn|5\n|inactive|haburasigosi has 30 seconds left.\n|inactive|haburasigosi has 20 seconds left.\n|inactive|haburasigosi has 15 seconds left.\n|inactive|haburasigosi has 10 seconds left.\n|inactive|haburasigosi has 5 seconds left.\n|\n|t:|1682659711\n|move|p1b: Roaring Moon|Protect|p1b: Roaring Moon\n|-singleturn|p1b: Roaring Moon|Protect\n|move|p1a: Annihilape|Protect|p1a: Annihilape\n|-singleturn|p1a: Annihilape|Protect\n|move|p2b: Baxcalibur|Icicle Crash|p1a: Annihilape\n|-activate|p1a: Annihilape|move: Protect\n|move|p2a: Grimmsnarl|Spirit Break|p1b: Roaring Moon\n|-activate|p1b: Roaring Moon|move: Protect\n|\n|-heal|p1a: Annihilape|67\/100|[from] item: Leftovers\n|upkeep\n|turn|6\n|inactive|haburasigosi has 30 seconds left.\n|inactive|haburasigosi has 20 seconds left.\n|inactive|haburasigosi has 15 seconds left.\n|inactive|haburasigosi has 10 seconds left.\n|inactive|haburasigosi has 5 seconds left.\n|\n|t:|1682659766\n|move|p1b: Roaring Moon|Breaking Swipe|p2a: Grimmsnarl|[spread] p2b\n|-immune|p2a: Grimmsnarl\n|-supereffective|p2b: Baxcalibur\n|-damage|p2b: Baxcalibur|71\/100\n|move|p1a: Annihilape|Rage Fist|p2b: Baxcalibur\n|-damage|p2b: Baxcalibur|0 fnt\n|faint|p2b: Baxcalibur\n|move|p2a: Grimmsnarl|Spirit Break|p1a: Annihilape\n|-damage|p1a: Annihilape|46\/100\n|-unboost|p1a: Annihilape|spa|1\n|-ability|p1a: Annihilape|Defiant|boost\n|-boost|p1a: Annihilape|atk|2\n|\n|-heal|p1a: Annihilape|52\/100|[from] item: Leftovers\n|upkeep\n|turn|7\n|inactive|haburasigosi has 30 seconds left.\n|inactive|haburasigosi has 20 seconds left.\n|j| LC77777\n|inactive|haburasigosi has 15 seconds left.\n|inactive|haburasigosi has 10 seconds left.\n|inactive|haburasigosi has 5 seconds left.\n|\n|t:|1682659821\n|move|p1b: Roaring Moon|Breaking Swipe|p2a: Grimmsnarl\n|-immune|p2a: Grimmsnarl\n|move|p1a: Annihilape|Rage Fist|p2a: Grimmsnarl\n|-resisted|p2a: Grimmsnarl\n|-damage|p2a: Grimmsnarl|0 fnt\n|faint|p2a: Grimmsnarl\n|\n|win|Superbian\n|raw|Superbian's rating: 1507 → 1527<\/strong> (+20 for winning)\n|raw|haburasigosi's rating: 1512 → 1492<\/strong> (-20 for losing)\n|l|\u2606Superbian\n|l|\u2606haburasigosi\n","uploadtime":1682659907,"views":14,"p1id":"superbian","p2id":"haburasigosi","formatid":"gen9vgc2023regulationc","rating":1492,"private":0,"password":""}