{"id":"gen9vgc2023regulationc-1852331207","p1":"kohKohKohKoh","p2":"b(R)2","format":"[Gen 9] VGC 2023 Regulation C","log":"|j|\u2606kohKohKohKoh\n|j|\u2606b(R)2\n|t:|1682544831\n|gametype|doubles\n|player|p1|kohKohKohKoh|170|1291\n|player|p2|b(R)2|266|1304\n|teamsize|p1|6\n|teamsize|p2|6\n|gen|9\n|tier|[Gen 9] VGC 2023 Regulation C\n|rated|\n|rule|Species Clause: Limit one of each Pok\u00e9mon\n|rule|Item Clause: Limit one of each item\n|clearpoke\n|poke|p1|Dachsbun, L50, M|\n|poke|p1|Chi-Yu, L50|\n|poke|p1|Klefki, L50, M|\n|poke|p1|Annihilape, L50, F|\n|poke|p1|Flutter Mane, L50|\n|poke|p1|Ting-Lu, L50|\n|poke|p2|Ting-Lu, L50|\n|poke|p2|Amoonguss, L50, F|\n|poke|p2|Garganacl, L50, M|\n|poke|p2|Arcanine, L50, F|\n|poke|p2|Roaring Moon, L50|\n|poke|p2|Iron Bundle, L50|\n|teampreview|4\nb(R)2 has agreed to open team sheets.\n|\n|t:|1682544859\n|start\n|switch|p1a: Chi-Yu|Chi-Yu, L50|100\/100\n|switch|p1b: Dachsbun|Dachsbun, L50, M, shiny|100\/100\n|switch|p2a: Garganacl|Garganacl, L50, M|100\/100\n|switch|p2b: Arcanine|Arcanine, L50, F|100\/100\n|-ability|p1a: Chi-Yu|Beads of Ruin\n|-ability|p2b: Arcanine|Intimidate|boost\n|-unboost|p1a: Chi-Yu|atk|1\n|-unboost|p1b: Dachsbun|atk|1\n|turn|1\n|\n|t:|1682544889\n|move|p2b: Arcanine|Protect|p2b: Arcanine\n|-singleturn|p2b: Arcanine|Protect\n|move|p1a: Chi-Yu|Lava Plume|p2b: Arcanine|[spread] p2a\n|-activate|p2b: Arcanine|move: Protect\n|-ability|p1b: Dachsbun|Well-Baked Body|boost\n|-boost|p1b: Dachsbun|def|2\n|-resisted|p2a: Garganacl\n|-damage|p2a: Garganacl|85\/100\n|move|p1b: Dachsbun|Yawn|p2b: Arcanine\n|-activate|p2b: Arcanine|move: Protect\n|move|p2a: Garganacl|Salt Cure|p1a: Chi-Yu\n|-supereffective|p1a: Chi-Yu\n|-damage|p1a: Chi-Yu|55\/100\n|-start|p1a: Chi-Yu|Salt Cure\n|\n|-heal|p2a: Garganacl|90\/100|[from] item: Leftovers\n|-damage|p1a: Chi-Yu|42\/100|[from] Salt Cure\n|upkeep\n|turn|2\n|\n|t:|1682544914\n|-terastallize|p2a: Garganacl|Ghost\n|move|p2b: Arcanine|Extreme Speed|p1a: Chi-Yu\n|-damage|p1a: Chi-Yu|2\/100\n|move|p1a: Chi-Yu|Lava Plume|p2b: Arcanine|[spread] p2a,p2b\n|-ability|p1b: Dachsbun|Well-Baked Body|boost\n|-boost|p1b: Dachsbun|def|2\n|-resisted|p2b: Arcanine\n|-damage|p2a: Garganacl|57\/100\n|-damage|p2b: Arcanine|75\/100\n|move|p1b: Dachsbun|Body Press|p2a: Garganacl\n|-immune|p2a: Garganacl\n|move|p2a: Garganacl|Salt Cure|p1b: Dachsbun\n|-damage|p1b: Dachsbun|95\/100\n|-start|p1b: Dachsbun|Salt Cure\n|\n|-heal|p2a: Garganacl|63\/100|[from] item: Leftovers\n|-damage|p1a: Chi-Yu|0 fnt|[from] Salt Cure\n|faint|p1a: Chi-Yu\n|-damage|p1b: Dachsbun|83\/100|[from] Salt Cure\n|upkeep\n|\n|t:|1682544926\n|switch|p1a: Flutter Mane|Flutter Mane, L50|100\/100\n|-enditem|p1a: Flutter Mane|Booster Energy\n|-activate|p1a: Flutter Mane|ability: Protosynthesis|[fromitem]\n|-start|p1a: Flutter Mane|protosynthesisspa\n|turn|3\n|\n|t:|1682544940\n|move|p2a: Garganacl|Protect|p2a: Garganacl\n|-singleturn|p2a: Garganacl|Protect\n|move|p1a: Flutter Mane|Shadow Ball|p2a: Garganacl\n|-activate|p2a: Garganacl|move: Protect\n|move|p2b: Arcanine|Flare Blitz|p1a: Flutter Mane\n|-damage|p1a: Flutter Mane|0 fnt\n|faint|p1a: Flutter Mane\n|-end|p1a: Flutter Mane|Protosynthesis|[silent]\n|-damage|p2b: Arcanine|53\/100|[from] Recoil\n|move|p1b: Dachsbun|Body Press|p2b: Arcanine\n|-crit|p2b: Arcanine\n|-damage|p2b: Arcanine|0 fnt\n|faint|p2b: Arcanine\n|\n|-heal|p2a: Garganacl|69\/100|[from] item: Leftovers\n|-damage|p1b: Dachsbun|71\/100|[from] Salt Cure\n|upkeep\n|\n|t:|1682544959\n|switch|p1a: Annihilape|Annihilape, L50, F|100\/100\n|switch|p2b: Amoonguss|Amoonguss, L50, F|100\/100\n|turn|4\n|\n|t:|1682544981\n|move|p1b: Dachsbun|Body Press|p2b: Amoonguss\n|-resisted|p2b: Amoonguss\n|-damage|p2b: Amoonguss|79\/100\n|move|p1a: Annihilape|Bulk Up|p1a: Annihilape\n|-boost|p1a: Annihilape|atk|1\n|-boost|p1a: Annihilape|def|1\n|move|p2a: Garganacl|Recover|p2a: Garganacl\n|-heal|p2a: Garganacl|100\/100\n|move|p2b: Amoonguss|Spore|p1b: Dachsbun\n|-status|p1b: Dachsbun|slp|[from] move: Spore\n|\n|-damage|p1b: Dachsbun|58\/100 slp|[from] Salt Cure\n|upkeep\n|turn|5\n|\n|t:|1682545022\n|cant|p1b: Dachsbun|slp\n|move|p1a: Annihilape|Bulk Up|p1a: Annihilape\n|-boost|p1a: Annihilape|atk|1\n|-boost|p1a: Annihilape|def|1\n|move|p2a: Garganacl|Salt Cure|p1b: Dachsbun\n|-damage|p1b: Dachsbun|53\/100 slp\n|move|p2b: Amoonguss|Spore|p1a: Annihilape\n|-immune|p1a: Annihilape|[from] ability: Vital Spirit\n|\n|-damage|p1b: Dachsbun|41\/100 slp|[from] Salt Cure\n|upkeep\n|-enditem|p1b: Dachsbun|Sitrus Berry|[eat]\n|-heal|p1b: Dachsbun|66\/100 slp|[from] item: Sitrus Berry\n|turn|6\n|\n|t:|1682545050\n|-curestatus|p1b: Dachsbun|slp|[msg]\n|move|p1b: Dachsbun|Body Press|p2b: Amoonguss\n|-resisted|p2b: Amoonguss\n|-damage|p2b: Amoonguss|55\/100\n|move|p1a: Annihilape|Rage Fist|p2b: Amoonguss\n|-damage|p2b: Amoonguss|20\/100\n|-enditem|p2b: Amoonguss|Sitrus Berry|[eat]\n|-heal|p2b: Amoonguss|45\/100|[from] item: Sitrus Berry\n|move|p2a: Garganacl|Salt Cure|p1a: Annihilape\n|-resisted|p1a: Annihilape\n|-damage|p1a: Annihilape|98\/100\n|-start|p1a: Annihilape|Salt Cure\n|move|p2b: Amoonguss|Pollen Puff|p1b: Dachsbun\n|-resisted|p1b: Dachsbun\n|-damage|p1b: Dachsbun|58\/100\n|\n|-heal|p1a: Annihilape|100\/100|[from] item: Leftovers\n|-damage|p1b: Dachsbun|46\/100|[from] Salt Cure\n|-damage|p1a: Annihilape|88\/100|[from] Salt Cure\n|upkeep\n|turn|7\n|\n|t:|1682545075\n|move|p2b: Amoonguss|Protect|p2b: Amoonguss\n|-singleturn|p2b: Amoonguss|Protect\n|move|p1b: Dachsbun|Wish|p1b: Dachsbun\n|move|p1a: Annihilape|Rage Fist|p2a: Garganacl\n|-supereffective|p2a: Garganacl\n|-damage|p2a: Garganacl|39\/100\n|move|p2a: Garganacl|Salt Cure|p1b: Dachsbun\n|-damage|p1b: Dachsbun|40\/100\n|\n|-heal|p1a: Annihilape|94\/100|[from] item: Leftovers\n|-heal|p2a: Garganacl|44\/100|[from] item: Leftovers\n|-damage|p1b: Dachsbun|28\/100|[from] Salt Cure\n|-damage|p1a: Annihilape|82\/100|[from] Salt Cure\n|upkeep\n|turn|8\n|\n|t:|1682545098\n|move|p2a: Garganacl|Protect|p2a: Garganacl\n|-singleturn|p2a: Garganacl|Protect\n|move|p1b: Dachsbun|Body Press|p2b: Amoonguss\n|-resisted|p2b: Amoonguss\n|-damage|p2b: Amoonguss|21\/100\n|move|p1a: Annihilape|Rage Fist|p2a: Garganacl\n|-activate|p2a: Garganacl|move: Protect\n|move|p2b: Amoonguss|Spore|p1b: Dachsbun\n|-status|p1b: Dachsbun|slp|[from] move: Spore\n|\n|-heal|p1b: Dachsbun|78\/100 slp|[from] move: Wish|[wisher] Dachsbun\n|-heal|p1a: Annihilape|88\/100|[from] item: Leftovers\n|-heal|p2a: Garganacl|50\/100|[from] item: Leftovers\n|-damage|p1b: Dachsbun|66\/100 slp|[from] Salt Cure\n|-damage|p1a: Annihilape|75\/100|[from] Salt Cure\n|upkeep\n|turn|9\n|\n|t:|1682545134\n|switch|p2b: Ting-Lu|Ting-Lu, L50|100\/100\n|-ability|p2b: Ting-Lu|Vessel of Ruin\n|cant|p1b: Dachsbun|slp\n|move|p1a: Annihilape|Rage Fist|p2a: Garganacl\n|-supereffective|p2a: Garganacl\n|-damage|p2a: Garganacl|0 fnt\n|faint|p2a: Garganacl\n|\n|-heal|p1a: Annihilape|81\/100|[from] item: Leftovers\n|-damage|p1b: Dachsbun|54\/100 slp|[from] Salt Cure\n|-damage|p1a: Annihilape|69\/100|[from] Salt Cure\n|upkeep\n|\n|t:|1682545145\n|switch|p2a: Amoonguss|Amoonguss, L50, F|55\/100\n|turn|10\n|\n|t:|1682545154\n|move|p2a: Amoonguss|Rage Powder|p2a: Amoonguss\n|-singleturn|p2a: Amoonguss|move: Rage Powder\n|-curestatus|p1b: Dachsbun|slp|[msg]\n|move|p1b: Dachsbun|Body Press|p2a: Amoonguss\n|-resisted|p2a: Amoonguss\n|-damage|p2a: Amoonguss|33\/100\n|move|p1a: Annihilape|Rage Fist|p2a: Amoonguss\n|-damage|p2a: Amoonguss|0 fnt\n|faint|p2a: Amoonguss\n|move|p2b: Ting-Lu|Heavy Slam|p1b: Dachsbun\n|-supereffective|p1b: Dachsbun\n|-damage|p1b: Dachsbun|30\/100\n|\n|-heal|p1a: Annihilape|75\/100|[from] item: Leftovers\n|-damage|p1b: Dachsbun|18\/100|[from] Salt Cure\n|-damage|p1a: Annihilape|62\/100|[from] Salt Cure\n|upkeep\n|turn|11\n|\n|t:|1682545182\n|move|p1b: Dachsbun|Body Press|p2b: Ting-Lu\n|-supereffective|p2b: Ting-Lu\n|-damage|p2b: Ting-Lu|30\/100\n|move|p1a: Annihilape|Drain Punch|p2b: Ting-Lu\n|-supereffective|p2b: Ting-Lu\n|-damage|p2b: Ting-Lu|0 fnt\n|-heal|p1a: Annihilape|80\/100|[from] drain|[of] p2b: Ting-Lu\n|faint|p2b: Ting-Lu\n|\n|win|kohKohKohKoh\n|raw|kohKohKohKoh's rating: 1291 → 1317<\/strong> (+26 for winning)\n|raw|b(R)2's rating: 1304 → 1283<\/strong> (-21 for losing)\n","uploadtime":1682545187,"views":23,"p1id":"kohkohkohkoh","p2id":"br2","formatid":"gen9vgc2023regulationc","rating":1283,"private":0,"password":""}