{"id":"gen9vgc2023regulationc-1861900920","p1":"Ciq108","p2":"Yoramdw","format":"[Gen 9] VGC 2023 Regulation C","log":"|j|\u2606Ciq108\n|j|\u2606Yoramdw\n|t:|1683819199\n|gametype|doubles\n|player|p1|Ciq108|102|\n|player|p2|Yoramdw|acetrainer-gen4dp|\n|teamsize|p1|6\n|teamsize|p2|6\n|gen|9\n|tier|[Gen 9] VGC 2023 Regulation C\n|rule|Species Clause: Limit one of each Pok\u00e9mon\n|rule|Item Clause: Limit one of each item\n|clearpoke\n|poke|p1|Garchomp, L50, F|\n|poke|p1|Gardevoir, L50, F|\n|poke|p1|Talonflame, L50, M|\n|poke|p1|Gengar, L50, F|\n|poke|p1|Orthworm, L50, M|\n|poke|p1|Breloom, L50, F|\n|poke|p2|Grimmsnarl, L50, M|\n|poke|p2|Haunter, L50, M|\n|poke|p2|Slowbro, L50, M|\n|poke|p2|Glimmora, L50, F|\n|poke|p2|Eelektross, L50, F|\n|poke|p2|Scream Tail, L50|\n|teampreview|4\n|c|\u2606Ciq108|G1\n|c|\u2606Ciq108|Glhf\nCiq108 rejected open team sheets.\n|c|\u2606Yoramdw|bot doesnt wanna join\n|c|\u2606Yoramdw|so gotta save replays\n|c|\u2606Yoramdw|glhf\n|c|\u2606Ciq108|K\n|j| TreasureeGoblin\n|\n|t:|1683819330\n|start\n|switch|p1a: Gengar|Gengar, L50, F|100\/100\n|switch|p1b: Gardevoir|Gardevoir, L50, F|100\/100\n|switch|p2a: Grimmsnarl|Grimmsnarl, L50, M|100\/100\n|switch|p2b: Eelektross|Eelektross, L50, F|100\/100\n|turn|1\n|\n|t:|1683819354\n|move|p2a: Grimmsnarl|Light Screen|p2a: Grimmsnarl\n|-sidestart|p2: Yoramdw|move: Light Screen\n|move|p1b: Gardevoir|Moonblast|p2a: Grimmsnarl\n|-supereffective|p2a: Grimmsnarl\n|-damage|p2a: Grimmsnarl|51\/100\n|move|p1a: Gengar|Sludge Bomb|p2a: Grimmsnarl\n|-supereffective|p2a: Grimmsnarl\n|-damage|p2a: Grimmsnarl|1\/100\n|move|p2b: Eelektross|Thunder Punch|p1a: Gengar\n|-damage|p1a: Gengar|22\/100\n|-start|p2b: Eelektross|Disable|Thunder Punch|[from] ability: Cursed Body|[of] p1a: Gengar\n|\n|upkeep\n|turn|2\n|\n|t:|1683819377\n|move|p2a: Grimmsnarl|Reflect|p2a: Grimmsnarl\n|-sidestart|p2: Yoramdw|Reflect\n|move|p1b: Gardevoir|Moonblast|p2a: Grimmsnarl\n|-supereffective|p2a: Grimmsnarl\n|-crit|p2a: Grimmsnarl\n|-damage|p2a: Grimmsnarl|0 fnt\n|faint|p2a: Grimmsnarl\n|move|p1a: Gengar|Encore|p2b: Eelektross\n|-start|p2b: Eelektross|Encore\n|cant|p2b: Eelektross|Disable|Thunder Punch\n|\n|upkeep\n|\n|t:|1683819387\n|switch|p2a: Slowbro|Slowbro, L50, M|100\/100\n|turn|3\n|\n|t:|1683819415\n|switch|p1b: Garchomp|Garchomp, L50, F|100\/100\n|switch|p2b: Scream Tail|Scream Tail, L50|100\/100\n|-terastallize|p2a: Slowbro|Water\n|move|p1a: Gengar|Shadow Ball|p2a: Slowbro\n|-damage|p2a: Slowbro|79\/100\n|move|p2a: Slowbro|Trick Room|p2a: Slowbro\n|-fieldstart|move: Trick Room|[of] p2a: Slowbro\n|\n|-heal|p2a: Slowbro|85\/100|[from] item: Leftovers\n|upkeep\n|turn|4\n|\n|t:|1683819441\n|switch|p1a: Gardevoir|Gardevoir, L50, F|100\/100\n|move|p1b: Garchomp|Protect|p1b: Garchomp\n|-singleturn|p1b: Garchomp|Protect\n|move|p2a: Slowbro|Yawn|p1b: Garchomp\n|-activate|p1b: Garchomp|move: Protect\n|move|p2b: Scream Tail|Dazzling Gleam|p1b: Garchomp|[spread] p1a\n|-activate|p1b: Garchomp|move: Protect\n|-damage|p1a: Gardevoir|85\/100\n|\n|-heal|p2a: Slowbro|91\/100|[from] item: Leftovers\n|upkeep\n|turn|5\n|\n|t:|1683819464\n|-end|p2b: Scream Tail|Protosynthesis|[silent]\n|switch|p2b: Eelektross|Eelektross, L50, F|100\/100\n|-terastallize|p1b: Garchomp|Steel\n|move|p2a: Slowbro|Yawn|p1b: Garchomp\n|-start|p1b: Garchomp|move: Yawn|[of] p2a: Slowbro\n|move|p1b: Garchomp|Iron Head|p2b: Eelektross\n|-resisted|p2b: Eelektross\n|-damage|p2b: Eelektross|84\/100\n|move|p1a: Gardevoir|Trick|p2a: Slowbro\n|-activate|p1a: Gardevoir|move: Trick|[of] p2a: Slowbro\n|-item|p2a: Slowbro|Choice Scarf|[from] move: Trick\n|-item|p1a: Gardevoir|Leftovers|[from] move: Trick\n|\n|-heal|p1a: Gardevoir|91\/100|[from] item: Leftovers\n|upkeep\n|turn|6\n|\n|t:|1683819493\n|switch|p2a: Scream Tail|Scream Tail, L50|100\/100\n|switch|p1b: Breloom|Breloom, L50, F|100\/100\n|move|p2b: Eelektross|Rock Slide|p1a: Gardevoir|[spread] p1a,p1b\n|-resisted|p1b: Breloom\n|-damage|p1a: Gardevoir|55\/100\n|-damage|p1b: Breloom|87\/100\n|move|p1a: Gardevoir|Trick Room|p1a: Gardevoir\n|-fieldend|move: Trick Room\n|\n|-heal|p1a: Gardevoir|61\/100|[from] item: Leftovers\n|upkeep\n|turn|7\n|\n|t:|1683819543\n|switch|p1b: Garchomp|Garchomp, L50, F, tera:Steel|100\/100\n|move|p1a: Gardevoir|Moonblast|p2b: Eelektross\n|-damage|p2b: Eelektross|62\/100\n|-unboost|p2b: Eelektross|spa|1\n|move|p2a: Scream Tail|Encore|p1a: Gardevoir\n|-start|p1a: Gardevoir|Encore\n|move|p2b: Eelektross|Thunder Punch|p1a: Gardevoir\n|-damage|p1a: Gardevoir|0 fnt\n|faint|p1a: Gardevoir\n|\n|upkeep\n|\n|t:|1683819571\n|switch|p1a: Gengar|Gengar, L50, F|22\/100\n|turn|8\n|\n|t:|1683819577\n|-end|p2a: Scream Tail|Protosynthesis|[silent]\n|switch|p2a: Slowbro|Slowbro, L50, M, tera:Water|91\/100\n|move|p1a: Gengar|Protect|p1a: Gengar\n|-singleturn|p1a: Gengar|Protect\n|move|p1b: Garchomp|Iron Head|p2a: Slowbro\n|-resisted|p2a: Slowbro\n|-damage|p2a: Slowbro|79\/100\n|move|p2b: Eelektross|Drain Punch|p1b: Garchomp\n|-supereffective|p1b: Garchomp\n|-damage|p1b: Garchomp|49\/100\n|-heal|p2b: Eelektross|89\/100|[from] drain|[of] p1b: Garchomp\n|-damage|p2b: Eelektross|77\/100|[from] ability: Rough Skin|[of] p1b: Garchomp\n|\n|-sideend|p2: Yoramdw|move: Light Screen\n|upkeep\n|turn|9\n|\n|t:|1683819604\n|move|p1b: Garchomp|Protect|p1b: Garchomp\n|-singleturn|p1b: Garchomp|Protect\n|move|p1a: Gengar|Sludge Bomb|p2b: Eelektross\n|-damage|p2b: Eelektross|39\/100\n|move|p2b: Eelektross|Rock Slide|p1b: Garchomp|[spread] p1a\n|-activate|p1b: Garchomp|move: Protect\n|-damage|p1a: Gengar|0 fnt\n|-start|p2b: Eelektross|Disable|Rock Slide|[from] ability: Cursed Body|[of] p1a: Gengar\n|faint|p1a: Gengar\n|move|p2a: Slowbro|Icy Wind|p1b: Garchomp\n|-activate|p1b: Garchomp|move: Protect\n|\n|-sideend|p2: Yoramdw|Reflect\n|upkeep\n|\n|t:|1683819619\n|switch|p1a: Breloom|Breloom, L50, F|87\/100\n|turn|10\n|\n|t:|1683819631\n|switch|p2b: Scream Tail|Scream Tail, L50|100\/100\n|move|p1a: Breloom|Protect|p1a: Breloom\n|-singleturn|p1a: Breloom|Protect\n|move|p1b: Garchomp|Crunch|p2b: Scream Tail\n|-damage|p2b: Scream Tail|82\/100\n|-unboost|p2b: Scream Tail|def|1\n|move|p2a: Slowbro|Icy Wind|p1b: Garchomp|[spread] \n|-activate|p1a: Breloom|move: Protect\n|-miss|p2a: Slowbro|p1b: Garchomp\n|\n|upkeep\n|turn|11\n|\n|t:|1683819649\n|move|p1b: Garchomp|Iron Head|p2b: Scream Tail\n|-supereffective|p2b: Scream Tail\n|-damage|p2b: Scream Tail|0 fnt\n|faint|p2b: Scream Tail\n|-end|p2b: Scream Tail|Protosynthesis|[silent]\n|move|p1a: Breloom|Bullet Seed|p2a: Slowbro\n|-supereffective|p2a: Slowbro\n|-damage|p2a: Slowbro|47\/100\n|-supereffective|p2a: Slowbro\n|-damage|p2a: Slowbro|13\/100\n|-supereffective|p2a: Slowbro\n|-damage|p2a: Slowbro|0 fnt\n|faint|p2a: Slowbro\n|-hitcount|p2: Slowbro|3\n|\n|upkeep\n|\n|t:|1683819657\n|switch|p2b: Eelektross|Eelektross, L50, F|39\/100\n|turn|12\n|\n|t:|1683819665\n|move|p1b: Garchomp|Crunch|p2b: Eelektross\n|-damage|p2b: Eelektross|4\/100\n|move|p1a: Breloom|Bullet Seed|p2b: Eelektross\n|-damage|p2b: Eelektross|0 fnt\n|faint|p2b: Eelektross\n|-hitcount|p2: Eelektross|1\n|\n|win|Ciq108\n|c|\u2606Ciq108|Gg\n|c|\u2606Yoramdw|gg\n|l| TreasureeGoblin\n|j| wnfR\n","uploadtime":1683819675,"views":16,"p1id":"ciq108","p2id":"yoramdw","formatid":"gen9vgc2023regulationc","rating":0,"private":0,"password":""}