{"id":"gen9vgc2023regulationc-1845957989","p1":"torwildheart","p2":"Someone#58","format":"[Gen 9] VGC 2023 Regulation C","log":"|j|\u2606torwildheart\n|j|\u2606Someone#58\n|t:|1681783845\n|gametype|doubles\n|player|p1|torwildheart|teamrocket|\n|player|p2|Someone#58|169|\n|teamsize|p1|6\n|teamsize|p2|6\n|gen|9\n|tier|[Gen 9] VGC 2023 Regulation C\n|rated|Tournament battle\n|rule|Species Clause: Limit one of each Pok\u00e9mon\n|rule|Item Clause: Limit one of each item\n|clearpoke\n|poke|p1|Iron Bundle, L50|\n|poke|p1|Ting-Lu, L50|\n|poke|p1|Ceruledge, L50, M|\n|poke|p1|Amoonguss, L50, M|\n|poke|p1|Flutter Mane, L50|\n|poke|p1|Tauros-Paldea-Aqua, L50, M|\n|poke|p2|Glimmora, L50, F|\n|poke|p2|Wo-Chien, L50|\n|poke|p2|Iron Bundle, L50|\n|poke|p2|Chi-Yu, L50|\n|poke|p2|Maushold-Four, L50|\n|poke|p2|Annihilape, L50, M|\n|teampreview|4\n|raw| Open Team Sheet for torwildheart<\/summary>FuturamaS2E4 (Iron Bundle) @ Booster Energy Ability: Quark Drive Level: 50 Tera Type: Water - Freeze-Dry - Icy Wind - Hydro Pump - Protect Drink Me (Ting-Lu) @ Assault Vest Ability: Vessel of Ruin Level: 50 Tera Type: Water - Heavy Slam - Fissure - Stomping Tantrum - Body Press Ow The Edge (Ceruledge) @ Clear Amulet Ability: Flash Fire Level: 50 Tera Type: Grass - Bitter Blade - Shadow Sneak - Bulk Up - Protect Sus (Amoonguss) @ Rocky Helmet Ability: Regenerator Level: 50 Tera Type: Water - Spore - Rage Powder - Pollen Puff - Protect Banned (Flutter Mane) @ Choice Specs Ability: Protosynthesis Level: 50 Tera Type: Fairy - Moonblast - Shadow Ball - Dazzling Gleam - Power Gem Agua Furiosa (Tauros-Paldea-Aqua) (M) @ Mirror Herb Ability: Intimidate Level: 50 Tera Type: Fire - Aqua Jet - Raging Bull - Close Combat - Protect <\/details><\/div> Open Team Sheet for Someone#58<\/summary>Glimmora @ Assault Vest Ability: Toxic Debris Level: 50 Tera Type: Grass - Mortal Spin - Sludge Bomb - Power Gem - Earth Power Wo-Chien @ Leftovers Ability: Tablets of Ruin Level: 50 Tera Type: Poison - Pollen Puff - Ruination - Leech Seed - Protect Iron Bundle @ Booster Energy Ability: Quark Drive Level: 50 Tera Type: Ghost - Hydro Pump - Freeze-Dry - Icy Wind - Protect Chi-Yu @ Choice Scarf Ability: Beads of Ruin Level: 50 Tera Type: Grass - Heat Wave - Dark Pulse - Tera Blast - Overheat Maushold (Maushold-Four) @ Safety Goggles Ability: Friend Guard Level: 50 Tera Type: Ghost - Super Fang - Beat Up - Follow Me - Protect Annihilape @ Sitrus Berry Ability: Defiant Level: 50 Tera Type: Fire - Rage Fist - Drain Punch - Bulk Up - Protect <\/details><\/div>\n|inactive|Battle timer is ON: inactive players will automatically lose when time's up. (requested by torwildheart)\n|j| blooperlink123\n|inactive|Someone#58 has 60 seconds left.\n|j| WeirdPolyCouple\n|inactive|Someone#58 has 30 seconds left.\n|\n|t:|1681783948\n|start\n|switch|p1a: Banned|Flutter Mane, L50|100\/100\n|switch|p1b: Agua Furiosa|Tauros-Paldea-Aqua, L50, M|100\/100\n|switch|p2a: Annihilape|Annihilape, L50, M|100\/100\n|switch|p2b: Maushold|Maushold-Four, L50|100\/100\n|-ability|p1b: Agua Furiosa|Intimidate|boost\n|-unboost|p2a: Annihilape|atk|1\n|-ability|p2a: Annihilape|Defiant|boost\n|-boost|p2a: Annihilape|atk|2\n|-enditem|p1b: Agua Furiosa|Mirror Herb\n|-boost|p1b: Agua Furiosa|atk|2|[from] item: Mirror Herb\n|-unboost|p2b: Maushold|atk|1\n|turn|1\n|inactive|Someone#58 has 30 seconds left.\n|inactive|Someone#58 has 20 seconds left.\n|inactive|Someone#58 has 15 seconds left.\n|inactive|Someone#58 has 10 seconds left.\n|inactive|Someone#58 has 5 seconds left.\n|\n|t:|1681784003\n|move|p2b: Maushold|Follow Me|p2b: Maushold\n|-singleturn|p2b: Maushold|move: Follow Me\n|move|p1a: Banned|Dazzling Gleam|p2b: Maushold|[spread] p2a,p2b\n|-supereffective|p2a: Annihilape\n|-damage|p2a: Annihilape|32\/100\n|-damage|p2b: Maushold|44\/100\n|-enditem|p2a: Annihilape|Sitrus Berry|[eat]\n|-heal|p2a: Annihilape|57\/100|[from] item: Sitrus Berry\n|move|p2a: Annihilape|Rage Fist|p1b: Agua Furiosa\n|-damage|p1b: Agua Furiosa|40\/100\n|move|p1b: Agua Furiosa|Raging Bull|p2b: Maushold\n|-damage|p2b: Maushold|0 fnt\n|faint|p2b: Maushold\n|\n|upkeep\n|\n|t:|1681784018\n|switch|p2b: Iron Bundle|Iron Bundle, L50|100\/100\n|-enditem|p2b: Iron Bundle|Booster Energy\n|-activate|p2b: Iron Bundle|ability: Quark Drive|[fromitem]\n|-start|p2b: Iron Bundle|quarkdrivespe\n|turn|2\n|inactive|Someone#58 has 30 seconds left.\n|inactive|Someone#58 has 20 seconds left.\n|inactive|Someone#58 has 15 seconds left.\n|\n|t:|1681784062\n|move|p2a: Annihilape|Protect|p2a: Annihilape\n|-singleturn|p2a: Annihilape|Protect\n|move|p1b: Agua Furiosa|Aqua Jet|p2a: Annihilape\n|-activate|p2a: Annihilape|move: Protect\n|move|p2b: Iron Bundle|Icy Wind|p1a: Banned|[spread] p1a,p1b\n|-resisted|p1b: Agua Furiosa\n|-damage|p1a: Banned|77\/100\n|-damage|p1b: Agua Furiosa|25\/100\n|-unboost|p1a: Banned|spe|1\n|-unboost|p1b: Agua Furiosa|spe|1\n|move|p1a: Banned|Dazzling Gleam|p2a: Annihilape|[spread] p2b\n|-activate|p2a: Annihilape|move: Protect\n|-damage|p2b: Iron Bundle|7\/100\n|\n|upkeep\n|turn|3\n|inactive|Someone#58 has 30 seconds left.\n|\n|t:|1681784095\n|move|p1b: Agua Furiosa|Aqua Jet|p2b: Iron Bundle\n|-resisted|p2b: Iron Bundle\n|-damage|p2b: Iron Bundle|0 fnt\n|faint|p2b: Iron Bundle\n|-end|p2b: Iron Bundle|Quark Drive|[silent]\n|move|p2a: Annihilape|Rage Fist|p1a: Banned\n|-supereffective|p1a: Banned\n|-damage|p1a: Banned|0 fnt\n|faint|p1a: Banned\n|-end|p1a: Banned|Protosynthesis|[silent]\n|\n|upkeep\n|\n|t:|1681784103\n|switch|p2b: Wo-Chien|Wo-Chien, L50|100\/100\n|switch|p1a: FuturamaS2E4|Iron Bundle, L50|100\/100\n|-ability|p2b: Wo-Chien|Tablets of Ruin\n|-enditem|p1a: FuturamaS2E4|Booster Energy\n|-activate|p1a: FuturamaS2E4|ability: Quark Drive|[fromitem]\n|-start|p1a: FuturamaS2E4|quarkdrivespe\n|turn|4\n|inactive|Someone#58 has 30 seconds left.\n|inactive|Someone#58 has 20 seconds left.\n|inactive|Someone#58 has 15 seconds left.\n|inactive|Someone#58 has 10 seconds left.\n|\n|t:|1681784148\n|-terastallize|p2b: Wo-Chien|Poison\n|move|p2a: Annihilape|Protect|p2a: Annihilape\n|-singleturn|p2a: Annihilape|Protect\n|move|p1b: Agua Furiosa|Protect|p1b: Agua Furiosa\n|-singleturn|p1b: Agua Furiosa|Protect\n|move|p1a: FuturamaS2E4|Hydro Pump|p2a: Annihilape\n|-activate|p2a: Annihilape|move: Protect\n|move|p2b: Wo-Chien|Leech Seed|p1b: Agua Furiosa\n|-activate|p1b: Agua Furiosa|move: Protect\n|\n|upkeep\n|turn|5\n|inactive|Someone#58 has 30 seconds left.\n|j| elegyy\n|\n|t:|1681784178\n|move|p1a: FuturamaS2E4|Hydro Pump|p2a: Annihilape|[miss]\n|-miss|p1a: FuturamaS2E4|p2a: Annihilape\n|move|p2a: Annihilape|Drain Punch|p1a: FuturamaS2E4\n|-supereffective|p1a: FuturamaS2E4\n|-damage|p1a: FuturamaS2E4|26\/100\n|-heal|p2a: Annihilape|80\/100|[from] drain|[of] p1a: FuturamaS2E4\n|move|p2b: Wo-Chien|Leech Seed|p1b: Agua Furiosa\n|-start|p1b: Agua Furiosa|move: Leech Seed\n|move|p1b: Agua Furiosa|Raging Bull|p2a: Annihilape\n|-damage|p2a: Annihilape|13\/100\n|\n|-damage|p1b: Agua Furiosa|13\/100|[from] Leech Seed|[of] p2b: Wo-Chien\n|upkeep\n|turn|6\n|c|\u2606Someone#58|oof\n|c|\u2606Someone#58|gg\n|inactive|Someone#58 has 30 seconds left.\n|\n|t:|1681784204\n|move|p1a: FuturamaS2E4|Protect|p1a: FuturamaS2E4\n|-singleturn|p1a: FuturamaS2E4|Protect\n|move|p2a: Annihilape|Protect|p2a: Annihilape\n|-singleturn|p2a: Annihilape|Protect\n|move|p2b: Wo-Chien|Protect|p2b: Wo-Chien\n|-singleturn|p2b: Wo-Chien|Protect\n|move|p1b: Agua Furiosa|Raging Bull|p2b: Wo-Chien\n|-activate|p2b: Wo-Chien|move: Protect\n|\n|-damage|p1b: Agua Furiosa|1\/100|[from] Leech Seed|[of] p2b: Wo-Chien\n|upkeep\n|turn|7\n|\n|t:|1681784229\n|move|p1b: Agua Furiosa|Aqua Jet|p2a: Annihilape\n|-damage|p2a: Annihilape|0 fnt\n|faint|p2a: Annihilape\n|move|p1a: FuturamaS2E4|Hydro Pump|p2b: Wo-Chien\n|-damage|p2b: Wo-Chien|59\/100\n|move|p2b: Wo-Chien|Pollen Puff|p1a: FuturamaS2E4\n|-damage|p1a: FuturamaS2E4|0 fnt\n|faint|p1a: FuturamaS2E4\n|-end|p1a: FuturamaS2E4|Quark Drive|[silent]\n|\n|-heal|p2b: Wo-Chien|66\/100|[from] item: Leftovers\n|-damage|p1b: Agua Furiosa|0 fnt|[from] Leech Seed|[of] p2b: Wo-Chien\n|-heal|p2b: Wo-Chien|66\/100|[silent]\n|faint|p1b: Agua Furiosa\n|upkeep\n|\n|t:|1681784237\n|switch|p1b: Ow The Edge|Ceruledge, L50, M|100\/100\n|turn|8\n|c|\u2606Someone#58|oh i forgot u had another\n|c|\u2606torwildheart|lmao\n|\n|t:|1681784254\n|-terastallize|p1b: Ow The Edge|Grass\n|move|p1b: Ow The Edge|Bulk Up|p1b: Ow The Edge\n|-boost|p1b: Ow The Edge|atk|1\n|-boost|p1b: Ow The Edge|def|1\n|move|p2b: Wo-Chien|Leech Seed|p1b: Ow The Edge\n|-immune|p1b: Ow The Edge\n|\n|-heal|p2b: Wo-Chien|72\/100|[from] item: Leftovers\n|upkeep\n|turn|9\n|\n|t:|1681784262\n|move|p1b: Ow The Edge|Bulk Up|p1b: Ow The Edge\n|-boost|p1b: Ow The Edge|atk|1\n|-boost|p1b: Ow The Edge|def|1\n|move|p2b: Wo-Chien|Pollen Puff|p1b: Ow The Edge\n|-supereffective|p1b: Ow The Edge\n|-damage|p1b: Ow The Edge|58\/100\n|\n|-heal|p2b: Wo-Chien|79\/100|[from] item: Leftovers\n|upkeep\n|turn|10\n|j| GamerBiden\n|\n|t:|1681784275\n|move|p1b: Ow The Edge|Bitter Blade|p2b: Wo-Chien\n|-damage|p2b: Wo-Chien|28\/100\n|-heal|p1b: Ow The Edge|85\/100|[from] drain|[of] p2b: Wo-Chien\n|move|p2b: Wo-Chien|Pollen Puff|p1b: Ow The Edge\n|-supereffective|p1b: Ow The Edge\n|-damage|p1b: Ow The Edge|43\/100\n|\n|-heal|p2b: Wo-Chien|34\/100|[from] item: Leftovers\n|upkeep\n|turn|11\n|c|\u2606torwildheart|ggwp\n|\n|t:|1681784281\n|move|p1b: Ow The Edge|Bitter Blade|p2b: Wo-Chien\n|-damage|p2b: Wo-Chien|0 fnt\n|-heal|p1b: Ow The Edge|62\/100|[from] drain|[of] p2b: Wo-Chien\n|faint|p2b: Wo-Chien\n|\n|win|torwildheart\n|n|\u2606torwildheart|torwildheart\n|n|\u2606Someone#58|someone58\n|n| blooperlink123|blooperlink123\n|n| WeirdPolyCouple|weirdpolycouple\n|n| elegyy|elegyy\n|n| GamerBiden|gamerbiden\n","uploadtime":1681784285,"views":10,"p1id":"torwildheart","p2id":"someone58","formatid":"gen9vgc2023regulationc","rating":0,"private":0,"password":""}