{"id":"gen9vgc2023regulationc-1850053642","p1":"PurpleStyle","p2":"Heaven64","format":"[Gen 9] VGC 2023 Regulation C","log":"|j|\u2606PurpleStyle\n|j|\u2606Heaven64\n|t:|1682282163\n|gametype|doubles\n|player|p1|PurpleStyle|pokefan|\n|player|p2|Heaven64|leaf-masters|\n|teamsize|p1|6\n|teamsize|p2|6\n|gen|9\n|tier|[Gen 9] VGC 2023 Regulation C\n|rule|Species Clause: Limit one of each Pok\u00e9mon\n|rule|Item Clause: Limit one of each item\n|clearpoke\n|poke|p1|Gastrodon, L50, F|\n|poke|p1|Wo-Chien, L50|\n|poke|p1|Grimmsnarl, L50, M|\n|poke|p1|Tauros-Paldea-Combat, L50, M|\n|poke|p1|Glimmora, L50, M|\n|poke|p1|Rotom-Fan, L50|\n|poke|p2|Iron Jugulis, L50|\n|poke|p2|Klefki, L50, F|\n|poke|p2|Iron Thorns, L50|\n|poke|p2|Cryogonal, L50|\n|poke|p2|Muk, L50, M|\n|poke|p2|Crocalor, L50, M|\n|teampreview|4\n|c|\u2606PurpleStyle|g2\nPurpleStyle rejected open team sheets.\n|\n|t:|1682282727\n|start\n|switch|p1a: Grimmsnarl|Grimmsnarl, L50, M|100\/100\n|switch|p1b: Tauros|Tauros-Paldea-Combat, L50, M|100\/100\n|switch|p2a: Black Mesa|Iron Jugulis, L50|100\/100\n|switch|p2b: Soylent|Muk, L50, M, shiny|100\/100\n|-ability|p1b: Tauros|Intimidate|boost\n|-unboost|p2a: Black Mesa|atk|1\n|-unboost|p2b: Soylent|atk|1\n|-enditem|p2a: Black Mesa|Booster Energy\n|-activate|p2a: Black Mesa|ability: Quark Drive|[fromitem]\n|-start|p2a: Black Mesa|quarkdrivespa\n|turn|1\n|\n|t:|1682282801\n|-terastallize|p2a: Black Mesa|Steel\n|-terastallize|p1b: Tauros|Electric\n|move|p2a: Black Mesa|Hurricane|p1b: Tauros\n|-resisted|p1b: Tauros\n|-damage|p1b: Tauros|73\/100\n|-start|p1b: Tauros|confusion\n|-activate|p1b: Tauros|confusion\n|move|p1b: Tauros|Wild Charge|p2a: Black Mesa\n|-damage|p2a: Black Mesa|53\/100\n|-damage|p1b: Tauros|61\/100|[from] Recoil\n|move|p1a: Grimmsnarl|Spirit Break|p2a: Black Mesa\n|-resisted|p2a: Black Mesa\n|-damage|p2a: Black Mesa|37\/100\n|-unboost|p2a: Black Mesa|spa|1\n|move|p2b: Soylent|Gunk Shot|p1a: Grimmsnarl|[miss]\n|-miss|p2b: Soylent|p1a: Grimmsnarl\n|\n|upkeep\n|turn|2\n|\n|t:|1682282831\n|switch|p1b: Gastrodon|Gastrodon, L50, F|100\/100\n|move|p2a: Black Mesa|Protect|p2a: Black Mesa\n|-singleturn|p2a: Black Mesa|Protect\n|move|p1a: Grimmsnarl|Reflect|p1a: Grimmsnarl\n|-sidestart|p1: PurpleStyle|Reflect\n|move|p2b: Soylent|Gunk Shot|p1b: Gastrodon\n|-resisted|p1b: Gastrodon\n|-damage|p1b: Gastrodon|90\/100\n|\n|-heal|p1b: Gastrodon|96\/100|[from] item: Leftovers\n|upkeep\n|turn|3\n|\n|t:|1682282889\n|-end|p2a: Black Mesa|Quark Drive|[silent]\n|switch|p2a: Wario Ware|Crocalor, L50, M|100\/100\n|move|p1a: Grimmsnarl|Parting Shot|p2b: Soylent\n|-unboost|p2b: Soylent|atk|1\n|-unboost|p2b: Soylent|spa|1\n|\n|t:|1682282897\n|switch|p1a: Glimmora|Glimmora, L50, M|100\/100|[from] Parting Shot\n|move|p1b: Gastrodon|Earth Power|p2a: Wario Ware\n|-supereffective|p2a: Wario Ware\n|-damage|p2a: Wario Ware|55\/100\n|move|p2b: Soylent|Toxic|p1b: Gastrodon\n|-status|p1b: Gastrodon|tox\n|\n|-heal|p1b: Gastrodon|100\/100 tox|[from] item: Leftovers\n|-damage|p1b: Gastrodon|95\/100 tox|[from] psn\n|upkeep\n|turn|4\n|\n|t:|1682282940\n|move|p1a: Glimmora|Power Gem|p2a: Wario Ware\n|-supereffective|p2a: Wario Ware\n|-damage|p2a: Wario Ware|0 fnt\n|faint|p2a: Wario Ware\n|-damage|p1a: Glimmora|91\/100|[from] item: Life Orb\n|move|p1b: Gastrodon|Earth Power|p2b: Soylent\n|-supereffective|p2b: Soylent\n|-damage|p2b: Soylent|57\/100\n|move|p2b: Soylent|Brick Break|p1b: Gastrodon\n|-sideend|p1: PurpleStyle|Reflect\n|-damage|p1b: Gastrodon|85\/100 tox\n|\n|-heal|p1b: Gastrodon|91\/100 tox|[from] item: Leftovers\n|-damage|p1b: Gastrodon|79\/100 tox|[from] psn\n|upkeep\n|\n|t:|1682282963\n|switch|p2a: Shinra|Iron Thorns, L50|100\/100\n|turn|5\n|\n|t:|1682282982\n|switch|p1b: Tauros|Tauros-Paldea-Combat, L50, M, tera:Electric|61\/100\n|-ability|p1b: Tauros|Intimidate|boost\n|-unboost|p2a: Shinra|atk|1\n|-unboost|p2b: Soylent|atk|1\n|move|p1a: Glimmora|Spiky Shield|p1a: Glimmora\n|-singleturn|p1a: Glimmora|move: Protect\n|move|p2a: Shinra|Protect|p2a: Shinra\n|-singleturn|p2a: Shinra|Protect\n|move|p2b: Soylent|Protect||[still]\n|-fail|p2b: Soylent\n|\n|upkeep\n|turn|6\n|\n|t:|1682283019\n|move|p1b: Tauros|Rock Slide|p2a: Shinra|[spread] p2a,p2b\n|-damage|p2a: Shinra|87\/100\n|-damage|p2b: Soylent|39\/100\n|-enditem|p2b: Soylent|Sitrus Berry|[eat]\n|-heal|p2b: Soylent|64\/100|[from] item: Sitrus Berry\n|move|p1a: Glimmora|Earth Power|p2a: Shinra\n|-supereffective|p2a: Shinra\n|-damage|p2a: Shinra|0 fnt\n|faint|p2a: Shinra\n|-end|p2a: Shinra|Quark Drive|[silent]\n|-damage|p1a: Glimmora|81\/100|[from] item: Life Orb\n|move|p2b: Soylent|Gunk Shot|p1b: Tauros\n|-damage|p1b: Tauros|43\/100\n|\n|upkeep\n|\n|t:|1682283032\n|switch|p2a: Black Mesa|Iron Jugulis, L50, tera:Steel|37\/100\n|turn|7\n|\n|t:|1682283067\n|move|p2a: Black Mesa|Protect|p2a: Black Mesa\n|-singleturn|p2a: Black Mesa|Protect\n|move|p1b: Tauros|Raging Bull|p2a: Black Mesa\n|-activate|p2a: Black Mesa|move: Protect\n|move|p1a: Glimmora|Earth Power|p2a: Black Mesa\n|-activate|p2a: Black Mesa|move: Protect\n|move|p2b: Soylent|Toxic|p1b: Tauros\n|-status|p1b: Tauros|tox\n|\n|-damage|p1b: Tauros|37\/100 tox|[from] psn\n|upkeep\n|turn|8\n|\n|t:|1682283087\n|move|p2a: Black Mesa|Dark Pulse|p1a: Glimmora\n|-damage|p1a: Glimmora|37\/100\n|move|p1b: Tauros|Raging Bull|p2a: Black Mesa\n|-supereffective|p2a: Black Mesa\n|-damage|p2a: Black Mesa|0 fnt\n|faint|p2a: Black Mesa\n|-end|p2a: Black Mesa|Quark Drive|[silent]\n|cant|p1a: Glimmora|flinch\n|move|p2b: Soylent|Brick Break|p1a: Glimmora\n|-damage|p1a: Glimmora|30\/100\n|-activate|p1a: Glimmora|ability: Toxic Debris\n|-sidestart|p2: Heaven64|move: Toxic Spikes\n|\n|-damage|p1b: Tauros|25\/100 tox|[from] psn\n|upkeep\n|turn|9\n|\n|t:|1682283100\n|move|p2b: Soylent|Protect|p2b: Soylent\n|-singleturn|p2b: Soylent|Protect\n|move|p1b: Tauros|Stomping Tantrum|p2b: Soylent\n|-activate|p2b: Soylent|move: Protect\n|move|p1a: Glimmora|Earth Power|p2b: Soylent\n|-activate|p2b: Soylent|move: Protect\n|\n|-damage|p1b: Tauros|7\/100 tox|[from] psn\n|upkeep\n|turn|10\n|c|\u2606Heaven64|gg\n|c|\u2606PurpleStyle|gg\n|\n|t:|1682283106\n|move|p1b: Tauros|Stomping Tantrum|p2b: Soylent\n|-supereffective|p2b: Soylent\n|-damage|p2b: Soylent|15\/100\n|move|p1a: Glimmora|Earth Power|p2b: Soylent\n|-supereffective|p2b: Soylent\n|-damage|p2b: Soylent|0 fnt\n|faint|p2b: Soylent\n|-damage|p1a: Glimmora|20\/100|[from] item: Life Orb\n|\n|win|PurpleStyle\n|c|\u2606PurpleStyle|do you wanna play g3?\n","uploadtime":1682283155,"views":14,"p1id":"purplestyle","p2id":"heaven64","formatid":"gen9vgc2023regulationc","rating":0,"private":0,"password":""}