{"id":"gen9vgc2023regulationc-1848216071","p1":"SkeletonKing1","p2":"Testdummy82","format":"[Gen 9] VGC 2023 Regulation C","log":"|j|\u2606SkeletonKing1\n|j|\u2606Testdummy82\n|t:|1682043607\n|gametype|doubles\n|player|p1|SkeletonKing1|265|\n|player|p2|Testdummy82|169|\n|teamsize|p1|6\n|teamsize|p2|6\n|gen|9\n|tier|[Gen 9] VGC 2023 Regulation C\n|rule|Species Clause: Limit one of each Pok\u00e9mon\n|rule|Item Clause: Limit one of each item\n|clearpoke\n|poke|p1|Pincurchin, L50, F|\n|poke|p1|Kilowattrel, L50, F|\n|poke|p1|Luxray, L50, F|\n|poke|p1|Rotom-Wash, L50|\n|poke|p1|Jolteon, L50, F|\n|poke|p1|Iron Thorns, L50|\n|poke|p2|Maushold-Four, L50|\n|poke|p2|Meowscarada, L50, M|\n|poke|p2|Murkrow, L50, F|\n|poke|p2|Kingambit, L50, M|\n|poke|p2|Iron Bundle, L50|\n|poke|p2|Annihilape, L50, M|\n|teampreview|4\n|\n|t:|1682043642\n|start\n|switch|p1a: Pincurchin|Pincurchin, L50, F|100\/100\n|switch|p1b: Iron Thorns|Iron Thorns, L50|100\/100\n|switch|p2a: Murkrow|Murkrow, L50, F|100\/100\n|switch|p2b: Annihilape|Annihilape, L50, M|100\/100\n|-fieldstart|move: Electric Terrain|[from] ability: Electric Surge|[of] p1a: Pincurchin\n|-activate|p1b: Iron Thorns|ability: Quark Drive\n|-start|p1b: Iron Thorns|quarkdriveatk\n|turn|1\n|\n|t:|1682043670\n|move|p1b: Iron Thorns|Protect|p1b: Iron Thorns\n|-singleturn|p1b: Iron Thorns|Protect\n|move|p2b: Annihilape|Close Combat|p1b: Iron Thorns\n|-activate|p1b: Iron Thorns|move: Protect\n|move|p2a: Murkrow|Foul Play|p1b: Iron Thorns\n|-activate|p1b: Iron Thorns|move: Protect\n|move|p1a: Pincurchin|Zing Zap|p2a: Murkrow\n|-supereffective|p2a: Murkrow\n|-damage|p2a: Murkrow|0 fnt\n|faint|p2a: Murkrow\n|\n|upkeep\n|\n|t:|1682043686\n|switch|p2a: Maushold|Maushold-Four, L50|100\/100\n|turn|2\n|\n|t:|1682043706\n|-terastallize|p1b: Iron Thorns|Electric\n|move|p1a: Pincurchin|Sucker Punch||[still]\n|-fail|p1a: Pincurchin\n|move|p2a: Maushold|Tidy Up|p2a: Maushold\n|-boost|p2a: Maushold|atk|1\n|-boost|p2a: Maushold|spe|1\n|move|p2b: Annihilape|Close Combat|p1b: Iron Thorns\n|-damage|p1b: Iron Thorns|57\/100\n|-unboost|p2b: Annihilape|def|1\n|-unboost|p2b: Annihilape|spd|1\n|move|p1b: Iron Thorns|Wild Charge|p2b: Annihilape\n|-damage|p2b: Annihilape|0 fnt\n|faint|p2b: Annihilape\n|-damage|p1b: Iron Thorns|34\/100|[from] Recoil\n|\n|upkeep\n|\n|t:|1682043724\n|switch|p2b: Meowscarada|Meowscarada, L50, M|100\/100\n|turn|3\n|\n|t:|1682043733\n|move|p1b: Iron Thorns|Protect|p1b: Iron Thorns\n|-singleturn|p1b: Iron Thorns|Protect\n|move|p1a: Pincurchin|Sucker Punch|p2a: Maushold\n|-damage|p2a: Maushold|66\/100\n|move|p2a: Maushold|Population Bomb|p1a: Pincurchin\n|-damage|p1a: Pincurchin|79\/100\n|-damage|p1a: Pincurchin|61\/100\n|-damage|p1a: Pincurchin|42\/100\n|-damage|p1a: Pincurchin|22\/100\n|-damage|p1a: Pincurchin|2\/100\n|-damage|p1a: Pincurchin|0 fnt\n|faint|p1a: Pincurchin\n|-hitcount|p1: Pincurchin|6\n|move|p2b: Meowscarada|Flower Trick|p1b: Iron Thorns\n|-activate|p1b: Iron Thorns|move: Protect\n|\n|upkeep\n|\n|t:|1682043756\n|switch|p1a: Kilowattrel|Kilowattrel, L50, F|100\/100\n|turn|4\n|\n|t:|1682043777\n|move|p1b: Iron Thorns|Protect|p1b: Iron Thorns\n|-singleturn|p1b: Iron Thorns|Protect\n|move|p2a: Maushold|Population Bomb|p1a: Kilowattrel\n|-damage|p1a: Kilowattrel|69\/100\n|-damage|p1a: Kilowattrel|39\/100\n|-damage|p1a: Kilowattrel|9\/100\n|-damage|p1a: Kilowattrel|0 fnt\n|faint|p1a: Kilowattrel\n|-hitcount|p1: Kilowattrel|4\n|move|p2b: Meowscarada|Flower Trick|p1b: Iron Thorns\n|-activate|p1b: Iron Thorns|move: Protect\n|\n|upkeep\n|\n|t:|1682043791\n|switch|p1a: Jolteon|Jolteon, L50, F|100\/100\n|-item|p1a: Jolteon|Air Balloon\n|turn|5\n|\n|t:|1682043812\n|move|p2a: Maushold|Population Bomb|p1a: Jolteon\n|-damage|p1a: Jolteon|70\/100\n|-enditem|p1a: Jolteon|Air Balloon\n|-damage|p1a: Jolteon|37\/100\n|-damage|p1a: Jolteon|5\/100\n|-damage|p1a: Jolteon|0 fnt\n|faint|p1a: Jolteon\n|-hitcount|p1: Jolteon|4\n|move|p2b: Meowscarada|Flower Trick|p1b: Iron Thorns\n|-crit|p1b: Iron Thorns\n|-damage|p1b: Iron Thorns|0 fnt\n|faint|p1b: Iron Thorns\n|-end|p1b: Iron Thorns|Quark Drive|[silent]\n|\n|win|Testdummy82\n","uploadtime":1682043833,"views":13,"p1id":"skeletonking1","p2id":"testdummy82","formatid":"gen9vgc2023regulationc","rating":0,"private":0,"password":""}