{"id":"gen9vgc2023regulationc-1862067220","p1":"Zorark13!?","p2":"Hadrian1917","format":"[Gen 9] VGC 2023 Regulation C","log":"|j|\u2606Zorark13!?\n|j|\u2606Hadrian1917\n|t:|1683833710\n|gametype|doubles\n|player|p1|Zorark13!?|steven|1048\n|player|p2|Hadrian1917|brock|1042\n|teamsize|p1|6\n|teamsize|p2|6\n|gen|9\n|tier|[Gen 9] VGC 2023 Regulation C\n|rated|\n|rule|Species Clause: Limit one of each Pok\u00e9mon\n|rule|Item Clause: Limit one of each item\n|clearpoke\n|poke|p1|Tyranitar, L50, M|\n|poke|p1|Houndstone, L50, M|\n|poke|p1|Corviknight, L50, M|\n|poke|p1|Lycanroc, L50, F|\n|poke|p1|Gastrodon, L50, F|\n|poke|p1|Arcanine, L50, M|\n|poke|p2|Flutter Mane, L50|\n|poke|p2|Chi-Yu, L50|\n|poke|p2|Iron Hands, L50|\n|poke|p2|Ting-Lu, L50|\n|poke|p2|Gyarados, L50, F|\n|poke|p2|Amoonguss, L50, F|\n|teampreview|4\n|inactive|Battle timer is ON: inactive players will automatically lose when time's up. (requested by Hadrian1917)\n|inactive|Hadrian1917 has 60 seconds left.\n|inactive|Hadrian1917 has 30 seconds left.\n|inactive|Hadrian1917 has 20 seconds left.\n|\n|t:|1683833790\n|start\n|switch|p1a: Tyranitar|Tyranitar, L50, M|100\/100\n|switch|p1b: Like a rock|Lycanroc, L50, F|100\/100\n|switch|p2a: Flutter Mane|Flutter Mane, L50|100\/100\n|switch|p2b: Chi-Yu|Chi-Yu, L50|100\/100\n|-ability|p2b: Chi-Yu|Beads of Ruin\n|-weather|Sandstorm|[from] ability: Sand Stream|[of] p1a: Tyranitar\n|-enditem|p2a: Flutter Mane|Booster Energy\n|-activate|p2a: Flutter Mane|ability: Protosynthesis|[fromitem]\n|-start|p2a: Flutter Mane|protosynthesisspa\n|turn|1\n|inactive|Zorark13!? has 30 seconds left.\n|\n|t:|1683833818\n|switch|p2b: Iron Hands|Iron Hands, L50|100\/100\n|move|p2a: Flutter Mane|Protect|p2a: Flutter Mane\n|-singleturn|p2a: Flutter Mane|Protect\n|move|p1a: Tyranitar|Protect|p1a: Tyranitar\n|-singleturn|p1a: Tyranitar|Protect\n|move|p1b: Like a rock|Iron Head|p2a: Flutter Mane\n|-activate|p2a: Flutter Mane|move: Protect\n|\n|-weather|Sandstorm|[upkeep]\n|-damage|p2a: Flutter Mane|94\/100|[from] Sandstorm\n|-damage|p2b: Iron Hands|95\/100|[from] Sandstorm\n|upkeep\n|turn|2\n|inactive|Hadrian1917 has 30 seconds left.\n|inactive|Hadrian1917 has 20 seconds left.\n|inactive|Hadrian1917 has 15 seconds left.\n|\n|t:|1683833861\n|switch|p1a: Houndstone|Houndstone, L50, M|100\/100\n|-terastallize|p2a: Flutter Mane|Fairy\n|move|p2b: Iron Hands|Fake Out|p1b: Like a rock\n|-resisted|p1b: Like a rock\n|-damage|p1b: Like a rock|88\/100\n|cant|p1b: Like a rock|flinch\n|move|p2a: Flutter Mane|Moonblast|p1a: Houndstone\n|-damage|p1a: Houndstone|0 fnt\n|faint|p1a: Houndstone\n|\n|-weather|Sandstorm|[upkeep]\n|-damage|p2a: Flutter Mane|88\/100|[from] Sandstorm\n|-damage|p2b: Iron Hands|89\/100|[from] Sandstorm\n|upkeep\n|\n|t:|1683833880\n|switch|p1a: Gastrodon|Gastrodon, L50, F|100\/100\n|turn|3\n|\n|t:|1683833887\n|-end|p2a: Flutter Mane|Protosynthesis|[silent]\n|switch|p2a: Gyarados|Gyarados, L50, F|100\/100\n|-ability|p2a: Gyarados|Intimidate|boost\n|-unboost|p1a: Gastrodon|atk|1\n|-unboost|p1b: Like a rock|atk|1\n|move|p1b: Like a rock|Iron Head|p2a: Gyarados\n|-resisted|p2a: Gyarados\n|-damage|p2a: Gyarados|89\/100\n|move|p2b: Iron Hands|Drain Punch|p1b: Like a rock\n|-supereffective|p1b: Like a rock\n|-crit|p1b: Like a rock\n|-damage|p1b: Like a rock|0 fnt\n|-heal|p2b: Iron Hands|100\/100|[from] drain|[of] p1b: Like a rock\n|faint|p1b: Like a rock\n|move|p1a: Gastrodon|Earth Power|p2b: Iron Hands\n|-supereffective|p2b: Iron Hands\n|-damage|p2b: Iron Hands|72\/100\n|\n|-weather|Sandstorm|[upkeep]\n|-damage|p2a: Gyarados|83\/100|[from] Sandstorm\n|-damage|p2b: Iron Hands|66\/100|[from] Sandstorm\n|upkeep\n|\n|t:|1683833906\n|switch|p1b: Tyranitar|Tyranitar, L50, M|100\/100\n|turn|4\n|\n|t:|1683833921\n|move|p2a: Gyarados|Icy Wind|p1a: Gastrodon|[spread] p1a,p1b\n|-damage|p1a: Gastrodon|96\/100\n|-damage|p1b: Tyranitar|98\/100\n|-unboost|p1a: Gastrodon|spe|1\n|-unboost|p1b: Tyranitar|spe|1\n|move|p2b: Iron Hands|Drain Punch|p1b: Tyranitar\n|-supereffective|p1b: Tyranitar\n|-damage|p1b: Tyranitar|0 fnt\n|-heal|p2b: Iron Hands|100\/100|[from] drain|[of] p1b: Tyranitar\n|faint|p1b: Tyranitar\n|move|p1a: Gastrodon|Earth Power|p2b: Iron Hands\n|-supereffective|p2b: Iron Hands\n|-damage|p2b: Iron Hands|68\/100\n|\n|-weather|Sandstorm|[upkeep]\n|-damage|p2a: Gyarados|77\/100|[from] Sandstorm\n|-damage|p2b: Iron Hands|62\/100|[from] Sandstorm\n|upkeep\n|turn|5\n|-message|Zorark13!? forfeited.\n|\n|win|Hadrian1917\n|raw|Zorark13!?'s rating: 1048 → 1031<\/strong> (-17 for losing)\n|raw|Hadrian1917's rating: 1042 → 1076<\/strong> (+34 for winning)\n|l|\u2606Zorark13!?\n","uploadtime":1683834008,"views":15,"p1id":"zorark13","p2id":"hadrian1917","formatid":"gen9vgc2023regulationc","rating":1031,"private":0,"password":""}