{"id":"gen9vgc2023regulationc-1847268497","p1":"BMDL_Champ_Phenix","p2":"YGO_better","format":"[Gen 9] VGC 2023 Regulation C","log":"|j|\u2606BMDL_Champ_Phenix\n|j|\u2606YGO_better\n|t:|1681933153\n|gametype|doubles\n|player|p1|BMDL_Champ_Phenix|steven|\n|player|p2|YGO_better|1|\n|teamsize|p1|6\n|teamsize|p2|6\n|gen|9\n|tier|[Gen 9] VGC 2023 Regulation C\n|rule|Species Clause: Limit one of each Pok\u00e9mon\n|rule|Item Clause: Limit one of each item\n|clearpoke\n|poke|p1|Iron Valiant, L50|\n|poke|p1|Murkrow, L50, M|\n|poke|p1|Palafin, L50, M|\n|poke|p1|Skeledirge, L50, F|\n|poke|p1|Farigiraf, L50, M|\n|poke|p1|Mudsdale, L50, F|\n|poke|p2|Iron Moth, L50|\n|poke|p2|Vaporeon, L50, M|\n|poke|p2|Sylveon, L50, F|\n|poke|p2|Torkoal, L50, F|\n|poke|p2|Dragapult, L50, M|\n|poke|p2|Cyclizar, L50, M|\n|teampreview|4\n|c|\u2606YGO_better|G2\n|c|\u2606BMDL_Champ_Phenix|glhf\n|c|\u2606YGO_better|u2\n|\n|t:|1681933543\n|start\n|switch|p1a: Nevermore|Murkrow, L50, M|100\/100\n|switch|p1b: Sans|Skeledirge, L50, F|100\/100\n|switch|p2a: Abyssmegalo|Vaporeon, L50, M, shiny|100\/100\n|switch|p2b: Industrial|Iron Moth, L50|100\/100\n|turn|1\n|\n|t:|1681933576\n|-terastallize|p1b: Sans|Grass\n|move|p1a: Nevermore|Tailwind|p1a: Nevermore\n|-sidestart|p1: BMDL_Champ_Phenix|move: Tailwind\n|move|p1b: Sans|Earth Power|p2b: Industrial\n|-supereffective|p2b: Industrial\n|-damage|p2b: Industrial|28\/100\n|move|p2b: Industrial|Dazzling Gleam|p1b: Sans|[spread] p1a,p1b\n|-supereffective|p1a: Nevermore\n|-damage|p1a: Nevermore|63\/100\n|-damage|p1b: Sans|84\/100\n|move|p2a: Abyssmegalo|Yawn|p1b: Sans\n|-start|p1b: Sans|move: Yawn|[of] p2a: Abyssmegalo\n|\n|upkeep\n|turn|2\n|\n|t:|1681933602\n|move|p1a: Nevermore|Sucker Punch|p2b: Industrial\n|-damage|p2b: Industrial|0 fnt\n|faint|p2b: Industrial\n|-end|p2b: Industrial|Quark Drive|[silent]\n|move|p1b: Sans|Shadow Ball|p2a: Abyssmegalo\n|-damage|p2a: Abyssmegalo|79\/100\n|move|p2a: Abyssmegalo|Muddy Water|p1b: Sans|[spread] p1a,p1b\n|-resisted|p1b: Sans\n|-damage|p1a: Nevermore|41\/100\n|-damage|p1b: Sans|76\/100\n|-unboost|p1b: Sans|accuracy|1\n|\n|-heal|p2a: Abyssmegalo|84\/100|[from] item: Leftovers\n|-end|p1b: Sans|move: Yawn|[silent]\n|-status|p1b: Sans|slp\n|upkeep\n|\n|t:|1681933616\n|switch|p2b: Vrum|Cyclizar, L50, M|100\/100\n|turn|3\n|\n|t:|1681933625\n|switch|p1b: Melman|Farigiraf, L50, M|100\/100\n|move|p1a: Nevermore|Thunder Wave|p2b: Vrum\n|-status|p2b: Vrum|par\n|move|p2b: Vrum|Shed Tail|p2b: Vrum\n|-start|p2b: Vrum|Substitute|[from] move: Shed Tail\n|-damage|p2b: Vrum|50\/100 par\n|\n|t:|1681933633\n|switch|p2b: Evotile|Torkoal, L50, F|100\/100|[from] Shed Tail\n|-weather|SunnyDay|[from] ability: Drought|[of] p2b: Evotile\n|move|p2a: Abyssmegalo|Muddy Water|p1b: Melman|[spread] p1a,p1b\n|-damage|p1a: Nevermore|30\/100\n|-damage|p1b: Melman|85\/100\n|\n|-weather|SunnyDay|[upkeep]\n|-heal|p2a: Abyssmegalo|90\/100|[from] item: Leftovers\n|upkeep\n|turn|4\n|\n|t:|1681933664\n|move|p1a: Nevermore|Thunder Wave|p2a: Abyssmegalo\n|-status|p2a: Abyssmegalo|par\n|move|p1b: Melman|Psychic Fangs|p2b: Evotile\n|-end|p2b: Evotile|Substitute\n|move|p2a: Abyssmegalo|Muddy Water|p1b: Melman|[spread] p1a,p1b\n|-damage|p1a: Nevermore|20\/100\n|-damage|p1b: Melman|69\/100\n|move|p2b: Evotile|Eruption|p1a: Nevermore|[spread] p1a,p1b\n|-damage|p1a: Nevermore|0 fnt\n|-damage|p1b: Melman|0 fnt\n|faint|p1a: Nevermore\n|faint|p1b: Melman\n|\n|-weather|SunnyDay|[upkeep]\n|-heal|p2a: Abyssmegalo|96\/100 par|[from] item: Leftovers\n|-sideend|p1: BMDL_Champ_Phenix|move: Tailwind\n|upkeep\n|\n|t:|1681933679\n|switch|p1a: Sans|Skeledirge, L50, F, tera:Grass|76\/100 slp\n|switch|p1b: Applejack|Mudsdale, L50, F|100\/100\n|turn|5\n|\n|t:|1681933697\n|move|p1b: Applejack|Protect|p1b: Applejack\n|-singleturn|p1b: Applejack|Protect\n|cant|p1a: Sans|slp\n|move|p2a: Abyssmegalo|Muddy Water|p1a: Sans|[spread] p1a\n|-activate|p1b: Applejack|move: Protect\n|-resisted|p1a: Sans\n|-damage|p1a: Sans|72\/100 slp\n|move|p2b: Evotile|Eruption|p1a: Sans|[spread] p1a\n|-activate|p1b: Applejack|move: Protect\n|-supereffective|p1a: Sans\n|-damage|p1a: Sans|0 fnt\n|faint|p1a: Sans\n|\n|-weather|SunnyDay|[upkeep]\n|-heal|p2a: Abyssmegalo|100\/100 par|[from] item: Leftovers\n|upkeep\n|turn|6\n|\n|t:|1681933719\n|move|p1b: Applejack|Protect||[still]\n|-fail|p1b: Applejack\n|move|p2a: Abyssmegalo|Yawn|p1b: Applejack\n|-start|p1b: Applejack|move: Yawn|[of] p2a: Abyssmegalo\n|move|p2b: Evotile|Eruption|p1b: Applejack\n|-damage|p1b: Applejack|0 fnt\n|faint|p1b: Applejack\n|\n|win|YGO_better\n|l|\u2606YGO_better\n","uploadtime":1681933735,"views":15,"p1id":"bmdlchampphenix","p2id":"ygobetter","formatid":"gen9vgc2023regulationc","rating":0,"private":0,"password":""}