{"id":"gen9vgc2023regulationc-1861540290","p1":"omg_its_daddy","p2":"lutrii","format":"[Gen 9] VGC 2023 Regulation C","log":"|j|\u2606omg_its_daddy\n|j|\u2606lutrii\n|t:|1683770640\n|gametype|doubles\n|player|p1|omg_its_daddy|266|1083\n|player|p2|lutrii|gambler|1054\n|teamsize|p1|6\n|teamsize|p2|6\n|gen|9\n|tier|[Gen 9] VGC 2023 Regulation C\n|rated|\n|rule|Species Clause: Limit one of each Pok\u00e9mon\n|rule|Item Clause: Limit one of each item\n|clearpoke\n|poke|p1|Raichu, L50, M|\n|poke|p1|Sableye, L50, M|\n|poke|p1|Gholdengo, L50|\n|poke|p1|Gyarados, L50, F|\n|poke|p1|Corviknight, L50, M|\n|poke|p1|Dragalge, L50, F|\n|poke|p2|Abomasnow, L50, M|\n|poke|p2|Cetitan, L50, M|\n|poke|p2|Toxtricity, L50, M|\n|poke|p2|Ting-Lu, L50|\n|poke|p2|Spiritomb, L50, F|\n|poke|p2|Ampharos, L50, M|\n|teampreview|4\n|inactive|Battle timer is ON: inactive players will automatically lose when time's up. (requested by lutrii)\n|inactive|omg_its_daddy has 60 seconds left.\n|inactive|lutrii has 60 seconds left.\n|\n|t:|1683770685\n|start\n|switch|p1a: Sableye|Sableye, L50, M|100\/100\n|switch|p1b: Gyarados|Gyarados, L50, F|100\/100\n|switch|p2a: Toxtricity|Toxtricity, L50, M, shiny|100\/100\n|switch|p2b: Spiritomb|Spiritomb, L50, F, shiny|100\/100\n|-ability|p1b: Gyarados|Intimidate|boost\n|-unboost|p2a: Toxtricity|atk|1\n|-unboost|p2b: Spiritomb|atk|1\n|-ability|p2b: Spiritomb|Pressure\n|turn|1\n|\n|t:|1683770706\n|move|p2a: Toxtricity|Protect|p2a: Toxtricity\n|-singleturn|p2a: Toxtricity|Protect\n|move|p1a: Sableye|Fake Out|p2a: Toxtricity\n|-activate|p2a: Toxtricity|move: Protect\n|move|p1b: Gyarados|Waterfall|p2b: Spiritomb\n|-damage|p2b: Spiritomb|57\/100\n|cant|p2b: Spiritomb|flinch\n|\n|upkeep\n|turn|2\n|n|!lutrii|lutrii\n|inactive|omg_its_daddy has 30 seconds left.\n|inactive|lutrii has 30 seconds left.\n|inactive|lutrii has 20 seconds left.\n|inactive|lutrii has 15 seconds left.\n|inactive|lutrii has 10 seconds left.\n|inactive|lutrii has 5 seconds left.\n|\n|t:|1683770761\n|-terastallize|p1b: Gyarados|Dragon\n|move|p1a: Sableye|Trick|p2a: Toxtricity\n|-activate|p1a: Sableye|move: Trick|[of] p2a: Toxtricity\n|-item|p2a: Toxtricity|Lagging Tail|[from] move: Trick\n|-item|p1a: Sableye|Throat Spray|[from] move: Trick\n|move|p1b: Gyarados|Outrage|p2a: Toxtricity\n|-damage|p2a: Toxtricity|18\/100\n|move|p2a: Toxtricity|Boomburst|p1b: Gyarados|[spread] p1b\n|-immune|p2b: Spiritomb\n|-immune|p1a: Sableye\n|-damage|p1b: Gyarados|77\/100\n|move|p2b: Spiritomb|Trick Room|p2b: Spiritomb\n|-fieldstart|move: Trick Room|[of] p2b: Spiritomb\n|\n|upkeep\n|turn|3\n|inactive|lutrii has 30 seconds left.\n|inactive|lutrii has 20 seconds left.\n|inactive|lutrii has 15 seconds left.\n|inactive|lutrii has 10 seconds left.\n|inactive|lutrii has 5 seconds left.\n|\n|t:|1683770816\n|move|p1a: Sableye|Light Screen|p1a: Sableye\n|-sidestart|p1: omg_its_daddy|move: Light Screen\n|move|p1b: Gyarados|Outrage|p2b: Spiritomb|[from]lockedmove\n|-damage|p2b: Spiritomb|0 fnt\n|faint|p2b: Spiritomb\n|-start|p1b: Gyarados|confusion|[fatigue]\n|move|p2a: Toxtricity|Boomburst|p1b: Gyarados|[spread] p1b\n|-immune|p1a: Sableye\n|-damage|p1b: Gyarados|61\/100\n|\n|upkeep\n|inactive|lutrii has 30 seconds left.\n|inactive|lutrii has 20 seconds left.\n|inactive|lutrii has 15 seconds left.\n|inactive|lutrii has 10 seconds left.\n|inactive|lutrii has 5 seconds left.\n|\n|t:|1683770871\n|switch|p2b: Ampharos|Ampharos, L50, M, shiny|100\/100\n|turn|4\n|inactive|lutrii has 30 seconds left.\n|inactive|lutrii has 20 seconds left.\n|inactive|lutrii has 15 seconds left.\n|inactive|lutrii has 10 seconds left.\n|inactive|lutrii has 5 seconds left.\n|c|\u2606omg_its_daddy|you really like to take your time huh?\n|\n|t:|1683770926\n|switch|p1b: Dragalge|Dragalge, L50, F|100\/100\n|-enditem|p1b: Dragalge|Room Service\n|-unboost|p1b: Dragalge|spe|1|[from] item: Room Service\n|move|p1a: Sableye|Snarl|p2b: Ampharos|[spread] p2a\n|-miss|p1a: Sableye|p2b: Ampharos\n|-damage|p2a: Toxtricity|5\/100\n|-unboost|p2a: Toxtricity|spa|1\n|-enditem|p1a: Sableye|Throat Spray\n|-boost|p1a: Sableye|spa|1|[from] item: Throat Spray\n|move|p2b: Ampharos|Electroweb|p1b: Dragalge|[spread] p1a,p1b\n|-resisted|p1b: Dragalge\n|-damage|p1a: Sableye|81\/100\n|-damage|p1b: Dragalge|94\/100\n|-unboost|p1a: Sableye|spe|1\n|-unboost|p1b: Dragalge|spe|1\n|move|p2a: Toxtricity|Boomburst|p1a: Sableye|[spread] p2b,p1b\n|-immune|p1a: Sableye\n|-damage|p2b: Ampharos|76\/100\n|-damage|p1b: Dragalge|75\/100\n|\n|upkeep\n|turn|5\n|-message|lutrii forfeited.\n|\n|win|omg_its_daddy\n|raw|omg_its_daddy's rating: 1083 → 1108<\/strong> (+25 for winning)\n|raw|lutrii's rating: 1054 → 1037<\/strong> (-17 for losing)\n|l|!lutrii\n","uploadtime":1683770719,"views":14,"p1id":"omgitsdaddy","p2id":"lutrii","formatid":"gen9vgc2023regulationc","rating":1037,"private":0,"password":""}