{"id":"gen9vgc2023regulationc-1845911027","p1":"GS \u00a6 Leelep","p2":"Maiikon","format":"[Gen 9] VGC 2023 Regulation C","log":"|j|\u2606GS \u00a6 Leelep\n|j|\u2606Maiikon\n|t:|1681778314\n|gametype|doubles\n|player|p1|GS \u00a6 Leelep|riley|\n|player|p2|Maiikon|marshal|\n|teamsize|p1|6\n|teamsize|p2|6\n|gen|9\n|tier|[Gen 9] VGC 2023 Regulation C\n|rule|Species Clause: Limit one of each Pok\u00e9mon\n|rule|Item Clause: Limit one of each item\n|clearpoke\n|poke|p1|Chien-Pao, L50|\n|poke|p1|Amoonguss, L50, F|\n|poke|p1|Volcarona, L50, F|\n|poke|p1|Dragapult, L50, M|\n|poke|p1|Ting-Lu, L50|\n|poke|p1|Dragonite, L50, F|\n|poke|p2|Chien-Pao, L50|\n|poke|p2|Chi-Yu, L50|\n|poke|p2|Iron Hands, L50|\n|poke|p2|Dragonite, L50, M|\n|poke|p2|Bronzong, L50|\n|poke|p2|Flutter Mane, L50|\n|teampreview|4\nGS \u00a6 Leelep has agreed to open team sheets.\n|c|\u2606Maiikon|g2\n|c|\u2606GS \u00a6 Leelep|G2\nMaiikon has agreed to open team sheets.\n|\n|t:|1681778685\n|start\n|switch|p1a: Chien-Pao|Chien-Pao, L50|100\/100\n|switch|p1b: Dragonite|Dragonite, L50, F|100\/100\n|switch|p2a: Chi-Yu|Chi-Yu, L50|100\/100\n|switch|p2b: Gigante Cass|Iron Hands, L50|100\/100\n|-ability|p1a: Chien-Pao|Sword of Ruin\n|-ability|p2a: Chi-Yu|Beads of Ruin\n|turn|1\n|\n|t:|1681778753\n|switch|p1b: Ting-Lu|Ting-Lu, L50|100\/100\n|-ability|p1b: Ting-Lu|Vessel of Ruin\n|-terastallize|p2a: Chi-Yu|Fire\n|move|p1a: Chien-Pao|Sacred Sword|p2a: Chi-Yu\n|-damage|p2a: Chi-Yu|34\/100\n|move|p2a: Chi-Yu|Heat Wave|p1b: Ting-Lu|[spread] p1a,p1b\n|-supereffective|p1a: Chien-Pao\n|-crit|p1b: Ting-Lu\n|-enditem|p1a: Chien-Pao|Focus Sash\n|-damage|p1a: Chien-Pao|1\/100\n|-damage|p1b: Ting-Lu|62\/100\n|move|p2b: Gigante Cass|Volt Switch|p1a: Chien-Pao\n|-damage|p1a: Chien-Pao|0 fnt\n|faint|p1a: Chien-Pao\n|\n|t:|1681778769\n|-end|p2b: Gigante Cass|Quark Drive|[silent]\n|switch|p2b: Flutter Mane|Flutter Mane, L50|100\/100|[from] Volt Switch\n|\n|upkeep\n|\n|t:|1681778774\n|switch|p1a: Dragapult|Dragapult, L50, M|100\/100\n|turn|2\n|\n|t:|1681778814\n|-end|p2b: Flutter Mane|Protosynthesis|[silent]\n|switch|p2b: Gigante Cass|Iron Hands, L50|100\/100\n|-terastallize|p1b: Ting-Lu|Fire\n|move|p1a: Dragapult|Phantom Force||[still]\n|-prepare|p1a: Dragapult|Phantom Force\n|move|p2a: Chi-Yu|Flamethrower|p1b: Ting-Lu\n|-resisted|p1b: Ting-Lu\n|-damage|p1b: Ting-Lu|46\/100\n|move|p1b: Ting-Lu|Stomping Tantrum|p2a: Chi-Yu\n|-supereffective|p2a: Chi-Yu\n|-damage|p2a: Chi-Yu|0 fnt\n|faint|p2a: Chi-Yu\n|\n|upkeep\n|\n|t:|1681778856\n|switch|p2a: Flutter Mane|Flutter Mane, L50|100\/100\n|turn|3\n|\n|t:|1681778880\n|move|p1a: Dragapult|Phantom Force|p2b: Gigante Cass|[from]lockedmove\n|-damage|p2b: Gigante Cass|60\/100\n|-damage|p1a: Dragapult|91\/100|[from] item: Life Orb\n|move|p2a: Flutter Mane|Shadow Ball|p1a: Dragapult\n|-supereffective|p1a: Dragapult\n|-damage|p1a: Dragapult|0 fnt\n|faint|p1a: Dragapult\n|move|p2b: Gigante Cass|Drain Punch|p1b: Ting-Lu\n|-damage|p1b: Ting-Lu|20\/100\n|-heal|p2b: Gigante Cass|72\/100|[from] drain|[of] p1b: Ting-Lu\n|move|p1b: Ting-Lu|Heavy Slam|p2a: Flutter Mane\n|-supereffective|p2a: Flutter Mane\n|-damage|p2a: Flutter Mane|0 fnt\n|faint|p2a: Flutter Mane\n|-end|p2a: Flutter Mane|Protosynthesis|[silent]\n|\n|upkeep\n|\n|t:|1681778895\n|switch|p1a: Dragonite|Dragonite, L50, F|100\/100\n|switch|p2a: Chien-Pao|Chien-Pao, L50|100\/100\n|-ability|p2a: Chien-Pao|Sword of Ruin\n|turn|4\n|\n|t:|1681778918\n|move|p2a: Chien-Pao|Protect|p2a: Chien-Pao\n|-singleturn|p2a: Chien-Pao|Protect\n|move|p1a: Dragonite|Extreme Speed|p2a: Chien-Pao\n|-activate|p2a: Chien-Pao|move: Protect\n|move|p2b: Gigante Cass|Drain Punch|p1a: Dragonite\n|-resisted|p1a: Dragonite\n|-damage|p1a: Dragonite|87\/100\n|-heal|p2b: Gigante Cass|77\/100|[from] drain|[of] p1a: Dragonite\n|move|p1b: Ting-Lu|Stomping Tantrum|p2b: Gigante Cass\n|-supereffective|p2b: Gigante Cass\n|-crit|p2b: Gigante Cass\n|-damage|p2b: Gigante Cass|0 fnt\n|faint|p2b: Gigante Cass\n|-end|p2b: Gigante Cass|Quark Drive|[silent]\n|\n|upkeep\n|turn|5\n|\n|t:|1681778936\n|move|p1a: Dragonite|Extreme Speed|p2a: Chien-Pao\n|-damage|p2a: Chien-Pao|33\/100\n|move|p2a: Chien-Pao|Ice Spinner|p1a: Dragonite\n|-supereffective|p1a: Dragonite\n|-damage|p1a: Dragonite|0 fnt\n|faint|p1a: Dragonite\n|-damage|p2a: Chien-Pao|24\/100|[from] item: Life Orb\n|move|p1b: Ting-Lu|Tera Blast|p2a: Chien-Pao\n|-supereffective|p2a: Chien-Pao\n|-damage|p2a: Chien-Pao|0 fnt\n|faint|p2a: Chien-Pao\n|\n|win|GS \u00a6 Leelep\n|c|\u2606GS \u00a6 Leelep|gg\n","uploadtime":1681778949,"views":15,"p1id":"gsleelep","p2id":"maiikon","formatid":"gen9vgc2023regulationc","rating":0,"private":0,"password":""}