{"id":"gen9vgc2023regulationc-1854676596","p1":"burgurg","p2":"sdsdsdffgh","format":"[Gen 9] VGC 2023 Regulation C","log":"|j|\u2606burgurg\n|j|\u2606sdsdsdffgh\n|t:|1682848518\n|gametype|doubles\n|player|p1|burgurg|101|1046\n|player|p2|sdsdsdffgh|1|1000\n|teamsize|p1|6\n|teamsize|p2|6\n|gen|9\n|tier|[Gen 9] VGC 2023 Regulation C\n|rated|\n|rule|Species Clause: Limit one of each Pok\u00e9mon\n|rule|Item Clause: Limit one of each item\n|clearpoke\n|poke|p1|Arcanine, L50, M|\n|poke|p1|Murkrow, L50, F|\n|poke|p1|Tauros-Paldea-Aqua, L50, M|\n|poke|p1|Amoonguss, L50, F|\n|poke|p1|Garchomp, L50, M|\n|poke|p1|Abomasnow, L50, F|\n|poke|p2|Chien-Pao, L50|\n|poke|p2|Dragonite, L50, F|\n|poke|p2|Pelipper, L50, F|\n|poke|p2|Palafin, L50, M|\n|poke|p2|Eelektross, L50, F|\n|poke|p2|Scizor, L50, M|\n|teampreview|4\n|\n|t:|1682848594\n|start\n|switch|p1a: Amoonguss|Amoonguss, L50, F|100\/100\n|switch|p1b: Garchomp|Garchomp, L50, M|100\/100\n|switch|p2a: Dragonite|Dragonite, L50, F|100\/100\n|switch|p2b: Palafin|Palafin, L50, M|100\/100\n|turn|1\n|\n|t:|1682848640\n|detailschange|p2b: Palafin|Palafin-Hero, L50, M\n|switch|p2b: Pelipper|Pelipper, L50, F|100\/100\n|-weather|RainDance|[from] ability: Drizzle|[of] p2b: Pelipper\n|-terastallize|p2a: Dragonite|Water\n|move|p1a: Amoonguss|Rage Powder|p1a: Amoonguss\n|-singleturn|p1a: Amoonguss|move: Rage Powder\n|move|p1b: Garchomp|Rock Slide|p2a: Dragonite|[spread] p2a,p2b\n|-supereffective|p2b: Pelipper\n|-damage|p2a: Dragonite|91\/100\n|-damage|p2b: Pelipper|63\/100\n|move|p2a: Dragonite|Ice Spinner|p1a: Amoonguss\n|-supereffective|p1a: Amoonguss\n|-damage|p1a: Amoonguss|39\/100\n|\n|-weather|RainDance|[upkeep]\n|-heal|p1a: Amoonguss|45\/100|[from] item: Leftovers\n|upkeep\n|turn|2\n|\n|t:|1682848686\n|-terastallize|p1b: Garchomp|Steel\n|move|p1a: Amoonguss|Protect|p1a: Amoonguss\n|-singleturn|p1a: Amoonguss|Protect\n|move|p2b: Pelipper|Wide Guard|p2b: Pelipper\n|-singleturn|p2b: Pelipper|Wide Guard\n|move|p1b: Garchomp|Rock Slide|p2b: Pelipper|[spread] \n|-activate|p2a: Dragonite|move: Wide Guard\n|-activate|p2b: Pelipper|move: Wide Guard\n|move|p2a: Dragonite|Ice Spinner|p1b: Garchomp\n|-resisted|p1b: Garchomp\n|-damage|p1b: Garchomp|86\/100\n|-damage|p2a: Dragonite|79\/100|[from] ability: Rough Skin|[of] p1b: Garchomp\n|\n|-weather|RainDance|[upkeep]\n|-heal|p1a: Amoonguss|51\/100|[from] item: Leftovers\n|upkeep\n|turn|3\n|\n|t:|1682848712\n|move|p1b: Garchomp|Protect|p1b: Garchomp\n|-singleturn|p1b: Garchomp|Protect\n|move|p2a: Dragonite|Ice Spinner|p1a: Amoonguss\n|-supereffective|p1a: Amoonguss\n|-damage|p1a: Amoonguss|0 fnt\n|faint|p1a: Amoonguss\n|move|p2b: Pelipper|Tailwind|p2b: Pelipper\n|-sidestart|p2: sdsdsdffgh|move: Tailwind\n|\n|-weather|RainDance|[upkeep]\n|upkeep\n|\n|t:|1682848724\n|switch|p1a: Abomasnow|Abomasnow, L50, F|100\/100\n|-weather|Snow|[from] ability: Snow Warning|[of] p1a: Abomasnow\n|turn|4\n|\n|t:|1682848764\n|switch|p2b: Eelektross|Eelektross, L50, F|100\/100\n|move|p2a: Dragonite|Stomping Tantrum|p1b: Garchomp\n|-supereffective|p1b: Garchomp\n|-damage|p1b: Garchomp|28\/100\n|-damage|p2a: Dragonite|67\/100|[from] ability: Rough Skin|[of] p1b: Garchomp\n|move|p1b: Garchomp|Rock Slide|p2a: Dragonite|[spread] \n|-miss|p1b: Garchomp|p2a: Dragonite\n|-miss|p1b: Garchomp|p2b: Eelektross\n|move|p1a: Abomasnow|Aurora Veil|p1a: Abomasnow\n|-sidestart|p1: burgurg|move: Aurora Veil\n|\n|-weather|Snow|[upkeep]\n|upkeep\n|turn|5\n|\n|t:|1682848781\n|move|p1a: Abomasnow|Ice Shard|p2b: Eelektross\n|-damage|p2b: Eelektross|83\/100\n|move|p2a: Dragonite|Stomping Tantrum|p1b: Garchomp\n|-supereffective|p1b: Garchomp\n|-damage|p1b: Garchomp|0 fnt\n|-damage|p2a: Dragonite|54\/100|[from] ability: Rough Skin|[of] p1b: Garchomp\n|faint|p1b: Garchomp\n|move|p2b: Eelektross|Flash Cannon|p1a: Abomasnow\n|-supereffective|p1a: Abomasnow\n|-damage|p1a: Abomasnow|76\/100\n|\n|-weather|Snow|[upkeep]\n|upkeep\n|\n|t:|1682848791\n|switch|p1b: Tauros|Tauros-Paldea-Aqua, L50, M|100\/100\n|-ability|p1b: Tauros|Intimidate|boost\n|-unboost|p2a: Dragonite|atk|1\n|-unboost|p2b: Eelektross|atk|1\n|turn|6\n|\n|t:|1682848809\n|switch|p2a: Pelipper|Pelipper, L50, F|63\/100\n|-weather|RainDance|[from] ability: Drizzle|[of] p2a: Pelipper\n|move|p1b: Tauros|Raging Bull|p2b: Eelektross\n|-damage|p2b: Eelektross|13\/100\n|move|p2b: Eelektross|Thunder|p1b: Tauros\n|-supereffective|p1b: Tauros\n|-damage|p1b: Tauros|36\/100\n|move|p1a: Abomasnow|Wood Hammer|p2a: Pelipper\n|-damage|p2a: Pelipper|12\/100\n|-damage|p1a: Abomasnow|61\/100|[from] Recoil\n|\n|-weather|RainDance|[upkeep]\n|-sideend|p2: sdsdsdffgh|move: Tailwind\n|upkeep\n|turn|7\n|\n|t:|1682848834\n|move|p1b: Tauros|Aqua Jet|p2b: Eelektross\n|-damage|p2b: Eelektross|0 fnt\n|faint|p2b: Eelektross\n|move|p1a: Abomasnow|Ice Shard|p2a: Pelipper\n|-damage|p2a: Pelipper|0 fnt\n|faint|p2a: Pelipper\n|\n|-weather|RainDance|[upkeep]\n|upkeep\n|\n|t:|1682848840\n|switch|p2a: Dragonite|Dragonite, L50, F, tera:Water|54\/100\n|switch|p2b: Palafin|Palafin-Hero, L50, M|100\/100\n|-activate|p2b: Palafin|ability: Zero to Hero\n|turn|8\n|\n|t:|1682848879\n|move|p2a: Dragonite|Extreme Speed|p1b: Tauros\n|-damage|p1b: Tauros|11\/100\n|move|p1b: Tauros|Close Combat|p2a: Dragonite\n|-damage|p2a: Dragonite|0 fnt\n|-unboost|p1b: Tauros|def|1\n|-unboost|p1b: Tauros|spd|1\n|faint|p2a: Dragonite\n|move|p2b: Palafin|Drain Punch|p1a: Abomasnow\n|-supereffective|p1a: Abomasnow\n|-damage|p1a: Abomasnow|9\/100\n|move|p1a: Abomasnow|Wood Hammer|p2b: Palafin\n|-supereffective|p2b: Palafin\n|-damage|p2b: Palafin|17\/100\n|-damage|p1a: Abomasnow|0 fnt|[from] Recoil\n|faint|p1a: Abomasnow\n|\n|-weather|RainDance|[upkeep]\n|-sideend|p1: burgurg|move: Aurora Veil\n|upkeep\n|turn|9\n|\n|t:|1682848905\n|move|p1b: Tauros|Aqua Jet|p2b: Palafin\n|-resisted|p2b: Palafin\n|-damage|p2b: Palafin|4\/100\n|move|p2b: Palafin|Jet Punch|p1b: Tauros\n|-resisted|p1b: Tauros\n|-damage|p1b: Tauros|0 fnt\n|faint|p1b: Tauros\n|\n|win|sdsdsdffgh\n|raw|burgurg's rating: 1046 → 1027<\/strong> (-19 for losing)\n|raw|sdsdsdffgh's rating: 1000 → 1045<\/strong> (+45 for winning)\n|l|\u2606sdsdsdffgh\n","uploadtime":1682848915,"views":9,"p1id":"burgurg","p2id":"sdsdsdffgh","formatid":"gen9vgc2023regulationc","rating":1027,"private":0,"password":""}