{"id":"gen9vgc2023regulationc-1855564764","p1":"Rykard","p2":"Raiu Akimoto","format":"[Gen 9] VGC 2023 Regulation C","log":"|j|\u2606Rykard\n|j|\u2606Raiu Akimoto\n|t:|1682962463\n|gametype|doubles\n|player|p1|Rykard|hiker-gen4|1215\n|player|p2|Raiu Akimoto|n|1152\n|teamsize|p1|6\n|teamsize|p2|6\n|gen|9\n|tier|[Gen 9] VGC 2023 Regulation C\n|rated|\n|rule|Species Clause: Limit one of each Pok\u00e9mon\n|rule|Item Clause: Limit one of each item\n|clearpoke\n|poke|p1|Gothitelle, L50, F|\n|poke|p1|Tyranitar, L50, M|\n|poke|p1|Gastrodon, L50, M|\n|poke|p1|Houndstone, L50, F|\n|poke|p1|Magnezone, L50|\n|poke|p1|Flutter Mane, L50|\n|poke|p2|Chien-Pao, L50|\n|poke|p2|Dragapult, L50, F|\n|poke|p2|Pawmot, L50, F|\n|poke|p2|Ting-Lu, L50|\n|poke|p2|Palafin, L50, M|\n|poke|p2|Pelipper, L50, F|\n|teampreview|4\n|inactive|Battle timer is ON: inactive players will automatically lose when time's up. (requested by Raiu Akimoto)\n|\n|t:|1682962487\n|start\n|switch|p1a: Gothitelle|Gothitelle, L50, F|100\/100\n|switch|p1b: Houndstone|Houndstone, L50, F|100\/100\n|switch|p2a: Pawmot|Pawmot, L50, F, shiny|100\/100\n|switch|p2b: Palafin|Palafin, L50, M, shiny|100\/100\n|turn|1\n|\n|t:|1682962505\n|move|p2a: Pawmot|Fake Out|p1a: Gothitelle\n|-damage|p1a: Gothitelle|87\/100\n|cant|p1a: Gothitelle|flinch\n|move|p2b: Palafin|Flip Turn|p1a: Gothitelle\n|-damage|p1a: Gothitelle|58\/100\n|\n|t:|1682962514\n|detailschange|p2b: Palafin|Palafin-Hero, L50, M, shiny\n|switch|p2b: Chien-Pao|Chien-Pao, L50|100\/100|[from] Flip Turn\n|-ability|p2b: Chien-Pao|Sword of Ruin\n|move|p1b: Houndstone|Will-O-Wisp|p2b: Chien-Pao\n|-status|p2b: Chien-Pao|brn\n|\n|-damage|p2b: Chien-Pao|95\/100 brn|[from] brn\n|upkeep\n|turn|2\n|inactive|Rykard has 30 seconds left.\n|\n|t:|1682962547\n|-terastallize|p2a: Pawmot|Electric\n|-terastallize|p1a: Gothitelle|Fighting\n|move|p2b: Chien-Pao|Sucker Punch|p1a: Gothitelle\n|-resisted|p1a: Gothitelle\n|-damage|p1a: Gothitelle|45\/100\n|move|p2a: Pawmot|Double Shock|p1b: Houndstone\n|-damage|p1b: Houndstone|0 fnt\n|-start|p2a: Pawmot|typechange|Electric|[from] move: Double Shock\n|faint|p1b: Houndstone\n|move|p1a: Gothitelle|Focus Blast|p2b: Chien-Pao\n|-supereffective|p2b: Chien-Pao\n|-damage|p2b: Chien-Pao|0 fnt\n|faint|p2b: Chien-Pao\n|\n|upkeep\n|\n|t:|1682962566\n|switch|p2b: Pelipper|Pelipper, L50, F, shiny|100\/100\n|switch|p1b: Gastrodon|Gastrodon, L50, M|100\/100\n|-weather|RainDance|[from] ability: Drizzle|[of] p2b: Pelipper\n|turn|3\n|\n|t:|1682962579\n|move|p1a: Gothitelle|Protect|p1a: Gothitelle\n|-singleturn|p1a: Gothitelle|Protect\n|move|p2a: Pawmot|Revival Blessing|p2a: Pawmot\n|\n|t:|1682962584\n|-heal|p2: Chien-Pao|50\/100|[from] move: Revival Blessing\n|move|p2b: Pelipper|Tailwind|p2b: Pelipper\n|-sidestart|p2: Raiu Akimoto|move: Tailwind\n|move|p1b: Gastrodon|Icy Wind|p2a: Pawmot|[spread] p2a,p2b\n|-damage|p2a: Pawmot|85\/100\n|-damage|p2b: Pelipper|87\/100\n|-unboost|p2a: Pawmot|spe|1\n|-enditem|p2a: Pawmot|Eject Pack\n|-unboost|p2b: Pelipper|spe|1\n|\n|t:|1682962603\n|switch|p2a: Chien-Pao|Chien-Pao, L50|50\/100\n|-ability|p2a: Chien-Pao|Sword of Ruin\n|\n|-weather|RainDance|[upkeep]\n|upkeep\n|turn|4\n|\n|t:|1682962617\n|move|p2a: Chien-Pao|Ice Spinner|p1b: Gastrodon\n|-damage|p1b: Gastrodon|57\/100\n|move|p2b: Pelipper|Hurricane|p1a: Gothitelle\n|-supereffective|p1a: Gothitelle\n|-damage|p1a: Gothitelle|0 fnt\n|faint|p1a: Gothitelle\n|move|p1b: Gastrodon|Icy Wind|p2a: Chien-Pao|[spread] p2a,p2b\n|-resisted|p2a: Chien-Pao\n|-damage|p2a: Chien-Pao|43\/100\n|-damage|p2b: Pelipper|76\/100\n|-unboost|p2a: Chien-Pao|spe|1\n|-unboost|p2b: Pelipper|spe|1\n|\n|-weather|RainDance|[upkeep]\n|upkeep\n|\n|t:|1682962622\n|switch|p1a: Tyranitar|Tyranitar, L50, M|100\/100\n|-weather|Sandstorm|[from] ability: Sand Stream|[of] p1a: Tyranitar\n|turn|5\n|\n|t:|1682962649\n|switch|p2b: Pawmot|Pawmot, L50, F, shiny, tera:Electric|85\/100\n|move|p2a: Chien-Pao|Sacred Sword|p1a: Tyranitar\n|-supereffective|p1a: Tyranitar\n|-damage|p1a: Tyranitar|0 fnt\n|faint|p1a: Tyranitar\n|move|p1b: Gastrodon|Icy Wind|p2a: Chien-Pao|[spread] p2a,p2b\n|-resisted|p2a: Chien-Pao\n|-damage|p2a: Chien-Pao|36\/100\n|-damage|p2b: Pawmot|70\/100\n|-unboost|p2a: Chien-Pao|spe|1\n|-unboost|p2b: Pawmot|spe|1\n|\n|-weather|Sandstorm|[upkeep]\n|-damage|p2b: Pawmot|64\/100|[from] Sandstorm\n|-damage|p2a: Chien-Pao|30\/100|[from] Sandstorm\n|upkeep\n|turn|6\n|\n|t:|1682962667\n|move|p2b: Pawmot|Close Combat|p1b: Gastrodon\n|-damage|p1b: Gastrodon|0 fnt\n|-unboost|p2b: Pawmot|def|1\n|-unboost|p2b: Pawmot|spd|1\n|faint|p1b: Gastrodon\n|\n|win|Raiu Akimoto\n|raw|Rykard's rating: 1215 → 1186<\/strong> (-29 for losing)\n|raw|Raiu Akimoto's rating: 1152 → 1181<\/strong> (+29 for winning)\n","uploadtime":1682962679,"views":23,"p1id":"rykard","p2id":"raiuakimoto","formatid":"gen9vgc2023regulationc","rating":1181,"private":0,"password":""}