{"id":"gen9vgc2023regulationc-1846682700","p1":"fizzywizzyglizzy","p2":"rmnew72","format":"[Gen 9] VGC 2023 Regulation C","log":"|j|\u2606fizzywizzyglizzy\n|j|\u2606rmnew72\n|t:|1681865370\n|gametype|doubles\n|player|p1|fizzywizzyglizzy|265|1362\n|player|p2|rmnew72|1|1338\n|teamsize|p1|6\n|teamsize|p2|6\n|gen|9\n|tier|[Gen 9] VGC 2023 Regulation C\n|rated|\n|rule|Species Clause: Limit one of each Pok\u00e9mon\n|rule|Item Clause: Limit one of each item\n|clearpoke\n|poke|p1|Arcanine, L50, F|\n|poke|p1|Palafin, L50, M|\n|poke|p1|Kingambit, L50, M|\n|poke|p1|Garganacl, L50, M|\n|poke|p1|Flutter Mane, L50|\n|poke|p1|Amoonguss, L50, M|\n|poke|p2|Iron Hands, L50|\n|poke|p2|Kingambit, L50, M|\n|poke|p2|Mimikyu, L50, F|\n|poke|p2|Palafin, L50, M|\n|poke|p2|Torkoal, L50, F|\n|poke|p2|Chi-Yu, L50|\n|teampreview|4\n|inactive|Battle timer is ON: inactive players will automatically lose when time's up. (requested by rmnew72)\n|\n|t:|1681865419\n|start\n|switch|p1a: Palafin|Palafin, L50, M|100\/100\n|switch|p1b: Flutter Mane|Flutter Mane, L50|100\/100\n|switch|p2a: Iron Hands|Iron Hands, L50|100\/100\n|switch|p2b: Mimikyu|Mimikyu, L50, F|100\/100\n|-enditem|p1b: Flutter Mane|Booster Energy\n|-activate|p1b: Flutter Mane|ability: Protosynthesis|[fromitem]\n|-start|p1b: Flutter Mane|protosynthesisspe\n|turn|1\n|inactive|rmnew72 has 30 seconds left.\n|\n|t:|1681865444\n|detailschange|p1a: Palafin|Palafin-Hero, L50, M\n|switch|p1a: Kingambit|Kingambit, L50, M, shiny|100\/100\n|-terastallize|p2a: Iron Hands|Grass\n|move|p2a: Iron Hands|Fake Out|p1a: Kingambit\n|-resisted|p1a: Kingambit\n|-damage|p1a: Kingambit|96\/100\n|move|p1b: Flutter Mane|Moonblast|p2a: Iron Hands\n|-damage|p2a: Iron Hands|68\/100\n|move|p2b: Mimikyu|Trick Room|p2b: Mimikyu\n|-fieldstart|move: Trick Room|[of] p2b: Mimikyu\n|\n|upkeep\n|turn|2\n|\n|t:|1681865466\n|move|p1a: Kingambit|Protect|p1a: Kingambit\n|-singleturn|p1a: Kingambit|Protect\n|move|p2b: Mimikyu|Shadow Sneak|p1b: Flutter Mane\n|-supereffective|p1b: Flutter Mane\n|-damage|p1b: Flutter Mane|50\/100\n|move|p2a: Iron Hands|Belly Drum|p2a: Iron Hands\n|-damage|p2a: Iron Hands|18\/100\n|-setboost|p2a: Iron Hands|atk|6|[from] move: Belly Drum\n|-enditem|p2a: Iron Hands|Sitrus Berry|[eat]\n|-heal|p2a: Iron Hands|43\/100|[from] item: Sitrus Berry\n|move|p1b: Flutter Mane|Moonblast|p2a: Iron Hands\n|-damage|p2a: Iron Hands|6\/100\n|\n|upkeep\n|turn|3\n|\n|t:|1681865489\n|move|p1a: Kingambit|Sucker Punch|p2a: Iron Hands\n|-damage|p2a: Iron Hands|0 fnt\n|faint|p2a: Iron Hands\n|-end|p2a: Iron Hands|Quark Drive|[silent]\n|move|p2b: Mimikyu|Shadow Sneak|p1b: Flutter Mane\n|-supereffective|p1b: Flutter Mane\n|-damage|p1b: Flutter Mane|0 fnt\n|faint|p1b: Flutter Mane\n|-end|p1b: Flutter Mane|Protosynthesis|[silent]\n|\n|upkeep\n|\n|t:|1681865500\n|switch|p2a: Torkoal|Torkoal, L50, F|100\/100\n|switch|p1b: Garganacl|Garganacl, L50, M, shiny|100\/100\n|-weather|SunnyDay|[from] ability: Drought|[of] p2a: Torkoal\n|turn|4\n|\n|t:|1681865512\n|move|p1a: Kingambit|Protect|p1a: Kingambit\n|-singleturn|p1a: Kingambit|Protect\n|move|p2a: Torkoal|Earth Power|p1b: Garganacl\n|-supereffective|p1b: Garganacl\n|-damage|p1b: Garganacl|45\/100\n|move|p1b: Garganacl|Salt Cure|p2a: Torkoal\n|-supereffective|p2a: Torkoal\n|-damage|p2a: Torkoal|79\/100\n|-start|p2a: Torkoal|Salt Cure\n|move|p2b: Mimikyu|Will-O-Wisp|p1a: Kingambit\n|-activate|p1a: Kingambit|move: Protect\n|\n|-weather|SunnyDay|[upkeep]\n|-heal|p1b: Garganacl|51\/100|[from] item: Leftovers\n|-damage|p2a: Torkoal|67\/100|[from] Salt Cure\n|upkeep\n|turn|5\n|inactive|fizzywizzyglizzy has 30 seconds left.\n|\n|t:|1681865539\n|switch|p2a: Palafin|Palafin, L50, M|100\/100\n|-terastallize|p1a: Kingambit|Dark\n|move|p1a: Kingambit|Sucker Punch||[still]\n|-fail|p1a: Kingambit\n|move|p1b: Garganacl|Recover|p1b: Garganacl\n|-heal|p1b: Garganacl|100\/100\n|move|p2b: Mimikyu|Will-O-Wisp|p1a: Kingambit\n|-status|p1a: Kingambit|brn\n|\n|-weather|SunnyDay|[upkeep]\n|-damage|p1a: Kingambit|90\/100 brn|[from] brn\n|-fieldend|move: Trick Room\n|upkeep\n|turn|6\n|\n|t:|1681865564\n|move|p2a: Palafin|Protect|p2a: Palafin\n|-singleturn|p2a: Palafin|Protect\n|move|p1a: Kingambit|Swords Dance|p1a: Kingambit\n|-boost|p1a: Kingambit|atk|2\n|move|p1b: Garganacl|Salt Cure|p2a: Palafin\n|-activate|p2a: Palafin|move: Protect\n|move|p2b: Mimikyu|Trick Room|p2b: Mimikyu\n|-fieldstart|move: Trick Room|[of] p2b: Mimikyu\n|\n|-weather|SunnyDay|[upkeep]\n|-damage|p1a: Kingambit|84\/100 brn|[from] brn\n|upkeep\n|turn|7\n|\n|t:|1681865581\n|move|p1a: Kingambit|Protect|p1a: Kingambit\n|-singleturn|p1a: Kingambit|Protect\n|move|p1b: Garganacl|Salt Cure|p2b: Mimikyu\n|-activate|p2b: Mimikyu|ability: Disguise\n|-damage|p2b: Mimikyu|100\/100\n|-start|p2b: Mimikyu|Salt Cure\n|detailschange|p2b: Mimikyu|Mimikyu-Busted, L50, F\n|-damage|p2b: Mimikyu|88\/100|[from] pokemon: Mimikyu-Busted\n|move|p2b: Mimikyu|Taunt|p1b: Garganacl\n|-start|p1b: Garganacl|move: Taunt\n|move|p2a: Palafin|Haze|p2a: Palafin\n|-clearallboost\n|\n|-weather|SunnyDay|[upkeep]\n|-damage|p1a: Kingambit|78\/100 brn|[from] brn\n|-damage|p2b: Mimikyu|76\/100|[from] Salt Cure\n|upkeep\n|turn|8\n|\n|t:|1681865606\n|switch|p2b: Torkoal|Torkoal, L50, F|67\/100\n|move|p2a: Palafin|Jet Punch|p1b: Garganacl\n|-supereffective|p1b: Garganacl\n|-damage|p1b: Garganacl|86\/100\n|move|p1b: Garganacl|Salt Cure|p2a: Palafin\n|-damage|p2a: Palafin|87\/100\n|-start|p2a: Palafin|Salt Cure\n|move|p1a: Kingambit|Kowtow Cleave|p2b: Torkoal\n|-damage|p2b: Torkoal|35\/100\n|\n|-weather|none\n|-heal|p1b: Garganacl|92\/100|[from] item: Leftovers\n|-damage|p1a: Kingambit|72\/100 brn|[from] brn\n|-damage|p2a: Palafin|62\/100|[from] Salt Cure\n|upkeep\n|turn|9\n|\n|t:|1681865626\n|detailschange|p2a: Palafin|Palafin-Hero, L50, M\n|switch|p2a: Mimikyu|Mimikyu-Busted, L50, F|76\/100\n|move|p1a: Kingambit|Sucker Punch|p2b: Torkoal\n|-damage|p2b: Torkoal|11\/100\n|move|p2b: Torkoal|Heat Wave|p1a: Kingambit|[spread] p1a,p1b\n|-resisted|p1b: Garganacl\n|-damage|p1a: Kingambit|32\/100 brn\n|-damage|p1b: Garganacl|74\/100\n|move|p1b: Garganacl|Salt Cure|p2b: Torkoal\n|-supereffective|p2b: Torkoal\n|-damage|p2b: Torkoal|0 fnt\n|faint|p2b: Torkoal\n|\n|-heal|p1b: Garganacl|80\/100|[from] item: Leftovers\n|-damage|p1a: Kingambit|26\/100 brn|[from] brn\n|upkeep\n|\n|t:|1681865637\n|switch|p2b: Palafin|Palafin-Hero, L50, M|62\/100\n|-activate|p2b: Palafin|ability: Zero to Hero\n|turn|10\n|\n|t:|1681865650\n|move|p2a: Mimikyu|Shadow Sneak|p1a: Kingambit\n|-resisted|p1a: Kingambit\n|-damage|p1a: Kingambit|20\/100 brn\n|move|p1b: Garganacl|Salt Cure|p2a: Mimikyu\n|-damage|p2a: Mimikyu|59\/100\n|-start|p2a: Mimikyu|Salt Cure\n|move|p1a: Kingambit|Kowtow Cleave|p2b: Palafin\n|-damage|p2b: Palafin|30\/100\n|move|p2b: Palafin|Wave Crash|p1b: Garganacl\n|-supereffective|p1b: Garganacl\n|-damage|p1b: Garganacl|0 fnt\n|faint|p1b: Garganacl\n|-damage|p2b: Palafin|4\/100|[from] Recoil\n|\n|-damage|p1a: Kingambit|14\/100 brn|[from] brn\n|-damage|p2a: Mimikyu|47\/100|[from] Salt Cure\n|-fieldend|move: Trick Room\n|upkeep\n|\n|t:|1681865668\n|switch|p1b: Palafin|Palafin-Hero, L50, M|100\/100\n|-activate|p1b: Palafin|ability: Zero to Hero\n|turn|11\n|\n|t:|1681865675\n|move|p2b: Palafin|Protect|p2b: Palafin\n|-singleturn|p2b: Palafin|Protect\n|move|p1b: Palafin|Jet Punch|p2b: Palafin\n|-activate|p2b: Palafin|move: Protect\n|move|p1a: Kingambit|Kowtow Cleave|p2a: Mimikyu\n|-damage|p2a: Mimikyu|5\/100\n|move|p2a: Mimikyu|Trick Room|p2a: Mimikyu\n|-fieldstart|move: Trick Room|[of] p2a: Mimikyu\n|\n|-damage|p1a: Kingambit|8\/100 brn|[from] brn\n|-damage|p2a: Mimikyu|0 fnt|[from] Salt Cure\n|faint|p2a: Mimikyu\n|upkeep\n|turn|12\n|\n|t:|1681865691\n|move|p1a: Kingambit|Sucker Punch|p2b: Palafin\n|-damage|p2b: Palafin|0 fnt\n|faint|p2b: Palafin\n|\n|win|fizzywizzyglizzy\n|raw|fizzywizzyglizzy's rating: 1362 → 1381<\/strong> (+19 for winning)\n|raw|rmnew72's rating: 1338 → 1319<\/strong> (-19 for losing)\n|l|\u2606rmnew72\n","uploadtime":1681865705,"views":15,"p1id":"fizzywizzyglizzy","p2id":"rmnew72","formatid":"gen9vgc2023regulationc","rating":1319,"private":0,"password":""}