{"id":"gen9vgc2023regulationc-1853105148","p1":"TStorm","p2":"mugiwaraLux","format":"[Gen 9] VGC 2023 Regulation C","log":"|j|\u2606TStorm\n|j|\u2606mugiwaraLux\n|t:|1682635750\n|gametype|doubles\n|player|p1|TStorm|101|1307\n|player|p2|mugiwaraLux|1|1315\n|teamsize|p1|6\n|teamsize|p2|6\n|gen|9\n|tier|[Gen 9] VGC 2023 Regulation C\n|rated|\n|rule|Species Clause: Limit one of each Pok\u00e9mon\n|rule|Item Clause: Limit one of each item\n|clearpoke\n|poke|p1|Chien-Pao, L50|\n|poke|p1|Arcanine, L50, M|\n|poke|p1|Wo-Chien, L50|\n|poke|p1|Flutter Mane, L50|\n|poke|p1|Ting-Lu, L50|\n|poke|p1|Chi-Yu, L50|\n|poke|p2|Palafin, L50, F|\n|poke|p2|Amoonguss, L50, M|\n|poke|p2|Flutter Mane, L50|\n|poke|p2|Arcanine, L50, M|\n|poke|p2|Chien-Pao, L50|\n|poke|p2|Roaring Moon, L50|\n|teampreview|4\n|inactive|Battle timer is ON: inactive players will automatically lose when time's up. (requested by mugiwaraLux)\nmugiwaraLux has agreed to open team sheets.\n|inactive|TStorm has 60 seconds left.\n|inactive|mugiwaraLux has 60 seconds left.\n|\n|t:|1682635798\n|start\n|switch|p1a: Wo-Chien|Wo-Chien, L50|100\/100\n|switch|p1b: Chi-Yu|Chi-Yu, L50|100\/100\n|switch|p2a: Amoonguss|Amoonguss, L50, M|100\/100\n|switch|p2b: Palafin|Palafin, L50, F|100\/100\n|-ability|p1b: Chi-Yu|Beads of Ruin\n|-ability|p1a: Wo-Chien|Tablets of Ruin\n|turn|1\n|\n|t:|1682635821\n|-terastallize|p2a: Amoonguss|Water\n|move|p2b: Palafin|Protect|p2b: Palafin\n|-singleturn|p2b: Palafin|Protect\n|move|p1b: Chi-Yu|Heat Wave|p2b: Palafin|[spread] \n|-activate|p2b: Palafin|move: Protect\n|-miss|p1b: Chi-Yu|p2a: Amoonguss\n|move|p1a: Wo-Chien|Foul Play|p2b: Palafin\n|-activate|p2b: Palafin|move: Protect\n|move|p2a: Amoonguss|Spore|p1b: Chi-Yu\n|-status|p1b: Chi-Yu|slp|[from] move: Spore\n|\n|upkeep\n|turn|2\n|inactive|TStorm has 30 seconds left.\n|\n|t:|1682635849\n|detailschange|p2b: Palafin|Palafin-Hero, L50, F\n|switch|p2b: Arcanine|Arcanine, L50, M|100\/100\n|-ability|p2b: Arcanine|Intimidate|boost\n|-unboost|p1a: Wo-Chien|atk|1\n|-unboost|p1b: Chi-Yu|atk|1\n|cant|p1b: Chi-Yu|slp\n|move|p1a: Wo-Chien|Leech Seed|p2a: Amoonguss\n|-start|p2a: Amoonguss|move: Leech Seed\n|move|p2a: Amoonguss|Pollen Puff|p1a: Wo-Chien\n|-supereffective|p1a: Wo-Chien\n|-damage|p1a: Wo-Chien|42\/100\n|\n|-heal|p1a: Wo-Chien|48\/100|[from] item: Leftovers\n|-damage|p2a: Amoonguss|88\/100|[from] Leech Seed|[of] p1a: Wo-Chien\n|-heal|p1a: Wo-Chien|63\/100|[silent]\n|upkeep\n|turn|3\n|\n|t:|1682635870\n|switch|p1b: Not Arcanine|Arcanine, L50, M, shiny|100\/100\n|-ability|p1b: Not Arcanine|Intimidate|boost\n|-unboost|p2a: Amoonguss|atk|1\n|-unboost|p2b: Arcanine|atk|1\n|switch|p2a: Palafin|Palafin-Hero, L50, F|100\/100\n|-activate|p2a: Palafin|ability: Zero to Hero\n|move|p1a: Wo-Chien|Protect|p1a: Wo-Chien\n|-singleturn|p1a: Wo-Chien|Protect\n|move|p2b: Arcanine|Will-O-Wisp|p1a: Wo-Chien\n|-activate|p1a: Wo-Chien|move: Protect\n|\n|-heal|p1a: Wo-Chien|69\/100|[from] item: Leftovers\n|upkeep\n|turn|4\n|\n|t:|1682635891\n|-terastallize|p1b: Not Arcanine|Normal\n|move|p1b: Not Arcanine|Howl|p1b: Not Arcanine|[spread] p1a,p1b\n|-boost|p1a: Wo-Chien|atk|1\n|-boost|p1b: Not Arcanine|atk|1\n|move|p2a: Palafin|Wave Crash|p1b: Not Arcanine\n|-damage|p1b: Not Arcanine|19\/100\n|-damage|p2a: Palafin|75\/100|[from] Recoil\n|move|p2b: Arcanine|Flare Blitz|p1a: Wo-Chien\n|-supereffective|p1a: Wo-Chien\n|-crit|p1a: Wo-Chien\n|-damage|p1a: Wo-Chien|0 fnt\n|faint|p1a: Wo-Chien\n|-damage|p2b: Arcanine|80\/100|[from] Recoil\n|\n|upkeep\n|\n|t:|1682635906\n|switch|p1a: Chien-Pao|Chien-Pao, L50|100\/100\n|-ability|p1a: Chien-Pao|Sword of Ruin\n|turn|5\n|\n|t:|1682635912\n|move|p2a: Palafin|Protect|p2a: Palafin\n|-singleturn|p2a: Palafin|Protect\n|move|p1b: Not Arcanine|Extreme Speed|p2a: Palafin\n|-activate|p2a: Palafin|move: Protect\n|move|p2b: Arcanine|Extreme Speed|p1b: Not Arcanine\n|-damage|p1b: Not Arcanine|0 fnt\n|faint|p1b: Not Arcanine\n|move|p1a: Chien-Pao|Sucker Punch||[still]\n|-fail|p1a: Chien-Pao\n|\n|upkeep\n|-message|TStorm forfeited.\n|\n|win|mugiwaraLux\n|raw|TStorm's rating: 1307 → 1287<\/strong> (-20 for losing)\n|raw|mugiwaraLux's rating: 1315 → 1335<\/strong> (+20 for winning)\n|l|\u2606TStorm\n","uploadtime":1682635922,"views":11,"p1id":"tstorm","p2id":"mugiwaralux","formatid":"gen9vgc2023regulationc","rating":1287,"private":0,"password":""}