{"id":"gen9vgc2023regulationc-1859494305","p1":"zippLapZapper","p2":"SilverDragon550","format":"[Gen 9] VGC 2023 Regulation C","log":"|j|\u2606zippLapZapper\n|j|\u2606SilverDragon550\n|t:|1683475560\n|gametype|doubles\n|player|p1|zippLapZapper|hilbert-wonderlauncher|\n|player|p2|SilverDragon550|silver|\n|teamsize|p1|6\n|teamsize|p2|6\n|gen|9\n|tier|[Gen 9] VGC 2023 Regulation C\n|rule|Species Clause: Limit one of each Pok\u00e9mon\n|rule|Item Clause: Limit one of each item\n|clearpoke\n|poke|p1|Garchomp, L50, F|\n|poke|p1|Talonflame, L50, M|\n|poke|p1|Flutter Mane, L50|\n|poke|p1|Iron Bundle, L50|\n|poke|p1|Chien-Pao, L50|\n|poke|p1|Tyranitar, L50, M|\n|poke|p2|Roaring Moon, L50|\n|poke|p2|Amoonguss, L50, M|\n|poke|p2|Palafin, L50, M|\n|poke|p2|Flutter Mane, L50|\n|poke|p2|Chien-Pao, L50|\n|poke|p2|Scizor, L50, F|\n|teampreview|4\n|c|\u2606SilverDragon550|g2\nzippLapZapper has agreed to open team sheets.\nSilverDragon550 has agreed to open team sheets.\n|c|\u2606zippLapZapper|ready?\n|c|\u2606SilverDragon550|yea. last match was wild lmao\n|c|\u2606SilverDragon550|glhf\n|c|\u2606zippLapZapper|it was haha\n|c|\u2606zippLapZapper|gl hf\n|inactive|Battle timer is ON: inactive players will automatically lose when time's up. (requested by SilverDragon550)\n|c|\u2606zippLapZapper|wait we should wait for stream\n|c|\u2606zippLapZapper|they said they would show up\n|inactiveoff|Battle timer is now OFF.\n|c|\u2606SilverDragon550|oh ok\n|c|\u2606SilverDragon550|welp\n|c|\u2606SilverDragon550|glhf lol\n|inactive|Battle timer is ON: inactive players will automatically lose when time's up. (requested by zippLapZapper)\n|c|\u2606zippLapZapper|u2\n|inactive|zippLapZapper has 30 seconds left.\n|inactive|SilverDragon550 has 30 seconds left.\n|inactive|zippLapZapper has 20 seconds left.\n|inactive|SilverDragon550 has 20 seconds left.\n|inactive|SilverDragon550 has 15 seconds left.\n|\n|t:|1683476503\n|start\n|switch|p1a: Garchomp|Garchomp, L50, F|100\/100\n|switch|p1b: Chien-Pao|Chien-Pao, L50|100\/100\n|switch|p2a: Eclipse|Roaring Moon, L50|100\/100\n|switch|p2b: Saitama|Palafin, L50, M, shiny|100\/100\n|-ability|p1b: Chien-Pao|Sword of Ruin\n|-enditem|p2a: Eclipse|Booster Energy\n|-activate|p2a: Eclipse|ability: Protosynthesis|[fromitem]\n|-start|p2a: Eclipse|protosynthesisspe\n|turn|1\n|inactive|zippLapZapper has 30 seconds left.\n|inactive|SilverDragon550 has 30 seconds left.\n|inactive|SilverDragon550 has 20 seconds left.\n|\n|t:|1683476541\n|-terastallize|p1b: Chien-Pao|Flying\n|move|p2b: Saitama|Protect|p2b: Saitama\n|-singleturn|p2b: Saitama|Protect\n|move|p2a: Eclipse|Tailwind|p2a: Eclipse\n|-sidestart|p2: SilverDragon550|move: Tailwind\n|move|p1b: Chien-Pao|Ice Spinner|p2a: Eclipse\n|-supereffective|p2a: Eclipse\n|-damage|p2a: Eclipse|0 fnt\n|faint|p2a: Eclipse\n|-end|p2a: Eclipse|Protosynthesis|[silent]\n|move|p1a: Garchomp|Earthquake|p2b: Saitama|[spread] \n|-activate|p2b: Saitama|move: Protect\n|-immune|p1b: Chien-Pao\n|\n|upkeep\n|inactive|SilverDragon550 has 30 seconds left.\n|\n|t:|1683476571\n|switch|p2a: SV VGC|Flutter Mane, L50|100\/100\n|turn|2\n|\n|t:|1683476594\n|-terastallize|p2a: SV VGC|Fairy\n|move|p1b: Chien-Pao|Protect|p1b: Chien-Pao\n|-singleturn|p1b: Chien-Pao|Protect\n|move|p1a: Garchomp|Protect|p1a: Garchomp\n|-singleturn|p1a: Garchomp|Protect\n|move|p2b: Saitama|Jet Punch|p1b: Chien-Pao\n|-activate|p1b: Chien-Pao|move: Protect\n|move|p2a: SV VGC|Dazzling Gleam|p1b: Chien-Pao|[spread] \n|-activate|p1a: Garchomp|move: Protect\n|-activate|p1b: Chien-Pao|move: Protect\n|\n|upkeep\n|turn|3\n|inactive|zippLapZapper has 30 seconds left.\n|inactive|SilverDragon550 has 30 seconds left.\n|inactive|zippLapZapper has 20 seconds left.\n|inactive|SilverDragon550 has 20 seconds left.\n|inactive|zippLapZapper has 15 seconds left.\n|inactive|SilverDragon550 has 15 seconds left.\n|inactive|zippLapZapper has 10 seconds left.\n|inactive|SilverDragon550 has 10 seconds left.\n|\n|t:|1683476643\n|switch|p1a: Tyranitar|Tyranitar, L50, M|100\/100\n|-weather|Sandstorm|[from] ability: Sand Stream|[of] p1a: Tyranitar\n|move|p2b: Saitama|Jet Punch|p1b: Chien-Pao\n|-damage|p1b: Chien-Pao|63\/100\n|move|p1b: Chien-Pao|Sucker Punch||[still]\n|-fail|p1b: Chien-Pao\n|move|p2a: SV VGC|Dazzling Gleam|p1a: Tyranitar|[spread] p1a,p1b\n|-supereffective|p1a: Tyranitar\n|-damage|p1a: Tyranitar|49\/100\n|-damage|p1b: Chien-Pao|0 fnt\n|faint|p1b: Chien-Pao\n|\n|-weather|Sandstorm|[upkeep]\n|-damage|p2a: SV VGC|94\/100|[from] Sandstorm\n|-damage|p2b: Saitama|94\/100|[from] Sandstorm\n|upkeep\n|\n|t:|1683476656\n|switch|p1b: Iron Bundle|Iron Bundle, L50|100\/100\n|-enditem|p1b: Iron Bundle|Booster Energy\n|-activate|p1b: Iron Bundle|ability: Quark Drive|[fromitem]\n|-start|p1b: Iron Bundle|quarkdrivespe\n|turn|4\n|inactive|SilverDragon550 has 30 seconds left.\n|inactive|SilverDragon550 has 20 seconds left.\n|\n|t:|1683476693\n|move|p1b: Iron Bundle|Protect|p1b: Iron Bundle\n|-singleturn|p1b: Iron Bundle|Protect\n|move|p2b: Saitama|Jet Punch|p1b: Iron Bundle\n|-activate|p1b: Iron Bundle|move: Protect\n|move|p2a: SV VGC|Dazzling Gleam|p1a: Tyranitar|[spread] p1a\n|-activate|p1b: Iron Bundle|move: Protect\n|-supereffective|p1a: Tyranitar\n|-damage|p1a: Tyranitar|0 fnt\n|faint|p1a: Tyranitar\n|\n|-weather|Sandstorm|[upkeep]\n|-damage|p2a: SV VGC|88\/100|[from] Sandstorm\n|-damage|p1b: Iron Bundle|95\/100|[from] Sandstorm\n|-damage|p2b: Saitama|88\/100|[from] Sandstorm\n|-sideend|p2: SilverDragon550|move: Tailwind\n|upkeep\n|\n|t:|1683476702\n|switch|p1a: Garchomp|Garchomp, L50, F|100\/100\n|turn|5\n|inactive|SilverDragon550 has 30 seconds left.\n|inactive|SilverDragon550 has 20 seconds left.\n|inactive|SilverDragon550 has 15 seconds left.\n|inactive|SilverDragon550 has 10 seconds left.\n|\n|t:|1683476748\n|move|p2b: Saitama|Protect|p2b: Saitama\n|-singleturn|p2b: Saitama|Protect\n|move|p1b: Iron Bundle|Icy Wind|p2b: Saitama|[spread] p2a\n|-activate|p2b: Saitama|move: Protect\n|-damage|p2a: SV VGC|73\/100\n|-unboost|p2a: SV VGC|spe|1\n|move|p1a: Garchomp|Stomping Tantrum|p2a: SV VGC\n|-damage|p2a: SV VGC|10\/100\n|move|p2a: SV VGC|Dazzling Gleam|p1b: Iron Bundle|[spread] p1a,p1b\n|-supereffective|p1a: Garchomp\n|-damage|p1a: Garchomp|0 fnt\n|-damage|p1b: Iron Bundle|0 fnt\n|faint|p1a: Garchomp\n|faint|p1b: Iron Bundle\n|-end|p1b: Iron Bundle|Quark Drive|[silent]\n|\n|win|SilverDragon550\n|c|\u2606zippLapZapper|gg\n|c|\u2606SilverDragon550|gg\n|l|\u2606SilverDragon550\n","uploadtime":1683477370,"views":16,"p1id":"zipplapzapper","p2id":"silverdragon550","formatid":"gen9vgc2023regulationc","rating":0,"private":0,"password":""}