{"id":"gen9vgc2023regulationc-1849360344","p1":"perseusrad","p2":"DistantEcho","format":"[Gen 9] VGC 2023 Regulation C","log":"|j|\u2606perseusrad\n|j|\u2606DistantEcho\n|t:|1682189851\n|gametype|doubles\n|player|p1|perseusrad|265|1273\n|player|p2|DistantEcho|steven|1322\n|teamsize|p1|6\n|teamsize|p2|6\n|gen|9\n|tier|[Gen 9] VGC 2023 Regulation C\n|rated|\n|rule|Species Clause: Limit one of each Pok\u00e9mon\n|rule|Item Clause: Limit one of each item\n|clearpoke\n|poke|p1|Flutter Mane, L50|\n|poke|p1|Chien-Pao, L50|\n|poke|p1|Amoonguss, L50, M|\n|poke|p1|Arcanine, L50, M|\n|poke|p1|Azumarill, L50, F|\n|poke|p1|Dragonite, L50, F|\n|poke|p2|Iron Hands, L50|\n|poke|p2|Flutter Mane, L50|\n|poke|p2|Dragonite, L50, F|\n|poke|p2|Kingambit, L50, M|\n|poke|p2|Dragapult, L50, F|\n|poke|p2|Dudunsparce-*, L50, M|\n|teampreview|4\n|inactive|Battle timer is ON: inactive players will automatically lose when time's up. (requested by DistantEcho)\n|c|\u2606DistantEcho|Glhf\nperseusrad rejected open team sheets.\n|\n|t:|1682189880\n|start\n|switch|p1a: Amoonguss|Amoonguss, L50, M|100\/100\n|switch|p1b: Azumarill|Azumarill, L50, F|100\/100\n|switch|p2a: Dragapult|Dragapult, L50, F|100\/100\n|switch|p2b: Dudunsparce|Dudunsparce-Three-Segment, L50, M|100\/100\n|turn|1\n|\n|t:|1682189889\n|move|p2a: Dragapult|Thunder Wave|p1b: Azumarill|[miss]\n|-miss|p2a: Dragapult|p1b: Azumarill\n|move|p2b: Dudunsparce|Glare|p1a: Amoonguss\n|-status|p1a: Amoonguss|par\n|move|p1b: Azumarill|Play Rough|p2a: Dragapult\n|-supereffective|p2a: Dragapult\n|-damage|p2a: Dragapult|0 fnt\n|faint|p2a: Dragapult\n|move|p1a: Amoonguss|Spore|p2b: Dudunsparce\n|-status|p2b: Dudunsparce|slp|[from] move: Spore\n|\n|upkeep\n|\n|t:|1682189899\n|switch|p2a: Iron Hands|Iron Hands, L50|100\/100\n|-enditem|p2a: Iron Hands|Booster Energy\n|-activate|p2a: Iron Hands|ability: Quark Drive|[fromitem]\n|-start|p2a: Iron Hands|quarkdriveatk\n|turn|2\n|\n|t:|1682189921\n|cant|p1a: Amoonguss|par\n|cant|p2b: Dudunsparce|slp\n|move|p2a: Iron Hands|Thunder Punch|p1b: Azumarill\n|-supereffective|p1b: Azumarill\n|-damage|p1b: Azumarill|0 fnt\n|faint|p1b: Azumarill\n|\n|upkeep\n|\n|t:|1682189924\n|switch|p1b: Arcanine|Arcanine, L50, M|100\/100\n|-ability|p1b: Arcanine|Intimidate|boost\n|-unboost|p2a: Iron Hands|atk|1\n|-unboost|p2b: Dudunsparce|atk|1\n|turn|3\n|\n|t:|1682189940\n|switch|p2b: Flutter Mane|Flutter Mane, L50|100\/100\n|move|p1a: Amoonguss|Rage Powder|p1a: Amoonguss\n|-singleturn|p1a: Amoonguss|move: Rage Powder\n|move|p1b: Arcanine|Flare Blitz|p2a: Iron Hands\n|-damage|p2a: Iron Hands|73\/100\n|-damage|p1b: Arcanine|88\/100|[from] Recoil\n|move|p2a: Iron Hands|Thunder Punch|p1a: Amoonguss\n|-resisted|p1a: Amoonguss\n|-damage|p1a: Amoonguss|85\/100 par\n|\n|upkeep\n|turn|4\n|\n|t:|1682189961\n|move|p2b: Flutter Mane|Mystical Fire|p1a: Amoonguss\n|-supereffective|p1a: Amoonguss\n|-damage|p1a: Amoonguss|13\/100 par\n|-unboost|p1a: Amoonguss|spa|1\n|-enditem|p1a: Amoonguss|Sitrus Berry|[eat]\n|-heal|p1a: Amoonguss|38\/100 par|[from] item: Sitrus Berry\n|move|p1b: Arcanine|Will-O-Wisp|p2a: Iron Hands\n|-status|p2a: Iron Hands|brn\n|move|p2a: Iron Hands|Drain Punch|p1b: Arcanine\n|-damage|p1b: Arcanine|67\/100\n|-heal|p2a: Iron Hands|81\/100 brn|[from] drain|[of] p1b: Arcanine\n|move|p1a: Amoonguss|Spore|p2b: Flutter Mane\n|-status|p2b: Flutter Mane|slp|[from] move: Spore\n|\n|-damage|p2a: Iron Hands|75\/100 brn|[from] brn\n|upkeep\n|turn|5\n|-message|DistantEcho forfeited.\n|\n|win|perseusrad\n|raw|perseusrad's rating: 1273 → 1302<\/strong> (+29 for winning)\n|raw|DistantEcho's rating: 1322 → 1299<\/strong> (-23 for losing)\n|l|\u2606DistantEcho\n","uploadtime":1682189989,"views":9,"p1id":"perseusrad","p2id":"distantecho","formatid":"gen9vgc2023regulationc","rating":1299,"private":0,"password":""}