{"id":"gen9vgc2023regulationc-1849710458","p1":"DNDS","p2":"vargalicious","format":"[Gen 9] VGC 2023 Regulation C","log":"|j|\u2606DNDS\n|j|\u2606vargalicious\n|t:|1682237116\n|gametype|doubles\n|player|p1|DNDS|ghetsis|1331\n|player|p2|vargalicious|darach-caitlin|1297\n|teamsize|p1|6\n|teamsize|p2|6\n|gen|9\n|tier|[Gen 9] VGC 2023 Regulation C\n|rated|\n|rule|Species Clause: Limit one of each Pok\u00e9mon\n|rule|Item Clause: Limit one of each item\n|clearpoke\n|poke|p1|Chi-Yu, L50|\n|poke|p1|Indeedee, L50, M|\n|poke|p1|Murkrow, L50, F|\n|poke|p1|Gothitelle, L50, F|\n|poke|p1|Flutter Mane, L50|\n|poke|p1|Garganacl, L50, M|\n|poke|p2|Ting-Lu, L50|\n|poke|p2|Sableye, L50, F|\n|poke|p2|Ceruledge, L50, F|\n|poke|p2|Corviknight, L50, M|\n|poke|p2|Palafin, L50, M|\n|poke|p2|Iron Hands, L50|\n|teampreview|4\n|\n|t:|1682237173\n|start\n|switch|p1a: Indeedee|Indeedee, L50, M|100\/100\n|switch|p1b: Murkrow|Murkrow, L50, F|100\/100\n|switch|p2a: Sponge Bob|Sableye, L50, F, shiny|100\/100\n|switch|p2b: Plankton|Ceruledge, L50, F, shiny|100\/100\n|-fieldstart|move: Psychic Terrain|[from] ability: Psychic Surge|[of] p1a: Indeedee\n|turn|1\n|\n|t:|1682237196\n|move|p1b: Murkrow|Sunny Day|p1b: Murkrow\n|-weather|SunnyDay\n|move|p2a: Sponge Bob|Light Screen|p2a: Sponge Bob\n|-sidestart|p2: vargalicious|move: Light Screen\n|move|p1a: Indeedee|Trick|p2a: Sponge Bob\n|-activate|p1a: Indeedee|move: Trick|[of] p2a: Sponge Bob\n|-item|p2a: Sponge Bob|Choice Scarf|[from] move: Trick\n|-item|p1a: Indeedee|Light Clay|[from] move: Trick\n|move|p2b: Plankton|Bulk Up|p2b: Plankton\n|-boost|p2b: Plankton|atk|1\n|-boost|p2b: Plankton|def|1\n|\n|-weather|SunnyDay|[upkeep]\n|upkeep\n|turn|2\n|\n|t:|1682237209\n|switch|p1b: Chi-Yu|Chi-Yu, L50|100\/100\n|-ability|p1b: Chi-Yu|Beads of Ruin\n|move|p2a: Sponge Bob|Reflect|p2a: Sponge Bob\n|-sidestart|p2: vargalicious|Reflect\n|move|p1a: Indeedee|Encore|p2b: Plankton\n|-start|p2b: Plankton|Encore\n|move|p2b: Plankton|Bulk Up|p2b: Plankton\n|-boost|p2b: Plankton|atk|1\n|-boost|p2b: Plankton|def|1\n|\n|-weather|SunnyDay|[upkeep]\n|upkeep\n|turn|3\n|\n|t:|1682237228\n|switch|p2a: Patrick Star|Iron Hands, L50, shiny|100\/100\n|-terastallize|p1b: Chi-Yu|Fire\n|-terastallize|p2b: Plankton|Steel\n|move|p1a: Indeedee|Psychic|p2b: Plankton\n|-resisted|p2b: Plankton\n|-damage|p2b: Plankton|84\/100\n|move|p1b: Chi-Yu|Heat Wave|p2b: Plankton|[spread] p2a\n|-start|p2b: Plankton|ability: Flash Fire\n|-damage|p2a: Patrick Star|14\/100\n|-status|p2a: Patrick Star|brn\n|-enditem|p2a: Patrick Star|Sitrus Berry|[eat]\n|-heal|p2a: Patrick Star|39\/100 brn|[from] item: Sitrus Berry\n|move|p2b: Plankton|Bulk Up|p2b: Plankton\n|-boost|p2b: Plankton|atk|1\n|-boost|p2b: Plankton|def|1\n|\n|-weather|SunnyDay|[upkeep]\n|-heal|p2b: Plankton|91\/100|[from] item: Leftovers\n|-damage|p2a: Patrick Star|33\/100 brn|[from] brn\n|upkeep\n|turn|4\n|\n|t:|1682237247\n|move|p2a: Patrick Star|Protect|p2a: Patrick Star\n|-singleturn|p2a: Patrick Star|Protect\n|move|p1a: Indeedee|Psychic|p2b: Plankton\n|-resisted|p2b: Plankton\n|-damage|p2b: Plankton|74\/100\n|move|p1b: Chi-Yu|Heat Wave|p2a: Patrick Star|[spread] \n|-activate|p2a: Patrick Star|move: Protect\n|-immune|p2b: Plankton|[from] ability: Flash Fire\n|move|p2b: Plankton|Bulk Up|p2b: Plankton\n|-boost|p2b: Plankton|atk|1\n|-boost|p2b: Plankton|def|1\n|\n|-weather|SunnyDay|[upkeep]\n|-heal|p2b: Plankton|80\/100|[from] item: Leftovers\n|-damage|p2a: Patrick Star|27\/100 brn|[from] brn\n|-end|p2b: Plankton|Encore\n|upkeep\n|turn|5\n|\n|t:|1682237275\n|-end|p2a: Patrick Star|Quark Drive|[silent]\n|switch|p2a: Sponge Bob|Sableye, L50, F, shiny|100\/100\n|move|p1a: Indeedee|Encore|p2b: Plankton\n|-start|p2b: Plankton|Encore\n|move|p1b: Chi-Yu|Heat Wave|p2a: Sponge Bob|[spread] p2a\n|-immune|p2b: Plankton|[from] ability: Flash Fire\n|-damage|p2a: Sponge Bob|0 fnt\n|faint|p2a: Sponge Bob\n|move|p2b: Plankton|Bulk Up|p2b: Plankton\n|-boost|p2b: Plankton|atk|1\n|-boost|p2b: Plankton|def|1\n|\n|-weather|none\n|-heal|p2b: Plankton|86\/100|[from] item: Leftovers\n|-fieldend|move: Psychic Terrain\n|upkeep\n|\n|t:|1682237284\n|switch|p2a: Patrick Star|Iron Hands, L50, shiny|27\/100 brn\n|turn|6\n|\n|t:|1682237297\n|switch|p1a: Murkrow|Murkrow, L50, F|100\/100\n|move|p2a: Patrick Star|Protect|p2a: Patrick Star\n|-singleturn|p2a: Patrick Star|Protect\n|move|p1b: Chi-Yu|Heat Wave|p2a: Patrick Star|[spread] \n|-activate|p2a: Patrick Star|move: Protect\n|-immune|p2b: Plankton|[from] ability: Flash Fire\n|move|p2b: Plankton|Bulk Up|p2b: Plankton\n|-boost|p2b: Plankton|atk|1\n|-boost|p2b: Plankton|def|1\n|\n|-heal|p2b: Plankton|92\/100|[from] item: Leftovers\n|-damage|p2a: Patrick Star|21\/100 brn|[from] brn\n|-sideend|p2: vargalicious|Reflect\n|upkeep\n|turn|7\n|\n|t:|1682237315\n|switch|p1a: Indeedee|Indeedee, L50, M|100\/100\n|-fieldstart|move: Psychic Terrain|[from] ability: Psychic Surge|[of] p1a: Indeedee\n|move|p1b: Chi-Yu|Heat Wave|p2b: Plankton|[spread] p2a\n|-immune|p2b: Plankton|[from] ability: Flash Fire\n|-damage|p2a: Patrick Star|0 fnt\n|faint|p2a: Patrick Star\n|-end|p2a: Patrick Star|Quark Drive|[silent]\n|move|p2b: Plankton|Bulk Up|p2b: Plankton\n|-boost|p2b: Plankton|atk|0\n|-boost|p2b: Plankton|def|0\n|\n|-heal|p2b: Plankton|98\/100|[from] item: Leftovers\n|-end|p2b: Plankton|Encore\n|upkeep\n|\n|t:|1682237323\n|switch|p2a: Eugene Krabs|Corviknight, L50, M, shiny|100\/100\n|turn|8\n|\n|t:|1682237333\n|move|p2b: Plankton|Protect|p2b: Plankton\n|-singleturn|p2b: Plankton|Protect\n|move|p1a: Indeedee|Encore|p2b: Plankton\n|-activate|p2b: Plankton|move: Protect\n|move|p1b: Chi-Yu|Heat Wave|p2a: Eugene Krabs|[spread] p2a\n|-activate|p2b: Plankton|move: Protect\n|-supereffective|p2a: Eugene Krabs\n|-crit|p2a: Eugene Krabs\n|-damage|p2a: Eugene Krabs|0 fnt\n|faint|p2a: Eugene Krabs\n|\n|-heal|p2b: Plankton|100\/100|[from] item: Leftovers\n|-sideend|p2: vargalicious|move: Light Screen\n|upkeep\n|turn|9\n|\n|t:|1682237344\n|move|p2b: Plankton|Shadow Sneak|p1b: Chi-Yu\n|-activate|p1b: Chi-Yu|move: Psychic Terrain\n|move|p1a: Indeedee|Encore|p2b: Plankton\n|-start|p2b: Plankton|Encore\n|move|p1b: Chi-Yu|Heat Wave|p2b: Plankton\n|-immune|p2b: Plankton|[from] ability: Flash Fire\n|\n|upkeep\n|turn|10\n|\n|t:|1682237357\n|switch|p1b: Garganacl|Garganacl, L50, M|100\/100\n|move|p2b: Plankton|Shadow Sneak|p1b: Garganacl\n|-activate|p1b: Garganacl|move: Psychic Terrain\n|move|p1a: Indeedee|Psychic|p2b: Plankton\n|-resisted|p2b: Plankton\n|-damage|p2b: Plankton|83\/100\n|\n|-heal|p2b: Plankton|89\/100|[from] item: Leftovers\n|upkeep\n|turn|11\n|\n|t:|1682237367\n|switch|p1a: Murkrow|Murkrow, L50, F|100\/100\n|move|p2b: Plankton|Shadow Sneak|p1b: Garganacl\n|-activate|p1b: Garganacl|move: Psychic Terrain\n|move|p1b: Garganacl|Salt Cure|p2b: Plankton\n|-resisted|p2b: Plankton\n|-damage|p2b: Plankton|87\/100\n|-start|p2b: Plankton|Salt Cure\n|\n|-heal|p2b: Plankton|93\/100|[from] item: Leftovers\n|-damage|p2b: Plankton|68\/100|[from] Salt Cure\n|-fieldend|move: Psychic Terrain\n|upkeep\n|turn|12\n|-message|vargalicious forfeited.\n|\n|win|DNDS\n|raw|DNDS's rating: 1353 → 1370<\/strong> (+17 for winning)\n|raw|vargalicious's rating: 1297 → 1276<\/strong> (-21 for losing)\n|l|\u2606vargalicious\n","uploadtime":1682237393,"views":16,"p1id":"dnds","p2id":"vargalicious","formatid":"gen9vgc2023regulationc","rating":1276,"private":0,"password":""}