{"id":"gen9vgc2023regulationc-1858609009","p1":"labmonjo1210","p2":"Star_Dragon44","format":"[Gen 9] VGC 2023 Regulation C","log":"|j|\u2606labmonjo1210\n|j|\u2606Star_Dragon44\n|t:|1683331715\n|gametype|doubles\n|player|p1|labmonjo1210|2|\n|player|p2|Star_Dragon44|hilda-wonderlauncher|\n|teamsize|p1|6\n|teamsize|p2|6\n|gen|9\n|tier|[Gen 9] VGC 2023 Regulation C\n|rule|Species Clause: Limit one of each Pok\u00e9mon\n|rule|Item Clause: Limit one of each item\n|clearpoke\n|poke|p1|Armarouge, L50, M|\n|poke|p1|Gastrodon, L50, M|\n|poke|p1|Roaring Moon, L50|\n|poke|p1|Iron Moth, L50|\n|poke|p1|Cetitan, L50, F|\n|poke|p1|Pelipper, L50, F|\n|poke|p2|Gyarados, L50, F|\n|poke|p2|Sandy Shocks, L50|\n|poke|p2|Great Tusk, L50|\n|poke|p2|Goodra, L50, F|\n|poke|p2|Scream Tail, L50|\n|poke|p2|Haxorus, L50, M|\n|teampreview|4\n|\n|t:|1683331737\n|start\n|switch|p1a: Glorpis|Gastrodon, L50, M, shiny|100\/100\n|switch|p1b: Pepe|Pelipper, L50, F|100\/100\n|switch|p2a: Scream Tail|Scream Tail, L50|100\/100\n|switch|p2b: Gyarados|Gyarados, L50, F|100\/100\n|-ability|p2b: Gyarados|Intimidate|boost\n|-unboost|p1a: Glorpis|atk|1\n|-unboost|p1b: Pepe|atk|1\n|-weather|RainDance|[from] ability: Drizzle|[of] p1b: Pepe\n|turn|1\n|\n|t:|1683331788\n|move|p2a: Scream Tail|Protect|p2a: Scream Tail\n|-singleturn|p2a: Scream Tail|Protect\n|move|p2b: Gyarados|Waterfall|p1a: Glorpis\n|-ability|p1a: Glorpis|Storm Drain|boost\n|-boost|p1a: Glorpis|spa|1\n|move|p1b: Pepe|Surf|p2a: Scream Tail|[spread] p2b\n|-activate|p2a: Scream Tail|move: Protect\n|-ability|p1a: Glorpis|Storm Drain|boost\n|-boost|p1a: Glorpis|spa|1\n|-resisted|p2b: Gyarados\n|-damage|p2b: Gyarados|79\/100\n|move|p1a: Glorpis|Ice Beam|p2b: Gyarados\n|-damage|p2b: Gyarados|43\/100\n|\n|-weather|RainDance|[upkeep]\n|upkeep\n|turn|2\n|\n|t:|1683331816\n|move|p2b: Gyarados|Protect|p2b: Gyarados\n|-singleturn|p2b: Gyarados|Protect\n|move|p2a: Scream Tail|Dazzling Gleam|p1a: Glorpis|[spread] p1a,p1b\n|-damage|p1a: Glorpis|88\/100\n|-damage|p1b: Pepe|80\/100\n|move|p1b: Pepe|Hurricane|p2a: Scream Tail\n|-damage|p2a: Scream Tail|62\/100\n|move|p1a: Glorpis|Ice Beam|p2b: Gyarados\n|-activate|p2b: Gyarados|move: Protect\n|\n|-weather|RainDance|[upkeep]\n|upkeep\n|turn|3\n|\n|t:|1683331862\n|move|p2a: Scream Tail|Light Screen|p2a: Scream Tail\n|-sidestart|p2: Star_Dragon44|move: Light Screen\n|move|p2b: Gyarados|Icy Wind|p1b: Pepe|[spread] p1a,p1b\n|-damage|p1a: Glorpis|82\/100\n|-damage|p1b: Pepe|72\/100\n|-unboost|p1a: Glorpis|spe|1\n|-unboost|p1b: Pepe|spe|1\n|move|p1b: Pepe|Surf|p2b: Gyarados|[spread] p2a,p2b\n|-ability|p1a: Glorpis|Storm Drain|boost\n|-boost|p1a: Glorpis|spa|1\n|-resisted|p2b: Gyarados\n|-damage|p2a: Scream Tail|41\/100\n|-damage|p2b: Gyarados|30\/100\n|move|p1a: Glorpis|Ice Beam|p2a: Scream Tail\n|-damage|p2a: Scream Tail|16\/100\n|\n|-weather|RainDance|[upkeep]\n|upkeep\n|turn|4\n|j| lethalpilott\n|n| lethalpilot|lethalpilott\n|\n|t:|1683331898\n|move|p2a: Scream Tail|Dazzling Gleam|p1b: Pepe|[spread] p1a,p1b\n|-damage|p1a: Glorpis|70\/100\n|-damage|p1b: Pepe|51\/100\n|move|p2b: Gyarados|Icy Wind|p1b: Pepe|[spread] p1a,p1b\n|-damage|p1a: Glorpis|64\/100\n|-damage|p1b: Pepe|42\/100\n|-unboost|p1a: Glorpis|spe|1\n|-unboost|p1b: Pepe|spe|1\n|move|p1b: Pepe|Hurricane|p2b: Gyarados\n|-damage|p2b: Gyarados|0 fnt\n|faint|p2b: Gyarados\n|move|p1a: Glorpis|Earthquake|p2a: Scream Tail|[spread] p2a\n|-immune|p1b: Pepe\n|-damage|p2a: Scream Tail|2\/100\n|\n|-weather|RainDance|[upkeep]\n|upkeep\n|\n|t:|1683331921\n|switch|p2b: Sandy Shocks|Sandy Shocks, L50|100\/100\n|-enditem|p2b: Sandy Shocks|Booster Energy\n|-activate|p2b: Sandy Shocks|ability: Protosynthesis|[fromitem]\n|-start|p2b: Sandy Shocks|protosynthesisspe\n|turn|5\n|\n|t:|1683331945\n|move|p2a: Scream Tail|Protect|p2a: Scream Tail\n|-singleturn|p2a: Scream Tail|Protect\n|move|p2b: Sandy Shocks|Thunderbolt|p1b: Pepe\n|-supereffective|p1b: Pepe\n|-damage|p1b: Pepe|0 fnt\n|faint|p1b: Pepe\n|move|p1a: Glorpis|Earthquake|p2b: Sandy Shocks|[spread] p2b\n|-activate|p2a: Scream Tail|move: Protect\n|-supereffective|p2b: Sandy Shocks\n|-damage|p2b: Sandy Shocks|65\/100\n|\n|-weather|none\n|upkeep\n|\n|t:|1683331956\n|switch|p1b: Intigua|Roaring Moon, L50, shiny|100\/100\n|-enditem|p1b: Intigua|Booster Energy\n|-activate|p1b: Intigua|ability: Protosynthesis|[fromitem]\n|-start|p1b: Intigua|protosynthesisatk\n|turn|6\n|\n|t:|1683332027\n|move|p2b: Sandy Shocks|Earth Power|p1b: Intigua\n|-damage|p1b: Intigua|57\/100\n|move|p2a: Scream Tail|Dazzling Gleam|p1b: Intigua|[spread] p1a,p1b\n|-supereffective|p1b: Intigua\n|-damage|p1a: Glorpis|50\/100\n|-damage|p1b: Intigua|0 fnt\n|faint|p1b: Intigua\n|-end|p1b: Intigua|Protosynthesis|[silent]\n|move|p1a: Glorpis|Ice Beam|p2b: Sandy Shocks\n|-supereffective|p2b: Sandy Shocks\n|-damage|p2b: Sandy Shocks|0 fnt\n|faint|p2b: Sandy Shocks\n|-end|p2b: Sandy Shocks|Protosynthesis|[silent]\n|\n|upkeep\n|\n|t:|1683332038\n|switch|p1b: Morty|Cetitan, L50, F|100\/100\n|switch|p2b: Great Tusk|Great Tusk, L50|100\/100\n|turn|7\n|\n|t:|1683332079\n|move|p2a: Scream Tail|Protect|p2a: Scream Tail\n|-singleturn|p2a: Scream Tail|Protect\n|move|p2b: Great Tusk|Close Combat|p1b: Morty\n|-supereffective|p1b: Morty\n|-damage|p1b: Morty|0 fnt\n|-unboost|p2b: Great Tusk|def|1\n|-unboost|p2b: Great Tusk|spd|1\n|faint|p1b: Morty\n|move|p1a: Glorpis|Surf|p2b: Great Tusk|[spread] p2b\n|-activate|p2a: Scream Tail|move: Protect\n|-supereffective|p2b: Great Tusk\n|-damage|p2b: Great Tusk|0 fnt\n|faint|p2b: Great Tusk\n|-end|p2b: Great Tusk|Protosynthesis|[silent]\n|\n|upkeep\n|turn|8\n|\n|t:|1683332097\n|move|p2a: Scream Tail|Dazzling Gleam|p1a: Glorpis\n|-damage|p1a: Glorpis|34\/100\n|move|p1a: Glorpis|Ice Beam|p2a: Scream Tail\n|-damage|p2a: Scream Tail|0 fnt\n|faint|p2a: Scream Tail\n|-end|p2a: Scream Tail|Protosynthesis|[silent]\n|\n|win|labmonjo1210\n|l|\u2606labmonjo1210\n","uploadtime":1683332467,"views":7,"p1id":"labmonjo1210","p2id":"stardragon44","formatid":"gen9vgc2023regulationc","rating":0,"private":0,"password":""}