{"id":"gen9vgc2023regulationc-1864200070","p1":"RedRosePerception","p2":"Valency GL","format":"[Gen 9] VGC 2023 Regulation C","log":"|j|\u2606RedRosePerception\n|j|\u2606Valency GL\n|t:|1684135285\n|gametype|doubles\n|player|p1|RedRosePerception|acetrainerf-gen4|1343\n|player|p2|Valency GL|169|1297\n|teamsize|p1|6\n|teamsize|p2|6\n|gen|9\n|tier|[Gen 9] VGC 2023 Regulation C\n|rated|\n|rule|Species Clause: Limit one of each Pok\u00e9mon\n|rule|Item Clause: Limit one of each item\n|clearpoke\n|poke|p1|Abomasnow, L50, F|\n|poke|p1|Iron Bundle, L50|\n|poke|p1|Baxcalibur, L50, M|\n|poke|p1|Annihilape, L50, F|\n|poke|p1|Maushold-Four, L50|\n|poke|p1|Kingambit, L50, F|\n|poke|p2|Kingambit, L50, M|\n|poke|p2|Gyarados, L50, M|\n|poke|p2|Baxcalibur, L50, M|\n|poke|p2|Volcarona, L50, F|\n|poke|p2|Maushold-Four, L50|\n|poke|p2|Ting-Lu, L50|\n|teampreview|4\n|inactive|Battle timer is ON: inactive players will automatically lose when time's up. (requested by RedRosePerception)\n|inactive|Valency GL has 60 seconds left.\n|\n|t:|1684135369\n|start\n|switch|p1a: Abomasnow|Abomasnow, L50, F|100\/100\n|switch|p1b: Iron Bundle|Iron Bundle, L50|100\/100\n|switch|p2a: Volcarona|Volcarona, L50, F|100\/100\n|switch|p2b: Baxcalibur|Baxcalibur, L50, M, shiny|100\/100\n|-weather|Snow|[from] ability: Snow Warning|[of] p1a: Abomasnow\n|-enditem|p1b: Iron Bundle|Booster Energy\n|-activate|p1b: Iron Bundle|ability: Quark Drive|[fromitem]\n|-start|p1b: Iron Bundle|quarkdrivespe\n|turn|1\n|\n|t:|1684135381\n|-terastallize|p2a: Volcarona|Water\n|move|p1b: Iron Bundle|Blizzard|p2a: Volcarona|[spread] p2a,p2b\n|-resisted|p2a: Volcarona\n|-damage|p2a: Volcarona|79\/100\n|-damage|p2b: Baxcalibur|62\/100\n|-status|p2a: Volcarona|frz\n|-enditem|p2a: Volcarona|Lum Berry|[eat]\n|-curestatus|p2a: Volcarona|frz|[msg]\n|move|p2b: Baxcalibur|Swords Dance|p2b: Baxcalibur\n|-boost|p2b: Baxcalibur|atk|2\n|move|p2a: Volcarona|Quiver Dance|p2a: Volcarona\n|-boost|p2a: Volcarona|spa|1\n|-boost|p2a: Volcarona|spd|1\n|-boost|p2a: Volcarona|spe|1\n|move|p1a: Abomasnow|Earth Power|p2a: Volcarona\n|-damage|p2a: Volcarona|58\/100\n|-damage|p1a: Abomasnow|91\/100|[from] item: Life Orb\n|\n|-weather|Snow|[upkeep]\n|upkeep\n|turn|2\n|\n|t:|1684135406\n|-terastallize|p1a: Abomasnow|Grass\n|move|p1b: Iron Bundle|Blizzard|p2b: Baxcalibur|[spread] p2a,p2b\n|-resisted|p2a: Volcarona\n|-damage|p2a: Volcarona|44\/100\n|-damage|p2b: Baxcalibur|22\/100\n|move|p2a: Volcarona|Giga Drain|p1b: Iron Bundle\n|-supereffective|p1b: Iron Bundle\n|-damage|p1b: Iron Bundle|0 fnt\n|-heal|p2a: Volcarona|82\/100|[from] drain|[of] p1b: Iron Bundle\n|faint|p1b: Iron Bundle\n|-end|p1b: Iron Bundle|Quark Drive|[silent]\n|move|p2b: Baxcalibur|Glaive Rush|p1a: Abomasnow\n|-damage|p1a: Abomasnow|0 fnt\n|-singlemove|p2b: Baxcalibur|Glaive Rush|[silent]\n|faint|p1a: Abomasnow\n|\n|-weather|Snow|[upkeep]\n|upkeep\n|\n|t:|1684135411\n|switch|p1b: El Kabong|Kingambit, L50, F|100\/100\n|switch|p1a: Annihilape|Annihilape, L50, F|100\/100\n|turn|3\n|\n|t:|1684135430\n|move|p2b: Baxcalibur|Ice Shard|p1a: Annihilape\n|-damage|p1a: Annihilape|57\/100\n|move|p1b: El Kabong|Sucker Punch|p2a: Volcarona\n|-damage|p2a: Volcarona|34\/100\n|move|p2a: Volcarona|Heat Wave|p1b: El Kabong|[spread] p1a,p1b\n|-supereffective|p1b: El Kabong\n|-damage|p1a: Annihilape|5\/100\n|-damage|p1b: El Kabong|26\/100\n|move|p1a: Annihilape|Close Combat|p2a: Volcarona\n|-damage|p2a: Volcarona|0 fnt\n|-unboost|p1a: Annihilape|def|1\n|-unboost|p1a: Annihilape|spd|1\n|-status|p1a: Annihilape|brn|[from] ability: Flame Body|[of] p2a: Volcarona\n|faint|p2a: Volcarona\n|\n|-weather|Snow|[upkeep]\n|-damage|p1a: Annihilape|0 fnt|[from] brn\n|faint|p1a: Annihilape\n|upkeep\n|\n|t:|1684135441\n|switch|p2a: Kingambit|Kingambit, L50, M|100\/100\n|turn|4\n|\n|t:|1684135446\n|move|p2b: Baxcalibur|Protect|p2b: Baxcalibur\n|-singleturn|p2b: Baxcalibur|Protect\n|move|p1b: El Kabong|Sucker Punch||[still]\n|-fail|p1b: El Kabong\n|move|p2a: Kingambit|Iron Head|p1b: El Kabong\n|-resisted|p1b: El Kabong\n|-damage|p1b: El Kabong|8\/100\n|\n|-weather|Snow|[upkeep]\n|upkeep\n|turn|5\n|\n|t:|1684135459\n|move|p2b: Baxcalibur|Ice Shard|p1b: El Kabong\n|-resisted|p1b: El Kabong\n|-damage|p1b: El Kabong|0 fnt\n|faint|p1b: El Kabong\n|\n|win|Valency GL\n|raw|RedRosePerception's rating: 1343 → 1320<\/strong> (-23 for losing)\n|raw|Valency GL's rating: 1297 → 1325<\/strong> (+28 for winning)\n|l|\u2606RedRosePerception\n","uploadtime":1684135466,"views":9,"p1id":"redroseperception","p2id":"valencygl","formatid":"gen9vgc2023regulationc","rating":1320,"private":0,"password":""}