{"id":"gen9vgc2023regulationc-1852622146","p1":"Articuno2019","p2":"WispWhimsicott","format":"[Gen 9] VGC 2023 Regulation C","log":"|j|\u2606Articuno2019\n|j|\u2606WispWhimsicott\n|t:|1682586767\n|gametype|doubles\n|player|p1|Articuno2019|169|1403\n|player|p2|WispWhimsicott|unknown|1439\n|teamsize|p1|6\n|teamsize|p2|6\n|gen|9\n|tier|[Gen 9] VGC 2023 Regulation C\n|rated|\n|rule|Species Clause: Limit one of each Pok\u00e9mon\n|rule|Item Clause: Limit one of each item\n|clearpoke\n|poke|p1|Chi-Yu, L50|\n|poke|p1|Flutter Mane, L50|\n|poke|p1|Toedscruel, L50, M|\n|poke|p1|Sylveon, L50, M|\n|poke|p1|Iron Bundle, L50|\n|poke|p1|Kingambit, L50, F|\n|poke|p2|Palafin, L50, M|\n|poke|p2|Flutter Mane, L50|\n|poke|p2|Chien-Pao, L50|\n|poke|p2|Kingambit, L50, M|\n|poke|p2|Arcanine, L50, F|\n|poke|p2|Amoonguss, L50, F|\n|teampreview|4\n|inactive|Battle timer is ON: inactive players will automatically lose when time's up. (requested by WispWhimsicott)\nWispWhimsicott has agreed to open team sheets.\n|inactive|Articuno2019 has 60 seconds left.\n|inactive|WispWhimsicott has 60 seconds left.\n|j| Rabbihorn\n|\n|t:|1682586820\n|start\n|switch|p1a: Iron Bundle|Iron Bundle, L50|100\/100\n|switch|p1b: Flutter Mane|Flutter Mane, L50|100\/100\n|switch|p2a: Kingambit|Kingambit, L50, M|100\/100\n|switch|p2b: Palafin|Palafin, L50, M|100\/100\n|-enditem|p1b: Flutter Mane|Booster Energy\n|-activate|p1b: Flutter Mane|ability: Protosynthesis|[fromitem]\n|-start|p1b: Flutter Mane|protosynthesisspe\n|turn|1\n|inactive|WispWhimsicott has 30 seconds left.\n|inactive|WispWhimsicott has 20 seconds left.\n|\n|t:|1682586859\n|detailschange|p2b: Palafin|Palafin-Hero, L50, M\n|switch|p2b: Arcanine|Arcanine, L50, F|100\/100\n|-ability|p2b: Arcanine|Intimidate|boost\n|-unboost|p1a: Iron Bundle|atk|1\n|-unboost|p1b: Flutter Mane|atk|1\n|-terastallize|p2a: Kingambit|Fire\n|move|p1b: Flutter Mane|Protect|p1b: Flutter Mane\n|-singleturn|p1b: Flutter Mane|Protect\n|move|p1a: Iron Bundle|Freeze-Dry|p2b: Arcanine\n|-resisted|p2b: Arcanine\n|-crit|p2b: Arcanine\n|-damage|p2b: Arcanine|73\/100\n|move|p2a: Kingambit|Kowtow Cleave|p1a: Iron Bundle\n|-damage|p1a: Iron Bundle|42\/100\n|\n|upkeep\n|turn|2\n|inactive|Articuno2019 has 30 seconds left.\n|\n|t:|1682586890\n|-end|p1a: Iron Bundle|Quark Drive|[silent]\n|switch|p1a: Chi-Yu|Chi-Yu, L50|100\/100\n|-ability|p1a: Chi-Yu|Beads of Ruin\n|move|p2a: Kingambit|Sucker Punch||[still]\n|-fail|p2a: Kingambit\n|move|p1b: Flutter Mane|Shadow Ball|p2b: Arcanine\n|-damage|p2b: Arcanine|17\/100\n|move|p2b: Arcanine|Flare Blitz|p1b: Flutter Mane\n|-damage|p1b: Flutter Mane|10\/100\n|-damage|p2b: Arcanine|0 fnt|[from] Recoil\n|faint|p2b: Arcanine\n|\n|upkeep\n|\n|t:|1682586895\n|switch|p2b: Palafin|Palafin-Hero, L50, M|100\/100\n|-activate|p2b: Palafin|ability: Zero to Hero\n|turn|3\n|inactive|Articuno2019 has 30 seconds left.\n|inactive|WispWhimsicott has 30 seconds left.\n|\n|t:|1682586930\n|-terastallize|p1a: Chi-Yu|Grass\n|move|p1b: Flutter Mane|Protect|p1b: Flutter Mane\n|-singleturn|p1b: Flutter Mane|Protect\n|move|p2b: Palafin|Jet Punch|p1a: Chi-Yu\n|-resisted|p1a: Chi-Yu\n|-damage|p1a: Chi-Yu|78\/100\n|move|p2a: Kingambit|Sucker Punch||[still]\n|-fail|p2a: Kingambit\n|move|p1a: Chi-Yu|Nasty Plot|p1a: Chi-Yu\n|-boost|p1a: Chi-Yu|spa|2\n|\n|-heal|p1a: Chi-Yu|84\/100|[from] item: Leftovers\n|upkeep\n|turn|4\n|inactive|Articuno2019 has 30 seconds left.\n|inactive|WispWhimsicott has 30 seconds left.\n|\n|t:|1682586962\n|-end|p1b: Flutter Mane|Protosynthesis|[silent]\n|switch|p1b: Kingambit|Kingambit, L50, F|100\/100\n|move|p2b: Palafin|Jet Punch|p1b: Kingambit\n|-damage|p1b: Kingambit|67\/100\n|move|p1a: Chi-Yu|Dark Pulse|p2a: Kingambit\n|-damage|p2a: Kingambit|36\/100\n|cant|p2a: Kingambit|flinch\n|\n|-heal|p1a: Chi-Yu|90\/100|[from] item: Leftovers\n|upkeep\n|turn|5\n|inactive|WispWhimsicott has 30 seconds left.\n|inactive|WispWhimsicott has 20 seconds left.\n|inactive|WispWhimsicott has 15 seconds left.\n|\n|t:|1682587004\n|move|p2b: Palafin|Protect|p2b: Palafin\n|-singleturn|p2b: Palafin|Protect\n|move|p2a: Kingambit|Sucker Punch|p1a: Chi-Yu\n|-damage|p1a: Chi-Yu|51\/100\n|move|p1a: Chi-Yu|Dark Pulse|p2a: Kingambit\n|-damage|p2a: Kingambit|0 fnt\n|faint|p2a: Kingambit\n|move|p1b: Kingambit|Kowtow Cleave|p2b: Palafin\n|-activate|p2b: Palafin|move: Protect\n|\n|-heal|p1a: Chi-Yu|57\/100|[from] item: Leftovers\n|upkeep\n|\n|t:|1682587006\n|switch|p2a: Chien-Pao|Chien-Pao, L50|100\/100\n|-ability|p2a: Chien-Pao|Sword of Ruin\n|turn|6\n|inactive|Articuno2019 has 30 seconds left.\n|\n|t:|1682587034\n|move|p1b: Kingambit|Sucker Punch|p2a: Chien-Pao\n|-resisted|p2a: Chien-Pao\n|-damage|p2a: Chien-Pao|72\/100\n|move|p2a: Chien-Pao|Ice Spinner|p1a: Chi-Yu\n|-supereffective|p1a: Chi-Yu\n|-damage|p1a: Chi-Yu|0 fnt\n|faint|p1a: Chi-Yu\n|move|p2b: Palafin|Wave Crash|p1b: Kingambit\n|-damage|p1b: Kingambit|0 fnt\n|faint|p1b: Kingambit\n|-damage|p2b: Palafin|78\/100|[from] Recoil\n|\n|upkeep\n|\n|t:|1682587047\n|switch|p1a: Flutter Mane|Flutter Mane, L50|10\/100\n|switch|p1b: Iron Bundle|Iron Bundle, L50|42\/100\n|turn|7\n|\n|t:|1682587067\n|move|p1a: Flutter Mane|Protect|p1a: Flutter Mane\n|-singleturn|p1a: Flutter Mane|Protect\n|move|p2a: Chien-Pao|Sucker Punch||[still]\n|-fail|p2a: Chien-Pao\n|move|p2b: Palafin|Jet Punch|p1a: Flutter Mane\n|-activate|p1a: Flutter Mane|move: Protect\n|move|p1b: Iron Bundle|Encore|p2a: Chien-Pao\n|-start|p2a: Chien-Pao|Encore\n|\n|upkeep\n|turn|8\n|\n|t:|1682587085\n|move|p1a: Flutter Mane|Protect||[still]\n|-fail|p1a: Flutter Mane\n|move|p2a: Chien-Pao|Sucker Punch|p1b: Iron Bundle\n|-damage|p1b: Iron Bundle|0 fnt\n|faint|p1b: Iron Bundle\n|-end|p1b: Iron Bundle|Quark Drive|[silent]\n|move|p2b: Palafin|Jet Punch|p1a: Flutter Mane\n|-damage|p1a: Flutter Mane|0 fnt\n|faint|p1a: Flutter Mane\n|-end|p1a: Flutter Mane|Protosynthesis|[silent]\n|\n|win|WispWhimsicott\n|raw|Articuno2019's rating: 1403 → 1385<\/strong> (-18 for losing)\n|raw|WispWhimsicott's rating: 1439 → 1457<\/strong> (+18 for winning)\n|l|\u2606Articuno2019\n|l| Rabbihorn\n","uploadtime":1682587600,"views":10,"p1id":"articuno2019","p2id":"wispwhimsicott","formatid":"gen9vgc2023regulationc","rating":1385,"private":0,"password":""}