{"id":"gen9vgc2023regulationc-1859045575","p1":"Telaketju","p2":"assprinatschool","format":"[Gen 9] VGC 2023 Regulation C","log":"|j|\u2606Telaketju\n|j|\u2606assprinatschool\n|t:|1683398060\n|gametype|doubles\n|player|p1|Telaketju|266|1260\n|player|p2|assprinatschool|169|1326\n|teamsize|p1|6\n|teamsize|p2|6\n|gen|9\n|tier|[Gen 9] VGC 2023 Regulation C\n|rated|\n|rule|Species Clause: Limit one of each Pok\u00e9mon\n|rule|Item Clause: Limit one of each item\n|clearpoke\n|poke|p1|Torkoal, L50, M|\n|poke|p1|Chi-Yu, L50|\n|poke|p1|Wo-Chien, L50|\n|poke|p1|Tatsugiri, L50, F|\n|poke|p1|Dondozo, L50, F|\n|poke|p1|Scream Tail, L50|\n|poke|p2|Glimmora, L50, M|\n|poke|p2|Garganacl, L50, F|\n|poke|p2|Tyranitar, L50, F|\n|poke|p2|Houndstone, L50, M|\n|poke|p2|Salamence, L50, M|\n|poke|p2|Rotom-Mow, L50|\n|teampreview|4\nassprinatschool has agreed to open team sheets.\n|\n|t:|1683398106\n|start\n|switch|p1a: Scream Tail|Scream Tail, L50|100\/100\n|switch|p1b: Wo-Chien|Wo-Chien, L50|100\/100\n|switch|p2a: Glimmora|Glimmora, L50, M|100\/100\n|switch|p2b: Houndstone|Houndstone, L50, M|100\/100\n|-ability|p1b: Wo-Chien|Tablets of Ruin\n|turn|1\n|\n|t:|1683398125\n|switch|p2b: Garganacl|Garganacl, L50, F|100\/100\n|move|p2a: Glimmora|Mortal Spin|p1a: Scream Tail|[spread] p1a,p1b\n|-supereffective|p1a: Scream Tail\n|-supereffective|p1b: Wo-Chien\n|-damage|p1a: Scream Tail|95\/100\n|-damage|p1b: Wo-Chien|94\/100\n|-status|p1a: Scream Tail|psn\n|-status|p1b: Wo-Chien|psn\n|move|p1b: Wo-Chien|Leaf Storm|p2b: Garganacl\n|-supereffective|p2b: Garganacl\n|-damage|p2b: Garganacl|14\/100\n|-unboost|p1b: Wo-Chien|spa|2\n|-enditem|p1b: Wo-Chien|Eject Pack\n|\n|t:|1683398137\n|switch|p1b: Torkoal|Torkoal, L50, M|100\/100\n|-weather|SunnyDay|[from] ability: Drought|[of] p1b: Torkoal\n|-activate|p1a: Scream Tail|ability: Protosynthesis\n|-start|p1a: Scream Tail|protosynthesisspd\n|move|p1a: Scream Tail|Trick Room|p1a: Scream Tail\n|-fieldstart|move: Trick Room|[of] p1a: Scream Tail\n|\n|-weather|SunnyDay|[upkeep]\n|-heal|p2b: Garganacl|19\/100|[from] item: Leftovers\n|-damage|p1a: Scream Tail|83\/100 psn|[from] psn\n|upkeep\n|turn|2\n|\n|t:|1683398161\n|-terastallize|p1b: Torkoal|Fire\n|move|p2b: Garganacl|Wide Guard|p2b: Garganacl\n|-singleturn|p2b: Garganacl|Wide Guard\n|move|p1b: Torkoal|Eruption|p2b: Garganacl|[spread] \n|-activate|p2a: Glimmora|move: Wide Guard\n|-activate|p2b: Garganacl|move: Wide Guard\n|move|p1a: Scream Tail|Encore|p2a: Glimmora\n|-start|p2a: Glimmora|Encore\n|move|p2a: Glimmora|Mortal Spin|p1b: Torkoal|[spread] p1a,p1b\n|-supereffective|p1a: Scream Tail\n|-damage|p1a: Scream Tail|77\/100 psn\n|-damage|p1b: Torkoal|97\/100\n|-status|p1b: Torkoal|psn\n|\n|-weather|SunnyDay|[upkeep]\n|-heal|p2b: Garganacl|25\/100|[from] item: Leftovers\n|-damage|p1b: Torkoal|85\/100 psn|[from] psn\n|-damage|p1a: Scream Tail|64\/100 psn|[from] psn\n|upkeep\n|turn|3\n|\n|t:|1683398188\n|switch|p2a: Tyranitar|Tyranitar, L50, F|100\/100\n|-weather|Sandstorm|[from] ability: Sand Stream|[of] p2a: Tyranitar\n|-end|p1a: Scream Tail|Protosynthesis\n|move|p1b: Torkoal|Eruption|p2b: Garganacl|[spread] p2a,p2b\n|-resisted|p2a: Tyranitar\n|-resisted|p2b: Garganacl\n|-damage|p2a: Tyranitar|75\/100\n|-damage|p2b: Garganacl|6\/100\n|move|p2b: Garganacl|Salt Cure|p1b: Torkoal\n|-supereffective|p1b: Torkoal\n|-damage|p1b: Torkoal|61\/100 psn\n|-start|p1b: Torkoal|Salt Cure\n|move|p1a: Scream Tail|Disable|p2b: Garganacl\n|-start|p2b: Garganacl|Disable|Salt Cure\n|\n|-weather|Sandstorm|[upkeep]\n|-damage|p1b: Torkoal|55\/100 psn|[from] Sandstorm\n|-damage|p1a: Scream Tail|59\/100 psn|[from] Sandstorm\n|-heal|p2b: Garganacl|12\/100|[from] item: Leftovers\n|-damage|p1b: Torkoal|42\/100 psn|[from] psn\n|-damage|p1a: Scream Tail|46\/100 psn|[from] psn\n|-damage|p1b: Torkoal|30\/100 psn|[from] Salt Cure\n|upkeep\n|turn|4\n|\n|t:|1683398211\n|switch|p2b: Glimmora|Glimmora, L50, M|100\/100\n|move|p1b: Torkoal|Eruption|p2a: Tyranitar|[spread] p2a,p2b\n|-resisted|p2a: Tyranitar\n|-resisted|p2b: Glimmora\n|-damage|p2a: Tyranitar|66\/100\n|-damage|p2b: Glimmora|95\/100\n|move|p1a: Scream Tail|Encore||[still]\n|-fail|p1a: Scream Tail\n|move|p2a: Tyranitar|Rock Slide|p1b: Torkoal|[spread] p1a,p1b\n|-supereffective|p1b: Torkoal\n|-damage|p1a: Scream Tail|24\/100 psn\n|-damage|p1b: Torkoal|0 fnt\n|faint|p1b: Torkoal\n|\n|-weather|Sandstorm|[upkeep]\n|-damage|p1a: Scream Tail|19\/100 psn|[from] Sandstorm\n|-damage|p1a: Scream Tail|6\/100 psn|[from] psn\n|upkeep\n|\n|t:|1683398226\n|switch|p1b: Wo-Chien|Wo-Chien, L50|94\/100 psn\n|-ability|p1b: Wo-Chien|Tablets of Ruin\n|turn|5\n|\n|t:|1683398239\n|switch|p2a: Garganacl|Garganacl, L50, F|12\/100\n|move|p1a: Scream Tail|Disable||[still]\n|-fail|p1a: Scream Tail\n|move|p1b: Wo-Chien|Leaf Storm|p2a: Garganacl\n|-supereffective|p2a: Garganacl\n|-damage|p2a: Garganacl|0 fnt\n|-unboost|p1b: Wo-Chien|spa|2\n|faint|p2a: Garganacl\n|move|p2b: Glimmora|Sludge Bomb|p1b: Wo-Chien\n|-supereffective|p1b: Wo-Chien\n|-damage|p1b: Wo-Chien|32\/100 psn\n|\n|-weather|Sandstorm|[upkeep]\n|-damage|p1a: Scream Tail|0 fnt|[from] Sandstorm\n|-damage|p1b: Wo-Chien|25\/100 psn|[from] Sandstorm\n|faint|p1a: Scream Tail\n|-end|p1a: Scream Tail|Protosynthesis|[silent]\n|-damage|p1b: Wo-Chien|13\/100 psn|[from] psn\n|-fieldend|move: Trick Room\n|upkeep\n|\n|t:|1683398255\n|switch|p1a: Chi-Yu|Chi-Yu, L50|100\/100\n|switch|p2a: Houndstone|Houndstone, L50, M|100\/100\n|-ability|p1a: Chi-Yu|Beads of Ruin\n|turn|6\n|\n|t:|1683398267\n|move|p1b: Wo-Chien|Protect|p1b: Wo-Chien\n|-singleturn|p1b: Wo-Chien|Protect\n|move|p2a: Houndstone|Scary Face|p1a: Chi-Yu\n|-unboost|p1a: Chi-Yu|spe|2\n|move|p2b: Glimmora|Power Gem|p1a: Chi-Yu\n|-supereffective|p1a: Chi-Yu\n|-damage|p1a: Chi-Yu|12\/100\n|move|p1a: Chi-Yu|Dark Pulse|p2a: Houndstone\n|-supereffective|p2a: Houndstone\n|-damage|p2a: Houndstone|0 fnt\n|faint|p2a: Houndstone\n|\n|-weather|Sandstorm|[upkeep]\n|-damage|p1b: Wo-Chien|7\/100 psn|[from] Sandstorm\n|-damage|p1b: Wo-Chien|0 fnt|[from] psn\n|faint|p1b: Wo-Chien\n|upkeep\n|\n|t:|1683398282\n|switch|p2a: Tyranitar|Tyranitar, L50, F|66\/100\n|turn|7\n|-message|Telaketju forfeited.\n|\n|win|assprinatschool\n|raw|Telaketju's rating: 1260 → 1240<\/strong> (-20 for losing)\n|raw|assprinatschool's rating: 1326 → 1342<\/strong> (+16 for winning)\n|l|\u2606Telaketju\n|l|\u2606assprinatschool\n","uploadtime":1683398316,"views":15,"p1id":"telaketju","p2id":"assprinatschool","formatid":"gen9vgc2023regulationc","rating":1240,"private":0,"password":""}