{"id":"gen9vgc2023regulationc-1854409756","p1":"NicoHaxVGC","p2":"Buhginghi","format":"[Gen 9] VGC 2023 Regulation C","log":"|j|\u2606NicoHaxVGC\n|j|\u2606Buhginghi\n|t:|1682807321\n|gametype|doubles\n|player|p1|NicoHaxVGC|red|1260\n|player|p2|Buhginghi|cheryl|1369\n|teamsize|p1|6\n|teamsize|p2|6\n|gen|9\n|tier|[Gen 9] VGC 2023 Regulation C\n|rated|\n|rule|Species Clause: Limit one of each Pok\u00e9mon\n|rule|Item Clause: Limit one of each item\n|clearpoke\n|poke|p1|Corviknight, L50, F|\n|poke|p1|Ting-Lu, L50|\n|poke|p1|Annihilape, L50, M|\n|poke|p1|Amoonguss, L50, F|\n|poke|p1|Iron Bundle, L50|\n|poke|p1|Flutter Mane, L50|\n|poke|p2|Ting-Lu, L50|\n|poke|p2|Palafin, L50, F|\n|poke|p2|Amoonguss, L50, F|\n|poke|p2|Arcanine, L50, M|\n|poke|p2|Flutter Mane, L50|\n|poke|p2|Ceruledge, L50, F|\n|teampreview|4\n|inactive|Battle timer is ON: inactive players will automatically lose when time's up. (requested by NicoHaxVGC)\nBuhginghi has agreed to open team sheets.\nNicoHaxVGC has agreed to open team sheets.\n|inactive|NicoHaxVGC has 60 seconds left.\n|inactive|Buhginghi has 60 seconds left.\n|\n|t:|1682807367\n|start\n|switch|p1a: Cyborg|Iron Bundle, L50|100\/100\n|switch|p1b: Star fire|Flutter Mane, L50|100\/100\n|switch|p2a: Flutter Mane|Flutter Mane, L50|100\/100\n|switch|p2b: Veruledge|Ceruledge, L50, F|100\/100\n|-enditem|p1a: Cyborg|Booster Energy\n|-activate|p1a: Cyborg|ability: Quark Drive|[fromitem]\n|-start|p1a: Cyborg|quarkdrivespe\n|-enditem|p2a: Flutter Mane|Booster Energy\n|-activate|p2a: Flutter Mane|ability: Protosynthesis|[fromitem]\n|-start|p2a: Flutter Mane|protosynthesisspa\n|turn|1\n|inactive|Buhginghi has 30 seconds left.\n|\n|t:|1682807393\n|-end|p2a: Flutter Mane|Protosynthesis|[silent]\n|switch|p2a: Ting-Lu|Ting-Lu, L50|100\/100\n|-ability|p2a: Ting-Lu|Vessel of Ruin\n|-terastallize|p2b: Veruledge|Grass\n|move|p1a: Cyborg|Icy Wind|p2a: Ting-Lu|[spread] p2a,p2b\n|-supereffective|p2a: Ting-Lu\n|-supereffective|p2b: Veruledge\n|-damage|p2a: Ting-Lu|88\/100\n|-damage|p2b: Veruledge|71\/100\n|-unboost|p2a: Ting-Lu|spe|1\n|move|p1b: Star fire|Shadow Ball|p2b: Veruledge\n|-damage|p2b: Veruledge|24\/100\n|move|p2b: Veruledge|Bitter Blade|p1b: Star fire\n|-crit|p1b: Star fire\n|-damage|p1b: Star fire|0 fnt\n|-heal|p2b: Veruledge|68\/100|[from] drain|[of] p1b: Star fire\n|faint|p1b: Star fire\n|-end|p1b: Star fire|Protosynthesis|[silent]\n|\n|upkeep\n|\n|t:|1682807411\n|switch|p1b: Raven|Corviknight, L50, F|100\/100\n|turn|2\n|\n|t:|1682807429\n|-end|p1a: Cyborg|Quark Drive|[silent]\n|switch|p1a: Beast boy|Ting-Lu, L50|100\/100\n|-ability|p1a: Beast boy|Vessel of Ruin\n|switch|p2b: Amoonguss|Amoonguss, L50, F|100\/100\n|move|p1b: Raven|Brave Bird|p2b: Amoonguss\n|-supereffective|p2b: Amoonguss\n|-damage|p2b: Amoonguss|30\/100\n|-damage|p1b: Raven|75\/100|[from] Recoil\n|move|p2a: Ting-Lu|Snarl|p1a: Beast boy|[spread] p1a,p1b\n|-resisted|p1a: Beast boy\n|-damage|p1a: Beast boy|99\/100\n|-damage|p1b: Raven|68\/100\n|-unboost|p1a: Beast boy|spa|1\n|-ability|p1b: Raven|Mirror Armor\n|-unboost|p2a: Ting-Lu|spa|1\n|\n|upkeep\n|turn|3\n|inactive|Buhginghi has 30 seconds left.\n|\n|t:|1682807456\n|move|p2b: Amoonguss|Rage Powder|p2b: Amoonguss\n|-singleturn|p2b: Amoonguss|move: Rage Powder\n|move|p1b: Raven|Brave Bird|p2b: Amoonguss\n|-supereffective|p2b: Amoonguss\n|-damage|p2b: Amoonguss|0 fnt\n|faint|p2b: Amoonguss\n|-damage|p1b: Raven|57\/100|[from] Recoil\n|move|p1a: Beast boy|Ruination|p2a: Ting-Lu\n|-damage|p2a: Ting-Lu|45\/100\n|move|p2a: Ting-Lu|Ruination|p1b: Raven\n|-damage|p1b: Raven|29\/100\n|\n|upkeep\n|\n|t:|1682807470\n|switch|p2b: Veruledge|Ceruledge, L50, F, tera:Grass|68\/100\n|turn|4\n|inactive|NicoHaxVGC has 30 seconds left.\n|\n|t:|1682807499\n|-terastallize|p1b: Raven|Fire\n|move|p2b: Veruledge|Bitter Blade|p1b: Raven\n|-resisted|p1b: Raven\n|-damage|p1b: Raven|7\/100\n|-heal|p2b: Veruledge|81\/100|[from] drain|[of] p1b: Raven\n|move|p1b: Raven|Brave Bird|p2b: Veruledge\n|-supereffective|p2b: Veruledge\n|-crit|p2b: Veruledge\n|-damage|p2b: Veruledge|0 fnt\n|faint|p2b: Veruledge\n|-damage|p1b: Raven|0 fnt|[from] Recoil\n|faint|p1b: Raven\n|move|p1a: Beast boy|Ruination|p2a: Ting-Lu\n|-damage|p2a: Ting-Lu|23\/100\n|move|p2a: Ting-Lu|Ruination|p1a: Beast boy\n|-damage|p1a: Beast boy|50\/100\n|\n|upkeep\n|\n|t:|1682807515\n|switch|p2b: Flutter Mane|Flutter Mane, L50|100\/100\n|switch|p1b: Cyborg|Iron Bundle, L50|100\/100\n|turn|5\n|\n|t:|1682807528\n|move|p1b: Cyborg|Freeze-Dry|p2a: Ting-Lu\n|-supereffective|p2a: Ting-Lu\n|-damage|p2a: Ting-Lu|1\/100\n|move|p2b: Flutter Mane|Dazzling Gleam|p1b: Cyborg|[spread] p1a,p1b\n|-supereffective|p1a: Beast boy\n|-damage|p1a: Beast boy|29\/100\n|-damage|p1b: Cyborg|62\/100\n|move|p1a: Beast boy|Heavy Slam|p2b: Flutter Mane\n|-supereffective|p2b: Flutter Mane\n|-damage|p2b: Flutter Mane|0 fnt\n|faint|p2b: Flutter Mane\n|-end|p2b: Flutter Mane|Protosynthesis|[silent]\n|move|p2a: Ting-Lu|Stomping Tantrum|p1b: Cyborg\n|-damage|p1b: Cyborg|31\/100\n|\n|upkeep\n|turn|6\n|-message|Buhginghi forfeited.\n|\n|win|NicoHaxVGC\n|raw|NicoHaxVGC's rating: 1260 → 1293<\/strong> (+33 for winning)\n|raw|Buhginghi's rating: 1369 → 1343<\/strong> (-26 for losing)\n|l|\u2606Buhginghi\n","uploadtime":1682807542,"views":31,"p1id":"nicohaxvgc","p2id":"buhginghi","formatid":"gen9vgc2023regulationc","rating":1293,"private":0,"password":""}