{"id":"gen9vgc2023regulationc-1846564141","p1":"dogson5","p2":"Oligocene","format":"[Gen 9] VGC 2023 Regulation C","log":"|j|\u2606dogson5\n|j|\u2606Oligocene\n|t:|1681852107\n|gametype|doubles\n|player|p1|dogson5|nate|1302\n|player|p2|Oligocene|colress|1384\n|teamsize|p1|6\n|teamsize|p2|6\n|gen|9\n|tier|[Gen 9] VGC 2023 Regulation C\n|rated|\n|rule|Species Clause: Limit one of each Pok\u00e9mon\n|rule|Item Clause: Limit one of each item\n|clearpoke\n|poke|p1|Palafin, L50, M|\n|poke|p1|Flutter Mane, L50|\n|poke|p1|Arcanine, L50, F|\n|poke|p1|Amoonguss, L50, M|\n|poke|p1|Dragonite, L50, M|\n|poke|p1|Kingambit, L50, F|\n|poke|p2|Chi-Yu, L50|\n|poke|p2|Lilligant, L50, F|\n|poke|p2|Torkoal, L50, M|\n|poke|p2|Flutter Mane, L50|\n|poke|p2|Brute Bonnet, L50|\n|poke|p2|Great Tusk, L50|\n|teampreview|4\nOligocene has agreed to open team sheets.\n|\n|t:|1681852216\n|start\n|switch|p1a: Palafin|Palafin, L50, M|100\/100\n|switch|p1b: Amoonguss|Amoonguss, L50, M|100\/100\n|switch|p2a: Flutter Mane|Flutter Mane, L50|100\/100\n|switch|p2b: Brute Bonnet|Brute Bonnet, L50|100\/100\n|turn|1\n|\n|t:|1681852237\n|move|p1a: Palafin|Protect|p1a: Palafin\n|-singleturn|p1a: Palafin|Protect\n|move|p2b: Brute Bonnet|Protect|p2b: Brute Bonnet\n|-singleturn|p2b: Brute Bonnet|Protect\n|move|p2a: Flutter Mane|Shadow Ball|p1b: Amoonguss\n|-damage|p1b: Amoonguss|41\/100\n|-enditem|p1b: Amoonguss|Sitrus Berry|[eat]\n|-heal|p1b: Amoonguss|66\/100|[from] item: Sitrus Berry\n|move|p1b: Amoonguss|Spore|p2a: Flutter Mane\n|-status|p2a: Flutter Mane|slp|[from] move: Spore\n|\n|upkeep\n|turn|2\n|\n|t:|1681852261\n|-end|p2a: Flutter Mane|Protosynthesis|[silent]\n|switch|p2a: Chi-Yu|Chi-Yu, L50|100\/100\n|-ability|p2a: Chi-Yu|Beads of Ruin\n|detailschange|p1a: Palafin|Palafin-Hero, L50, M\n|switch|p1a: Dragonite|Dragonite, L50, M|100\/100\n|move|p2b: Brute Bonnet|Protect||[still]\n|-fail|p2b: Brute Bonnet\n|move|p1b: Amoonguss|Pollen Puff|p2b: Brute Bonnet\n|-supereffective|p2b: Brute Bonnet\n|-damage|p2b: Brute Bonnet|24\/100\n|\n|upkeep\n|turn|3\n|\n|t:|1681852282\n|-end|p2b: Brute Bonnet|Protosynthesis|[silent]\n|switch|p2b: Great Tusk|Great Tusk, L50|100\/100\n|-terastallize|p2a: Chi-Yu|Ghost\n|-terastallize|p1b: Amoonguss|Water\n|move|p2a: Chi-Yu|Nasty Plot|p2a: Chi-Yu\n|-boost|p2a: Chi-Yu|spa|2\n|move|p1a: Dragonite|Stomping Tantrum|p2a: Chi-Yu\n|-damage|p2a: Chi-Yu|62\/100\n|move|p1b: Amoonguss|Pollen Puff|p2b: Great Tusk\n|-resisted|p2b: Great Tusk\n|-damage|p2b: Great Tusk|80\/100\n|\n|upkeep\n|turn|4\n|\n|t:|1681852327\n|move|p1b: Amoonguss|Protect|p1b: Amoonguss\n|-singleturn|p1b: Amoonguss|Protect\n|move|p2b: Great Tusk|Rock Slide|p1a: Dragonite|[spread] p1a\n|-activate|p1b: Amoonguss|move: Protect\n|-supereffective|p1a: Dragonite\n|-damage|p1a: Dragonite|83\/100\n|move|p2a: Chi-Yu|Dark Pulse|p1a: Dragonite\n|-damage|p1a: Dragonite|16\/100\n|move|p1a: Dragonite|Stomping Tantrum|p2a: Chi-Yu\n|-damage|p2a: Chi-Yu|20\/100\n|\n|upkeep\n|turn|5\n|\n|t:|1681852348\n|move|p2b: Great Tusk|Rock Slide|p1b: Amoonguss|[spread] p1a,p1b\n|-supereffective|p1a: Dragonite\n|-damage|p1a: Dragonite|0 fnt\n|-damage|p1b: Amoonguss|51\/100\n|faint|p1a: Dragonite\n|move|p2a: Chi-Yu|Dark Pulse|p1b: Amoonguss\n|-damage|p1b: Amoonguss|0 fnt\n|faint|p1b: Amoonguss\n|\n|upkeep\n|\n|t:|1681852356\n|switch|p1a: Palafin|Palafin-Hero, L50, M|100\/100\n|switch|p1b: Flutter Mane|Flutter Mane, L50|100\/100\n|-activate|p1a: Palafin|ability: Zero to Hero\n|-enditem|p1b: Flutter Mane|Booster Energy\n|-activate|p1b: Flutter Mane|ability: Protosynthesis|[fromitem]\n|-start|p1b: Flutter Mane|protosynthesisspa\n|turn|6\n|\n|t:|1681852367\n|move|p2a: Chi-Yu|Protect|p2a: Chi-Yu\n|-singleturn|p2a: Chi-Yu|Protect\n|move|p1a: Palafin|Jet Punch|p2a: Chi-Yu\n|-activate|p2a: Chi-Yu|move: Protect\n|move|p2b: Great Tusk|Rock Slide|p1a: Palafin|[spread] p1a\n|-miss|p2b: Great Tusk|p1b: Flutter Mane\n|-damage|p1a: Palafin|84\/100\n|move|p1b: Flutter Mane|Moonblast|p2b: Great Tusk\n|-supereffective|p2b: Great Tusk\n|-damage|p2b: Great Tusk|0 fnt\n|faint|p2b: Great Tusk\n|-end|p2b: Great Tusk|Protosynthesis|[silent]\n|\n|upkeep\n|\n|t:|1681852377\n|switch|p2b: Brute Bonnet|Brute Bonnet, L50|24\/100\n|turn|7\n|\n|t:|1681852388\n|move|p2b: Brute Bonnet|Rage Powder|p2b: Brute Bonnet\n|-singleturn|p2b: Brute Bonnet|move: Rage Powder\n|move|p1a: Palafin|Jet Punch|p2b: Brute Bonnet\n|-resisted|p2b: Brute Bonnet\n|-damage|p2b: Brute Bonnet|8\/100\n|move|p1b: Flutter Mane|Moonblast|p2b: Brute Bonnet\n|-supereffective|p2b: Brute Bonnet\n|-damage|p2b: Brute Bonnet|0 fnt\n|faint|p2b: Brute Bonnet\n|-end|p2b: Brute Bonnet|Protosynthesis|[silent]\n|move|p2a: Chi-Yu|Heat Wave|p1a: Palafin|[spread] p1a,p1b\n|-resisted|p1a: Palafin\n|-damage|p1a: Palafin|43\/100\n|-damage|p1b: Flutter Mane|12\/100\n|-status|p1b: Flutter Mane|brn\n|\n|-damage|p1b: Flutter Mane|6\/100 brn|[from] brn\n|upkeep\n|\n|t:|1681852398\n|switch|p2b: Flutter Mane|Flutter Mane, L50|100\/100 slp\n|turn|8\n|\n|t:|1681852404\n|move|p2a: Chi-Yu|Protect|p2a: Chi-Yu\n|-singleturn|p2a: Chi-Yu|Protect\n|move|p1a: Palafin|Jet Punch|p2b: Flutter Mane\n|-damage|p2b: Flutter Mane|18\/100 slp\n|move|p1b: Flutter Mane|Dazzling Gleam|p2b: Flutter Mane|[spread] p2b\n|-activate|p2a: Chi-Yu|move: Protect\n|-damage|p2b: Flutter Mane|0 fnt\n|faint|p2b: Flutter Mane\n|-end|p2b: Flutter Mane|Protosynthesis|[silent]\n|\n|-damage|p1b: Flutter Mane|0 fnt|[from] brn\n|faint|p1b: Flutter Mane\n|-end|p1b: Flutter Mane|Protosynthesis|[silent]\n|upkeep\n|turn|9\n|\n|t:|1681852416\n|move|p1a: Palafin|Jet Punch|p2a: Chi-Yu\n|-damage|p2a: Chi-Yu|0 fnt\n|faint|p2a: Chi-Yu\n|\n|win|dogson5\n|raw|dogson5's rating: 1302 → 1327<\/strong> (+25 for winning)\n|raw|Oligocene's rating: 1384 → 1359<\/strong> (-25 for losing)\n|c|\u2606dogson5|ggwp\n","uploadtime":1681852432,"views":9,"p1id":"dogson5","p2id":"oligocene","formatid":"gen9vgc2023regulationc","rating":1327,"private":0,"password":""}