{"id":"gen9vgc2023regulationc-1859038699","p1":"Mizore te","p2":"SpikemuthCutie","format":"[Gen 9] VGC 2023 Regulation C","log":"|j|\u2606Mizore te\n|j|\u2606SpikemuthCutie\n|t:|1683397252\n|gametype|doubles\n|player|p1|Mizore te|medium|1342\n|player|p2|SpikemuthCutie|lady-gen4|1325\n|teamsize|p1|6\n|teamsize|p2|6\n|gen|9\n|tier|[Gen 9] VGC 2023 Regulation C\n|rated|\n|rule|Species Clause: Limit one of each Pok\u00e9mon\n|rule|Item Clause: Limit one of each item\n|clearpoke\n|poke|p1|Amoonguss, L50, M|\n|poke|p1|Flutter Mane, L50|\n|poke|p1|Baxcalibur, L50, F|\n|poke|p1|Ting-Lu, L50|\n|poke|p1|Gyarados, L50, M|\n|poke|p1|Corviknight, L50, F|\n|poke|p2|Torkoal, L50, M|\n|poke|p2|Dachsbun, L50, M|\n|poke|p2|Jumpluff, L50, F|\n|poke|p2|Wo-Chien, L50|\n|poke|p2|Chi-Yu, L50|\n|poke|p2|Flutter Mane, L50|\n|teampreview|4\n|\n|t:|1683397281\n|start\n|switch|p1a: Ting-Lu|Ting-Lu, L50|100\/100\n|switch|p1b: Gyarados|Gyarados, L50, M|100\/100\n|switch|p2a: Jumpluff|Jumpluff, L50, F, shiny|100\/100\n|switch|p2b: Torkoal|Torkoal, L50, M, shiny|100\/100\n|-ability|p1b: Gyarados|Intimidate|boost\n|-unboost|p2a: Jumpluff|atk|1\n|-unboost|p2b: Torkoal|atk|1\n|-enditem|p2b: Torkoal|Eject Pack\n|\n|t:|1683397306\n|switch|p2b: Chi-Yu|Chi-Yu, L50|100\/100\n|-ability|p2b: Chi-Yu|Beads of Ruin\n|-ability|p1a: Ting-Lu|Vessel of Ruin\n|turn|1\n|\n|t:|1683397325\n|-terastallize|p2b: Chi-Yu|Grass\n|move|p2b: Chi-Yu|Heat Wave|p1a: Ting-Lu|[spread] p1a,p1b\n|-resisted|p1b: Gyarados\n|-damage|p1a: Ting-Lu|86\/100\n|-damage|p1b: Gyarados|90\/100\n|move|p2a: Jumpluff|Tailwind|p2a: Jumpluff\n|-sidestart|p2: SpikemuthCutie|move: Tailwind\n|move|p1b: Gyarados|Waterfall|p2b: Chi-Yu\n|-resisted|p2b: Chi-Yu\n|-damage|p2b: Chi-Yu|77\/100\n|move|p1a: Ting-Lu|Earthquake|p2b: Chi-Yu|[spread] p2b\n|-immune|p1b: Gyarados\n|-immune|p2a: Jumpluff\n|-resisted|p2b: Chi-Yu\n|-damage|p2b: Chi-Yu|53\/100\n|\n|upkeep\n|turn|2\n|\n|t:|1683397348\n|move|p2b: Chi-Yu|Heat Wave|p1a: Ting-Lu|[spread] p1a,p1b\n|-resisted|p1b: Gyarados\n|-damage|p1a: Ting-Lu|70\/100\n|-damage|p1b: Gyarados|78\/100\n|move|p2a: Jumpluff|Pollen Puff|p2b: Chi-Yu\n|-heal|p2b: Chi-Yu|100\/100\n|move|p1b: Gyarados|Taunt|p2a: Jumpluff\n|-start|p2a: Jumpluff|move: Taunt\n|move|p1a: Ting-Lu|Heavy Slam|p2b: Chi-Yu\n|-damage|p2b: Chi-Yu|49\/100\n|\n|upkeep\n|turn|3\n|\n|t:|1683397366\n|move|p2b: Chi-Yu|Heat Wave|p1b: Gyarados|[spread] p1a\n|-miss|p2b: Chi-Yu|p1b: Gyarados\n|-crit|p1a: Ting-Lu\n|-damage|p1a: Ting-Lu|49\/100\n|-status|p1a: Ting-Lu|brn\n|move|p2a: Jumpluff|Pollen Puff|p2b: Chi-Yu\n|-heal|p2b: Chi-Yu|99\/100\n|move|p1b: Gyarados|Thunder Wave|p2b: Chi-Yu\n|-status|p2b: Chi-Yu|par\n|move|p1a: Ting-Lu|Heavy Slam|p2b: Chi-Yu\n|-damage|p2b: Chi-Yu|73\/100 par\n|\n|-damage|p1a: Ting-Lu|43\/100 brn|[from] brn\n|upkeep\n|turn|4\n|\n|t:|1683397387\n|switch|p2b: Torkoal|Torkoal, L50, M, shiny|100\/100\n|-weather|SunnyDay|[from] ability: Drought|[of] p2b: Torkoal\n|move|p2a: Jumpluff|Pollen Puff|p1a: Ting-Lu\n|-supereffective|p1a: Ting-Lu\n|-damage|p1a: Ting-Lu|34\/100 brn\n|move|p1b: Gyarados|Thunder Wave|p2a: Jumpluff|[miss]\n|-miss|p1b: Gyarados|p2a: Jumpluff\n|move|p1a: Ting-Lu|Heavy Slam|p2b: Torkoal\n|-resisted|p2b: Torkoal\n|-damage|p2b: Torkoal|94\/100\n|\n|-weather|SunnyDay|[upkeep]\n|-damage|p1a: Ting-Lu|28\/100 brn|[from] brn\n|-sideend|p2: SpikemuthCutie|move: Tailwind\n|upkeep\n|turn|5\n|\n|t:|1683397423\n|switch|p2a: Flutter Mane|Flutter Mane, L50|100\/100\n|-activate|p2a: Flutter Mane|ability: Protosynthesis\n|-start|p2a: Flutter Mane|protosynthesisspa\n|move|p1b: Gyarados|Thunder Wave|p2a: Flutter Mane\n|-status|p2a: Flutter Mane|par\n|move|p1a: Ting-Lu|Earthquake|p2b: Torkoal|[spread] p2a,p2b\n|-immune|p1b: Gyarados\n|-supereffective|p2b: Torkoal\n|-damage|p2a: Flutter Mane|78\/100 par\n|-damage|p2b: Torkoal|66\/100\n|move|p2b: Torkoal|Overheat|p1a: Ting-Lu|[miss]\n|-miss|p2b: Torkoal|p1a: Ting-Lu\n|\n|-weather|SunnyDay|[upkeep]\n|-damage|p1a: Ting-Lu|22\/100 brn|[from] brn\n|upkeep\n|turn|6\n|\n|t:|1683397444\n|move|p2b: Torkoal|Helping Hand|p2a: Flutter Mane\n|-singleturn|p2a: Flutter Mane|Helping Hand|[of] p2b: Torkoal\n|move|p1b: Gyarados|Protect|p1b: Gyarados\n|-singleturn|p1b: Gyarados|Protect\n|move|p2a: Flutter Mane|Moonblast|p1b: Gyarados\n|-activate|p1b: Gyarados|move: Protect\n|move|p1a: Ting-Lu|Earthquake|p2b: Torkoal|[spread] p2a,p2b\n|-activate|p1b: Gyarados|move: Protect\n|-supereffective|p2b: Torkoal\n|-damage|p2a: Flutter Mane|55\/100 par\n|-damage|p2b: Torkoal|37\/100\n|\n|-weather|SunnyDay|[upkeep]\n|-damage|p1a: Ting-Lu|16\/100 brn|[from] brn\n|upkeep\n|turn|7\n|\n|t:|1683397464\n|switch|p1b: Corviknight|Corviknight, L50, F|100\/100\n|cant|p2a: Flutter Mane|par\n|move|p1a: Ting-Lu|Earthquake|p2b: Torkoal|[spread] p2a,p2b\n|-immune|p1b: Corviknight\n|-supereffective|p2b: Torkoal\n|-damage|p2a: Flutter Mane|32\/100 par\n|-damage|p2b: Torkoal|8\/100\n|move|p2b: Torkoal|Overheat|p1a: Ting-Lu\n|-damage|p1a: Ting-Lu|0 fnt\n|-unboost|p2b: Torkoal|spa|2\n|faint|p1a: Ting-Lu\n|\n|-weather|SunnyDay|[upkeep]\n|upkeep\n|\n|t:|1683397475\n|switch|p1a: Flutter Mane|Flutter Mane, L50, shiny|100\/100\n|-activate|p1a: Flutter Mane|ability: Protosynthesis\n|-start|p1a: Flutter Mane|protosynthesisspa\n|turn|8\n|\n|t:|1683397500\n|move|p1a: Flutter Mane|Dazzling Gleam|p2a: Flutter Mane|[spread] p2a,p2b\n|-resisted|p2b: Torkoal\n|-damage|p2a: Flutter Mane|0 fnt\n|-damage|p2b: Torkoal|0 fnt\n|faint|p2a: Flutter Mane\n|-end|p2a: Flutter Mane|Protosynthesis|[silent]\n|faint|p2b: Torkoal\n|move|p1b: Corviknight|Bulk Up|p1b: Corviknight\n|-boost|p1b: Corviknight|atk|1\n|-boost|p1b: Corviknight|def|1\n|\n|-weather|none\n|-end|p1a: Flutter Mane|Protosynthesis\n|upkeep\n|\n|t:|1683397504\n|switch|p2a: Jumpluff|Jumpluff, L50, F, shiny|100\/100\n|switch|p2b: Chi-Yu|Chi-Yu, L50, tera:Grass|73\/100 par\n|-ability|p2b: Chi-Yu|Beads of Ruin\n|turn|9\n|-message|SpikemuthCutie forfeited.\n|\n|win|Mizore te\n|raw|Mizore te's rating: 1342 → 1361<\/strong> (+19 for winning)\n|raw|SpikemuthCutie's rating: 1325 → 1306<\/strong> (-19 for losing)\n|l|\u2606SpikemuthCutie\n","uploadtime":1683397524,"views":20,"p1id":"mizorete","p2id":"spikemuthcutie","formatid":"gen9vgc2023regulationc","rating":1306,"private":0,"password":""}