{"id":"gen9vgc2023regulationc-1863535128","p1":"Ron's mom is hot","p2":"du24","format":"[Gen 9] VGC 2023 Regulation C","log":"|j|\u2606Ron's mom is hot\n|j|\u2606du24\n|t:|1684030742\n|gametype|doubles\n|player|p1|Ron's mom is hot|swimmer|1140\n|player|p2|du24|benga|1030\n|teamsize|p1|6\n|teamsize|p2|6\n|gen|9\n|tier|[Gen 9] VGC 2023 Regulation C\n|rated|\n|rule|Species Clause: Limit one of each Pok\u00e9mon\n|rule|Item Clause: Limit one of each item\n|clearpoke\n|poke|p1|Abomasnow, L50, M|\n|poke|p1|Indeedee-F, L50, F|\n|poke|p1|Houndoom, L50, F|\n|poke|p1|Dragonite, L50, F|\n|poke|p1|Forretress, L50, F|\n|poke|p1|Barraskewda, L50, M|\n|poke|p2|Torkoal, L50, M|\n|poke|p2|Flutter Mane, L50|\n|poke|p2|Chi-Yu, L50|\n|poke|p2|Great Tusk, L50|\n|poke|p2|Indeedee-F, L50, F|\n|poke|p2|Armarouge, L50, M|\n|teampreview|4\n|inactive|Battle timer is ON: inactive players will automatically lose when time's up. (requested by du24)\n|\n|t:|1684030807\n|start\n|switch|p1a: Indeedee|Indeedee-F, L50, F|100\/100\n|switch|p1b: Houndoom|Houndoom, L50, F|100\/100\n|switch|p2a: Torkoal|Torkoal, L50, M|100\/100\n|switch|p2b: Flutter Mane|Flutter Mane, L50|100\/100\n|-fieldstart|move: Psychic Terrain|[from] ability: Psychic Surge|[of] p1a: Indeedee\n|-weather|SunnyDay|[from] ability: Drought|[of] p2a: Torkoal\n|-activate|p2b: Flutter Mane|ability: Protosynthesis\n|-start|p2b: Flutter Mane|protosynthesisspe\n|turn|1\n|inactive|du24 has 30 seconds left.\n|inactive|du24 has 20 seconds left.\n|inactive|du24 has 15 seconds left.\n|\n|t:|1684030849\n|move|p1a: Indeedee|Follow Me|p1a: Indeedee\n|-singleturn|p1a: Indeedee|move: Follow Me\n|move|p2b: Flutter Mane|Dazzling Gleam|p1a: Indeedee|[spread] p1a,p1b\n|-damage|p1a: Indeedee|69\/100\n|-damage|p1b: Houndoom|67\/100\n|move|p1b: Houndoom|Snarl|p2a: Torkoal|[spread] p2a,p2b\n|-damage|p2a: Torkoal|75\/100\n|-damage|p2b: Flutter Mane|79\/100\n|-unboost|p2a: Torkoal|spa|1\n|-unboost|p2b: Flutter Mane|spa|1\n|move|p2a: Torkoal|Earth Power|p1a: Indeedee\n|-damage|p1a: Indeedee|56\/100\n|\n|-weather|SunnyDay|[upkeep]\n|-heal|p1a: Indeedee|62\/100|[from] item: Leftovers\n|upkeep\n|turn|2\n|inactive|Ron's mom is hot has 30 seconds left.\n|inactive|du24 has 30 seconds left.\n|inactive|du24 has 20 seconds left.\n|\n|t:|1684030887\n|switch|p2a: Chi-Yu|Chi-Yu, L50|100\/100\n|-ability|p2a: Chi-Yu|Beads of Ruin\n|move|p2b: Flutter Mane|Dazzling Gleam|p1b: Houndoom|[spread] p1a,p1b\n|-damage|p1a: Indeedee|34\/100\n|-damage|p1b: Houndoom|39\/100\n|move|p1b: Houndoom|Flamethrower|p2b: Flutter Mane\n|-damage|p2b: Flutter Mane|0 fnt\n|faint|p2b: Flutter Mane\n|-end|p2b: Flutter Mane|Protosynthesis|[silent]\n|move|p1a: Indeedee|Heal Pulse|p1b: Houndoom\n|-heal|p1b: Houndoom|89\/100\n|\n|-weather|SunnyDay|[upkeep]\n|-heal|p1a: Indeedee|41\/100|[from] item: Leftovers\n|upkeep\n|inactive|du24 has 30 seconds left.\n|\n|t:|1684030913\n|switch|p2b: Torkoal|Torkoal, L50, M|75\/100\n|turn|3\n|inactive|Ron's mom is hot has 30 seconds left.\n|inactive|du24 has 30 seconds left.\n|\n|t:|1684030943\n|move|p1a: Indeedee|Follow Me|p1a: Indeedee\n|-singleturn|p1a: Indeedee|move: Follow Me\n|move|p2a: Chi-Yu|Dark Pulse|p1a: Indeedee\n|-supereffective|p1a: Indeedee\n|-damage|p1a: Indeedee|0 fnt\n|faint|p1a: Indeedee\n|move|p1b: Houndoom|Snarl|p2a: Chi-Yu|[spread] p2a\n|-miss|p1b: Houndoom|p2b: Torkoal\n|-resisted|p2a: Chi-Yu\n|-damage|p2a: Chi-Yu|90\/100\n|-unboost|p2a: Chi-Yu|spa|1\n|move|p2b: Torkoal|Earth Power|p1b: Houndoom\n|-supereffective|p1b: Houndoom\n|-damage|p1b: Houndoom|41\/100\n|\n|-weather|SunnyDay|[upkeep]\n|upkeep\n|\n|t:|1684030956\n|switch|p1a: Abomasnow|Abomasnow, L50, M, shiny|100\/100\n|-weather|Snow|[from] ability: Snow Warning|[of] p1a: Abomasnow\n|turn|4\n|inactive|Ron's mom is hot has 30 seconds left.\n|\n|t:|1684030982\n|switch|p2a: Indeedee|Indeedee-F, L50, F|100\/100\n|-enditem|p2a: Indeedee|Psychic Seed\n|-boost|p2a: Indeedee|spd|1|[from] item: Psychic Seed\n|move|p1b: Houndoom|Snarl|p2b: Torkoal|[spread] p2a,p2b\n|-supereffective|p2a: Indeedee\n|-damage|p2a: Indeedee|79\/100\n|-damage|p2b: Torkoal|49\/100\n|-unboost|p2a: Indeedee|spa|1\n|-unboost|p2b: Torkoal|spa|1\n|move|p1a: Abomasnow|Aurora Veil|p1a: Abomasnow\n|-sidestart|p1: Ron's mom is hot|move: Aurora Veil\n|move|p2b: Torkoal|Earth Power|p1b: Houndoom\n|-supereffective|p1b: Houndoom\n|-damage|p1b: Houndoom|23\/100\n|\n|-weather|Snow|[upkeep]\n|upkeep\n|turn|5\n|inactive|du24 has 30 seconds left.\n|inactive|du24 has 20 seconds left.\n|\n|t:|1684031017\n|move|p2a: Indeedee|Helping Hand|p2b: Torkoal\n|-singleturn|p2b: Torkoal|Helping Hand|[of] p2a: Indeedee\n|move|p1b: Houndoom|Dark Pulse|p2a: Indeedee\n|-supereffective|p2a: Indeedee\n|-crit|p2a: Indeedee\n|-damage|p2a: Indeedee|0 fnt\n|faint|p2a: Indeedee\n|move|p1a: Abomasnow|Blizzard|p2b: Torkoal\n|-resisted|p2b: Torkoal\n|-crit|p2b: Torkoal\n|-damage|p2b: Torkoal|0 fnt\n|faint|p2b: Torkoal\n|\n|-weather|Snow|[upkeep]\n|-fieldend|move: Psychic Terrain\n|upkeep\n|\n|t:|1684031031\n|switch|p2a: Chi-Yu|Chi-Yu, L50|90\/100\n|-ability|p2a: Chi-Yu|Beads of Ruin\n|turn|6\n|c|\u2606du24|gg\n|\n|t:|1684031049\n|move|p2a: Chi-Yu|Heat Wave|p1a: Abomasnow|[spread] p1a\n|-start|p1b: Houndoom|ability: Flash Fire\n|-supereffective|p1a: Abomasnow\n|-enditem|p1a: Abomasnow|Focus Sash\n|-damage|p1a: Abomasnow|1\/100\n|move|p1b: Houndoom|Snarl|p2a: Chi-Yu\n|-resisted|p2a: Chi-Yu\n|-damage|p2a: Chi-Yu|75\/100\n|-unboost|p2a: Chi-Yu|spa|1\n|move|p1a: Abomasnow|Chilling Water|p2a: Chi-Yu\n|-supereffective|p2a: Chi-Yu\n|-damage|p2a: Chi-Yu|42\/100\n|-unboost|p2a: Chi-Yu|atk|1\n|\n|-weather|Snow|[upkeep]\n|upkeep\n|turn|7\n|c|\u2606Ron's mom is hot|gg\n|-message|du24 forfeited.\n|\n|win|Ron's mom is hot\n|raw|Ron's mom is hot's rating: 1140 → 1157<\/strong> (+17 for winning)\n|raw|du24's rating: 1030 → 1020<\/strong> (-10 for losing)\n|l|\u2606du24\n","uploadtime":1684031089,"views":10,"p1id":"ronsmomishot","p2id":"du24","formatid":"gen9vgc2023regulationc","rating":1020,"private":0,"password":""}