{"id":"gen9vgc2023regulationc-1851730886","p1":"pchan1f","p2":"Yellowcardiwin","format":"[Gen 9] VGC 2023 Regulation C","log":"|j|\u2606pchan1f\n|j|\u2606Yellowcardiwin\n|t:|1682475380\n|gametype|doubles\n|player|p1|pchan1f|169|1069\n|player|p2|Yellowcardiwin|266|1000\n|teamsize|p1|6\n|teamsize|p2|6\n|gen|9\n|tier|[Gen 9] VGC 2023 Regulation C\n|rated|\n|rule|Species Clause: Limit one of each Pok\u00e9mon\n|rule|Item Clause: Limit one of each item\n|clearpoke\n|poke|p1|Wo-Chien, L50|\n|poke|p1|Murkrow, L50, F|\n|poke|p1|Tsareena, L50, F|\n|poke|p1|Gholdengo, L50|\n|poke|p1|Iron Hands, L50|\n|poke|p1|Palafin, L50, F|\n|poke|p2|Talonflame, L50, F|\n|poke|p2|Garchomp, L50, M|\n|poke|p2|Farigiraf, L50, M|\n|poke|p2|Gyarados, L50, M|\n|poke|p2|Amoonguss, L50, F|\n|poke|p2|Jolteon, L50, F|\n|teampreview|4\n|\n|t:|1682475414\n|start\n|switch|p1a: Palafin|Palafin, L50, F|100\/100\n|switch|p1b: Iron Hands|Iron Hands, L50|100\/100\n|switch|p2a: Talonflame|Talonflame, L50, F|100\/100\n|switch|p2b: Garchomp|Garchomp, L50, M|100\/100\n|turn|1\n|\n|t:|1682475437\n|move|p1b: Iron Hands|Fake Out|p2b: Garchomp\n|-damage|p2b: Garchomp|86\/100\n|-damage|p1b: Iron Hands|88\/100|[from] ability: Rough Skin|[of] p2b: Garchomp\n|move|p2a: Talonflame|Tailwind|p2a: Talonflame\n|-sidestart|p2: Yellowcardiwin|move: Tailwind\n|cant|p2b: Garchomp|flinch\n|move|p1a: Palafin|Flip Turn|p2a: Talonflame\n|-supereffective|p2a: Talonflame\n|-damage|p2a: Talonflame|33\/100\n|\n|t:|1682475452\n|detailschange|p1a: Palafin|Palafin-Hero, L50, F\n|switch|p1a: Murkrow|Murkrow, L50, F|100\/100|[from] Flip Turn\n|\n|upkeep\n|turn|2\n|\n|t:|1682475485\n|switch|p2b: Jolteon|Jolteon, L50, F|100\/100\n|-end|p1b: Iron Hands|Quark Drive|[silent]\n|switch|p1b: Wo-Chien|Wo-Chien, L50|100\/100\n|-ability|p1b: Wo-Chien|Tablets of Ruin\n|move|p2a: Talonflame|Will-O-Wisp|p1b: Wo-Chien\n|-status|p1b: Wo-Chien|brn\n|move|p1a: Murkrow|Brave Bird|p2a: Talonflame\n|-damage|p2a: Talonflame|0 fnt\n|faint|p2a: Talonflame\n|-damage|p1a: Murkrow|89\/100|[from] Recoil\n|\n|-damage|p1b: Wo-Chien|94\/100 brn|[from] brn\n|upkeep\n|\n|t:|1682475501\n|switch|p2a: Garchomp|Garchomp, L50, M|86\/100\n|turn|3\n|\n|t:|1682475520\n|move|p1a: Murkrow|Rain Dance|p1a: Murkrow\n|-weather|RainDance\n|move|p2a: Garchomp|Rock Slide|p1b: Wo-Chien|[spread] p1a,p1b\n|-supereffective|p1a: Murkrow\n|-damage|p1a: Murkrow|59\/100\n|-damage|p1b: Wo-Chien|81\/100 brn\n|move|p2b: Jolteon|Thunderbolt|p1a: Murkrow\n|-supereffective|p1a: Murkrow\n|-damage|p1a: Murkrow|0 fnt\n|faint|p1a: Murkrow\n|-damage|p2b: Jolteon|90\/100|[from] item: Life Orb\n|move|p1b: Wo-Chien|Ruination|p2a: Garchomp\n|-damage|p2a: Garchomp|43\/100\n|\n|-weather|RainDance|[upkeep]\n|-heal|p1b: Wo-Chien|87\/100 brn|[from] item: Leftovers\n|-damage|p1b: Wo-Chien|81\/100 brn|[from] brn\n|upkeep\n|\n|t:|1682475536\n|switch|p1a: Palafin|Palafin-Hero, L50, F|100\/100\n|-activate|p1a: Palafin|ability: Zero to Hero\n|turn|4\n|\n|t:|1682475567\n|-terastallize|p1a: Palafin|Water\n|move|p1a: Palafin|Jet Punch|p2b: Jolteon\n|-damage|p2b: Jolteon|0 fnt\n|faint|p2b: Jolteon\n|move|p2a: Garchomp|Rock Slide|p1a: Palafin|[spread] p1a,p1b\n|-crit|p1b: Wo-Chien\n|-damage|p1a: Palafin|87\/100\n|-damage|p1b: Wo-Chien|60\/100 brn\n|move|p1b: Wo-Chien|Power Whip|p2a: Garchomp\n|-damage|p2a: Garchomp|26\/100\n|-damage|p1b: Wo-Chien|47\/100 brn|[from] ability: Rough Skin|[of] p2a: Garchomp\n|\n|-weather|RainDance|[upkeep]\n|-heal|p1b: Wo-Chien|54\/100 brn|[from] item: Leftovers\n|-damage|p1b: Wo-Chien|47\/100 brn|[from] brn\n|-sideend|p2: Yellowcardiwin|move: Tailwind\n|upkeep\n|\n|t:|1682475582\n|switch|p2b: Gyarados|Gyarados, L50, M|100\/100\n|-ability|p2b: Gyarados|Intimidate|boost\n|-unboost|p1a: Palafin|atk|1\n|-unboost|p1b: Wo-Chien|atk|1\n|turn|5\n|\n|t:|1682475603\n|switch|p1a: Iron Hands|Iron Hands, L50|88\/100\n|move|p2a: Garchomp|Rock Slide|p1b: Wo-Chien|[spread] p1a,p1b\n|-resisted|p1a: Iron Hands\n|-damage|p1a: Iron Hands|83\/100\n|-damage|p1b: Wo-Chien|35\/100 brn\n|move|p2b: Gyarados|Dragon Dance|p2b: Gyarados\n|-boost|p2b: Gyarados|atk|1\n|-boost|p2b: Gyarados|spe|1\n|move|p1b: Wo-Chien|Knock Off|p2a: Garchomp\n|-damage|p2a: Garchomp|16\/100\n|-damage|p1b: Wo-Chien|22\/100 brn|[from] ability: Rough Skin|[of] p2a: Garchomp\n|-enditem|p2a: Garchomp|Choice Scarf|[from] move: Knock Off|[of] p1b: Wo-Chien\n|\n|-weather|RainDance|[upkeep]\n|-heal|p1b: Wo-Chien|29\/100 brn|[from] item: Leftovers\n|-damage|p1b: Wo-Chien|22\/100 brn|[from] brn\n|upkeep\n|turn|6\n|\n|t:|1682475643\n|move|p1a: Iron Hands|Fake Out|p2a: Garchomp\n|-damage|p2a: Garchomp|4\/100\n|-damage|p1a: Iron Hands|70\/100|[from] ability: Rough Skin|[of] p2a: Garchomp\n|move|p2b: Gyarados|Earthquake|p1a: Iron Hands|[spread] p2a,p1a,p1b\n|-supereffective|p1a: Iron Hands\n|-crit|p1a: Iron Hands\n|-resisted|p1b: Wo-Chien\n|-damage|p2a: Garchomp|0 fnt\n|-damage|p1a: Iron Hands|10\/100\n|-damage|p1b: Wo-Chien|7\/100 brn\n|faint|p2a: Garchomp\n|move|p1b: Wo-Chien|Ruination|p2b: Gyarados\n|-damage|p2b: Gyarados|50\/100\n|\n|-weather|RainDance|[upkeep]\n|-heal|p1b: Wo-Chien|14\/100 brn|[from] item: Leftovers\n|-damage|p1b: Wo-Chien|7\/100 brn|[from] brn\n|upkeep\n|turn|7\n|\n|t:|1682475671\n|-end|p1a: Iron Hands|Quark Drive|[silent]\n|switch|p1a: Palafin|Palafin-Hero, L50, F, tera:Water|87\/100\n|move|p2b: Gyarados|Earthquake|p1a: Palafin|[spread] p1a,p1b\n|-resisted|p1b: Wo-Chien\n|-damage|p1a: Palafin|62\/100\n|-damage|p1b: Wo-Chien|0 fnt\n|faint|p1b: Wo-Chien\n|\n|-weather|none\n|upkeep\n|\n|t:|1682475678\n|switch|p1b: Iron Hands|Iron Hands, L50|10\/100\n|turn|8\n|\n|t:|1682475690\n|move|p2b: Gyarados|Protect|p2b: Gyarados\n|-singleturn|p2b: Gyarados|Protect\n|move|p1b: Iron Hands|Fake Out|p2b: Gyarados\n|-activate|p2b: Gyarados|move: Protect\n|move|p1a: Palafin|Wave Crash|p2b: Gyarados\n|-activate|p2b: Gyarados|move: Protect\n|\n|upkeep\n|turn|9\n|\n|t:|1682475707\n|move|p2b: Gyarados|Earthquake|p1a: Palafin|[spread] p1a,p1b\n|-supereffective|p1b: Iron Hands\n|-damage|p1a: Palafin|25\/100\n|-damage|p1b: Iron Hands|0 fnt\n|faint|p1b: Iron Hands\n|-end|p1b: Iron Hands|Quark Drive|[silent]\n|move|p1a: Palafin|Wave Crash|p2b: Gyarados\n|-resisted|p2b: Gyarados\n|-damage|p2b: Gyarados|0 fnt\n|faint|p2b: Gyarados\n|-damage|p1a: Palafin|12\/100|[from] Recoil\n|\n|win|pchan1f\n|raw|pchan1f's rating: 1069 → 1093<\/strong> (+24 for winning)\n|raw|Yellowcardiwin's rating: 1000 → 1000<\/strong> (+0 for losing)\n|l|\u2606Yellowcardiwin\n","uploadtime":1682475910,"views":8,"p1id":"pchan1f","p2id":"yellowcardiwin","formatid":"gen9vgc2023regulationc","rating":1000,"private":0,"password":""}