{"id":"gen9vgc2023regulationc-1859055019","p1":"azuael","p2":"Zydroxequil","format":"[Gen 9] VGC 2023 Regulation C","log":"|j|\u2606azuael\n|j|\u2606Zydroxequil\n|t:|1683399141\n|gametype|doubles\n|player|p1|azuael|102|1207\n|player|p2|Zydroxequil|psychic-gen4|1187\n|teamsize|p1|6\n|teamsize|p2|6\n|gen|9\n|tier|[Gen 9] VGC 2023 Regulation C\n|rated|\n|rule|Species Clause: Limit one of each Pok\u00e9mon\n|rule|Item Clause: Limit one of each item\n|clearpoke\n|poke|p1|Chien-Pao, L50|\n|poke|p1|Dragonite, L50, F|\n|poke|p1|Maushold, L50|\n|poke|p1|Annihilape, L50, F|\n|poke|p1|Farigiraf, L50, F|\n|poke|p1|Scizor, L50, M|\n|poke|p2|Corviknight, L50, F|\n|poke|p2|Tyranitar, L50, M|\n|poke|p2|Garchomp, L50, F|\n|poke|p2|Gyarados, L50, F|\n|poke|p2|Flutter Mane, L50|\n|poke|p2|Garganacl, L50, M|\n|teampreview|4\n|inactive|Battle timer is ON: inactive players will automatically lose when time's up. (requested by azuael)\n|\n|t:|1683399176\n|start\n|switch|p1a: Maushold|Maushold, L50|100\/100\n|switch|p1b: Annihilape|Annihilape, L50, F|100\/100\n|switch|p2a: Corviknight|Corviknight, L50, F, shiny|100\/100\n|switch|p2b: Garchomp|Garchomp, L50, F|100\/100\n|turn|1\n|inactive|azuael has 30 seconds left.\n|\n|t:|1683399209\n|move|p2b: Garchomp|Earthquake|p1a: Maushold|[spread] p1a,p1b\n|-immune|p2a: Corviknight\n|-damage|p1a: Maushold|47\/100\n|-damage|p1b: Annihilape|73\/100\n|move|p1a: Maushold|Beat Up|p1b: Annihilape\n|-damage|p1b: Annihilape|71\/100\n|-damage|p1b: Annihilape|69\/100\n|-damage|p1b: Annihilape|67\/100\n|-damage|p1b: Annihilape|64\/100\n|-hitcount|p1b: Annihilape|4\n|move|p1b: Annihilape|Rage Fist|p2b: Garchomp\n|-damage|p2b: Garchomp|2\/100\n|move|p2a: Corviknight|Brave Bird|p1b: Annihilape\n|-supereffective|p1b: Annihilape\n|-damage|p1b: Annihilape|9\/100\n|-damage|p2a: Corviknight|81\/100|[from] Recoil\n|\n|-heal|p1b: Annihilape|15\/100|[from] item: Leftovers\n|upkeep\n|turn|2\n|inactive|azuael has 30 seconds left.\n|\n|t:|1683399234\n|switch|p1a: Dragonite|Dragonite, L50, F|100\/100\n|move|p1b: Annihilape|Protect|p1b: Annihilape\n|-singleturn|p1b: Annihilape|Protect\n|move|p2b: Garchomp|Earthquake|p1a: Dragonite|[spread] \n|-activate|p1b: Annihilape|move: Protect\n|-immune|p2a: Corviknight\n|-immune|p1a: Dragonite\n|move|p2a: Corviknight|Tailwind|p2a: Corviknight\n|-sidestart|p2: Zydroxequil|move: Tailwind\n|\n|-heal|p1b: Annihilape|21\/100|[from] item: Leftovers\n|upkeep\n|turn|3\n|inactive|azuael has 30 seconds left.\n|inactive|azuael has 20 seconds left.\n|\n|t:|1683399269\n|switch|p1b: Chien-Pao|Chien-Pao, L50|100\/100\n|-ability|p1b: Chien-Pao|Sword of Ruin\n|move|p2b: Garchomp|Protect|p2b: Garchomp\n|-singleturn|p2b: Garchomp|Protect\n|move|p1a: Dragonite|Extreme Speed|p2b: Garchomp\n|-activate|p2b: Garchomp|move: Protect\n|move|p2a: Corviknight|Brave Bird|p1b: Chien-Pao\n|-damage|p1b: Chien-Pao|48\/100\n|-damage|p2a: Corviknight|68\/100|[from] Recoil\n|\n|upkeep\n|turn|4\n|inactive|azuael has 30 seconds left.\n|inactive|Zydroxequil has 30 seconds left.\n|\n|t:|1683399299\n|switch|p2b: Tyranitar|Tyranitar, L50, M, shiny|100\/100\n|-weather|Sandstorm|[from] ability: Sand Stream|[of] p2b: Tyranitar\n|-terastallize|p1a: Dragonite|Normal\n|move|p1a: Dragonite|Extreme Speed|p2b: Tyranitar\n|-resisted|p2b: Tyranitar\n|-damage|p2b: Tyranitar|76\/100\n|move|p2a: Corviknight|Iron Head|p1b: Chien-Pao\n|-supereffective|p1b: Chien-Pao\n|-damage|p1b: Chien-Pao|0 fnt\n|faint|p1b: Chien-Pao\n|\n|-weather|Sandstorm|[upkeep]\n|-damage|p1a: Dragonite|94\/100|[from] Sandstorm\n|upkeep\n|inactive|azuael has 30 seconds left.\n|\n|t:|1683399331\n|switch|p1b: Annihilape|Annihilape, L50, F|21\/100\n|turn|5\n|\n|t:|1683399354\n|move|p1b: Annihilape|Protect|p1b: Annihilape\n|-singleturn|p1b: Annihilape|Protect\n|move|p1a: Dragonite|Extreme Speed|p2a: Corviknight\n|-resisted|p2a: Corviknight\n|-damage|p2a: Corviknight|51\/100\n|move|p2a: Corviknight|Brave Bird|p1b: Annihilape\n|-activate|p1b: Annihilape|move: Protect\n|move|p2b: Tyranitar|Low Kick|p1a: Dragonite\n|-supereffective|p1a: Dragonite\n|-damage|p1a: Dragonite|12\/100\n|\n|-weather|Sandstorm|[upkeep]\n|-damage|p1b: Annihilape|15\/100|[from] Sandstorm\n|-damage|p1a: Dragonite|6\/100|[from] Sandstorm\n|-heal|p1b: Annihilape|21\/100|[from] item: Leftovers\n|-sideend|p2: Zydroxequil|move: Tailwind\n|upkeep\n|turn|6\n|\n|t:|1683399378\n|switch|p1b: Maushold|Maushold, L50|47\/100\n|move|p2b: Tyranitar|Protect|p2b: Tyranitar\n|-singleturn|p2b: Tyranitar|Protect\n|move|p1a: Dragonite|Extreme Speed|p2b: Tyranitar\n|-activate|p2b: Tyranitar|move: Protect\n|move|p2a: Corviknight|Brave Bird|p1b: Maushold\n|-damage|p1b: Maushold|0 fnt\n|faint|p1b: Maushold\n|-damage|p2a: Corviknight|37\/100|[from] Recoil\n|\n|-weather|Sandstorm|[upkeep]\n|-damage|p1a: Dragonite|0 fnt|[from] Sandstorm\n|faint|p1a: Dragonite\n|upkeep\n|\n|t:|1683399397\n|switch|p1a: Annihilape|Annihilape, L50, F|21\/100\n|turn|7\n|\n|t:|1683399409\n|switch|p2b: Flutter Mane|Flutter Mane, L50|100\/100\n|-enditem|p2b: Flutter Mane|Booster Energy\n|-activate|p2b: Flutter Mane|ability: Protosynthesis|[fromitem]\n|-start|p2b: Flutter Mane|protosynthesisspa\n|move|p1a: Annihilape|Protect|p1a: Annihilape\n|-singleturn|p1a: Annihilape|Protect\n|move|p2a: Corviknight|Brave Bird|p1a: Annihilape\n|-activate|p1a: Annihilape|move: Protect\n|\n|-weather|Sandstorm|[upkeep]\n|-damage|p2b: Flutter Mane|95\/100|[from] Sandstorm\n|-damage|p1a: Annihilape|15\/100|[from] Sandstorm\n|-heal|p1a: Annihilape|21\/100|[from] item: Leftovers\n|upkeep\n|turn|8\n|inactive|azuael has 30 seconds left.\n|l|\u2606azuael\n|inactive|azuael disconnected and has a minute to reconnect!\n|player|p1|\n|inactive|azuael has 20 seconds left.\n|inactive|azuael has 15 seconds left.\n|inactive|azuael has 10 seconds left.\n|inactive|azuael has 5 seconds left.\n|-message|azuael lost due to inactivity.\n|\n|win|Zydroxequil\n|raw|azuael's rating: 1207 → 1181<\/strong> (-26 for losing)\n|raw|Zydroxequil's rating: 1187 → 1213<\/strong> (+26 for winning)\n|j|\u2606azuael\n|player|p1|azuael|102\n","uploadtime":1683399609,"views":14,"p1id":"azuael","p2id":"zydroxequil","formatid":"gen9vgc2023regulationc","rating":1181,"private":0,"password":""}