{"id":"gen9vgc2023regulationc-1848210709","p1":"Testdummy82","p2":"SkeletonKing1","format":"[Gen 9] VGC 2023 Regulation C","log":"|j|\u2606Testdummy82\n|j|\u2606SkeletonKing1\n|t:|1682042941\n|gametype|doubles\n|player|p1|Testdummy82|169|\n|player|p2|SkeletonKing1|265|\n|teamsize|p1|6\n|teamsize|p2|6\n|gen|9\n|tier|[Gen 9] VGC 2023 Regulation C\n|rule|Species Clause: Limit one of each Pok\u00e9mon\n|rule|Item Clause: Limit one of each item\n|clearpoke\n|poke|p1|Maushold-Four, L50|\n|poke|p1|Meowscarada, L50, M|\n|poke|p1|Murkrow, L50, M|\n|poke|p1|Kingambit, L50, M|\n|poke|p1|Iron Bundle, L50|\n|poke|p1|Annihilape, L50, F|\n|poke|p2|Pincurchin, L50, F|\n|poke|p2|Kilowattrel, L50, M|\n|poke|p2|Luxray, L50, M|\n|poke|p2|Rotom-Wash, L50|\n|poke|p2|Jolteon, L50, F|\n|poke|p2|Iron Thorns, L50|\n|teampreview|4\n|\n|t:|1682042975\n|start\n|switch|p1a: Maushold|Maushold-Four, L50|100\/100\n|switch|p1b: Meowscarada|Meowscarada, L50, M|100\/100\n|switch|p2a: Kilowattrel|Kilowattrel, L50, M|100\/100\n|switch|p2b: Luxray|Luxray, L50, M|100\/100\n|turn|1\n|\n|t:|1682042999\n|move|p2b: Luxray|Protect|p2b: Luxray\n|-singleturn|p2b: Luxray|Protect\n|move|p2a: Kilowattrel|Tailwind|p2a: Kilowattrel\n|-sidestart|p2: SkeletonKing1|move: Tailwind\n|move|p1b: Meowscarada|Knock Off|p2a: Kilowattrel\n|-damage|p2a: Kilowattrel|11\/100\n|-enditem|p2a: Kilowattrel|Focus Sash|[from] move: Knock Off|[of] p1b: Meowscarada\n|move|p1a: Maushold|Population Bomb|p2b: Luxray\n|-activate|p2b: Luxray|move: Protect\n|\n|-status|p2b: Luxray|brn|[from] item: Flame Orb\n|upkeep\n|turn|2\n|\n|t:|1682043036\n|move|p2a: Kilowattrel|Air Slash|p1b: Meowscarada\n|-supereffective|p1b: Meowscarada\n|-enditem|p1b: Meowscarada|Focus Sash\n|-damage|p1b: Meowscarada|1\/100\n|move|p2b: Luxray|Wild Charge|p1a: Maushold\n|-damage|p1a: Maushold|0 fnt\n|faint|p1a: Maushold\n|-damage|p2b: Luxray|76\/100 brn|[from] Recoil\n|move|p1b: Meowscarada|Knock Off|p2a: Kilowattrel\n|-damage|p2a: Kilowattrel|0 fnt\n|faint|p2a: Kilowattrel\n|\n|-damage|p2b: Luxray|70\/100 brn|[from] brn\n|upkeep\n|\n|t:|1682043055\n|switch|p2a: Jolteon|Jolteon, L50, F|100\/100\n|switch|p1a: Annihilape|Annihilape, L50, F|100\/100\n|-item|p2a: Jolteon|Air Balloon\n|turn|3\n|\n|t:|1682043092\n|move|p2a: Jolteon|Thunder Wave|p1a: Annihilape\n|-status|p1a: Annihilape|par\n|move|p2b: Luxray|Ice Fang|p1b: Meowscarada\n|-supereffective|p1b: Meowscarada\n|-damage|p1b: Meowscarada|0 fnt\n|faint|p1b: Meowscarada\n|move|p1a: Annihilape|Close Combat|p2a: Jolteon\n|-damage|p2a: Jolteon|0 fnt\n|-unboost|p1a: Annihilape|def|1\n|-unboost|p1a: Annihilape|spd|1\n|-enditem|p2a: Jolteon|Air Balloon\n|faint|p2a: Jolteon\n|\n|-damage|p2b: Luxray|64\/100 brn|[from] brn\n|upkeep\n|\n|t:|1682043108\n|switch|p2a: Pincurchin|Pincurchin, L50, F|100\/100\n|switch|p1b: Kingambit|Kingambit, L50, M|100\/100\n|-fieldstart|move: Electric Terrain|[from] ability: Electric Surge|[of] p2a: Pincurchin\n|turn|4\n|\n|t:|1682043147\n|-terastallize|p1a: Annihilape|Normal\n|move|p2b: Luxray|Protect|p2b: Luxray\n|-singleturn|p2b: Luxray|Protect\n|move|p1b: Kingambit|Sucker Punch||[still]\n|-fail|p1b: Kingambit\n|move|p1a: Annihilape|Thrash|p2b: Luxray\n|-activate|p2b: Luxray|move: Protect\n|move|p2a: Pincurchin|Zing Zap|p1b: Kingambit\n|-damage|p1b: Kingambit|63\/100\n|\n|-damage|p2b: Luxray|59\/100 brn|[from] brn\n|-sideend|p2: SkeletonKing1|move: Tailwind\n|upkeep\n|turn|5\n|\n|t:|1682043183\n|move|p1b: Kingambit|Sucker Punch|p2a: Pincurchin\n|-damage|p2a: Pincurchin|40\/100\n|-damage|p1b: Kingambit|53\/100|[from] item: Life Orb\n|move|p2a: Pincurchin|Sucker Punch||[still]\n|-fail|p2a: Pincurchin\n|move|p2b: Luxray|Wild Charge|p1b: Kingambit\n|-damage|p1b: Kingambit|0 fnt\n|faint|p1b: Kingambit\n|-damage|p2b: Luxray|41\/100 brn|[from] Recoil\n|cant|p1a: Annihilape|par\n|\n|-damage|p2b: Luxray|35\/100 brn|[from] brn\n|upkeep\n|turn|6\n|\n|t:|1682043213\n|-terastallize|p2a: Pincurchin|Dark\n|move|p2a: Pincurchin|Sucker Punch|p1a: Annihilape\n|-damage|p1a: Annihilape|41\/100 par\n|move|p2b: Luxray|Wild Charge|p1a: Annihilape\n|-damage|p1a: Annihilape|0 fnt\n|faint|p1a: Annihilape\n|-damage|p2b: Luxray|23\/100 brn|[from] Recoil\n|\n|win|SkeletonKing1\n","uploadtime":1682043239,"views":16,"p1id":"testdummy82","p2id":"skeletonking1","formatid":"gen9vgc2023regulationc","rating":0,"private":0,"password":""}