{"id":"gen9vgc2023regulationc-1844914099","p1":"Visoredcosplay","p2":"NotDaBoy","format":"[Gen 9] VGC 2023 Regulation C","log":"|j|\u2606Visoredcosplay\n|j|\u2606NotDaBoy\n|t:|1681663557\n|gametype|doubles\n|player|p1|Visoredcosplay|266|1287\n|player|p2|NotDaBoy|marlon|1303\n|teamsize|p1|6\n|teamsize|p2|6\n|gen|9\n|tier|[Gen 9] VGC 2023 Regulation C\n|rated|\n|rule|Species Clause: Limit one of each Pok\u00e9mon\n|rule|Item Clause: Limit one of each item\n|clearpoke\n|poke|p1|Annihilape, L50, F|\n|poke|p1|Flutter Mane, L50|\n|poke|p1|Gyarados, L50, F|\n|poke|p1|Ting-Lu, L50|\n|poke|p1|Indeedee-F, L50, F|\n|poke|p1|Maushold, L50|\n|poke|p2|Chi-Yu, L50|\n|poke|p2|Flutter Mane, L50|\n|poke|p2|Iron Thorns, L50|\n|poke|p2|Gyarados, L50, M|\n|poke|p2|Brute Bonnet, L50|\n|poke|p2|Murkrow, L50, M|\n|teampreview|4\nNotDaBoy has agreed to open team sheets.\n|inactive|Battle timer is ON: inactive players will automatically lose when time's up. (requested by Visoredcosplay)\nVisoredcosplay has agreed to open team sheets.\n|inactive|Visoredcosplay has 60 seconds left.\n|inactive|NotDaBoy has 60 seconds left.\n|\n|t:|1681663632\n|start\n|switch|p1a: Indeedee|Indeedee-F, L50, F, shiny|100\/100\n|switch|p1b: Annihilape|Annihilape, L50, F, shiny|100\/100\n|switch|p2a: Chi-Yu|Chi-Yu, L50|100\/100\n|switch|p2b: Iron Thorns|Iron Thorns, L50|100\/100\n|-ability|p2a: Chi-Yu|Beads of Ruin\n|-fieldstart|move: Psychic Terrain|[from] ability: Psychic Surge|[of] p1a: Indeedee\n|turn|1\n|inactive|NotDaBoy has 30 seconds left.\n|inactive|NotDaBoy has 20 seconds left.\n|inactive|NotDaBoy has 15 seconds left.\n|inactive|NotDaBoy has 10 seconds left.\n|\n|t:|1681663678\n|-end|p2b: Iron Thorns|Quark Drive|[silent]\n|switch|p2b: Flutter Mane|Flutter Mane, L50|100\/100\n|move|p1a: Indeedee|Follow Me|p1a: Indeedee\n|-singleturn|p1a: Indeedee|move: Follow Me\n|move|p2a: Chi-Yu|Dark Pulse|p1a: Indeedee\n|-supereffective|p1a: Indeedee\n|-damage|p1a: Indeedee|0 fnt\n|faint|p1a: Indeedee\n|-damage|p2a: Chi-Yu|91\/100|[from] item: Life Orb\n|move|p1b: Annihilape|Bulk Up|p1b: Annihilape\n|-boost|p1b: Annihilape|atk|1\n|-boost|p1b: Annihilape|def|1\n|\n|upkeep\n|\n|t:|1681663690\n|switch|p1a: Ting-Lu|Ting-Lu, L50|100\/100\n|-ability|p1a: Ting-Lu|Vessel of Ruin\n|turn|2\n|\n|t:|1681663699\n|-end|p2b: Flutter Mane|Protosynthesis|[silent]\n|switch|p2b: Gyarados|Gyarados, L50, M|100\/100\n|-ability|p2b: Gyarados|Intimidate|boost\n|-unboost|p1a: Ting-Lu|atk|1\n|-unboost|p1b: Annihilape|atk|1\n|move|p2a: Chi-Yu|Protect|p2a: Chi-Yu\n|-singleturn|p2a: Chi-Yu|Protect\n|move|p1b: Annihilape|Protect|p1b: Annihilape\n|-singleturn|p1b: Annihilape|Protect\n|move|p1a: Ting-Lu|Heavy Slam|p2b: Gyarados\n|-resisted|p2b: Gyarados\n|-damage|p2b: Gyarados|94\/100\n|\n|upkeep\n|turn|3\n|inactive|NotDaBoy has 30 seconds left.\n|inactive|Visoredcosplay has 30 seconds left.\n|inactive|NotDaBoy has 20 seconds left.\n|inactive|NotDaBoy has 15 seconds left.\n|inactive|NotDaBoy has 10 seconds left.\n|\n|t:|1681663747\n|move|p2a: Chi-Yu|Dark Pulse|p1a: Ting-Lu\n|-resisted|p1a: Ting-Lu\n|-damage|p1a: Ting-Lu|91\/100\n|-damage|p2a: Chi-Yu|82\/100|[from] item: Life Orb\n|move|p1b: Annihilape|Bulk Up|p1b: Annihilape\n|-boost|p1b: Annihilape|atk|1\n|-boost|p1b: Annihilape|def|1\n|move|p2b: Gyarados|Thunder Wave|p1b: Annihilape\n|-status|p1b: Annihilape|par\n|move|p1a: Ting-Lu|Stomping Tantrum|p2a: Chi-Yu\n|-supereffective|p2a: Chi-Yu\n|-damage|p2a: Chi-Yu|24\/100\n|\n|upkeep\n|turn|4\n|inactive|NotDaBoy has 30 seconds left.\n|\n|t:|1681663778\n|move|p2b: Gyarados|Helping Hand|p2a: Chi-Yu\n|-singleturn|p2a: Chi-Yu|Helping Hand|[of] p2b: Gyarados\n|move|p2a: Chi-Yu|Overheat|p1a: Ting-Lu\n|-damage|p1a: Ting-Lu|34\/100\n|-unboost|p2a: Chi-Yu|spa|2\n|-damage|p2a: Chi-Yu|14\/100|[from] item: Life Orb\n|move|p1a: Ting-Lu|Stomping Tantrum|p2a: Chi-Yu\n|-supereffective|p2a: Chi-Yu\n|-damage|p2a: Chi-Yu|0 fnt\n|faint|p2a: Chi-Yu\n|cant|p1b: Annihilape|par\n|\n|upkeep\n|l|\u2606Visoredcosplay\n|inactive|Visoredcosplay disconnected and has a minute to reconnect!\n|player|p1|\n|\n|t:|1681663797\n|switch|p2a: Flutter Mane|Flutter Mane, L50|100\/100\n|turn|5\n|j|\u2606Visoredcosplay\n|inactive|Visoredcosplay reconnected and has 50 seconds left.\n|player|p1|Visoredcosplay|266\n|inactive|Visoredcosplay has 30 seconds left.\n|\n|t:|1681663829\n|-terastallize|p2a: Flutter Mane|Fairy\n|cant|p1b: Annihilape|par\n|move|p2a: Flutter Mane|Dazzling Gleam|p1b: Annihilape|[spread] p1a,p1b\n|-supereffective|p1a: Ting-Lu\n|-supereffective|p1b: Annihilape\n|-damage|p1a: Ting-Lu|0 fnt\n|-damage|p1b: Annihilape|32\/100 par\n|faint|p1a: Ting-Lu\n|move|p2b: Gyarados|Waterfall|p1b: Annihilape\n|-damage|p1b: Annihilape|13\/100 par\n|\n|-heal|p1b: Annihilape|19\/100 par|[from] item: Leftovers\n|-fieldend|move: Psychic Terrain\n|upkeep\n|\n|t:|1681663841\n|switch|p1a: Maushold|Maushold, L50, shiny|100\/100\n|turn|6\n|\n|t:|1681663847\n|move|p2b: Gyarados|Helping Hand|p2a: Flutter Mane\n|-singleturn|p2a: Flutter Mane|Helping Hand|[of] p2b: Gyarados\n|move|p1b: Annihilape|Protect|p1b: Annihilape\n|-singleturn|p1b: Annihilape|Protect\n|move|p2a: Flutter Mane|Dazzling Gleam|p1b: Annihilape|[spread] p1a\n|-activate|p1b: Annihilape|move: Protect\n|-damage|p1a: Maushold|0 fnt\n|faint|p1a: Maushold\n|\n|-heal|p1b: Annihilape|25\/100 par|[from] item: Leftovers\n|upkeep\n|turn|7\n|-message|Visoredcosplay forfeited.\n|\n|win|NotDaBoy\n|raw|Visoredcosplay's rating: 1287 → 1263<\/strong> (-24 for losing)\n|raw|NotDaBoy's rating: 1303 → 1322<\/strong> (+19 for winning)\n|l|\u2606Visoredcosplay\n","uploadtime":1681663862,"views":16,"p1id":"visoredcosplay","p2id":"notdaboy","formatid":"gen9vgc2023regulationc","rating":1263,"private":0,"password":""}