{"id":"gen9vgc2023regulationc-1852005911","p1":"StVero","p2":"Eb98","format":"[Gen 9] VGC 2023 Regulation C","log":"|j|\u2606StVero\n|j|\u2606Eb98\n|t:|1682516034\n|gametype|doubles\n|player|p1|StVero|169|1341\n|player|p2|Eb98|ltsurge|1346\n|teamsize|p1|6\n|teamsize|p2|6\n|gen|9\n|tier|[Gen 9] VGC 2023 Regulation C\n|rated|\n|rule|Species Clause: Limit one of each Pok\u00e9mon\n|rule|Item Clause: Limit one of each item\n|clearpoke\n|poke|p1|Dragapult, L50, M|\n|poke|p1|Flutter Mane, L50|\n|poke|p1|Kingambit, L50, M|\n|poke|p1|Arcanine, L50, M|\n|poke|p1|Gyarados, L50, F|\n|poke|p1|Amoonguss, L50, F|\n|poke|p2|Ting-Lu, L50|\n|poke|p2|Amoonguss, L50, F|\n|poke|p2|Arcanine, L50, F|\n|poke|p2|Flutter Mane, L50|\n|poke|p2|Baxcalibur, L50, F|\n|poke|p2|Palafin, L50, M|\n|teampreview|4\n|inactive|Battle timer is ON: inactive players will automatically lose when time's up. (requested by Eb98)\n|\n|t:|1682516066\n|start\n|switch|p1a: Dragapult|Dragapult, L50, M|100\/100\n|switch|p1b: Arcanine|Arcanine, L50, M|100\/100\n|switch|p2a: Foot Dive|Baxcalibur, L50, F, shiny|100\/100\n|switch|p2b: Kikoken|Amoonguss, L50, F|100\/100\n|-ability|p1b: Arcanine|Intimidate|boost\n|-unboost|p2a: Foot Dive|atk|1\n|-unboost|p2b: Kikoken|atk|1\n|turn|1\n|\n|t:|1682516086\n|switch|p2a: EWGF|Ting-Lu, L50|100\/100\n|-ability|p2a: EWGF|Vessel of Ruin\n|-terastallize|p2b: Kikoken|Water\n|move|p1a: Dragapult|Protect|p1a: Dragapult\n|-singleturn|p1a: Dragapult|Protect\n|move|p1b: Arcanine|Howl|p1b: Arcanine|[spread] p1a,p1b\n|-boost|p1a: Dragapult|atk|1\n|-boost|p1b: Arcanine|atk|1\n|move|p2b: Kikoken|Spore|p1a: Dragapult\n|-activate|p1a: Dragapult|move: Protect\n|\n|upkeep\n|turn|2\n|\n|t:|1682516109\n|-terastallize|p1a: Dragapult|Normal\n|move|p1a: Dragapult|Last Resort|p2b: Kikoken\n|-damage|p2b: Kikoken|5\/100\n|-enditem|p2b: Kikoken|Sitrus Berry|[eat]\n|-heal|p2b: Kikoken|30\/100|[from] item: Sitrus Berry\n|move|p1b: Arcanine|Flare Blitz|p2b: Kikoken\n|-resisted|p2b: Kikoken\n|-damage|p2b: Kikoken|0 fnt\n|faint|p2b: Kikoken\n|-damage|p1b: Arcanine|90\/100|[from] Recoil\n|move|p2a: EWGF|Fissure|p1b: Arcanine|[miss]\n|-miss|p2a: EWGF|p1b: Arcanine\n|\n|upkeep\n|\n|t:|1682516133\n|switch|p2b: Soul Fist|Flutter Mane, L50|100\/100\n|-enditem|p2b: Soul Fist|Booster Energy\n|-activate|p2b: Soul Fist|ability: Protosynthesis|[fromitem]\n|-start|p2b: Soul Fist|protosynthesisspa\n|turn|3\n|\n|t:|1682516139\n|move|p2b: Soul Fist|Protect|p2b: Soul Fist\n|-singleturn|p2b: Soul Fist|Protect\n|move|p1a: Dragapult|Last Resort|p2a: EWGF\n|-damage|p2a: EWGF|29\/100\n|move|p1b: Arcanine|Flare Blitz|p2b: Soul Fist\n|-activate|p2b: Soul Fist|move: Protect\n|move|p2a: EWGF|Stomping Tantrum|p1b: Arcanine\n|-supereffective|p1b: Arcanine\n|-damage|p1b: Arcanine|0 fnt\n|faint|p1b: Arcanine\n|\n|upkeep\n|\n|t:|1682516146\n|switch|p1b: Gyarados|Gyarados, L50, F, shiny|100\/100\n|-ability|p1b: Gyarados|Intimidate|boost\n|-unboost|p2a: EWGF|atk|1\n|-unboost|p2b: Soul Fist|atk|1\n|turn|4\n|inactive|Eb98 has 30 seconds left.\n|\n|t:|1682516173\n|move|p1a: Dragapult|Last Resort|p2a: EWGF\n|-damage|p2a: EWGF|0 fnt\n|faint|p2a: EWGF\n|move|p2b: Soul Fist|Substitute|p2b: Soul Fist\n|-start|p2b: Soul Fist|Substitute\n|-damage|p2b: Soul Fist|76\/100\n|move|p1b: Gyarados|Waterfall|p2b: Soul Fist\n|-end|p2b: Soul Fist|Substitute\n|\n|upkeep\n|\n|t:|1682516182\n|switch|p2a: Foot Dive|Baxcalibur, L50, F, shiny|100\/100\n|turn|5\n|\n|t:|1682516199\n|move|p2a: Foot Dive|Protect|p2a: Foot Dive\n|-singleturn|p2a: Foot Dive|Protect\n|move|p1a: Dragapult|Last Resort|p2a: Foot Dive\n|-activate|p2a: Foot Dive|move: Protect\n|move|p2b: Soul Fist|Moonblast|p1a: Dragapult\n|-damage|p1a: Dragapult|17\/100\n|move|p1b: Gyarados|Waterfall|p2b: Soul Fist\n|-damage|p2b: Soul Fist|9\/100\n|\n|upkeep\n|turn|6\n|inactive|Eb98 has 30 seconds left.\n|\n|t:|1682516227\n|move|p1a: Dragapult|Protect|p1a: Dragapult\n|-singleturn|p1a: Dragapult|Protect\n|move|p2b: Soul Fist|Protect|p2b: Soul Fist\n|-singleturn|p2b: Soul Fist|Protect\n|move|p2a: Foot Dive|Ice Shard|p1a: Dragapult\n|-activate|p1a: Dragapult|move: Protect\n|move|p1b: Gyarados|Waterfall|p2b: Soul Fist\n|-activate|p2b: Soul Fist|move: Protect\n|\n|upkeep\n|turn|7\n|\n|t:|1682516236\n|switch|p1a: Amoonguss|Amoonguss, L50, F, shiny|100\/100\n|move|p2a: Foot Dive|Ice Shard|p1a: Amoonguss\n|-supereffective|p1a: Amoonguss\n|-damage|p1a: Amoonguss|62\/100\n|move|p2b: Soul Fist|Moonblast|p1b: Gyarados\n|-damage|p1b: Gyarados|40\/100\n|move|p1b: Gyarados|Waterfall|p2b: Soul Fist\n|-damage|p2b: Soul Fist|0 fnt\n|faint|p2b: Soul Fist\n|-end|p2b: Soul Fist|Protosynthesis|[silent]\n|\n|upkeep\n|turn|8\n|\n|t:|1682516245\n|move|p2a: Foot Dive|Protect|p2a: Foot Dive\n|-singleturn|p2a: Foot Dive|Protect\n|move|p1b: Gyarados|Dragon Dance|p1b: Gyarados\n|-boost|p1b: Gyarados|atk|1\n|-boost|p1b: Gyarados|spe|1\n|move|p1a: Amoonguss|Spore|p2a: Foot Dive\n|-activate|p2a: Foot Dive|move: Protect\n|\n|upkeep\n|turn|9\n|\n|t:|1682516254\n|move|p2a: Foot Dive|Ice Shard|p1b: Gyarados\n|-damage|p1b: Gyarados|13\/100\n|move|p1b: Gyarados|Dragon Dance|p1b: Gyarados\n|-boost|p1b: Gyarados|atk|1\n|-boost|p1b: Gyarados|spe|1\n|move|p1a: Amoonguss|Spore|p2a: Foot Dive\n|-status|p2a: Foot Dive|slp|[from] move: Spore\n|\n|upkeep\n|turn|10\n|-message|Eb98 forfeited.\n|\n|win|StVero\n|raw|StVero's rating: 1341 → 1361<\/strong> (+20 for winning)\n|raw|Eb98's rating: 1346 → 1326<\/strong> (-20 for losing)\n|l|\u2606Eb98\n","uploadtime":1682516397,"views":16,"p1id":"stvero","p2id":"eb98","formatid":"gen9vgc2023regulationc","rating":1326,"private":0,"password":""}