{"id":"gen9vgc2023regulationc-1855042012","p1":"ShadyTigers","p2":"TheNutmeg33","format":"[Gen 9] VGC 2023 Regulation C","log":"|j|\u2606ShadyTigers\n|j|\u2606TheNutmeg33\n|t:|1682894278\n|gametype|doubles\n|player|p1|ShadyTigers|101|1364\n|player|p2|TheNutmeg33|170|1399\n|teamsize|p1|6\n|teamsize|p2|6\n|gen|9\n|tier|[Gen 9] VGC 2023 Regulation C\n|rated|\n|rule|Species Clause: Limit one of each Pok\u00e9mon\n|rule|Item Clause: Limit one of each item\n|clearpoke\n|poke|p1|Roaring Moon, L50|\n|poke|p1|Iron Bundle, L50|\n|poke|p1|Arcanine, L50, M|\n|poke|p1|Amoonguss, L50, M|\n|poke|p1|Tyranitar, L50, F|\n|poke|p1|Palafin, L50, F|\n|poke|p2|Iron Hands, L50|\n|poke|p2|Flutter Mane, L50|\n|poke|p2|Palafin, L50, M|\n|poke|p2|Tsareena, L50, F|\n|poke|p2|Amoonguss, L50, M|\n|poke|p2|Arcanine, L50, F|\n|teampreview|4\n|\n|t:|1682894303\n|start\n|switch|p1a: Roaring Moon|Roaring Moon, L50|100\/100\n|switch|p1b: Arcanine|Arcanine, L50, M|100\/100\n|switch|p2a: Palafin|Palafin, L50, M, shiny|100\/100\n|switch|p2b: Arcanine|Arcanine, L50, F, shiny|100\/100\n|-ability|p1b: Arcanine|Intimidate|boost\n|-unboost|p2a: Palafin|atk|1\n|-unboost|p2b: Arcanine|atk|1\n|-ability|p2b: Arcanine|Intimidate|boost\n|-unboost|p1a: Roaring Moon|atk|1\n|-unboost|p1b: Arcanine|atk|1\n|-enditem|p1a: Roaring Moon|Booster Energy\n|-activate|p1a: Roaring Moon|ability: Protosynthesis|[fromitem]\n|-start|p1a: Roaring Moon|protosynthesisspe\n|turn|1\n|inactive|Battle timer is ON: inactive players will automatically lose when time's up. (requested by TheNutmeg33)\n|\n|t:|1682894323\n|detailschange|p2a: Palafin|Palafin-Hero, L50, M, shiny\n|switch|p2a: Iron Hands|Iron Hands, L50, shiny|100\/100\n|move|p1a: Roaring Moon|Protect|p1a: Roaring Moon\n|-singleturn|p1a: Roaring Moon|Protect\n|move|p1b: Arcanine|Howl|p1b: Arcanine|[spread] p1a,p1b\n|-boost|p1a: Roaring Moon|atk|1\n|-boost|p1b: Arcanine|atk|1\n|move|p2b: Arcanine|Howl|p2b: Arcanine|[spread] p2a,p2b\n|-boost|p2a: Iron Hands|atk|1\n|-boost|p2b: Arcanine|atk|1\n|\n|upkeep\n|turn|2\n|\n|t:|1682894339\n|-terastallize|p1a: Roaring Moon|Fire\n|move|p2a: Iron Hands|Fake Out|p1b: Arcanine\n|-damage|p1b: Arcanine|77\/100\n|move|p1a: Roaring Moon|Throat Chop|p2b: Arcanine\n|-damage|p2b: Arcanine|64\/100\n|-start|p2b: Arcanine|Throat Chop|[silent]\n|cant|p1b: Arcanine|flinch\n|move|p2b: Arcanine|Will-O-Wisp|p1a: Roaring Moon|[miss]\n|-miss|p2b: Arcanine|p1a: Roaring Moon\n|\n|upkeep\n|turn|3\n|\n|t:|1682894364\n|move|p1a: Roaring Moon|Protect|p1a: Roaring Moon\n|-singleturn|p1a: Roaring Moon|Protect\n|move|p2b: Arcanine|Extreme Speed|p1a: Roaring Moon\n|-activate|p1a: Roaring Moon|move: Protect\n|move|p1b: Arcanine|Howl|p1b: Arcanine|[spread] p1a,p1b\n|-boost|p1a: Roaring Moon|atk|1\n|-boost|p1b: Arcanine|atk|1\n|move|p2a: Iron Hands|Drain Punch|p1a: Roaring Moon\n|-activate|p1a: Roaring Moon|move: Protect\n|\n|-end|p2b: Arcanine|Throat Chop|[silent]\n|upkeep\n|turn|4\n|\n|t:|1682894381\n|move|p1a: Roaring Moon|Throat Chop|p2b: Arcanine\n|-damage|p2b: Arcanine|8\/100\n|-start|p2b: Arcanine|Throat Chop|[silent]\n|move|p1b: Arcanine|Flare Blitz|p2a: Iron Hands\n|-damage|p2a: Iron Hands|54\/100\n|-damage|p1b: Arcanine|59\/100|[from] Recoil\n|cant|p2b: Arcanine|move: Throat Chop\n|move|p2a: Iron Hands|Drain Punch|p1a: Roaring Moon\n|-damage|p1a: Roaring Moon|25\/100\n|-heal|p2a: Iron Hands|89\/100|[from] drain|[of] p1a: Roaring Moon\n|\n|upkeep\n|turn|5\n|inactive|ShadyTigers has 30 seconds left.\n|\n|t:|1682894411\n|move|p2b: Arcanine|Extreme Speed|p1a: Roaring Moon\n|-damage|p1a: Roaring Moon|4\/100\n|move|p1a: Roaring Moon|Throat Chop|p2a: Iron Hands\n|-resisted|p2a: Iron Hands\n|-damage|p2a: Iron Hands|67\/100\n|-start|p2a: Iron Hands|Throat Chop|[silent]\n|move|p1b: Arcanine|Flare Blitz|p2a: Iron Hands\n|-damage|p2a: Iron Hands|21\/100\n|-damage|p1b: Arcanine|41\/100|[from] Recoil\n|move|p2a: Iron Hands|Drain Punch|p1b: Arcanine\n|-damage|p1b: Arcanine|0 fnt\n|-heal|p2a: Iron Hands|38\/100|[from] drain|[of] p1b: Arcanine\n|faint|p1b: Arcanine\n|\n|-end|p2b: Arcanine|Throat Chop|[silent]\n|upkeep\n|\n|t:|1682894418\n|switch|p1b: Palafin|Palafin, L50, F|100\/100\n|turn|6\n|\n|t:|1682894432\n|move|p1a: Roaring Moon|Protect|p1a: Roaring Moon\n|-singleturn|p1a: Roaring Moon|Protect\n|move|p2b: Arcanine|Extreme Speed|p1a: Roaring Moon\n|-activate|p1a: Roaring Moon|move: Protect\n|move|p1b: Palafin|Wave Crash|p2a: Iron Hands\n|-damage|p2a: Iron Hands|3\/100\n|-damage|p1b: Palafin|87\/100|[from] Recoil\n|move|p2a: Iron Hands|Wild Charge|p1b: Palafin\n|-supereffective|p1b: Palafin\n|-damage|p1b: Palafin|0 fnt\n|faint|p1b: Palafin\n|-damage|p2a: Iron Hands|0 fnt|[from] Recoil\n|faint|p2a: Iron Hands\n|-end|p2a: Iron Hands|Quark Drive|[silent]\n|\n|upkeep\n|\n|t:|1682894448\n|switch|p1b: Tyranitar|Tyranitar, L50, F|100\/100\n|switch|p2a: Tsareena|Tsareena, L50, F|100\/100\n|-weather|Sandstorm|[from] ability: Sand Stream|[of] p1b: Tyranitar\n|turn|7\n|\n|t:|1682894458\n|move|p1a: Roaring Moon|Protect||[still]\n|-fail|p1a: Roaring Moon\n|move|p2b: Arcanine|Extreme Speed|p1a: Roaring Moon\n|-damage|p1a: Roaring Moon|0 fnt\n|faint|p1a: Roaring Moon\n|-end|p1a: Roaring Moon|Protosynthesis|[silent]\n|move|p2a: Tsareena|Trop Kick|p1b: Tyranitar\n|-supereffective|p1b: Tyranitar\n|-damage|p1b: Tyranitar|48\/100\n|-unboost|p1b: Tyranitar|atk|1\n|move|p1b: Tyranitar|Rock Slide|p2b: Arcanine|[spread] p2a,p2b\n|-supereffective|p2b: Arcanine\n|-damage|p2a: Tsareena|76\/100\n|-damage|p2b: Arcanine|0 fnt\n|faint|p2b: Arcanine\n|\n|-weather|Sandstorm|[upkeep]\n|-damage|p2a: Tsareena|70\/100|[from] Sandstorm\n|upkeep\n|-message|ShadyTigers forfeited.\n|\n|win|TheNutmeg33\n|raw|ShadyTigers's rating: 1364 → 1346<\/strong> (-18 for losing)\n|raw|TheNutmeg33's rating: 1399 → 1417<\/strong> (+18 for winning)\n|l|\u2606ShadyTigers\n","uploadtime":1682894494,"views":7,"p1id":"shadytigers","p2id":"thenutmeg33","formatid":"gen9vgc2023regulationc","rating":1346,"private":0,"password":""}