{"id":"gen9vgc2023regulationc-1847944585","p1":"200 routes","p2":"fyfyy","format":"[Gen 9] VGC 2023 Regulation C","log":"|j|\u2606200 routes\n|j|\u2606fyfyy\n|t:|1682014722\n|gametype|doubles\n|player|p1|200 routes|rosa|1364\n|player|p2|fyfyy|2|1348\n|teamsize|p1|6\n|teamsize|p2|6\n|gen|9\n|tier|[Gen 9] VGC 2023 Regulation C\n|rated|\n|rule|Species Clause: Limit one of each Pok\u00e9mon\n|rule|Item Clause: Limit one of each item\n|clearpoke\n|poke|p1|Scizor, L50, M|\n|poke|p1|Iron Bundle, L50|\n|poke|p1|Iron Hands, L50|\n|poke|p1|Baxcalibur, L50, M|\n|poke|p1|Amoonguss, L50, M|\n|poke|p1|Flutter Mane, L50|\n|poke|p2|Palafin, L50, F|\n|poke|p2|Amoonguss, L50, F|\n|poke|p2|Chien-Pao, L50|\n|poke|p2|Flutter Mane, L50|\n|poke|p2|Iron Hands, L50|\n|poke|p2|Arcanine, L50, F|\n|teampreview|4\n|inactive|Battle timer is ON: inactive players will automatically lose when time's up. (requested by 200 routes)\n|\n|t:|1682014756\n|start\n|switch|p1a: Scizor|Scizor, L50, M|100\/100\n|switch|p1b: Iron Bundle|Iron Bundle, L50|100\/100\n|switch|p2a: Iron Hands|Iron Hands, L50|100\/100\n|switch|p2b: Arcanine|Arcanine, L50, F|100\/100\n|-ability|p2b: Arcanine|Intimidate|boost\n|-unboost|p1a: Scizor|atk|1\n|-unboost|p1b: Iron Bundle|atk|1\n|-enditem|p1b: Iron Bundle|Booster Energy\n|-activate|p1b: Iron Bundle|ability: Quark Drive|[fromitem]\n|-start|p1b: Iron Bundle|quarkdrivespe\n|turn|1\n|inactive|200 routes has 30 seconds left.\n|\n|t:|1682014785\n|switch|p1a: Iron Hands|Iron Hands, L50|100\/100\n|-terastallize|p1b: Iron Bundle|Ghost\n|-terastallize|p2b: Arcanine|Water\n|move|p1b: Iron Bundle|Hydro Pump|p2b: Arcanine\n|-resisted|p2b: Arcanine\n|-damage|p2b: Arcanine|71\/100\n|move|p2b: Arcanine|Flare Blitz|p1a: Iron Hands\n|-damage|p1a: Iron Hands|64\/100\n|-damage|p2b: Arcanine|53\/100|[from] Recoil\n|move|p2a: Iron Hands|Drain Punch|p1b: Iron Bundle\n|-immune|p1b: Iron Bundle\n|\n|upkeep\n|turn|2\n|inactive|200 routes has 30 seconds left.\n|inactive|fyfyy has 30 seconds left.\n|inactive|200 routes has 20 seconds left.\n|inactive|200 routes has 15 seconds left.\n|inactive|200 routes has 10 seconds left.\n|\n|t:|1682014831\n|-end|p1b: Iron Bundle|Quark Drive|[silent]\n|switch|p1b: Flutter Mane|Flutter Mane, L50|100\/100\n|move|p1a: Iron Hands|Fake Out|p2a: Iron Hands\n|-damage|p2a: Iron Hands|92\/100\n|move|p2b: Arcanine|Will-O-Wisp|p1a: Iron Hands\n|-status|p1a: Iron Hands|brn\n|cant|p2a: Iron Hands|flinch\n|\n|-damage|p1a: Iron Hands|58\/100 brn|[from] brn\n|upkeep\n|turn|3\n|inactive|200 routes has 30 seconds left.\n|inactive|200 routes has 20 seconds left.\n|\n|t:|1682014869\n|-end|p2a: Iron Hands|Quark Drive|[silent]\n|switch|p2a: Amoonguss|Amoonguss, L50, F|100\/100\n|-end|p1a: Iron Hands|Quark Drive|[silent]\n|switch|p1a: Iron Bundle|Iron Bundle, L50, tera:Ghost|100\/100\n|move|p1b: Flutter Mane|Moonblast|p2a: Amoonguss\n|-resisted|p2a: Amoonguss\n|-damage|p2a: Amoonguss|70\/100\n|move|p2b: Arcanine|Flare Blitz|p1b: Flutter Mane\n|-damage|p1b: Flutter Mane|11\/100\n|-damage|p2b: Arcanine|25\/100|[from] Recoil\n|\n|upkeep\n|turn|4\n|inactive|200 routes has 30 seconds left.\n|inactive|fyfyy has 30 seconds left.\n|inactive|200 routes has 20 seconds left.\n|inactive|fyfyy has 20 seconds left.\n|inactive|fyfyy has 15 seconds left.\n|inactive|fyfyy has 10 seconds left.\n|inactive|fyfyy has 5 seconds left.\n|\n|t:|1682014922\n|move|p2a: Amoonguss|Rage Powder|p2a: Amoonguss\n|-singleturn|p2a: Amoonguss|move: Rage Powder\n|move|p1b: Flutter Mane|Moonblast|p2a: Amoonguss\n|-resisted|p2a: Amoonguss\n|-damage|p2a: Amoonguss|40\/100\n|-enditem|p2a: Amoonguss|Sitrus Berry|[eat]\n|-heal|p2a: Amoonguss|65\/100|[from] item: Sitrus Berry\n|move|p1a: Iron Bundle|Freeze-Dry|p2a: Amoonguss\n|-supereffective|p2a: Amoonguss\n|-damage|p2a: Amoonguss|10\/100\n|move|p2b: Arcanine|Flare Blitz|p1b: Flutter Mane\n|-damage|p1b: Flutter Mane|0 fnt\n|faint|p1b: Flutter Mane\n|-end|p1b: Flutter Mane|Protosynthesis|[silent]\n|-damage|p2b: Arcanine|22\/100|[from] Recoil\n|\n|upkeep\n|\n|t:|1682014935\n|switch|p1b: Scizor|Scizor, L50, M|100\/100\n|turn|5\n|inactive|200 routes has 30 seconds left.\n|inactive|fyfyy has 30 seconds left.\n|\n|t:|1682014968\n|move|p2a: Amoonguss|Rage Powder|p2a: Amoonguss\n|-singleturn|p2a: Amoonguss|move: Rage Powder\n|move|p1a: Iron Bundle|Icy Wind|p2b: Arcanine|[spread] p2a,p2b\n|-supereffective|p2a: Amoonguss\n|-resisted|p2b: Arcanine\n|-damage|p2a: Amoonguss|0 fnt\n|-damage|p2b: Arcanine|10\/100\n|-unboost|p2b: Arcanine|spe|1\n|faint|p2a: Amoonguss\n|move|p1b: Scizor|Trailblaze|p2b: Arcanine\n|-supereffective|p2b: Arcanine\n|-crit|p2b: Arcanine\n|-damage|p2b: Arcanine|0 fnt\n|-boost|p1b: Scizor|spe|1\n|faint|p2b: Arcanine\n|\n|upkeep\n|\n|t:|1682014979\n|switch|p2b: Flutter Mane|Flutter Mane, L50|100\/100\n|switch|p2a: Iron Hands|Iron Hands, L50|92\/100\n|turn|6\n|\n|t:|1682015002\n|move|p1b: Scizor|Protect|p1b: Scizor\n|-singleturn|p1b: Scizor|Protect\n|move|p2b: Flutter Mane|Shadow Ball|p1a: Iron Bundle\n|-supereffective|p1a: Iron Bundle\n|-damage|p1a: Iron Bundle|0 fnt\n|faint|p1a: Iron Bundle\n|-end|p1a: Iron Bundle|Quark Drive|[silent]\n|move|p2a: Iron Hands|Drain Punch|p1b: Scizor\n|-activate|p1b: Scizor|move: Protect\n|\n|upkeep\n|\n|t:|1682015011\n|switch|p1a: Iron Hands|Iron Hands, L50|58\/100 brn\n|turn|7\n|inactive|fyfyy has 30 seconds left.\n|\n|t:|1682015043\n|move|p1a: Iron Hands|Fake Out|p2a: Iron Hands\n|-damage|p2a: Iron Hands|87\/100\n|move|p1b: Scizor|Bullet Punch|p2b: Flutter Mane\n|-supereffective|p2b: Flutter Mane\n|-damage|p2b: Flutter Mane|11\/100\n|move|p2b: Flutter Mane|Shadow Ball|p1a: Iron Hands\n|-damage|p1a: Iron Hands|29\/100 brn\n|cant|p2a: Iron Hands|flinch\n|\n|-damage|p1a: Iron Hands|23\/100 brn|[from] brn\n|upkeep\n|turn|8\n|\n|t:|1682015062\n|move|p1b: Scizor|Bullet Punch|p2b: Flutter Mane\n|-supereffective|p2b: Flutter Mane\n|-damage|p2b: Flutter Mane|0 fnt\n|faint|p2b: Flutter Mane\n|-end|p2b: Flutter Mane|Protosynthesis|[silent]\n|move|p2a: Iron Hands|Drain Punch|p1b: Scizor\n|-damage|p1b: Scizor|52\/100\n|-heal|p2a: Iron Hands|100\/100|[from] drain|[of] p1b: Scizor\n|move|p1a: Iron Hands|Drain Punch|p2a: Iron Hands\n|-damage|p2a: Iron Hands|89\/100\n|-heal|p1a: Iron Hands|28\/100 brn|[from] drain|[of] p2a: Iron Hands\n|\n|-damage|p1a: Iron Hands|22\/100 brn|[from] brn\n|upkeep\n|turn|9\n|\n|t:|1682015079\n|move|p1b: Scizor|Pounce|p2a: Iron Hands\n|-resisted|p2a: Iron Hands\n|-damage|p2a: Iron Hands|74\/100\n|-unboost|p2a: Iron Hands|spe|1\n|move|p1a: Iron Hands|Drain Punch|p2a: Iron Hands\n|-damage|p2a: Iron Hands|61\/100\n|-heal|p1a: Iron Hands|28\/100 brn|[from] drain|[of] p2a: Iron Hands\n|move|p2a: Iron Hands|Drain Punch|p1b: Scizor\n|-damage|p1b: Scizor|0 fnt\n|-heal|p2a: Iron Hands|79\/100|[from] drain|[of] p1b: Scizor\n|faint|p1b: Scizor\n|\n|-damage|p1a: Iron Hands|22\/100 brn|[from] brn\n|upkeep\n|turn|10\n|\n|t:|1682015094\n|move|p1a: Iron Hands|Drain Punch|p2a: Iron Hands\n|-damage|p2a: Iron Hands|67\/100\n|-heal|p1a: Iron Hands|27\/100 brn|[from] drain|[of] p2a: Iron Hands\n|move|p2a: Iron Hands|Drain Punch|p1a: Iron Hands\n|-damage|p1a: Iron Hands|0 fnt\n|-heal|p2a: Iron Hands|83\/100|[from] drain|[of] p1a: Iron Hands\n|faint|p1a: Iron Hands\n|-end|p1a: Iron Hands|Quark Drive|[silent]\n|\n|win|fyfyy\n|raw|200 routes's rating: 1364 → 1343<\/strong> (-21 for losing)\n|raw|fyfyy's rating: 1348 → 1369<\/strong> (+21 for winning)\n","uploadtime":1682015098,"views":8,"p1id":"200routes","p2id":"fyfyy","formatid":"gen9vgc2023regulationc","rating":1343,"private":0,"password":""}