{"id":"gen9vgc2023regulationc-1854092759","p1":"SuggyB","p2":"AnAggressiveTurtle","format":"[Gen 9] VGC 2023 Regulation C","log":"|j|\u2606SuggyB\n|j|\u2606AnAggressiveTurtle\n|t:|1682767931\n|gametype|doubles\n|player|p1|SuggyB|170|1439\n|player|p2|AnAggressiveTurtle|lady|1342\n|teamsize|p1|6\n|teamsize|p2|6\n|gen|9\n|tier|[Gen 9] VGC 2023 Regulation C\n|rated|\n|rule|Species Clause: Limit one of each Pok\u00e9mon\n|rule|Item Clause: Limit one of each item\n|clearpoke\n|poke|p1|Ting-Lu, L50|\n|poke|p1|Vivillon-Fancy, L50, F|\n|poke|p1|Annihilape, L50, M|\n|poke|p1|Flutter Mane, L50|\n|poke|p1|Gyarados, L50, F|\n|poke|p1|Glimmora, L50, M|\n|poke|p2|Murkrow, L50, F|\n|poke|p2|Chi-Yu, L50|\n|poke|p2|Flutter Mane, L50|\n|poke|p2|Great Tusk, L50|\n|poke|p2|Brute Bonnet, L50|\n|poke|p2|Corviknight, L50, M|\n|teampreview|4\n|inactive|Battle timer is ON: inactive players will automatically lose when time's up. (requested by AnAggressiveTurtle)\n|\n|t:|1682768012\n|start\n|switch|p1a: Vivillon|Vivillon-Fancy, L50, F|100\/100\n|switch|p1b: Annihilape|Annihilape, L50, M|100\/100\n|switch|p2a: Murkrow|Murkrow, L50, F, shiny|100\/100\n|switch|p2b: Great Tusk|Great Tusk, L50|100\/100\n|turn|1\n|\n|t:|1682768037\n|move|p1a: Vivillon|Protect|p1a: Vivillon\n|-singleturn|p1a: Vivillon|Protect\n|move|p2a: Murkrow|Sunny Day|p2a: Murkrow\n|-weather|SunnyDay\n|-activate|p2b: Great Tusk|ability: Protosynthesis\n|-start|p2b: Great Tusk|protosynthesisatk\n|move|p2b: Great Tusk|Rock Slide|p1a: Vivillon|[spread] p1b\n|-activate|p1a: Vivillon|move: Protect\n|-resisted|p1b: Annihilape\n|-damage|p1b: Annihilape|90\/100\n|cant|p1b: Annihilape|flinch\n|\n|-weather|SunnyDay|[upkeep]\n|-heal|p1b: Annihilape|97\/100|[from] item: Leftovers\n|upkeep\n|turn|2\n|\n|t:|1682768057\n|switch|p1a: Gyarados|Gyarados, L50, F|100\/100\n|-ability|p1a: Gyarados|Intimidate|boost\n|-unboost|p2a: Murkrow|atk|1\n|-unboost|p2b: Great Tusk|atk|1\n|move|p2b: Great Tusk|Rock Slide|p1a: Gyarados|[spread] p1a,p1b\n|-supereffective|p1a: Gyarados\n|-resisted|p1b: Annihilape\n|-damage|p1a: Gyarados|56\/100\n|-damage|p1b: Annihilape|88\/100\n|cant|p1b: Annihilape|flinch\n|move|p2a: Murkrow|Foul Play|p1b: Annihilape\n|-damage|p1b: Annihilape|41\/100\n|\n|-weather|SunnyDay|[upkeep]\n|-heal|p1b: Annihilape|47\/100|[from] item: Leftovers\n|upkeep\n|turn|3\n|c|\u2606AnAggressiveTurtle|oof\n|c|\u2606SuggyB|...\n|c|\u2606SuggyB|this game sometimes\n|c|\u2606AnAggressiveTurtle|yeahhh\n|inactive|SuggyB has 30 seconds left.\n|inactive|SuggyB has 20 seconds left.\n|\n|t:|1682768094\n|switch|p1a: Vivillon|Vivillon-Fancy, L50, F|100\/100\n|move|p2b: Great Tusk|Rock Slide|p1a: Vivillon|[spread] p1a,p1b\n|-supereffective|p1a: Vivillon\n|-resisted|p1b: Annihilape\n|-enditem|p1a: Vivillon|Focus Sash\n|-damage|p1a: Vivillon|1\/100\n|-damage|p1b: Annihilape|41\/100\n|move|p1b: Annihilape|Bulk Up|p1b: Annihilape\n|-boost|p1b: Annihilape|atk|1\n|-boost|p1b: Annihilape|def|1\n|move|p2a: Murkrow|Foul Play|p1b: Annihilape\n|-damage|p1b: Annihilape|10\/100\n|\n|-weather|SunnyDay|[upkeep]\n|-heal|p1b: Annihilape|16\/100|[from] item: Leftovers\n|upkeep\n|turn|4\n|inactive|SuggyB has 30 seconds left.\n|\n|t:|1682768120\n|move|p1a: Vivillon|Protect|p1a: Vivillon\n|-singleturn|p1a: Vivillon|Protect\n|move|p2a: Murkrow|Haze|p2a: Murkrow\n|-clearallboost\n|move|p2b: Great Tusk|Rock Slide|p1b: Annihilape|[spread] p1b\n|-activate|p1a: Vivillon|move: Protect\n|-resisted|p1b: Annihilape\n|-damage|p1b: Annihilape|6\/100\n|move|p1b: Annihilape|Drain Punch|p2b: Great Tusk\n|-damage|p2b: Great Tusk|76\/100\n|-heal|p1b: Annihilape|17\/100|[from] drain|[of] p2b: Great Tusk\n|\n|-weather|SunnyDay|[upkeep]\n|-heal|p1b: Annihilape|23\/100|[from] item: Leftovers\n|upkeep\n|turn|5\n|inactive|SuggyB has 30 seconds left.\n|inactive|SuggyB has 20 seconds left.\n|\n|t:|1682768160\n|switch|p1a: Gyarados|Gyarados, L50, F|56\/100\n|-ability|p1a: Gyarados|Intimidate|boost\n|-unboost|p2a: Murkrow|atk|1\n|-unboost|p2b: Great Tusk|atk|1\n|move|p2b: Great Tusk|Rock Slide|p1a: Gyarados|[spread] p1a\n|-miss|p2b: Great Tusk|p1b: Annihilape\n|-supereffective|p1a: Gyarados\n|-damage|p1a: Gyarados|16\/100\n|-enditem|p1a: Gyarados|Sitrus Berry|[eat]\n|-heal|p1a: Gyarados|41\/100|[from] item: Sitrus Berry\n|move|p1b: Annihilape|Drain Punch|p2a: Murkrow\n|-damage|p2a: Murkrow|70\/100\n|-heal|p1b: Annihilape|36\/100|[from] drain|[of] p2a: Murkrow\n|move|p2a: Murkrow|Foul Play|p1b: Annihilape\n|-damage|p1b: Annihilape|0 fnt\n|faint|p1b: Annihilape\n|\n|-weather|none\n|-end|p2b: Great Tusk|Protosynthesis\n|upkeep\n|\n|t:|1682768181\n|switch|p1b: Flutter Mane|Flutter Mane, L50|100\/100\n|-enditem|p1b: Flutter Mane|Booster Energy\n|-activate|p1b: Flutter Mane|ability: Protosynthesis|[fromitem]\n|-start|p1b: Flutter Mane|protosynthesisspa\n|turn|6\n|\n|t:|1682768191\n|-terastallize|p1b: Flutter Mane|Fairy\n|move|p1a: Gyarados|Protect|p1a: Gyarados\n|-singleturn|p1a: Gyarados|Protect\n|move|p2a: Murkrow|Tailwind|p2a: Murkrow\n|-sidestart|p2: AnAggressiveTurtle|move: Tailwind\n|move|p2b: Great Tusk|Rock Slide|p1a: Gyarados|[spread] p1b\n|-activate|p1a: Gyarados|move: Protect\n|-damage|p1b: Flutter Mane|71\/100\n|move|p1b: Flutter Mane|Dazzling Gleam|p2a: Murkrow|[spread] p2a,p2b\n|-supereffective|p2a: Murkrow\n|-supereffective|p2b: Great Tusk\n|-damage|p2a: Murkrow|0 fnt\n|-damage|p2b: Great Tusk|0 fnt\n|faint|p2a: Murkrow\n|faint|p2b: Great Tusk\n|-end|p2b: Great Tusk|Protosynthesis|[silent]\n|\n|upkeep\n|\n|t:|1682768197\n|switch|p2b: Brute Bonnet|Brute Bonnet, L50|100\/100\n|switch|p2a: Flutter Mane|Flutter Mane, L50|100\/100\n|turn|7\n|inactive|SuggyB has 30 seconds left.\n|\n|t:|1682768224\n|-terastallize|p2a: Flutter Mane|Fairy\n|move|p2b: Brute Bonnet|Sucker Punch|p1b: Flutter Mane\n|-resisted|p1b: Flutter Mane\n|-damage|p1b: Flutter Mane|32\/100\n|move|p2a: Flutter Mane|Dazzling Gleam|p1b: Flutter Mane|[spread] p1a,p1b\n|-damage|p1a: Gyarados|0 fnt\n|-damage|p1b: Flutter Mane|0 fnt\n|faint|p1a: Gyarados\n|faint|p1b: Flutter Mane\n|-end|p1b: Flutter Mane|Protosynthesis|[silent]\n|\n|upkeep\n|-message|SuggyB forfeited.\n|\n|win|AnAggressiveTurtle\n|raw|SuggyB's rating: 1439 → 1414<\/strong> (-25 for losing)\n|raw|AnAggressiveTurtle's rating: 1342 → 1367<\/strong> (+25 for winning)\n|l|\u2606SuggyB\n","uploadtime":1682768249,"views":15,"p1id":"suggyb","p2id":"anaggressiveturtle","formatid":"gen9vgc2023regulationc","rating":1367,"private":0,"password":""}