{"id":"gen9vgc2023regulationc-1861500794","p1":"amurali","p2":"foiledfeline","format":"[Gen 9] VGC 2023 Regulation C","log":"|j|\u2606amurali\n|j|\u2606foiledfeline\n|t:|1683765602\n|gametype|doubles\n|player|p1|amurali|cynthia-gen4|1353\n|player|p2|foiledfeline|steven|1258\n|teamsize|p1|6\n|teamsize|p2|6\n|gen|9\n|tier|[Gen 9] VGC 2023 Regulation C\n|rated|\n|rule|Species Clause: Limit one of each Pok\u00e9mon\n|rule|Item Clause: Limit one of each item\n|clearpoke\n|poke|p1|Ceruledge, L50, M|\n|poke|p1|Vivillon-Fancy, L50, M|\n|poke|p1|Ting-Lu, L50|\n|poke|p1|Gyarados, L50, M|\n|poke|p1|Glimmora, L50, F|\n|poke|p1|Flutter Mane, L50|\n|poke|p2|Chi-Yu, L50|\n|poke|p2|Sandy Shocks, L50|\n|poke|p2|Talonflame, L50, M|\n|poke|p2|Breloom, L50, F|\n|poke|p2|Baxcalibur, L50, M|\n|poke|p2|Gyarados, L50, M|\n|teampreview|4\nfoiledfeline has agreed to open team sheets.\namurali has agreed to open team sheets.\n|\n|t:|1683765712\n|start\n|switch|p1a: Ceruledge|Ceruledge, L50, M|100\/100\n|switch|p1b: Vivillon|Vivillon-Fancy, L50, M|100\/100\n|switch|p2a: Talonflame|Talonflame, L50, M|100\/100\n|switch|p2b: Sandy Shocks|Sandy Shocks, L50|100\/100\n|-enditem|p2b: Sandy Shocks|Booster Energy\n|-activate|p2b: Sandy Shocks|ability: Protosynthesis|[fromitem]\n|-start|p2b: Sandy Shocks|protosynthesisspe\n|turn|1\n|\n|t:|1683765768\n|move|p1a: Ceruledge|Protect|p1a: Ceruledge\n|-singleturn|p1a: Ceruledge|Protect\n|move|p2a: Talonflame|Tailwind|p2a: Talonflame\n|-sidestart|p2: foiledfeline|move: Tailwind\n|move|p2b: Sandy Shocks|Thunderbolt|p1b: Vivillon\n|-supereffective|p1b: Vivillon\n|-enditem|p1b: Vivillon|Focus Sash\n|-damage|p1b: Vivillon|1\/100\n|-status|p1b: Vivillon|par\n|move|p1b: Vivillon|Tailwind|p1b: Vivillon\n|-sidestart|p1: amurali|move: Tailwind\n|\n|upkeep\n|turn|2\n|\n|t:|1683765811\n|-terastallize|p2b: Sandy Shocks|Flying\n|move|p1b: Vivillon|Protect|p1b: Vivillon\n|-singleturn|p1b: Vivillon|Protect\n|move|p2a: Talonflame|Brave Bird|p1a: Ceruledge\n|-damage|p1a: Ceruledge|49\/100\n|-damage|p2a: Talonflame|80\/100|[from] Recoil\n|-damage|p2a: Talonflame|71\/100|[from] item: Life Orb\n|move|p2b: Sandy Shocks|Tera Blast|p1a: Ceruledge\n|-damage|p1a: Ceruledge|21\/100\n|move|p1a: Ceruledge|Bitter Blade|p2b: Sandy Shocks\n|-damage|p2b: Sandy Shocks|47\/100\n|-heal|p1a: Ceruledge|46\/100|[from] drain|[of] p2b: Sandy Shocks\n|\n|upkeep\n|turn|3\n|\n|t:|1683765845\n|switch|p1a: Glimmora|Glimmora, L50, F|100\/100\n|move|p2b: Sandy Shocks|Tera Blast|p1b: Vivillon\n|-supereffective|p1b: Vivillon\n|-damage|p1b: Vivillon|0 fnt\n|faint|p1b: Vivillon\n|move|p2a: Talonflame|Brave Bird|p1a: Glimmora\n|-resisted|p1a: Glimmora\n|-damage|p1a: Glimmora|68\/100\n|-activate|p1a: Glimmora|ability: Toxic Debris\n|-sidestart|p2: foiledfeline|move: Toxic Spikes\n|-damage|p2a: Talonflame|58\/100|[from] Recoil\n|-damage|p2a: Talonflame|48\/100|[from] item: Life Orb\n|\n|upkeep\n|\n|t:|1683765871\n|switch|p1b: Flutter Mane|Flutter Mane, L50|100\/100\n|-enditem|p1b: Flutter Mane|Booster Energy\n|-activate|p1b: Flutter Mane|ability: Protosynthesis|[fromitem]\n|-start|p1b: Flutter Mane|protosynthesisspa\n|turn|4\n|\n|t:|1683765891\n|-terastallize|p1a: Glimmora|Grass\n|move|p1b: Flutter Mane|Protect|p1b: Flutter Mane\n|-singleturn|p1b: Flutter Mane|Protect\n|move|p2b: Sandy Shocks|Earth Power|p1a: Glimmora\n|-resisted|p1a: Glimmora\n|-damage|p1a: Glimmora|52\/100\n|move|p2a: Talonflame|Brave Bird|p1b: Flutter Mane\n|-activate|p1b: Flutter Mane|move: Protect\n|move|p1a: Glimmora|Power Gem|p2b: Sandy Shocks\n|-supereffective|p2b: Sandy Shocks\n|-damage|p2b: Sandy Shocks|0 fnt\n|faint|p2b: Sandy Shocks\n|-end|p2b: Sandy Shocks|Protosynthesis|[silent]\n|\n|-sideend|p2: foiledfeline|move: Tailwind\n|-sideend|p1: amurali|move: Tailwind\n|upkeep\n|\n|t:|1683765912\n|switch|p2b: Chi-Yu|Chi-Yu, L50|100\/100\n|-status|p2b: Chi-Yu|psn\n|-ability|p2b: Chi-Yu|Beads of Ruin\n|turn|5\n|\n|t:|1683765946\n|move|p2a: Talonflame|Tailwind|p2a: Talonflame\n|-sidestart|p2: foiledfeline|move: Tailwind\n|move|p2b: Chi-Yu|Heat Wave|p1b: Flutter Mane|[spread] p1a,p1b\n|-supereffective|p1a: Glimmora\n|-damage|p1a: Glimmora|0 fnt\n|-damage|p1b: Flutter Mane|58\/100\n|faint|p1a: Glimmora\n|move|p1b: Flutter Mane|Shadow Ball|p2a: Talonflame\n|-damage|p2a: Talonflame|0 fnt\n|faint|p2a: Talonflame\n|\n|-damage|p2b: Chi-Yu|88\/100 psn|[from] psn\n|upkeep\n|\n|t:|1683765957\n|switch|p2a: Baxcalibur|Baxcalibur, L50, M|100\/100\n|switch|p1a: Ceruledge|Ceruledge, L50, M|46\/100\n|-status|p2a: Baxcalibur|psn\n|turn|6\n|\n|t:|1683765981\n|move|p2b: Chi-Yu|Protect|p2b: Chi-Yu\n|-singleturn|p2b: Chi-Yu|Protect\n|move|p1b: Flutter Mane|Protect|p1b: Flutter Mane\n|-singleturn|p1b: Flutter Mane|Protect\n|move|p1a: Ceruledge|Protect|p1a: Ceruledge\n|-singleturn|p1a: Ceruledge|Protect\n|move|p2a: Baxcalibur|Earthquake|p1a: Ceruledge|[spread] \n|-activate|p2b: Chi-Yu|move: Protect\n|-activate|p1a: Ceruledge|move: Protect\n|-activate|p1b: Flutter Mane|move: Protect\n|\n|-damage|p2b: Chi-Yu|76\/100 psn|[from] psn\n|-damage|p2a: Baxcalibur|88\/100 psn|[from] psn\n|upkeep\n|turn|7\n|\n|t:|1683766029\n|move|p2a: Baxcalibur|Ice Shard|p1b: Flutter Mane\n|-crit|p1b: Flutter Mane\n|-damage|p1b: Flutter Mane|1\/100\n|move|p1a: Ceruledge|Shadow Sneak|p2a: Baxcalibur\n|-damage|p2a: Baxcalibur|67\/100 psn\n|move|p2b: Chi-Yu|Dark Pulse|p1a: Ceruledge\n|-supereffective|p1a: Ceruledge\n|-damage|p1a: Ceruledge|0 fnt\n|faint|p1a: Ceruledge\n|move|p1b: Flutter Mane|Dazzling Gleam|p2b: Chi-Yu|[spread] p2a,p2b\n|-supereffective|p2a: Baxcalibur\n|-damage|p2a: Baxcalibur|0 fnt\n|-damage|p2b: Chi-Yu|35\/100 psn\n|faint|p2a: Baxcalibur\n|\n|-damage|p2b: Chi-Yu|23\/100 psn|[from] psn\n|upkeep\n|turn|8\n|\n|t:|1683766045\n|move|p1b: Flutter Mane|Protect|p1b: Flutter Mane\n|-singleturn|p1b: Flutter Mane|Protect\n|move|p2b: Chi-Yu|Dark Pulse|p1b: Flutter Mane\n|-activate|p1b: Flutter Mane|move: Protect\n|\n|-damage|p2b: Chi-Yu|11\/100 psn|[from] psn\n|-sideend|p2: foiledfeline|move: Tailwind\n|upkeep\n|turn|9\n|\n|t:|1683766055\n|move|p1b: Flutter Mane|Dazzling Gleam|p2b: Chi-Yu\n|-damage|p2b: Chi-Yu|0 fnt\n|faint|p2b: Chi-Yu\n|\n|win|amurali\n|raw|amurali's rating: 1353 → 1368<\/strong> (+15 for winning)\n|raw|foiledfeline's rating: 1258 → 1240<\/strong> (-18 for losing)\n|l|\u2606amurali\n","uploadtime":1683766061,"views":16,"p1id":"amurali","p2id":"foiledfeline","formatid":"gen9vgc2023regulationc","rating":1240,"private":0,"password":""}