{"id":"gen9vgc2023regulationc-1858800765","p1":"kyojinluca","p2":"PRANAVSHOWDOWN","format":"[Gen 9] VGC 2023 Regulation C","log":"|j|\u2606kyojinluca\n|j|\u2606PRANAVSHOWDOWN\n|t:|1683363860\n|gametype|doubles\n|player|p1|kyojinluca|cheren-gen5bw2|1086\n|player|p2|PRANAVSHOWDOWN|flint|1000\n|teamsize|p1|6\n|teamsize|p2|6\n|gen|9\n|tier|[Gen 9] VGC 2023 Regulation C\n|rated|\n|rule|Species Clause: Limit one of each Pok\u00e9mon\n|rule|Item Clause: Limit one of each item\n|clearpoke\n|poke|p1|Lilligant, L50, F|\n|poke|p1|Torkoal, L50, F|\n|poke|p1|Flutter Mane, L50|\n|poke|p1|Kingambit, L50, F|\n|poke|p1|Dragonite, L50, F|\n|poke|p1|Great Tusk, L50|\n|poke|p2|Iron Moth, L50|\n|poke|p2|Staraptor, L50, F|\n|poke|p2|Iron Bundle, L50|\n|poke|p2|Sandy Shocks, L50|\n|poke|p2|Iron Valiant, L50|\n|poke|p2|Murkrow, L50, F|\n|teampreview|4\n|inactive|Battle timer is ON: inactive players will automatically lose when time's up. (requested by PRANAVSHOWDOWN)\n|inactive|kyojinluca has 60 seconds left.\nPRANAVSHOWDOWN has agreed to open team sheets.\n|inactive|kyojinluca has 30 seconds left.\n|inactive|kyojinluca has 20 seconds left.\n|inactive|kyojinluca has 15 seconds left.\n|\n|t:|1683363936\n|start\n|switch|p1a: TT|Lilligant, L50, F, shiny|100\/100\n|switch|p1b: Trouble|Great Tusk, L50, shiny|100\/100\n|switch|p2a: Murkrow|Murkrow, L50, F|100\/100\n|switch|p2b: Iron Bundle|Iron Bundle, L50|100\/100\n|turn|1\n|\n|t:|1683363957\n|-end|p1b: Trouble|Protosynthesis|[silent]\n|switch|p1b: Breakthrough|Torkoal, L50, F, shiny|100\/100\n|-weather|SunnyDay|[from] ability: Drought|[of] p1b: Breakthrough\n|move|p2a: Murkrow|Tailwind|p2a: Murkrow\n|-sidestart|p2: PRANAVSHOWDOWN|move: Tailwind\n|move|p2b: Iron Bundle|Blizzard|p1a: TT|[spread] p1b\n|-miss|p2b: Iron Bundle|p1a: TT\n|-resisted|p1b: Breakthrough\n|-damage|p1b: Breakthrough|68\/100\n|move|p1a: TT|Leaf Storm|p2b: Iron Bundle\n|-supereffective|p2b: Iron Bundle\n|-damage|p2b: Iron Bundle|0 fnt\n|-unboost|p1a: TT|spa|2\n|faint|p2b: Iron Bundle\n|-end|p2b: Iron Bundle|Quark Drive|[silent]\n|\n|-weather|SunnyDay|[upkeep]\n|upkeep\n|\n|t:|1683363982\n|switch|p2b: Staraptor|Staraptor, L50, F|100\/100\n|turn|2\n|inactive|kyojinluca has 30 seconds left.\n|inactive|kyojinluca has 20 seconds left.\n|inactive|kyojinluca has 15 seconds left.\n|inactive|kyojinluca has 10 seconds left.\n|\n|t:|1683364027\n|-terastallize|p2b: Staraptor|Normal\n|move|p1b: Breakthrough|Protect|p1b: Breakthrough\n|-singleturn|p1b: Breakthrough|Protect\n|move|p1a: TT|Sleep Powder|p2b: Staraptor\n|-status|p2b: Staraptor|slp|[from] move: Sleep Powder\n|cant|p2b: Staraptor|slp\n|move|p2a: Murkrow|Snarl|p1b: Breakthrough|[spread] p1a\n|-activate|p1b: Breakthrough|move: Protect\n|-damage|p1a: TT|82\/100\n|-unboost|p1a: TT|spa|1\n|\n|-weather|SunnyDay|[upkeep]\n|upkeep\n|turn|3\n|inactive|kyojinluca has 30 seconds left.\n|inactive|kyojinluca has 20 seconds left.\n|inactive|kyojinluca has 15 seconds left.\n|inactive|kyojinluca has 10 seconds left.\n|\n|t:|1683364077\n|move|p1a: TT|Sleep Powder|p2a: Murkrow\n|-status|p2a: Murkrow|slp|[from] move: Sleep Powder\n|cant|p2b: Staraptor|slp\n|cant|p2a: Murkrow|slp\n|move|p1b: Breakthrough|Flamethrower|p2b: Staraptor\n|-damage|p2b: Staraptor|0 fnt\n|faint|p2b: Staraptor\n|\n|-weather|SunnyDay|[upkeep]\n|upkeep\n|\n|t:|1683364090\n|switch|p2b: Iron Moth|Iron Moth, L50|100\/100\n|turn|4\n|\n|t:|1683364101\n|move|p1a: TT|Protect|p1a: TT\n|-singleturn|p1a: TT|Protect\n|move|p1b: Breakthrough|Protect|p1b: Breakthrough\n|-singleturn|p1b: Breakthrough|Protect\n|move|p2b: Iron Moth|Heat Wave|p1b: Breakthrough|[spread] \n|-activate|p1a: TT|move: Protect\n|-activate|p1b: Breakthrough|move: Protect\n|-curestatus|p2a: Murkrow|slp|[msg]\n|move|p2a: Murkrow|Snarl|p1a: TT|[spread] \n|-activate|p1a: TT|move: Protect\n|-activate|p1b: Breakthrough|move: Protect\n|\n|-weather|SunnyDay|[upkeep]\n|-sideend|p2: PRANAVSHOWDOWN|move: Tailwind\n|upkeep\n|turn|5\n|inactive|kyojinluca has 30 seconds left.\n|\n|t:|1683364136\n|move|p1a: TT|After You|p1b: Breakthrough\n|-activate|p1b: Breakthrough|move: After You\n|move|p1b: Breakthrough|Earth Power|p2b: Iron Moth\n|-supereffective|p2b: Iron Moth\n|-damage|p2b: Iron Moth|0 fnt\n|faint|p2b: Iron Moth\n|-end|p2b: Iron Moth|Quark Drive|[silent]\n|move|p2a: Murkrow|Snarl|p1a: TT|[spread] p1a,p1b\n|-damage|p1a: TT|65\/100\n|-damage|p1b: Breakthrough|51\/100\n|-unboost|p1a: TT|spa|1\n|-unboost|p1b: Breakthrough|spa|1\n|\n|-weather|none\n|upkeep\n|turn|6\n|l|\u2606PRANAVSHOWDOWN\n|inactive|PRANAVSHOWDOWN disconnected and has a minute to reconnect!\n|player|p2|\n|inactive|kyojinluca has 30 seconds left.\n|inactive|PRANAVSHOWDOWN has 30 seconds left.\n|inactive|PRANAVSHOWDOWN has 20 seconds left.\n|c|\u2606kyojinluca|gg\n|inactive|PRANAVSHOWDOWN has 15 seconds left.\n|inactive|PRANAVSHOWDOWN has 10 seconds left.\n|inactive|PRANAVSHOWDOWN has 5 seconds left.\n|-message|PRANAVSHOWDOWN lost due to inactivity.\n|\n|win|kyojinluca\n|raw|kyojinluca's rating: 1086 → 1107<\/strong> (+21 for winning)\n|raw|PRANAVSHOWDOWN's rating: 1000 → 1000<\/strong> (+0 for losing)\n","uploadtime":1683364195,"views":10,"p1id":"kyojinluca","p2id":"pranavshowdown","formatid":"gen9vgc2023regulationc","rating":1000,"private":0,"password":""}