{"id":"gen9vgc2023regulationc-1850455934","p1":"BarretsDPalla","p2":"Flowboat","format":"[Gen 9] VGC 2023 Regulation C","log":"|j|\u2606BarretsDPalla\n|j|\u2606Flowboat\n|t:|1682338840\n|gametype|doubles\n|player|p1|BarretsDPalla|veteran-gen4|1106\n|player|p2|Flowboat|guitarist-gen4|1176\n|teamsize|p1|6\n|teamsize|p2|6\n|gen|9\n|tier|[Gen 9] VGC 2023 Regulation C\n|rated|\n|rule|Species Clause: Limit one of each Pok\u00e9mon\n|rule|Item Clause: Limit one of each item\n|clearpoke\n|poke|p1|Gyarados, L50, F|\n|poke|p1|Chi-Yu, L50|\n|poke|p1|Iron Hands, L50|\n|poke|p1|Kingambit, L50, M|\n|poke|p1|Amoonguss, L50, M|\n|poke|p1|Flutter Mane, L50|\n|poke|p2|Iron Bundle, L50|\n|poke|p2|Dragonite, L50, M|\n|poke|p2|Chien-Pao, L50|\n|poke|p2|Meowscarada, L50, F|\n|poke|p2|Chi-Yu, L50|\n|poke|p2|Roaring Moon, L50|\n|teampreview|4\n|inactive|Battle timer is ON: inactive players will automatically lose when time's up. (requested by Flowboat)\nFlowboat rejected open team sheets.\n|\n|t:|1682338870\n|start\n|switch|p1a: Gyarados|Gyarados, L50, F|100\/100\n|switch|p1b: Flutter Mane|Flutter Mane, L50|100\/100\n|switch|p2a: Meowscarada|Meowscarada, L50, F|100\/100\n|switch|p2b: Chien-Pao|Chien-Pao, L50|100\/100\n|-ability|p2b: Chien-Pao|Sword of Ruin\n|-ability|p1a: Gyarados|Intimidate|boost\n|-unboost|p2a: Meowscarada|atk|1\n|-fail|p2b: Chien-Pao|unboost|[from] item: Clear Amulet|[of] p2b: Chien-Pao\n|turn|1\n|inactive|BarretsDPalla has 30 seconds left.\n|\n|t:|1682338899\n|-end|p1b: Flutter Mane|Protosynthesis|[silent]\n|switch|p1b: Kingambit|Kingambit, L50, M, shiny|100\/100\n|-terastallize|p2a: Meowscarada|Grass\n|move|p2b: Chien-Pao|Sucker Punch||[still]\n|-fail|p2b: Chien-Pao\n|move|p2a: Meowscarada|Flower Trick|p1a: Gyarados\n|-crit|p1a: Gyarados\n|-damage|p1a: Gyarados|0 fnt\n|faint|p1a: Gyarados\n|-damage|p2a: Meowscarada|91\/100|[from] item: Life Orb\n|\n|upkeep\n|\n|t:|1682338916\n|switch|p1a: Amoonguss|Amoonguss, L50, M|100\/100\n|turn|2\n|inactive|Flowboat has 30 seconds left.\n|\n|t:|1682338945\n|switch|p2a: Chi-Yu|Chi-Yu, L50|100\/100\n|-ability|p2a: Chi-Yu|Beads of Ruin\n|move|p1a: Amoonguss|Rage Powder|p1a: Amoonguss\n|-singleturn|p1a: Amoonguss|move: Rage Powder\n|move|p2b: Chien-Pao|Ice Spinner|p1a: Amoonguss\n|-supereffective|p1a: Amoonguss\n|-damage|p1a: Amoonguss|2\/100\n|-damage|p2b: Chien-Pao|84\/100|[from] item: Rocky Helmet|[of] p1a: Amoonguss\n|move|p1b: Kingambit|Iron Head|p2b: Chien-Pao\n|-supereffective|p2b: Chien-Pao\n|-damage|p2b: Chien-Pao|0 fnt\n|faint|p2b: Chien-Pao\n|\n|upkeep\n|\n|t:|1682338959\n|switch|p2b: Iron Bundle|Iron Bundle, L50|100\/100\n|turn|3\n|inactive|Flowboat has 30 seconds left.\n|inactive|BarretsDPalla has 30 seconds left.\n|\n|t:|1682338993\n|switch|p1a: Flutter Mane|Flutter Mane, L50|100\/100\n|-terastallize|p1b: Kingambit|Fire\n|move|p2a: Chi-Yu|Heat Wave|p1a: Flutter Mane|[spread] p1b\n|-miss|p2a: Chi-Yu|p1a: Flutter Mane\n|-resisted|p1b: Kingambit\n|-damage|p1b: Kingambit|83\/100\n|move|p2b: Iron Bundle|Hydro Pump|p1b: Kingambit\n|-supereffective|p1b: Kingambit\n|-damage|p1b: Kingambit|0 fnt\n|faint|p1b: Kingambit\n|\n|upkeep\n|\n|t:|1682339004\n|switch|p1b: Amoonguss|Amoonguss, L50, M|35\/100\n|turn|4\n|\n|t:|1682339021\n|move|p2b: Iron Bundle|Protect|p2b: Iron Bundle\n|-singleturn|p2b: Iron Bundle|Protect\n|move|p1b: Amoonguss|Protect|p1b: Amoonguss\n|-singleturn|p1b: Amoonguss|Protect\n|move|p2a: Chi-Yu|Heat Wave|p1b: Amoonguss|[spread] p1a\n|-activate|p1b: Amoonguss|move: Protect\n|-damage|p1a: Flutter Mane|53\/100\n|move|p1a: Flutter Mane|Dazzling Gleam|p2b: Iron Bundle|[spread] p2a\n|-activate|p2b: Iron Bundle|move: Protect\n|-damage|p2a: Chi-Yu|42\/100\n|\n|upkeep\n|turn|5\n|\n|t:|1682339038\n|move|p1b: Amoonguss|Protect||[still]\n|-fail|p1b: Amoonguss\n|move|p2a: Chi-Yu|Heat Wave|p1b: Amoonguss|[spread] p1a,p1b\n|-supereffective|p1b: Amoonguss\n|-damage|p1a: Flutter Mane|0 fnt\n|-damage|p1b: Amoonguss|0 fnt\n|faint|p1a: Flutter Mane\n|-end|p1a: Flutter Mane|Protosynthesis|[silent]\n|faint|p1b: Amoonguss\n|\n|win|Flowboat\n|raw|BarretsDPalla's rating: 1106 → 1086<\/strong> (-20 for losing)\n|raw|Flowboat's rating: 1176 → 1196<\/strong> (+20 for winning)\n","uploadtime":1682339048,"views":26,"p1id":"barretsdpalla","p2id":"flowboat","formatid":"gen9vgc2023regulationc","rating":1086,"private":0,"password":""}