{"id":"gen9vgc2023regulationc-1852200103","p1":"pelukas","p2":"FlynnRn2","format":"[Gen 9] VGC 2023 Regulation C","log":"|j|\u2606pelukas\n|j|\u2606FlynnRn2\n|t:|1682532389\n|gametype|doubles\n|player|p1|pelukas|palmer|1114\n|player|p2|FlynnRn2|265|1124\n|teamsize|p1|6\n|teamsize|p2|6\n|gen|9\n|tier|[Gen 9] VGC 2023 Regulation C\n|rated|\n|rule|Species Clause: Limit one of each Pok\u00e9mon\n|rule|Item Clause: Limit one of each item\n|clearpoke\n|poke|p1|Flutter Mane, L50|\n|poke|p1|Garganacl, L50, M|\n|poke|p1|Iron Valiant, L50|\n|poke|p1|Tinkaton, L50, F|\n|poke|p1|Grimmsnarl, L50, M|\n|poke|p1|Gardevoir, L50, F|\n|poke|p2|Cetitan, L50, F|\n|poke|p2|Tatsugiri, L50, F|\n|poke|p2|Dondozo, L50, M|\n|poke|p2|Flamigo, L50, M|\n|poke|p2|Annihilape, L50, M|\n|poke|p2|Maushold-Four, L50|\n|teampreview|4\npelukas has agreed to open team sheets.\n|\n|t:|1682532411\n|start\n|switch|p1a: Garganacl|Garganacl, L50, M, shiny|100\/100\n|switch|p1b: Tinkaton|Tinkaton, L50, F, shiny|100\/100\n|switch|p2a: Cetitan|Cetitan, L50, F|100\/100\n|switch|p2b: Maushold|Maushold-Four, L50|100\/100\n|-ability|p1b: Tinkaton|Mold Breaker\n|turn|1\n|\n|t:|1682532433\n|-terastallize|p1a: Garganacl|Fairy\n|move|p2b: Maushold|Follow Me|p2b: Maushold\n|-singleturn|p2b: Maushold|move: Follow Me\n|move|p1b: Tinkaton|Gigaton Hammer|p2b: Maushold\n|-damage|p2b: Maushold|35\/100\n|move|p2a: Cetitan|Belly Drum|p2a: Cetitan\n|-damage|p2a: Cetitan|50\/100\n|-setboost|p2a: Cetitan|atk|6|[from] move: Belly Drum\n|-enditem|p2a: Cetitan|Sitrus Berry|[eat]\n|-heal|p2a: Cetitan|75\/100|[from] item: Sitrus Berry\n|move|p1a: Garganacl|Salt Cure|p2b: Maushold\n|-damage|p2b: Maushold|18\/100\n|-start|p2b: Maushold|Salt Cure\n|\n|-damage|p2b: Maushold|6\/100|[from] Salt Cure\n|upkeep\n|turn|2\n|inactive|Battle timer is ON: inactive players will automatically lose when time's up. (requested by pelukas)\n|\n|t:|1682532468\n|switch|p1b: Flutter Mane|Flutter Mane, L50|100\/100\n|-enditem|p1b: Flutter Mane|Booster Energy\n|-activate|p1b: Flutter Mane|ability: Protosynthesis|[fromitem]\n|-start|p1b: Flutter Mane|protosynthesisspe\n|move|p2b: Maushold|Protect|p2b: Maushold\n|-singleturn|p2b: Maushold|Protect\n|move|p2a: Cetitan|Earthquake|p1b: Flutter Mane|[spread] p1a,p1b\n|-activate|p2b: Maushold|move: Protect\n|-damage|p1a: Garganacl|51\/100\n|-damage|p1b: Flutter Mane|0 fnt\n|faint|p1b: Flutter Mane\n|-end|p1b: Flutter Mane|Protosynthesis|[silent]\n|move|p1a: Garganacl|Salt Cure|p2a: Cetitan\n|-supereffective|p2a: Cetitan\n|-damage|p2a: Cetitan|55\/100\n|-start|p2a: Cetitan|Salt Cure\n|\n|-damage|p2b: Maushold|0 fnt|[from] Salt Cure\n|faint|p2b: Maushold\n|-damage|p2a: Cetitan|43\/100|[from] Salt Cure\n|upkeep\n|\n|t:|1682532486\n|switch|p1b: Tinkaton|Tinkaton, L50, F, shiny|100\/100\n|switch|p2b: Flamigo|Flamigo, L50, M|100\/100\n|-copyboost|p2b: Flamigo|p2a: Cetitan|[from] ability: Costar\n|-ability|p1b: Tinkaton|Mold Breaker\n|turn|3\n|\n|t:|1682532499\n|move|p1b: Tinkaton|Fake Out|p2a: Cetitan\n|-damage|p2a: Cetitan|35\/100\n|move|p2b: Flamigo|Brave Bird|p1a: Garganacl\n|-damage|p1a: Garganacl|0 fnt\n|-damage|p2b: Flamigo|84\/100|[from] item: Rocky Helmet|[of] p1a: Garganacl\n|faint|p1a: Garganacl\n|-damage|p2b: Flamigo|62\/100|[from] Recoil\n|cant|p2a: Cetitan|flinch\n|\n|-damage|p2a: Cetitan|23\/100|[from] Salt Cure\n|upkeep\n|\n|t:|1682532510\n|switch|p1a: Iron Valiant|Iron Valiant, L50|100\/100\n|turn|4\n|\n|t:|1682532527\n|move|p1a: Iron Valiant|Spirit Break|p2b: Flamigo\n|-supereffective|p2b: Flamigo\n|-damage|p2b: Flamigo|0 fnt\n|faint|p2b: Flamigo\n|-damage|p1a: Iron Valiant|91\/100|[from] item: Life Orb\n|move|p1b: Tinkaton|Gigaton Hammer|p2a: Cetitan\n|-supereffective|p2a: Cetitan\n|-damage|p2a: Cetitan|0 fnt\n|faint|p2a: Cetitan\n|\n|upkeep\n|\n|t:|1682532539\n|switch|p2a: Dondozo|Dondozo, L50, M|100\/100\n|turn|5\n|\n|t:|1682532551\n|move|p1a: Iron Valiant|Leaf Blade|p2a: Dondozo\n|-supereffective|p2a: Dondozo\n|-crit|p2a: Dondozo\n|-damage|p2a: Dondozo|12\/100\n|-damage|p1a: Iron Valiant|82\/100|[from] item: Life Orb\n|move|p1b: Tinkaton|Knock Off|p2a: Dondozo\n|-damage|p2a: Dondozo|0 fnt\n|-enditem|p2a: Dondozo|Leftovers|[from] move: Knock Off|[of] p1b: Tinkaton\n|faint|p2a: Dondozo\n|\n|win|pelukas\n|raw|pelukas's rating: 1114 → 1140<\/strong> (+26 for winning)\n|raw|FlynnRn2's rating: 1124 → 1098<\/strong> (-26 for losing)\n","uploadtime":1682532562,"views":10,"p1id":"pelukas","p2id":"flynnrn2","formatid":"gen9vgc2023regulationc","rating":1098,"private":0,"password":""}