{"id":"gen9vgc2023regulationc-1862635558","p1":"DarkTerrah","p2":"leolc0926","format":"[Gen 9] VGC 2023 Regulation C","log":"|j|\u2606DarkTerrah\n|j|\u2606leolc0926\n|t:|1683907618\n|gametype|doubles\n|player|p1|DarkTerrah|1|1320\n|player|p2|leolc0926|steven|1268\n|teamsize|p1|6\n|teamsize|p2|6\n|gen|9\n|tier|[Gen 9] VGC 2023 Regulation C\n|rated|\n|rule|Species Clause: Limit one of each Pok\u00e9mon\n|rule|Item Clause: Limit one of each item\n|clearpoke\n|poke|p1|Ting-Lu, L50|\n|poke|p1|Iron Hands, L50|\n|poke|p1|Arcanine, L50, M|\n|poke|p1|Iron Bundle, L50|\n|poke|p1|Flutter Mane, L50|\n|poke|p1|Dragonite, L50, M|\n|poke|p2|Roaring Moon, L50|\n|poke|p2|Palafin, L50, F|\n|poke|p2|Flutter Mane, L50|\n|poke|p2|Arcanine, L50, M|\n|poke|p2|Ting-Lu, L50|\n|poke|p2|Amoonguss, L50, F|\n|teampreview|4\n|\n|t:|1683907674\n|start\n|switch|p1a: Iron Hands|Iron Hands, L50|100\/100\n|switch|p1b: Dot Hog|Arcanine, L50, M|100\/100\n|switch|p2a: Palafin|Palafin, L50, F|100\/100\n|switch|p2b: \u53e4\u9f0e\u4fa0|Ting-Lu, L50|100\/100\n|-ability|p1b: Dot Hog|Intimidate|boost\n|-unboost|p2a: Palafin|atk|1\n|-unboost|p2b: \u53e4\u9f0e\u4fa0|atk|1\n|-ability|p2b: \u53e4\u9f0e\u4fa0|Vessel of Ruin\n|turn|1\n|\n|t:|1683907695\n|detailschange|p2a: Palafin|Palafin-Hero, L50, F\n|switch|p2a: \u75af\u72d7\u4fa0|Arcanine, L50, M, shiny|100\/100\n|-ability|p2a: \u75af\u72d7\u4fa0|Intimidate|boost\n|-unboost|p1a: Iron Hands|atk|1\n|-unboost|p1b: Dot Hog|atk|1\n|move|p1b: Dot Hog|Will-O-Wisp|p2b: \u53e4\u9f0e\u4fa0\n|-status|p2b: \u53e4\u9f0e\u4fa0|brn\n|move|p1a: Iron Hands|Swords Dance|p1a: Iron Hands\n|-boost|p1a: Iron Hands|atk|2\n|move|p2b: \u53e4\u9f0e\u4fa0|Ruination|p1a: Iron Hands\n|-damage|p1a: Iron Hands|50\/100\n|-enditem|p1a: Iron Hands|Sitrus Berry|[eat]\n|-heal|p1a: Iron Hands|75\/100|[from] item: Sitrus Berry\n|\n|-damage|p2b: \u53e4\u9f0e\u4fa0|94\/100 brn|[from] brn\n|upkeep\n|turn|2\n|\n|t:|1683907715\n|-terastallize|p1a: Iron Hands|Fire\n|move|p2a: \u75af\u72d7\u4fa0|Will-O-Wisp|p1a: Iron Hands\n|-immune|p1a: Iron Hands\n|move|p1b: Dot Hog|Howl|p1b: Dot Hog|[spread] p1a,p1b\n|-boost|p1a: Iron Hands|atk|1\n|-boost|p1b: Dot Hog|atk|1\n|move|p1a: Iron Hands|Drain Punch|p2b: \u53e4\u9f0e\u4fa0\n|-supereffective|p2b: \u53e4\u9f0e\u4fa0\n|-damage|p2b: \u53e4\u9f0e\u4fa0|2\/100 brn\n|-heal|p1a: Iron Hands|100\/100|[from] drain|[of] p2b: \u53e4\u9f0e\u4fa0\n|move|p2b: \u53e4\u9f0e\u4fa0|Ruination|p1b: Dot Hog\n|-damage|p1b: Dot Hog|50\/100\n|\n|-damage|p2b: \u53e4\u9f0e\u4fa0|0 fnt|[from] brn\n|faint|p2b: \u53e4\u9f0e\u4fa0\n|upkeep\n|\n|t:|1683907731\n|switch|p2b: Palafin|Palafin-Hero, L50, F|100\/100\n|-activate|p2b: Palafin|ability: Zero to Hero\n|turn|3\n|\n|t:|1683907743\n|switch|p1b: Iron Bundle|Iron Bundle, L50|100\/100\n|-enditem|p1b: Iron Bundle|Booster Energy\n|-activate|p1b: Iron Bundle|ability: Quark Drive|[fromitem]\n|-start|p1b: Iron Bundle|quarkdrivespe\n|-terastallize|p2b: Palafin|Water\n|move|p1a: Iron Hands|Detect|p1a: Iron Hands\n|-singleturn|p1a: Iron Hands|Protect\n|move|p2a: \u75af\u72d7\u4fa0|Flare Blitz|p1a: Iron Hands\n|-activate|p1a: Iron Hands|move: Protect\n|move|p2b: Palafin|Wave Crash|p1a: Iron Hands\n|-activate|p1a: Iron Hands|move: Protect\n|\n|upkeep\n|turn|4\n|\n|t:|1683907771\n|-end|p1b: Iron Bundle|Quark Drive|[silent]\n|switch|p1b: Dot Hog|Arcanine, L50, M|50\/100\n|-ability|p1b: Dot Hog|Intimidate|boost\n|-unboost|p2a: \u75af\u72d7\u4fa0|atk|1\n|-unboost|p2b: Palafin|atk|1\n|move|p2a: \u75af\u72d7\u4fa0|Flare Blitz|p1a: Iron Hands\n|-resisted|p1a: Iron Hands\n|-damage|p1a: Iron Hands|90\/100\n|-damage|p2a: \u75af\u72d7\u4fa0|96\/100|[from] Recoil\n|move|p2b: Palafin|Wave Crash|p1a: Iron Hands\n|-supereffective|p1a: Iron Hands\n|-damage|p1a: Iron Hands|0 fnt\n|faint|p1a: Iron Hands\n|-end|p1a: Iron Hands|Quark Drive|[silent]\n|-damage|p2b: Palafin|66\/100|[from] Recoil\n|\n|upkeep\n|\n|t:|1683907786\n|switch|p1a: Flutter Mane|Flutter Mane, L50|100\/100\n|turn|5\n|\n|t:|1683907811\n|switch|p2b: Hutsassa|Amoonguss, L50, F|100\/100\n|move|p1a: Flutter Mane|Energy Ball|p2b: Hutsassa\n|-resisted|p2b: Hutsassa\n|-damage|p2b: Hutsassa|93\/100\n|-damage|p1a: Flutter Mane|90\/100|[from] item: Life Orb\n|move|p2a: \u75af\u72d7\u4fa0|Flare Blitz|p1a: Flutter Mane\n|-crit|p1a: Flutter Mane\n|-damage|p1a: Flutter Mane|0 fnt\n|faint|p1a: Flutter Mane\n|-end|p1a: Flutter Mane|Protosynthesis|[silent]\n|-damage|p2a: \u75af\u72d7\u4fa0|73\/100|[from] Recoil\n|move|p1b: Dot Hog|Howl|p1b: Dot Hog\n|-boost|p1b: Dot Hog|atk|1\n|\n|upkeep\n|\n|t:|1683907827\n|switch|p1a: Iron Bundle|Iron Bundle, L50|100\/100\n|turn|6\n|\n|t:|1683907871\n|switch|p2a: Palafin|Palafin-Hero, L50, F, tera:Water|66\/100\n|move|p2b: Hutsassa|Protect|p2b: Hutsassa\n|-singleturn|p2b: Hutsassa|Protect\n|move|p1a: Iron Bundle|Hydro Pump|p2a: Palafin\n|-resisted|p2a: Palafin\n|-damage|p2a: Palafin|44\/100\n|move|p1b: Dot Hog|Flare Blitz|p2b: Hutsassa\n|-activate|p2b: Hutsassa|move: Protect\n|\n|upkeep\n|turn|7\n|\n|t:|1683907886\n|switch|p2b: \u75af\u72d7\u4fa0|Arcanine, L50, M, shiny|73\/100\n|-ability|p2b: \u75af\u72d7\u4fa0|Intimidate|boost\n|-unboost|p1a: Iron Bundle|atk|1\n|-unboost|p1b: Dot Hog|atk|1\n|move|p2a: Palafin|Jet Punch|p1b: Dot Hog\n|-supereffective|p1b: Dot Hog\n|-damage|p1b: Dot Hog|0 fnt\n|faint|p1b: Dot Hog\n|move|p1a: Iron Bundle|Freeze-Dry|p2a: Palafin\n|-supereffective|p2a: Palafin\n|-damage|p2a: Palafin|0 fnt\n|faint|p2a: Palafin\n|\n|upkeep\n|\n|t:|1683907890\n|switch|p2a: Hutsassa|Amoonguss, L50, F|100\/100\n|turn|8\n|\n|t:|1683907905\n|move|p2a: Hutsassa|Rage Powder|p2a: Hutsassa\n|-singleturn|p2a: Hutsassa|move: Rage Powder\n|move|p1a: Iron Bundle|Hydro Pump|p2a: Hutsassa\n|-resisted|p2a: Hutsassa\n|-damage|p2a: Hutsassa|81\/100\n|move|p2b: \u75af\u72d7\u4fa0|Flare Blitz|p1a: Iron Bundle\n|-damage|p1a: Iron Bundle|51\/100\n|-damage|p2b: \u75af\u72d7\u4fa0|59\/100|[from] Recoil\n|\n|upkeep\n|turn|9\n|\n|t:|1683907916\n|move|p2a: Hutsassa|Rage Powder|p2a: Hutsassa\n|-singleturn|p2a: Hutsassa|move: Rage Powder\n|move|p1a: Iron Bundle|Freeze-Dry|p2a: Hutsassa\n|-supereffective|p2a: Hutsassa\n|-damage|p2a: Hutsassa|30\/100\n|-enditem|p2a: Hutsassa|Sitrus Berry|[eat]\n|-heal|p2a: Hutsassa|55\/100|[from] item: Sitrus Berry\n|move|p2b: \u75af\u72d7\u4fa0|Flare Blitz|p1a: Iron Bundle\n|-damage|p1a: Iron Bundle|5\/100\n|-status|p1a: Iron Bundle|brn\n|-damage|p2b: \u75af\u72d7\u4fa0|46\/100|[from] Recoil\n|\n|-damage|p1a: Iron Bundle|0 fnt|[from] brn\n|faint|p1a: Iron Bundle\n|-end|p1a: Iron Bundle|Quark Drive|[silent]\n|\n|win|leolc0926\n|upkeep\n|raw|DarkTerrah's rating: 1320 → 1297<\/strong> (-23 for losing)\n|raw|leolc0926's rating: 1268 → 1297<\/strong> (+29 for winning)\n|c|\u2606leolc0926|gg\n|l|\u2606DarkTerrah\n","uploadtime":1683907933,"views":13,"p1id":"darkterrah","p2id":"leolc0926","formatid":"gen9vgc2023regulationc","rating":1297,"private":0,"password":""}