{"id":"gen9vgc2023regulationc-1849881653","p1":"LightnidoMcQueen","p2":"a-person-person","format":"[Gen 9] VGC 2023 Regulation C","log":"|j|\u2606LightnidoMcQueen\n|j|\u2606a-person-person\n|t:|1682264049\n|gametype|doubles\n|player|p1|LightnidoMcQueen|policeman-gen4|\n|player|p2|a-person-person|266|\n|teamsize|p1|6\n|teamsize|p2|6\n|gen|9\n|tier|[Gen 9] VGC 2023 Regulation C\n|rule|Species Clause: Limit one of each Pok\u00e9mon\n|rule|Item Clause: Limit one of each item\n|clearpoke\n|poke|p1|Tyranitar, L50, F|\n|poke|p1|Lycanroc, L50, M|\n|poke|p1|Flutter Mane, L50|\n|poke|p1|Corviknight, L50, M|\n|poke|p1|Garchomp, L50, F|\n|poke|p1|Indeedee-F, L50, F|\n|poke|p2|Chien-Pao, L50|\n|poke|p2|Gholdengo, L50|\n|poke|p2|Arcanine, L50, F|\n|poke|p2|Palafin, L50, M|\n|poke|p2|Dragonite, L50, F|\n|poke|p2|Amoonguss, L50, F|\n|teampreview|4\n|\n|t:|1682264097\n|start\n|switch|p1a: Garchomp|Garchomp, L50, F|100\/100\n|switch|p1b: Tyranitar|Tyranitar, L50, F|100\/100\n|switch|p2a: Palafin|Palafin, L50, M|100\/100\n|switch|p2b: Arcanine|Arcanine, L50, F|100\/100\n|-ability|p2b: Arcanine|Intimidate|boost\n|-unboost|p1a: Garchomp|atk|1\n|-unboost|p1b: Tyranitar|atk|1\n|-weather|Sandstorm|[from] ability: Sand Stream|[of] p1b: Tyranitar\n|turn|1\n|\n|t:|1682264118\n|detailschange|p2a: Palafin|Palafin-Hero, L50, M\n|switch|p2a: Amoonguss|Amoonguss, L50, F|100\/100\n|switch|p1b: Corviknight|Corviknight, L50, M|100\/100\n|-ability|p1b: Corviknight|Pressure\n|-terastallize|p2b: Arcanine|Grass\n|move|p1a: Garchomp|Swords Dance|p1a: Garchomp\n|-boost|p1a: Garchomp|atk|2\n|move|p2b: Arcanine|Will-O-Wisp|p1b: Corviknight\n|-status|p1b: Corviknight|brn\n|\n|-weather|Sandstorm|[upkeep]\n|-damage|p2a: Amoonguss|95\/100|[from] Sandstorm\n|-damage|p1b: Corviknight|95\/100 brn|[from] brn\n|upkeep\n|turn|2\n|\n|t:|1682264166\n|switch|p2b: Palafin|Palafin-Hero, L50, M|100\/100\n|-activate|p2b: Palafin|ability: Zero to Hero\n|move|p1a: Garchomp|Protect|p1a: Garchomp\n|-singleturn|p1a: Garchomp|Protect\n|move|p1b: Corviknight|Taunt|p2b: Palafin\n|-start|p2b: Palafin|move: Taunt\n|move|p2a: Amoonguss|Spore|p1a: Garchomp\n|-activate|p1a: Garchomp|move: Protect\n|\n|-weather|Sandstorm|[upkeep]\n|-damage|p2b: Palafin|95\/100|[from] Sandstorm\n|-damage|p2a: Amoonguss|89\/100|[from] Sandstorm\n|-damage|p1b: Corviknight|89\/100 brn|[from] brn\n|upkeep\n|turn|3\n|\n|t:|1682264192\n|switch|p2a: Arcanine|Arcanine, L50, F, tera:Grass|100\/100\n|-ability|p2a: Arcanine|Intimidate|boost\n|-unboost|p1a: Garchomp|atk|1\n|-unboost|p1b: Corviknight|atk|1\n|move|p1a: Garchomp|Earthquake|p2b: Palafin|[spread] p2a,p2b\n|-immune|p1b: Corviknight\n|-resisted|p2a: Arcanine\n|-damage|p2a: Arcanine|75\/100\n|-damage|p2b: Palafin|64\/100\n|move|p2b: Palafin|Wave Crash|p1a: Garchomp|[miss]\n|-miss|p2b: Palafin|p1a: Garchomp\n|move|p1b: Corviknight|Brave Bird|p2a: Arcanine\n|-supereffective|p2a: Arcanine\n|-damage|p2a: Arcanine|44\/100\n|-damage|p1b: Corviknight|80\/100 brn|[from] Recoil\n|\n|-weather|Sandstorm|[upkeep]\n|-damage|p2b: Palafin|58\/100|[from] Sandstorm\n|-damage|p1b: Corviknight|74\/100 brn|[from] brn\n|upkeep\n|turn|4\n|\n|t:|1682264252\n|move|p1a: Garchomp|Swords Dance|p1a: Garchomp\n|-boost|p1a: Garchomp|atk|2\n|move|p2a: Arcanine|Howl|p2a: Arcanine|[spread] p2a,p2b\n|-boost|p2a: Arcanine|atk|1\n|-boost|p2b: Palafin|atk|1\n|move|p2b: Palafin|Wave Crash|p1a: Garchomp|[miss]\n|-miss|p2b: Palafin|p1a: Garchomp\n|move|p1b: Corviknight|Tailwind|p1b: Corviknight\n|-sidestart|p1: LightnidoMcQueen|move: Tailwind\n|\n|-weather|Sandstorm|[upkeep]\n|-damage|p2b: Palafin|52\/100|[from] Sandstorm\n|-damage|p1b: Corviknight|68\/100 brn|[from] brn\n|-end|p2b: Palafin|move: Taunt\n|upkeep\n|turn|5\n|\n|t:|1682264279\n|switch|p2a: Amoonguss|Amoonguss, L50, F|100\/100\n|-terastallize|p1a: Garchomp|Ground\n|move|p2b: Palafin|Protect|p2b: Palafin\n|-singleturn|p2b: Palafin|Protect\n|move|p1a: Garchomp|Earthquake|p2a: Amoonguss|[spread] p2a\n|-activate|p2b: Palafin|move: Protect\n|-immune|p1b: Corviknight\n|-damage|p2a: Amoonguss|29\/100\n|move|p1b: Corviknight|Brave Bird|p2b: Palafin\n|-activate|p2b: Palafin|move: Protect\n|\n|-weather|none\n|-damage|p1b: Corviknight|62\/100 brn|[from] brn\n|upkeep\n|turn|6\n|\n|t:|1682264328\n|switch|p1b: Flutter Mane|Flutter Mane, L50|100\/100\n|switch|p2a: Arcanine|Arcanine, L50, F, tera:Grass|44\/100\n|-ability|p2a: Arcanine|Intimidate|boost\n|-unboost|p1a: Garchomp|atk|1\n|-unboost|p1b: Flutter Mane|atk|1\n|move|p1a: Garchomp|Protect|p1a: Garchomp\n|-singleturn|p1a: Garchomp|Protect\n|move|p2b: Palafin|Jet Punch|p1a: Garchomp\n|-activate|p1a: Garchomp|move: Protect\n|\n|upkeep\n|turn|7\n|\n|t:|1682264375\n|switch|p1a: Tyranitar|Tyranitar, L50, F|100\/100\n|-weather|Sandstorm|[from] ability: Sand Stream|[of] p1a: Tyranitar\n|move|p2b: Palafin|Jet Punch|p1a: Tyranitar\n|-supereffective|p1a: Tyranitar\n|-crit|p1a: Tyranitar\n|-damage|p1a: Tyranitar|0 fnt\n|faint|p1a: Tyranitar\n|move|p1b: Flutter Mane|Shadow Ball|p2a: Arcanine\n|-damage|p2a: Arcanine|5\/100\n|move|p2a: Arcanine|Flare Blitz|p1b: Flutter Mane\n|-damage|p1b: Flutter Mane|3\/100\n|-damage|p2a: Arcanine|0 fnt|[from] Recoil\n|faint|p2a: Arcanine\n|\n|-weather|Sandstorm|[upkeep]\n|-damage|p2b: Palafin|46\/100|[from] Sandstorm\n|-sideend|p1: LightnidoMcQueen|move: Tailwind\n|upkeep\n|\n|t:|1682264390\n|switch|p2a: Amoonguss|Amoonguss, L50, F|62\/100\n|switch|p1a: Garchomp|Garchomp, L50, F, tera:Ground|100\/100\n|turn|8\n|c|\u2606a-person-person|!stats bright powder\n|raw| <\/span> Bright Powder<\/a><\/span> The accuracy of attacks against the holder is 0.9x.<\/span> <\/li> <\/li><\/ul>\n\n|c|\u2606a-person-person|!stats sand veil\n|raw| Sand Veil<\/a><\/span> If Sandstorm is active, this Pokemon's evasiveness is 1.25x; immunity to Sandstorm.<\/span> <\/li> <\/li><\/ul>\n\n|\n|t:|1682264513\n|-end|p1b: Flutter Mane|Protosynthesis|[silent]\n|switch|p1b: Corviknight|Corviknight, L50, M|62\/100 brn\n|-ability|p1b: Corviknight|Pressure\n|move|p2b: Palafin|Jet Punch|p1a: Garchomp\n|-supereffective|p1a: Garchomp\n|-damage|p1a: Garchomp|0 fnt\n|faint|p1a: Garchomp\n|move|p2a: Amoonguss|Spore||[still]\n|-fail|p2a: Amoonguss\n|\n|-weather|Sandstorm|[upkeep]\n|-damage|p2b: Palafin|41\/100|[from] Sandstorm\n|-damage|p2a: Amoonguss|56\/100|[from] Sandstorm\n|-damage|p1b: Corviknight|56\/100 brn|[from] brn\n|upkeep\n|\n|t:|1682264517\n|switch|p1a: Flutter Mane|Flutter Mane, L50|3\/100\n|turn|9\n|\n|t:|1682264525\n|switch|p2a: Gholdengo|Gholdengo, L50|100\/100\n|move|p2b: Palafin|Protect|p2b: Palafin\n|-singleturn|p2b: Palafin|Protect\n|move|p1a: Flutter Mane|Moonblast|p2b: Palafin\n|-activate|p2b: Palafin|move: Protect\n|move|p1b: Corviknight|Brave Bird|p2a: Gholdengo\n|-resisted|p2a: Gholdengo\n|-damage|p2a: Gholdengo|91\/100\n|-damage|p1b: Corviknight|54\/100 brn|[from] Recoil\n|\n|-weather|Sandstorm|[upkeep]\n|-damage|p2b: Palafin|35\/100|[from] Sandstorm\n|-damage|p1b: Corviknight|48\/100 brn|[from] brn\n|upkeep\n|-enditem|p1b: Corviknight|Sitrus Berry|[eat]\n|-heal|p1b: Corviknight|73\/100 brn|[from] item: Sitrus Berry\n|turn|10\n|c|\u2606LightnidoMcQueen|That\u2019s gg lol\n|c|\u2606a-person-person|gg\n|\n|t:|1682264558\n|move|p1a: Flutter Mane|Protect|p1a: Flutter Mane\n|-singleturn|p1a: Flutter Mane|Protect\n|move|p2b: Palafin|Jet Punch|p1a: Flutter Mane\n|-activate|p1a: Flutter Mane|move: Protect\n|move|p2a: Gholdengo|Thunderbolt|p1b: Corviknight\n|-supereffective|p1b: Corviknight\n|-damage|p1b: Corviknight|0 fnt\n|faint|p1b: Corviknight\n|\n|-weather|Sandstorm|[upkeep]\n|-damage|p2b: Palafin|29\/100|[from] Sandstorm\n|upkeep\n|turn|11\n|\n|t:|1682264570\n|move|p2b: Palafin|Jet Punch|p1a: Flutter Mane\n|-crit|p1a: Flutter Mane\n|-damage|p1a: Flutter Mane|0 fnt\n|faint|p1a: Flutter Mane\n|-end|p1a: Flutter Mane|Protosynthesis|[silent]\n|\n|win|a-person-person\n|c|\u2606LightnidoMcQueen|Well played, sorry again it was Showdown\n|c|\u2606a-person-person|it was no problem for me\n|c|\u2606LightnidoMcQueen|gotcha, do you need replays or anything?\n|c|\u2606a-person-person|I think we just have to sumbit to the results form\n|c|\u2606LightnidoMcQueen|Or do we just message a mod the results\n|c|\u2606LightnidoMcQueen|ok sounds good\n","uploadtime":1682264657,"views":7,"p1id":"lightnidomcqueen","p2id":"apersonperson","formatid":"gen9vgc2023regulationc","rating":0,"private":0,"password":""}