{"id":"gen9vgc2023regulationc-1859442200","p1":"Profkoji","p2":"augustbing","format":"[Gen 9] VGC 2023 Regulation C","log":"|j|\u2606Profkoji\n|j|\u2606augustbing\n|t:|1683468798\n|gametype|doubles\n|player|p1|Profkoji|1|1297\n|player|p2|augustbing|ghetsis|1250\n|teamsize|p1|6\n|teamsize|p2|6\n|gen|9\n|tier|[Gen 9] VGC 2023 Regulation C\n|rated|\n|rule|Species Clause: Limit one of each Pok\u00e9mon\n|rule|Item Clause: Limit one of each item\n|clearpoke\n|poke|p1|Flutter Mane, L50|\n|poke|p1|Chi-Yu, L50|\n|poke|p1|Iron Bundle, L50|\n|poke|p1|Chien-Pao, L50|\n|poke|p1|Dragapult, L50, F|\n|poke|p1|Ting-Lu, L50|\n|poke|p2|Wo-Chien, L50|\n|poke|p2|Chi-Yu, L50|\n|poke|p2|Flutter Mane, L50|\n|poke|p2|Baxcalibur, L50, F|\n|poke|p2|Iron Bundle, L50|\n|poke|p2|Scizor, L50, M|\n|teampreview|4\n|inactive|Battle timer is ON: inactive players will automatically lose when time's up. (requested by augustbing)\n|inactive|Profkoji has 60 seconds left.\n|inactive|augustbing has 60 seconds left.\n|inactive|Profkoji has 30 seconds left.\n|\n|t:|1683468865\n|start\n|switch|p1a: Dragapult|Dragapult, L50, F|100\/100\n|switch|p1b: Chien-Pao|Chien-Pao, L50|100\/100\n|switch|p2a: Flutter Mane|Flutter Mane, L50|100\/100\n|switch|p2b: Chi-Yu|Chi-Yu, L50|100\/100\n|-ability|p1b: Chien-Pao|Sword of Ruin\n|-ability|p2b: Chi-Yu|Beads of Ruin\n|turn|1\n|inactive|Profkoji has 30 seconds left.\n|inactive|Profkoji has 20 seconds left.\n|\n|t:|1683468903\n|switch|p1b: Chi-Yu|Chi-Yu, L50|100\/100\n|-ability|p1b: Chi-Yu|Beads of Ruin\n|-end|p2a: Flutter Mane|Protosynthesis|[silent]\n|switch|p2a: Wo-Chien|Wo-Chien, L50|100\/100\n|-ability|p2a: Wo-Chien|Tablets of Ruin\n|-terastallize|p1a: Dragapult|Steel\n|move|p1a: Dragapult|Dragon Darts|p2b: Chi-Yu\n|-damage|p2b: Chi-Yu|64\/100\n|-anim|p1a: Dragapult|Dragon Darts|p2a: Wo-Chien\n|-damage|p2a: Wo-Chien|78\/100\n|move|p2b: Chi-Yu|Dark Pulse|p1a: Dragapult\n|-damage|p1a: Dragapult|0 fnt\n|faint|p1a: Dragapult\n|-damage|p2b: Chi-Yu|54\/100|[from] item: Life Orb\n|\n|upkeep\n|\n|t:|1683468923\n|switch|p1a: Iron Bundle|Iron Bundle, L50|100\/100\n|-enditem|p1a: Iron Bundle|Booster Energy\n|-activate|p1a: Iron Bundle|ability: Quark Drive|[fromitem]\n|-start|p1a: Iron Bundle|quarkdrivespe\n|turn|2\n|inactive|augustbing has 30 seconds left.\n|\n|t:|1683468954\n|move|p1a: Iron Bundle|Icy Wind|p2b: Chi-Yu|[spread] p2a,p2b\n|-supereffective|p2a: Wo-Chien\n|-resisted|p2b: Chi-Yu\n|-damage|p2a: Wo-Chien|56\/100\n|-damage|p2b: Chi-Yu|43\/100\n|-unboost|p2a: Wo-Chien|spe|1\n|-unboost|p2b: Chi-Yu|spe|1\n|move|p1b: Chi-Yu|Heat Wave|p2a: Wo-Chien|[spread] p2a,p2b\n|-supereffective|p2a: Wo-Chien\n|-resisted|p2b: Chi-Yu\n|-damage|p2a: Wo-Chien|0 fnt\n|-damage|p2b: Chi-Yu|17\/100\n|faint|p2a: Wo-Chien\n|-damage|p1b: Chi-Yu|90\/100|[from] item: Life Orb\n|move|p2b: Chi-Yu|Heat Wave|p1b: Chi-Yu|[spread] p1b\n|-miss|p2b: Chi-Yu|p1a: Iron Bundle\n|-resisted|p1b: Chi-Yu\n|-damage|p1b: Chi-Yu|57\/100\n|-damage|p2b: Chi-Yu|8\/100|[from] item: Life Orb\n|\n|upkeep\n|\n|t:|1683468963\n|switch|p2a: Iron Bundle|Iron Bundle, L50|100\/100\n|-enditem|p2a: Iron Bundle|Booster Energy\n|-activate|p2a: Iron Bundle|ability: Quark Drive|[fromitem]\n|-start|p2a: Iron Bundle|quarkdrivespe\n|turn|3\n|\n|t:|1683468980\n|move|p1b: Chi-Yu|Protect|p1b: Chi-Yu\n|-singleturn|p1b: Chi-Yu|Protect\n|move|p2a: Iron Bundle|Hydro Pump|p1b: Chi-Yu\n|-activate|p1b: Chi-Yu|move: Protect\n|move|p1a: Iron Bundle|Icy Wind|p2a: Iron Bundle|[spread] p2a,p2b\n|-resisted|p2a: Iron Bundle\n|-resisted|p2b: Chi-Yu\n|-damage|p2a: Iron Bundle|88\/100\n|-damage|p2b: Chi-Yu|0 fnt\n|-unboost|p2a: Iron Bundle|spe|1\n|faint|p2b: Chi-Yu\n|\n|upkeep\n|\n|t:|1683468985\n|switch|p2b: Flutter Mane|Flutter Mane, L50|100\/100\n|turn|4\n|\n|t:|1683468999\n|-terastallize|p2b: Flutter Mane|Fairy\n|move|p1a: Iron Bundle|Icy Wind|p2a: Iron Bundle|[spread] p2a,p2b\n|-resisted|p2a: Iron Bundle\n|-damage|p2a: Iron Bundle|75\/100\n|-damage|p2b: Flutter Mane|70\/100\n|-unboost|p2a: Iron Bundle|spe|1\n|-unboost|p2b: Flutter Mane|spe|1\n|move|p1b: Chi-Yu|Snarl|p2b: Flutter Mane|[spread] p2a,p2b\n|-resisted|p2b: Flutter Mane\n|-damage|p2a: Iron Bundle|5\/100\n|-damage|p2b: Flutter Mane|50\/100\n|-unboost|p2a: Iron Bundle|spa|1\n|-unboost|p2b: Flutter Mane|spa|1\n|-damage|p1b: Chi-Yu|47\/100|[from] item: Life Orb\n|move|p2a: Iron Bundle|Hydro Pump|p1b: Chi-Yu\n|-supereffective|p1b: Chi-Yu\n|-damage|p1b: Chi-Yu|0 fnt\n|faint|p1b: Chi-Yu\n|move|p2b: Flutter Mane|Dazzling Gleam|p1a: Iron Bundle\n|-damage|p1a: Iron Bundle|0 fnt\n|faint|p1a: Iron Bundle\n|-end|p1a: Iron Bundle|Quark Drive|[silent]\n|\n|upkeep\n|\n|t:|1683469021\n|switch|p1a: Chien-Pao|Chien-Pao, L50|100\/100\n|-ability|p1a: Chien-Pao|Sword of Ruin\n|turn|5\n|\n|t:|1683469026\n|move|p1a: Chien-Pao|Sacred Sword|p2a: Iron Bundle\n|-supereffective|p2a: Iron Bundle\n|-damage|p2a: Iron Bundle|0 fnt\n|faint|p2a: Iron Bundle\n|-end|p2a: Iron Bundle|Quark Drive|[silent]\n|move|p2b: Flutter Mane|Dazzling Gleam|p1a: Chien-Pao\n|-supereffective|p1a: Chien-Pao\n|-enditem|p1a: Chien-Pao|Focus Sash\n|-damage|p1a: Chien-Pao|1\/100\n|\n|upkeep\n|turn|6\n|-message|augustbing forfeited.\n|\n|win|Profkoji\n|raw|Profkoji's rating: 1297 → 1319<\/strong> (+22 for winning)\n|raw|augustbing's rating: 1250 → 1228<\/strong> (-22 for losing)\n|l|\u2606augustbing\n|l|\u2606Profkoji\n","uploadtime":1683469046,"views":12,"p1id":"profkoji","p2id":"augustbing","formatid":"gen9vgc2023regulationc","rating":1228,"private":0,"password":""}