{"id":"gen9vgc2023regulationc-1848091250","p1":"Arcacagne","p2":"Frxnchu06","format":"[Gen 9] VGC 2023 Regulation C","log":"|j|\u2606Arcacagne\n|j|\u2606Frxnchu06\n|t:|1682028654\n|gametype|doubles\n|player|p1|Arcacagne|102|1267\n|player|p2|Frxnchu06|265|1285\n|teamsize|p1|6\n|teamsize|p2|6\n|gen|9\n|tier|[Gen 9] VGC 2023 Regulation C\n|rated|\n|rule|Species Clause: Limit one of each Pok\u00e9mon\n|rule|Item Clause: Limit one of each item\n|clearpoke\n|poke|p1|Chi-Yu, L50|\n|poke|p1|Flutter Mane, L50|\n|poke|p1|Amoonguss, L50, F|\n|poke|p1|Palafin, L50, F|\n|poke|p1|Kingambit, L50, F|\n|poke|p1|Arcanine, L50, F|\n|poke|p2|Chien-Pao, L50|\n|poke|p2|Flutter Mane, L50|\n|poke|p2|Iron Hands, L50|\n|poke|p2|Chi-Yu, L50|\n|poke|p2|Arcanine, L50, F|\n|poke|p2|Palafin, L50, M|\n|teampreview|4\nArcacagne has agreed to open team sheets.\n|inactive|Battle timer is ON: inactive players will automatically lose when time's up. (requested by Frxnchu06)\nFrxnchu06 has agreed to open team sheets.\n|inactive|Arcacagne has 60 seconds left.\n|\n|t:|1682028737\n|start\n|switch|p1a: Chi-Yu|Chi-Yu, L50|100\/100\n|switch|p1b: Palafin|Palafin, L50, F|100\/100\n|switch|p2a: Palafin|Palafin, L50, M, shiny|100\/100\n|switch|p2b: Chi-Yu|Chi-Yu, L50|100\/100\n|-ability|p2b: Chi-Yu|Beads of Ruin\n|-ability|p1a: Chi-Yu|Beads of Ruin\n|turn|1\n|inactive|Frxnchu06 has 30 seconds left.\n|inactive|Arcacagne has 30 seconds left.\n|\n|t:|1682028773\n|switch|p2b: Flutter Mane|Flutter Mane, L50, shiny|100\/100\n|detailschange|p2a: Palafin|Palafin-Hero, L50, M, shiny\n|switch|p2a: Arcanine|Arcanine, L50, F, shiny|100\/100\n|-ability|p2a: Arcanine|Intimidate|boost\n|-unboost|p1a: Chi-Yu|atk|1\n|-unboost|p1b: Palafin|atk|1\n|move|p1a: Chi-Yu|Protect|p1a: Chi-Yu\n|-singleturn|p1a: Chi-Yu|Protect\n|move|p1b: Palafin|Jet Punch|p2b: Flutter Mane\n|-damage|p2b: Flutter Mane|61\/100\n|\n|upkeep\n|turn|2\n|\n|t:|1682028794\n|detailschange|p1b: Palafin|Palafin-Hero, L50, F\n|switch|p1b: Amoonguss|Amoonguss, L50, F|100\/100\n|move|p2b: Flutter Mane|Power Gem|p1a: Chi-Yu\n|-supereffective|p1a: Chi-Yu\n|-damage|p1a: Chi-Yu|17\/100\n|-damage|p2b: Flutter Mane|51\/100|[from] item: Life Orb\n|move|p1a: Chi-Yu|Substitute|p1a: Chi-Yu\n|-fail|p1a: Chi-Yu|move: Substitute|[weak]\n|move|p2a: Arcanine|Wild Charge|p1b: Amoonguss\n|-resisted|p1b: Amoonguss\n|-damage|p1b: Amoonguss|88\/100\n|-damage|p2a: Arcanine|84\/100|[from] item: Rocky Helmet|[of] p1b: Amoonguss\n|-damage|p2a: Arcanine|80\/100|[from] Recoil\n|\n|upkeep\n|turn|3\n|inactive|Arcacagne has 30 seconds left.\n|inactive|Frxnchu06 has 30 seconds left.\n|\n|t:|1682028826\n|switch|p1a: Palafin|Palafin-Hero, L50, F|100\/100\n|-activate|p1a: Palafin|ability: Zero to Hero\n|-terastallize|p1b: Amoonguss|Water\n|move|p2b: Flutter Mane|Dazzling Gleam|p1b: Amoonguss|[spread] p1a,p1b\n|-damage|p1a: Palafin|58\/100\n|-damage|p1b: Amoonguss|54\/100\n|-damage|p2b: Flutter Mane|41\/100|[from] item: Life Orb\n|move|p2a: Arcanine|Flare Blitz|p1b: Amoonguss\n|-resisted|p1b: Amoonguss\n|-damage|p1b: Amoonguss|30\/100\n|-damage|p2a: Arcanine|64\/100|[from] item: Rocky Helmet|[of] p1b: Amoonguss\n|-damage|p2a: Arcanine|54\/100|[from] Recoil\n|move|p1b: Amoonguss|Spore|p2a: Arcanine\n|-status|p2a: Arcanine|slp|[from] move: Spore\n|\n|upkeep\n|turn|4\n|inactive|Frxnchu06 has 30 seconds left.\n|\n|t:|1682028852\n|move|p2b: Flutter Mane|Protect|p2b: Flutter Mane\n|-singleturn|p2b: Flutter Mane|Protect\n|move|p1a: Palafin|Jet Punch|p2b: Flutter Mane\n|-activate|p2b: Flutter Mane|move: Protect\n|cant|p2a: Arcanine|slp\n|move|p1b: Amoonguss|Pollen Puff|p1a: Palafin\n|-heal|p1a: Palafin|100\/100\n|\n|upkeep\n|turn|5\n|\n|t:|1682028874\n|move|p2b: Flutter Mane|Protect||[still]\n|-fail|p2b: Flutter Mane\n|move|p1a: Palafin|Jet Punch|p2a: Arcanine\n|-supereffective|p2a: Arcanine\n|-damage|p2a: Arcanine|0 fnt\n|faint|p2a: Arcanine\n|move|p1b: Amoonguss|Spore|p2b: Flutter Mane\n|-status|p2b: Flutter Mane|slp|[from] move: Spore\n|\n|upkeep\n|\n|t:|1682028884\n|switch|p2a: Palafin|Palafin-Hero, L50, M, shiny|100\/100\n|-activate|p2a: Palafin|ability: Zero to Hero\n|turn|6\n|\n|t:|1682028901\n|-terastallize|p2a: Palafin|Water\n|move|p1a: Palafin|Jet Punch|p2b: Flutter Mane\n|-damage|p2b: Flutter Mane|0 fnt\n|faint|p2b: Flutter Mane\n|-end|p2b: Flutter Mane|Protosynthesis|[silent]\n|move|p2a: Palafin|Wave Crash|p1b: Amoonguss\n|-resisted|p1b: Amoonguss\n|-damage|p1b: Amoonguss|0 fnt\n|-damage|p2a: Palafin|84\/100|[from] item: Rocky Helmet|[of] p1b: Amoonguss\n|faint|p1b: Amoonguss\n|-damage|p2a: Palafin|72\/100|[from] Recoil\n|\n|upkeep\n|\n|t:|1682028911\n|switch|p2b: Chi-Yu|Chi-Yu, L50|100\/100\n|switch|p1b: Flutter Mane|Flutter Mane, L50|100\/100\n|-ability|p2b: Chi-Yu|Beads of Ruin\n|-enditem|p1b: Flutter Mane|Booster Energy\n|-activate|p1b: Flutter Mane|ability: Protosynthesis|[fromitem]\n|-start|p1b: Flutter Mane|protosynthesisspa\n|turn|7\n|\n|t:|1682028923\n|move|p1a: Palafin|Jet Punch|p2b: Chi-Yu\n|-supereffective|p2b: Chi-Yu\n|-damage|p2b: Chi-Yu|0 fnt\n|faint|p2b: Chi-Yu\n|move|p2a: Palafin|Jet Punch|p1b: Flutter Mane\n|-damage|p1b: Flutter Mane|1\/100\n|move|p1b: Flutter Mane|Energy Ball|p2a: Palafin\n|-supereffective|p2a: Palafin\n|-damage|p2a: Palafin|0 fnt\n|faint|p2a: Palafin\n|\n|win|Arcacagne\n|raw|Arcacagne's rating: 1267 → 1293<\/strong> (+26 for winning)\n|raw|Frxnchu06's rating: 1285 → 1259<\/strong> (-26 for losing)\n|l|\u2606Frxnchu06\n","uploadtime":1682028960,"views":8,"p1id":"arcacagne","p2id":"frxnchu06","formatid":"gen9vgc2023regulationc","rating":1259,"private":0,"password":""}