{"id":"gen9vgc2023regulationc-1861275635","p1":"vhyvc","p2":"Smalljupiter573","format":"[Gen 9] VGC 2023 Regulation C","log":"|j|\u2606vhyvc\n|j|\u2606Smalljupiter573\n|t:|1683741663\n|gametype|doubles\n|player|p1|vhyvc|266|1018\n|player|p2|Smalljupiter573|102|1000\n|teamsize|p1|6\n|teamsize|p2|6\n|gen|9\n|tier|[Gen 9] VGC 2023 Regulation C\n|rated|\n|rule|Species Clause: Limit one of each Pok\u00e9mon\n|rule|Item Clause: Limit one of each item\n|clearpoke\n|poke|p1|Palafin, L50, M|\n|poke|p1|Chi-Yu, L50|\n|poke|p1|Flutter Mane, L50|\n|poke|p1|Farigiraf, L50, M|\n|poke|p1|Amoonguss, L50, F|\n|poke|p1|Talonflame, L50, M|\n|poke|p2|Scream Tail, L50|\n|poke|p2|Gothitelle, L50, F|\n|poke|p2|Ting-Lu, L50|\n|poke|p2|Annihilape, L50, F|\n|poke|p2|Arcanine, L50, M|\n|poke|p2|Baxcalibur, L50, F|\n|teampreview|4\nSmalljupiter573 has agreed to open team sheets.\n|\n|t:|1683741706\n|start\n|switch|p1a: Talonflame|Talonflame, L50, M|100\/100\n|switch|p1b: Farigiraf|Farigiraf, L50, M|100\/100\n|switch|p2a: Scream Tail|Scream Tail, L50|100\/100\n|switch|p2b: Ting-Lu|Ting-Lu, L50|100\/100\n|-ability|p2b: Ting-Lu|Vessel of Ruin\n|turn|1\n|\n|t:|1683741735\n|move|p1a: Talonflame|Will-O-Wisp|p2b: Ting-Lu\n|-status|p2b: Ting-Lu|brn\n|move|p2a: Scream Tail|Play Rough|p1b: Farigiraf\n|-damage|p1b: Farigiraf|74\/100\n|move|p1b: Farigiraf|Shadow Ball|p2a: Scream Tail\n|-supereffective|p2a: Scream Tail\n|-damage|p2a: Scream Tail|62\/100\n|move|p2b: Ting-Lu|Rock Slide|p1b: Farigiraf|[spread] p1a,p1b\n|-supereffective|p1a: Talonflame\n|-damage|p1a: Talonflame|55\/100\n|-damage|p1b: Farigiraf|62\/100\n|\n|-damage|p2b: Ting-Lu|94\/100 brn|[from] brn\n|upkeep\n|turn|2\n|\n|t:|1683741772\n|-end|p2a: Scream Tail|Protosynthesis|[silent]\n|switch|p2a: Annihilape|Annihilape, L50, F|100\/100\n|move|p1a: Talonflame|Brave Bird|p2a: Annihilape\n|-supereffective|p2a: Annihilape\n|-damage|p2a: Annihilape|0 fnt\n|faint|p2a: Annihilape\n|-damage|p1a: Talonflame|22\/100|[from] Recoil\n|move|p1b: Farigiraf|Shadow Ball|p2b: Ting-Lu\n|-resisted|p2b: Ting-Lu\n|-crit|p2b: Ting-Lu\n|-damage|p2b: Ting-Lu|77\/100 brn\n|move|p2b: Ting-Lu|Rock Slide|p1a: Talonflame|[spread] p1a,p1b\n|-supereffective|p1a: Talonflame\n|-crit|p1a: Talonflame\n|-damage|p1a: Talonflame|0 fnt\n|-damage|p1b: Farigiraf|51\/100\n|faint|p1a: Talonflame\n|\n|-heal|p2b: Ting-Lu|83\/100 brn|[from] item: Leftovers\n|-damage|p2b: Ting-Lu|77\/100 brn|[from] brn\n|upkeep\n|inactive|Battle timer is ON: inactive players will automatically lose when time's up. (requested by vhyvc)\n|\n|t:|1683741801\n|switch|p1a: Flutter Mane|Flutter Mane, L50|100\/100\n|switch|p2a: Gothitelle|Gothitelle, L50, F|100\/100\n|-enditem|p1a: Flutter Mane|Booster Energy\n|-activate|p1a: Flutter Mane|ability: Protosynthesis|[fromitem]\n|-start|p1a: Flutter Mane|protosynthesisspa\n|turn|3\n|\n|t:|1683741822\n|move|p1a: Flutter Mane|Protect|p1a: Flutter Mane\n|-singleturn|p1a: Flutter Mane|Protect\n|move|p2a: Gothitelle|Protect|p2a: Gothitelle\n|-singleturn|p2a: Gothitelle|Protect\n|move|p1b: Farigiraf|Shadow Ball|p2a: Gothitelle\n|-activate|p2a: Gothitelle|move: Protect\n|move|p2b: Ting-Lu|Rock Slide|p1a: Flutter Mane|[spread] p1b\n|-activate|p1a: Flutter Mane|move: Protect\n|-damage|p1b: Farigiraf|40\/100\n|\n|-heal|p2b: Ting-Lu|83\/100 brn|[from] item: Leftovers\n|-damage|p2b: Ting-Lu|77\/100 brn|[from] brn\n|upkeep\n|turn|4\n|inactive|vhyvc has 30 seconds left.\n|\n|t:|1683741856\n|-terastallize|p1a: Flutter Mane|Fairy\n|move|p1a: Flutter Mane|Moonblast|p2b: Ting-Lu\n|-supereffective|p2b: Ting-Lu\n|-damage|p2b: Ting-Lu|0 fnt\n|faint|p2b: Ting-Lu\n|move|p1b: Farigiraf|Shadow Ball|p2a: Gothitelle\n|-supereffective|p2a: Gothitelle\n|-damage|p2a: Gothitelle|18\/100\n|move|p2a: Gothitelle|Light Screen|p2a: Gothitelle\n|-sidestart|p2: Smalljupiter573|move: Light Screen\n|\n|upkeep\n|\n|t:|1683741865\n|switch|p2b: Scream Tail|Scream Tail, L50|62\/100\n|turn|5\n|\n|t:|1683741874\n|move|p2a: Gothitelle|Protect|p2a: Gothitelle\n|-singleturn|p2a: Gothitelle|Protect\n|move|p1a: Flutter Mane|Dazzling Gleam|p2b: Scream Tail|[spread] p2b\n|-activate|p2a: Gothitelle|move: Protect\n|-damage|p2b: Scream Tail|39\/100\n|move|p2b: Scream Tail|Perish Song|p2b: Scream Tail\n|-start|p1a: Flutter Mane|perish3|[silent]\n|-start|p1b: Farigiraf|perish3|[silent]\n|-start|p2a: Gothitelle|perish3|[silent]\n|-start|p2b: Scream Tail|perish3|[silent]\n|-fieldactivate|move: Perish Song\n|move|p1b: Farigiraf|Shadow Ball|p2b: Scream Tail\n|-supereffective|p2b: Scream Tail\n|-damage|p2b: Scream Tail|1\/100\n|-unboost|p2b: Scream Tail|spd|1\n|\n|-start|p1a: Flutter Mane|perish3\n|-start|p2b: Scream Tail|perish3\n|-start|p1b: Farigiraf|perish3\n|-start|p2a: Gothitelle|perish3\n|upkeep\n|turn|6\n|-message|Smalljupiter573 forfeited.\n|\n|win|vhyvc\n|raw|vhyvc's rating: 1018 → 1053<\/strong> (+35 for winning)\n|raw|Smalljupiter573's rating: 1000 → 1000<\/strong> (+0 for losing)\n|l|\u2606Smalljupiter573\n","uploadtime":1683741905,"views":12,"p1id":"vhyvc","p2id":"smalljupiter573","formatid":"gen9vgc2023regulationc","rating":1000,"private":0,"password":""}