{"id":"gen9vgc2023regulationc-1848425768","p1":"Jace196","p2":"InvertedF","format":"[Gen 9] VGC 2023 Regulation C","log":"|j|\u2606Jace196\n|j|\u2606InvertedF\n|t:|1682076490\n|gametype|doubles\n|player|p1|Jace196|169|1304\n|player|p2|InvertedF|cynthia-gen4|1203\n|teamsize|p1|6\n|teamsize|p2|6\n|gen|9\n|tier|[Gen 9] VGC 2023 Regulation C\n|rated|\n|rule|Species Clause: Limit one of each Pok\u00e9mon\n|rule|Item Clause: Limit one of each item\n|clearpoke\n|poke|p1|Wo-Chien, L50|\n|poke|p1|Glimmora, L50, F|\n|poke|p1|Palafin, L50, M|\n|poke|p1|Chien-Pao, L50|\n|poke|p1|Dragapult, L50, M|\n|poke|p1|Arcanine, L50, F|\n|poke|p2|Ting-Lu, L50|\n|poke|p2|Arcanine, L50, F|\n|poke|p2|Kingambit, L50, F|\n|poke|p2|Scream Tail, L50|\n|poke|p2|Gothitelle, L50, F|\n|poke|p2|Flutter Mane, L50|\n|teampreview|4\n|inactive|Battle timer is ON: inactive players will automatically lose when time's up. (requested by InvertedF)\nInvertedF has agreed to open team sheets.\n|inactive|Jace196 has 60 seconds left.\n|inactive|InvertedF has 60 seconds left.\n|\n|t:|1682076533\n|start\n|switch|p1a: SilverWing|Dragapult, L50, M, shiny|100\/100\n|switch|p1b: Arcanine|Arcanine, L50, F|100\/100\n|switch|p2a: Flutter Mane|Flutter Mane, L50|100\/100\n|switch|p2b: Kingambit|Kingambit, L50, F|100\/100\n|-ability|p1b: Arcanine|Intimidate|boost\n|-unboost|p2a: Flutter Mane|atk|1\n|-unboost|p2b: Kingambit|atk|1\n|-ability|p2b: Kingambit|Defiant|boost\n|-boost|p2b: Kingambit|atk|2\n|turn|1\n|\n|t:|1682076556\n|switch|p1a: Gattaccio|Chien-Pao, L50|100\/100\n|-ability|p1a: Gattaccio|Sword of Ruin\n|-terastallize|p2b: Kingambit|Dark\n|move|p2b: Kingambit|Sucker Punch||[still]\n|-fail|p2b: Kingambit\n|move|p1b: Arcanine|Flare Blitz|p2b: Kingambit\n|-damage|p2b: Kingambit|38\/100\n|-damage|p1b: Arcanine|75\/100|[from] Recoil\n|move|p2a: Flutter Mane|Shadow Ball|p1b: Arcanine\n|-damage|p1b: Arcanine|19\/100\n|\n|upkeep\n|turn|2\n|inactive|Jace196 has 30 seconds left.\n|inactive|InvertedF has 30 seconds left.\n|inactive|Jace196 has 20 seconds left.\n|\n|t:|1682076591\n|switch|p1b: Wo-Chien|Wo-Chien, L50|100\/100\n|-ability|p1b: Wo-Chien|Tablets of Ruin\n|move|p2b: Kingambit|Sucker Punch||[still]\n|-fail|p2b: Kingambit\n|move|p2a: Flutter Mane|Moonblast|p1a: Gattaccio\n|-supereffective|p1a: Gattaccio\n|-enditem|p1a: Gattaccio|Focus Sash\n|-damage|p1a: Gattaccio|1\/100\n|-unboost|p1a: Gattaccio|spa|1\n|move|p1a: Gattaccio|Brick Break|p2b: Kingambit\n|-supereffective|p2b: Kingambit\n|-damage|p2b: Kingambit|0 fnt\n|faint|p2b: Kingambit\n|\n|upkeep\n|\n|t:|1682076597\n|switch|p2b: Arcanine|Arcanine, L50, F|100\/100\n|-ability|p2b: Arcanine|Intimidate|boost\n|-unboost|p1a: Gattaccio|atk|1\n|-unboost|p1b: Wo-Chien|atk|1\n|turn|3\n|inactive|Jace196 has 30 seconds left.\n|\n|t:|1682076622\n|-terastallize|p1b: Wo-Chien|Poison\n|move|p1a: Gattaccio|Protect|p1a: Gattaccio\n|-singleturn|p1a: Gattaccio|Protect\n|move|p2b: Arcanine|Extreme Speed|p1a: Gattaccio\n|-activate|p1a: Gattaccio|move: Protect\n|move|p2a: Flutter Mane|Moonblast|p1b: Wo-Chien\n|-resisted|p1b: Wo-Chien\n|-damage|p1b: Wo-Chien|86\/100\n|-unboost|p1b: Wo-Chien|spa|1\n|move|p1b: Wo-Chien|Leech Seed|p2b: Arcanine|[miss]\n|-miss|p1b: Wo-Chien|p2b: Arcanine\n|\n|-heal|p1b: Wo-Chien|92\/100|[from] item: Leftovers\n|upkeep\n|turn|4\n|inactive|Jace196 has 30 seconds left.\n|\n|t:|1682076652\n|switch|p1a: SilverWing|Dragapult, L50, M, shiny|100\/100\n|move|p2b: Arcanine|Extreme Speed|p1a: SilverWing\n|-immune|p1a: SilverWing\n|move|p2a: Flutter Mane|Shadow Ball|p1a: SilverWing\n|-supereffective|p1a: SilverWing\n|-damage|p1a: SilverWing|0 fnt\n|faint|p1a: SilverWing\n|move|p1b: Wo-Chien|Leech Seed|p2b: Arcanine\n|-start|p2b: Arcanine|move: Leech Seed\n|\n|-heal|p1b: Wo-Chien|98\/100|[from] item: Leftovers\n|-damage|p2b: Arcanine|88\/100|[from] Leech Seed|[of] p1b: Wo-Chien\n|-heal|p1b: Wo-Chien|100\/100|[silent]\n|upkeep\n|\n|t:|1682076673\n|switch|p1a: Gattaccio|Chien-Pao, L50|1\/100\n|-ability|p1a: Gattaccio|Sword of Ruin\n|turn|5\n|\n|t:|1682076681\n|move|p1a: Gattaccio|Protect|p1a: Gattaccio\n|-singleturn|p1a: Gattaccio|Protect\n|move|p2b: Arcanine|Extreme Speed|p1a: Gattaccio\n|-activate|p1a: Gattaccio|move: Protect\n|move|p2a: Flutter Mane|Perish Song|p2a: Flutter Mane\n|-start|p1a: Gattaccio|perish3|[silent]\n|-start|p1b: Wo-Chien|perish3|[silent]\n|-start|p2a: Flutter Mane|perish3|[silent]\n|-start|p2b: Arcanine|perish3|[silent]\n|-fieldactivate|move: Perish Song\n|move|p1b: Wo-Chien|Leech Seed|p2a: Flutter Mane\n|-start|p2a: Flutter Mane|move: Leech Seed\n|\n|-damage|p2a: Flutter Mane|88\/100|[from] Leech Seed|[of] p1b: Wo-Chien\n|-damage|p2b: Arcanine|76\/100|[from] Leech Seed|[of] p1b: Wo-Chien\n|-start|p2a: Flutter Mane|perish3\n|-start|p1a: Gattaccio|perish3\n|-start|p2b: Arcanine|perish3\n|-start|p1b: Wo-Chien|perish3\n|upkeep\n|turn|6\n|inactive|Jace196 has 30 seconds left.\n|\n|t:|1682076715\n|switch|p1b: Arcanine|Arcanine, L50, F|19\/100\n|-ability|p1b: Arcanine|Intimidate|boost\n|-unboost|p2a: Flutter Mane|atk|1\n|-unboost|p2b: Arcanine|atk|1\n|move|p2a: Flutter Mane|Protect|p2a: Flutter Mane\n|-singleturn|p2a: Flutter Mane|Protect\n|move|p2b: Arcanine|Extreme Speed|p1a: Gattaccio\n|-damage|p1a: Gattaccio|0 fnt\n|faint|p1a: Gattaccio\n|\n|-damage|p2a: Flutter Mane|76\/100|[from] Leech Seed|[of] p1b: Arcanine\n|-heal|p1b: Arcanine|29\/100|[silent]\n|-damage|p2b: Arcanine|64\/100|[from] Leech Seed|[of] p1b: Arcanine\n|-heal|p1b: Arcanine|43\/100|[silent]\n|-start|p2a: Flutter Mane|perish2\n|-start|p2b: Arcanine|perish2\n|upkeep\n|\n|t:|1682076733\n|switch|p1a: Wo-Chien|Wo-Chien, L50, tera:Poison|100\/100\n|-ability|p1a: Wo-Chien|Tablets of Ruin\n|turn|7\n|\n|t:|1682076750\n|move|p2b: Arcanine|Extreme Speed|p1b: Arcanine\n|-damage|p1b: Arcanine|29\/100\n|move|p1b: Arcanine|Flare Blitz|p2a: Flutter Mane\n|-damage|p2a: Flutter Mane|0 fnt\n|faint|p2a: Flutter Mane\n|-end|p2a: Flutter Mane|Protosynthesis|[silent]\n|-damage|p1b: Arcanine|9\/100|[from] Recoil\n|move|p1a: Wo-Chien|Substitute|p1a: Wo-Chien\n|-start|p1a: Wo-Chien|Substitute\n|-damage|p1a: Wo-Chien|76\/100\n|\n|-heal|p1a: Wo-Chien|82\/100|[from] item: Leftovers\n|-damage|p2b: Arcanine|52\/100|[from] Leech Seed|[of] p1b: Arcanine\n|-heal|p1b: Arcanine|23\/100|[silent]\n|-start|p2b: Arcanine|perish1\n|upkeep\n|\n|t:|1682076759\n|switch|p2a: Ting-Lu|Ting-Lu, L50|100\/100\n|-ability|p2a: Ting-Lu|Vessel of Ruin\n|turn|8\n|\n|t:|1682076772\n|move|p1b: Arcanine|Flare Blitz|p2a: Ting-Lu\n|-damage|p2a: Ting-Lu|75\/100\n|-damage|p1b: Arcanine|12\/100|[from] Recoil\n|move|p2b: Arcanine|Flare Blitz|p1a: Wo-Chien\n|-activate|p1a: Wo-Chien|move: Substitute|[damage]\n|-damage|p2b: Arcanine|46\/100|[from] Recoil|[of] p1a: Wo-Chien\n|move|p1a: Wo-Chien|Leech Seed|p2a: Ting-Lu\n|-start|p2a: Ting-Lu|move: Leech Seed\n|move|p2a: Ting-Lu|Stomping Tantrum|p1b: Arcanine\n|-supereffective|p1b: Arcanine\n|-damage|p1b: Arcanine|0 fnt\n|faint|p1b: Arcanine\n|\n|-heal|p1a: Wo-Chien|88\/100|[from] item: Leftovers\n|-damage|p2a: Ting-Lu|63\/100|[from] Leech Seed|[of] p1a: Wo-Chien\n|-heal|p1a: Wo-Chien|100\/100|[silent]\n|-start|p2b: Arcanine|perish0\n|upkeep\n|faint|p2b: Arcanine\n|turn|9\n|\n|t:|1682076795\n|move|p1a: Wo-Chien|Pollen Puff|p2a: Ting-Lu\n|-supereffective|p2a: Ting-Lu\n|-damage|p2a: Ting-Lu|50\/100\n|move|p2a: Ting-Lu|Stomping Tantrum|p1a: Wo-Chien\n|-supereffective|p1a: Wo-Chien\n|-end|p1a: Wo-Chien|Substitute\n|\n|-damage|p2a: Ting-Lu|38\/100|[from] Leech Seed|[of] p1a: Wo-Chien\n|upkeep\n|turn|10\n|\n|t:|1682076806\n|move|p1a: Wo-Chien|Substitute|p1a: Wo-Chien\n|-start|p1a: Wo-Chien|Substitute\n|-damage|p1a: Wo-Chien|76\/100\n|move|p2a: Ting-Lu|Stomping Tantrum|p1a: Wo-Chien\n|-supereffective|p1a: Wo-Chien\n|-end|p1a: Wo-Chien|Substitute\n|\n|-heal|p1a: Wo-Chien|82\/100|[from] item: Leftovers\n|-damage|p2a: Ting-Lu|25\/100|[from] Leech Seed|[of] p1a: Wo-Chien\n|-heal|p1a: Wo-Chien|98\/100|[silent]\n|upkeep\n|turn|11\n|\n|t:|1682076816\n|move|p1a: Wo-Chien|Substitute|p1a: Wo-Chien\n|-start|p1a: Wo-Chien|Substitute\n|-damage|p1a: Wo-Chien|74\/100\n|move|p2a: Ting-Lu|Fissure|p1a: Wo-Chien|[miss]\n|-miss|p2a: Ting-Lu|p1a: Wo-Chien\n|\n|-heal|p1a: Wo-Chien|80\/100|[from] item: Leftovers\n|-damage|p2a: Ting-Lu|13\/100|[from] Leech Seed|[of] p1a: Wo-Chien\n|-heal|p1a: Wo-Chien|96\/100|[silent]\n|upkeep\n|turn|12\n|\n|t:|1682076827\n|move|p1a: Wo-Chien|Pollen Puff|p2a: Ting-Lu\n|-supereffective|p2a: Ting-Lu\n|-damage|p2a: Ting-Lu|0 fnt\n|faint|p2a: Ting-Lu\n|\n|win|Jace196\n|raw|Jace196's rating: 1304 → 1318<\/strong> (+14 for winning)\n|raw|InvertedF's rating: 1203 → 1185<\/strong> (-18 for losing)\n|l|\u2606InvertedF\n","uploadtime":1682076850,"views":17,"p1id":"jace196","p2id":"invertedf","formatid":"gen9vgc2023regulationc","rating":1185,"private":0,"password":""}