{"id":"gen9vgc2023regulationc-1863369709","p1":"PinkiesOWO","p2":"Gcchvbjg f g h","format":"[Gen 9] VGC 2023 Regulation C","log":"|j|\u2606PinkiesOWO\n|j|\u2606Gcchvbjg f g h\n|t:|1684008248\n|gametype|doubles\n|player|p1|PinkiesOWO|265|1000\n|player|p2|Gcchvbjg f g h|2|1000\n|teamsize|p1|6\n|teamsize|p2|6\n|gen|9\n|tier|[Gen 9] VGC 2023 Regulation C\n|rated|\n|rule|Species Clause: Limit one of each Pok\u00e9mon\n|rule|Item Clause: Limit one of each item\n|clearpoke\n|poke|p1|Scream Tail, L50|\n|poke|p1|Sylveon, L50, M|\n|poke|p1|Tinkaton, L50, F|\n|poke|p1|Alomomola, L50, M|\n|poke|p1|Medicham, L50, F|\n|poke|p1|Espeon, L50, F|\n|poke|p2|Espeon, L50, F|\n|poke|p2|Polteageist, L50|\n|poke|p2|Chi-Yu, L50|\n|poke|p2|Indeedee-F, L50, F|\n|poke|p2|Drifblim, L50, M|\n|poke|p2|Flamigo, L50, F|\n|teampreview|4\nPinkiesOWO has agreed to open team sheets.\nGcchvbjg f g h rejected open team sheets.\n|inactive|Battle timer is ON: inactive players will automatically lose when time's up. (requested by Gcchvbjg f g h)\n|\n|t:|1684008293\n|start\n|switch|p1a: Tinkaton|Tinkaton, L50, F|100\/100\n|switch|p1b: Espeon|Espeon, L50, F|100\/100\n|switch|p2a: Espeon|Espeon, L50, F|100\/100\n|switch|p2b: Polteageist|Polteageist, L50|100\/100\n|-ability|p1a: Tinkaton|Mold Breaker\n|turn|1\n|inactive|PinkiesOWO has 30 seconds left.\n|\n|t:|1684008318\n|-terastallize|p2a: Espeon|Ghost\n|move|p1a: Tinkaton|Fake Out|p2a: Espeon\n|-immune|p2a: Espeon\n|move|p1b: Espeon|Psyshock|p2b: Polteageist\n|-damage|p2b: Polteageist|20\/100\n|move|p2b: Polteageist|Shell Smash|p2b: Polteageist\n|-unboost|p2b: Polteageist|def|1\n|-unboost|p2b: Polteageist|spd|1\n|-boost|p2b: Polteageist|atk|2\n|-boost|p2b: Polteageist|spa|2\n|-boost|p2b: Polteageist|spe|2\n|move|p2a: Espeon|Psych Up|p2b: Polteageist\n|-copyboost|p2a: Espeon|p2b: Polteageist|[from] move: Psych Up\n|-enditem|p2a: Espeon|White Herb\n|-clearnegativeboost|p2a: Espeon|[silent]\n|\n|upkeep\n|turn|2\n|inactive|Gcchvbjg f g h has 30 seconds left.\n|\n|t:|1684008352\n|move|p2b: Polteageist|Baton Pass|p2b: Polteageist\n|\n|t:|1684008354\n|switch|p2b: Chi-Yu|Chi-Yu, L50|100\/100|[from] Baton Pass\n|-ability|p2b: Chi-Yu|Beads of Ruin\n|move|p1b: Espeon|Psyshock|p2b: Chi-Yu\n|-immune|p2b: Chi-Yu\n|move|p2a: Espeon|Dazzling Gleam|p1b: Espeon|[spread] p1a,p1b\n|-resisted|p1a: Tinkaton\n|-damage|p1a: Tinkaton|84\/100\n|-damage|p1b: Espeon|25\/100\n|move|p1a: Tinkaton|Knock Off|p2a: Espeon\n|-supereffective|p2a: Espeon\n|-damage|p2a: Espeon|48\/100\n|\n|upkeep\n|turn|3\n|inactive|PinkiesOWO has 30 seconds left.\n|\n|t:|1684008386\n|switch|p1b: Medicham|Medicham, L50, F|100\/100\n|-terastallize|p1a: Tinkaton|Water\n|move|p2b: Chi-Yu|Heat Wave|p1b: Medicham|[spread] p1a,p1b\n|-resisted|p1a: Tinkaton\n|-damage|p1a: Tinkaton|55\/100\n|-enditem|p1b: Medicham|Focus Sash\n|-damage|p1b: Medicham|1\/100\n|move|p2a: Espeon|Dazzling Gleam|p1b: Medicham|[spread] p1a,p1b\n|-supereffective|p1b: Medicham\n|-damage|p1a: Tinkaton|24\/100\n|-damage|p1b: Medicham|0 fnt\n|faint|p1b: Medicham\n|move|p1a: Tinkaton|Gigaton Hammer|p2a: Espeon\n|-damage|p2a: Espeon|0 fnt\n|faint|p2a: Espeon\n|\n|upkeep\n|\n|t:|1684008405\n|switch|p1b: Espeon|Espeon, L50, F|25\/100\n|switch|p2a: Flamigo|Flamigo, L50, F|100\/100\n|-copyboost|p2a: Flamigo|p2b: Chi-Yu|[from] ability: Costar\n|turn|4\n|\n|t:|1684008418\n|move|p2b: Chi-Yu|Heat Wave|p1a: Tinkaton|[spread] p1a,p1b\n|-resisted|p1a: Tinkaton\n|-damage|p1a: Tinkaton|0 fnt\n|-damage|p1b: Espeon|0 fnt\n|faint|p1a: Tinkaton\n|faint|p1b: Espeon\n|move|p2a: Flamigo|Brave Bird|p1: Tinkaton|[notarget]\n|-fail|p2a: Flamigo\n|\n|upkeep\n|\n|t:|1684008421\n|switch|p1b: Sylveon|Sylveon, L50, M|100\/100\n|turn|5\n|\n|t:|1684008426\n|move|p2b: Chi-Yu|Heat Wave|p1b: Sylveon\n|-damage|p1b: Sylveon|0 fnt\n|faint|p1b: Sylveon\n|\n|win|Gcchvbjg f g h\n|raw|PinkiesOWO's rating: 1000 → 1000<\/strong> (+0 for losing)\n|raw|Gcchvbjg f g h's rating: 1000 → 1040<\/strong> (+40 for winning)\n|l|\u2606PinkiesOWO\n","uploadtime":1684008434,"views":5,"p1id":"pinkiesowo","p2id":"gcchvbjgfgh","formatid":"gen9vgc2023regulationc","rating":1000,"private":0,"password":""}