{"id":"gen9vgc2023regulationc-1860215353","p1":"garfieldslaya","p2":"charlotte060","format":"[Gen 9] VGC 2023 Regulation C","log":"|j|\u2606garfieldslaya\n|j|\u2606charlotte060\n|t:|1683611738\n|gametype|doubles\n|player|p1|garfieldslaya|jasmine|1115\n|player|p2|charlotte060|101|1178\n|teamsize|p1|6\n|teamsize|p2|6\n|gen|9\n|tier|[Gen 9] VGC 2023 Regulation C\n|rated|\n|rule|Species Clause: Limit one of each Pok\u00e9mon\n|rule|Item Clause: Limit one of each item\n|clearpoke\n|poke|p1|Amoonguss, L50, F|\n|poke|p1|Flutter Mane, L50|\n|poke|p1|Arcanine, L50, M|\n|poke|p1|Baxcalibur, L50, M|\n|poke|p1|Ting-Lu, L50|\n|poke|p1|Palafin, L50, M|\n|poke|p2|Gothitelle, L50, F|\n|poke|p2|Scream Tail, L50|\n|poke|p2|Iron Hands, L50|\n|poke|p2|Arcanine, L50, F|\n|poke|p2|Wo-Chien, L50|\n|poke|p2|Flutter Mane, L50|\n|teampreview|4\ngarfieldslaya has agreed to open team sheets.\n|\n|t:|1683611779\n|start\n|switch|p1a: Flutter Mane|Flutter Mane, L50|100\/100\n|switch|p1b: Baxcalibur|Baxcalibur, L50, M|100\/100\n|switch|p2a: Flutter Mane|Flutter Mane, L50|100\/100\n|switch|p2b: Iron Hands|Iron Hands, L50, shiny|100\/100\n|-enditem|p1a: Flutter Mane|Booster Energy\n|-activate|p1a: Flutter Mane|ability: Protosynthesis|[fromitem]\n|-start|p1a: Flutter Mane|protosynthesisspa\n|turn|1\n|\n|t:|1683611797\n|move|p1b: Baxcalibur|Protect|p1b: Baxcalibur\n|-singleturn|p1b: Baxcalibur|Protect\n|move|p2b: Iron Hands|Fake Out|p1b: Baxcalibur\n|-activate|p1b: Baxcalibur|move: Protect\n|move|p2a: Flutter Mane|Shadow Ball|p1a: Flutter Mane\n|-supereffective|p1a: Flutter Mane\n|-damage|p1a: Flutter Mane|2\/100\n|move|p1a: Flutter Mane|Shadow Ball|p2a: Flutter Mane\n|-supereffective|p2a: Flutter Mane\n|-enditem|p2a: Flutter Mane|Focus Sash\n|-damage|p2a: Flutter Mane|1\/100\n|\n|upkeep\n|turn|2\n|\n|t:|1683611814\n|move|p2a: Flutter Mane|Protect|p2a: Flutter Mane\n|-singleturn|p2a: Flutter Mane|Protect\n|move|p1b: Baxcalibur|Ice Shard|p2a: Flutter Mane\n|-activate|p2a: Flutter Mane|move: Protect\n|move|p1a: Flutter Mane|Moonblast|p2b: Iron Hands\n|-supereffective|p2b: Iron Hands\n|-damage|p2b: Iron Hands|27\/100\n|move|p2b: Iron Hands|Volt Switch|p1a: Flutter Mane\n|-damage|p1a: Flutter Mane|0 fnt\n|faint|p1a: Flutter Mane\n|-end|p1a: Flutter Mane|Protosynthesis|[silent]\n|\n|t:|1683611820\n|-end|p2b: Iron Hands|Quark Drive|[silent]\n|switch|p2b: Arcanine|Arcanine, L50, F, shiny|100\/100|[from] Volt Switch\n|-ability|p2b: Arcanine|Intimidate|boost\n|-fail|p1b: Baxcalibur|unboost|[from] item: Clear Amulet|[of] p1b: Baxcalibur\n|\n|upkeep\n|\n|t:|1683611828\n|switch|p1a: Ting-Lu|Ting-Lu, L50|100\/100\n|-ability|p1a: Ting-Lu|Vessel of Ruin\n|turn|3\n|\n|t:|1683611851\n|-end|p2a: Flutter Mane|Protosynthesis|[silent]\n|switch|p2a: Iron Hands|Iron Hands, L50, shiny|27\/100\n|move|p1b: Baxcalibur|Ice Shard|p2a: Iron Hands\n|-damage|p2a: Iron Hands|9\/100\n|move|p2b: Arcanine|Will-O-Wisp|p1a: Ting-Lu\n|-status|p1a: Ting-Lu|brn\n|move|p1a: Ting-Lu|Ruination|p2b: Arcanine\n|-damage|p2b: Arcanine|51\/100\n|\n|-damage|p1a: Ting-Lu|94\/100 brn|[from] brn\n|upkeep\n|turn|4\n|\n|t:|1683611882\n|switch|p2b: Wo-Chien|Wo-Chien, L50|100\/100\n|-ability|p2b: Wo-Chien|Tablets of Ruin\n|move|p2a: Iron Hands|Fake Out|p1a: Ting-Lu\n|-damage|p1a: Ting-Lu|88\/100 brn\n|move|p1b: Baxcalibur|Glaive Rush|p2b: Wo-Chien\n|-damage|p2b: Wo-Chien|61\/100\n|-singlemove|p1b: Baxcalibur|Glaive Rush|[silent]\n|cant|p1a: Ting-Lu|flinch\n|\n|-heal|p2b: Wo-Chien|67\/100|[from] item: Leftovers\n|-heal|p1a: Ting-Lu|94\/100 brn|[from] item: Leftovers\n|-damage|p1a: Ting-Lu|88\/100 brn|[from] brn\n|upkeep\n|turn|5\n|\n|t:|1683611906\n|-terastallize|p2b: Wo-Chien|Water\n|move|p1b: Baxcalibur|Icicle Crash|p2b: Wo-Chien\n|-resisted|p2b: Wo-Chien\n|-damage|p2b: Wo-Chien|52\/100\n|move|p2b: Wo-Chien|Leech Seed|p1b: Baxcalibur\n|-start|p1b: Baxcalibur|move: Leech Seed\n|move|p2a: Iron Hands|Drain Punch|p1a: Ting-Lu\n|-supereffective|p1a: Ting-Lu\n|-damage|p1a: Ting-Lu|48\/100 brn\n|-heal|p2a: Iron Hands|30\/100|[from] drain|[of] p1a: Ting-Lu\n|move|p1a: Ting-Lu|Stomping Tantrum|p2a: Iron Hands\n|-supereffective|p2a: Iron Hands\n|-crit|p2a: Iron Hands\n|-damage|p2a: Iron Hands|0 fnt\n|faint|p2a: Iron Hands\n|-end|p2a: Iron Hands|Quark Drive|[silent]\n|\n|-heal|p2b: Wo-Chien|58\/100|[from] item: Leftovers\n|-heal|p1a: Ting-Lu|54\/100 brn|[from] item: Leftovers\n|-damage|p1b: Baxcalibur|88\/100|[from] Leech Seed|[of] p2b: Wo-Chien\n|-heal|p2b: Wo-Chien|72\/100|[silent]\n|-damage|p1a: Ting-Lu|48\/100 brn|[from] brn\n|upkeep\n|\n|t:|1683611919\n|switch|p2a: Arcanine|Arcanine, L50, F, shiny|51\/100\n|-ability|p2a: Arcanine|Intimidate|boost\n|-unboost|p1a: Ting-Lu|atk|1\n|-fail|p1b: Baxcalibur|unboost|[from] item: Clear Amulet|[of] p1b: Baxcalibur\n|turn|6\n|\n|t:|1683611953\n|switch|p1a: Amoonguss|Amoonguss, L50, F|100\/100\n|move|p2a: Arcanine|Protect|p2a: Arcanine\n|-singleturn|p2a: Arcanine|Protect\n|move|p1b: Baxcalibur|Glaive Rush|p2a: Arcanine\n|-activate|p2a: Arcanine|move: Protect\n|move|p2b: Wo-Chien|Leech Seed|p1a: Amoonguss\n|-immune|p1a: Amoonguss\n|\n|-heal|p2b: Wo-Chien|78\/100|[from] item: Leftovers\n|-damage|p1b: Baxcalibur|76\/100|[from] Leech Seed|[of] p2b: Wo-Chien\n|-heal|p2b: Wo-Chien|92\/100|[silent]\n|upkeep\n|turn|7\n|\n|t:|1683611968\n|move|p2a: Arcanine|Flare Blitz|p1a: Amoonguss\n|-supereffective|p1a: Amoonguss\n|-damage|p1a: Amoonguss|28\/100\n|-damage|p2a: Arcanine|35\/100|[from] item: Rocky Helmet|[of] p1a: Amoonguss\n|-damage|p2a: Arcanine|8\/100|[from] Recoil\n|move|p1b: Baxcalibur|Glaive Rush|p2a: Arcanine\n|-damage|p2a: Arcanine|0 fnt\n|-singlemove|p1b: Baxcalibur|Glaive Rush|[silent]\n|faint|p2a: Arcanine\n|move|p2b: Wo-Chien|Pollen Puff|p2: Arcanine|[notarget]\n|-fail|p2b: Wo-Chien\n|move|p1a: Amoonguss|Spore|p2b: Wo-Chien\n|-status|p2b: Wo-Chien|slp|[from] move: Spore\n|\n|-heal|p2b: Wo-Chien|98\/100 slp|[from] item: Leftovers\n|-damage|p1b: Baxcalibur|64\/100|[from] Leech Seed|[of] p2b: Wo-Chien\n|-heal|p2b: Wo-Chien|100\/100 slp|[silent]\n|upkeep\n|\n|t:|1683611982\n|switch|p2a: Flutter Mane|Flutter Mane, L50|1\/100\n|turn|8\n|\n|t:|1683612013\n|switch|p1a: Ting-Lu|Ting-Lu, L50|48\/100 brn\n|-ability|p1a: Ting-Lu|Vessel of Ruin\n|move|p2a: Flutter Mane|Protect|p2a: Flutter Mane\n|-singleturn|p2a: Flutter Mane|Protect\n|move|p1b: Baxcalibur|Ice Shard|p2a: Flutter Mane\n|-activate|p2a: Flutter Mane|move: Protect\n|cant|p2b: Wo-Chien|slp\n|\n|-heal|p1a: Ting-Lu|54\/100 brn|[from] item: Leftovers\n|-damage|p1b: Baxcalibur|52\/100|[from] Leech Seed|[of] p2b: Wo-Chien\n|-damage|p1a: Ting-Lu|48\/100 brn|[from] brn\n|upkeep\n|turn|9\n|\n|t:|1683612043\n|switch|p1b: Amoonguss|Amoonguss, L50, F|61\/100\n|-terastallize|p1a: Ting-Lu|Poison\n|move|p2a: Flutter Mane|Dazzling Gleam|p1b: Amoonguss|[spread] p1a,p1b\n|-resisted|p1a: Ting-Lu\n|-resisted|p1b: Amoonguss\n|-damage|p1a: Ting-Lu|40\/100 brn\n|-damage|p1b: Amoonguss|52\/100\n|cant|p2b: Wo-Chien|slp\n|move|p1a: Ting-Lu|Heavy Slam|p2a: Flutter Mane\n|-supereffective|p2a: Flutter Mane\n|-damage|p2a: Flutter Mane|0 fnt\n|faint|p2a: Flutter Mane\n|-end|p2a: Flutter Mane|Protosynthesis|[silent]\n|\n|-heal|p1a: Ting-Lu|47\/100 brn|[from] item: Leftovers\n|-damage|p1a: Ting-Lu|40\/100 brn|[from] brn\n|upkeep\n|turn|10\n|\n|t:|1683612065\n|cant|p2b: Wo-Chien|slp\n|move|p1a: Ting-Lu|Ruination|p2b: Wo-Chien\n|-damage|p2b: Wo-Chien|50\/100 slp\n|move|p1b: Amoonguss|Pollen Puff|p1a: Ting-Lu\n|-heal|p1a: Ting-Lu|90\/100 brn\n|\n|-heal|p2b: Wo-Chien|57\/100 slp|[from] item: Leftovers\n|-heal|p1a: Ting-Lu|97\/100 brn|[from] item: Leftovers\n|-damage|p1a: Ting-Lu|90\/100 brn|[from] brn\n|upkeep\n|turn|11\n|\n|t:|1683612080\n|switch|p1a: Baxcalibur|Baxcalibur, L50, M|52\/100\n|-curestatus|p2b: Wo-Chien|slp|[msg]\n|move|p2b: Wo-Chien|Leech Seed|p1a: Baxcalibur\n|-start|p1a: Baxcalibur|move: Leech Seed\n|move|p1b: Amoonguss|Pollen Puff|p1a: Baxcalibur\n|-heal|p1a: Baxcalibur|100\/100\n|\n|-heal|p2b: Wo-Chien|63\/100|[from] item: Leftovers\n|-damage|p1a: Baxcalibur|88\/100|[from] Leech Seed|[of] p2b: Wo-Chien\n|-heal|p2b: Wo-Chien|77\/100|[silent]\n|upkeep\n|turn|12\n|\n|t:|1683612095\n|move|p1a: Baxcalibur|Protect|p1a: Baxcalibur\n|-singleturn|p1a: Baxcalibur|Protect\n|move|p2b: Wo-Chien|Protect|p2b: Wo-Chien\n|-singleturn|p2b: Wo-Chien|Protect\n|move|p1b: Amoonguss|Spore|p2b: Wo-Chien\n|-activate|p2b: Wo-Chien|move: Protect\n|\n|-heal|p2b: Wo-Chien|83\/100|[from] item: Leftovers\n|-damage|p1a: Baxcalibur|76\/100|[from] Leech Seed|[of] p2b: Wo-Chien\n|-heal|p2b: Wo-Chien|97\/100|[silent]\n|upkeep\n|turn|13\n|\n|t:|1683612102\n|move|p1a: Baxcalibur|Protect||[still]\n|-fail|p1a: Baxcalibur\n|move|p2b: Wo-Chien|Ruination|p1a: Baxcalibur\n|-damage|p1a: Baxcalibur|38\/100\n|move|p1b: Amoonguss|Spore|p2b: Wo-Chien\n|-status|p2b: Wo-Chien|slp|[from] move: Spore\n|\n|-heal|p2b: Wo-Chien|100\/100 slp|[from] item: Leftovers\n|-damage|p1a: Baxcalibur|26\/100|[from] Leech Seed|[of] p2b: Wo-Chien\n|upkeep\n|turn|14\n|\n|t:|1683612111\n|cant|p2b: Wo-Chien|slp\n|move|p1a: Baxcalibur|Glaive Rush|p2b: Wo-Chien\n|-damage|p2b: Wo-Chien|60\/100 slp\n|-singlemove|p1a: Baxcalibur|Glaive Rush|[silent]\n|move|p1b: Amoonguss|Pollen Puff|p1a: Baxcalibur\n|-heal|p1a: Baxcalibur|76\/100\n|\n|-heal|p2b: Wo-Chien|66\/100 slp|[from] item: Leftovers\n|-damage|p1a: Baxcalibur|64\/100|[from] Leech Seed|[of] p2b: Wo-Chien\n|-heal|p2b: Wo-Chien|80\/100 slp|[silent]\n|upkeep\n|turn|15\n|\n|t:|1683612145\n|switch|p1a: Ting-Lu|Ting-Lu, L50, tera:Poison|90\/100 brn\n|-ability|p1a: Ting-Lu|Vessel of Ruin\n|-curestatus|p2b: Wo-Chien|slp|[msg]\n|move|p2b: Wo-Chien|Protect|p2b: Wo-Chien\n|-singleturn|p2b: Wo-Chien|Protect\n|move|p1b: Amoonguss|Pollen Puff|p2b: Wo-Chien\n|-activate|p2b: Wo-Chien|move: Protect\n|\n|-heal|p2b: Wo-Chien|86\/100|[from] item: Leftovers\n|-heal|p1a: Ting-Lu|97\/100 brn|[from] item: Leftovers\n|-damage|p1a: Ting-Lu|90\/100 brn|[from] brn\n|upkeep\n|turn|16\n|\n|t:|1683612166\n|move|p1b: Amoonguss|Rage Powder|p1b: Amoonguss\n|-singleturn|p1b: Amoonguss|move: Rage Powder\n|move|p2b: Wo-Chien|Leech Seed|p1b: Amoonguss\n|-immune|p1b: Amoonguss\n|move|p1a: Ting-Lu|Ruination|p2b: Wo-Chien\n|-damage|p2b: Wo-Chien|44\/100\n|\n|-heal|p2b: Wo-Chien|50\/100|[from] item: Leftovers\n|-heal|p1a: Ting-Lu|97\/100 brn|[from] item: Leftovers\n|-damage|p1a: Ting-Lu|90\/100 brn|[from] brn\n|upkeep\n|turn|17\n|\n|t:|1683612182\n|move|p2b: Wo-Chien|Protect|p2b: Wo-Chien\n|-singleturn|p2b: Wo-Chien|Protect\n|move|p1b: Amoonguss|Rage Powder|p1b: Amoonguss\n|-singleturn|p1b: Amoonguss|move: Rage Powder\n|move|p1a: Ting-Lu|Ruination|p2b: Wo-Chien\n|-activate|p2b: Wo-Chien|move: Protect\n|\n|-heal|p2b: Wo-Chien|56\/100|[from] item: Leftovers\n|-heal|p1a: Ting-Lu|97\/100 brn|[from] item: Leftovers\n|-damage|p1a: Ting-Lu|90\/100 brn|[from] brn\n|upkeep\n|turn|18\n|\n|t:|1683612192\n|move|p1b: Amoonguss|Rage Powder|p1b: Amoonguss\n|-singleturn|p1b: Amoonguss|move: Rage Powder\n|move|p2b: Wo-Chien|Leech Seed|p1b: Amoonguss\n|-immune|p1b: Amoonguss\n|move|p1a: Ting-Lu|Ruination|p2b: Wo-Chien\n|-damage|p2b: Wo-Chien|29\/100\n|\n|-heal|p2b: Wo-Chien|35\/100|[from] item: Leftovers\n|-heal|p1a: Ting-Lu|97\/100 brn|[from] item: Leftovers\n|-damage|p1a: Ting-Lu|90\/100 brn|[from] brn\n|upkeep\n|turn|19\n|\n|t:|1683612206\n|move|p2b: Wo-Chien|Protect|p2b: Wo-Chien\n|-singleturn|p2b: Wo-Chien|Protect\n|move|p1b: Amoonguss|Rage Powder|p1b: Amoonguss\n|-singleturn|p1b: Amoonguss|move: Rage Powder\n|move|p1a: Ting-Lu|Ruination|p2b: Wo-Chien\n|-activate|p2b: Wo-Chien|move: Protect\n|\n|-heal|p2b: Wo-Chien|41\/100|[from] item: Leftovers\n|-heal|p1a: Ting-Lu|97\/100 brn|[from] item: Leftovers\n|-damage|p1a: Ting-Lu|90\/100 brn|[from] brn\n|upkeep\n|turn|20\n|\n|t:|1683612216\n|move|p1b: Amoonguss|Rage Powder|p1b: Amoonguss\n|-singleturn|p1b: Amoonguss|move: Rage Powder\n|move|p2b: Wo-Chien|Ruination|p1b: Amoonguss\n|-damage|p1b: Amoonguss|26\/100\n|move|p1a: Ting-Lu|Ruination|p2b: Wo-Chien\n|-damage|p2b: Wo-Chien|21\/100\n|\n|-heal|p2b: Wo-Chien|27\/100|[from] item: Leftovers\n|-heal|p1a: Ting-Lu|97\/100 brn|[from] item: Leftovers\n|-damage|p1a: Ting-Lu|90\/100 brn|[from] brn\n|upkeep\n|turn|21\n|\n|t:|1683612234\n|switch|p1b: Baxcalibur|Baxcalibur, L50, M|64\/100\n|move|p2b: Wo-Chien|Protect|p2b: Wo-Chien\n|-singleturn|p2b: Wo-Chien|Protect\n|move|p1a: Ting-Lu|Ruination|p2b: Wo-Chien\n|-activate|p2b: Wo-Chien|move: Protect\n|\n|-heal|p2b: Wo-Chien|33\/100|[from] item: Leftovers\n|-heal|p1a: Ting-Lu|97\/100 brn|[from] item: Leftovers\n|-damage|p1a: Ting-Lu|90\/100 brn|[from] brn\n|upkeep\n|turn|22\n|\n|t:|1683612241\n|move|p1b: Baxcalibur|Glaive Rush|p2b: Wo-Chien\n|-damage|p2b: Wo-Chien|0 fnt\n|-singlemove|p1b: Baxcalibur|Glaive Rush|[silent]\n|faint|p2b: Wo-Chien\n|\n|win|garfieldslaya\n|raw|garfieldslaya's rating: 1115 → 1144<\/strong> (+29 for winning)\n|raw|charlotte060's rating: 1178 → 1149<\/strong> (-29 for losing)\n|l|\u2606charlotte060\n","uploadtime":1683612249,"views":9,"p1id":"garfieldslaya","p2id":"charlotte060","formatid":"gen9vgc2023regulationc","rating":1144,"private":0,"password":""}