{"id":"gen9vgc2023regulationc-1859371720","p1":"xiangbr","p2":"ethan06","format":"[Gen 9] VGC 2023 Regulation C","log":"|j|\u2606xiangbr\n|j|\u2606ethan06\n|t:|1683449987\n|gametype|doubles\n|player|p1|xiangbr|266|1144\n|player|p2|ethan06|ninjaboy|1260\n|teamsize|p1|6\n|teamsize|p2|6\n|gen|9\n|tier|[Gen 9] VGC 2023 Regulation C\n|rated|\n|rule|Species Clause: Limit one of each Pok\u00e9mon\n|rule|Item Clause: Limit one of each item\n|clearpoke\n|poke|p1|Klefki, L50, F|\n|poke|p1|Corviknight, L50, F|\n|poke|p1|Chi-Yu, L50|\n|poke|p1|Flutter Mane, L50|\n|poke|p1|Roaring Moon, L50|\n|poke|p1|Annihilape, L50, F|\n|poke|p2|Dondozo, L50, F|\n|poke|p2|Tatsugiri-Droopy, L50, M|\n|poke|p2|Amoonguss, L50, F|\n|poke|p2|Ting-Lu, L50|\n|poke|p2|Gallade, L50, M|\n|poke|p2|Bellibolt, L50, F|\n|teampreview|4\nethan06 has agreed to open team sheets.\n|\n|t:|1683450016\n|start\n|switch|p1a: Klefki|Klefki, L50, F|100\/100\n|switch|p1b: Roaring Moon|Roaring Moon, L50|100\/100\n|switch|p2a: Gallade|Gallade, L50, M|100\/100\n|switch|p2b: Bellibolt|Bellibolt, L50, F|100\/100\n|-enditem|p1b: Roaring Moon|Booster Energy\n|-activate|p1b: Roaring Moon|ability: Protosynthesis|[fromitem]\n|-start|p1b: Roaring Moon|protosynthesisatk\n|turn|1\n|\n|t:|1683450039\n|-terastallize|p1b: Roaring Moon|Flying\n|move|p1a: Klefki|Reflect|p1a: Klefki\n|-sidestart|p1: xiangbr|Reflect\n|move|p1b: Roaring Moon|Acrobatics|p2a: Gallade\n|-supereffective|p2a: Gallade\n|-damage|p2a: Gallade|0 fnt\n|faint|p2a: Gallade\n|move|p2b: Bellibolt|Thunderbolt|p1a: Klefki\n|-damage|p1a: Klefki|58\/100\n|\n|upkeep\n|\n|t:|1683450050\n|switch|p2a: Dondozo|Dondozo, L50, F|100\/100\n|turn|2\n|\n|t:|1683450062\n|-terastallize|p2a: Dondozo|Steel\n|move|p1a: Klefki|Light Screen|p1a: Klefki\n|-sidestart|p1: xiangbr|move: Light Screen\n|move|p1b: Roaring Moon|Dragon Dance|p1b: Roaring Moon\n|-boost|p1b: Roaring Moon|atk|1\n|-boost|p1b: Roaring Moon|spe|1\n|move|p2a: Dondozo|Body Press|p1a: Klefki\n|-damage|p1a: Klefki|44\/100\n|move|p2b: Bellibolt|Thunderbolt|p1b: Roaring Moon\n|-supereffective|p1b: Roaring Moon\n|-damage|p1b: Roaring Moon|52\/100\n|\n|upkeep\n|turn|3\n|\n|t:|1683450083\n|move|p2b: Bellibolt|Protect|p2b: Bellibolt\n|-singleturn|p2b: Bellibolt|Protect\n|move|p1a: Klefki|Thunder Wave|p2a: Dondozo\n|-status|p2a: Dondozo|par\n|move|p1b: Roaring Moon|Throat Chop|p2b: Bellibolt\n|-activate|p2b: Bellibolt|move: Protect\n|move|p2a: Dondozo|Order Up|p1b: Roaring Moon\n|-damage|p1b: Roaring Moon|39\/100\n|\n|upkeep\n|turn|4\n|\n|t:|1683450117\n|switch|p2b: Tatsugiri|Tatsugiri-Droopy, L50, M|100\/100\n|-activate|p2b: Tatsugiri|ability: Commander|[of] p2a: Dondozo\n|-boost|p2a: Dondozo|atk|2\n|-boost|p2a: Dondozo|spa|2\n|-boost|p2a: Dondozo|spe|2\n|-boost|p2a: Dondozo|def|2\n|-boost|p2a: Dondozo|spd|2\n|move|p1b: Roaring Moon|Throat Chop|p2b: Tatsugiri|[miss]\n|-miss|p1b: Roaring Moon|p2b: Tatsugiri\n|move|p1a: Klefki|Dazzling Gleam|p2a: Dondozo|[spread] p2a\n|-miss|p1a: Klefki|p2b: Tatsugiri\n|-resisted|p2a: Dondozo\n|-damage|p2a: Dondozo|98\/100 par\n|move|p2a: Dondozo|Order Up|p1b: Roaring Moon\n|-damage|p1b: Roaring Moon|15\/100\n|-boost|p2a: Dondozo|def|1\n|\n|upkeep\n|turn|5\n|\n|t:|1683450142\n|move|p1b: Roaring Moon|Throat Chop|p2a: Dondozo\n|-damage|p2a: Dondozo|83\/100 par\n|-start|p2a: Dondozo|Throat Chop|[silent]\n|move|p1a: Klefki|Dazzling Gleam|p2a: Dondozo|[spread] p2a\n|-miss|p1a: Klefki|p2b: Tatsugiri\n|-resisted|p2a: Dondozo\n|-crit|p2a: Dondozo\n|-damage|p2a: Dondozo|75\/100 par\n|move|p2a: Dondozo|Body Press|p1a: Klefki\n|-damage|p1a: Klefki|9\/100\n|\n|upkeep\n|turn|6\n|\n|t:|1683450171\n|move|p1b: Roaring Moon|Throat Chop|p2a: Dondozo\n|-damage|p2a: Dondozo|60\/100 par\n|move|p1a: Klefki|Dazzling Gleam|p2a: Dondozo|[spread] p2a\n|-miss|p1a: Klefki|p2b: Tatsugiri\n|-resisted|p2a: Dondozo\n|-damage|p2a: Dondozo|58\/100 par\n|move|p2a: Dondozo|Order Up|p1b: Roaring Moon\n|-crit|p1b: Roaring Moon\n|-damage|p1b: Roaring Moon|0 fnt\n|faint|p1b: Roaring Moon\n|-end|p1b: Roaring Moon|Protosynthesis|[silent]\n|-boost|p2a: Dondozo|def|1\n|\n|-end|p2a: Dondozo|Throat Chop|[silent]\n|upkeep\n|\n|t:|1683450183\n|switch|p1b: Chi-Yu|Chi-Yu, L50|100\/100\n|-ability|p1b: Chi-Yu|Beads of Ruin\n|turn|7\n|\n|t:|1683450190\n|move|p1b: Chi-Yu|Heat Wave|p2a: Dondozo|[spread] p2a\n|-miss|p1b: Chi-Yu|p2b: Tatsugiri\n|-supereffective|p2a: Dondozo\n|-damage|p2a: Dondozo|16\/100 par\n|-damage|p1b: Chi-Yu|91\/100|[from] item: Life Orb\n|move|p1a: Klefki|Dazzling Gleam|p2a: Dondozo|[spread] p2a\n|-miss|p1a: Klefki|p2b: Tatsugiri\n|-resisted|p2a: Dondozo\n|-damage|p2a: Dondozo|12\/100 par\n|move|p2a: Dondozo|Body Press|p1b: Chi-Yu\n|-supereffective|p1b: Chi-Yu\n|-damage|p1b: Chi-Yu|0 fnt\n|faint|p1b: Chi-Yu\n|\n|upkeep\n|\n|t:|1683450198\n|switch|p1b: Flutter Mane|Flutter Mane, L50|100\/100\n|turn|8\n|\n|t:|1683450210\n|move|p1b: Flutter Mane|Dazzling Gleam|p2b: Tatsugiri|[spread] p2a\n|-miss|p1b: Flutter Mane|p2b: Tatsugiri\n|-resisted|p2a: Dondozo\n|-damage|p2a: Dondozo|5\/100 par\n|move|p1a: Klefki|Dazzling Gleam|p2a: Dondozo|[spread] p2a\n|-miss|p1a: Klefki|p2b: Tatsugiri\n|-resisted|p2a: Dondozo\n|-damage|p2a: Dondozo|3\/100 par\n|move|p2a: Dondozo|Rest|p2a: Dondozo\n|-status|p2a: Dondozo|slp|[from] move: Rest\n|-heal|p2a: Dondozo|100\/100 slp|[silent]\n|-enditem|p2a: Dondozo|Chesto Berry|[eat]\n|-curestatus|p2a: Dondozo|slp|[msg]\n|\n|-sideend|p1: xiangbr|Reflect\n|upkeep\n|turn|9\n|-message|xiangbr forfeited.\n|\n|win|ethan06\n|raw|xiangbr's rating: 1144 → 1127<\/strong> (-17 for losing)\n|raw|ethan06's rating: 1260 → 1277<\/strong> (+17 for winning)\n|l|\u2606xiangbr\n","uploadtime":1683450231,"views":9,"p1id":"xiangbr","p2id":"ethan06","formatid":"gen9vgc2023regulationc","rating":1127,"private":0,"password":""}