{"id":"gen9vgc2023regulationc-1855860478","p1":"ivangraus17","p2":"jffmm","format":"[Gen 9] VGC 2023 Regulation C","log":"|j|\u2606ivangraus17\n|j|\u2606jffmm\n|t:|1682992901\n|gametype|doubles\n|player|p1|ivangraus17|1|\n|player|p2|jffmm|2|\n|teamsize|p1|6\n|teamsize|p2|6\n|gen|9\n|tier|[Gen 9] VGC 2023 Regulation C\n|rule|Species Clause: Limit one of each Pok\u00e9mon\n|rule|Item Clause: Limit one of each item\n|clearpoke\n|poke|p1|Tauros-Paldea-Aqua, L50, M|\n|poke|p1|Gengar, L50, M|\n|poke|p1|Garchomp, L50, F|\n|poke|p1|Great Tusk, L50|\n|poke|p1|Rotom-Wash, L50|\n|poke|p1|Annihilape, L50, M|\n|poke|p2|Torkoal, L50, F|\n|poke|p2|Garchomp, L50, M|\n|poke|p2|Rotom-Wash, L50|\n|poke|p2|Goodra, L50, M|\n|poke|p2|Tauros-Paldea-Blaze, L50, M|\n|poke|p2|Staraptor, L50, F|\n|teampreview|4\n|j| buenocomoeloro\n|c| buenocomoeloro|mamahuevos\n|\n|t:|1682992940\n|start\n|switch|p1a: Annihilape|Annihilape, L50, M|100\/100\n|switch|p1b: Gengar|Gengar, L50, M|100\/100\n|switch|p2a: Tauros|Tauros-Paldea-Blaze, L50, M|100\/100\n|switch|p2b: Rotom|Rotom-Wash, L50|100\/100\n|-item|p1b: Gengar|Air Balloon\n|-ability|p2a: Tauros|Intimidate|boost\n|-unboost|p1a: Annihilape|atk|1\n|-ability|p1a: Annihilape|Defiant|boost\n|-boost|p1a: Annihilape|atk|2\n|-unboost|p1b: Gengar|atk|1\n|turn|1\n|inactive|Battle timer is ON: inactive players will automatically lose when time's up. (requested by ivangraus17)\n|j| Angello7796\n|l| Angello7796\n|inactive|ivangraus17 has 60 seconds left.\n|inactive|jffmm has 60 seconds left.\n|inactive|jffmm has 30 seconds left.\n|\n|t:|1682993007\n|move|p1b: Gengar|Energy Ball|p2b: Rotom\n|-supereffective|p2b: Rotom\n|-damage|p2b: Rotom|45\/100\n|-enditem|p2b: Rotom|Sitrus Berry|[eat]\n|-heal|p2b: Rotom|70\/100|[from] item: Sitrus Berry\n|move|p2a: Tauros|Will-O-Wisp|p1a: Annihilape\n|-status|p1a: Annihilape|brn\n|move|p1a: Annihilape|Acrobatics|p2a: Tauros\n|-supereffective|p2a: Tauros\n|-damage|p2a: Tauros|68\/100\n|move|p2b: Rotom|Volt Switch|p1b: Gengar\n|-damage|p1b: Gengar|60\/100\n|-enditem|p1b: Gengar|Air Balloon\n|\n|t:|1682993026\n|switch|p2b: Garchomp|Garchomp, L50, M|100\/100|[from] Volt Switch\n|\n|-heal|p2a: Tauros|74\/100|[from] item: Leftovers\n|-damage|p1a: Annihilape|95\/100 brn|[from] brn\n|upkeep\n|turn|2\n|\n|t:|1682993051\n|move|p2b: Garchomp|Rock Slide|p1a: Annihilape|[spread] p1a,p1b\n|-resisted|p1a: Annihilape\n|-damage|p1a: Annihilape|86\/100 brn\n|-damage|p1b: Gengar|20\/100\n|-start|p2b: Garchomp|Disable|Rock Slide|[from] ability: Cursed Body|[of] p1b: Gengar\n|move|p1b: Gengar|Dazzling Gleam|p2b: Garchomp|[spread] p2a,p2b\n|-supereffective|p2b: Garchomp\n|-damage|p2a: Tauros|42\/100\n|-damage|p2b: Garchomp|55\/100\n|move|p2a: Tauros|Stone Edge|p1b: Gengar\n|-damage|p1b: Gengar|0 fnt\n|faint|p1b: Gengar\n|cant|p1a: Annihilape|flinch\n|\n|-heal|p2a: Tauros|48\/100|[from] item: Leftovers\n|-damage|p1a: Annihilape|80\/100 brn|[from] brn\n|upkeep\n|inactive|ivangraus17 has 30 seconds left.\n|\n|t:|1682993084\n|switch|p1b: Garchomp|Garchomp, L50, F|100\/100\n|turn|3\n|c| buenocomoeloro|a la orden mi shamo\n|inactive|ivangraus17 has 30 seconds left.\n|inactive|jffmm has 30 seconds left.\n|inactive|jffmm has 20 seconds left.\n|inactive|jffmm has 15 seconds left.\n|inactive|jffmm has 10 seconds left.\n|\n|t:|1682993129\n|move|p1b: Garchomp|Protect|p1b: Garchomp\n|-singleturn|p1b: Garchomp|Protect\n|-activate|p2b: Garchomp|move: Struggle\n|move|p2b: Garchomp|Struggle|p1b: Garchomp\n|-activate|p1b: Garchomp|move: Protect\n|move|p2a: Tauros|Raging Bull|p1b: Garchomp\n|-activate|p1b: Garchomp|move: Protect\n|move|p1a: Annihilape|Bulk Up|p1a: Annihilape\n|-boost|p1a: Annihilape|atk|1\n|-boost|p1a: Annihilape|def|1\n|\n|-heal|p2a: Tauros|54\/100|[from] item: Leftovers\n|-damage|p1a: Annihilape|74\/100 brn|[from] brn\n|upkeep\n|turn|4\n|inactive|ivangraus17 has 30 seconds left.\n|\n|t:|1682993162\n|switch|p1b: Rotom|Rotom-Wash, L50|100\/100\n|-activate|p2b: Garchomp|move: Struggle\n|move|p2b: Garchomp|Struggle|p1b: Rotom\n|-damage|p1b: Rotom|86\/100\n|-damage|p2b: Garchomp|30\/100|[from] recoil\n|move|p2a: Tauros|Raging Bull|p1a: Annihilape\n|-damage|p1a: Annihilape|50\/100 brn\n|move|p1a: Annihilape|Bulk Up|p1a: Annihilape\n|-boost|p1a: Annihilape|atk|1\n|-boost|p1a: Annihilape|def|1\n|\n|-heal|p2a: Tauros|60\/100|[from] item: Leftovers\n|-heal|p1b: Rotom|92\/100|[from] item: Leftovers\n|-damage|p1a: Annihilape|44\/100 brn|[from] brn\n|upkeep\n|turn|5\n|inactive|ivangraus17 has 30 seconds left.\n|inactive|jffmm has 30 seconds left.\n|inactive|ivangraus17 has 20 seconds left.\n|\n|t:|1682993199\n|switch|p2b: Rotom|Rotom-Wash, L50|70\/100\n|move|p2a: Tauros|Stone Edge|p1b: Rotom\n|-damage|p1b: Rotom|67\/100\n|move|p1a: Annihilape|Acrobatics|p2a: Tauros\n|-supereffective|p2a: Tauros\n|-damage|p2a: Tauros|9\/100\n|move|p1b: Rotom|Reflect|p1b: Rotom\n|-sidestart|p1: ivangraus17|Reflect\n|\n|-heal|p2a: Tauros|15\/100|[from] item: Leftovers\n|-heal|p1b: Rotom|73\/100|[from] item: Leftovers\n|-damage|p1a: Annihilape|38\/100 brn|[from] brn\n|upkeep\n|turn|6\n|c| buenocomoeloro|when eres scarf y te deshabilitan tu unico ataque\n|inactive|ivangraus17 has 30 seconds left.\n|inactive|jffmm has 30 seconds left.\n|inactive|ivangraus17 has 20 seconds left.\n|\n|t:|1682993237\n|move|p2b: Rotom|Protect|p2b: Rotom\n|-singleturn|p2b: Rotom|Protect\n|move|p2a: Tauros|Stone Edge|p1a: Annihilape\n|-resisted|p1a: Annihilape\n|-damage|p1a: Annihilape|34\/100 brn\n|move|p1a: Annihilape|Rage Fist|p2b: Rotom\n|-activate|p2b: Rotom|move: Protect\n|move|p1b: Rotom|Will-O-Wisp|p2a: Tauros|[miss]\n|-miss|p1b: Rotom|p2a: Tauros\n|\n|-heal|p2a: Tauros|21\/100|[from] item: Leftovers\n|-heal|p1b: Rotom|79\/100|[from] item: Leftovers\n|-damage|p1a: Annihilape|28\/100 brn|[from] brn\n|upkeep\n|turn|7\n|c| buenocomoeloro|will o wisp\n|c| buenocomoeloro|a tauros de fuego\n|c| buenocomoeloro|interesante\n|inactive|ivangraus17 has 30 seconds left.\n|inactive|jffmm has 30 seconds left.\n|inactive|ivangraus17 has 20 seconds left.\n|inactive|ivangraus17 has 15 seconds left.\n|\n|t:|1682993281\n|move|p2a: Tauros|Raging Bull|p1a: Annihilape\n|-sideend|p1: ivangraus17|Reflect\n|-damage|p1a: Annihilape|11\/100 brn\n|-enditem|p1a: Annihilape|Aguav Berry|[eat]\n|-heal|p1a: Annihilape|44\/100 brn|[from] item: Aguav Berry\n|move|p1a: Annihilape|Rage Fist|p2a: Tauros\n|-damage|p2a: Tauros|0 fnt\n|faint|p2a: Tauros\n|move|p1b: Rotom|Will-O-Wisp|p2b: Rotom\n|-status|p2b: Rotom|brn\n|move|p2b: Rotom|Volt Switch|p1a: Annihilape\n|-damage|p1a: Annihilape|22\/100 brn\n|\n|t:|1682993295\n|switch|p2b: Garchomp|Garchomp, L50, M|30\/100|[from] Volt Switch\n|\n|-heal|p1b: Rotom|85\/100|[from] item: Leftovers\n|-damage|p1a: Annihilape|16\/100 brn|[from] brn\n|upkeep\n|\n|t:|1682993302\n|switch|p2a: Rotom|Rotom-Wash, L50|70\/100 brn\n|turn|8\n|inactive|ivangraus17 has 30 seconds left.\n|\n|t:|1682993329\n|move|p2b: Garchomp|Stomping Tantrum|p1a: Annihilape\n|-damage|p1a: Annihilape|0 fnt\n|faint|p1a: Annihilape\n|move|p1b: Rotom|Reflect|p1b: Rotom\n|-sidestart|p1: ivangraus17|Reflect\n|move|p2a: Rotom|Volt Switch|p1b: Rotom\n|-damage|p1b: Rotom|59\/100\n|\n|t:|1682993339\n|switch|p2a: Staraptor|Staraptor, L50, F|100\/100|[from] Volt Switch\n|\n|-heal|p1b: Rotom|65\/100|[from] item: Leftovers\n|upkeep\n|\n|t:|1682993343\n|switch|p1a: Garchomp|Garchomp, L50, F|100\/100\n|turn|9\n|inactive|ivangraus17 has 30 seconds left.\n|inactive|jffmm has 30 seconds left.\n|inactive|jffmm has 20 seconds left.\n|inactive|jffmm has 15 seconds left.\n|\n|t:|1682993387\n|move|p2b: Garchomp|Stomping Tantrum|p1a: Garchomp\n|-damage|p1a: Garchomp|73\/100\n|-damage|p2b: Garchomp|17\/100|[from] ability: Rough Skin|[of] p1a: Garchomp\n|move|p2a: Staraptor|U-turn|p1b: Rotom\n|-damage|p1b: Rotom|46\/100\n|\n|t:|1682993393\n|switch|p2a: Rotom|Rotom-Wash, L50|70\/100 brn|[from] U-turn\n|move|p1a: Garchomp|Earthquake|p2a: Rotom|[spread] p2b\n|-immune|p1b: Rotom|[from] ability: Levitate\n|-immune|p2a: Rotom|[from] ability: Levitate\n|-damage|p2b: Garchomp|0 fnt\n|faint|p2b: Garchomp\n|-damage|p1a: Garchomp|63\/100|[from] item: Life Orb\n|move|p1b: Rotom|Discharge|p2a: Rotom|[spread] p2a\n|-immune|p1a: Garchomp\n|-damage|p2a: Rotom|51\/100 brn\n|\n|-heal|p1b: Rotom|52\/100|[from] item: Leftovers\n|-damage|p2a: Rotom|45\/100 brn|[from] brn\n|upkeep\n|\n|t:|1682993409\n|switch|p2b: Staraptor|Staraptor, L50, F|100\/100\n|turn|10\n|inactive|ivangraus17 has 30 seconds left.\n|\n|t:|1682993437\n|move|p2a: Rotom|Protect|p2a: Rotom\n|-singleturn|p2a: Rotom|Protect\n|move|p2b: Staraptor|Double-Edge|p1b: Rotom\n|-damage|p1b: Rotom|0 fnt\n|faint|p1b: Rotom\n|-damage|p2b: Staraptor|84\/100|[from] Recoil\n|move|p1a: Garchomp|Iron Head|p2b: Staraptor\n|-damage|p2b: Staraptor|24\/100\n|-damage|p1a: Garchomp|53\/100|[from] item: Life Orb\n|\n|-damage|p2a: Rotom|40\/100 brn|[from] brn\n|upkeep\n|turn|11\n|inactive|jffmm has 30 seconds left.\n|\n|t:|1682993466\n|-terastallize|p2b: Staraptor|Flying\n|move|p2b: Staraptor|Double-Edge|p1a: Garchomp\n|-damage|p1a: Garchomp|0 fnt\n|-damage|p2b: Staraptor|11\/100|[from] ability: Rough Skin|[of] p1a: Garchomp\n|faint|p1a: Garchomp\n|-damage|p2b: Staraptor|0 fnt|[from] Recoil\n|faint|p2b: Staraptor\n|\n|win|jffmm\n","uploadtime":1682993475,"views":14,"p1id":"ivangraus17","p2id":"jffmm","formatid":"gen9vgc2023regulationc","rating":0,"private":0,"password":""}