{"id":"gen9vgc2023regulationc-1855697994","p1":"Kyogre33","p2":"zippLapZapper","format":"[Gen 9] VGC 2023 Regulation C","log":"|j|\u2606Kyogre33\n|j|\u2606zippLapZapper\n|t:|1682974322\n|gametype|doubles\n|player|p1|Kyogre33|steven|\n|player|p2|zippLapZapper|hilbert-wonderlauncher|\n|teamsize|p1|6\n|teamsize|p2|6\n|gen|9\n|tier|[Gen 9] VGC 2023 Regulation C\n|rule|Species Clause: Limit one of each Pok\u00e9mon\n|rule|Item Clause: Limit one of each item\n|clearpoke\n|poke|p1|Baxcalibur, L50, F|\n|poke|p1|Ting-Lu, L50|\n|poke|p1|Palafin, L50, F|\n|poke|p1|Amoonguss, L50, F|\n|poke|p1|Arcanine, L50, M|\n|poke|p1|Flutter Mane, L50|\n|poke|p2|Garchomp, L50, M|\n|poke|p2|Talonflame, L50, F|\n|poke|p2|Tyranitar, L50, M|\n|poke|p2|Iron Bundle, L50|\n|poke|p2|Flutter Mane, L50|\n|poke|p2|Chien-Pao, L50|\n|teampreview|4\n|c|\u2606zippLapZapper|g3\n|c|\u2606zippLapZapper|gl hf\nzippLapZapper has agreed to open team sheets.\n|c|\u2606Kyogre33|glhf\nKyogre33 has agreed to open team sheets.\n|inactive|Battle timer is ON: inactive players will automatically lose when time's up. (requested by Kyogre33)\n|inactive|Kyogre33 has 60 seconds left.\n|\n|t:|1682974384\n|start\n|switch|p1a: Flutter Mane|Flutter Mane, L50|100\/100\n|switch|p1b: Palafin|Palafin, L50, F|100\/100\n|switch|p2a: Talonflame|Talonflame, L50, F|100\/100\n|switch|p2b: Flutter Mane|Flutter Mane, L50|100\/100\n|turn|1\n|inactive|zippLapZapper has 30 seconds left.\n|inactive|Kyogre33 has 30 seconds left.\n|inactive|zippLapZapper has 20 seconds left.\n|inactive|zippLapZapper has 15 seconds left.\n|inactive|Kyogre33 has 20 seconds left.\n|inactive|zippLapZapper has 10 seconds left.\n|inactive|Kyogre33 has 15 seconds left.\n|\n|t:|1682974436\n|detailschange|p1b: Palafin|Palafin-Hero, L50, F\n|switch|p1b: Amoonguss|Amoonguss, L50, F|100\/100\n|-terastallize|p1a: Flutter Mane|Fairy\n|move|p2a: Talonflame|Tailwind|p2a: Talonflame\n|-sidestart|p2: zippLapZapper|move: Tailwind\n|move|p2b: Flutter Mane|Shadow Ball|p1a: Flutter Mane\n|-damage|p1a: Flutter Mane|52\/100\n|move|p1a: Flutter Mane|Thunderbolt|p2a: Talonflame\n|-supereffective|p2a: Talonflame\n|-damage|p2a: Talonflame|0 fnt\n|faint|p2a: Talonflame\n|\n|upkeep\n|\n|t:|1682974447\n|switch|p2a: Tyranitar|Tyranitar, L50, M|100\/100\n|-weather|Sandstorm|[from] ability: Sand Stream|[of] p2a: Tyranitar\n|turn|2\n|\n|t:|1682974453\n|-end|p1a: Flutter Mane|Protosynthesis|[silent]\n|switch|p1a: Ting-Lu|Ting-Lu, L50|100\/100\n|-ability|p1a: Ting-Lu|Vessel of Ruin\n|-terastallize|p2a: Tyranitar|Grass\n|move|p2b: Flutter Mane|Shadow Ball|p1b: Amoonguss\n|-damage|p1b: Amoonguss|62\/100\n|move|p2a: Tyranitar|Heavy Slam|p1a: Ting-Lu\n|-damage|p1a: Ting-Lu|90\/100\n|move|p1b: Amoonguss|Spore|p2b: Flutter Mane\n|-status|p2b: Flutter Mane|slp|[from] move: Spore\n|\n|-weather|Sandstorm|[upkeep]\n|-damage|p2b: Flutter Mane|95\/100 slp|[from] Sandstorm\n|-damage|p2a: Tyranitar|95\/100|[from] Sandstorm\n|-damage|p1b: Amoonguss|56\/100|[from] Sandstorm\n|upkeep\n|turn|3\n|inactive|Kyogre33 has 30 seconds left.\n|\n|t:|1682974480\n|move|p1b: Amoonguss|Protect|p1b: Amoonguss\n|-singleturn|p1b: Amoonguss|Protect\n|cant|p2b: Flutter Mane|slp\n|move|p2a: Tyranitar|Rock Slide|p1b: Amoonguss|[spread] p1a\n|-activate|p1b: Amoonguss|move: Protect\n|-resisted|p1a: Ting-Lu\n|-damage|p1a: Ting-Lu|80\/100\n|move|p1a: Ting-Lu|Ruination|p2a: Tyranitar\n|-damage|p2a: Tyranitar|48\/100\n|\n|-weather|Sandstorm|[upkeep]\n|-damage|p2b: Flutter Mane|89\/100 slp|[from] Sandstorm\n|-damage|p2a: Tyranitar|42\/100|[from] Sandstorm\n|-damage|p1b: Amoonguss|50\/100|[from] Sandstorm\n|-enditem|p1b: Amoonguss|Sitrus Berry|[eat]\n|-heal|p1b: Amoonguss|75\/100|[from] item: Sitrus Berry\n|upkeep\n|turn|4\n|inactive|Kyogre33 has 30 seconds left.\n|\n|t:|1682974506\n|switch|p2a: Chien-Pao|Chien-Pao, L50|100\/100\n|-ability|p2a: Chien-Pao|Sword of Ruin\n|-curestatus|p2b: Flutter Mane|slp|[msg]\n|move|p2b: Flutter Mane|Shadow Ball|p1b: Amoonguss\n|-damage|p1b: Amoonguss|35\/100\n|-unboost|p1b: Amoonguss|spd|1\n|move|p1a: Ting-Lu|Heavy Slam|p2b: Flutter Mane\n|-supereffective|p2b: Flutter Mane\n|-crit|p2b: Flutter Mane\n|-damage|p2b: Flutter Mane|0 fnt\n|faint|p2b: Flutter Mane\n|-end|p2b: Flutter Mane|Protosynthesis|[silent]\n|move|p1b: Amoonguss|Pollen Puff|p1a: Ting-Lu\n|-heal|p1a: Ting-Lu|100\/100\n|\n|-weather|Sandstorm|[upkeep]\n|-damage|p2a: Chien-Pao|95\/100|[from] Sandstorm\n|-damage|p1b: Amoonguss|29\/100|[from] Sandstorm\n|-sideend|p2: zippLapZapper|move: Tailwind\n|upkeep\n|\n|t:|1682974515\n|switch|p2b: Tyranitar|Tyranitar, L50, M, tera:Grass|42\/100\n|turn|5\n|inactive|zippLapZapper has 30 seconds left.\n|inactive|zippLapZapper has 20 seconds left.\n|inactive|zippLapZapper has 15 seconds left.\n|inactive|zippLapZapper has 10 seconds left.\n|\n|t:|1682974564\n|switch|p1b: Palafin|Palafin-Hero, L50, F|100\/100\n|-activate|p1b: Palafin|ability: Zero to Hero\n|move|p2a: Chien-Pao|Sacred Sword|p1a: Ting-Lu\n|-supereffective|p1a: Ting-Lu\n|-damage|p1a: Ting-Lu|55\/100\n|move|p2b: Tyranitar|Low Kick|p1a: Ting-Lu\n|-supereffective|p1a: Ting-Lu\n|-damage|p1a: Ting-Lu|0 fnt\n|faint|p1a: Ting-Lu\n|\n|-weather|Sandstorm|[upkeep]\n|-damage|p2a: Chien-Pao|89\/100|[from] Sandstorm\n|-damage|p1b: Palafin|95\/100|[from] Sandstorm\n|-damage|p2b: Tyranitar|36\/100|[from] Sandstorm\n|upkeep\n|\n|t:|1682974575\n|switch|p1a: Flutter Mane|Flutter Mane, L50, tera:Fairy|52\/100\n|turn|6\n|\n|t:|1682974598\n|move|p2a: Chien-Pao|Ice Spinner|p1a: Flutter Mane\n|-damage|p1a: Flutter Mane|0 fnt\n|faint|p1a: Flutter Mane\n|-end|p1a: Flutter Mane|Protosynthesis|[silent]\n|move|p1b: Palafin|Wave Crash|p2b: Tyranitar\n|-resisted|p2b: Tyranitar\n|-damage|p2b: Tyranitar|0 fnt\n|faint|p2b: Tyranitar\n|-damage|p1b: Palafin|84\/100|[from] Recoil\n|\n|-weather|none\n|upkeep\n|\n|t:|1682974601\n|switch|p1a: Amoonguss|Amoonguss, L50, F|62\/100\n|turn|7\n|c|\u2606zippLapZapper|ggs\n|\n|t:|1682974610\n|move|p2a: Chien-Pao|Ice Spinner|p1a: Amoonguss\n|-supereffective|p1a: Amoonguss\n|-damage|p1a: Amoonguss|0 fnt\n|faint|p1a: Amoonguss\n|move|p1b: Palafin|Wave Crash|p2a: Chien-Pao\n|-damage|p2a: Chien-Pao|0 fnt\n|faint|p2a: Chien-Pao\n|-damage|p1b: Palafin|61\/100|[from] Recoil\n|\n|win|Kyogre33\n|c|\u2606Kyogre33|gg wp\n|c|\u2606zippLapZapper|difficult to get through\n","uploadtime":1682974623,"views":13,"p1id":"kyogre33","p2id":"zipplapzapper","formatid":"gen9vgc2023regulationc","rating":0,"private":0,"password":""}