{"id":"gen9vgc2023regulationc-1850766125","p1":"Axel316","p2":"paschar","format":"[Gen 9] VGC 2023 Regulation C","log":"|j|\u2606Axel316\n|j|\u2606paschar\n|t:|1682365871\n|gametype|doubles\n|player|p1|Axel316|266|\n|player|p2|paschar|265|\n|teamsize|p1|6\n|teamsize|p2|6\n|gen|9\n|tier|[Gen 9] VGC 2023 Regulation C\n|rule|Species Clause: Limit one of each Pok\u00e9mon\n|rule|Item Clause: Limit one of each item\n|clearpoke\n|poke|p1|Salamence, L50, M|\n|poke|p1|Polteageist, L50|\n|poke|p1|Medicham, L50, M|\n|poke|p1|Zorua, L50, M|\n|poke|p1|Cetitan, L50, F|\n|poke|p1|Palafin, L50, F|\n|poke|p2|Dragonite, L50, M|\n|poke|p2|Chien-Pao, L50|\n|poke|p2|Toedscruel, L50, F|\n|poke|p2|Iron Thorns, L50|\n|poke|p2|Gardevoir, L50, M|\n|poke|p2|Scizor, L50, M|\n|teampreview|4\n|\n|t:|1682365892\n|start\n|switch|p1a: Polteageist|Polteageist, L50|100\/100\n|switch|p1b: Salamence|Salamence, L50, M|100\/100\n|switch|p2a: Scizor|Scizor, L50, M|100\/100\n|switch|p2b: Gardevoir|Gardevoir, L50, M|100\/100\n|turn|1\n|\n|t:|1682365912\n|move|p2a: Scizor|Bullet Punch|p1a: Polteageist\n|-damage|p1a: Polteageist|38\/100\n|-ability|p1a: Polteageist|Weak Armor|boost\n|-unboost|p1a: Polteageist|def|1\n|-boost|p1a: Polteageist|spe|2\n|move|p1a: Polteageist|Shadow Ball|p2b: Gardevoir\n|-supereffective|p2b: Gardevoir\n|-crit|p2b: Gardevoir\n|-damage|p2b: Gardevoir|0 fnt\n|faint|p2b: Gardevoir\n|move|p1b: Salamence|Trick|p2a: Scizor\n|-activate|p1b: Salamence|move: Trick|[of] p2a: Scizor\n|-item|p2a: Scizor|Flame Orb|[from] move: Trick\n|-item|p1b: Salamence|Expert Belt|[from] move: Trick\n|\n|-status|p2a: Scizor|brn|[from] item: Flame Orb\n|upkeep\n|\n|t:|1682365929\n|switch|p2b: Chien-Pao|Chien-Pao, L50|100\/100\n|-ability|p2b: Chien-Pao|Sword of Ruin\n|turn|2\n|\n|t:|1682365940\n|move|p2a: Scizor|Bullet Punch|p1a: Polteageist\n|-damage|p1a: Polteageist|0 fnt\n|faint|p1a: Polteageist\n|move|p2b: Chien-Pao|Ice Spinner|p1b: Salamence\n|-damage|p1b: Salamence|0 fnt\n|replace|p1b: Zorua|Zorua, L50, M\n|-end|p1b: Zorua|Illusion\n|faint|p1b: Zorua\n|\n|-damage|p2a: Scizor|94\/100 brn|[from] brn\n|upkeep\n|\n|t:|1682365952\n|switch|p1a: Salamence|Salamence, L50, M|100\/100\n|switch|p1b: Medicham|Medicham, L50, M|100\/100\n|-ability|p1a: Salamence|Intimidate|boost\n|-unboost|p2a: Scizor|atk|1\n|-unboost|p2b: Chien-Pao|atk|1\n|turn|3\n|\n|t:|1682365961\n|move|p2b: Chien-Pao|Protect|p2b: Chien-Pao\n|-singleturn|p2b: Chien-Pao|Protect\n|move|p2a: Scizor|Protect|p2a: Scizor\n|-singleturn|p2a: Scizor|Protect\n|move|p1b: Medicham|Fake Out|p2b: Chien-Pao\n|-activate|p2b: Chien-Pao|move: Protect\n|move|p1a: Salamence|Heat Wave|p2a: Scizor|[spread] \n|-activate|p2a: Scizor|move: Protect\n|-activate|p2b: Chien-Pao|move: Protect\n|\n|-damage|p2a: Scizor|88\/100 brn|[from] brn\n|upkeep\n|turn|4\n|\n|t:|1682365989\n|move|p1a: Salamence|Protect|p1a: Salamence\n|-singleturn|p1a: Salamence|Protect\n|move|p2b: Chien-Pao|Ice Spinner|p1a: Salamence\n|-activate|p1a: Salamence|move: Protect\n|move|p1b: Medicham|Brick Break|p2b: Chien-Pao\n|-supereffective|p2b: Chien-Pao\n|-enditem|p2b: Chien-Pao|Focus Sash\n|-damage|p2b: Chien-Pao|1\/100\n|move|p2a: Scizor|Tailwind|p2a: Scizor\n|-sidestart|p2: paschar|move: Tailwind\n|\n|-damage|p2a: Scizor|82\/100 brn|[from] brn\n|upkeep\n|turn|5\n|\n|t:|1682366005\n|switch|p2b: Dragonite|Dragonite, L50, M|100\/100\n|move|p2a: Scizor|Bullet Punch|p1b: Medicham\n|-damage|p1b: Medicham|81\/100\n|move|p1b: Medicham|Bullet Punch|p2b: Dragonite\n|-damage|p2b: Dragonite|85\/100\n|move|p1a: Salamence|Heat Wave|p2b: Dragonite|[spread] p2a,p2b\n|-supereffective|p2a: Scizor\n|-resisted|p2b: Dragonite\n|-crit|p2b: Dragonite\n|-damage|p2a: Scizor|0 fnt\n|-damage|p2b: Dragonite|63\/100\n|faint|p2a: Scizor\n|-damage|p1a: Salamence|91\/100|[from] item: Life Orb\n|\n|upkeep\n|\n|t:|1682366020\n|switch|p2a: Chien-Pao|Chien-Pao, L50|1\/100\n|-ability|p2a: Chien-Pao|Sword of Ruin\n|turn|6\n|\n|t:|1682366050\n|-terastallize|p2b: Dragonite|Normal\n|-terastallize|p1a: Salamence|Steel\n|move|p2a: Chien-Pao|Protect|p2a: Chien-Pao\n|-singleturn|p2a: Chien-Pao|Protect\n|move|p2b: Dragonite|Extreme Speed|p1b: Medicham\n|-damage|p1b: Medicham|0 fnt\n|faint|p1b: Medicham\n|move|p1a: Salamence|Draco Meteor|p2b: Dragonite\n|-damage|p2b: Dragonite|0 fnt\n|-unboost|p1a: Salamence|spa|2\n|faint|p2b: Dragonite\n|-damage|p1a: Salamence|81\/100|[from] item: Life Orb\n|\n|upkeep\n|turn|7\n|\n|t:|1682366071\n|move|p2a: Chien-Pao|Sucker Punch|p1a: Salamence\n|-damage|p1a: Salamence|34\/100\n|move|p1a: Salamence|Heat Wave|p2a: Chien-Pao\n|-supereffective|p2a: Chien-Pao\n|-damage|p2a: Chien-Pao|0 fnt\n|faint|p2a: Chien-Pao\n|-damage|p1a: Salamence|24\/100|[from] item: Life Orb\n|\n|win|Axel316\n","uploadtime":1682366082,"views":26,"p1id":"axel316","p2id":"paschar","formatid":"gen9vgc2023regulationc","rating":0,"private":0,"password":""}