{"id":"gen9vgc2023regulationc-1853200520","p1":"googer315","p2":"kajashi","format":"[Gen 9] VGC 2023 Regulation C","log":"|j|\u2606googer315\n|j|\u2606kajashi\n|t:|1682647757\n|gametype|doubles\n|player|p1|googer315|lance|1597\n|player|p2|kajashi|n|1521\n|teamsize|p1|6\n|teamsize|p2|6\n|gen|9\n|tier|[Gen 9] VGC 2023 Regulation C\n|rated|\n|rule|Species Clause: Limit one of each Pok\u00e9mon\n|rule|Item Clause: Limit one of each item\n|clearpoke\n|poke|p1|Arcanine, L50, F|\n|poke|p1|Palafin, L50, F|\n|poke|p1|Baxcalibur, L50, F|\n|poke|p1|Flutter Mane, L50|\n|poke|p1|Amoonguss, L50, F|\n|poke|p1|Ting-Lu, L50|\n|poke|p2|Gyarados, L50, F|\n|poke|p2|Chi-Yu, L50|\n|poke|p2|Iron Hands, L50|\n|poke|p2|Kingambit, L50, M|\n|poke|p2|Amoonguss, L50, M|\n|poke|p2|Flutter Mane, L50|\n|teampreview|4\ngooger315 has agreed to open team sheets.\nkajashi has agreed to open team sheets.\n|\n|t:|1682647831\n|start\n|switch|p1a: Palafin|Palafin, L50, F|100\/100\n|switch|p1b: Flutter Mane|Flutter Mane, L50|100\/100\n|switch|p2a: Kingambit|Kingambit, L50, M|100\/100\n|switch|p2b: Amoonguss|Amoonguss, L50, M|100\/100\n|turn|1\n|\n|t:|1682647868\n|-end|p1b: Flutter Mane|Protosynthesis|[silent]\n|switch|p1b: Arcanine|Arcanine, L50, F|100\/100\n|-ability|p1b: Arcanine|Intimidate|boost\n|-unboost|p2a: Kingambit|atk|1\n|-ability|p2a: Kingambit|Defiant|boost\n|-boost|p2a: Kingambit|atk|2\n|-unboost|p2b: Amoonguss|atk|1\n|move|p1a: Palafin|Protect|p1a: Palafin\n|-singleturn|p1a: Palafin|Protect\n|move|p2a: Kingambit|Iron Head|p1b: Arcanine\n|-resisted|p1b: Arcanine\n|-damage|p1b: Arcanine|60\/100\n|move|p2b: Amoonguss|Spore|p1a: Palafin\n|-activate|p1a: Palafin|move: Protect\n|\n|upkeep\n|turn|2\n|\n|t:|1682647919\n|detailschange|p1a: Palafin|Palafin-Hero, L50, F\n|switch|p1a: Ting-Lu|Ting-Lu, L50|100\/100\n|-ability|p1a: Ting-Lu|Vessel of Ruin\n|-terastallize|p2a: Kingambit|Fire\n|move|p1b: Arcanine|Protect|p1b: Arcanine\n|-singleturn|p1b: Arcanine|Protect\n|move|p2a: Kingambit|Assurance|p1b: Arcanine\n|-activate|p1b: Arcanine|move: Protect\n|move|p2b: Amoonguss|Spore|p1a: Ting-Lu\n|-status|p1a: Ting-Lu|slp|[from] move: Spore\n|\n|upkeep\n|turn|3\n|\n|t:|1682647937\n|switch|p2b: Gyarados|Gyarados, L50, F|100\/100\n|-ability|p2b: Gyarados|Intimidate|boost\n|-unboost|p1a: Ting-Lu|atk|1\n|-unboost|p1b: Arcanine|atk|1\n|move|p1b: Arcanine|Flare Blitz|p2b: Gyarados\n|-resisted|p2b: Gyarados\n|-damage|p2b: Gyarados|77\/100\n|-damage|p1b: Arcanine|52\/100|[from] Recoil\n|move|p2a: Kingambit|Low Kick|p1a: Ting-Lu\n|-supereffective|p1a: Ting-Lu\n|-damage|p1a: Ting-Lu|18\/100 slp\n|cant|p1a: Ting-Lu|slp\n|\n|upkeep\n|turn|4\n|\n|t:|1682647965\n|move|p2b: Gyarados|Waterfall|p1a: Ting-Lu\n|-supereffective|p1a: Ting-Lu\n|-damage|p1a: Ting-Lu|0 fnt\n|faint|p1a: Ting-Lu\n|move|p1b: Arcanine|Will-O-Wisp|p2b: Gyarados\n|-status|p2b: Gyarados|brn\n|move|p2a: Kingambit|Assurance|p1b: Arcanine\n|-damage|p1b: Arcanine|0 fnt\n|faint|p1b: Arcanine\n|\n|-damage|p2b: Gyarados|71\/100 brn|[from] brn\n|upkeep\n|\n|t:|1682647976\n|switch|p1b: Palafin|Palafin-Hero, L50, F|100\/100\n|switch|p1a: Flutter Mane|Flutter Mane, L50|100\/100\n|-activate|p1b: Palafin|ability: Zero to Hero\n|turn|5\n|\n|t:|1682648005\n|switch|p2a: Amoonguss|Amoonguss, L50, M|100\/100\n|-terastallize|p1b: Palafin|Water\n|move|p1a: Flutter Mane|Shadow Ball|p2b: Gyarados\n|-damage|p2b: Gyarados|13\/100 brn\n|-enditem|p2b: Gyarados|Sitrus Berry|[eat]\n|-heal|p2b: Gyarados|38\/100 brn|[from] item: Sitrus Berry\n|move|p2b: Gyarados|Waterfall|p1a: Flutter Mane\n|-damage|p1a: Flutter Mane|60\/100\n|move|p1b: Palafin|Wave Crash|p2a: Amoonguss\n|-resisted|p2a: Amoonguss\n|-damage|p2a: Amoonguss|50\/100\n|-damage|p1b: Palafin|84\/100|[from] item: Rocky Helmet|[of] p2a: Amoonguss\n|-damage|p1b: Palafin|66\/100|[from] Recoil\n|\n|-damage|p2b: Gyarados|32\/100 brn|[from] brn\n|upkeep\n|turn|6\n|j| Blingking21\n|\n|t:|1682648058\n|switch|p2b: Kingambit|Kingambit, L50, M, tera:Fire|100\/100\n|switch|p2a: Iron Hands|Iron Hands, L50|100\/100\n|move|p1a: Flutter Mane|Shadow Ball|p2b: Kingambit\n|-damage|p2b: Kingambit|61\/100\n|move|p1b: Palafin|Wave Crash|p2a: Iron Hands\n|-damage|p2a: Iron Hands|20\/100\n|-damage|p1b: Palafin|34\/100|[from] Recoil\n|\n|upkeep\n|turn|7\n|l| Blingking21\n|\n|t:|1682648082\n|switch|p2b: Gyarados|Gyarados, L50, F|32\/100 brn\n|-ability|p2b: Gyarados|Intimidate|boost\n|-unboost|p1a: Flutter Mane|atk|1\n|-unboost|p1b: Palafin|atk|1\n|move|p1b: Palafin|Protect|p1b: Palafin\n|-singleturn|p1b: Palafin|Protect\n|move|p2a: Iron Hands|Detect|p2a: Iron Hands\n|-singleturn|p2a: Iron Hands|Protect\n|move|p1a: Flutter Mane|Shadow Ball|p2a: Iron Hands\n|-activate|p2a: Iron Hands|move: Protect\n|\n|-damage|p2b: Gyarados|25\/100 brn|[from] brn\n|upkeep\n|turn|8\n|\n|t:|1682648129\n|move|p1a: Flutter Mane|Shadow Ball|p2b: Gyarados\n|-damage|p2b: Gyarados|0 fnt\n|faint|p2b: Gyarados\n|move|p1b: Palafin|Wave Crash|p2a: Iron Hands\n|-damage|p2a: Iron Hands|0 fnt\n|faint|p2a: Iron Hands\n|-end|p2a: Iron Hands|Quark Drive|[silent]\n|-damage|p1b: Palafin|26\/100|[from] Recoil\n|\n|upkeep\n|\n|t:|1682648139\n|switch|p2b: Amoonguss|Amoonguss, L50, M|83\/100\n|switch|p2a: Kingambit|Kingambit, L50, M, tera:Fire|61\/100\n|turn|9\n|\n|t:|1682648166\n|move|p2b: Amoonguss|Rage Powder|p2b: Amoonguss\n|-singleturn|p2b: Amoonguss|move: Rage Powder\n|move|p2a: Kingambit|Sucker Punch|p1b: Palafin\n|-damage|p1b: Palafin|0 fnt\n|faint|p1b: Palafin\n|move|p1a: Flutter Mane|Shadow Ball|p2b: Amoonguss\n|-damage|p2b: Amoonguss|29\/100\n|\n|upkeep\n|turn|10\n|\n|t:|1682648176\n|move|p2b: Amoonguss|Rage Powder|p2b: Amoonguss\n|-singleturn|p2b: Amoonguss|move: Rage Powder\n|move|p1a: Flutter Mane|Shadow Ball|p2b: Amoonguss\n|-damage|p2b: Amoonguss|0 fnt\n|faint|p2b: Amoonguss\n|move|p2a: Kingambit|Iron Head|p1a: Flutter Mane\n|-supereffective|p1a: Flutter Mane\n|-damage|p1a: Flutter Mane|0 fnt\n|faint|p1a: Flutter Mane\n|-end|p1a: Flutter Mane|Protosynthesis|[silent]\n|\n|win|kajashi\n|raw|googer315's rating: 1597 → 1573<\/strong> (-24 for losing)\n|raw|kajashi's rating: 1521 → 1545<\/strong> (+24 for winning)\n|l|\u2606googer315\n","uploadtime":1682648192,"views":8,"p1id":"googer315","p2id":"kajashi","formatid":"gen9vgc2023regulationc","rating":1545,"private":0,"password":""}