{"id":"gen9vgc2023regulationc-1863233028","p1":"Mikunji19","p2":"al24088","format":"[Gen 9] VGC 2023 Regulation C","log":"|j|\u2606Mikunji19\n|j|\u2606al24088\n|t:|1683991615\n|gametype|doubles\n|player|p1|Mikunji19|marley|1415\n|player|p2|al24088|pilot|1446\n|teamsize|p1|6\n|teamsize|p2|6\n|gen|9\n|tier|[Gen 9] VGC 2023 Regulation C\n|rated|\n|rule|Species Clause: Limit one of each Pok\u00e9mon\n|rule|Item Clause: Limit one of each item\n|clearpoke\n|poke|p1|Ting-Lu, L50|\n|poke|p1|Ceruledge, L50, M|\n|poke|p1|Flutter Mane, L50|\n|poke|p1|Amoonguss, L50, F|\n|poke|p1|Gyarados, L50, M|\n|poke|p1|Iron Bundle, L50|\n|poke|p2|Murkrow, L50, F|\n|poke|p2|Chi-Yu, L50|\n|poke|p2|Flutter Mane, L50|\n|poke|p2|Great Tusk, L50|\n|poke|p2|Gyarados, L50, M|\n|poke|p2|Corviknight, L50, F|\n|teampreview|4\n|j| kessienjoyer\n|j| stary cincinno\n|l| stary cincinno\n|\n|t:|1683991658\n|start\n|switch|p1a: Ting-Lu|Ting-Lu, L50|100\/100\n|switch|p1b: Gyarados|Gyarados, L50, M|100\/100\n|switch|p2a: Murkrow|Murkrow, L50, F, shiny|100\/100\n|switch|p2b: Great Tusk|Great Tusk, L50, shiny|100\/100\n|-ability|p1b: Gyarados|Intimidate|boost\n|-unboost|p2a: Murkrow|atk|1\n|-unboost|p2b: Great Tusk|atk|1\n|-ability|p1a: Ting-Lu|Vessel of Ruin\n|turn|1\n|inactive|Battle timer is ON: inactive players will automatically lose when time's up. (requested by al24088)\n|\n|t:|1683991714\n|move|p2a: Murkrow|Haze|p2a: Murkrow\n|-clearallboost\n|move|p2b: Great Tusk|Rock Slide|p1a: Ting-Lu|[spread] \n|-miss|p2b: Great Tusk|p1a: Ting-Lu\n|-miss|p2b: Great Tusk|p1b: Gyarados\n|move|p1b: Gyarados|Thunder Wave|p2a: Murkrow\n|-status|p2a: Murkrow|par\n|move|p1a: Ting-Lu|Ruination|p2b: Great Tusk\n|-damage|p2b: Great Tusk|51\/100\n|\n|upkeep\n|turn|2\n|inactive|Mikunji19 has 30 seconds left.\n|inactive|al24088 has 30 seconds left.\n|inactive|al24088 has 20 seconds left.\n|inactive|al24088 has 15 seconds left.\n|inactive|al24088 has 10 seconds left.\n|\n|t:|1683991761\n|move|p1b: Gyarados|Protect|p1b: Gyarados\n|-singleturn|p1b: Gyarados|Protect\n|move|p2a: Murkrow|Sunny Day|p2a: Murkrow\n|-weather|SunnyDay\n|-activate|p2b: Great Tusk|ability: Protosynthesis\n|-start|p2b: Great Tusk|protosynthesisatk\n|move|p2b: Great Tusk|Rock Slide|p1b: Gyarados|[spread] p1a\n|-activate|p1b: Gyarados|move: Protect\n|-resisted|p1a: Ting-Lu\n|-damage|p1a: Ting-Lu|92\/100\n|move|p1a: Ting-Lu|Stomping Tantrum|p2b: Great Tusk\n|-damage|p2b: Great Tusk|27\/100\n|\n|-weather|SunnyDay|[upkeep]\n|upkeep\n|turn|3\n|inactive|Mikunji19 has 30 seconds left.\n|\n|t:|1683991794\n|move|p2b: Great Tusk|Rock Slide|p1b: Gyarados|[spread] p1a,p1b\n|-resisted|p1a: Ting-Lu\n|-supereffective|p1b: Gyarados\n|-damage|p1a: Ting-Lu|84\/100\n|-damage|p1b: Gyarados|46\/100\n|cant|p1b: Gyarados|flinch\n|move|p1a: Ting-Lu|Stomping Tantrum|p2b: Great Tusk\n|-damage|p2b: Great Tusk|2\/100\n|move|p2a: Murkrow|Foul Play|p1b: Gyarados\n|-damage|p1b: Gyarados|2\/100\n|\n|-weather|SunnyDay|[upkeep]\n|upkeep\n|turn|4\n|\n|t:|1683991814\n|move|p1b: Gyarados|Protect|p1b: Gyarados\n|-singleturn|p1b: Gyarados|Protect\n|move|p2a: Murkrow|Tailwind|p2a: Murkrow\n|-sidestart|p2: al24088|move: Tailwind\n|move|p2b: Great Tusk|Rock Slide|p1b: Gyarados|[spread] p1a\n|-activate|p1b: Gyarados|move: Protect\n|-resisted|p1a: Ting-Lu\n|-damage|p1a: Ting-Lu|77\/100\n|cant|p1a: Ting-Lu|flinch\n|\n|-weather|SunnyDay|[upkeep]\n|upkeep\n|turn|5\n|\n|t:|1683991836\n|-end|p2b: Great Tusk|Protosynthesis|[silent]\n|switch|p2b: Corviknight|Corviknight, L50, F, shiny|100\/100\n|move|p1b: Gyarados|Taunt|p2a: Murkrow\n|-start|p2a: Murkrow|move: Taunt\n|move|p2a: Murkrow|Foul Play|p1b: Gyarados\n|-damage|p1b: Gyarados|0 fnt\n|faint|p1b: Gyarados\n|move|p1a: Ting-Lu|Stomping Tantrum|p2b: Corviknight\n|-immune|p2b: Corviknight\n|\n|-weather|SunnyDay|[upkeep]\n|upkeep\n|\n|t:|1683991860\n|switch|p1b: Flutter Mane|Flutter Mane, L50|100\/100\n|-activate|p1b: Flutter Mane|ability: Protosynthesis\n|-start|p1b: Flutter Mane|protosynthesisspa\n|turn|6\n|\n|t:|1683991884\n|move|p2b: Corviknight|Iron Head|p1b: Flutter Mane\n|-supereffective|p1b: Flutter Mane\n|-damage|p1b: Flutter Mane|0 fnt\n|faint|p1b: Flutter Mane\n|-end|p1b: Flutter Mane|Protosynthesis|[silent]\n|move|p2a: Murkrow|Foul Play|p1a: Ting-Lu\n|-resisted|p1a: Ting-Lu\n|-damage|p1a: Ting-Lu|67\/100\n|move|p1a: Ting-Lu|Ruination|p2b: Corviknight\n|-damage|p2b: Corviknight|50\/100\n|\n|-weather|none\n|upkeep\n|\n|t:|1683991894\n|switch|p1b: Iron Bundle|Iron Bundle, L50, shiny|100\/100\n|-enditem|p1b: Iron Bundle|Booster Energy\n|-activate|p1b: Iron Bundle|ability: Quark Drive|[fromitem]\n|-start|p1b: Iron Bundle|quarkdrivespe\n|turn|7\n|\n|t:|1683991910\n|move|p1b: Iron Bundle|Protect|p1b: Iron Bundle\n|-singleturn|p1b: Iron Bundle|Protect\n|move|p2b: Corviknight|Iron Head|p1b: Iron Bundle\n|-activate|p1b: Iron Bundle|move: Protect\n|move|p2a: Murkrow|Foul Play|p1b: Iron Bundle\n|-activate|p1b: Iron Bundle|move: Protect\n|move|p1a: Ting-Lu|Stone Edge|p2b: Corviknight\n|-damage|p2b: Corviknight|23\/100\n|\n|-end|p2a: Murkrow|move: Taunt\n|-sideend|p2: al24088|move: Tailwind\n|upkeep\n|turn|8\n|inactive|Mikunji19 has 30 seconds left.\n|inactive|Mikunji19 has 20 seconds left.\n|inactive|Mikunji19 has 15 seconds left.\n|\n|t:|1683991953\n|move|p2a: Murkrow|Tailwind|p2a: Murkrow\n|-sidestart|p2: al24088|move: Tailwind\n|move|p1b: Iron Bundle|Hydro Pump|p2b: Corviknight\n|-damage|p2b: Corviknight|0 fnt\n|faint|p2b: Corviknight\n|move|p1a: Ting-Lu|Stone Edge|p2a: Murkrow|[miss]\n|-miss|p1a: Ting-Lu|p2a: Murkrow\n|\n|upkeep\n|inactive|al24088 has 30 seconds left.\n|\n|t:|1683991980\n|switch|p2b: Chi-Yu|Chi-Yu, L50|100\/100\n|-ability|p2b: Chi-Yu|Beads of Ruin\n|turn|9\n|\n|t:|1683991996\n|-terastallize|p2b: Chi-Yu|Grass\n|move|p1b: Iron Bundle|Protect|p1b: Iron Bundle\n|-singleturn|p1b: Iron Bundle|Protect\n|cant|p2a: Murkrow|par\n|move|p2b: Chi-Yu|Heat Wave|p1b: Iron Bundle|[spread] p1a\n|-activate|p1b: Iron Bundle|move: Protect\n|-damage|p1a: Ting-Lu|43\/100\n|-damage|p2b: Chi-Yu|90\/100|[from] item: Life Orb\n|move|p1a: Ting-Lu|Stomping Tantrum|p2b: Chi-Yu\n|-resisted|p2b: Chi-Yu\n|-damage|p2b: Chi-Yu|40\/100\n|\n|upkeep\n|turn|10\n|inactive|Mikunji19 has 30 seconds left.\n|inactive|al24088 has 30 seconds left.\n|\n|t:|1683992024\n|move|p2b: Chi-Yu|Tera Blast|p1a: Ting-Lu\n|-supereffective|p1a: Ting-Lu\n|-damage|p1a: Ting-Lu|0 fnt\n|faint|p1a: Ting-Lu\n|-damage|p2b: Chi-Yu|30\/100|[from] item: Life Orb\n|move|p1b: Iron Bundle|Freeze-Dry|p2b: Chi-Yu\n|-supereffective|p2b: Chi-Yu\n|-crit|p2b: Chi-Yu\n|-damage|p2b: Chi-Yu|0 fnt\n|faint|p2b: Chi-Yu\n|move|p2a: Murkrow|Foul Play|p1b: Iron Bundle\n|-damage|p1b: Iron Bundle|76\/100\n|\n|upkeep\n|\n|t:|1683992027\n|switch|p2b: Great Tusk|Great Tusk, L50, shiny|2\/100\n|turn|11\n|inactive|Mikunji19 has 30 seconds left.\n|\n|t:|1683992055\n|move|p1b: Iron Bundle|Protect|p1b: Iron Bundle\n|-singleturn|p1b: Iron Bundle|Protect\n|move|p2b: Great Tusk|Close Combat|p1b: Iron Bundle\n|-activate|p1b: Iron Bundle|move: Protect\n|move|p2a: Murkrow|Foul Play|p1b: Iron Bundle\n|-activate|p1b: Iron Bundle|move: Protect\n|\n|-sideend|p2: al24088|move: Tailwind\n|upkeep\n|turn|12\n|\n|t:|1683992072\n|-terastallize|p1b: Iron Bundle|Ghost\n|move|p2a: Murkrow|Tailwind|p2a: Murkrow\n|-sidestart|p2: al24088|move: Tailwind\n|move|p2b: Great Tusk|Close Combat|p1b: Iron Bundle\n|-immune|p1b: Iron Bundle\n|move|p1b: Iron Bundle|Freeze-Dry|p2a: Murkrow\n|-supereffective|p2a: Murkrow\n|-damage|p2a: Murkrow|31\/100 par\n|\n|upkeep\n|turn|13\n|-message|al24088 forfeited.\n|\n|win|Mikunji19\n|raw|Mikunji19's rating: 1415 → 1437<\/strong> (+22 for winning)\n|raw|al24088's rating: 1446 → 1424<\/strong> (-22 for losing)\n|l|\u2606al24088\n","uploadtime":1683992639,"views":4,"p1id":"mikunji19","p2id":"al24088","formatid":"gen9vgc2023regulationc","rating":1424,"private":0,"password":""}