{"id":"gen9vgc2023regulationc-1849508631","p1":"JohanDK","p2":"Spatbow","format":"[Gen 9] VGC 2023 Regulation C","log":"|j|\u2606JohanDK\n|j|\u2606Spatbow\n|t:|1682206880\n|gametype|doubles\n|player|p1|JohanDK|102|1195\n|player|p2|Spatbow|hilda|1183\n|teamsize|p1|6\n|teamsize|p2|6\n|gen|9\n|tier|[Gen 9] VGC 2023 Regulation C\n|rated|\n|rule|Species Clause: Limit one of each Pok\u00e9mon\n|rule|Item Clause: Limit one of each item\n|clearpoke\n|poke|p1|Flutter Mane, L50|\n|poke|p1|Amoonguss, L50, M|\n|poke|p1|Chien-Pao, L50|\n|poke|p1|Palafin, L50, M|\n|poke|p1|Arcanine, L50, M|\n|poke|p1|Baxcalibur, L50, M|\n|poke|p2|Flutter Mane, L50|\n|poke|p2|Tatsugiri, L50, F|\n|poke|p2|Dondozo, L50, F|\n|poke|p2|Oricorio-Pom-Pom, L50, F|\n|poke|p2|Volcarona, L50, F|\n|poke|p2|Gothitelle, L50, M|\n|teampreview|4\n|\n|t:|1682206911\n|start\n|switch|p1a: Orumaito|Palafin, L50, M, shiny|100\/100\n|switch|p1b: Flutter Mane|Flutter Mane, L50, shiny|100\/100\n|switch|p2a: Flutter Mane|Flutter Mane, L50|100\/100\n|switch|p2b: Tatsugiri|Tatsugiri, L50, F|100\/100\n|-enditem|p2a: Flutter Mane|Booster Energy\n|-activate|p2a: Flutter Mane|ability: Protosynthesis|[fromitem]\n|-start|p2a: Flutter Mane|protosynthesisspe\n|-enditem|p1b: Flutter Mane|Booster Energy\n|-activate|p1b: Flutter Mane|ability: Protosynthesis|[fromitem]\n|-start|p1b: Flutter Mane|protosynthesisspa\n|turn|1\n|\n|t:|1682206950\n|move|p2a: Flutter Mane|Perish Song|p2a: Flutter Mane\n|-start|p1a: Orumaito|perish3|[silent]\n|-start|p1b: Flutter Mane|perish3|[silent]\n|-start|p2a: Flutter Mane|perish3|[silent]\n|-start|p2b: Tatsugiri|perish3|[silent]\n|-fieldactivate|move: Perish Song\n|move|p1b: Flutter Mane|Moonblast|p2a: Flutter Mane\n|-damage|p2a: Flutter Mane|33\/100\n|move|p1a: Orumaito|Haze|p1a: Orumaito\n|-clearallboost\n|move|p2b: Tatsugiri|Substitute|p2b: Tatsugiri\n|-start|p2b: Tatsugiri|Substitute\n|-damage|p2b: Tatsugiri|76\/100\n|\n|-start|p2a: Flutter Mane|perish3\n|-start|p1b: Flutter Mane|perish3\n|-start|p1a: Orumaito|perish3\n|-start|p2b: Tatsugiri|perish3\n|upkeep\n|turn|2\n|\n|t:|1682206976\n|detailschange|p1a: Orumaito|Palafin-Hero, L50, M, shiny\n|switch|p1a: Cordyceps|Amoonguss, L50, M, shiny|100\/100\n|move|p2a: Flutter Mane|Protect|p2a: Flutter Mane\n|-singleturn|p2a: Flutter Mane|Protect\n|move|p1b: Flutter Mane|Dazzling Gleam|p2a: Flutter Mane|[spread] p2b\n|-activate|p2a: Flutter Mane|move: Protect\n|-supereffective|p2b: Tatsugiri\n|-end|p2b: Tatsugiri|Substitute\n|move|p2b: Tatsugiri|Muddy Water|p1a: Cordyceps|[spread] p1a,p1b\n|-resisted|p1a: Cordyceps\n|-damage|p1a: Cordyceps|86\/100\n|-damage|p1b: Flutter Mane|65\/100\n|-unboost|p1a: Cordyceps|accuracy|1\n|-damage|p2b: Tatsugiri|66\/100|[from] item: Life Orb\n|\n|-start|p2a: Flutter Mane|perish2\n|-start|p1b: Flutter Mane|perish2\n|-start|p2b: Tatsugiri|perish2\n|upkeep\n|turn|3\n|\n|t:|1682207006\n|switch|p1a: Orumaito|Palafin-Hero, L50, M, shiny|100\/100\n|-activate|p1a: Orumaito|ability: Zero to Hero\n|move|p2a: Flutter Mane|Shadow Ball|p1b: Flutter Mane\n|-supereffective|p1b: Flutter Mane\n|-damage|p1b: Flutter Mane|0 fnt\n|faint|p1b: Flutter Mane\n|-end|p1b: Flutter Mane|Protosynthesis|[silent]\n|move|p2b: Tatsugiri|Substitute|p2b: Tatsugiri\n|-start|p2b: Tatsugiri|Substitute\n|-damage|p2b: Tatsugiri|42\/100\n|\n|-start|p2a: Flutter Mane|perish1\n|-start|p2b: Tatsugiri|perish1\n|upkeep\n|\n|t:|1682207023\n|switch|p1b: Cordyceps|Amoonguss, L50, M, shiny|100\/100\n|turn|4\n|\n|t:|1682207030\n|-end|p2a: Flutter Mane|Protosynthesis|[silent]\n|switch|p2a: Dondozo|Dondozo, L50, F|100\/100\n|-activate|p2b: Tatsugiri|ability: Commander|[of] p2a: Dondozo\n|-boost|p2a: Dondozo|atk|2\n|-boost|p2a: Dondozo|spa|2\n|-boost|p2a: Dondozo|spe|2\n|-boost|p2a: Dondozo|def|2\n|-boost|p2a: Dondozo|spd|2\n|move|p1a: Orumaito|Haze|p1a: Orumaito\n|-clearallboost\n|move|p1b: Cordyceps|Clear Smog|p2a: Dondozo\n|-damage|p2a: Dondozo|86\/100\n|-clearboost|p2a: Dondozo\n|\n|-heal|p2a: Dondozo|92\/100|[from] item: Leftovers\n|-start|p2b: Tatsugiri|perish0\n|upkeep\n|faint|p2b: Tatsugiri\n|\n|t:|1682207064\n|switch|p2b: Volcarona|Volcarona, L50, F, shiny|100\/100\n|turn|5\n|\n|t:|1682207080\n|switch|p1a: Akamaru|Arcanine, L50, M, shiny|100\/100\n|-ability|p1a: Akamaru|Intimidate|boost\n|-unboost|p2a: Dondozo|atk|1\n|-fail|p2b: Volcarona|unboost|[from] item: Clear Amulet|[of] p2b: Volcarona\n|-terastallize|p2b: Volcarona|Steel\n|move|p2b: Volcarona|Giga Drain|p1a: Akamaru\n|-resisted|p1a: Akamaru\n|-damage|p1a: Akamaru|87\/100\n|move|p2a: Dondozo|Order Up|p1a: Akamaru\n|-damage|p1a: Akamaru|71\/100\n|-boost|p2a: Dondozo|atk|1\n|move|p1b: Cordyceps|Spore|p2a: Dondozo\n|-status|p2a: Dondozo|slp|[from] move: Spore\n|\n|-heal|p2a: Dondozo|98\/100 slp|[from] item: Leftovers\n|upkeep\n|turn|6\n|\n|t:|1682207105\n|switch|p2b: Flutter Mane|Flutter Mane, L50|33\/100\n|move|p1a: Akamaru|Flare Blitz|p2b: Flutter Mane\n|-damage|p2b: Flutter Mane|0 fnt\n|faint|p2b: Flutter Mane\n|-end|p2b: Flutter Mane|Protosynthesis|[silent]\n|-damage|p1a: Akamaru|64\/100|[from] Recoil\n|cant|p2a: Dondozo|slp\n|move|p2a: Dondozo|Sleep Talk|p2a: Dondozo\n|move|p2a: Dondozo|Order Up|p1b: Cordyceps|[from]move: Sleep Talk\n|-damage|p1b: Cordyceps|78\/100\n|-boost|p2a: Dondozo|atk|1\n|move|p1b: Cordyceps|Spore|p2a: Dondozo\n|-fail|p2a: Dondozo|slp\n|\n|-heal|p2a: Dondozo|100\/100 slp|[from] item: Leftovers\n|upkeep\n|\n|t:|1682207121\n|switch|p2b: Volcarona|Volcarona, L50, F, shiny, tera:Steel|100\/100\n|turn|7\n|\n|t:|1682207134\n|-terastallize|p1b: Cordyceps|Water\n|move|p2b: Volcarona|Fiery Dance|p1b: Cordyceps\n|-resisted|p1b: Cordyceps\n|-damage|p1b: Cordyceps|61\/100\n|-boost|p2b: Volcarona|spa|1\n|move|p1a: Akamaru|Flare Blitz|p2b: Volcarona\n|-supereffective|p2b: Volcarona\n|-damage|p2b: Volcarona|0 fnt\n|faint|p2b: Volcarona\n|-damage|p1a: Akamaru|37\/100|[from] Recoil\n|cant|p2a: Dondozo|slp\n|move|p2a: Dondozo|Sleep Talk|p2a: Dondozo\n|move|p2a: Dondozo|Heavy Slam|p1b: Cordyceps|[from]move: Sleep Talk\n|-resisted|p1b: Cordyceps\n|-damage|p1b: Cordyceps|36\/100\n|-enditem|p1b: Cordyceps|Sitrus Berry|[eat]\n|-heal|p1b: Cordyceps|61\/100|[from] item: Sitrus Berry\n|move|p1b: Cordyceps|Clear Smog|p2a: Dondozo\n|-damage|p2a: Dondozo|84\/100 slp\n|-clearboost|p2a: Dondozo\n|\n|-heal|p2a: Dondozo|90\/100 slp|[from] item: Leftovers\n|upkeep\n|turn|8\n|\n|t:|1682207173\n|move|p1a: Akamaru|Snarl|p2a: Dondozo\n|-damage|p2a: Dondozo|77\/100 slp\n|-unboost|p2a: Dondozo|spa|1\n|-curestatus|p2a: Dondozo|slp|[msg]\n|move|p2a: Dondozo|Wave Crash|p1a: Akamaru\n|-supereffective|p1a: Akamaru\n|-damage|p1a: Akamaru|0 fnt\n|faint|p1a: Akamaru\n|-damage|p2a: Dondozo|67\/100|[from] Recoil\n|move|p1b: Cordyceps|Pollen Puff|p1: Akamaru|[notarget]\n|-fail|p1b: Cordyceps\n|\n|-heal|p2a: Dondozo|74\/100|[from] item: Leftovers\n|upkeep\n|\n|t:|1682207188\n|switch|p1a: Orumaito|Palafin-Hero, L50, M, shiny|100\/100\n|turn|9\n|\n|t:|1682207208\n|move|p1a: Orumaito|Jet Punch|p2a: Dondozo\n|-resisted|p2a: Dondozo\n|-damage|p2a: Dondozo|60\/100\n|move|p2a: Dondozo|Order Up|p1a: Orumaito\n|-damage|p1a: Orumaito|80\/100\n|-boost|p2a: Dondozo|atk|1\n|move|p1b: Cordyceps|Spore|p2a: Dondozo\n|-status|p2a: Dondozo|slp|[from] move: Spore\n|\n|-heal|p2a: Dondozo|66\/100 slp|[from] item: Leftovers\n|upkeep\n|turn|10\n|\n|t:|1682207228\n|move|p1a: Orumaito|Haze|p1a: Orumaito\n|-clearallboost\n|cant|p2a: Dondozo|slp\n|move|p2a: Dondozo|Sleep Talk|p2a: Dondozo\n|move|p2a: Dondozo|Order Up|p1b: Cordyceps|[from]move: Sleep Talk\n|-damage|p1b: Cordyceps|40\/100\n|-boost|p2a: Dondozo|atk|1\n|move|p1b: Cordyceps|Pollen Puff|p2a: Dondozo\n|-damage|p2a: Dondozo|48\/100 slp\n|\n|-heal|p2a: Dondozo|54\/100 slp|[from] item: Leftovers\n|upkeep\n|turn|11\n|\n|t:|1682207261\n|move|p1a: Orumaito|Haze|p1a: Orumaito\n|-clearallboost\n|cant|p2a: Dondozo|slp\n|move|p2a: Dondozo|Sleep Talk|p2a: Dondozo\n|move|p2a: Dondozo|Wave Crash|p1b: Cordyceps|[from]move: Sleep Talk\n|-resisted|p1b: Cordyceps\n|-damage|p1b: Cordyceps|17\/100\n|-damage|p2a: Dondozo|48\/100 slp|[from] Recoil\n|move|p1b: Cordyceps|Pollen Puff|p2a: Dondozo\n|-damage|p2a: Dondozo|28\/100 slp\n|\n|-heal|p2a: Dondozo|35\/100 slp|[from] item: Leftovers\n|upkeep\n|turn|12\n|\n|t:|1682207283\n|move|p1a: Orumaito|Wave Crash|p2a: Dondozo\n|-resisted|p2a: Dondozo\n|-damage|p2a: Dondozo|7\/100 slp\n|-damage|p1a: Orumaito|68\/100|[from] Recoil\n|-curestatus|p2a: Dondozo|slp|[msg]\n|move|p2a: Dondozo|Order Up|p1b: Cordyceps\n|-damage|p1b: Cordyceps|0 fnt\n|faint|p1b: Cordyceps\n|-boost|p2a: Dondozo|atk|1\n|\n|-heal|p2a: Dondozo|13\/100|[from] item: Leftovers\n|upkeep\n|turn|13\n|\n|t:|1682207301\n|move|p1a: Orumaito|Wave Crash|p2a: Dondozo\n|-resisted|p2a: Dondozo\n|-damage|p2a: Dondozo|0 fnt\n|faint|p2a: Dondozo\n|-damage|p1a: Orumaito|63\/100|[from] Recoil\n|\n|win|JohanDK\n|raw|JohanDK's rating: 1195 → 1219<\/strong> (+24 for winning)\n|raw|Spatbow's rating: 1183 → 1159<\/strong> (-24 for losing)\n|l|\u2606Spatbow\n","uploadtime":1682207309,"views":2,"p1id":"johandk","p2id":"spatbow","formatid":"gen9vgc2023regulationc","rating":1159,"private":0,"password":""}