{"id":"gen9vgc2023regulationc-1850092394","p1":"SouthCroydonSaurs","p2":"CastD10S","format":"[Gen 9] VGC 2023 Regulation C","log":"|j|\u2606SouthCroydonSaurs\n|j|\u2606CastD10S\n|t:|1682286351\n|gametype|doubles\n|player|p1|SouthCroydonSaurs|101|1279\n|player|p2|CastD10S|blaine|1315\n|teamsize|p1|6\n|teamsize|p2|6\n|gen|9\n|tier|[Gen 9] VGC 2023 Regulation C\n|rated|\n|rule|Species Clause: Limit one of each Pok\u00e9mon\n|rule|Item Clause: Limit one of each item\n|clearpoke\n|poke|p1|Chi-Yu, L50|\n|poke|p1|Chien-Pao, L50|\n|poke|p1|Dragonite, L50, F|\n|poke|p1|Great Tusk, L50|\n|poke|p1|Flutter Mane, L50|\n|poke|p1|Meowscarada, L50, F|\n|poke|p2|Indeedee-F, L50, F|\n|poke|p2|Torkoal, L50, F|\n|poke|p2|Kingambit, L50, F|\n|poke|p2|Hatterene, L50, F|\n|poke|p2|Iron Hands, L50|\n|poke|p2|Gyarados, L50, M|\n|teampreview|4\n|inactive|Battle timer is ON: inactive players will automatically lose when time's up. (requested by SouthCroydonSaurs)\n|inactive|CastD10S has 60 seconds left.\n|\n|t:|1682286402\n|start\n|switch|p1a: Chi-Yu|Chi-Yu, L50|100\/100\n|switch|p1b: Flutter Mane|Flutter Mane, L50|100\/100\n|switch|p2a: Indeedee|Indeedee-F, L50, F|100\/100\n|switch|p2b: Hatterene|Hatterene, L50, F|100\/100\n|-ability|p1a: Chi-Yu|Beads of Ruin\n|-fieldstart|move: Psychic Terrain|[from] ability: Psychic Surge|[of] p2a: Indeedee\n|-enditem|p2a: Indeedee|Psychic Seed\n|-boost|p2a: Indeedee|spd|1|[from] item: Psychic Seed\n|-enditem|p1b: Flutter Mane|Booster Energy\n|-activate|p1b: Flutter Mane|ability: Protosynthesis|[fromitem]\n|-start|p1b: Flutter Mane|protosynthesisspe\n|turn|1\n|\n|t:|1682286426\n|-terastallize|p1b: Flutter Mane|Fairy\n|-terastallize|p2b: Hatterene|Fire\n|move|p2a: Indeedee|Follow Me|p2a: Indeedee\n|-singleturn|p2a: Indeedee|move: Follow Me\n|move|p1b: Flutter Mane|Dazzling Gleam|p2b: Hatterene|[spread] p2a,p2b\n|-resisted|p2b: Hatterene\n|-damage|p2a: Indeedee|68\/100\n|-damage|p2b: Hatterene|73\/100\n|move|p1a: Chi-Yu|Heat Wave|p2a: Indeedee|[spread] p2a,p2b\n|-resisted|p2b: Hatterene\n|-crit|p2b: Hatterene\n|-damage|p2a: Indeedee|25\/100\n|-damage|p2b: Hatterene|17\/100\n|-damage|p1a: Chi-Yu|91\/100|[from] item: Life Orb\n|move|p2b: Hatterene|Trick Room|p2b: Hatterene\n|-fieldstart|move: Trick Room|[of] p2b: Hatterene\n|\n|upkeep\n|turn|2\n|inactive|CastD10S has 30 seconds left.\n|\n|t:|1682286457\n|move|p2a: Indeedee|Helping Hand|p2b: Hatterene\n|-singleturn|p2b: Hatterene|Helping Hand|[of] p2a: Indeedee\n|move|p1a: Chi-Yu|Protect|p1a: Chi-Yu\n|-singleturn|p1a: Chi-Yu|Protect\n|move|p1b: Flutter Mane|Protect|p1b: Flutter Mane\n|-singleturn|p1b: Flutter Mane|Protect\n|move|p2b: Hatterene|Dazzling Gleam|p1b: Flutter Mane|[spread] \n|-activate|p1a: Chi-Yu|move: Protect\n|-activate|p1b: Flutter Mane|move: Protect\n|\n|upkeep\n|turn|3\n|inactive|SouthCroydonSaurs has 30 seconds left.\n|\n|t:|1682286485\n|move|p2a: Indeedee|Helping Hand|p2b: Hatterene\n|-singleturn|p2b: Hatterene|Helping Hand|[of] p2a: Indeedee\n|move|p2b: Hatterene|Dazzling Gleam|p1b: Flutter Mane|[spread] p1a,p1b\n|-damage|p1a: Chi-Yu|17\/100\n|-damage|p1b: Flutter Mane|17\/100\n|-damage|p2b: Hatterene|7\/100|[from] item: Life Orb\n|move|p1a: Chi-Yu|Dark Pulse|p2a: Indeedee\n|-supereffective|p2a: Indeedee\n|-damage|p2a: Indeedee|0 fnt\n|faint|p2a: Indeedee\n|-damage|p1a: Chi-Yu|7\/100|[from] item: Life Orb\n|move|p1b: Flutter Mane|Dazzling Gleam|p2b: Hatterene\n|-resisted|p2b: Hatterene\n|-damage|p2b: Hatterene|0 fnt\n|faint|p2b: Hatterene\n|\n|upkeep\n|\n|t:|1682286499\n|switch|p2b: Kingambit|Kingambit, L50, F|100\/100\n|switch|p2a: Torkoal|Torkoal, L50, F|100\/100\n|-weather|SunnyDay|[from] ability: Drought|[of] p2a: Torkoal\n|turn|4\n|\n|t:|1682286511\n|move|p1a: Chi-Yu|Protect|p1a: Chi-Yu\n|-singleturn|p1a: Chi-Yu|Protect\n|move|p1b: Flutter Mane|Protect|p1b: Flutter Mane\n|-singleturn|p1b: Flutter Mane|Protect\n|move|p2a: Torkoal|Eruption|p1b: Flutter Mane|[spread] \n|-activate|p1a: Chi-Yu|move: Protect\n|-activate|p1b: Flutter Mane|move: Protect\n|move|p2b: Kingambit|Swords Dance|p2b: Kingambit\n|-boost|p2b: Kingambit|atk|2\n|\n|-weather|SunnyDay|[upkeep]\n|upkeep\n|turn|5\n|inactive|SouthCroydonSaurs has 30 seconds left.\n|\n|t:|1682286537\n|move|p1a: Chi-Yu|Protect|p1a: Chi-Yu\n|-singleturn|p1a: Chi-Yu|Protect\n|move|p1b: Flutter Mane|Protect||[still]\n|-fail|p1b: Flutter Mane\n|move|p2a: Torkoal|Eruption|p1b: Flutter Mane|[spread] p1b\n|-activate|p1a: Chi-Yu|move: Protect\n|-damage|p1b: Flutter Mane|0 fnt\n|faint|p1b: Flutter Mane\n|-end|p1b: Flutter Mane|Protosynthesis|[silent]\n|move|p2b: Kingambit|Swords Dance|p2b: Kingambit\n|-boost|p2b: Kingambit|atk|2\n|\n|-weather|SunnyDay|[upkeep]\n|-fieldend|move: Trick Room\n|-fieldend|move: Psychic Terrain\n|upkeep\n|\n|t:|1682286554\n|switch|p1b: Great Tusk|Great Tusk, L50|100\/100\n|-activate|p1b: Great Tusk|ability: Protosynthesis\n|-start|p1b: Great Tusk|protosynthesisatk\n|turn|6\n|inactive|CastD10S has 30 seconds left.\n|inactive|CastD10S has 20 seconds left.\n|inactive|CastD10S has 15 seconds left.\n|inactive|CastD10S has 10 seconds left.\n|inactive|CastD10S has 5 seconds left.\n|\n|t:|1682286605\n|switch|p1a: Chien-Pao|Chien-Pao, L50|100\/100\n|-ability|p1a: Chien-Pao|Sword of Ruin\n|move|p2b: Kingambit|Sucker Punch||[still]\n|-fail|p2b: Kingambit\n|move|p1b: Great Tusk|Earthquake|p2b: Kingambit|[spread] p1a,p2a,p2b\n|-supereffective|p2a: Torkoal\n|-supereffective|p2b: Kingambit\n|-damage|p1a: Chien-Pao|27\/100\n|-damage|p2a: Torkoal|0 fnt\n|-damage|p2b: Kingambit|5\/100\n|faint|p2a: Torkoal\n|\n|-weather|SunnyDay|[upkeep]\n|upkeep\n|turn|7\n|\n|t:|1682286624\n|move|p1b: Great Tusk|Protect|p1b: Great Tusk\n|-singleturn|p1b: Great Tusk|Protect\n|move|p1a: Chien-Pao|Ice Shard|p2b: Kingambit\n|-resisted|p2b: Kingambit\n|-damage|p2b: Kingambit|0 fnt\n|faint|p2b: Kingambit\n|\n|win|SouthCroydonSaurs\n|raw|SouthCroydonSaurs's rating: 1279 → 1307<\/strong> (+28 for winning)\n|raw|CastD10S's rating: 1315 → 1293<\/strong> (-22 for losing)\n|l|\u2606CastD10S\n","uploadtime":1682286652,"views":6,"p1id":"southcroydonsaurs","p2id":"castd10s","formatid":"gen9vgc2023regulationc","rating":1293,"private":0,"password":""}