{"id":"gen9vgc2023regulationc-1860767175","p1":"XL Twin Mattress","p2":"seriesceruledge","format":"[Gen 9] VGC 2023 Regulation C","log":"|j|\u2606XL Twin Mattress\n|j|\u2606seriesceruledge\n|t:|1683675422\n|gametype|doubles\n|player|p1|XL Twin Mattress|larry|1412\n|player|p2|seriesceruledge|170|1318\n|teamsize|p1|6\n|teamsize|p2|6\n|gen|9\n|tier|[Gen 9] VGC 2023 Regulation C\n|rated|\n|rule|Species Clause: Limit one of each Pok\u00e9mon\n|rule|Item Clause: Limit one of each item\n|clearpoke\n|poke|p1|Maushold, L50|\n|poke|p1|Tyranitar, L50, F|\n|poke|p1|Gholdengo, L50|\n|poke|p1|Iron Bundle, L50|\n|poke|p1|Talonflame, L50, F|\n|poke|p1|Garchomp, L50, F|\n|poke|p2|Torkoal, L50, M|\n|poke|p2|Jumpluff, L50, F|\n|poke|p2|Great Tusk, L50|\n|poke|p2|Kingambit, L50, F|\n|poke|p2|Flutter Mane, L50|\n|poke|p2|Chien-Pao, L50|\n|teampreview|4\n|inactive|Battle timer is ON: inactive players will automatically lose when time's up. (requested by seriesceruledge)\n|inactive|XL Twin Mattress has 60 seconds left.\n|\n|t:|1683675490\n|start\n|switch|p1a: Maushold|Maushold, L50|100\/100\n|switch|p1b: Gholdengo|Gholdengo, L50|100\/100\n|switch|p2a: Great Tusk|Great Tusk, L50|100\/100\n|switch|p2b: Chien-Pao|Chien-Pao, L50|100\/100\n|-ability|p2b: Chien-Pao|Sword of Ruin\n|turn|1\n|\n|t:|1683675507\n|-terastallize|p2b: Chien-Pao|Flying\n|move|p1a: Maushold|Protect|p1a: Maushold\n|-singleturn|p1a: Maushold|Protect\n|move|p1b: Gholdengo|Protect|p1b: Gholdengo\n|-singleturn|p1b: Gholdengo|Protect\n|move|p2a: Great Tusk|Earthquake|p1b: Gholdengo|[spread] \n|-activate|p1a: Maushold|move: Protect\n|-activate|p1b: Gholdengo|move: Protect\n|-immune|p2b: Chien-Pao\n|move|p2b: Chien-Pao|Sacred Sword|p1a: Maushold\n|-activate|p1a: Maushold|move: Protect\n|\n|upkeep\n|turn|2\n|inactive|XL Twin Mattress has 30 seconds left.\n|inactive|XL Twin Mattress has 20 seconds left.\n|inactive|XL Twin Mattress has 15 seconds left.\n|\n|t:|1683675550\n|-terastallize|p1b: Gholdengo|Water\n|move|p1a: Maushold|Follow Me|p1a: Maushold\n|-singleturn|p1a: Maushold|move: Follow Me\n|move|p2a: Great Tusk|Earthquake|p1b: Gholdengo|[spread] p1a,p1b\n|-immune|p2b: Chien-Pao\n|-damage|p1a: Maushold|39\/100\n|-damage|p1b: Gholdengo|62\/100\n|move|p2b: Chien-Pao|Sacred Sword|p1a: Maushold\n|-supereffective|p1a: Maushold\n|-crit|p1a: Maushold\n|-damage|p1a: Maushold|0 fnt\n|faint|p1a: Maushold\n|move|p1b: Gholdengo|Make It Rain|p2a: Great Tusk|[spread] p2a,p2b\n|-damage|p2a: Great Tusk|18\/100\n|-damage|p2b: Chien-Pao|19\/100\n|-unboost|p1b: Gholdengo|spa|1\n|\n|upkeep\n|\n|t:|1683675567\n|switch|p1a: Iron Bundle|Iron Bundle, L50|100\/100\n|-enditem|p1a: Iron Bundle|Booster Energy\n|-activate|p1a: Iron Bundle|ability: Quark Drive|[fromitem]\n|-start|p1a: Iron Bundle|quarkdrivespe\n|turn|3\n|inactive|XL Twin Mattress has 30 seconds left.\n|\n|t:|1683675594\n|-end|p2a: Great Tusk|Protosynthesis|[silent]\n|switch|p2a: Torkoal|Torkoal, L50, M|100\/100\n|-weather|SunnyDay|[from] ability: Drought|[of] p2a: Torkoal\n|move|p2b: Chien-Pao|Sucker Punch|p1a: Iron Bundle\n|-damage|p1a: Iron Bundle|49\/100\n|move|p1a: Iron Bundle|Freeze-Dry|p2a: Torkoal\n|-resisted|p2a: Torkoal\n|-damage|p2a: Torkoal|82\/100\n|move|p1b: Gholdengo|Nasty Plot|p1b: Gholdengo\n|-boost|p1b: Gholdengo|spa|2\n|\n|-weather|SunnyDay|[upkeep]\n|upkeep\n|turn|4\n|inactive|XL Twin Mattress has 30 seconds left.\n|inactive|seriesceruledge has 30 seconds left.\n|inactive|XL Twin Mattress has 20 seconds left.\n|\n|t:|1683675633\n|move|p2a: Torkoal|Helping Hand|p2b: Chien-Pao\n|-singleturn|p2b: Chien-Pao|Helping Hand|[of] p2a: Torkoal\n|move|p2b: Chien-Pao|Sucker Punch|p1b: Gholdengo\n|-damage|p1b: Gholdengo|0 fnt\n|faint|p1b: Gholdengo\n|move|p1a: Iron Bundle|Icy Wind|p2a: Torkoal|[spread] p2a,p2b\n|-resisted|p2a: Torkoal\n|-supereffective|p2b: Chien-Pao\n|-damage|p2a: Torkoal|71\/100\n|-damage|p2b: Chien-Pao|0 fnt\n|-unboost|p2a: Torkoal|spe|1\n|-enditem|p2a: Torkoal|Eject Pack\n|faint|p2b: Chien-Pao\n|\n|t:|1683675647\n|switch|p2a: Flutter Mane|Flutter Mane, L50|100\/100\n|-activate|p2a: Flutter Mane|ability: Protosynthesis\n|-start|p2a: Flutter Mane|protosynthesisspa\n|\n|-weather|SunnyDay|[upkeep]\n|upkeep\n|\n|t:|1683675654\n|switch|p2b: Great Tusk|Great Tusk, L50|18\/100\n|switch|p1b: Tyranitar|Tyranitar, L50, F|100\/100\n|-activate|p2b: Great Tusk|ability: Protosynthesis\n|-start|p2b: Great Tusk|protosynthesisatk\n|-weather|Sandstorm|[from] ability: Sand Stream|[of] p1b: Tyranitar\n|-end|p2b: Great Tusk|Protosynthesis\n|-end|p2a: Flutter Mane|Protosynthesis\n|turn|5\n|\n|t:|1683675667\n|-end|p2b: Great Tusk|Protosynthesis|[silent]\n|switch|p2b: Torkoal|Torkoal, L50, M|71\/100\n|-weather|SunnyDay|[from] ability: Drought|[of] p2b: Torkoal\n|-activate|p2a: Flutter Mane|ability: Protosynthesis\n|-start|p2a: Flutter Mane|protosynthesisspa\n|move|p1a: Iron Bundle|Icy Wind|p2b: Torkoal|[spread] p2a,p2b\n|-resisted|p2b: Torkoal\n|-damage|p2a: Flutter Mane|82\/100\n|-damage|p2b: Torkoal|61\/100\n|-unboost|p2a: Flutter Mane|spe|1\n|-unboost|p2b: Torkoal|spe|1\n|move|p2a: Flutter Mane|Dazzling Gleam|p1a: Iron Bundle|[spread] p1a,p1b\n|-crit|p1a: Iron Bundle\n|-supereffective|p1b: Tyranitar\n|-damage|p1a: Iron Bundle|0 fnt\n|-damage|p1b: Tyranitar|30\/100\n|faint|p1a: Iron Bundle\n|-end|p1a: Iron Bundle|Quark Drive|[silent]\n|move|p1b: Tyranitar|Assurance|p2a: Flutter Mane\n|-damage|p2a: Flutter Mane|0 fnt\n|faint|p2a: Flutter Mane\n|-end|p2a: Flutter Mane|Protosynthesis|[silent]\n|\n|-weather|SunnyDay|[upkeep]\n|upkeep\n|\n|t:|1683675685\n|switch|p2a: Great Tusk|Great Tusk, L50|18\/100\n|-activate|p2a: Great Tusk|ability: Protosynthesis\n|-start|p2a: Great Tusk|protosynthesisatk\n|turn|6\n|\n|t:|1683675699\n|move|p2b: Torkoal|Helping Hand|p2a: Great Tusk\n|-singleturn|p2a: Great Tusk|Helping Hand|[of] p2b: Torkoal\n|move|p2a: Great Tusk|Close Combat|p1b: Tyranitar\n|-supereffective|p1b: Tyranitar\n|-crit|p1b: Tyranitar\n|-damage|p1b: Tyranitar|0 fnt\n|-unboost|p2a: Great Tusk|def|1\n|-unboost|p2a: Great Tusk|spd|1\n|faint|p1b: Tyranitar\n|\n|win|seriesceruledge\n|raw|XL Twin Mattress's rating: 1412 → 1387<\/strong> (-25 for losing)\n|raw|seriesceruledge's rating: 1318 → 1343<\/strong> (+25 for winning)\n|l|\u2606seriesceruledge\n|j|\u2606seriesceruledge\n|player|p2|seriesceruledge|170\n","uploadtime":1683676063,"views":14,"p1id":"xltwinmattress","p2id":"seriesceruledge","formatid":"gen9vgc2023regulationc","rating":1343,"private":0,"password":""}