{"id":"gen9vgc2023regulationc-1858248014","p1":"Hd70","p2":"Markiito18","format":"[Gen 9] VGC 2023 Regulation C","log":"|j|\u2606Hd70\n|j|\u2606Markiito18\n|t:|1683295094\n|gametype|doubles\n|player|p1|Hd70|266|1287\n|player|p2|Markiito18|pokekid|1180\n|teamsize|p1|6\n|teamsize|p2|6\n|gen|9\n|tier|[Gen 9] VGC 2023 Regulation C\n|rated|\n|rule|Species Clause: Limit one of each Pok\u00e9mon\n|rule|Item Clause: Limit one of each item\n|clearpoke\n|poke|p1|Flutter Mane, L50|\n|poke|p1|Gothitelle, L50, F|\n|poke|p1|Scream Tail, L50|\n|poke|p1|Amoonguss, L50, F|\n|poke|p1|Arcanine, L50, F|\n|poke|p1|Palafin, L50, F|\n|poke|p2|Gallade, L50, M|\n|poke|p2|Amoonguss, L50, F|\n|poke|p2|Arcanine, L50, M|\n|poke|p2|Dragapult, L50, M|\n|poke|p2|Grimmsnarl, L50, M|\n|poke|p2|Palafin, L50, M|\n|teampreview|4\n|\n|t:|1683295167\n|start\n|switch|p1a: Flutter Mane|Flutter Mane, L50|100\/100\n|switch|p1b: Amoonguss|Amoonguss, L50, F|100\/100\n|switch|p2a: Dozo|Palafin, L50, M|100\/100\n|switch|p2b: Gallade|Gallade, L50, M, shiny|100\/100\n|turn|1\n|\n|t:|1683295208\n|detailschange|p2a: Dozo|Palafin-Hero, L50, M\n|switch|p2a: WoChien|Amoonguss, L50, F|100\/100\n|-terastallize|p2b: Gallade|Fire\n|move|p1b: Amoonguss|Rage Powder|p1b: Amoonguss\n|-singleturn|p1b: Amoonguss|move: Rage Powder\n|move|p1a: Flutter Mane|Moonblast|p2b: Gallade\n|-resisted|p2b: Gallade\n|-damage|p2b: Gallade|82\/100\n|move|p2b: Gallade|Psycho Cut|p1b: Amoonguss\n|-supereffective|p1b: Amoonguss\n|-damage|p1b: Amoonguss|7\/100\n|\n|upkeep\n|turn|2\n|inactive|Battle timer is ON: inactive players will automatically lose when time's up. (requested by Markiito18)\n|\n|t:|1683295250\n|-terastallize|p1a: Flutter Mane|Grass\n|move|p1b: Amoonguss|Rage Powder|p1b: Amoonguss\n|-singleturn|p1b: Amoonguss|move: Rage Powder\n|move|p1a: Flutter Mane|Perish Song|p1a: Flutter Mane\n|-start|p1a: Flutter Mane|perish3|[silent]\n|-start|p1b: Amoonguss|perish3|[silent]\n|-start|p2a: WoChien|perish3|[silent]\n|-start|p2b: Gallade|perish3|[silent]\n|-fieldactivate|move: Perish Song\n|move|p2b: Gallade|Psycho Cut|p1b: Amoonguss\n|-supereffective|p1b: Amoonguss\n|-damage|p1b: Amoonguss|0 fnt\n|faint|p1b: Amoonguss\n|move|p2a: WoChien|Pollen Puff|p1a: Flutter Mane\n|-supereffective|p1a: Flutter Mane\n|-damage|p1a: Flutter Mane|64\/100\n|\n|-start|p1a: Flutter Mane|perish3\n|-start|p2b: Gallade|perish3\n|-start|p2a: WoChien|perish3\n|upkeep\n|\n|t:|1683295264\n|switch|p1b: Gothitelle|Gothitelle, L50, F|100\/100\n|turn|3\n|inactive|Markiito18 has 30 seconds left.\n|\n|t:|1683295295\n|-end|p1a: Flutter Mane|Protosynthesis|[silent]\n|switch|p1a: Scream Tail|Scream Tail, L50|100\/100\n|-enditem|p1a: Scream Tail|Booster Energy\n|-activate|p1a: Scream Tail|ability: Protosynthesis|[fromitem]\n|-start|p1a: Scream Tail|protosynthesisspe\n|move|p1b: Gothitelle|Fake Out|p2a: WoChien\n|-damage|p2a: WoChien|95\/100\n|cant|p2a: WoChien|flinch\n|move|p2b: Gallade|Leaf Blade|p1b: Gothitelle\n|-damage|p1b: Gothitelle|60\/100\n|\n|-start|p2b: Gallade|perish2\n|-start|p2a: WoChien|perish2\n|upkeep\n|turn|4\n|\n|t:|1683295310\n|move|p1a: Scream Tail|Protect|p1a: Scream Tail\n|-singleturn|p1a: Scream Tail|Protect\n|move|p1b: Gothitelle|Protect|p1b: Gothitelle\n|-singleturn|p1b: Gothitelle|Protect\n|move|p2b: Gallade|Leaf Blade|p1b: Gothitelle\n|-activate|p1b: Gothitelle|move: Protect\n|move|p2a: WoChien|Pollen Puff|p1b: Gothitelle\n|-activate|p1b: Gothitelle|move: Protect\n|\n|-start|p2b: Gallade|perish1\n|-start|p2a: WoChien|perish1\n|upkeep\n|turn|5\n|\n|t:|1683295331\n|switch|p1b: Flutter Mane|Flutter Mane, L50, tera:Grass|64\/100\n|move|p1a: Scream Tail|Disable|p2b: Gallade\n|-start|p2b: Gallade|Disable|Leaf Blade\n|cant|p2b: Gallade|Disable|Leaf Blade\n|move|p2a: WoChien|Pollen Puff|p1b: Flutter Mane\n|-supereffective|p1b: Flutter Mane\n|-damage|p1b: Flutter Mane|27\/100\n|\n|-start|p2b: Gallade|perish0\n|-start|p2a: WoChien|perish0\n|upkeep\n|faint|p2b: Gallade\n|faint|p2a: WoChien\n|\n|t:|1683295348\n|switch|p2b: Dragapult|Dragapult, L50, M|100\/100\n|switch|p2a: Dozo|Palafin-Hero, L50, M|100\/100\n|-activate|p2a: Dozo|ability: Zero to Hero\n|turn|6\n|\n|t:|1683295367\n|move|p1b: Flutter Mane|Protect|p1b: Flutter Mane\n|-singleturn|p1b: Flutter Mane|Protect\n|move|p2a: Dozo|Jet Punch|p1b: Flutter Mane\n|-activate|p1b: Flutter Mane|move: Protect\n|move|p1a: Scream Tail|Perish Song|p1a: Scream Tail\n|-start|p1a: Scream Tail|perish3|[silent]\n|-start|p1b: Flutter Mane|perish3|[silent]\n|-start|p2a: Dozo|perish3|[silent]\n|-start|p2b: Dragapult|perish3|[silent]\n|-fieldactivate|move: Perish Song\n|move|p2b: Dragapult|Phantom Force||[still]\n|-prepare|p2b: Dragapult|Phantom Force\n|\n|-start|p1a: Scream Tail|perish3\n|-start|p2b: Dragapult|perish3\n|-start|p1b: Flutter Mane|perish3\n|-start|p2a: Dozo|perish3\n|upkeep\n|turn|7\n|\n|t:|1683295385\n|-end|p1a: Scream Tail|Protosynthesis|[silent]\n|switch|p1a: Gothitelle|Gothitelle, L50, F|60\/100\n|move|p2a: Dozo|Jet Punch|p1b: Flutter Mane\n|-resisted|p1b: Flutter Mane\n|-damage|p1b: Flutter Mane|0 fnt\n|faint|p1b: Flutter Mane\n|-end|p1b: Flutter Mane|Protosynthesis|[silent]\n|move|p2b: Dragapult|Phantom Force|p1a: Gothitelle|[from]lockedmove\n|-supereffective|p1a: Gothitelle\n|-damage|p1a: Gothitelle|0 fnt\n|faint|p1a: Gothitelle\n|\n|-start|p2b: Dragapult|perish2\n|-start|p2a: Dozo|perish2\n|upkeep\n|\n|t:|1683295397\n|switch|p1a: Scream Tail|Scream Tail, L50|100\/100\n|turn|8\n|\n|t:|1683295409\n|move|p2b: Dragapult|Phantom Force||[still]\n|-prepare|p2b: Dragapult|Phantom Force\n|move|p1a: Scream Tail|Disable|p2a: Dozo\n|-start|p2a: Dozo|Disable|Jet Punch\n|move|p2a: Dozo|Wave Crash|p1a: Scream Tail\n|-damage|p1a: Scream Tail|22\/100\n|-damage|p2a: Dozo|75\/100|[from] Recoil\n|\n|-start|p2b: Dragapult|perish1\n|-start|p2a: Dozo|perish1\n|upkeep\n|turn|9\n|\n|t:|1683295423\n|move|p1a: Scream Tail|Protect|p1a: Scream Tail\n|-singleturn|p1a: Scream Tail|Protect\n|move|p2b: Dragapult|Phantom Force|p1a: Scream Tail|[from]lockedmove\n|-activate|p1a: Scream Tail|move: Phantom Force|[broken]\n|-supereffective|p1a: Scream Tail\n|-damage|p1a: Scream Tail|0 fnt\n|faint|p1a: Scream Tail\n|-end|p1a: Scream Tail|Protosynthesis|[silent]\n|\n|win|Markiito18\n|raw|Hd70's rating: 1287 → 1255<\/strong> (-32 for losing)\n|raw|Markiito18's rating: 1180 → 1212<\/strong> (+32 for winning)\n|c|\u2606Markiito18|gg\n|l|\u2606Hd70\n","uploadtime":1683295438,"views":7,"p1id":"hd70","p2id":"markiito18","formatid":"gen9vgc2023regulationc","rating":1212,"private":0,"password":""}