{"id":"gen9vgc2023regulationc-1859480507","p1":"Jarcs","p2":"Dux-El52","format":"[Gen 9] VGC 2023 Regulation C","log":"|j|\u203dJarcs\n|j|\u2606Dux-El52\n|t:|1683473947\n|gametype|doubles\n|player|p1|Jarcs|101|1537\n|player|p2|Dux-El52|266|1507\n|teamsize|p1|6\n|teamsize|p2|6\n|gen|9\n|tier|[Gen 9] VGC 2023 Regulation C\n|rated|\n|rule|Species Clause: Limit one of each Pok\u00e9mon\n|rule|Item Clause: Limit one of each item\n|clearpoke\n|poke|p1|Tatsugiri, L50, M|\n|poke|p1|Dondozo, L50, M|\n|poke|p1|Glimmora, L50, M|\n|poke|p1|Dragonite, L50, M|\n|poke|p1|Chi-Yu, L50|\n|poke|p1|Iron Bundle, L50|\n|poke|p2|Iron Bundle, L50|\n|poke|p2|Ceruledge, L50, M|\n|poke|p2|Garganacl, L50, M|\n|poke|p2|Chien-Pao, L50|\n|poke|p2|Azumarill, L50, F|\n|poke|p2|Chi-Yu, L50|\n|teampreview|4\n|inactive|Battle timer is ON: inactive players will automatically lose when time's up. (requested by Jarcs)\n|j| LetSheCook\n|\n|t:|1683473988\n|start\n|switch|p1a: Iron Bundle|Iron Bundle, L50|100\/100\n|switch|p1b: Dragonite|Dragonite, L50, M|100\/100\n|switch|p2a: Chi-Yu|Chi-Yu, L50|100\/100\n|switch|p2b: Iron Bundle|Iron Bundle, L50, shiny|100\/100\n|-ability|p2a: Chi-Yu|Beads of Ruin\n|-enditem|p1a: Iron Bundle|Booster Energy\n|-activate|p1a: Iron Bundle|ability: Quark Drive|[fromitem]\n|-start|p1a: Iron Bundle|quarkdrivespe\n|-enditem|p2b: Iron Bundle|Booster Energy\n|-activate|p2b: Iron Bundle|ability: Quark Drive|[fromitem]\n|-start|p2b: Iron Bundle|quarkdrivespe\n|turn|1\n|\n|t:|1683474002\n|-terastallize|p1b: Dragonite|Normal\n|move|p1a: Iron Bundle|Protect|p1a: Iron Bundle\n|-singleturn|p1a: Iron Bundle|Protect\n|move|p2b: Iron Bundle|Icy Wind|p1b: Dragonite|[spread] \n|-activate|p1a: Iron Bundle|move: Protect\n|-miss|p2b: Iron Bundle|p1b: Dragonite\n|move|p2a: Chi-Yu|Heat Wave|p1a: Iron Bundle|[spread] p1b\n|-activate|p1a: Iron Bundle|move: Protect\n|-crit|p1b: Dragonite\n|-damage|p1b: Dragonite|22\/100\n|move|p1b: Dragonite|Earthquake|p2a: Chi-Yu|[spread] p2a,p2b\n|-activate|p1a: Iron Bundle|move: Protect\n|-supereffective|p2a: Chi-Yu\n|-damage|p2a: Chi-Yu|0 fnt\n|-damage|p2b: Iron Bundle|50\/100\n|faint|p2a: Chi-Yu\n|\n|upkeep\n|\n|t:|1683474017\n|switch|p2a: Chien-Pao|Chien-Pao, L50|100\/100\n|-ability|p2a: Chien-Pao|Sword of Ruin\n|turn|2\n|\n|t:|1683474025\n|switch|p1b: Dondozo|Dondozo, L50, M|100\/100\n|move|p2b: Iron Bundle|Protect|p2b: Iron Bundle\n|-singleturn|p2b: Iron Bundle|Protect\n|move|p1a: Iron Bundle|Icy Wind|p2a: Chien-Pao|[spread] p2a\n|-activate|p2b: Iron Bundle|move: Protect\n|-resisted|p2a: Chien-Pao\n|-damage|p2a: Chien-Pao|85\/100\n|-unboost|p2a: Chien-Pao|spe|1\n|move|p2a: Chien-Pao|Sacred Sword|p1b: Dondozo\n|-damage|p1b: Dondozo|75\/100\n|\n|upkeep\n|turn|3\n|\n|t:|1683474044\n|-end|p1a: Iron Bundle|Quark Drive|[silent]\n|switch|p1a: Tatsugiri|Tatsugiri, L50, M|100\/100\n|-activate|p1a: Tatsugiri|ability: Commander|[of] p1b: Dondozo\n|-boost|p1b: Dondozo|atk|2\n|-boost|p1b: Dondozo|spa|2\n|-boost|p1b: Dondozo|spe|2\n|-boost|p1b: Dondozo|def|2\n|-boost|p1b: Dondozo|spd|2\n|move|p2b: Iron Bundle|Freeze-Dry|p1b: Dondozo\n|-supereffective|p1b: Dondozo\n|-damage|p1b: Dondozo|35\/100\n|move|p1b: Dondozo|Earthquake|p2b: Iron Bundle|[spread] p2a,p2b\n|-miss|p1b: Dondozo|p1a: Tatsugiri\n|-damage|p2a: Chien-Pao|19\/100\n|-damage|p2b: Iron Bundle|0 fnt\n|faint|p2b: Iron Bundle\n|-end|p2b: Iron Bundle|Quark Drive|[silent]\n|move|p2a: Chien-Pao|Sacred Sword|p1a: Tatsugiri|[miss]\n|-miss|p2a: Chien-Pao|p1a: Tatsugiri\n|\n|upkeep\n|\n|t:|1683474057\n|switch|p2b: Garganacl|Garganacl, L50, M, shiny|100\/100\n|turn|4\n|\n|t:|1683474081\n|-terastallize|p2b: Garganacl|Ghost\n|move|p1b: Dondozo|Rest|p1b: Dondozo\n|-status|p1b: Dondozo|slp|[from] move: Rest\n|-heal|p1b: Dondozo|100\/100 slp|[silent]\n|-enditem|p1b: Dondozo|Chesto Berry|[eat]\n|-curestatus|p1b: Dondozo|slp|[msg]\n|move|p2a: Chien-Pao|Sacred Sword|p1b: Dondozo\n|-crit|p1b: Dondozo\n|-damage|p1b: Dondozo|61\/100\n|move|p2b: Garganacl|Salt Cure|p1b: Dondozo\n|-damage|p1b: Dondozo|54\/100\n|-start|p1b: Dondozo|Salt Cure\n|\n|-damage|p1b: Dondozo|29\/100|[from] Salt Cure\n|upkeep\n|turn|5\n|\n|t:|1683474103\n|move|p2a: Chien-Pao|Protect|p2a: Chien-Pao\n|-singleturn|p2a: Chien-Pao|Protect\n|move|p1b: Dondozo|Wave Crash|p2b: Garganacl\n|-damage|p2b: Garganacl|5\/100\n|-damage|p1b: Dondozo|0 fnt|[from] Recoil\n|faint|p1b: Dondozo\n|move|p2b: Garganacl|Iron Defense|p2b: Garganacl\n|-boost|p2b: Garganacl|def|2\n|\n|upkeep\n|\n|t:|1683474111\n|switch|p1b: Dragonite|Dragonite, L50, M, tera:Normal|22\/100\n|turn|6\n|-message|Dux-El52 forfeited.\n|\n|win|Jarcs\n|raw|Jarcs's rating: 1537 → 1555<\/strong> (+18 for winning)\n|raw|Dux-El52's rating: 1507 → 1489<\/strong> (-18 for losing)\n|l|\u2606Dux-El52\n|l|\u203dJarcs\n|l| LetSheCook\n","uploadtime":1683474308,"views":8,"p1id":"jarcs","p2id":"duxel52","formatid":"gen9vgc2023regulationc","rating":1489,"private":0,"password":""}