{"id":"gen9vgc2023regulationc-1863003244","p1":"knight8512","p2":"InfinityKnives","format":"[Gen 9] VGC 2023 Regulation C","log":"|j|\u2606knight8512\n|j|\u2606InfinityKnives\n|t:|1683950638\n|gametype|doubles\n|player|p1|knight8512|boarder|1249\n|player|p2|InfinityKnives|marlon|1155\n|teamsize|p1|6\n|teamsize|p2|6\n|gen|9\n|tier|[Gen 9] VGC 2023 Regulation C\n|rated|\n|rule|Species Clause: Limit one of each Pok\u00e9mon\n|rule|Item Clause: Limit one of each item\n|clearpoke\n|poke|p1|Flutter Mane, L50|\n|poke|p1|Amoonguss, L50, F|\n|poke|p1|Murkrow, L50, F|\n|poke|p1|Chi-Yu, L50|\n|poke|p1|Baxcalibur, L50, F|\n|poke|p1|Great Tusk, L50|\n|poke|p2|Hatterene, L50, F|\n|poke|p2|Torkoal, L50, F|\n|poke|p2|Farigiraf, L50, F|\n|poke|p2|Garganacl, L50, M|\n|poke|p2|Ceruledge, L50, F|\n|poke|p2|Slither Wing, L50|\n|teampreview|4\n|\n|t:|1683950720\n|start\n|switch|p1a: Flutter Mane|Flutter Mane, L50|100\/100\n|switch|p1b: Chi-Yu|Chi-Yu, L50|100\/100\n|switch|p2a: Garganacl|Garganacl, L50, M|100\/100\n|switch|p2b: Slither Wing|Slither Wing, L50|100\/100\n|-ability|p1b: Chi-Yu|Beads of Ruin\n|turn|1\n|inactive|Battle timer is ON: inactive players will automatically lose when time's up. (requested by InfinityKnives)\n|inactive|knight8512 has 60 seconds left.\n|\n|t:|1683950753\n|move|p2b: Slither Wing|Protect|p2b: Slither Wing\n|-singleturn|p2b: Slither Wing|Protect\n|move|p1a: Flutter Mane|Dazzling Gleam|p2a: Garganacl|[spread] p2a\n|-activate|p2b: Slither Wing|move: Protect\n|-damage|p2a: Garganacl|60\/100\n|-damage|p1a: Flutter Mane|91\/100|[from] item: Life Orb\n|move|p1b: Chi-Yu|Heat Wave|p2b: Slither Wing|[spread] p2a\n|-activate|p2b: Slither Wing|move: Protect\n|-resisted|p2a: Garganacl\n|-damage|p2a: Garganacl|41\/100\n|move|p2a: Garganacl|Heavy Slam|p1a: Flutter Mane\n|-supereffective|p1a: Flutter Mane\n|-damage|p1a: Flutter Mane|3\/100\n|\n|upkeep\n|turn|2\n|\n|t:|1683950776\n|-terastallize|p1b: Chi-Yu|Fire\n|move|p2a: Garganacl|Wide Guard|p2a: Garganacl\n|-singleturn|p2a: Garganacl|Wide Guard\n|move|p1a: Flutter Mane|Dazzling Gleam|p2b: Slither Wing|[spread] \n|-activate|p2a: Garganacl|move: Wide Guard\n|-activate|p2b: Slither Wing|move: Wide Guard\n|move|p1b: Chi-Yu|Heat Wave|p2a: Garganacl|[spread] \n|-activate|p2a: Garganacl|move: Wide Guard\n|-activate|p2b: Slither Wing|move: Wide Guard\n|move|p2b: Slither Wing|Earthquake|p1b: Chi-Yu|[spread] p1a,p1b\n|-activate|p2a: Garganacl|move: Wide Guard\n|-supereffective|p1b: Chi-Yu\n|-damage|p1a: Flutter Mane|0 fnt\n|-damage|p1b: Chi-Yu|27\/100\n|faint|p1a: Flutter Mane\n|-end|p1a: Flutter Mane|Protosynthesis|[silent]\n|\n|upkeep\n|\n|t:|1683950795\n|switch|p1a: Baxcalibur|Baxcalibur, L50, F|100\/100\n|turn|3\n|\n|t:|1683950809\n|move|p2a: Garganacl|Wide Guard|p2a: Garganacl\n|-singleturn|p2a: Garganacl|Wide Guard\n|move|p1b: Chi-Yu|Dark Pulse|p2a: Garganacl\n|-crit|p2a: Garganacl\n|-damage|p2a: Garganacl|0 fnt\n|faint|p2a: Garganacl\n|move|p1a: Baxcalibur|Icicle Spear|p2b: Slither Wing\n|-crit|p2b: Slither Wing\n|-damage|p2b: Slither Wing|73\/100\n|-damage|p2b: Slither Wing|55\/100\n|-damage|p2b: Slither Wing|39\/100\n|-damage|p2b: Slither Wing|21\/100\n|-hitcount|p2b: Slither Wing|4\n|move|p2b: Slither Wing|Close Combat|p1a: Baxcalibur\n|-supereffective|p1a: Baxcalibur\n|-damage|p1a: Baxcalibur|0 fnt\n|-unboost|p2b: Slither Wing|def|1\n|-unboost|p2b: Slither Wing|spd|1\n|faint|p1a: Baxcalibur\n|\n|upkeep\n|\n|t:|1683950829\n|switch|p1a: Amoonguss|Amoonguss, L50, F, shiny|100\/100\n|switch|p2a: Torkoal|Torkoal, L50, F|100\/100\n|-weather|SunnyDay|[from] ability: Drought|[of] p2a: Torkoal\n|-activate|p2b: Slither Wing|ability: Protosynthesis\n|-start|p2b: Slither Wing|protosynthesisatk\n|-item|p2a: Torkoal|Air Balloon\n|turn|4\n|inactive|InfinityKnives has 30 seconds left.\n|\n|t:|1683950861\n|move|p1b: Chi-Yu|Heat Wave|p2b: Slither Wing|[spread] p2a,p2b\n|-resisted|p2a: Torkoal\n|-supereffective|p2b: Slither Wing\n|-damage|p2a: Torkoal|33\/100\n|-damage|p2b: Slither Wing|0 fnt\n|-enditem|p2a: Torkoal|Air Balloon\n|faint|p2b: Slither Wing\n|-end|p2b: Slither Wing|Protosynthesis|[silent]\n|move|p1a: Amoonguss|Pollen Puff|p1b: Chi-Yu\n|-heal|p1b: Chi-Yu|77\/100\n|move|p2a: Torkoal|Lava Plume|p1b: Chi-Yu|[spread] p1a,p1b\n|-supereffective|p1a: Amoonguss\n|-resisted|p1b: Chi-Yu\n|-damage|p1a: Amoonguss|6\/100\n|-damage|p1b: Chi-Yu|56\/100\n|\n|-weather|SunnyDay|[upkeep]\n|upkeep\n|\n|t:|1683950872\n|switch|p2b: Farigiraf|Farigiraf, L50, F|100\/100\n|turn|5\n|\n|t:|1683950895\n|-terastallize|p2b: Farigiraf|Normal\n|move|p1b: Chi-Yu|Dark Pulse|p2b: Farigiraf\n|-damage|p2b: Farigiraf|41\/100\n|cant|p2b: Farigiraf|flinch\n|move|p1a: Amoonguss|Spore|p2a: Torkoal\n|-status|p2a: Torkoal|slp|[from] move: Spore\n|cant|p2a: Torkoal|slp\n|\n|-weather|SunnyDay|[upkeep]\n|upkeep\n|turn|6\n|c|\u2606InfinityKnives|uggh\n|inactive|knight8512 has 30 seconds left.\n|\n|t:|1683950924\n|move|p1b: Chi-Yu|Heat Wave|p2a: Torkoal|[spread] p2a,p2b\n|-resisted|p2a: Torkoal\n|-damage|p2a: Torkoal|0 fnt\n|-damage|p2b: Farigiraf|0 fnt\n|faint|p2a: Torkoal\n|faint|p2b: Farigiraf\n|\n|win|knight8512\n|raw|knight8512's rating: 1249 → 1267<\/strong> (+18 for winning)\n|raw|InfinityKnives's rating: 1155 → 1137<\/strong> (-18 for losing)\n|c|\u2606knight8512|Hh\n|c|\u2606knight8512|Gg\n|l|\u2606InfinityKnives\n|l|\u2606knight8512\n|j|\u2606knight8512\n|player|p1|knight8512|boarder\n|l|\u2606knight8512\n|player|p1|\n|j|\u2606knight8512\n|player|p1|knight8512|boarder\n","uploadtime":1683951775,"views":15,"p1id":"knight8512","p2id":"infinityknives","formatid":"gen9vgc2023regulationc","rating":1137,"private":0,"password":""}