{"id":"gen9vgc2023regulationc-1847533648","p1":"DrSchmoves","p2":"Sprye0216","format":"[Gen 9] VGC 2023 Regulation C","log":"|j|\u2606DrSchmoves\n|j|\u2606Sprye0216\n|t:|1681968705\n|gametype|doubles\n|player|p1|DrSchmoves|1|1135\n|player|p2|Sprye0216|skyla|1087\n|teamsize|p1|6\n|teamsize|p2|6\n|gen|9\n|tier|[Gen 9] VGC 2023 Regulation C\n|rated|\n|rule|Species Clause: Limit one of each Pok\u00e9mon\n|rule|Item Clause: Limit one of each item\n|clearpoke\n|poke|p1|Flutter Mane, L50|\n|poke|p1|Gothitelle, L50, F|\n|poke|p1|Chien-Pao, L50|\n|poke|p1|Palafin, L50, M|\n|poke|p1|Amoonguss, L50, F|\n|poke|p1|Iron Hands, L50|\n|poke|p2|Talonflame, L50, M|\n|poke|p2|Garchomp, L50, F|\n|poke|p2|Gholdengo, L50|\n|poke|p2|Palafin, L50, M|\n|poke|p2|Amoonguss, L50, F|\n|poke|p2|Chien-Pao, L50|\n|teampreview|4\nSprye0216 has agreed to open team sheets.\n|\n|t:|1681968749\n|start\n|switch|p1a: Palafin|Palafin, L50, M|100\/100\n|switch|p1b: Chien-Pao|Chien-Pao, L50|100\/100\n|switch|p2a: Talonflame|Talonflame, L50, M|100\/100\n|switch|p2b: Garchomp|Garchomp, L50, F|100\/100\n|-ability|p1b: Chien-Pao|Sword of Ruin\n|turn|1\n|\n|t:|1681968780\n|-terastallize|p1a: Palafin|Water\n|move|p1b: Chien-Pao|Protect|p1b: Chien-Pao\n|-singleturn|p1b: Chien-Pao|Protect\n|move|p2b: Garchomp|Protect|p2b: Garchomp\n|-singleturn|p2b: Garchomp|Protect\n|move|p1a: Palafin|Jet Punch|p2a: Talonflame\n|-supereffective|p2a: Talonflame\n|-damage|p2a: Talonflame|0 fnt\n|faint|p2a: Talonflame\n|\n|upkeep\n|\n|t:|1681968792\n|switch|p2a: Gholdengo|Gholdengo, L50|100\/100\n|turn|2\n|\n|t:|1681968822\n|detailschange|p1a: Palafin|Palafin-Hero, L50, M, tera:Water\n|switch|p1a: Gothitelle|Gothitelle, L50, F|100\/100\n|move|p1b: Chien-Pao|Throat Chop|p2a: Gholdengo\n|-supereffective|p2a: Gholdengo\n|-damage|p2a: Gholdengo|0 fnt\n|faint|p2a: Gholdengo\n|move|p2b: Garchomp|Rock Slide|p1a: Gothitelle|[spread] p1b\n|-miss|p2b: Garchomp|p1a: Gothitelle\n|-supereffective|p1b: Chien-Pao\n|-damage|p1b: Chien-Pao|40\/100\n|\n|upkeep\n|\n|t:|1681968832\n|switch|p2a: Chien-Pao|Chien-Pao, L50|100\/100\n|-ability|p2a: Chien-Pao|Sword of Ruin\n|turn|3\n|\n|t:|1681968859\n|move|p1a: Gothitelle|Fake Out|p2a: Chien-Pao\n|-damage|p2a: Chien-Pao|93\/100\n|cant|p2a: Chien-Pao|flinch\n|move|p1b: Chien-Pao|Sacred Sword|p2a: Chien-Pao\n|-supereffective|p2a: Chien-Pao\n|-damage|p2a: Chien-Pao|0 fnt\n|faint|p2a: Chien-Pao\n|move|p2b: Garchomp|Stomping Tantrum|p1a: Gothitelle\n|-damage|p1a: Gothitelle|41\/100\n|-enditem|p1a: Gothitelle|Sitrus Berry|[eat]\n|-heal|p1a: Gothitelle|66\/100|[from] item: Sitrus Berry\n|\n|upkeep\n|turn|4\n|\n|t:|1681968875\n|-terastallize|p2b: Garchomp|Fire\n|move|p1b: Chien-Pao|Ice Spinner|p2b: Garchomp\n|-resisted|p2b: Garchomp\n|-damage|p2b: Garchomp|75\/100\n|-damage|p1b: Chien-Pao|28\/100|[from] ability: Rough Skin|[of] p2b: Garchomp\n|move|p2b: Garchomp|Earthquake|p1a: Gothitelle|[spread] p1a,p1b\n|-damage|p1a: Gothitelle|2\/100\n|-damage|p1b: Chien-Pao|0 fnt\n|faint|p1b: Chien-Pao\n|move|p1a: Gothitelle|Trick Room|p1a: Gothitelle\n|-fieldstart|move: Trick Room|[of] p1a: Gothitelle\n|\n|upkeep\n|\n|t:|1681968888\n|switch|p1b: Palafin|Palafin-Hero, L50, M, tera:Water|100\/100\n|-activate|p1b: Palafin|ability: Zero to Hero\n|turn|5\n|\n|t:|1681968900\n|switch|p1a: Amoonguss|Amoonguss, L50, F|100\/100\n|move|p1b: Palafin|Wave Crash|p2b: Garchomp\n|-supereffective|p2b: Garchomp\n|-damage|p2b: Garchomp|0 fnt\n|-damage|p1b: Palafin|88\/100|[from] ability: Rough Skin|[of] p2b: Garchomp\n|faint|p2b: Garchomp\n|-damage|p1b: Palafin|67\/100|[from] Recoil\n|\n|win|DrSchmoves\n|raw|DrSchmoves's rating: 1135 → 1157<\/strong> (+22 for winning)\n|raw|Sprye0216's rating: 1087 → 1067<\/strong> (-20 for losing)\n","uploadtime":1681968910,"views":7,"p1id":"drschmoves","p2id":"sprye0216","formatid":"gen9vgc2023regulationc","rating":1067,"private":0,"password":""}