{"id":"gen9vgc2023regulationc-1864246993","p1":"ShadowTopaz","p2":"Lone_Garurumon","format":"[Gen 9] VGC 2023 Regulation C","log":"|j|\u2606ShadowTopaz\n|j|\u2606Lone_Garurumon\n|t:|1684144006\n|gametype|doubles\n|player|p1|ShadowTopaz|marley|\n|player|p2|Lone_Garurumon|riley|\n|teamsize|p1|6\n|teamsize|p2|6\n|gen|9\n|tier|[Gen 9] VGC 2023 Regulation C\n|rule|Species Clause: Limit one of each Pok\u00e9mon\n|rule|Item Clause: Limit one of each item\n|clearpoke\n|poke|p1|Garchomp, L50, M|\n|poke|p1|Gastrodon-East, L50, F|\n|poke|p1|Lucario, L50, M|\n|poke|p1|Hippowdon, L50, F|\n|poke|p1|Rotom-Wash, L50|\n|poke|p1|Magnezone, L50|\n|poke|p2|Garchomp, L50, M|\n|poke|p2|Lucario, L50, F|\n|poke|p2|Staraptor, L50, M|\n|poke|p2|Gallade, L50, M|\n|poke|p2|Drifblim, L50, M|\n|poke|p2|Bronzong, L50|\n|teampreview|4\n|\n|t:|1684144072\n|start\n|switch|p1a: Iresu|Rotom-Wash, L50|100\/100\n|switch|p1b: Petorush|Gastrodon-East, L50, F|100\/100\n|switch|p2a: Heinz|Drifblim, L50, M|100\/100\n|switch|p2b: Gawain|Gallade, L50, M|100\/100\n|turn|1\n|\n|t:|1684144093\n|move|p2b: Gawain|Leaf Blade|p1a: Iresu\n|-supereffective|p1a: Iresu\n|-damage|p1a: Iresu|21\/100\n|move|p2a: Heinz|Tailwind|p2a: Heinz\n|-sidestart|p2: Lone_Garurumon|move: Tailwind\n|move|p1a: Iresu|Will-O-Wisp|p2b: Gawain\n|-status|p2b: Gawain|brn\n|move|p1b: Petorush|Muddy Water|p2a: Heinz|[spread] p2b\n|-miss|p1b: Petorush|p2a: Heinz\n|-damage|p2b: Gawain|84\/100 brn\n|\n|-damage|p2b: Gawain|78\/100 brn|[from] brn\n|-status|p2a: Heinz|brn|[from] item: Flame Orb\n|upkeep\n|turn|2\n|\n|t:|1684144119\n|move|p2b: Gawain|Leaf Blade|p1b: Petorush\n|-supereffective|p1b: Petorush\n|-damage|p1b: Petorush|3\/100\n|move|p2a: Heinz|Shadow Ball|p1a: Iresu\n|-damage|p1a: Iresu|0 fnt\n|faint|p1a: Iresu\n|move|p1b: Petorush|Earth Power|p2b: Gawain\n|-damage|p2b: Gawain|55\/100 brn\n|\n|-heal|p1b: Petorush|9\/100|[from] item: Leftovers\n|-damage|p2b: Gawain|49\/100 brn|[from] brn\n|-damage|p2a: Heinz|94\/100 brn|[from] brn\n|upkeep\n|\n|t:|1684144131\n|switch|p1a: Shinda|Hippowdon, L50, F|100\/100\n|-weather|Sandstorm|[from] ability: Sand Stream|[of] p1a: Shinda\n|turn|3\n|\n|t:|1684144160\n|move|p1b: Petorush|Protect|p1b: Petorush\n|-singleturn|p1b: Petorush|Protect\n|move|p2b: Gawain|Leaf Blade|p1b: Petorush\n|-activate|p1b: Petorush|move: Protect\n|move|p2a: Heinz|Shadow Ball|p1a: Shinda\n|-damage|p1a: Shinda|62\/100\n|move|p1a: Shinda|Stomping Tantrum|p2b: Gawain\n|-damage|p2b: Gawain|1\/100 brn\n|\n|-weather|Sandstorm|[upkeep]\n|-damage|p2b: Gawain|0 fnt|[from] Sandstorm\n|-damage|p2a: Heinz|88\/100 brn|[from] Sandstorm\n|faint|p2b: Gawain\n|-heal|p1b: Petorush|15\/100|[from] item: Leftovers\n|-damage|p2a: Heinz|82\/100 brn|[from] brn\n|upkeep\n|\n|t:|1684144177\n|switch|p2b: Rawk|Staraptor, L50, M|100\/100\n|-ability|p2b: Rawk|Intimidate|boost\n|-unboost|p1a: Shinda|atk|1\n|-unboost|p1b: Petorush|atk|1\n|turn|4\n|\n|t:|1684144233\n|switch|p2b: Rio|Lucario, L50, F, shiny|100\/100\n|move|p2a: Heinz|Shadow Ball|p1b: Petorush\n|-damage|p1b: Petorush|0 fnt\n|faint|p1b: Petorush\n|move|p1a: Shinda|Yawn|p2b: Rio\n|-start|p2b: Rio|move: Yawn|[of] p1a: Shinda\n|\n|-weather|Sandstorm|[upkeep]\n|-damage|p2a: Heinz|76\/100 brn|[from] Sandstorm\n|-damage|p2a: Heinz|69\/100 brn|[from] brn\n|-sideend|p2: Lone_Garurumon|move: Tailwind\n|upkeep\n|\n|t:|1684144244\n|switch|p1b: Hoyau|Garchomp, L50, M|100\/100\n|turn|5\n|\n|t:|1684144297\n|move|p1b: Hoyau|Rock Slide|p2b: Rio|[spread] p2a,p2b\n|-supereffective|p2a: Heinz\n|-resisted|p2b: Rio\n|-damage|p2a: Heinz|0 fnt\n|-damage|p2b: Rio|89\/100\n|faint|p2a: Heinz\n|move|p2b: Rio|Aura Sphere|p1b: Hoyau\n|-damage|p1b: Hoyau|60\/100\n|move|p1a: Shinda|Slack Off|p1a: Shinda\n|-heal|p1a: Shinda|100\/100\n|\n|-weather|Sandstorm|[upkeep]\n|-end|p2b: Rio|move: Yawn|[silent]\n|-status|p2b: Rio|slp\n|upkeep\n|\n|t:|1684144309\n|switch|p2a: Rawk|Staraptor, L50, M|100\/100\n|-ability|p2a: Rawk|Intimidate|boost\n|-unboost|p1a: Shinda|atk|1\n|-unboost|p1b: Hoyau|atk|1\n|turn|6\n|\n|t:|1684144322\n|-terastallize|p2a: Rawk|Normal\n|move|p1b: Hoyau|Rock Slide|p2a: Rawk|[spread] p2a,p2b\n|-resisted|p2b: Rio\n|-damage|p2a: Rawk|69\/100\n|-damage|p2b: Rio|81\/100 slp\n|cant|p2b: Rio|slp\n|move|p2a: Rawk|Double-Edge|p1b: Hoyau\n|-crit|p1b: Hoyau\n|-damage|p1b: Hoyau|0 fnt\n|faint|p1b: Hoyau\n|-damage|p2a: Rawk|47\/100|[from] Recoil\n|-damage|p2a: Rawk|37\/100|[from] item: Life Orb\n|move|p1a: Shinda|Stomping Tantrum|p2b: Rio\n|-supereffective|p2b: Rio\n|-damage|p2b: Rio|32\/100 slp\n|\n|-weather|Sandstorm|[upkeep]\n|-damage|p2a: Rawk|31\/100|[from] Sandstorm\n|upkeep\n|turn|7\n|\n|t:|1684144353\n|cant|p2b: Rio|slp\n|move|p2a: Rawk|Double-Edge|p1a: Shinda\n|-damage|p1a: Shinda|17\/100\n|-damage|p2a: Rawk|0 fnt|[from] Recoil\n|faint|p2a: Rawk\n|move|p1a: Shinda|Yawn||[still]\n|-fail|p1a: Shinda\n|\n|-weather|Sandstorm|[upkeep]\n|upkeep\n|turn|8\n|\n|t:|1684144366\n|cant|p2b: Rio|slp\n|move|p1a: Shinda|Slack Off|p1a: Shinda\n|-heal|p1a: Shinda|67\/100\n|\n|-weather|Sandstorm|[upkeep]\n|upkeep\n|turn|9\n|\n|t:|1684144374\n|-curestatus|p2b: Rio|slp|[msg]\n|move|p2b: Rio|Aura Sphere|p1a: Shinda\n|-damage|p1a: Shinda|38\/100\n|move|p1a: Shinda|Stomping Tantrum|p2b: Rio\n|-supereffective|p2b: Rio\n|-damage|p2b: Rio|0 fnt\n|faint|p2b: Rio\n|\n|win|ShadowTopaz\n|c|\u2606Lone_Garurumon|Wow real bad sleep RNG\n|c|\u2606Lone_Garurumon|GG tho\n|c|\u2606ShadowTopaz|gg\n|c|\u2606ShadowTopaz|Man, that was nerve-wracking.\n","uploadtime":1684144386,"views":19,"p1id":"shadowtopaz","p2id":"lonegarurumon","formatid":"gen9vgc2023regulationc","rating":0,"private":0,"password":""}