{"id":"gen9vgc2023regulationc-1854928010","p1":"awesome10billion","p2":"Rockayy","format":"[Gen 9] VGC 2023 Regulation C","log":"|j|\u2606awesome10billion\n|j|\u2606Rockayy\n|t:|1682881710\n|gametype|doubles\n|player|p1|awesome10billion|170|\n|player|p2|Rockayy|1|\n|teamsize|p1|6\n|teamsize|p2|6\n|gen|9\n|tier|[Gen 9] VGC 2023 Regulation C\n|rule|Species Clause: Limit one of each Pok\u00e9mon\n|rule|Item Clause: Limit one of each item\n|clearpoke\n|poke|p1|Iron Hands, L50|\n|poke|p1|Amoonguss, L50, F|\n|poke|p1|Pelipper, L50, M|\n|poke|p1|Palafin, L50, F|\n|poke|p1|Baxcalibur, L50, F|\n|poke|p1|Dragonite, L50, F|\n|poke|p2|Amoonguss, L50, M|\n|poke|p2|Salamence, L50, M|\n|poke|p2|Meowscarada, L50, M|\n|poke|p2|Annihilape, L50, F|\n|poke|p2|Kingambit, L50, F|\n|poke|p2|Skeledirge, L50, M|\n|teampreview|4\n|inactive|Battle timer is ON: inactive players will automatically lose when time's up. (requested by awesome10billion)\nawesome10billion has agreed to open team sheets.\n|inactive|awesome10billion has 60 seconds left.\n|\n|t:|1682881753\n|start\n|switch|p1a: Iron Hands|Iron Hands, L50|100\/100\n|switch|p1b: Palafin|Palafin, L50, F|100\/100\n|switch|p2a: Skeledirge|Skeledirge, L50, M|100\/100\n|switch|p2b: Meowscarada|Meowscarada, L50, M|100\/100\n|turn|1\n|\n|t:|1682881772\n|detailschange|p1b: Palafin|Palafin-Hero, L50, F\n|switch|p1b: Pelipper|Pelipper, L50, M|100\/100\n|-weather|RainDance|[from] ability: Drizzle|[of] p1b: Pelipper\n|-terastallize|p2a: Skeledirge|Fairy\n|move|p2b: Meowscarada|U-turn|p1a: Iron Hands\n|-start|p2b: Meowscarada|typechange|Bug|[from] ability: Protean\n|-resisted|p1a: Iron Hands\n|-damage|p1a: Iron Hands|90\/100\n|\n|t:|1682881796\n|switch|p2b: Salamence|Salamence, L50, M|100\/100|[from] U-turn\n|-ability|p2b: Salamence|Intimidate|boost\n|-unboost|p1a: Iron Hands|atk|1\n|-unboost|p1b: Pelipper|atk|1\n|move|p2a: Skeledirge|Tera Blast|p1a: Iron Hands\n|-supereffective|p1a: Iron Hands\n|-damage|p1a: Iron Hands|51\/100\n|move|p1a: Iron Hands|Volt Switch|p2b: Salamence\n|-damage|p2b: Salamence|87\/100\n|\n|t:|1682881806\n|-end|p1a: Iron Hands|Quark Drive|[silent]\n|switch|p1a: Palafin|Palafin-Hero, L50, F|100\/100|[from] Volt Switch\n|-activate|p1a: Palafin|ability: Zero to Hero\n|\n|-weather|RainDance|[upkeep]\n|upkeep\n|turn|2\n|\n|t:|1682881830\n|move|p2b: Salamence|Tailwind|p2b: Salamence\n|-sidestart|p2: Rockayy|move: Tailwind\n|move|p2a: Skeledirge|Shadow Ball|p1b: Pelipper\n|-damage|p1b: Pelipper|36\/100\n|move|p1a: Palafin|Wave Crash|p2a: Skeledirge\n|-damage|p2a: Skeledirge|0 fnt\n|faint|p2a: Skeledirge\n|-damage|p1a: Palafin|68\/100|[from] Recoil\n|move|p1b: Pelipper|Tailwind|p1b: Pelipper\n|-sidestart|p1: awesome10billion|move: Tailwind\n|\n|-weather|RainDance|[upkeep]\n|upkeep\n|\n|t:|1682881844\n|switch|p2a: Annihilape|Annihilape, L50, F|100\/100\n|turn|3\n|\n|t:|1682881868\n|move|p2b: Salamence|Protect|p2b: Salamence\n|-singleturn|p2b: Salamence|Protect\n|move|p2a: Annihilape|Final Gambit|p1a: Palafin\n|-damage|p1a: Palafin|0 fnt\n|faint|p2a: Annihilape\n|faint|p1a: Palafin\n|move|p1b: Pelipper|Hurricane|p2b: Salamence\n|-activate|p2b: Salamence|move: Protect\n|\n|-weather|RainDance|[upkeep]\n|upkeep\n|j| BumpyBumps\n|\n|t:|1682881879\n|switch|p2a: Meowscarada|Meowscarada, L50, M|100\/100\n|switch|p1a: Dragonite|Dragonite, L50, F|100\/100\n|turn|4\n|\n|t:|1682881891\n|-terastallize|p1a: Dragonite|Flying\n|move|p2a: Meowscarada|Sucker Punch|p1b: Pelipper\n|-start|p2a: Meowscarada|typechange|Dark|[from] ability: Protean\n|-damage|p1b: Pelipper|0 fnt\n|faint|p1b: Pelipper\n|move|p2b: Salamence|Roost|p2b: Salamence\n|-heal|p2b: Salamence|100\/100\n|-singleturn|p2b: Salamence|move: Roost\n|move|p1a: Dragonite|Ice Spinner|p2b: Salamence\n|-supereffective|p2b: Salamence\n|-damage|p2b: Salamence|45\/100\n|\n|-weather|RainDance|[upkeep]\n|upkeep\n|\n|t:|1682881904\n|switch|p1b: Iron Hands|Iron Hands, L50|51\/100\n|turn|5\n|\n|t:|1682881918\n|move|p2b: Salamence|Protect|p2b: Salamence\n|-singleturn|p2b: Salamence|Protect\n|move|p1b: Iron Hands|Fake Out|p2a: Meowscarada\n|-damage|p2a: Meowscarada|75\/100\n|cant|p2a: Meowscarada|flinch\n|move|p1a: Dragonite|Ice Spinner|p2b: Salamence\n|-activate|p2b: Salamence|move: Protect\n|\n|-weather|none\n|-sideend|p2: Rockayy|move: Tailwind\n|-sideend|p1: awesome10billion|move: Tailwind\n|upkeep\n|turn|6\n|\n|t:|1682881935\n|move|p2a: Meowscarada|Sucker Punch|p1b: Iron Hands\n|-resisted|p1b: Iron Hands\n|-damage|p1b: Iron Hands|41\/100\n|move|p2b: Salamence|Roost|p2b: Salamence\n|-heal|p2b: Salamence|95\/100\n|-singleturn|p2b: Salamence|move: Roost\n|move|p1a: Dragonite|Ice Spinner|p2b: Salamence\n|-supereffective|p2b: Salamence\n|-damage|p2b: Salamence|37\/100\n|move|p1b: Iron Hands|Close Combat|p2a: Meowscarada\n|-supereffective|p2a: Meowscarada\n|-damage|p2a: Meowscarada|0 fnt\n|-unboost|p1b: Iron Hands|def|1\n|-unboost|p1b: Iron Hands|spd|1\n|faint|p2a: Meowscarada\n|\n|upkeep\n|turn|7\n|\n|t:|1682881958\n|move|p2b: Salamence|Heat Wave|p1b: Iron Hands|[spread] p1a,p1b\n|-damage|p1a: Dragonite|93\/100\n|-damage|p1b: Iron Hands|28\/100\n|move|p1a: Dragonite|Ice Spinner|p2b: Salamence\n|-supereffective|p2b: Salamence\n|-damage|p2b: Salamence|0 fnt\n|faint|p2b: Salamence\n|\n|win|awesome10billion\n|c|\u2606awesome10billion|gg\n|c|\u2606Rockayy|gg\n|l| BumpyBumps\n|l|\u2606awesome10billion\n|l|\u2606Rockayy\n","uploadtime":1682881967,"views":9,"p1id":"awesome10billion","p2id":"rockayy","formatid":"gen9vgc2023regulationc","rating":0,"private":0,"password":""}