{"id":"gen9vgc2023regulationc-1853286057","p1":"anshar_training","p2":"arielism0010","format":"[Gen 9] VGC 2023 Regulation C","log":"|j|\u2606anshar_training\n|j|\u2606arielism0010\n|t:|1682661184\n|gametype|doubles\n|player|p1|anshar_training|colress|1071\n|player|p2|arielism0010|dahlia|1060\n|teamsize|p1|6\n|teamsize|p2|6\n|gen|9\n|tier|[Gen 9] VGC 2023 Regulation C\n|rated|\n|rule|Species Clause: Limit one of each Pok\u00e9mon\n|rule|Item Clause: Limit one of each item\n|clearpoke\n|poke|p1|Palafin, L50, M|\n|poke|p1|Flutter Mane, L50|\n|poke|p1|Arcanine, L50, F|\n|poke|p1|Amoonguss, L50, M|\n|poke|p1|Ting-Lu, L50|\n|poke|p1|Roaring Moon, L50|\n|poke|p2|Altaria, L50, M|\n|poke|p2|Great Tusk, L50|\n|poke|p2|Torkoal, L50, F|\n|poke|p2|Flutter Mane, L50|\n|poke|p2|Meowscarada, L50, M|\n|poke|p2|Ting-Lu, L50|\n|teampreview|4\n|\n|t:|1682661225\n|start\n|switch|p1a: Benito|Roaring Moon, L50|100\/100\n|switch|p1b: Susy|Amoonguss, L50, M|100\/100\n|switch|p2a: Torkoal|Torkoal, L50, F|100\/100\n|switch|p2b: Flutter Mane|Flutter Mane, L50|100\/100\n|-weather|SunnyDay|[from] ability: Drought|[of] p2a: Torkoal\n|-activate|p2b: Flutter Mane|ability: Protosynthesis\n|-start|p2b: Flutter Mane|protosynthesisspa\n|-activate|p1a: Benito|ability: Protosynthesis\n|-start|p1a: Benito|protosynthesisatk\n|turn|1\n|inactive|Battle timer is ON: inactive players will automatically lose when time's up. (requested by arielism0010)\n|inactive|anshar_training has 60 seconds left.\n|\n|t:|1682661264\n|-terastallize|p2b: Flutter Mane|Poison\n|-terastallize|p1a: Benito|Flying\n|move|p1b: Susy|Rage Powder|p1b: Susy\n|-singleturn|p1b: Susy|move: Rage Powder\n|move|p2b: Flutter Mane|Moonblast|p1b: Susy\n|-resisted|p1b: Susy\n|-damage|p1b: Susy|48\/100\n|-enditem|p1b: Susy|Sitrus Berry|[eat]\n|-heal|p1b: Susy|73\/100|[from] item: Sitrus Berry\n|move|p1a: Benito|Dragon Dance|p1a: Benito\n|-boost|p1a: Benito|atk|1\n|-boost|p1a: Benito|spe|1\n|move|p2a: Torkoal|Yawn|p1b: Susy\n|-start|p1b: Susy|move: Yawn|[of] p2a: Torkoal\n|\n|-weather|SunnyDay|[upkeep]\n|upkeep\n|turn|2\n|inactive|anshar_training has 30 seconds left.\n|\n|t:|1682661295\n|switch|p1b: PlusUltra|Palafin, L50, M|100\/100\n|move|p2a: Torkoal|Helping Hand|p2b: Flutter Mane\n|-singleturn|p2b: Flutter Mane|Helping Hand|[of] p2a: Torkoal\n|move|p1a: Benito|Acrobatics|p2b: Flutter Mane\n|-damage|p2b: Flutter Mane|0 fnt\n|faint|p2b: Flutter Mane\n|-end|p2b: Flutter Mane|Protosynthesis|[silent]\n|\n|-weather|SunnyDay|[upkeep]\n|upkeep\n|\n|t:|1682661308\n|switch|p2b: Meowscarada|Meowscarada, L50, M|100\/100\n|turn|3\n|\n|t:|1682661327\n|detailschange|p1b: PlusUltra|Palafin-Hero, L50, M\n|switch|p1b: Susy|Amoonguss, L50, M|100\/100\n|move|p1a: Benito|Throat Chop|p2b: Meowscarada\n|-resisted|p2b: Meowscarada\n|-damage|p2b: Meowscarada|44\/100\n|-start|p2b: Meowscarada|Throat Chop|[silent]\n|move|p2b: Meowscarada|Flower Trick|p1a: Benito\n|-start|p2b: Meowscarada|typechange|Grass|[from] ability: Protean\n|-resisted|p1a: Benito\n|-crit|p1a: Benito\n|-damage|p1a: Benito|82\/100\n|move|p2a: Torkoal|Overheat|p1b: Susy\n|-supereffective|p1b: Susy\n|-damage|p1b: Susy|7\/100\n|-unboost|p2a: Torkoal|spa|2\n|\n|-weather|SunnyDay|[upkeep]\n|upkeep\n|turn|4\n|\n|t:|1682661351\n|move|p1b: Susy|Protect|p1b: Susy\n|-singleturn|p1b: Susy|Protect\n|move|p1a: Benito|Acrobatics|p2b: Meowscarada\n|-supereffective|p2b: Meowscarada\n|-damage|p2b: Meowscarada|0 fnt\n|faint|p2b: Meowscarada\n|move|p2a: Torkoal|Yawn|p1a: Benito\n|-start|p1a: Benito|move: Yawn|[of] p2a: Torkoal\n|\n|-weather|SunnyDay|[upkeep]\n|upkeep\n|\n|t:|1682661363\n|switch|p2b: Great Tusk|Great Tusk, L50|100\/100\n|-activate|p2b: Great Tusk|ability: Protosynthesis\n|-start|p2b: Great Tusk|protosynthesisatk\n|turn|5\n|\n|t:|1682661386\n|-end|p1a: Benito|Protosynthesis|[silent]\n|switch|p1a: Cornelia|Flutter Mane, L50|100\/100\n|-activate|p1a: Cornelia|ability: Protosynthesis\n|-start|p1a: Cornelia|protosynthesisspe\n|switch|p1b: PlusUltra|Palafin-Hero, L50, M|100\/100\n|-activate|p1b: PlusUltra|ability: Zero to Hero\n|move|p2a: Torkoal|Helping Hand|p2b: Great Tusk\n|-singleturn|p2b: Great Tusk|Helping Hand|[of] p2a: Torkoal\n|move|p2b: Great Tusk|Headlong Rush|p1b: PlusUltra\n|-crit|p1b: PlusUltra\n|-damage|p1b: PlusUltra|0 fnt\n|-unboost|p2b: Great Tusk|def|1\n|-unboost|p2b: Great Tusk|spd|1\n|faint|p1b: PlusUltra\n|-damage|p2b: Great Tusk|91\/100|[from] item: Life Orb\n|\n|-weather|none\n|-end|p1a: Cornelia|Protosynthesis\n|-end|p2b: Great Tusk|Protosynthesis\n|upkeep\n|\n|t:|1682661404\n|switch|p1b: Benito|Roaring Moon, L50, tera:Flying|82\/100\n|-enditem|p1b: Benito|Booster Energy\n|-activate|p1b: Benito|ability: Protosynthesis|[fromitem]\n|-start|p1b: Benito|protosynthesisatk\n|turn|6\n|\n|t:|1682661415\n|move|p2b: Great Tusk|Protect|p2b: Great Tusk\n|-singleturn|p2b: Great Tusk|Protect\n|move|p1a: Cornelia|Dazzling Gleam|p2b: Great Tusk|[spread] p2a\n|-activate|p2b: Great Tusk|move: Protect\n|-resisted|p2a: Torkoal\n|-damage|p2a: Torkoal|80\/100\n|move|p1b: Benito|Acrobatics|p2b: Great Tusk\n|-activate|p2b: Great Tusk|move: Protect\n|move|p2a: Torkoal|Yawn|p1b: Benito\n|-start|p1b: Benito|move: Yawn|[of] p2a: Torkoal\n|\n|upkeep\n|turn|7\n|\n|t:|1682661435\n|move|p2b: Great Tusk|Protect||[still]\n|-fail|p2b: Great Tusk\n|move|p1a: Cornelia|Dazzling Gleam|p2b: Great Tusk|[spread] p2a,p2b\n|-resisted|p2a: Torkoal\n|-supereffective|p2b: Great Tusk\n|-damage|p2a: Torkoal|59\/100\n|-damage|p2b: Great Tusk|0 fnt\n|faint|p2b: Great Tusk\n|-end|p2b: Great Tusk|Protosynthesis|[silent]\n|move|p1b: Benito|Acrobatics|p2a: Torkoal\n|-damage|p2a: Torkoal|0 fnt\n|faint|p2a: Torkoal\n|\n|win|anshar_training\n|raw|anshar_training's rating: 1071 → 1099<\/strong> (+28 for winning)\n|raw|arielism0010's rating: 1060 → 1042<\/strong> (-18 for losing)\n","uploadtime":1682661447,"views":5,"p1id":"anshartraining","p2id":"arielism0010","formatid":"gen9vgc2023regulationc","rating":1042,"private":0,"password":""}