{"id":"gen9vgc2023regulationc-1850853372","p1":"Savanna del cour","p2":"ljhartman","format":"[Gen 9] VGC 2023 Regulation C","log":"|j|\u2606Savanna del cour\n|j|\u2606ljhartman\n|t:|1682374557\n|gametype|doubles\n|player|p1|Savanna del cour|102|1095\n|player|p2|ljhartman|1|1066\n|teamsize|p1|6\n|teamsize|p2|6\n|gen|9\n|tier|[Gen 9] VGC 2023 Regulation C\n|rated|\n|rule|Species Clause: Limit one of each Pok\u00e9mon\n|rule|Item Clause: Limit one of each item\n|clearpoke\n|poke|p1|Torkoal, L50, F|\n|poke|p1|Lilligant, L50, F|\n|poke|p1|Ceruledge, L50, M|\n|poke|p1|Arcanine, L50, M|\n|poke|p1|Amoonguss, L50, F|\n|poke|p1|Chi-Yu, L50|\n|poke|p2|Arcanine, L50, M|\n|poke|p2|Haxorus, L50, M|\n|poke|p2|Amoonguss, L50, M|\n|poke|p2|Flutter Mane, L50|\n|poke|p2|Gyarados, L50, F|\n|poke|p2|Vivillon-Fancy, L50, F|\n|teampreview|4\n|\n|t:|1682374576\n|start\n|switch|p1a: Torkoal|Torkoal, L50, F|100\/100\n|switch|p1b: Lilligant|Lilligant, L50, F|100\/100\n|switch|p2a: Gyarados|Gyarados, L50, F|100\/100\n|switch|p2b: Amoonguss|Amoonguss, L50, M|100\/100\n|-ability|p2a: Gyarados|Intimidate|boost\n|-unboost|p1a: Torkoal|atk|1\n|-unboost|p1b: Lilligant|atk|1\n|-weather|SunnyDay|[from] ability: Drought|[of] p1a: Torkoal\n|turn|1\n|\n|t:|1682374604\n|-terastallize|p2a: Gyarados|Flying\n|move|p2b: Amoonguss|Protect|p2b: Amoonguss\n|-singleturn|p2b: Amoonguss|Protect\n|move|p1b: Lilligant|Sleep Powder|p2a: Gyarados\n|-status|p2a: Gyarados|slp|[from] move: Sleep Powder\n|cant|p2a: Gyarados|slp\n|move|p1a: Torkoal|Yawn|p2b: Amoonguss\n|-activate|p2b: Amoonguss|move: Protect\n|\n|-weather|SunnyDay|[upkeep]\n|upkeep\n|turn|2\n|inactive|Battle timer is ON: inactive players will automatically lose when time's up. (requested by Savanna del cour)\n|\n|t:|1682374685\n|switch|p2b: Flutter Mane|Flutter Mane, L50|100\/100\n|-activate|p2b: Flutter Mane|ability: Protosynthesis\n|-start|p2b: Flutter Mane|protosynthesisspe\n|-terastallize|p1b: Lilligant|Fire\n|move|p1b: Lilligant|Tera Blast|p2b: Flutter Mane\n|-damage|p2b: Flutter Mane|42\/100\n|-curestatus|p2a: Gyarados|slp|[msg]\n|move|p2a: Gyarados|Tera Blast|p1b: Lilligant\n|-damage|p1b: Lilligant|22\/100\n|move|p1a: Torkoal|Lava Plume|p2a: Gyarados|[spread] p1b,p2a,p2b\n|-resisted|p1b: Lilligant\n|-damage|p1b: Lilligant|3\/100\n|-damage|p2a: Gyarados|73\/100\n|-damage|p2b: Flutter Mane|13\/100\n|-status|p2b: Flutter Mane|brn\n|\n|-weather|SunnyDay|[upkeep]\n|-damage|p2b: Flutter Mane|7\/100 brn|[from] brn\n|upkeep\n|turn|3\n|inactive|Savanna del cour has 30 seconds left.\n|inactive|ljhartman has 30 seconds left.\n|inactive|Savanna del cour has 20 seconds left.\n|inactive|ljhartman has 20 seconds left.\n|\n|t:|1682374725\n|move|p2b: Flutter Mane|Protect|p2b: Flutter Mane\n|-singleturn|p2b: Flutter Mane|Protect\n|move|p1b: Lilligant|Giga Drain|p2a: Gyarados\n|-resisted|p2a: Gyarados\n|-damage|p2a: Gyarados|55\/100\n|-heal|p1b: Lilligant|14\/100|[from] drain|[of] p2a: Gyarados\n|move|p2a: Gyarados|Tera Blast|p1b: Lilligant\n|-damage|p1b: Lilligant|0 fnt\n|faint|p1b: Lilligant\n|move|p1a: Torkoal|Lava Plume|p2b: Flutter Mane|[spread] p2a\n|-activate|p2b: Flutter Mane|move: Protect\n|-damage|p2a: Gyarados|27\/100\n|\n|-weather|SunnyDay|[upkeep]\n|-damage|p2b: Flutter Mane|1\/100 brn|[from] brn\n|upkeep\n|\n|t:|1682374743\n|switch|p1b: Arcanine|Arcanine, L50, M|100\/100\n|-ability|p1b: Arcanine|Intimidate|boost\n|-unboost|p2a: Gyarados|atk|1\n|-unboost|p2b: Flutter Mane|atk|1\n|turn|4\n|\n|t:|1682374760\n|switch|p2a: Amoonguss|Amoonguss, L50, M|100\/100\n|move|p2b: Flutter Mane|Dazzling Gleam|p1b: Arcanine|[spread] p1a,p1b\n|-resisted|p1a: Torkoal\n|-resisted|p1b: Arcanine\n|-damage|p1a: Torkoal|77\/100\n|-damage|p1b: Arcanine|83\/100\n|move|p1b: Arcanine|Flare Blitz|p2a: Amoonguss\n|-supereffective|p2a: Amoonguss\n|-damage|p2a: Amoonguss|0 fnt\n|-damage|p1b: Arcanine|66\/100|[from] item: Rocky Helmet|[of] p2a: Amoonguss\n|faint|p2a: Amoonguss\n|-damage|p1b: Arcanine|30\/100|[from] Recoil\n|move|p1a: Torkoal|Rapid Spin|p2b: Flutter Mane\n|-immune|p2b: Flutter Mane\n|\n|-weather|SunnyDay|[upkeep]\n|-heal|p1b: Arcanine|36\/100|[from] item: Leftovers\n|-damage|p2b: Flutter Mane|0 fnt|[from] brn\n|faint|p2b: Flutter Mane\n|-end|p2b: Flutter Mane|Protosynthesis|[silent]\n|upkeep\n|\n|t:|1682374778\n|switch|p2b: Gyarados|Gyarados, L50, F, tera:Flying|27\/100\n|switch|p2a: Haxorus|Haxorus, L50, M|100\/100\n|-ability|p2b: Gyarados|Intimidate|boost\n|-unboost|p1a: Torkoal|atk|1\n|-unboost|p1b: Arcanine|atk|1\n|-ability|p2a: Haxorus|Mold Breaker\n|turn|5\n|inactive|ljhartman has 30 seconds left.\n|inactive|ljhartman has 20 seconds left.\n|\n|t:|1682374818\n|move|p2b: Gyarados|Tera Blast|p1a: Torkoal\n|-crit|p1a: Torkoal\n|-damage|p1a: Torkoal|29\/100\n|move|p2a: Haxorus|Earthquake|p1b: Arcanine|[spread] p1a,p1b\n|-immune|p2b: Gyarados\n|-supereffective|p1a: Torkoal\n|-supereffective|p1b: Arcanine\n|-damage|p1a: Torkoal|0 fnt\n|-damage|p1b: Arcanine|0 fnt\n|faint|p1a: Torkoal\n|faint|p1b: Arcanine\n|\n|-weather|SunnyDay|[upkeep]\n|upkeep\n|\n|t:|1682374836\n|switch|p1b: Amoonguss|Amoonguss, L50, F|100\/100\n|turn|6\n|\n|t:|1682374843\n|move|p2b: Gyarados|Tera Blast|p1b: Amoonguss\n|-supereffective|p1b: Amoonguss\n|-damage|p1b: Amoonguss|15\/100\n|move|p2a: Haxorus|Earthquake|p1b: Amoonguss|[spread] p1b\n|-immune|p2b: Gyarados\n|-damage|p1b: Amoonguss|0 fnt\n|faint|p1b: Amoonguss\n|\n|win|ljhartman\n|raw|Savanna del cour's rating: 1095 → 1069<\/strong> (-26 for losing)\n|raw|ljhartman's rating: 1066 → 1099<\/strong> (+33 for winning)\n|l|\u2606Savanna del cour\n","uploadtime":1682374862,"views":27,"p1id":"savannadelcour","p2id":"ljhartman","formatid":"gen9vgc2023regulationc","rating":1069,"private":0,"password":""}