{"id":"gen9vgc2023regulationc-1857114487","p1":"Braindeadmeta","p2":"Chat_Roux2023","format":"[Gen 9] VGC 2023 Regulation C","log":"|j|\u2606Braindeadmeta\n|j|\u2606Chat_Roux2023\n|t:|1683147226\n|gametype|doubles\n|player|p1|Braindeadmeta|skierf|1627\n|player|p2|Chat_Roux2023|rosa|1519\n|teamsize|p1|6\n|teamsize|p2|6\n|gen|9\n|tier|[Gen 9] VGC 2023 Regulation C\n|rated|\n|rule|Species Clause: Limit one of each Pok\u00e9mon\n|rule|Item Clause: Limit one of each item\n|clearpoke\n|poke|p1|Iron Hands, L50|\n|poke|p1|Oranguru, L50, F|\n|poke|p1|Torkoal, L50, M|\n|poke|p1|Sableye, L50, M|\n|poke|p1|Spiritomb, L50, F|\n|poke|p1|Ting-Lu, L50|\n|poke|p2|Flutter Mane, L50|\n|poke|p2|Volcarona, L50, F|\n|poke|p2|Wo-Chien, L50|\n|poke|p2|Chi-Yu, L50|\n|poke|p2|Grimmsnarl, L50, M|\n|poke|p2|Dragonite, L50, F|\n|teampreview|4\n|inactive|Battle timer is ON: inactive players will automatically lose when time's up. (requested by Braindeadmeta)\n|j| Vivi was taken\n|j| Friend_Or_Foe120\n|inactive|Braindeadmeta has 60 seconds left.\n|\n|t:|1683147266\n|start\n|switch|p1a: Spiritomb|Spiritomb, L50, F, shiny|100\/100\n|switch|p1b: Iron Hands|Iron Hands, L50|100\/100\n|switch|p2a: Grimmsnarl|Grimmsnarl, L50, M, shiny|100\/100\n|switch|p2b: Volcarona|Volcarona, L50, F, shiny|100\/100\n|-ability|p1a: Spiritomb|Pressure\n|turn|1\n|\n|t:|1683147281\n|move|p2a: Grimmsnarl|Reflect|p2a: Grimmsnarl\n|-sidestart|p2: Chat_Roux2023|Reflect\n|move|p2b: Volcarona|Quiver Dance|p2b: Volcarona\n|-boost|p2b: Volcarona|spa|1\n|-boost|p2b: Volcarona|spd|1\n|-boost|p2b: Volcarona|spe|1\n|move|p1b: Iron Hands|Swords Dance|p1b: Iron Hands\n|-boost|p1b: Iron Hands|atk|2\n|move|p1a: Spiritomb|Trick Room|p1a: Spiritomb\n|-fieldstart|move: Trick Room|[of] p1a: Spiritomb\n|\n|upkeep\n|turn|2\n|\n|t:|1683147301\n|move|p2b: Volcarona|Protect|p2b: Volcarona\n|-singleturn|p2b: Volcarona|Protect\n|move|p1b: Iron Hands|Wild Charge|p2a: Grimmsnarl\n|-damage|p2a: Grimmsnarl|18\/100\n|-damage|p1b: Iron Hands|82\/100|[from] Recoil\n|move|p1a: Spiritomb|Snarl|p2b: Volcarona|[spread] p2a\n|-activate|p2b: Volcarona|move: Protect\n|-resisted|p2a: Grimmsnarl\n|-damage|p2a: Grimmsnarl|15\/100\n|-unboost|p2a: Grimmsnarl|spa|1\n|move|p2a: Grimmsnarl|Spirit Break|p1b: Iron Hands\n|-supereffective|p1b: Iron Hands\n|-damage|p1b: Iron Hands|37\/100\n|-unboost|p1b: Iron Hands|spa|1\n|\n|upkeep\n|turn|3\n|inactive|Chat_Roux2023 has 30 seconds left.\n|\n|t:|1683147331\n|move|p2a: Grimmsnarl|Light Screen|p2a: Grimmsnarl\n|-sidestart|p2: Chat_Roux2023|move: Light Screen\n|move|p1b: Iron Hands|Earthquake|p2a: Grimmsnarl|[spread] p1a,p2a,p2b\n|-damage|p1a: Spiritomb|35\/100\n|-damage|p2a: Grimmsnarl|0 fnt\n|-damage|p2b: Volcarona|54\/100\n|-enditem|p1a: Spiritomb|Sitrus Berry|[eat]\n|-heal|p1a: Spiritomb|60\/100|[from] item: Sitrus Berry\n|faint|p2a: Grimmsnarl\n|move|p1a: Spiritomb|Snarl|p2b: Volcarona\n|-damage|p2b: Volcarona|47\/100\n|-unboost|p2b: Volcarona|spa|1\n|move|p2b: Volcarona|Heat Wave|p1a: Spiritomb|[spread] p1a,p1b\n|-damage|p1a: Spiritomb|35\/100\n|-damage|p1b: Iron Hands|13\/100\n|-status|p1b: Iron Hands|brn\n|-enditem|p1b: Iron Hands|Lum Berry|[eat]\n|-curestatus|p1b: Iron Hands|brn|[msg]\n|\n|-heal|p2b: Volcarona|54\/100|[from] item: Leftovers\n|upkeep\n|\n|t:|1683147350\n|switch|p2a: Wo-Chien|Wo-Chien, L50|100\/100\n|-ability|p2a: Wo-Chien|Tablets of Ruin\n|turn|4\n|\n|t:|1683147372\n|move|p2b: Volcarona|Protect|p2b: Volcarona\n|-singleturn|p2b: Volcarona|Protect\n|move|p1b: Iron Hands|Swords Dance|p1b: Iron Hands\n|-boost|p1b: Iron Hands|atk|2\n|move|p1a: Spiritomb|Snarl|p2a: Wo-Chien|[spread] p2a\n|-activate|p2b: Volcarona|move: Protect\n|-resisted|p2a: Wo-Chien\n|-damage|p2a: Wo-Chien|97\/100\n|-unboost|p2a: Wo-Chien|spa|1\n|move|p2a: Wo-Chien|Leech Seed|p1a: Spiritomb\n|-start|p1a: Spiritomb|move: Leech Seed\n|\n|-heal|p2b: Volcarona|60\/100|[from] item: Leftovers\n|-damage|p1a: Spiritomb|23\/100|[from] Leech Seed|[of] p2a: Wo-Chien\n|-heal|p2a: Wo-Chien|100\/100|[silent]\n|upkeep\n|turn|5\n|inactive|Chat_Roux2023 has 30 seconds left.\n|\n|t:|1683147404\n|-terastallize|p2a: Wo-Chien|Poison\n|move|p1b: Iron Hands|Wild Charge|p2b: Volcarona\n|-damage|p2b: Volcarona|0 fnt\n|faint|p2b: Volcarona\n|-damage|p1b: Iron Hands|0 fnt|[from] Recoil\n|faint|p1b: Iron Hands\n|-end|p1b: Iron Hands|Quark Drive|[silent]\n|move|p1a: Spiritomb|Destiny Bond|p1a: Spiritomb\n|-singlemove|p1a: Spiritomb|Destiny Bond\n|move|p2a: Wo-Chien|Pollen Puff|p1a: Spiritomb\n|-damage|p1a: Spiritomb|12\/100\n|\n|-damage|p1a: Spiritomb|0 fnt|[from] Leech Seed|[of] p2a: Wo-Chien\n|faint|p1a: Spiritomb\n|-fieldend|move: Trick Room\n|upkeep\n|\n|t:|1683147424\n|switch|p2b: Flutter Mane|Flutter Mane, L50|100\/100\n|switch|p1a: Torkoal|Torkoal, L50, M, shiny|100\/100\n|switch|p1b: Ting-Lu|Ting-Lu, L50|100\/100\n|-ability|p1b: Ting-Lu|Vessel of Ruin\n|-weather|SunnyDay|[from] ability: Drought|[of] p1a: Torkoal\n|-activate|p2b: Flutter Mane|ability: Protosynthesis\n|-start|p2b: Flutter Mane|protosynthesisspe\n|turn|6\n|\n|t:|1683147447\n|-terastallize|p1b: Ting-Lu|Poison\n|move|p2b: Flutter Mane|Shadow Ball|p1a: Torkoal\n|-damage|p1a: Torkoal|56\/100\n|move|p2a: Wo-Chien|Leech Seed|p1b: Ting-Lu\n|-start|p1b: Ting-Lu|move: Leech Seed\n|move|p1b: Ting-Lu|Heavy Slam|p2b: Flutter Mane\n|-supereffective|p2b: Flutter Mane\n|-damage|p2b: Flutter Mane|26\/100\n|move|p1a: Torkoal|Heat Wave|p2b: Flutter Mane|[spread] p2b\n|-miss|p1a: Torkoal|p2a: Wo-Chien\n|-damage|p2b: Flutter Mane|0 fnt\n|faint|p2b: Flutter Mane\n|-end|p2b: Flutter Mane|Protosynthesis|[silent]\n|\n|-weather|SunnyDay|[upkeep]\n|-damage|p1b: Ting-Lu|88\/100|[from] Leech Seed|[of] p2a: Wo-Chien\n|upkeep\n|turn|7\n|j| Mind of the Plana\n|\n|t:|1683147467\n|move|p2a: Wo-Chien|Leech Seed||[still]\n|-fail|p2a: Wo-Chien\n|move|p1b: Ting-Lu|Rock Slide|p2a: Wo-Chien\n|-damage|p2a: Wo-Chien|92\/100\n|move|p1a: Torkoal|Heat Wave|p2a: Wo-Chien\n|-damage|p2a: Wo-Chien|61\/100\n|\n|-weather|SunnyDay|[upkeep]\n|-damage|p1b: Ting-Lu|76\/100|[from] Leech Seed|[of] p2a: Wo-Chien\n|-heal|p2a: Wo-Chien|76\/100|[silent]\n|upkeep\n|turn|8\n|\n|t:|1683147480\n|move|p2a: Wo-Chien|Leech Seed|p1a: Torkoal\n|-start|p1a: Torkoal|move: Leech Seed\n|move|p1b: Ting-Lu|Rock Slide|p2a: Wo-Chien\n|-damage|p2a: Wo-Chien|67\/100\n|move|p1a: Torkoal|Heat Wave|p2a: Wo-Chien|[miss]\n|-miss|p1a: Torkoal|p2a: Wo-Chien\n|\n|-weather|SunnyDay|[upkeep]\n|-damage|p1b: Ting-Lu|64\/100|[from] Leech Seed|[of] p2a: Wo-Chien\n|-heal|p2a: Wo-Chien|82\/100|[silent]\n|-damage|p1a: Torkoal|44\/100|[from] Leech Seed|[of] p2a: Wo-Chien\n|-heal|p2a: Wo-Chien|93\/100|[silent]\n|-sideend|p2: Chat_Roux2023|Reflect\n|upkeep\n|turn|9\n|\n|t:|1683147500\n|move|p2a: Wo-Chien|Knock Off|p1b: Ting-Lu\n|-damage|p1b: Ting-Lu|46\/100\n|-enditem|p1b: Ting-Lu|Assault Vest|[from] move: Knock Off|[of] p2a: Wo-Chien\n|move|p1b: Ting-Lu|Rock Slide|p2a: Wo-Chien\n|-damage|p2a: Wo-Chien|79\/100\n|move|p1a: Torkoal|Heat Wave|p2a: Wo-Chien\n|-damage|p2a: Wo-Chien|49\/100\n|-enditem|p2a: Wo-Chien|Sitrus Berry|[eat]\n|-heal|p2a: Wo-Chien|74\/100|[from] item: Sitrus Berry\n|\n|-weather|SunnyDay|[upkeep]\n|-damage|p1b: Ting-Lu|33\/100|[from] Leech Seed|[of] p2a: Wo-Chien\n|-heal|p2a: Wo-Chien|88\/100|[silent]\n|-damage|p1a: Torkoal|32\/100|[from] Leech Seed|[of] p2a: Wo-Chien\n|-heal|p2a: Wo-Chien|99\/100|[silent]\n|upkeep\n|turn|10\n|-message|Braindeadmeta forfeited.\n|\n|win|Chat_Roux2023\n|raw|Braindeadmeta's rating: 1627 → 1601<\/strong> (-26 for losing)\n|raw|Chat_Roux2023's rating: 1519 → 1545<\/strong> (+26 for winning)\n|l|\u2606Braindeadmeta\n|l| Friend_Or_Foe120\n|l|\u2606Chat_Roux2023\n|l| Vivi was taken\n","uploadtime":1683147595,"views":5,"p1id":"braindeadmeta","p2id":"chatroux2023","formatid":"gen9vgc2023regulationc","rating":1545,"private":0,"password":""}