{"id":"gen9vgc2023regulationc-1845792029","p1":"testsur0u","p2":"NotNehzzy","format":"[Gen 9] VGC 2023 Regulation C","log":"|j|\u2606testsur0u\n|j|\u2606NotNehzzy\n|t:|1681765000\n|gametype|doubles\n|player|p1|testsur0u|266|1118\n|player|p2|NotNehzzy|steven|1062\n|teamsize|p1|6\n|teamsize|p2|6\n|gen|9\n|tier|[Gen 9] VGC 2023 Regulation C\n|rated|\n|rule|Species Clause: Limit one of each Pok\u00e9mon\n|rule|Item Clause: Limit one of each item\n|clearpoke\n|poke|p1|Arcanine, L50, F|\n|poke|p1|Dragapult, L50, M|\n|poke|p1|Palafin, L50, F|\n|poke|p1|Chien-Pao, L50|\n|poke|p1|Abomasnow, L50, F|\n|poke|p1|Baxcalibur, L50, M|\n|poke|p2|Flutter Mane, L50|\n|poke|p2|Dragonite, L50, M|\n|poke|p2|Farigiraf, L50, M|\n|poke|p2|Gallade, L50, M|\n|poke|p2|Hatterene, L50, F|\n|poke|p2|Iron Bundle, L50|\n|teampreview|4\ntestsur0u has agreed to open team sheets.\n|\n|t:|1681765026\n|start\n|switch|p1a: Palafin|Palafin, L50, F|100\/100\n|switch|p1b: Baxcalibur|Baxcalibur, L50, M|100\/100\n|switch|p2a: Iron Bundle|Iron Bundle, L50|100\/100\n|switch|p2b: Flutter Mane|Flutter Mane, L50|100\/100\n|-enditem|p2a: Iron Bundle|Booster Energy\n|-activate|p2a: Iron Bundle|ability: Quark Drive|[fromitem]\n|-start|p2a: Iron Bundle|quarkdrivespe\n|turn|1\n|inactive|Battle timer is ON: inactive players will automatically lose when time's up. (requested by NotNehzzy)\n|\n|t:|1681765050\n|detailschange|p1a: Palafin|Palafin-Hero, L50, F\n|switch|p1a: Abomasnow|Abomasnow, L50, F|100\/100\n|-weather|Snow|[from] ability: Snow Warning|[of] p1a: Abomasnow\n|-terastallize|p2b: Flutter Mane|Normal\n|-terastallize|p1b: Baxcalibur|Fire\n|move|p2a: Iron Bundle|Freeze-Dry|p1a: Abomasnow\n|-damage|p1a: Abomasnow|65\/100\n|move|p2b: Flutter Mane|Hyper Voice|p1a: Abomasnow|[spread] p1a,p1b\n|-damage|p1a: Abomasnow|39\/100\n|-damage|p1b: Baxcalibur|74\/100\n|-enditem|p2b: Flutter Mane|Throat Spray\n|-boost|p2b: Flutter Mane|spa|1|[from] item: Throat Spray\n|move|p1b: Baxcalibur|Icicle Crash|p2b: Flutter Mane|[miss]\n|-miss|p1b: Baxcalibur|p2b: Flutter Mane\n|\n|-weather|Snow|[upkeep]\n|upkeep\n|turn|2\n|\n|t:|1681765073\n|move|p2b: Flutter Mane|Protect|p2b: Flutter Mane\n|-singleturn|p2b: Flutter Mane|Protect\n|move|p1b: Baxcalibur|Protect|p1b: Baxcalibur\n|-singleturn|p1b: Baxcalibur|Protect\n|move|p2a: Iron Bundle|Hydro Pump|p1b: Baxcalibur\n|-activate|p1b: Baxcalibur|move: Protect\n|move|p1a: Abomasnow|Aurora Veil|p1a: Abomasnow\n|-sidestart|p1: testsur0u|move: Aurora Veil\n|\n|-weather|Snow|[upkeep]\n|upkeep\n|turn|3\n|\n|t:|1681765092\n|switch|p1b: Chien-Pao|Chien-Pao, L50|100\/100\n|-ability|p1b: Chien-Pao|Sword of Ruin\n|move|p2a: Iron Bundle|Hydro Pump|p1b: Chien-Pao\n|-damage|p1b: Chien-Pao|46\/100\n|move|p2b: Flutter Mane|Hyper Voice|p1a: Abomasnow|[spread] p1a,p1b\n|-damage|p1a: Abomasnow|13\/100\n|-damage|p1b: Chien-Pao|0 fnt\n|faint|p1b: Chien-Pao\n|move|p1a: Abomasnow|Icy Wind|p2b: Flutter Mane|[spread] p2b\n|-miss|p1a: Abomasnow|p2a: Iron Bundle\n|-damage|p2b: Flutter Mane|83\/100\n|-unboost|p2b: Flutter Mane|spe|1\n|\n|-weather|Snow|[upkeep]\n|upkeep\n|\n|t:|1681765106\n|switch|p1b: Baxcalibur|Baxcalibur, L50, M, tera:Fire|74\/100\n|turn|4\n|\n|t:|1681765114\n|move|p2b: Flutter Mane|Protect|p2b: Flutter Mane\n|-singleturn|p2b: Flutter Mane|Protect\n|move|p1b: Baxcalibur|Protect|p1b: Baxcalibur\n|-singleturn|p1b: Baxcalibur|Protect\n|move|p2a: Iron Bundle|Icy Wind|p1b: Baxcalibur|[spread] p1a\n|-activate|p1b: Baxcalibur|move: Protect\n|-damage|p1a: Abomasnow|0 fnt\n|faint|p1a: Abomasnow\n|\n|-weather|Snow|[upkeep]\n|upkeep\n|\n|t:|1681765124\n|switch|p1a: Palafin|Palafin-Hero, L50, F|100\/100\n|-activate|p1a: Palafin|ability: Zero to Hero\n|turn|5\n|\n|t:|1681765143\n|-end|p2a: Iron Bundle|Quark Drive|[silent]\n|switch|p2a: Farigiraf|Farigiraf, L50, M|100\/100\n|move|p1a: Palafin|Jet Punch||[still]\n|cant|p2a: Farigiraf|ability: Armor Tail|Jet Punch|[of] p1a: Palafin\n|move|p2b: Flutter Mane|Hyper Voice|p1b: Baxcalibur|[spread] p1a,p1b\n|-damage|p1a: Palafin|66\/100\n|-damage|p1b: Baxcalibur|47\/100\n|move|p1b: Baxcalibur|Glaive Rush|p2a: Farigiraf\n|-damage|p2a: Farigiraf|37\/100\n|-singlemove|p1b: Baxcalibur|Glaive Rush|[silent]\n|\n|-weather|none\n|upkeep\n|turn|6\n|\n|t:|1681765164\n|move|p1b: Baxcalibur|Protect|p1b: Baxcalibur\n|-singleturn|p1b: Baxcalibur|Protect\n|move|p2a: Farigiraf|Ally Switch|p2a: Farigiraf\n|swap|p2a: Farigiraf|1|[from] move: Ally Switch\n|move|p1a: Palafin|Wave Crash|p2b: Farigiraf\n|-damage|p2b: Farigiraf|0 fnt\n|faint|p2b: Farigiraf\n|-damage|p1a: Palafin|51\/100|[from] Recoil\n|move|p2a: Flutter Mane|Hyper Voice|p1a: Palafin|[spread] p1a\n|-activate|p1b: Baxcalibur|move: Protect\n|-damage|p1a: Palafin|15\/100\n|\n|-sideend|p1: testsur0u|move: Aurora Veil\n|upkeep\n|\n|t:|1681765177\n|switch|p2b: Iron Bundle|Iron Bundle, L50|100\/100\n|turn|7\n|\n|t:|1681765186\n|move|p2a: Flutter Mane|Protect|p2a: Flutter Mane\n|-singleturn|p2a: Flutter Mane|Protect\n|move|p1a: Palafin|Jet Punch|p2b: Iron Bundle\n|-resisted|p2b: Iron Bundle\n|-damage|p2b: Iron Bundle|68\/100\n|move|p2b: Iron Bundle|Icy Wind|p1a: Palafin|[spread] p1a,p1b\n|-resisted|p1a: Palafin\n|-resisted|p1b: Baxcalibur\n|-damage|p1a: Palafin|3\/100\n|-damage|p1b: Baxcalibur|38\/100\n|-unboost|p1a: Palafin|spe|1\n|-unboost|p1b: Baxcalibur|spe|1\n|move|p1b: Baxcalibur|Glaive Rush|p2b: Iron Bundle\n|-damage|p2b: Iron Bundle|0 fnt\n|-singlemove|p1b: Baxcalibur|Glaive Rush|[silent]\n|faint|p2b: Iron Bundle\n|-end|p2b: Iron Bundle|Quark Drive|[silent]\n|\n|upkeep\n|\n|t:|1681765200\n|switch|p2b: Dragonite|Dragonite, L50, M|100\/100\n|turn|8\n|\n|t:|1681765206\n|move|p2b: Dragonite|Extreme Speed|p1a: Palafin\n|-damage|p1a: Palafin|0 fnt\n|faint|p1a: Palafin\n|move|p1b: Baxcalibur|Ice Shard|p2b: Dragonite\n|-supereffective|p2b: Dragonite\n|-damage|p2b: Dragonite|58\/100\n|move|p2a: Flutter Mane|Shadow Ball|p1b: Baxcalibur\n|-damage|p1b: Baxcalibur|0 fnt\n|faint|p1b: Baxcalibur\n|\n|win|NotNehzzy\n|raw|testsur0u's rating: 1118 → 1089<\/strong> (-29 for losing)\n|raw|NotNehzzy's rating: 1062 → 1098<\/strong> (+36 for winning)\n|c|\u2606NotNehzzy|Gg\n|l|\u2606testsur0u\n","uploadtime":1681765222,"views":6,"p1id":"testsur0u","p2id":"notnehzzy","formatid":"gen9vgc2023regulationc","rating":1089,"private":0,"password":""}