{"id":"gen9vgc2023regulationc-1854794596","p1":"HobbitVGC","p2":"MRX009PsychoGundam","format":"[Gen 9] VGC 2023 Regulation C","log":"|j|\u2606HobbitVGC\n|j|\u2606MRX009PsychoGundam\n|t:|1682866875\n|gametype|doubles\n|player|p1|HobbitVGC|larry|\n|player|p2|MRX009PsychoGundam|roark|\n|teamsize|p1|6\n|teamsize|p2|6\n|gen|9\n|tier|[Gen 9] VGC 2023 Regulation C\n|rated|Tournament battle\n|rule|Species Clause: Limit one of each Pok\u00e9mon\n|rule|Item Clause: Limit one of each item\n|clearpoke\n|poke|p1|Dondozo, L50, F|\n|poke|p1|Tatsugiri, L50, M|\n|poke|p1|Pelipper, L50, F|\n|poke|p1|Maushold, L50|\n|poke|p1|Annihilape, L50, F|\n|poke|p1|Dragonite, L50, F|\n|poke|p2|Klefki, L50, M|\n|poke|p2|Iron Bundle, L50|\n|poke|p2|Talonflame, L50, M|\n|poke|p2|Kingambit, L50, F|\n|poke|p2|Flutter Mane, L50|\n|poke|p2|Ting-Lu, L50|\n|teampreview|4\n|raw| Open Team Sheet for HobbitVGC<\/summary>Dondozo @ Life Orb Ability: Unaware Level: 50 Tera Type: Water - Surf - Wave Crash - Substitute - Protect Tatsugiri @ Choice Scarf Ability: Commander Level: 50 Tera Type: Water - Muddy Water - Draco Meteor - Icy Wind - Sleep Talk Pelipper @ Focus Sash Ability: Drizzle Level: 50 Tera Type: Flying - Hurricane - Hydro Pump - Tailwind - Protect Maushold @ Safety Goggles Ability: Friend Guard Level: 50 Tera Type: Ghost - Beat Up - Super Fang - Follow Me - Protect Annihilape @ Leftovers Ability: Defiant Level: 50 Tera Type: Fire - Drain Punch - Rage Fist - Bulk Up - Protect Dragonite @ Choice Band Ability: Inner Focus Level: 50 Tera Type: Normal - Extreme Speed - Stomping Tantrum - Dragon Claw - Low Kick <\/details><\/div> Open Team Sheet for MRX009PsychoGundam<\/summary>Klefki @ Light Clay Ability: Prankster Level: 50 Tera Type: Fairy - Dazzling Gleam - Light Screen - Reflect - Misty Terrain Iron Bundle @ Booster Energy Ability: Quark Drive Level: 50 Tera Type: Steel - Freeze-Dry - Icy Wind - Protect - Hydro Pump Talonflame @ Covert Cloak Ability: Gale Wings Level: 50 Tera Type: Ghost - Brave Bird - Taunt - Tailwind - Will-O-Wisp Kingambit @ Leftovers Ability: Defiant Level: 50 Tera Type: Water - Iron Head - Sucker Punch - Swords Dance - Protect Flutter Mane @ Life Orb Ability: Protosynthesis Level: 50 Tera Type: Fairy - Moonblast - Dazzling Gleam - Shadow Ball - Protect Ting-Lu @ Assault Vest Ability: Vessel of Ruin Level: 50 Tera Type: Grass - Stomping Tantrum - Ruination - Heavy Slam - Earthquake <\/details><\/div>\n|j| minionbanana57\n|j| 1st Time Battler\n|\n|t:|1682866900\n|start\n|switch|p1a: Dondozo|Dondozo, L50, F|100\/100\n|switch|p1b: Pelipper|Pelipper, L50, F|100\/100\n|switch|p2a: Flutter Mane|Flutter Mane, L50|100\/100\n|switch|p2b: Klefki|Klefki, L50, M|100\/100\n|-weather|RainDance|[from] ability: Drizzle|[of] p1b: Pelipper\n|turn|1\n|j| Cogenic\n|\n|t:|1682866927\n|move|p2a: Flutter Mane|Protect|p2a: Flutter Mane\n|-singleturn|p2a: Flutter Mane|Protect\n|move|p1a: Dondozo|Protect|p1a: Dondozo\n|-singleturn|p1a: Dondozo|Protect\n|move|p2b: Klefki|Light Screen|p2b: Klefki\n|-sidestart|p2: MRX009PsychoGundam|move: Light Screen\n|move|p1b: Pelipper|Hurricane|p2a: Flutter Mane\n|-activate|p2a: Flutter Mane|move: Protect\n|\n|-weather|RainDance|[upkeep]\n|upkeep\n|turn|2\n|\n|t:|1682866944\n|switch|p1b: Tatsugiri|Tatsugiri, L50, M|100\/100\n|-activate|p1b: Tatsugiri|ability: Commander|[of] p1a: Dondozo\n|-boost|p1a: Dondozo|atk|2\n|-boost|p1a: Dondozo|spa|2\n|-boost|p1a: Dondozo|spe|2\n|-boost|p1a: Dondozo|def|2\n|-boost|p1a: Dondozo|spd|2\n|-terastallize|p1a: Dondozo|Water\n|move|p2b: Klefki|Reflect|p2b: Klefki\n|-sidestart|p2: MRX009PsychoGundam|Reflect\n|move|p1a: Dondozo|Surf|p2b: Klefki|[spread] p2a,p2b\n|-miss|p1a: Dondozo|p1b: Tatsugiri\n|-damage|p2a: Flutter Mane|18\/100\n|-damage|p2b: Klefki|6\/100\n|-damage|p1a: Dondozo|91\/100|[from] item: Life Orb\n|move|p2a: Flutter Mane|Moonblast|p1a: Dondozo\n|-crit|p1a: Dondozo\n|-damage|p1a: Dondozo|0 fnt\n|faint|p1a: Dondozo\n|-damage|p2a: Flutter Mane|9\/100|[from] item: Life Orb\n|\n|-weather|RainDance|[upkeep]\n|upkeep\n|j| pokeveteran04\n|c|\u2606MRX009PsychoGundam|oh\n|c|\u2606MRX009PsychoGundam|sorry\n|l| pokeveteran04\n|c| Cogenic|nah no way that was important or anything\n|c|\u2606HobbitVGC|Its all good dude, it happens\n|\n|t:|1682866995\n|switch|p1a: Pelipper|Pelipper, L50, F|100\/100\n|turn|3\n|\n|t:|1682867005\n|move|p2a: Flutter Mane|Protect|p2a: Flutter Mane\n|-singleturn|p2a: Flutter Mane|Protect\n|move|p1b: Tatsugiri|Muddy Water|p2a: Flutter Mane|[spread] p2b\n|-activate|p2a: Flutter Mane|move: Protect\n|-damage|p2b: Klefki|0 fnt\n|faint|p2b: Klefki\n|move|p1a: Pelipper|Tailwind|p1a: Pelipper\n|-sidestart|p1: HobbitVGC|move: Tailwind\n|\n|-weather|RainDance|[upkeep]\n|upkeep\n|\n|t:|1682867028\n|switch|p2b: Ting-Lu|Ting-Lu, L50|100\/100\n|-ability|p2b: Ting-Lu|Vessel of Ruin\n|turn|4\n|\n|t:|1682867047\n|move|p1b: Tatsugiri|Muddy Water|p2a: Flutter Mane|[spread] p2b\n|-miss|p1b: Tatsugiri|p2a: Flutter Mane\n|-supereffective|p2b: Ting-Lu\n|-damage|p2b: Ting-Lu|76\/100\n|move|p1a: Pelipper|Hydro Pump|p2b: Ting-Lu\n|-supereffective|p2b: Ting-Lu\n|-damage|p2b: Ting-Lu|38\/100\n|move|p2a: Flutter Mane|Dazzling Gleam|p1a: Pelipper|[spread] p1a,p1b\n|-supereffective|p1b: Tatsugiri\n|-damage|p1a: Pelipper|52\/100\n|-damage|p1b: Tatsugiri|30\/100\n|-damage|p2a: Flutter Mane|0 fnt|[from] item: Life Orb\n|faint|p2a: Flutter Mane\n|-end|p2a: Flutter Mane|Protosynthesis|[silent]\n|move|p2b: Ting-Lu|Earthquake|p1a: Pelipper|[spread] p1b\n|-immune|p1a: Pelipper\n|-damage|p1b: Tatsugiri|0 fnt\n|faint|p1b: Tatsugiri\n|\n|-weather|RainDance|[upkeep]\n|upkeep\n|\n|t:|1682867061\n|switch|p2a: Iron Bundle|Iron Bundle, L50|100\/100\n|switch|p1b: Dragonite|Dragonite, L50, F|100\/100\n|-enditem|p2a: Iron Bundle|Booster Energy\n|-activate|p2a: Iron Bundle|ability: Quark Drive|[fromitem]\n|-start|p2a: Iron Bundle|quarkdrivespe\n|turn|5\n|\n|t:|1682867080\n|move|p2a: Iron Bundle|Protect|p2a: Iron Bundle\n|-singleturn|p2a: Iron Bundle|Protect\n|move|p1a: Pelipper|Protect|p1a: Pelipper\n|-singleturn|p1a: Pelipper|Protect\n|move|p1b: Dragonite|Extreme Speed|p2a: Iron Bundle\n|-activate|p2a: Iron Bundle|move: Protect\n|move|p2b: Ting-Lu|Heavy Slam|p1b: Dragonite\n|-damage|p1b: Dragonite|73\/100\n|\n|-weather|none\n|upkeep\n|turn|6\n|\n|t:|1682867091\n|-terastallize|p2a: Iron Bundle|Steel\n|move|p1a: Pelipper|Protect||[still]\n|-fail|p1a: Pelipper\n|move|p1b: Dragonite|Extreme Speed|p2a: Iron Bundle\n|-resisted|p2a: Iron Bundle\n|-damage|p2a: Iron Bundle|83\/100\n|move|p2a: Iron Bundle|Freeze-Dry|p1a: Pelipper\n|-supereffective|p1a: Pelipper\n|-damage|p1a: Pelipper|0 fnt\n|faint|p1a: Pelipper\n|move|p2b: Ting-Lu|Ruination|p1b: Dragonite\n|-damage|p1b: Dragonite|37\/100\n|\n|-sideend|p1: HobbitVGC|move: Tailwind\n|upkeep\n|turn|7\n|c|\u2606HobbitVGC|gg\n|-message|HobbitVGC forfeited.\n|\n|win|MRX009PsychoGundam\n|n|\u2606HobbitVGC|hobbitvgc\n|n|\u2606MRX009PsychoGundam|mrx009psychogundam\n|n| minionbanana57|minionbanana57\n|n| 1st Time Battler|1sttimebattler\n|n| Cogenic|cogenic\n","uploadtime":1682867100,"views":12,"p1id":"hobbitvgc","p2id":"mrx009psychogundam","formatid":"gen9vgc2023regulationc","rating":0,"private":0,"password":""}