{"id":"gen9vgc2023regulationc-1851207464","p1":"minionbanana57","p2":"GAPDHD","format":"[Gen 9] VGC 2023 Regulation C","log":"|j|\u2606minionbanana57\n|j|\u2606GAPDHD\n|t:|1682425070\n|gametype|doubles\n|player|p1|minionbanana57|266|1502\n|player|p2|GAPDHD|ruinmaniac|1566\n|teamsize|p1|6\n|teamsize|p2|6\n|gen|9\n|tier|[Gen 9] VGC 2023 Regulation C\n|rated|\n|rule|Species Clause: Limit one of each Pok\u00e9mon\n|rule|Item Clause: Limit one of each item\n|clearpoke\n|poke|p1|Iron Hands, L50|\n|poke|p1|Tyranitar, L50, M|\n|poke|p1|Garchomp, L50, M|\n|poke|p1|Gyarados, L50, M|\n|poke|p1|Amoonguss, L50, F|\n|poke|p1|Flutter Mane, L50|\n|poke|p2|Dondozo, L50, M|\n|poke|p2|Tatsugiri, L50, F|\n|poke|p2|Glimmora, L50, F|\n|poke|p2|Klefki, L50, M|\n|poke|p2|Gothitelle, L50, F|\n|poke|p2|Meowscarada, L50, M|\n|teampreview|4\nGAPDHD has agreed to open team sheets.\n|inactive|Battle timer is ON: inactive players will automatically lose when time's up. (requested by minionbanana57)\nminionbanana57 has agreed to open team sheets.\n|inactive|minionbanana57 has 60 seconds left.\n|inactive|GAPDHD has 60 seconds left.\n|\n|t:|1682425113\n|start\n|switch|p1a: Flutter Mane|Flutter Mane, L50, shiny|100\/100\n|switch|p1b: Iron Hands|Iron Hands, L50|100\/100\n|switch|p2a: Klefki|Klefki, L50, M|100\/100\n|switch|p2b: Glimmora|Glimmora, L50, F|100\/100\n|turn|1\n|inactive|minionbanana57 has 30 seconds left.\n|\n|t:|1682425140\n|-end|p1a: Flutter Mane|Protosynthesis|[silent]\n|switch|p1a: Garchomp|Garchomp, L50, M|100\/100\n|move|p1b: Iron Hands|Fake Out|p2a: Klefki\n|-resisted|p2a: Klefki\n|-damage|p2a: Klefki|91\/100\n|cant|p2a: Klefki|flinch\n|move|p2b: Glimmora|Mortal Spin|p1b: Iron Hands|[spread] p1a,p1b\n|-resisted|p1a: Garchomp\n|-damage|p1a: Garchomp|98\/100\n|-damage|p1b: Iron Hands|98\/100\n|-status|p1a: Garchomp|psn\n|-status|p1b: Iron Hands|psn\n|\n|-damage|p1a: Garchomp|86\/100 psn|[from] psn\n|-damage|p1b: Iron Hands|85\/100 psn|[from] psn\n|upkeep\n|turn|2\n|\n|t:|1682425160\n|-end|p1b: Iron Hands|Quark Drive|[silent]\n|switch|p1b: Gyarados|Gyarados, L50, M, shiny|100\/100\n|-ability|p1b: Gyarados|Intimidate|boost\n|-unboost|p2a: Klefki|atk|1\n|-unboost|p2b: Glimmora|atk|1\n|move|p2a: Klefki|Reflect|p2a: Klefki\n|-sidestart|p2: GAPDHD|Reflect\n|move|p1a: Garchomp|Earthquake|p2a: Klefki|[spread] p2a,p2b\n|-immune|p1b: Gyarados\n|-supereffective|p2a: Klefki\n|-supereffective|p2b: Glimmora\n|-damage|p2a: Klefki|14\/100\n|-damage|p2b: Glimmora|0 fnt\n|-activate|p2b: Glimmora|ability: Toxic Debris\n|-sidestart|p1: minionbanana57|move: Toxic Spikes\n|faint|p2b: Glimmora\n|-damage|p1a: Garchomp|76\/100 psn|[from] item: Life Orb\n|\n|-damage|p1a: Garchomp|64\/100 psn|[from] psn\n|upkeep\n|\n|t:|1682425176\n|switch|p2b: Dondozo|Dondozo, L50, M|100\/100\n|turn|3\n|\n|t:|1682425185\n|switch|p1a: Iron Hands|Iron Hands, L50|85\/100 psn\n|switch|p2a: Tatsugiri|Tatsugiri, L50, F|100\/100\n|-activate|p2a: Tatsugiri|ability: Commander|[of] p2b: Dondozo\n|-boost|p2b: Dondozo|atk|2\n|-boost|p2b: Dondozo|spa|2\n|-boost|p2b: Dondozo|spe|2\n|-boost|p2b: Dondozo|def|2\n|-boost|p2b: Dondozo|spd|2\n|move|p2b: Dondozo|Order Up|p1b: Gyarados\n|-damage|p1b: Gyarados|48\/100\n|-boost|p2b: Dondozo|atk|1\n|move|p1b: Gyarados|Thunder Wave|p2b: Dondozo\n|-status|p2b: Dondozo|par\n|\n|-damage|p1a: Iron Hands|73\/100 psn|[from] psn\n|upkeep\n|turn|4\n|j| Authority7\n|\n|t:|1682425206\n|switch|p1b: Flutter Mane|Flutter Mane, L50, shiny|100\/100\n|-status|p1b: Flutter Mane|psn\n|move|p1a: Iron Hands|Wild Charge|p2b: Dondozo\n|-supereffective|p2b: Dondozo\n|-damage|p2b: Dondozo|75\/100 par\n|-damage|p1a: Iron Hands|67\/100 psn|[from] Recoil\n|move|p2b: Dondozo|Order Up|p1b: Flutter Mane\n|-immune|p1b: Flutter Mane\n|\n|-heal|p2b: Dondozo|81\/100 par|[from] item: Leftovers\n|-damage|p1b: Flutter Mane|89\/100 psn|[from] psn\n|-damage|p1a: Iron Hands|54\/100 psn|[from] psn\n|upkeep\n|turn|5\n|\n|t:|1682425221\n|-terastallize|p2b: Dondozo|Steel\n|move|p1b: Flutter Mane|Shadow Ball|p2b: Dondozo\n|-damage|p2b: Dondozo|52\/100 par\n|move|p1a: Iron Hands|Close Combat|p2b: Dondozo\n|-supereffective|p2b: Dondozo\n|-damage|p2b: Dondozo|19\/100 par\n|-unboost|p1a: Iron Hands|def|1\n|-unboost|p1a: Iron Hands|spd|1\n|move|p2b: Dondozo|Earthquake|p1b: Flutter Mane|[spread] p1a,p1b\n|-miss|p2b: Dondozo|p2a: Tatsugiri\n|-supereffective|p1a: Iron Hands\n|-damage|p1a: Iron Hands|0 fnt\n|-damage|p1b: Flutter Mane|0 fnt\n|faint|p1a: Iron Hands\n|-end|p1a: Iron Hands|Quark Drive|[silent]\n|faint|p1b: Flutter Mane\n|-end|p1b: Flutter Mane|Protosynthesis|[silent]\n|\n|-heal|p2b: Dondozo|25\/100 par|[from] item: Leftovers\n|upkeep\n|\n|t:|1682425235\n|switch|p1b: Gyarados|Gyarados, L50, M, shiny|48\/100\n|switch|p1a: Garchomp|Garchomp, L50, M|64\/100 psn\n|-ability|p1b: Gyarados|Intimidate|boost\n|-unboost|p2a: Tatsugiri|atk|1\n|-unboost|p2b: Dondozo|atk|1\n|turn|6\n|\n|t:|1682425248\n|-terastallize|p1a: Garchomp|Ground\n|cant|p2b: Dondozo|par\n|move|p1a: Garchomp|Earthquake|p2a: Tatsugiri|[spread] p2b\n|-miss|p1a: Garchomp|p2a: Tatsugiri\n|-immune|p1b: Gyarados\n|-supereffective|p2b: Dondozo\n|-damage|p2b: Dondozo|0 fnt\n|faint|p2b: Dondozo\n|-damage|p1a: Garchomp|54\/100 psn|[from] item: Life Orb\n|move|p1b: Gyarados|Thunder Wave|p2a: Tatsugiri|[miss]\n|-miss|p1b: Gyarados|p2a: Tatsugiri\n|\n|-damage|p1a: Garchomp|41\/100 psn|[from] psn\n|upkeep\n|\n|t:|1682425257\n|switch|p2b: Klefki|Klefki, L50, M|14\/100\n|turn|7\n|\n|t:|1682425280\n|move|p2b: Klefki|Thunder Wave|p1b: Gyarados\n|-status|p1b: Gyarados|par\n|move|p1a: Garchomp|Earthquake|p2a: Tatsugiri|[spread] p2a,p2b\n|-immune|p1b: Gyarados\n|-supereffective|p2b: Klefki\n|-damage|p2a: Tatsugiri|15\/100\n|-damage|p2b: Klefki|0 fnt\n|faint|p2b: Klefki\n|-damage|p1a: Garchomp|31\/100 psn|[from] item: Life Orb\n|move|p2a: Tatsugiri|Muddy Water|p1b: Gyarados|[spread] p1a,p1b\n|-supereffective|p1a: Garchomp\n|-resisted|p1b: Gyarados\n|-damage|p1a: Garchomp|0 fnt\n|-damage|p1b: Gyarados|30\/100 par\n|faint|p1a: Garchomp\n|cant|p1b: Gyarados|par\n|\n|upkeep\n|turn|8\n|c|\u2606minionbanana57|nah\n|inactive|minionbanana57 has 30 seconds left.\n|c|\u2606minionbanana57|this is crazy\n|\n|t:|1682425310\n|move|p2a: Tatsugiri|Draco Meteor|p1b: Gyarados\n|-damage|p1b: Gyarados|0 fnt\n|-unboost|p2a: Tatsugiri|spa|2\n|faint|p1b: Gyarados\n|\n|win|GAPDHD\n|raw|minionbanana57's rating: 1502 → 1486<\/strong> (-16 for losing)\n|raw|GAPDHD's rating: 1566 → 1582<\/strong> (+16 for winning)\n|l|\u2606GAPDHD\n|c|\u2606minionbanana57|lucky bozo player\n","uploadtime":1682425324,"views":7,"p1id":"minionbanana57","p2id":"gapdhd","formatid":"gen9vgc2023regulationc","rating":1486,"private":0,"password":""}