{"id":"gen9vgc2023regulationc-1852724488","p1":"PooOnMeOften","p2":"AlecIan","format":"[Gen 9] VGC 2023 Regulation C","log":"|j|\u203dPooOnMeOften\n|j|\u2606AlecIan\n|t:|1682600549\n|gametype|doubles\n|player|p1|PooOnMeOften|2|1123\n|player|p2|AlecIan|169|1208\n|teamsize|p1|6\n|teamsize|p2|6\n|gen|9\n|tier|[Gen 9] VGC 2023 Regulation C\n|rated|\n|rule|Species Clause: Limit one of each Pok\u00e9mon\n|rule|Item Clause: Limit one of each item\n|clearpoke\n|poke|p1|Chien-Pao, L50|\n|poke|p1|Flutter Mane, L50|\n|poke|p1|Arcanine, L50, M|\n|poke|p1|Annihilape, L50, M|\n|poke|p1|Scizor, L50, M|\n|poke|p1|Palafin, L50, M|\n|poke|p2|Gastrodon-East, L50, M|\n|poke|p2|Arcanine, L50, M|\n|poke|p2|Amoonguss, L50, M|\n|poke|p2|Flutter Mane, L50|\n|poke|p2|Dragonite, L50, M|\n|poke|p2|Chien-Pao, L50|\n|teampreview|4\n|inactive|Battle timer is ON: inactive players will automatically lose when time's up. (requested by PooOnMeOften)\n|inactive|PooOnMeOften has 60 seconds left.\n|inactive|AlecIan has 60 seconds left.\n|\n|t:|1682600599\n|start\n|switch|p1a: Flutter Mane|Flutter Mane, L50|100\/100\n|switch|p1b: Arcanine|Arcanine, L50, M|100\/100\n|switch|p2a: Arcanine|Arcanine, L50, M|100\/100\n|switch|p2b: Dragonite|Dragonite, L50, M|100\/100\n|-ability|p2a: Arcanine|Intimidate|boost\n|-unboost|p1a: Flutter Mane|atk|1\n|-unboost|p1b: Arcanine|atk|1\n|-ability|p1b: Arcanine|Intimidate|boost\n|-unboost|p2a: Arcanine|atk|1\n|-unboost|p2b: Dragonite|atk|1\n|-enditem|p1a: Flutter Mane|Booster Energy\n|-activate|p1a: Flutter Mane|ability: Protosynthesis|[fromitem]\n|-start|p1a: Flutter Mane|protosynthesisspa\n|turn|1\n|\n|t:|1682600622\n|switch|p2b: Gastrodon|Gastrodon-East, L50, M|100\/100\n|move|p1a: Flutter Mane|Protect|p1a: Flutter Mane\n|-singleturn|p1a: Flutter Mane|Protect\n|move|p2a: Arcanine|Flare Blitz|p1a: Flutter Mane\n|-activate|p1a: Flutter Mane|move: Protect\n|move|p1b: Arcanine|Snarl|p2b: Gastrodon|[spread] p2a,p2b\n|-damage|p2a: Arcanine|92\/100\n|-damage|p2b: Gastrodon|95\/100\n|-unboost|p2a: Arcanine|spa|1\n|-unboost|p2b: Gastrodon|spa|1\n|\n|upkeep\n|turn|2\n|inactive|PooOnMeOften has 30 seconds left.\n|inactive|PooOnMeOften has 20 seconds left.\n|inactive|PooOnMeOften has 15 seconds left.\n|\n|t:|1682600665\n|-end|p1a: Flutter Mane|Protosynthesis|[silent]\n|switch|p1a: Annihilape|Annihilape, L50, M|100\/100\n|move|p2a: Arcanine|Flare Blitz|p1a: Annihilape\n|-damage|p1a: Annihilape|67\/100\n|-damage|p2a: Arcanine|80\/100|[from] Recoil\n|move|p1b: Arcanine|Snarl|p2b: Gastrodon|[spread] p2a,p2b\n|-damage|p2a: Arcanine|72\/100\n|-damage|p2b: Gastrodon|91\/100\n|-unboost|p2a: Arcanine|spa|1\n|-unboost|p2b: Gastrodon|spa|1\n|move|p2b: Gastrodon|Muddy Water|p1a: Annihilape|[spread] p1a,p1b\n|-supereffective|p1b: Arcanine\n|-crit|p1b: Arcanine\n|-damage|p1a: Annihilape|58\/100\n|-damage|p1b: Arcanine|46\/100\n|\n|-heal|p1b: Arcanine|52\/100|[from] item: Leftovers\n|upkeep\n|turn|3\n|inactive|PooOnMeOften has 30 seconds left.\n|\n|t:|1682600692\n|switch|p2a: Dragonite|Dragonite, L50, M|100\/100\n|switch|p2b: Amoonguss|Amoonguss, L50, M|100\/100\n|move|p1b: Arcanine|Snarl|p2a: Dragonite|[spread] p2a,p2b\n|-damage|p2a: Dragonite|97\/100\n|-damage|p2b: Amoonguss|94\/100\n|-unboost|p2a: Dragonite|spa|1\n|-unboost|p2b: Amoonguss|spa|1\n|move|p1a: Annihilape|Rage Fist|p2a: Dragonite\n|-crit|p2a: Dragonite\n|-damage|p2a: Dragonite|0 fnt\n|faint|p2a: Dragonite\n|\n|-heal|p1b: Arcanine|58\/100|[from] item: Leftovers\n|upkeep\n|\n|t:|1682600714\n|switch|p2a: Gastrodon|Gastrodon-East, L50, M|91\/100\n|turn|4\n|\n|t:|1682600727\n|move|p1a: Annihilape|Protect|p1a: Annihilape\n|-singleturn|p1a: Annihilape|Protect\n|move|p2b: Amoonguss|Protect|p2b: Amoonguss\n|-singleturn|p2b: Amoonguss|Protect\n|move|p1b: Arcanine|Snarl|p2b: Amoonguss|[spread] p2a\n|-activate|p2b: Amoonguss|move: Protect\n|-damage|p2a: Gastrodon|86\/100\n|-unboost|p2a: Gastrodon|spa|1\n|move|p2a: Gastrodon|Earth Power|p1b: Arcanine\n|-supereffective|p1b: Arcanine\n|-damage|p1b: Arcanine|24\/100\n|\n|-heal|p1b: Arcanine|30\/100|[from] item: Leftovers\n|upkeep\n|turn|5\n|inactive|PooOnMeOften has 30 seconds left.\n|\n|t:|1682600752\n|switch|p2a: Arcanine|Arcanine, L50, M|72\/100\n|-ability|p2a: Arcanine|Intimidate|boost\n|-unboost|p1a: Annihilape|atk|1\n|-ability|p1a: Annihilape|Defiant|boost\n|-boost|p1a: Annihilape|atk|2\n|-unboost|p1b: Arcanine|atk|1\n|move|p1b: Arcanine|Snarl|p2a: Arcanine|[spread] p2a,p2b\n|-damage|p2a: Arcanine|64\/100\n|-damage|p2b: Amoonguss|86\/100\n|-unboost|p2a: Arcanine|spa|1\n|-unboost|p2b: Amoonguss|spa|1\n|move|p1a: Annihilape|Rage Fist|p2b: Amoonguss\n|-damage|p2b: Amoonguss|0 fnt\n|faint|p2b: Amoonguss\n|\n|-heal|p1b: Arcanine|37\/100|[from] item: Leftovers\n|upkeep\n|\n|t:|1682600766\n|switch|p2b: Gastrodon|Gastrodon-East, L50, M|86\/100\n|turn|6\n|-message|AlecIan forfeited.\n|\n|win|PooOnMeOften\n|raw|PooOnMeOften's rating: 1123 → 1154<\/strong> (+31 for winning)\n|raw|AlecIan's rating: 1208 → 1177<\/strong> (-31 for losing)\n|l|\u2606AlecIan\n","uploadtime":1682600774,"views":11,"p1id":"pooonmeoften","p2id":"alecian","formatid":"gen9vgc2023regulationc","rating":1154,"private":0,"password":""}