{"id":"gen9vgc2023regulationc-1848669052","p1":"virgolini23","p2":"Alaskan_fisher","format":"[Gen 9] VGC 2023 Regulation C","log":"|j|\u2606virgolini23\n|j|\u2606Alaskan_fisher\n|t:|1682099281\n|gametype|doubles\n|player|p1|virgolini23|266|1090\n|player|p2|Alaskan_fisher|fisherman-gen4|1191\n|teamsize|p1|6\n|teamsize|p2|6\n|gen|9\n|tier|[Gen 9] VGC 2023 Regulation C\n|rated|\n|rule|Species Clause: Limit one of each Pok\u00e9mon\n|rule|Item Clause: Limit one of each item\n|clearpoke\n|poke|p1|Tinkaton, L50, F|\n|poke|p1|Baxcalibur, L50, F|\n|poke|p1|Flutter Mane, L50|\n|poke|p1|Breloom, L50, F|\n|poke|p1|Garganacl, L50, M|\n|poke|p1|Roaring Moon, L50|\n|poke|p2|Baxcalibur, L50, M|\n|poke|p2|Palafin, L50, F|\n|poke|p2|Arcanine, L50, M|\n|poke|p2|Flutter Mane, L50|\n|poke|p2|Ting-Lu, L50|\n|poke|p2|Amoonguss, L50, F|\n|teampreview|4\nAlaskan_fisher has agreed to open team sheets.\n|\n|t:|1682099350\n|start\n|switch|p1a: Tinkaton|Tinkaton, L50, F|100\/100\n|switch|p1b: Baxcalibur|Baxcalibur, L50, F|100\/100\n|switch|p2a: Arcanine|Arcanine, L50, M|100\/100\n|switch|p2b: Amoonguss|Amoonguss, L50, F|100\/100\n|-ability|p2a: Arcanine|Intimidate|boost\n|-unboost|p1a: Tinkaton|atk|1\n|-fail|p1b: Baxcalibur|unboost|[from] item: Clear Amulet|[of] p1b: Baxcalibur\n|-ability|p1a: Tinkaton|Mold Breaker\n|turn|1\n|\n|t:|1682099376\n|switch|p2a: Baxcalibur|Baxcalibur, L50, M|100\/100\n|move|p2b: Amoonguss|Protect|p2b: Amoonguss\n|-singleturn|p2b: Amoonguss|Protect\n|move|p1a: Tinkaton|Fake Out|p2a: Baxcalibur\n|-damage|p2a: Baxcalibur|94\/100\n|move|p1b: Baxcalibur|Ice Shard|p2b: Amoonguss\n|-activate|p2b: Amoonguss|move: Protect\n|\n|upkeep\n|turn|2\n|\n|t:|1682099408\n|switch|p2a: Arcanine|Arcanine, L50, M|100\/100\n|-ability|p2a: Arcanine|Intimidate|boost\n|-unboost|p1a: Tinkaton|atk|1\n|-fail|p1b: Baxcalibur|unboost|[from] item: Clear Amulet|[of] p1b: Baxcalibur\n|-terastallize|p2b: Amoonguss|Water\n|move|p1b: Baxcalibur|Ice Shard|p2b: Amoonguss\n|-resisted|p2b: Amoonguss\n|-damage|p2b: Amoonguss|93\/100\n|move|p1a: Tinkaton|Knock Off|p2b: Amoonguss\n|-damage|p2b: Amoonguss|84\/100\n|-enditem|p2b: Amoonguss|Sitrus Berry|[from] move: Knock Off|[of] p1a: Tinkaton\n|move|p2b: Amoonguss|Spore|p1b: Baxcalibur\n|-status|p1b: Baxcalibur|slp|[from] move: Spore\n|\n|upkeep\n|turn|3\n|\n|t:|1682099436\n|switch|p1a: Flutter Mane|Flutter Mane, L50|100\/100\n|-enditem|p1a: Flutter Mane|Booster Energy\n|-activate|p1a: Flutter Mane|ability: Protosynthesis|[fromitem]\n|-start|p1a: Flutter Mane|protosynthesisspe\n|switch|p2b: Baxcalibur|Baxcalibur, L50, M|94\/100\n|move|p2a: Arcanine|Flare Blitz|p1a: Flutter Mane\n|-damage|p1a: Flutter Mane|4\/100\n|-damage|p2a: Arcanine|76\/100|[from] Recoil\n|cant|p1b: Baxcalibur|slp\n|\n|upkeep\n|turn|4\n|\n|t:|1682099465\n|switch|p2b: Ting-Lu|Ting-Lu, L50|100\/100\n|-ability|p2b: Ting-Lu|Vessel of Ruin\n|move|p1a: Flutter Mane|Moonblast|p2b: Ting-Lu\n|-supereffective|p2b: Ting-Lu\n|-damage|p2b: Ting-Lu|70\/100\n|-unboost|p2b: Ting-Lu|spa|1\n|move|p2a: Arcanine|Flare Blitz|p1a: Flutter Mane\n|-damage|p1a: Flutter Mane|0 fnt\n|faint|p1a: Flutter Mane\n|-end|p1a: Flutter Mane|Protosynthesis|[silent]\n|-damage|p2a: Arcanine|76\/100|[from] Recoil\n|-curestatus|p1b: Baxcalibur|slp|[msg]\n|move|p1b: Baxcalibur|Dragon Dance|p1b: Baxcalibur\n|-boost|p1b: Baxcalibur|atk|1\n|-boost|p1b: Baxcalibur|spe|1\n|\n|upkeep\n|\n|t:|1682099494\n|switch|p1a: Breloom|Breloom, L50, F|100\/100\n|turn|5\n|\n|t:|1682099522\n|move|p1b: Baxcalibur|Earthquake|p2b: Ting-Lu|[spread] p1a,p2a,p2b\n|-resisted|p1a: Breloom\n|-supereffective|p2a: Arcanine\n|-damage|p1a: Breloom|69\/100\n|-damage|p2a: Arcanine|0 fnt\n|-damage|p2b: Ting-Lu|50\/100\n|faint|p2a: Arcanine\n|move|p1a: Breloom|Spore|p2b: Ting-Lu\n|-status|p2b: Ting-Lu|slp|[from] move: Spore\n|cant|p2b: Ting-Lu|slp\n|\n|upkeep\n|\n|t:|1682099531\n|switch|p2a: Amoonguss|Amoonguss, L50, F, tera:Water|100\/100\n|turn|6\n|\n|t:|1682099550\n|move|p2a: Amoonguss|Protect|p2a: Amoonguss\n|-singleturn|p2a: Amoonguss|Protect\n|move|p1b: Baxcalibur|Ice Shard|p2b: Ting-Lu\n|-supereffective|p2b: Ting-Lu\n|-damage|p2b: Ting-Lu|18\/100 slp\n|move|p1a: Breloom|Bullet Seed|p2a: Amoonguss\n|-activate|p2a: Amoonguss|move: Protect\n|-curestatus|p2b: Ting-Lu|slp|[msg]\n|move|p2b: Ting-Lu|Heavy Slam|p1b: Baxcalibur\n|-supereffective|p1b: Baxcalibur\n|-damage|p1b: Baxcalibur|64\/100\n|\n|upkeep\n|turn|7\n|\n|t:|1682099571\n|move|p1b: Baxcalibur|Ice Shard|p2b: Ting-Lu\n|-supereffective|p2b: Ting-Lu\n|-damage|p2b: Ting-Lu|0 fnt\n|faint|p2b: Ting-Lu\n|move|p1a: Breloom|Bullet Seed|p2a: Amoonguss\n|-supereffective|p2a: Amoonguss\n|-damage|p2a: Amoonguss|72\/100\n|-supereffective|p2a: Amoonguss\n|-damage|p2a: Amoonguss|45\/100\n|-supereffective|p2a: Amoonguss\n|-damage|p2a: Amoonguss|18\/100\n|-supereffective|p2a: Amoonguss\n|-crit|p2a: Amoonguss\n|-damage|p2a: Amoonguss|0 fnt\n|faint|p2a: Amoonguss\n|-hitcount|p2: Amoonguss|4\n|\n|upkeep\n|\n|t:|1682099582\n|switch|p2b: Baxcalibur|Baxcalibur, L50, M|94\/100\n|turn|8\n|-message|Alaskan_fisher forfeited.\n|\n|win|virgolini23\n|raw|virgolini23's rating: 1090 → 1124<\/strong> (+34 for winning)\n|raw|Alaskan_fisher's rating: 1191 → 1159<\/strong> (-32 for losing)\n|l|\u2606virgolini23\n","uploadtime":1682099588,"views":14,"p1id":"virgolini23","p2id":"alaskanfisher","formatid":"gen9vgc2023regulationc","rating":1124,"private":0,"password":""}