{"id":"gen9vgc2023regulationc-1864156119","p1":"comando_carpincho","p2":"BUNDA MOLE VGC","format":"[Gen 9] VGC 2023 Regulation C","log":"|j|\u2606comando_carpincho\n|j|\u2606BUNDA MOLE VGC\n|t:|1684126462\n|gametype|doubles\n|player|p1|comando_carpincho|170|1173\n|player|p2|BUNDA MOLE VGC|bruno|1174\n|teamsize|p1|6\n|teamsize|p2|6\n|gen|9\n|tier|[Gen 9] VGC 2023 Regulation C\n|rated|\n|rule|Species Clause: Limit one of each Pok\u00e9mon\n|rule|Item Clause: Limit one of each item\n|clearpoke\n|poke|p1|Heracross, L50, F|\n|poke|p1|Flutter Mane, L50|\n|poke|p1|Gyarados, L50, M|\n|poke|p1|Arcanine, L50, M|\n|poke|p1|Dragonite, L50, M|\n|poke|p1|Chien-Pao, L50|\n|poke|p2|Gothitelle, L50, F|\n|poke|p2|Jigglypuff, L50, M|\n|poke|p2|Amoonguss, L50, F|\n|poke|p2|Ting-Lu, L50|\n|poke|p2|Flutter Mane, L50|\n|poke|p2|Flareon, L50, F|\n|teampreview|4\n|inactive|Battle timer is ON: inactive players will automatically lose when time's up. (requested by BUNDA MOLE VGC)\n|\n|t:|1684126492\n|start\n|switch|p1a: Flutter Mane|Flutter Mane, L50|100\/100\n|switch|p1b: Dragonite|Dragonite, L50, M|100\/100\n|switch|p2a: Flareon|Flareon, L50, F|100\/100\n|switch|p2b: Jigglypuff|Jigglypuff, L50, M, shiny|100\/100\n|turn|1\n|\n|t:|1684126515\n|switch|p1b: Arcanine|Arcanine, L50, M|100\/100\n|-ability|p1b: Arcanine|Intimidate|boost\n|-unboost|p2a: Flareon|atk|1\n|-unboost|p2b: Jigglypuff|atk|1\n|move|p2a: Flareon|Detect|p2a: Flareon\n|-singleturn|p2a: Flareon|Protect\n|move|p1a: Flutter Mane|Power Gem|p2a: Flareon\n|-activate|p2a: Flareon|move: Protect\n|move|p2b: Jigglypuff|Perish Song|p2b: Jigglypuff\n|-start|p1a: Flutter Mane|perish3|[silent]\n|-start|p1b: Arcanine|perish3|[silent]\n|-start|p2a: Flareon|perish3|[silent]\n|-start|p2b: Jigglypuff|perish3|[silent]\n|-fieldactivate|move: Perish Song\n|\n|-start|p1a: Flutter Mane|perish3\n|-start|p1b: Arcanine|perish3\n|-start|p2a: Flareon|perish3\n|-start|p2b: Jigglypuff|perish3\n|upkeep\n|turn|2\n|\n|t:|1684126539\n|switch|p1b: Dragonite|Dragonite, L50, M|100\/100\n|-terastallize|p2a: Flareon|Grass\n|move|p1a: Flutter Mane|Power Gem|p2a: Flareon\n|-damage|p2a: Flareon|79\/100\n|move|p2a: Flareon|Fire Spin|p1a: Flutter Mane|[miss]\n|-miss|p2a: Flareon|p1a: Flutter Mane\n|move|p2b: Jigglypuff|Disable||[still]\n|-fail|p2b: Jigglypuff\n|\n|-heal|p2a: Flareon|85\/100|[from] item: Leftovers\n|-start|p1a: Flutter Mane|perish2\n|-start|p2a: Flareon|perish2\n|-start|p2b: Jigglypuff|perish2\n|upkeep\n|turn|3\n|\n|t:|1684126559\n|-end|p1a: Flutter Mane|Protosynthesis|[silent]\n|switch|p1a: Arcanine|Arcanine, L50, M|100\/100\n|-ability|p1a: Arcanine|Intimidate|boost\n|-unboost|p2a: Flareon|atk|1\n|-unboost|p2b: Jigglypuff|atk|1\n|move|p1b: Dragonite|Ice Spinner|p2a: Flareon\n|-supereffective|p2a: Flareon\n|-damage|p2a: Flareon|22\/100\n|move|p2a: Flareon|Fire Spin|p1b: Dragonite\n|-resisted|p1b: Dragonite\n|-damage|p1b: Dragonite|95\/100\n|-activate|p1b: Dragonite|move: Fire Spin|[of] p2a: Flareon\n|move|p2b: Jigglypuff|Perish Song|p2b: Jigglypuff\n|-start|p1a: Arcanine|perish3|[silent]\n|-start|p1b: Dragonite|perish3|[silent]\n|-fieldactivate|move: Perish Song\n|\n|-heal|p2a: Flareon|27\/100|[from] item: Leftovers\n|-damage|p1b: Dragonite|82\/100|[from] move: Fire Spin|[partiallytrapped]\n|-start|p1a: Arcanine|perish3\n|-start|p1b: Dragonite|perish3\n|-start|p2a: Flareon|perish1\n|-start|p2b: Jigglypuff|perish1\n|upkeep\n|turn|4\n|inactive|BUNDA MOLE VGC has 30 seconds left.\n|inactive|comando_carpincho has 30 seconds left.\n|inactive|BUNDA MOLE VGC has 20 seconds left.\n|inactive|comando_carpincho has 20 seconds left.\n|\n|t:|1684126603\n|switch|p2a: Gothitelle|Gothitelle, L50, F|100\/100\n|switch|p2b: Ting-Lu|Ting-Lu, L50|100\/100\n|-ability|p2b: Ting-Lu|Vessel of Ruin\n|move|p1a: Arcanine|Flare Blitz|p2b: Ting-Lu\n|-damage|p2b: Ting-Lu|74\/100\n|-damage|p1a: Arcanine|88\/100|[from] Recoil\n|move|p1b: Dragonite|Ice Spinner|p2a: Gothitelle\n|-damage|p2a: Gothitelle|76\/100\n|\n|-end|p1b: Dragonite|Fire Spin|[partiallytrapped]|[silent]\n|-start|p1a: Arcanine|perish2\n|-start|p1b: Dragonite|perish2\n|upkeep\n|turn|5\n|inactive|comando_carpincho has 30 seconds left.\n|inactive|BUNDA MOLE VGC has 30 seconds left.\n|\n|t:|1684126638\n|move|p2a: Gothitelle|Fake Out|p1a: Arcanine\n|-damage|p1a: Arcanine|82\/100\n|cant|p1a: Arcanine|flinch\n|move|p1b: Dragonite|Ice Spinner|p2a: Gothitelle\n|-damage|p2a: Gothitelle|49\/100\n|-enditem|p2a: Gothitelle|Sitrus Berry|[eat]\n|-heal|p2a: Gothitelle|73\/100|[from] item: Sitrus Berry\n|move|p2b: Ting-Lu|Heavy Slam|p1b: Dragonite\n|-damage|p1b: Dragonite|60\/100\n|\n|-start|p1a: Arcanine|perish1\n|-start|p1b: Dragonite|perish1\n|upkeep\n|turn|6\n|\n|t:|1684126654\n|move|p2a: Gothitelle|Protect|p2a: Gothitelle\n|-singleturn|p2a: Gothitelle|Protect\n|move|p1b: Dragonite|Extreme Speed|p2a: Gothitelle\n|-activate|p2a: Gothitelle|move: Protect\n|move|p1a: Arcanine|Will-O-Wisp|p2b: Ting-Lu\n|-status|p2b: Ting-Lu|brn\n|move|p2b: Ting-Lu|Heavy Slam|p1b: Dragonite\n|-damage|p1b: Dragonite|49\/100\n|\n|-damage|p2b: Ting-Lu|68\/100 brn|[from] brn\n|-start|p1a: Arcanine|perish0\n|-start|p1b: Dragonite|perish0\n|faint|p1a: Arcanine\n|faint|p1b: Dragonite\n|upkeep\n|\n|t:|1684126661\n|switch|p1a: Flutter Mane|Flutter Mane, L50|100\/100\n|switch|p1b: Chien-Pao|Chien-Pao, L50|100\/100\n|-ability|p1b: Chien-Pao|Sword of Ruin\n|turn|7\n|\n|t:|1684126680\n|switch|p2a: Flareon|Flareon, L50, F, tera:Grass|27\/100\n|-terastallize|p1a: Flutter Mane|Fairy\n|move|p1b: Chien-Pao|Ice Spinner|p2b: Ting-Lu\n|-supereffective|p2b: Ting-Lu\n|-damage|p2b: Ting-Lu|10\/100 brn\n|-enditem|p2b: Ting-Lu|Aguav Berry|[eat]\n|-heal|p2b: Ting-Lu|43\/100 brn|[from] item: Aguav Berry\n|move|p1a: Flutter Mane|Moonblast|p2a: Flareon\n|-crit|p2a: Flareon\n|-damage|p2a: Flareon|0 fnt\n|faint|p2a: Flareon\n|move|p2b: Ting-Lu|Sand Tomb|p1a: Flutter Mane\n|-damage|p1a: Flutter Mane|82\/100\n|-activate|p1a: Flutter Mane|move: Sand Tomb|[of] p2b: Ting-Lu\n|\n|-damage|p2b: Ting-Lu|37\/100 brn|[from] brn\n|-damage|p1a: Flutter Mane|70\/100|[from] move: Sand Tomb|[partiallytrapped]\n|upkeep\n|\n|t:|1684126686\n|switch|p2a: Jigglypuff|Jigglypuff, L50, M, shiny|100\/100\n|turn|8\n|inactive|comando_carpincho has 30 seconds left.\n|\n|t:|1684126712\n|move|p2b: Ting-Lu|Protect|p2b: Ting-Lu\n|-singleturn|p2b: Ting-Lu|Protect\n|move|p1b: Chien-Pao|Ice Spinner|p2b: Ting-Lu\n|-activate|p2b: Ting-Lu|move: Protect\n|move|p1a: Flutter Mane|Moonblast|p2a: Jigglypuff\n|-damage|p2a: Jigglypuff|39\/100\n|move|p2a: Jigglypuff|Perish Song|p2a: Jigglypuff\n|-start|p1a: Flutter Mane|perish3|[silent]\n|-start|p1b: Chien-Pao|perish3|[silent]\n|-start|p2a: Jigglypuff|perish3|[silent]\n|-start|p2b: Ting-Lu|perish3|[silent]\n|-fieldactivate|move: Perish Song\n|\n|-damage|p2b: Ting-Lu|31\/100 brn|[from] brn\n|-damage|p1a: Flutter Mane|58\/100|[from] move: Sand Tomb|[partiallytrapped]\n|-start|p1b: Chien-Pao|perish3\n|-start|p1a: Flutter Mane|perish3\n|-start|p2b: Ting-Lu|perish3\n|-start|p2a: Jigglypuff|perish3\n|upkeep\n|turn|9\n|inactive|BUNDA MOLE VGC has 30 seconds left.\n|\n|t:|1684126742\n|move|p2b: Ting-Lu|Protect|p2b: Ting-Lu\n|-singleturn|p2b: Ting-Lu|Protect\n|move|p2a: Jigglypuff|Protect|p2a: Jigglypuff\n|-singleturn|p2a: Jigglypuff|Protect\n|move|p1b: Chien-Pao|Ice Spinner|p2a: Jigglypuff\n|-activate|p2a: Jigglypuff|move: Protect\n|move|p1a: Flutter Mane|Moonblast|p2b: Ting-Lu\n|-activate|p2b: Ting-Lu|move: Protect\n|\n|-damage|p2b: Ting-Lu|25\/100 brn|[from] brn\n|-damage|p1a: Flutter Mane|46\/100|[from] move: Sand Tomb|[partiallytrapped]\n|-start|p1b: Chien-Pao|perish2\n|-start|p1a: Flutter Mane|perish2\n|-start|p2b: Ting-Lu|perish2\n|-start|p2a: Jigglypuff|perish2\n|upkeep\n|turn|10\n|inactive|BUNDA MOLE VGC has 30 seconds left.\n|\n|t:|1684126768\n|switch|p2a: Gothitelle|Gothitelle, L50, F|73\/100\n|move|p2b: Ting-Lu|Protect|p2b: Ting-Lu\n|-singleturn|p2b: Ting-Lu|Protect\n|move|p1b: Chien-Pao|Ice Spinner|p2a: Gothitelle\n|-damage|p2a: Gothitelle|24\/100\n|move|p1a: Flutter Mane|Moonblast|p2b: Ting-Lu\n|-activate|p2b: Ting-Lu|move: Protect\n|\n|-damage|p2b: Ting-Lu|19\/100 brn|[from] brn\n|-damage|p1a: Flutter Mane|34\/100|[from] move: Sand Tomb|[partiallytrapped]\n|-start|p1b: Chien-Pao|perish1\n|-start|p1a: Flutter Mane|perish1\n|-start|p2b: Ting-Lu|perish1\n|upkeep\n|turn|11\n|-message|comando_carpincho forfeited.\n|\n|win|BUNDA MOLE VGC\n|raw|comando_carpincho's rating: 1173 → 1148<\/strong> (-25 for losing)\n|raw|BUNDA MOLE VGC's rating: 1174 → 1199<\/strong> (+25 for winning)\n|l|\u2606comando_carpincho\n","uploadtime":1684126783,"views":9,"p1id":"comandocarpincho","p2id":"bundamolevgc","formatid":"gen9vgc2023regulationc","rating":1148,"private":0,"password":""}