{"id":"gen9vgc2023regulationc-1852670089","p1":"Fastjon4444","p2":"jtpjdagj112","format":"[Gen 9] VGC 2023 Regulation C","log":"|j|\u2606Fastjon4444\n|j|\u2606jtpjdagj112\n|t:|1682594137\n|gametype|doubles\n|player|p1|Fastjon4444|hilbert|1448\n|player|p2|jtpjdagj112|102|1379\n|teamsize|p1|6\n|teamsize|p2|6\n|gen|9\n|tier|[Gen 9] VGC 2023 Regulation C\n|rated|\n|rule|Species Clause: Limit one of each Pok\u00e9mon\n|rule|Item Clause: Limit one of each item\n|clearpoke\n|poke|p1|Chien-Pao, L50|\n|poke|p1|Dragapult, L50, F|\n|poke|p1|Arcanine, L50, F|\n|poke|p1|Flutter Mane, L50|\n|poke|p1|Palafin, L50, M|\n|poke|p1|Amoonguss, L50, M|\n|poke|p2|Amoonguss, L50, M|\n|poke|p2|Annihilape, L50, F|\n|poke|p2|Chien-Pao, L50|\n|poke|p2|Roaring Moon, L50|\n|poke|p2|Ting-Lu, L50|\n|poke|p2|Grimmsnarl, L50, M|\n|teampreview|4\nFastjon4444 has agreed to open team sheets.\n|\n|t:|1682594188\n|start\n|switch|p1a: Flutter Mane|Flutter Mane, L50|100\/100\n|switch|p1b: Arcanine|Arcanine, L50, F|100\/100\n|switch|p2a: Annihilape|Annihilape, L50, F|100\/100\n|switch|p2b: Grimmsnarl|Grimmsnarl, L50, M|100\/100\n|-ability|p1b: Arcanine|Intimidate|boost\n|-unboost|p2a: Annihilape|atk|1\n|-unboost|p2b: Grimmsnarl|atk|1\n|turn|1\n|\n|t:|1682594237\n|switch|p1b: Amoonguss|Amoonguss, L50, M|100\/100\n|-terastallize|p2a: Annihilape|Water\n|move|p2b: Grimmsnarl|Light Screen|p2b: Grimmsnarl\n|-sidestart|p2: jtpjdagj112|move: Light Screen\n|move|p1a: Flutter Mane|Shadow Ball|p2a: Annihilape\n|-damage|p2a: Annihilape|66\/100\n|move|p2a: Annihilape|Bulk Up|p2a: Annihilape\n|-boost|p2a: Annihilape|atk|1\n|-boost|p2a: Annihilape|def|1\n|\n|-heal|p2a: Annihilape|73\/100|[from] item: Leftovers\n|upkeep\n|turn|2\n|\n|t:|1682594281\n|-end|p1a: Flutter Mane|Protosynthesis|[silent]\n|switch|p1a: Arcanine|Arcanine, L50, F|100\/100\n|-ability|p1a: Arcanine|Intimidate|boost\n|-unboost|p2a: Annihilape|atk|1\n|-unboost|p2b: Grimmsnarl|atk|1\n|move|p2b: Grimmsnarl|Parting Shot|p1a: Arcanine\n|-unboost|p1a: Arcanine|atk|1\n|-unboost|p1a: Arcanine|spa|1\n|\n|t:|1682594288\n|switch|p2b: Amoonguss|Amoonguss, L50, M|100\/100|[from] Parting Shot\n|move|p2a: Annihilape|Rage Fist|p1a: Arcanine\n|-damage|p1a: Arcanine|67\/100\n|move|p1b: Amoonguss|Spore|p2a: Annihilape\n|-immune|p2a: Annihilape|[from] ability: Vital Spirit\n|\n|-heal|p2a: Annihilape|79\/100|[from] item: Leftovers\n|upkeep\n|turn|3\n|j| Amano Ai\n|\n|t:|1682594309\n|move|p2a: Annihilape|Bulk Up|p2a: Annihilape\n|-boost|p2a: Annihilape|atk|1\n|-boost|p2a: Annihilape|def|1\n|move|p1a: Arcanine|Flare Blitz|p2b: Amoonguss\n|-supereffective|p2b: Amoonguss\n|-damage|p2b: Amoonguss|46\/100\n|-enditem|p2b: Amoonguss|Sitrus Berry|[eat]\n|-heal|p2b: Amoonguss|71\/100|[from] item: Sitrus Berry\n|-damage|p1a: Arcanine|46\/100|[from] Recoil\n|-enditem|p1a: Arcanine|Sitrus Berry|[eat]\n|-heal|p1a: Arcanine|71\/100|[from] item: Sitrus Berry\n|move|p2b: Amoonguss|Bullet Seed|p2a: Annihilape\n|-supereffective|p2a: Annihilape\n|-damage|p2a: Annihilape|70\/100\n|-supereffective|p2a: Annihilape\n|-damage|p2a: Annihilape|63\/100\n|-supereffective|p2a: Annihilape\n|-damage|p2a: Annihilape|57\/100\n|-hitcount|p2a: Annihilape|3\n|move|p1b: Amoonguss|Pollen Puff|p1a: Arcanine\n|-heal|p1a: Arcanine|100\/100\n|\n|-heal|p2a: Annihilape|63\/100|[from] item: Leftovers\n|upkeep\n|turn|4\n|\n|t:|1682594366\n|switch|p1a: Chien-Pao|Chien-Pao, L50|100\/100\n|-ability|p1a: Chien-Pao|Sword of Ruin\n|move|p1b: Amoonguss|Rage Powder|p1b: Amoonguss\n|-singleturn|p1b: Amoonguss|move: Rage Powder\n|move|p2a: Annihilape|Rage Fist|p1b: Amoonguss\n|-damage|p1b: Amoonguss|0 fnt\n|-damage|p2a: Annihilape|47\/100|[from] item: Rocky Helmet|[of] p1b: Amoonguss\n|faint|p1b: Amoonguss\n|move|p2b: Amoonguss|Pollen Puff|p2a: Annihilape\n|-heal|p2a: Annihilape|97\/100\n|\n|-heal|p2a: Annihilape|100\/100|[from] item: Leftovers\n|upkeep\n|\n|t:|1682594381\n|switch|p1b: Arcanine|Arcanine, L50, F|100\/100\n|-ability|p1b: Arcanine|Intimidate|boost\n|-unboost|p2a: Annihilape|atk|1\n|-unboost|p2b: Amoonguss|atk|1\n|turn|5\n|\n|t:|1682594390\n|switch|p2b: Grimmsnarl|Grimmsnarl, L50, M|100\/100\n|move|p2a: Annihilape|Protect|p2a: Annihilape\n|-singleturn|p2a: Annihilape|Protect\n|move|p1a: Chien-Pao|Ice Spinner|p2b: Grimmsnarl\n|-damage|p2b: Grimmsnarl|35\/100\n|move|p1b: Arcanine|Will-O-Wisp|p2a: Annihilape\n|-activate|p2a: Annihilape|move: Protect\n|\n|upkeep\n|turn|6\n|\n|t:|1682594407\n|switch|p1a: Flutter Mane|Flutter Mane, L50|100\/100\n|move|p1b: Arcanine|Extreme Speed|p2b: Grimmsnarl\n|-damage|p2b: Grimmsnarl|4\/100\n|move|p2b: Grimmsnarl|Reflect|p2b: Grimmsnarl\n|-sidestart|p2: jtpjdagj112|Reflect\n|move|p2a: Annihilape|Rage Fist|p1b: Arcanine\n|-damage|p1b: Arcanine|26\/100\n|\n|upkeep\n|turn|7\n|\n|t:|1682594429\n|switch|p2b: Amoonguss|Amoonguss, L50, M|100\/100\n|move|p1b: Arcanine|Extreme Speed|p2b: Amoonguss\n|-damage|p2b: Amoonguss|87\/100\n|move|p1a: Flutter Mane|Thunderbolt|p2a: Annihilape\n|-supereffective|p2a: Annihilape\n|-damage|p2a: Annihilape|43\/100\n|move|p2a: Annihilape|Rage Fist|p1a: Flutter Mane\n|-supereffective|p1a: Flutter Mane\n|-damage|p1a: Flutter Mane|0 fnt\n|faint|p1a: Flutter Mane\n|-end|p1a: Flutter Mane|Protosynthesis|[silent]\n|\n|-heal|p2a: Annihilape|50\/100|[from] item: Leftovers\n|upkeep\n|\n|t:|1682594441\n|switch|p1a: Chien-Pao|Chien-Pao, L50|100\/100\n|-ability|p1a: Chien-Pao|Sword of Ruin\n|turn|8\n|\n|t:|1682594452\n|move|p1a: Chien-Pao|Sacred Sword|p2a: Annihilape\n|-damage|p2a: Annihilape|22\/100\n|move|p2a: Annihilape|Rage Fist|p1b: Arcanine\n|-damage|p1b: Arcanine|0 fnt\n|faint|p1b: Arcanine\n|move|p2b: Amoonguss|Pollen Puff|p2a: Annihilape\n|-heal|p2a: Annihilape|72\/100\n|\n|-heal|p2a: Annihilape|78\/100|[from] item: Leftovers\n|-sideend|p2: jtpjdagj112|move: Light Screen\n|upkeep\n|turn|9\n|\n|t:|1682594466\n|move|p1a: Chien-Pao|Ice Spinner|p2b: Amoonguss\n|-supereffective|p2b: Amoonguss\n|-damage|p2b: Amoonguss|30\/100\n|move|p2a: Annihilape|Drain Punch|p1a: Chien-Pao\n|-supereffective|p1a: Chien-Pao\n|-enditem|p1a: Chien-Pao|Focus Sash\n|-damage|p1a: Chien-Pao|1\/100\n|-heal|p2a: Annihilape|100\/100|[from] drain|[of] p1a: Chien-Pao\n|move|p2b: Amoonguss|Spore|p1a: Chien-Pao\n|-status|p1a: Chien-Pao|slp|[from] move: Spore\n|\n|upkeep\n|turn|10\n|\n|t:|1682594473\n|cant|p1a: Chien-Pao|slp\n|move|p2a: Annihilape|Drain Punch|p1a: Chien-Pao\n|-supereffective|p1a: Chien-Pao\n|-damage|p1a: Chien-Pao|0 fnt\n|faint|p1a: Chien-Pao\n|\n|win|jtpjdagj112\n|raw|Fastjon4444's rating: 1448 → 1424<\/strong> (-24 for losing)\n|raw|jtpjdagj112's rating: 1379 → 1403<\/strong> (+24 for winning)\n","uploadtime":1682594476,"views":13,"p1id":"fastjon4444","p2id":"jtpjdagj112","formatid":"gen9vgc2023regulationc","rating":1403,"private":0,"password":""}