{"id":"gen9vgc2023regulationc-1856657813","p1":"AnYujin0831","p2":"myselfkula","format":"[Gen 9] VGC 2023 Regulation C","log":"|j|\u2606AnYujin0831\n|j|\u2606myselfkula\n|t:|1683089333\n|gametype|doubles\n|player|p1|AnYujin0831|2|1214\n|player|p2|myselfkula|102|1252\n|teamsize|p1|6\n|teamsize|p2|6\n|gen|9\n|tier|[Gen 9] VGC 2023 Regulation C\n|rated|\n|rule|Species Clause: Limit one of each Pok\u00e9mon\n|rule|Item Clause: Limit one of each item\n|clearpoke\n|poke|p1|Dondozo, L50, M|\n|poke|p1|Chi-Yu, L50|\n|poke|p1|Glimmora, L50, M|\n|poke|p1|Tatsugiri, L50, M|\n|poke|p1|Flutter Mane, L50|\n|poke|p1|Gholdengo, L50|\n|poke|p2|Annihilape, L50, M|\n|poke|p2|Iron Bundle, L50|\n|poke|p2|Flutter Mane, L50|\n|poke|p2|Maushold-Four, L50|\n|poke|p2|Torkoal, L50, M|\n|poke|p2|Dragonite, L50, F|\n|teampreview|4\n|j| Baccano 2\n|l| Baccano 2\n|\n|t:|1683089382\n|start\n|switch|p1a: Chi-Yu|Chi-Yu, L50|100\/100\n|switch|p1b: Glimmora|Glimmora, L50, M|100\/100\n|switch|p2a: Annihilape|Annihilape, L50, M|100\/100\n|switch|p2b: Flutter Mane|Flutter Mane, L50|100\/100\n|-ability|p1a: Chi-Yu|Beads of Ruin\n|turn|1\n|inactive|Battle timer is ON: inactive players will automatically lose when time's up. (requested by myselfkula)\n|inactive|AnYujin0831 has 60 seconds left.\n|\n|t:|1683089414\n|-terastallize|p2a: Annihilape|Fire\n|move|p1a: Chi-Yu|Overheat|p2a: Annihilape\n|-resisted|p2a: Annihilape\n|-damage|p2a: Annihilape|59\/100\n|-unboost|p1a: Chi-Yu|spa|2\n|-damage|p1a: Chi-Yu|91\/100|[from] item: Life Orb\n|move|p2a: Annihilape|Drain Punch|p1a: Chi-Yu\n|-supereffective|p1a: Chi-Yu\n|-damage|p1a: Chi-Yu|0 fnt\n|-heal|p2a: Annihilape|87\/100|[from] drain|[of] p1a: Chi-Yu\n|faint|p1a: Chi-Yu\n|move|p1b: Glimmora|Mortal Spin|p2a: Annihilape|[spread] p2a,p2b\n|-damage|p2a: Annihilape|83\/100\n|-damage|p2b: Flutter Mane|92\/100\n|-status|p2a: Annihilape|psn\n|-status|p2b: Flutter Mane|psn\n|move|p2b: Flutter Mane|Trick Room|p2b: Flutter Mane\n|-fieldstart|move: Trick Room|[of] p2b: Flutter Mane\n|\n|-damage|p2a: Annihilape|70\/100 psn|[from] psn\n|-damage|p2b: Flutter Mane|80\/100 psn|[from] psn\n|upkeep\n|\n|t:|1683089438\n|switch|p1a: Dondozo|Dondozo, L50, M|100\/100\n|turn|2\n|\n|t:|1683089446\n|move|p2a: Annihilape|Protect|p2a: Annihilape\n|-singleturn|p2a: Annihilape|Protect\n|move|p1a: Dondozo|Earthquake|p2a: Annihilape|[spread] p1b,p2b\n|-activate|p2a: Annihilape|move: Protect\n|-supereffective|p1b: Glimmora\n|-damage|p1b: Glimmora|11\/100\n|-damage|p2b: Flutter Mane|44\/100 psn\n|-activate|p1b: Glimmora|ability: Toxic Debris\n|-sidestart|p2: myselfkula|move: Toxic Spikes\n|move|p1b: Glimmora|Power Gem|p2a: Annihilape\n|-activate|p2a: Annihilape|move: Protect\n|move|p2b: Flutter Mane|Thunderbolt|p1a: Dondozo\n|-supereffective|p1a: Dondozo\n|-damage|p1a: Dondozo|49\/100\n|-status|p1a: Dondozo|par\n|-enditem|p1a: Dondozo|Lum Berry|[eat]\n|-curestatus|p1a: Dondozo|par|[msg]\n|\n|-damage|p2a: Annihilape|58\/100 psn|[from] psn\n|-damage|p2b: Flutter Mane|32\/100 psn|[from] psn\n|upkeep\n|turn|3\n|inactive|myselfkula has 30 seconds left.\n|inactive|myselfkula has 20 seconds left.\n|\n|t:|1683089483\n|move|p1a: Dondozo|Protect|p1a: Dondozo\n|-singleturn|p1a: Dondozo|Protect\n|move|p1b: Glimmora|Power Gem|p2a: Annihilape\n|-supereffective|p2a: Annihilape\n|-damage|p2a: Annihilape|0 fnt\n|faint|p2a: Annihilape\n|move|p2b: Flutter Mane|Thunderbolt|p1a: Dondozo\n|-activate|p1a: Dondozo|move: Protect\n|\n|-damage|p2b: Flutter Mane|20\/100 psn|[from] psn\n|upkeep\n|\n|t:|1683089493\n|switch|p2a: Torkoal|Torkoal, L50, M|100\/100\n|-status|p2a: Torkoal|psn\n|-weather|SunnyDay|[from] ability: Drought|[of] p2a: Torkoal\n|-activate|p2b: Flutter Mane|ability: Protosynthesis\n|-start|p2b: Flutter Mane|protosynthesisspa\n|turn|4\n|\n|t:|1683089508\n|switch|p1b: Tatsugiri|Tatsugiri, L50, M|100\/100\n|-activate|p1b: Tatsugiri|ability: Commander|[of] p1a: Dondozo\n|-boost|p1a: Dondozo|atk|2\n|-boost|p1a: Dondozo|spa|2\n|-boost|p1a: Dondozo|spe|2\n|-boost|p1a: Dondozo|def|2\n|-boost|p1a: Dondozo|spd|2\n|move|p2a: Torkoal|Eruption|p1b: Tatsugiri|[spread] p1a\n|-miss|p2a: Torkoal|p1b: Tatsugiri\n|-resisted|p1a: Dondozo\n|-damage|p1a: Dondozo|33\/100\n|move|p1a: Dondozo|Wave Crash|p2a: Torkoal\n|-supereffective|p2a: Torkoal\n|-crit|p2a: Torkoal\n|-damage|p2a: Torkoal|0 fnt\n|faint|p2a: Torkoal\n|-damage|p1a: Dondozo|10\/100|[from] Recoil\n|move|p2b: Flutter Mane|Thunderbolt|p1a: Dondozo\n|-supereffective|p1a: Dondozo\n|-damage|p1a: Dondozo|0 fnt\n|faint|p1a: Dondozo\n|\n|-weather|SunnyDay|[upkeep]\n|-damage|p2b: Flutter Mane|8\/100 psn|[from] psn\n|upkeep\n|inactive|AnYujin0831 has 30 seconds left.\n|\n|t:|1683089533\n|switch|p2a: Iron Bundle|Iron Bundle, L50, shiny|100\/100\n|switch|p1a: Glimmora|Glimmora, L50, M|11\/100\n|-status|p2a: Iron Bundle|psn\n|-enditem|p2a: Iron Bundle|Booster Energy\n|-activate|p2a: Iron Bundle|ability: Quark Drive|[fromitem]\n|-start|p2a: Iron Bundle|quarkdrivespe\n|turn|5\n|l|\u2606AnYujin0831\n|inactive|AnYujin0831 disconnected and has a minute to reconnect!\n|player|p1|\n|j|\u2606AnYujin0831\n|inactive|AnYujin0831 reconnected and has 45 seconds left.\n|player|p1|AnYujin0831|2\n|inactive|AnYujin0831 has 30 seconds left.\n|\n|t:|1683089561\n|-terastallize|p1b: Tatsugiri|Dragon\n|move|p2a: Iron Bundle|Protect|p2a: Iron Bundle\n|-singleturn|p2a: Iron Bundle|Protect\n|move|p1a: Glimmora|Sludge Bomb|p2a: Iron Bundle\n|-activate|p2a: Iron Bundle|move: Protect\n|move|p2b: Flutter Mane|Dazzling Gleam|p1a: Glimmora|[spread] p1a,p1b\n|-resisted|p1a: Glimmora\n|-supereffective|p1b: Tatsugiri\n|-damage|p1a: Glimmora|0 fnt\n|-damage|p1b: Tatsugiri|0 fnt\n|faint|p1a: Glimmora\n|faint|p1b: Tatsugiri\n|\n|win|myselfkula\n|raw|AnYujin0831's rating: 1214 → 1192<\/strong> (-22 for losing)\n|raw|myselfkula's rating: 1252 → 1274<\/strong> (+22 for winning)\n|l|\u2606AnYujin0831\n","uploadtime":1683089581,"views":5,"p1id":"anyujin0831","p2id":"myselfkula","formatid":"gen9vgc2023regulationc","rating":1192,"private":0,"password":""}