{"id":"gen9vgc2023regulationc-1850389864","p1":"UltimoRyu","p2":"javi02bomb","format":"[Gen 9] VGC 2023 Regulation C","log":"|j|\u2606UltimoRyu\n|j|\u2606javi02bomb\n|t:|1682329537\n|gametype|doubles\n|player|p1|UltimoRyu|steven|1063\n|player|p2|javi02bomb|101|1072\n|teamsize|p1|6\n|teamsize|p2|6\n|gen|9\n|tier|[Gen 9] VGC 2023 Regulation C\n|rated|\n|rule|Species Clause: Limit one of each Pok\u00e9mon\n|rule|Item Clause: Limit one of each item\n|clearpoke\n|poke|p1|Amoonguss, L50, M|\n|poke|p1|Quaquaval, L50, F|\n|poke|p1|Arcanine, L50, F|\n|poke|p1|Iron Hands, L50|\n|poke|p1|Flutter Mane, L50|\n|poke|p1|Corviknight, L50, M|\n|poke|p2|Chien-Pao, L50|\n|poke|p2|Flutter Mane, L50|\n|poke|p2|Roaring Moon, L50|\n|poke|p2|Iron Hands, L50|\n|poke|p2|Talonflame, L50, M|\n|poke|p2|Torkoal, L50, F|\n|teampreview|4\n|\n|t:|1682329576\n|start\n|switch|p1a: Quaquaval|Quaquaval, L50, F|100\/100\n|switch|p1b: Flutter Mane|Flutter Mane, L50|100\/100\n|switch|p2a: Chien-Pao|Chien-Pao, L50|100\/100\n|switch|p2b: Iron Hands|Iron Hands, L50|100\/100\n|-ability|p2a: Chien-Pao|Sword of Ruin\n|turn|1\n|\n|t:|1682329608\n|-terastallize|p1a: Quaquaval|Ghost\n|move|p2a: Chien-Pao|Psychic Fangs|p1a: Quaquaval\n|-damage|p1a: Quaquaval|41\/100\n|-damage|p2a: Chien-Pao|91\/100|[from] item: Life Orb\n|move|p1b: Flutter Mane|Dazzling Gleam|p2b: Iron Hands|[spread] p2a,p2b\n|-supereffective|p2a: Chien-Pao\n|-supereffective|p2b: Iron Hands\n|-damage|p2a: Chien-Pao|0 fnt\n|-damage|p2b: Iron Hands|45\/100\n|faint|p2a: Chien-Pao\n|move|p1a: Quaquaval|Swords Dance|p1a: Quaquaval\n|-boost|p1a: Quaquaval|atk|2\n|move|p2b: Iron Hands|Wild Charge|p1b: Flutter Mane\n|-damage|p1b: Flutter Mane|22\/100\n|-damage|p2b: Iron Hands|34\/100|[from] Recoil\n|\n|upkeep\n|\n|t:|1682329628\n|switch|p2a: Flutter Mane|Flutter Mane, L50|100\/100\n|turn|2\n|\n|t:|1682329644\n|-terastallize|p2a: Flutter Mane|Fairy\n|move|p1a: Quaquaval|Protect|p1a: Quaquaval\n|-singleturn|p1a: Quaquaval|Protect\n|move|p2a: Flutter Mane|Dazzling Gleam|p1b: Flutter Mane|[spread] p1b\n|-activate|p1a: Quaquaval|move: Protect\n|-damage|p1b: Flutter Mane|0 fnt\n|faint|p1b: Flutter Mane\n|-end|p1b: Flutter Mane|Protosynthesis|[silent]\n|move|p2b: Iron Hands|Wild Charge|p1a: Quaquaval\n|-activate|p1a: Quaquaval|move: Protect\n|\n|upkeep\n|\n|t:|1682329657\n|switch|p1b: Iron Hands|Iron Hands, L50|100\/100\n|turn|3\n|\n|t:|1682329667\n|move|p1b: Iron Hands|Fake Out|p2a: Flutter Mane\n|-damage|p2a: Flutter Mane|67\/100\n|cant|p2a: Flutter Mane|flinch\n|move|p1a: Quaquaval|Aqua Step|p2b: Iron Hands\n|-damage|p2b: Iron Hands|0 fnt\n|-boost|p1a: Quaquaval|spe|1\n|faint|p2b: Iron Hands\n|-end|p2b: Iron Hands|Quark Drive|[silent]\n|-ability|p1a: Quaquaval|Moxie|boost\n|-boost|p1a: Quaquaval|atk|1\n|\n|upkeep\n|\n|t:|1682329677\n|switch|p2b: Talonflame|Talonflame, L50, M|100\/100\n|turn|4\n|\n|t:|1682329691\n|-end|p1b: Iron Hands|Quark Drive|[silent]\n|switch|p1b: Arcanine|Arcanine, L50, F|100\/100\n|-ability|p1b: Arcanine|Intimidate|boost\n|-unboost|p2a: Flutter Mane|atk|1\n|-unboost|p2b: Talonflame|atk|1\n|move|p2b: Talonflame|Brave Bird|p1a: Quaquaval\n|-damage|p1a: Quaquaval|0 fnt\n|faint|p1a: Quaquaval\n|-damage|p2b: Talonflame|86\/100|[from] Recoil\n|move|p2a: Flutter Mane|Moonblast|p1b: Arcanine\n|-resisted|p1b: Arcanine\n|-damage|p1b: Arcanine|65\/100\n|-unboost|p1b: Arcanine|spa|1\n|\n|upkeep\n|\n|t:|1682329705\n|switch|p1a: Iron Hands|Iron Hands, L50|100\/100\n|turn|5\n|\n|t:|1682329722\n|move|p1a: Iron Hands|Fake Out|p2b: Talonflame\n|-damage|p2b: Talonflame|61\/100\n|move|p2a: Flutter Mane|Power Gem|p1b: Arcanine\n|-supereffective|p1b: Arcanine\n|-damage|p1b: Arcanine|14\/100\n|cant|p2b: Talonflame|flinch\n|move|p1b: Arcanine|Howl|p1b: Arcanine|[spread] p1a,p1b\n|-boost|p1a: Iron Hands|atk|1\n|-boost|p1b: Arcanine|atk|1\n|\n|upkeep\n|turn|6\n|\n|t:|1682329741\n|move|p1b: Arcanine|Extreme Speed|p2a: Flutter Mane\n|-damage|p2a: Flutter Mane|0 fnt\n|faint|p2a: Flutter Mane\n|-end|p2a: Flutter Mane|Protosynthesis|[silent]\n|move|p2b: Talonflame|Brave Bird|p1a: Iron Hands\n|-damage|p1a: Iron Hands|80\/100\n|-damage|p2b: Talonflame|50\/100|[from] Recoil\n|move|p1a: Iron Hands|Thunder Punch|p2b: Talonflame\n|-supereffective|p2b: Talonflame\n|-damage|p2b: Talonflame|0 fnt\n|faint|p2b: Talonflame\n|\n|win|UltimoRyu\n|raw|UltimoRyu's rating: 1063 → 1094<\/strong> (+31 for winning)\n|raw|javi02bomb's rating: 1072 → 1051<\/strong> (-21 for losing)\n|l|\u2606javi02bomb\n","uploadtime":1682329757,"views":25,"p1id":"ultimoryu","p2id":"javi02bomb","formatid":"gen9vgc2023regulationc","rating":1051,"private":0,"password":""}