{"id":"gen9vgc2023regulationc-1850942075","p1":"toobadforalt","p2":"J0rdy2018","format":"[Gen 9] VGC 2023 Regulation C","log":"|j|\u2606toobadforalt\n|j|\u2606J0rdy2018\n|t:|1682384999\n|gametype|doubles\n|player|p1|toobadforalt|ninjaboy|1327\n|player|p2|J0rdy2018|170|1368\n|teamsize|p1|6\n|teamsize|p2|6\n|gen|9\n|tier|[Gen 9] VGC 2023 Regulation C\n|rated|\n|rule|Species Clause: Limit one of each Pok\u00e9mon\n|rule|Item Clause: Limit one of each item\n|clearpoke\n|poke|p1|Iron Treads, L50|\n|poke|p1|Talonflame, L50, M|\n|poke|p1|Tyranitar, L50, F|\n|poke|p1|Tsareena, L50, F|\n|poke|p1|Chi-Yu, L50|\n|poke|p1|Flutter Mane, L50|\n|poke|p2|Glimmora, L50, M|\n|poke|p2|Flutter Mane, L50|\n|poke|p2|Corviknight, L50, F|\n|poke|p2|Amoonguss, L50, F|\n|poke|p2|Ting-Lu, L50|\n|poke|p2|Palafin, L50, F|\n|teampreview|4\n|\n|t:|1682385044\n|start\n|switch|p1a: Flutter Mane|Flutter Mane, L50|100\/100\n|switch|p1b: Chi-Yu|Chi-Yu, L50|100\/100\n|switch|p2a: Glimmora|Glimmora, L50, M|100\/100\n|switch|p2b: Palafin|Palafin, L50, F|100\/100\n|-ability|p1b: Chi-Yu|Beads of Ruin\n|turn|1\n|\n|t:|1682385071\n|-terastallize|p1b: Chi-Yu|Water\n|move|p2b: Palafin|Protect|p2b: Palafin\n|-singleturn|p2b: Palafin|Protect\n|move|p1a: Flutter Mane|Psyshock|p2a: Glimmora\n|-supereffective|p2a: Glimmora\n|-damage|p2a: Glimmora|65\/100\n|move|p1b: Chi-Yu|Dark Pulse|p2a: Glimmora\n|-damage|p2a: Glimmora|27\/100\n|move|p2a: Glimmora|Mortal Spin|p1a: Flutter Mane|[spread] p1a,p1b\n|-damage|p1a: Flutter Mane|92\/100\n|-damage|p1b: Chi-Yu|94\/100\n|-status|p1a: Flutter Mane|psn\n|-status|p1b: Chi-Yu|psn\n|\n|-damage|p1a: Flutter Mane|80\/100 psn|[from] psn\n|-damage|p1b: Chi-Yu|82\/100 psn|[from] psn\n|upkeep\n|turn|2\n|\n|t:|1682385101\n|detailschange|p2b: Palafin|Palafin-Hero, L50, F\n|switch|p2b: Corviknight|Corviknight, L50, F|100\/100\n|move|p1a: Flutter Mane|Protect|p1a: Flutter Mane\n|-singleturn|p1a: Flutter Mane|Protect\n|move|p1b: Chi-Yu|Heat Wave|p2b: Corviknight|[spread] p2a\n|-miss|p1b: Chi-Yu|p2b: Corviknight\n|-resisted|p2a: Glimmora\n|-damage|p2a: Glimmora|9\/100\n|move|p2a: Glimmora|Energy Ball|p1b: Chi-Yu\n|-supereffective|p1b: Chi-Yu\n|-damage|p1b: Chi-Yu|28\/100 psn\n|\n|-damage|p1a: Flutter Mane|68\/100 psn|[from] psn\n|-damage|p1b: Chi-Yu|16\/100 psn|[from] psn\n|upkeep\n|turn|3\n|\n|t:|1682385131\n|switch|p2a: Palafin|Palafin-Hero, L50, F|100\/100\n|-activate|p2a: Palafin|ability: Zero to Hero\n|-terastallize|p2b: Corviknight|Fire\n|move|p1a: Flutter Mane|Shadow Ball|p2b: Corviknight\n|-damage|p2b: Corviknight|62\/100\n|move|p1b: Chi-Yu|Heat Wave|p2b: Corviknight|[spread] p2a,p2b\n|-resisted|p2a: Palafin\n|-resisted|p2b: Corviknight\n|-damage|p2a: Palafin|73\/100\n|-damage|p2b: Corviknight|43\/100\n|move|p2b: Corviknight|Drill Peck|p1a: Flutter Mane\n|-damage|p1a: Flutter Mane|21\/100 psn\n|\n|-damage|p1a: Flutter Mane|10\/100 psn|[from] psn\n|-damage|p1b: Chi-Yu|4\/100 psn|[from] psn\n|upkeep\n|turn|4\n|\n|t:|1682385154\n|-end|p1a: Flutter Mane|Protosynthesis|[silent]\n|switch|p1a: Tsareena|Tsareena, L50, F|100\/100\n|move|p2a: Palafin|Protect|p2a: Palafin\n|-singleturn|p2a: Palafin|Protect\n|move|p1b: Chi-Yu|Tera Blast|p2b: Corviknight\n|-supereffective|p2b: Corviknight\n|-damage|p2b: Corviknight|0 fnt\n|faint|p2b: Corviknight\n|\n|-damage|p1b: Chi-Yu|0 fnt|[from] psn\n|faint|p1b: Chi-Yu\n|upkeep\n|\n|t:|1682385165\n|switch|p1b: Flutter Mane|Flutter Mane, L50|10\/100 psn\n|switch|p2b: Flutter Mane|Flutter Mane, L50|100\/100\n|-enditem|p2b: Flutter Mane|Booster Energy\n|-activate|p2b: Flutter Mane|ability: Protosynthesis|[fromitem]\n|-start|p2b: Flutter Mane|protosynthesisspe\n|turn|5\n|\n|t:|1682385197\n|switch|p2a: Glimmora|Glimmora, L50, M|9\/100\n|move|p2b: Flutter Mane|Hex|p1a: Tsareena\n|-damage|p1a: Tsareena|73\/100\n|move|p1b: Flutter Mane|Shadow Ball|p2b: Flutter Mane\n|-supereffective|p2b: Flutter Mane\n|-damage|p2b: Flutter Mane|38\/100\n|move|p1a: Tsareena|Trop Kick|p2a: Glimmora\n|-damage|p2a: Glimmora|0 fnt\n|-activate|p2a: Glimmora|ability: Toxic Debris\n|-sidestart|p1: toobadforalt|move: Toxic Spikes\n|faint|p2a: Glimmora\n|\n|-damage|p1b: Flutter Mane|0 fnt|[from] psn\n|faint|p1b: Flutter Mane\n|-end|p1b: Flutter Mane|Protosynthesis|[silent]\n|upkeep\n|\n|t:|1682385212\n|switch|p1b: Iron Treads|Iron Treads, L50|100\/100\n|switch|p2a: Palafin|Palafin-Hero, L50, F|73\/100\n|-enditem|p1b: Iron Treads|Booster Energy\n|-activate|p1b: Iron Treads|ability: Quark Drive|[fromitem]\n|-start|p1b: Iron Treads|quarkdrivespe\n|turn|6\n|\n|t:|1682385231\n|move|p2b: Flutter Mane|Protect|p2b: Flutter Mane\n|-singleturn|p2b: Flutter Mane|Protect\n|move|p1b: Iron Treads|Protect|p1b: Iron Treads\n|-singleturn|p1b: Iron Treads|Protect\n|move|p2a: Palafin|Wave Crash|p1b: Iron Treads\n|-activate|p1b: Iron Treads|move: Protect\n|move|p1a: Tsareena|Trop Kick|p2a: Palafin\n|-supereffective|p2a: Palafin\n|-damage|p2a: Palafin|11\/100\n|-unboost|p2a: Palafin|atk|1\n|\n|upkeep\n|turn|7\n|\n|t:|1682385248\n|move|p2b: Flutter Mane|Dazzling Gleam|p1a: Tsareena|[spread] p1a,p1b\n|-resisted|p1b: Iron Treads\n|-damage|p1a: Tsareena|45\/100\n|-damage|p1b: Iron Treads|83\/100\n|-enditem|p1a: Tsareena|Sitrus Berry|[eat]\n|-heal|p1a: Tsareena|70\/100|[from] item: Sitrus Berry\n|move|p1b: Iron Treads|Iron Head|p2b: Flutter Mane\n|-supereffective|p2b: Flutter Mane\n|-damage|p2b: Flutter Mane|0 fnt\n|faint|p2b: Flutter Mane\n|-end|p2b: Flutter Mane|Protosynthesis|[silent]\n|move|p2a: Palafin|Wave Crash|p1b: Iron Treads\n|-supereffective|p1b: Iron Treads\n|-damage|p1b: Iron Treads|0 fnt\n|faint|p1b: Iron Treads\n|-end|p1b: Iron Treads|Quark Drive|[silent]\n|-damage|p2a: Palafin|0 fnt|[from] Recoil\n|faint|p2a: Palafin\n|\n|win|toobadforalt\n|raw|toobadforalt's rating: 1327 → 1349<\/strong> (+22 for winning)\n|raw|J0rdy2018's rating: 1368 → 1346<\/strong> (-22 for losing)\n|l|\u2606J0rdy2018\n","uploadtime":1682385267,"views":9,"p1id":"toobadforalt","p2id":"j0rdy2018","formatid":"gen9vgc2023regulationc","rating":1346,"private":0,"password":""}