{"id":"gen9vgc2023regulationc-1856993906","p1":"doosacks","p2":"SisalVT","format":"[Gen 9] VGC 2023 Regulation C","log":"|j|\u2606doosacks\n|j|\u2606SisalVT\n|t:|1683134568\n|gametype|doubles\n|player|p1|doosacks|170|1600\n|player|p2|SisalVT|blue|1698\n|teamsize|p1|6\n|teamsize|p2|6\n|gen|9\n|tier|[Gen 9] VGC 2023 Regulation C\n|rated|\n|rule|Species Clause: Limit one of each Pok\u00e9mon\n|rule|Item Clause: Limit one of each item\n|clearpoke\n|poke|p1|Arcanine, L50, M|\n|poke|p1|Palafin, L50, F|\n|poke|p1|Amoonguss, L50, F|\n|poke|p1|Iron Hands, L50|\n|poke|p1|Ting-Lu, L50|\n|poke|p1|Flutter Mane, L50|\n|poke|p2|Breloom, L50, M|\n|poke|p2|Chien-Pao, L50|\n|poke|p2|Flutter Mane, L50|\n|poke|p2|Chi-Yu, L50|\n|poke|p2|Dondozo, L50, M|\n|poke|p2|Tatsugiri-Stretchy, L50, F|\n|teampreview|4\nSisalVT has agreed to open team sheets.\ndoosacks has agreed to open team sheets.\n|j| Wecbonbon\n|\n|t:|1683134654\n|start\n|switch|p1a: Iron Hands|Iron Hands, L50|100\/100\n|switch|p1b: Ting-Lu|Ting-Lu, L50|100\/100\n|switch|p2a: Hanako|Chi-Yu, L50|100\/100\n|switch|p2b: Pogsukiri|Tatsugiri-Stretchy, L50, F, shiny|100\/100\n|-ability|p2a: Hanako|Beads of Ruin\n|-ability|p1b: Ting-Lu|Vessel of Ruin\n|turn|1\n|\n|t:|1683134690\n|-terastallize|p2a: Hanako|Grass\n|move|p1a: Iron Hands|Detect|p1a: Iron Hands\n|-singleturn|p1a: Iron Hands|Protect\n|move|p2b: Pogsukiri|Muddy Water|p1a: Iron Hands|[spread] p1b\n|-activate|p1a: Iron Hands|move: Protect\n|-supereffective|p1b: Ting-Lu\n|-damage|p1b: Ting-Lu|68\/100\n|move|p2a: Hanako|Tera Blast|p1b: Ting-Lu\n|-supereffective|p1b: Ting-Lu\n|-damage|p1b: Ting-Lu|36\/100\n|move|p1b: Ting-Lu|Stomping Tantrum|p2b: Pogsukiri\n|-damage|p2b: Pogsukiri|35\/100\n|\n|upkeep\n|turn|2\n|\n|t:|1683134723\n|switch|p1b: Amoonguss|Amoonguss, L50, F|100\/100\n|move|p2b: Pogsukiri|Muddy Water|p1a: Iron Hands|[spread] p1b\n|-miss|p2b: Pogsukiri|p1a: Iron Hands\n|-resisted|p1b: Amoonguss\n|-damage|p1b: Amoonguss|79\/100\n|move|p2a: Hanako|Heat Wave|p1a: Iron Hands|[spread] p1a,p1b\n|-supereffective|p1b: Amoonguss\n|-damage|p1a: Iron Hands|67\/100\n|-damage|p1b: Amoonguss|8\/100\n|move|p1a: Iron Hands|Drain Punch|p2b: Pogsukiri\n|-damage|p2b: Pogsukiri|0 fnt\n|-heal|p1a: Iron Hands|78\/100|[from] drain|[of] p2b: Pogsukiri\n|faint|p2b: Pogsukiri\n|\n|upkeep\n|\n|t:|1683134733\n|switch|p2b: Bottas|Flutter Mane, L50|100\/100\n|-enditem|p2b: Bottas|Booster Energy\n|-activate|p2b: Bottas|ability: Protosynthesis|[fromitem]\n|-start|p2b: Bottas|protosynthesisspa\n|turn|3\n|\n|t:|1683134756\n|switch|p1b: Ting-Lu|Ting-Lu, L50|36\/100\n|-ability|p1b: Ting-Lu|Vessel of Ruin\n|-terastallize|p1a: Iron Hands|Fire\n|move|p2b: Bottas|Protect|p2b: Bottas\n|-singleturn|p2b: Bottas|Protect\n|move|p2a: Hanako|Heat Wave|p1b: Ting-Lu|[spread] p1a,p1b\n|-resisted|p1a: Iron Hands\n|-damage|p1a: Iron Hands|66\/100\n|-damage|p1b: Ting-Lu|21\/100\n|move|p1a: Iron Hands|Wild Charge|p2b: Bottas\n|-activate|p2b: Bottas|move: Protect\n|\n|upkeep\n|turn|4\n|j| Rahza11\n|\n|t:|1683134785\n|move|p2b: Bottas|Shadow Ball|p1a: Iron Hands\n|-damage|p1a: Iron Hands|24\/100\n|move|p2a: Hanako|Dark Pulse|p1a: Iron Hands\n|-damage|p1a: Iron Hands|0 fnt\n|faint|p1a: Iron Hands\n|-end|p1a: Iron Hands|Quark Drive|[silent]\n|move|p1b: Ting-Lu|Heavy Slam|p2b: Bottas\n|-supereffective|p2b: Bottas\n|-damage|p2b: Bottas|0 fnt\n|faint|p2b: Bottas\n|-end|p2b: Bottas|Protosynthesis|[silent]\n|\n|upkeep\n|\n|t:|1683134800\n|switch|p2b: Nivalis|Chien-Pao, L50|100\/100\n|switch|p1a: Flutter Mane|Flutter Mane, L50|100\/100\n|-ability|p2b: Nivalis|Sword of Ruin\n|-enditem|p1a: Flutter Mane|Booster Energy\n|-activate|p1a: Flutter Mane|ability: Protosynthesis|[fromitem]\n|-start|p1a: Flutter Mane|protosynthesisspa\n|turn|5\n|j| Grind Requiem\n|n| Ilza|rahza11\n|\n|t:|1683134834\n|move|p2b: Nivalis|Ice Spinner|p1a: Flutter Mane\n|-crit|p1a: Flutter Mane\n|-damage|p1a: Flutter Mane|0 fnt\n|faint|p1a: Flutter Mane\n|-end|p1a: Flutter Mane|Protosynthesis|[silent]\n|-damage|p2b: Nivalis|91\/100|[from] item: Life Orb\n|move|p2a: Hanako|Heat Wave|p1b: Ting-Lu\n|-damage|p1b: Ting-Lu|1\/100\n|move|p1b: Ting-Lu|Heavy Slam|p2b: Nivalis\n|-supereffective|p2b: Nivalis\n|-damage|p2b: Nivalis|13\/100\n|\n|upkeep\n|\n|t:|1683134843\n|switch|p1a: Amoonguss|Amoonguss, L50, F|41\/100\n|turn|6\n|\n|t:|1683134857\n|move|p1a: Amoonguss|Rage Powder|p1a: Amoonguss\n|-singleturn|p1a: Amoonguss|move: Rage Powder\n|move|p2b: Nivalis|Ice Spinner|p1a: Amoonguss\n|-supereffective|p1a: Amoonguss\n|-damage|p1a: Amoonguss|0 fnt\n|-damage|p2b: Nivalis|0 fnt|[from] item: Rocky Helmet|[of] p1a: Amoonguss\n|faint|p1a: Amoonguss\n|faint|p2b: Nivalis\n|move|p2a: Hanako|Tera Blast|p1b: Ting-Lu\n|-supereffective|p1b: Ting-Lu\n|-damage|p1b: Ting-Lu|0 fnt\n|faint|p1b: Ting-Lu\n|\n|win|SisalVT\n|raw|doosacks's rating: 1600 → 1585<\/strong> (-15 for losing)\n|raw|SisalVT's rating: 1683 → 1698<\/strong> (+15 for winning)\n|l| Wecbonbon\n|l|\u2606SisalVT\n|l| Grind Requiem\n|l| Ilza\n|j| A Borygon\n","uploadtime":1683135301,"views":28,"p1id":"doosacks","p2id":"sisalvt","formatid":"gen9vgc2023regulationc","rating":1585,"private":0,"password":""}