{"id":"gen9vgc2023regulationc-1856952733","p1":"RenanVIII","p2":"WimpShrimp","format":"[Gen 9] VGC 2023 Regulation C","log":"|j|\u2606RenanVIII\n|j|\u2606WimpShrimp\n|t:|1683129821\n|gametype|doubles\n|player|p1|RenanVIII|linebacker|1185\n|player|p2|WimpShrimp|n|1194\n|teamsize|p1|6\n|teamsize|p2|6\n|gen|9\n|tier|[Gen 9] VGC 2023 Regulation C\n|rated|\n|rule|Species Clause: Limit one of each Pok\u00e9mon\n|rule|Item Clause: Limit one of each item\n|clearpoke\n|poke|p1|Arcanine, L50, F|\n|poke|p1|Flutter Mane, L50|\n|poke|p1|Palafin, L50, F|\n|poke|p1|Annihilape, L50, M|\n|poke|p1|Maushold, L50|\n|poke|p1|Iron Jugulis, L50|\n|poke|p2|Iron Hands, L50|\n|poke|p2|Ting-Lu, L50|\n|poke|p2|Volcarona, L50, F|\n|poke|p2|Baxcalibur, L50, M|\n|poke|p2|Flutter Mane, L50|\n|poke|p2|Palafin, L50, M|\n|teampreview|4\nWimpShrimp has agreed to open team sheets.\nRenanVIII has agreed to open team sheets.\n|\n|t:|1683129850\n|start\n|switch|p1a: Annihilape|Annihilape, L50, M|100\/100\n|switch|p1b: Maushold|Maushold, L50|100\/100\n|switch|p2a: Flutter Mane|Flutter Mane, L50|100\/100\n|switch|p2b: Palafin|Palafin, L50, M|100\/100\n|-enditem|p2a: Flutter Mane|Booster Energy\n|-activate|p2a: Flutter Mane|ability: Protosynthesis|[fromitem]\n|-start|p2a: Flutter Mane|protosynthesisspe\n|turn|1\n|inactive|Battle timer is ON: inactive players will automatically lose when time's up. (requested by RenanVIII)\n|\n|t:|1683129867\n|-terastallize|p2a: Flutter Mane|Fairy\n|-terastallize|p1a: Annihilape|Fire\n|move|p2b: Palafin|Jet Punch|p1b: Maushold\n|-crit|p1b: Maushold\n|-damage|p1b: Maushold|50\/100\n|move|p2a: Flutter Mane|Dazzling Gleam|p1b: Maushold|[spread] p1a,p1b\n|-resisted|p1a: Annihilape\n|-damage|p1a: Annihilape|89\/100\n|-damage|p1b: Maushold|9\/100\n|move|p1b: Maushold|Beat Up|p1a: Annihilape\n|-damage|p1a: Annihilape|86\/100\n|-damage|p1a: Annihilape|84\/100\n|-damage|p1a: Annihilape|83\/100\n|-damage|p1a: Annihilape|80\/100\n|-hitcount|p1a: Annihilape|4\n|move|p1a: Annihilape|Rage Fist|p2a: Flutter Mane\n|-damage|p2a: Flutter Mane|0 fnt\n|faint|p2a: Flutter Mane\n|-end|p2a: Flutter Mane|Protosynthesis|[silent]\n|\n|upkeep\n|\n|t:|1683129878\n|switch|p2a: Iron Hands|Iron Hands, L50|100\/100\n|turn|2\n|\n|t:|1683129891\n|detailschange|p2b: Palafin|Palafin-Hero, L50, M\n|switch|p2b: Baxcalibur|Baxcalibur, L50, M|100\/100\n|move|p1b: Maushold|Protect|p1b: Maushold\n|-singleturn|p1b: Maushold|Protect\n|move|p2a: Iron Hands|Fake Out|p1b: Maushold\n|-activate|p1b: Maushold|move: Protect\n|move|p1a: Annihilape|Rage Fist|p2a: Iron Hands\n|-damage|p2a: Iron Hands|16\/100\n|\n|-heal|p2a: Iron Hands|22\/100|[from] item: Leftovers\n|upkeep\n|turn|3\n|\n|t:|1683129913\n|move|p1b: Maushold|Follow Me|p1b: Maushold\n|-singleturn|p1b: Maushold|move: Follow Me\n|move|p2b: Baxcalibur|Ice Shard|p1b: Maushold\n|-damage|p1b: Maushold|0 fnt\n|faint|p1b: Maushold\n|move|p1a: Annihilape|Rage Fist|p2b: Baxcalibur\n|-damage|p2b: Baxcalibur|0 fnt\n|faint|p2b: Baxcalibur\n|move|p2a: Iron Hands|Wild Charge|p1a: Annihilape\n|-damage|p1a: Annihilape|29\/100\n|-damage|p2a: Iron Hands|12\/100|[from] Recoil\n|\n|-heal|p2a: Iron Hands|18\/100|[from] item: Leftovers\n|upkeep\n|\n|t:|1683129925\n|switch|p1b: Palafin|Palafin, L50, F|100\/100\n|switch|p2b: Palafin|Palafin-Hero, L50, M|100\/100\n|-activate|p2b: Palafin|ability: Zero to Hero\n|turn|4\n|\n|t:|1683129941\n|detailschange|p1b: Palafin|Palafin-Hero, L50, F\n|switch|p1b: Arcanine|Arcanine, L50, F|100\/100\n|-ability|p1b: Arcanine|Intimidate|boost\n|-unboost|p2a: Iron Hands|atk|1\n|-unboost|p2b: Palafin|atk|1\n|move|p1a: Annihilape|Protect|p1a: Annihilape\n|-singleturn|p1a: Annihilape|Protect\n|move|p2a: Iron Hands|Protect|p2a: Iron Hands\n|-singleturn|p2a: Iron Hands|Protect\n|move|p2b: Palafin|Jet Punch|p1a: Annihilape\n|-activate|p1a: Annihilape|move: Protect\n|\n|-heal|p2a: Iron Hands|24\/100|[from] item: Leftovers\n|upkeep\n|turn|5\n|\n|t:|1683129962\n|switch|p1a: Palafin|Palafin-Hero, L50, F|100\/100\n|-activate|p1a: Palafin|ability: Zero to Hero\n|move|p2b: Palafin|Jet Punch|p1a: Palafin\n|-resisted|p1a: Palafin\n|-damage|p1a: Palafin|86\/100\n|move|p1b: Arcanine|Wild Charge|p2b: Palafin\n|-supereffective|p2b: Palafin\n|-damage|p2b: Palafin|54\/100\n|-damage|p1b: Arcanine|87\/100|[from] Recoil\n|move|p2a: Iron Hands|Drain Punch|p1b: Arcanine\n|-damage|p1b: Arcanine|53\/100\n|-heal|p2a: Iron Hands|36\/100|[from] drain|[of] p1b: Arcanine\n|\n|-heal|p2a: Iron Hands|42\/100|[from] item: Leftovers\n|upkeep\n|turn|6\n|\n|t:|1683129985\n|move|p1b: Arcanine|Flare Blitz|p2a: Iron Hands\n|-damage|p2a: Iron Hands|8\/100\n|-damage|p1b: Arcanine|37\/100|[from] Recoil\n|move|p1a: Palafin|Wave Crash|p2b: Palafin\n|-resisted|p2b: Palafin\n|-damage|p2b: Palafin|12\/100\n|-damage|p1a: Palafin|72\/100|[from] Recoil\n|move|p2b: Palafin|Wave Crash|p1b: Arcanine\n|-supereffective|p1b: Arcanine\n|-damage|p1b: Arcanine|0 fnt\n|faint|p1b: Arcanine\n|-damage|p2b: Palafin|2\/100|[from] Recoil\n|move|p2a: Iron Hands|Wild Charge|p1a: Palafin\n|-supereffective|p1a: Palafin\n|-damage|p1a: Palafin|3\/100\n|-damage|p2a: Iron Hands|0 fnt|[from] Recoil\n|faint|p2a: Iron Hands\n|-end|p2a: Iron Hands|Quark Drive|[silent]\n|\n|upkeep\n|\n|t:|1683130001\n|switch|p1b: Annihilape|Annihilape, L50, M, tera:Fire|29\/100\n|turn|7\n|\n|t:|1683130008\n|move|p1a: Palafin|Jet Punch|p2b: Palafin\n|-resisted|p2b: Palafin\n|-damage|p2b: Palafin|0 fnt\n|faint|p2b: Palafin\n|\n|win|RenanVIII\n|raw|RenanVIII's rating: 1185 → 1211<\/strong> (+26 for winning)\n|raw|WimpShrimp's rating: 1194 → 1168<\/strong> (-26 for losing)\n|l|\u2606WimpShrimp\n","uploadtime":1683130023,"views":16,"p1id":"renanviii","p2id":"wimpshrimp","formatid":"gen9vgc2023regulationc","rating":1168,"private":0,"password":""}