{"id":"gen9vgc2023regulationc-1852854183","p1":"nik993","p2":"NakiYY","format":"[Gen 9] VGC 2023 Regulation C","log":"|j|\u2606nik993\n|j|\u2606NakiYY\n|t:|1682611851\n|gametype|doubles\n|player|p1|nik993|169|1448\n|player|p2|NakiYY|workerice|1378\n|teamsize|p1|6\n|teamsize|p2|6\n|gen|9\n|tier|[Gen 9] VGC 2023 Regulation C\n|rated|\n|rule|Species Clause: Limit one of each Pok\u00e9mon\n|rule|Item Clause: Limit one of each item\n|clearpoke\n|poke|p1|Palafin, L50, F|\n|poke|p1|Iron Hands, L50|\n|poke|p1|Amoonguss, L50, M|\n|poke|p1|Arcanine, L50, F|\n|poke|p1|Chien-Pao, L50|\n|poke|p1|Dragonite, L50, F|\n|poke|p2|Orthworm, L50, F|\n|poke|p2|Gyarados, L50, M|\n|poke|p2|Ting-Lu, L50|\n|poke|p2|Dragonite, L50, F|\n|poke|p2|Flutter Mane, L50|\n|poke|p2|Chien-Pao, L50|\n|teampreview|4\nnik993 has agreed to open team sheets.\n|inactive|Battle timer is ON: inactive players will automatically lose when time's up. (requested by nik993)\n|\n|t:|1682611913\n|start\n|switch|p1a: Iron Hands|Iron Hands, L50|100\/100\n|switch|p1b: Arcanine|Arcanine, L50, F|100\/100\n|switch|p2a: Orthworm|Orthworm, L50, F|100\/100\n|switch|p2b: Gyarados|Gyarados, L50, M|100\/100\n|-ability|p2b: Gyarados|Intimidate|boost\n|-unboost|p1a: Iron Hands|atk|1\n|-unboost|p1b: Arcanine|atk|1\n|-ability|p1b: Arcanine|Intimidate|boost\n|-unboost|p2a: Orthworm|atk|1\n|-unboost|p2b: Gyarados|atk|1\n|turn|1\n|inactive|NakiYY has 30 seconds left.\n|inactive|NakiYY has 20 seconds left.\n|inactive|NakiYY has 15 seconds left.\n|\n|t:|1682611957\n|move|p1a: Iron Hands|Fake Out|p2a: Orthworm\n|-resisted|p2a: Orthworm\n|-damage|p2a: Orthworm|97\/100\n|move|p2b: Gyarados|Earthquake|p1b: Arcanine|[spread] p1a,p1b\n|-heal|p2a: Orthworm|100\/100|[from] ability: Earth Eater|[of] p2b: Gyarados\n|-supereffective|p1a: Iron Hands\n|-supereffective|p1b: Arcanine\n|-damage|p1a: Iron Hands|83\/100\n|-damage|p1b: Arcanine|73\/100\n|move|p1b: Arcanine|Howl|p1b: Arcanine|[spread] p1a,p1b\n|-boost|p1a: Iron Hands|atk|1\n|-boost|p1b: Arcanine|atk|1\n|cant|p2a: Orthworm|flinch\n|\n|upkeep\n|turn|2\n|inactive|nik993 has 30 seconds left.\n|inactive|NakiYY has 30 seconds left.\n|\n|t:|1682611988\n|switch|p2b: Dragonite|Dragonite, L50, F|100\/100\n|move|p1b: Arcanine|Howl|p1b: Arcanine|[spread] p1a,p1b\n|-boost|p1a: Iron Hands|atk|1\n|-boost|p1b: Arcanine|atk|1\n|move|p2a: Orthworm|Iron Defense|p2a: Orthworm\n|-boost|p2a: Orthworm|def|2\n|move|p1a: Iron Hands|Wild Charge|p2b: Dragonite\n|-damage|p2b: Dragonite|65\/100\n|-damage|p1a: Iron Hands|77\/100|[from] Recoil\n|\n|upkeep\n|turn|3\n|inactive|nik993 has 30 seconds left.\n|inactive|NakiYY has 30 seconds left.\n|inactive|NakiYY has 20 seconds left.\n|inactive|NakiYY has 15 seconds left.\n|\n|t:|1682612032\n|switch|p2b: Gyarados|Gyarados, L50, M|100\/100\n|-ability|p2b: Gyarados|Intimidate|boost\n|-unboost|p1a: Iron Hands|atk|1\n|-unboost|p1b: Arcanine|atk|1\n|-terastallize|p2a: Orthworm|Fire\n|move|p1b: Arcanine|Will-O-Wisp|p2a: Orthworm\n|-immune|p2a: Orthworm\n|move|p2a: Orthworm|Body Press|p1a: Iron Hands\n|-damage|p1a: Iron Hands|41\/100\n|move|p1a: Iron Hands|Wild Charge|p2b: Gyarados\n|-supereffective|p2b: Gyarados\n|-damage|p2b: Gyarados|0 fnt\n|faint|p2b: Gyarados\n|-damage|p1a: Iron Hands|20\/100|[from] Recoil\n|\n|upkeep\n|\n|t:|1682612049\n|switch|p2b: Flutter Mane|Flutter Mane, L50|100\/100\n|turn|4\n|inactive|nik993 has 30 seconds left.\n|inactive|nik993 has 20 seconds left.\n|inactive|nik993 has 15 seconds left.\n|inactive|nik993 has 10 seconds left.\n|\n|t:|1682612099\n|-end|p2b: Flutter Mane|Protosynthesis|[silent]\n|switch|p2b: Dragonite|Dragonite, L50, F|65\/100\n|-end|p1a: Iron Hands|Quark Drive|[silent]\n|switch|p1a: Palafin|Palafin, L50, F|100\/100\n|move|p1b: Arcanine|Flare Blitz|p2b: Dragonite\n|-resisted|p2b: Dragonite\n|-damage|p2b: Dragonite|40\/100\n|-damage|p1b: Arcanine|66\/100|[from] Recoil\n|move|p2a: Orthworm|Body Press|p1a: Palafin\n|-damage|p1a: Palafin|36\/100\n|\n|upkeep\n|turn|5\n|inactive|NakiYY has 30 seconds left.\n|inactive|NakiYY has 20 seconds left.\n|inactive|NakiYY has 15 seconds left.\n|inactive|NakiYY has 10 seconds left.\n|\n|t:|1682612144\n|detailschange|p1a: Palafin|Palafin-Hero, L50, F\n|switch|p1a: Iron Hands|Iron Hands, L50|20\/100\n|move|p2b: Dragonite|Earthquake|p1a: Iron Hands|[spread] p1a,p1b\n|-immune|p2a: Orthworm|[from] ability: Earth Eater\n|-supereffective|p1a: Iron Hands\n|-supereffective|p1b: Arcanine\n|-damage|p1a: Iron Hands|0 fnt\n|-damage|p1b: Arcanine|19\/100\n|faint|p1a: Iron Hands\n|-end|p1a: Iron Hands|Quark Drive|[silent]\n|move|p1b: Arcanine|Howl|p1b: Arcanine\n|-boost|p1b: Arcanine|atk|1\n|move|p2a: Orthworm|Body Press|p1b: Arcanine\n|-damage|p1b: Arcanine|0 fnt\n|faint|p1b: Arcanine\n|\n|upkeep\n|\n|t:|1682612160\n|switch|p1b: Chien-Pao|Chien-Pao, L50|100\/100\n|switch|p1a: Palafin|Palafin-Hero, L50, F|36\/100\n|-ability|p1b: Chien-Pao|Sword of Ruin\n|-activate|p1a: Palafin|ability: Zero to Hero\n|turn|6\n|inactive|NakiYY has 30 seconds left.\n|inactive|NakiYY has 20 seconds left.\n|\n|t:|1682612198\n|-terastallize|p1b: Chien-Pao|Ghost\n|move|p1a: Palafin|Protect|p1a: Palafin\n|-singleturn|p1a: Palafin|Protect\n|move|p2b: Dragonite|Extreme Speed|p1a: Palafin\n|-activate|p1a: Palafin|move: Protect\n|move|p1b: Chien-Pao|Ice Spinner|p2b: Dragonite\n|-supereffective|p2b: Dragonite\n|-damage|p2b: Dragonite|0 fnt\n|faint|p2b: Dragonite\n|move|p2a: Orthworm|Body Press|p1b: Chien-Pao\n|-immune|p1b: Chien-Pao\n|\n|upkeep\n|\n|t:|1682612210\n|switch|p2b: Flutter Mane|Flutter Mane, L50|100\/100\n|turn|7\n|\n|t:|1682612233\n|move|p1a: Palafin|Jet Punch|p2b: Flutter Mane\n|-damage|p2b: Flutter Mane|0 fnt\n|faint|p2b: Flutter Mane\n|-end|p2b: Flutter Mane|Protosynthesis|[silent]\n|move|p1b: Chien-Pao|Sacred Sword|p2a: Orthworm\n|-damage|p2a: Orthworm|75\/100\n|move|p2a: Orthworm|Body Press|p1a: Palafin\n|-damage|p1a: Palafin|0 fnt\n|faint|p1a: Palafin\n|\n|upkeep\n|turn|8\n|\n|t:|1682612248\n|move|p1b: Chien-Pao|Sacred Sword|p2a: Orthworm\n|-damage|p2a: Orthworm|49\/100\n|-enditem|p2a: Orthworm|Sitrus Berry|[eat]\n|-heal|p2a: Orthworm|74\/100|[from] item: Sitrus Berry\n|move|p2a: Orthworm|Heavy Slam|p1b: Chien-Pao\n|-damage|p1b: Chien-Pao|83\/100\n|\n|upkeep\n|turn|9\n|\n|t:|1682612258\n|move|p1b: Chien-Pao|Sacred Sword|p2a: Orthworm\n|-damage|p2a: Orthworm|45\/100\n|move|p2a: Orthworm|Heavy Slam|p1b: Chien-Pao\n|-damage|p1b: Chien-Pao|65\/100\n|\n|upkeep\n|turn|10\n|-message|NakiYY forfeited.\n|\n|win|nik993\n|raw|nik993's rating: 1448 → 1464<\/strong> (+16 for winning)\n|raw|NakiYY's rating: 1378 → 1362<\/strong> (-16 for losing)\n|l|\u2606NakiYY\n","uploadtime":1682612270,"views":15,"p1id":"nik993","p2id":"nakiyy","formatid":"gen9vgc2023regulationc","rating":1362,"private":0,"password":""}