{"id":"gen9vgc2023regulationc-1864215896","p1":"TeKuazor","p2":"unimulticorn","format":"[Gen 9] VGC 2023 Regulation C","log":"|j|\u2606TeKuazor\n|j|\u2606unimulticorn\n|t:|1684138410\n|gametype|doubles\n|player|p1|TeKuazor|will|1203\n|player|p2|unimulticorn|caitlin|1134\n|teamsize|p1|6\n|teamsize|p2|4\n|gen|9\n|tier|[Gen 9] VGC 2023 Regulation C\n|rated|\n|rule|Species Clause: Limit one of each Pok\u00e9mon\n|rule|Item Clause: Limit one of each item\n|clearpoke\n|poke|p1|Revavroom, L50, M|\n|poke|p1|Tauros-Paldea-Aqua, L50, M|\n|poke|p1|Amoonguss, L50, M|\n|poke|p1|Ting-Lu, L50|\n|poke|p1|Flutter Mane, L50|\n|poke|p1|Dragonite, L50, F|\n|poke|p2|Starly, L50, M|\n|poke|p2|Iron Hands, L50|\n|poke|p2|Indeedee-F, L50, F|\n|poke|p2|Maushold-Four, L50|\n|teampreview|4\n|inactive|Battle timer is ON: inactive players will automatically lose when time's up. (requested by unimulticorn)\nunimulticorn has agreed to open team sheets.\n|\n|t:|1684138428\n|start\n|switch|p1a: Tauros|Tauros-Paldea-Aqua, L50, M|100\/100\n|switch|p1b: Ting-Lu|Ting-Lu, L50|100\/100\n|switch|p2a: Starly|Starly, L50, M|100\/100\n|switch|p2b: Maushold|Maushold-Four, L50|100\/100\n|-ability|p1a: Tauros|Intimidate|boost\n|-unboost|p2a: Starly|atk|1\n|-unboost|p2b: Maushold|atk|1\n|-ability|p1b: Ting-Lu|Vessel of Ruin\n|turn|1\n|\n|t:|1684138451\n|-terastallize|p2b: Maushold|Normal\n|move|p2b: Maushold|Population Bomb|p1a: Tauros\n|-damage|p1a: Tauros|89\/100\n|-damage|p1a: Tauros|79\/100\n|-damage|p1a: Tauros|68\/100\n|-damage|p1a: Tauros|56\/100\n|-damage|p1a: Tauros|45\/100\n|-damage|p1a: Tauros|34\/100\n|-damage|p1a: Tauros|23\/100\n|-damage|p1a: Tauros|12\/100\n|-damage|p1a: Tauros|2\/100\n|-damage|p1a: Tauros|0 fnt\n|faint|p1a: Tauros\n|-hitcount|p1: Tauros|10\n|move|p2a: Starly|Endeavor|p1b: Ting-Lu\n|-damage|p1b: Ting-Lu|39\/100\n|move|p1b: Ting-Lu|Fissure|p2b: Maushold|[miss]\n|-miss|p1b: Ting-Lu|p2b: Maushold\n|\n|upkeep\n|inactive|TeKuazor has 30 seconds left.\n|inactive|TeKuazor has 20 seconds left.\n|inactive|TeKuazor has 15 seconds left.\n|\n|t:|1684138493\n|switch|p1a: Amoonguss|Amoonguss, L50, M, shiny|100\/100\n|turn|2\n|\n|t:|1684138513\n|move|p2b: Maushold|Protect|p2b: Maushold\n|-singleturn|p2b: Maushold|Protect\n|move|p2a: Starly|Endeavor|p1a: Amoonguss\n|-damage|p1a: Amoonguss|46\/100\n|-enditem|p1a: Amoonguss|Sitrus Berry|[eat]\n|-heal|p1a: Amoonguss|71\/100|[from] item: Sitrus Berry\n|move|p1b: Ting-Lu|Fissure|p2b: Maushold\n|-activate|p2b: Maushold|move: Protect\n|move|p1a: Amoonguss|Spore|p2a: Starly\n|-status|p2a: Starly|slp|[from] move: Spore\n|\n|upkeep\n|turn|3\n|inactive|TeKuazor has 30 seconds left.\n|\n|t:|1684138538\n|move|p2b: Maushold|Population Bomb|p1a: Amoonguss\n|-damage|p1a: Amoonguss|62\/100\n|-damage|p1a: Amoonguss|54\/100\n|-damage|p1a: Amoonguss|46\/100\n|-damage|p1a: Amoonguss|39\/100\n|-damage|p1a: Amoonguss|31\/100\n|-damage|p1a: Amoonguss|23\/100\n|-damage|p1a: Amoonguss|15\/100\n|-damage|p1a: Amoonguss|8\/100\n|-damage|p1a: Amoonguss|0 fnt\n|faint|p1a: Amoonguss\n|-hitcount|p1: Amoonguss|9\n|cant|p2a: Starly|slp\n|move|p1b: Ting-Lu|Stomping Tantrum|p2b: Maushold\n|-damage|p2b: Maushold|44\/100\n|\n|upkeep\n|\n|t:|1684138554\n|switch|p1a: Dragonite|Dragonite, L50, F|100\/100\n|turn|4\n|\n|t:|1684138563\n|-terastallize|p1a: Dragonite|Flying\n|move|p1b: Ting-Lu|Protect|p1b: Ting-Lu\n|-singleturn|p1b: Ting-Lu|Protect\n|move|p1a: Dragonite|Extreme Speed|p2b: Maushold\n|-damage|p2b: Maushold|0 fnt\n|faint|p2b: Maushold\n|-curestatus|p2a: Starly|slp|[msg]\n|move|p2a: Starly|Endeavor|p1a: Dragonite\n|-damage|p1a: Dragonite|56\/100\n|\n|upkeep\n|\n|t:|1684138577\n|switch|p2b: Iron Hands|Iron Hands, L50|100\/100\n|turn|5\n|\n|t:|1684138590\n|move|p2b: Iron Hands|Fake Out|p1b: Ting-Lu\n|-damage|p1b: Ting-Lu|29\/100\n|move|p2a: Starly|Endeavor|p1a: Dragonite\n|-immune|p1a: Dragonite\n|move|p1a: Dragonite|Tera Blast|p2a: Starly\n|-enditem|p2a: Starly|Focus Sash\n|-damage|p2a: Starly|1\/100\n|cant|p1b: Ting-Lu|flinch\n|\n|upkeep\n|turn|6\n|\n|t:|1684138608\n|move|p1a: Dragonite|Extreme Speed|p2a: Starly\n|-damage|p2a: Starly|0 fnt\n|faint|p2a: Starly\n|move|p1b: Ting-Lu|Stomping Tantrum|p2b: Iron Hands\n|-supereffective|p2b: Iron Hands\n|-damage|p2b: Iron Hands|10\/100\n|-enditem|p2b: Iron Hands|Sitrus Berry|[eat]\n|-heal|p2b: Iron Hands|35\/100|[from] item: Sitrus Berry\n|move|p2b: Iron Hands|Thunder Punch|p1a: Dragonite\n|-supereffective|p1a: Dragonite\n|-crit|p1a: Dragonite\n|-damage|p1a: Dragonite|0 fnt\n|faint|p1a: Dragonite\n|\n|upkeep\n|\n|t:|1684138620\n|switch|p2a: Indeedee|Indeedee-F, L50, F|100\/100\n|turn|7\n|\n|t:|1684138626\n|move|p2a: Indeedee|Follow Me|p2a: Indeedee\n|-singleturn|p2a: Indeedee|move: Follow Me\n|move|p1b: Ting-Lu|Stomping Tantrum|p2a: Indeedee\n|-damage|p2a: Indeedee|46\/100\n|move|p2b: Iron Hands|Drain Punch|p1b: Ting-Lu\n|-supereffective|p1b: Ting-Lu\n|-damage|p1b: Ting-Lu|0 fnt\n|-heal|p2b: Iron Hands|50\/100|[from] drain|[of] p1b: Ting-Lu\n|faint|p1b: Ting-Lu\n|\n|win|unimulticorn\n|raw|TeKuazor's rating: 1203 → 1173<\/strong> (-30 for losing)\n|raw|unimulticorn's rating: 1134 → 1164<\/strong> (+30 for winning)\n|l|\u2606TeKuazor\n","uploadtime":1684138638,"views":23,"p1id":"tekuazor","p2id":"unimulticorn","formatid":"gen9vgc2023regulationc","rating":1164,"private":0,"password":""}