{"id":"gen9vgc2023regulationc-1856755490","p1":"antoniop02","p2":"Piehead","format":"[Gen 9] VGC 2023 Regulation C","log":"|j|\u2606antoniop02\n|j|\u2606Piehead\n|t:|1683106357\n|gametype|doubles\n|player|p1|antoniop02|proton|1045\n|player|p2|Piehead|hilbert|1126\n|teamsize|p1|6\n|teamsize|p2|6\n|gen|9\n|tier|[Gen 9] VGC 2023 Regulation C\n|rated|\n|rule|Species Clause: Limit one of each Pok\u00e9mon\n|rule|Item Clause: Limit one of each item\n|clearpoke\n|poke|p1|Espathra, L50, M|\n|poke|p1|Gyarados, L50, M|\n|poke|p1|Flutter Mane, L50|\n|poke|p1|Ceruledge, L50, M|\n|poke|p1|Tinkaton, L50, F|\n|poke|p1|Sandy Shocks, L50|\n|poke|p2|Dondozo, L50, F|\n|poke|p2|Medicham, L50, F|\n|poke|p2|Chien-Pao, L50|\n|poke|p2|Garchomp, L50, F|\n|poke|p2|Tatsugiri, L50, M|\n|poke|p2|Talonflame, L50, F|\n|teampreview|4\n|inactive|Battle timer is ON: inactive players will automatically lose when time's up. (requested by Piehead)\n|inactive|antoniop02 also wants the timer to be on.\n|\n|t:|1683106387\n|start\n|switch|p1a: Espathra|Espathra, L50, M|100\/100\n|switch|p1b: Flutter Mane|Flutter Mane, L50|100\/100\n|switch|p2a: Dondozo|Dondozo, L50, F|100\/100\n|switch|p2b: Medicham|Medicham, L50, F|100\/100\n|turn|1\n|inactive|Piehead has 30 seconds left.\n|inactive|Piehead has 20 seconds left.\n|inactive|Piehead has 15 seconds left.\n|\n|t:|1683106428\n|move|p1b: Flutter Mane|Substitute|p1b: Flutter Mane\n|-start|p1b: Flutter Mane|Substitute\n|-damage|p1b: Flutter Mane|75\/100\n|move|p1a: Espathra|Hypnosis|p2a: Dondozo|[miss]\n|-miss|p1a: Espathra|p2a: Dondozo\n|move|p2b: Medicham|Skill Swap|p2a: Dondozo\n|-activate|p2b: Medicham|move: Skill Swap|||[of] p2a: Dondozo\n|move|p2a: Dondozo|Earthquake|p1a: Espathra|[spread] p2b,p1a,p1b\n|-end|p1b: Flutter Mane|Substitute\n|-damage|p2b: Medicham|36\/100\n|-damage|p1a: Espathra|29\/100\n|\n|-heal|p1b: Flutter Mane|82\/100|[from] item: Leftovers\n|-ability|p1a: Espathra|Speed Boost|boost\n|-boost|p1a: Espathra|spe|1\n|upkeep\n|turn|2\n|inactive|Piehead has 30 seconds left.\n|\n|t:|1683106463\n|switch|p2b: Tatsugiri|Tatsugiri, L50, M|100\/100\n|-activate|p2b: Tatsugiri|ability: Commander|[of] p2a: Dondozo\n|-boost|p2a: Dondozo|atk|2\n|-boost|p2a: Dondozo|spa|2\n|-boost|p2a: Dondozo|spe|2\n|-boost|p2a: Dondozo|def|2\n|-boost|p2a: Dondozo|spd|2\n|move|p1a: Espathra|Lumina Crash|p2a: Dondozo\n|-damage|p2a: Dondozo|88\/100\n|-unboost|p2a: Dondozo|spd|2\n|move|p1b: Flutter Mane|Moonblast|p2a: Dondozo\n|-damage|p2a: Dondozo|46\/100\n|move|p2a: Dondozo|Earthquake|p1b: Flutter Mane|[spread] p1a,p1b\n|-miss|p2a: Dondozo|p2b: Tatsugiri\n|-damage|p1a: Espathra|0 fnt\n|-damage|p1b: Flutter Mane|0 fnt\n|faint|p1a: Espathra\n|faint|p1b: Flutter Mane\n|-end|p1b: Flutter Mane|Protosynthesis|[silent]\n|\n|-heal|p2a: Dondozo|53\/100|[from] item: Leftovers\n|upkeep\n|\n|t:|1683106483\n|switch|p1b: Ceruledge|Ceruledge, L50, M|100\/100\n|switch|p1a: Gyarados|Gyarados, L50, M|100\/100\n|-ability|p1a: Gyarados|Intimidate|boost\n|-unboost|p2a: Dondozo|atk|1\n|-unboost|p2b: Tatsugiri|atk|1\n|turn|3\n|\n|t:|1683106497\n|-terastallize|p1b: Ceruledge|Grass\n|move|p2a: Dondozo|Protect|p2a: Dondozo\n|-singleturn|p2a: Dondozo|Protect\n|move|p1a: Gyarados|Dragon Dance|p1a: Gyarados\n|-boost|p1a: Gyarados|atk|1\n|-boost|p1a: Gyarados|spe|1\n|move|p1b: Ceruledge|Tera Blast|p2a: Dondozo\n|-activate|p2a: Dondozo|move: Protect\n|\n|-heal|p2a: Dondozo|59\/100|[from] item: Leftovers\n|upkeep\n|turn|4\n|inactive|Piehead has 30 seconds left.\n|inactive|Piehead has 20 seconds left.\n|\n|t:|1683106534\n|-terastallize|p2a: Dondozo|Grass\n|move|p1a: Gyarados|Dragon Dance|p1a: Gyarados\n|-boost|p1a: Gyarados|atk|1\n|-boost|p1a: Gyarados|spe|1\n|move|p2a: Dondozo|Order Up|p1b: Ceruledge\n|-damage|p1b: Ceruledge|25\/100\n|-boost|p2a: Dondozo|atk|1\n|move|p1b: Ceruledge|Tera Blast|p2a: Dondozo\n|-resisted|p2a: Dondozo\n|-damage|p2a: Dondozo|53\/100\n|\n|-heal|p2a: Dondozo|59\/100|[from] item: Leftovers\n|upkeep\n|turn|5\n|\n|t:|1683106551\n|move|p1a: Gyarados|Ice Fang|p2a: Dondozo\n|-supereffective|p2a: Dondozo\n|-damage|p2a: Dondozo|30\/100\n|move|p2a: Dondozo|Order Up|p1b: Ceruledge\n|-damage|p1b: Ceruledge|0 fnt\n|faint|p1b: Ceruledge\n|-boost|p2a: Dondozo|atk|1\n|\n|-heal|p2a: Dondozo|36\/100|[from] item: Leftovers\n|upkeep\n|turn|6\n|\n|t:|1683106565\n|move|p1a: Gyarados|Ice Fang|p2a: Dondozo\n|-supereffective|p2a: Dondozo\n|-damage|p2a: Dondozo|6\/100\n|move|p2a: Dondozo|Order Up|p1a: Gyarados\n|-damage|p1a: Gyarados|0 fnt\n|faint|p1a: Gyarados\n|\n|win|Piehead\n|raw|antoniop02's rating: 1045 → 1032<\/strong> (-13 for losing)\n|raw|Piehead's rating: 1126 → 1145<\/strong> (+19 for winning)\n","uploadtime":1683106575,"views":13,"p1id":"antoniop02","p2id":"piehead","formatid":"gen9vgc2023regulationc","rating":1032,"private":0,"password":""}