{"id":"gen9vgc2023regulationc-1846928642","p1":"bulenight","p2":"Splash1234567","format":"[Gen 9] VGC 2023 Regulation C","log":"|j|\u2606bulenight\n|j|\u2606Splash1234567\n|t:|1681902279\n|gametype|doubles\n|player|p1|bulenight|jogger|1135\n|player|p2|Splash1234567|2|1207\n|teamsize|p1|6\n|teamsize|p2|6\n|gen|9\n|tier|[Gen 9] VGC 2023 Regulation C\n|rated|\n|rule|Species Clause: Limit one of each Pok\u00e9mon\n|rule|Item Clause: Limit one of each item\n|clearpoke\n|poke|p1|Arcanine, L50, F|\n|poke|p1|Amoonguss, L50, F|\n|poke|p1|Chi-Yu, L50|\n|poke|p1|Flutter Mane, L50|\n|poke|p1|Chien-Pao, L50|\n|poke|p1|Palafin, L50, M|\n|poke|p2|Amoonguss, L50, F|\n|poke|p2|Pelipper, L50, M|\n|poke|p2|Palafin, L50, M|\n|poke|p2|Barraskewda, L50, M|\n|poke|p2|Chien-Pao, L50|\n|poke|p2|Gholdengo, L50|\n|teampreview|4\n|inactive|Battle timer is ON: inactive players will automatically lose when time's up. (requested by bulenight)\n|inactive|bulenight has 60 seconds left.\n|inactive|Splash1234567 has 60 seconds left.\n|\n|t:|1681902321\n|start\n|switch|p1a: Palafin|Palafin, L50, M|100\/100\n|switch|p1b: Chi-Yu|Chi-Yu, L50|100\/100\n|switch|p2a: Palafin|Palafin, L50, M|100\/100\n|switch|p2b: Gholdengo|Gholdengo, L50|100\/100\n|-ability|p1b: Chi-Yu|Beads of Ruin\n|turn|1\n|inactive|Splash1234567 has 30 seconds left.\n|inactive|Splash1234567 has 20 seconds left.\n|\n|t:|1681902358\n|detailschange|p1a: Palafin|Palafin-Hero, L50, M\n|switch|p1a: Chien-Pao|Chien-Pao, L50|100\/100\n|-ability|p1a: Chien-Pao|Sword of Ruin\n|detailschange|p2a: Palafin|Palafin-Hero, L50, M\n|switch|p2a: Pelipper|Pelipper, L50, M|100\/100\n|-weather|RainDance|[from] ability: Drizzle|[of] p2a: Pelipper\n|-terastallize|p2b: Gholdengo|Steel\n|move|p1b: Chi-Yu|Dark Pulse|p2b: Gholdengo\n|-damage|p2b: Gholdengo|37\/100\n|move|p2b: Gholdengo|Trick|p1a: Chien-Pao\n|-activate|p2b: Gholdengo|move: Trick|[of] p1a: Chien-Pao\n|-item|p1a: Chien-Pao|Choice Specs|[from] move: Trick\n|-item|p2b: Gholdengo|Focus Sash|[from] move: Trick\n|\n|-weather|RainDance|[upkeep]\n|upkeep\n|turn|2\n|inactive|bulenight has 30 seconds left.\n|inactive|Splash1234567 has 30 seconds left.\n|\n|t:|1681902393\n|switch|p2b: Palafin|Palafin-Hero, L50, M|100\/100\n|-activate|p2b: Palafin|ability: Zero to Hero\n|move|p1b: Chi-Yu|Dark Pulse|p2a: Pelipper\n|-damage|p2a: Pelipper|14\/100\n|move|p1a: Chien-Pao|Crunch|p2a: Pelipper\n|-damage|p2a: Pelipper|0 fnt\n|faint|p2a: Pelipper\n|\n|-weather|RainDance|[upkeep]\n|upkeep\n|\n|t:|1681902405\n|switch|p2a: Chien-Pao|Chien-Pao, L50|100\/100\n|-ability|p2a: Chien-Pao|Sword of Ruin\n|turn|3\n|\n|t:|1681902419\n|-terastallize|p1b: Chi-Yu|Dark\n|move|p2a: Chien-Pao|Protect|p2a: Chien-Pao\n|-singleturn|p2a: Chien-Pao|Protect\n|move|p2b: Palafin|Protect|p2b: Palafin\n|-singleturn|p2b: Palafin|Protect\n|move|p1b: Chi-Yu|Dark Pulse|p2b: Palafin\n|-activate|p2b: Palafin|move: Protect\n|move|p1a: Chien-Pao|Crunch|p2b: Palafin\n|-activate|p2b: Palafin|move: Protect\n|\n|-weather|RainDance|[upkeep]\n|upkeep\n|turn|4\n|\n|t:|1681902437\n|move|p2b: Palafin|Jet Punch|p1a: Chien-Pao\n|-damage|p1a: Chien-Pao|0 fnt\n|faint|p1a: Chien-Pao\n|move|p1b: Chi-Yu|Dark Pulse|p2b: Palafin\n|-damage|p2b: Palafin|19\/100\n|move|p2a: Chien-Pao|Sacred Sword|p1b: Chi-Yu\n|-supereffective|p1b: Chi-Yu\n|-damage|p1b: Chi-Yu|0 fnt\n|faint|p1b: Chi-Yu\n|-damage|p2a: Chien-Pao|91\/100|[from] item: Life Orb\n|\n|-weather|RainDance|[upkeep]\n|upkeep\n|\n|t:|1681902446\n|switch|p1a: Flutter Mane|Flutter Mane, L50|100\/100\n|switch|p1b: Palafin|Palafin-Hero, L50, M|100\/100\n|-activate|p1b: Palafin|ability: Zero to Hero\n|turn|5\n|inactive|Splash1234567 has 30 seconds left.\n|inactive|Splash1234567 has 20 seconds left.\n|inactive|Splash1234567 has 15 seconds left.\n|inactive|Splash1234567 has 10 seconds left.\n|\n|t:|1681902491\n|move|p2a: Chien-Pao|Protect|p2a: Chien-Pao\n|-singleturn|p2a: Chien-Pao|Protect\n|move|p1b: Palafin|Jet Punch|p2b: Palafin\n|-resisted|p2b: Palafin\n|-damage|p2b: Palafin|0 fnt\n|faint|p2b: Palafin\n|move|p1a: Flutter Mane|Dazzling Gleam|p2a: Chien-Pao\n|-activate|p2a: Chien-Pao|move: Protect\n|\n|-weather|RainDance|[upkeep]\n|upkeep\n|\n|t:|1681902500\n|switch|p2b: Gholdengo|Gholdengo, L50, tera:Steel|37\/100\n|turn|6\n|\n|t:|1681902510\n|move|p2a: Chien-Pao|Ice Spinner|p1a: Flutter Mane\n|-damage|p1a: Flutter Mane|0 fnt\n|faint|p1a: Flutter Mane\n|-end|p1a: Flutter Mane|Protosynthesis|[silent]\n|-damage|p2a: Chien-Pao|81\/100|[from] item: Life Orb\n|move|p1b: Palafin|Drain Punch|p2a: Chien-Pao\n|-supereffective|p2a: Chien-Pao\n|-damage|p2a: Chien-Pao|0 fnt\n|faint|p2a: Chien-Pao\n|move|p2b: Gholdengo|Thunder|p1b: Palafin\n|-supereffective|p1b: Palafin\n|-damage|p1b: Palafin|4\/100\n|-status|p1b: Palafin|par\n|\n|-weather|RainDance|[upkeep]\n|upkeep\n|turn|7\n|\n|t:|1681902529\n|move|p1b: Palafin|Jet Punch|p2b: Gholdengo\n|-damage|p2b: Gholdengo|0 fnt\n|faint|p2b: Gholdengo\n|\n|win|bulenight\n|raw|bulenight's rating: 1135 → 1165<\/strong> (+30 for winning)\n|raw|Splash1234567's rating: 1207 → 1177<\/strong> (-30 for losing)\n","uploadtime":1681902533,"views":12,"p1id":"bulenight","p2id":"splash1234567","formatid":"gen9vgc2023regulationc","rating":1165,"private":0,"password":""}