{"id":"gen9vgc2023regulationc-1858359363","p1":"cellestee","p2":"Inv2021","format":"[Gen 9] VGC 2023 Regulation C","log":"|j|\u203dcellestee\n|j|\u2606Inv2021\n|t:|1683305126\n|gametype|doubles\n|player|p1|cellestee|acetrainerf|1305\n|player|p2|Inv2021|lucas|1205\n|teamsize|p1|6\n|teamsize|p2|6\n|gen|9\n|tier|[Gen 9] VGC 2023 Regulation C\n|rated|\n|rule|Species Clause: Limit one of each Pok\u00e9mon\n|rule|Item Clause: Limit one of each item\n|clearpoke\n|poke|p1|Gyarados, L50, F|\n|poke|p1|Amoonguss, L50, M|\n|poke|p1|Great Tusk, L50|\n|poke|p1|Chien-Pao, L50|\n|poke|p1|Talonflame, L50, F|\n|poke|p1|Maushold-Four, L50|\n|poke|p2|Palafin, L50, M|\n|poke|p2|Chien-Pao, L50|\n|poke|p2|Iron Hands, L50|\n|poke|p2|Amoonguss, L50, F|\n|poke|p2|Arcanine, L50, M|\n|poke|p2|Flutter Mane, L50|\n|teampreview|4\n|inactive|Battle timer is ON: inactive players will automatically lose when time's up. (requested by cellestee)\n|inactive|Inv2021 has 60 seconds left.\n|inactive|Inv2021 has 30 seconds left.\n|\n|t:|1683305197\n|start\n|switch|p1a: Gyarados|Gyarados, L50, F|100\/100\n|switch|p1b: Maushold|Maushold-Four, L50, shiny|100\/100\n|switch|p2a: Mimi|Flutter Mane, L50|100\/100\n|switch|p2b: Iron Hands|Iron Hands, L50|100\/100\n|-enditem|p2a: Mimi|Booster Energy\n|-activate|p2a: Mimi|ability: Protosynthesis|[fromitem]\n|-start|p2a: Mimi|protosynthesisspa\n|turn|1\n|inactive|Inv2021 has 30 seconds left.\n|inactive|Inv2021 has 20 seconds left.\n|inactive|Inv2021 has 15 seconds left.\n|inactive|Inv2021 has 10 seconds left.\n|inactive|Inv2021 has 5 seconds left.\n|\n|t:|1683305250\n|move|p1a: Gyarados|Protect|p1a: Gyarados\n|-singleturn|p1a: Gyarados|Protect\n|move|p1b: Maushold|Protect|p1b: Maushold\n|-singleturn|p1b: Maushold|Protect\n|move|p2a: Mimi|Dazzling Gleam|p1b: Maushold|[spread] \n|-activate|p1a: Gyarados|move: Protect\n|-activate|p1b: Maushold|move: Protect\n|move|p2b: Iron Hands|Close Combat|p1b: Maushold\n|-activate|p1b: Maushold|move: Protect\n|\n|upkeep\n|turn|2\n|inactive|Inv2021 has 30 seconds left.\n|\n|t:|1683305277\n|-end|p2a: Mimi|Protosynthesis|[silent]\n|switch|p2a: ChiYu|Arcanine, L50, M|100\/100\n|-ability|p2a: ChiYu|Intimidate|boost\n|-unboost|p1a: Gyarados|atk|1\n|-unboost|p1b: Maushold|atk|1\n|-terastallize|p1a: Gyarados|Ground\n|move|p1b: Maushold|Helping Hand|p1a: Gyarados\n|-singleturn|p1a: Gyarados|Helping Hand|[of] p1b: Maushold\n|move|p1a: Gyarados|Earthquake|p2b: Iron Hands|[spread] p1b,p2a,p2b\n|-supereffective|p2a: ChiYu\n|-supereffective|p2b: Iron Hands\n|-damage|p1b: Maushold|51\/100\n|-damage|p2a: ChiYu|0 fnt\n|-damage|p2b: Iron Hands|39\/100\n|faint|p2a: ChiYu\n|-ability|p1a: Gyarados|Moxie|boost\n|-boost|p1a: Gyarados|atk|1\n|move|p2b: Iron Hands|Close Combat|p1b: Maushold\n|-supereffective|p1b: Maushold\n|-damage|p1b: Maushold|0 fnt\n|-unboost|p2b: Iron Hands|def|1\n|-unboost|p2b: Iron Hands|spd|1\n|faint|p1b: Maushold\n|\n|upkeep\n|inactive|Inv2021 has 30 seconds left.\n|\n|t:|1683305308\n|switch|p2a: Dozo|Palafin, L50, M|100\/100\n|switch|p1b: Great Tusk|Great Tusk, L50|100\/100\n|turn|3\n|\n|t:|1683305325\n|detailschange|p2a: Dozo|Palafin-Hero, L50, M\n|switch|p2a: Mimi|Flutter Mane, L50|100\/100\n|move|p1b: Great Tusk|Play Rough|p2a: Mimi|[miss]\n|-miss|p1b: Great Tusk|p2a: Mimi\n|move|p1a: Gyarados|Earthquake|p2a: Mimi|[spread] p1b,p2a,p2b\n|-supereffective|p2b: Iron Hands\n|-damage|p1b: Great Tusk|60\/100\n|-damage|p2a: Mimi|35\/100\n|-damage|p2b: Iron Hands|0 fnt\n|faint|p2b: Iron Hands\n|-end|p2b: Iron Hands|Quark Drive|[silent]\n|-ability|p1a: Gyarados|Moxie|boost\n|-boost|p1a: Gyarados|atk|1\n|\n|upkeep\n|\n|t:|1683305327\n|switch|p2b: Dozo|Palafin-Hero, L50, M|100\/100\n|-activate|p2b: Dozo|ability: Zero to Hero\n|turn|4\n|\n|t:|1683305339\n|-terastallize|p2b: Dozo|Water\n|move|p2a: Mimi|Protect|p2a: Mimi\n|-singleturn|p2a: Mimi|Protect\n|move|p2b: Dozo|Jet Punch|p1b: Great Tusk\n|-supereffective|p1b: Great Tusk\n|-damage|p1b: Great Tusk|0 fnt\n|faint|p1b: Great Tusk\n|-end|p1b: Great Tusk|Protosynthesis|[silent]\n|move|p1a: Gyarados|Earthquake|p2a: Mimi|[spread] p2b\n|-activate|p2a: Mimi|move: Protect\n|-damage|p2b: Dozo|28\/100\n|\n|upkeep\n|\n|t:|1683305346\n|switch|p1b: Chien-Pao|Chien-Pao, L50|100\/100\n|-ability|p1b: Chien-Pao|Sword of Ruin\n|turn|5\n|\n|t:|1683305363\n|move|p2a: Mimi|Protect||[still]\n|-fail|p2a: Mimi\n|move|p1a: Gyarados|Protect|p1a: Gyarados\n|-singleturn|p1a: Gyarados|Protect\n|move|p1b: Chien-Pao|Sucker Punch|p2b: Dozo\n|-damage|p2b: Dozo|0 fnt\n|faint|p2b: Dozo\n|\n|upkeep\n|turn|6\n|-message|Inv2021 forfeited.\n|\n|win|cellestee\n|raw|cellestee's rating: 1305 → 1319<\/strong> (+14 for winning)\n|raw|Inv2021's rating: 1205 → 1187<\/strong> (-18 for losing)\n|l|\u2606Inv2021\n","uploadtime":1683305378,"views":13,"p1id":"cellestee","p2id":"inv2021","formatid":"gen9vgc2023regulationc","rating":1187,"private":0,"password":""}