{"id":"gen9vgc2023regulationc-1858053778","p1":"yakenonokarasu","p2":"Psychic Spell","format":"[Gen 9] VGC 2023 Regulation C","log":"|j|\u2606yakenonokarasu\n|j|\u2606Psychic Spell\n|t:|1683267562\n|gametype|doubles\n|player|p1|yakenonokarasu|plumeria|\n|player|p2|Psychic Spell|pryce|\n|teamsize|p1|6\n|teamsize|p2|6\n|gen|9\n|tier|[Gen 9] VGC 2023 Regulation C\n|rule|Species Clause: Limit one of each Pok\u00e9mon\n|rule|Item Clause: Limit one of each item\n|clearpoke\n|poke|p1|Palafin, L50, F|\n|poke|p1|Dragapult, L50, F|\n|poke|p1|Iron Valiant, L50|\n|poke|p1|Oricorio-Pom-Pom, L50, F|\n|poke|p1|Iron Hands, L50|\n|poke|p1|Shellos-East, L50, M|\n|poke|p2|Pelipper, L50, F|\n|poke|p2|Barraskewda, L50, F|\n|poke|p2|Garganacl, L50, F|\n|poke|p2|Gholdengo, L50|\n|poke|p2|Drednaw, L50, M|\n|poke|p2|Magneton, L50|\n|teampreview|4\nPsychic Spell rejected open team sheets.\n|\n|t:|1683267658\n|start\n|switch|p1a: Palafin|Palafin, L50, F, shiny|100\/100\n|switch|p1b: Shellos|Shellos-East, L50, M, shiny|100\/100\n|switch|p2a: Garganacl|Garganacl, L50, F|100\/100\n|switch|p2b: Magneton|Magneton, L50|100\/100\n|turn|1\n|c|\u2606yakenonokarasu|G1\n|\n|t:|1683267678\n|detailschange|p1a: Palafin|Palafin-Hero, L50, F, shiny\n|switch|p1a: Iron Hands|Iron Hands, L50|100\/100\n|-terastallize|p2a: Garganacl|Grass\n|move|p2b: Magneton|Light Screen|p2b: Magneton\n|-sidestart|p2: Psychic Spell|move: Light Screen\n|move|p2a: Garganacl|Iron Defense|p2a: Garganacl\n|-boost|p2a: Garganacl|def|2\n|move|p1b: Shellos|Chilling Water|p2a: Garganacl\n|-resisted|p2a: Garganacl\n|-damage|p2a: Garganacl|98\/100\n|-unboost|p2a: Garganacl|atk|1\n|\n|upkeep\n|turn|2\n|\n|t:|1683267696\n|move|p2b: Magneton|Reflect|p2b: Magneton\n|-sidestart|p2: Psychic Spell|Reflect\n|move|p1a: Iron Hands|Belly Drum|p1a: Iron Hands\n|-damage|p1a: Iron Hands|51\/100\n|-setboost|p1a: Iron Hands|atk|6|[from] move: Belly Drum\n|move|p2a: Garganacl|Salt Cure|p1a: Iron Hands\n|-resisted|p1a: Iron Hands\n|-damage|p1a: Iron Hands|48\/100\n|-start|p1a: Iron Hands|Salt Cure\n|-enditem|p1a: Iron Hands|Sitrus Berry|[eat]\n|-heal|p1a: Iron Hands|73\/100|[from] item: Sitrus Berry\n|move|p1b: Shellos|Clear Smog|p2a: Garganacl\n|-supereffective|p2a: Garganacl\n|-damage|p2a: Garganacl|91\/100\n|-clearboost|p2a: Garganacl\n|\n|-damage|p1a: Iron Hands|60\/100|[from] Salt Cure\n|upkeep\n|turn|3\n|\n|t:|1683267725\n|move|p2b: Magneton|Thunderbolt|p1b: Shellos\n|-supereffective|p1b: Shellos\n|-damage|p1b: Shellos|27\/100\n|move|p1a: Iron Hands|Drain Punch|p2a: Garganacl\n|-damage|p2a: Garganacl|13\/100\n|-heal|p1a: Iron Hands|91\/100|[from] drain|[of] p2a: Garganacl\n|-damage|p1a: Iron Hands|75\/100|[from] item: Rocky Helmet|[of] p2a: Garganacl\n|move|p2a: Garganacl|Body Press|p1a: Iron Hands\n|-damage|p1a: Iron Hands|60\/100\n|move|p1b: Shellos|Yawn|p2b: Magneton\n|-start|p2b: Magneton|move: Yawn|[of] p1b: Shellos\n|\n|-damage|p1a: Iron Hands|48\/100|[from] Salt Cure\n|upkeep\n|turn|4\n|\n|t:|1683267750\n|switch|p2a: Gholdengo|Gholdengo, L50|100\/100\n|move|p2b: Magneton|Thunderbolt|p1b: Shellos\n|-supereffective|p1b: Shellos\n|-damage|p1b: Shellos|0 fnt\n|faint|p1b: Shellos\n|move|p1a: Iron Hands|Drain Punch|p2b: Magneton\n|-supereffective|p2b: Magneton\n|-ability|p2b: Magneton|Sturdy\n|-damage|p2b: Magneton|1\/100\n|-heal|p1a: Iron Hands|78\/100|[from] drain|[of] p2b: Magneton\n|\n|-damage|p1a: Iron Hands|66\/100|[from] Salt Cure\n|-end|p2b: Magneton|move: Yawn|[silent]\n|-status|p2b: Magneton|slp\n|upkeep\n|\n|t:|1683267767\n|switch|p1b: Palafin|Palafin-Hero, L50, F, shiny|100\/100\n|-activate|p1b: Palafin|ability: Zero to Hero\n|turn|5\n|\n|t:|1683267782\n|-terastallize|p1b: Palafin|Water\n|move|p1b: Palafin|Jet Punch|p2b: Magneton\n|-damage|p2b: Magneton|0 fnt\n|faint|p2b: Magneton\n|move|p2a: Gholdengo|Make It Rain|p1b: Palafin|[spread] p1a,p1b\n|-resisted|p1a: Iron Hands\n|-resisted|p1b: Palafin\n|-damage|p1a: Iron Hands|44\/100\n|-damage|p1b: Palafin|67\/100\n|-unboost|p2a: Gholdengo|spa|1\n|move|p1a: Iron Hands|Thunder Punch|p2a: Gholdengo\n|-damage|p2a: Gholdengo|0 fnt\n|faint|p2a: Gholdengo\n|\n|-damage|p1a: Iron Hands|32\/100|[from] Salt Cure\n|-sideend|p2: Psychic Spell|move: Light Screen\n|upkeep\n|\n|t:|1683267799\n|switch|p2a: Drednaw|Drednaw, L50, M|100\/100\n|switch|p2b: Garganacl|Garganacl, L50, F, tera:Grass|13\/100\n|turn|6\n|\n|t:|1683267812\n|move|p1b: Palafin|Jet Punch|p2a: Drednaw\n|-damage|p2a: Drednaw|47\/100\n|move|p2a: Drednaw|Rock Slide|p1a: Iron Hands|[spread] p1b\n|-miss|p2a: Drednaw|p1a: Iron Hands\n|-damage|p1b: Palafin|22\/100\n|-damage|p2a: Drednaw|37\/100|[from] item: Life Orb\n|move|p1a: Iron Hands|Drain Punch|p2a: Drednaw\n|-supereffective|p2a: Drednaw\n|-damage|p2a: Drednaw|0 fnt\n|-heal|p1a: Iron Hands|43\/100|[from] drain|[of] p2a: Drednaw\n|faint|p2a: Drednaw\n|move|p2b: Garganacl|Recover|p2b: Garganacl\n|-heal|p2b: Garganacl|63\/100\n|\n|-damage|p1a: Iron Hands|31\/100|[from] Salt Cure\n|-sideend|p2: Psychic Spell|Reflect\n|upkeep\n|turn|7\n|\n|t:|1683267830\n|move|p1b: Palafin|Jet Punch|p2b: Garganacl\n|-resisted|p2b: Garganacl\n|-damage|p2b: Garganacl|40\/100\n|-damage|p1b: Palafin|6\/100|[from] item: Rocky Helmet|[of] p2b: Garganacl\n|move|p2b: Garganacl|Recover|p2b: Garganacl\n|-heal|p2b: Garganacl|90\/100\n|move|p1a: Iron Hands|Drain Punch|p2b: Garganacl\n|-damage|p2b: Garganacl|0 fnt\n|-heal|p1a: Iron Hands|66\/100|[from] drain|[of] p2b: Garganacl\n|-damage|p1a: Iron Hands|50\/100|[from] item: Rocky Helmet|[of] p2b: Garganacl\n|faint|p2b: Garganacl\n|\n|win|yakenonokarasu\n","uploadtime":1683268355,"views":6,"p1id":"yakenonokarasu","p2id":"psychicspell","formatid":"gen9vgc2023regulationc","rating":0,"private":0,"password":""}