{"id":"gen9vgc2023regulationc-1846078288","p1":"Karajony","p2":"Naville","format":"[Gen 9] VGC 2023 Regulation C","log":"|j|\u2606Karajony\n|j|\u2606Naville\n|t:|1681802622\n|gametype|doubles\n|player|p1|Karajony|worker-gen4|1191\n|player|p2|Naville|nurse|1130\n|teamsize|p1|6\n|teamsize|p2|6\n|gen|9\n|tier|[Gen 9] VGC 2023 Regulation C\n|rated|\n|rule|Species Clause: Limit one of each Pok\u00e9mon\n|rule|Item Clause: Limit one of each item\n|clearpoke\n|poke|p1|Gyarados, L50, F|\n|poke|p1|Flutter Mane, L50|\n|poke|p1|Iron Hands, L50|\n|poke|p1|Baxcalibur, L50, F|\n|poke|p1|Scream Tail, L50|\n|poke|p1|Chi-Yu, L50|\n|poke|p2|Dachsbun, L50, M|\n|poke|p2|Iron Hands, L50|\n|poke|p2|Baxcalibur, L50, F|\n|poke|p2|Ceruledge, L50, M|\n|poke|p2|Hariyama, L50, F|\n|poke|p2|Ting-Lu, L50|\n|teampreview|4\n|inactive|Battle timer is ON: inactive players will automatically lose when time's up. (requested by Karajony)\n|inactive|Karajony has 60 seconds left.\n|inactive|Naville has 60 seconds left.\n|inactive|Naville has 30 seconds left.\n|inactive|Naville has 20 seconds left.\n|inactive|Naville has 15 seconds left.\n|inactive|Naville has 10 seconds left.\n|\n|t:|1681802704\n|start\n|switch|p1a: Iron Hands|Iron Hands, L50|100\/100\n|switch|p1b: Scream Tail|Scream Tail, L50|100\/100\n|switch|p2a: Ting-Lu|Ting-Lu, L50|100\/100\n|switch|p2b: Iron Hands|Iron Hands, L50|100\/100\n|-ability|p2a: Ting-Lu|Vessel of Ruin\n|turn|1\n|\n|t:|1681802717\n|-end|p1b: Scream Tail|Protosynthesis|[silent]\n|switch|p1b: Gyarados|Gyarados, L50, F|100\/100\n|-ability|p1b: Gyarados|Intimidate|boost\n|-unboost|p2a: Ting-Lu|atk|1\n|-unboost|p2b: Iron Hands|atk|1\n|move|p2b: Iron Hands|Detect|p2b: Iron Hands\n|-singleturn|p2b: Iron Hands|Protect\n|move|p2a: Ting-Lu|Protect|p2a: Ting-Lu\n|-singleturn|p2a: Ting-Lu|Protect\n|move|p1a: Iron Hands|Swords Dance|p1a: Iron Hands\n|-boost|p1a: Iron Hands|atk|2\n|\n|upkeep\n|turn|2\n|\n|t:|1681802739\n|switch|p1b: Scream Tail|Scream Tail, L50|100\/100\n|-terastallize|p2b: Iron Hands|Electric\n|move|p1a: Iron Hands|Drain Punch|p2a: Ting-Lu\n|-supereffective|p2a: Ting-Lu\n|-damage|p2a: Ting-Lu|11\/100\n|move|p2b: Iron Hands|Thunder Punch|p1b: Scream Tail\n|-damage|p1b: Scream Tail|72\/100\n|move|p2a: Ting-Lu|Sand Tomb|p1a: Iron Hands\n|-supereffective|p1a: Iron Hands\n|-damage|p1a: Iron Hands|85\/100\n|-activate|p1a: Iron Hands|move: Sand Tomb|[of] p2a: Ting-Lu\n|\n|-heal|p1a: Iron Hands|91\/100|[from] item: Leftovers\n|-damage|p1a: Iron Hands|78\/100|[from] move: Sand Tomb|[partiallytrapped]\n|upkeep\n|turn|3\n|\n|t:|1681802762\n|move|p2a: Ting-Lu|Protect|p2a: Ting-Lu\n|-singleturn|p2a: Ting-Lu|Protect\n|move|p1b: Scream Tail|Play Rough|p2a: Ting-Lu\n|-activate|p2a: Ting-Lu|move: Protect\n|move|p1a: Iron Hands|Drain Punch|p2b: Iron Hands\n|-damage|p2b: Iron Hands|47\/100\n|-heal|p1a: Iron Hands|100\/100|[from] drain|[of] p2b: Iron Hands\n|move|p2b: Iron Hands|Drain Punch|p1a: Iron Hands\n|-damage|p1a: Iron Hands|78\/100\n|-heal|p2b: Iron Hands|58\/100|[from] drain|[of] p1a: Iron Hands\n|\n|-heal|p1a: Iron Hands|84\/100|[from] item: Leftovers\n|-damage|p1a: Iron Hands|72\/100|[from] move: Sand Tomb|[partiallytrapped]\n|upkeep\n|turn|4\n|\n|t:|1681802781\n|-end|p2b: Iron Hands|Quark Drive|[silent]\n|switch|p2b: Dachsbun|Dachsbun, L50, M|100\/100\n|switch|p2a: Ceruledge|Ceruledge, L50, M|100\/100\n|move|p1b: Scream Tail|Encore||[still]\n|-fail|p1b: Scream Tail\n|move|p1a: Iron Hands|Drain Punch|p2b: Dachsbun\n|-resisted|p2b: Dachsbun\n|-damage|p2b: Dachsbun|64\/100\n|-heal|p1a: Iron Hands|84\/100|[from] drain|[of] p2b: Dachsbun\n|\n|-heal|p2b: Dachsbun|70\/100|[from] item: Leftovers\n|-heal|p1a: Iron Hands|90\/100|[from] item: Leftovers\n|-end|p1a: Iron Hands|Sand Tomb|[partiallytrapped]|[silent]\n|upkeep\n|turn|5\n|inactive|Naville has 30 seconds left.\n|\n|t:|1681802812\n|move|p2b: Dachsbun|Baby-Doll Eyes|p1a: Iron Hands\n|-unboost|p1a: Iron Hands|atk|1\n|move|p1b: Scream Tail|Disable||[still]\n|-fail|p1b: Scream Tail\n|move|p2a: Ceruledge|Lava Plume|p1a: Iron Hands|[spread] p1a,p1b\n|-ability|p2b: Dachsbun|Well-Baked Body|boost\n|-boost|p2b: Dachsbun|def|2\n|-damage|p1a: Iron Hands|81\/100\n|-damage|p1b: Scream Tail|65\/100\n|-status|p1a: Iron Hands|brn\n|move|p1a: Iron Hands|Wild Charge|p2a: Ceruledge\n|-damage|p2a: Ceruledge|58\/100\n|-damage|p1a: Iron Hands|73\/100 brn|[from] Recoil\n|\n|-heal|p2b: Dachsbun|77\/100|[from] item: Leftovers\n|-heal|p1a: Iron Hands|80\/100 brn|[from] item: Leftovers\n|-damage|p1a: Iron Hands|73\/100 brn|[from] brn\n|upkeep\n|turn|6\n|\n|t:|1681802834\n|move|p2a: Ceruledge|Protect|p2a: Ceruledge\n|-singleturn|p2a: Ceruledge|Protect\n|move|p1b: Scream Tail|Disable|p2a: Ceruledge\n|-activate|p2a: Ceruledge|move: Protect\n|move|p2b: Dachsbun|Howl|p2b: Dachsbun|[spread] p2a,p2b\n|-boost|p2a: Ceruledge|atk|1\n|-boost|p2b: Dachsbun|atk|1\n|move|p1a: Iron Hands|Wild Charge|p2a: Ceruledge\n|-activate|p2a: Ceruledge|move: Protect\n|\n|-heal|p2b: Dachsbun|83\/100|[from] item: Leftovers\n|-heal|p1a: Iron Hands|80\/100 brn|[from] item: Leftovers\n|-damage|p1a: Iron Hands|73\/100 brn|[from] brn\n|upkeep\n|turn|7\n|\n|t:|1681802853\n|move|p2b: Dachsbun|Baby-Doll Eyes|p1a: Iron Hands\n|-unboost|p1a: Iron Hands|atk|1\n|move|p2a: Ceruledge|Shadow Sneak|p1b: Scream Tail\n|-supereffective|p1b: Scream Tail\n|-damage|p1b: Scream Tail|23\/100\n|move|p1b: Scream Tail|Encore|p2a: Ceruledge\n|-start|p2a: Ceruledge|Encore\n|move|p1a: Iron Hands|Wild Charge|p2a: Ceruledge\n|-damage|p2a: Ceruledge|32\/100\n|-damage|p1a: Iron Hands|69\/100 brn|[from] Recoil\n|\n|-heal|p2b: Dachsbun|89\/100|[from] item: Leftovers\n|-heal|p1a: Iron Hands|75\/100 brn|[from] item: Leftovers\n|-damage|p1a: Iron Hands|69\/100 brn|[from] brn\n|upkeep\n|turn|8\n|\n|t:|1681802871\n|-end|p1b: Scream Tail|Protosynthesis|[silent]\n|switch|p1b: Gyarados|Gyarados, L50, F|100\/100\n|-ability|p1b: Gyarados|Intimidate|boost\n|-unboost|p2a: Ceruledge|atk|1\n|-unboost|p2b: Dachsbun|atk|1\n|move|p2a: Ceruledge|Shadow Sneak|p1b: Gyarados\n|-damage|p1b: Gyarados|80\/100\n|move|p2b: Dachsbun|Play Rough|p1a: Iron Hands\n|-supereffective|p1a: Iron Hands\n|-damage|p1a: Iron Hands|28\/100 brn\n|move|p1a: Iron Hands|Wild Charge|p2a: Ceruledge\n|-damage|p2a: Ceruledge|7\/100\n|-damage|p1a: Iron Hands|23\/100 brn|[from] Recoil\n|\n|-heal|p2b: Dachsbun|95\/100|[from] item: Leftovers\n|-heal|p1a: Iron Hands|30\/100 brn|[from] item: Leftovers\n|-damage|p1a: Iron Hands|23\/100 brn|[from] brn\n|upkeep\n|turn|9\n|\n|t:|1681802893\n|switch|p2a: Iron Hands|Iron Hands, L50, tera:Electric|58\/100\n|move|p1a: Iron Hands|Detect|p1a: Iron Hands\n|-singleturn|p1a: Iron Hands|Protect\n|move|p1b: Gyarados|Waterfall|p2a: Iron Hands\n|-damage|p2a: Iron Hands|35\/100\n|move|p2b: Dachsbun|Play Rough|p1a: Iron Hands\n|-activate|p1a: Iron Hands|move: Protect\n|\n|-heal|p2b: Dachsbun|100\/100|[from] item: Leftovers\n|-heal|p1a: Iron Hands|30\/100 brn|[from] item: Leftovers\n|-damage|p1a: Iron Hands|23\/100 brn|[from] brn\n|upkeep\n|turn|10\n|inactive|Karajony has 30 seconds left.\n|inactive|Karajony has 20 seconds left.\n|\n|t:|1681802930\n|-terastallize|p1b: Gyarados|Ground\n|move|p1b: Gyarados|Iron Head|p2b: Dachsbun\n|-supereffective|p2b: Dachsbun\n|-damage|p2b: Dachsbun|77\/100\n|move|p2b: Dachsbun|Play Rough|p1b: Gyarados\n|-damage|p1b: Gyarados|48\/100\n|-enditem|p1b: Gyarados|Sitrus Berry|[eat]\n|-heal|p1b: Gyarados|73\/100|[from] item: Sitrus Berry\n|move|p1a: Iron Hands|Drain Punch|p2a: Iron Hands\n|-damage|p2a: Iron Hands|22\/100\n|-heal|p1a: Iron Hands|31\/100 brn|[from] drain|[of] p2a: Iron Hands\n|move|p2a: Iron Hands|Thunder Punch|p1b: Gyarados\n|-immune|p1b: Gyarados\n|\n|-heal|p2b: Dachsbun|83\/100|[from] item: Leftovers\n|-heal|p1a: Iron Hands|37\/100 brn|[from] item: Leftovers\n|-damage|p1a: Iron Hands|31\/100 brn|[from] brn\n|upkeep\n|turn|11\n|inactive|Karajony has 30 seconds left.\n|\n|t:|1681802965\n|move|p2a: Iron Hands|Detect|p2a: Iron Hands\n|-singleturn|p2a: Iron Hands|Protect\n|move|p2b: Dachsbun|Baby-Doll Eyes|p1b: Gyarados\n|-unboost|p1b: Gyarados|atk|1\n|move|p1b: Gyarados|Waterfall|p2a: Iron Hands\n|-activate|p2a: Iron Hands|move: Protect\n|move|p1a: Iron Hands|Swords Dance|p1a: Iron Hands\n|-boost|p1a: Iron Hands|atk|2\n|\n|-heal|p2b: Dachsbun|89\/100|[from] item: Leftovers\n|-heal|p1a: Iron Hands|37\/100 brn|[from] item: Leftovers\n|-damage|p1a: Iron Hands|31\/100 brn|[from] brn\n|upkeep\n|turn|12\n|\n|t:|1681802986\n|switch|p1b: Scream Tail|Scream Tail, L50|23\/100\n|move|p2b: Dachsbun|Play Rough|p1a: Iron Hands\n|-supereffective|p1a: Iron Hands\n|-damage|p1a: Iron Hands|0 fnt\n|faint|p1a: Iron Hands\n|-end|p1a: Iron Hands|Quark Drive|[silent]\n|move|p2a: Iron Hands|Drain Punch|p1b: Scream Tail\n|-resisted|p1b: Scream Tail\n|-damage|p1b: Scream Tail|15\/100\n|-heal|p2a: Iron Hands|25\/100|[from] drain|[of] p1b: Scream Tail\n|\n|-heal|p2b: Dachsbun|95\/100|[from] item: Leftovers\n|upkeep\n|\n|t:|1681802998\n|switch|p1a: Gyarados|Gyarados, L50, F, tera:Ground|73\/100\n|-ability|p1a: Gyarados|Intimidate|boost\n|-unboost|p2a: Iron Hands|atk|1\n|-unboost|p2b: Dachsbun|atk|1\n|turn|13\n|inactive|Karajony has 30 seconds left.\n|\n|t:|1681803030\n|move|p2a: Iron Hands|Detect|p2a: Iron Hands\n|-singleturn|p2a: Iron Hands|Protect\n|move|p1b: Scream Tail|Disable|p2b: Dachsbun\n|-start|p2b: Dachsbun|Disable|Play Rough\n|move|p1a: Gyarados|Waterfall|p2a: Iron Hands\n|-activate|p2a: Iron Hands|move: Protect\n|cant|p2b: Dachsbun|Disable|Play Rough\n|\n|-heal|p2b: Dachsbun|100\/100|[from] item: Leftovers\n|upkeep\n|turn|14\n|\n|t:|1681803052\n|move|p2b: Dachsbun|Baby-Doll Eyes|p1a: Gyarados\n|-unboost|p1a: Gyarados|atk|1\n|move|p1b: Scream Tail|Encore|p2a: Iron Hands\n|-start|p2a: Iron Hands|Encore\n|move|p1a: Gyarados|Thunder Wave|p2b: Dachsbun\n|-status|p2b: Dachsbun|par\n|move|p2a: Iron Hands|Detect||[still]\n|-fail|p2a: Iron Hands\n|\n|upkeep\n|turn|15\n|inactive|Karajony has 30 seconds left.\n|\n|t:|1681803079\n|switch|p1a: Flutter Mane|Flutter Mane, L50|100\/100\n|-enditem|p1a: Flutter Mane|Booster Energy\n|-activate|p1a: Flutter Mane|ability: Protosynthesis|[fromitem]\n|-start|p1a: Flutter Mane|protosynthesisspe\n|move|p2a: Iron Hands|Detect|p2a: Iron Hands\n|-singleturn|p2a: Iron Hands|Protect\n|cant|p2b: Dachsbun|par\n|move|p1b: Scream Tail|Encore|p2b: Dachsbun\n|-start|p2b: Dachsbun|Encore\n|\n|upkeep\n|turn|16\n|inactive|Karajony has 30 seconds left.\n|inactive|Karajony has 20 seconds left.\n|inactive|Karajony has 15 seconds left.\n|\n|t:|1681803122\n|-end|p1b: Scream Tail|Protosynthesis|[silent]\n|switch|p1b: Gyarados|Gyarados, L50, F, tera:Ground|73\/100\n|-ability|p1b: Gyarados|Intimidate|boost\n|-unboost|p2a: Iron Hands|atk|1\n|-unboost|p2b: Dachsbun|atk|1\n|move|p2a: Iron Hands|Detect|p2a: Iron Hands\n|-singleturn|p2a: Iron Hands|Protect\n|move|p2b: Dachsbun|Baby-Doll Eyes|p1b: Gyarados\n|-unboost|p1b: Gyarados|atk|1\n|move|p1a: Flutter Mane|Moonblast|p2a: Iron Hands\n|-activate|p2a: Iron Hands|move: Protect\n|\n|-end|p2a: Iron Hands|Encore\n|-end|p2b: Dachsbun|Disable\n|upkeep\n|turn|17\n|inactive|Naville has 30 seconds left.\n|\n|t:|1681803155\n|switch|p1b: Scream Tail|Scream Tail, L50|15\/100\n|move|p2b: Dachsbun|Baby-Doll Eyes|p1b: Scream Tail\n|-unboost|p1b: Scream Tail|atk|1\n|move|p1a: Flutter Mane|Moonblast|p2a: Iron Hands\n|-damage|p2a: Iron Hands|0 fnt\n|faint|p2a: Iron Hands\n|-end|p2a: Iron Hands|Quark Drive|[silent]\n|\n|upkeep\n|\n|t:|1681803164\n|switch|p2a: Ceruledge|Ceruledge, L50, M|7\/100\n|turn|18\n|inactive|Karajony has 30 seconds left.\n|inactive|Karajony has 20 seconds left.\n|inactive|Karajony has 15 seconds left.\n|\n|t:|1681803197\n|-end|p1b: Scream Tail|Protosynthesis|[silent]\n|switch|p1b: Gyarados|Gyarados, L50, F, tera:Ground|73\/100\n|-ability|p1b: Gyarados|Intimidate|boost\n|-unboost|p2a: Ceruledge|atk|1\n|-unboost|p2b: Dachsbun|atk|1\n|move|p2a: Ceruledge|Protect|p2a: Ceruledge\n|-singleturn|p2a: Ceruledge|Protect\n|cant|p2b: Dachsbun|par\n|move|p1a: Flutter Mane|Shadow Ball|p2a: Ceruledge\n|-activate|p2a: Ceruledge|move: Protect\n|\n|-end|p2b: Dachsbun|Encore\n|upkeep\n|turn|19\n|inactive|Karajony has 15 seconds left this turn.\n|inactive|Karajony has 10 seconds left.\n|inactive|Karajony has 5 seconds left.\n|-message|Karajony lost due to inactivity.\n|\n|win|Naville\n|raw|Karajony's rating: 1191 → 1162<\/strong> (-29 for losing)\n|raw|Naville's rating: 1130 → 1159<\/strong> (+29 for winning)\n|l|\u2606Naville\n","uploadtime":1681803218,"views":10,"p1id":"karajony","p2id":"naville","formatid":"gen9vgc2023regulationc","rating":1159,"private":0,"password":""}