{"id":"gen9vgc2023regulationc-1859826000","p1":"BurningtheKitchen","p2":"skipitecoatl","format":"[Gen 9] VGC 2023 Regulation C","log":"|j|\u2606BurningtheKitchen\n|j|\u2606skipitecoatl\n|t:|1683567738\n|gametype|doubles\n|player|p1|BurningtheKitchen|170|1047\n|player|p2|skipitecoatl|2|1000\n|teamsize|p1|6\n|teamsize|p2|6\n|gen|9\n|tier|[Gen 9] VGC 2023 Regulation C\n|rated|\n|rule|Species Clause: Limit one of each Pok\u00e9mon\n|rule|Item Clause: Limit one of each item\n|clearpoke\n|poke|p1|Glimmora, L50, M|\n|poke|p1|Dragonite, L50, F|\n|poke|p1|Arcanine, L50, M|\n|poke|p1|Iron Bundle, L50|\n|poke|p1|Farigiraf, L50, M|\n|poke|p1|Breloom, L50, M|\n|poke|p2|Tyranitar, L50, F|\n|poke|p2|Kingambit, L50, M|\n|poke|p2|Gastrodon, L50, F|\n|poke|p2|Flutter Mane, L50|\n|poke|p2|Annihilape, L50, F|\n|poke|p2|Murkrow, L50, F|\n|teampreview|4\n|\n|t:|1683567780\n|start\n|switch|p1a: Glimmora|Glimmora, L50, M|100\/100\n|switch|p1b: Farigiraf|Farigiraf, L50, M|100\/100\n|switch|p2a: Annihilape|Annihilape, L50, F|100\/100\n|switch|p2b: Flutter Mane|Flutter Mane, L50|100\/100\n|turn|1\n|\n|t:|1683567796\n|move|p2a: Annihilape|U-turn|p1b: Farigiraf\n|-supereffective|p1b: Farigiraf\n|-crit|p1b: Farigiraf\n|-damage|p1b: Farigiraf|54\/100\n|\n|t:|1683567800\n|switch|p2a: Kingambit|Kingambit, L50, M|100\/100|[from] U-turn\n|move|p2b: Flutter Mane|Taunt|p1b: Farigiraf\n|-start|p1b: Farigiraf|move: Taunt\n|move|p1a: Glimmora|Mortal Spin|p2b: Flutter Mane|[spread] p2b\n|-immune|p2a: Kingambit\n|-damage|p2b: Flutter Mane|91\/100\n|-status|p2b: Flutter Mane|psn\n|move|p1b: Farigiraf|Dazzling Gleam|p2a: Kingambit|[spread] p2a,p2b\n|-damage|p2a: Kingambit|87\/100\n|-damage|p2b: Flutter Mane|78\/100 psn\n|\n|-damage|p2b: Flutter Mane|66\/100 psn|[from] psn\n|upkeep\n|turn|2\n|\n|t:|1683567827\n|move|p2b: Flutter Mane|Dazzling Gleam|p1a: Glimmora|[spread] p1a,p1b\n|-resisted|p1a: Glimmora\n|-damage|p1a: Glimmora|85\/100\n|-damage|p1b: Farigiraf|17\/100\n|-enditem|p1b: Farigiraf|Sitrus Berry|[eat]\n|-heal|p1b: Farigiraf|41\/100|[from] item: Sitrus Berry\n|-damage|p2b: Flutter Mane|56\/100 psn|[from] item: Life Orb\n|move|p1a: Glimmora|Venoshock|p2b: Flutter Mane\n|-damage|p2b: Flutter Mane|0 fnt\n|faint|p2b: Flutter Mane\n|-end|p2b: Flutter Mane|Protosynthesis|[silent]\n|move|p1b: Farigiraf|Low Kick|p2a: Kingambit\n|-supereffective|p2a: Kingambit\n|-damage|p2a: Kingambit|25\/100\n|move|p2a: Kingambit|Swords Dance|p2a: Kingambit\n|-boost|p2a: Kingambit|atk|2\n|\n|upkeep\n|\n|t:|1683567844\n|switch|p2b: Tyranitar|Tyranitar, L50, F|100\/100\n|-weather|Sandstorm|[from] ability: Sand Stream|[of] p2b: Tyranitar\n|turn|3\n|\n|t:|1683567861\n|move|p2a: Kingambit|Sucker Punch|p1b: Farigiraf\n|-supereffective|p1b: Farigiraf\n|-damage|p1b: Farigiraf|0 fnt\n|faint|p1b: Farigiraf\n|move|p1a: Glimmora|Mortal Spin|p2a: Kingambit|[spread] p2b\n|-immune|p2a: Kingambit\n|-resisted|p2b: Tyranitar\n|-damage|p2b: Tyranitar|99\/100\n|-status|p2b: Tyranitar|psn\n|move|p2b: Tyranitar|Low Kick|p1a: Glimmora\n|-damage|p1a: Glimmora|61\/100\n|-activate|p1a: Glimmora|ability: Toxic Debris\n|-sidestart|p2: skipitecoatl|move: Toxic Spikes\n|\n|-weather|Sandstorm|[upkeep]\n|-damage|p2b: Tyranitar|86\/100 psn|[from] psn\n|upkeep\n|\n|t:|1683567875\n|switch|p1b: Breloom|Breloom, L50, M|100\/100\n|turn|4\n|\n|t:|1683567886\n|-terastallize|p2b: Tyranitar|Flying\n|move|p1b: Breloom|Mach Punch|p2a: Kingambit\n|-supereffective|p2a: Kingambit\n|-damage|p2a: Kingambit|0 fnt\n|faint|p2a: Kingambit\n|move|p1a: Glimmora|Energy Ball|p2b: Tyranitar\n|-resisted|p2b: Tyranitar\n|-damage|p2b: Tyranitar|77\/100 psn\n|move|p2b: Tyranitar|Tera Blast|p1b: Breloom\n|-supereffective|p1b: Breloom\n|-enditem|p1b: Breloom|Focus Sash\n|-damage|p1b: Breloom|1\/100\n|\n|-weather|Sandstorm|[upkeep]\n|-damage|p1b: Breloom|0 fnt|[from] Sandstorm\n|-damage|p2b: Tyranitar|71\/100 psn|[from] Sandstorm\n|faint|p1b: Breloom\n|-damage|p2b: Tyranitar|59\/100 psn|[from] psn\n|upkeep\n|\n|t:|1683567903\n|switch|p1b: Arcanine|Arcanine, L50, M|100\/100\n|switch|p2a: Annihilape|Annihilape, L50, F|100\/100\n|-status|p2a: Annihilape|psn\n|-ability|p1b: Arcanine|Intimidate|boost\n|-fail|p2a: Annihilape|unboost|Attack|[from] ability: Inner Focus|[of] p2a: Annihilape\n|-unboost|p2b: Tyranitar|atk|1\n|turn|5\n|\n|t:|1683567927\n|move|p2a: Annihilape|Close Combat|p1a: Glimmora\n|-damage|p1a: Glimmora|14\/100\n|-unboost|p2a: Annihilape|def|1\n|-unboost|p2a: Annihilape|spd|1\n|-activate|p1a: Glimmora|ability: Toxic Debris\n|-sidestart|p2: skipitecoatl|move: Toxic Spikes\n|move|p1b: Arcanine|Flare Blitz|p2a: Annihilape\n|-damage|p2a: Annihilape|19\/100 psn\n|-damage|p1b: Arcanine|71\/100|[from] Recoil\n|move|p1a: Glimmora|Power Gem|p2b: Tyranitar\n|-supereffective|p2b: Tyranitar\n|-damage|p2b: Tyranitar|11\/100 psn\n|move|p2b: Tyranitar|Rock Slide|p1a: Glimmora|[spread] p1a,p1b\n|-supereffective|p1b: Arcanine\n|-damage|p1a: Glimmora|0 fnt\n|-damage|p1b: Arcanine|24\/100\n|faint|p1a: Glimmora\n|\n|-weather|Sandstorm|[upkeep]\n|-damage|p2a: Annihilape|13\/100 psn|[from] Sandstorm\n|-damage|p2b: Tyranitar|5\/100 psn|[from] Sandstorm\n|-damage|p2a: Annihilape|0 fnt|[from] psn\n|faint|p2a: Annihilape\n|-damage|p2b: Tyranitar|0 fnt|[from] psn\n|faint|p2b: Tyranitar\n|\n|win|BurningtheKitchen\n|upkeep\n|raw|BurningtheKitchen's rating: 1047 → 1076<\/strong> (+29 for winning)\n|raw|skipitecoatl's rating: 1000 → 1000<\/strong> (+0 for losing)\n","uploadtime":1683567954,"views":13,"p1id":"burningthekitchen","p2id":"skipitecoatl","formatid":"gen9vgc2023regulationc","rating":1000,"private":0,"password":""}