{"id":"gen9vgc2023regulationc-1845186539","p1":"Galahad Excalibur","p2":"Darkskin gawd","format":"[Gen 9] VGC 2023 Regulation C","log":"|j|\u2606Galahad Excalibur\n|j|\u2606Darkskin gawd\n|t:|1681693917\n|gametype|doubles\n|player|p1|Galahad Excalibur|richboy-gen4|\n|player|p2|Darkskin gawd|169|\n|teamsize|p1|6\n|teamsize|p2|6\n|gen|9\n|tier|[Gen 9] VGC 2023 Regulation C\n|rule|Species Clause: Limit one of each Pok\u00e9mon\n|rule|Item Clause: Limit one of each item\n|clearpoke\n|poke|p1|Indeedee-F, L50, F|\n|poke|p1|Armarouge, L50, F|\n|poke|p1|Torkoal, L50, M|\n|poke|p1|Kingambit, L50, M|\n|poke|p1|Hatterene, L50, F|\n|poke|p1|Annihilape, L50, M|\n|poke|p2|Iron Hands, L50|\n|poke|p2|Dragonite, L50, M|\n|poke|p2|Iron Bundle, L50|\n|poke|p2|Ting-Lu, L50|\n|poke|p2|Maushold-Four, L50|\n|poke|p2|Dragapult, L50, F|\n|teampreview|4\n|inactive|Battle timer is ON: inactive players will automatically lose when time's up. (requested by Galahad Excalibur)\n|inactive|Darkskin gawd has 60 seconds left.\n|\n|t:|1681693955\n|start\n|switch|p1a: Indeedee|Indeedee-F, L50, F|100\/100\n|switch|p1b: Hatterene|Hatterene, L50, F|100\/100\n|switch|p2a: Ting-Lu|Ting-Lu, L50|100\/100\n|switch|p2b: Maushold|Maushold-Four, L50|100\/100\n|-fieldstart|move: Psychic Terrain|[from] ability: Psychic Surge|[of] p1a: Indeedee\n|-enditem|p1a: Indeedee|Psychic Seed\n|-boost|p1a: Indeedee|spd|1|[from] item: Psychic Seed\n|-ability|p2a: Ting-Lu|Vessel of Ruin\n|turn|1\n|inactive|Darkskin gawd has 30 seconds left.\n|inactive|Darkskin gawd has 20 seconds left.\n|inactive|Darkskin gawd has 15 seconds left.\n|inactive|Darkskin gawd has 10 seconds left.\n|\n|t:|1681694000\n|move|p1a: Indeedee|Follow Me|p1a: Indeedee\n|-singleturn|p1a: Indeedee|move: Follow Me\n|move|p2b: Maushold|Super Fang|p1a: Indeedee\n|-damage|p1a: Indeedee|51\/100\n|move|p2a: Ting-Lu|Fissure|p1a: Indeedee\n|-damage|p1a: Indeedee|0 fnt\n|faint|p1a: Indeedee\n|-ohko\n|move|p1b: Hatterene|Trick Room|p1b: Hatterene\n|-fieldstart|move: Trick Room|[of] p1b: Hatterene\n|\n|upkeep\n|\n|t:|1681694015\n|switch|p1a: Kingambit|Kingambit, L50, M|100\/100\n|turn|2\n|inactive|Darkskin gawd has 30 seconds left.\n|inactive|Darkskin gawd has 20 seconds left.\n|inactive|Darkskin gawd has 15 seconds left.\n|inactive|Darkskin gawd has 10 seconds left.\n|inactive|Darkskin gawd has 5 seconds left.\n|\n|t:|1681694069\n|move|p1b: Hatterene|Dazzling Gleam|p2a: Ting-Lu|[spread] p2a,p2b\n|-supereffective|p2a: Ting-Lu\n|-damage|p2a: Ting-Lu|71\/100\n|-damage|p2b: Maushold|55\/100\n|-damage|p1b: Hatterene|91\/100|[from] item: Life Orb\n|move|p1a: Kingambit|Swords Dance|p1a: Kingambit\n|-boost|p1a: Kingambit|atk|2\n|move|p2a: Ting-Lu|Fissure|p1b: Hatterene|[miss]\n|-miss|p2a: Ting-Lu|p1b: Hatterene\n|move|p2b: Maushold|Thunder Wave|p1a: Kingambit\n|-status|p1a: Kingambit|par\n|\n|upkeep\n|turn|3\n|inactive|Galahad Excalibur has 30 seconds left.\n|inactive|Darkskin gawd has 30 seconds left.\n|inactive|Darkskin gawd has 20 seconds left.\n|\n|t:|1681694106\n|move|p1a: Kingambit|Kowtow Cleave|p2b: Maushold\n|-crit|p2b: Maushold\n|-damage|p2b: Maushold|0 fnt\n|faint|p2b: Maushold\n|move|p1b: Hatterene|Dazzling Gleam|p2a: Ting-Lu\n|-supereffective|p2a: Ting-Lu\n|-damage|p2a: Ting-Lu|20\/100\n|-damage|p1b: Hatterene|82\/100|[from] item: Life Orb\n|move|p2a: Ting-Lu|Stomping Tantrum|p1a: Kingambit\n|-supereffective|p1a: Kingambit\n|-damage|p1a: Kingambit|0 fnt\n|faint|p1a: Kingambit\n|\n|upkeep\n|inactive|Darkskin gawd has 30 seconds left.\n|\n|t:|1681694136\n|switch|p1a: Torkoal|Torkoal, L50, M|100\/100\n|switch|p2b: Iron Hands|Iron Hands, L50|100\/100\n|-weather|SunnyDay|[from] ability: Drought|[of] p1a: Torkoal\n|turn|4\n|inactive|Galahad Excalibur has 30 seconds left.\n|inactive|Darkskin gawd has 30 seconds left.\n|inactive|Galahad Excalibur has 20 seconds left.\n|inactive|Darkskin gawd has 20 seconds left.\n|inactive|Galahad Excalibur has 15 seconds left.\n|\n|t:|1681694179\n|-terastallize|p2b: Iron Hands|Electric\n|move|p1a: Torkoal|Earth Power|p2a: Ting-Lu\n|-damage|p2a: Ting-Lu|9\/100\n|move|p1b: Hatterene|Psychic|p2b: Iron Hands\n|-damage|p2b: Iron Hands|47\/100\n|-enditem|p2b: Iron Hands|Sitrus Berry|[eat]\n|-heal|p2b: Iron Hands|72\/100|[from] item: Sitrus Berry\n|-damage|p1b: Hatterene|72\/100|[from] item: Life Orb\n|move|p2a: Ting-Lu|Stomping Tantrum|p1a: Torkoal\n|-supereffective|p1a: Torkoal\n|-damage|p1a: Torkoal|39\/100\n|move|p2b: Iron Hands|Swords Dance|p2b: Iron Hands\n|-boost|p2b: Iron Hands|atk|2\n|\n|-weather|SunnyDay|[upkeep]\n|upkeep\n|turn|5\n|inactive|Galahad Excalibur has 30 seconds left.\n|inactive|Darkskin gawd has 30 seconds left.\n|inactive|Galahad Excalibur has 20 seconds left.\n|inactive|Darkskin gawd has 20 seconds left.\n|\n|t:|1681694217\n|move|p1a: Torkoal|Flamethrower|p2a: Ting-Lu\n|-damage|p2a: Ting-Lu|0 fnt\n|faint|p2a: Ting-Lu\n|move|p1b: Hatterene|Dazzling Gleam|p2b: Iron Hands\n|-damage|p2b: Iron Hands|23\/100\n|-damage|p1b: Hatterene|63\/100|[from] item: Life Orb\n|move|p2b: Iron Hands|Thunder Punch|p1b: Hatterene\n|-damage|p1b: Hatterene|0 fnt\n|faint|p1b: Hatterene\n|\n|-weather|SunnyDay|[upkeep]\n|-fieldend|move: Trick Room\n|-fieldend|move: Psychic Terrain\n|upkeep\n|\n|t:|1681694228\n|switch|p2a: Dragonite|Dragonite, L50, M|100\/100\n|turn|6\n|\n|t:|1681694246\n|move|p2a: Dragonite|Waterfall|p1a: Torkoal\n|-supereffective|p1a: Torkoal\n|-damage|p1a: Torkoal|16\/100\n|move|p2b: Iron Hands|Thunder Punch|p1a: Torkoal\n|-damage|p1a: Torkoal|0 fnt\n|faint|p1a: Torkoal\n|\n|win|Darkskin gawd\n","uploadtime":1681694258,"views":13,"p1id":"galahadexcalibur","p2id":"darkskingawd","formatid":"gen9vgc2023regulationc","rating":0,"private":0,"password":""}