{"id":"gen9vgc2023regulationc-1849894826","p1":"ultramandyna","p2":"DunsparceBoss23","format":"[Gen 9] VGC 2023 Regulation C","log":"|j|\u2606ultramandyna\n|j|\u2606DunsparceBoss23\n|t:|1682265496\n|gametype|doubles\n|player|p1|ultramandyna|169|1032\n|player|p2|DunsparceBoss23|steven|1049\n|teamsize|p1|6\n|teamsize|p2|6\n|gen|9\n|tier|[Gen 9] VGC 2023 Regulation C\n|rated|\n|rule|Species Clause: Limit one of each Pok\u00e9mon\n|rule|Item Clause: Limit one of each item\n|clearpoke\n|poke|p1|Dondozo, L50, M|\n|poke|p1|Tatsugiri, L50, M|\n|poke|p1|Chi-Yu, L50|\n|poke|p1|Wo-Chien, L50|\n|poke|p1|Dragapult, L50, M|\n|poke|p1|Gholdengo, L50|\n|poke|p2|Ting-Lu, L50|\n|poke|p2|Iron Hands, L50|\n|poke|p2|Dudunsparce-*, L50, F|\n|poke|p2|Maushold-Four, L50|\n|poke|p2|Cetitan, L50, M|\n|poke|p2|Flamigo, L50, F|\n|teampreview|4\n|inactive|Battle timer is ON: inactive players will automatically lose when time's up. (requested by DunsparceBoss23)\n|\n|t:|1682265519\n|start\n|switch|p1a: Dondozo|Dondozo, L50, M|100\/100\n|switch|p1b: Wo-Chien|Wo-Chien, L50|100\/100\n|switch|p2a: Iron Hands|Iron Hands, L50, shiny|100\/100\n|switch|p2b: Maushold|Maushold-Four, L50, shiny|100\/100\n|-ability|p1b: Wo-Chien|Tablets of Ruin\n|turn|1\n|\n|t:|1682265536\n|-terastallize|p1a: Dondozo|Dragon\n|move|p2b: Maushold|Follow Me|p2b: Maushold\n|-singleturn|p2b: Maushold|move: Follow Me\n|move|p1b: Wo-Chien|Leech Seed|p2b: Maushold\n|-start|p2b: Maushold|move: Leech Seed\n|move|p2a: Iron Hands|Belly Drum|p2a: Iron Hands\n|-damage|p2a: Iron Hands|50\/100\n|-setboost|p2a: Iron Hands|atk|6|[from] move: Belly Drum\n|move|p1a: Dondozo|Yawn|p2b: Maushold\n|-start|p2b: Maushold|move: Yawn|[of] p1a: Dondozo\n|\n|-damage|p2b: Maushold|88\/100|[from] Leech Seed|[of] p1b: Wo-Chien\n|upkeep\n|turn|2\n|inactive|ultramandyna has 30 seconds left.\n|inactive|DunsparceBoss23 has 30 seconds left.\n|\n|t:|1682265563\n|switch|p1b: Dragapult|Dragapult, L50, M|100\/100\n|move|p2b: Maushold|Encore|p1a: Dondozo\n|-start|p1a: Dondozo|Encore\n|move|p2a: Iron Hands|Drain Punch|p1b: Dragapult\n|-immune|p1b: Dragapult\n|move|p1a: Dondozo|Yawn||[still]\n|-fail|p1a: Dondozo\n|\n|-damage|p2b: Maushold|76\/100|[from] Leech Seed|[of] p1b: Dragapult\n|-end|p2b: Maushold|move: Yawn|[silent]\n|-status|p2b: Maushold|slp\n|upkeep\n|turn|3\n|inactive|ultramandyna has 30 seconds left.\n|inactive|DunsparceBoss23 has 30 seconds left.\n|\n|t:|1682265589\n|move|p2a: Iron Hands|Protect|p2a: Iron Hands\n|-singleturn|p2a: Iron Hands|Protect\n|move|p1b: Dragapult|Dragon Darts|p2b: Maushold\n|-damage|p2b: Maushold|54\/100 slp\n|-anim|p1b: Dragapult|Dragon Darts|p2b: Maushold\n|-damage|p2b: Maushold|34\/100 slp\n|cant|p2b: Maushold|slp\n|move|p1a: Dondozo|Yawn|p2a: Iron Hands\n|-activate|p2a: Iron Hands|move: Protect\n|\n|-damage|p2b: Maushold|22\/100 slp|[from] Leech Seed|[of] p1b: Dragapult\n|upkeep\n|turn|4\n|inactive|DunsparceBoss23 has 30 seconds left.\n|\n|t:|1682265621\n|cant|p2b: Maushold|slp\n|move|p1b: Dragapult|Dragon Darts|p2a: Iron Hands\n|-damage|p2a: Iron Hands|39\/100\n|-anim|p1b: Dragapult|Dragon Darts|p2b: Maushold\n|-damage|p2b: Maushold|1\/100 slp\n|move|p2a: Iron Hands|Drain Punch|p1a: Dondozo\n|-damage|p1a: Dondozo|77\/100\n|-heal|p2a: Iron Hands|52\/100|[from] drain|[of] p1a: Dondozo\n|-heal|p2a: Iron Hands|55\/100|[from] item: Shell Bell|[of] p1a: Dondozo\n|move|p1a: Dondozo|Yawn|p2a: Iron Hands\n|-start|p2a: Iron Hands|move: Yawn|[of] p1a: Dondozo\n|\n|-damage|p2b: Maushold|0 fnt|[from] Leech Seed|[of] p1b: Dragapult\n|faint|p2b: Maushold\n|-end|p1a: Dondozo|Encore\n|upkeep\n|\n|t:|1682265627\n|switch|p2b: Cetitan|Cetitan, L50, M, shiny|100\/100\n|turn|5\n|inactive|ultramandyna has 30 seconds left.\n|\n|t:|1682265657\n|-terastallize|p2a: Iron Hands|Fighting\n|move|p1a: Dondozo|Protect|p1a: Dondozo\n|-singleturn|p1a: Dondozo|Protect\n|move|p2b: Cetitan|Ice Shard|p1b: Dragapult\n|-supereffective|p1b: Dragapult\n|-damage|p1b: Dragapult|53\/100\n|move|p1b: Dragapult|Dragon Darts|p2a: Iron Hands\n|-damage|p2a: Iron Hands|41\/100\n|-anim|p1b: Dragapult|Dragon Darts|p2b: Cetitan\n|-damage|p2b: Cetitan|77\/100\n|move|p2a: Iron Hands|Drain Punch|p1a: Dondozo\n|-activate|p1a: Dondozo|move: Protect\n|\n|-end|p2a: Iron Hands|move: Yawn|[silent]\n|-status|p2a: Iron Hands|slp\n|upkeep\n|turn|6\n|inactive|DunsparceBoss23 has 30 seconds left.\n|\n|t:|1682265690\n|switch|p1b: Chi-Yu|Chi-Yu, L50|100\/100\n|-ability|p1b: Chi-Yu|Beads of Ruin\n|cant|p2a: Iron Hands|slp\n|move|p2b: Cetitan|Play Rough|p1a: Dondozo\n|-supereffective|p1a: Dondozo\n|-damage|p1a: Dondozo|39\/100\n|-enditem|p1a: Dondozo|Sitrus Berry|[eat]\n|-heal|p1a: Dondozo|64\/100|[from] item: Sitrus Berry\n|move|p1a: Dondozo|Wave Crash|p2a: Iron Hands\n|-damage|p2a: Iron Hands|14\/100 slp\n|-damage|p1a: Dondozo|56\/100|[from] Recoil\n|\n|upkeep\n|turn|7\n|inactive|ultramandyna has 30 seconds left.\n|\n|t:|1682265716\n|move|p2b: Cetitan|Play Rough|p1a: Dondozo\n|-supereffective|p1a: Dondozo\n|-damage|p1a: Dondozo|15\/100\n|move|p1b: Chi-Yu|Heat Wave|p2b: Cetitan|[spread] p2a,p2b\n|-supereffective|p2b: Cetitan\n|-damage|p2a: Iron Hands|0 fnt\n|-damage|p2b: Cetitan|0 fnt\n|faint|p2a: Iron Hands\n|-end|p2a: Iron Hands|Quark Drive|[silent]\n|faint|p2b: Cetitan\n|move|p1a: Dondozo|Order Up|p2: Iron Hands|[notarget]\n|-fail|p1a: Dondozo\n|\n|upkeep\n|\n|t:|1682265725\n|switch|p2a: Ting-Lu|Ting-Lu, L50|100\/100\n|-ability|p2a: Ting-Lu|Vessel of Ruin\n|turn|8\n|\n|t:|1682265740\n|move|p1b: Chi-Yu|Protect|p1b: Chi-Yu\n|-singleturn|p1b: Chi-Yu|Protect\n|move|p2a: Ting-Lu|Rock Slide|p1a: Dondozo|[spread] p1a\n|-activate|p1b: Chi-Yu|move: Protect\n|-damage|p1a: Dondozo|5\/100\n|move|p1a: Dondozo|Wave Crash|p2a: Ting-Lu\n|-supereffective|p2a: Ting-Lu\n|-damage|p2a: Ting-Lu|46\/100\n|-damage|p1a: Dondozo|0 fnt|[from] Recoil\n|faint|p1a: Dondozo\n|\n|upkeep\n|\n|t:|1682265754\n|switch|p1a: Dragapult|Dragapult, L50, M|53\/100\n|turn|9\n|\n|t:|1682265762\n|move|p1a: Dragapult|U-turn|p2a: Ting-Lu\n|-supereffective|p2a: Ting-Lu\n|-damage|p2a: Ting-Lu|23\/100\n|\n|t:|1682265765\n|switch|p1a: Wo-Chien|Wo-Chien, L50|100\/100|[from] U-turn\n|-ability|p1a: Wo-Chien|Tablets of Ruin\n|move|p1b: Chi-Yu|Overheat|p2a: Ting-Lu\n|-damage|p2a: Ting-Lu|0 fnt\n|-unboost|p1b: Chi-Yu|spa|2\n|-enditem|p1b: Chi-Yu|Eject Pack\n|faint|p2a: Ting-Lu\n|\n|win|ultramandyna\n|raw|ultramandyna's rating: 1032 → 1069<\/strong> (+37 for winning)\n|raw|DunsparceBoss23's rating: 1049 → 1031<\/strong> (-18 for losing)\n|l|\u2606DunsparceBoss23\n","uploadtime":1682265790,"views":6,"p1id":"ultramandyna","p2id":"dunsparceboss23","formatid":"gen9vgc2023regulationc","rating":1031,"private":0,"password":""}