{"id":"gen9vgc2023regulationc-1858031118","p1":"chicagocubsfan87","p2":"chipndip","format":"[Gen 9] VGC 2023 Regulation C","log":"|j|\u2606chicagocubsfan87\n|j|\u2606chipndip\n|t:|1683263305\n|gametype|doubles\n|player|p1|chicagocubsfan87|crasherwake|\n|player|p2|chipndip|blackbelt-gen4dp|\n|teamsize|p1|6\n|teamsize|p2|6\n|gen|9\n|tier|[Gen 9] VGC 2023 Regulation C\n|rule|Species Clause: Limit one of each Pok\u00e9mon\n|rule|Item Clause: Limit one of each item\n|clearpoke\n|poke|p1|Chien-Pao, L50|\n|poke|p1|Azumarill, L50, F|\n|poke|p1|Amoonguss, L50, M|\n|poke|p1|Flutter Mane, L50|\n|poke|p1|Arcanine, L50, M|\n|poke|p1|Dragonite, L50, F|\n|poke|p2|Chien-Pao, L50|\n|poke|p2|Indeedee-F, L50, F|\n|poke|p2|Meowscarada, L50, M|\n|poke|p2|Florges-Blue, L50, F|\n|poke|p2|Tauros-Paldea-Aqua, L50, M|\n|poke|p2|Armarouge, L50, F|\n|teampreview|4\nchipndip has agreed to open team sheets.\nchicagocubsfan87 has agreed to open team sheets.\n|inactive|Battle timer is ON: inactive players will automatically lose when time's up. (requested by chipndip)\n|inactive|chicagocubsfan87 has 60 seconds left.\n|inactive|chipndip has 60 seconds left.\n|inactive|chipndip has 30 seconds left.\n|inactive|chipndip has 20 seconds left.\n|inactive|chipndip has 15 seconds left.\n|\n|t:|1683263425\n|start\n|switch|p1a: Chien-Pao|Chien-Pao, L50|100\/100\n|switch|p1b: Amoonguss|Amoonguss, L50, M|100\/100\n|switch|p2a: Florges|Florges-Blue, L50, F|100\/100\n|switch|p2b: Chien-Pao|Chien-Pao, L50|100\/100\n|-ability|p1a: Chien-Pao|Sword of Ruin\n|-ability|p2b: Chien-Pao|Sword of Ruin\n|turn|1\n|c|\u2606chicagocubsfan87|holy fuck u get no time for this\n|inactive|chicagocubsfan87 has 30 seconds left.\n|inactive|chipndip has 30 seconds left.\n|inactive|chicagocubsfan87 has 20 seconds left.\n|inactive|chicagocubsfan87 has 15 seconds left.\n|inactive|chicagocubsfan87 has 10 seconds left.\n|\n|t:|1683263474\n|move|p2a: Florges|Helping Hand|p2b: Chien-Pao\n|-singleturn|p2b: Chien-Pao|Helping Hand|[of] p2a: Florges\n|move|p1b: Amoonguss|Rage Powder|p1b: Amoonguss\n|-singleturn|p1b: Amoonguss|move: Rage Powder\n|move|p1a: Chien-Pao|Sacred Sword|p2b: Chien-Pao\n|-supereffective|p2b: Chien-Pao\n|-enditem|p2b: Chien-Pao|Focus Sash\n|-damage|p2b: Chien-Pao|1\/100\n|move|p2b: Chien-Pao|Ice Spinner|p1b: Amoonguss\n|-supereffective|p1b: Amoonguss\n|-damage|p1b: Amoonguss|0 fnt\n|faint|p1b: Amoonguss\n|\n|upkeep\n|\n|t:|1683263495\n|switch|p1b: Azumarill|Azumarill, L50, F|100\/100\n|turn|2\n|inactive|chipndip has 30 seconds left.\n|\n|t:|1683263522\n|switch|p2b: Indeedee|Indeedee-F, L50, F|100\/100\n|-fieldstart|move: Psychic Terrain|[from] ability: Psychic Surge|[of] p2b: Indeedee\n|move|p1b: Azumarill|Aqua Jet|p2b: Indeedee\n|-activate|p2b: Indeedee|move: Psychic Terrain\n|move|p1a: Chien-Pao|Ice Spinner|p2a: Florges\n|-damage|p2a: Florges|33\/100\n|-fieldend|move: Psychic Terrain\n|move|p2a: Florges|Moonblast|p1a: Chien-Pao\n|-supereffective|p1a: Chien-Pao\n|-enditem|p1a: Chien-Pao|Focus Sash\n|-damage|p1a: Chien-Pao|1\/100\n|\n|-heal|p2a: Florges|39\/100|[from] item: Leftovers\n|upkeep\n|turn|3\n|inactive|chicagocubsfan87 has 30 seconds left.\n|inactive|chipndip has 30 seconds left.\n|inactive|chicagocubsfan87 has 20 seconds left.\n|inactive|chipndip has 20 seconds left.\n|inactive|chipndip has 15 seconds left.\n|\n|t:|1683263563\n|move|p1a: Chien-Pao|Protect|p1a: Chien-Pao\n|-singleturn|p1a: Chien-Pao|Protect\n|move|p2b: Indeedee|Protect|p2b: Indeedee\n|-singleturn|p2b: Indeedee|Protect\n|move|p2a: Florges|Moonblast|p1b: Azumarill\n|-crit|p1b: Azumarill\n|-damage|p1b: Azumarill|50\/100\n|move|p1b: Azumarill|Liquidation|p2b: Indeedee\n|-activate|p2b: Indeedee|move: Protect\n|\n|-heal|p2a: Florges|45\/100|[from] item: Leftovers\n|upkeep\n|turn|4\n|inactive|chicagocubsfan87 has 30 seconds left.\n|\n|t:|1683263591\n|move|p2b: Indeedee|Follow Me|p2b: Indeedee\n|-singleturn|p2b: Indeedee|move: Follow Me\n|move|p1a: Chien-Pao|Ice Spinner|p2b: Indeedee\n|-damage|p2b: Indeedee|46\/100\n|-damage|p1a: Chien-Pao|0 fnt|[from] item: Rocky Helmet|[of] p2b: Indeedee\n|faint|p1a: Chien-Pao\n|move|p2a: Florges|Moonblast|p1b: Azumarill\n|-damage|p1b: Azumarill|18\/100\n|move|p1b: Azumarill|Liquidation|p2b: Indeedee\n|-damage|p2b: Indeedee|0 fnt\n|-damage|p1b: Azumarill|1\/100|[from] item: Rocky Helmet|[of] p2b: Indeedee\n|faint|p2b: Indeedee\n|\n|-heal|p2a: Florges|50\/100|[from] item: Leftovers\n|upkeep\n|\n|t:|1683263609\n|switch|p1a: Flutter Mane|Flutter Mane, L50|100\/100\n|switch|p2b: Chien-Pao|Chien-Pao, L50|1\/100\n|-ability|p2b: Chien-Pao|Sword of Ruin\n|-enditem|p1a: Flutter Mane|Booster Energy\n|-activate|p1a: Flutter Mane|ability: Protosynthesis|[fromitem]\n|-start|p1a: Flutter Mane|protosynthesisspa\n|turn|5\n|inactive|chicagocubsfan87 has 30 seconds left.\n|inactive|chipndip has 30 seconds left.\n|inactive|chicagocubsfan87 has 20 seconds left.\n|inactive|chicagocubsfan87 has 15 seconds left.\n|inactive|chicagocubsfan87 has 10 seconds left.\n|\n|t:|1683263659\n|-terastallize|p1a: Flutter Mane|Fairy\n|move|p1b: Azumarill|Aqua Jet|p2b: Chien-Pao\n|-damage|p2b: Chien-Pao|0 fnt\n|faint|p2b: Chien-Pao\n|move|p1a: Flutter Mane|Calm Mind|p1a: Flutter Mane\n|-boost|p1a: Flutter Mane|spa|1\n|-boost|p1a: Flutter Mane|spd|1\n|move|p2a: Florges|Moonblast|p1b: Azumarill\n|-damage|p1b: Azumarill|0 fnt\n|faint|p1b: Azumarill\n|\n|-heal|p2a: Florges|56\/100|[from] item: Leftovers\n|upkeep\n|\n|t:|1683263671\n|switch|p2b: Armarouge|Armarouge, L50, F|100\/100\n|turn|6\n|\n|t:|1683263688\n|move|p1a: Flutter Mane|Shadow Ball|p2b: Armarouge\n|-supereffective|p2b: Armarouge\n|-damage|p2b: Armarouge|0 fnt\n|faint|p2b: Armarouge\n|move|p2a: Florges|Calm Mind|p2a: Florges\n|-boost|p2a: Florges|spa|1\n|-boost|p2a: Florges|spd|1\n|\n|-heal|p2a: Florges|62\/100|[from] item: Leftovers\n|upkeep\n|turn|7\n|\n|t:|1683263701\n|move|p1a: Flutter Mane|Shadow Ball|p2a: Florges\n|-damage|p2a: Florges|27\/100\n|move|p2a: Florges|Moonblast|p1a: Flutter Mane\n|-damage|p1a: Flutter Mane|59\/100\n|-unboost|p1a: Flutter Mane|spa|1\n|\n|-heal|p2a: Florges|33\/100|[from] item: Leftovers\n|upkeep\n|turn|8\n|\n|t:|1683263721\n|move|p2a: Florges|Protect|p2a: Florges\n|-singleturn|p2a: Florges|Protect\n|move|p1a: Flutter Mane|Calm Mind|p1a: Flutter Mane\n|-boost|p1a: Flutter Mane|spa|1\n|-boost|p1a: Flutter Mane|spd|1\n|\n|-heal|p2a: Florges|39\/100|[from] item: Leftovers\n|upkeep\n|turn|9\n|c|\u2606chipndip|wow\n|c|\u2606chicagocubsfan87|see this is what singles is like\n|c|\u2606chicagocubsfan87|but like all the time\n|inactive|chicagocubsfan87 has 30 seconds left.\n|c|\u2606chipndip|That was a move of all time\n|inactive|chicagocubsfan87 has 20 seconds left.\n|\n|t:|1683263757\n|move|p1a: Flutter Mane|Shadow Ball|p2a: Florges\n|-damage|p2a: Florges|3\/100\n|move|p2a: Florges|Moonblast|p1a: Flutter Mane\n|-damage|p1a: Flutter Mane|27\/100\n|-unboost|p1a: Flutter Mane|spa|1\n|\n|-heal|p2a: Florges|9\/100|[from] item: Leftovers\n|upkeep\n|turn|10\n|inactive|chicagocubsfan87 has 30 seconds left.\n|\n|t:|1683263788\n|move|p2a: Florges|Protect|p2a: Florges\n|-singleturn|p2a: Florges|Protect\n|move|p1a: Flutter Mane|Shadow Ball|p2a: Florges\n|-activate|p2a: Florges|move: Protect\n|\n|-heal|p2a: Florges|15\/100|[from] item: Leftovers\n|upkeep\n|turn|11\n|\n|t:|1683263798\n|move|p1a: Flutter Mane|Shadow Ball|p2a: Florges\n|-damage|p2a: Florges|0 fnt\n|faint|p2a: Florges\n|\n|win|chicagocubsfan87\n|c|\u2606chipndip|aight gg game 1\n|c|\u2606chicagocubsfan87|game 2\n|l|\u2606chicagocubsfan87\n","uploadtime":1683264606,"views":9,"p1id":"chicagocubsfan87","p2id":"chipndip","formatid":"gen9vgc2023regulationc","rating":0,"private":0,"password":""}