{"id":"gen9vgc2023regulationc-1846567662","p1":"haydyg","p2":"House of Toga","format":"[Gen 9] VGC 2023 Regulation C","log":"|j|\u2606haydyg\n|j|\u2606House of Toga\n|t:|1681852464\n|gametype|doubles\n|player|p1|haydyg|eusine|\n|player|p2|House of Toga|skierf|\n|teamsize|p1|6\n|teamsize|p2|6\n|gen|9\n|tier|[Gen 9] VGC 2023 Regulation C\n|rule|Species Clause: Limit one of each Pok\u00e9mon\n|rule|Item Clause: Limit one of each item\n|clearpoke\n|poke|p1|Impidimp, L5, M|\n|poke|p1|Deerling, L5, M|\n|poke|p1|Fletchling, L5, F|\n|poke|p1|Flittle, L5, M|\n|poke|p1|Goomy, L5, F|\n|poke|p1|Snorunt, L5, M|\n|poke|p2|Misdreavus, L5, F|\n|poke|p2|Psyduck, L5, M|\n|poke|p2|Hatenna, L5, F|\n|poke|p2|Clauncher, L5, F|\n|poke|p2|Noibat, L5, M|\n|poke|p2|Bounsweet, L5, F|\n|teampreview|4\n|j| H0p5t3r\n|j| mharidain\n|j| LewisG93\n|j| Spageddy69\n|j| Cerpin T\nhaydyg rejected open team sheets.\n|c|\u2606House of Toga|im ready!!! <3\n|c| Cerpin T|look how FAST Snorunt and Noibat are moving\n|j| tap water gang\n|\n|t:|1681852576\n|start\n|switch|p1a: Impling|Impidimp, L5, M|100\/100\n|switch|p1b: Deeradimp|Deerling, L5, M, shiny|100\/100\n|switch|p2a: Michael Buble|Clauncher, L5, F|100\/100\n|switch|p2b: Mr Worldwide|Psyduck, L5, M|100\/100\n|turn|1\n|\n|t:|1681852614\n|move|p1a: Impling|Fake Out|p2b: Mr Worldwide\n|-damage|p2b: Mr Worldwide|86\/100\n|cant|p2b: Mr Worldwide|flinch\n|move|p1b: Deeradimp|Energy Ball|p2a: Michael Buble\n|-supereffective|p2a: Michael Buble\n|-damage|p2a: Michael Buble|34\/100\n|move|p2a: Michael Buble|Flash Cannon|p1a: Impling\n|-supereffective|p1a: Impling\n|-damage|p1a: Impling|17\/100\n|\n|upkeep\n|turn|2\n|\n|t:|1681852664\n|move|p1a: Impling|Parting Shot|p2b: Mr Worldwide\n|-unboost|p2b: Mr Worldwide|atk|1\n|-unboost|p2b: Mr Worldwide|spa|1\n|\n|t:|1681852669\n|switch|p1a: Snory|Snorunt, L5, M, shiny|100\/100|[from] Parting Shot\n|move|p1b: Deeradimp|Headbutt|p2a: Michael Buble\n|-damage|p2a: Michael Buble|0 fnt\n|faint|p2a: Michael Buble\n|move|p2b: Mr Worldwide|Ice Beam|p1b: Deeradimp\n|-supereffective|p1b: Deeradimp\n|-damage|p1b: Deeradimp|44\/100\n|\n|-ability|p1a: Snory|Moody|boost\n|-boost|p1a: Snory|spa|2\n|-unboost|p1a: Snory|spd|1\n|upkeep\n|c| tap water gang|Oh shit son\n|\n|t:|1681852688\n|switch|p2a: Ariana Grande|Hatenna, L5, F|100\/100\n|turn|3\n|c| Cerpin T|OH LORD HE MOODY\n|c| tap water gang|Hatenna is so cute wtf\n|c| tap water gang|Don't think I've ever seen it before lol\n|\n|t:|1681852725\n|move|p1a: Snory|Protect|p1a: Snory\n|-singleturn|p1a: Snory|Protect\n|move|p2b: Mr Worldwide|Disable|p1a: Snory\n|-activate|p1a: Snory|move: Protect\n|move|p1b: Deeradimp|Headbutt|p2b: Mr Worldwide\n|-damage|p2b: Mr Worldwide|24\/100\n|move|p2a: Ariana Grande|Mystical Fire|p1b: Deeradimp\n|-supereffective|p1b: Deeradimp\n|-damage|p1b: Deeradimp|0 fnt\n|faint|p1b: Deeradimp\n|-damage|p2a: Ariana Grande|92\/100|[from] item: Life Orb\n|\n|-ability|p1a: Snory|Moody|boost\n|-boost|p1a: Snory|def|2\n|-unboost|p1a: Snory|atk|1\n|upkeep\n|\n|t:|1681852753\n|switch|p1b: Impling|Impidimp, L5, M|17\/100\n|turn|4\n|j| BFO Ethanol\n|\n|t:|1681852778\n|move|p2b: Mr Worldwide|Protect|p2b: Mr Worldwide\n|-singleturn|p2b: Mr Worldwide|Protect\n|move|p1b: Impling|Fake Out|p2b: Mr Worldwide\n|-activate|p2b: Mr Worldwide|move: Protect\n|move|p1a: Snory|Ice Beam|p2a: Ariana Grande\n|-damage|p2a: Ariana Grande|0 fnt\n|faint|p2a: Ariana Grande\n|\n|-ability|p1a: Snory|Moody|boost\n|-boost|p1a: Snory|def|2\n|-unboost|p1a: Snory|spe|1\n|upkeep\n|c| BFO Ethanol|MR 305\n|\n|t:|1681852791\n|switch|p2a: Missy Elliott|Misdreavus, L5, F|100\/100\n|turn|5\n|c| tap water gang|Damn wtf\n|c| Cerpin T|uh oh spooky\n|c| tap water gang|He just deleted the hat bro\n|c| BFO Ethanol|also moody is disgusting\n|c| Cerpin T|funny ghost type\n|c| BFO Ethanol|lol\n|c| Cerpin T|oh hey its Sean\n|c| H0p5t3r|hey it's SEAN\n|c| BFO Ethanol|its SEAN\n|c| Cerpin T|S E A N\n|c| H0p5t3r|N A E S\n|c| tap water gang|Rockbusters ETs upset, whats up with him? Thats M E\n|\n|t:|1681852844\n|move|p1b: Impling|Parting Shot|p2b: Mr Worldwide\n|-unboost|p2b: Mr Worldwide|atk|1\n|-unboost|p2b: Mr Worldwide|spa|1\n|\n|t:|1681852847\n|switch|p1b: Flittling|Flittle, L5, M|100\/100|[from] Parting Shot\n|move|p2b: Mr Worldwide|Disable|p1a: Snory\n|-start|p1a: Snory|Disable|Ice Beam\n|move|p2a: Missy Elliott|Shadow Ball|p1b: Flittling\n|-supereffective|p1b: Flittling\n|-damage|p1b: Flittling|5\/100\n|-unboost|p1b: Flittling|spd|1\n|cant|p1a: Snory|Disable|Ice Beam\n|\n|-ability|p1a: Snory|Moody|boost\n|-boost|p1a: Snory|spa|2\n|-unboost|p1a: Snory|def|1\n|upkeep\n|turn|6\n|c| BFO Ethanol|S N E A\n|c| Cerpin T|THE READ\n|c| BFO Ethanol|also disable clutch\n|\n|t:|1681852887\n|move|p1b: Flittling|Protect|p1b: Flittling\n|-singleturn|p1b: Flittling|Protect\n|move|p1a: Snory|Protect|p1a: Snory\n|-singleturn|p1a: Snory|Protect\n|move|p2b: Mr Worldwide|Surf|p1a: Snory|[spread] p2a\n|-activate|p1a: Snory|move: Protect\n|-activate|p1b: Flittling|move: Protect\n|-damage|p2a: Missy Elliott|88\/100\n|move|p2a: Missy Elliott|Will-O-Wisp|p1a: Snory\n|-activate|p1a: Snory|move: Protect\n|\n|-ability|p1b: Flittling|Speed Boost|boost\n|-boost|p1b: Flittling|spe|1\n|-ability|p1a: Snory|Moody|boost\n|-boost|p1a: Snory|spa|2\n|-unboost|p1a: Snory|atk|1\n|upkeep\n|turn|7\n|c| tap water gang|He's upset and he's missing the lad from the film an that, ME, he's missy elliott\n|c| Cerpin T|THE +6\n|\n|t:|1681852936\n|move|p2a: Missy Elliott|Protect|p2a: Missy Elliott\n|-singleturn|p2a: Missy Elliott|Protect\n|move|p1b: Flittling|Stored Power|p2b: Mr Worldwide\n|-damage|p2b: Mr Worldwide|0 fnt\n|faint|p2b: Mr Worldwide\n|move|p1a: Snory|Crunch|p2a: Missy Elliott\n|-activate|p2a: Missy Elliott|move: Protect\n|\n|-ability|p1b: Flittling|Speed Boost|boost\n|-boost|p1b: Flittling|spe|1\n|-ability|p1a: Snory|Moody|boost\n|-boost|p1a: Snory|def|2\n|-unboost|p1a: Snory|atk|1\n|upkeep\n|turn|8\n|c| Cerpin T|lets gooooo -6\n|\n|t:|1681852967\n|move|p1b: Flittling|Stored Power|p2a: Missy Elliott\n|-damage|p2a: Missy Elliott|64\/100\n|move|p2a: Missy Elliott|Shadow Ball|p1b: Flittling\n|-supereffective|p1b: Flittling\n|-damage|p1b: Flittling|0 fnt\n|faint|p1b: Flittling\n|move|p1a: Snory|Crunch|p2a: Missy Elliott\n|-supereffective|p2a: Missy Elliott\n|-damage|p2a: Missy Elliott|48\/100\n|\n|-end|p1a: Snory|Disable\n|-ability|p1a: Snory|Moody|boost\n|-boost|p1a: Snory|def|1\n|-unboost|p1a: Snory|spa|1\n|upkeep\n|c| tap water gang|Kek\n|\n|t:|1681852979\n|switch|p1b: Impling|Impidimp, L5, M|17\/100\n|turn|9\n|c| tap water gang|Sp atk drop just in time\n|\n|t:|1681852994\n|move|p2a: Missy Elliott|Pain Split|p1a: Snory\n|-sethp|p1a: Snory|74\/100|[from] move: Pain Split|[silent]\n|-sethp|p2a: Missy Elliott|68\/100|[from] move: Pain Split\n|move|p1b: Impling|Dark Pulse|p2a: Missy Elliott\n|-supereffective|p2a: Missy Elliott\n|-damage|p2a: Missy Elliott|12\/100\n|move|p1a: Snory|Ice Beam|p2a: Missy Elliott\n|-crit|p2a: Missy Elliott\n|-damage|p2a: Missy Elliott|0 fnt\n|faint|p2a: Missy Elliott\n|\n|win|haydyg\n|c|\u2606haydyg|ggg\n|c|\u2606House of Toga|GG\n","uploadtime":1681853005,"views":12,"p1id":"haydyg","p2id":"houseoftoga","formatid":"gen9vgc2023regulationc","rating":0,"private":0,"password":""}