{"id":"gen9vgc2023regulationc-1851307510","p1":"Eldegoss32","p2":"Awesome Person III","format":"[Gen 9] VGC 2023 Regulation C","log":"|j|\u2606Eldegoss32\n|j|\u2606Awesome Person III\n|t:|1682434493\n|gametype|doubles\n|player|p1|Eldegoss32|acetrainerf|\n|player|p2|Awesome Person III|fisherman-gen4|\n|teamsize|p1|6\n|teamsize|p2|6\n|gen|9\n|tier|[Gen 9] VGC 2023 Regulation C\n|rated|Tournament battle\n|rule|Species Clause: Limit one of each Pok\u00e9mon\n|rule|Item Clause: Limit one of each item\n|clearpoke\n|poke|p1|Sandy Shocks, L50|\n|poke|p1|Espathra, L50, F|\n|poke|p1|Arcanine, L50, M|\n|poke|p1|Baxcalibur, L50, M|\n|poke|p1|Flutter Mane, L50|\n|poke|p1|Iron Bundle, L50|\n|poke|p2|Tatsugiri, L50, M|\n|poke|p2|Dondozo, L50, M|\n|poke|p2|Glimmora, L50, M|\n|poke|p2|Chi-Yu, L50|\n|poke|p2|Iron Bundle, L50|\n|poke|p2|Dragonite, L50, M|\n|teampreview|4\n|raw| Open Team Sheet for Eldegoss32<\/summary>Sandy Shocks @ Booster Energy Ability: Protosynthesis Level: 50 Tera Type: Bug - Gravity - Thunder - Earth Power - Protect Espathra @ Focus Sash Ability: Speed Boost Level: 50 Tera Type: Fairy - Hypnosis - Dazzling Gleam - Lumina Crash - Protect Arcanine @ Safety Goggles Ability: Intimidate Level: 50 Tera Type: Water - Will-O-Wisp - Flare Blitz - Extreme Speed - Protect Baxcalibur @ Loaded Dice Ability: Thermal Exchange Level: 50 Tera Type: Poison - Dragon Dance - Glaive Rush - Icicle Spear - Protect Flutter Mane @ Choice Specs Ability: Protosynthesis Level: 50 Tera Type: Grass - Moonblast - Dazzling Gleam - Hex - Energy Ball Iron Bundle @ Covert Cloak Ability: Quark Drive Level: 50 Tera Type: Water - Icy Wind - Encore - Hydro Pump - Protect <\/details><\/div> Open Team Sheet for Awesome Person III<\/summary>Dumb (Tatsugiri) (M) @ Choice Scarf Ability: Commander Level: 50 Shiny: Yes Tera Type: Steel - Draco Meteor - Muddy Water - Icy Wind - Sleep Talk Dumber (Dondozo) (M) @ Leftovers Ability: Unaware Level: 50 Shiny: Yes Tera Type: Steel - Order Up - Earthquake - Substitute - Protect Mohs (Glimmora) (M) @ Assault Vest Ability: Toxic Debris Level: 50 Tera Type: Grass - Sludge Bomb - Power Gem - Energy Ball - Earth Power Glass Animal (Chi-Yu) @ Focus Sash Ability: Beads of Ruin Level: 50 Tera Type: Ghost - Overheat - Heat Wave - Dark Pulse - Protect Iron Baller (Iron Bundle) @ Booster Energy Ability: Quark Drive Level: 50 Tera Type: Ghost - Hydro Pump - Freeze-Dry - Icy Wind - Protect Need 4 Speed (Dragonite) (M) @ Lum Berry Ability: Multiscale Level: 50 Tera Type: Flying - Tera Blast - Dragon Claw - Extreme Speed - Protect <\/details><\/div>\n|inactive|Battle timer is ON: inactive players will automatically lose when time's up. (requested by Awesome Person III)\n|j| FunneeMonkee\n|inactive|Eldegoss32 has 60 seconds left.\n|inactive|Awesome Person III has 60 seconds left.\n|inactive|Awesome Person III has 30 seconds left.\n|inactive|Awesome Person III has 20 seconds left.\n|inactive|Awesome Person III has 15 seconds left.\n|inactive|Awesome Person III has 10 seconds left.\n|\n|t:|1682434576\n|start\n|switch|p1a: Iron Bundle|Iron Bundle, L50|100\/100\n|switch|p1b: Flutter Mane|Flutter Mane, L50|100\/100\n|switch|p2a: Iron Baller|Iron Bundle, L50|100\/100\n|switch|p2b: Glass Animal|Chi-Yu, L50|100\/100\n|-ability|p2b: Glass Animal|Beads of Ruin\n|-enditem|p2a: Iron Baller|Booster Energy\n|-activate|p2a: Iron Baller|ability: Quark Drive|[fromitem]\n|-start|p2a: Iron Baller|quarkdrivespe\n|turn|1\n|inactive|Eldegoss32 has 30 seconds left.\n|\n|t:|1682434603\n|move|p2a: Iron Baller|Icy Wind|p1b: Flutter Mane|[spread] p1a,p1b\n|-resisted|p1a: Iron Bundle\n|-damage|p1a: Iron Bundle|90\/100\n|-damage|p1b: Flutter Mane|72\/100\n|-unboost|p1b: Flutter Mane|spe|1\n|move|p1a: Iron Bundle|Icy Wind|p2a: Iron Baller|[spread] p2a,p2b\n|-resisted|p2a: Iron Baller\n|-resisted|p2b: Glass Animal\n|-damage|p2a: Iron Baller|89\/100\n|-damage|p2b: Glass Animal|91\/100\n|-unboost|p2a: Iron Baller|spe|1\n|-unboost|p2b: Glass Animal|spe|1\n|move|p1b: Flutter Mane|Moonblast|p2b: Glass Animal\n|-damage|p2b: Glass Animal|12\/100\n|-unboost|p2b: Glass Animal|spa|1\n|move|p2b: Glass Animal|Overheat|p1b: Flutter Mane|[miss]\n|-miss|p2b: Glass Animal|p1b: Flutter Mane\n|\n|upkeep\n|turn|2\n|\n|t:|1682434628\n|move|p2b: Glass Animal|Protect|p2b: Glass Animal\n|-singleturn|p2b: Glass Animal|Protect\n|move|p1a: Iron Bundle|Hydro Pump|p2b: Glass Animal\n|-activate|p2b: Glass Animal|move: Protect\n|move|p2a: Iron Baller|Freeze-Dry|p1a: Iron Bundle\n|-damage|p1a: Iron Bundle|15\/100\n|move|p1b: Flutter Mane|Moonblast|p2a: Iron Baller\n|-damage|p2a: Iron Baller|0 fnt\n|faint|p2a: Iron Baller\n|-end|p2a: Iron Baller|Quark Drive|[silent]\n|\n|upkeep\n|\n|t:|1682434649\n|switch|p2a: Dumber|Dondozo, L50, M, shiny|100\/100\n|turn|3\n|\n|t:|1682434669\n|switch|p2b: Dumb|Tatsugiri, L50, M, shiny|100\/100\n|-activate|p2b: Dumb|ability: Commander|[of] p2a: Dumber\n|-boost|p2a: Dumber|atk|2\n|-boost|p2a: Dumber|spa|2\n|-boost|p2a: Dumber|spe|2\n|-boost|p2a: Dumber|def|2\n|-boost|p2a: Dumber|spd|2\n|-terastallize|p1b: Flutter Mane|Grass\n|-terastallize|p2a: Dumber|Steel\n|move|p1a: Iron Bundle|Encore|p2b: Dumb|[miss]\n|-miss|p1a: Iron Bundle|p2b: Dumb\n|move|p1b: Flutter Mane|Moonblast|p2a: Dumber\n|-resisted|p2a: Dumber\n|-damage|p2a: Dumber|85\/100\n|-unboost|p2a: Dumber|spa|1\n|move|p2a: Dumber|Earthquake|p1b: Flutter Mane|[spread] p1a,p1b\n|-miss|p2a: Dumber|p2b: Dumb\n|-resisted|p1b: Flutter Mane\n|-damage|p1a: Iron Bundle|0 fnt\n|-damage|p1b: Flutter Mane|34\/100\n|faint|p1a: Iron Bundle\n|-end|p1a: Iron Bundle|Quark Drive|[silent]\n|\n|-heal|p2a: Dumber|92\/100|[from] item: Leftovers\n|upkeep\n|\n|t:|1682434689\n|switch|p1a: Sandy Shocks|Sandy Shocks, L50|100\/100\n|-enditem|p1a: Sandy Shocks|Booster Energy\n|-activate|p1a: Sandy Shocks|ability: Protosynthesis|[fromitem]\n|-start|p1a: Sandy Shocks|protosynthesisspe\n|turn|4\n|\n|t:|1682434707\n|-end|p1b: Flutter Mane|Protosynthesis|[silent]\n|switch|p1b: Espathra|Espathra, L50, F|100\/100\n|move|p1a: Sandy Shocks|Gravity|p1a: Sandy Shocks\n|-fieldstart|move: Gravity\n|move|p2a: Dumber|Earthquake|p1b: Espathra|[spread] p1a,p1b\n|-miss|p2a: Dumber|p2b: Dumb\n|-supereffective|p1a: Sandy Shocks\n|-damage|p1a: Sandy Shocks|11\/100\n|-damage|p1b: Espathra|37\/100\n|\n|-heal|p2a: Dumber|98\/100|[from] item: Leftovers\n|upkeep\n|turn|5\n|\n|t:|1682434717\n|move|p1a: Sandy Shocks|Protect|p1a: Sandy Shocks\n|-singleturn|p1a: Sandy Shocks|Protect\n|move|p1b: Espathra|Protect|p1b: Espathra\n|-singleturn|p1b: Espathra|Protect\n|move|p2a: Dumber|Earthquake|p1a: Sandy Shocks|[spread] \n|-miss|p2a: Dumber|p2b: Dumb\n|-activate|p1a: Sandy Shocks|move: Protect\n|-activate|p1b: Espathra|move: Protect\n|\n|-heal|p2a: Dumber|100\/100|[from] item: Leftovers\n|-ability|p1b: Espathra|Speed Boost|boost\n|-boost|p1b: Espathra|spe|1\n|upkeep\n|turn|6\n|\n|t:|1682434737\n|move|p1a: Sandy Shocks|Earth Power|p2a: Dumber\n|-supereffective|p2a: Dumber\n|-damage|p2a: Dumber|55\/100\n|move|p1b: Espathra|Hypnosis|p2a: Dumber\n|-status|p2a: Dumber|slp|[from] move: Hypnosis\n|cant|p2a: Dumber|slp\n|\n|-heal|p2a: Dumber|62\/100 slp|[from] item: Leftovers\n|-ability|p1b: Espathra|Speed Boost|boost\n|-boost|p1b: Espathra|spe|1\n|upkeep\n|turn|7\n|j| godlydefeater\n|inactive|Eldegoss32 has 30 seconds left.\n|c| godlydefeater|YOOO gravnosis\n|\n|t:|1682434765\n|move|p1b: Espathra|Protect|p1b: Espathra\n|-singleturn|p1b: Espathra|Protect\n|cant|p2a: Dumber|slp\n|move|p1a: Sandy Shocks|Earth Power|p2a: Dumber\n|-supereffective|p2a: Dumber\n|-damage|p2a: Dumber|23\/100 slp\n|\n|-heal|p2a: Dumber|30\/100 slp|[from] item: Leftovers\n|-ability|p1b: Espathra|Speed Boost|boost\n|-boost|p1b: Espathra|spe|1\n|upkeep\n|turn|8\n|\n|t:|1682434787\n|cant|p2a: Dumber|slp\n|move|p1b: Espathra|Hypnosis|p2a: Dumber\n|-fail|p2a: Dumber|slp\n|move|p1a: Sandy Shocks|Earth Power|p2a: Dumber\n|-supereffective|p2a: Dumber\n|-damage|p2a: Dumber|0 fnt\n|faint|p2a: Dumber\n|\n|-fieldend|move: Gravity\n|-ability|p1b: Espathra|Speed Boost|boost\n|-boost|p1b: Espathra|spe|1\n|upkeep\n|\n|t:|1682434790\n|switch|p2a: Glass Animal|Chi-Yu, L50|12\/100\n|-ability|p2a: Glass Animal|Beads of Ruin\n|turn|9\n|\n|t:|1682434811\n|move|p2a: Glass Animal|Protect|p2a: Glass Animal\n|-singleturn|p2a: Glass Animal|Protect\n|move|p1b: Espathra|Dazzling Gleam|p2b: Dumb|[spread] p2b\n|-activate|p2a: Glass Animal|move: Protect\n|-supereffective|p2b: Dumb\n|-damage|p2b: Dumb|43\/100\n|move|p1a: Sandy Shocks|Earth Power|p2b: Dumb\n|-damage|p2b: Dumb|0 fnt\n|faint|p2b: Dumb\n|\n|-ability|p1b: Espathra|Speed Boost|boost\n|-boost|p1b: Espathra|spe|1\n|upkeep\n|turn|10\n|-message|Awesome Person III forfeited.\n|\n|win|Eldegoss32\n|n|\u2606Eldegoss32|eldegoss32\n|n|\u2606Awesome Person III|awesomepersoniii\n|n| FunneeMonkee|funneemonkee\n|n| godlydefeater|godlydefeater\n","uploadtime":1682434816,"views":4,"p1id":"eldegoss32","p2id":"awesomepersoniii","formatid":"gen9vgc2023regulationc","rating":0,"private":0,"password":""}