{"id":"gen9vgc2023regulationc-1850796070","p1":"w0wells","p2":"ani kabab","format":"[Gen 9] VGC 2023 Regulation C","log":"|j|\u2606w0wells\n|j|\u2606ani kabab\n|t:|1682368615\n|gametype|doubles\n|player|p1|w0wells|cyclist|1158\n|player|p2|ani kabab|volkner|1177\n|teamsize|p1|6\n|teamsize|p2|6\n|gen|9\n|tier|[Gen 9] VGC 2023 Regulation C\n|rated|\n|rule|Species Clause: Limit one of each Pok\u00e9mon\n|rule|Item Clause: Limit one of each item\n|clearpoke\n|poke|p1|Scizor, L50, F|\n|poke|p1|Grimmsnarl, L50, M|\n|poke|p1|Mimikyu, L50, M|\n|poke|p1|Amoonguss, L50, M|\n|poke|p1|Gastrodon-East, L50, M|\n|poke|p1|Chi-Yu, L50|\n|poke|p2|Ting-Lu, L50|\n|poke|p2|Bronzong, L50|\n|poke|p2|Chien-Pao, L50|\n|poke|p2|Dragonite, L50, M|\n|poke|p2|Roaring Moon, L50|\n|poke|p2|Gastrodon, L50, F|\n|teampreview|4\nw0wells has agreed to open team sheets.\n|inactive|Battle timer is ON: inactive players will automatically lose when time's up. (requested by w0wells)\n|inactive|w0wells has 60 seconds left.\n|inactive|w0wells has 30 seconds left.\n|\n|t:|1682368685\n|start\n|switch|p1a: Grimmsnarl|Grimmsnarl, L50, M|100\/100\n|switch|p1b: Chi-Yu|Chi-Yu, L50|100\/100\n|switch|p2a: Ting-Lu|Ting-Lu, L50|100\/100\n|switch|p2b: Bronzong|Bronzong, L50|100\/100\n|-ability|p1b: Chi-Yu|Beads of Ruin\n|-ability|p2a: Ting-Lu|Vessel of Ruin\n|turn|1\n|\n|t:|1682368705\n|move|p1a: Grimmsnarl|Fake Out|p2a: Ting-Lu\n|-damage|p2a: Ting-Lu|95\/100\n|move|p1b: Chi-Yu|Taunt|p2b: Bronzong\n|-start|p2b: Bronzong|move: Taunt\n|cant|p2a: Ting-Lu|flinch\n|cant|p2b: Bronzong|move: Taunt|Trick Room\n|\n|upkeep\n|turn|2\n|\n|t:|1682368730\n|-terastallize|p1b: Chi-Yu|Grass\n|-terastallize|p2a: Ting-Lu|Ground\n|move|p1a: Grimmsnarl|Reflect|p1a: Grimmsnarl\n|-sidestart|p1: w0wells|Reflect\n|move|p1b: Chi-Yu|Dark Pulse|p2b: Bronzong\n|-supereffective|p2b: Bronzong\n|-damage|p2b: Bronzong|38\/100\n|move|p2a: Ting-Lu|Stomping Tantrum|p1b: Chi-Yu\n|-resisted|p1b: Chi-Yu\n|-damage|p1b: Chi-Yu|60\/100\n|move|p2b: Bronzong|Gyro Ball|p1a: Grimmsnarl\n|-supereffective|p1a: Grimmsnarl\n|-damage|p1a: Grimmsnarl|74\/100\n|\n|-heal|p2b: Bronzong|44\/100|[from] item: Leftovers\n|upkeep\n|turn|3\n|inactive|ani kabab has 30 seconds left.\n|\n|t:|1682368757\n|switch|p2b: Roaring Moon|Roaring Moon, L50|100\/100\n|-enditem|p2b: Roaring Moon|Booster Energy\n|-activate|p2b: Roaring Moon|ability: Protosynthesis|[fromitem]\n|-start|p2b: Roaring Moon|protosynthesisatk\n|move|p1a: Grimmsnarl|Light Screen|p1a: Grimmsnarl\n|-sidestart|p1: w0wells|move: Light Screen\n|move|p1b: Chi-Yu|Dark Pulse|p2b: Roaring Moon\n|-resisted|p2b: Roaring Moon\n|-damage|p2b: Roaring Moon|76\/100\n|move|p2a: Ting-Lu|Fissure|p1b: Chi-Yu|[miss]\n|-miss|p2a: Ting-Lu|p1b: Chi-Yu\n|\n|upkeep\n|turn|4\n|\n|t:|1682368780\n|switch|p1b: Gastrodon|Gastrodon-East, L50, M|100\/100\n|move|p2b: Roaring Moon|Acrobatics|p1b: Gastrodon\n|-damage|p1b: Gastrodon|68\/100\n|move|p1a: Grimmsnarl|Spirit Break|p2b: Roaring Moon\n|-supereffective|p2b: Roaring Moon\n|-damage|p2b: Roaring Moon|0 fnt\n|faint|p2b: Roaring Moon\n|-end|p2b: Roaring Moon|Protosynthesis|[silent]\n|move|p2a: Ting-Lu|Stomping Tantrum|p1a: Grimmsnarl\n|-damage|p1a: Grimmsnarl|18\/100\n|\n|upkeep\n|\n|t:|1682368790\n|switch|p2b: Bronzong|Bronzong, L50|44\/100\n|turn|5\n|\n|t:|1682368803\n|switch|p1a: Chi-Yu|Chi-Yu, L50, tera:Grass|60\/100\n|-ability|p1a: Chi-Yu|Beads of Ruin\n|move|p1b: Gastrodon|Muddy Water|p2b: Bronzong|[spread] p2a,p2b\n|-supereffective|p2a: Ting-Lu\n|-damage|p2a: Ting-Lu|73\/100\n|-damage|p2b: Bronzong|26\/100\n|-unboost|p2a: Ting-Lu|accuracy|1\n|move|p2a: Ting-Lu|Fissure|p1b: Gastrodon|[miss]\n|-miss|p2a: Ting-Lu|p1b: Gastrodon\n|move|p2b: Bronzong|Trick Room|p2b: Bronzong\n|-fieldstart|move: Trick Room|[of] p2b: Bronzong\n|\n|-heal|p2b: Bronzong|32\/100|[from] item: Leftovers\n|upkeep\n|turn|6\n|inactive|w0wells has 30 seconds left.\n|inactive|w0wells has 20 seconds left.\n|\n|t:|1682368839\n|move|p2b: Bronzong|Helping Hand|p2a: Ting-Lu\n|-singleturn|p2a: Ting-Lu|Helping Hand|[of] p2b: Bronzong\n|move|p2a: Ting-Lu|Stomping Tantrum|p1b: Gastrodon\n|-damage|p1b: Gastrodon|2\/100\n|move|p1b: Gastrodon|Muddy Water|p2b: Bronzong|[spread] p2a,p2b\n|-supereffective|p2a: Ting-Lu\n|-damage|p2a: Ting-Lu|50\/100\n|-damage|p2b: Bronzong|13\/100\n|-unboost|p2a: Ting-Lu|accuracy|1\n|-unboost|p2b: Bronzong|accuracy|1\n|move|p1a: Chi-Yu|Dark Pulse|p2b: Bronzong\n|-supereffective|p2b: Bronzong\n|-damage|p2b: Bronzong|0 fnt\n|faint|p2b: Bronzong\n|\n|upkeep\n|\n|t:|1682368851\n|switch|p2b: Gastrodon|Gastrodon, L50, F|100\/100\n|turn|7\n|inactive|w0wells has 30 seconds left.\n|inactive|w0wells has 20 seconds left.\n|\n|t:|1682368888\n|switch|p1b: Mimikyu|Mimikyu, L50, M|100\/100\n|move|p1a: Chi-Yu|Protect|p1a: Chi-Yu\n|-singleturn|p1a: Chi-Yu|Protect\n|move|p2b: Gastrodon|Earth Power|p1b: Mimikyu\n|-activate|p1b: Mimikyu|ability: Disguise\n|-damage|p1b: Mimikyu|100\/100\n|detailschange|p1b: Mimikyu|Mimikyu-Busted, L50, M\n|-damage|p1b: Mimikyu|89\/100|[from] pokemon: Mimikyu-Busted\n|move|p2a: Ting-Lu|Fissure|p1a: Chi-Yu\n|-activate|p1a: Chi-Yu|move: Protect\n|\n|upkeep\n|turn|8\n|inactive|w0wells has 30 seconds left.\n|inactive|w0wells has 20 seconds left.\n|\n|t:|1682368924\n|switch|p1a: Grimmsnarl|Grimmsnarl, L50, M|18\/100\n|move|p2b: Gastrodon|Ice Beam|p1a: Grimmsnarl\n|-damage|p1a: Grimmsnarl|7\/100\n|move|p2a: Ting-Lu|Stomping Tantrum|p1b: Mimikyu\n|-damage|p1b: Mimikyu|56\/100\n|move|p1b: Mimikyu|Trick Room|p1b: Mimikyu\n|-fieldend|move: Trick Room\n|\n|upkeep\n|turn|9\n|inactive|w0wells has 30 seconds left.\n|\n|t:|1682368955\n|move|p1a: Grimmsnarl|Fake Out|p2b: Gastrodon\n|-damage|p2b: Gastrodon|87\/100\n|move|p1b: Mimikyu|Curse|p2b: Gastrodon\n|-start|p2b: Gastrodon|Curse|[of] p1b: Mimikyu\n|-damage|p1b: Mimikyu|7\/100\n|move|p2a: Ting-Lu|Fissure|p1b: Mimikyu\n|-damage|p1b: Mimikyu|0 fnt\n|faint|p1b: Mimikyu\n|-ohko\n|cant|p2b: Gastrodon|flinch\n|\n|-damage|p2b: Gastrodon|62\/100|[from] Curse\n|-sideend|p1: w0wells|Reflect\n|upkeep\n|\n|t:|1682368972\n|switch|p1b: Gastrodon|Gastrodon-East, L50, M|2\/100\n|turn|10\n|inactive|ani kabab has 30 seconds left.\n|\n|t:|1682369001\n|move|p1a: Grimmsnarl|Reflect|p1a: Grimmsnarl\n|-sidestart|p1: w0wells|Reflect\n|move|p1b: Gastrodon|Recover|p1b: Gastrodon\n|-heal|p1b: Gastrodon|52\/100\n|move|p2a: Ting-Lu|Heavy Slam|p1a: Grimmsnarl\n|-supereffective|p1a: Grimmsnarl\n|-damage|p1a: Grimmsnarl|0 fnt\n|faint|p1a: Grimmsnarl\n|move|p2b: Gastrodon|Muddy Water|p1b: Gastrodon\n|-ability|p1b: Gastrodon|Storm Drain|boost\n|-boost|p1b: Gastrodon|spa|1\n|\n|-damage|p2b: Gastrodon|37\/100|[from] Curse\n|-sideend|p1: w0wells|move: Light Screen\n|upkeep\n|\n|t:|1682369011\n|switch|p1a: Chi-Yu|Chi-Yu, L50, tera:Grass|60\/100\n|-ability|p1a: Chi-Yu|Beads of Ruin\n|turn|11\n|\n|t:|1682369018\n|move|p1a: Chi-Yu|Dark Pulse|p2b: Gastrodon\n|-damage|p2b: Gastrodon|0 fnt\n|faint|p2b: Gastrodon\n|move|p1b: Gastrodon|Ice Beam|p2a: Ting-Lu\n|-supereffective|p2a: Ting-Lu\n|-damage|p2a: Ting-Lu|19\/100\n|move|p2a: Ting-Lu|Fissure|p1b: Gastrodon\n|-damage|p1b: Gastrodon|0 fnt\n|faint|p1b: Gastrodon\n|-ohko\n|\n|upkeep\n|turn|12\n|\n|t:|1682369035\n|move|p1a: Chi-Yu|Dark Pulse|p2a: Ting-Lu\n|-damage|p2a: Ting-Lu|0 fnt\n|faint|p2a: Ting-Lu\n|\n|win|w0wells\n|raw|w0wells's rating: 1158 → 1184<\/strong> (+26 for winning)\n|raw|ani kabab's rating: 1177 → 1151<\/strong> (-26 for losing)\n","uploadtime":1682369047,"views":28,"p1id":"w0wells","p2id":"anikabab","formatid":"gen9vgc2023regulationc","rating":1151,"private":0,"password":""}