{"id":"gen9vgc2023regulationc-1862513677","p1":"Evil Flowey","p2":"sspark","format":"[Gen 9] VGC 2023 Regulation C","log":"|j|\u2606Evil Flowey\n|j|\u2606sspark\n|t:|1683896267\n|gametype|doubles\n|player|p1|Evil Flowey|volo|\n|player|p2|sspark|102|\n|teamsize|p1|6\n|teamsize|p2|6\n|gen|9\n|tier|[Gen 9] VGC 2023 Regulation C\n|rule|Species Clause: Limit one of each Pok\u00e9mon\n|rule|Item Clause: Limit one of each item\n|clearpoke\n|poke|p1|Baxcalibur, L50, M|\n|poke|p1|Torkoal, L50, M|\n|poke|p1|Chi-Yu, L50|\n|poke|p1|Ting-Lu, L50|\n|poke|p1|Dachsbun, L50, F|\n|poke|p1|Kingambit, L50, M|\n|poke|p2|Flutter Mane, L50|\n|poke|p2|Chi-Yu, L50|\n|poke|p2|Iron Bundle, L50|\n|poke|p2|Maushold, L50|\n|poke|p2|Great Tusk, L50|\n|poke|p2|Gyarados, L50, F|\n|teampreview|4\n|inactive|Battle timer is ON: inactive players will automatically lose when time's up. (requested by Evil Flowey)\nEvil Flowey has agreed to open team sheets.\nsspark has agreed to open team sheets.\n|inactive|Evil Flowey has 60 seconds left.\n|inactive|sspark has 60 seconds left.\n|inactive|Evil Flowey has 30 seconds left.\n|inactive|sspark has 30 seconds left.\n|inactive|sspark has 20 seconds left.\n|inactive|sspark has 15 seconds left.\n|\n|t:|1683896347\n|start\n|switch|p1a: Chi-Yu|Chi-Yu, L50|100\/100\n|switch|p1b: Gelonite|Baxcalibur, L50, M|100\/100\n|switch|p2a: Chi-Yu|Chi-Yu, L50|100\/100\n|switch|p2b: Flutter Mane|Flutter Mane, L50|100\/100\n|-ability|p2a: Chi-Yu|Beads of Ruin\n|-ability|p1a: Chi-Yu|Beads of Ruin\n|-enditem|p2b: Flutter Mane|Booster Energy\n|-activate|p2b: Flutter Mane|ability: Protosynthesis|[fromitem]\n|-start|p2b: Flutter Mane|protosynthesisspe\n|turn|1\n|inactive|Evil Flowey has 30 seconds left.\n|inactive|sspark has 30 seconds left.\n|\n|t:|1683896379\n|-terastallize|p1b: Gelonite|Water\n|move|p1b: Gelonite|Ice Shard|p2b: Flutter Mane\n|-damage|p2b: Flutter Mane|64\/100\n|move|p2b: Flutter Mane|Dazzling Gleam|p1b: Gelonite|[spread] p1a,p1b\n|-damage|p1a: Chi-Yu|64\/100\n|-damage|p1b: Gelonite|66\/100\n|move|p2a: Chi-Yu|Dark Pulse|p1b: Gelonite\n|-damage|p1b: Gelonite|15\/100\n|move|p1a: Chi-Yu|Lava Plume|p2b: Flutter Mane|[spread] p1b,p2a,p2b\n|-resisted|p1b: Gelonite\n|-resisted|p2a: Chi-Yu\n|-damage|p1b: Gelonite|0 fnt\n|-damage|p2a: Chi-Yu|83\/100\n|-damage|p2b: Flutter Mane|19\/100\n|faint|p1b: Gelonite\n|\n|upkeep\n|inactive|Evil Flowey has 30 seconds left.\n|\n|t:|1683896405\n|switch|p1b: Queengambit|Kingambit, L50, M|100\/100\n|turn|2\n|inactive|sspark has 30 seconds left.\n|\n|t:|1683896430\n|switch|p2a: Iron Bundle|Iron Bundle, L50|100\/100\n|switch|p1a: Luigi|Torkoal, L50, M|100\/100\n|-weather|SunnyDay|[from] ability: Drought|[of] p1a: Luigi\n|move|p2b: Flutter Mane|Protect|p2b: Flutter Mane\n|-singleturn|p2b: Flutter Mane|Protect\n|move|p1b: Queengambit|Sucker Punch||[still]\n|-fail|p1b: Queengambit\n|\n|-weather|SunnyDay|[upkeep]\n|upkeep\n|turn|3\n|inactive|sspark has 30 seconds left.\n|\n|t:|1683896464\n|move|p2b: Flutter Mane|Shadow Ball|p1a: Luigi\n|-damage|p1a: Luigi|48\/100\n|-unboost|p1a: Luigi|spd|1\n|-enditem|p1a: Luigi|Sitrus Berry|[eat]\n|-heal|p1a: Luigi|73\/100|[from] item: Sitrus Berry\n|move|p2a: Iron Bundle|Hydro Pump|p1a: Luigi\n|-supereffective|p1a: Luigi\n|-damage|p1a: Luigi|0 fnt\n|faint|p1a: Luigi\n|move|p1b: Queengambit|Iron Head|p2a: Iron Bundle\n|-damage|p2a: Iron Bundle|42\/100\n|\n|-weather|SunnyDay|[upkeep]\n|upkeep\n|\n|t:|1683896476\n|switch|p1a: Chi-Yu|Chi-Yu, L50|64\/100\n|-ability|p1a: Chi-Yu|Beads of Ruin\n|turn|4\n|inactive|sspark has 30 seconds left.\n|inactive|sspark has 20 seconds left.\n|\n|t:|1683896512\n|move|p2b: Flutter Mane|Protect|p2b: Flutter Mane\n|-singleturn|p2b: Flutter Mane|Protect\n|move|p1b: Queengambit|Sucker Punch||[still]\n|-fail|p1b: Queengambit\n|move|p1a: Chi-Yu|Heat Wave|p2b: Flutter Mane|[spread] p2a\n|-activate|p2b: Flutter Mane|move: Protect\n|-damage|p2a: Iron Bundle|0 fnt\n|faint|p2a: Iron Bundle\n|-end|p2a: Iron Bundle|Quark Drive|[silent]\n|\n|-weather|SunnyDay|[upkeep]\n|upkeep\n|\n|t:|1683896528\n|switch|p2a: Chi-Yu|Chi-Yu, L50|83\/100\n|-ability|p2a: Chi-Yu|Beads of Ruin\n|turn|5\n|\n|t:|1683896547\n|move|p2b: Flutter Mane|Dazzling Gleam|p1b: Queengambit|[spread] p1a,p1b\n|-damage|p1a: Chi-Yu|30\/100\n|-damage|p1b: Queengambit|76\/100\n|move|p2a: Chi-Yu|Heat Wave|p1b: Queengambit|[spread] p1a,p1b\n|-resisted|p1a: Chi-Yu\n|-supereffective|p1b: Queengambit\n|-damage|p1a: Chi-Yu|0 fnt\n|-damage|p1b: Queengambit|0 fnt\n|faint|p1a: Chi-Yu\n|faint|p1b: Queengambit\n|\n|win|sspark\n|c|\u2606sspark|gg\n|c|\u2606Evil Flowey|gg\n|l|\u2606Evil Flowey\n","uploadtime":1683896639,"views":19,"p1id":"evilflowey","p2id":"sspark","formatid":"gen9vgc2023regulationc","rating":0,"private":0,"password":""}