{"id":"gen9vgc2023regulationc-1846864327","p1":"FurretSucksVGC","p2":"Moodies5","format":"[Gen 9] VGC 2023 Regulation C","log":"|j|\u2606FurretSucksVGC\n|j|\u2606Moodies5\n|t:|1681892581\n|gametype|doubles\n|player|p1|FurretSucksVGC|hilbert|1439\n|player|p2|Moodies5|169|1362\n|teamsize|p1|6\n|teamsize|p2|6\n|gen|9\n|tier|[Gen 9] VGC 2023 Regulation C\n|rated|\n|rule|Species Clause: Limit one of each Pok\u00e9mon\n|rule|Item Clause: Limit one of each item\n|clearpoke\n|poke|p1|Revavroom, L50, M|\n|poke|p1|Iron Hands, L50|\n|poke|p1|Vivillon, L50, M|\n|poke|p1|Baxcalibur, L50, F|\n|poke|p1|Chi-Yu, L50|\n|poke|p1|Vaporeon, L50, M|\n|poke|p2|Hatterene, L50, F|\n|poke|p2|Farigiraf, L50, M|\n|poke|p2|Maushold, L50|\n|poke|p2|Iron Hands, L50|\n|poke|p2|Kingambit, L50, M|\n|poke|p2|Torkoal, L50, M|\n|teampreview|4\nFurretSucksVGC has agreed to open team sheets.\nMoodies5 has agreed to open team sheets.\n|inactive|Battle timer is ON: inactive players will automatically lose when time's up. (requested by Moodies5)\n|\n|t:|1681892688\n|start\n|switch|p1a: Vivillon|Vivillon, L50, M|100\/100\n|switch|p1b: Chi-Yu|Chi-Yu, L50|100\/100\n|switch|p2a: Hatterene|Hatterene, L50, F|100\/100\n|switch|p2b: Maushold|Maushold, L50|100\/100\n|-ability|p1b: Chi-Yu|Beads of Ruin\n|turn|1\n|inactive|FurretSucksVGC has 30 seconds left.\n|inactive|FurretSucksVGC has 20 seconds left.\n|inactive|FurretSucksVGC has 15 seconds left.\n|\n|t:|1681892732\n|move|p2b: Maushold|Follow Me|p2b: Maushold\n|-singleturn|p2b: Maushold|move: Follow Me\n|move|p1b: Chi-Yu|Heat Wave|p2a: Hatterene|[spread] p2a,p2b\n|-damage|p2a: Hatterene|58\/100\n|-damage|p2b: Maushold|45\/100\n|move|p1a: Vivillon|Sleep Powder|p2b: Maushold\n|-status|p2b: Maushold|slp|[from] move: Sleep Powder\n|move|p2a: Hatterene|Trick Room|p2a: Hatterene\n|-fieldstart|move: Trick Room|[of] p2a: Hatterene\n|\n|upkeep\n|turn|2\n|inactive|FurretSucksVGC has 30 seconds left.\n|\n|t:|1681892764\n|cant|p2b: Maushold|slp\n|move|p2a: Hatterene|Dazzling Gleam|p1b: Chi-Yu|[spread] p1a,p1b\n|-crit|p1b: Chi-Yu\n|-damage|p1a: Vivillon|8\/100\n|-damage|p1b: Chi-Yu|43\/100\n|move|p1a: Vivillon|Sleep Powder|p2b: Maushold\n|-fail|p2b: Maushold|slp\n|move|p1b: Chi-Yu|Heat Wave|p2a: Hatterene|[spread] p2a\n|-miss|p1b: Chi-Yu|p2b: Maushold\n|-damage|p2a: Hatterene|16\/100\n|\n|upkeep\n|turn|3\n|\n|t:|1681892788\n|switch|p2b: Torkoal|Torkoal, L50, M|100\/100\n|-weather|SunnyDay|[from] ability: Drought|[of] p2b: Torkoal\n|move|p1a: Vivillon|Protect|p1a: Vivillon\n|-singleturn|p1a: Vivillon|Protect\n|move|p2a: Hatterene|Dazzling Gleam|p1b: Chi-Yu|[spread] p1b\n|-activate|p1a: Vivillon|move: Protect\n|-damage|p1b: Chi-Yu|6\/100\n|move|p1b: Chi-Yu|Heat Wave|p2a: Hatterene|[spread] p2a,p2b\n|-resisted|p2b: Torkoal\n|-damage|p2a: Hatterene|0 fnt\n|-damage|p2b: Torkoal|47\/100\n|faint|p2a: Hatterene\n|\n|-weather|SunnyDay|[upkeep]\n|upkeep\n|inactive|Moodies5 has 30 seconds left.\n|inactive|Moodies5 has 20 seconds left.\n|\n|t:|1681892828\n|switch|p2a: Kingambit|Kingambit, L50, M|100\/100\n|turn|4\n|\n|t:|1681892851\n|switch|p1b: Baxcalibur|Baxcalibur, L50, F|100\/100\n|move|p1a: Vivillon|Protect||[still]\n|-fail|p1a: Vivillon\n|move|p2b: Torkoal|Eruption|p1a: Vivillon|[spread] p1a,p1b\n|-supereffective|p1a: Vivillon\n|-damage|p1a: Vivillon|0 fnt\n|-damage|p1b: Baxcalibur|63\/100\n|-ability|p1b: Baxcalibur|Thermal Exchange|boost\n|-boost|p1b: Baxcalibur|atk|1\n|faint|p1a: Vivillon\n|move|p2a: Kingambit|Swords Dance|p2a: Kingambit\n|-boost|p2a: Kingambit|atk|2\n|\n|-weather|SunnyDay|[upkeep]\n|upkeep\n|\n|t:|1681892868\n|switch|p1a: Iron Hands|Iron Hands, L50|100\/100\n|turn|5\n|inactive|FurretSucksVGC has 30 seconds left.\n|inactive|Moodies5 has 30 seconds left.\n|\n|t:|1681892895\n|-terastallize|p2a: Kingambit|Dark\n|move|p1b: Baxcalibur|Protect|p1b: Baxcalibur\n|-singleturn|p1b: Baxcalibur|Protect\n|move|p1a: Iron Hands|Fake Out|p2b: Torkoal\n|-damage|p2b: Torkoal|36\/100\n|cant|p2b: Torkoal|flinch\n|move|p2a: Kingambit|Kowtow Cleave|p1a: Iron Hands\n|-resisted|p1a: Iron Hands\n|-damage|p1a: Iron Hands|64\/100\n|\n|-weather|SunnyDay|[upkeep]\n|-fieldend|move: Trick Room\n|upkeep\n|turn|6\n|inactive|FurretSucksVGC has 30 seconds left.\n|inactive|Moodies5 has 30 seconds left.\n|inactive|FurretSucksVGC has 20 seconds left.\n|inactive|Moodies5 has 20 seconds left.\n|inactive|Moodies5 has 15 seconds left.\n|inactive|Moodies5 has 10 seconds left.\n|\n|t:|1681892942\n|-terastallize|p1b: Baxcalibur|Water\n|move|p2a: Kingambit|Sucker Punch|p1a: Iron Hands\n|-resisted|p1a: Iron Hands\n|-damage|p1a: Iron Hands|33\/100\n|move|p1b: Baxcalibur|Icicle Spear|p2a: Kingambit\n|-damage|p2a: Kingambit|82\/100\n|-damage|p2a: Kingambit|65\/100\n|-damage|p2a: Kingambit|49\/100\n|-damage|p2a: Kingambit|32\/100\n|-damage|p2a: Kingambit|16\/100\n|-hitcount|p2a: Kingambit|5\n|move|p1a: Iron Hands|Drain Punch|p2a: Kingambit\n|-supereffective|p2a: Kingambit\n|-damage|p2a: Kingambit|0 fnt\n|-heal|p1a: Iron Hands|40\/100|[from] drain|[of] p2a: Kingambit\n|faint|p2a: Kingambit\n|move|p2b: Torkoal|Eruption|p1a: Iron Hands|[spread] p1a,p1b\n|-resisted|p1b: Baxcalibur\n|-damage|p1a: Iron Hands|21\/100\n|-damage|p1b: Baxcalibur|49\/100\n|-ability|p1b: Baxcalibur|Thermal Exchange|boost\n|-boost|p1b: Baxcalibur|atk|1\n|\n|-weather|SunnyDay|[upkeep]\n|upkeep\n|\n|t:|1681892962\n|switch|p2a: Maushold|Maushold, L50|45\/100 slp\n|turn|7\n|\n|t:|1681892978\n|cant|p2a: Maushold|slp\n|move|p1b: Baxcalibur|Glaive Rush|p2b: Torkoal\n|-damage|p2b: Torkoal|0 fnt\n|-singlemove|p1b: Baxcalibur|Glaive Rush|[silent]\n|faint|p2b: Torkoal\n|move|p1a: Iron Hands|Drain Punch|p2a: Maushold\n|-supereffective|p2a: Maushold\n|-damage|p2a: Maushold|0 fnt\n|-heal|p1a: Iron Hands|37\/100|[from] drain|[of] p2a: Maushold\n|-damage|p1a: Iron Hands|20\/100|[from] item: Rocky Helmet|[of] p2a: Maushold\n|faint|p2a: Maushold\n|\n|win|FurretSucksVGC\n|raw|FurretSucksVGC's rating: 1439 → 1455<\/strong> (+16 for winning)\n|raw|Moodies5's rating: 1362 → 1346<\/strong> (-16 for losing)\n|l|\u2606Moodies5\n","uploadtime":1681893013,"views":17,"p1id":"furretsucksvgc","p2id":"moodies5","formatid":"gen9vgc2023regulationc","rating":1346,"private":0,"password":""}