{"id":"gen9vgc2023regulationc-1863159187","p1":"R2VGC","p2":"charizard_LMAO","format":"[Gen 9] VGC 2023 Regulation C","log":"|j|\u2606R2VGC\n|j|\u2606charizard_LMAO\n|t:|1683981448\n|gametype|doubles\n|player|p1|R2VGC|102|1188\n|player|p2|charizard_LMAO|red|1212\n|teamsize|p1|6\n|teamsize|p2|6\n|gen|9\n|tier|[Gen 9] VGC 2023 Regulation C\n|rated|\n|rule|Species Clause: Limit one of each Pok\u00e9mon\n|rule|Item Clause: Limit one of each item\n|clearpoke\n|poke|p1|Amoonguss, L50, F|\n|poke|p1|Arcanine, L50, F|\n|poke|p1|Flutter Mane, L50|\n|poke|p1|Kingambit, L50, F|\n|poke|p1|Palafin, L50, M|\n|poke|p1|Baxcalibur, L50, M|\n|poke|p2|Chi-Yu, L50|\n|poke|p2|Amoonguss, L50, M|\n|poke|p2|Roaring Moon, L50|\n|poke|p2|Flutter Mane, L50|\n|poke|p2|Palafin, L50, M|\n|poke|p2|Great Tusk, L50|\n|teampreview|4\n|inactive|Battle timer is ON: inactive players will automatically lose when time's up. (requested by charizard_LMAO)\nR2VGC has agreed to open team sheets.\n|j| Kksszz\ncharizard_LMAO rejected open team sheets.\n|inactive|charizard_LMAO has 60 seconds left.\n|\n|t:|1683981481\n|start\n|switch|p1a: Flutter Mane|Flutter Mane, L50|100\/100\n|switch|p1b: Palafin|Palafin, L50, M|100\/100\n|switch|p2a: Chi-Yu|Chi-Yu, L50|100\/100\n|switch|p2b: Flutter Mane|Flutter Mane, L50|100\/100\n|-ability|p2a: Chi-Yu|Beads of Ruin\n|-enditem|p1a: Flutter Mane|Booster Energy\n|-activate|p1a: Flutter Mane|ability: Protosynthesis|[fromitem]\n|-start|p1a: Flutter Mane|protosynthesisspe\n|turn|1\n|l| Kksszz\n|inactive|R2VGC has 30 seconds left.\n|\n|t:|1683981508\n|move|p1b: Palafin|Jet Punch|p2a: Chi-Yu\n|-supereffective|p2a: Chi-Yu\n|-damage|p2a: Chi-Yu|2\/100\n|move|p1a: Flutter Mane|Moonblast|p2a: Chi-Yu\n|-damage|p2a: Chi-Yu|0 fnt\n|faint|p2a: Chi-Yu\n|move|p2b: Flutter Mane|Dazzling Gleam|p1b: Palafin|[spread] p1a,p1b\n|-damage|p1a: Flutter Mane|46\/100\n|-damage|p1b: Palafin|34\/100\n|\n|upkeep\n|\n|t:|1683981523\n|switch|p2a: Roaring Moon|Roaring Moon, L50|100\/100\n|-enditem|p2a: Roaring Moon|Booster Energy\n|-activate|p2a: Roaring Moon|ability: Protosynthesis|[fromitem]\n|-start|p2a: Roaring Moon|protosynthesisatk\n|turn|2\n|\n|t:|1683981536\n|detailschange|p1b: Palafin|Palafin-Hero, L50, M\n|switch|p1b: Arcanine|Arcanine, L50, F|100\/100\n|-ability|p1b: Arcanine|Intimidate|boost\n|-unboost|p2a: Roaring Moon|atk|1\n|-unboost|p2b: Flutter Mane|atk|1\n|-terastallize|p2a: Roaring Moon|Flying\n|move|p1a: Flutter Mane|Icy Wind|p2a: Roaring Moon|[spread] p2a,p2b\n|-supereffective|p2a: Roaring Moon\n|-damage|p2a: Roaring Moon|72\/100\n|-damage|p2b: Flutter Mane|84\/100\n|-unboost|p2a: Roaring Moon|spe|1\n|-unboost|p2b: Flutter Mane|spe|1\n|move|p2b: Flutter Mane|Dazzling Gleam|p1a: Flutter Mane|[spread] p1a,p1b\n|-resisted|p1b: Arcanine\n|-damage|p1a: Flutter Mane|0 fnt\n|-damage|p1b: Arcanine|76\/100\n|faint|p1a: Flutter Mane\n|-end|p1a: Flutter Mane|Protosynthesis|[silent]\n|move|p2a: Roaring Moon|Tailwind|p2a: Roaring Moon\n|-sidestart|p2: charizard_LMAO|move: Tailwind\n|\n|upkeep\n|inactive|R2VGC has 30 seconds left.\n|\n|t:|1683981570\n|switch|p1a: Baxcalibur|Baxcalibur, L50, M|100\/100\n|turn|3\n|inactive|R2VGC has 30 seconds left.\n|inactive|R2VGC has 20 seconds left.\n|inactive|R2VGC has 15 seconds left.\n|\n|t:|1683981612\n|-terastallize|p1a: Baxcalibur|Poison\n|move|p2b: Flutter Mane|Dazzling Gleam|p1b: Arcanine|[spread] p1a,p1b\n|-resisted|p1a: Baxcalibur\n|-resisted|p1b: Arcanine\n|-damage|p1a: Baxcalibur|85\/100\n|-damage|p1b: Arcanine|50\/100\n|move|p2a: Roaring Moon|Acrobatics|p1b: Arcanine\n|-damage|p1b: Arcanine|0 fnt\n|faint|p1b: Arcanine\n|move|p1a: Baxcalibur|Icicle Spear|p2a: Roaring Moon\n|-supereffective|p2a: Roaring Moon\n|-damage|p2a: Roaring Moon|30\/100\n|-supereffective|p2a: Roaring Moon\n|-damage|p2a: Roaring Moon|0 fnt\n|faint|p2a: Roaring Moon\n|-end|p2a: Roaring Moon|Protosynthesis|[silent]\n|-hitcount|p2: Roaring Moon|2\n|\n|upkeep\n|\n|t:|1683981631\n|switch|p2a: Great Tusk|Great Tusk, L50|100\/100\n|switch|p1b: Palafin|Palafin-Hero, L50, M|34\/100\n|-activate|p1b: Palafin|ability: Zero to Hero\n|turn|4\n|inactive|R2VGC has 30 seconds left.\n|\n|t:|1683981663\n|move|p2a: Great Tusk|Protect|p2a: Great Tusk\n|-singleturn|p2a: Great Tusk|Protect\n|move|p1b: Palafin|Jet Punch|p2a: Great Tusk\n|-activate|p2a: Great Tusk|move: Protect\n|move|p2b: Flutter Mane|Dazzling Gleam|p1b: Palafin|[spread] p1a,p1b\n|-resisted|p1a: Baxcalibur\n|-damage|p1a: Baxcalibur|70\/100\n|-damage|p1b: Palafin|0 fnt\n|faint|p1b: Palafin\n|move|p1a: Baxcalibur|Icicle Spear|p2a: Great Tusk\n|-activate|p2a: Great Tusk|move: Protect\n|\n|upkeep\n|turn|5\n|\n|t:|1683981676\n|move|p2a: Great Tusk|Headlong Rush|p1a: Baxcalibur\n|-supereffective|p1a: Baxcalibur\n|-damage|p1a: Baxcalibur|0 fnt\n|-unboost|p2a: Great Tusk|def|1\n|-unboost|p2a: Great Tusk|spd|1\n|faint|p1a: Baxcalibur\n|\n|win|charizard_LMAO\n|raw|R2VGC's rating: 1188 → 1165<\/strong> (-23 for losing)\n|raw|charizard_LMAO's rating: 1212 → 1235<\/strong> (+23 for winning)\n|l|\u2606charizard_LMAO\n","uploadtime":1683981687,"views":20,"p1id":"r2vgc","p2id":"charizardlmao","formatid":"gen9vgc2023regulationc","rating":1165,"private":0,"password":""}