{"id":"gen9vgc2023regulationc-1855638480","p1":"GerryThePlantMan","p2":"giantpoogiv","format":"[Gen 9] VGC 2023 Regulation C","log":"|j|\u2606GerryThePlantMan\n|j|\u2606giantpoogiv\n|t:|1682968756\n|gametype|doubles\n|player|p1|GerryThePlantMan|byron|1000\n|player|p2|giantpoogiv|170|1060\n|teamsize|p1|6\n|teamsize|p2|6\n|gen|9\n|tier|[Gen 9] VGC 2023 Regulation C\n|rated|\n|rule|Species Clause: Limit one of each Pok\u00e9mon\n|rule|Item Clause: Limit one of each item\n|clearpoke\n|poke|p1|Torkoal, L50, M|\n|poke|p1|Lilligant, L50, F|\n|poke|p1|Flutter Mane, L50|\n|poke|p1|Kingambit, L50, M|\n|poke|p1|Dragonite, L50, F|\n|poke|p1|Great Tusk, L50|\n|poke|p2|Kilowattrel, L50, F|\n|poke|p2|Pelipper, L50, M|\n|poke|p2|Rotom-Wash, L50|\n|poke|p2|Iron Bundle, L50|\n|poke|p2|Pikachu, L50, M|\n|poke|p2|Pincurchin, L50, F|\n|teampreview|4\n|inactive|Battle timer is ON: inactive players will automatically lose when time's up. (requested by GerryThePlantMan)\n|\n|t:|1682968785\n|start\n|switch|p1a: Lilligant|Lilligant, L50, F|100\/100\n|switch|p1b: Torkoal|Torkoal, L50, M|100\/100\n|switch|p2a: Pincurchin|Pincurchin, L50, F|100\/100\n|switch|p2b: Iron Bundle|Iron Bundle, L50|100\/100\n|-weather|SunnyDay|[from] ability: Drought|[of] p1b: Torkoal\n|-fieldstart|move: Electric Terrain|[from] ability: Electric Surge|[of] p2a: Pincurchin\n|-activate|p2b: Iron Bundle|ability: Quark Drive\n|-start|p2b: Iron Bundle|quarkdrivespe\n|-item|p2a: Pincurchin|Air Balloon\n|turn|1\n|inactive|giantpoogiv has 30 seconds left.\n|\n|t:|1682968816\n|move|p1a: Lilligant|After You|p1b: Torkoal\n|-activate|p1b: Torkoal|move: After You\n|move|p1b: Torkoal|Eruption|p2b: Iron Bundle|[spread] p2a,p2b\n|-damage|p2a: Pincurchin|0 fnt\n|-damage|p2b: Iron Bundle|0 fnt\n|-enditem|p2a: Pincurchin|Air Balloon\n|faint|p2a: Pincurchin\n|faint|p2b: Iron Bundle\n|-end|p2b: Iron Bundle|Quark Drive|[silent]\n|\n|-weather|SunnyDay|[upkeep]\n|upkeep\n|\n|t:|1682968823\n|switch|p2b: Rotom|Rotom-Wash, L50|100\/100\n|switch|p2a: Pelipper|Pelipper, L50, M|100\/100\n|-weather|RainDance|[from] ability: Drizzle|[of] p2a: Pelipper\n|turn|2\n|inactive|GerryThePlantMan has 30 seconds left.\n|\n|t:|1682968854\n|switch|p1b: Kingambit|Kingambit, L50, M|100\/100\n|move|p1a: Lilligant|Protect|p1a: Lilligant\n|-singleturn|p1a: Lilligant|Protect\n|move|p2b: Rotom|Thunder|p1b: Kingambit\n|-damage|p1b: Kingambit|57\/100\n|-status|p1b: Kingambit|par\n|move|p2a: Pelipper|Hurricane|p1a: Lilligant\n|-activate|p1a: Lilligant|move: Protect\n|\n|-weather|RainDance|[upkeep]\n|upkeep\n|turn|3\n|inactive|GerryThePlantMan has 30 seconds left.\n|\n|t:|1682968888\n|-terastallize|p1a: Lilligant|Ghost\n|move|p1a: Lilligant|Sleep Powder|p2b: Rotom\n|-status|p2b: Rotom|slp|[from] move: Sleep Powder\n|cant|p2b: Rotom|slp\n|move|p2a: Pelipper|Hurricane|p1a: Lilligant\n|-damage|p1a: Lilligant|39\/100\n|-start|p1a: Lilligant|confusion\n|move|p1b: Kingambit|Kowtow Cleave|p2a: Pelipper\n|-damage|p2a: Pelipper|60\/100\n|\n|-weather|RainDance|[upkeep]\n|upkeep\n|turn|4\n|\n|t:|1682968911\n|-activate|p1a: Lilligant|confusion\n|-damage|p1a: Lilligant|32\/100|[from] confusion\n|cant|p2b: Rotom|slp\n|move|p2a: Pelipper|Hurricane|p1a: Lilligant\n|-damage|p1a: Lilligant|0 fnt\n|faint|p1a: Lilligant\n|move|p1b: Kingambit|Kowtow Cleave|p2a: Pelipper\n|-damage|p2a: Pelipper|23\/100\n|\n|-weather|RainDance|[upkeep]\n|upkeep\n|\n|t:|1682968921\n|switch|p1a: Torkoal|Torkoal, L50, M|100\/100\n|-weather|SunnyDay|[from] ability: Drought|[of] p1a: Torkoal\n|turn|5\n|\n|t:|1682968933\n|move|p1b: Kingambit|Sucker Punch||[still]\n|-fail|p1b: Kingambit\n|-curestatus|p2b: Rotom|slp|[msg]\n|move|p2b: Rotom|Thunder|p1a: Torkoal\n|-damage|p1a: Torkoal|6\/100\n|move|p2a: Pelipper|Roost|p2a: Pelipper\n|-heal|p2a: Pelipper|73\/100\n|-singleturn|p2a: Pelipper|move: Roost\n|move|p1a: Torkoal|Flamethrower|p2b: Rotom\n|-resisted|p2b: Rotom\n|-damage|p2b: Rotom|55\/100\n|\n|-weather|SunnyDay|[upkeep]\n|-fieldend|move: Electric Terrain\n|upkeep\n|turn|6\n|inactive|giantpoogiv has 30 seconds left.\n|\n|t:|1682968963\n|move|p2b: Rotom|Thunder|p1b: Kingambit|[miss]\n|-miss|p2b: Rotom|p1b: Kingambit\n|move|p2a: Pelipper|Surf|p1a: Torkoal|[spread] p2b,p1a,p1b\n|-resisted|p2b: Rotom\n|-supereffective|p1a: Torkoal\n|-damage|p2b: Rotom|48\/100\n|-damage|p1a: Torkoal|0 fnt\n|-damage|p1b: Kingambit|49\/100 par\n|faint|p1a: Torkoal\n|move|p1b: Kingambit|Kowtow Cleave|p2b: Rotom\n|-damage|p2b: Rotom|0 fnt\n|faint|p2b: Rotom\n|\n|-weather|SunnyDay|[upkeep]\n|upkeep\n|\n|t:|1682968975\n|switch|p1a: Great Tusk|Great Tusk, L50|100\/100\n|-activate|p1a: Great Tusk|ability: Protosynthesis\n|-start|p1a: Great Tusk|protosynthesisatk\n|turn|7\n|\n|t:|1682968985\n|-terastallize|p2a: Pelipper|Water\n|move|p1a: Great Tusk|Rock Slide|p2a: Pelipper\n|-damage|p2a: Pelipper|44\/100\n|cant|p2a: Pelipper|flinch\n|cant|p1b: Kingambit|par\n|\n|-weather|SunnyDay|[upkeep]\n|upkeep\n|turn|8\n|\n|t:|1682968996\n|move|p1b: Kingambit|Sucker Punch|p2a: Pelipper\n|-damage|p2a: Pelipper|13\/100\n|move|p1a: Great Tusk|Rock Slide|p2a: Pelipper\n|-damage|p2a: Pelipper|0 fnt\n|faint|p2a: Pelipper\n|\n|win|GerryThePlantMan\n|raw|GerryThePlantMan's rating: 1000 → 1047<\/strong> (+47 for winning)\n|raw|giantpoogiv's rating: 1060 → 1038<\/strong> (-22 for losing)\n|l|\u2606GerryThePlantMan\n","uploadtime":1682969005,"views":15,"p1id":"gerrytheplantman","p2id":"giantpoogiv","formatid":"gen9vgc2023regulationc","rating":1038,"private":0,"password":""}