{"id":"gen9vgc2023regulationc-1846931125","p1":"Alaskan_fisher","p2":"Spatenick","format":"[Gen 9] VGC 2023 Regulation C","log":"|j|\u2606Alaskan_fisher\n|j|\u2606Spatenick\n|t:|1681902628\n|gametype|doubles\n|player|p1|Alaskan_fisher|fisherman-gen4|1105\n|player|p2|Spatenick|102|1147\n|teamsize|p1|6\n|teamsize|p2|6\n|gen|9\n|tier|[Gen 9] VGC 2023 Regulation C\n|rated|\n|rule|Species Clause: Limit one of each Pok\u00e9mon\n|rule|Item Clause: Limit one of each item\n|clearpoke\n|poke|p1|Maushold-Four, L50|\n|poke|p1|Annihilape, L50, F|\n|poke|p1|Palafin, L50, F|\n|poke|p1|Ting-Lu, L50|\n|poke|p1|Flutter Mane, L50|\n|poke|p1|Arcanine, L50, F|\n|poke|p2|Staraptor, L50, M|\n|poke|p2|Lucario, L50, M|\n|poke|p2|Squawkabilly-Blue, L50, F|\n|poke|p2|Iron Valiant, L50|\n|poke|p2|Annihilape, L50, F|\n|poke|p2|Arboliva, L50, F|\n|teampreview|4\nAlaskan_fisher has agreed to open team sheets.\n|inactive|Battle timer is ON: inactive players will automatically lose when time's up. (requested by Spatenick)\n|\n|t:|1681902668\n|start\n|switch|p1a: Flutter Mane|Flutter Mane, L50|100\/100\n|switch|p1b: Maushold|Maushold-Four, L50|100\/100\n|switch|p2a: Staraptor|Staraptor, L50, M|100\/100\n|switch|p2b: Lucario|Lucario, L50, M|100\/100\n|turn|1\n|\n|t:|1681902686\n|-end|p1a: Flutter Mane|Protosynthesis|[silent]\n|switch|p1a: Arcanine|Arcanine, L50, F|100\/100\n|-ability|p1a: Arcanine|Intimidate|boost\n|-unboost|p2a: Staraptor|atk|1\n|-fail|p2b: Lucario|unboost|Attack|[from] ability: Inner Focus|[of] p2b: Lucario\n|-enditem|p2b: Lucario|Adrenaline Orb\n|-boost|p2b: Lucario|spe|1|[from] item: Adrenaline Orb\n|move|p1b: Maushold|Protect|p1b: Maushold\n|-singleturn|p1b: Maushold|Protect\n|move|p2a: Staraptor|Close Combat|p1b: Maushold\n|-activate|p1b: Maushold|move: Protect\n|move|p2b: Lucario|Meteor Mash|p1a: Arcanine\n|-resisted|p1a: Arcanine\n|-damage|p1a: Arcanine|86\/100\n|\n|upkeep\n|turn|2\n|inactive|Alaskan_fisher has 30 seconds left.\n|\n|t:|1681902720\n|switch|p2a: Annihilape|Annihilape, L50, F|100\/100\n|-terastallize|p1b: Maushold|Ghost\n|move|p1b: Maushold|Follow Me|p1b: Maushold\n|-singleturn|p1b: Maushold|move: Follow Me\n|move|p2b: Lucario|Final Gambit|p1b: Maushold\n|-immune|p1b: Maushold\n|move|p1a: Arcanine|Flare Blitz|p2b: Lucario\n|-supereffective|p2b: Lucario\n|-damage|p2b: Lucario|0 fnt\n|faint|p2b: Lucario\n|-damage|p1a: Arcanine|57\/100|[from] Recoil\n|\n|upkeep\n|\n|t:|1681902735\n|switch|p2b: Staraptor|Staraptor, L50, M|100\/100\n|turn|3\n|\n|t:|1681902746\n|move|p1b: Maushold|Follow Me|p1b: Maushold\n|-singleturn|p1b: Maushold|move: Follow Me\n|move|p2b: Staraptor|Brave Bird|p1b: Maushold\n|-damage|p1b: Maushold|28\/100\n|-damage|p2b: Staraptor|78\/100|[from] Recoil\n|move|p1a: Arcanine|Flare Blitz|p2b: Staraptor\n|-damage|p2b: Staraptor|0 fnt\n|faint|p2b: Staraptor\n|-damage|p1a: Arcanine|32\/100|[from] Recoil\n|move|p2a: Annihilape|Rage Fist|p1b: Maushold\n|-supereffective|p1b: Maushold\n|-damage|p1b: Maushold|0 fnt\n|faint|p1b: Maushold\n|\n|upkeep\n|\n|t:|1681902760\n|switch|p1b: Flutter Mane|Flutter Mane, L50|100\/100\n|switch|p2b: Iron Valiant|Iron Valiant, L50|100\/100\n|-enditem|p2b: Iron Valiant|Booster Energy\n|-activate|p2b: Iron Valiant|ability: Quark Drive|[fromitem]\n|-start|p2b: Iron Valiant|quarkdrivespe\n|turn|4\n|\n|t:|1681902780\n|switch|p1a: Annihilape|Annihilape, L50, F|100\/100\n|-terastallize|p2a: Annihilape|Steel\n|move|p2b: Iron Valiant|Aura Sphere|p1a: Annihilape\n|-immune|p1a: Annihilape\n|move|p1b: Flutter Mane|Moonblast|p2b: Iron Valiant\n|-supereffective|p2b: Iron Valiant\n|-damage|p2b: Iron Valiant|0 fnt\n|faint|p2b: Iron Valiant\n|-end|p2b: Iron Valiant|Quark Drive|[silent]\n|move|p2a: Annihilape|Rage Fist|p1b: Flutter Mane\n|-supereffective|p1b: Flutter Mane\n|-damage|p1b: Flutter Mane|14\/100\n|\n|upkeep\n|turn|5\n|-message|Spatenick forfeited.\n|\n|win|Alaskan_fisher\n|raw|Alaskan_fisher's rating: 1105 → 1133<\/strong> (+28 for winning)\n|raw|Spatenick's rating: 1147 → 1119<\/strong> (-28 for losing)\n|l|\u2606Spatenick\n","uploadtime":1681902799,"views":21,"p1id":"alaskanfisher","p2id":"spatenick","formatid":"gen9vgc2023regulationc","rating":1119,"private":0,"password":""}