{"id":"gen9vgc2023regulationc-1851903997","p1":"Hyanryu","p2":"PaulyG","format":"[Gen 9] VGC 2023 Regulation C","log":"|j|\u2606Hyanryu\n|j|\u2606PaulyG\n|t:|1682503543\n|gametype|doubles\n|player|p1|Hyanryu|n|1374\n|player|p2|PaulyG|169|1411\n|teamsize|p1|6\n|teamsize|p2|6\n|gen|9\n|tier|[Gen 9] VGC 2023 Regulation C\n|rated|\n|rule|Species Clause: Limit one of each Pok\u00e9mon\n|rule|Item Clause: Limit one of each item\n|clearpoke\n|poke|p1|Tyranitar, L50, M|\n|poke|p1|Lycanroc, L50, F|\n|poke|p1|Amoonguss, L50, M|\n|poke|p1|Palafin, L50, F|\n|poke|p1|Ting-Lu, L50|\n|poke|p1|Arcanine, L50, M|\n|poke|p2|Iron Hands, L50|\n|poke|p2|Amoonguss, L50, F|\n|poke|p2|Gyarados, L50, F|\n|poke|p2|Flutter Mane, L50|\n|poke|p2|Chi-Yu, L50|\n|poke|p2|Kingambit, L50, F|\n|teampreview|4\n|inactive|Battle timer is ON: inactive players will automatically lose when time's up. (requested by PaulyG)\n|inactive|Hyanryu has 60 seconds left.\nPaulyG has agreed to open team sheets.\n|\n|t:|1682503577\n|start\n|switch|p1a: Pala-Tang|Palafin, L50, F, shiny|100\/100\n|switch|p1b: Roxie|Lycanroc, L50, F, shiny|100\/100\n|switch|p2a: Kingambit|Kingambit, L50, F|100\/100\n|switch|p2b: Gyarados|Gyarados, L50, F|100\/100\n|-ability|p2b: Gyarados|Intimidate|boost\n|-unboost|p1a: Pala-Tang|atk|1\n|-unboost|p1b: Roxie|atk|1\n|turn|1\n|inactive|PaulyG has 30 seconds left.\n|\n|t:|1682503606\n|detailschange|p1a: Pala-Tang|Palafin-Hero, L50, F, shiny\n|switch|p1a: Thamill|Tyranitar, L50, M, shiny|100\/100\n|-weather|Sandstorm|[from] ability: Sand Stream|[of] p1a: Thamill\n|switch|p2b: Iron Hands|Iron Hands, L50|100\/100\n|move|p1b: Roxie|Close Combat|p2a: Kingambit\n|-supereffective|p2a: Kingambit\n|-damage|p2a: Kingambit|14\/100\n|-unboost|p1b: Roxie|def|1\n|-unboost|p1b: Roxie|spd|1\n|move|p2a: Kingambit|Low Kick|p1a: Thamill\n|-supereffective|p1a: Thamill\n|-damage|p1a: Thamill|0 fnt\n|faint|p1a: Thamill\n|\n|-weather|Sandstorm|[upkeep]\n|upkeep\n|\n|t:|1682503624\n|switch|p1a: Pala-Tang|Palafin-Hero, L50, F, shiny|100\/100\n|-activate|p1a: Pala-Tang|ability: Zero to Hero\n|turn|2\n|\n|t:|1682503646\n|switch|p2a: Gyarados|Gyarados, L50, F|100\/100\n|-ability|p2a: Gyarados|Intimidate|boost\n|-unboost|p1a: Pala-Tang|atk|1\n|-unboost|p1b: Roxie|atk|1\n|move|p1b: Roxie|Protect|p1b: Roxie\n|-singleturn|p1b: Roxie|Protect\n|move|p1a: Pala-Tang|Protect|p1a: Pala-Tang\n|-singleturn|p1a: Pala-Tang|Protect\n|move|p2b: Iron Hands|Swords Dance|p2b: Iron Hands\n|-boost|p2b: Iron Hands|atk|2\n|\n|-weather|Sandstorm|[upkeep]\n|-damage|p1a: Pala-Tang|95\/100|[from] Sandstorm\n|-damage|p2a: Gyarados|94\/100|[from] Sandstorm\n|upkeep\n|turn|3\n|inactive|PaulyG has 30 seconds left.\n|\n|t:|1682503678\n|move|p1b: Roxie|Rock Slide|p2b: Iron Hands|[spread] p2a,p2b\n|-supereffective|p2a: Gyarados\n|-resisted|p2b: Iron Hands\n|-damage|p2a: Gyarados|63\/100\n|-damage|p2b: Iron Hands|96\/100\n|move|p1a: Pala-Tang|Haze|p1a: Pala-Tang\n|-clearallboost\n|move|p2a: Gyarados|Icy Wind|p1b: Roxie|[spread] p1a,p1b\n|-resisted|p1a: Pala-Tang\n|-damage|p1a: Pala-Tang|92\/100\n|-damage|p1b: Roxie|94\/100\n|-unboost|p1a: Pala-Tang|spe|1\n|-unboost|p1b: Roxie|spe|1\n|cant|p2b: Iron Hands|flinch\n|\n|-weather|Sandstorm|[upkeep]\n|-damage|p2a: Gyarados|57\/100|[from] Sandstorm\n|-damage|p1a: Pala-Tang|86\/100|[from] Sandstorm\n|upkeep\n|turn|4\n|inactive|Hyanryu has 30 seconds left.\n|inactive|PaulyG has 30 seconds left.\n|inactive|PaulyG has 20 seconds left.\n|inactive|PaulyG has 15 seconds left.\n|\n|t:|1682503721\n|-terastallize|p1a: Pala-Tang|Water\n|move|p1b: Roxie|Rock Slide|p2b: Iron Hands|[spread] p2a,p2b\n|-supereffective|p2a: Gyarados\n|-resisted|p2b: Iron Hands\n|-damage|p2a: Gyarados|0 fnt\n|-damage|p2b: Iron Hands|86\/100\n|faint|p2a: Gyarados\n|move|p1a: Pala-Tang|Wave Crash|p2b: Iron Hands\n|-damage|p2b: Iron Hands|0 fnt\n|faint|p2b: Iron Hands\n|-end|p2b: Iron Hands|Quark Drive|[silent]\n|-damage|p1a: Pala-Tang|53\/100|[from] Recoil\n|\n|-weather|Sandstorm|[upkeep]\n|-damage|p1a: Pala-Tang|47\/100|[from] Sandstorm\n|upkeep\n|\n|t:|1682503736\n|switch|p2a: Kingambit|Kingambit, L50, F|14\/100\n|switch|p2b: Amoonguss|Amoonguss, L50, F|100\/100\n|turn|5\n|\n|t:|1682503755\n|switch|p1b: Sus|Amoonguss, L50, M|100\/100\n|move|p1a: Pala-Tang|Protect|p1a: Pala-Tang\n|-singleturn|p1a: Pala-Tang|Protect\n|move|p2a: Kingambit|Sucker Punch||[still]\n|-fail|p2a: Kingambit\n|move|p2b: Amoonguss|Spore|p1b: Sus\n|-immune|p1b: Sus\n|\n|-weather|none\n|upkeep\n|turn|6\n|inactive|PaulyG has 30 seconds left.\n|\n|t:|1682503783\n|move|p1a: Pala-Tang|Jet Punch|p2a: Kingambit\n|-damage|p2a: Kingambit|0 fnt\n|faint|p2a: Kingambit\n|move|p2b: Amoonguss|Spore|p1a: Pala-Tang\n|-status|p1a: Pala-Tang|slp|[from] move: Spore\n|move|p1b: Sus|Pollen Puff|p1a: Pala-Tang\n|-heal|p1a: Pala-Tang|97\/100 slp\n|\n|upkeep\n|turn|7\n|-message|PaulyG forfeited.\n|\n|win|Hyanryu\n|raw|Hyanryu's rating: 1374 → 1396<\/strong> (+22 for winning)\n|raw|PaulyG's rating: 1411 → 1389<\/strong> (-22 for losing)\n|l|\u2606PaulyG\n","uploadtime":1682503816,"views":7,"p1id":"hyanryu","p2id":"paulyg","formatid":"gen9vgc2023regulationc","rating":1389,"private":0,"password":""}