{"id":"gen9vgc2023regulationc-1856256634","p1":"aaabbb789tw","p2":"SisalVT","format":"[Gen 9] VGC 2023 Regulation C","log":"|j|\u2606aaabbb789tw\n|j|\u2606SisalVT\n|t:|1683045157\n|gametype|doubles\n|player|p1|aaabbb789tw|dawn-gen4pt|1684\n|player|p2|SisalVT|blue|1734\n|teamsize|p1|6\n|teamsize|p2|6\n|gen|9\n|tier|[Gen 9] VGC 2023 Regulation C\n|rated|\n|rule|Species Clause: Limit one of each Pok\u00e9mon\n|rule|Item Clause: Limit one of each item\n|clearpoke\n|poke|p1|Garganacl, L50, M|\n|poke|p1|Toxapex, L50, F|\n|poke|p1|Grimmsnarl, L50, M|\n|poke|p1|Arcanine, L50, M|\n|poke|p1|Wo-Chien, L50|\n|poke|p1|Ting-Lu, L50|\n|poke|p2|Breloom, L50, F|\n|poke|p2|Chien-Pao, L50|\n|poke|p2|Flutter Mane, L50|\n|poke|p2|Chi-Yu, L50|\n|poke|p2|Dondozo, L50, M|\n|poke|p2|Tatsugiri-Stretchy, L50, F|\n|teampreview|4\nSisalVT has agreed to open team sheets.\n|j| futonkagebunshin\n|\n|t:|1683045196\n|start\n|switch|p1a: Grimmsnarl|Grimmsnarl, L50, M|100\/100\n|switch|p1b: Arcanine|Arcanine, L50, M|100\/100\n|switch|p2a: Pogsukiri|Tatsugiri-Stretchy, L50, F, shiny|100\/100\n|switch|p2b: Hanako|Chi-Yu, L50|100\/100\n|-ability|p1b: Arcanine|Intimidate|boost\n|-unboost|p2a: Pogsukiri|atk|1\n|-unboost|p2b: Hanako|atk|1\n|-ability|p2b: Hanako|Beads of Ruin\n|turn|1\n|\n|t:|1683045233\n|move|p1b: Arcanine|Snarl|p2b: Hanako|[spread] p2a,p2b\n|-crit|p2a: Pogsukiri\n|-resisted|p2b: Hanako\n|-damage|p2a: Pogsukiri|77\/100\n|-damage|p2b: Hanako|97\/100\n|-unboost|p2a: Pogsukiri|spa|1\n|-unboost|p2b: Hanako|spa|1\n|move|p2a: Pogsukiri|Muddy Water|p1b: Arcanine|[spread] p1a,p1b\n|-supereffective|p1b: Arcanine\n|-damage|p1a: Grimmsnarl|69\/100\n|-damage|p1b: Arcanine|37\/100\n|move|p2b: Hanako|Heat Wave|p1a: Grimmsnarl|[spread] p1a,p1b\n|-resisted|p1b: Arcanine\n|-damage|p1a: Grimmsnarl|41\/100\n|-damage|p1b: Arcanine|22\/100\n|move|p1a: Grimmsnarl|Spirit Break|p2a: Pogsukiri\n|-supereffective|p2a: Pogsukiri\n|-damage|p2a: Pogsukiri|0 fnt\n|faint|p2a: Pogsukiri\n|\n|upkeep\n|c|\u2606SisalVT|scarf arcanine\n|c|\u2606SisalVT|we getting into the tru closed teamsheets stuff now\n|\n|t:|1683045266\n|switch|p2a: Nivalis|Chien-Pao, L50|100\/100\n|-ability|p2a: Nivalis|Sword of Ruin\n|turn|2\n|\n|t:|1683045288\n|switch|p1b: Toxapex|Toxapex, L50, F|100\/100\n|move|p1a: Grimmsnarl|Light Screen|p1a: Grimmsnarl\n|-sidestart|p1: aaabbb789tw|move: Light Screen\n|move|p2a: Nivalis|Ice Spinner|p1a: Grimmsnarl\n|-damage|p1a: Grimmsnarl|0 fnt\n|faint|p1a: Grimmsnarl\n|-damage|p2a: Nivalis|91\/100|[from] item: Life Orb\n|move|p2b: Hanako|Dark Pulse|p1b: Toxapex\n|-damage|p1b: Toxapex|85\/100\n|\n|-heal|p1b: Toxapex|90\/100|[from] item: Black Sludge\n|upkeep\n|\n|t:|1683045303\n|switch|p1a: Arcanine|Arcanine, L50, M|22\/100\n|-ability|p1a: Arcanine|Intimidate|boost\n|-unboost|p2a: Nivalis|atk|1\n|-unboost|p2b: Hanako|atk|1\n|turn|3\n|\n|t:|1683045315\n|move|p2a: Nivalis|Protect|p2a: Nivalis\n|-singleturn|p2a: Nivalis|Protect\n|move|p1a: Arcanine|Will-O-Wisp|p2a: Nivalis\n|-activate|p2a: Nivalis|move: Protect\n|move|p2b: Hanako|Dark Pulse|p1a: Arcanine\n|-damage|p1a: Arcanine|0 fnt\n|faint|p1a: Arcanine\n|move|p1b: Toxapex|Toxic|p2b: Hanako\n|-status|p2b: Hanako|tox\n|\n|-heal|p1b: Toxapex|96\/100|[from] item: Black Sludge\n|-damage|p2b: Hanako|91\/100 tox|[from] psn\n|upkeep\n|j| naughtygirl-chan\n|c|\u2606SisalVT|scarf will o wisp lets goo\n|j| DKKKKVGC\n|\n|t:|1683045331\n|switch|p1a: Garganacl|Garganacl, L50, M|100\/100\n|turn|4\n|\n|t:|1683045346\n|switch|p2b: Bottas|Flutter Mane, L50|100\/100\n|-enditem|p2b: Bottas|Booster Energy\n|-activate|p2b: Bottas|ability: Protosynthesis|[fromitem]\n|-start|p2b: Bottas|protosynthesisspa\n|move|p2a: Nivalis|Protect|p2a: Nivalis\n|-singleturn|p2a: Nivalis|Protect\n|move|p1b: Toxapex|Toxic|p2a: Nivalis\n|-activate|p2a: Nivalis|move: Protect\n|move|p1a: Garganacl|Salt Cure|p2a: Nivalis\n|-activate|p2a: Nivalis|move: Protect\n|\n|-heal|p1b: Toxapex|100\/100|[from] item: Black Sludge\n|upkeep\n|turn|5\n|j| Emilia_poke\n|\n|t:|1683045383\n|-terastallize|p2b: Bottas|Fairy\n|move|p2a: Nivalis|Sacred Sword|p1a: Garganacl\n|-supereffective|p1a: Garganacl\n|-damage|p1a: Garganacl|51\/100\n|-damage|p2a: Nivalis|81\/100|[from] item: Life Orb\n|move|p2b: Bottas|Moonblast|p1a: Garganacl\n|-damage|p1a: Garganacl|14\/100\n|move|p1b: Toxapex|Infestation|p2a: Nivalis\n|-supereffective|p2a: Nivalis\n|-damage|p2a: Nivalis|71\/100\n|-activate|p2a: Nivalis|move: Infestation|[of] p1b: Toxapex\n|move|p1a: Garganacl|Salt Cure|p2a: Nivalis\n|-supereffective|p2a: Nivalis\n|-damage|p2a: Nivalis|33\/100\n|-start|p2a: Nivalis|Salt Cure\n|\n|-damage|p2a: Nivalis|20\/100|[from] Salt Cure\n|-damage|p2a: Nivalis|8\/100|[from] move: Infestation|[partiallytrapped]\n|upkeep\n|turn|6\n|\n|t:|1683045413\n|move|p2b: Bottas|Protect|p2b: Bottas\n|-singleturn|p2b: Bottas|Protect\n|move|p1a: Garganacl|Protect|p1a: Garganacl\n|-singleturn|p1a: Garganacl|Protect\n|move|p2a: Nivalis|Sacred Sword|p1a: Garganacl\n|-activate|p1a: Garganacl|move: Protect\n|move|p1b: Toxapex|Toxic|p2b: Bottas\n|-activate|p2b: Bottas|move: Protect\n|\n|-damage|p2a: Nivalis|0 fnt|[from] move: Infestation|[partiallytrapped]\n|faint|p2a: Nivalis\n|upkeep\n|\n|t:|1683045418\n|switch|p2a: Hanako|Chi-Yu, L50|91\/100 tox\n|-ability|p2a: Hanako|Beads of Ruin\n|turn|7\n|\n|t:|1683045448\n|move|p2b: Bottas|Dazzling Gleam|p1a: Garganacl|[spread] p1b\n|-miss|p2b: Bottas|p1a: Garganacl\n|-resisted|p1b: Toxapex\n|-damage|p1b: Toxapex|85\/100\n|move|p2a: Hanako|Dark Pulse|p1b: Toxapex\n|-damage|p1b: Toxapex|63\/100\n|move|p1a: Garganacl|Salt Cure|p2b: Bottas\n|-damage|p2b: Bottas|78\/100\n|-start|p2b: Bottas|Salt Cure\n|move|p1b: Toxapex|Toxic|p2b: Bottas\n|-status|p2b: Bottas|tox\n|\n|-heal|p1b: Toxapex|69\/100|[from] item: Black Sludge\n|-damage|p2b: Bottas|72\/100 tox|[from] psn\n|-damage|p2a: Hanako|84\/100 tox|[from] psn\n|-damage|p2b: Bottas|59\/100 tox|[from] Salt Cure\n|upkeep\n|turn|8\n|c|\u2606SisalVT|LETS GO BRIGHTPOWDER\n|c|\u2606SisalVT|NOW WE GAMING\n|\n|t:|1683045481\n|move|p2b: Bottas|Dazzling Gleam|p1b: Toxapex|[spread] p1a,p1b\n|-resisted|p1b: Toxapex\n|-damage|p1a: Garganacl|0 fnt\n|-damage|p1b: Toxapex|51\/100\n|faint|p1a: Garganacl\n|move|p2a: Hanako|Dark Pulse|p1b: Toxapex\n|-damage|p1b: Toxapex|28\/100\n|move|p1b: Toxapex|Infestation|p2b: Bottas\n|-resisted|p2b: Bottas\n|-damage|p2b: Bottas|57\/100 tox\n|-activate|p2b: Bottas|move: Infestation|[of] p1b: Toxapex\n|\n|-heal|p1b: Toxapex|34\/100|[from] item: Black Sludge\n|-damage|p2b: Bottas|45\/100 tox|[from] psn\n|-damage|p2a: Hanako|72\/100 tox|[from] psn\n|-damage|p2b: Bottas|32\/100 tox|[from] move: Infestation|[partiallytrapped]\n|-damage|p2b: Bottas|20\/100 tox|[from] Salt Cure\n|upkeep\n|turn|9\n|\n|t:|1683045500\n|move|p1b: Toxapex|Baneful Bunker|p1b: Toxapex\n|-singleturn|p1b: Toxapex|move: Protect\n|move|p2b: Bottas|Shadow Ball|p1b: Toxapex\n|-activate|p1b: Toxapex|move: Protect\n|move|p2a: Hanako|Dark Pulse|p1b: Toxapex\n|-activate|p1b: Toxapex|move: Protect\n|\n|-heal|p1b: Toxapex|39\/100|[from] item: Black Sludge\n|-damage|p2b: Bottas|1\/100 tox|[from] psn\n|-damage|p2a: Hanako|54\/100 tox|[from] psn\n|-damage|p2b: Bottas|0 fnt|[from] move: Infestation|[partiallytrapped]\n|faint|p2b: Bottas\n|-end|p2b: Bottas|Protosynthesis|[silent]\n|-sideend|p1: aaabbb789tw|move: Light Screen\n|upkeep\n|turn|10\n|j| lattewave\n|\n|t:|1683045523\n|move|p2a: Hanako|Dark Pulse|p1b: Toxapex\n|-damage|p1b: Toxapex|6\/100\n|move|p1b: Toxapex|Infestation|p2a: Hanako\n|-damage|p2a: Hanako|50\/100 tox\n|-activate|p2a: Hanako|move: Infestation|[of] p1b: Toxapex\n|-enditem|p2a: Hanako|Sitrus Berry|[eat]\n|-heal|p2a: Hanako|75\/100 tox|[from] item: Sitrus Berry\n|\n|-heal|p1b: Toxapex|12\/100|[from] item: Black Sludge\n|-damage|p2a: Hanako|50\/100 tox|[from] psn\n|-damage|p2a: Hanako|38\/100 tox|[from] move: Infestation|[partiallytrapped]\n|upkeep\n|turn|11\n|\n|t:|1683045535\n|move|p1b: Toxapex|Baneful Bunker|p1b: Toxapex\n|-singleturn|p1b: Toxapex|move: Protect\n|move|p2a: Hanako|Dark Pulse|p1b: Toxapex\n|-activate|p1b: Toxapex|move: Protect\n|\n|-heal|p1b: Toxapex|18\/100|[from] item: Black Sludge\n|-damage|p2a: Hanako|7\/100 tox|[from] psn\n|-damage|p2a: Hanako|0 fnt|[from] move: Infestation|[partiallytrapped]\n|faint|p2a: Hanako\n|\n|win|aaabbb789tw\n|upkeep\n|raw|aaabbb789tw's rating: 1684 → 1707<\/strong> (+23 for winning)\n|raw|SisalVT's rating: 1734 → 1711<\/strong> (-23 for losing)\n|c|\u2606SisalVT|so sad\n|c|\u2606SisalVT|like holy crap dude\n|l|\u2606SisalVT\n|l| DKKKKVGC\n|c| lattewave|lets go aaabbb\n","uploadtime":1683045664,"views":8,"p1id":"aaabbb789tw","p2id":"sisalvt","formatid":"gen9vgc2023regulationc","rating":1707,"private":0,"password":""}