{"id":"gen9vgc2023regulationc-1847742357","p1":"speedyntjolteon","p2":"shm0406","format":"[Gen 9] VGC 2023 Regulation C","log":"|j|\u2606speedyntjolteon\n|j|\u2606shm0406\n|t:|1681998094\n|gametype|doubles\n|player|p1|speedyntjolteon|steven|1234\n|player|p2|shm0406|n|1346\n|teamsize|p1|6\n|teamsize|p2|6\n|gen|9\n|tier|[Gen 9] VGC 2023 Regulation C\n|rated|\n|rule|Species Clause: Limit one of each Pok\u00e9mon\n|rule|Item Clause: Limit one of each item\n|clearpoke\n|poke|p1|Scream Tail, L50|\n|poke|p1|Flutter Mane, L50|\n|poke|p1|Gothitelle, L50, F|\n|poke|p1|Palafin, L50, M|\n|poke|p1|Arcanine, L50, M|\n|poke|p1|Ting-Lu, L50|\n|poke|p2|Scream Tail, L50|\n|poke|p2|Flutter Mane, L50|\n|poke|p2|Gothitelle, L50, F|\n|poke|p2|Gastrodon, L50, M|\n|poke|p2|Ting-Lu, L50|\n|poke|p2|Wo-Chien, L50|\n|teampreview|4\n|j| hasan123456\n|\n|t:|1681998142\n|start\n|switch|p1a: Flutter Mane|Flutter Mane, L50|100\/100\n|switch|p1b: Arcanine|Arcanine, L50, M|100\/100\n|switch|p2a: Flutter Mane|Flutter Mane, L50|100\/100\n|switch|p2b: Gothitelle|Gothitelle, L50, F|100\/100\n|-ability|p1b: Arcanine|Intimidate|boost\n|-unboost|p2a: Flutter Mane|atk|1\n|-unboost|p2b: Gothitelle|atk|1\n|turn|1\n|c|\u2606speedyntjolteon|this will be intresting\n|\n|t:|1681998159\n|move|p2b: Gothitelle|Protect|p2b: Gothitelle\n|-singleturn|p2b: Gothitelle|Protect\n|move|p2a: Flutter Mane|Perish Song|p2a: Flutter Mane\n|-start|p1a: Flutter Mane|perish3|[silent]\n|-start|p1b: Arcanine|perish3|[silent]\n|-start|p2a: Flutter Mane|perish3|[silent]\n|-start|p2b: Gothitelle|perish3|[silent]\n|-fieldactivate|move: Perish Song\n|move|p1a: Flutter Mane|Shadow Ball|p2a: Flutter Mane\n|-supereffective|p2a: Flutter Mane\n|-damage|p2a: Flutter Mane|23\/100\n|move|p1b: Arcanine|Flare Blitz|p2a: Flutter Mane\n|-damage|p2a: Flutter Mane|0 fnt\n|faint|p2a: Flutter Mane\n|-end|p2a: Flutter Mane|Protosynthesis|[silent]\n|-damage|p1b: Arcanine|93\/100|[from] Recoil\n|\n|-start|p1a: Flutter Mane|perish3\n|-start|p1b: Arcanine|perish3\n|-start|p2b: Gothitelle|perish3\n|upkeep\n|\n|t:|1681998169\n|switch|p2a: Gastrodon|Gastrodon, L50, M|100\/100\n|turn|2\n|\n|t:|1681998183\n|move|p1a: Flutter Mane|Perish Song|p1a: Flutter Mane\n|-start|p2a: Gastrodon|perish3|[silent]\n|-fieldactivate|move: Perish Song\n|move|p1b: Arcanine|Flare Blitz|p2b: Gothitelle\n|-damage|p2b: Gothitelle|61\/100\n|-damage|p1b: Arcanine|79\/100|[from] Recoil\n|move|p2b: Gothitelle|Light Screen|p2b: Gothitelle\n|-sidestart|p2: shm0406|move: Light Screen\n|move|p2a: Gastrodon|Surf|p1b: Arcanine|[spread] p2b,p1a,p1b\n|-supereffective|p1b: Arcanine\n|-damage|p2b: Gothitelle|47\/100\n|-damage|p1a: Flutter Mane|79\/100\n|-damage|p1b: Arcanine|20\/100\n|-enditem|p2b: Gothitelle|Sitrus Berry|[eat]\n|-heal|p2b: Gothitelle|72\/100|[from] item: Sitrus Berry\n|\n|-start|p1a: Flutter Mane|perish2\n|-start|p1b: Arcanine|perish2\n|-start|p2b: Gothitelle|perish2\n|-start|p2a: Gastrodon|perish3\n|upkeep\n|turn|3\n|\n|t:|1681998216\n|switch|p2a: Wo-Chien|Wo-Chien, L50|100\/100\n|-ability|p2a: Wo-Chien|Tablets of Ruin\n|move|p1b: Arcanine|Protect|p1b: Arcanine\n|-singleturn|p1b: Arcanine|Protect\n|move|p2b: Gothitelle|Protect|p2b: Gothitelle\n|-singleturn|p2b: Gothitelle|Protect\n|move|p1a: Flutter Mane|Shadow Ball|p2b: Gothitelle\n|-activate|p2b: Gothitelle|move: Protect\n|\n|-start|p1a: Flutter Mane|perish1\n|-start|p1b: Arcanine|perish1\n|-start|p2b: Gothitelle|perish1\n|upkeep\n|turn|4\n|\n|t:|1681998242\n|-end|p1a: Flutter Mane|Protosynthesis|[silent]\n|switch|p1a: Ting-Lu|Ting-Lu, L50|100\/100\n|-ability|p1a: Ting-Lu|Vessel of Ruin\n|move|p2a: Wo-Chien|Protect|p2a: Wo-Chien\n|-singleturn|p2a: Wo-Chien|Protect\n|move|p2b: Gothitelle|Protect|p2b: Gothitelle\n|-singleturn|p2b: Gothitelle|Protect\n|move|p1b: Arcanine|Flare Blitz|p2a: Wo-Chien\n|-activate|p2a: Wo-Chien|move: Protect\n|\n|-start|p1b: Arcanine|perish0\n|-start|p2b: Gothitelle|perish0\n|faint|p1b: Arcanine\n|faint|p2b: Gothitelle\n|upkeep\n|\n|t:|1681998256\n|switch|p1b: Flutter Mane|Flutter Mane, L50|79\/100\n|switch|p2b: Gastrodon|Gastrodon, L50, M|100\/100\n|turn|5\n|\n|t:|1681998279\n|-terastallize|p1b: Flutter Mane|Grass\n|-terastallize|p2a: Wo-Chien|Fairy\n|move|p1b: Flutter Mane|Perish Song|p1b: Flutter Mane\n|-start|p1a: Ting-Lu|perish3|[silent]\n|-start|p1b: Flutter Mane|perish3|[silent]\n|-start|p2a: Wo-Chien|perish3|[silent]\n|-start|p2b: Gastrodon|perish3|[silent]\n|-fieldactivate|move: Perish Song\n|move|p2a: Wo-Chien|Ruination|p1b: Flutter Mane|[miss]\n|-miss|p2a: Wo-Chien|p1b: Flutter Mane\n|move|p1a: Ting-Lu|Fissure|p2b: Gastrodon|[miss]\n|-miss|p1a: Ting-Lu|p2b: Gastrodon\n|move|p2b: Gastrodon|Earth Power|p1b: Flutter Mane\n|-resisted|p1b: Flutter Mane\n|-damage|p1b: Flutter Mane|67\/100\n|\n|-start|p1b: Flutter Mane|perish3\n|-start|p2a: Wo-Chien|perish3\n|-start|p1a: Ting-Lu|perish3\n|-start|p2b: Gastrodon|perish3\n|upkeep\n|turn|6\n|-message|shm0406 forfeited.\n|\n|win|speedyntjolteon\n|raw|speedyntjolteon's rating: 1234 → 1267<\/strong> (+33 for winning)\n|raw|shm0406's rating: 1346 → 1320<\/strong> (-26 for losing)\n|l|\u2606shm0406\n|l| hasan123456\n","uploadtime":1681998306,"views":9,"p1id":"speedyntjolteon","p2id":"shm0406","formatid":"gen9vgc2023regulationc","rating":1267,"private":0,"password":""}