{"id":"gen9vgc2023regulationc-1860721103","p1":"KarinaMomatova","p2":"Trying365","format":"[Gen 9] VGC 2023 Regulation C","log":"|j|\u2606KarinaMomatova\n|j|\u2606Trying365\n|t:|1683669944\n|gametype|doubles\n|player|p1|KarinaMomatova|darach-caitlin|1263\n|player|p2|Trying365|265|1292\n|teamsize|p1|6\n|teamsize|p2|6\n|gen|9\n|tier|[Gen 9] VGC 2023 Regulation C\n|rated|\n|rule|Species Clause: Limit one of each Pok\u00e9mon\n|rule|Item Clause: Limit one of each item\n|clearpoke\n|poke|p1|Iron Bundle, L50|\n|poke|p1|Abomasnow, L50, F|\n|poke|p1|Scizor, L50, M|\n|poke|p1|Annihilape, L50, F|\n|poke|p1|Raichu, L50, F|\n|poke|p1|Salazzle, L50, F|\n|poke|p2|Garganacl, L50, F|\n|poke|p2|Tatsugiri, L50, M|\n|poke|p2|Dondozo, L50, F|\n|poke|p2|Flamigo, L50, F|\n|poke|p2|Chien-Pao, L50|\n|poke|p2|Ceruledge, L50, M|\n|teampreview|4\n|inactive|Battle timer is ON: inactive players will automatically lose when time's up. (requested by KarinaMomatova)\n|inactive|KarinaMomatova has 60 seconds left.\n|\n|t:|1683670002\n|start\n|switch|p1a: Iron Bundle|Iron Bundle, L50|100\/100\n|switch|p1b: Abomasnow|Abomasnow, L50, F|100\/100\n|switch|p2a: Garganacl|Garganacl, L50, F|100\/100\n|switch|p2b: Tatsugiri|Tatsugiri, L50, M|100\/100\n|-weather|Snow|[from] ability: Snow Warning|[of] p1b: Abomasnow\n|-enditem|p1a: Iron Bundle|Booster Energy\n|-activate|p1a: Iron Bundle|ability: Quark Drive|[fromitem]\n|-start|p1a: Iron Bundle|quarkdrivespe\n|turn|1\n|\n|t:|1683670022\n|-terastallize|p2a: Garganacl|Normal\n|move|p2b: Tatsugiri|Endure|p2b: Tatsugiri\n|-singleturn|p2b: Tatsugiri|move: Endure\n|move|p1a: Iron Bundle|Freeze-Dry|p2b: Tatsugiri\n|-supereffective|p2b: Tatsugiri\n|-activate|p2b: Tatsugiri|move: Endure\n|-damage|p2b: Tatsugiri|1\/100\n|-status|p2b: Tatsugiri|frz\n|move|p1b: Abomasnow|Blizzard|p2b: Tatsugiri|[spread] p2a,p2b\n|-damage|p2a: Garganacl|55\/100\n|-activate|p2b: Tatsugiri|move: Endure\n|-damage|p2b: Tatsugiri|1\/100 frz\n|move|p2a: Garganacl|Explosion|p1b: Abomasnow|[spread] p2b,p1a,p1b\n|-enditem|p2a: Garganacl|Normal Gem|[from] gem\n|-activate|p2b: Tatsugiri|move: Endure\n|-damage|p2b: Tatsugiri|1\/100 frz\n|-damage|p1a: Iron Bundle|14\/100\n|-damage|p1b: Abomasnow|16\/100\n|faint|p2a: Garganacl\n|\n|-weather|Snow|[upkeep]\n|upkeep\n|inactive|Trying365 has 30 seconds left.\n|\n|t:|1683670050\n|switch|p2a: Dondozo|Dondozo, L50, F|100\/100\n|-activate|p2b: Tatsugiri|ability: Commander|[of] p2a: Dondozo\n|-boost|p2a: Dondozo|atk|2\n|-boost|p2a: Dondozo|spa|2\n|-boost|p2a: Dondozo|spe|2\n|-boost|p2a: Dondozo|def|2\n|-boost|p2a: Dondozo|spd|2\n|turn|2\n|\n|t:|1683670066\n|move|p2a: Dondozo|Protect|p2a: Dondozo\n|-singleturn|p2a: Dondozo|Protect\n|move|p1a: Iron Bundle|Freeze-Dry|p2a: Dondozo\n|-activate|p2a: Dondozo|move: Protect\n|move|p1b: Abomasnow|Blizzard|p2a: Dondozo|[spread] \n|-miss|p1b: Abomasnow|p2b: Tatsugiri\n|-activate|p2a: Dondozo|move: Protect\n|\n|-weather|Snow|[upkeep]\n|upkeep\n|turn|3\n|\n|t:|1683670087\n|move|p1a: Iron Bundle|Freeze-Dry|p2a: Dondozo\n|-supereffective|p2a: Dondozo\n|-damage|p2a: Dondozo|75\/100\n|move|p2a: Dondozo|Earthquake|p1b: Abomasnow|[spread] p1a,p1b\n|-miss|p2a: Dondozo|p2b: Tatsugiri\n|-resisted|p1b: Abomasnow\n|-damage|p1a: Iron Bundle|0 fnt\n|-damage|p1b: Abomasnow|1\/100\n|faint|p1a: Iron Bundle\n|-end|p1a: Iron Bundle|Quark Drive|[silent]\n|move|p1b: Abomasnow|Energy Ball|p2a: Dondozo\n|-supereffective|p2a: Dondozo\n|-damage|p2a: Dondozo|46\/100\n|\n|-weather|Snow|[upkeep]\n|upkeep\n|\n|t:|1683670102\n|switch|p1a: Annihilape|Annihilape, L50, F, shiny|100\/100\n|turn|4\n|\n|t:|1683670106\n|move|p1b: Abomasnow|Protect|p1b: Abomasnow\n|-singleturn|p1b: Abomasnow|Protect\n|move|p1a: Annihilape|Bulk Up|p1a: Annihilape\n|-boost|p1a: Annihilape|atk|1\n|-boost|p1a: Annihilape|def|1\n|move|p2a: Dondozo|Earthquake|p1a: Annihilape|[spread] p1a\n|-miss|p2a: Dondozo|p2b: Tatsugiri\n|-activate|p1b: Abomasnow|move: Protect\n|-damage|p1a: Annihilape|69\/100\n|\n|-weather|Snow|[upkeep]\n|-heal|p1a: Annihilape|75\/100|[from] item: Leftovers\n|upkeep\n|turn|5\n|\n|t:|1683670124\n|move|p1a: Annihilape|Rage Fist|p2a: Dondozo\n|-damage|p2a: Dondozo|22\/100\n|move|p2a: Dondozo|Rest|p2a: Dondozo\n|-status|p2a: Dondozo|slp|[from] move: Rest\n|-enditem|p2a: Dondozo|Lum Berry|[eat]\n|-curestatus|p2a: Dondozo|slp|[msg]\n|-heal|p2a: Dondozo|100\/100|[silent]\n|move|p1b: Abomasnow|Energy Ball|p2a: Dondozo\n|-supereffective|p2a: Dondozo\n|-damage|p2a: Dondozo|70\/100\n|\n|-weather|none\n|-heal|p1a: Annihilape|81\/100|[from] item: Leftovers\n|upkeep\n|turn|6\n|\n|t:|1683670141\n|move|p1b: Abomasnow|Protect|p1b: Abomasnow\n|-singleturn|p1b: Abomasnow|Protect\n|move|p1a: Annihilape|Drain Punch|p2a: Dondozo\n|-damage|p2a: Dondozo|51\/100\n|-heal|p1a: Annihilape|94\/100|[from] drain|[of] p2a: Dondozo\n|move|p2a: Dondozo|Wave Crash|p1a: Annihilape\n|-damage|p1a: Annihilape|21\/100\n|-damage|p2a: Dondozo|34\/100|[from] Recoil\n|\n|-heal|p1a: Annihilape|27\/100|[from] item: Leftovers\n|upkeep\n|turn|7\n|\n|t:|1683670165\n|move|p1a: Annihilape|Drain Punch|p2a: Dondozo\n|-damage|p2a: Dondozo|15\/100\n|-heal|p1a: Annihilape|40\/100|[from] drain|[of] p2a: Dondozo\n|move|p2a: Dondozo|Earthquake|p1b: Abomasnow|[spread] p1a,p1b\n|-miss|p2a: Dondozo|p2b: Tatsugiri\n|-resisted|p1b: Abomasnow\n|-damage|p1a: Annihilape|8\/100\n|-damage|p1b: Abomasnow|0 fnt\n|faint|p1b: Abomasnow\n|\n|-heal|p1a: Annihilape|14\/100|[from] item: Leftovers\n|upkeep\n|\n|t:|1683670175\n|switch|p1b: Scizor|Scizor, L50, M, shiny|100\/100\n|turn|8\n|\n|t:|1683670189\n|move|p1a: Annihilape|Drain Punch|p2a: Dondozo\n|-damage|p2a: Dondozo|0 fnt\n|-heal|p1a: Annihilape|24\/100|[from] drain|[of] p2a: Dondozo\n|faint|p2a: Dondozo\n|move|p1b: Scizor|Swords Dance|p1b: Scizor\n|-boost|p1b: Scizor|atk|2\n|\n|-heal|p1a: Annihilape|30\/100|[from] item: Leftovers\n|upkeep\n|\n|t:|1683670193\n|switch|p2a: Flamigo|Flamigo, L50, F|100\/100\n|-copyboost|p2a: Flamigo|p2b: Tatsugiri|[from] ability: Costar\n|turn|9\n|inactive|KarinaMomatova has 30 seconds left.\n|inactive|KarinaMomatova has 20 seconds left.\n|inactive|KarinaMomatova has 15 seconds left.\n|inactive|KarinaMomatova has 10 seconds left.\n|\n|t:|1683670239\n|-terastallize|p1b: Scizor|Steel\n|move|p1b: Scizor|Bullet Punch|p2a: Flamigo\n|-enditem|p2a: Flamigo|Focus Sash\n|-damage|p2a: Flamigo|1\/100\n|move|p2a: Flamigo|Brave Bird|p1a: Annihilape\n|-supereffective|p1a: Annihilape\n|-damage|p1a: Annihilape|0 fnt\n|faint|p1a: Annihilape\n|-damage|p2a: Flamigo|0 fnt|[from] Recoil\n|faint|p2a: Flamigo\n|cant|p2b: Tatsugiri|frz\n|\n|upkeep\n|turn|10\n|\n|t:|1683670253\n|move|p1b: Scizor|Bullet Punch|p2b: Tatsugiri\n|-resisted|p2b: Tatsugiri\n|-damage|p2b: Tatsugiri|0 fnt\n|faint|p2b: Tatsugiri\n|\n|win|KarinaMomatova\n|raw|KarinaMomatova's rating: 1263 → 1290<\/strong> (+27 for winning)\n|raw|Trying365's rating: 1292 → 1265<\/strong> (-27 for losing)\n","uploadtime":1683670256,"views":10,"p1id":"karinamomatova","p2id":"trying365","formatid":"gen9vgc2023regulationc","rating":1265,"private":0,"password":""}