{"id":"gen9vgc2023regulationc-1846512602","p1":"Veiv","p2":"FlamingRaccoonVGC","format":"[Gen 9] VGC 2023 Regulation C","log":"|j|\u2606Veiv\n|j|\u2606FlamingRaccoonVGC\n|t:|1681847244\n|gametype|doubles\n|player|p1|Veiv|cynthia-gen4|\n|player|p2|FlamingRaccoonVGC|rika|\n|teamsize|p1|6\n|teamsize|p2|6\n|gen|9\n|tier|[Gen 9] VGC 2023 Regulation C\n|rule|Species Clause: Limit one of each Pok\u00e9mon\n|rule|Item Clause: Limit one of each item\n|clearpoke\n|poke|p1|Spiritomb, L50, F|\n|poke|p1|Chien-Pao, L50|\n|poke|p1|Ting-Lu, L50|\n|poke|p1|Brute Bonnet, L50|\n|poke|p1|Iron Jugulis, L50|\n|poke|p1|Kingambit, L50, M|\n|poke|p2|Maushold-Four, L50|\n|poke|p2|Annihilape, L50, M|\n|poke|p2|Gyarados, L50, M|\n|poke|p2|Amoonguss, L50, F|\n|poke|p2|Ting-Lu, L50|\n|poke|p2|Volcarona, L50, M|\n|teampreview|4\nFlamingRaccoonVGC has agreed to open team sheets.\nVeiv has agreed to open team sheets.\n|\n|t:|1681847351\n|start\n|switch|p1a: Brute Bonnet|Brute Bonnet, L50|100\/100\n|switch|p1b: Iron Jugulis|Iron Jugulis, L50|100\/100\n|switch|p2a: Gyarados|Gyarados, L50, M, shiny|100\/100\n|switch|p2b: Volcarona|Volcarona, L50, M|100\/100\n|-ability|p2a: Gyarados|Intimidate|boost\n|-unboost|p1a: Brute Bonnet|atk|1\n|-unboost|p1b: Iron Jugulis|atk|1\n|-enditem|p1b: Iron Jugulis|Booster Energy\n|-activate|p1b: Iron Jugulis|ability: Quark Drive|[fromitem]\n|-start|p1b: Iron Jugulis|quarkdrivespe\n|turn|1\n|\n|t:|1681847395\n|move|p1b: Iron Jugulis|Taunt|p2a: Gyarados\n|-start|p2a: Gyarados|move: Taunt\n|move|p2b: Volcarona|Quiver Dance|p2b: Volcarona\n|-boost|p2b: Volcarona|spa|1\n|-boost|p2b: Volcarona|spd|1\n|-boost|p2b: Volcarona|spe|1\n|cant|p2a: Gyarados|move: Taunt|Taunt\n|move|p1a: Brute Bonnet|Spore|p2b: Volcarona\n|-status|p2b: Volcarona|slp|[from] move: Spore\n|\n|upkeep\n|turn|2\n|\n|t:|1681847418\n|switch|p2a: Amoonguss|Amoonguss, L50, F|100\/100\n|cant|p2b: Volcarona|slp\n|move|p1b: Iron Jugulis|Snarl|p2b: Volcarona|[spread] p2a,p2b\n|-damage|p2a: Amoonguss|86\/100\n|-damage|p2b: Volcarona|89\/100 slp\n|-unboost|p2a: Amoonguss|spa|1\n|-unboost|p2b: Volcarona|spa|1\n|move|p1a: Brute Bonnet|Bullet Seed|p2a: Amoonguss\n|-resisted|p2a: Amoonguss\n|-damage|p2a: Amoonguss|85\/100\n|-resisted|p2a: Amoonguss\n|-damage|p2a: Amoonguss|83\/100\n|-resisted|p2a: Amoonguss\n|-damage|p2a: Amoonguss|81\/100\n|-resisted|p2a: Amoonguss\n|-damage|p2a: Amoonguss|79\/100\n|-resisted|p2a: Amoonguss\n|-damage|p2a: Amoonguss|77\/100\n|-hitcount|p2a: Amoonguss|5\n|\n|-heal|p2b: Volcarona|95\/100 slp|[from] item: Leftovers\n|upkeep\n|turn|3\n|\n|t:|1681847441\n|move|p2a: Amoonguss|Protect|p2a: Amoonguss\n|-singleturn|p2a: Amoonguss|Protect\n|move|p1b: Iron Jugulis|Air Slash|p2b: Volcarona\n|-supereffective|p2b: Volcarona\n|-crit|p2b: Volcarona\n|-damage|p2b: Volcarona|0 fnt\n|faint|p2b: Volcarona\n|move|p1a: Brute Bonnet|Crunch|p2a: Amoonguss\n|-activate|p2a: Amoonguss|move: Protect\n|\n|upkeep\n|\n|t:|1681847457\n|switch|p2b: Gyarados|Gyarados, L50, M, shiny|100\/100\n|-ability|p2b: Gyarados|Intimidate|boost\n|-unboost|p1a: Brute Bonnet|atk|1\n|-unboost|p1b: Iron Jugulis|atk|1\n|turn|4\n|\n|t:|1681847472\n|move|p1a: Brute Bonnet|Protect|p1a: Brute Bonnet\n|-singleturn|p1a: Brute Bonnet|Protect\n|move|p1b: Iron Jugulis|Taunt|p2a: Amoonguss\n|-start|p2a: Amoonguss|move: Taunt\n|move|p2b: Gyarados|Taunt|p1a: Brute Bonnet\n|-activate|p1a: Brute Bonnet|move: Protect\n|cant|p2a: Amoonguss|move: Taunt|Spore\n|\n|upkeep\n|turn|5\n|\n|t:|1681847490\n|switch|p2a: Ting-Lu|Ting-Lu, L50|100\/100\n|-ability|p2a: Ting-Lu|Vessel of Ruin\n|move|p1b: Iron Jugulis|Air Slash|p2a: Ting-Lu\n|-damage|p2a: Ting-Lu|87\/100\n|move|p2b: Gyarados|Taunt|p1a: Brute Bonnet\n|-start|p1a: Brute Bonnet|move: Taunt\n|move|p1a: Brute Bonnet|Bullet Seed|p2b: Gyarados\n|-damage|p2b: Gyarados|93\/100\n|-crit|p2b: Gyarados\n|-damage|p2b: Gyarados|72\/100\n|-damage|p2b: Gyarados|66\/100\n|-damage|p2b: Gyarados|58\/100\n|-damage|p2b: Gyarados|51\/100\n|-hitcount|p2b: Gyarados|5\n|\n|upkeep\n|turn|6\n|\n|t:|1681847515\n|move|p1b: Iron Jugulis|Taunt|p2b: Gyarados\n|-start|p2b: Gyarados|move: Taunt\n|cant|p2b: Gyarados|move: Taunt|Thunder Wave\n|move|p1a: Brute Bonnet|Bullet Seed|p2a: Ting-Lu\n|-supereffective|p2a: Ting-Lu\n|-damage|p2a: Ting-Lu|79\/100\n|-supereffective|p2a: Ting-Lu\n|-damage|p2a: Ting-Lu|70\/100\n|-supereffective|p2a: Ting-Lu\n|-damage|p2a: Ting-Lu|62\/100\n|-supereffective|p2a: Ting-Lu\n|-damage|p2a: Ting-Lu|53\/100\n|-hitcount|p2a: Ting-Lu|4\n|move|p2a: Ting-Lu|Fissure|p1a: Brute Bonnet|[miss]\n|-miss|p2a: Ting-Lu|p1a: Brute Bonnet\n|\n|upkeep\n|turn|7\n|\n|t:|1681847534\n|move|p1b: Iron Jugulis|Air Slash|p2b: Gyarados|[miss]\n|-miss|p1b: Iron Jugulis|p2b: Gyarados\n|move|p2b: Gyarados|Waterfall|p1b: Iron Jugulis\n|-damage|p1b: Iron Jugulis|58\/100\n|move|p1a: Brute Bonnet|Bullet Seed|p2a: Ting-Lu\n|-supereffective|p2a: Ting-Lu\n|-damage|p2a: Ting-Lu|46\/100\n|-supereffective|p2a: Ting-Lu\n|-damage|p2a: Ting-Lu|37\/100\n|-supereffective|p2a: Ting-Lu\n|-damage|p2a: Ting-Lu|27\/100\n|-supereffective|p2a: Ting-Lu\n|-damage|p2a: Ting-Lu|20\/100\n|-supereffective|p2a: Ting-Lu\n|-damage|p2a: Ting-Lu|11\/100\n|-hitcount|p2a: Ting-Lu|5\n|move|p2a: Ting-Lu|Stomping Tantrum|p1a: Brute Bonnet\n|-resisted|p1a: Brute Bonnet\n|-damage|p1a: Brute Bonnet|71\/100\n|\n|-end|p1a: Brute Bonnet|move: Taunt\n|upkeep\n|turn|8\n|-message|FlamingRaccoonVGC forfeited.\n|\n|win|Veiv\n|l|\u2606Veiv\n","uploadtime":1681847613,"views":11,"p1id":"veiv","p2id":"flamingraccoonvgc","formatid":"gen9vgc2023regulationc","rating":0,"private":0,"password":""}