{"id":"gen9vgc2023regulationc-1853439099","p1":"haha u rage quit","p2":"kyanabsl","format":"[Gen 9] VGC 2023 Regulation C","log":"|j|\u2606haha u rage quit\n|j|\u2606kyanabsl\n|t:|1682685244\n|gametype|doubles\n|player|p1|haha u rage quit|pokemaniac|1286\n|player|p2|kyanabsl|265|1297\n|teamsize|p1|6\n|teamsize|p2|6\n|gen|9\n|tier|[Gen 9] VGC 2023 Regulation C\n|rated|\n|rule|Species Clause: Limit one of each Pok\u00e9mon\n|rule|Item Clause: Limit one of each item\n|clearpoke\n|poke|p1|Roaring Moon, L50|\n|poke|p1|Hippowdon, L50, M|\n|poke|p1|Tyranitar, L50, M|\n|poke|p1|Great Tusk, L50|\n|poke|p1|Garchomp, L50, M|\n|poke|p1|Lycanroc, L50, M|\n|poke|p2|Lilligant, L50, F|\n|poke|p2|Torkoal, L50, M|\n|poke|p2|Ting-Lu, L50|\n|poke|p2|Great Tusk, L50|\n|poke|p2|Dragonite, L50, M|\n|poke|p2|Flutter Mane, L50|\n|teampreview|4\n|\n|t:|1682685290\n|start\n|switch|p1a: Roaring Moon|Roaring Moon, L50|100\/100\n|switch|p1b: Hippowdon|Hippowdon, L50, M|100\/100\n|switch|p2a: Ting-Lu|Ting-Lu, L50|100\/100\n|switch|p2b: Dragonite|Dragonite, L50, M|100\/100\n|-ability|p2a: Ting-Lu|Vessel of Ruin\n|-enditem|p1a: Roaring Moon|Booster Energy\n|-activate|p1a: Roaring Moon|ability: Protosynthesis|[fromitem]\n|-start|p1a: Roaring Moon|protosynthesisspe\n|turn|1\n|\n|t:|1682685309\n|move|p1a: Roaring Moon|Breaking Swipe|p2b: Dragonite|[spread] p2a,p2b\n|-supereffective|p2b: Dragonite\n|-damage|p2a: Ting-Lu|84\/100\n|-damage|p2b: Dragonite|75\/100\n|-unboost|p2b: Dragonite|atk|1\n|move|p2b: Dragonite|Tailwind|p2b: Dragonite\n|-sidestart|p2: kyanabsl|move: Tailwind\n|move|p2a: Ting-Lu|Taunt|p1b: Hippowdon\n|-start|p1b: Hippowdon|move: Taunt\n|move|p1b: Hippowdon|Fissure|p2a: Ting-Lu|[miss]\n|-miss|p1b: Hippowdon|p2a: Ting-Lu\n|\n|upkeep\n|turn|2\n|\n|t:|1682685339\n|-terastallize|p2b: Dragonite|Flying\n|move|p1a: Roaring Moon|Breaking Swipe|p2a: Ting-Lu|[spread] p2a,p2b\n|-damage|p2a: Ting-Lu|68\/100\n|-damage|p2b: Dragonite|50\/100\n|-unboost|p2b: Dragonite|atk|1\n|move|p2b: Dragonite|Tera Blast|p1a: Roaring Moon\n|-damage|p1a: Roaring Moon|76\/100\n|move|p2a: Ting-Lu|Earthquake|p1b: Hippowdon|[spread] p1a,p1b\n|-immune|p2b: Dragonite\n|-damage|p1a: Roaring Moon|30\/100\n|-damage|p1b: Hippowdon|73\/100\n|move|p1b: Hippowdon|Fissure|p2a: Ting-Lu\n|-damage|p2a: Ting-Lu|0 fnt\n|faint|p2a: Ting-Lu\n|-ohko\n|\n|upkeep\n|\n|t:|1682685363\n|switch|p2a: Flutter Mane|Flutter Mane, L50|100\/100\n|turn|3\n|\n|t:|1682685383\n|switch|p2b: Torkoal|Torkoal, L50, M|100\/100\n|-weather|SunnyDay|[from] ability: Drought|[of] p2b: Torkoal\n|-activate|p2a: Flutter Mane|ability: Protosynthesis\n|-start|p2a: Flutter Mane|protosynthesisspa\n|move|p2a: Flutter Mane|Dazzling Gleam|p1b: Hippowdon|[spread] p1a,p1b\n|-supereffective|p1a: Roaring Moon\n|-damage|p1a: Roaring Moon|0 fnt\n|-damage|p1b: Hippowdon|18\/100\n|-enditem|p1b: Hippowdon|Sitrus Berry|[eat]\n|-heal|p1b: Hippowdon|43\/100|[from] item: Sitrus Berry\n|faint|p1a: Roaring Moon\n|-end|p1a: Roaring Moon|Protosynthesis|[silent]\n|move|p1b: Hippowdon|Iron Head|p2a: Flutter Mane\n|-supereffective|p2a: Flutter Mane\n|-damage|p2a: Flutter Mane|4\/100\n|\n|-weather|SunnyDay|[upkeep]\n|-end|p1b: Hippowdon|move: Taunt\n|upkeep\n|\n|t:|1682685398\n|switch|p1a: Tyranitar|Tyranitar, L50, M|100\/100\n|-weather|Sandstorm|[from] ability: Sand Stream|[of] p1a: Tyranitar\n|-end|p2a: Flutter Mane|Protosynthesis\n|turn|4\n|\n|t:|1682685415\n|-terastallize|p1a: Tyranitar|Flying\n|move|p2a: Flutter Mane|Dazzling Gleam|p1b: Hippowdon|[spread] p1a,p1b\n|-crit|p1b: Hippowdon\n|-damage|p1a: Tyranitar|66\/100\n|-damage|p1b: Hippowdon|0 fnt\n|faint|p1b: Hippowdon\n|move|p1a: Tyranitar|Rock Slide|p2a: Flutter Mane|[spread] p2a,p2b\n|-supereffective|p2b: Torkoal\n|-damage|p2a: Flutter Mane|0 fnt\n|-damage|p2b: Torkoal|45\/100\n|faint|p2a: Flutter Mane\n|-end|p2a: Flutter Mane|Protosynthesis|[silent]\n|move|p2b: Torkoal|Earth Power|p1a: Tyranitar\n|-immune|p1a: Tyranitar\n|\n|-weather|Sandstorm|[upkeep]\n|-damage|p1a: Tyranitar|60\/100|[from] Sandstorm\n|-damage|p2b: Torkoal|39\/100|[from] Sandstorm\n|-sideend|p2: kyanabsl|move: Tailwind\n|upkeep\n|inactive|Battle timer is ON: inactive players will automatically lose when time's up. (requested by haha u rage quit)\n|inactive|kyanabsl has 60 seconds left.\n|inactive|kyanabsl has 30 seconds left.\n|inactive|kyanabsl has 20 seconds left.\n|inactive|kyanabsl has 15 seconds left.\n|inactive|kyanabsl has 10 seconds left.\n|inactive|kyanabsl has 5 seconds left.\n|\n|t:|1682685527\n|switch|p2a: Dragonite|Dragonite, L50, M, tera:Flying|50\/100\n|switch|p1b: Great Tusk|Great Tusk, L50, shiny|100\/100\n|turn|5\n|inactive|kyanabsl has 30 seconds left.\n|inactive|kyanabsl has 20 seconds left.\n|inactive|kyanabsl has 15 seconds left.\n|inactive|kyanabsl has 10 seconds left.\n|inactive|kyanabsl has 5 seconds left.\n|\n|t:|1682685582\n|move|p1b: Great Tusk|Rock Slide|p2b: Torkoal|[spread] p2a,p2b\n|-supereffective|p2a: Dragonite\n|-supereffective|p2b: Torkoal\n|-damage|p2a: Dragonite|9\/100\n|-damage|p2b: Torkoal|4\/100\n|move|p2a: Dragonite|Tailwind|p2a: Dragonite\n|-sidestart|p2: kyanabsl|move: Tailwind\n|move|p1a: Tyranitar|Rock Slide|p2a: Dragonite|[spread] p2a,p2b\n|-supereffective|p2a: Dragonite\n|-supereffective|p2b: Torkoal\n|-damage|p2a: Dragonite|0 fnt\n|-damage|p2b: Torkoal|0 fnt\n|faint|p2a: Dragonite\n|faint|p2b: Torkoal\n|\n|win|haha u rage quit\n|raw|haha u rage quit's rating: 1286 → 1308<\/strong> (+22 for winning)\n|raw|kyanabsl's rating: 1250 → 1228<\/strong> (-22 for losing)\n","uploadtime":1682685600,"views":13,"p1id":"hahauragequit","p2id":"kyanabsl","formatid":"gen9vgc2023regulationc","rating":1228,"private":0,"password":""}