{"id":"gen9vgc2023regulationc-1854362428","p1":"Camodude27","p2":"bohm11","format":"[Gen 9] VGC 2023 Regulation C","log":"|j|\u2606Camodude27\n|j|\u2606bohm11\n|t:|1682801533\n|gametype|doubles\n|player|p1|Camodude27|palmer|\n|player|p2|bohm11|102|\n|teamsize|p1|6\n|teamsize|p2|6\n|gen|9\n|tier|[Gen 9] VGC 2023 Regulation C\n|rule|Species Clause: Limit one of each Pok\u00e9mon\n|rule|Item Clause: Limit one of each item\n|clearpoke\n|poke|p1|Meowscarada, L50, F|\n|poke|p1|Chi-Yu, L50|\n|poke|p1|Primeape, L50, F|\n|poke|p1|Kilowattrel, L50, F|\n|poke|p1|Vivillon, L50, M|\n|poke|p1|Lokix, L50, F|\n|poke|p2|Lycanroc, L50, F|\n|poke|p2|Hippowdon, L50, F|\n|poke|p2|Gothitelle, L50, M|\n|poke|p2|Scream Tail, L50|\n|poke|p2|Breloom, L50, F|\n|poke|p2|Garganacl, L50, F|\n|teampreview|4\n|c|\u2606bohm11|g1\n|c|\u2606Camodude27|glhf\n|c|\u2606bohm11|you too! glhf!\n|\n|t:|1682801631\n|start\n|switch|p1a: Meowscarada|Meowscarada, L50, F|100\/100\n|switch|p1b: Primeape|Primeape, L50, F|100\/100\n|switch|p2a: Lycanroc|Lycanroc, L50, F|100\/100\n|switch|p2b: Hippowdon|Hippowdon, L50, F|100\/100\n|-weather|Sandstorm|[from] ability: Sand Stream|[of] p2b: Hippowdon\n|turn|1\n|\n|t:|1682801650\n|-terastallize|p2a: Lycanroc|Ghost\n|move|p2b: Hippowdon|Helping Hand|p2a: Lycanroc\n|-singleturn|p2a: Lycanroc|Helping Hand|[of] p2b: Hippowdon\n|move|p2a: Lycanroc|Rock Slide|p1b: Primeape|[spread] p1a,p1b\n|-resisted|p1b: Primeape\n|-damage|p1a: Meowscarada|29\/100\n|-damage|p1b: Primeape|86\/100\n|move|p1a: Meowscarada|Flower Trick|p1b: Primeape\n|-start|p1a: Meowscarada|typechange|Grass|[from] ability: Protean\n|-crit|p1b: Primeape\n|-damage|p1b: Primeape|60\/100\n|-setboost|p1b: Primeape|atk|6|[from] ability: Anger Point\n|move|p1b: Primeape|Drain Punch|p2b: Hippowdon\n|-damage|p2b: Hippowdon|32\/100\n|-heal|p1b: Primeape|100\/100|[from] drain|[of] p2b: Hippowdon\n|\n|-weather|Sandstorm|[upkeep]\n|-damage|p1a: Meowscarada|24\/100|[from] Sandstorm\n|-damage|p1b: Primeape|95\/100|[from] Sandstorm\n|upkeep\n|turn|2\n|c|\u2606bohm11|nice forgot about anger point\n|\n|t:|1682801701\n|move|p2b: Hippowdon|Helping Hand|p2a: Lycanroc\n|-singleturn|p2a: Lycanroc|Helping Hand|[of] p2b: Hippowdon\n|move|p2a: Lycanroc|Rock Slide|p1b: Primeape|[spread] p1a,p1b\n|-crit|p1a: Meowscarada\n|-resisted|p1b: Primeape\n|-damage|p1a: Meowscarada|0 fnt\n|-damage|p1b: Primeape|81\/100\n|faint|p1a: Meowscarada\n|move|p1b: Primeape|Rage Fist|p2a: Lycanroc\n|-supereffective|p2a: Lycanroc\n|-damage|p2a: Lycanroc|0 fnt\n|faint|p2a: Lycanroc\n|\n|-weather|Sandstorm|[upkeep]\n|-damage|p1b: Primeape|75\/100|[from] Sandstorm\n|upkeep\n|\n|t:|1682801722\n|switch|p1a: Vivillon|Vivillon, L50, M|100\/100\n|switch|p2a: Breloom|Breloom, L50, F|100\/100\n|turn|3\n|\n|t:|1682801742\n|move|p2a: Breloom|Protect|p2a: Breloom\n|-singleturn|p2a: Breloom|Protect\n|move|p1b: Primeape|Protect|p1b: Primeape\n|-singleturn|p1b: Primeape|Protect\n|move|p1a: Vivillon|Pollen Puff|p2a: Breloom\n|-activate|p2a: Breloom|move: Protect\n|move|p2b: Hippowdon|Rock Slide|p1a: Vivillon|[spread] p1a\n|-activate|p1b: Primeape|move: Protect\n|-supereffective|p1a: Vivillon\n|-enditem|p1a: Vivillon|Focus Sash\n|-damage|p1a: Vivillon|1\/100\n|\n|-weather|Sandstorm|[upkeep]\n|-damage|p1a: Vivillon|0 fnt|[from] Sandstorm\n|-damage|p2a: Breloom|95\/100|[from] Sandstorm\n|-damage|p1b: Primeape|69\/100|[from] Sandstorm\n|faint|p1a: Vivillon\n|upkeep\n|\n|t:|1682801748\n|switch|p1a: Chi-Yu|Chi-Yu, L50|100\/100\n|-ability|p1a: Chi-Yu|Beads of Ruin\n|turn|4\n|\n|t:|1682801766\n|move|p2a: Breloom|Mach Punch|p1a: Chi-Yu\n|-supereffective|p1a: Chi-Yu\n|-damage|p1a: Chi-Yu|0 fnt\n|faint|p1a: Chi-Yu\n|move|p1b: Primeape|Drain Punch|p2a: Breloom\n|-damage|p2a: Breloom|0 fnt\n|-heal|p1b: Primeape|100\/100|[from] drain|[of] p2a: Breloom\n|faint|p2a: Breloom\n|move|p2b: Hippowdon|Rock Slide|p1b: Primeape\n|-resisted|p1b: Primeape\n|-damage|p1b: Primeape|94\/100\n|\n|-weather|Sandstorm|[upkeep]\n|-damage|p1b: Primeape|88\/100|[from] Sandstorm\n|upkeep\n|\n|t:|1682801778\n|switch|p2a: Garganacl|Garganacl, L50, F|100\/100\n|turn|5\n|\n|t:|1682801790\n|move|p1b: Primeape|Drain Punch|p2a: Garganacl\n|-supereffective|p2a: Garganacl\n|-damage|p2a: Garganacl|0 fnt\n|-heal|p1b: Primeape|100\/100|[from] drain|[of] p2a: Garganacl\n|faint|p2a: Garganacl\n|move|p2b: Hippowdon|Rock Slide|p1b: Primeape|[miss]\n|-miss|p2b: Hippowdon|p1b: Primeape\n|\n|-weather|none\n|upkeep\n|turn|6\n|c|\u2606bohm11|wp gg!\n|c|\u2606Camodude27|gg\n|\n|t:|1682801802\n|move|p2b: Hippowdon|Protect|p2b: Hippowdon\n|-singleturn|p2b: Hippowdon|Protect\n|move|p1b: Primeape|Drain Punch|p2b: Hippowdon\n|-activate|p2b: Hippowdon|move: Protect\n|\n|upkeep\n|turn|7\n|\n|t:|1682801811\n|move|p1b: Primeape|Drain Punch|p2b: Hippowdon\n|-damage|p2b: Hippowdon|0 fnt\n|faint|p2b: Hippowdon\n|\n|win|Camodude27\n|c|\u2606bohm11|primeape wrecks\n|c|\u2606Camodude27|yupp\n","uploadtime":1682802001,"views":44,"p1id":"camodude27","p2id":"bohm11","formatid":"gen9vgc2023regulationc","rating":0,"private":0,"password":""}