{"id":"gen9vgc2023regulationc-1845529762","p1":"t4vr","p2":"Brummes","format":"[Gen 9] VGC 2023 Regulation C","log":"|j|\u2606t4vr\n|j|\u2606Brummes\n|t:|1681742436\n|gametype|doubles\n|player|p1|t4vr|101|1121\n|player|p2|Brummes|102|1012\n|teamsize|p1|6\n|teamsize|p2|6\n|gen|9\n|tier|[Gen 9] VGC 2023 Regulation C\n|rated|\n|rule|Species Clause: Limit one of each Pok\u00e9mon\n|rule|Item Clause: Limit one of each item\n|clearpoke\n|poke|p1|Wo-Chien, L50|\n|poke|p1|Gothitelle, L50, F|\n|poke|p1|Arcanine, L50, F|\n|poke|p1|Great Tusk, L50|\n|poke|p1|Palafin, L50, M|\n|poke|p1|Flutter Mane, L50|\n|poke|p2|Palafin, L50, M|\n|poke|p2|Tauros-Paldea-Blaze, L50, M|\n|poke|p2|Rotom-Mow, L50|\n|poke|p2|Scream Tail, L50|\n|poke|p2|Lokix, L50, M|\n|poke|p2|Gholdengo, L50|\n|teampreview|4\nBrummes has agreed to open team sheets.\n|inactive|Battle timer is ON: inactive players will automatically lose when time's up. (requested by t4vr)\nt4vr has agreed to open team sheets.\n|\n|t:|1681742486\n|start\n|switch|p1a: Palafin|Palafin, L50, M, shiny|100\/100\n|switch|p1b: Great Tusk|Great Tusk, L50|100\/100\n|switch|p2a: Tauros|Tauros-Paldea-Blaze, L50, M|100\/100\n|switch|p2b: Rotom|Rotom-Mow, L50|100\/100\n|-ability|p2a: Tauros|Intimidate|boost\n|-unboost|p1a: Palafin|atk|1\n|-unboost|p1b: Great Tusk|atk|1\n|turn|1\n|inactive|t4vr has 30 seconds left.\n|inactive|Brummes has 30 seconds left.\n|inactive|Brummes has 20 seconds left.\n|\n|t:|1681742524\n|-end|p1b: Great Tusk|Protosynthesis|[silent]\n|switch|p1b: Arcanine|Arcanine, L50, F|100\/100\n|-ability|p1b: Arcanine|Intimidate|boost\n|-unboost|p2a: Tauros|atk|1\n|-unboost|p2b: Rotom|atk|1\n|move|p1a: Palafin|Protect|p1a: Palafin\n|-singleturn|p1a: Palafin|Protect\n|move|p2b: Rotom|Volt Switch|p1a: Palafin\n|-activate|p1a: Palafin|move: Protect\n|move|p2a: Tauros|Flame Charge|p1a: Palafin\n|-activate|p1a: Palafin|move: Protect\n|\n|upkeep\n|turn|2\n|inactive|Brummes has 30 seconds left.\n|inactive|Brummes has 20 seconds left.\n|\n|t:|1681742563\n|switch|p2a: Lokix|Lokix, L50, M|100\/100\n|detailschange|p1a: Palafin|Palafin-Hero, L50, M, shiny\n|switch|p1a: Great Tusk|Great Tusk, L50|100\/100\n|move|p2b: Rotom|Volt Switch|p1a: Great Tusk\n|-immune|p1a: Great Tusk\n|move|p1b: Arcanine|Flare Blitz|p2b: Rotom\n|-supereffective|p2b: Rotom\n|-damage|p2b: Rotom|1\/100\n|-damage|p1b: Arcanine|72\/100|[from] Recoil\n|\n|upkeep\n|turn|3\n|inactive|t4vr has 30 seconds left.\n|inactive|Brummes has 30 seconds left.\n|inactive|t4vr has 20 seconds left.\n|inactive|Brummes has 20 seconds left.\n|inactive|Brummes has 15 seconds left.\n|inactive|Brummes has 10 seconds left.\n|\n|t:|1681742611\n|-end|p1a: Great Tusk|Protosynthesis|[silent]\n|switch|p1a: Flutter Mane|Flutter Mane, L50|100\/100\n|move|p2b: Rotom|Volt Switch|p1b: Arcanine\n|-damage|p1b: Arcanine|39\/100\n|\n|t:|1681742619\n|switch|p2b: Tauros|Tauros-Paldea-Blaze, L50, M|100\/100|[from] Volt Switch\n|-ability|p2b: Tauros|Intimidate|boost\n|-unboost|p1a: Flutter Mane|atk|1\n|-unboost|p1b: Arcanine|atk|1\n|move|p1b: Arcanine|Snarl|p2a: Lokix|[spread] p2a,p2b\n|-resisted|p2a: Lokix\n|-resisted|p2b: Tauros\n|-damage|p2a: Lokix|94\/100\n|-damage|p2b: Tauros|96\/100\n|-unboost|p2a: Lokix|spa|1\n|-unboost|p2b: Tauros|spa|1\n|move|p2a: Lokix|Throat Chop|p1a: Flutter Mane\n|-damage|p1a: Flutter Mane|42\/100\n|-start|p1a: Flutter Mane|Throat Chop|[silent]\n|\n|upkeep\n|turn|4\n|inactive|t4vr has 30 seconds left.\n|inactive|Brummes has 30 seconds left.\n|\n|t:|1681742650\n|switch|p1b: Great Tusk|Great Tusk, L50|100\/100\n|switch|p2a: Rotom|Rotom-Mow, L50|1\/100\n|-terastallize|p1a: Flutter Mane|Grass\n|move|p1a: Flutter Mane|Moonblast|p2b: Tauros\n|-damage|p2b: Tauros|39\/100\n|-unboost|p2b: Tauros|spa|1\n|-damage|p1a: Flutter Mane|32\/100|[from] item: Life Orb\n|move|p2b: Tauros|Flame Charge|p1a: Flutter Mane\n|-supereffective|p1a: Flutter Mane\n|-damage|p1a: Flutter Mane|0 fnt\n|-boost|p2b: Tauros|spe|1\n|faint|p1a: Flutter Mane\n|-end|p1a: Flutter Mane|Protosynthesis|[silent]\n|\n|upkeep\n|\n|t:|1681742669\n|switch|p1a: Palafin|Palafin-Hero, L50, M, shiny|100\/100\n|-activate|p1a: Palafin|ability: Zero to Hero\n|turn|5\n|inactive|Brummes has 30 seconds left.\n|inactive|Brummes has 20 seconds left.\n|inactive|Brummes has 15 seconds left.\n|inactive|Brummes has 10 seconds left.\n|\n|t:|1681742716\n|-terastallize|p2b: Tauros|Grass\n|move|p1a: Palafin|Jet Punch|p2a: Rotom\n|-resisted|p2a: Rotom\n|-damage|p2a: Rotom|0 fnt\n|faint|p2a: Rotom\n|move|p2b: Tauros|Close Combat|p1a: Palafin\n|-damage|p1a: Palafin|48\/100\n|-unboost|p2b: Tauros|def|1\n|-unboost|p2b: Tauros|spd|1\n|move|p1b: Great Tusk|Ice Spinner|p2b: Tauros\n|-supereffective|p2b: Tauros\n|-crit|p2b: Tauros\n|-damage|p2b: Tauros|0 fnt\n|faint|p2b: Tauros\n|\n|upkeep\n|\n|t:|1681742730\n|switch|p2b: Gholdengo|Gholdengo, L50|100\/100\n|switch|p2a: Lokix|Lokix, L50, M|94\/100\n|-item|p2b: Gholdengo|Air Balloon\n|turn|6\n|\n|t:|1681742753\n|move|p2b: Gholdengo|Protect|p2b: Gholdengo\n|-singleturn|p2b: Gholdengo|Protect\n|move|p2a: Lokix|First Impression|p1a: Palafin\n|-damage|p1a: Palafin|5\/100\n|move|p1a: Palafin|Jet Punch|p2b: Gholdengo\n|-activate|p2b: Gholdengo|move: Protect\n|move|p1b: Great Tusk|Headlong Rush|p2b: Gholdengo\n|-activate|p2b: Gholdengo|move: Protect\n|\n|upkeep\n|turn|7\n|\n|t:|1681742777\n|move|p2b: Gholdengo|Protect||[still]\n|-fail|p2b: Gholdengo\n|move|p1a: Palafin|Jet Punch|p2b: Gholdengo\n|-damage|p2b: Gholdengo|57\/100\n|-enditem|p2b: Gholdengo|Air Balloon\n|move|p1b: Great Tusk|Headlong Rush|p2b: Gholdengo\n|-supereffective|p2b: Gholdengo\n|-damage|p2b: Gholdengo|0 fnt\n|-unboost|p1b: Great Tusk|def|1\n|-unboost|p1b: Great Tusk|spd|1\n|faint|p2b: Gholdengo\n|move|p2a: Lokix|Throat Chop|p1a: Palafin\n|-damage|p1a: Palafin|0 fnt\n|faint|p1a: Palafin\n|\n|upkeep\n|\n|t:|1681742792\n|switch|p1a: Arcanine|Arcanine, L50, F|39\/100\n|-ability|p1a: Arcanine|Intimidate|boost\n|-unboost|p2a: Lokix|atk|1\n|turn|8\n|\n|t:|1681742803\n|move|p1a: Arcanine|Flare Blitz|p2a: Lokix\n|-supereffective|p2a: Lokix\n|-damage|p2a: Lokix|0 fnt\n|faint|p2a: Lokix\n|-damage|p1a: Arcanine|8\/100|[from] Recoil\n|\n|win|t4vr\n|raw|t4vr's rating: 1121 → 1138<\/strong> (+17 for winning)\n|raw|Brummes's rating: 1012 → 1004<\/strong> (-8 for losing)\n|l|\u2606Brummes\n","uploadtime":1681742812,"views":9,"p1id":"t4vr","p2id":"brummes","formatid":"gen9vgc2023regulationc","rating":1004,"private":0,"password":""}