{"id":"gen9vgc2023regulationc-1861369018","p1":"Kiky14","p2":"jaysohm","format":"[Gen 9] VGC 2023 Regulation C","log":"|j|\u2606Kiky14\n|j|\u2606jaysohm\n|t:|1683750328\n|gametype|doubles\n|player|p1|Kiky14|hilbert-wonderlauncher|1016\n|player|p2|jaysohm|1|1105\n|teamsize|p1|6\n|teamsize|p2|6\n|gen|9\n|tier|[Gen 9] VGC 2023 Regulation C\n|rated|\n|rule|Species Clause: Limit one of each Pok\u00e9mon\n|rule|Item Clause: Limit one of each item\n|clearpoke\n|poke|p1|Armarouge, L50, F|\n|poke|p1|Chi-Yu, L50|\n|poke|p1|Weavile, L50, F|\n|poke|p1|Great Tusk, L50|\n|poke|p1|Salamence, L50, F|\n|poke|p1|Amoonguss, L50, F|\n|poke|p2|Tyranitar, L50, F|\n|poke|p2|Palafin, L50, F|\n|poke|p2|Volcarona, L50, M|\n|poke|p2|Orthworm, L50, F|\n|poke|p2|Flutter Mane, L50|\n|poke|p2|Chien-Pao, L50|\n|teampreview|4\n|inactive|Battle timer is ON: inactive players will automatically lose when time's up. (requested by jaysohm)\n|inactive|jaysohm has 60 seconds left.\n|\n|t:|1683750387\n|start\n|switch|p1a: Armarouge|Armarouge, L50, F, shiny|100\/100\n|switch|p1b: Weavile|Weavile, L50, F|100\/100\n|switch|p2a: Palafin|Palafin, L50, F|100\/100\n|switch|p2b: Orthworm|Orthworm, L50, F|100\/100\n|turn|1\n|\n|t:|1683750403\n|move|p1b: Weavile|Fling|p1a: Armarouge\n|-supereffective|p1a: Armarouge\n|-damage|p1a: Armarouge|89\/100\n|-boost|p1a: Armarouge|spe|1|[from] item: Salac Berry\n|-enditem|p1a: Armarouge|Weakness Policy\n|-boost|p1a: Armarouge|atk|2|[from] item: Weakness Policy\n|-boost|p1a: Armarouge|spa|2|[from] item: Weakness Policy\n|-enditem|p1b: Weavile|Salac Berry|[from] move: Fling\n|move|p1a: Armarouge|Armor Cannon|p2b: Orthworm\n|-supereffective|p2b: Orthworm\n|-damage|p2b: Orthworm|0 fnt\n|-unboost|p1a: Armarouge|def|1\n|-unboost|p1a: Armarouge|spd|1\n|faint|p2b: Orthworm\n|move|p2a: Palafin|Close Combat|p1b: Weavile\n|-supereffective|p1b: Weavile\n|-damage|p1b: Weavile|0 fnt\n|-unboost|p2a: Palafin|def|1\n|-unboost|p2a: Palafin|spd|1\n|-enditem|p2a: Palafin|Eject Pack\n|faint|p1b: Weavile\n|inactive|jaysohm has 30 seconds left.\n|\n|t:|1683750435\n|detailschange|p2a: Palafin|Palafin-Hero, L50, F\n|switch|p2a: Volcarona|Volcarona, L50, M|100\/100\n|\n|upkeep\n|\n|t:|1683750447\n|switch|p1b: Chi-Yu|Chi-Yu, L50|100\/100\n|switch|p2b: Palafin|Palafin-Hero, L50, F|100\/100\n|-ability|p1b: Chi-Yu|Beads of Ruin\n|-activate|p2b: Palafin|ability: Zero to Hero\n|turn|2\n|inactive|jaysohm has 30 seconds left.\n|inactive|jaysohm has 20 seconds left.\n|\n|t:|1683750482\n|-terastallize|p1a: Armarouge|Grass\n|move|p1b: Chi-Yu|Protect|p1b: Chi-Yu\n|-singleturn|p1b: Chi-Yu|Protect\n|move|p2b: Palafin|Jet Punch|p1a: Armarouge\n|-resisted|p1a: Armarouge\n|-damage|p1a: Armarouge|55\/100\n|move|p1a: Armarouge|Energy Ball|p2b: Palafin\n|-supereffective|p2b: Palafin\n|-damage|p2b: Palafin|0 fnt\n|faint|p2b: Palafin\n|move|p2a: Volcarona|Quiver Dance|p2a: Volcarona\n|-boost|p2a: Volcarona|spa|1\n|-boost|p2a: Volcarona|spd|1\n|-boost|p2a: Volcarona|spe|1\n|\n|upkeep\n|\n|t:|1683750495\n|switch|p2b: Flutter Mane|Flutter Mane, L50|100\/100\n|-enditem|p2b: Flutter Mane|Booster Energy\n|-activate|p2b: Flutter Mane|ability: Protosynthesis|[fromitem]\n|-start|p2b: Flutter Mane|protosynthesisspa\n|turn|3\n|\n|t:|1683750514\n|move|p1a: Armarouge|Protect|p1a: Armarouge\n|-singleturn|p1a: Armarouge|Protect\n|move|p2a: Volcarona|Flamethrower|p1a: Armarouge\n|-activate|p1a: Armarouge|move: Protect\n|move|p2b: Flutter Mane|Moonblast|p1b: Chi-Yu\n|-damage|p1b: Chi-Yu|38\/100\n|move|p1b: Chi-Yu|Ruination|p2a: Volcarona\n|-damage|p2a: Volcarona|51\/100\n|\n|-heal|p1b: Chi-Yu|45\/100|[from] item: Leftovers\n|upkeep\n|turn|4\n|inactive|Kiky14 has 30 seconds left.\n|\n|t:|1683750544\n|switch|p1b: Amoonguss|Amoonguss, L50, F|100\/100\n|move|p1a: Armarouge|Protect||[still]\n|-fail|p1a: Armarouge\n|move|p2a: Volcarona|Flamethrower|p1a: Armarouge\n|-start|p1a: Armarouge|ability: Flash Fire\n|move|p2b: Flutter Mane|Moonblast|p1b: Amoonguss\n|-resisted|p1b: Amoonguss\n|-damage|p1b: Amoonguss|70\/100\n|\n|-heal|p1b: Amoonguss|77\/100|[from] item: Black Sludge\n|upkeep\n|turn|5\n|c|\u2606jaysohm|oops forgot hahaa\n|inactive|Kiky14 has 30 seconds left.\n|\n|t:|1683750572\n|-terastallize|p2b: Flutter Mane|Ghost\n|move|p1b: Amoonguss|Protect|p1b: Amoonguss\n|-singleturn|p1b: Amoonguss|Protect\n|move|p2a: Volcarona|Flamethrower|p1b: Amoonguss\n|-activate|p1b: Amoonguss|move: Protect\n|move|p1a: Armarouge|Armor Cannon|p2b: Flutter Mane\n|-damage|p2b: Flutter Mane|0 fnt\n|-unboost|p1a: Armarouge|def|1\n|-unboost|p1a: Armarouge|spd|1\n|faint|p2b: Flutter Mane\n|-end|p2b: Flutter Mane|Protosynthesis|[silent]\n|\n|-heal|p1b: Amoonguss|83\/100|[from] item: Black Sludge\n|upkeep\n|turn|6\n|-message|jaysohm forfeited.\n|\n|win|Kiky14\n|raw|Kiky14's rating: 1016 → 1063<\/strong> (+47 for winning)\n|raw|jaysohm's rating: 1105 → 1074<\/strong> (-31 for losing)\n|l|\u2606jaysohm\n","uploadtime":1683750632,"views":11,"p1id":"kiky14","p2id":"jaysohm","formatid":"gen9vgc2023regulationc","rating":1063,"private":0,"password":""}