{"id":"gen9vgc2023regulationc-1862342639","p1":"ee123","p2":"jchemmy","format":"[Gen 9] VGC 2023 Regulation C","log":"|j|\u2606ee123\n|j|\u2606jchemmy\n|t:|1683869327\n|gametype|doubles\n|player|p1|ee123|lady|1553\n|player|p2|jchemmy|brock|1435\n|teamsize|p1|6\n|teamsize|p2|6\n|gen|9\n|tier|[Gen 9] VGC 2023 Regulation C\n|rated|\n|rule|Species Clause: Limit one of each Pok\u00e9mon\n|rule|Item Clause: Limit one of each item\n|clearpoke\n|poke|p1|Dondozo, L50, F|\n|poke|p1|Gholdengo, L50|\n|poke|p1|Great Tusk, L50|\n|poke|p1|Dragonite, L50, F|\n|poke|p1|Tatsugiri, L50, M|\n|poke|p1|Gardevoir, L50, F|\n|poke|p2|Flutter Mane, L50|\n|poke|p2|Ting-Lu, L50|\n|poke|p2|Baxcalibur, L50, M|\n|poke|p2|Palafin, L50, M|\n|poke|p2|Arcanine, L50, F|\n|poke|p2|Amoonguss, L50, M|\n|teampreview|4\n|inactive|Battle timer is ON: inactive players will automatically lose when time's up. (requested by jchemmy)\njchemmy has agreed to open team sheets.\n|\n|t:|1683869352\n|start\n|switch|p1a: Tatsugiri|Tatsugiri, L50, M|100\/100\n|switch|p1b: Gholdengo|Gholdengo, L50|100\/100\n|switch|p2a: Arcanine|Arcanine, L50, F|100\/100\n|switch|p2b: Flutter Mane|Flutter Mane, L50|100\/100\n|-ability|p2a: Arcanine|Intimidate|boost\n|-unboost|p1a: Tatsugiri|atk|1\n|-unboost|p1b: Gholdengo|atk|1\n|turn|1\n|\n|t:|1683869366\n|switch|p1b: Dragonite|Dragonite, L50, F|100\/100\n|move|p1a: Tatsugiri|Icy Wind|p2b: Flutter Mane|[spread] p2a,p2b\n|-resisted|p2a: Arcanine\n|-damage|p2a: Arcanine|95\/100\n|-damage|p2b: Flutter Mane|87\/100\n|-unboost|p2a: Arcanine|spe|1\n|-unboost|p2b: Flutter Mane|spe|1\n|move|p2b: Flutter Mane|Thunderbolt|p1b: Dragonite\n|-damage|p1b: Dragonite|79\/100\n|move|p2a: Arcanine|Flare Blitz|p1b: Dragonite\n|-resisted|p1b: Dragonite\n|-damage|p1b: Dragonite|57\/100\n|-damage|p2a: Arcanine|87\/100|[from] Recoil\n|\n|upkeep\n|turn|2\n|inactive|jchemmy has 30 seconds left.\n|\n|t:|1683869393\n|-end|p2b: Flutter Mane|Protosynthesis|[silent]\n|switch|p2b: Baxcalibur|Baxcalibur, L50, M|100\/100\n|move|p1b: Dragonite|Extreme Speed|p2a: Arcanine\n|-damage|p2a: Arcanine|35\/100\n|move|p1a: Tatsugiri|Icy Wind|p2a: Arcanine|[spread] p2a,p2b\n|-resisted|p2a: Arcanine\n|-damage|p2a: Arcanine|29\/100\n|-damage|p2b: Baxcalibur|89\/100\n|-unboost|p2a: Arcanine|spe|1\n|move|p2a: Arcanine|Will-O-Wisp|p1b: Dragonite\n|-status|p1b: Dragonite|brn\n|\n|-damage|p1b: Dragonite|51\/100 brn|[from] brn\n|upkeep\n|turn|3\n|\n|t:|1683869417\n|move|p1b: Dragonite|Extreme Speed|p2b: Baxcalibur\n|-damage|p2b: Baxcalibur|69\/100\n|move|p1a: Tatsugiri|Icy Wind|p2b: Baxcalibur|[spread] p2a,p2b\n|-resisted|p2a: Arcanine\n|-damage|p2a: Arcanine|23\/100\n|-damage|p2b: Baxcalibur|57\/100\n|-unboost|p2a: Arcanine|spe|1\n|move|p2b: Baxcalibur|Glaive Rush|p1a: Tatsugiri\n|-supereffective|p1a: Tatsugiri\n|-damage|p1a: Tatsugiri|0 fnt\n|-singlemove|p2b: Baxcalibur|Glaive Rush|[silent]\n|faint|p1a: Tatsugiri\n|move|p2a: Arcanine|Will-O-Wisp|p1b: Dragonite\n|-fail|p1b: Dragonite|brn\n|\n|-damage|p1b: Dragonite|45\/100 brn|[from] brn\n|upkeep\n|\n|t:|1683869427\n|switch|p1a: Gholdengo|Gholdengo, L50|100\/100\n|turn|4\n|\n|t:|1683869440\n|switch|p2a: Amoonguss|Amoonguss, L50, M|100\/100\n|-terastallize|p1a: Gholdengo|Steel\n|move|p2b: Baxcalibur|Protect|p2b: Baxcalibur\n|-singleturn|p2b: Baxcalibur|Protect\n|move|p1b: Dragonite|Extreme Speed|p2b: Baxcalibur\n|-activate|p2b: Baxcalibur|move: Protect\n|move|p1a: Gholdengo|Make It Rain|p2b: Baxcalibur|[spread] p2a\n|-activate|p2b: Baxcalibur|move: Protect\n|-damage|p2a: Amoonguss|23\/100\n|-unboost|p1a: Gholdengo|spa|1\n|-enditem|p2a: Amoonguss|Sitrus Berry|[eat]\n|-heal|p2a: Amoonguss|48\/100|[from] item: Sitrus Berry\n|\n|-damage|p1b: Dragonite|39\/100 brn|[from] brn\n|upkeep\n|turn|5\n|inactive|jchemmy has 30 seconds left.\n|\n|t:|1683869466\n|move|p1b: Dragonite|Extreme Speed|p2b: Baxcalibur\n|-damage|p2b: Baxcalibur|36\/100\n|move|p2b: Baxcalibur|Ice Shard|p1b: Dragonite\n|-supereffective|p1b: Dragonite\n|-damage|p1b: Dragonite|0 fnt\n|faint|p1b: Dragonite\n|move|p1a: Gholdengo|Make It Rain|p2b: Baxcalibur|[spread] p2a,p2b\n|-supereffective|p2b: Baxcalibur\n|-damage|p2a: Amoonguss|0 fnt\n|-damage|p2b: Baxcalibur|0 fnt\n|-unboost|p1a: Gholdengo|spa|1\n|faint|p2a: Amoonguss\n|faint|p2b: Baxcalibur\n|\n|upkeep\n|\n|t:|1683869474\n|switch|p2b: Flutter Mane|Flutter Mane, L50|87\/100\n|switch|p1b: Great Tusk|Great Tusk, L50|100\/100\n|switch|p2a: Arcanine|Arcanine, L50, F|23\/100\n|-ability|p2a: Arcanine|Intimidate|boost\n|-unboost|p1a: Gholdengo|atk|1\n|-unboost|p1b: Great Tusk|atk|1\n|turn|6\n|\n|t:|1683869498\n|-terastallize|p2a: Arcanine|Flying\n|move|p2b: Flutter Mane|Moonblast|p1b: Great Tusk\n|-supereffective|p1b: Great Tusk\n|-enditem|p1b: Great Tusk|Focus Sash\n|-damage|p1b: Great Tusk|1\/100\n|-unboost|p1b: Great Tusk|spa|1\n|move|p1a: Gholdengo|Make It Rain|p2a: Arcanine|[spread] p2a,p2b\n|-supereffective|p2b: Flutter Mane\n|-damage|p2a: Arcanine|0 fnt\n|-damage|p2b: Flutter Mane|0 fnt\n|-unboost|p1a: Gholdengo|spa|1\n|faint|p2a: Arcanine\n|faint|p2b: Flutter Mane\n|-end|p2b: Flutter Mane|Protosynthesis|[silent]\n|\n|win|ee123\n|raw|ee123's rating: 1553 → 1566<\/strong> (+13 for winning)\n|raw|jchemmy's rating: 1435 → 1422<\/strong> (-13 for losing)\n","uploadtime":1683869506,"views":14,"p1id":"ee123","p2id":"jchemmy","formatid":"gen9vgc2023regulationc","rating":1422,"private":0,"password":""}