{"id":"gen9vgc2023regulationc-1852930864","p1":"wDelo","p2":"TooGoodra","format":"[Gen 9] VGC 2023 Regulation C","log":"|j|\u2606wDelo\n|j|\u2606TooGoodra\n|t:|1682618266\n|gametype|doubles\n|player|p1|wDelo|veteran|1045\n|player|p2|TooGoodra|101|1110\n|teamsize|p1|6\n|teamsize|p2|6\n|gen|9\n|tier|[Gen 9] VGC 2023 Regulation C\n|rated|\n|rule|Species Clause: Limit one of each Pok\u00e9mon\n|rule|Item Clause: Limit one of each item\n|clearpoke\n|poke|p1|Volcarona, L50, F|\n|poke|p1|Baxcalibur, L50, M|\n|poke|p1|Kingambit, L50, M|\n|poke|p1|Gyarados, L50, M|\n|poke|p1|Iron Hands, L50|\n|poke|p1|Arboliva, L50, F|\n|poke|p2|Gholdengo, L50|\n|poke|p2|Goodra, L50, F|\n|poke|p2|Pelipper, L50, M|\n|poke|p2|Palafin, L50, M|\n|poke|p2|Raichu, L50, M|\n|poke|p2|Wo-Chien, L50|\n|teampreview|4\nwDelo has agreed to open team sheets.\n|inactive|Battle timer is ON: inactive players will automatically lose when time's up. (requested by wDelo)\n|\n|t:|1682618293\n|start\n|switch|p1a: wArboliva|Arboliva, L50, F|100\/100\n|switch|p1b: wVolcarona|Volcarona, L50, F|100\/100\n|switch|p2a: Palafin|Palafin, L50, M|100\/100\n|switch|p2b: Pelipper|Pelipper, L50, M|100\/100\n|-weather|RainDance|[from] ability: Drizzle|[of] p2b: Pelipper\n|turn|1\n|inactive|wDelo has 30 seconds left.\n|\n|t:|1682618321\n|detailschange|p2a: Palafin|Palafin-Hero, L50, M\n|switch|p2a: Goodra|Goodra, L50, F|100\/100\n|switch|p1b: wGyarados|Gyarados, L50, M|100\/100\n|-ability|p1b: wGyarados|Intimidate|boost\n|-unboost|p2a: Goodra|atk|1\n|-unboost|p2b: Pelipper|atk|1\n|-terastallize|p1a: wArboliva|Water\n|move|p2b: Pelipper|Tailwind|p2b: Pelipper\n|-sidestart|p2: TooGoodra|move: Tailwind\n|move|p1a: wArboliva|Leech Seed|p2a: Goodra\n|-start|p2a: Goodra|move: Leech Seed\n|\n|-weather|RainDance|[upkeep]\n|-damage|p2a: Goodra|88\/100|[from] Leech Seed|[of] p1a: wArboliva\n|upkeep\n|turn|2\n|inactive|wDelo has 30 seconds left.\n|inactive|TooGoodra has 30 seconds left.\n|\n|t:|1682618351\n|switch|p2b: Wo-Chien|Wo-Chien, L50|100\/100\n|-ability|p2b: Wo-Chien|Tablets of Ruin\n|move|p2a: Goodra|Muddy Water|p1b: wGyarados|[spread] p1b\n|-miss|p2a: Goodra|p1a: wArboliva\n|-resisted|p1b: wGyarados\n|-damage|p1b: wGyarados|90\/100\n|-unboost|p1b: wGyarados|accuracy|1\n|move|p1b: wGyarados|Waterfall|p2a: Goodra\n|-resisted|p2a: Goodra\n|-damage|p2a: Goodra|61\/100\n|move|p1a: wArboliva|Leech Seed|p2b: Wo-Chien\n|-immune|p2b: Wo-Chien\n|\n|-weather|RainDance|[upkeep]\n|-damage|p2a: Goodra|49\/100|[from] Leech Seed|[of] p1a: wArboliva\n|upkeep\n|-enditem|p2a: Goodra|Sitrus Berry|[eat]\n|-heal|p2a: Goodra|74\/100|[from] item: Sitrus Berry\n|turn|3\n|inactive|wDelo has 30 seconds left.\n|inactive|TooGoodra has 30 seconds left.\n|\n|t:|1682618385\n|move|p2a: Goodra|Life Dew||[still]|[spread] p2a,p2b\n|-heal|p2a: Goodra|98\/100\n|-fail|p2b: Wo-Chien|heal\n|move|p2b: Wo-Chien|Leech Seed|p1b: wGyarados\n|-start|p1b: wGyarados|move: Leech Seed\n|move|p1b: wGyarados|Waterfall|p2a: Goodra\n|-resisted|p2a: Goodra\n|-damage|p2a: Goodra|72\/100\n|move|p1a: wArboliva|Pollen Puff|p1b: wGyarados\n|-heal|p1b: wGyarados|100\/100\n|\n|-weather|RainDance|[upkeep]\n|-damage|p2a: Goodra|59\/100|[from] Leech Seed|[of] p1a: wArboliva\n|-damage|p1b: wGyarados|88\/100|[from] Leech Seed|[of] p2b: Wo-Chien\n|upkeep\n|turn|4\n|inactive|wDelo has 30 seconds left.\n|inactive|TooGoodra has 30 seconds left.\n|\n|t:|1682618414\n|move|p2a: Goodra|Rest|p2a: Goodra\n|-status|p2a: Goodra|slp|[from] move: Rest\n|-heal|p2a: Goodra|100\/100 slp|[silent]\n|move|p2b: Wo-Chien|Leech Seed|p1a: wArboliva\n|-start|p1a: wArboliva|move: Leech Seed\n|move|p1b: wGyarados|Taunt|p2b: Wo-Chien|[miss]\n|-miss|p1b: wGyarados|p2b: Wo-Chien\n|move|p1a: wArboliva|Pollen Puff|p2b: Wo-Chien\n|-supereffective|p2b: Wo-Chien\n|-damage|p2b: Wo-Chien|7\/100\n|\n|-weather|RainDance|[upkeep]\n|-activate|p2a: Goodra|ability: Hydration\n|-curestatus|p2a: Goodra|slp|[msg]\n|-heal|p2b: Wo-Chien|13\/100|[from] item: Leftovers\n|-damage|p2a: Goodra|88\/100|[from] Leech Seed|[of] p1a: wArboliva\n|-damage|p1b: wGyarados|76\/100|[from] Leech Seed|[of] p2b: Wo-Chien\n|-heal|p2b: Wo-Chien|26\/100|[silent]\n|-damage|p1a: wArboliva|88\/100|[from] Leech Seed|[of] p2b: Wo-Chien\n|-heal|p2b: Wo-Chien|38\/100|[silent]\n|-sideend|p2: TooGoodra|move: Tailwind\n|upkeep\n|turn|5\n|inactive|wDelo has 30 seconds left.\n|inactive|TooGoodra has 30 seconds left.\n|inactive|wDelo has 20 seconds left.\n|\n|t:|1682618453\n|move|p2b: Wo-Chien|Protect|p2b: Wo-Chien\n|-singleturn|p2b: Wo-Chien|Protect\n|move|p2a: Goodra|Life Dew|p2a: Goodra|[spread] p2a,p2b\n|-heal|p2a: Goodra|100\/100\n|-heal|p2b: Wo-Chien|63\/100\n|move|p1b: wGyarados|Waterfall|p2a: Goodra|[miss]\n|-miss|p1b: wGyarados|p2a: Goodra\n|move|p1a: wArboliva|Pollen Puff|p2b: Wo-Chien\n|-activate|p2b: Wo-Chien|move: Protect\n|\n|-weather|RainDance|[upkeep]\n|-heal|p2b: Wo-Chien|69\/100|[from] item: Leftovers\n|-heal|p1a: wArboliva|94\/100|[from] item: Leftovers\n|-damage|p2a: Goodra|88\/100|[from] Leech Seed|[of] p1a: wArboliva\n|-heal|p1a: wArboliva|100\/100|[silent]\n|-damage|p1b: wGyarados|63\/100|[from] Leech Seed|[of] p2b: Wo-Chien\n|-heal|p2b: Wo-Chien|82\/100|[silent]\n|-damage|p1a: wArboliva|88\/100|[from] Leech Seed|[of] p2b: Wo-Chien\n|-heal|p2b: Wo-Chien|94\/100|[silent]\n|upkeep\n|turn|6\n|inactive|TooGoodra has 30 seconds left.\n|\n|t:|1682618485\n|-terastallize|p2b: Wo-Chien|Fairy\n|move|p2a: Goodra|Muddy Water|p1b: wGyarados|[spread] p1a,p1b\n|-resisted|p1a: wArboliva\n|-resisted|p1b: wGyarados\n|-damage|p1a: wArboliva|78\/100\n|-damage|p1b: wGyarados|52\/100\n|-fieldstart|move: Grassy Terrain|[from] ability: Seed Sower|[of] p1a: wArboliva\n|move|p1b: wGyarados|Waterfall|p2b: Wo-Chien|[miss]\n|-miss|p1b: wGyarados|p2b: Wo-Chien\n|move|p2b: Wo-Chien|Leech Seed||[still]\n|-fail|p2b: Wo-Chien\n|move|p1a: wArboliva|Pollen Puff|p2b: Wo-Chien\n|-resisted|p2b: Wo-Chien\n|-damage|p2b: Wo-Chien|83\/100\n|\n|-weather|RainDance|[upkeep]\n|-heal|p2a: Goodra|94\/100|[from] Grassy Terrain\n|-heal|p2b: Wo-Chien|90\/100|[from] Grassy Terrain\n|-heal|p2b: Wo-Chien|96\/100|[from] item: Leftovers\n|-heal|p1a: wArboliva|84\/100|[from] Grassy Terrain\n|-heal|p1a: wArboliva|90\/100|[from] item: Leftovers\n|-damage|p2a: Goodra|82\/100|[from] Leech Seed|[of] p1a: wArboliva\n|-heal|p1a: wArboliva|100\/100|[silent]\n|-damage|p1b: wGyarados|40\/100|[from] Leech Seed|[of] p2b: Wo-Chien\n|-heal|p2b: Wo-Chien|100\/100|[silent]\n|-damage|p1a: wArboliva|88\/100|[from] Leech Seed|[of] p2b: Wo-Chien\n|upkeep\n|turn|7\n|c|\u2606wDelo|aaaaaaaaaaaaaaaaaaaaaaaaaaaaaaaaaaaaaaaaaaaaaaaaaaaaaaaaaaaa\n|inactive|wDelo has 30 seconds left.\n|inactive|TooGoodra has 30 seconds left.\n|\n|t:|1682618518\n|switch|p1b: wBaxcalibur|Baxcalibur, L50, M|100\/100\n|move|p2a: Goodra|Draco Meteor|p1b: wBaxcalibur\n|-supereffective|p1b: wBaxcalibur\n|-damage|p1b: wBaxcalibur|13\/100\n|-unboost|p2a: Goodra|spa|2\n|move|p2b: Wo-Chien|Foul Play|p1b: wBaxcalibur\n|-damage|p1b: wBaxcalibur|0 fnt\n|faint|p1b: wBaxcalibur\n|move|p1a: wArboliva|Giga Drain|p2b: Wo-Chien\n|-damage|p2b: Wo-Chien|59\/100\n|-heal|p1a: wArboliva|100\/100|[from] drain|[of] p2b: Wo-Chien\n|\n|-weather|RainDance|[upkeep]\n|-heal|p2a: Goodra|88\/100|[from] Grassy Terrain\n|-heal|p2b: Wo-Chien|66\/100|[from] Grassy Terrain\n|-heal|p2b: Wo-Chien|72\/100|[from] item: Leftovers\n|-damage|p2a: Goodra|76\/100|[from] Leech Seed|[of] p1a: wArboliva\n|-damage|p1a: wArboliva|88\/100|[from] Leech Seed|[of] p2b: Wo-Chien\n|-heal|p2b: Wo-Chien|84\/100|[silent]\n|upkeep\n|\n|t:|1682618542\n|switch|p1b: wVolcarona|Volcarona, L50, F|100\/100\n|turn|8\n|\n|t:|1682618565\n|move|p1b: wVolcarona|Rage Powder|p1b: wVolcarona\n|-singleturn|p1b: wVolcarona|move: Rage Powder\n|move|p2a: Goodra|Life Dew|p2a: Goodra|[spread] p2a,p2b\n|-heal|p2a: Goodra|100\/100\n|-heal|p2b: Wo-Chien|100\/100\n|move|p2b: Wo-Chien|Leech Seed|p1b: wVolcarona\n|-start|p1b: wVolcarona|move: Leech Seed\n|move|p1a: wArboliva|Leech Seed|p2b: Wo-Chien\n|-start|p2b: Wo-Chien|move: Leech Seed\n|\n|-weather|none\n|-heal|p1a: wArboliva|94\/100|[from] Grassy Terrain\n|-heal|p1a: wArboliva|99\/100|[from] item: Leftovers\n|-damage|p1b: wVolcarona|88\/100|[from] Leech Seed|[of] p2b: Wo-Chien\n|-damage|p2a: Goodra|88\/100|[from] Leech Seed|[of] p1a: wArboliva\n|-heal|p1a: wArboliva|100\/100|[silent]\n|-damage|p2b: Wo-Chien|88\/100|[from] Leech Seed|[of] p1a: wArboliva\n|-damage|p1a: wArboliva|88\/100|[from] Leech Seed|[of] p2b: Wo-Chien\n|-heal|p2b: Wo-Chien|99\/100|[silent]\n|upkeep\n|turn|9\n|inactive|wDelo has 30 seconds left.\n|inactive|TooGoodra has 30 seconds left.\n|inactive|TooGoodra has 20 seconds left.\n|inactive|TooGoodra has 15 seconds left.\n|\n|t:|1682618609\n|switch|p2a: Pelipper|Pelipper, L50, M|100\/100\n|-weather|RainDance|[from] ability: Drizzle|[of] p2a: Pelipper\n|move|p1b: wVolcarona|Heat Wave|p2a: Pelipper|[spread] p2a,p2b\n|-resisted|p2a: Pelipper\n|-damage|p2a: Pelipper|86\/100\n|-damage|p2b: Wo-Chien|86\/100\n|move|p2b: Wo-Chien|Foul Play|p1b: wVolcarona\n|-damage|p1b: wVolcarona|69\/100\n|move|p1a: wArboliva|Giga Drain|p2a: Pelipper\n|-damage|p2a: Pelipper|6\/100\n|-heal|p1a: wArboliva|100\/100|[from] drain|[of] p2a: Pelipper\n|\n|-weather|RainDance|[upkeep]\n|-heal|p1b: wVolcarona|75\/100|[from] Grassy Terrain\n|-heal|p2b: Wo-Chien|92\/100|[from] Grassy Terrain\n|-heal|p2b: Wo-Chien|98\/100|[from] item: Leftovers\n|-damage|p1b: wVolcarona|62\/100|[from] Leech Seed|[of] p2b: Wo-Chien\n|-heal|p2b: Wo-Chien|100\/100|[silent]\n|-damage|p2b: Wo-Chien|88\/100|[from] Leech Seed|[of] p1a: wArboliva\n|-damage|p1a: wArboliva|88\/100|[from] Leech Seed|[of] p2b: Wo-Chien\n|-heal|p2b: Wo-Chien|99\/100|[silent]\n|upkeep\n|turn|10\n|inactive|wDelo has 30 seconds left.\n|\n|t:|1682618636\n|switch|p2a: Goodra|Goodra, L50, F|88\/100\n|switch|p1b: wGyarados|Gyarados, L50, M|40\/100\n|-ability|p1b: wGyarados|Intimidate|boost\n|-unboost|p2a: Goodra|atk|1\n|-unboost|p2b: Wo-Chien|atk|1\n|move|p2b: Wo-Chien|Leech Seed|p2a: Goodra\n|-start|p2a: Goodra|move: Leech Seed\n|move|p1a: wArboliva|Pollen Puff|p1b: wGyarados\n|-heal|p1b: wGyarados|90\/100\n|\n|-weather|RainDance|[upkeep]\n|-heal|p2a: Goodra|94\/100|[from] Grassy Terrain\n|-heal|p2b: Wo-Chien|100\/100|[from] Grassy Terrain\n|-heal|p1a: wArboliva|94\/100|[from] Grassy Terrain\n|-heal|p1a: wArboliva|99\/100|[from] item: Leftovers\n|-damage|p2a: Goodra|82\/100|[from] Leech Seed|[of] p2b: Wo-Chien\n|-damage|p2b: Wo-Chien|88\/100|[from] Leech Seed|[of] p1a: wArboliva\n|-heal|p1a: wArboliva|100\/100|[silent]\n|-damage|p1a: wArboliva|88\/100|[from] Leech Seed|[of] p2b: Wo-Chien\n|-heal|p2b: Wo-Chien|99\/100|[silent]\n|-fieldend|move: Grassy Terrain\n|upkeep\n|turn|11\n|inactive|wDelo has 30 seconds left.\n|inactive|TooGoodra has 30 seconds left.\n|\n|t:|1682618665\n|move|p2a: Goodra|Muddy Water|p1b: wGyarados|[spread] p1a,p1b\n|-resisted|p1a: wArboliva\n|-resisted|p1b: wGyarados\n|-damage|p1a: wArboliva|77\/100\n|-damage|p1b: wGyarados|79\/100\n|-unboost|p1a: wArboliva|accuracy|1\n|-fieldstart|move: Grassy Terrain|[from] ability: Seed Sower|[of] p1a: wArboliva\n|move|p1b: wGyarados|Taunt|p2b: Wo-Chien\n|-start|p2b: Wo-Chien|move: Taunt\n|cant|p2b: Wo-Chien|move: Taunt|Leech Seed\n|move|p1a: wArboliva|Giga Drain|p2a: Goodra\n|-resisted|p2a: Goodra\n|-damage|p2a: Goodra|68\/100\n|-heal|p1a: wArboliva|85\/100|[from] drain|[of] p2a: Goodra\n|\n|-weather|RainDance|[upkeep]\n|-heal|p2a: Goodra|74\/100|[from] Grassy Terrain\n|-heal|p2b: Wo-Chien|100\/100|[from] Grassy Terrain\n|-heal|p1a: wArboliva|91\/100|[from] Grassy Terrain\n|-heal|p1a: wArboliva|97\/100|[from] item: Leftovers\n|-damage|p2a: Goodra|61\/100|[from] Leech Seed|[of] p2b: Wo-Chien\n|-damage|p2b: Wo-Chien|88\/100|[from] Leech Seed|[of] p1a: wArboliva\n|-heal|p1a: wArboliva|100\/100|[silent]\n|-damage|p1a: wArboliva|88\/100|[from] Leech Seed|[of] p2b: Wo-Chien\n|-heal|p2b: Wo-Chien|99\/100|[silent]\n|upkeep\n|turn|12\n|inactive|TooGoodra has 30 seconds left.\n|\n|t:|1682618695\n|move|p2a: Goodra|Muddy Water|p1b: wGyarados|[spread] p1a,p1b\n|-resisted|p1a: wArboliva\n|-resisted|p1b: wGyarados\n|-damage|p1a: wArboliva|76\/100\n|-damage|p1b: wGyarados|69\/100\n|move|p1b: wGyarados|Taunt|p2a: Goodra\n|-start|p2a: Goodra|move: Taunt\n|move|p2b: Wo-Chien|Pollen Puff|p2a: Goodra\n|-heal|p2a: Goodra|100\/100\n|move|p1a: wArboliva|Pollen Puff|p1b: wGyarados\n|-heal|p1b: wGyarados|100\/100\n|\n|-weather|RainDance|[upkeep]\n|-heal|p2b: Wo-Chien|100\/100|[from] Grassy Terrain\n|-heal|p1a: wArboliva|82\/100|[from] Grassy Terrain\n|-heal|p1a: wArboliva|88\/100|[from] item: Leftovers\n|-damage|p2a: Goodra|88\/100|[from] Leech Seed|[of] p2b: Wo-Chien\n|-damage|p2b: Wo-Chien|88\/100|[from] Leech Seed|[of] p1a: wArboliva\n|-heal|p1a: wArboliva|100\/100|[silent]\n|-damage|p1a: wArboliva|88\/100|[from] Leech Seed|[of] p2b: Wo-Chien\n|-heal|p2b: Wo-Chien|99\/100|[silent]\n|upkeep\n|turn|13\n|inactive|wDelo has 30 seconds left.\n|inactive|TooGoodra has 30 seconds left.\n|\n|t:|1682618723\n|move|p2a: Goodra|Muddy Water|p1a: wArboliva|[spread] p1a,p1b\n|-resisted|p1a: wArboliva\n|-resisted|p1b: wGyarados\n|-damage|p1a: wArboliva|76\/100\n|-damage|p1b: wGyarados|89\/100\n|-unboost|p1b: wGyarados|accuracy|1\n|move|p1b: wGyarados|Waterfall|p2a: Goodra|[miss]\n|-miss|p1b: wGyarados|p2a: Goodra\n|move|p2b: Wo-Chien|Foul Play|p1b: wGyarados\n|-damage|p1b: wGyarados|30\/100\n|move|p1a: wArboliva|Giga Drain|p2a: Goodra\n|-resisted|p2a: Goodra\n|-damage|p2a: Goodra|73\/100\n|-heal|p1a: wArboliva|84\/100|[from] drain|[of] p2a: Goodra\n|\n|-weather|RainDance|[upkeep]\n|-heal|p2a: Goodra|79\/100|[from] Grassy Terrain\n|-heal|p2b: Wo-Chien|100\/100|[from] Grassy Terrain\n|-heal|p1a: wArboliva|90\/100|[from] Grassy Terrain\n|-heal|p1a: wArboliva|96\/100|[from] item: Leftovers\n|-damage|p2a: Goodra|67\/100|[from] Leech Seed|[of] p2b: Wo-Chien\n|-damage|p2b: Wo-Chien|88\/100|[from] Leech Seed|[of] p1a: wArboliva\n|-heal|p1a: wArboliva|100\/100|[silent]\n|-damage|p1a: wArboliva|88\/100|[from] Leech Seed|[of] p2b: Wo-Chien\n|-heal|p2b: Wo-Chien|99\/100|[silent]\n|-end|p2b: Wo-Chien|move: Taunt\n|upkeep\n|turn|14\n|c|\u2606wDelo|oh\n|c|\u2606wDelo|my\n|c|\u2606wDelo|god\n|c|\u2606wDelo|fucking gyarados\n|inactive|wDelo has 30 seconds left.\n|inactive|TooGoodra has 30 seconds left.\n|\n|t:|1682618756\n|move|p2a: Goodra|Muddy Water|p1b: wGyarados|[spread] p1a,p1b\n|-resisted|p1a: wArboliva\n|-resisted|p1b: wGyarados\n|-damage|p1a: wArboliva|77\/100\n|-damage|p1b: wGyarados|19\/100\n|-unboost|p1b: wGyarados|accuracy|1\n|-enditem|p1b: wGyarados|Aguav Berry|[eat]\n|-heal|p1b: wGyarados|53\/100|[from] item: Aguav Berry\n|move|p1b: wGyarados|Taunt|p2b: Wo-Chien\n|-start|p2b: Wo-Chien|move: Taunt\n|move|p2b: Wo-Chien|Foul Play|p1b: wGyarados\n|-damage|p1b: wGyarados|0 fnt\n|faint|p1b: wGyarados\n|move|p1a: wArboliva|Giga Drain|p2a: Goodra\n|-resisted|p2a: Goodra\n|-damage|p2a: Goodra|52\/100\n|-heal|p1a: wArboliva|85\/100|[from] drain|[of] p2a: Goodra\n|\n|-weather|RainDance|[upkeep]\n|-heal|p2a: Goodra|58\/100|[from] Grassy Terrain\n|-heal|p2b: Wo-Chien|100\/100|[from] Grassy Terrain\n|-heal|p1a: wArboliva|91\/100|[from] Grassy Terrain\n|-heal|p1a: wArboliva|97\/100|[from] item: Leftovers\n|-damage|p2a: Goodra|46\/100|[from] Leech Seed|[of] p2b: Wo-Chien\n|-damage|p2b: Wo-Chien|88\/100|[from] Leech Seed|[of] p1a: wArboliva\n|-heal|p1a: wArboliva|100\/100|[silent]\n|-damage|p1a: wArboliva|88\/100|[from] Leech Seed|[of] p2b: Wo-Chien\n|-heal|p2b: Wo-Chien|99\/100|[silent]\n|upkeep\n|inactive|wDelo has 30 seconds left.\n|inactive|wDelo has 20 seconds left.\n|\n|t:|1682618779\n|switch|p1b: wVolcarona|Volcarona, L50, F|62\/100\n|turn|15\n|inactive|wDelo has 20 seconds left this turn.\n|inactive|wDelo has 15 seconds left.\n|inactive|wDelo has 10 seconds left.\n|\n|t:|1682618791\n|move|p1b: wVolcarona|Heat Wave|p2a: Goodra|[spread] p2b\n|-miss|p1b: wVolcarona|p2a: Goodra\n|-damage|p2b: Wo-Chien|85\/100\n|move|p2a: Goodra|Muddy Water|p1b: wVolcarona|[spread] p1a,p1b\n|-resisted|p1a: wArboliva\n|-supereffective|p1b: wVolcarona\n|-damage|p1a: wArboliva|76\/100\n|-damage|p1b: wVolcarona|14\/100\n|-unboost|p1b: wVolcarona|accuracy|1\n|move|p2b: Wo-Chien|Pollen Puff|p2a: Goodra\n|-heal|p2a: Goodra|96\/100\n|move|p1a: wArboliva|Giga Drain|p2a: Goodra\n|-resisted|p2a: Goodra\n|-damage|p2a: Goodra|82\/100\n|-heal|p1a: wArboliva|84\/100|[from] drain|[of] p2a: Goodra\n|\n|-weather|RainDance|[upkeep]\n|-heal|p1b: wVolcarona|20\/100|[from] Grassy Terrain\n|-heal|p2a: Goodra|88\/100|[from] Grassy Terrain\n|-heal|p2b: Wo-Chien|92\/100|[from] Grassy Terrain\n|-heal|p2b: Wo-Chien|98\/100|[from] item: Leftovers\n|-heal|p1a: wArboliva|90\/100|[from] Grassy Terrain\n|-heal|p1a: wArboliva|96\/100|[from] item: Leftovers\n|-damage|p2a: Goodra|76\/100|[from] Leech Seed|[of] p2b: Wo-Chien\n|-heal|p2b: Wo-Chien|100\/100|[silent]\n|-damage|p2b: Wo-Chien|88\/100|[from] Leech Seed|[of] p1a: wArboliva\n|-heal|p1a: wArboliva|100\/100|[silent]\n|-damage|p1a: wArboliva|88\/100|[from] Leech Seed|[of] p2b: Wo-Chien\n|-heal|p2b: Wo-Chien|99\/100|[silent]\n|-end|p2a: Goodra|move: Taunt\n|-fieldend|move: Grassy Terrain\n|upkeep\n|turn|16\n|inactive|wDelo has 10 seconds left this turn.\n|inactive|wDelo has 5 seconds left.\n|-message|wDelo lost due to inactivity.\n|\n|win|TooGoodra\n|raw|wDelo's rating: 1045 → 1031<\/strong> (-14 for losing)\n|raw|TooGoodra's rating: 1110 → 1130<\/strong> (+20 for winning)\n|c|\u2606TooGoodra|Gg\n|c|\u2606wDelo|gg\n|c|\u2606TooGoodra|that was a very interesting game\n|l|\u2606wDelo\n|c|\u2606TooGoodra|lots of fun!\n","uploadtime":1682619192,"views":9,"p1id":"wdelo","p2id":"toogoodra","formatid":"gen9vgc2023regulationc","rating":1031,"private":0,"password":""}