{"id":"gen9vgc2023regulationc-1859134255","p1":"gomatyan","p2":"Charlisito","format":"[Gen 9] VGC 2023 Regulation C","log":"|j|\u2606gomatyan\n|j|\u2606Charlisito\n|t:|1683408568\n|gametype|doubles\n|player|p1|gomatyan|1|1184\n|player|p2|Charlisito|101|1290\n|teamsize|p1|6\n|teamsize|p2|6\n|gen|9\n|tier|[Gen 9] VGC 2023 Regulation C\n|rated|\n|rule|Species Clause: Limit one of each Pok\u00e9mon\n|rule|Item Clause: Limit one of each item\n|clearpoke\n|poke|p1|Armarouge, L50, F|\n|poke|p1|Tyranitar, L50, M|\n|poke|p1|Houndstone, L50, M|\n|poke|p1|Glimmora, L50, M|\n|poke|p1|Garchomp, L50, M|\n|poke|p1|Garganacl, L50, F|\n|poke|p2|Bellibolt, L50, F|\n|poke|p2|Palafin, L50, M|\n|poke|p2|Arcanine, L50, M|\n|poke|p2|Amoonguss, L50, M|\n|poke|p2|Flutter Mane, L50|\n|poke|p2|Ting-Lu, L50|\n|teampreview|4\n|\n|t:|1683408617\n|start\n|switch|p1a: Garchomp|Garchomp, L50, M|100\/100\n|switch|p1b: Garganacl|Garganacl, L50, F|100\/100\n|switch|p2a: Ting-Lu|Ting-Lu, L50|100\/100\n|switch|p2b: Palafin|Palafin, L50, M|100\/100\n|-ability|p2a: Ting-Lu|Vessel of Ruin\n|turn|1\n|\n|t:|1683408665\n|move|p2b: Palafin|Protect|p2b: Palafin\n|-singleturn|p2b: Palafin|Protect\n|move|p1a: Garchomp|Liquidation|p2a: Ting-Lu\n|-supereffective|p2a: Ting-Lu\n|-damage|p2a: Ting-Lu|70\/100\n|move|p2a: Ting-Lu|Ruination|p1b: Garganacl\n|-damage|p1b: Garganacl|51\/100\n|move|p1b: Garganacl|Salt Cure|p2a: Ting-Lu\n|-resisted|p2a: Ting-Lu\n|-damage|p2a: Ting-Lu|67\/100\n|-start|p2a: Ting-Lu|Salt Cure\n|\n|-heal|p2a: Ting-Lu|73\/100|[from] item: Leftovers\n|-heal|p1b: Garganacl|57\/100|[from] item: Leftovers\n|-damage|p2a: Ting-Lu|60\/100|[from] Salt Cure\n|upkeep\n|turn|2\n|\n|t:|1683408695\n|switch|p1a: Tyranitar|Tyranitar, L50, M|100\/100\n|-weather|Sandstorm|[from] ability: Sand Stream|[of] p1a: Tyranitar\n|switch|p2a: Amoonguss|Amoonguss, L50, M|100\/100\n|-terastallize|p2b: Palafin|Water\n|move|p2b: Palafin|Wave Crash|p1b: Garganacl\n|-supereffective|p1b: Garganacl\n|-damage|p1b: Garganacl|0 fnt\n|faint|p1b: Garganacl\n|-damage|p2b: Palafin|81\/100|[from] Recoil\n|\n|-weather|Sandstorm|[upkeep]\n|-damage|p2b: Palafin|75\/100|[from] Sandstorm\n|-damage|p2a: Amoonguss|95\/100|[from] Sandstorm\n|upkeep\n|\n|t:|1683408705\n|switch|p1b: Glimmora|Glimmora, L50, M|100\/100\n|turn|3\n|\n|t:|1683408720\n|switch|p2a: Ting-Lu|Ting-Lu, L50|60\/100\n|-ability|p2a: Ting-Lu|Vessel of Ruin\n|move|p2b: Palafin|Protect|p2b: Palafin\n|-singleturn|p2b: Palafin|Protect\n|move|p1b: Glimmora|Stealth Rock|p2b: Palafin\n|-sidestart|p2: Charlisito|move: Stealth Rock\n|move|p1a: Tyranitar|Rock Slide|p2a: Ting-Lu|[spread] p2a\n|-activate|p2b: Palafin|move: Protect\n|-resisted|p2a: Ting-Lu\n|-damage|p2a: Ting-Lu|52\/100\n|\n|-weather|Sandstorm|[upkeep]\n|-damage|p2b: Palafin|69\/100|[from] Sandstorm\n|-heal|p2a: Ting-Lu|58\/100|[from] item: Leftovers\n|upkeep\n|turn|4\n|\n|t:|1683408745\n|-terastallize|p1b: Glimmora|Grass\n|move|p2b: Palafin|Jet Punch|p1a: Tyranitar\n|-supereffective|p1a: Tyranitar\n|-damage|p1a: Tyranitar|44\/100\n|move|p1b: Glimmora|Mortal Spin|p2b: Palafin|[spread] p2a,p2b\n|-resisted|p2a: Ting-Lu\n|-damage|p2a: Ting-Lu|57\/100\n|-damage|p2b: Palafin|64\/100\n|-status|p2a: Ting-Lu|psn\n|-status|p2b: Palafin|psn\n|move|p1a: Tyranitar|Rock Slide|p2a: Ting-Lu|[spread] p2a,p2b\n|-resisted|p2a: Ting-Lu\n|-damage|p2a: Ting-Lu|48\/100 psn\n|-damage|p2b: Palafin|29\/100 psn\n|cant|p2a: Ting-Lu|flinch\n|\n|-weather|Sandstorm|[upkeep]\n|-damage|p1b: Glimmora|95\/100|[from] Sandstorm\n|-damage|p2b: Palafin|22\/100 psn|[from] Sandstorm\n|-heal|p2a: Ting-Lu|54\/100 psn|[from] item: Leftovers\n|-damage|p2b: Palafin|10\/100 psn|[from] psn\n|-damage|p2a: Ting-Lu|42\/100 psn|[from] psn\n|upkeep\n|turn|5\n|\n|t:|1683408773\n|detailschange|p2b: Palafin|Palafin-Hero, L50, M, tera:Water\n|switch|p2b: Flutter Mane|Flutter Mane, L50|100\/100\n|-enditem|p2b: Flutter Mane|Booster Energy\n|-activate|p2b: Flutter Mane|ability: Protosynthesis|[fromitem]\n|-start|p2b: Flutter Mane|protosynthesisspa\n|-damage|p2b: Flutter Mane|88\/100|[from] Stealth Rock\n|switch|p1a: Garchomp|Garchomp, L50, M|100\/100\n|move|p1b: Glimmora|Earth Power|p2a: Ting-Lu\n|-damage|p2a: Ting-Lu|27\/100 psn\n|move|p2a: Ting-Lu|Stomping Tantrum|p1b: Glimmora\n|-resisted|p1b: Glimmora\n|-damage|p1b: Glimmora|54\/100\n|-activate|p1b: Glimmora|ability: Toxic Debris\n|-sidestart|p2: Charlisito|move: Toxic Spikes\n|\n|-weather|Sandstorm|[upkeep]\n|-damage|p2b: Flutter Mane|82\/100|[from] Sandstorm\n|-damage|p1b: Glimmora|48\/100|[from] Sandstorm\n|-heal|p2a: Ting-Lu|33\/100 psn|[from] item: Leftovers\n|-damage|p2a: Ting-Lu|21\/100 psn|[from] psn\n|upkeep\n|turn|6\n|\n|t:|1683408819\n|move|p1b: Glimmora|Spiky Shield|p1b: Glimmora\n|-singleturn|p1b: Glimmora|move: Protect\n|move|p2a: Ting-Lu|Protect|p2a: Ting-Lu\n|-singleturn|p2a: Ting-Lu|Protect\n|move|p2b: Flutter Mane|Shadow Ball|p1b: Glimmora\n|-activate|p1b: Glimmora|move: Protect\n|move|p1a: Garchomp|Earthquake|p2b: Flutter Mane|[spread] p2b\n|-activate|p1b: Glimmora|move: Protect\n|-activate|p2a: Ting-Lu|move: Protect\n|-damage|p2b: Flutter Mane|7\/100\n|\n|-weather|none\n|-heal|p2a: Ting-Lu|27\/100 psn|[from] item: Leftovers\n|-damage|p2a: Ting-Lu|14\/100 psn|[from] psn\n|upkeep\n|turn|7\n|\n|t:|1683408838\n|switch|p1b: Tyranitar|Tyranitar, L50, M|44\/100\n|-weather|Sandstorm|[from] ability: Sand Stream|[of] p1b: Tyranitar\n|switch|p2a: Amoonguss|Amoonguss, L50, M|100\/100\n|-damage|p2a: Amoonguss|88\/100|[from] Stealth Rock\n|-sideend|p2: Charlisito|move: Toxic Spikes|[of] p2a: Amoonguss\n|move|p1a: Garchomp|Protect|p1a: Garchomp\n|-singleturn|p1a: Garchomp|Protect\n|move|p2b: Flutter Mane|Dazzling Gleam|p1a: Garchomp|[spread] p1b\n|-activate|p1a: Garchomp|move: Protect\n|-supereffective|p1b: Tyranitar\n|-damage|p1b: Tyranitar|0 fnt\n|faint|p1b: Tyranitar\n|\n|-weather|Sandstorm|[upkeep]\n|-damage|p2b: Flutter Mane|0 fnt|[from] Sandstorm\n|-damage|p2a: Amoonguss|82\/100|[from] Sandstorm\n|faint|p2b: Flutter Mane\n|-end|p2b: Flutter Mane|Protosynthesis|[silent]\n|upkeep\n|\n|t:|1683408891\n|switch|p2b: Ting-Lu|Ting-Lu, L50|14\/100 psn\n|switch|p1b: Glimmora|Glimmora, L50, M, tera:Grass|48\/100\n|-damage|p2b: Ting-Lu|8\/100 psn|[from] Stealth Rock\n|-ability|p2b: Ting-Lu|Vessel of Ruin\n|turn|8\n|\n|t:|1683408940\n|move|p1a: Garchomp|Iron Head|p2a: Amoonguss\n|-damage|p2a: Amoonguss|61\/100\n|move|p1b: Glimmora|Earth Power|p2b: Ting-Lu\n|-damage|p2b: Ting-Lu|0 fnt\n|faint|p2b: Ting-Lu\n|move|p2a: Amoonguss|Spore|p1a: Garchomp\n|-status|p1a: Garchomp|slp|[from] move: Spore\n|\n|-weather|Sandstorm|[upkeep]\n|-damage|p1b: Glimmora|43\/100|[from] Sandstorm\n|-damage|p2a: Amoonguss|55\/100|[from] Sandstorm\n|upkeep\n|\n|t:|1683408946\n|switch|p2b: Palafin|Palafin-Hero, L50, M, tera:Water|10\/100 psn\n|-damage|p2b: Palafin|0 fnt|[from] Stealth Rock\n|faint|p2b: Palafin\n|turn|9\n|\n|t:|1683408956\n|cant|p1a: Garchomp|slp\n|move|p1b: Glimmora|Earth Power|p2a: Amoonguss\n|-damage|p2a: Amoonguss|29\/100\n|-unboost|p2a: Amoonguss|spd|1\n|-enditem|p2a: Amoonguss|Sitrus Berry|[eat]\n|-heal|p2a: Amoonguss|54\/100|[from] item: Sitrus Berry\n|move|p2a: Amoonguss|Pollen Puff|p1b: Glimmora\n|-supereffective|p1b: Glimmora\n|-damage|p1b: Glimmora|0 fnt\n|faint|p1b: Glimmora\n|\n|-weather|Sandstorm|[upkeep]\n|-damage|p2a: Amoonguss|48\/100|[from] Sandstorm\n|upkeep\n|turn|10\n|\n|t:|1683408971\n|cant|p1a: Garchomp|slp\n|move|p2a: Amoonguss|Pollen Puff|p1a: Garchomp\n|-damage|p1a: Garchomp|82\/100 slp\n|\n|-weather|Sandstorm|[upkeep]\n|-damage|p2a: Amoonguss|42\/100|[from] Sandstorm\n|upkeep\n|turn|11\n|\n|t:|1683408974\n|move|p2a: Amoonguss|Protect|p2a: Amoonguss\n|-singleturn|p2a: Amoonguss|Protect\n|-curestatus|p1a: Garchomp|slp|[msg]\n|move|p1a: Garchomp|Earthquake|p2a: Amoonguss\n|-activate|p2a: Amoonguss|move: Protect\n|\n|-weather|none\n|upkeep\n|turn|12\n|\n|t:|1683408977\n|move|p1a: Garchomp|Earthquake|p2a: Amoonguss\n|-damage|p2a: Amoonguss|0 fnt\n|faint|p2a: Amoonguss\n|\n|win|gomatyan\n|raw|gomatyan's rating: 1184 → 1216<\/strong> (+32 for winning)\n|raw|Charlisito's rating: 1290 → 1258<\/strong> (-32 for losing)\n|l|\u2606gomatyan\n","uploadtime":1683408983,"views":10,"p1id":"gomatyan","p2id":"charlisito","formatid":"gen9vgc2023regulationc","rating":1216,"private":0,"password":""}