{"id":"gen9vgc2023regulationc-1854106955","p1":"genesis77","p2":"Lugiabirb","format":"[Gen 9] VGC 2023 Regulation C","log":"|j|\u2606genesis77\n|j|\u2606Lugiabirb\n|t:|1682770344\n|gametype|doubles\n|player|p1|genesis77|blaine|\n|player|p2|Lugiabirb|leon|\n|teamsize|p1|6\n|teamsize|p2|6\n|gen|9\n|tier|[Gen 9] VGC 2023 Regulation C\n|rule|Species Clause: Limit one of each Pok\u00e9mon\n|rule|Item Clause: Limit one of each item\n|clearpoke\n|poke|p1|Iron Hands, L50|\n|poke|p1|Palafin, L50, M|\n|poke|p1|Chien-Pao, L50|\n|poke|p1|Amoonguss, L50, F|\n|poke|p1|Arcanine, L50, F|\n|poke|p1|Ting-Lu, L50|\n|poke|p2|Iron Moth, L50|\n|poke|p2|Flutter Mane, L50|\n|poke|p2|Great Tusk, L50|\n|poke|p2|Chien-Pao, L50|\n|poke|p2|Dragonite, L50, M|\n|poke|p2|Scizor, L50, M|\n|teampreview|4\n|inactive|Battle timer is ON: inactive players will automatically lose when time's up. (requested by genesis77)\n|c|\u2606Lugiabirb|g3\n|inactiveoff|Battle timer is now OFF.\n|j| Bostonl1\n|l| Bostonl1\n|j| Bostonl1\n|c|\u2606genesis77|glhf\n|c|\u2606Lugiabirb|u2\n|\n|t:|1682771068\n|start\n|switch|p1a: Arcanine|Arcanine, L50, F|100\/100\n|switch|p1b: Ting-Lu|Ting-Lu, L50|100\/100\n|switch|p2a: Flutter Mane|Flutter Mane, L50|100\/100\n|switch|p2b: Iron Moth|Iron Moth, L50|100\/100\n|-ability|p1a: Arcanine|Intimidate|boost\n|-unboost|p2a: Flutter Mane|atk|1\n|-unboost|p2b: Iron Moth|atk|1\n|-ability|p1b: Ting-Lu|Vessel of Ruin\n|-enditem|p2b: Iron Moth|Booster Energy\n|-activate|p2b: Iron Moth|ability: Quark Drive|[fromitem]\n|-start|p2b: Iron Moth|quarkdrivespe\n|turn|1\n|\n|t:|1682771138\n|move|p1a: Arcanine|Protect|p1a: Arcanine\n|-singleturn|p1a: Arcanine|Protect\n|move|p2b: Iron Moth|Acid Spray|p1a: Arcanine\n|-activate|p1a: Arcanine|move: Protect\n|move|p2a: Flutter Mane|Shadow Ball|p1a: Arcanine\n|-activate|p1a: Arcanine|move: Protect\n|move|p1b: Ting-Lu|Heavy Slam|p2a: Flutter Mane\n|-supereffective|p2a: Flutter Mane\n|-damage|p2a: Flutter Mane|15\/100\n|\n|upkeep\n|turn|2\n|l| Bostonl1\n|c|\u2606genesis77|quick question\n|c|\u2606genesis77|what are you feeding that flutter mane?\n|j| Bostonl1\n|c|\u2606Lugiabirb|lmao\n|c|\u2606Lugiabirb|u can show u after\n|\n|t:|1682771193\n|switch|p1a: Amoonguss|Amoonguss, L50, F|100\/100\n|move|p2b: Iron Moth|Acid Spray|p1a: Amoonguss\n|-damage|p1a: Amoonguss|88\/100\n|-unboost|p1a: Amoonguss|spd|2\n|move|p2a: Flutter Mane|Shadow Ball|p1a: Amoonguss\n|-damage|p1a: Amoonguss|14\/100\n|-enditem|p1a: Amoonguss|Sitrus Berry|[eat]\n|-heal|p1a: Amoonguss|39\/100|[from] item: Sitrus Berry\n|move|p1b: Ting-Lu|Stomping Tantrum|p2b: Iron Moth\n|-supereffective|p2b: Iron Moth\n|-damage|p2b: Iron Moth|0 fnt\n|faint|p2b: Iron Moth\n|-end|p2b: Iron Moth|Quark Drive|[silent]\n|\n|upkeep\n|l| Bostonl1\n|\n|t:|1682771205\n|switch|p2b: Chien-Pao|Chien-Pao, L50|100\/100\n|-ability|p2b: Chien-Pao|Sword of Ruin\n|turn|3\n|j| Bostonl1\n|\n|t:|1682771237\n|-end|p2a: Flutter Mane|Protosynthesis|[silent]\n|switch|p2a: Dragonite|Dragonite, L50, M|100\/100\n|move|p2b: Chien-Pao|Protect|p2b: Chien-Pao\n|-singleturn|p2b: Chien-Pao|Protect\n|move|p1a: Amoonguss|Rage Powder|p1a: Amoonguss\n|-singleturn|p1a: Amoonguss|move: Rage Powder\n|move|p1b: Ting-Lu|Heavy Slam|p2a: Dragonite\n|-damage|p2a: Dragonite|76\/100\n|\n|upkeep\n|turn|4\n|\n|t:|1682771274\n|switch|p1b: Arcanine|Arcanine, L50, F|100\/100\n|-ability|p1b: Arcanine|Intimidate|boost\n|-fail|p2a: Dragonite|unboost|Attack|[from] ability: Inner Focus|[of] p2a: Dragonite\n|-unboost|p2b: Chien-Pao|atk|1\n|-terastallize|p2a: Dragonite|Normal\n|move|p2a: Dragonite|Extreme Speed|p1b: Arcanine\n|-damage|p1b: Arcanine|0 fnt\n|faint|p1b: Arcanine\n|move|p2b: Chien-Pao|Ice Spinner|p1a: Amoonguss\n|-supereffective|p1a: Amoonguss\n|-damage|p1a: Amoonguss|0 fnt\n|faint|p1a: Amoonguss\n|\n|upkeep\n|\n|t:|1682771287\n|switch|p1b: Ting-Lu|Ting-Lu, L50|100\/100\n|switch|p1a: Chien-Pao|Chien-Pao, L50|100\/100\n|-ability|p1a: Chien-Pao|Sword of Ruin\n|-ability|p1b: Ting-Lu|Vessel of Ruin\n|turn|5\n|\n|t:|1682771306\n|switch|p2a: Flutter Mane|Flutter Mane, L50|15\/100\n|-terastallize|p1a: Chien-Pao|Ghost\n|move|p2b: Chien-Pao|Protect|p2b: Chien-Pao\n|-singleturn|p2b: Chien-Pao|Protect\n|move|p1a: Chien-Pao|Ice Spinner|p2a: Flutter Mane\n|-crit|p2a: Flutter Mane\n|-damage|p2a: Flutter Mane|0 fnt\n|faint|p2a: Flutter Mane\n|-end|p2a: Flutter Mane|Protosynthesis|[silent]\n|move|p1b: Ting-Lu|Heavy Slam|p2b: Chien-Pao\n|-activate|p2b: Chien-Pao|move: Protect\n|\n|upkeep\n|\n|t:|1682771317\n|switch|p2a: Dragonite|Dragonite, L50, M, tera:Normal|76\/100\n|turn|6\n|\n|t:|1682771326\n|move|p1a: Chien-Pao|Protect|p1a: Chien-Pao\n|-singleturn|p1a: Chien-Pao|Protect\n|move|p2a: Dragonite|Extreme Speed|p1b: Ting-Lu\n|-damage|p1b: Ting-Lu|49\/100\n|move|p2b: Chien-Pao|Sacred Sword|p1b: Ting-Lu\n|-supereffective|p1b: Ting-Lu\n|-damage|p1b: Ting-Lu|21\/100\n|move|p1b: Ting-Lu|Heavy Slam|p2b: Chien-Pao\n|-supereffective|p2b: Chien-Pao\n|-damage|p2b: Chien-Pao|35\/100\n|\n|-heal|p1b: Ting-Lu|27\/100|[from] item: Leftovers\n|upkeep\n|turn|7\n|c|\u2606genesis77|ggwp\n|\n|t:|1682771360\n|move|p2a: Dragonite|Extreme Speed|p1b: Ting-Lu\n|-damage|p1b: Ting-Lu|0 fnt\n|faint|p1b: Ting-Lu\n|move|p2b: Chien-Pao|Sucker Punch|p1a: Chien-Pao\n|-supereffective|p1a: Chien-Pao\n|-damage|p1a: Chien-Pao|37\/100\n|move|p1a: Chien-Pao|Sucker Punch||[still]\n|-fail|p1a: Chien-Pao\n|\n|upkeep\n|turn|8\n|\n|t:|1682771371\n|move|p2a: Dragonite|Extreme Speed|p1a: Chien-Pao\n|-immune|p1a: Chien-Pao\n|move|p1a: Chien-Pao|Sucker Punch|p2b: Chien-Pao\n|-resisted|p2b: Chien-Pao\n|-damage|p2b: Chien-Pao|11\/100\n|move|p2b: Chien-Pao|Ice Spinner|p1a: Chien-Pao\n|-damage|p1a: Chien-Pao|2\/100\n|\n|upkeep\n|turn|9\n|c|\u2606genesis77|um\n|c|\u2606Lugiabirb|yea i uh thought that'd kill\n|c|\u2606genesis77|oh nvm i read that worng\n|c|\u2606Lugiabirb|lmao\n|c|\u2606Lugiabirb|its a 50\/50 anyway\n|c|\u2606genesis77|i thought your dragonite used spinner and was very condused\n|c|\u2606Lugiabirb|o\n|c|\u2606genesis77|its a 50\/50 for the win now\n|c|\u2606genesis77|i have been cursed with close losses the entire tournament\n|c|\u2606genesis77|istg\n|\n|t:|1682771447\n|move|p2a: Dragonite|Extreme Speed|p1a: Chien-Pao\n|-immune|p1a: Chien-Pao\n|move|p2b: Chien-Pao|Sucker Punch|p1a: Chien-Pao\n|-supereffective|p1a: Chien-Pao\n|-damage|p1a: Chien-Pao|0 fnt\n|faint|p1a: Chien-Pao\n|\n|win|Lugiabirb\n|c|\u2606Lugiabirb|gg\n|c|\u2606genesis77|gg\n|c|\u2606genesis77|well\n|l| Bostonl1\n|c|\u2606genesis77|first week started it\n|c|\u2606genesis77|second week my mum burst into my room\n|c|\u2606genesis77|third week it was my first time using the team and amoonguss had grass knot for some reason\n|c|\u2606genesis77|and now i lost a speed tie\n|c|\u2606genesis77|im losing it man xD\n","uploadtime":1682771471,"views":26,"p1id":"genesis77","p2id":"lugiabirb","formatid":"gen9vgc2023regulationc","rating":0,"private":0,"password":""}