{"id":"gen9vgc2023regulationc-1845562805","p1":"offlion","p2":"RitmanTesting1","format":"[Gen 9] VGC 2023 Regulation C","log":"|j|\u2606offlion\n|j|\u2606RitmanTesting1\n|t:|1681745276\n|gametype|doubles\n|player|p1|offlion|169|1316\n|player|p2|RitmanTesting1|byron|1302\n|teamsize|p1|6\n|teamsize|p2|6\n|gen|9\n|tier|[Gen 9] VGC 2023 Regulation C\n|rated|\n|rule|Species Clause: Limit one of each Pok\u00e9mon\n|rule|Item Clause: Limit one of each item\n|clearpoke\n|poke|p1|Dondozo, L50, M|\n|poke|p1|Tatsugiri-Droopy, L50, M|\n|poke|p1|Pelipper, L50, F|\n|poke|p1|Drednaw, L50, M|\n|poke|p1|Dragonite, L50, M|\n|poke|p1|Chien-Pao, L50|\n|poke|p2|Wo-Chien, L50|\n|poke|p2|Glimmora, L50, M|\n|poke|p2|Baxcalibur, L50, M|\n|poke|p2|Flutter Mane, L50|\n|poke|p2|Arcanine, L50, M|\n|poke|p2|Roaring Moon, L50|\n|teampreview|4\nofflion has agreed to open team sheets.\nRitmanTesting1 has agreed to open team sheets.\n|inactive|Battle timer is ON: inactive players will automatically lose when time's up. (requested by RitmanTesting1)\n|\n|t:|1681745321\n|start\n|switch|p1a: Pelipper|Pelipper, L50, F|100\/100\n|switch|p1b: Drednaw|Drednaw, L50, M|100\/100\n|switch|p2a: Glimmora|Glimmora, L50, M|100\/100\n|switch|p2b: Roaring Moon|Roaring Moon, L50|100\/100\n|-weather|RainDance|[from] ability: Drizzle|[of] p1a: Pelipper\n|-enditem|p2b: Roaring Moon|Booster Energy\n|-activate|p2b: Roaring Moon|ability: Protosynthesis|[fromitem]\n|-start|p2b: Roaring Moon|protosynthesisspe\n|turn|1\n|\n|t:|1681745342\n|-terastallize|p2a: Glimmora|Grass\n|move|p2b: Roaring Moon|Protect|p2b: Roaring Moon\n|-singleturn|p2b: Roaring Moon|Protect\n|move|p1a: Pelipper|Protect|p1a: Pelipper\n|-singleturn|p1a: Pelipper|Protect\n|move|p1b: Drednaw|Earthquake|p2a: Glimmora|[spread] p2a\n|-activate|p1a: Pelipper|move: Protect\n|-activate|p2b: Roaring Moon|move: Protect\n|-resisted|p2a: Glimmora\n|-damage|p2a: Glimmora|80\/100\n|-activate|p2a: Glimmora|ability: Toxic Debris\n|-sidestart|p1: offlion|move: Toxic Spikes\n|move|p2a: Glimmora|Power Gem|p1a: Pelipper\n|-activate|p1a: Pelipper|move: Protect\n|\n|-weather|RainDance|[upkeep]\n|upkeep\n|turn|2\n|\n|t:|1681745366\n|move|p2b: Roaring Moon|Breaking Swipe|p1a: Pelipper|[spread] p1a,p1b\n|-damage|p1a: Pelipper|75\/100\n|-damage|p1b: Drednaw|75\/100\n|-unboost|p1a: Pelipper|atk|1\n|-unboost|p1b: Drednaw|atk|1\n|move|p1b: Drednaw|Earthquake|p2b: Roaring Moon|[spread] p2a,p2b\n|-immune|p1a: Pelipper\n|-resisted|p2a: Glimmora\n|-damage|p2a: Glimmora|67\/100\n|-damage|p2b: Roaring Moon|72\/100\n|-activate|p2a: Glimmora|ability: Toxic Debris\n|-sidestart|p1: offlion|move: Toxic Spikes\n|move|p2a: Glimmora|Mortal Spin|p1b: Drednaw|[spread] p1a,p1b\n|-resisted|p1b: Drednaw\n|-damage|p1a: Pelipper|70\/100\n|-damage|p1b: Drednaw|72\/100\n|-status|p1a: Pelipper|psn\n|-status|p1b: Drednaw|psn\n|move|p1a: Pelipper|Hurricane|p2a: Glimmora\n|-supereffective|p2a: Glimmora\n|-damage|p2a: Glimmora|0 fnt\n|faint|p2a: Glimmora\n|\n|-weather|RainDance|[upkeep]\n|-damage|p1b: Drednaw|60\/100 psn|[from] psn\n|-damage|p1a: Pelipper|58\/100 psn|[from] psn\n|upkeep\n|\n|t:|1681745386\n|switch|p2a: Wo-Chien|Wo-Chien, L50|100\/100\n|-ability|p2a: Wo-Chien|Tablets of Ruin\n|turn|3\n|\n|t:|1681745399\n|move|p2a: Wo-Chien|Protect|p2a: Wo-Chien\n|-singleturn|p2a: Wo-Chien|Protect\n|move|p2b: Roaring Moon|Earthquake|p1b: Drednaw|[spread] p1b\n|-activate|p2a: Wo-Chien|move: Protect\n|-immune|p1a: Pelipper\n|-supereffective|p1b: Drednaw\n|-damage|p1b: Drednaw|17\/100 psn\n|move|p1b: Drednaw|Earthquake|p2a: Wo-Chien|[spread] p2b\n|-activate|p2a: Wo-Chien|move: Protect\n|-immune|p1a: Pelipper\n|-damage|p2b: Roaring Moon|50\/100\n|move|p1a: Pelipper|Hurricane|p2a: Wo-Chien\n|-activate|p2a: Wo-Chien|move: Protect\n|\n|-weather|RainDance|[upkeep]\n|-damage|p1b: Drednaw|5\/100 psn|[from] psn\n|-damage|p1a: Pelipper|46\/100 psn|[from] psn\n|upkeep\n|turn|4\n|inactive|RitmanTesting1 has 30 seconds left.\n|\n|t:|1681745430\n|move|p2b: Roaring Moon|Breaking Swipe|p1b: Drednaw|[spread] p1a,p1b\n|-damage|p1a: Pelipper|27\/100 psn\n|-damage|p1b: Drednaw|0 fnt\n|-unboost|p1a: Pelipper|atk|1\n|faint|p1b: Drednaw\n|move|p2a: Wo-Chien|Leech Seed|p1a: Pelipper\n|-start|p1a: Pelipper|move: Leech Seed\n|move|p1a: Pelipper|Tailwind|p1a: Pelipper\n|-sidestart|p1: offlion|move: Tailwind\n|\n|-weather|RainDance|[upkeep]\n|-damage|p1a: Pelipper|15\/100 psn|[from] Leech Seed|[of] p2a: Wo-Chien\n|-damage|p1a: Pelipper|3\/100 psn|[from] psn\n|upkeep\n|\n|t:|1681745443\n|switch|p1b: Dondozo|Dondozo, L50, M|100\/100\n|-status|p1b: Dondozo|tox\n|turn|5\n|inactive|offlion has 30 seconds left.\n|inactive|offlion has 20 seconds left.\n|\n|t:|1681745479\n|move|p1b: Dondozo|Protect|p1b: Dondozo\n|-singleturn|p1b: Dondozo|Protect\n|move|p2b: Roaring Moon|Breaking Swipe|p1a: Pelipper|[spread] p1a\n|-activate|p1b: Dondozo|move: Protect\n|-damage|p1a: Pelipper|0 fnt\n|faint|p1a: Pelipper\n|move|p2a: Wo-Chien|Leech Seed|p1b: Dondozo\n|-activate|p1b: Dondozo|move: Protect\n|\n|-weather|RainDance|[upkeep]\n|-damage|p1b: Dondozo|94\/100 tox|[from] psn\n|upkeep\n|\n|t:|1681745485\n|switch|p1a: Tatsugiri|Tatsugiri-Droopy, L50, M, shiny|100\/100\n|-activate|p1a: Tatsugiri|ability: Commander|[of] p1b: Dondozo\n|-boost|p1b: Dondozo|atk|2\n|-boost|p1b: Dondozo|spa|2\n|-boost|p1b: Dondozo|spe|2\n|-boost|p1b: Dondozo|def|2\n|-boost|p1b: Dondozo|spd|2\n|turn|6\n|\n|t:|1681745497\n|-terastallize|p1b: Dondozo|Water\n|move|p1b: Dondozo|Surf|p2a: Wo-Chien|[spread] p2a,p2b\n|-miss|p1b: Dondozo|p1a: Tatsugiri\n|-resisted|p2a: Wo-Chien\n|-resisted|p2b: Roaring Moon\n|-damage|p2a: Wo-Chien|62\/100\n|-damage|p2b: Roaring Moon|0 fnt\n|faint|p2b: Roaring Moon\n|-end|p2b: Roaring Moon|Protosynthesis|[silent]\n|-damage|p1b: Dondozo|85\/100 tox|[from] item: Life Orb\n|move|p2a: Wo-Chien|Leech Seed|p1b: Dondozo|[miss]\n|-miss|p2a: Wo-Chien|p1b: Dondozo\n|\n|-weather|RainDance|[upkeep]\n|-heal|p2a: Wo-Chien|68\/100|[from] item: Leftovers\n|-damage|p1b: Dondozo|72\/100 tox|[from] psn\n|upkeep\n|\n|t:|1681745510\n|switch|p2b: Flutter Mane|Flutter Mane, L50|100\/100\n|turn|7\n|\n|t:|1681745526\n|move|p1b: Dondozo|Surf|p2b: Flutter Mane|[spread] p2a,p2b\n|-miss|p1b: Dondozo|p1a: Tatsugiri\n|-resisted|p2a: Wo-Chien\n|-damage|p2a: Wo-Chien|29\/100\n|-damage|p2b: Flutter Mane|1\/100\n|-damage|p1b: Dondozo|62\/100 tox|[from] item: Life Orb\n|move|p2b: Flutter Mane|Moonblast|p1b: Dondozo\n|-damage|p1b: Dondozo|23\/100 tox\n|move|p2a: Wo-Chien|Pollen Puff|p2b: Flutter Mane\n|-heal|p2b: Flutter Mane|51\/100\n|\n|-weather|RainDance|[upkeep]\n|-heal|p2a: Wo-Chien|35\/100|[from] item: Leftovers\n|-damage|p1b: Dondozo|4\/100 tox|[from] psn\n|-sideend|p1: offlion|move: Tailwind\n|upkeep\n|turn|8\n|inactive|offlion has 30 seconds left.\n|inactive|RitmanTesting1 has 30 seconds left.\n|inactive|RitmanTesting1 has 20 seconds left.\n|\n|t:|1681745563\n|move|p2a: Wo-Chien|Protect|p2a: Wo-Chien\n|-singleturn|p2a: Wo-Chien|Protect\n|move|p1b: Dondozo|Surf|p2b: Flutter Mane|[spread] p2b\n|-miss|p1b: Dondozo|p1a: Tatsugiri\n|-activate|p2a: Wo-Chien|move: Protect\n|-damage|p2b: Flutter Mane|0 fnt\n|faint|p2b: Flutter Mane\n|-end|p2b: Flutter Mane|Protosynthesis|[silent]\n|-damage|p1b: Dondozo|0 fnt|[from] item: Life Orb\n|faint|p1b: Dondozo\n|\n|-weather|none\n|-heal|p2a: Wo-Chien|42\/100|[from] item: Leftovers\n|upkeep\n|turn|9\n|inactive|offlion has 30 seconds left.\n|inactive|offlion has 20 seconds left.\n|inactive|offlion has 15 seconds left.\n|inactive|offlion has 10 seconds left.\n|\n|t:|1681745609\n|move|p1a: Tatsugiri|Icy Wind|p2a: Wo-Chien\n|-supereffective|p2a: Wo-Chien\n|-damage|p2a: Wo-Chien|20\/100\n|-unboost|p2a: Wo-Chien|spe|1\n|move|p2a: Wo-Chien|Leech Seed|p1a: Tatsugiri\n|-start|p1a: Tatsugiri|move: Leech Seed\n|\n|-heal|p2a: Wo-Chien|26\/100|[from] item: Leftovers\n|-damage|p1a: Tatsugiri|88\/100|[from] Leech Seed|[of] p2a: Wo-Chien\n|-heal|p2a: Wo-Chien|35\/100|[silent]\n|upkeep\n|turn|10\n|\n|t:|1681745619\n|move|p2a: Wo-Chien|Protect|p2a: Wo-Chien\n|-singleturn|p2a: Wo-Chien|Protect\n|move|p1a: Tatsugiri|Icy Wind|p2a: Wo-Chien\n|-activate|p2a: Wo-Chien|move: Protect\n|\n|-heal|p2a: Wo-Chien|42\/100|[from] item: Leftovers\n|-damage|p1a: Tatsugiri|75\/100|[from] Leech Seed|[of] p2a: Wo-Chien\n|-heal|p2a: Wo-Chien|51\/100|[silent]\n|upkeep\n|turn|11\n|\n|t:|1681745628\n|move|p1a: Tatsugiri|Icy Wind|p2a: Wo-Chien\n|-supereffective|p2a: Wo-Chien\n|-damage|p2a: Wo-Chien|27\/100\n|-unboost|p2a: Wo-Chien|spe|1\n|move|p2a: Wo-Chien|Snarl|p1a: Tatsugiri\n|-damage|p1a: Tatsugiri|53\/100\n|-unboost|p1a: Tatsugiri|spa|1\n|\n|-heal|p2a: Wo-Chien|33\/100|[from] item: Leftovers\n|-damage|p1a: Tatsugiri|40\/100|[from] Leech Seed|[of] p2a: Wo-Chien\n|-heal|p2a: Wo-Chien|43\/100|[silent]\n|upkeep\n|turn|12\n|\n|t:|1681745649\n|move|p2a: Wo-Chien|Protect|p2a: Wo-Chien\n|-singleturn|p2a: Wo-Chien|Protect\n|move|p1a: Tatsugiri|Icy Wind|p2a: Wo-Chien\n|-activate|p2a: Wo-Chien|move: Protect\n|\n|-heal|p2a: Wo-Chien|49\/100|[from] item: Leftovers\n|-damage|p1a: Tatsugiri|28\/100|[from] Leech Seed|[of] p2a: Wo-Chien\n|-heal|p2a: Wo-Chien|58\/100|[silent]\n|upkeep\n|turn|13\n|-message|offlion forfeited.\n|\n|win|RitmanTesting1\n|raw|offlion's rating: 1316 → 1295<\/strong> (-21 for losing)\n|raw|RitmanTesting1's rating: 1302 → 1323<\/strong> (+21 for winning)\n|l|\u2606offlion\n","uploadtime":1681745695,"views":13,"p1id":"offlion","p2id":"ritmantesting1","formatid":"gen9vgc2023regulationc","rating":1295,"private":0,"password":""}