{"id":"gen9vgc2023regulationc-1854452086","p1":"Treshole","p2":"Phoena1717","format":"[Gen 9] VGC 2023 Regulation C","log":"|j|\u2606Treshole\n|j|\u2606Phoena1717\n|t:|1682812665\n|gametype|doubles\n|player|p1|Treshole|266|\n|player|p2|Phoena1717|dawn-gen4pt|\n|teamsize|p1|6\n|teamsize|p2|6\n|gen|9\n|tier|[Gen 9] VGC 2023 Regulation C\n|rule|Species Clause: Limit one of each Pok\u00e9mon\n|rule|Item Clause: Limit one of each item\n|clearpoke\n|poke|p1|Ting-Lu, L50|\n|poke|p1|Amoonguss, L50, F|\n|poke|p1|Arcanine, L50, M|\n|poke|p1|Flutter Mane, L50|\n|poke|p1|Palafin, L50, M|\n|poke|p1|Baxcalibur, L50, F|\n|poke|p2|Lilligant, L50, F|\n|poke|p2|Torkoal, L50, F|\n|poke|p2|Chi-Yu, L50|\n|poke|p2|Flutter Mane, L50|\n|poke|p2|Kingambit, L50, F|\n|poke|p2|Great Tusk, L50|\n|teampreview|4\nTreshole has agreed to open team sheets.\nPhoena1717 has agreed to open team sheets.\n|c|\u2606Treshole|G1\n|c|\u2606Phoena1717|glhf\n|\n|t:|1682812812\n|start\n|switch|p1a: EWGF|Ting-Lu, L50|100\/100\n|switch|p1b: Totsugeki|Palafin, L50, M|100\/100\n|switch|p2a: Chi-Yu|Chi-Yu, L50|100\/100\n|switch|p2b: FANCY|Flutter Mane, L50, shiny|100\/100\n|-ability|p2a: Chi-Yu|Beads of Ruin\n|-ability|p1a: EWGF|Vessel of Ruin\n|turn|1\n|c|\u2606Treshole|gl\n|\n|t:|1682812868\n|move|p1b: Totsugeki|Protect|p1b: Totsugeki\n|-singleturn|p1b: Totsugeki|Protect\n|move|p2b: FANCY|Dazzling Gleam|p1b: Totsugeki|[spread] p1a\n|-activate|p1b: Totsugeki|move: Protect\n|-supereffective|p1a: EWGF\n|-damage|p1a: EWGF|61\/100\n|move|p2a: Chi-Yu|Heat Wave|p1b: Totsugeki|[spread] p1a\n|-activate|p1b: Totsugeki|move: Protect\n|-damage|p1a: EWGF|44\/100\n|-damage|p2a: Chi-Yu|91\/100|[from] item: Life Orb\n|move|p1a: EWGF|Stomping Tantrum|p2a: Chi-Yu\n|-supereffective|p2a: Chi-Yu\n|-damage|p2a: Chi-Yu|0 fnt\n|faint|p2a: Chi-Yu\n|\n|upkeep\n|\n|t:|1682812888\n|switch|p2a: Trouble|Great Tusk, L50, shiny|100\/100\n|turn|2\n|\n|t:|1682812925\n|detailschange|p1b: Totsugeki|Palafin-Hero, L50, M\n|switch|p1b: Falcon Punch|Arcanine, L50, M|100\/100\n|-ability|p1b: Falcon Punch|Intimidate|boost\n|-unboost|p2a: Trouble|atk|1\n|-unboost|p2b: FANCY|atk|1\n|move|p2a: Trouble|Headlong Rush|p1b: Falcon Punch\n|-supereffective|p1b: Falcon Punch\n|-damage|p1b: Falcon Punch|18\/100\n|-unboost|p2a: Trouble|def|1\n|-unboost|p2a: Trouble|spd|1\n|move|p2b: FANCY|Dazzling Gleam|p1a: EWGF|[spread] p1a,p1b\n|-supereffective|p1a: EWGF\n|-resisted|p1b: Falcon Punch\n|-damage|p1a: EWGF|15\/100\n|-damage|p1b: Falcon Punch|0 fnt\n|faint|p1b: Falcon Punch\n|move|p1a: EWGF|Heavy Slam|p2b: FANCY\n|-supereffective|p2b: FANCY\n|-damage|p2b: FANCY|0 fnt\n|faint|p2b: FANCY\n|-end|p2b: FANCY|Protosynthesis|[silent]\n|\n|upkeep\n|\n|t:|1682812946\n|switch|p2b: HOT|Kingambit, L50, F, shiny|100\/100\n|switch|p1b: Soul Fist|Flutter Mane, L50|100\/100\n|-enditem|p1b: Soul Fist|Booster Energy\n|-activate|p1b: Soul Fist|ability: Protosynthesis|[fromitem]\n|-start|p1b: Soul Fist|protosynthesisspa\n|turn|3\n|\n|t:|1682812976\n|switch|p1a: Totsugeki|Palafin-Hero, L50, M|100\/100\n|-activate|p1a: Totsugeki|ability: Zero to Hero\n|-terastallize|p2a: Trouble|Steel\n|move|p2b: HOT|Sucker Punch||[still]\n|-fail|p2b: HOT\n|move|p2a: Trouble|Headlong Rush|p1b: Soul Fist\n|-damage|p1b: Soul Fist|24\/100\n|-unboost|p2a: Trouble|def|1\n|-unboost|p2a: Trouble|spd|1\n|move|p1b: Soul Fist|Substitute|p1b: Soul Fist\n|-fail|p1b: Soul Fist|move: Substitute|[weak]\n|\n|upkeep\n|turn|4\n|\n|t:|1682813012\n|-terastallize|p1a: Totsugeki|Water\n|move|p1b: Soul Fist|Protect|p1b: Soul Fist\n|-singleturn|p1b: Soul Fist|Protect\n|move|p2a: Trouble|Headlong Rush|p1a: Totsugeki\n|-damage|p1a: Totsugeki|59\/100\n|-unboost|p2a: Trouble|def|1\n|-unboost|p2a: Trouble|spd|1\n|move|p1a: Totsugeki|Wave Crash|p2a: Trouble\n|-damage|p2a: Trouble|0 fnt\n|faint|p2a: Trouble\n|-end|p2a: Trouble|Protosynthesis|[silent]\n|-damage|p1a: Totsugeki|27\/100|[from] Recoil\n|move|p2b: HOT|Kowtow Cleave|p1b: Soul Fist\n|-activate|p1b: Soul Fist|move: Protect\n|\n|upkeep\n|turn|5\n|\n|t:|1682813042\n|move|p2b: HOT|Sucker Punch|p1b: Soul Fist\n|-damage|p1b: Soul Fist|0 fnt\n|faint|p1b: Soul Fist\n|-end|p1b: Soul Fist|Protosynthesis|[silent]\n|move|p1a: Totsugeki|Wave Crash|p2b: HOT\n|-damage|p2b: HOT|0 fnt\n|faint|p2b: HOT\n|-damage|p1a: Totsugeki|0 fnt|[from] Recoil\n|faint|p1a: Totsugeki\n|\n|win|Treshole\n","uploadtime":1682813057,"views":16,"p1id":"treshole","p2id":"phoena1717","formatid":"gen9vgc2023regulationc","rating":0,"private":0,"password":""}