{"id":"gen9vgc2023regulationc-1847111609","p1":"dr. andrax","p2":"MissingMoFo","format":"[Gen 9] VGC 2023 Regulation C","log":"|j|\u2606dr. andrax\n|j|\u2606MissingMoFo\n|t:|1681920001\n|gametype|doubles\n|player|p1|dr. andrax|clown|1140\n|player|p2|MissingMoFo|pokemaniac|1155\n|teamsize|p1|6\n|teamsize|p2|6\n|gen|9\n|tier|[Gen 9] VGC 2023 Regulation C\n|rated|\n|rule|Species Clause: Limit one of each Pok\u00e9mon\n|rule|Item Clause: Limit one of each item\n|clearpoke\n|poke|p1|Chi-Yu, L50|\n|poke|p1|Torkoal, L50, F|\n|poke|p1|Farigiraf, L50, M|\n|poke|p1|Annihilape, L50, F|\n|poke|p1|Garganacl, L50, F|\n|poke|p1|Cloyster, L50, M|\n|poke|p2|Chi-Yu, L50|\n|poke|p2|Dachsbun, L50, F|\n|poke|p2|Dragonite, L50, M|\n|poke|p2|Flutter Mane, L50|\n|poke|p2|Azumarill, L50, M|\n|poke|p2|Chien-Pao, L50|\n|teampreview|4\n|inactive|Battle timer is ON: inactive players will automatically lose when time's up. (requested by MissingMoFo)\ndr. andrax has agreed to open team sheets.\n|\n|t:|1681920028\n|start\n|switch|p1a: Farigiraf|Farigiraf, L50, M|100\/100\n|switch|p1b: Annihilape|Annihilape, L50, F|100\/100\n|switch|p2a: Flutter Mane|Flutter Mane, L50|100\/100\n|switch|p2b: Azumarill|Azumarill, L50, M|100\/100\n|-enditem|p2a: Flutter Mane|Booster Energy\n|-activate|p2a: Flutter Mane|ability: Protosynthesis|[fromitem]\n|-start|p2a: Flutter Mane|protosynthesisspe\n|turn|1\n|\n|t:|1681920051\n|move|p2a: Flutter Mane|Dazzling Gleam|p1b: Annihilape|[spread] p1a,p1b\n|-supereffective|p1b: Annihilape\n|-damage|p1a: Farigiraf|72\/100\n|-damage|p1b: Annihilape|37\/100\n|move|p1b: Annihilape|Rage Fist|p2a: Flutter Mane\n|-supereffective|p2a: Flutter Mane\n|-damage|p2a: Flutter Mane|0 fnt\n|faint|p2a: Flutter Mane\n|-end|p2a: Flutter Mane|Protosynthesis|[silent]\n|move|p2b: Azumarill|Play Rough|p1b: Annihilape\n|-supereffective|p1b: Annihilape\n|-damage|p1b: Annihilape|0 fnt\n|faint|p1b: Annihilape\n|move|p1a: Farigiraf|Trick Room|p1a: Farigiraf\n|-fieldstart|move: Trick Room|[of] p1a: Farigiraf\n|\n|upkeep\n|\n|t:|1681920070\n|switch|p1b: Torkoal|Torkoal, L50, F|100\/100\n|switch|p2a: Dachsbun|Dachsbun, L50, F|100\/100\n|-weather|SunnyDay|[from] ability: Drought|[of] p1b: Torkoal\n|turn|2\n|\n|t:|1681920081\n|-terastallize|p1b: Torkoal|Fire\n|move|p2b: Azumarill|Protect|p2b: Azumarill\n|-singleturn|p2b: Azumarill|Protect\n|move|p1b: Torkoal|Eruption|p2b: Azumarill|[spread] \n|-activate|p2b: Azumarill|move: Protect\n|-ability|p2a: Dachsbun|Well-Baked Body|boost\n|-boost|p2a: Dachsbun|def|2\n|move|p1a: Farigiraf|Hyper Voice|p2a: Dachsbun|[spread] p2a\n|-activate|p2b: Azumarill|move: Protect\n|-damage|p2a: Dachsbun|75\/100\n|move|p2a: Dachsbun|Yawn|p1a: Farigiraf\n|-start|p1a: Farigiraf|move: Yawn|[of] p2a: Dachsbun\n|\n|-weather|SunnyDay|[upkeep]\n|-heal|p2a: Dachsbun|81\/100|[from] item: Leftovers\n|upkeep\n|turn|3\n|inactive|MissingMoFo has 30 seconds left.\n|\n|t:|1681920110\n|switch|p1a: Garganacl|Garganacl, L50, F|100\/100\n|move|p2b: Azumarill|Aqua Jet|p1b: Torkoal\n|-supereffective|p1b: Torkoal\n|-damage|p1b: Torkoal|80\/100\n|move|p1b: Torkoal|Clear Smog|p2a: Dachsbun\n|-supereffective|p2a: Dachsbun\n|-damage|p2a: Dachsbun|55\/100\n|-clearboost|p2a: Dachsbun\n|move|p2a: Dachsbun|Body Press|p1b: Torkoal\n|-damage|p1b: Torkoal|63\/100\n|\n|-weather|SunnyDay|[upkeep]\n|-heal|p2a: Dachsbun|61\/100|[from] item: Leftovers\n|upkeep\n|turn|4\n|\n|t:|1681920126\n|move|p1b: Torkoal|Protect|p1b: Torkoal\n|-singleturn|p1b: Torkoal|Protect\n|move|p2b: Azumarill|Protect|p2b: Azumarill\n|-singleturn|p2b: Azumarill|Protect\n|move|p2a: Dachsbun|Protect|p2a: Dachsbun\n|-singleturn|p2a: Dachsbun|Protect\n|move|p1a: Garganacl|Salt Cure|p2b: Azumarill\n|-activate|p2b: Azumarill|move: Protect\n|\n|-weather|SunnyDay|[upkeep]\n|-heal|p2a: Dachsbun|68\/100|[from] item: Leftovers\n|upkeep\n|turn|5\n|\n|t:|1681920150\n|-terastallize|p2b: Azumarill|Fairy\n|move|p1b: Torkoal|Clear Smog|p2a: Dachsbun\n|-supereffective|p2a: Dachsbun\n|-damage|p2a: Dachsbun|42\/100\n|-clearboost|p2a: Dachsbun\n|move|p1a: Garganacl|Salt Cure|p2b: Azumarill\n|-damage|p2b: Azumarill|85\/100\n|-start|p2b: Azumarill|Salt Cure\n|move|p2b: Azumarill|Play Rough|p1b: Torkoal\n|-resisted|p1b: Torkoal\n|-damage|p1b: Torkoal|33\/100\n|move|p2a: Dachsbun|Yawn|p1a: Garganacl\n|-immune|p1a: Garganacl|[from] ability: Purifying Salt\n|\n|-weather|SunnyDay|[upkeep]\n|-heal|p2a: Dachsbun|48\/100|[from] item: Leftovers\n|-damage|p2b: Azumarill|72\/100|[from] Salt Cure\n|-fieldend|move: Trick Room\n|upkeep\n|turn|6\n|\n|t:|1681920173\n|switch|p1b: Farigiraf|Farigiraf, L50, M|72\/100\n|move|p2a: Dachsbun|Wish|p2a: Dachsbun\n|move|p2b: Azumarill|Liquidation|p1b: Farigiraf\n|-damage|p1b: Farigiraf|45\/100\n|move|p1a: Garganacl|Salt Cure|p2a: Dachsbun\n|-damage|p2a: Dachsbun|33\/100\n|-start|p2a: Dachsbun|Salt Cure\n|\n|-weather|none\n|-heal|p2a: Dachsbun|40\/100|[from] item: Leftovers\n|-damage|p2a: Dachsbun|27\/100|[from] Salt Cure\n|-damage|p2b: Azumarill|60\/100|[from] Salt Cure\n|upkeep\n|turn|7\n|\n|t:|1681920192\n|switch|p2b: Chien-Pao|Chien-Pao, L50|100\/100\n|-ability|p2b: Chien-Pao|Sword of Ruin\n|move|p1b: Farigiraf|Protect|p1b: Farigiraf\n|-singleturn|p1b: Farigiraf|Protect\n|move|p2a: Dachsbun|Yawn|p1b: Farigiraf\n|-activate|p1b: Farigiraf|move: Protect\n|move|p1a: Garganacl|Salt Cure|p2b: Chien-Pao\n|-supereffective|p2b: Chien-Pao\n|-damage|p2b: Chien-Pao|62\/100\n|-start|p2b: Chien-Pao|Salt Cure\n|\n|-heal|p2a: Dachsbun|77\/100|[from] move: Wish|[wisher] Dachsbun\n|-heal|p2a: Dachsbun|83\/100|[from] item: Leftovers\n|-damage|p2b: Chien-Pao|50\/100|[from] Salt Cure\n|-damage|p2a: Dachsbun|71\/100|[from] Salt Cure\n|upkeep\n|turn|8\n|\n|t:|1681920211\n|move|p2b: Chien-Pao|Throat Chop|p1b: Farigiraf\n|-supereffective|p1b: Farigiraf\n|-damage|p1b: Farigiraf|0 fnt\n|faint|p1b: Farigiraf\n|move|p2a: Dachsbun|Wish|p2a: Dachsbun\n|move|p1a: Garganacl|Salt Cure|p2b: Chien-Pao\n|-supereffective|p2b: Chien-Pao\n|-damage|p2b: Chien-Pao|8\/100\n|\n|-heal|p2a: Dachsbun|77\/100|[from] item: Leftovers\n|-damage|p2b: Chien-Pao|0 fnt|[from] Salt Cure\n|faint|p2b: Chien-Pao\n|-damage|p2a: Dachsbun|65\/100|[from] Salt Cure\n|upkeep\n|\n|t:|1681920223\n|switch|p2b: Azumarill|Azumarill, L50, M, tera:Fairy|60\/100\n|switch|p1b: Torkoal|Torkoal, L50, F, tera:Fire|33\/100\n|-weather|SunnyDay|[from] ability: Drought|[of] p1b: Torkoal\n|turn|9\n|\n|t:|1681920235\n|move|p2b: Azumarill|Protect|p2b: Azumarill\n|-singleturn|p2b: Azumarill|Protect\n|move|p2a: Dachsbun|Wish||[still]\n|-fail|p2a: Dachsbun\n|move|p1a: Garganacl|Salt Cure|p2b: Azumarill\n|-activate|p2b: Azumarill|move: Protect\n|move|p1b: Torkoal|Clear Smog|p2b: Azumarill\n|-activate|p2b: Azumarill|move: Protect\n|\n|-weather|SunnyDay|[upkeep]\n|-heal|p2a: Dachsbun|100\/100|[from] move: Wish|[wisher] Dachsbun\n|-damage|p2a: Dachsbun|88\/100|[from] Salt Cure\n|upkeep\n|turn|10\n|inactive|MissingMoFo has 30 seconds left.\n|\n|t:|1681920262\n|move|p2a: Dachsbun|Body Press|p1b: Torkoal\n|-crit|p1b: Torkoal\n|-damage|p1b: Torkoal|11\/100\n|move|p2b: Azumarill|Liquidation|p1b: Torkoal\n|-supereffective|p1b: Torkoal\n|-damage|p1b: Torkoal|0 fnt\n|faint|p1b: Torkoal\n|move|p1a: Garganacl|Salt Cure|p2b: Azumarill\n|-damage|p2b: Azumarill|46\/100\n|-start|p2b: Azumarill|Salt Cure\n|\n|-weather|SunnyDay|[upkeep]\n|-heal|p2a: Dachsbun|94\/100|[from] item: Leftovers\n|-damage|p2a: Dachsbun|82\/100|[from] Salt Cure\n|-damage|p2b: Azumarill|34\/100|[from] Salt Cure\n|upkeep\n|turn|11\n|\n|t:|1681920276\n|move|p1a: Garganacl|Protect|p1a: Garganacl\n|-singleturn|p1a: Garganacl|Protect\n|move|p2a: Dachsbun|Wish|p2a: Dachsbun\n|move|p2b: Azumarill|Play Rough|p1a: Garganacl\n|-activate|p1a: Garganacl|move: Protect\n|\n|-weather|SunnyDay|[upkeep]\n|-heal|p2a: Dachsbun|88\/100|[from] item: Leftovers\n|-damage|p2a: Dachsbun|76\/100|[from] Salt Cure\n|-damage|p2b: Azumarill|22\/100|[from] Salt Cure\n|upkeep\n|turn|12\n|\n|t:|1681920285\n|move|p2a: Dachsbun|Body Press|p1a: Garganacl\n|-supereffective|p1a: Garganacl\n|-damage|p1a: Garganacl|75\/100\n|-damage|p2a: Dachsbun|60\/100|[from] item: Rocky Helmet|[of] p1a: Garganacl\n|move|p2b: Azumarill|Play Rough|p1a: Garganacl|[miss]\n|-miss|p2b: Azumarill|p1a: Garganacl\n|move|p1a: Garganacl|Salt Cure|p2a: Dachsbun\n|-damage|p2a: Dachsbun|45\/100\n|\n|-weather|SunnyDay|[upkeep]\n|-heal|p2a: Dachsbun|95\/100|[from] move: Wish|[wisher] Dachsbun\n|-heal|p2a: Dachsbun|100\/100|[from] item: Leftovers\n|-damage|p2a: Dachsbun|88\/100|[from] Salt Cure\n|-damage|p2b: Azumarill|10\/100|[from] Salt Cure\n|upkeep\n|turn|13\n|\n|t:|1681920308\n|move|p2a: Dachsbun|Wish|p2a: Dachsbun\n|move|p2b: Azumarill|Play Rough|p1a: Garganacl|[miss]\n|-miss|p2b: Azumarill|p1a: Garganacl\n|move|p1a: Garganacl|Salt Cure|p2a: Dachsbun\n|-crit|p2a: Dachsbun\n|-damage|p2a: Dachsbun|66\/100\n|\n|-weather|none\n|-heal|p2a: Dachsbun|72\/100|[from] item: Leftovers\n|-damage|p2a: Dachsbun|60\/100|[from] Salt Cure\n|-damage|p2b: Azumarill|0 fnt|[from] Salt Cure\n|faint|p2b: Azumarill\n|upkeep\n|turn|14\n|\n|t:|1681920325\n|move|p1a: Garganacl|Wide Guard|p1a: Garganacl\n|-singleturn|p1a: Garganacl|Wide Guard\n|move|p2a: Dachsbun|Body Press|p1a: Garganacl\n|-supereffective|p1a: Garganacl\n|-damage|p1a: Garganacl|51\/100\n|-damage|p2a: Dachsbun|44\/100|[from] item: Rocky Helmet|[of] p1a: Garganacl\n|\n|-heal|p2a: Dachsbun|94\/100|[from] move: Wish|[wisher] Dachsbun\n|-heal|p2a: Dachsbun|99\/100|[from] item: Leftovers\n|-damage|p2a: Dachsbun|88\/100|[from] Salt Cure\n|upkeep\n|turn|15\n|\n|t:|1681920336\n|move|p2a: Dachsbun|Body Press|p1a: Garganacl\n|-supereffective|p1a: Garganacl\n|-damage|p1a: Garganacl|24\/100\n|-damage|p2a: Dachsbun|71\/100|[from] item: Rocky Helmet|[of] p1a: Garganacl\n|move|p1a: Garganacl|Recover|p1a: Garganacl\n|-heal|p1a: Garganacl|74\/100\n|\n|-heal|p2a: Dachsbun|77\/100|[from] item: Leftovers\n|-damage|p2a: Dachsbun|65\/100|[from] Salt Cure\n|upkeep\n|turn|16\n|\n|t:|1681920347\n|move|p2a: Dachsbun|Wish|p2a: Dachsbun\n|move|p1a: Garganacl|Salt Cure|p2a: Dachsbun\n|-damage|p2a: Dachsbun|50\/100\n|\n|-heal|p2a: Dachsbun|57\/100|[from] item: Leftovers\n|-damage|p2a: Dachsbun|44\/100|[from] Salt Cure\n|upkeep\n|turn|17\n|inactive|MissingMoFo has 30 seconds left.\n|inactive|MissingMoFo has 20 seconds left.\n|inactive|MissingMoFo has 15 seconds left.\n|inactive|MissingMoFo has 10 seconds left.\n|\n|t:|1681920393\n|move|p2a: Dachsbun|Body Press|p1a: Garganacl\n|-supereffective|p1a: Garganacl\n|-damage|p1a: Garganacl|49\/100\n|-damage|p2a: Dachsbun|28\/100|[from] item: Rocky Helmet|[of] p1a: Garganacl\n|move|p1a: Garganacl|Salt Cure|p2a: Dachsbun\n|-crit|p2a: Dachsbun\n|-damage|p2a: Dachsbun|8\/100\n|\n|-heal|p2a: Dachsbun|58\/100|[from] move: Wish|[wisher] Dachsbun\n|-heal|p2a: Dachsbun|64\/100|[from] item: Leftovers\n|-damage|p2a: Dachsbun|52\/100|[from] Salt Cure\n|upkeep\n|turn|18\n|\n|t:|1681920405\n|move|p2a: Dachsbun|Wish|p2a: Dachsbun\n|move|p1a: Garganacl|Recover|p1a: Garganacl\n|-heal|p1a: Garganacl|99\/100\n|\n|-heal|p2a: Dachsbun|58\/100|[from] item: Leftovers\n|-damage|p2a: Dachsbun|46\/100|[from] Salt Cure\n|upkeep\n|turn|19\n|inactive|MissingMoFo has 30 seconds left.\n|\n|t:|1681920439\n|move|p2a: Dachsbun|Protect|p2a: Dachsbun\n|-singleturn|p2a: Dachsbun|Protect\n|move|p1a: Garganacl|Wide Guard||[still]\n|-fail|p1a: Garganacl\n|\n|-heal|p2a: Dachsbun|96\/100|[from] move: Wish|[wisher] Dachsbun\n|-heal|p2a: Dachsbun|100\/100|[from] item: Leftovers\n|-damage|p2a: Dachsbun|88\/100|[from] Salt Cure\n|upkeep\n|turn|20\n|\n|t:|1681920458\n|move|p2a: Dachsbun|Wish|p2a: Dachsbun\n|move|p1a: Garganacl|Salt Cure|p2a: Dachsbun\n|-crit|p2a: Dachsbun\n|-damage|p2a: Dachsbun|66\/100\n|\n|-heal|p2a: Dachsbun|72\/100|[from] item: Leftovers\n|-damage|p2a: Dachsbun|60\/100|[from] Salt Cure\n|upkeep\n|turn|21\n|\n|t:|1681920467\n|move|p1a: Garganacl|Protect|p1a: Garganacl\n|-singleturn|p1a: Garganacl|Protect\n|move|p2a: Dachsbun|Body Press|p1a: Garganacl\n|-activate|p1a: Garganacl|move: Protect\n|\n|-heal|p2a: Dachsbun|100\/100|[from] move: Wish|[wisher] Dachsbun\n|-damage|p2a: Dachsbun|88\/100|[from] Salt Cure\n|upkeep\n|turn|22\n|\n|t:|1681920473\n|move|p2a: Dachsbun|Wish|p2a: Dachsbun\n|move|p1a: Garganacl|Salt Cure|p2a: Dachsbun\n|-damage|p2a: Dachsbun|75\/100\n|\n|-heal|p2a: Dachsbun|81\/100|[from] item: Leftovers\n|-damage|p2a: Dachsbun|69\/100|[from] Salt Cure\n|upkeep\n|turn|23\n|\n|t:|1681920478\n|move|p1a: Garganacl|Wide Guard|p1a: Garganacl\n|-singleturn|p1a: Garganacl|Wide Guard\n|move|p2a: Dachsbun|Body Press|p1a: Garganacl\n|-supereffective|p1a: Garganacl\n|-damage|p1a: Garganacl|72\/100\n|-damage|p2a: Dachsbun|52\/100|[from] item: Rocky Helmet|[of] p1a: Garganacl\n|\n|-heal|p2a: Dachsbun|100\/100|[from] move: Wish|[wisher] Dachsbun\n|-damage|p2a: Dachsbun|88\/100|[from] Salt Cure\n|upkeep\n|turn|24\n|\n|t:|1681920493\n|move|p2a: Dachsbun|Body Press|p1a: Garganacl\n|-supereffective|p1a: Garganacl\n|-damage|p1a: Garganacl|49\/100\n|-damage|p2a: Dachsbun|72\/100|[from] item: Rocky Helmet|[of] p1a: Garganacl\n|move|p1a: Garganacl|Salt Cure|p2a: Dachsbun\n|-damage|p2a: Dachsbun|57\/100\n|\n|-heal|p2a: Dachsbun|63\/100|[from] item: Leftovers\n|-damage|p2a: Dachsbun|51\/100|[from] Salt Cure\n|upkeep\n|turn|25\n|\n|t:|1681920503\n|move|p2a: Dachsbun|Body Press|p1a: Garganacl\n|-supereffective|p1a: Garganacl\n|-damage|p1a: Garganacl|26\/100\n|-damage|p2a: Dachsbun|35\/100|[from] item: Rocky Helmet|[of] p1a: Garganacl\n|move|p1a: Garganacl|Recover|p1a: Garganacl\n|-heal|p1a: Garganacl|76\/100\n|\n|-heal|p2a: Dachsbun|41\/100|[from] item: Leftovers\n|-damage|p2a: Dachsbun|29\/100|[from] Salt Cure\n|upkeep\n|turn|26\n|\n|t:|1681920514\n|move|p2a: Dachsbun|Wish|p2a: Dachsbun\n|move|p1a: Garganacl|Salt Cure|p2a: Dachsbun\n|-damage|p2a: Dachsbun|14\/100\n|\n|-heal|p2a: Dachsbun|20\/100|[from] item: Leftovers\n|-damage|p2a: Dachsbun|8\/100|[from] Salt Cure\n|upkeep\n|turn|27\n|\n|t:|1681920522\n|move|p2a: Dachsbun|Protect|p2a: Dachsbun\n|-singleturn|p2a: Dachsbun|Protect\n|move|p1a: Garganacl|Salt Cure|p2a: Dachsbun\n|-activate|p2a: Dachsbun|move: Protect\n|\n|-heal|p2a: Dachsbun|58\/100|[from] move: Wish|[wisher] Dachsbun\n|-heal|p2a: Dachsbun|64\/100|[from] item: Leftovers\n|-damage|p2a: Dachsbun|52\/100|[from] Salt Cure\n|upkeep\n|turn|28\n|\n|t:|1681920525\n|move|p1a: Garganacl|Wide Guard|p1a: Garganacl\n|-singleturn|p1a: Garganacl|Wide Guard\n|move|p2a: Dachsbun|Wish|p2a: Dachsbun\n|\n|-heal|p2a: Dachsbun|58\/100|[from] item: Leftovers\n|-damage|p2a: Dachsbun|46\/100|[from] Salt Cure\n|upkeep\n|turn|29\n|\n|t:|1681920534\n|move|p2a: Dachsbun|Protect|p2a: Dachsbun\n|-singleturn|p2a: Dachsbun|Protect\n|move|p1a: Garganacl|Protect||[still]\n|-fail|p1a: Garganacl\n|\n|-heal|p2a: Dachsbun|96\/100|[from] move: Wish|[wisher] Dachsbun\n|-heal|p2a: Dachsbun|100\/100|[from] item: Leftovers\n|-damage|p2a: Dachsbun|88\/100|[from] Salt Cure\n|upkeep\n|turn|30\n|\n|t:|1681920546\n|move|p1a: Garganacl|Wide Guard|p1a: Garganacl\n|-singleturn|p1a: Garganacl|Wide Guard\n|move|p2a: Dachsbun|Wish|p2a: Dachsbun\n|\n|-heal|p2a: Dachsbun|94\/100|[from] item: Leftovers\n|-damage|p2a: Dachsbun|82\/100|[from] Salt Cure\n|upkeep\n|turn|31\n|\n|t:|1681920567\n|move|p1a: Garganacl|Protect|p1a: Garganacl\n|-singleturn|p1a: Garganacl|Protect\n|move|p2a: Dachsbun|Body Press|p1a: Garganacl\n|-activate|p1a: Garganacl|move: Protect\n|\n|-heal|p2a: Dachsbun|100\/100|[from] move: Wish|[wisher] Dachsbun\n|-damage|p2a: Dachsbun|88\/100|[from] Salt Cure\n|upkeep\n|turn|32\n|inactive|MissingMoFo has 30 seconds left.\n|\n|t:|1681920579\n|move|p1a: Garganacl|Wide Guard|p1a: Garganacl\n|-singleturn|p1a: Garganacl|Wide Guard\n|move|p2a: Dachsbun|Body Press|p1a: Garganacl\n|-supereffective|p1a: Garganacl\n|-damage|p1a: Garganacl|50\/100\n|-damage|p2a: Dachsbun|72\/100|[from] item: Rocky Helmet|[of] p1a: Garganacl\n|\n|-heal|p2a: Dachsbun|78\/100|[from] item: Leftovers\n|-damage|p2a: Dachsbun|66\/100|[from] Salt Cure\n|upkeep\n|turn|33\n|inactive|MissingMoFo has 25 seconds left this turn.\n|inactive|MissingMoFo has 20 seconds left.\n|inactive|MissingMoFo has 15 seconds left.\n|\n|t:|1681920591\n|move|p2a: Dachsbun|Wish|p2a: Dachsbun\n|move|p1a: Garganacl|Recover|p1a: Garganacl\n|-heal|p1a: Garganacl|100\/100\n|\n|-heal|p2a: Dachsbun|72\/100|[from] item: Leftovers\n|-damage|p2a: Dachsbun|60\/100|[from] Salt Cure\n|upkeep\n|turn|34\n|inactive|MissingMoFo has 15 seconds left this turn.\n|inactive|MissingMoFo has 10 seconds left.\n|\n|t:|1681920597\n|move|p2a: Dachsbun|Body Press|p1a: Garganacl\n|-supereffective|p1a: Garganacl\n|-damage|p1a: Garganacl|75\/100\n|-damage|p2a: Dachsbun|43\/100|[from] item: Rocky Helmet|[of] p1a: Garganacl\n|move|p1a: Garganacl|Salt Cure|p2a: Dachsbun\n|-crit|p2a: Dachsbun\n|-damage|p2a: Dachsbun|22\/100\n|\n|-heal|p2a: Dachsbun|72\/100|[from] move: Wish|[wisher] Dachsbun\n|-heal|p2a: Dachsbun|79\/100|[from] item: Leftovers\n|-damage|p2a: Dachsbun|66\/100|[from] Salt Cure\n|upkeep\n|turn|35\n|inactive|MissingMoFo has 10 seconds left this turn.\n|inactive|MissingMoFo has 5 seconds left.\n|\n|t:|1681920610\n|move|p2a: Dachsbun|Body Press|p1a: Garganacl\n|-supereffective|p1a: Garganacl\n|-damage|p1a: Garganacl|49\/100\n|-damage|p2a: Dachsbun|50\/100|[from] item: Rocky Helmet|[of] p1a: Garganacl\n|move|p1a: Garganacl|Salt Cure|p2a: Dachsbun\n|-damage|p2a: Dachsbun|35\/100\n|\n|-heal|p2a: Dachsbun|41\/100|[from] item: Leftovers\n|-damage|p2a: Dachsbun|29\/100|[from] Salt Cure\n|upkeep\n|turn|36\n|inactive|MissingMoFo has 5 seconds left this turn.\n|c|\u2606MissingMoFo|gg\n|\n|t:|1681920620\n|move|p2a: Dachsbun|Body Press|p1a: Garganacl\n|-supereffective|p1a: Garganacl\n|-damage|p1a: Garganacl|24\/100\n|-damage|p2a: Dachsbun|12\/100|[from] item: Rocky Helmet|[of] p1a: Garganacl\n|move|p1a: Garganacl|Recover|p1a: Garganacl\n|-heal|p1a: Garganacl|74\/100\n|\n|-heal|p2a: Dachsbun|18\/100|[from] item: Leftovers\n|-damage|p2a: Dachsbun|6\/100|[from] Salt Cure\n|upkeep\n|turn|37\n|inactive|MissingMoFo has 5 seconds left this turn.\n|c|\u2606dr. andrax|gg\n|\n|t:|1681920631\n|move|p1a: Garganacl|Protect|p1a: Garganacl\n|-singleturn|p1a: Garganacl|Protect\n|move|p2a: Dachsbun|Wish|p2a: Dachsbun\n|\n|-heal|p2a: Dachsbun|12\/100|[from] item: Leftovers\n|-damage|p2a: Dachsbun|0 fnt|[from] Salt Cure\n|faint|p2a: Dachsbun\n|\n|win|dr. andrax\n|upkeep\n|inactive|MissingMoFo has 5 seconds left this turn.\n|raw|dr. andrax's rating: 1140 → 1166<\/strong> (+26 for winning)\n|raw|MissingMoFo's rating: 1155 → 1129<\/strong> (-26 for losing)\n","uploadtime":1681920640,"views":9,"p1id":"drandrax","p2id":"missingmofo","formatid":"gen9vgc2023regulationc","rating":1129,"private":0,"password":""}