{"id":"gen9vgc2023regulationc-1852455908","p1":"Yuhunglo","p2":"leafeonthegoat","format":"[Gen 9] VGC 2023 Regulation C","log":"|j|\u2606Yuhunglo\n|j|\u2606leafeonthegoat\n|t:|1682559837\n|gametype|doubles\n|player|p1|Yuhunglo|hilbert|1343\n|player|p2|leafeonthegoat|palmer|1267\n|teamsize|p1|6\n|teamsize|p2|6\n|gen|9\n|tier|[Gen 9] VGC 2023 Regulation C\n|rated|\n|rule|Species Clause: Limit one of each Pok\u00e9mon\n|rule|Item Clause: Limit one of each item\n|clearpoke\n|poke|p1|Palafin, L50, M|\n|poke|p1|Amoonguss, L50, M|\n|poke|p1|Arcanine, L50, M|\n|poke|p1|Ting-Lu, L50|\n|poke|p1|Tinkaton, L50, F|\n|poke|p1|Meowscarada, L50, F|\n|poke|p2|Gholdengo, L50|\n|poke|p2|Dragapult, L50, M|\n|poke|p2|Flutter Mane, L50|\n|poke|p2|Spiritomb, L50, F|\n|poke|p2|Ceruledge, L50, M|\n|poke|p2|Gengar, L50, F|\n|teampreview|4\n|inactive|Battle timer is ON: inactive players will automatically lose when time's up. (requested by leafeonthegoat)\nleafeonthegoat has agreed to open team sheets.\n|inactive|Yuhunglo has 60 seconds left.\n|inactive|leafeonthegoat has 60 seconds left.\n|\n|t:|1682559891\n|start\n|switch|p1a: Arcanine|Arcanine, L50, M|100\/100\n|switch|p1b: Palafin|Palafin, L50, M|100\/100\n|switch|p2a: Gengar|Gengar, L50, F|100\/100\n|switch|p2b: Gholdengo|Gholdengo, L50|100\/100\n|-ability|p1a: Arcanine|Intimidate|boost\n|-unboost|p2a: Gengar|atk|1\n|-unboost|p2b: Gholdengo|atk|1\n|turn|1\n|\n|t:|1682559908\n|detailschange|p1b: Palafin|Palafin-Hero, L50, M\n|switch|p1b: Ting-Lu|Ting-Lu, L50|100\/100\n|-ability|p1b: Ting-Lu|Vessel of Ruin\n|switch|p2b: Ceruledge|Ceruledge, L50, M|100\/100\n|move|p2a: Gengar|Trick|p1b: Ting-Lu\n|-activate|p2a: Gengar|move: Trick|[of] p1b: Ting-Lu\n|-item|p1b: Ting-Lu|Choice Scarf|[from] move: Trick\n|-item|p2a: Gengar|Assault Vest|[from] move: Trick\n|move|p1a: Arcanine|Flare Blitz|p2b: Ceruledge\n|-start|p2b: Ceruledge|ability: Flash Fire\n|\n|upkeep\n|turn|2\n|inactive|Yuhunglo has 30 seconds left.\n|inactive|Yuhunglo has 20 seconds left.\n|inactive|Yuhunglo has 15 seconds left.\n|\n|t:|1682559950\n|switch|p2a: Dragapult|Dragapult, L50, M|100\/100\n|-terastallize|p2b: Ceruledge|Grass\n|move|p1a: Arcanine|Flare Blitz|p2a: Dragapult\n|-resisted|p2a: Dragapult\n|-damage|p2a: Dragapult|75\/100\n|-damage|p1a: Arcanine|92\/100|[from] Recoil\n|move|p2b: Ceruledge|Bulk Up|p2b: Ceruledge\n|-boost|p2b: Ceruledge|atk|1\n|-boost|p2b: Ceruledge|def|1\n|move|p1b: Ting-Lu|Stomping Tantrum|p2a: Dragapult\n|-damage|p2a: Dragapult|33\/100\n|\n|upkeep\n|turn|3\n|inactive|Yuhunglo has 30 seconds left.\n|\n|t:|1682559979\n|switch|p1b: Meowscarada|Meowscarada, L50, F|100\/100\n|move|p2a: Dragapult|Will-O-Wisp|p1b: Meowscarada\n|-status|p1b: Meowscarada|brn\n|move|p1a: Arcanine|Flare Blitz|p2a: Dragapult\n|-resisted|p2a: Dragapult\n|-damage|p2a: Dragapult|8\/100\n|-damage|p1a: Arcanine|84\/100|[from] Recoil\n|move|p2b: Ceruledge|Bulk Up|p2b: Ceruledge\n|-boost|p2b: Ceruledge|atk|1\n|-boost|p2b: Ceruledge|def|1\n|\n|-damage|p1b: Meowscarada|95\/100 brn|[from] brn\n|upkeep\n|turn|4\n|inactive|leafeonthegoat has 30 seconds left.\n|inactive|leafeonthegoat has 20 seconds left.\n|inactive|leafeonthegoat has 15 seconds left.\n|\n|t:|1682560019\n|switch|p2a: Gengar|Gengar, L50, F|100\/100\n|move|p1b: Meowscarada|Knock Off|p2b: Ceruledge\n|-crit|p2b: Ceruledge\n|-damage|p2b: Ceruledge|66\/100\n|-enditem|p2b: Ceruledge|Clear Amulet|[from] move: Knock Off|[of] p1b: Meowscarada\n|move|p1a: Arcanine|Flare Blitz|p2a: Gengar\n|-damage|p2a: Gengar|27\/100\n|-damage|p1a: Arcanine|63\/100|[from] Recoil\n|move|p2b: Ceruledge|Bulk Up|p2b: Ceruledge\n|-boost|p2b: Ceruledge|atk|1\n|-boost|p2b: Ceruledge|def|1\n|\n|-damage|p1b: Meowscarada|89\/100 brn|[from] brn\n|upkeep\n|turn|5\n|\n|t:|1682560043\n|switch|p1a: Ting-Lu|Ting-Lu, L50|100\/100\n|-ability|p1a: Ting-Lu|Vessel of Ruin\n|move|p1b: Meowscarada|Protect|p1b: Meowscarada\n|-singleturn|p1b: Meowscarada|Protect\n|move|p2a: Gengar|Sludge Bomb|p1a: Ting-Lu\n|-resisted|p1a: Ting-Lu\n|-damage|p1a: Ting-Lu|89\/100\n|move|p2b: Ceruledge|Bitter Blade|p1b: Meowscarada\n|-activate|p1b: Meowscarada|move: Protect\n|\n|-damage|p1b: Meowscarada|83\/100 brn|[from] brn\n|upkeep\n|turn|6\n|inactive|Yuhunglo has 30 seconds left.\n|inactive|leafeonthegoat has 30 seconds left.\n|\n|t:|1682560071\n|move|p1b: Meowscarada|Knock Off|p2a: Gengar\n|-supereffective|p2a: Gengar\n|-damage|p2a: Gengar|0 fnt\n|-enditem|p2a: Gengar|Assault Vest|[from] move: Knock Off|[of] p1b: Meowscarada\n|faint|p2a: Gengar\n|move|p2b: Ceruledge|Bitter Blade|p1a: Ting-Lu\n|-damage|p1a: Ting-Lu|4\/100\n|-heal|p2b: Ceruledge|100\/100|[from] drain|[of] p1a: Ting-Lu\n|move|p1a: Ting-Lu|Ruination|p2b: Ceruledge\n|-damage|p2b: Ceruledge|51\/100\n|\n|-damage|p1b: Meowscarada|77\/100 brn|[from] brn\n|upkeep\n|\n|t:|1682560083\n|switch|p2a: Dragapult|Dragapult, L50, M|8\/100\n|turn|7\n|inactive|Yuhunglo has 30 seconds left.\n|\n|t:|1682560119\n|move|p1b: Meowscarada|Flower Trick|p2a: Dragapult\n|-resisted|p2a: Dragapult\n|-crit|p2a: Dragapult\n|-damage|p2a: Dragapult|0 fnt\n|faint|p2a: Dragapult\n|move|p2b: Ceruledge|Bitter Blade|p1b: Meowscarada\n|-supereffective|p1b: Meowscarada\n|-damage|p1b: Meowscarada|0 fnt\n|-heal|p2b: Ceruledge|84\/100|[from] drain|[of] p1b: Meowscarada\n|faint|p1b: Meowscarada\n|move|p1a: Ting-Lu|Ruination|p2b: Ceruledge\n|-damage|p2b: Ceruledge|42\/100\n|\n|upkeep\n|\n|t:|1682560128\n|switch|p1b: Palafin|Palafin-Hero, L50, M|100\/100\n|switch|p2a: Gholdengo|Gholdengo, L50|100\/100\n|-activate|p1b: Palafin|ability: Zero to Hero\n|turn|8\n|inactive|leafeonthegoat has 30 seconds left.\n|inactive|Yuhunglo has 30 seconds left.\n|inactive|leafeonthegoat has 20 seconds left.\n|inactive|leafeonthegoat has 15 seconds left.\n|\n|t:|1682560168\n|move|p2b: Ceruledge|Shadow Sneak|p1a: Ting-Lu\n|-resisted|p1a: Ting-Lu\n|-damage|p1a: Ting-Lu|0 fnt\n|faint|p1a: Ting-Lu\n|move|p1b: Palafin|Haze|p1b: Palafin\n|-clearallboost\n|move|p2a: Gholdengo|Nasty Plot|p2a: Gholdengo\n|-boost|p2a: Gholdengo|spa|2\n|\n|upkeep\n|\n|t:|1682560176\n|switch|p1a: Arcanine|Arcanine, L50, M|63\/100\n|-ability|p1a: Arcanine|Intimidate|boost\n|-unboost|p2a: Gholdengo|atk|1\n|-unboost|p2b: Ceruledge|atk|1\n|turn|9\n|\n|t:|1682560194\n|-terastallize|p1b: Palafin|Water\n|move|p1a: Arcanine|Howl|p1a: Arcanine|[spread] p1a,p1b\n|-boost|p1a: Arcanine|atk|1\n|-boost|p1b: Palafin|atk|1\n|move|p1b: Palafin|Wave Crash|p2a: Gholdengo\n|-damage|p2a: Gholdengo|0 fnt\n|faint|p2a: Gholdengo\n|-damage|p1b: Palafin|67\/100|[from] Recoil\n|move|p2b: Ceruledge|Tera Blast|p1b: Palafin\n|-supereffective|p1b: Palafin\n|-damage|p1b: Palafin|23\/100\n|\n|upkeep\n|turn|10\n|\n|t:|1682560209\n|move|p2b: Ceruledge|Shadow Sneak|p1b: Palafin\n|-damage|p1b: Palafin|9\/100\n|move|p1a: Arcanine|Howl|p1a: Arcanine|[spread] p1a,p1b\n|-boost|p1a: Arcanine|atk|1\n|-boost|p1b: Palafin|atk|1\n|move|p1b: Palafin|Wave Crash|p2b: Ceruledge\n|-resisted|p2b: Ceruledge\n|-damage|p2b: Ceruledge|0 fnt\n|faint|p2b: Ceruledge\n|-damage|p1b: Palafin|0 fnt|[from] Recoil\n|faint|p1b: Palafin\n|\n|win|Yuhunglo\n|raw|Yuhunglo's rating: 1343 → 1359<\/strong> (+16 for winning)\n|raw|leafeonthegoat's rating: 1267 → 1247<\/strong> (-20 for losing)\n|c|\u2606leafeonthegoat|wp\n","uploadtime":1682560223,"views":9,"p1id":"yuhunglo","p2id":"leafeonthegoat","formatid":"gen9vgc2023regulationc","rating":1247,"private":0,"password":""}