{"id":"gen9vgc2023regulationc-1844858043","p1":"BCDefault","p2":"Innho2","format":"[Gen 9] VGC 2023 Regulation C","log":"|j|\u2606BCDefault\n|j|\u2606Innho2\n|t:|1681657236\n|gametype|doubles\n|player|p1|BCDefault|101|1113\n|player|p2|Innho2|hilbert|1196\n|teamsize|p1|6\n|teamsize|p2|6\n|gen|9\n|tier|[Gen 9] VGC 2023 Regulation C\n|rated|\n|rule|Species Clause: Limit one of each Pok\u00e9mon\n|rule|Item Clause: Limit one of each item\n|clearpoke\n|poke|p1|Lucario, L50, M|\n|poke|p1|Eelektross, L50, F|\n|poke|p1|Indeedee-F, L50, F|\n|poke|p1|Sylveon, L50, F|\n|poke|p1|Baxcalibur, L50, F|\n|poke|p1|Gyarados, L50, F|\n|poke|p2|Arcanine, L50, M|\n|poke|p2|Iron Bundle, L50|\n|poke|p2|Amoonguss, L50, F|\n|poke|p2|Ceruledge, L50, F|\n|poke|p2|Dragapult, L50, M|\n|poke|p2|Chien-Pao, L50|\n|teampreview|4\n|\n|t:|1681657269\n|start\n|switch|p1a: Sylveon|Sylveon, L50, F|100\/100\n|switch|p1b: Gyarados|Gyarados, L50, F|100\/100\n|switch|p2a: Iron Bundle|Iron Bundle, L50|100\/100\n|switch|p2b: Amoonguss|Amoonguss, L50, F|100\/100\n|-ability|p1b: Gyarados|Intimidate|boost\n|-unboost|p2a: Iron Bundle|atk|1\n|-unboost|p2b: Amoonguss|atk|1\n|-enditem|p2a: Iron Bundle|Booster Energy\n|-activate|p2a: Iron Bundle|ability: Quark Drive|[fromitem]\n|-start|p2a: Iron Bundle|quarkdrivespe\n|turn|1\n|\n|t:|1681657289\n|-terastallize|p1a: Sylveon|Fairy\n|move|p2a: Iron Bundle|Freeze-Dry|p1b: Gyarados\n|-supereffective|p1b: Gyarados\n|-damage|p1b: Gyarados|0 fnt\n|faint|p1b: Gyarados\n|move|p1a: Sylveon|Hyper Beam|p2b: Amoonguss\n|-resisted|p2b: Amoonguss\n|-damage|p2b: Amoonguss|25\/100\n|-mustrecharge|p1a: Sylveon\n|-enditem|p2b: Amoonguss|Sitrus Berry|[eat]\n|-heal|p2b: Amoonguss|50\/100|[from] item: Sitrus Berry\n|move|p2b: Amoonguss|Spore|p1a: Sylveon\n|-status|p1a: Sylveon|slp|[from] move: Spore\n|\n|upkeep\n|\n|t:|1681657305\n|switch|p1b: Baxcalibur|Baxcalibur, L50, F|100\/100\n|turn|2\n|\n|t:|1681657317\n|move|p2a: Iron Bundle|Freeze-Dry|p1b: Baxcalibur\n|-damage|p1b: Baxcalibur|61\/100\n|move|p1b: Baxcalibur|Glaive Rush|p2a: Iron Bundle\n|-damage|p2a: Iron Bundle|20\/100\n|-singlemove|p1b: Baxcalibur|Glaive Rush|[silent]\n|cant|p1a: Sylveon|recharge\n|move|p2b: Amoonguss|Spore|p1b: Baxcalibur\n|-status|p1b: Baxcalibur|slp|[from] move: Spore\n|\n|upkeep\n|turn|3\n|\n|t:|1681657338\n|-end|p2a: Iron Bundle|Quark Drive|[silent]\n|switch|p2a: Ceruledge|Ceruledge, L50, F|100\/100\n|cant|p1b: Baxcalibur|slp\n|cant|p1a: Sylveon|slp\n|move|p2b: Amoonguss|Spore|p1b: Baxcalibur\n|-fail|p1b: Baxcalibur|slp\n|\n|upkeep\n|turn|4\n|\n|t:|1681657348\n|move|p2b: Amoonguss|Rage Powder|p2b: Amoonguss\n|-singleturn|p2b: Amoonguss|move: Rage Powder\n|-curestatus|p1b: Baxcalibur|slp|[msg]\n|move|p1b: Baxcalibur|Glaive Rush|p2b: Amoonguss\n|-damage|p2b: Amoonguss|0 fnt\n|-singlemove|p1b: Baxcalibur|Glaive Rush|[silent]\n|faint|p2b: Amoonguss\n|move|p2a: Ceruledge|Swords Dance|p2a: Ceruledge\n|-boost|p2a: Ceruledge|atk|2\n|cant|p1a: Sylveon|slp\n|\n|upkeep\n|\n|t:|1681657359\n|switch|p2b: Dragapult|Dragapult, L50, M|100\/100\n|turn|5\n|\n|t:|1681657375\n|-terastallize|p2b: Dragapult|Dragon\n|move|p1b: Baxcalibur|Glaive Rush|p2b: Dragapult\n|-supereffective|p2b: Dragapult\n|-damage|p2b: Dragapult|0 fnt\n|-singlemove|p1b: Baxcalibur|Glaive Rush|[silent]\n|faint|p2b: Dragapult\n|move|p2a: Ceruledge|Bitter Blade|p1a: Sylveon\n|-damage|p1a: Sylveon|0 fnt\n|faint|p1a: Sylveon\n|\n|upkeep\n|\n|t:|1681657387\n|switch|p2b: Iron Bundle|Iron Bundle, L50|20\/100\n|switch|p1a: Lucario|Lucario, L50, M|100\/100\n|turn|6\n|\n|t:|1681657398\n|move|p1b: Baxcalibur|Glaive Rush|p2b: Iron Bundle\n|-damage|p2b: Iron Bundle|0 fnt\n|-singlemove|p1b: Baxcalibur|Glaive Rush|[silent]\n|faint|p2b: Iron Bundle\n|-end|p2b: Iron Bundle|Quark Drive|[silent]\n|move|p1a: Lucario|Bone Rush|p2a: Ceruledge|[miss]\n|-miss|p1a: Lucario|p2a: Ceruledge\n|move|p2a: Ceruledge|Bitter Blade|p1a: Lucario\n|-supereffective|p1a: Lucario\n|-damage|p1a: Lucario|0 fnt\n|faint|p1a: Lucario\n|\n|upkeep\n|turn|7\n|c|\u2606BCDefault|damn\n|c|\u2606BCDefault|gg\n|\n|t:|1681657411\n|move|p1b: Baxcalibur|Glaive Rush|p2a: Ceruledge\n|-damage|p2a: Ceruledge|6\/100\n|-singlemove|p1b: Baxcalibur|Glaive Rush|[silent]\n|move|p2a: Ceruledge|Swords Dance|p2a: Ceruledge\n|-boost|p2a: Ceruledge|atk|2\n|\n|upkeep\n|turn|8\n|\n|t:|1681657418\n|move|p1b: Baxcalibur|Glaive Rush|p2a: Ceruledge\n|-damage|p2a: Ceruledge|0 fnt\n|-singlemove|p1b: Baxcalibur|Glaive Rush|[silent]\n|faint|p2a: Ceruledge\n|\n|win|BCDefault\n|raw|BCDefault's rating: 1113 → 1144<\/strong> (+31 for winning)\n|raw|Innho2's rating: 1196 → 1165<\/strong> (-31 for losing)\n|l|\u2606Innho2\n|c|\u2606BCDefault|oh\n","uploadtime":1681657430,"views":13,"p1id":"bcdefault","p2id":"innho2","formatid":"gen9vgc2023regulationc","rating":1144,"private":0,"password":""}