{"id":"gen9vgc2023regulationc-1849909971","p1":"NaughtyGirl-chan","p2":"yayaball","format":"[Gen 9] VGC 2023 Regulation C","log":"|j|\u2606NaughtyGirl-chan\n|j|\u2606yayaball\n|t:|1682267121\n|gametype|doubles\n|player|p1|NaughtyGirl-chan|iono|1353\n|player|p2|yayaball|ash|1515\n|teamsize|p1|6\n|teamsize|p2|6\n|gen|9\n|tier|[Gen 9] VGC 2023 Regulation C\n|rated|\n|rule|Species Clause: Limit one of each Pok\u00e9mon\n|rule|Item Clause: Limit one of each item\n|clearpoke\n|poke|p1|Espathra, L50, M|\n|poke|p1|Sandy Shocks, L50|\n|poke|p1|Amoonguss, L50, M|\n|poke|p1|Flutter Mane, L50|\n|poke|p1|Arcanine, L50, M|\n|poke|p1|Ting-Lu, L50|\n|poke|p2|Iron Hands, L50|\n|poke|p2|Amoonguss, L50, F|\n|poke|p2|Arcanine, L50, M|\n|poke|p2|Flutter Mane, L50|\n|poke|p2|Palafin, L50, M|\n|poke|p2|Roaring Moon, L50|\n|teampreview|4\n|inactive|Battle timer is ON: inactive players will automatically lose when time's up. (requested by NaughtyGirl-chan)\n|c|\u2606yayaball|thanks, i fucking hate your name lmao\n|inactive|NaughtyGirl-chan has 60 seconds left.\n|inactive|yayaball has 60 seconds left.\n|inactive|NaughtyGirl-chan has 30 seconds left.\n|inactive|NaughtyGirl-chan has 20 seconds left.\n|inactive|NaughtyGirl-chan has 15 seconds left.\n|inactive|NaughtyGirl-chan has 10 seconds left.\n|\n|t:|1682267204\n|start\n|switch|p1a: Espathra|Espathra, L50, M|100\/100\n|switch|p1b: Sandy Shocks|Sandy Shocks, L50|100\/100\n|switch|p2a: Palafin|Palafin, L50, M|100\/100\n|switch|p2b: Iron Hands|Iron Hands, L50|100\/100\n|-enditem|p1b: Sandy Shocks|Booster Energy\n|-activate|p1b: Sandy Shocks|ability: Protosynthesis|[fromitem]\n|-start|p1b: Sandy Shocks|protosynthesisspe\n|turn|1\n|\n|t:|1682267228\n|move|p2b: Iron Hands|Fake Out|p1b: Sandy Shocks\n|-damage|p1b: Sandy Shocks|82\/100\n|cant|p1b: Sandy Shocks|flinch\n|move|p1a: Espathra|Lumina Crash|p2a: Palafin\n|-crit|p2a: Palafin\n|-damage|p2a: Palafin|35\/100\n|-unboost|p2a: Palafin|spd|2\n|move|p2a: Palafin|Wave Crash|p1a: Espathra\n|-damage|p1a: Espathra|21\/100\n|-damage|p2a: Palafin|13\/100|[from] Recoil\n|\n|-ability|p1a: Espathra|Speed Boost|boost\n|-boost|p1a: Espathra|spe|1\n|upkeep\n|turn|2\n|inactive|NaughtyGirl-chan has 30 seconds left.\n|inactive|NaughtyGirl-chan has 20 seconds left.\n|inactive|NaughtyGirl-chan has 15 seconds left.\n|inactive|NaughtyGirl-chan has 10 seconds left.\n|\n|t:|1682267274\n|switch|p1a: Amoonguss|Amoonguss, L50, M|100\/100\n|-terastallize|p2b: Iron Hands|Fire\n|move|p2a: Palafin|Protect|p2a: Palafin\n|-singleturn|p2a: Palafin|Protect\n|move|p1b: Sandy Shocks|Earth Power|p2a: Palafin\n|-activate|p2a: Palafin|move: Protect\n|move|p2b: Iron Hands|Drain Punch|p1b: Sandy Shocks\n|-damage|p1b: Sandy Shocks|35\/100\n|\n|upkeep\n|turn|3\n|\n|t:|1682267299\n|detailschange|p2a: Palafin|Palafin-Hero, L50, M\n|switch|p2a: Amoonguss|Amoonguss, L50, F, shiny|100\/100\n|move|p1b: Sandy Shocks|Protect|p1b: Sandy Shocks\n|-singleturn|p1b: Sandy Shocks|Protect\n|move|p2b: Iron Hands|Heavy Slam|p1b: Sandy Shocks\n|-activate|p1b: Sandy Shocks|move: Protect\n|move|p1a: Amoonguss|Spore|p2a: Amoonguss\n|-immune|p2a: Amoonguss\n|\n|upkeep\n|turn|4\n|inactive|NaughtyGirl-chan has 30 seconds left.\n|inactive|NaughtyGirl-chan has 20 seconds left.\n|inactive|NaughtyGirl-chan has 15 seconds left.\n|inactive|NaughtyGirl-chan has 10 seconds left.\n|j| Tyraninator2000\n|\n|t:|1682267347\n|-terastallize|p1b: Sandy Shocks|Grass\n|move|p2a: Amoonguss|Protect|p2a: Amoonguss\n|-singleturn|p2a: Amoonguss|Protect\n|move|p1b: Sandy Shocks|Gravity|p1b: Sandy Shocks\n|-fieldstart|move: Gravity\n|move|p2b: Iron Hands|Heavy Slam|p1b: Sandy Shocks\n|-damage|p1b: Sandy Shocks|0 fnt\n|faint|p1b: Sandy Shocks\n|-end|p1b: Sandy Shocks|Protosynthesis|[silent]\n|move|p1a: Amoonguss|Spore|p2b: Iron Hands\n|-status|p2b: Iron Hands|slp|[from] move: Spore\n|\n|upkeep\n|l| Tyraninator2000\n|j| Tyraninator2000\n|\n|t:|1682267358\n|switch|p1b: Espathra|Espathra, L50, M|21\/100\n|turn|5\n|l| Tyraninator2000\n|\n|t:|1682267367\n|move|p1b: Espathra|Hypnosis|p2a: Amoonguss\n|-status|p2a: Amoonguss|slp|[from] move: Hypnosis\n|cant|p2b: Iron Hands|slp\n|move|p1a: Amoonguss|Pollen Puff|p1b: Espathra\n|-heal|p1b: Espathra|71\/100\n|cant|p2a: Amoonguss|slp\n|\n|-ability|p1b: Espathra|Speed Boost|boost\n|-boost|p1b: Espathra|spe|1\n|upkeep\n|turn|6\n|\n|t:|1682267386\n|-curestatus|p2a: Amoonguss|slp|[msg]\n|move|p2a: Amoonguss|Protect|p2a: Amoonguss\n|-singleturn|p2a: Amoonguss|Protect\n|move|p1b: Espathra|Lumina Crash|p2a: Amoonguss\n|-activate|p2a: Amoonguss|move: Protect\n|cant|p2b: Iron Hands|slp\n|move|p1a: Amoonguss|Pollen Puff|p1b: Espathra\n|-heal|p1b: Espathra|100\/100\n|\n|-ability|p1b: Espathra|Speed Boost|boost\n|-boost|p1b: Espathra|spe|1\n|upkeep\n|turn|7\n|\n|t:|1682267399\n|switch|p1a: Ting-Lu|Ting-Lu, L50|100\/100\n|-ability|p1a: Ting-Lu|Vessel of Ruin\n|switch|p2a: Flutter Mane|Flutter Mane, L50, shiny|100\/100\n|move|p1b: Espathra|Lumina Crash|p2a: Flutter Mane\n|-damage|p2a: Flutter Mane|73\/100\n|-unboost|p2a: Flutter Mane|spd|2\n|cant|p2b: Iron Hands|slp\n|\n|-ability|p1b: Espathra|Speed Boost|boost\n|-boost|p1b: Espathra|spe|1\n|upkeep\n|turn|8\n|inactive|NaughtyGirl-chan has 30 seconds left.\n|\n|t:|1682267436\n|-end|p2a: Flutter Mane|Protosynthesis|[silent]\n|switch|p2a: Amoonguss|Amoonguss, L50, F, shiny|100\/100\n|move|p1b: Espathra|Lumina Crash|p2b: Iron Hands\n|-damage|p2b: Iron Hands|86\/100 slp\n|-unboost|p2b: Iron Hands|spd|2\n|-curestatus|p2b: Iron Hands|slp|[msg]\n|move|p2b: Iron Hands|Heavy Slam|p1b: Espathra\n|-damage|p1b: Espathra|36\/100\n|move|p1a: Ting-Lu|Heavy Slam|p2a: Amoonguss\n|-damage|p2a: Amoonguss|71\/100\n|\n|-fieldend|move: Gravity\n|-ability|p1b: Espathra|Speed Boost|boost\n|-boost|p1b: Espathra|spe|1\n|upkeep\n|turn|9\n|j| Tyraninator2000\n|l| Tyraninator2000\n|inactive|NaughtyGirl-chan has 30 seconds left.\n|inactive|NaughtyGirl-chan has 20 seconds left.\n|inactive|NaughtyGirl-chan has 15 seconds left.\n|\n|t:|1682267478\n|move|p1b: Espathra|Lumina Crash|p2b: Iron Hands\n|-damage|p2b: Iron Hands|59\/100\n|-unboost|p2b: Iron Hands|spd|2\n|move|p2b: Iron Hands|Heavy Slam|p1b: Espathra\n|-damage|p1b: Espathra|0 fnt\n|faint|p1b: Espathra\n|move|p1a: Ting-Lu|Fissure|p2a: Amoonguss|[miss]\n|-miss|p1a: Ting-Lu|p2a: Amoonguss\n|move|p2a: Amoonguss|Spore|p1a: Ting-Lu\n|-status|p1a: Ting-Lu|slp|[from] move: Spore\n|\n|upkeep\n|\n|t:|1682267488\n|switch|p1b: Amoonguss|Amoonguss, L50, M|100\/100\n|turn|10\n|\n|t:|1682267501\n|move|p2b: Iron Hands|Heavy Slam|p1b: Amoonguss\n|-damage|p1b: Amoonguss|60\/100\n|cant|p1a: Ting-Lu|slp\n|move|p2a: Amoonguss|Pollen Puff|p2b: Iron Hands\n|-heal|p2b: Iron Hands|100\/100\n|move|p1b: Amoonguss|Spore|p2b: Iron Hands\n|-status|p2b: Iron Hands|slp|[from] move: Spore\n|\n|upkeep\n|turn|11\n|\n|t:|1682267515\n|cant|p2b: Iron Hands|slp\n|cant|p1a: Ting-Lu|slp\n|move|p1b: Amoonguss|Pollen Puff|p2a: Amoonguss\n|-damage|p2a: Amoonguss|59\/100\n|move|p2a: Amoonguss|Pollen Puff|p1a: Ting-Lu\n|-supereffective|p1a: Ting-Lu\n|-damage|p1a: Ting-Lu|86\/100 slp\n|\n|upkeep\n|turn|12\n|\n|t:|1682267531\n|move|p2a: Amoonguss|Protect|p2a: Amoonguss\n|-singleturn|p2a: Amoonguss|Protect\n|-curestatus|p2b: Iron Hands|slp|[msg]\n|move|p2b: Iron Hands|Heavy Slam|p1b: Amoonguss\n|-damage|p1b: Amoonguss|15\/100\n|-enditem|p1b: Amoonguss|Sitrus Berry|[eat]\n|-heal|p1b: Amoonguss|40\/100|[from] item: Sitrus Berry\n|cant|p1a: Ting-Lu|slp\n|move|p1b: Amoonguss|Pollen Puff|p1a: Ting-Lu\n|-heal|p1a: Ting-Lu|100\/100 slp\n|\n|upkeep\n|turn|13\n|\n|t:|1682267544\n|move|p2a: Amoonguss|Rage Powder|p2a: Amoonguss\n|-singleturn|p2a: Amoonguss|move: Rage Powder\n|move|p2b: Iron Hands|Heavy Slam|p1b: Amoonguss\n|-damage|p1b: Amoonguss|0 fnt\n|faint|p1b: Amoonguss\n|-curestatus|p1a: Ting-Lu|slp|[msg]\n|move|p1a: Ting-Lu|Fissure|p2a: Amoonguss|[miss]\n|-miss|p1a: Ting-Lu|p2a: Amoonguss\n|\n|upkeep\n|turn|14\n|c|\u2606yayaball|gg\n|-message|NaughtyGirl-chan forfeited.\n|\n|win|yayaball\n|raw|NaughtyGirl-chan's rating: 1353 → 1342<\/strong> (-11 for losing)\n|raw|yayaball's rating: 1515 → 1526<\/strong> (+11 for winning)\n","uploadtime":1682267143,"views":2,"p1id":"naughtygirlchan","p2id":"yayaball","formatid":"gen9vgc2023regulationc","rating":1342,"private":0,"password":""}