{"id":"gen9vgc2023regulationc-1855939193","p1":"AceTrainerNite","p2":"ToyDollRC","format":"[Gen 9] VGC 2023 Regulation C","log":"|j|\u2606AceTrainerNite\n|j|\u2606ToyDollRC\n|t:|1683003800\n|gametype|doubles\n|player|p1|AceTrainerNite|benga|1218\n|player|p2|ToyDollRC|palmer|1312\n|teamsize|p1|6\n|teamsize|p2|6\n|gen|9\n|tier|[Gen 9] VGC 2023 Regulation C\n|rated|\n|rule|Species Clause: Limit one of each Pok\u00e9mon\n|rule|Item Clause: Limit one of each item\n|clearpoke\n|poke|p1|Roaring Moon, L50|\n|poke|p1|Tinkaton, L50, F|\n|poke|p1|Annihilape, L50, M|\n|poke|p1|Arcanine, L50, F|\n|poke|p1|Palafin, L50, M|\n|poke|p1|Amoonguss, L50, M|\n|poke|p2|Annihilape, L50, F|\n|poke|p2|Maushold-Four, L50|\n|poke|p2|Ting-Lu, L50|\n|poke|p2|Chien-Pao, L50|\n|poke|p2|Dragonite, L50, M|\n|poke|p2|Gastrodon, L50, F|\n|teampreview|4\n|inactive|Battle timer is ON: inactive players will automatically lose when time's up. (requested by AceTrainerNite)\n|inactive|AceTrainerNite has 60 seconds left.\n|inactive|ToyDollRC has 60 seconds left.\n|inactive|AceTrainerNite has 30 seconds left.\n|inactive|AceTrainerNite has 20 seconds left.\n|inactive|AceTrainerNite has 15 seconds left.\n|inactive|AceTrainerNite has 10 seconds left.\n|inactive|AceTrainerNite has 5 seconds left.\n|\n|t:|1683003890\n|start\n|switch|p1a: Bethuna|Roaring Moon, L50, shiny|100\/100\n|switch|p1b: BONK|Tinkaton, L50, F|100\/100\n|switch|p2a: Annihilape|Annihilape, L50, F|100\/100\n|switch|p2b: Chien-Pao|Chien-Pao, L50|100\/100\n|-ability|p2b: Chien-Pao|Sword of Ruin\n|-ability|p1b: BONK|Mold Breaker\n|-enditem|p1a: Bethuna|Booster Energy\n|-activate|p1a: Bethuna|ability: Protosynthesis|[fromitem]\n|-start|p1a: Bethuna|protosynthesisatk\n|turn|1\n|\n|t:|1683003914\n|switch|p2b: Ting-Lu|Ting-Lu, L50|100\/100\n|-ability|p2b: Ting-Lu|Vessel of Ruin\n|-terastallize|p2a: Annihilape|Fire\n|move|p1a: Bethuna|Protect|p1a: Bethuna\n|-singleturn|p1a: Bethuna|Protect\n|move|p1b: BONK|Thunder Wave|p2a: Annihilape\n|-status|p2a: Annihilape|par\n|move|p2a: Annihilape|Bulk Up|p2a: Annihilape\n|-boost|p2a: Annihilape|atk|1\n|-boost|p2a: Annihilape|def|1\n|\n|upkeep\n|turn|2\n|inactive|AceTrainerNite has 30 seconds left.\n|j| gen5remake\n|inactive|AceTrainerNite has 20 seconds left.\n|\n|t:|1683003950\n|switch|p1b: Hercules|Palafin, L50, M, shiny|100\/100\n|-terastallize|p1a: Bethuna|Flying\n|move|p1a: Bethuna|Dragon Dance|p1a: Bethuna\n|-boost|p1a: Bethuna|atk|1\n|-boost|p1a: Bethuna|spe|1\n|move|p2b: Ting-Lu|Stomping Tantrum|p1b: Hercules\n|-damage|p1b: Hercules|68\/100\n|move|p2a: Annihilape|Drain Punch|p1a: Bethuna\n|-resisted|p1a: Bethuna\n|-damage|p1a: Bethuna|75\/100\n|\n|upkeep\n|turn|3\n|inactive|AceTrainerNite has 30 seconds left.\n|l| gen5remake\n|inactive|AceTrainerNite has 20 seconds left.\n|\n|t:|1683003987\n|detailschange|p1b: Hercules|Palafin-Hero, L50, M, shiny\n|switch|p1b: Ozaru|Annihilape, L50, M|100\/100\n|move|p2a: Annihilape|Protect|p2a: Annihilape\n|-singleturn|p2a: Annihilape|Protect\n|move|p1a: Bethuna|Acrobatics|p2a: Annihilape\n|-activate|p2a: Annihilape|move: Protect\n|move|p2b: Ting-Lu|Ruination|p1a: Bethuna\n|-damage|p1a: Bethuna|38\/100\n|\n|upkeep\n|turn|4\n|inactive|AceTrainerNite has 30 seconds left.\n|inactive|ToyDollRC has 30 seconds left.\n|\n|t:|1683004018\n|move|p1a: Bethuna|Acrobatics|p2a: Annihilape\n|-damage|p2a: Annihilape|17\/100 par\n|move|p1b: Ozaru|Rage Fist|p2a: Annihilape\n|-damage|p2a: Annihilape|1\/100 par\n|move|p2b: Ting-Lu|Heavy Slam|p1a: Bethuna\n|-damage|p1a: Bethuna|27\/100\n|move|p2a: Annihilape|Rage Fist|p1b: Ozaru\n|-supereffective|p1b: Ozaru\n|-damage|p1b: Ozaru|0 fnt\n|faint|p1b: Ozaru\n|\n|-heal|p2a: Annihilape|7\/100 par|[from] item: Leftovers\n|upkeep\n|\n|t:|1683004033\n|switch|p1b: Hercules|Palafin-Hero, L50, M, shiny|68\/100\n|-activate|p1b: Hercules|ability: Zero to Hero\n|turn|5\n|\n|t:|1683004043\n|switch|p2a: Gastrodon|Gastrodon, L50, F|100\/100\n|move|p1a: Bethuna|Acrobatics|p2a: Gastrodon\n|-damage|p2a: Gastrodon|0 fnt\n|faint|p2a: Gastrodon\n|move|p1b: Hercules|Wave Crash|p2b: Ting-Lu\n|-supereffective|p2b: Ting-Lu\n|-damage|p2b: Ting-Lu|9\/100\n|-damage|p1b: Hercules|29\/100|[from] Recoil\n|move|p2b: Ting-Lu|Heavy Slam|p1a: Bethuna\n|-damage|p1a: Bethuna|18\/100\n|\n|upkeep\n|\n|t:|1683004052\n|switch|p2a: Chien-Pao|Chien-Pao, L50|100\/100\n|-ability|p2a: Chien-Pao|Sword of Ruin\n|turn|6\n|\n|t:|1683004070\n|move|p1a: Bethuna|Protect|p1a: Bethuna\n|-singleturn|p1a: Bethuna|Protect\n|move|p2a: Chien-Pao|Sucker Punch||[still]\n|-fail|p2a: Chien-Pao\n|move|p1b: Hercules|Close Combat|p2a: Chien-Pao\n|-supereffective|p2a: Chien-Pao\n|-enditem|p2a: Chien-Pao|Focus Sash\n|-damage|p2a: Chien-Pao|1\/100\n|-unboost|p1b: Hercules|def|1\n|-unboost|p1b: Hercules|spd|1\n|move|p2b: Ting-Lu|Stomping Tantrum|p1b: Hercules\n|-damage|p1b: Hercules|0 fnt\n|faint|p1b: Hercules\n|\n|upkeep\n|\n|t:|1683004085\n|switch|p1b: BONK|Tinkaton, L50, F|100\/100\n|-ability|p1b: BONK|Mold Breaker\n|turn|7\n|\n|t:|1683004095\n|switch|p2a: Annihilape|Annihilape, L50, F, tera:Fire|7\/100 par\n|move|p1b: BONK|Fake Out|p2a: Annihilape\n|-damage|p2a: Annihilape|0 fnt\n|faint|p2a: Annihilape\n|move|p1a: Bethuna|Acrobatics|p2b: Ting-Lu\n|-damage|p2b: Ting-Lu|0 fnt\n|faint|p2b: Ting-Lu\n|\n|upkeep\n|\n|t:|1683004102\n|switch|p2b: Chien-Pao|Chien-Pao, L50|1\/100\n|-ability|p2b: Chien-Pao|Sword of Ruin\n|turn|8\n|-message|ToyDollRC forfeited.\n|\n|win|AceTrainerNite\n|raw|AceTrainerNite's rating: 1218 → 1250<\/strong> (+32 for winning)\n|raw|ToyDollRC's rating: 1312 → 1287<\/strong> (-25 for losing)\n|l|\u2606ToyDollRC\n","uploadtime":1683004117,"views":11,"p1id":"acetrainernite","p2id":"toydollrc","formatid":"gen9vgc2023regulationc","rating":1250,"private":0,"password":""}