{"id":"gen9vgc2023regulationc-1848616362","p1":"Krazy Korean","p2":"Rexluser","format":"[Gen 9] VGC 2023 Regulation C","log":"|j|\u2606Krazy Korean\n|j|\u2606Rexluser\n|t:|1682094787\n|gametype|doubles\n|player|p1|Krazy Korean|170|1000\n|player|p2|Rexluser|101|1099\n|teamsize|p1|6\n|teamsize|p2|6\n|gen|9\n|tier|[Gen 9] VGC 2023 Regulation C\n|rated|\n|rule|Species Clause: Limit one of each Pok\u00e9mon\n|rule|Item Clause: Limit one of each item\n|clearpoke\n|poke|p1|Oricorio-Pom-Pom, L50, F|\n|poke|p1|Volcarona, L50, F|\n|poke|p1|Quaquaval, L50, F|\n|poke|p1|Lilligant, L50, F|\n|poke|p1|Flamigo, L50, M|\n|poke|p1|Mimikyu, L50, M|\n|poke|p2|Armarouge, L50, M|\n|poke|p2|Indeedee-F, L50, F|\n|poke|p2|Great Tusk, L50|\n|poke|p2|Iron Bundle, L50|\n|poke|p2|Iron Hands, L50|\n|poke|p2|Brute Bonnet, L50|\n|teampreview|4\n|inactive|Battle timer is ON: inactive players will automatically lose when time's up. (requested by Rexluser)\n|\n|t:|1682094817\n|start\n|switch|p1a: Oricorio|Oricorio-Pom-Pom, L50, F|100\/100\n|switch|p1b: Volcarona|Volcarona, L50, F, shiny|100\/100\n|switch|p2a: Armarouge|Armarouge, L50, M|100\/100\n|switch|p2b: Indeedee|Indeedee-F, L50, F|100\/100\n|-fieldstart|move: Psychic Terrain|[from] ability: Psychic Surge|[of] p2b: Indeedee\n|-enditem|p2b: Indeedee|Psychic Seed\n|-boost|p2b: Indeedee|spd|1|[from] item: Psychic Seed\n|turn|1\n|\n|t:|1682094837\n|move|p1a: Oricorio|Protect|p1a: Oricorio\n|-singleturn|p1a: Oricorio|Protect\n|move|p1b: Volcarona|Tailwind|p1b: Volcarona\n|-sidestart|p1: Krazy Korean|move: Tailwind\n|move|p2a: Armarouge|Expanding Force|p1a: Oricorio|[spread] p1b\n|-activate|p1a: Oricorio|move: Protect\n|-damage|p1b: Volcarona|15\/100\n|-enditem|p1b: Volcarona|Sitrus Berry|[eat]\n|-heal|p1b: Volcarona|40\/100|[from] item: Sitrus Berry\n|-damage|p2a: Armarouge|91\/100|[from] item: Life Orb\n|move|p2b: Indeedee|Trick Room|p2b: Indeedee\n|-fieldstart|move: Trick Room|[of] p2b: Indeedee\n|\n|upkeep\n|turn|2\n|inactive|Krazy Korean has 30 seconds left.\n|\n|t:|1682094871\n|switch|p1a: Flamigo|Flamigo, L50, M|100\/100\n|-copyboost|p1a: Flamigo|p1b: Volcarona|[from] ability: Costar\n|move|p2b: Indeedee|Helping Hand|p2a: Armarouge\n|-singleturn|p2a: Armarouge|Helping Hand|[of] p2b: Indeedee\n|move|p2a: Armarouge|Expanding Force|p1a: Flamigo|[spread] p1a,p1b\n|-supereffective|p1a: Flamigo\n|-damage|p1a: Flamigo|0 fnt\n|-damage|p1b: Volcarona|0 fnt\n|faint|p1a: Flamigo\n|faint|p1b: Volcarona\n|-damage|p2a: Armarouge|81\/100|[from] item: Life Orb\n|\n|upkeep\n|\n|t:|1682094884\n|switch|p1b: Quaquaval|Quaquaval, L50, F|100\/100\n|switch|p1a: Oricorio|Oricorio-Pom-Pom, L50, F|100\/100\n|turn|3\n|\n|t:|1682094892\n|move|p2b: Indeedee|Helping Hand|p2a: Armarouge\n|-singleturn|p2a: Armarouge|Helping Hand|[of] p2b: Indeedee\n|move|p1a: Oricorio|Protect|p1a: Oricorio\n|-singleturn|p1a: Oricorio|Protect\n|move|p2a: Armarouge|Expanding Force|p1a: Oricorio|[spread] p1b\n|-activate|p1a: Oricorio|move: Protect\n|-supereffective|p1b: Quaquaval\n|-damage|p1b: Quaquaval|0 fnt\n|faint|p1b: Quaquaval\n|-damage|p2a: Armarouge|72\/100|[from] item: Life Orb\n|\n|upkeep\n|turn|4\n|\n|t:|1682094906\n|move|p2b: Indeedee|Helping Hand|p2a: Armarouge\n|-singleturn|p2a: Armarouge|Helping Hand|[of] p2b: Indeedee\n|move|p2a: Armarouge|Expanding Force|p1a: Oricorio\n|-enditem|p1a: Oricorio|Focus Sash\n|-damage|p1a: Oricorio|1\/100\n|-damage|p2a: Armarouge|62\/100|[from] item: Life Orb\n|move|p1a: Oricorio|Quiver Dance|p1a: Oricorio\n|-boost|p1a: Oricorio|spa|1\n|-boost|p1a: Oricorio|spd|1\n|-boost|p1a: Oricorio|spe|1\n|\n|-sideend|p1: Krazy Korean|move: Tailwind\n|upkeep\n|turn|5\n|\n|t:|1682094920\n|move|p2b: Indeedee|Helping Hand|p2a: Armarouge\n|-singleturn|p2a: Armarouge|Helping Hand|[of] p2b: Indeedee\n|move|p1a: Oricorio|Protect|p1a: Oricorio\n|-singleturn|p1a: Oricorio|Protect\n|move|p2a: Armarouge|Expanding Force|p1a: Oricorio\n|-activate|p1a: Oricorio|move: Protect\n|\n|-fieldend|move: Trick Room\n|-fieldend|move: Psychic Terrain\n|upkeep\n|turn|6\n|\n|t:|1682094938\n|-terastallize|p1a: Oricorio|Electric\n|move|p1a: Oricorio|Revelation Dance|p2a: Armarouge\n|-damage|p2a: Armarouge|0 fnt\n|faint|p2a: Armarouge\n|move|p2b: Indeedee|Dazzling Gleam|p1a: Oricorio\n|-damage|p1a: Oricorio|0 fnt\n|faint|p1a: Oricorio\n|\n|win|Rexluser\n|raw|Krazy Korean's rating: 1000 → 1000<\/strong> (+0 for losing)\n|raw|Rexluser's rating: 1099 → 1117<\/strong> (+18 for winning)\n|c|\u2606Rexluser|gg\n|l|\u2606Krazy Korean\n","uploadtime":1682094951,"views":5,"p1id":"krazykorean","p2id":"rexluser","formatid":"gen9vgc2023regulationc","rating":1000,"private":0,"password":""}