{"id":"gen9vgc2023regulationc-1847261468","p1":"Juan Turnueika","p2":"maucs","format":"[Gen 9] VGC 2023 Regulation C","log":"|j|\u2606Juan Turnueika\n|j|\u2606maucs\n|t:|1681932501\n|gametype|doubles\n|player|p1|Juan Turnueika|265|1368\n|player|p2|maucs|giovanni|1272\n|teamsize|p1|6\n|teamsize|p2|6\n|gen|9\n|tier|[Gen 9] VGC 2023 Regulation C\n|rated|\n|rule|Species Clause: Limit one of each Pok\u00e9mon\n|rule|Item Clause: Limit one of each item\n|clearpoke\n|poke|p1|Jumpluff, L50, M|\n|poke|p1|Iron Thorns, L50|\n|poke|p1|Tauros-Paldea-Blaze, L50, M|\n|poke|p1|Flutter Mane, L50|\n|poke|p1|Iron Bundle, L50|\n|poke|p1|Ting-Lu, L50|\n|poke|p2|Baxcalibur, L50, F|\n|poke|p2|Breloom, L50, F|\n|poke|p2|Talonflame, L50, M|\n|poke|p2|Flutter Mane, L50|\n|poke|p2|Gholdengo, L50|\n|poke|p2|Great Tusk, L50|\n|teampreview|4\n|inactive|Battle timer is ON: inactive players will automatically lose when time's up. (requested by maucs)\n|inactive|Juan Turnueika has 60 seconds left.\n|inactive|Juan Turnueika has 30 seconds left.\n|\n|t:|1681932565\n|start\n|switch|p1a: Jumpluff|Jumpluff, L50, M|100\/100\n|switch|p1b: Iron Thorns|Iron Thorns, L50|100\/100\n|switch|p2a: Talonflame|Talonflame, L50, M|100\/100\n|switch|p2b: Flutter Mane|Flutter Mane, L50|100\/100\n|turn|1\n|inactive|Juan Turnueika has 30 seconds left.\n|inactive|maucs has 30 seconds left.\n|\n|t:|1681932591\n|move|p2b: Flutter Mane|Shadow Ball|p1a: Jumpluff\n|-damage|p1a: Jumpluff|32\/100\n|-enditem|p1a: Jumpluff|Sitrus Berry|[eat]\n|-heal|p1a: Jumpluff|57\/100|[from] item: Sitrus Berry\n|move|p2a: Talonflame|Will-O-Wisp|p1b: Iron Thorns\n|-status|p1b: Iron Thorns|brn\n|move|p1a: Jumpluff|Tailwind|p1a: Jumpluff\n|-sidestart|p1: Juan Turnueika|move: Tailwind\n|move|p1b: Iron Thorns|Rock Blast|p2b: Flutter Mane\n|-damage|p2b: Flutter Mane|85\/100\n|-damage|p2b: Flutter Mane|69\/100\n|-damage|p2b: Flutter Mane|55\/100\n|-damage|p2b: Flutter Mane|38\/100\n|-hitcount|p2b: Flutter Mane|4\n|\n|-damage|p1b: Iron Thorns|94\/100 brn|[from] brn\n|upkeep\n|turn|2\n|inactive|Juan Turnueika has 30 seconds left.\n|inactive|maucs has 30 seconds left.\n|\n|t:|1681932621\n|move|p2a: Talonflame|Tailwind|p2a: Talonflame\n|-sidestart|p2: maucs|move: Tailwind\n|move|p2b: Flutter Mane|Shadow Ball|p1b: Iron Thorns\n|-damage|p1b: Iron Thorns|32\/100 brn\n|move|p1a: Jumpluff|Strength Sap|p2a: Talonflame\n|-unboost|p2a: Talonflame|atk|1\n|-heal|p1a: Jumpluff|100\/100\n|move|p1b: Iron Thorns|Rock Blast|p2b: Flutter Mane\n|-damage|p2b: Flutter Mane|22\/100\n|-damage|p2b: Flutter Mane|6\/100\n|-damage|p2b: Flutter Mane|0 fnt\n|faint|p2b: Flutter Mane\n|-end|p2b: Flutter Mane|Protosynthesis|[silent]\n|-hitcount|p2: Flutter Mane|3\n|\n|-damage|p1b: Iron Thorns|25\/100 brn|[from] brn\n|upkeep\n|\n|t:|1681932629\n|switch|p2b: Baxcalibur|Baxcalibur, L50, F|100\/100\n|turn|3\n|\n|t:|1681932642\n|switch|p2a: Great Tusk|Great Tusk, L50|100\/100\n|-terastallize|p1a: Jumpluff|Water\n|move|p2b: Baxcalibur|Ice Shard|p1a: Jumpluff\n|-resisted|p1a: Jumpluff\n|-damage|p1a: Jumpluff|87\/100\n|move|p1a: Jumpluff|Strength Sap|p2b: Baxcalibur\n|-unboost|p2b: Baxcalibur|atk|1\n|-heal|p1a: Jumpluff|100\/100\n|move|p1b: Iron Thorns|Rock Blast|p2a: Great Tusk\n|-resisted|p2a: Great Tusk\n|-damage|p2a: Great Tusk|99\/100\n|-resisted|p2a: Great Tusk\n|-damage|p2a: Great Tusk|99\/100\n|-resisted|p2a: Great Tusk\n|-damage|p2a: Great Tusk|98\/100\n|-resisted|p2a: Great Tusk\n|-damage|p2a: Great Tusk|97\/100\n|-resisted|p2a: Great Tusk\n|-damage|p2a: Great Tusk|96\/100\n|-hitcount|p2a: Great Tusk|5\n|\n|-damage|p1b: Iron Thorns|19\/100 brn|[from] brn\n|upkeep\n|turn|4\n|inactive|maucs has 30 seconds left.\n|inactive|maucs has 20 seconds left.\n|inactive|maucs has 15 seconds left.\n|inactive|maucs has 10 seconds left.\n|\n|t:|1681932690\n|move|p1a: Jumpluff|Strength Sap|p2a: Great Tusk\n|-unboost|p2a: Great Tusk|atk|1\n|move|p2b: Baxcalibur|Glaive Rush|p1a: Jumpluff\n|-damage|p1a: Jumpluff|60\/100\n|-singlemove|p2b: Baxcalibur|Glaive Rush|[silent]\n|move|p2a: Great Tusk|Earthquake|p1b: Iron Thorns|[spread] p2b,p1a,p1b\n|-supereffective|p1b: Iron Thorns\n|-damage|p2b: Baxcalibur|54\/100\n|-damage|p1a: Jumpluff|32\/100\n|-damage|p1b: Iron Thorns|0 fnt\n|faint|p1b: Iron Thorns\n|-end|p1b: Iron Thorns|Quark Drive|[silent]\n|\n|-sideend|p1: Juan Turnueika|move: Tailwind\n|upkeep\n|\n|t:|1681932697\n|switch|p1b: Tauros|Tauros-Paldea-Blaze, L50, M|100\/100\n|-ability|p1b: Tauros|Intimidate|boost\n|-unboost|p2a: Great Tusk|atk|1\n|-unboost|p2b: Baxcalibur|atk|1\n|turn|5\n|\n|t:|1681932711\n|-end|p2a: Great Tusk|Protosynthesis|[silent]\n|switch|p2a: Talonflame|Talonflame, L50, M|100\/100\n|move|p2b: Baxcalibur|Protect|p2b: Baxcalibur\n|-singleturn|p2b: Baxcalibur|Protect\n|move|p1b: Tauros|Raging Bull|p2b: Baxcalibur\n|-activate|p2b: Baxcalibur|move: Protect\n|move|p1a: Jumpluff|Tailwind|p1a: Jumpluff\n|-sidestart|p1: Juan Turnueika|move: Tailwind\n|\n|-sideend|p2: maucs|move: Tailwind\n|upkeep\n|turn|6\n|\n|t:|1681932733\n|switch|p2b: Great Tusk|Great Tusk, L50|96\/100\n|move|p2a: Talonflame|Brave Bird|p1a: Jumpluff\n|-damage|p1a: Jumpluff|0 fnt\n|faint|p1a: Jumpluff\n|-damage|p2a: Talonflame|89\/100|[from] Recoil\n|move|p1b: Tauros|Raging Bull|p2a: Talonflame\n|-resisted|p2a: Talonflame\n|-damage|p2a: Talonflame|60\/100\n|\n|upkeep\n|\n|t:|1681932739\n|switch|p1a: Iron Bundle|Iron Bundle, L50|100\/100\n|-enditem|p1a: Iron Bundle|Booster Energy\n|-activate|p1a: Iron Bundle|ability: Quark Drive|[fromitem]\n|-start|p1a: Iron Bundle|quarkdrivespe\n|turn|7\n|\n|t:|1681932756\n|-terastallize|p2b: Great Tusk|Ground\n|move|p1a: Iron Bundle|Hydro Pump|p2a: Talonflame\n|-supereffective|p2a: Talonflame\n|-damage|p2a: Talonflame|0 fnt\n|faint|p2a: Talonflame\n|move|p1b: Tauros|Will-O-Wisp|p2b: Great Tusk\n|-status|p2b: Great Tusk|brn\n|move|p2b: Great Tusk|Close Combat|p1a: Iron Bundle\n|-supereffective|p1a: Iron Bundle\n|-damage|p1a: Iron Bundle|31\/100\n|-unboost|p2b: Great Tusk|def|1\n|-unboost|p2b: Great Tusk|spd|1\n|\n|-damage|p2b: Great Tusk|90\/100 brn|[from] brn\n|upkeep\n|\n|t:|1681932760\n|switch|p2a: Baxcalibur|Baxcalibur, L50, F|54\/100\n|turn|8\n|\n|t:|1681932776\n|move|p1a: Iron Bundle|Freeze-Dry|p2b: Great Tusk\n|-supereffective|p2b: Great Tusk\n|-damage|p2b: Great Tusk|11\/100 brn\n|move|p1b: Tauros|Close Combat|p2a: Baxcalibur\n|-supereffective|p2a: Baxcalibur\n|-damage|p2a: Baxcalibur|0 fnt\n|-unboost|p1b: Tauros|def|1\n|-unboost|p1b: Tauros|spd|1\n|faint|p2a: Baxcalibur\n|move|p2b: Great Tusk|Close Combat|p1a: Iron Bundle\n|-supereffective|p1a: Iron Bundle\n|-damage|p1a: Iron Bundle|0 fnt\n|-unboost|p2b: Great Tusk|def|1\n|-unboost|p2b: Great Tusk|spd|1\n|faint|p1a: Iron Bundle\n|-end|p1a: Iron Bundle|Quark Drive|[silent]\n|\n|-damage|p2b: Great Tusk|5\/100 brn|[from] brn\n|-sideend|p1: Juan Turnueika|move: Tailwind\n|upkeep\n|turn|9\n|\n|t:|1681932784\n|move|p1b: Tauros|Protect|p1b: Tauros\n|-singleturn|p1b: Tauros|Protect\n|move|p2b: Great Tusk|Headlong Rush|p1b: Tauros\n|-activate|p1b: Tauros|move: Protect\n|\n|-damage|p2b: Great Tusk|0 fnt|[from] brn\n|faint|p2b: Great Tusk\n|-end|p2b: Great Tusk|Protosynthesis|[silent]\n|\n|win|Juan Turnueika\n|upkeep\n|raw|Juan Turnueika's rating: 1368 → 1383<\/strong> (+15 for winning)\n|raw|maucs's rating: 1272 → 1254<\/strong> (-18 for losing)\n","uploadtime":1681932795,"views":12,"p1id":"juanturnueika","p2id":"maucs","formatid":"gen9vgc2023regulationc","rating":1254,"private":0,"password":""}