{"id":"gen9vgc2023regulationc-1846507938","p1":"NotNehzzy","p2":"mirroringhim","format":"[Gen 9] VGC 2023 Regulation C","log":"|j|\u2606NotNehzzy\n|j|\u2606mirroringhim\n|t:|1681846820\n|gametype|doubles\n|player|p1|NotNehzzy|steven|1053\n|player|p2|mirroringhim|266|1077\n|teamsize|p1|6\n|teamsize|p2|6\n|gen|9\n|tier|[Gen 9] VGC 2023 Regulation C\n|rated|\n|rule|Species Clause: Limit one of each Pok\u00e9mon\n|rule|Item Clause: Limit one of each item\n|clearpoke\n|poke|p1|Flutter Mane, L50|\n|poke|p1|Iron Hands, L50|\n|poke|p1|Iron Bundle, L50|\n|poke|p1|Tsareena, L50, F|\n|poke|p1|Murkrow, L50, F|\n|poke|p1|Salamence, L50, F|\n|poke|p2|Hatterene, L50, F|\n|poke|p2|Indeedee-F, L50, F|\n|poke|p2|Sableye, L50, F|\n|poke|p2|Krookodile, L50, F|\n|poke|p2|Flamigo, L50, M|\n|poke|p2|Meowscarada, L50, M|\n|teampreview|4\nmirroringhim rejected open team sheets.\n|inactive|Battle timer is ON: inactive players will automatically lose when time's up. (requested by NotNehzzy)\n|\n|t:|1681846849\n|start\n|switch|p1a: Iron Bundle|Iron Bundle, L50|100\/100\n|switch|p1b: Flutter Mane|Flutter Mane, L50|100\/100\n|switch|p2a: Meowscarada|Meowscarada, L50, M|100\/100\n|switch|p2b: Krookodile|Krookodile, L50, F|100\/100\n|-enditem|p1a: Iron Bundle|Booster Energy\n|-activate|p1a: Iron Bundle|ability: Quark Drive|[fromitem]\n|-start|p1a: Iron Bundle|quarkdrivespe\n|turn|1\n|\n|t:|1681846872\n|-terastallize|p1b: Flutter Mane|Normal\n|move|p2a: Meowscarada|Protect|p2a: Meowscarada\n|-singleturn|p2a: Meowscarada|Protect\n|move|p2b: Krookodile|Protect|p2b: Krookodile\n|-singleturn|p2b: Krookodile|Protect\n|move|p1a: Iron Bundle|Icy Wind|p2b: Krookodile|[spread] \n|-activate|p2a: Meowscarada|move: Protect\n|-activate|p2b: Krookodile|move: Protect\n|move|p1b: Flutter Mane|Hyper Voice|p2a: Meowscarada|[spread] \n|-activate|p2a: Meowscarada|move: Protect\n|-activate|p2b: Krookodile|move: Protect\n|\n|upkeep\n|turn|2\n|inactive|mirroringhim has 30 seconds left.\n|inactive|mirroringhim has 20 seconds left.\n|inactive|mirroringhim has 15 seconds left.\n|\n|t:|1681846913\n|-terastallize|p2b: Krookodile|Rock\n|move|p1a: Iron Bundle|Icy Wind|p2a: Meowscarada|[spread] p2a,p2b\n|-supereffective|p2a: Meowscarada\n|-damage|p2a: Meowscarada|47\/100\n|-damage|p2b: Krookodile|72\/100\n|-unboost|p2a: Meowscarada|spe|1\n|-unboost|p2b: Krookodile|spe|1\n|-enditem|p2a: Meowscarada|Eject Button\n|\n|t:|1681846922\n|switch|p2a: Sableye|Sableye, L50, F|100\/100\n|move|p1b: Flutter Mane|Hyper Voice|p2b: Krookodile|[spread] p2b\n|-immune|p2a: Sableye\n|-resisted|p2b: Krookodile\n|-damage|p2b: Krookodile|52\/100\n|-enditem|p1b: Flutter Mane|Throat Spray\n|-boost|p1b: Flutter Mane|spa|1|[from] item: Throat Spray\n|move|p2b: Krookodile|Rock Slide|p1b: Flutter Mane|[spread] p1a\n|-miss|p2b: Krookodile|p1b: Flutter Mane\n|-supereffective|p1a: Iron Bundle\n|-damage|p1a: Iron Bundle|31\/100\n|\n|upkeep\n|turn|3\n|inactive|NotNehzzy has 30 seconds left.\n|inactive|mirroringhim has 30 seconds left.\n|\n|t:|1681846956\n|move|p2a: Sableye|Fake Out|p1a: Iron Bundle\n|-damage|p1a: Iron Bundle|17\/100\n|cant|p1a: Iron Bundle|flinch\n|move|p1b: Flutter Mane|Moonblast|p2b: Krookodile\n|-damage|p2b: Krookodile|0 fnt\n|faint|p2b: Krookodile\n|\n|upkeep\n|\n|t:|1681846965\n|switch|p2b: Meowscarada|Meowscarada, L50, M|47\/100\n|turn|4\n|\n|t:|1681846986\n|move|p2b: Meowscarada|Protect|p2b: Meowscarada\n|-singleturn|p2b: Meowscarada|Protect\n|move|p2a: Sableye|Shadow Sneak|p1a: Iron Bundle\n|-damage|p1a: Iron Bundle|0 fnt\n|faint|p1a: Iron Bundle\n|-end|p1a: Iron Bundle|Quark Drive|[silent]\n|move|p1b: Flutter Mane|Moonblast|p2a: Sableye\n|-supereffective|p2a: Sableye\n|-damage|p2a: Sableye|0 fnt\n|faint|p2a: Sableye\n|\n|upkeep\n|\n|t:|1681847002\n|switch|p1a: Salamence|Salamence, L50, F|100\/100\n|switch|p2a: Flamigo|Flamigo, L50, M|100\/100\n|-copyboost|p2a: Flamigo|p2b: Meowscarada|[from] ability: Costar\n|-ability|p1a: Salamence|Intimidate|boost\n|-unboost|p2a: Flamigo|atk|1\n|-unboost|p2b: Meowscarada|atk|1\n|turn|5\n|\n|t:|1681847016\n|switch|p1a: Tsareena|Tsareena, L50, F|100\/100\n|move|p1b: Flutter Mane|Hyper Voice|p2a: Flamigo|[spread] p2a,p2b\n|-damage|p2a: Flamigo|31\/100\n|-damage|p2b: Meowscarada|0 fnt\n|faint|p2b: Meowscarada\n|move|p2a: Flamigo|Close Combat|p1b: Flutter Mane\n|-supereffective|p1b: Flutter Mane\n|-damage|p1b: Flutter Mane|0 fnt\n|-unboost|p2a: Flamigo|def|1\n|-unboost|p2a: Flamigo|spd|1\n|faint|p1b: Flutter Mane\n|-end|p1b: Flutter Mane|Protosynthesis|[silent]\n|\n|upkeep\n|\n|t:|1681847025\n|switch|p1b: Salamence|Salamence, L50, F|100\/100\n|-ability|p1b: Salamence|Intimidate|boost\n|-unboost|p2a: Flamigo|atk|1\n|turn|6\n|c|\u2606NotNehzzy|Gg\n|-message|mirroringhim forfeited.\n|\n|win|NotNehzzy\n|raw|NotNehzzy's rating: 1053 → 1087<\/strong> (+34 for winning)\n|raw|mirroringhim's rating: 1077 → 1054<\/strong> (-23 for losing)\n|l|\u2606mirroringhim\n","uploadtime":1681847036,"views":8,"p1id":"notnehzzy","p2id":"mirroringhim","formatid":"gen9vgc2023regulationc","rating":1054,"private":0,"password":""}