{"id":"gen9vgc2023regulationc-1856009708","p1":"EnThy","p2":"Sugarmaru","format":"[Gen 9] VGC 2023 Regulation C","log":"|j|\u2606EnThy\n|j|\u2606Sugarmaru\n|t:|1683016559\n|gametype|doubles\n|player|p1|EnThy|2|1165\n|player|p2|Sugarmaru|dawn|1190\n|teamsize|p1|6\n|teamsize|p2|6\n|gen|9\n|tier|[Gen 9] VGC 2023 Regulation C\n|rated|\n|rule|Species Clause: Limit one of each Pok\u00e9mon\n|rule|Item Clause: Limit one of each item\n|clearpoke\n|poke|p1|Chi-Yu, L50|\n|poke|p1|Baxcalibur, L50, M|\n|poke|p1|Flutter Mane, L50|\n|poke|p1|Talonflame, L50, M|\n|poke|p1|Gyarados, L50, F|\n|poke|p1|Ting-Lu, L50|\n|poke|p2|Vivillon-Ocean, L50, F|\n|poke|p2|Chi-Yu, L50|\n|poke|p2|Flutter Mane, L50|\n|poke|p2|Brute Bonnet, L50|\n|poke|p2|Iron Hands, L50|\n|poke|p2|Garchomp, L50, F|\n|teampreview|4\n|inactive|Battle timer is ON: inactive players will automatically lose when time's up. (requested by EnThy)\n|inactive|EnThy has 60 seconds left.\n|\n|t:|1683016593\n|start\n|switch|p1a: Talonflame|Talonflame, L50, M|100\/100\n|switch|p1b: Ting-Lu|Ting-Lu, L50|100\/100\n|switch|p2a: Vivillon|Vivillon-Ocean, L50, F|100\/100\n|switch|p2b: Chi-Yu|Chi-Yu, L50|100\/100\n|-ability|p2b: Chi-Yu|Beads of Ruin\n|-ability|p1b: Ting-Lu|Vessel of Ruin\n|turn|1\n|inactive|EnThy has 30 seconds left.\n|\n|t:|1683016624\n|move|p2a: Vivillon|Rage Powder|p2a: Vivillon\n|-singleturn|p2a: Vivillon|move: Rage Powder\n|move|p1a: Talonflame|Tailwind|p1a: Talonflame\n|-sidestart|p1: EnThy|move: Tailwind\n|move|p1b: Ting-Lu|Earthquake|p2a: Vivillon|[spread] p2b\n|-immune|p1a: Talonflame\n|-immune|p2a: Vivillon\n|-supereffective|p2b: Chi-Yu\n|-damage|p2b: Chi-Yu|0 fnt\n|faint|p2b: Chi-Yu\n|\n|upkeep\n|c|\u2606EnThy|ting lu goes brrrrr\n|\n|t:|1683016637\n|switch|p2b: Flutter Mane|Flutter Mane, L50|100\/100\n|-enditem|p2b: Flutter Mane|Booster Energy\n|-activate|p2b: Flutter Mane|ability: Protosynthesis|[fromitem]\n|-start|p2b: Flutter Mane|protosynthesisspe\n|turn|2\n|\n|t:|1683016654\n|move|p1a: Talonflame|Brave Bird|p2b: Flutter Mane\n|-damage|p2b: Flutter Mane|58\/100\n|-damage|p1a: Talonflame|89\/100|[from] Recoil\n|move|p2b: Flutter Mane|Moonblast|p1b: Ting-Lu\n|-supereffective|p1b: Ting-Lu\n|-crit|p1b: Ting-Lu\n|-damage|p1b: Ting-Lu|0 fnt\n|faint|p1b: Ting-Lu\n|move|p2a: Vivillon|Tailwind|p2a: Vivillon\n|-sidestart|p2: Sugarmaru|move: Tailwind\n|\n|upkeep\n|c|\u2606EnThy|ting goes dead\n|inactive|EnThy has 30 seconds left.\n|\n|t:|1683016682\n|switch|p1b: Baxcalibur|Baxcalibur, L50, M|100\/100\n|turn|3\n|\n|t:|1683016706\n|-terastallize|p1b: Baxcalibur|Water\n|move|p2a: Vivillon|Rage Powder|p2a: Vivillon\n|-singleturn|p2a: Vivillon|move: Rage Powder\n|move|p2b: Flutter Mane|Shadow Ball|p1b: Baxcalibur\n|-crit|p1b: Baxcalibur\n|-damage|p1b: Baxcalibur|47\/100\n|-unboost|p1b: Baxcalibur|spd|1\n|move|p1a: Talonflame|Brave Bird|p2a: Vivillon\n|-supereffective|p2a: Vivillon\n|-enditem|p2a: Vivillon|Focus Sash\n|-damage|p2a: Vivillon|1\/100\n|-damage|p1a: Talonflame|61\/100|[from] Recoil\n|move|p1b: Baxcalibur|Icicle Spear|p2a: Vivillon\n|-supereffective|p2a: Vivillon\n|-damage|p2a: Vivillon|0 fnt\n|faint|p2a: Vivillon\n|-hitcount|p2: Vivillon|1\n|\n|upkeep\n|\n|t:|1683016725\n|switch|p2a: Iron Hands|Iron Hands, L50|100\/100\n|turn|4\n|inactive|EnThy has 30 seconds left.\n|inactive|Sugarmaru has 30 seconds left.\n|inactive|EnThy has 20 seconds left.\n|inactive|EnThy has 15 seconds left.\n|inactive|EnThy has 10 seconds left.\n|inactive|EnThy has 5 seconds left.\n|\n|t:|1683016777\n|move|p2b: Flutter Mane|Protect|p2b: Flutter Mane\n|-singleturn|p2b: Flutter Mane|Protect\n|move|p1b: Baxcalibur|Protect|p1b: Baxcalibur\n|-singleturn|p1b: Baxcalibur|Protect\n|move|p1a: Talonflame|Brave Bird|p2b: Flutter Mane\n|-activate|p2b: Flutter Mane|move: Protect\n|move|p2a: Iron Hands|Thunder Punch|p1a: Talonflame\n|-supereffective|p1a: Talonflame\n|-damage|p1a: Talonflame|0 fnt\n|faint|p1a: Talonflame\n|\n|-sideend|p1: EnThy|move: Tailwind\n|upkeep\n|\n|t:|1683016785\n|switch|p1a: Gyarados|Gyarados, L50, F|100\/100\n|-ability|p1a: Gyarados|Intimidate|boost\n|-unboost|p2a: Iron Hands|atk|1\n|-unboost|p2b: Flutter Mane|atk|1\n|turn|5\n|\n|t:|1683016799\n|move|p2b: Flutter Mane|Moonblast|p1b: Baxcalibur\n|-damage|p1b: Baxcalibur|0 fnt\n|faint|p1b: Baxcalibur\n|move|p2a: Iron Hands|Thunder Punch|p1a: Gyarados\n|-supereffective|p1a: Gyarados\n|-damage|p1a: Gyarados|0 fnt\n|faint|p1a: Gyarados\n|\n|win|Sugarmaru\n|raw|EnThy's rating: 1165 → 1142<\/strong> (-23 for losing)\n|raw|Sugarmaru's rating: 1190 → 1213<\/strong> (+23 for winning)\n|c|\u2606EnThy|gg\n|l|\u2606EnThy\n","uploadtime":1683016815,"views":14,"p1id":"enthy","p2id":"sugarmaru","formatid":"gen9vgc2023regulationc","rating":1142,"private":0,"password":""}