{"id":"gen9vgc2023regulationc-1855368472","p1":"Sc0rpAEC","p2":"project g1","format":"[Gen 9] VGC 2023 Regulation C","log":"|j|\u2606Sc0rpAEC\n|j|\u2606project g1\n|t:|1682943947\n|gametype|doubles\n|player|p1|Sc0rpAEC|dawn|1051\n|player|p2|project g1|backersf|1102\n|teamsize|p1|6\n|teamsize|p2|6\n|gen|9\n|tier|[Gen 9] VGC 2023 Regulation C\n|rated|\n|rule|Species Clause: Limit one of each Pok\u00e9mon\n|rule|Item Clause: Limit one of each item\n|clearpoke\n|poke|p1|Hippowdon, L50, F|\n|poke|p1|Toedscruel, L50, F|\n|poke|p1|Donphan, L50, F|\n|poke|p1|Lycanroc, L50, M|\n|poke|p1|Tyranitar, L50, M|\n|poke|p1|Talonflame, L50, M|\n|poke|p2|Abomasnow, L50, M|\n|poke|p2|Baxcalibur, L50, M|\n|poke|p2|Iron Bundle, L50|\n|poke|p2|Gholdengo, L50|\n|poke|p2|Pawmot, L50, M|\n|poke|p2|Dunsparce, L50, M|\n|teampreview|4\nSc0rpAEC rejected open team sheets.\n|inactive|Battle timer is ON: inactive players will automatically lose when time's up. (requested by project g1)\n|\n|t:|1682943981\n|start\n|switch|p1a: Lycanroc|Lycanroc, L50, M|100\/100\n|switch|p1b: Talonflame|Talonflame, L50, M|100\/100\n|switch|p2a: Abomasnow|Abomasnow, L50, M|100\/100\n|switch|p2b: Dunsparce|Dunsparce, L50, M|100\/100\n|-weather|Snow|[from] ability: Snow Warning|[of] p2a: Abomasnow\n|turn|1\n|\n|t:|1682944005\n|-terastallize|p2a: Abomasnow|Water\n|move|p1b: Talonflame|Tailwind|p1b: Talonflame\n|-sidestart|p1: Sc0rpAEC|move: Tailwind\n|move|p1a: Lycanroc|Stone Edge|p2a: Abomasnow\n|-damage|p2a: Abomasnow|12\/100\n|move|p2a: Abomasnow|Aurora Veil|p2a: Abomasnow\n|-sidestart|p2: project g1|move: Aurora Veil\n|move|p2b: Dunsparce|Blizzard|p1b: Talonflame|[spread] p1a,p1b\n|-damage|p1a: Lycanroc|78\/100\n|-damage|p1b: Talonflame|82\/100\n|\n|-weather|Snow|[upkeep]\n|upkeep\n|turn|2\n|\n|t:|1682944016\n|move|p2a: Abomasnow|Protect|p2a: Abomasnow\n|-singleturn|p2a: Abomasnow|Protect\n|move|p1b: Talonflame|Will-O-Wisp|p2b: Dunsparce\n|-status|p2b: Dunsparce|brn\n|move|p1a: Lycanroc|Stone Edge|p2a: Abomasnow\n|-activate|p2a: Abomasnow|move: Protect\n|move|p2b: Dunsparce|Blizzard|p1b: Talonflame|[spread] p1a,p1b\n|-damage|p1a: Lycanroc|58\/100\n|-damage|p1b: Talonflame|61\/100\n|-status|p1a: Lycanroc|frz\n|\n|-weather|Snow|[upkeep]\n|-damage|p2b: Dunsparce|95\/100 brn|[from] brn\n|upkeep\n|turn|3\n|\n|t:|1682944039\n|move|p1b: Talonflame|Flare Blitz|p2a: Abomasnow\n|-resisted|p2a: Abomasnow\n|-damage|p2a: Abomasnow|0 fnt\n|faint|p2a: Abomasnow\n|-damage|p1b: Talonflame|56\/100|[from] Recoil\n|-damage|p1b: Talonflame|46\/100|[from] item: Life Orb\n|cant|p1a: Lycanroc|frz\n|move|p2b: Dunsparce|Blizzard|p1a: Lycanroc|[spread] p1a,p1b\n|-damage|p1a: Lycanroc|35\/100 frz\n|-damage|p1b: Talonflame|24\/100\n|\n|-weather|Snow|[upkeep]\n|-damage|p2b: Dunsparce|89\/100 brn|[from] brn\n|upkeep\n|\n|t:|1682944049\n|switch|p2a: Pawmot|Pawmot, L50, M|100\/100\n|turn|4\n|\n|t:|1682944068\n|move|p2a: Pawmot|Fake Out|p1b: Talonflame\n|-damage|p1b: Talonflame|3\/100\n|-status|p2a: Pawmot|brn|[from] ability: Flame Body|[of] p1b: Talonflame\n|cant|p1b: Talonflame|flinch\n|cant|p1a: Lycanroc|frz\n|move|p2b: Dunsparce|Blizzard|p1b: Talonflame|[spread] p1a,p1b\n|-damage|p1a: Lycanroc|12\/100 frz\n|-damage|p1b: Talonflame|0 fnt\n|faint|p1b: Talonflame\n|\n|-weather|Snow|[upkeep]\n|-damage|p2a: Pawmot|94\/100 brn|[from] brn\n|-damage|p2b: Dunsparce|83\/100 brn|[from] brn\n|-sideend|p1: Sc0rpAEC|move: Tailwind\n|upkeep\n|\n|t:|1682944080\n|switch|p1b: Tyranitar|Tyranitar, L50, M|100\/100\n|-weather|Sandstorm|[from] ability: Sand Stream|[of] p1b: Tyranitar\n|turn|5\n|\n|t:|1682944102\n|cant|p1a: Lycanroc|frz\n|move|p2a: Pawmot|Revival Blessing|p2a: Pawmot\n|\n|t:|1682944105\n|-heal|p2: Abomasnow|50\/100|[from] move: Revival Blessing\n|move|p1b: Tyranitar|Stomping Tantrum|p2a: Pawmot\n|-supereffective|p2a: Pawmot\n|-enditem|p2a: Pawmot|Shuca Berry|[eat]\n|-enditem|p2a: Pawmot|Shuca Berry|[weaken]\n|-damage|p2a: Pawmot|61\/100 brn\n|move|p2b: Dunsparce|Blizzard|p1a: Lycanroc|[spread] p1a,p1b\n|-damage|p1a: Lycanroc|0 fnt\n|-damage|p1b: Tyranitar|92\/100\n|-status|p1b: Tyranitar|frz\n|faint|p1a: Lycanroc\n|\n|-weather|Sandstorm|[upkeep]\n|-damage|p2a: Pawmot|55\/100 brn|[from] Sandstorm\n|-damage|p2b: Dunsparce|77\/100 brn|[from] Sandstorm\n|-damage|p2a: Pawmot|48\/100 brn|[from] brn\n|-damage|p2b: Dunsparce|72\/100 brn|[from] brn\n|-sideend|p2: project g1|move: Aurora Veil\n|upkeep\n|\n|t:|1682944112\n|switch|p1a: Hippowdon|Hippowdon, L50, F|100\/100\n|turn|6\n|c|\u2606project g1|heheheha\n|c|\u2606project g1|serene graceful\n|inactive|Sc0rpAEC has 30 seconds left.\n|\n|t:|1682944139\n|switch|p2a: Abomasnow|Abomasnow, L50, M|50\/100\n|-weather|Snow|[from] ability: Snow Warning|[of] p2a: Abomasnow\n|-terastallize|p1a: Hippowdon|Ghost\n|cant|p1b: Tyranitar|frz\n|move|p1a: Hippowdon|Rock Slide|p2b: Dunsparce|[spread] p2a\n|-miss|p1a: Hippowdon|p2b: Dunsparce\n|-supereffective|p2a: Abomasnow\n|-damage|p2a: Abomasnow|19\/100\n|move|p2b: Dunsparce|Blizzard|p1b: Tyranitar|[spread] p1a,p1b\n|-damage|p1a: Hippowdon|85\/100\n|-damage|p1b: Tyranitar|81\/100 frz\n|-status|p1a: Hippowdon|frz\n|\n|-weather|Snow|[upkeep]\n|-heal|p1a: Hippowdon|91\/100 frz|[from] item: Leftovers\n|-damage|p2b: Dunsparce|66\/100 brn|[from] brn\n|upkeep\n|turn|7\n|\n|t:|1682944162\n|cant|p1b: Tyranitar|frz\n|move|p2a: Abomasnow|Aurora Veil|p2a: Abomasnow\n|-sidestart|p2: project g1|move: Aurora Veil\n|cant|p1a: Hippowdon|frz\n|move|p2b: Dunsparce|Blizzard|p1a: Hippowdon|[spread] p1a,p1b\n|-damage|p1a: Hippowdon|78\/100 frz\n|-damage|p1b: Tyranitar|69\/100 frz\n|\n|-weather|Snow|[upkeep]\n|-heal|p1a: Hippowdon|84\/100 frz|[from] item: Leftovers\n|-damage|p2b: Dunsparce|60\/100 brn|[from] brn\n|upkeep\n|turn|8\n|\n|t:|1682944170\n|cant|p1b: Tyranitar|frz\n|move|p2a: Abomasnow|Giga Drain|p1b: Tyranitar\n|-supereffective|p1b: Tyranitar\n|-damage|p1b: Tyranitar|16\/100 frz\n|-heal|p2a: Abomasnow|47\/100|[from] drain|[of] p1b: Tyranitar\n|cant|p1a: Hippowdon|frz\n|move|p2b: Dunsparce|Blizzard|p1b: Tyranitar|[spread] p1a,p1b\n|-damage|p1a: Hippowdon|70\/100 frz\n|-damage|p1b: Tyranitar|4\/100 frz\n|\n|-weather|Snow|[upkeep]\n|-heal|p1a: Hippowdon|76\/100 frz|[from] item: Leftovers\n|-damage|p2b: Dunsparce|54\/100 brn|[from] brn\n|upkeep\n|turn|9\n|-message|Sc0rpAEC forfeited.\n|\n|win|project g1\n|raw|Sc0rpAEC's rating: 1051 → 1036<\/strong> (-15 for losing)\n|raw|project g1's rating: 1102 → 1123<\/strong> (+21 for winning)\n|l|\u2606Sc0rpAEC\n","uploadtime":1682944183,"views":20,"p1id":"sc0rpaec","p2id":"projectg1","formatid":"gen9vgc2023regulationc","rating":1036,"private":0,"password":""}