{"id":"gen9vgc2023regulationc-1857972014","p1":"McDubbieEnthusiast","p2":"QrdeJegoMac","format":"[Gen 9] VGC 2023 Regulation C","log":"|j|\u2606McDubbieEnthusiast\n|j|\u2606QrdeJegoMac\n|t:|1683254175\n|gametype|doubles\n|player|p1|McDubbieEnthusiast|waiter-gen4|1434\n|player|p2|QrdeJegoMac|102|1442\n|teamsize|p1|6\n|teamsize|p2|6\n|gen|9\n|tier|[Gen 9] VGC 2023 Regulation C\n|rated|\n|rule|Species Clause: Limit one of each Pok\u00e9mon\n|rule|Item Clause: Limit one of each item\n|clearpoke\n|poke|p1|Tyranitar, L50, F|\n|poke|p1|Garchomp, L50, M|\n|poke|p1|Scream Tail, L50|\n|poke|p1|Corviknight, L50, M|\n|poke|p1|Gholdengo, L50|\n|poke|p1|Dragonite, L50, M|\n|poke|p2|Murkrow, L50, M|\n|poke|p2|Chi-Yu, L50|\n|poke|p2|Flutter Mane, L50|\n|poke|p2|Great Tusk, L50|\n|poke|p2|Chien-Pao, L50|\n|poke|p2|Corviknight, L50, F|\n|teampreview|4\n|inactive|Battle timer is ON: inactive players will automatically lose when time's up. (requested by QrdeJegoMac)\n|inactive|QrdeJegoMac has 60 seconds left.\n|inactive|QrdeJegoMac has 30 seconds left.\n|inactive|QrdeJegoMac has 20 seconds left.\n|\n|t:|1683254246\n|start\n|switch|p1a: Beholder|Scream Tail, L50, shiny|100\/100\n|switch|p1b: Brass|Dragonite, L50, M|100\/100\n|switch|p2a: Corviknight|Corviknight, L50, F|100\/100\n|switch|p2b: Murkrow|Murkrow, L50, M, shiny|100\/100\n|-enditem|p1a: Beholder|Booster Energy\n|-activate|p1a: Beholder|ability: Protosynthesis|[fromitem]\n|-start|p1a: Beholder|protosynthesisspe\n|turn|1\n|\n|t:|1683254263\n|move|p1b: Brass|Extreme Speed|p2b: Murkrow\n|-damage|p2b: Murkrow|57\/100\n|move|p2b: Murkrow|Tailwind|p2b: Murkrow\n|-sidestart|p2: QrdeJegoMac|move: Tailwind\n|move|p1a: Beholder|Dazzling Gleam|p2a: Corviknight|[spread] p2a,p2b\n|-resisted|p2a: Corviknight\n|-supereffective|p2b: Murkrow\n|-damage|p2a: Corviknight|93\/100\n|-damage|p2b: Murkrow|24\/100\n|move|p2a: Corviknight|Iron Head|p1a: Beholder\n|-supereffective|p1a: Beholder\n|-damage|p1a: Beholder|16\/100\n|\n|upkeep\n|turn|2\n|\n|t:|1683254282\n|-terastallize|p2b: Murkrow|Ghost\n|move|p1b: Brass|Extreme Speed|p2b: Murkrow\n|-immune|p2b: Murkrow\n|move|p2b: Murkrow|Sunny Day|p2b: Murkrow\n|-weather|SunnyDay\n|move|p1a: Beholder|Disable|p2a: Corviknight\n|-start|p2a: Corviknight|Disable|Iron Head\n|cant|p2a: Corviknight|Disable|Iron Head\n|\n|-weather|SunnyDay|[upkeep]\n|upkeep\n|turn|3\n|\n|t:|1683254298\n|switch|p1b: Mimic|Gholdengo, L50|100\/100\n|move|p1a: Beholder|Thunder Wave|p2b: Murkrow|[miss]\n|-miss|p1a: Beholder|p2b: Murkrow\n|move|p2b: Murkrow|Foul Play|p1b: Mimic\n|-supereffective|p1b: Mimic\n|-damage|p1b: Mimic|66\/100\n|-activate|p2a: Corviknight|move: Struggle\n|move|p2a: Corviknight|Struggle|p1a: Beholder\n|-damage|p1a: Beholder|0 fnt\n|faint|p1a: Beholder\n|-end|p1a: Beholder|Protosynthesis|[silent]\n|-damage|p2a: Corviknight|68\/100|[from] recoil\n|\n|-weather|SunnyDay|[upkeep]\n|upkeep\n|\n|t:|1683254319\n|switch|p1a: Tarrasque|Tyranitar, L50, F, shiny|100\/100\n|-weather|Sandstorm|[from] ability: Sand Stream|[of] p1a: Tarrasque\n|turn|4\n|\n|t:|1683254334\n|switch|p2a: Great Tusk|Great Tusk, L50|100\/100\n|move|p2b: Murkrow|Sunny Day|p2b: Murkrow\n|-weather|SunnyDay\n|-activate|p2a: Great Tusk|ability: Protosynthesis\n|-start|p2a: Great Tusk|protosynthesisatk\n|move|p1b: Mimic|Make It Rain|p2a: Great Tusk|[spread] p2a,p2b\n|-damage|p2a: Great Tusk|34\/100\n|-damage|p2b: Murkrow|0 fnt\n|-unboost|p1b: Mimic|spa|1\n|faint|p2b: Murkrow\n|move|p1a: Tarrasque|Dragon Dance|p1a: Tarrasque\n|-boost|p1a: Tarrasque|atk|1\n|-boost|p1a: Tarrasque|spe|1\n|\n|-weather|SunnyDay|[upkeep]\n|-sideend|p2: QrdeJegoMac|move: Tailwind\n|upkeep\n|\n|t:|1683254356\n|switch|p2b: Chien-Pao|Chien-Pao, L50|100\/100\n|-ability|p2b: Chien-Pao|Sword of Ruin\n|turn|5\n|\n|t:|1683254371\n|-terastallize|p1b: Mimic|Water\n|move|p1a: Tarrasque|Protect|p1a: Tarrasque\n|-singleturn|p1a: Tarrasque|Protect\n|move|p2b: Chien-Pao|Sucker Punch||[still]\n|-fail|p2b: Chien-Pao\n|move|p1b: Mimic|Make It Rain|p2a: Great Tusk|[spread] p2a,p2b\n|-supereffective|p2b: Chien-Pao\n|-damage|p2a: Great Tusk|0 fnt\n|-damage|p2b: Chien-Pao|8\/100\n|-unboost|p1b: Mimic|spa|1\n|faint|p2a: Great Tusk\n|-end|p2a: Great Tusk|Protosynthesis|[silent]\n|\n|-weather|SunnyDay|[upkeep]\n|upkeep\n|c|\u2606QrdeJegoMac|I didnt expect scarf\n|\n|t:|1683254395\n|switch|p2a: Corviknight|Corviknight, L50, F|68\/100\n|turn|6\n|c|\u2606McDubbieEnthusiast|It's the sneaky tech\n|c|\u2606McDubbieEnthusiast|Banded Corv is sick\n|\n|t:|1683254416\n|switch|p1b: Brass|Dragonite, L50, M|100\/100\n|move|p2b: Chien-Pao|Sacred Sword|p1a: Tarrasque\n|-supereffective|p1a: Tarrasque\n|-damage|p1a: Tarrasque|0 fnt\n|faint|p1a: Tarrasque\n|move|p2a: Corviknight|Brave Bird|p1b: Brass\n|-damage|p1b: Brass|3\/100\n|-damage|p2a: Corviknight|35\/100|[from] Recoil\n|\n|-weather|SunnyDay|[upkeep]\n|upkeep\n|\n|t:|1683254424\n|switch|p1a: Mimic|Gholdengo, L50, tera:Water|66\/100\n|turn|7\n|c|\u2606QrdeJegoMac|Yep\n|c|\u2606QrdeJegoMac|Gg\n|c|\u2606McDubbieEnthusiast|gg!\n|\n|t:|1683254439\n|move|p1b: Brass|Extreme Speed|p2b: Chien-Pao\n|-damage|p2b: Chien-Pao|0 fnt\n|faint|p2b: Chien-Pao\n|move|p1a: Mimic|Thunderbolt|p2a: Corviknight\n|-supereffective|p2a: Corviknight\n|-damage|p2a: Corviknight|0 fnt\n|faint|p2a: Corviknight\n|\n|win|McDubbieEnthusiast\n|raw|McDubbieEnthusiast's rating: 1434 → 1454<\/strong> (+20 for winning)\n|raw|QrdeJegoMac's rating: 1442 → 1422<\/strong> (-20 for losing)\n","uploadtime":1683254449,"views":17,"p1id":"mcdubbieenthusiast","p2id":"qrdejegomac","formatid":"gen9vgc2023regulationc","rating":1422,"private":0,"password":""}