{"id":"gen9vgc2023regulationc-1846445197","p1":"dreamswgh","p2":"JIMJIM2000","format":"[Gen 9] VGC 2023 Regulation C","log":"|j|\u2606dreamswgh\n|j|\u2606JIMJIM2000\n|t:|1681841433\n|gametype|doubles\n|player|p1|dreamswgh|nate|1342\n|player|p2|JIMJIM2000|rocketgrunt|1258\n|teamsize|p1|6\n|teamsize|p2|6\n|gen|9\n|tier|[Gen 9] VGC 2023 Regulation C\n|rated|\n|rule|Species Clause: Limit one of each Pok\u00e9mon\n|rule|Item Clause: Limit one of each item\n|clearpoke\n|poke|p1|Torkoal, L50, F|\n|poke|p1|Flutter Mane, L50|\n|poke|p1|Indeedee-F, L50, F|\n|poke|p1|Hatterene, L50, F|\n|poke|p1|Corviknight, L50, F|\n|poke|p1|Mudsdale, L50, M|\n|poke|p2|Amoonguss, L50, F|\n|poke|p2|Arcanine, L50, F|\n|poke|p2|Maushold, L50|\n|poke|p2|Palafin, L50, M|\n|poke|p2|Annihilape, L50, M|\n|poke|p2|Gholdengo, L50|\n|teampreview|4\ndreamswgh has agreed to open team sheets.\n|inactive|Battle timer is ON: inactive players will automatically lose when time's up. (requested by JIMJIM2000)\n|inactive|dreamswgh has 60 seconds left.\n|\n|t:|1681841510\n|start\n|switch|p1a: Nevada|Indeedee-F, L50, F|100\/100\n|switch|p1b: New Mexico|Hatterene, L50, F|100\/100\n|switch|p2a: Sun Kil Moon|Amoonguss, L50, F|100\/100\n|switch|p2b: DeadMau5|Maushold, L50|100\/100\n|-fieldstart|move: Psychic Terrain|[from] ability: Psychic Surge|[of] p1a: Nevada\n|-enditem|p1a: Nevada|Psychic Seed\n|-boost|p1a: Nevada|spd|1|[from] item: Psychic Seed\n|turn|1\n|\n|t:|1681841531\n|-terastallize|p1a: Nevada|Grass\n|-terastallize|p2a: Sun Kil Moon|Water\n|move|p1a: Nevada|Follow Me|p1a: Nevada\n|-singleturn|p1a: Nevada|move: Follow Me\n|move|p2b: DeadMau5|Super Fang|p1a: Nevada\n|-damage|p1a: Nevada|51\/100\n|move|p2a: Sun Kil Moon|Spore|p1a: Nevada\n|-immune|p1a: Nevada\n|move|p1b: New Mexico|Trick Room|p1b: New Mexico\n|-fieldstart|move: Trick Room|[of] p1b: New Mexico\n|\n|upkeep\n|turn|2\n|\n|t:|1681841551\n|move|p1a: Nevada|Helping Hand|p1b: New Mexico\n|-singleturn|p1b: New Mexico|Helping Hand|[of] p1a: Nevada\n|move|p1b: New Mexico|Dazzling Gleam|p2b: DeadMau5|[spread] p2a,p2b\n|-damage|p2a: Sun Kil Moon|54\/100\n|-damage|p2b: DeadMau5|21\/100\n|-damage|p1b: New Mexico|91\/100|[from] item: Life Orb\n|move|p2a: Sun Kil Moon|Pollen Puff|p1a: Nevada\n|-supereffective|p1a: Nevada\n|-damage|p1a: Nevada|25\/100\n|move|p2b: DeadMau5|Super Fang|p1b: New Mexico\n|-damage|p1b: New Mexico|46\/100\n|\n|upkeep\n|turn|3\n|\n|t:|1681841577\n|move|p1a: Nevada|Helping Hand|p1b: New Mexico\n|-singleturn|p1b: New Mexico|Helping Hand|[of] p1a: Nevada\n|move|p1b: New Mexico|Dazzling Gleam|p2b: DeadMau5|[spread] p2a,p2b\n|-damage|p2a: Sun Kil Moon|9\/100\n|-damage|p2b: DeadMau5|0 fnt\n|faint|p2b: DeadMau5\n|-damage|p1b: New Mexico|36\/100|[from] item: Life Orb\n|move|p2a: Sun Kil Moon|Pollen Puff|p1a: Nevada\n|-supereffective|p1a: Nevada\n|-damage|p1a: Nevada|2\/100\n|\n|upkeep\n|\n|t:|1681841582\n|switch|p2b: Gholdengo|Gholdengo, L50|100\/100\n|turn|4\n|inactive|dreamswgh has 30 seconds left.\n|\n|t:|1681841614\n|move|p1a: Nevada|Helping Hand|p1b: New Mexico\n|-singleturn|p1b: New Mexico|Helping Hand|[of] p1a: Nevada\n|move|p2a: Sun Kil Moon|Protect|p2a: Sun Kil Moon\n|-singleturn|p2a: Sun Kil Moon|Protect\n|move|p1b: New Mexico|Mystical Fire|p2b: Gholdengo\n|-supereffective|p2b: Gholdengo\n|-damage|p2b: Gholdengo|0 fnt\n|faint|p2b: Gholdengo\n|-damage|p1b: New Mexico|27\/100|[from] item: Life Orb\n|\n|upkeep\n|\n|t:|1681841624\n|switch|p2b: Young Dolph|Palafin, L50, M|100\/100\n|turn|5\n|\n|t:|1681841636\n|move|p1a: Nevada|Helping Hand|p1b: New Mexico\n|-singleturn|p1b: New Mexico|Helping Hand|[of] p1a: Nevada\n|move|p2b: Young Dolph|Protect|p2b: Young Dolph\n|-singleturn|p2b: Young Dolph|Protect\n|move|p1b: New Mexico|Dazzling Gleam|p2b: Young Dolph|[spread] p2a\n|-activate|p2b: Young Dolph|move: Protect\n|-damage|p2a: Sun Kil Moon|0 fnt\n|faint|p2a: Sun Kil Moon\n|-damage|p1b: New Mexico|17\/100|[from] item: Life Orb\n|\n|-fieldend|move: Trick Room\n|-fieldend|move: Psychic Terrain\n|upkeep\n|turn|6\n|c|\u2606dreamswgh|gg\n|\n|t:|1681841653\n|move|p2b: Young Dolph|Jet Punch|p1b: New Mexico\n|-damage|p1b: New Mexico|0 fnt\n|faint|p1b: New Mexico\n|move|p1a: Nevada|Trick Room|p1a: Nevada\n|-fieldstart|move: Trick Room|[of] p1a: Nevada\n|\n|upkeep\n|\n|t:|1681841658\n|switch|p1b: Arizona|Torkoal, L50, F|100\/100\n|-weather|SunnyDay|[from] ability: Drought|[of] p1b: Arizona\n|turn|7\n|\n|t:|1681841670\n|move|p1a: Nevada|Helping Hand|p1b: Arizona\n|-singleturn|p1b: Arizona|Helping Hand|[of] p1a: Nevada\n|move|p1b: Arizona|Eruption|p2b: Young Dolph\n|-resisted|p2b: Young Dolph\n|-damage|p2b: Young Dolph|0 fnt\n|faint|p2b: Young Dolph\n|\n|win|dreamswgh\n|raw|dreamswgh's rating: 1342 → 1357<\/strong> (+15 for winning)\n|raw|JIMJIM2000's rating: 1258 → 1239<\/strong> (-19 for losing)\n|l|\u2606JIMJIM2000\n","uploadtime":1681841684,"views":16,"p1id":"dreamswgh","p2id":"jimjim2000","formatid":"gen9vgc2023regulationc","rating":1239,"private":0,"password":""}