{"id":"gen9vgc2023regulationc-1852897556","p1":"Kraven Morhed","p2":"Magiplop","format":"[Gen 9] VGC 2023 Regulation C","log":"|j|\u2606Kraven Morhed\n|j|\u2606Magiplop\n|t:|1682615496\n|gametype|doubles\n|player|p1|Kraven Morhed|170|1160\n|player|p2|Magiplop|2|1062\n|teamsize|p1|6\n|teamsize|p2|6\n|gen|9\n|tier|[Gen 9] VGC 2023 Regulation C\n|rated|\n|rule|Species Clause: Limit one of each Pok\u00e9mon\n|rule|Item Clause: Limit one of each item\n|clearpoke\n|poke|p1|Ting-Lu, L50|\n|poke|p1|Baxcalibur, L50, F|\n|poke|p1|Kingambit, L50, M|\n|poke|p1|Dragonite, L50, M|\n|poke|p1|Palafin, L50, M|\n|poke|p1|Arcanine, L50, M|\n|poke|p2|Lokix, L50, M|\n|poke|p2|Palafin, L50, M|\n|poke|p2|Flutter Mane, L50|\n|poke|p2|Amoonguss, L50, F|\n|poke|p2|Arcanine, L50, M|\n|poke|p2|Tsareena, L50, F|\n|teampreview|4\n|inactive|Battle timer is ON: inactive players will automatically lose when time's up. (requested by Kraven Morhed)\nMagiplop has agreed to open team sheets.\n|inactive|Kraven Morhed has 60 seconds left.\n|\n|t:|1682615545\n|start\n|switch|p1a: Kingambit|Kingambit, L50, M|100\/100\n|switch|p1b: Palafin|Palafin, L50, M|100\/100\n|switch|p2a: Lokix|Lokix, L50, M, shiny|100\/100\n|switch|p2b: Palafin|Palafin, L50, M|100\/100\n|turn|1\n|inactive|Kraven Morhed has 30 seconds left.\n|inactive|Magiplop has 30 seconds left.\n|inactive|Kraven Morhed has 20 seconds left.\n|inactive|Magiplop has 20 seconds left.\n|inactive|Kraven Morhed has 15 seconds left.\n|inactive|Magiplop has 15 seconds left.\n|inactive|Kraven Morhed has 10 seconds left.\n|\n|t:|1682615590\n|detailschange|p2b: Palafin|Palafin-Hero, L50, M\n|switch|p2b: Tsareena|Tsareena, L50, F|100\/100\n|-terastallize|p1a: Kingambit|Dark\n|move|p2a: Lokix|First Impression|p1a: Kingambit\n|-supereffective|p1a: Kingambit\n|-damage|p1a: Kingambit|37\/100\n|move|p1b: Palafin|Flip Turn|p2b: Tsareena\n|-resisted|p2b: Tsareena\n|-damage|p2b: Tsareena|80\/100\n|\n|t:|1682615608\n|detailschange|p1b: Palafin|Palafin-Hero, L50, M\n|switch|p1b: Arcanine|Arcanine, L50, M|100\/100|[from] Flip Turn\n|-ability|p1b: Arcanine|Intimidate|boost\n|-unboost|p2a: Lokix|atk|1\n|-unboost|p2b: Tsareena|atk|1\n|move|p1a: Kingambit|Kowtow Cleave|p2b: Tsareena\n|-damage|p2b: Tsareena|0 fnt\n|faint|p2b: Tsareena\n|\n|upkeep\n|\n|t:|1682615613\n|switch|p2b: Palafin|Palafin-Hero, L50, M|100\/100\n|-activate|p2b: Palafin|ability: Zero to Hero\n|turn|2\n|\n|t:|1682615633\n|move|p1b: Arcanine|Extreme Speed|p2b: Palafin\n|-damage|p2b: Palafin|78\/100\n|move|p2a: Lokix|Sucker Punch|p1a: Kingambit\n|-resisted|p1a: Kingambit\n|-damage|p1a: Kingambit|20\/100\n|move|p1a: Kingambit|Sucker Punch||[still]\n|-fail|p1a: Kingambit\n|move|p2b: Palafin|Focus Energy|p2b: Palafin\n|-start|p2b: Palafin|move: Focus Energy\n|\n|upkeep\n|turn|3\n|\n|t:|1682615652\n|move|p2b: Palafin|Protect|p2b: Palafin\n|-singleturn|p2b: Palafin|Protect\n|move|p1a: Kingambit|Sucker Punch||[still]\n|-fail|p1a: Kingambit\n|move|p1b: Arcanine|Wild Charge|p2b: Palafin\n|-activate|p2b: Palafin|move: Protect\n|move|p2a: Lokix|U-turn|p1a: Kingambit\n|-supereffective|p1a: Kingambit\n|-damage|p1a: Kingambit|0 fnt\n|faint|p1a: Kingambit\n|\n|t:|1682615667\n|switch|p2a: Sada|Flutter Mane, L50|100\/100|[from] U-turn\n|\n|upkeep\n|\n|t:|1682615679\n|switch|p1a: Palafin|Palafin-Hero, L50, M|100\/100\n|-activate|p1a: Palafin|ability: Zero to Hero\n|turn|4\n|\n|t:|1682615699\n|move|p1a: Palafin|Jet Punch|p2a: Sada\n|-damage|p2a: Sada|0 fnt\n|faint|p2a: Sada\n|-end|p2a: Sada|Protosynthesis|[silent]\n|move|p2b: Palafin|Jet Punch|p1b: Arcanine\n|-supereffective|p1b: Arcanine\n|-crit|p1b: Arcanine\n|-damage|p1b: Arcanine|0 fnt\n|faint|p1b: Arcanine\n|\n|upkeep\n|\n|t:|1682615709\n|switch|p2a: Lokix|Lokix, L50, M, shiny|100\/100\n|switch|p1b: Ting-Lu|Ting-Lu, L50|100\/100\n|-ability|p1b: Ting-Lu|Vessel of Ruin\n|turn|5\n|inactive|Kraven Morhed has 30 seconds left.\n|inactive|Kraven Morhed has 20 seconds left.\n|inactive|Kraven Morhed has 15 seconds left.\n|inactive|Kraven Morhed has 10 seconds left.\n|\n|t:|1682615758\n|-terastallize|p2b: Palafin|Water\n|move|p2a: Lokix|Feint|p1a: Palafin\n|-damage|p1a: Palafin|90\/100\n|move|p1a: Palafin|Jet Punch|p2a: Lokix\n|-damage|p2a: Lokix|37\/100\n|move|p2b: Palafin|Wave Crash|p1a: Palafin\n|-resisted|p1a: Palafin\n|-crit|p1a: Palafin\n|-damage|p1a: Palafin|6\/100\n|-damage|p2b: Palafin|54\/100|[from] Recoil\n|move|p1b: Ting-Lu|Stomping Tantrum|p2a: Lokix\n|-resisted|p2a: Lokix\n|-damage|p2a: Lokix|16\/100\n|\n|upkeep\n|turn|6\n|inactive|Kraven Morhed has 30 seconds left.\n|\n|t:|1682615785\n|move|p2a: Lokix|Feint|p1a: Palafin\n|-damage|p1a: Palafin|0 fnt\n|faint|p1a: Palafin\n|move|p2b: Palafin|Wave Crash|p1b: Ting-Lu\n|-supereffective|p1b: Ting-Lu\n|-crit|p1b: Ting-Lu\n|-damage|p1b: Ting-Lu|0 fnt\n|faint|p1b: Ting-Lu\n|-damage|p2b: Palafin|13\/100|[from] Recoil\n|\n|win|Magiplop\n|raw|Kraven Morhed's rating: 1160 → 1128<\/strong> (-32 for losing)\n|raw|Magiplop's rating: 1062 → 1101<\/strong> (+39 for winning)\n|l|\u2606Kraven Morhed\n|l|\u2606Magiplop\n|j|\u2606Magiplop\n|player|p2|Magiplop|2\n","uploadtime":1682615798,"views":8,"p1id":"kravenmorhed","p2id":"magiplop","formatid":"gen9vgc2023regulationc","rating":1101,"private":0,"password":""}