{"id":"gen9vgc2023regulationc-1860143966","p1":"7AVO_LEON21","p2":"brentph8","format":"[Gen 9] VGC 2023 Regulation C","log":"|j|\u26067AVO_LEON21\n|j|\u2606brentph8\n|t:|1683600570\n|gametype|doubles\n|player|p1|7AVO_LEON21|pokemaniac|1216\n|player|p2|brentph8|169|1134\n|teamsize|p1|6\n|teamsize|p2|6\n|gen|9\n|tier|[Gen 9] VGC 2023 Regulation C\n|rated|\n|rule|Species Clause: Limit one of each Pok\u00e9mon\n|rule|Item Clause: Limit one of each item\n|clearpoke\n|poke|p1|Palafin, L50, M|\n|poke|p1|Ting-Lu, L50|\n|poke|p1|Flutter Mane, L50|\n|poke|p1|Arcanine, L50, F|\n|poke|p1|Dragonite, L50, M|\n|poke|p1|Iron Hands, L50|\n|poke|p2|Torkoal, L50, M|\n|poke|p2|Jumpluff, L50, M|\n|poke|p2|Scream Tail, L50|\n|poke|p2|Flutter Mane, L50|\n|poke|p2|Annihilape, L50, M|\n|poke|p2|Maushold-Four, L50|\n|teampreview|4\n|\n|t:|1683600620\n|start\n|switch|p1a: Ting-Lu|Ting-Lu, L50|100\/100\n|switch|p1b: Torqoise|Palafin, L50, M|100\/100\n|switch|p2a: Franklin|Torkoal, L50, M, shiny|100\/100\n|switch|p2b: Jump Around|Jumpluff, L50, M, shiny|100\/100\n|-ability|p1a: Ting-Lu|Vessel of Ruin\n|-weather|SunnyDay|[from] ability: Drought|[of] p2a: Franklin\n|turn|1\n|\n|t:|1683600645\n|detailschange|p1b: Torqoise|Palafin-Hero, L50, M\n|switch|p1b: Dragonite|Dragonite, L50, M|100\/100\n|move|p2b: Jump Around|Sleep Powder|p1a: Ting-Lu|[miss]\n|-miss|p2b: Jump Around|p1a: Ting-Lu\n|move|p1a: Ting-Lu|Earthquake|p2a: Franklin|[spread] p2a\n|-immune|p1b: Dragonite\n|-immune|p2b: Jump Around\n|-supereffective|p2a: Franklin\n|-damage|p2a: Franklin|21\/100\n|move|p2a: Franklin|Overheat|p1b: Dragonite\n|-resisted|p1b: Dragonite\n|-damage|p1b: Dragonite|86\/100\n|-unboost|p2a: Franklin|spa|2\n|-enditem|p2a: Franklin|Eject Pack\n|\n|t:|1683600659\n|switch|p2a: Emo|Flutter Mane, L50, shiny|100\/100\n|-activate|p2a: Emo|ability: Protosynthesis\n|-start|p2a: Emo|protosynthesisspe\n|\n|-weather|SunnyDay|[upkeep]\n|upkeep\n|turn|2\n|\n|t:|1683600696\n|-terastallize|p2a: Emo|Fairy\n|-terastallize|p1b: Dragonite|Flying\n|move|p2b: Jump Around|Sleep Powder|p1a: Ting-Lu\n|-status|p1a: Ting-Lu|slp|[from] move: Sleep Powder\n|move|p2a: Emo|Dazzling Gleam|p1b: Dragonite|[spread] p1a,p1b\n|-supereffective|p1a: Ting-Lu\n|-damage|p1a: Ting-Lu|27\/100 slp\n|-damage|p1b: Dragonite|32\/100\n|move|p1b: Dragonite|Tera Blast|p2b: Jump Around\n|-supereffective|p2b: Jump Around\n|-damage|p2b: Jump Around|0 fnt\n|faint|p2b: Jump Around\n|cant|p1a: Ting-Lu|slp\n|\n|-weather|SunnyDay|[upkeep]\n|upkeep\n|\n|t:|1683600704\n|switch|p2b: Screamo|Scream Tail, L50, shiny|100\/100\n|-activate|p2b: Screamo|ability: Protosynthesis\n|-start|p2b: Screamo|protosynthesisspe\n|turn|3\n|\n|t:|1683600724\n|move|p2a: Emo|Dazzling Gleam|p1a: Ting-Lu|[spread] p1a,p1b\n|-supereffective|p1a: Ting-Lu\n|-damage|p1a: Ting-Lu|0 fnt\n|-damage|p1b: Dragonite|0 fnt\n|faint|p1a: Ting-Lu\n|faint|p1b: Dragonite\n|move|p2b: Screamo|Thunder Wave|p1: Ting-Lu|[notarget]\n|-fail|p2b: Screamo\n|\n|-weather|SunnyDay|[upkeep]\n|upkeep\n|\n|t:|1683600733\n|switch|p1b: Flutter Mane|Flutter Mane, L50|100\/100\n|switch|p1a: Torqoise|Palafin-Hero, L50, M|100\/100\n|-activate|p1b: Flutter Mane|ability: Protosynthesis\n|-start|p1b: Flutter Mane|protosynthesisspa\n|-activate|p1a: Torqoise|ability: Zero to Hero\n|turn|4\n|\n|t:|1683600756\n|move|p1b: Flutter Mane|Protect|p1b: Flutter Mane\n|-singleturn|p1b: Flutter Mane|Protect\n|move|p2a: Emo|Dazzling Gleam|p1a: Torqoise|[spread] p1a\n|-activate|p1b: Flutter Mane|move: Protect\n|-damage|p1a: Torqoise|40\/100\n|move|p2b: Screamo|Thunder Wave|p1b: Flutter Mane\n|-activate|p1b: Flutter Mane|move: Protect\n|move|p1a: Torqoise|Wave Crash|p2a: Emo\n|-damage|p2a: Emo|0 fnt\n|faint|p2a: Emo\n|-end|p2a: Emo|Protosynthesis|[silent]\n|-damage|p1a: Torqoise|19\/100|[from] Recoil\n|\n|-weather|SunnyDay|[upkeep]\n|upkeep\n|\n|t:|1683600760\n|switch|p2a: Franklin|Torkoal, L50, M, shiny|21\/100\n|turn|5\n|\n|t:|1683600776\n|move|p1a: Torqoise|Protect|p1a: Torqoise\n|-singleturn|p1a: Torqoise|Protect\n|move|p2a: Franklin|Protect|p2a: Franklin\n|-singleturn|p2a: Franklin|Protect\n|move|p2b: Screamo|Play Rough|p1a: Torqoise\n|-activate|p1a: Torqoise|move: Protect\n|move|p1b: Flutter Mane|Shadow Ball|p2b: Screamo\n|-supereffective|p2b: Screamo\n|-damage|p2b: Screamo|25\/100\n|-unboost|p2b: Screamo|spd|1\n|-enditem|p2b: Screamo|Sitrus Berry|[eat]\n|-heal|p2b: Screamo|50\/100|[from] item: Sitrus Berry\n|\n|-weather|none\n|-end|p2b: Screamo|Protosynthesis\n|-end|p1b: Flutter Mane|Protosynthesis\n|upkeep\n|-enditem|p1b: Flutter Mane|Booster Energy\n|-activate|p1b: Flutter Mane|ability: Protosynthesis|[fromitem]\n|-start|p1b: Flutter Mane|protosynthesisspa\n|turn|6\n|\n|t:|1683600798\n|move|p1a: Torqoise|Jet Punch|p2a: Franklin\n|-supereffective|p2a: Franklin\n|-damage|p2a: Franklin|0 fnt\n|faint|p2a: Franklin\n|move|p1b: Flutter Mane|Shadow Ball|p2b: Screamo\n|-supereffective|p2b: Screamo\n|-damage|p2b: Screamo|0 fnt\n|faint|p2b: Screamo\n|-end|p2b: Screamo|Protosynthesis|[silent]\n|\n|win|7AVO_LEON21\n|raw|7AVO_LEON21's rating: 1216 → 1235<\/strong> (+19 for winning)\n|raw|brentph8's rating: 1134 → 1115<\/strong> (-19 for losing)\n","uploadtime":1683600820,"views":9,"p1id":"7avoleon21","p2id":"brentph8","formatid":"gen9vgc2023regulationc","rating":1115,"private":0,"password":""}