{"id":"gen9vgc2023regulationc-1848747517","p1":"Katman40","p2":"Sprye0216","format":"[Gen 9] VGC 2023 Regulation C","log":"|j|\u2606Katman40\n|j|\u2606Sprye0216\n|t:|1682106395\n|gametype|doubles\n|player|p1|Katman40|170|1121\n|player|p2|Sprye0216|skyla|1105\n|teamsize|p1|6\n|teamsize|p2|6\n|gen|9\n|tier|[Gen 9] VGC 2023 Regulation C\n|rated|\n|rule|Species Clause: Limit one of each Pok\u00e9mon\n|rule|Item Clause: Limit one of each item\n|clearpoke\n|poke|p1|Tyranitar, L50, M|\n|poke|p1|Gastrodon, L50, F|\n|poke|p1|Flutter Mane, L50|\n|poke|p1|Glimmora, L50, M|\n|poke|p1|Palafin, L50, F|\n|poke|p1|Great Tusk, L50|\n|poke|p2|Amoonguss, L50, F|\n|poke|p2|Gyarados, L50, F|\n|poke|p2|Talonflame, L50, M|\n|poke|p2|Garchomp, L50, F|\n|poke|p2|Flutter Mane, L50|\n|poke|p2|Ting-Lu, L50|\n|teampreview|4\nSprye0216 has agreed to open team sheets.\n|\n|t:|1682106436\n|start\n|switch|p1a: Tyranitar|Tyranitar, L50, M|100\/100\n|switch|p1b: Palafin|Palafin, L50, F|100\/100\n|switch|p2a: Talonflame|Talonflame, L50, M|100\/100\n|switch|p2b: Gyarados|Gyarados, L50, F|100\/100\n|-ability|p2b: Gyarados|Intimidate|boost\n|-unboost|p1a: Tyranitar|atk|1\n|-unboost|p1b: Palafin|atk|1\n|-weather|Sandstorm|[from] ability: Sand Stream|[of] p1a: Tyranitar\n|turn|1\n|\n|t:|1682106465\n|detailschange|p1b: Palafin|Palafin-Hero, L50, F\n|switch|p1b: Flutter Mane|Flutter Mane, L50|100\/100\n|-enditem|p1b: Flutter Mane|Booster Energy\n|-activate|p1b: Flutter Mane|ability: Protosynthesis|[fromitem]\n|-start|p1b: Flutter Mane|protosynthesisspe\n|move|p2b: Gyarados|Protect|p2b: Gyarados\n|-singleturn|p2b: Gyarados|Protect\n|move|p2a: Talonflame|Will-O-Wisp|p1a: Tyranitar\n|-status|p1a: Tyranitar|brn\n|move|p1a: Tyranitar|Rock Slide|p2b: Gyarados|[spread] p2a\n|-activate|p2b: Gyarados|move: Protect\n|-supereffective|p2a: Talonflame\n|-damage|p2a: Talonflame|42\/100\n|-damage|p1a: Tyranitar|91\/100 brn|[from] item: Life Orb\n|\n|-weather|Sandstorm|[upkeep]\n|-damage|p1b: Flutter Mane|94\/100|[from] Sandstorm\n|-damage|p2b: Gyarados|95\/100|[from] Sandstorm\n|-damage|p1a: Tyranitar|85\/100 brn|[from] brn\n|upkeep\n|turn|2\n|\n|t:|1682106499\n|move|p1b: Flutter Mane|Dazzling Gleam|p2a: Talonflame|[spread] p2a,p2b\n|-resisted|p2a: Talonflame\n|-damage|p2a: Talonflame|20\/100\n|-damage|p2b: Gyarados|60\/100\n|move|p2a: Talonflame|Tailwind|p2a: Talonflame\n|-sidestart|p2: Sprye0216|move: Tailwind\n|move|p2b: Gyarados|Dragon Dance|p2b: Gyarados\n|-boost|p2b: Gyarados|atk|1\n|-boost|p2b: Gyarados|spe|1\n|move|p1a: Tyranitar|Foul Play|p2b: Gyarados\n|-damage|p2b: Gyarados|0 fnt\n|faint|p2b: Gyarados\n|-damage|p1a: Tyranitar|75\/100 brn|[from] item: Life Orb\n|\n|-weather|Sandstorm|[upkeep]\n|-damage|p1b: Flutter Mane|88\/100|[from] Sandstorm\n|-damage|p1a: Tyranitar|70\/100 brn|[from] brn\n|upkeep\n|\n|t:|1682106517\n|switch|p2b: Flutter Mane|Flutter Mane, L50|100\/100\n|-enditem|p2b: Flutter Mane|Booster Energy\n|-activate|p2b: Flutter Mane|ability: Protosynthesis|[fromitem]\n|-start|p2b: Flutter Mane|protosynthesisspa\n|turn|3\n|\n|t:|1682106538\n|-terastallize|p2b: Flutter Mane|Steel\n|move|p1a: Tyranitar|Protect|p1a: Tyranitar\n|-singleturn|p1a: Tyranitar|Protect\n|move|p2a: Talonflame|Brave Bird|p1b: Flutter Mane\n|-damage|p1b: Flutter Mane|11\/100\n|-damage|p2a: Talonflame|3\/100|[from] Recoil\n|move|p2b: Flutter Mane|Moonblast|p1a: Tyranitar\n|-activate|p1a: Tyranitar|move: Protect\n|move|p1b: Flutter Mane|Dazzling Gleam|p2a: Talonflame|[spread] p2a,p2b\n|-resisted|p2a: Talonflame\n|-resisted|p2b: Flutter Mane\n|-damage|p2a: Talonflame|0 fnt\n|-damage|p2b: Flutter Mane|86\/100\n|faint|p2a: Talonflame\n|\n|-weather|Sandstorm|[upkeep]\n|-damage|p1b: Flutter Mane|5\/100|[from] Sandstorm\n|-damage|p1a: Tyranitar|64\/100 brn|[from] brn\n|upkeep\n|\n|t:|1682106555\n|switch|p2a: Amoonguss|Amoonguss, L50, F|100\/100\n|turn|4\n|\n|t:|1682106575\n|move|p1b: Flutter Mane|Protect|p1b: Flutter Mane\n|-singleturn|p1b: Flutter Mane|Protect\n|move|p2b: Flutter Mane|Moonblast|p1a: Tyranitar\n|-supereffective|p1a: Tyranitar\n|-damage|p1a: Tyranitar|0 fnt\n|faint|p1a: Tyranitar\n|move|p2a: Amoonguss|Pollen Puff|p1b: Flutter Mane\n|-activate|p1b: Flutter Mane|move: Protect\n|\n|-weather|Sandstorm|[upkeep]\n|-damage|p1b: Flutter Mane|0 fnt|[from] Sandstorm\n|-damage|p2a: Amoonguss|95\/100|[from] Sandstorm\n|faint|p1b: Flutter Mane\n|-end|p1b: Flutter Mane|Protosynthesis|[silent]\n|upkeep\n|\n|t:|1682106590\n|switch|p1b: Glimmora|Glimmora, L50, M|100\/100\n|switch|p1a: Palafin|Palafin-Hero, L50, F|100\/100\n|-activate|p1a: Palafin|ability: Zero to Hero\n|turn|5\n|\n|t:|1682106605\n|move|p1a: Palafin|Protect|p1a: Palafin\n|-singleturn|p1a: Palafin|Protect\n|move|p2a: Amoonguss|Rage Powder|p2a: Amoonguss\n|-singleturn|p2a: Amoonguss|move: Rage Powder\n|move|p2b: Flutter Mane|Thunderbolt|p1a: Palafin\n|-activate|p1a: Palafin|move: Protect\n|move|p1b: Glimmora|Earth Power|p2a: Amoonguss\n|-damage|p2a: Amoonguss|65\/100\n|\n|-weather|none\n|-sideend|p2: Sprye0216|move: Tailwind\n|upkeep\n|turn|6\n|\n|t:|1682106625\n|move|p2a: Amoonguss|Rage Powder|p2a: Amoonguss\n|-singleturn|p2a: Amoonguss|move: Rage Powder\n|move|p2b: Flutter Mane|Thunderbolt|p1a: Palafin\n|-supereffective|p1a: Palafin\n|-damage|p1a: Palafin|0 fnt\n|faint|p1a: Palafin\n|move|p1b: Glimmora|Earth Power|p2a: Amoonguss\n|-damage|p2a: Amoonguss|36\/100\n|-enditem|p2a: Amoonguss|Sitrus Berry|[eat]\n|-heal|p2a: Amoonguss|61\/100|[from] item: Sitrus Berry\n|\n|upkeep\n|turn|7\n|\n|t:|1682106643\n|move|p1b: Glimmora|Spiky Shield|p1b: Glimmora\n|-singleturn|p1b: Glimmora|move: Protect\n|move|p2b: Flutter Mane|Shadow Ball|p1b: Glimmora\n|-activate|p1b: Glimmora|move: Protect\n|move|p2a: Amoonguss|Spore|p1b: Glimmora\n|-activate|p1b: Glimmora|move: Protect\n|\n|upkeep\n|turn|8\n|\n|t:|1682106655\n|move|p2b: Flutter Mane|Shadow Ball|p1b: Glimmora\n|-damage|p1b: Glimmora|9\/100\n|-unboost|p1b: Glimmora|spd|1\n|-enditem|p1b: Glimmora|Sitrus Berry|[eat]\n|-heal|p1b: Glimmora|33\/100|[from] item: Sitrus Berry\n|move|p1b: Glimmora|Earth Power|p2b: Flutter Mane\n|-supereffective|p2b: Flutter Mane\n|-damage|p2b: Flutter Mane|30\/100\n|move|p2a: Amoonguss|Spore|p1b: Glimmora\n|-status|p1b: Glimmora|slp|[from] move: Spore\n|\n|upkeep\n|turn|9\n|\n|t:|1682106676\n|cant|p1b: Glimmora|slp\n|move|p2b: Flutter Mane|Shadow Ball|p1b: Glimmora\n|-damage|p1b: Glimmora|0 fnt\n|faint|p1b: Glimmora\n|\n|win|Sprye0216\n|raw|Katman40's rating: 1121 → 1095<\/strong> (-26 for losing)\n|raw|Sprye0216's rating: 1105 → 1131<\/strong> (+26 for winning)\n","uploadtime":1682106684,"views":9,"p1id":"katman40","p2id":"sprye0216","formatid":"gen9vgc2023regulationc","rating":1095,"private":0,"password":""}