{"id":"gen9vgc2023regulationc-1852985333","p1":"Pippovgc","p2":"Jbenn","format":"[Gen 9] VGC 2023 Regulation C","log":"|j|\u2606Pippovgc\n|j|\u2606Jbenn\n|t:|1682623032\n|gametype|doubles\n|player|p1|Pippovgc|blue|1461\n|player|p2|Jbenn|steven|1560\n|teamsize|p1|6\n|teamsize|p2|6\n|gen|9\n|tier|[Gen 9] VGC 2023 Regulation C\n|rated|\n|rule|Species Clause: Limit one of each Pok\u00e9mon\n|rule|Item Clause: Limit one of each item\n|clearpoke\n|poke|p1|Gyarados, L50, M|\n|poke|p1|Flutter Mane, L50|\n|poke|p1|Chi-Yu, L50|\n|poke|p1|Iron Hands, L50|\n|poke|p1|Amoonguss, L50, F|\n|poke|p1|Garchomp, L50, M|\n|poke|p2|Roaring Moon, L50|\n|poke|p2|Great Tusk, L50|\n|poke|p2|Gholdengo, L50|\n|poke|p2|Hariyama, L50, M|\n|poke|p2|Mimikyu, L50, F|\n|poke|p2|Gyarados, L50, M|\n|teampreview|4\nPippovgc has agreed to open team sheets.\n|j| Braindeadmeta\nJbenn has agreed to open team sheets.\n|\n|t:|1682623132\n|start\n|switch|p1a: Gyarados|Gyarados, L50, M, shiny|100\/100\n|switch|p1b: Amoonguss|Amoonguss, L50, F|100\/100\n|switch|p2a: Yokozuna|Hariyama, L50, M, shiny|100\/100\n|switch|p2b: 50 Cent|Gholdengo, L50|100\/100\n|-ability|p1a: Gyarados|Intimidate|boost\n|-unboost|p2a: Yokozuna|atk|1\n|-unboost|p2b: 50 Cent|atk|1\n|turn|1\n|\n|t:|1682623154\n|switch|p1a: Iron Hands|Iron Hands, L50|100\/100\n|move|p2a: Yokozuna|Fake Out|p1a: Iron Hands\n|-damage|p1a: Iron Hands|94\/100\n|move|p2b: 50 Cent|Nasty Plot|p2b: 50 Cent\n|-boost|p2b: 50 Cent|spa|2\n|move|p1b: Amoonguss|Spore|p2a: Yokozuna\n|-status|p2a: Yokozuna|slp|[from] move: Spore\n|\n|upkeep\n|turn|2\n|\n|t:|1682623203\n|move|p2b: 50 Cent|Make It Rain|p1a: Iron Hands|[spread] p1a,p1b\n|-resisted|p1a: Iron Hands\n|-damage|p1a: Iron Hands|66\/100\n|-damage|p1b: Amoonguss|20\/100\n|-unboost|p2b: 50 Cent|spa|1\n|-enditem|p1b: Amoonguss|Figy Berry|[eat]\n|-heal|p1b: Amoonguss|53\/100|[from] item: Figy Berry\n|move|p1a: Iron Hands|Wild Charge|p2b: 50 Cent\n|-damage|p2b: 50 Cent|48\/100\n|-damage|p1a: Iron Hands|56\/100|[from] Recoil\n|cant|p2a: Yokozuna|slp\n|move|p1b: Amoonguss|Pollen Puff|p1a: Iron Hands\n|-heal|p1a: Iron Hands|100\/100\n|\n|-heal|p2b: 50 Cent|54\/100|[from] item: Leftovers\n|upkeep\n|turn|3\n|\n|t:|1682623230\n|switch|p2a: Big AL|Great Tusk, L50|100\/100\n|switch|p1b: Gyarados|Gyarados, L50, M, shiny|100\/100\n|-ability|p1b: Gyarados|Intimidate|boost\n|-unboost|p2a: Big AL|atk|1\n|-unboost|p2b: 50 Cent|atk|1\n|move|p2b: 50 Cent|Protect|p2b: 50 Cent\n|-singleturn|p2b: 50 Cent|Protect\n|move|p1a: Iron Hands|Volt Switch|p2a: Big AL\n|-immune|p2a: Big AL\n|\n|-heal|p2b: 50 Cent|60\/100|[from] item: Leftovers\n|upkeep\n|turn|4\n|\n|t:|1682623268\n|switch|p1b: Amoonguss|Amoonguss, L50, F|86\/100\n|move|p2a: Big AL|Protect|p2a: Big AL\n|-singleturn|p2a: Big AL|Protect\n|move|p2b: 50 Cent|Make It Rain|p1b: Amoonguss|[spread] p1a,p1b\n|-resisted|p1a: Iron Hands\n|-damage|p1a: Iron Hands|79\/100\n|-damage|p1b: Amoonguss|21\/100\n|-unboost|p2b: 50 Cent|spa|1\n|move|p1a: Iron Hands|Volt Switch|p2b: 50 Cent\n|-damage|p2b: 50 Cent|48\/100\n|\n|t:|1682623283\n|-end|p1a: Iron Hands|Quark Drive|[silent]\n|switch|p1a: Chi-Yu|Chi-Yu, L50|100\/100|[from] Volt Switch\n|-ability|p1a: Chi-Yu|Beads of Ruin\n|\n|-heal|p2b: 50 Cent|54\/100|[from] item: Leftovers\n|upkeep\n|turn|5\n|\n|t:|1682623318\n|-end|p2a: Big AL|Protosynthesis|[silent]\n|switch|p2a: Yokozuna|Hariyama, L50, M, shiny|100\/100 slp\n|switch|p1b: Gyarados|Gyarados, L50, M, shiny|100\/100\n|-ability|p1b: Gyarados|Intimidate|boost\n|-unboost|p2a: Yokozuna|atk|1\n|-unboost|p2b: 50 Cent|atk|1\n|-terastallize|p1a: Chi-Yu|Ghost\n|-terastallize|p2b: 50 Cent|Water\n|move|p1a: Chi-Yu|Dark Pulse|p2b: 50 Cent\n|-damage|p2b: 50 Cent|0 fnt\n|faint|p2b: 50 Cent\n|\n|upkeep\n|\n|t:|1682623338\n|switch|p2b: Smaug|Roaring Moon, L50|100\/100\n|-enditem|p2b: Smaug|Booster Energy\n|-activate|p2b: Smaug|ability: Protosynthesis|[fromitem]\n|-start|p2b: Smaug|protosynthesisspe\n|turn|6\n|\n|t:|1682623349\n|switch|p1a: Iron Hands|Iron Hands, L50|79\/100\n|switch|p2a: Big AL|Great Tusk, L50|100\/100\n|move|p2b: Smaug|Tailwind|p2b: Smaug\n|-sidestart|p2: Jbenn|move: Tailwind\n|move|p1b: Gyarados|Thunder Wave|p2b: Smaug\n|-status|p2b: Smaug|par\n|\n|upkeep\n|turn|7\n|\n|t:|1682623365\n|switch|p1b: Amoonguss|Amoonguss, L50, F|54\/100\n|move|p2a: Big AL|Protect|p2a: Big AL\n|-singleturn|p2a: Big AL|Protect\n|move|p1a: Iron Hands|Fake Out|p2a: Big AL\n|-activate|p2a: Big AL|move: Protect\n|move|p2b: Smaug|Jaw Lock|p1a: Iron Hands\n|-resisted|p1a: Iron Hands\n|-damage|p1a: Iron Hands|66\/100\n|-activate|p2b: Smaug|trapped\n|-activate|p1a: Iron Hands|trapped\n|\n|upkeep\n|turn|8\n|\n|t:|1682623389\n|switch|p1b: Gyarados|Gyarados, L50, M, shiny|100\/100\n|-ability|p1b: Gyarados|Intimidate|boost\n|-unboost|p2a: Big AL|atk|1\n|-unboost|p2b: Smaug|atk|1\n|move|p2b: Smaug|Acrobatics|p1b: Gyarados\n|-damage|p1b: Gyarados|76\/100\n|move|p2a: Big AL|Headlong Rush|p1a: Iron Hands\n|-supereffective|p1a: Iron Hands\n|-damage|p1a: Iron Hands|0 fnt\n|-unboost|p2a: Big AL|def|1\n|-unboost|p2a: Big AL|spd|1\n|faint|p1a: Iron Hands\n|-end|p1a: Iron Hands|Quark Drive|[silent]\n|-damage|p2a: Big AL|91\/100|[from] item: Life Orb\n|\n|upkeep\n|l| Braindeadmeta\n|\n|t:|1682623406\n|switch|p1a: Amoonguss|Amoonguss, L50, F|87\/100\n|turn|9\n|\n|t:|1682623432\n|-end|p2a: Big AL|Protosynthesis|[silent]\n|switch|p2a: Yokozuna|Hariyama, L50, M, shiny|100\/100 slp\n|move|p2b: Smaug|Acrobatics|p1a: Amoonguss\n|-supereffective|p1a: Amoonguss\n|-damage|p1a: Amoonguss|49\/100\n|move|p1b: Gyarados|Waterfall|p2b: Smaug\n|-resisted|p2b: Smaug\n|-damage|p2b: Smaug|79\/100 par\n|move|p1a: Amoonguss|Pollen Puff|p2b: Smaug\n|-supereffective|p2b: Smaug\n|-damage|p2b: Smaug|42\/100 par\n|\n|-sideend|p2: Jbenn|move: Tailwind\n|upkeep\n|turn|10\n|\n|t:|1682623470\n|switch|p1a: Chi-Yu|Chi-Yu, L50, tera:Ghost|100\/100\n|-ability|p1a: Chi-Yu|Beads of Ruin\n|move|p2b: Smaug|Tailwind|p2b: Smaug\n|-sidestart|p2: Jbenn|move: Tailwind\n|cant|p2a: Yokozuna|slp\n|move|p1b: Gyarados|Icy Wind|p2b: Smaug|[spread] p2a,p2b\n|-supereffective|p2b: Smaug\n|-damage|p2a: Yokozuna|97\/100 slp\n|-damage|p2b: Smaug|25\/100 par\n|-unboost|p2a: Yokozuna|spe|1\n|-unboost|p2b: Smaug|spe|1\n|\n|upkeep\n|turn|11\n|\n|t:|1682623498\n|switch|p1b: Amoonguss|Amoonguss, L50, F|82\/100\n|cant|p2a: Yokozuna|slp\n|move|p1a: Chi-Yu|Dark Pulse|p2b: Smaug\n|-resisted|p2b: Smaug\n|-damage|p2b: Smaug|0 fnt\n|faint|p2b: Smaug\n|-end|p2b: Smaug|Protosynthesis|[silent]\n|\n|upkeep\n|\n|t:|1682623506\n|switch|p2b: Big AL|Great Tusk, L50|91\/100\n|turn|12\n|\n|t:|1682623524\n|switch|p1a: Gyarados|Gyarados, L50, M, shiny|76\/100\n|-ability|p1a: Gyarados|Intimidate|boost\n|-unboost|p2a: Yokozuna|atk|1\n|-unboost|p2b: Big AL|atk|1\n|-curestatus|p2a: Yokozuna|slp|[msg]\n|move|p2a: Yokozuna|Wide Guard|p2a: Yokozuna\n|-singleturn|p2a: Yokozuna|Wide Guard\n|move|p2b: Big AL|Earthquake|p1b: Amoonguss|[spread] p1b\n|-activate|p2a: Yokozuna|move: Wide Guard\n|-immune|p1a: Gyarados\n|-damage|p1b: Amoonguss|52\/100\n|-damage|p2b: Big AL|81\/100|[from] item: Life Orb\n|move|p1b: Amoonguss|Spore|p2b: Big AL\n|-status|p2b: Big AL|slp|[from] move: Spore\n|\n|upkeep\n|turn|13\n|c|\u2606Jbenn|ggwp\n|-message|Jbenn forfeited.\n|\n|win|Pippovgc\n|raw|Pippovgc's rating: 1461 → 1487<\/strong> (+26 for winning)\n|raw|Jbenn's rating: 1560 → 1534<\/strong> (-26 for losing)\n","uploadtime":1682623548,"views":6,"p1id":"pippovgc","p2id":"jbenn","formatid":"gen9vgc2023regulationc","rating":1487,"private":0,"password":""}