{"id":"gen9vgc2023regulationc-1847155948","p1":"Hirobready","p2":"chebelcorgi","format":"[Gen 9] VGC 2023 Regulation C","log":"|j|\u2606Hirobready\n|j|\u2606chebelcorgi\n|t:|1681923651\n|gametype|doubles\n|player|p1|Hirobready|lucas|1454\n|player|p2|chebelcorgi|roughneck|1524\n|teamsize|p1|6\n|teamsize|p2|6\n|gen|9\n|tier|[Gen 9] VGC 2023 Regulation C\n|rated|\n|rule|Species Clause: Limit one of each Pok\u00e9mon\n|rule|Item Clause: Limit one of each item\n|clearpoke\n|poke|p1|Amoonguss, L50, M|\n|poke|p1|Roaring Moon, L50|\n|poke|p1|Arcanine, L50, M|\n|poke|p1|Azumarill, L50, F|\n|poke|p1|Ting-Lu, L50|\n|poke|p1|Volcarona, L50, F|\n|poke|p2|Dondozo, L50, F|\n|poke|p2|Tatsugiri-Stretchy, L50, M|\n|poke|p2|Glimmora, L50, M|\n|poke|p2|Dragonite, L50, F|\n|poke|p2|Chien-Pao, L50|\n|poke|p2|Ceruledge, L50, M|\n|teampreview|4\n|inactive|Battle timer is ON: inactive players will automatically lose when time's up. (requested by Hirobready)\n|\n|t:|1681923674\n|start\n|switch|p1a: Ting-Lu|Ting-Lu, L50|100\/100\n|switch|p1b: Arcanine|Arcanine, L50, M, shiny|100\/100\n|switch|p2a: Glimmora|Glimmora, L50, M, shiny|100\/100\n|switch|p2b: Ceruledge|Ceruledge, L50, M|100\/100\n|-ability|p1b: Arcanine|Intimidate|boost\n|-unboost|p2a: Glimmora|atk|1\n|-fail|p2b: Ceruledge|unboost|[from] item: Clear Amulet|[of] p2b: Ceruledge\n|-ability|p1a: Ting-Lu|Vessel of Ruin\n|turn|1\n|\n|t:|1681923688\n|-terastallize|p2a: Glimmora|Grass\n|move|p1b: Arcanine|Howl|p1b: Arcanine|[spread] p1a,p1b\n|-boost|p1a: Ting-Lu|atk|1\n|-boost|p1b: Arcanine|atk|1\n|move|p2b: Ceruledge|Bulk Up|p2b: Ceruledge\n|-boost|p2b: Ceruledge|atk|1\n|-boost|p2b: Ceruledge|def|1\n|move|p2a: Glimmora|Mortal Spin|p1b: Arcanine|[spread] p1a,p1b\n|-resisted|p1a: Ting-Lu\n|-damage|p1a: Ting-Lu|99\/100\n|-damage|p1b: Arcanine|98\/100\n|-status|p1a: Ting-Lu|psn\n|-status|p1b: Arcanine|psn\n|move|p1a: Ting-Lu|Stomping Tantrum|p2b: Ceruledge\n|-supereffective|p2b: Ceruledge\n|-damage|p2b: Ceruledge|24\/100\n|\n|-damage|p1b: Arcanine|86\/100 psn|[from] psn\n|-damage|p1a: Ting-Lu|87\/100 psn|[from] psn\n|upkeep\n|turn|2\n|inactive|chebelcorgi has 30 seconds left.\n|\n|t:|1681923724\n|switch|p2a: Dondozo|Dondozo, L50, F|100\/100\n|move|p1b: Arcanine|Flare Blitz|p2a: Dondozo\n|-resisted|p2a: Dondozo\n|-damage|p2a: Dondozo|85\/100\n|-damage|p1b: Arcanine|80\/100 psn|[from] Recoil\n|move|p2b: Ceruledge|Bitter Blade|p1a: Ting-Lu\n|-damage|p1a: Ting-Lu|46\/100 psn\n|-heal|p2b: Ceruledge|53\/100|[from] drain|[of] p1a: Ting-Lu\n|-enditem|p1a: Ting-Lu|Sitrus Berry|[eat]\n|-heal|p1a: Ting-Lu|71\/100 psn|[from] item: Sitrus Berry\n|move|p1a: Ting-Lu|Stomping Tantrum|p2b: Ceruledge\n|-supereffective|p2b: Ceruledge\n|-damage|p2b: Ceruledge|0 fnt\n|faint|p2b: Ceruledge\n|\n|-heal|p2a: Dondozo|91\/100|[from] item: Leftovers\n|-damage|p1b: Arcanine|68\/100 psn|[from] psn\n|-damage|p1a: Ting-Lu|58\/100 psn|[from] psn\n|upkeep\n|\n|t:|1681923740\n|switch|p2b: Glimmora|Glimmora, L50, M, shiny, tera:Grass|100\/100\n|turn|3\n|\n|t:|1681923749\n|switch|p2b: Tatsugiri|Tatsugiri-Stretchy, L50, M|100\/100\n|-activate|p2b: Tatsugiri|ability: Commander|[of] p2a: Dondozo\n|-boost|p2a: Dondozo|atk|2\n|-boost|p2a: Dondozo|spa|2\n|-boost|p2a: Dondozo|spe|2\n|-boost|p2a: Dondozo|def|2\n|-boost|p2a: Dondozo|spd|2\n|-terastallize|p1b: Arcanine|Water\n|move|p2a: Dondozo|Earthquake|p1a: Ting-Lu|[spread] p1a,p1b\n|-miss|p2a: Dondozo|p2b: Tatsugiri\n|-damage|p1a: Ting-Lu|35\/100 psn\n|-damage|p1b: Arcanine|32\/100 psn\n|move|p1b: Arcanine|Will-O-Wisp|p2a: Dondozo\n|-status|p2a: Dondozo|brn\n|move|p1a: Ting-Lu|Ruination|p2a: Dondozo\n|-damage|p2a: Dondozo|46\/100 brn\n|\n|-heal|p2a: Dondozo|52\/100 brn|[from] item: Leftovers\n|-damage|p1b: Arcanine|20\/100 psn|[from] psn\n|-damage|p1a: Ting-Lu|23\/100 psn|[from] psn\n|-damage|p2a: Dondozo|46\/100 brn|[from] brn\n|upkeep\n|turn|4\n|inactive|Hirobready has 30 seconds left.\n|\n|t:|1681923776\n|move|p2a: Dondozo|Earthquake|p1b: Arcanine|[spread] p1a,p1b\n|-miss|p2a: Dondozo|p2b: Tatsugiri\n|-damage|p1a: Ting-Lu|13\/100 psn\n|-damage|p1b: Arcanine|0 fnt\n|faint|p1b: Arcanine\n|move|p1a: Ting-Lu|Ruination|p2a: Dondozo\n|-damage|p2a: Dondozo|23\/100 brn\n|\n|-heal|p2a: Dondozo|30\/100 brn|[from] item: Leftovers\n|-damage|p1a: Ting-Lu|0 fnt|[from] psn\n|faint|p1a: Ting-Lu\n|-damage|p2a: Dondozo|23\/100 brn|[from] brn\n|upkeep\n|\n|t:|1681923778\n|switch|p1b: Volcarona|Volcarona, L50, F|100\/100\n|switch|p1a: SUS|Amoonguss, L50, M, shiny|100\/100\n|turn|5\n|\n|t:|1681923790\n|move|p2a: Dondozo|Earthquake|p1a: SUS|[spread] p1a,p1b\n|-miss|p2a: Dondozo|p2b: Tatsugiri\n|-damage|p1a: SUS|85\/100\n|-damage|p1b: Volcarona|74\/100\n|move|p1b: Volcarona|Giga Drain|p2a: Dondozo\n|-supereffective|p2a: Dondozo\n|-damage|p2a: Dondozo|0 fnt\n|-heal|p1b: Volcarona|90\/100|[from] drain|[of] p2a: Dondozo\n|faint|p2a: Dondozo\n|move|p1a: SUS|Clear Smog|p2b: Tatsugiri\n|-damage|p2b: Tatsugiri|82\/100\n|-clearboost|p2b: Tatsugiri\n|\n|-heal|p1b: Volcarona|97\/100|[from] item: Leftovers\n|upkeep\n|\n|t:|1681923798\n|switch|p2a: Glimmora|Glimmora, L50, M, shiny, tera:Grass|100\/100\n|turn|6\n|\n|t:|1681923815\n|move|p2b: Tatsugiri|Muddy Water|p1b: Volcarona|[spread] p1b\n|-miss|p2b: Tatsugiri|p1a: SUS\n|-supereffective|p1b: Volcarona\n|-damage|p1b: Volcarona|34\/100\n|-unboost|p1b: Volcarona|accuracy|1\n|move|p1b: Volcarona|Heat Wave|p2a: Glimmora|[spread] p2a,p2b\n|-supereffective|p2a: Glimmora\n|-resisted|p2b: Tatsugiri\n|-damage|p2a: Glimmora|40\/100\n|-damage|p2b: Tatsugiri|71\/100\n|move|p2a: Glimmora|Sludge Bomb|p1b: Volcarona\n|-damage|p1b: Volcarona|0 fnt\n|faint|p1b: Volcarona\n|move|p1a: SUS|Clear Smog|p2a: Glimmora\n|-supereffective|p2a: Glimmora\n|-damage|p2a: Glimmora|18\/100\n|-clearboost|p2a: Glimmora\n|\n|upkeep\n|turn|7\n|\n|t:|1681923834\n|move|p2b: Tatsugiri|Muddy Water|p1a: SUS|[miss]\n|-miss|p2b: Tatsugiri|p1a: SUS\n|move|p2a: Glimmora|Sludge Bomb|p1a: SUS\n|-damage|p1a: SUS|41\/100\n|move|p1a: SUS|Spore|p2b: Tatsugiri\n|-status|p2b: Tatsugiri|slp|[from] move: Spore\n|\n|upkeep\n|turn|8\n|\n|t:|1681923843\n|cant|p2b: Tatsugiri|slp\n|move|p2a: Glimmora|Sludge Bomb|p1a: SUS\n|-damage|p1a: SUS|0 fnt\n|faint|p1a: SUS\n|\n|win|chebelcorgi\n|raw|Hirobready's rating: 1454 → 1438<\/strong> (-16 for losing)\n|raw|chebelcorgi's rating: 1524 → 1540<\/strong> (+16 for winning)\n","uploadtime":1681923850,"views":14,"p1id":"hirobready","p2id":"chebelcorgi","formatid":"gen9vgc2023regulationc","rating":1438,"private":0,"password":""}