{"id":"gen9vgc2023regulationc-1856156974","p1":"yosoymorado","p2":"Thossq","format":"[Gen 9] VGC 2023 Regulation C","log":"|j|\u2606yosoymorado\n|j|\u2606Thossq\n|t:|1683035945\n|gametype|doubles\n|player|p1|yosoymorado|cynthia|1156\n|player|p2|Thossq|sabrina|1075\n|teamsize|p1|6\n|teamsize|p2|6\n|gen|9\n|tier|[Gen 9] VGC 2023 Regulation C\n|rated|\n|rule|Species Clause: Limit one of each Pok\u00e9mon\n|rule|Item Clause: Limit one of each item\n|clearpoke\n|poke|p1|Armarouge, L50, M|\n|poke|p1|Indeedee-F, L50, F|\n|poke|p1|Torkoal, L50, F|\n|poke|p1|Kingambit, L50, M|\n|poke|p1|Hatterene, L50, F|\n|poke|p1|Annihilape, L50, M|\n|poke|p2|Cetitan, L50, M|\n|poke|p2|Kingambit, L50, F|\n|poke|p2|Indeedee-F, L50, F|\n|poke|p2|Abomasnow, L50, F|\n|poke|p2|Armarouge, L50, F|\n|poke|p2|Glimmora, L50, M|\n|teampreview|4\n|inactive|Battle timer is ON: inactive players will automatically lose when time's up. (requested by yosoymorado)\n|\n|t:|1683035978\n|start\n|switch|p1a: Annihilape|Annihilape, L50, M|100\/100\n|switch|p1b: Indeedee|Indeedee-F, L50, F|100\/100\n|switch|p2a: Parasite|Glimmora, L50, M|100\/100\n|switch|p2b: Tiny Man|Armarouge, L50, F|100\/100\n|-fieldstart|move: Psychic Terrain|[from] ability: Psychic Surge|[of] p1b: Indeedee\n|turn|1\n|\n|t:|1683035994\n|move|p2b: Tiny Man|Protect|p2b: Tiny Man\n|-singleturn|p2b: Tiny Man|Protect\n|move|p1a: Annihilape|Final Gambit|p2b: Tiny Man\n|-activate|p2b: Tiny Man|move: Protect\n|move|p2a: Parasite|Mortal Spin|p1a: Annihilape|[spread] p1a,p1b\n|-resisted|p1a: Annihilape\n|-damage|p1a: Annihilape|99\/100\n|-damage|p1b: Indeedee|97\/100\n|-status|p1a: Annihilape|psn\n|-status|p1b: Indeedee|psn\n|move|p1b: Indeedee|Trick Room|p1b: Indeedee\n|-fieldstart|move: Trick Room|[of] p1b: Indeedee\n|\n|-damage|p1b: Indeedee|84\/100 psn|[from] psn\n|-damage|p1a: Annihilape|86\/100 psn|[from] psn\n|upkeep\n|turn|2\n|\n|t:|1683036012\n|switch|p1a: Armarouge|Armarouge, L50, M|100\/100\n|move|p1b: Indeedee|Follow Me|p1b: Indeedee\n|-singleturn|p1b: Indeedee|move: Follow Me\n|move|p2b: Tiny Man|Expanding Force|p1b: Indeedee|[spread] p1a,p1b\n|-resisted|p1a: Armarouge\n|-resisted|p1b: Indeedee\n|-damage|p1a: Armarouge|64\/100\n|-damage|p1b: Indeedee|53\/100 psn\n|-damage|p2b: Tiny Man|91\/100|[from] item: Life Orb\n|move|p2a: Parasite|Venoshock|p1b: Indeedee\n|-damage|p1b: Indeedee|0 fnt\n|faint|p1b: Indeedee\n|\n|upkeep\n|\n|t:|1683036030\n|switch|p1b: Torkoal|Torkoal, L50, F|100\/100\n|-weather|SunnyDay|[from] ability: Drought|[of] p1b: Torkoal\n|turn|3\n|inactive|Thossq has 30 seconds left.\n|inactive|Thossq has 20 seconds left.\n|inactive|Thossq has 15 seconds left.\n|inactive|Thossq has 10 seconds left.\n|\n|t:|1683036078\n|move|p1b: Torkoal|Eruption|p2a: Parasite|[spread] p2a\n|-start|p2b: Tiny Man|ability: Flash Fire\n|-resisted|p2a: Parasite\n|-damage|p2a: Parasite|64\/100\n|move|p1a: Armarouge|Expanding Force|p2a: Parasite|[spread] p2a,p2b\n|-supereffective|p2a: Parasite\n|-resisted|p2b: Tiny Man\n|-damage|p2a: Parasite|0 fnt\n|-damage|p2b: Tiny Man|53\/100\n|faint|p2a: Parasite\n|move|p2b: Tiny Man|Expanding Force|p1a: Armarouge|[spread] p1a,p1b\n|-resisted|p1a: Armarouge\n|-damage|p1a: Armarouge|30\/100\n|-damage|p1b: Torkoal|14\/100\n|-damage|p2b: Tiny Man|43\/100|[from] item: Life Orb\n|\n|-weather|SunnyDay|[upkeep]\n|upkeep\n|\n|t:|1683036095\n|switch|p2a: Ilovechess|Kingambit, L50, F|100\/100\n|turn|4\n|\n|t:|1683036102\n|-terastallize|p2a: Ilovechess|Flying\n|move|p2b: Tiny Man|Protect|p2b: Tiny Man\n|-singleturn|p2b: Tiny Man|Protect\n|move|p1b: Torkoal|Earth Power|p2b: Tiny Man\n|-activate|p2b: Tiny Man|move: Protect\n|move|p2a: Ilovechess|Kowtow Cleave|p1a: Armarouge\n|-supereffective|p1a: Armarouge\n|-damage|p1a: Armarouge|0 fnt\n|faint|p1a: Armarouge\n|\n|-weather|SunnyDay|[upkeep]\n|upkeep\n|\n|t:|1683036117\n|switch|p1a: Annihilape|Annihilape, L50, M|86\/100 psn\n|turn|5\n|\n|t:|1683036130\n|move|p2a: Ilovechess|Protect|p2a: Ilovechess\n|-singleturn|p2a: Ilovechess|Protect\n|move|p1b: Torkoal|Earth Power|p2b: Tiny Man\n|-supereffective|p2b: Tiny Man\n|-damage|p2b: Tiny Man|0 fnt\n|faint|p2b: Tiny Man\n|move|p1a: Annihilape|Final Gambit|p2a: Ilovechess\n|-activate|p2a: Ilovechess|move: Protect\n|\n|-weather|SunnyDay|[upkeep]\n|-damage|p1a: Annihilape|74\/100 psn|[from] psn\n|-fieldend|move: Trick Room\n|-fieldend|move: Psychic Terrain\n|upkeep\n|\n|t:|1683036141\n|switch|p2b: Outdodo|Indeedee-F, L50, F|100\/100\n|-fieldstart|move: Psychic Terrain|[from] ability: Psychic Surge|[of] p2b: Outdodo\n|turn|6\n|inactive|yosoymorado has 30 seconds left.\n|\n|t:|1683036174\n|move|p1b: Torkoal|Protect|p1b: Torkoal\n|-singleturn|p1b: Torkoal|Protect\n|move|p2b: Outdodo|Follow Me|p2b: Outdodo\n|-singleturn|p2b: Outdodo|move: Follow Me\n|move|p1a: Annihilape|Final Gambit|p2b: Outdodo\n|-damage|p2b: Outdodo|11\/100\n|faint|p1a: Annihilape\n|move|p2a: Ilovechess|Kowtow Cleave|p1b: Torkoal\n|-activate|p1b: Torkoal|move: Protect\n|\n|-weather|SunnyDay|[upkeep]\n|upkeep\n|turn|7\n|\n|t:|1683036192\n|move|p2b: Outdodo|Dazzling Gleam|p1b: Torkoal\n|-resisted|p1b: Torkoal\n|-damage|p1b: Torkoal|1\/100\n|move|p2a: Ilovechess|Kowtow Cleave|p1b: Torkoal\n|-damage|p1b: Torkoal|0 fnt\n|faint|p1b: Torkoal\n|\n|win|Thossq\n|raw|yosoymorado's rating: 1156 → 1125<\/strong> (-31 for losing)\n|raw|Thossq's rating: 1075 → 1110<\/strong> (+35 for winning)\n|c|\u2606yosoymorado|gg\n|l|\u2606yosoymorado\n","uploadtime":1683036278,"views":6,"p1id":"yosoymorado","p2id":"thossq","formatid":"gen9vgc2023regulationc","rating":1110,"private":0,"password":""}