{"id":"gen9vgc2023regulationc-1847148403","p1":"ralsei is bae","p2":"Promovendus","format":"[Gen 9] VGC 2023 Regulation C","log":"|j|\u2606ralsei is bae\n|j|\u2606Promovendus\n|t:|1681923030\n|gametype|doubles\n|player|p1|ralsei is bae|101|1211\n|player|p2|Promovendus|clown|1142\n|teamsize|p1|6\n|teamsize|p2|6\n|gen|9\n|tier|[Gen 9] VGC 2023 Regulation C\n|rated|\n|rule|Species Clause: Limit one of each Pok\u00e9mon\n|rule|Item Clause: Limit one of each item\n|clearpoke\n|poke|p1|Pelipper, L50, M|\n|poke|p1|Flutter Mane, L50|\n|poke|p1|Dragonite, L50, F|\n|poke|p1|Palafin, L50, M|\n|poke|p1|Orthworm, L50, M|\n|poke|p1|Gyarados, L50, M|\n|poke|p2|Pelipper, L50, F|\n|poke|p2|Goodra, L50, F|\n|poke|p2|Golduck, L50, F|\n|poke|p2|Meowscarada, L50, F|\n|poke|p2|Rotom-Wash, L50|\n|poke|p2|Hariyama, L50, M|\n|teampreview|4\nralsei is bae has agreed to open team sheets.\n|inactive|Battle timer is ON: inactive players will automatically lose when time's up. (requested by Promovendus)\n|\n|t:|1681923052\n|start\n|switch|p1a: Palafin|Palafin, L50, M|100\/100\n|switch|p1b: Orthworm|Orthworm, L50, M|100\/100\n|switch|p2a: Meowscarada|Meowscarada, L50, F|100\/100\n|switch|p2b: Hariyama|Hariyama, L50, M|100\/100\n|turn|1\n|\n|t:|1681923071\n|detailschange|p1a: Palafin|Palafin-Hero, L50, M\n|switch|p1a: Gyarados|Gyarados, L50, M|100\/100\n|-ability|p1a: Gyarados|Intimidate|boost\n|-unboost|p2a: Meowscarada|atk|1\n|-unboost|p2b: Hariyama|atk|1\n|move|p2b: Hariyama|Fake Out|p1b: Orthworm\n|-resisted|p1b: Orthworm\n|-damage|p1b: Orthworm|98\/100\n|move|p2a: Meowscarada|Knock Off|p1a: Gyarados\n|-start|p2a: Meowscarada|typechange|Dark|[from] ability: Protean\n|-damage|p1a: Gyarados|60\/100\n|-enditem|p1a: Gyarados|Safety Goggles|[from] move: Knock Off|[of] p2a: Meowscarada\n|cant|p1b: Orthworm|flinch\n|\n|-status|p2b: Hariyama|brn|[from] item: Flame Orb\n|upkeep\n|turn|2\n|inactive|Promovendus has 30 seconds left.\n|\n|t:|1681923098\n|move|p2b: Hariyama|Detect|p2b: Hariyama\n|-singleturn|p2b: Hariyama|Protect\n|move|p2a: Meowscarada|Flower Trick|p1a: Gyarados\n|-crit|p1a: Gyarados\n|-damage|p1a: Gyarados|19\/100\n|move|p1a: Gyarados|Thunder Wave|p2a: Meowscarada\n|-status|p2a: Meowscarada|par\n|move|p1b: Orthworm|Shed Tail|p1b: Orthworm\n|-start|p1b: Orthworm|Substitute|[from] move: Shed Tail\n|-damage|p1b: Orthworm|47\/100\n|-enditem|p1b: Orthworm|Sitrus Berry|[eat]\n|-heal|p1b: Orthworm|72\/100|[from] item: Sitrus Berry\n|\n|t:|1681923111\n|switch|p1b: Flutter Mane|Flutter Mane, L50|100\/100|[from] Shed Tail\n|\n|-damage|p2b: Hariyama|95\/100 brn|[from] brn\n|upkeep\n|turn|3\n|inactive|Promovendus has 30 seconds left.\n|\n|t:|1681923142\n|switch|p1a: Orthworm|Orthworm, L50, M|72\/100\n|move|p1b: Flutter Mane|Dazzling Gleam|p2a: Meowscarada|[spread] p2a,p2b\n|-supereffective|p2a: Meowscarada\n|-supereffective|p2b: Hariyama\n|-enditem|p2a: Meowscarada|Focus Sash\n|-damage|p2a: Meowscarada|1\/100 par\n|-damage|p2b: Hariyama|0 fnt\n|faint|p2b: Hariyama\n|move|p2a: Meowscarada|Knock Off|p1b: Flutter Mane\n|-end|p1b: Flutter Mane|Substitute\n|\n|upkeep\n|\n|t:|1681923155\n|switch|p2b: Pelipper|Pelipper, L50, F|100\/100\n|-weather|RainDance|[from] ability: Drizzle|[of] p2b: Pelipper\n|turn|4\n|\n|t:|1681923173\n|-terastallize|p2b: Pelipper|Water\n|move|p1b: Flutter Mane|Dazzling Gleam|p2a: Meowscarada|[spread] p2a,p2b\n|-supereffective|p2a: Meowscarada\n|-damage|p2a: Meowscarada|0 fnt\n|-damage|p2b: Pelipper|25\/100\n|faint|p2a: Meowscarada\n|move|p2b: Pelipper|Hydro Pump|p1b: Flutter Mane\n|-damage|p1b: Flutter Mane|4\/100\n|move|p1a: Orthworm|Shed Tail|p1a: Orthworm\n|-start|p1a: Orthworm|Substitute|[from] move: Shed Tail\n|-damage|p1a: Orthworm|22\/100\n|\n|t:|1681923184\n|switch|p1a: Palafin|Palafin-Hero, L50, M|100\/100|[from] Shed Tail\n|-activate|p1a: Palafin|ability: Zero to Hero\n|\n|-weather|RainDance|[upkeep]\n|upkeep\n|\n|t:|1681923195\n|switch|p2a: Goodra|Goodra, L50, F, shiny|100\/100\n|turn|5\n|\n|t:|1681923210\n|-end|p1b: Flutter Mane|Protosynthesis|[silent]\n|switch|p1b: Gyarados|Gyarados, L50, M|19\/100\n|-ability|p1b: Gyarados|Intimidate|boost\n|-unboost|p2a: Goodra|atk|1\n|-unboost|p2b: Pelipper|atk|1\n|move|p1a: Palafin|Jet Punch|p2b: Pelipper\n|-resisted|p2b: Pelipper\n|-damage|p2b: Pelipper|0 fnt\n|faint|p2b: Pelipper\n|move|p2a: Goodra|Thunderbolt|p1b: Gyarados\n|-supereffective|p1b: Gyarados\n|-damage|p1b: Gyarados|0 fnt\n|faint|p1b: Gyarados\n|\n|-weather|RainDance|[upkeep]\n|upkeep\n|\n|t:|1681923223\n|switch|p1b: Orthworm|Orthworm, L50, M|22\/100\n|turn|6\n|\n|t:|1681923231\n|-terastallize|p1a: Palafin|Grass\n|move|p1a: Palafin|Wave Crash|p2a: Goodra\n|-resisted|p2a: Goodra\n|-damage|p2a: Goodra|11\/100\n|-damage|p1a: Palafin|73\/100|[from] Recoil\n|move|p2a: Goodra|Hydro Pump|p1b: Orthworm|[miss]\n|-miss|p2a: Goodra|p1b: Orthworm\n|move|p1b: Orthworm|Heavy Slam|p2a: Goodra\n|-damage|p2a: Goodra|0 fnt\n|faint|p2a: Goodra\n|\n|win|ralsei is bae\n|raw|ralsei is bae's rating: 1211 → 1231<\/strong> (+20 for winning)\n|raw|Promovendus's rating: 1142 → 1122<\/strong> (-20 for losing)\n|l|\u2606Promovendus\n","uploadtime":1681923271,"views":7,"p1id":"ralseiisbae","p2id":"promovendus","formatid":"gen9vgc2023regulationc","rating":1122,"private":0,"password":""}