{"id":"gen9vgc2023regulationc-1854083530","p1":"VaultGames","p2":"Marcosgh","format":"[Gen 9] VGC 2023 Regulation C","log":"|j|\u2606VaultGames\n|j|\u2606Marcosgh\n|t:|1682766264\n|gametype|doubles\n|player|p1|VaultGames|169|1167\n|player|p2|Marcosgh|n|1124\n|teamsize|p1|6\n|teamsize|p2|6\n|gen|9\n|tier|[Gen 9] VGC 2023 Regulation C\n|rated|\n|rule|Species Clause: Limit one of each Pok\u00e9mon\n|rule|Item Clause: Limit one of each item\n|clearpoke\n|poke|p1|Flutter Mane, L50|\n|poke|p1|Ting-Lu, L50|\n|poke|p1|Amoonguss, L50, M|\n|poke|p1|Arcanine, L50, M|\n|poke|p1|Palafin, L50, F|\n|poke|p1|Baxcalibur, L50, M|\n|poke|p2|Iron Bundle, L50|\n|poke|p2|Murkrow, L50, F|\n|poke|p2|Chi-Yu, L50|\n|poke|p2|Annihilape, L50, F|\n|poke|p2|Amoonguss, L50, F|\n|poke|p2|Scizor, L50, F|\n|teampreview|4\n|inactive|Battle timer is ON: inactive players will automatically lose when time's up. (requested by Marcosgh)\n|\n|t:|1682766309\n|start\n|switch|p1a: Ting-Lu|Ting-Lu, L50|100\/100\n|switch|p1b: Flutter Mane|Flutter Mane, L50, shiny|100\/100\n|switch|p2a: Iron Bundle|Iron Bundle, L50|100\/100\n|switch|p2b: Annihilape|Annihilape, L50, F|100\/100\n|-ability|p1a: Ting-Lu|Vessel of Ruin\n|turn|1\n|inactive|VaultGames has 30 seconds left.\n|\n|t:|1682766338\n|-terastallize|p2b: Annihilape|Flying\n|-terastallize|p1a: Ting-Lu|Poison\n|move|p2a: Iron Bundle|Icy Wind|p1a: Ting-Lu|[spread] p1a,p1b\n|-damage|p1a: Ting-Lu|91\/100\n|-damage|p1b: Flutter Mane|80\/100\n|-unboost|p1a: Ting-Lu|spe|1\n|-unboost|p1b: Flutter Mane|spe|1\n|-damage|p2a: Iron Bundle|91\/100|[from] item: Life Orb\n|move|p1b: Flutter Mane|Moonblast|p2b: Annihilape\n|-damage|p2b: Annihilape|54\/100\n|move|p2b: Annihilape|Close Combat|p1a: Ting-Lu\n|-resisted|p1a: Ting-Lu\n|-damage|p1a: Ting-Lu|72\/100\n|-unboost|p2b: Annihilape|def|1\n|-unboost|p2b: Annihilape|spd|1\n|-enditem|p2b: Annihilape|White Herb\n|-clearnegativeboost|p2b: Annihilape|[silent]\n|move|p1a: Ting-Lu|Ruination|p2a: Iron Bundle\n|-damage|p2a: Iron Bundle|46\/100\n|\n|upkeep\n|turn|2\n|inactive|VaultGames has 30 seconds left.\n|inactive|Marcosgh has 30 seconds left.\n|inactive|VaultGames has 20 seconds left.\n|inactive|VaultGames has 15 seconds left.\n|inactive|VaultGames has 10 seconds left.\n|\n|t:|1682766385\n|-end|p1b: Flutter Mane|Protosynthesis|[silent]\n|switch|p1b: Amoonguss|Amoonguss, L50, M|100\/100\n|move|p2a: Iron Bundle|Icy Wind|p1a: Ting-Lu|[spread] p1a,p1b\n|-supereffective|p1b: Amoonguss\n|-damage|p1a: Ting-Lu|62\/100\n|-damage|p1b: Amoonguss|69\/100\n|-unboost|p1a: Ting-Lu|spe|1\n|-unboost|p1b: Amoonguss|spe|1\n|-damage|p2a: Iron Bundle|36\/100|[from] item: Life Orb\n|move|p2b: Annihilape|Rage Fist|p1b: Amoonguss\n|-damage|p1b: Amoonguss|25\/100\n|-enditem|p1b: Amoonguss|Sitrus Berry|[eat]\n|-heal|p1b: Amoonguss|50\/100|[from] item: Sitrus Berry\n|move|p1a: Ting-Lu|Heavy Slam|p2a: Iron Bundle\n|-damage|p2a: Iron Bundle|0 fnt\n|faint|p2a: Iron Bundle\n|-end|p2a: Iron Bundle|Quark Drive|[silent]\n|\n|upkeep\n|\n|t:|1682766405\n|switch|p2a: Amoonguss|Amoonguss, L50, F|100\/100\n|turn|3\n|\n|t:|1682766413\n|move|p2b: Annihilape|Acrobatics|p1b: Amoonguss\n|-supereffective|p1b: Amoonguss\n|-damage|p1b: Amoonguss|0 fnt\n|faint|p1b: Amoonguss\n|move|p1a: Ting-Lu|Fissure|p2a: Amoonguss|[miss]\n|-miss|p1a: Ting-Lu|p2a: Amoonguss\n|move|p2a: Amoonguss|Spore|p1a: Ting-Lu\n|-status|p1a: Ting-Lu|slp|[from] move: Spore\n|\n|upkeep\n|\n|t:|1682766423\n|switch|p1b: Flutter Mane|Flutter Mane, L50, shiny|80\/100\n|turn|4\n|\n|t:|1682766440\n|move|p2a: Amoonguss|Rage Powder|p2a: Amoonguss\n|-singleturn|p2a: Amoonguss|move: Rage Powder\n|move|p1b: Flutter Mane|Thunderbolt|p2a: Amoonguss\n|-resisted|p2a: Amoonguss\n|-damage|p2a: Amoonguss|85\/100\n|move|p2b: Annihilape|Rage Fist|p1b: Flutter Mane\n|-supereffective|p1b: Flutter Mane\n|-damage|p1b: Flutter Mane|0 fnt\n|faint|p1b: Flutter Mane\n|-end|p1b: Flutter Mane|Protosynthesis|[silent]\n|cant|p1a: Ting-Lu|slp\n|\n|-heal|p2a: Amoonguss|91\/100|[from] item: Black Sludge\n|upkeep\n|\n|t:|1682766450\n|switch|p1b: Arcanine|Arcanine, L50, M|100\/100\n|-ability|p1b: Arcanine|Intimidate|boost\n|-unboost|p2a: Amoonguss|atk|1\n|-unboost|p2b: Annihilape|atk|1\n|-ability|p2b: Annihilape|Defiant|boost\n|-boost|p2b: Annihilape|atk|2\n|turn|5\n|\n|t:|1682766467\n|move|p2a: Amoonguss|Protect|p2a: Amoonguss\n|-singleturn|p2a: Amoonguss|Protect\n|move|p1b: Arcanine|Will-O-Wisp|p2b: Annihilape\n|-status|p2b: Annihilape|brn\n|move|p2b: Annihilape|Close Combat|p1b: Arcanine\n|-damage|p1b: Arcanine|52\/100\n|-unboost|p2b: Annihilape|def|1\n|-unboost|p2b: Annihilape|spd|1\n|cant|p1a: Ting-Lu|slp\n|\n|-heal|p2a: Amoonguss|97\/100|[from] item: Black Sludge\n|-damage|p2b: Annihilape|48\/100 brn|[from] brn\n|upkeep\n|turn|6\n|\n|t:|1682766489\n|move|p2a: Amoonguss|Rage Powder|p2a: Amoonguss\n|-singleturn|p2a: Amoonguss|move: Rage Powder\n|move|p1b: Arcanine|Flare Blitz|p2b: Annihilape\n|-damage|p2b: Annihilape|0 fnt\n|faint|p2b: Annihilape\n|-damage|p1b: Arcanine|36\/100|[from] Recoil\n|cant|p1a: Ting-Lu|slp\n|\n|-heal|p2a: Amoonguss|100\/100|[from] item: Black Sludge\n|upkeep\n|\n|t:|1682766500\n|switch|p2b: Scizor|Scizor, L50, F|100\/100\n|turn|7\n|\n|t:|1682766511\n|move|p1b: Arcanine|Protect|p1b: Arcanine\n|-singleturn|p1b: Arcanine|Protect\n|move|p2b: Scizor|Bullet Punch|p1b: Arcanine\n|-activate|p1b: Arcanine|move: Protect\n|-curestatus|p1a: Ting-Lu|slp|[msg]\n|move|p1a: Ting-Lu|Fissure|p2a: Amoonguss|[miss]\n|-miss|p1a: Ting-Lu|p2a: Amoonguss\n|move|p2a: Amoonguss|Pollen Puff|p1b: Arcanine\n|-activate|p1b: Arcanine|move: Protect\n|\n|upkeep\n|turn|8\n|\n|t:|1682766529\n|move|p2b: Scizor|Bullet Punch|p1b: Arcanine\n|-resisted|p1b: Arcanine\n|-damage|p1b: Arcanine|20\/100\n|move|p1b: Arcanine|Will-O-Wisp|p2b: Scizor\n|-status|p2b: Scizor|brn\n|move|p1a: Ting-Lu|Fissure|p2a: Amoonguss|[miss]\n|-miss|p1a: Ting-Lu|p2a: Amoonguss\n|move|p2a: Amoonguss|Spore|p1a: Ting-Lu\n|-status|p1a: Ting-Lu|slp|[from] move: Spore\n|\n|-damage|p2b: Scizor|95\/100 brn|[from] brn\n|upkeep\n|turn|9\n|\n|t:|1682766548\n|move|p1b: Arcanine|Protect|p1b: Arcanine\n|-singleturn|p1b: Arcanine|Protect\n|move|p2b: Scizor|Bullet Punch|p1b: Arcanine\n|-activate|p1b: Arcanine|move: Protect\n|cant|p1a: Ting-Lu|slp\n|move|p2a: Amoonguss|Pollen Puff|p1b: Arcanine\n|-activate|p1b: Arcanine|move: Protect\n|\n|-heal|p2b: Scizor|100\/100 brn|[from] item: Leftovers\n|-damage|p2b: Scizor|95\/100 brn|[from] brn\n|upkeep\n|turn|10\n|\n|t:|1682766565\n|move|p2b: Scizor|Bullet Punch|p1b: Arcanine\n|-resisted|p1b: Arcanine\n|-damage|p1b: Arcanine|11\/100\n|move|p1b: Arcanine|Flare Blitz|p2b: Scizor\n|-supereffective|p2b: Scizor\n|-damage|p2b: Scizor|0 fnt\n|faint|p2b: Scizor\n|-damage|p1b: Arcanine|0 fnt|[from] Recoil\n|faint|p1b: Arcanine\n|-curestatus|p1a: Ting-Lu|slp|[msg]\n|move|p1a: Ting-Lu|Fissure|p2a: Amoonguss|[miss]\n|-miss|p1a: Ting-Lu|p2a: Amoonguss\n|move|p2a: Amoonguss|Pollen Puff|p1a: Ting-Lu\n|-resisted|p1a: Ting-Lu\n|-damage|p1a: Ting-Lu|59\/100\n|\n|upkeep\n|turn|11\n|\n|t:|1682766585\n|move|p2a: Amoonguss|Protect|p2a: Amoonguss\n|-singleturn|p2a: Amoonguss|Protect\n|move|p1a: Ting-Lu|Fissure|p2a: Amoonguss\n|-activate|p2a: Amoonguss|move: Protect\n|\n|upkeep\n|turn|12\n|\n|t:|1682766594\n|move|p1a: Ting-Lu|Stomping Tantrum|p2a: Amoonguss\n|-damage|p2a: Amoonguss|72\/100\n|move|p2a: Amoonguss|Spore|p1a: Ting-Lu\n|-status|p1a: Ting-Lu|slp|[from] move: Spore\n|\n|-heal|p2a: Amoonguss|79\/100|[from] item: Black Sludge\n|upkeep\n|turn|13\n|\n|t:|1682766603\n|cant|p1a: Ting-Lu|slp\n|move|p2a: Amoonguss|Pollen Puff|p1a: Ting-Lu\n|-resisted|p1a: Ting-Lu\n|-damage|p1a: Ting-Lu|56\/100 slp\n|\n|-heal|p2a: Amoonguss|85\/100|[from] item: Black Sludge\n|upkeep\n|turn|14\n|\n|t:|1682766614\n|-curestatus|p1a: Ting-Lu|slp|[msg]\n|move|p1a: Ting-Lu|Ruination|p2a: Amoonguss\n|-damage|p2a: Amoonguss|43\/100\n|move|p2a: Amoonguss|Pollen Puff|p1a: Ting-Lu\n|-resisted|p1a: Ting-Lu\n|-damage|p1a: Ting-Lu|53\/100\n|\n|-heal|p2a: Amoonguss|49\/100|[from] item: Black Sludge\n|upkeep\n|turn|15\n|\n|t:|1682766626\n|move|p2a: Amoonguss|Protect|p2a: Amoonguss\n|-singleturn|p2a: Amoonguss|Protect\n|move|p1a: Ting-Lu|Ruination|p2a: Amoonguss\n|-activate|p2a: Amoonguss|move: Protect\n|\n|-heal|p2a: Amoonguss|55\/100|[from] item: Black Sludge\n|upkeep\n|turn|16\n|\n|t:|1682766635\n|move|p1a: Ting-Lu|Fissure|p2a: Amoonguss|[miss]\n|-miss|p1a: Ting-Lu|p2a: Amoonguss\n|move|p2a: Amoonguss|Spore|p1a: Ting-Lu\n|-status|p1a: Ting-Lu|slp|[from] move: Spore\n|\n|-heal|p2a: Amoonguss|61\/100|[from] item: Black Sludge\n|upkeep\n|turn|17\n|\n|t:|1682766644\n|cant|p1a: Ting-Lu|slp\n|move|p2a: Amoonguss|Pollen Puff|p1a: Ting-Lu\n|-resisted|p1a: Ting-Lu\n|-damage|p1a: Ting-Lu|50\/100 slp\n|\n|-heal|p2a: Amoonguss|67\/100|[from] item: Black Sludge\n|upkeep\n|turn|18\n|\n|t:|1682766655\n|-curestatus|p1a: Ting-Lu|slp|[msg]\n|move|p1a: Ting-Lu|Ruination|p2a: Amoonguss\n|-damage|p2a: Amoonguss|34\/100\n|move|p2a: Amoonguss|Pollen Puff|p1a: Ting-Lu\n|-resisted|p1a: Ting-Lu\n|-crit|p1a: Ting-Lu\n|-damage|p1a: Ting-Lu|46\/100\n|\n|-heal|p2a: Amoonguss|40\/100|[from] item: Black Sludge\n|upkeep\n|turn|19\n|\n|t:|1682766675\n|move|p2a: Amoonguss|Protect|p2a: Amoonguss\n|-singleturn|p2a: Amoonguss|Protect\n|move|p1a: Ting-Lu|Stomping Tantrum|p2a: Amoonguss\n|-activate|p2a: Amoonguss|move: Protect\n|\n|-heal|p2a: Amoonguss|46\/100|[from] item: Black Sludge\n|upkeep\n|turn|20\n|\n|t:|1682766683\n|move|p1a: Ting-Lu|Fissure|p2a: Amoonguss\n|-damage|p2a: Amoonguss|0 fnt\n|faint|p2a: Amoonguss\n|-ohko\n|\n|win|VaultGames\n|raw|VaultGames's rating: 1167 → 1189<\/strong> (+22 for winning)\n|raw|Marcosgh's rating: 1124 → 1102<\/strong> (-22 for losing)\n|l|\u2606Marcosgh\n","uploadtime":1682766692,"views":18,"p1id":"vaultgames","p2id":"marcosgh","formatid":"gen9vgc2023regulationc","rating":1102,"private":0,"password":""}