{"id":"gen9vgc2023regulationc-1849344819","p1":"Le Dab","p2":"FurretSucksVGC","format":"[Gen 9] VGC 2023 Regulation C","log":"|j|\u2606Le Dab\n|j|\u2606FurretSucksVGC\n|t:|1682188172\n|gametype|doubles\n|player|p1|Le Dab|hilbert-wonderlauncher|1343\n|player|p2|FurretSucksVGC|hilbert|1499\n|teamsize|p1|6\n|teamsize|p2|6\n|gen|9\n|tier|[Gen 9] VGC 2023 Regulation C\n|rated|\n|rule|Species Clause: Limit one of each Pok\u00e9mon\n|rule|Item Clause: Limit one of each item\n|clearpoke\n|poke|p1|Gallade, L50, M|\n|poke|p1|Indeedee-F, L50, F|\n|poke|p1|Tatsugiri, L50, M|\n|poke|p1|Dondozo, L50, M|\n|poke|p1|Meowscarada, L50, F|\n|poke|p1|Iron Moth, L50|\n|poke|p2|Skeledirge, L50, M|\n|poke|p2|Kingambit, L50, F|\n|poke|p2|Maushold, L50|\n|poke|p2|Wo-Chien, L50|\n|poke|p2|Florges, L50, F|\n|poke|p2|Lucario, L50, F|\n|teampreview|4\n|inactive|Battle timer is ON: inactive players will automatically lose when time's up. (requested by Le Dab)\nFurretSucksVGC has agreed to open team sheets.\nLe Dab has agreed to open team sheets.\n|inactive|FurretSucksVGC has 60 seconds left.\n|inactive|FurretSucksVGC has 30 seconds left.\n|\n|t:|1682188234\n|start\n|switch|p1a: Indeedee|Indeedee-F, L50, F|100\/100\n|switch|p1b: Gallade|Gallade, L50, M|100\/100\n|switch|p2a: Wo-Chien|Wo-Chien, L50|100\/100\n|switch|p2b: Florges|Florges, L50, F|100\/100\n|-fieldstart|move: Psychic Terrain|[from] ability: Psychic Surge|[of] p1a: Indeedee\n|-ability|p2a: Wo-Chien|Tablets of Ruin\n|turn|1\n|j| Braindeadmeta\n|inactive|FurretSucksVGC has 30 seconds left.\n|\n|t:|1682188269\n|move|p2a: Wo-Chien|Protect|p2a: Wo-Chien\n|-singleturn|p2a: Wo-Chien|Protect\n|move|p1a: Indeedee|Psychic|p2b: Florges\n|-damage|p2b: Florges|79\/100\n|move|p1b: Gallade|Psycho Cut|p2b: Florges\n|-damage|p2b: Florges|26\/100\n|move|p2b: Florges|Moonblast|p1b: Gallade\n|-supereffective|p1b: Gallade\n|-damage|p1b: Gallade|27\/100\n|-enditem|p1b: Gallade|Sitrus Berry|[eat]\n|-heal|p1b: Gallade|52\/100|[from] item: Sitrus Berry\n|\n|-heal|p2b: Florges|32\/100|[from] item: Leftovers\n|upkeep\n|turn|2\n|inactive|FurretSucksVGC has 30 seconds left.\n|inactive|FurretSucksVGC has 20 seconds left.\n|\n|t:|1682188308\n|switch|p1a: Iron Moth|Iron Moth, L50|100\/100\n|move|p2b: Florges|Protect|p2b: Florges\n|-singleturn|p2b: Florges|Protect\n|move|p1b: Gallade|Psycho Cut|p2b: Florges\n|-activate|p2b: Florges|move: Protect\n|move|p2a: Wo-Chien|Leech Seed|p1b: Gallade|[miss]\n|-miss|p2a: Wo-Chien|p1b: Gallade\n|\n|-heal|p2b: Florges|38\/100|[from] item: Leftovers\n|upkeep\n|turn|3\n|inactive|Le Dab has 30 seconds left.\n|inactive|FurretSucksVGC has 30 seconds left.\n|inactive|FurretSucksVGC has 20 seconds left.\n|inactive|FurretSucksVGC has 15 seconds left.\n|\n|t:|1682188352\n|switch|p2b: Kingambit|Kingambit, L50, F|100\/100\n|move|p1a: Iron Moth|Fiery Dance|p2a: Wo-Chien\n|-supereffective|p2a: Wo-Chien\n|-damage|p2a: Wo-Chien|62\/100\n|-boost|p1a: Iron Moth|spa|1\n|move|p1b: Gallade|Psycho Cut|p2b: Kingambit\n|-immune|p2b: Kingambit\n|move|p2a: Wo-Chien|Leech Seed|p1b: Gallade|[miss]\n|-miss|p2a: Wo-Chien|p1b: Gallade\n|\n|upkeep\n|turn|4\n|inactive|FurretSucksVGC has 30 seconds left.\n|inactive|FurretSucksVGC has 20 seconds left.\n|\n|t:|1682188388\n|switch|p2b: Florges|Florges, L50, F|38\/100\n|move|p1a: Iron Moth|Fiery Dance|p2a: Wo-Chien\n|-supereffective|p2a: Wo-Chien\n|-damage|p2a: Wo-Chien|0 fnt\n|-boost|p1a: Iron Moth|spa|1\n|faint|p2a: Wo-Chien\n|move|p1b: Gallade|Sacred Sword|p2b: Florges\n|-resisted|p2b: Florges\n|-damage|p2b: Florges|2\/100\n|\n|-heal|p2b: Florges|8\/100|[from] item: Leftovers\n|upkeep\n|\n|t:|1682188403\n|switch|p2a: Maushold|Maushold, L50|100\/100\n|turn|5\n|inactive|FurretSucksVGC has 30 seconds left.\n|inactive|FurretSucksVGC has 20 seconds left.\n|\n|t:|1682188442\n|move|p1a: Iron Moth|Protect|p1a: Iron Moth\n|-singleturn|p1a: Iron Moth|Protect\n|move|p2a: Maushold|Population Bomb|p1b: Gallade\n|-damage|p1b: Gallade|43\/100\n|-damage|p1b: Gallade|35\/100\n|-damage|p1b: Gallade|28\/100\n|-damage|p1b: Gallade|19\/100\n|-damage|p1b: Gallade|11\/100\n|-damage|p1b: Gallade|2\/100\n|-damage|p1b: Gallade|0 fnt\n|faint|p1b: Gallade\n|-hitcount|p1: Gallade|7\n|move|p2b: Florges|Moonblast|p1a: Iron Moth\n|-activate|p1a: Iron Moth|move: Protect\n|\n|-heal|p2b: Florges|14\/100|[from] item: Leftovers\n|-fieldend|move: Psychic Terrain\n|upkeep\n|\n|t:|1682188448\n|switch|p1b: Indeedee|Indeedee-F, L50, F|100\/100\n|-fieldstart|move: Psychic Terrain|[from] ability: Psychic Surge|[of] p1b: Indeedee\n|turn|6\n|inactive|FurretSucksVGC has 30 seconds left.\n|\n|t:|1682188479\n|move|p2a: Maushold|Protect|p2a: Maushold\n|-singleturn|p2a: Maushold|Protect\n|move|p1b: Indeedee|Follow Me|p1b: Indeedee\n|-singleturn|p1b: Indeedee|move: Follow Me\n|move|p1a: Iron Moth|Fiery Dance|p2a: Maushold\n|-activate|p2a: Maushold|move: Protect\n|move|p2b: Florges|Misty Terrain|p2b: Florges\n|-fieldstart|move: Misty Terrain\n|\n|-heal|p2b: Florges|20\/100|[from] item: Leftovers\n|upkeep\n|turn|7\n|\n|t:|1682188503\n|move|p1b: Indeedee|Follow Me|p1b: Indeedee\n|-singleturn|p1b: Indeedee|move: Follow Me\n|move|p2a: Maushold|Population Bomb|p1b: Indeedee\n|-damage|p1b: Indeedee|94\/100\n|-damage|p1b: Indeedee|86\/100\n|-damage|p1b: Indeedee|80\/100\n|-damage|p1b: Indeedee|73\/100\n|-damage|p1b: Indeedee|67\/100\n|-damage|p1b: Indeedee|60\/100\n|-damage|p1b: Indeedee|55\/100\n|-damage|p1b: Indeedee|48\/100\n|-damage|p1b: Indeedee|41\/100\n|-damage|p1b: Indeedee|34\/100\n|-hitcount|p1b: Indeedee|10\n|move|p1a: Iron Moth|Fiery Dance|p2a: Maushold\n|-damage|p2a: Maushold|8\/100\n|-boost|p1a: Iron Moth|spa|1\n|move|p2b: Florges|Moonblast|p1b: Indeedee\n|-damage|p1b: Indeedee|0 fnt\n|faint|p1b: Indeedee\n|\n|-heal|p2b: Florges|26\/100|[from] item: Leftovers\n|upkeep\n|\n|t:|1682188507\n|switch|p1b: Tatsugiri|Tatsugiri, L50, M|100\/100\n|turn|8\n|inactive|FurretSucksVGC has 30 seconds left.\n|inactive|FurretSucksVGC has 20 seconds left.\n|\n|t:|1682188545\n|move|p2a: Maushold|Protect|p2a: Maushold\n|-singleturn|p2a: Maushold|Protect\n|move|p1a: Iron Moth|Protect|p1a: Iron Moth\n|-singleturn|p1a: Iron Moth|Protect\n|move|p2b: Florges|Protect|p2b: Florges\n|-singleturn|p2b: Florges|Protect\n|move|p1b: Tatsugiri|Muddy Water|p2b: Florges|[spread] \n|-activate|p2a: Maushold|move: Protect\n|-activate|p2b: Florges|move: Protect\n|\n|-heal|p2b: Florges|32\/100|[from] item: Leftovers\n|upkeep\n|turn|9\n|c|\u2606Le Dab|gg\n|inactive|FurretSucksVGC has 30 seconds left.\n|\n|t:|1682188577\n|-terastallize|p2b: Florges|Water\n|move|p2a: Maushold|Population Bomb|p1a: Iron Moth\n|-damage|p1a: Iron Moth|94\/100\n|-damage|p1a: Iron Moth|87\/100\n|-damage|p1a: Iron Moth|80\/100\n|-damage|p1a: Iron Moth|73\/100\n|-damage|p1a: Iron Moth|66\/100\n|-damage|p1a: Iron Moth|59\/100\n|-crit|p1a: Iron Moth\n|-damage|p1a: Iron Moth|47\/100\n|-damage|p1a: Iron Moth|40\/100\n|-damage|p1a: Iron Moth|33\/100\n|-damage|p1a: Iron Moth|26\/100\n|-hitcount|p1a: Iron Moth|10\n|move|p1a: Iron Moth|Fiery Dance|p2a: Maushold\n|-damage|p2a: Maushold|0 fnt\n|faint|p2a: Maushold\n|move|p1b: Tatsugiri|Muddy Water|p2b: Florges|[miss]\n|-miss|p1b: Tatsugiri|p2b: Florges\n|move|p2b: Florges|Moonblast|p1b: Tatsugiri\n|-supereffective|p1b: Tatsugiri\n|-damage|p1b: Tatsugiri|0 fnt\n|faint|p1b: Tatsugiri\n|\n|-heal|p2b: Florges|38\/100|[from] item: Leftovers\n|upkeep\n|\n|t:|1682188602\n|switch|p2a: Kingambit|Kingambit, L50, F|100\/100\n|turn|10\n|\n|t:|1682188612\n|move|p2a: Kingambit|Sucker Punch|p1a: Iron Moth\n|-damage|p1a: Iron Moth|0 fnt\n|faint|p1a: Iron Moth\n|-end|p1a: Iron Moth|Quark Drive|[silent]\n|\n|win|FurretSucksVGC\n|raw|Le Dab's rating: 1343 → 1331<\/strong> (-12 for losing)\n|raw|FurretSucksVGC's rating: 1499 → 1511<\/strong> (+12 for winning)\n|l|\u2606Le Dab\n|l| Braindeadmeta\n","uploadtime":1682188624,"views":8,"p1id":"ledab","p2id":"furretsucksvgc","formatid":"gen9vgc2023regulationc","rating":1331,"private":0,"password":""}