{"id":"gen9vgc2023regulationc-1847872661","p1":"Dr.Dedded","p2":"arielism0010","format":"[Gen 9] VGC 2023 Regulation C","log":"|j|\u2606Dr.Dedded\n|j|\u2606arielism0010\n|t:|1682008906\n|gametype|doubles\n|player|p1|Dr.Dedded|drayden|1144\n|player|p2|arielism0010|swimmerf|1046\n|teamsize|p1|6\n|teamsize|p2|6\n|gen|9\n|tier|[Gen 9] VGC 2023 Regulation C\n|rated|\n|rule|Species Clause: Limit one of each Pok\u00e9mon\n|rule|Item Clause: Limit one of each item\n|clearpoke\n|poke|p1|Tyranitar, L50, F|\n|poke|p1|Cacturne, L50, M|\n|poke|p1|Hippowdon, L50, F|\n|poke|p1|Sandaconda, L50, M|\n|poke|p1|Houndstone, L50, M|\n|poke|p1|Iron Thorns, L50|\n|poke|p2|Corviknight, L50, F|\n|poke|p2|Slowking, L50, F|\n|poke|p2|Dragapult, L50, M|\n|poke|p2|Gastrodon, L50, F|\n|poke|p2|Great Tusk, L50|\n|poke|p2|Ting-Lu, L50|\n|teampreview|4\n|\n|t:|1682008943\n|start\n|switch|p1a: Tyranitar|Tyranitar, L50, F|100\/100\n|switch|p1b: Cacturne|Cacturne, L50, M, shiny|100\/100\n|switch|p2a: Slowking|Slowking, L50, F|100\/100\n|switch|p2b: Gastrodon|Gastrodon, L50, F|100\/100\n|-weather|Sandstorm|[from] ability: Sand Stream|[of] p1a: Tyranitar\n|turn|1\n|\n|t:|1682008968\n|-terastallize|p2a: Slowking|Water\n|move|p2b: Gastrodon|Protect|p2b: Gastrodon\n|-singleturn|p2b: Gastrodon|Protect\n|move|p1a: Tyranitar|Rock Slide|p2b: Gastrodon|[spread] p2a\n|-activate|p2b: Gastrodon|move: Protect\n|-damage|p2a: Slowking|66\/100\n|move|p1b: Cacturne|Toxic Spikes|p2a: Slowking\n|-sidestart|p2: arielism0010|move: Toxic Spikes\n|move|p2a: Slowking|Surf|p1a: Tyranitar|[spread] p1a,p1b\n|-activate|p2b: Gastrodon|move: Protect\n|-supereffective|p1a: Tyranitar\n|-resisted|p1b: Cacturne\n|-crit|p1b: Cacturne\n|-damage|p1a: Tyranitar|77\/100\n|-damage|p1b: Cacturne|73\/100\n|\n|-weather|Sandstorm|[upkeep]\n|-damage|p2a: Slowking|60\/100|[from] Sandstorm\n|upkeep\n|turn|2\n|\n|t:|1682008996\n|move|p1a: Tyranitar|Rock Slide|p2a: Slowking|[spread] p2a,p2b\n|-resisted|p2b: Gastrodon\n|-damage|p2a: Slowking|24\/100\n|-damage|p2b: Gastrodon|84\/100\n|move|p1b: Cacturne|Leech Seed|p2a: Slowking\n|-start|p2a: Slowking|move: Leech Seed\n|move|p2a: Slowking|Slack Off|p2a: Slowking\n|-heal|p2a: Slowking|74\/100\n|cant|p2b: Gastrodon|flinch\n|\n|-weather|Sandstorm|[upkeep]\n|-damage|p2a: Slowking|68\/100|[from] Sandstorm\n|-damage|p2a: Slowking|56\/100|[from] Leech Seed|[of] p1b: Cacturne\n|-heal|p1b: Cacturne|87\/100|[silent]\n|upkeep\n|turn|3\n|\n|t:|1682009014\n|move|p2b: Gastrodon|Protect|p2b: Gastrodon\n|-singleturn|p2b: Gastrodon|Protect\n|move|p1b: Cacturne|Toxic Spikes|p2a: Slowking\n|-sidestart|p2: arielism0010|move: Toxic Spikes\n|move|p1a: Tyranitar|Rock Slide|p2b: Gastrodon|[spread] p2a\n|-activate|p2b: Gastrodon|move: Protect\n|-damage|p2a: Slowking|24\/100\n|move|p2a: Slowking|Chilly Reception|p2a: Slowking\n|-weather|Snow\n|\n|t:|1682009029\n|switch|p2a: Great Tusk|Great Tusk, L50|100\/100|[from] Chilly Reception\n|-status|p2a: Great Tusk|tox\n|\n|-weather|Snow|[upkeep]\n|-damage|p2a: Great Tusk|95\/100 tox|[from] psn\n|upkeep\n|turn|4\n|\n|t:|1682009057\n|switch|p1a: Iron Thorns|Iron Thorns, L50|100\/100\n|-enditem|p1a: Iron Thorns|Booster Energy\n|-activate|p1a: Iron Thorns|ability: Quark Drive|[fromitem]\n|-start|p1a: Iron Thorns|quarkdriveatk\n|move|p1b: Cacturne|Spiky Shield|p1b: Cacturne\n|-singleturn|p1b: Cacturne|move: Protect\n|move|p2a: Great Tusk|Headlong Rush|p1a: Iron Thorns\n|-supereffective|p1a: Iron Thorns\n|-damage|p1a: Iron Thorns|0 fnt\n|-unboost|p2a: Great Tusk|def|1\n|-unboost|p2a: Great Tusk|spd|1\n|faint|p1a: Iron Thorns\n|-end|p1a: Iron Thorns|Quark Drive|[silent]\n|-damage|p2a: Great Tusk|85\/100 tox|[from] item: Life Orb\n|move|p2b: Gastrodon|Earth Power|p1b: Cacturne\n|-activate|p1b: Cacturne|move: Protect\n|\n|-weather|Snow|[upkeep]\n|-damage|p2a: Great Tusk|73\/100 tox|[from] psn\n|upkeep\n|\n|t:|1682009074\n|switch|p1a: Tyranitar|Tyranitar, L50, F|77\/100\n|-weather|Sandstorm|[from] ability: Sand Stream|[of] p1a: Tyranitar\n|turn|5\n|\n|t:|1682009089\n|-terastallize|p1a: Tyranitar|Flying\n|move|p2b: Gastrodon|Protect|p2b: Gastrodon\n|-singleturn|p2b: Gastrodon|Protect\n|move|p2a: Great Tusk|Headlong Rush|p1b: Cacturne|[miss]\n|-miss|p2a: Great Tusk|p1b: Cacturne\n|move|p1a: Tyranitar|Tera Blast|p2a: Great Tusk\n|-supereffective|p2a: Great Tusk\n|-damage|p2a: Great Tusk|0 fnt\n|faint|p2a: Great Tusk\n|-end|p2a: Great Tusk|Protosynthesis|[silent]\n|move|p1b: Cacturne|Leech Seed|p2b: Gastrodon\n|-activate|p2b: Gastrodon|move: Protect\n|\n|-weather|Sandstorm|[upkeep]\n|-damage|p1a: Tyranitar|71\/100|[from] Sandstorm\n|upkeep\n|\n|t:|1682009105\n|switch|p2a: Slowking|Slowking, L50, F, tera:Water|57\/100\n|turn|6\n|\n|t:|1682009121\n|move|p1a: Tyranitar|Tera Blast|p2a: Slowking\n|-damage|p2a: Slowking|4\/100\n|move|p1b: Cacturne|Leech Seed|p2b: Gastrodon\n|-start|p2b: Gastrodon|move: Leech Seed\n|move|p2a: Slowking|Future Sight|p1a: Tyranitar\n|-start|p2a: Slowking|move: Future Sight\n|move|p2b: Gastrodon|Earth Power|p1a: Tyranitar\n|-immune|p1a: Tyranitar\n|\n|-weather|Sandstorm|[upkeep]\n|-damage|p1a: Tyranitar|65\/100|[from] Sandstorm\n|-damage|p2a: Slowking|0 fnt|[from] Sandstorm\n|faint|p2a: Slowking\n|-damage|p2b: Gastrodon|72\/100|[from] Leech Seed|[of] p1b: Cacturne\n|-heal|p1b: Cacturne|100\/100|[silent]\n|upkeep\n|\n|t:|1682009132\n|switch|p2a: Ting-Lu|Ting-Lu, L50|100\/100\n|-status|p2a: Ting-Lu|tox\n|-ability|p2a: Ting-Lu|Vessel of Ruin\n|turn|7\n|\n|t:|1682009158\n|move|p2b: Gastrodon|Protect|p2b: Gastrodon\n|-singleturn|p2b: Gastrodon|Protect\n|move|p2a: Ting-Lu|Ruination|p1a: Tyranitar\n|-damage|p1a: Tyranitar|33\/100\n|move|p1b: Cacturne|Leech Seed|p2a: Ting-Lu\n|-start|p2a: Ting-Lu|move: Leech Seed\n|move|p1a: Tyranitar|Low Kick|p2a: Ting-Lu\n|-supereffective|p2a: Ting-Lu\n|-damage|p2a: Ting-Lu|49\/100 tox\n|\n|-weather|Sandstorm|[upkeep]\n|-damage|p1a: Tyranitar|27\/100|[from] Sandstorm\n|-heal|p2a: Ting-Lu|55\/100 tox|[from] item: Leftovers\n|-damage|p2a: Ting-Lu|43\/100 tox|[from] Leech Seed|[of] p1b: Cacturne\n|-damage|p2b: Gastrodon|60\/100|[from] Leech Seed|[of] p1b: Cacturne\n|-damage|p2a: Ting-Lu|37\/100 tox|[from] psn\n|upkeep\n|turn|8\n|\n|t:|1682009188\n|move|p2a: Ting-Lu|Ruination|p1b: Cacturne\n|-damage|p1b: Cacturne|51\/100\n|move|p1b: Cacturne|Ingrain|p1b: Cacturne\n|-start|p1b: Cacturne|move: Ingrain\n|move|p1a: Tyranitar|Low Kick|p2a: Ting-Lu\n|-supereffective|p2a: Ting-Lu\n|-damage|p2a: Ting-Lu|0 fnt\n|faint|p2a: Ting-Lu\n|move|p2b: Gastrodon|Waterfall|p1a: Tyranitar\n|-damage|p1a: Tyranitar|9\/100\n|\n|-weather|Sandstorm|[upkeep]\n|-damage|p1a: Tyranitar|3\/100|[from] Sandstorm\n|-end|p1a: Tyranitar|move: Future Sight\n|-damage|p1a: Tyranitar|0 fnt\n|faint|p1a: Tyranitar\n|-heal|p1b: Cacturne|57\/100|[from] Ingrain\n|-damage|p2b: Gastrodon|47\/100|[from] Leech Seed|[of] p1b: Cacturne\n|-heal|p1b: Cacturne|72\/100|[silent]\n|upkeep\n|\n|t:|1682009206\n|switch|p1a: Houndstone|Houndstone, L50, M|100\/100\n|turn|9\n|\n|t:|1682009216\n|move|p1b: Cacturne|Spiky Shield|p1b: Cacturne\n|-singleturn|p1b: Cacturne|move: Protect\n|move|p1a: Houndstone|Last Respects|p2b: Gastrodon\n|-damage|p2b: Gastrodon|0 fnt\n|faint|p2b: Gastrodon\n|\n|win|Dr.Dedded\n|raw|Dr.Dedded's rating: 1144 → 1162<\/strong> (+18 for winning)\n|raw|arielism0010's rating: 1046 → 1034<\/strong> (-12 for losing)\n|l|\u2606arielism0010\n","uploadtime":1682009226,"views":7,"p1id":"drdedded","p2id":"arielism0010","formatid":"gen9vgc2023regulationc","rating":1034,"private":0,"password":""}