{"id":"gen9vgc2023regulationc-1860971489","p1":"murdina","p2":"Mike2811","format":"[Gen 9] VGC 2023 Regulation C","log":"|j|\u2606murdina\n|j|\u2606Mike2811\n|t:|1683705768\n|gametype|doubles\n|player|p1|murdina|170|1143\n|player|p2|Mike2811|102|1176\n|teamsize|p1|6\n|teamsize|p2|6\n|gen|9\n|tier|[Gen 9] VGC 2023 Regulation C\n|rated|\n|rule|Species Clause: Limit one of each Pok\u00e9mon\n|rule|Item Clause: Limit one of each item\n|clearpoke\n|poke|p1|Iron Thorns, L50|\n|poke|p1|Maushold, L50|\n|poke|p1|Tyranitar, L50, M|\n|poke|p1|Chien-Pao, L50|\n|poke|p1|Houndstone, L50, F|\n|poke|p1|Annihilape, L50, M|\n|poke|p2|Ting-Lu, L50|\n|poke|p2|Skeledirge, L50, M|\n|poke|p2|Glimmora, L50, M|\n|poke|p2|Gyarados, L50, M|\n|poke|p2|Scizor, L50, M|\n|poke|p2|Meowscarada, L50, M|\n|teampreview|4\n|inactive|Battle timer is ON: inactive players will automatically lose when time's up. (requested by Mike2811)\n|inactive|murdina has 60 seconds left.\n|\n|t:|1683705822\n|start\n|switch|p1a: T1|Tyranitar, L50, M|100\/100\n|switch|p1b: T2|Iron Thorns, L50|100\/100\n|switch|p2a: Skeledirge|Skeledirge, L50, M|100\/100\n|switch|p2b: Meowscarada|Meowscarada, L50, M|100\/100\n|-weather|Sandstorm|[from] ability: Sand Stream|[of] p1a: T1\n|turn|1\n|\n|t:|1683705845\n|-terastallize|p1b: T2|Flying\n|-terastallize|p2a: Skeledirge|Grass\n|move|p2b: Meowscarada|Grass Pledge|p1b: T2\n|-waiting|p2b: Meowscarada|p2a: Skeledirge\n|move|p2a: Skeledirge|Fire Pledge|p1b: T2|[from]move: Grass Pledge\n|-combine\n|-damage|p1b: T2|40\/100\n|-sidestart|p1: murdina|Fire Pledge\n|move|p1a: T1|Dark Pulse|p2a: Skeledirge\n|-damage|p2a: Skeledirge|66\/100\n|move|p1b: T2|Dragon Dance|p1b: T2\n|-boost|p1b: T2|atk|1\n|-boost|p1b: T2|spe|1\n|\n|-weather|Sandstorm|[upkeep]\n|-damage|p1b: T2|35\/100|[from] Sandstorm\n|-damage|p2b: Meowscarada|95\/100|[from] Sandstorm\n|-damage|p2a: Skeledirge|60\/100|[from] Sandstorm\n|-damage|p1b: T2|22\/100|[from] Fire Pledge\n|-damage|p1a: T1|88\/100|[from] Fire Pledge\n|-heal|p2a: Skeledirge|66\/100|[from] item: Leftovers\n|upkeep\n|turn|2\n|inactive|murdina has 30 seconds left.\n|inactive|Mike2811 has 30 seconds left.\n|\n|t:|1683705880\n|switch|p2b: Glimmora|Glimmora, L50, M|100\/100\n|move|p2a: Skeledirge|Protect|p2a: Skeledirge\n|-singleturn|p2a: Skeledirge|Protect\n|move|p1b: T2|Tera Blast|p2b: Glimmora\n|-resisted|p2b: Glimmora\n|-damage|p2b: Glimmora|67\/100\n|-activate|p2b: Glimmora|ability: Toxic Debris\n|-sidestart|p1: murdina|move: Toxic Spikes\n|move|p1a: T1|Dark Pulse|p2a: Skeledirge\n|-activate|p2a: Skeledirge|move: Protect\n|\n|-weather|Sandstorm|[upkeep]\n|-damage|p1b: T2|17\/100|[from] Sandstorm\n|-damage|p2a: Skeledirge|60\/100|[from] Sandstorm\n|-damage|p1b: T2|5\/100|[from] Fire Pledge\n|-damage|p1a: T1|76\/100|[from] Fire Pledge\n|-heal|p2a: Skeledirge|66\/100|[from] item: Leftovers\n|upkeep\n|turn|3\n|inactive|Mike2811 has 30 seconds left.\n|\n|t:|1683705906\n|switch|p2a: Ting-Lu|Ting-Lu, L50|100\/100\n|-ability|p2a: Ting-Lu|Vessel of Ruin\n|move|p1b: T2|Tera Blast|p2a: Ting-Lu\n|-damage|p2a: Ting-Lu|73\/100\n|move|p1a: T1|Dark Pulse|p2b: Glimmora\n|-damage|p2b: Glimmora|52\/100\n|move|p2b: Glimmora|Mortal Spin|p1b: T2|[spread] p1a,p1b\n|-resisted|p1a: T1\n|-damage|p1a: T1|74\/100\n|-damage|p1b: T2|1\/100\n|-status|p1a: T1|psn\n|-status|p1b: T2|psn\n|\n|-weather|Sandstorm|[upkeep]\n|-damage|p1b: T2|0 fnt|[from] Sandstorm\n|faint|p1b: T2\n|-end|p1b: T2|Quark Drive|[silent]\n|-damage|p1a: T1|62\/100 psn|[from] Fire Pledge\n|-damage|p1a: T1|50\/100 psn|[from] psn\n|upkeep\n|inactive|murdina has 30 seconds left.\n|inactive|murdina has 20 seconds left.\n|inactive|murdina has 15 seconds left.\n|\n|t:|1683705949\n|switch|p1b: Annihilape|Annihilape, L50, M|100\/100\n|-status|p1b: Annihilape|psn\n|turn|4\n|\n|t:|1683705972\n|move|p1a: T1|Dark Pulse|p2b: Glimmora\n|-crit|p2b: Glimmora\n|-damage|p2b: Glimmora|27\/100\n|move|p2b: Glimmora|Flash Cannon|p1a: T1\n|-supereffective|p1a: T1\n|-damage|p1a: T1|20\/100 psn\n|-unboost|p1a: T1|spd|1\n|move|p1b: Annihilape|Bulk Up|p1b: Annihilape\n|-boost|p1b: Annihilape|atk|1\n|-boost|p1b: Annihilape|def|1\n|move|p2a: Ting-Lu|Sand Tomb|p1b: Annihilape\n|-damage|p1b: Annihilape|92\/100 psn\n|-activate|p1b: Annihilape|move: Sand Tomb|[of] p2a: Ting-Lu\n|\n|-weather|Sandstorm|[upkeep]\n|-damage|p1b: Annihilape|86\/100 psn|[from] Sandstorm\n|-damage|p1a: T1|8\/100 psn|[from] Fire Pledge\n|-damage|p1b: Annihilape|73\/100 psn|[from] Fire Pledge\n|-damage|p1a: T1|0 fnt|[from] psn\n|faint|p1a: T1\n|-damage|p1b: Annihilape|61\/100 psn|[from] psn\n|-damage|p1b: Annihilape|44\/100 psn|[from] move: Sand Tomb|[partiallytrapped]\n|-sideend|p1: murdina|Fire Pledge\n|upkeep\n|-enditem|p1b: Annihilape|Sitrus Berry|[eat]\n|-heal|p1b: Annihilape|69\/100 psn|[from] item: Sitrus Berry\n|\n|t:|1683705975\n|switch|p1a: Houndstone|Houndstone, L50, F|100\/100\n|-status|p1a: Houndstone|psn\n|turn|5\n|inactive|Mike2811 has 30 seconds left.\n|\n|t:|1683706009\n|move|p1a: Houndstone|Last Respects|p2b: Glimmora\n|-damage|p2b: Glimmora|0 fnt\n|-activate|p2b: Glimmora|ability: Toxic Debris\n|-sidestart|p1: murdina|move: Toxic Spikes\n|faint|p2b: Glimmora\n|move|p1b: Annihilape|Drain Punch|p2a: Ting-Lu\n|-supereffective|p2a: Ting-Lu\n|-damage|p2a: Ting-Lu|20\/100\n|-heal|p1b: Annihilape|100\/100 psn|[from] drain|[of] p2a: Ting-Lu\n|move|p2a: Ting-Lu|Ruination|p1b: Annihilape\n|-damage|p1b: Annihilape|50\/100 psn\n|\n|-weather|none\n|-damage|p1a: Houndstone|88\/100 psn|[from] psn\n|-damage|p1b: Annihilape|38\/100 psn|[from] psn\n|-damage|p1b: Annihilape|21\/100 psn|[from] move: Sand Tomb|[partiallytrapped]\n|upkeep\n|\n|t:|1683706028\n|switch|p2b: Meowscarada|Meowscarada, L50, M|95\/100\n|turn|6\n|\n|t:|1683706036\n|move|p2a: Ting-Lu|Protect|p2a: Ting-Lu\n|-singleturn|p2a: Ting-Lu|Protect\n|move|p2b: Meowscarada|Knock Off|p1a: Houndstone\n|-start|p2b: Meowscarada|typechange|Dark|[from] ability: Protean\n|-supereffective|p1a: Houndstone\n|-damage|p1a: Houndstone|0 fnt\n|-enditem|p1a: Houndstone|Mental Herb|[from] move: Knock Off|[of] p2b: Meowscarada\n|faint|p1a: Houndstone\n|move|p1b: Annihilape|Drain Punch|p2b: Meowscarada\n|-supereffective|p2b: Meowscarada\n|-damage|p2b: Meowscarada|0 fnt\n|-heal|p1b: Annihilape|54\/100 psn|[from] drain|[of] p2b: Meowscarada\n|faint|p2b: Meowscarada\n|\n|-damage|p1b: Annihilape|42\/100 psn|[from] psn\n|-damage|p1b: Annihilape|25\/100 psn|[from] move: Sand Tomb|[partiallytrapped]\n|upkeep\n|\n|t:|1683706050\n|switch|p2b: Skeledirge|Skeledirge, L50, M, tera:Grass|66\/100\n|turn|7\n|\n|t:|1683706062\n|move|p2b: Skeledirge|Protect|p2b: Skeledirge\n|-singleturn|p2b: Skeledirge|Protect\n|move|p1b: Annihilape|Rage Fist|p2b: Skeledirge\n|-activate|p2b: Skeledirge|move: Protect\n|move|p2a: Ting-Lu|Heavy Slam|p1b: Annihilape\n|-damage|p1b: Annihilape|5\/100 psn\n|\n|-heal|p2b: Skeledirge|72\/100|[from] item: Leftovers\n|-damage|p1b: Annihilape|0 fnt|[from] psn\n|faint|p1b: Annihilape\n|\n|win|Mike2811\n|upkeep\n|raw|murdina's rating: 1143 → 1120<\/strong> (-23 for losing)\n|raw|Mike2811's rating: 1176 → 1199<\/strong> (+23 for winning)\n|l|\u2606murdina\n","uploadtime":1683706074,"views":18,"p1id":"murdina","p2id":"mike2811","formatid":"gen9vgc2023regulationc","rating":1120,"private":0,"password":""}