{"id":"gen9vgc2023regulationc-1862035766","p1":"Pic1070","p2":"revocolombia","format":"[Gen 9] VGC 2023 Regulation C","log":"|j|\u2606Pic1070\n|j|\u2606revocolombia\n|t:|1683830798\n|gametype|doubles\n|player|p1|Pic1070|265|1274\n|player|p2|revocolombia|pokemonranger-gen4|1230\n|teamsize|p1|6\n|teamsize|p2|6\n|gen|9\n|tier|[Gen 9] VGC 2023 Regulation C\n|rated|\n|rule|Species Clause: Limit one of each Pok\u00e9mon\n|rule|Item Clause: Limit one of each item\n|clearpoke\n|poke|p1|Gholdengo, L50|\n|poke|p1|Murkrow, L50, M|\n|poke|p1|Arcanine, L50, F|\n|poke|p1|Rotom-Wash, L50|\n|poke|p1|Garchomp, L50, M|\n|poke|p1|Meowscarada, L50, F|\n|poke|p2|Flutter Mane, L50|\n|poke|p2|Great Tusk, L50|\n|poke|p2|Rotom-Wash, L50|\n|poke|p2|Chien-Pao, L50|\n|poke|p2|Murkrow, L50, M|\n|poke|p2|Kingambit, L50, M|\n|teampreview|4\n|inactive|Battle timer is ON: inactive players will automatically lose when time's up. (requested by Pic1070)\n|\n|t:|1683830822\n|start\n|switch|p1a: Murkrow|Murkrow, L50, M, shiny|100\/100\n|switch|p1b: Gholdengo|Gholdengo, L50|100\/100\n|switch|p2a: Great Tusk|Great Tusk, L50|100\/100\n|switch|p2b: Murkrow|Murkrow, L50, M|100\/100\n|turn|1\n|\n|t:|1683830842\n|switch|p1b: Meowscarada|Meowscarada, L50, F, shiny|100\/100\n|-terastallize|p2a: Great Tusk|Fire\n|move|p1a: Murkrow|Tailwind|p1a: Murkrow\n|-sidestart|p1: Pic1070|move: Tailwind\n|move|p2b: Murkrow|Tailwind|p2b: Murkrow\n|-sidestart|p2: revocolombia|move: Tailwind\n|move|p2a: Great Tusk|Earthquake|p1b: Meowscarada|[spread] p1b\n|-immune|p2b: Murkrow\n|-immune|p1a: Murkrow\n|-resisted|p1b: Meowscarada\n|-damage|p1b: Meowscarada|67\/100\n|\n|upkeep\n|turn|2\n|\n|t:|1683830859\n|move|p1b: Meowscarada|Protect|p1b: Meowscarada\n|-singleturn|p1b: Meowscarada|Protect\n|move|p2b: Murkrow|Sunny Day|p2b: Murkrow\n|-weather|SunnyDay\n|-activate|p2a: Great Tusk|ability: Protosynthesis\n|-start|p2a: Great Tusk|protosynthesisatk\n|move|p2a: Great Tusk|Rock Slide|p1b: Meowscarada|[spread] p1a\n|-activate|p1b: Meowscarada|move: Protect\n|-supereffective|p1a: Murkrow\n|-damage|p1a: Murkrow|29\/100\n|move|p1a: Murkrow|Foul Play|p2a: Great Tusk\n|-damage|p2a: Great Tusk|67\/100\n|\n|-weather|SunnyDay|[upkeep]\n|upkeep\n|turn|3\n|inactive|Pic1070 has 30 seconds left.\n|\n|t:|1683830884\n|switch|p2b: Chien-Pao|Chien-Pao, L50|100\/100\n|-ability|p2b: Chien-Pao|Sword of Ruin\n|move|p1b: Meowscarada|Knock Off|p2a: Great Tusk\n|-damage|p2a: Great Tusk|31\/100\n|-enditem|p2a: Great Tusk|Clear Amulet|[from] move: Knock Off|[of] p1b: Meowscarada\n|move|p2a: Great Tusk|Rock Slide|p1b: Meowscarada|[spread] p1a,p1b\n|-supereffective|p1a: Murkrow\n|-damage|p1a: Murkrow|0 fnt\n|-damage|p1b: Meowscarada|3\/100\n|faint|p1a: Murkrow\n|\n|-weather|SunnyDay|[upkeep]\n|upkeep\n|\n|t:|1683830895\n|switch|p1a: Arcanine|Arcanine, L50, F|100\/100\n|-ability|p1a: Arcanine|Intimidate|boost\n|-unboost|p2a: Great Tusk|atk|1\n|-unboost|p2b: Chien-Pao|atk|1\n|turn|4\n|\n|t:|1683830919\n|switch|p2b: Murkrow|Murkrow, L50, M|100\/100\n|move|p1b: Meowscarada|Protect|p1b: Meowscarada\n|-singleturn|p1b: Meowscarada|Protect\n|move|p1a: Arcanine|Protect|p1a: Arcanine\n|-singleturn|p1a: Arcanine|Protect\n|move|p2a: Great Tusk|Earthquake|p1b: Meowscarada|[spread] \n|-activate|p1a: Arcanine|move: Protect\n|-activate|p1b: Meowscarada|move: Protect\n|-immune|p2b: Murkrow\n|\n|-weather|SunnyDay|[upkeep]\n|-sideend|p1: Pic1070|move: Tailwind\n|-sideend|p2: revocolombia|move: Tailwind\n|upkeep\n|turn|5\n|\n|t:|1683830939\n|move|p1b: Meowscarada|Protect||[still]\n|-fail|p1b: Meowscarada\n|move|p1a: Arcanine|Extreme Speed|p2a: Great Tusk\n|-damage|p2a: Great Tusk|16\/100\n|move|p2b: Murkrow|Tailwind|p2b: Murkrow\n|-sidestart|p2: revocolombia|move: Tailwind\n|move|p2a: Great Tusk|Earthquake|p1b: Meowscarada|[spread] p1a,p1b\n|-immune|p2b: Murkrow\n|-supereffective|p1a: Arcanine\n|-resisted|p1b: Meowscarada\n|-damage|p1a: Arcanine|30\/100\n|-damage|p1b: Meowscarada|0 fnt\n|faint|p1b: Meowscarada\n|\n|-weather|SunnyDay|[upkeep]\n|upkeep\n|\n|t:|1683830943\n|switch|p1b: Gholdengo|Gholdengo, L50|100\/100\n|turn|6\n|\n|t:|1683830965\n|move|p1a: Arcanine|Extreme Speed|p2a: Great Tusk\n|-damage|p2a: Great Tusk|2\/100\n|move|p2b: Murkrow|Haze|p2b: Murkrow\n|-clearallboost\n|move|p2a: Great Tusk|Earthquake|p1a: Arcanine|[spread] p1a,p1b\n|-immune|p2b: Murkrow\n|-supereffective|p1a: Arcanine\n|-supereffective|p1b: Gholdengo\n|-damage|p1a: Arcanine|0 fnt\n|-damage|p1b: Gholdengo|0 fnt\n|faint|p1a: Arcanine\n|faint|p1b: Gholdengo\n|\n|win|revocolombia\n|raw|Pic1070's rating: 1274 → 1246<\/strong> (-28 for losing)\n|raw|revocolombia's rating: 1230 → 1258<\/strong> (+28 for winning)\n","uploadtime":1683830981,"views":6,"p1id":"pic1070","p2id":"revocolombia","formatid":"gen9vgc2023regulationc","rating":1246,"private":0,"password":""}