{"id":"gen9vgc2023regulationc-1847707634","p1":"YouSlakingBro","p2":"akibelicno","format":"[Gen 9] VGC 2023 Regulation C","log":"|j|\u2606YouSlakingBro\n|j|\u2606akibelicno\n|t:|1681994701\n|gametype|doubles\n|player|p1|YouSlakingBro|265|1350\n|player|p2|akibelicno|1|1390\n|teamsize|p1|6\n|teamsize|p2|6\n|gen|9\n|tier|[Gen 9] VGC 2023 Regulation C\n|rated|\n|rule|Species Clause: Limit one of each Pok\u00e9mon\n|rule|Item Clause: Limit one of each item\n|clearpoke\n|poke|p1|Chi-Yu, L50|\n|poke|p1|Dachsbun, L50, F|\n|poke|p1|Corviknight, L50, F|\n|poke|p1|Chien-Pao, L50|\n|poke|p1|Amoonguss, L50, F|\n|poke|p1|Dragapult, L50, F|\n|poke|p2|Orthworm, L50, F|\n|poke|p2|Dragonite, L50, M|\n|poke|p2|Gyarados, L50, F|\n|poke|p2|Flutter Mane, L50|\n|poke|p2|Ting-Lu, L50|\n|poke|p2|Chien-Pao, L50|\n|teampreview|4\n|inactive|Battle timer is ON: inactive players will automatically lose when time's up. (requested by YouSlakingBro)\n|\n|t:|1681994725\n|start\n|switch|p1a: Chi-Yu|Chi-Yu, L50|100\/100\n|switch|p1b: Dachsbun|Dachsbun, L50, F|100\/100\n|switch|p2a: Orthworm|Orthworm, L50, F|100\/100\n|switch|p2b: Ting-Lu|Ting-Lu, L50|100\/100\n|-ability|p1a: Chi-Yu|Beads of Ruin\n|-ability|p2b: Ting-Lu|Vessel of Ruin\n|turn|1\n|\n|t:|1681994745\n|-terastallize|p2a: Orthworm|Fire\n|move|p1a: Chi-Yu|Lava Plume|p2a: Orthworm|[spread] p2a,p2b\n|-ability|p1b: Dachsbun|Well-Baked Body|boost\n|-boost|p1b: Dachsbun|def|2\n|-resisted|p2a: Orthworm\n|-damage|p2a: Orthworm|85\/100\n|-damage|p2b: Ting-Lu|75\/100\n|-status|p2b: Ting-Lu|brn\n|move|p1b: Dachsbun|Yawn||[still]\n|-fail|p1b: Dachsbun\n|move|p2a: Orthworm|Shed Tail|p2a: Orthworm\n|-start|p2a: Orthworm|Substitute|[from] move: Shed Tail\n|-damage|p2a: Orthworm|35\/100\n|\n|t:|1681994758\n|switch|p2a: Dragonite|Dragonite, L50, M|100\/100|[from] Shed Tail\n|move|p2b: Ting-Lu|Bulldoze|p1b: Dachsbun|[spread] p1a,p1b\n|-immune|p2a: Dragonite\n|-supereffective|p1a: Chi-Yu\n|-damage|p1a: Chi-Yu|47\/100\n|-damage|p1b: Dachsbun|93\/100\n|-unboost|p1a: Chi-Yu|spe|1\n|-unboost|p1b: Dachsbun|spe|1\n|\n|-damage|p2b: Ting-Lu|69\/100 brn|[from] brn\n|upkeep\n|turn|2\n|\n|t:|1681994777\n|switch|p2b: Orthworm|Orthworm, L50, F, tera:Fire|35\/100\n|move|p1a: Chi-Yu|Lava Plume|p2a: Dragonite|[spread] p2a,p2b\n|-ability|p1b: Dachsbun|Well-Baked Body|boost\n|-boost|p1b: Dachsbun|def|2\n|-resisted|p2a: Dragonite\n|-activate|p2a: Dragonite|move: Substitute|[damage]\n|-resisted|p2b: Orthworm\n|-damage|p2b: Orthworm|14\/100\n|-enditem|p2b: Orthworm|Figy Berry|[eat]\n|-heal|p2b: Orthworm|47\/100|[from] item: Figy Berry\n|move|p1b: Dachsbun|Body Press|p2a: Dragonite\n|-resisted|p2a: Dragonite\n|-end|p2a: Dragonite|Substitute\n|move|p2a: Dragonite|Earthquake|p1b: Dachsbun|[spread] p1a,p1b\n|-heal|p2b: Orthworm|72\/100|[from] ability: Earth Eater|[of] p2a: Dragonite\n|-supereffective|p1a: Chi-Yu\n|-damage|p1a: Chi-Yu|0 fnt\n|-damage|p1b: Dachsbun|83\/100\n|faint|p1a: Chi-Yu\n|\n|upkeep\n|\n|t:|1681994780\n|switch|p1a: Chien-Pao|Chien-Pao, L50|100\/100\n|-ability|p1a: Chien-Pao|Sword of Ruin\n|turn|3\n|inactive|akibelicno has 30 seconds left.\n|\n|t:|1681994805\n|switch|p2a: Gyarados|Gyarados, L50, F|100\/100\n|-ability|p2a: Gyarados|Intimidate|boost\n|-unboost|p1a: Chien-Pao|atk|1\n|-unboost|p1b: Dachsbun|atk|1\n|move|p1a: Chien-Pao|Ice Spinner|p2a: Gyarados\n|-damage|p2a: Gyarados|60\/100\n|move|p1b: Dachsbun|Yawn|p2b: Orthworm\n|-start|p2b: Orthworm|move: Yawn|[of] p1b: Dachsbun\n|move|p2b: Orthworm|Iron Defense|p2b: Orthworm\n|-boost|p2b: Orthworm|def|2\n|\n|upkeep\n|turn|4\n|inactive|YouSlakingBro has 30 seconds left.\n|inactive|YouSlakingBro has 20 seconds left.\n|\n|t:|1681994844\n|move|p1a: Chien-Pao|Ice Spinner|p2a: Gyarados\n|-damage|p2a: Gyarados|18\/100\n|-enditem|p2a: Gyarados|Sitrus Berry|[eat]\n|-heal|p2a: Gyarados|43\/100|[from] item: Sitrus Berry\n|move|p1b: Dachsbun|Body Press|p2a: Gyarados\n|-resisted|p2a: Gyarados\n|-damage|p2a: Gyarados|0 fnt\n|faint|p2a: Gyarados\n|move|p2b: Orthworm|Body Press|p1a: Chien-Pao\n|-supereffective|p1a: Chien-Pao\n|-enditem|p1a: Chien-Pao|Focus Sash\n|-damage|p1a: Chien-Pao|1\/100\n|\n|-end|p2b: Orthworm|move: Yawn|[silent]\n|-status|p2b: Orthworm|slp\n|upkeep\n|\n|t:|1681994861\n|switch|p2a: Ting-Lu|Ting-Lu, L50|69\/100 brn\n|-ability|p2a: Ting-Lu|Vessel of Ruin\n|turn|5\n|\n|t:|1681994878\n|move|p1a: Chien-Pao|Sacred Sword|p2b: Orthworm\n|-damage|p2b: Orthworm|49\/100 slp\n|move|p1b: Dachsbun|Body Press|p2a: Ting-Lu\n|-supereffective|p2a: Ting-Lu\n|-damage|p2a: Ting-Lu|0 fnt\n|faint|p2a: Ting-Lu\n|cant|p2b: Orthworm|slp\n|\n|upkeep\n|\n|t:|1681994887\n|switch|p2a: Dragonite|Dragonite, L50, M|100\/100\n|turn|6\n|\n|t:|1681994897\n|move|p1a: Chien-Pao|Protect|p1a: Chien-Pao\n|-singleturn|p1a: Chien-Pao|Protect\n|move|p2a: Dragonite|Extreme Speed|p1a: Chien-Pao\n|-activate|p1a: Chien-Pao|move: Protect\n|move|p1b: Dachsbun|Yawn|p2a: Dragonite\n|-start|p2a: Dragonite|move: Yawn|[of] p1b: Dachsbun\n|cant|p2b: Orthworm|slp\n|\n|upkeep\n|turn|7\n|\n|t:|1681994913\n|switch|p1a: Dragapult|Dragapult, L50, F, shiny|100\/100\n|move|p2a: Dragonite|Extreme Speed|p1a: Dragapult\n|-immune|p1a: Dragapult\n|move|p1b: Dachsbun|Body Press|p2b: Orthworm\n|-damage|p2b: Orthworm|26\/100 slp\n|-curestatus|p2b: Orthworm|slp|[msg]\n|move|p2b: Orthworm|Iron Defense|p2b: Orthworm\n|-boost|p2b: Orthworm|def|2\n|\n|-end|p2a: Dragonite|move: Yawn|[silent]\n|-status|p2a: Dragonite|slp\n|-enditem|p2a: Dragonite|Lum Berry|[eat]\n|-curestatus|p2a: Dragonite|slp|[msg]\n|upkeep\n|turn|8\n|inactive|YouSlakingBro has 30 seconds left.\n|\n|t:|1681994939\n|move|p1a: Dragapult|Dragon Darts|p2a: Dragonite\n|-supereffective|p2a: Dragonite\n|-damage|p2a: Dragonite|76\/100\n|-anim|p1a: Dragapult|Dragon Darts|p2b: Orthworm\n|-damage|p2b: Orthworm|19\/100\n|move|p1b: Dachsbun|Body Press|p2b: Orthworm\n|-damage|p2b: Orthworm|4\/100\n|move|p2a: Dragonite|Earthquake|p1b: Dachsbun|[spread] p1a,p1b\n|-heal|p2b: Orthworm|29\/100|[from] ability: Earth Eater|[of] p2a: Dragonite\n|-damage|p1a: Dragapult|64\/100\n|-damage|p1b: Dachsbun|73\/100\n|move|p2b: Orthworm|Heavy Slam|p1b: Dachsbun\n|-supereffective|p1b: Dachsbun\n|-damage|p1b: Dachsbun|47\/100\n|\n|upkeep\n|turn|9\n|inactive|akibelicno has 30 seconds left.\n|\n|t:|1681994966\n|move|p1a: Dragapult|Dragon Darts|p2a: Dragonite\n|-supereffective|p2a: Dragonite\n|-damage|p2a: Dragonite|23\/100\n|-anim|p1a: Dragapult|Dragon Darts|p2b: Orthworm\n|-damage|p2b: Orthworm|22\/100\n|move|p1b: Dachsbun|Body Press|p2b: Orthworm\n|-damage|p2b: Orthworm|6\/100\n|move|p2a: Dragonite|Earthquake|p1a: Dragapult|[spread] p1a,p1b\n|-heal|p2b: Orthworm|31\/100|[from] ability: Earth Eater|[of] p2a: Dragonite\n|-damage|p1a: Dragapult|24\/100\n|-damage|p1b: Dachsbun|38\/100\n|move|p2b: Orthworm|Heavy Slam|p1b: Dachsbun\n|-supereffective|p1b: Dachsbun\n|-crit|p1b: Dachsbun\n|-damage|p1b: Dachsbun|0 fnt\n|faint|p1b: Dachsbun\n|\n|upkeep\n|\n|t:|1681994970\n|switch|p1b: Chien-Pao|Chien-Pao, L50|1\/100\n|-ability|p1b: Chien-Pao|Sword of Ruin\n|turn|10\n|\n|t:|1681994987\n|move|p1b: Chien-Pao|Protect|p1b: Chien-Pao\n|-singleturn|p1b: Chien-Pao|Protect\n|move|p2a: Dragonite|Extreme Speed|p1b: Chien-Pao\n|-activate|p1b: Chien-Pao|move: Protect\n|move|p1a: Dragapult|Dragon Darts|p2a: Dragonite\n|-supereffective|p2a: Dragonite\n|-damage|p2a: Dragonite|0 fnt\n|-anim|p1a: Dragapult|Dragon Darts|p2b: Orthworm\n|-damage|p2b: Orthworm|21\/100\n|faint|p2a: Dragonite\n|move|p2b: Orthworm|Heavy Slam|p1a: Dragapult\n|-damage|p1a: Dragapult|0 fnt\n|faint|p1a: Dragapult\n|\n|upkeep\n|turn|11\n|\n|t:|1681995002\n|move|p1b: Chien-Pao|Sacred Sword|p2b: Orthworm\n|-damage|p2b: Orthworm|0 fnt\n|faint|p2b: Orthworm\n|\n|win|YouSlakingBro\n|raw|YouSlakingBro's rating: 1350 → 1372<\/strong> (+22 for winning)\n|raw|akibelicno's rating: 1390 → 1368<\/strong> (-22 for losing)\n","uploadtime":1681995009,"views":8,"p1id":"youslakingbro","p2id":"akibelicno","formatid":"gen9vgc2023regulationc","rating":1368,"private":0,"password":""}