{"id":"gen9vgc2023regulationc-1854839448","p1":"LasermanZ111","p2":"canIgetAHuhhhYAaa","format":"[Gen 9] VGC 2023 Regulation C","log":"|j|\u2606LasermanZ111\n|j|\u2606canIgetAHuhhhYAaa\n|t:|1682872032\n|gametype|doubles\n|player|p1|LasermanZ111|red|1336\n|player|p2|canIgetAHuhhhYAaa|101|1319\n|teamsize|p1|6\n|teamsize|p2|6\n|gen|9\n|tier|[Gen 9] VGC 2023 Regulation C\n|rated|\n|rule|Species Clause: Limit one of each Pok\u00e9mon\n|rule|Item Clause: Limit one of each item\n|clearpoke\n|poke|p1|Chi-Yu, L50|\n|poke|p1|Amoonguss, L50, M|\n|poke|p1|Flutter Mane, L50|\n|poke|p1|Corviknight, L50, M|\n|poke|p1|Ting-Lu, L50|\n|poke|p1|Tauros-Paldea-Aqua, L50, M|\n|poke|p2|Tyranitar, L50, M|\n|poke|p2|Torkoal, L50, M|\n|poke|p2|Scovillain, L50, M|\n|poke|p2|Great Tusk, L50|\n|poke|p2|Houndstone, L50, M|\n|poke|p2|Glimmora, L50, M|\n|teampreview|4\nLasermanZ111 has agreed to open team sheets.\ncanIgetAHuhhhYAaa has agreed to open team sheets.\n|inactive|Battle timer is ON: inactive players will automatically lose when time's up. (requested by canIgetAHuhhhYAaa)\n|inactive|LasermanZ111 has 60 seconds left.\n|\n|t:|1682872226\n|start\n|switch|p1a: Corviknight|Corviknight, L50, M|100\/100\n|switch|p1b: Tauros|Tauros-Paldea-Aqua, L50, M|100\/100\n|switch|p2a: Tyranitar|Tyranitar, L50, M|100\/100\n|switch|p2b: Houndstone|Houndstone, L50, M|100\/100\n|-ability|p1b: Tauros|Intimidate|boost\n|-unboost|p2a: Tyranitar|atk|1\n|-unboost|p2b: Houndstone|atk|1\n|-weather|Sandstorm|[from] ability: Sand Stream|[of] p2a: Tyranitar\n|turn|1\n|inactive|LasermanZ111 has 30 seconds left.\n|inactive|canIgetAHuhhhYAaa has 30 seconds left.\n|\n|t:|1682872260\n|-terastallize|p2a: Tyranitar|Flying\n|move|p1b: Tauros|Protect|p1b: Tauros\n|-singleturn|p1b: Tauros|Protect\n|move|p2b: Houndstone|Howl|p2b: Houndstone|[spread] p2a,p2b\n|-boost|p2a: Tyranitar|atk|1\n|-enditem|p1b: Tauros|Mirror Herb\n|-boost|p1b: Tauros|atk|1|[from] item: Mirror Herb\n|-boost|p2b: Houndstone|atk|1\n|move|p2a: Tyranitar|Tera Blast|p1b: Tauros\n|-activate|p1b: Tauros|move: Protect\n|move|p1a: Corviknight|Tailwind|p1a: Corviknight\n|-sidestart|p1: LasermanZ111|move: Tailwind\n|\n|-weather|Sandstorm|[upkeep]\n|-damage|p1b: Tauros|95\/100|[from] Sandstorm\n|-damage|p2a: Tyranitar|95\/100|[from] Sandstorm\n|upkeep\n|turn|2\n|inactive|LasermanZ111 has 30 seconds left.\n|inactive|LasermanZ111 has 20 seconds left.\n|inactive|LasermanZ111 has 15 seconds left.\n|\n|t:|1682872303\n|-terastallize|p1b: Tauros|Steel\n|move|p2b: Houndstone|Helping Hand|p2a: Tyranitar\n|-singleturn|p2a: Tyranitar|Helping Hand|[of] p2b: Houndstone\n|move|p1b: Tauros|Raging Bull|p2b: Houndstone\n|-damage|p2b: Houndstone|33\/100\n|move|p1a: Corviknight|Brave Bird|p2b: Houndstone\n|-damage|p2b: Houndstone|0 fnt\n|faint|p2b: Houndstone\n|-damage|p1a: Corviknight|92\/100|[from] Recoil\n|move|p2a: Tyranitar|Tera Blast|p1b: Tauros\n|-resisted|p1b: Tauros\n|-damage|p1b: Tauros|55\/100\n|\n|-weather|Sandstorm|[upkeep]\n|-damage|p2a: Tyranitar|89\/100|[from] Sandstorm\n|upkeep\n|\n|t:|1682872319\n|switch|p2b: Torkoal|Torkoal, L50, M|100\/100\n|-weather|SunnyDay|[from] ability: Drought|[of] p2b: Torkoal\n|turn|3\n|inactive|LasermanZ111 has 30 seconds left.\n|inactive|canIgetAHuhhhYAaa has 30 seconds left.\n|\n|t:|1682872355\n|switch|p1a: Ting-Lu|Ting-Lu, L50|100\/100\n|-ability|p1a: Ting-Lu|Vessel of Ruin\n|move|p1b: Tauros|Raging Bull|p2b: Torkoal\n|-supereffective|p2b: Torkoal\n|-damage|p2b: Torkoal|43\/100\n|move|p2a: Tyranitar|Crunch|p1a: Ting-Lu\n|-resisted|p1a: Ting-Lu\n|-damage|p1a: Ting-Lu|86\/100\n|move|p2b: Torkoal|Heat Wave|p1a: Ting-Lu|[spread] p1a,p1b\n|-supereffective|p1b: Tauros\n|-damage|p1a: Ting-Lu|63\/100\n|-damage|p1b: Tauros|0 fnt\n|faint|p1b: Tauros\n|\n|-weather|SunnyDay|[upkeep]\n|upkeep\n|inactive|LasermanZ111 has 30 seconds left.\n|\n|t:|1682872382\n|switch|p1b: Flutter Mane|Flutter Mane, L50|100\/100\n|-activate|p1b: Flutter Mane|ability: Protosynthesis\n|-start|p1b: Flutter Mane|protosynthesisspe\n|turn|4\n|\n|t:|1682872400\n|switch|p2b: Scovillain|Scovillain, L50, M|100\/100\n|move|p1b: Flutter Mane|Shadow Ball|p2b: Scovillain\n|-damage|p2b: Scovillain|19\/100\n|move|p1a: Ting-Lu|Rock Slide|p2a: Tyranitar|[spread] p2a,p2b\n|-supereffective|p2a: Tyranitar\n|-crit|p2a: Tyranitar\n|-supereffective|p2b: Scovillain\n|-crit|p2b: Scovillain\n|-damage|p2a: Tyranitar|38\/100\n|-damage|p2b: Scovillain|0 fnt\n|faint|p2b: Scovillain\n|move|p2a: Tyranitar|Crunch|p1b: Flutter Mane\n|-damage|p1b: Flutter Mane|3\/100\n|\n|-weather|SunnyDay|[upkeep]\n|-sideend|p1: LasermanZ111|move: Tailwind\n|upkeep\n|\n|t:|1682872413\n|switch|p2b: Torkoal|Torkoal, L50, M|43\/100\n|turn|5\n|\n|t:|1682872426\n|move|p2a: Tyranitar|Protect|p2a: Tyranitar\n|-singleturn|p2a: Tyranitar|Protect\n|move|p1b: Flutter Mane|Shadow Ball|p2b: Torkoal\n|-damage|p2b: Torkoal|0 fnt\n|faint|p2b: Torkoal\n|move|p1a: Ting-Lu|Rock Slide|p2a: Tyranitar\n|-activate|p2a: Tyranitar|move: Protect\n|\n|-weather|SunnyDay|[upkeep]\n|upkeep\n|turn|6\n|\n|t:|1682872441\n|move|p1b: Flutter Mane|Shadow Ball|p2a: Tyranitar\n|-damage|p2a: Tyranitar|0 fnt\n|faint|p2a: Tyranitar\n|\n|win|LasermanZ111\n|raw|LasermanZ111's rating: 1336 → 1355<\/strong> (+19 for winning)\n|raw|canIgetAHuhhhYAaa's rating: 1319 → 1300<\/strong> (-19 for losing)\n","uploadtime":1682872448,"views":12,"p1id":"lasermanz111","p2id":"canigetahuhhhyaaa","formatid":"gen9vgc2023regulationc","rating":1300,"private":0,"password":""}