{"id":"gen9vgc2023regulationc-1845797985","p1":"buggahz349","p2":"hancec","format":"[Gen 9] VGC 2023 Regulation C","log":"|j|\u2606buggahz349\n|j|\u2606hancec\n|t:|1681765589\n|gametype|doubles\n|player|p1|buggahz349|n|\n|player|p2|hancec|gentleman-gen4dp|\n|teamsize|p1|6\n|teamsize|p2|6\n|gen|9\n|tier|[Gen 9] VGC 2023 Regulation C\n|rated|Tournament battle\n|rule|Species Clause: Limit one of each Pok\u00e9mon\n|rule|Item Clause: Limit one of each item\n|clearpoke\n|poke|p1|Sylveon, L50, M|\n|poke|p1|Gothitelle, L50, F|\n|poke|p1|Garganacl, L50, M|\n|poke|p1|Glimmora, L50, M|\n|poke|p1|Iron Hands, L50|\n|poke|p1|Mimikyu, L50, M|\n|poke|p2|Murkrow, L50, M|\n|poke|p2|Iron Bundle, L50|\n|poke|p2|Chi-Yu, L50|\n|poke|p2|Gholdengo, L50|\n|poke|p2|Great Tusk, L50|\n|poke|p2|Farigiraf, L50, F|\n|teampreview|4\n|raw| Open Team Sheet for buggahz349<\/summary>Sylveon @ Choice Specs Ability: Pixilate Level: 50 Shiny: Yes Tera Type: Fairy - Hyper Voice - Hyper Beam - Psyshock - Quick Attack Gothitelle @ Safety Goggles Ability: Shadow Tag Level: 50 Shiny: Yes Tera Type: Fairy - Fake Out - Trick Room - Psyshock - Protect Garganacl @ Leftovers Ability: Purifying Salt Level: 50 Shiny: Yes Tera Type: Flying - Salt Cure - Protect - Recover - Wide Guard Glimmora @ Expert Belt Ability: Toxic Debris Level: 50 Shiny: Yes Tera Type: Grass - Energy Ball - Power Gem - Sludge Bomb - Spiky Shield Iron Hands @ Assault Vest Ability: Quark Drive Level: 50 Shiny: Yes Tera Type: Fire - Fake Out - Wild Charge - Drain Punch - Volt Switch Mimikyu @ Life Orb Ability: Disguise Level: 50 Shiny: Yes Tera Type: Fairy - Trick Room - Taunt - Play Rough - Shadow Claw <\/details><\/div> Open Team Sheet for hancec<\/summary>Murkrow @ Focus Sash Ability: Prankster Level: 50 Shiny: Yes Tera Type: Ghost - Brave Bird - Tailwind - Sunny Day - Haze Iron Bundle @ Booster Energy Ability: Quark Drive Level: 50 Tera Type: Flying - Freeze-Dry - Icy Wind - Hydro Pump - Protect Chi-Yu @ Wide Lens Ability: Beads of Ruin Level: 50 Tera Type: Fire - Heat Wave - Overheat - Dark Pulse - Protect Gholdengo @ Choice Specs Ability: Good as Gold Level: 50 Tera Type: Steel - Make It Rain - Shadow Ball - Trick - Thunderbolt Great Tusk @ Clear Amulet Ability: Protosynthesis Level: 50 Hidden Power: Fighting Tera Type: Ground - Headlong Rush - Earthquake - Close Combat - Protect Farigiraf @ Life Orb Ability: Armor Tail Level: 50 Tera Type: Fairy - Hyper Voice - Dazzling Gleam - Trick Room - Imprison <\/details><\/div>\n|inactive|Battle timer is ON: inactive players will automatically lose when time's up. (requested by buggahz349)\n|inactive|hancec has 60 seconds left.\n|j| The2009Zapdos\n|\n|t:|1681765626\n|start\n|switch|p1a: Gothitelle|Gothitelle, L50, F, shiny|100\/100\n|switch|p1b: Sylveon|Sylveon, L50, M, shiny|100\/100\n|switch|p2a: Gholdengo|Gholdengo, L50|100\/100\n|switch|p2b: Chi-Yu|Chi-Yu, L50|100\/100\n|-ability|p2b: Chi-Yu|Beads of Ruin\n|turn|1\n|\n|t:|1681765646\n|switch|p1b: Iron Hands|Iron Hands, L50, shiny|100\/100\n|-terastallize|p2a: Gholdengo|Steel\n|move|p1a: Gothitelle|Protect|p1a: Gothitelle\n|-singleturn|p1a: Gothitelle|Protect\n|move|p2b: Chi-Yu|Heat Wave|p1a: Gothitelle|[spread] p1b\n|-activate|p1a: Gothitelle|move: Protect\n|-damage|p1b: Iron Hands|77\/100\n|move|p2a: Gholdengo|Make It Rain|p1b: Iron Hands|[spread] p1b\n|-activate|p1a: Gothitelle|move: Protect\n|-resisted|p1b: Iron Hands\n|-damage|p1b: Iron Hands|38\/100\n|-unboost|p2a: Gholdengo|spa|1\n|\n|upkeep\n|turn|2\n|c| The2009Zapdos|specs quick attack pog\n|inactive|buggahz349 has 30 seconds left.\n|inactive|hancec has 30 seconds left.\n|\n|t:|1681765681\n|move|p1b: Iron Hands|Fake Out|p2b: Chi-Yu\n|-damage|p2b: Chi-Yu|78\/100\n|cant|p2b: Chi-Yu|flinch\n|move|p2a: Gholdengo|Make It Rain|p1b: Iron Hands|[spread] p1a,p1b\n|-resisted|p1b: Iron Hands\n|-damage|p1a: Gothitelle|38\/100\n|-damage|p1b: Iron Hands|10\/100\n|-unboost|p2a: Gholdengo|spa|1\n|move|p1a: Gothitelle|Trick Room|p1a: Gothitelle\n|-fieldstart|move: Trick Room|[of] p1a: Gothitelle\n|\n|upkeep\n|turn|3\n|\n|t:|1681765694\n|move|p1a: Gothitelle|Protect|p1a: Gothitelle\n|-singleturn|p1a: Gothitelle|Protect\n|move|p1b: Iron Hands|Drain Punch|p2a: Gholdengo\n|-supereffective|p2a: Gholdengo\n|-damage|p2a: Gholdengo|0 fnt\n|-heal|p1b: Iron Hands|44\/100|[from] drain|[of] p2a: Gholdengo\n|faint|p2a: Gholdengo\n|move|p2b: Chi-Yu|Heat Wave|p1a: Gothitelle|[spread] p1b\n|-activate|p1a: Gothitelle|move: Protect\n|-damage|p1b: Iron Hands|18\/100\n|\n|upkeep\n|\n|t:|1681765699\n|switch|p2a: Farigiraf|Farigiraf, L50, F|100\/100\n|turn|4\n|\n|t:|1681765712\n|move|p2b: Chi-Yu|Protect|p2b: Chi-Yu\n|-singleturn|p2b: Chi-Yu|Protect\n|move|p1b: Iron Hands|Drain Punch|p2a: Farigiraf\n|-damage|p2a: Farigiraf|45\/100\n|-heal|p1b: Iron Hands|41\/100|[from] drain|[of] p2a: Farigiraf\n|move|p1a: Gothitelle|Psyshock|p2a: Farigiraf\n|-resisted|p2a: Farigiraf\n|-crit|p2a: Farigiraf\n|-damage|p2a: Farigiraf|20\/100\n|move|p2a: Farigiraf|Hyper Voice|p1a: Gothitelle|[spread] p1a,p1b\n|-damage|p1a: Gothitelle|0 fnt\n|-damage|p1b: Iron Hands|10\/100\n|faint|p1a: Gothitelle\n|-damage|p2a: Farigiraf|10\/100|[from] item: Life Orb\n|\n|upkeep\n|j| Ab0ve5029\n|\n|t:|1681765725\n|switch|p1a: Sylveon|Sylveon, L50, M, shiny|100\/100\n|turn|5\n|\n|t:|1681765735\n|move|p1a: Sylveon|Hyper Voice|p2b: Chi-Yu|[spread] p2a,p2b\n|-damage|p2a: Farigiraf|0 fnt\n|-damage|p2b: Chi-Yu|12\/100\n|faint|p2a: Farigiraf\n|move|p1b: Iron Hands|Drain Punch|p2b: Chi-Yu\n|-supereffective|p2b: Chi-Yu\n|-damage|p2b: Chi-Yu|0 fnt\n|-heal|p1b: Iron Hands|13\/100|[from] drain|[of] p2b: Chi-Yu\n|faint|p2b: Chi-Yu\n|\n|upkeep\n|\n|t:|1681765738\n|switch|p2b: Great Tusk|Great Tusk, L50|100\/100\n|turn|6\n|\n|t:|1681765755\n|move|p2b: Great Tusk|Protect|p2b: Great Tusk\n|-singleturn|p2b: Great Tusk|Protect\n|move|p1a: Sylveon|Hyper Voice|p2b: Great Tusk\n|-activate|p2b: Great Tusk|move: Protect\n|move|p1b: Iron Hands|Drain Punch|p2b: Great Tusk\n|-activate|p2b: Great Tusk|move: Protect\n|\n|-fieldend|move: Trick Room\n|upkeep\n|turn|7\n|\n|t:|1681765765\n|move|p2b: Great Tusk|Headlong Rush|p1a: Sylveon\n|-damage|p1a: Sylveon|19\/100\n|-unboost|p2b: Great Tusk|def|1\n|-unboost|p2b: Great Tusk|spd|1\n|move|p1b: Iron Hands|Drain Punch|p2b: Great Tusk\n|-damage|p2b: Great Tusk|52\/100\n|-heal|p1b: Iron Hands|33\/100|[from] drain|[of] p2b: Great Tusk\n|move|p1a: Sylveon|Hyper Voice|p2b: Great Tusk\n|-supereffective|p2b: Great Tusk\n|-damage|p2b: Great Tusk|0 fnt\n|faint|p2b: Great Tusk\n|-end|p2b: Great Tusk|Protosynthesis|[silent]\n|\n|win|buggahz349\n|n|\u2606buggahz349|buggahz349\n|n|\u2606hancec|hancec\n|n| The2009Zapdos|the2009zapdos\n|n| Ab0ve5029|ab0ve5029\n|c|\u2606buggahz349|gg\n|l|\u2606buggahz349\n","uploadtime":1681765785,"views":7,"p1id":"buggahz349","p2id":"hancec","formatid":"gen9vgc2023regulationc","rating":0,"private":0,"password":""}