{"id":"gen9vgc2023regulationc-1864318996","p1":"Littleh4ck","p2":"Crackheadfred","format":"[Gen 9] VGC 2023 Regulation C","log":"|j|\u2606Littleh4ck\n|j|\u2606Crackheadfred\n|t:|1684154797\n|gametype|doubles\n|player|p1|Littleh4ck|265|1233\n|player|p2|Crackheadfred|266|1171\n|teamsize|p1|6\n|teamsize|p2|6\n|gen|9\n|tier|[Gen 9] VGC 2023 Regulation C\n|rated|\n|rule|Species Clause: Limit one of each Pok\u00e9mon\n|rule|Item Clause: Limit one of each item\n|clearpoke\n|poke|p1|Kingambit, L50, F|\n|poke|p1|Chien-Pao, L50|\n|poke|p1|Flutter Mane, L50|\n|poke|p1|Amoonguss, L50, M|\n|poke|p1|Dondozo, L50, F|\n|poke|p1|Iron Hands, L50|\n|poke|p2|Drifblim, L50, F|\n|poke|p2|Gholdengo, L50|\n|poke|p2|Flutter Mane, L50|\n|poke|p2|Iron Hands, L50|\n|poke|p2|Tyranitar, L50, F|\n|poke|p2|Meowscarada, L50, F|\n|teampreview|4\n|inactive|Battle timer is ON: inactive players will automatically lose when time's up. (requested by Crackheadfred)\n|\n|t:|1684154843\n|start\n|switch|p1a: Kingambit|Kingambit, L50, F|100\/100\n|switch|p1b: Iron Hands|Iron Hands, L50|100\/100\n|switch|p2a: Drifblim|Drifblim, L50, F|100\/100\n|switch|p2b: Gholdengo|Gholdengo, L50|100\/100\n|turn|1\n|inactive|Crackheadfred has 30 seconds left.\n|\n|t:|1684154869\n|switch|p2a: Iron Hands|Iron Hands, L50|100\/100\n|-terastallize|p1a: Kingambit|Dark\n|move|p2b: Gholdengo|Trick|p1a: Kingambit\n|-activate|p2b: Gholdengo|move: Trick|[of] p1a: Kingambit\n|-item|p1a: Kingambit|Choice Scarf|[from] move: Trick\n|-item|p2b: Gholdengo|Black Glasses|[from] move: Trick\n|move|p1a: Kingambit|Kowtow Cleave|p2b: Gholdengo\n|-supereffective|p2b: Gholdengo\n|-crit|p2b: Gholdengo\n|-damage|p2b: Gholdengo|0 fnt\n|faint|p2b: Gholdengo\n|move|p1b: Iron Hands|Thunder Punch|p2a: Iron Hands\n|-resisted|p2a: Iron Hands\n|-crit|p2a: Iron Hands\n|-damage|p2a: Iron Hands|78\/100\n|\n|upkeep\n|\n|t:|1684154887\n|switch|p2b: Drifblim|Drifblim, L50, F|100\/100\n|turn|2\n|\n|t:|1684154901\n|switch|p1a: Flutter Mane|Flutter Mane, L50|100\/100\n|-enditem|p1a: Flutter Mane|Booster Energy\n|-activate|p1a: Flutter Mane|ability: Protosynthesis|[fromitem]\n|-start|p1a: Flutter Mane|protosynthesisspa\n|move|p2b: Drifblim|Protect|p2b: Drifblim\n|-singleturn|p2b: Drifblim|Protect\n|move|p2a: Iron Hands|Close Combat|p1a: Flutter Mane\n|-immune|p1a: Flutter Mane\n|move|p1b: Iron Hands|Thunder Punch|p2b: Drifblim\n|-activate|p2b: Drifblim|move: Protect\n|\n|upkeep\n|turn|3\n|inactive|Crackheadfred has 30 seconds left.\n|\n|t:|1684154927\n|-terastallize|p2b: Drifblim|Normal\n|move|p1a: Flutter Mane|Shadow Ball|p2a: Iron Hands\n|-damage|p2a: Iron Hands|39\/100\n|move|p2b: Drifblim|Phantom Force||[still]\n|-prepare|p2b: Drifblim|Phantom Force\n|-enditem|p2b: Drifblim|Power Herb\n|-anim|p2b: Drifblim|Phantom Force|p1a: Flutter Mane\n|-supereffective|p1a: Flutter Mane\n|-damage|p1a: Flutter Mane|0 fnt\n|faint|p1a: Flutter Mane\n|-end|p1a: Flutter Mane|Protosynthesis|[silent]\n|move|p2a: Iron Hands|Earthquake|p1b: Iron Hands|[spread] p2b,p1b\n|-supereffective|p1b: Iron Hands\n|-damage|p2b: Drifblim|57\/100\n|-damage|p1b: Iron Hands|56\/100\n|move|p1b: Iron Hands|Drain Punch|p2a: Iron Hands\n|-damage|p2a: Iron Hands|9\/100\n|-heal|p1b: Iron Hands|73\/100|[from] drain|[of] p2a: Iron Hands\n|\n|upkeep\n|\n|t:|1684154946\n|switch|p1a: Kingambit|Kingambit, L50, F, tera:Dark|100\/100\n|turn|4\n|\n|t:|1684154968\n|-end|p1b: Iron Hands|Quark Drive|[silent]\n|switch|p1b: Chien-Pao|Chien-Pao, L50|100\/100\n|-ability|p1b: Chien-Pao|Sword of Ruin\n|move|p1a: Kingambit|Sucker Punch|p2a: Iron Hands\n|-resisted|p2a: Iron Hands\n|-crit|p2a: Iron Hands\n|-damage|p2a: Iron Hands|0 fnt\n|faint|p2a: Iron Hands\n|-end|p2a: Iron Hands|Quark Drive|[silent]\n|move|p2b: Drifblim|Acrobatics|p1b: Chien-Pao\n|-damage|p1b: Chien-Pao|35\/100\n|\n|upkeep\n|\n|t:|1684154978\n|switch|p2a: Flutter Mane|Flutter Mane, L50|100\/100\n|turn|5\n|\n|t:|1684154989\n|switch|p1a: Iron Hands|Iron Hands, L50|73\/100\n|move|p1b: Chien-Pao|Protect|p1b: Chien-Pao\n|-singleturn|p1b: Chien-Pao|Protect\n|move|p2a: Flutter Mane|Protect|p2a: Flutter Mane\n|-singleturn|p2a: Flutter Mane|Protect\n|move|p2b: Drifblim|Acrobatics|p1b: Chien-Pao\n|-activate|p1b: Chien-Pao|move: Protect\n|\n|upkeep\n|turn|6\n|\n|t:|1684155011\n|switch|p1b: Kingambit|Kingambit, L50, F, tera:Dark|100\/100\n|move|p2b: Drifblim|Acrobatics|p1a: Iron Hands\n|-damage|p1a: Iron Hands|39\/100\n|move|p2a: Flutter Mane|Dazzling Gleam|p1a: Iron Hands|[spread] p1a,p1b\n|-supereffective|p1a: Iron Hands\n|-supereffective|p1b: Kingambit\n|-damage|p1a: Iron Hands|7\/100\n|-damage|p1b: Kingambit|33\/100\n|move|p1a: Iron Hands|Drain Punch|p2b: Drifblim\n|-supereffective|p2b: Drifblim\n|-damage|p2b: Drifblim|0 fnt\n|-heal|p1a: Iron Hands|35\/100|[from] drain|[of] p2b: Drifblim\n|faint|p2b: Drifblim\n|\n|upkeep\n|turn|7\n|\n|t:|1684155032\n|move|p1b: Kingambit|Sucker Punch|p2a: Flutter Mane\n|-enditem|p2a: Flutter Mane|Focus Sash\n|-damage|p2a: Flutter Mane|1\/100\n|move|p2a: Flutter Mane|Dazzling Gleam|p1b: Kingambit|[spread] p1a,p1b\n|-supereffective|p1a: Iron Hands\n|-crit|p1a: Iron Hands\n|-supereffective|p1b: Kingambit\n|-crit|p1b: Kingambit\n|-damage|p1a: Iron Hands|0 fnt\n|-damage|p1b: Kingambit|0 fnt\n|faint|p1a: Iron Hands\n|-end|p1a: Iron Hands|Quark Drive|[silent]\n|faint|p1b: Kingambit\n|\n|upkeep\n|\n|t:|1684155039\n|switch|p1b: Chien-Pao|Chien-Pao, L50|35\/100\n|-ability|p1b: Chien-Pao|Sword of Ruin\n|turn|8\n|\n|t:|1684155046\n|move|p1b: Chien-Pao|Ice Spinner|p2a: Flutter Mane\n|-damage|p2a: Flutter Mane|0 fnt\n|faint|p2a: Flutter Mane\n|-end|p2a: Flutter Mane|Protosynthesis|[silent]\n|\n|win|Littleh4ck\n|raw|Littleh4ck's rating: 1233 → 1254<\/strong> (+21 for winning)\n|raw|Crackheadfred's rating: 1171 → 1150<\/strong> (-21 for losing)\n|l|\u2606Crackheadfred\n|c|\u2606Littleh4ck|Gg\n","uploadtime":1684155063,"views":10,"p1id":"littleh4ck","p2id":"crackheadfred","formatid":"gen9vgc2023regulationc","rating":1150,"private":0,"password":""}