{"id":"gen9vgc2023regulationc-1848036956","p1":"LemonGrassVGC","p2":"Renan 26","format":"[Gen 9] VGC 2023 Regulation C","log":"|j|\u2606LemonGrassVGC\n|j|\u2606Renan 26\n|t:|1682022932\n|gametype|doubles\n|player|p1|LemonGrassVGC|blue|1207\n|player|p2|Renan 26|grimsley|1219\n|teamsize|p1|6\n|teamsize|p2|6\n|gen|9\n|tier|[Gen 9] VGC 2023 Regulation C\n|rated|\n|rule|Species Clause: Limit one of each Pok\u00e9mon\n|rule|Item Clause: Limit one of each item\n|clearpoke\n|poke|p1|Gastrodon-East, L50, M|\n|poke|p1|Kingambit, L50, M|\n|poke|p1|Flutter Mane, L50|\n|poke|p1|Dragonite, L50, M|\n|poke|p1|Amoonguss, L50, F|\n|poke|p1|Volcarona, L50, F|\n|poke|p2|Clawitzer, L50, M|\n|poke|p2|Meowscarada, L50, F|\n|poke|p2|Mimikyu, L50, F|\n|poke|p2|Iron Hands, L50|\n|poke|p2|Sylveon, L50, F|\n|poke|p2|Arcanine, L50, M|\n|teampreview|4\nRenan 26 has agreed to open team sheets.\n|\n|t:|1682022989\n|start\n|switch|p1a: Volcarona|Volcarona, L50, F|100\/100\n|switch|p1b: Flutter Mane|Flutter Mane, L50|100\/100\n|switch|p2a: Anabelly|Mimikyu, L50, F|100\/100\n|switch|p2b: Hiner|Iron Hands, L50|100\/100\n|-enditem|p1b: Flutter Mane|Booster Energy\n|-activate|p1b: Flutter Mane|ability: Protosynthesis|[fromitem]\n|-start|p1b: Flutter Mane|protosynthesisspa\n|turn|1\n|\n|t:|1682023025\n|-terastallize|p2b: Hiner|Grass\n|move|p2b: Hiner|Fake Out|p1a: Volcarona\n|-damage|p1a: Volcarona|78\/100\n|move|p1b: Flutter Mane|Dazzling Gleam|p2b: Hiner|[spread] p2a,p2b\n|-activate|p2a: Anabelly|ability: Disguise\n|-damage|p2a: Anabelly|100\/100\n|-damage|p2b: Hiner|75\/100\n|detailschange|p2a: Anabelly|Mimikyu-Busted, L50, F\n|-damage|p2a: Anabelly|88\/100|[from] pokemon: Mimikyu-Busted\n|cant|p1a: Volcarona|flinch\n|move|p2a: Anabelly|Trick Room|p2a: Anabelly\n|-fieldstart|move: Trick Room|[of] p2a: Anabelly\n|\n|upkeep\n|turn|2\n|\n|t:|1682023054\n|-end|p1b: Flutter Mane|Protosynthesis|[silent]\n|switch|p1b: Amoonguss|Amoonguss, L50, F|100\/100\n|move|p2b: Hiner|Thunder Punch|p1a: Volcarona\n|-damage|p1a: Volcarona|20\/100\n|move|p2a: Anabelly|Shadow Claw|p1b: Amoonguss\n|-damage|p1b: Amoonguss|75\/100\n|move|p1a: Volcarona|Heat Wave|p2b: Hiner|[spread] p2b\n|-miss|p1a: Volcarona|p2a: Anabelly\n|-supereffective|p2b: Hiner\n|-damage|p2b: Hiner|28\/100\n|\n|upkeep\n|turn|3\n|\n|t:|1682023092\n|switch|p2a: Sou \u00e9 DIOOO|Arcanine, L50, M|100\/100\n|-ability|p2a: Sou \u00e9 DIOOO|Intimidate|boost\n|-unboost|p1a: Volcarona|atk|1\n|-unboost|p1b: Amoonguss|atk|1\n|move|p1b: Amoonguss|Spore|p2b: Hiner\n|-immune|p2b: Hiner\n|move|p2b: Hiner|Thunder Punch|p1a: Volcarona\n|-damage|p1a: Volcarona|0 fnt\n|faint|p1a: Volcarona\n|\n|upkeep\n|\n|t:|1682023105\n|switch|p1a: Gastrodon|Gastrodon-East, L50, M|100\/100\n|turn|4\n|\n|t:|1682023123\n|move|p1b: Amoonguss|Protect|p1b: Amoonguss\n|-singleturn|p1b: Amoonguss|Protect\n|move|p1a: Gastrodon|Earth Power|p2a: Sou \u00e9 DIOOO\n|-supereffective|p2a: Sou \u00e9 DIOOO\n|-damage|p2a: Sou \u00e9 DIOOO|0 fnt\n|faint|p2a: Sou \u00e9 DIOOO\n|move|p2b: Hiner|Drain Punch|p1a: Gastrodon\n|-damage|p1a: Gastrodon|59\/100\n|-heal|p2b: Hiner|46\/100|[from] drain|[of] p1a: Gastrodon\n|\n|upkeep\n|\n|t:|1682023144\n|switch|p2a: Bruno Bucharachi|Sylveon, L50, F|100\/100\n|turn|5\n|\n|t:|1682023167\n|move|p1b: Amoonguss|Spore|p2a: Bruno Bucharachi\n|-status|p2a: Bruno Bucharachi|slp|[from] move: Spore\n|move|p1a: Gastrodon|Clear Smog|p2a: Bruno Bucharachi\n|-supereffective|p2a: Bruno Bucharachi\n|-damage|p2a: Bruno Bucharachi|80\/100 slp\n|-clearboost|p2a: Bruno Bucharachi\n|move|p2b: Hiner|Drain Punch|p1b: Amoonguss\n|-resisted|p1b: Amoonguss\n|-damage|p1b: Amoonguss|57\/100\n|-heal|p2b: Hiner|53\/100|[from] drain|[of] p1b: Amoonguss\n|cant|p2a: Bruno Bucharachi|slp\n|\n|-fieldend|move: Trick Room\n|upkeep\n|turn|6\n|\n|t:|1682023196\n|switch|p1b: Flutter Mane|Flutter Mane, L50|100\/100\n|cant|p2a: Bruno Bucharachi|slp\n|move|p2b: Hiner|Drain Punch|p1a: Gastrodon\n|-damage|p1a: Gastrodon|16\/100\n|-heal|p2b: Hiner|71\/100|[from] drain|[of] p1a: Gastrodon\n|move|p1a: Gastrodon|Icy Wind|p2b: Hiner|[spread] p2a,p2b\n|-supereffective|p2b: Hiner\n|-damage|p2a: Bruno Bucharachi|73\/100 slp\n|-damage|p2b: Hiner|56\/100\n|-unboost|p2a: Bruno Bucharachi|spe|1\n|-unboost|p2b: Hiner|spe|1\n|\n|upkeep\n|turn|7\n|\n|t:|1682023221\n|move|p1b: Flutter Mane|Moonblast|p2b: Hiner\n|-damage|p2b: Hiner|22\/100\n|-unboost|p2b: Hiner|spa|1\n|move|p1a: Gastrodon|Clear Smog|p2b: Hiner\n|-supereffective|p2b: Hiner\n|-damage|p2b: Hiner|4\/100\n|-clearboost|p2b: Hiner\n|move|p2b: Hiner|Thunder Punch|p1b: Flutter Mane\n|-damage|p1b: Flutter Mane|22\/100\n|cant|p2a: Bruno Bucharachi|slp\n|\n|upkeep\n|turn|8\n|\n|t:|1682023242\n|-end|p2b: Hiner|Quark Drive|[silent]\n|switch|p2b: Anabelly|Mimikyu-Busted, L50, F|88\/100\n|move|p1b: Flutter Mane|Dazzling Gleam|p2b: Anabelly|[spread] p2a,p2b\n|-damage|p2a: Bruno Bucharachi|49\/100 slp\n|-damage|p2b: Anabelly|53\/100\n|move|p1a: Gastrodon|Clear Smog|p2a: Bruno Bucharachi\n|-supereffective|p2a: Bruno Bucharachi\n|-damage|p2a: Bruno Bucharachi|26\/100 slp\n|-clearboost|p2a: Bruno Bucharachi\n|-curestatus|p2a: Bruno Bucharachi|slp|[msg]\n|move|p2a: Bruno Bucharachi|Hyper Voice|p1a: Gastrodon|[spread] p1a,p1b\n|-damage|p1a: Gastrodon|0 fnt\n|-damage|p1b: Flutter Mane|0 fnt\n|faint|p1a: Gastrodon\n|faint|p1b: Flutter Mane\n|-end|p1b: Flutter Mane|Protosynthesis|[silent]\n|-enditem|p2a: Bruno Bucharachi|Throat Spray\n|-boost|p2a: Bruno Bucharachi|spa|1|[from] item: Throat Spray\n|\n|upkeep\n|\n|t:|1682023255\n|switch|p1b: Amoonguss|Amoonguss, L50, F|90\/100\n|turn|9\n|\n|t:|1682023276\n|move|p2b: Anabelly|Shadow Claw|p1b: Amoonguss\n|-damage|p1b: Amoonguss|67\/100\n|move|p2a: Bruno Bucharachi|Hyper Voice|p1b: Amoonguss\n|-resisted|p1b: Amoonguss\n|-damage|p1b: Amoonguss|30\/100\n|-enditem|p1b: Amoonguss|Sitrus Berry|[eat]\n|-heal|p1b: Amoonguss|55\/100|[from] item: Sitrus Berry\n|move|p1b: Amoonguss|Pollen Puff|p2a: Bruno Bucharachi\n|-resisted|p2a: Bruno Bucharachi\n|-damage|p2a: Bruno Bucharachi|19\/100\n|\n|upkeep\n|turn|10\n|-message|LemonGrassVGC forfeited.\n|\n|win|Renan 26\n|raw|LemonGrassVGC's rating: 1207 → 1183<\/strong> (-24 for losing)\n|raw|Renan 26's rating: 1219 → 1243<\/strong> (+24 for winning)\n|l|\u2606LemonGrassVGC\n","uploadtime":1682023291,"views":7,"p1id":"lemongrassvgc","p2id":"renan26","formatid":"gen9vgc2023regulationc","rating":1183,"private":0,"password":""}