{"id":"gen9vgc2023regulationc-1846552730","p1":"OnHoldWithTheIRS","p2":"Escatross","format":"[Gen 9] VGC 2023 Regulation C","log":"|j|\u2606OnHoldWithTheIRS\n|j|\u2606Escatross\n|t:|1681850954\n|gametype|doubles\n|player|p1|OnHoldWithTheIRS|clerk|1221\n|player|p2|Escatross|266|1290\n|teamsize|p1|5\n|teamsize|p2|6\n|gen|9\n|tier|[Gen 9] VGC 2023 Regulation C\n|rated|\n|rule|Species Clause: Limit one of each Pok\u00e9mon\n|rule|Item Clause: Limit one of each item\n|clearpoke\n|poke|p1|Tsareena, L50, F|\n|poke|p1|Ceruledge, L50, F|\n|poke|p1|Iron Bundle, L50|\n|poke|p1|Ting-Lu, L50|\n|poke|p1|Amoonguss, L50, M|\n|poke|p2|Flutter Mane, L50|\n|poke|p2|Kingambit, L50, F|\n|poke|p2|Arcanine, L50, F|\n|poke|p2|Palafin, L50, M|\n|poke|p2|Pelipper, L50, F|\n|poke|p2|Sandy Shocks, L50|\n|teampreview|4\nOnHoldWithTheIRS has agreed to open team sheets.\n|inactive|Battle timer is ON: inactive players will automatically lose when time's up. (requested by Escatross)\n|\n|t:|1681851015\n|start\n|switch|p1a: Amoonguss|Amoonguss, L50, M|100\/100\n|switch|p1b: Ceruledge|Ceruledge, L50, F|100\/100\n|switch|p2a: Flutter Mane|Flutter Mane, L50|100\/100\n|switch|p2b: Sandy Shocks|Sandy Shocks, L50|100\/100\n|-enditem|p2a: Flutter Mane|Booster Energy\n|-activate|p2a: Flutter Mane|ability: Protosynthesis|[fromitem]\n|-start|p2a: Flutter Mane|protosynthesisspa\n|turn|1\n|inactive|Escatross has 30 seconds left.\n|inactive|Escatross has 20 seconds left.\n|\n|t:|1681851053\n|move|p1b: Ceruledge|Protect|p1b: Ceruledge\n|-singleturn|p1b: Ceruledge|Protect\n|move|p2a: Flutter Mane|Shadow Ball|p1a: Amoonguss\n|-damage|p1a: Amoonguss|54\/100\n|move|p2b: Sandy Shocks|Earth Power|p1a: Amoonguss\n|-crit|p1a: Amoonguss\n|-damage|p1a: Amoonguss|0 fnt\n|faint|p1a: Amoonguss\n|\n|upkeep\n|\n|t:|1681851065\n|switch|p1a: Iron Bundle|Iron Bundle, L50|100\/100\n|turn|2\n|\n|t:|1681851083\n|-terastallize|p1a: Iron Bundle|Ice\n|move|p1b: Ceruledge|Shadow Sneak|p2a: Flutter Mane\n|-supereffective|p2a: Flutter Mane\n|-damage|p2a: Flutter Mane|30\/100\n|move|p1a: Iron Bundle|Icy Wind|p2b: Sandy Shocks|[spread] p2a,p2b\n|-supereffective|p2b: Sandy Shocks\n|-damage|p2a: Flutter Mane|0 fnt\n|-damage|p2b: Sandy Shocks|0 fnt\n|faint|p2a: Flutter Mane\n|-end|p2a: Flutter Mane|Protosynthesis|[silent]\n|faint|p2b: Sandy Shocks\n|-end|p2b: Sandy Shocks|Protosynthesis|[silent]\n|\n|upkeep\n|\n|t:|1681851098\n|switch|p2a: Arcanine|Arcanine, L50, F|100\/100\n|switch|p2b: Kingambit|Kingambit, L50, F|100\/100\n|-ability|p2a: Arcanine|Intimidate|boost\n|-unboost|p1a: Iron Bundle|atk|1\n|-fail|p1b: Ceruledge|unboost|[from] item: Clear Amulet|[of] p1b: Ceruledge\n|turn|3\n|inactive|Escatross has 30 seconds left.\n|\n|t:|1681851127\n|-terastallize|p2a: Arcanine|Flying\n|move|p1a: Iron Bundle|Protect|p1a: Iron Bundle\n|-singleturn|p1a: Iron Bundle|Protect\n|move|p2a: Arcanine|Howl|p2a: Arcanine|[spread] p2a,p2b\n|-boost|p2a: Arcanine|atk|1\n|-boost|p2b: Kingambit|atk|1\n|move|p1b: Ceruledge|Bitter Blade|p2b: Kingambit\n|-supereffective|p2b: Kingambit\n|-damage|p2b: Kingambit|24\/100\n|move|p2b: Kingambit|Kowtow Cleave|p1a: Iron Bundle\n|-activate|p1a: Iron Bundle|move: Protect\n|\n|upkeep\n|turn|4\n|inactive|OnHoldWithTheIRS has 30 seconds left.\n|inactive|Escatross has 30 seconds left.\n|\n|t:|1681851159\n|-end|p1a: Iron Bundle|Quark Drive|[silent]\n|switch|p1a: Tsareena|Tsareena, L50, F|100\/100\n|move|p2b: Kingambit|Protect|p2b: Kingambit\n|-singleturn|p2b: Kingambit|Protect\n|move|p2a: Arcanine|Flare Blitz|p1a: Tsareena\n|-supereffective|p1a: Tsareena\n|-damage|p1a: Tsareena|0 fnt\n|faint|p1a: Tsareena\n|-damage|p2a: Arcanine|71\/100|[from] Recoil\n|move|p1b: Ceruledge|Bitter Blade|p2b: Kingambit\n|-activate|p2b: Kingambit|move: Protect\n|\n|upkeep\n|\n|t:|1681851173\n|switch|p1a: Iron Bundle|Iron Bundle, L50, tera:Ice|100\/100\n|turn|5\n|\n|t:|1681851184\n|move|p1b: Ceruledge|Shadow Sneak|p2b: Kingambit\n|-resisted|p2b: Kingambit\n|-damage|p2b: Kingambit|16\/100\n|move|p2b: Kingambit|Sucker Punch||[still]\n|-fail|p2b: Kingambit\n|move|p1a: Iron Bundle|Icy Wind|p2a: Arcanine|[spread] p2a,p2b\n|-supereffective|p2a: Arcanine\n|-resisted|p2b: Kingambit\n|-damage|p2a: Arcanine|0 fnt\n|-damage|p2b: Kingambit|0 fnt\n|faint|p2a: Arcanine\n|faint|p2b: Kingambit\n|\n|win|OnHoldWithTheIRS\n|raw|OnHoldWithTheIRS's rating: 1221 → 1251<\/strong> (+30 for winning)\n|raw|Escatross's rating: 1290 → 1260<\/strong> (-30 for losing)\n","uploadtime":1681851197,"views":4,"p1id":"onholdwiththeirs","p2id":"escatross","formatid":"gen9vgc2023regulationc","rating":1251,"private":0,"password":""}