{"id":"gen9vgc2023regulationc-1860053951","p1":"MoboyPlaysPokemon","p2":"reinii","format":"[Gen 9] VGC 2023 Regulation C","log":"|j|\u2606MoboyPlaysPokemon\n|j|\u2606reinii\n|t:|1683589778\n|gametype|doubles\n|player|p1|MoboyPlaysPokemon|170|\n|player|p2|reinii|265|\n|teamsize|p1|6\n|teamsize|p2|6\n|gen|9\n|tier|[Gen 9] VGC 2023 Regulation C\n|rule|Species Clause: Limit one of each Pok\u00e9mon\n|rule|Item Clause: Limit one of each item\n|clearpoke\n|poke|p1|Meowscarada, L50, M|\n|poke|p1|Iron Thorns, L50|\n|poke|p1|Indeedee-F, L50, F|\n|poke|p1|Bruxish, L50, M|\n|poke|p1|Toxapex, L50, F|\n|poke|p1|Kingambit, L50, M|\n|poke|p2|Annihilape, L50, F|\n|poke|p2|Venomoth, L50, M|\n|poke|p2|Florges-Yellow, L50, F|\n|poke|p2|Arcanine, L50, M|\n|poke|p2|Palafin, L50, F|\n|poke|p2|Ting-Lu, L50|\n|teampreview|4\n|j| judevgc\n|\n|t:|1683589857\n|start\n|switch|p1a: Muffin Baker|Indeedee-F, L50, F|100\/100\n|switch|p1b: Ambuscade|Toxapex, L50, F, shiny|100\/100\n|switch|p2a: Palafin|Palafin, L50, F|100\/100\n|switch|p2b: Arcanine|Arcanine, L50, M, shiny|100\/100\n|-ability|p2b: Arcanine|Intimidate|boost\n|-unboost|p1a: Muffin Baker|atk|1\n|-unboost|p1b: Ambuscade|atk|1\n|-fieldstart|move: Psychic Terrain|[from] ability: Psychic Surge|[of] p1a: Muffin Baker\n|-enditem|p1a: Muffin Baker|Psychic Seed\n|-boost|p1a: Muffin Baker|spd|1|[from] item: Psychic Seed\n|turn|1\n|\n|t:|1683589883\n|detailschange|p2a: Palafin|Palafin-Hero, L50, F\n|switch|p2a: Annihilape|Annihilape, L50, F|100\/100\n|-terastallize|p2b: Arcanine|Steel\n|move|p1a: Muffin Baker|Follow Me|p1a: Muffin Baker\n|-singleturn|p1a: Muffin Baker|move: Follow Me\n|move|p2b: Arcanine|Crunch|p1a: Muffin Baker\n|-supereffective|p1a: Muffin Baker\n|-damage|p1a: Muffin Baker|15\/100\n|-damage|p2b: Arcanine|91\/100|[from] item: Life Orb\n|move|p1b: Ambuscade|Toxic Spikes|p2b: Arcanine\n|-sidestart|p2: reinii|move: Toxic Spikes\n|\n|upkeep\n|turn|2\n|\n|t:|1683589929\n|switch|p2b: Palafin|Palafin-Hero, L50, F|100\/100\n|-status|p2b: Palafin|psn\n|-activate|p2b: Palafin|ability: Zero to Hero\n|move|p1b: Ambuscade|Baneful Bunker|p1b: Ambuscade\n|-singleturn|p1b: Ambuscade|move: Protect\n|move|p2a: Annihilape|Earthquake|p1b: Ambuscade|[spread] p2b,p1a\n|-activate|p1b: Ambuscade|move: Protect\n|-damage|p2b: Palafin|74\/100 psn\n|-damage|p1a: Muffin Baker|0 fnt\n|faint|p1a: Muffin Baker\n|\n|-damage|p2b: Palafin|62\/100 psn|[from] psn\n|upkeep\n|\n|t:|1683589956\n|switch|p1a: Fallacious Feline|Meowscarada, L50, M|100\/100\n|turn|3\n|\n|t:|1683589997\n|switch|p2a: Venomoth|Venomoth, L50, M, shiny|100\/100\n|-sideend|p2: reinii|move: Toxic Spikes|[of] p2a: Venomoth\n|switch|p2b: Arcanine|Arcanine, L50, M, shiny, tera:Steel|91\/100\n|-ability|p2b: Arcanine|Intimidate|boost\n|-unboost|p1a: Fallacious Feline|atk|1\n|-unboost|p1b: Ambuscade|atk|1\n|-terastallize|p1a: Fallacious Feline|Flying\n|move|p1a: Fallacious Feline|Acrobatics|p2a: Venomoth\n|-supereffective|p2a: Venomoth\n|-damage|p2a: Venomoth|0 fnt\n|faint|p2a: Venomoth\n|-damage|p1a: Fallacious Feline|91\/100|[from] item: Life Orb\n|move|p1b: Ambuscade|Toxic Spikes|p2b: Arcanine\n|-sidestart|p2: reinii|move: Toxic Spikes\n|\n|upkeep\n|\n|t:|1683590011\n|switch|p2a: Annihilape|Annihilape, L50, F|100\/100\n|-status|p2a: Annihilape|psn\n|turn|4\n|\n|t:|1683590065\n|move|p2a: Annihilape|Final Gambit|p1b: Ambuscade\n|-damage|p1b: Ambuscade|0 fnt\n|faint|p2a: Annihilape\n|faint|p1b: Ambuscade\n|move|p2b: Arcanine|Flare Blitz|p1a: Fallacious Feline\n|-damage|p1a: Fallacious Feline|9\/100\n|-status|p1a: Fallacious Feline|brn\n|-damage|p2b: Arcanine|67\/100|[from] Recoil\n|-damage|p2b: Arcanine|57\/100|[from] item: Life Orb\n|move|p1a: Fallacious Feline|Acrobatics|p2b: Arcanine\n|-resisted|p2b: Arcanine\n|-damage|p2b: Arcanine|50\/100\n|-damage|p1a: Fallacious Feline|0 fnt|[from] item: Life Orb\n|faint|p1a: Fallacious Feline\n|\n|upkeep\n|\n|t:|1683590082\n|switch|p2a: Palafin|Palafin-Hero, L50, F|62\/100 psn\n|switch|p1a: Jade Colossus|Iron Thorns, L50|100\/100\n|turn|5\n|\n|t:|1683590099\n|move|p1a: Jade Colossus|Protect|p1a: Jade Colossus\n|-singleturn|p1a: Jade Colossus|Protect\n|move|p2a: Palafin|Drain Punch|p1a: Jade Colossus\n|-activate|p1a: Jade Colossus|move: Protect\n|move|p2b: Arcanine|Close Combat|p1a: Jade Colossus\n|-activate|p1a: Jade Colossus|move: Protect\n|\n|-damage|p2a: Palafin|50\/100 psn|[from] psn\n|-fieldend|move: Psychic Terrain\n|upkeep\n|turn|6\n|\n|t:|1683590141\n|move|p2a: Palafin|Drain Punch|p1a: Jade Colossus\n|-supereffective|p1a: Jade Colossus\n|-damage|p1a: Jade Colossus|50\/100\n|-heal|p2a: Palafin|79\/100 psn|[from] drain|[of] p1a: Jade Colossus\n|move|p2b: Arcanine|Close Combat|p1a: Jade Colossus\n|-supereffective|p1a: Jade Colossus\n|-damage|p1a: Jade Colossus|0 fnt\n|-unboost|p2b: Arcanine|def|1\n|-unboost|p2b: Arcanine|spd|1\n|faint|p1a: Jade Colossus\n|-end|p1a: Jade Colossus|Quark Drive|[silent]\n|-damage|p2b: Arcanine|40\/100|[from] item: Life Orb\n|\n|win|reinii\n|c|\u2606reinii|gg\n|c|\u2606MoboyPlaysPokemon|gg\n|l| judevgc\n|j| judevgc\n","uploadtime":1683590159,"views":13,"p1id":"moboyplayspokemon","p2id":"reinii","formatid":"gen9vgc2023regulationc","rating":0,"private":0,"password":""}