{"id":"gen9vgc2023regulationc-1861504554","p1":"dolphinsfan254","p2":"BossgodoraIII","format":"[Gen 9] VGC 2023 Regulation C","log":"|j|\u2606dolphinsfan254\n|j|\u2606BossgodoraIII\n|t:|1683766069\n|gametype|doubles\n|player|p1|dolphinsfan254|medium|\n|player|p2|BossgodoraIII|gentleman-gen4|\n|teamsize|p1|6\n|teamsize|p2|6\n|gen|9\n|tier|[Gen 9] VGC 2023 Regulation C\n|rule|Species Clause: Limit one of each Pok\u00e9mon\n|rule|Item Clause: Limit one of each item\n|clearpoke\n|poke|p1|Iron Treads, L50|\n|poke|p1|Palafin, L50, F|\n|poke|p1|Salamence, L50, F|\n|poke|p1|Breloom, L50, M|\n|poke|p1|Indeedee, L50, M|\n|poke|p1|Rotom-Fan, L50|\n|poke|p2|Dondozo, L50, M|\n|poke|p2|Tatsugiri, L50, M|\n|poke|p2|Iron Valiant, L50|\n|poke|p2|Clodsire, L50, M|\n|poke|p2|Drifblim, L50, M|\n|poke|p2|Grimmsnarl, L50, M|\n|teampreview|4\n|j| Onassi2\ndolphinsfan254 rejected open team sheets.\n|c|\u2606dolphinsfan254|glhf!\n|j| WindyEng\n|c|\u2606BossgodoraIII|u2\n|j| Pinapplehead\n|l| WindyEng\n|j| WindyEng\n|j| losteffect\n|\n|t:|1683766233\n|start\n|switch|p1a: Dolphin|Palafin, L50, F|100\/100\n|switch|p1b: Clicker|Breloom, L50, M|100\/100\n|switch|p2a: Bubba|Dondozo, L50, M|100\/100\n|switch|p2b: Ragglesnaggle|Grimmsnarl, L50, M, shiny|100\/100\n|turn|1\n|j| sadwithpower\n|\n|t:|1683766295\n|detailschange|p1a: Dolphin|Palafin-Hero, L50, F\n|switch|p1a: Soaring Salamander|Salamence, L50, F|100\/100\n|-ability|p1a: Soaring Salamander|Intimidate|boost\n|-fail|p2a: Bubba|unboost|Attack|[from] ability: Oblivious|[of] p2a: Bubba\n|-unboost|p2b: Ragglesnaggle|atk|1\n|move|p2b: Ragglesnaggle|Misty Terrain|p2b: Ragglesnaggle\n|-fieldstart|move: Misty Terrain\n|-enditem|p2b: Ragglesnaggle|Misty Seed\n|-boost|p2b: Ragglesnaggle|spd|1|[from] item: Misty Seed\n|move|p1b: Clicker|Spore|p2a: Bubba\n|-activate|p2a: Bubba|move: Misty Terrain\n|move|p2a: Bubba|Heavy Slam|p1b: Clicker\n|-damage|p1b: Clicker|47\/100\n|\n|upkeep\n|turn|2\n|c|\u2606dolphinsfan254|You're the worst\n|c| Onassi2|wow, cool tech\n|c|\u2606dolphinsfan254|You know that?\n|c| WindyEng|Lol amazing\n|c|\u2606BossgodoraIII|of course ;)\n|c| Onassi2|salamence is sad too lol, that's awesome\n|c|\u2606dolphinsfan254|And oblivious?\n|c|\u2606dolphinsfan254|Should have brought the dog\n|\n|t:|1683766422\n|move|p1a: Soaring Salamander|Focus Energy|p1a: Soaring Salamander\n|-start|p1a: Soaring Salamander|move: Focus Energy\n|move|p1b: Clicker|Bullet Seed|p2a: Bubba\n|-supereffective|p2a: Bubba\n|-damage|p2a: Bubba|73\/100\n|-supereffective|p2a: Bubba\n|-damage|p2a: Bubba|43\/100\n|-supereffective|p2a: Bubba\n|-damage|p2a: Bubba|13\/100\n|-supereffective|p2a: Bubba\n|-crit|p2a: Bubba\n|-damage|p2a: Bubba|0 fnt\n|faint|p2a: Bubba\n|-hitcount|p2: Bubba|4\n|move|p2b: Ragglesnaggle|Spirit Break|p1b: Clicker\n|-supereffective|p1b: Clicker\n|-damage|p1b: Clicker|0 fnt\n|faint|p1b: Clicker\n|\n|upkeep\n|c| WindyEng|Meaty bullet seed\n|\n|t:|1683766452\n|switch|p1b: Kind Dede|Indeedee, L50, M|100\/100\n|switch|p2a: Tatsugiri|Tatsugiri, L50, M|100\/100\n|-fieldstart|move: Psychic Terrain|[from] ability: Psychic Surge|[of] p1b: Kind Dede\n|turn|3\n|c|\u2606BossgodoraIII|hits like a truck\n|c|\u2606dolphinsfan254|Almost clicked that last turn. Sad clicker noises.\n|c| Onassi2|cluck\n|\n|t:|1683766529\n|-terastallize|p1a: Soaring Salamander|Steel\n|move|p2a: Tatsugiri|Draco Meteor|p1a: Soaring Salamander\n|-resisted|p1a: Soaring Salamander\n|-damage|p1a: Soaring Salamander|60\/100\n|-unboost|p2a: Tatsugiri|spa|2\n|move|p1a: Soaring Salamander|Tailwind|p1a: Soaring Salamander\n|-sidestart|p1: dolphinsfan254|move: Tailwind\n|move|p1b: Kind Dede|Dazzling Gleam|p2a: Tatsugiri|[spread] p2a,p2b\n|-supereffective|p2a: Tatsugiri\n|-supereffective|p2b: Ragglesnaggle\n|-damage|p2a: Tatsugiri|50\/100\n|-damage|p2b: Ragglesnaggle|77\/100\n|move|p2b: Ragglesnaggle|Spirit Break|p1b: Kind Dede\n|-damage|p1b: Kind Dede|65\/100\n|-unboost|p1b: Kind Dede|spa|1\n|\n|upkeep\n|turn|4\n|c| Onassi2|what have you been feeding that indeedee\n|c|\u2606dolphinsfan254|testosterone\n|\n|t:|1683766631\n|move|p1a: Soaring Salamander|Draco Meteor|p2a: Tatsugiri|[miss]\n|-miss|p1a: Soaring Salamander|p2a: Tatsugiri\n|move|p1b: Kind Dede|Dazzling Gleam|p2a: Tatsugiri|[spread] p2a,p2b\n|-supereffective|p2a: Tatsugiri\n|-supereffective|p2b: Ragglesnaggle\n|-damage|p2a: Tatsugiri|19\/100\n|-damage|p2b: Ragglesnaggle|60\/100\n|move|p2a: Tatsugiri|Draco Meteor|p1b: Kind Dede\n|-damage|p1b: Kind Dede|28\/100\n|-unboost|p2a: Tatsugiri|spa|2\n|move|p2b: Ragglesnaggle|Spirit Break|p1b: Kind Dede\n|-damage|p1b: Kind Dede|0 fnt\n|faint|p1b: Kind Dede\n|\n|upkeep\n|l| Onassi2\n|j| Onassi2\n|\n|t:|1683766656\n|switch|p1b: Dolphin|Palafin-Hero, L50, F|100\/100\n|-activate|p1b: Dolphin|ability: Zero to Hero\n|turn|5\n|l| Pinapplehead\n|\n|t:|1683766714\n|move|p1a: Soaring Salamander|Heat Wave|p2b: Ragglesnaggle|[spread] p2a,p2b\n|-resisted|p2a: Tatsugiri\n|-crit|p2a: Tatsugiri\n|-crit|p2b: Ragglesnaggle\n|-damage|p2a: Tatsugiri|7\/100\n|-damage|p2b: Ragglesnaggle|29\/100\n|move|p1b: Dolphin|Wave Crash|p2b: Ragglesnaggle\n|-damage|p2b: Ragglesnaggle|0 fnt\n|faint|p2b: Ragglesnaggle\n|-damage|p1b: Dolphin|90\/100|[from] Recoil\n|move|p2a: Tatsugiri|Draco Meteor|p1b: Dolphin\n|-damage|p1b: Dolphin|64\/100\n|-unboost|p2a: Tatsugiri|spa|2\n|\n|upkeep\n|j| Pinapplehead\n|\n|t:|1683766727\n|switch|p2b: Clodsire|Clodsire, L50, M, shiny|100\/100\n|turn|6\n|c|\u2606dolphinsfan254|Made a really dumb typo in my moves and hoping it doesn't come back to bite me...\n|c|\u2606BossgodoraIII|you me both\n|l| WindyEng\n|j| WindyEng\n|c| WindyEng|Loooool I wonder\u2026.\n|\n|t:|1683766809\n|move|p1b: Dolphin|Wave Crash|p2a: Tatsugiri\n|-resisted|p2a: Tatsugiri\n|-damage|p2a: Tatsugiri|0 fnt\n|faint|p2a: Tatsugiri\n|-damage|p1b: Dolphin|62\/100|[from] Recoil\n|move|p1a: Soaring Salamander|Draco Meteor|p2b: Clodsire\n|-crit|p2b: Clodsire\n|-damage|p2b: Clodsire|27\/100\n|-unboost|p1a: Soaring Salamander|spa|2\n|move|p2b: Clodsire|Toxic|p1b: Dolphin\n|-status|p1b: Dolphin|tox\n|\n|-heal|p2b: Clodsire|33\/100|[from] item: Black Sludge\n|-damage|p1b: Dolphin|56\/100 tox|[from] psn\n|-sideend|p1: dolphinsfan254|move: Tailwind\n|upkeep\n|turn|7\n|\n|t:|1683766841\n|move|p2b: Clodsire|Protect|p2b: Clodsire\n|-singleturn|p2b: Clodsire|Protect\n|move|p1a: Soaring Salamander|Draco Meteor|p2b: Clodsire\n|-activate|p2b: Clodsire|move: Protect\n|move|p1b: Dolphin|Haze|p1b: Dolphin\n|-clearallboost\n|\n|-heal|p2b: Clodsire|38\/100|[from] item: Black Sludge\n|-damage|p1b: Dolphin|43\/100 tox|[from] psn\n|-fieldend|move: Psychic Terrain\n|upkeep\n|-enditem|p1b: Dolphin|Sitrus Berry|[eat]\n|-heal|p1b: Dolphin|68\/100 tox|[from] item: Sitrus Berry\n|turn|8\n|\n|t:|1683766857\n|move|p1a: Soaring Salamander|Draco Meteor|p2b: Clodsire\n|-crit|p2b: Clodsire\n|-damage|p2b: Clodsire|0 fnt\n|-unboost|p1a: Soaring Salamander|spa|2\n|faint|p2b: Clodsire\n|\n|win|dolphinsfan254\n|c|\u2606BossgodoraIII|ggwp\n|c|\u2606dolphinsfan254|gg, wp\n","uploadtime":1683766865,"views":15,"p1id":"dolphinsfan254","p2id":"bossgodoraiii","formatid":"gen9vgc2023regulationc","rating":0,"private":0,"password":""}