{"id":"gen9vgc2023regulationc-1850552264","p1":"nachitou","p2":"Tivmi","format":"[Gen 9] VGC 2023 Regulation C","log":"|j|\u2606nachitou\n|j|\u2606Tivmi\n|t:|1682348013\n|gametype|doubles\n|player|p1|nachitou|266|1112\n|player|p2|Tivmi|iris-gen5bw2|1198\n|teamsize|p1|6\n|teamsize|p2|6\n|gen|9\n|tier|[Gen 9] VGC 2023 Regulation C\n|rated|\n|rule|Species Clause: Limit one of each Pok\u00e9mon\n|rule|Item Clause: Limit one of each item\n|clearpoke\n|poke|p1|Flutter Mane, L50|\n|poke|p1|Amoonguss, L50, M|\n|poke|p1|Arcanine, L50, F|\n|poke|p1|Ting-Lu, L50|\n|poke|p1|Palafin, L50, M|\n|poke|p1|Roaring Moon, L50|\n|poke|p2|Kingambit, L50, F|\n|poke|p2|Amoonguss, L50, F|\n|poke|p2|Dragapult, L50, F|\n|poke|p2|Chien-Pao, L50|\n|poke|p2|Glimmora, L50, F|\n|poke|p2|Maushold-Four, L50|\n|teampreview|4\n|inactive|Battle timer is ON: inactive players will automatically lose when time's up. (requested by nachitou)\n|\n|t:|1682348033\n|start\n|switch|p1a: Flutter Mane|Flutter Mane, L50|100\/100\n|switch|p1b: Arcanine|Arcanine, L50, F|100\/100\n|switch|p2a: Kingambit|Kingambit, L50, F|100\/100\n|switch|p2b: Maushold|Maushold-Four, L50|100\/100\n|-ability|p1b: Arcanine|Intimidate|boost\n|-unboost|p2a: Kingambit|atk|1\n|-ability|p2a: Kingambit|Defiant|boost\n|-boost|p2a: Kingambit|atk|2\n|-unboost|p2b: Maushold|atk|1\n|turn|1\n|inactive|nachitou has 30 seconds left.\n|inactive|Tivmi has 30 seconds left.\n|inactive|nachitou has 20 seconds left.\n|\n|t:|1682348069\n|-end|p1a: Flutter Mane|Protosynthesis|[silent]\n|switch|p1a: Ting-Lu|Ting-Lu, L50|100\/100\n|-ability|p1a: Ting-Lu|Vessel of Ruin\n|move|p2b: Maushold|Follow Me|p2b: Maushold\n|-singleturn|p2b: Maushold|move: Follow Me\n|move|p1b: Arcanine|Flare Blitz|p2b: Maushold\n|-damage|p2b: Maushold|41\/100\n|-damage|p1b: Arcanine|82\/100|[from] Recoil\n|move|p2a: Kingambit|Iron Head|p1a: Ting-Lu\n|-damage|p1a: Ting-Lu|56\/100\n|\n|upkeep\n|turn|2\n|inactive|nachitou has 30 seconds left.\n|inactive|Tivmi has 30 seconds left.\n|\n|t:|1682348097\n|-terastallize|p2a: Kingambit|Flying\n|move|p2b: Maushold|Follow Me|p2b: Maushold\n|-singleturn|p2b: Maushold|move: Follow Me\n|move|p1b: Arcanine|Flare Blitz|p2b: Maushold\n|-crit|p2b: Maushold\n|-damage|p2b: Maushold|0 fnt\n|faint|p2b: Maushold\n|-damage|p1b: Arcanine|70\/100|[from] Recoil\n|move|p2a: Kingambit|Tera Blast|p1b: Arcanine\n|-damage|p1b: Arcanine|0 fnt\n|faint|p1b: Arcanine\n|move|p1a: Ting-Lu|Heavy Slam|p2a: Kingambit\n|-damage|p2a: Kingambit|71\/100\n|\n|upkeep\n|\n|t:|1682348122\n|switch|p2b: Dragapult|Dragapult, L50, F|100\/100\n|switch|p1b: Flutter Mane|Flutter Mane, L50|100\/100\n|turn|3\n|\n|t:|1682348139\n|move|p2a: Kingambit|Protect|p2a: Kingambit\n|-singleturn|p2a: Kingambit|Protect\n|move|p2b: Dragapult|Phantom Force||[still]\n|-prepare|p2b: Dragapult|Phantom Force\n|move|p1b: Flutter Mane|Thunderbolt|p2a: Kingambit\n|-activate|p2a: Kingambit|move: Protect\n|move|p1a: Ting-Lu|Fissure|p2a: Kingambit\n|-activate|p2a: Kingambit|move: Protect\n|\n|upkeep\n|turn|4\n|inactive|Tivmi has 30 seconds left.\n|inactive|Tivmi has 20 seconds left.\n|\n|t:|1682348178\n|-end|p1b: Flutter Mane|Protosynthesis|[silent]\n|switch|p1b: Roaring Moon|Roaring Moon, L50|100\/100\n|-enditem|p1b: Roaring Moon|Booster Energy\n|-activate|p1b: Roaring Moon|ability: Protosynthesis|[fromitem]\n|-start|p1b: Roaring Moon|protosynthesisatk\n|move|p2b: Dragapult|Phantom Force|p1b: Roaring Moon|[from]lockedmove\n|-resisted|p1b: Roaring Moon\n|-damage|p1b: Roaring Moon|56\/100\n|move|p2a: Kingambit|Iron Head|p1a: Ting-Lu\n|-damage|p1a: Ting-Lu|11\/100\n|move|p1a: Ting-Lu|Stomping Tantrum|p2a: Kingambit\n|-immune|p2a: Kingambit\n|\n|upkeep\n|turn|5\n|inactive|nachitou has 30 seconds left.\n|inactive|Tivmi has 30 seconds left.\n|inactive|Tivmi has 20 seconds left.\n|inactive|Tivmi has 15 seconds left.\n|inactive|Tivmi has 10 seconds left.\n|inactive|Tivmi has 5 seconds left.\n|\n|t:|1682348229\n|-terastallize|p1b: Roaring Moon|Flying\n|move|p2b: Dragapult|Phantom Force||[still]\n|-prepare|p2b: Dragapult|Phantom Force\n|move|p1b: Roaring Moon|Acrobatics|p2a: Kingambit\n|-damage|p2a: Kingambit|4\/100\n|move|p2a: Kingambit|Iron Head|p1b: Roaring Moon\n|-damage|p1b: Roaring Moon|0 fnt\n|faint|p1b: Roaring Moon\n|-end|p1b: Roaring Moon|Protosynthesis|[silent]\n|move|p1a: Ting-Lu|Stomping Tantrum|p2b: Dragapult|[miss]\n|-miss|p1a: Ting-Lu|p2b: Dragapult\n|\n|upkeep\n|\n|t:|1682348239\n|switch|p1b: Flutter Mane|Flutter Mane, L50|100\/100\n|turn|6\n|inactive|nachitou has 30 seconds left.\n|\n|t:|1682348265\n|move|p2b: Dragapult|Phantom Force|p1b: Flutter Mane|[from]lockedmove\n|-supereffective|p1b: Flutter Mane\n|-damage|p1b: Flutter Mane|0 fnt\n|faint|p1b: Flutter Mane\n|-end|p1b: Flutter Mane|Protosynthesis|[silent]\n|move|p2a: Kingambit|Iron Head|p1a: Ting-Lu\n|-damage|p1a: Ting-Lu|0 fnt\n|faint|p1a: Ting-Lu\n|\n|win|Tivmi\n|raw|nachitou's rating: 1112 → 1093<\/strong> (-19 for losing)\n|raw|Tivmi's rating: 1198 → 1217<\/strong> (+19 for winning)\n|l|\u2606nachitou\n","uploadtime":1682348283,"views":24,"p1id":"nachitou","p2id":"tivmi","formatid":"gen9vgc2023regulationc","rating":1093,"private":0,"password":""}