{"id":"gen9vgc2023regulationc-1846365745","p1":"bronzongbroomsvgc","p2":"mindungi","format":"[Gen 9] VGC 2023 Regulation C","log":"|j|\u2606bronzongbroomsvgc\n|j|\u2606mindungi\n|t:|1681835052\n|gametype|doubles\n|player|p1|bronzongbroomsvgc|265|1351\n|player|p2|mindungi|170|1433\n|teamsize|p1|6\n|teamsize|p2|6\n|gen|9\n|tier|[Gen 9] VGC 2023 Regulation C\n|rated|\n|rule|Species Clause: Limit one of each Pok\u00e9mon\n|rule|Item Clause: Limit one of each item\n|clearpoke\n|poke|p1|Goodra, L50, M|\n|poke|p1|Wo-Chien, L50|\n|poke|p1|Pelipper, L50, F|\n|poke|p1|Corviknight, L50, M|\n|poke|p1|Tatsugiri-Droopy, L50, F|\n|poke|p1|Dondozo, L50, F|\n|poke|p2|Wo-Chien, L50|\n|poke|p2|Glimmora, L50, F|\n|poke|p2|Ting-Lu, L50|\n|poke|p2|Flutter Mane, L50|\n|poke|p2|Arcanine, L50, F|\n|poke|p2|Palafin, L50, F|\n|teampreview|4\n|\n|t:|1681835088\n|start\n|switch|p1a: Corviknight|Corviknight, L50, M|100\/100\n|switch|p1b: Dondozo|Dondozo, L50, F|100\/100\n|switch|p2a: Ting-Lu|Ting-Lu, L50|100\/100\n|switch|p2b: Glimmora|Glimmora, L50, F|100\/100\n|-ability|p2a: Ting-Lu|Vessel of Ruin\n|turn|1\n|inactive|Battle timer is ON: inactive players will automatically lose when time's up. (requested by mindungi)\n|j| gorilnx\n|\n|t:|1681835108\n|switch|p2b: Wo-Chien|Wo-Chien, L50|100\/100\n|-ability|p2b: Wo-Chien|Tablets of Ruin\n|move|p1a: Corviknight|U-turn|p2a: Ting-Lu\n|-supereffective|p2a: Ting-Lu\n|-damage|p2a: Ting-Lu|74\/100\n|l| gorilnx\n|\n|t:|1681835117\n|switch|p1a: Goodra|Goodra, L50, M|100\/100|[from] U-turn\n|move|p1b: Dondozo|Surf|p2b: Wo-Chien|[spread] p1a,p2a,p2b\n|-resisted|p1a: Goodra\n|-supereffective|p2a: Ting-Lu\n|-resisted|p2b: Wo-Chien\n|-damage|p1a: Goodra|94\/100\n|-damage|p2a: Ting-Lu|52\/100\n|-damage|p2b: Wo-Chien|95\/100\n|move|p2a: Ting-Lu|Stealth Rock|p1a: Goodra\n|-sidestart|p1: bronzongbroomsvgc|move: Stealth Rock\n|\n|-heal|p2b: Wo-Chien|100\/100|[from] item: Leftovers\n|upkeep\n|turn|2\n|\n|t:|1681835133\n|move|p1a: Goodra|Acid Armor|p1a: Goodra\n|-boost|p1a: Goodra|def|2\n|move|p1b: Dondozo|Fissure|p2b: Wo-Chien\n|-damage|p2b: Wo-Chien|0 fnt\n|faint|p2b: Wo-Chien\n|-ohko\n|move|p2a: Ting-Lu|Ruination|p1b: Dondozo\n|-damage|p1b: Dondozo|50\/100\n|\n|upkeep\n|c|\u2606bronzongbroomsvgc|oops\n|\n|t:|1681835144\n|switch|p2b: Glimmora|Glimmora, L50, F|100\/100\n|turn|3\n|\n|t:|1681835151\n|-terastallize|p2b: Glimmora|Steel\n|move|p1b: Dondozo|Protect|p1b: Dondozo\n|-singleturn|p1b: Dondozo|Protect\n|move|p2b: Glimmora|Mortal Spin|p1b: Dondozo|[spread] p1a\n|-activate|p1b: Dondozo|move: Protect\n|-damage|p1a: Goodra|92\/100\n|-status|p1a: Goodra|psn\n|move|p1a: Goodra|Muddy Water|p2a: Ting-Lu|[spread] p2a\n|-miss|p1a: Goodra|p2b: Glimmora\n|-supereffective|p2a: Ting-Lu\n|-damage|p2a: Ting-Lu|38\/100\n|move|p2a: Ting-Lu|Whirlwind|p1a: Goodra\n|drag|p1a: Tatsugiri|Tatsugiri-Droopy, L50, F, shiny|100\/100\n|-damage|p1a: Tatsugiri|88\/100|[from] Stealth Rock\n|-activate|p1a: Tatsugiri|ability: Commander|[of] p1b: Dondozo\n|-boost|p1b: Dondozo|atk|2\n|-boost|p1b: Dondozo|spa|2\n|-boost|p1b: Dondozo|spe|2\n|-boost|p1b: Dondozo|def|2\n|-boost|p1b: Dondozo|spd|2\n|\n|upkeep\n|turn|4\n|\n|t:|1681835170\n|switch|p2a: Arcanine|Arcanine, L50, F|100\/100\n|-ability|p2a: Arcanine|Intimidate|boost\n|-unboost|p1a: Tatsugiri|atk|1\n|-unboost|p1b: Dondozo|atk|1\n|-terastallize|p1b: Dondozo|Water\n|move|p1b: Dondozo|Surf|p2b: Glimmora|[spread] p2a,p2b\n|-miss|p1b: Dondozo|p1a: Tatsugiri\n|-supereffective|p2a: Arcanine\n|-damage|p2a: Arcanine|0 fnt\n|-damage|p2b: Glimmora|19\/100\n|-enditem|p2b: Glimmora|Sitrus Berry|[eat]\n|-heal|p2b: Glimmora|44\/100|[from] item: Sitrus Berry\n|faint|p2a: Arcanine\n|move|p2b: Glimmora|Mortal Spin|p1b: Dondozo|[spread] p1b\n|-miss|p2b: Glimmora|p1a: Tatsugiri\n|-damage|p1b: Dondozo|49\/100\n|-status|p1b: Dondozo|psn\n|\n|-damage|p1b: Dondozo|36\/100 psn|[from] psn\n|upkeep\n|\n|t:|1681835174\n|switch|p2a: Ting-Lu|Ting-Lu, L50|38\/100\n|-ability|p2a: Ting-Lu|Vessel of Ruin\n|turn|5\n|-message|mindungi forfeited.\n|\n|win|bronzongbroomsvgc\n|raw|bronzongbroomsvgc's rating: 1351 → 1374<\/strong> (+23 for winning)\n|raw|mindungi's rating: 1408 → 1385<\/strong> (-23 for losing)\n|l|\u2606mindungi\n","uploadtime":1681835189,"views":5,"p1id":"bronzongbroomsvgc","p2id":"mindungi","formatid":"gen9vgc2023regulationc","rating":1374,"private":0,"password":""}