{"id":"gen9vgc2023regulationc-1852391521","p1":"Sabosex","p2":"ApplinFan773","format":"[Gen 9] VGC 2023 Regulation C","log":"|j|\u2606Sabosex\n|j|\u2606ApplinFan773\n|t:|1682551863\n|gametype|doubles\n|player|p1|Sabosex|ghetsis|1125\n|player|p2|ApplinFan773|cilan|1165\n|teamsize|p1|6\n|teamsize|p2|6\n|gen|9\n|tier|[Gen 9] VGC 2023 Regulation C\n|rated|\n|rule|Species Clause: Limit one of each Pok\u00e9mon\n|rule|Item Clause: Limit one of each item\n|clearpoke\n|poke|p1|Ting-Lu, L50|\n|poke|p1|Iron Thorns, L50|\n|poke|p1|Gastrodon, L50, F|\n|poke|p1|Arcanine, L50, M|\n|poke|p1|Flutter Mane, L50|\n|poke|p1|Roaring Moon, L50|\n|poke|p2|Maushold-Four, L50|\n|poke|p2|Flutter Mane, L50|\n|poke|p2|Scream Tail, L50|\n|poke|p2|Arboliva, L50, F|\n|poke|p2|Ceruledge, L50, M|\n|poke|p2|Salamence, L50, M|\n|teampreview|4\n|inactive|Battle timer is ON: inactive players will automatically lose when time's up. (requested by ApplinFan773)\n|c|\u2606ApplinFan773|Glhf\n|inactive|Sabosex has 60 seconds left.\n|inactive|ApplinFan773 has 60 seconds left.\n|c|\u2606Sabosex|GL\n|inactive|Sabosex has 30 seconds left.\n|\n|t:|1682551928\n|start\n|switch|p1a: Iron Thorns|Iron Thorns, L50|100\/100\n|switch|p1b: Flutter Mane|Flutter Mane, L50|100\/100\n|switch|p2a: Salami|Salamence, L50, M, shiny|100\/100\n|switch|p2b: Persephone|Scream Tail, L50, shiny|100\/100\n|-ability|p2a: Salami|Intimidate|boost\n|-unboost|p1a: Iron Thorns|atk|1\n|-unboost|p1b: Flutter Mane|atk|1\n|-enditem|p2b: Persephone|Booster Energy\n|-activate|p2b: Persephone|ability: Protosynthesis|[fromitem]\n|-start|p2b: Persephone|protosynthesisspe\n|turn|1\n|l|\u2606ApplinFan773\n|inactive|ApplinFan773 disconnected and has a minute to reconnect!\n|player|p2|\n|j|\u2606ApplinFan773\n|inactive|ApplinFan773 reconnected and has 35 seconds left.\n|player|p2|ApplinFan773|cilan\n|inactive|ApplinFan773 has 30 seconds left.\n|inactive|ApplinFan773 has 20 seconds left.\n|\n|t:|1682551965\n|-end|p1a: Iron Thorns|Quark Drive|[silent]\n|switch|p1a: Gastrodon|Gastrodon, L50, F|100\/100\n|-terastallize|p1b: Flutter Mane|Fairy\n|move|p2a: Salami|Protect|p2a: Salami\n|-singleturn|p2a: Salami|Protect\n|move|p2b: Persephone|Misty Terrain|p2b: Persephone\n|-fieldstart|move: Misty Terrain\n|move|p1b: Flutter Mane|Icy Wind|p2b: Persephone|[spread] p2b\n|-activate|p2a: Salami|move: Protect\n|-damage|p2b: Persephone|89\/100\n|-unboost|p2b: Persephone|spe|1\n|\n|upkeep\n|turn|2\n|\n|t:|1682551987\n|move|p1b: Flutter Mane|Dazzling Gleam|p2b: Persephone|[spread] p2a,p2b\n|-supereffective|p2a: Salami\n|-damage|p2a: Salami|4\/100\n|-damage|p2b: Persephone|62\/100\n|move|p2b: Persephone|Disable|p1b: Flutter Mane\n|-start|p1b: Flutter Mane|Disable|Dazzling Gleam\n|move|p2a: Salami|Dual Wingbeat|p1b: Flutter Mane\n|-damage|p1b: Flutter Mane|52\/100\n|-damage|p1b: Flutter Mane|12\/100\n|-hitcount|p1b: Flutter Mane|2\n|move|p1a: Gastrodon|Muddy Water|p2a: Salami|[spread] p2a,p2b\n|-resisted|p2a: Salami\n|-damage|p2a: Salami|0 fnt\n|-damage|p2b: Persephone|42\/100\n|faint|p2a: Salami\n|\n|upkeep\n|\n|t:|1682552000\n|switch|p2a: Rhea|Arboliva, L50, F, shiny|100\/100\n|turn|3\n|\n|t:|1682552023\n|switch|p1a: Roaring Moon|Roaring Moon, L50|100\/100\n|-enditem|p1a: Roaring Moon|Booster Energy\n|-activate|p1a: Roaring Moon|ability: Protosynthesis|[fromitem]\n|-start|p1a: Roaring Moon|protosynthesisspe\n|move|p1b: Flutter Mane|Icy Wind|p2a: Rhea|[spread] p2a,p2b\n|-supereffective|p2a: Rhea\n|-damage|p2a: Rhea|72\/100\n|-damage|p2b: Persephone|32\/100\n|-unboost|p2a: Rhea|spe|1\n|-unboost|p2b: Persephone|spe|1\n|-fieldstart|move: Grassy Terrain|[from] ability: Seed Sower|[of] p2a: Rhea\n|move|p2b: Persephone|Play Rough|p1b: Flutter Mane\n|-damage|p1b: Flutter Mane|0 fnt\n|faint|p1b: Flutter Mane\n|-end|p1b: Flutter Mane|Protosynthesis|[silent]\n|move|p2a: Rhea|Dazzling Gleam|p1a: Roaring Moon\n|-supereffective|p1a: Roaring Moon\n|-damage|p1a: Roaring Moon|0 fnt\n|faint|p1a: Roaring Moon\n|-end|p1a: Roaring Moon|Protosynthesis|[silent]\n|\n|-heal|p2b: Persephone|38\/100|[from] Grassy Terrain\n|-heal|p2a: Rhea|78\/100|[from] Grassy Terrain\n|upkeep\n|\n|t:|1682552042\n|switch|p1b: Gastrodon|Gastrodon, L50, F|100\/100\n|switch|p1a: Iron Thorns|Iron Thorns, L50|100\/100\n|turn|4\n|\n|t:|1682552061\n|-terastallize|p2a: Rhea|Water\n|move|p2b: Persephone|Play Rough|p1b: Gastrodon|[miss]\n|-miss|p2b: Persephone|p1b: Gastrodon\n|move|p1a: Iron Thorns|Pin Missile|p2a: Rhea\n|-crit|p2a: Rhea\n|-damage|p2a: Rhea|60\/100\n|-damage|p2a: Rhea|49\/100\n|-damage|p2a: Rhea|38\/100\n|-damage|p2a: Rhea|27\/100\n|-hitcount|p2a: Rhea|4\n|move|p1b: Gastrodon|Muddy Water|p2b: Persephone|[spread] p2a,p2b\n|-resisted|p2a: Rhea\n|-damage|p2a: Rhea|14\/100\n|-damage|p2b: Persephone|17\/100\n|move|p2a: Rhea|Earth Power|p1a: Iron Thorns\n|-supereffective|p1a: Iron Thorns\n|-damage|p1a: Iron Thorns|0 fnt\n|faint|p1a: Iron Thorns\n|-end|p1a: Iron Thorns|Quark Drive|[silent]\n|\n|-heal|p2b: Persephone|23\/100|[from] Grassy Terrain\n|-heal|p2a: Rhea|20\/100|[from] Grassy Terrain\n|upkeep\n|turn|5\n|\n|t:|1682552086\n|move|p2b: Persephone|Disable|p1b: Gastrodon\n|-start|p1b: Gastrodon|Disable|Muddy Water\n|cant|p1b: Gastrodon|Disable|Muddy Water\n|move|p2a: Rhea|Giga Drain|p1b: Gastrodon\n|-supereffective|p1b: Gastrodon\n|-damage|p1b: Gastrodon|0 fnt\n|-heal|p2a: Rhea|80\/100|[from] drain|[of] p1b: Gastrodon\n|faint|p1b: Gastrodon\n|\n|win|ApplinFan773\n|raw|Sabosex's rating: 1125 → 1103<\/strong> (-22 for losing)\n|raw|ApplinFan773's rating: 1165 → 1187<\/strong> (+22 for winning)\n|l|\u2606Sabosex\n|c|\u2606ApplinFan773|gg wp\n","uploadtime":1682552100,"views":17,"p1id":"sabosex","p2id":"applinfan773","formatid":"gen9vgc2023regulationc","rating":1103,"private":0,"password":""}