{"id":"gen9vgc2023regulationc-1852474013","p1":"leafyarrow","p2":"AlecIan","format":"[Gen 9] VGC 2023 Regulation C","log":"|j|\u2606leafyarrow\n|j|\u2606AlecIan\n|t:|1682562167\n|gametype|doubles\n|player|p1|leafyarrow|leaf-gen3|1316\n|player|p2|AlecIan|170|1302\n|teamsize|p1|6\n|teamsize|p2|6\n|gen|9\n|tier|[Gen 9] VGC 2023 Regulation C\n|rated|\n|rule|Species Clause: Limit one of each Pok\u00e9mon\n|rule|Item Clause: Limit one of each item\n|clearpoke\n|poke|p1|Flutter Mane, L50|\n|poke|p1|Palafin, L50, M|\n|poke|p1|Amoonguss, L50, M|\n|poke|p1|Ting-Lu, L50|\n|poke|p1|Arcanine, L50, M|\n|poke|p1|Jolteon, L50, F|\n|poke|p2|Gastrodon-East, L50, M|\n|poke|p2|Arcanine, L50, M|\n|poke|p2|Amoonguss, L50, M|\n|poke|p2|Flutter Mane, L50|\n|poke|p2|Dragonite, L50, M|\n|poke|p2|Chien-Pao, L50|\n|teampreview|4\nleafyarrow has agreed to open team sheets.\n|\n|t:|1682562237\n|start\n|switch|p1a: Arcanine|Arcanine, L50, M|100\/100\n|switch|p1b: Flutter Mane|Flutter Mane, L50|100\/100\n|switch|p2a: Gastrodon|Gastrodon-East, L50, M|100\/100\n|switch|p2b: Arcanine|Arcanine, L50, M|100\/100\n|-ability|p1a: Arcanine|Intimidate|boost\n|-unboost|p2a: Gastrodon|atk|1\n|-unboost|p2b: Arcanine|atk|1\n|-ability|p2b: Arcanine|Intimidate|boost\n|-unboost|p1a: Arcanine|atk|1\n|-unboost|p1b: Flutter Mane|atk|1\n|turn|1\n|\n|t:|1682562279\n|move|p1a: Arcanine|Extreme Speed|p2b: Arcanine\n|-damage|p2b: Arcanine|86\/100\n|move|p1b: Flutter Mane|Power Gem|p2b: Arcanine\n|-supereffective|p2b: Arcanine\n|-damage|p2b: Arcanine|20\/100\n|move|p2b: Arcanine|Flare Blitz|p1b: Flutter Mane\n|-damage|p1b: Flutter Mane|44\/100\n|-damage|p2b: Arcanine|7\/100|[from] Recoil\n|move|p2a: Gastrodon|Muddy Water|p1b: Flutter Mane|[spread] p1a,p1b\n|-supereffective|p1a: Arcanine\n|-damage|p1a: Arcanine|52\/100\n|-damage|p1b: Flutter Mane|24\/100\n|\n|upkeep\n|turn|2\n|\n|t:|1682562325\n|-end|p1b: Flutter Mane|Protosynthesis|[silent]\n|switch|p1b: Ting-Lu|Ting-Lu, L50|100\/100\n|-ability|p1b: Ting-Lu|Vessel of Ruin\n|switch|p2b: Amoonguss|Amoonguss, L50, M|100\/100\n|move|p1a: Arcanine|Extreme Speed|p2b: Amoonguss\n|-damage|p2b: Amoonguss|88\/100\n|move|p2a: Gastrodon|Earth Power|p1b: Ting-Lu\n|-damage|p1b: Ting-Lu|91\/100\n|\n|upkeep\n|turn|3\n|\n|t:|1682562348\n|switch|p1a: Amoonguss|Amoonguss, L50, M|100\/100\n|switch|p2a: Arcanine|Arcanine, L50, M|7\/100\n|-ability|p2a: Arcanine|Intimidate|boost\n|-unboost|p1a: Amoonguss|atk|1\n|-unboost|p1b: Ting-Lu|atk|1\n|-terastallize|p2b: Amoonguss|Water\n|move|p1b: Ting-Lu|Fissure|p2a: Arcanine|[miss]\n|-miss|p1b: Ting-Lu|p2a: Arcanine\n|move|p2b: Amoonguss|Pollen Puff|p2a: Arcanine\n|-heal|p2a: Arcanine|56\/100\n|\n|upkeep\n|turn|4\n|\n|t:|1682562378\n|switch|p1b: Arcanine|Arcanine, L50, M|52\/100\n|-ability|p1b: Arcanine|Intimidate|boost\n|-unboost|p2a: Arcanine|atk|1\n|-unboost|p2b: Amoonguss|atk|1\n|move|p2b: Amoonguss|Protect|p2b: Amoonguss\n|-singleturn|p2b: Amoonguss|Protect\n|move|p2a: Arcanine|Flare Blitz|p1a: Amoonguss\n|-supereffective|p1a: Amoonguss\n|-damage|p1a: Amoonguss|53\/100\n|-damage|p2a: Arcanine|39\/100|[from] Recoil\n|move|p1a: Amoonguss|Pollen Puff|p1b: Arcanine\n|-heal|p1b: Arcanine|100\/100\n|\n|upkeep\n|turn|5\n|\n|t:|1682562414\n|switch|p2a: Chien-Pao|Chien-Pao, L50|100\/100\n|-ability|p2a: Chien-Pao|Sword of Ruin\n|move|p1b: Arcanine|Flare Blitz|p2a: Chien-Pao\n|-supereffective|p2a: Chien-Pao\n|-enditem|p2a: Chien-Pao|Focus Sash\n|-damage|p2a: Chien-Pao|1\/100\n|-damage|p1b: Arcanine|74\/100|[from] Recoil\n|move|p1a: Amoonguss|Spore|p2a: Chien-Pao\n|-status|p2a: Chien-Pao|slp|[from] move: Spore\n|move|p2b: Amoonguss|Pollen Puff|p2a: Chien-Pao\n|-heal|p2a: Chien-Pao|51\/100 slp\n|\n|upkeep\n|turn|6\n|\n|t:|1682562433\n|move|p2b: Amoonguss|Rage Powder|p2b: Amoonguss\n|-singleturn|p2b: Amoonguss|move: Rage Powder\n|cant|p2a: Chien-Pao|slp\n|move|p1b: Arcanine|Flare Blitz|p2a: Chien-Pao\n|-supereffective|p2a: Chien-Pao\n|-damage|p2a: Chien-Pao|0 fnt\n|faint|p2a: Chien-Pao\n|-damage|p1b: Arcanine|61\/100|[from] Recoil\n|move|p1a: Amoonguss|Pollen Puff|p1b: Arcanine\n|-heal|p1b: Arcanine|100\/100\n|\n|upkeep\n|\n|t:|1682562442\n|switch|p2a: Gastrodon|Gastrodon-East, L50, M|100\/100\n|turn|7\n|\n|t:|1682562476\n|switch|p2a: Arcanine|Arcanine, L50, M|39\/100\n|-ability|p2a: Arcanine|Intimidate|boost\n|-unboost|p1a: Amoonguss|atk|1\n|-unboost|p1b: Arcanine|atk|1\n|move|p1b: Arcanine|Protect|p1b: Arcanine\n|-singleturn|p1b: Arcanine|Protect\n|move|p1a: Amoonguss|Spore|p2b: Amoonguss\n|-status|p2b: Amoonguss|slp|[from] move: Spore\n|cant|p2b: Amoonguss|slp\n|\n|upkeep\n|turn|8\n|\n|t:|1682562499\n|switch|p1b: Ting-Lu|Ting-Lu, L50|91\/100\n|-ability|p1b: Ting-Lu|Vessel of Ruin\n|move|p2a: Arcanine|Will-O-Wisp|p1a: Amoonguss\n|-status|p1a: Amoonguss|brn\n|move|p1a: Amoonguss|Pollen Puff|p1b: Ting-Lu\n|-heal|p1b: Ting-Lu|100\/100\n|cant|p2b: Amoonguss|slp\n|\n|-damage|p1a: Amoonguss|47\/100 brn|[from] brn\n|upkeep\n|-enditem|p1a: Amoonguss|Sitrus Berry|[eat]\n|-heal|p1a: Amoonguss|72\/100 brn|[from] item: Sitrus Berry\n|turn|9\n|\n|t:|1682562529\n|switch|p1a: Arcanine|Arcanine, L50, M|100\/100\n|-ability|p1a: Arcanine|Intimidate|boost\n|-unboost|p2a: Arcanine|atk|1\n|-unboost|p2b: Amoonguss|atk|1\n|-curestatus|p2b: Amoonguss|slp|[msg]\n|move|p2b: Amoonguss|Protect|p2b: Amoonguss\n|-singleturn|p2b: Amoonguss|Protect\n|move|p2a: Arcanine|Flare Blitz|p1a: Arcanine\n|-resisted|p1a: Arcanine\n|-damage|p1a: Arcanine|84\/100\n|-damage|p2a: Arcanine|33\/100|[from] Recoil\n|move|p1b: Ting-Lu|Ruination|p2a: Arcanine\n|-damage|p2a: Arcanine|17\/100\n|\n|upkeep\n|turn|10\n|\n|t:|1682562550\n|switch|p2a: Gastrodon|Gastrodon-East, L50, M|100\/100\n|move|p1a: Arcanine|Extreme Speed|p2a: Gastrodon\n|-damage|p2a: Gastrodon|83\/100\n|move|p1b: Ting-Lu|Ruination|p2b: Amoonguss\n|-damage|p2b: Amoonguss|44\/100\n|-enditem|p2b: Amoonguss|Sitrus Berry|[eat]\n|-heal|p2b: Amoonguss|69\/100|[from] item: Sitrus Berry\n|move|p2b: Amoonguss|Pollen Puff|p1b: Ting-Lu\n|-supereffective|p1b: Ting-Lu\n|-damage|p1b: Ting-Lu|87\/100\n|\n|upkeep\n|turn|11\n|\n|t:|1682562572\n|move|p1a: Arcanine|Flare Blitz|p2b: Amoonguss\n|-resisted|p2b: Amoonguss\n|-damage|p2b: Amoonguss|50\/100\n|-damage|p1a: Arcanine|77\/100|[from] Recoil\n|move|p1b: Ting-Lu|Ruination|p2a: Gastrodon\n|-damage|p2a: Gastrodon|42\/100\n|move|p2a: Gastrodon|Earth Power|p1b: Ting-Lu\n|-damage|p1b: Ting-Lu|78\/100\n|move|p2b: Amoonguss|Spore|p1b: Ting-Lu\n|-status|p1b: Ting-Lu|slp|[from] move: Spore\n|\n|upkeep\n|turn|12\n|\n|t:|1682562595\n|move|p1a: Arcanine|Flare Blitz|p2a: Gastrodon\n|-resisted|p2a: Gastrodon\n|-damage|p2a: Gastrodon|20\/100\n|-damage|p1a: Arcanine|68\/100|[from] Recoil\n|cant|p1b: Ting-Lu|slp\n|move|p2a: Gastrodon|Muddy Water|p1a: Arcanine|[spread] p1a,p1b\n|-supereffective|p1a: Arcanine\n|-supereffective|p1b: Ting-Lu\n|-damage|p1a: Arcanine|32\/100\n|-damage|p1b: Ting-Lu|62\/100 slp\n|move|p2b: Amoonguss|Pollen Puff|p2a: Gastrodon\n|-heal|p2a: Gastrodon|70\/100\n|\n|upkeep\n|turn|13\n|\n|t:|1682562615\n|switch|p1a: Amoonguss|Amoonguss, L50, M|100\/100 brn\n|switch|p2b: Arcanine|Arcanine, L50, M|17\/100\n|-ability|p2b: Arcanine|Intimidate|boost\n|-unboost|p1a: Amoonguss|atk|1\n|-unboost|p1b: Ting-Lu|atk|1\n|cant|p1b: Ting-Lu|slp\n|move|p2a: Gastrodon|Muddy Water|p1b: Ting-Lu|[spread] p1a,p1b\n|-resisted|p1a: Amoonguss\n|-supereffective|p1b: Ting-Lu\n|-damage|p1a: Amoonguss|94\/100 brn\n|-damage|p1b: Ting-Lu|46\/100 slp\n|\n|-damage|p1a: Amoonguss|88\/100 brn|[from] brn\n|upkeep\n|turn|14\n|\n|t:|1682562632\n|switch|p2a: Amoonguss|Amoonguss, L50, M, tera:Water|84\/100\n|move|p2b: Arcanine|Protect|p2b: Arcanine\n|-singleturn|p2b: Arcanine|Protect\n|-curestatus|p1b: Ting-Lu|slp|[msg]\n|move|p1b: Ting-Lu|Stomping Tantrum|p2b: Arcanine\n|-activate|p2b: Arcanine|move: Protect\n|move|p1a: Amoonguss|Pollen Puff|p1b: Ting-Lu\n|-heal|p1b: Ting-Lu|96\/100\n|\n|-damage|p1a: Amoonguss|82\/100 brn|[from] brn\n|upkeep\n|turn|15\n|l|\u2606AlecIan\n|player|p2|\n|inactive|Battle timer is ON: inactive players will automatically lose when time's up. (requested by leafyarrow)\n|inactive|AlecIan has 30 seconds to reconnect!\n|inactive|AlecIan has 20 seconds to reconnect!\n|inactive|AlecIan has 15 seconds to reconnect!\n|inactive|AlecIan has 10 seconds to reconnect!\n|inactive|AlecIan has 5 seconds to reconnect!\n|-message|AlecIan lost due to inactivity.\n|\n|win|leafyarrow\n|raw|leafyarrow's rating: 1316 → 1335<\/strong> (+19 for winning)\n|raw|AlecIan's rating: 1302 → 1283<\/strong> (-19 for losing)\n","uploadtime":1682562722,"views":16,"p1id":"leafyarrow","p2id":"alecian","formatid":"gen9vgc2023regulationc","rating":1283,"private":0,"password":""}