{"id":"gen9vgc2023regulationc-1855017721","p1":"Dumber luck","p2":"LobsterLiveGaming","format":"[Gen 9] VGC 2023 Regulation C","log":"|j|\u2606Dumber luck\n|j|\u2606LobsterLiveGaming\n|t:|1682891443\n|gametype|doubles\n|player|p1|Dumber luck|2|1314\n|player|p2|LobsterLiveGaming|darach-caitlin|1378\n|teamsize|p1|6\n|teamsize|p2|6\n|gen|9\n|tier|[Gen 9] VGC 2023 Regulation C\n|rated|\n|rule|Species Clause: Limit one of each Pok\u00e9mon\n|rule|Item Clause: Limit one of each item\n|clearpoke\n|poke|p1|Espathra, L50, M|\n|poke|p1|Armarouge, L50, M|\n|poke|p1|Amoonguss, L50, F|\n|poke|p1|Chien-Pao, L50|\n|poke|p1|Palafin, L50, M|\n|poke|p1|Garganacl, L50, F|\n|poke|p2|Iron Thorns, L50|\n|poke|p2|Oranguru, L50, M|\n|poke|p2|Amoonguss, L50, F|\n|poke|p2|Ting-Lu, L50|\n|poke|p2|Iron Bundle, L50|\n|poke|p2|Chi-Yu, L50|\n|teampreview|4\n|inactive|Battle timer is ON: inactive players will automatically lose when time's up. (requested by LobsterLiveGaming)\n|inactive|LobsterLiveGaming has 60 seconds left.\n|\n|t:|1682891486\n|start\n|switch|p1a: Espathra|Espathra, L50, M|100\/100\n|switch|p1b: Palafin|Palafin, L50, M|100\/100\n|switch|p2a: Iron Bundle|Iron Bundle, L50|100\/100\n|switch|p2b: Chi-Yu|Chi-Yu, L50|100\/100\n|-ability|p2b: Chi-Yu|Beads of Ruin\n|-enditem|p2a: Iron Bundle|Booster Energy\n|-activate|p2a: Iron Bundle|ability: Quark Drive|[fromitem]\n|-start|p2a: Iron Bundle|quarkdrivespe\n|turn|1\n|inactive|Dumber luck has 30 seconds left.\n|inactive|Dumber luck has 20 seconds left.\n|inactive|Dumber luck has 15 seconds left.\n|inactive|Dumber luck has 10 seconds left.\n|inactive|Dumber luck has 5 seconds left.\n|\n|t:|1682891538\n|detailschange|p1b: Palafin|Palafin-Hero, L50, M\n|switch|p1b: Garganacl|Garganacl, L50, F|100\/100\n|move|p2a: Iron Bundle|Protect|p2a: Iron Bundle\n|-singleturn|p2a: Iron Bundle|Protect\n|move|p1a: Espathra|Protect|p1a: Espathra\n|-singleturn|p1a: Espathra|Protect\n|move|p2b: Chi-Yu|Protect||[still]\n|-fail|p2b: Chi-Yu\n|\n|-ability|p1a: Espathra|Speed Boost|boost\n|-boost|p1a: Espathra|spe|1\n|upkeep\n|turn|2\n|\n|t:|1682891559\n|-terastallize|p2b: Chi-Yu|Grass\n|-terastallize|p1b: Garganacl|Water\n|move|p2a: Iron Bundle|Icy Wind|p1a: Espathra|[spread] p1a,p1b\n|-resisted|p1b: Garganacl\n|-damage|p1a: Espathra|66\/100\n|-damage|p1b: Garganacl|92\/100\n|-unboost|p1a: Espathra|spe|1\n|-unboost|p1b: Garganacl|spe|1\n|move|p1a: Espathra|Calm Mind|p1a: Espathra\n|-boost|p1a: Espathra|spa|1\n|-boost|p1a: Espathra|spd|1\n|move|p2b: Chi-Yu|Heat Wave|p1a: Espathra|[spread] p1a,p1b\n|-resisted|p1b: Garganacl\n|-damage|p1a: Espathra|2\/100\n|-damage|p1b: Garganacl|73\/100\n|-damage|p2b: Chi-Yu|90\/100|[from] item: Life Orb\n|move|p1b: Garganacl|Rock Slide|p2a: Iron Bundle|[spread] p2a,p2b\n|-supereffective|p2a: Iron Bundle\n|-damage|p2a: Iron Bundle|49\/100\n|-damage|p2b: Chi-Yu|58\/100\n|\n|-ability|p1a: Espathra|Speed Boost|boost\n|-boost|p1a: Espathra|spe|1\n|upkeep\n|turn|3\n|\n|t:|1682891575\n|move|p1a: Espathra|Protect|p1a: Espathra\n|-singleturn|p1a: Espathra|Protect\n|move|p2a: Iron Bundle|Icy Wind|p1b: Garganacl|[spread] p1b\n|-activate|p1a: Espathra|move: Protect\n|-resisted|p1b: Garganacl\n|-damage|p1b: Garganacl|65\/100\n|-unboost|p1b: Garganacl|spe|1\n|move|p2b: Chi-Yu|Tera Blast|p1b: Garganacl\n|-supereffective|p1b: Garganacl\n|-crit|p1b: Garganacl\n|-damage|p1b: Garganacl|0 fnt\n|faint|p1b: Garganacl\n|-damage|p2b: Chi-Yu|48\/100|[from] item: Life Orb\n|\n|-ability|p1a: Espathra|Speed Boost|boost\n|-boost|p1a: Espathra|spe|1\n|upkeep\n|\n|t:|1682891589\n|switch|p1b: Palafin|Palafin-Hero, L50, M|100\/100\n|-activate|p1b: Palafin|ability: Zero to Hero\n|turn|4\n|\n|t:|1682891611\n|move|p1b: Palafin|Protect|p1b: Palafin\n|-singleturn|p1b: Palafin|Protect\n|move|p1a: Espathra|Baton Pass|p1a: Espathra\n|\n|t:|1682891615\n|switch|p1a: Armarouge|Armarouge, L50, M|100\/100|[from] Baton Pass\n|move|p2a: Iron Bundle|Icy Wind|p1a: Armarouge|[spread] p1a\n|-activate|p1b: Palafin|move: Protect\n|-resisted|p1a: Armarouge\n|-damage|p1a: Armarouge|89\/100\n|-unboost|p1a: Armarouge|spe|1\n|move|p2b: Chi-Yu|Heat Wave|p1b: Palafin|[spread] \n|-activate|p1b: Palafin|move: Protect\n|-start|p1a: Armarouge|ability: Flash Fire\n|\n|upkeep\n|turn|5\n|inactive|Dumber luck has 30 seconds left.\n|\n|t:|1682891649\n|move|p2a: Iron Bundle|Icy Wind|p1b: Palafin|[spread] p1a,p1b\n|-resisted|p1a: Armarouge\n|-resisted|p1b: Palafin\n|-crit|p1b: Palafin\n|-damage|p1a: Armarouge|76\/100\n|-damage|p1b: Palafin|79\/100\n|-unboost|p1a: Armarouge|spe|1\n|-unboost|p1b: Palafin|spe|1\n|move|p2b: Chi-Yu|Dark Pulse|p1a: Armarouge\n|-supereffective|p1a: Armarouge\n|-damage|p1a: Armarouge|0 fnt\n|faint|p1a: Armarouge\n|-damage|p2b: Chi-Yu|38\/100|[from] item: Life Orb\n|move|p1b: Palafin|Close Combat|p2b: Chi-Yu\n|-damage|p2b: Chi-Yu|0 fnt\n|-unboost|p1b: Palafin|def|1\n|-unboost|p1b: Palafin|spd|1\n|faint|p2b: Chi-Yu\n|\n|upkeep\n|\n|t:|1682891659\n|switch|p2b: Amoonguss|Amoonguss, L50, F|100\/100\n|switch|p1a: Espathra|Espathra, L50, M|2\/100\n|turn|6\n|\n|t:|1682891678\n|move|p1a: Espathra|Protect|p1a: Espathra\n|-singleturn|p1a: Espathra|Protect\n|move|p2b: Amoonguss|Rage Powder|p2b: Amoonguss\n|-singleturn|p2b: Amoonguss|move: Rage Powder\n|move|p2a: Iron Bundle|Icy Wind|p1a: Espathra|[spread] p1b\n|-activate|p1a: Espathra|move: Protect\n|-resisted|p1b: Palafin\n|-damage|p1b: Palafin|61\/100\n|-unboost|p1b: Palafin|spe|1\n|move|p1b: Palafin|Boomburst|p2a: Iron Bundle|[spread] p2a,p2b\n|-activate|p1a: Espathra|move: Protect\n|-damage|p2a: Iron Bundle|1\/100\n|-damage|p2b: Amoonguss|77\/100\n|\n|-ability|p1a: Espathra|Speed Boost|boost\n|-boost|p1a: Espathra|spe|1\n|upkeep\n|turn|7\n|\n|t:|1682891701\n|move|p1a: Espathra|Protect||[still]\n|-fail|p1a: Espathra\n|move|p2b: Amoonguss|Rage Powder|p2b: Amoonguss\n|-singleturn|p2b: Amoonguss|move: Rage Powder\n|move|p2a: Iron Bundle|Icy Wind|p1a: Espathra|[spread] p1a\n|-miss|p2a: Iron Bundle|p1b: Palafin\n|-damage|p1a: Espathra|0 fnt\n|faint|p1a: Espathra\n|move|p1b: Palafin|Boomburst|p2b: Amoonguss|[spread] p2a,p2b\n|-damage|p2a: Iron Bundle|0 fnt\n|-damage|p2b: Amoonguss|53\/100\n|faint|p2a: Iron Bundle\n|-end|p2a: Iron Bundle|Quark Drive|[silent]\n|\n|upkeep\n|\n|t:|1682891705\n|switch|p2a: Iron Thorns|Iron Thorns, L50|100\/100\n|turn|8\n|\n|t:|1682891713\n|move|p2b: Amoonguss|Rage Powder|p2b: Amoonguss\n|-singleturn|p2b: Amoonguss|move: Rage Powder\n|move|p1b: Palafin|Wave Crash|p2b: Amoonguss\n|-resisted|p2b: Amoonguss\n|-damage|p2b: Amoonguss|24\/100\n|-damage|p1b: Palafin|44\/100|[from] item: Rocky Helmet|[of] p2b: Amoonguss\n|-damage|p1b: Palafin|34\/100|[from] Recoil\n|move|p2a: Iron Thorns|Wild Charge|p1b: Palafin\n|-supereffective|p1b: Palafin\n|-damage|p1b: Palafin|0 fnt\n|faint|p1b: Palafin\n|-damage|p2a: Iron Thorns|92\/100|[from] Recoil\n|\n|win|LobsterLiveGaming\n|raw|Dumber luck's rating: 1314 → 1298<\/strong> (-16 for losing)\n|raw|LobsterLiveGaming's rating: 1378 → 1394<\/strong> (+16 for winning)\n|l|\u2606Dumber luck\n|c|\u2606LobsterLiveGaming|gg\n","uploadtime":1682891722,"views":13,"p1id":"dumberluck","p2id":"lobsterlivegaming","formatid":"gen9vgc2023regulationc","rating":1298,"private":0,"password":""}