{"id":"gen9vgc2023regulationc-1847506038","p1":"Sprye0216","p2":"lagodude","format":"[Gen 9] VGC 2023 Regulation C","log":"|j|\u2606Sprye0216\n|j|\u2606lagodude\n|t:|1681964110\n|gametype|doubles\n|player|p1|Sprye0216|skyla|1224\n|player|p2|lagodude|170|1323\n|teamsize|p1|6\n|teamsize|p2|6\n|gen|9\n|tier|[Gen 9] VGC 2023 Regulation C\n|rated|\n|rule|Species Clause: Limit one of each Pok\u00e9mon\n|rule|Item Clause: Limit one of each item\n|clearpoke\n|poke|p1|Talonflame, L50, F|\n|poke|p1|Garchomp, L50, F|\n|poke|p1|Gholdengo, L50|\n|poke|p1|Palafin, L50, F|\n|poke|p1|Amoonguss, L50, M|\n|poke|p1|Ting-Lu, L50|\n|poke|p2|Chi-Yu, L50|\n|poke|p2|Dachsbun, L50, F|\n|poke|p2|Ceruledge, L50, F|\n|poke|p2|Armarouge, L50, F|\n|poke|p2|Torkoal, L50, M|\n|poke|p2|Indeedee-F, L50, F|\n|teampreview|4\n|inactive|Battle timer is ON: inactive players will automatically lose when time's up. (requested by lagodude)\nlagodude has agreed to open team sheets.\nSprye0216 has agreed to open team sheets.\n|inactive|Sprye0216 has 60 seconds left.\n|inactive|Sprye0216 has 30 seconds left.\n|inactive|Sprye0216 has 20 seconds left.\n|inactive|Sprye0216 has 15 seconds left.\n|\n|t:|1681964187\n|start\n|switch|p1a: Talonflame|Talonflame, L50, F|100\/100\n|switch|p1b: Ting-Lu|Ting-Lu, L50|100\/100\n|switch|p2a: Indeedee|Indeedee-F, L50, F|100\/100\n|switch|p2b: Armarouge|Armarouge, L50, F|100\/100\n|-fieldstart|move: Psychic Terrain|[from] ability: Psychic Surge|[of] p2a: Indeedee\n|-ability|p1b: Ting-Lu|Vessel of Ruin\n|turn|1\n|inactive|lagodude has 30 seconds left.\n|\n|t:|1681964217\n|-terastallize|p2b: Armarouge|Fighting\n|move|p1a: Talonflame|Taunt|p2a: Indeedee\n|-start|p2a: Indeedee|move: Taunt\n|-enditem|p2a: Indeedee|Mental Herb\n|-end|p2a: Indeedee|move: Taunt\n|move|p2b: Armarouge|Aura Sphere|p1b: Ting-Lu\n|-supereffective|p1b: Ting-Lu\n|-damage|p1b: Ting-Lu|65\/100\n|-damage|p2b: Armarouge|91\/100|[from] item: Life Orb\n|move|p1b: Ting-Lu|Fissure|p2a: Indeedee|[miss]\n|-miss|p1b: Ting-Lu|p2a: Indeedee\n|move|p2a: Indeedee|Trick Room|p2a: Indeedee\n|-fieldstart|move: Trick Room|[of] p2a: Indeedee\n|\n|upkeep\n|turn|2\n|inactive|Sprye0216 has 30 seconds left.\n|\n|t:|1681964244\n|switch|p1a: Palafin|Palafin, L50, F|100\/100\n|-terastallize|p1b: Ting-Lu|Poison\n|move|p2a: Indeedee|Follow Me|p2a: Indeedee\n|-singleturn|p2a: Indeedee|move: Follow Me\n|move|p1b: Ting-Lu|Stomping Tantrum|p2a: Indeedee\n|-damage|p2a: Indeedee|5\/100\n|move|p2b: Armarouge|Aura Sphere|p1b: Ting-Lu\n|-resisted|p1b: Ting-Lu\n|-damage|p1b: Ting-Lu|54\/100\n|-damage|p2b: Armarouge|81\/100|[from] item: Life Orb\n|\n|upkeep\n|turn|3\n|\n|t:|1681964263\n|detailschange|p1a: Palafin|Palafin-Hero, L50, F\n|switch|p1a: Talonflame|Talonflame, L50, F|100\/100\n|move|p2a: Indeedee|Helping Hand|p2b: Armarouge\n|-singleturn|p2b: Armarouge|Helping Hand|[of] p2a: Indeedee\n|move|p1b: Ting-Lu|Snarl|p2b: Armarouge|[spread] p2a,p2b\n|-supereffective|p2a: Indeedee\n|-crit|p2a: Indeedee\n|-resisted|p2b: Armarouge\n|-damage|p2a: Indeedee|0 fnt\n|-damage|p2b: Armarouge|76\/100\n|-unboost|p2b: Armarouge|spa|1\n|faint|p2a: Indeedee\n|move|p2b: Armarouge|Expanding Force|p1a: Talonflame|[spread] p1a,p1b\n|-supereffective|p1b: Ting-Lu\n|-damage|p1a: Talonflame|24\/100\n|-damage|p1b: Ting-Lu|1\/100\n|-damage|p2b: Armarouge|66\/100|[from] item: Life Orb\n|\n|upkeep\n|\n|t:|1681964279\n|switch|p2a: Torkoal|Torkoal, L50, M|100\/100\n|-weather|SunnyDay|[from] ability: Drought|[of] p2a: Torkoal\n|turn|4\n|\n|t:|1681964298\n|switch|p2b: Dachsbun|Dachsbun, L50, F|100\/100\n|move|p2a: Torkoal|Lava Plume|p1b: Ting-Lu|[spread] p1a,p1b\n|-ability|p2b: Dachsbun|Well-Baked Body|boost\n|-boost|p2b: Dachsbun|def|2\n|-resisted|p1a: Talonflame\n|-damage|p1a: Talonflame|6\/100\n|-damage|p1b: Ting-Lu|0 fnt\n|faint|p1b: Ting-Lu\n|move|p1a: Talonflame|Brave Bird|p2a: Torkoal\n|-damage|p2a: Torkoal|73\/100\n|-damage|p1a: Talonflame|0 fnt|[from] Recoil\n|faint|p1a: Talonflame\n|\n|-weather|SunnyDay|[upkeep]\n|upkeep\n|\n|t:|1681964313\n|switch|p1b: Gholdengo|Gholdengo, L50|100\/100\n|switch|p1a: Palafin|Palafin-Hero, L50, F|100\/100\n|-activate|p1a: Palafin|ability: Zero to Hero\n|turn|5\n|inactive|lagodude has 30 seconds left.\n|inactive|lagodude has 20 seconds left.\n|\n|t:|1681964353\n|move|p1a: Palafin|Protect|p1a: Palafin\n|-singleturn|p1a: Palafin|Protect\n|move|p2a: Torkoal|Lava Plume|p1b: Gholdengo|[spread] p1b\n|-activate|p1a: Palafin|move: Protect\n|-ability|p2b: Dachsbun|Well-Baked Body|boost\n|-boost|p2b: Dachsbun|def|2\n|-supereffective|p1b: Gholdengo\n|-damage|p1b: Gholdengo|19\/100\n|-status|p1b: Gholdengo|brn\n|move|p1b: Gholdengo|Make It Rain|p2b: Dachsbun|[spread] p2a,p2b\n|-resisted|p2a: Torkoal\n|-supereffective|p2b: Dachsbun\n|-damage|p2a: Torkoal|24\/100\n|-damage|p2b: Dachsbun|0 fnt\n|-unboost|p1b: Gholdengo|spa|1\n|faint|p2b: Dachsbun\n|\n|-weather|SunnyDay|[upkeep]\n|-damage|p1b: Gholdengo|13\/100 brn|[from] brn\n|-fieldend|move: Trick Room\n|-fieldend|move: Psychic Terrain\n|upkeep\n|\n|t:|1681964371\n|switch|p2b: Armarouge|Armarouge, L50, F, tera:Fighting|66\/100\n|turn|6\n|\n|t:|1681964391\n|move|p2b: Armarouge|Protect|p2b: Armarouge\n|-singleturn|p2b: Armarouge|Protect\n|move|p1a: Palafin|Jet Punch|p2a: Torkoal\n|-supereffective|p2a: Torkoal\n|-damage|p2a: Torkoal|0 fnt\n|faint|p2a: Torkoal\n|move|p1b: Gholdengo|Make It Rain|p2b: Armarouge\n|-activate|p2b: Armarouge|move: Protect\n|\n|-weather|SunnyDay|[upkeep]\n|-damage|p1b: Gholdengo|7\/100 brn|[from] brn\n|upkeep\n|turn|7\n|\n|t:|1681964406\n|move|p1a: Palafin|Jet Punch|p2b: Armarouge\n|-damage|p2b: Armarouge|44\/100\n|move|p1b: Gholdengo|Make It Rain|p2b: Armarouge\n|-damage|p2b: Armarouge|0 fnt\n|-unboost|p1b: Gholdengo|spa|1\n|faint|p2b: Armarouge\n|\n|win|Sprye0216\n|raw|Sprye0216's rating: 1224 → 1256<\/strong> (+32 for winning)\n|raw|lagodude's rating: 1323 → 1297<\/strong> (-26 for losing)\n|l|\u2606lagodude\n","uploadtime":1681964416,"views":9,"p1id":"sprye0216","p2id":"lagodude","formatid":"gen9vgc2023regulationc","rating":1256,"private":0,"password":""}