{"id":"gen9vgc2023regulationc-1856687451","p1":"Umbreonguy95","p2":"Babbarabba1818","format":"[Gen 9] VGC 2023 Regulation C","log":"|j|\u2606Umbreonguy95\n|j|\u2606Babbarabba1818\n|t:|1683094634\n|gametype|doubles\n|player|p1|Umbreonguy95|elesa|1314\n|player|p2|Babbarabba1818|266|1300\n|teamsize|p1|6\n|teamsize|p2|6\n|gen|9\n|tier|[Gen 9] VGC 2023 Regulation C\n|rated|\n|rule|Species Clause: Limit one of each Pok\u00e9mon\n|rule|Item Clause: Limit one of each item\n|clearpoke\n|poke|p1|Orthworm, L50, F|\n|poke|p1|Dragonite, L50, F|\n|poke|p1|Ting-Lu, L50|\n|poke|p1|Gyarados, L50, F|\n|poke|p1|Flutter Mane, L50|\n|poke|p1|Chien-Pao, L50|\n|poke|p2|Eelektross, L50, M|\n|poke|p2|Gyarados, L50, F|\n|poke|p2|Flutter Mane, L50|\n|poke|p2|Garchomp, L50, F|\n|poke|p2|Indeedee-F, L50, F|\n|poke|p2|Chien-Pao, L50|\n|teampreview|4\nUmbreonguy95 has agreed to open team sheets.\n|inactive|Battle timer is ON: inactive players will automatically lose when time's up. (requested by Babbarabba1818)\n|inactive|Umbreonguy95 has 60 seconds left.\n|\n|t:|1683094738\n|start\n|switch|p1a: Ting-Lu|Ting-Lu, L50|100\/100\n|switch|p1b: Dragonite|Dragonite, L50, F|100\/100\n|switch|p2a: Gyarados|Gyarados, L50, F, shiny|100\/100\n|switch|p2b: Eelektross|Eelektross, L50, M|100\/100\n|-ability|p2a: Gyarados|Intimidate|boost\n|-unboost|p1a: Ting-Lu|atk|1\n|-unboost|p1b: Dragonite|atk|1\n|-ability|p1a: Ting-Lu|Vessel of Ruin\n|turn|1\n|inactive|Umbreonguy95 has 30 seconds left.\n|\n|t:|1683094772\n|switch|p1a: Flutter Mane|Flutter Mane, L50|100\/100\n|move|p1b: Dragonite|Dragon Dance|p1b: Dragonite\n|-boost|p1b: Dragonite|atk|1\n|-boost|p1b: Dragonite|spe|1\n|move|p2a: Gyarados|Thunder Wave|p1b: Dragonite\n|-status|p1b: Dragonite|par\n|-enditem|p1b: Dragonite|Lum Berry|[eat]\n|-curestatus|p1b: Dragonite|par|[msg]\n|move|p2b: Eelektross|Coil|p2b: Eelektross\n|-boost|p2b: Eelektross|atk|1\n|-boost|p2b: Eelektross|def|1\n|-boost|p2b: Eelektross|accuracy|1\n|\n|upkeep\n|turn|2\n|inactive|Umbreonguy95 has 30 seconds left.\n|inactive|Babbarabba1818 has 30 seconds left.\n|inactive|Babbarabba1818 has 20 seconds left.\n|inactive|Babbarabba1818 has 15 seconds left.\n|inactive|Babbarabba1818 has 10 seconds left.\n|\n|t:|1683094821\n|-terastallize|p1a: Flutter Mane|Fairy\n|move|p1b: Dragonite|Extreme Speed|p2a: Gyarados\n|-damage|p2a: Gyarados|77\/100\n|move|p1a: Flutter Mane|Moonblast|p2b: Eelektross\n|-damage|p2b: Eelektross|11\/100\n|move|p2a: Gyarados|Thunder Wave|p1b: Dragonite\n|-status|p1b: Dragonite|par\n|move|p2b: Eelektross|Thunder Punch|p1a: Flutter Mane\n|-damage|p1a: Flutter Mane|28\/100\n|-status|p1a: Flutter Mane|par\n|\n|upkeep\n|turn|3\n|inactive|Babbarabba1818 has 30 seconds left.\n|inactive|Babbarabba1818 has 20 seconds left.\n|\n|t:|1683094858\n|move|p2b: Eelektross|Protect|p2b: Eelektross\n|-singleturn|p2b: Eelektross|Protect\n|move|p1b: Dragonite|Extreme Speed|p2b: Eelektross\n|-activate|p2b: Eelektross|move: Protect\n|move|p2a: Gyarados|Waterfall|p1a: Flutter Mane\n|-damage|p1a: Flutter Mane|0 fnt\n|faint|p1a: Flutter Mane\n|-end|p1a: Flutter Mane|Protosynthesis|[silent]\n|\n|upkeep\n|\n|t:|1683094873\n|switch|p1a: Chien-Pao|Chien-Pao, L50|100\/100\n|-ability|p1a: Chien-Pao|Sword of Ruin\n|turn|4\n|\n|t:|1683094884\n|switch|p2b: Flutter Mane|Flutter Mane, L50|100\/100\n|move|p1a: Chien-Pao|Ice Spinner|p2b: Flutter Mane\n|-damage|p2b: Flutter Mane|18\/100\n|move|p1b: Dragonite|Dragon Dance|p1b: Dragonite\n|-boost|p1b: Dragonite|atk|1\n|-boost|p1b: Dragonite|spe|1\n|move|p2a: Gyarados|Thunder Wave|p1a: Chien-Pao\n|-status|p1a: Chien-Pao|par\n|\n|upkeep\n|turn|5\n|\n|t:|1683094906\n|move|p1a: Chien-Pao|Sucker Punch|p2b: Flutter Mane\n|-damage|p2b: Flutter Mane|0 fnt\n|faint|p2b: Flutter Mane\n|-end|p2b: Flutter Mane|Protosynthesis|[silent]\n|move|p1b: Dragonite|Dragon Dance|p1b: Dragonite\n|-boost|p1b: Dragonite|atk|1\n|-boost|p1b: Dragonite|spe|1\n|move|p2a: Gyarados|Waterfall|p1b: Dragonite\n|-resisted|p1b: Dragonite\n|-damage|p1b: Dragonite|87\/100 par\n|\n|upkeep\n|\n|t:|1683094910\n|switch|p2b: Eelektross|Eelektross, L50, M|11\/100\n|turn|6\n|\n|t:|1683094931\n|move|p1b: Dragonite|Extreme Speed|p2a: Gyarados\n|-damage|p2a: Gyarados|14\/100\n|-enditem|p2a: Gyarados|Sitrus Berry|[eat]\n|-heal|p2a: Gyarados|39\/100|[from] item: Sitrus Berry\n|move|p2a: Gyarados|Waterfall|p1a: Chien-Pao\n|-damage|p1a: Chien-Pao|43\/100 par\n|move|p1a: Chien-Pao|Ice Spinner|p2a: Gyarados\n|-crit|p2a: Gyarados\n|-damage|p2a: Gyarados|0 fnt\n|faint|p2a: Gyarados\n|move|p2b: Eelektross|Drain Punch|p1a: Chien-Pao\n|-supereffective|p1a: Chien-Pao\n|-damage|p1a: Chien-Pao|0 fnt\n|-heal|p2b: Eelektross|28\/100|[from] drain|[of] p1a: Chien-Pao\n|faint|p1a: Chien-Pao\n|\n|upkeep\n|\n|t:|1683094949\n|switch|p1a: Ting-Lu|Ting-Lu, L50|100\/100\n|switch|p2a: Chien-Pao|Chien-Pao, L50|100\/100\n|-ability|p2a: Chien-Pao|Sword of Ruin\n|-ability|p1a: Ting-Lu|Vessel of Ruin\n|turn|7\n|inactive|Umbreonguy95 has 30 seconds left.\n|\n|t:|1683094975\n|move|p1b: Dragonite|Extreme Speed|p2a: Chien-Pao\n|-damage|p2a: Chien-Pao|22\/100\n|move|p2a: Chien-Pao|Ice Spinner|p1b: Dragonite\n|-supereffective|p1b: Dragonite\n|-damage|p1b: Dragonite|0 fnt\n|faint|p1b: Dragonite\n|move|p1a: Ting-Lu|Rock Slide|p2b: Eelektross|[spread] p2a,p2b\n|-supereffective|p2a: Chien-Pao\n|-damage|p2a: Chien-Pao|0 fnt\n|-damage|p2b: Eelektross|0 fnt\n|faint|p2a: Chien-Pao\n|faint|p2b: Eelektross\n|\n|win|Umbreonguy95\n|raw|Umbreonguy95's rating: 1314 → 1333<\/strong> (+19 for winning)\n|raw|Babbarabba1818's rating: 1300 → 1276<\/strong> (-24 for losing)\n|l|\u2606Babbarabba1818\n","uploadtime":1683095001,"views":8,"p1id":"umbreonguy95","p2id":"babbarabba1818","formatid":"gen9vgc2023regulationc","rating":1276,"private":0,"password":""}