{"id":"gen9vgc2023regulationc-1846092247","p1":"jesus.utrilla","p2":"taohuu","format":"[Gen 9] VGC 2023 Regulation C","log":"|j|\u2606jesus.utrilla\n|j|\u2606taohuu\n|t:|1681804918\n|gametype|doubles\n|player|p1|jesus.utrilla|rosa|1561\n|player|p2|taohuu|acetrainerf|1501\n|teamsize|p1|6\n|teamsize|p2|6\n|gen|9\n|tier|[Gen 9] VGC 2023 Regulation C\n|rated|\n|rule|Species Clause: Limit one of each Pok\u00e9mon\n|rule|Item Clause: Limit one of each item\n|clearpoke\n|poke|p1|Scream Tail, L50|\n|poke|p1|Glimmora, L50, F|\n|poke|p1|Ting-Lu, L50|\n|poke|p1|Corviknight, L50, M|\n|poke|p1|Dondozo, L50, M|\n|poke|p1|Tatsugiri, L50, M|\n|poke|p2|Volcarona, L50, F|\n|poke|p2|Gyarados, L50, M|\n|poke|p2|Roaring Moon, L50|\n|poke|p2|Flutter Mane, L50|\n|poke|p2|Great Tusk, L50|\n|poke|p2|Amoonguss, L50, M|\n|teampreview|4\n|j| poolsideguy\n|inactive|Battle timer is ON: inactive players will automatically lose when time's up. (requested by jesus.utrilla)\n|j| wrgedwa\n|inactive|taohuu has 60 seconds left.\n|\n|t:|1681804978\n|start\n|switch|p1a: Scream Tail|Scream Tail, L50|100\/100\n|switch|p1b: Glimmora|Glimmora, L50, F, shiny|100\/100\n|switch|p2a: Roaring Moon|Roaring Moon, L50|100\/100\n|switch|p2b: Amoonguss|Amoonguss, L50, M|100\/100\n|-enditem|p2a: Roaring Moon|Booster Energy\n|-activate|p2a: Roaring Moon|ability: Protosynthesis|[fromitem]\n|-start|p2a: Roaring Moon|protosynthesisatk\n|-enditem|p1a: Scream Tail|Booster Energy\n|-activate|p1a: Scream Tail|ability: Protosynthesis|[fromitem]\n|-start|p1a: Scream Tail|protosynthesisspe\n|turn|1\n|c|\u2606jesus.utrilla|?????\n|c|\u2606jesus.utrilla|4 users?\n|inactive|jesus.utrilla has 30 seconds left.\n|\n|t:|1681805004\n|move|p1a: Scream Tail|Protect|p1a: Scream Tail\n|-singleturn|p1a: Scream Tail|Protect\n|move|p2a: Roaring Moon|Protect|p2a: Roaring Moon\n|-singleturn|p2a: Roaring Moon|Protect\n|move|p1b: Glimmora|Spiky Shield|p1b: Glimmora\n|-singleturn|p1b: Glimmora|move: Protect\n|move|p2b: Amoonguss|Spore|p1b: Glimmora\n|-activate|p1b: Glimmora|move: Protect\n|\n|upkeep\n|turn|2\n|\n|t:|1681805026\n|-terastallize|p2a: Roaring Moon|Flying\n|move|p2b: Amoonguss|Rage Powder|p2b: Amoonguss\n|-singleturn|p2b: Amoonguss|move: Rage Powder\n|move|p1a: Scream Tail|Disable|p2b: Amoonguss\n|-start|p2b: Amoonguss|Disable|Rage Powder\n|move|p2a: Roaring Moon|Acrobatics|p1a: Scream Tail\n|-damage|p1a: Scream Tail|33\/100\n|move|p1b: Glimmora|Mortal Spin|p2b: Amoonguss|[spread] p2a,p2b\n|-damage|p2a: Roaring Moon|95\/100\n|-damage|p2b: Amoonguss|96\/100\n|-status|p2a: Roaring Moon|psn\n|-status|p2b: Amoonguss|psn\n|\n|-damage|p2a: Roaring Moon|83\/100 psn|[from] psn\n|-damage|p2b: Amoonguss|84\/100 psn|[from] psn\n|upkeep\n|turn|3\n|inactive|jesus.utrilla has 30 seconds left.\n|inactive|taohuu has 30 seconds left.\n|inactive|taohuu has 20 seconds left.\n|inactive|taohuu has 15 seconds left.\n|\n|t:|1681805069\n|move|p2a: Roaring Moon|Protect|p2a: Roaring Moon\n|-singleturn|p2a: Roaring Moon|Protect\n|move|p1a: Scream Tail|Encore|p2b: Amoonguss\n|-start|p2b: Amoonguss|Encore\n|move|p1b: Glimmora|Power Gem|p2a: Roaring Moon\n|-activate|p2a: Roaring Moon|move: Protect\n|cant|p2b: Amoonguss|Disable|Rage Powder\n|\n|-damage|p2a: Roaring Moon|71\/100 psn|[from] psn\n|-damage|p2b: Amoonguss|72\/100 psn|[from] psn\n|upkeep\n|turn|4\n|\n|t:|1681805091\n|-end|p2a: Roaring Moon|Protosynthesis|[silent]\n|switch|p2a: Flutter Mane|Flutter Mane, L50|100\/100\n|switch|p2b: Volcarona|Volcarona, L50, F, shiny|100\/100\n|move|p1a: Scream Tail|Encore||[still]\n|-fail|p1a: Scream Tail\n|move|p1b: Glimmora|Mortal Spin|p2a: Flutter Mane|[spread] p2a,p2b\n|-damage|p2a: Flutter Mane|92\/100\n|-damage|p2b: Volcarona|95\/100\n|-status|p2a: Flutter Mane|psn\n|-status|p2b: Volcarona|psn\n|\n|-damage|p2a: Flutter Mane|80\/100 psn|[from] psn\n|-damage|p2b: Volcarona|83\/100 psn|[from] psn\n|upkeep\n|turn|5\n|l| wrgedwa\n|inactive|taohuu has 30 seconds left.\n|inactive|jesus.utrilla has 30 seconds left.\n|\n|t:|1681805125\n|move|p1a: Scream Tail|Protect|p1a: Scream Tail\n|-singleturn|p1a: Scream Tail|Protect\n|move|p2a: Flutter Mane|Shadow Ball|p1b: Glimmora\n|-damage|p1b: Glimmora|39\/100\n|-enditem|p1b: Glimmora|Sitrus Berry|[eat]\n|-heal|p1b: Glimmora|64\/100|[from] item: Sitrus Berry\n|move|p2b: Volcarona|Quiver Dance|p2b: Volcarona\n|-boost|p2b: Volcarona|spa|1\n|-boost|p2b: Volcarona|spd|1\n|-boost|p2b: Volcarona|spe|1\n|move|p1b: Glimmora|Power Gem|p2b: Volcarona\n|-supereffective|p2b: Volcarona\n|-damage|p2b: Volcarona|0 fnt\n|faint|p2b: Volcarona\n|\n|-damage|p2a: Flutter Mane|68\/100 psn|[from] psn\n|upkeep\n|\n|t:|1681805144\n|switch|p2b: Amoonguss|Amoonguss, L50, M|100\/100 psn\n|turn|6\n|\n|t:|1681805166\n|-end|p2a: Flutter Mane|Protosynthesis|[silent]\n|switch|p2a: Roaring Moon|Roaring Moon, L50, tera:Flying|71\/100 psn\n|move|p1b: Glimmora|Spiky Shield|p1b: Glimmora\n|-singleturn|p1b: Glimmora|move: Protect\n|move|p1a: Scream Tail|Disable||[still]\n|-fail|p1a: Scream Tail\n|move|p2b: Amoonguss|Spore|p1b: Glimmora\n|-activate|p1b: Glimmora|move: Protect\n|\n|-damage|p2a: Roaring Moon|59\/100 psn|[from] psn\n|-damage|p2b: Amoonguss|88\/100 psn|[from] psn\n|upkeep\n|turn|7\n|-message|taohuu forfeited.\n|\n|win|jesus.utrilla\n|raw|jesus.utrilla's rating: 1561 → 1578<\/strong> (+17 for winning)\n|raw|taohuu's rating: 1501 → 1484<\/strong> (-17 for losing)\n|l|\u2606taohuu\n","uploadtime":1681805200,"views":11,"p1id":"jesusutrilla","p2id":"taohuu","formatid":"gen9vgc2023regulationc","rating":1484,"private":0,"password":""}