{"id":"gen9vgc2023regulationc-1854438958","p1":"esperanzasaltas","p2":"Buhginghi","format":"[Gen 9] VGC 2023 Regulation C","log":"|j|\u2606esperanzasaltas\n|j|\u2606Buhginghi\n|t:|1682811020\n|gametype|doubles\n|player|p1|esperanzasaltas|wattson|1263\n|player|p2|Buhginghi|cheryl|1342\n|teamsize|p1|6\n|teamsize|p2|6\n|gen|9\n|tier|[Gen 9] VGC 2023 Regulation C\n|rated|\n|rule|Species Clause: Limit one of each Pok\u00e9mon\n|rule|Item Clause: Limit one of each item\n|clearpoke\n|poke|p1|Palafin, L50, M|\n|poke|p1|Arcanine, L50, M|\n|poke|p1|Amoonguss, L50, F|\n|poke|p1|Ting-Lu, L50|\n|poke|p1|Flutter Mane, L50|\n|poke|p1|Roaring Moon, L50|\n|poke|p2|Ting-Lu, L50|\n|poke|p2|Palafin, L50, M|\n|poke|p2|Amoonguss, L50, F|\n|poke|p2|Arcanine, L50, M|\n|poke|p2|Flutter Mane, L50|\n|poke|p2|Ceruledge, L50, M|\n|teampreview|4\nBuhginghi has agreed to open team sheets.\nesperanzasaltas has agreed to open team sheets.\n|inactive|Battle timer is ON: inactive players will automatically lose when time's up. (requested by Buhginghi)\n|\n|t:|1682811085\n|start\n|switch|p1a: Roaring Moon|Roaring Moon, L50, shiny|100\/100\n|switch|p1b: Palafin|Palafin, L50, M|100\/100\n|switch|p2a: Veruledge|Ceruledge, L50, M|100\/100\n|switch|p2b: Palafin|Palafin, L50, M|100\/100\n|-enditem|p1a: Roaring Moon|Booster Energy\n|-activate|p1a: Roaring Moon|ability: Protosynthesis|[fromitem]\n|-start|p1a: Roaring Moon|protosynthesisatk\n|turn|1\n|\n|t:|1682811110\n|detailschange|p1b: Palafin|Palafin-Hero, L50, M\n|switch|p1b: Amoonguss|Amoonguss, L50, F|100\/100\n|detailschange|p2b: Palafin|Palafin-Hero, L50, M\n|switch|p2b: Amoonguss|Amoonguss, L50, F|100\/100\n|switch|p2a: Arcanine|Arcanine, L50, M|100\/100\n|-ability|p2a: Arcanine|Intimidate|boost\n|-unboost|p1a: Roaring Moon|atk|1\n|-unboost|p1b: Amoonguss|atk|1\n|move|p1a: Roaring Moon|Tailwind|p1a: Roaring Moon\n|-sidestart|p1: esperanzasaltas|move: Tailwind\n|\n|upkeep\n|turn|2\n|\n|t:|1682811133\n|switch|p1b: Palafin|Palafin-Hero, L50, M|100\/100\n|-activate|p1b: Palafin|ability: Zero to Hero\n|switch|p2b: Palafin|Palafin-Hero, L50, M|100\/100\n|-activate|p2b: Palafin|ability: Zero to Hero\n|-terastallize|p1a: Roaring Moon|Flying\n|move|p1a: Roaring Moon|Acrobatics|p2b: Palafin\n|-damage|p2b: Palafin|51\/100\n|move|p2a: Arcanine|Will-O-Wisp|p1a: Roaring Moon\n|-status|p1a: Roaring Moon|brn\n|\n|-damage|p1a: Roaring Moon|94\/100 brn|[from] brn\n|upkeep\n|turn|3\n|\n|t:|1682811154\n|switch|p2a: Amoonguss|Amoonguss, L50, F|100\/100\n|move|p1a: Roaring Moon|Protect|p1a: Roaring Moon\n|-singleturn|p1a: Roaring Moon|Protect\n|move|p2b: Palafin|Protect|p2b: Palafin\n|-singleturn|p2b: Palafin|Protect\n|move|p1b: Palafin|Haze|p1b: Palafin\n|-clearallboost\n|\n|-damage|p1a: Roaring Moon|88\/100 brn|[from] brn\n|upkeep\n|turn|4\n|\n|t:|1682811173\n|move|p2a: Amoonguss|Rage Powder|p2a: Amoonguss\n|-singleturn|p2a: Amoonguss|move: Rage Powder\n|move|p2b: Palafin|Jet Punch|p1a: Roaring Moon\n|-damage|p1a: Roaring Moon|30\/100 brn\n|move|p1a: Roaring Moon|Acrobatics|p2a: Amoonguss\n|-supereffective|p2a: Amoonguss\n|-damage|p2a: Amoonguss|42\/100\n|move|p1b: Palafin|Wave Crash|p2a: Amoonguss\n|-resisted|p2a: Amoonguss\n|-damage|p2a: Amoonguss|1\/100\n|-enditem|p2a: Amoonguss|Wiki Berry|[eat]\n|-heal|p2a: Amoonguss|34\/100|[from] item: Wiki Berry\n|-damage|p1b: Palafin|86\/100|[from] Recoil\n|\n|-damage|p1a: Roaring Moon|24\/100 brn|[from] brn\n|-sideend|p1: esperanzasaltas|move: Tailwind\n|upkeep\n|turn|5\n|\n|t:|1682811195\n|switch|p2a: Arcanine|Arcanine, L50, M|100\/100\n|-ability|p2a: Arcanine|Intimidate|boost\n|-unboost|p1a: Roaring Moon|atk|1\n|-unboost|p1b: Palafin|atk|1\n|move|p1a: Roaring Moon|Protect|p1a: Roaring Moon\n|-singleturn|p1a: Roaring Moon|Protect\n|move|p2b: Palafin|Jet Punch|p1a: Roaring Moon\n|-activate|p1a: Roaring Moon|move: Protect\n|move|p1b: Palafin|Wave Crash|p2a: Arcanine\n|-supereffective|p2a: Arcanine\n|-damage|p2a: Arcanine|0 fnt\n|faint|p2a: Arcanine\n|-damage|p1b: Palafin|56\/100|[from] Recoil\n|\n|-damage|p1a: Roaring Moon|18\/100 brn|[from] brn\n|upkeep\n|\n|t:|1682811199\n|switch|p2a: Amoonguss|Amoonguss, L50, F|67\/100\n|turn|6\n|\n|t:|1682811216\n|move|p2b: Palafin|Jet Punch|p1a: Roaring Moon\n|-damage|p1a: Roaring Moon|0 fnt\n|faint|p1a: Roaring Moon\n|-end|p1a: Roaring Moon|Protosynthesis|[silent]\n|move|p1b: Palafin|Wave Crash|p2a: Amoonguss\n|-resisted|p2a: Amoonguss\n|-damage|p2a: Amoonguss|43\/100\n|-damage|p1b: Palafin|48\/100|[from] Recoil\n|move|p2a: Amoonguss|Spore|p1b: Palafin\n|-status|p1b: Palafin|slp|[from] move: Spore\n|\n|upkeep\n|\n|t:|1682811223\n|switch|p1a: Amoonguss|Amoonguss, L50, F|100\/100\n|turn|7\n|\n|t:|1682811232\n|cant|p1b: Palafin|slp\n|move|p2b: Palafin|Taunt|p1a: Amoonguss\n|-start|p1a: Amoonguss|move: Taunt\n|move|p1a: Amoonguss|Pollen Puff|p1b: Palafin\n|-heal|p1b: Palafin|98\/100 slp\n|move|p2a: Amoonguss|Pollen Puff|p2b: Palafin\n|-heal|p2b: Palafin|100\/100\n|\n|upkeep\n|turn|8\n|inactive|Buhginghi has 30 seconds left.\n|\n|t:|1682811262\n|-terastallize|p2b: Palafin|Water\n|cant|p1b: Palafin|slp\n|move|p2b: Palafin|Wave Crash|p1b: Palafin\n|-resisted|p1b: Palafin\n|-damage|p1b: Palafin|38\/100 slp\n|-damage|p2b: Palafin|81\/100|[from] Recoil\n|move|p1a: Amoonguss|Pollen Puff|p1b: Palafin\n|-heal|p1b: Palafin|88\/100 slp\n|move|p2a: Amoonguss|Pollen Puff|p1b: Palafin\n|-damage|p1b: Palafin|69\/100 slp\n|\n|upkeep\n|turn|9\n|inactive|esperanzasaltas has 30 seconds left.\n|\n|t:|1682811292\n|cant|p1b: Palafin|slp\n|move|p2b: Palafin|Wave Crash|p1b: Palafin\n|-resisted|p1b: Palafin\n|-damage|p1b: Palafin|16\/100 slp\n|-damage|p2b: Palafin|64\/100|[from] Recoil\n|move|p1a: Amoonguss|Pollen Puff|p2a: Amoonguss\n|-damage|p2a: Amoonguss|29\/100\n|move|p2a: Amoonguss|Pollen Puff|p2b: Palafin\n|-heal|p2b: Palafin|100\/100\n|\n|-end|p1a: Amoonguss|move: Taunt\n|upkeep\n|turn|10\n|\n|t:|1682811315\n|-curestatus|p1b: Palafin|slp|[msg]\n|move|p1b: Palafin|Protect|p1b: Palafin\n|-singleturn|p1b: Palafin|Protect\n|move|p2b: Palafin|Jet Punch|p1b: Palafin\n|-activate|p1b: Palafin|move: Protect\n|move|p1a: Amoonguss|Spore|p2b: Palafin\n|-status|p2b: Palafin|slp|[from] move: Spore\n|move|p2a: Amoonguss|Pollen Puff|p1a: Amoonguss\n|-damage|p1a: Amoonguss|86\/100\n|\n|upkeep\n|turn|11\n|\n|t:|1682811330\n|move|p1b: Palafin|Haze|p1b: Palafin\n|-clearallboost\n|cant|p2b: Palafin|slp\n|move|p1a: Amoonguss|Pollen Puff|p1b: Palafin\n|-heal|p1b: Palafin|66\/100\n|move|p2a: Amoonguss|Pollen Puff|p1b: Palafin\n|-damage|p1b: Palafin|48\/100\n|\n|upkeep\n|turn|12\n|\n|t:|1682811349\n|move|p1b: Palafin|Wave Crash|p2a: Amoonguss\n|-resisted|p2a: Amoonguss\n|-damage|p2a: Amoonguss|0 fnt\n|faint|p2a: Amoonguss\n|-damage|p1b: Palafin|38\/100|[from] Recoil\n|cant|p2b: Palafin|slp\n|move|p1a: Amoonguss|Pollen Puff|p1b: Palafin\n|-heal|p1b: Palafin|88\/100\n|\n|upkeep\n|\n|t:|1682811352\n|switch|p2a: Veruledge|Ceruledge, L50, M|100\/100\n|turn|13\n|inactive|esperanzasaltas has 30 seconds left.\n|\n|t:|1682811377\n|move|p1b: Palafin|Jet Punch|p2a: Veruledge\n|-supereffective|p2a: Veruledge\n|-damage|p2a: Veruledge|0 fnt\n|faint|p2a: Veruledge\n|-curestatus|p2b: Palafin|slp|[msg]\n|move|p2b: Palafin|Wave Crash|p1b: Palafin\n|-resisted|p1b: Palafin\n|-damage|p1b: Palafin|34\/100\n|-damage|p2b: Palafin|83\/100|[from] Recoil\n|move|p1a: Amoonguss|Spore|p2b: Palafin\n|-status|p2b: Palafin|slp|[from] move: Spore\n|\n|upkeep\n|turn|14\n|-message|Buhginghi forfeited.\n|\n|win|esperanzasaltas\n|raw|esperanzasaltas's rating: 1263 → 1294<\/strong> (+31 for winning)\n|raw|Buhginghi's rating: 1342 → 1318<\/strong> (-24 for losing)\n|l|\u2606Buhginghi\n","uploadtime":1682811396,"views":16,"p1id":"esperanzasaltas","p2id":"buhginghi","formatid":"gen9vgc2023regulationc","rating":1294,"private":0,"password":""}