{"id":"gen9vgc2023regulationc-1852796768","p1":"Iswimsohard","p2":"McDubbieEnthusiast","format":"[Gen 9] VGC 2023 Regulation C","log":"|j|\u2606Iswimsohard\n|j|\u2606McDubbieEnthusiast\n|t:|1682607070\n|gametype|doubles\n|player|p1|Iswimsohard|swimmer|1163\n|player|p2|McDubbieEnthusiast|pokemonbreeder-gen4|1238\n|teamsize|p1|6\n|teamsize|p2|6\n|gen|9\n|tier|[Gen 9] VGC 2023 Regulation C\n|rated|\n|rule|Species Clause: Limit one of each Pok\u00e9mon\n|rule|Item Clause: Limit one of each item\n|clearpoke\n|poke|p1|Slither Wing, L50|\n|poke|p1|Tinkaton, L50, F|\n|poke|p1|Murkrow, L50, M|\n|poke|p1|Brute Bonnet, L50|\n|poke|p1|Flutter Mane, L50|\n|poke|p1|Chi-Yu, L50|\n|poke|p2|Tyranitar, L50, M|\n|poke|p2|Garchomp, L50, M|\n|poke|p2|Scream Tail, L50|\n|poke|p2|Corviknight, L50, M|\n|poke|p2|Tatsugiri, L50, F|\n|poke|p2|Dondozo, L50, M|\n|teampreview|4\n|inactive|Battle timer is ON: inactive players will automatically lose when time's up. (requested by Iswimsohard)\nMcDubbieEnthusiast has agreed to open team sheets.\n|inactive|Iswimsohard has 60 seconds left.\n|inactive|McDubbieEnthusiast has 60 seconds left.\n|\n|t:|1682607133\n|start\n|switch|p1a: Murkrow|Murkrow, L50, M|100\/100\n|switch|p1b: Slither Wing|Slither Wing, L50|100\/100\n|switch|p2a: Tarrasque|Tyranitar, L50, M, shiny|100\/100\n|switch|p2b: Mogaru|Garchomp, L50, M|100\/100\n|-weather|Sandstorm|[from] ability: Sand Stream|[of] p2a: Tarrasque\n|turn|1\n|inactive|Iswimsohard has 30 seconds left.\n|inactive|McDubbieEnthusiast has 30 seconds left.\n|inactive|Iswimsohard has 20 seconds left.\n|inactive|Iswimsohard has 15 seconds left.\n|\n|t:|1682607175\n|-terastallize|p1b: Slither Wing|Fire\n|move|p2a: Tarrasque|Protect|p2a: Tarrasque\n|-singleturn|p2a: Tarrasque|Protect\n|move|p1a: Murkrow|Tailwind|p1a: Murkrow\n|-sidestart|p1: Iswimsohard|move: Tailwind\n|move|p1b: Slither Wing|Close Combat|p2b: Mogaru\n|-damage|p2b: Mogaru|42\/100\n|-unboost|p1b: Slither Wing|def|1\n|-unboost|p1b: Slither Wing|spd|1\n|move|p2b: Mogaru|Rock Slide|p1a: Murkrow|[spread] p1a,p1b\n|-supereffective|p1a: Murkrow\n|-supereffective|p1b: Slither Wing\n|-damage|p1a: Murkrow|15\/100\n|-damage|p1b: Slither Wing|38\/100\n|\n|-weather|Sandstorm|[upkeep]\n|-damage|p1a: Murkrow|9\/100|[from] Sandstorm\n|-damage|p1b: Slither Wing|32\/100|[from] Sandstorm\n|upkeep\n|turn|2\n|inactive|Iswimsohard has 30 seconds left.\n|inactive|McDubbieEnthusiast has 30 seconds left.\n|inactive|Iswimsohard has 20 seconds left.\n|inactive|McDubbieEnthusiast has 20 seconds left.\n|inactive|McDubbieEnthusiast has 15 seconds left.\n|\n|t:|1682607217\n|switch|p2a: Marid|Dondozo, L50, M|100\/100\n|move|p2b: Mogaru|Protect|p2b: Mogaru\n|-singleturn|p2b: Mogaru|Protect\n|move|p1a: Murkrow|Sunny Day|p1a: Murkrow\n|-weather|SunnyDay\n|-activate|p1b: Slither Wing|ability: Protosynthesis\n|-start|p1b: Slither Wing|protosynthesisatk\n|move|p1b: Slither Wing|Close Combat|p2a: Marid\n|-damage|p2a: Marid|41\/100\n|-unboost|p1b: Slither Wing|def|1\n|-unboost|p1b: Slither Wing|spd|1\n|\n|-weather|SunnyDay|[upkeep]\n|-heal|p2a: Marid|47\/100|[from] item: Leftovers\n|upkeep\n|turn|3\n|inactive|Iswimsohard has 30 seconds left.\n|inactive|Iswimsohard has 20 seconds left.\n|\n|t:|1682607253\n|switch|p1a: Brute Bonnet|Brute Bonnet, L50|100\/100\n|-activate|p1a: Brute Bonnet|ability: Protosynthesis\n|-start|p1a: Brute Bonnet|protosynthesisatk\n|switch|p2a: Tarrasque|Tyranitar, L50, M, shiny|100\/100\n|-weather|Sandstorm|[from] ability: Sand Stream|[of] p2a: Tarrasque\n|-end|p1a: Brute Bonnet|Protosynthesis\n|-end|p1b: Slither Wing|Protosynthesis\n|move|p1b: Slither Wing|Close Combat|p2a: Tarrasque\n|-supereffective|p2a: Tarrasque\n|-damage|p2a: Tarrasque|0 fnt\n|-unboost|p1b: Slither Wing|def|1\n|-unboost|p1b: Slither Wing|spd|1\n|faint|p2a: Tarrasque\n|move|p2b: Mogaru|Rock Slide|p1b: Slither Wing|[spread] p1a,p1b\n|-supereffective|p1b: Slither Wing\n|-damage|p1a: Brute Bonnet|82\/100\n|-damage|p1b: Slither Wing|0 fnt\n|faint|p1b: Slither Wing\n|-end|p1b: Slither Wing|Protosynthesis|[silent]\n|\n|-weather|Sandstorm|[upkeep]\n|-damage|p1a: Brute Bonnet|77\/100|[from] Sandstorm\n|upkeep\n|\n|t:|1682607276\n|switch|p2a: Marid|Dondozo, L50, M|47\/100\n|switch|p1b: Chi-Yu|Chi-Yu, L50|100\/100\n|-ability|p1b: Chi-Yu|Beads of Ruin\n|turn|4\n|\n|t:|1682607296\n|-terastallize|p2b: Mogaru|Rock\n|move|p2a: Marid|Protect|p2a: Marid\n|-singleturn|p2a: Marid|Protect\n|move|p1b: Chi-Yu|Dark Pulse|p2b: Mogaru|[miss]\n|-miss|p1b: Chi-Yu|p2b: Mogaru\n|move|p1a: Brute Bonnet|Bullet Seed|p2a: Marid\n|-activate|p2a: Marid|move: Protect\n|move|p2b: Mogaru|Rock Slide|p1a: Brute Bonnet|[spread] p1a,p1b\n|-supereffective|p1b: Chi-Yu\n|-damage|p1a: Brute Bonnet|52\/100\n|-damage|p1b: Chi-Yu|17\/100\n|\n|-weather|Sandstorm|[upkeep]\n|-damage|p1b: Chi-Yu|10\/100|[from] Sandstorm\n|-damage|p1a: Brute Bonnet|46\/100|[from] Sandstorm\n|-damage|p2a: Marid|41\/100|[from] Sandstorm\n|-heal|p2a: Marid|47\/100|[from] item: Leftovers\n|-sideend|p1: Iswimsohard|move: Tailwind\n|upkeep\n|turn|5\n|inactive|McDubbieEnthusiast has 30 seconds left.\n|\n|t:|1682607325\n|move|p1b: Chi-Yu|Protect|p1b: Chi-Yu\n|-singleturn|p1b: Chi-Yu|Protect\n|move|p1a: Brute Bonnet|Sucker Punch|p2b: Mogaru|[miss]\n|-miss|p1a: Brute Bonnet|p2b: Mogaru\n|move|p2b: Mogaru|Rock Slide|p1a: Brute Bonnet|[spread] p1a\n|-activate|p1b: Chi-Yu|move: Protect\n|-damage|p1a: Brute Bonnet|19\/100\n|move|p2a: Marid|Wave Crash|p1a: Brute Bonnet\n|-resisted|p1a: Brute Bonnet\n|-damage|p1a: Brute Bonnet|0 fnt\n|faint|p1a: Brute Bonnet\n|-end|p1a: Brute Bonnet|Protosynthesis|[silent]\n|-damage|p2a: Marid|41\/100|[from] Recoil\n|\n|-weather|Sandstorm|[upkeep]\n|-damage|p1b: Chi-Yu|4\/100|[from] Sandstorm\n|-damage|p2a: Marid|35\/100|[from] Sandstorm\n|-heal|p2a: Marid|41\/100|[from] item: Leftovers\n|upkeep\n|c|\u2606Iswimsohard|What a joke\n|inactive|Iswimsohard has 30 seconds left.\n|\n|t:|1682607353\n|switch|p1a: Murkrow|Murkrow, L50, M|9\/100\n|turn|6\n|c|\u2606McDubbieEnthusiast|Lmao isn't it great?\n|c|\u2606McDubbieEnthusiast|Sooooo funny\n|-message|Iswimsohard forfeited.\n|\n|win|McDubbieEnthusiast\n|raw|Iswimsohard's rating: 1163 → 1143<\/strong> (-20 for losing)\n|raw|McDubbieEnthusiast's rating: 1238 → 1258<\/strong> (+20 for winning)\n|l|\u2606Iswimsohard\n","uploadtime":1682607376,"views":15,"p1id":"iswimsohard","p2id":"mcdubbieenthusiast","formatid":"gen9vgc2023regulationc","rating":1143,"private":0,"password":""}