{"id":"gen9vgc2023regulationc-1853428386","p1":"becrazeh","p2":"Charlisito","format":"[Gen 9] VGC 2023 Regulation C","log":"|j|\u2606becrazeh\n|j|\u2606Charlisito\n|t:|1682683985\n|gametype|doubles\n|player|p1|becrazeh|clown|1121\n|player|p2|Charlisito|170|1194\n|teamsize|p1|6\n|teamsize|p2|6\n|gen|9\n|tier|[Gen 9] VGC 2023 Regulation C\n|rated|\n|rule|Species Clause: Limit one of each Pok\u00e9mon\n|rule|Item Clause: Limit one of each item\n|clearpoke\n|poke|p1|Scream Tail, L50|\n|poke|p1|Dragapult, L50, M|\n|poke|p1|Gyarados, L50, F|\n|poke|p1|Amoonguss, L50, F|\n|poke|p1|Sandy Shocks, L50|\n|poke|p1|Chi-Yu, L50|\n|poke|p2|Palafin, L50, M|\n|poke|p2|Arcanine, L50, M|\n|poke|p2|Amoonguss, L50, M|\n|poke|p2|Flutter Mane, L50|\n|poke|p2|Ting-Lu, L50|\n|poke|p2|Slither Wing, L50|\n|teampreview|4\nbecrazeh rejected open team sheets.\n|inactive|Battle timer is ON: inactive players will automatically lose when time's up. (requested by becrazeh)\n|\n|t:|1682684069\n|start\n|switch|p1a: Scream Tail|Scream Tail, L50|100\/100\n|switch|p1b: Gyarados|Gyarados, L50, F|100\/100\n|switch|p2a: Palafin|Palafin, L50, M|100\/100\n|switch|p2b: Flutter Mane|Flutter Mane, L50|100\/100\n|-ability|p1b: Gyarados|Intimidate|boost\n|-unboost|p2a: Palafin|atk|1\n|-unboost|p2b: Flutter Mane|atk|1\n|-enditem|p2b: Flutter Mane|Booster Energy\n|-activate|p2b: Flutter Mane|ability: Protosynthesis|[fromitem]\n|-start|p2b: Flutter Mane|protosynthesisspa\n|-enditem|p1a: Scream Tail|Booster Energy\n|-activate|p1a: Scream Tail|ability: Protosynthesis|[fromitem]\n|-start|p1a: Scream Tail|protosynthesisspe\n|turn|1\n|\n|t:|1682684088\n|detailschange|p2a: Palafin|Palafin-Hero, L50, M\n|switch|p2a: Ting-Lu|Ting-Lu, L50|100\/100\n|-ability|p2a: Ting-Lu|Vessel of Ruin\n|move|p1a: Scream Tail|Howl|p1a: Scream Tail|[spread] p1a,p1b\n|-boost|p1a: Scream Tail|atk|1\n|-boost|p1b: Gyarados|atk|1\n|move|p2b: Flutter Mane|Shadow Ball|p1a: Scream Tail\n|-supereffective|p1a: Scream Tail\n|-damage|p1a: Scream Tail|40\/100\n|move|p1b: Gyarados|Waterfall|p2b: Flutter Mane\n|-damage|p2b: Flutter Mane|0 fnt\n|faint|p2b: Flutter Mane\n|-end|p2b: Flutter Mane|Protosynthesis|[silent]\n|\n|upkeep\n|inactive|Charlisito has 30 seconds left.\n|\n|t:|1682684122\n|switch|p2b: Palafin|Palafin-Hero, L50, M|100\/100\n|-activate|p2b: Palafin|ability: Zero to Hero\n|turn|2\n|\n|t:|1682684133\n|-terastallize|p1b: Gyarados|Flying\n|move|p2b: Palafin|Jet Punch|p1a: Scream Tail\n|-damage|p1a: Scream Tail|6\/100\n|move|p1a: Scream Tail|Howl|p1a: Scream Tail|[spread] p1a,p1b\n|-boost|p1a: Scream Tail|atk|1\n|-boost|p1b: Gyarados|atk|1\n|move|p1b: Gyarados|Tera Blast|p2b: Palafin\n|-damage|p2b: Palafin|1\/100\n|move|p2a: Ting-Lu|Ruination|p1b: Gyarados\n|-damage|p1b: Gyarados|51\/100\n|\n|upkeep\n|turn|3\n|inactive|Charlisito has 30 seconds left.\n|inactive|Charlisito has 20 seconds left.\n|inactive|Charlisito has 15 seconds left.\n|inactive|Charlisito has 10 seconds left.\n|\n|t:|1682684181\n|move|p2b: Palafin|Protect|p2b: Palafin\n|-singleturn|p2b: Palafin|Protect\n|move|p1b: Gyarados|Protect|p1b: Gyarados\n|-singleturn|p1b: Gyarados|Protect\n|move|p1a: Scream Tail|Disable|p2b: Palafin\n|-activate|p2b: Palafin|move: Protect\n|move|p2a: Ting-Lu|Payback|p1a: Scream Tail\n|-damage|p1a: Scream Tail|0 fnt\n|faint|p1a: Scream Tail\n|-end|p1a: Scream Tail|Protosynthesis|[silent]\n|\n|upkeep\n|\n|t:|1682684190\n|switch|p1a: Amoonguss|Amoonguss, L50, F|100\/100\n|turn|4\n|\n|t:|1682684211\n|move|p1a: Amoonguss|Rage Powder|p1a: Amoonguss\n|-singleturn|p1a: Amoonguss|move: Rage Powder\n|move|p2b: Palafin|Haze|p2b: Palafin\n|-clearallboost\n|move|p1b: Gyarados|Waterfall|p2a: Ting-Lu\n|-supereffective|p2a: Ting-Lu\n|-damage|p2a: Ting-Lu|57\/100\n|cant|p2a: Ting-Lu|flinch\n|\n|upkeep\n|turn|5\n|\n|t:|1682684227\n|move|p1a: Amoonguss|Rage Powder|p1a: Amoonguss\n|-singleturn|p1a: Amoonguss|move: Rage Powder\n|move|p2b: Palafin|Wave Crash|p1a: Amoonguss\n|-resisted|p1a: Amoonguss\n|-damage|p1a: Amoonguss|53\/100\n|-damage|p2b: Palafin|0 fnt|[from] item: Rocky Helmet|[of] p1a: Amoonguss\n|faint|p2b: Palafin\n|move|p1b: Gyarados|Waterfall|p2a: Ting-Lu\n|-supereffective|p2a: Ting-Lu\n|-damage|p2a: Ting-Lu|17\/100\n|move|p2a: Ting-Lu|Payback|p1a: Amoonguss\n|-damage|p1a: Amoonguss|10\/100\n|-damage|p2a: Ting-Lu|0 fnt|[from] item: Rocky Helmet|[of] p1a: Amoonguss\n|faint|p2a: Ting-Lu\n|\n|upkeep\n|\n|t:|1682684231\n|switch|p2b: Slither Wing|Slither Wing, L50|100\/100\n|turn|6\n|\n|t:|1682684245\n|-terastallize|p2b: Slither Wing|Fire\n|move|p2b: Slither Wing|Flame Charge|p1a: Amoonguss\n|-supereffective|p1a: Amoonguss\n|-damage|p1a: Amoonguss|0 fnt\n|-boost|p2b: Slither Wing|spe|1\n|-damage|p2b: Slither Wing|84\/100|[from] item: Rocky Helmet|[of] p1a: Amoonguss\n|faint|p1a: Amoonguss\n|move|p1b: Gyarados|Tera Blast|p2b: Slither Wing\n|-damage|p2b: Slither Wing|16\/100\n|\n|upkeep\n|\n|t:|1682684253\n|switch|p1a: Sandy Shocks|Sandy Shocks, L50|100\/100\n|turn|7\n|\n|t:|1682684260\n|move|p2b: Slither Wing|Leech Life|p1b: Gyarados\n|-resisted|p1b: Gyarados\n|-damage|p1b: Gyarados|31\/100\n|-heal|p2b: Slither Wing|28\/100|[from] drain|[of] p1b: Gyarados\n|-enditem|p1b: Gyarados|Sitrus Berry|[eat]\n|-heal|p1b: Gyarados|56\/100|[from] item: Sitrus Berry\n|move|p1a: Sandy Shocks|Earth Power|p2b: Slither Wing\n|-supereffective|p2b: Slither Wing\n|-damage|p2b: Slither Wing|0 fnt\n|faint|p2b: Slither Wing\n|-end|p2b: Slither Wing|Protosynthesis|[silent]\n|-damage|p1a: Sandy Shocks|91\/100|[from] item: Life Orb\n|\n|win|becrazeh\n|raw|becrazeh's rating: 1121 → 1151<\/strong> (+30 for winning)\n|raw|Charlisito's rating: 1194 → 1164<\/strong> (-30 for losing)\n|l|\u2606becrazeh\n","uploadtime":1682684308,"views":11,"p1id":"becrazeh","p2id":"charlisito","formatid":"gen9vgc2023regulationc","rating":1151,"private":0,"password":""}