{"id":"gen9vgc2023regulationc-1849066851","p1":"redbullcyndaquil","p2":"Sc4rleT-EPX","format":"[Gen 9] VGC 2023 Regulation C","log":"|j|\u2606redbullcyndaquil\n|j|\u2606Sc4rleT-EPX\n|t:|1682148762\n|gametype|doubles\n|player|p1|redbullcyndaquil|102|1221\n|player|p2|Sc4rleT-EPX|169|1173\n|teamsize|p1|6\n|teamsize|p2|6\n|gen|9\n|tier|[Gen 9] VGC 2023 Regulation C\n|rated|\n|rule|Species Clause: Limit one of each Pok\u00e9mon\n|rule|Item Clause: Limit one of each item\n|clearpoke\n|poke|p1|Pelipper, L50, F|\n|poke|p1|Barraskewda, L50, M|\n|poke|p1|Tatsugiri, L50, F|\n|poke|p1|Dondozo, L50, F|\n|poke|p1|Palafin, L50, F|\n|poke|p1|Chien-Pao, L50|\n|poke|p2|Glimmora, L50, F|\n|poke|p2|Wo-Chien, L50|\n|poke|p2|Gothitelle, L50, M|\n|poke|p2|Hydreigon, L50, M|\n|poke|p2|Chien-Pao, L50|\n|poke|p2|Avalugg, L50, M|\n|teampreview|4\n|\n|t:|1682148791\n|start\n|switch|p1a: Pelipper|Pelipper, L50, F|100\/100\n|switch|p1b: Barraskewda|Barraskewda, L50, M|100\/100\n|switch|p2a: Garry|Wo-Chien, L50|100\/100\n|switch|p2b: Glimmer|Glimmora, L50, F|100\/100\n|-ability|p2a: Garry|Tablets of Ruin\n|-weather|RainDance|[from] ability: Drizzle|[of] p1a: Pelipper\n|turn|1\n|\n|t:|1682148822\n|switch|p1a: Chien-Pao|Chien-Pao, L50|100\/100\n|-ability|p1a: Chien-Pao|Sword of Ruin\n|move|p1b: Barraskewda|Drill Run|p2b: Glimmer\n|-supereffective|p2b: Glimmer\n|-crit|p2b: Glimmer\n|-damage|p2b: Glimmer|0 fnt\n|-activate|p2b: Glimmer|ability: Toxic Debris\n|-sidestart|p1: redbullcyndaquil|move: Toxic Spikes\n|faint|p2b: Glimmer\n|move|p2a: Garry|Leech Seed|p1b: Barraskewda\n|-start|p1b: Barraskewda|move: Leech Seed\n|\n|-weather|RainDance|[upkeep]\n|-damage|p1b: Barraskewda|88\/100|[from] Leech Seed|[of] p2a: Garry\n|upkeep\n|\n|t:|1682148836\n|switch|p2b: Gothic|Gothitelle, L50, M|100\/100\n|turn|2\n|\n|t:|1682148850\n|move|p2b: Gothic|Fake Out|p1a: Chien-Pao\n|-damage|p1a: Chien-Pao|93\/100\n|move|p1b: Barraskewda|Drill Run|p2b: Gothic\n|-crit|p2b: Gothic\n|-damage|p2b: Gothic|30\/100\n|cant|p1a: Chien-Pao|flinch\n|move|p2a: Garry|Leech Seed|p1a: Chien-Pao\n|-start|p1a: Chien-Pao|move: Leech Seed\n|\n|-weather|RainDance|[upkeep]\n|-damage|p1b: Barraskewda|76\/100|[from] Leech Seed|[of] p2a: Garry\n|-damage|p1a: Chien-Pao|80\/100|[from] Leech Seed|[of] p2a: Garry\n|upkeep\n|turn|3\n|\n|t:|1682148870\n|move|p1b: Barraskewda|Drill Run|p2b: Gothic\n|-damage|p2b: Gothic|0 fnt\n|faint|p2b: Gothic\n|move|p1a: Chien-Pao|Sacred Sword|p2a: Garry\n|-supereffective|p2a: Garry\n|-damage|p2a: Garry|55\/100\n|move|p2a: Garry|Pollen Puff|p2: Gothic|[notarget]\n|-fail|p2a: Garry\n|\n|-weather|RainDance|[upkeep]\n|-heal|p2a: Garry|61\/100|[from] item: Leftovers\n|-damage|p1b: Barraskewda|63\/100|[from] Leech Seed|[of] p2a: Garry\n|-heal|p2a: Garry|70\/100|[silent]\n|-damage|p1a: Chien-Pao|68\/100|[from] Leech Seed|[of] p2a: Garry\n|-heal|p2a: Garry|80\/100|[silent]\n|upkeep\n|\n|t:|1682148882\n|switch|p2b: Pisswasser|Avalugg, L50, M, shiny|100\/100\n|turn|4\n|\n|t:|1682148900\n|switch|p1b: Palafin|Palafin, L50, F|100\/100\n|-status|p1b: Palafin|psn\n|switch|p1a: Pelipper|Pelipper, L50, F|100\/100\n|-terastallize|p2b: Pisswasser|Ice\n|move|p2a: Garry|Protect|p2a: Garry\n|-singleturn|p2a: Garry|Protect\n|move|p2b: Pisswasser|Rock Slide|p1a: Pelipper|[spread] p1a\n|-miss|p2b: Pisswasser|p1b: Palafin\n|-supereffective|p1a: Pelipper\n|-damage|p1a: Pelipper|68\/100\n|\n|-weather|RainDance|[upkeep]\n|-heal|p2a: Garry|86\/100|[from] item: Leftovers\n|-damage|p1b: Palafin|88\/100 psn|[from] psn\n|upkeep\n|turn|5\n|\n|t:|1682148921\n|detailschange|p1b: Palafin|Palafin-Hero, L50, F\n|switch|p1b: Barraskewda|Barraskewda, L50, M|63\/100\n|-status|p1b: Barraskewda|psn\n|move|p2a: Garry|Leech Seed|p1a: Pelipper\n|-start|p1a: Pelipper|move: Leech Seed\n|move|p1a: Pelipper|Hurricane|p2a: Garry\n|-supereffective|p2a: Garry\n|-damage|p2a: Garry|36\/100\n|move|p2b: Pisswasser|Rock Slide|p1a: Pelipper|[spread] p1a,p1b\n|-supereffective|p1a: Pelipper\n|-damage|p1a: Pelipper|35\/100\n|-damage|p1b: Barraskewda|18\/100 psn\n|\n|-weather|none\n|-heal|p2a: Garry|42\/100|[from] item: Leftovers\n|-damage|p1a: Pelipper|23\/100|[from] Leech Seed|[of] p2a: Garry\n|-heal|p2a: Garry|53\/100|[silent]\n|-damage|p1b: Barraskewda|6\/100 psn|[from] psn\n|upkeep\n|turn|6\n|\n|t:|1682148942\n|switch|p1a: Palafin|Palafin-Hero, L50, F|88\/100 psn\n|-activate|p1a: Palafin|ability: Zero to Hero\n|move|p2a: Garry|Protect|p2a: Garry\n|-singleturn|p2a: Garry|Protect\n|move|p1b: Barraskewda|Close Combat|p2a: Garry\n|-activate|p2a: Garry|move: Protect\n|move|p2b: Pisswasser|Rock Slide|p1b: Barraskewda|[spread] p1a,p1b\n|-damage|p1a: Palafin|66\/100 psn\n|-damage|p1b: Barraskewda|0 fnt\n|faint|p1b: Barraskewda\n|\n|-heal|p2a: Garry|59\/100|[from] item: Leftovers\n|-damage|p1a: Palafin|54\/100 psn|[from] psn\n|upkeep\n|\n|t:|1682148960\n|switch|p1b: Chien-Pao|Chien-Pao, L50|68\/100\n|-status|p1b: Chien-Pao|psn\n|-ability|p1b: Chien-Pao|Sword of Ruin\n|turn|7\n|\n|t:|1682148973\n|-terastallize|p1a: Palafin|Water\n|move|p1b: Chien-Pao|Sacred Sword|p2a: Garry\n|-supereffective|p2a: Garry\n|-damage|p2a: Garry|13\/100\n|move|p1a: Palafin|Wave Crash|p2b: Pisswasser\n|-damage|p2b: Pisswasser|34\/100\n|-damage|p1a: Palafin|29\/100 psn|[from] Recoil\n|move|p2a: Garry|Leech Seed|p1a: Palafin\n|-start|p1a: Palafin|move: Leech Seed\n|move|p2b: Pisswasser|Rock Slide|p1a: Palafin|[spread] p1a\n|-miss|p2b: Pisswasser|p1b: Chien-Pao\n|-damage|p1a: Palafin|0 fnt\n|faint|p1a: Palafin\n|\n|-heal|p2a: Garry|19\/100|[from] item: Leftovers\n|-damage|p1b: Chien-Pao|56\/100 psn|[from] psn\n|upkeep\n|\n|t:|1682148991\n|switch|p1a: Pelipper|Pelipper, L50, F|23\/100\n|-weather|RainDance|[from] ability: Drizzle|[of] p1a: Pelipper\n|turn|8\n|\n|t:|1682149002\n|move|p2a: Garry|Protect|p2a: Garry\n|-singleturn|p2a: Garry|Protect\n|move|p1b: Chien-Pao|Sacred Sword|p2b: Pisswasser\n|-supereffective|p2b: Pisswasser\n|-damage|p2b: Pisswasser|4\/100\n|move|p1a: Pelipper|Hurricane|p2a: Garry\n|-activate|p2a: Garry|move: Protect\n|move|p2b: Pisswasser|Rock Slide|p1b: Chien-Pao|[spread] p1a,p1b\n|-supereffective|p1a: Pelipper\n|-supereffective|p1b: Chien-Pao\n|-damage|p1a: Pelipper|0 fnt\n|-damage|p1b: Chien-Pao|0 fnt\n|faint|p1a: Pelipper\n|faint|p1b: Chien-Pao\n|\n|win|Sc4rleT-EPX\n|raw|redbullcyndaquil's rating: 1221 → 1193<\/strong> (-28 for losing)\n|raw|Sc4rleT-EPX's rating: 1173 → 1201<\/strong> (+28 for winning)\n","uploadtime":1682149017,"views":13,"p1id":"redbullcyndaquil","p2id":"sc4rletepx","formatid":"gen9vgc2023regulationc","rating":1193,"private":0,"password":""}