{"id":"gen9vgc2023regulationc-1845120384","p1":"ShadowFlameDragn","p2":"SirHammond_65","format":"[Gen 9] VGC 2023 Regulation C","log":"|j|\u2606ShadowFlameDragn\n|j|\u2606SirHammond_65\n|t:|1681685918\n|gametype|doubles\n|player|p1|ShadowFlameDragn|hilbert|1250\n|player|p2|SirHammond_65|101|1246\n|teamsize|p1|6\n|teamsize|p2|6\n|gen|9\n|tier|[Gen 9] VGC 2023 Regulation C\n|rated|\n|rule|Species Clause: Limit one of each Pok\u00e9mon\n|rule|Item Clause: Limit one of each item\n|clearpoke\n|poke|p1|Dragonite, L50, M|\n|poke|p1|Tinkaton, L50, F|\n|poke|p1|Chi-Yu, L50|\n|poke|p1|Iron Bundle, L50|\n|poke|p1|Maushold, L50|\n|poke|p1|Annihilape, L50, M|\n|poke|p2|Flutter Mane, L50|\n|poke|p2|Torkoal, L50, M|\n|poke|p2|Slither Wing, L50|\n|poke|p2|Dragonite, L50, M|\n|poke|p2|Amoonguss, L50, F|\n|poke|p2|Chi-Yu, L50|\n|teampreview|4\n|c|\u2606ShadowFlameDragn|glhf!\nShadowFlameDragn has agreed to open team sheets.\n|c|\u2606SirHammond_65|gl hf too!\n|\n|t:|1681686023\n|start\n|switch|p1a: Dragonite|Dragonite, L50, M|100\/100\n|switch|p1b: Tinkaton|Tinkaton, L50, F|100\/100\n|switch|p2a: Flutter Mane|Flutter Mane, L50|100\/100\n|switch|p2b: Torkoal|Torkoal, L50, M|100\/100\n|-ability|p1b: Tinkaton|Mold Breaker\n|-weather|SunnyDay|[from] ability: Drought|[of] p2b: Torkoal\n|-activate|p2a: Flutter Mane|ability: Protosynthesis\n|-start|p2a: Flutter Mane|protosynthesisspd\n|turn|1\n|\n|t:|1681686066\n|-terastallize|p1b: Tinkaton|Water\n|move|p2a: Flutter Mane|Calm Mind|p2a: Flutter Mane\n|-boost|p2a: Flutter Mane|spa|1\n|-boost|p2a: Flutter Mane|spd|1\n|move|p1b: Tinkaton|Gigaton Hammer|p2a: Flutter Mane\n|-supereffective|p2a: Flutter Mane\n|-damage|p2a: Flutter Mane|0 fnt\n|faint|p2a: Flutter Mane\n|-end|p2a: Flutter Mane|Protosynthesis|[silent]\n|move|p1a: Dragonite|Aerial Ace|p2b: Torkoal\n|-damage|p2b: Torkoal|73\/100\n|move|p2b: Torkoal|Will-O-Wisp|p1a: Dragonite\n|-status|p1a: Dragonite|brn\n|\n|-weather|SunnyDay|[upkeep]\n|-damage|p1a: Dragonite|95\/100 brn|[from] brn\n|upkeep\n|\n|t:|1681686084\n|switch|p2a: Dragonite|Dragonite, L50, M|100\/100\n|turn|2\n|\n|t:|1681686100\n|-terastallize|p2a: Dragonite|Flying\n|move|p1a: Dragonite|Extreme Speed|p2a: Dragonite\n|-damage|p2a: Dragonite|93\/100\n|move|p2a: Dragonite|Dragon Dance|p2a: Dragonite\n|-boost|p2a: Dragonite|atk|1\n|-boost|p2a: Dragonite|spe|1\n|move|p1b: Tinkaton|Play Rough|p2a: Dragonite\n|-damage|p2a: Dragonite|60\/100\n|move|p2b: Torkoal|Will-O-Wisp|p1b: Tinkaton\n|-status|p1b: Tinkaton|brn\n|\n|-weather|SunnyDay|[upkeep]\n|-damage|p1b: Tinkaton|94\/100 brn|[from] brn\n|-damage|p1a: Dragonite|89\/100 brn|[from] brn\n|upkeep\n|turn|3\n|\n|t:|1681686130\n|move|p2b: Torkoal|Helping Hand|p2a: Dragonite\n|-singleturn|p2a: Dragonite|Helping Hand|[of] p2b: Torkoal\n|move|p2a: Dragonite|Tera Blast|p1b: Tinkaton\n|-damage|p1b: Tinkaton|0 fnt\n|faint|p1b: Tinkaton\n|move|p1a: Dragonite|Tailwind|p1a: Dragonite\n|-sidestart|p1: ShadowFlameDragn|move: Tailwind\n|\n|-weather|SunnyDay|[upkeep]\n|-damage|p1a: Dragonite|83\/100 brn|[from] brn\n|upkeep\n|\n|t:|1681686143\n|switch|p1b: Chi-Yu|Chi-Yu, L50|100\/100\n|-ability|p1b: Chi-Yu|Beads of Ruin\n|turn|4\n|\n|t:|1681686163\n|move|p2b: Torkoal|Helping Hand|p2a: Dragonite\n|-singleturn|p2a: Dragonite|Helping Hand|[of] p2b: Torkoal\n|move|p1b: Chi-Yu|Heat Wave|p2a: Dragonite|[spread] p2a,p2b\n|-resisted|p2b: Torkoal\n|-damage|p2a: Dragonite|0 fnt\n|-damage|p2b: Torkoal|26\/100\n|faint|p2a: Dragonite\n|-damage|p1b: Chi-Yu|91\/100|[from] item: Life Orb\n|move|p1a: Dragonite|Safeguard|p1a: Dragonite\n|-sidestart|p1: ShadowFlameDragn|Safeguard\n|\n|-weather|SunnyDay|[upkeep]\n|-damage|p1a: Dragonite|77\/100 brn|[from] brn\n|upkeep\n|\n|t:|1681686173\n|switch|p2a: Chi-Yu|Chi-Yu, L50|100\/100\n|-ability|p2a: Chi-Yu|Beads of Ruin\n|turn|5\n|\n|t:|1681686195\n|move|p2b: Torkoal|Helping Hand|p2a: Chi-Yu\n|-singleturn|p2a: Chi-Yu|Helping Hand|[of] p2b: Torkoal\n|move|p1a: Dragonite|Extreme Speed|p2a: Chi-Yu\n|-damage|p2a: Chi-Yu|74\/100\n|move|p1b: Chi-Yu|Snarl|p2b: Torkoal|[spread] p2a,p2b\n|-resisted|p2a: Chi-Yu\n|-damage|p2a: Chi-Yu|56\/100\n|-damage|p2b: Torkoal|0 fnt\n|-unboost|p2a: Chi-Yu|spa|1\n|faint|p2b: Torkoal\n|-damage|p1b: Chi-Yu|81\/100|[from] item: Life Orb\n|move|p2a: Chi-Yu|Snarl|p1b: Chi-Yu|[spread] p1b\n|-miss|p2a: Chi-Yu|p1a: Dragonite\n|-resisted|p1b: Chi-Yu\n|-damage|p1b: Chi-Yu|67\/100\n|-unboost|p1b: Chi-Yu|spa|1\n|\n|-weather|SunnyDay|[upkeep]\n|-damage|p1a: Dragonite|72\/100 brn|[from] brn\n|upkeep\n|turn|6\n|\n|t:|1681686219\n|move|p1b: Chi-Yu|Snarl|p2a: Chi-Yu\n|-resisted|p2a: Chi-Yu\n|-damage|p2a: Chi-Yu|41\/100\n|-unboost|p2a: Chi-Yu|spa|1\n|-damage|p1b: Chi-Yu|57\/100|[from] item: Life Orb\n|move|p1a: Dragonite|Aerial Ace|p2a: Chi-Yu\n|-damage|p2a: Chi-Yu|10\/100\n|move|p2a: Chi-Yu|Heat Wave|p1a: Dragonite|[spread] p1a,p1b\n|-resisted|p1a: Dragonite\n|-resisted|p1b: Chi-Yu\n|-damage|p1a: Dragonite|52\/100 brn\n|-damage|p1b: Chi-Yu|39\/100\n|\n|-weather|SunnyDay|[upkeep]\n|-damage|p1a: Dragonite|47\/100 brn|[from] brn\n|-sideend|p1: ShadowFlameDragn|move: Tailwind\n|upkeep\n|turn|7\n|c|\u2606SirHammond_65|gg\n|-message|SirHammond_65 forfeited.\n|\n|win|ShadowFlameDragn\n|raw|ShadowFlameDragn's rating: 1250 → 1275<\/strong> (+25 for winning)\n|raw|SirHammond_65's rating: 1246 → 1221<\/strong> (-25 for losing)\n|l|\u2606SirHammond_65\n|c|\u2606ShadowFlameDragn|ggs!\n","uploadtime":1681686239,"views":14,"p1id":"shadowflamedragn","p2id":"sirhammond65","formatid":"gen9vgc2023regulationc","rating":1221,"private":0,"password":""}