{"id":"gen9vgc2023regulationc-1849925279","p1":"TheOleBP","p2":"ReyOscuroVLC","format":"[Gen 9] VGC 2023 Regulation C","log":"|j|\u2606TheOleBP\n|j|\u2606ReyOscuroVLC\n|t:|1682268746\n|gametype|doubles\n|player|p1|TheOleBP|red|1327\n|player|p2|ReyOscuroVLC|drayden|1324\n|teamsize|p1|6\n|teamsize|p2|6\n|gen|9\n|tier|[Gen 9] VGC 2023 Regulation C\n|rated|\n|rule|Species Clause: Limit one of each Pok\u00e9mon\n|rule|Item Clause: Limit one of each item\n|clearpoke\n|poke|p1|Palafin, L50, M|\n|poke|p1|Chien-Pao, L50|\n|poke|p1|Dragonite, L50, M|\n|poke|p1|Ceruledge, L50, M|\n|poke|p1|Lucario, L50, M|\n|poke|p1|Flutter Mane, L50|\n|poke|p2|Gyarados, L50, F|\n|poke|p2|Scizor, L50, M|\n|poke|p2|Amoonguss, L50, F|\n|poke|p2|Ting-Lu, L50|\n|poke|p2|Flutter Mane, L50|\n|poke|p2|Iron Hands, L50|\n|teampreview|4\n|inactive|Battle timer is ON: inactive players will automatically lose when time's up. (requested by TheOleBP)\n|inactive|ReyOscuroVLC has 60 seconds left.\n|\n|t:|1682268785\n|start\n|switch|p1a: Palafin|Palafin, L50, M, shiny|100\/100\n|switch|p1b: Ceruledge|Ceruledge, L50, M|100\/100\n|switch|p2a: La Gamba|Gyarados, L50, F, shiny|100\/100\n|switch|p2b: Iron Hands|Iron Hands, L50|100\/100\n|-ability|p2a: La Gamba|Intimidate|boost\n|-unboost|p1a: Palafin|atk|1\n|-fail|p1b: Ceruledge|unboost|[from] item: Clear Amulet|[of] p1b: Ceruledge\n|turn|1\n|inactive|TheOleBP has 30 seconds left.\n|\n|t:|1682268811\n|detailschange|p1a: Palafin|Palafin-Hero, L50, M, shiny\n|switch|p1a: Flutter Mane|Flutter Mane, L50|100\/100\n|-enditem|p1a: Flutter Mane|Booster Energy\n|-activate|p1a: Flutter Mane|ability: Protosynthesis|[fromitem]\n|-start|p1a: Flutter Mane|protosynthesisspa\n|move|p1b: Ceruledge|Protect|p1b: Ceruledge\n|-singleturn|p1b: Ceruledge|Protect\n|move|p2a: La Gamba|Thunder Wave|p1b: Ceruledge\n|-activate|p1b: Ceruledge|move: Protect\n|move|p2b: Iron Hands|Swords Dance|p2b: Iron Hands\n|-boost|p2b: Iron Hands|atk|2\n|\n|upkeep\n|turn|2\n|inactive|TheOleBP has 30 seconds left.\n|inactive|ReyOscuroVLC has 30 seconds left.\n|\n|t:|1682268843\n|-terastallize|p2b: Iron Hands|Fire\n|move|p1a: Flutter Mane|Moonblast|p2b: Iron Hands\n|-resisted|p2b: Iron Hands\n|-damage|p2b: Iron Hands|75\/100\n|move|p2a: La Gamba|Waterfall|p1b: Ceruledge\n|-supereffective|p1b: Ceruledge\n|-damage|p1b: Ceruledge|18\/100\n|-ability|p1b: Ceruledge|Weak Armor|boost\n|-unboost|p1b: Ceruledge|def|1\n|-boost|p1b: Ceruledge|spe|2\n|move|p1b: Ceruledge|Bitter Blade|p2b: Iron Hands\n|-resisted|p2b: Iron Hands\n|-damage|p2b: Iron Hands|59\/100\n|-heal|p1b: Ceruledge|29\/100|[from] drain|[of] p2b: Iron Hands\n|move|p2b: Iron Hands|Thunder Punch|p1a: Flutter Mane\n|-damage|p1a: Flutter Mane|0 fnt\n|faint|p1a: Flutter Mane\n|-end|p1a: Flutter Mane|Protosynthesis|[silent]\n|\n|upkeep\n|\n|t:|1682268859\n|switch|p1a: Palafin|Palafin-Hero, L50, M, shiny|100\/100\n|-activate|p1a: Palafin|ability: Zero to Hero\n|turn|3\n|\n|t:|1682268870\n|-terastallize|p1a: Palafin|Electric\n|move|p2b: Iron Hands|Detect|p2b: Iron Hands\n|-singleturn|p2b: Iron Hands|Protect\n|move|p1b: Ceruledge|Shadow Sneak|p2b: Iron Hands\n|-activate|p2b: Iron Hands|move: Protect\n|move|p1a: Palafin|Tera Blast|p2a: La Gamba\n|-supereffective|p2a: La Gamba\n|-damage|p2a: La Gamba|0 fnt\n|faint|p2a: La Gamba\n|\n|upkeep\n|\n|t:|1682268883\n|switch|p2a: ReyOscuro|Scizor, L50, M|100\/100\n|turn|4\n|\n|t:|1682268905\n|move|p2a: ReyOscuro|Protect|p2a: ReyOscuro\n|-singleturn|p2a: ReyOscuro|Protect\n|move|p1b: Ceruledge|Bitter Blade|p2a: ReyOscuro\n|-activate|p2a: ReyOscuro|move: Protect\n|move|p1a: Palafin|Wave Crash|p2b: Iron Hands\n|-supereffective|p2b: Iron Hands\n|-damage|p2b: Iron Hands|0 fnt\n|faint|p2b: Iron Hands\n|-end|p2b: Iron Hands|Quark Drive|[silent]\n|-damage|p1a: Palafin|78\/100|[from] Recoil\n|\n|upkeep\n|\n|t:|1682268922\n|switch|p2b: Cordyceps|Amoonguss, L50, F|100\/100\n|turn|5\n|\n|t:|1682268929\n|move|p1a: Palafin|Protect|p1a: Palafin\n|-singleturn|p1a: Palafin|Protect\n|move|p2a: ReyOscuro|Bullet Punch|p1b: Ceruledge\n|-resisted|p1b: Ceruledge\n|-damage|p1b: Ceruledge|0 fnt\n|faint|p1b: Ceruledge\n|move|p2b: Cordyceps|Spore|p1a: Palafin\n|-activate|p1a: Palafin|move: Protect\n|\n|upkeep\n|\n|t:|1682268937\n|switch|p1b: Chien-Pao|Chien-Pao, L50|100\/100\n|-ability|p1b: Chien-Pao|Sword of Ruin\n|turn|6\n|\n|t:|1682268946\n|move|p2b: Cordyceps|Protect|p2b: Cordyceps\n|-singleturn|p2b: Cordyceps|Protect\n|move|p2a: ReyOscuro|Bullet Punch|p1b: Chien-Pao\n|-supereffective|p1b: Chien-Pao\n|-damage|p1b: Chien-Pao|3\/100\n|move|p1b: Chien-Pao|Ice Spinner|p2b: Cordyceps\n|-activate|p2b: Cordyceps|move: Protect\n|move|p1a: Palafin|Wave Crash|p2b: Cordyceps\n|-activate|p2b: Cordyceps|move: Protect\n|\n|upkeep\n|turn|7\n|\n|t:|1682268961\n|move|p1b: Chien-Pao|Sucker Punch|p2a: ReyOscuro\n|-damage|p2a: ReyOscuro|50\/100\n|move|p2a: ReyOscuro|Bullet Punch|p1b: Chien-Pao\n|-supereffective|p1b: Chien-Pao\n|-damage|p1b: Chien-Pao|0 fnt\n|faint|p1b: Chien-Pao\n|move|p1a: Palafin|Wave Crash|p2a: ReyOscuro\n|-damage|p2a: ReyOscuro|0 fnt\n|faint|p2a: ReyOscuro\n|-damage|p1a: Palafin|64\/100|[from] Recoil\n|move|p2b: Cordyceps|Spore|p1a: Palafin\n|-status|p1a: Palafin|slp|[from] move: Spore\n|\n|upkeep\n|turn|8\n|\n|t:|1682268978\n|cant|p1a: Palafin|slp\n|move|p2b: Cordyceps|Pollen Puff|p1a: Palafin\n|-damage|p1a: Palafin|45\/100 slp\n|\n|upkeep\n|turn|9\n|\n|t:|1682268986\n|cant|p1a: Palafin|slp\n|move|p2b: Cordyceps|Pollen Puff|p1a: Palafin\n|-damage|p1a: Palafin|28\/100 slp\n|\n|upkeep\n|turn|10\n|\n|t:|1682268993\n|-curestatus|p1a: Palafin|slp|[msg]\n|move|p1a: Palafin|Wave Crash|p2b: Cordyceps\n|-resisted|p2b: Cordyceps\n|-damage|p2b: Cordyceps|61\/100\n|-damage|p1a: Palafin|14\/100|[from] Recoil\n|move|p2b: Cordyceps|Spore|p1a: Palafin\n|-status|p1a: Palafin|slp|[from] move: Spore\n|\n|upkeep\n|turn|11\n|-message|TheOleBP forfeited.\n|\n|win|ReyOscuroVLC\n|raw|TheOleBP's rating: 1327 → 1307<\/strong> (-20 for losing)\n|raw|ReyOscuroVLC's rating: 1324 → 1344<\/strong> (+20 for winning)\n|l|\u2606TheOleBP\n","uploadtime":1682269012,"views":19,"p1id":"theolebp","p2id":"reyoscurovlc","formatid":"gen9vgc2023regulationc","rating":1307,"private":0,"password":""}