{"id":"gen9vgc2023regulationc-1849913590","p1":"Insertable194","p2":"Malacara-vgc","format":"[Gen 9] VGC 2023 Regulation C","log":"|j|\u2606Insertable194\n|j|\u2606Malacara-vgc\n|t:|1682267504\n|gametype|doubles\n|player|p1|Insertable194|hilbert-wonderlauncher|1394\n|player|p2|Malacara-vgc|101|1294\n|teamsize|p1|6\n|teamsize|p2|6\n|gen|9\n|tier|[Gen 9] VGC 2023 Regulation C\n|rated|\n|rule|Species Clause: Limit one of each Pok\u00e9mon\n|rule|Item Clause: Limit one of each item\n|clearpoke\n|poke|p1|Ting-Lu, L50|\n|poke|p1|Palafin, L50, M|\n|poke|p1|Amoonguss, L50, F|\n|poke|p1|Arcanine, L50, F|\n|poke|p1|Flutter Mane, L50|\n|poke|p1|Iron Hands, L50|\n|poke|p2|Annihilape, L50, F|\n|poke|p2|Armarouge, L50, F|\n|poke|p2|Torkoal, L50, M|\n|poke|p2|Indeedee-F, L50, F|\n|poke|p2|Hatterene, L50, F|\n|poke|p2|Kingambit, L50, M|\n|teampreview|4\n|inactive|Battle timer is ON: inactive players will automatically lose when time's up. (requested by Malacara-vgc)\n|c|\u2606Insertable194|glhf\nInsertable194 has agreed to open team sheets.\n|inactive|Insertable194 has 60 seconds left.\n|inactive|Insertable194 has 30 seconds left.\n|\n|t:|1682267567\n|start\n|switch|p1a: Ting-Lu|Ting-Lu, L50|100\/100\n|switch|p1b: Palafin|Palafin, L50, M, shiny|100\/100\n|switch|p2a: Indeedee|Indeedee-F, L50, F|100\/100\n|switch|p2b: Annihilape|Annihilape, L50, F, shiny|100\/100\n|-fieldstart|move: Psychic Terrain|[from] ability: Psychic Surge|[of] p2a: Indeedee\n|-ability|p1a: Ting-Lu|Vessel of Ruin\n|turn|1\n|\n|t:|1682267585\n|switch|p1a: Flutter Mane|Flutter Mane, L50|100\/100\n|move|p2b: Annihilape|Final Gambit|p1b: Palafin\n|-damage|p1b: Palafin|6\/100\n|faint|p2b: Annihilape\n|move|p1b: Palafin|Taunt|p2a: Indeedee\n|-start|p2a: Indeedee|move: Taunt\n|cant|p2a: Indeedee|move: Taunt|Trick Room\n|\n|upkeep\n|\n|t:|1682267597\n|switch|p2b: Hatterene|Hatterene, L50, F|100\/100\n|turn|2\n|\n|t:|1682267612\n|switch|p2a: Torkoal|Torkoal, L50, M, shiny|100\/100\n|-weather|SunnyDay|[from] ability: Drought|[of] p2a: Torkoal\n|-activate|p1a: Flutter Mane|ability: Protosynthesis\n|-start|p1a: Flutter Mane|protosynthesisspe\n|-terastallize|p1b: Palafin|Water\n|-terastallize|p2b: Hatterene|Fire\n|move|p1a: Flutter Mane|Shadow Ball|p2b: Hatterene\n|-damage|p2b: Hatterene|28\/100\n|move|p1b: Palafin|Wave Crash|p2b: Hatterene\n|-supereffective|p2b: Hatterene\n|-damage|p2b: Hatterene|0 fnt\n|faint|p2b: Hatterene\n|-damage|p1b: Palafin|0 fnt|[from] Recoil\n|faint|p1b: Palafin\n|\n|-weather|SunnyDay|[upkeep]\n|upkeep\n|\n|t:|1682267633\n|switch|p1b: Ting-Lu|Ting-Lu, L50|100\/100\n|switch|p2b: Indeedee|Indeedee-F, L50, F|100\/100\n|-ability|p1b: Ting-Lu|Vessel of Ruin\n|turn|3\n|\n|t:|1682267650\n|-end|p1a: Flutter Mane|Protosynthesis|[silent]\n|switch|p1a: Iron Hands|Iron Hands, L50|100\/100\n|move|p1b: Ting-Lu|Fissure|p2b: Indeedee|[miss]\n|-miss|p1b: Ting-Lu|p2b: Indeedee\n|move|p2a: Torkoal|Eruption|p1a: Iron Hands|[spread] p1a,p1b\n|-damage|p1a: Iron Hands|50\/100\n|-damage|p1b: Ting-Lu|72\/100\n|move|p2b: Indeedee|Trick Room|p2b: Indeedee\n|-fieldstart|move: Trick Room|[of] p2b: Indeedee\n|\n|-weather|SunnyDay|[upkeep]\n|upkeep\n|turn|4\n|\n|t:|1682267671\n|move|p2b: Indeedee|Helping Hand|p2a: Torkoal\n|-singleturn|p2a: Torkoal|Helping Hand|[of] p2b: Indeedee\n|move|p1a: Iron Hands|Protect|p1a: Iron Hands\n|-singleturn|p1a: Iron Hands|Protect\n|move|p2a: Torkoal|Eruption|p1b: Ting-Lu|[spread] p1b\n|-activate|p1a: Iron Hands|move: Protect\n|-damage|p1b: Ting-Lu|31\/100\n|move|p1b: Ting-Lu|Stomping Tantrum|p2a: Torkoal\n|-supereffective|p2a: Torkoal\n|-damage|p2a: Torkoal|0 fnt\n|faint|p2a: Torkoal\n|\n|-weather|SunnyDay|[upkeep]\n|upkeep\n|turn|5\n|-message|Malacara-vgc forfeited.\n|\n|win|Insertable194\n|raw|Insertable194's rating: 1394 → 1408<\/strong> (+14 for winning)\n|raw|Malacara-vgc's rating: 1294 → 1276<\/strong> (-18 for losing)\n|l|\u2606Malacara-vgc\n","uploadtime":1682267686,"views":10,"p1id":"insertable194","p2id":"malacaravgc","formatid":"gen9vgc2023regulationc","rating":1276,"private":0,"password":""}