{"id":"gen9vgc2023regulationc-1860493249","p1":"Elf_Army_007","p2":"Piccius","format":"[Gen 9] VGC 2023 Regulation C","log":"|j|\u2606Elf_Army_007\n|j|\u2606Piccius\n|t:|1683648967\n|gametype|doubles\n|player|p1|Elf_Army_007|1|1189\n|player|p2|Piccius|hiker-gen4|1268\n|teamsize|p1|6\n|teamsize|p2|6\n|gen|9\n|tier|[Gen 9] VGC 2023 Regulation C\n|rated|\n|rule|Species Clause: Limit one of each Pok\u00e9mon\n|rule|Item Clause: Limit one of each item\n|clearpoke\n|poke|p1|Ceruledge, L50, F|\n|poke|p1|Amoonguss, L50, F|\n|poke|p1|Gastrodon, L50, M|\n|poke|p1|Hydreigon, L50, F|\n|poke|p1|Iron Valiant, L50|\n|poke|p1|Gholdengo, L50|\n|poke|p2|Garchomp, L50, M|\n|poke|p2|Iron Hands, L50|\n|poke|p2|Flutter Mane, L50|\n|poke|p2|Scizor, L50, M|\n|poke|p2|Murkrow, L50, F|\n|poke|p2|Arcanine, L50, M|\n|teampreview|4\n|inactive|Battle timer is ON: inactive players will automatically lose when time's up. (requested by Elf_Army_007)\n|inactive|Elf_Army_007 has 60 seconds left.\n|inactive|Piccius has 60 seconds left.\n|inactive|Elf_Army_007 has 30 seconds left.\n|\n|t:|1683649028\n|start\n|switch|p1a: Ceruledge|Ceruledge, L50, F|100\/100\n|switch|p1b: Shrom41Mor|Amoonguss, L50, F|100\/100\n|switch|p2a: Flutter Mane|Flutter Mane, L50|100\/100\n|switch|p2b: Iron Hands|Iron Hands, L50|100\/100\n|turn|1\n|\n|t:|1683649052\n|move|p1a: Ceruledge|Protect|p1a: Ceruledge\n|-singleturn|p1a: Ceruledge|Protect\n|move|p1b: Shrom41Mor|Protect|p1b: Shrom41Mor\n|-singleturn|p1b: Shrom41Mor|Protect\n|move|p2b: Iron Hands|Fake Out|p1b: Shrom41Mor\n|-activate|p1b: Shrom41Mor|move: Protect\n|move|p2a: Flutter Mane|Shadow Ball|p1a: Ceruledge\n|-activate|p1a: Ceruledge|move: Protect\n|\n|upkeep\n|turn|2\n|\n|t:|1683649072\n|move|p1b: Shrom41Mor|Rage Powder|p1b: Shrom41Mor\n|-singleturn|p1b: Shrom41Mor|move: Rage Powder\n|move|p2a: Flutter Mane|Shadow Ball|p1b: Shrom41Mor\n|-damage|p1b: Shrom41Mor|53\/100\n|move|p1a: Ceruledge|Swords Dance|p1a: Ceruledge\n|-boost|p1a: Ceruledge|atk|2\n|move|p2b: Iron Hands|Wild Charge|p1b: Shrom41Mor\n|-resisted|p1b: Shrom41Mor\n|-damage|p1b: Shrom41Mor|28\/100\n|-damage|p2b: Iron Hands|84\/100|[from] item: Rocky Helmet|[of] p1b: Shrom41Mor\n|-damage|p2b: Iron Hands|79\/100|[from] Recoil\n|\n|upkeep\n|turn|3\n|\n|t:|1683649091\n|-end|p2a: Flutter Mane|Protosynthesis|[silent]\n|switch|p2a: Arcanine|Arcanine, L50, M|100\/100\n|-ability|p2a: Arcanine|Intimidate|boost\n|-fail|p1a: Ceruledge|unboost|[from] item: Clear Amulet|[of] p1a: Ceruledge\n|-unboost|p1b: Shrom41Mor|atk|1\n|move|p1a: Ceruledge|Shadow Sneak|p2a: Arcanine\n|-damage|p2a: Arcanine|51\/100\n|move|p2b: Iron Hands|Wild Charge|p1a: Ceruledge\n|-damage|p1a: Ceruledge|42\/100\n|-damage|p2b: Iron Hands|69\/100|[from] Recoil\n|move|p1b: Shrom41Mor|Pollen Puff|p1a: Ceruledge\n|-heal|p1a: Ceruledge|92\/100\n|\n|upkeep\n|turn|4\n|\n|t:|1683649112\n|move|p1b: Shrom41Mor|Protect|p1b: Shrom41Mor\n|-singleturn|p1b: Shrom41Mor|Protect\n|move|p2a: Arcanine|Howl|p2a: Arcanine|[spread] p2a,p2b\n|-boost|p2a: Arcanine|atk|1\n|-boost|p2b: Iron Hands|atk|1\n|move|p1a: Ceruledge|Bitter Blade|p2b: Iron Hands\n|-damage|p2b: Iron Hands|8\/100\n|-heal|p1a: Ceruledge|100\/100|[from] drain|[of] p2b: Iron Hands\n|move|p2b: Iron Hands|Wild Charge|p1a: Ceruledge\n|-damage|p1a: Ceruledge|12\/100\n|-damage|p2b: Iron Hands|0 fnt|[from] Recoil\n|faint|p2b: Iron Hands\n|-end|p2b: Iron Hands|Quark Drive|[silent]\n|\n|upkeep\n|\n|t:|1683649126\n|switch|p2b: Garchomp|Garchomp, L50, M|100\/100\n|turn|5\n|inactive|Elf_Army_007 has 30 seconds left.\n|\n|t:|1683649160\n|-terastallize|p2a: Arcanine|Flying\n|move|p1b: Shrom41Mor|Rage Powder|p1b: Shrom41Mor\n|-singleturn|p1b: Shrom41Mor|move: Rage Powder\n|move|p1a: Ceruledge|Shadow Sneak|p2b: Garchomp\n|-damage|p2b: Garchomp|54\/100\n|-damage|p1a: Ceruledge|0 fnt|[from] ability: Rough Skin|[of] p2b: Garchomp\n|faint|p1a: Ceruledge\n|move|p2b: Garchomp|Earthquake|p1b: Shrom41Mor|[spread] p1b\n|-immune|p2a: Arcanine\n|-damage|p1b: Shrom41Mor|0 fnt\n|faint|p1b: Shrom41Mor\n|move|p2a: Arcanine|Howl|p2a: Arcanine|[spread] p2a,p2b\n|-boost|p2a: Arcanine|atk|1\n|-boost|p2b: Garchomp|atk|1\n|\n|upkeep\n|\n|t:|1683649167\n|switch|p1a: Gastrodon|Gastrodon, L50, M, shiny|100\/100\n|switch|p1b: Hydreigon|Hydreigon, L50, F|100\/100\n|turn|6\n|inactive|Piccius has 30 seconds left.\n|\n|t:|1683649195\n|switch|p2b: Flutter Mane|Flutter Mane, L50|100\/100\n|-terastallize|p1b: Hydreigon|Poison\n|move|p2a: Arcanine|Will-O-Wisp|p1b: Hydreigon|[miss]\n|-miss|p2a: Arcanine|p1b: Hydreigon\n|move|p1b: Hydreigon|Surf|p2b: Flutter Mane|[spread] p2a,p2b\n|-ability|p1a: Gastrodon|Storm Drain|boost\n|-boost|p1a: Gastrodon|spa|1\n|-damage|p2a: Arcanine|22\/100\n|-damage|p2b: Flutter Mane|80\/100\n|move|p1a: Gastrodon|Muddy Water|p2a: Arcanine|[spread] p2b\n|-miss|p1a: Gastrodon|p2a: Arcanine\n|-damage|p2b: Flutter Mane|50\/100\n|\n|upkeep\n|turn|7\n|inactive|Elf_Army_007 has 30 seconds left.\n|\n|t:|1683649221\n|move|p2b: Flutter Mane|Shadow Ball|p1b: Hydreigon\n|-damage|p1b: Hydreigon|55\/100\n|move|p2a: Arcanine|Flare Blitz|p1b: Hydreigon\n|-damage|p1b: Hydreigon|0 fnt\n|faint|p1b: Hydreigon\n|-damage|p2a: Arcanine|5\/100|[from] Recoil\n|move|p1a: Gastrodon|Muddy Water|p2b: Flutter Mane|[spread] p2a,p2b\n|-damage|p2a: Arcanine|0 fnt\n|-damage|p2b: Flutter Mane|17\/100\n|faint|p2a: Arcanine\n|\n|upkeep\n|\n|t:|1683649231\n|switch|p2a: Garchomp|Garchomp, L50, M|54\/100\n|turn|8\n|\n|t:|1683649239\n|move|p2b: Flutter Mane|Shadow Ball|p1a: Gastrodon\n|-damage|p1a: Gastrodon|45\/100\n|-unboost|p1a: Gastrodon|spd|1\n|move|p2a: Garchomp|Dragon Claw|p1a: Gastrodon\n|-crit|p1a: Gastrodon\n|-damage|p1a: Gastrodon|0 fnt\n|faint|p1a: Gastrodon\n|\n|win|Piccius\n|raw|Elf_Army_007's rating: 1189 → 1170<\/strong> (-19 for losing)\n|raw|Piccius's rating: 1268 → 1287<\/strong> (+19 for winning)\n","uploadtime":1683649261,"views":6,"p1id":"elfarmy007","p2id":"piccius","formatid":"gen9vgc2023regulationc","rating":1170,"private":0,"password":""}