{"id":"gen9vgc2023regulationc-1846874752","p1":"bennoVGC","p2":"tralliminz","format":"[Gen 9] VGC 2023 Regulation C","log":"|j|\u2606bennoVGC\n|j|\u2606tralliminz\n|t:|1681894196\n|gametype|doubles\n|player|p1|bennoVGC|101|1271\n|player|p2|tralliminz|pokemaniac|1260\n|teamsize|p1|6\n|teamsize|p2|6\n|gen|9\n|tier|[Gen 9] VGC 2023 Regulation C\n|rated|\n|rule|Species Clause: Limit one of each Pok\u00e9mon\n|rule|Item Clause: Limit one of each item\n|clearpoke\n|poke|p1|Palafin, L50, M|\n|poke|p1|Arcanine, L50, M|\n|poke|p1|Flutter Mane, L50|\n|poke|p1|Amoonguss, L50, F|\n|poke|p1|Ting-Lu, L50|\n|poke|p1|Pawmot, L50, F|\n|poke|p2|Ceruledge, L50, M|\n|poke|p2|Gholdengo, L50|\n|poke|p2|Volcarona, L50, F|\n|poke|p2|Gallade, L50, M|\n|poke|p2|Ting-Lu, L50|\n|poke|p2|Grimmsnarl, L50, M|\n|teampreview|4\n|inactive|Battle timer is ON: inactive players will automatically lose when time's up. (requested by tralliminz)\ntralliminz rejected open team sheets.\n|inactive|bennoVGC has 60 seconds left.\n|\n|t:|1681894237\n|start\n|switch|p1a: Flutter Mane|Flutter Mane, L50, shiny|100\/100\n|switch|p1b: Amoonguss|Amoonguss, L50, F, shiny|100\/100\n|switch|p2a: Grimmsnarl|Grimmsnarl, L50, M|100\/100\n|switch|p2b: Ceruledge|Ceruledge, L50, M, shiny|100\/100\n|turn|1\n|\n|t:|1681894255\n|-end|p1a: Flutter Mane|Protosynthesis|[silent]\n|switch|p1a: Palafin|Palafin, L50, M, shiny|100\/100\n|-terastallize|p2b: Ceruledge|Grass\n|-terastallize|p1b: Amoonguss|Water\n|move|p2a: Grimmsnarl|Light Screen|p2a: Grimmsnarl\n|-sidestart|p2: tralliminz|move: Light Screen\n|move|p2b: Ceruledge|Bulk Up|p2b: Ceruledge\n|-boost|p2b: Ceruledge|atk|1\n|-boost|p2b: Ceruledge|def|1\n|move|p1b: Amoonguss|Spore|p2b: Ceruledge\n|-immune|p2b: Ceruledge\n|\n|upkeep\n|turn|2\n|\n|t:|1681894273\n|detailschange|p1a: Palafin|Palafin-Hero, L50, M, shiny\n|switch|p1a: Pawmot|Pawmot, L50, F, shiny|100\/100\n|move|p2a: Grimmsnarl|Reflect|p2a: Grimmsnarl\n|-sidestart|p2: tralliminz|Reflect\n|move|p2b: Ceruledge|Bulk Up|p2b: Ceruledge\n|-boost|p2b: Ceruledge|atk|1\n|-boost|p2b: Ceruledge|def|1\n|move|p1b: Amoonguss|Spore|p2a: Grimmsnarl\n|-status|p2a: Grimmsnarl|slp|[from] move: Spore\n|\n|upkeep\n|turn|3\n|\n|t:|1681894286\n|move|p1a: Pawmot|Fake Out|p2b: Ceruledge\n|-damage|p2b: Ceruledge|94\/100\n|cant|p2a: Grimmsnarl|slp\n|cant|p2b: Ceruledge|flinch\n|move|p1b: Amoonguss|Pollen Puff|p2b: Ceruledge\n|-supereffective|p2b: Ceruledge\n|-crit|p2b: Ceruledge\n|-damage|p2b: Ceruledge|33\/100\n|\n|upkeep\n|turn|4\n|\n|t:|1681894308\n|move|p1a: Pawmot|Close Combat|p2b: Ceruledge\n|-damage|p2b: Ceruledge|6\/100\n|-unboost|p1a: Pawmot|def|1\n|-unboost|p1a: Pawmot|spd|1\n|move|p2b: Ceruledge|Bitter Blade|p1a: Pawmot\n|-enditem|p1a: Pawmot|Focus Sash\n|-damage|p1a: Pawmot|1\/100\n|-heal|p2b: Ceruledge|54\/100|[from] drain|[of] p1a: Pawmot\n|cant|p2a: Grimmsnarl|slp\n|move|p1b: Amoonguss|Pollen Puff|p2b: Ceruledge\n|-supereffective|p2b: Ceruledge\n|-damage|p2b: Ceruledge|23\/100\n|\n|upkeep\n|turn|5\n|inactive|bennoVGC has 30 seconds left.\n|inactive|tralliminz has 30 seconds left.\n|\n|t:|1681894334\n|move|p2b: Ceruledge|Protect|p2b: Ceruledge\n|-singleturn|p2b: Ceruledge|Protect\n|move|p1a: Pawmot|Close Combat|p2b: Ceruledge\n|-activate|p2b: Ceruledge|move: Protect\n|cant|p2a: Grimmsnarl|slp\n|move|p1b: Amoonguss|Pollen Puff|p2b: Ceruledge\n|-activate|p2b: Ceruledge|move: Protect\n|\n|upkeep\n|turn|6\n|inactive|tralliminz has 30 seconds left.\n|inactive|tralliminz has 20 seconds left.\n|\n|t:|1681894370\n|switch|p2b: Gallade|Gallade, L50, M, shiny|100\/100\n|move|p1a: Pawmot|Close Combat|p2b: Gallade\n|-resisted|p2b: Gallade\n|-damage|p2b: Gallade|67\/100\n|-unboost|p1a: Pawmot|def|1\n|-unboost|p1a: Pawmot|spd|1\n|-curestatus|p2a: Grimmsnarl|slp|[msg]\n|move|p2a: Grimmsnarl|Spirit Break|p1a: Pawmot\n|-supereffective|p1a: Pawmot\n|-damage|p1a: Pawmot|0 fnt\n|faint|p1a: Pawmot\n|move|p1b: Amoonguss|Pollen Puff|p2b: Gallade\n|-damage|p2b: Gallade|52\/100\n|\n|upkeep\n|\n|t:|1681894387\n|switch|p1a: Flutter Mane|Flutter Mane, L50, shiny|100\/100\n|turn|7\n|inactive|tralliminz has 30 seconds left.\n|inactive|tralliminz has 20 seconds left.\n|\n|t:|1681894422\n|move|p2a: Grimmsnarl|Parting Shot|p1a: Flutter Mane\n|-unboost|p1a: Flutter Mane|atk|1\n|-unboost|p1a: Flutter Mane|spa|1\n|\n|t:|1681894426\n|switch|p2a: Ting-Lu|Ting-Lu, L50|100\/100|[from] Parting Shot\n|-ability|p2a: Ting-Lu|Vessel of Ruin\n|move|p1a: Flutter Mane|Dazzling Gleam|p2a: Ting-Lu|[spread] p2a,p2b\n|-supereffective|p2a: Ting-Lu\n|-supereffective|p2b: Gallade\n|-damage|p2a: Ting-Lu|90\/100\n|-damage|p2b: Gallade|21\/100\n|move|p2b: Gallade|Leaf Blade|p1b: Amoonguss\n|-supereffective|p1b: Amoonguss\n|-crit|p1b: Amoonguss\n|-damage|p1b: Amoonguss|0 fnt\n|faint|p1b: Amoonguss\n|\n|upkeep\n|\n|t:|1681894438\n|switch|p1b: Palafin|Palafin-Hero, L50, M, shiny|100\/100\n|-activate|p1b: Palafin|ability: Zero to Hero\n|turn|8\n|\n|t:|1681894456\n|move|p1a: Flutter Mane|Dazzling Gleam|p2a: Ting-Lu|[spread] p2a,p2b\n|-supereffective|p2a: Ting-Lu\n|-supereffective|p2b: Gallade\n|-damage|p2a: Ting-Lu|79\/100\n|-damage|p2b: Gallade|0 fnt\n|faint|p2b: Gallade\n|move|p1b: Palafin|Wave Crash|p2a: Ting-Lu\n|-supereffective|p2a: Ting-Lu\n|-crit|p2a: Ting-Lu\n|-damage|p2a: Ting-Lu|0 fnt\n|faint|p2a: Ting-Lu\n|-damage|p1b: Palafin|64\/100|[from] Recoil\n|\n|-sideend|p2: tralliminz|move: Light Screen\n|upkeep\n|\n|t:|1681894467\n|switch|p2b: Ceruledge|Ceruledge, L50, M, shiny, tera:Grass|23\/100\n|switch|p2a: Grimmsnarl|Grimmsnarl, L50, M|100\/100\n|turn|9\n|\n|t:|1681894484\n|move|p2a: Grimmsnarl|Parting Shot|p1a: Flutter Mane\n|-unboost|p1a: Flutter Mane|atk|1\n|-unboost|p1a: Flutter Mane|spa|1\n|move|p1a: Flutter Mane|Dazzling Gleam|p2b: Ceruledge|[spread] p2a,p2b\n|-supereffective|p2a: Grimmsnarl\n|-damage|p2a: Grimmsnarl|59\/100\n|-damage|p2b: Ceruledge|0 fnt\n|faint|p2b: Ceruledge\n|move|p1b: Palafin|Wave Crash|p2a: Grimmsnarl\n|-damage|p2a: Grimmsnarl|12\/100\n|-damage|p1b: Palafin|48\/100|[from] Recoil\n|\n|-sideend|p2: tralliminz|Reflect\n|upkeep\n|turn|10\n|-message|tralliminz forfeited.\n|\n|win|bennoVGC\n|raw|bennoVGC's rating: 1271 → 1295<\/strong> (+24 for winning)\n|raw|tralliminz's rating: 1260 → 1236<\/strong> (-24 for losing)\n|l|\u2606tralliminz\n","uploadtime":1681894500,"views":15,"p1id":"bennovgc","p2id":"tralliminz","formatid":"gen9vgc2023regulationc","rating":1236,"private":0,"password":""}