{"id":"gen9vgc2023regulationc-1856322215","p1":"haha you rage quit","p2":"leonardo2001x","format":"[Gen 9] VGC 2023 Regulation C","log":"|j|\u2606haha you rage quit\n|j|\u2606leonardo2001x\n|t:|1683050759\n|gametype|doubles\n|player|p1|haha you rage quit|pokemaniac|1206\n|player|p2|leonardo2001x|zinnia|1307\n|teamsize|p1|6\n|teamsize|p2|6\n|gen|9\n|tier|[Gen 9] VGC 2023 Regulation C\n|rated|\n|rule|Species Clause: Limit one of each Pok\u00e9mon\n|rule|Item Clause: Limit one of each item\n|clearpoke\n|poke|p1|Torkoal, L50, M|\n|poke|p1|Annihilape, L50, M|\n|poke|p1|Kingambit, L50, M|\n|poke|p1|Hatterene, L50, F|\n|poke|p1|Indeedee-F, L50, F|\n|poke|p1|Armarouge, L50, M|\n|poke|p2|Glimmora, L50, M|\n|poke|p2|Ting-Lu, L50|\n|poke|p2|Dondozo, L50, M|\n|poke|p2|Tatsugiri, L50, F|\n|poke|p2|Arcanine, L50, F|\n|poke|p2|Flutter Mane, L50|\n|teampreview|4\nleonardo2001x has agreed to open team sheets.\n|inactive|Battle timer is ON: inactive players will automatically lose when time's up. (requested by haha you rage quit)\n|\n|t:|1683050847\n|start\n|switch|p1a: Indeedee|Indeedee-F, L50, F, shiny|100\/100\n|switch|p1b: Annihilape|Annihilape, L50, M|100\/100\n|switch|p2a: Glimmora|Glimmora, L50, M|100\/100\n|switch|p2b: Ting-Lu|Ting-Lu, L50|100\/100\n|-fieldstart|move: Psychic Terrain|[from] ability: Psychic Surge|[of] p1a: Indeedee\n|-enditem|p1a: Indeedee|Psychic Seed\n|-boost|p1a: Indeedee|spd|1|[from] item: Psychic Seed\n|-ability|p2b: Ting-Lu|Vessel of Ruin\n|turn|1\n|inactive|haha you rage quit has 30 seconds left.\n|inactive|leonardo2001x has 30 seconds left.\n|inactive|haha you rage quit has 20 seconds left.\n|inactive|haha you rage quit has 15 seconds left.\n|\n|t:|1683050889\n|move|p1b: Annihilape|Final Gambit|p2b: Ting-Lu\n|-damage|p2b: Ting-Lu|18\/100\n|faint|p1b: Annihilape\n|move|p2a: Glimmora|Mortal Spin|p1a: Indeedee\n|-damage|p1a: Indeedee|93\/100\n|-status|p1a: Indeedee|psn\n|move|p2b: Ting-Lu|Ruination|p1a: Indeedee\n|-damage|p1a: Indeedee|47\/100 psn\n|move|p1a: Indeedee|Trick Room|p1a: Indeedee\n|-fieldstart|move: Trick Room|[of] p1a: Indeedee\n|\n|-damage|p1a: Indeedee|34\/100 psn|[from] psn\n|upkeep\n|\n|t:|1683050903\n|switch|p1b: Armarouge|Armarouge, L50, M|100\/100\n|turn|2\n|inactive|haha you rage quit has 30 seconds left.\n|\n|t:|1683050928\n|-terastallize|p1b: Armarouge|Grass\n|move|p2a: Glimmora|Spiky Shield|p2a: Glimmora\n|-singleturn|p2a: Glimmora|move: Protect\n|move|p2b: Ting-Lu|Earthquake|p1a: Indeedee|[spread] p1a,p1b\n|-activate|p2a: Glimmora|move: Protect\n|-resisted|p1b: Armarouge\n|-damage|p1a: Indeedee|0 fnt\n|-damage|p1b: Armarouge|82\/100\n|faint|p1a: Indeedee\n|move|p1b: Armarouge|Expanding Force|p2b: Ting-Lu|[spread] \n|-activate|p2a: Glimmora|move: Protect\n|-immune|p2b: Ting-Lu\n|\n|upkeep\n|\n|t:|1683050940\n|switch|p1a: Torkoal|Torkoal, L50, M|100\/100\n|-weather|SunnyDay|[from] ability: Drought|[of] p1a: Torkoal\n|turn|3\n|\n|t:|1683050961\n|switch|p2a: Tatsugiri|Tatsugiri, L50, F|100\/100\n|move|p1a: Torkoal|Eruption|p2a: Tatsugiri|[spread] p2a,p2b\n|-resisted|p2a: Tatsugiri\n|-damage|p2a: Tatsugiri|82\/100\n|-damage|p2b: Ting-Lu|0 fnt\n|faint|p2b: Ting-Lu\n|move|p1b: Armarouge|Expanding Force|p2a: Tatsugiri\n|-damage|p2a: Tatsugiri|0 fnt\n|faint|p2a: Tatsugiri\n|\n|-weather|SunnyDay|[upkeep]\n|upkeep\n|\n|t:|1683050969\n|switch|p2b: Glimmora|Glimmora, L50, M|100\/100\n|switch|p2a: Dondozo|Dondozo, L50, M|100\/100\n|turn|4\n|\n|t:|1683050984\n|-terastallize|p2a: Dondozo|Flying\n|move|p2b: Glimmora|Spiky Shield|p2b: Glimmora\n|-singleturn|p2b: Glimmora|move: Protect\n|move|p1a: Torkoal|Eruption|p2b: Glimmora|[spread] p2a\n|-activate|p2b: Glimmora|move: Protect\n|-damage|p2a: Dondozo|17\/100\n|move|p2a: Dondozo|Tera Blast|p1b: Armarouge\n|-supereffective|p1b: Armarouge\n|-damage|p1b: Armarouge|17\/100\n|move|p1b: Armarouge|Expanding Force|p2a: Dondozo|[spread] p2a\n|-activate|p2b: Glimmora|move: Protect\n|-damage|p2a: Dondozo|0 fnt\n|faint|p2a: Dondozo\n|\n|-weather|SunnyDay|[upkeep]\n|upkeep\n|turn|5\n|\n|t:|1683050996\n|move|p2b: Glimmora|Spiky Shield||[still]\n|-fail|p2b: Glimmora\n|move|p1a: Torkoal|Earth Power|p2b: Glimmora\n|-supereffective|p2b: Glimmora\n|-enditem|p2b: Glimmora|Focus Sash\n|-damage|p2b: Glimmora|1\/100\n|move|p1b: Armarouge|Expanding Force|p2b: Glimmora\n|-supereffective|p2b: Glimmora\n|-damage|p2b: Glimmora|0 fnt\n|faint|p2b: Glimmora\n|\n|win|haha you rage quit\n|raw|haha you rage quit's rating: 1206 → 1238<\/strong> (+32 for winning)\n|raw|leonardo2001x's rating: 1307 → 1281<\/strong> (-26 for losing)\n|l|\u2606leonardo2001x\n","uploadtime":1683051038,"views":6,"p1id":"hahayouragequit","p2id":"leonardo2001x","formatid":"gen9vgc2023regulationc","rating":1238,"private":0,"password":""}