{"id":"gen9vgc2023regulationc-1851676750","p1":"Chowdurr","p2":"AmongusMaster5678","format":"[Gen 9] VGC 2023 Regulation C","log":"|j|\u2606Chowdurr\n|j|\u2606AmongusMaster5678\n|t:|1682468719\n|gametype|doubles\n|player|p1|Chowdurr|170|1230\n|player|p2|AmongusMaster5678|101|1296\n|teamsize|p1|6\n|teamsize|p2|6\n|gen|9\n|tier|[Gen 9] VGC 2023 Regulation C\n|rated|\n|rule|Species Clause: Limit one of each Pok\u00e9mon\n|rule|Item Clause: Limit one of each item\n|clearpoke\n|poke|p1|Iron Bundle, L50|\n|poke|p1|Scizor, L50, M|\n|poke|p1|Chi-Yu, L50|\n|poke|p1|Dachsbun, L50, M|\n|poke|p1|Flutter Mane, L50|\n|poke|p1|Wo-Chien, L50|\n|poke|p2|Glimmora, L50, F|\n|poke|p2|Arcanine, L50, F|\n|poke|p2|Amoonguss, L50, M|\n|poke|p2|Flutter Mane, L50|\n|poke|p2|Tatsugiri, L50, F|\n|poke|p2|Dondozo, L50, F|\n|teampreview|4\n|inactive|Battle timer is ON: inactive players will automatically lose when time's up. (requested by AmongusMaster5678)\nAmongusMaster5678 rejected open team sheets.\n|\n|t:|1682468754\n|start\n|switch|p1a: Wo-Chien|Wo-Chien, L50|100\/100\n|switch|p1b: Chi-Yu|Chi-Yu, L50|100\/100\n|switch|p2a: Glimmora|Glimmora, L50, F|100\/100\n|switch|p2b: Arcanine|Arcanine, L50, F|100\/100\n|-ability|p1b: Chi-Yu|Beads of Ruin\n|-ability|p2b: Arcanine|Intimidate|boost\n|-unboost|p1a: Wo-Chien|atk|1\n|-unboost|p1b: Chi-Yu|atk|1\n|-ability|p1a: Wo-Chien|Tablets of Ruin\n|turn|1\n|inactive|Chowdurr has 30 seconds left.\n|\n|t:|1682468780\n|switch|p1a: Dachsbun|Dachsbun, L50, M|100\/100\n|move|p1b: Chi-Yu|Lava Plume|p2a: Glimmora|[spread] p2a,p2b\n|-ability|p1a: Dachsbun|Well-Baked Body|boost\n|-boost|p1a: Dachsbun|def|2\n|-resisted|p2a: Glimmora\n|-resisted|p2b: Arcanine\n|-damage|p2a: Glimmora|82\/100\n|-damage|p2b: Arcanine|75\/100\n|move|p2a: Glimmora|Power Gem|p1b: Chi-Yu\n|-supereffective|p1b: Chi-Yu\n|-damage|p1b: Chi-Yu|9\/100\n|move|p2b: Arcanine|Snarl|p1b: Chi-Yu|[spread] p1a,p1b\n|-resisted|p1a: Dachsbun\n|-resisted|p1b: Chi-Yu\n|-damage|p1a: Dachsbun|91\/100\n|-damage|p1b: Chi-Yu|4\/100\n|-unboost|p1a: Dachsbun|spa|1\n|-unboost|p1b: Chi-Yu|spa|1\n|\n|-heal|p1a: Dachsbun|97\/100|[from] item: Leftovers\n|upkeep\n|turn|2\n|\n|t:|1682468803\n|-terastallize|p1a: Dachsbun|Steel\n|move|p1b: Chi-Yu|Protect|p1b: Chi-Yu\n|-singleturn|p1b: Chi-Yu|Protect\n|move|p2b: Arcanine|Protect|p2b: Arcanine\n|-singleturn|p2b: Arcanine|Protect\n|move|p1a: Dachsbun|Yawn|p2a: Glimmora\n|-start|p2a: Glimmora|move: Yawn|[of] p1a: Dachsbun\n|move|p2a: Glimmora|Sludge Wave|p1a: Dachsbun|[spread] \n|-activate|p2b: Arcanine|move: Protect\n|-activate|p1b: Chi-Yu|move: Protect\n|-immune|p1a: Dachsbun\n|\n|-heal|p1a: Dachsbun|100\/100|[from] item: Leftovers\n|upkeep\n|turn|3\n|\n|t:|1682468817\n|switch|p2a: Tatsugiri|Tatsugiri, L50, F|100\/100\n|move|p2b: Arcanine|Extreme Speed|p1b: Chi-Yu\n|-damage|p1b: Chi-Yu|0 fnt\n|faint|p1b: Chi-Yu\n|move|p1a: Dachsbun|Yawn|p2b: Arcanine\n|-start|p2b: Arcanine|move: Yawn|[of] p1a: Dachsbun\n|\n|upkeep\n|\n|t:|1682468823\n|switch|p1b: Wo-Chien|Wo-Chien, L50|100\/100\n|-ability|p1b: Wo-Chien|Tablets of Ruin\n|turn|4\n|\n|t:|1682468841\n|switch|p2b: Glimmora|Glimmora, L50, F|82\/100\n|move|p2a: Tatsugiri|Icy Wind|p1b: Wo-Chien|[spread] p1a,p1b\n|-resisted|p1a: Dachsbun\n|-supereffective|p1b: Wo-Chien\n|-damage|p1a: Dachsbun|89\/100\n|-damage|p1b: Wo-Chien|85\/100\n|-unboost|p1a: Dachsbun|spe|1\n|-unboost|p1b: Wo-Chien|spe|1\n|move|p1a: Dachsbun|Yawn|p2b: Glimmora\n|-start|p2b: Glimmora|move: Yawn|[of] p1a: Dachsbun\n|move|p1b: Wo-Chien|Leech Seed|p2b: Glimmora\n|-start|p2b: Glimmora|move: Leech Seed\n|\n|-heal|p1a: Dachsbun|95\/100|[from] item: Leftovers\n|-damage|p2b: Glimmora|70\/100|[from] Leech Seed|[of] p1b: Wo-Chien\n|-heal|p1b: Wo-Chien|95\/100|[silent]\n|upkeep\n|turn|5\n|inactive|Chowdurr has 30 seconds left.\n|\n|t:|1682468866\n|move|p2a: Tatsugiri|Icy Wind|p1a: Dachsbun|[spread] p1b\n|-miss|p2a: Tatsugiri|p1a: Dachsbun\n|-supereffective|p1b: Wo-Chien\n|-damage|p1b: Wo-Chien|78\/100\n|-unboost|p1b: Wo-Chien|spe|1\n|move|p2b: Glimmora|Mortal Spin|p1b: Wo-Chien|[spread] p1b\n|-immune|p1a: Dachsbun\n|-supereffective|p1b: Wo-Chien\n|-damage|p1b: Wo-Chien|74\/100\n|-status|p1b: Wo-Chien|psn\n|-end|p2b: Glimmora|Leech Seed|[from] move: Mortal Spin|[of] p2b: Glimmora\n|move|p1a: Dachsbun|Yawn||[still]\n|-fail|p1a: Dachsbun\n|move|p1b: Wo-Chien|Leech Seed|p2b: Glimmora\n|-start|p2b: Glimmora|move: Leech Seed\n|\n|-heal|p1a: Dachsbun|100\/100|[from] item: Leftovers\n|-damage|p2b: Glimmora|58\/100|[from] Leech Seed|[of] p1b: Wo-Chien\n|-heal|p1b: Wo-Chien|84\/100 psn|[silent]\n|-damage|p1b: Wo-Chien|72\/100 psn|[from] psn\n|-end|p2b: Glimmora|move: Yawn|[silent]\n|-status|p2b: Glimmora|slp\n|upkeep\n|turn|6\n|\n|t:|1682468877\n|switch|p2a: Arcanine|Arcanine, L50, F|75\/100\n|-ability|p2a: Arcanine|Intimidate|boost\n|-unboost|p1a: Dachsbun|atk|1\n|-unboost|p1b: Wo-Chien|atk|1\n|switch|p2b: Dondozo|Dondozo, L50, F|100\/100\n|move|p1a: Dachsbun|Yawn|p2b: Dondozo\n|-start|p2b: Dondozo|move: Yawn|[of] p1a: Dachsbun\n|move|p1b: Wo-Chien|Leech Seed|p2a: Arcanine\n|-start|p2a: Arcanine|move: Leech Seed\n|\n|-damage|p2a: Arcanine|63\/100|[from] Leech Seed|[of] p1b: Wo-Chien\n|-heal|p1b: Wo-Chien|83\/100 psn|[silent]\n|-damage|p1b: Wo-Chien|71\/100 psn|[from] psn\n|upkeep\n|turn|7\n|\n|t:|1682468900\n|switch|p2a: Tatsugiri|Tatsugiri, L50, F|100\/100\n|-activate|p2a: Tatsugiri|ability: Commander|[of] p2b: Dondozo\n|-boost|p2b: Dondozo|atk|2\n|-boost|p2b: Dondozo|spa|2\n|-boost|p2b: Dondozo|spe|2\n|-boost|p2b: Dondozo|def|2\n|-boost|p2b: Dondozo|spd|2\n|switch|p2b: Glimmora|Glimmora, L50, F|58\/100 slp\n|move|p1a: Dachsbun|Yawn|p2a: Tatsugiri\n|-start|p2a: Tatsugiri|move: Yawn|[of] p1a: Dachsbun\n|move|p1b: Wo-Chien|Leech Seed|p2b: Glimmora\n|-start|p2b: Glimmora|move: Leech Seed\n|\n|-damage|p2b: Glimmora|46\/100 slp|[from] Leech Seed|[of] p1b: Wo-Chien\n|-heal|p1b: Wo-Chien|81\/100 psn|[silent]\n|-damage|p1b: Wo-Chien|69\/100 psn|[from] psn\n|upkeep\n|turn|8\n|\n|t:|1682468923\n|switch|p2a: Arcanine|Arcanine, L50, F|63\/100\n|-ability|p2a: Arcanine|Intimidate|boost\n|-unboost|p1a: Dachsbun|atk|1\n|-unboost|p1b: Wo-Chien|atk|1\n|switch|p2b: Dondozo|Dondozo, L50, F|100\/100\n|switch|p1b: Iron Bundle|Iron Bundle, L50|100\/100\n|-enditem|p1b: Iron Bundle|Booster Energy\n|-activate|p1b: Iron Bundle|ability: Quark Drive|[fromitem]\n|-start|p1b: Iron Bundle|quarkdrivespe\n|move|p1a: Dachsbun|Yawn|p2a: Arcanine\n|-start|p2a: Arcanine|move: Yawn|[of] p1a: Dachsbun\n|\n|upkeep\n|turn|9\n|inactive|AmongusMaster5678 has 30 seconds left.\n|\n|t:|1682468954\n|-end|p1b: Iron Bundle|Quark Drive|[silent]\n|switch|p1b: Wo-Chien|Wo-Chien, L50|69\/100 psn\n|-ability|p1b: Wo-Chien|Tablets of Ruin\n|switch|p2a: Tatsugiri|Tatsugiri, L50, F|100\/100\n|-activate|p2a: Tatsugiri|ability: Commander|[of] p2b: Dondozo\n|-boost|p2b: Dondozo|atk|2\n|-boost|p2b: Dondozo|spa|2\n|-boost|p2b: Dondozo|spe|2\n|-boost|p2b: Dondozo|def|2\n|-boost|p2b: Dondozo|spd|2\n|move|p2b: Dondozo|Substitute|p2b: Dondozo\n|-start|p2b: Dondozo|Substitute\n|-damage|p2b: Dondozo|75\/100\n|move|p1a: Dachsbun|Yawn||[still]\n|-fail|p1a: Dachsbun\n|\n|-heal|p2b: Dondozo|81\/100|[from] item: Leftovers\n|-damage|p1b: Wo-Chien|57\/100 psn|[from] psn\n|upkeep\n|turn|10\n|\n|t:|1682468971\n|move|p2b: Dondozo|Order Up|p1b: Wo-Chien\n|-damage|p1b: Wo-Chien|36\/100 psn\n|-enditem|p1b: Wo-Chien|Sitrus Berry|[eat]\n|-heal|p1b: Wo-Chien|60\/100 psn|[from] item: Sitrus Berry\n|-boost|p2b: Dondozo|atk|1\n|move|p1a: Dachsbun|Body Press|p2b: Dondozo\n|-activate|p2b: Dondozo|move: Substitute|[damage]\n|move|p1b: Wo-Chien|Foul Play|p2b: Dondozo\n|-activate|p2b: Dondozo|move: Substitute|[damage]\n|\n|-heal|p2b: Dondozo|87\/100|[from] item: Leftovers\n|-damage|p1b: Wo-Chien|48\/100 psn|[from] psn\n|upkeep\n|turn|11\n|\n|t:|1682468987\n|move|p2b: Dondozo|Earthquake|p1a: Dachsbun|[spread] p1a,p1b\n|-miss|p2b: Dondozo|p2a: Tatsugiri\n|-supereffective|p1a: Dachsbun\n|-resisted|p1b: Wo-Chien\n|-damage|p1a: Dachsbun|33\/100\n|-damage|p1b: Wo-Chien|35\/100 psn\n|move|p1a: Dachsbun|Body Press|p2b: Dondozo\n|-activate|p2b: Dondozo|move: Substitute|[damage]\n|move|p1b: Wo-Chien|Leech Seed||[still]\n|-fail|p1b: Wo-Chien\n|\n|-heal|p2b: Dondozo|93\/100|[from] item: Leftovers\n|-heal|p1a: Dachsbun|39\/100|[from] item: Leftovers\n|-damage|p1b: Wo-Chien|23\/100 psn|[from] psn\n|upkeep\n|turn|12\n|inactive|Chowdurr has 30 seconds left.\n|\n|t:|1682469014\n|move|p1a: Dachsbun|Protect|p1a: Dachsbun\n|-singleturn|p1a: Dachsbun|Protect\n|move|p2b: Dondozo|Earthquake|p1a: Dachsbun|[spread] p1b\n|-miss|p2b: Dondozo|p2a: Tatsugiri\n|-activate|p1a: Dachsbun|move: Protect\n|-resisted|p1b: Wo-Chien\n|-damage|p1b: Wo-Chien|8\/100 psn\n|move|p1b: Wo-Chien|Foul Play|p2b: Dondozo\n|-end|p2b: Dondozo|Substitute\n|\n|-heal|p2b: Dondozo|99\/100|[from] item: Leftovers\n|-heal|p1a: Dachsbun|45\/100|[from] item: Leftovers\n|-damage|p1b: Wo-Chien|0 fnt|[from] psn\n|faint|p1b: Wo-Chien\n|upkeep\n|\n|t:|1682469016\n|switch|p1b: Iron Bundle|Iron Bundle, L50|100\/100\n|turn|13\n|\n|t:|1682469033\n|move|p1a: Dachsbun|Protect|p1a: Dachsbun\n|-singleturn|p1a: Dachsbun|Protect\n|move|p1b: Iron Bundle|Freeze-Dry|p2b: Dondozo\n|-supereffective|p2b: Dondozo\n|-damage|p2b: Dondozo|68\/100\n|move|p2b: Dondozo|Earthquake|p1a: Dachsbun|[spread] p1b\n|-miss|p2b: Dondozo|p2a: Tatsugiri\n|-activate|p1a: Dachsbun|move: Protect\n|-damage|p1b: Iron Bundle|46\/100\n|\n|-heal|p2b: Dondozo|74\/100|[from] item: Leftovers\n|-heal|p1a: Dachsbun|51\/100|[from] item: Leftovers\n|upkeep\n|turn|14\n|\n|t:|1682469048\n|move|p2b: Dondozo|Protect|p2b: Dondozo\n|-singleturn|p2b: Dondozo|Protect\n|move|p1b: Iron Bundle|Freeze-Dry|p2b: Dondozo\n|-activate|p2b: Dondozo|move: Protect\n|move|p1a: Dachsbun|Yawn|p2b: Dondozo\n|-activate|p2b: Dondozo|move: Protect\n|\n|-heal|p2b: Dondozo|79\/100|[from] item: Leftovers\n|-heal|p1a: Dachsbun|57\/100|[from] item: Leftovers\n|upkeep\n|turn|15\n|\n|t:|1682469060\n|move|p1b: Iron Bundle|Protect|p1b: Iron Bundle\n|-singleturn|p1b: Iron Bundle|Protect\n|move|p1a: Dachsbun|Protect|p1a: Dachsbun\n|-singleturn|p1a: Dachsbun|Protect\n|move|p2b: Dondozo|Order Up|p1b: Iron Bundle\n|-activate|p1b: Iron Bundle|move: Protect\n|\n|-heal|p2b: Dondozo|85\/100|[from] item: Leftovers\n|-heal|p1a: Dachsbun|63\/100|[from] item: Leftovers\n|upkeep\n|turn|16\n|\n|t:|1682469063\n|move|p1b: Iron Bundle|Protect||[still]\n|-fail|p1b: Iron Bundle\n|move|p2b: Dondozo|Earthquake|p1b: Iron Bundle|[spread] p1a,p1b\n|-miss|p2b: Dondozo|p2a: Tatsugiri\n|-supereffective|p1a: Dachsbun\n|-damage|p1a: Dachsbun|0 fnt\n|-damage|p1b: Iron Bundle|0 fnt\n|faint|p1a: Dachsbun\n|faint|p1b: Iron Bundle\n|-end|p1b: Iron Bundle|Quark Drive|[silent]\n|\n|win|AmongusMaster5678\n|raw|Chowdurr's rating: 1230 → 1210<\/strong> (-20 for losing)\n|raw|AmongusMaster5678's rating: 1296 → 1316<\/strong> (+20 for winning)\n|l|\u2606Chowdurr\n|c|\u2606AmongusMaster5678|gg\n","uploadtime":1682469075,"views":16,"p1id":"chowdurr","p2id":"amongusmaster5678","formatid":"gen9vgc2023regulationc","rating":1210,"private":0,"password":""}