{"id":"gen9vgc2023regulationc-1845036764","p1":"That_Leek","p2":"jwma","format":"[Gen 9] VGC 2023 Regulation C","log":"|j|\u2606That_Leek\n|j|\u2606jwma\n|t:|1681676514\n|gametype|doubles\n|player|p1|That_Leek|blue|1273\n|player|p2|jwma|169|1231\n|teamsize|p1|6\n|teamsize|p2|6\n|gen|9\n|tier|[Gen 9] VGC 2023 Regulation C\n|rated|\n|rule|Species Clause: Limit one of each Pok\u00e9mon\n|rule|Item Clause: Limit one of each item\n|clearpoke\n|poke|p1|Tyranitar, L50, F|\n|poke|p1|Gothitelle, L50, M|\n|poke|p1|Gholdengo, L50|\n|poke|p1|Amoonguss, L50, F|\n|poke|p1|Azumarill, L50, F|\n|poke|p1|Arcanine, L50, M|\n|poke|p2|Orthworm, L50, F|\n|poke|p2|Dragonite, L50, M|\n|poke|p2|Ting-Lu, L50|\n|poke|p2|Gyarados, L50, M|\n|poke|p2|Flutter Mane, L50|\n|poke|p2|Chien-Pao, L50|\n|teampreview|4\nThat_Leek has agreed to open team sheets.\n|\n|t:|1681676560\n|start\n|switch|p1a: Arcanine|Arcanine, L50, M|100\/100\n|switch|p1b: Azumarill|Azumarill, L50, F|100\/100\n|switch|p2a: Flutter Mane|Flutter Mane, L50|100\/100\n|switch|p2b: Orthworm|Orthworm, L50, F|100\/100\n|-ability|p1a: Arcanine|Intimidate|boost\n|-unboost|p2a: Flutter Mane|atk|1\n|-unboost|p2b: Orthworm|atk|1\n|turn|1\n|inactive|Battle timer is ON: inactive players will automatically lose when time's up. (requested by jwma)\n|\n|t:|1681676590\n|-terastallize|p2b: Orthworm|Fire\n|move|p2a: Flutter Mane|Icy Wind|p1a: Arcanine|[spread] p1a,p1b\n|-resisted|p1a: Arcanine\n|-resisted|p1b: Azumarill\n|-damage|p1a: Arcanine|88\/100\n|-damage|p1b: Azumarill|91\/100\n|-unboost|p1a: Arcanine|spe|1\n|-unboost|p1b: Azumarill|spe|1\n|move|p1a: Arcanine|Flare Blitz|p2b: Orthworm\n|-resisted|p2b: Orthworm\n|-damage|p2b: Orthworm|81\/100\n|-damage|p1a: Arcanine|82\/100|[from] Recoil\n|move|p2b: Orthworm|Iron Defense|p2b: Orthworm\n|-boost|p2b: Orthworm|def|2\n|move|p1b: Azumarill|Liquidation|p2a: Flutter Mane\n|-damage|p2a: Flutter Mane|13\/100\n|\n|-heal|p1b: Azumarill|97\/100|[from] item: Leftovers\n|upkeep\n|turn|2\n|inactive|jwma has 30 seconds left.\n|\n|t:|1681676616\n|move|p2a: Flutter Mane|Icy Wind|p1a: Arcanine|[spread] p1a\n|-miss|p2a: Flutter Mane|p1b: Azumarill\n|-resisted|p1a: Arcanine\n|-damage|p1a: Arcanine|69\/100\n|-unboost|p1a: Arcanine|spe|1\n|move|p2b: Orthworm|Iron Defense|p2b: Orthworm\n|-boost|p2b: Orthworm|def|2\n|move|p1a: Arcanine|Snarl|p2b: Orthworm|[spread] p2a,p2b\n|-damage|p2a: Flutter Mane|6\/100\n|-damage|p2b: Orthworm|71\/100\n|-unboost|p2a: Flutter Mane|spa|1\n|-unboost|p2b: Orthworm|spa|1\n|move|p1b: Azumarill|Liquidation|p2b: Orthworm\n|-supereffective|p2b: Orthworm\n|-damage|p2b: Orthworm|46\/100\n|-enditem|p2b: Orthworm|Sitrus Berry|[eat]\n|-heal|p2b: Orthworm|71\/100|[from] item: Sitrus Berry\n|\n|-heal|p1b: Azumarill|100\/100|[from] item: Leftovers\n|upkeep\n|turn|3\n|inactive|jwma has 30 seconds left.\n|inactive|jwma has 20 seconds left.\n|\n|t:|1681676656\n|-end|p2a: Flutter Mane|Protosynthesis|[silent]\n|switch|p2a: Gyarados|Gyarados, L50, M|100\/100\n|-ability|p2a: Gyarados|Intimidate|boost\n|-unboost|p1a: Arcanine|atk|1\n|-unboost|p1b: Azumarill|atk|1\n|move|p2b: Orthworm|Body Press|p1a: Arcanine\n|-damage|p1a: Arcanine|0 fnt\n|faint|p1a: Arcanine\n|move|p1b: Azumarill|Liquidation|p2b: Orthworm\n|-supereffective|p2b: Orthworm\n|-damage|p2b: Orthworm|56\/100\n|-unboost|p2b: Orthworm|def|1\n|\n|upkeep\n|\n|t:|1681676660\n|switch|p1a: Gothitelle|Gothitelle, L50, M|100\/100\n|turn|4\n|\n|t:|1681676682\n|move|p1a: Gothitelle|Fake Out|p2b: Orthworm\n|-damage|p2b: Orthworm|55\/100\n|move|p2a: Gyarados|Bulldoze|p1b: Azumarill|[spread] p1a,p1b\n|-heal|p2b: Orthworm|80\/100|[from] ability: Earth Eater|[of] p2a: Gyarados\n|-damage|p1a: Gothitelle|88\/100\n|-damage|p1b: Azumarill|86\/100\n|-unboost|p1a: Gothitelle|spe|1\n|-unboost|p1b: Azumarill|spe|1\n|cant|p2b: Orthworm|flinch\n|move|p1b: Azumarill|Perish Song|p1b: Azumarill\n|-start|p1a: Gothitelle|perish3|[silent]\n|-start|p1b: Azumarill|perish3|[silent]\n|-start|p2a: Gyarados|perish3|[silent]\n|-start|p2b: Orthworm|perish3|[silent]\n|-fieldactivate|move: Perish Song\n|\n|-heal|p1b: Azumarill|92\/100|[from] item: Leftovers\n|-start|p2a: Gyarados|perish3\n|-start|p2b: Orthworm|perish3\n|-start|p1a: Gothitelle|perish3\n|-start|p1b: Azumarill|perish3\n|upkeep\n|turn|5\n|\n|t:|1681676705\n|move|p1a: Gothitelle|Protect|p1a: Gothitelle\n|-singleturn|p1a: Gothitelle|Protect\n|move|p1b: Azumarill|Protect|p1b: Azumarill\n|-singleturn|p1b: Azumarill|Protect\n|move|p2a: Gyarados|Bulldoze|p1b: Azumarill|[spread] \n|-activate|p1a: Gothitelle|move: Protect\n|-activate|p1b: Azumarill|move: Protect\n|-heal|p2b: Orthworm|100\/100|[from] ability: Earth Eater|[of] p2a: Gyarados\n|move|p2b: Orthworm|Iron Defense|p2b: Orthworm\n|-boost|p2b: Orthworm|def|2\n|\n|-heal|p1b: Azumarill|98\/100|[from] item: Leftovers\n|-start|p2a: Gyarados|perish2\n|-start|p2b: Orthworm|perish2\n|-start|p1a: Gothitelle|perish2\n|-start|p1b: Azumarill|perish2\n|upkeep\n|turn|6\n|inactive|jwma has 30 seconds left.\n|\n|t:|1681676739\n|switch|p1b: Tyranitar|Tyranitar, L50, F|100\/100\n|-weather|Sandstorm|[from] ability: Sand Stream|[of] p1b: Tyranitar\n|move|p2a: Gyarados|Taunt|p1a: Gothitelle\n|-start|p1a: Gothitelle|move: Taunt\n|move|p2b: Orthworm|Body Press|p1a: Gothitelle\n|-resisted|p1a: Gothitelle\n|-damage|p1a: Gothitelle|41\/100\n|-enditem|p1a: Gothitelle|Sitrus Berry|[eat]\n|-heal|p1a: Gothitelle|66\/100|[from] item: Sitrus Berry\n|move|p1a: Gothitelle|Psychic|p2b: Orthworm\n|-damage|p2b: Orthworm|69\/100\n|\n|-weather|Sandstorm|[upkeep]\n|-damage|p2b: Orthworm|63\/100|[from] Sandstorm\n|-damage|p1a: Gothitelle|60\/100|[from] Sandstorm\n|-start|p2a: Gyarados|perish1\n|-start|p2b: Orthworm|perish1\n|-start|p1a: Gothitelle|perish1\n|upkeep\n|turn|7\n|\n|t:|1681676762\n|switch|p1a: Azumarill|Azumarill, L50, F|98\/100\n|-terastallize|p1b: Tyranitar|Flying\n|move|p2a: Gyarados|Bulldoze|p1a: Azumarill|[spread] p1a\n|-heal|p2b: Orthworm|88\/100|[from] ability: Earth Eater|[of] p2a: Gyarados\n|-immune|p1b: Tyranitar\n|-damage|p1a: Azumarill|85\/100\n|-unboost|p1a: Azumarill|spe|1\n|move|p2b: Orthworm|Shed Tail|p2b: Orthworm\n|-start|p2b: Orthworm|Substitute|[from] move: Shed Tail\n|-damage|p2b: Orthworm|38\/100\n|\n|t:|1681676781\n|switch|p2b: Flutter Mane|Flutter Mane, L50|6\/100|[from] Shed Tail\n|move|p1b: Tyranitar|Rock Slide|p2b: Flutter Mane|[spread] p2a,p2b\n|-crit|p2b: Flutter Mane\n|-end|p2b: Flutter Mane|Substitute\n|-supereffective|p2a: Gyarados\n|-damage|p2a: Gyarados|40\/100\n|\n|-weather|Sandstorm|[upkeep]\n|-damage|p2b: Flutter Mane|0 fnt|[from] Sandstorm\n|-damage|p1b: Tyranitar|95\/100|[from] Sandstorm\n|-damage|p1a: Azumarill|79\/100|[from] Sandstorm\n|faint|p2b: Flutter Mane\n|-end|p2b: Flutter Mane|Protosynthesis|[silent]\n|-heal|p1a: Azumarill|85\/100|[from] item: Leftovers\n|-start|p2a: Gyarados|perish0\n|upkeep\n|faint|p2a: Gyarados\n|\n|t:|1681676797\n|switch|p2b: Orthworm|Orthworm, L50, F, tera:Fire|38\/100\n|switch|p2a: Ting-Lu|Ting-Lu, L50|100\/100\n|-ability|p2a: Ting-Lu|Vessel of Ruin\n|turn|8\n|\n|t:|1681676820\n|move|p2a: Ting-Lu|Throat Chop|p1a: Azumarill\n|-resisted|p1a: Azumarill\n|-damage|p1a: Azumarill|57\/100\n|-start|p1a: Azumarill|Throat Chop|[silent]\n|move|p2b: Orthworm|Heavy Slam|p1a: Azumarill\n|-damage|p1a: Azumarill|16\/100\n|move|p1b: Tyranitar|Rock Slide|p2b: Orthworm|[spread] p2a\n|-miss|p1b: Tyranitar|p2b: Orthworm\n|-resisted|p2a: Ting-Lu\n|-damage|p2a: Ting-Lu|91\/100\n|cant|p1a: Azumarill|move: Throat Chop\n|\n|-weather|Sandstorm|[upkeep]\n|-damage|p2b: Orthworm|32\/100|[from] Sandstorm\n|-damage|p1b: Tyranitar|89\/100|[from] Sandstorm\n|-damage|p1a: Azumarill|11\/100|[from] Sandstorm\n|-heal|p1a: Azumarill|16\/100|[from] item: Leftovers\n|upkeep\n|turn|9\n|inactive|jwma has 30 seconds left.\n|\n|t:|1681676849\n|switch|p1a: Gothitelle|Gothitelle, L50, M|60\/100\n|move|p2a: Ting-Lu|Throat Chop|p1a: Gothitelle\n|-supereffective|p1a: Gothitelle\n|-damage|p1a: Gothitelle|0 fnt\n|faint|p1a: Gothitelle\n|move|p2b: Orthworm|Heavy Slam|p1b: Tyranitar\n|-damage|p1b: Tyranitar|79\/100\n|move|p1b: Tyranitar|Rock Slide|p2b: Orthworm|[spread] p2a,p2b\n|-resisted|p2a: Ting-Lu\n|-supereffective|p2b: Orthworm\n|-damage|p2a: Ting-Lu|82\/100\n|-damage|p2b: Orthworm|0 fnt\n|faint|p2b: Orthworm\n|\n|-weather|Sandstorm|[upkeep]\n|-damage|p1b: Tyranitar|73\/100|[from] Sandstorm\n|upkeep\n|\n|t:|1681676853\n|switch|p1a: Azumarill|Azumarill, L50, F|16\/100\n|turn|10\n|\n|t:|1681676869\n|move|p1a: Azumarill|Protect|p1a: Azumarill\n|-singleturn|p1a: Azumarill|Protect\n|move|p2a: Ting-Lu|Throat Chop|p1a: Azumarill\n|-activate|p1a: Azumarill|move: Protect\n|move|p1b: Tyranitar|Brick Break|p2a: Ting-Lu\n|-supereffective|p2a: Ting-Lu\n|-damage|p2a: Ting-Lu|44\/100\n|\n|-weather|none\n|-heal|p1a: Azumarill|22\/100|[from] item: Leftovers\n|upkeep\n|turn|11\n|\n|t:|1681676881\n|move|p2a: Ting-Lu|Throat Chop|p1a: Azumarill\n|-resisted|p1a: Azumarill\n|-damage|p1a: Azumarill|0 fnt\n|faint|p1a: Azumarill\n|move|p1b: Tyranitar|Brick Break|p2a: Ting-Lu\n|-supereffective|p2a: Ting-Lu\n|-damage|p2a: Ting-Lu|8\/100\n|\n|upkeep\n|turn|12\n|\n|t:|1681676889\n|move|p2a: Ting-Lu|Throat Chop|p1b: Tyranitar\n|-damage|p1b: Tyranitar|29\/100\n|-start|p1b: Tyranitar|Throat Chop|[silent]\n|move|p1b: Tyranitar|Brick Break|p2a: Ting-Lu\n|-supereffective|p2a: Ting-Lu\n|-damage|p2a: Ting-Lu|0 fnt\n|faint|p2a: Ting-Lu\n|\n|win|That_Leek\n|raw|That_Leek's rating: 1273 → 1295<\/strong> (+22 for winning)\n|raw|jwma's rating: 1231 → 1209<\/strong> (-22 for losing)\n|l|\u2606jwma\n","uploadtime":1681676899,"views":6,"p1id":"thatleek","p2id":"jwma","formatid":"gen9vgc2023regulationc","rating":1209,"private":0,"password":""}