{"id":"gen9vgc2023regulationc-1855010535","p1":"SpeedyLinguine","p2":"Dieg1","format":"[Gen 9] VGC 2023 Regulation C","log":"|j|\u2606SpeedyLinguine\n|j|\u2606Dieg1\n|t:|1682890643\n|gametype|doubles\n|player|p1|SpeedyLinguine|hoopster|1249\n|player|p2|Dieg1|crasherwake|1335\n|teamsize|p1|6\n|teamsize|p2|6\n|gen|9\n|tier|[Gen 9] VGC 2023 Regulation C\n|rated|\n|rule|Species Clause: Limit one of each Pok\u00e9mon\n|rule|Item Clause: Limit one of each item\n|clearpoke\n|poke|p1|Pelipper, L50, F|\n|poke|p1|Amoonguss, L50, F|\n|poke|p1|Flutter Mane, L50|\n|poke|p1|Floatzel, L50, F|\n|poke|p1|Iron Hands, L50|\n|poke|p1|Gholdengo, L50|\n|poke|p2|Tsareena, L50, F|\n|poke|p2|Chien-Pao, L50|\n|poke|p2|Iron Valiant, L50|\n|poke|p2|Ceruledge, L50, M|\n|poke|p2|Murkrow, L50, F|\n|poke|p2|Garchomp, L50, M|\n|teampreview|4\n|inactive|Battle timer is ON: inactive players will automatically lose when time's up. (requested by Dieg1)\nSpeedyLinguine has agreed to open team sheets.\n|\n|t:|1682890673\n|start\n|switch|p1a: Darth Vader|Flutter Mane, L50|100\/100\n|switch|p1b: Unstoppable Force|Gholdengo, L50|100\/100\n|switch|p2a: Tsareena|Tsareena, L50, F|100\/100\n|switch|p2b: Iron Valiant|Iron Valiant, L50|100\/100\n|-enditem|p2b: Iron Valiant|Booster Energy\n|-activate|p2b: Iron Valiant|ability: Quark Drive|[fromitem]\n|-start|p2b: Iron Valiant|quarkdrivespe\n|turn|1\n|\n|t:|1682890690\n|-terastallize|p1b: Unstoppable Force|Steel\n|move|p2b: Iron Valiant|Shadow Sneak|p1b: Unstoppable Force\n|-damage|p1b: Unstoppable Force|85\/100\n|move|p1a: Darth Vader|Dazzling Gleam|p2b: Iron Valiant|[spread] p2a,p2b\n|-supereffective|p2b: Iron Valiant\n|-damage|p2a: Tsareena|76\/100\n|-damage|p2b: Iron Valiant|0 fnt\n|faint|p2b: Iron Valiant\n|-end|p2b: Iron Valiant|Quark Drive|[silent]\n|move|p1b: Unstoppable Force|Make It Rain|p2a: Tsareena\n|-damage|p2a: Tsareena|11\/100\n|-unboost|p1b: Unstoppable Force|spa|1\n|move|p2a: Tsareena|U-turn|p1a: Darth Vader\n|-resisted|p1a: Darth Vader\n|-damage|p1a: Darth Vader|87\/100\n|\n|t:|1682890694\n|switch|p2a: Ceruledge|Ceruledge, L50, M|100\/100|[from] U-turn\n|\n|upkeep\n|\n|t:|1682890698\n|switch|p2b: Chien-Pao|Chien-Pao, L50|100\/100\n|-ability|p2b: Chien-Pao|Sword of Ruin\n|turn|2\n|\n|t:|1682890710\n|move|p2b: Chien-Pao|Protect|p2b: Chien-Pao\n|-singleturn|p2b: Chien-Pao|Protect\n|move|p2a: Ceruledge|Shadow Sneak|p1a: Darth Vader\n|-supereffective|p1a: Darth Vader\n|-damage|p1a: Darth Vader|0 fnt\n|faint|p1a: Darth Vader\n|-end|p1a: Darth Vader|Protosynthesis|[silent]\n|move|p1b: Unstoppable Force|Make It Rain|p2a: Ceruledge|[spread] p2a\n|-activate|p2b: Chien-Pao|move: Protect\n|-resisted|p2a: Ceruledge\n|-damage|p2a: Ceruledge|82\/100\n|-unboost|p1b: Unstoppable Force|spa|1\n|\n|-heal|p2a: Ceruledge|88\/100|[from] item: Leftovers\n|upkeep\n|\n|t:|1682890717\n|switch|p1a: The Jordan of VGC|Pelipper, L50, F|100\/100\n|-weather|RainDance|[from] ability: Drizzle|[of] p1a: The Jordan of VGC\n|turn|3\n|\n|t:|1682890734\n|-terastallize|p2a: Ceruledge|Flying\n|move|p2a: Ceruledge|Shadow Sneak|p1b: Unstoppable Force\n|-damage|p1b: Unstoppable Force|59\/100\n|move|p2b: Chien-Pao|Sacred Sword|p1b: Unstoppable Force\n|-supereffective|p1b: Unstoppable Force\n|-damage|p1b: Unstoppable Force|0 fnt\n|faint|p1b: Unstoppable Force\n|move|p1a: The Jordan of VGC|Hydro Pump|p2a: Ceruledge\n|-damage|p2a: Ceruledge|41\/100\n|\n|-weather|RainDance|[upkeep]\n|-heal|p2a: Ceruledge|47\/100|[from] item: Leftovers\n|upkeep\n|\n|t:|1682890744\n|switch|p1b: El Nadador|Floatzel, L50, F|100\/100\n|turn|4\n|\n|t:|1682890760\n|move|p2b: Chien-Pao|Sucker Punch|p1b: El Nadador\n|-damage|p1b: El Nadador|24\/100\n|move|p2a: Ceruledge|Shadow Sneak|p1b: El Nadador\n|-damage|p1b: El Nadador|0 fnt\n|faint|p1b: El Nadador\n|move|p1a: The Jordan of VGC|Hurricane|p2b: Chien-Pao\n|-damage|p2b: Chien-Pao|37\/100\n|-start|p2b: Chien-Pao|confusion\n|\n|-weather|RainDance|[upkeep]\n|-heal|p2a: Ceruledge|53\/100|[from] item: Leftovers\n|upkeep\n|turn|5\n|inactive|Dieg1 has 30 seconds left.\n|inactive|Dieg1 has 20 seconds left.\n|inactive|Dieg1 has 15 seconds left.\n|inactive|Dieg1 has 10 seconds left.\n|-message|Dieg1 forfeited.\n|\n|win|SpeedyLinguine\n|raw|SpeedyLinguine's rating: 1249 → 1280<\/strong> (+31 for winning)\n|raw|Dieg1's rating: 1335 → 1310<\/strong> (-25 for losing)\n|l|\u2606Dieg1\n","uploadtime":1682890813,"views":13,"p1id":"speedylinguine","p2id":"dieg1","formatid":"gen9vgc2023regulationc","rating":1280,"private":0,"password":""}