{"id":"gen9vgc2023regulationc-1862075288","p1":"GuardianofL1ght","p2":"5ilver_F0x","format":"[Gen 9] VGC 2023 Regulation C","log":"|j|\u2606GuardianofL1ght\n|j|\u26065ilver_F0x\n|t:|1683834474\n|gametype|doubles\n|player|p1|GuardianofL1ght|hilbert|\n|player|p2|5ilver_F0x|morty|\n|teamsize|p1|6\n|teamsize|p2|6\n|gen|9\n|tier|[Gen 9] VGC 2023 Regulation C\n|rule|Species Clause: Limit one of each Pok\u00e9mon\n|rule|Item Clause: Limit one of each item\n|clearpoke\n|poke|p1|Flutter Mane, L50|\n|poke|p1|Iron Moth, L50|\n|poke|p1|Krookodile, L50, F|\n|poke|p1|Glaceon, L50, F|\n|poke|p1|Kilowattrel, L50, M|\n|poke|p1|Mismagius, L50, M|\n|poke|p2|Arboliva, L50, F|\n|poke|p2|Sylveon, L50, F|\n|poke|p2|Wo-Chien, L50|\n|poke|p2|Staraptor, L50, M|\n|poke|p2|Iron Thorns, L50|\n|poke|p2|Houndoom, L50, M|\n|teampreview|4\n|c|\u2606GuardianofL1ght|g1\n|c|\u26065ilver_F0x|glhf\n|j| Kyogre Canucks\n|c|\u2606GuardianofL1ght|glhf bud\n|c| Kyogre Canucks|glhfily\n|j| Toronto 6ix\n|c| Kyogre Canucks|The theft of canadian talk\n|\n|t:|1683834715\n|start\n|switch|p1a: Krookodile|Krookodile, L50, F|100\/100\n|switch|p1b: Mismagius|Mismagius, L50, M|100\/100\n|switch|p2a: Arboliva|Arboliva, L50, F, shiny|100\/100\n|switch|p2b: Staraptor|Staraptor, L50, M, shiny|100\/100\n|-ability|p2b: Staraptor|Intimidate|boost\n|-unboost|p1a: Krookodile|atk|1\n|-unboost|p1b: Mismagius|atk|1\n|-ability|p1a: Krookodile|Intimidate|boost\n|-unboost|p2a: Arboliva|atk|1\n|-unboost|p2b: Staraptor|atk|1\n|turn|1\n|\n|t:|1683834746\n|-terastallize|p1a: Krookodile|Ghost\n|move|p1b: Mismagius|Icy Wind|p2b: Staraptor|[spread] p2a,p2b\n|-supereffective|p2a: Arboliva\n|-supereffective|p2b: Staraptor\n|-damage|p2a: Arboliva|84\/100\n|-damage|p2b: Staraptor|71\/100\n|-unboost|p2a: Arboliva|spe|1\n|-unboost|p2b: Staraptor|spe|1\n|-fieldstart|move: Grassy Terrain|[from] ability: Seed Sower|[of] p2a: Arboliva\n|move|p1a: Krookodile|Rock Slide|p2b: Staraptor|[spread] p2a,p2b\n|-supereffective|p2b: Staraptor\n|-damage|p2a: Arboliva|71\/100\n|-damage|p2b: Staraptor|39\/100\n|move|p2b: Staraptor|U-turn|p1a: Krookodile\n|-resisted|p1a: Krookodile\n|-damage|p1a: Krookodile|90\/100\n|\n|t:|1683834768\n|switch|p2b: Wo-Chien|Wo-Chien, L50|100\/100|[from] U-turn\n|-ability|p2b: Wo-Chien|Tablets of Ruin\n|-enditem|p2b: Wo-Chien|Grassy Seed\n|-boost|p2b: Wo-Chien|def|1|[from] item: Grassy Seed\n|cant|p2a: Arboliva|flinch\n|\n|-heal|p1a: Krookodile|97\/100|[from] Grassy Terrain\n|-heal|p2a: Arboliva|77\/100|[from] Grassy Terrain\n|upkeep\n|turn|2\n|\n|t:|1683834808\n|switch|p1a: Iron Moth|Iron Moth, L50|100\/100\n|move|p2b: Wo-Chien|Protect|p2b: Wo-Chien\n|-singleturn|p2b: Wo-Chien|Protect\n|move|p1b: Mismagius|Icy Wind|p2b: Wo-Chien|[spread] p2a\n|-activate|p2b: Wo-Chien|move: Protect\n|-supereffective|p2a: Arboliva\n|-damage|p2a: Arboliva|60\/100\n|-unboost|p2a: Arboliva|spe|1\n|move|p2a: Arboliva|Light Screen|p2a: Arboliva\n|-sidestart|p2: 5ilver_F0x|move: Light Screen\n|\n|-heal|p2a: Arboliva|66\/100|[from] Grassy Terrain\n|upkeep\n|turn|3\n|\n|t:|1683834856\n|switch|p1b: Krookodile|Krookodile, L50, F, tera:Ghost|97\/100\n|-ability|p1b: Krookodile|Intimidate|boost\n|-unboost|p2a: Arboliva|atk|1\n|-unboost|p2b: Wo-Chien|atk|1\n|-terastallize|p2b: Wo-Chien|Poison\n|move|p1a: Iron Moth|Heat Wave|p2b: Wo-Chien|[spread] p2a,p2b\n|-supereffective|p2a: Arboliva\n|-damage|p2a: Arboliva|28\/100\n|-damage|p2b: Wo-Chien|83\/100\n|move|p2b: Wo-Chien|Snarl|p1a: Iron Moth|[spread] p1a,p1b\n|-supereffective|p1b: Krookodile\n|-damage|p1a: Iron Moth|86\/100\n|-damage|p1b: Krookodile|56\/100\n|-unboost|p1a: Iron Moth|spa|1\n|-unboost|p1b: Krookodile|spa|1\n|move|p2a: Arboliva|Reflect|p2a: Arboliva\n|-sidestart|p2: 5ilver_F0x|Reflect\n|\n|-heal|p1a: Iron Moth|92\/100|[from] Grassy Terrain\n|-heal|p1b: Krookodile|62\/100|[from] Grassy Terrain\n|-heal|p2b: Wo-Chien|89\/100|[from] Grassy Terrain\n|-heal|p2a: Arboliva|34\/100|[from] Grassy Terrain\n|upkeep\n|turn|4\n|\n|t:|1683834894\n|move|p1a: Iron Moth|Psychic|p2b: Wo-Chien\n|-supereffective|p2b: Wo-Chien\n|-damage|p2b: Wo-Chien|68\/100\n|move|p1b: Krookodile|Gunk Shot|p2a: Arboliva\n|-supereffective|p2a: Arboliva\n|-crit|p2a: Arboliva\n|-damage|p2a: Arboliva|0 fnt\n|faint|p2a: Arboliva\n|move|p2b: Wo-Chien|Pollen Puff|p1b: Krookodile\n|-resisted|p1b: Krookodile\n|-damage|p1b: Krookodile|49\/100\n|\n|-heal|p1a: Iron Moth|98\/100|[from] Grassy Terrain\n|-heal|p1b: Krookodile|56\/100|[from] Grassy Terrain\n|-heal|p2b: Wo-Chien|74\/100|[from] Grassy Terrain\n|upkeep\n|\n|t:|1683834918\n|switch|p2a: Staraptor|Staraptor, L50, M, shiny|39\/100\n|-ability|p2a: Staraptor|Intimidate|boost\n|-unboost|p1a: Iron Moth|atk|1\n|-unboost|p1b: Krookodile|atk|1\n|turn|5\n|\n|t:|1683834960\n|move|p2a: Staraptor|Brave Bird|p1a: Iron Moth\n|-damage|p1a: Iron Moth|20\/100\n|-damage|p2a: Staraptor|18\/100|[from] Recoil\n|move|p1a: Iron Moth|Heat Wave|p2a: Staraptor|[spread] p2a,p2b\n|-damage|p2a: Staraptor|0 fnt\n|-damage|p2b: Wo-Chien|63\/100\n|faint|p2a: Staraptor\n|move|p1b: Krookodile|Rock Slide|p2b: Wo-Chien\n|-damage|p2b: Wo-Chien|58\/100\n|move|p2b: Wo-Chien|Snarl|p1a: Iron Moth|[spread] p1a\n|-miss|p2b: Wo-Chien|p1b: Krookodile\n|-crit|p1a: Iron Moth\n|-damage|p1a: Iron Moth|0 fnt\n|faint|p1a: Iron Moth\n|-end|p1a: Iron Moth|Quark Drive|[silent]\n|\n|-heal|p1b: Krookodile|62\/100|[from] Grassy Terrain\n|-heal|p2b: Wo-Chien|64\/100|[from] Grassy Terrain\n|-fieldend|move: Grassy Terrain\n|upkeep\n|\n|t:|1683834981\n|switch|p1a: Mismagius|Mismagius, L50, M|100\/100\n|switch|p2a: Sylveon|Sylveon, L50, F, shiny|100\/100\n|turn|6\n|\n|t:|1683834999\n|move|p1a: Mismagius|Mystical Fire|p2a: Sylveon\n|-damage|p2a: Sylveon|89\/100\n|-unboost|p2a: Sylveon|spa|1\n|move|p1b: Krookodile|Gunk Shot|p2a: Sylveon\n|-supereffective|p2a: Sylveon\n|-damage|p2a: Sylveon|50\/100\n|move|p2a: Sylveon|Hyper Voice|p1b: Krookodile|[spread] p1a,p1b\n|-damage|p1a: Mismagius|73\/100\n|-damage|p1b: Krookodile|27\/100\n|-enditem|p2a: Sylveon|Throat Spray\n|-boost|p2a: Sylveon|spa|1|[from] item: Throat Spray\n|move|p2b: Wo-Chien|Snarl|p1a: Mismagius|[spread] p1a,p1b\n|-supereffective|p1a: Mismagius\n|-supereffective|p1b: Krookodile\n|-damage|p1a: Mismagius|43\/100\n|-damage|p1b: Krookodile|0 fnt\n|-unboost|p1a: Mismagius|spa|1\n|faint|p1b: Krookodile\n|\n|upkeep\n|\n|t:|1683835012\n|switch|p1b: Flutter Mane|Flutter Mane, L50|100\/100\n|-enditem|p1b: Flutter Mane|Booster Energy\n|-activate|p1b: Flutter Mane|ability: Protosynthesis|[fromitem]\n|-start|p1b: Flutter Mane|protosynthesisspa\n|turn|7\n|\n|t:|1683835031\n|move|p1a: Mismagius|Mystical Fire|p2a: Sylveon\n|-damage|p2a: Sylveon|43\/100\n|-unboost|p2a: Sylveon|spa|1\n|move|p1b: Flutter Mane|Psyshock|p2b: Wo-Chien\n|-supereffective|p2b: Wo-Chien\n|-damage|p2b: Wo-Chien|34\/100\n|move|p2a: Sylveon|Hyper Voice|p1a: Mismagius|[spread] p1a,p1b\n|-damage|p1a: Mismagius|15\/100\n|-damage|p1b: Flutter Mane|75\/100\n|move|p2b: Wo-Chien|Ruination|p1b: Flutter Mane\n|-damage|p1b: Flutter Mane|38\/100\n|\n|upkeep\n|turn|8\n|\n|t:|1683835067\n|move|p2b: Wo-Chien|Protect|p2b: Wo-Chien\n|-singleturn|p2b: Wo-Chien|Protect\n|move|p1a: Mismagius|Mystical Fire|p2b: Wo-Chien\n|-activate|p2b: Wo-Chien|move: Protect\n|move|p1b: Flutter Mane|Psyshock|p2b: Wo-Chien\n|-activate|p2b: Wo-Chien|move: Protect\n|move|p2a: Sylveon|Hyper Voice|p1a: Mismagius|[spread] p1a,p1b\n|-damage|p1a: Mismagius|0 fnt\n|-damage|p1b: Flutter Mane|8\/100\n|faint|p1a: Mismagius\n|\n|upkeep\n|turn|9\n|\n|t:|1683835102\n|move|p2a: Sylveon|Quick Attack|p1b: Flutter Mane\n|-damage|p1b: Flutter Mane|0 fnt\n|faint|p1b: Flutter Mane\n|-end|p1b: Flutter Mane|Protosynthesis|[silent]\n|\n|win|5ilver_F0x\n|c|\u26065ilver_F0x|gg\n|c|\u2606GuardianofL1ght|gg\n|l| Toronto 6ix\n|j| Tay23\n|l| Kyogre Canucks\n","uploadtime":1683835106,"views":14,"p1id":"guardianofl1ght","p2id":"5ilverf0x","formatid":"gen9vgc2023regulationc","rating":0,"private":0,"password":""}