{"id":"gen9vgc2023regulationc-1856789343","p1":"PixelDupe1","p2":"winnie1906","format":"[Gen 9] VGC 2023 Regulation C","log":"|j|\u2606PixelDupe1\n|j|\u2606winnie1906\n|t:|1683111723\n|gametype|doubles\n|player|p1|PixelDupe1|palmer|\n|player|p2|winnie1906|psychic-lgpe|\n|teamsize|p1|6\n|teamsize|p2|6\n|gen|9\n|tier|[Gen 9] VGC 2023 Regulation C\n|rated|Tournament battle\n|rule|Species Clause: Limit one of each Pok\u00e9mon\n|rule|Item Clause: Limit one of each item\n|clearpoke\n|poke|p1|Murkrow, L50, M|\n|poke|p1|Baxcalibur, L50, F|\n|poke|p1|Flutter Mane, L50|\n|poke|p1|Ting-Lu, L50|\n|poke|p1|Arcanine, L50, F|\n|poke|p1|Palafin, L50, M|\n|poke|p2|Scizor, L50, F|\n|poke|p2|Flutter Mane, L50|\n|poke|p2|Maushold-Four, L50|\n|poke|p2|Hydreigon, L50, F|\n|poke|p2|Salamence, L50, M|\n|poke|p2|Garchomp, L50, F|\n|teampreview|4\nwinnie1906 has agreed to open team sheets.\nPixelDupe1 has agreed to open team sheets.\n|inactive|Battle timer is ON: inactive players will automatically lose when time's up. (requested by PixelDupe1)\n|inactive|winnie1906 has 60 seconds left.\n|\n|t:|1683111897\n|start\n|switch|p1a: Fineas|Palafin, L50, M|100\/100\n|switch|p1b: Baxcalibur|Baxcalibur, L50, F|100\/100\n|switch|p2a: Scizor|Scizor, L50, F|100\/100\n|switch|p2b: Garchomp|Garchomp, L50, F|100\/100\n|turn|1\n|inactive|winnie1906 has 30 seconds left.\n|inactive|winnie1906 has 20 seconds left.\n|inactive|winnie1906 has 15 seconds left.\n|inactive|winnie1906 has 10 seconds left.\n|inactive|winnie1906 has 5 seconds left.\n|\n|t:|1683111949\n|switch|p1b: Incincanine|Arcanine, L50, F|100\/100\n|-ability|p1b: Incincanine|Intimidate|boost\n|-unboost|p2a: Scizor|atk|1\n|-unboost|p2b: Garchomp|atk|1\n|move|p2b: Garchomp|Protect|p2b: Garchomp\n|-singleturn|p2b: Garchomp|Protect\n|move|p1a: Fineas|Wave Crash|p2a: Scizor\n|-damage|p2a: Scizor|36\/100\n|-damage|p1a: Fineas|82\/100|[from] Recoil\n|move|p2a: Scizor|Close Combat|p1b: Incincanine\n|-damage|p1b: Incincanine|59\/100\n|-unboost|p2a: Scizor|def|1\n|-unboost|p2a: Scizor|spd|1\n|-damage|p2a: Scizor|26\/100|[from] item: Life Orb\n|\n|upkeep\n|turn|2\n|inactive|PixelDupe1 has 30 seconds left.\n|inactive|winnie1906 has 30 seconds left.\n|\n|t:|1683111981\n|detailschange|p1a: Fineas|Palafin-Hero, L50, M\n|switch|p1a: Baxcalibur|Baxcalibur, L50, F|100\/100\n|switch|p2a: Hydreigon|Hydreigon, L50, F|100\/100\n|move|p1b: Incincanine|Flare Blitz|p2a: Hydreigon\n|-resisted|p2a: Hydreigon\n|-crit|p2a: Hydreigon\n|-damage|p2a: Hydreigon|58\/100\n|-damage|p1b: Incincanine|46\/100|[from] Recoil\n|move|p2b: Garchomp|Earthquake|p1b: Incincanine|[spread] p1a,p1b\n|-immune|p2a: Hydreigon|[from] ability: Levitate\n|-supereffective|p1b: Incincanine\n|-damage|p1a: Baxcalibur|77\/100\n|-damage|p1b: Incincanine|0 fnt\n|faint|p1b: Incincanine\n|\n|upkeep\n|\n|t:|1683111997\n|switch|p1b: Mischief|Flutter Mane, L50|100\/100\n|-enditem|p1b: Mischief|Booster Energy\n|-activate|p1b: Mischief|ability: Protosynthesis|[fromitem]\n|-start|p1b: Mischief|protosynthesisspa\n|turn|3\n|inactive|PixelDupe1 has 30 seconds left.\n|inactive|PixelDupe1 has 20 seconds left.\n|\n|t:|1683112032\n|-terastallize|p2a: Hydreigon|Fire\n|move|p1b: Mischief|Protect|p1b: Mischief\n|-singleturn|p1b: Mischief|Protect\n|move|p2b: Garchomp|Earthquake|p1a: Baxcalibur|[spread] p1a\n|-activate|p1b: Mischief|move: Protect\n|-immune|p2a: Hydreigon|[from] ability: Levitate\n|-damage|p1a: Baxcalibur|49\/100\n|move|p2a: Hydreigon|Heat Wave|p1a: Baxcalibur|[spread] p1a\n|-activate|p1b: Mischief|move: Protect\n|-crit|p1a: Baxcalibur\n|-damage|p1a: Baxcalibur|13\/100\n|-ability|p1a: Baxcalibur|Thermal Exchange|boost\n|-boost|p1a: Baxcalibur|atk|1\n|move|p1a: Baxcalibur|Earthquake|p2a: Hydreigon|[spread] p2b\n|-activate|p1b: Mischief|move: Protect\n|-immune|p2a: Hydreigon|[from] ability: Levitate\n|-damage|p2b: Garchomp|59\/100\n|\n|-heal|p2b: Garchomp|65\/100|[from] item: Leftovers\n|upkeep\n|turn|4\n|inactive|PixelDupe1 has 30 seconds left.\n|inactive|winnie1906 has 30 seconds left.\n|\n|t:|1683112059\n|-terastallize|p1b: Mischief|Fairy\n|move|p2b: Garchomp|Protect|p2b: Garchomp\n|-singleturn|p2b: Garchomp|Protect\n|move|p1b: Mischief|Dazzling Gleam|p2a: Hydreigon|[spread] p2a\n|-activate|p2b: Garchomp|move: Protect\n|-resisted|p2a: Hydreigon\n|-damage|p2a: Hydreigon|33\/100\n|move|p2a: Hydreigon|Heat Wave|p1a: Baxcalibur|[spread] p1a,p1b\n|-damage|p1a: Baxcalibur|0 fnt\n|-damage|p1b: Mischief|63\/100\n|faint|p1a: Baxcalibur\n|\n|-heal|p2b: Garchomp|71\/100|[from] item: Leftovers\n|upkeep\n|\n|t:|1683112069\n|switch|p1a: Fineas|Palafin-Hero, L50, M|82\/100\n|-activate|p1a: Fineas|ability: Zero to Hero\n|turn|5\n|inactive|winnie1906 has 30 seconds left.\n|inactive|winnie1906 has 20 seconds left.\n|\n|t:|1683112108\n|switch|p2a: Maushold|Maushold-Four, L50|100\/100\n|move|p1a: Fineas|Jet Punch|p2a: Maushold\n|-damage|p2a: Maushold|24\/100\n|move|p1b: Mischief|Moonblast|p2b: Garchomp\n|-supereffective|p2b: Garchomp\n|-damage|p2b: Garchomp|0 fnt\n|faint|p2b: Garchomp\n|\n|upkeep\n|c|\u2606winnie1906|ahh that must be a high roll x_x\n|inactive|winnie1906 has 30 seconds left.\n|inactive|winnie1906 has 20 seconds left.\n|\n|t:|1683112146\n|switch|p2b: Scizor|Scizor, L50, F|26\/100\n|turn|6\n|inactive|winnie1906 has 30 seconds left.\n|\n|t:|1683112179\n|move|p1b: Mischief|Protect|p1b: Mischief\n|-singleturn|p1b: Mischief|Protect\n|move|p2b: Scizor|Protect|p2b: Scizor\n|-singleturn|p2b: Scizor|Protect\n|move|p1a: Fineas|Jet Punch|p2b: Scizor\n|-activate|p2b: Scizor|move: Protect\n|move|p2a: Maushold|Super Fang|p1a: Fineas\n|-damage|p1a: Fineas|41\/100\n|\n|upkeep\n|turn|7\n|\n|t:|1683112192\n|move|p1b: Mischief|Protect||[still]\n|-fail|p1b: Mischief\n|move|p2a: Maushold|Follow Me|p2a: Maushold\n|-singleturn|p2a: Maushold|move: Follow Me\n|move|p1a: Fineas|Jet Punch|p2a: Maushold\n|-damage|p2a: Maushold|0 fnt\n|faint|p2a: Maushold\n|move|p2b: Scizor|Bullet Punch|p1b: Mischief\n|-supereffective|p1b: Mischief\n|-damage|p1b: Mischief|0 fnt\n|faint|p1b: Mischief\n|-end|p1b: Mischief|Protosynthesis|[silent]\n|-damage|p2b: Scizor|17\/100|[from] item: Life Orb\n|\n|upkeep\n|\n|t:|1683112202\n|switch|p2a: Hydreigon|Hydreigon, L50, F, tera:Fire|33\/100\n|turn|8\n|\n|t:|1683112209\n|move|p1a: Fineas|Jet Punch|p2b: Scizor\n|-damage|p2b: Scizor|0 fnt\n|faint|p2b: Scizor\n|move|p2a: Hydreigon|Draco Meteor|p1a: Fineas\n|-damage|p1a: Fineas|0 fnt\n|-unboost|p2a: Hydreigon|spa|2\n|faint|p1a: Fineas\n|\n|win|winnie1906\n|n|\u2606PixelDupe1|pixeldupe1\n|n|\u2606winnie1906|winnie1906\n|c|\u2606winnie1906|ggs\n|c|\u2606PixelDupe1|gg\n|j| Galactichawkie890\n","uploadtime":1683112210,"views":7,"p1id":"pixeldupe1","p2id":"winnie1906","formatid":"gen9vgc2023regulationc","rating":0,"private":0,"password":""}