{"id":"gen9vgc2023regulationc-1850433978","p1":"Zenchaos","p2":"champ49","format":"[Gen 9] VGC 2023 Regulation C","log":"|j|\u2606Zenchaos\n|j|\u2606champ49\n|t:|1682336192\n|gametype|doubles\n|player|p1|Zenchaos|169|1428\n|player|p2|champ49|266|1346\n|teamsize|p1|6\n|teamsize|p2|6\n|gen|9\n|tier|[Gen 9] VGC 2023 Regulation C\n|rated|\n|rule|Species Clause: Limit one of each Pok\u00e9mon\n|rule|Item Clause: Limit one of each item\n|clearpoke\n|poke|p1|Ting-Lu, L50|\n|poke|p1|Wo-Chien, L50|\n|poke|p1|Gholdengo, L50|\n|poke|p1|Glimmora, L50, F|\n|poke|p1|Arcanine, L50, M|\n|poke|p1|Garganacl, L50, F|\n|poke|p2|Palafin, L50, F|\n|poke|p2|Amoonguss, L50, M|\n|poke|p2|Arcanine, L50, F|\n|poke|p2|Corviknight, L50, F|\n|poke|p2|Garchomp, L50, M|\n|poke|p2|Flutter Mane, L50|\n|teampreview|4\nchamp49 has agreed to open team sheets.\nZenchaos has agreed to open team sheets.\n|inactive|Battle timer is ON: inactive players will automatically lose when time's up. (requested by Zenchaos)\n|\n|t:|1682336259\n|start\n|switch|p1a: Gholdengo|Gholdengo, L50|100\/100\n|switch|p1b: Glimmora|Glimmora, L50, F|100\/100\n|switch|p2a: Corviknight|Corviknight, L50, F|100\/100\n|switch|p2b: Palafin|Palafin, L50, F|100\/100\n|turn|1\n|inactive|Zenchaos has 30 seconds left.\n|inactive|champ49 has 30 seconds left.\n|inactive|Zenchaos has 20 seconds left.\n|inactive|Zenchaos has 15 seconds left.\n|inactive|Zenchaos has 10 seconds left.\n|inactive|Zenchaos has 5 seconds left.\n|\n|t:|1682336312\n|detailschange|p2b: Palafin|Palafin-Hero, L50, F\n|switch|p2b: Garchomp|Garchomp, L50, M|100\/100\n|move|p1b: Glimmora|Reflect|p1b: Glimmora\n|-sidestart|p1: Zenchaos|Reflect\n|move|p1a: Gholdengo|Make It Rain|p2b: Garchomp|[spread] p2a,p2b\n|-resisted|p2a: Corviknight\n|-damage|p2a: Corviknight|85\/100\n|-damage|p2b: Garchomp|59\/100\n|-unboost|p1a: Gholdengo|spa|1\n|move|p2a: Corviknight|Tailwind|p2a: Corviknight\n|-sidestart|p2: champ49|move: Tailwind\n|\n|upkeep\n|turn|2\n|inactive|champ49 has 30 seconds left.\n|\n|t:|1682336344\n|switch|p1a: Wo-Chien|Wo-Chien, L50|100\/100\n|-ability|p1a: Wo-Chien|Tablets of Ruin\n|-terastallize|p1b: Glimmora|Grass\n|move|p2b: Garchomp|Earthquake|p1b: Glimmora|[spread] p1a,p1b\n|-immune|p2a: Corviknight\n|-resisted|p1a: Wo-Chien\n|-resisted|p1b: Glimmora\n|-damage|p1a: Wo-Chien|91\/100\n|-damage|p1b: Glimmora|91\/100\n|-activate|p1b: Glimmora|ability: Toxic Debris\n|-sidestart|p2: champ49|move: Toxic Spikes\n|move|p2a: Corviknight|Taunt|p1b: Glimmora\n|-start|p1b: Glimmora|move: Taunt\n|move|p1b: Glimmora|Mortal Spin|p2b: Garchomp|[spread] p2b\n|-immune|p2a: Corviknight\n|-resisted|p2b: Garchomp\n|-damage|p2b: Garchomp|58\/100\n|-status|p2b: Garchomp|psn\n|-damage|p1b: Glimmora|79\/100|[from] ability: Rough Skin|[of] p2b: Garchomp\n|\n|-heal|p1a: Wo-Chien|97\/100|[from] item: Leftovers\n|-damage|p2b: Garchomp|45\/100 psn|[from] psn\n|upkeep\n|turn|3\n|\n|t:|1682336368\n|switch|p1b: Gholdengo|Gholdengo, L50|100\/100\n|move|p2b: Garchomp|Rock Slide|p1b: Gholdengo|[spread] p1a,p1b\n|-resisted|p1b: Gholdengo\n|-damage|p1a: Wo-Chien|87\/100\n|-damage|p1b: Gholdengo|97\/100\n|move|p2a: Corviknight|Taunt|p1a: Wo-Chien\n|-start|p1a: Wo-Chien|move: Taunt\n|move|p1a: Wo-Chien|Foul Play|p2b: Garchomp\n|-damage|p2b: Garchomp|0 fnt\n|-damage|p1a: Wo-Chien|74\/100|[from] ability: Rough Skin|[of] p2b: Garchomp\n|faint|p2b: Garchomp\n|\n|-heal|p1a: Wo-Chien|81\/100|[from] item: Leftovers\n|upkeep\n|\n|t:|1682336389\n|switch|p2b: Amoonguss|Amoonguss, L50, M|100\/100\n|-sideend|p2: champ49|move: Toxic Spikes|[of] p2b: Amoonguss\n|turn|4\n|\n|t:|1682336402\n|move|p2a: Corviknight|Brave Bird|p1a: Wo-Chien\n|-supereffective|p1a: Wo-Chien\n|-damage|p1a: Wo-Chien|39\/100\n|-damage|p2a: Corviknight|72\/100|[from] Recoil\n|move|p2b: Amoonguss|Pollen Puff|p1a: Wo-Chien\n|-supereffective|p1a: Wo-Chien\n|-damage|p1a: Wo-Chien|0 fnt\n|faint|p1a: Wo-Chien\n|move|p1b: Gholdengo|Nasty Plot|p1b: Gholdengo\n|-boost|p1b: Gholdengo|spa|2\n|\n|-sideend|p2: champ49|move: Tailwind\n|upkeep\n|\n|t:|1682336413\n|switch|p1a: Garganacl|Garganacl, L50, F|100\/100\n|turn|5\n|\n|t:|1682336429\n|move|p2b: Amoonguss|Protect|p2b: Amoonguss\n|-singleturn|p2b: Amoonguss|Protect\n|move|p1b: Gholdengo|Nasty Plot|p1b: Gholdengo\n|-boost|p1b: Gholdengo|spa|2\n|move|p2a: Corviknight|Tailwind|p2a: Corviknight\n|-sidestart|p2: champ49|move: Tailwind\n|move|p1a: Garganacl|Salt Cure|p2a: Corviknight\n|-damage|p2a: Corviknight|59\/100\n|-start|p2a: Corviknight|Salt Cure\n|\n|-damage|p2a: Corviknight|34\/100|[from] Salt Cure\n|upkeep\n|turn|6\n|inactive|champ49 has 30 seconds left.\n|inactive|champ49 has 20 seconds left.\n|inactive|champ49 has 15 seconds left.\n|\n|t:|1682336470\n|switch|p2b: Palafin|Palafin-Hero, L50, F|100\/100\n|-activate|p2b: Palafin|ability: Zero to Hero\n|move|p2a: Corviknight|Taunt|p1b: Gholdengo\n|-immune|p1b: Gholdengo|[from] ability: Good as Gold\n|move|p1b: Gholdengo|Recover|p1b: Gholdengo\n|-heal|p1b: Gholdengo|100\/100\n|move|p1a: Garganacl|Salt Cure|p2b: Palafin\n|-damage|p2b: Palafin|87\/100\n|-start|p2b: Palafin|Salt Cure\n|\n|-damage|p2b: Palafin|62\/100|[from] Salt Cure\n|-damage|p2a: Corviknight|10\/100|[from] Salt Cure\n|upkeep\n|turn|7\n|\n|t:|1682336485\n|switch|p2a: Amoonguss|Amoonguss, L50, M|100\/100\n|-terastallize|p2b: Palafin|Water\n|move|p2b: Palafin|Wave Crash|p1b: Gholdengo\n|-damage|p1b: Gholdengo|39\/100\n|-damage|p2b: Palafin|43\/100|[from] Recoil\n|move|p1b: Gholdengo|Make It Rain|p2a: Amoonguss|[spread] p2a,p2b\n|-resisted|p2b: Palafin\n|-damage|p2a: Amoonguss|2\/100\n|-damage|p2b: Palafin|0 fnt\n|-unboost|p1b: Gholdengo|spa|1\n|-enditem|p2a: Amoonguss|Sitrus Berry|[eat]\n|-heal|p2a: Amoonguss|27\/100|[from] item: Sitrus Berry\n|faint|p2b: Palafin\n|move|p1a: Garganacl|Salt Cure|p2a: Amoonguss\n|-damage|p2a: Amoonguss|15\/100\n|-start|p2a: Amoonguss|Salt Cure\n|\n|-damage|p2a: Amoonguss|3\/100|[from] Salt Cure\n|upkeep\n|\n|t:|1682336495\n|switch|p2b: Corviknight|Corviknight, L50, F|10\/100\n|turn|8\n|-message|champ49 forfeited.\n|\n|win|Zenchaos\n|raw|Zenchaos's rating: 1428 → 1443<\/strong> (+15 for winning)\n|raw|champ49's rating: 1346 → 1331<\/strong> (-15 for losing)\n|l|\u2606champ49\n","uploadtime":1682336498,"views":24,"p1id":"zenchaos","p2id":"champ49","formatid":"gen9vgc2023regulationc","rating":1331,"private":0,"password":""}