{"id":"gen9vgc2023regulationc-1857059403","p1":"leolc0926","p2":"Kradpkmn","format":"[Gen 9] VGC 2023 Regulation C","log":"|j|\u2606leolc0926\n|j|\u2606Kradpkmn\n|t:|1683141810\n|gametype|doubles\n|player|p1|leolc0926|steven|1247\n|player|p2|Kradpkmn|cynthia-gen4|1232\n|teamsize|p1|6\n|teamsize|p2|6\n|gen|9\n|tier|[Gen 9] VGC 2023 Regulation C\n|rated|\n|rule|Species Clause: Limit one of each Pok\u00e9mon\n|rule|Item Clause: Limit one of each item\n|clearpoke\n|poke|p1|Roaring Moon, L50|\n|poke|p1|Arcanine, L50, M|\n|poke|p1|Palafin, L50, F|\n|poke|p1|Amoonguss, L50, F|\n|poke|p1|Flutter Mane, L50|\n|poke|p1|Ting-Lu, L50|\n|poke|p2|Abomasnow, L50, F|\n|poke|p2|Iron Bundle, L50|\n|poke|p2|Gengar, L50, M|\n|poke|p2|Chi-Yu, L50|\n|poke|p2|Ting-Lu, L50|\n|poke|p2|Dragonite, L50, F|\n|teampreview|4\nKradpkmn has agreed to open team sheets.\nleolc0926 has agreed to open team sheets.\n|\n|t:|1683141851\n|start\n|switch|p1a: Palafin|Palafin, L50, F|100\/100\n|switch|p1b: \u53e4\u9f0e\u4fa0|Ting-Lu, L50|100\/100\n|switch|p2a: Abomasnow|Abomasnow, L50, F|100\/100\n|switch|p2b: Iron Bundle|Iron Bundle, L50|100\/100\n|-weather|Snow|[from] ability: Snow Warning|[of] p2a: Abomasnow\n|-ability|p1b: \u53e4\u9f0e\u4fa0|Vessel of Ruin\n|-enditem|p2b: Iron Bundle|Booster Energy\n|-activate|p2b: Iron Bundle|ability: Quark Drive|[fromitem]\n|-start|p2b: Iron Bundle|quarkdrivespe\n|turn|1\n|\n|t:|1683141873\n|detailschange|p1a: Palafin|Palafin-Hero, L50, F\n|switch|p1a: \u75af\u72d7\u4fa0|Arcanine, L50, M, shiny|100\/100\n|-ability|p1a: \u75af\u72d7\u4fa0|Intimidate|boost\n|-unboost|p2a: Abomasnow|atk|1\n|-unboost|p2b: Iron Bundle|atk|1\n|-terastallize|p2a: Abomasnow|Water\n|-terastallize|p1b: \u53e4\u9f0e\u4fa0|Poison\n|move|p2b: Iron Bundle|Hydro Pump|p1b: \u53e4\u9f0e\u4fa0\n|-damage|p1b: \u53e4\u9f0e\u4fa0|82\/100\n|move|p2a: Abomasnow|Aurora Veil|p2a: Abomasnow\n|-sidestart|p2: Kradpkmn|move: Aurora Veil\n|move|p1b: \u53e4\u9f0e\u4fa0|Ruination|p2b: Iron Bundle\n|-damage|p2b: Iron Bundle|51\/100\n|\n|-weather|Snow|[upkeep]\n|upkeep\n|turn|2\n|\n|t:|1683141891\n|move|p1a: \u75af\u72d7\u4fa0|Protect|p1a: \u75af\u72d7\u4fa0\n|-singleturn|p1a: \u75af\u72d7\u4fa0|Protect\n|move|p2b: Iron Bundle|Hydro Pump|p1a: \u75af\u72d7\u4fa0\n|-activate|p1a: \u75af\u72d7\u4fa0|move: Protect\n|move|p2a: Abomasnow|Blizzard|p1a: \u75af\u72d7\u4fa0|[spread] p1b\n|-activate|p1a: \u75af\u72d7\u4fa0|move: Protect\n|-damage|p1b: \u53e4\u9f0e\u4fa0|65\/100\n|-damage|p2a: Abomasnow|91\/100|[from] item: Life Orb\n|move|p1b: \u53e4\u9f0e\u4fa0|Ruination|p2a: Abomasnow|[miss]\n|-miss|p1b: \u53e4\u9f0e\u4fa0|p2a: Abomasnow\n|\n|-weather|Snow|[upkeep]\n|upkeep\n|turn|3\n|\n|t:|1683141910\n|move|p2b: Iron Bundle|Hydro Pump|p1a: \u75af\u72d7\u4fa0|[miss]\n|-miss|p2b: Iron Bundle|p1a: \u75af\u72d7\u4fa0\n|move|p1a: \u75af\u72d7\u4fa0|Flare Blitz|p2b: Iron Bundle\n|-crit|p2b: Iron Bundle\n|-damage|p2b: Iron Bundle|0 fnt\n|faint|p2b: Iron Bundle\n|-end|p2b: Iron Bundle|Quark Drive|[silent]\n|-damage|p1a: \u75af\u72d7\u4fa0|89\/100|[from] Recoil\n|move|p2a: Abomasnow|Blizzard|p1b: \u53e4\u9f0e\u4fa0|[spread] p1a,p1b\n|-resisted|p1a: \u75af\u72d7\u4fa0\n|-damage|p1a: \u75af\u72d7\u4fa0|68\/100\n|-damage|p1b: \u53e4\u9f0e\u4fa0|48\/100\n|-damage|p2a: Abomasnow|81\/100|[from] item: Life Orb\n|move|p1b: \u53e4\u9f0e\u4fa0|Ruination|p2a: Abomasnow|[miss]\n|-miss|p1b: \u53e4\u9f0e\u4fa0|p2a: Abomasnow\n|\n|-weather|Snow|[upkeep]\n|upkeep\n|\n|t:|1683141936\n|switch|p2b: Chi-Yu|Chi-Yu, L50|100\/100\n|-ability|p2b: Chi-Yu|Beads of Ruin\n|turn|4\n|\n|t:|1683141951\n|move|p1a: \u75af\u72d7\u4fa0|Protect|p1a: \u75af\u72d7\u4fa0\n|-singleturn|p1a: \u75af\u72d7\u4fa0|Protect\n|move|p2b: Chi-Yu|Heat Wave|p1a: \u75af\u72d7\u4fa0|[spread] p1b\n|-activate|p1a: \u75af\u72d7\u4fa0|move: Protect\n|-damage|p1b: \u53e4\u9f0e\u4fa0|31\/100\n|move|p2a: Abomasnow|Blizzard|p1a: \u75af\u72d7\u4fa0|[spread] p1b\n|-activate|p1a: \u75af\u72d7\u4fa0|move: Protect\n|-damage|p1b: \u53e4\u9f0e\u4fa0|8\/100\n|-damage|p2a: Abomasnow|72\/100|[from] item: Life Orb\n|move|p1b: \u53e4\u9f0e\u4fa0|Ruination|p2a: Abomasnow\n|-damage|p2a: Abomasnow|36\/100\n|\n|-weather|Snow|[upkeep]\n|upkeep\n|turn|5\n|\n|t:|1683141991\n|switch|p1b: Palafin|Palafin-Hero, L50, F|100\/100\n|-activate|p1b: Palafin|ability: Zero to Hero\n|move|p1a: \u75af\u72d7\u4fa0|Extreme Speed|p2a: Abomasnow\n|-damage|p2a: Abomasnow|16\/100\n|move|p2b: Chi-Yu|Dark Pulse|p1a: \u75af\u72d7\u4fa0\n|-damage|p1a: \u75af\u72d7\u4fa0|6\/100\n|move|p2a: Abomasnow|Blizzard|p1b: Palafin|[spread] p1a,p1b\n|-resisted|p1a: \u75af\u72d7\u4fa0\n|-resisted|p1b: Palafin\n|-damage|p1a: \u75af\u72d7\u4fa0|0 fnt\n|-damage|p1b: Palafin|69\/100\n|faint|p1a: \u75af\u72d7\u4fa0\n|-damage|p2a: Abomasnow|6\/100|[from] item: Life Orb\n|\n|-weather|none\n|-sideend|p2: Kradpkmn|move: Aurora Veil\n|upkeep\n|\n|t:|1683142001\n|switch|p1a: \u632f\u7ffc\u4fa0|Flutter Mane, L50, shiny|100\/100\n|turn|6\n|\n|t:|1683142012\n|move|p1b: Palafin|Jet Punch|p2b: Chi-Yu\n|-supereffective|p2b: Chi-Yu\n|-enditem|p2b: Chi-Yu|Focus Sash\n|-damage|p2b: Chi-Yu|1\/100\n|move|p1a: \u632f\u7ffc\u4fa0|Moonblast|p2a: Abomasnow\n|-damage|p2a: Abomasnow|0 fnt\n|faint|p2a: Abomasnow\n|move|p2b: Chi-Yu|Dark Pulse|p1a: \u632f\u7ffc\u4fa0\n|-damage|p1a: \u632f\u7ffc\u4fa0|44\/100\n|\n|upkeep\n|\n|t:|1683142021\n|switch|p2a: Gengar|Gengar, L50, M|100\/100\n|turn|7\n|\n|t:|1683142028\n|move|p1b: Palafin|Jet Punch|p2a: Gengar\n|-damage|p2a: Gengar|9\/100\n|-start|p1b: Palafin|Disable|Jet Punch|[from] ability: Cursed Body|[of] p2a: Gengar\n|move|p2a: Gengar|Thunderbolt|p1b: Palafin\n|-supereffective|p1b: Palafin\n|-damage|p1b: Palafin|0 fnt\n|faint|p1b: Palafin\n|move|p1a: \u632f\u7ffc\u4fa0|Moonblast|p2b: Chi-Yu\n|-damage|p2b: Chi-Yu|0 fnt\n|faint|p2b: Chi-Yu\n|\n|upkeep\n|\n|t:|1683142031\n|switch|p1b: \u53e4\u9f0e\u4fa0|Ting-Lu, L50, tera:Poison|8\/100\n|-ability|p1b: \u53e4\u9f0e\u4fa0|Vessel of Ruin\n|turn|8\n|-message|Kradpkmn forfeited.\n|\n|win|leolc0926\n|raw|leolc0926's rating: 1247 → 1271<\/strong> (+24 for winning)\n|raw|Kradpkmn's rating: 1232 → 1208<\/strong> (-24 for losing)\n|l|\u2606Kradpkmn\n|c|\u2606leolc0926|gg\n","uploadtime":1683142061,"views":12,"p1id":"leolc0926","p2id":"kradpkmn","formatid":"gen9vgc2023regulationc","rating":1208,"private":0,"password":""}