{"id":"gen9vgc2023regulationc-1858791775","p1":"Crebnar","p2":"LunaT909","format":"[Gen 9] VGC 2023 Regulation C","log":"|j|\u2606Crebnar\n|j|\u2606LunaT909\n|t:|1683362043\n|gametype|doubles\n|player|p1|Crebnar|170|1304\n|player|p2|LunaT909|caitlin|1388\n|teamsize|p1|6\n|teamsize|p2|6\n|gen|9\n|tier|[Gen 9] VGC 2023 Regulation C\n|rated|\n|rule|Species Clause: Limit one of each Pok\u00e9mon\n|rule|Item Clause: Limit one of each item\n|clearpoke\n|poke|p1|Abomasnow, L50, F|\n|poke|p1|Iron Bundle, L50|\n|poke|p1|Talonflame, L50, M|\n|poke|p1|Great Tusk, L50|\n|poke|p1|Roaring Moon, L50|\n|poke|p1|Amoonguss, L50, F|\n|poke|p2|Garganacl, L50, F|\n|poke|p2|Ting-Lu, L50|\n|poke|p2|Amoonguss, L50, M|\n|poke|p2|Flutter Mane, L50|\n|poke|p2|Annihilape, L50, M|\n|poke|p2|Iron Bundle, L50|\n|teampreview|4\n|inactive|Battle timer is ON: inactive players will automatically lose when time's up. (requested by LunaT909)\nCrebnar has agreed to open team sheets.\n|inactive|Crebnar has 60 seconds left.\n|inactive|LunaT909 has 60 seconds left.\n|c|\u2606Crebnar|why does no one accept open team sheets on here\n|\n|t:|1683362101\n|start\n|switch|p1a: Abomasnow|Abomasnow, L50, F|100\/100\n|switch|p1b: Iron Bundle|Iron Bundle, L50|100\/100\n|switch|p2a: Annihilape|Annihilape, L50, M|100\/100\n|switch|p2b: Garganacl|Garganacl, L50, F|100\/100\n|-weather|Snow|[from] ability: Snow Warning|[of] p1a: Abomasnow\n|-enditem|p1b: Iron Bundle|Booster Energy\n|-activate|p1b: Iron Bundle|ability: Quark Drive|[fromitem]\n|-start|p1b: Iron Bundle|quarkdrivespe\n|turn|1\n|\n|t:|1683362116\n|-terastallize|p2b: Garganacl|Water\n|move|p1b: Iron Bundle|Aurora Veil|p1b: Iron Bundle\n|-sidestart|p1: Crebnar|move: Aurora Veil\n|move|p2a: Annihilape|Final Gambit|p1b: Iron Bundle\n|-damage|p1b: Iron Bundle|0 fnt\n|faint|p2a: Annihilape\n|faint|p1b: Iron Bundle\n|-end|p1b: Iron Bundle|Quark Drive|[silent]\n|move|p1a: Abomasnow|Energy Ball|p2b: Garganacl\n|-supereffective|p2b: Garganacl\n|-damage|p2b: Garganacl|25\/100\n|-damage|p1a: Abomasnow|91\/100|[from] item: Life Orb\n|move|p2b: Garganacl|Salt Cure|p1a: Abomasnow\n|-supereffective|p1a: Abomasnow\n|-damage|p1a: Abomasnow|76\/100\n|-start|p1a: Abomasnow|Salt Cure\n|\n|-weather|Snow|[upkeep]\n|-heal|p2b: Garganacl|31\/100|[from] item: Leftovers\n|-damage|p1a: Abomasnow|64\/100|[from] Salt Cure\n|upkeep\n|\n|t:|1683362133\n|switch|p1b: Amoonguss|Amoonguss, L50, F|100\/100\n|switch|p2a: Amoonguss|Amoonguss, L50, M|100\/100\n|turn|2\n|inactive|LunaT909 has 30 seconds left.\n|\n|t:|1683362164\n|move|p2b: Garganacl|Protect|p2b: Garganacl\n|-singleturn|p2b: Garganacl|Protect\n|move|p1a: Abomasnow|Energy Ball|p2b: Garganacl\n|-activate|p2b: Garganacl|move: Protect\n|move|p1b: Amoonguss|Pollen Puff|p1a: Abomasnow\n|-heal|p1a: Abomasnow|100\/100\n|move|p2a: Amoonguss|Pollen Puff|p1a: Abomasnow\n|-supereffective|p1a: Abomasnow\n|-damage|p1a: Abomasnow|76\/100\n|\n|-weather|Snow|[upkeep]\n|-heal|p2b: Garganacl|37\/100|[from] item: Leftovers\n|-damage|p1a: Abomasnow|63\/100|[from] Salt Cure\n|upkeep\n|turn|3\n|inactive|LunaT909 has 30 seconds left.\n|inactive|LunaT909 has 20 seconds left.\n|\n|t:|1683362200\n|switch|p2b: Flutter Mane|Flutter Mane, L50|100\/100\n|move|p1a: Abomasnow|Energy Ball|p2b: Flutter Mane\n|-damage|p2b: Flutter Mane|40\/100\n|-unboost|p2b: Flutter Mane|spd|1\n|-damage|p1a: Abomasnow|54\/100|[from] item: Life Orb\n|move|p1b: Amoonguss|Pollen Puff|p1a: Abomasnow\n|-heal|p1a: Abomasnow|100\/100\n|move|p2a: Amoonguss|Pollen Puff|p2b: Flutter Mane\n|-heal|p2b: Flutter Mane|90\/100\n|\n|-weather|Snow|[upkeep]\n|-damage|p1a: Abomasnow|88\/100|[from] Salt Cure\n|upkeep\n|turn|4\n|\n|t:|1683362219\n|-end|p2b: Flutter Mane|Protosynthesis|[silent]\n|switch|p2b: Garganacl|Garganacl, L50, F, tera:Water|37\/100\n|move|p1b: Amoonguss|Rage Powder|p1b: Amoonguss\n|-singleturn|p1b: Amoonguss|move: Rage Powder\n|move|p1a: Abomasnow|Blizzard|p2b: Garganacl|[spread] p2a,p2b\n|-supereffective|p2a: Amoonguss\n|-resisted|p2b: Garganacl\n|-damage|p2a: Amoonguss|8\/100\n|-damage|p2b: Garganacl|22\/100\n|-damage|p1a: Abomasnow|79\/100|[from] item: Life Orb\n|move|p2a: Amoonguss|Pollen Puff|p2b: Garganacl\n|-heal|p2b: Garganacl|72\/100\n|\n|-weather|Snow|[upkeep]\n|-heal|p2b: Garganacl|77\/100|[from] item: Leftovers\n|-damage|p1a: Abomasnow|66\/100|[from] Salt Cure\n|upkeep\n|turn|5\n|inactive|LunaT909 has 30 seconds left.\n|\n|t:|1683362253\n|move|p1a: Abomasnow|Energy Ball|p2b: Garganacl\n|-supereffective|p2b: Garganacl\n|-damage|p2b: Garganacl|4\/100\n|-damage|p1a: Abomasnow|57\/100|[from] item: Life Orb\n|move|p2b: Garganacl|Salt Cure|p1b: Amoonguss\n|-damage|p1b: Amoonguss|92\/100\n|-start|p1b: Amoonguss|Salt Cure\n|move|p1b: Amoonguss|Pollen Puff|p2a: Amoonguss\n|-damage|p2a: Amoonguss|0 fnt\n|faint|p2a: Amoonguss\n|\n|-weather|none\n|-heal|p2b: Garganacl|10\/100|[from] item: Leftovers\n|-damage|p1a: Abomasnow|45\/100|[from] Salt Cure\n|-damage|p1b: Amoonguss|80\/100|[from] Salt Cure\n|-sideend|p1: Crebnar|move: Aurora Veil\n|upkeep\n|\n|t:|1683362257\n|switch|p2a: Flutter Mane|Flutter Mane, L50|90\/100\n|turn|6\n|inactive|Crebnar has 30 seconds left.\n|\n|t:|1683362286\n|move|p1a: Abomasnow|Protect|p1a: Abomasnow\n|-singleturn|p1a: Abomasnow|Protect\n|move|p2a: Flutter Mane|Dazzling Gleam|p1a: Abomasnow|[spread] p1b\n|-activate|p1a: Abomasnow|move: Protect\n|-resisted|p1b: Amoonguss\n|-damage|p1b: Amoonguss|60\/100\n|move|p2b: Garganacl|Recover|p2b: Garganacl\n|-heal|p2b: Garganacl|60\/100\n|move|p1b: Amoonguss|Spore|p2a: Flutter Mane\n|-status|p2a: Flutter Mane|slp|[from] move: Spore\n|\n|-heal|p2b: Garganacl|66\/100|[from] item: Leftovers\n|-damage|p1a: Abomasnow|32\/100|[from] Salt Cure\n|-damage|p1b: Amoonguss|48\/100|[from] Salt Cure\n|upkeep\n|-enditem|p1b: Amoonguss|Sitrus Berry|[eat]\n|-heal|p1b: Amoonguss|72\/100|[from] item: Sitrus Berry\n|turn|7\n|\n|t:|1683362299\n|move|p2b: Garganacl|Protect|p2b: Garganacl\n|-singleturn|p2b: Garganacl|Protect\n|cant|p2a: Flutter Mane|slp\n|move|p1a: Abomasnow|Energy Ball|p2b: Garganacl\n|-activate|p2b: Garganacl|move: Protect\n|move|p1b: Amoonguss|Pollen Puff|p1a: Abomasnow\n|-heal|p1a: Abomasnow|82\/100\n|\n|-heal|p2b: Garganacl|72\/100|[from] item: Leftovers\n|-damage|p1a: Abomasnow|70\/100|[from] Salt Cure\n|-damage|p1b: Amoonguss|60\/100|[from] Salt Cure\n|upkeep\n|turn|8\n|\n|t:|1683362315\n|-curestatus|p2a: Flutter Mane|slp|[msg]\n|move|p2a: Flutter Mane|Dazzling Gleam|p1a: Abomasnow|[spread] p1a,p1b\n|-resisted|p1b: Amoonguss\n|-damage|p1a: Abomasnow|27\/100\n|-damage|p1b: Amoonguss|42\/100\n|move|p1a: Abomasnow|Energy Ball|p2b: Garganacl\n|-supereffective|p2b: Garganacl\n|-damage|p2b: Garganacl|4\/100\n|-damage|p1a: Abomasnow|18\/100|[from] item: Life Orb\n|move|p2b: Garganacl|Recover|p2b: Garganacl\n|-heal|p2b: Garganacl|55\/100\n|move|p1b: Amoonguss|Pollen Puff|p1a: Abomasnow\n|-heal|p1a: Abomasnow|68\/100\n|\n|-heal|p2b: Garganacl|60\/100|[from] item: Leftovers\n|-damage|p1a: Abomasnow|55\/100|[from] Salt Cure\n|-damage|p1b: Amoonguss|29\/100|[from] Salt Cure\n|upkeep\n|turn|9\n|inactive|LunaT909 has 30 seconds left.\n|inactive|LunaT909 has 20 seconds left.\n|\n|t:|1683362356\n|switch|p1b: Talonflame|Talonflame, L50, M|100\/100\n|move|p1a: Abomasnow|Protect|p1a: Abomasnow\n|-singleturn|p1a: Abomasnow|Protect\n|move|p2a: Flutter Mane|Dazzling Gleam|p1b: Talonflame|[spread] p1b\n|-activate|p1a: Abomasnow|move: Protect\n|-resisted|p1b: Talonflame\n|-damage|p1b: Talonflame|69\/100\n|move|p2b: Garganacl|Recover|p2b: Garganacl\n|-heal|p2b: Garganacl|100\/100\n|\n|-damage|p1a: Abomasnow|43\/100|[from] Salt Cure\n|upkeep\n|turn|10\n|inactive|Crebnar has 30 seconds left.\n|inactive|Crebnar has 20 seconds left.\n|\n|t:|1683362394\n|switch|p1a: Amoonguss|Amoonguss, L50, F|62\/100\n|move|p1b: Talonflame|Protect|p1b: Talonflame\n|-singleturn|p1b: Talonflame|Protect\n|move|p2a: Flutter Mane|Dazzling Gleam|p1a: Amoonguss|[spread] p1a\n|-activate|p1b: Talonflame|move: Protect\n|-resisted|p1a: Amoonguss\n|-damage|p1a: Amoonguss|42\/100\n|move|p2b: Garganacl|Salt Cure|p1b: Talonflame\n|-activate|p1b: Talonflame|move: Protect\n|\n|upkeep\n|turn|11\n|\n|t:|1683362410\n|move|p2a: Flutter Mane|Dazzling Gleam|p1a: Amoonguss|[spread] p1a,p1b\n|-resisted|p1a: Amoonguss\n|-resisted|p1b: Talonflame\n|-damage|p1a: Amoonguss|22\/100\n|-damage|p1b: Talonflame|37\/100\n|move|p1b: Talonflame|Tailwind|p1b: Talonflame\n|-sidestart|p1: Crebnar|move: Tailwind\n|move|p1a: Amoonguss|Spore|p2a: Flutter Mane\n|-status|p2a: Flutter Mane|slp|[from] move: Spore\n|move|p2b: Garganacl|Salt Cure|p1b: Talonflame\n|-supereffective|p1b: Talonflame\n|-damage|p1b: Talonflame|0 fnt\n|faint|p1b: Talonflame\n|\n|upkeep\n|\n|t:|1683362419\n|switch|p1b: Abomasnow|Abomasnow, L50, F|43\/100\n|-weather|Snow|[from] ability: Snow Warning|[of] p1b: Abomasnow\n|turn|12\n|\n|t:|1683362435\n|move|p2b: Garganacl|Protect|p2b: Garganacl\n|-singleturn|p2b: Garganacl|Protect\n|move|p1a: Amoonguss|Rage Powder|p1a: Amoonguss\n|-singleturn|p1a: Amoonguss|move: Rage Powder\n|cant|p2a: Flutter Mane|slp\n|move|p1b: Abomasnow|Energy Ball|p2b: Garganacl\n|-activate|p2b: Garganacl|move: Protect\n|\n|-weather|Snow|[upkeep]\n|upkeep\n|turn|13\n|inactive|LunaT909 has 30 seconds left.\n|l|\u2606LunaT909\n|inactive|LunaT909 disconnected and has a minute to reconnect!\n|player|p2|\n|inactive|LunaT909 has 20 seconds left.\n|inactive|LunaT909 has 15 seconds left.\n|inactive|LunaT909 has 10 seconds left.\n|inactive|LunaT909 has 5 seconds left.\n|j| mmnsm\n|-message|LunaT909 lost due to inactivity.\n|\n|win|Crebnar\n|raw|Crebnar's rating: 1304 → 1329<\/strong> (+25 for winning)\n|raw|LunaT909's rating: 1388 → 1363<\/strong> (-25 for losing)\n|c|\u2606Crebnar|welp\n|c|\u2606Crebnar|hey there\n|c|\u2606Crebnar|big stall wins again ig\n","uploadtime":1683362543,"views":16,"p1id":"crebnar","p2id":"lunat909","formatid":"gen9vgc2023regulationc","rating":1329,"private":0,"password":""}