{"id":"gen9vgc2023regulationc-1863474998","p1":"Jard13255","p2":"frosh22","format":"[Gen 9] VGC 2023 Regulation C","log":"|j|\u2606Jard13255\n|j|\u2606frosh22\n|t:|1684022299\n|gametype|doubles\n|player|p1|Jard13255|psychic-gen4|1079\n|player|p2|frosh22|cynthia|1157\n|teamsize|p1|6\n|teamsize|p2|6\n|gen|9\n|tier|[Gen 9] VGC 2023 Regulation C\n|rated|\n|rule|Species Clause: Limit one of each Pok\u00e9mon\n|rule|Item Clause: Limit one of each item\n|clearpoke\n|poke|p1|Iron Bundle, L50|\n|poke|p1|Chi-Yu, L50|\n|poke|p1|Dragonite, L50, M|\n|poke|p1|Chien-Pao, L50|\n|poke|p1|Ting-Lu, L50|\n|poke|p1|Orthworm, L50, F|\n|poke|p2|Kingambit, L50, M|\n|poke|p2|Flutter Mane, L50|\n|poke|p2|Iron Hands, L50|\n|poke|p2|Talonflame, L50, F|\n|poke|p2|Garchomp, L50, M|\n|poke|p2|Iron Bundle, L50|\n|teampreview|4\n|inactive|Battle timer is ON: inactive players will automatically lose when time's up. (requested by frosh22)\nJard13255 has agreed to open team sheets.\n|inactive|frosh22 has 60 seconds left.\n|\n|t:|1684022350\n|start\n|switch|p1a: Ting-Lu|Ting-Lu, L50|100\/100\n|switch|p1b: Orthworm|Orthworm, L50, F|100\/100\n|switch|p2a: Iron Hands|Iron Hands, L50|100\/100\n|switch|p2b: Garchomp|Garchomp, L50, M|100\/100\n|-ability|p1a: Ting-Lu|Vessel of Ruin\n|turn|1\n|\n|t:|1684022375\n|move|p2b: Garchomp|Protect|p2b: Garchomp\n|-singleturn|p2b: Garchomp|Protect\n|move|p2a: Iron Hands|Fake Out|p1a: Ting-Lu\n|-damage|p1a: Ting-Lu|90\/100\n|move|p1b: Orthworm|Iron Defense|p1b: Orthworm\n|-boost|p1b: Orthworm|def|2\n|cant|p1a: Ting-Lu|flinch\n|\n|upkeep\n|turn|2\n|inactive|Jard13255 has 30 seconds left.\n|\n|t:|1684022401\n|-terastallize|p1a: Ting-Lu|Ground\n|move|p2b: Garchomp|Rock Slide|p1a: Ting-Lu|[spread] p1a,p1b\n|-resisted|p1a: Ting-Lu\n|-resisted|p1b: Orthworm\n|-damage|p1a: Ting-Lu|85\/100\n|-damage|p1b: Orthworm|97\/100\n|cant|p1b: Orthworm|flinch\n|move|p2a: Iron Hands|Close Combat|p1b: Orthworm\n|-supereffective|p1b: Orthworm\n|-damage|p1b: Orthworm|47\/100\n|-unboost|p2a: Iron Hands|def|1\n|-unboost|p2a: Iron Hands|spd|1\n|-enditem|p1b: Orthworm|Sitrus Berry|[eat]\n|-heal|p1b: Orthworm|72\/100|[from] item: Sitrus Berry\n|move|p1a: Ting-Lu|Earthquake|p2b: Garchomp|[spread] p2a,p2b\n|-heal|p1b: Orthworm|97\/100|[from] ability: Earth Eater|[of] p1a: Ting-Lu\n|-supereffective|p2a: Iron Hands\n|-damage|p2a: Iron Hands|0 fnt\n|-damage|p2b: Garchomp|24\/100\n|faint|p2a: Iron Hands\n|-end|p2a: Iron Hands|Quark Drive|[silent]\n|\n|upkeep\n|\n|t:|1684022424\n|switch|p2a: Kingambit|Kingambit, L50, M|100\/100\n|turn|3\n|\n|t:|1684022436\n|-terastallize|p2a: Kingambit|Flying\n|move|p2b: Garchomp|Rock Slide|p1b: Orthworm|[spread] p1b\n|-miss|p2b: Garchomp|p1a: Ting-Lu\n|-resisted|p1b: Orthworm\n|-damage|p1b: Orthworm|94\/100\n|move|p1b: Orthworm|Body Press|p2a: Kingambit\n|-resisted|p2a: Kingambit\n|-damage|p2a: Kingambit|78\/100\n|move|p2a: Kingambit|Swords Dance|p2a: Kingambit\n|-boost|p2a: Kingambit|atk|2\n|move|p1a: Ting-Lu|Earthquake|p2a: Kingambit|[spread] p2b\n|-heal|p1b: Orthworm|100\/100|[from] ability: Earth Eater|[of] p1a: Ting-Lu\n|-immune|p2a: Kingambit\n|-damage|p2b: Garchomp|0 fnt\n|faint|p2b: Garchomp\n|\n|-heal|p2a: Kingambit|84\/100|[from] item: Leftovers\n|upkeep\n|\n|t:|1684022457\n|switch|p2b: Flutter Mane|Flutter Mane, L50|100\/100\n|turn|4\n|\n|t:|1684022470\n|switch|p1a: Dragonite|Dragonite, L50, M|100\/100\n|move|p2a: Kingambit|Sucker Punch|p1b: Orthworm\n|-damage|p1b: Orthworm|73\/100\n|move|p2b: Flutter Mane|Dazzling Gleam|p1a: Dragonite|[spread] p1a,p1b\n|-supereffective|p1a: Dragonite\n|-resisted|p1b: Orthworm\n|-damage|p1a: Dragonite|55\/100\n|-damage|p1b: Orthworm|46\/100\n|move|p1b: Orthworm|Heavy Slam|p2b: Flutter Mane\n|-supereffective|p2b: Flutter Mane\n|-damage|p2b: Flutter Mane|0 fnt\n|faint|p2b: Flutter Mane\n|-end|p2b: Flutter Mane|Protosynthesis|[silent]\n|\n|-heal|p2a: Kingambit|89\/100|[from] item: Leftovers\n|upkeep\n|turn|5\n|\n|t:|1684022490\n|move|p1a: Dragonite|Earthquake|p2a: Kingambit|[spread] \n|-heal|p1b: Orthworm|71\/100|[from] ability: Earth Eater|[of] p1a: Dragonite\n|-immune|p2a: Kingambit\n|move|p1b: Orthworm|Heavy Slam|p2a: Kingambit\n|-damage|p2a: Kingambit|74\/100\n|move|p2a: Kingambit|Iron Head|p1b: Orthworm\n|-resisted|p1b: Orthworm\n|-damage|p1b: Orthworm|57\/100\n|\n|-heal|p2a: Kingambit|80\/100|[from] item: Leftovers\n|upkeep\n|turn|6\n|inactive|Jard13255 has 30 seconds left.\n|\n|t:|1684022516\n|move|p1a: Dragonite|Earthquake|p2a: Kingambit|[spread] \n|-heal|p1b: Orthworm|82\/100|[from] ability: Earth Eater|[of] p1a: Dragonite\n|-immune|p2a: Kingambit\n|move|p1b: Orthworm|Shed Tail|p1b: Orthworm\n|-start|p1b: Orthworm|Substitute|[from] move: Shed Tail\n|-damage|p1b: Orthworm|32\/100\n|\n|t:|1684022522\n|switch|p1b: Chien-Pao|Chien-Pao, L50|100\/100|[from] Shed Tail\n|-ability|p1b: Chien-Pao|Sword of Ruin\n|move|p2a: Kingambit|Swords Dance|p2a: Kingambit\n|-boost|p2a: Kingambit|atk|2\n|\n|-heal|p2a: Kingambit|86\/100|[from] item: Leftovers\n|upkeep\n|turn|7\n|\n|t:|1684022533\n|move|p1a: Dragonite|Extreme Speed|p2a: Kingambit\n|-damage|p2a: Kingambit|54\/100\n|move|p1b: Chien-Pao|Ice Spinner|p2a: Kingambit\n|-supereffective|p2a: Kingambit\n|-damage|p2a: Kingambit|0 fnt\n|faint|p2a: Kingambit\n|\n|win|Jard13255\n|raw|Jard13255's rating: 1079 → 1113<\/strong> (+34 for winning)\n|raw|frosh22's rating: 1157 → 1126<\/strong> (-31 for losing)\n|l|\u2606frosh22\n","uploadtime":1684022545,"views":15,"p1id":"jard13255","p2id":"frosh22","formatid":"gen9vgc2023regulationc","rating":1113,"private":0,"password":""}