{"id":"gen9vgc2023regulationc-1852271271","p1":"Oh Hello Again","p2":"DjPr1me","format":"[Gen 9] VGC 2023 Regulation C","log":"|j|\u2606Oh Hello Again\n|j|\u2606DjPr1me\n|t:|1682538732\n|gametype|doubles\n|player|p1|Oh Hello Again|266|1061\n|player|p2|DjPr1me|acetrainer|1076\n|teamsize|p1|6\n|teamsize|p2|6\n|gen|9\n|tier|[Gen 9] VGC 2023 Regulation C\n|rated|\n|rule|Species Clause: Limit one of each Pok\u00e9mon\n|rule|Item Clause: Limit one of each item\n|clearpoke\n|poke|p1|Annihilape, L50, F|\n|poke|p1|Amoonguss, L50, F|\n|poke|p1|Ceruledge, L50, M|\n|poke|p1|Talonflame, L50, F|\n|poke|p1|Falinks, L50|\n|poke|p1|Palafin, L50, F|\n|poke|p2|Hawlucha, L50, F|\n|poke|p2|Indeedee-F, L50, F|\n|poke|p2|Sylveon, L50, M|\n|poke|p2|Amoonguss, L50, M|\n|poke|p2|Arcanine, L50, M|\n|poke|p2|Goodra, L50, F|\n|teampreview|4\n|inactive|Battle timer is ON: inactive players will automatically lose when time's up. (requested by DjPr1me)\n|j| Neptune34645\nOh Hello Again rejected open team sheets.\n|inactive|DjPr1me has 60 seconds left.\n|\n|t:|1682538782\n|start\n|switch|p1a: Amoonguss|Amoonguss, L50, F|100\/100\n|switch|p1b: Palafin|Palafin, L50, F|100\/100\n|switch|p2a: Sylveon|Sylveon, L50, M|100\/100\n|switch|p2b: Indeedee|Indeedee-F, L50, F|100\/100\n|-fieldstart|move: Psychic Terrain|[from] ability: Psychic Surge|[of] p2b: Indeedee\n|turn|1\n|inactive|Oh Hello Again has 30 seconds left.\n|\n|t:|1682538810\n|detailschange|p1b: Palafin|Palafin-Hero, L50, F\n|switch|p1b: Ceruledge|Ceruledge, L50, M|100\/100\n|move|p2a: Sylveon|Protect|p2a: Sylveon\n|-singleturn|p2a: Sylveon|Protect\n|move|p2b: Indeedee|Psychic|p1a: Amoonguss\n|-supereffective|p1a: Amoonguss\n|-damage|p1a: Amoonguss|51\/100\n|move|p1a: Amoonguss|Spore|p2a: Sylveon\n|-activate|p2a: Sylveon|move: Protect\n|\n|upkeep\n|turn|2\n|inactive|DjPr1me has 30 seconds left.\n|inactive|DjPr1me has 20 seconds left.\n|inactive|DjPr1me has 15 seconds left.\n|\n|t:|1682538853\n|move|p2b: Indeedee|Follow Me|p2b: Indeedee\n|-singleturn|p2b: Indeedee|move: Follow Me\n|move|p1b: Ceruledge|Iron Head|p2b: Indeedee\n|-damage|p2b: Indeedee|75\/100\n|move|p2a: Sylveon|Calm Mind|p2a: Sylveon\n|-boost|p2a: Sylveon|spa|1\n|-boost|p2a: Sylveon|spd|1\n|move|p1a: Amoonguss|Spore|p2b: Indeedee\n|-activate|p2b: Indeedee|item: Safety Goggles|Spore\n|\n|upkeep\n|turn|3\n|\n|t:|1682538878\n|switch|p1a: Annihilape|Annihilape, L50, F|100\/100\n|move|p2b: Indeedee|Follow Me|p2b: Indeedee\n|-singleturn|p2b: Indeedee|move: Follow Me\n|move|p1b: Ceruledge|Bitter Blade|p2b: Indeedee\n|-damage|p2b: Indeedee|33\/100\n|move|p2a: Sylveon|Calm Mind|p2a: Sylveon\n|-boost|p2a: Sylveon|spa|1\n|-boost|p2a: Sylveon|spd|1\n|\n|upkeep\n|turn|4\n|c| Neptune34645|Racism White people are ugly i am racist black are better white people are my slave\n|c| Neptune34645|Neptune is better than earth\n|\n|t:|1682538898\n|move|p2b: Indeedee|Helping Hand|p2a: Sylveon\n|-singleturn|p2a: Sylveon|Helping Hand|[of] p2b: Indeedee\n|move|p1b: Ceruledge|Bitter Blade|p2a: Sylveon\n|-damage|p2a: Sylveon|60\/100\n|move|p1a: Annihilape|Bulk Up|p1a: Annihilape\n|-boost|p1a: Annihilape|atk|1\n|-boost|p1a: Annihilape|def|1\n|move|p2a: Sylveon|Hyper Voice|p1a: Annihilape|[spread] p1a,p1b\n|-supereffective|p1a: Annihilape\n|-resisted|p1b: Ceruledge\n|-damage|p1a: Annihilape|0 fnt\n|-damage|p1b: Ceruledge|67\/100\n|faint|p1a: Annihilape\n|\n|-heal|p2a: Sylveon|66\/100|[from] item: Leftovers\n|upkeep\n|c| Neptune34645|Neptune is the best\n|c| Neptune34645|Racism White people are ugly i am racist black are better white people are my slave\n|inactive|Oh Hello Again has 30 seconds left.\n|inactive|Oh Hello Again has 20 seconds left.\n|\n|t:|1682538936\n|switch|p1a: Palafin|Palafin-Hero, L50, F|100\/100\n|-activate|p1a: Palafin|ability: Zero to Hero\n|turn|5\n|\n|t:|1682538960\n|switch|p2b: Goodra|Goodra, L50, F|100\/100\n|move|p1a: Palafin|Wave Crash|p2b: Goodra\n|-resisted|p2b: Goodra\n|-damage|p2b: Goodra|53\/100\n|-damage|p1a: Palafin|84\/100|[from] Recoil\n|move|p1b: Ceruledge|Bitter Blade|p2a: Sylveon\n|-damage|p2a: Sylveon|27\/100\n|-heal|p1b: Ceruledge|94\/100|[from] drain|[of] p2a: Sylveon\n|move|p2a: Sylveon|Calm Mind|p2a: Sylveon\n|-boost|p2a: Sylveon|spa|1\n|-boost|p2a: Sylveon|spd|1\n|\n|-heal|p2a: Sylveon|33\/100|[from] item: Leftovers\n|-fieldend|move: Psychic Terrain\n|upkeep\n|turn|6\n|c| Neptune34645|Racism White people are ugly i am racist black are better white people are my slave\n|c| Neptune34645|Hey people\n|c| Neptune34645|Racism White people are ugly i am racist black are better white people are my slave\n|inactive|Oh Hello Again has 30 seconds left.\n|inactive|DjPr1me has 30 seconds left.\n|\n|t:|1682538991\n|move|p2a: Sylveon|Protect|p2a: Sylveon\n|-singleturn|p2a: Sylveon|Protect\n|move|p1a: Palafin|Jet Punch|p2a: Sylveon\n|-activate|p2a: Sylveon|move: Protect\n|move|p1b: Ceruledge|Iron Head|p2a: Sylveon\n|-activate|p2a: Sylveon|move: Protect\n|move|p2b: Goodra|Aqua Tail|p1b: Ceruledge\n|-supereffective|p1b: Ceruledge\n|-damage|p1b: Ceruledge|7\/100\n|\n|-heal|p2a: Sylveon|39\/100|[from] item: Leftovers\n|upkeep\n|turn|7\n|l| Neptune34645\n|inactive|DjPr1me has 30 seconds left.\n|inactive|Oh Hello Again has 30 seconds left.\n|inactive|Oh Hello Again has 20 seconds left.\n|inactive|Oh Hello Again has 15 seconds left.\n|inactive|Oh Hello Again has 10 seconds left.\n|\n|t:|1682539042\n|switch|p2b: Indeedee|Indeedee-F, L50, F|33\/100\n|-fieldstart|move: Psychic Terrain|[from] ability: Psychic Surge|[of] p2b: Indeedee\n|-terastallize|p2a: Sylveon|Fire\n|move|p1a: Palafin|Wave Crash|p2b: Indeedee\n|-damage|p2b: Indeedee|0 fnt\n|faint|p2b: Indeedee\n|-damage|p1a: Palafin|73\/100|[from] Recoil\n|move|p1b: Ceruledge|Bitter Blade|p2a: Sylveon\n|-resisted|p2a: Sylveon\n|-damage|p2a: Sylveon|22\/100\n|-heal|p1b: Ceruledge|19\/100|[from] drain|[of] p2a: Sylveon\n|move|p2a: Sylveon|Hyper Voice|p1a: Palafin|[spread] p1a,p1b\n|-resisted|p1b: Ceruledge\n|-damage|p1a: Palafin|0 fnt\n|-damage|p1b: Ceruledge|0 fnt\n|faint|p1a: Palafin\n|faint|p1b: Ceruledge\n|\n|-heal|p2a: Sylveon|28\/100|[from] item: Leftovers\n|upkeep\n|inactive|DjPr1me has 30 seconds left.\n|\n|t:|1682539075\n|switch|p1b: Amoonguss|Amoonguss, L50, F|84\/100\n|switch|p2b: Amoonguss|Amoonguss, L50, M|100\/100\n|turn|8\n|-message|Oh Hello Again forfeited.\n|\n|win|DjPr1me\n|raw|Oh Hello Again's rating: 1061 → 1043<\/strong> (-18 for losing)\n|raw|DjPr1me's rating: 1076 → 1103<\/strong> (+27 for winning)\n|l|\u2606Oh Hello Again\n","uploadtime":1682538887,"views":9,"p1id":"ohhelloagain","p2id":"djpr1me","formatid":"gen9vgc2023regulationc","rating":1043,"private":0,"password":""}