{"id":"gen9vgc2023regulationc-1854974356","p1":"Kirziok","p2":"Foodster","format":"[Gen 9] VGC 2023 Regulation C","log":"|j|\u2606Kirziok\n|j|\u2606Foodster\n|t:|1682886687\n|gametype|doubles\n|player|p1|Kirziok|lance|1000\n|player|p2|Foodster|102|1002\n|teamsize|p1|6\n|teamsize|p2|6\n|gen|9\n|tier|[Gen 9] VGC 2023 Regulation C\n|rated|\n|rule|Species Clause: Limit one of each Pok\u00e9mon\n|rule|Item Clause: Limit one of each item\n|clearpoke\n|poke|p1|Dondozo, L50, F|\n|poke|p1|Tatsugiri-Stretchy, L50, M|\n|poke|p1|Chi-Yu, L50|\n|poke|p1|Flutter Mane, L50|\n|poke|p1|Dragonite, L50, F|\n|poke|p1|Glimmora, L50, M|\n|poke|p2|Abomasnow, L50, M|\n|poke|p2|Cetitan, L50, M|\n|poke|p2|Indeedee-F, L50, F|\n|poke|p2|Armarouge, L50, F|\n|poke|p2|Hydreigon, L50, F|\n|poke|p2|Annihilape, L50, F|\n|teampreview|4\n|\n|t:|1682886713\n|start\n|switch|p1a: Glimmora|Glimmora, L50, M|100\/100\n|switch|p1b: Tatsugiri|Tatsugiri-Stretchy, L50, M|100\/100\n|switch|p2a: Hydreigon|Hydreigon, L50, F|100\/100\n|switch|p2b: Abomasnow|Abomasnow, L50, M|100\/100\n|-weather|Snow|[from] ability: Snow Warning|[of] p2b: Abomasnow\n|turn|1\n|\n|t:|1682886737\n|-terastallize|p1b: Tatsugiri|Ghost\n|move|p2a: Hydreigon|Tailwind|p2a: Hydreigon\n|-sidestart|p2: Foodster|move: Tailwind\n|move|p2b: Abomasnow|Aurora Veil|p2b: Abomasnow\n|-sidestart|p2: Foodster|move: Aurora Veil\n|move|p1a: Glimmora|Toxic|p2a: Hydreigon\n|-status|p2a: Hydreigon|tox\n|move|p1b: Tatsugiri|Muddy Water|p2a: Hydreigon|[spread] p2a,p2b\n|-resisted|p2a: Hydreigon\n|-resisted|p2b: Abomasnow\n|-damage|p2a: Hydreigon|80\/100 tox\n|-damage|p2b: Abomasnow|82\/100\n|-unboost|p2a: Hydreigon|accuracy|1\n|\n|-weather|Snow|[upkeep]\n|-damage|p2a: Hydreigon|74\/100 tox|[from] psn\n|upkeep\n|turn|2\n|\n|t:|1682886770\n|move|p2a: Hydreigon|Dark Pulse|p1b: Tatsugiri|[miss]\n|-miss|p2a: Hydreigon|p1b: Tatsugiri\n|move|p2b: Abomasnow|Blizzard|p1a: Glimmora|[spread] p1a,p1b\n|-damage|p1a: Glimmora|55\/100\n|-damage|p1b: Tatsugiri|66\/100\n|move|p1a: Glimmora|Toxic|p2b: Abomasnow\n|-status|p2b: Abomasnow|tox\n|move|p1b: Tatsugiri|Muddy Water|p2b: Abomasnow|[spread] p2a,p2b\n|-resisted|p2a: Hydreigon\n|-resisted|p2b: Abomasnow\n|-damage|p2a: Hydreigon|54\/100 tox\n|-damage|p2b: Abomasnow|64\/100 tox\n|-unboost|p2b: Abomasnow|accuracy|1\n|\n|-weather|Snow|[upkeep]\n|-damage|p2a: Hydreigon|42\/100 tox|[from] psn\n|-damage|p2b: Abomasnow|58\/100 tox|[from] psn\n|upkeep\n|turn|3\n|\n|t:|1682886795\n|switch|p1b: Chi-Yu|Chi-Yu, L50|100\/100\n|-ability|p1b: Chi-Yu|Beads of Ruin\n|move|p1a: Glimmora|Spiky Shield|p1a: Glimmora\n|-singleturn|p1a: Glimmora|move: Protect\n|move|p2a: Hydreigon|Dark Pulse|p1b: Chi-Yu\n|-resisted|p1b: Chi-Yu\n|-damage|p1b: Chi-Yu|73\/100\n|-damage|p2a: Hydreigon|32\/100 tox|[from] item: Life Orb\n|move|p2b: Abomasnow|Blizzard|p1b: Chi-Yu|[spread] p1b\n|-activate|p1a: Glimmora|move: Protect\n|-resisted|p1b: Chi-Yu\n|-damage|p1b: Chi-Yu|58\/100\n|\n|-weather|Snow|[upkeep]\n|-damage|p2a: Hydreigon|14\/100 tox|[from] psn\n|-damage|p2b: Abomasnow|46\/100 tox|[from] psn\n|upkeep\n|turn|4\n|\n|t:|1682886818\n|switch|p2a: Annihilape|Annihilape, L50, F|100\/100\n|switch|p2b: Cetitan|Cetitan, L50, M|100\/100\n|move|p1b: Chi-Yu|Protect|p1b: Chi-Yu\n|-singleturn|p1b: Chi-Yu|Protect\n|move|p1a: Glimmora|Power Gem|p2b: Cetitan\n|-supereffective|p2b: Cetitan\n|-damage|p2b: Cetitan|55\/100\n|\n|-weather|Snow|[upkeep]\n|-sideend|p2: Foodster|move: Tailwind\n|upkeep\n|turn|5\n|\n|t:|1682886859\n|switch|p1b: Tatsugiri|Tatsugiri-Stretchy, L50, M, tera:Ghost|66\/100\n|move|p2b: Cetitan|Liquidation|p1b: Tatsugiri\n|-ability|p1b: Tatsugiri|Storm Drain|boost\n|-boost|p1b: Tatsugiri|spa|1\n|move|p1a: Glimmora|Toxic|p2a: Annihilape\n|-status|p2a: Annihilape|tox\n|-enditem|p2a: Annihilape|Lum Berry|[eat]\n|-curestatus|p2a: Annihilape|tox|[msg]\n|move|p2a: Annihilape|Bulk Up|p2a: Annihilape\n|-boost|p2a: Annihilape|atk|1\n|-boost|p2a: Annihilape|def|1\n|\n|-weather|none\n|-sideend|p2: Foodster|move: Aurora Veil\n|upkeep\n|turn|6\n|\n|t:|1682886896\n|move|p1a: Glimmora|Toxic|p2a: Annihilape\n|-status|p2a: Annihilape|tox\n|move|p2a: Annihilape|Rage Fist|p1b: Tatsugiri\n|-supereffective|p1b: Tatsugiri\n|-damage|p1b: Tatsugiri|0 fnt\n|faint|p1b: Tatsugiri\n|move|p2b: Cetitan|Heavy Slam|p1a: Glimmora\n|-supereffective|p1a: Glimmora\n|-damage|p1a: Glimmora|0 fnt\n|-activate|p1a: Glimmora|ability: Toxic Debris\n|-sidestart|p2: Foodster|move: Toxic Spikes\n|faint|p1a: Glimmora\n|\n|-damage|p2a: Annihilape|94\/100 tox|[from] psn\n|upkeep\n|\n|t:|1682886904\n|switch|p1a: Flutter Mane|Flutter Mane, L50|100\/100\n|switch|p1b: Chi-Yu|Chi-Yu, L50|58\/100\n|-ability|p1b: Chi-Yu|Beads of Ruin\n|-enditem|p1a: Flutter Mane|Booster Energy\n|-activate|p1a: Flutter Mane|ability: Protosynthesis|[fromitem]\n|-start|p1a: Flutter Mane|protosynthesisspe\n|turn|7\n|\n|t:|1682886936\n|move|p1a: Flutter Mane|Protect|p1a: Flutter Mane\n|-singleturn|p1a: Flutter Mane|Protect\n|move|p1b: Chi-Yu|Protect|p1b: Chi-Yu\n|-singleturn|p1b: Chi-Yu|Protect\n|move|p2a: Annihilape|Rage Fist|p1a: Flutter Mane\n|-activate|p1a: Flutter Mane|move: Protect\n|move|p2b: Cetitan|Liquidation|p1b: Chi-Yu\n|-activate|p1b: Chi-Yu|move: Protect\n|\n|-damage|p2a: Annihilape|82\/100 tox|[from] psn\n|upkeep\n|turn|8\n|\n|t:|1682886960\n|move|p1a: Flutter Mane|Hex|p2a: Annihilape\n|-supereffective|p2a: Annihilape\n|-damage|p2a: Annihilape|0 fnt\n|faint|p2a: Annihilape\n|move|p1b: Chi-Yu|Flamethrower|p2b: Cetitan\n|-supereffective|p2b: Cetitan\n|-damage|p2b: Cetitan|0 fnt\n|faint|p2b: Cetitan\n|\n|upkeep\n|\n|t:|1682886969\n|switch|p2a: Hydreigon|Hydreigon, L50, F|14\/100 tox\n|switch|p2b: Abomasnow|Abomasnow, L50, M|46\/100 tox\n|-weather|Snow|[from] ability: Snow Warning|[of] p2b: Abomasnow\n|turn|9\n|\n|t:|1682886990\n|-terastallize|p2a: Hydreigon|Dark\n|move|p1a: Flutter Mane|Protect|p1a: Flutter Mane\n|-singleturn|p1a: Flutter Mane|Protect\n|move|p1b: Chi-Yu|Protect|p1b: Chi-Yu\n|-singleturn|p1b: Chi-Yu|Protect\n|move|p2b: Abomasnow|Protect|p2b: Abomasnow\n|-singleturn|p2b: Abomasnow|Protect\n|move|p2a: Hydreigon|Draco Meteor|p1a: Flutter Mane\n|-activate|p1a: Flutter Mane|move: Protect\n|\n|-weather|Snow|[upkeep]\n|-damage|p2a: Hydreigon|8\/100 tox|[from] psn\n|-damage|p2b: Abomasnow|41\/100 tox|[from] psn\n|upkeep\n|turn|10\n|-message|Foodster forfeited.\n|\n|win|Kirziok\n|raw|Kirziok's rating: 1000 → 1040<\/strong> (+40 for winning)\n|raw|Foodster's rating: 1002 → 1000<\/strong> (-2 for losing)\n|l|\u2606Foodster\n","uploadtime":1682887005,"views":5,"p1id":"kirziok","p2id":"foodster","formatid":"gen9vgc2023regulationc","rating":1000,"private":0,"password":""}