{"id":"gen9vgc2023regulationc-1863961152","p1":"StantlerGOAT","p2":"Mellock","format":"[Gen 9] VGC 2023 Regulation C","log":"|j|\u2606StantlerGOAT\n|j|\u2606Mellock\n|t:|1684098346\n|gametype|doubles\n|player|p1|StantlerGOAT|1|1162\n|player|p2|Mellock|cilan|1232\n|teamsize|p1|6\n|teamsize|p2|6\n|gen|9\n|tier|[Gen 9] VGC 2023 Regulation C\n|rated|\n|rule|Species Clause: Limit one of each Pok\u00e9mon\n|rule|Item Clause: Limit one of each item\n|clearpoke\n|poke|p1|Dudunsparce-*, L50, M|\n|poke|p1|Oranguru, L50, M|\n|poke|p1|Iron Hands, L50|\n|poke|p1|Bronzong, L50|\n|poke|p1|Torkoal, L50, M|\n|poke|p1|Ting-Lu, L50|\n|poke|p2|Revavroom, L50, M|\n|poke|p2|Flutter Mane, L50|\n|poke|p2|Ting-Lu, L50|\n|poke|p2|Iron Bundle, L50|\n|poke|p2|Arcanine, L50, F|\n|poke|p2|Great Tusk, L50|\n|teampreview|4\n|inactive|Battle timer is ON: inactive players will automatically lose when time's up. (requested by Mellock)\n|inactive|StantlerGOAT has 60 seconds left.\n|inactive|Mellock has 60 seconds left.\nStantlerGOAT rejected open team sheets.\n|\n|t:|1684098388\n|start\n|switch|p1a: Oranguru|Oranguru, L50, M|100\/100\n|switch|p1b: Iron Hands|Iron Hands, L50|100\/100\n|switch|p2a: Great Tusk|Great Tusk, L50, shiny|100\/100\n|switch|p2b: Flutter Mane|Flutter Mane, L50, shiny|100\/100\n|turn|1\n|\n|t:|1684098409\n|-terastallize|p1a: Oranguru|Grass\n|move|p2a: Great Tusk|Protect|p2a: Great Tusk\n|-singleturn|p2a: Great Tusk|Protect\n|move|p1b: Iron Hands|Fake Out|p2a: Great Tusk\n|-activate|p2a: Great Tusk|move: Protect\n|move|p2b: Flutter Mane|Moonblast|p1b: Iron Hands\n|-supereffective|p1b: Iron Hands\n|-damage|p1b: Iron Hands|18\/100\n|-unboost|p1b: Iron Hands|spa|1\n|move|p1a: Oranguru|Trick Room|p1a: Oranguru\n|-fieldstart|move: Trick Room|[of] p1a: Oranguru\n|\n|upkeep\n|turn|2\n|inactive|StantlerGOAT has 30 seconds left.\n|\n|t:|1684098439\n|move|p1b: Iron Hands|Wild Charge|p2b: Flutter Mane\n|-damage|p2b: Flutter Mane|23\/100\n|-damage|p1b: Iron Hands|5\/100|[from] Recoil\n|move|p1a: Oranguru|Instruct|p1b: Iron Hands\n|-singleturn|p1b: Iron Hands|move: Instruct|[of] p1a: Oranguru\n|move|p1b: Iron Hands|Wild Charge|p2b: Flutter Mane\n|-damage|p2b: Flutter Mane|0 fnt\n|faint|p2b: Flutter Mane\n|-end|p2b: Flutter Mane|Protosynthesis|[silent]\n|-damage|p1b: Iron Hands|1\/100|[from] Recoil\n|move|p2a: Great Tusk|Close Combat|p1a: Oranguru\n|-damage|p1a: Oranguru|53\/100\n|-unboost|p2a: Great Tusk|def|1\n|-unboost|p2a: Great Tusk|spd|1\n|\n|upkeep\n|\n|t:|1684098454\n|switch|p2b: Ting-Lu|Ting-Lu, L50|100\/100\n|-ability|p2b: Ting-Lu|Vessel of Ruin\n|turn|3\n|\n|t:|1684098466\n|-terastallize|p2b: Ting-Lu|Grass\n|move|p1b: Iron Hands|Drain Punch|p2b: Ting-Lu\n|-damage|p2b: Ting-Lu|73\/100\n|-heal|p1b: Iron Hands|16\/100|[from] drain|[of] p2b: Ting-Lu\n|move|p1a: Oranguru|Instruct|p1b: Iron Hands\n|-singleturn|p1b: Iron Hands|move: Instruct|[of] p1a: Oranguru\n|move|p1b: Iron Hands|Drain Punch|p2b: Ting-Lu\n|-damage|p2b: Ting-Lu|47\/100\n|-heal|p1b: Iron Hands|30\/100|[from] drain|[of] p2b: Ting-Lu\n|move|p2b: Ting-Lu|Ruination|p1a: Oranguru\n|-damage|p1a: Oranguru|27\/100\n|move|p2a: Great Tusk|Earthquake|p1b: Iron Hands|[spread] p2b,p1a,p1b\n|-resisted|p2b: Ting-Lu\n|-resisted|p1a: Oranguru\n|-supereffective|p1b: Iron Hands\n|-damage|p2b: Ting-Lu|37\/100\n|-damage|p1a: Oranguru|12\/100\n|-damage|p1b: Iron Hands|0 fnt\n|faint|p1b: Iron Hands\n|-end|p1b: Iron Hands|Quark Drive|[silent]\n|\n|upkeep\n|\n|t:|1684098486\n|switch|p1b: Dudunsparce|Dudunsparce, L50, M|100\/100\n|turn|4\n|\n|t:|1684098497\n|move|p1a: Oranguru|Brick Break|p1b: Dudunsparce\n|-supereffective|p1b: Dudunsparce\n|-damage|p1b: Dudunsparce|82\/100\n|-enditem|p1b: Dudunsparce|Weakness Policy\n|-boost|p1b: Dudunsparce|atk|2|[from] item: Weakness Policy\n|-boost|p1b: Dudunsparce|spa|2|[from] item: Weakness Policy\n|-activate|p1a: Oranguru|ability: Symbiosis|Wide Lens|[of] p1b: Dudunsparce\n|move|p1b: Dudunsparce|Rock Slide|p2a: Great Tusk|[spread] p2a,p2b\n|-resisted|p2a: Great Tusk\n|-damage|p2a: Great Tusk|90\/100\n|-damage|p2b: Ting-Lu|17\/100\n|cant|p2b: Ting-Lu|flinch\n|cant|p2a: Great Tusk|flinch\n|\n|upkeep\n|turn|5\n|inactive|StantlerGOAT has 30 seconds left.\n|\n|t:|1684098531\n|move|p1a: Oranguru|Instruct|p1b: Dudunsparce\n|-singleturn|p1b: Dudunsparce|move: Instruct|[of] p1a: Oranguru\n|move|p1b: Dudunsparce|Rock Slide|p2a: Great Tusk|[spread] p2a,p2b\n|-resisted|p2a: Great Tusk\n|-damage|p2a: Great Tusk|80\/100\n|-damage|p2b: Ting-Lu|0 fnt\n|faint|p2b: Ting-Lu\n|move|p1b: Dudunsparce|Hyper Drill|p2a: Great Tusk\n|-damage|p2a: Great Tusk|0 fnt\n|faint|p2a: Great Tusk\n|-end|p2a: Great Tusk|Protosynthesis|[silent]\n|\n|-fieldend|move: Trick Room\n|upkeep\n|\n|t:|1684098538\n|switch|p2b: Iron Bundle|Iron Bundle, L50, shiny|100\/100\n|-enditem|p2b: Iron Bundle|Booster Energy\n|-activate|p2b: Iron Bundle|ability: Quark Drive|[fromitem]\n|-start|p2b: Iron Bundle|quarkdrivespe\n|turn|6\n|inactive|StantlerGOAT has 30 seconds left.\n|\n|t:|1684098564\n|switch|p1a: Torkoal|Torkoal, L50, M|100\/100\n|-weather|SunnyDay|[from] ability: Drought|[of] p1a: Torkoal\n|move|p2b: Iron Bundle|Icy Wind|p1a: Torkoal|[spread] p1a,p1b\n|-resisted|p1a: Torkoal\n|-crit|p1b: Dudunsparce\n|-damage|p1a: Torkoal|85\/100\n|-damage|p1b: Dudunsparce|51\/100\n|-unboost|p1a: Torkoal|spe|1\n|-unboost|p1b: Dudunsparce|spe|1\n|move|p1b: Dudunsparce|Hyper Drill|p2b: Iron Bundle\n|-damage|p2b: Iron Bundle|0 fnt\n|faint|p2b: Iron Bundle\n|-end|p2b: Iron Bundle|Quark Drive|[silent]\n|\n|win|StantlerGOAT\n|raw|StantlerGOAT's rating: 1162 → 1192<\/strong> (+30 for winning)\n|raw|Mellock's rating: 1232 → 1202<\/strong> (-30 for losing)\n|l|\u2606Mellock\n","uploadtime":1684098581,"views":8,"p1id":"stantlergoat","p2id":"mellock","formatid":"gen9vgc2023regulationc","rating":1192,"private":0,"password":""}