{"id":"gen9vgc2023regulationc-1848301241","p1":"Flame023","p2":"Thicc Juicy Boi","format":"[Gen 9] VGC 2023 Regulation C","log":"|j|\u2606Flame023\n|j|\u2606Thicc Juicy Boi\n|t:|1682056483\n|gametype|doubles\n|player|p1|Flame023|red|1258\n|player|p2|Thicc Juicy Boi|rood|1233\n|teamsize|p1|6\n|teamsize|p2|6\n|gen|9\n|tier|[Gen 9] VGC 2023 Regulation C\n|rated|\n|rule|Species Clause: Limit one of each Pok\u00e9mon\n|rule|Item Clause: Limit one of each item\n|clearpoke\n|poke|p1|Lucario, L50, F|\n|poke|p1|Gyarados, L50, F|\n|poke|p1|Garchomp, L50, M|\n|poke|p1|Rotom-Heat, L50|\n|poke|p1|Flutter Mane, L50|\n|poke|p1|Kingambit, L50, F|\n|poke|p2|Hatterene, L50, F|\n|poke|p2|Indeedee-F, L50, F|\n|poke|p2|Hariyama, L50, F|\n|poke|p2|Oranguru, L50, M|\n|poke|p2|Torkoal, L50, F|\n|poke|p2|Kingambit, L50, M|\n|teampreview|4\n|inactive|Battle timer is ON: inactive players will automatically lose when time's up. (requested by Thicc Juicy Boi)\n|\n|t:|1682056556\n|start\n|switch|p1a: Rotom|Rotom-Heat, L50|100\/100\n|switch|p1b: Garchomp|Garchomp, L50, M|100\/100\n|switch|p2a: Hatterene|Hatterene, L50, F|100\/100\n|switch|p2b: Indeedee|Indeedee-F, L50, F|100\/100\n|-fieldstart|move: Psychic Terrain|[from] ability: Psychic Surge|[of] p2b: Indeedee\n|-enditem|p2b: Indeedee|Psychic Seed\n|-boost|p2b: Indeedee|spd|1|[from] item: Psychic Seed\n|turn|1\n|\n|t:|1682056574\n|move|p1b: Garchomp|Earthquake|p2b: Indeedee|[spread] p2a,p2b\n|-immune|p1a: Rotom|[from] ability: Levitate\n|-damage|p2a: Hatterene|53\/100\n|-damage|p2b: Indeedee|58\/100\n|move|p1a: Rotom|Light Screen|p1a: Rotom\n|-sidestart|p1: Flame023|move: Light Screen\n|move|p2b: Indeedee|Charm|p1b: Garchomp\n|-unboost|p1b: Garchomp|atk|2\n|move|p2a: Hatterene|Trick Room|p2a: Hatterene\n|-fieldstart|move: Trick Room|[of] p2a: Hatterene\n|\n|upkeep\n|turn|2\n|inactive|Flame023 has 30 seconds left.\n|\n|t:|1682056607\n|move|p2a: Hatterene|Dazzling Gleam|p1a: Rotom|[spread] p1a,p1b\n|-resisted|p1a: Rotom\n|-supereffective|p1b: Garchomp\n|-damage|p1a: Rotom|90\/100\n|-damage|p1b: Garchomp|68\/100\n|move|p2b: Indeedee|Psychic|p1a: Rotom\n|-damage|p1a: Rotom|63\/100\n|move|p1a: Rotom|Volt Switch|p2a: Hatterene\n|-damage|p2a: Hatterene|27\/100\n|\n|t:|1682056617\n|switch|p1a: Kingambit|Kingambit, L50, F|100\/100|[from] Volt Switch\n|move|p1b: Garchomp|Iron Head|p2a: Hatterene\n|-supereffective|p2a: Hatterene\n|-damage|p2a: Hatterene|0 fnt\n|faint|p2a: Hatterene\n|\n|upkeep\n|\n|t:|1682056625\n|switch|p2a: Hariyama|Hariyama, L50, F|100\/100\n|turn|3\n|\n|t:|1682056649\n|switch|p1b: Rotom|Rotom-Heat, L50|63\/100\n|move|p1a: Kingambit|Protect|p1a: Kingambit\n|-singleturn|p1a: Kingambit|Protect\n|move|p2a: Hariyama|Drain Punch|p1a: Kingambit\n|-activate|p1a: Kingambit|move: Protect\n|move|p2b: Indeedee|Psychic|p1b: Rotom\n|-damage|p1b: Rotom|36\/100\n|\n|-status|p2a: Hariyama|brn|[from] item: Flame Orb\n|upkeep\n|turn|4\n|inactive|Flame023 has 30 seconds left.\n|inactive|Flame023 has 20 seconds left.\n|inactive|Flame023 has 15 seconds left.\n|\n|t:|1682056692\n|-terastallize|p1a: Kingambit|Flying\n|move|p2a: Hariyama|Drain Punch|p1a: Kingambit\n|-resisted|p1a: Kingambit\n|-damage|p1a: Kingambit|76\/100\n|move|p1a: Kingambit|Kowtow Cleave|p2b: Indeedee\n|-supereffective|p2b: Indeedee\n|-crit|p2b: Indeedee\n|-damage|p2b: Indeedee|0 fnt\n|faint|p2b: Indeedee\n|move|p1b: Rotom|Overheat|p2a: Hariyama\n|-damage|p2a: Hariyama|54\/100 brn\n|-unboost|p1b: Rotom|spa|2\n|\n|-damage|p2a: Hariyama|48\/100 brn|[from] brn\n|upkeep\n|\n|t:|1682056712\n|switch|p2b: Kingambit|Kingambit, L50, M|100\/100\n|turn|5\n|inactive|Flame023 has 30 seconds left.\n|\n|t:|1682056744\n|-terastallize|p2b: Kingambit|Dark\n|move|p1a: Kingambit|Sucker Punch|p2b: Kingambit\n|-activate|p2b: Kingambit|move: Psychic Terrain\n|move|p2b: Kingambit|Kowtow Cleave|p1a: Kingambit\n|-damage|p1a: Kingambit|28\/100\n|move|p2a: Hariyama|Drain Punch|p1b: Rotom\n|-damage|p1b: Rotom|0 fnt\n|-heal|p2a: Hariyama|57\/100 brn|[from] drain|[of] p1b: Rotom\n|faint|p1b: Rotom\n|\n|-damage|p2a: Hariyama|51\/100 brn|[from] brn\n|-fieldend|move: Trick Room\n|-fieldend|move: Psychic Terrain\n|upkeep\n|\n|t:|1682056761\n|switch|p1b: Garchomp|Garchomp, L50, M|68\/100\n|turn|6\n|\n|t:|1682056778\n|move|p2a: Hariyama|Wide Guard|p2a: Hariyama\n|-singleturn|p2a: Hariyama|Wide Guard\n|move|p1b: Garchomp|Earthquake|p2b: Kingambit|[spread] \n|-activate|p2a: Hariyama|move: Wide Guard\n|-activate|p2b: Kingambit|move: Wide Guard\n|-immune|p1a: Kingambit\n|move|p1a: Kingambit|Iron Head|p2a: Hariyama\n|-damage|p2a: Hariyama|0 fnt\n|faint|p2a: Hariyama\n|move|p2b: Kingambit|Kowtow Cleave|p1a: Kingambit\n|-damage|p1a: Kingambit|0 fnt\n|faint|p1a: Kingambit\n|\n|upkeep\n|\n|t:|1682056791\n|switch|p1a: Lucario|Lucario, L50, F|100\/100\n|turn|7\n|\n|t:|1682056804\n|move|p2b: Kingambit|Sucker Punch|p1b: Garchomp\n|-damage|p1b: Garchomp|23\/100\n|-damage|p2b: Kingambit|88\/100|[from] ability: Rough Skin|[of] p1b: Garchomp\n|move|p1a: Lucario|Close Combat|p2b: Kingambit\n|-supereffective|p2b: Kingambit\n|-damage|p2b: Kingambit|0 fnt\n|-unboost|p1a: Lucario|def|1\n|-unboost|p1a: Lucario|spd|1\n|faint|p2b: Kingambit\n|\n|win|Flame023\n|raw|Flame023's rating: 1258 → 1281<\/strong> (+23 for winning)\n|raw|Thicc Juicy Boi's rating: 1233 → 1210<\/strong> (-23 for losing)\n|l|\u2606Thicc Juicy Boi\n","uploadtime":1682056816,"views":8,"p1id":"flame023","p2id":"thiccjuicyboi","formatid":"gen9vgc2023regulationc","rating":1210,"private":0,"password":""}