{"id":"gen9vgc2023regulationc-1845748315","p1":"Goldjunge1994","p2":"gohan92","format":"[Gen 9] VGC 2023 Regulation C","log":"|j|\u2606Goldjunge1994\n|j|\u2606gohan92\n|t:|1681760903\n|gametype|doubles\n|player|p1|Goldjunge1994|170|\n|player|p2|gohan92|170|\n|teamsize|p1|6\n|teamsize|p2|6\n|gen|9\n|tier|[Gen 9] VGC 2023 Regulation C\n|rule|Species Clause: Limit one of each Pok\u00e9mon\n|rule|Item Clause: Limit one of each item\n|clearpoke\n|poke|p1|Dragonite, L50, M|\n|poke|p1|Palafin, L50, F|\n|poke|p1|Flutter Mane, L50|\n|poke|p1|Arcanine, L50, F|\n|poke|p1|Chien-Pao, L50|\n|poke|p1|Amoonguss, L50, M|\n|poke|p2|Flutter Mane, L50|\n|poke|p2|Torkoal, L50, M|\n|poke|p2|Great Tusk, L50|\n|poke|p2|Chien-Pao, L50|\n|poke|p2|Dragonite, L50, F|\n|poke|p2|Lilligant, L50, F|\n|teampreview|4\nGoldjunge1994 has agreed to open team sheets.\ngohan92 has agreed to open team sheets.\n|\n|t:|1681760966\n|start\n|switch|p1a: Grauwind|Arcanine, L50, F|100\/100\n|switch|p1b: Vhagar|Dragonite, L50, M|100\/100\n|switch|p2a: Chien-Pao|Chien-Pao, L50|100\/100\n|switch|p2b: Dragonite|Dragonite, L50, F|100\/100\n|-ability|p2a: Chien-Pao|Sword of Ruin\n|-ability|p1a: Grauwind|Intimidate|boost\n|-unboost|p2a: Chien-Pao|atk|1\n|-unboost|p2b: Dragonite|atk|1\n|turn|1\n|\n|t:|1681761005\n|-terastallize|p1b: Vhagar|Normal\n|move|p1b: Vhagar|Extreme Speed|p2b: Dragonite\n|-damage|p2b: Dragonite|60\/100\n|move|p2a: Chien-Pao|Ice Spinner|p1b: Vhagar\n|-damage|p1b: Vhagar|84\/100\n|move|p1a: Grauwind|Flare Blitz|p2a: Chien-Pao\n|-supereffective|p2a: Chien-Pao\n|-enditem|p2a: Chien-Pao|Focus Sash\n|-damage|p2a: Chien-Pao|1\/100\n|-damage|p1a: Grauwind|75\/100|[from] Recoil\n|move|p2b: Dragonite|Stomping Tantrum|p1a: Grauwind\n|-supereffective|p1a: Grauwind\n|-damage|p1a: Grauwind|17\/100\n|\n|upkeep\n|turn|2\n|\n|t:|1681761069\n|switch|p1b: Dipset|Flutter Mane, L50|100\/100\n|-enditem|p1b: Dipset|Booster Energy\n|-activate|p1b: Dipset|ability: Protosynthesis|[fromitem]\n|-start|p1b: Dipset|protosynthesisspa\n|-terastallize|p2a: Chien-Pao|Ghost\n|move|p1a: Grauwind|Protect|p1a: Grauwind\n|-singleturn|p1a: Grauwind|Protect\n|move|p2b: Dragonite|Extreme Speed|p1a: Grauwind\n|-activate|p1a: Grauwind|move: Protect\n|move|p2a: Chien-Pao|Sacred Sword|p1b: Dipset\n|-immune|p1b: Dipset\n|\n|upkeep\n|turn|3\n|\n|t:|1681761115\n|switch|p1a: Skarm|Amoonguss, L50, M|100\/100\n|move|p1b: Dipset|Protect|p1b: Dipset\n|-singleturn|p1b: Dipset|Protect\n|move|p2a: Chien-Pao|Ice Spinner|p1b: Dipset\n|-activate|p1b: Dipset|move: Protect\n|move|p2b: Dragonite|Tailwind|p2b: Dragonite\n|-sidestart|p2: gohan92|move: Tailwind\n|\n|upkeep\n|turn|4\n|\n|t:|1681761147\n|switch|p2b: Lilligant|Lilligant, L50, F|100\/100\n|switch|p1a: Grauwind|Arcanine, L50, F|17\/100\n|-ability|p1a: Grauwind|Intimidate|boost\n|-unboost|p2a: Chien-Pao|atk|1\n|-unboost|p2b: Lilligant|atk|1\n|move|p2a: Chien-Pao|Ice Spinner|p1a: Grauwind\n|-resisted|p1a: Grauwind\n|-damage|p1a: Grauwind|3\/100\n|move|p1b: Dipset|Moonblast|p2a: Chien-Pao\n|-damage|p2a: Chien-Pao|0 fnt\n|faint|p2a: Chien-Pao\n|\n|upkeep\n|\n|t:|1681761159\n|switch|p2a: Torkoal|Torkoal, L50, M|100\/100\n|-weather|SunnyDay|[from] ability: Drought|[of] p2a: Torkoal\n|turn|5\n|\n|t:|1681761245\n|move|p2b: Lilligant|After You|p2a: Torkoal\n|-activate|p2a: Torkoal|move: After You\n|move|p2a: Torkoal|Eruption|p1a: Grauwind|[spread] p1a,p1b\n|-resisted|p1a: Grauwind\n|-damage|p1a: Grauwind|0 fnt\n|-damage|p1b: Dipset|16\/100\n|faint|p1a: Grauwind\n|move|p1b: Dipset|Shadow Ball|p2a: Torkoal\n|-damage|p2a: Torkoal|30\/100\n|-unboost|p2a: Torkoal|spd|1\n|\n|-weather|SunnyDay|[upkeep]\n|upkeep\n|\n|t:|1681761259\n|switch|p1a: Vhagar|Dragonite, L50, M, tera:Normal|84\/100\n|turn|6\n|\n|t:|1681761291\n|move|p1b: Dipset|Protect|p1b: Dipset\n|-singleturn|p1b: Dipset|Protect\n|move|p1a: Vhagar|Extreme Speed|p2b: Lilligant\n|-damage|p2b: Lilligant|0 fnt\n|faint|p2b: Lilligant\n|move|p2a: Torkoal|Overheat|p1a: Vhagar\n|-damage|p1a: Vhagar|0 fnt\n|-unboost|p2a: Torkoal|spa|2\n|faint|p1a: Vhagar\n|\n|-weather|SunnyDay|[upkeep]\n|-sideend|p2: gohan92|move: Tailwind\n|upkeep\n|\n|t:|1681761302\n|switch|p2b: Dragonite|Dragonite, L50, F|60\/100\n|switch|p1a: Skarm|Amoonguss, L50, M|100\/100\n|turn|7\n|\n|t:|1681761334\n|move|p1a: Skarm|Rage Powder|p1a: Skarm\n|-singleturn|p1a: Skarm|move: Rage Powder\n|move|p1b: Dipset|Shadow Ball|p2a: Torkoal\n|-damage|p2a: Torkoal|0 fnt\n|faint|p2a: Torkoal\n|move|p2b: Dragonite|Stomping Tantrum|p1a: Skarm\n|-damage|p1a: Skarm|77\/100\n|\n|-weather|SunnyDay|[upkeep]\n|upkeep\n|turn|8\n|c|\u2606gohan92|ggwp\n|c|\u2606Goldjunge1994|gg\n|\n|t:|1681761350\n|move|p1a: Skarm|Rage Powder|p1a: Skarm\n|-singleturn|p1a: Skarm|move: Rage Powder\n|move|p1b: Dipset|Moonblast|p2b: Dragonite\n|-supereffective|p2b: Dragonite\n|-crit|p2b: Dragonite\n|-damage|p2b: Dragonite|0 fnt\n|faint|p2b: Dragonite\n|\n|win|Goldjunge1994\n","uploadtime":1681761356,"views":8,"p1id":"goldjunge1994","p2id":"gohan92","formatid":"gen9vgc2023regulationc","rating":0,"private":0,"password":""}