{"id":"gen9vgc2023regulationc-1863554778","p1":"Colloco","p2":"WHITEWOLF081","format":"[Gen 9] VGC 2023 Regulation C","log":"|j|\u2606Colloco\n|j|\u2606WHITEWOLF081\n|t:|1684033529\n|gametype|doubles\n|player|p1|Colloco|2|1105\n|player|p2|WHITEWOLF081|1|1177\n|teamsize|p1|6\n|teamsize|p2|6\n|gen|9\n|tier|[Gen 9] VGC 2023 Regulation C\n|rated|\n|rule|Species Clause: Limit one of each Pok\u00e9mon\n|rule|Item Clause: Limit one of each item\n|clearpoke\n|poke|p1|Pelipper, L50, F|\n|poke|p1|Drednaw, L50, M|\n|poke|p1|Dragonite, L50, M|\n|poke|p1|Chien-Pao, L50|\n|poke|p1|Dondozo, L50, M|\n|poke|p1|Tatsugiri, L50, F|\n|poke|p2|Torkoal, L50, F|\n|poke|p2|Grimmsnarl, L50, M|\n|poke|p2|Flutter Mane, L50|\n|poke|p2|Arcanine, L50, M|\n|poke|p2|Lilligant, L50, F|\n|poke|p2|Ting-Lu, L50|\n|teampreview|4\nWHITEWOLF081 has agreed to open team sheets.\n|\n|t:|1684033561\n|start\n|switch|p1a: Drednaw|Drednaw, L50, M|100\/100\n|switch|p1b: Dondozo|Dondozo, L50, M|100\/100\n|switch|p2a: Grimmsnarl|Grimmsnarl, L50, M, shiny|100\/100\n|switch|p2b: Flutter Mane|Flutter Mane, L50|100\/100\n|turn|1\n|\n|t:|1684033590\n|switch|p1b: Pelipper|Pelipper, L50, F|100\/100\n|-weather|RainDance|[from] ability: Drizzle|[of] p1b: Pelipper\n|move|p2b: Flutter Mane|Protect|p2b: Flutter Mane\n|-singleturn|p2b: Flutter Mane|Protect\n|move|p2a: Grimmsnarl|Reflect|p2a: Grimmsnarl\n|-sidestart|p2: WHITEWOLF081|Reflect\n|move|p1a: Drednaw|Rock Slide|p2a: Grimmsnarl|[spread] p2a\n|-activate|p2b: Flutter Mane|move: Protect\n|-damage|p2a: Grimmsnarl|65\/100\n|\n|-weather|RainDance|[upkeep]\n|upkeep\n|turn|2\n|\n|t:|1684033620\n|move|p2a: Grimmsnarl|Parting Shot|p1a: Drednaw\n|-unboost|p1a: Drednaw|atk|1\n|-unboost|p1a: Drednaw|spa|1\n|\n|t:|1684033623\n|switch|p2a: Torkoal|Torkoal, L50, F|100\/100|[from] Parting Shot\n|-weather|SunnyDay|[from] ability: Drought|[of] p2a: Torkoal\n|-activate|p2b: Flutter Mane|ability: Protosynthesis\n|-start|p2b: Flutter Mane|protosynthesisspe\n|move|p2b: Flutter Mane|Thunderbolt|p1b: Pelipper\n|-supereffective|p1b: Pelipper\n|-damage|p1b: Pelipper|0 fnt\n|faint|p1b: Pelipper\n|-damage|p2b: Flutter Mane|91\/100|[from] item: Life Orb\n|move|p1a: Drednaw|Rock Slide|p2b: Flutter Mane|[spread] p2a,p2b\n|-supereffective|p2a: Torkoal\n|-damage|p2a: Torkoal|80\/100\n|-damage|p2b: Flutter Mane|46\/100\n|\n|-weather|SunnyDay|[upkeep]\n|upkeep\n|\n|t:|1684033639\n|switch|p1b: Dondozo|Dondozo, L50, M|100\/100\n|turn|3\n|\n|t:|1684033690\n|switch|p2a: Grimmsnarl|Grimmsnarl, L50, M, shiny|65\/100\n|move|p2b: Flutter Mane|Protect|p2b: Flutter Mane\n|-singleturn|p2b: Flutter Mane|Protect\n|move|p1a: Drednaw|Rock Slide|p2a: Grimmsnarl|[spread] p2a\n|-activate|p2b: Flutter Mane|move: Protect\n|-damage|p2a: Grimmsnarl|42\/100\n|move|p1b: Dondozo|Order Up|p2b: Flutter Mane\n|-activate|p2b: Flutter Mane|move: Protect\n|\n|-weather|SunnyDay|[upkeep]\n|upkeep\n|turn|4\n|\n|t:|1684033721\n|move|p2a: Grimmsnarl|Parting Shot|p1a: Drednaw\n|-unboost|p1a: Drednaw|atk|1\n|-unboost|p1a: Drednaw|spa|1\n|\n|t:|1684033723\n|switch|p2a: Lilligant|Lilligant, L50, F|100\/100|[from] Parting Shot\n|move|p2b: Flutter Mane|Thunderbolt|p1a: Drednaw\n|-supereffective|p1a: Drednaw\n|-damage|p1a: Drednaw|0 fnt\n|faint|p1a: Drednaw\n|-damage|p2b: Flutter Mane|36\/100|[from] item: Life Orb\n|move|p1b: Dondozo|Order Up|p2b: Flutter Mane\n|-immune|p2b: Flutter Mane\n|\n|-weather|SunnyDay|[upkeep]\n|upkeep\n|\n|t:|1684033735\n|switch|p1a: Tatsugiri|Tatsugiri, L50, F|100\/100\n|-activate|p1a: Tatsugiri|ability: Commander|[of] p1b: Dondozo\n|-boost|p1b: Dondozo|atk|2\n|-boost|p1b: Dondozo|spa|2\n|-boost|p1b: Dondozo|spe|2\n|-boost|p1b: Dondozo|def|2\n|-boost|p1b: Dondozo|spd|2\n|turn|5\n|\n|t:|1684033744\n|-terastallize|p1b: Dondozo|Dragon\n|move|p2b: Flutter Mane|Protect|p2b: Flutter Mane\n|-singleturn|p2b: Flutter Mane|Protect\n|move|p2a: Lilligant|Sleep Powder|p1b: Dondozo\n|-status|p1b: Dondozo|slp|[from] move: Sleep Powder\n|cant|p1b: Dondozo|slp\n|\n|-weather|SunnyDay|[upkeep]\n|upkeep\n|turn|6\n|\n|t:|1684033755\n|-terastallize|p2b: Flutter Mane|Fairy\n|move|p2b: Flutter Mane|Dazzling Gleam|p1a: Tatsugiri|[spread] p1b\n|-miss|p2b: Flutter Mane|p1a: Tatsugiri\n|-supereffective|p1b: Dondozo\n|-damage|p1b: Dondozo|44\/100 slp\n|-damage|p2b: Flutter Mane|26\/100|[from] item: Life Orb\n|move|p2a: Lilligant|Pollen Puff|p2b: Flutter Mane\n|-heal|p2b: Flutter Mane|75\/100\n|cant|p1b: Dondozo|slp\n|move|p1b: Dondozo|Sleep Talk|p1b: Dondozo\n|move|p1b: Dondozo|Order Up|p2b: Flutter Mane|[from]move: Sleep Talk\n|-immune|p2b: Flutter Mane\n|\n|-weather|none\n|-end|p2b: Flutter Mane|Protosynthesis\n|-heal|p1b: Dondozo|50\/100 slp|[from] item: Leftovers\n|upkeep\n|turn|7\n|l|\u2606Colloco\n|player|p1|\n|inactive|Battle timer is ON: inactive players will automatically lose when time's up. (requested by WHITEWOLF081)\n|inactive|Colloco has 30 seconds to reconnect!\n|inactive|Colloco has 20 seconds to reconnect!\n|inactive|Colloco has 15 seconds to reconnect!\n|inactive|Colloco has 10 seconds to reconnect!\n|inactive|Colloco has 5 seconds to reconnect!\n|-message|Colloco lost due to inactivity.\n|\n|win|WHITEWOLF081\n|raw|Colloco's rating: 1105 → 1085<\/strong> (-20 for losing)\n|raw|WHITEWOLF081's rating: 1177 → 1197<\/strong> (+20 for winning)\n","uploadtime":1684033874,"views":9,"p1id":"colloco","p2id":"whitewolf081","formatid":"gen9vgc2023regulationc","rating":1085,"private":0,"password":""}