{"id":"gen9vgc2023regulationc-1851143882","p1":"StantlerGOAT","p2":"First try I guess","format":"[Gen 9] VGC 2023 Regulation C","log":"|j|\u2606StantlerGOAT\n|j|\u2606First try I guess\n|t:|1682416403\n|gametype|doubles\n|player|p1|StantlerGOAT|265|1090\n|player|p2|First try I guess|2|1179\n|teamsize|p1|6\n|teamsize|p2|6\n|gen|9\n|tier|[Gen 9] VGC 2023 Regulation C\n|rated|\n|rule|Species Clause: Limit one of each Pok\u00e9mon\n|rule|Item Clause: Limit one of each item\n|clearpoke\n|poke|p1|Stantler, L50, F|\n|poke|p1|Annihilape, L50, F|\n|poke|p1|Kilowattrel, L50, F|\n|poke|p1|Wigglytuff, L50, M|\n|poke|p1|Iron Hands, L50|\n|poke|p1|Indeedee-F, L50, F|\n|poke|p2|Arboliva, L50, F|\n|poke|p2|Ampharos, L50, F|\n|poke|p2|Ceruledge, L50, F|\n|poke|p2|Torkoal, L50, F|\n|poke|p2|Slither Wing, L50|\n|poke|p2|Indeedee-F, L50, F|\n|teampreview|4\n|\n|t:|1682416436\n|start\n|switch|p1a: Stantler|Stantler, L50, F|100\/100\n|switch|p1b: Annihilape|Annihilape, L50, F|100\/100\n|switch|p2a: Indeedee|Indeedee-F, L50, F|100\/100\n|switch|p2b: Ampharos|Ampharos, L50, F|100\/100\n|-fieldstart|move: Psychic Terrain|[from] ability: Psychic Surge|[of] p2a: Indeedee\n|-enditem|p2a: Indeedee|Psychic Seed\n|-boost|p2a: Indeedee|spd|1|[from] item: Psychic Seed\n|-ability|p1a: Stantler|Intimidate|boost\n|-unboost|p2a: Indeedee|atk|1\n|-unboost|p2b: Ampharos|atk|1\n|turn|1\n|inactive|Battle timer is ON: inactive players will automatically lose when time's up. (requested by StantlerGOAT)\n|inactive|First try I guess also wants the timer to be on.\n|inactive|StantlerGOAT has 60 seconds left.\n|\n|t:|1682416469\n|-terastallize|p1b: Annihilape|Fire\n|move|p1b: Annihilape|Bulk Up|p1b: Annihilape\n|-boost|p1b: Annihilape|atk|1\n|-boost|p1b: Annihilape|def|1\n|move|p1a: Stantler|Skill Swap|p2b: Ampharos\n|-activate|p1a: Stantler|move: Skill Swap|Static|Intimidate|[of] p2b: Ampharos\n|-ability|p2b: Ampharos|Intimidate|boost\n|-unboost|p1a: Stantler|atk|1\n|-unboost|p1b: Annihilape|atk|1\n|-ability|p1b: Annihilape|Defiant|boost\n|-boost|p1b: Annihilape|atk|2\n|move|p2b: Ampharos|Dazzling Gleam|p1a: Stantler|[spread] p1a,p1b\n|-resisted|p1b: Annihilape\n|-damage|p1a: Stantler|80\/100\n|-damage|p1b: Annihilape|86\/100\n|move|p2a: Indeedee|Trick Room|p2a: Indeedee\n|-fieldstart|move: Trick Room|[of] p2a: Indeedee\n|\n|-heal|p1b: Annihilape|92\/100|[from] item: Leftovers\n|upkeep\n|turn|2\n|inactive|StantlerGOAT has 30 seconds left.\n|inactive|First try I guess has 30 seconds left.\n|\n|t:|1682416500\n|switch|p2b: Slither Wing|Slither Wing, L50|100\/100\n|switch|p1a: Indeedee|Indeedee-F, L50, F|100\/100\n|move|p2a: Indeedee|Follow Me|p2a: Indeedee\n|-singleturn|p2a: Indeedee|move: Follow Me\n|move|p1b: Annihilape|Drain Punch|p2a: Indeedee\n|-damage|p2a: Indeedee|29\/100\n|-heal|p1b: Annihilape|100\/100|[from] drain|[of] p2a: Indeedee\n|\n|upkeep\n|turn|3\n|\n|t:|1682416525\n|switch|p2a: Ampharos|Ampharos, L50, F|100\/100\n|move|p1a: Indeedee|Follow Me|p1a: Indeedee\n|-singleturn|p1a: Indeedee|move: Follow Me\n|move|p2b: Slither Wing|Stomping Tantrum|p1a: Indeedee\n|-damage|p1a: Indeedee|47\/100\n|-damage|p2b: Slither Wing|91\/100|[from] item: Life Orb\n|move|p1b: Annihilape|Drain Punch|p2a: Ampharos\n|-damage|p2a: Ampharos|24\/100\n|-status|p1b: Annihilape|par|[from] ability: Static|[of] p2a: Ampharos\n|\n|upkeep\n|turn|4\n|inactive|StantlerGOAT has 30 seconds left.\n|\n|t:|1682416556\n|move|p1b: Annihilape|Drain Punch|p2b: Slither Wing\n|-resisted|p2b: Slither Wing\n|-crit|p2b: Slither Wing\n|-damage|p2b: Slither Wing|34\/100\n|move|p2a: Ampharos|Power Gem|p1b: Annihilape\n|-supereffective|p1b: Annihilape\n|-damage|p1b: Annihilape|27\/100 par\n|move|p2b: Slither Wing|Stomping Tantrum|p1a: Indeedee\n|-damage|p1a: Indeedee|0 fnt\n|faint|p1a: Indeedee\n|-damage|p2b: Slither Wing|24\/100|[from] item: Life Orb\n|\n|-heal|p1b: Annihilape|33\/100 par|[from] item: Leftovers\n|upkeep\n|\n|t:|1682416568\n|switch|p1a: Stantler|Stantler, L50, F|80\/100\n|-ability|p1a: Stantler|Intimidate|boost\n|-unboost|p2a: Ampharos|atk|1\n|-unboost|p2b: Slither Wing|atk|1\n|turn|5\n|inactive|StantlerGOAT has 30 seconds left.\n|\n|t:|1682416595\n|switch|p2a: Indeedee|Indeedee-F, L50, F|29\/100\n|move|p2b: Slither Wing|Protect|p2b: Slither Wing\n|-singleturn|p2b: Slither Wing|Protect\n|cant|p1b: Annihilape|par\n|move|p1a: Stantler|Skill Swap|p2b: Slither Wing\n|-activate|p2b: Slither Wing|move: Protect\n|\n|-heal|p1b: Annihilape|39\/100 par|[from] item: Leftovers\n|-fieldend|move: Trick Room\n|-fieldend|move: Psychic Terrain\n|upkeep\n|turn|6\n|inactive|First try I guess has 30 seconds left.\n|inactive|First try I guess has 20 seconds left.\n|inactive|First try I guess has 15 seconds left.\n|\n|t:|1682416639\n|-terastallize|p2b: Slither Wing|Flying\n|move|p1b: Annihilape|Protect|p1b: Annihilape\n|-singleturn|p1b: Annihilape|Protect\n|move|p2a: Indeedee|Psychic|p1b: Annihilape\n|-activate|p1b: Annihilape|move: Protect\n|move|p1a: Stantler|Skill Swap||[still]\n|-fail|p1a: Stantler\n|move|p2b: Slither Wing|Dual Wingbeat|p1b: Annihilape\n|-activate|p1b: Annihilape|move: Protect\n|\n|-heal|p1b: Annihilape|45\/100 par|[from] item: Leftovers\n|upkeep\n|turn|7\n|\n|t:|1682416662\n|move|p2a: Indeedee|Psychic|p1b: Annihilape\n|-damage|p1b: Annihilape|18\/100 par\n|move|p2b: Slither Wing|Dual Wingbeat|p1b: Annihilape\n|-damage|p1b: Annihilape|5\/100 par\n|-damage|p1b: Annihilape|0 fnt\n|faint|p1b: Annihilape\n|-hitcount|p1: Annihilape|2\n|-damage|p2b: Slither Wing|14\/100|[from] item: Life Orb\n|move|p1a: Stantler|Trick Room|p1a: Stantler\n|-fieldstart|move: Trick Room|[of] p1a: Stantler\n|\n|upkeep\n|\n|t:|1682416674\n|switch|p1b: Wigglytuff|Wigglytuff, L50, M|100\/100\n|turn|8\n|inactive|StantlerGOAT has 30 seconds left.\n|inactive|StantlerGOAT has 20 seconds left.\n|inactive|StantlerGOAT has 15 seconds left.\n|inactive|StantlerGOAT has 10 seconds left.\n|\n|t:|1682416720\n|move|p2a: Indeedee|Follow Me|p2a: Indeedee\n|-singleturn|p2a: Indeedee|move: Follow Me\n|move|p1b: Wigglytuff|Nasty Plot|p1b: Wigglytuff\n|-boost|p1b: Wigglytuff|spa|2\n|move|p2b: Slither Wing|Dual Wingbeat|p1b: Wigglytuff\n|-damage|p1b: Wigglytuff|70\/100\n|-damage|p1b: Wigglytuff|38\/100\n|-enditem|p1b: Wigglytuff|Sitrus Berry|[eat]\n|-heal|p1b: Wigglytuff|63\/100|[from] item: Sitrus Berry\n|-hitcount|p1b: Wigglytuff|2\n|-damage|p2b: Slither Wing|4\/100|[from] item: Life Orb\n|move|p1a: Stantler|Skill Swap|p2a: Indeedee\n|-activate|p1a: Stantler|move: Skill Swap|Psychic Surge|Intimidate|[of] p2a: Indeedee\n|-fieldstart|move: Psychic Terrain|[from] ability: Psychic Surge|[of] p1a: Stantler\n|-ability|p2a: Indeedee|Intimidate|boost\n|-unboost|p1a: Stantler|atk|1\n|-unboost|p1b: Wigglytuff|atk|1\n|-ability|p1b: Wigglytuff|Competitive|boost\n|-boost|p1b: Wigglytuff|spa|2\n|\n|upkeep\n|turn|9\n|inactive|StantlerGOAT has 30 seconds left.\n|inactive|First try I guess has 30 seconds left.\n|\n|t:|1682416750\n|move|p1b: Wigglytuff|Dazzling Gleam|p2b: Slither Wing|[spread] p2a,p2b\n|-crit|p2b: Slither Wing\n|-damage|p2a: Indeedee|0 fnt\n|-damage|p2b: Slither Wing|0 fnt\n|faint|p2a: Indeedee\n|faint|p2b: Slither Wing\n|-end|p2b: Slither Wing|Protosynthesis|[silent]\n|move|p1a: Stantler|Tera Blast|p2: Indeedee|[notarget]\n|-fail|p1a: Stantler\n|\n|upkeep\n|\n|t:|1682416760\n|switch|p2b: Arboliva|Arboliva, L50, F|100\/100\n|switch|p2a: Ampharos|Ampharos, L50, F|24\/100\n|turn|10\n|\n|t:|1682416779\n|move|p2b: Arboliva|Leech Seed|p1b: Wigglytuff\n|-start|p1b: Wigglytuff|move: Leech Seed\n|move|p1b: Wigglytuff|Dazzling Gleam|p2a: Ampharos|[spread] p2a,p2b\n|-damage|p2a: Ampharos|0 fnt\n|-damage|p2b: Arboliva|35\/100\n|-enditem|p2b: Arboliva|Sitrus Berry|[eat]\n|-heal|p2b: Arboliva|60\/100|[from] item: Sitrus Berry\n|faint|p2a: Ampharos\n|move|p1a: Stantler|Tera Blast|p2b: Arboliva\n|-damage|p2b: Arboliva|37\/100\n|\n|-damage|p1b: Wigglytuff|51\/100|[from] Leech Seed|[of] p2b: Arboliva\n|-heal|p2b: Arboliva|51\/100|[silent]\n|upkeep\n|turn|11\n|inactive|StantlerGOAT has 30 seconds left.\n|inactive|StantlerGOAT has 20 seconds left.\n|inactive|StantlerGOAT has 15 seconds left.\n|\n|t:|1682416820\n|move|p2b: Arboliva|Giga Drain|p1b: Wigglytuff\n|-damage|p1b: Wigglytuff|12\/100\n|-heal|p2b: Arboliva|75\/100|[from] drain|[of] p1b: Wigglytuff\n|move|p1b: Wigglytuff|Dazzling Gleam|p2b: Arboliva\n|-damage|p2b: Arboliva|0 fnt\n|faint|p2b: Arboliva\n|\n|win|StantlerGOAT\n|raw|StantlerGOAT's rating: 1090 → 1123<\/strong> (+33 for winning)\n|raw|First try I guess's rating: 1179 → 1148<\/strong> (-31 for losing)\n","uploadtime":1682416831,"views":15,"p1id":"stantlergoat","p2id":"firsttryiguess","formatid":"gen9vgc2023regulationc","rating":1123,"private":0,"password":""}