{"id":"gen9vgc2023regulationc-1848247189","p1":"Kiriziozar","p2":"MasterStef","format":"[Gen 9] VGC 2023 Regulation C","log":"|j|\u2606Kiriziozar\n|j|\u2606MasterStef\n|t:|1682047678\n|gametype|doubles\n|player|p1|Kiriziozar|lance|1111\n|player|p2|MasterStef|cyrus|1124\n|teamsize|p1|6\n|teamsize|p2|6\n|gen|9\n|tier|[Gen 9] VGC 2023 Regulation C\n|rated|\n|rule|Species Clause: Limit one of each Pok\u00e9mon\n|rule|Item Clause: Limit one of each item\n|clearpoke\n|poke|p1|Dondozo, L50, F|\n|poke|p1|Tatsugiri-Stretchy, L50, F|\n|poke|p1|Chi-Yu, L50|\n|poke|p1|Flutter Mane, L50|\n|poke|p1|Dragonite, L50, F|\n|poke|p1|Glimmora, L50, M|\n|poke|p2|Roaring Moon, L50|\n|poke|p2|Cryogonal, L50|\n|poke|p2|Iron Valiant, L50|\n|poke|p2|Rotom-Heat, L50|\n|poke|p2|Amoonguss, L50, M|\n|poke|p2|Kingambit, L50, M|\n|teampreview|4\nMasterStef has agreed to open team sheets.\n|inactive|Battle timer is ON: inactive players will automatically lose when time's up. (requested by MasterStef)\n|inactive|Kiriziozar has 60 seconds left.\n|inactive|MasterStef has 60 seconds left.\n|\n|t:|1682047734\n|start\n|switch|p1a: Dondozo|Dondozo, L50, F|100\/100\n|switch|p1b: Glimmora|Glimmora, L50, M|100\/100\n|switch|p2a: Roaring Moon|Roaring Moon, L50|100\/100\n|switch|p2b: Cryogonal|Cryogonal, L50|100\/100\n|turn|1\n|\n|t:|1682047756\n|move|p2a: Roaring Moon|Earthquake|p1b: Glimmora|[spread] p1a,p1b\n|-immune|p2b: Cryogonal|[from] ability: Levitate\n|-supereffective|p1b: Glimmora\n|-damage|p1a: Dondozo|84\/100\n|-enditem|p1b: Glimmora|Focus Sash\n|-damage|p1b: Glimmora|1\/100\n|-activate|p1b: Glimmora|ability: Toxic Debris\n|-sidestart|p2: MasterStef|move: Toxic Spikes\n|move|p2b: Cryogonal|Ice Beam|p1a: Dondozo\n|-resisted|p1a: Dondozo\n|-damage|p1a: Dondozo|71\/100\n|move|p1b: Glimmora|Toxic|p2b: Cryogonal\n|-status|p2b: Cryogonal|tox\n|move|p1a: Dondozo|Yawn|p2a: Roaring Moon\n|-start|p2a: Roaring Moon|move: Yawn|[of] p1a: Dondozo\n|\n|-damage|p2b: Cryogonal|95\/100 tox|[from] psn\n|upkeep\n|turn|2\n|inactive|Kiriziozar has 30 seconds left.\n|inactive|MasterStef has 30 seconds left.\n|\n|t:|1682047790\n|-end|p2a: Roaring Moon|Protosynthesis|[silent]\n|switch|p2a: Amoonguss|Amoonguss, L50, M|100\/100\n|-sideend|p2: MasterStef|move: Toxic Spikes|[of] p2a: Amoonguss\n|move|p2b: Cryogonal|Ice Shard|p1b: Glimmora\n|-damage|p1b: Glimmora|0 fnt\n|-activate|p1b: Glimmora|ability: Toxic Debris\n|-sidestart|p2: MasterStef|move: Toxic Spikes\n|faint|p1b: Glimmora\n|move|p1a: Dondozo|Yawn|p2a: Amoonguss\n|-start|p2a: Amoonguss|move: Yawn|[of] p1a: Dondozo\n|\n|-damage|p2b: Cryogonal|83\/100 tox|[from] psn\n|upkeep\n|\n|t:|1682047802\n|switch|p1b: Chi-Yu|Chi-Yu, L50|100\/100\n|-ability|p1b: Chi-Yu|Beads of Ruin\n|turn|3\n|inactive|Kiriziozar has 30 seconds left.\n|inactive|MasterStef has 30 seconds left.\n|\n|t:|1682047834\n|switch|p2a: Roaring Moon|Roaring Moon, L50|100\/100\n|-status|p2a: Roaring Moon|psn\n|-terastallize|p1b: Chi-Yu|Grass\n|move|p2b: Cryogonal|Protect|p2b: Cryogonal\n|-singleturn|p2b: Cryogonal|Protect\n|move|p1b: Chi-Yu|Flamethrower|p2a: Roaring Moon\n|-resisted|p2a: Roaring Moon\n|-damage|p2a: Roaring Moon|74\/100 psn\n|move|p1a: Dondozo|Wave Crash|p2a: Roaring Moon\n|-resisted|p2a: Roaring Moon\n|-damage|p2a: Roaring Moon|50\/100 psn\n|-damage|p1a: Dondozo|65\/100|[from] Recoil\n|\n|-damage|p2a: Roaring Moon|37\/100 psn|[from] psn\n|-damage|p2b: Cryogonal|66\/100 tox|[from] psn\n|upkeep\n|turn|4\n|inactive|MasterStef has 30 seconds left.\n|\n|t:|1682047867\n|move|p1b: Chi-Yu|Protect|p1b: Chi-Yu\n|-singleturn|p1b: Chi-Yu|Protect\n|move|p2a: Roaring Moon|Dragon Claw|p1a: Dondozo\n|-damage|p1a: Dondozo|40\/100\n|-enditem|p1a: Dondozo|Sitrus Berry|[eat]\n|-heal|p1a: Dondozo|65\/100|[from] item: Sitrus Berry\n|move|p2b: Cryogonal|Ice Beam|p1b: Chi-Yu\n|-activate|p1b: Chi-Yu|move: Protect\n|move|p1a: Dondozo|Bulldoze|p2b: Cryogonal|[spread] p2a\n|-activate|p1b: Chi-Yu|move: Protect\n|-immune|p2b: Cryogonal|[from] ability: Levitate\n|-crit|p2a: Roaring Moon\n|-damage|p2a: Roaring Moon|20\/100 psn\n|-unboost|p2a: Roaring Moon|spe|1\n|\n|-damage|p2b: Cryogonal|43\/100 tox|[from] psn\n|-damage|p2a: Roaring Moon|8\/100 psn|[from] psn\n|upkeep\n|turn|5\n|\n|t:|1682047891\n|move|p2b: Cryogonal|Ice Beam|p1b: Chi-Yu\n|-supereffective|p1b: Chi-Yu\n|-damage|p1b: Chi-Yu|28\/100\n|move|p1b: Chi-Yu|Flamethrower|p2a: Roaring Moon\n|-resisted|p2a: Roaring Moon\n|-damage|p2a: Roaring Moon|0 fnt\n|faint|p2a: Roaring Moon\n|-end|p2a: Roaring Moon|Protosynthesis|[silent]\n|move|p1a: Dondozo|Wave Crash|p2b: Cryogonal\n|-damage|p2b: Cryogonal|0 fnt\n|faint|p2b: Cryogonal\n|-damage|p1a: Dondozo|57\/100|[from] Recoil\n|\n|upkeep\n|\n|t:|1682047902\n|switch|p2a: Rotom|Rotom-Heat, L50|100\/100\n|switch|p2b: Amoonguss|Amoonguss, L50, M|100\/100\n|-sideend|p2: MasterStef|move: Toxic Spikes|[of] p2b: Amoonguss\n|turn|6\n|inactive|MasterStef has 30 seconds left.\n|inactive|MasterStef has 20 seconds left.\n|\n|t:|1682047939\n|-terastallize|p2a: Rotom|Electric\n|move|p1b: Chi-Yu|Protect|p1b: Chi-Yu\n|-singleturn|p1b: Chi-Yu|Protect\n|move|p2b: Amoonguss|Protect|p2b: Amoonguss\n|-singleturn|p2b: Amoonguss|Protect\n|move|p2a: Rotom|Thunderbolt|p1b: Chi-Yu\n|-activate|p1b: Chi-Yu|move: Protect\n|move|p1a: Dondozo|Yawn|p2a: Rotom\n|-start|p2a: Rotom|move: Yawn|[of] p1a: Dondozo\n|\n|upkeep\n|turn|7\n|inactive|MasterStef has 30 seconds left.\n|inactive|Kiriziozar has 30 seconds left.\n|\n|t:|1682047969\n|move|p1b: Chi-Yu|Flamethrower|p2a: Rotom\n|-damage|p2a: Rotom|41\/100\n|-enditem|p2a: Rotom|Sitrus Berry|[eat]\n|-heal|p2a: Rotom|65\/100|[from] item: Sitrus Berry\n|move|p2a: Rotom|Thunderbolt|p1b: Chi-Yu\n|-resisted|p1b: Chi-Yu\n|-damage|p1b: Chi-Yu|3\/100\n|move|p1a: Dondozo|Yawn|p2b: Amoonguss\n|-start|p2b: Amoonguss|move: Yawn|[of] p1a: Dondozo\n|move|p2b: Amoonguss|Spore|p1a: Dondozo\n|-status|p1a: Dondozo|slp|[from] move: Spore\n|\n|-end|p2a: Rotom|move: Yawn|[silent]\n|-status|p2a: Rotom|slp\n|upkeep\n|turn|8\n|\n|t:|1682047992\n|switch|p1a: Flutter Mane|Flutter Mane, L50|100\/100\n|-enditem|p1a: Flutter Mane|Booster Energy\n|-activate|p1a: Flutter Mane|ability: Protosynthesis|[fromitem]\n|-start|p1a: Flutter Mane|protosynthesisspe\n|cant|p2a: Rotom|slp\n|move|p1b: Chi-Yu|Flamethrower|p2a: Rotom\n|-damage|p2a: Rotom|0 fnt\n|faint|p2a: Rotom\n|move|p2b: Amoonguss|Pollen Puff|p1b: Chi-Yu\n|-supereffective|p1b: Chi-Yu\n|-damage|p1b: Chi-Yu|0 fnt\n|faint|p1b: Chi-Yu\n|\n|-end|p2b: Amoonguss|move: Yawn|[silent]\n|-status|p2b: Amoonguss|slp\n|upkeep\n|\n|t:|1682048003\n|switch|p1b: Dondozo|Dondozo, L50, F|57\/100 slp\n|turn|9\n|\n|t:|1682048008\n|cant|p2b: Amoonguss|slp\n|move|p1a: Flutter Mane|Hex|p2b: Amoonguss\n|-damage|p2b: Amoonguss|45\/100 slp\n|cant|p1b: Dondozo|slp\n|\n|-heal|p2b: Amoonguss|51\/100 slp|[from] item: Leftovers\n|upkeep\n|turn|10\n|\n|t:|1682048014\n|cant|p2b: Amoonguss|slp\n|move|p1a: Flutter Mane|Hex|p2b: Amoonguss\n|-damage|p2b: Amoonguss|0 fnt\n|faint|p2b: Amoonguss\n|\n|win|Kiriziozar\n|raw|Kiriziozar's rating: 1111 → 1137<\/strong> (+26 for winning)\n|raw|MasterStef's rating: 1124 → 1098<\/strong> (-26 for losing)\n|l|\u2606MasterStef\n","uploadtime":1682048021,"views":9,"p1id":"kiriziozar","p2id":"masterstef","formatid":"gen9vgc2023regulationc","rating":1098,"private":0,"password":""}