{"id":"gen9vgc2023regulationc-1855984274","p1":"Bayo559","p2":"absolic22","format":"[Gen 9] VGC 2023 Regulation C","log":"|j|\u2606Bayo559\n|j|\u2606absolic22\n|t:|1683012037\n|gametype|doubles\n|player|p1|Bayo559|265|1373\n|player|p2|absolic22|265|1353\n|teamsize|p1|6\n|teamsize|p2|6\n|gen|9\n|tier|[Gen 9] VGC 2023 Regulation C\n|rated|\n|rule|Species Clause: Limit one of each Pok\u00e9mon\n|rule|Item Clause: Limit one of each item\n|clearpoke\n|poke|p1|Dragonite, L50, M|\n|poke|p1|Gyarados, L50, F|\n|poke|p1|Arcanine, L50, M|\n|poke|p1|Gengar, L50, M|\n|poke|p1|Electrode, L50|\n|poke|p1|Amoonguss, L50, F|\n|poke|p2|Scizor, L50, F|\n|poke|p2|Dragonite, L50, M|\n|poke|p2|Iron Bundle, L50|\n|poke|p2|Arcanine, L50, M|\n|poke|p2|Chi-Yu, L50|\n|poke|p2|Grimmsnarl, L50, M|\n|teampreview|4\n|j| WeirdPolyCouple\n|inactive|Battle timer is ON: inactive players will automatically lose when time's up. (requested by absolic22)\n|\n|t:|1683012125\n|start\n|switch|p1a: Electrode|Electrode, L50|100\/100\n|switch|p1b: Gyarados|Gyarados, L50, F|100\/100\n|switch|p2a: Chi-Yu|Chi-Yu, L50|100\/100\n|switch|p2b: Grimmsnarl|Grimmsnarl, L50, M|100\/100\n|-ability|p2a: Chi-Yu|Beads of Ruin\n|turn|1\n|\n|t:|1683012143\n|move|p2b: Grimmsnarl|Fake Tears|p1b: Gyarados\n|-fail|p1b: Gyarados|unboost|[from] item: Clear Amulet|[of] p1b: Gyarados\n|move|p1a: Electrode|Eerie Impulse|p2a: Chi-Yu\n|-unboost|p2a: Chi-Yu|spa|2\n|move|p2a: Chi-Yu|Dark Pulse|p1b: Gyarados\n|-damage|p1b: Gyarados|71\/100\n|move|p1b: Gyarados|Dragon Dance|p1b: Gyarados\n|-boost|p1b: Gyarados|atk|1\n|-boost|p1b: Gyarados|spe|1\n|\n|upkeep\n|turn|2\n|inactive|Bayo559 has 30 seconds left.\n|inactive|absolic22 has 30 seconds left.\n|\n|t:|1683012172\n|switch|p1a: Dragonite|Dragonite, L50, M|100\/100\n|switch|p2a: Arcanine|Arcanine, L50, M|100\/100\n|-ability|p2a: Arcanine|Intimidate|boost\n|-unboost|p1a: Dragonite|atk|1\n|-fail|p1b: Gyarados|unboost|[from] item: Clear Amulet|[of] p1b: Gyarados\n|-terastallize|p1b: Gyarados|Ground\n|move|p2b: Grimmsnarl|Thunder Wave|p1b: Gyarados\n|-immune|p1b: Gyarados\n|move|p1b: Gyarados|Earthquake|p2a: Arcanine|[spread] p2a,p2b\n|-immune|p1a: Dragonite\n|-supereffective|p2a: Arcanine\n|-damage|p2a: Arcanine|0 fnt\n|-damage|p2b: Grimmsnarl|28\/100\n|faint|p2a: Arcanine\n|-ability|p1b: Gyarados|Moxie|boost\n|-boost|p1b: Gyarados|atk|1\n|\n|upkeep\n|\n|t:|1683012188\n|switch|p2a: Iron Bundle|Iron Bundle, L50|100\/100\n|turn|3\n|inactive|Bayo559 has 30 seconds left.\n|inactive|absolic22 has 30 seconds left.\n|\n|t:|1683012216\n|move|p1a: Dragonite|Extreme Speed|p2a: Iron Bundle\n|-damage|p2a: Iron Bundle|74\/100\n|move|p2b: Grimmsnarl|Thunder Wave|p1a: Dragonite\n|-status|p1a: Dragonite|par\n|move|p1b: Gyarados|Earthquake|p2b: Grimmsnarl|[spread] p2a,p2b\n|-immune|p1a: Dragonite\n|-damage|p2a: Iron Bundle|0 fnt\n|-damage|p2b: Grimmsnarl|0 fnt\n|faint|p2a: Iron Bundle\n|-end|p2a: Iron Bundle|Quark Drive|[silent]\n|faint|p2b: Grimmsnarl\n|-ability|p1b: Gyarados|Moxie|boost\n|-boost|p1b: Gyarados|atk|2\n|\n|upkeep\n|\n|t:|1683012228\n|switch|p2b: Chi-Yu|Chi-Yu, L50|100\/100\n|-ability|p2b: Chi-Yu|Beads of Ruin\n|turn|4\n|\n|t:|1683012240\n|switch|p1a: Electrode|Electrode, L50|100\/100\n|-terastallize|p2b: Chi-Yu|Water\n|move|p1b: Gyarados|Waterfall|p2b: Chi-Yu\n|-resisted|p2b: Chi-Yu\n|-damage|p2b: Chi-Yu|4\/100\n|move|p2b: Chi-Yu|Heat Wave|p1b: Gyarados|[spread] p1a,p1b\n|-damage|p1a: Electrode|33\/100\n|-damage|p1b: Gyarados|20\/100\n|\n|upkeep\n|turn|5\n|\n|t:|1683012255\n|move|p1a: Electrode|Thunderbolt|p2b: Chi-Yu\n|-supereffective|p2b: Chi-Yu\n|-damage|p2b: Chi-Yu|0 fnt\n|faint|p2b: Chi-Yu\n|\n|win|Bayo559\n|raw|Bayo559's rating: 1373 → 1392<\/strong> (+19 for winning)\n|raw|absolic22's rating: 1353 → 1334<\/strong> (-19 for losing)\n|l|\u2606absolic22\n","uploadtime":1683012289,"views":17,"p1id":"bayo559","p2id":"absolic22","formatid":"gen9vgc2023regulationc","rating":1334,"private":0,"password":""}