{"id":"gen9vgc2023regulationc-1852655696","p1":"SleepyBadGirl","p2":"marinkitagawa3","format":"[Gen 9] VGC 2023 Regulation C","log":"|j|\u2606SleepyBadGirl\n|j|\u2606marinkitagawa3\n|t:|1682592015\n|gametype|doubles\n|player|p1|SleepyBadGirl|nate|1650\n|player|p2|marinkitagawa3|beauty-gen4dp|1696\n|teamsize|p1|6\n|teamsize|p2|6\n|gen|9\n|tier|[Gen 9] VGC 2023 Regulation C\n|rated|\n|rule|Species Clause: Limit one of each Pok\u00e9mon\n|rule|Item Clause: Limit one of each item\n|clearpoke\n|poke|p1|Talonflame, L50, F|\n|poke|p1|Chi-Yu, L50|\n|poke|p1|Iron Bundle, L50|\n|poke|p1|Flutter Mane, L50|\n|poke|p1|Abomasnow, L50, F|\n|poke|p1|Garchomp, L50, M|\n|poke|p2|Dondozo, L50, M|\n|poke|p2|Tatsugiri, L50, M|\n|poke|p2|Corviknight, L50, M|\n|poke|p2|Ting-Lu, L50|\n|poke|p2|Glimmora, L50, F|\n|poke|p2|Flutter Mane, L50|\n|teampreview|4\n|inactive|Battle timer is ON: inactive players will automatically lose when time's up. (requested by SleepyBadGirl)\n|j| john_yakuza77\n|\n|t:|1682592043\n|start\n|switch|p1a: Iron Bundle|Iron Bundle, L50|100\/100\n|switch|p1b: Abomasnow|Abomasnow, L50, F|100\/100\n|switch|p2a: Glimmora|Glimmora, L50, F|100\/100\n|switch|p2b: Ting-Lu|Ting-Lu, L50|100\/100\n|-weather|Snow|[from] ability: Snow Warning|[of] p1b: Abomasnow\n|-ability|p2b: Ting-Lu|Vessel of Ruin\n|turn|1\n|\n|t:|1682592055\n|-terastallize|p1a: Iron Bundle|Ice\n|move|p1b: Abomasnow|Helping Hand|p1a: Iron Bundle\n|-singleturn|p1a: Iron Bundle|Helping Hand|[of] p1b: Abomasnow\n|move|p1a: Iron Bundle|Blizzard|p2b: Ting-Lu|[spread] p2a,p2b\n|-supereffective|p2b: Ting-Lu\n|-damage|p2a: Glimmora|30\/100\n|-damage|p2b: Ting-Lu|0 fnt\n|faint|p2b: Ting-Lu\n|move|p2a: Glimmora|Mortal Spin|p1a: Iron Bundle|[spread] p1a,p1b\n|-supereffective|p1b: Abomasnow\n|-damage|p1a: Iron Bundle|97\/100\n|-damage|p1b: Abomasnow|92\/100\n|-status|p1a: Iron Bundle|psn\n|-status|p1b: Abomasnow|psn\n|\n|-weather|Snow|[upkeep]\n|-damage|p1a: Iron Bundle|85\/100 psn|[from] psn\n|-damage|p1b: Abomasnow|80\/100 psn|[from] psn\n|upkeep\n|\n|t:|1682592066\n|switch|p2b: Dondozo|Dondozo, L50, M|100\/100\n|turn|2\n|\n|t:|1682592073\n|-end|p1a: Iron Bundle|Quark Drive|[silent]\n|switch|p1a: Talonflame|Talonflame, L50, F|100\/100\n|move|p2b: Dondozo|Protect|p2b: Dondozo\n|-singleturn|p2b: Dondozo|Protect\n|move|p2a: Glimmora|Venoshock|p1a: Talonflame\n|-damage|p1a: Talonflame|56\/100\n|move|p1b: Abomasnow|Aurora Veil|p1b: Abomasnow\n|-sidestart|p1: SleepyBadGirl|move: Aurora Veil\n|\n|-weather|Snow|[upkeep]\n|-damage|p1b: Abomasnow|68\/100 psn|[from] psn\n|upkeep\n|turn|3\n|\n|t:|1682592087\n|move|p1a: Talonflame|Will-O-Wisp|p2b: Dondozo\n|-status|p2b: Dondozo|brn\n|move|p2a: Glimmora|Power Gem|p1a: Talonflame\n|-supereffective|p1a: Talonflame\n|-damage|p1a: Talonflame|0 fnt\n|faint|p1a: Talonflame\n|move|p1b: Abomasnow|Blizzard|p2b: Dondozo|[spread] p2a,p2b\n|-resisted|p2b: Dondozo\n|-damage|p2a: Glimmora|3\/100\n|-damage|p2b: Dondozo|83\/100 brn\n|move|p2b: Dondozo|Substitute|p2b: Dondozo\n|-start|p2b: Dondozo|Substitute\n|-damage|p2b: Dondozo|58\/100 brn\n|\n|-weather|Snow|[upkeep]\n|-heal|p2b: Dondozo|64\/100 brn|[from] item: Leftovers\n|-damage|p1b: Abomasnow|56\/100 psn|[from] psn\n|-damage|p2b: Dondozo|58\/100 brn|[from] brn\n|upkeep\n|\n|t:|1682592099\n|switch|p1a: Chi-Yu|Chi-Yu, L50|100\/100\n|-ability|p1a: Chi-Yu|Beads of Ruin\n|turn|4\n|\n|t:|1682592105\n|move|p1b: Abomasnow|Ice Shard|p2a: Glimmora\n|-damage|p2a: Glimmora|0 fnt\n|-activate|p2a: Glimmora|ability: Toxic Debris\n|-sidestart|p1: SleepyBadGirl|move: Toxic Spikes\n|faint|p2a: Glimmora\n|move|p1a: Chi-Yu|Dark Pulse|p2b: Dondozo\n|-end|p2b: Dondozo|Substitute\n|move|p2b: Dondozo|Earthquake|p1b: Abomasnow|[spread] p1a,p1b\n|-supereffective|p1a: Chi-Yu\n|-resisted|p1b: Abomasnow\n|-damage|p1a: Chi-Yu|77\/100\n|-damage|p1b: Abomasnow|52\/100 psn\n|\n|-weather|Snow|[upkeep]\n|-heal|p2b: Dondozo|64\/100 brn|[from] item: Leftovers\n|-damage|p1b: Abomasnow|40\/100 psn|[from] psn\n|-damage|p2b: Dondozo|58\/100 brn|[from] brn\n|upkeep\n|\n|t:|1682592116\n|switch|p2a: Tatsugiri|Tatsugiri, L50, M|100\/100\n|-activate|p2a: Tatsugiri|ability: Commander|[of] p2b: Dondozo\n|-boost|p2b: Dondozo|atk|2\n|-boost|p2b: Dondozo|spa|2\n|-boost|p2b: Dondozo|spe|2\n|-boost|p2b: Dondozo|def|2\n|-boost|p2b: Dondozo|spd|2\n|turn|5\n|\n|t:|1682592123\n|move|p1b: Abomasnow|Helping Hand|p1a: Chi-Yu\n|-singleturn|p1a: Chi-Yu|Helping Hand|[of] p1b: Abomasnow\n|move|p2b: Dondozo|Protect|p2b: Dondozo\n|-singleturn|p2b: Dondozo|Protect\n|move|p1a: Chi-Yu|Dark Pulse|p2b: Dondozo\n|-activate|p2b: Dondozo|move: Protect\n|\n|-weather|none\n|-heal|p2b: Dondozo|64\/100 brn|[from] item: Leftovers\n|-damage|p1b: Abomasnow|28\/100 psn|[from] psn\n|-damage|p2b: Dondozo|58\/100 brn|[from] brn\n|upkeep\n|turn|6\n|\n|t:|1682592131\n|move|p1b: Abomasnow|Helping Hand|p1a: Chi-Yu\n|-singleturn|p1a: Chi-Yu|Helping Hand|[of] p1b: Abomasnow\n|move|p1a: Chi-Yu|Dark Pulse|p2b: Dondozo\n|-damage|p2b: Dondozo|15\/100 brn\n|move|p2b: Dondozo|Earthquake|p1b: Abomasnow|[spread] p1a,p1b\n|-miss|p2b: Dondozo|p2a: Tatsugiri\n|-supereffective|p1a: Chi-Yu\n|-resisted|p1b: Abomasnow\n|-damage|p1a: Chi-Yu|32\/100\n|-damage|p1b: Abomasnow|18\/100 psn\n|\n|-heal|p2b: Dondozo|21\/100 brn|[from] item: Leftovers\n|-damage|p1b: Abomasnow|6\/100 psn|[from] psn\n|-damage|p2b: Dondozo|15\/100 brn|[from] brn\n|-sideend|p1: SleepyBadGirl|move: Aurora Veil\n|upkeep\n|turn|7\n|\n|t:|1682592142\n|switch|p1b: Iron Bundle|Iron Bundle, L50, tera:Ice|85\/100 psn\n|move|p1a: Chi-Yu|Dark Pulse|p2b: Dondozo\n|-damage|p2b: Dondozo|0 fnt\n|faint|p2b: Dondozo\n|\n|-damage|p1b: Iron Bundle|73\/100 psn|[from] psn\n|upkeep\n|turn|8\n|\n|t:|1682592150\n|-terastallize|p2a: Tatsugiri|Dragon\n|move|p1a: Chi-Yu|Dark Pulse|p2a: Tatsugiri\n|-damage|p2a: Tatsugiri|19\/100\n|cant|p2a: Tatsugiri|flinch\n|move|p1b: Iron Bundle|Freeze-Dry|p2a: Tatsugiri\n|-supereffective|p2a: Tatsugiri\n|-damage|p2a: Tatsugiri|0 fnt\n|faint|p2a: Tatsugiri\n|\n|win|SleepyBadGirl\n|raw|SleepyBadGirl's rating: 1650 → 1673<\/strong> (+23 for winning)\n|raw|marinkitagawa3's rating: 1696 → 1673<\/strong> (-23 for losing)\n|l|\u2606marinkitagawa3\n","uploadtime":1682592172,"views":6,"p1id":"sleepybadgirl","p2id":"marinkitagawa3","formatid":"gen9vgc2023regulationc","rating":1673,"private":0,"password":""}