{"id":"gen9vgc2023regulationc-1846853845","p1":"JohanDK","p2":"Koenigambit","format":"[Gen 9] VGC 2023 Regulation C","log":"|j|\u2606JohanDK\n|j|\u2606Koenigambit\n|t:|1681890860\n|gametype|doubles\n|player|p1|JohanDK|2|1243\n|player|p2|Koenigambit|1|1256\n|teamsize|p1|6\n|teamsize|p2|6\n|gen|9\n|tier|[Gen 9] VGC 2023 Regulation C\n|rated|\n|rule|Species Clause: Limit one of each Pok\u00e9mon\n|rule|Item Clause: Limit one of each item\n|clearpoke\n|poke|p1|Gyarados, L50, M|\n|poke|p1|Flutter Mane, L50|\n|poke|p1|Amoonguss, L50, F|\n|poke|p1|Roaring Moon, L50|\n|poke|p1|Chien-Pao, L50|\n|poke|p1|Palafin, L50, F|\n|poke|p2|Maushold, L50|\n|poke|p2|Annihilape, L50, M|\n|poke|p2|Iron Bundle, L50|\n|poke|p2|Arcanine, L50, M|\n|poke|p2|Gholdengo, L50|\n|poke|p2|Roaring Moon, L50|\n|teampreview|4\n|inactive|Battle timer is ON: inactive players will automatically lose when time's up. (requested by Koenigambit)\n|inactive|JohanDK has 60 seconds left.\n|\n|t:|1681890922\n|start\n|switch|p1a: Gyarados|Gyarados, L50, M, shiny|100\/100\n|switch|p1b: Orumaito|Palafin, L50, F, shiny|100\/100\n|switch|p2a: Maushold|Maushold, L50|100\/100\n|switch|p2b: Gholdengo|Gholdengo, L50|100\/100\n|-ability|p1a: Gyarados|Intimidate|boost\n|-unboost|p2a: Maushold|atk|1\n|-unboost|p2b: Gholdengo|atk|1\n|turn|1\n|inactive|JohanDK has 30 seconds left.\n|\n|t:|1681890952\n|move|p2a: Maushold|Follow Me|p2a: Maushold\n|-singleturn|p2a: Maushold|move: Follow Me\n|move|p1b: Orumaito|Flip Turn|p2a: Maushold\n|-damage|p2a: Maushold|79\/100\n|\n|t:|1681890959\n|detailschange|p1b: Orumaito|Palafin-Hero, L50, F, shiny\n|switch|p1b: Chien-Pao|Chien-Pao, L50|100\/100|[from] Flip Turn\n|-ability|p1b: Chien-Pao|Sword of Ruin\n|move|p1a: Gyarados|Waterfall|p2a: Maushold\n|-damage|p2a: Maushold|31\/100\n|move|p2b: Gholdengo|Nasty Plot|p2b: Gholdengo\n|-boost|p2b: Gholdengo|spa|2\n|\n|upkeep\n|turn|2\n|inactive|JohanDK has 30 seconds left.\n|inactive|Koenigambit has 30 seconds left.\n|\n|t:|1681890995\n|-terastallize|p2b: Gholdengo|Water\n|move|p2a: Maushold|Follow Me|p2a: Maushold\n|-singleturn|p2a: Maushold|move: Follow Me\n|move|p1b: Chien-Pao|Ice Spinner|p2a: Maushold\n|-damage|p2a: Maushold|0 fnt\n|faint|p2a: Maushold\n|move|p1a: Gyarados|Waterfall|p2b: Gholdengo\n|-resisted|p2b: Gholdengo\n|-damage|p2b: Gholdengo|79\/100\n|move|p2b: Gholdengo|Make It Rain|p1b: Chien-Pao|[spread] p1a,p1b\n|-resisted|p1a: Gyarados\n|-supereffective|p1b: Chien-Pao\n|-damage|p1a: Gyarados|65\/100\n|-enditem|p1b: Chien-Pao|Focus Sash\n|-damage|p1b: Chien-Pao|1\/100\n|-unboost|p2b: Gholdengo|spa|1\n|\n|-heal|p2b: Gholdengo|85\/100|[from] item: Leftovers\n|upkeep\n|\n|t:|1681891011\n|switch|p2a: Arcanine|Arcanine, L50, M|100\/100\n|-ability|p2a: Arcanine|Intimidate|boost\n|-unboost|p1a: Gyarados|atk|1\n|-unboost|p1b: Chien-Pao|atk|1\n|turn|3\n|\n|t:|1681891031\n|switch|p1a: Orumaito|Palafin-Hero, L50, F, shiny|100\/100\n|-activate|p1a: Orumaito|ability: Zero to Hero\n|move|p1b: Chien-Pao|Protect|p1b: Chien-Pao\n|-singleturn|p1b: Chien-Pao|Protect\n|move|p2a: Arcanine|Extreme Speed|p1b: Chien-Pao\n|-activate|p1b: Chien-Pao|move: Protect\n|move|p2b: Gholdengo|Shadow Ball|p1a: Orumaito\n|-damage|p1a: Orumaito|40\/100\n|-unboost|p1a: Orumaito|spd|1\n|\n|-heal|p2b: Gholdengo|92\/100|[from] item: Leftovers\n|upkeep\n|turn|4\n|inactive|JohanDK has 30 seconds left.\n|inactive|Koenigambit has 30 seconds left.\n|\n|t:|1681891059\n|switch|p1b: Gyarados|Gyarados, L50, M, shiny|65\/100\n|-ability|p1b: Gyarados|Intimidate|boost\n|-unboost|p2a: Arcanine|atk|1\n|-unboost|p2b: Gholdengo|atk|1\n|-terastallize|p1a: Orumaito|Water\n|move|p2a: Arcanine|Extreme Speed|p1b: Gyarados\n|-damage|p1b: Gyarados|51\/100\n|move|p1a: Orumaito|Wave Crash|p2a: Arcanine\n|-supereffective|p2a: Arcanine\n|-damage|p2a: Arcanine|0 fnt\n|faint|p2a: Arcanine\n|-damage|p1a: Orumaito|4\/100|[from] Recoil\n|move|p2b: Gholdengo|Shadow Ball|p1a: Orumaito\n|-damage|p1a: Orumaito|0 fnt\n|faint|p1a: Orumaito\n|\n|-heal|p2b: Gholdengo|98\/100|[from] item: Leftovers\n|upkeep\n|\n|t:|1681891083\n|switch|p1a: Flutter Mane|Flutter Mane, L50, shiny|100\/100\n|switch|p2a: Iron Bundle|Iron Bundle, L50|100\/100\n|turn|5\n|\n|t:|1681891102\n|move|p2a: Iron Bundle|Icy Wind|p1a: Flutter Mane|[spread] p1a,p1b\n|-damage|p1a: Flutter Mane|79\/100\n|-damage|p1b: Gyarados|34\/100\n|-unboost|p1a: Flutter Mane|spe|1\n|-unboost|p1b: Gyarados|spe|1\n|move|p2b: Gholdengo|Make It Rain|p1b: Gyarados|[spread] p1a,p1b\n|-supereffective|p1a: Flutter Mane\n|-resisted|p1b: Gyarados\n|-damage|p1a: Flutter Mane|0 fnt\n|-damage|p1b: Gyarados|5\/100\n|-unboost|p2b: Gholdengo|spa|1\n|faint|p1a: Flutter Mane\n|-end|p1a: Flutter Mane|Protosynthesis|[silent]\n|move|p1b: Gyarados|Thunder Wave|p2a: Iron Bundle\n|-status|p2a: Iron Bundle|par\n|\n|-heal|p2b: Gholdengo|100\/100|[from] item: Leftovers\n|upkeep\n|\n|t:|1681891120\n|switch|p1a: Chien-Pao|Chien-Pao, L50|1\/100\n|-ability|p1a: Chien-Pao|Sword of Ruin\n|turn|6\n|\n|t:|1681891129\n|move|p1a: Chien-Pao|Sucker Punch|p2a: Iron Bundle\n|-damage|p2a: Iron Bundle|47\/100 par\n|move|p2b: Gholdengo|Make It Rain|p1a: Chien-Pao|[spread] p1a,p1b\n|-supereffective|p1a: Chien-Pao\n|-resisted|p1b: Gyarados\n|-damage|p1a: Chien-Pao|0 fnt\n|-damage|p1b: Gyarados|0 fnt\n|-unboost|p2b: Gholdengo|spa|1\n|faint|p1a: Chien-Pao\n|faint|p1b: Gyarados\n|\n|win|Koenigambit\n|raw|JohanDK's rating: 1243 → 1219<\/strong> (-24 for losing)\n|raw|Koenigambit's rating: 1256 → 1280<\/strong> (+24 for winning)\n","uploadtime":1681891147,"views":12,"p1id":"johandk","p2id":"koenigambit","formatid":"gen9vgc2023regulationc","rating":1219,"private":0,"password":""}