{"id":"gen9vgc2023regulationc-1857180346","p1":"Aotn091","p2":"Maximaeus","format":"[Gen 9] VGC 2023 Regulation C","log":"|j|\u2606Aotn091\n|j|\u2606Maximaeus\n|t:|1683154729\n|gametype|doubles\n|player|p1|Aotn091|169|1103\n|player|p2|Maximaeus|unknown|1084\n|teamsize|p1|6\n|teamsize|p2|6\n|gen|9\n|tier|[Gen 9] VGC 2023 Regulation C\n|rated|\n|rule|Species Clause: Limit one of each Pok\u00e9mon\n|rule|Item Clause: Limit one of each item\n|clearpoke\n|poke|p1|Tauros-Paldea-Combat, L50, M|\n|poke|p1|Annihilape, L50, F|\n|poke|p1|Arcanine, L50, M|\n|poke|p1|Rotom-Wash, L50|\n|poke|p1|Flutter Mane, L50|\n|poke|p1|Amoonguss, L50, F|\n|poke|p2|Wo-Chien, L50|\n|poke|p2|Glimmora, L50, F|\n|poke|p2|Tsareena, L50, F|\n|poke|p2|Blissey, L50, F|\n|poke|p2|Gothitelle, L50, F|\n|poke|p2|Scream Tail, L50|\n|teampreview|4\n|\n|t:|1683154738\n|start\n|switch|p1a: Tauros|Tauros-Paldea-Combat, L50, M|100\/100\n|switch|p1b: Amoonguss|Amoonguss, L50, F|100\/100\n|switch|p2a: Wo-Chien|Wo-Chien, L50|100\/100\n|switch|p2b: Glimmora|Glimmora, L50, F|100\/100\n|-ability|p1a: Tauros|Intimidate|boost\n|-unboost|p2a: Wo-Chien|atk|1\n|-unboost|p2b: Glimmora|atk|1\n|-ability|p2a: Wo-Chien|Tablets of Ruin\n|turn|1\n|\n|t:|1683154764\n|switch|p2a: Tsareena|Tsareena, L50, F|100\/100\n|move|p1b: Amoonguss|Rage Powder|p1b: Amoonguss\n|-singleturn|p1b: Amoonguss|move: Rage Powder\n|move|p1a: Tauros|Curse|p1a: Tauros\n|-unboost|p1a: Tauros|spe|1\n|-boost|p1a: Tauros|atk|1\n|-boost|p1a: Tauros|def|1\n|move|p2b: Glimmora|Mortal Spin|p1a: Tauros|[spread] p1a,p1b\n|-damage|p1a: Tauros|99\/100\n|-damage|p1b: Amoonguss|98\/100\n|-status|p1a: Tauros|psn\n|-enditem|p1a: Tauros|Lum Berry|[eat]\n|-curestatus|p1a: Tauros|psn|[msg]\n|\n|upkeep\n|turn|2\n|\n|t:|1683154790\n|move|p1b: Amoonguss|Rage Powder|p1b: Amoonguss\n|-singleturn|p1b: Amoonguss|move: Rage Powder\n|move|p2b: Glimmora|Mortal Spin|p1b: Amoonguss|[spread] p1a,p1b\n|-damage|p1a: Tauros|97\/100\n|-damage|p1b: Amoonguss|95\/100\n|-status|p1a: Tauros|psn\n|move|p2a: Tsareena|Reflect|p2a: Tsareena\n|-sidestart|p2: Maximaeus|Reflect\n|move|p1a: Tauros|Curse|p1a: Tauros\n|-unboost|p1a: Tauros|spe|1\n|-boost|p1a: Tauros|atk|1\n|-boost|p1a: Tauros|def|1\n|\n|-damage|p1a: Tauros|85\/100 psn|[from] psn\n|upkeep\n|turn|3\n|\n|t:|1683154817\n|-terastallize|p1a: Tauros|Ghost\n|move|p2b: Glimmora|Stealth Rock|p1a: Tauros\n|-sidestart|p1: Aotn091|move: Stealth Rock\n|move|p2a: Tsareena|Acupressure|p2a: Tsareena\n|-boost|p2a: Tsareena|accuracy|2\n|move|p1a: Tauros|Tera Blast|p2a: Tsareena\n|-damage|p2a: Tsareena|47\/100\n|move|p1b: Amoonguss|Spore|p2b: Glimmora\n|-status|p2b: Glimmora|slp|[from] move: Spore\n|\n|-damage|p1a: Tauros|72\/100 psn|[from] psn\n|upkeep\n|turn|4\n|\n|t:|1683154838\n|switch|p2b: Wo-Chien|Wo-Chien, L50|100\/100\n|-ability|p2b: Wo-Chien|Tablets of Ruin\n|move|p2a: Tsareena|Light Screen|p2a: Tsareena\n|-sidestart|p2: Maximaeus|move: Light Screen\n|move|p1a: Tauros|Tera Blast|p2b: Wo-Chien\n|-resisted|p2b: Wo-Chien\n|-damage|p2b: Wo-Chien|87\/100\n|move|p1b: Amoonguss|Sludge Bomb|p2a: Tsareena\n|-supereffective|p2a: Tsareena\n|-damage|p2a: Tsareena|22\/100\n|\n|-heal|p2b: Wo-Chien|94\/100|[from] item: Leftovers\n|-damage|p1a: Tauros|60\/100 psn|[from] psn\n|upkeep\n|turn|5\n|\n|t:|1683154869\n|switch|p2b: Blissey|Blissey, L50, F|100\/100\n|move|p2a: Tsareena|Acupressure|p2b: Blissey\n|-boost|p2b: Blissey|spa|2\n|move|p1a: Tauros|Close Combat|p2b: Blissey\n|-supereffective|p2b: Blissey\n|-damage|p2b: Blissey|0 fnt\n|-unboost|p1a: Tauros|def|1\n|-unboost|p1a: Tauros|spd|1\n|faint|p2b: Blissey\n|move|p1b: Amoonguss|Sludge Bomb|p2a: Tsareena\n|-supereffective|p2a: Tsareena\n|-damage|p2a: Tsareena|0 fnt\n|faint|p2a: Tsareena\n|\n|-damage|p1a: Tauros|48\/100 psn|[from] psn\n|upkeep\n|-message|Maximaeus forfeited.\n|\n|win|Aotn091\n|raw|Aotn091's rating: 1103 → 1127<\/strong> (+24 for winning)\n|raw|Maximaeus's rating: 1084 → 1063<\/strong> (-21 for losing)\n|l|\u2606Maximaeus\n","uploadtime":1683154888,"views":7,"p1id":"aotn091","p2id":"maximaeus","formatid":"gen9vgc2023regulationc","rating":1063,"private":0,"password":""}