{"id":"gen9vgc2023regulationc-1854498499","p1":"Infernape314","p2":"b(R)2","format":"[Gen 9] VGC 2023 Regulation C","log":"|j|\u2606Infernape314\n|j|\u2606b(R)2\n|t:|1682818756\n|gametype|doubles\n|player|p1|Infernape314|flint|1269\n|player|p2|b(R)2|266|1194\n|teamsize|p1|6\n|teamsize|p2|6\n|gen|9\n|tier|[Gen 9] VGC 2023 Regulation C\n|rated|\n|rule|Species Clause: Limit one of each Pok\u00e9mon\n|rule|Item Clause: Limit one of each item\n|clearpoke\n|poke|p1|Palafin, L50, F|\n|poke|p1|Amoonguss, L50, M|\n|poke|p1|Pelipper, L50, F|\n|poke|p1|Iron Hands, L50|\n|poke|p1|Chien-Pao, L50|\n|poke|p1|Salamence, L50, F|\n|poke|p2|Tatsugiri, L50, F|\n|poke|p2|Arcanine, L50, F|\n|poke|p2|Annihilape, L50, M|\n|poke|p2|Dondozo, L50, M|\n|poke|p2|Amoonguss, L50, M|\n|poke|p2|Ting-Lu, L50|\n|teampreview|4\n|inactive|Battle timer is ON: inactive players will automatically lose when time's up. (requested by Infernape314)\nb(R)2 has agreed to open team sheets.\n|inactive|Infernape314 has 60 seconds left.\n|inactive|b(R)2 has 60 seconds left.\n|\n|t:|1682818805\n|start\n|switch|p1a: Pelipper|Pelipper, L50, F|100\/100\n|switch|p1b: Palafin|Palafin, L50, F|100\/100\n|switch|p2a: BigBozo|Dondozo, L50, M|100\/100\n|switch|p2b: Dog|Arcanine, L50, F|100\/100\n|-ability|p2b: Dog|Intimidate|boost\n|-unboost|p1a: Pelipper|atk|1\n|-unboost|p1b: Palafin|atk|1\n|-weather|RainDance|[from] ability: Drizzle|[of] p1a: Pelipper\n|turn|1\n|\n|t:|1682818824\n|switch|p2b: Amogus|Amoonguss, L50, M|100\/100\n|detailschange|p1b: Palafin|Palafin-Hero, L50, F\n|switch|p1b: Iron Hands|Iron Hands, L50|100\/100\n|move|p1a: Pelipper|Hydro Pump|p2b: Amogus\n|-resisted|p2b: Amogus\n|-damage|p2b: Amogus|67\/100\n|move|p2a: BigBozo|Yawn|p1b: Iron Hands\n|-start|p1b: Iron Hands|move: Yawn|[of] p2a: BigBozo\n|\n|-weather|RainDance|[upkeep]\n|upkeep\n|turn|2\n|\n|t:|1682818846\n|move|p2a: BigBozo|Protect|p2a: BigBozo\n|-singleturn|p2a: BigBozo|Protect\n|move|p2b: Amogus|Protect|p2b: Amogus\n|-singleturn|p2b: Amogus|Protect\n|move|p1a: Pelipper|Hurricane|p2b: Amogus\n|-activate|p2b: Amogus|move: Protect\n|move|p1b: Iron Hands|Volt Switch|p2a: BigBozo\n|-activate|p2a: BigBozo|move: Protect\n|\n|-weather|RainDance|[upkeep]\n|-end|p1b: Iron Hands|move: Yawn|[silent]\n|-status|p1b: Iron Hands|slp\n|upkeep\n|turn|3\n|\n|t:|1682818864\n|move|p1a: Pelipper|Hurricane|p2b: Amogus\n|-supereffective|p2b: Amogus\n|-damage|p2b: Amogus|0 fnt\n|faint|p2b: Amogus\n|cant|p1b: Iron Hands|slp\n|move|p2a: BigBozo|Fissure|p1b: Iron Hands\n|-damage|p1b: Iron Hands|0 fnt\n|faint|p1b: Iron Hands\n|-end|p1b: Iron Hands|Quark Drive|[silent]\n|-ohko\n|\n|-weather|RainDance|[upkeep]\n|upkeep\n|c|\u2606Infernape314|what the fuck\n|\n|t:|1682818876\n|switch|p1b: Palafin|Palafin-Hero, L50, F|100\/100\n|switch|p2b: Monke|Annihilape, L50, M|100\/100\n|-activate|p1b: Palafin|ability: Zero to Hero\n|turn|4\n|\n|t:|1682818892\n|switch|p2b: Dog|Arcanine, L50, F|100\/100\n|-ability|p2b: Dog|Intimidate|boost\n|-unboost|p1a: Pelipper|atk|1\n|-unboost|p1b: Palafin|atk|1\n|move|p1b: Palafin|Protect|p1b: Palafin\n|-singleturn|p1b: Palafin|Protect\n|move|p1a: Pelipper|Tailwind|p1a: Pelipper\n|-sidestart|p1: Infernape314|move: Tailwind\n|move|p2a: BigBozo|Yawn|p1a: Pelipper\n|-start|p1a: Pelipper|move: Yawn|[of] p2a: BigBozo\n|\n|-weather|RainDance|[upkeep]\n|upkeep\n|turn|5\n|\n|t:|1682818909\n|switch|p1a: Chien-Pao|Chien-Pao, L50|100\/100\n|-ability|p1a: Chien-Pao|Sword of Ruin\n|switch|p2b: Monke|Annihilape, L50, M|100\/100\n|move|p1b: Palafin|Wave Crash|p2b: Monke\n|-damage|p2b: Monke|0 fnt\n|faint|p2b: Monke\n|-damage|p1b: Palafin|66\/100|[from] Recoil\n|move|p2a: BigBozo|Fissure|p1b: Palafin\n|-damage|p1b: Palafin|0 fnt\n|faint|p1b: Palafin\n|-ohko\n|\n|-weather|none\n|upkeep\n|c|\u2606Infernape314|what the fuck\n|\n|t:|1682818924\n|switch|p1b: Pelipper|Pelipper, L50, F|100\/100\n|switch|p2b: Dog|Arcanine, L50, F|100\/100\n|-weather|RainDance|[from] ability: Drizzle|[of] p1b: Pelipper\n|-ability|p2b: Dog|Intimidate|boost\n|-unboost|p1a: Chien-Pao|atk|1\n|-unboost|p1b: Pelipper|atk|1\n|turn|6\n|\n|t:|1682818945\n|-terastallize|p2b: Dog|Normal\n|move|p1a: Chien-Pao|Protect|p1a: Chien-Pao\n|-singleturn|p1a: Chien-Pao|Protect\n|move|p1b: Pelipper|Hurricane|p2b: Dog\n|-damage|p2b: Dog|40\/100\n|move|p2b: Dog|Will-O-Wisp|p1a: Chien-Pao\n|-activate|p1a: Chien-Pao|move: Protect\n|move|p2a: BigBozo|Yawn|p1b: Pelipper\n|-start|p1b: Pelipper|move: Yawn|[of] p2a: BigBozo\n|\n|-weather|RainDance|[upkeep]\n|upkeep\n|turn|7\n|\n|t:|1682818961\n|move|p2b: Dog|Protect|p2b: Dog\n|-singleturn|p2b: Dog|Protect\n|move|p1a: Chien-Pao|Sacred Sword|p2b: Dog\n|-activate|p2b: Dog|move: Protect\n|move|p1b: Pelipper|Hurricane|p2a: BigBozo\n|-damage|p2a: BigBozo|70\/100\n|move|p2a: BigBozo|Fissure|p1a: Chien-Pao\n|-damage|p1a: Chien-Pao|0 fnt\n|faint|p1a: Chien-Pao\n|-ohko\n|\n|-weather|RainDance|[upkeep]\n|-heal|p2a: BigBozo|76\/100|[from] item: Leftovers\n|-end|p1b: Pelipper|move: Yawn|[silent]\n|-status|p1b: Pelipper|slp\n|-sideend|p1: Infernape314|move: Tailwind\n|upkeep\n|turn|8\n|c|\u2606Infernape314|this game is horrible\n|c|\u2606b(R)2|its trash\n|c|\u2606b(R)2|i hate this\n|\n|t:|1682818981\n|move|p2b: Dog|Extreme Speed|p1b: Pelipper\n|-crit|p1b: Pelipper\n|-damage|p1b: Pelipper|23\/100 slp\n|cant|p1b: Pelipper|slp\n|move|p2a: BigBozo|Wave Crash|p1b: Pelipper\n|-resisted|p1b: Pelipper\n|-crit|p1b: Pelipper\n|-damage|p1b: Pelipper|0 fnt\n|faint|p1b: Pelipper\n|-damage|p2a: BigBozo|72\/100|[from] Recoil\n|\n|win|b(R)2\n|raw|Infernape314's rating: 1269 → 1239<\/strong> (-30 for losing)\n|raw|b(R)2's rating: 1194 → 1224<\/strong> (+30 for winning)\n|c|\u2606Infernape314|im going insane\n|c|\u2606b(R)2|worst meta\n","uploadtime":1682818988,"views":16,"p1id":"infernape314","p2id":"br2","formatid":"gen9vgc2023regulationc","rating":1224,"private":0,"password":""}