{"id":"gen9vgc2023regulationc-1849793006","p1":"totplegat","p2":"amoave","format":"[Gen 9] VGC 2023 Regulation C","log":"|j|\u2606totplegat\n|j|\u2606amoave\n|t:|1682252568\n|gametype|doubles\n|player|p1|totplegat|drayden|\n|player|p2|amoave|169|\n|teamsize|p1|6\n|teamsize|p2|6\n|gen|9\n|tier|[Gen 9] VGC 2023 Regulation C\n|rule|Species Clause: Limit one of each Pok\u00e9mon\n|rule|Item Clause: Limit one of each item\n|clearpoke\n|poke|p1|Chi-Yu, L50|\n|poke|p1|Flutter Mane, L50|\n|poke|p1|Annihilape, L50, M|\n|poke|p1|Amoonguss, L50, M|\n|poke|p1|Talonflame, L50, M|\n|poke|p1|Iron Bundle, L50|\n|poke|p2|Volcarona, L50, M|\n|poke|p2|Wo-Chien, L50|\n|poke|p2|Chi-Yu, L50|\n|poke|p2|Glimmora, L50, M|\n|poke|p2|Flutter Mane, L50|\n|poke|p2|Azumarill, L50, M|\n|teampreview|4\n|inactive|Battle timer is ON: inactive players will automatically lose when time's up. (requested by amoave)\n|inactiveoff|Battle timer is now OFF.\namoave has agreed to open team sheets.\n|j| msvVGC47\n|\n|t:|1682252660\n|start\n|switch|p1a: Chi-Yu|Chi-Yu, L50|100\/100\n|switch|p1b: Amoonguss|Amoonguss, L50, M, shiny|100\/100\n|switch|p2a: Chi-Yu|Chi-Yu, L50|100\/100\n|switch|p2b: Flutter Mane|Flutter Mane, L50|100\/100\n|-ability|p2a: Chi-Yu|Beads of Ruin\n|-ability|p1a: Chi-Yu|Beads of Ruin\n|-enditem|p2b: Flutter Mane|Booster Energy\n|-activate|p2b: Flutter Mane|ability: Protosynthesis|[fromitem]\n|-start|p2b: Flutter Mane|protosynthesisspe\n|turn|1\n|\n|t:|1682252687\n|move|p1b: Amoonguss|Protect|p1b: Amoonguss\n|-singleturn|p1b: Amoonguss|Protect\n|move|p2b: Flutter Mane|Icy Wind|p1b: Amoonguss|[spread] p1a\n|-activate|p1b: Amoonguss|move: Protect\n|-resisted|p1a: Chi-Yu\n|-damage|p1a: Chi-Yu|94\/100\n|-unboost|p1a: Chi-Yu|spe|1\n|-enditem|p1a: Chi-Yu|Eject Pack\n|\n|t:|1682252707\n|switch|p1a: Flutter Mane|Flutter Mane, L50|100\/100\n|move|p2a: Chi-Yu|Psychic|p1b: Amoonguss\n|-activate|p1b: Amoonguss|move: Protect\n|\n|upkeep\n|turn|2\n|\n|t:|1682252755\n|-terastallize|p2b: Flutter Mane|Fairy\n|-terastallize|p1b: Amoonguss|Water\n|move|p1a: Flutter Mane|Protect|p1a: Flutter Mane\n|-singleturn|p1a: Flutter Mane|Protect\n|move|p2b: Flutter Mane|Shadow Ball|p1a: Flutter Mane\n|-activate|p1a: Flutter Mane|move: Protect\n|move|p2a: Chi-Yu|Psychic|p1b: Amoonguss\n|-damage|p1b: Amoonguss|61\/100\n|move|p1b: Amoonguss|Spore|p2b: Flutter Mane\n|-status|p2b: Flutter Mane|slp|[from] move: Spore\n|\n|upkeep\n|turn|3\n|\n|t:|1682252805\n|switch|p1b: Chi-Yu|Chi-Yu, L50|94\/100\n|-ability|p1b: Chi-Yu|Beads of Ruin\n|cant|p2b: Flutter Mane|slp\n|move|p2a: Chi-Yu|Psychic|p1b: Chi-Yu\n|-immune|p1b: Chi-Yu\n|move|p1a: Flutter Mane|Dazzling Gleam|p2a: Chi-Yu|[spread] p2a,p2b\n|-damage|p2a: Chi-Yu|59\/100\n|-damage|p2b: Flutter Mane|53\/100 slp\n|\n|upkeep\n|turn|4\n|\n|t:|1682252831\n|move|p1a: Flutter Mane|Protect|p1a: Flutter Mane\n|-singleturn|p1a: Flutter Mane|Protect\n|cant|p2b: Flutter Mane|slp\n|move|p2a: Chi-Yu|Psychic|p1a: Flutter Mane\n|-activate|p1a: Flutter Mane|move: Protect\n|move|p1b: Chi-Yu|Snarl|p2b: Flutter Mane|[spread] p2a,p2b\n|-resisted|p2a: Chi-Yu\n|-resisted|p2b: Flutter Mane\n|-damage|p2a: Chi-Yu|47\/100\n|-damage|p2b: Flutter Mane|37\/100 slp\n|-unboost|p2a: Chi-Yu|spa|1\n|-unboost|p2b: Flutter Mane|spa|1\n|\n|upkeep\n|turn|5\n|\n|t:|1682252849\n|-end|p1a: Flutter Mane|Protosynthesis|[silent]\n|switch|p1a: Amoonguss|Amoonguss, L50, M, shiny, tera:Water|94\/100\n|-curestatus|p2b: Flutter Mane|slp|[msg]\n|move|p2b: Flutter Mane|Icy Wind|p1a: Amoonguss|[spread] p1a,p1b\n|-resisted|p1a: Amoonguss\n|-resisted|p1b: Chi-Yu\n|-damage|p1a: Amoonguss|87\/100\n|-damage|p1b: Chi-Yu|89\/100\n|-unboost|p1a: Amoonguss|spe|1\n|-unboost|p1b: Chi-Yu|spe|1\n|move|p2a: Chi-Yu|Psychic|p1a: Amoonguss\n|-damage|p1a: Amoonguss|58\/100\n|move|p1b: Chi-Yu|Snarl|p2a: Chi-Yu|[spread] p2a,p2b\n|-resisted|p2a: Chi-Yu\n|-resisted|p2b: Flutter Mane\n|-damage|p2a: Chi-Yu|34\/100\n|-damage|p2b: Flutter Mane|19\/100\n|-unboost|p2a: Chi-Yu|spa|1\n|-unboost|p2b: Flutter Mane|spa|1\n|\n|upkeep\n|turn|6\n|\n|t:|1682252915\n|move|p2b: Flutter Mane|Shadow Ball|p1a: Amoonguss\n|-damage|p1a: Amoonguss|32\/100\n|-enditem|p1a: Amoonguss|Sitrus Berry|[eat]\n|-heal|p1a: Amoonguss|57\/100|[from] item: Sitrus Berry\n|move|p2a: Chi-Yu|Psychic|p1a: Amoonguss\n|-damage|p1a: Amoonguss|35\/100\n|move|p1b: Chi-Yu|Tera Blast|p2b: Flutter Mane\n|-damage|p2b: Flutter Mane|0 fnt\n|faint|p2b: Flutter Mane\n|-end|p2b: Flutter Mane|Protosynthesis|[silent]\n|move|p1a: Amoonguss|Spore|p2a: Chi-Yu\n|-status|p2a: Chi-Yu|slp|[from] move: Spore\n|\n|upkeep\n|\n|t:|1682252951\n|switch|p2b: Glimmora|Glimmora, L50, M, shiny|100\/100\n|turn|7\n|\n|t:|1682252982\n|switch|p2a: Volcarona|Volcarona, L50, M|100\/100\n|switch|p1a: Flutter Mane|Flutter Mane, L50|100\/100\n|move|p1b: Chi-Yu|Protect|p1b: Chi-Yu\n|-singleturn|p1b: Chi-Yu|Protect\n|move|p2b: Glimmora|Sludge Bomb|p1b: Chi-Yu\n|-activate|p1b: Chi-Yu|move: Protect\n|\n|upkeep\n|turn|8\n|\n|t:|1682253025\n|move|p1a: Flutter Mane|Shadow Ball|p2b: Glimmora\n|-damage|p2b: Glimmora|43\/100\n|move|p2a: Volcarona|Quiver Dance|p2a: Volcarona\n|-boost|p2a: Volcarona|spa|1\n|-boost|p2a: Volcarona|spd|1\n|-boost|p2a: Volcarona|spe|1\n|move|p2b: Glimmora|Mortal Spin|p1a: Flutter Mane|[spread] p1a,p1b\n|-damage|p1a: Flutter Mane|91\/100\n|-damage|p1b: Chi-Yu|84\/100\n|-status|p1a: Flutter Mane|psn\n|-status|p1b: Chi-Yu|psn\n|move|p1b: Chi-Yu|Snarl|p2b: Glimmora|[spread] p2a,p2b\n|-damage|p2a: Volcarona|81\/100\n|-damage|p2b: Glimmora|14\/100\n|-unboost|p2a: Volcarona|spa|1\n|-unboost|p2b: Glimmora|spa|1\n|\n|-damage|p1a: Flutter Mane|79\/100 psn|[from] psn\n|-damage|p1b: Chi-Yu|71\/100 psn|[from] psn\n|upkeep\n|turn|9\n|\n|t:|1682253062\n|switch|p2b: Chi-Yu|Chi-Yu, L50|34\/100 slp\n|-ability|p2b: Chi-Yu|Beads of Ruin\n|move|p1a: Flutter Mane|Protect|p1a: Flutter Mane\n|-singleturn|p1a: Flutter Mane|Protect\n|move|p2a: Volcarona|Quiver Dance|p2a: Volcarona\n|-boost|p2a: Volcarona|spa|1\n|-boost|p2a: Volcarona|spd|1\n|-boost|p2a: Volcarona|spe|1\n|move|p1b: Chi-Yu|Snarl|p2b: Chi-Yu|[spread] p2a,p2b\n|-resisted|p2b: Chi-Yu\n|-damage|p2a: Volcarona|66\/100\n|-damage|p2b: Chi-Yu|20\/100 slp\n|-unboost|p2a: Volcarona|spa|1\n|-unboost|p2b: Chi-Yu|spa|1\n|\n|-damage|p1a: Flutter Mane|67\/100 psn|[from] psn\n|-damage|p1b: Chi-Yu|59\/100 psn|[from] psn\n|upkeep\n|turn|10\n|\n|t:|1682253101\n|move|p2a: Volcarona|Heat Wave|p1b: Chi-Yu|[spread] p1a\n|-miss|p2a: Volcarona|p1b: Chi-Yu\n|-damage|p1a: Flutter Mane|14\/100 psn\n|cant|p2b: Chi-Yu|slp\n|move|p1a: Flutter Mane|Shadow Ball|p2a: Volcarona\n|-damage|p2a: Volcarona|39\/100\n|-enditem|p2a: Volcarona|Sitrus Berry|[eat]\n|-heal|p2a: Volcarona|64\/100|[from] item: Sitrus Berry\n|move|p1b: Chi-Yu|Snarl|p2a: Volcarona|[spread] p2a,p2b\n|-resisted|p2b: Chi-Yu\n|-damage|p2a: Volcarona|49\/100\n|-damage|p2b: Chi-Yu|7\/100 slp\n|-unboost|p2a: Volcarona|spa|1\n|-unboost|p2b: Chi-Yu|spa|1\n|\n|-damage|p1a: Flutter Mane|1\/100 psn|[from] psn\n|-damage|p1b: Chi-Yu|47\/100 psn|[from] psn\n|upkeep\n|turn|11\n|\n|t:|1682253129\n|move|p2a: Volcarona|Heat Wave|p1a: Flutter Mane|[spread] p1b\n|-miss|p2a: Volcarona|p1a: Flutter Mane\n|-resisted|p1b: Chi-Yu\n|-damage|p1b: Chi-Yu|36\/100 psn\n|cant|p2b: Chi-Yu|slp\n|move|p1a: Flutter Mane|Dazzling Gleam|p2a: Volcarona|[spread] p2a,p2b\n|-resisted|p2a: Volcarona\n|-damage|p2a: Volcarona|40\/100\n|-damage|p2b: Chi-Yu|0 fnt\n|faint|p2b: Chi-Yu\n|move|p1b: Chi-Yu|Snarl|p2a: Volcarona\n|-damage|p2a: Volcarona|22\/100\n|-unboost|p2a: Volcarona|spa|1\n|\n|-damage|p1a: Flutter Mane|0 fnt|[from] psn\n|faint|p1a: Flutter Mane\n|-end|p1a: Flutter Mane|Protosynthesis|[silent]\n|-damage|p1b: Chi-Yu|23\/100 psn|[from] psn\n|upkeep\n|\n|t:|1682253153\n|switch|p1a: Amoonguss|Amoonguss, L50, M, shiny, tera:Water|68\/100\n|switch|p2b: Glimmora|Glimmora, L50, M, shiny|14\/100\n|turn|12\n|\n|t:|1682253208\n|move|p1a: Amoonguss|Rage Powder|p1a: Amoonguss\n|-singleturn|p1a: Amoonguss|move: Rage Powder\n|move|p2a: Volcarona|Bug Buzz|p1a: Amoonguss\n|-damage|p1a: Amoonguss|38\/100\n|move|p2b: Glimmora|Power Gem|p1a: Amoonguss\n|-damage|p1a: Amoonguss|0 fnt\n|faint|p1a: Amoonguss\n|move|p1b: Chi-Yu|Snarl|p2b: Glimmora|[spread] p2a,p2b\n|-damage|p2a: Volcarona|7\/100\n|-damage|p2b: Glimmora|0 fnt\n|-unboost|p2a: Volcarona|spa|1\n|faint|p2b: Glimmora\n|\n|-damage|p1b: Chi-Yu|11\/100 psn|[from] psn\n|upkeep\n|\n|t:|1682253222\n|switch|p1a: Iron Bundle|Iron Bundle, L50|100\/100\n|-enditem|p1a: Iron Bundle|Booster Energy\n|-activate|p1a: Iron Bundle|ability: Quark Drive|[fromitem]\n|-start|p1a: Iron Bundle|quarkdrivespe\n|turn|13\n|\n|t:|1682253229\n|move|p1a: Iron Bundle|Freeze-Dry|p2a: Volcarona\n|-resisted|p2a: Volcarona\n|-damage|p2a: Volcarona|0 fnt\n|faint|p2a: Volcarona\n|\n|win|totplegat\n|l| msvVGC47\n|l|\u2606amoave\n","uploadtime":1682253637,"views":17,"p1id":"totplegat","p2id":"amoave","formatid":"gen9vgc2023regulationc","rating":0,"private":0,"password":""}