{"id":"gen9vgc2023regulationc-1850533130","p1":"BlindMagneton","p2":"harrythegoat","format":"[Gen 9] VGC 2023 Regulation C","log":"|j|\u2606BlindMagneton\n|j|\u2606harrythegoat\n|t:|1682346384\n|gametype|doubles\n|player|p1|BlindMagneton|wattson|1219\n|player|p2|harrythegoat|1|1174\n|teamsize|p1|6\n|teamsize|p2|6\n|gen|9\n|tier|[Gen 9] VGC 2023 Regulation C\n|rated|\n|rule|Species Clause: Limit one of each Pok\u00e9mon\n|rule|Item Clause: Limit one of each item\n|clearpoke\n|poke|p1|Iron Valiant, L50|\n|poke|p1|Wo-Chien, L50|\n|poke|p1|Maushold, L50|\n|poke|p1|Grimmsnarl, L50, M|\n|poke|p1|Dragapult, L50, F|\n|poke|p1|Ceruledge, L50, F|\n|poke|p2|Amoonguss, L50, F|\n|poke|p2|Skeledirge, L50, F|\n|poke|p2|Kingambit, L50, M|\n|poke|p2|Maushold-Four, L50|\n|poke|p2|Palafin, L50, F|\n|poke|p2|Murkrow, L50, M|\n|teampreview|4\n|inactive|Battle timer is ON: inactive players will automatically lose when time's up. (requested by harrythegoat)\nharrythegoat rejected open team sheets.\n|inactive|BlindMagneton has 60 seconds left.\n|inactive|BlindMagneton has 30 seconds left.\n|inactive|BlindMagneton has 20 seconds left.\n|inactive|BlindMagneton has 15 seconds left.\n|inactive|BlindMagneton has 10 seconds left.\n|\n|t:|1682346471\n|start\n|switch|p1a: Maushold|Maushold, L50|100\/100\n|switch|p1b: Grimmsnarl|Grimmsnarl, L50, M|100\/100\n|switch|p2a: Palafin|Palafin, L50, F|100\/100\n|switch|p2b: Amoonguss|Amoonguss, L50, F|100\/100\n|turn|1\n|\n|t:|1682346486\n|detailschange|p2a: Palafin|Palafin-Hero, L50, F\n|switch|p2a: Kingambit|Kingambit, L50, M|100\/100\n|move|p1b: Grimmsnarl|Fake Out|p2b: Amoonguss\n|-damage|p2b: Amoonguss|88\/100\n|move|p1a: Maushold|Tidy Up|p1a: Maushold\n|-boost|p1a: Maushold|atk|1\n|-boost|p1a: Maushold|spe|1\n|cant|p2b: Amoonguss|flinch\n|\n|upkeep\n|turn|2\n|\n|t:|1682346504\n|move|p2a: Kingambit|Sucker Punch|p1a: Maushold\n|-damage|p1a: Maushold|27\/100\n|move|p1a: Maushold|Population Bomb|p2b: Amoonguss\n|-damage|p2b: Amoonguss|74\/100\n|-damage|p2b: Amoonguss|59\/100\n|-damage|p2b: Amoonguss|46\/100\n|-damage|p2b: Amoonguss|32\/100\n|-damage|p2b: Amoonguss|18\/100\n|-damage|p2b: Amoonguss|3\/100\n|-damage|p2b: Amoonguss|0 fnt\n|faint|p2b: Amoonguss\n|-hitcount|p2: Amoonguss|7\n|move|p1b: Grimmsnarl|Drain Punch|p2a: Kingambit\n|-supereffective|p2a: Kingambit\n|-damage|p2a: Kingambit|17\/100\n|\n|upkeep\n|\n|t:|1682346515\n|switch|p2b: Maushold|Maushold-Four, L50|100\/100\n|turn|3\n|\n|t:|1682346540\n|move|p1b: Grimmsnarl|Thunder Wave|p2b: Maushold\n|-status|p2b: Maushold|par\n|move|p2a: Kingambit|Sucker Punch||[still]\n|-fail|p2a: Kingambit\n|move|p1a: Maushold|Encore|p2a: Kingambit\n|-start|p2a: Kingambit|Encore\n|move|p2b: Maushold|Population Bomb|p1b: Grimmsnarl\n|-damage|p1b: Grimmsnarl|84\/100\n|-damage|p1b: Grimmsnarl|66\/100\n|-damage|p1b: Grimmsnarl|48\/100\n|-damage|p1b: Grimmsnarl|31\/100\n|-damage|p1b: Grimmsnarl|13\/100\n|-damage|p1b: Grimmsnarl|0 fnt\n|faint|p1b: Grimmsnarl\n|-hitcount|p1: Grimmsnarl|6\n|\n|upkeep\n|\n|t:|1682346558\n|switch|p1b: Ceruledge|Ceruledge, L50, F|100\/100\n|turn|4\n|\n|t:|1682346569\n|move|p2a: Kingambit|Sucker Punch||[still]\n|-fail|p2a: Kingambit\n|move|p1a: Maushold|Encore|p2b: Maushold\n|-start|p2b: Maushold|Encore\n|move|p1b: Ceruledge|Bulk Up|p1b: Ceruledge\n|-boost|p1b: Ceruledge|atk|1\n|-boost|p1b: Ceruledge|def|1\n|move|p2b: Maushold|Population Bomb|p1a: Maushold\n|-damage|p1a: Maushold|9\/100\n|-damage|p1a: Maushold|0 fnt\n|faint|p1a: Maushold\n|-hitcount|p1: Maushold|2\n|\n|upkeep\n|\n|t:|1682346581\n|switch|p1a: Wo-Chien|Wo-Chien, L50|100\/100\n|-ability|p1a: Wo-Chien|Tablets of Ruin\n|turn|5\n|\n|t:|1682346591\n|switch|p2a: Palafin|Palafin-Hero, L50, F|100\/100\n|-activate|p2a: Palafin|ability: Zero to Hero\n|move|p1a: Wo-Chien|Protect|p1a: Wo-Chien\n|-singleturn|p1a: Wo-Chien|Protect\n|move|p1b: Ceruledge|Bulk Up|p1b: Ceruledge\n|-boost|p1b: Ceruledge|atk|1\n|-boost|p1b: Ceruledge|def|1\n|cant|p2b: Maushold|par\n|\n|upkeep\n|turn|6\n|inactive|BlindMagneton has 30 seconds left.\n|\n|t:|1682346619\n|-terastallize|p2a: Palafin|Water\n|-terastallize|p1b: Ceruledge|Grass\n|move|p2a: Palafin|Wave Crash|p1b: Ceruledge\n|-resisted|p1b: Ceruledge\n|-damage|p1b: Ceruledge|74\/100\n|-damage|p2a: Palafin|93\/100|[from] Recoil\n|move|p1b: Ceruledge|Bitter Blade|p2b: Maushold\n|-damage|p2b: Maushold|0 fnt\n|-heal|p1b: Ceruledge|100\/100|[from] drain|[of] p2b: Maushold\n|faint|p2b: Maushold\n|move|p1a: Wo-Chien|Leech Seed|p2a: Palafin\n|-start|p2a: Palafin|move: Leech Seed\n|\n|-damage|p2a: Palafin|81\/100|[from] Leech Seed|[of] p1a: Wo-Chien\n|upkeep\n|\n|t:|1682346629\n|switch|p2b: Kingambit|Kingambit, L50, M|17\/100\n|turn|7\n|\n|t:|1682346643\n|move|p1b: Ceruledge|Protect|p1b: Ceruledge\n|-singleturn|p1b: Ceruledge|Protect\n|move|p2b: Kingambit|Sucker Punch||[still]\n|-fail|p2b: Kingambit\n|move|p2a: Palafin|Bulk Up|p2a: Palafin\n|-boost|p2a: Palafin|atk|1\n|-boost|p2a: Palafin|def|1\n|move|p1a: Wo-Chien|Foul Play|p2a: Palafin\n|-damage|p2a: Palafin|25\/100\n|\n|-damage|p2a: Palafin|13\/100|[from] Leech Seed|[of] p1a: Wo-Chien\n|upkeep\n|turn|8\n|\n|t:|1682346661\n|move|p1b: Ceruledge|Shadow Sneak|p2a: Palafin\n|-damage|p2a: Palafin|0 fnt\n|faint|p2a: Palafin\n|move|p2b: Kingambit|Sucker Punch||[still]\n|-fail|p2b: Kingambit\n|move|p1a: Wo-Chien|Leech Seed|p2b: Kingambit\n|-start|p2b: Kingambit|move: Leech Seed\n|\n|-damage|p2b: Kingambit|5\/100|[from] Leech Seed|[of] p1a: Wo-Chien\n|upkeep\n|turn|9\n|-message|harrythegoat forfeited.\n|\n|win|BlindMagneton\n|raw|BlindMagneton's rating: 1219 → 1241<\/strong> (+22 for winning)\n|raw|harrythegoat's rating: 1174 → 1152<\/strong> (-22 for losing)\n|l|\u2606harrythegoat\n","uploadtime":1682346672,"views":24,"p1id":"blindmagneton","p2id":"harrythegoat","formatid":"gen9vgc2023regulationc","rating":1152,"private":0,"password":""}