{"id":"gen9vgc2023regulationc-1847020400","p1":"XxxLeebobxxX","p2":"KinGanon","format":"[Gen 9] VGC 2023 Regulation C","log":"|j|\u2606XxxLeebobxxX\n|j|\u2606KinGanon\n|t:|1681912328\n|gametype|doubles\n|player|p1|XxxLeebobxxX|bianca|1126\n|player|p2|KinGanon|265|1171\n|teamsize|p1|6\n|teamsize|p2|6\n|gen|9\n|tier|[Gen 9] VGC 2023 Regulation C\n|rated|\n|rule|Species Clause: Limit one of each Pok\u00e9mon\n|rule|Item Clause: Limit one of each item\n|clearpoke\n|poke|p1|Scovillain, L50, M|\n|poke|p1|Dragapult, L50, F|\n|poke|p1|Maushold-Four, L50|\n|poke|p1|Annihilape, L50, F|\n|poke|p1|Chien-Pao, L50|\n|poke|p1|Flutter Mane, L50|\n|poke|p2|Slowking, L50, M|\n|poke|p2|Bellibolt, L50, F|\n|poke|p2|Grimmsnarl, L50, M|\n|poke|p2|Cetitan, L50, M|\n|poke|p2|Annihilape, L50, F|\n|poke|p2|Tsareena, L50, F|\n|teampreview|4\n|inactive|Battle timer is ON: inactive players will automatically lose when time's up. (requested by KinGanon)\n|inactive|KinGanon has 60 seconds left.\n|\n|t:|1681912377\n|start\n|switch|p1a: Scovillain|Scovillain, L50, M|100\/100\n|switch|p1b: Dragapult|Dragapult, L50, F|100\/100\n|switch|p2a: Slowking|Slowking, L50, M|100\/100\n|switch|p2b: Bellibolt|Bellibolt, L50, F|100\/100\n|turn|1\n|\n|t:|1681912390\n|-terastallize|p2a: Slowking|Ground\n|move|p1a: Scovillain|Spicy Extract|p1b: Dragapult\n|-fail|p1b: Dragapult|unboost|[from] ability: Clear Body|[of] p1b: Dragapult\n|-boost|p1b: Dragapult|atk|2\n|move|p1b: Dragapult|Dragon Darts|p2a: Slowking\n|-damage|p2a: Slowking|27\/100\n|-anim|p1b: Dragapult|Dragon Darts|p2b: Bellibolt\n|-damage|p2b: Bellibolt|52\/100\n|-start|p2b: Bellibolt|Charge|Dragon Darts|[from] ability: Electromorphosis\n|move|p2b: Bellibolt|Thunderbolt|p1a: Scovillain\n|-resisted|p1a: Scovillain\n|-damage|p1a: Scovillain|47\/100\n|-end|p2b: Bellibolt|Charge|[silent]\n|move|p2a: Slowking|Trick Room|p2a: Slowking\n|-fieldstart|move: Trick Room|[of] p2a: Slowking\n|\n|upkeep\n|turn|2\n|\n|t:|1681912405\n|switch|p1a: Maushold|Maushold-Four, L50|100\/100\n|move|p2a: Slowking|Psychic|p1b: Dragapult\n|-damage|p1b: Dragapult|71\/100\n|move|p2b: Bellibolt|Parabolic Charge|p1a: Maushold|[spread] p1a,p1b\n|-immune|p2a: Slowking\n|-resisted|p1b: Dragapult\n|-damage|p1a: Maushold|74\/100\n|-heal|p2b: Bellibolt|61\/100|[from] drain|[of] p1a: Maushold\n|-damage|p1b: Dragapult|62\/100\n|-heal|p2b: Bellibolt|65\/100|[from] drain|[of] p1b: Dragapult\n|move|p1b: Dragapult|Dragon Darts|p2b: Bellibolt\n|-damage|p2b: Bellibolt|16\/100\n|-start|p2b: Bellibolt|Charge|Dragon Darts|[from] ability: Electromorphosis\n|-anim|p1b: Dragapult|Dragon Darts|p2a: Slowking\n|-damage|p2a: Slowking|0 fnt\n|faint|p2a: Slowking\n|\n|upkeep\n|\n|t:|1681912417\n|switch|p2a: Annihilape|Annihilape, L50, F|100\/100\n|turn|3\n|inactive|KinGanon has 30 seconds left.\n|\n|t:|1681912450\n|-terastallize|p1b: Dragapult|Steel\n|move|p2b: Bellibolt|Thunderbolt|p1a: Maushold\n|-damage|p1a: Maushold|0 fnt\n|faint|p1a: Maushold\n|-end|p2b: Bellibolt|Charge|[silent]\n|move|p2a: Annihilape|Drain Punch|p1b: Dragapult\n|-supereffective|p1b: Dragapult\n|-damage|p1b: Dragapult|0 fnt\n|faint|p1b: Dragapult\n|\n|upkeep\n|\n|t:|1681912462\n|switch|p1a: Scovillain|Scovillain, L50, M|47\/100\n|switch|p1b: Annihilape|Annihilape, L50, F|100\/100\n|turn|4\n|inactive|XxxLeebobxxX has 30 seconds left.\n|\n|t:|1681912492\n|move|p2b: Bellibolt|Thunderbolt|p1a: Scovillain\n|-resisted|p1a: Scovillain\n|-damage|p1a: Scovillain|21\/100\n|move|p1b: Annihilape|Rage Fist|p2a: Annihilape\n|-supereffective|p2a: Annihilape\n|-damage|p2a: Annihilape|50\/100\n|move|p2a: Annihilape|Final Gambit|p1b: Annihilape\n|-immune|p1b: Annihilape\n|move|p1a: Scovillain|Spicy Extract|p1b: Annihilape\n|-boost|p1b: Annihilape|atk|2\n|-unboost|p1b: Annihilape|def|2\n|\n|upkeep\n|turn|5\n|inactive|KinGanon has 30 seconds left.\n|\n|t:|1681912523\n|move|p1b: Annihilape|Protect|p1b: Annihilape\n|-singleturn|p1b: Annihilape|Protect\n|move|p2b: Bellibolt|Thunderbolt|p1a: Scovillain\n|-resisted|p1a: Scovillain\n|-damage|p1a: Scovillain|0 fnt\n|faint|p1a: Scovillain\n|move|p2a: Annihilape|Rage Fist|p1b: Annihilape\n|-activate|p1b: Annihilape|move: Protect\n|\n|-fieldend|move: Trick Room\n|upkeep\n|turn|6\n|l|\u2606XxxLeebobxxX\n|inactive|XxxLeebobxxX disconnected and has a minute to reconnect!\n|player|p1|\n|j|\u2606XxxLeebobxxX\n|inactive|XxxLeebobxxX reconnected and has 35 seconds left.\n|player|p1|XxxLeebobxxX|bianca\n|\n|t:|1681912548\n|move|p1b: Annihilape|Rage Fist|p2a: Annihilape\n|-supereffective|p2a: Annihilape\n|-damage|p2a: Annihilape|0 fnt\n|faint|p2a: Annihilape\n|move|p2b: Bellibolt|Thunderbolt|p1b: Annihilape\n|-damage|p1b: Annihilape|73\/100\n|\n|-heal|p1b: Annihilape|79\/100|[from] item: Leftovers\n|upkeep\n|\n|t:|1681912554\n|switch|p2a: Cetitan|Cetitan, L50, M|100\/100\n|turn|7\n|\n|t:|1681912564\n|move|p1b: Annihilape|Drain Punch|p2a: Cetitan\n|-supereffective|p2a: Cetitan\n|-damage|p2a: Cetitan|0 fnt\n|-heal|p1b: Annihilape|100\/100|[from] drain|[of] p2a: Cetitan\n|faint|p2a: Cetitan\n|move|p2b: Bellibolt|Thunderbolt|p1b: Annihilape\n|-damage|p1b: Annihilape|71\/100\n|\n|-heal|p1b: Annihilape|77\/100|[from] item: Leftovers\n|upkeep\n|turn|8\n|c|\u2606XxxLeebobxxX|Gg\n|\n|t:|1681912572\n|move|p1b: Annihilape|Rage Fist|p2b: Bellibolt\n|-damage|p2b: Bellibolt|0 fnt\n|faint|p2b: Bellibolt\n|\n|win|XxxLeebobxxX\n|raw|XxxLeebobxxX's rating: 1126 → 1154<\/strong> (+28 for winning)\n|raw|KinGanon's rating: 1171 → 1143<\/strong> (-28 for losing)\n|l|\u2606KinGanon\n","uploadtime":1681912587,"views":12,"p1id":"xxxleebobxxx","p2id":"kinganon","formatid":"gen9vgc2023regulationc","rating":1143,"private":0,"password":""}