{"id":"gen9vgc2023regulationc-1847877943","p1":"nastyman21","p2":"PiscoFGT","format":"[Gen 9] VGC 2023 Regulation C","log":"|j|\u2606nastyman21\n|j|\u2606PiscoFGT\n|t:|1682009324\n|gametype|doubles\n|player|p1|nastyman21|gentleman|1257\n|player|p2|PiscoFGT|lucas|1373\n|teamsize|p1|6\n|teamsize|p2|6\n|gen|9\n|tier|[Gen 9] VGC 2023 Regulation C\n|rated|\n|rule|Species Clause: Limit one of each Pok\u00e9mon\n|rule|Item Clause: Limit one of each item\n|clearpoke\n|poke|p1|Ting-Lu, L50|\n|poke|p1|Flutter Mane, L50|\n|poke|p1|Amoonguss, L50, F|\n|poke|p1|Baxcalibur, L50, F|\n|poke|p1|Gholdengo, L50|\n|poke|p1|Gyarados, L50, M|\n|poke|p2|Abomasnow, L50, M|\n|poke|p2|Iron Bundle, L50|\n|poke|p2|Scream Tail, L50|\n|poke|p2|Gyarados, L50, F|\n|poke|p2|Iron Hands, L50|\n|poke|p2|Garchomp, L50, M|\n|teampreview|4\n|inactive|Battle timer is ON: inactive players will automatically lose when time's up. (requested by PiscoFGT)\n|inactive|nastyman21 has 60 seconds left.\n|\n|t:|1682009357\n|start\n|switch|p1a: Baxcalibur|Baxcalibur, L50, F|100\/100\n|switch|p1b: Gholdengo|Gholdengo, L50|100\/100\n|switch|p2a: Iron Hands|Iron Hands, L50, shiny|100\/100\n|switch|p2b: Gyarados|Gyarados, L50, F, shiny|100\/100\n|-ability|p2b: Gyarados|Intimidate|boost\n|-unboost|p1a: Baxcalibur|atk|1\n|-unboost|p1b: Gholdengo|atk|1\n|turn|1\n|inactive|PiscoFGT has 30 seconds left.\n|\n|t:|1682009388\n|move|p1a: Baxcalibur|Protect|p1a: Baxcalibur\n|-singleturn|p1a: Baxcalibur|Protect\n|move|p1b: Gholdengo|Nasty Plot|p1b: Gholdengo\n|-boost|p1b: Gholdengo|spa|2\n|move|p2b: Gyarados|Waterfall|p1b: Gholdengo\n|-damage|p1b: Gholdengo|64\/100\n|move|p2a: Iron Hands|Drain Punch|p1a: Baxcalibur\n|-activate|p1a: Baxcalibur|move: Protect\n|\n|-heal|p1b: Gholdengo|70\/100|[from] item: Leftovers\n|upkeep\n|turn|2\n|\n|t:|1682009410\n|-terastallize|p1a: Baxcalibur|Poison\n|-terastallize|p2a: Iron Hands|Fire\n|move|p1a: Baxcalibur|Icicle Spear|p2b: Gyarados\n|-damage|p2b: Gyarados|92\/100\n|-crit|p2b: Gyarados\n|-damage|p2b: Gyarados|72\/100\n|-damage|p2b: Gyarados|65\/100\n|-damage|p2b: Gyarados|57\/100\n|-hitcount|p2b: Gyarados|4\n|move|p1b: Gholdengo|Make It Rain|p2a: Iron Hands|[spread] p2a,p2b\n|-resisted|p2a: Iron Hands\n|-resisted|p2b: Gyarados\n|-damage|p2a: Iron Hands|51\/100\n|-damage|p2b: Gyarados|15\/100\n|-unboost|p1b: Gholdengo|spa|1\n|move|p2b: Gyarados|Waterfall|p1b: Gholdengo\n|-damage|p1b: Gholdengo|32\/100\n|move|p2a: Iron Hands|Drain Punch|p1a: Baxcalibur\n|-resisted|p1a: Baxcalibur\n|-damage|p1a: Baxcalibur|78\/100\n|-heal|p2a: Iron Hands|60\/100|[from] drain|[of] p1a: Baxcalibur\n|\n|-heal|p1b: Gholdengo|39\/100|[from] item: Leftovers\n|-heal|p2b: Gyarados|21\/100|[from] item: Leftovers\n|upkeep\n|turn|3\n|inactive|nastyman21 has 30 seconds left.\n|\n|t:|1682009442\n|move|p1a: Baxcalibur|Icicle Spear|p2b: Gyarados\n|-damage|p2b: Gyarados|13\/100\n|-damage|p2b: Gyarados|6\/100\n|-crit|p2b: Gyarados\n|-damage|p2b: Gyarados|0 fnt\n|faint|p2b: Gyarados\n|-hitcount|p2: Gyarados|3\n|move|p1b: Gholdengo|Recover|p1b: Gholdengo\n|-heal|p1b: Gholdengo|89\/100\n|move|p2a: Iron Hands|Thunder Punch|p1b: Gholdengo\n|-damage|p1b: Gholdengo|43\/100\n|\n|-heal|p1b: Gholdengo|49\/100|[from] item: Leftovers\n|upkeep\n|\n|t:|1682009456\n|switch|p2b: Scream Tail|Scream Tail, L50|100\/100\n|-enditem|p2b: Scream Tail|Booster Energy\n|-activate|p2b: Scream Tail|ability: Protosynthesis|[fromitem]\n|-start|p2b: Scream Tail|protosynthesisspe\n|turn|4\n|\n|t:|1682009470\n|move|p2b: Scream Tail|Disable|p1a: Baxcalibur\n|-start|p1a: Baxcalibur|Disable|Icicle Spear\n|cant|p1a: Baxcalibur|Disable|Icicle Spear\n|move|p1b: Gholdengo|Make It Rain|p2b: Scream Tail|[spread] p2a,p2b\n|-resisted|p2a: Iron Hands\n|-supereffective|p2b: Scream Tail\n|-damage|p2a: Iron Hands|22\/100\n|-damage|p2b: Scream Tail|0 fnt\n|-unboost|p1b: Gholdengo|spa|1\n|faint|p2b: Scream Tail\n|-end|p2b: Scream Tail|Protosynthesis|[silent]\n|move|p2a: Iron Hands|Thunder Punch|p1b: Gholdengo\n|-damage|p1b: Gholdengo|6\/100\n|\n|-heal|p1b: Gholdengo|12\/100|[from] item: Leftovers\n|upkeep\n|\n|t:|1682009473\n|switch|p2b: Iron Bundle|Iron Bundle, L50, shiny|100\/100\n|turn|5\n|\n|t:|1682009488\n|move|p2b: Iron Bundle|Blizzard|p1b: Gholdengo|[spread] p1a\n|-miss|p2b: Iron Bundle|p1b: Gholdengo\n|-damage|p1a: Baxcalibur|27\/100\n|-damage|p2b: Iron Bundle|91\/100|[from] item: Life Orb\n|move|p1a: Baxcalibur|Glaive Rush|p2b: Iron Bundle\n|-damage|p2b: Iron Bundle|42\/100\n|-singlemove|p1a: Baxcalibur|Glaive Rush|[silent]\n|move|p1b: Gholdengo|Recover|p1b: Gholdengo\n|-heal|p1b: Gholdengo|62\/100\n|move|p2a: Iron Hands|Thunder Punch|p1a: Baxcalibur\n|-crit|p1a: Baxcalibur\n|-damage|p1a: Baxcalibur|0 fnt\n|faint|p1a: Baxcalibur\n|\n|-heal|p1b: Gholdengo|69\/100|[from] item: Leftovers\n|upkeep\n|c|\u2606PiscoFGT|Low ladder players are the worst\n|c|\u2606nastyman21|?\n|\n|t:|1682009508\n|switch|p1a: Flutter Mane|Flutter Mane, L50|100\/100\n|turn|6\n|\n|t:|1682009519\n|move|p2b: Iron Bundle|Hydro Pump|p1a: Flutter Mane\n|-damage|p1a: Flutter Mane|25\/100\n|-damage|p2b: Iron Bundle|32\/100|[from] item: Life Orb\n|move|p1a: Flutter Mane|Moonblast|p2b: Iron Bundle\n|-damage|p2b: Iron Bundle|0 fnt\n|faint|p2b: Iron Bundle\n|-end|p2b: Iron Bundle|Quark Drive|[silent]\n|move|p1b: Gholdengo|Shadow Ball|p2a: Iron Hands\n|-damage|p2a: Iron Hands|0 fnt\n|faint|p2a: Iron Hands\n|-end|p2a: Iron Hands|Quark Drive|[silent]\n|\n|win|nastyman21\n|raw|nastyman21's rating: 1257 → 1290<\/strong> (+33 for winning)\n|raw|PiscoFGT's rating: 1373 → 1347<\/strong> (-26 for losing)\n|c|\u2606nastyman21|ye u are pretty bad\n","uploadtime":1682009532,"views":7,"p1id":"nastyman21","p2id":"piscofgt","formatid":"gen9vgc2023regulationc","rating":1290,"private":0,"password":""}