{"id":"gen9vgc2023regulationc-1849997330","p1":"Vitalis24","p2":"Kojiiii","format":"[Gen 9] VGC 2023 Regulation C","log":"|j|\u2606Vitalis24\n|j|\u2606Kojiiii\n|t:|1682276327\n|gametype|doubles\n|player|p1|Vitalis24|ethan|1314\n|player|p2|Kojiiii|1|1325\n|teamsize|p1|6\n|teamsize|p2|6\n|gen|9\n|tier|[Gen 9] VGC 2023 Regulation C\n|rated|\n|rule|Species Clause: Limit one of each Pok\u00e9mon\n|rule|Item Clause: Limit one of each item\n|clearpoke\n|poke|p1|Glimmora, L50, M|\n|poke|p1|Flutter Mane, L50|\n|poke|p1|Indeedee-F, L50, F|\n|poke|p1|Iron Hands, L50|\n|poke|p1|Brute Bonnet, L50|\n|poke|p1|Pelipper, L50, F|\n|poke|p2|Hatterene, L50, F|\n|poke|p2|Indeedee-F, L50, F|\n|poke|p2|Torkoal, L50, F|\n|poke|p2|Kingambit, L50, F|\n|poke|p2|Dondozo, L50, M|\n|poke|p2|Tatsugiri, L50, F|\n|teampreview|4\n|\n|t:|1682276390\n|start\n|switch|p1a: Indeedee|Indeedee-F, L50, F|100\/100\n|switch|p1b: Iron Hands|Iron Hands, L50|100\/100\n|switch|p2a: Silembrim|Hatterene, L50, F|100\/100\n|switch|p2b: Servol|Indeedee-F, L50, F|100\/100\n|-fieldstart|move: Psychic Terrain|[from] ability: Psychic Surge|[of] p1a: Indeedee\n|-enditem|p2b: Servol|Psychic Seed\n|-boost|p2b: Servol|spd|1|[from] item: Psychic Seed\n|turn|1\n|\n|t:|1682276412\n|move|p1a: Indeedee|Follow Me|p1a: Indeedee\n|-singleturn|p1a: Indeedee|move: Follow Me\n|move|p1b: Iron Hands|Wild Charge|p2b: Servol\n|-damage|p2b: Servol|45\/100\n|-damage|p1b: Iron Hands|91\/100|[from] Recoil\n|move|p2a: Silembrim|Psychic|p1a: Indeedee\n|-resisted|p1a: Indeedee\n|-damage|p1a: Indeedee|68\/100\n|-damage|p2a: Silembrim|91\/100|[from] item: Life Orb\n|move|p2b: Servol|Trick Room|p2b: Servol\n|-fieldstart|move: Trick Room|[of] p2b: Servol\n|\n|upkeep\n|turn|2\n|\n|t:|1682276438\n|move|p2b: Servol|Helping Hand|p2a: Silembrim\n|-singleturn|p2a: Silembrim|Helping Hand|[of] p2b: Servol\n|move|p2a: Silembrim|Dazzling Gleam|p1a: Indeedee|[spread] p1a,p1b\n|-supereffective|p1b: Iron Hands\n|-damage|p1a: Indeedee|21\/100\n|-damage|p1b: Iron Hands|0 fnt\n|faint|p1b: Iron Hands\n|-end|p1b: Iron Hands|Quark Drive|[silent]\n|-damage|p2a: Silembrim|81\/100|[from] item: Life Orb\n|move|p1a: Indeedee|Trick Room|p1a: Indeedee\n|-fieldend|move: Trick Room\n|\n|upkeep\n|\n|t:|1682276450\n|switch|p1b: Brute Bonnet|Brute Bonnet, L50|100\/100\n|-enditem|p1b: Brute Bonnet|Booster Energy\n|-activate|p1b: Brute Bonnet|ability: Protosynthesis|[fromitem]\n|-start|p1b: Brute Bonnet|protosynthesisatk\n|turn|3\n|\n|t:|1682276467\n|-terastallize|p2b: Servol|Grass\n|-terastallize|p1b: Brute Bonnet|Poison\n|move|p1b: Brute Bonnet|Crunch|p2a: Silembrim\n|-damage|p2a: Silembrim|15\/100\n|move|p2a: Silembrim|Dazzling Gleam|p1b: Brute Bonnet|[spread] p1a,p1b\n|-resisted|p1b: Brute Bonnet\n|-damage|p1a: Indeedee|0 fnt\n|-damage|p1b: Brute Bonnet|87\/100\n|faint|p1a: Indeedee\n|-damage|p2a: Silembrim|5\/100|[from] item: Life Orb\n|move|p2b: Servol|Trick Room|p2b: Servol\n|-fieldstart|move: Trick Room|[of] p2b: Servol\n|\n|upkeep\n|\n|t:|1682276481\n|switch|p1a: Pelipper|Pelipper, L50, F|100\/100\n|-weather|RainDance|[from] ability: Drizzle|[of] p1a: Pelipper\n|turn|4\n|\n|t:|1682276494\n|move|p2b: Servol|Follow Me|p2b: Servol\n|-singleturn|p2b: Servol|move: Follow Me\n|move|p2a: Silembrim|Psychic|p1b: Brute Bonnet\n|-supereffective|p1b: Brute Bonnet\n|-damage|p1b: Brute Bonnet|0 fnt\n|faint|p1b: Brute Bonnet\n|-end|p1b: Brute Bonnet|Protosynthesis|[silent]\n|-damage|p2a: Silembrim|0 fnt|[from] item: Life Orb\n|faint|p2a: Silembrim\n|move|p1a: Pelipper|Hurricane|p2b: Servol\n|-supereffective|p2b: Servol\n|-damage|p2b: Servol|0 fnt\n|faint|p2b: Servol\n|\n|-weather|RainDance|[upkeep]\n|upkeep\n|\n|t:|1682276509\n|switch|p2a: Gladimperio|Kingambit, L50, F|100\/100\n|switch|p2b: Heerashai|Dondozo, L50, M|100\/100\n|turn|5\n|\n|t:|1682276520\n|move|p2b: Heerashai|Wave Crash|p1a: Pelipper\n|-resisted|p1a: Pelipper\n|-damage|p1a: Pelipper|30\/100\n|-damage|p2b: Heerashai|85\/100|[from] Recoil\n|move|p2a: Gladimperio|Kowtow Cleave|p1a: Pelipper\n|-damage|p1a: Pelipper|0 fnt\n|faint|p1a: Pelipper\n|\n|win|Kojiiii\n|raw|Vitalis24's rating: 1314 → 1295<\/strong> (-19 for losing)\n|raw|Kojiiii's rating: 1325 → 1344<\/strong> (+19 for winning)\n","uploadtime":1682276536,"views":9,"p1id":"vitalis24","p2id":"kojiiii","formatid":"gen9vgc2023regulationc","rating":1295,"private":0,"password":""}