{"id":"gen9vgc2023regulationc-1859820550","p1":"DatGuyJimmeh","p2":"HeroicPKMN","format":"[Gen 9] VGC 2023 Regulation C","log":"|j|\u2606DatGuyJimmeh\n|j|\u2606HeroicPKMN\n|t:|1683567282\n|gametype|doubles\n|player|p1|DatGuyJimmeh|2|1117\n|player|p2|HeroicPKMN|2|1123\n|teamsize|p1|6\n|teamsize|p2|6\n|gen|9\n|tier|[Gen 9] VGC 2023 Regulation C\n|rated|\n|rule|Species Clause: Limit one of each Pok\u00e9mon\n|rule|Item Clause: Limit one of each item\n|clearpoke\n|poke|p1|Tinkaton, L50, F|\n|poke|p1|Ting-Lu, L50|\n|poke|p1|Scream Tail, L50|\n|poke|p1|Gallade, L50, M|\n|poke|p1|Annihilape, L50, F|\n|poke|p1|Azumarill, L50, F|\n|poke|p2|Annihilape, L50, F|\n|poke|p2|Maushold-Four, L50|\n|poke|p2|Ting-Lu, L50|\n|poke|p2|Gyarados, L50, F|\n|poke|p2|Dragonite, L50, F|\n|poke|p2|Volcarona, L50, F|\n|teampreview|4\nDatGuyJimmeh has agreed to open team sheets.\n|inactive|Battle timer is ON: inactive players will automatically lose when time's up. (requested by HeroicPKMN)\nHeroicPKMN has agreed to open team sheets.\n|inactive|DatGuyJimmeh has 60 seconds left.\n|inactive|DatGuyJimmeh has 30 seconds left.\n|\n|t:|1683567370\n|start\n|switch|p1a: Ting-Lu|Ting-Lu, L50|100\/100\n|switch|p1b: Scream Tail|Scream Tail, L50|100\/100\n|switch|p2a: Orphanmaker|Annihilape, L50, F|100\/100\n|switch|p2b: Childhaver|Maushold-Four, L50|100\/100\n|-ability|p1a: Ting-Lu|Vessel of Ruin\n|-enditem|p1b: Scream Tail|Booster Energy\n|-activate|p1b: Scream Tail|ability: Protosynthesis|[fromitem]\n|-start|p1b: Scream Tail|protosynthesisspe\n|turn|1\n|\n|t:|1683567394\n|move|p2b: Childhaver|Follow Me|p2b: Childhaver\n|-singleturn|p2b: Childhaver|move: Follow Me\n|move|p1b: Scream Tail|Howl|p1b: Scream Tail|[spread] p1a,p1b\n|-boost|p1a: Ting-Lu|atk|1\n|-boost|p1b: Scream Tail|atk|1\n|move|p2a: Orphanmaker|Bulk Up|p2a: Orphanmaker\n|-boost|p2a: Orphanmaker|atk|1\n|-boost|p2a: Orphanmaker|def|1\n|move|p1a: Ting-Lu|Taunt|p2b: Childhaver\n|-start|p2b: Childhaver|move: Taunt\n|\n|upkeep\n|turn|2\n|inactive|DatGuyJimmeh has 30 seconds left.\n|inactive|HeroicPKMN has 30 seconds left.\n|\n|t:|1683567422\n|move|p1b: Scream Tail|Protect|p1b: Scream Tail\n|-singleturn|p1b: Scream Tail|Protect\n|move|p2b: Childhaver|Beat Up|p2a: Orphanmaker\n|-damage|p2a: Orphanmaker|99\/100\n|-damage|p2a: Orphanmaker|98\/100\n|-damage|p2a: Orphanmaker|97\/100\n|-damage|p2a: Orphanmaker|95\/100\n|-hitcount|p2a: Orphanmaker|4\n|move|p2a: Orphanmaker|Rage Fist|p1a: Ting-Lu\n|-resisted|p1a: Ting-Lu\n|-crit|p1a: Ting-Lu\n|-damage|p1a: Ting-Lu|34\/100\n|move|p1a: Ting-Lu|Earthquake|p2a: Orphanmaker|[spread] p2a,p2b\n|-activate|p1b: Scream Tail|move: Protect\n|-damage|p2a: Orphanmaker|75\/100\n|-damage|p2b: Childhaver|34\/100\n|\n|-heal|p2a: Orphanmaker|81\/100|[from] item: Leftovers\n|-heal|p1a: Ting-Lu|41\/100|[from] item: Leftovers\n|upkeep\n|turn|3\n|\n|t:|1683567446\n|switch|p2b: Dragonite|Dragonite, L50, F|100\/100\n|move|p1b: Scream Tail|Disable|p2a: Orphanmaker\n|-start|p2a: Orphanmaker|Disable|Rage Fist\n|cant|p2a: Orphanmaker|Disable|Rage Fist\n|move|p1a: Ting-Lu|Ruination|p2a: Orphanmaker\n|-damage|p2a: Orphanmaker|41\/100\n|\n|-heal|p2a: Orphanmaker|47\/100|[from] item: Leftovers\n|-heal|p1a: Ting-Lu|47\/100|[from] item: Leftovers\n|upkeep\n|turn|4\n|\n|t:|1683567467\n|switch|p1a: Azumarill|Azumarill, L50, F|100\/100\n|move|p1b: Scream Tail|Howl|p1b: Scream Tail|[spread] p1a,p1b\n|-boost|p1a: Azumarill|atk|1\n|-boost|p1b: Scream Tail|atk|1\n|move|p2a: Orphanmaker|Drain Punch|p1b: Scream Tail\n|-resisted|p1b: Scream Tail\n|-damage|p1b: Scream Tail|92\/100\n|-heal|p2a: Orphanmaker|51\/100|[from] drain|[of] p1b: Scream Tail\n|move|p2b: Dragonite|Ice Spinner|p1a: Azumarill\n|-resisted|p1a: Azumarill\n|-damage|p1a: Azumarill|86\/100\n|\n|-heal|p2a: Orphanmaker|58\/100|[from] item: Leftovers\n|upkeep\n|turn|5\n|inactive|DatGuyJimmeh has 30 seconds left.\n|\n|t:|1683567495\n|switch|p2a: Bullwinkle|Ting-Lu, L50|100\/100\n|-ability|p2a: Bullwinkle|Vessel of Ruin\n|move|p2b: Dragonite|Extreme Speed|p1b: Scream Tail\n|-damage|p1b: Scream Tail|72\/100\n|move|p1b: Scream Tail|Howl|p1b: Scream Tail|[spread] p1a,p1b\n|-boost|p1a: Azumarill|atk|1\n|-boost|p1b: Scream Tail|atk|1\n|move|p1a: Azumarill|Play Rough|p2b: Dragonite\n|-supereffective|p2b: Dragonite\n|-damage|p2b: Dragonite|0 fnt\n|faint|p2b: Dragonite\n|\n|upkeep\n|\n|t:|1683567508\n|switch|p2b: Orphanmaker|Annihilape, L50, F|58\/100\n|turn|6\n|\n|t:|1683567518\n|-terastallize|p1a: Azumarill|Water\n|move|p1a: Azumarill|Aqua Jet|p2b: Orphanmaker\n|-damage|p2b: Orphanmaker|0 fnt\n|faint|p2b: Orphanmaker\n|move|p1b: Scream Tail|Dazzling Gleam|p2a: Bullwinkle\n|-supereffective|p2a: Bullwinkle\n|-damage|p2a: Bullwinkle|86\/100\n|move|p2a: Bullwinkle|Heavy Slam|p1a: Azumarill\n|-resisted|p1a: Azumarill\n|-damage|p1a: Azumarill|71\/100\n|\n|upkeep\n|-message|HeroicPKMN forfeited.\n|\n|win|DatGuyJimmeh\n|raw|DatGuyJimmeh's rating: 1117 → 1142<\/strong> (+25 for winning)\n|raw|HeroicPKMN's rating: 1123 → 1098<\/strong> (-25 for losing)\n|l|\u2606HeroicPKMN\n","uploadtime":1683567536,"views":14,"p1id":"datguyjimmeh","p2id":"heroicpkmn","formatid":"gen9vgc2023regulationc","rating":1098,"private":0,"password":""}