{"id":"gen9vgc2023regulationc-1848494980","p1":"absolic22","p2":"MistressQueenM","format":"[Gen 9] VGC 2023 Regulation C","log":"|j|\u2606absolic22\n|j|\u203dMistressQueenM\n|t:|1682084347\n|gametype|doubles\n|player|p1|absolic22|169|1199\n|player|p2|MistressQueenM|veteranf|1164\n|teamsize|p1|6\n|teamsize|p2|6\n|gen|9\n|tier|[Gen 9] VGC 2023 Regulation C\n|rated|\n|rule|Species Clause: Limit one of each Pok\u00e9mon\n|rule|Item Clause: Limit one of each item\n|clearpoke\n|poke|p1|Farigiraf, L50, M|\n|poke|p1|Iron Hands, L50|\n|poke|p1|Gyarados, L50, M|\n|poke|p1|Flutter Mane, L50|\n|poke|p1|Scizor, L50, M|\n|poke|p1|Iron Treads, L50|\n|poke|p2|Wo-Chien, L50|\n|poke|p2|Torkoal, L50, M|\n|poke|p2|Garganacl, L50, M|\n|poke|p2|Great Tusk, L50|\n|poke|p2|Murkrow, L50, M|\n|poke|p2|Farigiraf, L50, F|\n|teampreview|4\n|inactive|Battle timer is ON: inactive players will automatically lose when time's up. (requested by MistressQueenM)\n|\n|t:|1682084389\n|start\n|switch|p1a: Iron Treads|Iron Treads, L50|100\/100\n|switch|p1b: Scizor|Scizor, L50, M|100\/100\n|switch|p2a: Great Tusk|Great Tusk, L50|100\/100\n|switch|p2b: Torkoal|Torkoal, L50, M, shiny|100\/100\n|-weather|SunnyDay|[from] ability: Drought|[of] p2b: Torkoal\n|-activate|p2a: Great Tusk|ability: Protosynthesis\n|-start|p2a: Great Tusk|protosynthesisatk\n|turn|1\n|inactive|MistressQueenM has 30 seconds left.\n|inactive|absolic22 has 30 seconds left.\n|inactive|MistressQueenM has 20 seconds left.\n|inactive|MistressQueenM has 15 seconds left.\n|\n|t:|1682084433\n|-terastallize|p1a: Iron Treads|Flying\n|move|p1b: Scizor|Protect|p1b: Scizor\n|-singleturn|p1b: Scizor|Protect\n|move|p2b: Torkoal|Protect|p2b: Torkoal\n|-singleturn|p2b: Torkoal|Protect\n|move|p1a: Iron Treads|Earthquake|p2b: Torkoal|[spread] p2a\n|-activate|p1b: Scizor|move: Protect\n|-activate|p2b: Torkoal|move: Protect\n|-damage|p2a: Great Tusk|74\/100\n|move|p2a: Great Tusk|Earthquake|p1a: Iron Treads|[spread] \n|-activate|p2b: Torkoal|move: Protect\n|-activate|p1b: Scizor|move: Protect\n|-immune|p1a: Iron Treads\n|\n|-weather|SunnyDay|[upkeep]\n|upkeep\n|turn|2\n|inactive|absolic22 has 30 seconds left.\n|inactive|absolic22 has 20 seconds left.\n|\n|t:|1682084470\n|switch|p2b: Wo-Chien|Wo-Chien, L50|100\/100\n|-ability|p2b: Wo-Chien|Tablets of Ruin\n|move|p1b: Scizor|Bullet Punch|p2a: Great Tusk\n|-damage|p2a: Great Tusk|55\/100\n|move|p1a: Iron Treads|Earthquake|p2a: Great Tusk|[spread] p1b,p2a,p2b\n|-resisted|p2b: Wo-Chien\n|-damage|p1b: Scizor|73\/100\n|-damage|p2a: Great Tusk|34\/100\n|-damage|p2b: Wo-Chien|88\/100\n|move|p2a: Great Tusk|Ice Spinner|p1a: Iron Treads\n|-supereffective|p1a: Iron Treads\n|-damage|p1a: Iron Treads|28\/100\n|-damage|p2a: Great Tusk|24\/100|[from] item: Life Orb\n|\n|-weather|SunnyDay|[upkeep]\n|upkeep\n|turn|3\n|\n|t:|1682084490\n|-end|p1a: Iron Treads|Quark Drive|[silent]\n|switch|p1a: Iron Hands|Iron Hands, L50|100\/100\n|move|p2a: Great Tusk|Protect|p2a: Great Tusk\n|-singleturn|p2a: Great Tusk|Protect\n|move|p2b: Wo-Chien|Protect|p2b: Wo-Chien\n|-singleturn|p2b: Wo-Chien|Protect\n|move|p1b: Scizor|X-Scissor|p2b: Wo-Chien\n|-activate|p2b: Wo-Chien|move: Protect\n|\n|-weather|SunnyDay|[upkeep]\n|upkeep\n|turn|4\n|\n|t:|1682084510\n|-terastallize|p2b: Wo-Chien|Poison\n|move|p1a: Iron Hands|Fake Out|p2a: Great Tusk\n|-damage|p2a: Great Tusk|15\/100\n|cant|p2a: Great Tusk|flinch\n|move|p2b: Wo-Chien|Leech Seed|p1a: Iron Hands\n|-start|p1a: Iron Hands|move: Leech Seed\n|move|p1b: Scizor|Swords Dance|p1b: Scizor\n|-boost|p1b: Scizor|atk|2\n|\n|-weather|SunnyDay|[upkeep]\n|-damage|p1a: Iron Hands|88\/100|[from] Leech Seed|[of] p2b: Wo-Chien\n|-heal|p2b: Wo-Chien|100\/100|[silent]\n|upkeep\n|turn|5\n|inactive|absolic22 has 30 seconds left.\n|\n|t:|1682084543\n|-end|p1a: Iron Hands|Quark Drive|[silent]\n|switch|p1a: Flutter Mane|Flutter Mane, L50|100\/100\n|-activate|p1a: Flutter Mane|ability: Protosynthesis\n|-start|p1a: Flutter Mane|protosynthesisspe\n|move|p1b: Scizor|Bullet Punch|p2a: Great Tusk\n|-crit|p2a: Great Tusk\n|-damage|p2a: Great Tusk|0 fnt\n|faint|p2a: Great Tusk\n|-end|p2a: Great Tusk|Protosynthesis|[silent]\n|move|p2b: Wo-Chien|Foul Play|p1b: Scizor\n|-damage|p1b: Scizor|0 fnt\n|faint|p1b: Scizor\n|\n|-weather|none\n|-end|p1a: Flutter Mane|Protosynthesis\n|upkeep\n|-enditem|p1a: Flutter Mane|Booster Energy\n|-activate|p1a: Flutter Mane|ability: Protosynthesis|[fromitem]\n|-start|p1a: Flutter Mane|protosynthesisspe\n|\n|t:|1682084559\n|switch|p2a: Garganacl|Garganacl, L50, M, shiny|100\/100\n|switch|p1b: Iron Treads|Iron Treads, L50, tera:Flying|28\/100\n|turn|6\n|inactive|absolic22 has 30 seconds left.\n|inactive|absolic22 has 20 seconds left.\n|inactive|absolic22 has 15 seconds left.\n|inactive|absolic22 has 10 seconds left.\n|\n|t:|1682084606\n|move|p1a: Flutter Mane|Protect|p1a: Flutter Mane\n|-singleturn|p1a: Flutter Mane|Protect\n|move|p2a: Garganacl|Wide Guard|p2a: Garganacl\n|-singleturn|p2a: Garganacl|Wide Guard\n|move|p1b: Iron Treads|Earthquake|p2b: Wo-Chien|[spread] \n|-activate|p2a: Garganacl|move: Wide Guard\n|-activate|p2b: Wo-Chien|move: Wide Guard\n|-activate|p1a: Flutter Mane|move: Protect\n|move|p2b: Wo-Chien|Leech Seed|p1a: Flutter Mane\n|-activate|p1a: Flutter Mane|move: Protect\n|\n|upkeep\n|turn|7\n|\n|t:|1682084622\n|-end|p1b: Iron Treads|Quark Drive|[silent]\n|switch|p1b: Iron Hands|Iron Hands, L50|88\/100\n|move|p2a: Garganacl|Wide Guard|p2a: Garganacl\n|-singleturn|p2a: Garganacl|Wide Guard\n|move|p1a: Flutter Mane|Shadow Ball|p2b: Wo-Chien\n|-damage|p2b: Wo-Chien|75\/100\n|move|p2b: Wo-Chien|Foul Play|p1b: Iron Hands\n|-resisted|p1b: Iron Hands\n|-damage|p1b: Iron Hands|71\/100\n|\n|upkeep\n|turn|8\n|inactive|absolic22 has 30 seconds left.\n|\n|t:|1682084653\n|move|p1b: Iron Hands|Fake Out|p2b: Wo-Chien\n|-damage|p2b: Wo-Chien|63\/100\n|move|p1a: Flutter Mane|Thunderbolt|p2a: Garganacl\n|-damage|p2a: Garganacl|78\/100\n|cant|p2b: Wo-Chien|flinch\n|move|p2a: Garganacl|Iron Defense|p2a: Garganacl\n|-boost|p2a: Garganacl|def|2\n|\n|-heal|p2a: Garganacl|84\/100|[from] item: Leftovers\n|upkeep\n|turn|9\n|\n|t:|1682084666\n|move|p2a: Garganacl|Wide Guard|p2a: Garganacl\n|-singleturn|p2a: Garganacl|Wide Guard\n|move|p1a: Flutter Mane|Dazzling Gleam|p2a: Garganacl|[spread] \n|-activate|p2a: Garganacl|move: Wide Guard\n|-activate|p2b: Wo-Chien|move: Wide Guard\n|move|p2b: Wo-Chien|Leech Seed|p1b: Iron Hands\n|-start|p1b: Iron Hands|move: Leech Seed\n|move|p1b: Iron Hands|Close Combat|p2a: Garganacl\n|-supereffective|p2a: Garganacl\n|-damage|p2a: Garganacl|43\/100\n|-unboost|p1b: Iron Hands|def|1\n|-unboost|p1b: Iron Hands|spd|1\n|\n|-heal|p2a: Garganacl|49\/100|[from] item: Leftovers\n|-damage|p1b: Iron Hands|59\/100|[from] Leech Seed|[of] p2b: Wo-Chien\n|-heal|p2b: Wo-Chien|80\/100|[silent]\n|upkeep\n|turn|10\n|\n|t:|1682084690\n|-end|p1b: Iron Hands|Quark Drive|[silent]\n|switch|p1b: Iron Treads|Iron Treads, L50, tera:Flying|28\/100\n|move|p1a: Flutter Mane|Dazzling Gleam|p2b: Wo-Chien|[spread] p2a,p2b\n|-resisted|p2b: Wo-Chien\n|-damage|p2a: Garganacl|25\/100\n|-damage|p2b: Wo-Chien|71\/100\n|move|p2b: Wo-Chien|Leech Seed|p1a: Flutter Mane\n|-start|p1a: Flutter Mane|move: Leech Seed\n|move|p2a: Garganacl|Recover|p2a: Garganacl\n|-heal|p2a: Garganacl|75\/100\n|\n|-heal|p2a: Garganacl|81\/100|[from] item: Leftovers\n|-damage|p1a: Flutter Mane|88\/100|[from] Leech Seed|[of] p2b: Wo-Chien\n|-heal|p2b: Wo-Chien|80\/100|[silent]\n|upkeep\n|turn|11\n|inactive|absolic22 has 30 seconds left.\n|inactive|absolic22 has 20 seconds left.\n|\n|t:|1682084728\n|-end|p1a: Flutter Mane|Protosynthesis|[silent]\n|switch|p1a: Iron Hands|Iron Hands, L50|59\/100\n|move|p2a: Garganacl|Wide Guard|p2a: Garganacl\n|-singleturn|p2a: Garganacl|Wide Guard\n|move|p1b: Iron Treads|Heavy Slam|p2a: Garganacl\n|-supereffective|p2a: Garganacl\n|-damage|p2a: Garganacl|70\/100\n|move|p2b: Wo-Chien|Leech Seed|p1b: Iron Treads\n|-start|p1b: Iron Treads|move: Leech Seed\n|\n|-heal|p2a: Garganacl|75\/100|[from] item: Leftovers\n|-damage|p1b: Iron Treads|16\/100|[from] Leech Seed|[of] p2b: Wo-Chien\n|-heal|p2b: Wo-Chien|90\/100|[silent]\n|upkeep\n|turn|12\n|-message|absolic22 forfeited.\n|\n|win|MistressQueenM\n|raw|absolic22's rating: 1199 → 1171<\/strong> (-28 for losing)\n|raw|MistressQueenM's rating: 1164 → 1192<\/strong> (+28 for winning)\n|l|\u2606absolic22\n","uploadtime":1682084746,"views":9,"p1id":"absolic22","p2id":"mistressqueenm","formatid":"gen9vgc2023regulationc","rating":1171,"private":0,"password":""}