{"id":"gen9vgc2023regulationc-1851296108","p1":"flyinghan92","p2":"funny401car","format":"[Gen 9] VGC 2023 Regulation C","log":"|j|\u2606flyinghan92\n|j|\u2606funny401car\n|t:|1682433550\n|gametype|doubles\n|player|p1|flyinghan92|266|1051\n|player|p2|funny401car|265|1092\n|teamsize|p1|6\n|teamsize|p2|6\n|gen|9\n|tier|[Gen 9] VGC 2023 Regulation C\n|rated|\n|rule|Species Clause: Limit one of each Pok\u00e9mon\n|rule|Item Clause: Limit one of each item\n|clearpoke\n|poke|p1|Pelipper, L50, F|\n|poke|p1|Dragonite, L50, F|\n|poke|p1|Corviknight, L50, F|\n|poke|p1|Honchkrow, L50, F|\n|poke|p1|Staraptor, L50, F|\n|poke|p1|Drednaw, L50, F|\n|poke|p2|Ceruledge, L50, M|\n|poke|p2|Flutter Mane, L50|\n|poke|p2|Espathra, L50, F|\n|poke|p2|Sandy Shocks, L50|\n|poke|p2|Bruxish, L50, F|\n|poke|p2|Flamigo, L50, M|\n|teampreview|4\n|inactive|Battle timer is ON: inactive players will automatically lose when time's up. (requested by funny401car)\n|inactive|flyinghan92 has 60 seconds left.\n|inactive|funny401car has 60 seconds left.\n|inactive|flyinghan92 has 30 seconds left.\n|\n|t:|1682433619\n|start\n|switch|p1a: PeliHan|Pelipper, L50, F|100\/100\n|switch|p1b: GoNaw|Drednaw, L50, F, shiny|100\/100\n|switch|p2a: Ching chong|Sandy Shocks, L50|100\/100\n|switch|p2b: Border hopper|Espathra, L50, F|100\/100\n|-weather|RainDance|[from] ability: Drizzle|[of] p1a: PeliHan\n|-enditem|p2a: Ching chong|Booster Energy\n|-activate|p2a: Ching chong|ability: Protosynthesis|[fromitem]\n|-start|p2a: Ching chong|protosynthesisspe\n|turn|1\n|inactive|flyinghan92 has 30 seconds left.\n|\n|t:|1682433645\n|move|p2a: Ching chong|Gravity|p2a: Ching chong\n|-fieldstart|move: Gravity\n|move|p1b: GoNaw|Liquidation|p2a: Ching chong\n|-supereffective|p2a: Ching chong\n|-damage|p2a: Ching chong|0 fnt\n|faint|p2a: Ching chong\n|-end|p2a: Ching chong|Protosynthesis|[silent]\n|move|p2b: Border hopper|Hypnosis|p1b: GoNaw\n|-status|p1b: GoNaw|slp|[from] move: Hypnosis\n|move|p1a: PeliHan|Tailwind|p1a: PeliHan\n|-sidestart|p1: flyinghan92|move: Tailwind\n|\n|-weather|RainDance|[upkeep]\n|-ability|p2b: Border hopper|Speed Boost|boost\n|-boost|p2b: Border hopper|spe|1\n|upkeep\n|\n|t:|1682433660\n|switch|p2a: Curry muncher|Ceruledge, L50, M, shiny|100\/100\n|turn|2\n|\n|t:|1682433671\n|move|p2a: Curry muncher|Protect|p2a: Curry muncher\n|-singleturn|p2a: Curry muncher|Protect\n|cant|p1b: GoNaw|slp\n|move|p2b: Border hopper|Hypnosis|p1a: PeliHan\n|-status|p1a: PeliHan|slp|[from] move: Hypnosis\n|cant|p1a: PeliHan|slp\n|\n|-weather|RainDance|[upkeep]\n|-ability|p2b: Border hopper|Speed Boost|boost\n|-boost|p2b: Border hopper|spe|1\n|upkeep\n|turn|3\n|\n|t:|1682433693\n|-curestatus|p1b: GoNaw|slp|[msg]\n|move|p1b: GoNaw|Liquidation|p2a: Curry muncher\n|-supereffective|p2a: Curry muncher\n|-damage|p2a: Curry muncher|0 fnt\n|faint|p2a: Curry muncher\n|move|p2b: Border hopper|Lumina Crash|p1a: PeliHan\n|-damage|p1a: PeliHan|34\/100 slp\n|-unboost|p1a: PeliHan|spd|2\n|cant|p1a: PeliHan|slp\n|\n|-weather|RainDance|[upkeep]\n|-ability|p2b: Border hopper|Speed Boost|boost\n|-boost|p2b: Border hopper|spe|1\n|upkeep\n|\n|t:|1682433698\n|switch|p2a: Niger|Flutter Mane, L50|100\/100\n|turn|4\n|\n|t:|1682433715\n|move|p1b: GoNaw|Liquidation|p2b: Border hopper\n|-enditem|p2b: Border hopper|Focus Sash\n|-damage|p2b: Border hopper|1\/100\n|move|p2b: Border hopper|Hypnosis|p1b: GoNaw\n|-status|p1b: GoNaw|slp|[from] move: Hypnosis\n|-curestatus|p1a: PeliHan|slp|[msg]\n|move|p1a: PeliHan|Hurricane|p2b: Border hopper\n|-damage|p2b: Border hopper|0 fnt\n|faint|p2b: Border hopper\n|move|p2a: Niger|Dazzling Gleam|p1b: GoNaw|[spread] p1a,p1b\n|-damage|p1a: PeliHan|0 fnt\n|-damage|p1b: GoNaw|46\/100 slp\n|faint|p1a: PeliHan\n|-damage|p2a: Niger|90\/100|[from] item: Life Orb\n|\n|-weather|RainDance|[upkeep]\n|-sideend|p1: flyinghan92|move: Tailwind\n|upkeep\n|\n|t:|1682433732\n|switch|p1a: GoGonite|Dragonite, L50, F|100\/100\n|turn|5\n|\n|t:|1682433739\n|-terastallize|p2a: Niger|Grass\n|-terastallize|p1a: GoGonite|Flying\n|cant|p1b: GoNaw|slp\n|move|p2a: Niger|Dazzling Gleam|p1b: GoNaw|[spread] p1a,p1b\n|-damage|p1a: GoGonite|87\/100\n|-damage|p1b: GoNaw|0 fnt\n|faint|p1b: GoNaw\n|-damage|p2a: Niger|80\/100|[from] item: Life Orb\n|move|p1a: GoGonite|Hurricane|p2a: Niger\n|-supereffective|p2a: Niger\n|-damage|p2a: Niger|0 fnt\n|faint|p2a: Niger\n|-end|p2a: Niger|Protosynthesis|[silent]\n|\n|win|flyinghan92\n|raw|flyinghan92's rating: 1051 → 1087<\/strong> (+36 for winning)\n|raw|funny401car's rating: 1092 → 1065<\/strong> (-27 for losing)\n|l|\u2606funny401car\n","uploadtime":1682433760,"views":13,"p1id":"flyinghan92","p2id":"funny401car","formatid":"gen9vgc2023regulationc","rating":1065,"private":0,"password":""}