{"id":"gen9vgc2023regulationc-1861354590","p1":"JaiGosai","p2":"PKAB","format":"[Gen 9] VGC 2023 Regulation C","log":"|j|\u2606JaiGosai\n|j|\u2606PKAB\n|t:|1683748904\n|gametype|doubles\n|player|p1|JaiGosai|266|\n|player|p2|PKAB|camper|\n|teamsize|p1|6\n|teamsize|p2|6\n|gen|9\n|tier|[Gen 9] VGC 2023 Regulation C\n|rule|Species Clause: Limit one of each Pok\u00e9mon\n|rule|Item Clause: Limit one of each item\n|clearpoke\n|poke|p1|Amoonguss, L50, F|\n|poke|p1|Chien-Pao, L50|\n|poke|p1|Palafin, L50, M|\n|poke|p1|Arcanine, L50, F|\n|poke|p1|Dragonite, L50, M|\n|poke|p1|Flutter Mane, L50|\n|poke|p2|Talonflame, L50, M|\n|poke|p2|Gholdengo, L50|\n|poke|p2|Garchomp, L50, M|\n|poke|p2|Iron Hands, L50|\n|poke|p2|Iron Bundle, L50|\n|poke|p2|Chien-Pao, L50|\n|teampreview|4\n|inactive|Battle timer is ON: inactive players will automatically lose when time's up. (requested by JaiGosai)\n|inactiveoff|Battle timer is now OFF.\nPKAB has agreed to open team sheets.\nJaiGosai has agreed to open team sheets.\n|c|\u2606JaiGosai|g1\n|j| SalcranVGC\n|j| Orangex733\n|c|\u2606PKAB|Alrighty, glhf when you're ready o7\n|j| p3ds\n|l| p3ds\n|c|\u2606JaiGosai|glhf\n|\n|t:|1683749054\n|start\n|switch|p1a: Dragonite|Dragonite, L50, M|100\/100\n|switch|p1b: Flutter Mane|Flutter Mane, L50, shiny|100\/100\n|switch|p2a: Talonflame|Talonflame, L50, M|100\/100\n|switch|p2b: Gholdengo|Gholdengo, L50|100\/100\n|turn|1\n|\n|t:|1683749083\n|-end|p1b: Flutter Mane|Protosynthesis|[silent]\n|switch|p1b: Arcanine|Arcanine, L50, F|100\/100\n|-ability|p1b: Arcanine|Intimidate|boost\n|-unboost|p2a: Talonflame|atk|1\n|-unboost|p2b: Gholdengo|atk|1\n|-terastallize|p2a: Talonflame|Ghost\n|move|p2a: Talonflame|Tailwind|p2a: Talonflame\n|-sidestart|p2: PKAB|move: Tailwind\n|move|p2b: Gholdengo|Make It Rain|p1b: Arcanine|[spread] p1a,p1b\n|-resisted|p1b: Arcanine\n|-damage|p1a: Dragonite|66\/100\n|-damage|p1b: Arcanine|57\/100\n|-unboost|p2b: Gholdengo|spa|1\n|move|p1a: Dragonite|Tailwind|p1a: Dragonite\n|-sidestart|p1: JaiGosai|move: Tailwind\n|\n|upkeep\n|turn|2\n|\n|t:|1683749128\n|switch|p2a: Garchomp|Garchomp, L50, M|100\/100\n|move|p1b: Arcanine|Flare Blitz|p2b: Gholdengo\n|-supereffective|p2b: Gholdengo\n|-damage|p2b: Gholdengo|0 fnt\n|faint|p2b: Gholdengo\n|-damage|p1b: Arcanine|28\/100|[from] Recoil\n|move|p1a: Dragonite|Stomping Tantrum|p2a: Garchomp\n|-damage|p2a: Garchomp|73\/100\n|-damage|p1a: Dragonite|54\/100|[from] ability: Rough Skin|[of] p2a: Garchomp\n|\n|upkeep\n|\n|t:|1683749134\n|switch|p2b: Talonflame|Talonflame, L50, M, tera:Ghost|100\/100\n|turn|3\n|\n|t:|1683749168\n|switch|p2b: Chien-Pao|Chien-Pao, L50|100\/100\n|-ability|p2b: Chien-Pao|Sword of Ruin\n|switch|p1b: Amoonguss|Amoonguss, L50, F, shiny|100\/100\n|switch|p1a: Flutter Mane|Flutter Mane, L50, shiny|100\/100\n|move|p2a: Garchomp|Rock Slide|p1a: Flutter Mane|[spread] p1a,p1b\n|-damage|p1a: Flutter Mane|63\/100\n|-damage|p1b: Amoonguss|78\/100\n|\n|upkeep\n|turn|4\n|\n|t:|1683749206\n|move|p2b: Chien-Pao|Protect|p2b: Chien-Pao\n|-singleturn|p2b: Chien-Pao|Protect\n|move|p1b: Amoonguss|Rage Powder|p1b: Amoonguss\n|-singleturn|p1b: Amoonguss|move: Rage Powder\n|move|p1a: Flutter Mane|Dazzling Gleam|p2a: Garchomp|[spread] p2a\n|-activate|p2b: Chien-Pao|move: Protect\n|-supereffective|p2a: Garchomp\n|-damage|p2a: Garchomp|0 fnt\n|faint|p2a: Garchomp\n|\n|-sideend|p1: JaiGosai|move: Tailwind\n|-sideend|p2: PKAB|move: Tailwind\n|upkeep\n|\n|t:|1683749208\n|switch|p2a: Talonflame|Talonflame, L50, M, tera:Ghost|100\/100\n|turn|5\n|\n|t:|1683749259\n|-end|p1a: Flutter Mane|Protosynthesis|[silent]\n|switch|p1a: Arcanine|Arcanine, L50, F|28\/100\n|-ability|p1a: Arcanine|Intimidate|boost\n|-unboost|p2a: Talonflame|atk|1\n|-unboost|p2b: Chien-Pao|atk|1\n|-terastallize|p1b: Amoonguss|Water\n|move|p2a: Talonflame|Brave Bird|p1a: Arcanine\n|-damage|p1a: Arcanine|0 fnt\n|faint|p1a: Arcanine\n|-damage|p2a: Talonflame|90\/100|[from] Recoil\n|move|p2b: Chien-Pao|Ice Spinner|p1b: Amoonguss\n|-resisted|p1b: Amoonguss\n|-damage|p1b: Amoonguss|63\/100\n|move|p1b: Amoonguss|Spore|p2b: Chien-Pao\n|-status|p2b: Chien-Pao|slp|[from] move: Spore\n|\n|upkeep\n|\n|t:|1683749302\n|switch|p1a: Flutter Mane|Flutter Mane, L50, shiny|63\/100\n|turn|6\n|l| Orangex733\n|\n|t:|1683749332\n|move|p2a: Talonflame|Brave Bird|p1a: Flutter Mane\n|-damage|p1a: Flutter Mane|19\/100\n|-damage|p2a: Talonflame|79\/100|[from] Recoil\n|cant|p2b: Chien-Pao|slp\n|move|p1a: Flutter Mane|Dazzling Gleam|p2b: Chien-Pao|[spread] p2a,p2b\n|-supereffective|p2b: Chien-Pao\n|-damage|p2a: Talonflame|27\/100\n|-enditem|p2b: Chien-Pao|Focus Sash\n|-damage|p2b: Chien-Pao|1\/100 slp\n|move|p1b: Amoonguss|Pollen Puff|p1a: Flutter Mane\n|-heal|p1a: Flutter Mane|69\/100\n|\n|upkeep\n|turn|7\n|j| Orangex733\n|\n|t:|1683749361\n|-curestatus|p2b: Chien-Pao|slp|[msg]\n|move|p2b: Chien-Pao|Sucker Punch|p1a: Flutter Mane\n|-damage|p1a: Flutter Mane|23\/100\n|move|p2a: Talonflame|Brave Bird|p1a: Flutter Mane\n|-damage|p1a: Flutter Mane|0 fnt\n|faint|p1a: Flutter Mane\n|-end|p1a: Flutter Mane|Protosynthesis|[silent]\n|-damage|p2a: Talonflame|22\/100|[from] Recoil\n|move|p1b: Amoonguss|Pollen Puff|p2b: Chien-Pao\n|-supereffective|p2b: Chien-Pao\n|-damage|p2b: Chien-Pao|0 fnt\n|faint|p2b: Chien-Pao\n|\n|upkeep\n|\n|t:|1683749367\n|switch|p1a: Dragonite|Dragonite, L50, M|54\/100\n|turn|8\n|\n|t:|1683749383\n|move|p2a: Talonflame|Brave Bird|p1b: Amoonguss\n|-damage|p1b: Amoonguss|44\/100\n|-enditem|p1b: Amoonguss|Sitrus Berry|[eat]\n|-heal|p1b: Amoonguss|69\/100|[from] item: Sitrus Berry\n|-damage|p2a: Talonflame|14\/100|[from] Recoil\n|move|p1a: Dragonite|Stomping Tantrum|p2a: Talonflame\n|-damage|p2a: Talonflame|0 fnt\n|faint|p2a: Talonflame\n|\n|win|JaiGosai\n|l| Orangex733\n|j| NJBDarkrai\n|j| Breloom3912\n|l| Breloom3912\n|l| NJBDarkrai\n|l|\u2606PKAB\n|l| SalcranVGC\n|n|\u2606JaiGosai|jaigosai\n|n|\u2606JaiGosai|jaigosai\n|n|\u2606JaiGosai|jaigosai\n|j|\u2606PKAB\n|player|p2|PKAB|camper\n","uploadtime":1683750022,"views":17,"p1id":"jaigosai","p2id":"pkab","formatid":"gen9vgc2023regulationc","rating":0,"private":0,"password":""}