{"id":"gen9vgc2023regulationc-1850857829","p1":"NoNotNobody","p2":"FinalGambitVGC","format":"[Gen 9] VGC 2023 Regulation C","log":"|j|\u2606NoNotNobody\n|j|\u2606FinalGambitVGC\n|t:|1682375051\n|gametype|doubles\n|player|p1|NoNotNobody|169|\n|player|p2|FinalGambitVGC|cynthia-masters|\n|teamsize|p1|6\n|teamsize|p2|6\n|gen|9\n|tier|[Gen 9] VGC 2023 Regulation C\n|rule|Species Clause: Limit one of each Pok\u00e9mon\n|rule|Item Clause: Limit one of each item\n|clearpoke\n|poke|p1|Dragapult, L50, M|\n|poke|p1|Staravia, L50, F|\n|poke|p1|Tinkaton, L50, F|\n|poke|p1|Meowscarada, L50, F|\n|poke|p1|Skeledirge, L50, M|\n|poke|p1|Oranguru, L50, M|\n|poke|p2|Fletchinder, L50, M|\n|poke|p2|Sableye, L50, F|\n|poke|p2|Iron Valiant, L50|\n|poke|p2|Mabosstiff, L50, M|\n|poke|p2|Slither Wing, L50|\n|poke|p2|Amoonguss, L50, M|\n|teampreview|4\n|c|\u2606FinalGambitVGC|actual game 2\n|c|\u2606NoNotNobody|Game 2\n|j| GIANT OSHAWOTT\n|c|\u2606NoNotNobody|glhf\n|c|\u2606FinalGambitVGC|glhf\n|l|\u2606NoNotNobody\n|player|p1|\n|\n|t:|1682375564\n|start\n|switch|p1a: Tinkaton|Tinkaton, L50, F|100\/100\n|switch|p1b: Skeledirge|Skeledirge, L50, M|100\/100\n|switch|p2a: Amoonguss|Amoonguss, L50, M|100\/100\n|switch|p2b: Sableye|Sableye, L50, F|100\/100\n|turn|1\n|j|\u2606NoNotNobody\n|player|p1|NoNotNobody|169\n|\n|t:|1682375590\n|move|p1a: Tinkaton|Fake Out|p2a: Amoonguss\n|-damage|p2a: Amoonguss|93\/100\n|move|p2b: Sableye|Quash|p1b: Skeledirge\n|-activate|p1b: Skeledirge|move: Quash\n|move|p2a: Amoonguss|Spore|p1b: Skeledirge\n|-status|p1b: Skeledirge|slp|[from] move: Spore\n|cant|p1b: Skeledirge|slp\n|\n|upkeep\n|turn|2\n|\n|t:|1682375634\n|move|p1a: Tinkaton|Play Rough|p2b: Sableye\n|-supereffective|p2b: Sableye\n|-damage|p2b: Sableye|19\/100\n|-enditem|p2b: Sableye|Eject Button\n|\n|t:|1682375640\n|switch|p2b: Slither Wing|Slither Wing, L50|100\/100\n|cant|p1b: Skeledirge|slp\n|move|p2a: Amoonguss|Spore|p1a: Tinkaton\n|-status|p1a: Tinkaton|slp|[from] move: Spore\n|-enditem|p1a: Tinkaton|Lum Berry|[eat]\n|-curestatus|p1a: Tinkaton|slp|[msg]\n|\n|upkeep\n|turn|3\n|\n|t:|1682375668\n|switch|p1a: Staravia|Staravia, L50, F|100\/100\n|-ability|p1a: Staravia|Intimidate|boost\n|-unboost|p2a: Amoonguss|atk|1\n|-unboost|p2b: Slither Wing|atk|1\n|-terastallize|p2b: Slither Wing|Fairy\n|move|p2b: Slither Wing|Stomping Tantrum|p1a: Staravia\n|-immune|p1a: Staravia\n|cant|p1b: Skeledirge|slp\n|move|p2a: Amoonguss|Pollen Puff|p2b: Slither Wing\n|-immune|p2b: Slither Wing\n|\n|upkeep\n|turn|4\n|\n|t:|1682375730\n|switch|p1a: Tinkaton|Tinkaton, L50, F|100\/100\n|move|p2b: Slither Wing|Stomping Tantrum|p1b: Skeledirge\n|-supereffective|p1b: Skeledirge\n|-damage|p1b: Skeledirge|23\/100 slp\n|-curestatus|p1b: Skeledirge|slp|[msg]\n|move|p1b: Skeledirge|Torch Song|p2a: Amoonguss\n|-supereffective|p2a: Amoonguss\n|-damage|p2a: Amoonguss|44\/100\n|-boost|p1b: Skeledirge|spa|1\n|move|p2a: Amoonguss|Spore|p1a: Tinkaton\n|-status|p1a: Tinkaton|slp|[from] move: Spore\n|\n|-heal|p1b: Skeledirge|29\/100|[from] item: Leftovers\n|upkeep\n|turn|5\n|\n|t:|1682375771\n|-end|p2b: Slither Wing|Protosynthesis|[silent]\n|switch|p2b: Sableye|Sableye, L50, F|19\/100\n|switch|p2a: Iron Valiant|Iron Valiant, L50|100\/100\n|move|p1b: Skeledirge|Protect|p1b: Skeledirge\n|-singleturn|p1b: Skeledirge|Protect\n|cant|p1a: Tinkaton|slp\n|\n|-heal|p1b: Skeledirge|35\/100|[from] item: Leftovers\n|upkeep\n|turn|6\n|\n|t:|1682375835\n|move|p2b: Sableye|Fake Out|p1a: Tinkaton\n|-resisted|p1a: Tinkaton\n|-damage|p1a: Tinkaton|96\/100 slp\n|move|p2a: Iron Valiant|Moonblast|p1b: Skeledirge\n|-resisted|p1b: Skeledirge\n|-damage|p1b: Skeledirge|0 fnt\n|faint|p1b: Skeledirge\n|-curestatus|p1a: Tinkaton|slp|[msg]\n|cant|p1a: Tinkaton|flinch\n|\n|upkeep\n|\n|t:|1682375842\n|switch|p1b: Staravia|Staravia, L50, F|100\/100\n|-ability|p1b: Staravia|Intimidate|boost\n|-unboost|p2a: Iron Valiant|atk|1\n|-unboost|p2b: Sableye|atk|1\n|turn|7\n|\n|t:|1682375864\n|move|p2b: Sableye|Quash|p1a: Tinkaton\n|-activate|p1a: Tinkaton|move: Quash\n|move|p2a: Iron Valiant|Moonblast|p1b: Staravia\n|-damage|p1b: Staravia|36\/100\n|move|p1b: Staravia|Tailwind|p1b: Staravia\n|-sidestart|p1: NoNotNobody|move: Tailwind\n|move|p1a: Tinkaton|Play Rough|p2a: Iron Valiant\n|-supereffective|p2a: Iron Valiant\n|-damage|p2a: Iron Valiant|11\/100\n|\n|upkeep\n|turn|8\n|\n|t:|1682375892\n|move|p2b: Sableye|Quash|p1b: Staravia\n|-activate|p1b: Staravia|move: Quash\n|move|p1a: Tinkaton|Play Rough|p2a: Iron Valiant\n|-supereffective|p2a: Iron Valiant\n|-damage|p2a: Iron Valiant|0 fnt\n|faint|p2a: Iron Valiant\n|-end|p2a: Iron Valiant|Quark Drive|[silent]\n|move|p1b: Staravia|Brave Bird|p2b: Sableye\n|-damage|p2b: Sableye|0 fnt\n|faint|p2b: Sableye\n|-damage|p1b: Staravia|30\/100|[from] Recoil\n|\n|upkeep\n|\n|t:|1682375905\n|switch|p2a: Amoonguss|Amoonguss, L50, M|77\/100\n|switch|p2b: Slither Wing|Slither Wing, L50, tera:Fairy|100\/100\n|turn|9\n|\n|t:|1682375940\n|switch|p1a: Dragapult|Dragapult, L50, M|100\/100\n|move|p2b: Slither Wing|First Impression|p1b: Staravia\n|-resisted|p1b: Staravia\n|-damage|p1b: Staravia|1\/100\n|move|p1b: Staravia|Brave Bird|p2a: Amoonguss\n|-supereffective|p2a: Amoonguss\n|-damage|p2a: Amoonguss|28\/100\n|-damage|p1b: Staravia|0 fnt|[from] Recoil\n|faint|p1b: Staravia\n|move|p2a: Amoonguss|Spore|p1a: Dragapult\n|-status|p1a: Dragapult|slp|[from] move: Spore\n|\n|upkeep\n|\n|t:|1682375945\n|switch|p1b: Tinkaton|Tinkaton, L50, F|96\/100\n|turn|10\n|\n|t:|1682375998\n|cant|p1a: Dragapult|slp\n|move|p1b: Tinkaton|Gigaton Hammer|p2b: Slither Wing\n|-supereffective|p2b: Slither Wing\n|-damage|p2b: Slither Wing|0 fnt\n|faint|p2b: Slither Wing\n|-end|p2b: Slither Wing|Protosynthesis|[silent]\n|move|p2a: Amoonguss|Spore|p1b: Tinkaton\n|-status|p1b: Tinkaton|slp|[from] move: Spore\n|\n|-sideend|p1: NoNotNobody|move: Tailwind\n|upkeep\n|turn|11\n|\n|t:|1682376039\n|-curestatus|p1a: Dragapult|slp|[msg]\n|move|p1a: Dragapult|Phantom Force||[still]\n|-prepare|p1a: Dragapult|Phantom Force\n|-enditem|p1a: Dragapult|Power Herb\n|-anim|p1a: Dragapult|Phantom Force|p2a: Amoonguss\n|-crit|p2a: Amoonguss\n|-damage|p2a: Amoonguss|0 fnt\n|faint|p2a: Amoonguss\n|\n|win|NoNotNobody\n|c|\u2606NoNotNobody|ggs\n","uploadtime":1682376054,"views":16,"p1id":"nonotnobody","p2id":"finalgambitvgc","formatid":"gen9vgc2023regulationc","rating":0,"private":0,"password":""}