{"id":"gen9vgc2023regulationc-1851230351","p1":"Nansral26","p2":"Duduku","format":"[Gen 9] VGC 2023 Regulation C","log":"|j|\u2606Nansral26\n|j|\u2606Duduku\n|t:|1682427528\n|gametype|doubles\n|player|p1|Nansral26|hiker-gen4|1076\n|player|p2|Duduku|170|1053\n|teamsize|p1|6\n|teamsize|p2|6\n|gen|9\n|tier|[Gen 9] VGC 2023 Regulation C\n|rated|\n|rule|Species Clause: Limit one of each Pok\u00e9mon\n|rule|Item Clause: Limit one of each item\n|clearpoke\n|poke|p1|Ting-Lu, L50|\n|poke|p1|Haxorus, L50, F|\n|poke|p1|Maushold-Four, L50|\n|poke|p1|Abomasnow, L50, M|\n|poke|p1|Beartic, L50, F|\n|poke|p1|Garganacl, L50, M|\n|poke|p2|Palafin, L50, F|\n|poke|p2|Flutter Mane, L50|\n|poke|p2|Arcanine, L50, M|\n|poke|p2|Amoonguss, L50, F|\n|poke|p2|Ting-Lu, L50|\n|poke|p2|Roaring Moon, L50|\n|teampreview|4\n|inactive|Battle timer is ON: inactive players will automatically lose when time's up. (requested by Nansral26)\n|\n|t:|1682427546\n|start\n|switch|p1a: Abomasnow|Abomasnow, L50, M|100\/100\n|switch|p1b: Beartic|Beartic, L50, F|100\/100\n|switch|p2a: Flutter Mane|Flutter Mane, L50|100\/100\n|switch|p2b: Palafin|Palafin, L50, F|100\/100\n|-weather|Snow|[from] ability: Snow Warning|[of] p1a: Abomasnow\n|turn|1\n|\n|t:|1682427563\n|-end|p2a: Flutter Mane|Protosynthesis|[silent]\n|switch|p2a: Arcanine|Arcanine, L50, M|100\/100\n|-ability|p2a: Arcanine|Intimidate|boost\n|-unboost|p1a: Abomasnow|atk|1\n|-unboost|p1b: Beartic|atk|1\n|detailschange|p2b: Palafin|Palafin-Hero, L50, F\n|switch|p2b: Amoonguss|Amoonguss, L50, F|100\/100\n|move|p1a: Abomasnow|Aurora Veil|p1a: Abomasnow\n|-sidestart|p1: Nansral26|move: Aurora Veil\n|move|p1b: Beartic|Sheer Cold|p2a: Arcanine|[miss]\n|-miss|p1b: Beartic|p2a: Arcanine\n|\n|-weather|Snow|[upkeep]\n|upkeep\n|turn|2\n|\n|t:|1682427584\n|switch|p1a: Maushold|Maushold-Four, L50|100\/100\n|switch|p2b: Palafin|Palafin-Hero, L50, F|100\/100\n|-activate|p2b: Palafin|ability: Zero to Hero\n|move|p2a: Arcanine|Flare Blitz|p1a: Maushold\n|-damage|p1a: Maushold|62\/100\n|-damage|p2a: Arcanine|89\/100|[from] Recoil\n|move|p1b: Beartic|Sheer Cold|p2b: Palafin|[miss]\n|-miss|p1b: Beartic|p2b: Palafin\n|\n|-weather|Snow|[upkeep]\n|upkeep\n|turn|3\n|\n|t:|1682427605\n|-terastallize|p2b: Palafin|Water\n|move|p2b: Palafin|Wave Crash|p1a: Maushold\n|-damage|p1a: Maushold|0 fnt\n|faint|p1a: Maushold\n|-damage|p2b: Palafin|79\/100|[from] Recoil\n|move|p2a: Arcanine|Flare Blitz|p1b: Beartic\n|-supereffective|p1b: Beartic\n|-damage|p1b: Beartic|61\/100\n|-damage|p2a: Arcanine|76\/100|[from] Recoil\n|move|p1b: Beartic|Sheer Cold|p2b: Palafin|[miss]\n|-miss|p1b: Beartic|p2b: Palafin\n|\n|-weather|Snow|[upkeep]\n|upkeep\n|\n|t:|1682427612\n|switch|p1a: Ting-Lu|Ting-Lu, L50|100\/100\n|-ability|p1a: Ting-Lu|Vessel of Ruin\n|turn|4\n|\n|t:|1682427633\n|switch|p2a: Flutter Mane|Flutter Mane, L50|100\/100\n|move|p2b: Palafin|Wave Crash|p1b: Beartic\n|-damage|p1b: Beartic|6\/100\n|-damage|p2b: Palafin|59\/100|[from] Recoil\n|move|p1b: Beartic|Sheer Cold|p2b: Palafin|[miss]\n|-miss|p1b: Beartic|p2b: Palafin\n|move|p1a: Ting-Lu|Fissure|p2b: Palafin\n|-damage|p2b: Palafin|0 fnt\n|faint|p2b: Palafin\n|-ohko\n|\n|-weather|Snow|[upkeep]\n|upkeep\n|\n|t:|1682427647\n|switch|p2b: Amoonguss|Amoonguss, L50, F|100\/100\n|turn|5\n|\n|t:|1682427658\n|move|p2b: Amoonguss|Protect|p2b: Amoonguss\n|-singleturn|p2b: Amoonguss|Protect\n|move|p2a: Flutter Mane|Dazzling Gleam|p1b: Beartic|[spread] p1a,p1b\n|-supereffective|p1a: Ting-Lu\n|-damage|p1a: Ting-Lu|79\/100\n|-damage|p1b: Beartic|0 fnt\n|faint|p1b: Beartic\n|move|p1a: Ting-Lu|Heavy Slam|p2a: Flutter Mane\n|-supereffective|p2a: Flutter Mane\n|-damage|p2a: Flutter Mane|0 fnt\n|faint|p2a: Flutter Mane\n|-end|p2a: Flutter Mane|Protosynthesis|[silent]\n|\n|-weather|none\n|-sideend|p1: Nansral26|move: Aurora Veil\n|upkeep\n|\n|t:|1682427668\n|switch|p2a: Arcanine|Arcanine, L50, M|76\/100\n|switch|p1b: Abomasnow|Abomasnow, L50, M|100\/100\n|-ability|p2a: Arcanine|Intimidate|boost\n|-unboost|p1a: Ting-Lu|atk|1\n|-unboost|p1b: Abomasnow|atk|1\n|-weather|Snow|[from] ability: Snow Warning|[of] p1b: Abomasnow\n|turn|6\n|\n|t:|1682427687\n|move|p2a: Arcanine|Flare Blitz|p1b: Abomasnow\n|-supereffective|p1b: Abomasnow\n|-enditem|p1b: Abomasnow|Occa Berry|[eat]\n|-enditem|p1b: Abomasnow|Occa Berry|[weaken]\n|-damage|p1b: Abomasnow|30\/100\n|-status|p1b: Abomasnow|brn\n|-damage|p2a: Arcanine|53\/100|[from] Recoil\n|move|p1b: Abomasnow|Sheer Cold|p2b: Amoonguss|[miss]\n|-miss|p1b: Abomasnow|p2b: Amoonguss\n|move|p1a: Ting-Lu|Fissure|p2b: Amoonguss|[miss]\n|-miss|p1a: Ting-Lu|p2b: Amoonguss\n|move|p2b: Amoonguss|Spore|p1a: Ting-Lu\n|-status|p1a: Ting-Lu|slp|[from] move: Spore\n|\n|-weather|Snow|[upkeep]\n|-damage|p1b: Abomasnow|24\/100 brn|[from] brn\n|upkeep\n|turn|7\n|\n|t:|1682427708\n|move|p2a: Arcanine|Flare Blitz|p1b: Abomasnow\n|-supereffective|p1b: Abomasnow\n|-damage|p1b: Abomasnow|0 fnt\n|faint|p1b: Abomasnow\n|-damage|p2a: Arcanine|44\/100|[from] Recoil\n|cant|p1a: Ting-Lu|slp\n|move|p2b: Amoonguss|Pollen Puff|p1a: Ting-Lu\n|-supereffective|p1a: Ting-Lu\n|-crit|p1a: Ting-Lu\n|-damage|p1a: Ting-Lu|62\/100 slp\n|\n|-weather|Snow|[upkeep]\n|upkeep\n|turn|8\n|\n|t:|1682427727\n|move|p2a: Arcanine|Flare Blitz|p1a: Ting-Lu\n|-damage|p1a: Ting-Lu|38\/100 slp\n|-damage|p2a: Arcanine|34\/100|[from] Recoil\n|cant|p1a: Ting-Lu|slp\n|move|p2b: Amoonguss|Pollen Puff|p1a: Ting-Lu\n|-supereffective|p1a: Ting-Lu\n|-damage|p1a: Ting-Lu|25\/100 slp\n|\n|-weather|Snow|[upkeep]\n|upkeep\n|turn|9\n|\n|t:|1682427750\n|move|p2a: Arcanine|Flare Blitz|p1a: Ting-Lu\n|-damage|p1a: Ting-Lu|3\/100 slp\n|-damage|p2a: Arcanine|24\/100|[from] Recoil\n|-curestatus|p1a: Ting-Lu|slp|[msg]\n|move|p1a: Ting-Lu|Stomping Tantrum|p2a: Arcanine\n|-supereffective|p2a: Arcanine\n|-damage|p2a: Arcanine|0 fnt\n|faint|p2a: Arcanine\n|move|p2b: Amoonguss|Pollen Puff|p2: Arcanine|[notarget]\n|-fail|p2b: Amoonguss\n|\n|-weather|Snow|[upkeep]\n|upkeep\n|turn|10\n|\n|t:|1682427763\n|move|p1a: Ting-Lu|Fissure|p2b: Amoonguss\n|-damage|p2b: Amoonguss|0 fnt\n|faint|p2b: Amoonguss\n|-ohko\n|\n|win|Nansral26\n|raw|Nansral26's rating: 1076 → 1103<\/strong> (+27 for winning)\n|raw|Duduku's rating: 1053 → 1036<\/strong> (-17 for losing)\n|c|\u2606Nansral26|LMAO\n|c|\u2606Nansral26|gg\n","uploadtime":1682427774,"views":11,"p1id":"nansral26","p2id":"duduku","formatid":"gen9vgc2023regulationc","rating":1036,"private":0,"password":""}