{"id":"gen9vgc2023regulationc-1847105860","p1":"HazeOneTrick","p2":"AndrwApple","format":"[Gen 9] VGC 2023 Regulation C","log":"|j|\u2606HazeOneTrick\n|j|\u2606AndrwApple\n|t:|1681919523\n|gametype|doubles\n|player|p1|HazeOneTrick|steven|\n|player|p2|AndrwApple|erika-masters|\n|teamsize|p1|6\n|teamsize|p2|6\n|gen|9\n|tier|[Gen 9] VGC 2023 Regulation C\n|rule|Species Clause: Limit one of each Pok\u00e9mon\n|rule|Item Clause: Limit one of each item\n|clearpoke\n|poke|p1|Garchomp, L50, M|\n|poke|p1|Talonflame, L50, M|\n|poke|p1|Flutter Mane, L50|\n|poke|p1|Iron Bundle, L50|\n|poke|p1|Kingambit, L50, F|\n|poke|p1|Iron Hands, L50|\n|poke|p2|Flutter Mane, L50|\n|poke|p2|Wo-Chien, L50|\n|poke|p2|Gholdengo, L50|\n|poke|p2|Arcanine, L50, F|\n|poke|p2|Palafin, L50, M|\n|poke|p2|Iron Hands, L50|\n|teampreview|4\nAndrwApple has agreed to open team sheets.\n|c|\u2606AndrwApple|Glhf\nHazeOneTrick has agreed to open team sheets.\n|\n|t:|1681919602\n|start\n|switch|p1a: Iron Hands|Iron Hands, L50|100\/100\n|switch|p1b: Flutter Mane|Flutter Mane, L50|100\/100\n|switch|p2a: Jabba The Hutt|Wo-Chien, L50|100\/100\n|switch|p2b: The Force|Palafin, L50, M, shiny|100\/100\n|-ability|p2a: Jabba The Hutt|Tablets of Ruin\n|turn|1\n|c|\u2606AndrwApple|Knew you would adapt\n|c|\u2606AndrwApple|And lead FM\n|\n|t:|1681919649\n|detailschange|p2b: The Force|Palafin-Hero, L50, M, shiny\n|switch|p2b: AT-AT|Arcanine, L50, F|100\/100\n|-ability|p2b: AT-AT|Intimidate|boost\n|-unboost|p1a: Iron Hands|atk|1\n|-unboost|p1b: Flutter Mane|atk|1\n|-terastallize|p2a: Jabba The Hutt|Poison\n|move|p1a: Iron Hands|Fake Out|p2a: Jabba The Hutt\n|-damage|p2a: Jabba The Hutt|94\/100\n|move|p1b: Flutter Mane|Dazzling Gleam|p2b: AT-AT|[spread] p2a,p2b\n|-resisted|p2a: Jabba The Hutt\n|-resisted|p2b: AT-AT\n|-damage|p2a: Jabba The Hutt|78\/100\n|-damage|p2b: AT-AT|73\/100\n|cant|p2a: Jabba The Hutt|flinch\n|\n|-heal|p2a: Jabba The Hutt|84\/100|[from] item: Leftovers\n|upkeep\n|turn|2\n|\n|t:|1681919681\n|-end|p1b: Flutter Mane|Protosynthesis|[silent]\n|switch|p1b: Garchomp|Garchomp, L50, M|100\/100\n|-end|p1a: Iron Hands|Quark Drive|[silent]\n|switch|p1a: Iron Bundle|Iron Bundle, L50|100\/100\n|-enditem|p1a: Iron Bundle|Booster Energy\n|-activate|p1a: Iron Bundle|ability: Quark Drive|[fromitem]\n|-start|p1a: Iron Bundle|quarkdrivespe\n|move|p2b: AT-AT|Close Combat|p1a: Iron Bundle\n|-supereffective|p1a: Iron Bundle\n|-damage|p1a: Iron Bundle|32\/100\n|-unboost|p2b: AT-AT|def|1\n|-unboost|p2b: AT-AT|spd|1\n|move|p2a: Jabba The Hutt|Pollen Puff|p2b: AT-AT\n|-heal|p2b: AT-AT|100\/100\n|\n|-heal|p2a: Jabba The Hutt|90\/100|[from] item: Leftovers\n|upkeep\n|turn|3\n|\n|t:|1681919726\n|switch|p2b: Darth Vader|Iron Hands, L50|100\/100\n|-terastallize|p1a: Iron Bundle|Flying\n|move|p2a: Jabba The Hutt|Protect|p2a: Jabba The Hutt\n|-singleturn|p2a: Jabba The Hutt|Protect\n|move|p1a: Iron Bundle|Freeze-Dry|p2b: Darth Vader\n|-damage|p2b: Darth Vader|81\/100\n|move|p1b: Garchomp|Earthquake|p2a: Jabba The Hutt|[spread] p2b\n|-activate|p2a: Jabba The Hutt|move: Protect\n|-immune|p1a: Iron Bundle\n|-supereffective|p2b: Darth Vader\n|-damage|p2b: Darth Vader|28\/100\n|-damage|p1b: Garchomp|91\/100|[from] item: Life Orb\n|\n|-heal|p2a: Jabba The Hutt|96\/100|[from] item: Leftovers\n|upkeep\n|turn|4\n|\n|t:|1681919753\n|move|p1b: Garchomp|Protect|p1b: Garchomp\n|-singleturn|p1b: Garchomp|Protect\n|move|p2b: Darth Vader|Fake Out|p1b: Garchomp\n|-activate|p1b: Garchomp|move: Protect\n|move|p1a: Iron Bundle|Hydro Pump|p2b: Darth Vader\n|-damage|p2b: Darth Vader|0 fnt\n|faint|p2b: Darth Vader\n|-end|p2b: Darth Vader|Quark Drive|[silent]\n|move|p2a: Jabba The Hutt|Leech Seed|p1b: Garchomp\n|-activate|p1b: Garchomp|move: Protect\n|\n|-heal|p2a: Jabba The Hutt|100\/100|[from] item: Leftovers\n|upkeep\n|\n|t:|1681919756\n|switch|p2b: AT-AT|Arcanine, L50, F|100\/100\n|-ability|p2b: AT-AT|Intimidate|boost\n|-unboost|p1a: Iron Bundle|atk|1\n|-unboost|p1b: Garchomp|atk|1\n|turn|5\n|\n|t:|1681919775\n|switch|p2b: The Force|Palafin-Hero, L50, M, shiny|100\/100\n|-activate|p2b: The Force|ability: Zero to Hero\n|move|p1a: Iron Bundle|Hydro Pump|p2b: The Force\n|-resisted|p2b: The Force\n|-damage|p2b: The Force|73\/100\n|move|p1b: Garchomp|Earthquake|p2a: Jabba The Hutt|[spread] p2a,p2b\n|-immune|p1a: Iron Bundle\n|-supereffective|p2a: Jabba The Hutt\n|-damage|p2a: Jabba The Hutt|62\/100\n|-damage|p2b: The Force|52\/100\n|-damage|p1b: Garchomp|81\/100|[from] item: Life Orb\n|move|p2a: Jabba The Hutt|Pollen Puff|p2b: The Force\n|-heal|p2b: The Force|100\/100\n|\n|-heal|p2a: Jabba The Hutt|68\/100|[from] item: Leftovers\n|upkeep\n|turn|6\n|\n|t:|1681919809\n|-end|p1a: Iron Bundle|Quark Drive|[silent]\n|switch|p1a: Iron Hands|Iron Hands, L50|100\/100\n|switch|p2a: AT-AT|Arcanine, L50, F|100\/100\n|-ability|p2a: AT-AT|Intimidate|boost\n|-unboost|p1a: Iron Hands|atk|1\n|-unboost|p1b: Garchomp|atk|1\n|move|p1b: Garchomp|Protect|p1b: Garchomp\n|-singleturn|p1b: Garchomp|Protect\n|move|p2b: The Force|Jet Punch|p1a: Iron Hands\n|-damage|p1a: Iron Hands|68\/100\n|\n|upkeep\n|turn|7\n|\n|t:|1681919845\n|switch|p1b: Iron Bundle|Iron Bundle, L50, tera:Flying|32\/100\n|switch|p2b: Jabba The Hutt|Wo-Chien, L50, tera:Poison|68\/100\n|-ability|p2b: Jabba The Hutt|Tablets of Ruin\n|move|p1a: Iron Hands|Fake Out|p2a: AT-AT\n|-damage|p2a: AT-AT|92\/100\n|cant|p2a: AT-AT|flinch\n|\n|-heal|p2b: Jabba The Hutt|73\/100|[from] item: Leftovers\n|upkeep\n|turn|8\n|\n|t:|1681919879\n|move|p2a: AT-AT|Protect|p2a: AT-AT\n|-singleturn|p2a: AT-AT|Protect\n|move|p1b: Iron Bundle|Hydro Pump|p2a: AT-AT\n|-activate|p2a: AT-AT|move: Protect\n|move|p2b: Jabba The Hutt|Stun Spore|p1b: Iron Bundle\n|-status|p1b: Iron Bundle|par\n|move|p1a: Iron Hands|Wild Charge|p2a: AT-AT\n|-activate|p2a: AT-AT|move: Protect\n|\n|-heal|p2b: Jabba The Hutt|79\/100|[from] item: Leftovers\n|upkeep\n|turn|9\n|\n|t:|1681919893\n|switch|p2b: The Force|Palafin-Hero, L50, M, shiny|100\/100\n|move|p2a: AT-AT|Will-O-Wisp|p1a: Iron Hands\n|-status|p1a: Iron Hands|brn\n|move|p1b: Iron Bundle|Hydro Pump|p2a: AT-AT|[miss]\n|-miss|p1b: Iron Bundle|p2a: AT-AT\n|move|p1a: Iron Hands|Wild Charge|p2a: AT-AT\n|-damage|p2a: AT-AT|74\/100\n|-damage|p1a: Iron Hands|64\/100 brn|[from] Recoil\n|\n|-damage|p1a: Iron Hands|58\/100 brn|[from] brn\n|upkeep\n|turn|10\n|\n|t:|1681919917\n|move|p2b: The Force|Wave Crash|p1a: Iron Hands\n|-damage|p1a: Iron Hands|0 fnt\n|faint|p1a: Iron Hands\n|-end|p1a: Iron Hands|Quark Drive|[silent]\n|-damage|p2b: The Force|79\/100|[from] Recoil\n|move|p2a: AT-AT|Flare Blitz|p1b: Iron Bundle\n|-damage|p1b: Iron Bundle|0 fnt\n|faint|p1b: Iron Bundle\n|-end|p1b: Iron Bundle|Quark Drive|[silent]\n|-damage|p2a: AT-AT|66\/100|[from] Recoil\n|\n|upkeep\n|\n|t:|1681919924\n|switch|p1b: Flutter Mane|Flutter Mane, L50|100\/100\n|switch|p1a: Garchomp|Garchomp, L50, M|81\/100\n|turn|11\n|\n|t:|1681919948\n|move|p1b: Flutter Mane|Shadow Ball|p2a: AT-AT\n|-damage|p2a: AT-AT|0 fnt\n|faint|p2a: AT-AT\n|move|p1a: Garchomp|Dragon Claw|p2b: The Force\n|-damage|p2b: The Force|33\/100\n|-damage|p1a: Garchomp|71\/100|[from] item: Life Orb\n|move|p2b: The Force|Wave Crash|p1a: Garchomp\n|-damage|p1a: Garchomp|0 fnt\n|-damage|p2b: The Force|21\/100|[from] ability: Rough Skin|[of] p1a: Garchomp\n|faint|p1a: Garchomp\n|-damage|p2b: The Force|0 fnt|[from] Recoil\n|faint|p2b: The Force\n|\n|upkeep\n|\n|t:|1681919954\n|switch|p2b: Jabba The Hutt|Wo-Chien, L50, tera:Poison|79\/100\n|-ability|p2b: Jabba The Hutt|Tablets of Ruin\n|turn|12\n|\n|t:|1681919963\n|move|p1b: Flutter Mane|Shadow Ball|p2b: Jabba The Hutt\n|-damage|p2b: Jabba The Hutt|40\/100\n|move|p2b: Jabba The Hutt|Leech Seed|p1b: Flutter Mane\n|-start|p1b: Flutter Mane|move: Leech Seed\n|\n|-heal|p2b: Jabba The Hutt|46\/100|[from] item: Leftovers\n|-damage|p1b: Flutter Mane|88\/100|[from] Leech Seed|[of] p2b: Jabba The Hutt\n|-heal|p2b: Jabba The Hutt|55\/100|[silent]\n|upkeep\n|turn|13\n|\n|t:|1681919969\n|move|p2b: Jabba The Hutt|Protect|p2b: Jabba The Hutt\n|-singleturn|p2b: Jabba The Hutt|Protect\n|move|p1b: Flutter Mane|Shadow Ball|p2b: Jabba The Hutt\n|-activate|p2b: Jabba The Hutt|move: Protect\n|\n|-heal|p2b: Jabba The Hutt|61\/100|[from] item: Leftovers\n|-damage|p1b: Flutter Mane|76\/100|[from] Leech Seed|[of] p2b: Jabba The Hutt\n|-heal|p2b: Jabba The Hutt|70\/100|[silent]\n|upkeep\n|turn|14\n|c|\u2606HazeOneTrick|homosexual\n|\n|t:|1681919975\n|move|p1b: Flutter Mane|Shadow Ball|p2b: Jabba The Hutt\n|-damage|p2b: Jabba The Hutt|30\/100\n|move|p2b: Jabba The Hutt|Stun Spore|p1b: Flutter Mane\n|-status|p1b: Flutter Mane|par\n|\n|-heal|p2b: Jabba The Hutt|36\/100|[from] item: Leftovers\n|-damage|p1b: Flutter Mane|64\/100 par|[from] Leech Seed|[of] p2b: Jabba The Hutt\n|-heal|p2b: Jabba The Hutt|45\/100|[silent]\n|upkeep\n|turn|15\n|\n|t:|1681919981\n|move|p2b: Jabba The Hutt|Protect|p2b: Jabba The Hutt\n|-singleturn|p2b: Jabba The Hutt|Protect\n|move|p1b: Flutter Mane|Shadow Ball|p2b: Jabba The Hutt\n|-activate|p2b: Jabba The Hutt|move: Protect\n|\n|-heal|p2b: Jabba The Hutt|51\/100|[from] item: Leftovers\n|-damage|p1b: Flutter Mane|52\/100 par|[from] Leech Seed|[of] p2b: Jabba The Hutt\n|-heal|p2b: Jabba The Hutt|60\/100|[silent]\n|upkeep\n|turn|16\n|\n|t:|1681919985\n|move|p2b: Jabba The Hutt|Protect||[still]\n|-fail|p2b: Jabba The Hutt\n|move|p1b: Flutter Mane|Shadow Ball|p2b: Jabba The Hutt\n|-damage|p2b: Jabba The Hutt|20\/100\n|\n|-heal|p2b: Jabba The Hutt|26\/100|[from] item: Leftovers\n|-damage|p1b: Flutter Mane|40\/100 par|[from] Leech Seed|[of] p2b: Jabba The Hutt\n|-heal|p2b: Jabba The Hutt|35\/100|[silent]\n|upkeep\n|turn|17\n|c|\u2606HazeOneTrick|crit\n|c|\u2606HazeOneTrick|pls\n|\n|t:|1681919994\n|move|p2b: Jabba The Hutt|Protect|p2b: Jabba The Hutt\n|-singleturn|p2b: Jabba The Hutt|Protect\n|cant|p1b: Flutter Mane|par\n|\n|-heal|p2b: Jabba The Hutt|41\/100|[from] item: Leftovers\n|-damage|p1b: Flutter Mane|28\/100 par|[from] Leech Seed|[of] p2b: Jabba The Hutt\n|-heal|p2b: Jabba The Hutt|50\/100|[silent]\n|upkeep\n|turn|18\n|c|\u2606AndrwApple|Jabba the HOT\n|\n|t:|1681920005\n|move|p2b: Jabba The Hutt|Protect||[still]\n|-fail|p2b: Jabba The Hutt\n|move|p1b: Flutter Mane|Shadow Ball|p2b: Jabba The Hutt\n|-damage|p2b: Jabba The Hutt|6\/100\n|\n|-heal|p2b: Jabba The Hutt|12\/100|[from] item: Leftovers\n|-damage|p1b: Flutter Mane|16\/100 par|[from] Leech Seed|[of] p2b: Jabba The Hutt\n|-heal|p2b: Jabba The Hutt|21\/100|[silent]\n|upkeep\n|turn|19\n|c|\u2606HazeOneTrick|so lucjy\n|\n|t:|1681920013\n|move|p2b: Jabba The Hutt|Protect|p2b: Jabba The Hutt\n|-singleturn|p2b: Jabba The Hutt|Protect\n|move|p1b: Flutter Mane|Shadow Ball|p2b: Jabba The Hutt\n|-activate|p2b: Jabba The Hutt|move: Protect\n|\n|-heal|p2b: Jabba The Hutt|27\/100|[from] item: Leftovers\n|-damage|p1b: Flutter Mane|4\/100 par|[from] Leech Seed|[of] p2b: Jabba The Hutt\n|-heal|p2b: Jabba The Hutt|36\/100|[silent]\n|upkeep\n|turn|20\n|\n|t:|1681920019\n|move|p2b: Jabba The Hutt|Protect||[still]\n|-fail|p2b: Jabba The Hutt\n|move|p1b: Flutter Mane|Shadow Ball|p2b: Jabba The Hutt\n|-crit|p2b: Jabba The Hutt\n|-damage|p2b: Jabba The Hutt|0 fnt\n|faint|p2b: Jabba The Hutt\n|\n|win|HazeOneTrick\n|c|\u2606AndrwApple|Oof\n|c|\u2606HazeOneTrick|fuck u\n|l|\u2606HazeOneTrick\n|c|\u2606AndrwApple|LMAO\n|l|\u2606AndrwApple\n|j|\u2606HazeOneTrick\n|player|p1|HazeOneTrick|steven\n","uploadtime":1681920543,"views":5,"p1id":"hazeonetrick","p2id":"andrwapple","formatid":"gen9vgc2023regulationc","rating":0,"private":0,"password":""}