{"id":"gen9vgc2023regulationc-1846988172","p1":"SiderisVGC","p2":"MTJHao","format":"[Gen 9] VGC 2023 Regulation C","log":"|j|\u2606SiderisVGC\n|j|\u2606MTJHao\n|t:|1681909311\n|gametype|doubles\n|player|p1|SiderisVGC|101|1218\n|player|p2|MTJHao|steven-masters2|1198\n|teamsize|p1|6\n|teamsize|p2|6\n|gen|9\n|tier|[Gen 9] VGC 2023 Regulation C\n|rated|\n|rule|Species Clause: Limit one of each Pok\u00e9mon\n|rule|Item Clause: Limit one of each item\n|clearpoke\n|poke|p1|Flutter Mane, L50|\n|poke|p1|Glimmora, L50, M|\n|poke|p1|Chi-Yu, L50|\n|poke|p1|Dachsbun, L50, F|\n|poke|p1|Dragonite, L50, M|\n|poke|p1|Chien-Pao, L50|\n|poke|p2|Dondozo, L50, M|\n|poke|p2|Tatsugiri, L50, F|\n|poke|p2|Iron Hands, L50|\n|poke|p2|Dragapult, L50, F|\n|poke|p2|Chien-Pao, L50|\n|poke|p2|Roaring Moon, L50|\n|teampreview|4\n|inactive|Battle timer is ON: inactive players will automatically lose when time's up. (requested by MTJHao)\n|\n|t:|1681909325\n|start\n|switch|p1a: Flutter Mane|Flutter Mane, L50|100\/100\n|switch|p1b: Glimmora|Glimmora, L50, M|100\/100\n|switch|p2a: Iron Hands|Iron Hands, L50, shiny|100\/100\n|switch|p2b: Tatsugiri|Tatsugiri, L50, F, shiny|100\/100\n|-enditem|p1a: Flutter Mane|Booster Energy\n|-activate|p1a: Flutter Mane|ability: Protosynthesis|[fromitem]\n|-start|p1a: Flutter Mane|protosynthesisspa\n|turn|1\n|\n|t:|1681909341\n|move|p2a: Iron Hands|Fake Out|p1a: Flutter Mane\n|-immune|p1a: Flutter Mane\n|move|p2b: Tatsugiri|Muddy Water|p1b: Glimmora|[spread] \n|-miss|p2b: Tatsugiri|p1a: Flutter Mane\n|-miss|p2b: Tatsugiri|p1b: Glimmora\n|move|p1a: Flutter Mane|Substitute|p1a: Flutter Mane\n|-start|p1a: Flutter Mane|Substitute\n|-damage|p1a: Flutter Mane|76\/100\n|move|p1b: Glimmora|Mortal Spin|p2b: Tatsugiri|[spread] p2a,p2b\n|-damage|p2a: Iron Hands|98\/100\n|-damage|p2b: Tatsugiri|91\/100\n|-status|p2a: Iron Hands|psn\n|-status|p2b: Tatsugiri|psn\n|\n|-damage|p2b: Tatsugiri|80\/100 psn|[from] psn\n|-damage|p2a: Iron Hands|86\/100 psn|[from] psn\n|upkeep\n|turn|2\n|inactive|SiderisVGC has 30 seconds left.\n|\n|t:|1681909370\n|-terastallize|p1b: Glimmora|Grass\n|move|p2b: Tatsugiri|Muddy Water|p1a: Flutter Mane|[spread] p1b\n|-miss|p2b: Tatsugiri|p1a: Flutter Mane\n|-resisted|p1b: Glimmora\n|-damage|p1b: Glimmora|88\/100\n|-unboost|p1b: Glimmora|accuracy|1\n|move|p1a: Flutter Mane|Hex|p2a: Iron Hands\n|-damage|p2a: Iron Hands|33\/100 psn\n|move|p1b: Glimmora|Earth Power|p2a: Iron Hands\n|-supereffective|p2a: Iron Hands\n|-damage|p2a: Iron Hands|0 fnt\n|faint|p2a: Iron Hands\n|-end|p2a: Iron Hands|Quark Drive|[silent]\n|\n|-damage|p2b: Tatsugiri|68\/100 psn|[from] psn\n|upkeep\n|\n|t:|1681909388\n|switch|p2a: Roaring Moon|Roaring Moon, L50, shiny|100\/100\n|-enditem|p2a: Roaring Moon|Booster Energy\n|-activate|p2a: Roaring Moon|ability: Protosynthesis|[fromitem]\n|-start|p2a: Roaring Moon|protosynthesisspe\n|turn|3\n|\n|t:|1681909403\n|switch|p2b: Dondozo|Dondozo, L50, M, shiny|100\/100\n|switch|p1b: Dachsbun|Dachsbun, L50, F|100\/100\n|-terastallize|p2a: Roaring Moon|Flying\n|move|p2a: Roaring Moon|Acrobatics|p1b: Dachsbun\n|-damage|p1b: Dachsbun|41\/100\n|move|p1a: Flutter Mane|Moonblast|p2a: Roaring Moon\n|-damage|p2a: Roaring Moon|32\/100\n|\n|-heal|p1b: Dachsbun|47\/100|[from] item: Leftovers\n|upkeep\n|turn|4\n|\n|t:|1681909428\n|move|p2a: Roaring Moon|Protect|p2a: Roaring Moon\n|-singleturn|p2a: Roaring Moon|Protect\n|move|p1a: Flutter Mane|Moonblast|p2a: Roaring Moon\n|-activate|p2a: Roaring Moon|move: Protect\n|move|p1b: Dachsbun|Yawn|p2b: Dondozo\n|-start|p2b: Dondozo|move: Yawn|[of] p1b: Dachsbun\n|move|p2b: Dondozo|Wave Crash|p1a: Flutter Mane\n|-end|p1a: Flutter Mane|Substitute\n|-damage|p2b: Dondozo|96\/100|[from] Recoil|[of] p1a: Flutter Mane\n|\n|-heal|p1b: Dachsbun|54\/100|[from] item: Leftovers\n|-heal|p2b: Dondozo|100\/100|[from] item: Leftovers\n|upkeep\n|turn|5\n|inactive|MTJHao has 30 seconds left.\n|\n|t:|1681909460\n|move|p1a: Flutter Mane|Protect|p1a: Flutter Mane\n|-singleturn|p1a: Flutter Mane|Protect\n|move|p2a: Roaring Moon|Acrobatics|p1a: Flutter Mane\n|-activate|p1a: Flutter Mane|move: Protect\n|move|p1b: Dachsbun|Yawn|p2a: Roaring Moon\n|-start|p2a: Roaring Moon|move: Yawn|[of] p1b: Dachsbun\n|move|p2b: Dondozo|Wave Crash|p1b: Dachsbun\n|-damage|p1b: Dachsbun|2\/100\n|-damage|p2b: Dondozo|90\/100|[from] Recoil\n|\n|-heal|p1b: Dachsbun|8\/100|[from] item: Leftovers\n|-heal|p2b: Dondozo|96\/100|[from] item: Leftovers\n|-end|p2b: Dondozo|move: Yawn|[silent]\n|-status|p2b: Dondozo|slp\n|upkeep\n|turn|6\n|inactive|MTJHao has 30 seconds left.\n|\n|t:|1681909494\n|-end|p1a: Flutter Mane|Protosynthesis|[silent]\n|switch|p1a: Chi-Yu|Chi-Yu, L50|100\/100\n|-ability|p1a: Chi-Yu|Beads of Ruin\n|cant|p2b: Dondozo|slp\n|move|p2a: Roaring Moon|Acrobatics|p1a: Chi-Yu\n|-damage|p1a: Chi-Yu|4\/100\n|move|p1b: Dachsbun|Wish|p1b: Dachsbun\n|\n|-heal|p1b: Dachsbun|15\/100|[from] item: Leftovers\n|-heal|p2b: Dondozo|100\/100 slp|[from] item: Leftovers\n|-end|p2a: Roaring Moon|move: Yawn|[silent]\n|-status|p2a: Roaring Moon|slp\n|upkeep\n|turn|7\n|\n|t:|1681909513\n|cant|p2a: Roaring Moon|slp\n|move|p1a: Chi-Yu|Lava Plume|p2a: Roaring Moon|[spread] p2a,p2b\n|-ability|p1b: Dachsbun|Well-Baked Body|boost\n|-boost|p1b: Dachsbun|def|2\n|-resisted|p2b: Dondozo\n|-damage|p2a: Roaring Moon|0 fnt\n|-damage|p2b: Dondozo|79\/100 slp\n|faint|p2a: Roaring Moon\n|-end|p2a: Roaring Moon|Protosynthesis|[silent]\n|move|p1b: Dachsbun|Body Press|p2b: Dondozo\n|-damage|p2b: Dondozo|52\/100 slp\n|cant|p2b: Dondozo|slp\n|\n|-heal|p1b: Dachsbun|65\/100|[from] move: Wish|[wisher] Dachsbun\n|-heal|p1b: Dachsbun|71\/100|[from] item: Leftovers\n|-heal|p2b: Dondozo|58\/100 slp|[from] item: Leftovers\n|upkeep\n|\n|t:|1681909525\n|switch|p2a: Tatsugiri|Tatsugiri, L50, F, shiny|68\/100 psn\n|-activate|p2a: Tatsugiri|ability: Commander|[of] p2b: Dondozo\n|-boost|p2b: Dondozo|atk|2\n|-boost|p2b: Dondozo|spa|2\n|-boost|p2b: Dondozo|spe|2\n|-boost|p2b: Dondozo|def|2\n|-boost|p2b: Dondozo|spd|2\n|turn|8\n|\n|t:|1681909535\n|move|p1a: Chi-Yu|Lava Plume|p2a: Tatsugiri|[spread] p2b\n|-miss|p1a: Chi-Yu|p2a: Tatsugiri\n|-ability|p1b: Dachsbun|Well-Baked Body|boost\n|-boost|p1b: Dachsbun|def|2\n|-resisted|p2b: Dondozo\n|-crit|p2b: Dondozo\n|-damage|p2b: Dondozo|27\/100 slp\n|move|p1b: Dachsbun|Body Press|p2b: Dondozo\n|-damage|p2b: Dondozo|7\/100 slp\n|-curestatus|p2b: Dondozo|slp|[msg]\n|move|p2b: Dondozo|Earthquake|p1a: Chi-Yu|[spread] p1a,p1b\n|-miss|p2b: Dondozo|p2a: Tatsugiri\n|-supereffective|p1a: Chi-Yu\n|-damage|p1a: Chi-Yu|0 fnt\n|-damage|p1b: Dachsbun|56\/100\n|faint|p1a: Chi-Yu\n|\n|-heal|p1b: Dachsbun|62\/100|[from] item: Leftovers\n|-heal|p2b: Dondozo|13\/100|[from] item: Leftovers\n|-damage|p2a: Tatsugiri|56\/100 psn|[from] psn\n|upkeep\n|\n|t:|1681909553\n|switch|p1a: Glimmora|Glimmora, L50, M, tera:Grass|88\/100\n|turn|9\n|\n|t:|1681909557\n|move|p1b: Dachsbun|Body Press|p2b: Dondozo\n|-damage|p2b: Dondozo|0 fnt\n|faint|p2b: Dondozo\n|move|p1a: Glimmora|Energy Ball|p2a: Tatsugiri\n|-damage|p2a: Tatsugiri|3\/100 psn\n|-unboost|p2a: Tatsugiri|spd|1\n|\n|-heal|p1b: Dachsbun|68\/100|[from] item: Leftovers\n|-damage|p2a: Tatsugiri|0 fnt|[from] psn\n|faint|p2a: Tatsugiri\n|\n|win|SiderisVGC\n|upkeep\n|raw|SiderisVGC's rating: 1218 → 1242<\/strong> (+24 for winning)\n|raw|MTJHao's rating: 1198 → 1174<\/strong> (-24 for losing)\n|l|\u2606MTJHao\n","uploadtime":1681909570,"views":10,"p1id":"siderisvgc","p2id":"mtjhao","formatid":"gen9vgc2023regulationc","rating":1174,"private":0,"password":""}