{"id":"gen9vgc2023regulationc-1861303156","p1":"Mitch-BOT","p2":"MegVGC","format":"[Gen 9] VGC 2023 Regulation C","log":"|j|\u2606Mitch-BOT\n|j|\u2606MegVGC\n|t:|1683744055\n|gametype|doubles\n|player|p1|Mitch-BOT|supernerd|1716\n|player|p2|MegVGC|dawn|1712\n|teamsize|p1|6\n|teamsize|p2|6\n|gen|9\n|tier|[Gen 9] VGC 2023 Regulation C\n|rated|\n|rule|Species Clause: Limit one of each Pok\u00e9mon\n|rule|Item Clause: Limit one of each item\n|clearpoke\n|poke|p1|Stonjourner, L50, M|\n|poke|p1|Flutter Mane, L50|\n|poke|p1|Torkoal, L50, F|\n|poke|p1|Chi-Yu, L50|\n|poke|p1|Dachsbun, L50, F|\n|poke|p1|Roaring Moon, L50|\n|poke|p2|Baxcalibur, L50, F|\n|poke|p2|Sandy Shocks, L50|\n|poke|p2|Azumarill, L50, F|\n|poke|p2|Klefki, L50, F|\n|poke|p2|Annihilape, L50, F|\n|poke|p2|Chien-Pao, L50|\n|teampreview|4\n|j| kessienjoyer\nMegVGC has agreed to open team sheets.\n|inactive|Battle timer is ON: inactive players will automatically lose when time's up. (requested by MegVGC)\nMitch-BOT has agreed to open team sheets.\n|inactive|Mitch-BOT has 60 seconds left.\n|inactive|MegVGC has 60 seconds left.\n|\n|t:|1683744107\n|start\n|switch|p1a: Flutter Mane|Flutter Mane, L50|100\/100\n|switch|p1b: Torkoal|Torkoal, L50, F|100\/100\n|switch|p2a: Klefki|Klefki, L50, F|100\/100\n|switch|p2b: Sandy Shocks|Sandy Shocks, L50|100\/100\n|-weather|SunnyDay|[from] ability: Drought|[of] p1b: Torkoal\n|-activate|p1a: Flutter Mane|ability: Protosynthesis\n|-start|p1a: Flutter Mane|protosynthesisspe\n|-activate|p2b: Sandy Shocks|ability: Protosynthesis\n|-start|p2b: Sandy Shocks|protosynthesisspa\n|turn|1\n|inactive|Mitch-BOT has 30 seconds left.\n|inactive|Mitch-BOT has 20 seconds left.\n|inactive|Mitch-BOT has 15 seconds left.\n|inactive|Mitch-BOT has 10 seconds left.\n|\n|t:|1683744156\n|-terastallize|p1b: Torkoal|Grass\n|move|p2b: Sandy Shocks|Protect|p2b: Sandy Shocks\n|-singleturn|p2b: Sandy Shocks|Protect\n|move|p2a: Klefki|Light Screen|p2a: Klefki\n|-sidestart|p2: MegVGC|move: Light Screen\n|move|p1a: Flutter Mane|Moonblast|p2b: Sandy Shocks\n|-activate|p2b: Sandy Shocks|move: Protect\n|move|p1b: Torkoal|Eruption|p2b: Sandy Shocks|[spread] p2a\n|-activate|p2b: Sandy Shocks|move: Protect\n|-supereffective|p2a: Klefki\n|-damage|p2a: Klefki|0 fnt\n|faint|p2a: Klefki\n|\n|-weather|SunnyDay|[upkeep]\n|upkeep\n|\n|t:|1683744167\n|switch|p2a: Baxcalibur|Baxcalibur, L50, F|100\/100\n|turn|2\n|\n|t:|1683744192\n|-terastallize|p2a: Baxcalibur|Poison\n|move|p1b: Torkoal|Protect|p1b: Torkoal\n|-singleturn|p1b: Torkoal|Protect\n|move|p1a: Flutter Mane|Moonblast|p2b: Sandy Shocks\n|-damage|p2b: Sandy Shocks|40\/100\n|-unboost|p2b: Sandy Shocks|spa|1\n|move|p2b: Sandy Shocks|Thunderbolt|p1a: Flutter Mane\n|-damage|p1a: Flutter Mane|49\/100\n|-damage|p2b: Sandy Shocks|30\/100|[from] item: Life Orb\n|move|p2a: Baxcalibur|Icicle Spear|p1b: Torkoal\n|-activate|p1b: Torkoal|move: Protect\n|\n|-weather|SunnyDay|[upkeep]\n|upkeep\n|turn|3\n|j| silverumbreon90\n|inactive|Mitch-BOT has 30 seconds left.\n|\n|t:|1683744224\n|-end|p1a: Flutter Mane|Protosynthesis|[silent]\n|switch|p1a: Roaring Moon|Roaring Moon, L50|100\/100\n|-activate|p1a: Roaring Moon|ability: Protosynthesis\n|-start|p1a: Roaring Moon|protosynthesisspe\n|switch|p1b: Stonjourner|Stonjourner, L50, M|100\/100\n|move|p2b: Sandy Shocks|Protect|p2b: Sandy Shocks\n|-singleturn|p2b: Sandy Shocks|Protect\n|move|p2a: Baxcalibur|Icicle Spear|p1b: Stonjourner\n|-damage|p1b: Stonjourner|90\/100\n|-damage|p1b: Stonjourner|79\/100\n|-damage|p1b: Stonjourner|69\/100\n|-damage|p1b: Stonjourner|58\/100\n|-hitcount|p1b: Stonjourner|4\n|\n|-weather|SunnyDay|[upkeep]\n|upkeep\n|turn|4\n|j| EnrolledAgent\n|inactive|Mitch-BOT has 30 seconds left.\n|\n|t:|1683744255\n|move|p1a: Roaring Moon|Throat Chop|p2b: Sandy Shocks\n|-crit|p2b: Sandy Shocks\n|-damage|p2b: Sandy Shocks|0 fnt\n|faint|p2b: Sandy Shocks\n|-end|p2b: Sandy Shocks|Protosynthesis|[silent]\n|move|p2a: Baxcalibur|Icicle Spear|p1a: Roaring Moon\n|-supereffective|p1a: Roaring Moon\n|-damage|p1a: Roaring Moon|68\/100\n|-supereffective|p1a: Roaring Moon\n|-damage|p1a: Roaring Moon|36\/100\n|-supereffective|p1a: Roaring Moon\n|-damage|p1a: Roaring Moon|3\/100\n|-supereffective|p1a: Roaring Moon\n|-damage|p1a: Roaring Moon|0 fnt\n|faint|p1a: Roaring Moon\n|-end|p1a: Roaring Moon|Protosynthesis|[silent]\n|-hitcount|p1: Roaring Moon|4\n|move|p1b: Stonjourner|Rock Slide|p2a: Baxcalibur\n|-damage|p2a: Baxcalibur|62\/100\n|\n|-weather|SunnyDay|[upkeep]\n|upkeep\n|j| Megafissure\n|\n|t:|1683744267\n|switch|p1a: Torkoal|Torkoal, L50, F, tera:Grass|100\/100\n|switch|p2b: Annihilape|Annihilape, L50, F|100\/100\n|turn|5\n|\n|t:|1683744278\n|move|p2a: Baxcalibur|Icicle Spear|p1a: Torkoal\n|-supereffective|p1a: Torkoal\n|-damage|p1a: Torkoal|79\/100\n|-supereffective|p1a: Torkoal\n|-damage|p1a: Torkoal|58\/100\n|-supereffective|p1a: Torkoal\n|-damage|p1a: Torkoal|36\/100\n|-supereffective|p1a: Torkoal\n|-damage|p1a: Torkoal|15\/100\n|-supereffective|p1a: Torkoal\n|-damage|p1a: Torkoal|0 fnt\n|faint|p1a: Torkoal\n|-hitcount|p1: Torkoal|5\n|move|p2b: Annihilape|Rage Fist|p1b: Stonjourner\n|-crit|p1b: Stonjourner\n|-damage|p1b: Stonjourner|29\/100\n|move|p1b: Stonjourner|Rock Slide|p2b: Annihilape|[spread] p2a,p2b\n|-resisted|p2b: Annihilape\n|-damage|p2a: Baxcalibur|33\/100\n|-damage|p2b: Annihilape|87\/100\n|\n|-weather|none\n|-heal|p2b: Annihilape|93\/100|[from] item: Leftovers\n|upkeep\n|\n|t:|1683744281\n|switch|p1a: Flutter Mane|Flutter Mane, L50|49\/100\n|turn|6\n|inactive|MegVGC has 30 seconds left.\n|\n|t:|1683744308\n|move|p2a: Baxcalibur|Protect|p2a: Baxcalibur\n|-singleturn|p2a: Baxcalibur|Protect\n|move|p1a: Flutter Mane|Moonblast|p2b: Annihilape\n|-supereffective|p2b: Annihilape\n|-crit|p2b: Annihilape\n|-damage|p2b: Annihilape|0 fnt\n|faint|p2b: Annihilape\n|move|p1b: Stonjourner|Rock Slide|p2a: Baxcalibur\n|-activate|p2a: Baxcalibur|move: Protect\n|\n|upkeep\n|turn|7\n|-message|MegVGC forfeited.\n|\n|win|Mitch-BOT\n|raw|Mitch-BOT's rating: 1716 → 1736<\/strong> (+20 for winning)\n|raw|MegVGC's rating: 1712 → 1692<\/strong> (-20 for losing)\n|c| kessienjoyer|lol\n|l|\u2606MegVGC\n|l| silverumbreon90\n","uploadtime":1683744379,"views":14,"p1id":"mitchbot","p2id":"megvgc","formatid":"gen9vgc2023regulationc","rating":1692,"private":0,"password":""}