{"id":"gen9vgc2023regulationc-1860175335","p1":"buggo69420","p2":"Cosentino","format":"[Gen 9] VGC 2023 Regulation C","log":"|j|\u2606buggo69420\n|j|\u2606Cosentino\n|t:|1683604937\n|gametype|doubles\n|player|p1|buggo69420|2|1453\n|player|p2|Cosentino|170|1433\n|teamsize|p1|6\n|teamsize|p2|6\n|gen|9\n|tier|[Gen 9] VGC 2023 Regulation C\n|rated|\n|rule|Species Clause: Limit one of each Pok\u00e9mon\n|rule|Item Clause: Limit one of each item\n|clearpoke\n|poke|p1|Chien-Pao, L50|\n|poke|p1|Talonflame, L50, M|\n|poke|p1|Iron Bundle, L50|\n|poke|p1|Garchomp, L50, F|\n|poke|p1|Slither Wing, L50|\n|poke|p1|Flutter Mane, L50|\n|poke|p2|Sableye, L50, F|\n|poke|p2|Ceruledge, L50, F|\n|poke|p2|Flutter Mane, L50|\n|poke|p2|Amoonguss, L50, F|\n|poke|p2|Ting-Lu, L50|\n|poke|p2|Great Tusk, L50|\n|teampreview|4\n|inactive|Battle timer is ON: inactive players will automatically lose when time's up. (requested by buggo69420)\nbuggo69420 has agreed to open team sheets.\n|\n|t:|1683604979\n|start\n|switch|p1a: Slither Wing|Slither Wing, L50|100\/100\n|switch|p1b: Flutter Mane|Flutter Mane, L50|100\/100\n|switch|p2a: Sableye|Sableye, L50, F|100\/100\n|switch|p2b: Flutter Mane|Flutter Mane, L50|100\/100\n|turn|1\n|\n|t:|1683604996\n|-terastallize|p1a: Slither Wing|Fire\n|move|p1a: Slither Wing|First Impression|p2b: Flutter Mane\n|-resisted|p2b: Flutter Mane\n|-damage|p2b: Flutter Mane|71\/100\n|move|p2a: Sableye|Will-O-Wisp|p1a: Slither Wing\n|-immune|p1a: Slither Wing\n|move|p2b: Flutter Mane|Shadow Ball|p1b: Flutter Mane\n|-supereffective|p1b: Flutter Mane\n|-damage|p1b: Flutter Mane|11\/100\n|-unboost|p1b: Flutter Mane|spd|1\n|move|p1b: Flutter Mane|Dazzling Gleam|p2b: Flutter Mane|[spread] p2a,p2b\n|-supereffective|p2a: Sableye\n|-damage|p2a: Sableye|0 fnt\n|-damage|p2b: Flutter Mane|22\/100\n|faint|p2a: Sableye\n|\n|upkeep\n|\n|t:|1683605013\n|switch|p2a: Amoonguss|Amoonguss, L50, F|100\/100\n|turn|2\n|\n|t:|1683605030\n|-end|p1b: Flutter Mane|Protosynthesis|[silent]\n|switch|p1b: Talonflame|Talonflame, L50, M|100\/100\n|move|p2a: Amoonguss|Rage Powder|p2a: Amoonguss\n|-singleturn|p2a: Amoonguss|move: Rage Powder\n|move|p2b: Flutter Mane|Dazzling Gleam|p1b: Talonflame|[spread] p1a,p1b\n|-resisted|p1a: Slither Wing\n|-resisted|p1b: Talonflame\n|-damage|p1a: Slither Wing|89\/100\n|-damage|p1b: Talonflame|78\/100\n|move|p1a: Slither Wing|Leech Life|p2a: Amoonguss\n|-damage|p2a: Amoonguss|59\/100\n|-heal|p1a: Slither Wing|100\/100|[from] drain|[of] p2a: Amoonguss\n|-damage|p1a: Slither Wing|84\/100|[from] item: Rocky Helmet|[of] p2a: Amoonguss\n|\n|upkeep\n|turn|3\n|\n|t:|1683605051\n|-end|p2b: Flutter Mane|Protosynthesis|[silent]\n|switch|p2b: Ceruledge|Ceruledge, L50, F|100\/100\n|move|p2a: Amoonguss|Protect|p2a: Amoonguss\n|-singleturn|p2a: Amoonguss|Protect\n|move|p1b: Talonflame|Brave Bird|p2b: Ceruledge\n|-damage|p2b: Ceruledge|60\/100\n|-damage|p1b: Talonflame|64\/100|[from] Recoil\n|move|p1a: Slither Wing|Leech Life|p2a: Amoonguss\n|-activate|p2a: Amoonguss|move: Protect\n|\n|-heal|p2b: Ceruledge|66\/100|[from] item: Leftovers\n|upkeep\n|turn|4\n|inactive|buggo69420 has 30 seconds left.\n|inactive|Cosentino has 30 seconds left.\n|\n|t:|1683605078\n|-terastallize|p2a: Amoonguss|Water\n|move|p1b: Talonflame|Tailwind|p1b: Talonflame\n|-sidestart|p1: buggo69420|move: Tailwind\n|move|p1a: Slither Wing|Flare Blitz|p2a: Amoonguss\n|-resisted|p2a: Amoonguss\n|-damage|p2a: Amoonguss|24\/100\n|-damage|p1a: Slither Wing|67\/100|[from] item: Rocky Helmet|[of] p2a: Amoonguss\n|-damage|p1a: Slither Wing|53\/100|[from] Recoil\n|move|p2b: Ceruledge|Bulk Up|p2b: Ceruledge\n|-boost|p2b: Ceruledge|atk|1\n|-boost|p2b: Ceruledge|def|1\n|move|p2a: Amoonguss|Pollen Puff|p2b: Ceruledge\n|-heal|p2b: Ceruledge|100\/100\n|\n|upkeep\n|turn|5\n|inactive|Cosentino has 30 seconds left.\n|\n|t:|1683605106\n|move|p2a: Amoonguss|Protect|p2a: Amoonguss\n|-singleturn|p2a: Amoonguss|Protect\n|move|p1b: Talonflame|Taunt|p2b: Ceruledge\n|-start|p2b: Ceruledge|move: Taunt\n|move|p1a: Slither Wing|Leech Life|p2a: Amoonguss\n|-activate|p2a: Amoonguss|move: Protect\n|move|p2b: Ceruledge|Bitter Blade|p1b: Talonflame\n|-resisted|p1b: Talonflame\n|-damage|p1b: Talonflame|20\/100\n|\n|upkeep\n|turn|6\n|inactive|Cosentino has 30 seconds left.\n|\n|t:|1683605136\n|switch|p1b: Flutter Mane|Flutter Mane, L50|11\/100\n|move|p2b: Ceruledge|Shadow Sneak|p1b: Flutter Mane\n|-supereffective|p1b: Flutter Mane\n|-damage|p1b: Flutter Mane|0 fnt\n|faint|p1b: Flutter Mane\n|-end|p1b: Flutter Mane|Protosynthesis|[silent]\n|move|p1a: Slither Wing|Leech Life|p2a: Amoonguss\n|-damage|p2a: Amoonguss|0 fnt\n|-heal|p1a: Slither Wing|68\/100|[from] drain|[of] p2a: Amoonguss\n|-damage|p1a: Slither Wing|52\/100|[from] item: Rocky Helmet|[of] p2a: Amoonguss\n|faint|p2a: Amoonguss\n|\n|upkeep\n|\n|t:|1683605150\n|switch|p1b: Iron Bundle|Iron Bundle, L50|100\/100\n|switch|p2a: Flutter Mane|Flutter Mane, L50|22\/100\n|-enditem|p1b: Iron Bundle|Booster Energy\n|-activate|p1b: Iron Bundle|ability: Quark Drive|[fromitem]\n|-start|p1b: Iron Bundle|quarkdrivespe\n|turn|7\n|inactive|buggo69420 has 30 seconds left.\n|\n|t:|1683605184\n|move|p2a: Flutter Mane|Protect|p2a: Flutter Mane\n|-singleturn|p2a: Flutter Mane|Protect\n|move|p1b: Iron Bundle|Icy Wind|p2b: Ceruledge|[spread] p2b\n|-activate|p2a: Flutter Mane|move: Protect\n|-resisted|p2b: Ceruledge\n|-damage|p2b: Ceruledge|92\/100\n|-unboost|p2b: Ceruledge|spe|1\n|move|p1a: Slither Wing|Leech Life|p2b: Ceruledge\n|-resisted|p2b: Ceruledge\n|-damage|p2b: Ceruledge|84\/100\n|-heal|p1a: Slither Wing|56\/100|[from] drain|[of] p2b: Ceruledge\n|move|p2b: Ceruledge|Bitter Blade|p1b: Iron Bundle\n|-damage|p1b: Iron Bundle|25\/100\n|-heal|p2b: Ceruledge|100\/100|[from] drain|[of] p1b: Iron Bundle\n|\n|-end|p2b: Ceruledge|move: Taunt\n|-sideend|p1: buggo69420|move: Tailwind\n|upkeep\n|turn|8\n|inactive|buggo69420 has 30 seconds left.\n|inactive|Cosentino has 30 seconds left.\n|inactive|buggo69420 has 20 seconds left.\n|\n|t:|1683605220\n|move|p1b: Iron Bundle|Protect|p1b: Iron Bundle\n|-singleturn|p1b: Iron Bundle|Protect\n|move|p2b: Ceruledge|Shadow Sneak|p1b: Iron Bundle\n|-activate|p1b: Iron Bundle|move: Protect\n|move|p2a: Flutter Mane|Shadow Ball|p1a: Slither Wing\n|-damage|p1a: Slither Wing|24\/100\n|-unboost|p1a: Slither Wing|spd|1\n|move|p1a: Slither Wing|Leech Life|p2a: Flutter Mane\n|-resisted|p2a: Flutter Mane\n|-damage|p2a: Flutter Mane|0 fnt\n|-heal|p1a: Slither Wing|32\/100|[from] drain|[of] p2a: Flutter Mane\n|faint|p2a: Flutter Mane\n|-end|p2a: Flutter Mane|Protosynthesis|[silent]\n|\n|upkeep\n|turn|9\n|\n|t:|1683605243\n|-end|p1a: Slither Wing|Protosynthesis|[silent]\n|switch|p1a: Talonflame|Talonflame, L50, M|20\/100\n|move|p1b: Iron Bundle|Protect||[still]\n|-fail|p1b: Iron Bundle\n|move|p2b: Ceruledge|Shadow Sneak|p1b: Iron Bundle\n|-damage|p1b: Iron Bundle|0 fnt\n|faint|p1b: Iron Bundle\n|-end|p1b: Iron Bundle|Quark Drive|[silent]\n|\n|upkeep\n|\n|t:|1683605251\n|switch|p1b: Slither Wing|Slither Wing, L50, tera:Fire|32\/100\n|turn|10\n|\n|t:|1683605272\n|move|p2b: Ceruledge|Protect|p2b: Ceruledge\n|-singleturn|p2b: Ceruledge|Protect\n|move|p1a: Talonflame|Brave Bird|p2b: Ceruledge\n|-activate|p2b: Ceruledge|move: Protect\n|move|p1b: Slither Wing|Leech Life|p2b: Ceruledge\n|-activate|p2b: Ceruledge|move: Protect\n|\n|upkeep\n|turn|11\n|\n|t:|1683605287\n|move|p2b: Ceruledge|Shadow Sneak|p1a: Talonflame\n|-damage|p1a: Talonflame|0 fnt\n|faint|p1a: Talonflame\n|move|p1b: Slither Wing|Leech Life|p2b: Ceruledge\n|-resisted|p2b: Ceruledge\n|-damage|p2b: Ceruledge|93\/100\n|-heal|p1b: Slither Wing|36\/100|[from] drain|[of] p2b: Ceruledge\n|\n|-heal|p2b: Ceruledge|99\/100|[from] item: Leftovers\n|upkeep\n|turn|12\n|c|\u2606buggo69420|gg\n|c|\u2606Cosentino|Gg\n|-message|buggo69420 forfeited.\n|\n|win|Cosentino\n|raw|buggo69420's rating: 1453 → 1432<\/strong> (-21 for losing)\n|raw|Cosentino's rating: 1433 → 1454<\/strong> (+21 for winning)\n","uploadtime":1683605304,"views":9,"p1id":"buggo69420","p2id":"cosentino","formatid":"gen9vgc2023regulationc","rating":1432,"private":0,"password":""}