{"id":"gen9vgc2023regulationc-1845350833","p1":"grade a type b","p2":"jgsbanana","format":"[Gen 9] VGC 2023 Regulation C","log":"|j|\u2606grade a type b\n|j|\u2606jgsbanana\n|t:|1681719831\n|gametype|doubles\n|player|p1|grade a type b|170|\n|player|p2|jgsbanana|266|\n|teamsize|p1|6\n|teamsize|p2|6\n|gen|9\n|tier|[Gen 9] VGC 2023 Regulation C\n|rated|Tournament battle\n|rule|Species Clause: Limit one of each Pok\u00e9mon\n|rule|Item Clause: Limit one of each item\n|clearpoke\n|poke|p1|Annihilape, L50, M|\n|poke|p1|Baxcalibur, L50, M|\n|poke|p1|Talonflame, L50, F|\n|poke|p1|Kingambit, L50, F|\n|poke|p1|Amoonguss, L50, M|\n|poke|p1|Azumarill, L50, F|\n|poke|p2|Dondozo, L50, F|\n|poke|p2|Tatsugiri-Droopy, L50, M|\n|poke|p2|Chi-Yu, L50|\n|poke|p2|Flutter Mane, L50|\n|poke|p2|Pawmot, L50, F|\n|poke|p2|Dragonite, L50, M|\n|teampreview|4\n|raw| Open Team Sheet for grade a type b<\/summary>Ape Sh!t (Annihilape) @ Leftovers Ability: Vital Spirit Level: 50 Tera Type: Fire - Rage Fist - Protect - Drain Punch - Bulk Up Big Scarr Frozone (Baxcalibur) @ Loaded Dice Ability: Thermal Exchange Level: 50 Tera Type: Water - Icicle Spear - Ice Shard - Glaive Rush - Protect Nashville Hot CHKN (Talonflame) @ Covert Cloak Ability: Gale Wings Level: 50 Tera Type: Ground - Tailwind - Flare Blitz - Taunt - Brave Bird Andrew Tate (Kingambit) @ Lum Berry Ability: Defiant Level: 50 Tera Type: Fairy - Sucker Punch - Tera Blast - Kowtow Cleave - Iron Head Sailor Moon (Amoonguss) @ Wiki Berry Ability: Regenerator Level: 50 Tera Type: Water - Giga Drain - Protect - Rage Powder - Spore Azul (Azumarill) @ Sitrus Berry Ability: Huge Power Level: 50 Tera Type: Grass - Play Rough - Aqua Jet - Protect - Belly Drum <\/details><\/div> Open Team Sheet for jgsbanana<\/summary>Dondozo @ Leftovers Ability: Unaware Level: 50 Tera Type: Grass - Earthquake - Order Up - Protect - Wave Crash Tatsugiri (Tatsugiri-Droopy) @ Sitrus Berry Ability: Commander Level: 50 Shiny: Yes Tera Type: Water - Taunt - Draco Meteor - Muddy Water - Protect Chi-Yu @ Choice Scarf Ability: Beads of Ruin Level: 50 Tera Type: Grass - Heat Wave - Dark Pulse - Snarl - Tera Blast Flutter Mane @ Choice Specs Ability: Protosynthesis Level: 50 Tera Type: Fairy - Dazzling Gleam - Thunderbolt - Shadow Ball - Power Gem Pawmot @ Focus Sash Ability: Natural Cure Level: 50 Tera Type: Electric - Double Shock - Close Combat - Revival Blessing - Fake Out Dragonite @ Choice Band Ability: Multiscale Level: 50 Tera Type: Normal - Extreme Speed - Low Kick - Outrage - Ice Spinner <\/details><\/div>\n|c|\u2606jgsbanana|I don't have a lot of time\n|c|\u2606jgsbanana|10 minutes\n|c|\u2606grade a type b|ok\n|inactive|Battle timer is ON: inactive players will automatically lose when time's up. (requested by jgsbanana)\n|c|\u2606jgsbanana|glhf\n|inactive|grade a type b has 60 seconds left.\n|\n|t:|1681719898\n|start\n|switch|p1a: Nashville Hot CHKN|Talonflame, L50, F|100\/100\n|switch|p1b: Big Scarr Frozone|Baxcalibur, L50, M|100\/100\n|switch|p2a: Chi-Yu|Chi-Yu, L50|100\/100\n|switch|p2b: Flutter Mane|Flutter Mane, L50|100\/100\n|-ability|p2a: Chi-Yu|Beads of Ruin\n|turn|1\n|\n|t:|1681719920\n|-terastallize|p1b: Big Scarr Frozone|Water\n|move|p1a: Nashville Hot CHKN|Tailwind|p1a: Nashville Hot CHKN\n|-sidestart|p1: grade a type b|move: Tailwind\n|move|p1b: Big Scarr Frozone|Icicle Spear|p2b: Flutter Mane\n|-damage|p2b: Flutter Mane|68\/100\n|-damage|p2b: Flutter Mane|33\/100\n|-damage|p2b: Flutter Mane|1\/100\n|-damage|p2b: Flutter Mane|0 fnt\n|faint|p2b: Flutter Mane\n|-end|p2b: Flutter Mane|Protosynthesis|[silent]\n|-hitcount|p2: Flutter Mane|4\n|move|p2a: Chi-Yu|Dark Pulse|p1b: Big Scarr Frozone\n|-damage|p1b: Big Scarr Frozone|34\/100\n|\n|upkeep\n|j| DNDS\n|\n|t:|1681719929\n|switch|p2b: Tatsugiri|Tatsugiri-Droopy, L50, M, shiny|100\/100\n|turn|2\n|\n|t:|1681719940\n|move|p2b: Tatsugiri|Protect|p2b: Tatsugiri\n|-singleturn|p2b: Tatsugiri|Protect\n|move|p1a: Nashville Hot CHKN|Brave Bird|p2a: Chi-Yu\n|-damage|p2a: Chi-Yu|24\/100\n|-damage|p1a: Nashville Hot CHKN|79\/100|[from] Recoil\n|move|p1b: Big Scarr Frozone|Glaive Rush|p2a: Chi-Yu\n|-damage|p2a: Chi-Yu|0 fnt\n|-singlemove|p1b: Big Scarr Frozone|Glaive Rush|[silent]\n|faint|p2a: Chi-Yu\n|\n|upkeep\n|\n|t:|1681719947\n|switch|p2a: Dondozo|Dondozo, L50, F|100\/100\n|-activate|p2b: Tatsugiri|ability: Commander|[of] p2a: Dondozo\n|-boost|p2a: Dondozo|atk|2\n|-boost|p2a: Dondozo|spa|2\n|-boost|p2a: Dondozo|spe|2\n|-boost|p2a: Dondozo|def|2\n|-boost|p2a: Dondozo|spd|2\n|turn|3\n|\n|t:|1681719957\n|move|p2a: Dondozo|Protect|p2a: Dondozo\n|-singleturn|p2a: Dondozo|Protect\n|move|p1a: Nashville Hot CHKN|Brave Bird|p2a: Dondozo\n|-activate|p2a: Dondozo|move: Protect\n|move|p1b: Big Scarr Frozone|Glaive Rush|p2a: Dondozo\n|-activate|p2a: Dondozo|move: Protect\n|\n|upkeep\n|turn|4\n|\n|t:|1681719968\n|move|p1a: Nashville Hot CHKN|Brave Bird|p2a: Dondozo\n|-damage|p2a: Dondozo|83\/100\n|-damage|p1a: Nashville Hot CHKN|71\/100|[from] Recoil\n|move|p1b: Big Scarr Frozone|Glaive Rush|p2a: Dondozo\n|-damage|p2a: Dondozo|59\/100\n|-singlemove|p1b: Big Scarr Frozone|Glaive Rush|[silent]\n|move|p2a: Dondozo|Order Up|p1a: Nashville Hot CHKN\n|-damage|p1a: Nashville Hot CHKN|6\/100\n|-boost|p2a: Dondozo|def|1\n|\n|-heal|p2a: Dondozo|66\/100|[from] item: Leftovers\n|-sideend|p1: grade a type b|move: Tailwind\n|upkeep\n|turn|5\n|\n|t:|1681719988\n|move|p1a: Nashville Hot CHKN|Tailwind|p1a: Nashville Hot CHKN\n|-sidestart|p1: grade a type b|move: Tailwind\n|move|p1b: Big Scarr Frozone|Glaive Rush|p2a: Dondozo\n|-damage|p2a: Dondozo|44\/100\n|-singlemove|p1b: Big Scarr Frozone|Glaive Rush|[silent]\n|move|p2a: Dondozo|Order Up|p1a: Nashville Hot CHKN\n|-crit|p1a: Nashville Hot CHKN\n|-damage|p1a: Nashville Hot CHKN|0 fnt\n|faint|p1a: Nashville Hot CHKN\n|-boost|p2a: Dondozo|def|1\n|\n|-heal|p2a: Dondozo|50\/100|[from] item: Leftovers\n|upkeep\n|\n|t:|1681719994\n|switch|p1a: Ape Sh!t|Annihilape, L50, M|100\/100\n|turn|6\n|\n|t:|1681719998\n|move|p2a: Dondozo|Protect|p2a: Dondozo\n|-singleturn|p2a: Dondozo|Protect\n|move|p1b: Big Scarr Frozone|Glaive Rush|p2a: Dondozo\n|-activate|p2a: Dondozo|move: Protect\n|move|p1a: Ape Sh!t|Bulk Up|p1a: Ape Sh!t\n|-boost|p1a: Ape Sh!t|atk|1\n|-boost|p1a: Ape Sh!t|def|1\n|\n|-heal|p2a: Dondozo|57\/100|[from] item: Leftovers\n|upkeep\n|turn|7\n|\n|t:|1681720006\n|move|p1b: Big Scarr Frozone|Glaive Rush|p2a: Dondozo\n|-damage|p2a: Dondozo|39\/100\n|-singlemove|p1b: Big Scarr Frozone|Glaive Rush|[silent]\n|move|p1a: Ape Sh!t|Bulk Up|p1a: Ape Sh!t\n|-boost|p1a: Ape Sh!t|atk|1\n|-boost|p1a: Ape Sh!t|def|1\n|move|p2a: Dondozo|Order Up|p1b: Big Scarr Frozone\n|-crit|p1b: Big Scarr Frozone\n|-damage|p1b: Big Scarr Frozone|0 fnt\n|faint|p1b: Big Scarr Frozone\n|-boost|p2a: Dondozo|def|1\n|\n|-heal|p2a: Dondozo|46\/100|[from] item: Leftovers\n|upkeep\n|\n|t:|1681720011\n|switch|p1b: Azul|Azumarill, L50, F|100\/100\n|turn|8\n|\n|t:|1681720014\n|move|p2a: Dondozo|Protect|p2a: Dondozo\n|-singleturn|p2a: Dondozo|Protect\n|move|p1a: Ape Sh!t|Bulk Up|p1a: Ape Sh!t\n|-boost|p1a: Ape Sh!t|atk|1\n|-boost|p1a: Ape Sh!t|def|1\n|move|p1b: Azul|Belly Drum|p1b: Azul\n|-damage|p1b: Azul|51\/100\n|-setboost|p1b: Azul|atk|6|[from] move: Belly Drum\n|\n|-heal|p2a: Dondozo|52\/100|[from] item: Leftovers\n|-sideend|p1: grade a type b|move: Tailwind\n|upkeep\n|turn|9\n|\n|t:|1681720029\n|-terastallize|p2a: Dondozo|Grass\n|move|p2a: Dondozo|Earthquake|p1a: Ape Sh!t|[spread] p1a,p1b\n|-miss|p2a: Dondozo|p2b: Tatsugiri\n|-damage|p1a: Ape Sh!t|61\/100\n|-damage|p1b: Azul|10\/100\n|-enditem|p1b: Azul|Sitrus Berry|[eat]\n|-heal|p1b: Azul|35\/100|[from] item: Sitrus Berry\n|move|p1a: Ape Sh!t|Bulk Up|p1a: Ape Sh!t\n|-boost|p1a: Ape Sh!t|atk|1\n|-boost|p1a: Ape Sh!t|def|1\n|move|p1b: Azul|Play Rough|p2a: Dondozo\n|-damage|p2a: Dondozo|39\/100\n|\n|-heal|p2a: Dondozo|46\/100|[from] item: Leftovers\n|-heal|p1a: Ape Sh!t|67\/100|[from] item: Leftovers\n|upkeep\n|turn|10\n|\n|t:|1681720048\n|move|p2a: Dondozo|Earthquake|p1b: Azul|[spread] p1a,p1b\n|-miss|p2a: Dondozo|p2b: Tatsugiri\n|-damage|p1a: Ape Sh!t|27\/100\n|-damage|p1b: Azul|0 fnt\n|faint|p1b: Azul\n|move|p1a: Ape Sh!t|Rage Fist|p2a: Dondozo\n|-damage|p2a: Dondozo|29\/100\n|\n|-heal|p2a: Dondozo|35\/100|[from] item: Leftovers\n|-heal|p1a: Ape Sh!t|33\/100|[from] item: Leftovers\n|upkeep\n|turn|11\n|c|\u2606jgsbanana|GG\n|\n|t:|1681720056\n|move|p1a: Ape Sh!t|Protect|p1a: Ape Sh!t\n|-singleturn|p1a: Ape Sh!t|Protect\n|move|p2a: Dondozo|Wave Crash|p1a: Ape Sh!t\n|-activate|p1a: Ape Sh!t|move: Protect\n|\n|-heal|p2a: Dondozo|42\/100|[from] item: Leftovers\n|-heal|p1a: Ape Sh!t|39\/100|[from] item: Leftovers\n|upkeep\n|turn|12\n|c|\u2606grade a type b|I need a counter for this asap\n|\n|t:|1681720066\n|move|p2a: Dondozo|Wave Crash|p1a: Ape Sh!t\n|-damage|p1a: Ape Sh!t|0 fnt\n|faint|p1a: Ape Sh!t\n|-damage|p2a: Dondozo|30\/100|[from] Recoil\n|\n|win|jgsbanana\n|n|\u2606grade a type b|gradeatypeb\n|n|\u2606jgsbanana|jgsbanana\n|n| DNDS|dnds\n","uploadtime":1681720067,"views":13,"p1id":"gradeatypeb","p2id":"jgsbanana","formatid":"gen9vgc2023regulationc","rating":0,"private":0,"password":""}