{"id":"gen9vgc2023regulationc-1849934466","p1":"haoran zhou","p2":"PeekayW","format":"[Gen 9] VGC 2023 Regulation C","log":"|j|\u2606haoran zhou\n|j|\u2606PeekayW\n|t:|1682269713\n|gametype|doubles\n|player|p1|haoran zhou|silver|1326\n|player|p2|PeekayW|169|1300\n|teamsize|p1|6\n|teamsize|p2|6\n|gen|9\n|tier|[Gen 9] VGC 2023 Regulation C\n|rated|\n|rule|Species Clause: Limit one of each Pok\u00e9mon\n|rule|Item Clause: Limit one of each item\n|clearpoke\n|poke|p1|Ting-Lu, L50|\n|poke|p1|Corviknight, L50, F|\n|poke|p1|Chi-Yu, L50|\n|poke|p1|Flutter Mane, L50|\n|poke|p1|Dondozo, L50, M|\n|poke|p1|Tatsugiri, L50, M|\n|poke|p2|Scizor, L50, M|\n|poke|p2|Flutter Mane, L50|\n|poke|p2|Rotom-Wash, L50|\n|poke|p2|Arcanine, L50, F|\n|poke|p2|Chien-Pao, L50|\n|poke|p2|Great Tusk, L50|\n|teampreview|4\n|inactive|Battle timer is ON: inactive players will automatically lose when time's up. (requested by haoran zhou)\nPeekayW has agreed to open team sheets.\nhaoran zhou has agreed to open team sheets.\n|inactive|PeekayW has 60 seconds left.\n|\n|t:|1682269758\n|start\n|switch|p1a: Ting-Lu|Ting-Lu, L50|100\/100\n|switch|p1b: Corviknight|Corviknight, L50, F|100\/100\n|switch|p2a: Rotom|Rotom-Wash, L50|100\/100\n|switch|p2b: Great Tusk|Great Tusk, L50|100\/100\n|-ability|p1b: Corviknight|Pressure\n|-ability|p1a: Ting-Lu|Vessel of Ruin\n|turn|1\n|inactive|haoran zhou has 30 seconds left.\n|\n|t:|1682269789\n|move|p2b: Great Tusk|Rock Slide|p1b: Corviknight|[spread] p1b\n|-miss|p2b: Great Tusk|p1a: Ting-Lu\n|-damage|p1b: Corviknight|86\/100\n|move|p2a: Rotom|Thunderbolt|p1b: Corviknight\n|-supereffective|p1b: Corviknight\n|-damage|p1b: Corviknight|35\/100\n|-status|p1b: Corviknight|par\n|-enditem|p1b: Corviknight|Sitrus Berry|[eat]\n|-heal|p1b: Corviknight|60\/100 par|[from] item: Sitrus Berry\n|move|p1a: Ting-Lu|Bulldoze|p2a: Rotom|[spread] p2b\n|-immune|p1b: Corviknight\n|-immune|p2a: Rotom|[from] ability: Levitate\n|-damage|p2b: Great Tusk|87\/100\n|-unboost|p2b: Great Tusk|spe|1\n|move|p1b: Corviknight|Brave Bird|p2b: Great Tusk\n|-supereffective|p2b: Great Tusk\n|-damage|p2b: Great Tusk|28\/100\n|-damage|p1b: Corviknight|41\/100 par|[from] Recoil\n|\n|upkeep\n|turn|2\n|inactive|haoran zhou has 30 seconds left.\n|inactive|haoran zhou has 20 seconds left.\n|\n|t:|1682269825\n|-end|p2b: Great Tusk|Protosynthesis|[silent]\n|switch|p2b: Scizor|Scizor, L50, M|100\/100\n|move|p2a: Rotom|Thunderbolt|p1b: Corviknight\n|-supereffective|p1b: Corviknight\n|-damage|p1b: Corviknight|0 fnt\n|faint|p1b: Corviknight\n|move|p1a: Ting-Lu|Bulldoze|p2b: Scizor|[spread] p2b\n|-immune|p2a: Rotom|[from] ability: Levitate\n|-damage|p2b: Scizor|83\/100\n|\n|upkeep\n|\n|t:|1682269835\n|switch|p1b: Dondozo|Dondozo, L50, M|100\/100\n|turn|3\n|\n|t:|1682269854\n|switch|p1a: Tatsugiri|Tatsugiri, L50, M|100\/100\n|-activate|p1a: Tatsugiri|ability: Commander|[of] p1b: Dondozo\n|-boost|p1b: Dondozo|atk|2\n|-boost|p1b: Dondozo|spa|2\n|-boost|p1b: Dondozo|spe|2\n|-boost|p1b: Dondozo|def|2\n|-boost|p1b: Dondozo|spd|2\n|-terastallize|p1b: Dondozo|Grass\n|move|p1b: Dondozo|Tera Blast|p2a: Rotom\n|-supereffective|p2a: Rotom\n|-damage|p2a: Rotom|0 fnt\n|faint|p2a: Rotom\n|move|p2b: Scizor|U-turn|p1a: Tatsugiri|[miss]\n|-miss|p2b: Scizor|p1a: Tatsugiri\n|\n|upkeep\n|\n|t:|1682269869\n|switch|p2a: Flutter Mane|Flutter Mane, L50|100\/100\n|turn|4\n|\n|t:|1682269889\n|-terastallize|p2a: Flutter Mane|Fairy\n|move|p1b: Dondozo|Wave Crash|p2b: Scizor\n|-damage|p2b: Scizor|0 fnt\n|faint|p2b: Scizor\n|-damage|p1b: Dondozo|82\/100|[from] Recoil\n|move|p2a: Flutter Mane|Moonblast|p1b: Dondozo\n|-damage|p1b: Dondozo|35\/100\n|-damage|p2a: Flutter Mane|91\/100|[from] item: Life Orb\n|\n|-heal|p1b: Dondozo|41\/100|[from] item: Leftovers\n|upkeep\n|\n|t:|1682269900\n|switch|p2b: Great Tusk|Great Tusk, L50|28\/100\n|turn|5\n|\n|t:|1682269912\n|move|p1b: Dondozo|Protect|p1b: Dondozo\n|-singleturn|p1b: Dondozo|Protect\n|move|p2b: Great Tusk|Rock Slide|p1b: Dondozo|[spread] \n|-miss|p2b: Great Tusk|p1a: Tatsugiri\n|-activate|p1b: Dondozo|move: Protect\n|move|p2a: Flutter Mane|Moonblast|p1b: Dondozo\n|-activate|p1b: Dondozo|move: Protect\n|\n|-heal|p1b: Dondozo|47\/100|[from] item: Leftovers\n|upkeep\n|turn|6\n|\n|t:|1682269932\n|move|p2b: Great Tusk|Rock Slide|p1a: Tatsugiri|[spread] p1b\n|-miss|p2b: Great Tusk|p1a: Tatsugiri\n|-damage|p1b: Dondozo|41\/100\n|cant|p1b: Dondozo|flinch\n|move|p2a: Flutter Mane|Moonblast|p1b: Dondozo\n|-damage|p1b: Dondozo|0 fnt\n|faint|p1b: Dondozo\n|-damage|p2a: Flutter Mane|82\/100|[from] item: Life Orb\n|\n|upkeep\n|\n|t:|1682269940\n|switch|p1b: Ting-Lu|Ting-Lu, L50|100\/100\n|-ability|p1b: Ting-Lu|Vessel of Ruin\n|turn|7\n|\n|t:|1682269956\n|move|p2a: Flutter Mane|Protect|p2a: Flutter Mane\n|-singleturn|p2a: Flutter Mane|Protect\n|move|p2b: Great Tusk|Rock Slide|p1a: Tatsugiri|[spread] p1a,p1b\n|-resisted|p1b: Ting-Lu\n|-damage|p1a: Tatsugiri|66\/100\n|-damage|p1b: Ting-Lu|95\/100\n|move|p1a: Tatsugiri|Draco Meteor|p2b: Great Tusk\n|-damage|p2b: Great Tusk|0 fnt\n|-unboost|p1a: Tatsugiri|spa|2\n|faint|p2b: Great Tusk\n|-end|p2b: Great Tusk|Protosynthesis|[silent]\n|move|p1b: Ting-Lu|Heavy Slam|p2a: Flutter Mane\n|-activate|p2a: Flutter Mane|move: Protect\n|\n|upkeep\n|turn|8\n|\n|t:|1682269976\n|move|p1a: Tatsugiri|Draco Meteor|p2a: Flutter Mane\n|-immune|p2a: Flutter Mane\n|move|p2a: Flutter Mane|Moonblast|p1a: Tatsugiri\n|-supereffective|p1a: Tatsugiri\n|-damage|p1a: Tatsugiri|0 fnt\n|faint|p1a: Tatsugiri\n|-damage|p2a: Flutter Mane|72\/100|[from] item: Life Orb\n|move|p1b: Ting-Lu|Heavy Slam|p2a: Flutter Mane\n|-supereffective|p2a: Flutter Mane\n|-damage|p2a: Flutter Mane|0 fnt\n|faint|p2a: Flutter Mane\n|-end|p2a: Flutter Mane|Protosynthesis|[silent]\n|\n|win|haoran zhou\n|raw|haoran zhou's rating: 1326 → 1345<\/strong> (+19 for winning)\n|raw|PeekayW's rating: 1300 → 1277<\/strong> (-23 for losing)\n","uploadtime":1682269992,"views":5,"p1id":"haoranzhou","p2id":"peekayw","formatid":"gen9vgc2023regulationc","rating":1277,"private":0,"password":""}