{"id":"gen9vgc2023regulationc-1857640891","p1":"gogoboots","p2":"Arcacagne","format":"[Gen 9] VGC 2023 Regulation C","log":"|j|\u2606gogoboots\n|j|\u2606Arcacagne\n|t:|1683216968\n|gametype|doubles\n|player|p1|gogoboots|101|1129\n|player|p2|Arcacagne|170|1159\n|teamsize|p1|6\n|teamsize|p2|6\n|gen|9\n|tier|[Gen 9] VGC 2023 Regulation C\n|rated|\n|rule|Species Clause: Limit one of each Pok\u00e9mon\n|rule|Item Clause: Limit one of each item\n|clearpoke\n|poke|p1|Amoonguss, L50, F|\n|poke|p1|Garganacl, L50, M|\n|poke|p1|Arcanine, L50, F|\n|poke|p1|Annihilape, L50, M|\n|poke|p1|Iron Hands, L50|\n|poke|p1|Maushold-Four, L50|\n|poke|p2|Chi-Yu, L50|\n|poke|p2|Flutter Mane, L50|\n|poke|p2|Amoonguss, L50, M|\n|poke|p2|Palafin, L50, M|\n|poke|p2|Kingambit, L50, F|\n|poke|p2|Arcanine, L50, M|\n|teampreview|4\n|inactive|Battle timer is ON: inactive players will automatically lose when time's up. (requested by gogoboots)\ngogoboots rejected open team sheets.\n|\n|t:|1683217010\n|start\n|switch|p1a: Annihilape|Annihilape, L50, M|100\/100\n|switch|p1b: Maushold|Maushold-Four, L50|100\/100\n|switch|p2a: Kingambit|Kingambit, L50, F|100\/100\n|switch|p2b: Flutter Mane|Flutter Mane, L50|100\/100\n|-enditem|p2b: Flutter Mane|Booster Energy\n|-activate|p2b: Flutter Mane|ability: Protosynthesis|[fromitem]\n|-start|p2b: Flutter Mane|protosynthesisspa\n|turn|1\n|inactive|Arcacagne has 30 seconds left.\n|inactive|Arcacagne has 20 seconds left.\n|\n|t:|1683217049\n|-terastallize|p1a: Annihilape|Fire\n|-terastallize|p2a: Kingambit|Water\n|move|p2a: Kingambit|Sucker Punch||[still]\n|-fail|p2a: Kingambit\n|move|p1b: Maushold|Thunder Wave|p2b: Flutter Mane\n|-status|p2b: Flutter Mane|par\n|move|p1a: Annihilape|Drain Punch|p2a: Kingambit\n|-damage|p2a: Kingambit|78\/100\n|move|p2b: Flutter Mane|Substitute|p2b: Flutter Mane\n|-start|p2b: Flutter Mane|Substitute\n|-damage|p2b: Flutter Mane|76\/100 par\n|\n|upkeep\n|turn|2\n|inactive|Arcacagne has 30 seconds left.\n|\n|t:|1683217074\n|move|p1b: Maushold|Thunder Wave|p2a: Kingambit\n|-status|p2a: Kingambit|par\n|-enditem|p2a: Kingambit|Lum Berry|[eat]\n|-curestatus|p2a: Kingambit|par|[msg]\n|move|p1a: Annihilape|Rage Fist|p2b: Flutter Mane\n|-supereffective|p2b: Flutter Mane\n|-end|p2b: Flutter Mane|Substitute\n|move|p2b: Flutter Mane|Moonblast|p1b: Maushold\n|-crit|p1b: Maushold\n|-damage|p1b: Maushold|0 fnt\n|faint|p1b: Maushold\n|move|p2a: Kingambit|Swords Dance|p2a: Kingambit\n|-boost|p2a: Kingambit|atk|2\n|\n|upkeep\n|\n|t:|1683217089\n|switch|p1b: Garganacl|Garganacl, L50, M|100\/100\n|turn|3\n|\n|t:|1683217098\n|-end|p2b: Flutter Mane|Protosynthesis|[silent]\n|switch|p2b: Amoonguss|Amoonguss, L50, M|100\/100\n|move|p1a: Annihilape|Rage Fist|p2b: Amoonguss\n|-damage|p2b: Amoonguss|81\/100\n|move|p2a: Kingambit|Iron Head|p1b: Garganacl\n|-supereffective|p1b: Garganacl\n|-damage|p1b: Garganacl|0 fnt\n|-damage|p2a: Kingambit|61\/100|[from] item: Rocky Helmet|[of] p1b: Garganacl\n|faint|p1b: Garganacl\n|\n|upkeep\n|\n|t:|1683217108\n|switch|p1b: Arcanine|Arcanine, L50, F|100\/100\n|-ability|p1b: Arcanine|Intimidate|boost\n|-unboost|p2a: Kingambit|atk|1\n|-ability|p2a: Kingambit|Defiant|boost\n|-boost|p2a: Kingambit|atk|2\n|-unboost|p2b: Amoonguss|atk|1\n|turn|4\n|inactive|Arcacagne has 30 seconds left.\n|\n|t:|1683217141\n|move|p2a: Kingambit|Sucker Punch||[still]\n|-fail|p2a: Kingambit\n|move|p1b: Arcanine|Crunch|p2a: Kingambit\n|-damage|p2a: Kingambit|44\/100\n|move|p1a: Annihilape|Bulk Up|p1a: Annihilape\n|-boost|p1a: Annihilape|atk|1\n|-boost|p1a: Annihilape|def|1\n|move|p2b: Amoonguss|Spore|p1a: Annihilape\n|-status|p1a: Annihilape|slp|[from] move: Spore\n|\n|upkeep\n|turn|5\n|\n|t:|1683217160\n|move|p2b: Amoonguss|Rage Powder|p2b: Amoonguss\n|-singleturn|p2b: Amoonguss|move: Rage Powder\n|move|p1b: Arcanine|Crunch|p2b: Amoonguss\n|-damage|p2b: Amoonguss|62\/100\n|cant|p1a: Annihilape|slp\n|move|p2a: Kingambit|Kowtow Cleave|p1a: Annihilape\n|-damage|p1a: Annihilape|20\/100 slp\n|\n|upkeep\n|turn|6\n|\n|t:|1683217173\n|move|p1b: Arcanine|Flare Blitz|p2b: Amoonguss\n|-supereffective|p2b: Amoonguss\n|-damage|p2b: Amoonguss|0 fnt\n|faint|p2b: Amoonguss\n|-damage|p1b: Arcanine|75\/100|[from] Recoil\n|cant|p1a: Annihilape|slp\n|move|p2a: Kingambit|Kowtow Cleave|p1a: Annihilape\n|-damage|p1a: Annihilape|0 fnt\n|faint|p1a: Annihilape\n|\n|upkeep\n|\n|t:|1683217188\n|switch|p2b: Flutter Mane|Flutter Mane, L50|76\/100 par\n|turn|7\n|-message|gogoboots forfeited.\n|\n|win|Arcacagne\n|raw|gogoboots's rating: 1129 → 1106<\/strong> (-23 for losing)\n|raw|Arcacagne's rating: 1159 → 1182<\/strong> (+23 for winning)\n|l|\u2606gogoboots\n","uploadtime":1683217233,"views":26,"p1id":"gogoboots","p2id":"arcacagne","formatid":"gen9vgc2023regulationc","rating":1106,"private":0,"password":""}