{"id":"gen9vgc2023regulationc-1858267836","p1":"Twoteefweef","p2":"vasuvasuvasu","format":"[Gen 9] VGC 2023 Regulation C","log":"|j|\u2606Twoteefweef\n|j|\u203dvasuvasuvasu\n|t:|1683296941\n|gametype|doubles\n|player|p1|Twoteefweef|266|1111\n|player|p2|vasuvasuvasu|2|1100\n|teamsize|p1|6\n|teamsize|p2|6\n|gen|9\n|tier|[Gen 9] VGC 2023 Regulation C\n|rated|\n|rule|Species Clause: Limit one of each Pok\u00e9mon\n|rule|Item Clause: Limit one of each item\n|clearpoke\n|poke|p1|Abomasnow, L50, M|\n|poke|p1|Iron Bundle, L50|\n|poke|p1|Chi-Yu, L50|\n|poke|p1|Flutter Mane, L50|\n|poke|p1|Corviknight, L50, F|\n|poke|p1|Salamence, L50, F|\n|poke|p2|Iron Valiant, L50|\n|poke|p2|Orthworm, L50, F|\n|poke|p2|Meowscarada, L50, F|\n|poke|p2|Annihilape, L50, M|\n|poke|p2|Roaring Moon, L50|\n|poke|p2|Iron Bundle, L50|\n|teampreview|4\nvasuvasuvasu rejected open team sheets.\n|inactive|Battle timer is ON: inactive players will automatically lose when time's up. (requested by vasuvasuvasu)\n|\n|t:|1683296981\n|start\n|switch|p1a: Chi-Yu|Chi-Yu, L50|100\/100\n|switch|p1b: Flutter Mane|Flutter Mane, L50|100\/100\n|switch|p2a: Meowscarada|Meowscarada, L50, F|100\/100\n|switch|p2b: Iron Valiant|Iron Valiant, L50|100\/100\n|-ability|p1a: Chi-Yu|Beads of Ruin\n|-enditem|p1b: Flutter Mane|Booster Energy\n|-activate|p1b: Flutter Mane|ability: Protosynthesis|[fromitem]\n|-start|p1b: Flutter Mane|protosynthesisspa\n|-enditem|p2b: Iron Valiant|Booster Energy\n|-activate|p2b: Iron Valiant|ability: Quark Drive|[fromitem]\n|-start|p2b: Iron Valiant|quarkdrivespa\n|turn|1\n|inactive|vasuvasuvasu has 30 seconds left.\n|\n|t:|1683297014\n|move|p2b: Iron Valiant|Wide Guard|p2b: Iron Valiant\n|-singleturn|p2b: Iron Valiant|Wide Guard\n|move|p2a: Meowscarada|Flower Trick|p1b: Flutter Mane\n|-crit|p1b: Flutter Mane\n|-damage|p1b: Flutter Mane|0 fnt\n|faint|p1b: Flutter Mane\n|-end|p1b: Flutter Mane|Protosynthesis|[silent]\n|move|p1a: Chi-Yu|Heat Wave|p2b: Iron Valiant|[spread] \n|-activate|p2a: Meowscarada|move: Wide Guard\n|-activate|p2b: Iron Valiant|move: Wide Guard\n|\n|upkeep\n|\n|t:|1683297022\n|switch|p1b: Abomasnow|Abomasnow, L50, M|100\/100\n|-weather|Snow|[from] ability: Snow Warning|[of] p1b: Abomasnow\n|turn|2\n|inactive|vasuvasuvasu has 30 seconds left.\n|\n|t:|1683297049\n|move|p2a: Meowscarada|Brick Break|p1a: Chi-Yu\n|-supereffective|p1a: Chi-Yu\n|-damage|p1a: Chi-Yu|30\/100\n|move|p2b: Iron Valiant|Aura Sphere|p1a: Chi-Yu\n|-supereffective|p1a: Chi-Yu\n|-damage|p1a: Chi-Yu|0 fnt\n|faint|p1a: Chi-Yu\n|move|p1b: Abomasnow|Aurora Veil|p1b: Abomasnow\n|-sidestart|p1: Twoteefweef|move: Aurora Veil\n|\n|-weather|Snow|[upkeep]\n|upkeep\n|\n|t:|1683297062\n|switch|p1a: Iron Bundle|Iron Bundle, L50|100\/100\n|turn|3\n|\n|t:|1683297077\n|-terastallize|p1a: Iron Bundle|Ice\n|move|p2b: Iron Valiant|Wide Guard|p2b: Iron Valiant\n|-singleturn|p2b: Iron Valiant|Wide Guard\n|move|p1a: Iron Bundle|Freeze-Dry|p2b: Iron Valiant\n|-damage|p2b: Iron Valiant|25\/100\n|move|p2a: Meowscarada|Brick Break|p1a: Iron Bundle\n|-sideend|p1: Twoteefweef|move: Aurora Veil\n|-supereffective|p1a: Iron Bundle\n|-crit|p1a: Iron Bundle\n|-damage|p1a: Iron Bundle|38\/100\n|move|p1b: Abomasnow|Energy Ball|p2b: Iron Valiant\n|-damage|p2b: Iron Valiant|0 fnt\n|faint|p2b: Iron Valiant\n|-end|p2b: Iron Valiant|Quark Drive|[silent]\n|\n|-weather|Snow|[upkeep]\n|upkeep\n|\n|t:|1683297099\n|switch|p2b: Iron Bundle|Iron Bundle, L50|100\/100\n|turn|4\n|inactive|vasuvasuvasu has 30 seconds left.\n|inactive|vasuvasuvasu has 20 seconds left.\n|inactive|vasuvasuvasu has 15 seconds left.\n|\n|t:|1683297140\n|move|p2b: Iron Bundle|Protect|p2b: Iron Bundle\n|-singleturn|p2b: Iron Bundle|Protect\n|move|p1a: Iron Bundle|Blizzard|p2b: Iron Bundle|[spread] p2a\n|-activate|p2b: Iron Bundle|move: Protect\n|-supereffective|p2a: Meowscarada\n|-enditem|p2a: Meowscarada|Focus Sash\n|-damage|p2a: Meowscarada|1\/100\n|move|p2a: Meowscarada|Flower Trick|p1a: Iron Bundle\n|-crit|p1a: Iron Bundle\n|-damage|p1a: Iron Bundle|0 fnt\n|faint|p1a: Iron Bundle\n|-end|p1a: Iron Bundle|Quark Drive|[silent]\n|move|p1b: Abomasnow|Energy Ball|p2b: Iron Bundle\n|-activate|p2b: Iron Bundle|move: Protect\n|\n|-weather|Snow|[upkeep]\n|upkeep\n|turn|5\n|inactive|vasuvasuvasu has 30 seconds left.\n|\n|t:|1683297166\n|move|p2b: Iron Bundle|Freeze-Dry|p1b: Abomasnow\n|-damage|p1b: Abomasnow|59\/100\n|move|p2a: Meowscarada|Brick Break|p1b: Abomasnow\n|-supereffective|p1b: Abomasnow\n|-damage|p1b: Abomasnow|19\/100\n|move|p1b: Abomasnow|Energy Ball|p2b: Iron Bundle\n|-supereffective|p2b: Iron Bundle\n|-damage|p2b: Iron Bundle|0 fnt\n|faint|p2b: Iron Bundle\n|-end|p2b: Iron Bundle|Quark Drive|[silent]\n|\n|-weather|Snow|[upkeep]\n|upkeep\n|\n|t:|1683297175\n|switch|p2b: Annihilape|Annihilape, L50, M|100\/100\n|turn|6\n|\n|t:|1683297190\n|move|p2a: Meowscarada|Brick Break|p1b: Abomasnow\n|-supereffective|p1b: Abomasnow\n|-damage|p1b: Abomasnow|0 fnt\n|faint|p1b: Abomasnow\n|\n|win|vasuvasuvasu\n|raw|Twoteefweef's rating: 1111 → 1085<\/strong> (-26 for losing)\n|raw|vasuvasuvasu's rating: 1100 → 1126<\/strong> (+26 for winning)\n","uploadtime":1683297197,"views":4,"p1id":"twoteefweef","p2id":"vasuvasuvasu","formatid":"gen9vgc2023regulationc","rating":1085,"private":0,"password":""}