{"id":"gen9vgc2023regulationc-1859843058","p1":"Double Clxtch","p2":"TomoTaco69","format":"[Gen 9] VGC 2023 Regulation C","log":"|j|\u2606Double Clxtch\n|j|\u2606TomoTaco69\n|t:|1683569139\n|gametype|doubles\n|player|p1|Double Clxtch|blue|1182\n|player|p2|TomoTaco69|266|1287\n|teamsize|p1|6\n|teamsize|p2|6\n|gen|9\n|tier|[Gen 9] VGC 2023 Regulation C\n|rated|\n|rule|Species Clause: Limit one of each Pok\u00e9mon\n|rule|Item Clause: Limit one of each item\n|clearpoke\n|poke|p1|Talonflame, L50, F|\n|poke|p1|Dragonite, L50, M|\n|poke|p1|Gyarados, L50, M|\n|poke|p1|Amoonguss, L50, F|\n|poke|p1|Torkoal, L50, M|\n|poke|p1|Flutter Mane, L50|\n|poke|p2|Flutter Mane, L50|\n|poke|p2|Arcanine, L50, M|\n|poke|p2|Amoonguss, L50, M|\n|poke|p2|Palafin, L50, M|\n|poke|p2|Gardevoir, L50, F|\n|poke|p2|Ting-Lu, L50|\n|teampreview|4\n|\n|t:|1683569164\n|start\n|switch|p1a: Talonflame|Talonflame, L50, F, shiny|100\/100\n|switch|p1b: Amoonguss|Amoonguss, L50, F, shiny|100\/100\n|switch|p2a: Yama Tsukami|Flutter Mane, L50|100\/100\n|switch|p2b: Ocean Man|Palafin, L50, M|100\/100\n|turn|1\n|\n|t:|1683569181\n|move|p2a: Yama Tsukami|Protect|p2a: Yama Tsukami\n|-singleturn|p2a: Yama Tsukami|Protect\n|move|p1a: Talonflame|Tailwind|p1a: Talonflame\n|-sidestart|p1: Double Clxtch|move: Tailwind\n|move|p2b: Ocean Man|Flip Turn|p1a: Talonflame\n|-supereffective|p1a: Talonflame\n|-damage|p1a: Talonflame|22\/100\n|\n|t:|1683569189\n|detailschange|p2b: Ocean Man|Palafin-Hero, L50, M\n|switch|p2b: Snoop Dogg|Arcanine, L50, M|100\/100|[from] Flip Turn\n|-ability|p2b: Snoop Dogg|Intimidate|boost\n|-unboost|p1a: Talonflame|atk|1\n|-unboost|p1b: Amoonguss|atk|1\n|move|p1b: Amoonguss|Spore|p2a: Yama Tsukami\n|-activate|p2a: Yama Tsukami|move: Protect\n|\n|upkeep\n|turn|2\n|\n|t:|1683569212\n|move|p1a: Talonflame|Brave Bird|p2a: Yama Tsukami\n|-damage|p2a: Yama Tsukami|23\/100\n|-damage|p1a: Talonflame|0 fnt|[from] Recoil\n|faint|p1a: Talonflame\n|move|p2a: Yama Tsukami|Shadow Ball|p1b: Amoonguss\n|-damage|p1b: Amoonguss|59\/100\n|move|p2b: Snoop Dogg|Flare Blitz|p1b: Amoonguss\n|-supereffective|p1b: Amoonguss\n|-damage|p1b: Amoonguss|0 fnt\n|faint|p1b: Amoonguss\n|-damage|p2b: Snoop Dogg|79\/100|[from] Recoil\n|\n|upkeep\n|\n|t:|1683569226\n|switch|p1a: Gyarados|Gyarados, L50, M, shiny|100\/100\n|switch|p1b: Dragonite|Dragonite, L50, M, shiny|100\/100\n|-ability|p1a: Gyarados|Intimidate|boost\n|-unboost|p2a: Yama Tsukami|atk|1\n|-unboost|p2b: Snoop Dogg|atk|1\n|turn|3\n|\n|t:|1683569258\n|move|p2a: Yama Tsukami|Protect|p2a: Yama Tsukami\n|-singleturn|p2a: Yama Tsukami|Protect\n|move|p1a: Gyarados|Waterfall|p2b: Snoop Dogg\n|-supereffective|p2b: Snoop Dogg\n|-damage|p2b: Snoop Dogg|0 fnt\n|faint|p2b: Snoop Dogg\n|move|p1b: Dragonite|Earthquake|p2a: Yama Tsukami|[spread] \n|-activate|p2a: Yama Tsukami|move: Protect\n|-immune|p1a: Gyarados\n|\n|upkeep\n|\n|t:|1683569272\n|switch|p2b: The Bowl Cut|Ting-Lu, L50|100\/100\n|-ability|p2b: The Bowl Cut|Vessel of Ruin\n|turn|4\n|\n|t:|1683569294\n|-end|p2a: Yama Tsukami|Protosynthesis|[silent]\n|switch|p2a: Ocean Man|Palafin-Hero, L50, M|100\/100\n|-activate|p2a: Ocean Man|ability: Zero to Hero\n|move|p1a: Gyarados|Waterfall|p2a: Ocean Man\n|-resisted|p2a: Ocean Man\n|-damage|p2a: Ocean Man|81\/100\n|move|p1b: Dragonite|Ice Spinner|p2b: The Bowl Cut\n|-supereffective|p2b: The Bowl Cut\n|-damage|p2b: The Bowl Cut|72\/100\n|move|p2b: The Bowl Cut|Ruination|p1b: Dragonite\n|-damage|p1b: Dragonite|50\/100\n|\n|-sideend|p1: Double Clxtch|move: Tailwind\n|upkeep\n|turn|5\n|\n|t:|1683569322\n|-terastallize|p1a: Gyarados|Water\n|-terastallize|p2b: The Bowl Cut|Poison\n|move|p1b: Dragonite|Protect|p1b: Dragonite\n|-singleturn|p1b: Dragonite|Protect\n|move|p2a: Ocean Man|Wave Crash|p1b: Dragonite\n|-activate|p1b: Dragonite|move: Protect\n|move|p1a: Gyarados|Waterfall|p2b: The Bowl Cut\n|-damage|p2b: The Bowl Cut|46\/100\n|move|p2b: The Bowl Cut|Ruination|p1a: Gyarados\n|-damage|p1a: Gyarados|50\/100\n|-enditem|p1a: Gyarados|Sitrus Berry|[eat]\n|-heal|p1a: Gyarados|75\/100|[from] item: Sitrus Berry\n|\n|upkeep\n|turn|6\n|\n|t:|1683569351\n|move|p1b: Dragonite|Protect||[still]\n|-fail|p1b: Dragonite\n|move|p2a: Ocean Man|Wave Crash|p1b: Dragonite\n|-resisted|p1b: Dragonite\n|-damage|p1b: Dragonite|8\/100\n|-damage|p2a: Ocean Man|67\/100|[from] Recoil\n|move|p1a: Gyarados|Thunder Wave|p2a: Ocean Man\n|-status|p2a: Ocean Man|par\n|move|p2b: The Bowl Cut|Fissure|p1a: Gyarados\n|-damage|p1a: Gyarados|0 fnt\n|faint|p1a: Gyarados\n|-ohko\n|\n|upkeep\n|turn|7\n|-message|Double Clxtch forfeited.\n|\n|win|TomoTaco69\n|raw|Double Clxtch's rating: 1182 → 1164<\/strong> (-18 for losing)\n|raw|TomoTaco69's rating: 1287 → 1305<\/strong> (+18 for winning)\n|l|\u2606Double Clxtch\n","uploadtime":1683569371,"views":12,"p1id":"doubleclxtch","p2id":"tomotaco69","formatid":"gen9vgc2023regulationc","rating":1164,"private":0,"password":""}