{"id":"gen9vgc2023regulationc-1849503222","p1":"Bm1203706","p2":"jchemmy","format":"[Gen 9] VGC 2023 Regulation C","log":"|j|\u2606Bm1203706\n|j|\u2606jchemmy\n|t:|1682206216\n|gametype|doubles\n|player|p1|Bm1203706|2|1214\n|player|p2|jchemmy|brock|1288\n|teamsize|p1|6\n|teamsize|p2|6\n|gen|9\n|tier|[Gen 9] VGC 2023 Regulation C\n|rated|\n|rule|Species Clause: Limit one of each Pok\u00e9mon\n|rule|Item Clause: Limit one of each item\n|clearpoke\n|poke|p1|Glimmora, L50, F|\n|poke|p1|Gholdengo, L50|\n|poke|p1|Maushold-Four, L50|\n|poke|p1|Chi-Yu, L50|\n|poke|p1|Pawmot, L50, M|\n|poke|p1|Armarouge, L50, M|\n|poke|p2|Arcanine, L50, M|\n|poke|p2|Palafin, L50, M|\n|poke|p2|Flutter Mane, L50|\n|poke|p2|Ting-Lu, L50|\n|poke|p2|Amoonguss, L50, F|\n|poke|p2|Baxcalibur, L50, F|\n|teampreview|4\n|inactive|Battle timer is ON: inactive players will automatically lose when time's up. (requested by jchemmy)\njchemmy has agreed to open team sheets.\nBm1203706 has agreed to open team sheets.\n|inactive|Bm1203706 has 60 seconds left.\n|inactive|jchemmy has 60 seconds left.\n|\n|t:|1682206272\n|start\n|switch|p1a: Chi-Yu|Chi-Yu, L50|100\/100\n|switch|p1b: Pawmot|Pawmot, L50, M|100\/100\n|switch|p2a: Palafin|Palafin, L50, M|100\/100\n|switch|p2b: Flutter Mane|Flutter Mane, L50|100\/100\n|-ability|p1a: Chi-Yu|Beads of Ruin\n|turn|1\n|inactive|jchemmy has 30 seconds left.\n|\n|t:|1682206298\n|detailschange|p2a: Palafin|Palafin-Hero, L50, M\n|switch|p2a: Arcanine|Arcanine, L50, M|100\/100\n|-ability|p2a: Arcanine|Intimidate|boost\n|-unboost|p1a: Chi-Yu|atk|1\n|-unboost|p1b: Pawmot|atk|1\n|move|p1b: Pawmot|Fake Out|p2a: Arcanine\n|-damage|p2a: Arcanine|88\/100\n|-damage|p1b: Pawmot|91\/100|[from] item: Life Orb\n|move|p2b: Flutter Mane|Dazzling Gleam|p1a: Chi-Yu|[spread] p1a,p1b\n|-supereffective|p1b: Pawmot\n|-damage|p1a: Chi-Yu|65\/100\n|-damage|p1b: Pawmot|0 fnt\n|faint|p1b: Pawmot\n|move|p1a: Chi-Yu|Heat Wave|p2b: Flutter Mane|[spread] p2a,p2b\n|-resisted|p2a: Arcanine\n|-damage|p2a: Arcanine|59\/100\n|-damage|p2b: Flutter Mane|50\/100\n|\n|upkeep\n|\n|t:|1682206314\n|switch|p1b: Glimmora|Glimmora, L50, F|100\/100\n|turn|2\n|\n|t:|1682206325\n|-end|p2b: Flutter Mane|Protosynthesis|[silent]\n|switch|p2b: Ting-Lu|Ting-Lu, L50|100\/100\n|-ability|p2b: Ting-Lu|Vessel of Ruin\n|move|p1b: Glimmora|Spiky Shield|p1b: Glimmora\n|-singleturn|p1b: Glimmora|move: Protect\n|move|p2a: Arcanine|Snarl|p1a: Chi-Yu|[spread] p1a\n|-activate|p1b: Glimmora|move: Protect\n|-resisted|p1a: Chi-Yu\n|-damage|p1a: Chi-Yu|62\/100\n|-unboost|p1a: Chi-Yu|spa|1\n|move|p1a: Chi-Yu|Heat Wave|p2b: Ting-Lu|[spread] p2a,p2b\n|-resisted|p2a: Arcanine\n|-damage|p2a: Arcanine|45\/100\n|-damage|p2b: Ting-Lu|88\/100\n|\n|upkeep\n|turn|3\n|inactive|Bm1203706 has 30 seconds left.\n|\n|t:|1682206354\n|switch|p1a: Gholdengo|Gholdengo, L50|100\/100\n|move|p2a: Arcanine|Snarl|p1b: Glimmora|[spread] p1a,p1b\n|-supereffective|p1a: Gholdengo\n|-damage|p1a: Gholdengo|86\/100\n|-damage|p1b: Glimmora|92\/100\n|-unboost|p1a: Gholdengo|spa|1\n|-unboost|p1b: Glimmora|spa|1\n|move|p1b: Glimmora|Sludge Wave|p2a: Arcanine|[spread] p2a,p2b\n|-immune|p1a: Gholdengo\n|-resisted|p2b: Ting-Lu\n|-damage|p2a: Arcanine|21\/100\n|-damage|p2b: Ting-Lu|83\/100\n|move|p2b: Ting-Lu|Stomping Tantrum|p1a: Gholdengo\n|-supereffective|p1a: Gholdengo\n|-damage|p1a: Gholdengo|16\/100\n|\n|upkeep\n|turn|4\n|inactive|Bm1203706 has 30 seconds left.\n|\n|t:|1682206385\n|move|p2a: Arcanine|Snarl|p1b: Glimmora|[spread] p1b\n|-miss|p2a: Arcanine|p1a: Gholdengo\n|-damage|p1b: Glimmora|83\/100\n|-unboost|p1b: Glimmora|spa|1\n|move|p1b: Glimmora|Sludge Wave|p2b: Ting-Lu|[spread] p2a,p2b\n|-immune|p1a: Gholdengo\n|-resisted|p2b: Ting-Lu\n|-damage|p2a: Arcanine|3\/100\n|-damage|p2b: Ting-Lu|79\/100\n|move|p1a: Gholdengo|Tera Blast|p2b: Ting-Lu\n|-damage|p2b: Ting-Lu|69\/100\n|move|p2b: Ting-Lu|Stomping Tantrum|p1b: Glimmora\n|-supereffective|p1b: Glimmora\n|-damage|p1b: Glimmora|0 fnt\n|-damage|p2b: Ting-Lu|53\/100|[from] item: Rocky Helmet|[of] p1b: Glimmora\n|-activate|p1b: Glimmora|ability: Toxic Debris\n|-sidestart|p2: jchemmy|move: Toxic Spikes\n|faint|p1b: Glimmora\n|\n|upkeep\n|\n|t:|1682206402\n|switch|p1b: Chi-Yu|Chi-Yu, L50|62\/100\n|-ability|p1b: Chi-Yu|Beads of Ruin\n|turn|5\n|\n|t:|1682206414\n|-terastallize|p1a: Gholdengo|Water\n|move|p2a: Arcanine|Snarl|p1b: Chi-Yu|[spread] p1a,p1b\n|-resisted|p1b: Chi-Yu\n|-damage|p1a: Gholdengo|5\/100\n|-damage|p1b: Chi-Yu|60\/100\n|-unboost|p1a: Gholdengo|spa|1\n|-unboost|p1b: Chi-Yu|spa|1\n|move|p1b: Chi-Yu|Heat Wave|p2a: Arcanine|[spread] p2a,p2b\n|-resisted|p2a: Arcanine\n|-damage|p2a: Arcanine|0 fnt\n|-damage|p2b: Ting-Lu|41\/100\n|faint|p2a: Arcanine\n|move|p1a: Gholdengo|Tera Blast|p2b: Ting-Lu\n|-supereffective|p2b: Ting-Lu\n|-damage|p2b: Ting-Lu|8\/100\n|move|p2b: Ting-Lu|Stomping Tantrum|p1b: Chi-Yu\n|-supereffective|p1b: Chi-Yu\n|-damage|p1b: Chi-Yu|0 fnt\n|faint|p1b: Chi-Yu\n|\n|upkeep\n|\n|t:|1682206426\n|switch|p2a: Palafin|Palafin-Hero, L50, M|100\/100\n|-status|p2a: Palafin|psn\n|-activate|p2a: Palafin|ability: Zero to Hero\n|turn|6\n|\n|t:|1682206435\n|move|p2a: Palafin|Jet Punch|p1a: Gholdengo\n|-resisted|p1a: Gholdengo\n|-damage|p1a: Gholdengo|0 fnt\n|faint|p1a: Gholdengo\n|\n|win|jchemmy\n|raw|Bm1203706's rating: 1214 → 1194<\/strong> (-20 for losing)\n|raw|jchemmy's rating: 1288 → 1308<\/strong> (+20 for winning)\n","uploadtime":1682206439,"views":6,"p1id":"bm1203706","p2id":"jchemmy","formatid":"gen9vgc2023regulationc","rating":1194,"private":0,"password":""}