{"id":"gen9vgc2023regulationc-1856851324","p1":"Jscoot12","p2":"casellino","format":"[Gen 9] VGC 2023 Regulation C","log":"|j|\u2606Jscoot12\n|j|\u2606casellino\n|t:|1683119363\n|gametype|doubles\n|player|p1|Jscoot12|169|1310\n|player|p2|casellino|2|1274\n|teamsize|p1|6\n|teamsize|p2|6\n|gen|9\n|tier|[Gen 9] VGC 2023 Regulation C\n|rated|\n|rule|Species Clause: Limit one of each Pok\u00e9mon\n|rule|Item Clause: Limit one of each item\n|clearpoke\n|poke|p1|Orthworm, L50, F|\n|poke|p1|Dragonite, L50, M|\n|poke|p1|Flutter Mane, L50|\n|poke|p1|Chi-Yu, L50|\n|poke|p1|Baxcalibur, L50, M|\n|poke|p1|Gyarados, L50, F|\n|poke|p2|Abomasnow, L50, M|\n|poke|p2|Glaceon, L50, F|\n|poke|p2|Iron Bundle, L50|\n|poke|p2|Arcanine, L50, M|\n|poke|p2|Scizor, L50, M|\n|poke|p2|Annihilape, L50, M|\n|teampreview|4\n|inactive|Battle timer is ON: inactive players will automatically lose when time's up. (requested by casellino)\n|inactive|Jscoot12 has 60 seconds left.\n|inactive|casellino has 60 seconds left.\n|\n|t:|1683119411\n|start\n|switch|p1a: Gyarados|Gyarados, L50, F|100\/100\n|switch|p1b: Chi-Yu|Chi-Yu, L50|100\/100\n|switch|p2a: Abomasnow|Abomasnow, L50, M|100\/100\n|switch|p2b: Scizor|Scizor, L50, M|100\/100\n|-ability|p1b: Chi-Yu|Beads of Ruin\n|-ability|p1a: Gyarados|Intimidate|boost\n|-unboost|p2a: Abomasnow|atk|1\n|-fail|p2b: Scizor|unboost|[from] item: Clear Amulet|[of] p2b: Scizor\n|-weather|Snow|[from] ability: Snow Warning|[of] p2a: Abomasnow\n|turn|1\n|inactive|Jscoot12 has 30 seconds left.\n|inactive|casellino has 30 seconds left.\n|inactive|casellino has 20 seconds left.\n|inactive|casellino has 15 seconds left.\n|inactive|casellino has 10 seconds left.\n|inactive|casellino has 5 seconds left.\n|\n|t:|1683119463\n|switch|p2a: Arcanine|Arcanine, L50, M|100\/100\n|-ability|p2a: Arcanine|Intimidate|boost\n|-unboost|p1a: Gyarados|atk|1\n|-unboost|p1b: Chi-Yu|atk|1\n|-terastallize|p2b: Scizor|Fire\n|move|p1b: Chi-Yu|Flamethrower|p2a: Arcanine\n|-resisted|p2a: Arcanine\n|-damage|p2a: Arcanine|65\/100\n|-damage|p1b: Chi-Yu|91\/100|[from] item: Life Orb\n|move|p1a: Gyarados|Thunder Wave|p2b: Scizor|[miss]\n|-miss|p1a: Gyarados|p2b: Scizor\n|move|p2b: Scizor|Swords Dance|p2b: Scizor\n|-boost|p2b: Scizor|atk|2\n|\n|-weather|Snow|[upkeep]\n|upkeep\n|turn|2\n|inactive|Jscoot12 has 30 seconds left.\n|\n|t:|1683119492\n|switch|p1b: Orthworm|Orthworm, L50, F|100\/100\n|move|p2b: Scizor|Protect|p2b: Scizor\n|-singleturn|p2b: Scizor|Protect\n|move|p1a: Gyarados|Bulldoze|p2b: Scizor|[spread] p2a\n|-activate|p2b: Scizor|move: Protect\n|-immune|p1b: Orthworm|[from] ability: Earth Eater\n|-supereffective|p2a: Arcanine\n|-damage|p2a: Arcanine|48\/100\n|-unboost|p2a: Arcanine|spe|1\n|move|p2a: Arcanine|Will-O-Wisp|p1a: Gyarados|[miss]\n|-miss|p2a: Arcanine|p1a: Gyarados\n|\n|-weather|Snow|[upkeep]\n|upkeep\n|turn|3\n|\n|t:|1683119514\n|move|p2b: Scizor|Bullet Punch|p1a: Gyarados\n|-resisted|p1a: Gyarados\n|-damage|p1a: Gyarados|65\/100\n|move|p1a: Gyarados|Waterfall|p2b: Scizor\n|-supereffective|p2b: Scizor\n|-crit|p2b: Scizor\n|-damage|p2b: Scizor|1\/100\n|move|p1b: Orthworm|Shed Tail|p1b: Orthworm\n|-start|p1b: Orthworm|Substitute|[from] move: Shed Tail\n|-damage|p1b: Orthworm|50\/100\n|-enditem|p1b: Orthworm|Sitrus Berry|[eat]\n|-heal|p1b: Orthworm|75\/100|[from] item: Sitrus Berry\n|\n|t:|1683119536\n|switch|p1b: Flutter Mane|Flutter Mane, L50|100\/100|[from] Shed Tail\n|move|p2a: Arcanine|Will-O-Wisp|p1a: Gyarados\n|-status|p1a: Gyarados|brn\n|\n|-weather|Snow|[upkeep]\n|-damage|p1a: Gyarados|59\/100 brn|[from] brn\n|upkeep\n|turn|4\n|\n|t:|1683119557\n|move|p2b: Scizor|Protect|p2b: Scizor\n|-singleturn|p2b: Scizor|Protect\n|move|p1b: Flutter Mane|Dazzling Gleam|p2a: Arcanine|[spread] p2a\n|-activate|p2b: Scizor|move: Protect\n|-resisted|p2a: Arcanine\n|-damage|p2a: Arcanine|29\/100\n|move|p1a: Gyarados|Waterfall|p2a: Arcanine\n|-supereffective|p2a: Arcanine\n|-damage|p2a: Arcanine|4\/100\n|move|p2a: Arcanine|Morning Sun|p2a: Arcanine\n|-heal|p2a: Arcanine|29\/100\n|\n|-weather|Snow|[upkeep]\n|-damage|p1a: Gyarados|53\/100 brn|[from] brn\n|upkeep\n|turn|5\n|inactive|Jscoot12 has 30 seconds left.\n|\n|t:|1683119583\n|move|p2a: Arcanine|Extreme Speed|p1a: Gyarados\n|-damage|p1a: Gyarados|30\/100 brn\n|move|p2b: Scizor|Bullet Punch|p1b: Flutter Mane\n|-supereffective|p1b: Flutter Mane\n|-end|p1b: Flutter Mane|Substitute\n|move|p1b: Flutter Mane|Dazzling Gleam|p2a: Arcanine|[spread] p2a,p2b\n|-resisted|p2a: Arcanine\n|-resisted|p2b: Scizor\n|-damage|p2a: Arcanine|11\/100\n|-damage|p2b: Scizor|0 fnt\n|faint|p2b: Scizor\n|move|p1a: Gyarados|Waterfall|p2a: Arcanine\n|-supereffective|p2a: Arcanine\n|-damage|p2a: Arcanine|0 fnt\n|faint|p2a: Arcanine\n|\n|-weather|none\n|-damage|p1a: Gyarados|24\/100 brn|[from] brn\n|upkeep\n|inactive|casellino has 30 seconds left.\n|inactive|casellino has 20 seconds left.\n|inactive|casellino has 15 seconds left.\n|inactive|casellino has 10 seconds left.\n|inactive|casellino has 5 seconds left.\n|\n|t:|1683119639\n|switch|p2a: Abomasnow|Abomasnow, L50, M|100\/100\n|switch|p2b: Glaceon|Glaceon, L50, F|100\/100\n|-weather|Snow|[from] ability: Snow Warning|[of] p2a: Abomasnow\n|turn|6\n|l|\u2606casellino\n|inactive|casellino disconnected and has a minute to reconnect!\n|player|p2|\n|inactive|casellino has 30 seconds left.\n|inactive|casellino has 20 seconds left.\n|inactive|casellino has 15 seconds left.\n|inactive|casellino has 10 seconds left.\n|inactive|casellino has 5 seconds left.\n|-message|casellino lost due to inactivity.\n|\n|win|Jscoot12\n|raw|Jscoot12's rating: 1310 → 1328<\/strong> (+18 for winning)\n|raw|casellino's rating: 1274 → 1252<\/strong> (-22 for losing)\n","uploadtime":1683119701,"views":13,"p1id":"jscoot12","p2id":"casellino","formatid":"gen9vgc2023regulationc","rating":1252,"private":0,"password":""}