{"id":"gen9vgc2023regulationc-1848274821","p1":"Rhyfinn19","p2":"maverickya","format":"[Gen 9] VGC 2023 Regulation C","log":"|j|\u2606Rhyfinn19\n|j|\u2606maverickya\n|t:|1682051890\n|gametype|doubles\n|player|p1|Rhyfinn19|ninjaboy|1066\n|player|p2|maverickya|102|1049\n|teamsize|p1|6\n|teamsize|p2|6\n|gen|9\n|tier|[Gen 9] VGC 2023 Regulation C\n|rated|\n|rule|Species Clause: Limit one of each Pok\u00e9mon\n|rule|Item Clause: Limit one of each item\n|clearpoke\n|poke|p1|Flutter Mane, L50|\n|poke|p1|Chi-Yu, L50|\n|poke|p1|Annihilape, L50, M|\n|poke|p1|Murkrow, L50, M|\n|poke|p1|Arcanine, L50, F|\n|poke|p1|Amoonguss, L50, M|\n|poke|p2|Orthworm, L50, M|\n|poke|p2|Sableye, L50, M|\n|poke|p2|Wo-Chien, L50|\n|poke|p2|Glimmora, L50, M|\n|poke|p2|Klefki, L50, M|\n|poke|p2|Pachirisu, L50, M|\n|teampreview|4\n|inactive|Battle timer is ON: inactive players will automatically lose when time's up. (requested by Rhyfinn19)\n|inactive|Rhyfinn19 has 60 seconds left.\n|\n|t:|1682051920\n|start\n|switch|p1a: A Bad Hair Day|Flutter Mane, L50|100\/100\n|switch|p1b: \u91d1\u9b5a|Chi-Yu, L50|100\/100\n|switch|p2a: Sableye|Sableye, L50, M|100\/100\n|switch|p2b: Wo-Chien|Wo-Chien, L50|100\/100\n|-ability|p1b: \u91d1\u9b5a|Beads of Ruin\n|-ability|p2b: Wo-Chien|Tablets of Ruin\n|-enditem|p1a: A Bad Hair Day|Booster Energy\n|-activate|p1a: A Bad Hair Day|ability: Protosynthesis|[fromitem]\n|-start|p1a: A Bad Hair Day|protosynthesisspa\n|turn|1\n|inactive|maverickya has 30 seconds left.\n|\n|t:|1682051948\n|-terastallize|p2b: Wo-Chien|Fire\n|move|p2a: Sableye|Protect|p2a: Sableye\n|-singleturn|p2a: Sableye|Protect\n|move|p1a: A Bad Hair Day|Dazzling Gleam|p2a: Sableye|[spread] p2b\n|-activate|p2a: Sableye|move: Protect\n|-resisted|p2b: Wo-Chien\n|-damage|p2b: Wo-Chien|80\/100\n|move|p1b: \u91d1\u9b5a|Heat Wave|p2b: Wo-Chien|[spread] p2b\n|-activate|p2a: Sableye|move: Protect\n|-resisted|p2b: Wo-Chien\n|-damage|p2b: Wo-Chien|54\/100\n|-damage|p1b: \u91d1\u9b5a|90\/100|[from] item: Life Orb\n|move|p2b: Wo-Chien|Leech Seed|p1a: A Bad Hair Day|[miss]\n|-miss|p2b: Wo-Chien|p1a: A Bad Hair Day\n|\n|upkeep\n|turn|2\n|\n|t:|1682051969\n|-terastallize|p1a: A Bad Hair Day|Fairy\n|move|p2a: Sableye|Disable|p1a: A Bad Hair Day\n|-start|p1a: A Bad Hair Day|Disable|Dazzling Gleam\n|cant|p1a: A Bad Hair Day|Disable|Dazzling Gleam\n|move|p1b: \u91d1\u9b5a|Dark Pulse|p2b: Wo-Chien\n|-damage|p2b: Wo-Chien|3\/100\n|-damage|p1b: \u91d1\u9b5a|80\/100|[from] item: Life Orb\n|move|p2b: Wo-Chien|Ingrain|p2b: Wo-Chien\n|-start|p2b: Wo-Chien|move: Ingrain\n|\n|-heal|p2b: Wo-Chien|11\/100|[from] Ingrain\n|upkeep\n|turn|3\n|\n|t:|1682051994\n|move|p2b: Wo-Chien|Protect|p2b: Wo-Chien\n|-singleturn|p2b: Wo-Chien|Protect\n|move|p2a: Sableye|Encore|p1a: A Bad Hair Day\n|-start|p1a: A Bad Hair Day|Encore\n|cant|p1a: A Bad Hair Day|Disable|Dazzling Gleam\n|move|p1b: \u91d1\u9b5a|Dark Pulse|p2a: Sableye\n|-enditem|p2a: Sableye|Focus Sash\n|-damage|p2a: Sableye|1\/100\n|-damage|p1b: \u91d1\u9b5a|70\/100|[from] item: Life Orb\n|\n|-heal|p2b: Wo-Chien|19\/100|[from] Ingrain\n|upkeep\n|turn|4\n|\n|t:|1682052015\n|-end|p1a: A Bad Hair Day|Protosynthesis|[silent]\n|switch|p1a: Tweak or Tweet|Murkrow, L50, M|100\/100\n|switch|p2a: Glimmora|Glimmora, L50, M|100\/100\n|move|p1b: \u91d1\u9b5a|Protect|p1b: \u91d1\u9b5a\n|-singleturn|p1b: \u91d1\u9b5a|Protect\n|move|p2b: Wo-Chien|Leech Seed|p1a: Tweak or Tweet|[miss]\n|-miss|p2b: Wo-Chien|p1a: Tweak or Tweet\n|\n|-heal|p2b: Wo-Chien|27\/100|[from] Ingrain\n|upkeep\n|turn|5\n|inactive|Rhyfinn19 has 30 seconds left.\n|inactive|maverickya has 30 seconds left.\n|inactive|Rhyfinn19 has 20 seconds left.\n|inactive|Rhyfinn19 has 15 seconds left.\n|\n|t:|1682052056\n|move|p1b: \u91d1\u9b5a|Dark Pulse|p2b: Wo-Chien\n|-damage|p2b: Wo-Chien|0 fnt\n|faint|p2b: Wo-Chien\n|-damage|p1b: \u91d1\u9b5a|60\/100|[from] item: Life Orb\n|move|p1a: Tweak or Tweet|Icy Wind|p2a: Glimmora\n|-damage|p2a: Glimmora|81\/100\n|-unboost|p2a: Glimmora|spe|1\n|move|p2a: Glimmora|Mortal Spin|p1b: \u91d1\u9b5a|[spread] p1a,p1b\n|-damage|p1a: Tweak or Tweet|95\/100\n|-damage|p1b: \u91d1\u9b5a|53\/100\n|-status|p1a: Tweak or Tweet|psn\n|-status|p1b: \u91d1\u9b5a|psn\n|\n|-heal|p2a: Glimmora|87\/100|[from] item: Black Sludge\n|-damage|p1b: \u91d1\u9b5a|40\/100 psn|[from] psn\n|-damage|p1a: Tweak or Tweet|83\/100 psn|[from] psn\n|upkeep\n|\n|t:|1682052062\n|switch|p2b: Sableye|Sableye, L50, M|1\/100\n|turn|6\n|inactive|Rhyfinn19 has 30 seconds left.\n|inactive|Rhyfinn19 has 20 seconds left.\n|\n|t:|1682052099\n|switch|p2b: Orthworm|Orthworm, L50, M|100\/100\n|move|p2a: Glimmora|Protect|p2a: Glimmora\n|-singleturn|p2a: Glimmora|Protect\n|move|p1b: \u91d1\u9b5a|Dark Pulse|p2a: Glimmora\n|-activate|p2a: Glimmora|move: Protect\n|move|p1a: Tweak or Tweet|Icy Wind|p2b: Orthworm|[spread] p2b\n|-activate|p2a: Glimmora|move: Protect\n|-resisted|p2b: Orthworm\n|-damage|p2b: Orthworm|95\/100\n|-unboost|p2b: Orthworm|spe|1\n|\n|-heal|p2a: Glimmora|93\/100|[from] item: Black Sludge\n|-damage|p1b: \u91d1\u9b5a|28\/100 psn|[from] psn\n|-damage|p1a: Tweak or Tweet|71\/100 psn|[from] psn\n|upkeep\n|turn|7\n|inactive|maverickya has 30 seconds left.\n|inactive|maverickya has 20 seconds left.\n|\n|t:|1682052135\n|move|p1b: \u91d1\u9b5a|Heat Wave|p2a: Glimmora|[spread] p2b\n|-miss|p1b: \u91d1\u9b5a|p2a: Glimmora\n|-supereffective|p2b: Orthworm\n|-damage|p2b: Orthworm|0 fnt\n|faint|p2b: Orthworm\n|-damage|p1b: \u91d1\u9b5a|18\/100 psn|[from] item: Life Orb\n|move|p1a: Tweak or Tweet|Icy Wind|p2a: Glimmora\n|-damage|p2a: Glimmora|74\/100\n|-unboost|p2a: Glimmora|spe|1\n|move|p2a: Glimmora|Iron Defense|p2a: Glimmora\n|-boost|p2a: Glimmora|def|2\n|\n|-heal|p2a: Glimmora|80\/100|[from] item: Black Sludge\n|-damage|p1b: \u91d1\u9b5a|6\/100 psn|[from] psn\n|-damage|p1a: Tweak or Tweet|59\/100 psn|[from] psn\n|upkeep\n|\n|t:|1682052141\n|switch|p2b: Sableye|Sableye, L50, M|1\/100\n|turn|8\n|\n|t:|1682052152\n|switch|p1a: To Mad to Live|Annihilape, L50, M|100\/100\n|move|p2b: Sableye|Mean Look|p1b: \u91d1\u9b5a\n|-hint|Since gen 7, Dark is immune to Prankster moves.\n|-immune|p1b: \u91d1\u9b5a\n|move|p1b: \u91d1\u9b5a|Dark Pulse|p2a: Glimmora\n|-crit|p2a: Glimmora\n|-damage|p2a: Glimmora|0 fnt\n|faint|p2a: Glimmora\n|-damage|p1b: \u91d1\u9b5a|0 fnt|[from] item: Life Orb\n|faint|p1b: \u91d1\u9b5a\n|\n|upkeep\n|-message|maverickya forfeited.\n|\n|win|Rhyfinn19\n|raw|Rhyfinn19's rating: 1066 → 1095<\/strong> (+29 for winning)\n|raw|maverickya's rating: 1049 → 1032<\/strong> (-17 for losing)\n|l|\u2606maverickya\n","uploadtime":1682052164,"views":13,"p1id":"rhyfinn19","p2id":"maverickya","formatid":"gen9vgc2023regulationc","rating":1032,"private":0,"password":""}