{"id":"gen9vgc2023regulationc-1847229318","p1":"LightningPort","p2":"PHMEZENCIO","format":"[Gen 9] VGC 2023 Regulation C","log":"|j|\u2606LightningPort\n|j|\u2606PHMEZENCIO\n|t:|1681929637\n|gametype|doubles\n|player|p1|LightningPort|unknown|1015\n|player|p2|PHMEZENCIO|169|1034\n|teamsize|p1|6\n|teamsize|p2|6\n|gen|9\n|tier|[Gen 9] VGC 2023 Regulation C\n|rated|\n|rule|Species Clause: Limit one of each Pok\u00e9mon\n|rule|Item Clause: Limit one of each item\n|clearpoke\n|poke|p1|Stonjourner, L50, F|\n|poke|p1|Garchomp, L50, F|\n|poke|p1|Flutter Mane, L50|\n|poke|p1|Palafin, L50, F|\n|poke|p1|Amoonguss, L50, F|\n|poke|p1|Tyranitar, L50, F|\n|poke|p2|Chien-Pao, L50|\n|poke|p2|Iron Valiant, L50|\n|poke|p2|Dragapult, L50, M|\n|poke|p2|Luxray, L50, M|\n|poke|p2|Volcarona, L50, F|\n|poke|p2|Iron Bundle, L50|\n|teampreview|4\n|inactive|Battle timer is ON: inactive players will automatically lose when time's up. (requested by LightningPort)\n|inactive|LightningPort has 60 seconds left.\n|inactive|PHMEZENCIO has 60 seconds left.\nPHMEZENCIO rejected open team sheets.\n|inactive|PHMEZENCIO has 30 seconds left.\n|inactive|PHMEZENCIO has 20 seconds left.\n|\n|t:|1681929707\n|start\n|switch|p1a: Garchomp|Garchomp, L50, F|100\/100\n|switch|p1b: Tyranitar|Tyranitar, L50, F|100\/100\n|switch|p2a: Luxray|Luxray, L50, M, shiny|100\/100\n|switch|p2b: Dragapult|Dragapult, L50, M, shiny|100\/100\n|-ability|p2a: Luxray|Intimidate|boost\n|-unboost|p1a: Garchomp|atk|1\n|-unboost|p1b: Tyranitar|atk|1\n|-weather|Sandstorm|[from] ability: Sand Stream|[of] p1b: Tyranitar\n|turn|1\n|inactive|LightningPort has 30 seconds left.\n|\n|t:|1681929741\n|switch|p2a: Chien-Pao|Chien-Pao, L50|100\/100\n|-ability|p2a: Chien-Pao|Sword of Ruin\n|-terastallize|p2b: Dragapult|Dragon\n|move|p2b: Dragapult|Dragon Darts|p1a: Garchomp\n|-supereffective|p1a: Garchomp\n|-damage|p1a: Garchomp|0 fnt\n|-anim|p2b: Dragapult|Dragon Darts|p1b: Tyranitar\n|-damage|p1b: Tyranitar|43\/100\n|faint|p1a: Garchomp\n|move|p1b: Tyranitar|Rock Slide|p2b: Dragapult|[spread] \n|-miss|p1b: Tyranitar|p2a: Chien-Pao\n|-miss|p1b: Tyranitar|p2b: Dragapult\n|\n|-weather|Sandstorm|[upkeep]\n|-damage|p2a: Chien-Pao|95\/100|[from] Sandstorm\n|-damage|p2b: Dragapult|94\/100|[from] Sandstorm\n|upkeep\n|\n|t:|1681929761\n|switch|p1a: Flutter Mane|Flutter Mane, L50|100\/100\n|-enditem|p1a: Flutter Mane|Booster Energy\n|-activate|p1a: Flutter Mane|ability: Protosynthesis|[fromitem]\n|-start|p1a: Flutter Mane|protosynthesisspe\n|turn|2\n|\n|t:|1681929775\n|switch|p2b: Luxray|Luxray, L50, M, shiny|100\/100\n|-ability|p2b: Luxray|Intimidate|boost\n|-unboost|p1a: Flutter Mane|atk|1\n|-unboost|p1b: Tyranitar|atk|1\n|-terastallize|p1a: Flutter Mane|Fairy\n|move|p2a: Chien-Pao|Protect|p2a: Chien-Pao\n|-singleturn|p2a: Chien-Pao|Protect\n|move|p1a: Flutter Mane|Dazzling Gleam|p2a: Chien-Pao|[spread] p2b\n|-activate|p2a: Chien-Pao|move: Protect\n|-damage|p2b: Luxray|59\/100\n|move|p1b: Tyranitar|Rock Slide|p2a: Chien-Pao|[spread] p2b\n|-activate|p2a: Chien-Pao|move: Protect\n|-damage|p2b: Luxray|38\/100\n|\n|-weather|Sandstorm|[upkeep]\n|-damage|p1a: Flutter Mane|94\/100|[from] Sandstorm\n|-damage|p2a: Chien-Pao|89\/100|[from] Sandstorm\n|-damage|p2b: Luxray|32\/100|[from] Sandstorm\n|upkeep\n|turn|3\n|inactive|LightningPort has 30 seconds left.\n|inactive|PHMEZENCIO has 30 seconds left.\n|inactive|PHMEZENCIO has 20 seconds left.\n|\n|t:|1681929814\n|move|p2b: Luxray|Baby-Doll Eyes|p1b: Tyranitar\n|-unboost|p1b: Tyranitar|atk|1\n|move|p1a: Flutter Mane|Dazzling Gleam|p2b: Luxray|[spread] p2a,p2b\n|-supereffective|p2a: Chien-Pao\n|-damage|p2a: Chien-Pao|0 fnt\n|-damage|p2b: Luxray|0 fnt\n|faint|p2a: Chien-Pao\n|faint|p2b: Luxray\n|move|p1b: Tyranitar|Rock Slide|p2: Chien-Pao|[notarget]\n|-fail|p1b: Tyranitar\n|\n|-weather|Sandstorm|[upkeep]\n|-damage|p1a: Flutter Mane|88\/100|[from] Sandstorm\n|upkeep\n|\n|t:|1681929821\n|switch|p2a: Dragapult|Dragapult, L50, M, shiny, tera:Dragon|94\/100\n|switch|p2b: Iron Valiant|Iron Valiant, L50|100\/100\n|turn|4\n|\n|t:|1681929841\n|move|p2b: Iron Valiant|Wide Guard|p2b: Iron Valiant\n|-singleturn|p2b: Iron Valiant|Wide Guard\n|move|p1a: Flutter Mane|Dazzling Gleam|p2b: Iron Valiant|[spread] \n|-activate|p2a: Dragapult|move: Wide Guard\n|-activate|p2b: Iron Valiant|move: Wide Guard\n|move|p2a: Dragapult|Phantom Force||[still]\n|-prepare|p2a: Dragapult|Phantom Force\n|move|p1b: Tyranitar|Rock Slide|p2b: Iron Valiant|[spread] \n|-miss|p1b: Tyranitar|p2a: Dragapult\n|-activate|p2b: Iron Valiant|move: Wide Guard\n|\n|-weather|Sandstorm|[upkeep]\n|-damage|p1a: Flutter Mane|82\/100|[from] Sandstorm\n|-damage|p2a: Dragapult|88\/100|[from] Sandstorm\n|-damage|p2b: Iron Valiant|94\/100|[from] Sandstorm\n|upkeep\n|turn|5\n|inactive|LightningPort has 30 seconds left.\n|\n|t:|1681929870\n|move|p1a: Flutter Mane|Protect|p1a: Flutter Mane\n|-singleturn|p1a: Flutter Mane|Protect\n|move|p2a: Dragapult|Phantom Force|p1a: Flutter Mane|[from]lockedmove\n|-activate|p1a: Flutter Mane|move: Phantom Force|[broken]\n|-damage|p1a: Flutter Mane|0 fnt\n|faint|p1a: Flutter Mane\n|-end|p1a: Flutter Mane|Protosynthesis|[silent]\n|move|p2b: Iron Valiant|Close Combat|p1b: Tyranitar\n|-supereffective|p1b: Tyranitar\n|-damage|p1b: Tyranitar|0 fnt\n|-unboost|p2b: Iron Valiant|def|1\n|-unboost|p2b: Iron Valiant|spd|1\n|faint|p1b: Tyranitar\n|-damage|p2b: Iron Valiant|85\/100|[from] item: Life Orb\n|\n|-weather|none\n|upkeep\n|\n|t:|1681929877\n|switch|p1b: Amoonguss|Amoonguss, L50, F|100\/100\n|turn|6\n|-message|LightningPort forfeited.\n|\n|win|PHMEZENCIO\n|raw|LightningPort's rating: 1015 → 1003<\/strong> (-12 for losing)\n|raw|PHMEZENCIO's rating: 1034 → 1067<\/strong> (+33 for winning)\n|l|\u2606LightningPort\n","uploadtime":1681929889,"views":18,"p1id":"lightningport","p2id":"phmezencio","formatid":"gen9vgc2023regulationc","rating":1003,"private":0,"password":""}