{"id":"gen9vgc2023regulationc-1852864925","p1":"eshe0","p2":"Bardo52","format":"[Gen 9] VGC 2023 Regulation C","log":"|j|\u2606eshe0\n|j|\u2606Bardo52\n|t:|1682612749\n|gametype|doubles\n|player|p1|eshe0|265|\n|player|p2|Bardo52|brycenman|\n|teamsize|p1|6\n|teamsize|p2|6\n|gen|9\n|tier|[Gen 9] VGC 2023 Regulation C\n|rule|Species Clause: Limit one of each Pok\u00e9mon\n|rule|Item Clause: Limit one of each item\n|clearpoke\n|poke|p1|Iron Valiant, L50|\n|poke|p1|Dachsbun, L50, F|\n|poke|p1|Staraptor, L50, F|\n|poke|p1|Pawmot, L50, F|\n|poke|p1|Krokorok, L50, M|\n|poke|p1|Gengar, L50, F|\n|poke|p2|Dondozo, L50, F|\n|poke|p2|Tatsugiri, L50, F|\n|poke|p2|Annihilape, L50, M|\n|poke|p2|Maushold, L50|\n|poke|p2|Iron Moth, L50|\n|poke|p2|Zoroark, L50, M|\n|teampreview|4\n|c|\u2606eshe0|g2\n|j| PorygonTheBot\n|c| PorygonTheBot|I'm here now, the battle can get started!\n|j| judevgc\n|c|\u2606Bardo52|Glhf\n|c|\u2606eshe0|same\n|j| exstraspaceDND\n|\n|t:|1682613009\n|start\n|switch|p1a: Iron Valiant|Iron Valiant, L50|100\/100\n|switch|p1b: Gengar|Gengar, L50, F|100\/100\n|switch|p2a: Maushold|Maushold, L50|100\/100\n|switch|p2b: Annihilape|Annihilape, L50, M|100\/100\n|-enditem|p1a: Iron Valiant|Booster Energy\n|-activate|p1a: Iron Valiant|ability: Quark Drive|[fromitem]\n|-start|p1a: Iron Valiant|quarkdrivespe\n|turn|1\n|c| exstraspaceDND|Glhf you two\n|\n|t:|1682613039\n|move|p2a: Maushold|Follow Me|p2a: Maushold\n|-singleturn|p2a: Maushold|move: Follow Me\n|move|p1a: Iron Valiant|Destiny Bond|p1a: Iron Valiant\n|-singlemove|p1a: Iron Valiant|Destiny Bond\n|move|p1b: Gengar|Destiny Bond|p1b: Gengar\n|-singlemove|p1b: Gengar|Destiny Bond\n|move|p2b: Annihilape|Rage Fist|p1b: Gengar\n|-supereffective|p1b: Gengar\n|-damage|p1b: Gengar|0 fnt\n|-start|p2b: Annihilape|Disable|Rage Fist|[from] ability: Cursed Body|[of] p1b: Gengar\n|faint|p1b: Gengar\n|-activate|p1b: Gengar|move: Destiny Bond\n|faint|p2b: Annihilape\n|\n|upkeep\n|j| JDeezy34\n|c| judevgc|LETS GOOO\n|c| judevgc|lmao\n|c| exstraspaceDND|yoooo\n|c| exstraspaceDND|fucking\n|\n|t:|1682613061\n|switch|p1b: Pawmot|Pawmot, L50, F|100\/100\n|switch|p2b: Tatsugiri|Tatsugiri, L50, F|100\/100\n|turn|2\n|c| exstraspaceDND|gaming\n|c| JDeezy34|aye fuckin yo\n|\n|t:|1682613091\n|move|p1a: Iron Valiant|Icy Wind|p2b: Tatsugiri|[spread] p2a,p2b\n|-damage|p2a: Maushold|83\/100\n|-damage|p2b: Tatsugiri|88\/100\n|-unboost|p2a: Maushold|spe|1\n|-unboost|p2b: Tatsugiri|spe|1\n|move|p1b: Pawmot|Revival Blessing|p1b: Pawmot\n|\n|t:|1682613096\n|-heal|p1: Gengar|50\/100|[from] move: Revival Blessing\n|move|p2b: Tatsugiri|Draco Meteor|p1b: Pawmot\n|-enditem|p1b: Pawmot|Focus Sash\n|-damage|p1b: Pawmot|1\/100\n|-unboost|p2b: Tatsugiri|spa|2\n|move|p2a: Maushold|Super Fang|p1b: Pawmot\n|-damage|p1b: Pawmot|0 fnt\n|faint|p1b: Pawmot\n|\n|upkeep\n|\n|t:|1682613102\n|switch|p1b: Staraptor|Staraptor, L50, F|100\/100\n|turn|3\n|c| JDeezy34|nah thats a crazy tech\n|c| exstraspaceDND|yea fr\n|\n|t:|1682613118\n|switch|p2b: Dondozo|Dondozo, L50, F|100\/100\n|move|p2a: Maushold|Follow Me|p2a: Maushold\n|-singleturn|p2a: Maushold|move: Follow Me\n|move|p1a: Iron Valiant|Moonblast|p2a: Maushold\n|-damage|p2a: Maushold|24\/100\n|-enditem|p2a: Maushold|Sitrus Berry|[eat]\n|-heal|p2a: Maushold|49\/100|[from] item: Sitrus Berry\n|move|p1b: Staraptor|Brave Bird|p2a: Maushold\n|-damage|p2a: Maushold|0 fnt\n|faint|p2a: Maushold\n|-damage|p1b: Staraptor|83\/100|[from] Recoil\n|\n|upkeep\n|\n|t:|1682613134\n|switch|p2a: Tatsugiri|Tatsugiri, L50, F|88\/100\n|-activate|p2a: Tatsugiri|ability: Commander|[of] p2b: Dondozo\n|-boost|p2b: Dondozo|atk|2\n|-boost|p2b: Dondozo|spa|2\n|-boost|p2b: Dondozo|spe|2\n|-boost|p2b: Dondozo|def|2\n|-boost|p2b: Dondozo|spd|2\n|turn|4\n|\n|t:|1682613145\n|-terastallize|p2b: Dondozo|Flying\n|move|p1b: Staraptor|Protect|p1b: Staraptor\n|-singleturn|p1b: Staraptor|Protect\n|move|p1a: Iron Valiant|Icy Wind|p2a: Tatsugiri|[spread] p2b\n|-miss|p1a: Iron Valiant|p2a: Tatsugiri\n|-supereffective|p2b: Dondozo\n|-damage|p2b: Dondozo|85\/100\n|-unboost|p2b: Dondozo|spe|1\n|move|p2b: Dondozo|Tera Blast|p1a: Iron Valiant\n|-supereffective|p1a: Iron Valiant\n|-damage|p1a: Iron Valiant|0 fnt\n|faint|p1a: Iron Valiant\n|-end|p1a: Iron Valiant|Quark Drive|[silent]\n|\n|-heal|p2b: Dondozo|91\/100|[from] item: Leftovers\n|upkeep\n|\n|t:|1682613147\n|switch|p1a: Gengar|Gengar, L50, F|50\/100\n|turn|5\n|\n|t:|1682613167\n|-terastallize|p1b: Staraptor|Flying\n|move|p1a: Gengar|Haze|p1a: Gengar\n|-clearallboost\n|move|p1b: Staraptor|Brave Bird|p2b: Dondozo\n|-damage|p2b: Dondozo|27\/100\n|-damage|p1b: Staraptor|54\/100|[from] Recoil\n|move|p2b: Dondozo|Wave Crash|p1b: Staraptor\n|-damage|p1b: Staraptor|0 fnt\n|faint|p1b: Staraptor\n|-damage|p2b: Dondozo|14\/100|[from] Recoil\n|\n|-heal|p1a: Gengar|56\/100|[from] item: Leftovers\n|-heal|p2b: Dondozo|20\/100|[from] item: Leftovers\n|upkeep\n|turn|6\n|\n|t:|1682613186\n|move|p2b: Dondozo|Protect|p2b: Dondozo\n|-singleturn|p2b: Dondozo|Protect\n|move|p1a: Gengar|Hex|p2b: Dondozo\n|-activate|p2b: Dondozo|move: Protect\n|\n|-heal|p1a: Gengar|62\/100|[from] item: Leftovers\n|-heal|p2b: Dondozo|26\/100|[from] item: Leftovers\n|upkeep\n|turn|7\n|\n|t:|1682613211\n|move|p1a: Gengar|Hex|p2b: Dondozo\n|-damage|p2b: Dondozo|0 fnt\n|faint|p2b: Dondozo\n|\n|-heal|p1a: Gengar|68\/100|[from] item: Leftovers\n|upkeep\n|turn|8\n|\n|t:|1682613220\n|move|p2a: Tatsugiri|Draco Meteor|p1a: Gengar\n|-damage|p1a: Gengar|0 fnt\n|-unboost|p2a: Tatsugiri|spa|2\n|-start|p2a: Tatsugiri|Disable|Draco Meteor|[from] ability: Cursed Body|[of] p1a: Gengar\n|faint|p1a: Gengar\n|\n|win|Bardo52\n","uploadtime":1682613223,"views":10,"p1id":"eshe0","p2id":"bardo52","formatid":"gen9vgc2023regulationc","rating":0,"private":0,"password":null}