{"id":"gen9vgc2023regulationc-1855159940","p1":"As-fly-as-sly","p2":"BigStall2.0","format":"[Gen 9] VGC 2023 Regulation C","log":"|j|\u2606As-fly-as-sly\n|j|\u2606BigStall2.0\n|t:|1682908655\n|gametype|doubles\n|player|p1|As-fly-as-sly|palmer|\n|player|p2|BigStall2.0|grimsley-masters|\n|teamsize|p1|6\n|teamsize|p2|6\n|gen|9\n|tier|[Gen 9] VGC 2023 Regulation C\n|rule|Species Clause: Limit one of each Pok\u00e9mon\n|rule|Item Clause: Limit one of each item\n|clearpoke\n|poke|p1|Kilowattrel, L50, M|\n|poke|p1|Garchomp, L50, M|\n|poke|p1|Orthworm, L50, M|\n|poke|p1|Maushold, L50|\n|poke|p1|Annihilape, L50, M|\n|poke|p1|Gastrodon, L50, M|\n|poke|p2|Bronzong, L50|\n|poke|p2|Murkrow, L50, F|\n|poke|p2|Chi-Yu, L50|\n|poke|p2|Iron Valiant, L50|\n|poke|p2|Ampharos, L50, F|\n|poke|p2|Garchomp, L50, M|\n|teampreview|4\n|c|\u2606As-fly-as-sly|g1\n|c|\u2606BigStall2.0|Glhf\nAs-fly-as-sly rejected open team sheets.\n|j| Hiiya Papaya\n|c|\u2606As-fly-as-sly|hf\n|\n|t:|1682908791\n|start\n|switch|p1a: Kilowattrel|Kilowattrel, L50, M|100\/100\n|switch|p1b: Garchomp|Garchomp, L50, M|100\/100\n|switch|p2a: Murkrow|Murkrow, L50, F|100\/100\n|switch|p2b: Bronzong|Bronzong, L50|100\/100\n|turn|1\n|\n|t:|1682908824\n|move|p2a: Murkrow|Quash|p1a: Kilowattrel\n|-activate|p1a: Kilowattrel|move: Quash\n|move|p1b: Garchomp|Fire Fang|p2b: Bronzong\n|-supereffective|p2b: Bronzong\n|-damage|p2b: Bronzong|33\/100\n|-damage|p1b: Garchomp|91\/100|[from] item: Life Orb\n|move|p2b: Bronzong|Rock Blast|p1a: Kilowattrel\n|-supereffective|p1a: Kilowattrel\n|-damage|p1a: Kilowattrel|73\/100\n|-supereffective|p1a: Kilowattrel\n|-damage|p1a: Kilowattrel|49\/100\n|-supereffective|p1a: Kilowattrel\n|-damage|p1a: Kilowattrel|20\/100\n|-supereffective|p1a: Kilowattrel\n|-damage|p1a: Kilowattrel|0 fnt\n|faint|p1a: Kilowattrel\n|-hitcount|p1: Kilowattrel|4\n|\n|upkeep\n|\n|t:|1682908834\n|switch|p1a: Gastrodon|Gastrodon, L50, M|100\/100\n|turn|2\n|\n|t:|1682908854\n|move|p2a: Murkrow|Tailwind|p2a: Murkrow\n|-sidestart|p2: BigStall2.0|move: Tailwind\n|move|p2b: Bronzong|Ice Spinner|p1b: Garchomp\n|-supereffective|p1b: Garchomp\n|-damage|p1b: Garchomp|0 fnt\n|-damage|p2b: Bronzong|21\/100|[from] ability: Rough Skin|[of] p1b: Garchomp\n|faint|p1b: Garchomp\n|move|p1a: Gastrodon|Stockpile|p1a: Gastrodon\n|-start|p1a: Gastrodon|stockpile1\n|-boost|p1a: Gastrodon|def|1\n|-boost|p1a: Gastrodon|spd|1\n|\n|upkeep\n|\n|t:|1682908859\n|switch|p1b: Orthworm|Orthworm, L50, M|100\/100\n|turn|3\n|\n|t:|1682908876\n|-terastallize|p2a: Murkrow|Fighting\n|move|p2a: Murkrow|Tera Blast|p1b: Orthworm\n|-supereffective|p1b: Orthworm\n|-damage|p1b: Orthworm|43\/100\n|-damage|p2a: Murkrow|91\/100|[from] item: Life Orb\n|move|p2b: Bronzong|Body Press|p1b: Orthworm\n|-supereffective|p1b: Orthworm\n|-damage|p1b: Orthworm|14\/100\n|move|p1b: Orthworm|Iron Defense|p1b: Orthworm\n|-boost|p1b: Orthworm|def|2\n|move|p1a: Gastrodon|Muddy Water|p2b: Bronzong|[spread] p2a,p2b\n|-damage|p2a: Murkrow|34\/100\n|-damage|p2b: Bronzong|0 fnt\n|faint|p2b: Bronzong\n|\n|-heal|p1b: Orthworm|20\/100|[from] item: Leftovers\n|upkeep\n|\n|t:|1682908890\n|switch|p2b: Iron Valiant|Iron Valiant, L50|100\/100\n|-enditem|p2b: Iron Valiant|Booster Energy\n|-activate|p2b: Iron Valiant|ability: Quark Drive|[fromitem]\n|-start|p2b: Iron Valiant|quarkdrivespe\n|turn|4\n|\n|t:|1682908910\n|-terastallize|p1a: Gastrodon|Flying\n|move|p1b: Orthworm|Protect|p1b: Orthworm\n|-singleturn|p1b: Orthworm|Protect\n|move|p2b: Iron Valiant|Moonblast|p1a: Gastrodon\n|-damage|p1a: Gastrodon|81\/100\n|move|p2a: Murkrow|Tera Blast|p1b: Orthworm\n|-activate|p1b: Orthworm|move: Protect\n|move|p1a: Gastrodon|Muddy Water|p2b: Iron Valiant|[spread] p2a,p2b\n|-damage|p2a: Murkrow|0 fnt\n|-damage|p2b: Iron Valiant|54\/100\n|-unboost|p2b: Iron Valiant|accuracy|1\n|faint|p2a: Murkrow\n|\n|-heal|p1b: Orthworm|26\/100|[from] item: Leftovers\n|upkeep\n|\n|t:|1682908919\n|switch|p2a: Chi-Yu|Chi-Yu, L50|100\/100\n|-ability|p2a: Chi-Yu|Beads of Ruin\n|turn|5\n|\n|t:|1682908931\n|move|p2b: Iron Valiant|Moonblast|p1a: Gastrodon\n|-damage|p1a: Gastrodon|55\/100\n|move|p2a: Chi-Yu|Heat Wave|p1a: Gastrodon|[spread] p1b\n|-miss|p2a: Chi-Yu|p1a: Gastrodon\n|-supereffective|p1b: Orthworm\n|-damage|p1b: Orthworm|0 fnt\n|faint|p1b: Orthworm\n|move|p1a: Gastrodon|Muddy Water|p2b: Iron Valiant|[spread] p2a,p2b\n|-supereffective|p2a: Chi-Yu\n|-damage|p2a: Chi-Yu|50\/100\n|-damage|p2b: Iron Valiant|0 fnt\n|faint|p2b: Iron Valiant\n|-end|p2b: Iron Valiant|Quark Drive|[silent]\n|\n|-sideend|p2: BigStall2.0|move: Tailwind\n|upkeep\n|turn|6\n|\n|t:|1682908940\n|move|p2a: Chi-Yu|Heat Wave|p1a: Gastrodon\n|-damage|p1a: Gastrodon|24\/100\n|move|p1a: Gastrodon|Muddy Water|p2a: Chi-Yu|[miss]\n|-miss|p1a: Gastrodon|p2a: Chi-Yu\n|\n|upkeep\n|turn|7\n|c| Hiiya Papaya|lol\n|\n|t:|1682908946\n|move|p2a: Chi-Yu|Heat Wave|p1a: Gastrodon\n|-damage|p1a: Gastrodon|0 fnt\n|faint|p1a: Gastrodon\n|\n|win|BigStall2.0\n|c|\u2606BigStall2.0|Gg\n|c|\u2606As-fly-as-sly|gg\n|l| Hiiya Papaya\n","uploadtime":1682909175,"views":24,"p1id":"asflyassly","p2id":"bigstall20","formatid":"gen9vgc2023regulationc","rating":0,"private":0,"password":""}