{"id":"gen9vgc2023regulationc-1861716576","p1":"CthulhuSama88","p2":"PixelDupe1","format":"[Gen 9] VGC 2023 Regulation C","log":"|j|\u2606CthulhuSama88\n|j|\u2606PixelDupe1\n|t:|1683799170\n|gametype|doubles\n|player|p1|CthulhuSama88|169|1213\n|player|p2|PixelDupe1|palmer|1260\n|teamsize|p1|6\n|teamsize|p2|6\n|gen|9\n|tier|[Gen 9] VGC 2023 Regulation C\n|rated|\n|rule|Species Clause: Limit one of each Pok\u00e9mon\n|rule|Item Clause: Limit one of each item\n|clearpoke\n|poke|p1|Kingambit, L50, M|\n|poke|p1|Torkoal, L50, F|\n|poke|p1|Flutter Mane, L50|\n|poke|p1|Jumpluff, L50, M|\n|poke|p1|Great Tusk, L50|\n|poke|p1|Chien-Pao, L50|\n|poke|p2|Iron Hands, L50|\n|poke|p2|Oranguru, L50, M|\n|poke|p2|Abomasnow, L50, F|\n|poke|p2|Iron Bundle, L50|\n|poke|p2|Flutter Mane, L50|\n|poke|p2|Garganacl, L50, M|\n|teampreview|4\nPixelDupe1 has agreed to open team sheets.\n|inactive|Battle timer is ON: inactive players will automatically lose when time's up. (requested by CthulhuSama88)\n|\n|t:|1683799200\n|start\n|switch|p1a: Torkoal|Torkoal, L50, F|100\/100\n|switch|p1b: Jumpluff|Jumpluff, L50, M|100\/100\n|switch|p2a: Flutter Mane|Flutter Mane, L50|100\/100\n|switch|p2b: Garganacl|Garganacl, L50, M|100\/100\n|-weather|SunnyDay|[from] ability: Drought|[of] p1a: Torkoal\n|-activate|p2a: Flutter Mane|ability: Protosynthesis\n|-start|p2a: Flutter Mane|protosynthesisspa\n|turn|1\n|inactive|CthulhuSama88 has 30 seconds left.\n|\n|t:|1683799232\n|-terastallize|p1b: Jumpluff|Water\n|move|p2a: Flutter Mane|Protect|p2a: Flutter Mane\n|-singleturn|p2a: Flutter Mane|Protect\n|move|p1b: Jumpluff|Sleep Powder|p2a: Flutter Mane\n|-activate|p2a: Flutter Mane|move: Protect\n|move|p2b: Garganacl|Salt Cure|p1b: Jumpluff\n|-damage|p1b: Jumpluff|81\/100\n|move|p1a: Torkoal|Fissure|p2b: Garganacl|[miss]\n|-miss|p1a: Torkoal|p2b: Garganacl\n|\n|-weather|SunnyDay|[upkeep]\n|upkeep\n|turn|2\n|\n|t:|1683799255\n|-end|p2a: Flutter Mane|Protosynthesis|[silent]\n|switch|p2a: Abomasnow|Abomasnow, L50, F|100\/100\n|-weather|Snow|[from] ability: Snow Warning|[of] p2a: Abomasnow\n|move|p1b: Jumpluff|Sleep Powder|p2a: Abomasnow\n|-immune|p2a: Abomasnow\n|move|p2b: Garganacl|Salt Cure|p1a: Torkoal\n|-supereffective|p1a: Torkoal\n|-damage|p1a: Torkoal|82\/100\n|-start|p1a: Torkoal|Salt Cure\n|move|p1a: Torkoal|Fissure|p2b: Garganacl|[miss]\n|-miss|p1a: Torkoal|p2b: Garganacl\n|\n|-weather|Snow|[upkeep]\n|-damage|p1a: Torkoal|70\/100|[from] Salt Cure\n|upkeep\n|turn|3\n|\n|t:|1683799277\n|switch|p1b: Flutter Mane|Flutter Mane, L50|100\/100\n|move|p2b: Garganacl|Helping Hand|p2a: Abomasnow\n|-singleturn|p2a: Abomasnow|Helping Hand|[of] p2b: Garganacl\n|move|p2a: Abomasnow|Earth Power|p1a: Torkoal\n|-supereffective|p1a: Torkoal\n|-damage|p1a: Torkoal|0 fnt\n|faint|p1a: Torkoal\n|\n|-weather|Snow|[upkeep]\n|upkeep\n|\n|t:|1683799289\n|switch|p1a: Jumpluff|Jumpluff, L50, M, tera:Water|81\/100\n|turn|4\n|\n|t:|1683799300\n|move|p1b: Flutter Mane|Dazzling Gleam|p2a: Abomasnow|[spread] p2a,p2b\n|-damage|p2a: Abomasnow|60\/100\n|-damage|p2b: Garganacl|67\/100\n|move|p1a: Jumpluff|Tailwind|p1a: Jumpluff\n|-sidestart|p1: CthulhuSama88|move: Tailwind\n|move|p2a: Abomasnow|Giga Drain|p1a: Jumpluff\n|-supereffective|p1a: Jumpluff\n|-damage|p1a: Jumpluff|12\/100\n|-heal|p2a: Abomasnow|92\/100|[from] drain|[of] p1a: Jumpluff\n|move|p2b: Garganacl|Salt Cure|p1b: Flutter Mane\n|-damage|p1b: Flutter Mane|70\/100\n|-start|p1b: Flutter Mane|Salt Cure\n|\n|-weather|Snow|[upkeep]\n|-heal|p2b: Garganacl|73\/100|[from] item: Leftovers\n|-damage|p1b: Flutter Mane|58\/100|[from] Salt Cure\n|upkeep\n|turn|5\n|\n|t:|1683799318\n|move|p2a: Abomasnow|Protect|p2a: Abomasnow\n|-singleturn|p2a: Abomasnow|Protect\n|move|p1b: Flutter Mane|Dazzling Gleam|p2a: Abomasnow|[spread] p2b\n|-activate|p2a: Abomasnow|move: Protect\n|-crit|p2b: Garganacl\n|-damage|p2b: Garganacl|27\/100\n|move|p1a: Jumpluff|Leaf Storm|p2b: Garganacl\n|-supereffective|p2b: Garganacl\n|-damage|p2b: Garganacl|0 fnt\n|-unboost|p1a: Jumpluff|spa|2\n|faint|p2b: Garganacl\n|\n|-weather|Snow|[upkeep]\n|-damage|p1b: Flutter Mane|46\/100|[from] Salt Cure\n|upkeep\n|\n|t:|1683799335\n|switch|p2b: Bell|Oranguru, L50, M|100\/100\n|turn|6\n|\n|t:|1683799344\n|move|p1b: Flutter Mane|Dazzling Gleam|p2a: Abomasnow|[spread] p2a,p2b\n|-damage|p2a: Abomasnow|50\/100\n|-damage|p2b: Bell|63\/100\n|move|p1a: Jumpluff|Sleep Powder|p2b: Bell\n|-status|p2b: Bell|slp|[from] move: Sleep Powder\n|move|p2a: Abomasnow|Blizzard|p1b: Flutter Mane|[spread] p1a,p1b\n|-resisted|p1a: Jumpluff\n|-damage|p1a: Jumpluff|0 fnt\n|-damage|p1b: Flutter Mane|13\/100\n|faint|p1a: Jumpluff\n|cant|p2b: Bell|slp\n|\n|-weather|none\n|-damage|p1b: Flutter Mane|0 fnt|[from] Salt Cure\n|faint|p1b: Flutter Mane\n|-end|p1b: Flutter Mane|Protosynthesis|[silent]\n|upkeep\n|\n|t:|1683799365\n|switch|p1b: Great Tusk|Great Tusk, L50|100\/100\n|turn|7\n|\n|t:|1683799387\n|move|p2a: Abomasnow|Protect|p2a: Abomasnow\n|-singleturn|p2a: Abomasnow|Protect\n|move|p1b: Great Tusk|Rock Slide|p2b: Bell|[spread] p2b\n|-activate|p2a: Abomasnow|move: Protect\n|-damage|p2b: Bell|46\/100 slp\n|-enditem|p2b: Bell|Sitrus Berry|[eat]\n|-heal|p2b: Bell|71\/100 slp|[from] item: Sitrus Berry\n|cant|p2b: Bell|slp\n|\n|-sideend|p1: CthulhuSama88|move: Tailwind\n|upkeep\n|turn|8\n|\n|t:|1683799402\n|-terastallize|p2a: Abomasnow|Water\n|move|p1b: Great Tusk|Rock Slide|p2a: Abomasnow|[spread] p2a,p2b\n|-damage|p2a: Abomasnow|30\/100\n|-damage|p2b: Bell|54\/100 slp\n|cant|p2b: Bell|slp\n|move|p2a: Abomasnow|Giga Drain|p1b: Great Tusk\n|-supereffective|p1b: Great Tusk\n|-damage|p1b: Great Tusk|0 fnt\n|-heal|p2a: Abomasnow|79\/100|[from] drain|[of] p1b: Great Tusk\n|faint|p1b: Great Tusk\n|-end|p1b: Great Tusk|Protosynthesis|[silent]\n|\n|win|PixelDupe1\n|raw|CthulhuSama88's rating: 1213 → 1191<\/strong> (-22 for losing)\n|raw|PixelDupe1's rating: 1260 → 1282<\/strong> (+22 for winning)\n","uploadtime":1683799414,"views":18,"p1id":"cthulhusama88","p2id":"pixeldupe1","formatid":"gen9vgc2023regulationc","rating":1191,"private":0,"password":""}