{"id":"gen9vgc2023regulationc-1847291952","p1":"yokai19","p2":"Benjaturtle","format":"[Gen 9] VGC 2023 Regulation C","log":"|j|\u2606yokai19\n|j|\u2606Benjaturtle\n|t:|1681935338\n|gametype|doubles\n|player|p1|yokai19|169|1126\n|player|p2|Benjaturtle|infielder|1084\n|teamsize|p1|6\n|teamsize|p2|6\n|gen|9\n|tier|[Gen 9] VGC 2023 Regulation C\n|rated|\n|rule|Species Clause: Limit one of each Pok\u00e9mon\n|rule|Item Clause: Limit one of each item\n|clearpoke\n|poke|p1|Flutter Mane, L50|\n|poke|p1|Arcanine, L50, M|\n|poke|p1|Palafin, L50, F|\n|poke|p1|Amoonguss, L50, M|\n|poke|p1|Ting-Lu, L50|\n|poke|p1|Scizor, L50, M|\n|poke|p2|Chi-Yu, L50|\n|poke|p2|Goodra, L50, F|\n|poke|p2|Pelipper, L50, M|\n|poke|p2|Amoonguss, L50, F|\n|poke|p2|Farigiraf, L50, F|\n|poke|p2|Scizor, L50, M|\n|teampreview|4\n|inactive|Battle timer is ON: inactive players will automatically lose when time's up. (requested by Benjaturtle)\n|inactive|yokai19 has 60 seconds left.\n|\n|t:|1681935426\n|start\n|switch|p1a: Palafin|Palafin, L50, F|100\/100\n|switch|p1b: Arcanine|Arcanine, L50, M|100\/100\n|switch|p2a: Pelipper|Pelipper, L50, M|100\/100\n|switch|p2b: Goodra|Goodra, L50, F|100\/100\n|-ability|p1b: Arcanine|Intimidate|boost\n|-unboost|p2a: Pelipper|atk|1\n|-unboost|p2b: Goodra|atk|1\n|-weather|RainDance|[from] ability: Drizzle|[of] p2a: Pelipper\n|turn|1\n|inactive|yokai19 has 30 seconds left.\n|inactive|Benjaturtle has 30 seconds left.\n|inactive|yokai19 has 20 seconds left.\n|inactive|Benjaturtle has 20 seconds left.\n|\n|t:|1681935464\n|-terastallize|p2b: Goodra|Water\n|move|p1b: Arcanine|Protect|p1b: Arcanine\n|-singleturn|p1b: Arcanine|Protect\n|move|p1a: Palafin|Wave Crash|p2a: Pelipper\n|-resisted|p2a: Pelipper\n|-damage|p2a: Pelipper|48\/100\n|-damage|p1a: Palafin|88\/100|[from] Recoil\n|move|p2a: Pelipper|Hurricane|p1a: Palafin\n|-damage|p1a: Palafin|3\/100\n|-damage|p2a: Pelipper|39\/100|[from] item: Life Orb\n|move|p2b: Goodra|Muddy Water|p1a: Palafin|[spread] p1a\n|-activate|p1b: Arcanine|move: Protect\n|-resisted|p1a: Palafin\n|-damage|p1a: Palafin|0 fnt\n|faint|p1a: Palafin\n|\n|-weather|RainDance|[upkeep]\n|upkeep\n|inactive|yokai19 has 30 seconds left.\n|\n|t:|1681935494\n|switch|p1a: Ting-Lu|Ting-Lu, L50|100\/100\n|-ability|p1a: Ting-Lu|Vessel of Ruin\n|turn|2\n|inactive|yokai19 has 30 seconds left.\n|inactive|yokai19 has 20 seconds left.\n|inactive|yokai19 has 15 seconds left.\n|\n|t:|1681935536\n|-terastallize|p1a: Ting-Lu|Grass\n|move|p1b: Arcanine|Howl|p1b: Arcanine|[spread] p1a,p1b\n|-boost|p1a: Ting-Lu|atk|1\n|-boost|p1b: Arcanine|atk|1\n|move|p2a: Pelipper|Hydro Pump|p1a: Ting-Lu|[miss]\n|-miss|p2a: Pelipper|p1a: Ting-Lu\n|move|p2b: Goodra|Muddy Water|p1b: Arcanine|[spread] p1a,p1b\n|-resisted|p1a: Ting-Lu\n|-supereffective|p1b: Arcanine\n|-damage|p1a: Ting-Lu|89\/100\n|-damage|p1b: Arcanine|3\/100\n|-unboost|p1b: Arcanine|accuracy|1\n|move|p1a: Ting-Lu|Heavy Slam|p2a: Pelipper\n|-resisted|p2a: Pelipper\n|-damage|p2a: Pelipper|12\/100\n|\n|-weather|RainDance|[upkeep]\n|upkeep\n|turn|3\n|inactive|yokai19 has 30 seconds left.\n|inactive|Benjaturtle has 30 seconds left.\n|\n|t:|1681935569\n|move|p1b: Arcanine|Howl|p1b: Arcanine|[spread] p1a,p1b\n|-boost|p1a: Ting-Lu|atk|1\n|-boost|p1b: Arcanine|atk|1\n|move|p2a: Pelipper|Hurricane|p1a: Ting-Lu\n|-supereffective|p1a: Ting-Lu\n|-damage|p1a: Ting-Lu|47\/100\n|-damage|p2a: Pelipper|3\/100|[from] item: Life Orb\n|move|p2b: Goodra|Draco Meteor|p1a: Ting-Lu\n|-damage|p1a: Ting-Lu|24\/100\n|-unboost|p2b: Goodra|spa|2\n|move|p1a: Ting-Lu|Heavy Slam|p2a: Pelipper\n|-resisted|p2a: Pelipper\n|-damage|p2a: Pelipper|0 fnt\n|faint|p2a: Pelipper\n|\n|-weather|RainDance|[upkeep]\n|upkeep\n|inactive|Benjaturtle has 30 seconds left.\n|inactive|Benjaturtle has 20 seconds left.\n|inactive|Benjaturtle has 15 seconds left.\n|\n|t:|1681935611\n|switch|p2a: Scizor|Scizor, L50, M|100\/100\n|turn|4\n|inactive|yokai19 has 30 seconds left.\n|inactive|yokai19 has 20 seconds left.\n|inactive|yokai19 has 15 seconds left.\n|inactive|yokai19 has 10 seconds left.\n|inactive|yokai19 has 5 seconds left.\n|\n|t:|1681935663\n|move|p1b: Arcanine|Will-O-Wisp|p2a: Scizor\n|-status|p2a: Scizor|brn\n|move|p2b: Goodra|Muddy Water|p1b: Arcanine|[spread] p1a,p1b\n|-resisted|p1a: Ting-Lu\n|-supereffective|p1b: Arcanine\n|-damage|p1a: Ting-Lu|19\/100\n|-damage|p1b: Arcanine|0 fnt\n|faint|p1b: Arcanine\n|move|p1a: Ting-Lu|Stomping Tantrum|p2a: Scizor\n|-damage|p2a: Scizor|42\/100 brn\n|move|p2a: Scizor|Close Combat|p1a: Ting-Lu\n|-damage|p1a: Ting-Lu|7\/100\n|-unboost|p2a: Scizor|def|1\n|-unboost|p2a: Scizor|spd|1\n|\n|-weather|RainDance|[upkeep]\n|-damage|p2a: Scizor|36\/100 brn|[from] brn\n|upkeep\n|\n|t:|1681935677\n|switch|p1b: Scizor|Scizor, L50, M|100\/100\n|turn|5\n|inactive|yokai19 has 30 seconds left.\n|inactive|Benjaturtle has 30 seconds left.\n|\n|t:|1681935710\n|move|p1b: Scizor|Protect|p1b: Scizor\n|-singleturn|p1b: Scizor|Protect\n|move|p2b: Goodra|Muddy Water|p1b: Scizor|[spread] p1a\n|-activate|p1b: Scizor|move: Protect\n|-resisted|p1a: Ting-Lu\n|-damage|p1a: Ting-Lu|1\/100\n|move|p1a: Ting-Lu|Ruination|p2b: Goodra\n|-damage|p2b: Goodra|50\/100\n|move|p2a: Scizor|Close Combat|p1b: Scizor\n|-activate|p1b: Scizor|move: Protect\n|\n|-weather|none\n|-damage|p2a: Scizor|30\/100 brn|[from] brn\n|upkeep\n|turn|6\n|inactive|yokai19 has 30 seconds left.\n|inactive|Benjaturtle has 30 seconds left.\n|inactive|yokai19 has 20 seconds left.\n|inactive|yokai19 has 15 seconds left.\n|inactive|yokai19 has 10 seconds left.\n|\n|t:|1681935760\n|move|p2b: Goodra|Muddy Water|p1a: Ting-Lu|[spread] p1a,p1b\n|-resisted|p1a: Ting-Lu\n|-damage|p1a: Ting-Lu|0 fnt\n|-damage|p1b: Scizor|82\/100\n|-unboost|p1b: Scizor|accuracy|1\n|faint|p1a: Ting-Lu\n|move|p1b: Scizor|U-turn|p2b: Goodra\n|-damage|p2b: Goodra|6\/100\n|move|p2a: Scizor|Close Combat|p1b: Scizor\n|-damage|p1b: Scizor|57\/100\n|-unboost|p2a: Scizor|def|1\n|-unboost|p2a: Scizor|spd|1\n|\n|-damage|p2a: Scizor|24\/100 brn|[from] brn\n|upkeep\n|turn|7\n|inactive|Benjaturtle has 30 seconds left.\n|inactive|Benjaturtle has 20 seconds left.\n|\n|t:|1681935796\n|move|p1b: Scizor|Bullet Punch|p2b: Goodra|[miss]\n|-miss|p1b: Scizor|p2b: Goodra\n|move|p2b: Goodra|Draco Meteor|p1b: Scizor|[miss]\n|-miss|p2b: Goodra|p1b: Scizor\n|move|p2a: Scizor|Close Combat|p1b: Scizor\n|-damage|p1b: Scizor|34\/100\n|-unboost|p2a: Scizor|def|1\n|-unboost|p2a: Scizor|spd|1\n|-enditem|p1b: Scizor|Sitrus Berry|[eat]\n|-heal|p1b: Scizor|59\/100|[from] item: Sitrus Berry\n|\n|-damage|p2a: Scizor|17\/100 brn|[from] brn\n|upkeep\n|turn|8\n|inactive|yokai19 has 30 seconds left.\n|inactive|Benjaturtle has 30 seconds left.\n|\n|t:|1681935827\n|move|p1b: Scizor|Protect|p1b: Scizor\n|-singleturn|p1b: Scizor|Protect\n|move|p2b: Goodra|Draco Meteor|p1b: Scizor\n|-activate|p1b: Scizor|move: Protect\n|move|p2a: Scizor|Close Combat|p1b: Scizor\n|-activate|p1b: Scizor|move: Protect\n|\n|-damage|p2a: Scizor|11\/100 brn|[from] brn\n|upkeep\n|turn|9\n|inactive|Benjaturtle has 30 seconds left.\n|\n|t:|1681935856\n|move|p1b: Scizor|Bullet Punch|p2a: Scizor\n|-resisted|p2a: Scizor\n|-damage|p2a: Scizor|0 fnt\n|faint|p2a: Scizor\n|move|p2b: Goodra|Draco Meteor|p1b: Scizor\n|-resisted|p1b: Scizor\n|-damage|p1b: Scizor|39\/100\n|-unboost|p2b: Goodra|spa|2\n|\n|upkeep\n|\n|t:|1681935864\n|switch|p2a: Chi-Yu|Chi-Yu, L50|100\/100\n|-ability|p2a: Chi-Yu|Beads of Ruin\n|turn|10\n|\n|t:|1681935877\n|move|p2a: Chi-Yu|Heat Wave|p1b: Scizor\n|-supereffective|p1b: Scizor\n|-damage|p1b: Scizor|0 fnt\n|faint|p1b: Scizor\n|\n|win|Benjaturtle\n|raw|yokai19's rating: 1126 → 1098<\/strong> (-28 for losing)\n|raw|Benjaturtle's rating: 1084 → 1115<\/strong> (+31 for winning)\n","uploadtime":1681935884,"views":6,"p1id":"yokai19","p2id":"benjaturtle","formatid":"gen9vgc2023regulationc","rating":1098,"private":0,"password":""}