{"id":"gen9vgc2023regulationc-1853432351","p1":"fmvtis","p2":"Charlisito","format":"[Gen 9] VGC 2023 Regulation C","log":"|j|\u2606fmvtis\n|j|\u2606Charlisito\n|t:|1682684462\n|gametype|doubles\n|player|p1|fmvtis|101|1125\n|player|p2|Charlisito|170|1164\n|teamsize|p1|6\n|teamsize|p2|6\n|gen|9\n|tier|[Gen 9] VGC 2023 Regulation C\n|rated|\n|rule|Species Clause: Limit one of each Pok\u00e9mon\n|rule|Item Clause: Limit one of each item\n|clearpoke\n|poke|p1|Iron Bundle, L50|\n|poke|p1|Arcanine, L50, M|\n|poke|p1|Ting-Lu, L50|\n|poke|p1|Flutter Mane, L50|\n|poke|p1|Chi-Yu, L50|\n|poke|p1|Amoonguss, L50, F|\n|poke|p2|Palafin, L50, M|\n|poke|p2|Arcanine, L50, M|\n|poke|p2|Amoonguss, L50, M|\n|poke|p2|Flutter Mane, L50|\n|poke|p2|Ting-Lu, L50|\n|poke|p2|Slither Wing, L50|\n|teampreview|4\n|inactive|Battle timer is ON: inactive players will automatically lose when time's up. (requested by fmvtis)\n|\n|t:|1682684503\n|start\n|switch|p1a: Iron Bundle|Iron Bundle, L50|100\/100\n|switch|p1b: Chi-Yu|Chi-Yu, L50|100\/100\n|switch|p2a: Amoonguss|Amoonguss, L50, M|100\/100\n|switch|p2b: Palafin|Palafin, L50, M|100\/100\n|-ability|p1b: Chi-Yu|Beads of Ruin\n|-enditem|p1a: Iron Bundle|Booster Energy\n|-activate|p1a: Iron Bundle|ability: Quark Drive|[fromitem]\n|-start|p1a: Iron Bundle|quarkdrivespe\n|turn|1\n|\n|t:|1682684527\n|detailschange|p2b: Palafin|Palafin-Hero, L50, M\n|switch|p2b: Arcanine|Arcanine, L50, M|100\/100\n|-ability|p2b: Arcanine|Intimidate|boost\n|-unboost|p1a: Iron Bundle|atk|1\n|-unboost|p1b: Chi-Yu|atk|1\n|-terastallize|p2a: Amoonguss|Water\n|move|p1a: Iron Bundle|Freeze-Dry|p2b: Arcanine\n|-resisted|p2b: Arcanine\n|-damage|p2b: Arcanine|74\/100\n|move|p1b: Chi-Yu|Heat Wave|p2b: Arcanine|[spread] p2a,p2b\n|-resisted|p2a: Amoonguss\n|-resisted|p2b: Arcanine\n|-damage|p2a: Amoonguss|68\/100\n|-damage|p2b: Arcanine|37\/100\n|move|p2a: Amoonguss|Spore|p1a: Iron Bundle\n|-status|p1a: Iron Bundle|slp|[from] move: Spore\n|\n|upkeep\n|turn|2\n|inactive|fmvtis has 30 seconds left.\n|\n|t:|1682684556\n|-end|p1a: Iron Bundle|Quark Drive|[silent]\n|switch|p1a: Ting-Lu|Ting-Lu, L50|100\/100\n|-ability|p1a: Ting-Lu|Vessel of Ruin\n|-terastallize|p1b: Chi-Yu|Grass\n|move|p1b: Chi-Yu|Heat Wave|p2b: Arcanine|[spread] p2a,p2b\n|-resisted|p2a: Amoonguss\n|-resisted|p2b: Arcanine\n|-damage|p2a: Amoonguss|44\/100\n|-damage|p2b: Arcanine|5\/100\n|-enditem|p2a: Amoonguss|Sitrus Berry|[eat]\n|-heal|p2a: Amoonguss|69\/100|[from] item: Sitrus Berry\n|move|p2b: Arcanine|Flare Blitz|p1a: Ting-Lu\n|-damage|p1a: Ting-Lu|69\/100\n|-damage|p2b: Arcanine|0 fnt|[from] Recoil\n|faint|p2b: Arcanine\n|move|p2a: Amoonguss|Spore|p1b: Chi-Yu\n|-immune|p1b: Chi-Yu\n|\n|upkeep\n|\n|t:|1682684561\n|switch|p2b: Slither Wing|Slither Wing, L50|100\/100\n|turn|3\n|inactive|fmvtis has 30 seconds left.\n|inactive|fmvtis has 20 seconds left.\n|inactive|fmvtis has 15 seconds left.\n|\n|t:|1682684603\n|switch|p1b: Flutter Mane|Flutter Mane, L50|100\/100\n|move|p2b: Slither Wing|Protect|p2b: Slither Wing\n|-singleturn|p2b: Slither Wing|Protect\n|move|p1a: Ting-Lu|Fissure|p2a: Amoonguss|[miss]\n|-miss|p1a: Ting-Lu|p2a: Amoonguss\n|move|p2a: Amoonguss|Spore|p1a: Ting-Lu\n|-status|p1a: Ting-Lu|slp|[from] move: Spore\n|\n|upkeep\n|turn|4\n|inactive|fmvtis has 30 seconds left.\n|\n|t:|1682684638\n|-end|p2b: Slither Wing|Protosynthesis|[silent]\n|switch|p2b: Palafin|Palafin-Hero, L50, M|100\/100\n|-activate|p2b: Palafin|ability: Zero to Hero\n|switch|p1a: Chi-Yu|Chi-Yu, L50, tera:Grass|100\/100\n|-ability|p1a: Chi-Yu|Beads of Ruin\n|move|p1b: Flutter Mane|Energy Ball|p2a: Amoonguss\n|-supereffective|p2a: Amoonguss\n|-crit|p2a: Amoonguss\n|-damage|p2a: Amoonguss|0 fnt\n|faint|p2a: Amoonguss\n|\n|upkeep\n|\n|t:|1682684643\n|switch|p2a: Slither Wing|Slither Wing, L50|100\/100\n|turn|5\n|\n|t:|1682684659\n|switch|p1a: Ting-Lu|Ting-Lu, L50|69\/100 slp\n|-ability|p1a: Ting-Lu|Vessel of Ruin\n|move|p1b: Flutter Mane|Protect|p1b: Flutter Mane\n|-singleturn|p1b: Flutter Mane|Protect\n|move|p2b: Palafin|Protect|p2b: Palafin\n|-singleturn|p2b: Palafin|Protect\n|move|p2a: Slither Wing|Flame Charge|p1b: Flutter Mane\n|-activate|p1b: Flutter Mane|move: Protect\n|\n|upkeep\n|turn|6\n|\n|t:|1682684682\n|switch|p1a: Chi-Yu|Chi-Yu, L50, tera:Grass|100\/100\n|-ability|p1a: Chi-Yu|Beads of Ruin\n|move|p2b: Palafin|Jet Punch|p1b: Flutter Mane\n|-enditem|p1b: Flutter Mane|Focus Sash\n|-damage|p1b: Flutter Mane|1\/100\n|move|p1b: Flutter Mane|Energy Ball|p2b: Palafin\n|-supereffective|p2b: Palafin\n|-damage|p2b: Palafin|8\/100\n|-unboost|p2b: Palafin|spd|1\n|move|p2a: Slither Wing|Flame Charge|p1b: Flutter Mane\n|-damage|p1b: Flutter Mane|0 fnt\n|-boost|p2a: Slither Wing|spe|1\n|faint|p1b: Flutter Mane\n|-end|p1b: Flutter Mane|Protosynthesis|[silent]\n|\n|upkeep\n|\n|t:|1682684698\n|switch|p1b: Ting-Lu|Ting-Lu, L50|69\/100 slp\n|-ability|p1b: Ting-Lu|Vessel of Ruin\n|turn|7\n|\n|t:|1682684714\n|move|p2b: Palafin|Jet Punch|p1a: Chi-Yu\n|-resisted|p1a: Chi-Yu\n|-damage|p1a: Chi-Yu|61\/100\n|move|p2a: Slither Wing|Leech Life|p1a: Chi-Yu\n|-supereffective|p1a: Chi-Yu\n|-damage|p1a: Chi-Yu|0 fnt\n|faint|p1a: Chi-Yu\n|cant|p1b: Ting-Lu|slp\n|\n|upkeep\n|\n|t:|1682684722\n|switch|p1a: Iron Bundle|Iron Bundle, L50|100\/100 slp\n|turn|8\n|\n|t:|1682684735\n|move|p2b: Palafin|Jet Punch|p1a: Iron Bundle\n|-resisted|p1a: Iron Bundle\n|-damage|p1a: Iron Bundle|69\/100 slp\n|move|p2a: Slither Wing|Leech Life|p1a: Iron Bundle\n|-damage|p1a: Iron Bundle|23\/100 slp\n|cant|p1a: Iron Bundle|slp\n|cant|p1b: Ting-Lu|slp\n|\n|upkeep\n|turn|9\n|\n|t:|1682684747\n|cant|p1a: Iron Bundle|slp\n|move|p2b: Palafin|Jet Punch|p1a: Iron Bundle\n|-resisted|p1a: Iron Bundle\n|-damage|p1a: Iron Bundle|0 fnt\n|faint|p1a: Iron Bundle\n|-end|p1a: Iron Bundle|Quark Drive|[silent]\n|move|p2a: Slither Wing|Leech Life|p1b: Ting-Lu\n|-supereffective|p1b: Ting-Lu\n|-damage|p1b: Ting-Lu|27\/100 slp\n|-curestatus|p1b: Ting-Lu|slp|[msg]\n|move|p1b: Ting-Lu|Heavy Slam|p2b: Palafin\n|-resisted|p2b: Palafin\n|-damage|p2b: Palafin|0 fnt\n|faint|p2b: Palafin\n|\n|upkeep\n|turn|10\n|\n|t:|1682684763\n|move|p2a: Slither Wing|Leech Life|p1b: Ting-Lu\n|-supereffective|p1b: Ting-Lu\n|-damage|p1b: Ting-Lu|0 fnt\n|faint|p1b: Ting-Lu\n|\n|win|Charlisito\n|raw|fmvtis's rating: 1125 → 1103<\/strong> (-22 for losing)\n|raw|Charlisito's rating: 1164 → 1186<\/strong> (+22 for winning)\n|l|\u2606fmvtis\n|l|\u2606Charlisito\n|j|\u2606Charlisito\n|player|p2|Charlisito|170\n","uploadtime":1682686181,"views":9,"p1id":"fmvtis","p2id":"charlisito","formatid":"gen9vgc2023regulationc","rating":1103,"private":0,"password":""}