{"id":"gen9vgc2023regulationc-1855857259","p1":"SpadesHS","p2":"Nightfront","format":"[Gen 9] VGC 2023 Regulation C","log":"|j|\u2606SpadesHS\n|j|\u2606Nightfront\n|t:|1682992506\n|gametype|doubles\n|player|p1|SpadesHS|n|\n|player|p2|Nightfront|flannery|\n|teamsize|p1|6\n|teamsize|p2|6\n|gen|9\n|tier|[Gen 9] VGC 2023 Regulation C\n|rule|Species Clause: Limit one of each Pok\u00e9mon\n|rule|Item Clause: Limit one of each item\n|clearpoke\n|poke|p1|Amoonguss, L50, F|\n|poke|p1|Palafin, L50, M|\n|poke|p1|Arcanine, L50, F|\n|poke|p1|Ting-Lu, L50|\n|poke|p1|Kingambit, L50, F|\n|poke|p1|Flutter Mane, L50|\n|poke|p2|Salamence, L50, M|\n|poke|p2|Skeledirge, L50, F|\n|poke|p2|Iron Treads, L50|\n|poke|p2|Slowking, L50, F|\n|poke|p2|Hariyama, L50, M|\n|poke|p2|Rotom-Mow, L50|\n|teampreview|4\n|\n|t:|1682992545\n|start\n|switch|p1a: Marino|Palafin, L50, M|100\/100\n|switch|p1b: Timeline|Flutter Mane, L50|100\/100\n|switch|p2a: Iron Treads|Iron Treads, L50|100\/100\n|switch|p2b: Hariyama|Hariyama, L50, M|100\/100\n|-enditem|p2a: Iron Treads|Booster Energy\n|-activate|p2a: Iron Treads|ability: Quark Drive|[fromitem]\n|-start|p2a: Iron Treads|quarkdrivespe\n|turn|1\n|j| Orderlyanarchist\n|c| Orderlyanarchist|funny looking iron hands\n|c|\u2606Nightfront|Ikrf\n|\n|t:|1682992564\n|-end|p1b: Timeline|Protosynthesis|[silent]\n|switch|p1b: Fun Police|Arcanine, L50, F|100\/100\n|-ability|p1b: Fun Police|Intimidate|boost\n|-unboost|p2a: Iron Treads|atk|1\n|-unboost|p2b: Hariyama|atk|1\n|move|p1a: Marino|Protect|p1a: Marino\n|-singleturn|p1a: Marino|Protect\n|move|p2a: Iron Treads|Iron Head|p1b: Fun Police\n|-resisted|p1b: Fun Police\n|-damage|p1b: Fun Police|88\/100\n|move|p2b: Hariyama|Close Combat|p1b: Fun Police\n|-crit|p1b: Fun Police\n|-damage|p1b: Fun Police|0 fnt\n|-unboost|p2b: Hariyama|def|1\n|-unboost|p2b: Hariyama|spd|1\n|faint|p1b: Fun Police\n|\n|upkeep\n|\n|t:|1682992582\n|switch|p1b: Timeline|Flutter Mane, L50|100\/100\n|turn|2\n|\n|t:|1682992596\n|-end|p1b: Timeline|Protosynthesis|[silent]\n|switch|p1b: Magnus|Kingambit, L50, F|100\/100\n|switch|p2b: Skeledirge|Skeledirge, L50, F|100\/100\n|-terastallize|p1a: Marino|Water\n|move|p2a: Iron Treads|Protect|p2a: Iron Treads\n|-singleturn|p2a: Iron Treads|Protect\n|move|p1a: Marino|Wave Crash|p2a: Iron Treads\n|-activate|p2a: Iron Treads|move: Protect\n|\n|upkeep\n|turn|3\n|\n|t:|1682992620\n|-end|p2a: Iron Treads|Quark Drive|[silent]\n|switch|p2a: Hariyama|Hariyama, L50, M|100\/100\n|-terastallize|p2b: Skeledirge|Grass\n|move|p1a: Marino|Wave Crash|p2a: Hariyama\n|-damage|p2a: Hariyama|15\/100\n|-damage|p1a: Marino|71\/100|[from] Recoil\n|move|p2b: Skeledirge|Torch Song|p1b: Magnus\n|-supereffective|p1b: Magnus\n|-damage|p1b: Magnus|36\/100\n|-boost|p2b: Skeledirge|spa|1\n|move|p1b: Magnus|Kowtow Cleave|p2b: Skeledirge\n|-damage|p2b: Skeledirge|54\/100\n|\n|-heal|p2b: Skeledirge|60\/100|[from] item: Leftovers\n|upkeep\n|turn|4\n|\n|t:|1682992634\n|move|p1a: Marino|Protect|p1a: Marino\n|-singleturn|p1a: Marino|Protect\n|move|p1b: Magnus|Protect|p1b: Magnus\n|-singleturn|p1b: Magnus|Protect\n|move|p2a: Hariyama|Fake Out|p1b: Magnus\n|-activate|p1b: Magnus|move: Protect\n|move|p2b: Skeledirge|Tera Blast|p1a: Marino\n|-activate|p1a: Marino|move: Protect\n|\n|-heal|p2b: Skeledirge|66\/100|[from] item: Leftovers\n|upkeep\n|turn|5\n|\n|t:|1682992655\n|move|p1a: Marino|Jet Punch|p2a: Hariyama\n|-damage|p2a: Hariyama|0 fnt\n|faint|p2a: Hariyama\n|move|p1b: Magnus|Sucker Punch|p2b: Skeledirge\n|-damage|p2b: Skeledirge|28\/100\n|move|p2b: Skeledirge|Torch Song|p1b: Magnus\n|-supereffective|p1b: Magnus\n|-damage|p1b: Magnus|0 fnt\n|-boost|p2b: Skeledirge|spa|1\n|faint|p1b: Magnus\n|\n|-heal|p2b: Skeledirge|35\/100|[from] item: Leftovers\n|upkeep\n|\n|t:|1682992663\n|switch|p1b: Timeline|Flutter Mane, L50|100\/100\n|switch|p2a: Iron Treads|Iron Treads, L50|100\/100\n|turn|6\n|\n|t:|1682992671\n|move|p1a: Marino|Jet Punch|p2a: Iron Treads\n|-supereffective|p2a: Iron Treads\n|-damage|p2a: Iron Treads|28\/100\n|move|p2a: Iron Treads|Iron Head|p1b: Timeline\n|-supereffective|p1b: Timeline\n|-damage|p1b: Timeline|0 fnt\n|faint|p1b: Timeline\n|-end|p1b: Timeline|Protosynthesis|[silent]\n|move|p2b: Skeledirge|Slack Off|p2b: Skeledirge\n|-heal|p2b: Skeledirge|85\/100\n|\n|-heal|p2b: Skeledirge|91\/100|[from] item: Leftovers\n|upkeep\n|turn|7\n|\n|t:|1682992680\n|move|p1a: Marino|Jet Punch|p2a: Iron Treads\n|-supereffective|p2a: Iron Treads\n|-damage|p2a: Iron Treads|0 fnt\n|faint|p2a: Iron Treads\n|-end|p2a: Iron Treads|Quark Drive|[silent]\n|move|p2b: Skeledirge|Tera Blast|p1a: Marino\n|-supereffective|p1a: Marino\n|-crit|p1a: Marino\n|-damage|p1a: Marino|0 fnt\n|faint|p1a: Marino\n|\n|win|Nightfront\n|l|\u2606Nightfront\n|j| JBSBPM713\n","uploadtime":1682992774,"views":17,"p1id":"spadeshs","p2id":"nightfront","formatid":"gen9vgc2023regulationc","rating":0,"private":0,"password":""}