{"id":"gen9vgc2023regulationc-1852346453","p1":"454563456e","p2":"Hyanryu","format":"[Gen 9] VGC 2023 Regulation C","log":"|j|\u2606454563456e\n|j|\u2606Hyanryu\n|t:|1682546520\n|gametype|doubles\n|player|p1|454563456e|2|1391\n|player|p2|Hyanryu|n|1383\n|teamsize|p1|6\n|teamsize|p2|6\n|gen|9\n|tier|[Gen 9] VGC 2023 Regulation C\n|rated|\n|rule|Species Clause: Limit one of each Pok\u00e9mon\n|rule|Item Clause: Limit one of each item\n|clearpoke\n|poke|p1|Murkrow, L50, M|\n|poke|p1|Chi-Yu, L50|\n|poke|p1|Flutter Mane, L50|\n|poke|p1|Great Tusk, L50|\n|poke|p1|Brute Bonnet, L50|\n|poke|p1|Corviknight, L50, F|\n|poke|p2|Tyranitar, L50, M|\n|poke|p2|Lycanroc, L50, F|\n|poke|p2|Amoonguss, L50, F|\n|poke|p2|Palafin, L50, F|\n|poke|p2|Ting-Lu, L50|\n|poke|p2|Arcanine, L50, M|\n|teampreview|4\n|inactive|Battle timer is ON: inactive players will automatically lose when time's up. (requested by Hyanryu)\n|\n|t:|1682546533\n|start\n|switch|p1a: Corviknight|Corviknight, L50, F|100\/100\n|switch|p1b: Murkrow|Murkrow, L50, M, shiny|100\/100\n|switch|p2a: Thamill|Tyranitar, L50, M, shiny|100\/100\n|switch|p2b: Roxie|Lycanroc, L50, F, shiny|100\/100\n|-weather|Sandstorm|[from] ability: Sand Stream|[of] p2a: Thamill\n|turn|1\n|\n|t:|1682546550\n|move|p1b: Murkrow|Sunny Day|p1b: Murkrow\n|-weather|SunnyDay\n|move|p2b: Roxie|Howl|p2b: Roxie|[spread] p2a,p2b\n|-boost|p2a: Thamill|atk|1\n|-boost|p2b: Roxie|atk|1\n|move|p1a: Corviknight|Iron Head|p2a: Thamill\n|-supereffective|p2a: Thamill\n|-damage|p2a: Thamill|14\/100\n|cant|p2a: Thamill|flinch\n|\n|-weather|SunnyDay|[upkeep]\n|upkeep\n|turn|2\n|\n|t:|1682546569\n|switch|p2a: Sus|Amoonguss, L50, F|100\/100\n|move|p1b: Murkrow|Tailwind|p1b: Murkrow\n|-sidestart|p1: 454563456e|move: Tailwind\n|move|p1a: Corviknight|Iron Head|p2a: Sus\n|-damage|p2a: Sus|62\/100\n|move|p2b: Roxie|Rock Slide|p1b: Murkrow|[spread] p1a,p1b\n|-supereffective|p1b: Murkrow\n|-damage|p1a: Corviknight|62\/100\n|-damage|p1b: Murkrow|17\/100\n|\n|-weather|SunnyDay|[upkeep]\n|upkeep\n|turn|3\n|\n|t:|1682546593\n|switch|p1a: Great Tusk|Great Tusk, L50|100\/100\n|-activate|p1a: Great Tusk|ability: Protosynthesis\n|-start|p1a: Great Tusk|protosynthesisatk\n|move|p2b: Roxie|Protect|p2b: Roxie\n|-singleturn|p2b: Roxie|Protect\n|move|p1b: Murkrow|Haze|p1b: Murkrow\n|-clearallboost\n|move|p2a: Sus|Spore|p1a: Great Tusk\n|-status|p1a: Great Tusk|slp|[from] move: Spore\n|\n|-weather|SunnyDay|[upkeep]\n|upkeep\n|turn|4\n|\n|t:|1682546616\n|switch|p2b: Thamill|Tyranitar, L50, M, shiny|14\/100\n|-weather|Sandstorm|[from] ability: Sand Stream|[of] p2b: Thamill\n|-end|p1a: Great Tusk|Protosynthesis\n|cant|p1a: Great Tusk|slp\n|move|p1b: Murkrow|Foul Play|p2a: Sus\n|-damage|p2a: Sus|44\/100\n|-enditem|p2a: Sus|Sitrus Berry|[eat]\n|-heal|p2a: Sus|69\/100|[from] item: Sitrus Berry\n|move|p2a: Sus|Pollen Puff|p2b: Thamill\n|-heal|p2b: Thamill|64\/100\n|\n|-weather|Sandstorm|[upkeep]\n|-damage|p1b: Murkrow|11\/100|[from] Sandstorm\n|-damage|p2a: Sus|63\/100|[from] Sandstorm\n|upkeep\n|turn|5\n|inactive|Hyanryu has 30 seconds left.\n|\n|t:|1682546643\n|-terastallize|p1a: Great Tusk|Steel\n|-terastallize|p2b: Thamill|Flying\n|move|p1b: Murkrow|Sunny Day|p1b: Murkrow\n|-weather|SunnyDay\n|-activate|p1a: Great Tusk|ability: Protosynthesis\n|-start|p1a: Great Tusk|protosynthesisatk\n|cant|p1a: Great Tusk|slp\n|move|p2b: Thamill|Tera Blast|p1a: Great Tusk\n|-resisted|p1a: Great Tusk\n|-damage|p1a: Great Tusk|82\/100 slp\n|move|p2a: Sus|Pollen Puff|p2b: Thamill\n|-heal|p2b: Thamill|100\/100\n|\n|-weather|SunnyDay|[upkeep]\n|-sideend|p1: 454563456e|move: Tailwind\n|upkeep\n|turn|6\n|\n|t:|1682546668\n|-end|p1a: Great Tusk|Protosynthesis|[silent]\n|switch|p1a: Corviknight|Corviknight, L50, F|62\/100\n|move|p1b: Murkrow|Foul Play|p2b: Thamill\n|-damage|p2b: Thamill|53\/100\n|move|p2b: Thamill|Low Kick|p1a: Corviknight\n|-damage|p1a: Corviknight|35\/100\n|move|p2a: Sus|Spore|p1a: Corviknight\n|-status|p1a: Corviknight|slp|[from] move: Spore\n|\n|-weather|SunnyDay|[upkeep]\n|upkeep\n|turn|7\n|\n|t:|1682546684\n|move|p1b: Murkrow|Foul Play|p2a: Sus\n|-damage|p2a: Sus|46\/100\n|cant|p1a: Corviknight|slp\n|move|p2b: Thamill|Rock Slide|p1b: Murkrow|[spread] p1a,p1b\n|-supereffective|p1b: Murkrow\n|-damage|p1a: Corviknight|3\/100 slp\n|-damage|p1b: Murkrow|0 fnt\n|faint|p1b: Murkrow\n|move|p2a: Sus|Pollen Puff|p2b: Thamill\n|-heal|p2b: Thamill|100\/100\n|\n|-weather|SunnyDay|[upkeep]\n|upkeep\n|\n|t:|1682546696\n|switch|p1b: Flutter Mane|Flutter Mane, L50|100\/100\n|-activate|p1b: Flutter Mane|ability: Protosynthesis\n|-start|p1b: Flutter Mane|protosynthesisspa\n|turn|8\n|\n|t:|1682546715\n|switch|p2a: ChiYu|Arcanine, L50, M, shiny|100\/100\n|-ability|p2a: ChiYu|Intimidate|boost\n|-ability|p1a: Corviknight|Mirror Armor\n|-unboost|p2a: ChiYu|atk|1\n|-unboost|p1b: Flutter Mane|atk|1\n|move|p1b: Flutter Mane|Moonblast|p2b: Thamill\n|-damage|p2b: Thamill|41\/100\n|cant|p1a: Corviknight|slp\n|move|p2b: Thamill|Rock Slide|p1b: Flutter Mane|[spread] p1a,p1b\n|-damage|p1a: Corviknight|0 fnt\n|-damage|p1b: Flutter Mane|35\/100\n|faint|p1a: Corviknight\n|\n|-weather|SunnyDay|[upkeep]\n|upkeep\n|\n|t:|1682546727\n|switch|p1a: Great Tusk|Great Tusk, L50, tera:Steel|82\/100 slp\n|-activate|p1a: Great Tusk|ability: Protosynthesis\n|-start|p1a: Great Tusk|protosynthesisatk\n|turn|9\n|\n|t:|1682546741\n|switch|p2b: Sus|Amoonguss, L50, F|79\/100\n|-curestatus|p1a: Great Tusk|slp|[msg]\n|move|p1a: Great Tusk|Rock Slide|p2a: ChiYu|[spread] p2a,p2b\n|-supereffective|p2a: ChiYu\n|-damage|p2a: ChiYu|40\/100\n|-damage|p2b: Sus|54\/100\n|move|p1b: Flutter Mane|Moonblast|p2a: ChiYu\n|-resisted|p2a: ChiYu\n|-damage|p2a: ChiYu|0 fnt\n|faint|p2a: ChiYu\n|\n|-weather|none\n|-end|p1a: Great Tusk|Protosynthesis\n|-end|p1b: Flutter Mane|Protosynthesis\n|upkeep\n|\n|t:|1682546759\n|switch|p2a: Thamill|Tyranitar, L50, M, shiny, tera:Flying|41\/100\n|-weather|Sandstorm|[from] ability: Sand Stream|[of] p2a: Thamill\n|turn|10\n|\n|t:|1682546780\n|move|p2b: Sus|Rage Powder|p2b: Sus\n|-singleturn|p2b: Sus|move: Rage Powder\n|move|p1a: Great Tusk|Rock Slide|p2a: Thamill|[spread] p2a,p2b\n|-supereffective|p2a: Thamill\n|-damage|p2a: Thamill|7\/100\n|-damage|p2b: Sus|38\/100\n|move|p1b: Flutter Mane|Moonblast|p2b: Sus\n|-resisted|p2b: Sus\n|-damage|p2b: Sus|6\/100\n|move|p2a: Thamill|Low Kick|p1a: Great Tusk\n|-supereffective|p1a: Great Tusk\n|-damage|p1a: Great Tusk|12\/100\n|\n|-weather|Sandstorm|[upkeep]\n|-damage|p1b: Flutter Mane|29\/100|[from] Sandstorm\n|-damage|p2a: Thamill|1\/100|[from] Sandstorm\n|-damage|p2b: Sus|0 fnt|[from] Sandstorm\n|faint|p2b: Sus\n|upkeep\n|\n|t:|1682546796\n|switch|p2b: Roxie|Lycanroc, L50, F, shiny|100\/100\n|turn|11\n|\n|t:|1682546803\n|move|p2b: Roxie|Rock Slide|p1b: Flutter Mane|[spread] p1a,p1b\n|-resisted|p1a: Great Tusk\n|-damage|p1a: Great Tusk|2\/100\n|-damage|p1b: Flutter Mane|0 fnt\n|faint|p1b: Flutter Mane\n|-end|p1b: Flutter Mane|Protosynthesis|[silent]\n|move|p1a: Great Tusk|Rock Slide|p2b: Roxie|[spread] p2a,p2b\n|-supereffective|p2a: Thamill\n|-damage|p2a: Thamill|0 fnt\n|-damage|p2b: Roxie|64\/100\n|faint|p2a: Thamill\n|\n|-weather|Sandstorm|[upkeep]\n|upkeep\n|turn|12\n|\n|t:|1682546816\n|move|p2b: Roxie|Rock Slide|p1a: Great Tusk\n|-resisted|p1a: Great Tusk\n|-damage|p1a: Great Tusk|0 fnt\n|faint|p1a: Great Tusk\n|-end|p1a: Great Tusk|Protosynthesis|[silent]\n|\n|win|Hyanryu\n|raw|454563456e's rating: 1391 → 1371<\/strong> (-20 for losing)\n|raw|Hyanryu's rating: 1383 → 1403<\/strong> (+20 for winning)\n|l|\u2606454563456e\n","uploadtime":1682546830,"views":17,"p1id":"454563456e","p2id":"hyanryu","formatid":"gen9vgc2023regulationc","rating":1371,"private":0,"password":""}