{"id":"gen9vgc2023regulationc-1863164861","p1":"SpeedyLinguine","p2":"Aridee","format":"[Gen 9] VGC 2023 Regulation C","log":"|j|\u2606SpeedyLinguine\n|j|\u2606Aridee\n|t:|1683982342\n|gametype|doubles\n|player|p1|SpeedyLinguine|hoopster|1195\n|player|p2|Aridee|burglar|1114\n|teamsize|p1|6\n|teamsize|p2|6\n|gen|9\n|tier|[Gen 9] VGC 2023 Regulation C\n|rated|\n|rule|Species Clause: Limit one of each Pok\u00e9mon\n|rule|Item Clause: Limit one of each item\n|clearpoke\n|poke|p1|Pelipper, L50, F|\n|poke|p1|Amoonguss, L50, M|\n|poke|p1|Flutter Mane, L50|\n|poke|p1|Floatzel, L50, F|\n|poke|p1|Iron Hands, L50|\n|poke|p1|Gholdengo, L50|\n|poke|p2|Toxicroak, L50, F|\n|poke|p2|Pelipper, L50, M|\n|poke|p2|Ting-Lu, L50|\n|poke|p2|Beartic, L50, M|\n|poke|p2|Goodra, L50, F|\n|poke|p2|Pikachu, L50, F|\n|teampreview|4\nSpeedyLinguine has agreed to open team sheets.\n|inactive|Battle timer is ON: inactive players will automatically lose when time's up. (requested by SpeedyLinguine)\n|\n|t:|1683982372\n|start\n|switch|p1a: El Nadador|Floatzel, L50, F|100\/100\n|switch|p1b: Darth Vader|Flutter Mane, L50|100\/100\n|switch|p2a: Toxicroak|Toxicroak, L50, F, shiny|100\/100\n|switch|p2b: Goodra|Goodra, L50, F|100\/100\n|turn|1\n|\n|t:|1683982395\n|-end|p1b: Darth Vader|Protosynthesis|[silent]\n|switch|p1b: Unstoppable Force|Gholdengo, L50|100\/100\n|-terastallize|p2b: Goodra|Steel\n|move|p2a: Toxicroak|Sucker Punch||[still]\n|-fail|p2a: Toxicroak\n|move|p1a: El Nadador|Ice Spinner|p2b: Goodra\n|-resisted|p2b: Goodra\n|-damage|p2b: Goodra|80\/100\n|move|p2b: Goodra|Draco Meteor|p1a: El Nadador\n|-damage|p1a: El Nadador|0 fnt\n|-unboost|p2b: Goodra|spa|2\n|faint|p1a: El Nadador\n|\n|-heal|p2b: Goodra|86\/100|[from] item: Leftovers\n|upkeep\n|\n|t:|1683982408\n|switch|p1a: Darth Vader|Flutter Mane, L50|100\/100\n|turn|2\n|\n|t:|1683982432\n|switch|p2b: Ting-Lu|Ting-Lu, L50|100\/100\n|-ability|p2b: Ting-Lu|Vessel of Ruin\n|-terastallize|p1a: Darth Vader|Fairy\n|move|p2a: Toxicroak|Sucker Punch|p1a: Darth Vader\n|-resisted|p1a: Darth Vader\n|-damage|p1a: Darth Vader|70\/100\n|-damage|p2a: Toxicroak|90\/100|[from] item: Life Orb\n|move|p1a: Darth Vader|Moonblast|p2a: Toxicroak\n|-damage|p2a: Toxicroak|26\/100\n|-unboost|p2a: Toxicroak|spa|1\n|move|p1b: Unstoppable Force|Shadow Ball|p2b: Ting-Lu\n|-resisted|p2b: Ting-Lu\n|-crit|p2b: Ting-Lu\n|-damage|p2b: Ting-Lu|89\/100\n|\n|upkeep\n|turn|3\n|\n|t:|1683982446\n|move|p1a: Darth Vader|Protect|p1a: Darth Vader\n|-singleturn|p1a: Darth Vader|Protect\n|move|p2a: Toxicroak|Protect|p2a: Toxicroak\n|-singleturn|p2a: Toxicroak|Protect\n|move|p1b: Unstoppable Force|Shadow Ball|p2a: Toxicroak\n|-activate|p2a: Toxicroak|move: Protect\n|move|p2b: Ting-Lu|Heavy Slam|p1a: Darth Vader\n|-activate|p1a: Darth Vader|move: Protect\n|\n|upkeep\n|turn|4\n|\n|t:|1683982471\n|-end|p1a: Darth Vader|Protosynthesis|[silent]\n|switch|p1a: The Jordan of VGC|Pelipper, L50, F|100\/100\n|-weather|RainDance|[from] ability: Drizzle|[of] p1a: The Jordan of VGC\n|move|p2a: Toxicroak|Sucker Punch|p1b: Unstoppable Force\n|-supereffective|p1b: Unstoppable Force\n|-damage|p1b: Unstoppable Force|36\/100\n|-damage|p2a: Toxicroak|16\/100|[from] item: Life Orb\n|move|p1b: Unstoppable Force|Shadow Ball|p2a: Toxicroak\n|-crit|p2a: Toxicroak\n|-damage|p2a: Toxicroak|0 fnt\n|faint|p2a: Toxicroak\n|move|p2b: Ting-Lu|Earthquake|p1b: Unstoppable Force|[spread] p1b\n|-immune|p1a: The Jordan of VGC\n|-supereffective|p1b: Unstoppable Force\n|-damage|p1b: Unstoppable Force|0 fnt\n|faint|p1b: Unstoppable Force\n|\n|-weather|RainDance|[upkeep]\n|upkeep\n|\n|t:|1683982485\n|switch|p1b: Darth Vader|Flutter Mane, L50, tera:Fairy|70\/100\n|switch|p2a: Goodra|Goodra, L50, F, tera:Steel|86\/100\n|turn|5\n|\n|t:|1683982496\n|move|p1b: Darth Vader|Protect|p1b: Darth Vader\n|-singleturn|p1b: Darth Vader|Protect\n|move|p2a: Goodra|Life Dew|p2a: Goodra|[spread] p2a,p2b\n|-heal|p2a: Goodra|100\/100\n|-heal|p2b: Ting-Lu|100\/100\n|move|p1a: The Jordan of VGC|Hydro Pump|p2b: Ting-Lu\n|-supereffective|p2b: Ting-Lu\n|-damage|p2b: Ting-Lu|64\/100\n|move|p2b: Ting-Lu|Heavy Slam|p1b: Darth Vader\n|-activate|p1b: Darth Vader|move: Protect\n|\n|-weather|RainDance|[upkeep]\n|upkeep\n|turn|6\n|\n|t:|1683982515\n|move|p1b: Darth Vader|Moonblast|p2b: Ting-Lu\n|-supereffective|p2b: Ting-Lu\n|-damage|p2b: Ting-Lu|15\/100\n|move|p2a: Goodra|Draco Meteor|p1a: The Jordan of VGC\n|-damage|p1a: The Jordan of VGC|52\/100\n|-unboost|p2a: Goodra|spa|2\n|move|p1a: The Jordan of VGC|Hydro Pump|p2b: Ting-Lu\n|-supereffective|p2b: Ting-Lu\n|-damage|p2b: Ting-Lu|0 fnt\n|faint|p2b: Ting-Lu\n|\n|-weather|RainDance|[upkeep]\n|upkeep\n|\n|t:|1683982526\n|switch|p2b: Pikachu|Pikachu, L50, F|100\/100\n|turn|7\n|\n|t:|1683982546\n|move|p2b: Pikachu|Fake Out|p1b: Darth Vader\n|-damage|p1b: Darth Vader|47\/100\n|cant|p1b: Darth Vader|flinch\n|move|p2a: Goodra|Draco Meteor|p1a: The Jordan of VGC\n|-damage|p1a: The Jordan of VGC|20\/100\n|-unboost|p2a: Goodra|spa|2\n|move|p1a: The Jordan of VGC|Hydro Pump|p2b: Pikachu\n|-damage|p2b: Pikachu|0 fnt\n|faint|p2b: Pikachu\n|\n|-weather|RainDance|[upkeep]\n|upkeep\n|turn|8\n|\n|t:|1683982569\n|move|p1a: The Jordan of VGC|Protect|p1a: The Jordan of VGC\n|-singleturn|p1a: The Jordan of VGC|Protect\n|move|p1b: Darth Vader|Shadow Ball|p2a: Goodra\n|-damage|p2a: Goodra|71\/100\n|move|p2a: Goodra|Draco Meteor|p1a: The Jordan of VGC\n|-activate|p1a: The Jordan of VGC|move: Protect\n|\n|-weather|RainDance|[upkeep]\n|-heal|p2a: Goodra|77\/100|[from] item: Leftovers\n|upkeep\n|turn|9\n|inactive|Aridee has 30 seconds left.\n|\n|t:|1683982600\n|move|p1b: Darth Vader|Shadow Ball|p2a: Goodra\n|-damage|p2a: Goodra|47\/100\n|move|p2a: Goodra|Draco Meteor|p1b: Darth Vader\n|-immune|p1b: Darth Vader\n|move|p1a: The Jordan of VGC|Hydro Pump|p2a: Goodra|[miss]\n|-miss|p1a: The Jordan of VGC|p2a: Goodra\n|\n|-weather|RainDance|[upkeep]\n|-heal|p2a: Goodra|54\/100|[from] item: Leftovers\n|upkeep\n|turn|10\n|\n|t:|1683982609\n|move|p1a: The Jordan of VGC|Protect|p1a: The Jordan of VGC\n|-singleturn|p1a: The Jordan of VGC|Protect\n|move|p1b: Darth Vader|Shadow Ball|p2a: Goodra\n|-damage|p2a: Goodra|22\/100\n|-unboost|p2a: Goodra|spd|1\n|move|p2a: Goodra|Life Dew|p2a: Goodra\n|-heal|p2a: Goodra|47\/100\n|\n|-weather|RainDance|[upkeep]\n|-heal|p2a: Goodra|54\/100|[from] item: Leftovers\n|upkeep\n|turn|11\n|-message|Aridee forfeited.\n|\n|win|SpeedyLinguine\n|raw|SpeedyLinguine's rating: 1195 → 1214<\/strong> (+19 for winning)\n|raw|Aridee's rating: 1114 → 1095<\/strong> (-19 for losing)\n|l|\u2606Aridee\n","uploadtime":1683982626,"views":13,"p1id":"speedylinguine","p2id":"aridee","formatid":"gen9vgc2023regulationc","rating":1095,"private":0,"password":""}