{"id":"gen9vgc2023regulationc-1864423305","p1":"NeuroticTC","p2":"CoachChris","format":"[Gen 9] VGC 2023 Regulation C","log":"|j|\u2606NeuroticTC\n|j|\u2606CoachChris\n|t:|1684165394\n|gametype|doubles\n|player|p1|NeuroticTC|boarder|\n|player|p2|CoachChris|crasherwake|\n|teamsize|p1|6\n|teamsize|p2|6\n|gen|9\n|tier|[Gen 9] VGC 2023 Regulation C\n|rated|Tournament battle\n|rule|Species Clause: Limit one of each Pok\u00e9mon\n|rule|Item Clause: Limit one of each item\n|clearpoke\n|poke|p1|Brute Bonnet, L50|\n|poke|p1|Murkrow, L50, M|\n|poke|p1|Farigiraf, L50, F|\n|poke|p1|Chi-Yu, L50|\n|poke|p1|Flutter Mane, L50|\n|poke|p1|Great Tusk, L50|\n|poke|p2|Great Tusk, L50|\n|poke|p2|Murkrow, L50, M|\n|poke|p2|Flutter Mane, L50|\n|poke|p2|Torkoal, L50, F|\n|poke|p2|Chi-Yu, L50|\n|poke|p2|Gyarados, L50, M|\n|teampreview|4\n|raw| Open Team Sheet for NeuroticTC<\/summary>Brute Bonnet @ Loaded Dice Ability: Protosynthesis Level: 50 Tera Type: Dark - Spore - Rage Powder - Bullet Seed - Sucker Punch Murkrow (M) @ Eject Button Ability: Prankster Level: 50 Shiny: Yes Tera Type: Flying - Brave Bird - Tailwind - Haze - Sunny Day Farigiraf (F) @ Focus Sash Ability: Armor Tail Level: 50 Tera Type: Fairy - Dazzling Gleam - Psychic - Trick Room - Imprison Chi-Yu @ Life Orb Ability: Beads of Ruin Level: 50 Tera Type: Grass - Heat Wave - Protect - Tera Blast - Dark Pulse Flutter Mane @ Booster Energy Ability: Protosynthesis Level: 50 Tera Type: Fairy - Power Gem - Shadow Ball - Moonblast - Protect Great Tusk @ Choice Scarf Ability: Protosynthesis Level: 50 Tera Type: Steel - Close Combat - Headlong Rush - Rock Slide - Earthquake <\/details><\/div> Open Team Sheet for CoachChris<\/summary>Great Tusk @ Choice Scarf Ability: Protosynthesis Level: 50 Hidden Power: Fighting Tera Type: Steel - Earthquake - Headlong Rush - Close Combat - Rock Slide Murkrow @ Eviolite Ability: Prankster Level: 50 Tera Type: Ghost - Foul Play - Sunny Day - Haze - Tailwind Flutter Mane @ Choice Specs Ability: Protosynthesis Level: 50 Tera Type: Water - Moonblast - Shadow Ball - Dazzling Gleam - Thunderbolt Torkoal @ Eject Pack Ability: Drought Level: 50 Tera Type: Grass - Overheat - Yawn - Helping Hand - Protect Chi-Yu @ Focus Sash Ability: Beads of Ruin Level: 50 Tera Type: Grass - Protect - Heat Wave - Dark Pulse - Will-O-Wisp Gyarados @ Sitrus Berry Ability: Intimidate Level: 50 Tera Type: Flying - Tera Blast - Waterfall - Taunt - Thunder Wave <\/details><\/div>\n|j| godlyreal\n|j| Radio Free C-Side\n|j| ptelzcra\n|c|\u2606CoachChris|we meet again\n|j| child Pikachu\n|l| child Pikachu\n|j| Draxolotl\n|j| FunneeMonkee\n|j| SlowHomie\n|c|\u2606NeuroticTC|starting and finishing together\n|l| SlowHomie\n|c|\u2606CoachChris|besties\n|j| N3_ArieL\n|inactive|Battle timer is ON: inactive players will automatically lose when time's up. (requested by NeuroticTC)\n|inactive|CoachChris has 60 seconds left.\n|\n|t:|1684165507\n|start\n|switch|p1a: Murkrow|Murkrow, L50, M, shiny|100\/100\n|switch|p1b: Flutter Mane|Flutter Mane, L50|100\/100\n|switch|p2a: Great Tusk|Great Tusk, L50|100\/100\n|switch|p2b: Murkrow|Murkrow, L50, M|100\/100\n|-enditem|p1b: Flutter Mane|Booster Energy\n|-activate|p1b: Flutter Mane|ability: Protosynthesis|[fromitem]\n|-start|p1b: Flutter Mane|protosynthesisspe\n|turn|1\n|j| S!dd_1\n|inactive|CoachChris has 30 seconds left.\n|\n|t:|1684165532\n|-terastallize|p2a: Great Tusk|Steel\n|move|p1b: Flutter Mane|Protect|p1b: Flutter Mane\n|-singleturn|p1b: Flutter Mane|Protect\n|move|p1a: Murkrow|Tailwind|p1a: Murkrow\n|-sidestart|p1: NeuroticTC|move: Tailwind\n|move|p2b: Murkrow|Tailwind|p2b: Murkrow\n|-sidestart|p2: CoachChris|move: Tailwind\n|move|p2a: Great Tusk|Headlong Rush|p1b: Flutter Mane\n|-activate|p1b: Flutter Mane|move: Protect\n|\n|upkeep\n|turn|2\n|inactive|NeuroticTC has 30 seconds left.\n|inactive|CoachChris has 30 seconds left.\n|inactive|NeuroticTC has 20 seconds left.\n|inactive|NeuroticTC has 15 seconds left.\n|inactive|NeuroticTC has 10 seconds left.\n|\n|t:|1684165582\n|switch|p2b: Gyarados|Gyarados, L50, M|100\/100\n|-ability|p2b: Gyarados|Intimidate|boost\n|-unboost|p1a: Murkrow|atk|1\n|-unboost|p1b: Flutter Mane|atk|1\n|move|p1a: Murkrow|Sunny Day|p1a: Murkrow\n|-weather|SunnyDay\n|-activate|p2a: Great Tusk|ability: Protosynthesis\n|-start|p2a: Great Tusk|protosynthesisatk\n|move|p1b: Flutter Mane|Shadow Ball|p2a: Great Tusk\n|-damage|p2a: Great Tusk|37\/100\n|move|p2a: Great Tusk|Headlong Rush|p1b: Flutter Mane\n|-damage|p1b: Flutter Mane|0 fnt\n|-unboost|p2a: Great Tusk|def|1\n|-unboost|p2a: Great Tusk|spd|1\n|faint|p1b: Flutter Mane\n|-end|p1b: Flutter Mane|Protosynthesis|[silent]\n|\n|-weather|SunnyDay|[upkeep]\n|upkeep\n|\n|t:|1684165601\n|switch|p1b: Chi-Yu|Chi-Yu, L50|100\/100\n|-ability|p1b: Chi-Yu|Beads of Ruin\n|turn|3\n|j| SlowHomie\n|inactive|CoachChris has 30 seconds left.\n|\n|t:|1684165635\n|-end|p2a: Great Tusk|Protosynthesis|[silent]\n|switch|p2a: Torkoal|Torkoal, L50, F|100\/100\n|-terastallize|p1b: Chi-Yu|Grass\n|move|p1b: Chi-Yu|Heat Wave|p2a: Torkoal|[spread] p2a\n|-miss|p1b: Chi-Yu|p2b: Gyarados\n|-resisted|p2a: Torkoal\n|-damage|p2a: Torkoal|44\/100\n|-damage|p1b: Chi-Yu|90\/100|[from] item: Life Orb\n|move|p1a: Murkrow|Brave Bird|p2b: Gyarados\n|-damage|p2b: Gyarados|64\/100\n|-damage|p1a: Murkrow|85\/100|[from] Recoil\n|move|p2b: Gyarados|Waterfall|p1b: Chi-Yu\n|-resisted|p1b: Chi-Yu\n|-damage|p1b: Chi-Yu|74\/100\n|\n|-weather|SunnyDay|[upkeep]\n|upkeep\n|turn|4\n|inactive|CoachChris has 30 seconds left.\n|\n|t:|1684165661\n|move|p2a: Torkoal|Protect|p2a: Torkoal\n|-singleturn|p2a: Torkoal|Protect\n|move|p1b: Chi-Yu|Heat Wave|p2b: Gyarados|[spread] p2b\n|-activate|p2a: Torkoal|move: Protect\n|-resisted|p2b: Gyarados\n|-damage|p2b: Gyarados|16\/100\n|-enditem|p2b: Gyarados|Sitrus Berry|[eat]\n|-heal|p2b: Gyarados|40\/100|[from] item: Sitrus Berry\n|-damage|p1b: Chi-Yu|64\/100|[from] item: Life Orb\n|move|p1a: Murkrow|Brave Bird|p2b: Gyarados\n|-damage|p2b: Gyarados|2\/100\n|-damage|p1a: Murkrow|69\/100|[from] Recoil\n|move|p2b: Gyarados|Taunt|p1a: Murkrow\n|-start|p1a: Murkrow|move: Taunt\n|\n|-weather|SunnyDay|[upkeep]\n|-sideend|p2: CoachChris|move: Tailwind\n|-sideend|p1: NeuroticTC|move: Tailwind\n|upkeep\n|turn|5\n|inactive|CoachChris has 30 seconds left.\n|\n|t:|1684165686\n|switch|p1a: Great Tusk|Great Tusk, L50|100\/100\n|-activate|p1a: Great Tusk|ability: Protosynthesis\n|-start|p1a: Great Tusk|protosynthesisatk\n|move|p1b: Chi-Yu|Heat Wave|p2a: Torkoal|[spread] p2a,p2b\n|-resisted|p2a: Torkoal\n|-resisted|p2b: Gyarados\n|-damage|p2a: Torkoal|0 fnt\n|-damage|p2b: Gyarados|0 fnt\n|faint|p2a: Torkoal\n|faint|p2b: Gyarados\n|-damage|p1b: Chi-Yu|54\/100|[from] item: Life Orb\n|\n|-weather|SunnyDay|[upkeep]\n|upkeep\n|\n|t:|1684165694\n|switch|p2b: Murkrow|Murkrow, L50, M|100\/100\n|switch|p2a: Great Tusk|Great Tusk, L50, tera:Steel|37\/100\n|-activate|p2a: Great Tusk|ability: Protosynthesis\n|-start|p2a: Great Tusk|protosynthesisatk\n|turn|6\n|inactive|CoachChris has 30 seconds left.\n|\n|t:|1684165722\n|-end|p1a: Great Tusk|Protosynthesis|[silent]\n|switch|p1a: Murkrow|Murkrow, L50, M, shiny|69\/100\n|move|p2b: Murkrow|Tailwind|p2b: Murkrow\n|-sidestart|p2: CoachChris|move: Tailwind\n|move|p2a: Great Tusk|Earthquake|p1a: Murkrow|[spread] p1b\n|-immune|p2b: Murkrow\n|-immune|p1a: Murkrow\n|-resisted|p1b: Chi-Yu\n|-damage|p1b: Chi-Yu|14\/100\n|move|p1b: Chi-Yu|Heat Wave|p2a: Great Tusk|[spread] p2a,p2b\n|-supereffective|p2a: Great Tusk\n|-damage|p2a: Great Tusk|0 fnt\n|-damage|p2b: Murkrow|0 fnt\n|faint|p2a: Great Tusk\n|-end|p2a: Great Tusk|Protosynthesis|[silent]\n|faint|p2b: Murkrow\n|-damage|p1b: Chi-Yu|4\/100|[from] item: Life Orb\n|\n|win|NeuroticTC\n|n|\u2606NeuroticTC|neurotictc\n|n|\u2606CoachChris|coachchris\n|n| godlyreal|godlyreal\n|n| Radio Free C-Side|radiofreecside\n|n| ptelzcra|ptelzcra\n|n| Draxolotl|draxolotl\n|n| FunneeMonkee|funneemonkee\n|n| N3_ArieL|n3ariel\n|n| S!dd_1|sdd1\n|n| SlowHomie|slowhomie\n","uploadtime":1684165723,"views":3,"p1id":"neurotictc","p2id":"coachchris","formatid":"gen9vgc2023regulationc","rating":0,"private":0,"password":""}