{"id":"gen9vgc2023regulationc-1852920517","p1":"19402u","p2":"Petuniaveloz58","format":"[Gen 9] VGC 2023 Regulation C","log":"|j|\u260619402u\n|j|\u2606Petuniaveloz58\n|t:|1682617407\n|gametype|doubles\n|player|p1|19402u|265|1586\n|player|p2|Petuniaveloz58|101|1647\n|teamsize|p1|6\n|teamsize|p2|6\n|gen|9\n|tier|[Gen 9] VGC 2023 Regulation C\n|rated|\n|rule|Species Clause: Limit one of each Pok\u00e9mon\n|rule|Item Clause: Limit one of each item\n|clearpoke\n|poke|p1|Glimmora, L50, M|\n|poke|p1|Dragonite, L50, M|\n|poke|p1|Dondozo, L50, M|\n|poke|p1|Tatsugiri, L50, F|\n|poke|p1|Chi-Yu, L50|\n|poke|p1|Iron Bundle, L50|\n|poke|p2|Iron Hands, L50|\n|poke|p2|Flutter Mane, L50|\n|poke|p2|Chi-Yu, L50|\n|poke|p2|Gyarados, L50, F|\n|poke|p2|Amoonguss, L50, F|\n|poke|p2|Ting-Lu, L50|\n|teampreview|4\n19402u has agreed to open team sheets.\n|j| Lediable_34\n|l| Lediable_34\n|inactive|Battle timer is ON: inactive players will automatically lose when time's up. (requested by Petuniaveloz58)\nPetuniaveloz58 has agreed to open team sheets.\n|\n|t:|1682617474\n|start\n|switch|p1a: Glimmora|Glimmora, L50, M, shiny|100\/100\n|switch|p1b: Iron Bundle|Iron Bundle, L50, shiny|100\/100\n|switch|p2a: Iron Hands|Iron Hands, L50|100\/100\n|switch|p2b: Ting-Lu|Ting-Lu, L50|100\/100\n|-ability|p2b: Ting-Lu|Vessel of Ruin\n|-enditem|p1b: Iron Bundle|Booster Energy\n|-activate|p1b: Iron Bundle|ability: Quark Drive|[fromitem]\n|-start|p1b: Iron Bundle|quarkdrivespe\n|turn|1\n|inactive|Petuniaveloz58 has 30 seconds left.\n|\n|t:|1682617511\n|-terastallize|p1a: Glimmora|Grass\n|-terastallize|p2b: Ting-Lu|Poison\n|move|p1b: Iron Bundle|Protect|p1b: Iron Bundle\n|-singleturn|p1b: Iron Bundle|Protect\n|move|p1a: Glimmora|Mortal Spin|p2a: Iron Hands|[spread] p2a,p2b\n|-resisted|p2b: Ting-Lu\n|-damage|p2a: Iron Hands|98\/100\n|-damage|p2b: Ting-Lu|99\/100\n|-status|p2a: Iron Hands|psn\n|move|p2a: Iron Hands|Swords Dance|p2a: Iron Hands\n|-boost|p2a: Iron Hands|atk|2\n|move|p2b: Ting-Lu|Rock Tomb|p1b: Iron Bundle\n|-activate|p1b: Iron Bundle|move: Protect\n|\n|-damage|p2a: Iron Hands|85\/100 psn|[from] psn\n|upkeep\n|turn|2\n|inactive|19402u has 30 seconds left.\n|inactive|19402u has 20 seconds left.\n|inactive|19402u has 15 seconds left.\n|\n|t:|1682617554\n|-end|p1b: Iron Bundle|Quark Drive|[silent]\n|switch|p1b: Dragonite|Dragonite, L50, M, shiny|100\/100\n|move|p1a: Glimmora|Earth Power|p2a: Iron Hands\n|-supereffective|p2a: Iron Hands\n|-damage|p2a: Iron Hands|60\/100 psn\n|move|p2a: Iron Hands|Drain Punch|p1a: Glimmora\n|-damage|p1a: Glimmora|39\/100\n|-heal|p2a: Iron Hands|83\/100 psn|[from] drain|[of] p1a: Glimmora\n|-activate|p1a: Glimmora|ability: Toxic Debris\n|-sidestart|p2: Petuniaveloz58|move: Toxic Spikes\n|move|p2b: Ting-Lu|Heavy Slam|p1a: Glimmora\n|-damage|p1a: Glimmora|10\/100\n|-activate|p1a: Glimmora|ability: Toxic Debris\n|-sidestart|p2: Petuniaveloz58|move: Toxic Spikes\n|\n|-damage|p2a: Iron Hands|71\/100 psn|[from] psn\n|upkeep\n|turn|3\n|j| Debauchery\n|l| Debauchery\n|inactive|19402u has 30 seconds left.\n|inactive|Petuniaveloz58 has 30 seconds left.\n|\n|t:|1682617588\n|move|p1b: Dragonite|Earthquake|p2b: Ting-Lu|[spread] p1a,p2a,p2b\n|-resisted|p1a: Glimmora\n|-supereffective|p2a: Iron Hands\n|-supereffective|p2b: Ting-Lu\n|-damage|p1a: Glimmora|0 fnt\n|-damage|p2a: Iron Hands|17\/100 psn\n|-damage|p2b: Ting-Lu|48\/100\n|faint|p1a: Glimmora\n|move|p2a: Iron Hands|Drain Punch|p1b: Dragonite\n|-resisted|p1b: Dragonite\n|-crit|p1b: Dragonite\n|-damage|p1b: Dragonite|70\/100\n|-heal|p2a: Iron Hands|28\/100 psn|[from] drain|[of] p1b: Dragonite\n|move|p2b: Ting-Lu|Rock Tomb|p1b: Dragonite\n|-supereffective|p1b: Dragonite\n|-damage|p1b: Dragonite|31\/100\n|-unboost|p1b: Dragonite|spe|1\n|\n|-damage|p2a: Iron Hands|15\/100 psn|[from] psn\n|upkeep\n|j| Debauchery\n|l| Debauchery\n|inactive|19402u has 30 seconds left.\n|inactive|19402u has 20 seconds left.\n|\n|t:|1682617624\n|switch|p1a: Iron Bundle|Iron Bundle, L50, shiny|100\/100\n|turn|4\n|j| ALakeInTheClouds\n|\n|t:|1682617636\n|move|p1a: Iron Bundle|Protect|p1a: Iron Bundle\n|-singleturn|p1a: Iron Bundle|Protect\n|move|p1b: Dragonite|Earthquake|p2a: Iron Hands|[spread] p2a,p2b\n|-activate|p1a: Iron Bundle|move: Protect\n|-supereffective|p2a: Iron Hands\n|-supereffective|p2b: Ting-Lu\n|-damage|p2a: Iron Hands|0 fnt\n|-damage|p2b: Ting-Lu|0 fnt\n|faint|p2a: Iron Hands\n|-end|p2a: Iron Hands|Quark Drive|[silent]\n|faint|p2b: Ting-Lu\n|\n|upkeep\n|\n|t:|1682617643\n|switch|p2a: Gyarados|Gyarados, L50, F|100\/100\n|switch|p2b: Amoonguss|Amoonguss, L50, F, shiny|100\/100\n|-ability|p2a: Gyarados|Intimidate|boost\n|-unboost|p1a: Iron Bundle|atk|1\n|-unboost|p1b: Dragonite|atk|1\n|-sideend|p2: Petuniaveloz58|move: Toxic Spikes|[of] p2b: Amoonguss\n|turn|5\n|\n|t:|1682617661\n|switch|p1b: Chi-Yu|Chi-Yu, L50|100\/100\n|-ability|p1b: Chi-Yu|Beads of Ruin\n|move|p2b: Amoonguss|Rage Powder|p2b: Amoonguss\n|-singleturn|p2b: Amoonguss|move: Rage Powder\n|move|p1a: Iron Bundle|Freeze-Dry|p2b: Amoonguss\n|-supereffective|p2b: Amoonguss\n|-damage|p2b: Amoonguss|15\/100\n|-enditem|p2b: Amoonguss|Sitrus Berry|[eat]\n|-heal|p2b: Amoonguss|40\/100|[from] item: Sitrus Berry\n|move|p2a: Gyarados|Thunder Wave|p1a: Iron Bundle\n|-status|p1a: Iron Bundle|par\n|\n|upkeep\n|turn|6\n|-message|Petuniaveloz58 forfeited.\n|\n|win|19402u\n|raw|19402u's rating: 1586 → 1609<\/strong> (+23 for winning)\n|raw|Petuniaveloz58's rating: 1647 → 1624<\/strong> (-23 for losing)\n|l|\u2606Petuniaveloz58\n","uploadtime":1682617678,"views":4,"p1id":"19402u","p2id":"petuniaveloz58","formatid":"gen9vgc2023regulationc","rating":1609,"private":0,"password":""}