{"id":"gen9vgc2023regulationc-1846261383","p1":"Pkmushroom","p2":"Dev865","format":"[Gen 9] VGC 2023 Regulation C","log":"|j|\u2606Pkmushroom\n|j|\u2606Dev865\n|t:|1681826454\n|gametype|doubles\n|player|p1|Pkmushroom|red|1060\n|player|p2|Dev865|burgh|1036\n|teamsize|p1|6\n|teamsize|p2|6\n|gen|9\n|tier|[Gen 9] VGC 2023 Regulation C\n|rated|\n|rule|Species Clause: Limit one of each Pok\u00e9mon\n|rule|Item Clause: Limit one of each item\n|clearpoke\n|poke|p1|Toxapex, L50, M|\n|poke|p1|Garganacl, L50, M|\n|poke|p1|Tinkaton, L50, F|\n|poke|p1|Ting-Lu, L50|\n|poke|p1|Gallade, L50, M|\n|poke|p1|Tauros-Paldea-Blaze, L50, M|\n|poke|p2|Iron Moth, L50|\n|poke|p2|Palafin, L50, M|\n|poke|p2|Klefki, L50, F|\n|poke|p2|Amoonguss, L50, M|\n|poke|p2|Flutter Mane, L50|\n|poke|p2|Chien-Pao, L50|\n|teampreview|4\n|\n|t:|1681826512\n|start\n|switch|p1a: Tinkatonk|Tinkaton, L50, F|100\/100\n|switch|p1b: Tauros|Tauros-Paldea-Blaze, L50, M|100\/100\n|switch|p2a: Palafin|Palafin, L50, M|100\/100\n|switch|p2b: Iron Moth|Iron Moth, L50|100\/100\n|-ability|p1b: Tauros|Intimidate|boost\n|-unboost|p2a: Palafin|atk|1\n|-unboost|p2b: Iron Moth|atk|1\n|-ability|p1a: Tinkatonk|Mold Breaker\n|-enditem|p2b: Iron Moth|Booster Energy\n|-activate|p2b: Iron Moth|ability: Quark Drive|[fromitem]\n|-start|p2b: Iron Moth|quarkdrivespe\n|turn|1\n|\n|t:|1681826534\n|move|p2b: Iron Moth|Protect|p2b: Iron Moth\n|-singleturn|p2b: Iron Moth|Protect\n|move|p2a: Palafin|Protect|p2a: Palafin\n|-singleturn|p2a: Palafin|Protect\n|move|p1a: Tinkatonk|Fake Out|p2b: Iron Moth\n|-activate|p2b: Iron Moth|move: Protect\n|move|p1b: Tauros|Will-O-Wisp|p2a: Palafin\n|-activate|p2a: Palafin|move: Protect\n|\n|upkeep\n|turn|2\n|\n|t:|1681826566\n|detailschange|p2a: Palafin|Palafin-Hero, L50, M\n|switch|p2a: Flutter Mane|Flutter Mane, L50|100\/100\n|move|p1b: Tauros|Protect|p1b: Tauros\n|-singleturn|p1b: Tauros|Protect\n|move|p2b: Iron Moth|Fiery Dance|p1a: Tinkatonk\n|-supereffective|p1a: Tinkatonk\n|-damage|p1a: Tinkatonk|16\/100\n|-boost|p2b: Iron Moth|spa|1\n|move|p1a: Tinkatonk|Gigaton Hammer|p2b: Iron Moth\n|-resisted|p2b: Iron Moth\n|-damage|p2b: Iron Moth|34\/100\n|-damage|p1a: Tinkatonk|6\/100|[from] item: Life Orb\n|\n|upkeep\n|turn|3\n|\n|t:|1681826595\n|switch|p1a: Lingu-a|Ting-Lu, L50|100\/100\n|-ability|p1a: Lingu-a|Vessel of Ruin\n|move|p1b: Tauros|Protect||[still]\n|-fail|p1b: Tauros\n|move|p2b: Iron Moth|Acid Spray|p1b: Tauros\n|-damage|p1b: Tauros|82\/100\n|-unboost|p1b: Tauros|spd|2\n|move|p2a: Flutter Mane|Substitute|p2a: Flutter Mane\n|-start|p2a: Flutter Mane|Substitute\n|-damage|p2a: Flutter Mane|75\/100\n|\n|-heal|p2a: Flutter Mane|82\/100|[from] item: Leftovers\n|upkeep\n|turn|4\n|\n|t:|1681826623\n|move|p2b: Iron Moth|Energy Ball|p1a: Lingu-a\n|-supereffective|p1a: Lingu-a\n|-damage|p1a: Lingu-a|65\/100\n|move|p2a: Flutter Mane|Moonblast|p1b: Tauros\n|-damage|p1b: Tauros|25\/100\n|move|p1b: Tauros|Raging Bull|p2a: Flutter Mane\n|-end|p2a: Flutter Mane|Substitute\n|move|p1a: Lingu-a|Earthquake|p2b: Iron Moth|[spread] p1b,p2a,p2b\n|-supereffective|p1b: Tauros\n|-supereffective|p2b: Iron Moth\n|-damage|p1b: Tauros|0 fnt\n|-damage|p2a: Flutter Mane|22\/100\n|-damage|p2b: Iron Moth|0 fnt\n|faint|p1b: Tauros\n|faint|p2b: Iron Moth\n|-end|p2b: Iron Moth|Quark Drive|[silent]\n|\n|-heal|p2a: Flutter Mane|28\/100|[from] item: Leftovers\n|upkeep\n|\n|t:|1681826641\n|switch|p2b: Palafin|Palafin-Hero, L50, M|100\/100\n|switch|p1b: Tinkatonk|Tinkaton, L50, F|6\/100\n|-activate|p2b: Palafin|ability: Zero to Hero\n|-ability|p1b: Tinkatonk|Mold Breaker\n|turn|5\n|\n|t:|1681826650\n|move|p2a: Flutter Mane|Protect|p2a: Flutter Mane\n|-singleturn|p2a: Flutter Mane|Protect\n|move|p2b: Palafin|Protect|p2b: Palafin\n|-singleturn|p2b: Palafin|Protect\n|move|p1b: Tinkatonk|Fake Out|p2b: Palafin\n|-activate|p2b: Palafin|move: Protect\n|move|p1a: Lingu-a|Earthquake|p2b: Palafin|[spread] p1b\n|-activate|p2a: Flutter Mane|move: Protect\n|-activate|p2b: Palafin|move: Protect\n|-supereffective|p1b: Tinkatonk\n|-damage|p1b: Tinkatonk|0 fnt\n|faint|p1b: Tinkatonk\n|\n|-heal|p2a: Flutter Mane|34\/100|[from] item: Leftovers\n|upkeep\n|\n|t:|1681826656\n|switch|p1b: Gallade|Gallade, L50, M, shiny|100\/100\n|turn|6\n|\n|t:|1681826684\n|-terastallize|p2b: Palafin|Water\n|-terastallize|p1b: Gallade|Grass\n|move|p2a: Flutter Mane|Shadow Ball|p1b: Gallade\n|-damage|p1b: Gallade|68\/100\n|move|p2b: Palafin|Wave Crash|p1a: Lingu-a\n|-supereffective|p1a: Lingu-a\n|-damage|p1a: Lingu-a|0 fnt\n|faint|p1a: Lingu-a\n|-damage|p2b: Palafin|69\/100|[from] Recoil\n|move|p1b: Gallade|Leaf Blade|p2b: Palafin\n|-supereffective|p2b: Palafin\n|-damage|p2b: Palafin|0 fnt\n|faint|p2b: Palafin\n|\n|-heal|p2a: Flutter Mane|40\/100|[from] item: Leftovers\n|upkeep\n|\n|t:|1681826704\n|switch|p2b: Amoonguss|Amoonguss, L50, M|100\/100\n|turn|7\n|\n|t:|1681826713\n|move|p2a: Flutter Mane|Protect|p2a: Flutter Mane\n|-singleturn|p2a: Flutter Mane|Protect\n|move|p1b: Gallade|Psycho Cut|p2b: Amoonguss\n|-supereffective|p2b: Amoonguss\n|-damage|p2b: Amoonguss|0 fnt\n|faint|p2b: Amoonguss\n|\n|-heal|p2a: Flutter Mane|47\/100|[from] item: Leftovers\n|upkeep\n|turn|8\n|-message|Dev865 forfeited.\n|\n|win|Pkmushroom\n|raw|Pkmushroom's rating: 1060 → 1089<\/strong> (+29 for winning)\n|raw|Dev865's rating: 1036 → 1022<\/strong> (-14 for losing)\n|l|\u2606Dev865\n|l|\u2606Pkmushroom\n|j|\u2606Pkmushroom\n|player|p1|Pkmushroom|red\n","uploadtime":1681826725,"views":7,"p1id":"pkmushroom","p2id":"dev865","formatid":"gen9vgc2023regulationc","rating":1022,"private":0,"password":""}