{"id":"gen9vgc2023regulationc-1860523835","p1":"HeroicPKMN","p2":"shinyhaunter05","format":"[Gen 9] VGC 2023 Regulation C","log":"|j|\u2606HeroicPKMN\n|j|\u2606shinyhaunter05\n|t:|1683651506\n|gametype|doubles\n|player|p1|HeroicPKMN|1|1073\n|player|p2|shinyhaunter05|lucas-gen4pt|1051\n|teamsize|p1|6\n|teamsize|p2|6\n|gen|9\n|tier|[Gen 9] VGC 2023 Regulation C\n|rated|\n|rule|Species Clause: Limit one of each Pok\u00e9mon\n|rule|Item Clause: Limit one of each item\n|clearpoke\n|poke|p1|Annihilape, L50, F|\n|poke|p1|Maushold-Four, L50|\n|poke|p1|Ting-Lu, L50|\n|poke|p1|Gyarados, L50, F|\n|poke|p1|Dragonite, L50, F|\n|poke|p1|Volcarona, L50, M|\n|poke|p2|Magnezone, L50|\n|poke|p2|Gyarados, L50, F|\n|poke|p2|Tsareena, L50, F|\n|poke|p2|Flutter Mane, L50|\n|poke|p2|Iron Bundle, L50|\n|poke|p2|Stonjourner, L50, F|\n|teampreview|4\n|inactive|Battle timer is ON: inactive players will automatically lose when time's up. (requested by shinyhaunter05)\n|\n|t:|1683651527\n|start\n|switch|p1a: Orphanmaker|Annihilape, L50, F|100\/100\n|switch|p1b: Childhaver|Maushold-Four, L50|100\/100\n|switch|p2a: Stonjourner|Stonjourner, L50, F|100\/100\n|switch|p2b: Flutter Mane|Flutter Mane, L50|100\/100\n|-enditem|p2b: Flutter Mane|Booster Energy\n|-activate|p2b: Flutter Mane|ability: Protosynthesis|[fromitem]\n|-start|p2b: Flutter Mane|protosynthesisspe\n|turn|1\n|\n|t:|1683651539\n|-terastallize|p1a: Orphanmaker|Fire\n|move|p2b: Flutter Mane|Dazzling Gleam|p1a: Orphanmaker|[spread] p1a,p1b\n|-resisted|p1a: Orphanmaker\n|-damage|p1a: Orphanmaker|89\/100\n|-damage|p1b: Childhaver|64\/100\n|move|p1b: Childhaver|Beat Up|p1a: Orphanmaker\n|-damage|p1a: Orphanmaker|87\/100\n|-damage|p1a: Orphanmaker|86\/100\n|-damage|p1a: Orphanmaker|84\/100\n|-damage|p1a: Orphanmaker|82\/100\n|-hitcount|p1a: Orphanmaker|4\n|move|p1a: Orphanmaker|Rage Fist|p2b: Flutter Mane\n|-supereffective|p2b: Flutter Mane\n|-damage|p2b: Flutter Mane|0 fnt\n|faint|p2b: Flutter Mane\n|-end|p2b: Flutter Mane|Protosynthesis|[silent]\n|move|p2a: Stonjourner|Rock Slide|p1b: Childhaver|[spread] p1a,p1b\n|-supereffective|p1a: Orphanmaker\n|-damage|p1a: Orphanmaker|51\/100\n|-damage|p1b: Childhaver|37\/100\n|\n|-heal|p1a: Orphanmaker|58\/100|[from] item: Leftovers\n|upkeep\n|\n|t:|1683651543\n|switch|p2b: Iron Bundle|Iron Bundle, L50|100\/100\n|turn|2\n|\n|t:|1683651561\n|move|p1b: Childhaver|Follow Me|p1b: Childhaver\n|-singleturn|p1b: Childhaver|move: Follow Me\n|move|p2b: Iron Bundle|Hydro Pump|p1b: Childhaver\n|-damage|p1b: Childhaver|0 fnt\n|faint|p1b: Childhaver\n|move|p1a: Orphanmaker|Rage Fist|p2b: Iron Bundle\n|-enditem|p2b: Iron Bundle|Focus Sash\n|-damage|p2b: Iron Bundle|1\/100\n|move|p2a: Stonjourner|Rock Slide|p1a: Orphanmaker\n|-supereffective|p1a: Orphanmaker\n|-damage|p1a: Orphanmaker|6\/100\n|\n|-heal|p1a: Orphanmaker|12\/100|[from] item: Leftovers\n|upkeep\n|\n|t:|1683651569\n|switch|p1b: Dragonite|Dragonite, L50, F|100\/100\n|turn|3\n|\n|t:|1683651576\n|move|p2b: Iron Bundle|Protect|p2b: Iron Bundle\n|-singleturn|p2b: Iron Bundle|Protect\n|move|p1b: Dragonite|Extreme Speed|p2b: Iron Bundle\n|-activate|p2b: Iron Bundle|move: Protect\n|move|p1a: Orphanmaker|Drain Punch|p2a: Stonjourner\n|-supereffective|p2a: Stonjourner\n|-damage|p2a: Stonjourner|60\/100\n|-heal|p1a: Orphanmaker|32\/100|[from] drain|[of] p2a: Stonjourner\n|move|p2a: Stonjourner|Rock Slide|p1b: Dragonite|[spread] p1a,p1b\n|-supereffective|p1a: Orphanmaker\n|-supereffective|p1b: Dragonite\n|-damage|p1a: Orphanmaker|0 fnt\n|-damage|p1b: Dragonite|76\/100\n|faint|p1a: Orphanmaker\n|\n|upkeep\n|\n|t:|1683651589\n|switch|p1a: Gyarados|Gyarados, L50, F|100\/100\n|-ability|p1a: Gyarados|Intimidate|boost\n|-unboost|p2a: Stonjourner|atk|1\n|-unboost|p2b: Iron Bundle|atk|1\n|turn|4\n|\n|t:|1683651596\n|-end|p2b: Iron Bundle|Quark Drive|[silent]\n|switch|p2b: Gyarados|Gyarados, L50, F|100\/100\n|-ability|p2b: Gyarados|Intimidate|boost\n|-unboost|p1a: Gyarados|atk|1\n|-unboost|p1b: Dragonite|atk|1\n|move|p1b: Dragonite|Extreme Speed|p2b: Gyarados\n|-damage|p2b: Gyarados|75\/100\n|move|p1a: Gyarados|Waterfall|p2a: Stonjourner\n|-supereffective|p2a: Stonjourner\n|-damage|p2a: Stonjourner|31\/100\n|move|p2a: Stonjourner|Rock Slide|p1a: Gyarados|[spread] p1a,p1b\n|-supereffective|p1a: Gyarados\n|-supereffective|p1b: Dragonite\n|-damage|p1a: Gyarados|70\/100\n|-damage|p1b: Dragonite|45\/100\n|\n|upkeep\n|turn|5\n|\n|t:|1683651612\n|move|p2b: Gyarados|Protect|p2b: Gyarados\n|-singleturn|p2b: Gyarados|Protect\n|move|p1b: Dragonite|Extreme Speed|p2a: Stonjourner\n|-resisted|p2a: Stonjourner\n|-damage|p2a: Stonjourner|24\/100\n|-enditem|p2a: Stonjourner|Figy Berry|[eat]\n|-heal|p2a: Stonjourner|58\/100|[from] item: Figy Berry\n|move|p1a: Gyarados|Waterfall|p2a: Stonjourner\n|-supereffective|p2a: Stonjourner\n|-damage|p2a: Stonjourner|29\/100\n|cant|p2a: Stonjourner|flinch\n|\n|upkeep\n|turn|6\n|inactive|HeroicPKMN has 30 seconds left.\n|\n|t:|1683651641\n|move|p2b: Gyarados|Waterfall|p1b: Dragonite\n|-resisted|p1b: Dragonite\n|-damage|p1b: Dragonite|16\/100\n|move|p1a: Gyarados|Waterfall|p2a: Stonjourner\n|-supereffective|p2a: Stonjourner\n|-damage|p2a: Stonjourner|0 fnt\n|faint|p2a: Stonjourner\n|move|p1b: Dragonite|Ice Spinner|p2b: Gyarados\n|-damage|p2b: Gyarados|52\/100\n|\n|upkeep\n|\n|t:|1683651651\n|switch|p2a: Iron Bundle|Iron Bundle, L50|1\/100\n|turn|7\n|\n|t:|1683651655\n|move|p2a: Iron Bundle|Protect|p2a: Iron Bundle\n|-singleturn|p2a: Iron Bundle|Protect\n|move|p1b: Dragonite|Extreme Speed|p2a: Iron Bundle\n|-activate|p2a: Iron Bundle|move: Protect\n|move|p2b: Gyarados|Waterfall|p1b: Dragonite\n|-resisted|p1b: Dragonite\n|-damage|p1b: Dragonite|0 fnt\n|faint|p1b: Dragonite\n|move|p1a: Gyarados|Waterfall|p2b: Gyarados\n|-resisted|p2b: Gyarados\n|-damage|p2b: Gyarados|37\/100\n|\n|upkeep\n|turn|8\n|\n|t:|1683651660\n|move|p2a: Iron Bundle|Freeze-Dry|p1a: Gyarados\n|-supereffective|p1a: Gyarados\n|-damage|p1a: Gyarados|0 fnt\n|faint|p1a: Gyarados\n|\n|win|shinyhaunter05\n|raw|HeroicPKMN's rating: 1073 → 1051<\/strong> (-22 for losing)\n|raw|shinyhaunter05's rating: 1051 → 1085<\/strong> (+34 for winning)\n|c|\u2606shinyhaunter05|gg\n","uploadtime":1683651675,"views":7,"p1id":"heroicpkmn","p2id":"shinyhaunter05","formatid":"gen9vgc2023regulationc","rating":1051,"private":0,"password":""}