{"id":"gen9vgc2023regulationc-1853247633","p1":"Zeltink","p2":"anshar_training","format":"[Gen 9] VGC 2023 Regulation C","log":"|j|\u2606Zeltink\n|j|\u2606anshar_training\n|t:|1682654466\n|gametype|doubles\n|player|p1|Zeltink|ethan|1097\n|player|p2|anshar_training|colress|1147\n|teamsize|p1|6\n|teamsize|p2|6\n|gen|9\n|tier|[Gen 9] VGC 2023 Regulation C\n|rated|\n|rule|Species Clause: Limit one of each Pok\u00e9mon\n|rule|Item Clause: Limit one of each item\n|clearpoke\n|poke|p1|Dragonite, L50, F|\n|poke|p1|Lycanroc-Dusk, L50, F|\n|poke|p1|Arcanine, L50, F|\n|poke|p1|Tyranitar, L50, F|\n|poke|p1|Kingambit, L50, M|\n|poke|p1|Palafin, L50, M|\n|poke|p2|Palafin, L50, F|\n|poke|p2|Flutter Mane, L50|\n|poke|p2|Arcanine, L50, M|\n|poke|p2|Amoonguss, L50, F|\n|poke|p2|Ting-Lu, L50|\n|poke|p2|Roaring Moon, L50|\n|teampreview|4\n|inactive|Battle timer is ON: inactive players will automatically lose when time's up. (requested by Zeltink)\n|\n|t:|1682654510\n|start\n|switch|p1a: Palafin|Palafin, L50, M, shiny|100\/100\n|switch|p1b: Dragonite|Dragonite, L50, F|100\/100\n|switch|p2a: PlusUltra|Palafin, L50, F|100\/100\n|switch|p2b: Good Soup|Ting-Lu, L50|100\/100\n|-ability|p2b: Good Soup|Vessel of Ruin\n|turn|1\n|inactive|anshar_training has 30 seconds left.\n|inactive|anshar_training has 20 seconds left.\n|inactive|anshar_training has 15 seconds left.\n|inactive|anshar_training has 10 seconds left.\n|\n|t:|1682654556\n|detailschange|p1a: Palafin|Palafin-Hero, L50, M, shiny\n|switch|p1a: Tyranitar|Tyranitar, L50, F, shiny|100\/100\n|-weather|Sandstorm|[from] ability: Sand Stream|[of] p1a: Tyranitar\n|detailschange|p2a: PlusUltra|Palafin-Hero, L50, F\n|switch|p2a: Susy|Amoonguss, L50, F|100\/100\n|move|p1b: Dragonite|Tailwind|p1b: Dragonite\n|-sidestart|p1: Zeltink|move: Tailwind\n|move|p2b: Good Soup|Ruination|p1b: Dragonite\n|-damage|p1b: Dragonite|50\/100\n|\n|-weather|Sandstorm|[upkeep]\n|-damage|p1b: Dragonite|44\/100|[from] Sandstorm\n|-damage|p2a: Susy|95\/100|[from] Sandstorm\n|upkeep\n|turn|2\n|inactive|Zeltink has 30 seconds left.\n|inactive|anshar_training has 30 seconds left.\n|inactive|anshar_training has 20 seconds left.\n|inactive|anshar_training has 15 seconds left.\n|inactive|anshar_training has 10 seconds left.\n|\n|t:|1682654603\n|switch|p1b: Kingambit|Kingambit, L50, M, shiny|100\/100\n|move|p1a: Tyranitar|Rock Slide|p2a: Susy|[spread] p2a\n|-miss|p1a: Tyranitar|p2b: Good Soup\n|-damage|p2a: Susy|67\/100\n|move|p2b: Good Soup|Stomping Tantrum|p1a: Tyranitar\n|-supereffective|p1a: Tyranitar\n|-damage|p1a: Tyranitar|50\/100\n|cant|p2a: Susy|flinch\n|\n|-weather|Sandstorm|[upkeep]\n|-damage|p2a: Susy|61\/100|[from] Sandstorm\n|upkeep\n|turn|3\n|inactive|anshar_training has 30 seconds left.\n|inactive|Zeltink has 30 seconds left.\n|inactive|anshar_training has 20 seconds left.\n|inactive|anshar_training has 15 seconds left.\n|\n|t:|1682654648\n|move|p1b: Kingambit|Protect|p1b: Kingambit\n|-singleturn|p1b: Kingambit|Protect\n|move|p1a: Tyranitar|Earthquake|p2a: Susy|[spread] p2a,p2b\n|-activate|p1b: Kingambit|move: Protect\n|-damage|p2a: Susy|36\/100\n|-damage|p2b: Good Soup|85\/100\n|-enditem|p2a: Susy|Sitrus Berry|[eat]\n|-heal|p2a: Susy|60\/100|[from] item: Sitrus Berry\n|move|p2b: Good Soup|Stomping Tantrum|p1a: Tyranitar\n|-supereffective|p1a: Tyranitar\n|-damage|p1a: Tyranitar|0 fnt\n|faint|p1a: Tyranitar\n|move|p2a: Susy|Spore|p1b: Kingambit\n|-activate|p1b: Kingambit|move: Protect\n|\n|-weather|Sandstorm|[upkeep]\n|-damage|p2a: Susy|54\/100|[from] Sandstorm\n|upkeep\n|\n|t:|1682654666\n|switch|p1a: Dragonite|Dragonite, L50, F|44\/100\n|turn|4\n|\n|t:|1682654684\n|move|p1a: Dragonite|Extreme Speed|p2a: Susy\n|-damage|p2a: Susy|18\/100\n|move|p1b: Kingambit|Kowtow Cleave|p2b: Good Soup\n|-resisted|p2b: Good Soup\n|-damage|p2b: Good Soup|68\/100\n|move|p2b: Good Soup|Stomping Tantrum|p1b: Kingambit\n|-supereffective|p1b: Kingambit\n|-damage|p1b: Kingambit|53\/100\n|move|p2a: Susy|Spore|p1b: Kingambit\n|-status|p1b: Kingambit|slp|[from] move: Spore\n|\n|-weather|Sandstorm|[upkeep]\n|-damage|p1a: Dragonite|38\/100|[from] Sandstorm\n|-damage|p2a: Susy|12\/100|[from] Sandstorm\n|-sideend|p1: Zeltink|move: Tailwind\n|upkeep\n|turn|5\n|inactive|anshar_training has 30 seconds left.\n|\n|t:|1682654711\n|move|p2a: Susy|Protect|p2a: Susy\n|-singleturn|p2a: Susy|Protect\n|move|p1a: Dragonite|Extreme Speed|p2a: Susy\n|-activate|p2a: Susy|move: Protect\n|move|p2b: Good Soup|Sand Tomb|p1b: Kingambit\n|-supereffective|p1b: Kingambit\n|-damage|p1b: Kingambit|30\/100 slp\n|-activate|p1b: Kingambit|move: Sand Tomb|[of] p2b: Good Soup\n|cant|p1b: Kingambit|slp\n|\n|-weather|none\n|-damage|p1b: Kingambit|18\/100 slp|[from] move: Sand Tomb|[partiallytrapped]\n|upkeep\n|turn|6\n|inactive|anshar_training has 30 seconds left.\n|\n|t:|1682654738\n|switch|p2a: Cornelia|Flutter Mane, L50|100\/100\n|move|p1a: Dragonite|Extreme Speed|p2a: Cornelia\n|-immune|p2a: Cornelia\n|move|p2b: Good Soup|Ruination|p1b: Kingambit|[miss]\n|-miss|p2b: Good Soup|p1b: Kingambit\n|-curestatus|p1b: Kingambit|slp|[msg]\n|move|p1b: Kingambit|Iron Head|p2b: Good Soup\n|-damage|p2b: Good Soup|44\/100\n|\n|-damage|p1b: Kingambit|6\/100|[from] move: Sand Tomb|[partiallytrapped]\n|upkeep\n|turn|7\n|inactive|anshar_training has 30 seconds left.\n|\n|t:|1682654766\n|-end|p2a: Cornelia|Protosynthesis|[silent]\n|switch|p2a: PlusUltra|Palafin-Hero, L50, F|100\/100\n|-activate|p2a: PlusUltra|ability: Zero to Hero\n|move|p1a: Dragonite|Extreme Speed|p2b: Good Soup\n|-damage|p2b: Good Soup|18\/100\n|move|p1b: Kingambit|Sucker Punch||[still]\n|-fail|p1b: Kingambit\n|move|p2b: Good Soup|Stomping Tantrum|p1b: Kingambit\n|-supereffective|p1b: Kingambit\n|-damage|p1b: Kingambit|0 fnt\n|faint|p1b: Kingambit\n|\n|upkeep\n|\n|t:|1682654779\n|switch|p1b: Palafin|Palafin-Hero, L50, M, shiny|100\/100\n|-activate|p1b: Palafin|ability: Zero to Hero\n|turn|8\n|inactive|anshar_training has 30 seconds left.\n|\n|t:|1682654805\n|-terastallize|p1b: Palafin|Water\n|-terastallize|p2a: PlusUltra|Water\n|move|p1a: Dragonite|Extreme Speed|p2a: PlusUltra\n|-damage|p2a: PlusUltra|61\/100\n|move|p1b: Palafin|Jet Punch|p2b: Good Soup\n|-supereffective|p2b: Good Soup\n|-damage|p2b: Good Soup|0 fnt\n|faint|p2b: Good Soup\n|move|p2a: PlusUltra|Wave Crash|p1b: Palafin\n|-resisted|p1b: Palafin\n|-damage|p1b: Palafin|29\/100\n|-damage|p2a: PlusUltra|41\/100|[from] Recoil\n|\n|upkeep\n|\n|t:|1682654819\n|switch|p2b: Cornelia|Flutter Mane, L50|100\/100\n|turn|9\n|\n|t:|1682654826\n|move|p1b: Palafin|Protect|p1b: Palafin\n|-singleturn|p1b: Palafin|Protect\n|move|p2a: PlusUltra|Protect|p2a: PlusUltra\n|-singleturn|p2a: PlusUltra|Protect\n|move|p1a: Dragonite|Extreme Speed|p2a: PlusUltra\n|-activate|p2a: PlusUltra|move: Protect\n|move|p2b: Cornelia|Thunderbolt|p1b: Palafin\n|-activate|p1b: Palafin|move: Protect\n|\n|upkeep\n|turn|10\n|\n|t:|1682654845\n|move|p1a: Dragonite|Extreme Speed|p2a: PlusUltra\n|-damage|p2a: PlusUltra|0 fnt\n|faint|p2a: PlusUltra\n|move|p2b: Cornelia|Thunderbolt|p1b: Palafin\n|-supereffective|p1b: Palafin\n|-damage|p1b: Palafin|0 fnt\n|faint|p1b: Palafin\n|\n|upkeep\n|\n|t:|1682654853\n|switch|p2a: Susy|Amoonguss, L50, F|45\/100\n|turn|11\n|-message|Zeltink forfeited.\n|\n|win|anshar_training\n|raw|Zeltink's rating: 1097 → 1076<\/strong> (-21 for losing)\n|raw|anshar_training's rating: 1147 → 1168<\/strong> (+21 for winning)\n|l|\u2606Zeltink\n","uploadtime":1682654859,"views":7,"p1id":"zeltink","p2id":"anshartraining","formatid":"gen9vgc2023regulationc","rating":1076,"private":0,"password":""}