{"id":"gen9vgc2023regulationc-1851509256","p1":"eljulius","p2":"FlopperWilly","format":"[Gen 9] VGC 2023 Regulation C","log":"|j|\u2606eljulius\n|j|\u2606FlopperWilly\n|t:|1682451116\n|gametype|doubles\n|player|p1|eljulius|170|\n|player|p2|FlopperWilly|clown|\n|teamsize|p1|6\n|teamsize|p2|6\n|gen|9\n|tier|[Gen 9] VGC 2023 Regulation C\n|rule|Species Clause: Limit one of each Pok\u00e9mon\n|rule|Item Clause: Limit one of each item\n|clearpoke\n|poke|p1|Breloom, L50, M|\n|poke|p1|Murkrow, L50, M|\n|poke|p1|Abomasnow, L50, F|\n|poke|p1|Beartic, L50, F|\n|poke|p1|Bisharp, L50, M|\n|poke|p1|Gholdengo, L50|\n|poke|p2|Amoonguss, L50, M|\n|poke|p2|Flutter Mane, L50|\n|poke|p2|Palafin, L50, M|\n|poke|p2|Ting-Lu, L50|\n|poke|p2|Iron Hands, L50|\n|poke|p2|Arcanine, L50, F|\n|teampreview|4\n|inactive|Battle timer is ON: inactive players will automatically lose when time's up. (requested by FlopperWilly)\nFlopperWilly has agreed to open team sheets.\n|\n|t:|1682451146\n|start\n|switch|p1a: Breloom|Breloom, L50, M|100\/100\n|switch|p1b: Murkrow|Murkrow, L50, M|100\/100\n|switch|p2a: Amoonguss|Amoonguss, L50, M|100\/100\n|switch|p2b: Arcanine|Arcanine, L50, F, shiny|100\/100\n|-ability|p2b: Arcanine|Intimidate|boost\n|-unboost|p1a: Breloom|atk|1\n|-unboost|p1b: Murkrow|atk|1\n|turn|1\n|inactive|eljulius has 30 seconds left.\n|\n|t:|1682451172\n|move|p2a: Amoonguss|Rage Powder|p2a: Amoonguss\n|-singleturn|p2a: Amoonguss|move: Rage Powder\n|move|p1b: Murkrow|Tailwind|p1b: Murkrow\n|-sidestart|p1: eljulius|move: Tailwind\n|move|p1a: Breloom|Spore|p2b: Arcanine\n|-activate|p2b: Arcanine|item: Safety Goggles|Spore\n|move|p2b: Arcanine|Will-O-Wisp|p1a: Breloom\n|-status|p1a: Breloom|brn\n|\n|-damage|p1a: Breloom|95\/100 brn|[from] brn\n|upkeep\n|turn|2\n|\n|t:|1682451189\n|move|p1b: Murkrow|Thunder Wave|p2b: Arcanine\n|-status|p2b: Arcanine|par\n|move|p1a: Breloom|Spore|p2b: Arcanine\n|-activate|p2b: Arcanine|item: Safety Goggles|Spore\n|move|p2b: Arcanine|Flare Blitz|p1b: Murkrow\n|-damage|p1b: Murkrow|11\/100\n|-damage|p2b: Arcanine|75\/100 par|[from] Recoil\n|move|p2a: Amoonguss|Spore|p1b: Murkrow\n|-status|p1b: Murkrow|slp|[from] move: Spore\n|\n|-damage|p1a: Breloom|89\/100 brn|[from] brn\n|upkeep\n|turn|3\n|\n|t:|1682451210\n|move|p2b: Arcanine|Extreme Speed|p1b: Murkrow\n|-damage|p1b: Murkrow|0 fnt\n|faint|p1b: Murkrow\n|move|p1a: Breloom|Rock Tomb|p2b: Arcanine\n|-supereffective|p2b: Arcanine\n|-damage|p2b: Arcanine|47\/100 par\n|-unboost|p2b: Arcanine|spe|1\n|-damage|p1a: Breloom|79\/100 brn|[from] item: Life Orb\n|move|p2a: Amoonguss|Pollen Puff|p2b: Arcanine\n|-heal|p2b: Arcanine|97\/100 par\n|\n|-damage|p1a: Breloom|73\/100 brn|[from] brn\n|upkeep\n|inactive|eljulius has 30 seconds left.\n|\n|t:|1682451240\n|switch|p1b: Abomasnow|Abomasnow, L50, F|100\/100\n|-weather|Snow|[from] ability: Snow Warning|[of] p1b: Abomasnow\n|turn|4\n|\n|t:|1682451252\n|switch|p2b: Iron Hands|Iron Hands, L50|100\/100\n|move|p2a: Amoonguss|Protect|p2a: Amoonguss\n|-singleturn|p2a: Amoonguss|Protect\n|move|p1a: Breloom|Rock Tomb|p2b: Iron Hands\n|-resisted|p2b: Iron Hands\n|-damage|p2b: Iron Hands|96\/100\n|-unboost|p2b: Iron Hands|spe|1\n|-damage|p1a: Breloom|63\/100 brn|[from] item: Life Orb\n|move|p1b: Abomasnow|Blizzard|p2b: Iron Hands|[spread] p2b\n|-activate|p2a: Amoonguss|move: Protect\n|-damage|p2b: Iron Hands|76\/100\n|\n|-weather|Snow|[upkeep]\n|-damage|p1a: Breloom|58\/100 brn|[from] brn\n|-sideend|p1: eljulius|move: Tailwind\n|upkeep\n|turn|5\n|inactive|eljulius has 30 seconds left.\n|inactive|FlopperWilly has 30 seconds left.\n|\n|t:|1682451283\n|move|p1a: Breloom|Bullet Seed|p2b: Iron Hands\n|-damage|p2b: Iron Hands|70\/100\n|-crit|p2b: Iron Hands\n|-damage|p2b: Iron Hands|57\/100\n|-hitcount|p2b: Iron Hands|2\n|-damage|p1a: Breloom|48\/100 brn|[from] item: Life Orb\n|move|p1b: Abomasnow|Blizzard|p2a: Amoonguss|[spread] p2a,p2b\n|-supereffective|p2a: Amoonguss\n|-damage|p2a: Amoonguss|29\/100\n|-damage|p2b: Iron Hands|38\/100\n|-enditem|p2a: Amoonguss|Sitrus Berry|[eat]\n|-heal|p2a: Amoonguss|54\/100|[from] item: Sitrus Berry\n|move|p2a: Amoonguss|Pollen Puff|p2b: Iron Hands\n|-heal|p2b: Iron Hands|88\/100\n|move|p2b: Iron Hands|Drain Punch|p1b: Abomasnow\n|-supereffective|p1b: Abomasnow\n|-damage|p1b: Abomasnow|24\/100\n|-heal|p2b: Iron Hands|100\/100|[from] drain|[of] p1b: Abomasnow\n|\n|-weather|Snow|[upkeep]\n|-damage|p1a: Breloom|42\/100 brn|[from] brn\n|upkeep\n|turn|6\n|inactive|eljulius has 30 seconds left.\n|inactive|FlopperWilly has 30 seconds left.\n|inactive|eljulius has 20 seconds left.\n|\n|t:|1682451320\n|move|p2a: Amoonguss|Protect|p2a: Amoonguss\n|-singleturn|p2a: Amoonguss|Protect\n|move|p1a: Breloom|Bullet Seed|p2b: Iron Hands\n|-damage|p2b: Iron Hands|94\/100\n|-damage|p2b: Iron Hands|87\/100\n|-damage|p2b: Iron Hands|81\/100\n|-hitcount|p2b: Iron Hands|3\n|-damage|p1a: Breloom|32\/100 brn|[from] item: Life Orb\n|move|p1b: Abomasnow|Blizzard|p2a: Amoonguss|[spread] p2b\n|-activate|p2a: Amoonguss|move: Protect\n|-damage|p2b: Iron Hands|60\/100\n|move|p2b: Iron Hands|Drain Punch|p1b: Abomasnow\n|-supereffective|p1b: Abomasnow\n|-damage|p1b: Abomasnow|0 fnt\n|-heal|p2b: Iron Hands|70\/100|[from] drain|[of] p1b: Abomasnow\n|faint|p1b: Abomasnow\n|\n|-weather|Snow|[upkeep]\n|-damage|p1a: Breloom|26\/100 brn|[from] brn\n|upkeep\n|\n|t:|1682451322\n|switch|p1b: Beartic|Beartic, L50, F|100\/100\n|turn|7\n|\n|t:|1682451339\n|switch|p2a: Arcanine|Arcanine, L50, F, shiny|97\/100 par\n|-ability|p2a: Arcanine|Intimidate|boost\n|-unboost|p1a: Breloom|atk|1\n|-unboost|p1b: Beartic|atk|1\n|-end|p2b: Iron Hands|Quark Drive|[silent]\n|switch|p2b: Ting-Lu|Ting-Lu, L50|100\/100\n|-ability|p2b: Ting-Lu|Vessel of Ruin\n|-terastallize|p1b: Beartic|Ice\n|move|p1b: Beartic|Icicle Crash|p2b: Ting-Lu|[miss]\n|-miss|p1b: Beartic|p2b: Ting-Lu\n|move|p1a: Breloom|Spore|p2b: Ting-Lu\n|-status|p2b: Ting-Lu|slp|[from] move: Spore\n|\n|-weather|Snow|[upkeep]\n|-damage|p1a: Breloom|20\/100 brn|[from] brn\n|upkeep\n|turn|8\n|inactive|eljulius has 30 seconds left.\n|inactive|eljulius has 20 seconds left.\n|inactive|eljulius has 15 seconds left.\n|inactive|eljulius has 10 seconds left.\n|\n|t:|1682451388\n|move|p2a: Arcanine|Protect|p2a: Arcanine\n|-singleturn|p2a: Arcanine|Protect\n|move|p1a: Breloom|Mach Punch|p2b: Ting-Lu\n|-supereffective|p2b: Ting-Lu\n|-damage|p2b: Ting-Lu|88\/100 slp\n|-damage|p1a: Breloom|11\/100 brn|[from] item: Life Orb\n|move|p1b: Beartic|Icicle Crash|p2b: Ting-Lu\n|-supereffective|p2b: Ting-Lu\n|-damage|p2b: Ting-Lu|17\/100 slp\n|cant|p2b: Ting-Lu|slp\n|\n|-weather|none\n|-heal|p2b: Ting-Lu|23\/100 slp|[from] item: Leftovers\n|-damage|p1a: Breloom|5\/100 brn|[from] brn\n|upkeep\n|turn|9\n|\n|t:|1682451410\n|move|p1a: Breloom|Rock Tomb|p2a: Arcanine\n|-supereffective|p2a: Arcanine\n|-damage|p2a: Arcanine|79\/100 par\n|-unboost|p2a: Arcanine|spe|1\n|-damage|p1a: Breloom|0 fnt|[from] item: Life Orb\n|faint|p1a: Breloom\n|move|p1b: Beartic|Icicle Crash|p2b: Ting-Lu\n|-supereffective|p2b: Ting-Lu\n|-damage|p2b: Ting-Lu|0 fnt\n|faint|p2b: Ting-Lu\n|move|p2a: Arcanine|Will-O-Wisp|p1b: Beartic\n|-status|p1b: Beartic|brn\n|\n|-damage|p1b: Beartic|95\/100 brn|[from] brn\n|upkeep\n|\n|t:|1682451422\n|switch|p2b: Iron Hands|Iron Hands, L50|70\/100\n|turn|10\n|\n|t:|1682451427\n|move|p2b: Iron Hands|Fake Out|p1b: Beartic\n|-damage|p1b: Beartic|76\/100 brn\n|cant|p1b: Beartic|flinch\n|move|p2a: Arcanine|Flare Blitz|p1b: Beartic\n|-supereffective|p1b: Beartic\n|-damage|p1b: Beartic|0 fnt\n|faint|p1b: Beartic\n|-damage|p2a: Arcanine|53\/100 par|[from] Recoil\n|\n|win|FlopperWilly\n|c|\u2606eljulius|GG\n|c|\u2606FlopperWilly|GG\n|c|\u2606eljulius|Pasaste la replays\n","uploadtime":1682451444,"views":10,"p1id":"eljulius","p2id":"flopperwilly","formatid":"gen9vgc2023regulationc","rating":0,"private":0,"password":""}