{"id":"gen9vgc2023regulationc-1851184136","p1":"iagoky","p2":"ale_fo2","format":"[Gen 9] VGC 2023 Regulation C","log":"|j|\u2606iagoky\n|j|\u2606ale_fo2\n|t:|1682422263\n|gametype|doubles\n|player|p1|iagoky|firebreather|\n|player|p2|ale_fo2|rocketgrunt|\n|teamsize|p1|6\n|teamsize|p2|6\n|gen|9\n|tier|[Gen 9] VGC 2023 Regulation C\n|rule|Species Clause: Limit one of each Pok\u00e9mon\n|rule|Item Clause: Limit one of each item\n|clearpoke\n|poke|p1|Lilligant, L50, F|\n|poke|p1|Torkoal, L50, F|\n|poke|p1|Flutter Mane, L50|\n|poke|p1|Kingambit, L50, F|\n|poke|p1|Dragonite, L50, F|\n|poke|p1|Great Tusk, L50|\n|poke|p2|Flutter Mane, L50|\n|poke|p2|Kingambit, L50, M|\n|poke|p2|Iron Bundle, L50|\n|poke|p2|Arcanine, L50, F|\n|poke|p2|Great Tusk, L50|\n|poke|p2|Corviknight, L50, F|\n|teampreview|4\n|inactive|Battle timer is ON: inactive players will automatically lose when time's up. (requested by iagoky)\niagoky rejected open team sheets.\n|\n|t:|1682422287\n|start\n|switch|p1a: ALE|Torkoal, L50, F, shiny|100\/100\n|switch|p1b: MALO|Flutter Mane, L50, shiny|100\/100\n|switch|p2a: Boyle|Iron Bundle, L50|100\/100\n|switch|p2b: Peralta|Kingambit, L50, M, shiny|100\/100\n|-weather|SunnyDay|[from] ability: Drought|[of] p1a: ALE\n|-activate|p1b: MALO|ability: Protosynthesis\n|-start|p1b: MALO|protosynthesisspa\n|-enditem|p2a: Boyle|Booster Energy\n|-activate|p2a: Boyle|ability: Quark Drive|[fromitem]\n|-start|p2a: Boyle|quarkdrivespe\n|turn|1\n|inactive|iagoky has 30 seconds left.\n|\n|t:|1682422322\n|-terastallize|p2b: Peralta|Flying\n|move|p2a: Boyle|Hydro Pump|p1a: ALE\n|-supereffective|p1a: ALE\n|-damage|p1a: ALE|25\/100\n|move|p1b: MALO|Shadow Ball|p2b: Peralta\n|-damage|p2b: Peralta|44\/100\n|move|p2b: Peralta|Iron Head|p1b: MALO\n|-supereffective|p1b: MALO\n|-damage|p1b: MALO|0 fnt\n|faint|p1b: MALO\n|-end|p1b: MALO|Protosynthesis|[silent]\n|move|p1a: ALE|Eruption|p2b: Peralta|[spread] p2a,p2b\n|-damage|p2a: Boyle|61\/100\n|-damage|p2b: Peralta|32\/100\n|\n|-weather|SunnyDay|[upkeep]\n|upkeep\n|\n|t:|1682422339\n|switch|p1b: MUY|Lilligant, L50, F, shiny|100\/100\n|turn|2\n|\n|t:|1682422352\n|-terastallize|p1b: MUY|Ghost\n|move|p1a: ALE|Protect|p1a: ALE\n|-singleturn|p1a: ALE|Protect\n|move|p2b: Peralta|Sucker Punch||[still]\n|-fail|p2b: Peralta\n|move|p1b: MUY|Leaf Storm|p2a: Boyle\n|-supereffective|p2a: Boyle\n|-damage|p2a: Boyle|0 fnt\n|-unboost|p1b: MUY|spa|2\n|faint|p2a: Boyle\n|-end|p2a: Boyle|Quark Drive|[silent]\n|\n|-weather|SunnyDay|[upkeep]\n|upkeep\n|\n|t:|1682422368\n|switch|p2a: Santiago|Flutter Mane, L50|100\/100\n|-activate|p2a: Santiago|ability: Protosynthesis\n|-start|p2a: Santiago|protosynthesisspa\n|turn|3\n|\n|t:|1682422384\n|move|p1b: MUY|Leaf Storm|p2a: Santiago\n|-damage|p2a: Santiago|73\/100\n|-unboost|p1b: MUY|spa|2\n|move|p2a: Santiago|Moonblast|p1b: MUY\n|-enditem|p1b: MUY|Focus Sash\n|-damage|p1b: MUY|1\/100\n|move|p2b: Peralta|Low Kick|p1a: ALE\n|-damage|p1a: ALE|3\/100\n|move|p1a: ALE|Flamethrower|p2b: Peralta\n|-damage|p2b: Peralta|0 fnt\n|faint|p2b: Peralta\n|\n|-weather|SunnyDay|[upkeep]\n|upkeep\n|\n|t:|1682422398\n|switch|p2b: Scully|Great Tusk, L50|100\/100\n|-activate|p2b: Scully|ability: Protosynthesis\n|-start|p2b: Scully|protosynthesisatk\n|turn|4\n|\n|t:|1682422415\n|move|p1b: MUY|Leaf Storm|p2b: Scully\n|-supereffective|p2b: Scully\n|-crit|p2b: Scully\n|-enditem|p2b: Scully|Focus Sash\n|-damage|p2b: Scully|1\/100\n|-unboost|p1b: MUY|spa|2\n|move|p2a: Santiago|Moonblast|p1b: MUY\n|-damage|p1b: MUY|0 fnt\n|faint|p1b: MUY\n|move|p2b: Scully|Earthquake|p1a: ALE|[spread] p2a,p1a\n|-supereffective|p1a: ALE\n|-damage|p2a: Santiago|0 fnt\n|-damage|p1a: ALE|0 fnt\n|faint|p2a: Santiago\n|-end|p2a: Santiago|Protosynthesis|[silent]\n|faint|p1a: ALE\n|\n|-weather|SunnyDay|[upkeep]\n|upkeep\n|\n|t:|1682422431\n|switch|p1a: HOT|Kingambit, L50, F, shiny|100\/100\n|turn|5\n|c|\u2606ale_fo2|liada\n|\n|t:|1682422440\n|move|p2b: Scully|Headlong Rush|p1a: HOT\n|-supereffective|p1a: HOT\n|-damage|p1a: HOT|0 fnt\n|-unboost|p2b: Scully|def|1\n|-unboost|p2b: Scully|spd|1\n|faint|p1a: HOT\n|\n|win|ale_fo2\n|l|\u2606ale_fo2\n","uploadtime":1682422461,"views":7,"p1id":"iagoky","p2id":"alefo2","formatid":"gen9vgc2023regulationc","rating":0,"private":0,"password":""}