{"id":"gen9vgc2023regulationc-1848599214","p1":"kastyvgc","p2":"sauceconnoisseur","format":"[Gen 9] VGC 2023 Regulation C","log":"|j|\u2606kastyvgc\n|j|\u2606sauceconnoisseur\n|t:|1682093337\n|gametype|doubles\n|player|p1|kastyvgc|pokekid|1266\n|player|p2|sauceconnoisseur|swimmer|1328\n|teamsize|p1|6\n|teamsize|p2|6\n|gen|9\n|tier|[Gen 9] VGC 2023 Regulation C\n|rated|\n|rule|Species Clause: Limit one of each Pok\u00e9mon\n|rule|Item Clause: Limit one of each item\n|clearpoke\n|poke|p1|Roaring Moon, L50|\n|poke|p1|Chien-Pao, L50|\n|poke|p1|Palafin, L50, M|\n|poke|p1|Arcanine, L50, M|\n|poke|p1|Amoonguss, L50, M|\n|poke|p1|Ting-Lu, L50|\n|poke|p2|Maushold, L50|\n|poke|p2|Annihilape, L50, M|\n|poke|p2|Amoonguss, L50, F|\n|poke|p2|Flutter Mane, L50|\n|poke|p2|Talonflame, L50, M|\n|poke|p2|Palafin, L50, F|\n|teampreview|4\n|inactive|Battle timer is ON: inactive players will automatically lose when time's up. (requested by kastyvgc)\nsauceconnoisseur has agreed to open team sheets.\nkastyvgc has agreed to open team sheets.\n|inactive|kastyvgc has 60 seconds left.\n|inactive|sauceconnoisseur has 60 seconds left.\n|inactive|kastyvgc has 30 seconds left.\n|inactive|sauceconnoisseur has 30 seconds left.\n|inactive|kastyvgc has 20 seconds left.\n|inactive|sauceconnoisseur has 20 seconds left.\n|inactive|kastyvgc has 15 seconds left.\n|inactive|sauceconnoisseur has 15 seconds left.\n|inactive|kastyvgc has 10 seconds left.\n|inactive|sauceconnoisseur has 10 seconds left.\n|inactive|sauceconnoisseur has 5 seconds left.\n|\n|t:|1682093423\n|start\n|switch|p1a: makina|Chien-Pao, L50|100\/100\n|switch|p1b: makinaaa|Palafin, L50, M, shiny|100\/100\n|switch|p2a: Maushold|Maushold, L50|100\/100\n|switch|p2b: Talonflame|Talonflame, L50, M|100\/100\n|-ability|p1a: makina|Sword of Ruin\n|turn|1\n|inactive|kastyvgc has 30 seconds left.\n|inactive|kastyvgc has 20 seconds left.\n|inactive|kastyvgc has 15 seconds left.\n|\n|t:|1682093465\n|detailschange|p1b: makinaaa|Palafin-Hero, L50, M, shiny\n|switch|p1b: makinas|Roaring Moon, L50|100\/100\n|-enditem|p1b: makinas|Booster Energy\n|-activate|p1b: makinas|ability: Protosynthesis|[fromitem]\n|-start|p1b: makinas|protosynthesisspe\n|move|p2a: Maushold|Protect|p2a: Maushold\n|-singleturn|p2a: Maushold|Protect\n|move|p2b: Talonflame|Tailwind|p2b: Talonflame\n|-sidestart|p2: sauceconnoisseur|move: Tailwind\n|move|p1a: makina|Ice Spinner|p2b: Talonflame\n|-crit|p2b: Talonflame\n|-damage|p2b: Talonflame|35\/100\n|\n|upkeep\n|turn|2\n|inactive|kastyvgc has 30 seconds left.\n|inactive|sauceconnoisseur has 30 seconds left.\n|inactive|sauceconnoisseur has 20 seconds left.\n|inactive|sauceconnoisseur has 15 seconds left.\n|\n|t:|1682093506\n|switch|p2a: Amoonguss|Amoonguss, L50, F|100\/100\n|move|p2b: Talonflame|Will-O-Wisp|p1b: makinas\n|-status|p1b: makinas|brn\n|move|p1b: makinas|Tailwind|p1b: makinas\n|-sidestart|p1: kastyvgc|move: Tailwind\n|move|p1a: makina|Sacred Sword|p2a: Amoonguss\n|-resisted|p2a: Amoonguss\n|-damage|p2a: Amoonguss|84\/100\n|\n|-damage|p1b: makinas|95\/100 brn|[from] brn\n|upkeep\n|turn|3\n|inactive|kastyvgc has 30 seconds left.\n|inactive|sauceconnoisseur has 30 seconds left.\n|inactive|sauceconnoisseur has 20 seconds left.\n|inactive|sauceconnoisseur has 15 seconds left.\n|\n|t:|1682093549\n|move|p2a: Amoonguss|Protect|p2a: Amoonguss\n|-singleturn|p2a: Amoonguss|Protect\n|move|p1b: makinas|Throat Chop|p2b: Talonflame\n|-damage|p2b: Talonflame|4\/100\n|move|p1a: makina|Ice Spinner|p2a: Amoonguss\n|-activate|p2a: Amoonguss|move: Protect\n|move|p2b: Talonflame|Will-O-Wisp|p1a: makina\n|-status|p1a: makina|brn\n|\n|-damage|p1b: makinas|89\/100 brn|[from] brn\n|-damage|p1a: makina|95\/100 brn|[from] brn\n|upkeep\n|turn|4\n|inactive|sauceconnoisseur has 30 seconds left.\n|inactive|sauceconnoisseur has 20 seconds left.\n|inactive|sauceconnoisseur has 15 seconds left.\n|\n|t:|1682093592\n|move|p2a: Amoonguss|Protect||[still]\n|-fail|p2a: Amoonguss\n|move|p1b: makinas|Acrobatics|p2a: Amoonguss\n|-supereffective|p2a: Amoonguss\n|-damage|p2a: Amoonguss|43\/100\n|-enditem|p2a: Amoonguss|Sitrus Berry|[eat]\n|-heal|p2a: Amoonguss|67\/100|[from] item: Sitrus Berry\n|move|p1a: makina|Ice Spinner|p2a: Amoonguss\n|-supereffective|p2a: Amoonguss\n|-damage|p2a: Amoonguss|26\/100\n|move|p2b: Talonflame|Brave Bird|p1a: makina\n|-damage|p1a: makina|46\/100 brn\n|-damage|p2b: Talonflame|0 fnt|[from] Recoil\n|faint|p2b: Talonflame\n|\n|-damage|p1b: makinas|83\/100 brn|[from] brn\n|-damage|p1a: makina|40\/100 brn|[from] brn\n|-sideend|p2: sauceconnoisseur|move: Tailwind\n|upkeep\n|\n|t:|1682093610\n|switch|p2b: Maushold|Maushold, L50|100\/100\n|turn|5\n|\n|t:|1682093634\n|switch|p2a: Ape 2.0|Annihilape, L50, M|100\/100\n|move|p2b: Maushold|Protect|p2b: Maushold\n|-singleturn|p2b: Maushold|Protect\n|move|p1b: makinas|Acrobatics|p2a: Ape 2.0\n|-supereffective|p2a: Ape 2.0\n|-damage|p2a: Ape 2.0|63\/100\n|move|p1a: makina|Sacred Sword|p2b: Maushold\n|-activate|p2b: Maushold|move: Protect\n|\n|-heal|p2a: Ape 2.0|69\/100|[from] item: Leftovers\n|-damage|p1b: makinas|77\/100 brn|[from] brn\n|-damage|p1a: makina|34\/100 brn|[from] brn\n|-sideend|p1: kastyvgc|move: Tailwind\n|upkeep\n|turn|6\n|inactive|kastyvgc has 30 seconds left.\n|\n|t:|1682093666\n|-terastallize|p1b: makinas|Flying\n|-terastallize|p2b: Maushold|Ghost\n|move|p2b: Maushold|Follow Me|p2b: Maushold\n|-singleturn|p2b: Maushold|move: Follow Me\n|move|p1b: makinas|Acrobatics|p2b: Maushold\n|-damage|p2b: Maushold|53\/100\n|move|p1a: makina|Ice Spinner|p2b: Maushold\n|-damage|p2b: Maushold|25\/100\n|move|p2a: Ape 2.0|Bulk Up|p2a: Ape 2.0\n|-boost|p2a: Ape 2.0|atk|1\n|-boost|p2a: Ape 2.0|def|1\n|\n|-heal|p2a: Ape 2.0|75\/100|[from] item: Leftovers\n|-damage|p1b: makinas|71\/100 brn|[from] brn\n|-damage|p1a: makina|28\/100 brn|[from] brn\n|upkeep\n|turn|7\n|\n|t:|1682093690\n|switch|p1a: makinaaa|Palafin-Hero, L50, M, shiny|100\/100\n|-activate|p1a: makinaaa|ability: Zero to Hero\n|move|p2b: Maushold|Follow Me|p2b: Maushold\n|-singleturn|p2b: Maushold|move: Follow Me\n|move|p1b: makinas|Acrobatics|p2b: Maushold\n|-damage|p2b: Maushold|0 fnt\n|faint|p2b: Maushold\n|move|p2a: Ape 2.0|Rage Fist|p1b: makinas\n|-damage|p1b: makinas|0 fnt\n|faint|p1b: makinas\n|-end|p1b: makinas|Protosynthesis|[silent]\n|\n|-heal|p2a: Ape 2.0|81\/100|[from] item: Leftovers\n|upkeep\n|\n|t:|1682093709\n|switch|p1b: makinarda|Amoonguss, L50, M|100\/100\n|switch|p2b: Amoonguss|Amoonguss, L50, F|59\/100\n|turn|8\n|inactive|kastyvgc has 30 seconds left.\n|\n|t:|1682093738\n|switch|p1a: makina|Chien-Pao, L50|28\/100 brn\n|-ability|p1a: makina|Sword of Ruin\n|move|p2a: Ape 2.0|Bulk Up|p2a: Ape 2.0\n|-boost|p2a: Ape 2.0|atk|1\n|-boost|p2a: Ape 2.0|def|1\n|move|p2b: Amoonguss|Pollen Puff|p2a: Ape 2.0\n|-heal|p2a: Ape 2.0|100\/100\n|move|p1b: makinarda|Spore|p2a: Ape 2.0\n|-status|p2a: Ape 2.0|slp|[from] move: Spore\n|\n|-damage|p1a: makina|22\/100 brn|[from] brn\n|upkeep\n|turn|9\n|\n|t:|1682093759\n|switch|p1b: makinaaa|Palafin-Hero, L50, M, shiny|100\/100\n|move|p2b: Amoonguss|Protect|p2b: Amoonguss\n|-singleturn|p2b: Amoonguss|Protect\n|move|p1a: makina|Ice Spinner|p2b: Amoonguss\n|-activate|p2b: Amoonguss|move: Protect\n|cant|p2a: Ape 2.0|slp\n|\n|-damage|p1a: makina|17\/100 brn|[from] brn\n|upkeep\n|turn|10\n|inactive|sauceconnoisseur has 30 seconds left.\n|\n|t:|1682093799\n|move|p1a: makina|Ice Spinner|p2b: Amoonguss\n|-supereffective|p2b: Amoonguss\n|-damage|p2b: Amoonguss|19\/100\n|move|p1b: makinaaa|Wave Crash|p2b: Amoonguss\n|-resisted|p2b: Amoonguss\n|-damage|p2b: Amoonguss|0 fnt\n|faint|p2b: Amoonguss\n|-damage|p1b: makinaaa|94\/100|[from] Recoil\n|cant|p2a: Ape 2.0|slp\n|\n|-damage|p1a: makina|11\/100 brn|[from] brn\n|upkeep\n|turn|11\n|\n|t:|1682093811\n|switch|p1a: makinarda|Amoonguss, L50, M|100\/100\n|move|p1b: makinaaa|Haze|p1b: makinaaa\n|-clearallboost\n|-curestatus|p2a: Ape 2.0|slp|[msg]\n|move|p2a: Ape 2.0|Rage Fist|p1b: makinaaa\n|-damage|p1b: makinaaa|55\/100\n|\n|upkeep\n|turn|12\n|inactive|sauceconnoisseur has 30 seconds left.\n|inactive|sauceconnoisseur has 20 seconds left.\n|inactive|sauceconnoisseur has 15 seconds left.\n|inactive|sauceconnoisseur has 10 seconds left.\n|\n|t:|1682093857\n|move|p1b: makinaaa|Protect|p1b: makinaaa\n|-singleturn|p1b: makinaaa|Protect\n|move|p2a: Ape 2.0|Rage Fist|p1a: makinarda\n|-damage|p1a: makinarda|66\/100\n|move|p1a: makinarda|Spore|p2a: Ape 2.0\n|-status|p2a: Ape 2.0|slp|[from] move: Spore\n|\n|upkeep\n|turn|13\n|\n|t:|1682093868\n|switch|p1a: makina|Chien-Pao, L50|11\/100 brn\n|-ability|p1a: makina|Sword of Ruin\n|cant|p2a: Ape 2.0|slp\n|move|p1b: makinaaa|Wave Crash|p2a: Ape 2.0\n|-damage|p2a: Ape 2.0|0 fnt\n|faint|p2a: Ape 2.0\n|-damage|p1b: makinaaa|21\/100|[from] Recoil\n|\n|win|kastyvgc\n|raw|kastyvgc's rating: 1266 → 1295<\/strong> (+29 for winning)\n|raw|sauceconnoisseur's rating: 1328 → 1304<\/strong> (-24 for losing)\n","uploadtime":1682093877,"views":7,"p1id":"kastyvgc","p2id":"sauceconnoisseur","formatid":"gen9vgc2023regulationc","rating":1295,"private":0,"password":""}