{"id":"gen9vgc2023regulationc-1862885024","p1":"Scrinkytroph","p2":"wyvernthepumpkin","format":"[Gen 9] VGC 2023 Regulation C","log":"|j|\u2606Scrinkytroph\n|j|\u2606wyvernthepumpkin\n|t:|1683933664\n|gametype|doubles\n|player|p1|Scrinkytroph|dawn-gen4pt|1147\n|player|p2|wyvernthepumpkin|drayden|1085\n|teamsize|p1|6\n|teamsize|p2|6\n|gen|9\n|tier|[Gen 9] VGC 2023 Regulation C\n|rated|\n|rule|Species Clause: Limit one of each Pok\u00e9mon\n|rule|Item Clause: Limit one of each item\n|clearpoke\n|poke|p1|Garchomp, L50, M|\n|poke|p1|Amoonguss, L50, F|\n|poke|p1|Gholdengo, L50|\n|poke|p1|Iron Jugulis, L50|\n|poke|p1|Cetitan, L50, M|\n|poke|p1|Chi-Yu, L50|\n|poke|p2|Klefki, L50, M|\n|poke|p2|Dudunsparce-*, L50, F|\n|poke|p2|Oricorio-Sensu, L50, M|\n|poke|p2|Masquerain, L50, F|\n|poke|p2|Great Tusk, L50|\n|poke|p2|Iron Thorns, L50|\n|teampreview|4\n|inactive|Battle timer is ON: inactive players will automatically lose when time's up. (requested by Scrinkytroph)\n|inactive|Scrinkytroph has 60 seconds left.\n|c|\u2606wyvernthepumpkin|she said no ;-;\n|\n|t:|1683933701\n|start\n|switch|p1a: The Funni|Amoonguss, L50, F, shiny|100\/100\n|switch|p1b: Falcor|Garchomp, L50, M|100\/100\n|switch|p2a: Dudunsparce|Dudunsparce-Three-Segment, L50, F|100\/100\n|switch|p2b: Klefki|Klefki, L50, M|100\/100\n|turn|1\n|\n|t:|1683933719\n|move|p1a: The Funni|Rage Powder|p1a: The Funni\n|-singleturn|p1a: The Funni|move: Rage Powder\n|move|p2b: Klefki|Reflect|p2b: Klefki\n|-sidestart|p2: wyvernthepumpkin|Reflect\n|move|p1b: Falcor|Swords Dance|p1b: Falcor\n|-boost|p1b: Falcor|atk|2\n|move|p2a: Dudunsparce|Coil|p2a: Dudunsparce\n|-boost|p2a: Dudunsparce|atk|1\n|-boost|p2a: Dudunsparce|def|1\n|-boost|p2a: Dudunsparce|accuracy|1\n|\n|upkeep\n|turn|2\n|\n|t:|1683933738\n|move|p1b: Falcor|Swords Dance|p1b: Falcor\n|-boost|p1b: Falcor|atk|2\n|move|p2b: Klefki|Dazzling Gleam|p1a: The Funni|[spread] p1a,p1b\n|-resisted|p1a: The Funni\n|-crit|p1a: The Funni\n|-supereffective|p1b: Falcor\n|-damage|p1a: The Funni|92\/100\n|-damage|p1b: Falcor|63\/100\n|move|p2a: Dudunsparce|Coil|p2a: Dudunsparce\n|-boost|p2a: Dudunsparce|atk|1\n|-boost|p2a: Dudunsparce|def|1\n|-boost|p2a: Dudunsparce|accuracy|1\n|move|p1a: The Funni|Spore|p2a: Dudunsparce\n|-status|p2a: Dudunsparce|slp|[from] move: Spore\n|\n|-heal|p1b: Falcor|69\/100|[from] item: Leftovers\n|upkeep\n|turn|3\n|inactive|Scrinkytroph has 30 seconds left.\n|\n|t:|1683933765\n|-terastallize|p1b: Falcor|Fire\n|move|p1b: Falcor|Dragon Claw|p2a: Dudunsparce\n|-damage|p2a: Dudunsparce|65\/100 slp\n|move|p2b: Klefki|Dazzling Gleam|p1b: Falcor|[spread] p1a,p1b\n|-resisted|p1a: The Funni\n|-resisted|p1b: Falcor\n|-damage|p1a: The Funni|86\/100\n|-damage|p1b: Falcor|60\/100\n|cant|p2a: Dudunsparce|slp\n|move|p1a: The Funni|Pollen Puff|p1b: Falcor\n|-heal|p1b: Falcor|100\/100\n|\n|-heal|p2a: Dudunsparce|71\/100 slp|[from] item: Leftovers\n|upkeep\n|turn|4\n|inactive|Scrinkytroph has 30 seconds left.\n|\n|t:|1683933793\n|move|p2b: Klefki|Protect|p2b: Klefki\n|-singleturn|p2b: Klefki|Protect\n|move|p1b: Falcor|Dragon Claw|p2a: Dudunsparce\n|-damage|p2a: Dudunsparce|36\/100 slp\n|-curestatus|p2a: Dudunsparce|slp|[msg]\n|move|p2a: Dudunsparce|Hyper Drill|p1b: Falcor\n|-damage|p1b: Falcor|32\/100\n|-damage|p2a: Dudunsparce|24\/100|[from] ability: Rough Skin|[of] p1b: Falcor\n|move|p1a: The Funni|Spore|p2b: Klefki\n|-activate|p2b: Klefki|move: Protect\n|\n|-heal|p1b: Falcor|38\/100|[from] item: Leftovers\n|-heal|p2a: Dudunsparce|30\/100|[from] item: Leftovers\n|upkeep\n|turn|5\n|\n|t:|1683933817\n|move|p1b: Falcor|Dragon Claw|p2a: Dudunsparce\n|-damage|p2a: Dudunsparce|0 fnt\n|faint|p2a: Dudunsparce\n|move|p2b: Klefki|Dazzling Gleam|p1a: The Funni|[spread] p1a,p1b\n|-resisted|p1a: The Funni\n|-resisted|p1b: Falcor\n|-damage|p1a: The Funni|81\/100\n|-damage|p1b: Falcor|28\/100\n|move|p1a: The Funni|Pollen Puff|p1b: Falcor\n|-heal|p1b: Falcor|78\/100\n|\n|-heal|p1b: Falcor|84\/100|[from] item: Leftovers\n|upkeep\n|\n|t:|1683933828\n|switch|p2a: Great Tusk|Great Tusk, L50|100\/100\n|turn|6\n|\n|t:|1683933842\n|move|p1a: The Funni|Rage Powder|p1a: The Funni\n|-singleturn|p1a: The Funni|move: Rage Powder\n|move|p1b: Falcor|Dragon Claw|p2a: Great Tusk\n|-damage|p2a: Great Tusk|27\/100\n|move|p2a: Great Tusk|Headlong Rush|p1a: The Funni\n|-damage|p1a: The Funni|14\/100\n|-unboost|p2a: Great Tusk|def|1\n|-unboost|p2a: Great Tusk|spd|1\n|-damage|p2a: Great Tusk|11\/100|[from] item: Rocky Helmet|[of] p1a: The Funni\n|move|p2b: Klefki|Dazzling Gleam|p1b: Falcor|[spread] p1a,p1b\n|-resisted|p1a: The Funni\n|-resisted|p1b: Falcor\n|-damage|p1a: The Funni|8\/100\n|-damage|p1b: Falcor|75\/100\n|\n|-heal|p1b: Falcor|81\/100|[from] item: Leftovers\n|upkeep\n|turn|7\n|\n|t:|1683933866\n|move|p1a: The Funni|Protect|p1a: The Funni\n|-singleturn|p1a: The Funni|Protect\n|move|p1b: Falcor|Earthquake|p2b: Klefki|[spread] p2a,p2b\n|-activate|p1a: The Funni|move: Protect\n|-supereffective|p2b: Klefki\n|-damage|p2a: Great Tusk|0 fnt\n|-damage|p2b: Klefki|0 fnt\n|faint|p2a: Great Tusk\n|-end|p2a: Great Tusk|Protosynthesis|[silent]\n|faint|p2b: Klefki\n|\n|-heal|p1b: Falcor|87\/100|[from] item: Leftovers\n|upkeep\n|\n|t:|1683933877\n|switch|p2b: Iron Thorns|Iron Thorns, L50|100\/100\n|turn|8\n|\n|t:|1683933892\n|-terastallize|p2b: Iron Thorns|Bug\n|move|p1a: The Funni|Rage Powder|p1a: The Funni\n|-singleturn|p1a: The Funni|move: Rage Powder\n|move|p1b: Falcor|Earthquake|p2b: Iron Thorns|[spread] p1a,p2b\n|-resisted|p2b: Iron Thorns\n|-damage|p1a: The Funni|0 fnt\n|-damage|p2b: Iron Thorns|64\/100\n|faint|p1a: The Funni\n|move|p2b: Iron Thorns|Pin Missile|p1b: Falcor\n|-resisted|p1b: Falcor\n|-damage|p1b: Falcor|80\/100\n|-resisted|p1b: Falcor\n|-damage|p1b: Falcor|72\/100\n|-resisted|p1b: Falcor\n|-damage|p1b: Falcor|65\/100\n|-resisted|p1b: Falcor\n|-damage|p1b: Falcor|57\/100\n|-hitcount|p1b: Falcor|4\n|\n|-heal|p1b: Falcor|63\/100|[from] item: Leftovers\n|-sideend|p2: wyvernthepumpkin|Reflect\n|upkeep\n|\n|t:|1683933912\n|switch|p1a: Spicy Nemo|Chi-Yu, L50|100\/100\n|-ability|p1a: Spicy Nemo|Beads of Ruin\n|turn|9\n|\n|t:|1683933919\n|move|p1a: Spicy Nemo|Heat Wave|p2b: Iron Thorns\n|-supereffective|p2b: Iron Thorns\n|-damage|p2b: Iron Thorns|0 fnt\n|faint|p2b: Iron Thorns\n|-end|p2b: Iron Thorns|Quark Drive|[silent]\n|-damage|p1a: Spicy Nemo|90\/100|[from] item: Life Orb\n|\n|win|Scrinkytroph\n|raw|Scrinkytroph's rating: 1147 → 1168<\/strong> (+21 for winning)\n|raw|wyvernthepumpkin's rating: 1085 → 1066<\/strong> (-19 for losing)\n|l|\u2606wyvernthepumpkin\n","uploadtime":1683933953,"views":15,"p1id":"scrinkytroph","p2id":"wyvernthepumpkin","formatid":"gen9vgc2023regulationc","rating":1066,"private":0,"password":""}