{"id":"gen9vgc2023regulationc-1862129228","p1":"DuelLuna","p2":"Fairy Juice Jay","format":"[Gen 9] VGC 2023 Regulation C","log":"|j|\u2606DuelLuna\n|j|\u2606Fairy Juice Jay\n|t:|1683840052\n|gametype|doubles\n|player|p1|DuelLuna|caitlin|\n|player|p2|Fairy Juice Jay|266|\n|teamsize|p1|6\n|teamsize|p2|6\n|gen|9\n|tier|[Gen 9] VGC 2023 Regulation C\n|rule|Species Clause: Limit one of each Pok\u00e9mon\n|rule|Item Clause: Limit one of each item\n|clearpoke\n|poke|p1|Salamence, L50, F|\n|poke|p1|Sandy Shocks, L50|\n|poke|p1|Houndstone, L50, M|\n|poke|p1|Iron Moth, L50|\n|poke|p1|Bellibolt, L50, F|\n|poke|p1|Morgrem, L50, M|\n|poke|p2|Baxcalibur, L50, F|\n|poke|p2|Staraptor, L50, M|\n|poke|p2|Great Tusk, L50|\n|poke|p2|Floatzel, L50, F|\n|poke|p2|Klefki, L50, F|\n|poke|p2|Kilowattrel, L50, F|\n|teampreview|4\nDuelLuna has agreed to open team sheets.\nFairy Juice Jay rejected open team sheets.\n|\n|t:|1683840093\n|start\n|switch|p1a: Morgrem|Morgrem, L50, M|100\/100\n|switch|p1b: Bellibolt|Bellibolt, L50, F|100\/100\n|switch|p2a: Kilowattrel|Kilowattrel, L50, F|100\/100\n|switch|p2b: Trogonth|Great Tusk, L50|100\/100\n|turn|1\n|\n|t:|1683840115\n|-terastallize|p1b: Bellibolt|Fairy\n|move|p1a: Morgrem|Fake Tears|p2b: Trogonth\n|-unboost|p2b: Trogonth|spd|2\n|move|p2a: Kilowattrel|Thunderbolt|p1b: Bellibolt\n|-damage|p1b: Bellibolt|64\/100\n|-start|p1b: Bellibolt|Charge|Thunderbolt|[from] ability: Electromorphosis\n|move|p2b: Trogonth|Earthquake|p1a: Morgrem|[spread] p1a,p1b\n|-immune|p2a: Kilowattrel\n|-damage|p1a: Morgrem|48\/100\n|-damage|p1b: Bellibolt|33\/100\n|-start|p1b: Bellibolt|Charge|Earthquake|[from] ability: Electromorphosis\n|-enditem|p1b: Bellibolt|Sitrus Berry|[eat]\n|-heal|p1b: Bellibolt|58\/100|[from] item: Sitrus Berry\n|move|p1b: Bellibolt|Tera Blast|p2b: Trogonth\n|-supereffective|p2b: Trogonth\n|-enditem|p2b: Trogonth|Focus Sash\n|-damage|p2b: Trogonth|1\/100\n|\n|upkeep\n|turn|2\n|\n|t:|1683840150\n|move|p2b: Trogonth|Protect|p2b: Trogonth\n|-singleturn|p2b: Trogonth|Protect\n|move|p1b: Bellibolt|Protect|p1b: Bellibolt\n|-singleturn|p1b: Bellibolt|Protect\n|move|p1a: Morgrem|Reflect|p1a: Morgrem\n|-sidestart|p1: DuelLuna|Reflect\n|move|p2a: Kilowattrel|Thunderbolt|p1b: Bellibolt\n|-activate|p1b: Bellibolt|move: Protect\n|\n|upkeep\n|turn|3\n|\n|t:|1683840174\n|move|p2a: Kilowattrel|Thunderbolt|p1b: Bellibolt\n|-damage|p1b: Bellibolt|17\/100\n|-start|p1b: Bellibolt|Charge|Thunderbolt|[from] ability: Electromorphosis\n|move|p2b: Trogonth|Headlong Rush|p1b: Bellibolt\n|-damage|p1b: Bellibolt|0 fnt\n|-unboost|p2b: Trogonth|def|1\n|-unboost|p2b: Trogonth|spd|1\n|faint|p1b: Bellibolt\n|move|p1a: Morgrem|Dazzling Gleam|p2b: Trogonth|[spread] p2a,p2b\n|-supereffective|p2b: Trogonth\n|-damage|p2a: Kilowattrel|71\/100\n|-damage|p2b: Trogonth|0 fnt\n|faint|p2b: Trogonth\n|-end|p2b: Trogonth|Protosynthesis|[silent]\n|\n|upkeep\n|\n|t:|1683840189\n|switch|p2b: Gertrude|Baxcalibur, L50, F|100\/100\n|switch|p1b: Houndstone|Houndstone, L50, M|100\/100\n|turn|4\n|\n|t:|1683840208\n|-terastallize|p2b: Gertrude|Steel\n|move|p1a: Morgrem|Taunt|p2b: Gertrude\n|-start|p2b: Gertrude|move: Taunt\n|move|p2a: Kilowattrel|Hurricane|p1b: Houndstone|[miss]\n|-miss|p2a: Kilowattrel|p1b: Houndstone\n|move|p2b: Gertrude|Icicle Spear|p1a: Morgrem\n|-damage|p1a: Morgrem|34\/100\n|-damage|p1a: Morgrem|20\/100\n|-damage|p1a: Morgrem|6\/100\n|-damage|p1a: Morgrem|0 fnt\n|faint|p1a: Morgrem\n|-hitcount|p1: Morgrem|4\n|move|p1b: Houndstone|Last Respects|p2a: Kilowattrel\n|-damage|p2a: Kilowattrel|0 fnt\n|faint|p2a: Kilowattrel\n|\n|upkeep\n|\n|t:|1683840219\n|switch|p2a: Staraptor|Staraptor, L50, M|100\/100\n|switch|p1a: Iron Moth|Iron Moth, L50|100\/100\n|turn|5\n|\n|t:|1683840234\n|move|p2a: Staraptor|Brave Bird|p1a: Iron Moth\n|-damage|p1a: Iron Moth|22\/100\n|-damage|p2a: Staraptor|76\/100|[from] Recoil\n|move|p1a: Iron Moth|Heat Wave|p2a: Staraptor|[spread] p2a,p2b\n|-supereffective|p2b: Gertrude\n|-damage|p2a: Staraptor|0 fnt\n|-damage|p2b: Gertrude|0 fnt\n|faint|p2a: Staraptor\n|faint|p2b: Gertrude\n|\n|win|DuelLuna\n|c|\u2606Fairy Juice Jay|GG\n|c|\u2606DuelLuna|gg\n|l|\u2606Fairy Juice Jay\n","uploadtime":1683842208,"views":9,"p1id":"duelluna","p2id":"fairyjuicejay","formatid":"gen9vgc2023regulationc","rating":0,"private":0,"password":""}