{"id":"gen9vgc2023regulationc-1864102867","p1":"leanbeanpan","p2":"qzy1993","format":"[Gen 9] VGC 2023 Regulation C","log":"|j|\u2606leanbeanpan\n|j|\u2606qzy1993\n|t:|1684117760\n|gametype|doubles\n|player|p1|leanbeanpan|dancer|1158\n|player|p2|qzy1993|169|1170\n|teamsize|p1|6\n|teamsize|p2|6\n|gen|9\n|tier|[Gen 9] VGC 2023 Regulation C\n|rated|\n|rule|Species Clause: Limit one of each Pok\u00e9mon\n|rule|Item Clause: Limit one of each item\n|clearpoke\n|poke|p1|Flutter Mane, L50|\n|poke|p1|Murkrow, L50, F|\n|poke|p1|Brute Bonnet, L50|\n|poke|p1|Chi-Yu, L50|\n|poke|p1|Arcanine, L50, M|\n|poke|p1|Iron Bundle, L50|\n|poke|p2|Iron Valiant, L50|\n|poke|p2|Toxapex, L50, M|\n|poke|p2|Meowscarada, L50, M|\n|poke|p2|Kingambit, L50, F|\n|poke|p2|Chi-Yu, L50|\n|poke|p2|Talonflame, L50, F|\n|teampreview|4\n|inactive|Battle timer is ON: inactive players will automatically lose when time's up. (requested by leanbeanpan)\n|inactive|leanbeanpan has 60 seconds left.\n|inactive|qzy1993 has 60 seconds left.\n|\n|t:|1684117816\n|start\n|switch|p1a: Murkrow|Murkrow, L50, F|100\/100\n|switch|p1b: Flutter Mane|Flutter Mane, L50|100\/100\n|switch|p2a: Talonflame|Talonflame, L50, F|100\/100\n|switch|p2b: Kingambit|Kingambit, L50, F|100\/100\n|turn|1\n|inactive|leanbeanpan has 30 seconds left.\n|\n|t:|1684117850\n|-terastallize|p2b: Kingambit|Fairy\n|move|p1b: Flutter Mane|Protect|p1b: Flutter Mane\n|-singleturn|p1b: Flutter Mane|Protect\n|move|p2a: Talonflame|Tailwind|p2a: Talonflame\n|-sidestart|p2: qzy1993|move: Tailwind\n|move|p1a: Murkrow|Brave Bird|p2a: Talonflame\n|-damage|p2a: Talonflame|21\/100\n|-damage|p1a: Murkrow|70\/100|[from] Recoil\n|move|p2b: Kingambit|Tera Blast|p1a: Murkrow\n|-supereffective|p1a: Murkrow\n|-damage|p1a: Murkrow|0 fnt\n|faint|p1a: Murkrow\n|\n|upkeep\n|inactive|leanbeanpan has 30 seconds left.\n|\n|t:|1684117882\n|switch|p1a: Brute Bonnet|Brute Bonnet, L50|100\/100\n|turn|2\n|inactive|leanbeanpan has 30 seconds left.\n|inactive|qzy1993 has 30 seconds left.\n|inactive|leanbeanpan has 20 seconds left.\n|inactive|leanbeanpan has 15 seconds left.\n|inactive|qzy1993 has 20 seconds left.\n|inactive|leanbeanpan has 10 seconds left.\n|\n|t:|1684117931\n|-terastallize|p1a: Brute Bonnet|Grass\n|move|p2a: Talonflame|Brave Bird|p1b: Flutter Mane\n|-damage|p1b: Flutter Mane|22\/100\n|-damage|p2a: Talonflame|0 fnt|[from] Recoil\n|faint|p2a: Talonflame\n|move|p1b: Flutter Mane|Dazzling Gleam|p2b: Kingambit\n|-damage|p2b: Kingambit|72\/100\n|move|p2b: Kingambit|Tera Blast|p1b: Flutter Mane\n|-damage|p1b: Flutter Mane|0 fnt\n|faint|p1b: Flutter Mane\n|-end|p1b: Flutter Mane|Protosynthesis|[silent]\n|move|p1a: Brute Bonnet|Spore|p2b: Kingambit\n|-status|p2b: Kingambit|slp|[from] move: Spore\n|\n|upkeep\n|\n|t:|1684117952\n|switch|p2a: Iron Valiant|Iron Valiant, L50|100\/100\n|switch|p1b: Chi-Yu|Chi-Yu, L50|100\/100\n|-ability|p1b: Chi-Yu|Beads of Ruin\n|-enditem|p2a: Iron Valiant|Booster Energy\n|-activate|p2a: Iron Valiant|ability: Quark Drive|[fromitem]\n|-start|p2a: Iron Valiant|quarkdrivespe\n|turn|3\n|inactive|leanbeanpan has 30 seconds left.\n|inactive|leanbeanpan has 20 seconds left.\n|\n|t:|1684117989\n|move|p2a: Iron Valiant|Protect|p2a: Iron Valiant\n|-singleturn|p2a: Iron Valiant|Protect\n|move|p1a: Brute Bonnet|Rage Powder|p1a: Brute Bonnet\n|-singleturn|p1a: Brute Bonnet|move: Rage Powder\n|move|p1b: Chi-Yu|Heat Wave|p2a: Iron Valiant|[spread] p2b\n|-activate|p2a: Iron Valiant|move: Protect\n|-damage|p2b: Kingambit|32\/100 slp\n|cant|p2b: Kingambit|slp\n|\n|upkeep\n|turn|4\n|inactive|leanbeanpan has 30 seconds left.\n|inactive|leanbeanpan has 20 seconds left.\n|\n|t:|1684118027\n|move|p1a: Brute Bonnet|Rage Powder|p1a: Brute Bonnet\n|-singleturn|p1a: Brute Bonnet|move: Rage Powder\n|move|p2a: Iron Valiant|Close Combat|p1a: Brute Bonnet\n|-damage|p1a: Brute Bonnet|51\/100\n|-unboost|p2a: Iron Valiant|def|1\n|-unboost|p2a: Iron Valiant|spd|1\n|move|p1b: Chi-Yu|Nasty Plot|p1b: Chi-Yu\n|-boost|p1b: Chi-Yu|spa|2\n|-curestatus|p2b: Kingambit|slp|[msg]\n|move|p2b: Kingambit|Stone Edge|p1a: Brute Bonnet\n|-damage|p1a: Brute Bonnet|22\/100\n|-enditem|p1a: Brute Bonnet|Figy Berry|[eat]\n|-heal|p1a: Brute Bonnet|55\/100|[from] item: Figy Berry\n|\n|-sideend|p2: qzy1993|move: Tailwind\n|upkeep\n|turn|5\n|inactive|qzy1993 has 30 seconds left.\n|\n|t:|1684118056\n|move|p1a: Brute Bonnet|Rage Powder|p1a: Brute Bonnet\n|-singleturn|p1a: Brute Bonnet|move: Rage Powder\n|move|p2a: Iron Valiant|Close Combat|p1a: Brute Bonnet\n|-damage|p1a: Brute Bonnet|2\/100\n|-unboost|p2a: Iron Valiant|def|1\n|-unboost|p2a: Iron Valiant|spd|1\n|move|p1b: Chi-Yu|Heat Wave|p2a: Iron Valiant|[spread] p2a,p2b\n|-damage|p2a: Iron Valiant|0 fnt\n|-damage|p2b: Kingambit|0 fnt\n|faint|p2a: Iron Valiant\n|-end|p2a: Iron Valiant|Quark Drive|[silent]\n|faint|p2b: Kingambit\n|\n|upkeep\n|\n|t:|1684118070\n|switch|p2a: Toxapex|Toxapex, L50, M|100\/100\n|turn|6\n|\n|t:|1684118092\n|move|p2a: Toxapex|Baneful Bunker|p2a: Toxapex\n|-singleturn|p2a: Toxapex|move: Protect\n|move|p1b: Chi-Yu|Dark Pulse|p2a: Toxapex\n|-activate|p2a: Toxapex|move: Protect\n|move|p1a: Brute Bonnet|Seed Bomb|p2a: Toxapex\n|-activate|p2a: Toxapex|move: Protect\n|\n|upkeep\n|turn|7\n|\n|t:|1684118110\n|move|p1b: Chi-Yu|Dark Pulse|p2a: Toxapex\n|-damage|p2a: Toxapex|12\/100\n|-enditem|p2a: Toxapex|Sitrus Berry|[eat]\n|-heal|p2a: Toxapex|37\/100|[from] item: Sitrus Berry\n|move|p1a: Brute Bonnet|Seed Bomb|p2a: Toxapex\n|-damage|p2a: Toxapex|2\/100\n|move|p2a: Toxapex|Chilling Water|p1b: Chi-Yu\n|-supereffective|p1b: Chi-Yu\n|-damage|p1b: Chi-Yu|73\/100\n|-unboost|p1b: Chi-Yu|atk|1\n|\n|upkeep\n|turn|8\n|\n|t:|1684118126\n|move|p1a: Brute Bonnet|Rage Powder|p1a: Brute Bonnet\n|-singleturn|p1a: Brute Bonnet|move: Rage Powder\n|move|p1b: Chi-Yu|Dark Pulse|p2a: Toxapex\n|-damage|p2a: Toxapex|0 fnt\n|faint|p2a: Toxapex\n|\n|win|leanbeanpan\n|raw|leanbeanpan's rating: 1158 → 1184<\/strong> (+26 for winning)\n|raw|qzy1993's rating: 1170 → 1144<\/strong> (-26 for losing)\n","uploadtime":1684118190,"views":12,"p1id":"leanbeanpan","p2id":"qzy1993","formatid":"gen9vgc2023regulationc","rating":1144,"private":0,"password":""}