{"id":"gen9vgc2023regulationc-1847249237","p1":"jmmata95","p2":"Milk A Rush","format":"[Gen 9] VGC 2023 Regulation C","log":"|j|\u2606jmmata95\n|j|\u2606Milk A Rush\n|t:|1681931375\n|gametype|doubles\n|player|p1|jmmata95|101|1000\n|player|p2|Milk A Rush|emma|1048\n|teamsize|p1|6\n|teamsize|p2|6\n|gen|9\n|tier|[Gen 9] VGC 2023 Regulation C\n|rated|\n|rule|Species Clause: Limit one of each Pok\u00e9mon\n|rule|Item Clause: Limit one of each item\n|clearpoke\n|poke|p1|Palafin, L50, F|\n|poke|p1|Wo-Chien, L50|\n|poke|p1|Iron Hands, L50|\n|poke|p1|Chi-Yu, L50|\n|poke|p1|Flutter Mane, L50|\n|poke|p1|Ting-Lu, L50|\n|poke|p2|Scream Tail, L50|\n|poke|p2|Hariyama, L50, F|\n|poke|p2|Ting-Lu, L50|\n|poke|p2|Torkoal, L50, M|\n|poke|p2|Flutter Mane, L50|\n|poke|p2|Amoonguss, L50, F|\n|teampreview|4\n|inactive|Battle timer is ON: inactive players will automatically lose when time's up. (requested by jmmata95)\nMilk A Rush has agreed to open team sheets.\n|inactive|jmmata95 has 60 seconds left.\n|inactive|Milk A Rush has 60 seconds left.\n|\n|t:|1681931434\n|start\n|switch|p1a: Ting-Lu|Ting-Lu, L50|100\/100\n|switch|p1b: Palafin|Palafin, L50, F|100\/100\n|switch|p2a: Scream Tail|Scream Tail, L50|100\/100\n|switch|p2b: Amoonguss|Amoonguss, L50, F|100\/100\n|-ability|p1a: Ting-Lu|Vessel of Ruin\n|turn|1\n|inactive|jmmata95 has 30 seconds left.\n|inactive|Milk A Rush has 30 seconds left.\n|inactive|jmmata95 has 20 seconds left.\n|inactive|Milk A Rush has 20 seconds left.\n|inactive|jmmata95 has 15 seconds left.\n|\n|t:|1681931477\n|detailschange|p1b: Palafin|Palafin-Hero, L50, F\n|switch|p1b: Wo-Chien|Wo-Chien, L50|100\/100\n|-ability|p1b: Wo-Chien|Tablets of Ruin\n|move|p1a: Ting-Lu|Heavy Slam|p2a: Scream Tail\n|-supereffective|p2a: Scream Tail\n|-damage|p2a: Scream Tail|58\/100\n|move|p2b: Amoonguss|Spore|p1a: Ting-Lu\n|-status|p1a: Ting-Lu|slp|[from] move: Spore\n|move|p2a: Scream Tail|Trick Room|p2a: Scream Tail\n|-fieldstart|move: Trick Room|[of] p2a: Scream Tail\n|\n|upkeep\n|turn|2\n|inactive|Milk A Rush has 30 seconds left.\n|\n|t:|1681931505\n|switch|p2b: Hariyama|Hariyama, L50, F|100\/100\n|cant|p1a: Ting-Lu|slp\n|move|p1b: Wo-Chien|Leech Seed|p2a: Scream Tail\n|-start|p2a: Scream Tail|move: Leech Seed\n|move|p2a: Scream Tail|Howl|p2a: Scream Tail|[spread] p2a,p2b\n|-boost|p2a: Scream Tail|atk|1\n|-boost|p2b: Hariyama|atk|1\n|\n|-damage|p2a: Scream Tail|46\/100|[from] Leech Seed|[of] p1b: Wo-Chien\n|-status|p2b: Hariyama|brn|[from] item: Flame Orb\n|upkeep\n|turn|3\n|inactive|Milk A Rush has 30 seconds left.\n|inactive|Milk A Rush has 20 seconds left.\n|inactive|Milk A Rush has 15 seconds left.\n|\n|t:|1681931550\n|-end|p2a: Scream Tail|Protosynthesis|[silent]\n|switch|p2a: Amoonguss|Amoonguss, L50, F|100\/100\n|move|p1b: Wo-Chien|Protect|p1b: Wo-Chien\n|-singleturn|p1b: Wo-Chien|Protect\n|move|p2b: Hariyama|Close Combat|p1b: Wo-Chien\n|-activate|p1b: Wo-Chien|move: Protect\n|-curestatus|p1a: Ting-Lu|slp|[msg]\n|move|p1a: Ting-Lu|Ruination|p2b: Hariyama\n|-damage|p2b: Hariyama|51\/100 brn\n|\n|-damage|p2b: Hariyama|45\/100 brn|[from] brn\n|upkeep\n|turn|4\n|inactive|jmmata95 has 30 seconds left.\n|\n|t:|1681931580\n|switch|p1b: Flutter Mane|Flutter Mane, L50|100\/100\n|move|p1a: Ting-Lu|Protect|p1a: Ting-Lu\n|-singleturn|p1a: Ting-Lu|Protect\n|move|p2a: Amoonguss|Pollen Puff|p2b: Hariyama\n|-heal|p2b: Hariyama|95\/100 brn\n|move|p2b: Hariyama|Close Combat|p1a: Ting-Lu\n|-activate|p1a: Ting-Lu|move: Protect\n|\n|-damage|p2b: Hariyama|89\/100 brn|[from] brn\n|upkeep\n|turn|5\n|\n|t:|1681931604\n|-terastallize|p2b: Hariyama|Steel\n|-terastallize|p1a: Ting-Lu|Grass\n|move|p2a: Amoonguss|Spore|p1a: Ting-Lu\n|-immune|p1a: Ting-Lu\n|move|p2b: Hariyama|Heavy Slam|p1b: Flutter Mane\n|-supereffective|p1b: Flutter Mane\n|-damage|p1b: Flutter Mane|0 fnt\n|faint|p1b: Flutter Mane\n|-end|p1b: Flutter Mane|Protosynthesis|[silent]\n|move|p1a: Ting-Lu|Ruination|p2b: Hariyama\n|-damage|p2b: Hariyama|45\/100 brn\n|\n|-damage|p2b: Hariyama|39\/100 brn|[from] brn\n|-fieldend|move: Trick Room\n|upkeep\n|\n|t:|1681931615\n|switch|p1b: Palafin|Palafin-Hero, L50, F|100\/100\n|-activate|p1b: Palafin|ability: Zero to Hero\n|turn|6\n|\n|t:|1681931627\n|move|p2a: Amoonguss|Rage Powder|p2a: Amoonguss\n|-singleturn|p2a: Amoonguss|move: Rage Powder\n|move|p1b: Palafin|Jet Punch|p2a: Amoonguss\n|-resisted|p2a: Amoonguss\n|-damage|p2a: Amoonguss|81\/100\n|move|p1a: Ting-Lu|Ruination|p2a: Amoonguss|[miss]\n|-miss|p1a: Ting-Lu|p2a: Amoonguss\n|move|p2b: Hariyama|Close Combat|p1b: Palafin\n|-damage|p1b: Palafin|0 fnt\n|-unboost|p2b: Hariyama|def|1\n|-unboost|p2b: Hariyama|spd|1\n|faint|p1b: Palafin\n|\n|-damage|p2b: Hariyama|33\/100 brn|[from] brn\n|upkeep\n|\n|t:|1681931640\n|switch|p1b: Wo-Chien|Wo-Chien, L50|100\/100\n|-ability|p1b: Wo-Chien|Tablets of Ruin\n|turn|7\n|\n|t:|1681931656\n|move|p1b: Wo-Chien|Protect|p1b: Wo-Chien\n|-singleturn|p1b: Wo-Chien|Protect\n|move|p2a: Amoonguss|Rage Powder|p2a: Amoonguss\n|-singleturn|p2a: Amoonguss|move: Rage Powder\n|move|p1a: Ting-Lu|Body Press|p2b: Hariyama\n|-supereffective|p2b: Hariyama\n|-damage|p2b: Hariyama|0 fnt\n|faint|p2b: Hariyama\n|\n|upkeep\n|\n|t:|1681931672\n|switch|p2b: Ting-Lu|Ting-Lu, L50|100\/100\n|-ability|p2b: Ting-Lu|Vessel of Ruin\n|turn|8\n|\n|t:|1681931695\n|move|p1a: Ting-Lu|Protect|p1a: Ting-Lu\n|-singleturn|p1a: Ting-Lu|Protect\n|move|p1b: Wo-Chien|Leech Seed|p2b: Ting-Lu|[miss]\n|-miss|p1b: Wo-Chien|p2b: Ting-Lu\n|move|p2b: Ting-Lu|Fissure|p1a: Ting-Lu\n|-activate|p1a: Ting-Lu|move: Protect\n|move|p2a: Amoonguss|Pollen Puff|p1b: Wo-Chien\n|-supereffective|p1b: Wo-Chien\n|-damage|p1b: Wo-Chien|55\/100\n|\n|-heal|p1b: Wo-Chien|61\/100|[from] item: Leftovers\n|upkeep\n|turn|9\n|inactive|jmmata95 has 30 seconds left.\n|\n|t:|1681931725\n|move|p1b: Wo-Chien|Leech Seed|p2b: Ting-Lu\n|-start|p2b: Ting-Lu|move: Leech Seed\n|move|p2b: Ting-Lu|Fissure|p1a: Ting-Lu|[miss]\n|-miss|p2b: Ting-Lu|p1a: Ting-Lu\n|move|p1a: Ting-Lu|Body Press|p2b: Ting-Lu\n|-supereffective|p2b: Ting-Lu\n|-damage|p2b: Ting-Lu|82\/100\n|move|p2a: Amoonguss|Pollen Puff|p1b: Wo-Chien\n|-supereffective|p1b: Wo-Chien\n|-crit|p1b: Wo-Chien\n|-damage|p1b: Wo-Chien|0 fnt\n|faint|p1b: Wo-Chien\n|\n|upkeep\n|turn|10\n|\n|t:|1681931740\n|move|p2b: Ting-Lu|Fissure|p1a: Ting-Lu\n|-damage|p1a: Ting-Lu|0 fnt\n|faint|p1a: Ting-Lu\n|-ohko\n|\n|win|Milk A Rush\n|raw|jmmata95's rating: 1000 → 1000<\/strong> (+0 for losing)\n|raw|Milk A Rush's rating: 1048 → 1076<\/strong> (+28 for winning)\n|l|\u2606jmmata95\n","uploadtime":1681931746,"views":11,"p1id":"jmmata95","p2id":"milkarush","formatid":"gen9vgc2023regulationc","rating":1000,"private":0,"password":""}