{"id":"gen9vgc2023regulationc-1855409750","p1":"Superkudden","p2":"Schnitzl7335","format":"[Gen 9] VGC 2023 Regulation C","log":"|j|\u2606Superkudden\n|j|\u2606Schnitzl7335\n|t:|1682948662\n|gametype|doubles\n|player|p1|Superkudden|boarder|1075\n|player|p2|Schnitzl7335|170|1000\n|teamsize|p1|6\n|teamsize|p2|6\n|gen|9\n|tier|[Gen 9] VGC 2023 Regulation C\n|rated|\n|rule|Species Clause: Limit one of each Pok\u00e9mon\n|rule|Item Clause: Limit one of each item\n|clearpoke\n|poke|p1|Flutter Mane, L50|\n|poke|p1|Chi-Yu, L50|\n|poke|p1|Garganacl, L50, M|\n|poke|p1|Gyarados, L50, F|\n|poke|p1|Ting-Lu, L50|\n|poke|p1|Amoonguss, L50, F|\n|poke|p2|Iron Valiant, L50|\n|poke|p2|Annihilape, L50, F|\n|poke|p2|Garchomp, L50, F|\n|poke|p2|Corviknight, L50, F|\n|poke|p2|Gengar, L50, F|\n|poke|p2|Chien-Pao, L50|\n|teampreview|4\n|\n|t:|1682948707\n|start\n|switch|p1a: Garganacl|Garganacl, L50, M|100\/100\n|switch|p1b: Gyarados|Gyarados, L50, F|100\/100\n|switch|p2a: Chien-Pao|Chien-Pao, L50|100\/100\n|switch|p2b: Corviknight|Corviknight, L50, F|100\/100\n|-ability|p2a: Chien-Pao|Sword of Ruin\n|-ability|p1b: Gyarados|Intimidate|boost\n|-unboost|p2a: Chien-Pao|atk|1\n|-ability|p2b: Corviknight|Mirror Armor\n|-unboost|p1b: Gyarados|atk|1\n|turn|1\n|\n|t:|1682948739\n|switch|p1b: Amoonguss|Amoonguss, L50, F|100\/100\n|-terastallize|p2a: Chien-Pao|Fighting\n|move|p2a: Chien-Pao|Sacred Sword|p1a: Garganacl\n|-supereffective|p1a: Garganacl\n|-damage|p1a: Garganacl|50\/100\n|move|p2b: Corviknight|Tailwind|p2b: Corviknight\n|-sidestart|p2: Schnitzl7335|move: Tailwind\n|move|p1a: Garganacl|Block|p2a: Chien-Pao\n|-activate|p2a: Chien-Pao|trapped\n|\n|-heal|p1a: Garganacl|56\/100|[from] item: Leftovers\n|upkeep\n|turn|2\n|\n|t:|1682948759\n|move|p1a: Garganacl|Protect|p1a: Garganacl\n|-singleturn|p1a: Garganacl|Protect\n|move|p2a: Chien-Pao|Sacred Sword|p1a: Garganacl\n|-activate|p1a: Garganacl|move: Protect\n|move|p2b: Corviknight|Bulk Up|p2b: Corviknight\n|-boost|p2b: Corviknight|atk|1\n|-boost|p2b: Corviknight|def|1\n|move|p1b: Amoonguss|Spore|p2a: Chien-Pao\n|-status|p2a: Chien-Pao|slp|[from] move: Spore\n|\n|-heal|p1a: Garganacl|62\/100|[from] item: Leftovers\n|upkeep\n|turn|3\n|\n|t:|1682948778\n|move|p1b: Amoonguss|Rage Powder|p1b: Amoonguss\n|-singleturn|p1b: Amoonguss|move: Rage Powder\n|cant|p2a: Chien-Pao|slp\n|move|p2b: Corviknight|Iron Head|p1b: Amoonguss\n|-damage|p1b: Amoonguss|34\/100\n|-damage|p2b: Corviknight|84\/100|[from] item: Rocky Helmet|[of] p1b: Amoonguss\n|move|p1a: Garganacl|Salt Cure|p2a: Chien-Pao\n|-resisted|p2a: Chien-Pao\n|-damage|p2a: Chien-Pao|91\/100 slp\n|-start|p2a: Chien-Pao|Salt Cure\n|\n|-heal|p1a: Garganacl|68\/100|[from] item: Leftovers\n|-damage|p2a: Chien-Pao|79\/100 slp|[from] Salt Cure\n|upkeep\n|turn|4\n|\n|t:|1682948801\n|switch|p1b: Gyarados|Gyarados, L50, F|100\/100\n|-ability|p1b: Gyarados|Intimidate|boost\n|-unboost|p2a: Chien-Pao|atk|1\n|-ability|p2b: Corviknight|Mirror Armor\n|-unboost|p1b: Gyarados|atk|1\n|cant|p2a: Chien-Pao|slp\n|move|p2b: Corviknight|Iron Head|p1a: Garganacl\n|-supereffective|p1a: Garganacl\n|-damage|p1a: Garganacl|0 fnt\n|faint|p1a: Garganacl\n|\n|-damage|p2a: Chien-Pao|66\/100 slp|[from] Salt Cure\n|-sideend|p2: Schnitzl7335|move: Tailwind\n|upkeep\n|\n|t:|1682948816\n|switch|p1a: Flutter Mane|Flutter Mane, L50|100\/100\n|-enditem|p1a: Flutter Mane|Booster Energy\n|-activate|p1a: Flutter Mane|ability: Protosynthesis|[fromitem]\n|-start|p1a: Flutter Mane|protosynthesisspe\n|turn|5\n|\n|t:|1682948854\n|move|p1a: Flutter Mane|Shadow Ball|p2b: Corviknight\n|-damage|p2b: Corviknight|42\/100\n|cant|p2a: Chien-Pao|slp\n|move|p1b: Gyarados|Thunder Wave|p2b: Corviknight\n|-status|p2b: Corviknight|par\n|cant|p2b: Corviknight|par\n|\n|-damage|p2a: Chien-Pao|54\/100 slp|[from] Salt Cure\n|upkeep\n|turn|6\n|\n|t:|1682948875\n|move|p1a: Flutter Mane|Shadow Ball|p2b: Corviknight\n|-damage|p2b: Corviknight|0 fnt\n|faint|p2b: Corviknight\n|-curestatus|p2a: Chien-Pao|slp|[msg]\n|move|p2a: Chien-Pao|Throat Chop|p1a: Flutter Mane\n|-damage|p1a: Flutter Mane|40\/100\n|-start|p1a: Flutter Mane|Throat Chop|[silent]\n|move|p1b: Gyarados|Waterfall|p2a: Chien-Pao\n|-damage|p2a: Chien-Pao|22\/100\n|\n|-damage|p2a: Chien-Pao|10\/100|[from] Salt Cure\n|upkeep\n|\n|t:|1682948890\n|switch|p2b: Garchomp|Garchomp, L50, F|100\/100\n|turn|7\n|\n|t:|1682948906\n|-terastallize|p1a: Flutter Mane|Fairy\n|move|p2a: Chien-Pao|Ice Shard|p1a: Flutter Mane\n|-damage|p1a: Flutter Mane|12\/100\n|move|p1a: Flutter Mane|Dazzling Gleam|p2a: Chien-Pao|[spread] p2a,p2b\n|-supereffective|p2a: Chien-Pao\n|-crit|p2a: Chien-Pao\n|-supereffective|p2b: Garchomp\n|-damage|p2a: Chien-Pao|0 fnt\n|-damage|p2b: Garchomp|9\/100\n|faint|p2a: Chien-Pao\n|move|p2b: Garchomp|Swords Dance|p2b: Garchomp\n|-boost|p2b: Garchomp|atk|2\n|move|p1b: Gyarados|Waterfall|p2b: Garchomp\n|-damage|p2b: Garchomp|0 fnt\n|-damage|p1b: Gyarados|88\/100|[from] ability: Rough Skin|[of] p2b: Garchomp\n|-damage|p1b: Gyarados|72\/100|[from] item: Rocky Helmet|[of] p2b: Garchomp\n|faint|p2b: Garchomp\n|\n|-end|p1a: Flutter Mane|Throat Chop|[silent]\n|upkeep\n|\n|t:|1682948911\n|switch|p2a: Iron Valiant|Iron Valiant, L50|100\/100\n|-enditem|p2a: Iron Valiant|Booster Energy\n|-activate|p2a: Iron Valiant|ability: Quark Drive|[fromitem]\n|-start|p2a: Iron Valiant|quarkdrivespe\n|turn|8\n|\n|t:|1682948945\n|move|p1a: Flutter Mane|Dazzling Gleam|p2a: Iron Valiant\n|-supereffective|p2a: Iron Valiant\n|-damage|p2a: Iron Valiant|0 fnt\n|faint|p2a: Iron Valiant\n|-end|p2a: Iron Valiant|Quark Drive|[silent]\n|\n|win|Superkudden\n|raw|Superkudden's rating: 1075 → 1098<\/strong> (+23 for winning)\n|raw|Schnitzl7335's rating: 1000 → 1000<\/strong> (+0 for losing)\n|l|\u2606Schnitzl7335\n","uploadtime":1682948954,"views":17,"p1id":"superkudden","p2id":"schnitzl7335","formatid":"gen9vgc2023regulationc","rating":1000,"private":0,"password":""}