{"id":"gen9vgc2023regulationc-1848632015","p1":"BlindMagneton","p2":"bentoboxkiller","format":"[Gen 9] VGC 2023 Regulation C","log":"|j|\u2606BlindMagneton\n|j|\u2606bentoboxkiller\n|t:|1682096115\n|gametype|doubles\n|player|p1|BlindMagneton|wattson|1331\n|player|p2|bentoboxkiller|265|1396\n|teamsize|p1|6\n|teamsize|p2|6\n|gen|9\n|tier|[Gen 9] VGC 2023 Regulation C\n|rated|\n|rule|Species Clause: Limit one of each Pok\u00e9mon\n|rule|Item Clause: Limit one of each item\n|clearpoke\n|poke|p1|Tinkaton, L50, F|\n|poke|p1|Wo-Chien, L50|\n|poke|p1|Ceruledge, L50, F|\n|poke|p1|Grimmsnarl, L50, M|\n|poke|p1|Chien-Pao, L50|\n|poke|p1|Dragapult, L50, F|\n|poke|p2|Tyranitar, L50, M|\n|poke|p2|Orthworm, L50, M|\n|poke|p2|Indeedee-F, L50, F|\n|poke|p2|Ting-Lu, L50|\n|poke|p2|Chien-Pao, L50|\n|poke|p2|Misdreavus, L50, F|\n|teampreview|4\n|inactive|Battle timer is ON: inactive players will automatically lose when time's up. (requested by bentoboxkiller)\n|inactive|BlindMagneton has 60 seconds left.\n|inactive|bentoboxkiller has 60 seconds left.\n|inactive|BlindMagneton has 30 seconds left.\n|inactive|bentoboxkiller has 30 seconds left.\n|inactive|BlindMagneton has 20 seconds left.\n|inactive|BlindMagneton has 15 seconds left.\n|inactive|BlindMagneton has 10 seconds left.\n|inactive|BlindMagneton has 5 seconds left.\n|\n|t:|1682096201\n|start\n|switch|p1a: Ceruledge|Ceruledge, L50, F|100\/100\n|switch|p1b: Wo-Chien|Wo-Chien, L50|100\/100\n|switch|p2a: Indeedee|Indeedee-F, L50, F|100\/100\n|switch|p2b: Orthworm|Orthworm, L50, M|100\/100\n|-ability|p1b: Wo-Chien|Tablets of Ruin\n|-fieldstart|move: Psychic Terrain|[from] ability: Psychic Surge|[of] p2a: Indeedee\n|turn|1\n|inactive|bentoboxkiller has 30 seconds left.\n|inactive|bentoboxkiller has 20 seconds left.\n|\n|t:|1682096240\n|switch|p2a: Tyranitar|Tyranitar, L50, M|100\/100\n|-weather|Sandstorm|[from] ability: Sand Stream|[of] p2a: Tyranitar\n|-enditem|p2a: Tyranitar|Psychic Seed\n|-boost|p2a: Tyranitar|spd|1|[from] item: Psychic Seed\n|-terastallize|p2b: Orthworm|Fire\n|move|p1a: Ceruledge|Bulk Up|p1a: Ceruledge\n|-boost|p1a: Ceruledge|atk|1\n|-boost|p1a: Ceruledge|def|1\n|move|p1b: Wo-Chien|Leech Seed|p2a: Tyranitar\n|-start|p2a: Tyranitar|move: Leech Seed\n|move|p2b: Orthworm|Iron Defense|p2b: Orthworm\n|-boost|p2b: Orthworm|def|2\n|\n|-weather|Sandstorm|[upkeep]\n|-damage|p1a: Ceruledge|94\/100|[from] Sandstorm\n|-damage|p1b: Wo-Chien|94\/100|[from] Sandstorm\n|-damage|p2b: Orthworm|94\/100|[from] Sandstorm\n|-heal|p2b: Orthworm|100\/100|[from] item: Leftovers\n|-damage|p2a: Tyranitar|88\/100|[from] Leech Seed|[of] p1b: Wo-Chien\n|-heal|p1b: Wo-Chien|100\/100|[silent]\n|upkeep\n|turn|2\n|inactive|BlindMagneton has 30 seconds left.\n|\n|t:|1682096269\n|move|p1a: Ceruledge|Protect|p1a: Ceruledge\n|-singleturn|p1a: Ceruledge|Protect\n|move|p1b: Wo-Chien|Leech Seed|p2b: Orthworm\n|-start|p2b: Orthworm|move: Leech Seed\n|move|p2b: Orthworm|Iron Defense|p2b: Orthworm\n|-boost|p2b: Orthworm|def|2\n|move|p2a: Tyranitar|Earthquake|p1a: Ceruledge|[spread] p1b\n|-activate|p1a: Ceruledge|move: Protect\n|-immune|p2b: Orthworm|[from] ability: Earth Eater\n|-resisted|p1b: Wo-Chien\n|-damage|p1b: Wo-Chien|92\/100\n|\n|-weather|Sandstorm|[upkeep]\n|-damage|p1a: Ceruledge|88\/100|[from] Sandstorm\n|-damage|p1b: Wo-Chien|85\/100|[from] Sandstorm\n|-damage|p2b: Orthworm|94\/100|[from] Sandstorm\n|-heal|p2b: Orthworm|100\/100|[from] item: Leftovers\n|-damage|p2b: Orthworm|88\/100|[from] Leech Seed|[of] p1b: Wo-Chien\n|-heal|p1b: Wo-Chien|100\/100|[silent]\n|-damage|p2a: Tyranitar|76\/100|[from] Leech Seed|[of] p1b: Wo-Chien\n|upkeep\n|turn|3\n|inactive|BlindMagneton has 30 seconds left.\n|\n|t:|1682096298\n|move|p1b: Wo-Chien|Protect|p1b: Wo-Chien\n|-singleturn|p1b: Wo-Chien|Protect\n|move|p1a: Ceruledge|Bulk Up|p1a: Ceruledge\n|-boost|p1a: Ceruledge|atk|1\n|-boost|p1a: Ceruledge|def|1\n|move|p2b: Orthworm|Iron Defense|p2b: Orthworm\n|-boost|p2b: Orthworm|def|2\n|move|p2a: Tyranitar|Earthquake|p1a: Ceruledge|[spread] p1a\n|-activate|p1b: Wo-Chien|move: Protect\n|-heal|p2b: Orthworm|100\/100|[from] ability: Earth Eater|[of] p2a: Tyranitar\n|-supereffective|p1a: Ceruledge\n|-damage|p1a: Ceruledge|64\/100\n|\n|-weather|Sandstorm|[upkeep]\n|-damage|p1a: Ceruledge|58\/100|[from] Sandstorm\n|-damage|p1b: Wo-Chien|94\/100|[from] Sandstorm\n|-damage|p2b: Orthworm|94\/100|[from] Sandstorm\n|-heal|p2b: Orthworm|100\/100|[from] item: Leftovers\n|-damage|p2b: Orthworm|88\/100|[from] Leech Seed|[of] p1b: Wo-Chien\n|-heal|p1b: Wo-Chien|100\/100|[silent]\n|-damage|p2a: Tyranitar|64\/100|[from] Leech Seed|[of] p1b: Wo-Chien\n|upkeep\n|turn|4\n|inactive|BlindMagneton has 30 seconds left.\n|\n|t:|1682096329\n|switch|p2a: Ting-Lu|Ting-Lu, L50|100\/100\n|-ability|p2a: Ting-Lu|Vessel of Ruin\n|move|p1a: Ceruledge|Bitter Blade|p2a: Ting-Lu\n|-damage|p2a: Ting-Lu|63\/100\n|-heal|p1a: Ceruledge|83\/100|[from] drain|[of] p2a: Ting-Lu\n|move|p1b: Wo-Chien|Giga Drain|p2a: Ting-Lu\n|-supereffective|p2a: Ting-Lu\n|-damage|p2a: Ting-Lu|45\/100\n|move|p2b: Orthworm|Body Press|p1b: Wo-Chien\n|-supereffective|p1b: Wo-Chien\n|-damage|p1b: Wo-Chien|0 fnt\n|faint|p1b: Wo-Chien\n|\n|-weather|Sandstorm|[upkeep]\n|-damage|p1a: Ceruledge|77\/100|[from] Sandstorm\n|-damage|p2b: Orthworm|82\/100|[from] Sandstorm\n|-heal|p2b: Orthworm|88\/100|[from] item: Leftovers\n|upkeep\n|inactive|BlindMagneton has 30 seconds left.\n|\n|t:|1682096357\n|switch|p1b: Tinkaton|Tinkaton, L50, F|100\/100\n|turn|5\n|\n|t:|1682096365\n|move|p1b: Tinkaton|Fake Out|p2b: Orthworm\n|-activate|p2b: Orthworm|move: Psychic Terrain\n|move|p1a: Ceruledge|Bitter Blade|p2a: Ting-Lu\n|-damage|p2a: Ting-Lu|0 fnt\n|-heal|p1a: Ceruledge|100\/100|[from] drain|[of] p2a: Ting-Lu\n|faint|p2a: Ting-Lu\n|move|p2b: Orthworm|Body Press|p1b: Tinkaton\n|-damage|p1b: Tinkaton|6\/100\n|\n|-weather|none\n|-heal|p2b: Orthworm|94\/100|[from] item: Leftovers\n|-damage|p2b: Orthworm|82\/100|[from] Leech Seed|[of] p1b: Tinkaton\n|-heal|p1b: Tinkaton|18\/100|[silent]\n|-fieldend|move: Psychic Terrain\n|upkeep\n|\n|t:|1682096376\n|switch|p2a: Tyranitar|Tyranitar, L50, M|64\/100\n|-weather|Sandstorm|[from] ability: Sand Stream|[of] p2a: Tyranitar\n|turn|6\n|\n|t:|1682096393\n|move|p1a: Ceruledge|Protect|p1a: Ceruledge\n|-singleturn|p1a: Ceruledge|Protect\n|move|p1b: Tinkaton|Gigaton Hammer|p2a: Tyranitar\n|-supereffective|p2a: Tyranitar\n|-damage|p2a: Tyranitar|0 fnt\n|faint|p2a: Tyranitar\n|move|p2b: Orthworm|Heavy Slam|p1a: Ceruledge\n|-activate|p1a: Ceruledge|move: Protect\n|\n|-weather|Sandstorm|[upkeep]\n|-damage|p1a: Ceruledge|94\/100|[from] Sandstorm\n|-damage|p2b: Orthworm|76\/100|[from] Sandstorm\n|-heal|p2b: Orthworm|82\/100|[from] item: Leftovers\n|-damage|p2b: Orthworm|69\/100|[from] Leech Seed|[of] p1b: Tinkaton\n|-heal|p1b: Tinkaton|29\/100|[silent]\n|upkeep\n|inactive|bentoboxkiller has 30 seconds left.\n|\n|t:|1682096420\n|switch|p2a: Indeedee|Indeedee-F, L50, F|100\/100\n|-fieldstart|move: Psychic Terrain|[from] ability: Psychic Surge|[of] p2a: Indeedee\n|turn|7\n|\n|t:|1682096429\n|move|p1b: Tinkaton|Brick Break|p2a: Indeedee\n|-damage|p2a: Indeedee|84\/100\n|move|p1a: Ceruledge|Bulk Up|p1a: Ceruledge\n|-boost|p1a: Ceruledge|atk|1\n|-boost|p1a: Ceruledge|def|1\n|move|p2b: Orthworm|Body Press|p1b: Tinkaton\n|-damage|p1b: Tinkaton|0 fnt\n|faint|p1b: Tinkaton\n|move|p2a: Indeedee|Trick Room|p2a: Indeedee\n|-fieldstart|move: Trick Room|[of] p2a: Indeedee\n|\n|-weather|Sandstorm|[upkeep]\n|-damage|p2b: Orthworm|63\/100|[from] Sandstorm\n|-damage|p1a: Ceruledge|88\/100|[from] Sandstorm\n|-heal|p2b: Orthworm|69\/100|[from] item: Leftovers\n|upkeep\n|\n|t:|1682096442\n|switch|p1b: Chien-Pao|Chien-Pao, L50|100\/100\n|-ability|p1b: Chien-Pao|Sword of Ruin\n|turn|8\n|\n|t:|1682096458\n|-terastallize|p1b: Chien-Pao|Ghost\n|move|p2a: Indeedee|Dazzling Gleam|p1a: Ceruledge|[spread] p1a,p1b\n|-resisted|p1a: Ceruledge\n|-damage|p1a: Ceruledge|82\/100\n|-damage|p1b: Chien-Pao|79\/100\n|move|p2b: Orthworm|Body Press|p1b: Chien-Pao\n|-immune|p1b: Chien-Pao\n|move|p1a: Ceruledge|Bitter Blade|p2a: Indeedee\n|-damage|p2a: Indeedee|0 fnt\n|-heal|p1a: Ceruledge|100\/100|[from] drain|[of] p2a: Indeedee\n|faint|p2a: Indeedee\n|move|p1b: Chien-Pao|Sacred Sword|p2b: Orthworm\n|-damage|p2b: Orthworm|35\/100\n|-damage|p1b: Chien-Pao|69\/100|[from] item: Life Orb\n|\n|-weather|Sandstorm|[upkeep]\n|-damage|p2b: Orthworm|29\/100|[from] Sandstorm\n|-damage|p1a: Ceruledge|94\/100|[from] Sandstorm\n|-damage|p1b: Chien-Pao|63\/100|[from] Sandstorm\n|-heal|p2b: Orthworm|35\/100|[from] item: Leftovers\n|-damage|p2b: Orthworm|23\/100|[from] Leech Seed|[of] p1b: Chien-Pao\n|-heal|p1b: Chien-Pao|77\/100|[silent]\n|upkeep\n|turn|9\n|-message|bentoboxkiller forfeited.\n|\n|win|BlindMagneton\n|raw|BlindMagneton's rating: 1331 → 1355<\/strong> (+24 for winning)\n|raw|bentoboxkiller's rating: 1396 → 1372<\/strong> (-24 for losing)\n|l|\u2606bentoboxkiller\n","uploadtime":1682096483,"views":9,"p1id":"blindmagneton","p2id":"bentoboxkiller","formatid":"gen9vgc2023regulationc","rating":1355,"private":0,"password":""}