{"id":"gen9vgc2023regulationc-1856493522","p1":"Ricardo Randorez","p2":"Deathninja952","format":"[Gen 9] VGC 2023 Regulation C","log":"|j|\u2606Ricardo Randorez\n|j|\u2606Deathninja952\n|t:|1683067745\n|gametype|doubles\n|player|p1|Ricardo Randorez|170|1081\n|player|p2|Deathninja952|ingo|1147\n|teamsize|p1|6\n|teamsize|p2|6\n|gen|9\n|tier|[Gen 9] VGC 2023 Regulation C\n|rated|\n|rule|Species Clause: Limit one of each Pok\u00e9mon\n|rule|Item Clause: Limit one of each item\n|clearpoke\n|poke|p1|Glimmora, L50, M|\n|poke|p1|Dragonite, L50, M|\n|poke|p1|Dondozo, L50, M|\n|poke|p1|Tatsugiri, L50, F|\n|poke|p1|Garganacl, L50, F|\n|poke|p1|Wo-Chien, L50|\n|poke|p2|Abomasnow, L50, F|\n|poke|p2|Iron Bundle, L50|\n|poke|p2|Maushold, L50|\n|poke|p2|Annihilape, L50, M|\n|poke|p2|Kingambit, L50, F|\n|poke|p2|Arcanine, L50, M|\n|teampreview|4\n|inactive|Battle timer is ON: inactive players will automatically lose when time's up. (requested by Ricardo Randorez)\n|\n|t:|1683067784\n|start\n|switch|p1a: Glimmora|Glimmora, L50, M, shiny|100\/100\n|switch|p1b: Dragonite|Dragonite, L50, M, shiny|100\/100\n|switch|p2a: Kingambit|Kingambit, L50, F|100\/100\n|switch|p2b: Iron Bundle|Iron Bundle, L50|100\/100\n|-enditem|p2b: Iron Bundle|Booster Energy\n|-activate|p2b: Iron Bundle|ability: Quark Drive|[fromitem]\n|-start|p2b: Iron Bundle|quarkdrivespe\n|turn|1\n|inactive|Ricardo Randorez has 30 seconds left.\n|inactive|Ricardo Randorez has 20 seconds left.\n|inactive|Ricardo Randorez has 15 seconds left.\n|\n|t:|1683067828\n|-terastallize|p1a: Glimmora|Grass\n|move|p2b: Iron Bundle|Freeze-Dry|p1b: Dragonite\n|-supereffective|p1b: Dragonite\n|-damage|p1b: Dragonite|27\/100\n|move|p1b: Dragonite|Earthquake|p2a: Kingambit|[spread] p1a,p2a,p2b\n|-resisted|p1a: Glimmora\n|-supereffective|p2a: Kingambit\n|-damage|p1a: Glimmora|85\/100\n|-damage|p2a: Kingambit|32\/100\n|-damage|p2b: Iron Bundle|51\/100\n|-activate|p1a: Glimmora|ability: Toxic Debris\n|-sidestart|p2: Deathninja952|move: Toxic Spikes\n|move|p1a: Glimmora|Earth Power|p2a: Kingambit\n|-supereffective|p2a: Kingambit\n|-damage|p2a: Kingambit|0 fnt\n|faint|p2a: Kingambit\n|\n|upkeep\n|\n|t:|1683067842\n|switch|p2a: Abomasnow|Abomasnow, L50, F, shiny|100\/100\n|-status|p2a: Abomasnow|psn\n|-weather|Snow|[from] ability: Snow Warning|[of] p2a: Abomasnow\n|turn|2\n|\n|t:|1683067854\n|move|p2b: Iron Bundle|Blizzard|p1a: Glimmora|[spread] p1a,p1b\n|-supereffective|p1a: Glimmora\n|-supereffective|p1b: Dragonite\n|-damage|p1a: Glimmora|27\/100\n|-damage|p1b: Dragonite|0 fnt\n|faint|p1b: Dragonite\n|move|p1a: Glimmora|Power Gem|p2b: Iron Bundle\n|-supereffective|p2b: Iron Bundle\n|-damage|p2b: Iron Bundle|0 fnt\n|faint|p2b: Iron Bundle\n|-end|p2b: Iron Bundle|Quark Drive|[silent]\n|move|p2a: Abomasnow|Aurora Veil|p2a: Abomasnow\n|-sidestart|p2: Deathninja952|move: Aurora Veil\n|\n|-weather|Snow|[upkeep]\n|-damage|p2a: Abomasnow|88\/100 psn|[from] psn\n|upkeep\n|\n|t:|1683067871\n|switch|p2b: Annihilape|Annihilape, L50, M|100\/100\n|switch|p1b: Garganacl|Garganacl, L50, F|100\/100\n|-status|p2b: Annihilape|psn\n|turn|3\n|\n|t:|1683067887\n|move|p2b: Annihilape|Drain Punch|p1b: Garganacl\n|-supereffective|p1b: Garganacl\n|-crit|p1b: Garganacl\n|-damage|p1b: Garganacl|33\/100\n|-enditem|p1b: Garganacl|Sitrus Berry|[eat]\n|-heal|p1b: Garganacl|58\/100|[from] item: Sitrus Berry\n|move|p1a: Glimmora|Sludge Bomb|p2a: Abomasnow\n|-supereffective|p2a: Abomasnow\n|-damage|p2a: Abomasnow|33\/100 psn\n|move|p2a: Abomasnow|Blizzard|p1a: Glimmora|[spread] p1a,p1b\n|-supereffective|p1a: Glimmora\n|-damage|p1a: Glimmora|0 fnt\n|-damage|p1b: Garganacl|31\/100\n|faint|p1a: Glimmora\n|move|p1b: Garganacl|Salt Cure|p2b: Annihilape\n|-resisted|p2b: Annihilape\n|-damage|p2b: Annihilape|96\/100 psn\n|-start|p2b: Annihilape|Salt Cure\n|\n|-weather|Snow|[upkeep]\n|-heal|p2b: Annihilape|100\/100 psn|[from] item: Leftovers\n|-damage|p2b: Annihilape|88\/100 psn|[from] psn\n|-damage|p2a: Abomasnow|20\/100 psn|[from] psn\n|-damage|p2b: Annihilape|75\/100 psn|[from] Salt Cure\n|upkeep\n|\n|t:|1683067908\n|switch|p1a: Wo-Chien|Wo-Chien, L50|100\/100\n|-ability|p1a: Wo-Chien|Tablets of Ruin\n|turn|4\n|\n|t:|1683067918\n|move|p2b: Annihilape|Drain Punch|p1b: Garganacl\n|-supereffective|p1b: Garganacl\n|-crit|p1b: Garganacl\n|-damage|p1b: Garganacl|0 fnt\n|-heal|p2b: Annihilape|91\/100 psn|[from] drain|[of] p1b: Garganacl\n|faint|p1b: Garganacl\n|move|p1a: Wo-Chien|Leech Seed|p2b: Annihilape\n|-start|p2b: Annihilape|move: Leech Seed\n|move|p2a: Abomasnow|Blizzard|p1a: Wo-Chien\n|-supereffective|p1a: Wo-Chien\n|-damage|p1a: Wo-Chien|50\/100\n|\n|-weather|Snow|[upkeep]\n|-heal|p2b: Annihilape|97\/100 psn|[from] item: Leftovers\n|-heal|p1a: Wo-Chien|56\/100|[from] item: Leftovers\n|-damage|p2b: Annihilape|85\/100 psn|[from] Leech Seed|[of] p1a: Wo-Chien\n|-heal|p1a: Wo-Chien|69\/100|[silent]\n|-damage|p2b: Annihilape|72\/100 psn|[from] psn\n|-damage|p2a: Abomasnow|8\/100 psn|[from] psn\n|-damage|p2b: Annihilape|60\/100 psn|[from] Salt Cure\n|upkeep\n|turn|5\n|\n|t:|1683067941\n|move|p1a: Wo-Chien|Protect|p1a: Wo-Chien\n|-singleturn|p1a: Wo-Chien|Protect\n|move|p2b: Annihilape|Drain Punch|p1a: Wo-Chien\n|-activate|p1a: Wo-Chien|move: Protect\n|move|p2a: Abomasnow|Blizzard|p1a: Wo-Chien\n|-activate|p1a: Wo-Chien|move: Protect\n|\n|-weather|Snow|[upkeep]\n|-heal|p2b: Annihilape|66\/100 psn|[from] item: Leftovers\n|-heal|p1a: Wo-Chien|75\/100|[from] item: Leftovers\n|-damage|p2b: Annihilape|53\/100 psn|[from] Leech Seed|[of] p1a: Wo-Chien\n|-heal|p1a: Wo-Chien|88\/100|[silent]\n|-damage|p2b: Annihilape|41\/100 psn|[from] psn\n|-damage|p2a: Abomasnow|0 fnt|[from] psn\n|faint|p2a: Abomasnow\n|-damage|p2b: Annihilape|29\/100 psn|[from] Salt Cure\n|upkeep\n|turn|6\n|inactive|Ricardo Randorez has 30 seconds left.\n|\n|t:|1683067969\n|move|p2b: Annihilape|Drain Punch|p1a: Wo-Chien\n|-supereffective|p1a: Wo-Chien\n|-damage|p1a: Wo-Chien|40\/100\n|-heal|p2b: Annihilape|51\/100 psn|[from] drain|[of] p1a: Wo-Chien\n|move|p1a: Wo-Chien|Pollen Puff|p2b: Annihilape\n|-resisted|p2b: Annihilape\n|-damage|p2b: Annihilape|47\/100 psn\n|\n|-weather|none\n|-heal|p2b: Annihilape|53\/100 psn|[from] item: Leftovers\n|-heal|p1a: Wo-Chien|46\/100|[from] item: Leftovers\n|-damage|p2b: Annihilape|41\/100 psn|[from] Leech Seed|[of] p1a: Wo-Chien\n|-heal|p1a: Wo-Chien|59\/100|[silent]\n|-damage|p2b: Annihilape|29\/100 psn|[from] psn\n|-damage|p2b: Annihilape|16\/100 psn|[from] Salt Cure\n|upkeep\n|turn|7\n|\n|t:|1683067985\n|move|p1a: Wo-Chien|Protect|p1a: Wo-Chien\n|-singleturn|p1a: Wo-Chien|Protect\n|move|p2b: Annihilape|Bulk Up|p2b: Annihilape\n|-boost|p2b: Annihilape|atk|1\n|-boost|p2b: Annihilape|def|1\n|\n|-heal|p2b: Annihilape|22\/100 psn|[from] item: Leftovers\n|-heal|p1a: Wo-Chien|65\/100|[from] item: Leftovers\n|-damage|p2b: Annihilape|9\/100 psn|[from] Leech Seed|[of] p1a: Wo-Chien\n|-heal|p1a: Wo-Chien|78\/100|[silent]\n|-damage|p2b: Annihilape|0 fnt|[from] psn\n|faint|p2b: Annihilape\n|\n|win|Ricardo Randorez\n|upkeep\n|raw|Ricardo Randorez's rating: 1081 → 1114<\/strong> (+33 for winning)\n|raw|Deathninja952's rating: 1147 → 1117<\/strong> (-30 for losing)\n|l|\u2606Deathninja952\n","uploadtime":1683068001,"views":4,"p1id":"ricardorandorez","p2id":"deathninja952","formatid":"gen9vgc2023regulationc","rating":1114,"private":0,"password":""}