{"id":"gen9vgc2023regulationc-1854140278","p1":"Tayekc","p2":"lax2145","format":"[Gen 9] VGC 2023 Regulation C","log":"|j|\u2606Tayekc\n|j|\u2606lax2145\n|t:|1682775374\n|gametype|doubles\n|player|p1|Tayekc|hilbert|\n|player|p2|lax2145|giovanni|\n|teamsize|p1|6\n|teamsize|p2|6\n|gen|9\n|tier|[Gen 9] VGC 2023 Regulation C\n|rule|Species Clause: Limit one of each Pok\u00e9mon\n|rule|Item Clause: Limit one of each item\n|clearpoke\n|poke|p1|Chien-Pao, L50|\n|poke|p1|Dragonite, L50, M|\n|poke|p1|Scizor, L50, M|\n|poke|p1|Flutter Mane, L50|\n|poke|p1|Chi-Yu, L50|\n|poke|p1|Iron Bundle, L50|\n|poke|p2|Ting-Lu, L50|\n|poke|p2|Flutter Mane, L50|\n|poke|p2|Iron Jugulis, L50|\n|poke|p2|Arcanine, L50, F|\n|poke|p2|Chien-Pao, L50|\n|poke|p2|Annihilape, L50, F|\n|teampreview|4\n|\n|t:|1682775409\n|start\n|switch|p1a: Chi-Yu|Chi-Yu, L50|100\/100\n|switch|p1b: Iron Bundle|Iron Bundle, L50, shiny|100\/100\n|switch|p2a: Ting-Lu|Ting-Lu, L50|100\/100\n|switch|p2b: Chien-Pao|Chien-Pao, L50|100\/100\n|-ability|p1a: Chi-Yu|Beads of Ruin\n|-ability|p2b: Chien-Pao|Sword of Ruin\n|-ability|p2a: Ting-Lu|Vessel of Ruin\n|-enditem|p1b: Iron Bundle|Booster Energy\n|-activate|p1b: Iron Bundle|ability: Quark Drive|[fromitem]\n|-start|p1b: Iron Bundle|quarkdrivespe\n|turn|1\n|\n|t:|1682775451\n|-terastallize|p1a: Chi-Yu|Grass\n|-terastallize|p2b: Chien-Pao|Dark\n|move|p2b: Chien-Pao|Sucker Punch|p1b: Iron Bundle\n|-damage|p1b: Iron Bundle|29\/100\n|move|p1b: Iron Bundle|Icy Wind|p2b: Chien-Pao|[spread] p2a,p2b\n|-supereffective|p2a: Ting-Lu\n|-damage|p2a: Ting-Lu|78\/100\n|-damage|p2b: Chien-Pao|69\/100\n|-unboost|p2a: Ting-Lu|spe|1\n|-unboost|p2b: Chien-Pao|spe|1\n|move|p1a: Chi-Yu|Heat Wave|p2a: Ting-Lu|[spread] p2a,p2b\n|-damage|p2a: Ting-Lu|58\/100\n|-damage|p2b: Chien-Pao|11\/100\n|-status|p2a: Ting-Lu|brn\n|move|p2a: Ting-Lu|Stomping Tantrum|p1a: Chi-Yu\n|-resisted|p1a: Chi-Yu\n|-damage|p1a: Chi-Yu|80\/100\n|\n|-damage|p2a: Ting-Lu|52\/100 brn|[from] brn\n|upkeep\n|turn|2\n|\n|t:|1682775480\n|move|p2b: Chien-Pao|Sucker Punch|p1b: Iron Bundle\n|-damage|p1b: Iron Bundle|0 fnt\n|faint|p1b: Iron Bundle\n|-end|p1b: Iron Bundle|Quark Drive|[silent]\n|move|p1a: Chi-Yu|Heat Wave|p2a: Ting-Lu|[spread] p2a,p2b\n|-damage|p2a: Ting-Lu|33\/100 brn\n|-damage|p2b: Chien-Pao|0 fnt\n|faint|p2b: Chien-Pao\n|move|p2a: Ting-Lu|Fissure|p1a: Chi-Yu|[miss]\n|-miss|p2a: Ting-Lu|p1a: Chi-Yu\n|\n|-damage|p2a: Ting-Lu|26\/100 brn|[from] brn\n|upkeep\n|\n|t:|1682775496\n|switch|p1b: Chien-Pao|Chien-Pao, L50|100\/100\n|switch|p2b: Annihilape|Annihilape, L50, F|100\/100\n|-ability|p1b: Chien-Pao|Sword of Ruin\n|turn|3\n|\n|t:|1682775511\n|move|p1b: Chien-Pao|Protect|p1b: Chien-Pao\n|-singleturn|p1b: Chien-Pao|Protect\n|move|p1a: Chi-Yu|Heat Wave|p2b: Annihilape|[spread] p2a,p2b\n|-damage|p2a: Ting-Lu|7\/100 brn\n|-damage|p2b: Annihilape|62\/100\n|move|p2b: Annihilape|Final Gambit|p1a: Chi-Yu\n|-damage|p1a: Chi-Yu|0 fnt\n|faint|p2b: Annihilape\n|faint|p1a: Chi-Yu\n|move|p2a: Ting-Lu|Fissure|p1b: Chien-Pao\n|-activate|p1b: Chien-Pao|move: Protect\n|\n|-damage|p2a: Ting-Lu|1\/100 brn|[from] brn\n|upkeep\n|\n|t:|1682775526\n|switch|p1a: Flutter Mane|Flutter Mane, L50|100\/100\n|switch|p2b: Flutter Mane|Flutter Mane, L50|100\/100\n|turn|4\n|\n|t:|1682775546\n|move|p1a: Flutter Mane|Protect|p1a: Flutter Mane\n|-singleturn|p1a: Flutter Mane|Protect\n|move|p2b: Flutter Mane|Icy Wind|p1b: Chien-Pao|[spread] p1b\n|-activate|p1a: Flutter Mane|move: Protect\n|-resisted|p1b: Chien-Pao\n|-damage|p1b: Chien-Pao|92\/100\n|-unboost|p1b: Chien-Pao|spe|1\n|move|p1b: Chien-Pao|Sacred Sword|p2a: Ting-Lu\n|-supereffective|p2a: Ting-Lu\n|-damage|p2a: Ting-Lu|0 fnt\n|faint|p2a: Ting-Lu\n|\n|upkeep\n|turn|5\n|\n|t:|1682775567\n|move|p1b: Chien-Pao|Sucker Punch|p2b: Flutter Mane\n|-damage|p2b: Flutter Mane|0 fnt\n|faint|p2b: Flutter Mane\n|-end|p2b: Flutter Mane|Protosynthesis|[silent]\n|\n|win|Tayekc\n","uploadtime":1682775575,"views":24,"p1id":"tayekc","p2id":"lax2145","formatid":"gen9vgc2023regulationc","rating":0,"private":0,"password":""}