{"id":"gen9vgc2023regulationc-1848084067","p1":"muellera01","p2":"Namir4","format":"[Gen 9] VGC 2023 Regulation C","log":"|j|\u2606muellera01\n|j|\u203dNamir4\n|t:|1682027832\n|gametype|doubles\n|player|p1|muellera01|barry|1148\n|player|p2|Namir4|rancher|1102\n|teamsize|p1|6\n|teamsize|p2|4\n|gen|9\n|tier|[Gen 9] VGC 2023 Regulation C\n|rated|\n|rule|Species Clause: Limit one of each Pok\u00e9mon\n|rule|Item Clause: Limit one of each item\n|clearpoke\n|poke|p1|Pelipper, L50, M|\n|poke|p1|Palafin, L50, M|\n|poke|p1|Meowscarada, L50, F|\n|poke|p1|Magnezone, L50|\n|poke|p1|Chien-Pao, L50|\n|poke|p1|Ting-Lu, L50|\n|poke|p2|Gothitelle, L50, M|\n|poke|p2|Azumarill, L50, M|\n|poke|p2|Dugtrio, L50, F|\n|poke|p2|Flutter Mane, L50|\n|teampreview|4\n|inactive|Battle timer is ON: inactive players will automatically lose when time's up. (requested by Namir4)\nNamir4 rejected open team sheets.\n|\n|t:|1682027858\n|start\n|switch|p1a: Birdboi|Pelipper, L50, M|100\/100\n|switch|p1b: Cheshire|Meowscarada, L50, F, shiny|100\/100\n|switch|p2a: Flutter Mane|Flutter Mane, L50, shiny|100\/100\n|switch|p2b: Gothitelle|Gothitelle, L50, M, shiny|100\/100\n|-weather|RainDance|[from] ability: Drizzle|[of] p1a: Birdboi\n|turn|1\n|inactive|muellera01 has 30 seconds left.\n|\n|t:|1682027893\n|-terastallize|p1b: Cheshire|Fairy\n|move|p2b: Gothitelle|Fake Out|p1b: Cheshire\n|-damage|p1b: Cheshire|92\/100\n|cant|p1b: Cheshire|flinch\n|move|p2a: Flutter Mane|Dazzling Gleam|p1b: Cheshire|[spread] p1a,p1b\n|-damage|p1a: Birdboi|55\/100\n|-damage|p1b: Cheshire|52\/100\n|move|p1a: Birdboi|Hurricane|p2b: Gothitelle\n|-crit|p2b: Gothitelle\n|-damage|p2b: Gothitelle|16\/100\n|-damage|p1a: Birdboi|46\/100|[from] item: Life Orb\n|\n|-weather|RainDance|[upkeep]\n|-heal|p2b: Gothitelle|22\/100|[from] item: Leftovers\n|upkeep\n|turn|2\n|\n|t:|1682027916\n|move|p2a: Flutter Mane|Protect|p2a: Flutter Mane\n|-singleturn|p2a: Flutter Mane|Protect\n|move|p2b: Gothitelle|Protect|p2b: Gothitelle\n|-singleturn|p2b: Gothitelle|Protect\n|move|p1b: Cheshire|Sucker Punch||[still]\n|-fail|p1b: Cheshire\n|move|p1a: Birdboi|Hurricane|p2a: Flutter Mane\n|-activate|p2a: Flutter Mane|move: Protect\n|\n|-weather|RainDance|[upkeep]\n|-heal|p2b: Gothitelle|28\/100|[from] item: Leftovers\n|upkeep\n|turn|3\n|\n|t:|1682027938\n|switch|p2b: Azumarill|Azumarill, L50, M, shiny|100\/100\n|-terastallize|p2a: Flutter Mane|Steel\n|move|p1b: Cheshire|Sucker Punch|p2a: Flutter Mane\n|-damage|p2a: Flutter Mane|35\/100\n|move|p2a: Flutter Mane|Dazzling Gleam|p1a: Birdboi|[spread] p1a,p1b\n|-damage|p1a: Birdboi|8\/100\n|-damage|p1b: Cheshire|12\/100\n|move|p1a: Birdboi|Hurricane|p2b: Azumarill\n|-damage|p2b: Azumarill|32\/100\n|-enditem|p2b: Azumarill|Sitrus Berry|[eat]\n|-heal|p2b: Azumarill|57\/100|[from] item: Sitrus Berry\n|-damage|p1a: Birdboi|0 fnt|[from] item: Life Orb\n|faint|p1a: Birdboi\n|\n|-weather|RainDance|[upkeep]\n|upkeep\n|\n|t:|1682027954\n|switch|p1a: Neodynium|Magnezone, L50, shiny|100\/100\n|turn|4\n|\n|t:|1682027971\n|move|p1b: Cheshire|Sucker Punch||[still]\n|-fail|p1b: Cheshire\n|move|p2b: Azumarill|Aqua Jet|p1b: Cheshire\n|-damage|p1b: Cheshire|0 fnt\n|faint|p1b: Cheshire\n|move|p2a: Flutter Mane|Perish Song|p2a: Flutter Mane\n|-start|p1a: Neodynium|perish3|[silent]\n|-start|p2a: Flutter Mane|perish3|[silent]\n|-start|p2b: Azumarill|perish3|[silent]\n|-fieldactivate|move: Perish Song\n|move|p1a: Neodynium|Electroweb|p2a: Flutter Mane|[spread] p2a\n|-miss|p1a: Neodynium|p2b: Azumarill\n|-damage|p2a: Flutter Mane|11\/100\n|-unboost|p2a: Flutter Mane|spe|1\n|\n|-weather|RainDance|[upkeep]\n|-start|p2a: Flutter Mane|perish3\n|-start|p1a: Neodynium|perish3\n|-start|p2b: Azumarill|perish3\n|upkeep\n|\n|t:|1682027986\n|switch|p1b: Cat with no Hat|Chien-Pao, L50|100\/100\n|-ability|p1b: Cat with no Hat|Sword of Ruin\n|turn|5\n|\n|t:|1682028002\n|move|p2a: Flutter Mane|Protect|p2a: Flutter Mane\n|-singleturn|p2a: Flutter Mane|Protect\n|move|p2b: Azumarill|Protect|p2b: Azumarill\n|-singleturn|p2b: Azumarill|Protect\n|move|p1b: Cat with no Hat|Sacred Sword|p2a: Flutter Mane\n|-activate|p2a: Flutter Mane|move: Protect\n|move|p1a: Neodynium|Thunder|p2b: Azumarill\n|-activate|p2b: Azumarill|move: Protect\n|\n|-weather|none\n|-start|p2a: Flutter Mane|perish2\n|-start|p1a: Neodynium|perish2\n|-start|p2b: Azumarill|perish2\n|upkeep\n|turn|6\n|\n|t:|1682028024\n|-end|p2a: Flutter Mane|Protosynthesis|[silent]\n|switch|p2a: Gothitelle|Gothitelle, L50, M, shiny|28\/100\n|switch|p2b: Dugtrio|Dugtrio, L50, F, shiny|100\/100\n|move|p1b: Cat with no Hat|Sacred Sword|p2a: Gothitelle\n|-resisted|p2a: Gothitelle\n|-damage|p2a: Gothitelle|10\/100\n|move|p1a: Neodynium|Thunder|p2b: Dugtrio\n|-immune|p2b: Dugtrio\n|\n|-heal|p2a: Gothitelle|16\/100|[from] item: Leftovers\n|-start|p1a: Neodynium|perish1\n|upkeep\n|turn|7\n|inactive|muellera01 has 30 seconds left.\n|n|!muellera01|muellera01\n|-message|muellera01 forfeited.\n|\n|win|Namir4\n|raw|muellera01's rating: 1148 → 1120<\/strong> (-28 for losing)\n|raw|Namir4's rating: 1102 → 1130<\/strong> (+28 for winning)\n|l|!muellera01\n","uploadtime":1682028051,"views":4,"p1id":"muellera01","p2id":"namir4","formatid":"gen9vgc2023regulationc","rating":1120,"private":0,"password":""}