{"id":"gen9vgc2023regulationc-1864053998","p1":"Zek123","p2":"Xtososa","format":"[Gen 9] VGC 2023 Regulation C","log":"|j|\u2606Zek123\n|j|\u2606Xtososa\n|t:|1684110953\n|gametype|doubles\n|player|p1|Zek123|1|\n|player|p2|Xtososa|pokemaniac|\n|teamsize|p1|6\n|teamsize|p2|6\n|gen|9\n|tier|[Gen 9] VGC 2023 Regulation C\n|rule|Species Clause: Limit one of each Pok\u00e9mon\n|rule|Item Clause: Limit one of each item\n|clearpoke\n|poke|p1|Torkoal, L50, F|\n|poke|p1|Great Tusk, L50|\n|poke|p1|Rotom-Wash, L50|\n|poke|p1|Gengar, L50, M|\n|poke|p1|Dragonite, L50, F|\n|poke|p1|Garchomp, L50, F|\n|poke|p2|Annihilape, L50, F|\n|poke|p2|Gengar, L50, F|\n|poke|p2|Rotom-Wash, L50|\n|poke|p2|Dragonite, L50, M|\n|poke|p2|Great Tusk, L50|\n|poke|p2|Torkoal, L50, M|\n|teampreview|4\n|\n|t:|1684111000\n|start\n|switch|p1a: Dragonite|Dragonite, L50, F|100\/100\n|switch|p1b: Garchomp|Garchomp, L50, F|100\/100\n|switch|p2a: Rotom|Rotom-Wash, L50|100\/100\n|switch|p2b: Great Tusk|Great Tusk, L50|100\/100\n|-enditem|p2b: Great Tusk|Booster Energy\n|-activate|p2b: Great Tusk|ability: Protosynthesis|[fromitem]\n|-start|p2b: Great Tusk|protosynthesisatk\n|turn|1\n|\n|t:|1684111020\n|move|p2b: Great Tusk|Protect|p2b: Great Tusk\n|-singleturn|p2b: Great Tusk|Protect\n|move|p1b: Garchomp|Earthquake|p2b: Great Tusk|[spread] \n|-activate|p2b: Great Tusk|move: Protect\n|-immune|p1a: Dragonite\n|-immune|p2a: Rotom|[from] ability: Levitate\n|move|p1a: Dragonite|Ice Spinner|p2b: Great Tusk\n|-activate|p2b: Great Tusk|move: Protect\n|move|p2a: Rotom|Will-O-Wisp|p1b: Garchomp\n|-status|p1b: Garchomp|brn\n|\n|-damage|p1b: Garchomp|94\/100 brn|[from] brn\n|upkeep\n|turn|2\n|\n|t:|1684111043\n|switch|p1a: Rotom|Rotom-Wash, L50|100\/100\n|move|p1b: Garchomp|Earthquake|p2a: Rotom|[spread] p2b\n|-immune|p1a: Rotom|[from] ability: Levitate\n|-immune|p2a: Rotom|[from] ability: Levitate\n|-damage|p2b: Great Tusk|87\/100\n|move|p2b: Great Tusk|Rock Slide|p1b: Garchomp|[spread] p1a,p1b\n|-resisted|p1b: Garchomp\n|-damage|p1a: Rotom|67\/100\n|-damage|p1b: Garchomp|81\/100 brn\n|move|p2a: Rotom|Will-O-Wisp|p1a: Rotom\n|-status|p1a: Rotom|brn\n|\n|-damage|p1b: Garchomp|75\/100 brn|[from] brn\n|-damage|p1a: Rotom|61\/100 brn|[from] brn\n|upkeep\n|turn|3\n|\n|t:|1684111058\n|move|p1b: Garchomp|Earthquake|p2a: Rotom|[spread] p2b\n|-immune|p1a: Rotom|[from] ability: Levitate\n|-immune|p2a: Rotom|[from] ability: Levitate\n|-damage|p2b: Great Tusk|72\/100\n|move|p2b: Great Tusk|Rock Slide|p1a: Rotom|[spread] p1a,p1b\n|-resisted|p1b: Garchomp\n|-damage|p1a: Rotom|25\/100 brn\n|-damage|p1b: Garchomp|63\/100 brn\n|-enditem|p1a: Rotom|Mago Berry|[eat]\n|-heal|p1a: Rotom|59\/100 brn|[from] item: Mago Berry\n|move|p1a: Rotom|Will-O-Wisp|p2b: Great Tusk\n|-status|p2b: Great Tusk|brn\n|move|p2a: Rotom|Volt Switch|p1a: Rotom\n|-damage|p1a: Rotom|23\/100 brn\n|\n|t:|1684111068\n|switch|p2a: Dragonite|Dragonite, L50, M|100\/100|[from] Volt Switch\n|\n|-damage|p1b: Garchomp|57\/100 brn|[from] brn\n|-damage|p2b: Great Tusk|66\/100 brn|[from] brn\n|-damage|p1a: Rotom|17\/100 brn|[from] brn\n|upkeep\n|turn|4\n|\n|t:|1684111084\n|move|p1b: Garchomp|Iron Head|p2a: Dragonite\n|-damage|p2a: Dragonite|85\/100\n|move|p2b: Great Tusk|Rock Slide|p1a: Rotom|[spread] p1a,p1b\n|-crit|p1a: Rotom\n|-resisted|p1b: Garchomp\n|-damage|p1a: Rotom|0 fnt\n|-damage|p1b: Garchomp|50\/100 brn\n|faint|p1a: Rotom\n|move|p2a: Dragonite|Dragon Dance|p2a: Dragonite\n|-boost|p2a: Dragonite|atk|1\n|-boost|p2a: Dragonite|spe|1\n|\n|-damage|p1b: Garchomp|44\/100 brn|[from] brn\n|-damage|p2b: Great Tusk|60\/100 brn|[from] brn\n|upkeep\n|\n|t:|1684111090\n|switch|p1a: Dragonite|Dragonite, L50, F|100\/100\n|turn|5\n|\n|t:|1684111107\n|-terastallize|p2a: Dragonite|Flying\n|-terastallize|p1a: Dragonite|Normal\n|move|p2a: Dragonite|Tera Blast|p1a: Dragonite\n|-damage|p1a: Dragonite|38\/100\n|move|p1b: Garchomp|Iron Head|p2b: Great Tusk\n|-damage|p2b: Great Tusk|50\/100 brn\n|move|p2b: Great Tusk|Close Combat|p1a: Dragonite\n|-supereffective|p1a: Dragonite\n|-damage|p1a: Dragonite|0 fnt\n|-unboost|p2b: Great Tusk|def|1\n|-unboost|p2b: Great Tusk|spd|1\n|faint|p1a: Dragonite\n|\n|-damage|p1b: Garchomp|38\/100 brn|[from] brn\n|-damage|p2b: Great Tusk|44\/100 brn|[from] brn\n|upkeep\n|\n|t:|1684111120\n|switch|p1a: Gengar|Gengar, L50, M|100\/100\n|turn|6\n|\n|t:|1684111127\n|move|p2a: Dragonite|Dragon Claw|p1a: Gengar\n|-enditem|p1a: Gengar|Focus Sash\n|-damage|p1a: Gengar|1\/100\n|-start|p2a: Dragonite|Disable|Dragon Claw|[from] ability: Cursed Body|[of] p1a: Gengar\n|move|p1a: Gengar|Icy Wind|p2b: Great Tusk|[spread] p2a,p2b\n|-supereffective|p2a: Dragonite\n|-supereffective|p2b: Great Tusk\n|-damage|p2a: Dragonite|53\/100\n|-damage|p2b: Great Tusk|0 fnt\n|-unboost|p2a: Dragonite|spe|1\n|faint|p2b: Great Tusk\n|-end|p2b: Great Tusk|Protosynthesis|[silent]\n|move|p1b: Garchomp|Iron Head|p2a: Dragonite\n|-damage|p2a: Dragonite|37\/100\n|\n|-damage|p1b: Garchomp|32\/100 brn|[from] brn\n|upkeep\n|\n|t:|1684111131\n|switch|p2b: Rotom|Rotom-Wash, L50|100\/100\n|turn|7\n|\n|t:|1684111136\n|move|p1a: Gengar|Protect|p1a: Gengar\n|-singleturn|p1a: Gengar|Protect\n|move|p2a: Dragonite|Extreme Speed|p1b: Garchomp\n|-damage|p1b: Garchomp|0 fnt\n|-damage|p2a: Dragonite|25\/100|[from] ability: Rough Skin|[of] p1b: Garchomp\n|faint|p1b: Garchomp\n|move|p2b: Rotom|Volt Switch|p1a: Gengar\n|-activate|p1a: Gengar|move: Protect\n|\n|upkeep\n|turn|8\n|\n|t:|1684111144\n|move|p1a: Gengar|Icy Wind|p2b: Rotom|[spread] p2a,p2b\n|-supereffective|p2a: Dragonite\n|-resisted|p2b: Rotom\n|-damage|p2a: Dragonite|0 fnt\n|-damage|p2b: Rotom|94\/100\n|-unboost|p2b: Rotom|spe|1\n|faint|p2a: Dragonite\n|move|p2b: Rotom|Volt Switch|p1a: Gengar\n|-damage|p1a: Gengar|0 fnt\n|faint|p1a: Gengar\n|\n|win|Xtososa\n|c|\u2606Xtososa|gg\n|l|\u2606Zek123\n","uploadtime":1684111179,"views":17,"p1id":"zek123","p2id":"xtososa","formatid":"gen9vgc2023regulationc","rating":0,"private":0,"password":""}