{"id":"gen9vgc2023regulationc-1846867904","p1":"Chyronia2","p2":"Nukoshowdown","format":"[Gen 9] VGC 2023 Regulation C","log":"|j|\u2606Chyronia2\n|j|\u2606Nukoshowdown\n|t:|1681893153\n|gametype|doubles\n|player|p1|Chyronia2|266|1070\n|player|p2|Nukoshowdown|101|1089\n|teamsize|p1|6\n|teamsize|p2|6\n|gen|9\n|tier|[Gen 9] VGC 2023 Regulation C\n|rated|\n|rule|Species Clause: Limit one of each Pok\u00e9mon\n|rule|Item Clause: Limit one of each item\n|clearpoke\n|poke|p1|Gastrodon, L50, F|\n|poke|p1|Gyarados, L50, M|\n|poke|p1|Klefki, L50, F|\n|poke|p1|Goodra, L50, F|\n|poke|p1|Amoonguss, L50, M|\n|poke|p1|Rotom-Wash, L50|\n|poke|p2|Palafin, L50, F|\n|poke|p2|Chien-Pao, L50|\n|poke|p2|Dragapult, L50, F|\n|poke|p2|Amoonguss, L50, M|\n|poke|p2|Arcanine, L50, F|\n|poke|p2|Flutter Mane, L50|\n|teampreview|4\n|inactive|Battle timer is ON: inactive players will automatically lose when time's up. (requested by Chyronia2)\nChyronia2 has agreed to open team sheets.\n|inactive|Chyronia2 has 60 seconds left.\n|inactive|Nukoshowdown has 60 seconds left.\n|\n|t:|1681893206\n|start\n|switch|p1a: Gyarados|Gyarados, L50, M|100\/100\n|switch|p1b: Klefki|Klefki, L50, F|100\/100\n|switch|p2a: Bundle|Chien-Pao, L50|100\/100\n|switch|p2b: Dnite|Dragapult, L50, F|100\/100\n|-ability|p2a: Bundle|Sword of Ruin\n|-ability|p1a: Gyarados|Intimidate|boost\n|-unboost|p2a: Bundle|atk|1\n|-fail|p2b: Dnite|unboost|[from] ability: Clear Body|[of] p2b: Dnite\n|turn|1\n|\n|t:|1681893226\n|-terastallize|p2b: Dnite|Steel\n|move|p2a: Bundle|Protect|p2a: Bundle\n|-singleturn|p2a: Bundle|Protect\n|move|p1b: Klefki|Reflect|p1b: Klefki\n|-sidestart|p1: Chyronia2|Reflect\n|move|p2b: Dnite|Dragon Darts|p1a: Gyarados\n|-damage|p1a: Gyarados|77\/100\n|-anim|p2b: Dnite|Dragon Darts|p1a: Gyarados\n|-damage|p1a: Gyarados|52\/100\n|move|p1a: Gyarados|Thunder Wave|p2a: Bundle\n|-activate|p2a: Bundle|move: Protect\n|\n|upkeep\n|turn|2\n|\n|t:|1681893248\n|move|p1a: Gyarados|Protect|p1a: Gyarados\n|-singleturn|p1a: Gyarados|Protect\n|move|p2b: Dnite|Dragon Darts|p1a: Gyarados\n|-immune|p1b: Klefki\n|move|p2a: Bundle|Ice Spinner|p1a: Gyarados\n|-activate|p1a: Gyarados|move: Protect\n|move|p1b: Klefki|Foul Play|p2b: Dnite\n|-damage|p2b: Dnite|48\/100\n|\n|upkeep\n|turn|3\n|\n|t:|1681893270\n|move|p2b: Dnite|Dragon Darts|p1a: Gyarados\n|-damage|p1a: Gyarados|25\/100\n|-enditem|p1a: Gyarados|Figy Berry|[eat]\n|-heal|p1a: Gyarados|59\/100|[from] item: Figy Berry\n|-anim|p2b: Dnite|Dragon Darts|p1a: Gyarados\n|-crit|p1a: Gyarados\n|-damage|p1a: Gyarados|0 fnt\n|faint|p1a: Gyarados\n|move|p2a: Bundle|Ice Spinner|p1b: Klefki\n|-resisted|p1b: Klefki\n|-damage|p1b: Klefki|89\/100\n|move|p1b: Klefki|Foul Play|p2b: Dnite\n|-damage|p2b: Dnite|0 fnt\n|faint|p2b: Dnite\n|\n|upkeep\n|\n|t:|1681893288\n|switch|p2b: Mimi|Flutter Mane, L50|100\/100\n|switch|p1a: Gastrodon|Gastrodon, L50, F|100\/100\n|-enditem|p2b: Mimi|Booster Energy\n|-activate|p2b: Mimi|ability: Protosynthesis|[fromitem]\n|-start|p2b: Mimi|protosynthesisspa\n|turn|4\n|inactive|Chyronia2 has 30 seconds left.\n|inactive|Nukoshowdown has 30 seconds left.\n|inactive|Nukoshowdown has 20 seconds left.\n|\n|t:|1681893335\n|-terastallize|p1a: Gastrodon|Fire\n|move|p2b: Mimi|Protect|p2b: Mimi\n|-singleturn|p2b: Mimi|Protect\n|move|p1b: Klefki|Light Screen|p1b: Klefki\n|-sidestart|p1: Chyronia2|move: Light Screen\n|move|p2a: Bundle|Sacred Sword|p1b: Klefki\n|-damage|p1b: Klefki|70\/100\n|move|p1a: Gastrodon|Icy Wind|p2b: Mimi|[spread] p2a\n|-activate|p2b: Mimi|move: Protect\n|-resisted|p2a: Bundle\n|-damage|p2a: Bundle|93\/100\n|-unboost|p2a: Bundle|spe|1\n|\n|upkeep\n|turn|5\n|\n|t:|1681893357\n|switch|p2a: WoChien|Amoonguss, L50, M|100\/100\n|move|p1b: Klefki|Spikes|p2b: Mimi\n|-sidestart|p2: Nukoshowdown|Spikes\n|move|p2b: Mimi|Shadow Ball|p1a: Gastrodon\n|-damage|p1a: Gastrodon|67\/100\n|move|p1a: Gastrodon|Yawn|p2b: Mimi\n|-start|p2b: Mimi|move: Yawn|[of] p1a: Gastrodon\n|\n|-heal|p1a: Gastrodon|74\/100|[from] item: Leftovers\n|upkeep\n|turn|6\n|\n|t:|1681893380\n|-end|p2b: Mimi|Protosynthesis|[silent]\n|switch|p2b: Bundle|Chien-Pao, L50|93\/100\n|-damage|p2b: Bundle|81\/100|[from] Spikes\n|-ability|p2b: Bundle|Sword of Ruin\n|move|p1b: Klefki|Spikes|p2a: WoChien\n|-sidestart|p2: Nukoshowdown|Spikes\n|move|p1a: Gastrodon|Yawn|p2a: WoChien\n|-start|p2a: WoChien|move: Yawn|[of] p1a: Gastrodon\n|move|p2a: WoChien|Spore|p1a: Gastrodon\n|-status|p1a: Gastrodon|slp|[from] move: Spore\n|\n|-heal|p1a: Gastrodon|80\/100 slp|[from] item: Leftovers\n|upkeep\n|turn|7\n|inactive|Nukoshowdown has 30 seconds left.\n|\n|t:|1681893405\n|switch|p2a: Mimi|Flutter Mane, L50|100\/100\n|-damage|p2a: Mimi|84\/100|[from] Spikes\n|move|p1b: Klefki|Spikes|p2b: Bundle\n|-sidestart|p2: Nukoshowdown|Spikes\n|move|p2b: Bundle|Sacred Sword|p1a: Gastrodon\n|-damage|p1a: Gastrodon|61\/100 slp\n|cant|p1a: Gastrodon|slp\n|\n|-heal|p1a: Gastrodon|67\/100 slp|[from] item: Leftovers\n|upkeep\n|turn|8\n|\n|t:|1681893420\n|move|p2b: Bundle|Sacred Sword|p1a: Gastrodon\n|-damage|p1a: Gastrodon|45\/100 slp\n|move|p2a: Mimi|Shadow Ball|p1a: Gastrodon\n|-damage|p1a: Gastrodon|19\/100 slp\n|-unboost|p1a: Gastrodon|spd|1\n|move|p1b: Klefki|Foul Play|p2a: Mimi\n|-damage|p2a: Mimi|64\/100\n|cant|p1a: Gastrodon|slp\n|\n|-heal|p1a: Gastrodon|25\/100 slp|[from] item: Leftovers\n|-sideend|p1: Chyronia2|Reflect\n|upkeep\n|turn|9\n|\n|t:|1681893434\n|switch|p1a: Goodra|Goodra, L50, F|100\/100\n|move|p1b: Klefki|Reflect|p1b: Klefki\n|-sidestart|p1: Chyronia2|Reflect\n|move|p2b: Bundle|Sacred Sword|p1a: Goodra\n|-damage|p1a: Goodra|73\/100\n|move|p2a: Mimi|Shadow Ball|p1b: Klefki\n|-damage|p1b: Klefki|47\/100\n|\n|upkeep\n|turn|10\n|inactive|Chyronia2 has 30 seconds left.\n|\n|t:|1681893465\n|move|p2b: Bundle|Ice Spinner|p1a: Goodra\n|-supereffective|p1a: Goodra\n|-damage|p1a: Goodra|0 fnt\n|faint|p1a: Goodra\n|move|p2a: Mimi|Shadow Ball|p1b: Klefki\n|-damage|p1b: Klefki|21\/100\n|move|p1b: Klefki|Foul Play|p2a: Mimi\n|-damage|p2a: Mimi|44\/100\n|\n|upkeep\n|\n|t:|1681893469\n|switch|p1a: Gastrodon|Gastrodon, L50, F, tera:Fire|25\/100 slp\n|turn|11\n|\n|t:|1681893482\n|move|p2b: Bundle|Sacred Sword|p1a: Gastrodon\n|-damage|p1a: Gastrodon|2\/100 slp\n|move|p2a: Mimi|Shadow Ball|p1b: Klefki\n|-damage|p1b: Klefki|0 fnt\n|faint|p1b: Klefki\n|-curestatus|p1a: Gastrodon|slp|[msg]\n|move|p1a: Gastrodon|Recover|p1a: Gastrodon\n|-heal|p1a: Gastrodon|52\/100\n|\n|-heal|p1a: Gastrodon|59\/100|[from] item: Leftovers\n|-sideend|p1: Chyronia2|move: Light Screen\n|upkeep\n|turn|12\n|-message|Chyronia2 forfeited.\n|\n|win|Nukoshowdown\n|raw|Chyronia2's rating: 1070 → 1051<\/strong> (-19 for losing)\n|raw|Nukoshowdown's rating: 1089 → 1114<\/strong> (+25 for winning)\n|l|\u2606Chyronia2\n","uploadtime":1681893498,"views":10,"p1id":"chyronia2","p2id":"nukoshowdown","formatid":"gen9vgc2023regulationc","rating":1051,"private":0,"password":""}