{"id":"gen9vgc2023regulationc-1852490312","p1":"Tempest brute","p2":"lajoyapalacios","format":"[Gen 9] VGC 2023 Regulation C","log":"|j|\u2606Tempest brute\n|j|\u2606lajoyapalacios\n|t:|1682564416\n|gametype|doubles\n|player|p1|Tempest brute|veteran|\n|player|p2|lajoyapalacios|266|\n|teamsize|p1|5\n|teamsize|p2|6\n|gen|9\n|tier|[Gen 9] VGC 2023 Regulation C\n|rated|Tournament battle\n|rule|Species Clause: Limit one of each Pok\u00e9mon\n|rule|Item Clause: Limit one of each item\n|clearpoke\n|poke|p1|Ting-Lu, L50|\n|poke|p1|Roaring Moon, L50|\n|poke|p1|Klefki, L50, F|\n|poke|p1|Skeledirge, L50, F|\n|poke|p1|Iron Bundle, L50|\n|poke|p2|Lilligant, L50, F|\n|poke|p2|Torkoal, L50, M|\n|poke|p2|Roaring Moon, L50|\n|poke|p2|Flutter Mane, L50|\n|poke|p2|Ting-Lu, L50|\n|poke|p2|Chien-Pao, L50|\n|teampreview|4\n|raw| Open Team Sheet for Tempest brute<\/summary>Ting-Lu @ Leftovers Ability: Vessel of Ruin Level: 50 Tera Type: Water - Body Press - Throat Chop - Whirlwind - Protect Roaring Moon @ Booster Energy Ability: Protosynthesis Level: 50 Tera Type: Flying - Substitute - Acrobatics - Jaw Lock - Protect Klefki @ Light Clay Ability: Prankster Level: 50 Tera Type: Water - Reflect - Light Screen - Thunder Wave - Dazzling Gleam Skeledirge @ Sitrus Berry Ability: Unaware Level: 50 Tera Type: Fairy - Will-O-Wisp - Torch Song - Shadow Ball - Slack Off Iron Bundle @ Safety Goggles Ability: Quark Drive Level: 50 Tera Type: Poison - Hydro Pump - Freeze-Dry - Flip Turn - Protect <\/details><\/div> Open Team Sheet for lajoyapalacios<\/summary>Lilligant (F) @ Covert Cloak Ability: Chlorophyll Level: 50 Tera Type: Poison - Leaf Storm - Sleep Powder - After You - Protect Torkoal @ Charcoal Ability: Drought Level: 50 Tera Type: Fire - Eruption - Flamethrower - Earth Power - Protect Roaring Moon @ Clear Amulet Ability: Protosynthesis Level: 50 Tera Type: Fire - Breaking Swipe - Throat Chop - Tera Blast - Protect Flutter Mane @ Choice Specs Ability: Protosynthesis Level: 50 Tera Type: Fairy - Moonblast - Shadow Ball - Dazzling Gleam - Thunderbolt Ting-Lu @ Assault Vest Ability: Vessel of Ruin Level: 50 Tera Type: Ground - Stomping Tantrum - Ruination - Heavy Slam - Earthquake Chien-Pao @ Focus Sash Ability: Sword of Ruin Level: 50 Tera Type: Ice - Ice Spinner - Sucker Punch - Haze - Protect <\/details><\/div>\n|j| Wottl3y\n|j| MadaoSamuraiG\n|j| Radio Free C-Side\n|j| a12351\n|j| Bolt-Beam Studios\n|\n|t:|1682564452\n|start\n|switch|p1a: Klefki|Klefki, L50, F|100\/100\n|switch|p1b: Skeledirge|Skeledirge, L50, F|100\/100\n|switch|p2a: Torkoal|Torkoal, L50, M|100\/100\n|switch|p2b: Lilligant|Lilligant, L50, F|100\/100\n|-weather|SunnyDay|[from] ability: Drought|[of] p2a: Torkoal\n|turn|1\n|j| NoraaW\n|\n|t:|1682564466\n|move|p2b: Lilligant|Protect|p2b: Lilligant\n|-singleturn|p2b: Lilligant|Protect\n|move|p1a: Klefki|Light Screen|p1a: Klefki\n|-sidestart|p1: Tempest brute|move: Light Screen\n|move|p1b: Skeledirge|Torch Song|p2b: Lilligant\n|-activate|p2b: Lilligant|move: Protect\n|move|p2a: Torkoal|Flamethrower|p1a: Klefki\n|-supereffective|p1a: Klefki\n|-damage|p1a: Klefki|5\/100\n|-status|p1a: Klefki|brn\n|\n|-weather|SunnyDay|[upkeep]\n|-damage|p1a: Klefki|0 fnt|[from] brn\n|faint|p1a: Klefki\n|upkeep\n|c|\u2606Tempest brute|wy\n|\n|t:|1682564479\n|switch|p1a: Roaring Moon|Roaring Moon, L50|100\/100\n|-activate|p1a: Roaring Moon|ability: Protosynthesis\n|-start|p1a: Roaring Moon|protosynthesisspe\n|turn|2\n|\n|t:|1682564492\n|move|p2b: Lilligant|Sleep Powder|p1b: Skeledirge|[miss]\n|-miss|p2b: Lilligant|p1b: Skeledirge\n|move|p1a: Roaring Moon|Substitute|p1a: Roaring Moon\n|-start|p1a: Roaring Moon|Substitute\n|-damage|p1a: Roaring Moon|75\/100\n|move|p1b: Skeledirge|Torch Song|p2b: Lilligant\n|-supereffective|p2b: Lilligant\n|-damage|p2b: Lilligant|0 fnt\n|-boost|p1b: Skeledirge|spa|1\n|faint|p2b: Lilligant\n|move|p2a: Torkoal|Eruption|p1a: Roaring Moon|[spread] p1a,p1b\n|-resisted|p1a: Roaring Moon\n|-activate|p1a: Roaring Moon|move: Substitute|[damage]\n|-resisted|p1b: Skeledirge\n|-damage|p1b: Skeledirge|76\/100\n|\n|-weather|SunnyDay|[upkeep]\n|upkeep\n|\n|t:|1682564502\n|switch|p2b: Roaring Moon|Roaring Moon, L50|100\/100\n|-activate|p2b: Roaring Moon|ability: Protosynthesis\n|-start|p2b: Roaring Moon|protosynthesisatk\n|turn|3\n|l| a12351\n|\n|t:|1682564525\n|switch|p1b: Ting-Lu|Ting-Lu, L50|100\/100\n|-ability|p1b: Ting-Lu|Vessel of Ruin\n|move|p1a: Roaring Moon|Jaw Lock|p2a: Torkoal\n|-damage|p2a: Torkoal|73\/100\n|-activate|p1a: Roaring Moon|trapped\n|-activate|p2a: Torkoal|trapped\n|move|p2b: Roaring Moon|Throat Chop|p1b: Ting-Lu\n|-resisted|p1b: Ting-Lu\n|-damage|p1b: Ting-Lu|89\/100\n|-start|p1b: Ting-Lu|Throat Chop|[silent]\n|move|p2a: Torkoal|Eruption|p1a: Roaring Moon|[spread] p1a,p1b\n|-resisted|p1a: Roaring Moon\n|-end|p1a: Roaring Moon|Substitute\n|-damage|p1b: Ting-Lu|64\/100\n|\n|-weather|SunnyDay|[upkeep]\n|-heal|p1b: Ting-Lu|71\/100|[from] item: Leftovers\n|upkeep\n|turn|4\n|\n|t:|1682564540\n|move|p1a: Roaring Moon|Protect|p1a: Roaring Moon\n|-singleturn|p1a: Roaring Moon|Protect\n|move|p2b: Roaring Moon|Breaking Swipe|p1a: Roaring Moon|[spread] p1b\n|-activate|p1a: Roaring Moon|move: Protect\n|-damage|p1b: Ting-Lu|57\/100\n|-unboost|p1b: Ting-Lu|atk|1\n|move|p1b: Ting-Lu|Body Press|p2b: Roaring Moon\n|-supereffective|p2b: Roaring Moon\n|-damage|p2b: Roaring Moon|26\/100\n|move|p2a: Torkoal|Eruption|p1a: Roaring Moon|[spread] p1b\n|-activate|p1a: Roaring Moon|move: Protect\n|-damage|p1b: Ting-Lu|36\/100\n|\n|-weather|SunnyDay|[upkeep]\n|-heal|p1b: Ting-Lu|42\/100|[from] item: Leftovers\n|-end|p1b: Ting-Lu|Throat Chop|[silent]\n|upkeep\n|turn|5\n|j| PoGoboy\n|\n|t:|1682564562\n|move|p2b: Roaring Moon|Protect|p2b: Roaring Moon\n|-singleturn|p2b: Roaring Moon|Protect\n|move|p1a: Roaring Moon|Substitute|p1a: Roaring Moon\n|-start|p1a: Roaring Moon|Substitute\n|-damage|p1a: Roaring Moon|50\/100\n|move|p1b: Ting-Lu|Body Press|p2a: Torkoal\n|-damage|p2a: Torkoal|50\/100\n|move|p2a: Torkoal|Flamethrower|p1b: Ting-Lu\n|-damage|p1b: Ting-Lu|18\/100\n|\n|-weather|none\n|-end|p1a: Roaring Moon|Protosynthesis\n|-end|p2b: Roaring Moon|Protosynthesis\n|-heal|p1b: Ting-Lu|24\/100|[from] item: Leftovers\n|upkeep\n|-enditem|p1a: Roaring Moon|Booster Energy\n|-activate|p1a: Roaring Moon|ability: Protosynthesis|[fromitem]\n|-start|p1a: Roaring Moon|protosynthesisspe\n|turn|6\n|\n|t:|1682564578\n|move|p1a: Roaring Moon|Acrobatics|p2b: Roaring Moon\n|-damage|p2b: Roaring Moon|0 fnt\n|faint|p2b: Roaring Moon\n|-end|p2b: Roaring Moon|Protosynthesis|[silent]\n|move|p1b: Ting-Lu|Body Press|p2a: Torkoal\n|-damage|p2a: Torkoal|29\/100\n|move|p2a: Torkoal|Flamethrower|p1b: Ting-Lu\n|-damage|p1b: Ting-Lu|9\/100\n|\n|-heal|p1b: Ting-Lu|15\/100|[from] item: Leftovers\n|upkeep\n|l| PoGoboy\n|\n|t:|1682564582\n|switch|p2b: Flutter Mane|Flutter Mane, L50|100\/100\n|turn|7\n|\n|t:|1682564595\n|move|p1a: Roaring Moon|Jaw Lock|p2b: Flutter Mane\n|-damage|p2b: Flutter Mane|41\/100\n|move|p2b: Flutter Mane|Dazzling Gleam|p1a: Roaring Moon|[spread] p1a,p1b\n|-supereffective|p1a: Roaring Moon\n|-end|p1a: Roaring Moon|Substitute\n|-supereffective|p1b: Ting-Lu\n|-damage|p1b: Ting-Lu|0 fnt\n|faint|p1b: Ting-Lu\n|move|p2a: Torkoal|Earth Power|p1a: Roaring Moon\n|-damage|p1a: Roaring Moon|37\/100\n|\n|upkeep\n|j|+TheEeveeAnimations\n|\n|t:|1682564605\n|switch|p1b: Skeledirge|Skeledirge, L50, F|76\/100\n|turn|8\n|c|\u2606Tempest brute|gg\n|\n|t:|1682564612\n|-terastallize|p2b: Flutter Mane|Fairy\n|move|p2a: Torkoal|Protect|p2a: Torkoal\n|-singleturn|p2a: Torkoal|Protect\n|move|p1a: Roaring Moon|Jaw Lock|p2b: Flutter Mane\n|-resisted|p2b: Flutter Mane\n|-damage|p2b: Flutter Mane|11\/100\n|-activate|p2b: Flutter Mane|trapped\n|move|p2b: Flutter Mane|Dazzling Gleam|p1a: Roaring Moon|[spread] p1a,p1b\n|-supereffective|p1a: Roaring Moon\n|-resisted|p1b: Skeledirge\n|-damage|p1a: Roaring Moon|0 fnt\n|-damage|p1b: Skeledirge|61\/100\n|faint|p1a: Roaring Moon\n|-end|p1a: Roaring Moon|Protosynthesis|[silent]\n|move|p1b: Skeledirge|Shadow Ball|p2a: Torkoal\n|-activate|p2a: Torkoal|move: Protect\n|\n|-sideend|p1: Tempest brute|move: Light Screen\n|upkeep\n|turn|9\n|\n|t:|1682564622\n|move|p2b: Flutter Mane|Dazzling Gleam|p1b: Skeledirge\n|-resisted|p1b: Skeledirge\n|-damage|p1b: Skeledirge|25\/100\n|-enditem|p1b: Skeledirge|Sitrus Berry|[eat]\n|-heal|p1b: Skeledirge|49\/100|[from] item: Sitrus Berry\n|move|p1b: Skeledirge|Shadow Ball|p2a: Torkoal\n|-damage|p2a: Torkoal|0 fnt\n|faint|p2a: Torkoal\n|\n|upkeep\n|turn|10\n|c|\u2606lajoyapalacios|gg\n|\n|t:|1682564632\n|move|p2b: Flutter Mane|Dazzling Gleam|p1b: Skeledirge\n|-resisted|p1b: Skeledirge\n|-damage|p1b: Skeledirge|16\/100\n|move|p1b: Skeledirge|Shadow Ball|p2b: Flutter Mane\n|-damage|p2b: Flutter Mane|0 fnt\n|faint|p2b: Flutter Mane\n|-end|p2b: Flutter Mane|Protosynthesis|[silent]\n|\n|win|Tempest brute\n|n|\u2606Tempest brute|tempestbrute\n|n|\u2606lajoyapalacios|lajoyapalacios\n|n| Wottl3y|wottl3y\n|n| MadaoSamuraiG|madaosamuraig\n|n| Radio Free C-Side|radiofreecside\n|n| Bolt-Beam Studios|boltbeamstudios\n|n| NoraaW|noraaw\n|n| TheEeveeAnimations|theeeveeanimations\n","uploadtime":1682564633,"views":9,"p1id":"tempestbrute","p2id":"lajoyapalacios","formatid":"gen9vgc2023regulationc","rating":0,"private":0,"password":""}