{"id":"gen9vgc2023regulationc-1858737879","p1":"NessSo","p2":"2245663y","format":"[Gen 9] VGC 2023 Regulation C","log":"|j|\u2606NessSo\n|j|\u26062245663y\n|t:|1683351129\n|gametype|doubles\n|player|p1|NessSo|linebacker|\n|player|p2|2245663y|dawn-gen4pt|\n|teamsize|p1|6\n|teamsize|p2|6\n|gen|9\n|tier|[Gen 9] VGC 2023 Regulation C\n|rated|Tournament battle\n|rule|Species Clause: Limit one of each Pok\u00e9mon\n|rule|Item Clause: Limit one of each item\n|clearpoke\n|poke|p1|Torkoal, L50, M|\n|poke|p1|Indeedee-F, L50, F|\n|poke|p1|Armarouge, L50, F|\n|poke|p1|Iron Thorns, L50|\n|poke|p1|Quaquaval, L50, M|\n|poke|p1|Brute Bonnet, L50|\n|poke|p2|Talonflame, L50, F|\n|poke|p2|Garchomp, L50, F|\n|poke|p2|Iron Bundle, L50|\n|poke|p2|Flutter Mane, L50|\n|poke|p2|Kingambit, L50, F|\n|poke|p2|Amoonguss, L50, F|\n|teampreview|4\n|raw| Open Team Sheet for NessSo<\/summary>Torkoal @ Choice Specs Ability: Drought Level: 50 Tera Type: Fire - Eruption - Flamethrower - Solar Beam - Heat Wave Indeedee (Indeedee-F) (F) @ Psychic Seed Ability: Psychic Surge Level: 50 Tera Type: Fairy - Protect - Follow Me - Psychic - Helping Hand Armarouge @ Covert Cloak Ability: Flash Fire Level: 50 Tera Type: Fairy - Expanding Force - Trick Room - Tera Blast - Protect Iron Thorns @ Booster Energy Ability: Quark Drive Level: 50 Tera Type: Dark - Wild Charge - Thunder Punch - Rock Slide - Crunch Quaquaval @ Life Orb Ability: Moxie Level: 50 Tera Type: Water - Close Combat - Aqua Step - Swords Dance - Protect Brute Bonnet @ Focus Sash Ability: Protosynthesis Level: 50 Tera Type: Grass - Rage Powder - Spore - Crunch - Seed Bomb <\/details><\/div> Open Team Sheet for 2245663y<\/summary>Talonflame (F) @ Safety Goggles Ability: Gale Wings Level: 50 Tera Type: Ghost - Brave Bird - Tailwind - Will-O-Wisp - Taunt Garchomp @ Life Orb Ability: Rough Skin Level: 50 Tera Type: Steel - Dragon Claw - Earthquake - Stomping Tantrum - Protect Iron Bundle @ Booster Energy Ability: Quark Drive Level: 50 Shiny: Yes Tera Type: Water - Freeze-Dry - Icy Wind - Hydro Pump - Protect Flutter Mane @ Choice Specs Ability: Protosynthesis Level: 50 Tera Type: Fairy - Moonblast - Dazzling Gleam - Shadow Ball - Thunderbolt Kingambit (F) @ Assault Vest Ability: Defiant Level: 50 Tera Type: Flying - Kowtow Cleave - Sucker Punch - Iron Head - Tera Blast Amoonguss (F) @ Sitrus Berry Ability: Regenerator Level: 50 Shiny: Yes Tera Type: Water - Pollen Puff - Spore - Rage Powder - Protect <\/details><\/div>\n|inactive|Battle timer is ON: inactive players will automatically lose when time's up. (requested by NessSo)\n|inactive|NessSo has 60 seconds left.\n|inactive|2245663y has 60 seconds left.\n|c|\u2606NessSo|glhf\n|inactive|2245663y has 30 seconds left.\n|j| Tempest brute\n|inactive|2245663y has 20 seconds left.\n|inactive|2245663y has 15 seconds left.\n|inactive|2245663y has 10 seconds left.\n|\n|t:|1683351212\n|start\n|switch|p1a: Armarouge|Armarouge, L50, F|100\/100\n|switch|p1b: Indeedee|Indeedee-F, L50, F|100\/100\n|switch|p2a: Garchomp|Garchomp, L50, F|100\/100\n|switch|p2b: Talonflame|Talonflame, L50, F|100\/100\n|-fieldstart|move: Psychic Terrain|[from] ability: Psychic Surge|[of] p1b: Indeedee\n|-enditem|p1b: Indeedee|Psychic Seed\n|-boost|p1b: Indeedee|spd|1|[from] item: Psychic Seed\n|turn|1\n|\n|t:|1683351226\n|-terastallize|p1a: Armarouge|Fairy\n|move|p1b: Indeedee|Follow Me|p1b: Indeedee\n|-singleturn|p1b: Indeedee|move: Follow Me\n|move|p2b: Talonflame|Taunt|p1b: Indeedee\n|-start|p1b: Indeedee|move: Taunt\n|move|p2a: Garchomp|Earthquake|p1a: Armarouge|[spread] p1a,p1b\n|-immune|p2b: Talonflame\n|-damage|p1a: Armarouge|57\/100\n|-damage|p1b: Indeedee|38\/100\n|-damage|p2a: Garchomp|91\/100|[from] item: Life Orb\n|move|p1a: Armarouge|Trick Room|p1a: Armarouge\n|-fieldstart|move: Trick Room|[of] p1a: Armarouge\n|\n|upkeep\n|turn|2\n|j| WeirdPolyCouple\n|inactive|NessSo has 30 seconds left.\n|\n|t:|1683351260\n|-terastallize|p2a: Garchomp|Steel\n|move|p2b: Talonflame|Brave Bird|p1a: Armarouge\n|-activate|p1a: Armarouge|move: Psychic Terrain\n|move|p1a: Armarouge|Expanding Force|p2a: Garchomp|[spread] p2a,p2b\n|-resisted|p2a: Garchomp\n|-damage|p2a: Garchomp|58\/100\n|-damage|p2b: Talonflame|17\/100\n|move|p1b: Indeedee|Psychic|p2a: Garchomp\n|-resisted|p2a: Garchomp\n|-damage|p2a: Garchomp|38\/100\n|move|p2a: Garchomp|Earthquake|p1a: Armarouge|[spread] p1a,p1b\n|-immune|p2b: Talonflame\n|-damage|p1a: Armarouge|12\/100\n|-damage|p1b: Indeedee|0 fnt\n|faint|p1b: Indeedee\n|-damage|p2a: Garchomp|28\/100|[from] item: Life Orb\n|\n|upkeep\n|\n|t:|1683351265\n|switch|p1b: Torkoal|Torkoal, L50, M|100\/100\n|-weather|SunnyDay|[from] ability: Drought|[of] p1b: Torkoal\n|turn|3\n|\n|t:|1683351280\n|move|p2a: Garchomp|Protect|p2a: Garchomp\n|-singleturn|p2a: Garchomp|Protect\n|move|p1b: Torkoal|Eruption|p2a: Garchomp|[spread] p2b\n|-activate|p2a: Garchomp|move: Protect\n|-resisted|p2b: Talonflame\n|-damage|p2b: Talonflame|0 fnt\n|faint|p2b: Talonflame\n|move|p1a: Armarouge|Expanding Force|p2a: Garchomp\n|-activate|p2a: Garchomp|move: Protect\n|\n|-weather|SunnyDay|[upkeep]\n|upkeep\n|\n|t:|1683351286\n|switch|p2b: Amoonguss|Amoonguss, L50, F, shiny|100\/100\n|turn|4\n|\n|t:|1683351294\n|move|p2b: Amoonguss|Protect|p2b: Amoonguss\n|-singleturn|p2b: Amoonguss|Protect\n|move|p1b: Torkoal|Eruption|p2a: Garchomp|[spread] p2a\n|-activate|p2b: Amoonguss|move: Protect\n|-supereffective|p2a: Garchomp\n|-damage|p2a: Garchomp|0 fnt\n|faint|p2a: Garchomp\n|move|p1a: Armarouge|Expanding Force|p2b: Amoonguss\n|-activate|p2b: Amoonguss|move: Protect\n|\n|-weather|SunnyDay|[upkeep]\n|upkeep\n|\n|t:|1683351296\n|switch|p2a: Flutter Mane|Flutter Mane, L50|100\/100\n|-activate|p2a: Flutter Mane|ability: Protosynthesis\n|-start|p2a: Flutter Mane|protosynthesisspa\n|turn|5\n|\n|t:|1683351305\n|switch|p1a: Iron Thorns|Iron Thorns, L50|100\/100\n|-enditem|p1a: Iron Thorns|Booster Energy\n|-activate|p1a: Iron Thorns|ability: Quark Drive|[fromitem]\n|-start|p1a: Iron Thorns|quarkdriveatk\n|move|p1b: Torkoal|Eruption|p2a: Flutter Mane|[spread] p2a,p2b\n|-supereffective|p2b: Amoonguss\n|-damage|p2a: Flutter Mane|4\/100\n|-damage|p2b: Amoonguss|0 fnt\n|faint|p2b: Amoonguss\n|move|p2a: Flutter Mane|Dazzling Gleam|p1b: Torkoal|[spread] p1a,p1b\n|-resisted|p1b: Torkoal\n|-damage|p1a: Iron Thorns|29\/100\n|-damage|p1b: Torkoal|57\/100\n|\n|-weather|SunnyDay|[upkeep]\n|-fieldend|move: Trick Room\n|-fieldend|move: Psychic Terrain\n|upkeep\n|turn|6\n|c|\u2606NessSo|gg\n|\n|t:|1683351315\n|move|p2a: Flutter Mane|Dazzling Gleam|p1b: Torkoal|[spread] p1a,p1b\n|-resisted|p1b: Torkoal\n|-damage|p1a: Iron Thorns|0 fnt\n|-damage|p1b: Torkoal|13\/100\n|faint|p1a: Iron Thorns\n|-end|p1a: Iron Thorns|Quark Drive|[silent]\n|move|p1b: Torkoal|Eruption|p2a: Flutter Mane\n|-damage|p2a: Flutter Mane|0 fnt\n|faint|p2a: Flutter Mane\n|-end|p2a: Flutter Mane|Protosynthesis|[silent]\n|\n|win|NessSo\n|n|\u2606NessSo|nessso\n|n|\u26062245663y|2245663y\n|n| Tempest brute|tempestbrute\n|n| WeirdPolyCouple|weirdpolycouple\n","uploadtime":1683351316,"views":6,"p1id":"nessso","p2id":"2245663y","formatid":"gen9vgc2023regulationc","rating":0,"private":0,"password":""}