{"id":"gen9vgc2023regulationc-1845235661","p1":"seung2742","p2":"DinoMike130","format":"[Gen 9] VGC 2023 Regulation C","log":"|j|\u2606seung2742\n|j|\u2606DinoMike130\n|t:|1681700077\n|gametype|doubles\n|player|p1|seung2742|1|1325\n|player|p2|DinoMike130|veteran|1324\n|teamsize|p1|6\n|teamsize|p2|6\n|gen|9\n|tier|[Gen 9] VGC 2023 Regulation C\n|rated|\n|rule|Species Clause: Limit one of each Pok\u00e9mon\n|rule|Item Clause: Limit one of each item\n|clearpoke\n|poke|p1|Bronzong, L50|\n|poke|p1|Palafin, L50, F|\n|poke|p1|Garchomp, L50, M|\n|poke|p1|Chi-Yu, L50|\n|poke|p1|Wo-Chien, L50|\n|poke|p1|Flutter Mane, L50|\n|poke|p2|Pelipper, L50, F|\n|poke|p2|Drednaw, L50, F|\n|poke|p2|Chien-Pao, L50|\n|poke|p2|Torkoal, L50, M|\n|poke|p2|Great Tusk, L50|\n|poke|p2|Brute Bonnet, L50|\n|teampreview|4\n|inactive|Battle timer is ON: inactive players will automatically lose when time's up. (requested by seung2742)\n|inactive|DinoMike130 has 60 seconds left.\n|inactive|seung2742 has 60 seconds left.\n|\n|t:|1681700119\n|start\n|switch|p1a: Palafin|Palafin, L50, F|100\/100\n|switch|p1b: Flutter Mane|Flutter Mane, L50|100\/100\n|switch|p2a: Pelipper|Pelipper, L50, F|100\/100\n|switch|p2b: Drednaw|Drednaw, L50, F|100\/100\n|-weather|RainDance|[from] ability: Drizzle|[of] p2a: Pelipper\n|turn|1\n|\n|t:|1681700144\n|move|p1a: Palafin|Protect|p1a: Palafin\n|-singleturn|p1a: Palafin|Protect\n|move|p2b: Drednaw|Rock Slide|p1b: Flutter Mane|[spread] p1b\n|-activate|p1a: Palafin|move: Protect\n|-damage|p1b: Flutter Mane|18\/100\n|-damage|p2b: Drednaw|91\/100|[from] item: Life Orb\n|move|p1b: Flutter Mane|Moonblast|p2b: Drednaw\n|-damage|p2b: Drednaw|22\/100\n|-unboost|p2b: Drednaw|spa|1\n|move|p2a: Pelipper|Hurricane|p1b: Flutter Mane\n|-damage|p1b: Flutter Mane|0 fnt\n|faint|p1b: Flutter Mane\n|-end|p1b: Flutter Mane|Protosynthesis|[silent]\n|\n|-weather|RainDance|[upkeep]\n|upkeep\n|\n|t:|1681700162\n|switch|p1b: Bronzong|Bronzong, L50|100\/100\n|turn|2\n|inactive|DinoMike130 has 30 seconds left.\n|inactive|DinoMike130 has 20 seconds left.\n|inactive|DinoMike130 has 15 seconds left.\n|inactive|DinoMike130 has 10 seconds left.\n|\n|t:|1681700207\n|-terastallize|p1a: Palafin|Water\n|move|p1a: Palafin|Jet Punch|p2b: Drednaw\n|-damage|p2b: Drednaw|0 fnt\n|faint|p2b: Drednaw\n|move|p2a: Pelipper|Hurricane|p1a: Palafin\n|-damage|p1a: Palafin|58\/100\n|-start|p1a: Palafin|confusion\n|move|p1b: Bronzong|Iron Defense|p1b: Bronzong\n|-boost|p1b: Bronzong|def|2\n|\n|-weather|RainDance|[upkeep]\n|upkeep\n|\n|t:|1681700224\n|switch|p2b: Great Tusk|Great Tusk, L50|100\/100\n|-enditem|p2b: Great Tusk|Booster Energy\n|-activate|p2b: Great Tusk|ability: Protosynthesis|[fromitem]\n|-start|p2b: Great Tusk|protosynthesisatk\n|turn|3\n|\n|t:|1681700239\n|switch|p2a: Chien-Pao|Chien-Pao, L50|100\/100\n|-ability|p2a: Chien-Pao|Sword of Ruin\n|detailschange|p1a: Palafin|Palafin-Hero, L50, F, tera:Water\n|switch|p1a: Garchomp|Garchomp, L50, M|100\/100\n|-terastallize|p2b: Great Tusk|Steel\n|move|p2b: Great Tusk|Close Combat|p1b: Bronzong\n|-damage|p1b: Bronzong|50\/100\n|-unboost|p2b: Great Tusk|def|1\n|-unboost|p2b: Great Tusk|spd|1\n|move|p1b: Bronzong|Body Press|p2b: Great Tusk\n|-supereffective|p2b: Great Tusk\n|-damage|p2b: Great Tusk|0 fnt\n|faint|p2b: Great Tusk\n|-end|p2b: Great Tusk|Protosynthesis|[silent]\n|\n|-weather|RainDance|[upkeep]\n|-heal|p1b: Bronzong|56\/100|[from] item: Leftovers\n|upkeep\n|\n|t:|1681700256\n|switch|p2b: Pelipper|Pelipper, L50, F|100\/100\n|turn|4\n|\n|t:|1681700274\n|move|p2a: Chien-Pao|Ice Spinner|p1a: Garchomp\n|-supereffective|p1a: Garchomp\n|-damage|p1a: Garchomp|0 fnt\n|-damage|p2a: Chien-Pao|88\/100|[from] ability: Rough Skin|[of] p1a: Garchomp\n|faint|p1a: Garchomp\n|move|p2b: Pelipper|Hurricane|p1b: Bronzong\n|-resisted|p1b: Bronzong\n|-damage|p1b: Bronzong|44\/100\n|move|p1b: Bronzong|Body Press|p2a: Chien-Pao\n|-supereffective|p2a: Chien-Pao\n|-damage|p2a: Chien-Pao|0 fnt\n|faint|p2a: Chien-Pao\n|\n|-weather|RainDance|[upkeep]\n|-heal|p1b: Bronzong|49\/100|[from] item: Leftovers\n|upkeep\n|\n|t:|1681700277\n|switch|p1a: Palafin|Palafin-Hero, L50, F, tera:Water|58\/100\n|-activate|p1a: Palafin|ability: Zero to Hero\n|turn|5\n|\n|t:|1681700289\n|move|p1b: Bronzong|Helping Hand|p1a: Palafin\n|-singleturn|p1a: Palafin|Helping Hand|[of] p1b: Bronzong\n|move|p2b: Pelipper|Hurricane|p1a: Palafin\n|-damage|p1a: Palafin|23\/100\n|move|p1a: Palafin|Wave Crash|p2b: Pelipper\n|-resisted|p2b: Pelipper\n|-damage|p2b: Pelipper|0 fnt\n|faint|p2b: Pelipper\n|-damage|p1a: Palafin|0 fnt|[from] Recoil\n|faint|p1a: Palafin\n|\n|win|seung2742\n|raw|seung2742's rating: 1325 → 1345<\/strong> (+20 for winning)\n|raw|DinoMike130's rating: 1324 → 1304<\/strong> (-20 for losing)\n|l|\u2606seung2742\n","uploadtime":1681700335,"views":9,"p1id":"seung2742","p2id":"dinomike130","formatid":"gen9vgc2023regulationc","rating":1304,"private":0,"password":""}