{"id":"gen9vgc2023regulationc-1850963136","p1":"SilverDragon550","p2":"Hypernaro","format":"[Gen 9] VGC 2023 Regulation C","log":"|j|\u2606SilverDragon550\n|j|\u2606Hypernaro\n|t:|1682387541\n|gametype|doubles\n|player|p1|SilverDragon550|silver|1204\n|player|p2|Hypernaro|266|1293\n|teamsize|p1|6\n|teamsize|p2|6\n|gen|9\n|tier|[Gen 9] VGC 2023 Regulation C\n|rated|\n|rule|Species Clause: Limit one of each Pok\u00e9mon\n|rule|Item Clause: Limit one of each item\n|clearpoke\n|poke|p1|Chien-Pao, L50|\n|poke|p1|Iron Valiant, L50|\n|poke|p1|Amoonguss, L50, M|\n|poke|p1|Dragapult, L50, M|\n|poke|p1|Gyarados, L50, F|\n|poke|p1|Ting-Lu, L50|\n|poke|p2|Scizor, L50, M|\n|poke|p2|Ting-Lu, L50|\n|poke|p2|Flutter Mane, L50|\n|poke|p2|Roaring Moon, L50|\n|poke|p2|Brute Bonnet, L50|\n|poke|p2|Arcanine, L50, M|\n|teampreview|4\nSilverDragon550 has agreed to open team sheets.\n|\n|t:|1682387580\n|start\n|switch|p1a: Bing Chiling|Chien-Pao, L50|100\/100\n|switch|p1b: Rage|Gyarados, L50, F|100\/100\n|switch|p2a: Scizor|Scizor, L50, M|100\/100\n|switch|p2b: Arcanine|Arcanine, L50, M|100\/100\n|-ability|p1a: Bing Chiling|Sword of Ruin\n|-ability|p2b: Arcanine|Intimidate|boost\n|-unboost|p1a: Bing Chiling|atk|1\n|-unboost|p1b: Rage|atk|1\n|-ability|p1b: Rage|Intimidate|boost\n|-fail|p2a: Scizor|unboost|[from] item: Clear Amulet|[of] p2a: Scizor\n|-unboost|p2b: Arcanine|atk|1\n|turn|1\n|\n|t:|1682387624\n|move|p1a: Bing Chiling|Protect|p1a: Bing Chiling\n|-singleturn|p1a: Bing Chiling|Protect\n|move|p2a: Scizor|Bullet Punch|p1a: Bing Chiling\n|-activate|p1a: Bing Chiling|move: Protect\n|move|p2b: Arcanine|Will-O-Wisp|p1b: Rage|[miss]\n|-miss|p2b: Arcanine|p1b: Rage\n|move|p1b: Rage|Taunt|p2b: Arcanine\n|-start|p2b: Arcanine|move: Taunt\n|\n|upkeep\n|turn|2\n|inactive|Battle timer is ON: inactive players will automatically lose when time's up. (requested by Hypernaro)\n|\n|t:|1682387644\n|switch|p1a: Sussy Gussy|Amoonguss, L50, M|100\/100\n|switch|p2b: Brute Bonnet|Brute Bonnet, L50|100\/100\n|move|p2a: Scizor|Bullet Punch|p1a: Sussy Gussy\n|-damage|p1a: Sussy Gussy|70\/100\n|move|p1b: Rage|Waterfall|p2b: Brute Bonnet\n|-resisted|p2b: Brute Bonnet\n|-damage|p2b: Brute Bonnet|87\/100\n|\n|upkeep\n|turn|3\n|inactive|SilverDragon550 has 30 seconds left.\n|\n|t:|1682387671\n|-terastallize|p2a: Scizor|Fire\n|move|p1b: Rage|Taunt|p2b: Brute Bonnet\n|-start|p2b: Brute Bonnet|move: Taunt\n|cant|p2b: Brute Bonnet|move: Taunt|Spore\n|move|p2a: Scizor|Tera Blast|p1a: Sussy Gussy\n|-supereffective|p1a: Sussy Gussy\n|-damage|p1a: Sussy Gussy|1\/100\n|-enditem|p1a: Sussy Gussy|Sitrus Berry|[eat]\n|-heal|p1a: Sussy Gussy|26\/100|[from] item: Sitrus Berry\n|move|p1a: Sussy Gussy|Spore|p2a: Scizor\n|-status|p2a: Scizor|slp|[from] move: Spore\n|\n|upkeep\n|turn|4\n|inactive|SilverDragon550 has 30 seconds left.\n|inactive|Hypernaro has 30 seconds left.\n|inactive|SilverDragon550 has 20 seconds left.\n|\n|t:|1682387710\n|switch|p1a: Love Wins|Iron Valiant, L50|100\/100\n|cant|p2a: Scizor|slp\n|move|p1b: Rage|Waterfall|p2a: Scizor\n|-supereffective|p2a: Scizor\n|-damage|p2a: Scizor|35\/100 slp\n|move|p2b: Brute Bonnet|Bullet Seed|p1b: Rage\n|-damage|p1b: Rage|86\/100\n|-damage|p1b: Rage|73\/100\n|-damage|p1b: Rage|58\/100\n|-damage|p1b: Rage|45\/100\n|-hitcount|p1b: Rage|4\n|\n|upkeep\n|turn|5\n|inactive|SilverDragon550 has 30 seconds left.\n|inactive|SilverDragon550 has 20 seconds left.\n|\n|t:|1682387749\n|-end|p2b: Brute Bonnet|Protosynthesis|[silent]\n|switch|p2b: Arcanine|Arcanine, L50, M|100\/100\n|-ability|p2b: Arcanine|Intimidate|boost\n|-unboost|p1a: Love Wins|atk|1\n|-unboost|p1b: Rage|atk|1\n|-terastallize|p1a: Love Wins|Steel\n|cant|p2a: Scizor|slp\n|move|p1a: Love Wins|Swords Dance|p1a: Love Wins\n|-boost|p1a: Love Wins|atk|2\n|move|p1b: Rage|Waterfall|p2a: Scizor\n|-supereffective|p2a: Scizor\n|-damage|p2a: Scizor|0 fnt\n|faint|p2a: Scizor\n|\n|upkeep\n|\n|t:|1682387772\n|switch|p2a: Flutter Mane|Flutter Mane, L50|100\/100\n|turn|6\n|inactive|SilverDragon550 has 30 seconds left.\n|\n|t:|1682387805\n|switch|p1b: Bing Chiling|Chien-Pao, L50|100\/100\n|-ability|p1b: Bing Chiling|Sword of Ruin\n|move|p1a: Love Wins|Protect|p1a: Love Wins\n|-singleturn|p1a: Love Wins|Protect\n|move|p2a: Flutter Mane|Protect|p2a: Flutter Mane\n|-singleturn|p2a: Flutter Mane|Protect\n|move|p2b: Arcanine|Flare Blitz|p1a: Love Wins\n|-activate|p1a: Love Wins|move: Protect\n|\n|upkeep\n|turn|7\n|\n|t:|1682387823\n|move|p1b: Bing Chiling|Sucker Punch|p2a: Flutter Mane\n|-damage|p2a: Flutter Mane|12\/100\n|move|p1a: Love Wins|Close Combat|p2b: Arcanine\n|-damage|p2b: Arcanine|0 fnt\n|-unboost|p1a: Love Wins|def|1\n|-unboost|p1a: Love Wins|spd|1\n|faint|p2b: Arcanine\n|-damage|p1a: Love Wins|90\/100|[from] item: Life Orb\n|move|p2a: Flutter Mane|Dazzling Gleam|p1a: Love Wins|[spread] p1a,p1b\n|-resisted|p1a: Love Wins\n|-crit|p1a: Love Wins\n|-supereffective|p1b: Bing Chiling\n|-damage|p1a: Love Wins|0 fnt\n|-enditem|p1b: Bing Chiling|Focus Sash\n|-damage|p1b: Bing Chiling|1\/100\n|faint|p1a: Love Wins\n|-end|p1a: Love Wins|Quark Drive|[silent]\n|-damage|p2a: Flutter Mane|3\/100|[from] item: Life Orb\n|\n|upkeep\n|inactive|SilverDragon550 has 30 seconds left.\n|\n|t:|1682387857\n|switch|p1a: Sussy Gussy|Amoonguss, L50, M|59\/100\n|switch|p2b: Brute Bonnet|Brute Bonnet, L50|87\/100\n|turn|8\n|inactive|SilverDragon550 has 30 seconds left.\n|inactive|SilverDragon550 has 20 seconds left.\n|inactive|Hypernaro has 30 seconds left.\n|inactive|SilverDragon550 has 15 seconds left.\n|inactive|SilverDragon550 has 10 seconds left.\n|\n|t:|1682387905\n|switch|p1a: Rage|Gyarados, L50, F|45\/100\n|-ability|p1a: Rage|Intimidate|boost\n|-unboost|p2a: Flutter Mane|atk|1\n|-unboost|p2b: Brute Bonnet|atk|1\n|move|p1b: Bing Chiling|Protect|p1b: Bing Chiling\n|-singleturn|p1b: Bing Chiling|Protect\n|move|p2a: Flutter Mane|Protect|p2a: Flutter Mane\n|-singleturn|p2a: Flutter Mane|Protect\n|move|p2b: Brute Bonnet|Sucker Punch||[still]\n|-fail|p2b: Brute Bonnet\n|\n|upkeep\n|turn|9\n|inactive|SilverDragon550 has 30 seconds left.\n|inactive|SilverDragon550 has 20 seconds left.\n|\n|t:|1682387945\n|move|p1a: Rage|Protect|p1a: Rage\n|-singleturn|p1a: Rage|Protect\n|move|p2b: Brute Bonnet|Rage Powder|p2b: Brute Bonnet\n|-singleturn|p2b: Brute Bonnet|move: Rage Powder\n|move|p1b: Bing Chiling|Sucker Punch||[still]\n|-fail|p1b: Bing Chiling\n|move|p2a: Flutter Mane|Dazzling Gleam|p1a: Rage|[spread] p1b\n|-activate|p1a: Rage|move: Protect\n|-supereffective|p1b: Bing Chiling\n|-damage|p1b: Bing Chiling|0 fnt\n|faint|p1b: Bing Chiling\n|-damage|p2a: Flutter Mane|0 fnt|[from] item: Life Orb\n|faint|p2a: Flutter Mane\n|-end|p2a: Flutter Mane|Protosynthesis|[silent]\n|\n|upkeep\n|\n|t:|1682387954\n|switch|p1b: Sussy Gussy|Amoonguss, L50, M|92\/100\n|turn|10\n|\n|t:|1682387964\n|move|p1a: Rage|Waterfall|p2b: Brute Bonnet\n|-resisted|p2b: Brute Bonnet\n|-damage|p2b: Brute Bonnet|67\/100\n|move|p2b: Brute Bonnet|Bullet Seed|p1a: Rage\n|-damage|p1a: Rage|35\/100\n|-damage|p1a: Rage|25\/100\n|-damage|p1a: Rage|15\/100\n|-damage|p1a: Rage|6\/100\n|-damage|p1a: Rage|0 fnt\n|faint|p1a: Rage\n|-hitcount|p1: Rage|5\n|move|p1b: Sussy Gussy|Clear Smog|p2b: Brute Bonnet\n|-supereffective|p2b: Brute Bonnet\n|-damage|p2b: Brute Bonnet|39\/100\n|-clearboost|p2b: Brute Bonnet\n|\n|upkeep\n|turn|11\n|\n|t:|1682387977\n|move|p2b: Brute Bonnet|Sucker Punch|p1b: Sussy Gussy\n|-damage|p1b: Sussy Gussy|64\/100\n|move|p1b: Sussy Gussy|Clear Smog|p2b: Brute Bonnet\n|-supereffective|p2b: Brute Bonnet\n|-damage|p2b: Brute Bonnet|10\/100\n|-clearboost|p2b: Brute Bonnet\n|\n|upkeep\n|turn|12\n|\n|t:|1682387986\n|move|p2b: Brute Bonnet|Sucker Punch|p1b: Sussy Gussy\n|-damage|p1b: Sussy Gussy|35\/100\n|move|p1b: Sussy Gussy|Clear Smog|p2b: Brute Bonnet\n|-supereffective|p2b: Brute Bonnet\n|-damage|p2b: Brute Bonnet|0 fnt\n|-clearboost|p2b: Brute Bonnet\n|faint|p2b: Brute Bonnet\n|-end|p2b: Brute Bonnet|Protosynthesis|[silent]\n|\n|win|SilverDragon550\n|raw|SilverDragon550's rating: 1204 → 1235<\/strong> (+31 for winning)\n|raw|Hypernaro's rating: 1293 → 1262<\/strong> (-31 for losing)\n","uploadtime":1682388000,"views":6,"p1id":"silverdragon550","p2id":"hypernaro","formatid":"gen9vgc2023regulationc","rating":1235,"private":0,"password":""}