{"id":"gen9vgc2023regulationc-1860472292","p1":"Thayeriscool","p2":"RohithS98","format":"[Gen 9] VGC 2023 Regulation C","log":"|j|\u2606Thayeriscool\n|j|\u2606RohithS98\n|t:|1683647168\n|gametype|doubles\n|player|p1|Thayeriscool|265|1042\n|player|p2|RohithS98|steven|1134\n|teamsize|p1|6\n|teamsize|p2|6\n|gen|9\n|tier|[Gen 9] VGC 2023 Regulation C\n|rated|\n|rule|Species Clause: Limit one of each Pok\u00e9mon\n|rule|Item Clause: Limit one of each item\n|clearpoke\n|poke|p1|Chien-Pao, L50|\n|poke|p1|Torkoal, L50, M|\n|poke|p1|Skeledirge, L50, F|\n|poke|p1|Brute Bonnet, L50|\n|poke|p1|Garchomp, L50, M|\n|poke|p1|Maushold-Four, L50|\n|poke|p2|Armarouge, L50, F|\n|poke|p2|Iron Hands, L50|\n|poke|p2|Chien-Pao, L50|\n|poke|p2|Ting-Lu, L50|\n|poke|p2|Indeedee-F, L50, F|\n|poke|p2|Amoonguss, L50, M|\n|teampreview|4\n|inactive|Battle timer is ON: inactive players will automatically lose when time's up. (requested by RohithS98)\nRohithS98 has agreed to open team sheets.\n|inactive|RohithS98 has 60 seconds left.\nThayeriscool rejected open team sheets.\n|inactive|RohithS98 has 30 seconds left.\n|inactive|RohithS98 has 20 seconds left.\n|inactive|RohithS98 has 15 seconds left.\n|inactive|RohithS98 has 10 seconds left.\n|inactive|RohithS98 has 5 seconds left.\n|\n|t:|1683647255\n|start\n|switch|p1a: EdgeLord|Garchomp, L50, M, shiny|100\/100\n|switch|p1b: NuclearFamily|Maushold-Four, L50, shiny|100\/100\n|switch|p2a: Chien-Pao|Chien-Pao, L50|100\/100\n|switch|p2b: Amoonguss|Amoonguss, L50, M|100\/100\n|-ability|p2a: Chien-Pao|Sword of Ruin\n|turn|1\n|inactive|RohithS98 has 30 seconds left.\n|\n|t:|1683647281\n|-terastallize|p1a: EdgeLord|Steel\n|move|p1b: NuclearFamily|Follow Me|p1b: NuclearFamily\n|-singleturn|p1b: NuclearFamily|move: Follow Me\n|move|p2a: Chien-Pao|Sacred Sword|p1b: NuclearFamily\n|-supereffective|p1b: NuclearFamily\n|-damage|p1b: NuclearFamily|0 fnt\n|faint|p1b: NuclearFamily\n|move|p1a: EdgeLord|Iron Head|p2a: Chien-Pao\n|-supereffective|p2a: Chien-Pao\n|-enditem|p2a: Chien-Pao|Focus Sash\n|-damage|p2a: Chien-Pao|1\/100\n|move|p2b: Amoonguss|Spore|p1a: EdgeLord\n|-status|p1a: EdgeLord|slp|[from] move: Spore\n|\n|upkeep\n|\n|t:|1683647298\n|switch|p1b: Bingo|Chien-Pao, L50|100\/100\n|-ability|p1b: Bingo|Sword of Ruin\n|turn|2\n|\n|t:|1683647310\n|move|p2b: Amoonguss|Rage Powder|p2b: Amoonguss\n|-singleturn|p2b: Amoonguss|move: Rage Powder\n|move|p1b: Bingo|Ice Spinner|p2b: Amoonguss\n|-supereffective|p2b: Amoonguss\n|-damage|p2b: Amoonguss|3\/100\n|-enditem|p2b: Amoonguss|Sitrus Berry|[eat]\n|-heal|p2b: Amoonguss|28\/100|[from] item: Sitrus Berry\n|-damage|p1b: Bingo|91\/100|[from] item: Life Orb\n|move|p2a: Chien-Pao|Sacred Sword|p1b: Bingo\n|-supereffective|p1b: Bingo\n|-damage|p1b: Bingo|0 fnt\n|faint|p1b: Bingo\n|cant|p1a: EdgeLord|slp\n|\n|upkeep\n|\n|t:|1683647323\n|switch|p1b: My dog|Skeledirge, L50, F, shiny|100\/100\n|turn|3\n|\n|t:|1683647337\n|move|p2a: Chien-Pao|Sacred Sword|p1a: EdgeLord\n|-supereffective|p1a: EdgeLord\n|-damage|p1a: EdgeLord|20\/100 slp\n|-damage|p2a: Chien-Pao|0 fnt|[from] ability: Rough Skin|[of] p1a: EdgeLord\n|faint|p2a: Chien-Pao\n|cant|p1a: EdgeLord|slp\n|move|p1b: My dog|Torch Song|p2b: Amoonguss\n|-supereffective|p2b: Amoonguss\n|-damage|p2b: Amoonguss|0 fnt\n|-boost|p1b: My dog|spa|1\n|faint|p2b: Amoonguss\n|\n|upkeep\n|\n|t:|1683647343\n|switch|p2a: Ting-Lu|Ting-Lu, L50|100\/100\n|switch|p2b: Iron Hands|Iron Hands, L50|100\/100\n|-ability|p2a: Ting-Lu|Vessel of Ruin\n|turn|4\n|\n|t:|1683647367\n|move|p2b: Iron Hands|Detect|p2b: Iron Hands\n|-singleturn|p2b: Iron Hands|Protect\n|cant|p1a: EdgeLord|slp\n|move|p1b: My dog|Shadow Ball|p2a: Ting-Lu\n|-resisted|p2a: Ting-Lu\n|-damage|p2a: Ting-Lu|89\/100\n|move|p2a: Ting-Lu|Stomping Tantrum|p1a: EdgeLord\n|-supereffective|p1a: EdgeLord\n|-crit|p1a: EdgeLord\n|-damage|p1a: EdgeLord|0 fnt\n|-damage|p2a: Ting-Lu|77\/100|[from] ability: Rough Skin|[of] p1a: EdgeLord\n|-damage|p2a: Ting-Lu|60\/100|[from] item: Rocky Helmet|[of] p1a: EdgeLord\n|faint|p1a: EdgeLord\n|\n|upkeep\n|turn|5\n|\n|t:|1683647391\n|-terastallize|p2b: Iron Hands|Fire\n|move|p1b: My dog|Torch Song|p2a: Ting-Lu\n|-damage|p2a: Ting-Lu|32\/100\n|-boost|p1b: My dog|spa|1\n|move|p2b: Iron Hands|Thunder Punch|p1b: My dog\n|-damage|p1b: My dog|66\/100\n|move|p2a: Ting-Lu|Snarl|p1b: My dog\n|-supereffective|p1b: My dog\n|-damage|p1b: My dog|38\/100\n|-unboost|p1b: My dog|spa|1\n|\n|upkeep\n|turn|6\n|\n|t:|1683647409\n|move|p1b: My dog|Torch Song|p2a: Ting-Lu\n|-damage|p2a: Ting-Lu|0 fnt\n|-boost|p1b: My dog|spa|1\n|faint|p2a: Ting-Lu\n|move|p2b: Iron Hands|Thunder Punch|p1b: My dog\n|-damage|p1b: My dog|4\/100\n|\n|upkeep\n|turn|7\n|\n|t:|1683647421\n|move|p1b: My dog|Slack Off|p1b: My dog\n|-heal|p1b: My dog|54\/100\n|move|p2b: Iron Hands|Thunder Punch|p1b: My dog\n|-damage|p1b: My dog|17\/100\n|\n|upkeep\n|turn|8\n|\n|t:|1683647431\n|move|p1b: My dog|Earth Power|p2b: Iron Hands\n|-supereffective|p2b: Iron Hands\n|-damage|p2b: Iron Hands|14\/100\n|move|p2b: Iron Hands|Swords Dance|p2b: Iron Hands\n|-boost|p2b: Iron Hands|atk|2\n|\n|upkeep\n|turn|9\n|\n|t:|1683647439\n|move|p1b: My dog|Earth Power|p2b: Iron Hands\n|-supereffective|p2b: Iron Hands\n|-damage|p2b: Iron Hands|0 fnt\n|faint|p2b: Iron Hands\n|-end|p2b: Iron Hands|Quark Drive|[silent]\n|\n|win|Thayeriscool\n|raw|Thayeriscool's rating: 1042 → 1084<\/strong> (+42 for winning)\n|raw|RohithS98's rating: 1134 → 1103<\/strong> (-31 for losing)\n|l|\u2606RohithS98\n","uploadtime":1683647450,"views":5,"p1id":"thayeriscool","p2id":"rohiths98","formatid":"gen9vgc2023regulationc","rating":1084,"private":0,"password":""}