{"id":"gen9vgc2023regulationc-1859040266","p1":"assprinatschool","p2":"whosgemini","format":"[Gen 9] VGC 2023 Regulation C","log":"|j|\u2606assprinatschool\n|j|\u2606whosgemini\n|t:|1683397437\n|gametype|doubles\n|player|p1|assprinatschool|169|1371\n|player|p2|whosgemini|n|1260\n|teamsize|p1|6\n|teamsize|p2|6\n|gen|9\n|tier|[Gen 9] VGC 2023 Regulation C\n|rated|\n|rule|Species Clause: Limit one of each Pok\u00e9mon\n|rule|Item Clause: Limit one of each item\n|clearpoke\n|poke|p1|Glimmora, L50, F|\n|poke|p1|Garganacl, L50, M|\n|poke|p1|Tyranitar, L50, M|\n|poke|p1|Houndstone, L50, F|\n|poke|p1|Salamence, L50, M|\n|poke|p1|Iron Hands, L50|\n|poke|p2|Murkrow, L50, M|\n|poke|p2|Flutter Mane, L50|\n|poke|p2|Roaring Moon, L50|\n|poke|p2|Gholdengo, L50|\n|poke|p2|Grimmsnarl, L50, M|\n|poke|p2|Palafin, L50, M|\n|teampreview|4\nassprinatschool has agreed to open team sheets.\n|\n|t:|1683397484\n|start\n|switch|p1a: Glimmora|Glimmora, L50, F|100\/100\n|switch|p1b: Garganacl|Garganacl, L50, M|100\/100\n|switch|p2a: Palafin|Palafin, L50, M|100\/100\n|switch|p2b: Gholdengo|Gholdengo, L50|100\/100\n|turn|1\n|\n|t:|1683397496\n|move|p1b: Garganacl|Wide Guard|p1b: Garganacl\n|-singleturn|p1b: Garganacl|Wide Guard\n|move|p2a: Palafin|Flip Turn|p1a: Glimmora\n|-supereffective|p1a: Glimmora\n|-damage|p1a: Glimmora|44\/100\n|-activate|p1a: Glimmora|ability: Toxic Debris\n|-sidestart|p2: whosgemini|move: Toxic Spikes\n|\n|t:|1683397509\n|detailschange|p2a: Palafin|Palafin-Hero, L50, M\n|switch|p2a: Roaring Moon|Roaring Moon, L50|100\/100|[from] Flip Turn\n|-enditem|p2a: Roaring Moon|Booster Energy\n|-activate|p2a: Roaring Moon|ability: Protosynthesis|[fromitem]\n|-start|p2a: Roaring Moon|protosynthesisatk\n|-status|p2a: Roaring Moon|psn\n|move|p2b: Gholdengo|Make It Rain|p1a: Glimmora|[spread] \n|-activate|p1a: Glimmora|move: Wide Guard\n|-activate|p1b: Garganacl|move: Wide Guard\n|move|p1a: Glimmora|Earth Power|p2b: Gholdengo\n|-supereffective|p2b: Gholdengo\n|-damage|p2b: Gholdengo|25\/100\n|\n|-damage|p2a: Roaring Moon|88\/100 psn|[from] psn\n|upkeep\n|turn|2\n|\n|t:|1683397537\n|switch|p1b: Tyranitar|Tyranitar, L50, M|100\/100\n|-weather|Sandstorm|[from] ability: Sand Stream|[of] p1b: Tyranitar\n|move|p2a: Roaring Moon|Crunch|p1a: Glimmora\n|-damage|p1a: Glimmora|0 fnt\n|-activate|p1a: Glimmora|ability: Toxic Debris\n|-sidestart|p2: whosgemini|move: Toxic Spikes\n|faint|p1a: Glimmora\n|move|p2b: Gholdengo|Make It Rain|p1b: Tyranitar\n|-supereffective|p1b: Tyranitar\n|-damage|p1b: Tyranitar|0 fnt\n|-unboost|p2b: Gholdengo|spa|1\n|faint|p1b: Tyranitar\n|\n|-weather|Sandstorm|[upkeep]\n|-damage|p2a: Roaring Moon|82\/100 psn|[from] Sandstorm\n|-damage|p2a: Roaring Moon|70\/100 psn|[from] psn\n|upkeep\n|\n|t:|1683397544\n|switch|p1a: Garganacl|Garganacl, L50, M|100\/100\n|switch|p1b: Houndstone|Houndstone, L50, F|100\/100\n|turn|3\n|\n|t:|1683397561\n|switch|p2b: Palafin|Palafin-Hero, L50, M|100\/100\n|-status|p2b: Palafin|tox\n|-activate|p2b: Palafin|ability: Zero to Hero\n|move|p1b: Houndstone|Last Respects|p2b: Palafin\n|-damage|p2b: Palafin|47\/100 tox\n|move|p2a: Roaring Moon|Crunch|p1b: Houndstone\n|-supereffective|p1b: Houndstone\n|-damage|p1b: Houndstone|0 fnt\n|faint|p1b: Houndstone\n|move|p1a: Garganacl|Salt Cure|p2a: Roaring Moon\n|-damage|p2a: Roaring Moon|51\/100 psn\n|-start|p2a: Roaring Moon|Salt Cure\n|\n|-weather|Sandstorm|[upkeep]\n|-damage|p2a: Roaring Moon|45\/100 psn|[from] Sandstorm\n|-damage|p2b: Palafin|41\/100 tox|[from] Sandstorm\n|-damage|p2a: Roaring Moon|33\/100 psn|[from] psn\n|-damage|p2b: Palafin|35\/100 tox|[from] psn\n|-damage|p2a: Roaring Moon|20\/100 psn|[from] Salt Cure\n|upkeep\n|turn|4\n|\n|t:|1683397582\n|-terastallize|p2a: Roaring Moon|Ground\n|-terastallize|p1a: Garganacl|Fairy\n|move|p2b: Palafin|Jet Punch|p1a: Garganacl\n|-damage|p1a: Garganacl|70\/100\n|move|p2a: Roaring Moon|Earthquake|p1a: Garganacl|[spread] p2b,p1a\n|-damage|p2b: Palafin|0 fnt\n|-damage|p1a: Garganacl|30\/100\n|faint|p2b: Palafin\n|move|p1a: Garganacl|Salt Cure|p2a: Roaring Moon\n|-resisted|p2a: Roaring Moon\n|-damage|p2a: Roaring Moon|11\/100 psn\n|\n|-weather|Sandstorm|[upkeep]\n|-damage|p1a: Garganacl|25\/100|[from] Sandstorm\n|-heal|p1a: Garganacl|30\/100|[from] item: Leftovers\n|-damage|p2a: Roaring Moon|0 fnt|[from] psn\n|faint|p2a: Roaring Moon\n|-end|p2a: Roaring Moon|Protosynthesis|[silent]\n|upkeep\n|\n|t:|1683397593\n|switch|p2a: Gholdengo|Gholdengo, L50|25\/100\n|switch|p2b: Flutter Mane|Flutter Mane, L50|100\/100\n|-status|p2b: Flutter Mane|tox\n|turn|5\n|\n|t:|1683397598\n|move|p1a: Garganacl|Protect|p1a: Garganacl\n|-singleturn|p1a: Garganacl|Protect\n|move|p2b: Flutter Mane|Dazzling Gleam|p1a: Garganacl\n|-activate|p1a: Garganacl|move: Protect\n|move|p2a: Gholdengo|Make It Rain|p1a: Garganacl\n|-activate|p1a: Garganacl|move: Protect\n|\n|-weather|Sandstorm|[upkeep]\n|-damage|p2b: Flutter Mane|94\/100 tox|[from] Sandstorm\n|-damage|p1a: Garganacl|25\/100|[from] Sandstorm\n|-heal|p1a: Garganacl|30\/100|[from] item: Leftovers\n|-damage|p2b: Flutter Mane|88\/100 tox|[from] psn\n|upkeep\n|turn|6\n|\n|t:|1683397601\n|move|p2b: Flutter Mane|Dazzling Gleam|p1a: Garganacl\n|-damage|p1a: Garganacl|0 fnt\n|faint|p1a: Garganacl\n|-damage|p2b: Flutter Mane|78\/100 tox|[from] item: Life Orb\n|\n|win|whosgemini\n|raw|assprinatschool's rating: 1371 → 1345<\/strong> (-26 for losing)\n|raw|whosgemini's rating: 1260 → 1293<\/strong> (+33 for winning)\n|l|\u2606assprinatschool\n","uploadtime":1683397631,"views":12,"p1id":"assprinatschool","p2id":"whosgemini","formatid":"gen9vgc2023regulationc","rating":1293,"private":0,"password":""}