{"id":"gen9vgc2023regulationc-1849848302","p1":"FruitJuice148","p2":"zurneus","format":"[Gen 9] VGC 2023 Regulation C","log":"|j|\u2606FruitJuice148\n|j|\u2606zurneus\n|t:|1682260212\n|gametype|doubles\n|player|p1|FruitJuice148|hilbert-wonderlauncher|\n|player|p2|zurneus|richboy-gen4|\n|teamsize|p1|6\n|teamsize|p2|6\n|gen|9\n|tier|[Gen 9] VGC 2023 Regulation C\n|rule|Species Clause: Limit one of each Pok\u00e9mon\n|rule|Item Clause: Limit one of each item\n|clearpoke\n|poke|p1|Flutter Mane, L50|\n|poke|p1|Glimmora, L50, F|\n|poke|p1|Wo-Chien, L50|\n|poke|p1|Ting-Lu, L50|\n|poke|p1|Chi-Yu, L50|\n|poke|p1|Gyarados, L50, F|\n|poke|p2|Flutter Mane, L50|\n|poke|p2|Palafin, L50, F|\n|poke|p2|Amoonguss, L50, M|\n|poke|p2|Kingambit, L50, F|\n|poke|p2|Great Tusk, L50|\n|poke|p2|Chi-Yu, L50|\n|teampreview|4\n|inactive|Battle timer is ON: inactive players will automatically lose when time's up. (requested by FruitJuice148)\nzurneus has agreed to open team sheets.\nFruitJuice148 has agreed to open team sheets.\n|inactive|FruitJuice148 has 60 seconds left.\n|inactive|zurneus has 60 seconds left.\n|inactive|zurneus has 30 seconds left.\n|\n|t:|1682260279\n|start\n|switch|p1a: Gyarados|Gyarados, L50, F|100\/100\n|switch|p1b: Glimmora|Glimmora, L50, F|100\/100\n|switch|p2a: Kingambit|Kingambit, L50, F|100\/100\n|switch|p2b: Great Tusk|Great Tusk, L50|100\/100\n|-ability|p1a: Gyarados|Intimidate|boost\n|-unboost|p2a: Kingambit|atk|1\n|-ability|p2a: Kingambit|Defiant|boost\n|-boost|p2a: Kingambit|atk|2\n|-unboost|p2b: Great Tusk|atk|1\n|turn|1\n|inactive|FruitJuice148 has 30 seconds left.\n|inactive|zurneus has 30 seconds left.\n|inactive|FruitJuice148 has 20 seconds left.\n|inactive|zurneus has 20 seconds left.\n|inactive|FruitJuice148 has 15 seconds left.\n|inactive|zurneus has 15 seconds left.\n|inactive|FruitJuice148 has 10 seconds left.\n|inactive|zurneus has 10 seconds left.\n|\n|t:|1682260328\n|-end|p2b: Great Tusk|Protosynthesis|[silent]\n|switch|p2b: Moongus|Amoonguss, L50, M|100\/100\n|switch|p1b: Wo-Chien|Wo-Chien, L50|100\/100\n|-ability|p1b: Wo-Chien|Tablets of Ruin\n|move|p1a: Gyarados|Waterfall|p2b: Moongus\n|-resisted|p2b: Moongus\n|-damage|p2b: Moongus|85\/100\n|move|p2a: Kingambit|Kowtow Cleave|p1a: Gyarados\n|-damage|p1a: Gyarados|38\/100\n|-enditem|p1a: Gyarados|Sitrus Berry|[eat]\n|-heal|p1a: Gyarados|63\/100|[from] item: Sitrus Berry\n|\n|upkeep\n|turn|2\n|inactive|FruitJuice148 has 30 seconds left.\n|inactive|zurneus has 30 seconds left.\n|inactive|FruitJuice148 has 20 seconds left.\n|inactive|FruitJuice148 has 15 seconds left.\n|\n|t:|1682260371\n|move|p2b: Moongus|Rage Powder|p2b: Moongus\n|-singleturn|p2b: Moongus|move: Rage Powder\n|move|p1a: Gyarados|Taunt|p2b: Moongus\n|-start|p2b: Moongus|move: Taunt\n|move|p1b: Wo-Chien|Leech Seed|p2a: Kingambit\n|-start|p2a: Kingambit|move: Leech Seed\n|move|p2a: Kingambit|Kowtow Cleave|p1a: Gyarados\n|-damage|p1a: Gyarados|0 fnt\n|faint|p1a: Gyarados\n|\n|-damage|p2a: Kingambit|88\/100|[from] Leech Seed|[of] p1b: Wo-Chien\n|upkeep\n|\n|t:|1682260386\n|switch|p1a: Chi-Yu|Chi-Yu, L50|100\/100\n|-ability|p1a: Chi-Yu|Beads of Ruin\n|turn|3\n|inactive|zurneus has 30 seconds left.\n|inactive|zurneus has 20 seconds left.\n|\n|t:|1682260425\n|-terastallize|p2a: Kingambit|Flying\n|move|p1a: Chi-Yu|Heat Wave|p2a: Kingambit|[spread] p2a,p2b\n|-supereffective|p2b: Moongus\n|-damage|p2a: Kingambit|33\/100\n|-damage|p2b: Moongus|0 fnt\n|faint|p2b: Moongus\n|move|p1b: Wo-Chien|Foul Play|p2a: Kingambit\n|-damage|p2a: Kingambit|0 fnt\n|faint|p2a: Kingambit\n|\n|upkeep\n|\n|t:|1682260435\n|switch|p2a: Flutter Mane|Flutter Mane, L50|100\/100\n|switch|p2b: Great Tusk|Great Tusk, L50|100\/100\n|-enditem|p2a: Flutter Mane|Booster Energy\n|-activate|p2a: Flutter Mane|ability: Protosynthesis|[fromitem]\n|-start|p2a: Flutter Mane|protosynthesisspe\n|turn|4\n|inactive|FruitJuice148 has 30 seconds left.\n|inactive|zurneus has 30 seconds left.\n|inactive|zurneus has 20 seconds left.\n|inactive|zurneus has 15 seconds left.\n|inactive|zurneus has 10 seconds left.\n|inactive|FruitJuice148 has 20 seconds left.\n|inactive|FruitJuice148 has 15 seconds left.\n|inactive|FruitJuice148 has 10 seconds left.\n|\n|t:|1682260497\n|switch|p1a: Glimmora|Glimmora, L50, F|100\/100\n|move|p2a: Flutter Mane|Dazzling Gleam|p1a: Glimmora|[spread] p1a,p1b\n|-resisted|p1a: Glimmora\n|-supereffective|p1b: Wo-Chien\n|-damage|p1a: Glimmora|78\/100\n|-damage|p1b: Wo-Chien|57\/100\n|move|p2b: Great Tusk|Headlong Rush|p1a: Glimmora\n|-supereffective|p1a: Glimmora\n|-damage|p1a: Glimmora|0 fnt\n|-unboost|p2b: Great Tusk|def|1\n|-unboost|p2b: Great Tusk|spd|1\n|-activate|p1a: Glimmora|ability: Toxic Debris\n|-sidestart|p2: zurneus|move: Toxic Spikes\n|faint|p1a: Glimmora\n|move|p1b: Wo-Chien|Leech Seed|p2b: Great Tusk\n|-start|p2b: Great Tusk|move: Leech Seed\n|\n|-heal|p1b: Wo-Chien|63\/100|[from] item: Leftovers\n|-damage|p2b: Great Tusk|88\/100|[from] Leech Seed|[of] p1b: Wo-Chien\n|-heal|p1b: Wo-Chien|75\/100|[silent]\n|upkeep\n|\n|t:|1682260516\n|switch|p1a: Chi-Yu|Chi-Yu, L50|100\/100\n|-ability|p1a: Chi-Yu|Beads of Ruin\n|turn|5\n|inactive|FruitJuice148 has 30 seconds left.\n|\n|t:|1682260542\n|-terastallize|p1a: Chi-Yu|Water\n|move|p2a: Flutter Mane|Dazzling Gleam|p1a: Chi-Yu|[spread] p1a,p1b\n|-supereffective|p1b: Wo-Chien\n|-damage|p1a: Chi-Yu|68\/100\n|-damage|p1b: Wo-Chien|19\/100\n|move|p2b: Great Tusk|Headlong Rush|p1a: Chi-Yu\n|-damage|p1a: Chi-Yu|0 fnt\n|-unboost|p2b: Great Tusk|def|1\n|-unboost|p2b: Great Tusk|spd|1\n|faint|p1a: Chi-Yu\n|move|p1b: Wo-Chien|Leech Seed|p2a: Flutter Mane\n|-start|p2a: Flutter Mane|move: Leech Seed\n|\n|-heal|p1b: Wo-Chien|25\/100|[from] item: Leftovers\n|-damage|p2a: Flutter Mane|88\/100|[from] Leech Seed|[of] p1b: Wo-Chien\n|-heal|p1b: Wo-Chien|34\/100|[silent]\n|-damage|p2b: Great Tusk|76\/100|[from] Leech Seed|[of] p1b: Wo-Chien\n|-heal|p1b: Wo-Chien|46\/100|[silent]\n|upkeep\n|turn|6\n|\n|t:|1682260560\n|move|p1b: Wo-Chien|Protect|p1b: Wo-Chien\n|-singleturn|p1b: Wo-Chien|Protect\n|move|p2a: Flutter Mane|Moonblast|p1b: Wo-Chien\n|-activate|p1b: Wo-Chien|move: Protect\n|move|p2b: Great Tusk|Headlong Rush|p1b: Wo-Chien\n|-activate|p1b: Wo-Chien|move: Protect\n|\n|-heal|p1b: Wo-Chien|53\/100|[from] item: Leftovers\n|-damage|p2a: Flutter Mane|75\/100|[from] Leech Seed|[of] p1b: Wo-Chien\n|-heal|p1b: Wo-Chien|62\/100|[silent]\n|-damage|p2b: Great Tusk|64\/100|[from] Leech Seed|[of] p1b: Wo-Chien\n|-heal|p1b: Wo-Chien|74\/100|[silent]\n|upkeep\n|turn|7\n|\n|t:|1682260574\n|move|p2a: Flutter Mane|Moonblast|p1b: Wo-Chien\n|-supereffective|p1b: Wo-Chien\n|-damage|p1b: Wo-Chien|0 fnt\n|faint|p1b: Wo-Chien\n|\n|win|zurneus\n|l|\u2606FruitJuice148\n","uploadtime":1682261113,"views":7,"p1id":"fruitjuice148","p2id":"zurneus","formatid":"gen9vgc2023regulationc","rating":0,"private":0,"password":""}