{"id":"gen9vgc2023regulationc-1851128562","p1":"furrykiller069","p2":"bnkkbh","format":"[Gen 9] VGC 2023 Regulation C","log":"|j|\u2606furrykiller069\n|j|\u2606bnkkbh\n|t:|1682413938\n|gametype|doubles\n|player|p1|furrykiller069|clay|1040\n|player|p2|bnkkbh|169|1000\n|teamsize|p1|6\n|teamsize|p2|6\n|gen|9\n|tier|[Gen 9] VGC 2023 Regulation C\n|rated|\n|rule|Species Clause: Limit one of each Pok\u00e9mon\n|rule|Item Clause: Limit one of each item\n|clearpoke\n|poke|p1|Dragonite, L50, F|\n|poke|p1|Chien-Pao, L50|\n|poke|p1|Flutter Mane, L50|\n|poke|p1|Amoonguss, L50, F|\n|poke|p1|Arcanine, L50, F|\n|poke|p1|Espeon, L50, M|\n|poke|p2|Flutter Mane, L50|\n|poke|p2|Palafin, L50, F|\n|poke|p2|Arcanine, L50, F|\n|poke|p2|Amoonguss, L50, M|\n|poke|p2|Ting-Lu, L50|\n|poke|p2|Dragonite, L50, F|\n|teampreview|4\n|\n|t:|1682413965\n|start\n|switch|p1a: Flutter Mane|Flutter Mane, L50|100\/100\n|switch|p1b: Espeon|Espeon, L50, M|100\/100\n|switch|p2a: Arcanine|Arcanine, L50, F|100\/100\n|switch|p2b: Palafin|Palafin, L50, F|100\/100\n|-ability|p2a: Arcanine|Intimidate|boost\n|-unboost|p1a: Flutter Mane|atk|1\n|-unboost|p1b: Espeon|atk|1\n|-enditem|p1a: Flutter Mane|Booster Energy\n|-activate|p1a: Flutter Mane|ability: Protosynthesis|[fromitem]\n|-start|p1a: Flutter Mane|protosynthesisspe\n|turn|1\n|inactive|Battle timer is ON: inactive players will automatically lose when time's up. (requested by bnkkbh)\n|inactive|furrykiller069 has 60 seconds left.\n|\n|t:|1682414009\n|move|p2b: Palafin|Protect|p2b: Palafin\n|-singleturn|p2b: Palafin|Protect\n|move|p1a: Flutter Mane|Shadow Ball|p2b: Palafin\n|-activate|p2b: Palafin|move: Protect\n|move|p1b: Espeon|Psychic|p2a: Arcanine\n|-damage|p2a: Arcanine|47\/100\n|move|p2a: Arcanine|Flare Blitz|p1a: Flutter Mane\n|-damage|p1a: Flutter Mane|0 fnt\n|faint|p1a: Flutter Mane\n|-end|p1a: Flutter Mane|Protosynthesis|[silent]\n|-damage|p2a: Arcanine|25\/100|[from] Recoil\n|-enditem|p2a: Arcanine|Mago Berry|[eat]\n|-heal|p2a: Arcanine|58\/100|[from] item: Mago Berry\n|\n|upkeep\n|\n|t:|1682414024\n|switch|p1a: Arcanine|Arcanine, L50, F|100\/100\n|-ability|p1a: Arcanine|Intimidate|boost\n|-unboost|p2a: Arcanine|atk|1\n|-unboost|p2b: Palafin|atk|1\n|turn|2\n|\n|t:|1682414042\n|switch|p2a: Flutter Mane|Flutter Mane, L50|100\/100\n|-enditem|p2a: Flutter Mane|Booster Energy\n|-activate|p2a: Flutter Mane|ability: Protosynthesis|[fromitem]\n|-start|p2a: Flutter Mane|protosynthesisspa\n|detailschange|p2b: Palafin|Palafin-Hero, L50, F\n|switch|p2b: Dragonite|Dragonite, L50, F|100\/100\n|switch|p1a: Dragonite|Dragonite, L50, F, shiny|100\/100\n|move|p1b: Espeon|Psychic|p2a: Flutter Mane\n|-damage|p2a: Flutter Mane|59\/100\n|\n|upkeep\n|turn|3\n|\n|t:|1682414062\n|-terastallize|p1a: Dragonite|Normal\n|-terastallize|p2b: Dragonite|Normal\n|move|p2b: Dragonite|Extreme Speed|p1b: Espeon\n|-damage|p1b: Espeon|0 fnt\n|faint|p1b: Espeon\n|move|p2a: Flutter Mane|Shadow Ball|p1a: Dragonite\n|-immune|p1a: Dragonite\n|move|p1a: Dragonite|Dragon Dance|p1a: Dragonite\n|-boost|p1a: Dragonite|atk|1\n|-boost|p1a: Dragonite|spe|1\n|\n|upkeep\n|\n|t:|1682414073\n|switch|p1b: Arcanine|Arcanine, L50, F|100\/100\n|-ability|p1b: Arcanine|Intimidate|boost\n|-unboost|p2a: Flutter Mane|atk|1\n|-fail|p2b: Dragonite|unboost|Attack|[from] ability: Inner Focus|[of] p2b: Dragonite\n|turn|4\n|\n|t:|1682414086\n|move|p2a: Flutter Mane|Protect|p2a: Flutter Mane\n|-singleturn|p2a: Flutter Mane|Protect\n|move|p2b: Dragonite|Extreme Speed|p1a: Dragonite\n|-damage|p1a: Dragonite|61\/100\n|move|p1a: Dragonite|Dragon Claw|p2b: Dragonite\n|-damage|p2b: Dragonite|36\/100\n|move|p1b: Arcanine|Flare Blitz|p2a: Flutter Mane\n|-activate|p2a: Flutter Mane|move: Protect\n|\n|upkeep\n|turn|5\n|\n|t:|1682414099\n|move|p1a: Dragonite|Extreme Speed|p2b: Dragonite\n|-damage|p2b: Dragonite|0 fnt\n|faint|p2b: Dragonite\n|move|p2a: Flutter Mane|Moonblast|p1a: Dragonite\n|-damage|p1a: Dragonite|0 fnt\n|faint|p1a: Dragonite\n|move|p1b: Arcanine|Flare Blitz|p2a: Flutter Mane\n|-damage|p2a: Flutter Mane|6\/100\n|-damage|p1b: Arcanine|86\/100|[from] Recoil\n|\n|upkeep\n|\n|t:|1682414106\n|switch|p2b: Arcanine|Arcanine, L50, F|58\/100\n|-ability|p2b: Arcanine|Intimidate|boost\n|-unboost|p1b: Arcanine|atk|1\n|turn|6\n|\n|t:|1682414116\n|move|p2a: Flutter Mane|Protect|p2a: Flutter Mane\n|-singleturn|p2a: Flutter Mane|Protect\n|move|p2b: Arcanine|Flare Blitz|p1b: Arcanine\n|-resisted|p1b: Arcanine\n|-crit|p1b: Arcanine\n|-damage|p1b: Arcanine|58\/100\n|-damage|p2b: Arcanine|49\/100|[from] Recoil\n|move|p1b: Arcanine|Flare Blitz|p2b: Arcanine\n|-resisted|p2b: Arcanine\n|-damage|p2b: Arcanine|31\/100\n|-damage|p1b: Arcanine|52\/100|[from] Recoil\n|\n|upkeep\n|turn|7\n|\n|t:|1682414129\n|switch|p2b: Palafin|Palafin-Hero, L50, F|100\/100\n|-activate|p2b: Palafin|ability: Zero to Hero\n|move|p1b: Arcanine|Extreme Speed|p2b: Palafin\n|-damage|p2b: Palafin|89\/100\n|move|p2a: Flutter Mane|Shadow Ball|p1b: Arcanine\n|-damage|p1b: Arcanine|0 fnt\n|faint|p1b: Arcanine\n|\n|win|bnkkbh\n|raw|furrykiller069's rating: 1040 → 1022<\/strong> (-18 for losing)\n|raw|bnkkbh's rating: 1000 → 1045<\/strong> (+45 for winning)\n|l|\u2606furrykiller069\n","uploadtime":1682414386,"views":9,"p1id":"furrykiller069","p2id":"bnkkbh","formatid":"gen9vgc2023regulationc","rating":1022,"private":0,"password":""}