{"id":"gen9vgc2023regulationc-1846934415","p1":"Gildren","p2":"RitmanTesting1","format":"[Gen 9] VGC 2023 Regulation C","log":"|j|\u2606Gildren\n|j|\u2606RitmanTesting1\n|t:|1681903075\n|gametype|doubles\n|player|p1|Gildren|riley|1412\n|player|p2|RitmanTesting1|byron|1508\n|teamsize|p1|6\n|teamsize|p2|6\n|gen|9\n|tier|[Gen 9] VGC 2023 Regulation C\n|rated|\n|rule|Species Clause: Limit one of each Pok\u00e9mon\n|rule|Item Clause: Limit one of each item\n|clearpoke\n|poke|p1|Orthworm, L50, M|\n|poke|p1|Dragonite, L50, M|\n|poke|p1|Ting-Lu, L50|\n|poke|p1|Gyarados, L50, M|\n|poke|p1|Flutter Mane, L50|\n|poke|p1|Chien-Pao, L50|\n|poke|p2|Chi-Yu, L50|\n|poke|p2|Flutter Mane, L50|\n|poke|p2|Gyarados, L50, F|\n|poke|p2|Brute Bonnet, L50|\n|poke|p2|Baxcalibur, L50, M|\n|poke|p2|Glimmora, L50, M|\n|teampreview|4\nRitmanTesting1 has agreed to open team sheets.\n|inactive|Battle timer is ON: inactive players will automatically lose when time's up. (requested by RitmanTesting1)\n|inactive|RitmanTesting1 has 60 seconds left.\n|\n|t:|1681903123\n|start\n|switch|p1a: Ting-Lu|Ting-Lu, L50|100\/100\n|switch|p1b: Gyarados|Gyarados, L50, M, shiny|100\/100\n|switch|p2a: Chi-Yu|Chi-Yu, L50|100\/100\n|switch|p2b: Gyarados|Gyarados, L50, F|100\/100\n|-ability|p2a: Chi-Yu|Beads of Ruin\n|-ability|p2b: Gyarados|Intimidate|boost\n|-unboost|p1a: Ting-Lu|atk|1\n|-unboost|p1b: Gyarados|atk|1\n|-ability|p1b: Gyarados|Intimidate|boost\n|-unboost|p2a: Chi-Yu|atk|1\n|-unboost|p2b: Gyarados|atk|1\n|-ability|p1a: Ting-Lu|Vessel of Ruin\n|turn|1\n|inactive|Gildren has 30 seconds left.\n|\n|t:|1681903149\n|switch|p2a: Brute Bonnet|Brute Bonnet, L50|100\/100\n|-terastallize|p2b: Gyarados|Flying\n|move|p2b: Gyarados|Dragon Dance|p2b: Gyarados\n|-boost|p2b: Gyarados|atk|1\n|-boost|p2b: Gyarados|spe|1\n|move|p1b: Gyarados|Thunder Wave|p2b: Gyarados\n|-status|p2b: Gyarados|par\n|move|p1a: Ting-Lu|Rock Slide|p2b: Gyarados|[spread] p2a,p2b\n|-supereffective|p2b: Gyarados\n|-damage|p2a: Brute Bonnet|88\/100\n|-damage|p2b: Gyarados|65\/100 par\n|\n|upkeep\n|turn|2\n|inactive|RitmanTesting1 has 30 seconds left.\n|inactive|RitmanTesting1 has 20 seconds left.\n|inactive|RitmanTesting1 has 15 seconds left.\n|inactive|RitmanTesting1 has 10 seconds left.\n|\n|t:|1681903196\n|move|p1b: Gyarados|Thunder Wave|p2a: Brute Bonnet\n|-status|p2a: Brute Bonnet|par\n|move|p2b: Gyarados|Tera Blast|p1b: Gyarados\n|-damage|p1b: Gyarados|59\/100\n|move|p1a: Ting-Lu|Rock Slide|p2a: Brute Bonnet|[spread] p2a,p2b\n|-supereffective|p2b: Gyarados\n|-damage|p2a: Brute Bonnet|76\/100 par\n|-damage|p2b: Gyarados|30\/100 par\n|cant|p2a: Brute Bonnet|flinch\n|\n|upkeep\n|turn|3\n|\n|t:|1681903217\n|move|p2a: Brute Bonnet|Sucker Punch|p1b: Gyarados\n|-damage|p1b: Gyarados|28\/100\n|move|p1b: Gyarados|Waterfall|p2a: Brute Bonnet\n|-resisted|p2a: Brute Bonnet\n|-damage|p2a: Brute Bonnet|68\/100 par\n|move|p2b: Gyarados|Tera Blast|p1b: Gyarados\n|-damage|p1b: Gyarados|0 fnt\n|faint|p1b: Gyarados\n|move|p1a: Ting-Lu|Rock Slide|p2b: Gyarados|[spread] p2a,p2b\n|-supereffective|p2b: Gyarados\n|-damage|p2a: Brute Bonnet|55\/100 par\n|-damage|p2b: Gyarados|0 fnt\n|faint|p2b: Gyarados\n|\n|upkeep\n|\n|t:|1681903233\n|switch|p2b: Flutter Mane|Flutter Mane, L50|100\/100\n|switch|p1b: Orthworm|Orthworm, L50, M, shiny|100\/100\n|-enditem|p2b: Flutter Mane|Booster Energy\n|-activate|p2b: Flutter Mane|ability: Protosynthesis|[fromitem]\n|-start|p2b: Flutter Mane|protosynthesisspa\n|turn|4\n|\n|t:|1681903242\n|switch|p1a: Flutter Mane|Flutter Mane, L50|100\/100\n|move|p2b: Flutter Mane|Protect|p2b: Flutter Mane\n|-singleturn|p2b: Flutter Mane|Protect\n|move|p1b: Orthworm|Heavy Slam|p2b: Flutter Mane\n|-activate|p2b: Flutter Mane|move: Protect\n|cant|p2a: Brute Bonnet|par\n|\n|upkeep\n|turn|5\n|\n|t:|1681903259\n|-terastallize|p1a: Flutter Mane|Fairy\n|move|p2a: Brute Bonnet|Rage Powder|p2a: Brute Bonnet\n|-singleturn|p2a: Brute Bonnet|move: Rage Powder\n|move|p1a: Flutter Mane|Dazzling Gleam|p2a: Brute Bonnet|[spread] p2a,p2b\n|-supereffective|p2a: Brute Bonnet\n|-damage|p2a: Brute Bonnet|0 fnt\n|-damage|p2b: Flutter Mane|53\/100\n|faint|p2a: Brute Bonnet\n|-end|p2a: Brute Bonnet|Protosynthesis|[silent]\n|move|p2b: Flutter Mane|Shadow Ball|p1a: Flutter Mane\n|-damage|p1a: Flutter Mane|54\/100\n|move|p1b: Orthworm|Heavy Slam|p2b: Flutter Mane\n|-supereffective|p2b: Flutter Mane\n|-damage|p2b: Flutter Mane|0 fnt\n|faint|p2b: Flutter Mane\n|-end|p2b: Flutter Mane|Protosynthesis|[silent]\n|\n|upkeep\n|\n|t:|1681903267\n|switch|p2b: Chi-Yu|Chi-Yu, L50|100\/100\n|-ability|p2b: Chi-Yu|Beads of Ruin\n|turn|6\n|\n|t:|1681903273\n|move|p1a: Flutter Mane|Dazzling Gleam|p2b: Chi-Yu\n|-damage|p2b: Chi-Yu|2\/100\n|move|p2b: Chi-Yu|Heat Wave|p1b: Orthworm|[spread] p1a,p1b\n|-supereffective|p1b: Orthworm\n|-damage|p1a: Flutter Mane|9\/100\n|-damage|p1b: Orthworm|0 fnt\n|faint|p1b: Orthworm\n|\n|upkeep\n|\n|t:|1681903278\n|switch|p1b: Ting-Lu|Ting-Lu, L50|100\/100\n|-ability|p1b: Ting-Lu|Vessel of Ruin\n|turn|7\n|\n|t:|1681903295\n|move|p1a: Flutter Mane|Dazzling Gleam|p2b: Chi-Yu\n|-damage|p2b: Chi-Yu|0 fnt\n|faint|p2b: Chi-Yu\n|\n|win|Gildren\n|raw|Gildren's rating: 1412 → 1437<\/strong> (+25 for winning)\n|raw|RitmanTesting1's rating: 1508 → 1483<\/strong> (-25 for losing)\n|c|\u2606RitmanTesting1|gg\n|l|\u2606Gildren\n","uploadtime":1681903303,"views":15,"p1id":"gildren","p2id":"ritmantesting1","formatid":"gen9vgc2023regulationc","rating":1437,"private":0,"password":""}