{"id":"gen9vgc2023regulationc-1862980094","p1":"IciestOfIcyIce","p2":"wackomarko","format":"[Gen 9] VGC 2023 Regulation C","log":"|j|\u2606IciestOfIcyIce\n|j|\u2606wackomarko\n|t:|1683947067\n|gametype|doubles\n|player|p1|IciestOfIcyIce|gentleman-gen4dp|1080\n|player|p2|wackomarko|hiker-gen4|1126\n|teamsize|p1|6\n|teamsize|p2|6\n|gen|9\n|tier|[Gen 9] VGC 2023 Regulation C\n|rated|\n|rule|Species Clause: Limit one of each Pok\u00e9mon\n|rule|Item Clause: Limit one of each item\n|clearpoke\n|poke|p1|Abomasnow, L50, F|\n|poke|p1|Iron Bundle, L50|\n|poke|p1|Flutter Mane, L50|\n|poke|p1|Chi-Yu, L50|\n|poke|p1|Froslass, L50, F|\n|poke|p1|Baxcalibur, L50, F|\n|poke|p2|Talonflame, L50, F|\n|poke|p2|Amoonguss, L50, M|\n|poke|p2|Flutter Mane, L50|\n|poke|p2|Chien-Pao, L50|\n|poke|p2|Gyarados, L50, F|\n|poke|p2|Dragapult, L50, F|\n|teampreview|4\nwackomarko has agreed to open team sheets.\nIciestOfIcyIce has agreed to open team sheets.\n|\n|t:|1683947150\n|start\n|switch|p1a: Abomasnow|Abomasnow, L50, F, shiny|100\/100\n|switch|p1b: Iron Bundle|Iron Bundle, L50|100\/100\n|switch|p2a: Talonflame|Talonflame, L50, F, shiny|100\/100\n|switch|p2b: Amoonguss|Amoonguss, L50, M|100\/100\n|-weather|Snow|[from] ability: Snow Warning|[of] p1a: Abomasnow\n|-enditem|p1b: Iron Bundle|Booster Energy\n|-activate|p1b: Iron Bundle|ability: Quark Drive|[fromitem]\n|-start|p1b: Iron Bundle|quarkdrivespe\n|turn|1\n|\n|t:|1683947170\n|-terastallize|p1b: Iron Bundle|Ice\n|move|p2a: Talonflame|Tailwind|p2a: Talonflame\n|-sidestart|p2: wackomarko|move: Tailwind\n|move|p1b: Iron Bundle|Freeze-Dry|p2b: Amoonguss\n|-supereffective|p2b: Amoonguss\n|-damage|p2b: Amoonguss|33\/100\n|-enditem|p2b: Amoonguss|Sitrus Berry|[eat]\n|-heal|p2b: Amoonguss|58\/100|[from] item: Sitrus Berry\n|move|p2b: Amoonguss|Spore|p1b: Iron Bundle\n|-status|p1b: Iron Bundle|slp|[from] move: Spore\n|move|p1a: Abomasnow|Blizzard|p2a: Talonflame|[spread] p2a,p2b\n|-supereffective|p2b: Amoonguss\n|-damage|p2a: Talonflame|36\/100\n|-damage|p2b: Amoonguss|0 fnt\n|faint|p2b: Amoonguss\n|-damage|p1a: Abomasnow|91\/100|[from] item: Life Orb\n|\n|-weather|Snow|[upkeep]\n|upkeep\n|\n|t:|1683947188\n|switch|p2b: Chien-Pao|Chien-Pao, L50|100\/100\n|-ability|p2b: Chien-Pao|Sword of Ruin\n|turn|2\n|\n|t:|1683947201\n|move|p2b: Chien-Pao|Ice Spinner|p1a: Abomasnow\n|-damage|p1a: Abomasnow|51\/100\n|move|p2a: Talonflame|Brave Bird|p1a: Abomasnow\n|-supereffective|p1a: Abomasnow\n|-damage|p1a: Abomasnow|0 fnt\n|faint|p1a: Abomasnow\n|-damage|p2a: Talonflame|16\/100|[from] Recoil\n|cant|p1b: Iron Bundle|slp\n|\n|-weather|Snow|[upkeep]\n|upkeep\n|\n|t:|1683947214\n|switch|p1a: Flutter Mane|Flutter Mane, L50|100\/100\n|turn|3\n|\n|t:|1683947224\n|move|p2b: Chien-Pao|Sucker Punch|p1a: Flutter Mane\n|-damage|p1a: Flutter Mane|0 fnt\n|faint|p1a: Flutter Mane\n|-end|p1a: Flutter Mane|Protosynthesis|[silent]\n|move|p2a: Talonflame|Brave Bird|p1b: Iron Bundle\n|-damage|p1b: Iron Bundle|57\/100 slp\n|-damage|p2a: Talonflame|5\/100|[from] Recoil\n|cant|p1b: Iron Bundle|slp\n|\n|-weather|Snow|[upkeep]\n|upkeep\n|\n|t:|1683947233\n|switch|p1a: Chi-Yu|Chi-Yu, L50|100\/100\n|-ability|p1a: Chi-Yu|Beads of Ruin\n|turn|4\n|\n|t:|1683947244\n|move|p2b: Chien-Pao|Ice Spinner|p1b: Iron Bundle\n|-resisted|p1b: Iron Bundle\n|-damage|p1b: Iron Bundle|35\/100 slp\n|move|p2a: Talonflame|Brave Bird|p1b: Iron Bundle\n|-damage|p1b: Iron Bundle|0 fnt\n|faint|p1b: Iron Bundle\n|-end|p1b: Iron Bundle|Quark Drive|[silent]\n|-damage|p2a: Talonflame|0 fnt|[from] Recoil\n|faint|p2a: Talonflame\n|move|p1a: Chi-Yu|Heat Wave|p2b: Chien-Pao\n|-supereffective|p2b: Chien-Pao\n|-enditem|p2b: Chien-Pao|Focus Sash\n|-damage|p2b: Chien-Pao|1\/100\n|\n|-weather|Snow|[upkeep]\n|-sideend|p2: wackomarko|move: Tailwind\n|upkeep\n|\n|t:|1683947257\n|switch|p2a: Dragapult|Dragapult, L50, F, shiny|100\/100\n|turn|5\n|\n|t:|1683947276\n|-terastallize|p2a: Dragapult|Dragon\n|move|p2b: Chien-Pao|Sucker Punch|p1a: Chi-Yu\n|-resisted|p1a: Chi-Yu\n|-damage|p1a: Chi-Yu|64\/100\n|move|p2a: Dragapult|Dragon Darts|p1a: Chi-Yu\n|-damage|p1a: Chi-Yu|0 fnt\n|faint|p1a: Chi-Yu\n|\n|win|wackomarko\n|raw|IciestOfIcyIce's rating: 1080 → 1061<\/strong> (-19 for losing)\n|raw|wackomarko's rating: 1126 → 1148<\/strong> (+22 for winning)\n|l|\u2606IciestOfIcyIce\n","uploadtime":1683947287,"views":10,"p1id":"iciestoficyice","p2id":"wackomarko","formatid":"gen9vgc2023regulationc","rating":1061,"private":0,"password":""}