{"id":"gen9vgc2023regulationc-1861631803","p1":"Vinsmoke","p2":"Idk544","format":"[Gen 9] VGC 2023 Regulation C","log":"|j|\u2606Vinsmoke\n|j|\u2606Idk544\n|t:|1683784920\n|gametype|doubles\n|player|p1|Vinsmoke|caitlin|1327\n|player|p2|Idk544|silver|1417\n|teamsize|p1|6\n|teamsize|p2|6\n|gen|9\n|tier|[Gen 9] VGC 2023 Regulation C\n|rated|\n|rule|Species Clause: Limit one of each Pok\u00e9mon\n|rule|Item Clause: Limit one of each item\n|clearpoke\n|poke|p1|Palafin, L50, F|\n|poke|p1|Chi-Yu, L50|\n|poke|p1|Amoonguss, L50, M|\n|poke|p1|Flutter Mane, L50|\n|poke|p1|Iron Bundle, L50|\n|poke|p1|Dragonite, L50, M|\n|poke|p2|Orthworm, L50, M|\n|poke|p2|Iron Hands, L50|\n|poke|p2|Flutter Mane, L50|\n|poke|p2|Gholdengo, L50|\n|poke|p2|Gyarados, L50, M|\n|poke|p2|Ting-Lu, L50|\n|teampreview|4\n|inactive|Battle timer is ON: inactive players will automatically lose when time's up. (requested by Vinsmoke)\nIdk544 has agreed to open team sheets.\n|inactive|Idk544 has 60 seconds left.\n|\n|t:|1683784977\n|start\n|switch|p1a: Dragonite|Dragonite, L50, M|100\/100\n|switch|p1b: Flutter Mane|Flutter Mane, L50|100\/100\n|switch|p2a: Ting-Lu|Ting-Lu, L50|100\/100\n|switch|p2b: Orthworm|Orthworm, L50, M|100\/100\n|-ability|p2a: Ting-Lu|Vessel of Ruin\n|turn|1\n|inactive|Idk544 has 30 seconds left.\n|inactive|Vinsmoke has 30 seconds left.\n|\n|t:|1683785009\n|move|p2a: Ting-Lu|Protect|p2a: Ting-Lu\n|-singleturn|p2a: Ting-Lu|Protect\n|move|p1b: Flutter Mane|Moonblast|p2a: Ting-Lu\n|-activate|p2a: Ting-Lu|move: Protect\n|move|p1a: Dragonite|Low Kick|p2a: Ting-Lu\n|-activate|p2a: Ting-Lu|move: Protect\n|move|p2b: Orthworm|Shed Tail|p2b: Orthworm\n|-start|p2b: Orthworm|Substitute|[from] move: Shed Tail\n|-damage|p2b: Orthworm|50\/100\n|-enditem|p2b: Orthworm|Sitrus Berry|[eat]\n|-heal|p2b: Orthworm|75\/100|[from] item: Sitrus Berry\n|\n|t:|1683785028\n|switch|p2b: Gholdengo|Gholdengo, L50|100\/100|[from] Shed Tail\n|\n|upkeep\n|turn|2\n|\n|t:|1683785044\n|move|p1b: Flutter Mane|Moonblast|p2a: Ting-Lu\n|-supereffective|p2a: Ting-Lu\n|-damage|p2a: Ting-Lu|34\/100\n|move|p2b: Gholdengo|Nasty Plot|p2b: Gholdengo\n|-boost|p2b: Gholdengo|spa|2\n|move|p1a: Dragonite|Low Kick|p2a: Ting-Lu\n|-supereffective|p2a: Ting-Lu\n|-damage|p2a: Ting-Lu|0 fnt\n|faint|p2a: Ting-Lu\n|\n|upkeep\n|\n|t:|1683785060\n|switch|p2a: Orthworm|Orthworm, L50, M|75\/100\n|turn|3\n|\n|t:|1683785084\n|move|p1b: Flutter Mane|Moonblast|p2b: Gholdengo\n|-resisted|p2b: Gholdengo\n|-end|p2b: Gholdengo|Substitute\n|move|p2b: Gholdengo|Make It Rain|p1a: Dragonite|[spread] p1a,p1b\n|-supereffective|p1b: Flutter Mane\n|-damage|p1a: Dragonite|33\/100\n|-damage|p1b: Flutter Mane|0 fnt\n|-unboost|p2b: Gholdengo|spa|1\n|faint|p1b: Flutter Mane\n|-end|p1b: Flutter Mane|Protosynthesis|[silent]\n|move|p1a: Dragonite|Stomping Tantrum|p2b: Gholdengo\n|-supereffective|p2b: Gholdengo\n|-damage|p2b: Gholdengo|31\/100\n|move|p2a: Orthworm|Shed Tail|p2a: Orthworm\n|-start|p2a: Orthworm|Substitute|[from] move: Shed Tail\n|-damage|p2a: Orthworm|25\/100\n|\n|t:|1683785101\n|switch|p2a: Iron Hands|Iron Hands, L50|100\/100|[from] Shed Tail\n|\n|-heal|p2b: Gholdengo|38\/100|[from] item: Leftovers\n|upkeep\n|\n|t:|1683785107\n|switch|p1b: Chi-Yu|Chi-Yu, L50|100\/100\n|-ability|p1b: Chi-Yu|Beads of Ruin\n|turn|4\n|\n|t:|1683785117\n|-terastallize|p2b: Gholdengo|Water\n|move|p1b: Chi-Yu|Protect|p1b: Chi-Yu\n|-singleturn|p1b: Chi-Yu|Protect\n|move|p2a: Iron Hands|Fake Out|p1b: Chi-Yu\n|-activate|p1b: Chi-Yu|move: Protect\n|move|p1a: Dragonite|Extreme Speed|p2a: Iron Hands\n|-end|p2a: Iron Hands|Substitute\n|move|p2b: Gholdengo|Shadow Ball|p1a: Dragonite\n|-damage|p1a: Dragonite|0 fnt\n|faint|p1a: Dragonite\n|\n|-heal|p2b: Gholdengo|44\/100|[from] item: Leftovers\n|upkeep\n|\n|t:|1683785124\n|switch|p1a: Iron Bundle|Iron Bundle, L50|100\/100\n|-enditem|p1a: Iron Bundle|Booster Energy\n|-activate|p1a: Iron Bundle|ability: Quark Drive|[fromitem]\n|-start|p1a: Iron Bundle|quarkdrivespe\n|turn|5\n|inactive|Idk544 has 30 seconds left.\n|\n|t:|1683785150\n|-terastallize|p1b: Chi-Yu|Water\n|move|p1a: Iron Bundle|Protect|p1a: Iron Bundle\n|-singleturn|p1a: Iron Bundle|Protect\n|move|p2b: Gholdengo|Protect|p2b: Gholdengo\n|-singleturn|p2b: Gholdengo|Protect\n|move|p1b: Chi-Yu|Nasty Plot|p1b: Chi-Yu\n|-boost|p1b: Chi-Yu|spa|2\n|move|p2a: Iron Hands|Drain Punch|p1a: Iron Bundle\n|-activate|p1a: Iron Bundle|move: Protect\n|\n|-heal|p2b: Gholdengo|50\/100|[from] item: Leftovers\n|upkeep\n|turn|6\n|inactive|Idk544 has 30 seconds left.\n|inactive|Idk544 has 20 seconds left.\n|inactive|Idk544 has 15 seconds left.\n|inactive|Idk544 has 10 seconds left.\n|\n|t:|1683785196\n|move|p1a: Iron Bundle|Freeze-Dry|p2a: Iron Hands\n|-damage|p2a: Iron Hands|76\/100\n|move|p1b: Chi-Yu|Heat Wave|p2a: Iron Hands|[spread] p2a,p2b\n|-resisted|p2b: Gholdengo\n|-damage|p2a: Iron Hands|16\/100\n|-damage|p2b: Gholdengo|0 fnt\n|faint|p2b: Gholdengo\n|move|p2a: Iron Hands|Drain Punch|p1a: Iron Bundle\n|-supereffective|p1a: Iron Bundle\n|-damage|p1a: Iron Bundle|10\/100\n|-heal|p2a: Iron Hands|41\/100|[from] drain|[of] p1a: Iron Bundle\n|\n|upkeep\n|\n|t:|1683785208\n|switch|p2b: Orthworm|Orthworm, L50, M|25\/100\n|turn|7\n|\n|t:|1683785221\n|move|p1a: Iron Bundle|Icy Wind|p2a: Iron Hands|[spread] p2a,p2b\n|-resisted|p2b: Orthworm\n|-damage|p2a: Iron Hands|26\/100\n|-damage|p2b: Orthworm|10\/100\n|-unboost|p2a: Iron Hands|spe|1\n|-unboost|p2b: Orthworm|spe|1\n|move|p1b: Chi-Yu|Heat Wave|p2a: Iron Hands|[spread] p2a,p2b\n|-supereffective|p2b: Orthworm\n|-damage|p2a: Iron Hands|0 fnt\n|-damage|p2b: Orthworm|0 fnt\n|faint|p2a: Iron Hands\n|-end|p2a: Iron Hands|Quark Drive|[silent]\n|faint|p2b: Orthworm\n|\n|win|Vinsmoke\n|raw|Vinsmoke's rating: 1327 → 1352<\/strong> (+25 for winning)\n|raw|Idk544's rating: 1417 → 1392<\/strong> (-25 for losing)\n|l|\u2606Vinsmoke\n","uploadtime":1683785235,"views":9,"p1id":"vinsmoke","p2id":"idk544","formatid":"gen9vgc2023regulationc","rating":1352,"private":0,"password":""}