{"id":"gen9vgc2023regulationc-1847640149","p1":"zjes9402221","p2":"Ykrach","format":"[Gen 9] VGC 2023 Regulation C","log":"|j|\u2606zjes9402221\n|j|\u2606Ykrach\n|t:|1681986150\n|gametype|doubles\n|player|p1|zjes9402221|170|1084\n|player|p2|Ykrach|acetrainer-gen4dp|1033\n|teamsize|p1|6\n|teamsize|p2|6\n|gen|9\n|tier|[Gen 9] VGC 2023 Regulation C\n|rated|\n|rule|Species Clause: Limit one of each Pok\u00e9mon\n|rule|Item Clause: Limit one of each item\n|clearpoke\n|poke|p1|Arcanine, L50, F|\n|poke|p1|Amoonguss, L50, M|\n|poke|p1|Flutter Mane, L50|\n|poke|p1|Ting-Lu, L50|\n|poke|p1|Gothitelle, L50, F|\n|poke|p1|Palafin, L50, F|\n|poke|p2|Vigoroth, L50, F|\n|poke|p2|Bellibolt, L50, F|\n|poke|p2|Umbreon, L50, F|\n|poke|p2|Stonjourner, L50, F|\n|poke|p2|Talonflame, L50, F|\n|poke|p2|Gastrodon, L50, F|\n|teampreview|4\n|inactive|Battle timer is ON: inactive players will automatically lose when time's up. (requested by zjes9402221)\n|inactive|zjes9402221 has 60 seconds left.\n|\n|t:|1681986210\n|start\n|switch|p1a: Gothitelle|Gothitelle, L50, F|100\/100\n|switch|p1b: Palafin|Palafin, L50, F|100\/100\n|switch|p2a: Vigoroth|Vigoroth, L50, F|100\/100\n|switch|p2b: Umbreon|Umbreon, L50, F|100\/100\n|turn|1\n|\n|t:|1681986231\n|-terastallize|p1a: Gothitelle|Fairy\n|move|p1b: Palafin|Flip Turn|p2a: Vigoroth\n|-damage|p2a: Vigoroth|79\/100\n|\n|t:|1681986237\n|detailschange|p1b: Palafin|Palafin-Hero, L50, F\n|switch|p1b: Ting-Lu|Ting-Lu, L50|100\/100|[from] Flip Turn\n|-ability|p1b: Ting-Lu|Vessel of Ruin\n|move|p2a: Vigoroth|Bulk Up|p2a: Vigoroth\n|-boost|p2a: Vigoroth|atk|1\n|-boost|p2a: Vigoroth|def|1\n|move|p1a: Gothitelle|Tera Blast|p2b: Umbreon\n|-supereffective|p2b: Umbreon\n|-damage|p2b: Umbreon|66\/100\n|move|p2b: Umbreon|Reflect|p2b: Umbreon\n|-sidestart|p2: Ykrach|Reflect\n|\n|-heal|p2b: Umbreon|72\/100|[from] item: Leftovers\n|upkeep\n|turn|2\n|inactive|zjes9402221 has 30 seconds left.\n|\n|t:|1681986268\n|move|p2a: Vigoroth|Drain Punch|p1b: Ting-Lu\n|-supereffective|p1b: Ting-Lu\n|-damage|p1b: Ting-Lu|75\/100\n|-heal|p2a: Vigoroth|98\/100|[from] drain|[of] p1b: Ting-Lu\n|move|p2b: Umbreon|Light Screen|p2b: Umbreon\n|-sidestart|p2: Ykrach|move: Light Screen\n|move|p1b: Ting-Lu|Ruination|p2a: Vigoroth\n|-damage|p2a: Vigoroth|49\/100\n|move|p1a: Gothitelle|Trick Room|p1a: Gothitelle\n|-fieldstart|move: Trick Room|[of] p1a: Gothitelle\n|\n|-heal|p2b: Umbreon|78\/100|[from] item: Leftovers\n|upkeep\n|turn|3\n|inactive|zjes9402221 has 30 seconds left.\n|inactive|zjes9402221 has 20 seconds left.\n|\n|t:|1681986303\n|move|p1b: Ting-Lu|Ruination|p2a: Vigoroth\n|-damage|p2a: Vigoroth|25\/100\n|move|p1a: Gothitelle|Psychic|p2a: Vigoroth\n|-damage|p2a: Vigoroth|10\/100\n|move|p2b: Umbreon|Thunder Wave|p1a: Gothitelle|[miss]\n|-miss|p2b: Umbreon|p1a: Gothitelle\n|move|p2a: Vigoroth|Slack Off|p2a: Vigoroth\n|-heal|p2a: Vigoroth|60\/100\n|\n|-heal|p2b: Umbreon|84\/100|[from] item: Leftovers\n|upkeep\n|turn|4\n|\n|t:|1681986326\n|move|p1b: Ting-Lu|Ruination|p2a: Vigoroth\n|-damage|p2a: Vigoroth|30\/100\n|move|p1a: Gothitelle|Psychic|p2a: Vigoroth\n|-damage|p2a: Vigoroth|13\/100\n|move|p2b: Umbreon|Thunder Wave|p1a: Gothitelle\n|-status|p1a: Gothitelle|par\n|move|p2a: Vigoroth|Slack Off|p2a: Vigoroth\n|-heal|p2a: Vigoroth|63\/100\n|\n|-heal|p2b: Umbreon|90\/100|[from] item: Leftovers\n|upkeep\n|turn|5\n|inactive|zjes9402221 has 30 seconds left.\n|\n|t:|1681986354\n|move|p1a: Gothitelle|Psychic|p2a: Vigoroth\n|-damage|p2a: Vigoroth|46\/100\n|move|p1b: Ting-Lu|Ruination|p2a: Vigoroth\n|-damage|p2a: Vigoroth|23\/100\n|move|p2b: Umbreon|Crunch|p1b: Ting-Lu\n|-resisted|p1b: Ting-Lu\n|-damage|p1b: Ting-Lu|69\/100\n|move|p2a: Vigoroth|Bulk Up|p2a: Vigoroth\n|-boost|p2a: Vigoroth|atk|1\n|-boost|p2a: Vigoroth|def|1\n|\n|-heal|p2b: Umbreon|96\/100|[from] item: Leftovers\n|-sideend|p2: Ykrach|Reflect\n|upkeep\n|turn|6\n|\n|t:|1681986368\n|switch|p1b: Flutter Mane|Flutter Mane, L50|100\/100\n|cant|p1a: Gothitelle|par\n|move|p2b: Umbreon|Reflect|p2b: Umbreon\n|-sidestart|p2: Ykrach|Reflect\n|move|p2a: Vigoroth|Drain Punch|p1b: Flutter Mane\n|-immune|p1b: Flutter Mane\n|\n|-heal|p2b: Umbreon|100\/100|[from] item: Leftovers\n|-sideend|p2: Ykrach|move: Light Screen\n|-fieldend|move: Trick Room\n|upkeep\n|turn|7\n|inactive|zjes9402221 has 30 seconds left.\n|\n|t:|1681986398\n|move|p1b: Flutter Mane|Protect|p1b: Flutter Mane\n|-singleturn|p1b: Flutter Mane|Protect\n|move|p2a: Vigoroth|Body Slam|p1a: Gothitelle\n|-damage|p1a: Gothitelle|43\/100 par\n|move|p2b: Umbreon|Light Screen|p2b: Umbreon\n|-sidestart|p2: Ykrach|move: Light Screen\n|move|p1a: Gothitelle|Tera Blast|p2b: Umbreon\n|-supereffective|p2b: Umbreon\n|-damage|p2b: Umbreon|72\/100\n|\n|-heal|p2b: Umbreon|78\/100|[from] item: Leftovers\n|upkeep\n|turn|8\n|\n|t:|1681986416\n|move|p1b: Flutter Mane|Moonblast|p2a: Vigoroth\n|-damage|p2a: Vigoroth|0 fnt\n|faint|p2a: Vigoroth\n|move|p2b: Umbreon|Thunder Wave|p1b: Flutter Mane\n|-status|p1b: Flutter Mane|par\n|cant|p1a: Gothitelle|par\n|\n|-heal|p2b: Umbreon|84\/100|[from] item: Leftovers\n|upkeep\n|\n|t:|1681986427\n|switch|p2a: Gastrodon|Gastrodon, L50, F|100\/100\n|turn|9\n|\n|t:|1681986451\n|switch|p1a: Ting-Lu|Ting-Lu, L50|69\/100\n|-ability|p1a: Ting-Lu|Vessel of Ruin\n|move|p1b: Flutter Mane|Energy Ball|p2a: Gastrodon\n|-supereffective|p2a: Gastrodon\n|-enditem|p2a: Gastrodon|Rindo Berry|[eat]\n|-enditem|p2a: Gastrodon|Rindo Berry|[weaken]\n|-damage|p2a: Gastrodon|72\/100\n|move|p2b: Umbreon|Crunch|p1b: Flutter Mane\n|-damage|p1b: Flutter Mane|55\/100 par\n|move|p2a: Gastrodon|Icy Wind|p1b: Flutter Mane|[spread] p1a,p1b\n|-supereffective|p1a: Ting-Lu\n|-damage|p1a: Ting-Lu|58\/100\n|-damage|p1b: Flutter Mane|45\/100 par\n|-unboost|p1a: Ting-Lu|spe|1\n|-unboost|p1b: Flutter Mane|spe|1\n|\n|-heal|p2b: Umbreon|90\/100|[from] item: Leftovers\n|upkeep\n|turn|10\n|\n|t:|1681986473\n|switch|p1a: Gothitelle|Gothitelle, L50, F, tera:Fairy|43\/100 par\n|move|p1b: Flutter Mane|Protect|p1b: Flutter Mane\n|-singleturn|p1b: Flutter Mane|Protect\n|move|p2b: Umbreon|Crunch|p1b: Flutter Mane\n|-activate|p1b: Flutter Mane|move: Protect\n|move|p2a: Gastrodon|Icy Wind|p1b: Flutter Mane|[spread] p1a\n|-activate|p1b: Flutter Mane|move: Protect\n|-damage|p1a: Gothitelle|32\/100 par\n|-unboost|p1a: Gothitelle|spe|1\n|\n|-heal|p2b: Umbreon|96\/100|[from] item: Leftovers\n|-sideend|p2: Ykrach|Reflect\n|upkeep\n|turn|11\n|\n|t:|1681986489\n|move|p1a: Gothitelle|Fake Out|p2a: Gastrodon\n|-damage|p2a: Gastrodon|65\/100\n|move|p2b: Umbreon|Crunch|p1b: Flutter Mane\n|-damage|p1b: Flutter Mane|0 fnt\n|faint|p1b: Flutter Mane\n|-end|p1b: Flutter Mane|Protosynthesis|[silent]\n|cant|p2a: Gastrodon|flinch\n|\n|-heal|p2b: Umbreon|100\/100|[from] item: Leftovers\n|-sideend|p2: Ykrach|move: Light Screen\n|upkeep\n|\n|t:|1681986496\n|switch|p1b: Ting-Lu|Ting-Lu, L50|58\/100\n|-ability|p1b: Ting-Lu|Vessel of Ruin\n|turn|12\n|\n|t:|1681986507\n|move|p2b: Umbreon|Reflect|p2b: Umbreon\n|-sidestart|p2: Ykrach|Reflect\n|move|p1b: Ting-Lu|Ruination|p2b: Umbreon\n|-damage|p2b: Umbreon|51\/100\n|move|p2a: Gastrodon|Icy Wind|p1a: Gothitelle|[spread] p1a,p1b\n|-supereffective|p1b: Ting-Lu\n|-damage|p1a: Gothitelle|23\/100 par\n|-damage|p1b: Ting-Lu|49\/100\n|-unboost|p1a: Gothitelle|spe|1\n|-unboost|p1b: Ting-Lu|spe|1\n|-enditem|p1a: Gothitelle|Aguav Berry|[eat]\n|-heal|p1a: Gothitelle|57\/100 par|[from] item: Aguav Berry\n|move|p1a: Gothitelle|Trick Room|p1a: Gothitelle\n|-fieldstart|move: Trick Room|[of] p1a: Gothitelle\n|\n|-heal|p2b: Umbreon|57\/100|[from] item: Leftovers\n|upkeep\n|turn|13\n|\n|t:|1681986524\n|cant|p1a: Gothitelle|par\n|move|p1b: Ting-Lu|Body Press|p2b: Umbreon\n|-supereffective|p2b: Umbreon\n|-damage|p2b: Umbreon|29\/100\n|move|p2a: Gastrodon|Hydro Pump|p1b: Ting-Lu\n|-supereffective|p1b: Ting-Lu\n|-damage|p1b: Ting-Lu|8\/100\n|move|p2b: Umbreon|Light Screen|p2b: Umbreon\n|-sidestart|p2: Ykrach|move: Light Screen\n|\n|-heal|p2b: Umbreon|35\/100|[from] item: Leftovers\n|upkeep\n|turn|14\n|\n|t:|1681986538\n|move|p1a: Gothitelle|Psychic|p2b: Umbreon\n|-immune|p2b: Umbreon\n|move|p1b: Ting-Lu|Body Press|p2b: Umbreon\n|-supereffective|p2b: Umbreon\n|-damage|p2b: Umbreon|12\/100\n|move|p2a: Gastrodon|Icy Wind|p1b: Ting-Lu|[spread] p1a,p1b\n|-supereffective|p1b: Ting-Lu\n|-damage|p1a: Gothitelle|47\/100 par\n|-damage|p1b: Ting-Lu|0 fnt\n|-unboost|p1a: Gothitelle|spe|1\n|faint|p1b: Ting-Lu\n|move|p2b: Umbreon|Crunch|p1a: Gothitelle\n|-resisted|p1a: Gothitelle\n|-damage|p1a: Gothitelle|37\/100 par\n|\n|-heal|p2b: Umbreon|18\/100|[from] item: Leftovers\n|upkeep\n|\n|t:|1681986543\n|switch|p1b: Palafin|Palafin-Hero, L50, F|100\/100\n|-activate|p1b: Palafin|ability: Zero to Hero\n|turn|15\n|-message|zjes9402221 forfeited.\n|\n|win|Ykrach\n|raw|zjes9402221's rating: 1084 → 1058<\/strong> (-26 for losing)\n|raw|Ykrach's rating: 1033 → 1073<\/strong> (+40 for winning)\n|l|\u2606zjes9402221\n","uploadtime":1681986561,"views":15,"p1id":"zjes9402221","p2id":"ykrach","formatid":"gen9vgc2023regulationc","rating":1058,"private":0,"password":""}