{"id":"gen9vgc2023regulationc-1847601940","p1":"TommyT08","p2":"Ytterby","format":"[Gen 9] VGC 2023 Regulation C","log":"|j|\u2606TommyT08\n|j|\u2606Ytterby\n|t:|1681980290\n|gametype|doubles\n|player|p1|TommyT08|101|\n|player|p2|Ytterby|brycenman|\n|teamsize|p1|6\n|teamsize|p2|6\n|gen|9\n|tier|[Gen 9] VGC 2023 Regulation C\n|rule|Species Clause: Limit one of each Pok\u00e9mon\n|rule|Item Clause: Limit one of each item\n|clearpoke\n|poke|p1|Garganacl, L50, M|\n|poke|p1|Naclstack, L50, F|\n|poke|p1|Nacli, L50, F|\n|poke|p1|Ting-Lu, L50|\n|poke|p1|Gyarados, L50, M|\n|poke|p1|Blissey, L50, F|\n|poke|p2|Pikachu, L50, F|\n|poke|p2|Jolteon, L50, M|\n|poke|p2|Hariyama, L50, M|\n|poke|p2|Brute Bonnet, L50|\n|poke|p2|Polteageist, L50|\n|poke|p2|Braviary, L50, M|\n|teampreview|4\nTommyT08 has agreed to open team sheets.\nYtterby has agreed to open team sheets.\n|c|\u2606TommyT08|my guys got two electric types\n|c|\u2606TommyT08|good luck\n|c|\u2606Ytterby|yeaboi\n|c|\u2606Ytterby|i drafted discharge spam and i wanna use it at least a lil :p\n|c|\u2606Ytterby|you too\n|\n|t:|1681980416\n|start\n|switch|p1a: Tyrrells|Garganacl, L50, M|100\/100\n|switch|p1b: Miss-Lu|Ting-Lu, L50|100\/100\n|switch|p2a: Pikachu|Pikachu, L50, F|100\/100\n|switch|p2b: Jolteon|Jolteon, L50, M|100\/100\n|-ability|p1b: Miss-Lu|Vessel of Ruin\n|turn|1\n|\n|t:|1681980464\n|switch|p1a: Blissey|Blissey, L50, F, shiny|100\/100\n|move|p2a: Pikachu|Fake Out|p1b: Miss-Lu\n|-crit|p1b: Miss-Lu\n|-damage|p1b: Miss-Lu|92\/100\n|move|p2b: Jolteon|Discharge|p1a: Blissey|[spread] p1a\n|-ability|p2a: Pikachu|Lightning Rod|boost\n|-boost|p2a: Pikachu|spa|1\n|-immune|p1b: Miss-Lu\n|-damage|p1a: Blissey|94\/100\n|-status|p1a: Blissey|par\n|cant|p1b: Miss-Lu|flinch\n|\n|upkeep\n|turn|2\n|c|\u2606Ytterby|das chip baby\n|c|\u2606TommyT08|big chip\n|\n|t:|1681980524\n|-terastallize|p2a: Pikachu|Flying\n|move|p2b: Jolteon|Fake Tears|p1b: Miss-Lu\n|-unboost|p1b: Miss-Lu|spd|2\n|move|p2a: Pikachu|Grass Knot|p1b: Miss-Lu\n|-supereffective|p1b: Miss-Lu\n|-damage|p1b: Miss-Lu|0 fnt\n|faint|p1b: Miss-Lu\n|move|p1a: Blissey|Calm Mind|p1a: Blissey\n|-boost|p1a: Blissey|spa|1\n|-boost|p1a: Blissey|spd|1\n|\n|upkeep\n|\n|t:|1681980534\n|switch|p1b: Tyrrells|Garganacl, L50, M|100\/100\n|turn|3\n|\n|t:|1681980544\n|move|p2b: Jolteon|Discharge|p1b: Tyrrells|[spread] p1a,p1b\n|-ability|p2a: Pikachu|Lightning Rod|boost\n|-boost|p2a: Pikachu|spa|1\n|-damage|p1a: Blissey|89\/100 par\n|-damage|p1b: Tyrrells|82\/100\n|move|p2a: Pikachu|Grass Knot|p1b: Tyrrells\n|-supereffective|p1b: Tyrrells\n|-crit|p1b: Tyrrells\n|-damage|p1b: Tyrrells|0 fnt\n|faint|p1b: Tyrrells\n|move|p1a: Blissey|Calm Mind|p1a: Blissey\n|-boost|p1a: Blissey|spa|1\n|-boost|p1a: Blissey|spd|1\n|\n|upkeep\n|\n|t:|1681980555\n|switch|p1b: Kettle|Naclstack, L50, F|100\/100\n|turn|4\n|\n|t:|1681980593\n|-terastallize|p1b: Kettle|Ghost\n|move|p2b: Jolteon|Discharge|p1b: Kettle|[spread] p1a,p1b\n|-ability|p2a: Pikachu|Lightning Rod|boost\n|-boost|p2a: Pikachu|spa|1\n|-damage|p1a: Blissey|85\/100 par\n|-damage|p1b: Kettle|74\/100\n|move|p2a: Pikachu|Grass Knot|p1b: Kettle\n|-damage|p1b: Kettle|0 fnt\n|faint|p1b: Kettle\n|cant|p1a: Blissey|par\n|\n|upkeep\n|turn|5\n|c|\u2606TommyT08|Welp i was hoping he lived that\n|\n|t:|1681980621\n|move|p2b: Jolteon|Fake Tears|p1a: Blissey\n|-unboost|p1a: Blissey|spd|2\n|move|p2a: Pikachu|Discharge|p1a: Blissey|[spread] p1a\n|-immune|p2b: Jolteon|[from] ability: Volt Absorb\n|-damage|p1a: Blissey|56\/100 par\n|move|p1a: Blissey|Ice Beam|p2a: Pikachu\n|-supereffective|p2a: Pikachu\n|-damage|p2a: Pikachu|0 fnt\n|faint|p2a: Pikachu\n|\n|upkeep\n|c|\u2606TommyT08|blissey sweep\n|c|\u2606Ytterby|oOooo\n|c|\u2606Ytterby|i do have the ice weaks\n|c|\u2606Ytterby|letsgo haha\n|\n|t:|1681980641\n|switch|p2a: Braviary|Braviary, L50, M|100\/100\n|turn|6\n|\n|t:|1681980659\n|switch|p2b: Brute Bonnet|Brute Bonnet, L50|100\/100\n|move|p2a: Braviary|Iron Head|p1a: Blissey\n|-crit|p1a: Blissey\n|-damage|p1a: Blissey|0 fnt\n|faint|p1a: Blissey\n|\n|win|Ytterby\n|c|\u2606TommyT08|big crit\n|c|\u2606TommyT08|ouch\n|c|\u2606Ytterby|haha hmm did the crit matter\n|c|\u2606TommyT08|blissey has so much phis def wym\n","uploadtime":1681980677,"views":10,"p1id":"tommyt08","p2id":"ytterby","formatid":"gen9vgc2023regulationc","rating":0,"private":0,"password":""}