{"id":"gen9vgc2023regulationc-1848108577","p1":"Auraen","p2":"fer666","format":"[Gen 9] VGC 2023 Regulation C","log":"|j|\u2606Auraen\n|j|\u2606fer666\n|t:|1682030657\n|gametype|doubles\n|player|p1|Auraen|flannery|1352\n|player|p2|fer666|ethan|1431\n|teamsize|p1|6\n|teamsize|p2|6\n|gen|9\n|tier|[Gen 9] VGC 2023 Regulation C\n|rated|\n|rule|Species Clause: Limit one of each Pok\u00e9mon\n|rule|Item Clause: Limit one of each item\n|clearpoke\n|poke|p1|Gastrodon, L50, F|\n|poke|p1|Orthworm, L50, M|\n|poke|p1|Ting-Lu, L50|\n|poke|p1|Dragonite, L50, F|\n|poke|p1|Scizor, L50, F|\n|poke|p1|Rotom-Heat, L50|\n|poke|p2|Flutter Mane, L50|\n|poke|p2|Arcanine, L50, M|\n|poke|p2|Amoonguss, L50, F|\n|poke|p2|Maushold, L50|\n|poke|p2|Palafin, L50, F|\n|poke|p2|Annihilape, L50, M|\n|teampreview|4\n|inactive|Battle timer is ON: inactive players will automatically lose when time's up. (requested by fer666)\n|inactive|Auraen has 60 seconds left.\n|inactive|fer666 has 60 seconds left.\n|\n|t:|1682030709\n|start\n|switch|p1a: Orthworm|Orthworm, L50, M|100\/100\n|switch|p1b: Rotom|Rotom-Heat, L50|100\/100\n|switch|p2a: Annihilape|Annihilape, L50, M|100\/100\n|switch|p2b: Maushold|Maushold, L50|100\/100\n|turn|1\n|inactive|fer666 has 30 seconds left.\n|\n|t:|1682030734\n|move|p2b: Maushold|Beat Up|p2a: Annihilape\n|-damage|p2a: Annihilape|99\/100\n|-damage|p2a: Annihilape|97\/100\n|-damage|p2a: Annihilape|95\/100\n|-damage|p2a: Annihilape|93\/100\n|-hitcount|p2a: Annihilape|4\n|move|p2a: Annihilape|Rage Fist|p1b: Rotom\n|-damage|p1b: Rotom|0 fnt\n|faint|p1b: Rotom\n|move|p1a: Orthworm|Shed Tail|p1a: Orthworm\n|-start|p1a: Orthworm|Substitute|[from] move: Shed Tail\n|-damage|p1a: Orthworm|50\/100\n|-enditem|p1a: Orthworm|Sitrus Berry|[eat]\n|-heal|p1a: Orthworm|75\/100|[from] item: Sitrus Berry\n|\n|t:|1682030747\n|switch|p1a: Scizor|Scizor, L50, F|100\/100|[from] Shed Tail\n|\n|-heal|p2a: Annihilape|99\/100|[from] item: Leftovers\n|upkeep\n|\n|t:|1682030757\n|switch|p1b: Orthworm|Orthworm, L50, M|75\/100\n|turn|2\n|\n|t:|1682030781\n|-terastallize|p2a: Annihilape|Water\n|move|p1a: Scizor|Protect|p1a: Scizor\n|-singleturn|p1a: Scizor|Protect\n|move|p2b: Maushold|Feint|p2a: Annihilape\n|-damage|p2a: Annihilape|94\/100\n|move|p2a: Annihilape|Rage Fist|p1b: Orthworm\n|-damage|p1b: Orthworm|0 fnt\n|faint|p1b: Orthworm\n|\n|-heal|p2a: Annihilape|99\/100|[from] item: Leftovers\n|upkeep\n|\n|t:|1682030791\n|switch|p1b: Gastrodon|Gastrodon, L50, F|100\/100\n|turn|3\n|\n|t:|1682030800\n|move|p2b: Maushold|Feint|p1b: Gastrodon\n|-damage|p1b: Gastrodon|92\/100\n|move|p2a: Annihilape|Rage Fist|p1b: Gastrodon\n|-damage|p1b: Gastrodon|0 fnt\n|faint|p1b: Gastrodon\n|move|p1a: Scizor|Swords Dance|p1a: Scizor\n|-boost|p1a: Scizor|atk|2\n|\n|-heal|p2a: Annihilape|100\/100|[from] item: Leftovers\n|upkeep\n|turn|4\n|\n|t:|1682030815\n|move|p2b: Maushold|Protect|p2b: Maushold\n|-singleturn|p2b: Maushold|Protect\n|move|p2a: Annihilape|Drain Punch|p1a: Scizor\n|-end|p1a: Scizor|Substitute\n|move|p1a: Scizor|Swords Dance|p1a: Scizor\n|-boost|p1a: Scizor|atk|2\n|\n|upkeep\n|turn|5\n|\n|t:|1682030828\n|move|p2b: Maushold|Follow Me|p2b: Maushold\n|-singleturn|p2b: Maushold|move: Follow Me\n|move|p2a: Annihilape|Rage Fist|p1a: Scizor\n|-damage|p1a: Scizor|0 fnt\n|faint|p1a: Scizor\n|\n|win|fer666\n|raw|Auraen's rating: 1352 → 1336<\/strong> (-16 for losing)\n|raw|fer666's rating: 1431 → 1447<\/strong> (+16 for winning)\n|l|\u2606Auraen\n","uploadtime":1682030876,"views":8,"p1id":"auraen","p2id":"fer666","formatid":"gen9vgc2023regulationc","rating":1336,"private":0,"password":""}