{"id":"gen9vgc2023regulationc-1846186975","p1":"LLCharlesVGC","p2":"haha u rage quit","format":"[Gen 9] VGC 2023 Regulation C","log":"|j|\u2606LLCharlesVGC\n|j|\u2606haha u rage quit\n|t:|1681818921\n|gametype|doubles\n|player|p1|LLCharlesVGC|170|1139\n|player|p2|haha u rage quit|pokemaniac|1148\n|teamsize|p1|6\n|teamsize|p2|6\n|gen|9\n|tier|[Gen 9] VGC 2023 Regulation C\n|rated|\n|rule|Species Clause: Limit one of each Pok\u00e9mon\n|rule|Item Clause: Limit one of each item\n|clearpoke\n|poke|p1|Grimmsnarl, L50, M|\n|poke|p1|Drifblim, L50, M|\n|poke|p1|Chi-Yu, L50|\n|poke|p1|Flutter Mane, L50|\n|poke|p1|Quaquaval, L50, M|\n|poke|p1|Kilowattrel, L50, M|\n|poke|p2|Garchomp, L50, M|\n|poke|p2|Flutter Mane, L50|\n|poke|p2|Great Tusk, L50|\n|poke|p2|Iron Bundle, L50|\n|poke|p2|Baxcalibur, L50, M|\n|poke|p2|Palafin, L50, F|\n|teampreview|4\n|inactive|Battle timer is ON: inactive players will automatically lose when time's up. (requested by LLCharlesVGC)\n|\n|t:|1681818957\n|start\n|switch|p1a: Quaquaval|Quaquaval, L50, M|100\/100\n|switch|p1b: Kilowattrel|Kilowattrel, L50, M|100\/100\n|switch|p2a: Flutter Mane|Flutter Mane, L50|100\/100\n|switch|p2b: Great Tusk|Great Tusk, L50, shiny|100\/100\n|-enditem|p2a: Flutter Mane|Booster Energy\n|-activate|p2a: Flutter Mane|ability: Protosynthesis|[fromitem]\n|-start|p2a: Flutter Mane|protosynthesisspe\n|turn|1\n|inactive|haha u rage quit has 30 seconds left.\n|\n|t:|1681818983\n|-terastallize|p2b: Great Tusk|Steel\n|move|p1a: Quaquaval|Protect|p1a: Quaquaval\n|-singleturn|p1a: Quaquaval|Protect\n|move|p2a: Flutter Mane|Shadow Ball|p1b: Kilowattrel\n|-crit|p1b: Kilowattrel\n|-enditem|p1b: Kilowattrel|Focus Sash\n|-damage|p1b: Kilowattrel|1\/100\n|move|p2b: Great Tusk|Rock Slide|p1a: Quaquaval|[spread] p1b\n|-activate|p1a: Quaquaval|move: Protect\n|-supereffective|p1b: Kilowattrel\n|-damage|p1b: Kilowattrel|0 fnt\n|faint|p1b: Kilowattrel\n|\n|upkeep\n|\n|t:|1681818996\n|switch|p1b: Flutter Mane|Flutter Mane, L50|100\/100\n|-enditem|p1b: Flutter Mane|Booster Energy\n|-activate|p1b: Flutter Mane|ability: Protosynthesis|[fromitem]\n|-start|p1b: Flutter Mane|protosynthesisspe\n|turn|2\n|\n|t:|1681819017\n|-terastallize|p1a: Quaquaval|Water\n|move|p2a: Flutter Mane|Moonblast|p1a: Quaquaval\n|-damage|p1a: Quaquaval|32\/100\n|-unboost|p1a: Quaquaval|spa|1\n|move|p1b: Flutter Mane|Shadow Ball|p2a: Flutter Mane\n|-supereffective|p2a: Flutter Mane\n|-damage|p2a: Flutter Mane|12\/100\n|move|p2b: Great Tusk|Rock Slide|p1b: Flutter Mane|[spread] p1a\n|-miss|p2b: Great Tusk|p1b: Flutter Mane\n|-damage|p1a: Quaquaval|2\/100\n|move|p1a: Quaquaval|Close Combat|p2b: Great Tusk\n|-supereffective|p2b: Great Tusk\n|-damage|p2b: Great Tusk|0 fnt\n|-unboost|p1a: Quaquaval|def|1\n|-unboost|p1a: Quaquaval|spd|1\n|faint|p2b: Great Tusk\n|-end|p2b: Great Tusk|Protosynthesis|[silent]\n|-ability|p1a: Quaquaval|Moxie|boost\n|-boost|p1a: Quaquaval|atk|1\n|-damage|p1a: Quaquaval|0 fnt|[from] item: Life Orb\n|faint|p1a: Quaquaval\n|\n|upkeep\n|\n|t:|1681819038\n|switch|p1a: Chi-Yu|Chi-Yu, L50|100\/100\n|switch|p2b: Palafin|Palafin, L50, F|100\/100\n|-ability|p1a: Chi-Yu|Beads of Ruin\n|turn|3\n|inactive|haha u rage quit has 30 seconds left.\n|\n|t:|1681819071\n|detailschange|p2b: Palafin|Palafin-Hero, L50, F\n|switch|p2b: Baxcalibur|Baxcalibur, L50, M|100\/100\n|move|p2a: Flutter Mane|Protect|p2a: Flutter Mane\n|-singleturn|p2a: Flutter Mane|Protect\n|move|p1b: Flutter Mane|Dazzling Gleam|p2a: Flutter Mane|[spread] p2b\n|-activate|p2a: Flutter Mane|move: Protect\n|-supereffective|p2b: Baxcalibur\n|-damage|p2b: Baxcalibur|16\/100\n|move|p1a: Chi-Yu|Heat Wave|p2a: Flutter Mane|[spread] p2b\n|-activate|p2a: Flutter Mane|move: Protect\n|-damage|p2b: Baxcalibur|0 fnt\n|faint|p2b: Baxcalibur\n|\n|upkeep\n|\n|t:|1681819084\n|switch|p2b: Palafin|Palafin-Hero, L50, F|100\/100\n|-activate|p2b: Palafin|ability: Zero to Hero\n|turn|4\n|\n|t:|1681819096\n|move|p2b: Palafin|Jet Punch|p1b: Flutter Mane\n|-damage|p1b: Flutter Mane|0 fnt\n|faint|p1b: Flutter Mane\n|-end|p1b: Flutter Mane|Protosynthesis|[silent]\n|move|p2a: Flutter Mane|Shadow Ball|p1a: Chi-Yu\n|-resisted|p1a: Chi-Yu\n|-damage|p1a: Chi-Yu|75\/100\n|move|p1a: Chi-Yu|Heat Wave|p2b: Palafin|[spread] p2a,p2b\n|-resisted|p2b: Palafin\n|-damage|p2a: Flutter Mane|0 fnt\n|-damage|p2b: Palafin|75\/100\n|faint|p2a: Flutter Mane\n|-end|p2a: Flutter Mane|Protosynthesis|[silent]\n|\n|upkeep\n|turn|5\n|-message|LLCharlesVGC forfeited.\n|\n|win|haha u rage quit\n|raw|LLCharlesVGC's rating: 1139 → 1115<\/strong> (-24 for losing)\n|raw|haha u rage quit's rating: 1148 → 1172<\/strong> (+24 for winning)\n|l|\u2606LLCharlesVGC\n","uploadtime":1681819116,"views":7,"p1id":"llcharlesvgc","p2id":"hahauragequit","formatid":"gen9vgc2023regulationc","rating":1115,"private":0,"password":""}