{"id":"gen9vgc2023regulationc-1863545683","p1":"Feyette","p2":"RankleFrank","format":"[Gen 9] VGC 2023 Regulation C","log":"|j|\u2606Feyette\n|j|\u2606RankleFrank\n|t:|1684032221\n|gametype|doubles\n|player|p1|Feyette|#dwcopiii|\n|player|p2|RankleFrank|rosa|\n|teamsize|p1|6\n|teamsize|p2|6\n|gen|9\n|tier|[Gen 9] VGC 2023 Regulation C\n|rule|Tera Type Preview: Tera Types are shown at Team Preview\n|rule|Species Clause: Limit one of each Pok\u00e9mon\n|rule|Item Clause: Limit one of each item\n|clearpoke\n|poke|p1|Chi-Yu, L50|\n|poke|p1|Iron Bundle, L50|\n|poke|p1|Salamence, L50, F|\n|poke|p1|Great Tusk, L50|\n|poke|p1|Foongus, L50, F|\n|poke|p1|Gholdengo, L50|\n|poke|p2|Great Tusk, L50|\n|poke|p2|Toedscruel, L50, F|\n|poke|p2|Glimmora, L50, M|\n|poke|p2|Annihilape, L50, F|\n|poke|p2|Roaring Moon, L50|\n|poke|p2|Farigiraf, L50, F|\n|teampreview|4\n|raw|Feyette's Tera Types: \/ \/ \/ \/ \/ \n|raw|RankleFrank's Tera Types: \/ \/ \/ \/ \/ \nRankleFrank has agreed to open team sheets.\n|c|\u2606RankleFrank|glhf\nFeyette rejected open team sheets.\n|c|\u2606Feyette|g1\n|inactive|Battle timer is ON: inactive players will automatically lose when time's up. (requested by RankleFrank)\n|c|\u2606Feyette|we have to open all 3 games before starting\n|inactiveoff|Battle timer is now OFF.\n|c|\u2606RankleFrank|oh yeah my bad\n|c|\u2606RankleFrank|cool ready to start?\n|c|\u2606Feyette|yup\n|c|\u2606Feyette|gl hf\n|inactive|Battle timer is ON: inactive players will automatically lose when time's up. (requested by RankleFrank)\n|c|\u2606RankleFrank|best of luck to you\n|j| tzarii\n|\n|t:|1684032391\n|start\n|switch|p1a: Coldcrew|Iron Bundle, L50|100\/100\n|switch|p1b: Chi-Yu on deez|Chi-Yu, L50|100\/100\n|switch|p2a: Toedscruel|Toedscruel, L50, F|100\/100\n|switch|p2b: Glimmora|Glimmora, L50, M|100\/100\n|-ability|p1b: Chi-Yu on deez|Beads of Ruin\n|-enditem|p1a: Coldcrew|Booster Energy\n|-activate|p1a: Coldcrew|ability: Quark Drive|[fromitem]\n|-start|p1a: Coldcrew|quarkdrivespe\n|turn|1\n|j| naclpack\n|j| Wow02\n|inactive|Feyette has 30 seconds left.\n|inactive|RankleFrank has 30 seconds left.\n|j| glowbrogang\n|inactive|RankleFrank has 20 seconds left.\n|\n|t:|1684032427\n|-terastallize|p2a: Toedscruel|Ghost\n|move|p1a: Coldcrew|Hydro Pump|p2b: Glimmora|[miss]\n|-miss|p1a: Coldcrew|p2b: Glimmora\n|move|p1b: Chi-Yu on deez|Heat Wave|p2a: Toedscruel|[spread] p2a,p2b\n|-crit|p2a: Toedscruel\n|-resisted|p2b: Glimmora\n|-damage|p2a: Toedscruel|27\/100\n|-damage|p2b: Glimmora|66\/100\n|move|p2b: Glimmora|Stealth Rock|p1a: Coldcrew\n|-sidestart|p1: Feyette|move: Stealth Rock\n|move|p2a: Toedscruel|Spore|p1a: Coldcrew\n|-status|p1a: Coldcrew|slp|[from] move: Spore\n|\n|upkeep\n|turn|2\n|c| glowbrogang|fey howd u get that ca\n|inactive|Feyette has 30 seconds left.\n|inactive|RankleFrank has 30 seconds left.\n|c| naclpack|ca?\n|\n|t:|1684032459\n|-end|p1a: Coldcrew|Quark Drive|[silent]\n|switch|p1a: s of Terror|Great Tusk, L50|100\/100\n|-damage|p1a: s of Terror|98\/100|[from] Stealth Rock\n|switch|p2a: Roaring Moon|Roaring Moon, L50|100\/100\n|-enditem|p2a: Roaring Moon|Booster Energy\n|-activate|p2a: Roaring Moon|ability: Protosynthesis|[fromitem]\n|-start|p2a: Roaring Moon|protosynthesisspe\n|move|p1b: Chi-Yu on deez|Heat Wave|p2b: Glimmora|[spread] p2a,p2b\n|-resisted|p2a: Roaring Moon\n|-resisted|p2b: Glimmora\n|-damage|p2a: Roaring Moon|81\/100\n|-damage|p2b: Glimmora|35\/100\n|move|p2b: Glimmora|Mortal Spin|p1a: s of Terror|[spread] p1a,p1b\n|-resisted|p1a: s of Terror\n|-damage|p1a: s of Terror|96\/100\n|-damage|p1b: Chi-Yu on deez|94\/100\n|-status|p1a: s of Terror|psn\n|-status|p1b: Chi-Yu on deez|psn\n|\n|-damage|p1b: Chi-Yu on deez|82\/100 psn|[from] psn\n|-damage|p1a: s of Terror|84\/100 psn|[from] psn\n|upkeep\n|turn|3\n|c| glowbrogang|custom avatar\n|c|\u2606Feyette|doubles world cup helper\n|inactive|RankleFrank has 30 seconds left.\n|c| glowbrogang|i see, bc i recognized it from somewhere\n|\n|t:|1684032489\n|switch|p2b: Great Tusk|Great Tusk, L50|100\/100\n|move|p2a: Roaring Moon|Earthquake|p1b: Chi-Yu on deez|[spread] p2b,p1a,p1b\n|-supereffective|p1b: Chi-Yu on deez\n|-damage|p2b: Great Tusk|82\/100\n|-damage|p1a: s of Terror|68\/100 psn\n|-damage|p1b: Chi-Yu on deez|15\/100 psn\n|move|p1b: Chi-Yu on deez|Will-O-Wisp|p2a: Roaring Moon\n|-status|p2a: Roaring Moon|brn\n|move|p1a: s of Terror|Rapid Spin|p2b: Great Tusk\n|-damage|p2b: Great Tusk|67\/100\n|-boost|p1a: s of Terror|spe|1\n|-sideend|p1: Feyette|Stealth Rock|[from] move: Rapid Spin|[of] p1a: s of Terror\n|\n|-heal|p2b: Great Tusk|73\/100|[from] item: Leftovers\n|-damage|p1a: s of Terror|56\/100 psn|[from] psn\n|-damage|p1b: Chi-Yu on deez|3\/100 psn|[from] psn\n|-damage|p2a: Roaring Moon|75\/100 brn|[from] brn\n|upkeep\n|turn|4\n|c| glowbrogang|THE TEEEECH\n|inactive|Feyette has 30 seconds left.\n|inactive|Feyette has 20 seconds left.\n|c| tzarii|rapid spin gt???\n|c| tzarii|goddamn\n|inactive|Feyette has 15 seconds left.\n|c| glowbrogang|for glimm\n|inactive|Feyette has 10 seconds left.\n|inactive|Feyette has 5 seconds left.\n|\n|t:|1684032540\n|move|p2b: Great Tusk|Protect|p2b: Great Tusk\n|-singleturn|p2b: Great Tusk|Protect\n|move|p2a: Roaring Moon|Earthquake|p1a: s of Terror|[spread] p1a,p1b\n|-activate|p2b: Great Tusk|move: Protect\n|-supereffective|p1b: Chi-Yu on deez\n|-damage|p1a: s of Terror|48\/100 psn\n|-damage|p1b: Chi-Yu on deez|0 fnt\n|faint|p1b: Chi-Yu on deez\n|move|p1a: s of Terror|Headlong Rush|p2a: Roaring Moon\n|-damage|p2a: Roaring Moon|5\/100 brn\n|-unboost|p1a: s of Terror|def|1\n|-unboost|p1a: s of Terror|spd|1\n|\n|-heal|p2b: Great Tusk|79\/100|[from] item: Leftovers\n|-damage|p1a: s of Terror|36\/100 psn|[from] psn\n|-damage|p2a: Roaring Moon|0 fnt|[from] brn\n|faint|p2a: Roaring Moon\n|-end|p2a: Roaring Moon|Protosynthesis|[silent]\n|upkeep\n|c| naclpack|dou player...\n|c|\u2606Feyette|lol\n|\n|t:|1684032557\n|switch|p2a: Toedscruel|Toedscruel, L50, F, tera:Ghost|27\/100\n|switch|p1b: DOOR MONEY|Gholdengo, L50|100\/100\n|turn|5\n|\n|t:|1684032577\n|move|p1b: DOOR MONEY|Make It Rain|p2b: Great Tusk|[spread] p2a,p2b\n|-damage|p2a: Toedscruel|0 fnt\n|-damage|p2b: Great Tusk|0 fnt\n|-unboost|p1b: DOOR MONEY|spa|1\n|faint|p2a: Toedscruel\n|faint|p2b: Great Tusk\n|-end|p2b: Great Tusk|Protosynthesis|[silent]\n|move|p1a: s of Terror|Headlong Rush|p2: Toedscruel|[notarget]\n|-fail|p1a: s of Terror\n|\n|-damage|p1a: s of Terror|24\/100 psn|[from] psn\n|upkeep\n|c| glowbrogang|HACKER\n|c| glowbrogang|no longer door money\n|c| glowbrogang|door money is now hacker\n|inactive|RankleFrank has 30 seconds left.\n|\n|t:|1684032607\n|switch|p2b: Glimmora|Glimmora, L50, M|35\/100\n|turn|6\n|c|\u2606Feyette|hacker told me to name this door money actually lol\n|c| naclpack|User Feyette why are you hacking\n|\n|t:|1684032614\n|move|p1b: DOOR MONEY|Make It Rain|p2b: Glimmora\n|-supereffective|p2b: Glimmora\n|-damage|p2b: Glimmora|0 fnt\n|-unboost|p1b: DOOR MONEY|spa|1\n|faint|p2b: Glimmora\n|\n|win|Feyette\n|c|\u2606RankleFrank|gg\n|c|\u2606Feyette|gg1\n|c| glowbrogang|no i meant\n|l| tzarii\n|c| glowbrogang|door money now got the hacker account on smogon\n|c|\u2606Feyette|yeah\n|l| Wow02\n|l|\u2606RankleFrank\n|l| naclpack\n|l| glowbrogang\n","uploadtime":1684033152,"views":33,"p1id":"feyette","p2id":"ranklefrank","formatid":"gen9vgc2023regulationc","rating":0,"private":0,"password":""}