{"id":"gen9vgc2023regulationc-1844905387","p1":"Kikosports","p2":"PenguinJ44","format":"[Gen 9] VGC 2023 Regulation C","log":"|j|\u2606Kikosports\n|j|\u2606PenguinJ44\n|t:|1681662608\n|gametype|doubles\n|player|p1|Kikosports|2|1040\n|player|p2|PenguinJ44|lyra|1131\n|teamsize|p1|6\n|teamsize|p2|6\n|gen|9\n|tier|[Gen 9] VGC 2023 Regulation C\n|rated|\n|rule|Species Clause: Limit one of each Pok\u00e9mon\n|rule|Item Clause: Limit one of each item\n|clearpoke\n|poke|p1|Drednaw, L50, F|\n|poke|p1|Pelipper, L50, F|\n|poke|p1|Tsareena, L50, F|\n|poke|p1|Kingambit, L50, M|\n|poke|p1|Toxtricity, L50, M|\n|poke|p1|Sableye, L50, F|\n|poke|p2|Amoonguss, L50, F|\n|poke|p2|Roaring Moon, L50|\n|poke|p2|Arcanine, L50, M|\n|poke|p2|Flutter Mane, L50|\n|poke|p2|Palafin, L50, M|\n|poke|p2|Ting-Lu, L50|\n|teampreview|4\n|\n|t:|1681662633\n|start\n|switch|p1a: Sableye|Sableye, L50, F|100\/100\n|switch|p1b: Toxtricity|Toxtricity, L50, M|100\/100\n|switch|p2a: Flutter Mane|Flutter Mane, L50|100\/100\n|switch|p2b: Palafin|Palafin, L50, M|100\/100\n|turn|1\n|\n|t:|1681662647\n|detailschange|p2b: Palafin|Palafin-Hero, L50, M\n|switch|p2b: Amoonguss|Amoonguss, L50, F|100\/100\n|move|p1a: Sableye|Will-O-Wisp|p2a: Flutter Mane\n|-status|p2a: Flutter Mane|brn\n|move|p2a: Flutter Mane|Shadow Ball|p1a: Sableye\n|-damage|p1a: Sableye|50\/100\n|move|p1b: Toxtricity|Hex|p2a: Flutter Mane\n|-supereffective|p2a: Flutter Mane\n|-enditem|p2a: Flutter Mane|Focus Sash\n|-damage|p2a: Flutter Mane|1\/100 brn\n|\n|-damage|p2a: Flutter Mane|0 fnt|[from] brn\n|faint|p2a: Flutter Mane\n|-end|p2a: Flutter Mane|Protosynthesis|[silent]\n|upkeep\n|\n|t:|1681662660\n|switch|p2a: SumTingWong|Ting-Lu, L50|100\/100\n|-ability|p2a: SumTingWong|Vessel of Ruin\n|turn|2\n|\n|t:|1681662678\n|switch|p1b: Kingambit|Kingambit, L50, M|100\/100\n|move|p1a: Sableye|Will-O-Wisp|p2a: SumTingWong\n|-hint|Since gen 7, Dark is immune to Prankster moves.\n|-immune|p2a: SumTingWong\n|move|p2a: SumTingWong|Fissure|p1b: Kingambit\n|-damage|p1b: Kingambit|0 fnt\n|faint|p1b: Kingambit\n|-ohko\n|move|p2b: Amoonguss|Spore|p1a: Sableye\n|-status|p1a: Sableye|slp|[from] move: Spore\n|\n|upkeep\n|\n|t:|1681662692\n|switch|p1b: Toxtricity|Toxtricity, L50, M|100\/100\n|turn|3\n|\n|t:|1681662703\n|-terastallize|p1b: Toxtricity|Normal\n|cant|p1a: Sableye|slp\n|move|p1b: Toxtricity|Boomburst|p2a: SumTingWong|[spread] p2a,p2b\n|-immune|p1a: Sableye\n|-damage|p2a: SumTingWong|68\/100\n|-damage|p2b: Amoonguss|42\/100\n|move|p2a: SumTingWong|Fissure|p1b: Toxtricity|[miss]\n|-miss|p2a: SumTingWong|p1b: Toxtricity\n|move|p2b: Amoonguss|Spore|p1b: Toxtricity\n|-status|p1b: Toxtricity|slp|[from] move: Spore\n|\n|upkeep\n|turn|4\n|\n|t:|1681662720\n|switch|p2b: Palafin|Palafin-Hero, L50, M|100\/100\n|-activate|p2b: Palafin|ability: Zero to Hero\n|cant|p1b: Toxtricity|slp\n|cant|p1a: Sableye|slp\n|move|p2a: SumTingWong|Fissure|p1b: Toxtricity|[miss]\n|-miss|p2a: SumTingWong|p1b: Toxtricity\n|\n|upkeep\n|turn|5\n|\n|t:|1681662733\n|move|p2b: Palafin|Jet Punch|p1a: Sableye\n|-damage|p1a: Sableye|0 fnt\n|faint|p1a: Sableye\n|cant|p1b: Toxtricity|slp\n|move|p2a: SumTingWong|Fissure|p1b: Toxtricity|[miss]\n|-miss|p2a: SumTingWong|p1b: Toxtricity\n|\n|upkeep\n|\n|t:|1681662742\n|switch|p1a: Pelipper|Pelipper, L50, F|100\/100\n|-weather|RainDance|[from] ability: Drizzle|[of] p1a: Pelipper\n|turn|6\n|\n|t:|1681662754\n|-terastallize|p2a: SumTingWong|Grass\n|move|p2b: Palafin|Protect|p2b: Palafin\n|-singleturn|p2b: Palafin|Protect\n|move|p1a: Pelipper|Tailwind|p1a: Pelipper\n|-sidestart|p1: Kikosports|move: Tailwind\n|cant|p1b: Toxtricity|slp\n|move|p2a: SumTingWong|Stomping Tantrum|p1b: Toxtricity\n|-damage|p1b: Toxtricity|16\/100 slp\n|\n|-weather|RainDance|[upkeep]\n|upkeep\n|turn|7\n|\n|t:|1681662770\n|move|p2b: Palafin|Jet Punch|p1b: Toxtricity\n|-damage|p1b: Toxtricity|0 fnt\n|faint|p1b: Toxtricity\n|move|p1a: Pelipper|Hydro Pump|p2a: SumTingWong\n|-resisted|p2a: SumTingWong\n|-damage|p2a: SumTingWong|56\/100\n|move|p2a: SumTingWong|Ruination|p1a: Pelipper\n|-damage|p1a: Pelipper|50\/100\n|\n|-weather|RainDance|[upkeep]\n|upkeep\n|turn|8\n|\n|t:|1681662786\n|move|p1a: Pelipper|Hurricane|p2a: SumTingWong\n|-supereffective|p2a: SumTingWong\n|-damage|p2a: SumTingWong|27\/100\n|move|p2b: Palafin|Ice Punch|p1a: Pelipper\n|-damage|p1a: Pelipper|2\/100\n|move|p2a: SumTingWong|Heavy Slam|p1a: Pelipper\n|-resisted|p1a: Pelipper\n|-damage|p1a: Pelipper|0 fnt\n|faint|p1a: Pelipper\n|\n|win|PenguinJ44\n|raw|Kikosports's rating: 1040 → 1028<\/strong> (-12 for losing)\n|raw|PenguinJ44's rating: 1131 → 1150<\/strong> (+19 for winning)\n|l|\u2606Kikosports\n|l|\u2606PenguinJ44\n|j|\u2606PenguinJ44\n|player|p2|PenguinJ44|lyra\n","uploadtime":1681662820,"views":15,"p1id":"kikosports","p2id":"penguinj44","formatid":"gen9vgc2023regulationc","rating":1028,"private":0,"password":""}