{"id":"gen9vgc2023regulationc-1862968239","p1":"PeterVGCGriffin","p2":"Smalljupiter573","format":"[Gen 9] VGC 2023 Regulation C","log":"|j|\u2606PeterVGCGriffin\n|j|\u2606Smalljupiter573\n|t:|1683945347\n|gametype|doubles\n|player|p1|PeterVGCGriffin|hiker|\n|player|p2|Smalljupiter573|169|\n|teamsize|p1|6\n|teamsize|p2|6\n|gen|9\n|tier|[Gen 9] VGC 2023 Regulation C\n|rule|Species Clause: Limit one of each Pok\u00e9mon\n|rule|Item Clause: Limit one of each item\n|clearpoke\n|poke|p1|Meowscarada, L50, M|\n|poke|p1|Vivillon-Fancy, L50, F|\n|poke|p1|Annihilape, L50, M|\n|poke|p1|Palafin, L50, F|\n|poke|p1|Klawf, L50, F|\n|poke|p1|Maushold-Four, L50|\n|poke|p2|Scream Tail, L50|\n|poke|p2|Gothitelle, L50, F|\n|poke|p2|Ting-Lu, L50|\n|poke|p2|Glimmora, L50, M|\n|poke|p2|Arcanine, L50, F|\n|poke|p2|Flutter Mane, L50|\n|teampreview|4\nSmalljupiter573 has agreed to open team sheets.\nPeterVGCGriffin rejected open team sheets.\n|c|\u2606PeterVGCGriffin|glhf\n|\n|t:|1683945393\n|start\n|switch|p1a: Suffering|Maushold-Four, L50|100\/100\n|switch|p1b: Burglary|Klawf, L50, F|100\/100\n|switch|p2a: Ting-Lu|Ting-Lu, L50|100\/100\n|switch|p2b: Glimmora|Glimmora, L50, M|100\/100\n|-ability|p2a: Ting-Lu|Vessel of Ruin\n|turn|1\n|\n|t:|1683945424\n|move|p1a: Suffering|Helping Hand|p1b: Burglary\n|-singleturn|p1b: Burglary|Helping Hand|[of] p1a: Suffering\n|move|p2b: Glimmora|Energy Ball|p1b: Burglary\n|-supereffective|p1b: Burglary\n|-damage|p1b: Burglary|36\/100\n|-ability|p1b: Burglary|Anger Shell|boost\n|-boost|p1b: Burglary|atk|1\n|-boost|p1b: Burglary|spa|1\n|-boost|p1b: Burglary|spe|1\n|-unboost|p1b: Burglary|def|1\n|-unboost|p1b: Burglary|spd|1\n|move|p1b: Burglary|Rock Slide|p2a: Ting-Lu|[spread] p2a,p2b\n|-resisted|p2a: Ting-Lu\n|-damage|p2a: Ting-Lu|84\/100\n|-damage|p2b: Glimmora|28\/100\n|-activate|p2b: Glimmora|ability: Toxic Debris\n|-sidestart|p1: PeterVGCGriffin|move: Toxic Spikes\n|move|p2a: Ting-Lu|Fissure|p1a: Suffering|[miss]\n|-miss|p2a: Ting-Lu|p1a: Suffering\n|\n|-heal|p2a: Ting-Lu|91\/100|[from] item: Leftovers\n|upkeep\n|turn|2\n|\n|t:|1683945447\n|move|p1b: Burglary|High Horsepower|p2b: Glimmora\n|-supereffective|p2b: Glimmora\n|-damage|p2b: Glimmora|0 fnt\n|-activate|p2b: Glimmora|ability: Toxic Debris\n|-sidestart|p1: PeterVGCGriffin|move: Toxic Spikes\n|faint|p2b: Glimmora\n|move|p1a: Suffering|Population Bomb|p2a: Ting-Lu\n|-damage|p2a: Ting-Lu|87\/100\n|-damage|p2a: Ting-Lu|84\/100\n|-damage|p2a: Ting-Lu|81\/100\n|-damage|p2a: Ting-Lu|78\/100\n|-damage|p2a: Ting-Lu|75\/100\n|-damage|p2a: Ting-Lu|71\/100\n|-damage|p2a: Ting-Lu|68\/100\n|-damage|p2a: Ting-Lu|64\/100\n|-damage|p2a: Ting-Lu|61\/100\n|-damage|p2a: Ting-Lu|57\/100\n|-hitcount|p2a: Ting-Lu|10\n|move|p2a: Ting-Lu|Stomping Tantrum|p1a: Suffering\n|-damage|p1a: Suffering|0 fnt\n|faint|p1a: Suffering\n|\n|-heal|p2a: Ting-Lu|63\/100|[from] item: Leftovers\n|upkeep\n|\n|t:|1683945473\n|switch|p1a: Murder|Vivillon-Fancy, L50, F|100\/100\n|switch|p2b: Gothitelle|Gothitelle, L50, F|100\/100\n|turn|3\n|\n|t:|1683945491\n|move|p2b: Gothitelle|Fake Out|p1a: Murder\n|-damage|p1a: Murder|90\/100\n|move|p1b: Burglary|Rock Slide|p2b: Gothitelle|[spread] p2a,p2b\n|-resisted|p2a: Ting-Lu\n|-damage|p2a: Ting-Lu|52\/100\n|-damage|p2b: Gothitelle|73\/100\n|cant|p1a: Murder|flinch\n|cant|p2a: Ting-Lu|flinch\n|\n|-heal|p2a: Ting-Lu|59\/100|[from] item: Leftovers\n|upkeep\n|turn|4\n|\n|t:|1683945510\n|move|p1b: Burglary|Rock Slide|p2b: Gothitelle|[spread] p2a,p2b\n|-resisted|p2a: Ting-Lu\n|-damage|p2a: Ting-Lu|48\/100\n|-damage|p2b: Gothitelle|46\/100\n|move|p1a: Murder|Sleep Powder|p2b: Gothitelle\n|-status|p2b: Gothitelle|slp|[from] move: Sleep Powder\n|cant|p2b: Gothitelle|slp\n|move|p2a: Ting-Lu|Rock Slide|p1a: Murder|[spread] p1b\n|-miss|p2a: Ting-Lu|p1a: Murder\n|-damage|p1b: Burglary|7\/100\n|\n|-heal|p2a: Ting-Lu|54\/100|[from] item: Leftovers\n|upkeep\n|turn|5\n|\n|t:|1683945529\n|move|p1b: Burglary|Protect|p1b: Burglary\n|-singleturn|p1b: Burglary|Protect\n|-curestatus|p2b: Gothitelle|slp|[msg]\n|move|p2b: Gothitelle|Protect|p2b: Gothitelle\n|-singleturn|p2b: Gothitelle|Protect\n|move|p1a: Murder|Sleep Powder|p2a: Ting-Lu\n|-status|p2a: Ting-Lu|slp|[from] move: Sleep Powder\n|cant|p2a: Ting-Lu|slp\n|\n|-heal|p2a: Ting-Lu|60\/100 slp|[from] item: Leftovers\n|upkeep\n|turn|6\n|\n|t:|1683945551\n|switch|p2a: Flutter Mane|Flutter Mane, L50|100\/100\n|move|p1b: Burglary|Rock Slide|p2a: Flutter Mane|[spread] p2a,p2b\n|-damage|p2a: Flutter Mane|21\/100\n|-damage|p2b: Gothitelle|20\/100\n|move|p1a: Murder|Tailwind|p1a: Murder\n|-sidestart|p1: PeterVGCGriffin|move: Tailwind\n|cant|p2b: Gothitelle|flinch\n|\n|upkeep\n|turn|7\n|\n|t:|1683945575\n|move|p2b: Gothitelle|Protect|p2b: Gothitelle\n|-singleturn|p2b: Gothitelle|Protect\n|move|p1b: Burglary|Rock Slide|p2a: Flutter Mane|[spread] p2a\n|-activate|p2b: Gothitelle|move: Protect\n|-damage|p2a: Flutter Mane|0 fnt\n|faint|p2a: Flutter Mane\n|-end|p2a: Flutter Mane|Protosynthesis|[silent]\n|move|p1a: Murder|Struggle Bug|p2b: Gothitelle\n|-activate|p2b: Gothitelle|move: Protect\n|\n|upkeep\n|\n|t:|1683945584\n|switch|p2a: Ting-Lu|Ting-Lu, L50|60\/100 slp\n|-ability|p2a: Ting-Lu|Vessel of Ruin\n|turn|8\n|\n|t:|1683945592\n|move|p1b: Burglary|Rock Slide|p2a: Ting-Lu|[spread] p2a\n|-miss|p1b: Burglary|p2b: Gothitelle\n|-resisted|p2a: Ting-Lu\n|-damage|p2a: Ting-Lu|50\/100 slp\n|move|p1a: Murder|Struggle Bug|p2a: Ting-Lu|[spread] p2a,p2b\n|-supereffective|p2a: Ting-Lu\n|-supereffective|p2b: Gothitelle\n|-damage|p2a: Ting-Lu|29\/100 slp\n|-damage|p2b: Gothitelle|0 fnt\n|-unboost|p2a: Ting-Lu|spa|1\n|faint|p2b: Gothitelle\n|-curestatus|p2a: Ting-Lu|slp|[msg]\n|move|p2a: Ting-Lu|Rock Slide|p1a: Murder|[spread] p1a,p1b\n|-supereffective|p1a: Murder\n|-enditem|p1a: Murder|Charti Berry|[eat]\n|-enditem|p1a: Murder|Charti Berry|[weaken]\n|-damage|p1a: Murder|20\/100\n|-damage|p1b: Burglary|0 fnt\n|faint|p1b: Burglary\n|\n|-heal|p2a: Ting-Lu|35\/100|[from] item: Leftovers\n|upkeep\n|\n|t:|1683945608\n|switch|p1b: Femboy|Annihilape, L50, M|100\/100\n|-status|p1b: Femboy|tox\n|turn|9\n|\n|t:|1683945640\n|move|p1a: Murder|Struggle Bug|p2a: Ting-Lu\n|-supereffective|p2a: Ting-Lu\n|-damage|p2a: Ting-Lu|9\/100\n|-unboost|p2a: Ting-Lu|spa|1\n|move|p1b: Femboy|Drain Punch|p2a: Ting-Lu\n|-supereffective|p2a: Ting-Lu\n|-damage|p2a: Ting-Lu|0 fnt\n|faint|p2a: Ting-Lu\n|\n|win|PeterVGCGriffin\n|c|\u2606PeterVGCGriffin|gg\n|c|\u2606Smalljupiter573|gg\n|l|\u2606Smalljupiter573\n|c|\u2606PeterVGCGriffin|Did you like my team?\n|l|\u2606PeterVGCGriffin\n|j|\u2606Smalljupiter573\n|player|p2|Smalljupiter573|169\n","uploadtime":1683945932,"views":39,"p1id":"petervgcgriffin","p2id":"smalljupiter573","formatid":"gen9vgc2023regulationc","rating":0,"private":0,"password":""}