{"id":"gen9vgc2023regulationc-1861199864","p1":"Tickz","p2":"Dragonite8723","format":"[Gen 9] VGC 2023 Regulation C","log":"|j|\u2606Tickz\n|j|\u2606Dragonite8723\n|t:|1683735258\n|gametype|doubles\n|player|p1|Tickz|266|1142\n|player|p2|Dragonite8723|265|1069\n|teamsize|p1|6\n|teamsize|p2|6\n|gen|9\n|tier|[Gen 9] VGC 2023 Regulation C\n|rated|\n|rule|Species Clause: Limit one of each Pok\u00e9mon\n|rule|Item Clause: Limit one of each item\n|clearpoke\n|poke|p1|Talonflame, L50, M|\n|poke|p1|Great Tusk, L50|\n|poke|p1|Arcanine, L50, F|\n|poke|p1|Flutter Mane, L50|\n|poke|p1|Iron Bundle, L50|\n|poke|p1|Chien-Pao, L50|\n|poke|p2|Sylveon, L50, M|\n|poke|p2|Slither Wing, L50|\n|poke|p2|Torkoal, L50, M|\n|poke|p2|Dachsbun, L50, F|\n|poke|p2|Farigiraf, L50, F|\n|poke|p2|Iron Hands, L50|\n|teampreview|4\n|inactive|Battle timer is ON: inactive players will automatically lose when time's up. (requested by Tickz)\n|\n|t:|1683735288\n|start\n|switch|p1a: Talonflame|Talonflame, L50, M|100\/100\n|switch|p1b: Flutter Mane|Flutter Mane, L50|100\/100\n|switch|p2a: Farigiraf|Farigiraf, L50, F|100\/100\n|switch|p2b: Iron Hands|Iron Hands, L50|100\/100\n|turn|1\n|\n|t:|1683735312\n|-terastallize|p1b: Flutter Mane|Ghost\n|move|p2b: Iron Hands|Fake Out|p1a: Talonflame\n|-damage|p1a: Talonflame|79\/100\n|move|p1b: Flutter Mane|Moonblast|p2b: Iron Hands\n|-supereffective|p2b: Iron Hands\n|-damage|p2b: Iron Hands|0 fnt\n|faint|p2b: Iron Hands\n|-end|p2b: Iron Hands|Quark Drive|[silent]\n|move|p1a: Talonflame|Taunt|p2a: Farigiraf\n|-start|p2a: Farigiraf|move: Taunt\n|-enditem|p2a: Farigiraf|Mental Herb\n|-end|p2a: Farigiraf|move: Taunt\n|move|p2a: Farigiraf|Trick Room|p2a: Farigiraf\n|-fieldstart|move: Trick Room|[of] p2a: Farigiraf\n|\n|upkeep\n|inactive|Dragonite8723 has 30 seconds left.\n|\n|t:|1683735338\n|switch|p2b: Torkoal|Torkoal, L50, M|100\/100\n|-weather|SunnyDay|[from] ability: Drought|[of] p2b: Torkoal\n|-activate|p1b: Flutter Mane|ability: Protosynthesis\n|-start|p1b: Flutter Mane|protosynthesisspe\n|turn|2\n|\n|t:|1683735360\n|move|p2b: Torkoal|Heat Wave|p1a: Talonflame|[spread] p1a,p1b\n|-resisted|p1a: Talonflame\n|-crit|p1a: Talonflame\n|-damage|p1a: Talonflame|42\/100\n|-damage|p1b: Flutter Mane|57\/100\n|move|p2a: Farigiraf|Shadow Ball|p1b: Flutter Mane\n|-supereffective|p1b: Flutter Mane\n|-crit|p1b: Flutter Mane\n|-damage|p1b: Flutter Mane|0 fnt\n|faint|p1b: Flutter Mane\n|-end|p1b: Flutter Mane|Protosynthesis|[silent]\n|move|p1a: Talonflame|Brave Bird|p2b: Torkoal\n|-damage|p2b: Torkoal|75\/100\n|-damage|p1a: Talonflame|34\/100|[from] Recoil\n|\n|-weather|SunnyDay|[upkeep]\n|upkeep\n|\n|t:|1683735370\n|switch|p1b: Great Tusk|Great Tusk, L50|100\/100\n|-activate|p1b: Great Tusk|ability: Protosynthesis\n|-start|p1b: Great Tusk|protosynthesisatk\n|turn|3\n|\n|t:|1683735387\n|switch|p2a: Dachsbun|Dachsbun, L50, F|100\/100\n|move|p2b: Torkoal|Lava Plume|p1b: Great Tusk|[spread] p1a,p1b\n|-ability|p2a: Dachsbun|Well-Baked Body|boost\n|-boost|p2a: Dachsbun|def|2\n|-resisted|p1a: Talonflame\n|-damage|p1a: Talonflame|9\/100\n|-damage|p1b: Great Tusk|41\/100\n|move|p1a: Talonflame|Taunt|p2a: Dachsbun\n|-start|p2a: Dachsbun|move: Taunt\n|move|p1b: Great Tusk|Earthquake|p2b: Torkoal|[spread] p2a,p2b\n|-immune|p1a: Talonflame\n|-crit|p2a: Dachsbun\n|-supereffective|p2b: Torkoal\n|-damage|p2a: Dachsbun|16\/100\n|-damage|p2b: Torkoal|0 fnt\n|faint|p2b: Torkoal\n|\n|-weather|SunnyDay|[upkeep]\n|-heal|p2a: Dachsbun|22\/100|[from] item: Leftovers\n|upkeep\n|\n|t:|1683735406\n|switch|p2b: Farigiraf|Farigiraf, L50, F|100\/100\n|turn|4\n|\n|t:|1683735418\n|-end|p1b: Great Tusk|Protosynthesis|[silent]\n|switch|p1b: Iron Bundle|Iron Bundle, L50|100\/100\n|-enditem|p1b: Iron Bundle|Booster Energy\n|-activate|p1b: Iron Bundle|ability: Quark Drive|[fromitem]\n|-start|p1b: Iron Bundle|quarkdrivespe\n|move|p2b: Farigiraf|Psyshock|p1b: Iron Bundle\n|-damage|p1b: Iron Bundle|66\/100\n|move|p2a: Dachsbun|Body Press|p1a: Talonflame\n|-resisted|p1a: Talonflame\n|-damage|p1a: Talonflame|0 fnt\n|faint|p1a: Talonflame\n|\n|-weather|SunnyDay|[upkeep]\n|-heal|p2a: Dachsbun|29\/100|[from] item: Leftovers\n|upkeep\n|\n|t:|1683735427\n|switch|p1a: Great Tusk|Great Tusk, L50|41\/100\n|-activate|p1a: Great Tusk|ability: Protosynthesis\n|-start|p1a: Great Tusk|protosynthesisatk\n|turn|5\n|inactive|Dragonite8723 has 30 seconds left.\n|\n|t:|1683735459\n|move|p1b: Iron Bundle|Protect|p1b: Iron Bundle\n|-singleturn|p1b: Iron Bundle|Protect\n|move|p2b: Farigiraf|Psyshock|p1a: Great Tusk\n|-supereffective|p1a: Great Tusk\n|-damage|p1a: Great Tusk|0 fnt\n|faint|p1a: Great Tusk\n|-end|p1a: Great Tusk|Protosynthesis|[silent]\n|move|p2a: Dachsbun|Body Press|p1b: Iron Bundle\n|-activate|p1b: Iron Bundle|move: Protect\n|\n|-weather|SunnyDay|[upkeep]\n|-heal|p2a: Dachsbun|35\/100|[from] item: Leftovers\n|-end|p2a: Dachsbun|move: Taunt\n|-fieldend|move: Trick Room\n|upkeep\n|turn|6\n|\n|t:|1683735475\n|move|p2a: Dachsbun|Protect|p2a: Dachsbun\n|-singleturn|p2a: Dachsbun|Protect\n|move|p1b: Iron Bundle|Freeze-Dry|p2a: Dachsbun\n|-activate|p2a: Dachsbun|move: Protect\n|move|p2b: Farigiraf|Trick Room|p2b: Farigiraf\n|-fieldstart|move: Trick Room|[of] p2b: Farigiraf\n|\n|-weather|none\n|-heal|p2a: Dachsbun|41\/100|[from] item: Leftovers\n|upkeep\n|turn|7\n|\n|t:|1683735490\n|move|p2b: Farigiraf|Energy Ball|p1b: Iron Bundle\n|-supereffective|p1b: Iron Bundle\n|-damage|p1b: Iron Bundle|0 fnt\n|faint|p1b: Iron Bundle\n|-end|p1b: Iron Bundle|Quark Drive|[silent]\n|\n|win|Dragonite8723\n|raw|Tickz's rating: 1142 → 1112<\/strong> (-30 for losing)\n|raw|Dragonite8723's rating: 1069 → 1105<\/strong> (+36 for winning)\n","uploadtime":1683735526,"views":8,"p1id":"tickz","p2id":"dragonite8723","formatid":"gen9vgc2023regulationc","rating":1105,"private":0,"password":""}