{"id":"gen9vgc2023regulationc-1862108251","p1":"Capitan smoker","p2":"IeroTenparansu","format":"[Gen 9] VGC 2023 Regulation C","log":"|j|\u2606Capitan smoker\n|j|\u2606IeroTenparansu\n|t:|1683837800\n|gametype|doubles\n|player|p1|Capitan smoker|1|1313\n|player|p2|IeroTenparansu|madame-gen4dp|1294\n|teamsize|p1|6\n|teamsize|p2|6\n|gen|9\n|tier|[Gen 9] VGC 2023 Regulation C\n|rated|\n|rule|Species Clause: Limit one of each Pok\u00e9mon\n|rule|Item Clause: Limit one of each item\n|clearpoke\n|poke|p1|Braviary, L50, M|\n|poke|p1|Dragonite, L50, M|\n|poke|p1|Palafin, L50, M|\n|poke|p1|Torkoal, L50, M|\n|poke|p1|Lilligant, L50, F|\n|poke|p1|Great Tusk, L50|\n|poke|p2|Dondozo, L50, M|\n|poke|p2|Tatsugiri, L50, F|\n|poke|p2|Chi-Yu, L50|\n|poke|p2|Iron Bundle, L50|\n|poke|p2|Flutter Mane, L50|\n|poke|p2|Glimmora, L50, M|\n|teampreview|4\n|l|\u2606Capitan smoker\n|player|p1|\n|inactive|Battle timer is ON: inactive players will automatically lose when time's up. (requested by IeroTenparansu)\n|j|\u2606Capitan smoker\n|inactive|Capitan smoker reconnected.\n|player|p1|Capitan smoker|1\n|inactive|IeroTenparansu has 60 seconds left.\n|\n|t:|1683837858\n|start\n|switch|p1a: Braviary|Braviary, L50, M|100\/100\n|switch|p1b: Palafin|Palafin, L50, M|100\/100\n|switch|p2a: Chi-Yu|Chi-Yu, L50|100\/100\n|switch|p2b: Glimmora|Glimmora, L50, M, shiny|100\/100\n|-ability|p2a: Chi-Yu|Beads of Ruin\n|turn|1\n|inactive|IeroTenparansu has 30 seconds left.\n|\n|t:|1683837884\n|move|p1b: Palafin|Flip Turn|p2a: Chi-Yu\n|-supereffective|p2a: Chi-Yu\n|-damage|p2a: Chi-Yu|18\/100\n|\n|t:|1683837887\n|detailschange|p1b: Palafin|Palafin-Hero, L50, M\n|switch|p1b: Dragonite|Dragonite, L50, M, shiny|100\/100|[from] Flip Turn\n|move|p2a: Chi-Yu|Heat Wave|p1a: Braviary|[spread] p1a,p1b\n|-resisted|p1b: Dragonite\n|-damage|p1a: Braviary|29\/100\n|-damage|p1b: Dragonite|87\/100\n|move|p1a: Braviary|Tailwind|p1a: Braviary\n|-sidestart|p1: Capitan smoker|move: Tailwind\n|move|p2b: Glimmora|Mortal Spin|p1b: Dragonite|[spread] p1a,p1b\n|-damage|p1a: Braviary|23\/100\n|-damage|p1b: Dragonite|82\/100\n|-status|p1a: Braviary|psn\n|-status|p1b: Dragonite|psn\n|\n|-heal|p1a: Braviary|29\/100 psn|[from] item: Leftovers\n|-damage|p1a: Braviary|17\/100 psn|[from] psn\n|-damage|p1b: Dragonite|70\/100 psn|[from] psn\n|upkeep\n|turn|2\n|\n|t:|1683837910\n|move|p2a: Chi-Yu|Protect|p2a: Chi-Yu\n|-singleturn|p2a: Chi-Yu|Protect\n|move|p1a: Braviary|Close Combat|p2b: Glimmora\n|-damage|p2b: Glimmora|68\/100\n|-unboost|p1a: Braviary|def|1\n|-unboost|p1a: Braviary|spd|1\n|-activate|p2b: Glimmora|ability: Toxic Debris\n|-sidestart|p1: Capitan smoker|move: Toxic Spikes\n|move|p1b: Dragonite|Earthquake|p2a: Chi-Yu|[spread] p2b\n|-activate|p2a: Chi-Yu|move: Protect\n|-immune|p1a: Braviary\n|-supereffective|p2b: Glimmora\n|-damage|p2b: Glimmora|0 fnt\n|-activate|p2b: Glimmora|ability: Toxic Debris\n|-sidestart|p1: Capitan smoker|move: Toxic Spikes\n|faint|p2b: Glimmora\n|\n|-heal|p1a: Braviary|23\/100 psn|[from] item: Leftovers\n|-damage|p1a: Braviary|11\/100 psn|[from] psn\n|-damage|p1b: Dragonite|58\/100 psn|[from] psn\n|upkeep\n|\n|t:|1683837927\n|switch|p2b: Dondozo|Dondozo, L50, M|100\/100\n|turn|3\n|\n|t:|1683837935\n|move|p2b: Dondozo|Protect|p2b: Dondozo\n|-singleturn|p2b: Dondozo|Protect\n|move|p1b: Dragonite|Earthquake|p2a: Chi-Yu|[spread] p2a\n|-activate|p2b: Dondozo|move: Protect\n|-immune|p1a: Braviary\n|-supereffective|p2a: Chi-Yu\n|-damage|p2a: Chi-Yu|0 fnt\n|faint|p2a: Chi-Yu\n|move|p1a: Braviary|Brave Bird|p2b: Dondozo\n|-activate|p2b: Dondozo|move: Protect\n|\n|-heal|p1a: Braviary|17\/100 psn|[from] item: Leftovers\n|-damage|p1b: Dragonite|46\/100 psn|[from] psn\n|-damage|p1a: Braviary|4\/100 psn|[from] psn\n|upkeep\n|\n|t:|1683837948\n|switch|p2a: Tatsugiri|Tatsugiri, L50, F|100\/100\n|-activate|p2a: Tatsugiri|ability: Commander|[of] p2b: Dondozo\n|-boost|p2b: Dondozo|atk|2\n|-boost|p2b: Dondozo|spa|2\n|-boost|p2b: Dondozo|spe|2\n|-boost|p2b: Dondozo|def|2\n|-boost|p2b: Dondozo|spd|2\n|turn|4\n|\n|t:|1683837957\n|move|p1b: Dragonite|Earthquake|p2b: Dondozo|[spread] p2b\n|-miss|p1b: Dragonite|p2a: Tatsugiri\n|-immune|p1a: Braviary\n|-damage|p2b: Dondozo|86\/100\n|move|p1a: Braviary|Brave Bird|p2b: Dondozo\n|-damage|p2b: Dondozo|67\/100\n|-damage|p1a: Braviary|0 fnt|[from] Recoil\n|faint|p1a: Braviary\n|move|p2b: Dondozo|Wave Crash|p1b: Dragonite\n|-resisted|p1b: Dragonite\n|-damage|p1b: Dragonite|0 fnt\n|faint|p1b: Dragonite\n|-damage|p2b: Dondozo|56\/100|[from] Recoil\n|\n|-heal|p2b: Dondozo|62\/100|[from] item: Leftovers\n|-sideend|p1: Capitan smoker|move: Tailwind\n|upkeep\n|\n|t:|1683837965\n|switch|p1b: Great Tusk|Great Tusk, L50|100\/100\n|switch|p1a: Palafin|Palafin-Hero, L50, M|100\/100\n|-status|p1b: Great Tusk|tox\n|-status|p1a: Palafin|tox\n|-activate|p1a: Palafin|ability: Zero to Hero\n|turn|5\n|inactive|IeroTenparansu has 30 seconds left.\n|\n|t:|1683837991\n|-terastallize|p1b: Great Tusk|Ground\n|-terastallize|p2b: Dondozo|Grass\n|move|p1b: Great Tusk|Headlong Rush|p2b: Dondozo\n|-resisted|p2b: Dondozo\n|-damage|p2b: Dondozo|47\/100\n|-unboost|p1b: Great Tusk|def|1\n|-unboost|p1b: Great Tusk|spd|1\n|move|p2b: Dondozo|Tera Blast|p1a: Palafin\n|-supereffective|p1a: Palafin\n|-damage|p1a: Palafin|0 fnt\n|faint|p1a: Palafin\n|\n|-heal|p2b: Dondozo|53\/100|[from] item: Leftovers\n|-damage|p1b: Great Tusk|95\/100 tox|[from] psn\n|upkeep\n|turn|6\n|-message|Capitan smoker forfeited.\n|\n|win|IeroTenparansu\n|raw|Capitan smoker's rating: 1313 → 1292<\/strong> (-21 for losing)\n|raw|IeroTenparansu's rating: 1294 → 1320<\/strong> (+26 for winning)\n|l|\u2606Capitan smoker\n","uploadtime":1683838008,"views":12,"p1id":"capitansmoker","p2id":"ierotenparansu","formatid":"gen9vgc2023regulationc","rating":1292,"private":0,"password":""}