{"id":"gen9vgc2023regulationc-1851366450","p1":"gonna be ok","p2":"IntoTheWoid","format":"[Gen 9] VGC 2023 Regulation C","log":"|j|\u2606gonna be ok\n|j|\u2606IntoTheWoid\n|t:|1682439342\n|gametype|doubles\n|player|p1|gonna be ok|depotagent|\n|player|p2|IntoTheWoid|zinnia|\n|teamsize|p1|6\n|teamsize|p2|6\n|gen|9\n|tier|[Gen 9] VGC 2023 Regulation C\n|rated|Tournament battle\n|rule|Species Clause: Limit one of each Pok\u00e9mon\n|rule|Item Clause: Limit one of each item\n|clearpoke\n|poke|p1|Orthworm, L50, F|\n|poke|p1|Ting-Lu, L50|\n|poke|p1|Flutter Mane, L50|\n|poke|p1|Gyarados, L50, M|\n|poke|p1|Tyranitar, L50, M|\n|poke|p1|Scream Tail, L50|\n|poke|p2|Palafin, L50, M|\n|poke|p2|Arcanine, L50, F|\n|poke|p2|Amoonguss, L50, F|\n|poke|p2|Ting-Lu, L50|\n|poke|p2|Baxcalibur, L50, M|\n|poke|p2|Flutter Mane, L50|\n|teampreview|4\n|raw| Open Team Sheet for gonna be ok<\/summary>Orthworm @ Sitrus Berry Ability: Earth Eater Level: 50 Tera Type: Fire - Shed Tail - Iron Defense - Heavy Slam - Body Press Ting-Lu @ Assault Vest Ability: Vessel of Ruin Level: 50 Tera Type: Grass - Earthquake - Stomping Tantrum - Ruination - Heavy Slam Flutter Mane @ Choice Specs Ability: Protosynthesis Level: 50 Tera Type: Fairy - Moonblast - Dazzling Gleam - Hex - Mystical Fire Gyarados @ Lum Berry Ability: Intimidate Level: 50 Tera Type: Ground - Waterfall - Earthquake - Dragon Dance - Protect Tyranitar @ Choice Scarf Ability: Sand Stream Level: 50 Tera Type: Flying - Rock Slide - Tera Blast - Low Kick - Earthquake Scream Tail @ Booster Energy Ability: Protosynthesis Level: 50 Tera Type: Steel - Play Rough - Howl - Thunder Wave - Protect <\/details><\/div> Open Team Sheet for IntoTheWoid<\/summary>Palafin @ Mystic Water Ability: Zero to Hero Level: 50 Tera Type: Water - Protect - Wave Crash - Substitute - Jet Punch Arcanine @ Safety Goggles Ability: Intimidate Level: 50 Tera Type: Flying - Protect - Flare Blitz - Howl - Will-O-Wisp Amoonguss @ Sitrus Berry Ability: Regenerator Level: 50 Tera Type: Water - Spore - Pollen Puff - Clear Smog - Rage Powder Ting-Lu @ Assault Vest Ability: Vessel of Ruin Level: 50 Tera Type: Poison - Stomping Tantrum - Ruination - Heavy Slam - Stone Edge Baxcalibur @ Clear Amulet Ability: Thermal Exchange Level: 50 Tera Type: Poison - Protect - Icicle Crash - Glaive Rush - Ice Shard Flutter Mane @ Choice Specs Ability: Protosynthesis Level: 50 Tera Type: Fairy - Dazzling Gleam - Shadow Ball - Moonblast - Thunderbolt <\/details><\/div>\n|inactive|Battle timer is ON: inactive players will automatically lose when time's up. (requested by IntoTheWoid)\n|j|%Therazer456\n|j| Radio Free C-Side\n|j|+Gfazzo\n|inactive|gonna be ok has 60 seconds left.\n|inactive|IntoTheWoid has 60 seconds left.\n|j| asserejeee\n|\n|t:|1682439399\n|start\n|switch|p1a: Flutter Mane|Flutter Mane, L50|100\/100\n|switch|p1b: Orthworm|Orthworm, L50, F|100\/100\n|switch|p2a: Palafin|Palafin, L50, M|100\/100\n|switch|p2b: Ting-Lu|Ting-Lu, L50|100\/100\n|-ability|p2b: Ting-Lu|Vessel of Ruin\n|turn|1\n|\n|t:|1682439418\n|-end|p1a: Flutter Mane|Protosynthesis|[silent]\n|switch|p1a: Gyarados|Gyarados, L50, M|100\/100\n|-ability|p1a: Gyarados|Intimidate|boost\n|-unboost|p2a: Palafin|atk|1\n|-unboost|p2b: Ting-Lu|atk|1\n|detailschange|p2a: Palafin|Palafin-Hero, L50, M\n|switch|p2a: Flutter Mane|Flutter Mane, L50|100\/100\n|move|p1b: Orthworm|Shed Tail|p1b: Orthworm\n|-start|p1b: Orthworm|Substitute|[from] move: Shed Tail\n|-damage|p1b: Orthworm|50\/100\n|-enditem|p1b: Orthworm|Sitrus Berry|[eat]\n|-heal|p1b: Orthworm|75\/100|[from] item: Sitrus Berry\n|\n|t:|1682439435\n|switch|p1b: Ting-Lu|Ting-Lu, L50|100\/100|[from] Shed Tail\n|-ability|p1b: Ting-Lu|Vessel of Ruin\n|move|p2b: Ting-Lu|Ruination|p1b: Ting-Lu\n|-end|p1b: Ting-Lu|Substitute\n|\n|upkeep\n|turn|2\n|inactive|IntoTheWoid has 30 seconds left.\n|inactive|IntoTheWoid has 20 seconds left.\n|inactive|IntoTheWoid has 15 seconds left.\n|inactive|IntoTheWoid has 10 seconds left.\n|\n|t:|1682439483\n|-end|p2a: Flutter Mane|Protosynthesis|[silent]\n|switch|p2a: Palafin|Palafin-Hero, L50, M|100\/100\n|-activate|p2a: Palafin|ability: Zero to Hero\n|-terastallize|p1b: Ting-Lu|Grass\n|move|p1a: Gyarados|Dragon Dance|p1a: Gyarados\n|-boost|p1a: Gyarados|atk|1\n|-boost|p1a: Gyarados|spe|1\n|move|p2b: Ting-Lu|Ruination|p1b: Ting-Lu\n|-damage|p1b: Ting-Lu|50\/100\n|move|p1b: Ting-Lu|Heavy Slam|p2a: Palafin\n|-resisted|p2a: Palafin\n|-damage|p2a: Palafin|84\/100\n|\n|upkeep\n|turn|3\n|inactive|gonna be ok has 30 seconds left.\n|inactive|IntoTheWoid has 30 seconds left.\n|\n|t:|1682439511\n|switch|p2b: Baxcalibur|Baxcalibur, L50, M|100\/100\n|move|p1a: Gyarados|Waterfall|p2b: Baxcalibur\n|-resisted|p2b: Baxcalibur\n|-damage|p2b: Baxcalibur|76\/100\n|move|p2a: Palafin|Substitute|p2a: Palafin\n|-start|p2a: Palafin|Substitute\n|-damage|p2a: Palafin|59\/100\n|move|p1b: Ting-Lu|Ruination|p2a: Palafin\n|-end|p2a: Palafin|Substitute\n|\n|upkeep\n|turn|4\n|inactive|gonna be ok has 30 seconds left.\n|\n|t:|1682439545\n|move|p1a: Gyarados|Dragon Dance|p1a: Gyarados\n|-boost|p1a: Gyarados|atk|1\n|-boost|p1a: Gyarados|spe|1\n|move|p2a: Palafin|Wave Crash|p1a: Gyarados\n|-resisted|p1a: Gyarados\n|-damage|p1a: Gyarados|50\/100\n|-damage|p2a: Palafin|43\/100|[from] Recoil\n|move|p2b: Baxcalibur|Glaive Rush|p1a: Gyarados\n|-damage|p1a: Gyarados|0 fnt\n|-singlemove|p2b: Baxcalibur|Glaive Rush|[silent]\n|faint|p1a: Gyarados\n|move|p1b: Ting-Lu|Earthquake|p2a: Palafin|[spread] p2a,p2b\n|-crit|p2b: Baxcalibur\n|-damage|p2a: Palafin|13\/100\n|-damage|p2b: Baxcalibur|0 fnt\n|faint|p2b: Baxcalibur\n|\n|upkeep\n|\n|t:|1682439564\n|switch|p1a: Orthworm|Orthworm, L50, F|75\/100\n|switch|p2b: Flutter Mane|Flutter Mane, L50|100\/100\n|turn|5\n|\n|t:|1682439579\n|-end|p2b: Flutter Mane|Protosynthesis|[silent]\n|switch|p2b: Ting-Lu|Ting-Lu, L50|100\/100\n|-ability|p2b: Ting-Lu|Vessel of Ruin\n|move|p2a: Palafin|Wave Crash|p1a: Orthworm\n|-damage|p1a: Orthworm|7\/100\n|-damage|p2a: Palafin|0 fnt|[from] Recoil\n|faint|p2a: Palafin\n|move|p1a: Orthworm|Heavy Slam|p2b: Ting-Lu\n|-damage|p2b: Ting-Lu|93\/100\n|move|p1b: Ting-Lu|Earthquake|p2b: Ting-Lu|[spread] p2b\n|-heal|p1a: Orthworm|32\/100|[from] ability: Earth Eater|[of] p1b: Ting-Lu\n|-crit|p2b: Ting-Lu\n|-damage|p2b: Ting-Lu|61\/100\n|\n|upkeep\n|j| minionbanana57\n|\n|t:|1682439589\n|switch|p2a: Flutter Mane|Flutter Mane, L50|100\/100\n|turn|6\n|j| Eelstartega\n|inactive|gonna be ok has 30 seconds left.\n|inactive|IntoTheWoid has 30 seconds left.\n|l| asserejeee\n|inactive|gonna be ok has 20 seconds left.\n|inactive|IntoTheWoid has 20 seconds left.\n|\n|t:|1682439626\n|-terastallize|p2a: Flutter Mane|Fairy\n|move|p2a: Flutter Mane|Moonblast|p1a: Orthworm\n|-resisted|p1a: Orthworm\n|-damage|p1a: Orthworm|0 fnt\n|faint|p1a: Orthworm\n|move|p2b: Ting-Lu|Ruination|p1b: Ting-Lu\n|-damage|p1b: Ting-Lu|26\/100\n|move|p1b: Ting-Lu|Heavy Slam|p2a: Flutter Mane\n|-supereffective|p2a: Flutter Mane\n|-damage|p2a: Flutter Mane|9\/100\n|\n|upkeep\n|\n|t:|1682439635\n|switch|p1a: Flutter Mane|Flutter Mane, L50|100\/100\n|turn|7\n|\n|t:|1682439648\n|move|p2a: Flutter Mane|Moonblast|p1b: Ting-Lu\n|-damage|p1b: Ting-Lu|0 fnt\n|faint|p1b: Ting-Lu\n|move|p1a: Flutter Mane|Dazzling Gleam|p2b: Ting-Lu|[spread] p2a,p2b\n|-supereffective|p2b: Ting-Lu\n|-damage|p2a: Flutter Mane|0 fnt\n|-damage|p2b: Ting-Lu|36\/100\n|faint|p2a: Flutter Mane\n|-end|p2a: Flutter Mane|Protosynthesis|[silent]\n|move|p2b: Ting-Lu|Heavy Slam|p1a: Flutter Mane\n|-supereffective|p1a: Flutter Mane\n|-damage|p1a: Flutter Mane|18\/100\n|\n|upkeep\n|turn|8\n|\n|t:|1682439659\n|move|p1a: Flutter Mane|Dazzling Gleam|p2b: Ting-Lu\n|-supereffective|p2b: Ting-Lu\n|-damage|p2b: Ting-Lu|0 fnt\n|faint|p2b: Ting-Lu\n|\n|win|gonna be ok\n|n|\u2606gonna be ok|gonnabeok\n|n|\u2606IntoTheWoid|intothewoid\n|n| Therazer456|therazer456\n|n| Radio Free C-Side|radiofreecside\n|n| Gfazzo|gfazzo\n|n| minionbanana57|minionbanana57\n|n| Eelstartega|eelstartega\n","uploadtime":1682439660,"views":11,"p1id":"gonnabeok","p2id":"intothewoid","formatid":"gen9vgc2023regulationc","rating":0,"private":0,"password":""}