{"id":"gen9vgc2023regulationc-1854240715","p1":"hit my whip","p2":"Kirozvz","format":"[Gen 9] VGC 2023 Regulation C","log":"|j|\u2606hit my whip\n|j|\u2606Kirozvz\n|t:|1682787509\n|gametype|doubles\n|player|p1|hit my whip|acetrainerf-gen4dp|1313\n|player|p2|Kirozvz|lance|1220\n|teamsize|p1|6\n|teamsize|p2|6\n|gen|9\n|tier|[Gen 9] VGC 2023 Regulation C\n|rated|\n|rule|Species Clause: Limit one of each Pok\u00e9mon\n|rule|Item Clause: Limit one of each item\n|clearpoke\n|poke|p1|Iron Bundle, L50|\n|poke|p1|Abomasnow, L50, F|\n|poke|p1|Pincurchin, L50, F|\n|poke|p1|Iron Hands, L50|\n|poke|p1|Iron Moth, L50|\n|poke|p1|Iron Treads, L50|\n|poke|p2|Dondozo, L50, M|\n|poke|p2|Tatsugiri-Stretchy, L50, M|\n|poke|p2|Chi-Yu, L50|\n|poke|p2|Flutter Mane, L50|\n|poke|p2|Dragonite, L50, F|\n|poke|p2|Glimmora, L50, F|\n|teampreview|4\n|inactive|Battle timer is ON: inactive players will automatically lose when time's up. (requested by hit my whip)\n|inactive|Kirozvz has 60 seconds left.\n|\n|t:|1682787558\n|start\n|switch|p1a: Iron Moth|Iron Moth, L50|100\/100\n|switch|p1b: Iron Hands|Iron Hands, L50|100\/100\n|switch|p2a: Tatsugiri|Tatsugiri-Stretchy, L50, M|100\/100\n|switch|p2b: Chi-Yu|Chi-Yu, L50|100\/100\n|-ability|p2b: Chi-Yu|Beads of Ruin\n|turn|1\n|\n|t:|1682787581\n|-terastallize|p2a: Tatsugiri|Ghost\n|move|p2b: Chi-Yu|Protect|p2b: Chi-Yu\n|-singleturn|p2b: Chi-Yu|Protect\n|move|p1a: Iron Moth|U-turn|p2b: Chi-Yu\n|-activate|p2b: Chi-Yu|move: Protect\n|move|p2a: Tatsugiri|Muddy Water|p1a: Iron Moth|[spread] p1a\n|-miss|p2a: Tatsugiri|p1b: Iron Hands\n|-supereffective|p1a: Iron Moth\n|-damage|p1a: Iron Moth|0 fnt\n|faint|p1a: Iron Moth\n|-end|p1a: Iron Moth|Quark Drive|[silent]\n|move|p1b: Iron Hands|Wild Charge|p2b: Chi-Yu\n|-activate|p2b: Chi-Yu|move: Protect\n|\n|upkeep\n|\n|t:|1682787585\n|switch|p1a: Pincurchin|Pincurchin, L50, F|100\/100\n|-fieldstart|move: Electric Terrain|[from] ability: Electric Surge|[of] p1a: Pincurchin\n|-activate|p1b: Iron Hands|ability: Quark Drive\n|-start|p1b: Iron Hands|quarkdriveatk\n|turn|2\n|\n|t:|1682787606\n|move|p1a: Pincurchin|Sucker Punch|p2a: Tatsugiri\n|-supereffective|p2a: Tatsugiri\n|-damage|p2a: Tatsugiri|7\/100\n|-damage|p1a: Pincurchin|91\/100|[from] item: Life Orb\n|move|p2b: Chi-Yu|Flamethrower|p1b: Iron Hands\n|-damage|p1b: Iron Hands|61\/100\n|move|p2a: Tatsugiri|Muddy Water|p1a: Pincurchin|[spread] p1a,p1b\n|-damage|p1a: Pincurchin|0 fnt\n|-damage|p1b: Iron Hands|18\/100\n|faint|p1a: Pincurchin\n|move|p1b: Iron Hands|Drain Punch|p2b: Chi-Yu\n|-supereffective|p2b: Chi-Yu\n|-damage|p2b: Chi-Yu|0 fnt\n|-heal|p1b: Iron Hands|49\/100|[from] drain|[of] p2b: Chi-Yu\n|faint|p2b: Chi-Yu\n|\n|upkeep\n|\n|t:|1682787623\n|switch|p2b: Glimmora|Glimmora, L50, F|100\/100\n|switch|p1a: Iron Treads|Iron Treads, L50|100\/100\n|-activate|p1a: Iron Treads|ability: Quark Drive\n|-start|p1a: Iron Treads|quarkdrivespe\n|turn|3\n|\n|t:|1682787644\n|move|p2b: Glimmora|Spiky Shield|p2b: Glimmora\n|-singleturn|p2b: Glimmora|move: Protect\n|move|p1a: Iron Treads|Stomping Tantrum|p2a: Tatsugiri\n|-damage|p2a: Tatsugiri|0 fnt\n|faint|p2a: Tatsugiri\n|move|p1b: Iron Hands|Drain Punch|p2b: Glimmora\n|-activate|p2b: Glimmora|move: Protect\n|-damage|p1b: Iron Hands|37\/100|[from] Spiky Shield|[of] p2b: Glimmora\n|\n|upkeep\n|\n|t:|1682787653\n|switch|p2a: Flutter Mane|Flutter Mane, L50|100\/100\n|-enditem|p2a: Flutter Mane|Booster Energy\n|-activate|p2a: Flutter Mane|ability: Protosynthesis|[fromitem]\n|-start|p2a: Flutter Mane|protosynthesisspe\n|turn|4\n|\n|t:|1682787660\n|move|p2a: Flutter Mane|Protect|p2a: Flutter Mane\n|-singleturn|p2a: Flutter Mane|Protect\n|move|p1a: Iron Treads|Iron Head|p2a: Flutter Mane\n|-activate|p2a: Flutter Mane|move: Protect\n|move|p2b: Glimmora|Earth Power|p1b: Iron Hands\n|-supereffective|p1b: Iron Hands\n|-damage|p1b: Iron Hands|0 fnt\n|faint|p1b: Iron Hands\n|-end|p1b: Iron Hands|Quark Drive|[silent]\n|\n|upkeep\n|turn|5\n|\n|t:|1682787674\n|-terastallize|p1a: Iron Treads|Ground\n|move|p2a: Flutter Mane|Substitute|p2a: Flutter Mane\n|-start|p2a: Flutter Mane|Substitute\n|-damage|p2a: Flutter Mane|76\/100\n|move|p1a: Iron Treads|Iron Head|p2a: Flutter Mane\n|-supereffective|p2a: Flutter Mane\n|-end|p2a: Flutter Mane|Substitute\n|move|p2b: Glimmora|Earth Power|p1a: Iron Treads\n|-damage|p1a: Iron Treads|51\/100\n|\n|upkeep\n|turn|6\n|-message|hit my whip forfeited.\n|\n|win|Kirozvz\n|raw|hit my whip's rating: 1313 → 1288<\/strong> (-25 for losing)\n|raw|Kirozvz's rating: 1220 → 1252<\/strong> (+32 for winning)\n|l|\u2606hit my whip\n","uploadtime":1682787685,"views":17,"p1id":"hitmywhip","p2id":"kirozvz","formatid":"gen9vgc2023regulationc","rating":1252,"private":0,"password":""}