{"id":"gen9vgc2023regulationc-1845499001","p1":"Pkmushroom","p2":"duff72","format":"[Gen 9] VGC 2023 Regulation C","log":"|j|\u2606Pkmushroom\n|j|\u2606duff72\n|t:|1681739683\n|gametype|doubles\n|player|p1|Pkmushroom|red|1132\n|player|p2|duff72|170|1034\n|teamsize|p1|5\n|teamsize|p2|6\n|gen|9\n|tier|[Gen 9] VGC 2023 Regulation C\n|rated|\n|rule|Species Clause: Limit one of each Pok\u00e9mon\n|rule|Item Clause: Limit one of each item\n|clearpoke\n|poke|p1|Umbreon, L50, M|\n|poke|p1|Chien-Pao, L50|\n|poke|p1|Dragapult, L50, M|\n|poke|p1|Tauros-Paldea-Aqua, L50, M|\n|poke|p1|Ceruledge, L50, F|\n|poke|p2|Flutter Mane, L50|\n|poke|p2|Spidops, L50, M|\n|poke|p2|Gyarados, L50, M|\n|poke|p2|Ting-Lu, L50|\n|poke|p2|Luxray, L50, F|\n|poke|p2|Slither Wing, L50|\n|teampreview|4\n|\n|t:|1681739704\n|start\n|switch|p1a: Ceruledge|Ceruledge, L50, F, shiny|100\/100\n|switch|p1b: Tauros|Tauros-Paldea-Aqua, L50, M|100\/100\n|switch|p2a: Gyarados|Gyarados, L50, M|100\/100\n|switch|p2b: Luxray|Luxray, L50, F|100\/100\n|-ability|p1b: Tauros|Intimidate|boost\n|-unboost|p2a: Gyarados|atk|1\n|-unboost|p2b: Luxray|atk|1\n|-ability|p2a: Gyarados|Intimidate|boost\n|-unboost|p1a: Ceruledge|atk|1\n|-unboost|p1b: Tauros|atk|1\n|-ability|p2b: Luxray|Intimidate|boost\n|-unboost|p1a: Ceruledge|atk|1\n|-unboost|p1b: Tauros|atk|1\n|turn|1\n|\n|t:|1681739738\n|switch|p1a: Dragapult|Dragapult, L50, M|100\/100\n|move|p1b: Tauros|Bulldoze|p2b: Luxray|[spread] p1a,p2b\n|-immune|p2a: Gyarados\n|-supereffective|p2b: Luxray\n|-damage|p1a: Dragapult|91\/100\n|-damage|p2b: Luxray|86\/100\n|-unboost|p2b: Luxray|spe|1\n|move|p2a: Gyarados|Waterfall|p1a: Dragapult\n|-resisted|p1a: Dragapult\n|-damage|p1a: Dragapult|68\/100\n|-damage|p2a: Gyarados|90\/100|[from] item: Life Orb\n|move|p2b: Luxray|Volt Switch|p1b: Tauros\n|-supereffective|p1b: Tauros\n|-damage|p1b: Tauros|51\/100\n|\n|t:|1681739758\n|switch|p2b: Slither Wing|Slither Wing, L50|100\/100|[from] Volt Switch\n|-enditem|p2b: Slither Wing|Booster Energy\n|-activate|p2b: Slither Wing|ability: Protosynthesis|[fromitem]\n|-start|p2b: Slither Wing|protosynthesisatk\n|\n|upkeep\n|turn|2\n|l|\u2606Pkmushroom\n|player|p1|\n|j|\u2606Pkmushroom\n|player|p1|Pkmushroom|red\n|\n|t:|1681739838\n|switch|p1b: Chien-Pao|Chien-Pao, L50|100\/100\n|-ability|p1b: Chien-Pao|Sword of Ruin\n|-terastallize|p1a: Dragapult|Dragon\n|move|p1a: Dragapult|Dragon Darts|p2a: Gyarados\n|-damage|p2a: Gyarados|0 fnt\n|-anim|p1a: Dragapult|Dragon Darts|p2b: Slither Wing\n|-damage|p2b: Slither Wing|13\/100\n|faint|p2a: Gyarados\n|move|p2b: Slither Wing|Lunge|p1b: Chien-Pao\n|-supereffective|p1b: Chien-Pao\n|-enditem|p1b: Chien-Pao|Focus Sash\n|-damage|p1b: Chien-Pao|1\/100\n|-unboost|p1b: Chien-Pao|atk|1\n|\n|upkeep\n|\n|t:|1681739853\n|switch|p2a: Luxray|Luxray, L50, F|86\/100\n|-ability|p2a: Luxray|Intimidate|boost\n|-fail|p1a: Dragapult|unboost|[from] ability: Clear Body|[of] p1a: Dragapult\n|-unboost|p1b: Chien-Pao|atk|1\n|turn|3\n|\n|t:|1681739877\n|move|p1b: Chien-Pao|Protect|p1b: Chien-Pao\n|-singleturn|p1b: Chien-Pao|Protect\n|move|p1a: Dragapult|Dragon Darts|p2b: Slither Wing\n|-damage|p2b: Slither Wing|0 fnt\n|-anim|p1a: Dragapult|Dragon Darts|p2a: Luxray\n|-damage|p2a: Luxray|14\/100\n|-enditem|p2a: Luxray|Sitrus Berry|[eat]\n|-heal|p2a: Luxray|38\/100|[from] item: Sitrus Berry\n|faint|p2b: Slither Wing\n|-end|p2b: Slither Wing|Protosynthesis|[silent]\n|move|p2a: Luxray|Snarl|p1a: Dragapult|[spread] p1a\n|-activate|p1b: Chien-Pao|move: Protect\n|-damage|p1a: Dragapult|55\/100\n|\n|upkeep\n|\n|t:|1681739889\n|switch|p2b: Spidops|Spidops, L50, M|100\/100\n|turn|4\n|c|\u2606Pkmushroom|You where looking for firstimpression maybe\n|c|\u2606Pkmushroom|????\n|\n|t:|1681739919\n|move|p1b: Chien-Pao|Haze|p1b: Chien-Pao\n|-clearallboost\n|move|p1a: Dragapult|Dragon Darts|p2a: Luxray\n|-damage|p2a: Luxray|0 fnt\n|-anim|p1a: Dragapult|Dragon Darts|p2b: Spidops\n|-damage|p2b: Spidops|32\/100\n|faint|p2a: Luxray\n|move|p2b: Spidops|Lunge|p1b: Chien-Pao\n|-supereffective|p1b: Chien-Pao\n|-damage|p1b: Chien-Pao|0 fnt\n|faint|p1b: Chien-Pao\n|\n|upkeep\n|c|\u2606duff72|stfu noob\n|\n|t:|1681739930\n|switch|p1b: Ceruledge|Ceruledge, L50, F, shiny|100\/100\n|turn|5\n|c|\u2606Pkmushroom|...\n|\n|t:|1681739957\n|switch|p1b: Tauros|Tauros-Paldea-Aqua, L50, M|51\/100\n|-ability|p1b: Tauros|Intimidate|boost\n|-unboost|p2b: Spidops|atk|1\n|move|p2b: Spidops|Silk Trap|p2b: Spidops\n|-singleturn|p2b: Spidops|Protect\n|move|p1a: Dragapult|Dragon Darts|p2b: Spidops\n|-activate|p2b: Spidops|move: Protect\n|\n|upkeep\n|turn|6\n|\n|t:|1681739970\n|switch|p1b: Ceruledge|Ceruledge, L50, F, shiny|100\/100\n|move|p2b: Spidops|Silk Trap||[still]\n|-fail|p2b: Spidops\n|move|p1a: Dragapult|Dragon Darts|p2b: Spidops\n|-damage|p2b: Spidops|0 fnt\n|faint|p2b: Spidops\n|\n|win|Pkmushroom\n|raw|Pkmushroom's rating: 1132 → 1150<\/strong> (+18 for winning)\n|raw|duff72's rating: 1034 → 1023<\/strong> (-11 for losing)\n|l|\u2606duff72\n","uploadtime":1681740047,"views":11,"p1id":"pkmushroom","p2id":"duff72","formatid":"gen9vgc2023regulationc","rating":1023,"private":0,"password":""}