{"id":"gen9vgc2023regulationc-1861324166","p1":"DjPr1me","p2":"Pig worm","format":"[Gen 9] VGC 2023 Regulation C","log":"|j|\u2606DjPr1me\n|j|\u2606Pig worm\n|t:|1683745968\n|gametype|doubles\n|player|p1|DjPr1me|acetrainer|1276\n|player|p2|Pig worm|colress|1163\n|teamsize|p1|6\n|teamsize|p2|6\n|gen|9\n|tier|[Gen 9] VGC 2023 Regulation C\n|rated|\n|rule|Species Clause: Limit one of each Pok\u00e9mon\n|rule|Item Clause: Limit one of each item\n|clearpoke\n|poke|p1|Amoonguss, L50, M|\n|poke|p1|Arcanine, L50, F|\n|poke|p1|Kilowattrel, L50, F|\n|poke|p1|Baxcalibur, L50, M|\n|poke|p1|Maushold, L50|\n|poke|p1|Sylveon, L50, F|\n|poke|p2|Iron Bundle, L50|\n|poke|p2|Tyranitar, L50, F|\n|poke|p2|Wo-Chien, L50|\n|poke|p2|Glimmora, L50, F|\n|poke|p2|Gyarados, L50, M|\n|poke|p2|Flutter Mane, L50|\n|teampreview|4\n|inactive|Battle timer is ON: inactive players will automatically lose when time's up. (requested by DjPr1me)\nPig worm rejected open team sheets.\n|inactive|DjPr1me has 60 seconds left.\n|\n|t:|1683746010\n|start\n|switch|p1a: Arcanine|Arcanine, L50, F|100\/100\n|switch|p1b: Sylveon|Sylveon, L50, F|100\/100\n|switch|p2a: Gyarados|Gyarados, L50, M|100\/100\n|switch|p2b: Wo-Chien|Wo-Chien, L50|100\/100\n|-ability|p2a: Gyarados|Intimidate|boost\n|-unboost|p1a: Arcanine|atk|1\n|-unboost|p1b: Sylveon|atk|1\n|-ability|p1a: Arcanine|Intimidate|boost\n|-unboost|p2a: Gyarados|atk|1\n|-unboost|p2b: Wo-Chien|atk|1\n|-ability|p2b: Wo-Chien|Tablets of Ruin\n|turn|1\n|inactive|Pig worm has 30 seconds left.\n|\n|t:|1683746036\n|switch|p1a: Amoonguss|Amoonguss, L50, M|100\/100\n|-terastallize|p2b: Wo-Chien|Water\n|move|p1b: Sylveon|Protect|p1b: Sylveon\n|-singleturn|p1b: Sylveon|Protect\n|move|p2a: Gyarados|Waterfall|p1b: Sylveon\n|-activate|p1b: Sylveon|move: Protect\n|move|p2b: Wo-Chien|Leech Seed|p1b: Sylveon\n|-activate|p1b: Sylveon|move: Protect\n|\n|upkeep\n|turn|2\n|inactive|DjPr1me has 30 seconds left.\n|\n|t:|1683746063\n|switch|p1b: Arcanine|Arcanine, L50, F|100\/100\n|-ability|p1b: Arcanine|Intimidate|boost\n|-unboost|p2a: Gyarados|atk|1\n|-unboost|p2b: Wo-Chien|atk|1\n|move|p2a: Gyarados|Taunt|p1a: Amoonguss\n|-start|p1a: Amoonguss|move: Taunt\n|move|p2b: Wo-Chien|Leech Seed|p1b: Arcanine\n|-start|p1b: Arcanine|move: Leech Seed\n|cant|p1a: Amoonguss|move: Taunt|Spore\n|\n|-damage|p1b: Arcanine|88\/100|[from] Leech Seed|[of] p2b: Wo-Chien\n|upkeep\n|turn|3\n|\n|t:|1683746087\n|switch|p1b: Sylveon|Sylveon, L50, F|100\/100\n|move|p2a: Gyarados|Icy Wind|p1a: Amoonguss|[spread] p1a,p1b\n|-supereffective|p1a: Amoonguss\n|-damage|p1a: Amoonguss|91\/100\n|-damage|p1b: Sylveon|96\/100\n|-unboost|p1a: Amoonguss|spe|1\n|-unboost|p1b: Sylveon|spe|1\n|move|p2b: Wo-Chien|Foul Play|p1b: Sylveon\n|-resisted|p1b: Sylveon\n|-damage|p1b: Sylveon|88\/100\n|move|p1a: Amoonguss|Pollen Puff|p1b: Sylveon\n|-heal|p1b: Sylveon|100\/100\n|\n|upkeep\n|turn|4\n|\n|t:|1683746105\n|move|p2a: Gyarados|Thunder Wave|p1a: Amoonguss\n|-status|p1a: Amoonguss|par\n|move|p2b: Wo-Chien|Leech Seed|p1b: Sylveon\n|-start|p1b: Sylveon|move: Leech Seed\n|move|p1b: Sylveon|Calm Mind|p1b: Sylveon\n|-boost|p1b: Sylveon|spa|1\n|-boost|p1b: Sylveon|spd|1\n|move|p1a: Amoonguss|Pollen Puff|p1b: Sylveon\n|-immune|p1b: Sylveon\n|\n|-damage|p1b: Sylveon|88\/100|[from] Leech Seed|[of] p2b: Wo-Chien\n|-end|p1a: Amoonguss|move: Taunt\n|upkeep\n|turn|5\n|\n|t:|1683746126\n|switch|p2b: Glimmora|Glimmora, L50, F|100\/100\n|move|p1a: Amoonguss|Protect|p1a: Amoonguss\n|-singleturn|p1a: Amoonguss|Protect\n|move|p2a: Gyarados|Taunt|p1a: Amoonguss\n|-activate|p1a: Amoonguss|move: Protect\n|move|p1b: Sylveon|Hyper Voice|p2a: Gyarados|[spread] p2a,p2b\n|-resisted|p2b: Glimmora\n|-damage|p2a: Gyarados|58\/100\n|-damage|p2b: Glimmora|86\/100\n|\n|-heal|p1b: Sylveon|94\/100|[from] item: Leftovers\n|-damage|p1b: Sylveon|82\/100|[from] Leech Seed|[of] p2b: Glimmora\n|-heal|p2b: Glimmora|99\/100|[silent]\n|upkeep\n|turn|6\n|\n|t:|1683746149\n|move|p2a: Gyarados|Taunt|p1a: Amoonguss\n|-start|p1a: Amoonguss|move: Taunt\n|move|p2b: Glimmora|Sludge Bomb|p1b: Sylveon\n|-supereffective|p1b: Sylveon\n|-damage|p1b: Sylveon|40\/100\n|move|p1b: Sylveon|Hyper Voice|p2a: Gyarados|[spread] p2a,p2b\n|-resisted|p2b: Glimmora\n|-damage|p2a: Gyarados|17\/100\n|-damage|p2b: Glimmora|84\/100\n|-enditem|p2a: Gyarados|Sitrus Berry|[eat]\n|-heal|p2a: Gyarados|42\/100|[from] item: Sitrus Berry\n|move|p1a: Amoonguss|Pollen Puff|p1b: Sylveon\n|-heal|p1b: Sylveon|90\/100\n|\n|-heal|p1b: Sylveon|96\/100|[from] item: Leftovers\n|-damage|p1b: Sylveon|84\/100|[from] Leech Seed|[of] p2b: Glimmora\n|-heal|p2b: Glimmora|96\/100|[silent]\n|upkeep\n|turn|7\n|inactive|Pig worm has 30 seconds left.\n|\n|t:|1683746176\n|move|p2a: Gyarados|Waterfall|p1b: Sylveon\n|-damage|p1b: Sylveon|70\/100\n|move|p2b: Glimmora|Mortal Spin|p1a: Amoonguss|[spread] p1a,p1b\n|-supereffective|p1b: Sylveon\n|-damage|p1a: Amoonguss|87\/100 par\n|-damage|p1b: Sylveon|63\/100\n|-status|p1b: Sylveon|psn\n|-damage|p2b: Glimmora|80\/100|[from] item: Rocky Helmet|[of] p1a: Amoonguss\n|move|p1b: Sylveon|Hyper Voice|p2b: Glimmora|[spread] p2a,p2b\n|-resisted|p2b: Glimmora\n|-damage|p2a: Gyarados|0 fnt\n|-damage|p2b: Glimmora|66\/100\n|faint|p2a: Gyarados\n|cant|p1a: Amoonguss|par\n|\n|-heal|p1b: Sylveon|69\/100 psn|[from] item: Leftovers\n|-damage|p1b: Sylveon|57\/100 psn|[from] Leech Seed|[of] p2b: Glimmora\n|-heal|p2b: Glimmora|78\/100|[silent]\n|-damage|p1b: Sylveon|45\/100 psn|[from] psn\n|upkeep\n|\n|t:|1683746188\n|switch|p2a: Flutter Mane|Flutter Mane, L50|100\/100\n|-enditem|p2a: Flutter Mane|Booster Energy\n|-activate|p2a: Flutter Mane|ability: Protosynthesis|[fromitem]\n|-start|p2a: Flutter Mane|protosynthesisspe\n|turn|8\n|inactive|DjPr1me has 30 seconds left.\n|\n|t:|1683746217\n|switch|p1a: Arcanine|Arcanine, L50, F|88\/100\n|-ability|p1a: Arcanine|Intimidate|boost\n|-unboost|p2a: Flutter Mane|atk|1\n|-unboost|p2b: Glimmora|atk|1\n|move|p2a: Flutter Mane|Substitute|p2a: Flutter Mane\n|-start|p2a: Flutter Mane|Substitute\n|-damage|p2a: Flutter Mane|76\/100\n|move|p2b: Glimmora|Sludge Bomb|p1b: Sylveon\n|-supereffective|p1b: Sylveon\n|-damage|p1b: Sylveon|0 fnt\n|faint|p1b: Sylveon\n|\n|upkeep\n|\n|t:|1683746232\n|switch|p1b: Baxcalibur|Baxcalibur, L50, M|100\/100\n|turn|9\n|\n|t:|1683746247\n|switch|p1a: Amoonguss|Amoonguss, L50, M|100\/100 par\n|move|p1b: Baxcalibur|Protect|p1b: Baxcalibur\n|-singleturn|p1b: Baxcalibur|Protect\n|move|p2a: Flutter Mane|Dazzling Gleam|p1b: Baxcalibur|[spread] p1a\n|-activate|p1b: Baxcalibur|move: Protect\n|-resisted|p1a: Amoonguss\n|-damage|p1a: Amoonguss|87\/100 par\n|move|p2b: Glimmora|Mortal Spin|p1b: Baxcalibur|[spread] p1a\n|-activate|p1b: Baxcalibur|move: Protect\n|-damage|p1a: Amoonguss|85\/100 par\n|-damage|p2b: Glimmora|62\/100|[from] item: Rocky Helmet|[of] p1a: Amoonguss\n|\n|upkeep\n|turn|10\n|inactive|DjPr1me has 30 seconds left.\n|\n|t:|1683746273\n|-terastallize|p1b: Baxcalibur|Electric\n|move|p2a: Flutter Mane|Dazzling Gleam|p1b: Baxcalibur|[spread] p1a,p1b\n|-resisted|p1a: Amoonguss\n|-damage|p1a: Amoonguss|72\/100 par\n|-damage|p1b: Baxcalibur|71\/100\n|move|p1b: Baxcalibur|Dragon Dance|p1b: Baxcalibur\n|-boost|p1b: Baxcalibur|atk|1\n|-boost|p1b: Baxcalibur|spe|1\n|move|p2b: Glimmora|Mortal Spin|p1b: Baxcalibur|[spread] p1a,p1b\n|-damage|p1a: Amoonguss|69\/100 par\n|-damage|p1b: Baxcalibur|68\/100\n|-status|p1b: Baxcalibur|psn\n|-damage|p2b: Glimmora|46\/100|[from] item: Rocky Helmet|[of] p1a: Amoonguss\n|move|p1a: Amoonguss|Spore|p2b: Glimmora\n|-status|p2b: Glimmora|slp|[from] move: Spore\n|\n|-damage|p1b: Baxcalibur|56\/100 psn|[from] psn\n|upkeep\n|turn|11\n|\n|t:|1683746296\n|move|p2a: Flutter Mane|Shadow Ball|p1b: Baxcalibur\n|-damage|p1b: Baxcalibur|21\/100 psn\n|move|p1b: Baxcalibur|Icicle Spear|p2a: Flutter Mane\n|-end|p2a: Flutter Mane|Substitute\n|-damage|p2a: Flutter Mane|42\/100\n|-damage|p2a: Flutter Mane|5\/100\n|-damage|p2a: Flutter Mane|0 fnt\n|faint|p2a: Flutter Mane\n|-end|p2a: Flutter Mane|Protosynthesis|[silent]\n|-hitcount|p2: Flutter Mane|4\n|cant|p2b: Glimmora|slp\n|cant|p1a: Amoonguss|par\n|\n|-damage|p1b: Baxcalibur|9\/100 psn|[from] psn\n|upkeep\n|\n|t:|1683746304\n|switch|p2a: Wo-Chien|Wo-Chien, L50, tera:Water|100\/100\n|-ability|p2a: Wo-Chien|Tablets of Ruin\n|turn|12\n|\n|t:|1683746323\n|move|p2a: Wo-Chien|Protect|p2a: Wo-Chien\n|-singleturn|p2a: Wo-Chien|Protect\n|move|p1b: Baxcalibur|Tera Blast|p2a: Wo-Chien\n|-activate|p2a: Wo-Chien|move: Protect\n|cant|p2b: Glimmora|slp\n|move|p1a: Amoonguss|Pollen Puff|p1b: Baxcalibur\n|-heal|p1b: Baxcalibur|59\/100 psn\n|\n|-damage|p1b: Baxcalibur|46\/100 psn|[from] psn\n|upkeep\n|turn|13\n|\n|t:|1683746348\n|move|p1b: Baxcalibur|Icicle Spear|p2b: Glimmora\n|-damage|p2b: Glimmora|33\/100 slp\n|-activate|p2b: Glimmora|ability: Toxic Debris\n|-sidestart|p1: DjPr1me|move: Toxic Spikes\n|-damage|p2b: Glimmora|19\/100 slp\n|-activate|p2b: Glimmora|ability: Toxic Debris\n|-sidestart|p1: DjPr1me|move: Toxic Spikes\n|-damage|p2b: Glimmora|6\/100 slp\n|-damage|p2b: Glimmora|0 fnt\n|faint|p2b: Glimmora\n|-hitcount|p2: Glimmora|4\n|move|p2a: Wo-Chien|Foul Play|p1b: Baxcalibur\n|-damage|p1b: Baxcalibur|0 fnt\n|faint|p1b: Baxcalibur\n|cant|p1a: Amoonguss|par\n|\n|upkeep\n|\n|t:|1683746365\n|switch|p1b: Arcanine|Arcanine, L50, F|88\/100\n|-status|p1b: Arcanine|tox\n|-ability|p1b: Arcanine|Intimidate|boost\n|-unboost|p2a: Wo-Chien|atk|1\n|turn|14\n|\n|t:|1683746374\n|move|p1b: Arcanine|Protect|p1b: Arcanine\n|-singleturn|p1b: Arcanine|Protect\n|move|p2a: Wo-Chien|Leech Seed|p1b: Arcanine\n|-activate|p1b: Arcanine|move: Protect\n|cant|p1a: Amoonguss|par\n|\n|-damage|p1b: Arcanine|82\/100 tox|[from] psn\n|upkeep\n|turn|15\n|\n|t:|1683746388\n|cant|p1a: Amoonguss|par\n|move|p1b: Arcanine|Howl|p1b: Arcanine|[spread] p1a,p1b\n|-boost|p1a: Amoonguss|atk|1\n|-boost|p1b: Arcanine|atk|1\n|move|p2a: Wo-Chien|Leech Seed|p1b: Arcanine\n|-start|p1b: Arcanine|move: Leech Seed\n|\n|-damage|p1b: Arcanine|70\/100 tox|[from] Leech Seed|[of] p2a: Wo-Chien\n|-damage|p1b: Arcanine|58\/100 tox|[from] psn\n|upkeep\n|turn|16\n|c|\u2606DjPr1me|Fuck\n|c|\u2606DjPr1me|Fucking fuxk fuck\n|n|\u203dDjPr1me|djpr1me\n|c|&|\/log DjPr1me was locked from talking by Artemis. (\u2606DjPr1me: Fucking fuxk fuck)\n|c|&|\/raw This action was done automatically. Want to learn more about the AI? Visit the information thread<\/a>.<\/small>\n|n|\u2606DjPr1me|djpr1me\n|inactive|DjPr1me has 30 seconds left.\n|c|\u2606Pig worm|naughty boy\n|inactive|DjPr1me has 20 seconds left.\n|c|\u2606DjPr1me|Screw this\n|inactive|DjPr1me has 15 seconds left.\n|-message|DjPr1me forfeited.\n|\n|win|Pig worm\n|raw|DjPr1me's rating: 1276 → 1243<\/strong> (-33 for losing)\n|raw|Pig worm's rating: 1163 → 1196<\/strong> (+33 for winning)\n","uploadtime":1683746400,"views":9,"p1id":"djpr1me","p2id":"pigworm","formatid":"gen9vgc2023regulationc","rating":1196,"private":0,"password":""}