{"id":"gen9vgc2023regulationc-1851220147","p1":"ly14","p2":"haha u rage quit","format":"[Gen 9] VGC 2023 Regulation C","log":"|j|\u2606ly14\n|j|\u2606haha u rage quit\n|t:|1682426473\n|gametype|doubles\n|player|p1|ly14|hoopster|1268\n|player|p2|haha u rage quit|pokemaniac|1214\n|teamsize|p1|6\n|teamsize|p2|6\n|gen|9\n|tier|[Gen 9] VGC 2023 Regulation C\n|rated|\n|rule|Species Clause: Limit one of each Pok\u00e9mon\n|rule|Item Clause: Limit one of each item\n|clearpoke\n|poke|p1|Annihilape, L50, F|\n|poke|p1|Amoonguss, L50, M|\n|poke|p1|Palafin, L50, M|\n|poke|p1|Maushold, L50|\n|poke|p1|Ting-Lu, L50|\n|poke|p1|Arcanine, L50, M|\n|poke|p2|Iron Bundle, L50|\n|poke|p2|Abomasnow, L50, M|\n|poke|p2|Indeedee-F, L50, F|\n|poke|p2|Armarouge, L50, M|\n|poke|p2|Tatsugiri, L50, M|\n|poke|p2|Dondozo, L50, M|\n|teampreview|4\n|inactive|Battle timer is ON: inactive players will automatically lose when time's up. (requested by ly14)\n|\n|t:|1682426490\n|start\n|switch|p1a: Ting-Lu|Ting-Lu, L50|100\/100\n|switch|p1b: Palafin|Palafin, L50, M, shiny|100\/100\n|switch|p2a: Iron Bundle|Iron Bundle, L50, shiny|100\/100\n|switch|p2b: Abomasnow|Abomasnow, L50, M|100\/100\n|-ability|p1a: Ting-Lu|Vessel of Ruin\n|-weather|Snow|[from] ability: Snow Warning|[of] p2b: Abomasnow\n|-enditem|p2a: Iron Bundle|Booster Energy\n|-activate|p2a: Iron Bundle|ability: Quark Drive|[fromitem]\n|-start|p2a: Iron Bundle|quarkdrivespe\n|turn|1\n|j| DeznanRoll\n|inactive|ly14 has 30 seconds left.\n|\n|t:|1682426517\n|detailschange|p1b: Palafin|Palafin-Hero, L50, M, shiny\n|switch|p1b: Arcanine|Arcanine, L50, M|100\/100\n|-ability|p1b: Arcanine|Intimidate|boost\n|-unboost|p2a: Iron Bundle|atk|1\n|-unboost|p2b: Abomasnow|atk|1\n|-terastallize|p1a: Ting-Lu|Poison\n|move|p2a: Iron Bundle|Blizzard|p1a: Ting-Lu|[spread] p1a,p1b\n|-resisted|p1b: Arcanine\n|-damage|p1a: Ting-Lu|85\/100\n|-damage|p1b: Arcanine|83\/100\n|-status|p1b: Arcanine|frz\n|move|p1a: Ting-Lu|Ruination|p2b: Abomasnow\n|-damage|p2b: Abomasnow|50\/100\n|move|p2b: Abomasnow|Blizzard|p1b: Arcanine|[spread] p1a,p1b\n|-resisted|p1b: Arcanine\n|-damage|p1a: Ting-Lu|73\/100\n|-damage|p1b: Arcanine|68\/100 frz\n|\n|-weather|Snow|[upkeep]\n|upkeep\n|turn|2\n|\n|t:|1682426539\n|cant|p1b: Arcanine|frz\n|move|p2a: Iron Bundle|Hydro Pump|p1b: Arcanine\n|-supereffective|p1b: Arcanine\n|-damage|p1b: Arcanine|0 fnt\n|faint|p1b: Arcanine\n|move|p1a: Ting-Lu|Bulldoze|p2b: Abomasnow|[spread] p2a,p2b\n|-resisted|p2b: Abomasnow\n|-damage|p2a: Iron Bundle|85\/100\n|-damage|p2b: Abomasnow|43\/100\n|-unboost|p2a: Iron Bundle|spe|1\n|-unboost|p2b: Abomasnow|spe|1\n|move|p2b: Abomasnow|Aurora Veil|p2b: Abomasnow\n|-sidestart|p2: haha u rage quit|move: Aurora Veil\n|\n|-weather|Snow|[upkeep]\n|upkeep\n|\n|t:|1682426555\n|switch|p1b: Amoonguss|Amoonguss, L50, M, shiny|100\/100\n|turn|3\n|\n|t:|1682426562\n|move|p1b: Amoonguss|Protect|p1b: Amoonguss\n|-singleturn|p1b: Amoonguss|Protect\n|move|p2a: Iron Bundle|Blizzard|p1a: Ting-Lu|[spread] p1a\n|-activate|p1b: Amoonguss|move: Protect\n|-damage|p1a: Ting-Lu|59\/100\n|move|p1a: Ting-Lu|Bulldoze|p2b: Abomasnow|[spread] p2a,p2b\n|-activate|p1b: Amoonguss|move: Protect\n|-resisted|p2b: Abomasnow\n|-damage|p2a: Iron Bundle|74\/100\n|-damage|p2b: Abomasnow|38\/100\n|-unboost|p2a: Iron Bundle|spe|1\n|-unboost|p2b: Abomasnow|spe|1\n|move|p2b: Abomasnow|Blizzard|p1a: Ting-Lu|[spread] p1a\n|-activate|p1b: Amoonguss|move: Protect\n|-damage|p1a: Ting-Lu|46\/100\n|\n|-weather|Snow|[upkeep]\n|upkeep\n|turn|4\n|\n|t:|1682426585\n|move|p2a: Iron Bundle|Blizzard|p1a: Ting-Lu|[spread] p1a,p1b\n|-supereffective|p1b: Amoonguss\n|-damage|p1a: Ting-Lu|33\/100\n|-damage|p1b: Amoonguss|46\/100\n|move|p1a: Ting-Lu|Ruination|p2a: Iron Bundle\n|-damage|p2a: Iron Bundle|37\/100\n|move|p1b: Amoonguss|Pollen Puff|p1a: Ting-Lu\n|-heal|p1a: Ting-Lu|83\/100\n|move|p2b: Abomasnow|Blizzard|p1a: Ting-Lu|[spread] p1a,p1b\n|-supereffective|p1b: Amoonguss\n|-damage|p1a: Ting-Lu|72\/100\n|-damage|p1b: Amoonguss|0 fnt\n|-status|p1a: Ting-Lu|frz\n|faint|p1b: Amoonguss\n|\n|-weather|Snow|[upkeep]\n|upkeep\n|\n|t:|1682426600\n|switch|p1b: Palafin|Palafin-Hero, L50, M, shiny|100\/100\n|-activate|p1b: Palafin|ability: Zero to Hero\n|turn|5\n|\n|t:|1682426612\n|move|p2a: Iron Bundle|Freeze-Dry|p1b: Palafin\n|-supereffective|p1b: Palafin\n|-damage|p1b: Palafin|43\/100\n|-status|p1b: Palafin|frz\n|cant|p1b: Palafin|frz\n|-curestatus|p1a: Ting-Lu|frz|[msg]\n|move|p1a: Ting-Lu|Heavy Slam|p2b: Abomasnow\n|-supereffective|p2b: Abomasnow\n|-damage|p2b: Abomasnow|0 fnt\n|faint|p2b: Abomasnow\n|\n|-weather|none\n|upkeep\n|\n|t:|1682426618\n|switch|p2b: Dondozo|Dondozo, L50, M|100\/100\n|turn|6\n|-message|ly14 forfeited.\n|\n|win|haha u rage quit\n|raw|ly14's rating: 1268 → 1239<\/strong> (-29 for losing)\n|raw|haha u rage quit's rating: 1214 → 1243<\/strong> (+29 for winning)\n|l|\u2606ly14\n|l| DeznanRoll\n","uploadtime":1682426643,"views":12,"p1id":"ly14","p2id":"hahauragequit","formatid":"gen9vgc2023regulationc","rating":1239,"private":0,"password":""}