{"id":"gen9vgc2023regulationc-1862321870","p1":"yohjek","p2":"Alexis_student","format":"[Gen 9] VGC 2023 Regulation C","log":"|j|\u2606yohjek\n|j|\u2606Alexis_student\n|t:|1683865457\n|gametype|doubles\n|player|p1|yohjek|maylene|1138\n|player|p2|Alexis_student|170|1192\n|teamsize|p1|6\n|teamsize|p2|6\n|gen|9\n|tier|[Gen 9] VGC 2023 Regulation C\n|rated|\n|rule|Species Clause: Limit one of each Pok\u00e9mon\n|rule|Item Clause: Limit one of each item\n|clearpoke\n|poke|p1|Baxcalibur, L50, M|\n|poke|p1|Volcarona, L50, F|\n|poke|p1|Glimmora, L50, M|\n|poke|p1|Great Tusk, L50|\n|poke|p1|Flutter Mane, L50|\n|poke|p1|Gholdengo, L50|\n|poke|p2|Chi-Yu, L50|\n|poke|p2|Flutter Mane, L50|\n|poke|p2|Gyarados, L50, F|\n|poke|p2|Iron Hands, L50|\n|poke|p2|Dragonite, L50, F|\n|poke|p2|Amoonguss, L50, F|\n|teampreview|4\n|l|\u2606Alexis_student\n|player|p2|\n|j|\u2606Alexis_student\n|player|p2|Alexis_student|170\n|\n|t:|1683865492\n|start\n|switch|p1a: Glimmora|Glimmora, L50, M|100\/100\n|switch|p1b: Flutter Mane|Flutter Mane, L50|100\/100\n|switch|p2a: Iron Hands|Iron Hands, L50|100\/100\n|switch|p2b: Gyarados|Gyarados, L50, F|100\/100\n|-ability|p2b: Gyarados|Intimidate|boost\n|-unboost|p1a: Glimmora|atk|1\n|-unboost|p1b: Flutter Mane|atk|1\n|turn|1\n|\n|t:|1683865531\n|move|p1a: Glimmora|Spiky Shield|p1a: Glimmora\n|-singleturn|p1a: Glimmora|move: Protect\n|move|p2a: Iron Hands|Fake Out|p1a: Glimmora\n|-activate|p1a: Glimmora|move: Protect\n|-damage|p2a: Iron Hands|88\/100|[from] Spiky Shield|[of] p1a: Glimmora\n|move|p1b: Flutter Mane|Substitute|p1b: Flutter Mane\n|-start|p1b: Flutter Mane|Substitute\n|-damage|p1b: Flutter Mane|75\/100\n|move|p2b: Gyarados|Thunder Wave||[still]\n|-fail|p2b: Gyarados\n|\n|-heal|p1b: Flutter Mane|82\/100|[from] item: Leftovers\n|upkeep\n|turn|2\n|\n|t:|1683865554\n|move|p1b: Flutter Mane|Moonblast|p2a: Iron Hands\n|-supereffective|p2a: Iron Hands\n|-damage|p2a: Iron Hands|41\/100\n|-unboost|p2a: Iron Hands|spa|1\n|move|p1a: Glimmora|Ancient Power|p2b: Gyarados\n|-supereffective|p2b: Gyarados\n|-damage|p2b: Gyarados|57\/100\n|move|p2b: Gyarados|Thunder Wave||[still]\n|-fail|p2b: Gyarados\n|move|p2a: Iron Hands|Wild Charge|p1b: Flutter Mane\n|-end|p1b: Flutter Mane|Substitute\n|-damage|p2a: Iron Hands|36\/100|[from] Recoil|[of] p1b: Flutter Mane\n|\n|-heal|p1b: Flutter Mane|88\/100|[from] item: Leftovers\n|upkeep\n|turn|3\n|\n|t:|1683865588\n|move|p1b: Flutter Mane|Protect|p1b: Flutter Mane\n|-singleturn|p1b: Flutter Mane|Protect\n|move|p1a: Glimmora|Mortal Spin|p2b: Gyarados|[spread] p2a,p2b\n|-damage|p2a: Iron Hands|35\/100\n|-damage|p2b: Gyarados|55\/100\n|-status|p2a: Iron Hands|psn\n|-status|p2b: Gyarados|psn\n|move|p2b: Gyarados|Waterfall|p1b: Flutter Mane\n|-activate|p1b: Flutter Mane|move: Protect\n|move|p2a: Iron Hands|Drain Punch|p1a: Glimmora\n|-damage|p1a: Glimmora|57\/100\n|-heal|p2a: Iron Hands|52\/100 psn|[from] drain|[of] p1a: Glimmora\n|-activate|p1a: Glimmora|ability: Toxic Debris\n|-sidestart|p2: Alexis_student|move: Toxic Spikes\n|\n|-heal|p1b: Flutter Mane|94\/100|[from] item: Leftovers\n|-damage|p2b: Gyarados|43\/100 psn|[from] psn\n|-damage|p2a: Iron Hands|40\/100 psn|[from] psn\n|upkeep\n|turn|4\n|\n|t:|1683865616\n|move|p1b: Flutter Mane|Moonblast|p2a: Iron Hands\n|-supereffective|p2a: Iron Hands\n|-damage|p2a: Iron Hands|0 fnt\n|faint|p2a: Iron Hands\n|-end|p2a: Iron Hands|Quark Drive|[silent]\n|move|p1a: Glimmora|Ancient Power|p2b: Gyarados\n|-supereffective|p2b: Gyarados\n|-damage|p2b: Gyarados|0 fnt\n|faint|p2b: Gyarados\n|\n|-heal|p1b: Flutter Mane|100\/100|[from] item: Leftovers\n|upkeep\n|\n|t:|1683865629\n|switch|p2b: Amoonguss|Amoonguss, L50, F|100\/100\n|switch|p2a: Dragonite|Dragonite, L50, F|100\/100\n|-sideend|p2: Alexis_student|move: Toxic Spikes|[of] p2b: Amoonguss\n|turn|5\n|\n|t:|1683865651\n|-end|p1b: Flutter Mane|Protosynthesis|[silent]\n|switch|p1b: Volcarona|Volcarona, L50, F|100\/100\n|-terastallize|p2a: Dragonite|Flying\n|move|p2a: Dragonite|Tera Blast|p1b: Volcarona\n|-supereffective|p1b: Volcarona\n|-damage|p1b: Volcarona|13\/100\n|move|p1a: Glimmora|Mortal Spin|p2b: Amoonguss|[spread] p2a,p2b\n|-crit|p2b: Amoonguss\n|-damage|p2a: Dragonite|99\/100\n|-damage|p2b: Amoonguss|95\/100\n|-status|p2a: Dragonite|psn\n|-enditem|p2a: Dragonite|Lum Berry|[eat]\n|-curestatus|p2a: Dragonite|psn|[msg]\n|move|p2b: Amoonguss|Spore|p1a: Glimmora\n|-status|p1a: Glimmora|slp|[from] move: Spore\n|\n|upkeep\n|turn|6\n|\n|t:|1683865681\n|move|p2a: Dragonite|Tera Blast|p1b: Volcarona\n|-supereffective|p1b: Volcarona\n|-damage|p1b: Volcarona|0 fnt\n|faint|p1b: Volcarona\n|cant|p1a: Glimmora|slp\n|move|p2b: Amoonguss|Pollen Puff|p1a: Glimmora\n|-resisted|p1a: Glimmora\n|-damage|p1a: Glimmora|50\/100 slp\n|\n|upkeep\n|\n|t:|1683865694\n|switch|p1b: Baxcalibur|Baxcalibur, L50, M|100\/100\n|turn|7\n|\n|t:|1683865712\n|-terastallize|p1b: Baxcalibur|Steel\n|move|p2a: Dragonite|Low Kick|p1a: Glimmora\n|-damage|p1a: Glimmora|30\/100 slp\n|-activate|p1a: Glimmora|ability: Toxic Debris\n|-sidestart|p2: Alexis_student|move: Toxic Spikes\n|move|p1b: Baxcalibur|Icicle Crash|p2b: Amoonguss\n|-supereffective|p2b: Amoonguss\n|-damage|p2b: Amoonguss|4\/100\n|-enditem|p2b: Amoonguss|Sitrus Berry|[eat]\n|-heal|p2b: Amoonguss|29\/100|[from] item: Sitrus Berry\n|cant|p1a: Glimmora|slp\n|move|p2b: Amoonguss|Spore|p1b: Baxcalibur\n|-status|p1b: Baxcalibur|slp|[from] move: Spore\n|\n|upkeep\n|turn|8\n|\n|t:|1683865735\n|move|p2a: Dragonite|Tera Blast|p1a: Glimmora\n|-resisted|p1a: Glimmora\n|-damage|p1a: Glimmora|2\/100 slp\n|-activate|p1a: Glimmora|ability: Toxic Debris\n|-sidestart|p2: Alexis_student|move: Toxic Spikes\n|-enditem|p1a: Glimmora|Aguav Berry|[eat]\n|-heal|p1a: Glimmora|35\/100 slp|[from] item: Aguav Berry\n|cant|p1b: Baxcalibur|slp\n|-curestatus|p1a: Glimmora|slp|[msg]\n|move|p1a: Glimmora|Ancient Power|p2a: Dragonite\n|-supereffective|p2a: Dragonite\n|-damage|p2a: Dragonite|44\/100\n|-boost|p1a: Glimmora|atk|1\n|-boost|p1a: Glimmora|def|1\n|-boost|p1a: Glimmora|spa|1\n|-boost|p1a: Glimmora|spd|1\n|-boost|p1a: Glimmora|spe|1\n|move|p2b: Amoonguss|Pollen Puff|p1a: Glimmora\n|-resisted|p1a: Glimmora\n|-damage|p1a: Glimmora|30\/100\n|\n|upkeep\n|turn|9\n|\n|t:|1683865761\n|move|p1a: Glimmora|Ancient Power|p2a: Dragonite\n|-supereffective|p2a: Dragonite\n|-damage|p2a: Dragonite|0 fnt\n|faint|p2a: Dragonite\n|-curestatus|p1b: Baxcalibur|slp|[msg]\n|move|p1b: Baxcalibur|Icicle Crash|p2b: Amoonguss\n|-supereffective|p2b: Amoonguss\n|-damage|p2b: Amoonguss|0 fnt\n|faint|p2b: Amoonguss\n|\n|win|yohjek\n|raw|yohjek's rating: 1138 → 1167<\/strong> (+29 for winning)\n|raw|Alexis_student's rating: 1192 → 1163<\/strong> (-29 for losing)\n|l|\u2606yohjek\n","uploadtime":1683865773,"views":11,"p1id":"yohjek","p2id":"alexisstudent","formatid":"gen9vgc2023regulationc","rating":1163,"private":0,"password":""}