{"id":"gen9vgc2023regulationc-1860987975","p1":"Kinetz","p2":"ifouv","format":"[Gen 9] VGC 2023 Regulation C","log":"|j|\u2606Kinetz\n|j|\u2606ifouv\n|t:|1683709212\n|gametype|doubles\n|player|p1|Kinetz|unknown|1178\n|player|p2|ifouv|101|1090\n|teamsize|p1|6\n|teamsize|p2|6\n|gen|9\n|tier|[Gen 9] VGC 2023 Regulation C\n|rated|\n|rule|Species Clause: Limit one of each Pok\u00e9mon\n|rule|Item Clause: Limit one of each item\n|clearpoke\n|poke|p1|Annihilape, L50, M|\n|poke|p1|Maushold, L50|\n|poke|p1|Flutter Mane, L50|\n|poke|p1|Tyranitar, L50, M|\n|poke|p1|Lycanroc, L50, F|\n|poke|p1|Ting-Lu, L50|\n|poke|p2|Palafin, L50, M|\n|poke|p2|Chi-Yu, L50|\n|poke|p2|Flutter Mane, L50|\n|poke|p2|Farigiraf, L50, F|\n|poke|p2|Amoonguss, L50, M|\n|poke|p2|Talonflame, L50, M|\n|teampreview|4\n|inactive|Battle timer is ON: inactive players will automatically lose when time's up. (requested by Kinetz)\n|inactive|Kinetz has 60 seconds left.\n|inactive|ifouv has 60 seconds left.\n|\n|t:|1683709257\n|start\n|switch|p1a: Ting-Lu|Ting-Lu, L50|100\/100\n|switch|p1b: Tyranitar|Tyranitar, L50, M|100\/100\n|switch|p2a: Palafin|Palafin, L50, M|100\/100\n|switch|p2b: Talonflame|Talonflame, L50, M|100\/100\n|-weather|Sandstorm|[from] ability: Sand Stream|[of] p1b: Tyranitar\n|-ability|p1a: Ting-Lu|Vessel of Ruin\n|turn|1\n|inactive|Kinetz has 30 seconds left.\n|inactive|Kinetz has 20 seconds left.\n|\n|t:|1683709293\n|detailschange|p2a: Palafin|Palafin-Hero, L50, M\n|switch|p2a: Amoonguss|Amoonguss, L50, M|100\/100\n|move|p2b: Talonflame|Will-O-Wisp|p1b: Tyranitar\n|-status|p1b: Tyranitar|brn\n|move|p1b: Tyranitar|Rock Slide|p2b: Talonflame|[spread] p2a,p2b\n|-supereffective|p2b: Talonflame\n|-damage|p2a: Amoonguss|87\/100\n|-damage|p2b: Talonflame|31\/100\n|move|p1a: Ting-Lu|Fissure|p2a: Amoonguss|[miss]\n|-miss|p1a: Ting-Lu|p2a: Amoonguss\n|\n|-weather|Sandstorm|[upkeep]\n|-damage|p2a: Amoonguss|81\/100|[from] Sandstorm\n|-damage|p1b: Tyranitar|95\/100 brn|[from] brn\n|upkeep\n|turn|2\n|inactive|Kinetz has 30 seconds left.\n|inactive|ifouv has 30 seconds left.\n|\n|t:|1683709327\n|switch|p2b: Palafin|Palafin-Hero, L50, M|100\/100\n|-activate|p2b: Palafin|ability: Zero to Hero\n|move|p1a: Ting-Lu|Protect|p1a: Ting-Lu\n|-singleturn|p1a: Ting-Lu|Protect\n|move|p1b: Tyranitar|Rock Slide|p2a: Amoonguss|[spread] p2a,p2b\n|-damage|p2a: Amoonguss|67\/100\n|-damage|p2b: Palafin|86\/100\n|cant|p2a: Amoonguss|flinch\n|\n|-weather|Sandstorm|[upkeep]\n|-damage|p2b: Palafin|81\/100|[from] Sandstorm\n|-damage|p2a: Amoonguss|62\/100|[from] Sandstorm\n|-damage|p1b: Tyranitar|89\/100 brn|[from] brn\n|upkeep\n|turn|3\n|inactive|Kinetz has 30 seconds left.\n|inactive|ifouv has 30 seconds left.\n|\n|t:|1683709352\n|-terastallize|p2b: Palafin|Water\n|-terastallize|p1b: Tyranitar|Flying\n|move|p2b: Palafin|Wave Crash|p1a: Ting-Lu\n|-supereffective|p1a: Ting-Lu\n|-damage|p1a: Ting-Lu|0 fnt\n|faint|p1a: Ting-Lu\n|-damage|p2b: Palafin|39\/100|[from] Recoil\n|move|p1b: Tyranitar|Tera Blast|p2a: Amoonguss\n|-supereffective|p2a: Amoonguss\n|-damage|p2a: Amoonguss|24\/100\n|-enditem|p2a: Amoonguss|Sitrus Berry|[eat]\n|-heal|p2a: Amoonguss|48\/100|[from] item: Sitrus Berry\n|move|p2a: Amoonguss|Pollen Puff|p2b: Palafin\n|-heal|p2b: Palafin|89\/100\n|\n|-weather|Sandstorm|[upkeep]\n|-damage|p2b: Palafin|83\/100|[from] Sandstorm\n|-damage|p1b: Tyranitar|83\/100 brn|[from] Sandstorm\n|-damage|p2a: Amoonguss|43\/100|[from] Sandstorm\n|-damage|p1b: Tyranitar|77\/100 brn|[from] brn\n|upkeep\n|\n|t:|1683709368\n|switch|p1a: Annihilape|Annihilape, L50, M|100\/100\n|turn|4\n|\n|t:|1683709382\n|move|p2b: Palafin|Protect|p2b: Palafin\n|-singleturn|p2b: Palafin|Protect\n|move|p1a: Annihilape|Protect|p1a: Annihilape\n|-singleturn|p1a: Annihilape|Protect\n|move|p1b: Tyranitar|Tera Blast|p2a: Amoonguss\n|-supereffective|p2a: Amoonguss\n|-damage|p2a: Amoonguss|9\/100\n|move|p2a: Amoonguss|Spore|p1a: Annihilape\n|-activate|p1a: Annihilape|move: Protect\n|\n|-weather|Sandstorm|[upkeep]\n|-damage|p2b: Palafin|77\/100|[from] Sandstorm\n|-damage|p1a: Annihilape|94\/100|[from] Sandstorm\n|-damage|p1b: Tyranitar|72\/100 brn|[from] Sandstorm\n|-damage|p2a: Amoonguss|3\/100|[from] Sandstorm\n|-heal|p1a: Annihilape|100\/100|[from] item: Leftovers\n|-damage|p1b: Tyranitar|66\/100 brn|[from] brn\n|upkeep\n|turn|5\n|inactive|Kinetz has 30 seconds left.\n|inactive|Kinetz has 20 seconds left.\n|\n|t:|1683709422\n|switch|p2a: Farigiraf|Farigiraf, L50, F|100\/100\n|move|p2b: Palafin|Wave Crash|p1a: Annihilape\n|-damage|p1a: Annihilape|0 fnt\n|faint|p1a: Annihilape\n|-damage|p2b: Palafin|44\/100|[from] Recoil\n|move|p1b: Tyranitar|Rock Slide|p2b: Palafin|[spread] p2a,p2b\n|-damage|p2a: Farigiraf|83\/100\n|-damage|p2b: Palafin|30\/100\n|\n|-weather|none\n|-damage|p1b: Tyranitar|60\/100 brn|[from] brn\n|upkeep\n|\n|t:|1683709434\n|switch|p1a: Maushold|Maushold, L50|100\/100\n|turn|6\n|-message|Kinetz forfeited.\n|\n|win|ifouv\n|raw|Kinetz's rating: 1178 → 1147<\/strong> (-31 for losing)\n|raw|ifouv's rating: 1090 → 1123<\/strong> (+33 for winning)\n|l|\u2606Kinetz\n","uploadtime":1683709465,"views":17,"p1id":"kinetz","p2id":"ifouv","formatid":"gen9vgc2023regulationc","rating":1123,"private":0,"password":""}