{"id":"gen9vgc2023regulationc-1845460021","p1":"Lillalt","p2":"RitmanTesting1","format":"[Gen 9] VGC 2023 Regulation C","log":"|j|\u2606Lillalt\n|j|\u2606RitmanTesting1\n|t:|1681735767\n|gametype|doubles\n|player|p1|Lillalt|ethan|1387\n|player|p2|RitmanTesting1|byron|1337\n|teamsize|p1|6\n|teamsize|p2|6\n|gen|9\n|tier|[Gen 9] VGC 2023 Regulation C\n|rated|\n|rule|Species Clause: Limit one of each Pok\u00e9mon\n|rule|Item Clause: Limit one of each item\n|clearpoke\n|poke|p1|Farigiraf, L50, F|\n|poke|p1|Sylveon, L50, M|\n|poke|p1|Iron Hands, L50|\n|poke|p1|Ceruledge, L50, F|\n|poke|p1|Dragalge, L50, M|\n|poke|p1|Glimmora, L50, F|\n|poke|p2|Wo-Chien, L50|\n|poke|p2|Glimmora, L50, F|\n|poke|p2|Baxcalibur, L50, M|\n|poke|p2|Flutter Mane, L50|\n|poke|p2|Arcanine, L50, M|\n|poke|p2|Roaring Moon, L50|\n|teampreview|4\n|inactive|Battle timer is ON: inactive players will automatically lose when time's up. (requested by RitmanTesting1)\nRitmanTesting1 has agreed to open team sheets.\n|inactive|RitmanTesting1 has 60 seconds left.\nLillalt rejected open team sheets.\n|\n|t:|1681735828\n|start\n|switch|p1a: Fridge|Farigiraf, L50, F|100\/100\n|switch|p1b: Hala|Iron Hands, L50|100\/100\n|switch|p2a: Flutter Mane|Flutter Mane, L50|100\/100\n|switch|p2b: Baxcalibur|Baxcalibur, L50, M|100\/100\n|turn|1\n|\n|t:|1681735840\n|-terastallize|p2a: Flutter Mane|Fairy\n|-terastallize|p1b: Hala|Grass\n|move|p2b: Baxcalibur|Protect|p2b: Baxcalibur\n|-singleturn|p2b: Baxcalibur|Protect\n|move|p1b: Hala|Fake Out|p2b: Baxcalibur\n|-activate|p2b: Baxcalibur|move: Protect\n|move|p2a: Flutter Mane|Moonblast|p1a: Fridge\n|-damage|p1a: Fridge|31\/100\n|-unboost|p1a: Fridge|spa|1\n|move|p1a: Fridge|Trick Room|p1a: Fridge\n|-fieldstart|move: Trick Room|[of] p1a: Fridge\n|\n|upkeep\n|turn|2\n|\n|t:|1681735861\n|switch|p2b: Wo-Chien|Wo-Chien, L50|100\/100\n|-ability|p2b: Wo-Chien|Tablets of Ruin\n|move|p1b: Hala|Drain Punch|p2b: Wo-Chien\n|-supereffective|p2b: Wo-Chien\n|-damage|p2b: Wo-Chien|50\/100\n|move|p1a: Fridge|Light Screen|p1a: Fridge\n|-sidestart|p1: Lillalt|move: Light Screen\n|move|p2a: Flutter Mane|Moonblast|p1b: Hala\n|-damage|p1b: Hala|59\/100\n|-unboost|p1b: Hala|spa|1\n|\n|-heal|p2b: Wo-Chien|57\/100|[from] item: Leftovers\n|upkeep\n|turn|3\n|\n|t:|1681735879\n|move|p1a: Fridge|Helping Hand|p1b: Hala\n|-singleturn|p1b: Hala|Helping Hand|[of] p1a: Fridge\n|move|p2b: Wo-Chien|Protect|p2b: Wo-Chien\n|-singleturn|p2b: Wo-Chien|Protect\n|move|p1b: Hala|Drain Punch|p2b: Wo-Chien\n|-activate|p2b: Wo-Chien|move: Protect\n|move|p2a: Flutter Mane|Moonblast|p1a: Fridge\n|-damage|p1a: Fridge|0 fnt\n|faint|p1a: Fridge\n|\n|-heal|p2b: Wo-Chien|63\/100|[from] item: Leftovers\n|upkeep\n|\n|t:|1681735890\n|switch|p1a: Sidai|Sylveon, L50, M|100\/100\n|turn|4\n|\n|t:|1681735897\n|switch|p2b: Glimmora|Glimmora, L50, F|100\/100\n|move|p1b: Hala|Drain Punch|p2b: Glimmora\n|-damage|p2b: Glimmora|54\/100\n|-heal|p1b: Hala|76\/100|[from] drain|[of] p2b: Glimmora\n|-activate|p2b: Glimmora|ability: Toxic Debris\n|-sidestart|p1: Lillalt|move: Toxic Spikes\n|move|p1a: Sidai|Hyper Voice|p2a: Flutter Mane|[spread] p2a,p2b\n|-resisted|p2b: Glimmora\n|-damage|p2a: Flutter Mane|62\/100\n|-damage|p2b: Glimmora|39\/100\n|-enditem|p1a: Sidai|Throat Spray\n|-boost|p1a: Sidai|spa|1|[from] item: Throat Spray\n|move|p2a: Flutter Mane|Moonblast|p1b: Hala\n|-damage|p1b: Hala|39\/100\n|\n|upkeep\n|turn|5\n|inactive|Lillalt has 30 seconds left.\n|inactive|RitmanTesting1 has 30 seconds left.\n|\n|t:|1681735932\n|-end|p2a: Flutter Mane|Protosynthesis|[silent]\n|switch|p2a: Wo-Chien|Wo-Chien, L50|63\/100\n|-ability|p2a: Wo-Chien|Tablets of Ruin\n|move|p1b: Hala|Drain Punch|p2b: Glimmora\n|-damage|p2b: Glimmora|7\/100\n|-heal|p1b: Hala|51\/100|[from] drain|[of] p2b: Glimmora\n|-activate|p2b: Glimmora|ability: Toxic Debris\n|-sidestart|p1: Lillalt|move: Toxic Spikes\n|move|p1a: Sidai|Hyper Voice|p2b: Glimmora|[spread] p2a,p2b\n|-supereffective|p2a: Wo-Chien\n|-resisted|p2b: Glimmora\n|-damage|p2a: Wo-Chien|0 fnt\n|-damage|p2b: Glimmora|0 fnt\n|faint|p2a: Wo-Chien\n|faint|p2b: Glimmora\n|\n|-fieldend|move: Trick Room\n|upkeep\n|\n|t:|1681735943\n|switch|p2b: Flutter Mane|Flutter Mane, L50, tera:Fairy|62\/100\n|switch|p2a: Baxcalibur|Baxcalibur, L50, M|100\/100\n|turn|6\n|\n|t:|1681735965\n|-end|p1b: Hala|Quark Drive|[silent]\n|switch|p1b: Leaf|Dragalge, L50, M|100\/100\n|-sideend|p1: Lillalt|move: Toxic Spikes|[of] p1b: Leaf\n|move|p2a: Baxcalibur|Protect|p2a: Baxcalibur\n|-singleturn|p2a: Baxcalibur|Protect\n|move|p2b: Flutter Mane|Moonblast|p1a: Sidai\n|-damage|p1a: Sidai|53\/100\n|move|p1a: Sidai|Hyper Voice|p2b: Flutter Mane|[spread] p2b\n|-activate|p2a: Baxcalibur|move: Protect\n|-damage|p2b: Flutter Mane|8\/100\n|\n|-sideend|p1: Lillalt|move: Light Screen\n|upkeep\n|turn|7\n|\n|t:|1681735990\n|move|p1b: Leaf|Protect|p1b: Leaf\n|-singleturn|p1b: Leaf|Protect\n|move|p1a: Sidai|Quick Attack|p2b: Flutter Mane\n|-damage|p2b: Flutter Mane|0 fnt\n|faint|p2b: Flutter Mane\n|-end|p2b: Flutter Mane|Protosynthesis|[silent]\n|move|p2a: Baxcalibur|Icicle Spear|p1a: Sidai\n|-damage|p1a: Sidai|35\/100\n|-damage|p1a: Sidai|17\/100\n|-damage|p1a: Sidai|0 fnt\n|faint|p1a: Sidai\n|-hitcount|p1: Sidai|3\n|\n|upkeep\n|\n|t:|1681735999\n|switch|p1a: Hala|Iron Hands, L50, tera:Grass|51\/100\n|turn|8\n|\n|t:|1681736004\n|move|p2a: Baxcalibur|Protect|p2a: Baxcalibur\n|-singleturn|p2a: Baxcalibur|Protect\n|move|p1a: Hala|Fake Out|p2a: Baxcalibur\n|-activate|p2a: Baxcalibur|move: Protect\n|move|p1b: Leaf|Dragon Pulse|p2a: Baxcalibur\n|-activate|p2a: Baxcalibur|move: Protect\n|\n|upkeep\n|turn|9\n|\n|t:|1681736019\n|move|p2a: Baxcalibur|Icicle Spear|p1a: Hala\n|-supereffective|p1a: Hala\n|-damage|p1a: Hala|30\/100\n|-supereffective|p1a: Hala\n|-damage|p1a: Hala|12\/100\n|-supereffective|p1a: Hala\n|-damage|p1a: Hala|0 fnt\n|faint|p1a: Hala\n|-end|p1a: Hala|Quark Drive|[silent]\n|-hitcount|p1: Hala|3\n|move|p1b: Leaf|Dragon Pulse|p2a: Baxcalibur\n|-supereffective|p2a: Baxcalibur\n|-damage|p2a: Baxcalibur|21\/100\n|\n|upkeep\n|turn|10\n|\n|t:|1681736037\n|move|p1b: Leaf|Protect|p1b: Leaf\n|-singleturn|p1b: Leaf|Protect\n|move|p2a: Baxcalibur|Glaive Rush|p1b: Leaf\n|-activate|p1b: Leaf|move: Protect\n|\n|upkeep\n|turn|11\n|\n|t:|1681736049\n|move|p2a: Baxcalibur|Glaive Rush|p1b: Leaf\n|-supereffective|p1b: Leaf\n|-enditem|p1b: Leaf|Focus Sash\n|-damage|p1b: Leaf|1\/100\n|-singlemove|p2a: Baxcalibur|Glaive Rush|[silent]\n|move|p1b: Leaf|Dragon Pulse|p2a: Baxcalibur\n|-supereffective|p2a: Baxcalibur\n|-damage|p2a: Baxcalibur|0 fnt\n|faint|p2a: Baxcalibur\n|\n|win|Lillalt\n|raw|Lillalt's rating: 1387 → 1404<\/strong> (+17 for winning)\n|raw|RitmanTesting1's rating: 1337 → 1320<\/strong> (-17 for losing)\n|c|\u2606RitmanTesting1|protect to get leftovers recovery, right?\n|c|\u2606Lillalt|hm?\n|c|\u2606RitmanTesting1|turn 10\n|c|\u2606RitmanTesting1|your protect\n|c|\u2606Lillalt|oh no i was running sash\n|c|\u2606RitmanTesting1|I know\n|c|\u2606RitmanTesting1|It's ironic\n|c|\u2606RitmanTesting1|hahaa\n|c|\u2606Lillalt|i was just thinking i guess lol, not really a reason to it lol\n|c|\u2606RitmanTesting1|gg\n|c|\u2606RitmanTesting1|see ya\n|c|\u2606Lillalt|gg\n","uploadtime":1681736113,"views":8,"p1id":"lillalt","p2id":"ritmantesting1","formatid":"gen9vgc2023regulationc","rating":1320,"private":0,"password":""}