{"id":"gen9vgc2023regulationc-1857889969","p1":"black86","p2":"caiobarbalho","format":"[Gen 9] VGC 2023 Regulation C","log":"|j|\u2606black86\n|j|\u2606caiobarbalho\n|t:|1683243627\n|gametype|doubles\n|player|p1|black86|flint|1016\n|player|p2|caiobarbalho|rosa|1101\n|teamsize|p1|6\n|teamsize|p2|6\n|gen|9\n|tier|[Gen 9] VGC 2023 Regulation C\n|rated|\n|rule|Species Clause: Limit one of each Pok\u00e9mon\n|rule|Item Clause: Limit one of each item\n|clearpoke\n|poke|p1|Lilligant, L50, F|\n|poke|p1|Torkoal, L50, F|\n|poke|p1|Flutter Mane, L50|\n|poke|p1|Kingambit, L50, F|\n|poke|p1|Dragonite, L50, F|\n|poke|p1|Great Tusk, L50|\n|poke|p2|Palafin, L50, F|\n|poke|p2|Flutter Mane, L50|\n|poke|p2|Arcanine, L50, F|\n|poke|p2|Amoonguss, L50, M|\n|poke|p2|Corviknight, L50, M|\n|poke|p2|Baxcalibur, L50, M|\n|teampreview|4\n|inactive|Battle timer is ON: inactive players will automatically lose when time's up. (requested by caiobarbalho)\n|inactive|black86 has 60 seconds left.\n|inactive|caiobarbalho has 60 seconds left.\n|inactive|black86 has 30 seconds left.\n|inactive|caiobarbalho has 30 seconds left.\n|inactive|black86 has 20 seconds left.\n|inactive|black86 has 15 seconds left.\n|inactive|black86 has 10 seconds left.\n|\n|t:|1683243712\n|start\n|switch|p1a: Breakthrough|Torkoal, L50, F, shiny|100\/100\n|switch|p1b: Trouble|Great Tusk, L50, shiny|100\/100\n|switch|p2a: Baxcalibur|Baxcalibur, L50, M|100\/100\n|switch|p2b: Corviknight|Corviknight, L50, M, shiny|100\/100\n|-weather|SunnyDay|[from] ability: Drought|[of] p1a: Breakthrough\n|-activate|p1b: Trouble|ability: Protosynthesis\n|-start|p1b: Trouble|protosynthesisatk\n|turn|1\n|inactive|black86 has 30 seconds left.\n|inactive|caiobarbalho has 30 seconds left.\n|inactive|black86 has 20 seconds left.\n|\n|t:|1683243748\n|switch|p2a: Arcanine|Arcanine, L50, F|100\/100\n|-ability|p2a: Arcanine|Intimidate|boost\n|-unboost|p1a: Breakthrough|atk|1\n|-unboost|p1b: Trouble|atk|1\n|-terastallize|p2b: Corviknight|Dragon\n|move|p1b: Trouble|Rock Slide|p2b: Corviknight|[spread] p2a,p2b\n|-supereffective|p2a: Arcanine\n|-damage|p2a: Arcanine|63\/100\n|-damage|p2b: Corviknight|87\/100\n|move|p2b: Corviknight|Brave Bird|p1b: Trouble\n|-supereffective|p1b: Trouble\n|-damage|p1b: Trouble|30\/100\n|-damage|p2b: Corviknight|65\/100|[from] Recoil\n|move|p1a: Breakthrough|Eruption|p2a: Arcanine|[spread] p2a,p2b\n|-resisted|p2a: Arcanine\n|-resisted|p2b: Corviknight\n|-damage|p2a: Arcanine|17\/100\n|-damage|p2b: Corviknight|20\/100\n|-enditem|p2a: Arcanine|Sitrus Berry|[eat]\n|-heal|p2a: Arcanine|42\/100|[from] item: Sitrus Berry\n|\n|-weather|SunnyDay|[upkeep]\n|-heal|p2b: Corviknight|26\/100|[from] item: Leftovers\n|upkeep\n|turn|2\n|inactive|black86 has 30 seconds left.\n|inactive|caiobarbalho has 30 seconds left.\n|\n|t:|1683243780\n|switch|p1a: Espresso|Dragonite, L50, F|100\/100\n|move|p2a: Arcanine|Extreme Speed|p1b: Trouble\n|-damage|p1b: Trouble|11\/100\n|move|p1b: Trouble|Rock Slide|p2b: Corviknight|[spread] p2a,p2b\n|-supereffective|p2a: Arcanine\n|-damage|p2a: Arcanine|7\/100\n|-damage|p2b: Corviknight|11\/100\n|move|p2b: Corviknight|Tailwind|p2b: Corviknight\n|-sidestart|p2: caiobarbalho|move: Tailwind\n|\n|-weather|SunnyDay|[upkeep]\n|-heal|p2b: Corviknight|17\/100|[from] item: Leftovers\n|upkeep\n|turn|3\n|inactive|caiobarbalho has 30 seconds left.\n|\n|t:|1683243811\n|-terastallize|p1a: Espresso|Flying\n|move|p2a: Arcanine|Extreme Speed|p1a: Espresso\n|-damage|p1a: Espresso|89\/100\n|move|p1a: Espresso|Extreme Speed|p2b: Corviknight\n|-damage|p2b: Corviknight|0 fnt\n|faint|p2b: Corviknight\n|move|p1b: Trouble|Rock Slide|p2a: Arcanine|[miss]\n|-miss|p1b: Trouble|p2a: Arcanine\n|\n|-weather|SunnyDay|[upkeep]\n|upkeep\n|\n|t:|1683243825\n|switch|p2b: Baxcalibur|Baxcalibur, L50, M|100\/100\n|turn|4\n|\n|t:|1683243847\n|-end|p1b: Trouble|Protosynthesis|[silent]\n|switch|p1b: Breakthrough|Torkoal, L50, F, shiny|100\/100\n|move|p2a: Arcanine|Extreme Speed|p1b: Breakthrough\n|-damage|p1b: Breakthrough|82\/100\n|move|p1a: Espresso|Extreme Speed|p2a: Arcanine\n|-damage|p2a: Arcanine|0 fnt\n|faint|p2a: Arcanine\n|move|p2b: Baxcalibur|Icicle Crash|p1a: Espresso\n|-supereffective|p1a: Espresso\n|-damage|p1a: Espresso|0 fnt\n|faint|p1a: Espresso\n|\n|-weather|SunnyDay|[upkeep]\n|upkeep\n|\n|t:|1683243861\n|switch|p2a: Flutter Mane|Flutter Mane, L50|100\/100\n|switch|p1a: TT|Lilligant, L50, F, shiny|100\/100\n|-activate|p2a: Flutter Mane|ability: Protosynthesis\n|-start|p2a: Flutter Mane|protosynthesisspe\n|turn|5\n|\n|t:|1683243879\n|switch|p1b: Trouble|Great Tusk, L50, shiny|11\/100\n|-activate|p1b: Trouble|ability: Protosynthesis\n|-start|p1b: Trouble|protosynthesisatk\n|move|p1a: TT|Protect|p1a: TT\n|-singleturn|p1a: TT|Protect\n|move|p2a: Flutter Mane|Shadow Ball|p1b: Trouble\n|-damage|p1b: Trouble|0 fnt\n|faint|p1b: Trouble\n|-end|p1b: Trouble|Protosynthesis|[silent]\n|move|p2b: Baxcalibur|Glaive Rush|p1a: TT\n|-activate|p1a: TT|move: Protect\n|\n|-weather|none\n|-end|p2a: Flutter Mane|Protosynthesis\n|-sideend|p2: caiobarbalho|move: Tailwind\n|upkeep\n|-enditem|p2a: Flutter Mane|Booster Energy\n|-activate|p2a: Flutter Mane|ability: Protosynthesis|[fromitem]\n|-start|p2a: Flutter Mane|protosynthesisspe\n|\n|t:|1683243895\n|switch|p1b: Breakthrough|Torkoal, L50, F, shiny|82\/100\n|-weather|SunnyDay|[from] ability: Drought|[of] p1b: Breakthrough\n|turn|6\n|inactive|black86 has 30 seconds left.\n|\n|t:|1683243922\n|move|p2a: Flutter Mane|Protect|p2a: Flutter Mane\n|-singleturn|p2a: Flutter Mane|Protect\n|move|p2b: Baxcalibur|Ice Shard|p1a: TT\n|-supereffective|p1a: TT\n|-damage|p1a: TT|33\/100\n|move|p1a: TT|After You|p1b: Breakthrough\n|-activate|p1b: Breakthrough|move: After You\n|move|p1b: Breakthrough|Eruption|p2b: Baxcalibur|[spread] p2b\n|-activate|p2a: Flutter Mane|move: Protect\n|-damage|p2b: Baxcalibur|60\/100\n|-ability|p2b: Baxcalibur|Thermal Exchange|boost\n|-boost|p2b: Baxcalibur|atk|1\n|\n|-weather|SunnyDay|[upkeep]\n|upkeep\n|turn|7\n|inactive|black86 has 30 seconds left.\n|inactive|black86 has 20 seconds left.\n|inactive|black86 has 15 seconds left.\n|\n|t:|1683243962\n|move|p1a: TT|Protect|p1a: TT\n|-singleturn|p1a: TT|Protect\n|move|p2b: Baxcalibur|Ice Shard|p1a: TT\n|-activate|p1a: TT|move: Protect\n|move|p2a: Flutter Mane|Shadow Ball|p1b: Breakthrough\n|-crit|p1b: Breakthrough\n|-damage|p1b: Breakthrough|3\/100\n|move|p1b: Breakthrough|Flamethrower|p2b: Baxcalibur\n|-damage|p2b: Baxcalibur|18\/100\n|-ability|p2b: Baxcalibur|Thermal Exchange|boost\n|-boost|p2b: Baxcalibur|atk|1\n|\n|-weather|SunnyDay|[upkeep]\n|upkeep\n|turn|8\n|inactive|black86 has 30 seconds left.\n|\n|t:|1683243997\n|move|p2b: Baxcalibur|Ice Shard|p1a: TT\n|-supereffective|p1a: TT\n|-damage|p1a: TT|0 fnt\n|faint|p1a: TT\n|move|p2a: Flutter Mane|Substitute|p2a: Flutter Mane\n|-start|p2a: Flutter Mane|Substitute\n|-damage|p2a: Flutter Mane|76\/100\n|move|p1b: Breakthrough|Flamethrower|p2b: Baxcalibur\n|-damage|p2b: Baxcalibur|0 fnt\n|faint|p2b: Baxcalibur\n|\n|-weather|SunnyDay|[upkeep]\n|upkeep\n|turn|9\n|\n|t:|1683244018\n|move|p2a: Flutter Mane|Shadow Ball|p1b: Breakthrough\n|-damage|p1b: Breakthrough|0 fnt\n|faint|p1b: Breakthrough\n|\n|win|caiobarbalho\n|raw|black86's rating: 1016 → 1007<\/strong> (-9 for losing)\n|raw|caiobarbalho's rating: 1101 → 1120<\/strong> (+19 for winning)\n|l|\u2606black86\n","uploadtime":1683244030,"views":9,"p1id":"black86","p2id":"caiobarbalho","formatid":"gen9vgc2023regulationc","rating":1007,"private":0,"password":""}