{"id":"gen9vgc2023regulationc-1845977624","p1":"Vulnerarily","p2":"ruking511","format":"[Gen 9] VGC 2023 Regulation C","log":"|j|\u2606Vulnerarily\n|j|\u2606ruking511\n|t:|1681786371\n|gametype|doubles\n|player|p1|Vulnerarily|2|1326\n|player|p2|ruking511|102|1302\n|teamsize|p1|6\n|teamsize|p2|6\n|gen|9\n|tier|[Gen 9] VGC 2023 Regulation C\n|rated|\n|rule|Species Clause: Limit one of each Pok\u00e9mon\n|rule|Item Clause: Limit one of each item\n|clearpoke\n|poke|p1|Lilligant, L50, F|\n|poke|p1|Torkoal, L50, F|\n|poke|p1|Flutter Mane, L50|\n|poke|p1|Great Tusk, L50|\n|poke|p1|Chien-Pao, L50|\n|poke|p1|Dragonite, L50, F|\n|poke|p2|Wo-Chien, L50|\n|poke|p2|Glimmora, L50, M|\n|poke|p2|Annihilape, L50, M|\n|poke|p2|Maushold, L50|\n|poke|p2|Ceruledge, L50, F|\n|poke|p2|Ting-Lu, L50|\n|teampreview|4\n|inactive|Battle timer is ON: inactive players will automatically lose when time's up. (requested by ruking511)\nVulnerarily has agreed to open team sheets.\n|inactive|ruking511 has 60 seconds left.\n|\n|t:|1681786414\n|start\n|switch|p1a: Flutter Mane|Flutter Mane, L50|100\/100\n|switch|p1b: Chien-Pao|Chien-Pao, L50|100\/100\n|switch|p2a: Annihilape|Annihilape, L50, M|100\/100\n|switch|p2b: Maushold|Maushold, L50|100\/100\n|-ability|p1b: Chien-Pao|Sword of Ruin\n|turn|1\n|\n|t:|1681786436\n|-terastallize|p2a: Annihilape|Fire\n|move|p1b: Chien-Pao|Ice Spinner|p2a: Annihilape\n|-resisted|p2a: Annihilape\n|-damage|p2a: Annihilape|83\/100\n|move|p1a: Flutter Mane|Dazzling Gleam|p2b: Maushold|[spread] p2a,p2b\n|-resisted|p2a: Annihilape\n|-damage|p2a: Annihilape|71\/100\n|-damage|p2b: Maushold|39\/100\n|move|p2b: Maushold|Beat Up|p2a: Annihilape\n|-damage|p2a: Annihilape|69\/100\n|-damage|p2a: Annihilape|67\/100\n|-damage|p2a: Annihilape|65\/100\n|-damage|p2a: Annihilape|63\/100\n|-hitcount|p2a: Annihilape|4\n|move|p2a: Annihilape|Rage Fist|p1a: Flutter Mane\n|-supereffective|p1a: Flutter Mane\n|-damage|p1a: Flutter Mane|0 fnt\n|faint|p1a: Flutter Mane\n|-end|p1a: Flutter Mane|Protosynthesis|[silent]\n|\n|upkeep\n|\n|t:|1681786441\n|switch|p1a: Great Tusk|Great Tusk, L50|100\/100\n|turn|2\n|\n|t:|1681786464\n|move|p1b: Chien-Pao|Protect|p1b: Chien-Pao\n|-singleturn|p1b: Chien-Pao|Protect\n|move|p2b: Maushold|Follow Me|p2b: Maushold\n|-singleturn|p2b: Maushold|move: Follow Me\n|move|p1a: Great Tusk|Earthquake|p2b: Maushold|[spread] p2a,p2b\n|-activate|p1b: Chien-Pao|move: Protect\n|-supereffective|p2a: Annihilape\n|-damage|p2a: Annihilape|0 fnt\n|-damage|p2b: Maushold|0 fnt\n|faint|p2a: Annihilape\n|faint|p2b: Maushold\n|\n|upkeep\n|\n|t:|1681786478\n|switch|p2b: Wo-Chien|Wo-Chien, L50|100\/100\n|switch|p2a: Ting-Lu|Ting-Lu, L50|100\/100\n|-ability|p2b: Wo-Chien|Tablets of Ruin\n|-ability|p2a: Ting-Lu|Vessel of Ruin\n|turn|3\n|\n|t:|1681786496\n|-end|p1a: Great Tusk|Protosynthesis|[silent]\n|switch|p1a: Torkoal|Torkoal, L50, F|100\/100\n|-weather|SunnyDay|[from] ability: Drought|[of] p1a: Torkoal\n|move|p1b: Chien-Pao|Ice Spinner|p2b: Wo-Chien\n|-supereffective|p2b: Wo-Chien\n|-damage|p2b: Wo-Chien|40\/100\n|move|p2b: Wo-Chien|Leech Seed|p1a: Torkoal\n|-start|p1a: Torkoal|move: Leech Seed\n|move|p2a: Ting-Lu|Heavy Slam|p1b: Chien-Pao\n|-supereffective|p1b: Chien-Pao\n|-damage|p1b: Chien-Pao|44\/100\n|\n|-weather|SunnyDay|[upkeep]\n|-heal|p2b: Wo-Chien|46\/100|[from] item: Leftovers\n|-damage|p1a: Torkoal|88\/100|[from] Leech Seed|[of] p2b: Wo-Chien\n|-heal|p2b: Wo-Chien|57\/100|[silent]\n|upkeep\n|turn|4\n|\n|t:|1681786518\n|switch|p1a: Great Tusk|Great Tusk, L50|100\/100\n|-activate|p1a: Great Tusk|ability: Protosynthesis\n|-start|p1a: Great Tusk|protosynthesisatk\n|move|p2b: Wo-Chien|Protect|p2b: Wo-Chien\n|-singleturn|p2b: Wo-Chien|Protect\n|move|p1b: Chien-Pao|Ice Spinner|p2a: Ting-Lu\n|-supereffective|p2a: Ting-Lu\n|-damage|p2a: Ting-Lu|63\/100\n|move|p2a: Ting-Lu|Heavy Slam|p1b: Chien-Pao\n|-supereffective|p1b: Chien-Pao\n|-damage|p1b: Chien-Pao|0 fnt\n|faint|p1b: Chien-Pao\n|\n|-weather|SunnyDay|[upkeep]\n|-heal|p2b: Wo-Chien|63\/100|[from] item: Leftovers\n|upkeep\n|\n|t:|1681786526\n|switch|p1b: Torkoal|Torkoal, L50, F|88\/100\n|turn|5\n|\n|t:|1681786550\n|move|p1a: Great Tusk|Close Combat|p2a: Ting-Lu\n|-supereffective|p2a: Ting-Lu\n|-damage|p2a: Ting-Lu|0 fnt\n|-unboost|p1a: Great Tusk|def|1\n|-unboost|p1a: Great Tusk|spd|1\n|faint|p2a: Ting-Lu\n|move|p2b: Wo-Chien|Leech Seed|p1a: Great Tusk\n|-start|p1a: Great Tusk|move: Leech Seed\n|move|p1b: Torkoal|Overheat|p2b: Wo-Chien\n|-supereffective|p2b: Wo-Chien\n|-damage|p2b: Wo-Chien|0 fnt\n|-unboost|p1b: Torkoal|spa|2\n|faint|p2b: Wo-Chien\n|\n|win|Vulnerarily\n|raw|Vulnerarily's rating: 1326 → 1345<\/strong> (+19 for winning)\n|raw|ruking511's rating: 1302 → 1283<\/strong> (-19 for losing)\n|c|\u2606Vulnerarily|gg\n","uploadtime":1681786557,"views":3,"p1id":"vulnerarily","p2id":"ruking511","formatid":"gen9vgc2023regulationc","rating":1283,"private":0,"password":""}