{"id":"gen9vgc2023regulationc-1847515930","p1":"Sprye0216","p2":"kyoko2346","format":"[Gen 9] VGC 2023 Regulation C","log":"|j|\u2606Sprye0216\n|j|\u2606kyoko2346\n|t:|1681965708\n|gametype|doubles\n|player|p1|Sprye0216|skyla|1201\n|player|p2|kyoko2346|2|1202\n|teamsize|p1|6\n|teamsize|p2|6\n|gen|9\n|tier|[Gen 9] VGC 2023 Regulation C\n|rated|\n|rule|Species Clause: Limit one of each Pok\u00e9mon\n|rule|Item Clause: Limit one of each item\n|clearpoke\n|poke|p1|Talonflame, L50, M|\n|poke|p1|Garchomp, L50, M|\n|poke|p1|Gholdengo, L50|\n|poke|p1|Palafin, L50, F|\n|poke|p1|Amoonguss, L50, F|\n|poke|p1|Ting-Lu, L50|\n|poke|p2|Annihilape, L50, M|\n|poke|p2|Maushold, L50|\n|poke|p2|Chien-Pao, L50|\n|poke|p2|Ting-Lu, L50|\n|poke|p2|Kingambit, L50, M|\n|poke|p2|Gothitelle, L50, M|\n|teampreview|4\nSprye0216 has agreed to open team sheets.\n|\n|t:|1681965741\n|start\n|switch|p1a: Talonflame|Talonflame, L50, M|100\/100\n|switch|p1b: Garchomp|Garchomp, L50, M|100\/100\n|switch|p2a: Maushold|Maushold, L50|100\/100\n|switch|p2b: Annihilape|Annihilape, L50, M|100\/100\n|turn|1\n|\n|t:|1681965764\n|move|p2b: Annihilape|Final Gambit|p1b: Garchomp\n|-damage|p1b: Garchomp|0 fnt\n|faint|p2b: Annihilape\n|faint|p1b: Garchomp\n|move|p1a: Talonflame|Will-O-Wisp|p2a: Maushold\n|-status|p2a: Maushold|brn\n|move|p2a: Maushold|Population Bomb|p1a: Talonflame\n|-damage|p1a: Talonflame|93\/100\n|-damage|p1a: Talonflame|84\/100\n|-damage|p1a: Talonflame|77\/100\n|-damage|p1a: Talonflame|70\/100\n|-damage|p1a: Talonflame|62\/100\n|-damage|p1a: Talonflame|55\/100\n|-damage|p1a: Talonflame|49\/100\n|-damage|p1a: Talonflame|41\/100\n|-damage|p1a: Talonflame|34\/100\n|-damage|p1a: Talonflame|28\/100\n|-hitcount|p1a: Talonflame|10\n|\n|-damage|p2a: Maushold|94\/100 brn|[from] brn\n|upkeep\n|\n|t:|1681965787\n|switch|p2b: Chien-Pao|Chien-Pao, L50|100\/100\n|switch|p1b: Ting-Lu|Ting-Lu, L50|100\/100\n|-ability|p2b: Chien-Pao|Sword of Ruin\n|-ability|p1b: Ting-Lu|Vessel of Ruin\n|turn|2\n|\n|t:|1681965817\n|-terastallize|p1b: Ting-Lu|Poison\n|move|p2b: Chien-Pao|Ice Spinner|p1a: Talonflame\n|-damage|p1a: Talonflame|0 fnt\n|faint|p1a: Talonflame\n|move|p2a: Maushold|Population Bomb|p1b: Ting-Lu\n|-damage|p1b: Ting-Lu|96\/100\n|-damage|p1b: Ting-Lu|92\/100\n|-damage|p1b: Ting-Lu|88\/100\n|-damage|p1b: Ting-Lu|83\/100\n|-damage|p1b: Ting-Lu|79\/100\n|-damage|p1b: Ting-Lu|75\/100\n|-damage|p1b: Ting-Lu|70\/100\n|-damage|p1b: Ting-Lu|66\/100\n|-damage|p1b: Ting-Lu|62\/100\n|-damage|p1b: Ting-Lu|58\/100\n|-hitcount|p1b: Ting-Lu|10\n|move|p1b: Ting-Lu|Fissure|p2b: Chien-Pao\n|-enditem|p2b: Chien-Pao|Focus Sash\n|-damage|p2b: Chien-Pao|1\/100\n|\n|-damage|p2a: Maushold|88\/100 brn|[from] brn\n|upkeep\n|\n|t:|1681965840\n|switch|p1a: Amoonguss|Amoonguss, L50, F|100\/100\n|turn|3\n|\n|t:|1681965865\n|move|p1a: Amoonguss|Protect|p1a: Amoonguss\n|-singleturn|p1a: Amoonguss|Protect\n|move|p2b: Chien-Pao|Ice Spinner|p1a: Amoonguss\n|-activate|p1a: Amoonguss|move: Protect\n|move|p2a: Maushold|Population Bomb|p1b: Ting-Lu\n|-damage|p1b: Ting-Lu|54\/100\n|-damage|p1b: Ting-Lu|50\/100\n|-damage|p1b: Ting-Lu|46\/100\n|-damage|p1b: Ting-Lu|42\/100\n|-crit|p1b: Ting-Lu\n|-damage|p1b: Ting-Lu|36\/100\n|-damage|p1b: Ting-Lu|32\/100\n|-damage|p1b: Ting-Lu|28\/100\n|-damage|p1b: Ting-Lu|24\/100\n|-damage|p1b: Ting-Lu|20\/100\n|-damage|p1b: Ting-Lu|15\/100\n|-hitcount|p1b: Ting-Lu|10\n|move|p1b: Ting-Lu|Fissure|p2a: Maushold\n|-damage|p2a: Maushold|0 fnt\n|faint|p2a: Maushold\n|-ohko\n|\n|upkeep\n|\n|t:|1681965868\n|switch|p2a: Kingambit|Kingambit, L50, M|100\/100\n|turn|4\n|\n|t:|1681965894\n|-terastallize|p2a: Kingambit|Flying\n|move|p2b: Chien-Pao|Ice Spinner|p1a: Amoonguss\n|-supereffective|p1a: Amoonguss\n|-damage|p1a: Amoonguss|15\/100\n|-enditem|p1a: Amoonguss|Sitrus Berry|[eat]\n|-heal|p1a: Amoonguss|40\/100|[from] item: Sitrus Berry\n|move|p2a: Kingambit|Kowtow Cleave|p1b: Ting-Lu\n|-damage|p1b: Ting-Lu|0 fnt\n|faint|p1b: Ting-Lu\n|move|p1a: Amoonguss|Pollen Puff|p2b: Chien-Pao\n|-supereffective|p2b: Chien-Pao\n|-damage|p2b: Chien-Pao|0 fnt\n|faint|p2b: Chien-Pao\n|\n|upkeep\n|turn|5\n|\n|t:|1681965913\n|move|p2a: Kingambit|Kowtow Cleave|p1a: Amoonguss\n|-damage|p1a: Amoonguss|0 fnt\n|faint|p1a: Amoonguss\n|\n|win|kyoko2346\n|raw|Sprye0216's rating: 1201 → 1176<\/strong> (-25 for losing)\n|raw|kyoko2346's rating: 1202 → 1227<\/strong> (+25 for winning)\n","uploadtime":1681965919,"views":7,"p1id":"sprye0216","p2id":"kyoko2346","formatid":"gen9vgc2023regulationc","rating":1176,"private":0,"password":""}