{"id":"gen9vgc2023regulationc-1847194984","p1":"fer666","p2":"xingtian666","format":"[Gen 9] VGC 2023 Regulation C","log":"|j|\u2606fer666\n|j|\u2606xingtian666\n|t:|1681926827\n|gametype|doubles\n|player|p1|fer666|101|1432\n|player|p2|xingtian666|266|1551\n|teamsize|p1|6\n|teamsize|p2|6\n|gen|9\n|tier|[Gen 9] VGC 2023 Regulation C\n|rated|\n|rule|Species Clause: Limit one of each Pok\u00e9mon\n|rule|Item Clause: Limit one of each item\n|clearpoke\n|poke|p1|Flutter Mane, L50|\n|poke|p1|Arcanine, L50, F|\n|poke|p1|Amoonguss, L50, F|\n|poke|p1|Maushold, L50|\n|poke|p1|Palafin, L50, M|\n|poke|p1|Annihilape, L50, F|\n|poke|p2|Ting-Lu, L50|\n|poke|p2|Amoonguss, L50, F|\n|poke|p2|Abomasnow, L50, F|\n|poke|p2|Iron Bundle, L50|\n|poke|p2|Baxcalibur, L50, M|\n|poke|p2|Gyarados, L50, F|\n|teampreview|4\n|inactive|Battle timer is ON: inactive players will automatically lose when time's up. (requested by xingtian666)\n|inactive|fer666 has 60 seconds left.\n|inactive|xingtian666 has 60 seconds left.\n|\n|t:|1681926865\n|start\n|switch|p1a: Annihilape|Annihilape, L50, F|100\/100\n|switch|p1b: Maushold|Maushold, L50|100\/100\n|switch|p2a: Iron Bundle|Iron Bundle, L50, shiny|100\/100\n|switch|p2b: Abomasnow|Abomasnow, L50, F, shiny|100\/100\n|-weather|Snow|[from] ability: Snow Warning|[of] p2b: Abomasnow\n|-enditem|p2a: Iron Bundle|Booster Energy\n|-activate|p2a: Iron Bundle|ability: Quark Drive|[fromitem]\n|-start|p2a: Iron Bundle|quarkdrivespe\n|turn|1\n|inactive|fer666 has 30 seconds left.\n|\n|t:|1681926893\n|move|p2a: Iron Bundle|Hydro Pump|p1a: Annihilape\n|-damage|p1a: Annihilape|67\/100\n|move|p1b: Maushold|Beat Up|p1a: Annihilape\n|-damage|p1a: Annihilape|65\/100\n|-damage|p1a: Annihilape|63\/100\n|-damage|p1a: Annihilape|61\/100\n|-damage|p1a: Annihilape|60\/100\n|-hitcount|p1a: Annihilape|4\n|move|p2b: Abomasnow|Aurora Veil|p2b: Abomasnow\n|-sidestart|p2: xingtian666|move: Aurora Veil\n|move|p1a: Annihilape|Rage Fist|p2b: Abomasnow\n|-damage|p2b: Abomasnow|6\/100\n|\n|-weather|Snow|[upkeep]\n|-heal|p1a: Annihilape|66\/100|[from] item: Leftovers\n|upkeep\n|turn|2\n|inactive|fer666 has 30 seconds left.\n|inactive|xingtian666 has 30 seconds left.\n|\n|t:|1681926928\n|move|p1b: Maushold|Feint|p2b: Abomasnow\n|-damage|p2b: Abomasnow|0 fnt\n|faint|p2b: Abomasnow\n|move|p2a: Iron Bundle|Blizzard|p1b: Maushold|[spread] p1a,p1b\n|-crit|p1b: Maushold\n|-damage|p1a: Annihilape|39\/100\n|-damage|p1b: Maushold|37\/100\n|move|p1a: Annihilape|Drain Punch|p2a: Iron Bundle\n|-supereffective|p2a: Iron Bundle\n|-damage|p2a: Iron Bundle|64\/100\n|-heal|p1a: Annihilape|52\/100|[from] drain|[of] p2a: Iron Bundle\n|\n|-weather|Snow|[upkeep]\n|-heal|p1a: Annihilape|58\/100|[from] item: Leftovers\n|upkeep\n|\n|t:|1681926942\n|switch|p2b: Baxcalibur|Baxcalibur, L50, M, shiny|100\/100\n|turn|3\n|\n|t:|1681926965\n|move|p1b: Maushold|Follow Me|p1b: Maushold\n|-singleturn|p1b: Maushold|move: Follow Me\n|move|p2a: Iron Bundle|Blizzard|p1a: Annihilape|[spread] p1a,p1b\n|-damage|p1a: Annihilape|35\/100\n|-damage|p1b: Maushold|0 fnt\n|faint|p1b: Maushold\n|move|p2b: Baxcalibur|Glaive Rush|p1a: Annihilape\n|-damage|p1a: Annihilape|0 fnt\n|-singlemove|p2b: Baxcalibur|Glaive Rush|[silent]\n|faint|p1a: Annihilape\n|\n|-weather|Snow|[upkeep]\n|upkeep\n|\n|t:|1681926975\n|switch|p1b: Flutter Mane|Flutter Mane, L50|100\/100\n|switch|p1a: Arcanine|Arcanine, L50, F|100\/100\n|-ability|p1a: Arcanine|Intimidate|boost\n|-unboost|p2a: Iron Bundle|atk|1\n|-unboost|p2b: Baxcalibur|atk|1\n|turn|4\n|inactive|fer666 has 30 seconds left.\n|\n|t:|1681927005\n|switch|p2b: Gyarados|Gyarados, L50, F, shiny|100\/100\n|-ability|p2b: Gyarados|Intimidate|boost\n|-unboost|p1a: Arcanine|atk|1\n|-unboost|p1b: Flutter Mane|atk|1\n|move|p2a: Iron Bundle|Protect|p2a: Iron Bundle\n|-singleturn|p2a: Iron Bundle|Protect\n|move|p1a: Arcanine|Protect|p1a: Arcanine\n|-singleturn|p1a: Arcanine|Protect\n|move|p1b: Flutter Mane|Dazzling Gleam|p2a: Iron Bundle|[spread] p2b\n|-activate|p2a: Iron Bundle|move: Protect\n|-damage|p2b: Gyarados|67\/100\n|\n|-weather|Snow|[upkeep]\n|upkeep\n|turn|5\n|inactive|fer666 has 30 seconds left.\n|\n|t:|1681927031\n|-terastallize|p1a: Arcanine|Grass\n|move|p1a: Arcanine|Extreme Speed|p2a: Iron Bundle\n|-damage|p2a: Iron Bundle|57\/100\n|move|p2a: Iron Bundle|Icy Wind|p1a: Arcanine|[spread] p1a,p1b\n|-supereffective|p1a: Arcanine\n|-damage|p1a: Arcanine|63\/100\n|-damage|p1b: Flutter Mane|81\/100\n|-unboost|p1a: Arcanine|spe|1\n|-unboost|p1b: Flutter Mane|spe|1\n|move|p2b: Gyarados|Waterfall|p1a: Arcanine\n|-resisted|p1a: Arcanine\n|-damage|p1a: Arcanine|36\/100\n|-enditem|p1a: Arcanine|Sitrus Berry|[eat]\n|-heal|p1a: Arcanine|61\/100|[from] item: Sitrus Berry\n|-damage|p2b: Gyarados|57\/100|[from] item: Life Orb\n|move|p1b: Flutter Mane|Dazzling Gleam|p2a: Iron Bundle|[spread] p2a,p2b\n|-damage|p2a: Iron Bundle|0 fnt\n|-damage|p2b: Gyarados|25\/100\n|faint|p2a: Iron Bundle\n|-end|p2a: Iron Bundle|Quark Drive|[silent]\n|\n|-weather|none\n|upkeep\n|\n|t:|1681927051\n|switch|p2a: Baxcalibur|Baxcalibur, L50, M, shiny|100\/100\n|turn|6\n|\n|t:|1681927069\n|-terastallize|p2a: Baxcalibur|Poison\n|move|p2b: Gyarados|Waterfall|p1a: Arcanine\n|-resisted|p1a: Arcanine\n|-damage|p1a: Arcanine|36\/100\n|-damage|p2b: Gyarados|15\/100|[from] item: Life Orb\n|move|p2a: Baxcalibur|Icicle Spear|p1b: Flutter Mane\n|-damage|p1b: Flutter Mane|50\/100\n|-damage|p1b: Flutter Mane|20\/100\n|-damage|p1b: Flutter Mane|0 fnt\n|faint|p1b: Flutter Mane\n|-end|p1b: Flutter Mane|Protosynthesis|[silent]\n|-hitcount|p1: Flutter Mane|3\n|move|p1a: Arcanine|Flare Blitz|p2a: Baxcalibur\n|-damage|p2a: Baxcalibur|78\/100\n|-ability|p2a: Baxcalibur|Thermal Exchange|boost\n|-boost|p2a: Baxcalibur|atk|1\n|-damage|p1a: Arcanine|28\/100|[from] Recoil\n|\n|upkeep\n|turn|7\n|-message|fer666 forfeited.\n|\n|win|xingtian666\n|raw|fer666's rating: 1432 → 1419<\/strong> (-13 for losing)\n|raw|xingtian666's rating: 1551 → 1564<\/strong> (+13 for winning)\n|l|\u2606fer666\n","uploadtime":1681927098,"views":12,"p1id":"fer666","p2id":"xingtian666","formatid":"gen9vgc2023regulationc","rating":1419,"private":0,"password":""}