{"id":"gen9vgc2023regulationc-1853087602","p1":"B.AngelOwO","p2":"SweetSerenityGrace","format":"[Gen 9] VGC 2023 Regulation C","log":"|j|\u2606B.AngelOwO\n|j|\u2606SweetSerenityGrace\n|t:|1682633625\n|gametype|doubles\n|player|p1|B.AngelOwO|guitarist|1178\n|player|p2|SweetSerenityGrace|iris-gen5bw2|1183\n|teamsize|p1|6\n|teamsize|p2|6\n|gen|9\n|tier|[Gen 9] VGC 2023 Regulation C\n|rated|\n|rule|Species Clause: Limit one of each Pok\u00e9mon\n|rule|Item Clause: Limit one of each item\n|clearpoke\n|poke|p1|Florges-Yellow, L50, F|\n|poke|p1|Mudsdale, L50, M|\n|poke|p1|Indeedee-F, L50, F|\n|poke|p1|Luxray, L50, M|\n|poke|p1|Armarouge, L50, M|\n|poke|p1|Flutter Mane, L50|\n|poke|p2|Flutter Mane, L50|\n|poke|p2|Chi-Yu, L50|\n|poke|p2|Chien-Pao, L50|\n|poke|p2|Dragonite, L50, F|\n|poke|p2|Grimmsnarl, L50, M|\n|poke|p2|Amoonguss, L50, F|\n|teampreview|4\n|inactive|Battle timer is ON: inactive players will automatically lose when time's up. (requested by B.AngelOwO)\nSweetSerenityGrace rejected open team sheets.\n|inactive|B.AngelOwO has 60 seconds left.\n|\n|t:|1682633672\n|start\n|switch|p1a: Florges|Florges-Yellow, L50, F|100\/100\n|switch|p1b: Indeedee|Indeedee-F, L50, F|100\/100\n|switch|p2a: Big Missy|Flutter Mane, L50|100\/100\n|switch|p2b: Chi-Yu|Chi-Yu, L50|100\/100\n|-ability|p2b: Chi-Yu|Beads of Ruin\n|-fieldstart|move: Psychic Terrain|[from] ability: Psychic Surge|[of] p1b: Indeedee\n|-enditem|p2a: Big Missy|Booster Energy\n|-activate|p2a: Big Missy|ability: Protosynthesis|[fromitem]\n|-start|p2a: Big Missy|protosynthesisspe\n|turn|1\n|\n|t:|1682633691\n|switch|p1a: Armarouge|Armarouge, L50, M|100\/100\n|move|p2a: Big Missy|Protect|p2a: Big Missy\n|-singleturn|p2a: Big Missy|Protect\n|move|p2b: Chi-Yu|Protect|p2b: Chi-Yu\n|-singleturn|p2b: Chi-Yu|Protect\n|move|p1b: Indeedee|Trick Room|p1b: Indeedee\n|-fieldstart|move: Trick Room|[of] p1b: Indeedee\n|\n|upkeep\n|turn|2\n|\n|t:|1682633720\n|move|p1b: Indeedee|Helping Hand|p1a: Armarouge\n|-singleturn|p1a: Armarouge|Helping Hand|[of] p1b: Indeedee\n|move|p1a: Armarouge|Expanding Force|p2a: Big Missy|[spread] p2a\n|-immune|p2b: Chi-Yu\n|-crit|p2a: Big Missy\n|-damage|p2a: Big Missy|0 fnt\n|faint|p2a: Big Missy\n|-end|p2a: Big Missy|Protosynthesis|[silent]\n|move|p2b: Chi-Yu|Dark Pulse|p1a: Armarouge\n|-supereffective|p1a: Armarouge\n|-damage|p1a: Armarouge|10\/100\n|\n|upkeep\n|\n|t:|1682633735\n|switch|p2a: Shroomie|Amoonguss, L50, F|100\/100\n|turn|3\n|\n|t:|1682633752\n|move|p1b: Indeedee|Helping Hand|p1a: Armarouge\n|-singleturn|p1a: Armarouge|Helping Hand|[of] p1b: Indeedee\n|move|p2a: Shroomie|Spore|p1a: Armarouge\n|-status|p1a: Armarouge|slp|[from] move: Spore\n|cant|p1a: Armarouge|slp\n|move|p2b: Chi-Yu|Dark Pulse|p1b: Indeedee\n|-supereffective|p1b: Indeedee\n|-damage|p1b: Indeedee|15\/100\n|\n|upkeep\n|turn|4\n|\n|t:|1682633768\n|switch|p1a: Florges|Florges-Yellow, L50, F|100\/100\n|move|p2a: Shroomie|Spore|p1b: Indeedee\n|-status|p1b: Indeedee|slp|[from] move: Spore\n|cant|p1b: Indeedee|slp\n|move|p2b: Chi-Yu|Heat Wave|p1b: Indeedee|[spread] p1a,p1b\n|-damage|p1a: Florges|70\/100\n|-damage|p1b: Indeedee|0 fnt\n|faint|p1b: Indeedee\n|\n|-heal|p1a: Florges|76\/100|[from] item: Leftovers\n|upkeep\n|\n|t:|1682633782\n|switch|p1b: Mudsdale|Mudsdale, L50, M|100\/100\n|turn|5\n|\n|t:|1682633797\n|move|p1b: Mudsdale|Protect|p1b: Mudsdale\n|-singleturn|p1b: Mudsdale|Protect\n|move|p2a: Shroomie|Spore|p1b: Mudsdale\n|-activate|p1b: Mudsdale|move: Protect\n|move|p1a: Florges|Misty Terrain|p1a: Florges\n|-fieldstart|move: Misty Terrain\n|move|p2b: Chi-Yu|Heat Wave|p1b: Mudsdale|[spread] \n|-activate|p1b: Mudsdale|move: Protect\n|-miss|p2b: Chi-Yu|p1a: Florges\n|\n|-heal|p1a: Florges|82\/100|[from] item: Leftovers\n|-fieldend|move: Trick Room\n|upkeep\n|turn|6\n|\n|t:|1682633819\n|move|p2a: Shroomie|Rage Powder|p2a: Shroomie\n|-singleturn|p2a: Shroomie|move: Rage Powder\n|move|p2b: Chi-Yu|Heat Wave|p1a: Florges|[spread] p1a,p1b\n|-damage|p1a: Florges|55\/100\n|-damage|p1b: Mudsdale|72\/100\n|-ability|p1b: Mudsdale|Stamina|boost\n|-boost|p1b: Mudsdale|def|1\n|move|p1a: Florges|Pollen Puff|p2a: Shroomie\n|-damage|p2a: Shroomie|72\/100\n|move|p1b: Mudsdale|High Horsepower|p2a: Shroomie|[miss]\n|-miss|p1b: Mudsdale|p2a: Shroomie\n|\n|-heal|p1a: Florges|61\/100|[from] item: Leftovers\n|upkeep\n|turn|7\n|\n|t:|1682633836\n|move|p2a: Shroomie|Rage Powder|p2a: Shroomie\n|-singleturn|p2a: Shroomie|move: Rage Powder\n|move|p2b: Chi-Yu|Dark Pulse|p1b: Mudsdale\n|-damage|p1b: Mudsdale|41\/100\n|-ability|p1b: Mudsdale|Stamina|boost\n|-boost|p1b: Mudsdale|def|1\n|move|p1a: Florges|Petal Blizzard|p2b: Chi-Yu|[spread] p1b,p2a,p2b\n|-supereffective|p1b: Mudsdale\n|-resisted|p2a: Shroomie\n|-resisted|p2b: Chi-Yu\n|-damage|p1b: Mudsdale|32\/100\n|-damage|p2a: Shroomie|70\/100\n|-damage|p2b: Chi-Yu|94\/100\n|-ability|p1b: Mudsdale|Stamina|boost\n|-boost|p1b: Mudsdale|def|1\n|-enditem|p1b: Mudsdale|Weakness Policy\n|-boost|p1b: Mudsdale|atk|2|[from] item: Weakness Policy\n|-boost|p1b: Mudsdale|spa|2|[from] item: Weakness Policy\n|-activate|p1a: Florges|ability: Symbiosis|Leftovers|[of] p1b: Mudsdale\n|move|p1b: Mudsdale|High Horsepower|p2a: Shroomie\n|-damage|p2a: Shroomie|12\/100\n|-damage|p1b: Mudsdale|15\/100|[from] item: Rocky Helmet|[of] p2a: Shroomie\n|\n|-heal|p2b: Chi-Yu|100\/100|[from] item: Leftovers\n|-heal|p1b: Mudsdale|21\/100|[from] item: Leftovers\n|upkeep\n|turn|8\n|inactive|B.AngelOwO has 30 seconds left.\n|\n|t:|1682633864\n|move|p1b: Mudsdale|Protect|p1b: Mudsdale\n|-singleturn|p1b: Mudsdale|Protect\n|move|p2a: Shroomie|Rage Powder|p2a: Shroomie\n|-singleturn|p2a: Shroomie|move: Rage Powder\n|move|p2b: Chi-Yu|Dark Pulse|p1b: Mudsdale\n|-activate|p1b: Mudsdale|move: Protect\n|move|p1a: Florges|Moonblast|p2a: Shroomie\n|-resisted|p2a: Shroomie\n|-damage|p2a: Shroomie|0 fnt\n|faint|p2a: Shroomie\n|\n|-heal|p1b: Mudsdale|27\/100|[from] item: Leftovers\n|upkeep\n|\n|t:|1682633876\n|switch|p2a: Dragonite|Dragonite, L50, F|100\/100\n|turn|9\n|\n|t:|1682633898\n|-terastallize|p2a: Dragonite|Normal\n|move|p2b: Chi-Yu|Protect|p2b: Chi-Yu\n|-singleturn|p2b: Chi-Yu|Protect\n|move|p1b: Mudsdale|Protect|p1b: Mudsdale\n|-singleturn|p1b: Mudsdale|Protect\n|move|p2a: Dragonite|Dragon Dance|p2a: Dragonite\n|-boost|p2a: Dragonite|atk|1\n|-boost|p2a: Dragonite|spe|1\n|move|p1a: Florges|Moonblast|p2b: Chi-Yu\n|-activate|p2b: Chi-Yu|move: Protect\n|\n|-heal|p1b: Mudsdale|33\/100|[from] item: Leftovers\n|-fieldend|Misty Terrain\n|upkeep\n|turn|10\n|\n|t:|1682633920\n|-terastallize|p1b: Mudsdale|Steel\n|move|p2a: Dragonite|Extreme Speed|p1b: Mudsdale\n|-resisted|p1b: Mudsdale\n|-damage|p1b: Mudsdale|21\/100\n|-ability|p1b: Mudsdale|Stamina|boost\n|-boost|p1b: Mudsdale|def|1\n|move|p2b: Chi-Yu|Heat Wave|p1b: Mudsdale|[spread] p1a,p1b\n|-supereffective|p1b: Mudsdale\n|-crit|p1b: Mudsdale\n|-damage|p1a: Florges|35\/100\n|-damage|p1b: Mudsdale|0 fnt\n|-status|p1a: Florges|brn\n|faint|p1b: Mudsdale\n|move|p1a: Florges|Moonblast|p2b: Chi-Yu\n|-damage|p2b: Chi-Yu|73\/100\n|-unboost|p2b: Chi-Yu|spa|1\n|\n|-heal|p2b: Chi-Yu|79\/100|[from] item: Leftovers\n|-damage|p1a: Florges|29\/100 brn|[from] brn\n|upkeep\n|\n|t:|1682633940\n|switch|p1b: Armarouge|Armarouge, L50, M|10\/100 slp\n|turn|11\n|-message|B.AngelOwO forfeited.\n|\n|win|SweetSerenityGrace\n|raw|B.AngelOwO's rating: 1178 → 1153<\/strong> (-25 for losing)\n|raw|SweetSerenityGrace's rating: 1183 → 1208<\/strong> (+25 for winning)\n|l|\u2606B.AngelOwO\n","uploadtime":1682633955,"views":10,"p1id":"bangelowo","p2id":"sweetserenitygrace","formatid":"gen9vgc2023regulationc","rating":1153,"private":0,"password":""}