{"id":"gen9vgc2023regulationc-1856363000","p1":"8848kk","p2":"carlospe1205","format":"[Gen 9] VGC 2023 Regulation C","log":"|j|\u26068848kk\n|j|\u2606carlospe1205\n|t:|1683054304\n|gametype|doubles\n|player|p1|8848kk|volkner|1037\n|player|p2|carlospe1205|bugsy|1090\n|teamsize|p1|6\n|teamsize|p2|6\n|gen|9\n|tier|[Gen 9] VGC 2023 Regulation C\n|rated|\n|rule|Species Clause: Limit one of each Pok\u00e9mon\n|rule|Item Clause: Limit one of each item\n|clearpoke\n|poke|p1|Baxcalibur, L50, F|\n|poke|p1|Palafin, L50, F|\n|poke|p1|Pelipper, L50, M|\n|poke|p1|Iron Hands, L50|\n|poke|p1|Amoonguss, L50, F|\n|poke|p1|Ting-Lu, L50|\n|poke|p2|Baxcalibur, L50, F|\n|poke|p2|Talonflame, L50, F|\n|poke|p2|Amoonguss, L50, F|\n|poke|p2|Grimmsnarl, L50, M|\n|poke|p2|Flutter Mane, L50|\n|poke|p2|Chi-Yu, L50|\n|teampreview|4\n|\n|t:|1683054321\n|start\n|switch|p1a: Palafin|Palafin, L50, F, shiny|100\/100\n|switch|p1b: Amoonguss|Amoonguss, L50, F, shiny|100\/100\n|switch|p2a: Krompus|Grimmsnarl, L50, M|100\/100\n|switch|p2b: Lourdes|Talonflame, L50, F|100\/100\n|turn|1\n|inactive|Battle timer is ON: inactive players will automatically lose when time's up. (requested by 8848kk)\n|\n|t:|1683054352\n|move|p2a: Krompus|Fake Out|p1a: Palafin\n|-damage|p1a: Palafin|82\/100\n|move|p2b: Lourdes|Taunt|p1b: Amoonguss\n|-start|p1b: Amoonguss|move: Taunt\n|-enditem|p1b: Amoonguss|Mental Herb\n|-end|p1b: Amoonguss|move: Taunt\n|cant|p1a: Palafin|flinch\n|move|p1b: Amoonguss|Spore|p2a: Krompus\n|-status|p2a: Krompus|slp|[from] move: Spore\n|\n|upkeep\n|turn|2\n|inactive|carlospe1205 has 30 seconds left.\n|inactive|carlospe1205 has 20 seconds left.\n|inactive|carlospe1205 has 15 seconds left.\n|inactive|carlospe1205 has 10 seconds left.\n|\n|t:|1683054401\n|-terastallize|p1a: Palafin|Water\n|move|p2b: Lourdes|Taunt|p1b: Amoonguss\n|-start|p1b: Amoonguss|move: Taunt\n|move|p1a: Palafin|Wave Crash|p2b: Lourdes\n|-supereffective|p2b: Lourdes\n|-damage|p2b: Lourdes|0 fnt\n|faint|p2b: Lourdes\n|-damage|p1a: Palafin|53\/100|[from] Recoil\n|cant|p2a: Krompus|slp\n|cant|p1b: Amoonguss|move: Taunt|Spore\n|\n|upkeep\n|\n|t:|1683054407\n|switch|p2b: Spiny|Baxcalibur, L50, F|100\/100\n|turn|3\n|\n|t:|1683054420\n|detailschange|p1a: Palafin|Palafin-Hero, L50, F, shiny, tera:Water\n|switch|p1a: Pelipper|Pelipper, L50, M, shiny|100\/100\n|-weather|RainDance|[from] ability: Drizzle|[of] p1a: Pelipper\n|switch|p1b: Ting-Lu|Ting-Lu, L50|100\/100\n|-ability|p1b: Ting-Lu|Vessel of Ruin\n|cant|p2a: Krompus|slp\n|move|p2b: Spiny|Glaive Rush|p1a: Pelipper\n|-damage|p1a: Pelipper|32\/100\n|-singlemove|p2b: Spiny|Glaive Rush|[silent]\n|\n|-weather|RainDance|[upkeep]\n|upkeep\n|turn|4\n|\n|t:|1683054440\n|switch|p2a: AMOGUS|Amoonguss, L50, F|100\/100\n|move|p2b: Spiny|Protect|p2b: Spiny\n|-singleturn|p2b: Spiny|Protect\n|move|p1a: Pelipper|Hurricane|p2b: Spiny\n|-activate|p2b: Spiny|move: Protect\n|move|p1b: Ting-Lu|Fissure|p2b: Spiny\n|-activate|p2b: Spiny|move: Protect\n|\n|-weather|RainDance|[upkeep]\n|upkeep\n|turn|5\n|\n|t:|1683054460\n|switch|p2b: Krompus|Grimmsnarl, L50, M|100\/100 slp\n|move|p1a: Pelipper|Protect|p1a: Pelipper\n|-singleturn|p1a: Pelipper|Protect\n|move|p1b: Ting-Lu|Stomping Tantrum|p2b: Krompus\n|-damage|p2b: Krompus|60\/100 slp\n|move|p2a: AMOGUS|Spore|p1b: Ting-Lu\n|-status|p1b: Ting-Lu|slp|[from] move: Spore\n|\n|-weather|RainDance|[upkeep]\n|upkeep\n|turn|6\n|\n|t:|1683054474\n|-curestatus|p2b: Krompus|slp|[msg]\n|move|p2b: Krompus|Fake Out|p1a: Pelipper\n|-damage|p1a: Pelipper|17\/100\n|cant|p1a: Pelipper|flinch\n|cant|p1b: Ting-Lu|slp\n|move|p2a: AMOGUS|Spore|p1a: Pelipper\n|-status|p1a: Pelipper|slp|[from] move: Spore\n|\n|-weather|RainDance|[upkeep]\n|upkeep\n|turn|7\n|\n|t:|1683054486\n|cant|p1a: Pelipper|slp\n|move|p2b: Krompus|Light Screen|p2b: Krompus\n|-sidestart|p2: carlospe1205|move: Light Screen\n|cant|p1b: Ting-Lu|slp\n|move|p2a: AMOGUS|Pollen Puff|p2b: Krompus\n|-heal|p2b: Krompus|100\/100\n|\n|-weather|none\n|upkeep\n|turn|8\n|\n|t:|1683054495\n|switch|p2a: Spiny|Baxcalibur, L50, F|100\/100\n|move|p2b: Krompus|Spirit Break|p1b: Ting-Lu\n|-supereffective|p1b: Ting-Lu\n|-damage|p1b: Ting-Lu|54\/100 slp\n|-unboost|p1b: Ting-Lu|spa|1\n|cant|p1a: Pelipper|slp\n|-curestatus|p1b: Ting-Lu|slp|[msg]\n|move|p1b: Ting-Lu|Stomping Tantrum|p2b: Krompus\n|-damage|p2b: Krompus|24\/100\n|\n|upkeep\n|turn|9\n|\n|t:|1683054520\n|move|p2a: Spiny|Protect|p2a: Spiny\n|-singleturn|p2a: Spiny|Protect\n|move|p2b: Krompus|Spirit Break|p1b: Ting-Lu\n|-supereffective|p1b: Ting-Lu\n|-damage|p1b: Ting-Lu|7\/100\n|-unboost|p1b: Ting-Lu|spa|1\n|cant|p1a: Pelipper|slp\n|move|p1b: Ting-Lu|Heavy Slam|p2b: Krompus\n|-supereffective|p2b: Krompus\n|-damage|p2b: Krompus|0 fnt\n|faint|p2b: Krompus\n|\n|upkeep\n|\n|t:|1683054526\n|switch|p2b: AMOGUS|Amoonguss, L50, F|100\/100\n|turn|10\n|\n|t:|1683054537\n|move|p2a: Spiny|Ice Shard|p1b: Ting-Lu\n|-supereffective|p1b: Ting-Lu\n|-damage|p1b: Ting-Lu|0 fnt\n|faint|p1b: Ting-Lu\n|-curestatus|p1a: Pelipper|slp|[msg]\n|move|p1a: Pelipper|Tailwind|p1a: Pelipper\n|-sidestart|p1: 8848kk|move: Tailwind\n|move|p2b: AMOGUS|Clear Smog|p1a: Pelipper\n|-damage|p1a: Pelipper|0 fnt\n|-clearboost|p1a: Pelipper\n|faint|p1a: Pelipper\n|\n|upkeep\n|\n|t:|1683054547\n|switch|p1a: Palafin|Palafin-Hero, L50, F, shiny, tera:Water|53\/100\n|switch|p1b: Amoonguss|Amoonguss, L50, F, shiny|100\/100\n|-activate|p1a: Palafin|ability: Zero to Hero\n|turn|11\n|\n|t:|1683054569\n|move|p1a: Palafin|Protect|p1a: Palafin\n|-singleturn|p1a: Palafin|Protect\n|move|p2a: Spiny|Protect|p2a: Spiny\n|-singleturn|p2a: Spiny|Protect\n|move|p1b: Amoonguss|Spore|p2a: Spiny\n|-activate|p2a: Spiny|move: Protect\n|move|p2b: AMOGUS|Spore|p1a: Palafin\n|-activate|p1a: Palafin|move: Protect\n|\n|upkeep\n|turn|12\n|\n|t:|1683054590\n|move|p1a: Palafin|Jet Punch|p2a: Spiny\n|-resisted|p2a: Spiny\n|-damage|p2a: Spiny|66\/100\n|move|p2a: Spiny|Glaive Rush|p1b: Amoonguss\n|-damage|p1b: Amoonguss|27\/100\n|-singlemove|p2a: Spiny|Glaive Rush|[silent]\n|move|p1b: Amoonguss|Pollen Puff|p1a: Palafin\n|-heal|p1a: Palafin|100\/100\n|move|p2b: AMOGUS|Spore|p1a: Palafin\n|-status|p1a: Palafin|slp|[from] move: Spore\n|\n|upkeep\n|turn|13\n|\n|t:|1683054607\n|move|p2a: Spiny|Ice Shard|p1b: Amoonguss\n|-supereffective|p1b: Amoonguss\n|-damage|p1b: Amoonguss|0 fnt\n|faint|p1b: Amoonguss\n|cant|p1a: Palafin|slp\n|move|p2b: AMOGUS|Pollen Puff|p2a: Spiny\n|-heal|p2a: Spiny|100\/100\n|\n|-sideend|p1: 8848kk|move: Tailwind\n|upkeep\n|turn|14\n|\n|t:|1683054621\n|cant|p1a: Palafin|slp\n|move|p2a: Spiny|Glaive Rush|p1a: Palafin\n|-damage|p1a: Palafin|35\/100 slp\n|-singlemove|p2a: Spiny|Glaive Rush|[silent]\n|move|p2b: AMOGUS|Clear Smog|p1a: Palafin\n|-damage|p1a: Palafin|18\/100 slp\n|-clearboost|p1a: Palafin\n|\n|-sideend|p2: carlospe1205|move: Light Screen\n|upkeep\n|turn|15\n|-message|8848kk forfeited.\n|\n|win|carlospe1205\n|raw|8848kk's rating: 1037 → 1024<\/strong> (-13 for losing)\n|raw|carlospe1205's rating: 1090 → 1112<\/strong> (+22 for winning)\n|l|\u26068848kk\n","uploadtime":1683054635,"views":9,"p1id":"8848kk","p2id":"carlospe1205","formatid":"gen9vgc2023regulationc","rating":1024,"private":0,"password":""}