{"id":"gen9vgc2023regulationc-1852021381","p1":"philmega","p2":"c_gull","format":"[Gen 9] VGC 2023 Regulation C","log":"|j|\u2606philmega\n|j|\u2606c_gull\n|t:|1682517453\n|gametype|doubles\n|player|p1|philmega|steven|1287\n|player|p2|c_gull|ethan|1237\n|teamsize|p1|6\n|teamsize|p2|6\n|gen|9\n|tier|[Gen 9] VGC 2023 Regulation C\n|rated|\n|rule|Species Clause: Limit one of each Pok\u00e9mon\n|rule|Item Clause: Limit one of each item\n|clearpoke\n|poke|p1|Scizor, L50, F|\n|poke|p1|Iron Bundle, L50|\n|poke|p1|Tatsugiri-Droopy, L50, M|\n|poke|p1|Flutter Mane, L50|\n|poke|p1|Talonflame, L50, M|\n|poke|p1|Chi-Yu, L50|\n|poke|p2|Gastrodon, L50, F|\n|poke|p2|Ceruledge, L50, F|\n|poke|p2|Glimmora, L50, M|\n|poke|p2|Grimmsnarl, L50, M|\n|poke|p2|Iron Hands, L50|\n|poke|p2|Wo-Chien, L50|\n|teampreview|4\n|inactive|Battle timer is ON: inactive players will automatically lose when time's up. (requested by philmega)\nphilmega has agreed to open team sheets.\nc_gull has agreed to open team sheets.\n|inactive|philmega has 60 seconds left.\n|inactive|c_gull has 60 seconds left.\n|inactive|philmega has 30 seconds left.\n|inactive|philmega has 20 seconds left.\n|\n|t:|1682517526\n|start\n|switch|p1a: Chi-Yu|Chi-Yu, L50|100\/100\n|switch|p1b: Iron Bundle|Iron Bundle, L50, shiny|100\/100\n|switch|p2a: Iron Hands|Iron Hands, L50|100\/100\n|switch|p2b: Glimmora|Glimmora, L50, M|100\/100\n|-ability|p1a: Chi-Yu|Beads of Ruin\n|-enditem|p1b: Iron Bundle|Booster Energy\n|-activate|p1b: Iron Bundle|ability: Quark Drive|[fromitem]\n|-start|p1b: Iron Bundle|quarkdrivespe\n|turn|1\n|inactive|philmega has 30 seconds left.\n|inactive|philmega has 20 seconds left.\n|\n|t:|1682517563\n|-terastallize|p1b: Iron Bundle|Ghost\n|move|p2a: Iron Hands|Fake Out|p1a: Chi-Yu\n|-damage|p1a: Chi-Yu|77\/100\n|move|p1b: Iron Bundle|Icy Wind|p2b: Glimmora|[spread] p2a,p2b\n|-damage|p2a: Iron Hands|86\/100\n|-damage|p2b: Glimmora|62\/100\n|-unboost|p2a: Iron Hands|spe|1\n|-unboost|p2b: Glimmora|spe|1\n|cant|p1a: Chi-Yu|flinch\n|move|p2b: Glimmora|Energy Ball|p1b: Iron Bundle\n|-damage|p1b: Iron Bundle|22\/100\n|\n|upkeep\n|turn|2\n|\n|t:|1682517587\n|move|p2b: Glimmora|Spiky Shield|p2b: Glimmora\n|-singleturn|p2b: Glimmora|move: Protect\n|move|p1b: Iron Bundle|Icy Wind|p2b: Glimmora|[spread] p2a\n|-activate|p2b: Glimmora|move: Protect\n|-damage|p2a: Iron Hands|71\/100\n|-unboost|p2a: Iron Hands|spe|1\n|move|p1a: Chi-Yu|Heat Wave|p2b: Glimmora|[spread] p2a\n|-activate|p2b: Glimmora|move: Protect\n|-damage|p2a: Iron Hands|34\/100\n|move|p2a: Iron Hands|Drain Punch|p1a: Chi-Yu\n|-supereffective|p1a: Chi-Yu\n|-damage|p1a: Chi-Yu|0 fnt\n|-heal|p2a: Iron Hands|53\/100|[from] drain|[of] p1a: Chi-Yu\n|faint|p1a: Chi-Yu\n|\n|upkeep\n|\n|t:|1682517601\n|switch|p1a: Flutter Mane|Flutter Mane, L50|100\/100\n|turn|3\n|inactive|philmega has 30 seconds left.\n|inactive|philmega has 20 seconds left.\n|\n|t:|1682517638\n|move|p1b: Iron Bundle|Hydro Pump|p2b: Glimmora\n|-supereffective|p2b: Glimmora\n|-damage|p2b: Glimmora|0 fnt\n|faint|p2b: Glimmora\n|move|p1a: Flutter Mane|Dazzling Gleam|p2a: Iron Hands\n|-supereffective|p2a: Iron Hands\n|-damage|p2a: Iron Hands|0 fnt\n|faint|p2a: Iron Hands\n|-end|p2a: Iron Hands|Quark Drive|[silent]\n|-damage|p1a: Flutter Mane|90\/100|[from] item: Life Orb\n|\n|upkeep\n|\n|t:|1682517645\n|switch|p2b: Wo-Chien|Wo-Chien, L50|100\/100\n|switch|p2a: Gastrodon|Gastrodon, L50, F|100\/100\n|-ability|p2b: Wo-Chien|Tablets of Ruin\n|turn|4\n|\n|t:|1682517666\n|-terastallize|p2a: Gastrodon|Fire\n|move|p1b: Iron Bundle|Protect|p1b: Iron Bundle\n|-singleturn|p1b: Iron Bundle|Protect\n|move|p2b: Wo-Chien|Protect|p2b: Wo-Chien\n|-singleturn|p2b: Wo-Chien|Protect\n|move|p1a: Flutter Mane|Shadow Ball|p2b: Wo-Chien\n|-activate|p2b: Wo-Chien|move: Protect\n|move|p2a: Gastrodon|Yawn|p1b: Iron Bundle\n|-activate|p1b: Iron Bundle|move: Protect\n|\n|upkeep\n|turn|5\n|\n|t:|1682517689\n|move|p1b: Iron Bundle|Freeze-Dry|p2b: Wo-Chien\n|-supereffective|p2b: Wo-Chien\n|-damage|p2b: Wo-Chien|63\/100\n|move|p1a: Flutter Mane|Shadow Ball|p2a: Gastrodon\n|-damage|p2a: Gastrodon|54\/100\n|-damage|p1a: Flutter Mane|80\/100|[from] item: Life Orb\n|move|p2b: Wo-Chien|Leech Seed|p1a: Flutter Mane\n|-start|p1a: Flutter Mane|move: Leech Seed\n|move|p2a: Gastrodon|Earth Power|p1b: Iron Bundle\n|-damage|p1b: Iron Bundle|0 fnt\n|faint|p1b: Iron Bundle\n|-end|p1b: Iron Bundle|Quark Drive|[silent]\n|\n|-damage|p1a: Flutter Mane|68\/100|[from] Leech Seed|[of] p2b: Wo-Chien\n|-heal|p2b: Wo-Chien|71\/100|[silent]\n|upkeep\n|\n|t:|1682517700\n|switch|p1b: Tatsugiri|Tatsugiri-Droopy, L50, M|100\/100\n|turn|6\n|\n|t:|1682517725\n|move|p1b: Tatsugiri|Dragon Pulse|p2a: Gastrodon\n|-damage|p2a: Gastrodon|25\/100\n|move|p1a: Flutter Mane|Shadow Ball|p2a: Gastrodon\n|-damage|p2a: Gastrodon|0 fnt\n|faint|p2a: Gastrodon\n|-damage|p1a: Flutter Mane|58\/100|[from] item: Life Orb\n|move|p2b: Wo-Chien|Leech Seed|p1b: Tatsugiri\n|-start|p1b: Tatsugiri|move: Leech Seed\n|\n|-damage|p1b: Tatsugiri|89\/100|[from] Leech Seed|[of] p2b: Wo-Chien\n|-heal|p2b: Wo-Chien|80\/100|[silent]\n|-damage|p1a: Flutter Mane|46\/100|[from] Leech Seed|[of] p2b: Wo-Chien\n|-heal|p2b: Wo-Chien|88\/100|[silent]\n|upkeep\n|turn|7\n|\n|t:|1682517738\n|move|p2b: Wo-Chien|Protect|p2b: Wo-Chien\n|-singleturn|p2b: Wo-Chien|Protect\n|move|p1b: Tatsugiri|Dragon Pulse|p2b: Wo-Chien\n|-activate|p2b: Wo-Chien|move: Protect\n|move|p1a: Flutter Mane|Dazzling Gleam|p2b: Wo-Chien\n|-activate|p2b: Wo-Chien|move: Protect\n|\n|-damage|p1b: Tatsugiri|77\/100|[from] Leech Seed|[of] p2b: Wo-Chien\n|-heal|p2b: Wo-Chien|97\/100|[silent]\n|-damage|p1a: Flutter Mane|34\/100|[from] Leech Seed|[of] p2b: Wo-Chien\n|-heal|p2b: Wo-Chien|100\/100|[silent]\n|upkeep\n|turn|8\n|\n|t:|1682517752\n|move|p1b: Tatsugiri|Dragon Pulse|p2b: Wo-Chien\n|-damage|p2b: Wo-Chien|76\/100\n|move|p1a: Flutter Mane|Dazzling Gleam|p2b: Wo-Chien\n|-supereffective|p2b: Wo-Chien\n|-damage|p2b: Wo-Chien|11\/100\n|-damage|p1a: Flutter Mane|24\/100|[from] item: Life Orb\n|move|p2b: Wo-Chien|Giga Drain|p1b: Tatsugiri\n|-crit|p1b: Tatsugiri\n|-damage|p1b: Tatsugiri|28\/100\n|-heal|p2b: Wo-Chien|29\/100|[from] drain|[of] p1b: Tatsugiri\n|\n|-damage|p1b: Tatsugiri|17\/100|[from] Leech Seed|[of] p2b: Wo-Chien\n|-heal|p2b: Wo-Chien|38\/100|[silent]\n|-damage|p1a: Flutter Mane|11\/100|[from] Leech Seed|[of] p2b: Wo-Chien\n|-heal|p2b: Wo-Chien|47\/100|[silent]\n|upkeep\n|turn|9\n|\n|t:|1682517767\n|move|p2b: Wo-Chien|Protect|p2b: Wo-Chien\n|-singleturn|p2b: Wo-Chien|Protect\n|move|p1b: Tatsugiri|Dragon Pulse|p2b: Wo-Chien\n|-activate|p2b: Wo-Chien|move: Protect\n|move|p1a: Flutter Mane|Dazzling Gleam|p2b: Wo-Chien\n|-activate|p2b: Wo-Chien|move: Protect\n|\n|-damage|p1b: Tatsugiri|5\/100|[from] Leech Seed|[of] p2b: Wo-Chien\n|-heal|p2b: Wo-Chien|55\/100|[silent]\n|-damage|p1a: Flutter Mane|0 fnt|[from] Leech Seed|[of] p2b: Wo-Chien\n|-heal|p2b: Wo-Chien|63\/100|[silent]\n|faint|p1a: Flutter Mane\n|-end|p1a: Flutter Mane|Protosynthesis|[silent]\n|upkeep\n|turn|10\n|\n|t:|1682517780\n|move|p1b: Tatsugiri|Dragon Pulse|p2b: Wo-Chien\n|-damage|p2b: Wo-Chien|39\/100\n|move|p2b: Wo-Chien|Giga Drain|p1b: Tatsugiri\n|-damage|p1b: Tatsugiri|0 fnt\n|-heal|p2b: Wo-Chien|41\/100|[from] drain|[of] p1b: Tatsugiri\n|faint|p1b: Tatsugiri\n|\n|win|c_gull\n|raw|philmega's rating: 1287 → 1258<\/strong> (-29 for losing)\n|raw|c_gull's rating: 1237 → 1266<\/strong> (+29 for winning)\n|l|\u2606philmega\n","uploadtime":1682517789,"views":14,"p1id":"philmega","p2id":"cgull","formatid":"gen9vgc2023regulationc","rating":1258,"private":0,"password":""}