{"id":"gen9vgc2023regulationc-1845886702","p1":"jackon17","p2":"Keveloper","format":"[Gen 9] VGC 2023 Regulation C","log":"|j|\u2606jackon17\n|j|\u2606Keveloper\n|t:|1681775458\n|gametype|doubles\n|player|p1|jackon17|102|1441\n|player|p2|Keveloper|lucas|1484\n|teamsize|p1|6\n|teamsize|p2|6\n|gen|9\n|tier|[Gen 9] VGC 2023 Regulation C\n|rated|\n|rule|Species Clause: Limit one of each Pok\u00e9mon\n|rule|Item Clause: Limit one of each item\n|clearpoke\n|poke|p1|Murkrow, L50, F|\n|poke|p1|Great Tusk, L50|\n|poke|p1|Flutter Mane, L50|\n|poke|p1|Chi-Yu, L50|\n|poke|p1|Amoonguss, L50, F|\n|poke|p1|Gyarados, L50, F|\n|poke|p2|Orthworm, L50, M|\n|poke|p2|Dragonite, L50, M|\n|poke|p2|Ting-Lu, L50|\n|poke|p2|Gyarados, L50, F|\n|poke|p2|Flutter Mane, L50|\n|poke|p2|Chien-Pao, L50|\n|teampreview|4\n|inactive|Battle timer is ON: inactive players will automatically lose when time's up. (requested by jackon17)\n|\n|t:|1681775485\n|start\n|switch|p1a: Murkrow|Murkrow, L50, F|100\/100\n|switch|p1b: Flutter Mane|Flutter Mane, L50|100\/100\n|switch|p2a: Orthworm|Orthworm, L50, M|100\/100\n|switch|p2b: Ting-Lu|Ting-Lu, L50|100\/100\n|-ability|p2b: Ting-Lu|Vessel of Ruin\n|turn|1\n|\n|t:|1681775509\n|-end|p1b: Flutter Mane|Protosynthesis|[silent]\n|switch|p1b: Gyarados|Gyarados, L50, F, shiny|100\/100\n|-ability|p1b: Gyarados|Intimidate|boost\n|-unboost|p2a: Orthworm|atk|1\n|-unboost|p2b: Ting-Lu|atk|1\n|-terastallize|p2a: Orthworm|Fire\n|move|p1a: Murkrow|Brave Bird|p2b: Ting-Lu\n|-damage|p2b: Ting-Lu|80\/100\n|-damage|p1a: Murkrow|91\/100|[from] Recoil\n|move|p2b: Ting-Lu|Bulldoze|p1a: Murkrow|[spread] \n|-immune|p2a: Orthworm|[from] ability: Earth Eater\n|-immune|p1a: Murkrow\n|-immune|p1b: Gyarados\n|move|p2a: Orthworm|Heavy Slam|p1b: Gyarados\n|-resisted|p1b: Gyarados\n|-damage|p1b: Gyarados|96\/100\n|\n|upkeep\n|turn|2\n|\n|t:|1681775534\n|switch|p2b: Gyarados|Gyarados, L50, F|100\/100\n|-ability|p2b: Gyarados|Intimidate|boost\n|-unboost|p1a: Murkrow|atk|1\n|-unboost|p1b: Gyarados|atk|1\n|move|p1a: Murkrow|Brave Bird|p2b: Gyarados\n|-damage|p2b: Gyarados|80\/100\n|-damage|p1a: Murkrow|83\/100|[from] Recoil\n|move|p1b: Gyarados|Waterfall|p2b: Gyarados\n|-resisted|p2b: Gyarados\n|-damage|p2b: Gyarados|67\/100\n|move|p2a: Orthworm|Shed Tail|p2a: Orthworm\n|-start|p2a: Orthworm|Substitute|[from] move: Shed Tail\n|-damage|p2a: Orthworm|50\/100\n|-enditem|p2a: Orthworm|Sitrus Berry|[eat]\n|-heal|p2a: Orthworm|75\/100|[from] item: Sitrus Berry\n|\n|t:|1681775549\n|switch|p2a: Dragonite|Dragonite, L50, M|100\/100|[from] Shed Tail\n|\n|upkeep\n|turn|3\n|inactive|Keveloper has 30 seconds left.\n|\n|t:|1681775581\n|move|p2a: Dragonite|Dragon Dance|p2a: Dragonite\n|-boost|p2a: Dragonite|atk|1\n|-boost|p2a: Dragonite|spe|1\n|move|p2b: Gyarados|Thunder Wave|p1a: Murkrow|[miss]\n|-miss|p2b: Gyarados|p1a: Murkrow\n|move|p1a: Murkrow|Brave Bird|p2a: Dragonite\n|-activate|p2a: Dragonite|move: Substitute|[damage]\n|-damage|p1a: Murkrow|79\/100|[from] Recoil|[of] p2a: Dragonite\n|move|p1b: Gyarados|Thunder Wave||[still]\n|-fail|p1b: Gyarados\n|\n|upkeep\n|turn|4\n|\n|t:|1681775602\n|move|p1a: Murkrow|Haze|p1a: Murkrow\n|-clearallboost\n|move|p2a: Dragonite|Dragon Dance|p2a: Dragonite\n|-boost|p2a: Dragonite|atk|1\n|-boost|p2a: Dragonite|spe|1\n|move|p2b: Gyarados|Taunt|p1b: Gyarados\n|-start|p1b: Gyarados|move: Taunt\n|move|p1b: Gyarados|Waterfall|p2a: Dragonite\n|-resisted|p2a: Dragonite\n|-activate|p2a: Dragonite|move: Substitute|[damage]\n|\n|upkeep\n|turn|5\n|inactive|Keveloper has 30 seconds left.\n|\n|t:|1681775628\n|switch|p1b: Flutter Mane|Flutter Mane, L50|100\/100\n|move|p2a: Dragonite|Extreme Speed|p1a: Murkrow\n|-damage|p1a: Murkrow|43\/100\n|move|p1a: Murkrow|Haze|p1a: Murkrow\n|-clearallboost\n|move|p2b: Gyarados|Waterfall|p1a: Murkrow\n|-damage|p1a: Murkrow|11\/100\n|\n|upkeep\n|turn|6\n|inactive|jackon17 has 30 seconds left.\n|inactive|Keveloper has 30 seconds left.\n|\n|t:|1681775654\n|switch|p1a: Gyarados|Gyarados, L50, F, shiny|96\/100\n|-ability|p1a: Gyarados|Intimidate|boost\n|-immune|p2a: Dragonite\n|-unboost|p2b: Gyarados|atk|1\n|move|p2a: Dragonite|Extreme Speed|p1a: Gyarados\n|-damage|p1a: Gyarados|68\/100\n|move|p1b: Flutter Mane|Dazzling Gleam|p2a: Dragonite|[spread] p2a,p2b\n|-supereffective|p2a: Dragonite\n|-end|p2a: Dragonite|Substitute\n|-damage|p2b: Gyarados|26\/100\n|move|p2b: Gyarados|Thunder Wave|p1b: Flutter Mane\n|-status|p1b: Flutter Mane|par\n|\n|upkeep\n|turn|7\n|inactive|Keveloper has 30 seconds left.\n|\n|t:|1681775688\n|switch|p2a: Orthworm|Orthworm, L50, M, tera:Fire|75\/100\n|move|p2b: Gyarados|Thunder Wave|p1a: Gyarados\n|-status|p1a: Gyarados|par\n|move|p1b: Flutter Mane|Dazzling Gleam|p2b: Gyarados|[spread] p2a,p2b\n|-resisted|p2a: Orthworm\n|-damage|p2a: Orthworm|48\/100\n|-damage|p2b: Gyarados|0 fnt\n|faint|p2b: Gyarados\n|cant|p1a: Gyarados|par\n|\n|upkeep\n|\n|t:|1681775701\n|switch|p2b: Dragonite|Dragonite, L50, M|100\/100\n|turn|8\n|\n|t:|1681775720\n|-terastallize|p1b: Flutter Mane|Water\n|move|p2b: Dragonite|Earthquake|p1a: Gyarados|[spread] p1b\n|-heal|p2a: Orthworm|73\/100|[from] ability: Earth Eater|[of] p2b: Dragonite\n|-immune|p1a: Gyarados\n|-damage|p1b: Flutter Mane|54\/100 par\n|cant|p1b: Flutter Mane|par\n|move|p2a: Orthworm|Heavy Slam|p1b: Flutter Mane\n|-resisted|p1b: Flutter Mane\n|-damage|p1b: Flutter Mane|22\/100 par\n|move|p1a: Gyarados|Waterfall|p2a: Orthworm\n|-supereffective|p2a: Orthworm\n|-damage|p2a: Orthworm|20\/100\n|\n|upkeep\n|turn|9\n|inactive|jackon17 has 30 seconds left.\n|\n|t:|1681775755\n|-end|p1b: Flutter Mane|Protosynthesis|[silent]\n|switch|p1b: Murkrow|Murkrow, L50, F|11\/100\n|move|p2b: Dragonite|Earthquake|p1a: Gyarados|[spread] \n|-heal|p2a: Orthworm|45\/100|[from] ability: Earth Eater|[of] p2b: Dragonite\n|-immune|p1a: Gyarados\n|-immune|p1b: Murkrow\n|move|p2a: Orthworm|Iron Defense|p2a: Orthworm\n|-boost|p2a: Orthworm|def|2\n|move|p1a: Gyarados|Thunder Wave|p2b: Dragonite|[miss]\n|-miss|p1a: Gyarados|p2b: Dragonite\n|\n|upkeep\n|turn|10\n|\n|t:|1681775778\n|switch|p1b: Flutter Mane|Flutter Mane, L50, tera:Water|22\/100 par\n|move|p2b: Dragonite|Extreme Speed|p1b: Flutter Mane\n|-damage|p1b: Flutter Mane|0 fnt\n|faint|p1b: Flutter Mane\n|-end|p1b: Flutter Mane|Protosynthesis|[silent]\n|move|p2a: Orthworm|Iron Defense|p2a: Orthworm\n|-boost|p2a: Orthworm|def|2\n|move|p1a: Gyarados|Thunder Wave|p2b: Dragonite|[miss]\n|-miss|p1a: Gyarados|p2b: Dragonite\n|\n|upkeep\n|\n|t:|1681775790\n|switch|p1b: Great Tusk|Great Tusk, L50|100\/100\n|turn|11\n|\n|t:|1681775800\n|move|p1b: Great Tusk|Protect|p1b: Great Tusk\n|-singleturn|p1b: Great Tusk|Protect\n|move|p2b: Dragonite|Earthquake|p1b: Great Tusk|[spread] \n|-activate|p1b: Great Tusk|move: Protect\n|-heal|p2a: Orthworm|70\/100|[from] ability: Earth Eater|[of] p2b: Dragonite\n|-immune|p1a: Gyarados\n|move|p2a: Orthworm|Body Press|p1b: Great Tusk\n|-activate|p1b: Great Tusk|move: Protect\n|move|p1a: Gyarados|Thunder Wave|p2b: Dragonite\n|-status|p2b: Dragonite|par\n|-enditem|p2b: Dragonite|Lum Berry|[eat]\n|-curestatus|p2b: Dragonite|par|[msg]\n|\n|upkeep\n|turn|12\n|\n|t:|1681775822\n|move|p2b: Dragonite|Earthquake|p1a: Gyarados|[spread] p1b\n|-heal|p2a: Orthworm|95\/100|[from] ability: Earth Eater|[of] p2b: Dragonite\n|-immune|p1a: Gyarados\n|-damage|p1b: Great Tusk|82\/100\n|move|p1b: Great Tusk|Headlong Rush|p2a: Orthworm\n|-heal|p2a: Orthworm|100\/100|[from] ability: Earth Eater|[of] p1b: Great Tusk\n|move|p2a: Orthworm|Body Press|p1b: Great Tusk\n|-damage|p1b: Great Tusk|20\/100\n|move|p1a: Gyarados|Thunder Wave|p2b: Dragonite\n|-status|p2b: Dragonite|par\n|\n|upkeep\n|turn|13\n|\n|t:|1681775842\n|cant|p2b: Dragonite|par\n|move|p1b: Great Tusk|Close Combat|p2b: Dragonite\n|-resisted|p2b: Dragonite\n|-damage|p2b: Dragonite|77\/100 par\n|-unboost|p1b: Great Tusk|def|1\n|-unboost|p1b: Great Tusk|spd|1\n|-damage|p1b: Great Tusk|11\/100|[from] item: Life Orb\n|move|p2a: Orthworm|Iron Defense|p2a: Orthworm\n|-boost|p2a: Orthworm|def|2\n|move|p1a: Gyarados|Waterfall|p2a: Orthworm\n|-supereffective|p2a: Orthworm\n|-damage|p2a: Orthworm|87\/100\n|\n|upkeep\n|turn|14\n|\n|t:|1681775861\n|-end|p1b: Great Tusk|Protosynthesis|[silent]\n|switch|p1b: Murkrow|Murkrow, L50, F|11\/100\n|move|p2b: Dragonite|Extreme Speed|p1b: Murkrow\n|-damage|p1b: Murkrow|0 fnt\n|faint|p1b: Murkrow\n|move|p2a: Orthworm|Body Press|p1a: Gyarados\n|-resisted|p1a: Gyarados\n|-damage|p1a: Gyarados|9\/100 par\n|move|p1a: Gyarados|Waterfall|p2a: Orthworm\n|-supereffective|p2a: Orthworm\n|-damage|p2a: Orthworm|69\/100\n|\n|upkeep\n|-message|jackon17 forfeited.\n|\n|win|Keveloper\n|raw|jackon17's rating: 1441 → 1423<\/strong> (-18 for losing)\n|raw|Keveloper's rating: 1484 → 1502<\/strong> (+18 for winning)\n|l|\u2606jackon17\n","uploadtime":1681775875,"views":15,"p1id":"jackon17","p2id":"keveloper","formatid":"gen9vgc2023regulationc","rating":1423,"private":0,"password":""}