{"id":"gen9vgc2023regulationc-1848138016","p1":"EdwinVGC","p2":"dunsparcedingo","format":"[Gen 9] VGC 2023 Regulation C","log":"|j|\u2606EdwinVGC\n|j|\u2606dunsparcedingo\n|t:|1682034119\n|gametype|doubles\n|player|p1|EdwinVGC|265|1099\n|player|p2|dunsparcedingo|zinnia|1155\n|teamsize|p1|6\n|teamsize|p2|6\n|gen|9\n|tier|[Gen 9] VGC 2023 Regulation C\n|rated|\n|rule|Species Clause: Limit one of each Pok\u00e9mon\n|rule|Item Clause: Limit one of each item\n|clearpoke\n|poke|p1|Glimmora, L50, M|\n|poke|p1|Wo-Chien, L50|\n|poke|p1|Gyarados, L50, M|\n|poke|p1|Flutter Mane, L50|\n|poke|p1|Kingambit, L50, F|\n|poke|p1|Dragonite, L50, M|\n|poke|p2|Torkoal, L50, M|\n|poke|p2|Jumpluff, L50, M|\n|poke|p2|Chi-Yu, L50|\n|poke|p2|Flutter Mane, L50|\n|poke|p2|Iron Bundle, L50|\n|poke|p2|Slither Wing, L50|\n|teampreview|4\ndunsparcedingo has agreed to open team sheets.\nEdwinVGC has agreed to open team sheets.\n|\n|t:|1682034208\n|start\n|switch|p1a: Glimmora|Glimmora, L50, M, shiny|100\/100\n|switch|p1b: Gyarados|Gyarados, L50, M, shiny|100\/100\n|switch|p2a: Torkoal|Torkoal, L50, M|100\/100\n|switch|p2b: Flutter Mane|Flutter Mane, L50|100\/100\n|-ability|p1b: Gyarados|Intimidate|boost\n|-unboost|p2a: Torkoal|atk|1\n|-unboost|p2b: Flutter Mane|atk|1\n|-weather|SunnyDay|[from] ability: Drought|[of] p2a: Torkoal\n|-activate|p2b: Flutter Mane|ability: Protosynthesis\n|-start|p2b: Flutter Mane|protosynthesisspe\n|turn|1\n|\n|t:|1682034284\n|switch|p1b: Wo-Chien|Wo-Chien, L50|100\/100\n|-ability|p1b: Wo-Chien|Tablets of Ruin\n|-terastallize|p2b: Flutter Mane|Water\n|move|p2b: Flutter Mane|Shadow Ball|p1a: Glimmora\n|-damage|p1a: Glimmora|35\/100\n|move|p1a: Glimmora|Mortal Spin|p2b: Flutter Mane|[spread] p2a,p2b\n|-damage|p2a: Torkoal|98\/100\n|-damage|p2b: Flutter Mane|95\/100\n|-status|p2a: Torkoal|psn\n|-status|p2b: Flutter Mane|psn\n|move|p2a: Torkoal|Will-O-Wisp|p1b: Wo-Chien|[miss]\n|-miss|p2a: Torkoal|p1b: Wo-Chien\n|\n|-weather|SunnyDay|[upkeep]\n|-heal|p2a: Torkoal|100\/100 psn|[from] item: Leftovers\n|-damage|p2b: Flutter Mane|83\/100 psn|[from] psn\n|-damage|p2a: Torkoal|88\/100 psn|[from] psn\n|upkeep\n|turn|2\n|\n|t:|1682034322\n|switch|p2a: Slither Wing|Slither Wing, L50|100\/100\n|-activate|p2a: Slither Wing|ability: Protosynthesis\n|-start|p2a: Slither Wing|protosynthesisatk\n|move|p1a: Glimmora|Spiky Shield|p1a: Glimmora\n|-singleturn|p1a: Glimmora|move: Protect\n|move|p2b: Flutter Mane|Shadow Ball|p1a: Glimmora\n|-activate|p1a: Glimmora|move: Protect\n|move|p1b: Wo-Chien|Leech Seed|p2a: Slither Wing\n|-start|p2a: Slither Wing|move: Leech Seed\n|\n|-weather|SunnyDay|[upkeep]\n|-damage|p2a: Slither Wing|88\/100|[from] Leech Seed|[of] p1b: Wo-Chien\n|-damage|p2b: Flutter Mane|70\/100 psn|[from] psn\n|upkeep\n|turn|3\n|\n|t:|1682034361\n|-end|p2a: Slither Wing|Protosynthesis|[silent]\n|switch|p2a: Iron Bundle|Iron Bundle, L50|100\/100\n|move|p2b: Flutter Mane|Shadow Ball|p1a: Glimmora\n|-damage|p1a: Glimmora|0 fnt\n|faint|p1a: Glimmora\n|move|p1b: Wo-Chien|Substitute|p1b: Wo-Chien\n|-start|p1b: Wo-Chien|Substitute\n|-damage|p1b: Wo-Chien|75\/100\n|\n|-weather|SunnyDay|[upkeep]\n|-heal|p1b: Wo-Chien|82\/100|[from] item: Leftovers\n|-damage|p2b: Flutter Mane|58\/100 psn|[from] psn\n|upkeep\n|\n|t:|1682034398\n|switch|p1a: Gyarados|Gyarados, L50, M, shiny|100\/100\n|-ability|p1a: Gyarados|Intimidate|boost\n|-unboost|p2a: Iron Bundle|atk|1\n|-unboost|p2b: Flutter Mane|atk|1\n|turn|4\n|\n|t:|1682034412\n|move|p2b: Flutter Mane|Shadow Ball|p1b: Wo-Chien\n|-resisted|p1b: Wo-Chien\n|-activate|p1b: Wo-Chien|move: Substitute|[damage]\n|move|p2a: Iron Bundle|Freeze-Dry|p1a: Gyarados\n|-supereffective|p1a: Gyarados\n|-damage|p1a: Gyarados|0 fnt\n|faint|p1a: Gyarados\n|move|p1b: Wo-Chien|Leech Seed|p2a: Iron Bundle|[miss]\n|-miss|p1b: Wo-Chien|p2a: Iron Bundle\n|\n|-weather|SunnyDay|[upkeep]\n|-heal|p1b: Wo-Chien|88\/100|[from] item: Leftovers\n|-damage|p2b: Flutter Mane|46\/100 psn|[from] psn\n|upkeep\n|\n|t:|1682034424\n|switch|p1a: Flutter Mane|Flutter Mane, L50|100\/100\n|-activate|p1a: Flutter Mane|ability: Protosynthesis\n|-start|p1a: Flutter Mane|protosynthesisspe\n|turn|5\n|\n|t:|1682034460\n|-end|p2b: Flutter Mane|Protosynthesis|[silent]\n|switch|p2b: Slither Wing|Slither Wing, L50|88\/100\n|-activate|p2b: Slither Wing|ability: Protosynthesis\n|-start|p2b: Slither Wing|protosynthesisatk\n|-terastallize|p1a: Flutter Mane|Fairy\n|move|p2a: Iron Bundle|Protect|p2a: Iron Bundle\n|-singleturn|p2a: Iron Bundle|Protect\n|move|p1a: Flutter Mane|Shadow Ball|p2b: Slither Wing\n|-damage|p2b: Slither Wing|32\/100\n|move|p1b: Wo-Chien|Giga Drain|p2a: Iron Bundle\n|-activate|p2a: Iron Bundle|move: Protect\n|\n|-weather|none\n|-end|p1a: Flutter Mane|Protosynthesis\n|-end|p2b: Slither Wing|Protosynthesis\n|-heal|p1b: Wo-Chien|94\/100|[from] item: Leftovers\n|upkeep\n|turn|6\n|inactive|Battle timer is ON: inactive players will automatically lose when time's up. (requested by EdwinVGC)\n|\n|t:|1682034550\n|move|p2b: Slither Wing|First Impression|p1b: Wo-Chien\n|-supereffective|p1b: Wo-Chien\n|-end|p1b: Wo-Chien|Substitute\n|-damage|p2b: Slither Wing|22\/100|[from] item: Life Orb\n|move|p1a: Flutter Mane|Shadow Ball|p2a: Iron Bundle\n|-damage|p2a: Iron Bundle|0 fnt\n|faint|p2a: Iron Bundle\n|-end|p2a: Iron Bundle|Quark Drive|[silent]\n|move|p1b: Wo-Chien|Giga Drain|p2b: Slither Wing\n|-resisted|p2b: Slither Wing\n|-damage|p2b: Slither Wing|12\/100\n|-heal|p1b: Wo-Chien|99\/100|[from] drain|[of] p2b: Slither Wing\n|\n|-heal|p1b: Wo-Chien|100\/100|[from] item: Leftovers\n|upkeep\n|\n|t:|1682034569\n|switch|p2a: Flutter Mane|Flutter Mane, L50, tera:Water|46\/100 psn\n|turn|7\n|\n|t:|1682034585\n|-end|p2b: Slither Wing|Protosynthesis|[silent]\n|switch|p2b: Torkoal|Torkoal, L50, M|88\/100 psn\n|-weather|SunnyDay|[from] ability: Drought|[of] p2b: Torkoal\n|-activate|p2a: Flutter Mane|ability: Protosynthesis\n|-start|p2a: Flutter Mane|protosynthesisspe\n|-activate|p1a: Flutter Mane|ability: Protosynthesis\n|-start|p1a: Flutter Mane|protosynthesisspe\n|move|p2a: Flutter Mane|Shadow Ball|p1a: Flutter Mane\n|-damage|p1a: Flutter Mane|41\/100\n|move|p1a: Flutter Mane|Shadow Ball|p2a: Flutter Mane\n|-damage|p2a: Flutter Mane|0 fnt\n|faint|p2a: Flutter Mane\n|-end|p2a: Flutter Mane|Protosynthesis|[silent]\n|move|p1b: Wo-Chien|Substitute|p1b: Wo-Chien\n|-start|p1b: Wo-Chien|Substitute\n|-damage|p1b: Wo-Chien|75\/100\n|\n|-weather|SunnyDay|[upkeep]\n|-heal|p1b: Wo-Chien|82\/100|[from] item: Leftovers\n|-heal|p2b: Torkoal|94\/100 psn|[from] item: Leftovers\n|-damage|p2b: Torkoal|81\/100 psn|[from] psn\n|upkeep\n|\n|t:|1682034605\n|switch|p2a: Slither Wing|Slither Wing, L50|12\/100\n|-activate|p2a: Slither Wing|ability: Protosynthesis\n|-start|p2a: Slither Wing|protosynthesisatk\n|turn|8\n|\n|t:|1682034617\n|move|p2b: Torkoal|Helping Hand|p2a: Slither Wing\n|-singleturn|p2a: Slither Wing|Helping Hand|[of] p2b: Torkoal\n|move|p2a: Slither Wing|First Impression|p1a: Flutter Mane\n|-resisted|p1a: Flutter Mane\n|-damage|p1a: Flutter Mane|0 fnt\n|faint|p1a: Flutter Mane\n|-end|p1a: Flutter Mane|Protosynthesis|[silent]\n|-damage|p2a: Slither Wing|2\/100|[from] item: Life Orb\n|move|p1b: Wo-Chien|Leech Seed|p2b: Torkoal\n|-start|p2b: Torkoal|move: Leech Seed\n|\n|-weather|SunnyDay|[upkeep]\n|-heal|p1b: Wo-Chien|88\/100|[from] item: Leftovers\n|-heal|p2b: Torkoal|87\/100 psn|[from] item: Leftovers\n|-damage|p2b: Torkoal|75\/100 psn|[from] Leech Seed|[of] p1b: Wo-Chien\n|-heal|p1b: Wo-Chien|99\/100|[silent]\n|-damage|p2b: Torkoal|62\/100 psn|[from] psn\n|upkeep\n|turn|9\n|inactive|dunsparcedingo has 30 seconds left.\n|\n|t:|1682034643\n|move|p1b: Wo-Chien|Protect|p1b: Wo-Chien\n|-singleturn|p1b: Wo-Chien|Protect\n|move|p2a: Slither Wing|Leech Life|p1b: Wo-Chien\n|-activate|p1b: Wo-Chien|move: Protect\n|move|p2b: Torkoal|Overheat|p1b: Wo-Chien\n|-activate|p1b: Wo-Chien|move: Protect\n|\n|-weather|SunnyDay|[upkeep]\n|-heal|p1b: Wo-Chien|100\/100|[from] item: Leftovers\n|-heal|p2b: Torkoal|68\/100 psn|[from] item: Leftovers\n|-damage|p2b: Torkoal|56\/100 psn|[from] Leech Seed|[of] p1b: Wo-Chien\n|-damage|p2b: Torkoal|43\/100 psn|[from] psn\n|upkeep\n|turn|10\n|\n|t:|1682034664\n|move|p2a: Slither Wing|Leech Life|p1b: Wo-Chien\n|-supereffective|p1b: Wo-Chien\n|-crit|p1b: Wo-Chien\n|-end|p1b: Wo-Chien|Substitute\n|-heal|p2a: Slither Wing|15\/100|[from] drain|[of] p1b: Wo-Chien\n|-damage|p2a: Slither Wing|5\/100|[from] item: Life Orb\n|move|p1b: Wo-Chien|Giga Drain|p2a: Slither Wing\n|-resisted|p2a: Slither Wing\n|-damage|p2a: Slither Wing|0 fnt\n|faint|p2a: Slither Wing\n|-end|p2a: Slither Wing|Protosynthesis|[silent]\n|move|p2b: Torkoal|Overheat|p1b: Wo-Chien\n|-supereffective|p1b: Wo-Chien\n|-damage|p1b: Wo-Chien|29\/100\n|-unboost|p2b: Torkoal|spa|2\n|\n|-weather|SunnyDay|[upkeep]\n|-heal|p1b: Wo-Chien|35\/100|[from] item: Leftovers\n|-heal|p2b: Torkoal|49\/100 psn|[from] item: Leftovers\n|-damage|p2b: Torkoal|37\/100 psn|[from] Leech Seed|[of] p1b: Wo-Chien\n|-heal|p1b: Wo-Chien|46\/100|[silent]\n|-damage|p2b: Torkoal|24\/100 psn|[from] psn\n|upkeep\n|turn|11\n|\n|t:|1682034685\n|move|p1b: Wo-Chien|Protect|p1b: Wo-Chien\n|-singleturn|p1b: Wo-Chien|Protect\n|move|p2b: Torkoal|Overheat|p1b: Wo-Chien\n|-activate|p1b: Wo-Chien|move: Protect\n|\n|-weather|none\n|-heal|p1b: Wo-Chien|52\/100|[from] item: Leftovers\n|-heal|p2b: Torkoal|30\/100 psn|[from] item: Leftovers\n|-damage|p2b: Torkoal|18\/100 psn|[from] Leech Seed|[of] p1b: Wo-Chien\n|-heal|p1b: Wo-Chien|63\/100|[silent]\n|-damage|p2b: Torkoal|5\/100 psn|[from] psn\n|upkeep\n|turn|12\n|\n|t:|1682034697\n|move|p1b: Wo-Chien|Substitute|p1b: Wo-Chien\n|-start|p1b: Wo-Chien|Substitute\n|-damage|p1b: Wo-Chien|38\/100\n|move|p2b: Torkoal|Overheat|p1b: Wo-Chien\n|-supereffective|p1b: Wo-Chien\n|-crit|p1b: Wo-Chien\n|-end|p1b: Wo-Chien|Substitute\n|-unboost|p2b: Torkoal|spa|2\n|\n|-heal|p1b: Wo-Chien|44\/100|[from] item: Leftovers\n|-heal|p2b: Torkoal|11\/100 psn|[from] item: Leftovers\n|-damage|p2b: Torkoal|0 fnt|[from] Leech Seed|[of] p1b: Wo-Chien\n|-heal|p1b: Wo-Chien|54\/100|[silent]\n|faint|p2b: Torkoal\n|\n|win|EdwinVGC\n|upkeep\n|raw|EdwinVGC's rating: 1099 → 1128<\/strong> (+29 for winning)\n|raw|dunsparcedingo's rating: 1155 → 1126<\/strong> (-29 for losing)\n","uploadtime":1682034711,"views":15,"p1id":"edwinvgc","p2id":"dunsparcedingo","formatid":"gen9vgc2023regulationc","rating":1126,"private":0,"password":""}