{"id":"gen9vgc2023regulationc-1845578743","p1":"KB1107","p2":"EasternGoose","format":"[Gen 9] VGC 2023 Regulation C","log":"|j|\u2606KB1107\n|j|\u2606EasternGoose\n|t:|1681746606\n|gametype|doubles\n|player|p1|KB1107|102|1066\n|player|p2|EasternGoose|volkner|1000\n|teamsize|p1|6\n|teamsize|p2|6\n|gen|9\n|tier|[Gen 9] VGC 2023 Regulation C\n|rated|\n|rule|Species Clause: Limit one of each Pok\u00e9mon\n|rule|Item Clause: Limit one of each item\n|clearpoke\n|poke|p1|Dragonite, L50, M|\n|poke|p1|Pelipper, L50, M|\n|poke|p1|Tinkaton, L50, F|\n|poke|p1|Garchomp, L50, F|\n|poke|p1|Raichu, L50, F|\n|poke|p1|Palafin, L50, F|\n|poke|p2|Palafin, L50, M|\n|poke|p2|Chi-Yu, L50|\n|poke|p2|Flutter Mane, L50|\n|poke|p2|Kilowattrel, L50, M|\n|poke|p2|Dragonite, L50, M|\n|poke|p2|Amoonguss, L50, F|\n|teampreview|4\n|inactive|Battle timer is ON: inactive players will automatically lose when time's up. (requested by EasternGoose)\n|inactive|KB1107 has 60 seconds left.\n|\n|t:|1681746665\n|start\n|switch|p1a: Tinkaton|Tinkaton, L50, F|100\/100\n|switch|p1b: Dragonite|Dragonite, L50, M|100\/100\n|switch|p2a: Palafin|Palafin, L50, M, shiny|100\/100\n|switch|p2b: Kilowattrel|Kilowattrel, L50, M, shiny|100\/100\n|turn|1\n|inactive|KB1107 has 30 seconds left.\n|inactive|KB1107 has 20 seconds left.\n|inactive|KB1107 has 15 seconds left.\n|inactive|KB1107 has 10 seconds left.\n|inactive|KB1107 has 5 seconds left.\n|\n|t:|1681746718\n|detailschange|p2a: Palafin|Palafin-Hero, L50, M, shiny\n|switch|p2a: Chi-Yu|Chi-Yu, L50|100\/100\n|-ability|p2a: Chi-Yu|Beads of Ruin\n|move|p1b: Dragonite|Extreme Speed|p2a: Chi-Yu\n|-damage|p2a: Chi-Yu|49\/100\n|move|p2b: Kilowattrel|Tailwind|p2b: Kilowattrel\n|-sidestart|p2: EasternGoose|move: Tailwind\n|move|p1a: Tinkaton|Gigaton Hammer|p2a: Chi-Yu\n|-resisted|p2a: Chi-Yu\n|-damage|p2a: Chi-Yu|1\/100\n|\n|upkeep\n|turn|2\n|\n|t:|1681746742\n|switch|p1a: Pelipper|Pelipper, L50, M, shiny|100\/100\n|-weather|RainDance|[from] ability: Drizzle|[of] p1a: Pelipper\n|move|p1b: Dragonite|Extreme Speed|p2a: Chi-Yu\n|-damage|p2a: Chi-Yu|0 fnt\n|faint|p2a: Chi-Yu\n|move|p2b: Kilowattrel|Volt Switch|p1b: Dragonite\n|-damage|p1b: Dragonite|82\/100\n|\n|t:|1681746752\n|switch|p2b: Palafin|Palafin-Hero, L50, M, shiny|100\/100|[from] Volt Switch\n|-activate|p2b: Palafin|ability: Zero to Hero\n|\n|-weather|RainDance|[upkeep]\n|upkeep\n|\n|t:|1681746757\n|switch|p2a: Flutter Mane|Flutter Mane, L50, shiny|100\/100\n|-enditem|p2a: Flutter Mane|Booster Energy\n|-activate|p2a: Flutter Mane|ability: Protosynthesis|[fromitem]\n|-start|p2a: Flutter Mane|protosynthesisspa\n|turn|3\n|\n|t:|1681746774\n|-terastallize|p1b: Dragonite|Flying\n|move|p2a: Flutter Mane|Dazzling Gleam|p1b: Dragonite|[spread] p1a,p1b\n|-damage|p1a: Pelipper|45\/100\n|-damage|p1b: Dragonite|37\/100\n|move|p2b: Palafin|Wave Crash|p1a: Pelipper\n|-resisted|p1a: Pelipper\n|-damage|p1a: Pelipper|0 fnt\n|faint|p1a: Pelipper\n|-damage|p2b: Palafin|91\/100|[from] Recoil\n|move|p1b: Dragonite|Hurricane|p2b: Palafin\n|-damage|p2b: Palafin|48\/100\n|\n|-weather|RainDance|[upkeep]\n|upkeep\n|\n|t:|1681746795\n|switch|p1a: Tinkaton|Tinkaton, L50, F|100\/100\n|turn|4\n|inactive|EasternGoose has 30 seconds left.\n|\n|t:|1681746821\n|-terastallize|p2a: Flutter Mane|Steel\n|move|p2b: Palafin|Protect|p2b: Palafin\n|-singleturn|p2b: Palafin|Protect\n|move|p1a: Tinkaton|Fake Out|p2a: Flutter Mane\n|-resisted|p2a: Flutter Mane\n|-damage|p2a: Flutter Mane|92\/100\n|move|p1b: Dragonite|Extreme Speed|p2b: Palafin\n|-activate|p2b: Palafin|move: Protect\n|cant|p2a: Flutter Mane|flinch\n|\n|-weather|RainDance|[upkeep]\n|-sideend|p2: EasternGoose|move: Tailwind\n|upkeep\n|turn|5\n|inactive|KB1107 has 30 seconds left.\n|inactive|EasternGoose has 30 seconds left.\n|inactive|EasternGoose has 20 seconds left.\n|\n|t:|1681746860\n|switch|p2b: Kilowattrel|Kilowattrel, L50, M, shiny|100\/100\n|move|p1b: Dragonite|Extreme Speed|p2b: Kilowattrel\n|-damage|p2b: Kilowattrel|48\/100\n|move|p2a: Flutter Mane|Moonblast|p1b: Dragonite\n|-damage|p1b: Dragonite|0 fnt\n|faint|p1b: Dragonite\n|move|p1a: Tinkaton|Gigaton Hammer|p2a: Flutter Mane\n|-resisted|p2a: Flutter Mane\n|-damage|p2a: Flutter Mane|31\/100\n|\n|-weather|RainDance|[upkeep]\n|upkeep\n|\n|t:|1681746874\n|switch|p1b: Raichu|Raichu, L50, F|100\/100\n|turn|6\n|\n|t:|1681746898\n|move|p1b: Raichu|Fake Out|p2a: Flutter Mane\n|-resisted|p2a: Flutter Mane\n|-damage|p2a: Flutter Mane|23\/100\n|move|p2b: Kilowattrel|Tailwind|p2b: Kilowattrel\n|-sidestart|p2: EasternGoose|move: Tailwind\n|cant|p2a: Flutter Mane|flinch\n|move|p1a: Tinkaton|Play Rough|p2a: Flutter Mane\n|-resisted|p2a: Flutter Mane\n|-damage|p2a: Flutter Mane|0 fnt\n|faint|p2a: Flutter Mane\n|-end|p2a: Flutter Mane|Protosynthesis|[silent]\n|\n|-weather|RainDance|[upkeep]\n|upkeep\n|\n|t:|1681746901\n|switch|p2a: Palafin|Palafin-Hero, L50, M, shiny|48\/100\n|turn|7\n|\n|t:|1681746926\n|move|p2b: Kilowattrel|Air Slash|p1b: Raichu\n|-resisted|p1b: Raichu\n|-damage|p1b: Raichu|74\/100\n|move|p2a: Palafin|Drain Punch|p1a: Tinkaton\n|-damage|p1a: Tinkaton|60\/100\n|-heal|p2a: Palafin|67\/100|[from] drain|[of] p1a: Tinkaton\n|move|p1b: Raichu|Thunder|p2a: Palafin\n|-supereffective|p2a: Palafin\n|-damage|p2a: Palafin|0 fnt\n|faint|p2a: Palafin\n|move|p1a: Tinkaton|Play Rough|p2b: Kilowattrel\n|-damage|p2b: Kilowattrel|0 fnt\n|faint|p2b: Kilowattrel\n|\n|win|KB1107\n|raw|KB1107's rating: 1066 → 1090<\/strong> (+24 for winning)\n|raw|EasternGoose's rating: 1000 → 1000<\/strong> (+0 for losing)\n|l|\u2606EasternGoose\n","uploadtime":1681746960,"views":14,"p1id":"kb1107","p2id":"easterngoose","formatid":"gen9vgc2023regulationc","rating":1000,"private":0,"password":""}