{"id":"gen9vgc2023regulationc-1849835548","p1":"haha u rage quit","p2":"TheLegendaryMuffin","format":"[Gen 9] VGC 2023 Regulation C","log":"|j|\u2606haha u rage quit\n|j|\u2606TheLegendaryMuffin\n|t:|1682258632\n|gametype|doubles\n|player|p1|haha u rage quit|pokemaniac|1307\n|player|p2|TheLegendaryMuffin|proton|1363\n|teamsize|p1|6\n|teamsize|p2|6\n|gen|9\n|tier|[Gen 9] VGC 2023 Regulation C\n|rated|\n|rule|Species Clause: Limit one of each Pok\u00e9mon\n|rule|Item Clause: Limit one of each item\n|clearpoke\n|poke|p1|Torkoal, L50, M|\n|poke|p1|Dondozo, L50, M|\n|poke|p1|Indeedee-F, L50, F|\n|poke|p1|Tatsugiri-Droopy, L50, M|\n|poke|p1|Kingambit, L50, M|\n|poke|p1|Hatterene, L50, F|\n|poke|p2|Arcanine, L50, F|\n|poke|p2|Rotom-Wash, L50|\n|poke|p2|Amoonguss, L50, F|\n|poke|p2|Ting-Lu, L50|\n|poke|p2|Flutter Mane, L50|\n|poke|p2|Baxcalibur, L50, F|\n|teampreview|4\n|inactive|Battle timer is ON: inactive players will automatically lose when time's up. (requested by haha u rage quit)\n|inactive|TheLegendaryMuffin has 60 seconds left.\n|\n|t:|1682258716\n|start\n|switch|p1a: Indeedee|Indeedee-F, L50, F, shiny|100\/100\n|switch|p1b: Hatterene|Hatterene, L50, F|100\/100\n|switch|p2a: Amoonguss|Amoonguss, L50, F|100\/100\n|switch|p2b: Ting-Lu|Ting-Lu, L50|100\/100\n|-fieldstart|move: Psychic Terrain|[from] ability: Psychic Surge|[of] p1a: Indeedee\n|-enditem|p1a: Indeedee|Psychic Seed\n|-boost|p1a: Indeedee|spd|1|[from] item: Psychic Seed\n|-ability|p2b: Ting-Lu|Vessel of Ruin\n|turn|1\n|inactive|haha u rage quit has 30 seconds left.\n|inactive|TheLegendaryMuffin has 30 seconds left.\n|\n|t:|1682258750\n|-terastallize|p1a: Indeedee|Grass\n|move|p1a: Indeedee|Follow Me|p1a: Indeedee\n|-singleturn|p1a: Indeedee|move: Follow Me\n|move|p2b: Ting-Lu|Ruination|p1a: Indeedee\n|-damage|p1a: Indeedee|51\/100\n|move|p2a: Amoonguss|Spore|p1a: Indeedee\n|-immune|p1a: Indeedee\n|move|p1b: Hatterene|Psychic|p2a: Amoonguss\n|-supereffective|p2a: Amoonguss\n|-damage|p2a: Amoonguss|3\/100\n|-enditem|p2a: Amoonguss|Sitrus Berry|[eat]\n|-heal|p2a: Amoonguss|28\/100|[from] item: Sitrus Berry\n|\n|upkeep\n|turn|2\n|inactive|haha u rage quit has 30 seconds left.\n|\n|t:|1682258779\n|move|p2a: Amoonguss|Protect|p2a: Amoonguss\n|-singleturn|p2a: Amoonguss|Protect\n|move|p1a: Indeedee|Follow Me|p1a: Indeedee\n|-singleturn|p1a: Indeedee|move: Follow Me\n|move|p2b: Ting-Lu|Heavy Slam|p1a: Indeedee\n|-damage|p1a: Indeedee|0 fnt\n|faint|p1a: Indeedee\n|move|p1b: Hatterene|Trick Room|p1b: Hatterene\n|-fieldstart|move: Trick Room|[of] p1b: Hatterene\n|\n|upkeep\n|\n|t:|1682258789\n|switch|p1a: Kingambit|Kingambit, L50, M, shiny|100\/100\n|turn|3\n|\n|t:|1682258809\n|switch|p2a: Baxcalibur|Baxcalibur, L50, F|100\/100\n|-terastallize|p2b: Ting-Lu|Poison\n|move|p1b: Hatterene|Dazzling Gleam|p2a: Baxcalibur|[spread] p2a,p2b\n|-supereffective|p2a: Baxcalibur\n|-resisted|p2b: Ting-Lu\n|-damage|p2a: Baxcalibur|48\/100\n|-damage|p2b: Ting-Lu|93\/100\n|move|p1a: Kingambit|Low Kick|p2b: Ting-Lu\n|-resisted|p2b: Ting-Lu\n|-damage|p2b: Ting-Lu|80\/100\n|move|p2b: Ting-Lu|Heavy Slam|p1b: Hatterene\n|-supereffective|p1b: Hatterene\n|-damage|p1b: Hatterene|14\/100\n|\n|upkeep\n|turn|4\n|\n|t:|1682258829\n|move|p2a: Baxcalibur|Protect|p2a: Baxcalibur\n|-singleturn|p2a: Baxcalibur|Protect\n|move|p1b: Hatterene|Dazzling Gleam|p2a: Baxcalibur|[spread] p2b\n|-activate|p2a: Baxcalibur|move: Protect\n|-resisted|p2b: Ting-Lu\n|-damage|p2b: Ting-Lu|72\/100\n|move|p1a: Kingambit|Swords Dance|p1a: Kingambit\n|-boost|p1a: Kingambit|atk|2\n|move|p2b: Ting-Lu|Heavy Slam|p1b: Hatterene\n|-supereffective|p1b: Hatterene\n|-damage|p1b: Hatterene|0 fnt\n|faint|p1b: Hatterene\n|\n|upkeep\n|\n|t:|1682258840\n|switch|p1b: Torkoal|Torkoal, L50, M|100\/100\n|-weather|SunnyDay|[from] ability: Drought|[of] p1b: Torkoal\n|turn|5\n|\n|t:|1682258861\n|move|p1b: Torkoal|Eruption|p2b: Ting-Lu|[spread] p2a,p2b\n|-damage|p2a: Baxcalibur|0 fnt\n|-damage|p2b: Ting-Lu|37\/100\n|faint|p2a: Baxcalibur\n|move|p1a: Kingambit|Kowtow Cleave|p2b: Ting-Lu\n|-damage|p2b: Ting-Lu|0 fnt\n|faint|p2b: Ting-Lu\n|\n|-weather|SunnyDay|[upkeep]\n|-fieldend|move: Psychic Terrain\n|upkeep\n|\n|t:|1682258867\n|switch|p2b: Arcanine|Arcanine, L50, F|100\/100\n|switch|p2a: Amoonguss|Amoonguss, L50, F|28\/100\n|-ability|p2b: Arcanine|Intimidate|boost\n|-unboost|p1a: Kingambit|atk|1\n|-ability|p1a: Kingambit|Defiant|boost\n|-boost|p1a: Kingambit|atk|2\n|-enditem|p2b: Arcanine|Mirror Herb\n|-boost|p2b: Arcanine|atk|2|[from] item: Mirror Herb\n|-unboost|p1b: Torkoal|atk|1\n|turn|6\n|\n|t:|1682258879\n|move|p2a: Amoonguss|Protect|p2a: Amoonguss\n|-singleturn|p2a: Amoonguss|Protect\n|move|p2b: Arcanine|Protect|p2b: Arcanine\n|-singleturn|p2b: Arcanine|Protect\n|move|p1b: Torkoal|Eruption|p2b: Arcanine|[spread] \n|-activate|p2a: Amoonguss|move: Protect\n|-activate|p2b: Arcanine|move: Protect\n|move|p1a: Kingambit|Kowtow Cleave|p2b: Arcanine\n|-activate|p2b: Arcanine|move: Protect\n|\n|-weather|SunnyDay|[upkeep]\n|-fieldend|move: Trick Room\n|upkeep\n|turn|7\n|inactive|haha u rage quit has 30 seconds left.\n|\n|t:|1682258908\n|move|p1a: Kingambit|Sucker Punch||[still]\n|-fail|p1a: Kingambit\n|move|p2b: Arcanine|Will-O-Wisp|p1a: Kingambit\n|-status|p1a: Kingambit|brn\n|move|p2a: Amoonguss|Spore|p1b: Torkoal\n|-status|p1b: Torkoal|slp|[from] move: Spore\n|cant|p1b: Torkoal|slp\n|\n|-weather|SunnyDay|[upkeep]\n|-damage|p1a: Kingambit|94\/100 brn|[from] brn\n|upkeep\n|turn|8\n|inactive|TheLegendaryMuffin has 30 seconds left.\n|\n|t:|1682258933\n|move|p2a: Amoonguss|Rage Powder|p2a: Amoonguss\n|-singleturn|p2a: Amoonguss|move: Rage Powder\n|move|p2b: Arcanine|Flare Blitz|p1a: Kingambit\n|-supereffective|p1a: Kingambit\n|-damage|p1a: Kingambit|0 fnt\n|faint|p1a: Kingambit\n|-damage|p2b: Arcanine|69\/100|[from] Recoil\n|-curestatus|p1b: Torkoal|slp|[msg]\n|move|p1b: Torkoal|Eruption|p2a: Amoonguss|[spread] p2a,p2b\n|-supereffective|p2a: Amoonguss\n|-resisted|p2b: Arcanine\n|-crit|p2b: Arcanine\n|-damage|p2a: Amoonguss|0 fnt\n|-damage|p2b: Arcanine|0 fnt\n|faint|p2a: Amoonguss\n|faint|p2b: Arcanine\n|\n|win|haha u rage quit\n|raw|haha u rage quit's rating: 1307 → 1330<\/strong> (+23 for winning)\n|raw|TheLegendaryMuffin's rating: 1363 → 1340<\/strong> (-23 for losing)\n|l|\u2606TheLegendaryMuffin\n","uploadtime":1682259014,"views":19,"p1id":"hahauragequit","p2id":"thelegendarymuffin","formatid":"gen9vgc2023regulationc","rating":1330,"private":0,"password":""}