{"id":"gen9vgc2023regulationc-1859982878","p1":"Barbie120","p2":"bobbygoat72","format":"[Gen 9] VGC 2023 Regulation C","log":"|j|\u2606Barbie120\n|j|\u2606bobbygoat72\n|t:|1683581814\n|gametype|doubles\n|player|p1|Barbie120|drayden|1209\n|player|p2|bobbygoat72|scientist-gen4|1193\n|teamsize|p1|6\n|teamsize|p2|6\n|gen|9\n|tier|[Gen 9] VGC 2023 Regulation C\n|rated|\n|rule|Species Clause: Limit one of each Pok\u00e9mon\n|rule|Item Clause: Limit one of each item\n|clearpoke\n|poke|p1|Annihilape, L50, F|\n|poke|p1|Maushold-Four, L50|\n|poke|p1|Abomasnow, L50, F|\n|poke|p1|Iron Bundle, L50|\n|poke|p1|Flutter Mane, L50|\n|poke|p1|Arcanine, L50, F|\n|poke|p2|Wo-Chien, L50|\n|poke|p2|Glimmora, L50, M|\n|poke|p2|Slither Wing, L50|\n|poke|p2|Dragapult, L50, M|\n|poke|p2|Talonflame, L50, F|\n|poke|p2|Chien-Pao, L50|\n|teampreview|4\n|\n|t:|1683581841\n|start\n|switch|p1a: Annihilape|Annihilape, L50, F|100\/100\n|switch|p1b: Maushold|Maushold-Four, L50|100\/100\n|switch|p2a: Glimmora|Glimmora, L50, M|100\/100\n|switch|p2b: Talonflame|Talonflame, L50, F|100\/100\n|turn|1\n|\n|t:|1683581863\n|switch|p2a: Slither Wing|Slither Wing, L50|100\/100\n|-enditem|p2a: Slither Wing|Booster Energy\n|-activate|p2a: Slither Wing|ability: Protosynthesis|[fromitem]\n|-start|p2a: Slither Wing|protosynthesisatk\n|move|p2b: Talonflame|Tailwind|p2b: Talonflame\n|-sidestart|p2: bobbygoat72|move: Tailwind\n|move|p1b: Maushold|Beat Up|p1a: Annihilape\n|-damage|p1a: Annihilape|99\/100\n|-damage|p1a: Annihilape|97\/100\n|-damage|p1a: Annihilape|95\/100\n|-damage|p1a: Annihilape|93\/100\n|-hitcount|p1a: Annihilape|4\n|move|p1a: Annihilape|Bulk Up|p1a: Annihilape\n|-boost|p1a: Annihilape|atk|1\n|-boost|p1a: Annihilape|def|1\n|\n|-heal|p1a: Annihilape|99\/100|[from] item: Leftovers\n|upkeep\n|turn|2\n|\n|t:|1683581887\n|move|p2a: Slither Wing|First Impression|p1a: Annihilape\n|-resisted|p1a: Annihilape\n|-damage|p1a: Annihilape|92\/100\n|move|p1b: Maushold|Follow Me|p1b: Maushold\n|-singleturn|p1b: Maushold|move: Follow Me\n|move|p2b: Talonflame|Brave Bird|p1b: Maushold\n|-damage|p1b: Maushold|63\/100\n|-damage|p2b: Talonflame|89\/100|[from] Recoil\n|move|p1a: Annihilape|Rage Fist|p2b: Talonflame\n|-damage|p2b: Talonflame|0 fnt\n|faint|p2b: Talonflame\n|\n|-heal|p1a: Annihilape|98\/100|[from] item: Leftovers\n|upkeep\n|\n|t:|1683581901\n|switch|p2b: Chien-Pao|Chien-Pao, L50|100\/100\n|-ability|p2b: Chien-Pao|Sword of Ruin\n|turn|3\n|\n|t:|1683581912\n|move|p2b: Chien-Pao|Protect|p2b: Chien-Pao\n|-singleturn|p2b: Chien-Pao|Protect\n|move|p1b: Maushold|Protect|p1b: Maushold\n|-singleturn|p1b: Maushold|Protect\n|move|p2a: Slither Wing|Close Combat|p1b: Maushold\n|-activate|p1b: Maushold|move: Protect\n|move|p1a: Annihilape|Drain Punch|p2b: Chien-Pao\n|-activate|p2b: Chien-Pao|move: Protect\n|\n|-heal|p1a: Annihilape|100\/100|[from] item: Leftovers\n|upkeep\n|turn|4\n|\n|t:|1683581949\n|-terastallize|p2b: Chien-Pao|Ghost\n|-terastallize|p1b: Maushold|Ghost\n|move|p2b: Chien-Pao|Throat Chop|p1a: Annihilape\n|-damage|p1a: Annihilape|77\/100\n|-start|p1a: Annihilape|Throat Chop|[silent]\n|move|p2a: Slither Wing|Close Combat|p1b: Maushold\n|-immune|p1b: Maushold\n|move|p1b: Maushold|Beat Up|p2b: Chien-Pao\n|-supereffective|p2b: Chien-Pao\n|-damage|p2b: Chien-Pao|93\/100\n|-supereffective|p2b: Chien-Pao\n|-damage|p2b: Chien-Pao|86\/100\n|-supereffective|p2b: Chien-Pao\n|-damage|p2b: Chien-Pao|80\/100\n|-supereffective|p2b: Chien-Pao\n|-damage|p2b: Chien-Pao|72\/100\n|-hitcount|p2b: Chien-Pao|4\n|move|p1a: Annihilape|Rage Fist|p2a: Slither Wing\n|-damage|p2a: Slither Wing|0 fnt\n|faint|p2a: Slither Wing\n|-end|p2a: Slither Wing|Protosynthesis|[silent]\n|\n|-heal|p1a: Annihilape|83\/100|[from] item: Leftovers\n|-sideend|p2: bobbygoat72|move: Tailwind\n|upkeep\n|\n|t:|1683581969\n|switch|p2a: Glimmora|Glimmora, L50, M|100\/100\n|turn|5\n|\n|t:|1683581980\n|move|p1b: Maushold|Protect|p1b: Maushold\n|-singleturn|p1b: Maushold|Protect\n|move|p2b: Chien-Pao|Throat Chop|p1b: Maushold\n|-activate|p1b: Maushold|move: Protect\n|move|p2a: Glimmora|Sludge Bomb|p1a: Annihilape\n|-resisted|p1a: Annihilape\n|-damage|p1a: Annihilape|70\/100\n|move|p1a: Annihilape|Rage Fist|p2a: Glimmora\n|-damage|p2a: Glimmora|0 fnt\n|-activate|p2a: Glimmora|ability: Toxic Debris\n|-sidestart|p1: Barbie120|move: Toxic Spikes\n|faint|p2a: Glimmora\n|\n|-heal|p1a: Annihilape|76\/100|[from] item: Leftovers\n|-end|p1a: Annihilape|Throat Chop|[silent]\n|upkeep\n|turn|6\n|l|\u2606bobbygoat72\n|player|p2|\n|inactive|Battle timer is ON: inactive players will automatically lose when time's up. (requested by Barbie120)\n|inactive|bobbygoat72 has 30 seconds to reconnect!\n|inactive|bobbygoat72 has 20 seconds to reconnect!\n|inactive|bobbygoat72 has 15 seconds to reconnect!\n|inactive|bobbygoat72 has 10 seconds to reconnect!\n|inactive|bobbygoat72 has 5 seconds to reconnect!\n|-message|bobbygoat72 lost due to inactivity.\n|\n|win|Barbie120\n|raw|Barbie120's rating: 1209 → 1233<\/strong> (+24 for winning)\n|raw|bobbygoat72's rating: 1193 → 1169<\/strong> (-24 for losing)\n","uploadtime":1683582091,"views":6,"p1id":"barbie120","p2id":"bobbygoat72","formatid":"gen9vgc2023regulationc","rating":1169,"private":0,"password":""}