{"id":"gen9vgc2023regulationc-1853277862","p1":"snoozevgc","p2":"norbie7","format":"[Gen 9] VGC 2023 Regulation C","log":"|j|\u2606snoozevgc\n|j|\u2606norbie7\n|t:|1682659628\n|gametype|doubles\n|player|p1|snoozevgc|2|1497\n|player|p2|norbie7|ballguy|1440\n|teamsize|p1|6\n|teamsize|p2|6\n|gen|9\n|tier|[Gen 9] VGC 2023 Regulation C\n|rated|\n|rule|Species Clause: Limit one of each Pok\u00e9mon\n|rule|Item Clause: Limit one of each item\n|clearpoke\n|poke|p1|Lilligant, L50, F|\n|poke|p1|Torkoal, L50, F|\n|poke|p1|Flutter Mane, L50|\n|poke|p1|Kingambit, L50, F|\n|poke|p1|Dragonite, L50, F|\n|poke|p1|Great Tusk, L50|\n|poke|p2|Ting-Lu, L50|\n|poke|p2|Amoonguss, L50, M|\n|poke|p2|Garganacl, L50, M|\n|poke|p2|Arcanine, L50, F|\n|poke|p2|Roaring Moon, L50|\n|poke|p2|Iron Bundle, L50|\n|teampreview|4\n|inactive|Battle timer is ON: inactive players will automatically lose when time's up. (requested by snoozevgc)\n|inactive|norbie7 has 60 seconds left.\n|\n|t:|1682659660\n|start\n|switch|p1a: Lilligant|Lilligant, L50, F, shiny|100\/100\n|switch|p1b: Torkoal|Torkoal, L50, F, shiny|100\/100\n|switch|p2a: Amoonguss|Amoonguss, L50, M|100\/100\n|switch|p2b: Roaring Moon|Roaring Moon, L50|100\/100\n|-weather|SunnyDay|[from] ability: Drought|[of] p1b: Torkoal\n|-activate|p2b: Roaring Moon|ability: Protosynthesis\n|-start|p2b: Roaring Moon|protosynthesisatk\n|turn|1\n|\n|t:|1682659673\n|-terastallize|p2a: Amoonguss|Water\n|move|p1a: Lilligant|Sleep Powder|p2a: Amoonguss|[miss]\n|-miss|p1a: Lilligant|p2a: Amoonguss\n|move|p2b: Roaring Moon|Dragon Dance|p2b: Roaring Moon\n|-boost|p2b: Roaring Moon|atk|1\n|-boost|p2b: Roaring Moon|spe|1\n|move|p2a: Amoonguss|Spore|p1b: Torkoal\n|-status|p1b: Torkoal|slp|[from] move: Spore\n|cant|p1b: Torkoal|slp\n|\n|-weather|SunnyDay|[upkeep]\n|upkeep\n|turn|2\n|\n|t:|1682659696\n|move|p1a: Lilligant|Sleep Powder|p2b: Roaring Moon\n|-status|p2b: Roaring Moon|slp|[from] move: Sleep Powder\n|cant|p2b: Roaring Moon|slp\n|move|p2a: Amoonguss|Pollen Puff|p1a: Lilligant\n|-supereffective|p1a: Lilligant\n|-damage|p1a: Lilligant|43\/100\n|cant|p1b: Torkoal|slp\n|\n|-weather|SunnyDay|[upkeep]\n|upkeep\n|turn|3\n|\n|t:|1682659710\n|move|p1a: Lilligant|Sleep Powder|p2a: Amoonguss\n|-status|p2a: Amoonguss|slp|[from] move: Sleep Powder\n|cant|p2b: Roaring Moon|slp\n|cant|p2a: Amoonguss|slp\n|cant|p1b: Torkoal|slp\n|\n|-weather|SunnyDay|[upkeep]\n|upkeep\n|turn|4\n|\n|t:|1682659722\n|move|p1a: Lilligant|Protect|p1a: Lilligant\n|-singleturn|p1a: Lilligant|Protect\n|-curestatus|p2b: Roaring Moon|slp|[msg]\n|move|p2b: Roaring Moon|Jaw Lock|p1b: Torkoal\n|-damage|p1b: Torkoal|25\/100 slp\n|-activate|p2b: Roaring Moon|trapped\n|-activate|p1b: Torkoal|trapped\n|cant|p2a: Amoonguss|slp\n|-curestatus|p1b: Torkoal|slp|[msg]\n|move|p1b: Torkoal|Eruption|p2b: Roaring Moon|[spread] p2a,p2b\n|-resisted|p2a: Amoonguss\n|-resisted|p2b: Roaring Moon\n|-damage|p2a: Amoonguss|90\/100 slp\n|-damage|p2b: Roaring Moon|91\/100\n|\n|-weather|SunnyDay|[upkeep]\n|upkeep\n|turn|5\n|\n|t:|1682659746\n|move|p2b: Roaring Moon|Protect|p2b: Roaring Moon\n|-singleturn|p2b: Roaring Moon|Protect\n|move|p1a: Lilligant|Leaf Storm|p2a: Amoonguss\n|-supereffective|p2a: Amoonguss\n|-damage|p2a: Amoonguss|0 fnt\n|-unboost|p1a: Lilligant|spa|2\n|faint|p2a: Amoonguss\n|move|p1b: Torkoal|Eruption|p2b: Roaring Moon\n|-activate|p2b: Roaring Moon|move: Protect\n|\n|-weather|none\n|-end|p2b: Roaring Moon|Protosynthesis\n|upkeep\n|-enditem|p2b: Roaring Moon|Booster Energy\n|-activate|p2b: Roaring Moon|ability: Protosynthesis|[fromitem]\n|-start|p2b: Roaring Moon|protosynthesisatk\n|\n|t:|1682659757\n|switch|p2a: Iron Bundle|Iron Bundle, L50|100\/100\n|turn|6\n|\n|t:|1682659766\n|move|p1a: Lilligant|Protect|p1a: Lilligant\n|-singleturn|p1a: Lilligant|Protect\n|move|p2b: Roaring Moon|Acrobatics|p1b: Torkoal\n|-damage|p1b: Torkoal|0 fnt\n|faint|p1b: Torkoal\n|move|p2a: Iron Bundle|Freeze-Dry|p1a: Lilligant\n|-activate|p1a: Lilligant|move: Protect\n|\n|upkeep\n|\n|t:|1682659771\n|switch|p1b: Flutter Mane|Flutter Mane, L50, shiny|100\/100\n|turn|7\n|\n|t:|1682659787\n|move|p2b: Roaring Moon|Acrobatics|p1b: Flutter Mane\n|-damage|p1b: Flutter Mane|0 fnt\n|faint|p1b: Flutter Mane\n|-end|p1b: Flutter Mane|Protosynthesis|[silent]\n|move|p2a: Iron Bundle|Freeze-Dry|p1a: Lilligant\n|-supereffective|p1a: Lilligant\n|-damage|p1a: Lilligant|0 fnt\n|faint|p1a: Lilligant\n|\n|upkeep\n|-message|snoozevgc forfeited.\n|\n|win|norbie7\n|raw|snoozevgc's rating: 1497 → 1474<\/strong> (-23 for losing)\n|raw|norbie7's rating: 1440 → 1463<\/strong> (+23 for winning)\n","uploadtime":1682659795,"views":4,"p1id":"snoozevgc","p2id":"norbie7","formatid":"gen9vgc2023regulationc","rating":1463,"private":0,"password":""}