{"id":"gen9vgc2023regulationc-1845607593","p1":"dreamswgh","p2":"X-Vidar","format":"[Gen 9] VGC 2023 Regulation C","log":"|j|\u2606dreamswgh\n|j|\u2606X-Vidar\n|t:|1681749008\n|gametype|doubles\n|player|p1|dreamswgh|nate|1306\n|player|p2|X-Vidar|morty|1337\n|teamsize|p1|6\n|teamsize|p2|6\n|gen|9\n|tier|[Gen 9] VGC 2023 Regulation C\n|rated|\n|rule|Species Clause: Limit one of each Pok\u00e9mon\n|rule|Item Clause: Limit one of each item\n|clearpoke\n|poke|p1|Torkoal, L50, F|\n|poke|p1|Flutter Mane, L50|\n|poke|p1|Indeedee-F, L50, F|\n|poke|p1|Hatterene, L50, F|\n|poke|p1|Corviknight, L50, M|\n|poke|p1|Mudsdale, L50, F|\n|poke|p2|Flutter Mane, L50|\n|poke|p2|Palafin, L50, F|\n|poke|p2|Chi-Yu, L50|\n|poke|p2|Amoonguss, L50, F|\n|poke|p2|Iron Hands, L50|\n|poke|p2|Dragonite, L50, M|\n|teampreview|4\n|inactive|Battle timer is ON: inactive players will automatically lose when time's up. (requested by X-Vidar)\n|\n|t:|1681749064\n|start\n|switch|p1a: Nevada|Indeedee-F, L50, F|100\/100\n|switch|p1b: Okalahoma|Corviknight, L50, M|100\/100\n|switch|p2a: Palafin|Palafin, L50, F|100\/100\n|switch|p2b: Dragonite|Dragonite, L50, M|100\/100\n|-fieldstart|move: Psychic Terrain|[from] ability: Psychic Surge|[of] p1a: Nevada\n|-enditem|p1a: Nevada|Psychic Seed\n|-boost|p1a: Nevada|spd|1|[from] item: Psychic Seed\n|turn|1\n|\n|t:|1681749084\n|detailschange|p2a: Palafin|Palafin-Hero, L50, F\n|switch|p2a: Iron Hands|Iron Hands, L50|100\/100\n|move|p2b: Dragonite|Ice Spinner|p1a: Nevada\n|-damage|p1a: Nevada|69\/100\n|-fieldend|move: Psychic Terrain\n|move|p1b: Okalahoma|U-turn|p2a: Iron Hands\n|-resisted|p2a: Iron Hands\n|-damage|p2a: Iron Hands|91\/100\n|\n|t:|1681749102\n|switch|p1b: Arizona|Torkoal, L50, F|100\/100|[from] U-turn\n|-weather|SunnyDay|[from] ability: Drought|[of] p1b: Arizona\n|move|p1a: Nevada|Trick Room|p1a: Nevada\n|-fieldstart|move: Trick Room|[of] p1a: Nevada\n|\n|-weather|SunnyDay|[upkeep]\n|upkeep\n|turn|2\n|\n|t:|1681749122\n|switch|p1a: Utah|Flutter Mane, L50|100\/100\n|-activate|p1a: Utah|ability: Protosynthesis\n|-start|p1a: Utah|protosynthesisspa\n|move|p1b: Arizona|Protect|p1b: Arizona\n|-singleturn|p1b: Arizona|Protect\n|move|p2a: Iron Hands|Fake Out|p1a: Utah\n|-immune|p1a: Utah\n|move|p2b: Dragonite|Stomping Tantrum|p1b: Arizona\n|-activate|p1b: Arizona|move: Protect\n|\n|-weather|SunnyDay|[upkeep]\n|upkeep\n|turn|3\n|\n|t:|1681749140\n|-end|p1a: Utah|Protosynthesis|[silent]\n|switch|p1a: Nevada|Indeedee-F, L50, F|69\/100\n|-fieldstart|move: Psychic Terrain|[from] ability: Psychic Surge|[of] p1a: Nevada\n|-terastallize|p1b: Arizona|Fire\n|-terastallize|p2b: Dragonite|Flying\n|move|p1b: Arizona|Eruption|p2b: Dragonite|[spread] p2a,p2b\n|-damage|p2a: Iron Hands|30\/100\n|-damage|p2b: Dragonite|42\/100\n|move|p2a: Iron Hands|Wild Charge|p1b: Arizona\n|-damage|p1b: Arizona|60\/100\n|-damage|p2a: Iron Hands|22\/100|[from] Recoil\n|move|p2b: Dragonite|Tera Blast|p1a: Nevada\n|-damage|p1a: Nevada|8\/100\n|\n|-weather|SunnyDay|[upkeep]\n|upkeep\n|turn|4\n|inactive|X-Vidar has 30 seconds left.\n|inactive|X-Vidar has 20 seconds left.\n|inactive|X-Vidar has 15 seconds left.\n|l|\u2606X-Vidar\n|inactive|X-Vidar disconnected and has a minute to reconnect!\n|player|p2|\n|inactive|X-Vidar has 10 seconds left.\n|j|\u2606X-Vidar\n|inactive|X-Vidar reconnected and has 10 seconds left.\n|player|p2|X-Vidar|morty\n|inactive|X-Vidar has 5 seconds left.\n|\n|t:|1681749196\n|switch|p2b: Palafin|Palafin-Hero, L50, F|100\/100\n|-activate|p2b: Palafin|ability: Zero to Hero\n|move|p1a: Nevada|Helping Hand|p1b: Arizona\n|-singleturn|p1b: Arizona|Helping Hand|[of] p1a: Nevada\n|move|p1b: Arizona|Eruption|p2a: Iron Hands|[spread] p2a,p2b\n|-resisted|p2b: Palafin\n|-damage|p2a: Iron Hands|0 fnt\n|-damage|p2b: Palafin|56\/100\n|faint|p2a: Iron Hands\n|-end|p2a: Iron Hands|Quark Drive|[silent]\n|\n|-weather|SunnyDay|[upkeep]\n|upkeep\n|\n|t:|1681749207\n|switch|p2a: Chi-Yu|Chi-Yu, L50|100\/100\n|-ability|p2a: Chi-Yu|Beads of Ruin\n|turn|5\n|inactive|dreamswgh has 30 seconds left.\n|inactive|dreamswgh has 20 seconds left.\n|\n|t:|1681749243\n|switch|p1a: Utah|Flutter Mane, L50|100\/100\n|-activate|p1a: Utah|ability: Protosynthesis\n|-start|p1a: Utah|protosynthesisspa\n|move|p2b: Palafin|Protect|p2b: Palafin\n|-singleturn|p2b: Palafin|Protect\n|move|p1b: Arizona|Earth Power|p2a: Chi-Yu\n|-supereffective|p2a: Chi-Yu\n|-damage|p2a: Chi-Yu|39\/100\n|move|p2a: Chi-Yu|Heat Wave|p1b: Arizona|[spread] p1a,p1b\n|-resisted|p1b: Arizona\n|-crit|p1b: Arizona\n|-damage|p1a: Utah|26\/100\n|-damage|p1b: Arizona|0 fnt\n|faint|p1b: Arizona\n|\n|-weather|none\n|-end|p1a: Utah|Protosynthesis\n|-fieldend|move: Trick Room\n|upkeep\n|\n|t:|1681749266\n|switch|p1b: Nevada|Indeedee-F, L50, F|8\/100\n|turn|6\n|\n|t:|1681749282\n|move|p1b: Nevada|Helping Hand|p1a: Utah\n|-singleturn|p1a: Utah|Helping Hand|[of] p1b: Nevada\n|move|p2a: Chi-Yu|Protect|p2a: Chi-Yu\n|-singleturn|p2a: Chi-Yu|Protect\n|move|p1a: Utah|Dazzling Gleam|p2a: Chi-Yu|[spread] p2b\n|-activate|p2a: Chi-Yu|move: Protect\n|-damage|p2b: Palafin|0 fnt\n|faint|p2b: Palafin\n|\n|upkeep\n|\n|t:|1681749290\n|switch|p2b: Dragonite|Dragonite, L50, M, tera:Flying|42\/100\n|turn|7\n|\n|t:|1681749299\n|move|p1b: Nevada|Helping Hand|p1a: Utah\n|-singleturn|p1a: Utah|Helping Hand|[of] p1b: Nevada\n|move|p1a: Utah|Dazzling Gleam|p2b: Dragonite|[spread] p2a,p2b\n|-damage|p2a: Chi-Yu|0 fnt\n|-damage|p2b: Dragonite|0 fnt\n|faint|p2a: Chi-Yu\n|faint|p2b: Dragonite\n|\n|win|dreamswgh\n|raw|dreamswgh's rating: 1306 → 1328<\/strong> (+22 for winning)\n|raw|X-Vidar's rating: 1337 → 1315<\/strong> (-22 for losing)\n|c|\u2606dreamswgh|ggwp\n|l|\u2606X-Vidar\n","uploadtime":1681749326,"views":23,"p1id":"dreamswgh","p2id":"xvidar","formatid":"gen9vgc2023regulationc","rating":1315,"private":0,"password":""}