{"id":"gen9vgc2023regulationc-1857180637","p1":"BenD870","p2":"SpadesHS","format":"[Gen 9] VGC 2023 Regulation C","log":"|j|\u2606BenD870\n|j|\u2606SpadesHS\n|t:|1683154764\n|gametype|doubles\n|player|p1|BenD870|102|\n|player|p2|SpadesHS|n|\n|teamsize|p1|6\n|teamsize|p2|6\n|gen|9\n|tier|[Gen 9] VGC 2023 Regulation C\n|rule|Species Clause: Limit one of each Pok\u00e9mon\n|rule|Item Clause: Limit one of each item\n|clearpoke\n|poke|p1|Pincurchin, L50, F|\n|poke|p1|Iron Valiant, L50|\n|poke|p1|Iron Treads, L50|\n|poke|p1|Rabsca, L50, M|\n|poke|p1|Iron Moth, L50|\n|poke|p1|Vaporeon, L50, M|\n|poke|p2|Amoonguss, L50, F|\n|poke|p2|Palafin, L50, M|\n|poke|p2|Arcanine, L50, F|\n|poke|p2|Ting-Lu, L50|\n|poke|p2|Kingambit, L50, F|\n|poke|p2|Flutter Mane, L50|\n|teampreview|4\nBenD870 rejected open team sheets.\n|c|\u2606BenD870|Glhf!\n|\n|t:|1683154821\n|start\n|switch|p1a: Iron Moth|Iron Moth, L50|100\/100\n|switch|p1b: Pincurchin|Pincurchin, L50, F|100\/100\n|switch|p2a: Fun Police|Arcanine, L50, F|100\/100\n|switch|p2b: Tiki|Ting-Lu, L50|100\/100\n|-ability|p2a: Fun Police|Intimidate|boost\n|-unboost|p1a: Iron Moth|atk|1\n|-unboost|p1b: Pincurchin|atk|1\n|-ability|p2b: Tiki|Vessel of Ruin\n|-fieldstart|move: Electric Terrain|[from] ability: Electric Surge|[of] p1b: Pincurchin\n|-activate|p1a: Iron Moth|ability: Quark Drive\n|-start|p1a: Iron Moth|quarkdrivespa\n|turn|1\n|\n|t:|1683154859\n|-terastallize|p1a: Iron Moth|Grass\n|-terastallize|p2a: Fun Police|Flying\n|move|p1a: Iron Moth|Energy Ball|p2b: Tiki\n|-supereffective|p2b: Tiki\n|-damage|p2b: Tiki|43\/100\n|-damage|p1a: Iron Moth|91\/100|[from] item: Life Orb\n|move|p2a: Fun Police|Howl|p2a: Fun Police|[spread] p2a,p2b\n|-boost|p2a: Fun Police|atk|1\n|-boost|p2b: Tiki|atk|1\n|move|p2b: Tiki|Earthquake|p1b: Pincurchin|[spread] p1a,p1b\n|-immune|p2a: Fun Police\n|-resisted|p1a: Iron Moth\n|-supereffective|p1b: Pincurchin\n|-damage|p1a: Iron Moth|40\/100\n|-damage|p1b: Pincurchin|0 fnt\n|faint|p1b: Pincurchin\n|\n|upkeep\n|\n|t:|1683154877\n|switch|p1b: Iron Valiant|Iron Valiant, L50|100\/100\n|-activate|p1b: Iron Valiant|ability: Quark Drive\n|-start|p1b: Iron Valiant|quarkdrivespe\n|turn|2\n|\n|t:|1683154889\n|move|p1a: Iron Moth|Protect|p1a: Iron Moth\n|-singleturn|p1a: Iron Moth|Protect\n|move|p2a: Fun Police|Extreme Speed|p1a: Iron Moth\n|-activate|p1a: Iron Moth|move: Protect\n|move|p1b: Iron Valiant|Moonblast|p2b: Tiki\n|-supereffective|p2b: Tiki\n|-damage|p2b: Tiki|11\/100\n|-unboost|p2b: Tiki|spa|1\n|move|p2b: Tiki|Heavy Slam|p1b: Iron Valiant\n|-supereffective|p1b: Iron Valiant\n|-enditem|p1b: Iron Valiant|Focus Sash\n|-damage|p1b: Iron Valiant|1\/100\n|\n|upkeep\n|turn|3\n|c|\u2606BenD870|Idk why I did that tbh\n|\n|t:|1683154948\n|move|p2a: Fun Police|Extreme Speed|p1a: Iron Moth\n|-damage|p1a: Iron Moth|0 fnt\n|faint|p1a: Iron Moth\n|-end|p1a: Iron Moth|Quark Drive|[silent]\n|move|p1b: Iron Valiant|Moonblast|p2b: Tiki\n|-supereffective|p2b: Tiki\n|-damage|p2b: Tiki|0 fnt\n|faint|p2b: Tiki\n|\n|upkeep\n|\n|t:|1683154958\n|switch|p1a: Iron Treads|Iron Treads, L50|100\/100\n|switch|p2b: Timeline|Flutter Mane, L50|100\/100\n|-activate|p1a: Iron Treads|ability: Quark Drive\n|-start|p1a: Iron Treads|quarkdriveatk\n|turn|4\n|\n|t:|1683154972\n|move|p1b: Iron Valiant|Protect|p1b: Iron Valiant\n|-singleturn|p1b: Iron Valiant|Protect\n|move|p2b: Timeline|Shadow Ball|p1a: Iron Treads\n|-damage|p1a: Iron Treads|53\/100\n|move|p2a: Fun Police|Flare Blitz|p1a: Iron Treads\n|-supereffective|p1a: Iron Treads\n|-damage|p1a: Iron Treads|0 fnt\n|faint|p1a: Iron Treads\n|-end|p1a: Iron Treads|Quark Drive|[silent]\n|-damage|p2a: Fun Police|83\/100|[from] Recoil\n|\n|upkeep\n|turn|5\n|c|\u2606BenD870|Gg\n|\n|t:|1683154987\n|move|p2a: Fun Police|Extreme Speed|p1b: Iron Valiant\n|-damage|p1b: Iron Valiant|0 fnt\n|faint|p1b: Iron Valiant\n|-end|p1b: Iron Valiant|Quark Drive|[silent]\n|\n|win|SpadesHS\n","uploadtime":1683154990,"views":6,"p1id":"bend870","p2id":"spadeshs","formatid":"gen9vgc2023regulationc","rating":0,"private":0,"password":""}