{"id":"gen9vgc2023regulationc-1845815448","p1":"iamedgy42069","p2":"zanmy91","format":"[Gen 9] VGC 2023 Regulation C","log":"|j|\u2606iamedgy42069\n|j|\u2606zanmy91\n|t:|1681767384\n|gametype|doubles\n|player|p1|iamedgy42069|hoopster|1248\n|player|p2|zanmy91|roughneck|1227\n|teamsize|p1|6\n|teamsize|p2|6\n|gen|9\n|tier|[Gen 9] VGC 2023 Regulation C\n|rated|\n|rule|Species Clause: Limit one of each Pok\u00e9mon\n|rule|Item Clause: Limit one of each item\n|clearpoke\n|poke|p1|Tyranitar, L50, M|\n|poke|p1|Houndstone, L50, M|\n|poke|p1|Garchomp, L50, F|\n|poke|p1|Talonflame, L50, F|\n|poke|p1|Brute Bonnet, L50|\n|poke|p1|Rotom-Wash, L50|\n|poke|p2|Amoonguss, L50, F|\n|poke|p2|Annihilape, L50, M|\n|poke|p2|Maushold, L50|\n|poke|p2|Gyarados, L50, M|\n|poke|p2|Flutter Mane, L50|\n|poke|p2|Chien-Pao, L50|\n|teampreview|4\niamedgy42069 has agreed to open team sheets.\n|inactive|Battle timer is ON: inactive players will automatically lose when time's up. (requested by iamedgy42069)\n|inactive|zanmy91 has 60 seconds left.\n|\n|t:|1681767446\n|start\n|switch|p1a: Blazen|Talonflame, L50, F|100\/100\n|switch|p1b: Brutus|Brute Bonnet, L50|100\/100\n|switch|p2a: Gyarados|Gyarados, L50, M|100\/100\n|switch|p2b: Chien-Pao|Chien-Pao, L50|100\/100\n|-ability|p2b: Chien-Pao|Sword of Ruin\n|-ability|p2a: Gyarados|Intimidate|boost\n|-unboost|p1a: Blazen|atk|1\n|-unboost|p1b: Brutus|atk|1\n|turn|1\n|inactive|iamedgy42069 has 30 seconds left.\n|\n|t:|1681767474\n|-end|p1b: Brutus|Protosynthesis|[silent]\n|switch|p1b: Gordon|Houndstone, L50, M|100\/100\n|move|p2b: Chien-Pao|Protect|p2b: Chien-Pao\n|-singleturn|p2b: Chien-Pao|Protect\n|move|p1a: Blazen|Tailwind|p1a: Blazen\n|-sidestart|p1: iamedgy42069|move: Tailwind\n|move|p2a: Gyarados|Taunt|p1b: Gordon\n|-start|p1b: Gordon|move: Taunt\n|\n|upkeep\n|turn|2\n|\n|t:|1681767497\n|switch|p1b: Mr. Boombastic|Tyranitar, L50, M, shiny|100\/100\n|-weather|Sandstorm|[from] ability: Sand Stream|[of] p1b: Mr. Boombastic\n|move|p2b: Chien-Pao|Sucker Punch||[still]\n|-fail|p2b: Chien-Pao\n|move|p1a: Blazen|U-turn|p2b: Chien-Pao\n|-supereffective|p2b: Chien-Pao\n|-damage|p2b: Chien-Pao|68\/100\n|\n|t:|1681767506\n|switch|p1a: Gordon|Houndstone, L50, M|100\/100|[from] U-turn\n|move|p2a: Gyarados|Waterfall|p1a: Gordon\n|-damage|p1a: Gordon|50\/100\n|\n|-weather|Sandstorm|[upkeep]\n|-damage|p2b: Chien-Pao|63\/100|[from] Sandstorm\n|-damage|p2a: Gyarados|95\/100|[from] Sandstorm\n|upkeep\n|turn|3\n|\n|t:|1681767531\n|-terastallize|p1b: Mr. Boombastic|Flying\n|move|p2b: Chien-Pao|Protect|p2b: Chien-Pao\n|-singleturn|p2b: Chien-Pao|Protect\n|move|p1a: Gordon|Howl|p1a: Gordon|[spread] p1a,p1b\n|-boost|p1a: Gordon|atk|1\n|-boost|p1b: Mr. Boombastic|atk|1\n|move|p1b: Mr. Boombastic|Rock Slide|p2a: Gyarados|[spread] p2a\n|-activate|p2b: Chien-Pao|move: Protect\n|-supereffective|p2a: Gyarados\n|-damage|p2a: Gyarados|0 fnt\n|faint|p2a: Gyarados\n|\n|-weather|Sandstorm|[upkeep]\n|-damage|p2b: Chien-Pao|57\/100|[from] Sandstorm\n|-damage|p1b: Mr. Boombastic|95\/100|[from] Sandstorm\n|upkeep\n|\n|t:|1681767549\n|switch|p2a: Amoonguss|Amoonguss, L50, F|100\/100\n|turn|4\n|\n|t:|1681767560\n|move|p2b: Chien-Pao|Sucker Punch||[still]\n|-fail|p2b: Chien-Pao\n|move|p1a: Gordon|Howl|p1a: Gordon|[spread] p1a,p1b\n|-boost|p1a: Gordon|atk|1\n|-boost|p1b: Mr. Boombastic|atk|1\n|move|p1b: Mr. Boombastic|Fire Punch|p2a: Amoonguss\n|-supereffective|p2a: Amoonguss\n|-damage|p2a: Amoonguss|0 fnt\n|faint|p2a: Amoonguss\n|\n|-weather|Sandstorm|[upkeep]\n|-damage|p2b: Chien-Pao|51\/100|[from] Sandstorm\n|-damage|p1b: Mr. Boombastic|89\/100|[from] Sandstorm\n|-sideend|p1: iamedgy42069|move: Tailwind\n|upkeep\n|\n|t:|1681767573\n|switch|p2a: Flutter Mane|Flutter Mane, L50|100\/100\n|-enditem|p2a: Flutter Mane|Booster Energy\n|-activate|p2a: Flutter Mane|ability: Protosynthesis|[fromitem]\n|-start|p2a: Flutter Mane|protosynthesisspe\n|turn|5\n|\n|t:|1681767590\n|-terastallize|p2a: Flutter Mane|Fairy\n|move|p2b: Chien-Pao|Sucker Punch|p1b: Mr. Boombastic\n|-damage|p1b: Mr. Boombastic|54\/100\n|move|p2a: Flutter Mane|Moonblast|p1b: Mr. Boombastic\n|-damage|p1b: Mr. Boombastic|19\/100\n|-unboost|p1b: Mr. Boombastic|spa|1\n|move|p1a: Gordon|Will-O-Wisp|p2b: Chien-Pao\n|-status|p2b: Chien-Pao|brn\n|move|p1b: Mr. Boombastic|Rock Slide|p2b: Chien-Pao|[spread] p2a,p2b\n|-supereffective|p2b: Chien-Pao\n|-damage|p2a: Flutter Mane|0 fnt\n|-damage|p2b: Chien-Pao|0 fnt\n|faint|p2a: Flutter Mane\n|-end|p2a: Flutter Mane|Protosynthesis|[silent]\n|faint|p2b: Chien-Pao\n|\n|win|iamedgy42069\n|raw|iamedgy42069's rating: 1248 → 1271<\/strong> (+23 for winning)\n|raw|zanmy91's rating: 1227 → 1204<\/strong> (-23 for losing)\n|l|\u2606zanmy91\n","uploadtime":1681767612,"views":7,"p1id":"iamedgy42069","p2id":"zanmy91","formatid":"gen9vgc2023regulationc","rating":1204,"private":0,"password":""}