{"id":"gen9vgc2023regulationc-1858857940","p1":"lol95","p2":"MattManectric","format":"[Gen 9] VGC 2023 Regulation C","log":"|j|\u2606lol95\n|j|\u2606MattManectric\n|t:|1683374649\n|gametype|doubles\n|player|p1|lol95|101|\n|player|p2|MattManectric|266|\n|teamsize|p1|6\n|teamsize|p2|6\n|gen|9\n|tier|[Gen 9] VGC 2023 Regulation C\n|rule|Species Clause: Limit one of each Pok\u00e9mon\n|rule|Item Clause: Limit one of each item\n|clearpoke\n|poke|p1|Murkrow, L50, F|\n|poke|p1|Chi-Yu, L50|\n|poke|p1|Flutter Mane, L50|\n|poke|p1|Great Tusk, L50|\n|poke|p1|Brute Bonnet, L50|\n|poke|p1|Corviknight, L50, M|\n|poke|p2|Kingambit, L50, M|\n|poke|p2|Chien-Pao, L50|\n|poke|p2|Great Tusk, L50|\n|poke|p2|Flutter Mane, L50|\n|poke|p2|Jumpluff, L50, F|\n|poke|p2|Torkoal, L50, F|\n|teampreview|4\n|c|\u2606MattManectric|g3\n|j| Greenios\nMattManectric has agreed to open team sheets.\n|j| ALittleJamieVGC\n|\n|t:|1683375493\n|start\n|switch|p1a: Murkrow|Murkrow, L50, F, shiny|100\/100\n|switch|p1b: Great Tusk|Great Tusk, L50|100\/100\n|switch|p2a: Jumpluff|Jumpluff, L50, F|100\/100\n|switch|p2b: Torkoal|Torkoal, L50, F|100\/100\n|-weather|SunnyDay|[from] ability: Drought|[of] p2b: Torkoal\n|-activate|p1b: Great Tusk|ability: Protosynthesis\n|-start|p1b: Great Tusk|protosynthesisatk\n|turn|1\n|j| Jarshall\n|c|\u2606lol95|https:\/\/pokepast.es\/2bf137059d9453b3\n|j| Sliced bacon\n|\n|t:|1683375555\n|move|p2b: Torkoal|Protect|p2b: Torkoal\n|-singleturn|p2b: Torkoal|Protect\n|move|p1a: Murkrow|Tailwind|p1a: Murkrow\n|-sidestart|p1: lol95|move: Tailwind\n|move|p1b: Great Tusk|Earthquake|p2a: Jumpluff|[spread] \n|-activate|p2b: Torkoal|move: Protect\n|-immune|p1a: Murkrow\n|-immune|p2a: Jumpluff\n|move|p2a: Jumpluff|Tailwind|p2a: Jumpluff\n|-sidestart|p2: MattManectric|move: Tailwind\n|\n|-weather|SunnyDay|[upkeep]\n|upkeep\n|turn|2\n|\n|t:|1683375586\n|-terastallize|p2b: Torkoal|Flying\n|move|p2a: Jumpluff|Sleep Powder|p1a: Murkrow|[miss]\n|-miss|p2a: Jumpluff|p1a: Murkrow\n|move|p1b: Great Tusk|Earthquake|p2b: Torkoal|[spread] \n|-immune|p1a: Murkrow\n|-immune|p2a: Jumpluff\n|-immune|p2b: Torkoal\n|move|p1a: Murkrow|Foul Play|p2a: Jumpluff\n|-damage|p2a: Jumpluff|82\/100\n|move|p2b: Torkoal|Overheat|p1b: Great Tusk\n|-damage|p1b: Great Tusk|1\/100\n|-unboost|p2b: Torkoal|spa|2\n|-enditem|p2b: Torkoal|Eject Pack\n|\n|t:|1683375605\n|switch|p2b: Flutter Mane|Flutter Mane, L50|100\/100\n|-activate|p2b: Flutter Mane|ability: Protosynthesis\n|-start|p2b: Flutter Mane|protosynthesisspa\n|\n|-weather|SunnyDay|[upkeep]\n|upkeep\n|turn|3\n|\n|t:|1683375616\n|move|p2a: Jumpluff|Leaf Storm|p1b: Great Tusk\n|-supereffective|p1b: Great Tusk\n|-damage|p1b: Great Tusk|0 fnt\n|-unboost|p2a: Jumpluff|spa|2\n|faint|p1b: Great Tusk\n|-end|p1b: Great Tusk|Protosynthesis|[silent]\n|move|p2b: Flutter Mane|Dazzling Gleam|p1a: Murkrow\n|-supereffective|p1a: Murkrow\n|-damage|p1a: Murkrow|0 fnt\n|faint|p1a: Murkrow\n|\n|-weather|SunnyDay|[upkeep]\n|upkeep\n|\n|t:|1683375626\n|switch|p1b: Chi-Yu|Chi-Yu, L50|100\/100\n|switch|p1a: Brute Bonnet|Brute Bonnet, L50|100\/100\n|-ability|p1b: Chi-Yu|Beads of Ruin\n|-activate|p1a: Brute Bonnet|ability: Protosynthesis\n|-start|p1a: Brute Bonnet|protosynthesisatk\n|turn|4\n|\n|t:|1683375642\n|move|p1a: Brute Bonnet|Sucker Punch|p2b: Flutter Mane\n|-damage|p2b: Flutter Mane|14\/100\n|move|p2a: Jumpluff|Sleep Powder|p1a: Brute Bonnet\n|-immune|p1a: Brute Bonnet\n|move|p2b: Flutter Mane|Dazzling Gleam|p1a: Brute Bonnet|[spread] p1a,p1b\n|-supereffective|p1a: Brute Bonnet\n|-damage|p1a: Brute Bonnet|0 fnt\n|-damage|p1b: Chi-Yu|27\/100\n|faint|p1a: Brute Bonnet\n|-end|p1a: Brute Bonnet|Protosynthesis|[silent]\n|move|p1b: Chi-Yu|Heat Wave|p2b: Flutter Mane|[spread] p2a,p2b\n|-supereffective|p2a: Jumpluff\n|-crit|p2a: Jumpluff\n|-damage|p2a: Jumpluff|0 fnt\n|-damage|p2b: Flutter Mane|0 fnt\n|faint|p2a: Jumpluff\n|faint|p2b: Flutter Mane\n|-end|p2b: Flutter Mane|Protosynthesis|[silent]\n|-damage|p1b: Chi-Yu|17\/100|[from] item: Life Orb\n|\n|-weather|SunnyDay|[upkeep]\n|-sideend|p2: MattManectric|move: Tailwind\n|-sideend|p1: lol95|move: Tailwind\n|upkeep\n|\n|t:|1683375653\n|switch|p2b: Torkoal|Torkoal, L50, F, tera:Flying|100\/100\n|switch|p2a: Great Tusk|Great Tusk, L50|100\/100\n|-activate|p2a: Great Tusk|ability: Protosynthesis\n|-start|p2a: Great Tusk|protosynthesisatk\n|turn|5\n|\n|t:|1683375666\n|move|p2b: Torkoal|Helping Hand|p2a: Great Tusk\n|-singleturn|p2a: Great Tusk|Helping Hand|[of] p2b: Torkoal\n|move|p2a: Great Tusk|Headlong Rush|p1b: Chi-Yu\n|-supereffective|p1b: Chi-Yu\n|-damage|p1b: Chi-Yu|0 fnt\n|-unboost|p2a: Great Tusk|def|1\n|-unboost|p2a: Great Tusk|spd|1\n|faint|p1b: Chi-Yu\n|\n|win|MattManectric\n|c|\u2606MattManectric|gg\n|c|\u2606lol95|gg\n","uploadtime":1683375677,"views":23,"p1id":"lol95","p2id":"mattmanectric","formatid":"gen9vgc2023regulationc","rating":0,"private":0,"password":""}