{"id":"gen9vgc2023regulationc-1847461772","p1":"Fekasu","p2":"GB Seraphix","format":"[Gen 9] VGC 2023 Regulation C","log":"|j|\u2606Fekasu\n|j|\u2606GB Seraphix\n|t:|1681958007\n|gametype|doubles\n|player|p1|Fekasu|pokekid|1319\n|player|p2|GB Seraphix|rosa|1250\n|teamsize|p1|6\n|teamsize|p2|6\n|gen|9\n|tier|[Gen 9] VGC 2023 Regulation C\n|rated|\n|rule|Species Clause: Limit one of each Pok\u00e9mon\n|rule|Item Clause: Limit one of each item\n|clearpoke\n|poke|p1|Baxcalibur, L50, M|\n|poke|p1|Arcanine, L50, M|\n|poke|p1|Amoonguss, L50, F|\n|poke|p1|Rotom-Wash, L50|\n|poke|p1|Corviknight, L50, F|\n|poke|p1|Ceruledge, L50, M|\n|poke|p2|Chi-Yu, L50|\n|poke|p2|Dachsbun, L50, F|\n|poke|p2|Flutter Mane, L50|\n|poke|p2|Baxcalibur, L50, M|\n|poke|p2|Amoonguss, L50, M|\n|poke|p2|Rotom-Wash, L50|\n|teampreview|4\n|\n|t:|1681958064\n|start\n|switch|p1a: Baxcalibur|Baxcalibur, L50, M|100\/100\n|switch|p1b: Rotom|Rotom-Wash, L50|100\/100\n|switch|p2a: Nemo|Chi-Yu, L50|100\/100\n|switch|p2b: BB|Flutter Mane, L50|100\/100\n|-ability|p2a: Nemo|Beads of Ruin\n|-enditem|p2b: BB|Booster Energy\n|-activate|p2b: BB|ability: Protosynthesis|[fromitem]\n|-start|p2b: BB|protosynthesisspe\n|turn|1\n|\n|t:|1681958098\n|-terastallize|p1a: Baxcalibur|Ground\n|move|p2b: BB|Moonblast|p1a: Baxcalibur\n|-damage|p1a: Baxcalibur|31\/100\n|move|p2a: Nemo|Heat Wave|p1b: Rotom|[spread] p1a,p1b\n|-resisted|p1b: Rotom\n|-damage|p1a: Baxcalibur|0 fnt\n|-damage|p1b: Rotom|70\/100\n|faint|p1a: Baxcalibur\n|move|p1b: Rotom|Hydro Pump|p2b: BB\n|-damage|p2b: BB|40\/100\n|\n|upkeep\n|\n|t:|1681958111\n|switch|p1a: Ceruledge|Ceruledge, L50, M|100\/100\n|turn|2\n|inactive|Battle timer is ON: inactive players will automatically lose when time's up. (requested by GB Seraphix)\n|\n|t:|1681958138\n|switch|p2a: Gardenia|Dachsbun, L50, F|100\/100\n|switch|p1b: Arcanine|Arcanine, L50, M|100\/100\n|-ability|p1b: Arcanine|Intimidate|boost\n|-unboost|p2a: Gardenia|atk|1\n|-unboost|p2b: BB|atk|1\n|move|p2b: BB|Protect|p2b: BB\n|-singleturn|p2b: BB|Protect\n|move|p1a: Ceruledge|Bitter Blade|p2a: Gardenia\n|-ability|p2a: Gardenia|Well-Baked Body|boost\n|-boost|p2a: Gardenia|def|2\n|\n|upkeep\n|turn|3\n|\n|t:|1681958157\n|-end|p2b: BB|Protosynthesis|[silent]\n|switch|p2b: Kiryu|Baxcalibur, L50, M|100\/100\n|move|p1a: Ceruledge|Shadow Sneak|p2b: Kiryu\n|-damage|p2b: Kiryu|81\/100\n|move|p1b: Arcanine|Howl|p1b: Arcanine|[spread] p1a,p1b\n|-boost|p1a: Ceruledge|atk|1\n|-boost|p1b: Arcanine|atk|1\n|move|p2a: Gardenia|Body Press|p1b: Arcanine\n|-damage|p1b: Arcanine|44\/100\n|\n|upkeep\n|turn|4\n|\n|t:|1681958180\n|switch|p1b: Rotom|Rotom-Wash, L50|70\/100\n|move|p2a: Gardenia|Body Press|p1b: Rotom\n|-damage|p1b: Rotom|16\/100\n|move|p2b: Kiryu|Stomping Tantrum|p1a: Ceruledge\n|-supereffective|p1a: Ceruledge\n|-damage|p1a: Ceruledge|20\/100\n|move|p1a: Ceruledge|Close Combat|p2b: Kiryu\n|-supereffective|p2b: Kiryu\n|-damage|p2b: Kiryu|0 fnt\n|-unboost|p1a: Ceruledge|def|1\n|-unboost|p1a: Ceruledge|spd|1\n|faint|p2b: Kiryu\n|\n|upkeep\n|\n|t:|1681958193\n|switch|p2b: Nemo|Chi-Yu, L50|100\/100\n|-ability|p2b: Nemo|Beads of Ruin\n|turn|5\n|-message|Fekasu forfeited.\n|\n|win|GB Seraphix\n|raw|Fekasu's rating: 1319 → 1295<\/strong> (-24 for losing)\n|raw|GB Seraphix's rating: 1250 → 1280<\/strong> (+30 for winning)\n|l|\u2606Fekasu\n","uploadtime":1681958199,"views":14,"p1id":"fekasu","p2id":"gbseraphix","formatid":"gen9vgc2023regulationc","rating":1280,"private":0,"password":""}