{"id":"gen9vgc2023regulationc-1855603375","p1":"SpacemanJam.exe","p2":"NicoHaxVGC","format":"[Gen 9] VGC 2023 Regulation C","log":"|j|\u2606SpacemanJam.exe\n|j|\u2606NicoHaxVGC\n|t:|1682965726\n|gametype|doubles\n|player|p1|SpacemanJam.exe|clay|1291\n|player|p2|NicoHaxVGC|red|1377\n|teamsize|p1|6\n|teamsize|p2|6\n|gen|9\n|tier|[Gen 9] VGC 2023 Regulation C\n|rated|\n|rule|Species Clause: Limit one of each Pok\u00e9mon\n|rule|Item Clause: Limit one of each item\n|clearpoke\n|poke|p1|Abomasnow, L50, M|\n|poke|p1|Iron Bundle, L50|\n|poke|p1|Iron Hands, L50|\n|poke|p1|Chi-Yu, L50|\n|poke|p1|Great Tusk, L50|\n|poke|p1|Flutter Mane, L50|\n|poke|p2|Corviknight, L50, F|\n|poke|p2|Ting-Lu, L50|\n|poke|p2|Annihilape, L50, M|\n|poke|p2|Amoonguss, L50, F|\n|poke|p2|Iron Bundle, L50|\n|poke|p2|Flutter Mane, L50|\n|teampreview|4\n|inactive|Battle timer is ON: inactive players will automatically lose when time's up. (requested by NicoHaxVGC)\nNicoHaxVGC has agreed to open team sheets.\n|inactive|SpacemanJam.exe has 60 seconds left.\n|inactive|NicoHaxVGC has 60 seconds left.\n|\n|t:|1682965770\n|start\n|switch|p1a: Chi-Yu|Chi-Yu, L50|100\/100\n|switch|p1b: Iron Hands|Iron Hands, L50|100\/100\n|switch|p2a: Cyborg|Iron Bundle, L50|100\/100\n|switch|p2b: Robin|Annihilape, L50, M|100\/100\n|-ability|p1a: Chi-Yu|Beads of Ruin\n|-enditem|p2a: Cyborg|Booster Energy\n|-activate|p2a: Cyborg|ability: Quark Drive|[fromitem]\n|-start|p2a: Cyborg|quarkdrivespe\n|turn|1\n|inactive|SpacemanJam.exe has 30 seconds left.\n|inactive|NicoHaxVGC has 30 seconds left.\n|inactive|NicoHaxVGC has 20 seconds left.\n|\n|t:|1682965807\n|-terastallize|p2b: Robin|Fire\n|move|p2a: Cyborg|Protect|p2a: Cyborg\n|-singleturn|p2a: Cyborg|Protect\n|move|p1b: Iron Hands|Fake Out|p2a: Cyborg\n|-activate|p2a: Cyborg|move: Protect\n|move|p1a: Chi-Yu|Dark Pulse|p2b: Robin\n|-damage|p2b: Robin|51\/100\n|move|p2b: Robin|Bulk Up|p2b: Robin\n|-boost|p2b: Robin|atk|1\n|-boost|p2b: Robin|def|1\n|\n|-heal|p2b: Robin|57\/100|[from] item: Leftovers\n|upkeep\n|turn|2\n|inactive|NicoHaxVGC has 30 seconds left.\n|inactive|NicoHaxVGC has 20 seconds left.\n|inactive|NicoHaxVGC has 15 seconds left.\n|\n|t:|1682965849\n|-terastallize|p1a: Chi-Yu|Water\n|move|p2a: Cyborg|Icy Wind|p1a: Chi-Yu|[spread] p1a,p1b\n|-resisted|p1a: Chi-Yu\n|-damage|p1a: Chi-Yu|91\/100\n|-damage|p1b: Iron Hands|88\/100\n|-unboost|p1b: Iron Hands|spe|1\n|move|p1a: Chi-Yu|Tera Blast|p2b: Robin\n|-supereffective|p2b: Robin\n|-crit|p2b: Robin\n|-damage|p2b: Robin|0 fnt\n|faint|p2b: Robin\n|move|p1b: Iron Hands|Heavy Slam|p2a: Cyborg\n|-damage|p2a: Cyborg|45\/100\n|\n|upkeep\n|\n|t:|1682965861\n|switch|p2b: Star fire|Flutter Mane, L50|100\/100\n|turn|3\n|\n|t:|1682965882\n|move|p1a: Chi-Yu|Protect|p1a: Chi-Yu\n|-singleturn|p1a: Chi-Yu|Protect\n|move|p2a: Cyborg|Freeze-Dry|p1a: Chi-Yu\n|-activate|p1a: Chi-Yu|move: Protect\n|move|p2b: Star fire|Moonblast|p1b: Iron Hands\n|-supereffective|p1b: Iron Hands\n|-damage|p1b: Iron Hands|0 fnt\n|faint|p1b: Iron Hands\n|-end|p1b: Iron Hands|Quark Drive|[silent]\n|\n|upkeep\n|\n|t:|1682965894\n|switch|p1b: Abomasnow|Abomasnow, L50, M|100\/100\n|-weather|Snow|[from] ability: Snow Warning|[of] p1b: Abomasnow\n|turn|4\n|inactive|SpacemanJam.exe has 30 seconds left.\n|\n|t:|1682965924\n|move|p2a: Cyborg|Freeze-Dry|p1a: Chi-Yu\n|-supereffective|p1a: Chi-Yu\n|-damage|p1a: Chi-Yu|27\/100\n|move|p2b: Star fire|Moonblast|p1a: Chi-Yu\n|-damage|p1a: Chi-Yu|0 fnt\n|faint|p1a: Chi-Yu\n|move|p1b: Abomasnow|Giga Drain|p2a: Cyborg\n|-supereffective|p2a: Cyborg\n|-crit|p2a: Cyborg\n|-damage|p2a: Cyborg|0 fnt\n|faint|p2a: Cyborg\n|-end|p2a: Cyborg|Quark Drive|[silent]\n|-damage|p1b: Abomasnow|91\/100|[from] item: Life Orb\n|\n|-weather|Snow|[upkeep]\n|upkeep\n|\n|t:|1682965937\n|switch|p2a: Raven|Corviknight, L50, F|100\/100\n|switch|p1a: Flutter Mane|Flutter Mane, L50|100\/100\n|turn|5\n|\n|t:|1682965958\n|move|p1a: Flutter Mane|Shadow Ball|p2b: Star fire\n|-supereffective|p2b: Star fire\n|-damage|p2b: Star fire|0 fnt\n|faint|p2b: Star fire\n|-end|p2b: Star fire|Protosynthesis|[silent]\n|move|p2a: Raven|Tailwind|p2a: Raven\n|-sidestart|p2: NicoHaxVGC|move: Tailwind\n|move|p1b: Abomasnow|Blizzard|p2a: Raven\n|-damage|p2a: Raven|47\/100\n|-status|p2a: Raven|frz\n|-damage|p1b: Abomasnow|81\/100|[from] item: Life Orb\n|\n|-weather|Snow|[upkeep]\n|upkeep\n|turn|6\n|c|\u2606NicoHaxVGC|gg\n|c|\u2606SpacemanJam.exe|gg\n|\n|t:|1682965979\n|cant|p2a: Raven|frz\n|move|p1a: Flutter Mane|Shadow Ball|p2a: Raven\n|-damage|p2a: Raven|0 fnt\n|faint|p2a: Raven\n|\n|win|SpacemanJam.exe\n|raw|SpacemanJam.exe's rating: 1291 → 1322<\/strong> (+31 for winning)\n|raw|NicoHaxVGC's rating: 1377 → 1352<\/strong> (-25 for losing)\n","uploadtime":1682965985,"views":19,"p1id":"spacemanjamexe","p2id":"nicohaxvgc","formatid":"gen9vgc2023regulationc","rating":1322,"private":0,"password":""}