{"id":"gen9vgc2023regulationc-1846545864","p1":"upswinging","p2":"Maxman101100","format":"[Gen 9] VGC 2023 Regulation C","log":"|j|\u2606upswinging\n|j|\u2606Maxman101100\n|t:|1681850277\n|gametype|doubles\n|player|p1|upswinging|riley|1625\n|player|p2|Maxman101100|iris-gen5bw2|1732\n|teamsize|p1|6\n|teamsize|p2|6\n|gen|9\n|tier|[Gen 9] VGC 2023 Regulation C\n|rated|\n|rule|Species Clause: Limit one of each Pok\u00e9mon\n|rule|Item Clause: Limit one of each item\n|clearpoke\n|poke|p1|Murkrow, L50, M|\n|poke|p1|Iron Bundle, L50|\n|poke|p1|Chi-Yu, L50|\n|poke|p1|Gholdengo, L50|\n|poke|p1|Great Tusk, L50|\n|poke|p1|Brute Bonnet, L50|\n|poke|p2|Annihilape, L50, M|\n|poke|p2|Maushold, L50|\n|poke|p2|Baxcalibur, L50, F|\n|poke|p2|Ting-Lu, L50|\n|poke|p2|Flutter Mane, L50|\n|poke|p2|Talonflame, L50, F|\n|teampreview|4\nupswinging has agreed to open team sheets.\n|inactive|Battle timer is ON: inactive players will automatically lose when time's up. (requested by Maxman101100)\n|\n|t:|1681850306\n|start\n|switch|p1a: Murkrow|Murkrow, L50, M, shiny|100\/100\n|switch|p1b: Gholdengo|Gholdengo, L50|100\/100\n|switch|p2a: Ting-Lucifer|Ting-Lu, L50|100\/100\n|switch|p2b: Rodan|Talonflame, L50, F|100\/100\n|-ability|p2a: Ting-Lucifer|Vessel of Ruin\n|turn|1\n|\n|t:|1681850319\n|move|p2b: Rodan|Tailwind|p2b: Rodan\n|-sidestart|p2: Maxman101100|move: Tailwind\n|move|p1a: Murkrow|Tailwind|p1a: Murkrow\n|-sidestart|p1: upswinging|move: Tailwind\n|move|p1b: Gholdengo|Make It Rain|p2a: Ting-Lucifer|[spread] p2a,p2b\n|-resisted|p2b: Rodan\n|-crit|p2b: Rodan\n|-damage|p2a: Ting-Lucifer|53\/100\n|-damage|p2b: Rodan|34\/100\n|-unboost|p1b: Gholdengo|spa|1\n|move|p2a: Ting-Lucifer|Stone Edge|p1a: Murkrow\n|-supereffective|p1a: Murkrow\n|-enditem|p1a: Murkrow|Focus Sash\n|-damage|p1a: Murkrow|1\/100\n|\n|upkeep\n|turn|2\n|inactive|Maxman101100 has 30 seconds left.\n|inactive|Maxman101100 has 20 seconds left.\n|\n|t:|1681850358\n|-terastallize|p1b: Gholdengo|Steel\n|move|p1a: Murkrow|Haze|p1a: Murkrow\n|-clearallboost\n|move|p2b: Rodan|Brave Bird|p1a: Murkrow\n|-damage|p1a: Murkrow|0 fnt\n|faint|p1a: Murkrow\n|-damage|p2b: Rodan|33\/100|[from] Recoil\n|-damage|p2b: Rodan|23\/100|[from] item: Life Orb\n|move|p1b: Gholdengo|Make It Rain|p2b: Rodan|[spread] p2a,p2b\n|-crit|p2a: Ting-Lucifer\n|-resisted|p2b: Rodan\n|-damage|p2a: Ting-Lucifer|0 fnt\n|-damage|p2b: Rodan|0 fnt\n|-unboost|p1b: Gholdengo|spa|1\n|faint|p2a: Ting-Lucifer\n|faint|p2b: Rodan\n|\n|upkeep\n|\n|t:|1681850374\n|switch|p2b: Hussy|Flutter Mane, L50|100\/100\n|switch|p1a: Iron Bundle|Iron Bundle, L50|100\/100\n|switch|p2a: Snojira|Baxcalibur, L50, F, shiny|100\/100\n|-enditem|p1a: Iron Bundle|Booster Energy\n|-activate|p1a: Iron Bundle|ability: Quark Drive|[fromitem]\n|-start|p1a: Iron Bundle|quarkdrivespe\n|-enditem|p2b: Hussy|Booster Energy\n|-activate|p2b: Hussy|ability: Protosynthesis|[fromitem]\n|-start|p2b: Hussy|protosynthesisspa\n|turn|3\n|inactive|Maxman101100 has 30 seconds left.\n|\n|t:|1681850408\n|-terastallize|p2a: Snojira|Poison\n|move|p2b: Hussy|Protect|p2b: Hussy\n|-singleturn|p2b: Hussy|Protect\n|move|p1a: Iron Bundle|Icy Wind|p2b: Hussy|[spread] p2a\n|-activate|p2b: Hussy|move: Protect\n|-damage|p2a: Snojira|82\/100\n|-unboost|p2a: Snojira|spe|1\n|move|p1b: Gholdengo|Make It Rain|p2b: Hussy|[spread] p2a\n|-activate|p2b: Hussy|move: Protect\n|-damage|p2a: Snojira|16\/100\n|-unboost|p1b: Gholdengo|spa|1\n|move|p2a: Snojira|Glaive Rush|p1b: Gholdengo\n|-resisted|p1b: Gholdengo\n|-damage|p1b: Gholdengo|61\/100\n|-singlemove|p2a: Snojira|Glaive Rush|[silent]\n|\n|upkeep\n|turn|4\n|\n|t:|1681850430\n|move|p2a: Snojira|Protect|p2a: Snojira\n|-singleturn|p2a: Snojira|Protect\n|move|p1a: Iron Bundle|Icy Wind|p2a: Snojira|[spread] p2b\n|-activate|p2a: Snojira|move: Protect\n|-damage|p2b: Hussy|80\/100\n|-unboost|p2b: Hussy|spe|1\n|move|p1b: Gholdengo|Make It Rain|p2b: Hussy|[spread] p2b\n|-activate|p2a: Snojira|move: Protect\n|-supereffective|p2b: Hussy\n|-damage|p2b: Hussy|0 fnt\n|-unboost|p1b: Gholdengo|spa|1\n|faint|p2b: Hussy\n|-end|p2b: Hussy|Protosynthesis|[silent]\n|\n|-sideend|p1: upswinging|move: Tailwind\n|-sideend|p2: Maxman101100|move: Tailwind\n|upkeep\n|turn|5\n|-message|Maxman101100 forfeited.\n|\n|win|upswinging\n|raw|upswinging's rating: 1625 → 1651<\/strong> (+26 for winning)\n|raw|Maxman101100's rating: 1732 → 1706<\/strong> (-26 for losing)\n|l|\u2606Maxman101100\n","uploadtime":1681850441,"views":21,"p1id":"upswinging","p2id":"maxman101100","formatid":"gen9vgc2023regulationc","rating":1651,"private":0,"password":""}