{"id":"gen9vgc2023regulationc-1845700455","p1":"pelukas","p2":"LeafeonLou12","format":"[Gen 9] VGC 2023 Regulation C","log":"|j|\u2606pelukas\n|j|\u2606LeafeonLou12\n|t:|1681756700\n|gametype|doubles\n|player|p1|pelukas|palmer|1136\n|player|p2|LeafeonLou12|266|1228\n|teamsize|p1|6\n|teamsize|p2|6\n|gen|9\n|tier|[Gen 9] VGC 2023 Regulation C\n|rated|\n|rule|Species Clause: Limit one of each Pok\u00e9mon\n|rule|Item Clause: Limit one of each item\n|clearpoke\n|poke|p1|Klefki, L50, F|\n|poke|p1|Mimikyu, L50, M|\n|poke|p1|Sylveon, L50, F|\n|poke|p1|Flutter Mane, L50|\n|poke|p1|Garganacl, L50, M|\n|poke|p1|Iron Valiant, L50|\n|poke|p2|Rotom-Fan, L50|\n|poke|p2|Torkoal, L50, F|\n|poke|p2|Indeedee, L50, M|\n|poke|p2|Drifblim, L50, M|\n|poke|p2|Chi-Yu, L50|\n|poke|p2|Great Tusk, L50|\n|teampreview|4\npelukas rejected open team sheets.\n|inactive|Battle timer is ON: inactive players will automatically lose when time's up. (requested by pelukas)\n|\n|t:|1681756753\n|start\n|switch|p1a: Klefki|Klefki, L50, F|100\/100\n|switch|p1b: Flutter Mane|Flutter Mane, L50, shiny|100\/100\n|switch|p2a: Great Tusk|Great Tusk, L50|100\/100\n|switch|p2b: Indeedee|Indeedee, L50, M|100\/100\n|-fieldstart|move: Psychic Terrain|[from] ability: Psychic Surge|[of] p2b: Indeedee\n|turn|1\n|inactive|pelukas has 30 seconds left.\n|\n|t:|1681756787\n|-terastallize|p2a: Great Tusk|Ground\n|move|p1a: Klefki|Reflect|p1a: Klefki\n|-sidestart|p1: pelukas|Reflect\n|move|p2b: Indeedee|Encore|p1a: Klefki\n|-start|p1a: Klefki|Encore\n|move|p1b: Flutter Mane|Moonblast|p2a: Great Tusk\n|-damage|p2a: Great Tusk|40\/100\n|-damage|p1b: Flutter Mane|91\/100|[from] item: Life Orb\n|move|p2a: Great Tusk|Iron Head|p1b: Flutter Mane\n|-supereffective|p1b: Flutter Mane\n|-damage|p1b: Flutter Mane|8\/100\n|\n|upkeep\n|turn|2\n|\n|t:|1681756810\n|switch|p2b: Rotom|Rotom-Fan, L50|100\/100\n|switch|p1a: Garganacl|Garganacl, L50, M, shiny|100\/100\n|move|p1b: Flutter Mane|Protect|p1b: Flutter Mane\n|-singleturn|p1b: Flutter Mane|Protect\n|move|p2a: Great Tusk|Earthquake|p1b: Flutter Mane|[spread] p1a\n|-activate|p1b: Flutter Mane|move: Protect\n|-immune|p2b: Rotom\n|-supereffective|p1a: Garganacl\n|-damage|p1a: Garganacl|59\/100\n|\n|upkeep\n|turn|3\n|\n|t:|1681756830\n|-end|p1b: Flutter Mane|Protosynthesis|[silent]\n|switch|p1b: Klefki|Klefki, L50, F|100\/100\n|-end|p2a: Great Tusk|Protosynthesis|[silent]\n|switch|p2a: Indeedee|Indeedee, L50, M|100\/100\n|-terastallize|p1a: Garganacl|Fairy\n|move|p2b: Rotom|Volt Switch|p1b: Klefki\n|-damage|p1b: Klefki|60\/100\n|\n|t:|1681756839\n|switch|p2b: Great Tusk|Great Tusk, L50, tera:Ground|40\/100|[from] Volt Switch\n|move|p1a: Garganacl|Recover|p1a: Garganacl\n|-heal|p1a: Garganacl|100\/100\n|\n|upkeep\n|turn|4\n|\n|t:|1681756849\n|-end|p2b: Great Tusk|Protosynthesis|[silent]\n|switch|p2b: Rotom|Rotom-Fan, L50|100\/100\n|move|p1a: Garganacl|Wide Guard|p1a: Garganacl\n|-singleturn|p1a: Garganacl|Wide Guard\n|move|p1b: Klefki|Light Screen|p1b: Klefki\n|-sidestart|p1: pelukas|move: Light Screen\n|move|p2a: Indeedee|Encore|p1a: Garganacl\n|-start|p1a: Garganacl|Encore\n|\n|upkeep\n|turn|5\n|\n|t:|1681756869\n|switch|p2a: Great Tusk|Great Tusk, L50, tera:Ground|40\/100\n|move|p1a: Garganacl|Wide Guard|p1a: Garganacl\n|-singleturn|p1a: Garganacl|Wide Guard\n|move|p1b: Klefki|Thunder Wave|p2a: Great Tusk\n|-activate|p2a: Great Tusk|move: Psychic Terrain\n|move|p2b: Rotom|Discharge|p1b: Klefki|[spread] \n|-activate|p1a: Garganacl|move: Wide Guard\n|-activate|p1b: Klefki|move: Wide Guard\n|-immune|p2a: Great Tusk\n|\n|-fieldend|move: Psychic Terrain\n|upkeep\n|turn|6\n|\n|t:|1681756891\n|move|p1a: Garganacl|Wide Guard|p1a: Garganacl\n|-singleturn|p1a: Garganacl|Wide Guard\n|move|p2b: Rotom|Discharge|p1a: Garganacl|[spread] \n|-activate|p1a: Garganacl|move: Wide Guard\n|-activate|p1b: Klefki|move: Wide Guard\n|-immune|p2a: Great Tusk\n|move|p2a: Great Tusk|Iron Head|p1a: Garganacl\n|-supereffective|p1a: Garganacl\n|-damage|p1a: Garganacl|80\/100\n|-damage|p2a: Great Tusk|23\/100|[from] item: Rocky Helmet|[of] p1a: Garganacl\n|move|p1b: Klefki|Flash Cannon|p2a: Great Tusk\n|-damage|p2a: Great Tusk|3\/100\n|\n|upkeep\n|turn|7\n|\n|t:|1681756913\n|move|p1a: Garganacl|Wide Guard|p1a: Garganacl\n|-singleturn|p1a: Garganacl|Wide Guard\n|move|p2b: Rotom|Volt Switch|p1b: Klefki\n|-damage|p1b: Klefki|29\/100\n|\n|t:|1681756919\n|switch|p2b: Indeedee|Indeedee, L50, M|100\/100|[from] Volt Switch\n|-fieldstart|move: Psychic Terrain|[from] ability: Psychic Surge|[of] p2b: Indeedee\n|move|p2a: Great Tusk|Close Combat|p1b: Klefki\n|-damage|p1b: Klefki|0 fnt\n|-unboost|p2a: Great Tusk|def|1\n|-unboost|p2a: Great Tusk|spd|1\n|faint|p1b: Klefki\n|\n|-end|p1a: Garganacl|Encore\n|upkeep\n|\n|t:|1681756930\n|switch|p1b: Mimikyu|Mimikyu, L50, M, shiny|100\/100\n|turn|8\n|\n|t:|1681756942\n|move|p2b: Indeedee|Encore|p1a: Garganacl\n|-start|p1a: Garganacl|Encore\n|move|p1b: Mimikyu|Swords Dance|p1b: Mimikyu\n|-boost|p1b: Mimikyu|atk|2\n|move|p2a: Great Tusk|Iron Head|p1b: Mimikyu\n|-activate|p1b: Mimikyu|ability: Disguise\n|-damage|p1b: Mimikyu|100\/100\n|detailschange|p1b: Mimikyu|Mimikyu-Busted, L50, M, shiny\n|-damage|p1b: Mimikyu|88\/100|[from] pokemon: Mimikyu-Busted\n|move|p1a: Garganacl|Wide Guard||[still]\n|-fail|p1a: Garganacl\n|\n|-sideend|p1: pelukas|Reflect\n|upkeep\n|turn|9\n|\n|t:|1681756959\n|switch|p1a: Flutter Mane|Flutter Mane, L50, shiny|8\/100\n|move|p2b: Indeedee|Encore|p1b: Mimikyu\n|-start|p1b: Mimikyu|Encore\n|move|p1b: Mimikyu|Swords Dance|p1b: Mimikyu\n|-boost|p1b: Mimikyu|atk|2\n|move|p2a: Great Tusk|Iron Head|p1b: Mimikyu\n|-supereffective|p1b: Mimikyu\n|-damage|p1b: Mimikyu|0 fnt\n|faint|p1b: Mimikyu\n|\n|upkeep\n|\n|t:|1681756969\n|switch|p1b: Garganacl|Garganacl, L50, M, shiny, tera:Fairy|80\/100\n|turn|10\n|\n|t:|1681756977\n|switch|p2b: Rotom|Rotom-Fan, L50|100\/100\n|move|p1a: Flutter Mane|Protect|p1a: Flutter Mane\n|-singleturn|p1a: Flutter Mane|Protect\n|move|p2a: Great Tusk|Earthquake|p1b: Garganacl|[spread] p1b\n|-activate|p1a: Flutter Mane|move: Protect\n|-immune|p2b: Rotom\n|-damage|p1b: Garganacl|51\/100\n|move|p1b: Garganacl|Salt Cure|p2a: Great Tusk\n|-resisted|p2a: Great Tusk\n|-damage|p2a: Great Tusk|0 fnt\n|faint|p2a: Great Tusk\n|-end|p2a: Great Tusk|Protosynthesis|[silent]\n|\n|upkeep\n|\n|t:|1681756982\n|switch|p2a: Indeedee|Indeedee, L50, M|100\/100\n|turn|11\n|\n|t:|1681756996\n|move|p2a: Indeedee|Psychic|p1a: Flutter Mane\n|-damage|p1a: Flutter Mane|0 fnt\n|faint|p1a: Flutter Mane\n|-end|p1a: Flutter Mane|Protosynthesis|[silent]\n|move|p2b: Rotom|Air Slash|p1b: Garganacl\n|-damage|p1b: Garganacl|29\/100\n|move|p1b: Garganacl|Salt Cure|p2b: Rotom\n|-supereffective|p2b: Rotom\n|-damage|p2b: Rotom|70\/100\n|-start|p2b: Rotom|Salt Cure\n|\n|-damage|p2b: Rotom|58\/100|[from] Salt Cure\n|-sideend|p1: pelukas|move: Light Screen\n|-fieldend|move: Psychic Terrain\n|upkeep\n|turn|12\n|\n|t:|1681757008\n|switch|p2a: Torkoal|Torkoal, L50, F|100\/100\n|-weather|SunnyDay|[from] ability: Drought|[of] p2a: Torkoal\n|move|p2b: Rotom|Volt Switch|p1b: Garganacl\n|-crit|p1b: Garganacl\n|-damage|p1b: Garganacl|0 fnt\n|faint|p1b: Garganacl\n|\n|win|LeafeonLou12\n|raw|pelukas's rating: 1136 → 1117<\/strong> (-19 for losing)\n|raw|LeafeonLou12's rating: 1228 → 1247<\/strong> (+19 for winning)\n","uploadtime":1681757015,"views":6,"p1id":"pelukas","p2id":"leafeonlou12","formatid":"gen9vgc2023regulationc","rating":1117,"private":0,"password":""}