{"id":"gen9vgc2023regulationc-1852445495","p1":"toglez","p2":"Thebugkid","format":"[Gen 9] VGC 2023 Regulation C","log":"|j|\u2606toglez\n|j|\u2606Thebugkid\n|t:|1682558530\n|gametype|doubles\n|player|p1|toglez|1|1291\n|player|p2|Thebugkid|burgh|1252\n|teamsize|p1|6\n|teamsize|p2|6\n|gen|9\n|tier|[Gen 9] VGC 2023 Regulation C\n|rated|\n|rule|Species Clause: Limit one of each Pok\u00e9mon\n|rule|Item Clause: Limit one of each item\n|clearpoke\n|poke|p1|Garganacl, L50, M|\n|poke|p1|Iron Bundle, L50|\n|poke|p1|Arcanine, L50, M|\n|poke|p1|Ting-Lu, L50|\n|poke|p1|Roaring Moon, L50|\n|poke|p1|Amoonguss, L50, M|\n|poke|p2|Flutter Mane, L50|\n|poke|p2|Gallade, L50, M|\n|poke|p2|Magnezone, L50|\n|poke|p2|Iron Bundle, L50|\n|poke|p2|Murkrow, L50, F|\n|poke|p2|Arcanine, L50, F|\n|teampreview|4\n|inactive|Battle timer is ON: inactive players will automatically lose when time's up. (requested by toglez)\n|inactive|toglez has 60 seconds left.\n|\n|t:|1682558587\n|start\n|switch|p1a: Garganacl|Garganacl, L50, M|100\/100\n|switch|p1b: Arcanine|Arcanine, L50, M|100\/100\n|switch|p2a: Doglefox|Arcanine, L50, F|100\/100\n|switch|p2b: Occam|Gallade, L50, M, shiny|100\/100\n|-ability|p2a: Doglefox|Intimidate|boost\n|-unboost|p1a: Garganacl|atk|1\n|-unboost|p1b: Arcanine|atk|1\n|-ability|p1b: Arcanine|Intimidate|boost\n|-unboost|p2a: Doglefox|atk|1\n|-unboost|p2b: Occam|atk|1\n|turn|1\n|inactive|toglez has 30 seconds left.\n|inactive|Thebugkid has 30 seconds left.\n|\n|t:|1682558616\n|-terastallize|p2b: Occam|Water\n|-terastallize|p1a: Garganacl|Ghost\n|move|p2a: Doglefox|Extreme Speed|p1b: Arcanine\n|-damage|p1b: Arcanine|81\/100\n|move|p2b: Occam|Aqua Cutter|p1b: Arcanine\n|-supereffective|p1b: Arcanine\n|-damage|p1b: Arcanine|0 fnt\n|faint|p1b: Arcanine\n|move|p1a: Garganacl|Salt Cure|p2a: Doglefox\n|-supereffective|p2a: Doglefox\n|-damage|p2a: Doglefox|74\/100\n|-start|p2a: Doglefox|Salt Cure\n|\n|-damage|p2a: Doglefox|62\/100|[from] Salt Cure\n|upkeep\n|\n|t:|1682558634\n|switch|p1b: Ting-Lu|Ting-Lu, L50|100\/100\n|-ability|p1b: Ting-Lu|Vessel of Ruin\n|turn|2\n|\n|t:|1682558655\n|switch|p2a: Cancer|Flutter Mane, L50|100\/100\n|switch|p1b: Amoonguss|Amoonguss, L50, M|100\/100\n|move|p2b: Occam|Protect|p2b: Occam\n|-singleturn|p2b: Occam|Protect\n|move|p1a: Garganacl|Salt Cure|p2b: Occam\n|-activate|p2b: Occam|move: Protect\n|\n|upkeep\n|turn|3\n|\n|t:|1682558670\n|move|p2a: Cancer|Shadow Ball|p1a: Garganacl\n|-supereffective|p1a: Garganacl\n|-crit|p1a: Garganacl\n|-damage|p1a: Garganacl|56\/100\n|move|p2b: Occam|Psycho Cut|p1b: Amoonguss\n|-supereffective|p1b: Amoonguss\n|-damage|p1b: Amoonguss|40\/100\n|-enditem|p1b: Amoonguss|Sitrus Berry|[eat]\n|-heal|p1b: Amoonguss|65\/100|[from] item: Sitrus Berry\n|move|p1a: Garganacl|Stealth Rock|p2a: Cancer\n|-sidestart|p2: Thebugkid|move: Stealth Rock\n|move|p1b: Amoonguss|Spore|p2b: Occam\n|-status|p2b: Occam|slp|[from] move: Spore\n|\n|-heal|p1a: Garganacl|62\/100|[from] item: Leftovers\n|upkeep\n|turn|4\n|inactive|Thebugkid has 30 seconds left.\n|\n|t:|1682558696\n|move|p2a: Cancer|Shadow Ball|p1a: Garganacl\n|-supereffective|p1a: Garganacl\n|-damage|p1a: Garganacl|33\/100\n|cant|p2b: Occam|slp\n|move|p1a: Garganacl|Recover|p1a: Garganacl\n|-heal|p1a: Garganacl|83\/100\n|move|p1b: Amoonguss|Spore|p2a: Cancer\n|-status|p2a: Cancer|slp|[from] move: Spore\n|\n|-heal|p1a: Garganacl|88\/100|[from] item: Leftovers\n|upkeep\n|turn|5\n|\n|t:|1682558724\n|-end|p2a: Cancer|Protosynthesis|[silent]\n|switch|p2a: Doglefox|Arcanine, L50, F|62\/100\n|-damage|p2a: Doglefox|37\/100|[from] Stealth Rock\n|-ability|p2a: Doglefox|Intimidate|boost\n|-unboost|p1a: Garganacl|atk|1\n|-unboost|p1b: Amoonguss|atk|1\n|switch|p1b: Ting-Lu|Ting-Lu, L50|100\/100\n|-ability|p1b: Ting-Lu|Vessel of Ruin\n|-curestatus|p2b: Occam|slp|[msg]\n|move|p2b: Occam|Aqua Cutter|p1a: Garganacl\n|-damage|p1a: Garganacl|62\/100\n|move|p1a: Garganacl|Salt Cure|p2b: Occam\n|-damage|p2b: Occam|87\/100\n|-start|p2b: Occam|Salt Cure\n|\n|-heal|p1a: Garganacl|67\/100|[from] item: Leftovers\n|-damage|p2b: Occam|63\/100|[from] Salt Cure\n|upkeep\n|turn|6\n|inactive|toglez has 30 seconds left.\n|\n|t:|1682558750\n|switch|p2b: Cancer|Flutter Mane, L50|100\/100 slp\n|-damage|p2b: Cancer|88\/100 slp|[from] Stealth Rock\n|switch|p1b: Amoonguss|Amoonguss, L50, M|98\/100\n|move|p1a: Garganacl|Protect|p1a: Garganacl\n|-singleturn|p1a: Garganacl|Protect\n|move|p2a: Doglefox|Will-O-Wisp|p1b: Amoonguss\n|-status|p1b: Amoonguss|brn\n|\n|-heal|p1a: Garganacl|73\/100|[from] item: Leftovers\n|-damage|p1b: Amoonguss|92\/100 brn|[from] brn\n|upkeep\n|turn|7\n|\n|t:|1682558768\n|move|p1b: Amoonguss|Protect|p1b: Amoonguss\n|-singleturn|p1b: Amoonguss|Protect\n|cant|p2b: Cancer|slp\n|move|p2a: Doglefox|Flare Blitz|p1a: Garganacl\n|-damage|p1a: Garganacl|34\/100\n|-damage|p2a: Doglefox|21\/100|[from] Recoil\n|move|p1a: Garganacl|Salt Cure|p2b: Cancer\n|-damage|p2b: Cancer|72\/100 slp\n|-start|p2b: Cancer|Salt Cure\n|\n|-heal|p1a: Garganacl|39\/100|[from] item: Leftovers\n|-damage|p1b: Amoonguss|86\/100 brn|[from] brn\n|-damage|p2b: Cancer|60\/100 slp|[from] Salt Cure\n|upkeep\n|turn|8\n|inactive|toglez has 30 seconds left.\n|inactive|toglez has 20 seconds left.\n|\n|t:|1682558804\n|switch|p1b: Ting-Lu|Ting-Lu, L50|100\/100\n|-ability|p1b: Ting-Lu|Vessel of Ruin\n|-curestatus|p2b: Cancer|slp|[msg]\n|move|p2b: Cancer|Shadow Ball|p1a: Garganacl\n|-supereffective|p1a: Garganacl\n|-damage|p1a: Garganacl|16\/100\n|move|p2a: Doglefox|Flare Blitz|p1b: Ting-Lu\n|-damage|p1b: Ting-Lu|62\/100\n|-damage|p2a: Doglefox|2\/100|[from] Recoil\n|move|p1a: Garganacl|Recover|p1a: Garganacl\n|-heal|p1a: Garganacl|66\/100\n|\n|-heal|p1a: Garganacl|72\/100|[from] item: Leftovers\n|-damage|p2b: Cancer|47\/100|[from] Salt Cure\n|upkeep\n|turn|9\n|\n|t:|1682558828\n|switch|p1b: Amoonguss|Amoonguss, L50, M|100\/100 brn\n|move|p2b: Cancer|Shadow Ball|p1a: Garganacl\n|-supereffective|p1a: Garganacl\n|-damage|p1a: Garganacl|42\/100\n|move|p2a: Doglefox|Flare Blitz|p1a: Garganacl\n|-damage|p1a: Garganacl|0 fnt\n|faint|p1a: Garganacl\n|-damage|p2a: Doglefox|0 fnt|[from] Recoil\n|faint|p2a: Doglefox\n|\n|-damage|p1b: Amoonguss|95\/100 brn|[from] brn\n|-damage|p2b: Cancer|35\/100|[from] Salt Cure\n|upkeep\n|\n|t:|1682558846\n|switch|p2a: Occam|Gallade, L50, M, shiny, tera:Water|63\/100\n|switch|p1a: Ting-Lu|Ting-Lu, L50|62\/100\n|-damage|p2a: Occam|51\/100|[from] Stealth Rock\n|-ability|p1a: Ting-Lu|Vessel of Ruin\n|turn|10\n|inactive|toglez has 30 seconds left.\n|\n|t:|1682558876\n|move|p1b: Amoonguss|Protect|p1b: Amoonguss\n|-singleturn|p1b: Amoonguss|Protect\n|move|p2b: Cancer|Dazzling Gleam|p1a: Ting-Lu|[spread] p1a\n|-activate|p1b: Amoonguss|move: Protect\n|-supereffective|p1a: Ting-Lu\n|-damage|p1a: Ting-Lu|41\/100\n|move|p2a: Occam|Psycho Cut|p1b: Amoonguss\n|-activate|p1b: Amoonguss|move: Protect\n|move|p1a: Ting-Lu|Heavy Slam|p2b: Cancer\n|-supereffective|p2b: Cancer\n|-damage|p2b: Cancer|0 fnt\n|faint|p2b: Cancer\n|-end|p2b: Cancer|Protosynthesis|[silent]\n|\n|-damage|p1b: Amoonguss|89\/100 brn|[from] brn\n|upkeep\n|\n|t:|1682558882\n|switch|p2b: Kris Kringle|Iron Bundle, L50|100\/100\n|-damage|p2b: Kris Kringle|76\/100|[from] Stealth Rock\n|-enditem|p2b: Kris Kringle|Booster Energy\n|-activate|p2b: Kris Kringle|ability: Quark Drive|[fromitem]\n|-start|p2b: Kris Kringle|quarkdrivespe\n|turn|11\n|\n|t:|1682558907\n|move|p2b: Kris Kringle|Hydro Pump|p1a: Ting-Lu\n|-supereffective|p1a: Ting-Lu\n|-damage|p1a: Ting-Lu|2\/100\n|move|p2a: Occam|Psycho Cut|p1b: Amoonguss\n|-supereffective|p1b: Amoonguss\n|-damage|p1b: Amoonguss|0 fnt\n|faint|p1b: Amoonguss\n|move|p1a: Ting-Lu|Stomping Tantrum|p2a: Occam\n|-damage|p2a: Occam|0 fnt\n|faint|p2a: Occam\n|\n|upkeep\n|turn|12\n|c|\u2606Thebugkid|Wow gg\n|-message|toglez forfeited.\n|\n|win|Thebugkid\n|raw|toglez's rating: 1291 → 1263<\/strong> (-28 for losing)\n|raw|Thebugkid's rating: 1252 → 1280<\/strong> (+28 for winning)\n|l|\u2606toglez\n","uploadtime":1682558939,"views":19,"p1id":"toglez","p2id":"thebugkid","formatid":"gen9vgc2023regulationc","rating":1263,"private":0,"password":""}