{"id":"gen9vgc2023regulationc-1860787096","p1":"Tristar0722","p2":"NewCHALKOnTheBlock","format":"[Gen 9] VGC 2023 Regulation C","log":"|j|\u2606Tristar0722\n|j|\u2606NewCHALKOnTheBlock\n|t:|1683677851\n|gametype|doubles\n|player|p1|Tristar0722|265|\n|player|p2|NewCHALKOnTheBlock|miriam|\n|teamsize|p1|6\n|teamsize|p2|6\n|gen|9\n|tier|[Gen 9] VGC 2023 Regulation C\n|rated|Tournament battle\n|rule|Species Clause: Limit one of each Pok\u00e9mon\n|rule|Item Clause: Limit one of each item\n|clearpoke\n|poke|p1|Flutter Mane, L50|\n|poke|p1|Iron Hands, L50|\n|poke|p1|Arcanine, L50, M|\n|poke|p1|Chi-Yu, L50|\n|poke|p1|Chien-Pao, L50|\n|poke|p1|Dragonite, L50, F|\n|poke|p2|Baxcalibur, L50, F|\n|poke|p2|Palafin, L50, F|\n|poke|p2|Flutter Mane, L50|\n|poke|p2|Amoonguss, L50, F|\n|poke|p2|Arcanine, L50, F|\n|poke|p2|Tyranitar, L50, F|\n|teampreview|4\n|raw| Open Team Sheet for Tristar0722<\/summary>Flutter Mane @ Choice Specs Ability: Protosynthesis Level: 50 Tera Type: Fairy - Moonblast - Shadow Ball - Dazzling Gleam - Power Gem Sleuth (Iron Hands) @ Assault Vest Ability: Quark Drive Level: 50 Tera Type: Grass - Drain Punch - Wild Charge - Fake Out - Volt Switch Arcanine @ Safety Goggles Ability: Intimidate Level: 50 Tera Type: Ghost - Flare Blitz - Will-O-Wisp - Snarl - Protect Chi-Yu @ Choice Scarf Ability: Beads of Ruin Level: 50 Tera Type: Ghost - Dark Pulse - Heat Wave - Snarl - Overheat Chien-Pao @ Focus Sash Ability: Sword of Ruin Level: 50 Tera Type: Ghost - Ice Spinner - Sucker Punch - Sacred Sword - Protect Dragonite @ Choice Band Ability: Inner Focus Level: 50 Tera Type: Normal - Extreme Speed - Dragon Claw - Facade - Aerial Ace <\/details><\/div> Open Team Sheet for NewCHALKOnTheBlock<\/summary>Baxcalibur @ Clear Amulet Ability: Thermal Exchange Level: 50 Tera Type: Poison - Icicle Crash - Glaive Rush - Ice Shard - Protect Palafin @ Mystic Water Ability: Zero to Hero Level: 50 Tera Type: Grass - Jet Punch - Wave Crash - Haze - Protect Flutter Mane @ Booster Energy Ability: Protosynthesis Level: 50 Tera Type: Fairy - Moonblast - Shadow Ball - Dazzling Gleam - Protect Amoonguss @ Sitrus Berry Ability: Regenerator Level: 50 Tera Type: Water - Pollen Puff - Spore - Rage Powder - Clear Smog Arcanine @ Safety Goggles Ability: Intimidate Level: 50 Tera Type: Water - Flare Blitz - Will-O-Wisp - Howl - Protect Tyranitar @ Assault Vest Ability: Sand Stream Level: 50 Tera Type: Flying - Rock Slide - Assurance - Low Kick - Tera Blast <\/details><\/div>\n|j| gmaxdurant\n|c|\u2606Tristar0722|hf gl\n|c|\u2606NewCHALKOnTheBlock|no u\n|j| Radio Free C-Side\n|\n|t:|1683677930\n|start\n|switch|p1a: Chien-Pao|Chien-Pao, L50|100\/100\n|switch|p1b: Dragonite|Dragonite, L50, F|100\/100\n|switch|p2a: Tyranitar|Tyranitar, L50, F|100\/100\n|switch|p2b: Flutter Mane|Flutter Mane, L50|100\/100\n|-ability|p1a: Chien-Pao|Sword of Ruin\n|-weather|Sandstorm|[from] ability: Sand Stream|[of] p2a: Tyranitar\n|-enditem|p2b: Flutter Mane|Booster Energy\n|-activate|p2b: Flutter Mane|ability: Protosynthesis|[fromitem]\n|-start|p2b: Flutter Mane|protosynthesisspa\n|turn|1\n|\n|t:|1683677978\n|switch|p1a: Arcanine|Arcanine, L50, M|100\/100\n|-ability|p1a: Arcanine|Intimidate|boost\n|-unboost|p2a: Tyranitar|atk|1\n|-unboost|p2b: Flutter Mane|atk|1\n|switch|p2a: Arcanine|Arcanine, L50, F|100\/100\n|-ability|p2a: Arcanine|Intimidate|boost\n|-unboost|p1a: Arcanine|atk|1\n|-fail|p1b: Dragonite|unboost|Attack|[from] ability: Inner Focus|[of] p1b: Dragonite\n|-terastallize|p1b: Dragonite|Normal\n|move|p2b: Flutter Mane|Dazzling Gleam|p1b: Dragonite|[spread] p1a,p1b\n|-resisted|p1a: Arcanine\n|-damage|p1a: Arcanine|82\/100\n|-damage|p1b: Dragonite|62\/100\n|move|p1b: Dragonite|Aerial Ace|p2b: Flutter Mane\n|-damage|p2b: Flutter Mane|4\/100\n|\n|-weather|Sandstorm|[upkeep]\n|-damage|p2b: Flutter Mane|0 fnt|[from] Sandstorm\n|-damage|p1b: Dragonite|56\/100|[from] Sandstorm\n|faint|p2b: Flutter Mane\n|-end|p2b: Flutter Mane|Protosynthesis|[silent]\n|upkeep\n|\n|t:|1683678009\n|switch|p2b: Baxcalibur|Baxcalibur, L50, F|100\/100\n|turn|2\n|\n|t:|1683678050\n|switch|p1a: Sleuth|Iron Hands, L50|100\/100\n|move|p2a: Arcanine|Howl|p2a: Arcanine|[spread] p2a,p2b\n|-boost|p2a: Arcanine|atk|1\n|-boost|p2b: Baxcalibur|atk|1\n|move|p1b: Dragonite|Aerial Ace|p2b: Baxcalibur\n|-damage|p2b: Baxcalibur|54\/100\n|move|p2b: Baxcalibur|Glaive Rush|p1b: Dragonite\n|-damage|p1b: Dragonite|0 fnt\n|-singlemove|p2b: Baxcalibur|Glaive Rush|[silent]\n|faint|p1b: Dragonite\n|\n|-weather|Sandstorm|[upkeep]\n|-damage|p2b: Baxcalibur|48\/100|[from] Sandstorm\n|-damage|p1a: Sleuth|94\/100|[from] Sandstorm\n|upkeep\n|\n|t:|1683678065\n|switch|p1b: Chien-Pao|Chien-Pao, L50|100\/100\n|-ability|p1b: Chien-Pao|Sword of Ruin\n|turn|3\n|\n|t:|1683678074\n|move|p2a: Arcanine|Protect|p2a: Arcanine\n|-singleturn|p2a: Arcanine|Protect\n|move|p2b: Baxcalibur|Protect|p2b: Baxcalibur\n|-singleturn|p2b: Baxcalibur|Protect\n|move|p1a: Sleuth|Fake Out|p2a: Arcanine\n|-activate|p2a: Arcanine|move: Protect\n|move|p1b: Chien-Pao|Ice Spinner|p2b: Baxcalibur\n|-activate|p2b: Baxcalibur|move: Protect\n|\n|-weather|Sandstorm|[upkeep]\n|-damage|p1b: Chien-Pao|95\/100|[from] Sandstorm\n|-damage|p2b: Baxcalibur|42\/100|[from] Sandstorm\n|-damage|p1a: Sleuth|88\/100|[from] Sandstorm\n|upkeep\n|turn|4\n|\n|t:|1683678089\n|move|p1b: Chien-Pao|Ice Spinner|p2b: Baxcalibur\n|-damage|p2b: Baxcalibur|0 fnt\n|faint|p2b: Baxcalibur\n|move|p2a: Arcanine|Flare Blitz|p1a: Sleuth\n|-damage|p1a: Sleuth|37\/100\n|-damage|p2a: Arcanine|78\/100|[from] Recoil\n|move|p1a: Sleuth|Drain Punch|p2a: Arcanine\n|-damage|p2a: Arcanine|29\/100\n|-heal|p1a: Sleuth|56\/100|[from] drain|[of] p2a: Arcanine\n|\n|-weather|Sandstorm|[upkeep]\n|-damage|p1b: Chien-Pao|89\/100|[from] Sandstorm\n|-damage|p1a: Sleuth|50\/100|[from] Sandstorm\n|upkeep\n|\n|t:|1683678092\n|switch|p2b: Tyranitar|Tyranitar, L50, F|100\/100\n|turn|5\n|\n|t:|1683678155\n|-end|p1a: Sleuth|Quark Drive|[silent]\n|switch|p1a: Arcanine|Arcanine, L50, M|82\/100\n|-ability|p1a: Arcanine|Intimidate|boost\n|-unboost|p2a: Arcanine|atk|1\n|-unboost|p2b: Tyranitar|atk|1\n|-terastallize|p2b: Tyranitar|Flying\n|move|p1b: Chien-Pao|Protect|p1b: Chien-Pao\n|-singleturn|p1b: Chien-Pao|Protect\n|move|p2a: Arcanine|Flare Blitz|p1a: Arcanine\n|-resisted|p1a: Arcanine\n|-damage|p1a: Arcanine|45\/100\n|-damage|p2a: Arcanine|16\/100|[from] Recoil\n|move|p2b: Tyranitar|Low Kick|p1b: Chien-Pao\n|-activate|p1b: Chien-Pao|move: Protect\n|\n|-weather|none\n|upkeep\n|turn|6\n|j|+TheLoanRanger\n|\n|t:|1683678183\n|move|p2a: Arcanine|Protect|p2a: Arcanine\n|-singleturn|p2a: Arcanine|Protect\n|move|p1b: Chien-Pao|Ice Spinner|p2b: Tyranitar\n|-supereffective|p2b: Tyranitar\n|-damage|p2b: Tyranitar|19\/100\n|move|p1a: Arcanine|Flare Blitz|p2a: Arcanine\n|-activate|p2a: Arcanine|move: Protect\n|move|p2b: Tyranitar|Rock Slide|p1b: Chien-Pao|[spread] p1a,p1b\n|-supereffective|p1a: Arcanine\n|-supereffective|p1b: Chien-Pao\n|-damage|p1a: Arcanine|0 fnt\n|-damage|p1b: Chien-Pao|31\/100\n|faint|p1a: Arcanine\n|\n|upkeep\n|\n|t:|1683678200\n|switch|p1a: Sleuth|Iron Hands, L50|50\/100\n|turn|7\n|\n|t:|1683678210\n|move|p2a: Arcanine|Protect||[still]\n|-fail|p2a: Arcanine\n|move|p1a: Sleuth|Fake Out|p2a: Arcanine\n|-damage|p2a: Arcanine|0 fnt\n|faint|p2a: Arcanine\n|move|p1b: Chien-Pao|Ice Spinner|p2b: Tyranitar\n|-supereffective|p2b: Tyranitar\n|-damage|p2b: Tyranitar|0 fnt\n|faint|p2b: Tyranitar\n|\n|win|Tristar0722\n|n|\u2606Tristar0722|tristar0722\n|n|\u2606NewCHALKOnTheBlock|newchalkontheblock\n|n| gmaxdurant|gmaxdurant\n|n| Radio Free C-Side|radiofreecside\n|n| TheLoanRanger|theloanranger\n","uploadtime":1683678211,"views":14,"p1id":"tristar0722","p2id":"newchalkontheblock","formatid":"gen9vgc2023regulationc","rating":0,"private":0,"password":""}