{"id":"gen9vgc2023regulationc-1862438725","p1":"pieno vivace","p2":"Umbrakd","format":"[Gen 9] VGC 2023 Regulation C","log":"|j|\u2606pieno vivace\n|j|\u2606Umbrakd\n|t:|1683886258\n|gametype|doubles\n|player|p1|pieno vivace|170|1223\n|player|p2|Umbrakd|101|1181\n|teamsize|p1|6\n|teamsize|p2|6\n|gen|9\n|tier|[Gen 9] VGC 2023 Regulation C\n|rated|\n|rule|Species Clause: Limit one of each Pok\u00e9mon\n|rule|Item Clause: Limit one of each item\n|clearpoke\n|poke|p1|Iron Hands, L50|\n|poke|p1|Scream Tail, L50|\n|poke|p1|Torkoal, L50, M|\n|poke|p1|Annihilape, L50, M|\n|poke|p1|Jumpluff, L50, M|\n|poke|p1|Flutter Mane, L50|\n|poke|p2|Farigiraf, L50, F|\n|poke|p2|Gallade, L50, M|\n|poke|p2|Iron Thorns, L50|\n|poke|p2|Skeledirge, L50, M|\n|poke|p2|Mudsdale, L50, F|\n|poke|p2|Jolteon, L50, M|\n|teampreview|4\n|\n|t:|1683886284\n|start\n|switch|p1a: Annihilape|Annihilape, L50, M|100\/100\n|switch|p1b: Flutter Mane|Flutter Mane, L50|100\/100\n|switch|p2a: Farigiraf|Farigiraf, L50, F|100\/100\n|switch|p2b: Gallade|Gallade, L50, M|100\/100\n|turn|1\n|\n|t:|1683886308\n|-terastallize|p2b: Gallade|Grass\n|move|p1a: Annihilape|U-turn|p2a: Farigiraf\n|-supereffective|p2a: Farigiraf\n|-crit|p2a: Farigiraf\n|-damage|p2a: Farigiraf|57\/100\n|-damage|p1a: Annihilape|84\/100|[from] item: Rocky Helmet|[of] p2a: Farigiraf\n|\n|t:|1683886312\n|switch|p1a: Scream Tail|Scream Tail, L50|100\/100|[from] U-turn\n|-enditem|p1a: Scream Tail|Booster Energy\n|-activate|p1a: Scream Tail|ability: Protosynthesis|[fromitem]\n|-start|p1a: Scream Tail|protosynthesisspd\n|move|p2b: Gallade|Psycho Cut|p1a: Scream Tail\n|-resisted|p1a: Scream Tail\n|-crit|p1a: Scream Tail\n|-damage|p1a: Scream Tail|75\/100\n|move|p1b: Flutter Mane|Moonblast|p2b: Gallade\n|-damage|p2b: Gallade|45\/100\n|move|p2a: Farigiraf|Trick Room|p2a: Farigiraf\n|-fieldstart|move: Trick Room|[of] p2a: Farigiraf\n|\n|upkeep\n|turn|2\n|\n|t:|1683886339\n|switch|p2b: Mudsdale|Mudsdale, L50, F|100\/100\n|move|p2a: Farigiraf|Beat Up|p2b: Mudsdale\n|-damage|p2b: Mudsdale|98\/100\n|-ability|p2b: Mudsdale|Stamina|boost\n|-boost|p2b: Mudsdale|def|1\n|-damage|p2b: Mudsdale|95\/100\n|-ability|p2b: Mudsdale|Stamina|boost\n|-boost|p2b: Mudsdale|def|1\n|-damage|p2b: Mudsdale|93\/100\n|-ability|p2b: Mudsdale|Stamina|boost\n|-boost|p2b: Mudsdale|def|1\n|-damage|p2b: Mudsdale|92\/100\n|-ability|p2b: Mudsdale|Stamina|boost\n|-boost|p2b: Mudsdale|def|1\n|-hitcount|p2b: Mudsdale|4\n|move|p1b: Flutter Mane|Dazzling Gleam|p2a: Farigiraf|[spread] p2a,p2b\n|-damage|p2a: Farigiraf|28\/100\n|-damage|p2b: Mudsdale|78\/100\n|-ability|p2b: Mudsdale|Stamina|boost\n|-boost|p2b: Mudsdale|def|1\n|move|p1a: Scream Tail|Trick Room|p1a: Scream Tail\n|-fieldend|move: Trick Room\n|\n|upkeep\n|turn|3\n|\n|t:|1683886369\n|move|p1a: Scream Tail|Helping Hand|p1b: Flutter Mane\n|-singleturn|p1b: Flutter Mane|Helping Hand|[of] p1a: Scream Tail\n|move|p1b: Flutter Mane|Dazzling Gleam|p2a: Farigiraf|[spread] p2a,p2b\n|-damage|p2a: Farigiraf|0 fnt\n|-damage|p2b: Mudsdale|54\/100\n|-ability|p2b: Mudsdale|Stamina|boost\n|-boost|p2b: Mudsdale|def|1\n|faint|p2a: Farigiraf\n|move|p2b: Mudsdale|Heavy Slam|p1b: Flutter Mane\n|-supereffective|p1b: Flutter Mane\n|-enditem|p1b: Flutter Mane|Focus Sash\n|-damage|p1b: Flutter Mane|1\/100\n|\n|upkeep\n|\n|t:|1683886383\n|switch|p2a: Gallade|Gallade, L50, M, tera:Grass|45\/100\n|turn|4\n|\n|t:|1683886394\n|move|p2a: Gallade|Shadow Sneak|p1b: Flutter Mane\n|-supereffective|p1b: Flutter Mane\n|-damage|p1b: Flutter Mane|0 fnt\n|faint|p1b: Flutter Mane\n|-end|p1b: Flutter Mane|Protosynthesis|[silent]\n|move|p2b: Mudsdale|Heavy Slam|p1a: Scream Tail\n|-supereffective|p1a: Scream Tail\n|-damage|p1a: Scream Tail|29\/100\n|move|p1a: Scream Tail|Trick Room|p1a: Scream Tail\n|-fieldstart|move: Trick Room|[of] p1a: Scream Tail\n|\n|upkeep\n|\n|t:|1683886399\n|switch|p1b: Torkoal|Torkoal, L50, M|100\/100\n|-weather|SunnyDay|[from] ability: Drought|[of] p1b: Torkoal\n|turn|5\n|\n|t:|1683886419\n|switch|p2a: Skeledirge|Skeledirge, L50, M|100\/100\n|-terastallize|p1b: Torkoal|Fire\n|move|p1a: Scream Tail|Helping Hand|p1b: Torkoal\n|-singleturn|p1b: Torkoal|Helping Hand|[of] p1a: Scream Tail\n|move|p1b: Torkoal|Flamethrower|p2b: Mudsdale\n|-damage|p2b: Mudsdale|0 fnt\n|faint|p2b: Mudsdale\n|\n|-weather|SunnyDay|[upkeep]\n|upkeep\n|\n|t:|1683886432\n|switch|p2b: Gallade|Gallade, L50, M, tera:Grass|45\/100\n|turn|6\n|\n|t:|1683886446\n|move|p1a: Scream Tail|Helping Hand|p1b: Torkoal\n|-singleturn|p1b: Torkoal|Helping Hand|[of] p1a: Scream Tail\n|move|p2b: Gallade|Shadow Sneak|p1a: Scream Tail\n|-supereffective|p1a: Scream Tail\n|-damage|p1a: Scream Tail|11\/100\n|move|p1b: Torkoal|Flamethrower|p2a: Skeledirge\n|-resisted|p2a: Skeledirge\n|-damage|p2a: Skeledirge|10\/100\n|move|p2a: Skeledirge|Earth Power|p1b: Torkoal\n|-supereffective|p1b: Torkoal\n|-damage|p1b: Torkoal|18\/100\n|\n|-weather|SunnyDay|[upkeep]\n|upkeep\n|turn|7\n|\n|t:|1683886473\n|move|p2b: Gallade|Shadow Sneak|p1a: Scream Tail\n|-supereffective|p1a: Scream Tail\n|-damage|p1a: Scream Tail|0 fnt\n|faint|p1a: Scream Tail\n|-end|p1a: Scream Tail|Protosynthesis|[silent]\n|move|p1b: Torkoal|Flamethrower|p2b: Gallade\n|-supereffective|p2b: Gallade\n|-damage|p2b: Gallade|0 fnt\n|faint|p2b: Gallade\n|move|p2a: Skeledirge|Slack Off|p2a: Skeledirge\n|-heal|p2a: Skeledirge|60\/100\n|\n|-weather|SunnyDay|[upkeep]\n|upkeep\n|\n|t:|1683886477\n|switch|p1a: Annihilape|Annihilape, L50, M|84\/100\n|turn|8\n|\n|t:|1683886496\n|move|p1b: Torkoal|Flamethrower|p2a: Skeledirge\n|-resisted|p2a: Skeledirge\n|-damage|p2a: Skeledirge|0 fnt\n|faint|p2a: Skeledirge\n|\n|win|pieno vivace\n|raw|pieno vivace's rating: 1253 → 1273<\/strong> (+20 for winning)\n|raw|Umbrakd's rating: 1181 → 1161<\/strong> (-20 for losing)\n","uploadtime":1683886500,"views":11,"p1id":"pienovivace","p2id":"umbrakd","formatid":"gen9vgc2023regulationc","rating":1161,"private":0,"password":""}