{"id":"gen9vgc2023regulationc-1855219675","p1":"Toku_L","p2":"Yokuryu","format":"[Gen 9] VGC 2023 Regulation C","log":"|j|\u2606Toku_L\n|j|\u2606Yokuryu\n|t:|1682917176\n|gametype|doubles\n|player|p1|Toku_L|lucas|1343\n|player|p2|Yokuryu|rocketgrunt|1321\n|teamsize|p1|6\n|teamsize|p2|6\n|gen|9\n|tier|[Gen 9] VGC 2023 Regulation C\n|rated|\n|rule|Species Clause: Limit one of each Pok\u00e9mon\n|rule|Item Clause: Limit one of each item\n|clearpoke\n|poke|p1|Tatsugiri, L50, M|\n|poke|p1|Chi-Yu, L50|\n|poke|p1|Iron Bundle, L50|\n|poke|p1|Iron Moth, L50|\n|poke|p1|Dondozo, L50, M|\n|poke|p1|Wo-Chien, L50|\n|poke|p2|Armarouge, L50, M|\n|poke|p2|Indeedee-F, L50, F|\n|poke|p2|Brute Bonnet, L50|\n|poke|p2|Baxcalibur, L50, M|\n|poke|p2|Glimmora, L50, M|\n|poke|p2|Gyarados, L50, M|\n|teampreview|4\n|inactive|Battle timer is ON: inactive players will automatically lose when time's up. (requested by Yokuryu)\n|\n|t:|1682917203\n|start\n|switch|p1a: Wo-Chien|Wo-Chien, L50|100\/100\n|switch|p1b: Iron Moth|Iron Moth, L50|100\/100\n|switch|p2a: WideHips|Indeedee-F, L50, F, shiny|100\/100\n|switch|p2b: Megahombre|Armarouge, L50, M|100\/100\n|-fieldstart|move: Psychic Terrain|[from] ability: Psychic Surge|[of] p2a: WideHips\n|-ability|p1a: Wo-Chien|Tablets of Ruin\n|turn|1\n|\n|t:|1682917223\n|move|p2a: WideHips|Follow Me|p2a: WideHips\n|-singleturn|p2a: WideHips|move: Follow Me\n|move|p1b: Iron Moth|Acid Spray|p2a: WideHips\n|-damage|p2a: WideHips|83\/100\n|-unboost|p2a: WideHips|spd|2\n|move|p1a: Wo-Chien|Dark Pulse|p2a: WideHips\n|-supereffective|p2a: WideHips\n|-damage|p2a: WideHips|0 fnt\n|faint|p2a: WideHips\n|move|p2b: Megahombre|Trick Room|p2b: Megahombre\n|-fieldstart|move: Trick Room|[of] p2b: Megahombre\n|\n|upkeep\n|\n|t:|1682917237\n|switch|p2a: Veleno|Glimmora, L50, M|100\/100\n|turn|2\n|inactive|Toku_L has 30 seconds left.\n|\n|t:|1682917266\n|-terastallize|p2b: Megahombre|Grass\n|-terastallize|p1a: Wo-Chien|Fire\n|move|p1b: Iron Moth|Protect|p1b: Iron Moth\n|-singleturn|p1b: Iron Moth|Protect\n|move|p2b: Megahombre|Heat Wave|p1b: Iron Moth|[spread] p1a\n|-activate|p1b: Iron Moth|move: Protect\n|-resisted|p1a: Wo-Chien\n|-damage|p1a: Wo-Chien|90\/100\n|move|p1a: Wo-Chien|Dark Pulse|p2b: Megahombre\n|-damage|p2b: Megahombre|61\/100\n|move|p2a: Veleno|Earth Power|p1b: Iron Moth\n|-activate|p1b: Iron Moth|move: Protect\n|\n|upkeep\n|turn|3\n|\n|t:|1682917291\n|move|p2b: Megahombre|Expanding Force|p1b: Iron Moth|[spread] p1a,p1b\n|-supereffective|p1b: Iron Moth\n|-damage|p1a: Wo-Chien|52\/100\n|-damage|p1b: Iron Moth|0 fnt\n|faint|p1b: Iron Moth\n|-end|p1b: Iron Moth|Quark Drive|[silent]\n|move|p1a: Wo-Chien|Pollen Puff|p2b: Megahombre\n|-supereffective|p2b: Megahombre\n|-damage|p2b: Megahombre|2\/100\n|move|p2a: Veleno|Earth Power|p1a: Wo-Chien\n|-supereffective|p1a: Wo-Chien\n|-damage|p1a: Wo-Chien|21\/100\n|\n|upkeep\n|\n|t:|1682917303\n|switch|p1b: Dondozo|Dondozo, L50, M|100\/100\n|turn|4\n|\n|t:|1682917315\n|switch|p1a: Tatsugiri|Tatsugiri, L50, M|100\/100\n|-activate|p1a: Tatsugiri|ability: Commander|[of] p1b: Dondozo\n|-boost|p1b: Dondozo|atk|2\n|-boost|p1b: Dondozo|spa|2\n|-boost|p1b: Dondozo|spe|2\n|-boost|p1b: Dondozo|def|2\n|-boost|p1b: Dondozo|spd|2\n|move|p2b: Megahombre|Expanding Force|p1b: Dondozo|[spread] p1b\n|-miss|p2b: Megahombre|p1a: Tatsugiri\n|-damage|p1b: Dondozo|60\/100\n|move|p2a: Veleno|Mortal Spin|p1b: Dondozo|[spread] p1b\n|-miss|p2a: Veleno|p1a: Tatsugiri\n|-damage|p1b: Dondozo|59\/100\n|-status|p1b: Dondozo|psn\n|-enditem|p1b: Dondozo|Lum Berry|[eat]\n|-curestatus|p1b: Dondozo|psn|[msg]\n|move|p1b: Dondozo|Earthquake|p2b: Megahombre|[spread] p2a,p2b\n|-miss|p1b: Dondozo|p1a: Tatsugiri\n|-supereffective|p2a: Veleno\n|-resisted|p2b: Megahombre\n|-enditem|p2a: Veleno|Focus Sash\n|-damage|p2a: Veleno|1\/100\n|-damage|p2b: Megahombre|0 fnt\n|-activate|p2a: Veleno|ability: Toxic Debris\n|-sidestart|p1: Toku_L|move: Toxic Spikes\n|faint|p2b: Megahombre\n|\n|upkeep\n|j| coolerdynastic\n|inactive|Yokuryu has 30 seconds left.\n|\n|t:|1682917341\n|switch|p2b: En|Brute Bonnet, L50|100\/100\n|turn|5\n|\n|t:|1682917351\n|move|p2b: En|Spore|p1b: Dondozo\n|-status|p1b: Dondozo|slp|[from] move: Spore\n|move|p2a: Veleno|Earth Power|p1b: Dondozo\n|-damage|p1b: Dondozo|40\/100 slp\n|cant|p1b: Dondozo|slp\n|\n|-fieldend|move: Trick Room\n|-fieldend|move: Psychic Terrain\n|upkeep\n|turn|6\n|\n|t:|1682917365\n|cant|p1b: Dondozo|slp\n|move|p2a: Veleno|Power Gem|p1b: Dondozo\n|-damage|p1b: Dondozo|16\/100 slp\n|move|p2b: En|Bullet Seed|p1b: Dondozo\n|-supereffective|p1b: Dondozo\n|-damage|p1b: Dondozo|5\/100 slp\n|-supereffective|p1b: Dondozo\n|-damage|p1b: Dondozo|0 fnt\n|faint|p1b: Dondozo\n|-hitcount|p1: Dondozo|2\n|\n|upkeep\n|\n|t:|1682917375\n|switch|p1b: Wo-Chien|Wo-Chien, L50, tera:Fire|21\/100\n|-status|p1b: Wo-Chien|psn\n|-ability|p1b: Wo-Chien|Tablets of Ruin\n|turn|7\n|\n|t:|1682917388\n|move|p1a: Tatsugiri|Icy Wind|p2b: En|[spread] p2b\n|-miss|p1a: Tatsugiri|p2a: Veleno\n|-supereffective|p2b: En\n|-damage|p2b: En|78\/100\n|-unboost|p2b: En|spe|1\n|move|p2a: Veleno|Power Gem|p1b: Wo-Chien\n|-supereffective|p1b: Wo-Chien\n|-damage|p1b: Wo-Chien|0 fnt\n|faint|p1b: Wo-Chien\n|move|p2b: En|Bullet Seed|p1a: Tatsugiri\n|-damage|p1a: Tatsugiri|73\/100\n|-damage|p1a: Tatsugiri|47\/100\n|-damage|p1a: Tatsugiri|24\/100\n|-damage|p1a: Tatsugiri|0 fnt\n|faint|p1a: Tatsugiri\n|-hitcount|p1: Tatsugiri|4\n|\n|win|Yokuryu\n|raw|Toku_L's rating: 1343 → 1322<\/strong> (-21 for losing)\n|raw|Yokuryu's rating: 1321 → 1342<\/strong> (+21 for winning)\n","uploadtime":1682917408,"views":16,"p1id":"tokul","p2id":"yokuryu","formatid":"gen9vgc2023regulationc","rating":1322,"private":0,"password":""}