{"id":"gen9vgc2023regulationc-1859468601","p1":"Tuxmux","p2":"OMGPACHIMARI","format":"[Gen 9] VGC 2023 Regulation C","log":"|j|\u2606Tuxmux\n|j|\u2606OMGPACHIMARI\n|t:|1683472486\n|gametype|doubles\n|player|p1|Tuxmux|dawn-masters3|\n|player|p2|OMGPACHIMARI|norman|\n|teamsize|p1|6\n|teamsize|p2|6\n|gen|9\n|tier|[Gen 9] VGC 2023 Regulation C\n|rule|Species Clause: Limit one of each Pok\u00e9mon\n|rule|Item Clause: Limit one of each item\n|clearpoke\n|poke|p1|Chi-Yu, L50|\n|poke|p1|Gastrodon, L50, F|\n|poke|p1|Gallade, L50, M|\n|poke|p1|Gholdengo, L50|\n|poke|p1|Talonflame, L50, F|\n|poke|p1|Vivillon, L50, F|\n|poke|p2|Indeedee-F, L50, F|\n|poke|p2|Garganacl, L50, F|\n|poke|p2|Muk, L50, F|\n|poke|p2|Abomasnow, L50, F|\n|poke|p2|Gyarados, L50, F|\n|poke|p2|Iron Valiant, L50|\n|teampreview|4\n|inactive|Battle timer is ON: inactive players will automatically lose when time's up. (requested by OMGPACHIMARI)\n|inactiveoff|Battle timer is now OFF.\nOMGPACHIMARI rejected open team sheets.\n|c|\u2606Tuxmux|imma wait a sec\n|c|\u2606Tuxmux|see if jl joins\n|c|\u2606Tuxmux|he loves seeing me win\n|c|\u2606Tuxmux|dont want him to miss it\n|c|\u2606OMGPACHIMARI|kk\n|j| jayballester\n|c|\u2606Tuxmux|jkjk i'm not that arrogant, we'll see how this game goes\n|c| jayballester|He can watch the replay >:)\n|c|\u2606Tuxmux|alright whatever\n|c|\u2606Tuxmux|we goin\n|c|\u2606OMGPACHIMARI|kk\n|\n|t:|1683472627\n|start\n|switch|p1a: Talonflame|Talonflame, L50, F|100\/100\n|switch|p1b: Vivillon|Vivillon, L50, F|100\/100\n|switch|p2a: Garganacl|Garganacl, L50, F|100\/100\n|switch|p2b: Iron Valiant|Iron Valiant, L50|100\/100\n|-enditem|p2b: Iron Valiant|Booster Energy\n|-activate|p2b: Iron Valiant|ability: Quark Drive|[fromitem]\n|-start|p2b: Iron Valiant|quarkdriveatk\n|turn|1\n|\n|t:|1683472654\n|move|p2b: Iron Valiant|Protect|p2b: Iron Valiant\n|-singleturn|p2b: Iron Valiant|Protect\n|move|p1a: Talonflame|Tailwind|p1a: Talonflame\n|-sidestart|p1: Tuxmux|move: Tailwind\n|move|p1b: Vivillon|Sleep Powder|p2a: Garganacl\n|-immune|p2a: Garganacl|[from] ability: Purifying Salt\n|move|p2a: Garganacl|Salt Cure|p1a: Talonflame\n|-supereffective|p1a: Talonflame\n|-damage|p1a: Talonflame|24\/100\n|\n|upkeep\n|turn|2\n|c|\u2606Tuxmux|big brain\n|j| LiluziHit\n|c| LiluziHit|HOLY SHIT IM IN\n|c| LiluziHit|FUCK EVERYTHING\n|c| jayballester|PPA Champion plays\n|\n|t:|1683472686\n|-end|p2b: Iron Valiant|Quark Drive|[silent]\n|switch|p2b: Indeedee|Indeedee-F, L50, F|100\/100\n|-fieldstart|move: Psychic Terrain|[from] ability: Psychic Surge|[of] p2b: Indeedee\n|-enditem|p2b: Indeedee|Psychic Seed\n|-boost|p2b: Indeedee|spd|1|[from] item: Psychic Seed\n|move|p1a: Talonflame|Brave Bird|p2b: Indeedee\n|-damage|p2b: Indeedee|56\/100\n|-damage|p1a: Talonflame|8\/100|[from] Recoil\n|move|p1b: Vivillon|Sleep Powder|p2b: Indeedee|[miss]\n|-miss|p1b: Vivillon|p2b: Indeedee\n|move|p2a: Garganacl|Salt Cure|p1a: Talonflame\n|-supereffective|p1a: Talonflame\n|-damage|p1a: Talonflame|0 fnt\n|faint|p1a: Talonflame\n|\n|upkeep\n|c|\u2606OMGPACHIMARI|pog tis jl\n|c|\u2606Tuxmux|LMFAOOO\n|c|\u2606Tuxmux|TRUE\n|c| LiluziHit|not the compound eyes miss\n|c|\u2606Tuxmux|I would get the 2.5% miss\n|\n|t:|1683472711\n|switch|p1a: Gastrodon|Gastrodon, L50, F|100\/100\n|turn|3\n|c|\u2606Tuxmux|actually cursed\n|c|\u2606OMGPACHIMARI|the odds are in my favor\n|\n|t:|1683472737\n|-terastallize|p1a: Gastrodon|Fire\n|move|p1b: Vivillon|Sleep Powder|p2b: Indeedee\n|-status|p2b: Indeedee|slp|[from] move: Sleep Powder\n|move|p1a: Gastrodon|Hydro Pump|p2a: Garganacl\n|-supereffective|p2a: Garganacl\n|-damage|p2a: Garganacl|5\/100\n|cant|p2b: Indeedee|slp\n|move|p2a: Garganacl|Salt Cure|p1a: Gastrodon\n|-supereffective|p1a: Gastrodon\n|-damage|p1a: Gastrodon|70\/100\n|-start|p1a: Gastrodon|Salt Cure\n|\n|-heal|p2a: Garganacl|11\/100|[from] item: Leftovers\n|-damage|p1a: Gastrodon|58\/100|[from] Salt Cure\n|upkeep\n|turn|4\n|c|\u2606OMGPACHIMARI|bro I'm so dumb I forgot you had tw\n|c|\u2606OMGPACHIMARI|I was like\n|c|\u2606OMGPACHIMARI|I outspeed here\n|\n|t:|1683472781\n|move|p2a: Garganacl|Protect|p2a: Garganacl\n|-singleturn|p2a: Garganacl|Protect\n|move|p1b: Vivillon|Pollen Puff|p1a: Gastrodon\n|-heal|p1a: Gastrodon|100\/100\n|move|p1a: Gastrodon|Hydro Pump|p2a: Garganacl\n|-activate|p2a: Garganacl|move: Protect\n|-curestatus|p2b: Indeedee|slp|[msg]\n|move|p2b: Indeedee|Drain Punch|p1a: Gastrodon\n|-damage|p1a: Gastrodon|89\/100\n|-heal|p2b: Indeedee|63\/100|[from] drain|[of] p1a: Gastrodon\n|\n|-heal|p2a: Garganacl|16\/100|[from] item: Leftovers\n|-damage|p1a: Gastrodon|77\/100|[from] Salt Cure\n|-sideend|p1: Tuxmux|move: Tailwind\n|upkeep\n|turn|5\n|c| LiluziHit|w first turn wake up\n|c| jayballester|DRAIN P-WHAT\n|c|\u2606OMGPACHIMARI|I always wake up first turn\n|\n|t:|1683472816\n|move|p2b: Indeedee|Follow Me|p2b: Indeedee\n|-singleturn|p2b: Indeedee|move: Follow Me\n|move|p1b: Vivillon|Tailwind|p1b: Vivillon\n|-sidestart|p1: Tuxmux|move: Tailwind\n|move|p1a: Gastrodon|Hydro Pump|p2b: Indeedee\n|-damage|p2b: Indeedee|16\/100\n|move|p2a: Garganacl|Salt Cure|p1b: Vivillon\n|-supereffective|p1b: Vivillon\n|-enditem|p1b: Vivillon|Focus Sash\n|-damage|p1b: Vivillon|1\/100\n|-start|p1b: Vivillon|Salt Cure\n|\n|-heal|p2a: Garganacl|22\/100|[from] item: Leftovers\n|-damage|p1b: Vivillon|0 fnt|[from] Salt Cure\n|faint|p1b: Vivillon\n|-damage|p1a: Gastrodon|65\/100|[from] Salt Cure\n|upkeep\n|\n|t:|1683472826\n|switch|p1b: Chi-Yu|Chi-Yu, L50|100\/100\n|-ability|p1b: Chi-Yu|Beads of Ruin\n|turn|6\n|c| LiluziHit|get that spicy goldfish outta there\n|c| jayballester|That garg about to salt cure all over\n|\n|t:|1683472849\n|switch|p2a: Muk|Muk, L50, F|100\/100\n|move|p1b: Chi-Yu|Heat Wave|p2a: Muk|[spread] p2b\n|-miss|p1b: Chi-Yu|p2a: Muk\n|-damage|p2b: Indeedee|0 fnt\n|faint|p2b: Indeedee\n|move|p1a: Gastrodon|Hydro Pump|p2a: Muk\n|-damage|p2a: Muk|28\/100\n|\n|-heal|p2a: Muk|34\/100|[from] item: Black Sludge\n|-damage|p1a: Gastrodon|52\/100|[from] Salt Cure\n|-fieldend|move: Psychic Terrain\n|upkeep\n|c|\u2606OMGPACHIMARI|I love jay's reactions to my bullshittery\n|c|\u2606OMGPACHIMARI|ow dude wtf that gastro hurts\n|c|\u2606Tuxmux|holy fuck i hate it all\n|\n|t:|1683472863\n|switch|p2b: Iron Valiant|Iron Valiant, L50|100\/100\n|turn|7\n|c| jayballester|Rip\n|\n|t:|1683472878\n|-terastallize|p2b: Iron Valiant|Fire\n|move|p2a: Muk|Protect|p2a: Muk\n|-singleturn|p2a: Muk|Protect\n|move|p1b: Chi-Yu|Heat Wave|p2a: Muk|[spread] p2b\n|-activate|p2a: Muk|move: Protect\n|-resisted|p2b: Iron Valiant\n|-damage|p2b: Iron Valiant|64\/100\n|move|p2b: Iron Valiant|Drain Punch|p1b: Chi-Yu\n|-supereffective|p1b: Chi-Yu\n|-damage|p1b: Chi-Yu|0 fnt\n|-heal|p2b: Iron Valiant|100\/100|[from] drain|[of] p1b: Chi-Yu\n|faint|p1b: Chi-Yu\n|move|p1a: Gastrodon|Hydro Pump|p2b: Iron Valiant\n|-supereffective|p2b: Iron Valiant\n|-damage|p2b: Iron Valiant|0 fnt\n|faint|p2b: Iron Valiant\n|-end|p2b: Iron Valiant|Quark Drive|[silent]\n|\n|-heal|p2a: Muk|41\/100|[from] item: Black Sludge\n|-damage|p1a: Gastrodon|40\/100|[from] Salt Cure\n|upkeep\n|c| LiluziHit|gastro got 252 maxed out spatk or what\n|c| jayballester|He did it\n|c|\u2606Tuxmux|LMFAO\n|\n|t:|1683472895\n|switch|p2b: Garganacl|Garganacl, L50, F|22\/100\n|turn|8\n|c|\u2606Tuxmux|gastrogoat\n|\n|t:|1683472919\n|move|p1a: Gastrodon|Hydro Pump|p2a: Muk|[miss]\n|-miss|p1a: Gastrodon|p2a: Muk\n|move|p2a: Muk|Drain Punch|p1a: Gastrodon\n|-damage|p1a: Gastrodon|18\/100\n|-heal|p2a: Muk|52\/100|[from] drain|[of] p1a: Gastrodon\n|move|p2b: Garganacl|Salt Cure|p1a: Gastrodon\n|-supereffective|p1a: Gastrodon\n|-damage|p1a: Gastrodon|0 fnt\n|faint|p1a: Gastrodon\n|\n|win|OMGPACHIMARI\n|j| Jstardude\n|l| Jstardude\n|c| jayballester|MISS\n|j| riseofkingdomsadd\n|c|\u2606OMGPACHIMARI|you jinxed it\n|c|\u2606Tuxmux|oh yeahhhhhhhhhhhhhh\n|l| riseofkingdomsadd\n|c| LiluziHit|how many drain punches do you have\n|c|\u2606OMGPACHIMARI|LMAO\n|c|\u2606Tuxmux|so many good misses this game\n|c|\u2606OMGPACHIMARI|I have 6x bright powder\n|l| jayballester\n|c| LiluziHit|bruh\n","uploadtime":1683472939,"views":15,"p1id":"tuxmux","p2id":"omgpachimari","formatid":"gen9vgc2023regulationc","rating":0,"private":0,"password":""}