{"id":"gen9vgc2023regulationc-1862945414","p1":"SuperToad916","p2":"Star_Dragon44","format":"[Gen 9] VGC 2023 Regulation C","log":"|j|\u2606SuperToad916\n|j|\u2606Star_Dragon44\n|t:|1683942066\n|gametype|doubles\n|player|p1|SuperToad916|1|\n|player|p2|Star_Dragon44|hilda-wonderlauncher|\n|teamsize|p1|6\n|teamsize|p2|6\n|gen|9\n|tier|[Gen 9] VGC 2023 Regulation C\n|rule|Species Clause: Limit one of each Pok\u00e9mon\n|rule|Item Clause: Limit one of each item\n|clearpoke\n|poke|p1|Dragonite, L50, F|\n|poke|p1|Toedscruel, L50, F|\n|poke|p1|Torkoal, L50, F|\n|poke|p1|Sylveon, L50, F|\n|poke|p1|Lilligant, L50, F|\n|poke|p1|Kingambit, L50, M|\n|poke|p2|Gyarados, L50, M|\n|poke|p2|Sandy Shocks, L50|\n|poke|p2|Great Tusk, L50|\n|poke|p2|Goodra, L50, F|\n|poke|p2|Scream Tail, L50|\n|poke|p2|Haxorus, L50, M|\n|teampreview|4\n|j| CluelessGamer18\nSuperToad916 rejected open team sheets.\n|j| lethalpilot\n|\n|t:|1683942099\n|start\n|switch|p1a: Dragonite|Dragonite, L50, F|100\/100\n|switch|p1b: Kingambit|Kingambit, L50, M|100\/100\n|switch|p2a: Gyarados|Gyarados, L50, M|100\/100\n|switch|p2b: Scream Tail|Scream Tail, L50|100\/100\n|-ability|p2a: Gyarados|Intimidate|boost\n|-unboost|p1a: Dragonite|atk|1\n|-unboost|p1b: Kingambit|atk|1\n|-ability|p1b: Kingambit|Defiant|boost\n|-boost|p1b: Kingambit|atk|2\n|-enditem|p1b: Kingambit|Adrenaline Orb\n|-boost|p1b: Kingambit|spe|1|[from] item: Adrenaline Orb\n|turn|1\n|\n|t:|1683942149\n|move|p2b: Scream Tail|Light Screen|p2b: Scream Tail\n|-sidestart|p2: Star_Dragon44|move: Light Screen\n|move|p2a: Gyarados|Icy Wind|p1b: Kingambit|[spread] p1a,p1b\n|-supereffective|p1a: Dragonite\n|-resisted|p1b: Kingambit\n|-damage|p1a: Dragonite|87\/100\n|-damage|p1b: Kingambit|98\/100\n|-unboost|p1a: Dragonite|spe|1\n|-unboost|p1b: Kingambit|spe|1\n|-ability|p1b: Kingambit|Defiant|boost\n|-boost|p1b: Kingambit|atk|2\n|-enditem|p1a: Dragonite|Weakness Policy\n|-boost|p1a: Dragonite|atk|2|[from] item: Weakness Policy\n|-boost|p1a: Dragonite|spa|2|[from] item: Weakness Policy\n|move|p1a: Dragonite|Dragon Dance|p1a: Dragonite\n|-boost|p1a: Dragonite|atk|1\n|-boost|p1a: Dragonite|spe|1\n|move|p1b: Kingambit|Swords Dance|p1b: Kingambit\n|-boost|p1b: Kingambit|atk|2\n|\n|upkeep\n|turn|2\n|\n|t:|1683942219\n|move|p2a: Gyarados|Protect|p2a: Gyarados\n|-singleturn|p2a: Gyarados|Protect\n|move|p2b: Scream Tail|Dazzling Gleam|p1a: Dragonite|[spread] p1a,p1b\n|-supereffective|p1a: Dragonite\n|-damage|p1a: Dragonite|57\/100\n|-damage|p1b: Kingambit|84\/100\n|move|p1a: Dragonite|Dragon Dance|p1a: Dragonite\n|-boost|p1a: Dragonite|atk|1\n|-boost|p1a: Dragonite|spe|1\n|move|p1b: Kingambit|Brick Break|p2a: Gyarados\n|-activate|p2a: Gyarados|move: Protect\n|\n|upkeep\n|turn|3\n|\n|t:|1683942256\n|-terastallize|p1a: Dragonite|Normal\n|move|p1a: Dragonite|Extreme Speed|p2a: Gyarados\n|-damage|p2a: Gyarados|0 fnt\n|faint|p2a: Gyarados\n|move|p2b: Scream Tail|Reflect|p2b: Scream Tail\n|-sidestart|p2: Star_Dragon44|Reflect\n|move|p1b: Kingambit|Brick Break|p2b: Scream Tail\n|-sideend|p2: Star_Dragon44|Reflect\n|-sideend|p2: Star_Dragon44|move: Light Screen\n|-resisted|p2b: Scream Tail\n|-damage|p2b: Scream Tail|82\/100\n|\n|upkeep\n|\n|t:|1683942274\n|switch|p2a: Great Tusk|Great Tusk, L50|100\/100\n|turn|4\n|\n|t:|1683942296\n|move|p2b: Scream Tail|Protect|p2b: Scream Tail\n|-singleturn|p2b: Scream Tail|Protect\n|move|p2a: Great Tusk|Close Combat|p1b: Kingambit\n|-supereffective|p1b: Kingambit\n|-damage|p1b: Kingambit|0 fnt\n|-unboost|p2a: Great Tusk|def|1\n|-unboost|p2a: Great Tusk|spd|1\n|faint|p1b: Kingambit\n|move|p1a: Dragonite|Waterfall|p2a: Great Tusk\n|-supereffective|p2a: Great Tusk\n|-damage|p2a: Great Tusk|0 fnt\n|faint|p2a: Great Tusk\n|-end|p2a: Great Tusk|Protosynthesis|[silent]\n|\n|upkeep\n|\n|t:|1683942313\n|switch|p2a: Sandy Shocks|Sandy Shocks, L50|100\/100\n|switch|p1b: Torkoal|Torkoal, L50, F|100\/100\n|-weather|SunnyDay|[from] ability: Drought|[of] p1b: Torkoal\n|-activate|p2b: Scream Tail|ability: Protosynthesis\n|-start|p2b: Scream Tail|protosynthesisspe\n|-activate|p2a: Sandy Shocks|ability: Protosynthesis\n|-start|p2a: Sandy Shocks|protosynthesisspe\n|turn|5\n|\n|t:|1683942368\n|move|p1b: Torkoal|Protect|p1b: Torkoal\n|-singleturn|p1b: Torkoal|Protect\n|move|p2b: Scream Tail|Dazzling Gleam|p1a: Dragonite|[spread] p1a\n|-activate|p1b: Torkoal|move: Protect\n|-damage|p1a: Dragonite|41\/100\n|move|p2a: Sandy Shocks|Earth Power|p1b: Torkoal\n|-activate|p1b: Torkoal|move: Protect\n|move|p1a: Dragonite|Waterfall|p2a: Sandy Shocks\n|-supereffective|p2a: Sandy Shocks\n|-damage|p2a: Sandy Shocks|11\/100\n|\n|-weather|SunnyDay|[upkeep]\n|upkeep\n|turn|6\n|l| lethalpilot\n|j| lethalpilot\n|\n|t:|1683942411\n|move|p1a: Dragonite|Extreme Speed|p2a: Sandy Shocks\n|-crit|p2a: Sandy Shocks\n|-damage|p2a: Sandy Shocks|0 fnt\n|faint|p2a: Sandy Shocks\n|-end|p2a: Sandy Shocks|Protosynthesis|[silent]\n|move|p2b: Scream Tail|Dazzling Gleam|p1b: Torkoal|[spread] p1a,p1b\n|-resisted|p1b: Torkoal\n|-damage|p1a: Dragonite|26\/100\n|-damage|p1b: Torkoal|92\/100\n|move|p1b: Torkoal|Eruption|p2b: Scream Tail\n|-damage|p2b: Scream Tail|7\/100\n|\n|-weather|SunnyDay|[upkeep]\n|upkeep\n|turn|7\n|\n|t:|1683942431\n|move|p1a: Dragonite|Extreme Speed|p2b: Scream Tail\n|-damage|p2b: Scream Tail|0 fnt\n|faint|p2b: Scream Tail\n|-end|p2b: Scream Tail|Protosynthesis|[silent]\n|\n|win|SuperToad916\n|l|\u2606SuperToad916\n|j|\u2606SuperToad916\n|player|p1|SuperToad916|1\n|l| CluelessGamer18\n","uploadtime":1683942475,"views":24,"p1id":"supertoad916","p2id":"stardragon44","formatid":"gen9vgc2023regulationc","rating":0,"private":0,"password":""}