{"id":"gen9vgc2023regulationc-1854177235","p1":"Misha-Red","p2":"ItsAvery3","format":"[Gen 9] VGC 2023 Regulation C","log":"|j|\u2606Misha-Red\n|j|\u2606ItsAvery3\n|t:|1682780140\n|gametype|doubles\n|player|p1|Misha-Red|policeman-gen4|1000\n|player|p2|ItsAvery3|veteranf|1053\n|teamsize|p1|6\n|teamsize|p2|6\n|gen|9\n|tier|[Gen 9] VGC 2023 Regulation C\n|rated|\n|rule|Species Clause: Limit one of each Pok\u00e9mon\n|rule|Item Clause: Limit one of each item\n|clearpoke\n|poke|p1|Lurantis, L50, F|\n|poke|p1|Hippowdon, L50, M|\n|poke|p1|Camerupt, L50, F|\n|poke|p1|Meowscarada, L50, F|\n|poke|p1|Grimmsnarl, L50, M|\n|poke|p1|Gastrodon, L50, F|\n|poke|p2|Tyranitar, L50, F|\n|poke|p2|Houndstone, L50, F|\n|poke|p2|Glimmora, L50, F|\n|poke|p2|Great Tusk, L50|\n|poke|p2|Meowscarada, L50, M|\n|poke|p2|Flutter Mane, L50|\n|teampreview|4\n|inactive|Battle timer is ON: inactive players will automatically lose when time's up. (requested by Misha-Red)\n|\n|t:|1682780184\n|start\n|switch|p1a: Meowscarada|Meowscarada, L50, F|100\/100\n|switch|p1b: Camerupt|Camerupt, L50, F|100\/100\n|switch|p2a: Houndstone|Houndstone, L50, F|100\/100\n|switch|p2b: Glimmora|Glimmora, L50, F, shiny|100\/100\n|turn|1\n|\n|t:|1682780206\n|switch|p2b: Tyranitar|Tyranitar, L50, F|100\/100\n|-weather|Sandstorm|[from] ability: Sand Stream|[of] p2b: Tyranitar\n|move|p2a: Houndstone|Will-O-Wisp|p1a: Meowscarada\n|-status|p1a: Meowscarada|brn\n|move|p1b: Camerupt|Rock Slide|p2a: Houndstone|[spread] p2a,p2b\n|-damage|p2a: Houndstone|88\/100\n|-damage|p2b: Tyranitar|88\/100\n|move|p1a: Meowscarada|Trick Room|p1a: Meowscarada\n|-start|p1a: Meowscarada|typechange|Psychic|[from] ability: Protean\n|-fieldstart|move: Trick Room|[of] p1a: Meowscarada\n|\n|-weather|Sandstorm|[upkeep]\n|-damage|p1a: Meowscarada|94\/100 brn|[from] brn\n|upkeep\n|turn|2\n|inactive|ItsAvery3 has 30 seconds left.\n|inactive|ItsAvery3 has 20 seconds left.\n|\n|t:|1682780242\n|switch|p2a: Glimmora|Glimmora, L50, F, shiny|100\/100\n|move|p1b: Camerupt|Rock Slide|p2b: Tyranitar|[spread] p2a,p2b\n|-damage|p2a: Glimmora|88\/100\n|-damage|p2b: Tyranitar|76\/100\n|-activate|p2a: Glimmora|ability: Toxic Debris\n|-sidestart|p1: Misha-Red|move: Toxic Spikes\n|cant|p2b: Tyranitar|flinch\n|move|p1a: Meowscarada|Flower Trick|p1b: Camerupt\n|-crit|p1b: Camerupt\n|-damage|p1b: Camerupt|87\/100\n|-setboost|p1b: Camerupt|atk|6|[from] ability: Anger Point\n|\n|-weather|Sandstorm|[upkeep]\n|-damage|p1a: Meowscarada|88\/100 brn|[from] brn\n|upkeep\n|turn|3\n|c|\u2606ItsAvery3|I never knew that got Anger Point that's such a cool combo\n|inactive|ItsAvery3 has 30 seconds left.\n|inactive|ItsAvery3 has 20 seconds left.\n|\n|t:|1682780282\n|move|p1a: Meowscarada|Protect|p1a: Meowscarada\n|-singleturn|p1a: Meowscarada|Protect\n|move|p1b: Camerupt|Earthquake|p2a: Glimmora|[spread] p2a,p2b\n|-activate|p1a: Meowscarada|move: Protect\n|-supereffective|p2a: Glimmora\n|-supereffective|p2b: Tyranitar\n|-damage|p2a: Glimmora|0 fnt\n|-damage|p2b: Tyranitar|0 fnt\n|-activate|p2a: Glimmora|ability: Toxic Debris\n|-sidestart|p1: Misha-Red|move: Toxic Spikes\n|faint|p2a: Glimmora\n|faint|p2b: Tyranitar\n|\n|-weather|Sandstorm|[upkeep]\n|-damage|p1a: Meowscarada|82\/100 brn|[from] brn\n|upkeep\n|c|\u2606Misha-Red|right?! im not good with anger point but thought this is better without having to tera\n|\n|t:|1682780295\n|switch|p2b: Flutter Mane|Flutter Mane, L50|100\/100\n|switch|p2a: Houndstone|Houndstone, L50, F|88\/100\n|turn|4\n|\n|t:|1682780305\n|move|p2b: Flutter Mane|Protect|p2b: Flutter Mane\n|-singleturn|p2b: Flutter Mane|Protect\n|move|p1a: Meowscarada|Sucker Punch|p2a: Houndstone\n|-supereffective|p2a: Houndstone\n|-damage|p2a: Houndstone|71\/100\n|move|p1b: Camerupt|Earthquake|p2a: Houndstone|[spread] p1a,p2a\n|-activate|p2b: Flutter Mane|move: Protect\n|-damage|p1a: Meowscarada|0 fnt\n|-damage|p2a: Houndstone|0 fnt\n|faint|p1a: Meowscarada\n|faint|p2a: Houndstone\n|\n|-weather|Sandstorm|[upkeep]\n|-damage|p2b: Flutter Mane|95\/100|[from] Sandstorm\n|upkeep\n|\n|t:|1682780325\n|switch|p1a: Gastrodon|Gastrodon, L50, F|100\/100\n|-status|p1a: Gastrodon|tox\n|turn|5\n|\n|t:|1682780334\n|-terastallize|p2b: Flutter Mane|Fairy\n|move|p1a: Gastrodon|Yawn|p2b: Flutter Mane\n|-start|p2b: Flutter Mane|move: Yawn|[of] p1a: Gastrodon\n|move|p1b: Camerupt|Rock Slide|p2b: Flutter Mane\n|-damage|p2b: Flutter Mane|9\/100\n|move|p2b: Flutter Mane|Shadow Ball|p1b: Camerupt\n|-damage|p1b: Camerupt|49\/100\n|-damage|p2b: Flutter Mane|0 fnt|[from] item: Life Orb\n|faint|p2b: Flutter Mane\n|-end|p2b: Flutter Mane|Protosynthesis|[silent]\n|\n|win|Misha-Red\n|raw|Misha-Red's rating: 1000 → 1046<\/strong> (+46 for winning)\n|raw|ItsAvery3's rating: 1053 → 1032<\/strong> (-21 for losing)\n|l|\u2606Misha-Red\n|c|\u2606ItsAvery3|gg!\n","uploadtime":1682780368,"views":21,"p1id":"mishared","p2id":"itsavery3","formatid":"gen9vgc2023regulationc","rating":1032,"private":0,"password":""}