{"id":"gen9vgc2023regulationc-1853003475","p1":"DuskDevoir","p2":"K41ZER","format":"[Gen 9] VGC 2023 Regulation C","log":"|j|\u2606DuskDevoir\n|j|\u2606K41ZER\n|t:|1682624740\n|gametype|doubles\n|player|p1|DuskDevoir|bellelba|1078\n|player|p2|K41ZER|cynthia|1108\n|teamsize|p1|6\n|teamsize|p2|6\n|gen|9\n|tier|[Gen 9] VGC 2023 Regulation C\n|rated|\n|rule|Species Clause: Limit one of each Pok\u00e9mon\n|rule|Item Clause: Limit one of each item\n|clearpoke\n|poke|p1|Iron Bundle, L50|\n|poke|p1|Grimmsnarl, L50, M|\n|poke|p1|Gyarados, L50, M|\n|poke|p1|Tauros-Paldea-Blaze, L50, M|\n|poke|p1|Florges, L50, F|\n|poke|p1|Wo-Chien, L50|\n|poke|p2|Amoonguss, L50, M|\n|poke|p2|Palafin, L50, M|\n|poke|p2|Iron Hands, L50|\n|poke|p2|Arcanine, L50, M|\n|poke|p2|Flutter Mane, L50|\n|poke|p2|Dragonite, L50, M|\n|teampreview|4\n|inactive|Battle timer is ON: inactive players will automatically lose when time's up. (requested by K41ZER)\n|\n|t:|1682624760\n|start\n|switch|p1a: Grimmsnarl|Grimmsnarl, L50, M|100\/100\n|switch|p1b: Gyarados|Gyarados, L50, M, shiny|100\/100\n|switch|p2a: Flutter Mane|Flutter Mane, L50|100\/100\n|switch|p2b: Iron Hands|Iron Hands, L50, shiny|100\/100\n|-ability|p1b: Gyarados|Intimidate|boost\n|-unboost|p2a: Flutter Mane|atk|1\n|-unboost|p2b: Iron Hands|atk|1\n|-enditem|p2a: Flutter Mane|Booster Energy\n|-activate|p2a: Flutter Mane|ability: Protosynthesis|[fromitem]\n|-start|p2a: Flutter Mane|protosynthesisspa\n|turn|1\n|\n|t:|1682624783\n|move|p2a: Flutter Mane|Protect|p2a: Flutter Mane\n|-singleturn|p2a: Flutter Mane|Protect\n|move|p1a: Grimmsnarl|Fake Out|p2b: Iron Hands\n|-damage|p2b: Iron Hands|93\/100\n|move|p1b: Gyarados|Dragon Dance|p1b: Gyarados\n|-boost|p1b: Gyarados|atk|1\n|-boost|p1b: Gyarados|spe|1\n|cant|p2b: Iron Hands|flinch\n|\n|upkeep\n|turn|2\n|\n|t:|1682624805\n|-end|p2a: Flutter Mane|Protosynthesis|[silent]\n|switch|p2a: Amoonguss|Amoonguss, L50, M, shiny|100\/100\n|move|p1a: Grimmsnarl|Light Screen|p1a: Grimmsnarl\n|-sidestart|p1: DuskDevoir|move: Light Screen\n|move|p1b: Gyarados|Waterfall|p2a: Amoonguss\n|-resisted|p2a: Amoonguss\n|-damage|p2a: Amoonguss|76\/100\n|-damage|p1b: Gyarados|84\/100|[from] item: Rocky Helmet|[of] p2a: Amoonguss\n|move|p2b: Iron Hands|Heavy Slam|p1a: Grimmsnarl\n|-supereffective|p1a: Grimmsnarl\n|-damage|p1a: Grimmsnarl|40\/100\n|\n|upkeep\n|turn|3\n|inactive|K41ZER has 30 seconds left.\n|\n|t:|1682624832\n|move|p1a: Grimmsnarl|Misty Terrain|p1a: Grimmsnarl\n|-fieldstart|move: Misty Terrain\n|move|p1b: Gyarados|Waterfall|p2b: Iron Hands\n|-damage|p2b: Iron Hands|51\/100\n|move|p2b: Iron Hands|Heavy Slam|p1a: Grimmsnarl\n|-supereffective|p1a: Grimmsnarl\n|-damage|p1a: Grimmsnarl|0 fnt\n|faint|p1a: Grimmsnarl\n|move|p2a: Amoonguss|Spore|p1b: Gyarados\n|-status|p1b: Gyarados|slp|[from] move: Spore\n|\n|upkeep\n|\n|t:|1682624846\n|switch|p1a: Wo-Chien|Wo-Chien, L50|100\/100\n|-ability|p1a: Wo-Chien|Tablets of Ruin\n|turn|4\n|inactive|K41ZER has 30 seconds left.\n|\n|t:|1682624879\n|switch|p1b: Florges|Florges, L50, F, shiny|100\/100\n|-terastallize|p1a: Wo-Chien|Water\n|move|p1a: Wo-Chien|Giga Drain|p2b: Iron Hands\n|-damage|p2b: Iron Hands|31\/100\n|move|p2b: Iron Hands|Wild Charge|p1b: Florges\n|-damage|p1b: Florges|76\/100\n|-damage|p2b: Iron Hands|26\/100|[from] Recoil\n|move|p2a: Amoonguss|Pollen Puff|p2b: Iron Hands\n|-heal|p2b: Iron Hands|76\/100\n|\n|upkeep\n|turn|5\n|\n|t:|1682624903\n|move|p2a: Amoonguss|Protect|p2a: Amoonguss\n|-singleturn|p2a: Amoonguss|Protect\n|move|p1b: Florges|Petal Blizzard|p2b: Iron Hands|[spread] p1a,p2b\n|-activate|p2a: Amoonguss|move: Protect\n|-supereffective|p1a: Wo-Chien\n|-damage|p1a: Wo-Chien|88\/100\n|-damage|p2b: Iron Hands|71\/100\n|-enditem|p1a: Wo-Chien|Weakness Policy\n|-boost|p1a: Wo-Chien|atk|2|[from] item: Weakness Policy\n|-boost|p1a: Wo-Chien|spa|2|[from] item: Weakness Policy\n|-activate|p1b: Florges|ability: Symbiosis|Throat Spray|[of] p1a: Wo-Chien\n|move|p1a: Wo-Chien|Tera Blast|p2b: Iron Hands\n|-damage|p2b: Iron Hands|27\/100\n|move|p2b: Iron Hands|Heavy Slam|p1b: Florges\n|-supereffective|p1b: Florges\n|-damage|p1b: Florges|38\/100\n|\n|upkeep\n|turn|6\n|inactive|DuskDevoir has 30 seconds left.\n|inactive|K41ZER has 30 seconds left.\n|inactive|K41ZER has 20 seconds left.\n|\n|t:|1682624941\n|move|p2a: Amoonguss|Rage Powder|p2a: Amoonguss\n|-singleturn|p2a: Amoonguss|move: Rage Powder\n|move|p1b: Florges|Dazzling Gleam|p2a: Amoonguss|[spread] p2a,p2b\n|-resisted|p2a: Amoonguss\n|-supereffective|p2b: Iron Hands\n|-damage|p2a: Amoonguss|67\/100\n|-damage|p2b: Iron Hands|3\/100\n|move|p1a: Wo-Chien|Giga Drain|p2a: Amoonguss\n|-resisted|p2a: Amoonguss\n|-damage|p2a: Amoonguss|53\/100\n|-heal|p1a: Wo-Chien|96\/100|[from] drain|[of] p2a: Amoonguss\n|move|p2b: Iron Hands|Wild Charge|p1a: Wo-Chien\n|-supereffective|p1a: Wo-Chien\n|-damage|p1a: Wo-Chien|54\/100\n|-damage|p2b: Iron Hands|0 fnt|[from] Recoil\n|faint|p2b: Iron Hands\n|-end|p2b: Iron Hands|Quark Drive|[silent]\n|\n|-sideend|p1: DuskDevoir|move: Light Screen\n|upkeep\n|inactive|K41ZER has 30 seconds left.\n|inactive|K41ZER has 20 seconds left.\n|\n|t:|1682624977\n|switch|p2b: Dragonite|Dragonite, L50, M|100\/100\n|turn|7\n|inactive|K41ZER has 30 seconds left.\n|\n|t:|1682625011\n|move|p2b: Dragonite|Protect|p2b: Dragonite\n|-singleturn|p2b: Dragonite|Protect\n|move|p1b: Florges|Pollen Puff|p1a: Wo-Chien\n|-heal|p1a: Wo-Chien|100\/100\n|move|p1a: Wo-Chien|Snarl|p2b: Dragonite|[spread] p2a\n|-activate|p2b: Dragonite|move: Protect\n|-damage|p2a: Amoonguss|22\/100\n|-unboost|p2a: Amoonguss|spa|1\n|-enditem|p1a: Wo-Chien|Throat Spray\n|-boost|p1a: Wo-Chien|spa|1|[from] item: Throat Spray\n|move|p2a: Amoonguss|Spore|p1a: Wo-Chien\n|-activate|p1a: Wo-Chien|move: Misty Terrain\n|\n|-fieldend|Misty Terrain\n|upkeep\n|turn|8\n|inactive|K41ZER has 30 seconds left.\n|inactive|K41ZER has 20 seconds left.\n|\n|t:|1682625049\n|-terastallize|p2b: Dragonite|Normal\n|move|p2a: Amoonguss|Protect|p2a: Amoonguss\n|-singleturn|p2a: Amoonguss|Protect\n|move|p2b: Dragonite|Extreme Speed|p1b: Florges\n|-damage|p1b: Florges|10\/100\n|move|p1b: Florges|Misty Terrain|p1b: Florges\n|-fieldstart|move: Misty Terrain\n|move|p1a: Wo-Chien|Snarl|p2b: Dragonite|[spread] p2b\n|-activate|p2a: Amoonguss|move: Protect\n|-damage|p2b: Dragonite|79\/100\n|-unboost|p2b: Dragonite|spa|1\n|\n|upkeep\n|turn|9\n|inactive|DuskDevoir has 30 seconds left.\n|inactive|K41ZER has 30 seconds left.\n|\n|t:|1682625084\n|switch|p2a: Flutter Mane|Flutter Mane, L50|100\/100\n|move|p2b: Dragonite|Extreme Speed|p1b: Florges\n|-damage|p1b: Florges|0 fnt\n|faint|p1b: Florges\n|move|p1a: Wo-Chien|Snarl|p2b: Dragonite|[spread] p2a,p2b\n|-damage|p2a: Flutter Mane|63\/100\n|-damage|p2b: Dragonite|36\/100\n|-unboost|p2a: Flutter Mane|spa|1\n|-unboost|p2b: Dragonite|spa|1\n|\n|upkeep\n|\n|t:|1682625095\n|switch|p1b: Gyarados|Gyarados, L50, M, shiny|84\/100 slp\n|-ability|p1b: Gyarados|Intimidate|boost\n|-unboost|p2a: Flutter Mane|atk|1\n|-unboost|p2b: Dragonite|atk|1\n|turn|10\n|\n|t:|1682625112\n|move|p2b: Dragonite|Extreme Speed|p1a: Wo-Chien\n|-damage|p1a: Wo-Chien|81\/100\n|move|p2a: Flutter Mane|Thunderbolt|p1a: Wo-Chien\n|-supereffective|p1a: Wo-Chien\n|-damage|p1a: Wo-Chien|51\/100\n|cant|p1b: Gyarados|slp\n|move|p1a: Wo-Chien|Snarl|p2a: Flutter Mane|[spread] p2a,p2b\n|-damage|p2a: Flutter Mane|24\/100\n|-damage|p2b: Dragonite|0 fnt\n|-unboost|p2a: Flutter Mane|spa|1\n|faint|p2b: Dragonite\n|\n|upkeep\n|\n|t:|1682625124\n|switch|p2b: Amoonguss|Amoonguss, L50, M, shiny|56\/100\n|turn|11\n|\n|t:|1682625131\n|move|p2a: Flutter Mane|Protect|p2a: Flutter Mane\n|-singleturn|p2a: Flutter Mane|Protect\n|cant|p1b: Gyarados|slp\n|move|p1a: Wo-Chien|Snarl|p2b: Amoonguss|[spread] p2b\n|-activate|p2a: Flutter Mane|move: Protect\n|-damage|p2b: Amoonguss|17\/100\n|-unboost|p2b: Amoonguss|spa|1\n|move|p2b: Amoonguss|Spore|p1a: Wo-Chien\n|-activate|p1a: Wo-Chien|move: Misty Terrain\n|\n|upkeep\n|turn|12\n|inactive|K41ZER has 30 seconds left.\n|\n|t:|1682625163\n|move|p2a: Flutter Mane|Thunderbolt|p1a: Wo-Chien\n|-supereffective|p1a: Wo-Chien\n|-damage|p1a: Wo-Chien|28\/100\n|cant|p1b: Gyarados|slp\n|move|p1a: Wo-Chien|Snarl|p2b: Amoonguss|[spread] p2a,p2b\n|-damage|p2a: Flutter Mane|0 fnt\n|-damage|p2b: Amoonguss|0 fnt\n|faint|p2a: Flutter Mane\n|-end|p2a: Flutter Mane|Protosynthesis|[silent]\n|faint|p2b: Amoonguss\n|\n|win|DuskDevoir\n|raw|DuskDevoir's rating: 1078 → 1109<\/strong> (+31 for winning)\n|raw|K41ZER's rating: 1108 → 1081<\/strong> (-27 for losing)\n|c|\u2606K41ZER|hijo\n|c|\u2606K41ZER|de\n|c|\u2606K41ZER|prra\n","uploadtime":1682625176,"views":12,"p1id":"duskdevoir","p2id":"k41zer","formatid":"gen9vgc2023regulationc","rating":1081,"private":0,"password":""}