{"id":"gen9vgc2023regulationc-1863651941","p1":"DrkMttrWzrd","p2":"Jjenkinsp","format":"[Gen 9] VGC 2023 Regulation C","log":"|j|\u2606DrkMttrWzrd\n|j|\u2606Jjenkinsp\n|t:|1684052253\n|gametype|doubles\n|player|p1|DrkMttrWzrd|mars|1253\n|player|p2|Jjenkinsp|flannery|1177\n|teamsize|p1|6\n|teamsize|p2|6\n|gen|9\n|tier|[Gen 9] VGC 2023 Regulation C\n|rated|\n|rule|Species Clause: Limit one of each Pok\u00e9mon\n|rule|Item Clause: Limit one of each item\n|clearpoke\n|poke|p1|Murkrow, L50, F|\n|poke|p1|Gholdengo, L50|\n|poke|p1|Heracross, L50, F|\n|poke|p1|Flutter Mane, L50|\n|poke|p1|Gyarados, L50, F|\n|poke|p1|Great Tusk, L50|\n|poke|p2|Flutter Mane, L50|\n|poke|p2|Chi-Yu, L50|\n|poke|p2|Chien-Pao, L50|\n|poke|p2|Dragonite, L50, F|\n|poke|p2|Iron Bundle, L50|\n|poke|p2|Torkoal, L50, F|\n|teampreview|4\n|inactive|Battle timer is ON: inactive players will automatically lose when time's up. (requested by DrkMttrWzrd)\n|inactive|DrkMttrWzrd has 60 seconds left.\n|\n|t:|1684052301\n|start\n|switch|p1a: Murkrow|Murkrow, L50, F|100\/100\n|switch|p1b: Flutter Mane|Flutter Mane, L50|100\/100\n|switch|p2a: Flutter Mane|Flutter Mane, L50|100\/100\n|switch|p2b: Chi-Yu|Chi-Yu, L50|100\/100\n|-ability|p2b: Chi-Yu|Beads of Ruin\n|turn|1\n|inactive|DrkMttrWzrd has 30 seconds left.\n|inactive|Jjenkinsp has 30 seconds left.\n|inactive|DrkMttrWzrd has 20 seconds left.\n|inactive|Jjenkinsp has 20 seconds left.\n|inactive|DrkMttrWzrd has 15 seconds left.\n|\n|t:|1684052345\n|-terastallize|p2b: Chi-Yu|Steel\n|move|p1a: Murkrow|Tailwind|p1a: Murkrow\n|-sidestart|p1: DrkMttrWzrd|move: Tailwind\n|move|p1b: Flutter Mane|Shadow Ball|p2a: Flutter Mane\n|-supereffective|p2a: Flutter Mane\n|-damage|p2a: Flutter Mane|0 fnt\n|faint|p2a: Flutter Mane\n|-end|p2a: Flutter Mane|Protosynthesis|[silent]\n|move|p2b: Chi-Yu|Tera Blast|p1b: Flutter Mane\n|-supereffective|p1b: Flutter Mane\n|-enditem|p1b: Flutter Mane|Focus Sash\n|-damage|p1b: Flutter Mane|1\/100\n|\n|upkeep\n|\n|t:|1684052360\n|switch|p2a: Chien-Pao|Chien-Pao, L50|100\/100\n|-ability|p2a: Chien-Pao|Sword of Ruin\n|turn|2\n|\n|t:|1684052376\n|switch|p2b: Dragonite|Dragonite, L50, F|100\/100\n|move|p1a: Murkrow|Sunny Day|p1a: Murkrow\n|-weather|SunnyDay\n|-activate|p1b: Flutter Mane|ability: Protosynthesis\n|-start|p1b: Flutter Mane|protosynthesisspa\n|move|p2a: Chien-Pao|Sucker Punch|p1b: Flutter Mane\n|-damage|p1b: Flutter Mane|0 fnt\n|faint|p1b: Flutter Mane\n|-end|p1b: Flutter Mane|Protosynthesis|[silent]\n|\n|-weather|SunnyDay|[upkeep]\n|upkeep\n|\n|t:|1684052389\n|switch|p1b: Heracross|Heracross, L50, F, shiny|100\/100\n|turn|3\n|\n|t:|1684052402\n|-terastallize|p1b: Heracross|Rock\n|move|p2b: Dragonite|Extreme Speed|p1b: Heracross\n|-resisted|p1b: Heracross\n|-damage|p1b: Heracross|64\/100\n|move|p1a: Murkrow|Brave Bird|p2a: Chien-Pao\n|-damage|p2a: Chien-Pao|32\/100\n|-damage|p1a: Murkrow|75\/100|[from] Recoil\n|move|p1b: Heracross|Rock Blast|p2b: Dragonite\n|-supereffective|p2b: Dragonite\n|-damage|p2b: Dragonite|61\/100\n|-supereffective|p2b: Dragonite\n|-damage|p2b: Dragonite|21\/100\n|-supereffective|p2b: Dragonite\n|-damage|p2b: Dragonite|0 fnt\n|faint|p2b: Dragonite\n|-ability|p1b: Heracross|Moxie|boost\n|-boost|p1b: Heracross|atk|1\n|-hitcount|p2: Dragonite|3\n|move|p2a: Chien-Pao|Ice Spinner|p1a: Murkrow\n|-supereffective|p1a: Murkrow\n|-damage|p1a: Murkrow|0 fnt\n|faint|p1a: Murkrow\n|\n|-weather|SunnyDay|[upkeep]\n|upkeep\n|\n|t:|1684052427\n|switch|p1a: Gholdengo|Gholdengo, L50|100\/100\n|switch|p2b: Chi-Yu|Chi-Yu, L50, tera:Steel|100\/100\n|-ability|p2b: Chi-Yu|Beads of Ruin\n|turn|4\n|inactive|DrkMttrWzrd has 30 seconds left.\n|\n|t:|1684052460\n|move|p2a: Chien-Pao|Sucker Punch|p1b: Heracross\n|-damage|p1b: Heracross|12\/100\n|move|p1b: Heracross|Pin Missile|p2a: Chien-Pao\n|-supereffective|p2a: Chien-Pao\n|-damage|p2a: Chien-Pao|0 fnt\n|faint|p2a: Chien-Pao\n|-ability|p1b: Heracross|Moxie|boost\n|-boost|p1b: Heracross|atk|1\n|-hitcount|p2: Chien-Pao|1\n|move|p1a: Gholdengo|Shadow Ball|p2b: Chi-Yu\n|-damage|p2b: Chi-Yu|24\/100\n|move|p2b: Chi-Yu|Overheat|p1a: Gholdengo\n|-supereffective|p1a: Gholdengo\n|-damage|p1a: Gholdengo|0 fnt\n|-unboost|p2b: Chi-Yu|spa|2\n|faint|p1a: Gholdengo\n|\n|-weather|SunnyDay|[upkeep]\n|-sideend|p1: DrkMttrWzrd|move: Tailwind\n|upkeep\n|turn|5\n|inactive|DrkMttrWzrd has 30 seconds left.\n|\n|t:|1684052486\n|move|p2b: Chi-Yu|Overheat|p1b: Heracross\n|-resisted|p1b: Heracross\n|-damage|p1b: Heracross|0 fnt\n|-unboost|p2b: Chi-Yu|spa|2\n|faint|p1b: Heracross\n|\n|win|Jjenkinsp\n|raw|DrkMttrWzrd's rating: 1253 → 1223<\/strong> (-30 for losing)\n|raw|Jjenkinsp's rating: 1177 → 1207<\/strong> (+30 for winning)\n","uploadtime":1684052495,"views":7,"p1id":"drkmttrwzrd","p2id":"jjenkinsp","formatid":"gen9vgc2023regulationc","rating":1207,"private":0,"password":""}