{"id":"gen9vgc2023regulationc-1860009281","p1":"Cooperhawk10","p2":"Mavrjce","format":"[Gen 9] VGC 2023 Regulation C","log":"|j|\u2606Cooperhawk10\n|j|\u2606Mavrjce\n|t:|1683584658\n|gametype|doubles\n|player|p1|Cooperhawk10|169|1123\n|player|p2|Mavrjce|boarder|1090\n|teamsize|p1|6\n|teamsize|p2|6\n|gen|9\n|tier|[Gen 9] VGC 2023 Regulation C\n|rated|\n|rule|Species Clause: Limit one of each Pok\u00e9mon\n|rule|Item Clause: Limit one of each item\n|clearpoke\n|poke|p1|Haxorus, L50, F|\n|poke|p1|Ting-Lu, L50|\n|poke|p1|Chien-Pao, L50|\n|poke|p1|Arcanine, L50, F|\n|poke|p1|Grimmsnarl, L50, M|\n|poke|p1|Wo-Chien, L50|\n|poke|p2|Ceruledge, L50, F|\n|poke|p2|Orthworm, L50, M|\n|poke|p2|Garchomp, L50, M|\n|poke|p2|Talonflame, L50, M|\n|poke|p2|Gastrodon, L50, M|\n|poke|p2|Scizor, L50, F|\n|teampreview|4\n|c|\u2606Cooperhawk10|GFHL\nCooperhawk10 has agreed to open team sheets.\n|inactive|Battle timer is ON: inactive players will automatically lose when time's up. (requested by Cooperhawk10)\n|inactive|Mavrjce has 60 seconds left.\n|\n|t:|1683584719\n|start\n|switch|p1a: Haxorus|Haxorus, L50, F|100\/100\n|switch|p1b: Chien-Pao|Chien-Pao, L50|100\/100\n|switch|p2a: Talonflame|Talonflame, L50, M|100\/100\n|switch|p2b: Orthworm|Orthworm, L50, M|100\/100\n|-ability|p1a: Haxorus|Mold Breaker\n|-ability|p1b: Chien-Pao|Sword of Ruin\n|turn|1\n|\n|t:|1683584736\n|move|p1a: Haxorus|Rock Slide|p2a: Talonflame|[spread] p2a,p2b\n|-supereffective|p2a: Talonflame\n|-resisted|p2b: Orthworm\n|-enditem|p2a: Talonflame|Focus Sash\n|-damage|p2a: Talonflame|1\/100\n|-damage|p2b: Orthworm|91\/100\n|move|p1b: Chien-Pao|Sheer Cold|p2b: Orthworm\n|-damage|p2b: Orthworm|0 fnt\n|faint|p2b: Orthworm\n|-ohko\n|move|p2a: Talonflame|Will-O-Wisp|p1a: Haxorus|[miss]\n|-miss|p2a: Talonflame|p1a: Haxorus\n|\n|upkeep\n|c|\u2606Cooperhawk10|lol\n|inactive|Mavrjce has 30 seconds left.\n|\n|t:|1683584765\n|switch|p2b: Scizor|Scizor, L50, F|100\/100\n|turn|2\n|inactive|Mavrjce has 30 seconds left.\n|\n|t:|1683584791\n|move|p2b: Scizor|Bullet Punch|p1b: Chien-Pao\n|-supereffective|p1b: Chien-Pao\n|-damage|p1b: Chien-Pao|27\/100\n|move|p1a: Haxorus|Rock Slide|p2a: Talonflame|[spread] p2a,p2b\n|-supereffective|p2a: Talonflame\n|-damage|p2a: Talonflame|0 fnt\n|-damage|p2b: Scizor|73\/100\n|faint|p2a: Talonflame\n|move|p1b: Chien-Pao|Sheer Cold|p2b: Scizor\n|-damage|p2b: Scizor|0 fnt\n|faint|p2b: Scizor\n|-ohko\n|\n|upkeep\n|inactive|Mavrjce has 30 seconds left.\n|\n|t:|1683584824\n|switch|p2b: Garchomp|Garchomp, L50, M|100\/100\n|turn|3\n|\n|t:|1683584836\n|-terastallize|p2b: Garchomp|Steel\n|move|p1a: Haxorus|Rock Slide|p2b: Garchomp|[miss]\n|-miss|p1a: Haxorus|p2b: Garchomp\n|move|p1b: Chien-Pao|Sheer Cold|p2b: Garchomp|[miss]\n|-miss|p1b: Chien-Pao|p2b: Garchomp\n|move|p2b: Garchomp|Earthquake|p1a: Haxorus|[spread] p1a,p1b\n|-damage|p1a: Haxorus|18\/100\n|-damage|p1b: Chien-Pao|0 fnt\n|faint|p1b: Chien-Pao\n|-damage|p2b: Garchomp|91\/100|[from] item: Life Orb\n|\n|upkeep\n|\n|t:|1683584844\n|switch|p1b: Ting-Lu|Ting-Lu, L50|100\/100\n|-ability|p1b: Ting-Lu|Vessel of Ruin\n|turn|4\n|\n|t:|1683584855\n|move|p1a: Haxorus|Rock Slide|p2b: Garchomp\n|-resisted|p2b: Garchomp\n|-damage|p2b: Garchomp|77\/100\n|move|p2b: Garchomp|Earthquake|p1b: Ting-Lu|[spread] p1a,p1b\n|-damage|p1a: Haxorus|0 fnt\n|-damage|p1b: Ting-Lu|75\/100\n|faint|p1a: Haxorus\n|-damage|p2b: Garchomp|67\/100|[from] item: Life Orb\n|move|p1b: Ting-Lu|Fissure|p2b: Garchomp|[miss]\n|-miss|p1b: Ting-Lu|p2b: Garchomp\n|\n|-heal|p1b: Ting-Lu|81\/100|[from] item: Leftovers\n|upkeep\n|c|\u2606Cooperhawk10|Don't worry my only ground move is fissure\n|\n|t:|1683584867\n|switch|p1a: Wo-Chien|Wo-Chien, L50|100\/100\n|-ability|p1a: Wo-Chien|Tablets of Ruin\n|turn|5\n|\n|t:|1683584875\n|move|p2b: Garchomp|Dragon Claw|p1b: Ting-Lu\n|-damage|p1b: Ting-Lu|59\/100\n|-damage|p2b: Garchomp|58\/100|[from] item: Life Orb\n|move|p1a: Wo-Chien|Pollen Puff|p1b: Ting-Lu\n|-heal|p1b: Ting-Lu|100\/100\n|move|p1b: Ting-Lu|Fissure|p2b: Garchomp|[miss]\n|-miss|p1b: Ting-Lu|p2b: Garchomp\n|\n|upkeep\n|turn|6\n|\n|t:|1683584886\n|move|p2b: Garchomp|Dragon Claw|p1a: Wo-Chien\n|-damage|p1a: Wo-Chien|68\/100\n|-damage|p2b: Garchomp|48\/100|[from] item: Life Orb\n|move|p1a: Wo-Chien|Pollen Puff|p1b: Ting-Lu\n|-immune|p1b: Ting-Lu\n|move|p1b: Ting-Lu|Fissure|p2b: Garchomp|[miss]\n|-miss|p1b: Ting-Lu|p2b: Garchomp\n|\n|upkeep\n|turn|7\n|\n|t:|1683584897\n|move|p1a: Wo-Chien|Protect|p1a: Wo-Chien\n|-singleturn|p1a: Wo-Chien|Protect\n|move|p2b: Garchomp|Dragon Claw|p1a: Wo-Chien\n|-activate|p1a: Wo-Chien|move: Protect\n|move|p1b: Ting-Lu|Fissure|p2b: Garchomp|[miss]\n|-miss|p1b: Ting-Lu|p2b: Garchomp\n|\n|upkeep\n|turn|8\n|\n|t:|1683584907\n|move|p2b: Garchomp|Dragon Claw|p1a: Wo-Chien\n|-damage|p1a: Wo-Chien|32\/100\n|-damage|p2b: Garchomp|38\/100|[from] item: Life Orb\n|move|p1a: Wo-Chien|Leech Seed|p2b: Garchomp\n|-start|p2b: Garchomp|move: Leech Seed\n|move|p1b: Ting-Lu|Fissure|p2b: Garchomp|[miss]\n|-miss|p1b: Ting-Lu|p2b: Garchomp\n|\n|-damage|p2b: Garchomp|25\/100|[from] Leech Seed|[of] p1a: Wo-Chien\n|-heal|p1a: Wo-Chien|47\/100|[silent]\n|upkeep\n|turn|9\n|c|\u2606Cooperhawk10|GG\n|\n|t:|1683584928\n|move|p1a: Wo-Chien|Protect|p1a: Wo-Chien\n|-singleturn|p1a: Wo-Chien|Protect\n|move|p2b: Garchomp|Dragon Claw|p1a: Wo-Chien\n|-activate|p1a: Wo-Chien|move: Protect\n|move|p1b: Ting-Lu|Fissure|p2b: Garchomp|[miss]\n|-miss|p1b: Ting-Lu|p2b: Garchomp\n|\n|-damage|p2b: Garchomp|13\/100|[from] Leech Seed|[of] p1a: Wo-Chien\n|-heal|p1a: Wo-Chien|63\/100|[silent]\n|upkeep\n|turn|10\n|-message|Mavrjce forfeited.\n|\n|win|Cooperhawk10\n|raw|Cooperhawk10's rating: 1123 → 1146<\/strong> (+23 for winning)\n|raw|Mavrjce's rating: 1090 → 1069<\/strong> (-21 for losing)\n|l|\u2606Mavrjce\n","uploadtime":1683584945,"views":15,"p1id":"cooperhawk10","p2id":"mavrjce","formatid":"gen9vgc2023regulationc","rating":1069,"private":0,"password":""}