{"id":"gen9vgc2023regulationc-1846978437","p1":"Hardboiledtogepi","p2":"Alaskan_fisher","format":"[Gen 9] VGC 2023 Regulation C","log":"|j|\u2606Hardboiledtogepi\n|j|\u2606Alaskan_fisher\n|t:|1681908300\n|gametype|doubles\n|player|p1|Hardboiledtogepi|youngn|1238\n|player|p2|Alaskan_fisher|fisherman-gen4|1206\n|teamsize|p1|6\n|teamsize|p2|6\n|gen|9\n|tier|[Gen 9] VGC 2023 Regulation C\n|rated|\n|rule|Species Clause: Limit one of each Pok\u00e9mon\n|rule|Item Clause: Limit one of each item\n|clearpoke\n|poke|p1|Baxcalibur, L50, F|\n|poke|p1|Tinkaton, L50, F|\n|poke|p1|Gyarados, L50, F|\n|poke|p1|Ceruledge, L50, M|\n|poke|p1|Tyranitar, L50, F|\n|poke|p1|Amoonguss, L50, F|\n|poke|p2|Maushold-Four, L50|\n|poke|p2|Iron Hands, L50|\n|poke|p2|Palafin, L50, F|\n|poke|p2|Ting-Lu, L50|\n|poke|p2|Flutter Mane, L50|\n|poke|p2|Arcanine, L50, M|\n|teampreview|4\nAlaskan_fisher has agreed to open team sheets.\nHardboiledtogepi has agreed to open team sheets.\n|inactive|Battle timer is ON: inactive players will automatically lose when time's up. (requested by Alaskan_fisher)\n|\n|t:|1681908367\n|start\n|switch|p1a: Baxcalibur|Baxcalibur, L50, F|100\/100\n|switch|p1b: Tinkaton|Tinkaton, L50, F|100\/100\n|switch|p2a: Iron Hands|Iron Hands, L50|100\/100\n|switch|p2b: Maushold|Maushold-Four, L50|100\/100\n|-ability|p1b: Tinkaton|Mold Breaker\n|turn|1\n|inactive|Alaskan_fisher has 30 seconds left.\n|\n|t:|1681908400\n|move|p1b: Tinkaton|Fake Out|p2a: Iron Hands\n|-damage|p2a: Iron Hands|95\/100\n|cant|p2a: Iron Hands|flinch\n|move|p2b: Maushold|Super Fang|p1a: Baxcalibur\n|-damage|p1a: Baxcalibur|51\/100\n|move|p1a: Baxcalibur|Dragon Dance|p1a: Baxcalibur\n|-boost|p1a: Baxcalibur|atk|1\n|-boost|p1a: Baxcalibur|spe|1\n|\n|upkeep\n|turn|2\n|inactive|Hardboiledtogepi has 30 seconds left.\n|\n|t:|1681908428\n|switch|p2b: Arcanine|Arcanine, L50, M|100\/100\n|-ability|p2b: Arcanine|Intimidate|boost\n|-unboost|p1a: Baxcalibur|atk|1\n|-unboost|p1b: Tinkaton|atk|1\n|-terastallize|p2a: Iron Hands|Grass\n|move|p1a: Baxcalibur|Protect|p1a: Baxcalibur\n|-singleturn|p1a: Baxcalibur|Protect\n|move|p1b: Tinkaton|Gigaton Hammer|p2b: Arcanine\n|-resisted|p2b: Arcanine\n|-damage|p2b: Arcanine|84\/100\n|move|p2a: Iron Hands|Close Combat|p1a: Baxcalibur\n|-activate|p1a: Baxcalibur|move: Protect\n|\n|upkeep\n|turn|3\n|inactive|Hardboiledtogepi has 30 seconds left.\n|inactive|Alaskan_fisher has 30 seconds left.\n|inactive|Alaskan_fisher has 20 seconds left.\n|\n|t:|1681908463\n|-end|p2a: Iron Hands|Quark Drive|[silent]\n|switch|p2a: Maushold|Maushold-Four, L50|100\/100\n|move|p2b: Arcanine|Extreme Speed|p1a: Baxcalibur\n|-damage|p1a: Baxcalibur|15\/100\n|move|p1a: Baxcalibur|Icicle Spear|p2a: Maushold\n|-damage|p2a: Maushold|84\/100\n|-damage|p2a: Maushold|67\/100\n|-damage|p2a: Maushold|48\/100\n|-damage|p2a: Maushold|30\/100\n|-damage|p2a: Maushold|11\/100\n|-hitcount|p2a: Maushold|5\n|move|p1b: Tinkaton|Thunder Wave|p2b: Arcanine\n|-status|p2b: Arcanine|par\n|\n|upkeep\n|turn|4\n|\n|t:|1681908488\n|switch|p1a: Ceruledge|Ceruledge, L50, M|100\/100\n|switch|p2b: Iron Hands|Iron Hands, L50, tera:Grass|95\/100\n|move|p2a: Maushold|Super Fang|p1b: Tinkaton\n|-damage|p1b: Tinkaton|50\/100\n|-enditem|p1b: Tinkaton|Sitrus Berry|[eat]\n|-heal|p1b: Tinkaton|75\/100|[from] item: Sitrus Berry\n|move|p1b: Tinkaton|Gigaton Hammer|p2a: Maushold\n|-damage|p2a: Maushold|0 fnt\n|faint|p2a: Maushold\n|\n|upkeep\n|\n|t:|1681908500\n|switch|p2a: Flutter Mane|Flutter Mane, L50|100\/100\n|turn|5\n|\n|t:|1681908522\n|-end|p2b: Iron Hands|Quark Drive|[silent]\n|switch|p2b: Arcanine|Arcanine, L50, M|84\/100 par\n|-ability|p2b: Arcanine|Intimidate|boost\n|-unboost|p1a: Ceruledge|atk|1\n|-unboost|p1b: Tinkaton|atk|1\n|move|p1a: Ceruledge|Protect|p1a: Ceruledge\n|-singleturn|p1a: Ceruledge|Protect\n|move|p2a: Flutter Mane|Shadow Ball|p1b: Tinkaton\n|-damage|p1b: Tinkaton|27\/100\n|move|p1b: Tinkaton|Thunder Wave|p2a: Flutter Mane\n|-status|p2a: Flutter Mane|par\n|\n|upkeep\n|turn|6\n|\n|t:|1681908545\n|switch|p1a: Gyarados|Gyarados, L50, F|100\/100\n|-ability|p1a: Gyarados|Intimidate|boost\n|-unboost|p2a: Flutter Mane|atk|1\n|-unboost|p2b: Arcanine|atk|1\n|move|p1b: Tinkaton|Gigaton Hammer|p2a: Flutter Mane\n|-supereffective|p2a: Flutter Mane\n|-damage|p2a: Flutter Mane|26\/100 par\n|move|p2a: Flutter Mane|Shadow Ball|p1b: Tinkaton\n|-damage|p1b: Tinkaton|0 fnt\n|faint|p1b: Tinkaton\n|move|p2b: Arcanine|Close Combat|p1a: Gyarados\n|-resisted|p1a: Gyarados\n|-damage|p1a: Gyarados|72\/100\n|-unboost|p2b: Arcanine|def|1\n|-unboost|p2b: Arcanine|spd|1\n|\n|upkeep\n|\n|t:|1681908560\n|switch|p1b: Ceruledge|Ceruledge, L50, M|100\/100\n|turn|7\n|-message|Alaskan_fisher forfeited.\n|\n|win|Hardboiledtogepi\n|raw|Hardboiledtogepi's rating: 1238 → 1261<\/strong> (+23 for winning)\n|raw|Alaskan_fisher's rating: 1206 → 1183<\/strong> (-23 for losing)\n","uploadtime":1681908571,"views":9,"p1id":"hardboiledtogepi","p2id":"alaskanfisher","formatid":"gen9vgc2023regulationc","rating":1183,"private":0,"password":""}