{"id":"gen9vgc2023regulationc-1852459711","p1":"As-fly-as-sly","p2":"jacob weedson","format":"[Gen 9] VGC 2023 Regulation C","log":"|j|\u2606As-fly-as-sly\n|j|\u2606jacob weedson\n|t:|1682560320\n|gametype|doubles\n|player|p1|As-fly-as-sly|palmer|1289\n|player|p2|jacob weedson|crasherwake|1256\n|teamsize|p1|6\n|teamsize|p2|6\n|gen|9\n|tier|[Gen 9] VGC 2023 Regulation C\n|rated|\n|rule|Species Clause: Limit one of each Pok\u00e9mon\n|rule|Item Clause: Limit one of each item\n|clearpoke\n|poke|p1|Dondozo, L50, F|\n|poke|p1|Tatsugiri-Droopy, L50, F|\n|poke|p1|Pelipper, L50, M|\n|poke|p1|Drednaw, L50, F|\n|poke|p1|Dragonite, L50, M|\n|poke|p1|Chien-Pao, L50|\n|poke|p2|Tyranitar, L50, F|\n|poke|p2|Scream Tail, L50|\n|poke|p2|Gyarados, L50, M|\n|poke|p2|Ting-Lu, L50|\n|poke|p2|Orthworm, L50, M|\n|poke|p2|Flutter Mane, L50|\n|teampreview|4\njacob weedson has agreed to open team sheets.\nAs-fly-as-sly rejected open team sheets.\n|\n|t:|1682560342\n|start\n|switch|p1a: Pelipper|Pelipper, L50, M|100\/100\n|switch|p1b: Drednaw|Drednaw, L50, F|100\/100\n|switch|p2a: blu|Flutter Mane, L50|100\/100\n|switch|p2b: hi-jinx|Scream Tail, L50|100\/100\n|-weather|RainDance|[from] ability: Drizzle|[of] p1a: Pelipper\n|-enditem|p2b: hi-jinx|Booster Energy\n|-activate|p2b: hi-jinx|ability: Protosynthesis|[fromitem]\n|-start|p2b: hi-jinx|protosynthesisspe\n|turn|1\n|inactive|Battle timer is ON: inactive players will automatically lose when time's up. (requested by As-fly-as-sly)\n|\n|t:|1682560358\n|move|p1b: Drednaw|Waterfall|p2a: blu\n|-damage|p2a: blu|0 fnt\n|faint|p2a: blu\n|-end|p2a: blu|Protosynthesis|[silent]\n|move|p2b: hi-jinx|Thunder Wave|p1b: Drednaw\n|-status|p1b: Drednaw|par\n|move|p1a: Pelipper|Tailwind|p1a: Pelipper\n|-sidestart|p1: As-fly-as-sly|move: Tailwind\n|\n|-weather|RainDance|[upkeep]\n|upkeep\n|\n|t:|1682560368\n|switch|p2a: deer of bowl|Ting-Lu, L50|100\/100\n|-ability|p2a: deer of bowl|Vessel of Ruin\n|turn|2\n|\n|t:|1682560381\n|-terastallize|p2a: deer of bowl|Grass\n|cant|p1b: Drednaw|par\n|move|p2b: hi-jinx|Thunder Wave|p1a: Pelipper\n|-status|p1a: Pelipper|par\n|cant|p1a: Pelipper|par\n|move|p2a: deer of bowl|Ruination|p1a: Pelipper\n|-damage|p1a: Pelipper|51\/100 par\n|\n|-weather|RainDance|[upkeep]\n|upkeep\n|turn|3\n|\n|t:|1682560395\n|switch|p1b: Tatsugiri|Tatsugiri-Droopy, L50, F, shiny|100\/100\n|move|p2b: hi-jinx|Howl|p2b: hi-jinx|[spread] p2a,p2b\n|-boost|p2a: deer of bowl|atk|1\n|-boost|p2b: hi-jinx|atk|1\n|move|p1a: Pelipper|Hurricane|p2a: deer of bowl\n|-supereffective|p2a: deer of bowl\n|-damage|p2a: deer of bowl|56\/100\n|-start|p2a: deer of bowl|confusion\n|-activate|p2a: deer of bowl|confusion\n|move|p2a: deer of bowl|Ruination|p1b: Tatsugiri\n|-damage|p1b: Tatsugiri|50\/100\n|\n|-weather|RainDance|[upkeep]\n|-heal|p2a: deer of bowl|62\/100|[from] item: Leftovers\n|upkeep\n|turn|4\n|inactive|jacob weedson has 30 seconds left.\n|\n|t:|1682560420\n|switch|p1b: Drednaw|Drednaw, L50, F|100\/100 par\n|move|p2b: hi-jinx|Play Rough|p1a: Pelipper\n|-damage|p1a: Pelipper|12\/100 par\n|move|p1a: Pelipper|Hurricane|p2a: deer of bowl\n|-supereffective|p2a: deer of bowl\n|-damage|p2a: deer of bowl|19\/100\n|-activate|p2a: deer of bowl|confusion\n|move|p2a: deer of bowl|Stomping Tantrum|p1b: Drednaw\n|-supereffective|p1b: Drednaw\n|-damage|p1b: Drednaw|7\/100 par\n|\n|-weather|RainDance|[upkeep]\n|-heal|p2a: deer of bowl|25\/100|[from] item: Leftovers\n|-sideend|p1: As-fly-as-sly|move: Tailwind\n|upkeep\n|turn|5\n|\n|t:|1682560438\n|-end|p2b: hi-jinx|Protosynthesis|[silent]\n|switch|p2b: giga2|Tyranitar, L50, F, shiny|100\/100\n|-weather|Sandstorm|[from] ability: Sand Stream|[of] p2b: giga2\n|-end|p2a: deer of bowl|confusion\n|move|p2a: deer of bowl|Stomping Tantrum|p1b: Drednaw\n|-supereffective|p1b: Drednaw\n|-damage|p1b: Drednaw|0 fnt\n|faint|p1b: Drednaw\n|move|p1a: Pelipper|Tailwind|p1a: Pelipper\n|-sidestart|p1: As-fly-as-sly|move: Tailwind\n|\n|-weather|Sandstorm|[upkeep]\n|-damage|p1a: Pelipper|6\/100 par|[from] Sandstorm\n|-damage|p2a: deer of bowl|19\/100|[from] Sandstorm\n|-heal|p2a: deer of bowl|25\/100|[from] item: Leftovers\n|upkeep\n|\n|t:|1682560449\n|switch|p1b: Dondozo|Dondozo, L50, F|100\/100\n|turn|6\n|\n|t:|1682560472\n|switch|p2b: hi-jinx|Scream Tail, L50|100\/100\n|switch|p1a: Tatsugiri|Tatsugiri-Droopy, L50, F, shiny|50\/100\n|-activate|p1a: Tatsugiri|ability: Commander|[of] p1b: Dondozo\n|-boost|p1b: Dondozo|atk|2\n|-boost|p1b: Dondozo|spa|2\n|-boost|p1b: Dondozo|spe|2\n|-boost|p1b: Dondozo|def|2\n|-boost|p1b: Dondozo|spd|2\n|-terastallize|p1b: Dondozo|Water\n|move|p2a: deer of bowl|Protect|p2a: deer of bowl\n|-singleturn|p2a: deer of bowl|Protect\n|move|p1b: Dondozo|Surf|p2b: hi-jinx|[spread] p2b\n|-miss|p1b: Dondozo|p1a: Tatsugiri\n|-activate|p2a: deer of bowl|move: Protect\n|-damage|p2b: hi-jinx|59\/100\n|-damage|p1b: Dondozo|91\/100|[from] item: Life Orb\n|\n|-weather|Sandstorm|[upkeep]\n|-damage|p1a: Tatsugiri|44\/100|[from] Sandstorm\n|-damage|p1b: Dondozo|85\/100|[from] Sandstorm\n|-damage|p2b: hi-jinx|53\/100|[from] Sandstorm\n|-damage|p2a: deer of bowl|19\/100|[from] Sandstorm\n|-heal|p2a: deer of bowl|25\/100|[from] item: Leftovers\n|upkeep\n|turn|7\n|\n|t:|1682560496\n|move|p1b: Dondozo|Wave Crash|p2a: deer of bowl\n|-resisted|p2a: deer of bowl\n|-damage|p2a: deer of bowl|0 fnt\n|faint|p2a: deer of bowl\n|-damage|p1b: Dondozo|75\/100|[from] Recoil\n|-damage|p1b: Dondozo|66\/100|[from] item: Life Orb\n|move|p2b: hi-jinx|Thunder Wave|p1b: Dondozo\n|-status|p1b: Dondozo|par\n|\n|-weather|Sandstorm|[upkeep]\n|-damage|p1a: Tatsugiri|38\/100|[from] Sandstorm\n|-damage|p1b: Dondozo|59\/100 par|[from] Sandstorm\n|-damage|p2b: hi-jinx|47\/100|[from] Sandstorm\n|upkeep\n|\n|t:|1682560503\n|switch|p2a: giga2|Tyranitar, L50, F, shiny|100\/100\n|turn|8\n|\n|t:|1682560511\n|move|p1b: Dondozo|Surf|p2a: giga2|[spread] p2a,p2b\n|-miss|p1b: Dondozo|p1a: Tatsugiri\n|-supereffective|p2a: giga2\n|-damage|p2a: giga2|0 fnt\n|-damage|p2b: hi-jinx|0 fnt\n|faint|p2a: giga2\n|faint|p2b: hi-jinx\n|-end|p2b: hi-jinx|Protosynthesis|[silent]\n|-damage|p1b: Dondozo|50\/100 par|[from] item: Life Orb\n|\n|win|As-fly-as-sly\n|raw|As-fly-as-sly's rating: 1289 → 1312<\/strong> (+23 for winning)\n|raw|jacob weedson's rating: 1256 → 1233<\/strong> (-23 for losing)\n|c|\u2606As-fly-as-sly|gg\n|l|\u2606jacob weedson\n","uploadtime":1682560525,"views":18,"p1id":"asflyassly","p2id":"jacobweedson","formatid":"gen9vgc2023regulationc","rating":1233,"private":0,"password":""}