{"id":"gen9vgc2023regulationc-1862891672","p1":"TGH_sr","p2":"Ecstra Ecstra","format":"[Gen 9] VGC 2023 Regulation C","log":"|j|\u2606TGH_sr\n|j|\u2606Ecstra Ecstra\n|t:|1683934572\n|gametype|doubles\n|player|p1|TGH_sr|steven|1275\n|player|p2|Ecstra Ecstra|janitor|1261\n|teamsize|p1|6\n|teamsize|p2|6\n|gen|9\n|tier|[Gen 9] VGC 2023 Regulation C\n|rated|\n|rule|Species Clause: Limit one of each Pok\u00e9mon\n|rule|Item Clause: Limit one of each item\n|clearpoke\n|poke|p1|Arcanine, L50, F|\n|poke|p1|Palafin, L50, M|\n|poke|p1|Kingambit, L50, M|\n|poke|p1|Amoonguss, L50, F|\n|poke|p1|Ting-Lu, L50|\n|poke|p1|Flutter Mane, L50|\n|poke|p2|Bronzong, L50|\n|poke|p2|Crabominable, L50, F|\n|poke|p2|Grimmsnarl, L50, M|\n|poke|p2|Amoonguss, L50, M|\n|poke|p2|Hatterene, L50, F|\n|poke|p2|Ting-Lu, L50|\n|teampreview|4\n|inactive|Battle timer is ON: inactive players will automatically lose when time's up. (requested by Ecstra Ecstra)\nTGH_sr has agreed to open team sheets.\n|inactive|TGH_sr has 60 seconds left.\n|inactive|Ecstra Ecstra has 60 seconds left.\n|inactive|Ecstra Ecstra has 30 seconds left.\n|inactive|Ecstra Ecstra has 20 seconds left.\n|inactive|Ecstra Ecstra has 15 seconds left.\n|\n|t:|1683934647\n|start\n|switch|p1a: Palafin|Palafin, L50, M|100\/100\n|switch|p1b: Amoonguss|Amoonguss, L50, F|100\/100\n|switch|p2a: Bronzong|Bronzong, L50|100\/100\n|switch|p2b: Grimmsnarl|Grimmsnarl, L50, M|100\/100\n|turn|1\n|inactive|TGH_sr has 30 seconds left.\n|inactive|Ecstra Ecstra has 30 seconds left.\n|inactive|TGH_sr has 20 seconds left.\n|inactive|Ecstra Ecstra has 20 seconds left.\n|inactive|TGH_sr has 15 seconds left.\n|inactive|Ecstra Ecstra has 15 seconds left.\n|\n|t:|1683934693\n|detailschange|p1a: Palafin|Palafin-Hero, L50, M\n|switch|p1a: Kingambit|Kingambit, L50, M|100\/100\n|move|p2b: Grimmsnarl|Reflect|p2b: Grimmsnarl\n|-sidestart|p2: Ecstra Ecstra|Reflect\n|move|p1b: Amoonguss|Spore|p2b: Grimmsnarl\n|-status|p2b: Grimmsnarl|slp|[from] move: Spore\n|move|p2a: Bronzong|Trick Room|p2a: Bronzong\n|-fieldstart|move: Trick Room|[of] p2a: Bronzong\n|\n|upkeep\n|turn|2\n|inactive|Ecstra Ecstra has 30 seconds left.\n|inactive|Ecstra Ecstra has 20 seconds left.\n|inactive|Ecstra Ecstra has 15 seconds left.\n|inactive|Ecstra Ecstra has 10 seconds left.\n|\n|t:|1683934740\n|switch|p2a: Amoonguss|Amoonguss, L50, M|100\/100\n|cant|p2b: Grimmsnarl|slp\n|move|p1b: Amoonguss|Spore|p2a: Amoonguss\n|-immune|p2a: Amoonguss\n|move|p1a: Kingambit|Swords Dance|p1a: Kingambit\n|-boost|p1a: Kingambit|atk|2\n|\n|upkeep\n|turn|3\n|inactive|TGH_sr has 30 seconds left.\n|inactive|TGH_sr has 20 seconds left.\n|inactive|TGH_sr has 15 seconds left.\n|\n|t:|1683934782\n|switch|p1b: Palafin|Palafin-Hero, L50, M|100\/100\n|-activate|p1b: Palafin|ability: Zero to Hero\n|switch|p2b: Bronzong|Bronzong, L50|100\/100\n|-terastallize|p1a: Kingambit|Dark\n|move|p2a: Amoonguss|Spore|p1a: Kingambit\n|-status|p1a: Kingambit|slp|[from] move: Spore\n|cant|p1a: Kingambit|slp\n|\n|upkeep\n|turn|4\n|\n|t:|1683934805\n|switch|p1b: Amoonguss|Amoonguss, L50, F|100\/100\n|cant|p1a: Kingambit|slp\n|move|p2b: Bronzong|Body Press|p1a: Kingambit\n|-supereffective|p1a: Kingambit\n|-damage|p1a: Kingambit|58\/100 slp\n|move|p2a: Amoonguss|Pollen Puff|p1a: Kingambit\n|-supereffective|p1a: Kingambit\n|-damage|p1a: Kingambit|23\/100 slp\n|\n|upkeep\n|turn|5\n|inactive|TGH_sr has 30 seconds left.\n|\n|t:|1683934836\n|move|p2b: Bronzong|Iron Defense|p2b: Bronzong\n|-boost|p2b: Bronzong|def|2\n|move|p1b: Amoonguss|Pollen Puff|p1a: Kingambit\n|-heal|p1a: Kingambit|73\/100 slp\n|move|p2a: Amoonguss|Pollen Puff|p1a: Kingambit\n|-supereffective|p1a: Kingambit\n|-damage|p1a: Kingambit|40\/100 slp\n|cant|p1a: Kingambit|slp\n|\n|-fieldend|move: Trick Room\n|upkeep\n|turn|6\n|inactive|TGH_sr has 30 seconds left.\n|\n|t:|1683934861\n|-curestatus|p1a: Kingambit|slp|[msg]\n|move|p1a: Kingambit|Kowtow Cleave|p2b: Bronzong\n|-supereffective|p2b: Bronzong\n|-damage|p2b: Bronzong|24\/100\n|move|p2a: Amoonguss|Pollen Puff|p1a: Kingambit\n|-supereffective|p1a: Kingambit\n|-crit|p1a: Kingambit\n|-damage|p1a: Kingambit|0 fnt\n|faint|p1a: Kingambit\n|move|p1b: Amoonguss|Pollen Puff|p1: Kingambit|[notarget]\n|-fail|p1b: Amoonguss\n|move|p2b: Bronzong|Body Press|p1b: Amoonguss\n|-resisted|p1b: Amoonguss\n|-damage|p1b: Amoonguss|75\/100\n|\n|-heal|p2b: Bronzong|30\/100|[from] item: Leftovers\n|upkeep\n|\n|t:|1683934882\n|switch|p1a: Palafin|Palafin-Hero, L50, M|100\/100\n|turn|7\n|inactive|TGH_sr has 30 seconds left.\n|\n|t:|1683934910\n|move|p1a: Palafin|Protect|p1a: Palafin\n|-singleturn|p1a: Palafin|Protect\n|move|p2a: Amoonguss|Pollen Puff|p2b: Bronzong\n|-heal|p2b: Bronzong|80\/100\n|move|p1b: Amoonguss|Spore|p2b: Bronzong\n|-status|p2b: Bronzong|slp|[from] move: Spore\n|cant|p2b: Bronzong|slp\n|\n|-heal|p2b: Bronzong|86\/100 slp|[from] item: Leftovers\n|upkeep\n|turn|8\n|\n|t:|1683934932\n|move|p1a: Palafin|Wave Crash|p2a: Amoonguss\n|-resisted|p2a: Amoonguss\n|-damage|p2a: Amoonguss|75\/100\n|-damage|p1a: Palafin|91\/100|[from] Recoil\n|move|p2a: Amoonguss|Spore|p1a: Palafin\n|-status|p1a: Palafin|slp|[from] move: Spore\n|move|p1b: Amoonguss|Pollen Puff|p1a: Palafin\n|-heal|p1a: Palafin|100\/100 slp\n|cant|p2b: Bronzong|slp\n|\n|-heal|p2b: Bronzong|91\/100 slp|[from] item: Leftovers\n|-sideend|p2: Ecstra Ecstra|Reflect\n|upkeep\n|turn|9\n|inactive|TGH_sr has 30 seconds left.\n|inactive|TGH_sr has 20 seconds left.\n|\n|t:|1683934968\n|switch|p1b: Ting-Lu|Ting-Lu, L50|100\/100\n|-ability|p1b: Ting-Lu|Vessel of Ruin\n|cant|p1a: Palafin|slp\n|move|p2a: Amoonguss|Pollen Puff|p1b: Ting-Lu\n|-supereffective|p1b: Ting-Lu\n|-damage|p1b: Ting-Lu|87\/100\n|-curestatus|p2b: Bronzong|slp|[msg]\n|move|p2b: Bronzong|Trick Room|p2b: Bronzong\n|-fieldstart|move: Trick Room|[of] p2b: Bronzong\n|\n|-heal|p2b: Bronzong|97\/100|[from] item: Leftovers\n|upkeep\n|turn|10\n|\n|t:|1683934988\n|switch|p1b: Amoonguss|Amoonguss, L50, F|100\/100\n|move|p2b: Bronzong|Iron Defense|p2b: Bronzong\n|-boost|p2b: Bronzong|def|2\n|move|p2a: Amoonguss|Spore|p1b: Amoonguss\n|-immune|p1b: Amoonguss\n|-curestatus|p1a: Palafin|slp|[msg]\n|move|p1a: Palafin|Wave Crash|p2a: Amoonguss\n|-resisted|p2a: Amoonguss\n|-damage|p2a: Amoonguss|38\/100\n|-enditem|p2a: Amoonguss|Sitrus Berry|[eat]\n|-heal|p2a: Amoonguss|63\/100|[from] item: Sitrus Berry\n|-damage|p1a: Palafin|87\/100|[from] Recoil\n|\n|-heal|p2b: Bronzong|100\/100|[from] item: Leftovers\n|upkeep\n|turn|11\n|\n|t:|1683935013\n|switch|p2a: Grimmsnarl|Grimmsnarl, L50, M|100\/100 slp\n|move|p2b: Bronzong|Body Press|p1a: Palafin\n|-damage|p1a: Palafin|16\/100\n|move|p1b: Amoonguss|Spore|p2b: Bronzong\n|-status|p2b: Bronzong|slp|[from] move: Spore\n|move|p1a: Palafin|Wave Crash|p2a: Grimmsnarl\n|-damage|p2a: Grimmsnarl|3\/100 slp\n|-damage|p1a: Palafin|0 fnt|[from] Recoil\n|faint|p1a: Palafin\n|\n|upkeep\n|\n|t:|1683935025\n|switch|p1a: Ting-Lu|Ting-Lu, L50|87\/100\n|-ability|p1a: Ting-Lu|Vessel of Ruin\n|turn|12\n|\n|t:|1683935037\n|-curestatus|p2a: Grimmsnarl|slp|[msg]\n|move|p2a: Grimmsnarl|Parting Shot|p1a: Ting-Lu\n|-hint|Since gen 7, Dark is immune to Prankster moves.\n|-immune|p1a: Ting-Lu\n|cant|p2b: Bronzong|slp\n|move|p1b: Amoonguss|Pollen Puff|p2a: Grimmsnarl\n|-damage|p2a: Grimmsnarl|0 fnt\n|faint|p2a: Grimmsnarl\n|move|p1a: Ting-Lu|Ruination|p2b: Bronzong\n|-damage|p2b: Bronzong|50\/100 slp\n|\n|-heal|p2b: Bronzong|56\/100 slp|[from] item: Leftovers\n|upkeep\n|\n|t:|1683935046\n|switch|p2a: Amoonguss|Amoonguss, L50, M|96\/100\n|turn|13\n|\n|t:|1683935069\n|-terastallize|p2b: Bronzong|Fire\n|cant|p2b: Bronzong|slp\n|move|p1b: Amoonguss|Pollen Puff|p1a: Ting-Lu\n|-heal|p1a: Ting-Lu|100\/100\n|move|p2a: Amoonguss|Pollen Puff|p2b: Bronzong\n|-heal|p2b: Bronzong|100\/100 slp\n|move|p1a: Ting-Lu|Ruination|p2a: Amoonguss\n|-damage|p2a: Amoonguss|48\/100\n|\n|-fieldend|move: Trick Room\n|upkeep\n|turn|14\n|inactive|TGH_sr has 30 seconds left.\n|\n|t:|1683935098\n|move|p1b: Amoonguss|Protect|p1b: Amoonguss\n|-singleturn|p1b: Amoonguss|Protect\n|move|p1a: Ting-Lu|Earthquake|p2a: Amoonguss|[spread] p2a\n|-activate|p1b: Amoonguss|move: Protect\n|-immune|p2b: Bronzong|[from] ability: Levitate\n|-damage|p2a: Amoonguss|17\/100\n|move|p2a: Amoonguss|Spore|p1a: Ting-Lu\n|-status|p1a: Ting-Lu|slp|[from] move: Spore\n|-curestatus|p2b: Bronzong|slp|[msg]\n|move|p2b: Bronzong|Body Press|p1a: Ting-Lu\n|-supereffective|p1a: Ting-Lu\n|-damage|p1a: Ting-Lu|2\/100 slp\n|\n|upkeep\n|turn|15\n|inactive|TGH_sr has 30 seconds left.\n|inactive|Ecstra Ecstra has 30 seconds left.\n|inactive|Ecstra Ecstra has 20 seconds left.\n|\n|t:|1683935136\n|cant|p1a: Ting-Lu|slp\n|move|p2a: Amoonguss|Pollen Puff|p1a: Ting-Lu\n|-supereffective|p1a: Ting-Lu\n|-damage|p1a: Ting-Lu|0 fnt\n|faint|p1a: Ting-Lu\n|move|p1b: Amoonguss|Spore|p2b: Bronzong\n|-status|p2b: Bronzong|slp|[from] move: Spore\n|cant|p2b: Bronzong|slp\n|\n|upkeep\n|turn|16\n|inactive|TGH_sr has 25 seconds left this turn.\n|inactive|TGH_sr has 20 seconds left.\n|inactive|TGH_sr has 15 seconds left.\n|\n|t:|1683935155\n|move|p2a: Amoonguss|Rage Powder|p2a: Amoonguss\n|-singleturn|p2a: Amoonguss|move: Rage Powder\n|move|p1b: Amoonguss|Pollen Puff|p2b: Bronzong\n|-resisted|p2b: Bronzong\n|-damage|p2b: Bronzong|93\/100 slp\n|cant|p2b: Bronzong|slp\n|\n|-heal|p2b: Bronzong|99\/100 slp|[from] item: Leftovers\n|upkeep\n|turn|17\n|inactive|TGH_sr has 15 seconds left this turn.\n|inactive|TGH_sr has 10 seconds left.\n|\n|t:|1683935164\n|switch|p2a: Ting-Lu|Ting-Lu, L50|100\/100\n|-ability|p2a: Ting-Lu|Vessel of Ruin\n|move|p1b: Amoonguss|Pollen Puff|p2b: Bronzong\n|-resisted|p2b: Bronzong\n|-damage|p2b: Bronzong|92\/100 slp\n|cant|p2b: Bronzong|slp\n|\n|-heal|p2b: Bronzong|98\/100 slp|[from] item: Leftovers\n|upkeep\n|turn|18\n|inactive|TGH_sr has 10 seconds left this turn.\n|inactive|TGH_sr has 5 seconds left.\n|-message|TGH_sr lost due to inactivity.\n|\n|win|Ecstra Ecstra\n|raw|TGH_sr's rating: 1275 → 1249<\/strong> (-26 for losing)\n|raw|Ecstra Ecstra's rating: 1261 → 1287<\/strong> (+26 for winning)\n|l|\u2606Ecstra Ecstra\n","uploadtime":1683935179,"views":10,"p1id":"tghsr","p2id":"ecstraecstra","formatid":"gen9vgc2023regulationc","rating":1249,"private":0,"password":""}