{"id":"gen9vgc2023regulationc-1850714879","p1":"Zer0x1","p2":"1GoldenBoy","format":"[Gen 9] VGC 2023 Regulation C","log":"|j|\u2606Zer0x1\n|j|\u26061GoldenBoy\n|t:|1682361430\n|gametype|doubles\n|player|p1|Zer0x1|cynthia|1250\n|player|p2|1GoldenBoy|lucas|1221\n|teamsize|p1|6\n|teamsize|p2|6\n|gen|9\n|tier|[Gen 9] VGC 2023 Regulation C\n|rated|\n|rule|Species Clause: Limit one of each Pok\u00e9mon\n|rule|Item Clause: Limit one of each item\n|clearpoke\n|poke|p1|Dachsbun, L50, F|\n|poke|p1|Chi-Yu, L50|\n|poke|p1|Flutter Mane, L50|\n|poke|p1|Dragonite, L50, M|\n|poke|p1|Chien-Pao, L50|\n|poke|p1|Gyarados, L50, M|\n|poke|p2|Murkrow, L50, M|\n|poke|p2|Great Tusk, L50|\n|poke|p2|Scream Tail, L50|\n|poke|p2|Torkoal, L50, F|\n|poke|p2|Flutter Mane, L50|\n|poke|p2|Dragapult, L50, M|\n|teampreview|4\n|\n|t:|1682361463\n|start\n|switch|p1a: Dachsbun|Dachsbun, L50, F|100\/100\n|switch|p1b: Chi-Yu|Chi-Yu, L50|100\/100\n|switch|p2a: Great Tusk|Great Tusk, L50, shiny|100\/100\n|switch|p2b: Murkrow|Murkrow, L50, M, shiny|100\/100\n|-ability|p1b: Chi-Yu|Beads of Ruin\n|turn|1\n|\n|t:|1682361494\n|switch|p1b: Gyarados|Gyarados, L50, M|100\/100\n|-ability|p1b: Gyarados|Intimidate|boost\n|-unboost|p2a: Great Tusk|atk|1\n|-unboost|p2b: Murkrow|atk|1\n|-terastallize|p2a: Great Tusk|Ground\n|move|p2b: Murkrow|Tailwind|p2b: Murkrow\n|-sidestart|p2: 1GoldenBoy|move: Tailwind\n|move|p2a: Great Tusk|Earthquake|p1b: Gyarados|[spread] p1a\n|-immune|p2b: Murkrow\n|-immune|p1b: Gyarados\n|-damage|p1a: Dachsbun|65\/100\n|move|p1a: Dachsbun|Yawn|p2a: Great Tusk\n|-start|p2a: Great Tusk|move: Yawn|[of] p1a: Dachsbun\n|\n|-heal|p1a: Dachsbun|71\/100|[from] item: Leftovers\n|upkeep\n|turn|2\n|\n|t:|1682361531\n|-end|p2a: Great Tusk|Protosynthesis|[silent]\n|switch|p2a: Flutter Mane|Flutter Mane, L50, shiny|100\/100\n|move|p1b: Gyarados|Protect|p1b: Gyarados\n|-singleturn|p1b: Gyarados|Protect\n|move|p2b: Murkrow|Sunny Day|p2b: Murkrow\n|-weather|SunnyDay\n|-activate|p2a: Flutter Mane|ability: Protosynthesis\n|-start|p2a: Flutter Mane|protosynthesisspa\n|move|p1a: Dachsbun|Yawn|p2b: Murkrow\n|-start|p2b: Murkrow|move: Yawn|[of] p1a: Dachsbun\n|\n|-weather|SunnyDay|[upkeep]\n|-heal|p1a: Dachsbun|77\/100|[from] item: Leftovers\n|upkeep\n|turn|3\n|\n|t:|1682361553\n|move|p2a: Flutter Mane|Energy Ball|p1b: Gyarados\n|-damage|p1b: Gyarados|49\/100\n|move|p2b: Murkrow|U-turn|p1a: Dachsbun\n|-resisted|p1a: Dachsbun\n|-damage|p1a: Dachsbun|73\/100\n|\n|t:|1682361581\n|switch|p2b: Dragapult|Dragapult, L50, M, shiny|100\/100|[from] U-turn\n|move|p1a: Dachsbun|Yawn|p2a: Flutter Mane\n|-start|p2a: Flutter Mane|move: Yawn|[of] p1a: Dachsbun\n|move|p1b: Gyarados|Thunder Wave|p2a: Flutter Mane|[miss]\n|-miss|p1b: Gyarados|p2a: Flutter Mane\n|\n|-weather|SunnyDay|[upkeep]\n|-heal|p1a: Dachsbun|79\/100|[from] item: Leftovers\n|upkeep\n|turn|4\n|\n|t:|1682361653\n|-end|p2a: Flutter Mane|Protosynthesis|[silent]\n|switch|p2a: Murkrow|Murkrow, L50, M, shiny|100\/100\n|move|p2b: Dragapult|Phantom Force||[still]\n|-prepare|p2b: Dragapult|Phantom Force\n|move|p1a: Dachsbun|Wish|p1a: Dachsbun\n|move|p1b: Gyarados|Thunder Wave|p2b: Dragapult|[miss]\n|-miss|p1b: Gyarados|p2b: Dragapult\n|\n|-weather|SunnyDay|[upkeep]\n|-heal|p1a: Dachsbun|85\/100|[from] item: Leftovers\n|-sideend|p2: 1GoldenBoy|move: Tailwind\n|upkeep\n|turn|5\n|\n|t:|1682361678\n|switch|p1a: Flutter Mane|Flutter Mane, L50|100\/100\n|-activate|p1a: Flutter Mane|ability: Protosynthesis\n|-start|p1a: Flutter Mane|protosynthesisspe\n|switch|p1b: Chi-Yu|Chi-Yu, L50|100\/100\n|-ability|p1b: Chi-Yu|Beads of Ruin\n|move|p2a: Murkrow|Taunt|p1a: Flutter Mane\n|-start|p1a: Flutter Mane|move: Taunt\n|move|p2b: Dragapult|Phantom Force|p1a: Flutter Mane|[from]lockedmove\n|-supereffective|p1a: Flutter Mane\n|-damage|p1a: Flutter Mane|0 fnt\n|faint|p1a: Flutter Mane\n|-end|p1a: Flutter Mane|Protosynthesis|[silent]\n|-damage|p2b: Dragapult|91\/100|[from] item: Life Orb\n|\n|-weather|SunnyDay|[upkeep]\n|upkeep\n|\n|t:|1682361696\n|switch|p1a: Gyarados|Gyarados, L50, M|49\/100\n|-ability|p1a: Gyarados|Intimidate|boost\n|-unboost|p2a: Murkrow|atk|1\n|-fail|p2b: Dragapult|unboost|[from] ability: Clear Body|[of] p2b: Dragapult\n|turn|6\n|\n|t:|1682361756\n|switch|p2b: Great Tusk|Great Tusk, L50, shiny, tera:Ground|100\/100\n|-activate|p2b: Great Tusk|ability: Protosynthesis\n|-start|p2b: Great Tusk|protosynthesisatk\n|switch|p1a: Dachsbun|Dachsbun, L50, F|85\/100\n|move|p1b: Chi-Yu|Lava Plume|p2b: Great Tusk|[spread] p2a,p2b\n|-ability|p1a: Dachsbun|Well-Baked Body|boost\n|-boost|p1a: Dachsbun|def|2\n|-enditem|p2a: Murkrow|Focus Sash\n|-damage|p2a: Murkrow|1\/100\n|-damage|p2b: Great Tusk|0 fnt\n|-status|p2a: Murkrow|brn\n|faint|p2b: Great Tusk\n|-end|p2b: Great Tusk|Protosynthesis|[silent]\n|move|p2a: Murkrow|U-turn|p1b: Chi-Yu\n|-damage|p1b: Chi-Yu|92\/100\n|\n|t:|1682361791\n|switch|p2a: Flutter Mane|Flutter Mane, L50, shiny|100\/100|[from] U-turn\n|-activate|p2a: Flutter Mane|ability: Protosynthesis\n|-start|p2a: Flutter Mane|protosynthesisspa\n|\n|-weather|none\n|-end|p2a: Flutter Mane|Protosynthesis\n|-heal|p1a: Dachsbun|91\/100|[from] item: Leftovers\n|upkeep\n|\n|t:|1682361809\n|switch|p2b: Murkrow|Murkrow, L50, M, shiny|1\/100 brn\n|turn|7\n|\n|t:|1682361817\n|move|p2b: Murkrow|Taunt|p1a: Dachsbun\n|-start|p1a: Dachsbun|move: Taunt\n|move|p1b: Chi-Yu|Lava Plume|p2b: Murkrow|[spread] p2a,p2b\n|-ability|p1a: Dachsbun|Well-Baked Body|boost\n|-boost|p1a: Dachsbun|def|2\n|-damage|p2a: Flutter Mane|54\/100\n|-damage|p2b: Murkrow|0 fnt\n|faint|p2b: Murkrow\n|move|p2a: Flutter Mane|Dazzling Gleam|p1a: Dachsbun|[spread] p1a,p1b\n|-damage|p1a: Dachsbun|40\/100\n|-damage|p1b: Chi-Yu|41\/100\n|cant|p1a: Dachsbun|move: Taunt|Yawn\n|\n|-heal|p1a: Dachsbun|46\/100|[from] item: Leftovers\n|upkeep\n|\n|t:|1682361831\n|switch|p2b: Dragapult|Dragapult, L50, M, shiny|91\/100\n|turn|8\n|\n|t:|1682361855\n|switch|p1b: Gyarados|Gyarados, L50, M|49\/100\n|-ability|p1b: Gyarados|Intimidate|boost\n|-unboost|p2a: Flutter Mane|atk|1\n|-fail|p2b: Dragapult|unboost|[from] ability: Clear Body|[of] p2b: Dragapult\n|move|p2b: Dragapult|Dragon Darts|p1b: Gyarados\n|-crit|p1b: Gyarados\n|-damage|p1b: Gyarados|0 fnt\n|faint|p1b: Gyarados\n|-damage|p2b: Dragapult|82\/100|[from] item: Life Orb\n|move|p2a: Flutter Mane|Dazzling Gleam|p1a: Dachsbun\n|-damage|p1a: Dachsbun|0 fnt\n|faint|p1a: Dachsbun\n|\n|upkeep\n|\n|t:|1682361866\n|switch|p1b: Chi-Yu|Chi-Yu, L50|41\/100\n|-ability|p1b: Chi-Yu|Beads of Ruin\n|turn|9\n|\n|t:|1682361881\n|move|p1b: Chi-Yu|Snarl|p2b: Dragapult|[spread] p2a,p2b\n|-supereffective|p2b: Dragapult\n|-damage|p2a: Flutter Mane|21\/100\n|-damage|p2b: Dragapult|0 fnt\n|-unboost|p2a: Flutter Mane|spa|1\n|faint|p2b: Dragapult\n|move|p2a: Flutter Mane|Dazzling Gleam|p1b: Chi-Yu\n|-damage|p1b: Chi-Yu|0 fnt\n|faint|p1b: Chi-Yu\n|\n|win|1GoldenBoy\n|raw|Zer0x1's rating: 1250 → 1223<\/strong> (-27 for losing)\n|raw|1GoldenBoy's rating: 1221 → 1248<\/strong> (+27 for winning)\n","uploadtime":1682361889,"views":14,"p1id":"zer0x1","p2id":"1goldenboy","formatid":"gen9vgc2023regulationc","rating":1223,"private":0,"password":""}