{"id":"gen9vgc2023regulationc-1844878003","p1":"StrawHatRonin","p2":"Acornish","format":"[Gen 9] VGC 2023 Regulation C","log":"|j|\u2606StrawHatRonin\n|j|\u2606Acornish\n|t:|1681659531\n|gametype|doubles\n|player|p1|StrawHatRonin|morty|1153\n|player|p2|Acornish|red|1148\n|teamsize|p1|6\n|teamsize|p2|6\n|gen|9\n|tier|[Gen 9] VGC 2023 Regulation C\n|rated|\n|rule|Species Clause: Limit one of each Pok\u00e9mon\n|rule|Item Clause: Limit one of each item\n|clearpoke\n|poke|p1|Annihilape, L50, M|\n|poke|p1|Amoonguss, L50, F|\n|poke|p1|Arcanine, L50, F|\n|poke|p1|Maushold, L50|\n|poke|p1|Pelipper, L50, F|\n|poke|p1|Drednaw, L50, M|\n|poke|p2|Chi-Yu, L50|\n|poke|p2|Iron Bundle, L50|\n|poke|p2|Flutter Mane, L50|\n|poke|p2|Tauros-Paldea-Aqua, L50, M|\n|poke|p2|Iron Hands, L50|\n|poke|p2|Amoonguss, L50, F|\n|teampreview|4\n|inactive|Battle timer is ON: inactive players will automatically lose when time's up. (requested by StrawHatRonin)\n|\n|t:|1681659556\n|start\n|switch|p1a: Annihilape|Annihilape, L50, M|100\/100\n|switch|p1b: Maushold|Maushold, L50|100\/100\n|switch|p2a: Chi-Yu|Chi-Yu, L50|100\/100\n|switch|p2b: Iron Bundle|Iron Bundle, L50|100\/100\n|-ability|p2a: Chi-Yu|Beads of Ruin\n|-enditem|p2b: Iron Bundle|Booster Energy\n|-activate|p2b: Iron Bundle|ability: Quark Drive|[fromitem]\n|-start|p2b: Iron Bundle|quarkdrivespe\n|turn|1\n|\n|t:|1681659581\n|switch|p2a: Tauros|Tauros-Paldea-Aqua, L50, M|100\/100\n|-ability|p2a: Tauros|Intimidate|boost\n|-unboost|p1a: Annihilape|atk|1\n|-ability|p1a: Annihilape|Defiant|boost\n|-boost|p1a: Annihilape|atk|2\n|-enditem|p2a: Tauros|Mirror Herb\n|-boost|p2a: Tauros|atk|2|[from] item: Mirror Herb\n|-unboost|p1b: Maushold|atk|1\n|move|p1a: Annihilape|Protect|p1a: Annihilape\n|-singleturn|p1a: Annihilape|Protect\n|move|p2b: Iron Bundle|Hydro Pump|p1a: Annihilape\n|-activate|p1a: Annihilape|move: Protect\n|move|p1b: Maushold|Super Fang|p2b: Iron Bundle|[miss]\n|-miss|p1b: Maushold|p2b: Iron Bundle\n|\n|upkeep\n|turn|2\n|inactive|StrawHatRonin has 30 seconds left.\n|inactive|Acornish has 30 seconds left.\n|\n|t:|1681659610\n|-terastallize|p2a: Tauros|Water\n|move|p1b: Maushold|Protect|p1b: Maushold\n|-singleturn|p1b: Maushold|Protect\n|move|p2a: Tauros|Aqua Jet|p1a: Annihilape\n|-damage|p1a: Annihilape|67\/100\n|move|p2b: Iron Bundle|Encore|p1a: Annihilape\n|-start|p1a: Annihilape|Encore\n|move|p1a: Annihilape|Protect||[still]\n|-fail|p1a: Annihilape\n|\n|-heal|p1a: Annihilape|73\/100|[from] item: Leftovers\n|upkeep\n|turn|3\n|inactive|StrawHatRonin has 30 seconds left.\n|\n|t:|1681659637\n|move|p1a: Annihilape|Protect|p1a: Annihilape\n|-singleturn|p1a: Annihilape|Protect\n|move|p2b: Iron Bundle|Hydro Pump|p1b: Maushold\n|-damage|p1b: Maushold|56\/100\n|move|p2a: Tauros|Wave Crash|p1a: Annihilape\n|-activate|p1a: Annihilape|move: Protect\n|move|p1b: Maushold|Super Fang|p2b: Iron Bundle\n|-damage|p2b: Iron Bundle|51\/100\n|\n|-heal|p1a: Annihilape|79\/100|[from] item: Leftovers\n|upkeep\n|turn|4\n|\n|t:|1681659658\n|switch|p1a: Pelipper|Pelipper, L50, F|100\/100\n|-weather|RainDance|[from] ability: Drizzle|[of] p1a: Pelipper\n|move|p2b: Iron Bundle|Hydro Pump|p1b: Maushold\n|-damage|p1b: Maushold|0 fnt\n|faint|p1b: Maushold\n|move|p2a: Tauros|Wave Crash|p1a: Pelipper\n|-resisted|p1a: Pelipper\n|-enditem|p1a: Pelipper|Focus Sash\n|-damage|p1a: Pelipper|1\/100\n|-damage|p2a: Tauros|70\/100|[from] Recoil\n|\n|-weather|RainDance|[upkeep]\n|upkeep\n|\n|t:|1681659673\n|switch|p1b: Drednaw|Drednaw, L50, M|100\/100\n|turn|5\n|\n|t:|1681659686\n|-terastallize|p1b: Drednaw|Grass\n|move|p1a: Pelipper|Protect|p1a: Pelipper\n|-singleturn|p1a: Pelipper|Protect\n|move|p2b: Iron Bundle|Icy Wind|p1a: Pelipper|[spread] \n|-activate|p1a: Pelipper|move: Protect\n|-miss|p2b: Iron Bundle|p1b: Drednaw\n|move|p1b: Drednaw|Rock Slide|p2b: Iron Bundle|[spread] p2a\n|-miss|p1b: Drednaw|p2b: Iron Bundle\n|-damage|p2a: Tauros|36\/100\n|move|p2a: Tauros|Close Combat|p1b: Drednaw\n|-damage|p1b: Drednaw|0 fnt\n|-unboost|p2a: Tauros|def|1\n|-unboost|p2a: Tauros|spd|1\n|faint|p1b: Drednaw\n|\n|-weather|RainDance|[upkeep]\n|upkeep\n|\n|t:|1681659706\n|switch|p1b: Annihilape|Annihilape, L50, M|79\/100\n|turn|6\n|\n|t:|1681659719\n|move|p2b: Iron Bundle|Hydro Pump|p1b: Annihilape|[miss]\n|-miss|p2b: Iron Bundle|p1b: Annihilape\n|move|p2a: Tauros|Wave Crash|p1b: Annihilape\n|-damage|p1b: Annihilape|0 fnt\n|faint|p1b: Annihilape\n|-damage|p2a: Tauros|0 fnt|[from] Recoil\n|faint|p2a: Tauros\n|move|p1a: Pelipper|Tailwind|p1a: Pelipper\n|-sidestart|p1: StrawHatRonin|move: Tailwind\n|\n|-weather|RainDance|[upkeep]\n|upkeep\n|\n|t:|1681659730\n|switch|p2a: Flutter Mane|Flutter Mane, L50|100\/100\n|turn|7\n|\n|t:|1681659738\n|move|p2b: Iron Bundle|Freeze-Dry|p1a: Pelipper\n|-supereffective|p1a: Pelipper\n|-damage|p1a: Pelipper|0 fnt\n|faint|p1a: Pelipper\n|\n|win|Acornish\n|raw|StrawHatRonin's rating: 1153 → 1128<\/strong> (-25 for losing)\n|raw|Acornish's rating: 1148 → 1173<\/strong> (+25 for winning)\n|l|\u2606Acornish\n","uploadtime":1681659750,"views":12,"p1id":"strawhatronin","p2id":"acornish","formatid":"gen9vgc2023regulationc","rating":1128,"private":0,"password":""}