{"id":"gen9vgc2023regulationc-1863505202","p1":"mathtass","p2":"megaswampert52","format":"[Gen 9] VGC 2023 Regulation C","log":"|j|\u2606mathtass\n|j|\u2606megaswampert52\n|t:|1684026567\n|gametype|doubles\n|player|p1|mathtass|1|1378\n|player|p2|megaswampert52|raihan-masters|1297\n|teamsize|p1|6\n|teamsize|p2|6\n|gen|9\n|tier|[Gen 9] VGC 2023 Regulation C\n|rated|\n|rule|Species Clause: Limit one of each Pok\u00e9mon\n|rule|Item Clause: Limit one of each item\n|clearpoke\n|poke|p1|Amoonguss, L50, F|\n|poke|p1|Chi-Yu, L50|\n|poke|p1|Arcanine, L50, F|\n|poke|p1|Dragonite, L50, M|\n|poke|p1|Flutter Mane, L50|\n|poke|p1|Iron Hands, L50|\n|poke|p2|Chien-Pao, L50|\n|poke|p2|Dragapult, L50, F|\n|poke|p2|Amoonguss, L50, F|\n|poke|p2|Arcanine, L50, M|\n|poke|p2|Flutter Mane, L50|\n|poke|p2|Iron Hands, L50|\n|teampreview|4\nmathtass has agreed to open team sheets.\n|inactive|Battle timer is ON: inactive players will automatically lose when time's up. (requested by megaswampert52)\n|\n|t:|1684026598\n|start\n|switch|p1a: Simba|Arcanine, L50, F, shiny|100\/100\n|switch|p1b: Iron Man|Iron Hands, L50, shiny|100\/100\n|switch|p2a: Sus|Amoonguss, L50, F|100\/100\n|switch|p2b: Bingo|Arcanine, L50, M|100\/100\n|-ability|p2b: Bingo|Intimidate|boost\n|-unboost|p1a: Simba|atk|1\n|-unboost|p1b: Iron Man|atk|1\n|-ability|p1a: Simba|Intimidate|boost\n|-unboost|p2a: Sus|atk|1\n|-unboost|p2b: Bingo|atk|1\n|turn|1\n|\n|t:|1684026611\n|move|p2a: Sus|Protect|p2a: Sus\n|-singleturn|p2a: Sus|Protect\n|move|p1b: Iron Man|Fake Out|p2b: Bingo\n|-damage|p2b: Bingo|90\/100\n|cant|p2b: Bingo|flinch\n|move|p1a: Simba|Howl|p1a: Simba|[spread] p1a,p1b\n|-boost|p1a: Simba|atk|1\n|-boost|p1b: Iron Man|atk|1\n|\n|upkeep\n|turn|2\n|\n|t:|1684026629\n|switch|p2b: Aerosmith|Dragapult, L50, F|100\/100\n|-terastallize|p1b: Iron Man|Fire\n|move|p1a: Simba|Howl|p1a: Simba|[spread] p1a,p1b\n|-boost|p1a: Simba|atk|1\n|-boost|p1b: Iron Man|atk|1\n|move|p1b: Iron Man|Wild Charge|p2b: Aerosmith\n|-resisted|p2b: Aerosmith\n|-damage|p2b: Aerosmith|52\/100\n|-damage|p1b: Iron Man|92\/100|[from] Recoil\n|move|p2a: Sus|Spore|p1b: Iron Man\n|-activate|p1b: Iron Man|item: Safety Goggles|Spore\n|\n|upkeep\n|turn|3\n|\n|t:|1684026646\n|switch|p2b: Bingo|Arcanine, L50, M|90\/100\n|-ability|p2b: Bingo|Intimidate|boost\n|-unboost|p1a: Simba|atk|1\n|-unboost|p1b: Iron Man|atk|1\n|move|p1a: Simba|Flare Blitz|p2a: Sus\n|-supereffective|p2a: Sus\n|-damage|p2a: Sus|19\/100\n|-enditem|p2a: Sus|Sitrus Berry|[eat]\n|-heal|p2a: Sus|44\/100|[from] item: Sitrus Berry\n|-damage|p1a: Simba|71\/100|[from] Recoil\n|move|p1b: Iron Man|Wild Charge|p2b: Bingo\n|-damage|p2b: Bingo|33\/100\n|-damage|p1b: Iron Man|80\/100|[from] Recoil\n|move|p2a: Sus|Spore|p1a: Simba\n|-status|p1a: Simba|slp|[from] move: Spore\n|\n|upkeep\n|turn|4\n|inactive|megaswampert52 has 30 seconds left.\n|\n|t:|1684026679\n|switch|p2a: Aerosmith|Dragapult, L50, F|52\/100\n|move|p2b: Bingo|Extreme Speed|p1a: Simba\n|-damage|p1a: Simba|50\/100 slp\n|-enditem|p1a: Simba|Sitrus Berry|[eat]\n|-heal|p1a: Simba|75\/100 slp|[from] item: Sitrus Berry\n|cant|p1a: Simba|slp\n|move|p1b: Iron Man|Wild Charge|p2b: Bingo\n|-damage|p2b: Bingo|0 fnt\n|faint|p2b: Bingo\n|-damage|p1b: Iron Man|74\/100|[from] Recoil\n|\n|upkeep\n|\n|t:|1684026697\n|switch|p2b: Diego|Chien-Pao, L50|100\/100\n|-ability|p2b: Diego|Sword of Ruin\n|turn|5\n|\n|t:|1684026706\n|move|p2b: Diego|Protect|p2b: Diego\n|-singleturn|p2b: Diego|Protect\n|-curestatus|p1a: Simba|slp|[msg]\n|move|p1a: Simba|Protect|p1a: Simba\n|-singleturn|p1a: Simba|Protect\n|move|p1b: Iron Man|Protect|p1b: Iron Man\n|-singleturn|p1b: Iron Man|Protect\n|move|p2a: Aerosmith|Dragon Darts|p1a: Simba\n|-activate|p1b: Iron Man|move: Protect\n|\n|upkeep\n|turn|6\n|inactive|megaswampert52 has 30 seconds left.\n|\n|t:|1684026734\n|move|p2b: Diego|Sucker Punch|p1a: Simba\n|-damage|p1a: Simba|27\/100\n|move|p2a: Aerosmith|Dragon Darts|p1a: Simba\n|-damage|p1a: Simba|0 fnt\n|-anim|p2a: Aerosmith|Dragon Darts|p1b: Iron Man\n|-damage|p1b: Iron Man|41\/100\n|faint|p1a: Simba\n|move|p1b: Iron Man|Wild Charge|p2a: Aerosmith\n|-resisted|p2a: Aerosmith\n|-damage|p2a: Aerosmith|10\/100\n|-damage|p1b: Iron Man|34\/100|[from] Recoil\n|\n|upkeep\n|\n|t:|1684026741\n|switch|p1a: Lady Mane|Flutter Mane, L50, shiny|100\/100\n|turn|7\n|\n|t:|1684026762\n|switch|p2a: Sus|Amoonguss, L50, F|77\/100\n|move|p1b: Iron Man|Protect|p1b: Iron Man\n|-singleturn|p1b: Iron Man|Protect\n|move|p1a: Lady Mane|Dazzling Gleam|p2a: Sus|[spread] p2a,p2b\n|-resisted|p2a: Sus\n|-supereffective|p2b: Diego\n|-damage|p2a: Sus|63\/100\n|-damage|p2b: Diego|3\/100\n|move|p2b: Diego|Ice Spinner|p1a: Lady Mane\n|-enditem|p1a: Lady Mane|Focus Sash\n|-damage|p1a: Lady Mane|1\/100\n|\n|upkeep\n|turn|8\n|inactive|megaswampert52 has 30 seconds left.\n|\n|t:|1684026788\n|move|p1a: Lady Mane|Protect|p1a: Lady Mane\n|-singleturn|p1a: Lady Mane|Protect\n|move|p2a: Sus|Protect|p2a: Sus\n|-singleturn|p2a: Sus|Protect\n|move|p2b: Diego|Sucker Punch||[still]\n|-fail|p2b: Diego\n|move|p1b: Iron Man|Wild Charge|p2b: Diego\n|-damage|p2b: Diego|0 fnt\n|faint|p2b: Diego\n|-damage|p1b: Iron Man|33\/100|[from] Recoil\n|\n|upkeep\n|\n|t:|1684026793\n|switch|p2b: Aerosmith|Dragapult, L50, F|10\/100\n|turn|9\n|\n|t:|1684026813\n|-terastallize|p2b: Aerosmith|Steel\n|move|p2b: Aerosmith|Dragon Darts|p1b: Iron Man\n|-damage|p1b: Iron Man|7\/100\n|-anim|p2b: Aerosmith|Dragon Darts|p1b: Iron Man\n|-damage|p1b: Iron Man|0 fnt\n|faint|p1b: Iron Man\n|-end|p1b: Iron Man|Quark Drive|[silent]\n|move|p1a: Lady Mane|Shadow Ball|p2a: Sus\n|-damage|p2a: Sus|27\/100\n|move|p2a: Sus|Pollen Puff|p1a: Lady Mane\n|-resisted|p1a: Lady Mane\n|-damage|p1a: Lady Mane|0 fnt\n|faint|p1a: Lady Mane\n|-end|p1a: Lady Mane|Protosynthesis|[silent]\n|\n|upkeep\n|\n|t:|1684026819\n|switch|p1b: Titan|Dragonite, L50, M, shiny|100\/100\n|turn|10\n|\n|t:|1684026833\n|move|p1b: Titan|Extreme Speed|p2b: Aerosmith\n|-resisted|p2b: Aerosmith\n|-damage|p2b: Aerosmith|0 fnt\n|faint|p2b: Aerosmith\n|move|p2a: Sus|Pollen Puff|p2: Aerosmith|[notarget]\n|-fail|p2a: Sus\n|\n|upkeep\n|turn|11\n|-message|megaswampert52 forfeited.\n|\n|win|mathtass\n|raw|mathtass's rating: 1378 → 1393<\/strong> (+15 for winning)\n|raw|megaswampert52's rating: 1297 → 1278<\/strong> (-19 for losing)\n|l|\u2606megaswampert52\n","uploadtime":1684026845,"views":11,"p1id":"mathtass","p2id":"megaswampert52","formatid":"gen9vgc2023regulationc","rating":1278,"private":0,"password":""}