{"id":"gen9vgc2023regulationc-1848854729","p1":"Jerry opatech","p2":"Kiriziaro","format":"[Gen 9] VGC 2023 Regulation C","log":"|j|\u2606Jerry opatech\n|j|\u2606Kiriziaro\n|t:|1682117900\n|gametype|doubles\n|player|p1|Jerry opatech|linebacker|1091\n|player|p2|Kiriziaro|lance|1082\n|teamsize|p1|6\n|teamsize|p2|6\n|gen|9\n|tier|[Gen 9] VGC 2023 Regulation C\n|rated|\n|rule|Species Clause: Limit one of each Pok\u00e9mon\n|rule|Item Clause: Limit one of each item\n|clearpoke\n|poke|p1|Eiscue, L50, F|\n|poke|p1|Abomasnow, L50, M|\n|poke|p1|Flutter Mane, L50|\n|poke|p1|Volcarona, L50, F|\n|poke|p1|Farigiraf, L50, M|\n|poke|p1|Scizor, L50, M|\n|poke|p2|Dondozo, L50, M|\n|poke|p2|Tatsugiri-Stretchy, L50, F|\n|poke|p2|Chi-Yu, L50|\n|poke|p2|Flutter Mane, L50|\n|poke|p2|Dragonite, L50, F|\n|poke|p2|Glimmora, L50, F|\n|teampreview|4\n|\n|t:|1682117952\n|start\n|switch|p1a: Flutter Mane|Flutter Mane, L50|100\/100\n|switch|p1b: Scizor|Scizor, L50, M|100\/100\n|switch|p2a: Glimmora|Glimmora, L50, F|100\/100\n|switch|p2b: Dondozo|Dondozo, L50, M|100\/100\n|-enditem|p1a: Flutter Mane|Booster Energy\n|-activate|p1a: Flutter Mane|ability: Protosynthesis|[fromitem]\n|-start|p1a: Flutter Mane|protosynthesisspe\n|turn|1\n|\n|t:|1682117970\n|move|p1a: Flutter Mane|Shadow Ball|p2b: Dondozo\n|-damage|p2b: Dondozo|74\/100\n|move|p2a: Glimmora|Earth Power|p1b: Scizor\n|-damage|p1b: Scizor|63\/100\n|move|p1b: Scizor|X-Scissor|p2b: Dondozo\n|-damage|p2b: Dondozo|36\/100\n|-enditem|p2b: Dondozo|Sitrus Berry|[eat]\n|-heal|p2b: Dondozo|61\/100|[from] item: Sitrus Berry\n|-damage|p1b: Scizor|54\/100|[from] item: Life Orb\n|move|p2b: Dondozo|Yawn|p1a: Flutter Mane\n|-start|p1a: Flutter Mane|move: Yawn|[of] p2b: Dondozo\n|\n|upkeep\n|turn|2\n|\n|t:|1682117997\n|-end|p1a: Flutter Mane|Protosynthesis|[silent]\n|switch|p1a: Abomasnow|Abomasnow, L50, M, shiny|100\/100\n|-weather|Snow|[from] ability: Snow Warning|[of] p1a: Abomasnow\n|move|p2a: Glimmora|Toxic|p1a: Abomasnow\n|-status|p1a: Abomasnow|tox\n|move|p1b: Scizor|X-Scissor|p2b: Dondozo\n|-damage|p2b: Dondozo|20\/100\n|-damage|p1b: Scizor|44\/100|[from] item: Life Orb\n|move|p2b: Dondozo|Wave Crash|p1b: Scizor\n|-damage|p1b: Scizor|0 fnt\n|faint|p1b: Scizor\n|-damage|p2b: Dondozo|11\/100|[from] Recoil\n|\n|-weather|Snow|[upkeep]\n|-damage|p1a: Abomasnow|95\/100 tox|[from] psn\n|upkeep\n|\n|t:|1682118019\n|switch|p1b: Flutter Mane|Flutter Mane, L50|100\/100\n|turn|3\n|\n|t:|1682118027\n|move|p2b: Dondozo|Protect|p2b: Dondozo\n|-singleturn|p2b: Dondozo|Protect\n|move|p1b: Flutter Mane|Dazzling Gleam|p2a: Glimmora|[spread] p2a\n|-activate|p2b: Dondozo|move: Protect\n|-resisted|p2a: Glimmora\n|-damage|p2a: Glimmora|78\/100\n|move|p2a: Glimmora|Toxic|p1b: Flutter Mane\n|-status|p1b: Flutter Mane|tox\n|move|p1a: Abomasnow|Aurora Veil|p1a: Abomasnow\n|-sidestart|p1: Jerry opatech|move: Aurora Veil\n|\n|-weather|Snow|[upkeep]\n|-damage|p1b: Flutter Mane|94\/100 tox|[from] psn\n|-damage|p1a: Abomasnow|83\/100 tox|[from] psn\n|upkeep\n|turn|4\n|\n|t:|1682118044\n|move|p2a: Glimmora|Spiky Shield|p2a: Glimmora\n|-singleturn|p2a: Glimmora|move: Protect\n|move|p1b: Flutter Mane|Dazzling Gleam|p2a: Glimmora|[spread] p2b\n|-activate|p2a: Glimmora|move: Protect\n|-damage|p2b: Dondozo|0 fnt\n|faint|p2b: Dondozo\n|move|p1a: Abomasnow|Blizzard|p2a: Glimmora\n|-activate|p2a: Glimmora|move: Protect\n|\n|-weather|Snow|[upkeep]\n|-damage|p1b: Flutter Mane|82\/100 tox|[from] psn\n|-damage|p1a: Abomasnow|65\/100 tox|[from] psn\n|upkeep\n|\n|t:|1682118058\n|switch|p2b: Flutter Mane|Flutter Mane, L50|100\/100\n|-enditem|p2b: Flutter Mane|Booster Energy\n|-activate|p2b: Flutter Mane|ability: Protosynthesis|[fromitem]\n|-start|p2b: Flutter Mane|protosynthesisspe\n|turn|5\n|\n|t:|1682118071\n|-terastallize|p1b: Flutter Mane|Fairy\n|move|p2b: Flutter Mane|Protect|p2b: Flutter Mane\n|-singleturn|p2b: Flutter Mane|Protect\n|move|p1b: Flutter Mane|Shadow Ball|p2b: Flutter Mane\n|-activate|p2b: Flutter Mane|move: Protect\n|move|p2a: Glimmora|Power Gem|p1b: Flutter Mane\n|-damage|p1b: Flutter Mane|51\/100 tox\n|move|p1a: Abomasnow|Blizzard|p2a: Glimmora|[spread] p2a\n|-activate|p2b: Flutter Mane|move: Protect\n|-damage|p2a: Glimmora|32\/100\n|-status|p2a: Glimmora|frz\n|\n|-weather|Snow|[upkeep]\n|-damage|p1b: Flutter Mane|33\/100 tox|[from] psn\n|-damage|p1a: Abomasnow|42\/100 tox|[from] psn\n|upkeep\n|turn|6\n|\n|t:|1682118097\n|-terastallize|p2b: Flutter Mane|Steel\n|move|p2b: Flutter Mane|Moonblast|p1a: Abomasnow\n|-damage|p1a: Abomasnow|6\/100 tox\n|move|p1b: Flutter Mane|Shadow Ball|p2b: Flutter Mane\n|-damage|p2b: Flutter Mane|59\/100\n|-unboost|p2b: Flutter Mane|spd|1\n|cant|p2a: Glimmora|frz\n|move|p1a: Abomasnow|Blizzard|p2b: Flutter Mane|[spread] p2a,p2b\n|-resisted|p2b: Flutter Mane\n|-damage|p2a: Glimmora|0 fnt\n|-damage|p2b: Flutter Mane|34\/100\n|faint|p2a: Glimmora\n|\n|-weather|none\n|-damage|p1b: Flutter Mane|8\/100 tox|[from] psn\n|-damage|p1a: Abomasnow|0 fnt|[from] psn\n|faint|p1a: Abomasnow\n|upkeep\n|\n|t:|1682118116\n|switch|p2a: Chi-Yu|Chi-Yu, L50|100\/100\n|switch|p1a: Eiscue|Eiscue, L50, F, shiny|100\/100\n|-ability|p2a: Chi-Yu|Beads of Ruin\n|turn|7\n|\n|t:|1682118130\n|move|p2b: Flutter Mane|Protect|p2b: Flutter Mane\n|-singleturn|p2b: Flutter Mane|Protect\n|move|p2a: Chi-Yu|Protect|p2a: Chi-Yu\n|-singleturn|p2a: Chi-Yu|Protect\n|move|p1b: Flutter Mane|Shadow Ball|p2b: Flutter Mane\n|-activate|p2b: Flutter Mane|move: Protect\n|move|p1a: Eiscue|Liquidation|p2a: Chi-Yu\n|-activate|p2a: Chi-Yu|move: Protect\n|\n|-damage|p1b: Flutter Mane|0 fnt|[from] psn\n|faint|p1b: Flutter Mane\n|-end|p1b: Flutter Mane|Protosynthesis|[silent]\n|-sideend|p1: Jerry opatech|move: Aurora Veil\n|upkeep\n|turn|8\n|-message|Jerry opatech forfeited.\n|\n|win|Kiriziaro\n|raw|Jerry opatech's rating: 1091 → 1067<\/strong> (-24 for losing)\n|raw|Kiriziaro's rating: 1082 → 1110<\/strong> (+28 for winning)\n|l|\u2606Jerry opatech\n","uploadtime":1682118145,"views":10,"p1id":"jerryopatech","p2id":"kiriziaro","formatid":"gen9vgc2023regulationc","rating":1067,"private":0,"password":""}