{"id":"gen9vgc2023regulationc-1853199508","p1":"Testostrazone","p2":"Soujed","format":"[Gen 9] VGC 2023 Regulation C","log":"|j|\u2606Testostrazone\n|j|\u2606Soujed\n|t:|1682647629\n|gametype|doubles\n|player|p1|Testostrazone|brycenman|1148\n|player|p2|Soujed|265|1054\n|teamsize|p1|6\n|teamsize|p2|6\n|gen|9\n|tier|[Gen 9] VGC 2023 Regulation C\n|rated|\n|rule|Species Clause: Limit one of each Pok\u00e9mon\n|rule|Item Clause: Limit one of each item\n|clearpoke\n|poke|p1|Annihilape, L50, M|\n|poke|p1|Maushold, L50|\n|poke|p1|Gholdengo, L50|\n|poke|p1|Arcanine, L50, F|\n|poke|p1|Roaring Moon, L50|\n|poke|p1|Iron Bundle, L50|\n|poke|p2|Chien-Pao, L50|\n|poke|p2|Azumarill, L50, F|\n|poke|p2|Amoonguss, L50, M|\n|poke|p2|Flutter Mane, L50|\n|poke|p2|Arcanine, L50, M|\n|poke|p2|Dragonite, L50, F|\n|teampreview|4\n|\n|t:|1682647656\n|start\n|switch|p1a: Gholdengo|Gholdengo, L50|100\/100\n|switch|p1b: Annihilape|Annihilape, L50, M|100\/100\n|switch|p2a: Amoonguss|Amoonguss, L50, M|100\/100\n|switch|p2b: Flutter Mane|Flutter Mane, L50|100\/100\n|-enditem|p2b: Flutter Mane|Booster Energy\n|-activate|p2b: Flutter Mane|ability: Protosynthesis|[fromitem]\n|-start|p2b: Flutter Mane|protosynthesisspa\n|turn|1\n|\n|t:|1682647689\n|switch|p1b: Maushold|Maushold, L50|100\/100\n|-terastallize|p1a: Gholdengo|Water\n|move|p2b: Flutter Mane|Protect|p2b: Flutter Mane\n|-singleturn|p2b: Flutter Mane|Protect\n|move|p1a: Gholdengo|Nasty Plot|p1a: Gholdengo\n|-boost|p1a: Gholdengo|spa|2\n|move|p2a: Amoonguss|Spore|p1b: Maushold\n|-activate|p1b: Maushold|item: Safety Goggles|Spore\n|\n|upkeep\n|turn|2\n|\n|t:|1682647730\n|switch|p2a: Arcanine|Arcanine, L50, M|100\/100\n|-ability|p2a: Arcanine|Intimidate|boost\n|-unboost|p1a: Gholdengo|atk|1\n|-unboost|p1b: Maushold|atk|1\n|move|p1b: Maushold|Follow Me|p1b: Maushold\n|-singleturn|p1b: Maushold|move: Follow Me\n|move|p2b: Flutter Mane|Calm Mind|p2b: Flutter Mane\n|-boost|p2b: Flutter Mane|spa|1\n|-boost|p2b: Flutter Mane|spd|1\n|move|p1a: Gholdengo|Make It Rain|p2b: Flutter Mane|[spread] p2a,p2b\n|-resisted|p2a: Arcanine\n|-supereffective|p2b: Flutter Mane\n|-damage|p2a: Arcanine|59\/100\n|-damage|p2b: Flutter Mane|0 fnt\n|-unboost|p1a: Gholdengo|spa|1\n|faint|p2b: Flutter Mane\n|-end|p2b: Flutter Mane|Protosynthesis|[silent]\n|\n|upkeep\n|\n|t:|1682647738\n|switch|p2b: Amoonguss|Amoonguss, L50, M|100\/100\n|turn|3\n|\n|t:|1682647755\n|move|p1b: Maushold|Follow Me|p1b: Maushold\n|-singleturn|p1b: Maushold|move: Follow Me\n|move|p2b: Amoonguss|Rage Powder|p2b: Amoonguss\n|-singleturn|p2b: Amoonguss|move: Rage Powder\n|move|p2a: Arcanine|Snarl|p1a: Gholdengo|[spread] p1a,p1b\n|-damage|p1a: Gholdengo|94\/100\n|-damage|p1b: Maushold|91\/100\n|-unboost|p1a: Gholdengo|spa|1\n|-unboost|p1b: Maushold|spa|1\n|move|p1a: Gholdengo|Nasty Plot|p1a: Gholdengo\n|-boost|p1a: Gholdengo|spa|2\n|\n|-heal|p1a: Gholdengo|100\/100|[from] item: Leftovers\n|upkeep\n|turn|4\n|\n|t:|1682647776\n|move|p1b: Maushold|Super Fang|p2b: Amoonguss|[miss]\n|-miss|p1b: Maushold|p2b: Amoonguss\n|move|p2a: Arcanine|Snarl|p1b: Maushold|[spread] p1a,p1b\n|-damage|p1a: Gholdengo|94\/100\n|-damage|p1b: Maushold|82\/100\n|-unboost|p1a: Gholdengo|spa|1\n|-unboost|p1b: Maushold|spa|1\n|move|p1a: Gholdengo|Make It Rain|p2b: Amoonguss|[spread] p2a,p2b\n|-resisted|p2a: Arcanine\n|-damage|p2a: Arcanine|24\/100\n|-damage|p2b: Amoonguss|36\/100\n|-unboost|p1a: Gholdengo|spa|1\n|-enditem|p2a: Arcanine|Sitrus Berry|[eat]\n|-heal|p2a: Arcanine|49\/100|[from] item: Sitrus Berry\n|move|p2b: Amoonguss|Pollen Puff|p2a: Arcanine\n|-heal|p2a: Arcanine|99\/100\n|\n|-heal|p1a: Gholdengo|100\/100|[from] item: Leftovers\n|upkeep\n|turn|5\n|\n|t:|1682647800\n|move|p1b: Maushold|Follow Me|p1b: Maushold\n|-singleturn|p1b: Maushold|move: Follow Me\n|move|p2a: Arcanine|Snarl|p1a: Gholdengo|[spread] p1a,p1b\n|-damage|p1a: Gholdengo|94\/100\n|-damage|p1b: Maushold|72\/100\n|-unboost|p1a: Gholdengo|spa|1\n|-unboost|p1b: Maushold|spa|1\n|move|p1a: Gholdengo|Nasty Plot|p1a: Gholdengo\n|-boost|p1a: Gholdengo|spa|2\n|move|p2b: Amoonguss|Pollen Puff|p1b: Maushold\n|-damage|p1b: Maushold|54\/100\n|\n|-heal|p1a: Gholdengo|100\/100|[from] item: Leftovers\n|upkeep\n|turn|6\n|\n|t:|1682647818\n|move|p1b: Maushold|Protect|p1b: Maushold\n|-singleturn|p1b: Maushold|Protect\n|move|p2b: Amoonguss|Rage Powder|p2b: Amoonguss\n|-singleturn|p2b: Amoonguss|move: Rage Powder\n|move|p2a: Arcanine|Snarl|p1a: Gholdengo|[spread] p1a\n|-activate|p1b: Maushold|move: Protect\n|-damage|p1a: Gholdengo|94\/100\n|-unboost|p1a: Gholdengo|spa|1\n|move|p1a: Gholdengo|Nasty Plot|p1a: Gholdengo\n|-boost|p1a: Gholdengo|spa|2\n|\n|-heal|p1a: Gholdengo|99\/100|[from] item: Leftovers\n|upkeep\n|turn|7\n|\n|t:|1682647837\n|move|p1b: Maushold|Follow Me|p1b: Maushold\n|-singleturn|p1b: Maushold|move: Follow Me\n|move|p2b: Amoonguss|Rage Powder|p2b: Amoonguss\n|-singleturn|p2b: Amoonguss|move: Rage Powder\n|move|p2a: Arcanine|Flare Blitz|p1b: Maushold\n|-damage|p1b: Maushold|0 fnt\n|faint|p1b: Maushold\n|-damage|p2a: Arcanine|83\/100|[from] Recoil\n|move|p1a: Gholdengo|Nasty Plot|p1a: Gholdengo\n|-boost|p1a: Gholdengo|spa|2\n|\n|-heal|p1a: Gholdengo|100\/100|[from] item: Leftovers\n|upkeep\n|\n|t:|1682647851\n|switch|p1b: Iron Bundle|Iron Bundle, L50, shiny|100\/100\n|turn|8\n|\n|t:|1682647865\n|move|p1b: Iron Bundle|Protect|p1b: Iron Bundle\n|-singleturn|p1b: Iron Bundle|Protect\n|move|p2b: Amoonguss|Rage Powder|p2b: Amoonguss\n|-singleturn|p2b: Amoonguss|move: Rage Powder\n|move|p2a: Arcanine|Flare Blitz|p1a: Gholdengo\n|-resisted|p1a: Gholdengo\n|-damage|p1a: Gholdengo|78\/100\n|-damage|p2a: Arcanine|75\/100|[from] Recoil\n|move|p1a: Gholdengo|Make It Rain|p2a: Arcanine|[spread] p2a,p2b\n|-resisted|p2a: Arcanine\n|-damage|p2a: Arcanine|15\/100\n|-damage|p2b: Amoonguss|0 fnt\n|-unboost|p1a: Gholdengo|spa|1\n|faint|p2b: Amoonguss\n|\n|-heal|p1a: Gholdengo|84\/100|[from] item: Leftovers\n|upkeep\n|\n|t:|1682647877\n|switch|p2b: Chien-Pao|Chien-Pao, L50|100\/100\n|-ability|p2b: Chien-Pao|Sword of Ruin\n|turn|9\n|\n|t:|1682647901\n|move|p1b: Iron Bundle|Icy Wind|p2b: Chien-Pao|[spread] p2a,p2b\n|-resisted|p2a: Arcanine\n|-resisted|p2b: Chien-Pao\n|-damage|p2a: Arcanine|6\/100\n|-damage|p2b: Chien-Pao|86\/100\n|-unboost|p2a: Arcanine|spe|1\n|-unboost|p2b: Chien-Pao|spe|1\n|move|p2b: Chien-Pao|Sacred Sword|p1a: Gholdengo\n|-damage|p1a: Gholdengo|49\/100\n|move|p1a: Gholdengo|Make It Rain|p2b: Chien-Pao|[spread] p2a,p2b\n|-resisted|p2a: Arcanine\n|-supereffective|p2b: Chien-Pao\n|-damage|p2a: Arcanine|0 fnt\n|-damage|p2b: Chien-Pao|0 fnt\n|-unboost|p1a: Gholdengo|spa|1\n|faint|p2a: Arcanine\n|faint|p2b: Chien-Pao\n|\n|win|Testostrazone\n|raw|Testostrazone's rating: 1148 → 1166<\/strong> (+18 for winning)\n|raw|Soujed's rating: 1054 → 1041<\/strong> (-13 for losing)\n|l|\u2606Soujed\n","uploadtime":1682647982,"views":7,"p1id":"testostrazone","p2id":"soujed","formatid":"gen9vgc2023regulationc","rating":1041,"private":0,"password":""}