{"id":"gen9vgc2023regulationc-1854106297","p1":"xqiht","p2":"JFACKE","format":"[Gen 9] VGC 2023 Regulation C","log":"|j|\u2606xqiht\n|j|\u2606JFACKE\n|t:|1682770231\n|gametype|doubles\n|player|p1|xqiht|elesa-masters|\n|player|p2|JFACKE|ethan|\n|teamsize|p1|6\n|teamsize|p2|6\n|gen|9\n|tier|[Gen 9] VGC 2023 Regulation C\n|rule|Species Clause: Limit one of each Pok\u00e9mon\n|rule|Item Clause: Limit one of each item\n|clearpoke\n|poke|p1|Palafin, L50, M|\n|poke|p1|Chien-Pao, L50|\n|poke|p1|Dragapult, L50, M|\n|poke|p1|Amoonguss, L50, M|\n|poke|p1|Arcanine, L50, M|\n|poke|p1|Flutter Mane, L50|\n|poke|p2|Dondozo, L50, M|\n|poke|p2|Tatsugiri-Droopy, L50, F|\n|poke|p2|Abomasnow, L50, F|\n|poke|p2|Iron Bundle, L50|\n|poke|p2|Chien-Pao, L50|\n|poke|p2|Flutter Mane, L50|\n|teampreview|4\nJFACKE has agreed to open team sheets.\nxqiht has agreed to open team sheets.\n|inactive|Battle timer is ON: inactive players will automatically lose when time's up. (requested by xqiht)\n|inactive|JFACKE has 60 seconds left.\n|\n|t:|1682770329\n|start\n|switch|p1a: Bundle|Chien-Pao, L50|100\/100\n|switch|p1b: Mimi|Flutter Mane, L50|100\/100\n|switch|p2a: \u9e21\u54e5|Iron Bundle, L50, shiny|100\/100\n|switch|p2b: \u53cc\u51b0\u51bb|Abomasnow, L50, F, shiny|100\/100\n|-ability|p1a: Bundle|Sword of Ruin\n|-weather|Snow|[from] ability: Snow Warning|[of] p2b: \u53cc\u51b0\u51bb\n|-enditem|p2a: \u9e21\u54e5|Booster Energy\n|-activate|p2a: \u9e21\u54e5|ability: Quark Drive|[fromitem]\n|-start|p2a: \u9e21\u54e5|quarkdrivespe\n|-enditem|p1b: Mimi|Booster Energy\n|-activate|p1b: Mimi|ability: Protosynthesis|[fromitem]\n|-start|p1b: Mimi|protosynthesisspa\n|turn|1\n|inactive|xqiht has 30 seconds left.\n|inactive|JFACKE has 30 seconds left.\n|\n|t:|1682770360\n|-terastallize|p2b: \u53cc\u51b0\u51bb|Water\n|move|p1a: Bundle|Protect|p1a: Bundle\n|-singleturn|p1a: Bundle|Protect\n|move|p1b: Mimi|Protect|p1b: Mimi\n|-singleturn|p1b: Mimi|Protect\n|move|p2a: \u9e21\u54e5|Icy Wind|p1a: Bundle|[spread] \n|-activate|p1a: Bundle|move: Protect\n|-activate|p1b: Mimi|move: Protect\n|move|p2b: \u53cc\u51b0\u51bb|Giga Drain|p1a: Bundle\n|-activate|p1a: Bundle|move: Protect\n|\n|-weather|Snow|[upkeep]\n|upkeep\n|turn|2\n|\n|t:|1682770384\n|-terastallize|p1b: Mimi|Fairy\n|move|p2a: \u9e21\u54e5|Protect|p2a: \u9e21\u54e5\n|-singleturn|p2a: \u9e21\u54e5|Protect\n|move|p1a: Bundle|Sucker Punch|p2b: \u53cc\u51b0\u51bb\n|-damage|p2b: \u53cc\u51b0\u51bb|49\/100\n|move|p1b: Mimi|Dazzling Gleam|p2a: \u9e21\u54e5|[spread] p2b\n|-activate|p2a: \u9e21\u54e5|move: Protect\n|-damage|p2b: \u53cc\u51b0\u51bb|11\/100\n|move|p2b: \u53cc\u51b0\u51bb|Blizzard|p1a: Bundle|[spread] p1a,p1b\n|-resisted|p1a: Bundle\n|-damage|p1a: Bundle|73\/100\n|-damage|p1b: Mimi|65\/100\n|\n|-weather|Snow|[upkeep]\n|upkeep\n|turn|3\n|inactive|JFACKE has 30 seconds left.\n|\n|t:|1682770410\n|move|p1a: Bundle|Protect|p1a: Bundle\n|-singleturn|p1a: Bundle|Protect\n|move|p2b: \u53cc\u51b0\u51bb|Ice Shard|p1b: Mimi\n|-damage|p1b: Mimi|45\/100\n|move|p2a: \u9e21\u54e5|Blizzard|p1a: Bundle|[spread] p1b\n|-activate|p1a: Bundle|move: Protect\n|-damage|p1b: Mimi|5\/100\n|move|p1b: Mimi|Dazzling Gleam|p2a: \u9e21\u54e5|[spread] p2a,p2b\n|-damage|p2a: \u9e21\u54e5|0 fnt\n|-damage|p2b: \u53cc\u51b0\u51bb|0 fnt\n|faint|p2a: \u9e21\u54e5\n|-end|p2a: \u9e21\u54e5|Quark Drive|[silent]\n|faint|p2b: \u53cc\u51b0\u51bb\n|\n|-weather|Snow|[upkeep]\n|upkeep\n|\n|t:|1682770420\n|switch|p2a: \u829d\u58eb\u96ea\u8c79|Chien-Pao, L50|100\/100\n|switch|p2b: \u53d1\u59d0|Flutter Mane, L50, shiny|100\/100\n|-ability|p2a: \u829d\u58eb\u96ea\u8c79|Sword of Ruin\n|turn|4\n|c|\u2606xqiht|nb\n|\n|t:|1682770429\n|switch|p1a: ChiYu|Arcanine, L50, M|100\/100\n|-ability|p1a: ChiYu|Intimidate|boost\n|-unboost|p2a: \u829d\u58eb\u96ea\u8c79|atk|1\n|-unboost|p2b: \u53d1\u59d0|atk|1\n|move|p1b: Mimi|Protect|p1b: Mimi\n|-singleturn|p1b: Mimi|Protect\n|move|p2a: \u829d\u58eb\u96ea\u8c79|Sucker Punch||[still]\n|-fail|p2a: \u829d\u58eb\u96ea\u8c79\n|move|p2b: \u53d1\u59d0|Dazzling Gleam|p1b: Mimi|[spread] p1a\n|-activate|p1b: Mimi|move: Protect\n|-resisted|p1a: ChiYu\n|-damage|p1a: ChiYu|78\/100\n|-damage|p2b: \u53d1\u59d0|91\/100|[from] item: Life Orb\n|\n|-weather|Snow|[upkeep]\n|upkeep\n|turn|5\n|inactive|JFACKE has 30 seconds left.\n|\n|t:|1682770457\n|move|p2a: \u829d\u58eb\u96ea\u8c79|Sacred Sword|p1a: ChiYu\n|-damage|p1a: ChiYu|51\/100\n|move|p2b: \u53d1\u59d0|Shadow Ball|p1a: ChiYu\n|-damage|p1a: ChiYu|0 fnt\n|faint|p1a: ChiYu\n|-damage|p2b: \u53d1\u59d0|82\/100|[from] item: Life Orb\n|move|p1b: Mimi|Shadow Ball|p2b: \u53d1\u59d0\n|-supereffective|p2b: \u53d1\u59d0\n|-damage|p2b: \u53d1\u59d0|0 fnt\n|faint|p2b: \u53d1\u59d0\n|-end|p2b: \u53d1\u59d0|Protosynthesis|[silent]\n|\n|-weather|none\n|upkeep\n|\n|t:|1682770465\n|switch|p1a: Bundle|Chien-Pao, L50|73\/100\n|-ability|p1a: Bundle|Sword of Ruin\n|turn|6\n|\n|t:|1682770472\n|move|p2a: \u829d\u58eb\u96ea\u8c79|Sacred Sword|p1a: Bundle\n|-supereffective|p1a: Bundle\n|-damage|p1a: Bundle|0 fnt\n|faint|p1a: Bundle\n|move|p1b: Mimi|Moonblast|p2a: \u829d\u58eb\u96ea\u8c79\n|-supereffective|p2a: \u829d\u58eb\u96ea\u8c79\n|-enditem|p2a: \u829d\u58eb\u96ea\u8c79|Focus Sash\n|-damage|p2a: \u829d\u58eb\u96ea\u8c79|1\/100\n|-unboost|p2a: \u829d\u58eb\u96ea\u8c79|spa|1\n|\n|upkeep\n|\n|t:|1682770474\n|switch|p1a: Dozo|Palafin, L50, M|100\/100\n|turn|7\n|c|\u2606xqiht|gg\n|\n|t:|1682770484\n|move|p2a: \u829d\u58eb\u96ea\u8c79|Sucker Punch|p1b: Mimi\n|-resisted|p1b: Mimi\n|-damage|p1b: Mimi|0 fnt\n|faint|p1b: Mimi\n|-end|p1b: Mimi|Protosynthesis|[silent]\n|move|p1a: Dozo|Jet Punch|p2a: \u829d\u58eb\u96ea\u8c79\n|-damage|p2a: \u829d\u58eb\u96ea\u8c79|0 fnt\n|faint|p2a: \u829d\u58eb\u96ea\u8c79\n|\n|win|xqiht\n","uploadtime":1682770490,"views":20,"p1id":"xqiht","p2id":"jfacke","formatid":"gen9vgc2023regulationc","rating":0,"private":0,"password":""}