{"id":"gen9vgc2023regulationc-1852878508","p1":"NRG_SRI","p2":"Pierre113","format":"[Gen 9] VGC 2023 Regulation C","log":"|j|\u2606NRG_SRI\n|j|\u2606Pierre113\n|t:|1682613884\n|gametype|doubles\n|player|p1|NRG_SRI|101|1480\n|player|p2|Pierre113|palmer|1484\n|teamsize|p1|6\n|teamsize|p2|6\n|gen|9\n|tier|[Gen 9] VGC 2023 Regulation C\n|rated|\n|rule|Species Clause: Limit one of each Pok\u00e9mon\n|rule|Item Clause: Limit one of each item\n|clearpoke\n|poke|p1|Gothitelle, L50, M|\n|poke|p1|Iron Hands, L50|\n|poke|p1|Chi-Yu, L50|\n|poke|p1|Gyarados, L50, M|\n|poke|p1|Amoonguss, L50, M|\n|poke|p1|Flutter Mane, L50|\n|poke|p2|Flutter Mane, L50|\n|poke|p2|Amoonguss, L50, F|\n|poke|p2|Chi-Yu, L50|\n|poke|p2|Gyarados, L50, M|\n|poke|p2|Iron Hands, L50|\n|poke|p2|Baxcalibur, L50, F|\n|teampreview|4\n|inactive|Battle timer is ON: inactive players will automatically lose when time's up. (requested by NRG_SRI)\nNRG_SRI has agreed to open team sheets.\nPierre113 has agreed to open team sheets.\n|inactive|Pierre113 has 60 seconds left.\n|j| Millamojake\n|inactive|Pierre113 has 30 seconds left.\n|inactive|Pierre113 has 20 seconds left.\n|\n|t:|1682613959\n|start\n|switch|p1a: Iron Hands|Iron Hands, L50|100\/100\n|switch|p1b: Chi-Yu|Chi-Yu, L50|100\/100\n|switch|p2a: Iron Hands|Iron Hands, L50|100\/100\n|switch|p2b: Flutter Mane|Flutter Mane, L50|100\/100\n|-ability|p1b: Chi-Yu|Beads of Ruin\n|-enditem|p2b: Flutter Mane|Booster Energy\n|-activate|p2b: Flutter Mane|ability: Protosynthesis|[fromitem]\n|-start|p2b: Flutter Mane|protosynthesisspa\n|turn|1\n|inactive|NRG_SRI has 30 seconds left.\n|inactive|Pierre113 has 30 seconds left.\n|inactive|NRG_SRI has 20 seconds left.\n|inactive|NRG_SRI has 15 seconds left.\n|inactive|NRG_SRI has 10 seconds left.\n|\n|t:|1682614006\n|-end|p1a: Iron Hands|Quark Drive|[silent]\n|switch|p1a: Amoonguss|Amoonguss, L50, M|100\/100\n|move|p2a: Iron Hands|Fake Out|p1a: Amoonguss\n|-damage|p1a: Amoonguss|88\/100\n|move|p2b: Flutter Mane|Dazzling Gleam|p1b: Chi-Yu|[spread] p1a,p1b\n|-resisted|p1a: Amoonguss\n|-damage|p1a: Amoonguss|65\/100\n|-damage|p1b: Chi-Yu|56\/100\n|move|p1b: Chi-Yu|Nasty Plot|p1b: Chi-Yu\n|-boost|p1b: Chi-Yu|spa|2\n|\n|upkeep\n|turn|2\n|inactive|NRG_SRI has 30 seconds left.\n|inactive|Pierre113 has 30 seconds left.\n|\n|t:|1682614032\n|move|p2b: Flutter Mane|Protect|p2b: Flutter Mane\n|-singleturn|p2b: Flutter Mane|Protect\n|move|p1a: Amoonguss|Rage Powder|p1a: Amoonguss\n|-singleturn|p1a: Amoonguss|move: Rage Powder\n|move|p1b: Chi-Yu|Dark Pulse|p2b: Flutter Mane\n|-activate|p2b: Flutter Mane|move: Protect\n|move|p2a: Iron Hands|Volt Switch|p1a: Amoonguss\n|-resisted|p1a: Amoonguss\n|-damage|p1a: Amoonguss|58\/100\n|inactive|Pierre113 has 30 seconds left.\n|\n|t:|1682614059\n|-end|p2a: Iron Hands|Quark Drive|[silent]\n|switch|p2a: Chi-Yu|Chi-Yu, L50|100\/100|[from] Volt Switch\n|-ability|p2a: Chi-Yu|Beads of Ruin\n|\n|upkeep\n|turn|3\n|inactive|NRG_SRI has 30 seconds left.\n|inactive|Pierre113 has 30 seconds left.\n|inactive|NRG_SRI has 20 seconds left.\n|inactive|Pierre113 has 20 seconds left.\n|inactive|NRG_SRI has 15 seconds left.\n|inactive|Pierre113 has 15 seconds left.\n|inactive|Pierre113 has 10 seconds left.\n|\n|t:|1682614106\n|switch|p1a: Iron Hands|Iron Hands, L50|100\/100\n|move|p1b: Chi-Yu|Protect|p1b: Chi-Yu\n|-singleturn|p1b: Chi-Yu|Protect\n|move|p2b: Flutter Mane|Shadow Ball|p1a: Iron Hands\n|-damage|p1a: Iron Hands|68\/100\n|move|p2a: Chi-Yu|Heat Wave|p1a: Iron Hands|[spread] p1a\n|-activate|p1b: Chi-Yu|move: Protect\n|-damage|p1a: Iron Hands|33\/100\n|\n|upkeep\n|turn|4\n|inactive|NRG_SRI has 30 seconds left.\n|inactive|Pierre113 has 30 seconds left.\n|\n|t:|1682614138\n|switch|p2a: Iron Hands|Iron Hands, L50|100\/100\n|move|p1a: Iron Hands|Fake Out|p2a: Iron Hands\n|-damage|p2a: Iron Hands|89\/100\n|move|p2b: Flutter Mane|Moonblast|p1b: Chi-Yu\n|-damage|p1b: Chi-Yu|0 fnt\n|faint|p1b: Chi-Yu\n|\n|upkeep\n|\n|t:|1682614148\n|switch|p1b: Flutter Mane|Flutter Mane, L50|100\/100\n|-enditem|p1b: Flutter Mane|Booster Energy\n|-activate|p1b: Flutter Mane|ability: Protosynthesis|[fromitem]\n|-start|p1b: Flutter Mane|protosynthesisspe\n|turn|5\n|inactive|NRG_SRI has 30 seconds left.\n|\n|t:|1682614177\n|-end|p1a: Iron Hands|Quark Drive|[silent]\n|switch|p1a: Amoonguss|Amoonguss, L50, M|91\/100\n|-terastallize|p1b: Flutter Mane|Fairy\n|-terastallize|p2b: Flutter Mane|Fairy\n|move|p2a: Iron Hands|Fake Out|p1a: Amoonguss\n|-damage|p1a: Amoonguss|77\/100\n|move|p1b: Flutter Mane|Shadow Ball|p2b: Flutter Mane\n|-damage|p2b: Flutter Mane|64\/100\n|move|p2b: Flutter Mane|Dazzling Gleam|p1a: Amoonguss|[spread] p1a,p1b\n|-resisted|p1a: Amoonguss\n|-damage|p1a: Amoonguss|52\/100\n|-damage|p1b: Flutter Mane|52\/100\n|\n|upkeep\n|turn|6\n|inactive|NRG_SRI has 30 seconds left.\n|inactive|Pierre113 has 30 seconds left.\n|\n|t:|1682614206\n|move|p1b: Flutter Mane|Protect|p1b: Flutter Mane\n|-singleturn|p1b: Flutter Mane|Protect\n|move|p2b: Flutter Mane|Protect|p2b: Flutter Mane\n|-singleturn|p2b: Flutter Mane|Protect\n|move|p2a: Iron Hands|Volt Switch|p1a: Amoonguss\n|-resisted|p1a: Amoonguss\n|-damage|p1a: Amoonguss|47\/100\n|-enditem|p1a: Amoonguss|Sitrus Berry|[eat]\n|-heal|p1a: Amoonguss|72\/100|[from] item: Sitrus Berry\n|\n|t:|1682614216\n|-end|p2a: Iron Hands|Quark Drive|[silent]\n|switch|p2a: Gyarados|Gyarados, L50, M|100\/100|[from] Volt Switch\n|-ability|p2a: Gyarados|Intimidate|boost\n|-unboost|p1a: Amoonguss|atk|1\n|-unboost|p1b: Flutter Mane|atk|1\n|move|p1a: Amoonguss|Spore|p2b: Flutter Mane\n|-activate|p2b: Flutter Mane|move: Protect\n|\n|upkeep\n|turn|7\n|inactive|NRG_SRI has 30 seconds left.\n|inactive|Pierre113 has 30 seconds left.\n|inactive|NRG_SRI has 20 seconds left.\n|\n|t:|1682614254\n|switch|p2a: Chi-Yu|Chi-Yu, L50|100\/100\n|-ability|p2a: Chi-Yu|Beads of Ruin\n|move|p1a: Amoonguss|Rage Powder|p1a: Amoonguss\n|-singleturn|p1a: Amoonguss|move: Rage Powder\n|move|p1b: Flutter Mane|Moonblast|p2b: Flutter Mane\n|-damage|p2b: Flutter Mane|0 fnt\n|faint|p2b: Flutter Mane\n|-end|p2b: Flutter Mane|Protosynthesis|[silent]\n|\n|upkeep\n|\n|t:|1682614263\n|switch|p2b: Iron Hands|Iron Hands, L50|89\/100\n|turn|8\n|inactive|Pierre113 has 30 seconds left.\n|\n|t:|1682614295\n|-end|p2b: Iron Hands|Quark Drive|[silent]\n|switch|p2b: Gyarados|Gyarados, L50, M|100\/100\n|-ability|p2b: Gyarados|Intimidate|boost\n|-unboost|p1a: Amoonguss|atk|1\n|-unboost|p1b: Flutter Mane|atk|1\n|move|p1b: Flutter Mane|Protect|p1b: Flutter Mane\n|-singleturn|p1b: Flutter Mane|Protect\n|move|p1a: Amoonguss|Protect|p1a: Amoonguss\n|-singleturn|p1a: Amoonguss|Protect\n|move|p2a: Chi-Yu|Heat Wave|p1a: Amoonguss|[spread] \n|-activate|p1a: Amoonguss|move: Protect\n|-activate|p1b: Flutter Mane|move: Protect\n|\n|upkeep\n|turn|9\n|inactive|NRG_SRI has 30 seconds left.\n|inactive|NRG_SRI has 20 seconds left.\n|\n|t:|1682614334\n|switch|p1a: Iron Hands|Iron Hands, L50|33\/100\n|move|p1b: Flutter Mane|Moonblast|p2a: Chi-Yu\n|-crit|p2a: Chi-Yu\n|-damage|p2a: Chi-Yu|7\/100\n|move|p2a: Chi-Yu|Heat Wave|p1b: Flutter Mane|[spread] p1a,p1b\n|-crit|p1b: Flutter Mane\n|-damage|p1a: Iron Hands|0 fnt\n|-damage|p1b: Flutter Mane|0 fnt\n|faint|p1a: Iron Hands\n|-end|p1a: Iron Hands|Quark Drive|[silent]\n|faint|p1b: Flutter Mane\n|-end|p1b: Flutter Mane|Protosynthesis|[silent]\n|move|p2b: Gyarados|Waterfall|p1: Iron Hands|[notarget]\n|-fail|p2b: Gyarados\n|\n|upkeep\n|-message|NRG_SRI forfeited.\n|\n|win|Pierre113\n|raw|NRG_SRI's rating: 1480 → 1460<\/strong> (-20 for losing)\n|raw|Pierre113's rating: 1484 → 1504<\/strong> (+20 for winning)\n|l|\u2606NRG_SRI\n","uploadtime":1682614350,"views":6,"p1id":"nrgsri","p2id":"pierre113","formatid":"gen9vgc2023regulationc","rating":1460,"private":0,"password":""}