{"id":"gen9vgc2023regulationc-1856229682","p1":"19402u","p2":"juacox300","format":"[Gen 9] VGC 2023 Regulation C","log":"|j|\u260619402u\n|j|\u2606juacox300\n|t:|1683042810\n|gametype|doubles\n|player|p1|19402u|169|1376\n|player|p2|juacox300|unknown|1345\n|teamsize|p1|6\n|teamsize|p2|6\n|gen|9\n|tier|[Gen 9] VGC 2023 Regulation C\n|rated|\n|rule|Species Clause: Limit one of each Pok\u00e9mon\n|rule|Item Clause: Limit one of each item\n|clearpoke\n|poke|p1|Chi-Yu, L50|\n|poke|p1|Flutter Mane, L50|\n|poke|p1|Glimmora, L50, M|\n|poke|p1|Dondozo, L50, M|\n|poke|p1|Dragonite, L50, M|\n|poke|p1|Tatsugiri, L50, F|\n|poke|p2|Torkoal, L50, M|\n|poke|p2|Meowscarada, L50, F|\n|poke|p2|Iron Bundle, L50|\n|poke|p2|Tauros-Paldea-Aqua, L50, M|\n|poke|p2|Chi-Yu, L50|\n|poke|p2|Flutter Mane, L50|\n|teampreview|4\n19402u has agreed to open team sheets.\n|inactive|Battle timer is ON: inactive players will automatically lose when time's up. (requested by 19402u)\n|inactive|juacox300 has 60 seconds left.\n|\n|t:|1683042914\n|start\n|switch|p1a: Glimmora|Glimmora, L50, M|100\/100\n|switch|p1b: Dondozo|Dondozo, L50, M|100\/100\n|switch|p2a: Tauros|Tauros-Paldea-Aqua, L50, M|100\/100\n|switch|p2b: Iron Bundle|Iron Bundle, L50|100\/100\n|-ability|p2a: Tauros|Intimidate|boost\n|-unboost|p1a: Glimmora|atk|1\n|-unboost|p1b: Dondozo|atk|1\n|-enditem|p2b: Iron Bundle|Booster Energy\n|-activate|p2b: Iron Bundle|ability: Quark Drive|[fromitem]\n|-start|p2b: Iron Bundle|quarkdrivespe\n|turn|1\n|\n|t:|1683042936\n|-terastallize|p1b: Dondozo|Poison\n|move|p2b: Iron Bundle|Protect|p2b: Iron Bundle\n|-singleturn|p2b: Iron Bundle|Protect\n|move|p1a: Glimmora|Spiky Shield|p1a: Glimmora\n|-singleturn|p1a: Glimmora|move: Protect\n|move|p2a: Tauros|Wave Crash|p1a: Glimmora\n|-activate|p1a: Glimmora|move: Protect\n|-damage|p2a: Tauros|88\/100|[from] Spiky Shield|[of] p1a: Glimmora\n|move|p1b: Dondozo|Yawn|p2b: Iron Bundle\n|-activate|p2b: Iron Bundle|move: Protect\n|\n|upkeep\n|turn|2\n|inactive|juacox300 has 30 seconds left.\n|\n|t:|1683042964\n|-end|p2b: Iron Bundle|Quark Drive|[silent]\n|switch|p2b: Flutter Mane|Flutter Mane, L50|100\/100\n|switch|p2a: Torkoal|Torkoal, L50, M|100\/100\n|-weather|SunnyDay|[from] ability: Drought|[of] p2a: Torkoal\n|-activate|p2b: Flutter Mane|ability: Protosynthesis\n|-start|p2b: Flutter Mane|protosynthesisspe\n|move|p1a: Glimmora|Toxic|p2a: Torkoal\n|-status|p2a: Torkoal|tox\n|move|p1b: Dondozo|Yawn|p2b: Flutter Mane\n|-start|p2b: Flutter Mane|move: Yawn|[of] p1b: Dondozo\n|\n|-weather|SunnyDay|[upkeep]\n|-damage|p2a: Torkoal|94\/100 tox|[from] psn\n|upkeep\n|turn|3\n|inactive|juacox300 has 30 seconds left.\n|\n|t:|1683042991\n|-end|p2b: Flutter Mane|Protosynthesis|[silent]\n|switch|p2b: Iron Bundle|Iron Bundle, L50|100\/100\n|switch|p2a: Tauros|Tauros-Paldea-Aqua, L50, M|88\/100\n|-ability|p2a: Tauros|Intimidate|boost\n|-unboost|p1a: Glimmora|atk|1\n|-unboost|p1b: Dondozo|atk|1\n|move|p1a: Glimmora|Power Gem|p2a: Tauros\n|-resisted|p2a: Tauros\n|-damage|p2a: Tauros|68\/100\n|move|p1b: Dondozo|Yawn|p2b: Iron Bundle\n|-start|p2b: Iron Bundle|move: Yawn|[of] p1b: Dondozo\n|\n|-weather|SunnyDay|[upkeep]\n|upkeep\n|turn|4\n|inactive|19402u has 30 seconds left.\n|\n|t:|1683043021\n|-end|p2b: Iron Bundle|Quark Drive|[silent]\n|switch|p2b: Torkoal|Torkoal, L50, M|94\/100 tox\n|move|p2a: Tauros|Iron Head|p1a: Glimmora\n|-supereffective|p1a: Glimmora\n|-damage|p1a: Glimmora|44\/100\n|-activate|p1a: Glimmora|ability: Toxic Debris\n|-sidestart|p2: juacox300|move: Toxic Spikes\n|cant|p1a: Glimmora|flinch\n|move|p1b: Dondozo|Yawn||[still]\n|-fail|p1b: Dondozo\n|\n|-weather|SunnyDay|[upkeep]\n|-damage|p2b: Torkoal|88\/100 tox|[from] psn\n|upkeep\n|turn|5\n|inactive|19402u has 30 seconds left.\n|\n|t:|1683043052\n|move|p1a: Glimmora|Spiky Shield|p1a: Glimmora\n|-singleturn|p1a: Glimmora|move: Protect\n|move|p2a: Tauros|Iron Head|p1a: Glimmora\n|-activate|p1a: Glimmora|move: Protect\n|-damage|p2a: Tauros|57\/100|[from] Spiky Shield|[of] p1a: Glimmora\n|move|p1b: Dondozo|Yawn|p2a: Tauros\n|-start|p2a: Tauros|move: Yawn|[of] p1b: Dondozo\n|move|p2b: Torkoal|Eruption|p1a: Glimmora|[spread] p1b\n|-activate|p1a: Glimmora|move: Protect\n|-damage|p1b: Dondozo|47\/100\n|-enditem|p1b: Dondozo|Sitrus Berry|[eat]\n|-heal|p1b: Dondozo|72\/100|[from] item: Sitrus Berry\n|\n|-weather|SunnyDay|[upkeep]\n|-damage|p2b: Torkoal|76\/100 tox|[from] psn\n|upkeep\n|turn|6\n|\n|t:|1683043075\n|move|p2a: Tauros|Iron Head|p1a: Glimmora\n|-supereffective|p1a: Glimmora\n|-crit|p1a: Glimmora\n|-damage|p1a: Glimmora|0 fnt\n|-activate|p1a: Glimmora|ability: Toxic Debris\n|-sidestart|p2: juacox300|move: Toxic Spikes\n|faint|p1a: Glimmora\n|move|p1b: Dondozo|Wave Crash|p2a: Tauros\n|-resisted|p2a: Tauros\n|-damage|p2a: Tauros|50\/100\n|-damage|p1b: Dondozo|71\/100|[from] Recoil\n|move|p2b: Torkoal|Yawn|p1b: Dondozo\n|-start|p1b: Dondozo|move: Yawn|[of] p2b: Torkoal\n|\n|-weather|none\n|-damage|p2b: Torkoal|57\/100 tox|[from] psn\n|-end|p2a: Tauros|move: Yawn|[silent]\n|-status|p2a: Tauros|slp\n|upkeep\n|\n|t:|1683043095\n|switch|p1a: Flutter Mane|Flutter Mane, L50|100\/100\n|-enditem|p1a: Flutter Mane|Booster Energy\n|-activate|p1a: Flutter Mane|ability: Protosynthesis|[fromitem]\n|-start|p1a: Flutter Mane|protosynthesisspe\n|turn|7\n|\n|t:|1683043109\n|switch|p1b: Chi-Yu|Chi-Yu, L50|100\/100\n|-ability|p1b: Chi-Yu|Beads of Ruin\n|move|p1a: Flutter Mane|Hex|p2b: Torkoal\n|-damage|p2b: Torkoal|0 fnt\n|faint|p2b: Torkoal\n|cant|p2a: Tauros|slp\n|\n|upkeep\n|\n|t:|1683043123\n|switch|p2b: Iron Bundle|Iron Bundle, L50|100\/100\n|-status|p2b: Iron Bundle|tox\n|turn|8\n|\n|t:|1683043136\n|move|p2b: Iron Bundle|Protect|p2b: Iron Bundle\n|-singleturn|p2b: Iron Bundle|Protect\n|move|p1a: Flutter Mane|Hex|p2b: Iron Bundle\n|-activate|p2b: Iron Bundle|move: Protect\n|cant|p2a: Tauros|slp\n|move|p1b: Chi-Yu|Flamethrower|p2a: Tauros\n|-resisted|p2a: Tauros\n|-damage|p2a: Tauros|14\/100 slp\n|\n|-damage|p2b: Iron Bundle|94\/100 tox|[from] psn\n|upkeep\n|turn|9\n|\n|t:|1683043149\n|move|p1a: Flutter Mane|Hex|p2b: Iron Bundle\n|-damage|p2b: Iron Bundle|0 fnt\n|faint|p2b: Iron Bundle\n|-end|p2b: Iron Bundle|Quark Drive|[silent]\n|cant|p2a: Tauros|slp\n|move|p1b: Chi-Yu|Flamethrower|p2a: Tauros\n|-resisted|p2a: Tauros\n|-damage|p2a: Tauros|0 fnt\n|faint|p2a: Tauros\n|\n|upkeep\n|-message|juacox300 forfeited.\n|\n|win|19402u\n|raw|19402u's rating: 1376 → 1394<\/strong> (+18 for winning)\n|raw|juacox300's rating: 1345 → 1327<\/strong> (-18 for losing)\n|l|\u2606juacox300\n","uploadtime":1683043161,"views":11,"p1id":"19402u","p2id":"juacox300","formatid":"gen9vgc2023regulationc","rating":1327,"private":0,"password":""}