{"id":"gen9vgc2023regulationc-1855135057","p1":"Darklux0","p2":"thrillcorner","format":"[Gen 9] VGC 2023 Regulation C","log":"|j|\u2606Darklux0\n|j|\u2606thrillcorner\n|t:|1682905538\n|gametype|doubles\n|player|p1|Darklux0|lucas|1171\n|player|p2|thrillcorner|red-masters2|1066\n|teamsize|p1|6\n|teamsize|p2|6\n|gen|9\n|tier|[Gen 9] VGC 2023 Regulation C\n|rated|\n|rule|Species Clause: Limit one of each Pok\u00e9mon\n|rule|Item Clause: Limit one of each item\n|clearpoke\n|poke|p1|Garchomp, L50, M|\n|poke|p1|Roaring Moon, L50|\n|poke|p1|Murkrow, L50, F|\n|poke|p1|Chi-Yu, L50|\n|poke|p1|Scizor, L50, F|\n|poke|p1|Iron Bundle, L50|\n|poke|p2|Arcanine, L50, F|\n|poke|p2|Amoonguss, L50, M|\n|poke|p2|Kingambit, L50, M|\n|poke|p2|Flutter Mane, L50|\n|poke|p2|Ting-Lu, L50|\n|poke|p2|Palafin, L50, M|\n|teampreview|4\nthrillcorner has agreed to open team sheets.\n|\n|t:|1682905586\n|start\n|switch|p1a: Iron Bundle|Iron Bundle, L50|100\/100\n|switch|p1b: Roaring Moon|Roaring Moon, L50|100\/100\n|switch|p2a: Ripley|Arcanine, L50, F|100\/100\n|switch|p2b: Blueshido|Kingambit, L50, M, shiny|100\/100\n|-ability|p2a: Ripley|Intimidate|boost\n|-unboost|p1a: Iron Bundle|atk|1\n|-unboost|p1b: Roaring Moon|atk|1\n|-enditem|p1b: Roaring Moon|Booster Energy\n|-activate|p1b: Roaring Moon|ability: Protosynthesis|[fromitem]\n|-start|p1b: Roaring Moon|protosynthesisspe\n|turn|1\n|\n|t:|1682905638\n|move|p1b: Roaring Moon|Dragon Dance|p1b: Roaring Moon\n|-boost|p1b: Roaring Moon|atk|1\n|-boost|p1b: Roaring Moon|spe|1\n|move|p1a: Iron Bundle|Hydro Pump|p2a: Ripley\n|-supereffective|p2a: Ripley\n|-damage|p2a: Ripley|0 fnt\n|faint|p2a: Ripley\n|move|p2b: Blueshido|Swords Dance|p2b: Blueshido\n|-boost|p2b: Blueshido|atk|2\n|\n|upkeep\n|\n|t:|1682905649\n|switch|p2a: Mugman|Ting-Lu, L50|100\/100\n|-ability|p2a: Mugman|Vessel of Ruin\n|turn|2\n|\n|t:|1682905693\n|move|p2b: Blueshido|Protect|p2b: Blueshido\n|-singleturn|p2b: Blueshido|Protect\n|move|p1b: Roaring Moon|Acrobatics|p2a: Mugman\n|-damage|p2a: Mugman|74\/100\n|move|p1a: Iron Bundle|Freeze-Dry|p2a: Mugman\n|-supereffective|p2a: Mugman\n|-damage|p2a: Mugman|47\/100\n|move|p2a: Mugman|Ruination|p1b: Roaring Moon\n|-damage|p1b: Roaring Moon|50\/100\n|\n|upkeep\n|turn|3\n|\n|t:|1682905725\n|-terastallize|p2b: Blueshido|Dark\n|move|p1b: Roaring Moon|Protect|p1b: Roaring Moon\n|-singleturn|p1b: Roaring Moon|Protect\n|move|p2b: Blueshido|Sucker Punch||[still]\n|-fail|p2b: Blueshido\n|move|p1a: Iron Bundle|Freeze-Dry|p2a: Mugman\n|-supereffective|p2a: Mugman\n|-damage|p2a: Mugman|15\/100\n|move|p2a: Mugman|Heavy Slam|p1a: Iron Bundle\n|-damage|p1a: Iron Bundle|53\/100\n|\n|upkeep\n|turn|4\n|\n|t:|1682905759\n|move|p2b: Blueshido|Sucker Punch|p1a: Iron Bundle\n|-damage|p1a: Iron Bundle|0 fnt\n|faint|p1a: Iron Bundle\n|-end|p1a: Iron Bundle|Quark Drive|[silent]\n|move|p1b: Roaring Moon|Dragon Dance|p1b: Roaring Moon\n|-boost|p1b: Roaring Moon|atk|1\n|-boost|p1b: Roaring Moon|spe|1\n|move|p2a: Mugman|Heavy Slam|p1b: Roaring Moon\n|-damage|p1b: Roaring Moon|33\/100\n|\n|upkeep\n|\n|t:|1682905772\n|switch|p1a: Chi-Yu|Chi-Yu, L50|100\/100\n|-ability|p1a: Chi-Yu|Beads of Ruin\n|turn|5\n|\n|t:|1682905804\n|move|p1a: Chi-Yu|Protect|p1a: Chi-Yu\n|-singleturn|p1a: Chi-Yu|Protect\n|move|p1b: Roaring Moon|Acrobatics|p2a: Mugman\n|-damage|p2a: Mugman|0 fnt\n|faint|p2a: Mugman\n|move|p2b: Blueshido|Kowtow Cleave|p1b: Roaring Moon\n|-resisted|p1b: Roaring Moon\n|-damage|p1b: Roaring Moon|0 fnt\n|faint|p1b: Roaring Moon\n|-end|p1b: Roaring Moon|Protosynthesis|[silent]\n|\n|upkeep\n|\n|t:|1682905815\n|switch|p1b: Scizor|Scizor, L50, F|100\/100\n|switch|p2a: Willow|Flutter Mane, L50|100\/100\n|turn|6\n|\n|t:|1682905838\n|move|p1b: Scizor|Bullet Punch|p2a: Willow\n|-supereffective|p2a: Willow\n|-damage|p2a: Willow|0 fnt\n|faint|p2a: Willow\n|-end|p2a: Willow|Protosynthesis|[silent]\n|-damage|p1b: Scizor|90\/100|[from] item: Life Orb\n|move|p1a: Chi-Yu|Heat Wave|p2b: Blueshido\n|-damage|p2b: Blueshido|31\/100\n|move|p2b: Blueshido|Kowtow Cleave|p1b: Scizor\n|-damage|p1b: Scizor|0 fnt\n|faint|p1b: Scizor\n|\n|upkeep\n|turn|7\n|\n|t:|1682905856\n|move|p2b: Blueshido|Sucker Punch|p1a: Chi-Yu\n|-resisted|p1a: Chi-Yu\n|-damage|p1a: Chi-Yu|0 fnt\n|faint|p1a: Chi-Yu\n|\n|win|thrillcorner\n|raw|Darklux0's rating: 1171 → 1139<\/strong> (-32 for losing)\n|raw|thrillcorner's rating: 1066 → 1105<\/strong> (+39 for winning)\n|c|\u2606thrillcorner|gg\n|l|\u2606Darklux0\n","uploadtime":1682905862,"views":35,"p1id":"darklux0","p2id":"thrillcorner","formatid":"gen9vgc2023regulationc","rating":1105,"private":0,"password":""}