{"id":"gen9vgc2023regulationc-1855089673","p1":"tatsugirl i~","p2":"esotilin123456","format":"[Gen 9] VGC 2023 Regulation C","log":"|j|\u2606tatsugirl i~\n|j|\u2606esotilin123456\n|t:|1682900007\n|gametype|doubles\n|player|p1|tatsugirl i~|may-masters|\n|player|p2|esotilin123456|hilbert-wonderlauncher|\n|teamsize|p1|6\n|teamsize|p2|6\n|gen|9\n|tier|[Gen 9] VGC 2023 Regulation C\n|rated|Tournament battle\n|rule|Species Clause: Limit one of each Pok\u00e9mon\n|rule|Item Clause: Limit one of each item\n|clearpoke\n|poke|p1|Kingambit, L50, M|\n|poke|p1|Gyarados, L50, F|\n|poke|p1|Dragapult, L50, M|\n|poke|p1|Flutter Mane, L50|\n|poke|p1|Chi-Yu, L50|\n|poke|p1|Dachsbun, L50, F|\n|poke|p2|Arcanine, L50, M|\n|poke|p2|Gastrodon, L50, F|\n|poke|p2|Rotom-Mow, L50|\n|poke|p2|Tyranitar, L50, M|\n|poke|p2|Corviknight, L50, M|\n|poke|p2|Salamence, L50, F|\n|teampreview|4\n|raw| Open Team Sheet for tatsugirl i~<\/summary>Kingambit @ Safety Goggles Ability: Defiant Level: 50 Tera Type: Fire - Sucker Punch - Iron Head - Kowtow Cleave - Protect Gyarados @ Rocky Helmet Ability: Intimidate Level: 50 Tera Type: Steel - Waterfall - Iron Head - Icy Wind - Protect Dragapult @ Life Orb Ability: Clear Body Level: 50 Tera Type: Steel - Dragon Darts - Phantom Force - Will-O-Wisp - Protect Flutter Mane @ Booster Energy Ability: Protosynthesis Level: 50 Tera Type: Fairy - Shadow Ball - Moonblast - Dazzling Gleam - Protect Chi-Yu @ Charcoal Ability: Beads of Ruin Level: 50 Tera Type: Grass - Lava Plume - Heat Wave - Dark Pulse - Protect Dachsbun @ Leftovers Ability: Well-Baked Body Level: 50 Tera Type: Steel - Body Press - Play Rough - Yawn - Protect <\/details><\/div> Open Team Sheet for esotilin123456<\/summary>good boi (Arcanine) (M) @ Assault Vest Ability: Intimidate Level: 50 Tera Type: Grass - Flare Blitz - Extreme Speed - Snarl - Close Combat GROHAHSHSHSH (Gastrodon) (F) @ Leftovers Ability: Storm Drain Level: 50 Tera Type: Fire - Protect - Yawn - Ice Beam - Earth Power IRON MUGULIS (Rotom-Mow) @ Life Orb Ability: Levitate Level: 50 Tera Type: Electric - Protect - Will-O-Wisp - Thunderbolt - Leaf Storm Great Tyrant (Tyranitar) (M) @ Chople Berry Ability: Sand Stream Level: 50 Shiny: Yes Tera Type: Rock - Protect - Rock Slide - Crunch - Ice Punch IRON BIRD (Corviknight) @ Aguav Berry Ability: Mirror Armor Level: 50 Tera Type: Fire - Protect - Bulk Up - Brave Bird - Roost THE LIZARD (Salamence) @ Safety Goggles Ability: Intimidate Level: 50 Tera Type: Fire - Protect - Tailwind - Draco Meteor - Flamethrower <\/details><\/div>\n|j| a12351\n|j| Radio Free C-Side\n|c|\u2606esotilin123456|glhf\n|c|\u2606tatsugirl i~|u2\n|c| a12351|This looks like gen 8 abit\n|l| a12351\n|c|\u2606tatsugirl i~|it looks 2015ish\n|\n|t:|1682900073\n|start\n|switch|p1a: Flutter Mane|Flutter Mane, L50|100\/100\n|switch|p1b: Dragapult|Dragapult, L50, M|100\/100\n|switch|p2a: Great Tyrant|Tyranitar, L50, M, shiny|100\/100\n|switch|p2b: GROHAHSHSHSH|Gastrodon, L50, F|100\/100\n|-weather|Sandstorm|[from] ability: Sand Stream|[of] p2a: Great Tyrant\n|-enditem|p1a: Flutter Mane|Booster Energy\n|-activate|p1a: Flutter Mane|ability: Protosynthesis|[fromitem]\n|-start|p1a: Flutter Mane|protosynthesisspe\n|turn|1\n|j| a12351\n|\n|t:|1682900093\n|-terastallize|p2a: Great Tyrant|Rock\n|move|p1a: Flutter Mane|Protect|p1a: Flutter Mane\n|-singleturn|p1a: Flutter Mane|Protect\n|move|p1b: Dragapult|Will-O-Wisp|p2a: Great Tyrant\n|-status|p2a: Great Tyrant|brn\n|move|p2a: Great Tyrant|Rock Slide|p1b: Dragapult|[spread] p1b\n|-activate|p1a: Flutter Mane|move: Protect\n|-damage|p1b: Dragapult|70\/100\n|move|p2b: GROHAHSHSHSH|Earth Power|p1a: Flutter Mane\n|-activate|p1a: Flutter Mane|move: Protect\n|\n|-weather|Sandstorm|[upkeep]\n|-damage|p1a: Flutter Mane|95\/100|[from] Sandstorm\n|-damage|p1b: Dragapult|64\/100|[from] Sandstorm\n|-damage|p2a: Great Tyrant|94\/100 brn|[from] brn\n|upkeep\n|turn|2\n|\n|t:|1682900116\n|-terastallize|p1a: Flutter Mane|Fairy\n|move|p1a: Flutter Mane|Moonblast|p2b: GROHAHSHSHSH\n|-damage|p2b: GROHAHSHSHSH|30\/100\n|move|p1b: Dragapult|Dragon Darts|p2b: GROHAHSHSHSH\n|-damage|p2b: GROHAHSHSHSH|0 fnt\n|-anim|p1b: Dragapult|Dragon Darts|p2a: Great Tyrant\n|-damage|p2a: Great Tyrant|67\/100 brn\n|faint|p2b: GROHAHSHSHSH\n|-damage|p1b: Dragapult|54\/100|[from] item: Life Orb\n|move|p2a: Great Tyrant|Rock Slide|p1a: Flutter Mane|[spread] p1a,p1b\n|-damage|p1a: Flutter Mane|56\/100\n|-damage|p1b: Dragapult|27\/100\n|\n|-weather|Sandstorm|[upkeep]\n|-damage|p1a: Flutter Mane|50\/100|[from] Sandstorm\n|-damage|p1b: Dragapult|21\/100|[from] Sandstorm\n|-damage|p2a: Great Tyrant|61\/100 brn|[from] brn\n|upkeep\n|\n|t:|1682900130\n|switch|p2b: good boi|Arcanine, L50, M|100\/100\n|-ability|p2b: good boi|Intimidate|boost\n|-unboost|p1a: Flutter Mane|atk|1\n|-fail|p1b: Dragapult|unboost|[from] ability: Clear Body|[of] p1b: Dragapult\n|turn|3\n|\n|t:|1682900152\n|move|p2b: good boi|Extreme Speed|p1a: Flutter Mane\n|-damage|p1a: Flutter Mane|3\/100\n|move|p1a: Flutter Mane|Shadow Ball|p2b: good boi\n|-damage|p2b: good boi|72\/100\n|-unboost|p2b: good boi|spd|1\n|move|p1b: Dragapult|Dragon Darts|p2b: good boi\n|-damage|p2b: good boi|38\/100\n|-anim|p1b: Dragapult|Dragon Darts|p2a: Great Tyrant\n|-damage|p2a: Great Tyrant|32\/100 brn\n|-damage|p1b: Dragapult|12\/100|[from] item: Life Orb\n|move|p2a: Great Tyrant|Rock Slide|p1a: Flutter Mane|[spread] p1a,p1b\n|-damage|p1a: Flutter Mane|0 fnt\n|-damage|p1b: Dragapult|0 fnt\n|faint|p1a: Flutter Mane\n|-end|p1a: Flutter Mane|Protosynthesis|[silent]\n|faint|p1b: Dragapult\n|\n|-weather|Sandstorm|[upkeep]\n|-damage|p2b: good boi|32\/100|[from] Sandstorm\n|-damage|p2a: Great Tyrant|25\/100 brn|[from] brn\n|upkeep\n|c| a12351|I need to name my rk9 good boi everyone is\n|\n|t:|1682900171\n|switch|p1b: Chi-Yu|Chi-Yu, L50|100\/100\n|switch|p1a: Kingambit|Kingambit, L50, M|100\/100\n|-ability|p1b: Chi-Yu|Beads of Ruin\n|turn|4\n|c| Radio Free C-Side|because he is the goodest boi\n|\n|t:|1682900182\n|move|p1a: Kingambit|Protect|p1a: Kingambit\n|-singleturn|p1a: Kingambit|Protect\n|move|p1b: Chi-Yu|Lava Plume|p2b: good boi|[spread] p2a,p2b\n|-activate|p1a: Kingambit|move: Protect\n|-resisted|p2a: Great Tyrant\n|-resisted|p2b: good boi\n|-damage|p2a: Great Tyrant|14\/100 brn\n|-damage|p2b: good boi|9\/100\n|move|p2b: good boi|Close Combat|p1a: Kingambit\n|-activate|p1a: Kingambit|move: Protect\n|move|p2a: Great Tyrant|Rock Slide|p1b: Chi-Yu|[spread] p1b\n|-activate|p1a: Kingambit|move: Protect\n|-supereffective|p1b: Chi-Yu\n|-damage|p1b: Chi-Yu|52\/100\n|\n|-weather|Sandstorm|[upkeep]\n|-damage|p1b: Chi-Yu|46\/100|[from] Sandstorm\n|-damage|p2b: good boi|3\/100|[from] Sandstorm\n|-damage|p2a: Great Tyrant|7\/100 brn|[from] brn\n|upkeep\n|turn|5\n|c| a12351|Yay combat\n|\n|t:|1682900208\n|move|p2b: good boi|Extreme Speed|p1b: Chi-Yu\n|-damage|p1b: Chi-Yu|17\/100\n|move|p1a: Kingambit|Sucker Punch||[still]\n|-fail|p1a: Kingambit\n|move|p1b: Chi-Yu|Dark Pulse|p2a: Great Tyrant\n|-damage|p2a: Great Tyrant|0 fnt\n|faint|p2a: Great Tyrant\n|\n|-weather|none\n|upkeep\n|\n|t:|1682900215\n|switch|p2a: IRON BIRD|Corviknight, L50, M|100\/100\n|turn|6\n|\n|t:|1682900219\n|move|p1b: Chi-Yu|Protect|p1b: Chi-Yu\n|-singleturn|p1b: Chi-Yu|Protect\n|move|p2b: good boi|Extreme Speed|p1b: Chi-Yu\n|-activate|p1b: Chi-Yu|move: Protect\n|move|p1a: Kingambit|Sucker Punch||[still]\n|-fail|p1a: Kingambit\n|move|p2a: IRON BIRD|Bulk Up|p2a: IRON BIRD\n|-boost|p2a: IRON BIRD|atk|1\n|-boost|p2a: IRON BIRD|def|1\n|\n|upkeep\n|turn|7\n|\n|t:|1682900228\n|move|p1b: Chi-Yu|Protect||[still]\n|-fail|p1b: Chi-Yu\n|move|p2b: good boi|Extreme Speed|p1b: Chi-Yu\n|-damage|p1b: Chi-Yu|0 fnt\n|faint|p1b: Chi-Yu\n|move|p2a: IRON BIRD|Bulk Up|p2a: IRON BIRD\n|-boost|p2a: IRON BIRD|atk|1\n|-boost|p2a: IRON BIRD|def|1\n|move|p1a: Kingambit|Kowtow Cleave|p2b: good boi\n|-damage|p2b: good boi|0 fnt\n|faint|p2b: good boi\n|\n|upkeep\n|turn|8\n|\n|t:|1682900233\n|move|p2a: IRON BIRD|Bulk Up|p2a: IRON BIRD\n|-boost|p2a: IRON BIRD|atk|1\n|-boost|p2a: IRON BIRD|def|1\n|move|p1a: Kingambit|Kowtow Cleave|p2a: IRON BIRD\n|-damage|p2a: IRON BIRD|83\/100\n|\n|upkeep\n|turn|9\n|\n|t:|1682900239\n|move|p2a: IRON BIRD|Bulk Up|p2a: IRON BIRD\n|-boost|p2a: IRON BIRD|atk|1\n|-boost|p2a: IRON BIRD|def|1\n|move|p1a: Kingambit|Kowtow Cleave|p2a: IRON BIRD\n|-damage|p2a: IRON BIRD|69\/100\n|\n|upkeep\n|turn|10\n|\n|t:|1682900246\n|move|p2a: IRON BIRD|Bulk Up|p2a: IRON BIRD\n|-boost|p2a: IRON BIRD|atk|1\n|-boost|p2a: IRON BIRD|def|1\n|move|p1a: Kingambit|Kowtow Cleave|p2a: IRON BIRD\n|-damage|p2a: IRON BIRD|58\/100\n|\n|upkeep\n|turn|11\n|c| a12351|Stall time\n|\n|t:|1682900255\n|move|p2a: IRON BIRD|Roost|p2a: IRON BIRD\n|-heal|p2a: IRON BIRD|100\/100\n|-singleturn|p2a: IRON BIRD|move: Roost\n|move|p1a: Kingambit|Kowtow Cleave|p2a: IRON BIRD\n|-damage|p2a: IRON BIRD|88\/100\n|\n|upkeep\n|turn|12\n|\n|t:|1682900262\n|move|p2a: IRON BIRD|Brave Bird|p1a: Kingambit\n|-resisted|p1a: Kingambit\n|-damage|p1a: Kingambit|37\/100\n|-damage|p2a: IRON BIRD|66\/100|[from] Recoil\n|move|p1a: Kingambit|Kowtow Cleave|p2a: IRON BIRD\n|-crit|p2a: IRON BIRD\n|-damage|p2a: IRON BIRD|7\/100\n|-enditem|p2a: IRON BIRD|Aguav Berry|[eat]\n|-heal|p2a: IRON BIRD|41\/100|[from] item: Aguav Berry\n|\n|upkeep\n|turn|13\n|\n|t:|1682900273\n|move|p1a: Kingambit|Sucker Punch|p2a: IRON BIRD\n|-crit|p2a: IRON BIRD\n|-damage|p2a: IRON BIRD|0 fnt\n|faint|p2a: IRON BIRD\n|\n|win|tatsugirl i~\n|n|\u2606tatsugirl i~|tatsugirli\n|n|\u2606esotilin123456|esotilin123456\n|n| Radio Free C-Side|radiofreecside\n|n| a12351|a12351\n|c|\u2606tatsugirl i~|planned\n|c| a12351|What !!\n|c|\u2606esotilin123456|WHAT\n|c| Radio Free C-Side|all skill\n|c| a12351|Crit\n|c|\u2606tatsugirl i~|100%\n","uploadtime":1682900283,"views":4,"p1id":"tatsugirli","p2id":"esotilin123456","formatid":"gen9vgc2023regulationc","rating":0,"private":0,"password":""}