{"id":"gen9vgc2023regulationc-1852244608","p1":"DuelLuna","p2":"VGCGohs","format":"[Gen 9] VGC 2023 Regulation C","log":"|j|\u2606DuelLuna\n|j|\u2606VGCGohs\n|t:|1682536198\n|gametype|doubles\n|player|p1|DuelLuna|caitlin|\n|player|p2|VGCGohs|265|\n|teamsize|p1|6\n|teamsize|p2|6\n|gen|9\n|tier|[Gen 9] VGC 2023 Regulation C\n|rule|Species Clause: Limit one of each Pok\u00e9mon\n|rule|Item Clause: Limit one of each item\n|clearpoke\n|poke|p1|Dondozo, L50, M|\n|poke|p1|Flutter Mane, L50|\n|poke|p1|Amoonguss, L50, F|\n|poke|p1|Ting-Lu, L50|\n|poke|p1|Dragonite, L50, M|\n|poke|p1|Chien-Pao, L50|\n|poke|p2|Flutter Mane, L50|\n|poke|p2|Chien-Pao, L50|\n|poke|p2|Chi-Yu, L50|\n|poke|p2|Dragonite, L50, M|\n|poke|p2|Annihilape, L50, M|\n|poke|p2|Maushold-Four, L50|\n|teampreview|4\nDuelLuna has agreed to open team sheets.\nVGCGohs has agreed to open team sheets.\n|\n|t:|1682536214\n|start\n|switch|p1a: Dondozo|Dondozo, L50, M|100\/100\n|switch|p1b: Ting-Lu|Ting-Lu, L50|100\/100\n|switch|p2a: Monke|Annihilape, L50, M, shiny|100\/100\n|switch|p2b: Family Guy|Maushold-Four, L50|100\/100\n|-ability|p1b: Ting-Lu|Vessel of Ruin\n|turn|1\n|\n|t:|1682536242\n|switch|p1b: Dragonite|Dragonite, L50, M|100\/100\n|move|p2b: Family Guy|Beat Up|p2a: Monke\n|-damage|p2a: Monke|98\/100\n|-damage|p2a: Monke|97\/100\n|-damage|p2a: Monke|95\/100\n|-damage|p2a: Monke|92\/100\n|-hitcount|p2a: Monke|4\n|move|p2a: Monke|Rage Fist|p1a: Dondozo\n|-damage|p1a: Dondozo|9\/100\n|move|p1a: Dondozo|Yawn|p2b: Family Guy\n|-start|p2b: Family Guy|move: Yawn|[of] p1a: Dondozo\n|\n|-heal|p1a: Dondozo|15\/100|[from] item: Leftovers\n|upkeep\n|turn|2\n|l|\u2606DuelLuna\n|player|p1|\n|j|\u2606DuelLuna\n|player|p1|DuelLuna|caitlin\n|\n|t:|1682536271\n|switch|p2b: Orange Sonic|Dragonite, L50, M|100\/100\n|switch|p1a: Ting-Lu|Ting-Lu, L50|100\/100\n|-ability|p1a: Ting-Lu|Vessel of Ruin\n|move|p1b: Dragonite|Outrage|p2b: Orange Sonic\n|-supereffective|p2b: Orange Sonic\n|-damage|p2b: Orange Sonic|0 fnt\n|faint|p2b: Orange Sonic\n|move|p2a: Monke|Ice Punch|p1b: Dragonite\n|-supereffective|p1b: Dragonite\n|-crit|p1b: Dragonite\n|-damage|p1b: Dragonite|0 fnt\n|faint|p1b: Dragonite\n|\n|upkeep\n|\n|t:|1682536288\n|switch|p1b: Chien-Pao|Chien-Pao, L50|100\/100\n|switch|p2b: Family Guy|Maushold-Four, L50|100\/100\n|-ability|p1b: Chien-Pao|Sword of Ruin\n|turn|3\n|\n|t:|1682536309\n|-terastallize|p1b: Chien-Pao|Ice\n|move|p2b: Family Guy|Protect|p2b: Family Guy\n|-singleturn|p2b: Family Guy|Protect\n|move|p1a: Ting-Lu|Protect|p1a: Ting-Lu\n|-singleturn|p1a: Ting-Lu|Protect\n|move|p1b: Chien-Pao|Ice Spinner|p2a: Monke\n|-damage|p2a: Monke|49\/100\n|move|p2a: Monke|Drain Punch|p1b: Chien-Pao\n|-supereffective|p1b: Chien-Pao\n|-enditem|p1b: Chien-Pao|Focus Sash\n|-damage|p1b: Chien-Pao|1\/100\n|-heal|p2a: Monke|91\/100|[from] drain|[of] p1b: Chien-Pao\n|\n|upkeep\n|turn|4\n|\n|t:|1682536339\n|-terastallize|p2b: Family Guy|Ghost\n|move|p2b: Family Guy|Follow Me|p2b: Family Guy\n|-singleturn|p2b: Family Guy|move: Follow Me\n|move|p1b: Chien-Pao|Ice Spinner|p2b: Family Guy\n|-damage|p2b: Family Guy|7\/100\n|move|p2a: Monke|Rage Fist|p1a: Ting-Lu\n|-resisted|p1a: Ting-Lu\n|-damage|p1a: Ting-Lu|38\/100\n|move|p1a: Ting-Lu|Stomping Tantrum|p2b: Family Guy\n|-damage|p2b: Family Guy|0 fnt\n|faint|p2b: Family Guy\n|\n|upkeep\n|\n|t:|1682536353\n|switch|p2b: Weasel|Chien-Pao, L50|100\/100\n|-ability|p2b: Weasel|Sword of Ruin\n|turn|5\n|\n|t:|1682536373\n|move|p1b: Chien-Pao|Sucker Punch|p2a: Monke\n|-damage|p2a: Monke|49\/100\n|move|p2b: Weasel|Sucker Punch||[still]\n|-fail|p2b: Weasel\n|move|p2a: Monke|Rage Fist|p1a: Ting-Lu\n|-resisted|p1a: Ting-Lu\n|-damage|p1a: Ting-Lu|0 fnt\n|faint|p1a: Ting-Lu\n|\n|upkeep\n|\n|t:|1682536379\n|switch|p1a: Dondozo|Dondozo, L50, M|15\/100\n|turn|6\n|l|\u2606DuelLuna\n|player|p1|\n|j|\u2606DuelLuna\n|player|p1|DuelLuna|caitlin\n|\n|t:|1682536445\n|move|p1a: Dondozo|Protect|p1a: Dondozo\n|-singleturn|p1a: Dondozo|Protect\n|move|p1b: Chien-Pao|Sucker Punch|p2a: Monke\n|-damage|p2a: Monke|10\/100\n|move|p2b: Weasel|Ice Spinner|p1b: Chien-Pao\n|-resisted|p1b: Chien-Pao\n|-damage|p1b: Chien-Pao|0 fnt\n|faint|p1b: Chien-Pao\n|move|p2a: Monke|Rage Fist|p1a: Dondozo\n|-activate|p1a: Dondozo|move: Protect\n|\n|-heal|p1a: Dondozo|21\/100|[from] item: Leftovers\n|upkeep\n|turn|7\n|c|\u2606DuelLuna|That\u2019s gg\n|\n|t:|1682536487\n|move|p2b: Weasel|Sucker Punch|p1a: Dondozo\n|-damage|p1a: Dondozo|0 fnt\n|faint|p1a: Dondozo\n|\n|win|VGCGohs\n|c|\u2606VGCGohs|gg\n|player|p1|DuelLuna|caitlin\n|l|\u2606DuelLuna\n|player|p1|\n|j|\u2606DuelLuna\n|player|p1|DuelLuna|caitlin\n","uploadtime":1682536512,"views":11,"p1id":"duelluna","p2id":"vgcgohs","formatid":"gen9vgc2023regulationc","rating":0,"private":0,"password":""}