{"id":"gen9vgc2023regulationc-1848644136","p1":"BlindMagneton","p2":"souraphyz","format":"[Gen 9] VGC 2023 Regulation C","log":"|j|\u2606BlindMagneton\n|j|\u2606souraphyz\n|t:|1682097148\n|gametype|doubles\n|player|p1|BlindMagneton|wattson|1318\n|player|p2|souraphyz|lucas-gen4pt|1328\n|teamsize|p1|6\n|teamsize|p2|6\n|gen|9\n|tier|[Gen 9] VGC 2023 Regulation C\n|rated|\n|rule|Species Clause: Limit one of each Pok\u00e9mon\n|rule|Item Clause: Limit one of each item\n|clearpoke\n|poke|p1|Tinkaton, L50, F|\n|poke|p1|Wo-Chien, L50|\n|poke|p1|Ceruledge, L50, M|\n|poke|p1|Grimmsnarl, L50, M|\n|poke|p1|Chien-Pao, L50|\n|poke|p1|Dragapult, L50, M|\n|poke|p2|Palafin, L50, M|\n|poke|p2|Arcanine, L50, F|\n|poke|p2|Amoonguss, L50, M|\n|poke|p2|Flutter Mane, L50|\n|poke|p2|Dragonite, L50, F|\n|poke|p2|Iron Hands, L50|\n|teampreview|4\n|inactive|Battle timer is ON: inactive players will automatically lose when time's up. (requested by souraphyz)\n|inactive|BlindMagneton has 60 seconds left.\n|inactive|BlindMagneton has 30 seconds left.\n|\n|t:|1682097280\n|start\n|switch|p1a: Ceruledge|Ceruledge, L50, M|100\/100\n|switch|p1b: Dragapult|Dragapult, L50, M|100\/100\n|switch|p2a: Palafin|Palafin, L50, M|100\/100\n|switch|p2b: Dragonite|Dragonite, L50, F|100\/100\n|turn|1\n|inactive|souraphyz has 30 seconds left.\n|inactive|BlindMagneton has 30 seconds left.\n|inactive|souraphyz has 20 seconds left.\n|inactive|souraphyz has 15 seconds left.\n|inactive|souraphyz has 10 seconds left.\n|\n|t:|1682097327\n|move|p2a: Palafin|Protect|p2a: Palafin\n|-singleturn|p2a: Palafin|Protect\n|move|p1a: Ceruledge|Protect|p1a: Ceruledge\n|-singleturn|p1a: Ceruledge|Protect\n|move|p1b: Dragapult|Dragon Darts|p2b: Dragonite\n|-supereffective|p2b: Dragonite\n|-damage|p2b: Dragonite|50\/100\n|-anim|p1b: Dragapult|Dragon Darts|p2b: Dragonite\n|-supereffective|p2b: Dragonite\n|-damage|p2b: Dragonite|6\/100\n|move|p2b: Dragonite|Tailwind|p2b: Dragonite\n|-sidestart|p2: souraphyz|move: Tailwind\n|\n|upkeep\n|turn|2\n|inactive|BlindMagneton has 30 seconds left.\n|inactive|souraphyz has 30 seconds left.\n|inactive|BlindMagneton has 20 seconds left.\n|inactive|BlindMagneton has 15 seconds left.\n|inactive|BlindMagneton has 10 seconds left.\n|inactive|BlindMagneton has 5 seconds left.\n|\n|t:|1682097379\n|switch|p2b: Arcanine|Arcanine, L50, F|100\/100\n|-ability|p2b: Arcanine|Intimidate|boost\n|-fail|p1a: Ceruledge|unboost|[from] item: Clear Amulet|[of] p1a: Ceruledge\n|-fail|p1b: Dragapult|unboost|[from] ability: Clear Body|[of] p1b: Dragapult\n|switch|p1a: Grimmsnarl|Grimmsnarl, L50, M|100\/100\n|move|p2a: Palafin|Jet Punch|p1a: Grimmsnarl\n|-damage|p1a: Grimmsnarl|58\/100\n|move|p1b: Dragapult|Will-O-Wisp|p2a: Palafin\n|-status|p2a: Palafin|brn\n|\n|-damage|p2a: Palafin|95\/100 brn|[from] brn\n|upkeep\n|turn|3\n|\n|t:|1682097402\n|detailschange|p2a: Palafin|Palafin-Hero, L50, M\n|switch|p2a: Flutter Mane|Flutter Mane, L50|100\/100\n|-enditem|p2a: Flutter Mane|Booster Energy\n|-activate|p2a: Flutter Mane|ability: Protosynthesis|[fromitem]\n|-start|p2a: Flutter Mane|protosynthesisspa\n|move|p1a: Grimmsnarl|Fake Out|p2b: Arcanine\n|-damage|p2b: Arcanine|84\/100\n|cant|p2b: Arcanine|flinch\n|move|p1b: Dragapult|Will-O-Wisp|p2a: Flutter Mane\n|-status|p2a: Flutter Mane|brn\n|\n|-damage|p2a: Flutter Mane|94\/100 brn|[from] brn\n|upkeep\n|turn|4\n|inactive|BlindMagneton has 30 seconds left.\n|inactive|BlindMagneton has 20 seconds left.\n|inactive|BlindMagneton has 15 seconds left.\n|inactive|BlindMagneton has 10 seconds left.\n|\n|t:|1682097451\n|switch|p2b: Palafin|Palafin-Hero, L50, M|95\/100 brn\n|-activate|p2b: Palafin|ability: Zero to Hero\n|switch|p1b: Wo-Chien|Wo-Chien, L50|100\/100\n|-ability|p1b: Wo-Chien|Tablets of Ruin\n|move|p1a: Grimmsnarl|Swagger|p2a: Flutter Mane\n|-boost|p2a: Flutter Mane|atk|2\n|-start|p2a: Flutter Mane|confusion\n|-activate|p2a: Flutter Mane|confusion\n|move|p2a: Flutter Mane|Dazzling Gleam|p1b: Wo-Chien|[spread] p1a,p1b\n|-supereffective|p1a: Grimmsnarl\n|-supereffective|p1b: Wo-Chien\n|-damage|p1a: Grimmsnarl|0 fnt\n|-damage|p1b: Wo-Chien|57\/100\n|faint|p1a: Grimmsnarl\n|\n|-damage|p2a: Flutter Mane|88\/100 brn|[from] brn\n|-damage|p2b: Palafin|89\/100 brn|[from] brn\n|-sideend|p2: souraphyz|move: Tailwind\n|upkeep\n|\n|t:|1682097468\n|switch|p1a: Ceruledge|Ceruledge, L50, M|100\/100\n|turn|5\n|\n|t:|1682097488\n|-end|p2a: Flutter Mane|Protosynthesis|[silent]\n|switch|p2a: Dragonite|Dragonite, L50, F|6\/100\n|-terastallize|p1a: Ceruledge|Grass\n|move|p2b: Palafin|Protect|p2b: Palafin\n|-singleturn|p2b: Palafin|Protect\n|move|p1a: Ceruledge|Bulk Up|p1a: Ceruledge\n|-boost|p1a: Ceruledge|atk|1\n|-boost|p1a: Ceruledge|def|1\n|move|p1b: Wo-Chien|Giga Drain|p2b: Palafin\n|-activate|p2b: Palafin|move: Protect\n|\n|-damage|p2b: Palafin|83\/100 brn|[from] brn\n|upkeep\n|turn|6\n|inactive|BlindMagneton has 30 seconds left.\n|inactive|BlindMagneton has 20 seconds left.\n|\n|t:|1682097528\n|switch|p2b: Arcanine|Arcanine, L50, F|84\/100\n|-ability|p2b: Arcanine|Intimidate|boost\n|-fail|p1a: Ceruledge|unboost|[from] item: Clear Amulet|[of] p1a: Ceruledge\n|-unboost|p1b: Wo-Chien|atk|1\n|-terastallize|p2a: Dragonite|Flying\n|move|p2a: Dragonite|Tera Blast|p1a: Ceruledge\n|-supereffective|p1a: Ceruledge\n|-damage|p1a: Ceruledge|30\/100\n|move|p1a: Ceruledge|Bulk Up|p1a: Ceruledge\n|-boost|p1a: Ceruledge|atk|1\n|-boost|p1a: Ceruledge|def|1\n|move|p1b: Wo-Chien|Foul Play|p2a: Dragonite\n|-damage|p2a: Dragonite|0 fnt\n|faint|p2a: Dragonite\n|\n|upkeep\n|\n|t:|1682097542\n|switch|p2a: Flutter Mane|Flutter Mane, L50|88\/100 brn\n|turn|7\n|inactive|BlindMagneton has 30 seconds left.\n|\n|t:|1682097568\n|move|p1a: Ceruledge|Shadow Sneak|p2a: Flutter Mane\n|-supereffective|p2a: Flutter Mane\n|-damage|p2a: Flutter Mane|0 fnt\n|faint|p2a: Flutter Mane\n|-end|p2a: Flutter Mane|Protosynthesis|[silent]\n|move|p2b: Arcanine|Flare Blitz|p1b: Wo-Chien\n|-supereffective|p1b: Wo-Chien\n|-damage|p1b: Wo-Chien|0 fnt\n|faint|p1b: Wo-Chien\n|-damage|p2b: Arcanine|65\/100|[from] Recoil\n|\n|upkeep\n|\n|t:|1682097576\n|switch|p2a: Palafin|Palafin-Hero, L50, M|83\/100 brn\n|switch|p1b: Dragapult|Dragapult, L50, M|100\/100\n|turn|8\n|\n|t:|1682097594\n|move|p2b: Arcanine|Extreme Speed|p1a: Ceruledge\n|-damage|p1a: Ceruledge|15\/100\n|move|p2a: Palafin|Jet Punch|p1a: Ceruledge\n|-resisted|p1a: Ceruledge\n|-damage|p1a: Ceruledge|8\/100\n|move|p1b: Dragapult|Phantom Force||[still]\n|-prepare|p1b: Dragapult|Phantom Force\n|move|p1a: Ceruledge|Bitter Blade|p2b: Arcanine\n|-resisted|p2b: Arcanine\n|-damage|p2b: Arcanine|12\/100\n|-heal|p1a: Ceruledge|36\/100|[from] drain|[of] p2b: Arcanine\n|\n|-damage|p2a: Palafin|77\/100 brn|[from] brn\n|upkeep\n|turn|9\n|-message|souraphyz forfeited.\n|\n|win|BlindMagneton\n|raw|BlindMagneton's rating: 1318 → 1339<\/strong> (+21 for winning)\n|raw|souraphyz's rating: 1328 → 1307<\/strong> (-21 for losing)\n|l|\u2606souraphyz\n","uploadtime":1682097615,"views":10,"p1id":"blindmagneton","p2id":"souraphyz","formatid":"gen9vgc2023regulationc","rating":1307,"private":0,"password":""}