{"id":"gen9vgc2023regulationc-1850605619","p1":"Kirovz","p2":"jamcoux","format":"[Gen 9] VGC 2023 Regulation C","log":"|j|\u2606Kirovz\n|j|\u2606jamcoux\n|t:|1682352450\n|gametype|doubles\n|player|p1|Kirovz|lance|1252\n|player|p2|jamcoux|hilbert|1214\n|teamsize|p1|6\n|teamsize|p2|6\n|gen|9\n|tier|[Gen 9] VGC 2023 Regulation C\n|rated|\n|rule|Species Clause: Limit one of each Pok\u00e9mon\n|rule|Item Clause: Limit one of each item\n|clearpoke\n|poke|p1|Dondozo, L50, M|\n|poke|p1|Tatsugiri-Stretchy, L50, M|\n|poke|p1|Chi-Yu, L50|\n|poke|p1|Flutter Mane, L50|\n|poke|p1|Dragonite, L50, M|\n|poke|p1|Glimmora, L50, M|\n|poke|p2|Chien-Pao, L50|\n|poke|p2|Gyarados, L50, M|\n|poke|p2|Dragonite, L50, M|\n|poke|p2|Kingambit, L50, M|\n|poke|p2|Great Tusk, L50|\n|poke|p2|Flutter Mane, L50|\n|teampreview|4\n|\n|t:|1682352519\n|start\n|switch|p1a: Glimmora|Glimmora, L50, M|100\/100\n|switch|p1b: Dragonite|Dragonite, L50, M|100\/100\n|switch|p2a: Great Tusk|Great Tusk, L50|100\/100\n|switch|p2b: Dragonite|Dragonite, L50, M|100\/100\n|turn|1\n|\n|t:|1682352558\n|move|p1b: Dragonite|Protect|p1b: Dragonite\n|-singleturn|p1b: Dragonite|Protect\n|move|p2a: Great Tusk|Rock Slide|p1a: Glimmora|[spread] p1a\n|-activate|p1b: Dragonite|move: Protect\n|-damage|p1a: Glimmora|75\/100\n|-activate|p1a: Glimmora|ability: Toxic Debris\n|-sidestart|p2: jamcoux|move: Toxic Spikes\n|move|p1a: Glimmora|Toxic|p2a: Great Tusk\n|-status|p2a: Great Tusk|tox\n|move|p2b: Dragonite|Rock Slide|p1b: Dragonite|[spread] p1a\n|-activate|p1b: Dragonite|move: Protect\n|-damage|p1a: Glimmora|36\/100\n|-activate|p1a: Glimmora|ability: Toxic Debris\n|-sidestart|p2: jamcoux|move: Toxic Spikes\n|\n|-damage|p2a: Great Tusk|95\/100 tox|[from] psn\n|upkeep\n|turn|2\n|\n|t:|1682352577\n|switch|p1b: Dondozo|Dondozo, L50, M|100\/100\n|move|p1a: Glimmora|Spiky Shield|p1a: Glimmora\n|-singleturn|p1a: Glimmora|move: Protect\n|move|p2a: Great Tusk|Rock Slide|p1b: Dondozo|[spread] p1b\n|-activate|p1a: Glimmora|move: Protect\n|-crit|p1b: Dondozo\n|-damage|p1b: Dondozo|80\/100\n|move|p2b: Dragonite|Rock Slide|p1a: Glimmora|[spread] \n|-activate|p1a: Glimmora|move: Protect\n|-miss|p2b: Dragonite|p1b: Dondozo\n|\n|-damage|p2a: Great Tusk|83\/100 tox|[from] psn\n|upkeep\n|turn|3\n|\n|t:|1682352601\n|switch|p2b: Gyarados|Gyarados, L50, M|100\/100\n|-ability|p2b: Gyarados|Intimidate|boost\n|-unboost|p1a: Glimmora|atk|1\n|-unboost|p1b: Dondozo|atk|1\n|move|p1b: Dondozo|Protect|p1b: Dondozo\n|-singleturn|p1b: Dondozo|Protect\n|move|p2a: Great Tusk|Rock Slide|p1b: Dondozo|[spread] p1a\n|-activate|p1b: Dondozo|move: Protect\n|-damage|p1a: Glimmora|7\/100\n|move|p1a: Glimmora|Toxic|p2b: Gyarados\n|-status|p2b: Gyarados|tox\n|\n|-damage|p2a: Great Tusk|66\/100 tox|[from] psn\n|-damage|p2b: Gyarados|94\/100 tox|[from] psn\n|upkeep\n|turn|4\n|\n|t:|1682352625\n|move|p1a: Glimmora|Spiky Shield|p1a: Glimmora\n|-singleturn|p1a: Glimmora|move: Protect\n|move|p2a: Great Tusk|Rock Slide|p1b: Dondozo|[spread] p1b\n|-activate|p1a: Glimmora|move: Protect\n|-damage|p1b: Dondozo|67\/100\n|move|p2b: Gyarados|Thunder Wave|p1b: Dondozo\n|-status|p1b: Dondozo|par\n|move|p1b: Dondozo|Bulldoze|p2a: Great Tusk|[spread] p2a\n|-activate|p1a: Glimmora|move: Protect\n|-immune|p2b: Gyarados\n|-damage|p2a: Great Tusk|61\/100 tox\n|-unboost|p2a: Great Tusk|spe|1\n|\n|-damage|p2a: Great Tusk|38\/100 tox|[from] psn\n|-damage|p2b: Gyarados|82\/100 tox|[from] psn\n|upkeep\n|turn|5\n|\n|t:|1682352650\n|-end|p2a: Great Tusk|Protosynthesis|[silent]\n|switch|p2a: Dragonite|Dragonite, L50, M|100\/100\n|move|p1b: Dondozo|Protect|p1b: Dondozo\n|-singleturn|p1b: Dondozo|Protect\n|move|p1a: Glimmora|Power Gem|p2b: Gyarados\n|-supereffective|p2b: Gyarados\n|-damage|p2b: Gyarados|28\/100 tox\n|-enditem|p2b: Gyarados|Sitrus Berry|[eat]\n|-heal|p2b: Gyarados|53\/100 tox|[from] item: Sitrus Berry\n|move|p2b: Gyarados|Waterfall|p1b: Dondozo\n|-activate|p1b: Dondozo|move: Protect\n|\n|-damage|p2b: Gyarados|34\/100 tox|[from] psn\n|upkeep\n|turn|6\n|\n|t:|1682352685\n|switch|p2b: Great Tusk|Great Tusk, L50|38\/100 tox\n|-terastallize|p2a: Dragonite|Normal\n|move|p1a: Glimmora|Spiky Shield|p1a: Glimmora\n|-singleturn|p1a: Glimmora|move: Protect\n|move|p2a: Dragonite|Facade|p1b: Dondozo\n|-damage|p1b: Dondozo|29\/100 par\n|-enditem|p1b: Dondozo|Sitrus Berry|[eat]\n|-heal|p1b: Dondozo|54\/100 par|[from] item: Sitrus Berry\n|move|p1b: Dondozo|Yawn|p2a: Dragonite\n|-start|p2a: Dragonite|move: Yawn|[of] p1b: Dondozo\n|\n|-damage|p2b: Great Tusk|32\/100 tox|[from] psn\n|upkeep\n|turn|7\n|\n|t:|1682352707\n|switch|p2a: Gyarados|Gyarados, L50, M|34\/100 tox\n|-ability|p2a: Gyarados|Intimidate|boost\n|-unboost|p1a: Glimmora|atk|1\n|-unboost|p1b: Dondozo|atk|1\n|cant|p1b: Dondozo|par\n|move|p2b: Great Tusk|Earthquake|p1b: Dondozo|[spread] p1a,p1b\n|-immune|p2a: Gyarados\n|-supereffective|p1a: Glimmora\n|-damage|p1a: Glimmora|0 fnt\n|-damage|p1b: Dondozo|29\/100 par\n|faint|p1a: Glimmora\n|\n|-damage|p2b: Great Tusk|20\/100 tox|[from] psn\n|-damage|p2a: Gyarados|28\/100 tox|[from] psn\n|upkeep\n|\n|t:|1682352729\n|switch|p1a: Flutter Mane|Flutter Mane, L50|100\/100\n|-enditem|p1a: Flutter Mane|Booster Energy\n|-activate|p1a: Flutter Mane|ability: Protosynthesis|[fromitem]\n|-start|p1a: Flutter Mane|protosynthesisspe\n|turn|8\n|\n|t:|1682352737\n|move|p1a: Flutter Mane|Protect|p1a: Flutter Mane\n|-singleturn|p1a: Flutter Mane|Protect\n|move|p2a: Gyarados|Protect|p2a: Gyarados\n|-singleturn|p2a: Gyarados|Protect\n|move|p2b: Great Tusk|Earthquake|p1b: Dondozo|[spread] p1b\n|-activate|p2a: Gyarados|move: Protect\n|-activate|p1a: Flutter Mane|move: Protect\n|-damage|p1b: Dondozo|4\/100 par\n|move|p1b: Dondozo|Bulldoze|p2a: Gyarados|[spread] p2b\n|-activate|p1a: Flutter Mane|move: Protect\n|-activate|p2a: Gyarados|move: Protect\n|-damage|p2b: Great Tusk|16\/100 tox\n|-unboost|p2b: Great Tusk|spe|1\n|\n|-damage|p2b: Great Tusk|0 fnt|[from] psn\n|faint|p2b: Great Tusk\n|-end|p2b: Great Tusk|Protosynthesis|[silent]\n|-damage|p2a: Gyarados|16\/100 tox|[from] psn\n|upkeep\n|\n|t:|1682352757\n|switch|p2b: Dragonite|Dragonite, L50, M, tera:Normal|100\/100\n|-status|p2b: Dragonite|tox\n|turn|9\n|\n|t:|1682352775\n|-terastallize|p1a: Flutter Mane|Steel\n|move|p1a: Flutter Mane|Substitute|p1a: Flutter Mane\n|-start|p1a: Flutter Mane|Substitute\n|-damage|p1a: Flutter Mane|76\/100\n|move|p2b: Dragonite|Aerial Ace|p1a: Flutter Mane\n|-resisted|p1a: Flutter Mane\n|-end|p1a: Flutter Mane|Substitute\n|move|p2a: Gyarados|Waterfall|p1a: Flutter Mane\n|-damage|p1a: Flutter Mane|15\/100\n|move|p1b: Dondozo|Wave Crash|p2b: Dragonite\n|-damage|p2b: Dragonite|90\/100 tox\n|-damage|p1b: Dondozo|2\/100 par|[from] Recoil\n|\n|-damage|p2b: Dragonite|84\/100 tox|[from] psn\n|-damage|p2a: Gyarados|0 fnt|[from] psn\n|faint|p2a: Gyarados\n|upkeep\n|\n|t:|1682352789\n|switch|p2a: Chien-Pao|Chien-Pao, L50|100\/100\n|-status|p2a: Chien-Pao|tox\n|-ability|p2a: Chien-Pao|Sword of Ruin\n|turn|10\n|\n|t:|1682352806\n|move|p1a: Flutter Mane|Protect|p1a: Flutter Mane\n|-singleturn|p1a: Flutter Mane|Protect\n|move|p2a: Chien-Pao|Sucker Punch||[still]\n|-fail|p2a: Chien-Pao\n|move|p2b: Dragonite|Aerial Ace|p1b: Dondozo\n|-damage|p1b: Dondozo|0 fnt\n|faint|p1b: Dondozo\n|\n|-damage|p2a: Chien-Pao|95\/100 tox|[from] psn\n|-damage|p2b: Dragonite|72\/100 tox|[from] psn\n|upkeep\n|\n|t:|1682352814\n|switch|p1b: Dragonite|Dragonite, L50, M|100\/100\n|turn|11\n|\n|t:|1682352828\n|move|p1b: Dragonite|Extreme Speed|p2a: Chien-Pao\n|-damage|p2a: Chien-Pao|52\/100 tox\n|move|p2a: Chien-Pao|Sucker Punch||[still]\n|-fail|p2a: Chien-Pao\n|move|p1a: Flutter Mane|Moonblast|p2b: Dragonite\n|-damage|p2b: Dragonite|25\/100 tox\n|move|p2b: Dragonite|Aerial Ace|p1a: Flutter Mane\n|-resisted|p1a: Flutter Mane\n|-damage|p1a: Flutter Mane|0 fnt\n|faint|p1a: Flutter Mane\n|-end|p1a: Flutter Mane|Protosynthesis|[silent]\n|\n|-damage|p2a: Chien-Pao|40\/100 tox|[from] psn\n|-damage|p2b: Dragonite|7\/100 tox|[from] psn\n|upkeep\n|turn|12\n|\n|t:|1682352844\n|move|p1b: Dragonite|Protect|p1b: Dragonite\n|-singleturn|p1b: Dragonite|Protect\n|move|p2a: Chien-Pao|Ice Spinner|p1b: Dragonite\n|-activate|p1b: Dragonite|move: Protect\n|move|p2b: Dragonite|Aerial Ace|p1b: Dragonite\n|-activate|p1b: Dragonite|move: Protect\n|\n|-damage|p2a: Chien-Pao|23\/100 tox|[from] psn\n|-damage|p2b: Dragonite|0 fnt|[from] psn\n|faint|p2b: Dragonite\n|upkeep\n|turn|13\n|-message|jamcoux forfeited.\n|\n|win|Kirovz\n|raw|Kirovz's rating: 1252 → 1274<\/strong> (+22 for winning)\n|raw|jamcoux's rating: 1214 → 1192<\/strong> (-22 for losing)\n|l|\u2606jamcoux\n","uploadtime":1682352857,"views":14,"p1id":"kirovz","p2id":"jamcoux","formatid":"gen9vgc2023regulationc","rating":1192,"private":0,"password":""}