{"id":"gen9vgc2023regulationc-1862220077","p1":"Chiclemordido","p2":"Bob Couch","format":"[Gen 9] VGC 2023 Regulation C","log":"|j|\u2606Chiclemordido\n|j|\u2606Bob Couch\n|t:|1683851135\n|gametype|doubles\n|player|p1|Chiclemordido|2|1203\n|player|p2|Bob Couch|byron|1231\n|teamsize|p1|6\n|teamsize|p2|6\n|gen|9\n|tier|[Gen 9] VGC 2023 Regulation C\n|rated|\n|rule|Species Clause: Limit one of each Pok\u00e9mon\n|rule|Item Clause: Limit one of each item\n|clearpoke\n|poke|p1|Azumarill, L50, F|\n|poke|p1|Dragonite, L50, F|\n|poke|p1|Chien-Pao, L50|\n|poke|p1|Arcanine, L50, F|\n|poke|p1|Amoonguss, L50, F|\n|poke|p1|Flutter Mane, L50|\n|poke|p2|Pelipper, L50, F|\n|poke|p2|Iron Bundle, L50|\n|poke|p2|Amoonguss, L50, M|\n|poke|p2|Baxcalibur, L50, M|\n|poke|p2|Gholdengo, L50|\n|poke|p2|Azumarill, L50, M|\n|teampreview|4\n|\n|t:|1683851172\n|start\n|switch|p1a: Arcanine|Arcanine, L50, F|100\/100\n|switch|p1b: Amoonguss|Amoonguss, L50, F|100\/100\n|switch|p2a: Pelipper|Pelipper, L50, F|100\/100\n|switch|p2b: Azumarill|Azumarill, L50, M|100\/100\n|-ability|p1a: Arcanine|Intimidate|boost\n|-unboost|p2a: Pelipper|atk|1\n|-unboost|p2b: Azumarill|atk|1\n|-weather|RainDance|[from] ability: Drizzle|[of] p2a: Pelipper\n|turn|1\n|\n|t:|1683851212\n|switch|p2b: Baxcalibur|Baxcalibur, L50, M|100\/100\n|move|p1a: Arcanine|Protect|p1a: Arcanine\n|-singleturn|p1a: Arcanine|Protect\n|move|p2a: Pelipper|Hurricane|p1b: Amoonguss\n|-supereffective|p1b: Amoonguss\n|-damage|p1b: Amoonguss|26\/100\n|move|p1b: Amoonguss|Spore|p2a: Pelipper\n|-status|p2a: Pelipper|slp|[from] move: Spore\n|\n|-weather|RainDance|[upkeep]\n|upkeep\n|turn|2\n|\n|t:|1683851247\n|move|p1b: Amoonguss|Protect|p1b: Amoonguss\n|-singleturn|p1b: Amoonguss|Protect\n|move|p1a: Arcanine|Extreme Speed|p2b: Baxcalibur\n|-damage|p2b: Baxcalibur|82\/100\n|move|p2b: Baxcalibur|Icicle Crash|p1b: Amoonguss\n|-activate|p1b: Amoonguss|move: Protect\n|cant|p2a: Pelipper|slp\n|\n|-weather|RainDance|[upkeep]\n|upkeep\n|turn|3\n|l|\u2606Chiclemordido\n|player|p1|\n|j|\u2606Chiclemordido\n|player|p1|Chiclemordido|2\n|\n|t:|1683851323\n|switch|p1b: Chien-Pao|Chien-Pao, L50|100\/100\n|-ability|p1b: Chien-Pao|Sword of Ruin\n|move|p1a: Arcanine|Extreme Speed|p2a: Pelipper\n|-damage|p2a: Pelipper|69\/100 slp\n|move|p2b: Baxcalibur|Earthquake|p1a: Arcanine|[spread] p1a,p1b\n|-immune|p2a: Pelipper\n|-supereffective|p1a: Arcanine\n|-damage|p1a: Arcanine|19\/100\n|-damage|p1b: Chien-Pao|59\/100\n|-curestatus|p2a: Pelipper|slp|[msg]\n|move|p2a: Pelipper|Hydro Pump|p1a: Arcanine\n|-supereffective|p1a: Arcanine\n|-damage|p1a: Arcanine|0 fnt\n|faint|p1a: Arcanine\n|\n|-weather|RainDance|[upkeep]\n|upkeep\n|\n|t:|1683851338\n|switch|p1a: Flutter Mane|Flutter Mane, L50|100\/100\n|-enditem|p1a: Flutter Mane|Booster Energy\n|-activate|p1a: Flutter Mane|ability: Protosynthesis|[fromitem]\n|-start|p1a: Flutter Mane|protosynthesisspa\n|turn|4\n|inactive|Battle timer is ON: inactive players will automatically lose when time's up. (requested by Chiclemordido)\n|\n|t:|1683851356\n|-terastallize|p1a: Flutter Mane|Fairy\n|-terastallize|p2b: Baxcalibur|Ground\n|move|p2a: Pelipper|Wide Guard|p2a: Pelipper\n|-singleturn|p2a: Pelipper|Wide Guard\n|move|p1b: Chien-Pao|Sacred Sword|p2b: Baxcalibur\n|-damage|p2b: Baxcalibur|50\/100\n|move|p1a: Flutter Mane|Dazzling Gleam|p2b: Baxcalibur|[spread] \n|-activate|p2a: Pelipper|move: Wide Guard\n|-activate|p2b: Baxcalibur|move: Wide Guard\n|move|p2b: Baxcalibur|Earthquake|p1a: Flutter Mane|[spread] p1a,p1b\n|-activate|p2a: Pelipper|move: Wide Guard\n|-crit|p1a: Flutter Mane\n|-damage|p1a: Flutter Mane|0 fnt\n|-damage|p1b: Chien-Pao|0 fnt\n|faint|p1a: Flutter Mane\n|-end|p1a: Flutter Mane|Protosynthesis|[silent]\n|faint|p1b: Chien-Pao\n|\n|-weather|RainDance|[upkeep]\n|upkeep\n|\n|t:|1683851371\n|switch|p1a: Amoonguss|Amoonguss, L50, F|59\/100\n|turn|5\n|\n|t:|1683851383\n|move|p2b: Baxcalibur|Glaive Rush|p1a: Amoonguss\n|-damage|p1a: Amoonguss|0 fnt\n|-singlemove|p2b: Baxcalibur|Glaive Rush|[silent]\n|-damage|p2b: Baxcalibur|33\/100|[from] item: Rocky Helmet|[of] p1a: Amoonguss\n|faint|p1a: Amoonguss\n|\n|win|Bob Couch\n|raw|Chiclemordido's rating: 1203 → 1180<\/strong> (-23 for losing)\n|raw|Bob Couch's rating: 1231 → 1254<\/strong> (+23 for winning)\n|l|\u2606Chiclemordido\n","uploadtime":1683851389,"views":9,"p1id":"chiclemordido","p2id":"bobcouch","formatid":"gen9vgc2023regulationc","rating":1180,"private":0,"password":""}