{"id":"gen9vgc2023regulationc-1857963357","p1":"FairyCasas","p2":"Ricardo Randorez","format":"[Gen 9] VGC 2023 Regulation C","log":"|j|\u2606FairyCasas\n|j|\u2606Ricardo Randorez\n|t:|1683253024\n|gametype|doubles\n|player|p1|FairyCasas|101|1201\n|player|p2|Ricardo Randorez|169|1239\n|teamsize|p1|6\n|teamsize|p2|6\n|gen|9\n|tier|[Gen 9] VGC 2023 Regulation C\n|rated|\n|rule|Species Clause: Limit one of each Pok\u00e9mon\n|rule|Item Clause: Limit one of each item\n|clearpoke\n|poke|p1|Flutter Mane, L50|\n|poke|p1|Iron Bundle, L50|\n|poke|p1|Murkrow, L50, M|\n|poke|p1|Great Tusk, L50|\n|poke|p1|Arcanine, L50, M|\n|poke|p1|Chien-Pao, L50|\n|poke|p2|Scream Tail, L50|\n|poke|p2|Gholdengo, L50|\n|poke|p2|Flutter Mane, L50|\n|poke|p2|Gyarados, L50, M|\n|poke|p2|Chi-Yu, L50|\n|poke|p2|Glimmora, L50, F|\n|teampreview|4\n|inactive|Battle timer is ON: inactive players will automatically lose when time's up. (requested by Ricardo Randorez)\n|c|\u2606Ricardo Randorez|Let\u2019s go pal im\n|c|\u2606Ricardo Randorez|on a plane\n|inactive|FairyCasas has 60 seconds left.\n|c|\u2606Ricardo Randorez|my Wi-Fi is trash let\u2019s get it poppin\n|c|\u2606Ricardo Randorez|Pick your murkrow and let\u2019s go\n|inactive|FairyCasas has 30 seconds left.\n|inactive|FairyCasas has 20 seconds left.\n|inactive|FairyCasas has 15 seconds left.\n|inactive|FairyCasas has 10 seconds left.\n|inactive|FairyCasas has 5 seconds left.\n|\n|t:|1683253143\n|start\n|switch|p1a: Flutter Mane|Flutter Mane, L50|100\/100\n|switch|p1b: Iron Bundle|Iron Bundle, L50|100\/100\n|switch|p2a: Scream Tail|Scream Tail, L50|100\/100\n|switch|p2b: Glimmora|Glimmora, L50, F|100\/100\n|-enditem|p1b: Iron Bundle|Booster Energy\n|-activate|p1b: Iron Bundle|ability: Quark Drive|[fromitem]\n|-start|p1b: Iron Bundle|quarkdrivespe\n|-enditem|p2a: Scream Tail|Booster Energy\n|-activate|p2a: Scream Tail|ability: Protosynthesis|[fromitem]\n|-start|p2a: Scream Tail|protosynthesisspe\n|turn|1\n|inactive|FairyCasas has 30 seconds left.\n|inactive|FairyCasas has 20 seconds left.\n|inactive|FairyCasas has 15 seconds left.\n|c|\u2606Ricardo Randorez|Let\u2019s go pal\n|\n|t:|1683253185\n|move|p1a: Flutter Mane|Protect|p1a: Flutter Mane\n|-singleturn|p1a: Flutter Mane|Protect\n|move|p1b: Iron Bundle|Icy Wind|p2b: Glimmora|[spread] p2a,p2b\n|-damage|p2a: Scream Tail|86\/100\n|-damage|p2b: Glimmora|78\/100\n|-unboost|p2a: Scream Tail|spe|1\n|-unboost|p2b: Glimmora|spe|1\n|move|p2a: Scream Tail|Thunder Wave|p1b: Iron Bundle\n|-status|p1b: Iron Bundle|par\n|move|p2b: Glimmora|Toxic Spikes|p1a: Flutter Mane\n|-sidestart|p1: FairyCasas|move: Toxic Spikes\n|\n|upkeep\n|turn|2\n|c|\u2606Ricardo Randorez|pick a move\n|\n|t:|1683253206\n|-terastallize|p1a: Flutter Mane|Fairy\n|move|p1a: Flutter Mane|Moonblast|p2a: Scream Tail\n|-damage|p2a: Scream Tail|21\/100\n|-damage|p1a: Flutter Mane|91\/100|[from] item: Life Orb\n|move|p2a: Scream Tail|Thunder Wave|p1a: Flutter Mane\n|-status|p1a: Flutter Mane|par\n|move|p1b: Iron Bundle|Hydro Pump|p2b: Glimmora\n|-supereffective|p2b: Glimmora\n|-damage|p2b: Glimmora|0 fnt\n|faint|p2b: Glimmora\n|\n|upkeep\n|\n|t:|1683253225\n|switch|p2b: Flutter Mane|Flutter Mane, L50|100\/100\n|turn|3\n|\n|t:|1683253249\n|move|p1a: Flutter Mane|Protect|p1a: Flutter Mane\n|-singleturn|p1a: Flutter Mane|Protect\n|move|p2a: Scream Tail|Fake Tears|p1b: Iron Bundle\n|-unboost|p1b: Iron Bundle|spd|2\n|move|p2b: Flutter Mane|Hex|p1a: Flutter Mane\n|-activate|p1a: Flutter Mane|move: Protect\n|cant|p1b: Iron Bundle|par\n|\n|upkeep\n|turn|4\n|\n|t:|1683253265\n|-end|p1a: Flutter Mane|Protosynthesis|[silent]\n|switch|p1a: Murkrow|Murkrow, L50, M|100\/100\n|move|p2a: Scream Tail|Dazzling Gleam|p1a: Murkrow|[spread] p1a,p1b\n|-supereffective|p1a: Murkrow\n|-damage|p1a: Murkrow|67\/100\n|-damage|p1b: Iron Bundle|37\/100 par\n|move|p2b: Flutter Mane|Hex|p1a: Murkrow\n|-resisted|p1a: Murkrow\n|-damage|p1a: Murkrow|47\/100\n|move|p1b: Iron Bundle|Icy Wind|p2a: Scream Tail|[spread] p2a,p2b\n|-damage|p2a: Scream Tail|6\/100\n|-damage|p2b: Flutter Mane|82\/100\n|-unboost|p2a: Scream Tail|spe|1\n|-unboost|p2b: Flutter Mane|spe|1\n|\n|-heal|p2b: Flutter Mane|88\/100|[from] item: Leftovers\n|upkeep\n|turn|5\n|inactive|Ricardo Randorez has 30 seconds left.\n|inactive|Ricardo Randorez has 20 seconds left.\n|\n|t:|1683253300\n|move|p1a: Murkrow|Tailwind|p1a: Murkrow\n|-sidestart|p1: FairyCasas|move: Tailwind\n|move|p1b: Iron Bundle|Icy Wind|p2b: Flutter Mane|[spread] p2a,p2b\n|-damage|p2a: Scream Tail|0 fnt\n|-damage|p2b: Flutter Mane|69\/100\n|-unboost|p2b: Flutter Mane|spe|1\n|faint|p2a: Scream Tail\n|-end|p2a: Scream Tail|Protosynthesis|[silent]\n|move|p2b: Flutter Mane|Dazzling Gleam|p1b: Iron Bundle|[spread] p1a,p1b\n|-supereffective|p1a: Murkrow\n|-damage|p1a: Murkrow|0 fnt\n|-damage|p1b: Iron Bundle|0 fnt\n|faint|p1a: Murkrow\n|faint|p1b: Iron Bundle\n|-end|p1b: Iron Bundle|Quark Drive|[silent]\n|\n|-heal|p2b: Flutter Mane|75\/100|[from] item: Leftovers\n|upkeep\n|\n|t:|1683253316\n|switch|p1b: Great Tusk|Great Tusk, L50|100\/100\n|switch|p2a: Gholdengo|Gholdengo, L50|100\/100\n|switch|p1a: Flutter Mane|Flutter Mane, L50, tera:Fairy|91\/100 par\n|-status|p1b: Great Tusk|psn\n|turn|6\n|inactive|Ricardo Randorez has 30 seconds left.\n|\n|t:|1683253342\n|-terastallize|p2a: Gholdengo|Water\n|move|p1b: Great Tusk|Protect|p1b: Great Tusk\n|-singleturn|p1b: Great Tusk|Protect\n|cant|p1a: Flutter Mane|par\n|move|p2a: Gholdengo|Hex|p1a: Flutter Mane\n|-damage|p1a: Flutter Mane|0 fnt\n|faint|p1a: Flutter Mane\n|-end|p1a: Flutter Mane|Protosynthesis|[silent]\n|-damage|p2a: Gholdengo|91\/100|[from] item: Life Orb\n|move|p2b: Flutter Mane|Hex|p1b: Great Tusk\n|-activate|p1b: Great Tusk|move: Protect\n|\n|-heal|p2b: Flutter Mane|81\/100|[from] item: Leftovers\n|-damage|p1b: Great Tusk|88\/100 psn|[from] psn\n|upkeep\n|turn|7\n|-message|FairyCasas forfeited.\n|\n|win|Ricardo Randorez\n|raw|FairyCasas's rating: 1201 → 1179<\/strong> (-22 for losing)\n|raw|Ricardo Randorez's rating: 1239 → 1261<\/strong> (+22 for winning)\n","uploadtime":1683253364,"views":3,"p1id":"fairycasas","p2id":"ricardorandorez","formatid":"gen9vgc2023regulationc","rating":1179,"private":0,"password":""}