{"id":"gen9vgc2023regulationc-1846801181","p1":"ExcelSheet","p2":"D.AMADO - VGC","format":"[Gen 9] VGC 2023 Regulation C","log":"|j|\u2606ExcelSheet\n|j|\u2606D.AMADO - VGC\n|t:|1681881697\n|gametype|doubles\n|player|p1|ExcelSheet|hilbert-wonderlauncher|1135\n|player|p2|D.AMADO - VGC|bruno|1114\n|teamsize|p1|6\n|teamsize|p2|6\n|gen|9\n|tier|[Gen 9] VGC 2023 Regulation C\n|rated|\n|rule|Species Clause: Limit one of each Pok\u00e9mon\n|rule|Item Clause: Limit one of each item\n|clearpoke\n|poke|p1|Palafin, L50, F|\n|poke|p1|Flutter Mane, L50|\n|poke|p1|Arcanine, L50, F|\n|poke|p1|Amoonguss, L50, F|\n|poke|p1|Ting-Lu, L50|\n|poke|p1|Baxcalibur, L50, F|\n|poke|p2|Chi-Yu, L50|\n|poke|p2|Torkoal, L50, M|\n|poke|p2|Jumpluff, L50, F|\n|poke|p2|Salamence, L50, F|\n|poke|p2|Indeedee-F, L50, F|\n|poke|p2|Flutter Mane, L50|\n|teampreview|4\n|inactive|Battle timer is ON: inactive players will automatically lose when time's up. (requested by D.AMADO - VGC)\n|inactive|ExcelSheet also wants the timer to be on.\nExcelSheet has agreed to open team sheets.\n|inactive|D.AMADO - VGC has 60 seconds left.\n|\n|t:|1681881739\n|start\n|switch|p1a: Baxcalibur|Baxcalibur, L50, F, shiny|100\/100\n|switch|p1b: Ting-Lu|Ting-Lu, L50|100\/100\n|switch|p2a: Jumpluff|Jumpluff, L50, F, shiny|100\/100\n|switch|p2b: Flutter Mane|Flutter Mane, L50|100\/100\n|-ability|p1b: Ting-Lu|Vessel of Ruin\n|turn|1\n|inactive|ExcelSheet has 30 seconds left.\n|inactive|D.AMADO - VGC has 30 seconds left.\n|inactive|ExcelSheet has 20 seconds left.\n|inactive|ExcelSheet has 15 seconds left.\n|inactive|ExcelSheet has 10 seconds left.\n|\n|t:|1681881785\n|switch|p1b: Arcanine|Arcanine, L50, F, shiny|100\/100\n|-ability|p1b: Arcanine|Intimidate|boost\n|-unboost|p2a: Jumpluff|atk|1\n|-unboost|p2b: Flutter Mane|atk|1\n|-terastallize|p2b: Flutter Mane|Fairy\n|move|p1a: Baxcalibur|Protect|p1a: Baxcalibur\n|-singleturn|p1a: Baxcalibur|Protect\n|move|p2b: Flutter Mane|Dazzling Gleam|p1a: Baxcalibur|[spread] p1b\n|-activate|p1a: Baxcalibur|move: Protect\n|-resisted|p1b: Arcanine\n|-damage|p1b: Arcanine|61\/100\n|move|p2a: Jumpluff|Sleep Powder|p1a: Baxcalibur\n|-activate|p1a: Baxcalibur|move: Protect\n|\n|upkeep\n|turn|2\n|\n|t:|1681881809\n|switch|p2a: Torkoal|Torkoal, L50, M, shiny|100\/100\n|-weather|SunnyDay|[from] ability: Drought|[of] p2a: Torkoal\n|-activate|p2b: Flutter Mane|ability: Protosynthesis\n|-start|p2b: Flutter Mane|protosynthesisspa\n|-terastallize|p1a: Baxcalibur|Poison\n|move|p1b: Arcanine|Extreme Speed|p2b: Flutter Mane\n|-damage|p2b: Flutter Mane|56\/100\n|move|p1a: Baxcalibur|Ice Shard|p2a: Torkoal\n|-resisted|p2a: Torkoal\n|-damage|p2a: Torkoal|90\/100\n|move|p2b: Flutter Mane|Dazzling Gleam|p1a: Baxcalibur|[spread] p1a,p1b\n|-resisted|p1a: Baxcalibur\n|-resisted|p1b: Arcanine\n|-damage|p1a: Baxcalibur|62\/100\n|-damage|p1b: Arcanine|12\/100\n|\n|-weather|SunnyDay|[upkeep]\n|upkeep\n|turn|3\n|inactive|ExcelSheet has 30 seconds left.\n|\n|t:|1681881840\n|move|p1b: Arcanine|Extreme Speed|p2b: Flutter Mane\n|-damage|p2b: Flutter Mane|16\/100\n|move|p2b: Flutter Mane|Dazzling Gleam|p1b: Arcanine|[spread] p1a,p1b\n|-resisted|p1a: Baxcalibur\n|-resisted|p1b: Arcanine\n|-damage|p1a: Baxcalibur|24\/100\n|-damage|p1b: Arcanine|0 fnt\n|faint|p1b: Arcanine\n|move|p1a: Baxcalibur|Glaive Rush|p2a: Torkoal\n|-damage|p2a: Torkoal|39\/100\n|-singlemove|p1a: Baxcalibur|Glaive Rush|[silent]\n|move|p2a: Torkoal|Heat Wave|p1a: Baxcalibur\n|-damage|p1a: Baxcalibur|0 fnt\n|faint|p1a: Baxcalibur\n|\n|-weather|SunnyDay|[upkeep]\n|upkeep\n|l|\u2606ExcelSheet\n|inactive|ExcelSheet disconnected and has a minute to reconnect!\n|player|p1|\n|inactive|ExcelSheet has 30 seconds left.\n|inactive|ExcelSheet has 20 seconds left.\n|j|\u2606ExcelSheet\n|inactive|ExcelSheet reconnected and has 20 seconds left.\n|player|p1|ExcelSheet|hilbert-wonderlauncher\n|\n|t:|1681881879\n|switch|p1b: Ting-Lu|Ting-Lu, L50|100\/100\n|switch|p1a: Flutter Mane|Flutter Mane, L50, shiny|100\/100\n|-activate|p1a: Flutter Mane|ability: Protosynthesis\n|-start|p1a: Flutter Mane|protosynthesisspa\n|-ability|p1b: Ting-Lu|Vessel of Ruin\n|turn|4\n|inactive|ExcelSheet has 30 seconds left.\n|inactive|D.AMADO - VGC has 30 seconds left.\n|inactive|D.AMADO - VGC has 20 seconds left.\n|inactive|D.AMADO - VGC has 15 seconds left.\n|inactive|D.AMADO - VGC has 10 seconds left.\n|inactive|D.AMADO - VGC has 5 seconds left.\n|inactive|ExcelSheet has 20 seconds left.\n|\n|t:|1681881938\n|-end|p2b: Flutter Mane|Protosynthesis|[silent]\n|switch|p2b: Jumpluff|Jumpluff, L50, F, shiny|100\/100\n|move|p1a: Flutter Mane|Protect|p1a: Flutter Mane\n|-singleturn|p1a: Flutter Mane|Protect\n|move|p1b: Ting-Lu|Earthquake|p2a: Torkoal|[spread] p2a\n|-activate|p1a: Flutter Mane|move: Protect\n|-immune|p2b: Jumpluff\n|-supereffective|p2a: Torkoal\n|-damage|p2a: Torkoal|0 fnt\n|faint|p2a: Torkoal\n|\n|-weather|SunnyDay|[upkeep]\n|upkeep\n|\n|t:|1681881957\n|switch|p2a: Flutter Mane|Flutter Mane, L50, tera:Fairy|16\/100\n|-activate|p2a: Flutter Mane|ability: Protosynthesis\n|-start|p2a: Flutter Mane|protosynthesisspa\n|turn|5\n|inactive|ExcelSheet has 30 seconds left.\n|inactive|ExcelSheet has 20 seconds left.\n|\n|t:|1681881992\n|move|p1a: Flutter Mane|Protect||[still]\n|-fail|p1a: Flutter Mane\n|move|p2b: Jumpluff|Sleep Powder|p1a: Flutter Mane\n|-status|p1a: Flutter Mane|slp|[from] move: Sleep Powder\n|move|p2a: Flutter Mane|Dazzling Gleam|p1a: Flutter Mane|[spread] p1a,p1b\n|-supereffective|p1b: Ting-Lu\n|-damage|p1a: Flutter Mane|37\/100 slp\n|-damage|p1b: Ting-Lu|39\/100\n|move|p1b: Ting-Lu|Heavy Slam|p2a: Flutter Mane\n|-supereffective|p2a: Flutter Mane\n|-damage|p2a: Flutter Mane|0 fnt\n|faint|p2a: Flutter Mane\n|-end|p2a: Flutter Mane|Protosynthesis|[silent]\n|\n|-weather|SunnyDay|[upkeep]\n|upkeep\n|\n|t:|1681882000\n|switch|p2a: Chi-Yu|Chi-Yu, L50|100\/100\n|-ability|p2a: Chi-Yu|Beads of Ruin\n|turn|6\n|\n|t:|1681882015\n|move|p2a: Chi-Yu|Protect|p2a: Chi-Yu\n|-singleturn|p2a: Chi-Yu|Protect\n|move|p2b: Jumpluff|Sleep Powder|p1b: Ting-Lu\n|-status|p1b: Ting-Lu|slp|[from] move: Sleep Powder\n|cant|p1a: Flutter Mane|slp\n|cant|p1b: Ting-Lu|slp\n|\n|-weather|SunnyDay|[upkeep]\n|upkeep\n|turn|7\n|\n|t:|1681882029\n|move|p2b: Jumpluff|Tailwind|p2b: Jumpluff\n|-sidestart|p2: D.AMADO - VGC|move: Tailwind\n|move|p2a: Chi-Yu|Lava Plume|p1b: Ting-Lu|[spread] p2b,p1a,p1b\n|-supereffective|p2b: Jumpluff\n|-damage|p2b: Jumpluff|0 fnt\n|-damage|p1a: Flutter Mane|0 fnt\n|-damage|p1b: Ting-Lu|7\/100 slp\n|faint|p2b: Jumpluff\n|faint|p1a: Flutter Mane\n|-end|p1a: Flutter Mane|Protosynthesis|[silent]\n|cant|p1b: Ting-Lu|slp\n|\n|-weather|SunnyDay|[upkeep]\n|upkeep\n|turn|8\n|\n|t:|1681882048\n|move|p2a: Chi-Yu|Dark Pulse|p1b: Ting-Lu\n|-resisted|p1b: Ting-Lu\n|-crit|p1b: Ting-Lu\n|-damage|p1b: Ting-Lu|0 fnt\n|faint|p1b: Ting-Lu\n|\n|win|D.AMADO - VGC\n|raw|ExcelSheet's rating: 1135 → 1108<\/strong> (-27 for losing)\n|raw|D.AMADO - VGC's rating: 1114 → 1141<\/strong> (+27 for winning)\n","uploadtime":1681882062,"views":9,"p1id":"excelsheet","p2id":"damadovgc","formatid":"gen9vgc2023regulationc","rating":1108,"private":0,"password":""}