{"id":"gen9vgc2023regulationc-1862471100","p1":"7daze1","p2":"TonyJazs","format":"[Gen 9] VGC 2023 Regulation C","log":"|j|\u26067daze1\n|j|\u2606TonyJazs\n|t:|1683891114\n|gametype|doubles\n|player|p1|7daze1|blue|1037\n|player|p2|TonyJazs|brawly|1122\n|teamsize|p1|6\n|teamsize|p2|6\n|gen|9\n|tier|[Gen 9] VGC 2023 Regulation C\n|rated|\n|rule|Species Clause: Limit one of each Pok\u00e9mon\n|rule|Item Clause: Limit one of each item\n|clearpoke\n|poke|p1|Vivillon-Fancy, L50, F|\n|poke|p1|Medicham, L50, F|\n|poke|p1|Mimikyu, L50, F|\n|poke|p1|Dondozo, L50, M|\n|poke|p1|Tatsugiri-Stretchy, L50, M|\n|poke|p1|Ceruledge, L50, F|\n|poke|p2|Toxicroak, L50, M|\n|poke|p2|Pelipper, L50, M|\n|poke|p2|Drednaw, L50, M|\n|poke|p2|Wo-Chien, L50|\n|poke|p2|Glimmora, L50, F|\n|poke|p2|Iron Bundle, L50|\n|teampreview|4\n|inactive|Battle timer is ON: inactive players will automatically lose when time's up. (requested by TonyJazs)\n|inactive|7daze1 has 60 seconds left.\n|inactive|TonyJazs has 60 seconds left.\n|\n|t:|1683891162\n|start\n|switch|p1a: Medicham|Medicham, L50, F|100\/100\n|switch|p1b: Dondozo|Dondozo, L50, M|100\/100\n|switch|p2a: Wo-Chien|Wo-Chien, L50|100\/100\n|switch|p2b: Iron Bundle|Iron Bundle, L50, shiny|100\/100\n|-ability|p2a: Wo-Chien|Tablets of Ruin\n|turn|1\n|\n|t:|1683891178\n|move|p1a: Medicham|Fake Out|p2a: Wo-Chien\n|-damage|p2a: Wo-Chien|87\/100\n|move|p2b: Iron Bundle|Freeze-Dry|p1b: Dondozo\n|-supereffective|p1b: Dondozo\n|-damage|p1b: Dondozo|25\/100\n|cant|p2a: Wo-Chien|flinch\n|move|p1b: Dondozo|Substitute|p1b: Dondozo\n|-fail|p1b: Dondozo|move: Substitute|[weak]\n|\n|-heal|p2a: Wo-Chien|93\/100|[from] item: Leftovers\n|upkeep\n|turn|2\n|\n|t:|1683891195\n|move|p1b: Dondozo|Protect|p1b: Dondozo\n|-singleturn|p1b: Dondozo|Protect\n|move|p2b: Iron Bundle|Icy Wind|p1a: Medicham|[spread] p1a\n|-activate|p1b: Dondozo|move: Protect\n|-damage|p1a: Medicham|65\/100\n|-unboost|p1a: Medicham|spe|1\n|move|p2a: Wo-Chien|Leech Seed|p1b: Dondozo\n|-activate|p1b: Dondozo|move: Protect\n|move|p1a: Medicham|Close Combat|p2b: Iron Bundle\n|-supereffective|p2b: Iron Bundle\n|-damage|p2b: Iron Bundle|0 fnt\n|-unboost|p1a: Medicham|def|1\n|-unboost|p1a: Medicham|spd|1\n|faint|p2b: Iron Bundle\n|-end|p2b: Iron Bundle|Quark Drive|[silent]\n|\n|-heal|p2a: Wo-Chien|99\/100|[from] item: Leftovers\n|upkeep\n|\n|t:|1683891211\n|switch|p2b: Glimmora|Glimmora, L50, F, shiny|100\/100\n|turn|3\n|\n|t:|1683891221\n|-terastallize|p2b: Glimmora|Grass\n|move|p1a: Medicham|Protect|p1a: Medicham\n|-singleturn|p1a: Medicham|Protect\n|move|p2b: Glimmora|Mortal Spin|p1b: Dondozo|[spread] p1b\n|-activate|p1a: Medicham|move: Protect\n|-damage|p1b: Dondozo|23\/100\n|-status|p1b: Dondozo|psn\n|-damage|p2b: Glimmora|84\/100|[from] item: Rocky Helmet|[of] p1b: Dondozo\n|move|p2a: Wo-Chien|Leech Seed|p1b: Dondozo|[miss]\n|-miss|p2a: Wo-Chien|p1b: Dondozo\n|move|p1b: Dondozo|Order Up|p2a: Wo-Chien\n|-damage|p2a: Wo-Chien|84\/100\n|\n|-heal|p2a: Wo-Chien|90\/100|[from] item: Leftovers\n|-damage|p1b: Dondozo|11\/100 psn|[from] psn\n|upkeep\n|turn|4\n|inactive|TonyJazs has 30 seconds left.\n|\n|t:|1683891250\n|move|p2b: Glimmora|Mortal Spin|p1a: Medicham|[spread] p1a,p1b\n|-damage|p1a: Medicham|56\/100\n|-damage|p1b: Dondozo|9\/100 psn\n|-status|p1a: Medicham|psn\n|-damage|p2b: Glimmora|68\/100|[from] item: Rocky Helmet|[of] p1b: Dondozo\n|move|p2a: Wo-Chien|Ruination|p1a: Medicham\n|-damage|p1a: Medicham|29\/100 psn\n|move|p1a: Medicham|Close Combat|p2a: Wo-Chien\n|-supereffective|p2a: Wo-Chien\n|-damage|p2a: Wo-Chien|0 fnt\n|-unboost|p1a: Medicham|def|1\n|-unboost|p1a: Medicham|spd|1\n|faint|p2a: Wo-Chien\n|move|p1b: Dondozo|Yawn|p2b: Glimmora\n|-start|p2b: Glimmora|move: Yawn|[of] p1b: Dondozo\n|\n|-damage|p1a: Medicham|17\/100 psn|[from] psn\n|-damage|p1b: Dondozo|0 fnt|[from] psn\n|faint|p1b: Dondozo\n|upkeep\n|\n|t:|1683891270\n|switch|p2a: Drednaw|Drednaw, L50, M, shiny|100\/100\n|switch|p1b: Ceruledge|Ceruledge, L50, F|100\/100\n|turn|5\n|inactive|TonyJazs has 30 seconds left.\n|\n|t:|1683891295\n|move|p1b: Ceruledge|Bitter Blade|p2b: Glimmora\n|-supereffective|p2b: Glimmora\n|-damage|p2b: Glimmora|0 fnt\n|-damage|p1b: Ceruledge|84\/100|[from] item: Rocky Helmet|[of] p2b: Glimmora\n|-activate|p2b: Glimmora|ability: Toxic Debris\n|-sidestart|p1: 7daze1|move: Toxic Spikes\n|faint|p2b: Glimmora\n|move|p2a: Drednaw|Rock Blast|p1b: Ceruledge\n|-supereffective|p1b: Ceruledge\n|-damage|p1b: Ceruledge|46\/100\n|-ability|p1b: Ceruledge|Weak Armor|boost\n|-unboost|p1b: Ceruledge|def|1\n|-boost|p1b: Ceruledge|spe|2\n|-enditem|p1b: Ceruledge|Weakness Policy\n|-boost|p1b: Ceruledge|atk|2|[from] item: Weakness Policy\n|-boost|p1b: Ceruledge|spa|2|[from] item: Weakness Policy\n|-supereffective|p1b: Ceruledge\n|-damage|p1b: Ceruledge|0 fnt\n|faint|p1b: Ceruledge\n|-hitcount|p1: Ceruledge|2\n|move|p1a: Medicham|Skill Swap|p1: Ceruledge|[notarget]\n|-fail|p1a: Medicham\n|\n|-damage|p1a: Medicham|5\/100 psn|[from] psn\n|upkeep\n|\n|t:|1683891316\n|switch|p1b: Tatsugiri|Tatsugiri-Stretchy, L50, M|100\/100\n|-status|p1b: Tatsugiri|psn\n|turn|6\n|\n|t:|1683891327\n|-terastallize|p1b: Tatsugiri|Electric\n|move|p2a: Drednaw|Earthquake|p1a: Medicham|[spread] p1a,p1b\n|-supereffective|p1b: Tatsugiri\n|-damage|p1a: Medicham|0 fnt\n|-damage|p1b: Tatsugiri|27\/100 psn\n|faint|p1a: Medicham\n|move|p1b: Tatsugiri|Tera Blast|p2a: Drednaw\n|-supereffective|p2a: Drednaw\n|-damage|p2a: Drednaw|34\/100\n|\n|-damage|p1b: Tatsugiri|14\/100 psn|[from] psn\n|upkeep\n|turn|7\n|\n|t:|1683891340\n|move|p2a: Drednaw|Earthquake|p1b: Tatsugiri\n|-supereffective|p1b: Tatsugiri\n|-damage|p1b: Tatsugiri|0 fnt\n|faint|p1b: Tatsugiri\n|\n|win|TonyJazs\n|raw|7daze1's rating: 1037 → 1025<\/strong> (-12 for losing)\n|raw|TonyJazs's rating: 1122 → 1141<\/strong> (+19 for winning)\n|c|\u2606TonyJazs|gg\n|l|\u26067daze1\n","uploadtime":1683891347,"views":16,"p1id":"7daze1","p2id":"tonyjazs","formatid":"gen9vgc2023regulationc","rating":1025,"private":0,"password":""}