{"id":"gen9vgc2023regulationc-1854469917","p1":"Hvac goon","p2":"ShaytheFair","format":"[Gen 9] VGC 2023 Regulation C","log":"|j|\u2606Hvac goon\n|j|\u2606ShaytheFair\n|t:|1682814995\n|gametype|doubles\n|player|p1|Hvac goon|ninjaboy|\n|player|p2|ShaytheFair|veteranf|\n|teamsize|p1|6\n|teamsize|p2|6\n|gen|9\n|tier|[Gen 9] VGC 2023 Regulation C\n|rule|Species Clause: Limit one of each Pok\u00e9mon\n|rule|Item Clause: Limit one of each item\n|clearpoke\n|poke|p1|Chi-Yu, L50|\n|poke|p1|Glimmora, L50, M|\n|poke|p1|Dondozo, L50, M|\n|poke|p1|Tatsugiri, L50, M|\n|poke|p1|Dragonite, L50, F|\n|poke|p1|Iron Bundle, L50|\n|poke|p2|Palafin, L50, M|\n|poke|p2|Flutter Mane, L50|\n|poke|p2|Arcanine, L50, M|\n|poke|p2|Ting-Lu, L50|\n|poke|p2|Amoonguss, L50, M|\n|poke|p2|Kingambit, L50, F|\n|teampreview|4\n|inactive|Battle timer is ON: inactive players will automatically lose when time's up. (requested by Hvac goon)\n|inactiveoff|Battle timer is now OFF.\n|c|\u2606Hvac goon|g2\n|c|\u2606Hvac goon|let me know when ready\n|c|\u2606ShaytheFair|Yeah I think I'm set friend\n|inactive|Battle timer is ON: inactive players will automatically lose when time's up. (requested by Hvac goon)\n|c|\u2606Hvac goon|gl\n|\n|t:|1682815387\n|start\n|switch|p1a: Iron Bundle|Iron Bundle, L50|100\/100\n|switch|p1b: Glimmora|Glimmora, L50, M|100\/100\n|switch|p2a: Fish Food|Palafin, L50, M|100\/100\n|switch|p2b: Moose Tracks|Ting-Lu, L50|100\/100\n|-ability|p2b: Moose Tracks|Vessel of Ruin\n|-enditem|p1a: Iron Bundle|Booster Energy\n|-activate|p1a: Iron Bundle|ability: Quark Drive|[fromitem]\n|-start|p1a: Iron Bundle|quarkdrivespe\n|turn|1\n|inactive|ShaytheFair has 30 seconds left.\n|\n|t:|1682815418\n|detailschange|p2a: Fish Food|Palafin-Hero, L50, M\n|switch|p2a: Cookies n Cream|Amoonguss, L50, M|100\/100\n|move|p1a: Iron Bundle|Hydro Pump|p2b: Moose Tracks\n|-supereffective|p2b: Moose Tracks\n|-damage|p2b: Moose Tracks|63\/100\n|move|p1b: Glimmora|Mortal Spin|p2a: Cookies n Cream|[spread] p2a,p2b\n|-resisted|p2b: Moose Tracks\n|-damage|p2a: Cookies n Cream|96\/100\n|-damage|p2b: Moose Tracks|62\/100\n|-status|p2b: Moose Tracks|psn\n|-damage|p1b: Glimmora|84\/100|[from] item: Rocky Helmet|[of] p2a: Cookies n Cream\n|move|p2b: Moose Tracks|Earthquake|p1b: Glimmora|[spread] p2a,p1a,p1b\n|-supereffective|p1b: Glimmora\n|-damage|p2a: Cookies n Cream|64\/100\n|-damage|p1a: Iron Bundle|52\/100\n|-damage|p1b: Glimmora|0 fnt\n|-activate|p1b: Glimmora|ability: Toxic Debris\n|-sidestart|p2: ShaytheFair|move: Toxic Spikes\n|faint|p1b: Glimmora\n|\n|-damage|p2b: Moose Tracks|50\/100 psn|[from] psn\n|upkeep\n|\n|t:|1682815436\n|switch|p1b: Dondozo|Dondozo, L50, M|100\/100\n|turn|2\n|\n|t:|1682815451\n|-terastallize|p2b: Moose Tracks|Water\n|move|p1b: Dondozo|Protect|p1b: Dondozo\n|-singleturn|p1b: Dondozo|Protect\n|move|p1a: Iron Bundle|Freeze-Dry|p2a: Cookies n Cream\n|-supereffective|p2a: Cookies n Cream\n|-crit|p2a: Cookies n Cream\n|-damage|p2a: Cookies n Cream|0 fnt\n|faint|p2a: Cookies n Cream\n|move|p2b: Moose Tracks|Heavy Slam|p1a: Iron Bundle\n|-damage|p1a: Iron Bundle|7\/100\n|\n|-damage|p2b: Moose Tracks|38\/100 psn|[from] psn\n|upkeep\n|\n|t:|1682815465\n|switch|p2a: Fish Food|Palafin-Hero, L50, M|100\/100\n|-status|p2a: Fish Food|psn\n|-activate|p2a: Fish Food|ability: Zero to Hero\n|turn|3\n|\n|t:|1682815483\n|-end|p1a: Iron Bundle|Quark Drive|[silent]\n|switch|p1a: Tatsugiri|Tatsugiri, L50, M|100\/100\n|-activate|p1a: Tatsugiri|ability: Commander|[of] p1b: Dondozo\n|-boost|p1b: Dondozo|atk|2\n|-boost|p1b: Dondozo|spa|2\n|-boost|p1b: Dondozo|spe|2\n|-boost|p1b: Dondozo|def|2\n|-boost|p1b: Dondozo|spd|2\n|-terastallize|p1b: Dondozo|Grass\n|move|p1b: Dondozo|Tera Blast|p2a: Fish Food\n|-supereffective|p2a: Fish Food\n|-damage|p2a: Fish Food|0 fnt\n|faint|p2a: Fish Food\n|move|p2b: Moose Tracks|Earthquake|p1b: Dondozo|[spread] p1b\n|-miss|p2b: Moose Tracks|p1a: Tatsugiri\n|-resisted|p1b: Dondozo\n|-damage|p1b: Dondozo|94\/100\n|\n|-heal|p1b: Dondozo|100\/100|[from] item: Leftovers\n|-damage|p2b: Moose Tracks|26\/100 psn|[from] psn\n|upkeep\n|\n|t:|1682815500\n|switch|p2a: Butter Pecan|Arcanine, L50, M|100\/100\n|-status|p2a: Butter Pecan|psn\n|-ability|p2a: Butter Pecan|Intimidate|boost\n|-unboost|p1a: Tatsugiri|atk|1\n|-fail|p1b: Dondozo|unboost|Attack|[from] ability: Oblivious|[of] p1b: Dondozo\n|turn|4\n|\n|t:|1682815521\n|move|p2a: Butter Pecan|Extreme Speed|p1b: Dondozo\n|-damage|p1b: Dondozo|92\/100\n|move|p1b: Dondozo|Wave Crash|p2a: Butter Pecan\n|-supereffective|p2a: Butter Pecan\n|-damage|p2a: Butter Pecan|0 fnt\n|faint|p2a: Butter Pecan\n|-damage|p1b: Dondozo|64\/100|[from] Recoil\n|move|p2b: Moose Tracks|Ruination|p1b: Dondozo\n|-damage|p1b: Dondozo|32\/100\n|\n|-heal|p1b: Dondozo|38\/100|[from] item: Leftovers\n|-damage|p2b: Moose Tracks|13\/100 psn|[from] psn\n|upkeep\n|turn|5\n|\n|t:|1682815541\n|move|p1b: Dondozo|Tera Blast|p2b: Moose Tracks\n|-supereffective|p2b: Moose Tracks\n|-damage|p2b: Moose Tracks|0 fnt\n|faint|p2b: Moose Tracks\n|\n|win|Hvac goon\n|c|\u2606Hvac goon|GG man\n|c|\u2606ShaytheFair|Yeah, Gg.\n|c|\u2606ShaytheFair|I'm still new to this, so I appreciate the experience!\n","uploadtime":1682815577,"views":11,"p1id":"hvacgoon","p2id":"shaythefair","formatid":"gen9vgc2023regulationc","rating":0,"private":0,"password":""}