{"id":"gen9vgc2023regulationc-1859425553","p1":"Red2k01","p2":"2A6O5++","format":"[Gen 9] VGC 2023 Regulation C","log":"|j|\u2606Red2k01\n|j|\u26062A6O5++\n|t:|1683465158\n|gametype|doubles\n|player|p1|Red2k01|2|\n|player|p2|2A6O5++|richboy-gen4|\n|teamsize|p1|6\n|teamsize|p2|6\n|gen|9\n|tier|[Gen 9] VGC 2023 Regulation C\n|rule|Species Clause: Limit one of each Pok\u00e9mon\n|rule|Item Clause: Limit one of each item\n|clearpoke\n|poke|p1|Flutter Mane, L50|\n|poke|p1|Chi-Yu, L50|\n|poke|p1|Dragonite, L50, F|\n|poke|p1|Dondozo, L50, M|\n|poke|p1|Tatsugiri-Stretchy, L50, F|\n|poke|p1|Glimmora, L50, M|\n|poke|p2|Ting-Lu, L50|\n|poke|p2|Vivillon-Fancy, L50, M|\n|poke|p2|Iron Bundle, L50|\n|poke|p2|Abomasnow, L50, F|\n|poke|p2|Annihilape, L50, F|\n|poke|p2|Chien-Pao, L50|\n|teampreview|4\n|inactive|Battle timer is ON: inactive players will automatically lose when time's up. (requested by Red2k01)\nRed2k01 has agreed to open team sheets.\n2A6O5++ has agreed to open team sheets.\n|\n|t:|1683465187\n|start\n|switch|p1a: Glimmora|Glimmora, L50, M|100\/100\n|switch|p1b: Flutter Mane|Flutter Mane, L50|100\/100\n|switch|p2a: Annihilape|Annihilape, L50, F|100\/100\n|switch|p2b: Vivillon|Vivillon-Fancy, L50, M|100\/100\n|-enditem|p1b: Flutter Mane|Booster Energy\n|-activate|p1b: Flutter Mane|ability: Protosynthesis|[fromitem]\n|-start|p1b: Flutter Mane|protosynthesisspe\n|turn|1\n|\n|t:|1683465206\n|move|p1b: Flutter Mane|Protect|p1b: Flutter Mane\n|-singleturn|p1b: Flutter Mane|Protect\n|move|p2b: Vivillon|Protect|p2b: Vivillon\n|-singleturn|p2b: Vivillon|Protect\n|move|p1a: Glimmora|Spiky Shield|p1a: Glimmora\n|-singleturn|p1a: Glimmora|move: Protect\n|move|p2a: Annihilape|Rage Fist|p1b: Flutter Mane\n|-activate|p1b: Flutter Mane|move: Protect\n|\n|upkeep\n|turn|2\n|c|\u2606Red2k01|Wow\n|c|\u2606Red2k01|...\n|c|\u2606Red2k01|Xd\n|\n|t:|1683465230\n|move|p1b: Flutter Mane|Moonblast|p2a: Annihilape\n|-supereffective|p2a: Annihilape\n|-enditem|p2a: Annihilape|Roseli Berry|[eat]\n|-enditem|p2a: Annihilape|Roseli Berry|[weaken]\n|-damage|p2a: Annihilape|66\/100\n|-unboost|p2a: Annihilape|spa|1\n|-ability|p2a: Annihilape|Defiant|boost\n|-boost|p2a: Annihilape|atk|2\n|move|p2b: Vivillon|Pollen Puff|p2a: Annihilape\n|-heal|p2a: Annihilape|100\/100\n|move|p1a: Glimmora|Power Gem|p2b: Vivillon\n|-supereffective|p2b: Vivillon\n|-enditem|p2b: Vivillon|Focus Sash\n|-damage|p2b: Vivillon|1\/100\n|move|p2a: Annihilape|Rage Fist|p1b: Flutter Mane\n|-supereffective|p1b: Flutter Mane\n|-damage|p1b: Flutter Mane|0 fnt\n|faint|p1b: Flutter Mane\n|-end|p1b: Flutter Mane|Protosynthesis|[silent]\n|\n|upkeep\n|\n|t:|1683465240\n|switch|p1b: Chi-Yu|Chi-Yu, L50|100\/100\n|-ability|p1b: Chi-Yu|Beads of Ruin\n|turn|3\n|inactive|Red2k01 has 30 seconds left.\n|\n|t:|1683465270\n|move|p1b: Chi-Yu|Protect|p1b: Chi-Yu\n|-singleturn|p1b: Chi-Yu|Protect\n|move|p2b: Vivillon|Rage Powder|p2b: Vivillon\n|-singleturn|p2b: Vivillon|move: Rage Powder\n|move|p1a: Glimmora|Power Gem|p2b: Vivillon\n|-supereffective|p2b: Vivillon\n|-damage|p2b: Vivillon|0 fnt\n|faint|p2b: Vivillon\n|move|p2a: Annihilape|Close Combat|p1b: Chi-Yu\n|-activate|p1b: Chi-Yu|move: Protect\n|\n|upkeep\n|\n|t:|1683465280\n|switch|p2b: Ting-Lu|Ting-Lu, L50|100\/100\n|-ability|p2b: Ting-Lu|Vessel of Ruin\n|turn|4\n|\n|t:|1683465303\n|-terastallize|p2a: Annihilape|Fire\n|move|p1a: Glimmora|Toxic|p2b: Ting-Lu\n|-status|p2b: Ting-Lu|tox\n|move|p1b: Chi-Yu|Dark Pulse|p2a: Annihilape\n|-damage|p2a: Annihilape|58\/100\n|cant|p2a: Annihilape|flinch\n|move|p2b: Ting-Lu|Stomping Tantrum|p1a: Glimmora\n|-supereffective|p1a: Glimmora\n|-enditem|p1a: Glimmora|Focus Sash\n|-damage|p1a: Glimmora|1\/100\n|-activate|p1a: Glimmora|ability: Toxic Debris\n|-sidestart|p2: 2A6O5++|move: Toxic Spikes\n|\n|-damage|p2b: Ting-Lu|95\/100 tox|[from] psn\n|upkeep\n|turn|5\n|inactive|Red2k01 has 30 seconds left.\n|inactive|2A6O5++ has 30 seconds left.\n|\n|t:|1683465337\n|switch|p1a: Dragonite|Dragonite, L50, F|100\/100\n|move|p1b: Chi-Yu|Protect|p1b: Chi-Yu\n|-singleturn|p1b: Chi-Yu|Protect\n|move|p2a: Annihilape|Rage Fist|p1b: Chi-Yu\n|-activate|p1b: Chi-Yu|move: Protect\n|move|p2b: Ting-Lu|Stomping Tantrum|p1a: Dragonite\n|-immune|p1a: Dragonite\n|\n|-damage|p2b: Ting-Lu|83\/100 tox|[from] psn\n|upkeep\n|turn|6\n|\n|t:|1683465355\n|-terastallize|p1a: Dragonite|Normal\n|move|p1a: Dragonite|Extreme Speed|p2a: Annihilape\n|-damage|p2a: Annihilape|17\/100\n|move|p1b: Chi-Yu|Flamethrower|p2a: Annihilape\n|-resisted|p2a: Annihilape\n|-damage|p2a: Annihilape|0 fnt\n|faint|p2a: Annihilape\n|move|p2b: Ting-Lu|Stomping Tantrum|p1b: Chi-Yu\n|-supereffective|p1b: Chi-Yu\n|-damage|p1b: Chi-Yu|0 fnt\n|faint|p1b: Chi-Yu\n|\n|-damage|p2b: Ting-Lu|65\/100 tox|[from] psn\n|upkeep\n|\n|t:|1683465367\n|switch|p1b: Glimmora|Glimmora, L50, M|1\/100\n|switch|p2a: Chien-Pao|Chien-Pao, L50|100\/100\n|-status|p2a: Chien-Pao|psn\n|-ability|p2a: Chien-Pao|Sword of Ruin\n|turn|7\n|inactive|2A6O5++ has 30 seconds left.\n|\n|t:|1683465393\n|move|p1b: Glimmora|Spiky Shield|p1b: Glimmora\n|-singleturn|p1b: Glimmora|move: Protect\n|move|p1a: Dragonite|Extreme Speed|p2a: Chien-Pao\n|-damage|p2a: Chien-Pao|49\/100 psn\n|-enditem|p2a: Chien-Pao|Sitrus Berry|[eat]\n|-heal|p2a: Chien-Pao|73\/100 psn|[from] item: Sitrus Berry\n|move|p2a: Chien-Pao|Sacred Sword|p1a: Dragonite\n|-supereffective|p1a: Dragonite\n|-damage|p1a: Dragonite|64\/100\n|move|p2b: Ting-Lu|Stomping Tantrum|p1b: Glimmora\n|-activate|p1b: Glimmora|move: Protect\n|-damage|p2b: Ting-Lu|52\/100 tox|[from] Spiky Shield|[of] p1b: Glimmora\n|\n|-damage|p2a: Chien-Pao|61\/100 psn|[from] psn\n|-damage|p2b: Ting-Lu|28\/100 tox|[from] psn\n|upkeep\n|turn|8\n|\n|t:|1683465415\n|move|p1a: Dragonite|Extreme Speed|p2a: Chien-Pao\n|-damage|p2a: Chien-Pao|16\/100 psn\n|move|p2a: Chien-Pao|Sacred Sword|p1a: Dragonite\n|-supereffective|p1a: Dragonite\n|-damage|p1a: Dragonite|0 fnt\n|faint|p1a: Dragonite\n|move|p1b: Glimmora|Power Gem|p2a: Chien-Pao\n|-supereffective|p2a: Chien-Pao\n|-damage|p2a: Chien-Pao|0 fnt\n|faint|p2a: Chien-Pao\n|move|p2b: Ting-Lu|Stomping Tantrum|p1b: Glimmora\n|-supereffective|p1b: Glimmora\n|-damage|p1b: Glimmora|0 fnt\n|-activate|p1b: Glimmora|ability: Toxic Debris\n|-sidestart|p2: 2A6O5++|move: Toxic Spikes\n|faint|p1b: Glimmora\n|\n|win|2A6O5++\n|c|\u2606Red2k01|Gg\n","uploadtime":1683465430,"views":17,"p1id":"red2k01","p2id":"2a6o5","formatid":"gen9vgc2023regulationc","rating":0,"private":0,"password":""}