{"id":"gen9vgc2023regulationc-1846676159","p1":"vivian20","p2":"MegaMachado","format":"[Gen 9] VGC 2023 Regulation C","log":"|j|\u2606vivian20\n|j|\u2606MegaMachado\n|t:|1681864604\n|gametype|doubles\n|player|p1|vivian20|1|\n|player|p2|MegaMachado|blackbelt-gen4dp|\n|teamsize|p1|6\n|teamsize|p2|6\n|gen|9\n|tier|[Gen 9] VGC 2023 Regulation C\n|rule|Species Clause: Limit one of each Pok\u00e9mon\n|rule|Item Clause: Limit one of each item\n|clearpoke\n|poke|p1|Glimmora, L50, M|\n|poke|p1|Flutter Mane, L50|\n|poke|p1|Tatsugiri, L50, M|\n|poke|p1|Dondozo, L50, F|\n|poke|p1|Arcanine, L50, M|\n|poke|p1|Wo-Chien, L50|\n|poke|p2|Amoonguss, L50, M|\n|poke|p2|Pelipper, L50, M|\n|poke|p2|Palafin, L50, M|\n|poke|p2|Barraskewda, L50, F|\n|poke|p2|Chien-Pao, L50|\n|poke|p2|Gholdengo, L50|\n|teampreview|4\nvivian20 has agreed to open team sheets.\n|inactive|Battle timer is ON: inactive players will automatically lose when time's up. (requested by vivian20)\n|\n|t:|1681864647\n|start\n|switch|p1a: Arcanine|Arcanine, L50, M|100\/100\n|switch|p1b: Wo-Chien|Wo-Chien, L50|100\/100\n|switch|p2a: Pelipper|Pelipper, L50, M|100\/100\n|switch|p2b: Barraskewda|Barraskewda, L50, F|100\/100\n|-ability|p1a: Arcanine|Intimidate|boost\n|-unboost|p2a: Pelipper|atk|1\n|-unboost|p2b: Barraskewda|atk|1\n|-weather|RainDance|[from] ability: Drizzle|[of] p2a: Pelipper\n|-ability|p1b: Wo-Chien|Tablets of Ruin\n|turn|1\n|inactive|vivian20 has 30 seconds left.\n|inactive|vivian20 has 20 seconds left.\n|inactive|vivian20 has 15 seconds left.\n|\n|t:|1681864691\n|switch|p2b: Gholdengo|Gholdengo, L50|100\/100\n|-terastallize|p1a: Arcanine|Water\n|move|p1a: Arcanine|Will-O-Wisp|p2b: Gholdengo\n|-immune|p2b: Gholdengo|[from] ability: Good as Gold\n|move|p2a: Pelipper|Hurricane|p1b: Wo-Chien\n|-supereffective|p1b: Wo-Chien\n|-damage|p1b: Wo-Chien|53\/100\n|move|p1b: Wo-Chien|Leech Seed|p2a: Pelipper\n|-start|p2a: Pelipper|move: Leech Seed\n|\n|-weather|RainDance|[upkeep]\n|-heal|p1b: Wo-Chien|59\/100|[from] item: Leftovers\n|-damage|p2a: Pelipper|89\/100|[from] Leech Seed|[of] p1b: Wo-Chien\n|-heal|p1b: Wo-Chien|69\/100|[silent]\n|upkeep\n|turn|2\n|inactive|vivian20 has 30 seconds left.\n|\n|t:|1681864720\n|move|p2a: Pelipper|Helping Hand|p2b: Gholdengo\n|-immune|p2b: Gholdengo|[from] ability: Good as Gold\n|move|p1b: Wo-Chien|Protect|p1b: Wo-Chien\n|-singleturn|p1b: Wo-Chien|Protect\n|move|p2b: Gholdengo|Thunder|p1a: Arcanine\n|-supereffective|p1a: Arcanine\n|-damage|p1a: Arcanine|0 fnt\n|faint|p1a: Arcanine\n|\n|-weather|RainDance|[upkeep]\n|-heal|p1b: Wo-Chien|75\/100|[from] item: Leftovers\n|-damage|p2a: Pelipper|77\/100|[from] Leech Seed|[of] p1b: Wo-Chien\n|-heal|p1b: Wo-Chien|86\/100|[silent]\n|upkeep\n|\n|t:|1681864733\n|switch|p1a: Flutter Mane|Flutter Mane, L50|100\/100\n|turn|3\n|\n|t:|1681864751\n|switch|p2b: Barraskewda|Barraskewda, L50, F|100\/100\n|move|p1a: Flutter Mane|Protect|p1a: Flutter Mane\n|-singleturn|p1a: Flutter Mane|Protect\n|move|p2a: Pelipper|Hurricane|p1b: Wo-Chien\n|-supereffective|p1b: Wo-Chien\n|-damage|p1b: Wo-Chien|36\/100\n|move|p1b: Wo-Chien|Snarl|p2b: Barraskewda|[spread] p2a,p2b\n|-damage|p2a: Pelipper|56\/100\n|-damage|p2b: Barraskewda|68\/100\n|-unboost|p2a: Pelipper|spa|1\n|-unboost|p2b: Barraskewda|spa|1\n|\n|-weather|RainDance|[upkeep]\n|-heal|p1b: Wo-Chien|42\/100|[from] item: Leftovers\n|-damage|p2a: Pelipper|44\/100|[from] Leech Seed|[of] p1b: Wo-Chien\n|-heal|p1b: Wo-Chien|53\/100|[silent]\n|upkeep\n|turn|4\n|\n|t:|1681864775\n|switch|p2a: Chien-Pao|Chien-Pao, L50|100\/100\n|-ability|p2a: Chien-Pao|Sword of Ruin\n|move|p1b: Wo-Chien|Protect|p1b: Wo-Chien\n|-singleturn|p1b: Wo-Chien|Protect\n|move|p2b: Barraskewda|Liquidation|p1a: Flutter Mane\n|-enditem|p1a: Flutter Mane|Focus Sash\n|-damage|p1a: Flutter Mane|1\/100\n|-unboost|p1a: Flutter Mane|def|1\n|move|p1a: Flutter Mane|Moonblast|p2b: Barraskewda\n|-damage|p2b: Barraskewda|0 fnt\n|faint|p2b: Barraskewda\n|\n|-weather|RainDance|[upkeep]\n|-heal|p1b: Wo-Chien|59\/100|[from] item: Leftovers\n|upkeep\n|\n|t:|1681864794\n|switch|p2b: Pelipper|Pelipper, L50, M|44\/100\n|turn|5\n|\n|t:|1681864819\n|-end|p1a: Flutter Mane|Protosynthesis|[silent]\n|switch|p1a: Glimmora|Glimmora, L50, M|100\/100\n|-terastallize|p2a: Chien-Pao|Ghost\n|move|p2a: Chien-Pao|Ice Spinner|p1a: Glimmora\n|-damage|p1a: Glimmora|48\/100\n|-activate|p1a: Glimmora|ability: Toxic Debris\n|-sidestart|p2: MegaMachado|move: Toxic Spikes\n|-damage|p2a: Chien-Pao|91\/100|[from] item: Life Orb\n|move|p2b: Pelipper|Hurricane|p1b: Wo-Chien\n|-supereffective|p1b: Wo-Chien\n|-damage|p1b: Wo-Chien|12\/100\n|move|p1b: Wo-Chien|Leech Seed|p2b: Pelipper\n|-start|p2b: Pelipper|move: Leech Seed\n|\n|-weather|RainDance|[upkeep]\n|-heal|p1b: Wo-Chien|18\/100|[from] item: Leftovers\n|-damage|p2b: Pelipper|32\/100|[from] Leech Seed|[of] p1b: Wo-Chien\n|-heal|p1b: Wo-Chien|29\/100|[silent]\n|upkeep\n|turn|6\n|l|\u2606MegaMachado\n|inactive|MegaMachado disconnected!\n|player|p2|\n|inactive|vivian20 has 30 seconds left.\n|inactive|MegaMachado has 30 seconds left.\n|j|\u2606MegaMachado\n|inactive|MegaMachado reconnected and has 30 seconds left.\n|player|p2|MegaMachado|blackbelt-gen4dp\n|inactive|MegaMachado has 20 seconds left.\n|inactive|MegaMachado has 15 seconds left.\n|\n|t:|1681864863\n|switch|p2b: Gholdengo|Gholdengo, L50|100\/100\n|move|p2a: Chien-Pao|Ice Spinner|p1a: Glimmora\n|-damage|p1a: Glimmora|0 fnt\n|-activate|p1a: Glimmora|ability: Toxic Debris\n|-sidestart|p2: MegaMachado|move: Toxic Spikes\n|faint|p1a: Glimmora\n|-damage|p2a: Chien-Pao|81\/100|[from] item: Life Orb\n|move|p1b: Wo-Chien|Snarl|p2a: Chien-Pao|[spread] p2a,p2b\n|-supereffective|p2a: Chien-Pao\n|-supereffective|p2b: Gholdengo\n|-damage|p2a: Chien-Pao|35\/100\n|-damage|p2b: Gholdengo|73\/100\n|-unboost|p2a: Chien-Pao|spa|1\n|-unboost|p2b: Gholdengo|spa|1\n|\n|-weather|RainDance|[upkeep]\n|-heal|p1b: Wo-Chien|35\/100|[from] item: Leftovers\n|upkeep\n|\n|t:|1681864879\n|switch|p1a: Flutter Mane|Flutter Mane, L50|1\/100\n|turn|7\n|\n|t:|1681864898\n|move|p1a: Flutter Mane|Protect|p1a: Flutter Mane\n|-singleturn|p1a: Flutter Mane|Protect\n|move|p2a: Chien-Pao|Haze|p2a: Chien-Pao\n|-clearallboost\n|move|p2b: Gholdengo|Make It Rain|p1b: Wo-Chien|[spread] p1b\n|-activate|p1a: Flutter Mane|move: Protect\n|-damage|p1b: Wo-Chien|0 fnt\n|-unboost|p2b: Gholdengo|spa|1\n|faint|p1b: Wo-Chien\n|\n|-weather|RainDance|[upkeep]\n|upkeep\n|turn|8\n|\n|t:|1681864917\n|move|p2a: Chien-Pao|Ice Spinner|p1a: Flutter Mane\n|-damage|p1a: Flutter Mane|0 fnt\n|faint|p1a: Flutter Mane\n|-end|p1a: Flutter Mane|Protosynthesis|[silent]\n|-damage|p2a: Chien-Pao|25\/100|[from] item: Life Orb\n|\n|win|MegaMachado\n|l|\u2606vivian20\n","uploadtime":1681864925,"views":11,"p1id":"vivian20","p2id":"megamachado","formatid":"gen9vgc2023regulationc","rating":0,"private":0,"password":""}