{"id":"gen9vgc2023regulationc-1858786583","p1":"DerrickSenpaiTM","p2":"Ayrshire20Scythers","format":"[Gen 9] VGC 2023 Regulation C","log":"|j|\u2606DerrickSenpaiTM\n|j|\u2606Ayrshire20Scythers\n|t:|1683360975\n|gametype|doubles\n|player|p1|DerrickSenpaiTM|raihan|\n|player|p2|Ayrshire20Scythers|policeman-gen4|\n|teamsize|p1|6\n|teamsize|p2|6\n|gen|9\n|tier|[Gen 9] VGC 2023 Regulation C\n|rule|Species Clause: Limit one of each Pok\u00e9mon\n|rule|Item Clause: Limit one of each item\n|clearpoke\n|poke|p1|Kingambit, L50, F|\n|poke|p1|Slither Wing, L50|\n|poke|p1|Hatterene, L50, F|\n|poke|p1|Copperajah, L50, F|\n|poke|p1|Farigiraf, L50, M|\n|poke|p1|Rabsca, L50, F|\n|poke|p2|Pincurchin, L50, M|\n|poke|p2|Iron Moth, L50|\n|poke|p2|Tyranitar, L50, F|\n|poke|p2|Iron Thorns, L50|\n|poke|p2|Iron Jugulis, L50|\n|poke|p2|Indeedee-F, L50, F|\n|teampreview|4\n|\n|t:|1683360997\n|start\n|switch|p1a: Hatterene|Hatterene, L50, F|100\/100\n|switch|p1b: Slither Wing|Slither Wing, L50|100\/100\n|switch|p2a: Indeedee|Indeedee-F, L50, F, shiny|100\/100\n|switch|p2b: Tyranitar|Tyranitar, L50, F, shiny|100\/100\n|-weather|Sandstorm|[from] ability: Sand Stream|[of] p2b: Tyranitar\n|-enditem|p1b: Slither Wing|Booster Energy\n|-activate|p1b: Slither Wing|ability: Protosynthesis|[fromitem]\n|-start|p1b: Slither Wing|protosynthesisatk\n|turn|1\n|l|\u2606Ayrshire20Scythers\n|player|p2|\n|j|\u2606Ayrshire20Scythers\n|player|p2|Ayrshire20Scythers|policeman-gen4\n|\n|t:|1683361105\n|-terastallize|p1b: Slither Wing|Steel\n|move|p2a: Indeedee|Fake Out|p1b: Slither Wing\n|-resisted|p1b: Slither Wing\n|-crit|p1b: Slither Wing\n|-damage|p1b: Slither Wing|93\/100\n|cant|p1b: Slither Wing|flinch\n|move|p2b: Tyranitar|Earthquake|p1a: Hatterene|[spread] p2a,p1a,p1b\n|-supereffective|p1b: Slither Wing\n|-damage|p2a: Indeedee|59\/100\n|-damage|p1a: Hatterene|66\/100\n|-damage|p1b: Slither Wing|31\/100\n|move|p1a: Hatterene|Trick Room|p1a: Hatterene\n|-fieldstart|move: Trick Room|[of] p1a: Hatterene\n|\n|-weather|Sandstorm|[upkeep]\n|-damage|p1a: Hatterene|60\/100|[from] Sandstorm\n|-damage|p2a: Indeedee|52\/100|[from] Sandstorm\n|upkeep\n|turn|2\n|\n|t:|1683361128\n|move|p2a: Indeedee|Follow Me|p2a: Indeedee\n|-singleturn|p2a: Indeedee|move: Follow Me\n|move|p1a: Hatterene|Dazzling Gleam|p2b: Tyranitar|[spread] p2a,p2b\n|-supereffective|p2b: Tyranitar\n|-damage|p2a: Indeedee|17\/100\n|-damage|p2b: Tyranitar|71\/100\n|-enditem|p2a: Indeedee|Iapapa Berry|[eat]\n|-heal|p2a: Indeedee|50\/100|[from] item: Iapapa Berry\n|move|p2b: Tyranitar|Earthquake|p1b: Slither Wing|[spread] p2a,p1a,p1b\n|-supereffective|p1b: Slither Wing\n|-damage|p2a: Indeedee|7\/100\n|-damage|p1a: Hatterene|25\/100\n|-damage|p1b: Slither Wing|0 fnt\n|faint|p1b: Slither Wing\n|-end|p1b: Slither Wing|Protosynthesis|[silent]\n|\n|-weather|Sandstorm|[upkeep]\n|-damage|p1a: Hatterene|19\/100|[from] Sandstorm\n|-damage|p2a: Indeedee|0 fnt|[from] Sandstorm\n|faint|p2a: Indeedee\n|upkeep\n|\n|t:|1683361148\n|switch|p1b: Rabsca|Rabsca, L50, F|100\/100\n|switch|p2a: Iron Thorns|Iron Thorns, L50, shiny|100\/100\n|-item|p2a: Iron Thorns|Air Balloon\n|turn|3\n|\n|t:|1683361162\n|move|p1a: Hatterene|Dazzling Gleam|p2a: Iron Thorns|[spread] p2a,p2b\n|-supereffective|p2b: Tyranitar\n|-damage|p2a: Iron Thorns|79\/100\n|-damage|p2b: Tyranitar|42\/100\n|-enditem|p2a: Iron Thorns|Air Balloon\n|move|p1b: Rabsca|Revival Blessing|p1b: Rabsca\n|\n|t:|1683361168\n|-heal|p1: Slither Wing|50\/100|[from] move: Revival Blessing\n|move|p2b: Tyranitar|Rock Slide|p1a: Hatterene|[spread] p1a,p1b\n|-supereffective|p1b: Rabsca\n|-damage|p1a: Hatterene|0 fnt\n|-damage|p1b: Rabsca|30\/100\n|faint|p1a: Hatterene\n|move|p2a: Iron Thorns|Rock Slide|p1b: Rabsca\n|-supereffective|p1b: Rabsca\n|-damage|p1b: Rabsca|0 fnt\n|faint|p1b: Rabsca\n|\n|-weather|Sandstorm|[upkeep]\n|upkeep\n|\n|t:|1683361183\n|switch|p1a: Copperajah|Copperajah, L50, F|100\/100\n|switch|p1b: Slither Wing|Slither Wing, L50|50\/100\n|turn|4\n|\n|t:|1683361198\n|move|p2a: Iron Thorns|Protect|p2a: Iron Thorns\n|-singleturn|p2a: Iron Thorns|Protect\n|move|p1b: Slither Wing|First Impression|p2b: Tyranitar\n|-supereffective|p2b: Tyranitar\n|-damage|p2b: Tyranitar|0 fnt\n|faint|p2b: Tyranitar\n|move|p1a: Copperajah|High Horsepower|p2a: Iron Thorns\n|-activate|p2a: Iron Thorns|move: Protect\n|\n|-weather|Sandstorm|[upkeep]\n|-damage|p1b: Slither Wing|44\/100|[from] Sandstorm\n|upkeep\n|\n|t:|1683361211\n|switch|p2b: Iron Moth|Iron Moth, L50, shiny|100\/100\n|turn|5\n|\n|t:|1683361239\n|move|p2b: Iron Moth|Protect|p2b: Iron Moth\n|-singleturn|p2b: Iron Moth|Protect\n|move|p1a: Copperajah|High Horsepower|p2b: Iron Moth\n|-activate|p2b: Iron Moth|move: Protect\n|move|p2a: Iron Thorns|Rock Slide|p1a: Copperajah|[spread] p1a\n|-miss|p2a: Iron Thorns|p1b: Slither Wing\n|-resisted|p1a: Copperajah\n|-damage|p1a: Copperajah|82\/100\n|move|p1b: Slither Wing|Close Combat|p2a: Iron Thorns\n|-supereffective|p2a: Iron Thorns\n|-damage|p2a: Iron Thorns|0 fnt\n|-unboost|p1b: Slither Wing|def|1\n|-unboost|p1b: Slither Wing|spd|1\n|faint|p2a: Iron Thorns\n|-end|p2a: Iron Thorns|Quark Drive|[silent]\n|\n|-weather|none\n|-fieldend|move: Trick Room\n|upkeep\n|turn|6\n|\n|t:|1683361266\n|-terastallize|p2b: Iron Moth|Flying\n|move|p2b: Iron Moth|Heat Wave|p1a: Copperajah|[spread] p1a,p1b\n|-supereffective|p1a: Copperajah\n|-supereffective|p1b: Slither Wing\n|-damage|p1a: Copperajah|0 fnt\n|-damage|p1b: Slither Wing|0 fnt\n|faint|p1a: Copperajah\n|faint|p1b: Slither Wing\n|-end|p1b: Slither Wing|Protosynthesis|[silent]\n|-damage|p2b: Iron Moth|90\/100|[from] item: Life Orb\n|\n|win|Ayrshire20Scythers\n|c|\u2606Ayrshire20Scythers|Gg\n","uploadtime":1683361277,"views":21,"p1id":"derricksenpaitm","p2id":"ayrshire20scythers","formatid":"gen9vgc2023regulationc","rating":0,"private":0,"password":""}