{"id":"gen9vgc2023regulationc-1855277027","p1":"Litoo22","p2":"IrishHawk","format":"[Gen 9] VGC 2023 Regulation C","log":"|j|\u2606Litoo22\n|j|\u2606IrishHawk\n|t:|1682928326\n|gametype|doubles\n|player|p1|Litoo22|265|1175\n|player|p2|IrishHawk|harlequin|1202\n|teamsize|p1|6\n|teamsize|p2|6\n|gen|9\n|tier|[Gen 9] VGC 2023 Regulation C\n|rated|\n|rule|Species Clause: Limit one of each Pok\u00e9mon\n|rule|Item Clause: Limit one of each item\n|clearpoke\n|poke|p1|Ceruledge, L50, F|\n|poke|p1|Gyarados, L50, F|\n|poke|p1|Amoonguss, L50, F|\n|poke|p1|Flutter Mane, L50|\n|poke|p1|Swalot, L50, F|\n|poke|p1|Dragapult, L50, F|\n|poke|p2|Meowscarada, L50, M|\n|poke|p2|Skeledirge, L50, F|\n|poke|p2|Glimmora, L50, F|\n|poke|p2|Ting-Lu, L50|\n|poke|p2|Salamence, L50, F|\n|poke|p2|Maushold, L50|\n|teampreview|4\n|\n|t:|1682928379\n|start\n|switch|p1a: Swalot|Swalot, L50, F|100\/100\n|switch|p1b: Gyarados|Gyarados, L50, F, shiny|100\/100\n|switch|p2a: Salamence|Salamence, L50, F|100\/100\n|switch|p2b: Maushold|Maushold, L50|100\/100\n|-ability|p2a: Salamence|Intimidate|boost\n|-unboost|p1a: Swalot|atk|1\n|-unboost|p1b: Gyarados|atk|1\n|-ability|p1b: Gyarados|Intimidate|boost\n|-unboost|p2a: Salamence|atk|1\n|-unboost|p2b: Maushold|atk|1\n|turn|1\n|\n|t:|1682928402\n|move|p2b: Maushold|Follow Me|p2b: Maushold\n|-singleturn|p2b: Maushold|move: Follow Me\n|move|p2a: Salamence|Dragon Dance|p2a: Salamence\n|-boost|p2a: Salamence|atk|1\n|-boost|p2a: Salamence|spe|1\n|move|p1b: Gyarados|Taunt|p2b: Maushold\n|-start|p2b: Maushold|move: Taunt\n|move|p1a: Swalot|Yawn|p2b: Maushold\n|-start|p2b: Maushold|move: Yawn|[of] p1a: Swalot\n|\n|upkeep\n|turn|2\n|\n|t:|1682928419\n|move|p2a: Salamence|Dragon Dance|p2a: Salamence\n|-boost|p2a: Salamence|atk|1\n|-boost|p2a: Salamence|spe|1\n|move|p2b: Maushold|Population Bomb|p1a: Swalot\n|-damage|p1a: Swalot|97\/100\n|-damage|p1a: Swalot|93\/100\n|-hitcount|p1a: Swalot|2\n|move|p1b: Gyarados|Thunder Wave|p2a: Salamence\n|-status|p2a: Salamence|par\n|move|p1a: Swalot|Yawn||[still]\n|-fail|p1a: Swalot\n|\n|-end|p2b: Maushold|move: Yawn|[silent]\n|-status|p2b: Maushold|slp\n|upkeep\n|turn|3\n|\n|t:|1682928454\n|switch|p1b: Ceruledge|Ceruledge, L50, F|100\/100\n|cant|p2b: Maushold|slp\n|cant|p2a: Salamence|par\n|move|p1a: Swalot|Stockpile|p1a: Swalot\n|-start|p1a: Swalot|stockpile1\n|-boost|p1a: Swalot|def|1\n|-boost|p1a: Swalot|spd|1\n|\n|upkeep\n|turn|4\n|\n|t:|1682928468\n|-curestatus|p2b: Maushold|slp|[msg]\n|move|p2b: Maushold|Population Bomb|p1a: Swalot\n|-damage|p1a: Swalot|90\/100\n|-damage|p1a: Swalot|87\/100\n|-damage|p1a: Swalot|83\/100\n|-damage|p1a: Swalot|80\/100\n|-damage|p1a: Swalot|77\/100\n|-damage|p1a: Swalot|73\/100\n|-damage|p1a: Swalot|70\/100\n|-damage|p1a: Swalot|67\/100\n|-damage|p1a: Swalot|64\/100\n|-damage|p1a: Swalot|61\/100\n|-hitcount|p1a: Swalot|10\n|move|p2a: Salamence|Dragon Claw|p1a: Swalot\n|-damage|p1a: Swalot|17\/100\n|-enditem|p1a: Swalot|Aguav Berry|[eat]\n|-heal|p1a: Swalot|50\/100|[from] item: Aguav Berry\n|move|p1b: Ceruledge|Bulk Up|p1b: Ceruledge\n|-boost|p1b: Ceruledge|atk|1\n|-boost|p1b: Ceruledge|def|1\n|move|p1a: Swalot|Stockpile|p1a: Swalot\n|-start|p1a: Swalot|stockpile2\n|-boost|p1a: Swalot|def|1\n|-boost|p1a: Swalot|spd|1\n|\n|-end|p2b: Maushold|move: Taunt\n|upkeep\n|turn|5\n|\n|t:|1682928504\n|move|p2b: Maushold|Encore|p1b: Ceruledge\n|-start|p1b: Ceruledge|Encore\n|move|p2a: Salamence|Dragon Claw|p1a: Swalot\n|-damage|p1a: Swalot|18\/100\n|move|p1b: Ceruledge|Bulk Up|p1b: Ceruledge\n|-boost|p1b: Ceruledge|atk|1\n|-boost|p1b: Ceruledge|def|1\n|move|p1a: Swalot|Belch|p2a: Salamence|[miss]\n|-miss|p1a: Swalot|p2a: Salamence\n|\n|upkeep\n|turn|6\n|\n|t:|1682928521\n|move|p2b: Maushold|Population Bomb|p1a: Swalot\n|-damage|p1a: Swalot|16\/100\n|-damage|p1a: Swalot|14\/100\n|-damage|p1a: Swalot|12\/100\n|-damage|p1a: Swalot|10\/100\n|-damage|p1a: Swalot|7\/100\n|-damage|p1a: Swalot|5\/100\n|-damage|p1a: Swalot|3\/100\n|-damage|p1a: Swalot|1\/100\n|-crit|p1a: Swalot\n|-damage|p1a: Swalot|0 fnt\n|faint|p1a: Swalot\n|-hitcount|p1: Swalot|9\n|cant|p2a: Salamence|par\n|move|p1b: Ceruledge|Bulk Up|p1b: Ceruledge\n|-boost|p1b: Ceruledge|atk|1\n|-boost|p1b: Ceruledge|def|1\n|\n|upkeep\n|\n|t:|1682928542\n|switch|p1a: Gyarados|Gyarados, L50, F, shiny|100\/100\n|-ability|p1a: Gyarados|Intimidate|boost\n|-unboost|p2a: Salamence|atk|1\n|-unboost|p2b: Maushold|atk|1\n|turn|7\n|\n|t:|1682928550\n|move|p2b: Maushold|Follow Me|p2b: Maushold\n|-singleturn|p2b: Maushold|move: Follow Me\n|cant|p2a: Salamence|par\n|move|p1a: Gyarados|Taunt|p2b: Maushold\n|-start|p2b: Maushold|move: Taunt\n|move|p1b: Ceruledge|Bulk Up|p1b: Ceruledge\n|-boost|p1b: Ceruledge|atk|1\n|-boost|p1b: Ceruledge|def|1\n|\n|-end|p1b: Ceruledge|Encore\n|upkeep\n|turn|8\n|c|\u2606IrishHawk|Your a lucky\n|c|\u2606IrishHawk|n\n|c|\u2606IrishHawk|i\n|c|\u2606IrishHawk|g\n|c|\u2606IrishHawk|g\n|c|\u2606IrishHawk|e\n|c|\u2606IrishHawk|r\n|\n|t:|1682928577\n|move|p2b: Maushold|Population Bomb|p1b: Ceruledge\n|-immune|p1b: Ceruledge\n|cant|p2a: Salamence|par\n|move|p1a: Gyarados|Thunder Wave|p2b: Maushold\n|-status|p2b: Maushold|par\n|move|p1b: Ceruledge|Bitter Blade|p2a: Salamence\n|-resisted|p2a: Salamence\n|-damage|p2a: Salamence|26\/100 par\n|\n|upkeep\n|turn|9\n|c|\u2606IrishHawk|Your a ni\n|c|\u2606IrishHawk|gger\n|c|\u2606IrishHawk|get back out in the fields and get my cotton you monkey\n|\n|t:|1682928623\n|cant|p2a: Salamence|par\n|move|p1a: Gyarados|Waterfall|p2a: Salamence\n|-resisted|p2a: Salamence\n|-damage|p2a: Salamence|10\/100 par\n|move|p1b: Ceruledge|Bitter Blade|p2b: Maushold\n|-damage|p2b: Maushold|0 fnt\n|faint|p2b: Maushold\n|\n|upkeep\n|\n|t:|1682928633\n|switch|p2b: Glimmora|Glimmora, L50, F|100\/100\n|turn|10\n|\n|t:|1682928643\n|move|p2a: Salamence|Dragon Claw|p1a: Gyarados\n|-damage|p1a: Gyarados|49\/100\n|move|p2b: Glimmora|Power Gem|p1b: Ceruledge\n|-supereffective|p1b: Ceruledge\n|-damage|p1b: Ceruledge|15\/100\n|move|p1a: Gyarados|Waterfall|p2a: Salamence\n|-resisted|p2a: Salamence\n|-damage|p2a: Salamence|0 fnt\n|faint|p2a: Salamence\n|move|p1b: Ceruledge|Bitter Blade|p2b: Glimmora\n|-resisted|p2b: Glimmora\n|-damage|p2b: Glimmora|28\/100\n|-heal|p1b: Ceruledge|61\/100|[from] drain|[of] p2b: Glimmora\n|-activate|p2b: Glimmora|ability: Toxic Debris\n|-sidestart|p1: Litoo22|move: Toxic Spikes\n|\n|-heal|p1b: Ceruledge|67\/100|[from] item: Leftovers\n|upkeep\n|\n|t:|1682928649\n|switch|p2a: Skeledirge|Skeledirge, L50, F|100\/100\n|turn|11\n|\n|t:|1682928671\n|-terastallize|p1b: Ceruledge|Grass\n|-terastallize|p2a: Skeledirge|Fairy\n|move|p2b: Glimmora|Power Gem|p1b: Ceruledge\n|-damage|p1b: Ceruledge|27\/100\n|move|p1a: Gyarados|Thunder Wave|p2a: Skeledirge\n|-status|p2a: Skeledirge|par\n|move|p1b: Ceruledge|Tera Blast|p2b: Glimmora\n|-damage|p2b: Glimmora|0 fnt\n|-activate|p2b: Glimmora|ability: Toxic Debris\n|-sidestart|p1: Litoo22|move: Toxic Spikes\n|faint|p2b: Glimmora\n|cant|p2a: Skeledirge|par\n|\n|-heal|p1b: Ceruledge|33\/100|[from] item: Leftovers\n|upkeep\n|turn|12\n|c|\u2606IrishHawk|Your a fucking monkey\n|\n|t:|1682928697\n|move|p1a: Gyarados|Waterfall|p2a: Skeledirge\n|-damage|p2a: Skeledirge|71\/100 par\n|move|p1b: Ceruledge|Bitter Blade|p2a: Skeledirge\n|-damage|p2a: Skeledirge|25\/100 par\n|-heal|p1b: Ceruledge|66\/100|[from] drain|[of] p2a: Skeledirge\n|-enditem|p2a: Skeledirge|Sitrus Berry|[eat]\n|-heal|p2a: Skeledirge|49\/100 par|[from] item: Sitrus Berry\n|move|p2a: Skeledirge|Tera Blast|p1b: Ceruledge\n|-damage|p1b: Ceruledge|12\/100\n|\n|-heal|p1b: Ceruledge|18\/100|[from] item: Leftovers\n|upkeep\n|turn|13\n|\n|t:|1682928715\n|move|p1a: Gyarados|Waterfall|p2a: Skeledirge\n|-damage|p2a: Skeledirge|19\/100 par\n|move|p1b: Ceruledge|Bitter Blade|p2a: Skeledirge\n|-damage|p2a: Skeledirge|0 fnt\n|-heal|p1b: Ceruledge|31\/100|[from] drain|[of] p2a: Skeledirge\n|faint|p2a: Skeledirge\n|\n|win|Litoo22\n|raw|Litoo22's rating: 1175 → 1202<\/strong> (+27 for winning)\n|raw|IrishHawk's rating: 1202 → 1175<\/strong> (-27 for losing)\n","uploadtime":1682928689,"views":24,"p1id":"litoo22","p2id":"irishhawk","formatid":"gen9vgc2023regulationc","rating":1175,"private":0,"password":""}