{"id":"gen9vgc2023regulationc-1847470820","p1":"foiledfeline","p2":"Vizsla_falconer","format":"[Gen 9] VGC 2023 Regulation C","log":"|j|\u2606foiledfeline\n|j|\u2606Vizsla_falconer\n|t:|1681959146\n|gametype|doubles\n|player|p1|foiledfeline|steven|1325\n|player|p2|Vizsla_falconer|266|1234\n|teamsize|p1|6\n|teamsize|p2|6\n|gen|9\n|tier|[Gen 9] VGC 2023 Regulation C\n|rated|\n|rule|Species Clause: Limit one of each Pok\u00e9mon\n|rule|Item Clause: Limit one of each item\n|clearpoke\n|poke|p1|Flutter Mane, L50|\n|poke|p1|Talonflame, L50, F|\n|poke|p1|Baxcalibur, L50, F|\n|poke|p1|Ting-Lu, L50|\n|poke|p1|Gyarados, L50, F|\n|poke|p1|Breloom, L50, M|\n|poke|p2|Arcanine, L50, F|\n|poke|p2|Abomasnow, L50, M|\n|poke|p2|Cetitan, L50, M|\n|poke|p2|Annihilape, L50, F|\n|poke|p2|Amoonguss, L50, F|\n|poke|p2|Azumarill, L50, M|\n|teampreview|4\nfoiledfeline has agreed to open team sheets.\n|c|\u2606Vizsla_falconer|Cool team\n|c|\u2606foiledfeline|yours too\n|\n|t:|1681959221\n|start\n|switch|p1a: Talonflame|Talonflame, L50, F|100\/100\n|switch|p1b: Gyarados|Gyarados, L50, F|100\/100\n|switch|p2a: Abomasnow|Abomasnow, L50, M|100\/100\n|switch|p2b: Cetitan|Cetitan, L50, M|100\/100\n|-ability|p1b: Gyarados|Intimidate|boost\n|-unboost|p2a: Abomasnow|atk|1\n|-unboost|p2b: Cetitan|atk|1\n|-weather|Snow|[from] ability: Snow Warning|[of] p2a: Abomasnow\n|turn|1\n|\n|t:|1681959245\n|switch|p1b: Baxcalibur|Baxcalibur, L50, F|100\/100\n|-terastallize|p2b: Cetitan|Water\n|move|p2a: Abomasnow|Protect|p2a: Abomasnow\n|-singleturn|p2a: Abomasnow|Protect\n|move|p1a: Talonflame|Tailwind|p1a: Talonflame\n|-sidestart|p1: foiledfeline|move: Tailwind\n|move|p2b: Cetitan|Liquidation|p1a: Talonflame\n|-supereffective|p1a: Talonflame\n|-damage|p1a: Talonflame|17\/100\n|\n|-weather|Snow|[upkeep]\n|upkeep\n|turn|2\n|\n|t:|1681959280\n|switch|p1a: Gyarados|Gyarados, L50, F|100\/100\n|-ability|p1a: Gyarados|Intimidate|boost\n|-unboost|p2a: Abomasnow|atk|1\n|-unboost|p2b: Cetitan|atk|1\n|move|p2b: Cetitan|Ice Shard|p1a: Gyarados\n|-damage|p1a: Gyarados|93\/100\n|move|p1b: Baxcalibur|Glaive Rush|p2b: Cetitan\n|-damage|p2b: Cetitan|35\/100\n|-singlemove|p1b: Baxcalibur|Glaive Rush|[silent]\n|move|p2a: Abomasnow|Aurora Veil|p2a: Abomasnow\n|-sidestart|p2: Vizsla_falconer|move: Aurora Veil\n|\n|-weather|Snow|[upkeep]\n|upkeep\n|turn|3\n|\n|t:|1681959310\n|switch|p2b: Azumarill|Azumarill, L50, M|100\/100\n|move|p1a: Gyarados|Helping Hand|p1b: Baxcalibur\n|-singleturn|p1b: Baxcalibur|Helping Hand|[of] p1a: Gyarados\n|move|p1b: Baxcalibur|Earthquake|p2b: Azumarill|[spread] p2a,p2b\n|-immune|p1a: Gyarados\n|-resisted|p2a: Abomasnow\n|-crit|p2b: Azumarill\n|-damage|p2a: Abomasnow|89\/100\n|-damage|p2b: Azumarill|26\/100\n|-enditem|p2b: Azumarill|Sitrus Berry|[eat]\n|-heal|p2b: Azumarill|51\/100|[from] item: Sitrus Berry\n|move|p2a: Abomasnow|Blizzard|p1b: Baxcalibur|[spread] p1a,p1b\n|-damage|p1a: Gyarados|71\/100\n|-damage|p1b: Baxcalibur|84\/100\n|\n|-weather|Snow|[upkeep]\n|upkeep\n|turn|4\n|inactive|Battle timer is ON: inactive players will automatically lose when time's up. (requested by Vizsla_falconer)\n|inactive|Vizsla_falconer has 60 seconds left.\n|\n|t:|1681959345\n|move|p1b: Baxcalibur|Earthquake|p2b: Azumarill|[spread] p2a,p2b\n|-immune|p1a: Gyarados\n|-resisted|p2a: Abomasnow\n|-damage|p2a: Abomasnow|81\/100\n|-damage|p2b: Azumarill|31\/100\n|move|p1a: Gyarados|Taunt|p2b: Azumarill\n|-start|p2b: Azumarill|move: Taunt\n|move|p2a: Abomasnow|Energy Ball|p1a: Gyarados\n|-damage|p1a: Gyarados|46\/100\n|-enditem|p1a: Gyarados|Sitrus Berry|[eat]\n|-heal|p1a: Gyarados|70\/100|[from] item: Sitrus Berry\n|move|p2b: Azumarill|Play Rough|p1b: Baxcalibur\n|-supereffective|p1b: Baxcalibur\n|-damage|p1b: Baxcalibur|11\/100\n|\n|-weather|Snow|[upkeep]\n|-sideend|p1: foiledfeline|move: Tailwind\n|upkeep\n|turn|5\n|inactive|foiledfeline has 30 seconds left.\n|inactive|Vizsla_falconer has 30 seconds left.\n|inactive|foiledfeline has 20 seconds left.\n|inactive|Vizsla_falconer has 20 seconds left.\n|inactive|foiledfeline has 15 seconds left.\n|inactive|Vizsla_falconer has 15 seconds left.\n|inactive|foiledfeline has 10 seconds left.\n|inactive|Vizsla_falconer has 10 seconds left.\n|\n|t:|1681959394\n|move|p2b: Azumarill|Aqua Jet|p1b: Baxcalibur\n|-resisted|p1b: Baxcalibur\n|-crit|p1b: Baxcalibur\n|-damage|p1b: Baxcalibur|0 fnt\n|faint|p1b: Baxcalibur\n|move|p1a: Gyarados|Waterfall|p2b: Azumarill\n|-resisted|p2b: Azumarill\n|-damage|p2b: Azumarill|19\/100\n|move|p2a: Abomasnow|Blizzard|p1a: Gyarados\n|-damage|p1a: Gyarados|41\/100\n|\n|-weather|none\n|upkeep\n|\n|t:|1681959405\n|switch|p1b: Flutter Mane|Flutter Mane, L50|100\/100\n|-enditem|p1b: Flutter Mane|Booster Energy\n|-activate|p1b: Flutter Mane|ability: Protosynthesis|[fromitem]\n|-start|p1b: Flutter Mane|protosynthesisspa\n|turn|6\n|inactive|foiledfeline has 30 seconds left.\n|\n|t:|1681959431\n|switch|p2a: Amoonguss|Amoonguss, L50, F|100\/100\n|-terastallize|p1b: Flutter Mane|Steel\n|move|p2b: Azumarill|Aqua Jet|p1b: Flutter Mane\n|-damage|p1b: Flutter Mane|62\/100\n|move|p1b: Flutter Mane|Dazzling Gleam|p2b: Azumarill|[spread] p2a,p2b\n|-resisted|p2a: Amoonguss\n|-damage|p2a: Amoonguss|89\/100\n|-damage|p2b: Azumarill|0 fnt\n|faint|p2b: Azumarill\n|move|p1a: Gyarados|Waterfall|p2a: Amoonguss\n|-resisted|p2a: Amoonguss\n|-damage|p2a: Amoonguss|79\/100\n|\n|-heal|p2a: Amoonguss|85\/100|[from] item: Black Sludge\n|-sideend|p2: Vizsla_falconer|move: Aurora Veil\n|upkeep\n|\n|t:|1681959451\n|switch|p2b: Abomasnow|Abomasnow, L50, M|81\/100\n|-weather|Snow|[from] ability: Snow Warning|[of] p2b: Abomasnow\n|turn|7\n|\n|t:|1681959466\n|move|p2b: Abomasnow|Protect|p2b: Abomasnow\n|-singleturn|p2b: Abomasnow|Protect\n|move|p1b: Flutter Mane|Shadow Ball|p2b: Abomasnow\n|-activate|p2b: Abomasnow|move: Protect\n|move|p1a: Gyarados|Taunt|p2a: Amoonguss\n|-start|p2a: Amoonguss|move: Taunt\n|cant|p2a: Amoonguss|move: Taunt|Spore\n|\n|-weather|Snow|[upkeep]\n|-heal|p2a: Amoonguss|91\/100|[from] item: Black Sludge\n|upkeep\n|turn|8\n|inactive|Vizsla_falconer has 30 seconds left.\n|inactive|Vizsla_falconer has 20 seconds left.\n|\n|t:|1681959502\n|switch|p2a: Cetitan|Cetitan, L50, M, tera:Water|35\/100\n|move|p1b: Flutter Mane|Shadow Ball|p2b: Abomasnow\n|-damage|p2b: Abomasnow|42\/100\n|-unboost|p2b: Abomasnow|spd|1\n|move|p1a: Gyarados|Thunder Wave|p2a: Cetitan\n|-status|p2a: Cetitan|par\n|move|p2b: Abomasnow|Aurora Veil|p2b: Abomasnow\n|-sidestart|p2: Vizsla_falconer|move: Aurora Veil\n|\n|-weather|Snow|[upkeep]\n|upkeep\n|turn|9\n|inactive|Vizsla_falconer has 30 seconds left.\n|inactive|Vizsla_falconer has 20 seconds left.\n|inactive|Vizsla_falconer has 15 seconds left.\n|inactive|Vizsla_falconer has 10 seconds left.\n|inactive|Vizsla_falconer has 5 seconds left.\n|\n|t:|1681959557\n|move|p1a: Gyarados|Helping Hand|p1b: Flutter Mane\n|-singleturn|p1b: Flutter Mane|Helping Hand|[of] p1a: Gyarados\n|move|p1b: Flutter Mane|Dazzling Gleam|p2b: Abomasnow|[spread] p2a,p2b\n|-damage|p2a: Cetitan|9\/100 par\n|-damage|p2b: Abomasnow|0 fnt\n|faint|p2b: Abomasnow\n|move|p2a: Cetitan|Liquidation|p1b: Flutter Mane\n|-damage|p1b: Flutter Mane|5\/100\n|\n|-weather|Snow|[upkeep]\n|upkeep\n|l|\u2606Vizsla_falconer\n|inactive|Vizsla_falconer disconnected and has a minute to reconnect!\n|player|p2|\n|inactive|Vizsla_falconer has 30 seconds left.\n|j|\u2606Vizsla_falconer\n|inactive|Vizsla_falconer reconnected and has 25 seconds left.\n|player|p2|Vizsla_falconer|266\n|inactive|Vizsla_falconer has 20 seconds left.\n|inactive|Vizsla_falconer has 15 seconds left.\n|\n|t:|1681959601\n|switch|p2b: Amoonguss|Amoonguss, L50, F|100\/100\n|turn|10\n|\n|t:|1681959610\n|move|p1b: Flutter Mane|Protect|p1b: Flutter Mane\n|-singleturn|p1b: Flutter Mane|Protect\n|cant|p2a: Cetitan|par\n|move|p1a: Gyarados|Taunt|p2b: Amoonguss\n|-start|p2b: Amoonguss|move: Taunt\n|move|p2b: Amoonguss|Pollen Puff|p2a: Cetitan\n|-heal|p2a: Cetitan|59\/100 par\n|\n|-weather|Snow|[upkeep]\n|upkeep\n|turn|11\n|inactive|foiledfeline has 30 seconds left.\n|inactive|Vizsla_falconer has 30 seconds left.\n|\n|t:|1681959642\n|move|p2a: Cetitan|Ice Shard|p1b: Flutter Mane\n|-resisted|p1b: Flutter Mane\n|-damage|p1b: Flutter Mane|0 fnt\n|faint|p1b: Flutter Mane\n|-end|p1b: Flutter Mane|Protosynthesis|[silent]\n|move|p1a: Gyarados|Waterfall|p2a: Cetitan\n|-resisted|p2a: Cetitan\n|-damage|p2a: Cetitan|49\/100 par\n|move|p2b: Amoonguss|Pollen Puff|p2a: Cetitan\n|-heal|p2a: Cetitan|98\/100 par\n|\n|-weather|none\n|upkeep\n|\n|t:|1681959653\n|switch|p1b: Talonflame|Talonflame, L50, F|17\/100\n|turn|12\n|inactive|Vizsla_falconer has 30 seconds left.\n|\n|t:|1681959679\n|move|p1b: Talonflame|Brave Bird|p2b: Amoonguss\n|-supereffective|p2b: Amoonguss\n|-damage|p2b: Amoonguss|53\/100\n|-damage|p1b: Talonflame|0 fnt|[from] Recoil\n|faint|p1b: Talonflame\n|move|p1a: Gyarados|Thunder Wave|p2b: Amoonguss\n|-status|p2b: Amoonguss|par\n|move|p2a: Cetitan|Liquidation|p1a: Gyarados\n|-resisted|p1a: Gyarados\n|-damage|p1a: Gyarados|25\/100\n|move|p2b: Amoonguss|Pollen Puff|p2a: Cetitan\n|-heal|p2a: Cetitan|100\/100 par\n|\n|-heal|p2b: Amoonguss|58\/100 par|[from] item: Black Sludge\n|-end|p2b: Amoonguss|move: Taunt\n|-sideend|p2: Vizsla_falconer|move: Aurora Veil\n|upkeep\n|turn|13\n|inactive|Vizsla_falconer has 30 seconds left.\n|\n|t:|1681959708\n|move|p1a: Gyarados|Waterfall|p2b: Amoonguss\n|-resisted|p2b: Amoonguss\n|-damage|p2b: Amoonguss|46\/100 par\n|cant|p2a: Cetitan|par\n|move|p2b: Amoonguss|Pollen Puff|p1a: Gyarados\n|-resisted|p1a: Gyarados\n|-damage|p1a: Gyarados|16\/100\n|\n|-heal|p2b: Amoonguss|52\/100 par|[from] item: Black Sludge\n|upkeep\n|turn|14\n|\n|t:|1681959723\n|move|p1a: Gyarados|Waterfall|p2b: Amoonguss\n|-resisted|p2b: Amoonguss\n|-damage|p2b: Amoonguss|38\/100 par\n|move|p2a: Cetitan|Ice Spinner|p1a: Gyarados\n|-damage|p1a: Gyarados|0 fnt\n|faint|p1a: Gyarados\n|\n|win|Vizsla_falconer\n|raw|foiledfeline's rating: 1325 → 1300<\/strong> (-25 for losing)\n|raw|Vizsla_falconer's rating: 1234 → 1265<\/strong> (+31 for winning)\n|c|\u2606Vizsla_falconer|Gg\n","uploadtime":1681959731,"views":4,"p1id":"foiledfeline","p2id":"vizslafalconer","formatid":"gen9vgc2023regulationc","rating":1265,"private":0,"password":""}