{"id":"gen9vgc2023regulationc-1859083439","p1":"BigE3L","p2":"Insertable194","format":"[Gen 9] VGC 2023 Regulation C","log":"|j|\u2606BigE3L\n|j|\u2606Insertable194\n|t:|1683402426\n|gametype|doubles\n|player|p1|BigE3L|crasherwake|1354\n|player|p2|Insertable194|hilbert-wonderlauncher|1321\n|teamsize|p1|6\n|teamsize|p2|6\n|gen|9\n|tier|[Gen 9] VGC 2023 Regulation C\n|rated|\n|rule|Species Clause: Limit one of each Pok\u00e9mon\n|rule|Item Clause: Limit one of each item\n|clearpoke\n|poke|p1|Garchomp, L50, F|\n|poke|p1|Rotom-Wash, L50|\n|poke|p1|Flutter Mane, L50|\n|poke|p1|Tauros-Paldea-Blaze, L50, M|\n|poke|p1|Altaria, L50, M|\n|poke|p1|Baxcalibur, L50, F|\n|poke|p2|Dondozo, L50, M|\n|poke|p2|Tatsugiri, L50, F|\n|poke|p2|Chi-Yu, L50|\n|poke|p2|Flutter Mane, L50|\n|poke|p2|Murkrow, L50, M|\n|poke|p2|Iron Moth, L50|\n|teampreview|4\n|\n|t:|1683402465\n|start\n|switch|p1a: Tauros|Tauros-Paldea-Blaze, L50, M|100\/100\n|switch|p1b: Rotom|Rotom-Wash, L50|100\/100\n|switch|p2a: Iron Moth|Iron Moth, L50|100\/100\n|switch|p2b: Flutter Mane|Flutter Mane, L50|100\/100\n|-ability|p1a: Tauros|Intimidate|boost\n|-unboost|p2a: Iron Moth|atk|1\n|-unboost|p2b: Flutter Mane|atk|1\n|-enditem|p2a: Iron Moth|Booster Energy\n|-activate|p2a: Iron Moth|ability: Quark Drive|[fromitem]\n|-start|p2a: Iron Moth|quarkdrivespe\n|turn|1\n|\n|t:|1683402496\n|move|p1a: Tauros|Protect|p1a: Tauros\n|-singleturn|p1a: Tauros|Protect\n|move|p2a: Iron Moth|Acid Spray|p1b: Rotom\n|-damage|p1b: Rotom|72\/100\n|-unboost|p1b: Rotom|spd|2\n|move|p2b: Flutter Mane|Dazzling Gleam|p1b: Rotom|[spread] p1b\n|-activate|p1a: Tauros|move: Protect\n|-damage|p1b: Rotom|0 fnt\n|faint|p1b: Rotom\n|\n|upkeep\n|\n|t:|1683402510\n|switch|p1b: Flutter Mane|Flutter Mane, L50|100\/100\n|-enditem|p1b: Flutter Mane|Booster Energy\n|-activate|p1b: Flutter Mane|ability: Protosynthesis|[fromitem]\n|-start|p1b: Flutter Mane|protosynthesisspa\n|turn|2\n|\n|t:|1683402532\n|-terastallize|p2b: Flutter Mane|Fairy\n|-terastallize|p1a: Tauros|Water\n|move|p1b: Flutter Mane|Protect|p1b: Flutter Mane\n|-singleturn|p1b: Flutter Mane|Protect\n|move|p2a: Iron Moth|Acid Spray|p1b: Flutter Mane\n|-activate|p1b: Flutter Mane|move: Protect\n|move|p2b: Flutter Mane|Dazzling Gleam|p1b: Flutter Mane|[spread] p1a\n|-activate|p1b: Flutter Mane|move: Protect\n|-enditem|p1a: Tauros|Focus Sash\n|-damage|p1a: Tauros|1\/100\n|move|p1a: Tauros|Iron Head|p2b: Flutter Mane\n|-supereffective|p2b: Flutter Mane\n|-damage|p2b: Flutter Mane|0 fnt\n|faint|p2b: Flutter Mane\n|-end|p2b: Flutter Mane|Protosynthesis|[silent]\n|\n|upkeep\n|\n|t:|1683402543\n|switch|p2b: Dondozo|Dondozo, L50, M|100\/100\n|turn|3\n|inactive|Battle timer is ON: inactive players will automatically lose when time's up. (requested by Insertable194)\n|\n|t:|1683402566\n|-end|p2a: Iron Moth|Quark Drive|[silent]\n|switch|p2a: Tatsugiri|Tatsugiri, L50, F|100\/100\n|-activate|p2a: Tatsugiri|ability: Commander|[of] p2b: Dondozo\n|-boost|p2b: Dondozo|atk|2\n|-boost|p2b: Dondozo|spa|2\n|-boost|p2b: Dondozo|spe|2\n|-boost|p2b: Dondozo|def|2\n|-boost|p2b: Dondozo|spd|2\n|move|p2b: Dondozo|Earthquake|p1a: Tauros|[spread] p1a,p1b\n|-miss|p2b: Dondozo|p2a: Tatsugiri\n|-damage|p1a: Tauros|0 fnt\n|-damage|p1b: Flutter Mane|4\/100\n|faint|p1a: Tauros\n|move|p1b: Flutter Mane|Thunderbolt|p2b: Dondozo\n|-supereffective|p2b: Dondozo\n|-crit|p2b: Dondozo\n|-damage|p2b: Dondozo|0 fnt\n|faint|p2b: Dondozo\n|\n|upkeep\n|\n|t:|1683402580\n|switch|p1a: Altaria|Altaria, L50, M|100\/100\n|switch|p2b: Iron Moth|Iron Moth, L50|100\/100\n|-ability|p1a: Altaria|Cloud Nine\n|turn|4\n|\n|t:|1683402601\n|move|p2a: Tatsugiri|Muddy Water|p1a: Altaria|[spread] p1a,p1b\n|-resisted|p1a: Altaria\n|-damage|p1a: Altaria|87\/100\n|-damage|p1b: Flutter Mane|0 fnt\n|faint|p1b: Flutter Mane\n|-end|p1b: Flutter Mane|Protosynthesis|[silent]\n|move|p2b: Iron Moth|Acid Spray|p1a: Altaria\n|-damage|p1a: Altaria|69\/100\n|-unboost|p1a: Altaria|spd|2\n|move|p1a: Altaria|Dragon Dance|p1a: Altaria\n|-boost|p1a: Altaria|atk|1\n|-boost|p1a: Altaria|spe|1\n|\n|-heal|p1a: Altaria|75\/100|[from] item: Leftovers\n|upkeep\n|turn|5\n|\n|t:|1683402619\n|move|p2a: Tatsugiri|Muddy Water|p1a: Altaria\n|-resisted|p1a: Altaria\n|-damage|p1a: Altaria|37\/100\n|move|p2b: Iron Moth|Heat Wave|p1a: Altaria\n|-resisted|p1a: Altaria\n|-damage|p1a: Altaria|0 fnt\n|faint|p1a: Altaria\n|\n|win|Insertable194\n|raw|BigE3L's rating: 1354 → 1333<\/strong> (-21 for losing)\n|raw|Insertable194's rating: 1337 → 1358<\/strong> (+21 for winning)\n","uploadtime":1683402627,"views":11,"p1id":"bige3l","p2id":"insertable194","formatid":"gen9vgc2023regulationc","rating":1333,"private":0,"password":""}