{"id":"gen9vgc2023regulationc-1851047105","p1":"OnHoldWithTheIRS","p2":"curt322","format":"[Gen 9] VGC 2023 Regulation C","log":"|j|\u2606OnHoldWithTheIRS\n|j|\u2606curt322\n|t:|1682399534\n|gametype|doubles\n|player|p1|OnHoldWithTheIRS|clerk|1425\n|player|p2|curt322|marley|1433\n|teamsize|p1|6\n|teamsize|p2|6\n|gen|9\n|tier|[Gen 9] VGC 2023 Regulation C\n|rated|\n|rule|Species Clause: Limit one of each Pok\u00e9mon\n|rule|Item Clause: Limit one of each item\n|clearpoke\n|poke|p1|Baxcalibur, L50, F|\n|poke|p1|Sandy Shocks, L50|\n|poke|p1|Klefki, L50, F|\n|poke|p1|Armarouge, L50, F|\n|poke|p1|Rotom-Wash, L50|\n|poke|p1|Meowscarada, L50, F|\n|poke|p2|Garganacl, L50, F|\n|poke|p2|Gyarados, L50, M|\n|poke|p2|Flutter Mane, L50|\n|poke|p2|Amoonguss, L50, F|\n|poke|p2|Kingambit, L50, F|\n|poke|p2|Palafin, L50, F|\n|teampreview|4\nOnHoldWithTheIRS has agreed to open team sheets.\n|\n|t:|1682399605\n|start\n|switch|p1a: Meowscarada|Meowscarada, L50, F|100\/100\n|switch|p1b: Rotom|Rotom-Wash, L50|100\/100\n|switch|p2a: Garganacl|Garganacl, L50, F, shiny|100\/100\n|switch|p2b: Amoonguss|Amoonguss, L50, F|100\/100\n|turn|1\n|inactive|Battle timer is ON: inactive players will automatically lose when time's up. (requested by curt322)\n|inactive|OnHoldWithTheIRS has 60 seconds left.\n|\n|t:|1682399698\n|-terastallize|p2a: Garganacl|Poison\n|move|p1a: Meowscarada|Protect|p1a: Meowscarada\n|-singleturn|p1a: Meowscarada|Protect\n|move|p1b: Rotom|Hydro Pump|p2a: Garganacl\n|-damage|p2a: Garganacl|69\/100\n|move|p2a: Garganacl|Salt Cure|p1a: Meowscarada\n|-activate|p1a: Meowscarada|move: Protect\n|move|p2b: Amoonguss|Spore|p1b: Rotom\n|-status|p1b: Rotom|slp|[from] move: Spore\n|\n|-heal|p2a: Garganacl|74\/100|[from] item: Leftovers\n|upkeep\n|turn|2\n|inactive|OnHoldWithTheIRS has 30 seconds left.\n|inactive|OnHoldWithTheIRS has 20 seconds left.\n|inactive|OnHoldWithTheIRS has 15 seconds left.\n|inactive|OnHoldWithTheIRS has 10 seconds left.\n|inactive|OnHoldWithTheIRS has 5 seconds left.\n|\n|t:|1682399752\n|cant|p1b: Rotom|slp\n|move|p1a: Meowscarada|Flower Trick|p2a: Garganacl\n|-resisted|p2a: Garganacl\n|-crit|p2a: Garganacl\n|-damage|p2a: Garganacl|56\/100\n|move|p2a: Garganacl|Salt Cure|p1b: Rotom\n|-damage|p1b: Rotom|85\/100 slp\n|-start|p1b: Rotom|Salt Cure\n|move|p2b: Amoonguss|Pollen Puff|p1a: Meowscarada\n|-supereffective|p1a: Meowscarada\n|-enditem|p1a: Meowscarada|Focus Sash\n|-damage|p1a: Meowscarada|1\/100\n|\n|-heal|p2a: Garganacl|61\/100|[from] item: Leftovers\n|-damage|p1b: Rotom|60\/100 slp|[from] Salt Cure\n|upkeep\n|turn|3\n|inactive|OnHoldWithTheIRS has 30 seconds left.\n|inactive|OnHoldWithTheIRS has 20 seconds left.\n|inactive|OnHoldWithTheIRS has 15 seconds left.\n|\n|t:|1682399796\n|move|p1a: Meowscarada|Pollen Puff|p1b: Rotom\n|-heal|p1b: Rotom|100\/100 slp\n|cant|p1b: Rotom|slp\n|move|p2a: Garganacl|Salt Cure|p1a: Meowscarada\n|-damage|p1a: Meowscarada|0 fnt\n|faint|p1a: Meowscarada\n|move|p2b: Amoonguss|Pollen Puff|p2a: Garganacl\n|-heal|p2a: Garganacl|100\/100\n|\n|-damage|p1b: Rotom|75\/100 slp|[from] Salt Cure\n|upkeep\n|inactive|OnHoldWithTheIRS has 30 seconds left.\n|\n|t:|1682399828\n|switch|p1a: Baxcalibur|Baxcalibur, L50, F|100\/100\n|turn|4\n|\n|t:|1682399841\n|switch|p1b: Armarouge|Armarouge, L50, F|100\/100\n|move|p2b: Amoonguss|Protect|p2b: Amoonguss\n|-singleturn|p2b: Amoonguss|Protect\n|move|p1a: Baxcalibur|Icicle Spear|p2b: Amoonguss\n|-activate|p2b: Amoonguss|move: Protect\n|move|p2a: Garganacl|Salt Cure|p1a: Baxcalibur\n|-supereffective|p1a: Baxcalibur\n|-damage|p1a: Baxcalibur|78\/100\n|-start|p1a: Baxcalibur|Salt Cure\n|\n|-damage|p1a: Baxcalibur|66\/100|[from] Salt Cure\n|upkeep\n|turn|5\n|inactive|OnHoldWithTheIRS has 30 seconds left.\n|inactive|OnHoldWithTheIRS has 20 seconds left.\n|inactive|OnHoldWithTheIRS has 15 seconds left.\n|\n|t:|1682399884\n|switch|p2b: Gyarados|Gyarados, L50, M|100\/100\n|-ability|p2b: Gyarados|Intimidate|boost\n|-unboost|p1a: Baxcalibur|atk|1\n|-unboost|p1b: Armarouge|atk|1\n|move|p1a: Baxcalibur|Icicle Spear|p2a: Garganacl\n|-damage|p2a: Garganacl|93\/100\n|-damage|p2a: Garganacl|86\/100\n|-crit|p2a: Garganacl\n|-damage|p2a: Garganacl|71\/100\n|-damage|p2a: Garganacl|64\/100\n|-hitcount|p2a: Garganacl|4\n|move|p1b: Armarouge|Calm Mind|p1b: Armarouge\n|-boost|p1b: Armarouge|spa|1\n|-boost|p1b: Armarouge|spd|1\n|move|p2a: Garganacl|Salt Cure|p1b: Armarouge\n|-supereffective|p1b: Armarouge\n|-crit|p1b: Armarouge\n|-damage|p1b: Armarouge|69\/100\n|-start|p1b: Armarouge|Salt Cure\n|\n|-heal|p1b: Armarouge|75\/100|[from] item: Leftovers\n|-heal|p2a: Garganacl|70\/100|[from] item: Leftovers\n|-damage|p1a: Baxcalibur|54\/100|[from] Salt Cure\n|-damage|p1b: Armarouge|63\/100|[from] Salt Cure\n|upkeep\n|turn|6\n|inactive|OnHoldWithTheIRS has 30 seconds left.\n|inactive|curt322 has 30 seconds left.\n|inactive|OnHoldWithTheIRS has 20 seconds left.\n|inactive|curt322 has 20 seconds left.\n|inactive|curt322 has 15 seconds left.\n|\n|t:|1682399925\n|switch|p1a: Rotom|Rotom-Wash, L50|75\/100 slp\n|-terastallize|p1b: Armarouge|Grass\n|move|p1b: Armarouge|Psychic|p2a: Garganacl\n|-supereffective|p2a: Garganacl\n|-damage|p2a: Garganacl|0 fnt\n|faint|p2a: Garganacl\n|move|p2b: Gyarados|Waterfall|p1b: Armarouge\n|-resisted|p1b: Armarouge\n|-damage|p1b: Armarouge|47\/100\n|\n|-heal|p1b: Armarouge|54\/100|[from] item: Leftovers\n|-damage|p1b: Armarouge|41\/100|[from] Salt Cure\n|upkeep\n|\n|t:|1682399942\n|switch|p2a: Kingambit|Kingambit, L50, F|100\/100\n|turn|7\n|\n|t:|1682399966\n|switch|p1b: Baxcalibur|Baxcalibur, L50, F|54\/100\n|move|p2b: Gyarados|Protect|p2b: Gyarados\n|-singleturn|p2b: Gyarados|Protect\n|cant|p1a: Rotom|slp\n|move|p2a: Kingambit|Kowtow Cleave|p1b: Baxcalibur\n|-damage|p1b: Baxcalibur|17\/100\n|\n|upkeep\n|turn|8\n|l|\u2606curt322\n|inactive|curt322 disconnected and has a minute to reconnect!\n|player|p2|\n|inactive|OnHoldWithTheIRS has 30 seconds left.\n|inactive|curt322 has 30 seconds left.\n|inactive|curt322 has 20 seconds left.\n|inactive|curt322 has 15 seconds left.\n|inactive|curt322 has 10 seconds left.\n|inactive|curt322 has 5 seconds left.\n|-message|curt322 lost due to inactivity.\n|\n|win|OnHoldWithTheIRS\n|raw|OnHoldWithTheIRS's rating: 1425 → 1445<\/strong> (+20 for winning)\n|raw|curt322's rating: 1433 → 1413<\/strong> (-20 for losing)\n|j|\u2606curt322\n|player|p2|curt322|marley\n|l|\u2606curt322\n|player|p2|\n","uploadtime":1682400082,"views":9,"p1id":"onholdwiththeirs","p2id":"curt322","formatid":"gen9vgc2023regulationc","rating":1413,"private":0,"password":""}