{"id":"gen9vgc2023regulationc-1861602715","p1":"Mei Nagano","p2":"kirans","format":"[Gen 9] VGC 2023 Regulation C","log":"|j|\u2606Mei Nagano\n|j|\u2606kirans\n|t:|1683779709\n|gametype|doubles\n|player|p1|Mei Nagano|102|1597\n|player|p2|kirans|rood|1691\n|teamsize|p1|6\n|teamsize|p2|6\n|gen|9\n|tier|[Gen 9] VGC 2023 Regulation C\n|rated|\n|rule|Species Clause: Limit one of each Pok\u00e9mon\n|rule|Item Clause: Limit one of each item\n|clearpoke\n|poke|p1|Gholdengo, L50|\n|poke|p1|Sableye, L50, F|\n|poke|p1|Arcanine, L50, M|\n|poke|p1|Roaring Moon, L50|\n|poke|p1|Amoonguss, L50, M|\n|poke|p1|Iron Hands, L50|\n|poke|p2|Gyarados, L50, F|\n|poke|p2|Iron Jugulis, L50|\n|poke|p2|Gholdengo, L50|\n|poke|p2|Chien-Pao, L50|\n|poke|p2|Garchomp, L50, M|\n|poke|p2|Azumarill, L50, M|\n|teampreview|4\n|inactive|Battle timer is ON: inactive players will automatically lose when time's up. (requested by kirans)\n|\n|t:|1683779745\n|start\n|switch|p1a: Gholdengo|Gholdengo, L50|100\/100\n|switch|p1b: Arcanine|Arcanine, L50, M|100\/100\n|switch|p2a: Gholdengo|Gholdengo, L50|100\/100\n|switch|p2b: Gyarados|Gyarados, L50, F|100\/100\n|-ability|p1b: Arcanine|Intimidate|boost\n|-unboost|p2a: Gholdengo|atk|1\n|-unboost|p2b: Gyarados|atk|1\n|-ability|p2b: Gyarados|Intimidate|boost\n|-unboost|p1a: Gholdengo|atk|1\n|-unboost|p1b: Arcanine|atk|1\n|turn|1\n|\n|t:|1683779758\n|switch|p1b: Iron Hands|Iron Hands, L50|100\/100\n|switch|p2a: Garchomp|Garchomp, L50, M|100\/100\n|-terastallize|p1a: Gholdengo|Water\n|move|p2b: Gyarados|Waterfall|p1b: Iron Hands\n|-damage|p1b: Iron Hands|83\/100\n|move|p1a: Gholdengo|Nasty Plot|p1a: Gholdengo\n|-boost|p1a: Gholdengo|spa|2\n|\n|upkeep\n|turn|2\n|inactive|kirans has 30 seconds left.\n|\n|t:|1683779786\n|move|p2a: Garchomp|Protect|p2a: Garchomp\n|-singleturn|p2a: Garchomp|Protect\n|move|p1b: Iron Hands|Fake Out|p2a: Garchomp\n|-activate|p2a: Garchomp|move: Protect\n|move|p2b: Gyarados|Waterfall|p1b: Iron Hands\n|-damage|p1b: Iron Hands|68\/100\n|move|p1a: Gholdengo|Nasty Plot|p1a: Gholdengo\n|-boost|p1a: Gholdengo|spa|2\n|\n|upkeep\n|turn|3\n|\n|t:|1683779803\n|-end|p1b: Iron Hands|Quark Drive|[silent]\n|switch|p1b: Amoonguss|Amoonguss, L50, M|100\/100\n|-terastallize|p2a: Garchomp|Fire\n|move|p2a: Garchomp|Earthquake|p1a: Gholdengo|[spread] p1a,p1b\n|-immune|p2b: Gyarados\n|-damage|p1a: Gholdengo|64\/100\n|-damage|p1b: Amoonguss|55\/100\n|-damage|p2a: Garchomp|91\/100|[from] item: Life Orb\n|move|p2b: Gyarados|Waterfall|p1a: Gholdengo\n|-resisted|p1a: Gholdengo\n|-damage|p1a: Gholdengo|56\/100\n|cant|p1a: Gholdengo|flinch\n|\n|-heal|p1a: Gholdengo|62\/100|[from] item: Leftovers\n|upkeep\n|turn|4\n|\n|t:|1683779825\n|move|p1a: Gholdengo|Protect|p1a: Gholdengo\n|-singleturn|p1a: Gholdengo|Protect\n|move|p2a: Garchomp|Earthquake|p1a: Gholdengo|[spread] p1b\n|-activate|p1a: Gholdengo|move: Protect\n|-immune|p2b: Gyarados\n|-damage|p1b: Amoonguss|15\/100\n|-enditem|p1b: Amoonguss|Sitrus Berry|[eat]\n|-heal|p1b: Amoonguss|40\/100|[from] item: Sitrus Berry\n|-damage|p2a: Garchomp|81\/100|[from] item: Life Orb\n|move|p2b: Gyarados|Taunt|p1b: Amoonguss\n|-start|p1b: Amoonguss|move: Taunt\n|cant|p1b: Amoonguss|move: Taunt|Spore\n|\n|-heal|p1a: Gholdengo|68\/100|[from] item: Leftovers\n|upkeep\n|turn|5\n|\n|t:|1683779840\n|switch|p1b: Arcanine|Arcanine, L50, M|100\/100\n|-ability|p1b: Arcanine|Intimidate|boost\n|-unboost|p2a: Garchomp|atk|1\n|-unboost|p2b: Gyarados|atk|1\n|move|p2a: Garchomp|Earthquake|p1b: Arcanine|[spread] p1a,p1b\n|-immune|p2b: Gyarados\n|-supereffective|p1b: Arcanine\n|-damage|p1a: Gholdengo|43\/100\n|-damage|p1b: Arcanine|20\/100\n|-damage|p2a: Garchomp|71\/100|[from] item: Life Orb\n|move|p2b: Gyarados|Waterfall|p1a: Gholdengo\n|-resisted|p1a: Gholdengo\n|-damage|p1a: Gholdengo|38\/100\n|cant|p1a: Gholdengo|flinch\n|\n|-heal|p1a: Gholdengo|44\/100|[from] item: Leftovers\n|upkeep\n|turn|6\n|\n|t:|1683779863\n|switch|p1b: Amoonguss|Amoonguss, L50, M|73\/100\n|move|p1a: Gholdengo|Protect|p1a: Gholdengo\n|-singleturn|p1a: Gholdengo|Protect\n|move|p2a: Garchomp|Earthquake|p1a: Gholdengo|[spread] p1b\n|-activate|p1a: Gholdengo|move: Protect\n|-immune|p2b: Gyarados\n|-damage|p1b: Amoonguss|44\/100\n|-damage|p2a: Garchomp|61\/100|[from] item: Life Orb\n|move|p2b: Gyarados|Waterfall|p1a: Gholdengo\n|-activate|p1a: Gholdengo|move: Protect\n|\n|-heal|p1a: Gholdengo|50\/100|[from] item: Leftovers\n|upkeep\n|turn|7\n|\n|t:|1683779880\n|switch|p1b: Arcanine|Arcanine, L50, M|20\/100\n|-ability|p1b: Arcanine|Intimidate|boost\n|-unboost|p2a: Garchomp|atk|1\n|-unboost|p2b: Gyarados|atk|1\n|move|p2b: Gyarados|Protect|p2b: Gyarados\n|-singleturn|p2b: Gyarados|Protect\n|move|p2a: Garchomp|Earthquake|p1b: Arcanine|[spread] p1a,p1b\n|-activate|p2b: Gyarados|move: Protect\n|-supereffective|p1b: Arcanine\n|-damage|p1a: Gholdengo|34\/100\n|-damage|p1b: Arcanine|0 fnt\n|faint|p1b: Arcanine\n|-damage|p2a: Garchomp|52\/100|[from] item: Life Orb\n|move|p1a: Gholdengo|Recover|p1a: Gholdengo\n|-heal|p1a: Gholdengo|84\/100\n|\n|-heal|p1a: Gholdengo|90\/100|[from] item: Leftovers\n|upkeep\n|\n|t:|1683779887\n|switch|p1b: Amoonguss|Amoonguss, L50, M|77\/100\n|turn|8\n|j| kessienjoyer\n|\n|t:|1683779895\n|switch|p2a: Gholdengo|Gholdengo, L50|100\/100\n|move|p1b: Amoonguss|Protect|p1b: Amoonguss\n|-singleturn|p1b: Amoonguss|Protect\n|move|p2b: Gyarados|Taunt|p1b: Amoonguss\n|-activate|p1b: Amoonguss|move: Protect\n|move|p1a: Gholdengo|Nasty Plot|p1a: Gholdengo\n|-boost|p1a: Gholdengo|spa|2\n|\n|-heal|p1a: Gholdengo|96\/100|[from] item: Leftovers\n|upkeep\n|turn|9\n|\n|t:|1683779909\n|switch|p2a: Azumarill|Azumarill, L50, M|100\/100\n|switch|p1b: Iron Hands|Iron Hands, L50|68\/100\n|move|p2b: Gyarados|Taunt|p1b: Iron Hands\n|-start|p1b: Iron Hands|move: Taunt\n|move|p1a: Gholdengo|Make It Rain|p2a: Azumarill|[spread] p2a,p2b\n|-resisted|p2b: Gyarados\n|-damage|p2a: Azumarill|5\/100\n|-damage|p2b: Gyarados|39\/100\n|-unboost|p1a: Gholdengo|spa|1\n|\n|-heal|p2b: Gyarados|45\/100|[from] item: Leftovers\n|-heal|p1a: Gholdengo|100\/100|[from] item: Leftovers\n|upkeep\n|turn|10\n|j| shanehuang99\n|inactive|Mei Nagano has 30 seconds left.\n|\n|t:|1683779944\n|-end|p1b: Iron Hands|Quark Drive|[silent]\n|switch|p1b: Amoonguss|Amoonguss, L50, M|100\/100\n|move|p2b: Gyarados|Protect|p2b: Gyarados\n|-singleturn|p2b: Gyarados|Protect\n|move|p1a: Gholdengo|Make It Rain|p2a: Azumarill|[spread] p2a\n|-activate|p2b: Gyarados|move: Protect\n|-damage|p2a: Azumarill|0 fnt\n|-unboost|p1a: Gholdengo|spa|1\n|faint|p2a: Azumarill\n|\n|-heal|p2b: Gyarados|51\/100|[from] item: Leftovers\n|upkeep\n|\n|t:|1683779953\n|switch|p2a: Garchomp|Garchomp, L50, M, tera:Fire|52\/100\n|turn|11\n|-message|kirans forfeited.\n|\n|win|Mei Nagano\n|raw|Mei Nagano's rating: 1597 → 1622<\/strong> (+25 for winning)\n|raw|kirans's rating: 1691 → 1666<\/strong> (-25 for losing)\n|l|\u2606kirans\n","uploadtime":1683779976,"views":22,"p1id":"meinagano","p2id":"kirans","formatid":"gen9vgc2023regulationc","rating":1622,"private":0,"password":""}