{"id":"gen9vgc2023regulationc-1846775682","p1":"pokesportspodcast","p2":"Phelon","format":"[Gen 9] VGC 2023 Regulation C","log":"|j|\u2606pokesportspodcast\n|j|\u2606Phelon\n|t:|1681877410\n|gametype|doubles\n|player|p1|pokesportspodcast|cheren-gen5bw2|1386\n|player|p2|Phelon|burglar|1297\n|teamsize|p1|6\n|teamsize|p2|6\n|gen|9\n|tier|[Gen 9] VGC 2023 Regulation C\n|rated|\n|rule|Species Clause: Limit one of each Pok\u00e9mon\n|rule|Item Clause: Limit one of each item\n|clearpoke\n|poke|p1|Torkoal, L50, F|\n|poke|p1|Indeedee-F, L50, F|\n|poke|p1|Hatterene, L50, F|\n|poke|p1|Brute Bonnet, L50|\n|poke|p1|Oranguru, L50, M|\n|poke|p1|Hariyama, L50, M|\n|poke|p2|Arcanine, L50, M|\n|poke|p2|Iron Jugulis, L50|\n|poke|p2|Amoonguss, L50, F|\n|poke|p2|Flutter Mane, L50|\n|poke|p2|Baxcalibur, L50, M|\n|poke|p2|Palafin, L50, F|\n|teampreview|4\n|inactive|Battle timer is ON: inactive players will automatically lose when time's up. (requested by pokesportspodcast)\npokesportspodcast has agreed to open team sheets.\nPhelon has agreed to open team sheets.\n|inactive|Phelon has 60 seconds left.\n|inactive|Phelon has 30 seconds left.\n|\n|t:|1681877475\n|start\n|switch|p1a: Hariyama|Hariyama, L50, M|100\/100\n|switch|p1b: Oranguru|Oranguru, L50, M|100\/100\n|switch|p2a: Amoonguss|Amoonguss, L50, F|100\/100\n|switch|p2b: Flutter Mane|Flutter Mane, L50|100\/100\n|turn|1\n|inactive|pokesportspodcast has 30 seconds left.\n|\n|t:|1681877501\n|move|p1a: Hariyama|Fake Out|p2a: Amoonguss\n|-damage|p2a: Amoonguss|89\/100\n|move|p2b: Flutter Mane|Moonblast|p1a: Hariyama\n|-supereffective|p1a: Hariyama\n|-damage|p1a: Hariyama|0 fnt\n|faint|p1a: Hariyama\n|cant|p2a: Amoonguss|flinch\n|move|p1b: Oranguru|Trick Room|p1b: Oranguru\n|-fieldstart|move: Trick Room|[of] p1b: Oranguru\n|\n|upkeep\n|\n|t:|1681877510\n|switch|p1a: Torkoal|Torkoal, L50, F|100\/100\n|-weather|SunnyDay|[from] ability: Drought|[of] p1a: Torkoal\n|-activate|p2b: Flutter Mane|ability: Protosynthesis\n|-start|p2b: Flutter Mane|protosynthesisspa\n|turn|2\n|\n|t:|1681877525\n|-end|p2b: Flutter Mane|Protosynthesis|[silent]\n|switch|p2b: Arcanine|Arcanine, L50, M|100\/100\n|-ability|p2b: Arcanine|Intimidate|boost\n|-unboost|p1a: Torkoal|atk|1\n|-fail|p1b: Oranguru|unboost|Attack|[from] ability: Inner Focus|[of] p1b: Oranguru\n|-terastallize|p2a: Amoonguss|Water\n|move|p1a: Torkoal|Protect|p1a: Torkoal\n|-singleturn|p1a: Torkoal|Protect\n|move|p2a: Amoonguss|Spore|p1a: Torkoal\n|-activate|p1a: Torkoal|move: Protect\n|move|p1b: Oranguru|Yawn|p2a: Amoonguss\n|-start|p2a: Amoonguss|move: Yawn|[of] p1b: Oranguru\n|\n|-weather|SunnyDay|[upkeep]\n|upkeep\n|turn|3\n|\n|t:|1681877541\n|-terastallize|p1a: Torkoal|Fire\n|move|p1a: Torkoal|Eruption|p2b: Arcanine|[spread] p2a,p2b\n|-resisted|p2a: Amoonguss\n|-resisted|p2b: Arcanine\n|-damage|p2a: Amoonguss|43\/100\n|-damage|p2b: Arcanine|40\/100\n|move|p2a: Amoonguss|Spore|p1a: Torkoal\n|-status|p1a: Torkoal|slp|[from] move: Spore\n|move|p1b: Oranguru|Instruct|p1a: Torkoal\n|-singleturn|p1a: Torkoal|move: Instruct|[of] p1b: Oranguru\n|cant|p1a: Torkoal|slp\n|move|p2b: Arcanine|Flare Blitz|p1b: Oranguru\n|-crit|p1b: Oranguru\n|-damage|p1b: Oranguru|0 fnt\n|faint|p1b: Oranguru\n|-damage|p2b: Arcanine|7\/100|[from] Recoil\n|\n|-weather|SunnyDay|[upkeep]\n|-end|p2a: Amoonguss|move: Yawn|[silent]\n|-status|p2a: Amoonguss|slp\n|upkeep\n|\n|t:|1681877551\n|switch|p1b: Hatterene|Hatterene, L50, F|100\/100\n|turn|4\n|\n|t:|1681877575\n|switch|p2a: Flutter Mane|Flutter Mane, L50|100\/100\n|-activate|p2a: Flutter Mane|ability: Protosynthesis\n|-start|p2a: Flutter Mane|protosynthesisspa\n|move|p2b: Arcanine|Extreme Speed|p1b: Hatterene\n|-damage|p1b: Hatterene|73\/100\n|cant|p1a: Torkoal|slp\n|move|p1b: Hatterene|Dazzling Gleam|p2b: Arcanine|[spread] p2a,p2b\n|-resisted|p2b: Arcanine\n|-damage|p2a: Flutter Mane|70\/100\n|-damage|p2b: Arcanine|0 fnt\n|faint|p2b: Arcanine\n|\n|-weather|SunnyDay|[upkeep]\n|upkeep\n|\n|t:|1681877585\n|switch|p2b: Amoonguss|Amoonguss, L50, F, tera:Water|76\/100 slp\n|turn|5\n|\n|t:|1681877592\n|cant|p2b: Amoonguss|slp\n|-curestatus|p1a: Torkoal|slp|[msg]\n|move|p1a: Torkoal|Eruption|p2b: Amoonguss|[spread] p2a,p2b\n|-resisted|p2b: Amoonguss\n|-damage|p2a: Flutter Mane|0 fnt\n|-damage|p2b: Amoonguss|24\/100 slp\n|faint|p2a: Flutter Mane\n|-end|p2a: Flutter Mane|Protosynthesis|[silent]\n|move|p1b: Hatterene|Dazzling Gleam|p2b: Amoonguss\n|-damage|p2b: Amoonguss|0 fnt\n|faint|p2b: Amoonguss\n|\n|-weather|SunnyDay|[upkeep]\n|-fieldend|move: Trick Room\n|upkeep\n|\n|t:|1681877600\n|switch|p2b: Iron Jugulis|Iron Jugulis, L50|100\/100\n|-enditem|p2b: Iron Jugulis|Booster Energy\n|-activate|p2b: Iron Jugulis|ability: Quark Drive|[fromitem]\n|-start|p2b: Iron Jugulis|quarkdrivespe\n|turn|6\n|\n|t:|1681877608\n|move|p1b: Hatterene|Protect|p1b: Hatterene\n|-singleturn|p1b: Hatterene|Protect\n|move|p2b: Iron Jugulis|Snarl|p1b: Hatterene|[spread] p1a\n|-activate|p1b: Hatterene|move: Protect\n|-damage|p1a: Torkoal|79\/100\n|-unboost|p1a: Torkoal|spa|1\n|move|p1a: Torkoal|Eruption|p2b: Iron Jugulis\n|-damage|p2b: Iron Jugulis|25\/100\n|\n|-weather|none\n|upkeep\n|turn|7\n|\n|t:|1681877621\n|move|p2b: Iron Jugulis|Snarl|p1a: Torkoal|[spread] p1a,p1b\n|-damage|p1a: Torkoal|57\/100\n|-damage|p1b: Hatterene|54\/100\n|-unboost|p1a: Torkoal|spa|1\n|move|p1a: Torkoal|Flamethrower|p2b: Iron Jugulis\n|-damage|p2b: Iron Jugulis|0 fnt\n|faint|p2b: Iron Jugulis\n|-end|p2b: Iron Jugulis|Quark Drive|[silent]\n|\n|win|pokesportspodcast\n|raw|pokesportspodcast's rating: 1386 → 1401<\/strong> (+15 for winning)\n|raw|Phelon's rating: 1297 → 1278<\/strong> (-19 for losing)\n|c|\u2606Phelon|Gg WP!\n|l|\u2606Phelon\n|j|\u2606Phelon\n|player|p2|Phelon|burglar\n","uploadtime":1681877703,"views":15,"p1id":"pokesportspodcast","p2id":"phelon","formatid":"gen9vgc2023regulationc","rating":1278,"private":0,"password":""}