{"id":"gen9vgc2023regulationc-1860774510","p1":"phenomsteelers08","p2":"bwahacough","format":"[Gen 9] VGC 2023 Regulation C","log":"|j|\u2606phenomsteelers08\n|j|\u2606bwahacough\n|t:|1683676322\n|gametype|doubles\n|player|p1|phenomsteelers08|1|1779\n|player|p2|bwahacough|madame-gen4|1713\n|teamsize|p1|6\n|teamsize|p2|6\n|gen|9\n|tier|[Gen 9] VGC 2023 Regulation C\n|rated|\n|rule|Species Clause: Limit one of each Pok\u00e9mon\n|rule|Item Clause: Limit one of each item\n|clearpoke\n|poke|p1|Indeedee-F, L50, F|\n|poke|p1|Garchomp, L50, F|\n|poke|p1|Flutter Mane, L50|\n|poke|p1|Tyranitar, L50, F|\n|poke|p1|Murkrow, L50, M|\n|poke|p1|Orthworm, L50, F|\n|poke|p2|Lycanroc, L50, M|\n|poke|p2|Tyranitar, L50, F|\n|poke|p2|Flutter Mane, L50|\n|poke|p2|Chi-Yu, L50|\n|poke|p2|Corviknight, L50, M|\n|poke|p2|Farigiraf, L50, M|\n|teampreview|4\n|inactive|Battle timer is ON: inactive players will automatically lose when time's up. (requested by phenomsteelers08)\nphenomsteelers08 has agreed to open team sheets.\n|j| dandirty11\n|j| Bellicose Breloom\n|j| Friend_Or_Foe120\n|inactive|phenomsteelers08 has 60 seconds left.\n|\n|t:|1683676371\n|start\n|switch|p1a: Murkrow|Murkrow, L50, M|100\/100\n|switch|p1b: Garchomp|Garchomp, L50, F|100\/100\n|switch|p2a: Lycanroc|Lycanroc, L50, M|100\/100\n|switch|p2b: Tyranitar|Tyranitar, L50, F, shiny|100\/100\n|-weather|Sandstorm|[from] ability: Sand Stream|[of] p2b: Tyranitar\n|turn|1\n|\n|t:|1683676385\n|move|p1a: Murkrow|Protect|p1a: Murkrow\n|-singleturn|p1a: Murkrow|Protect\n|move|p1b: Garchomp|Protect|p1b: Garchomp\n|-singleturn|p1b: Garchomp|Protect\n|move|p2a: Lycanroc|Rock Slide|p1b: Garchomp|[spread] \n|-activate|p1a: Murkrow|move: Protect\n|-activate|p1b: Garchomp|move: Protect\n|move|p2b: Tyranitar|Assurance|p1b: Garchomp\n|-activate|p1b: Garchomp|move: Protect\n|\n|-weather|Sandstorm|[upkeep]\n|-damage|p1a: Murkrow|95\/100|[from] Sandstorm\n|upkeep\n|turn|2\n|\n|t:|1683676403\n|move|p1a: Murkrow|Tailwind|p1a: Murkrow\n|-sidestart|p1: phenomsteelers08|move: Tailwind\n|move|p2a: Lycanroc|Rock Slide|p1b: Garchomp|[spread] p1a,p1b\n|-supereffective|p1a: Murkrow\n|-resisted|p1b: Garchomp\n|-damage|p1a: Murkrow|0 fnt\n|-damage|p1b: Garchomp|87\/100\n|faint|p1a: Murkrow\n|move|p1b: Garchomp|Earthquake|p2b: Tyranitar|[spread] p2a,p2b\n|-supereffective|p2a: Lycanroc\n|-supereffective|p2b: Tyranitar\n|-enditem|p2a: Lycanroc|Focus Sash\n|-damage|p2a: Lycanroc|1\/100\n|-damage|p2b: Tyranitar|35\/100\n|move|p2b: Tyranitar|Assurance|p1b: Garchomp\n|-damage|p1b: Garchomp|25\/100\n|-damage|p2b: Tyranitar|22\/100|[from] ability: Rough Skin|[of] p1b: Garchomp\n|-enditem|p2b: Tyranitar|Aguav Berry|[eat]\n|-heal|p2b: Tyranitar|56\/100|[from] item: Aguav Berry\n|\n|-weather|Sandstorm|[upkeep]\n|upkeep\n|\n|t:|1683676419\n|switch|p1a: Flutter Mane|Flutter Mane, L50|100\/100\n|-enditem|p1a: Flutter Mane|Booster Energy\n|-activate|p1a: Flutter Mane|ability: Protosynthesis|[fromitem]\n|-start|p1a: Flutter Mane|protosynthesisspa\n|turn|3\n|\n|t:|1683676428\n|move|p2a: Lycanroc|Protect|p2a: Lycanroc\n|-singleturn|p2a: Lycanroc|Protect\n|move|p2b: Tyranitar|Protect|p2b: Tyranitar\n|-singleturn|p2b: Tyranitar|Protect\n|move|p1a: Flutter Mane|Dazzling Gleam|p2b: Tyranitar|[spread] \n|-activate|p2a: Lycanroc|move: Protect\n|-activate|p2b: Tyranitar|move: Protect\n|move|p1b: Garchomp|Swords Dance|p1b: Garchomp\n|-boost|p1b: Garchomp|atk|2\n|\n|-weather|Sandstorm|[upkeep]\n|-damage|p1a: Flutter Mane|94\/100|[from] Sandstorm\n|upkeep\n|turn|4\n|inactive|bwahacough has 30 seconds left.\n|inactive|phenomsteelers08 has 30 seconds left.\n|inactive|bwahacough has 20 seconds left.\n|inactive|bwahacough has 15 seconds left.\n|inactive|bwahacough has 10 seconds left.\n|\n|t:|1683676474\n|move|p1a: Flutter Mane|Dazzling Gleam|p2a: Lycanroc|[spread] p2a,p2b\n|-supereffective|p2b: Tyranitar\n|-damage|p2a: Lycanroc|0 fnt\n|-damage|p2b: Tyranitar|2\/100\n|faint|p2a: Lycanroc\n|move|p1b: Garchomp|Dragon Claw|p2b: Tyranitar\n|-damage|p2b: Tyranitar|0 fnt\n|faint|p2b: Tyranitar\n|\n|-weather|Sandstorm|[upkeep]\n|-damage|p1a: Flutter Mane|88\/100|[from] Sandstorm\n|upkeep\n|\n|t:|1683676476\n|switch|p2a: Flutter Mane|Flutter Mane, L50, shiny|100\/100\n|switch|p2b: Corviknight|Corviknight, L50, M, shiny|100\/100\n|-enditem|p2a: Flutter Mane|Booster Energy\n|-activate|p2a: Flutter Mane|ability: Protosynthesis|[fromitem]\n|-start|p2a: Flutter Mane|protosynthesisspa\n|turn|5\n|inactive|phenomsteelers08 has 30 seconds left.\n|\n|t:|1683676502\n|-terastallize|p1a: Flutter Mane|Steel\n|move|p2a: Flutter Mane|Protect|p2a: Flutter Mane\n|-singleturn|p2a: Flutter Mane|Protect\n|move|p1a: Flutter Mane|Shadow Ball|p2b: Corviknight\n|-damage|p2b: Corviknight|55\/100\n|move|p1b: Garchomp|Dragon Claw|p2b: Corviknight\n|-resisted|p2b: Corviknight\n|-damage|p2b: Corviknight|24\/100\n|move|p2b: Corviknight|Bulk Up|p2b: Corviknight\n|-boost|p2b: Corviknight|atk|1\n|-boost|p2b: Corviknight|def|1\n|\n|-weather|none\n|-heal|p2b: Corviknight|30\/100|[from] item: Leftovers\n|-sideend|p1: phenomsteelers08|move: Tailwind\n|upkeep\n|turn|6\n|\n|t:|1683676526\n|-terastallize|p2a: Flutter Mane|Fairy\n|move|p1b: Garchomp|Protect|p1b: Garchomp\n|-singleturn|p1b: Garchomp|Protect\n|move|p2a: Flutter Mane|Dazzling Gleam|p1b: Garchomp|[spread] p1a\n|-activate|p1b: Garchomp|move: Protect\n|-resisted|p1a: Flutter Mane\n|-damage|p1a: Flutter Mane|60\/100\n|move|p1a: Flutter Mane|Shadow Ball|p2a: Flutter Mane\n|-damage|p2a: Flutter Mane|34\/100\n|move|p2b: Corviknight|Body Press|p1a: Flutter Mane\n|-supereffective|p1a: Flutter Mane\n|-damage|p1a: Flutter Mane|0 fnt\n|faint|p1a: Flutter Mane\n|-end|p1a: Flutter Mane|Protosynthesis|[silent]\n|\n|-heal|p2b: Corviknight|36\/100|[from] item: Leftovers\n|upkeep\n|\n|t:|1683676540\n|switch|p1a: Tyranitar|Tyranitar, L50, F|100\/100\n|-weather|Sandstorm|[from] ability: Sand Stream|[of] p1a: Tyranitar\n|turn|7\n|\n|t:|1683676551\n|move|p2a: Flutter Mane|Dazzling Gleam|p1b: Garchomp|[spread] p1a,p1b\n|-supereffective|p1a: Tyranitar\n|-supereffective|p1b: Garchomp\n|-damage|p1a: Tyranitar|46\/100\n|-damage|p1b: Garchomp|0 fnt\n|faint|p1b: Garchomp\n|move|p1a: Tyranitar|Rock Slide|p2a: Flutter Mane|[spread] p2a,p2b\n|-damage|p2a: Flutter Mane|0 fnt\n|-damage|p2b: Corviknight|18\/100\n|faint|p2a: Flutter Mane\n|-end|p2a: Flutter Mane|Protosynthesis|[silent]\n|move|p2b: Corviknight|Body Press|p1a: Tyranitar\n|-supereffective|p1a: Tyranitar\n|-damage|p1a: Tyranitar|0 fnt\n|faint|p1a: Tyranitar\n|\n|win|bwahacough\n|raw|phenomsteelers08's rating: 1779 → 1757<\/strong> (-22 for losing)\n|raw|bwahacough's rating: 1742 → 1764<\/strong> (+22 for winning)\n|l|\u2606phenomsteelers08\n|l| Friend_Or_Foe120\n","uploadtime":1683676582,"views":29,"p1id":"phenomsteelers08","p2id":"bwahacough","formatid":"gen9vgc2023regulationc","rating":1757,"private":0,"password":""}