{"id":"gen9vgc2023regulationc-1852721644","p1":"bvfc11","p2":"icedragonkid105","format":"[Gen 9] VGC 2023 Regulation C","log":"|j|\u2606bvfc11\n|j|\u2606icedragonkid105\n|t:|1682600256\n|gametype|doubles\n|player|p1|bvfc11|1|1034\n|player|p2|icedragonkid105|265|1114\n|teamsize|p1|6\n|teamsize|p2|6\n|gen|9\n|tier|[Gen 9] VGC 2023 Regulation C\n|rated|\n|rule|Species Clause: Limit one of each Pok\u00e9mon\n|rule|Item Clause: Limit one of each item\n|clearpoke\n|poke|p1|Klefki, L50, F|\n|poke|p1|Corviknight, L50, F|\n|poke|p1|Chi-Yu, L50|\n|poke|p1|Flutter Mane, L50|\n|poke|p1|Roaring Moon, L50|\n|poke|p1|Annihilape, L50, F|\n|poke|p2|Baxcalibur, L50, M|\n|poke|p2|Flutter Mane, L50|\n|poke|p2|Chi-Yu, L50|\n|poke|p2|Iron Hands, L50|\n|poke|p2|Iron Bundle, L50|\n|poke|p2|Arcanine, L50, M|\n|teampreview|4\n|inactive|Battle timer is ON: inactive players will automatically lose when time's up. (requested by icedragonkid105)\n|\n|t:|1682600299\n|start\n|switch|p1a: Flutter Mane|Flutter Mane, L50|100\/100\n|switch|p1b: Klefki|Klefki, L50, F|100\/100\n|switch|p2a: Dom|Iron Hands, L50|100\/100\n|switch|p2b: K-9|Arcanine, L50, M|100\/100\n|-ability|p2b: K-9|Intimidate|boost\n|-unboost|p1a: Flutter Mane|atk|1\n|-unboost|p1b: Klefki|atk|1\n|turn|1\n|inactive|bvfc11 has 30 seconds left.\n|\n|t:|1682600330\n|-end|p1a: Flutter Mane|Protosynthesis|[silent]\n|switch|p1a: Annihilape|Annihilape, L50, F|100\/100\n|move|p2a: Dom|Fake Out|p1b: Klefki\n|-resisted|p1b: Klefki\n|-damage|p1b: Klefki|91\/100\n|cant|p1b: Klefki|flinch\n|move|p2b: K-9|Flare Blitz|p1a: Annihilape\n|-damage|p1a: Annihilape|43\/100\n|-damage|p2b: K-9|76\/100|[from] Recoil\n|\n|-heal|p1a: Annihilape|49\/100|[from] item: Leftovers\n|upkeep\n|turn|2\n|inactive|bvfc11 has 30 seconds left.\n|inactive|icedragonkid105 has 30 seconds left.\n|\n|t:|1682600359\n|move|p1b: Klefki|Reflect|p1b: Klefki\n|-sidestart|p1: bvfc11|Reflect\n|move|p2b: K-9|Flare Blitz|p1b: Klefki\n|-supereffective|p1b: Klefki\n|-damage|p1b: Klefki|1\/100\n|-damage|p2b: K-9|46\/100|[from] Recoil\n|move|p1a: Annihilape|Drain Punch|p2a: Dom\n|-damage|p2a: Dom|79\/100\n|-heal|p1a: Annihilape|63\/100|[from] drain|[of] p2a: Dom\n|move|p2a: Dom|Wild Charge|p1a: Annihilape\n|-damage|p1a: Annihilape|26\/100\n|-damage|p2a: Dom|71\/100|[from] Recoil\n|\n|-heal|p1a: Annihilape|32\/100|[from] item: Leftovers\n|upkeep\n|turn|3\n|inactive|icedragonkid105 has 30 seconds left.\n|\n|t:|1682600385\n|move|p2b: K-9|Extreme Speed|p1b: Klefki\n|-resisted|p1b: Klefki\n|-damage|p1b: Klefki|0 fnt\n|faint|p1b: Klefki\n|move|p1a: Annihilape|Drain Punch|p2b: K-9\n|-damage|p2b: K-9|0 fnt\n|-heal|p1a: Annihilape|49\/100|[from] drain|[of] p2b: K-9\n|faint|p2b: K-9\n|move|p2a: Dom|Wild Charge|p1a: Annihilape\n|-damage|p1a: Annihilape|15\/100\n|-damage|p2a: Dom|64\/100|[from] Recoil\n|\n|-heal|p1a: Annihilape|21\/100|[from] item: Leftovers\n|upkeep\n|\n|t:|1682600402\n|switch|p2b: Glacius|Baxcalibur, L50, M|100\/100\n|switch|p1b: Flutter Mane|Flutter Mane, L50|100\/100\n|turn|4\n|inactive|icedragonkid105 has 30 seconds left.\n|\n|t:|1682600431\n|-terastallize|p1b: Flutter Mane|Fairy\n|-terastallize|p2b: Glacius|Poison\n|move|p1b: Flutter Mane|Dazzling Gleam|p2a: Dom|[spread] p2a,p2b\n|-supereffective|p2a: Dom\n|-resisted|p2b: Glacius\n|-damage|p2a: Dom|0 fnt\n|-damage|p2b: Glacius|69\/100\n|faint|p2a: Dom\n|-end|p2a: Dom|Quark Drive|[silent]\n|move|p1a: Annihilape|Drain Punch|p2b: Glacius\n|-resisted|p2b: Glacius\n|-damage|p2b: Glacius|54\/100\n|-heal|p1a: Annihilape|29\/100|[from] drain|[of] p2b: Glacius\n|move|p2b: Glacius|Icicle Crash|p1b: Flutter Mane\n|-damage|p1b: Flutter Mane|46\/100\n|\n|-heal|p1a: Annihilape|35\/100|[from] item: Leftovers\n|upkeep\n|\n|t:|1682600450\n|switch|p2a: Glitch|Iron Bundle, L50, shiny|100\/100\n|turn|5\n|inactive|bvfc11 has 30 seconds left.\n|\n|t:|1682600478\n|move|p2a: Glitch|Hydro Pump|p1b: Flutter Mane\n|-damage|p1b: Flutter Mane|0 fnt\n|faint|p1b: Flutter Mane\n|-end|p1b: Flutter Mane|Protosynthesis|[silent]\n|move|p1a: Annihilape|Drain Punch|p2a: Glitch\n|-supereffective|p2a: Glitch\n|-damage|p2a: Glitch|22\/100\n|-heal|p1a: Annihilape|60\/100|[from] drain|[of] p2a: Glitch\n|move|p2b: Glacius|Glaive Rush|p1a: Annihilape\n|-damage|p1a: Annihilape|9\/100\n|-singlemove|p2b: Glacius|Glaive Rush|[silent]\n|\n|-heal|p1a: Annihilape|15\/100|[from] item: Leftovers\n|upkeep\n|\n|t:|1682600490\n|switch|p1b: Chi-Yu|Chi-Yu, L50|100\/100\n|-ability|p1b: Chi-Yu|Beads of Ruin\n|turn|6\n|\n|t:|1682600500\n|move|p1b: Chi-Yu|Protect|p1b: Chi-Yu\n|-singleturn|p1b: Chi-Yu|Protect\n|move|p2b: Glacius|Ice Shard|p1a: Annihilape\n|-damage|p1a: Annihilape|0 fnt\n|faint|p1a: Annihilape\n|move|p2a: Glitch|Hydro Pump|p1b: Chi-Yu\n|-activate|p1b: Chi-Yu|move: Protect\n|\n|upkeep\n|turn|7\n|\n|t:|1682600513\n|move|p2a: Glitch|Encore|p1b: Chi-Yu\n|-start|p1b: Chi-Yu|Encore\n|move|p1b: Chi-Yu|Protect||[still]\n|-fail|p1b: Chi-Yu\n|move|p2b: Glacius|Glaive Rush|p1b: Chi-Yu\n|-damage|p1b: Chi-Yu|24\/100\n|-singlemove|p2b: Glacius|Glaive Rush|[silent]\n|\n|upkeep\n|turn|8\n|-message|bvfc11 forfeited.\n|\n|win|icedragonkid105\n|raw|bvfc11's rating: 1034 → 1022<\/strong> (-12 for losing)\n|raw|icedragonkid105's rating: 1114 → 1133<\/strong> (+19 for winning)\n|l|\u2606bvfc11\n","uploadtime":1682600526,"views":13,"p1id":"bvfc11","p2id":"icedragonkid105","formatid":"gen9vgc2023regulationc","rating":1022,"private":0,"password":""}