{"id":"gen9vgc2023regulationc-1848339937","p1":"Ace98121212","p2":"Sumo'sWeenusVGC","format":"[Gen 9] VGC 2023 Regulation C","log":"|j|\u2606Ace98121212\n|j|\u2606Sumo'sWeenusVGC\n|t:|1682063281\n|gametype|doubles\n|player|p1|Ace98121212|1|1040\n|player|p2|Sumo'sWeenusVGC|colress|1122\n|teamsize|p1|6\n|teamsize|p2|6\n|gen|9\n|tier|[Gen 9] VGC 2023 Regulation C\n|rated|\n|rule|Species Clause: Limit one of each Pok\u00e9mon\n|rule|Item Clause: Limit one of each item\n|clearpoke\n|poke|p1|Annihilape, L50, M|\n|poke|p1|Murkrow, L50, M|\n|poke|p1|Armarouge, L50, M|\n|poke|p1|Indeedee-F, L50, F|\n|poke|p1|Gholdengo, L50|\n|poke|p1|Hydreigon, L50, F|\n|poke|p2|Wo-Chien, L50|\n|poke|p2|Flutter Mane, L50|\n|poke|p2|Glimmora, L50, F|\n|poke|p2|Palafin, L50, F|\n|poke|p2|Arcanine, L50, F|\n|poke|p2|Kingambit, L50, F|\n|teampreview|4\n|inactive|Battle timer is ON: inactive players will automatically lose when time's up. (requested by Sumo'sWeenusVGC)\n|inactive|Ace98121212 also wants the timer to be on.\nSumo'sWeenusVGC has agreed to open team sheets.\n|inactive|Ace98121212 has 60 seconds left.\n|\n|t:|1682063314\n|start\n|switch|p1a: Murkrow|Murkrow, L50, M|100\/100\n|switch|p1b: Annihilape|Annihilape, L50, M|100\/100\n|switch|p2a: Flutter Mane|Flutter Mane, L50, shiny|100\/100\n|switch|p2b: Glimmora|Glimmora, L50, F, shiny|100\/100\n|turn|1\n|inactive|Sumo'sWeenusVGC has 30 seconds left.\n|\n|t:|1682063340\n|move|p1a: Murkrow|Tailwind|p1a: Murkrow\n|-sidestart|p1: Ace98121212|move: Tailwind\n|move|p1b: Annihilape|Shadow Claw|p2a: Flutter Mane\n|-supereffective|p2a: Flutter Mane\n|-crit|p2a: Flutter Mane\n|-damage|p2a: Flutter Mane|0 fnt\n|faint|p2a: Flutter Mane\n|-end|p2a: Flutter Mane|Protosynthesis|[silent]\n|move|p2b: Glimmora|Mortal Spin|p1a: Murkrow|[spread] p1a,p1b\n|-resisted|p1b: Annihilape\n|-damage|p1a: Murkrow|95\/100\n|-damage|p1b: Annihilape|98\/100\n|-status|p1a: Murkrow|psn\n|-status|p1b: Annihilape|psn\n|\n|-damage|p1b: Annihilape|86\/100 psn|[from] psn\n|-damage|p1a: Murkrow|83\/100 psn|[from] psn\n|upkeep\n|\n|t:|1682063354\n|switch|p2a: Kingambit|Kingambit, L50, F|100\/100\n|turn|2\n|\n|t:|1682063369\n|-terastallize|p1b: Annihilape|Ground\n|-terastallize|p2a: Kingambit|Flying\n|move|p1a: Murkrow|Protect|p1a: Murkrow\n|-singleturn|p1a: Murkrow|Protect\n|move|p1b: Annihilape|Earthquake|p2b: Glimmora|[spread] p2b\n|-activate|p1a: Murkrow|move: Protect\n|-immune|p2a: Kingambit\n|-supereffective|p2b: Glimmora\n|-enditem|p2b: Glimmora|Focus Sash\n|-damage|p2b: Glimmora|1\/100\n|move|p2b: Glimmora|Power Gem|p1a: Murkrow\n|-activate|p1a: Murkrow|move: Protect\n|move|p2a: Kingambit|Tera Blast|p1b: Annihilape\n|-damage|p1b: Annihilape|30\/100 psn\n|\n|-damage|p1b: Annihilape|17\/100 psn|[from] psn\n|-damage|p1a: Murkrow|72\/100 psn|[from] psn\n|upkeep\n|turn|3\n|inactive|Ace98121212 has 30 seconds left.\n|inactive|Sumo'sWeenusVGC has 30 seconds left.\n|\n|t:|1682063403\n|move|p2b: Glimmora|Spiky Shield|p2b: Glimmora\n|-singleturn|p2b: Glimmora|move: Protect\n|move|p1a: Murkrow|Haze|p1a: Murkrow\n|-clearallboost\n|move|p1b: Annihilape|Shadow Claw|p2a: Kingambit\n|-damage|p2a: Kingambit|70\/100\n|move|p2a: Kingambit|Tera Blast|p1a: Murkrow\n|-damage|p1a: Murkrow|15\/100 psn\n|\n|-damage|p1b: Annihilape|5\/100 psn|[from] psn\n|-damage|p1a: Murkrow|3\/100 psn|[from] psn\n|upkeep\n|turn|4\n|\n|t:|1682063427\n|move|p1a: Murkrow|Protect|p1a: Murkrow\n|-singleturn|p1a: Murkrow|Protect\n|move|p2b: Glimmora|Spiky Shield|p2b: Glimmora\n|-singleturn|p2b: Glimmora|move: Protect\n|move|p1b: Annihilape|Shadow Claw|p2a: Kingambit\n|-damage|p2a: Kingambit|37\/100\n|move|p2a: Kingambit|Tera Blast|p1b: Annihilape\n|-damage|p1b: Annihilape|0 fnt\n|faint|p1b: Annihilape\n|\n|-damage|p1a: Murkrow|0 fnt|[from] psn\n|faint|p1a: Murkrow\n|-sideend|p1: Ace98121212|move: Tailwind\n|upkeep\n|\n|t:|1682063447\n|switch|p1b: Gholdengo|Gholdengo, L50|100\/100\n|switch|p1a: Armarouge|Armarouge, L50, M|100\/100\n|turn|5\n|\n|t:|1682063460\n|move|p1a: Armarouge|Protect|p1a: Armarouge\n|-singleturn|p1a: Armarouge|Protect\n|move|p1b: Gholdengo|Thunderbolt|p2a: Kingambit\n|-supereffective|p2a: Kingambit\n|-damage|p2a: Kingambit|0 fnt\n|faint|p2a: Kingambit\n|-damage|p1b: Gholdengo|91\/100|[from] item: Life Orb\n|move|p2b: Glimmora|Power Gem|p1a: Armarouge\n|-activate|p1a: Armarouge|move: Protect\n|\n|upkeep\n|\n|t:|1682063470\n|switch|p2a: Arcanine|Arcanine, L50, F|100\/100\n|-ability|p2a: Arcanine|Intimidate|boost\n|-unboost|p1a: Armarouge|atk|1\n|-unboost|p1b: Gholdengo|atk|1\n|turn|6\n|\n|t:|1682063486\n|move|p2b: Glimmora|Spiky Shield|p2b: Glimmora\n|-singleturn|p2b: Glimmora|move: Protect\n|move|p1b: Gholdengo|Make It Rain|p2b: Glimmora|[spread] p2a\n|-activate|p2b: Glimmora|move: Protect\n|-resisted|p2a: Arcanine\n|-damage|p2a: Arcanine|74\/100\n|-unboost|p1b: Gholdengo|spa|1\n|-damage|p1b: Gholdengo|81\/100|[from] item: Life Orb\n|move|p2a: Arcanine|Flare Blitz|p1b: Gholdengo\n|-supereffective|p1b: Gholdengo\n|-damage|p1b: Gholdengo|0 fnt\n|faint|p1b: Gholdengo\n|-damage|p2a: Arcanine|51\/100|[from] Recoil\n|move|p1a: Armarouge|Expanding Force|p2a: Arcanine\n|-damage|p2a: Arcanine|16\/100\n|\n|upkeep\n|turn|7\n|\n|t:|1682063508\n|move|p2a: Arcanine|Extreme Speed|p1a: Armarouge\n|-damage|p1a: Armarouge|77\/100\n|move|p2b: Glimmora|Power Gem|p1a: Armarouge\n|-supereffective|p1a: Armarouge\n|-damage|p1a: Armarouge|0 fnt\n|faint|p1a: Armarouge\n|\n|win|Sumo'sWeenusVGC\n|raw|Ace98121212's rating: 1040 → 1028<\/strong> (-12 for losing)\n|raw|Sumo'sWeenusVGC's rating: 1122 → 1141<\/strong> (+19 for winning)\n","uploadtime":1682063521,"views":8,"p1id":"ace98121212","p2id":"sumosweenusvgc","formatid":"gen9vgc2023regulationc","rating":1028,"private":0,"password":""}