{"id":"gen9vgc2023regulationc-1846216452","p1":"RU1NN56","p2":"huizi11","format":"[Gen 9] VGC 2023 Regulation C","log":"|j|\u203dRU1NN56\n|j|\u2606huizi11\n|t:|1681822205\n|gametype|doubles\n|player|p1|RU1NN56|steven|1005\n|player|p2|huizi11|102|1107\n|teamsize|p1|6\n|teamsize|p2|6\n|gen|9\n|tier|[Gen 9] VGC 2023 Regulation C\n|rated|\n|rule|Species Clause: Limit one of each Pok\u00e9mon\n|rule|Item Clause: Limit one of each item\n|clearpoke\n|poke|p1|Flutter Mane, L50|\n|poke|p1|Scream Tail, L50|\n|poke|p1|Gothitelle, L50, M|\n|poke|p1|Palafin, L50, F|\n|poke|p1|Amoonguss, L50, F|\n|poke|p1|Arcanine, L50, M|\n|poke|p2|Tyranitar, L50, F|\n|poke|p2|Ting-Lu, L50|\n|poke|p2|Chi-Yu, L50|\n|poke|p2|Palafin, L50, M|\n|poke|p2|Arcanine, L50, M|\n|poke|p2|Iron Bundle, L50|\n|teampreview|4\n|inactive|Battle timer is ON: inactive players will automatically lose when time's up. (requested by huizi11)\n|\n|t:|1681822240\n|start\n|switch|p1a: Scream Tail|Scream Tail, L50, shiny|100\/100\n|switch|p1b: Palafin|Palafin, L50, F|100\/100\n|switch|p2a: Palafin|Palafin, L50, M|100\/100\n|switch|p2b: Arcanine|Arcanine, L50, M|100\/100\n|-ability|p2b: Arcanine|Intimidate|boost\n|-unboost|p1a: Scream Tail|atk|1\n|-unboost|p1b: Palafin|atk|1\n|-enditem|p1a: Scream Tail|Booster Energy\n|-activate|p1a: Scream Tail|ability: Protosynthesis|[fromitem]\n|-start|p1a: Scream Tail|protosynthesisspe\n|turn|1\n|\n|t:|1681822259\n|detailschange|p2a: Palafin|Palafin-Hero, L50, M\n|switch|p2a: Chi-Yu|Chi-Yu, L50|100\/100\n|-ability|p2a: Chi-Yu|Beads of Ruin\n|-terastallize|p1b: Palafin|Water\n|move|p1a: Scream Tail|Protect|p1a: Scream Tail\n|-singleturn|p1a: Scream Tail|Protect\n|move|p1b: Palafin|Jet Punch|p2b: Arcanine\n|-supereffective|p2b: Arcanine\n|-damage|p2b: Arcanine|46\/100\n|-enditem|p2b: Arcanine|Sitrus Berry|[eat]\n|-heal|p2b: Arcanine|71\/100|[from] item: Sitrus Berry\n|move|p2b: Arcanine|Will-O-Wisp|p1b: Palafin\n|-status|p1b: Palafin|brn\n|\n|-damage|p1b: Palafin|95\/100 brn|[from] brn\n|upkeep\n|turn|2\n|inactive|huizi11 has 30 seconds left.\n|inactive|huizi11 has 20 seconds left.\n|\n|t:|1681822296\n|detailschange|p1b: Palafin|Palafin-Hero, L50, F, tera:Water\n|switch|p1b: Gothitelle|Gothitelle, L50, M|100\/100\n|move|p1a: Scream Tail|Perish Song|p1a: Scream Tail\n|-start|p1a: Scream Tail|perish3|[silent]\n|-start|p1b: Gothitelle|perish3|[silent]\n|-start|p2a: Chi-Yu|perish3|[silent]\n|-start|p2b: Arcanine|perish3|[silent]\n|-fieldactivate|move: Perish Song\n|move|p2a: Chi-Yu|Heat Wave|p1a: Scream Tail|[spread] p1a,p1b\n|-damage|p1a: Scream Tail|64\/100\n|-damage|p1b: Gothitelle|62\/100\n|move|p2b: Arcanine|Flare Blitz|p1b: Gothitelle\n|-damage|p1b: Gothitelle|11\/100\n|-enditem|p1b: Gothitelle|Sitrus Berry|[eat]\n|-heal|p1b: Gothitelle|36\/100|[from] item: Sitrus Berry\n|-damage|p2b: Arcanine|55\/100|[from] Recoil\n|\n|-start|p1a: Scream Tail|perish3\n|-start|p2a: Chi-Yu|perish3\n|-start|p2b: Arcanine|perish3\n|-start|p1b: Gothitelle|perish3\n|upkeep\n|turn|3\n|inactive|RU1NN56 has 30 seconds left.\n|\n|t:|1681822325\n|move|p1b: Gothitelle|Fake Out|p2b: Arcanine\n|-damage|p2b: Arcanine|47\/100\n|move|p1a: Scream Tail|Disable|p2a: Chi-Yu\n|-start|p2a: Chi-Yu|Disable|Heat Wave\n|cant|p2a: Chi-Yu|Disable|Heat Wave\n|cant|p2b: Arcanine|flinch\n|\n|-start|p1a: Scream Tail|perish2\n|-start|p2a: Chi-Yu|perish2\n|-start|p2b: Arcanine|perish2\n|-start|p1b: Gothitelle|perish2\n|upkeep\n|turn|4\n|\n|t:|1681822342\n|-end|p1a: Scream Tail|Protosynthesis|[silent]\n|switch|p1a: Flutter Mane|Flutter Mane, L50|100\/100\n|move|p1b: Gothitelle|Protect|p1b: Gothitelle\n|-singleturn|p1b: Gothitelle|Protect\n|move|p2a: Chi-Yu|Dark Pulse|p1b: Gothitelle\n|-activate|p1b: Gothitelle|move: Protect\n|move|p2b: Arcanine|Flare Blitz|p1b: Gothitelle\n|-activate|p1b: Gothitelle|move: Protect\n|\n|-start|p2a: Chi-Yu|perish1\n|-start|p2b: Arcanine|perish1\n|-start|p1b: Gothitelle|perish1\n|upkeep\n|turn|5\n|\n|t:|1681822361\n|switch|p1b: Scream Tail|Scream Tail, L50, shiny|64\/100\n|move|p1a: Flutter Mane|Protect|p1a: Flutter Mane\n|-singleturn|p1a: Flutter Mane|Protect\n|move|p2a: Chi-Yu|Dark Pulse|p1b: Scream Tail\n|-damage|p1b: Scream Tail|20\/100\n|move|p2b: Arcanine|Snarl|p1b: Scream Tail|[spread] p1b\n|-activate|p1a: Flutter Mane|move: Protect\n|-damage|p1b: Scream Tail|11\/100\n|-unboost|p1b: Scream Tail|spa|1\n|\n|-start|p2a: Chi-Yu|perish0\n|-start|p2b: Arcanine|perish0\n|faint|p2a: Chi-Yu\n|faint|p2b: Arcanine\n|upkeep\n|\n|t:|1681822370\n|switch|p2a: Ting-Lu|Ting-Lu, L50|100\/100\n|switch|p2b: Palafin|Palafin-Hero, L50, M|100\/100\n|-activate|p2b: Palafin|ability: Zero to Hero\n|-ability|p2a: Ting-Lu|Vessel of Ruin\n|turn|6\n|\n|t:|1681822393\n|move|p1b: Scream Tail|Protect|p1b: Scream Tail\n|-singleturn|p1b: Scream Tail|Protect\n|move|p2b: Palafin|Jet Punch|p1b: Scream Tail\n|-activate|p1b: Scream Tail|move: Protect\n|move|p1a: Flutter Mane|Perish Song|p1a: Flutter Mane\n|-start|p1a: Flutter Mane|perish3|[silent]\n|-start|p1b: Scream Tail|perish3|[silent]\n|-start|p2a: Ting-Lu|perish3|[silent]\n|-start|p2b: Palafin|perish3|[silent]\n|-fieldactivate|move: Perish Song\n|move|p2a: Ting-Lu|Heavy Slam|p1a: Flutter Mane\n|-supereffective|p1a: Flutter Mane\n|-enditem|p1a: Flutter Mane|Focus Sash\n|-damage|p1a: Flutter Mane|1\/100\n|\n|-start|p1a: Flutter Mane|perish3\n|-start|p1b: Scream Tail|perish3\n|-start|p2b: Palafin|perish3\n|-start|p2a: Ting-Lu|perish3\n|upkeep\n|turn|7\n|\n|t:|1681822415\n|move|p1a: Flutter Mane|Protect|p1a: Flutter Mane\n|-singleturn|p1a: Flutter Mane|Protect\n|move|p2b: Palafin|Jet Punch|p1b: Scream Tail\n|-damage|p1b: Scream Tail|0 fnt\n|faint|p1b: Scream Tail\n|-end|p1b: Scream Tail|Protosynthesis|[silent]\n|move|p2a: Ting-Lu|Rock Slide|p1a: Flutter Mane\n|-activate|p1a: Flutter Mane|move: Protect\n|\n|-start|p1a: Flutter Mane|perish2\n|-start|p2b: Palafin|perish2\n|-start|p2a: Ting-Lu|perish2\n|upkeep\n|inactive|RU1NN56 has 30 seconds left.\n|\n|t:|1681822448\n|switch|p1b: Gothitelle|Gothitelle, L50, M|36\/100\n|turn|8\n|\n|t:|1681822464\n|move|p1a: Flutter Mane|Protect||[still]\n|-fail|p1a: Flutter Mane\n|move|p1b: Gothitelle|Fake Out|p2b: Palafin\n|-damage|p2b: Palafin|94\/100\n|cant|p2b: Palafin|flinch\n|move|p2a: Ting-Lu|Heavy Slam|p1b: Gothitelle\n|-damage|p1b: Gothitelle|3\/100\n|\n|-start|p1a: Flutter Mane|perish1\n|-start|p2b: Palafin|perish1\n|-start|p2a: Ting-Lu|perish1\n|upkeep\n|turn|9\n|inactive|RU1NN56 has 30 seconds left.\n|\n|t:|1681822494\n|move|p1a: Flutter Mane|Protect|p1a: Flutter Mane\n|-singleturn|p1a: Flutter Mane|Protect\n|move|p1b: Gothitelle|Protect|p1b: Gothitelle\n|-singleturn|p1b: Gothitelle|Protect\n|move|p2b: Palafin|Jet Punch|p1b: Gothitelle\n|-activate|p1b: Gothitelle|move: Protect\n|move|p2a: Ting-Lu|Rock Slide|p1b: Gothitelle|[spread] \n|-activate|p1a: Flutter Mane|move: Protect\n|-activate|p1b: Gothitelle|move: Protect\n|\n|-start|p1a: Flutter Mane|perish0\n|-start|p2b: Palafin|perish0\n|-start|p2a: Ting-Lu|perish0\n|faint|p1a: Flutter Mane\n|-end|p1a: Flutter Mane|Protosynthesis|[silent]\n|faint|p2b: Palafin\n|faint|p2a: Ting-Lu\n|\n|win|RU1NN56\n|upkeep\n|raw|RU1NN56's rating: 1005 → 1055<\/strong> (+50 for winning)\n|raw|huizi11's rating: 1107 → 1075<\/strong> (-32 for losing)\n|l|\u2606huizi11\n","uploadtime":1681822548,"views":6,"p1id":"ru1nn56","p2id":"huizi11","formatid":"gen9vgc2023regulationc","rating":1055,"private":0,"password":""}