{"id":"gen9vgc2023regulationc-1849100533","p1":"crusty_raisin","p2":"Gorbism","format":"[Gen 9] VGC 2023 Regulation C","log":"|j|\u2606crusty_raisin\n|j|\u2606Gorbism\n|t:|1682155404\n|gametype|doubles\n|player|p1|crusty_raisin|170|1108\n|player|p2|Gorbism|ethan|1214\n|teamsize|p1|6\n|teamsize|p2|6\n|gen|9\n|tier|[Gen 9] VGC 2023 Regulation C\n|rated|\n|rule|Species Clause: Limit one of each Pok\u00e9mon\n|rule|Item Clause: Limit one of each item\n|clearpoke\n|poke|p1|Scream Tail, L50|\n|poke|p1|Flutter Mane, L50|\n|poke|p1|Gothitelle, L50, F|\n|poke|p1|Palafin, L50, M|\n|poke|p1|Amoonguss, L50, M|\n|poke|p1|Arcanine, L50, F|\n|poke|p2|Tinkaton, L50, F|\n|poke|p2|Corviknight, L50, M|\n|poke|p2|Skeledirge, L50, M|\n|poke|p2|Garchomp, L50, M|\n|poke|p2|Kilowattrel, L50, F|\n|poke|p2|Iron Bundle, L50|\n|teampreview|4\n|inactive|Battle timer is ON: inactive players will automatically lose when time's up. (requested by crusty_raisin)\n|inactive|Gorbism has 60 seconds left.\n|\n|t:|1682155487\n|start\n|switch|p1a: Flutter Mane|Flutter Mane, L50|100\/100\n|switch|p1b: Palafin|Palafin, L50, M|100\/100\n|switch|p2a: Tinkaton|Tinkaton, L50, F|100\/100\n|switch|p2b: Skeledirge|Skeledirge, L50, M|100\/100\n|turn|1\n|\n|t:|1682155503\n|detailschange|p1b: Palafin|Palafin-Hero, L50, M\n|switch|p1b: Gothitelle|Gothitelle, L50, F|100\/100\n|move|p2b: Skeledirge|Protect|p2b: Skeledirge\n|-singleturn|p2b: Skeledirge|Protect\n|move|p1a: Flutter Mane|Shadow Ball|p2b: Skeledirge\n|-activate|p2b: Skeledirge|move: Protect\n|move|p2a: Tinkaton|Gigaton Hammer|p1a: Flutter Mane\n|-supereffective|p1a: Flutter Mane\n|-enditem|p1a: Flutter Mane|Focus Sash\n|-damage|p1a: Flutter Mane|1\/100\n|\n|upkeep\n|turn|2\n|inactive|crusty_raisin has 30 seconds left.\n|inactive|Gorbism has 30 seconds left.\n|inactive|crusty_raisin has 20 seconds left.\n|\n|t:|1682155541\n|-terastallize|p2b: Skeledirge|Grass\n|move|p1b: Gothitelle|Protect|p1b: Gothitelle\n|-singleturn|p1b: Gothitelle|Protect\n|move|p1a: Flutter Mane|Shadow Ball|p2b: Skeledirge\n|-damage|p2b: Skeledirge|59\/100\n|-unboost|p2b: Skeledirge|spd|1\n|move|p2a: Tinkaton|Play Rough|p1a: Flutter Mane|[miss]\n|-miss|p2a: Tinkaton|p1a: Flutter Mane\n|move|p2b: Skeledirge|Torch Song|p1a: Flutter Mane\n|-damage|p1a: Flutter Mane|0 fnt\n|-boost|p2b: Skeledirge|spa|1\n|faint|p1a: Flutter Mane\n|-end|p1a: Flutter Mane|Protosynthesis|[silent]\n|\n|-heal|p2b: Skeledirge|65\/100|[from] item: Leftovers\n|upkeep\n|\n|t:|1682155552\n|switch|p1a: Scream Tail|Scream Tail, L50|100\/100\n|-enditem|p1a: Scream Tail|Booster Energy\n|-activate|p1a: Scream Tail|ability: Protosynthesis|[fromitem]\n|-start|p1a: Scream Tail|protosynthesisspe\n|turn|3\n|inactive|Gorbism has 30 seconds left.\n|\n|t:|1682155583\n|move|p2b: Skeledirge|Protect|p2b: Skeledirge\n|-singleturn|p2b: Skeledirge|Protect\n|move|p1a: Scream Tail|Perish Song|p1a: Scream Tail\n|-start|p1a: Scream Tail|perish3|[silent]\n|-start|p1b: Gothitelle|perish3|[silent]\n|-start|p2a: Tinkaton|perish3|[silent]\n|-start|p2b: Skeledirge|perish3|[silent]\n|-fieldactivate|move: Perish Song\n|move|p2a: Tinkaton|Gigaton Hammer|p1a: Scream Tail\n|-supereffective|p1a: Scream Tail\n|-damage|p1a: Scream Tail|17\/100\n|move|p1b: Gothitelle|Psychic|p2b: Skeledirge\n|-activate|p2b: Skeledirge|move: Protect\n|\n|-heal|p2b: Skeledirge|71\/100|[from] item: Leftovers\n|-start|p1a: Scream Tail|perish3\n|-start|p2a: Tinkaton|perish3\n|-start|p2b: Skeledirge|perish3\n|-start|p1b: Gothitelle|perish3\n|upkeep\n|turn|4\n|inactive|crusty_raisin has 30 seconds left.\n|inactive|Gorbism has 30 seconds left.\n|\n|t:|1682155611\n|move|p1a: Scream Tail|Protect|p1a: Scream Tail\n|-singleturn|p1a: Scream Tail|Protect\n|move|p1b: Gothitelle|Protect|p1b: Gothitelle\n|-singleturn|p1b: Gothitelle|Protect\n|move|p2a: Tinkaton|Play Rough|p1a: Scream Tail\n|-activate|p1a: Scream Tail|move: Protect\n|move|p2b: Skeledirge|Shadow Ball|p1b: Gothitelle\n|-activate|p1b: Gothitelle|move: Protect\n|\n|-heal|p2b: Skeledirge|77\/100|[from] item: Leftovers\n|-start|p1a: Scream Tail|perish2\n|-start|p2a: Tinkaton|perish2\n|-start|p2b: Skeledirge|perish2\n|-start|p1b: Gothitelle|perish2\n|upkeep\n|turn|5\n|inactive|crusty_raisin has 30 seconds left.\n|\n|t:|1682155637\n|-end|p1a: Scream Tail|Protosynthesis|[silent]\n|switch|p1a: Palafin|Palafin-Hero, L50, M|100\/100\n|-activate|p1a: Palafin|ability: Zero to Hero\n|move|p2a: Tinkaton|Skill Swap|p1b: Gothitelle\n|-activate|p2a: Tinkaton|move: Skill Swap|Shadow Tag|Own Tempo|[of] p1b: Gothitelle\n|move|p2b: Skeledirge|Shadow Ball|p1a: Palafin\n|-damage|p1a: Palafin|35\/100\n|move|p1b: Gothitelle|Psychic|p2b: Skeledirge\n|-damage|p2b: Skeledirge|31\/100\n|\n|-heal|p2b: Skeledirge|37\/100|[from] item: Leftovers\n|-start|p2a: Tinkaton|perish1\n|-start|p2b: Skeledirge|perish1\n|-start|p1b: Gothitelle|perish1\n|upkeep\n|turn|6\n|inactive|crusty_raisin has 30 seconds left.\n|\n|t:|1682155671\n|switch|p2a: Garchomp|Garchomp, L50, M|100\/100\n|switch|p2b: Kilowattrel|Kilowattrel, L50, F|100\/100\n|-terastallize|p1a: Palafin|Water\n|move|p1b: Gothitelle|Protect|p1b: Gothitelle\n|-singleturn|p1b: Gothitelle|Protect\n|move|p1a: Palafin|Jet Punch|p2b: Kilowattrel\n|-enditem|p2b: Kilowattrel|Focus Sash\n|-damage|p2b: Kilowattrel|1\/100\n|\n|-start|p1b: Gothitelle|perish0\n|faint|p1b: Gothitelle\n|upkeep\n|\n|t:|1682155683\n|switch|p1b: Scream Tail|Scream Tail, L50|17\/100\n|turn|7\n|\n|t:|1682155707\n|move|p2b: Kilowattrel|Quick Attack|p1a: Palafin\n|-crit|p1a: Palafin\n|-damage|p1a: Palafin|24\/100\n|move|p1a: Palafin|Jet Punch|p2a: Garchomp\n|-damage|p2a: Garchomp|37\/100\n|-damage|p1a: Palafin|12\/100|[from] ability: Rough Skin|[of] p2a: Garchomp\n|move|p2a: Garchomp|Earthquake|p1b: Scream Tail|[spread] p1a,p1b\n|-immune|p2b: Kilowattrel\n|-crit|p1a: Palafin\n|-damage|p1a: Palafin|0 fnt\n|-damage|p1b: Scream Tail|0 fnt\n|faint|p1a: Palafin\n|faint|p1b: Scream Tail\n|-end|p1b: Scream Tail|Protosynthesis|[silent]\n|\n|win|Gorbism\n|raw|crusty_raisin's rating: 1108 → 1090<\/strong> (-18 for losing)\n|raw|Gorbism's rating: 1214 → 1232<\/strong> (+18 for winning)\n|l|\u2606crusty_raisin\n","uploadtime":1682155839,"views":6,"p1id":"crustyraisin","p2id":"gorbism","formatid":"gen9vgc2023regulationc","rating":1090,"private":0,"password":""}