{"id":"gen9vgc2023regulationc-1862499764","p1":"YaBoiCheddR","p2":"Ilpiuatteso","format":"[Gen 9] VGC 2023 Regulation C","log":"|j|\u2606YaBoiCheddR\n|j|\u2606Ilpiuatteso\n|t:|1683894704\n|gametype|doubles\n|player|p1|YaBoiCheddR|2|1078\n|player|p2|Ilpiuatteso|fisherman-gen4|1075\n|teamsize|p1|6\n|teamsize|p2|6\n|gen|9\n|tier|[Gen 9] VGC 2023 Regulation C\n|rated|\n|rule|Species Clause: Limit one of each Pok\u00e9mon\n|rule|Item Clause: Limit one of each item\n|clearpoke\n|poke|p1|Ceruledge, L50, F|\n|poke|p1|Indeedee-F, L50, F|\n|poke|p1|Amoonguss, L50, F|\n|poke|p1|Garganacl, L50, M|\n|poke|p1|Gardevoir, L50, M|\n|poke|p1|Flutter Mane, L50|\n|poke|p2|Stantler, L50, M|\n|poke|p2|Wigglytuff, L50, F|\n|poke|p2|Hariyama, L50, F|\n|poke|p2|Chien-Pao, L50|\n|poke|p2|Torkoal, L50, M|\n|poke|p2|Dragonite, L50, M|\n|teampreview|4\n|inactive|Battle timer is ON: inactive players will automatically lose when time's up. (requested by Ilpiuatteso)\n|inactive|YaBoiCheddR has 60 seconds left.\n|\n|t:|1683894750\n|start\n|switch|p1a: Indeedee|Indeedee-F, L50, F|100\/100\n|switch|p1b: Gardevoir|Gardevoir, L50, M|100\/100\n|switch|p2a: Stantler|Stantler, L50, M|100\/100\n|switch|p2b: Wigglytuff|Wigglytuff, L50, F|100\/100\n|-fieldstart|move: Psychic Terrain|[from] ability: Psychic Surge|[of] p1a: Indeedee\n|-ability|p2a: Stantler|Intimidate|boost\n|-unboost|p1a: Indeedee|atk|1\n|-unboost|p1b: Gardevoir|atk|1\n|turn|1\n|inactive|YaBoiCheddR has 30 seconds left.\n|inactive|Ilpiuatteso has 30 seconds left.\n|\n|t:|1683894785\n|move|p2b: Wigglytuff|Protect|p2b: Wigglytuff\n|-singleturn|p2b: Wigglytuff|Protect\n|move|p1a: Indeedee|Reflect|p1a: Indeedee\n|-sidestart|p1: YaBoiCheddR|Reflect\n|move|p1b: Gardevoir|Psyshock|p2b: Wigglytuff\n|-activate|p2b: Wigglytuff|move: Protect\n|move|p2a: Stantler|Trick Room|p2a: Stantler\n|-fieldstart|move: Trick Room|[of] p2a: Stantler\n|\n|upkeep\n|turn|2\n|inactive|YaBoiCheddR has 30 seconds left.\n|inactive|Ilpiuatteso has 30 seconds left.\n|\n|t:|1683894814\n|-terastallize|p2b: Wigglytuff|Fairy\n|move|p2a: Stantler|Helping Hand|p2b: Wigglytuff\n|-singleturn|p2b: Wigglytuff|Helping Hand|[of] p2a: Stantler\n|move|p1a: Indeedee|Follow Me|p1a: Indeedee\n|-singleturn|p1a: Indeedee|move: Follow Me\n|move|p2b: Wigglytuff|Dazzling Gleam|p1b: Gardevoir|[spread] p1a,p1b\n|-damage|p1a: Indeedee|45\/100\n|-damage|p1b: Gardevoir|21\/100\n|-enditem|p1a: Indeedee|Red Card|[of] p2b: Wigglytuff\n|drag|p2b: Torkoal|Torkoal, L50, M|100\/100\n|-weather|SunnyDay|[from] ability: Drought|[of] p2b: Torkoal\n|move|p1b: Gardevoir|Psyshock|p2b: Torkoal\n|-damage|p2b: Torkoal|36\/100\n|\n|-weather|SunnyDay|[upkeep]\n|upkeep\n|turn|3\n|inactive|YaBoiCheddR has 30 seconds left.\n|inactive|Ilpiuatteso has 30 seconds left.\n|inactive|YaBoiCheddR has 20 seconds left.\n|inactive|YaBoiCheddR has 15 seconds left.\n|\n|t:|1683894857\n|switch|p1b: Flutter Mane|Flutter Mane, L50|100\/100\n|-activate|p1b: Flutter Mane|ability: Protosynthesis\n|-start|p1b: Flutter Mane|protosynthesisspe\n|move|p2a: Stantler|Helping Hand|p2b: Torkoal\n|-singleturn|p2b: Torkoal|Helping Hand|[of] p2a: Stantler\n|move|p1a: Indeedee|Protect|p1a: Indeedee\n|-singleturn|p1a: Indeedee|Protect\n|move|p2b: Torkoal|Heat Wave|p1b: Flutter Mane|[spread] p1b\n|-activate|p1a: Indeedee|move: Protect\n|-damage|p1b: Flutter Mane|22\/100\n|\n|-weather|SunnyDay|[upkeep]\n|upkeep\n|turn|4\n|inactive|YaBoiCheddR has 30 seconds left.\n|inactive|Ilpiuatteso has 30 seconds left.\n|\n|t:|1683894891\n|move|p2a: Stantler|Helping Hand|p2b: Torkoal\n|-singleturn|p2b: Torkoal|Helping Hand|[of] p2a: Stantler\n|move|p1b: Flutter Mane|Protect|p1b: Flutter Mane\n|-singleturn|p1b: Flutter Mane|Protect\n|move|p2b: Torkoal|Heat Wave|p1b: Flutter Mane|[spread] p1a\n|-activate|p1b: Flutter Mane|move: Protect\n|-damage|p1a: Indeedee|0 fnt\n|faint|p1a: Indeedee\n|\n|-weather|SunnyDay|[upkeep]\n|upkeep\n|\n|t:|1683894907\n|switch|p1a: Gardevoir|Gardevoir, L50, M|21\/100\n|turn|5\n|\n|t:|1683894930\n|move|p2a: Stantler|Helping Hand|p2b: Torkoal\n|-singleturn|p2b: Torkoal|Helping Hand|[of] p2a: Stantler\n|move|p2b: Torkoal|Heat Wave|p1b: Flutter Mane|[spread] p1a,p1b\n|-damage|p1a: Gardevoir|0 fnt\n|-damage|p1b: Flutter Mane|0 fnt\n|faint|p1a: Gardevoir\n|faint|p1b: Flutter Mane\n|-end|p1b: Flutter Mane|Protosynthesis|[silent]\n|\n|-weather|SunnyDay|[upkeep]\n|-sideend|p1: YaBoiCheddR|Reflect\n|-fieldend|move: Trick Room\n|-fieldend|move: Psychic Terrain\n|upkeep\n|\n|t:|1683894953\n|switch|p1b: Garganacl|Garganacl, L50, M|100\/100\n|turn|6\n|\n|t:|1683894968\n|move|p2b: Torkoal|Protect|p2b: Torkoal\n|-singleturn|p2b: Torkoal|Protect\n|move|p1b: Garganacl|Salt Cure|p2a: Stantler\n|-damage|p2a: Stantler|89\/100\n|-start|p2a: Stantler|Salt Cure\n|move|p2a: Stantler|Trick Room|p2a: Stantler\n|-fieldstart|move: Trick Room|[of] p2a: Stantler\n|\n|-weather|none\n|-damage|p2a: Stantler|77\/100|[from] Salt Cure\n|upkeep\n|turn|7\n|inactive|Ilpiuatteso has 30 seconds left.\n|\n|t:|1683895003\n|move|p2b: Torkoal|Solar Beam||[still]\n|-prepare|p2b: Torkoal|Solar Beam\n|move|p1b: Garganacl|Body Press|p2b: Torkoal\n|-damage|p2b: Torkoal|15\/100\n|move|p2a: Stantler|Skill Swap|p2b: Torkoal\n|-activate|p2a: Stantler|move: Skill Swap|||[of] p2b: Torkoal\n|-weather|SunnyDay|[from] ability: Drought|[of] p2a: Stantler\n|-ability|p2b: Torkoal|Intimidate|boost\n|-unboost|p1b: Garganacl|atk|1\n|\n|-weather|SunnyDay|[upkeep]\n|-damage|p2a: Stantler|64\/100|[from] Salt Cure\n|upkeep\n|turn|8\n|n|\u2606YaBoiCheddR|yaboicheddr\n|\n|t:|1683895022\n|move|p2a: Stantler|Helping Hand|p2b: Torkoal\n|-singleturn|p2b: Torkoal|Helping Hand|[of] p2a: Stantler\n|move|p1b: Garganacl|Protect|p1b: Garganacl\n|-singleturn|p1b: Garganacl|Protect\n|move|p2b: Torkoal|Solar Beam|p1b: Garganacl|[from]lockedmove\n|-activate|p1b: Garganacl|move: Protect\n|\n|-weather|SunnyDay|[upkeep]\n|-damage|p2a: Stantler|52\/100|[from] Salt Cure\n|upkeep\n|turn|9\n|\n|t:|1683895048\n|move|p2a: Stantler|Helping Hand|p2b: Torkoal\n|-singleturn|p2b: Torkoal|Helping Hand|[of] p2a: Stantler\n|move|p2b: Torkoal|Solar Beam||[still]\n|-prepare|p2b: Torkoal|Solar Beam\n|-anim|p2b: Torkoal|Solar Beam|p1b: Garganacl\n|-supereffective|p1b: Garganacl\n|-damage|p1b: Garganacl|3\/100\n|move|p1b: Garganacl|Body Press|p2b: Torkoal\n|-damage|p2b: Torkoal|0 fnt\n|faint|p2b: Torkoal\n|\n|-weather|SunnyDay|[upkeep]\n|-heal|p1b: Garganacl|9\/100|[from] item: Leftovers\n|-damage|p2a: Stantler|40\/100|[from] Salt Cure\n|upkeep\n|\n|t:|1683895065\n|switch|p2b: Wigglytuff|Wigglytuff, L50, F, tera:Fairy|100\/100\n|turn|10\n|\n|t:|1683895080\n|move|p2b: Wigglytuff|Dazzling Gleam|p1b: Garganacl\n|-damage|p1b: Garganacl|0 fnt\n|faint|p1b: Garganacl\n|-damage|p2b: Wigglytuff|91\/100|[from] item: Life Orb\n|\n|win|Ilpiuatteso\n|raw|YaBoiCheddR's rating: 1078 → 1056<\/strong> (-22 for losing)\n|raw|Ilpiuatteso's rating: 1075 → 1104<\/strong> (+29 for winning)\n","uploadtime":1683895087,"views":15,"p1id":"yaboicheddr","p2id":"ilpiuatteso","formatid":"gen9vgc2023regulationc","rating":1056,"private":0,"password":""}