{"id":"gen9vgc2023regulationc-1859969255","p1":"PikaTROD","p2":"beckybug","format":"[Gen 9] VGC 2023 Regulation C","log":"|j|\u2606PikaTROD\n|j|\u2606beckybug\n|t:|1683580440\n|gametype|doubles\n|player|p1|PikaTROD|102|\n|player|p2|beckybug|rosa|\n|teamsize|p1|6\n|teamsize|p2|6\n|gen|9\n|tier|[Gen 9] VGC 2023 Regulation C\n|rule|Species Clause: Limit one of each Pok\u00e9mon\n|rule|Item Clause: Limit one of each item\n|clearpoke\n|poke|p1|Torkoal, L50, M|\n|poke|p1|Lilligant, L50, F|\n|poke|p1|Chien-Pao, L50|\n|poke|p1|Dragonite, L50, F|\n|poke|p1|Flutter Mane, L50|\n|poke|p1|Kingambit, L50, F|\n|poke|p2|Iron Bundle, L50|\n|poke|p2|Chi-Yu, L50|\n|poke|p2|Lycanroc, L50, F|\n|poke|p2|Tyranitar, L50, F|\n|poke|p2|Indeedee-F, L50, F|\n|poke|p2|Armarouge, L50, M|\n|teampreview|4\nPikaTROD has agreed to open team sheets.\nbeckybug has agreed to open team sheets.\n|\n|t:|1683580476\n|start\n|switch|p1a: Chien-Pao|Chien-Pao, L50|100\/100\n|switch|p1b: Dragonite|Dragonite, L50, F|100\/100\n|switch|p2a: Lycanroc|Lycanroc, L50, F|100\/100\n|switch|p2b: Tyranitar|Tyranitar, L50, F|100\/100\n|-ability|p1a: Chien-Pao|Sword of Ruin\n|-weather|Sandstorm|[from] ability: Sand Stream|[of] p2b: Tyranitar\n|turn|1\n|\n|t:|1683580510\n|switch|p1a: Torkoal|Torkoal, L50, M|100\/100\n|-weather|SunnyDay|[from] ability: Drought|[of] p1a: Torkoal\n|switch|p2b: Indeedee|Indeedee-F, L50, F|100\/100\n|-fieldstart|move: Psychic Terrain|[from] ability: Psychic Surge|[of] p2b: Indeedee\n|-enditem|p2b: Indeedee|Psychic Seed\n|-boost|p2b: Indeedee|spd|1|[from] item: Psychic Seed\n|-terastallize|p1b: Dragonite|Normal\n|move|p2a: Lycanroc|Close Combat|p1a: Torkoal\n|-damage|p1a: Torkoal|73\/100\n|-unboost|p2a: Lycanroc|def|1\n|-unboost|p2a: Lycanroc|spd|1\n|move|p1b: Dragonite|Rock Slide|p2b: Indeedee|[spread] p2b\n|-miss|p1b: Dragonite|p2a: Lycanroc\n|-damage|p2b: Indeedee|81\/100\n|\n|-weather|SunnyDay|[upkeep]\n|upkeep\n|turn|2\n|\n|t:|1683580550\n|switch|p1a: Lilligant|Lilligant, L50, F|100\/100\n|move|p2b: Indeedee|Helping Hand|p2a: Lycanroc\n|-singleturn|p2a: Lycanroc|Helping Hand|[of] p2b: Indeedee\n|move|p2a: Lycanroc|Rock Slide|p1b: Dragonite|[spread] p1a,p1b\n|-damage|p1a: Lilligant|48\/100\n|-damage|p1b: Dragonite|81\/100\n|move|p1b: Dragonite|Rock Slide|p2b: Indeedee|[spread] p2a,p2b\n|-damage|p2a: Lycanroc|45\/100\n|-damage|p2b: Indeedee|61\/100\n|\n|-weather|SunnyDay|[upkeep]\n|upkeep\n|turn|3\n|\n|t:|1683580611\n|switch|p2b: Tyranitar|Tyranitar, L50, F|100\/100\n|-weather|Sandstorm|[from] ability: Sand Stream|[of] p2b: Tyranitar\n|move|p1a: Lilligant|Protect|p1a: Lilligant\n|-singleturn|p1a: Lilligant|Protect\n|move|p2a: Lycanroc|Rock Slide|p1b: Dragonite|[spread] p1b\n|-activate|p1a: Lilligant|move: Protect\n|-damage|p1b: Dragonite|54\/100\n|cant|p1b: Dragonite|flinch\n|\n|-weather|Sandstorm|[upkeep]\n|-damage|p1a: Lilligant|42\/100|[from] Sandstorm\n|-damage|p1b: Dragonite|48\/100|[from] Sandstorm\n|upkeep\n|turn|4\n|\n|t:|1683580637\n|switch|p1b: Torkoal|Torkoal, L50, M|73\/100\n|-weather|SunnyDay|[from] ability: Drought|[of] p1b: Torkoal\n|-terastallize|p2b: Tyranitar|Flying\n|move|p1a: Lilligant|Sleep Powder|p2b: Tyranitar\n|-status|p2b: Tyranitar|slp|[from] move: Sleep Powder\n|move|p2a: Lycanroc|Rock Slide|p1b: Torkoal|[spread] p1b\n|-miss|p2a: Lycanroc|p1a: Lilligant\n|-supereffective|p1b: Torkoal\n|-damage|p1b: Torkoal|32\/100\n|cant|p2b: Tyranitar|slp\n|\n|-weather|SunnyDay|[upkeep]\n|upkeep\n|turn|5\n|\n|t:|1683580659\n|switch|p1b: Chien-Pao|Chien-Pao, L50|100\/100\n|-ability|p1b: Chien-Pao|Sword of Ruin\n|move|p2a: Lycanroc|Endure|p2a: Lycanroc\n|-singleturn|p2a: Lycanroc|move: Endure\n|move|p1a: Lilligant|Leaf Storm|p2a: Lycanroc\n|-supereffective|p2a: Lycanroc\n|-activate|p2a: Lycanroc|move: Endure\n|-damage|p2a: Lycanroc|1\/100\n|-unboost|p1a: Lilligant|spa|2\n|-curestatus|p2b: Tyranitar|slp|[msg]\n|move|p2b: Tyranitar|Rock Slide|p1b: Chien-Pao|[spread] p1b\n|-miss|p2b: Tyranitar|p1a: Lilligant\n|-supereffective|p1b: Chien-Pao\n|-damage|p1b: Chien-Pao|22\/100\n|\n|-weather|SunnyDay|[upkeep]\n|-fieldend|move: Psychic Terrain\n|upkeep\n|turn|6\n|\n|t:|1683580689\n|switch|p2a: Indeedee|Indeedee-F, L50, F|61\/100\n|-fieldstart|move: Psychic Terrain|[from] ability: Psychic Surge|[of] p2a: Indeedee\n|switch|p2b: Iron Bundle|Iron Bundle, L50|100\/100\n|-enditem|p2b: Iron Bundle|Booster Energy\n|-activate|p2b: Iron Bundle|ability: Quark Drive|[fromitem]\n|-start|p2b: Iron Bundle|quarkdrivespe\n|move|p1a: Lilligant|Leaf Storm|p2a: Indeedee\n|-damage|p2a: Indeedee|38\/100\n|-unboost|p1a: Lilligant|spa|2\n|move|p1b: Chien-Pao|Ice Spinner|p2b: Iron Bundle\n|-resisted|p2b: Iron Bundle\n|-damage|p2b: Iron Bundle|86\/100\n|-fieldend|move: Psychic Terrain\n|\n|-weather|SunnyDay|[upkeep]\n|upkeep\n|turn|7\n|c|\u2606PikaTROD|damn, that flinch I low kicked the ttar XD\n|\n|t:|1683580724\n|move|p2a: Indeedee|Follow Me|p2a: Indeedee\n|-singleturn|p2a: Indeedee|move: Follow Me\n|move|p1a: Lilligant|Sleep Powder|p2a: Indeedee\n|-status|p2a: Indeedee|slp|[from] move: Sleep Powder\n|move|p2b: Iron Bundle|Icy Wind|p1a: Lilligant|[spread] p1a,p1b\n|-supereffective|p1a: Lilligant\n|-resisted|p1b: Chien-Pao\n|-damage|p1a: Lilligant|0 fnt\n|-damage|p1b: Chien-Pao|8\/100\n|-unboost|p1b: Chien-Pao|spe|1\n|faint|p1a: Lilligant\n|move|p1b: Chien-Pao|Ice Spinner|p2a: Indeedee\n|-damage|p2a: Indeedee|0 fnt\n|faint|p2a: Indeedee\n|\n|-weather|SunnyDay|[upkeep]\n|upkeep\n|\n|t:|1683580746\n|switch|p1a: Dragonite|Dragonite, L50, F, tera:Normal|48\/100\n|switch|p2a: Tyranitar|Tyranitar, L50, F, tera:Flying|100\/100\n|-weather|Sandstorm|[from] ability: Sand Stream|[of] p2a: Tyranitar\n|turn|8\n|\n|t:|1683580765\n|switch|p1b: Torkoal|Torkoal, L50, M|32\/100\n|-weather|SunnyDay|[from] ability: Drought|[of] p1b: Torkoal\n|move|p1a: Dragonite|Extreme Speed|p2b: Iron Bundle\n|-damage|p2b: Iron Bundle|37\/100\n|move|p2b: Iron Bundle|Icy Wind|p1a: Dragonite|[spread] p1a,p1b\n|-resisted|p1b: Torkoal\n|-damage|p1a: Dragonite|32\/100\n|-damage|p1b: Torkoal|20\/100\n|-unboost|p1a: Dragonite|spe|1\n|-unboost|p1b: Torkoal|spe|1\n|move|p2a: Tyranitar|Low Kick|p1a: Dragonite\n|-supereffective|p1a: Dragonite\n|-damage|p1a: Dragonite|0 fnt\n|faint|p1a: Dragonite\n|\n|-weather|SunnyDay|[upkeep]\n|upkeep\n|\n|t:|1683580770\n|switch|p1a: Chien-Pao|Chien-Pao, L50|8\/100\n|-ability|p1a: Chien-Pao|Sword of Ruin\n|turn|9\n|\n|t:|1683580796\n|move|p2b: Iron Bundle|Icy Wind|p1b: Torkoal|[spread] p1b\n|-miss|p2b: Iron Bundle|p1a: Chien-Pao\n|-resisted|p1b: Torkoal\n|-damage|p1b: Torkoal|8\/100\n|-unboost|p1b: Torkoal|spe|1\n|move|p1a: Chien-Pao|Ice Spinner|p2a: Tyranitar\n|-supereffective|p2a: Tyranitar\n|-damage|p2a: Tyranitar|10\/100\n|move|p2a: Tyranitar|Rock Slide|p1a: Chien-Pao|[spread] p1b\n|-miss|p2a: Tyranitar|p1a: Chien-Pao\n|-supereffective|p1b: Torkoal\n|-damage|p1b: Torkoal|0 fnt\n|faint|p1b: Torkoal\n|\n|-weather|SunnyDay|[upkeep]\n|upkeep\n|turn|10\n|\n|t:|1683580812\n|move|p1a: Chien-Pao|Sucker Punch|p2b: Iron Bundle\n|-damage|p2b: Iron Bundle|0 fnt\n|faint|p2b: Iron Bundle\n|-end|p2b: Iron Bundle|Quark Drive|[silent]\n|move|p2a: Tyranitar|Tera Blast|p1a: Chien-Pao\n|-damage|p1a: Chien-Pao|0 fnt\n|faint|p1a: Chien-Pao\n|\n|win|beckybug\n|c|\u2606PikaTROD|gg\n|c|\u2606beckybug|good games\n","uploadtime":1683580827,"views":11,"p1id":"pikatrod","p2id":"beckybug","formatid":"gen9vgc2023regulationc","rating":0,"private":0,"password":""}