{"id":"gen9vgc2023regulationc-1847694186","p1":"LaJamieRey","p2":"UltimoRyu","format":"[Gen 9] VGC 2023 Regulation C","log":"|j|\u2606LaJamieRey\n|j|\u2606UltimoRyu\n|t:|1681993251\n|gametype|doubles\n|player|p1|LaJamieRey|caitlin|1238\n|player|p2|UltimoRyu|petrel|1182\n|teamsize|p1|6\n|teamsize|p2|6\n|gen|9\n|tier|[Gen 9] VGC 2023 Regulation C\n|rated|\n|rule|Species Clause: Limit one of each Pok\u00e9mon\n|rule|Item Clause: Limit one of each item\n|clearpoke\n|poke|p1|Mimikyu, L50, F|\n|poke|p1|Gastrodon, L50, F|\n|poke|p1|Barraskewda, L50, F|\n|poke|p1|Kilowattrel, L50, M|\n|poke|p1|Gholdengo, L50|\n|poke|p1|Baxcalibur, L50, F|\n|poke|p2|Iron Treads, L50|\n|poke|p2|Kilowattrel, L50, F|\n|poke|p2|Bellibolt, L50, M|\n|poke|p2|Corviknight, L50, M|\n|poke|p2|Toedscruel, L50, M|\n|poke|p2|Arcanine, L50, M|\n|teampreview|4\n|\n|t:|1681993306\n|start\n|switch|p1a: Kilowattrel|Kilowattrel, L50, M|100\/100\n|switch|p1b: Gholdengo|Gholdengo, L50|100\/100\n|switch|p2a: Toedscruel|Toedscruel, L50, M|100\/100\n|switch|p2b: Kilowattrel|Kilowattrel, L50, F|100\/100\n|turn|1\n|inactive|Battle timer is ON: inactive players will automatically lose when time's up. (requested by LaJamieRey)\n|\n|t:|1681993337\n|-terastallize|p1b: Gholdengo|Fairy\n|move|p1a: Kilowattrel|Air Slash|p2a: Toedscruel\n|-supereffective|p2a: Toedscruel\n|-damage|p2a: Toedscruel|40\/100\n|move|p2b: Kilowattrel|Discharge|p1a: Kilowattrel|[spread] p1a,p1b\n|-immune|p2a: Toedscruel\n|-damage|p1a: Kilowattrel|36\/100\n|-damage|p1b: Gholdengo|72\/100\n|-damage|p2b: Kilowattrel|91\/100|[from] item: Life Orb\n|move|p1b: Gholdengo|Power Gem|p2b: Kilowattrel\n|-supereffective|p2b: Kilowattrel\n|-damage|p2b: Kilowattrel|0 fnt\n|faint|p2b: Kilowattrel\n|move|p2a: Toedscruel|Spore|p1b: Gholdengo\n|-status|p1b: Gholdengo|slp|[from] move: Spore\n|\n|upkeep\n|\n|t:|1681993356\n|switch|p2b: Corviknight|Corviknight, L50, M|100\/100\n|turn|2\n|\n|t:|1681993372\n|move|p2a: Toedscruel|Protect|p2a: Toedscruel\n|-singleturn|p2a: Toedscruel|Protect\n|move|p1a: Kilowattrel|Thunderbolt|p2b: Corviknight\n|-supereffective|p2b: Corviknight\n|-damage|p2b: Corviknight|10\/100\n|move|p2b: Corviknight|Iron Head|p1a: Kilowattrel\n|-resisted|p1a: Kilowattrel\n|-damage|p1a: Kilowattrel|0 fnt\n|faint|p1a: Kilowattrel\n|cant|p1b: Gholdengo|slp\n|\n|upkeep\n|\n|t:|1681993385\n|switch|p1a: Baxcalibur|Baxcalibur, L50, F|100\/100\n|turn|3\n|\n|t:|1681993403\n|move|p1a: Baxcalibur|Ice Shard|p2a: Toedscruel\n|-supereffective|p2a: Toedscruel\n|-damage|p2a: Toedscruel|0 fnt\n|faint|p2a: Toedscruel\n|-damage|p1a: Baxcalibur|90\/100|[from] item: Life Orb\n|move|p2b: Corviknight|Iron Head|p1b: Gholdengo\n|-supereffective|p1b: Gholdengo\n|-damage|p1b: Gholdengo|0 fnt\n|faint|p1b: Gholdengo\n|\n|upkeep\n|\n|t:|1681993414\n|switch|p2a: Iron Treads|Iron Treads, L50|100\/100\n|switch|p1b: Gastrodon|Gastrodon, L50, F|100\/100\n|-enditem|p2a: Iron Treads|Booster Energy\n|-activate|p2a: Iron Treads|ability: Quark Drive|[fromitem]\n|-start|p2a: Iron Treads|quarkdriveatk\n|turn|4\n|inactive|UltimoRyu has 30 seconds left.\n|\n|t:|1681993440\n|-terastallize|p2a: Iron Treads|Ground\n|move|p1a: Baxcalibur|Protect|p1a: Baxcalibur\n|-singleturn|p1a: Baxcalibur|Protect\n|move|p2a: Iron Treads|Earthquake|p1b: Gastrodon|[spread] p1b\n|-activate|p1a: Baxcalibur|move: Protect\n|-immune|p2b: Corviknight\n|-damage|p1b: Gastrodon|43\/100\n|move|p2b: Corviknight|Iron Head|p1a: Baxcalibur\n|-activate|p1a: Baxcalibur|move: Protect\n|move|p1b: Gastrodon|Muddy Water|p2b: Corviknight|[spread] p2b\n|-miss|p1b: Gastrodon|p2a: Iron Treads\n|-damage|p2b: Corviknight|0 fnt\n|faint|p2b: Corviknight\n|\n|upkeep\n|turn|5\n|\n|t:|1681993461\n|move|p1a: Baxcalibur|Ice Shard|p2a: Iron Treads\n|-supereffective|p2a: Iron Treads\n|-damage|p2a: Iron Treads|58\/100\n|-damage|p1a: Baxcalibur|80\/100|[from] item: Life Orb\n|move|p2a: Iron Treads|Earthquake|p1b: Gastrodon|[spread] p1a,p1b\n|-damage|p1a: Baxcalibur|13\/100\n|-damage|p1b: Gastrodon|0 fnt\n|faint|p1b: Gastrodon\n|\n|upkeep\n|turn|6\n|\n|t:|1681993474\n|move|p1a: Baxcalibur|Ice Shard|p2a: Iron Treads\n|-supereffective|p2a: Iron Treads\n|-damage|p2a: Iron Treads|15\/100\n|-damage|p1a: Baxcalibur|3\/100|[from] item: Life Orb\n|move|p2a: Iron Treads|Earthquake|p1a: Baxcalibur\n|-damage|p1a: Baxcalibur|0 fnt\n|faint|p1a: Baxcalibur\n|\n|win|UltimoRyu\n|raw|LaJamieRey's rating: 1238 → 1209<\/strong> (-29 for losing)\n|raw|UltimoRyu's rating: 1182 → 1211<\/strong> (+29 for winning)\n|c|\u2606UltimoRyu|Gg\n|c|\u2606LaJamieRey|Lucky boy\n","uploadtime":1681993614,"views":10,"p1id":"lajamierey","p2id":"ultimoryu","formatid":"gen9vgc2023regulationc","rating":1209,"private":0,"password":""}