{"id":"gen9vgc2023regulationc-1856244954","p1":"omegaruby35","p2":"Eldegoss32","format":"[Gen 9] VGC 2023 Regulation C","log":"|j|\u2606omegaruby35\n|j|\u2606Eldegoss32\n|t:|1683044149\n|gametype|doubles\n|player|p1|omegaruby35|roxie|\n|player|p2|Eldegoss32|acetrainerf|\n|teamsize|p1|6\n|teamsize|p2|6\n|gen|9\n|tier|[Gen 9] VGC 2023 Regulation C\n|rated|Tournament battle\n|rule|Species Clause: Limit one of each Pok\u00e9mon\n|rule|Item Clause: Limit one of each item\n|clearpoke\n|poke|p1|Ting-Lu, L50|\n|poke|p1|Gothitelle, L50, M|\n|poke|p1|Flutter Mane, L50|\n|poke|p1|Tyranitar, L50, M|\n|poke|p1|Gastrodon, L50, M|\n|poke|p1|Corviknight, L50, F|\n|poke|p2|Murkrow, L50, F|\n|poke|p2|Flutter Mane, L50|\n|poke|p2|Chi-Yu, L50|\n|poke|p2|Gholdengo, L50|\n|poke|p2|Great Tusk, L50|\n|poke|p2|Rotom-Wash, L50|\n|teampreview|4\n|raw| Open Team Sheet for omegaruby35<\/summary>Hakai (Ting-Lu) @ Assault Vest Ability: Vessel of Ruin Level: 50 Tera Type: Ground - Earthquake - Stomping Tantrum - Heavy Slam - Ruination Get over here (Gothitelle) @ Leftovers Ability: Shadow Tag Level: 50 Shiny: Yes Tera Type: Dark - Fake Out - Protect - Psychic - Trick Room Calyrex but fairy (Flutter Mane) @ Booster Energy Ability: Protosynthesis Level: 50 Tera Type: Fairy - Moonblast - Perish Song - Shadow Ball - Protect Ol Reliable (Tyranitar) @ Clear Amulet Ability: Sand Stream Level: 50 Shiny: Yes Tera Type: Flying - Rock Slide - Tera Blast - Low Kick - Protect Gastrodon @ Sitrus Berry Ability: Storm Drain Level: 50 Tera Type: Fire - Recover - Earth Power - Protect - Icy Wind Bird Up (Corviknight) @ Safety Goggles Ability: Mirror Armor Level: 50 Shiny: Yes Tera Type: Dragon - Brave Bird - Bulk Up - Roost - Body Press <\/details><\/div> Open Team Sheet for Eldegoss32<\/summary>Murkrow @ Covert Cloak Ability: Prankster Level: 50 Tera Type: Flying - Brave Bird - Tailwind - Haze - Assurance Flutter Mane @ Booster Energy Ability: Protosynthesis Level: 50 Tera Type: Fairy - Moonblast - Dazzling Gleam - Shadow Ball - Protect Chi-Yu @ Life Orb Ability: Beads of Ruin Level: 50 Tera Type: Grass - Overheat - Dark Pulse - Heat Wave - Protect Gholdengo @ Choice Specs Ability: Good as Gold Level: 50 Tera Type: Steel - Make It Rain - Shadow Ball - Focus Blast - Thunderbolt Great Tusk @ Assault Vest Ability: Protosynthesis Level: 50 Hidden Power: Fighting Tera Type: Ground - Earthquake - Headlong Rush - Close Combat - Rock Slide Rotom (Rotom-Wash) @ Safety Goggles Ability: Levitate Level: 50 Tera Type: Electric - Discharge - Hydro Pump - Thunderbolt - Will-O-Wisp <\/details><\/div>\n|j| Radio Free C-Side\n|j| UtkMal\n|j| minionbanana57\n|j| 4gotPw\n|l| 4gotPw\n|\n|t:|1683044194\n|start\n|switch|p1a: Ol Reliable|Tyranitar, L50, M, shiny|100\/100\n|switch|p1b: Calyrex but fairy|Flutter Mane, L50|100\/100\n|switch|p2a: Murkrow|Murkrow, L50, F|100\/100\n|switch|p2b: Flutter Mane|Flutter Mane, L50|100\/100\n|-weather|Sandstorm|[from] ability: Sand Stream|[of] p1a: Ol Reliable\n|-enditem|p1b: Calyrex but fairy|Booster Energy\n|-activate|p1b: Calyrex but fairy|ability: Protosynthesis|[fromitem]\n|-start|p1b: Calyrex but fairy|protosynthesisspe\n|-enditem|p2b: Flutter Mane|Booster Energy\n|-activate|p2b: Flutter Mane|ability: Protosynthesis|[fromitem]\n|-start|p2b: Flutter Mane|protosynthesisspa\n|turn|1\n|j| FunneeMonkee\n|\n|t:|1683044234\n|move|p1b: Calyrex but fairy|Protect|p1b: Calyrex but fairy\n|-singleturn|p1b: Calyrex but fairy|Protect\n|move|p2a: Murkrow|Tailwind|p2a: Murkrow\n|-sidestart|p2: Eldegoss32|move: Tailwind\n|move|p2b: Flutter Mane|Moonblast|p1b: Calyrex but fairy\n|-activate|p1b: Calyrex but fairy|move: Protect\n|move|p1a: Ol Reliable|Rock Slide|p2a: Murkrow|[spread] p2a\n|-miss|p1a: Ol Reliable|p2b: Flutter Mane\n|-supereffective|p2a: Murkrow\n|-damage|p2a: Murkrow|0 fnt\n|faint|p2a: Murkrow\n|\n|-weather|Sandstorm|[upkeep]\n|-damage|p2b: Flutter Mane|95\/100|[from] Sandstorm\n|-damage|p1b: Calyrex but fairy|94\/100|[from] Sandstorm\n|upkeep\n|\n|t:|1683044248\n|switch|p2a: Great Tusk|Great Tusk, L50|100\/100\n|turn|2\n|\n|t:|1683044281\n|-terastallize|p1b: Calyrex but fairy|Fairy\n|-terastallize|p2a: Great Tusk|Ground\n|move|p1a: Ol Reliable|Protect|p1a: Ol Reliable\n|-singleturn|p1a: Ol Reliable|Protect\n|move|p2b: Flutter Mane|Moonblast|p1a: Ol Reliable\n|-activate|p1a: Ol Reliable|move: Protect\n|move|p1b: Calyrex but fairy|Moonblast|p2a: Great Tusk\n|-damage|p2a: Great Tusk|51\/100\n|move|p2a: Great Tusk|Earthquake|p1b: Calyrex but fairy|[spread] p2b,p1b\n|-activate|p1a: Ol Reliable|move: Protect\n|-damage|p2b: Flutter Mane|0 fnt\n|-damage|p1b: Calyrex but fairy|9\/100\n|faint|p2b: Flutter Mane\n|-end|p2b: Flutter Mane|Protosynthesis|[silent]\n|\n|-weather|Sandstorm|[upkeep]\n|-damage|p1b: Calyrex but fairy|3\/100|[from] Sandstorm\n|upkeep\n|\n|t:|1683044296\n|switch|p2b: Rotom|Rotom-Wash, L50|100\/100\n|turn|3\n|\n|t:|1683044312\n|-end|p1b: Calyrex but fairy|Protosynthesis|[silent]\n|switch|p1b: Hakai|Ting-Lu, L50|100\/100\n|-ability|p1b: Hakai|Vessel of Ruin\n|move|p2a: Great Tusk|Rock Slide|p1a: Ol Reliable|[spread] p1a,p1b\n|-resisted|p1b: Hakai\n|-damage|p1a: Ol Reliable|84\/100\n|-damage|p1b: Hakai|95\/100\n|move|p2b: Rotom|Hydro Pump|p1a: Ol Reliable\n|-supereffective|p1a: Ol Reliable\n|-damage|p1a: Ol Reliable|36\/100\n|move|p1a: Ol Reliable|Rock Slide|p2b: Rotom|[spread] p2a,p2b\n|-resisted|p2a: Great Tusk\n|-damage|p2a: Great Tusk|39\/100\n|-damage|p2b: Rotom|65\/100\n|\n|-weather|Sandstorm|[upkeep]\n|upkeep\n|turn|4\n|l| FunneeMonkee\n|\n|t:|1683044333\n|move|p2a: Great Tusk|Close Combat|p1b: Hakai\n|-supereffective|p1b: Hakai\n|-damage|p1b: Hakai|25\/100\n|-unboost|p2a: Great Tusk|def|1\n|-unboost|p2a: Great Tusk|spd|1\n|move|p2b: Rotom|Hydro Pump|p1a: Ol Reliable\n|-supereffective|p1a: Ol Reliable\n|-damage|p1a: Ol Reliable|0 fnt\n|faint|p1a: Ol Reliable\n|move|p1b: Hakai|Stomping Tantrum|p2a: Great Tusk\n|-damage|p2a: Great Tusk|5\/100\n|\n|-weather|Sandstorm|[upkeep]\n|-sideend|p2: Eldegoss32|move: Tailwind\n|upkeep\n|\n|t:|1683044345\n|switch|p1a: Get over here|Gothitelle, L50, M, shiny|100\/100\n|turn|5\n|\n|t:|1683044366\n|move|p1a: Get over here|Fake Out|p2a: Great Tusk\n|-damage|p2a: Great Tusk|0 fnt\n|faint|p2a: Great Tusk\n|-end|p2a: Great Tusk|Protosynthesis|[silent]\n|move|p2b: Rotom|Hydro Pump|p1a: Get over here\n|-damage|p1a: Get over here|67\/100\n|move|p1b: Hakai|Ruination|p2b: Rotom\n|-damage|p2b: Rotom|33\/100\n|\n|-weather|none\n|-heal|p1a: Get over here|73\/100|[from] item: Leftovers\n|upkeep\n|turn|6\n|j| Tapferkeitsameise\n|-message|Eldegoss32 forfeited.\n|\n|win|omegaruby35\n|n|\u2606omegaruby35|omegaruby35\n|n|\u2606Eldegoss32|eldegoss32\n|n| Radio Free C-Side|radiofreecside\n|n| UtkMal|utkmal\n|n| minionbanana57|minionbanana57\n|n| Tapferkeitsameise|tapferkeitsameise\n","uploadtime":1683044379,"views":9,"p1id":"omegaruby35","p2id":"eldegoss32","formatid":"gen9vgc2023regulationc","rating":0,"private":0,"password":""}