{"id":"gen9vgc2023regulationc-1844817151","p1":"Blastoise Farted","p2":"kiritera","format":"[Gen 9] VGC 2023 Regulation C","log":"|j|\u2606Blastoise Farted\n|j|\u2606kiritera\n|t:|1681652092\n|gametype|doubles\n|player|p1|Blastoise Farted|pokefan-gen4|1043\n|player|p2|kiritera|2|1049\n|teamsize|p1|6\n|teamsize|p2|6\n|gen|9\n|tier|[Gen 9] VGC 2023 Regulation C\n|rated|\n|rule|Species Clause: Limit one of each Pok\u00e9mon\n|rule|Item Clause: Limit one of each item\n|clearpoke\n|poke|p1|Arboliva, L50, F|\n|poke|p1|Mudsdale, L50, F|\n|poke|p1|Dragapult, L50, F|\n|poke|p1|Espathra, L50, F|\n|poke|p1|Dondozo, L50, F|\n|poke|p1|Arcanine, L50, F|\n|poke|p2|Palafin, L50, F|\n|poke|p2|Roaring Moon, L50|\n|poke|p2|Garganacl, L50, M|\n|poke|p2|Armarouge, L50, M|\n|poke|p2|Espathra, L50, M|\n|poke|p2|Cyclizar, L50, F|\n|teampreview|4\n|\n|t:|1681652145\n|start\n|switch|p1a: Arboliva|Arboliva, L50, F, shiny|100\/100\n|switch|p1b: Espathra|Espathra, L50, F, shiny|100\/100\n|switch|p2a: Garganacl|Garganacl, L50, M|100\/100\n|switch|p2b: Palafin|Palafin, L50, F|100\/100\n|turn|1\n|inactive|Battle timer is ON: inactive players will automatically lose when time's up. (requested by Blastoise Farted)\n|\n|t:|1681652163\n|move|p2b: Palafin|Flip Turn|p1b: Espathra\n|-damage|p1b: Espathra|64\/100\n|-damage|p2b: Palafin|91\/100|[from] item: Life Orb\n|\n|t:|1681652167\n|detailschange|p2b: Palafin|Palafin-Hero, L50, F\n|switch|p2b: Roaring Moon|Roaring Moon, L50|100\/100|[from] Flip Turn\n|-enditem|p2b: Roaring Moon|Booster Energy\n|-activate|p2b: Roaring Moon|ability: Protosynthesis|[fromitem]\n|-start|p2b: Roaring Moon|protosynthesisatk\n|move|p1b: Espathra|Lumina Crash|p2a: Garganacl\n|-damage|p2a: Garganacl|73\/100\n|-unboost|p2a: Garganacl|spd|2\n|move|p1a: Arboliva|Leech Seed|p2b: Roaring Moon\n|-start|p2b: Roaring Moon|move: Leech Seed\n|move|p2a: Garganacl|Salt Cure|p1b: Espathra\n|-damage|p1b: Espathra|44\/100\n|-start|p1b: Espathra|Salt Cure\n|\n|-heal|p2a: Garganacl|79\/100|[from] item: Leftovers\n|-damage|p2b: Roaring Moon|88\/100|[from] Leech Seed|[of] p1a: Arboliva\n|-damage|p1b: Espathra|31\/100|[from] Salt Cure\n|-ability|p1b: Espathra|Speed Boost|boost\n|-boost|p1b: Espathra|spe|1\n|upkeep\n|turn|2\n|inactive|Blastoise Farted has 30 seconds left.\n|inactive|Blastoise Farted has 20 seconds left.\n|inactive|Blastoise Farted has 15 seconds left.\n|\n|t:|1681652208\n|switch|p2a: Armarouge|Armarouge, L50, M|100\/100\n|-terastallize|p2b: Roaring Moon|Flying\n|move|p1b: Espathra|Lumina Crash|p2a: Armarouge\n|-resisted|p2a: Armarouge\n|-damage|p2a: Armarouge|85\/100\n|-unboost|p2a: Armarouge|spd|2\n|move|p2b: Roaring Moon|Acrobatics|p1a: Arboliva\n|-supereffective|p1a: Arboliva\n|-damage|p1a: Arboliva|0 fnt\n|faint|p1a: Arboliva\n|\n|-damage|p1b: Espathra|19\/100|[from] Salt Cure\n|-ability|p1b: Espathra|Speed Boost|boost\n|-boost|p1b: Espathra|spe|1\n|upkeep\n|\n|t:|1681652229\n|switch|p1a: Mudsdale|Mudsdale, L50, F|100\/100\n|turn|3\n|\n|t:|1681652253\n|move|p1b: Espathra|Lumina Crash|p2a: Armarouge\n|-resisted|p2a: Armarouge\n|-damage|p2a: Armarouge|56\/100\n|-unboost|p2a: Armarouge|spd|2\n|move|p2b: Roaring Moon|Acrobatics|p1a: Mudsdale\n|-damage|p1a: Mudsdale|29\/100\n|-ability|p1a: Mudsdale|Stamina|boost\n|-boost|p1a: Mudsdale|def|1\n|move|p2a: Armarouge|Psychic|p1b: Espathra\n|-resisted|p1b: Espathra\n|-damage|p1b: Espathra|0 fnt\n|faint|p1b: Espathra\n|move|p1a: Mudsdale|Body Press|p2a: Armarouge\n|-resisted|p2a: Armarouge\n|-damage|p2a: Armarouge|43\/100\n|-ability|p2a: Armarouge|Weak Armor|boost\n|-unboost|p2a: Armarouge|def|1\n|-boost|p2a: Armarouge|spe|2\n|\n|-heal|p1a: Mudsdale|35\/100|[from] item: Leftovers\n|-damage|p2b: Roaring Moon|76\/100|[from] Leech Seed|[of] p1a: Mudsdale\n|-heal|p1a: Mudsdale|46\/100|[silent]\n|upkeep\n|\n|t:|1681652276\n|switch|p1b: Dragapult|Dragapult, L50, F|100\/100\n|turn|4\n|\n|t:|1681652287\n|move|p2a: Armarouge|Psychic|p1a: Mudsdale\n|-damage|p1a: Mudsdale|8\/100\n|-ability|p1a: Mudsdale|Stamina|boost\n|-boost|p1a: Mudsdale|def|1\n|move|p2b: Roaring Moon|Jaw Lock|p1b: Dragapult\n|-supereffective|p1b: Dragapult\n|-damage|p1b: Dragapult|0 fnt\n|faint|p1b: Dragapult\n|move|p1a: Mudsdale|Rest|p1a: Mudsdale\n|-status|p1a: Mudsdale|slp|[from] move: Rest\n|-heal|p1a: Mudsdale|100\/100 slp|[silent]\n|\n|-damage|p2b: Roaring Moon|64\/100|[from] Leech Seed|[of] p1a: Mudsdale\n|upkeep\n|turn|5\n|\n|t:|1681652307\n|switch|p2a: Palafin|Palafin-Hero, L50, F|91\/100\n|-activate|p2a: Palafin|ability: Zero to Hero\n|move|p2b: Roaring Moon|Acrobatics|p1a: Mudsdale\n|-damage|p1a: Mudsdale|68\/100 slp\n|-ability|p1a: Mudsdale|Stamina|boost\n|-boost|p1a: Mudsdale|def|1\n|cant|p1a: Mudsdale|slp\n|move|p1a: Mudsdale|Sleep Talk|p1a: Mudsdale\n|move|p1a: Mudsdale|Body Press|p2a: Palafin|[from]move: Sleep Talk\n|-damage|p2a: Palafin|38\/100\n|\n|-heal|p1a: Mudsdale|74\/100 slp|[from] item: Leftovers\n|-damage|p2b: Roaring Moon|52\/100|[from] Leech Seed|[of] p1a: Mudsdale\n|-heal|p1a: Mudsdale|85\/100 slp|[silent]\n|upkeep\n|turn|6\n|inactive|kiritera has 30 seconds left.\n|\n|t:|1681652335\n|-end|p2b: Roaring Moon|Protosynthesis|[silent]\n|switch|p2b: Garganacl|Garganacl, L50, M|79\/100\n|-terastallize|p1a: Mudsdale|Water\n|move|p2a: Palafin|Jet Punch|p1a: Mudsdale\n|-resisted|p1a: Mudsdale\n|-damage|p1a: Mudsdale|76\/100 slp\n|-ability|p1a: Mudsdale|Stamina|boost\n|-boost|p1a: Mudsdale|def|1\n|-damage|p2a: Palafin|28\/100|[from] item: Life Orb\n|cant|p1a: Mudsdale|slp\n|move|p1a: Mudsdale|Sleep Talk|p1a: Mudsdale\n|move|p1a: Mudsdale|Body Press|p2b: Garganacl|[from]move: Sleep Talk\n|-supereffective|p2b: Garganacl\n|-damage|p2b: Garganacl|0 fnt\n|faint|p2b: Garganacl\n|\n|-heal|p1a: Mudsdale|82\/100 slp|[from] item: Leftovers\n|upkeep\n|\n|t:|1681652338\n|switch|p2b: Roaring Moon|Roaring Moon, L50, tera:Flying|52\/100\n|turn|7\n|\n|t:|1681652360\n|move|p2b: Roaring Moon|Acrobatics|p1a: Mudsdale\n|-damage|p1a: Mudsdale|66\/100 slp\n|-ability|p1a: Mudsdale|Stamina|boost\n|-boost|p1a: Mudsdale|def|1\n|move|p2a: Palafin|Drain Punch|p1a: Mudsdale\n|-damage|p1a: Mudsdale|55\/100 slp\n|-heal|p2a: Palafin|34\/100|[from] drain|[of] p1a: Mudsdale\n|-ability|p1a: Mudsdale|Stamina|boost\n|-boost|p1a: Mudsdale|def|1\n|-damage|p2a: Palafin|24\/100|[from] item: Life Orb\n|-curestatus|p1a: Mudsdale|slp|[msg]\n|move|p1a: Mudsdale|Body Press|p2b: Roaring Moon\n|-resisted|p2b: Roaring Moon\n|-damage|p2b: Roaring Moon|5\/100\n|\n|-heal|p1a: Mudsdale|61\/100|[from] item: Leftovers\n|upkeep\n|turn|8\n|inactive|Blastoise Farted has 30 seconds left.\n|\n|t:|1681652391\n|move|p2b: Roaring Moon|Acrobatics|p1a: Mudsdale\n|-damage|p1a: Mudsdale|48\/100\n|move|p2a: Palafin|Drain Punch|p1a: Mudsdale\n|-damage|p1a: Mudsdale|39\/100\n|-heal|p2a: Palafin|30\/100|[from] drain|[of] p1a: Mudsdale\n|-damage|p2a: Palafin|20\/100|[from] item: Life Orb\n|move|p1a: Mudsdale|Body Press|p2b: Roaring Moon\n|-resisted|p2b: Roaring Moon\n|-damage|p2b: Roaring Moon|0 fnt\n|faint|p2b: Roaring Moon\n|-end|p2b: Roaring Moon|Protosynthesis|[silent]\n|\n|-heal|p1a: Mudsdale|45\/100|[from] item: Leftovers\n|upkeep\n|\n|t:|1681652396\n|switch|p2b: Armarouge|Armarouge, L50, M|43\/100\n|turn|9\n|\n|t:|1681652408\n|move|p2a: Palafin|Ice Punch|p1a: Mudsdale\n|-resisted|p1a: Mudsdale\n|-damage|p1a: Mudsdale|41\/100\n|-damage|p2a: Palafin|10\/100|[from] item: Life Orb\n|move|p2b: Armarouge|Tera Blast|p1a: Mudsdale\n|-damage|p1a: Mudsdale|21\/100\n|move|p1a: Mudsdale|Rest|p1a: Mudsdale\n|-status|p1a: Mudsdale|slp|[from] move: Rest\n|-heal|p1a: Mudsdale|100\/100 slp|[silent]\n|\n|upkeep\n|turn|10\n|inactive|kiritera has 30 seconds left.\n|inactive|kiritera has 20 seconds left.\n|inactive|kiritera has 15 seconds left.\n|inactive|kiritera has 10 seconds left.\n|inactive|kiritera has 5 seconds left.\n|\n|t:|1681652463\n|move|p2a: Palafin|Flip Turn|p1a: Mudsdale\n|-resisted|p1a: Mudsdale\n|-damage|p1a: Mudsdale|95\/100 slp\n|-damage|p2a: Palafin|0 fnt|[from] item: Life Orb\n|faint|p2a: Palafin\n|move|p2b: Armarouge|Armor Cannon|p1a: Mudsdale\n|-resisted|p1a: Mudsdale\n|-damage|p1a: Mudsdale|73\/100 slp\n|-unboost|p2b: Armarouge|def|1\n|-unboost|p2b: Armarouge|spd|1\n|cant|p1a: Mudsdale|slp\n|move|p1a: Mudsdale|Sleep Talk|p1a: Mudsdale\n|move|p1a: Mudsdale|Body Press|p2b: Armarouge|[from]move: Sleep Talk\n|-resisted|p2b: Armarouge\n|-damage|p2b: Armarouge|0 fnt\n|faint|p2b: Armarouge\n|\n|win|Blastoise Farted\n|raw|Blastoise Farted's rating: 1043 → 1077<\/strong> (+34 for winning)\n|raw|kiritera's rating: 1049 → 1031<\/strong> (-18 for losing)\n","uploadtime":1681652486,"views":10,"p1id":"blastoisefarted","p2id":"kiritera","formatid":"gen9vgc2023regulationc","rating":1031,"private":0,"password":""}