{"id":"gen9vgc2023regulationc-1850927237","p1":"Pokex265","p2":"anuunuu","format":"[Gen 9] VGC 2023 Regulation C","log":"|j|\u2606Pokex265\n|j|\u2606anuunuu\n|t:|1682383226\n|gametype|doubles\n|player|p1|Pokex265|riley|1143\n|player|p2|anuunuu|1|1216\n|teamsize|p1|6\n|teamsize|p2|6\n|gen|9\n|tier|[Gen 9] VGC 2023 Regulation C\n|rated|\n|rule|Species Clause: Limit one of each Pok\u00e9mon\n|rule|Item Clause: Limit one of each item\n|clearpoke\n|poke|p1|Farigiraf, L50, F|\n|poke|p1|Garganacl, L50, M|\n|poke|p1|Hatterene, L50, F|\n|poke|p1|Annihilape, L50, M|\n|poke|p1|Espathra, L50, F|\n|poke|p1|Eelektross, L50, M|\n|poke|p2|Iron Hands, L50|\n|poke|p2|Scream Tail, L50|\n|poke|p2|Farigiraf, L50, F|\n|poke|p2|Chien-Pao, L50|\n|poke|p2|Ceruledge, L50, F|\n|poke|p2|Vaporeon, L50, M|\n|teampreview|4\n|inactive|Battle timer is ON: inactive players will automatically lose when time's up. (requested by Pokex265)\nPokex265 has agreed to open team sheets.\n|\n|t:|1682383310\n|start\n|switch|p1a: Garganacl|Garganacl, L50, M|100\/100\n|switch|p1b: Espathra|Espathra, L50, F|100\/100\n|switch|p2a: Scream Tail|Scream Tail, L50|100\/100\n|switch|p2b: Ceruledge|Ceruledge, L50, F|100\/100\n|-enditem|p2a: Scream Tail|Booster Energy\n|-activate|p2a: Scream Tail|ability: Protosynthesis|[fromitem]\n|-start|p2a: Scream Tail|protosynthesisspe\n|turn|1\n|\n|t:|1682383324\n|move|p1b: Espathra|Protect|p1b: Espathra\n|-singleturn|p1b: Espathra|Protect\n|move|p2a: Scream Tail|Howl|p2a: Scream Tail|[spread] p2a,p2b\n|-boost|p2a: Scream Tail|atk|1\n|-boost|p2b: Ceruledge|atk|1\n|move|p2b: Ceruledge|Bulk Up|p2b: Ceruledge\n|-boost|p2b: Ceruledge|atk|1\n|-boost|p2b: Ceruledge|def|1\n|move|p1a: Garganacl|Salt Cure|p2b: Ceruledge\n|-supereffective|p2b: Ceruledge\n|-damage|p2b: Ceruledge|79\/100\n|-start|p2b: Ceruledge|Salt Cure\n|\n|-damage|p2b: Ceruledge|67\/100|[from] Salt Cure\n|-ability|p1b: Espathra|Speed Boost|boost\n|-boost|p1b: Espathra|spe|1\n|upkeep\n|turn|2\n|inactive|anuunuu has 30 seconds left.\n|\n|t:|1682383359\n|switch|p1b: Eelektross|Eelektross, L50, M|100\/100\n|move|p2a: Scream Tail|Encore||[still]\n|-fail|p2a: Scream Tail\n|move|p2b: Ceruledge|Bitter Blade|p1a: Garganacl\n|-resisted|p1a: Garganacl\n|-damage|p1a: Garganacl|72\/100\n|-heal|p2b: Ceruledge|84\/100|[from] drain|[of] p1a: Garganacl\n|move|p1a: Garganacl|Salt Cure|p2a: Scream Tail\n|-damage|p2a: Scream Tail|89\/100\n|-start|p2a: Scream Tail|Salt Cure\n|\n|-heal|p1a: Garganacl|78\/100|[from] item: Leftovers\n|-damage|p2a: Scream Tail|77\/100|[from] Salt Cure\n|-damage|p2b: Ceruledge|71\/100|[from] Salt Cure\n|upkeep\n|turn|3\n|\n|t:|1682383380\n|move|p2b: Ceruledge|Protect|p2b: Ceruledge\n|-singleturn|p2b: Ceruledge|Protect\n|move|p1a: Garganacl|Protect|p1a: Garganacl\n|-singleturn|p1a: Garganacl|Protect\n|move|p2a: Scream Tail|Howl|p2a: Scream Tail|[spread] p2a,p2b\n|-boost|p2a: Scream Tail|atk|1\n|-boost|p2b: Ceruledge|atk|1\n|move|p1b: Eelektross|Coil|p1b: Eelektross\n|-boost|p1b: Eelektross|atk|1\n|-boost|p1b: Eelektross|def|1\n|-boost|p1b: Eelektross|accuracy|1\n|\n|-heal|p1a: Garganacl|84\/100|[from] item: Leftovers\n|-damage|p2a: Scream Tail|65\/100|[from] Salt Cure\n|-damage|p2b: Ceruledge|59\/100|[from] Salt Cure\n|upkeep\n|turn|4\n|\n|t:|1682383398\n|move|p1b: Eelektross|Protect|p1b: Eelektross\n|-singleturn|p1b: Eelektross|Protect\n|move|p2a: Scream Tail|Encore|p1b: Eelektross\n|-activate|p1b: Eelektross|move: Protect\n|move|p2b: Ceruledge|Bitter Blade|p1b: Eelektross\n|-activate|p1b: Eelektross|move: Protect\n|move|p1a: Garganacl|Salt Cure|p2b: Ceruledge\n|-supereffective|p2b: Ceruledge\n|-damage|p2b: Ceruledge|38\/100\n|\n|-heal|p1a: Garganacl|89\/100|[from] item: Leftovers\n|-damage|p2a: Scream Tail|53\/100|[from] Salt Cure\n|-damage|p2b: Ceruledge|26\/100|[from] Salt Cure\n|upkeep\n|turn|5\n|\n|t:|1682383420\n|move|p2a: Scream Tail|Encore|p1b: Eelektross\n|-start|p1b: Eelektross|Encore\n|move|p2b: Ceruledge|Bitter Blade|p1b: Eelektross\n|-damage|p1b: Eelektross|10\/100\n|-heal|p2b: Ceruledge|73\/100|[from] drain|[of] p1b: Eelektross\n|move|p1a: Garganacl|Salt Cure|p2b: Ceruledge\n|-supereffective|p2b: Ceruledge\n|-damage|p2b: Ceruledge|52\/100\n|move|p1b: Eelektross|Protect||[still]\n|-fail|p1b: Eelektross\n|\n|-heal|p1a: Garganacl|95\/100|[from] item: Leftovers\n|-damage|p2a: Scream Tail|41\/100|[from] Salt Cure\n|-damage|p2b: Ceruledge|40\/100|[from] Salt Cure\n|upkeep\n|turn|6\n|\n|t:|1682383440\n|move|p1b: Eelektross|Protect|p1b: Eelektross\n|-singleturn|p1b: Eelektross|Protect\n|move|p2a: Scream Tail|Howl|p2a: Scream Tail|[spread] p2a,p2b\n|-boost|p2a: Scream Tail|atk|1\n|-boost|p2b: Ceruledge|atk|1\n|move|p2b: Ceruledge|Bitter Blade|p1b: Eelektross\n|-activate|p1b: Eelektross|move: Protect\n|move|p1a: Garganacl|Salt Cure|p2b: Ceruledge\n|-supereffective|p2b: Ceruledge\n|-damage|p2b: Ceruledge|17\/100\n|\n|-heal|p1a: Garganacl|100\/100|[from] item: Leftovers\n|-damage|p2a: Scream Tail|29\/100|[from] Salt Cure\n|-damage|p2b: Ceruledge|4\/100|[from] Salt Cure\n|upkeep\n|turn|7\n|\n|t:|1682383464\n|move|p1a: Garganacl|Protect|p1a: Garganacl\n|-singleturn|p1a: Garganacl|Protect\n|move|p1b: Eelektross|Protect|p1b: Eelektross\n|-singleturn|p1b: Eelektross|Protect\n|move|p2a: Scream Tail|Play Rough|p1b: Eelektross\n|-activate|p1b: Eelektross|move: Protect\n|move|p2b: Ceruledge|Bitter Blade|p1a: Garganacl\n|-activate|p1a: Garganacl|move: Protect\n|\n|-damage|p2a: Scream Tail|17\/100|[from] Salt Cure\n|-damage|p2b: Ceruledge|0 fnt|[from] Salt Cure\n|faint|p2b: Ceruledge\n|-end|p1b: Eelektross|Encore\n|upkeep\n|\n|t:|1682383482\n|switch|p2b: Farigiraf|Farigiraf, L50, F|100\/100\n|turn|8\n|\n|t:|1682383492\n|move|p2a: Scream Tail|Encore|p1b: Eelektross\n|-start|p1b: Eelektross|Encore\n|move|p2b: Farigiraf|Hyper Voice|p1b: Eelektross|[spread] p1a,p1b\n|-resisted|p1a: Garganacl\n|-damage|p1a: Garganacl|87\/100\n|-damage|p1b: Eelektross|0 fnt\n|faint|p1b: Eelektross\n|-enditem|p2b: Farigiraf|Throat Spray\n|-boost|p2b: Farigiraf|spa|1|[from] item: Throat Spray\n|move|p1a: Garganacl|Salt Cure|p2b: Farigiraf\n|-damage|p2b: Farigiraf|88\/100\n|-start|p2b: Farigiraf|Salt Cure\n|\n|-heal|p1a: Garganacl|93\/100|[from] item: Leftovers\n|-damage|p2a: Scream Tail|5\/100|[from] Salt Cure\n|-damage|p2b: Farigiraf|75\/100|[from] Salt Cure\n|upkeep\n|\n|t:|1682383504\n|switch|p1b: Espathra|Espathra, L50, F|100\/100\n|turn|9\n|\n|t:|1682383520\n|-end|p2a: Scream Tail|Protosynthesis|[silent]\n|switch|p2a: Chien-Pao|Chien-Pao, L50|100\/100\n|-ability|p2a: Chien-Pao|Sword of Ruin\n|move|p1b: Espathra|Protect|p1b: Espathra\n|-singleturn|p1b: Espathra|Protect\n|move|p1a: Garganacl|Wide Guard|p1a: Garganacl\n|-singleturn|p1a: Garganacl|Wide Guard\n|move|p2b: Farigiraf|Future Sight|p1b: Espathra\n|-start|p2b: Farigiraf|move: Future Sight\n|\n|-heal|p1a: Garganacl|99\/100|[from] item: Leftovers\n|-damage|p2b: Farigiraf|63\/100|[from] Salt Cure\n|-ability|p1b: Espathra|Speed Boost|boost\n|-boost|p1b: Espathra|spe|1\n|upkeep\n|turn|10\n|\n|t:|1682383543\n|-terastallize|p1b: Espathra|Fairy\n|move|p2a: Chien-Pao|Sucker Punch|p1b: Espathra\n|-resisted|p1b: Espathra\n|-damage|p1b: Espathra|62\/100\n|move|p1b: Espathra|Dazzling Gleam|p2b: Farigiraf|[spread] p2a,p2b\n|-supereffective|p2a: Chien-Pao\n|-damage|p2a: Chien-Pao|4\/100\n|-damage|p2b: Farigiraf|35\/100\n|move|p2b: Farigiraf|Future Sight|p1a: Garganacl\n|-start|p2b: Farigiraf|move: Future Sight\n|move|p1a: Garganacl|Salt Cure|p2a: Chien-Pao\n|-supereffective|p2a: Chien-Pao\n|-damage|p2a: Chien-Pao|0 fnt\n|faint|p2a: Chien-Pao\n|\n|-heal|p1a: Garganacl|100\/100|[from] item: Leftovers\n|-damage|p2b: Farigiraf|23\/100|[from] Salt Cure\n|-ability|p1b: Espathra|Speed Boost|boost\n|-boost|p1b: Espathra|spe|1\n|upkeep\n|\n|t:|1682383562\n|switch|p2a: Scream Tail|Scream Tail, L50|5\/100\n|turn|11\n|-message|anuunuu forfeited.\n|\n|win|Pokex265\n|raw|Pokex265's rating: 1143 → 1173<\/strong> (+30 for winning)\n|raw|anuunuu's rating: 1216 → 1186<\/strong> (-30 for losing)\n|l|\u2606anuunuu\n","uploadtime":1682383675,"views":10,"p1id":"pokex265","p2id":"anuunuu","formatid":"gen9vgc2023regulationc","rating":1173,"private":0,"password":""}