{"id":"gen9vgc2023regulationc-1856140211","p1":"Ladd Proper","p2":"BlindMagneton","format":"[Gen 9] VGC 2023 Regulation C","log":"|j|\u2606Ladd Proper\n|j|\u2606BlindMagneton\n|t:|1683034319\n|gametype|doubles\n|player|p1|Ladd Proper|richboy-gen4|1313\n|player|p2|BlindMagneton|169|1297\n|teamsize|p1|6\n|teamsize|p2|6\n|gen|9\n|tier|[Gen 9] VGC 2023 Regulation C\n|rated|\n|rule|Species Clause: Limit one of each Pok\u00e9mon\n|rule|Item Clause: Limit one of each item\n|clearpoke\n|poke|p1|Azumarill, L50, M|\n|poke|p1|Farigiraf, L50, F|\n|poke|p1|Pelipper, L50, F|\n|poke|p1|Maushold-Four, L50|\n|poke|p1|Annihilape, L50, F|\n|poke|p1|Iron Hands, L50|\n|poke|p2|Iron Bundle, L50|\n|poke|p2|Sandy Shocks, L50|\n|poke|p2|Pelipper, L50, F|\n|poke|p2|Scizor, L50, F|\n|poke|p2|Gastrodon, L50, M|\n|poke|p2|Veluza, L50, M|\n|teampreview|4\n|inactive|Battle timer is ON: inactive players will automatically lose when time's up. (requested by Ladd Proper)\n|inactive|BlindMagneton has 60 seconds left.\n|inactive|BlindMagneton has 30 seconds left.\n|inactive|BlindMagneton has 20 seconds left.\n|inactive|BlindMagneton has 15 seconds left.\n|\n|t:|1683034493\n|start\n|switch|p1a: Maushold|Maushold-Four, L50|100\/100\n|switch|p1b: Annihilape|Annihilape, L50, F|100\/100\n|switch|p2a: Iron Bundle|Iron Bundle, L50|100\/100\n|switch|p2b: Sandy Shocks|Sandy Shocks, L50|100\/100\n|-enditem|p2b: Sandy Shocks|Booster Energy\n|-activate|p2b: Sandy Shocks|ability: Protosynthesis|[fromitem]\n|-start|p2b: Sandy Shocks|protosynthesisspe\n|turn|1\n|\n|t:|1683034513\n|-terastallize|p2a: Iron Bundle|Water\n|move|p2b: Sandy Shocks|Gravity|p2b: Sandy Shocks\n|-fieldstart|move: Gravity\n|move|p2a: Iron Bundle|Hydro Pump|p1a: Maushold\n|-damage|p1a: Maushold|0 fnt\n|faint|p1a: Maushold\n|move|p1b: Annihilape|Drain Punch|p2a: Iron Bundle\n|-damage|p2a: Iron Bundle|54\/100\n|\n|upkeep\n|\n|t:|1683034525\n|switch|p1a: Farigiraf|Farigiraf, L50, F|100\/100\n|turn|2\n|inactive|Ladd Proper has 30 seconds left.\n|inactive|BlindMagneton has 30 seconds left.\n|\n|t:|1683034560\n|move|p1a: Farigiraf|Protect|p1a: Farigiraf\n|-singleturn|p1a: Farigiraf|Protect\n|move|p2b: Sandy Shocks|Thunder|p1a: Farigiraf\n|-activate|p1a: Farigiraf|move: Protect\n|move|p2a: Iron Bundle|Hydro Pump|p1a: Farigiraf\n|-activate|p1a: Farigiraf|move: Protect\n|move|p1b: Annihilape|Bulk Up|p1b: Annihilape\n|-boost|p1b: Annihilape|atk|1\n|-boost|p1b: Annihilape|def|1\n|\n|upkeep\n|turn|3\n|\n|t:|1683034581\n|switch|p1a: Iron Hands|Iron Hands, L50|100\/100\n|move|p2b: Sandy Shocks|Thunder|p1a: Iron Hands\n|-resisted|p1a: Iron Hands\n|-damage|p1a: Iron Hands|86\/100\n|move|p2a: Iron Bundle|Hydro Pump|p1a: Iron Hands\n|-damage|p1a: Iron Hands|24\/100\n|move|p1b: Annihilape|Drain Punch|p2a: Iron Bundle\n|-damage|p2a: Iron Bundle|0 fnt\n|faint|p2a: Iron Bundle\n|-end|p2a: Iron Bundle|Quark Drive|[silent]\n|\n|upkeep\n|\n|t:|1683034594\n|switch|p2a: Scizor|Scizor, L50, F|100\/100\n|turn|4\n|inactive|Ladd Proper has 30 seconds left.\n|\n|t:|1683034627\n|move|p2a: Scizor|Quick Guard|p2a: Scizor\n|-singleturn|p2a: Scizor|Quick Guard\n|move|p1a: Iron Hands|Fake Out|p2b: Sandy Shocks\n|-activate|p2b: Sandy Shocks|move: Quick Guard\n|move|p2b: Sandy Shocks|Thunder|p1b: Annihilape\n|-damage|p1b: Annihilape|54\/100\n|move|p1b: Annihilape|Bulk Up|p1b: Annihilape\n|-boost|p1b: Annihilape|atk|1\n|-boost|p1b: Annihilape|def|1\n|\n|-heal|p1b: Annihilape|60\/100|[from] item: Leftovers\n|upkeep\n|turn|5\n|inactive|BlindMagneton has 30 seconds left.\n|\n|t:|1683034657\n|move|p2b: Sandy Shocks|Thunder|p1b: Annihilape\n|-crit|p1b: Annihilape\n|-damage|p1b: Annihilape|0 fnt\n|faint|p1b: Annihilape\n|move|p2a: Scizor|U-turn|p1a: Iron Hands\n|-resisted|p1a: Iron Hands\n|-damage|p1a: Iron Hands|4\/100\n|-damage|p2a: Scizor|91\/100|[from] item: Life Orb\n|\n|t:|1683034664\n|switch|p2a: Veluza|Veluza, L50, M|100\/100|[from] U-turn\n|move|p1a: Iron Hands|Ice Punch|p2b: Sandy Shocks\n|-supereffective|p2b: Sandy Shocks\n|-crit|p2b: Sandy Shocks\n|-damage|p2b: Sandy Shocks|0 fnt\n|faint|p2b: Sandy Shocks\n|-end|p2b: Sandy Shocks|Protosynthesis|[silent]\n|\n|-fieldend|move: Gravity\n|upkeep\n|-message|Ladd Proper forfeited.\n|\n|win|BlindMagneton\n|raw|Ladd Proper's rating: 1313 → 1292<\/strong> (-21 for losing)\n|raw|BlindMagneton's rating: 1297 → 1323<\/strong> (+26 for winning)\n|l|\u2606Ladd Proper\n","uploadtime":1683034720,"views":7,"p1id":"laddproper","p2id":"blindmagneton","formatid":"gen9vgc2023regulationc","rating":1292,"private":0,"password":""}