{"id":"gen9vgc2023regulationc-1850755756","p1":"megaprawn","p2":"Pokechoo","format":"[Gen 9] VGC 2023 Regulation C","log":"|j|\u2606megaprawn\n|j|\u2606Pokechoo\n|t:|1682364955\n|gametype|doubles\n|player|p1|megaprawn|skierf-gen4dp|1346\n|player|p2|Pokechoo|170|1285\n|teamsize|p1|6\n|teamsize|p2|6\n|gen|9\n|tier|[Gen 9] VGC 2023 Regulation C\n|rated|\n|rule|Species Clause: Limit one of each Pok\u00e9mon\n|rule|Item Clause: Limit one of each item\n|clearpoke\n|poke|p1|Armarouge, L50, M|\n|poke|p1|Great Tusk, L50|\n|poke|p1|Talonflame, L50, F|\n|poke|p1|Indeedee-F, L50, F|\n|poke|p1|Gyarados, L50, F|\n|poke|p1|Flutter Mane, L50|\n|poke|p2|Cetitan, L50, F|\n|poke|p2|Talonflame, L50, M|\n|poke|p2|Ting-Lu, L50|\n|poke|p2|Kingambit, L50, M|\n|poke|p2|Gyarados, L50, F|\n|poke|p2|Flutter Mane, L50|\n|teampreview|4\n|\n|t:|1682365014\n|start\n|switch|p1a: Gyarados|Gyarados, L50, F, shiny|100\/100\n|switch|p1b: Great Tusk|Great Tusk, L50|100\/100\n|switch|p2a: Cetitan|Cetitan, L50, F|100\/100\n|switch|p2b: Talonflame|Talonflame, L50, M|100\/100\n|-ability|p1a: Gyarados|Intimidate|boost\n|-unboost|p2a: Cetitan|atk|1\n|-unboost|p2b: Talonflame|atk|1\n|turn|1\n|\n|t:|1682365044\n|switch|p2a: Gyarados|Gyarados, L50, F|100\/100\n|-ability|p2a: Gyarados|Intimidate|boost\n|-unboost|p1a: Gyarados|atk|1\n|-unboost|p1b: Great Tusk|atk|1\n|move|p1b: Great Tusk|Close Combat|p2a: Gyarados\n|-resisted|p2a: Gyarados\n|-damage|p2a: Gyarados|76\/100\n|-unboost|p1b: Great Tusk|def|1\n|-unboost|p1b: Great Tusk|spd|1\n|move|p2b: Talonflame|Will-O-Wisp|p1b: Great Tusk|[miss]\n|-miss|p2b: Talonflame|p1b: Great Tusk\n|move|p1a: Gyarados|Thunder Wave|p2b: Talonflame\n|-status|p2b: Talonflame|par\n|\n|upkeep\n|turn|2\n|\n|t:|1682365086\n|-end|p1b: Great Tusk|Protosynthesis|[silent]\n|switch|p1b: Armarouge|Armarouge, L50, M|100\/100\n|move|p2b: Talonflame|Tailwind|p2b: Talonflame\n|-sidestart|p2: Pokechoo|move: Tailwind\n|move|p2a: Gyarados|Dragon Dance|p2a: Gyarados\n|-boost|p2a: Gyarados|atk|1\n|-boost|p2a: Gyarados|spe|1\n|move|p1a: Gyarados|Taunt|p2b: Talonflame\n|-start|p2b: Talonflame|move: Taunt\n|\n|upkeep\n|turn|3\n|\n|t:|1682365102\n|switch|p1a: Indeedee|Indeedee-F, L50, F|100\/100\n|-fieldstart|move: Psychic Terrain|[from] ability: Psychic Surge|[of] p1a: Indeedee\n|move|p2a: Gyarados|Protect|p2a: Gyarados\n|-singleturn|p2a: Gyarados|Protect\n|move|p1b: Armarouge|Endure|p1b: Armarouge\n|-singleturn|p1b: Armarouge|move: Endure\n|cant|p2b: Talonflame|par\n|\n|upkeep\n|turn|4\n|\n|t:|1682365134\n|-terastallize|p1b: Armarouge|Psychic\n|move|p1a: Indeedee|Follow Me|p1a: Indeedee\n|-singleturn|p1a: Indeedee|move: Follow Me\n|move|p2b: Talonflame|Brave Bird|p1a: Indeedee\n|-activate|p1a: Indeedee|move: Psychic Terrain\n|move|p2a: Gyarados|Waterfall|p1a: Indeedee\n|-damage|p1a: Indeedee|34\/100\n|move|p1b: Armarouge|Expanding Force|p2a: Gyarados|[spread] p2a,p2b\n|-damage|p2a: Gyarados|0 fnt\n|-enditem|p2b: Talonflame|Focus Sash\n|-damage|p2b: Talonflame|1\/100 par\n|faint|p2a: Gyarados\n|\n|upkeep\n|\n|t:|1682365148\n|switch|p2a: Ting-Lu|Ting-Lu, L50|100\/100\n|-ability|p2a: Ting-Lu|Vessel of Ruin\n|turn|5\n|\n|t:|1682365165\n|switch|p1a: Gyarados|Gyarados, L50, F, shiny|100\/100\n|-ability|p1a: Gyarados|Intimidate|boost\n|-unboost|p2a: Ting-Lu|atk|1\n|-unboost|p2b: Talonflame|atk|1\n|-enditem|p1a: Gyarados|Psychic Seed\n|-boost|p1a: Gyarados|spd|1|[from] item: Psychic Seed\n|move|p2b: Talonflame|Flare Blitz|p1a: Gyarados\n|-resisted|p1a: Gyarados\n|-damage|p1a: Gyarados|87\/100\n|-damage|p2b: Talonflame|0 fnt|[from] Recoil\n|faint|p2b: Talonflame\n|move|p2a: Ting-Lu|Earthquake|p1a: Gyarados|[spread] p1b\n|-immune|p1a: Gyarados\n|-damage|p1b: Armarouge|75\/100\n|-ability|p1b: Armarouge|Weak Armor|boost\n|-unboost|p1b: Armarouge|def|1\n|-boost|p1b: Armarouge|spe|2\n|move|p1b: Armarouge|Heat Wave|p2a: Ting-Lu\n|-damage|p2a: Ting-Lu|83\/100\n|\n|-sideend|p2: Pokechoo|move: Tailwind\n|upkeep\n|\n|t:|1682365179\n|switch|p2b: Cetitan|Cetitan, L50, F|100\/100\n|turn|6\n|\n|t:|1682365204\n|-terastallize|p2b: Cetitan|Water\n|move|p1b: Armarouge|Heat Wave|p2b: Cetitan|[spread] p2a,p2b\n|-resisted|p2b: Cetitan\n|-damage|p2a: Ting-Lu|69\/100\n|-damage|p2b: Cetitan|85\/100\n|move|p1a: Gyarados|Waterfall|p2a: Ting-Lu\n|-supereffective|p2a: Ting-Lu\n|-damage|p2a: Ting-Lu|30\/100\n|move|p2b: Cetitan|Liquidation|p1b: Armarouge\n|-crit|p1b: Armarouge\n|-damage|p1b: Armarouge|0 fnt\n|faint|p1b: Armarouge\n|cant|p2a: Ting-Lu|flinch\n|\n|upkeep\n|\n|t:|1682365225\n|switch|p1b: Indeedee|Indeedee-F, L50, F|34\/100\n|turn|7\n|\n|t:|1682365239\n|move|p1a: Gyarados|Waterfall|p2a: Ting-Lu\n|-supereffective|p2a: Ting-Lu\n|-damage|p2a: Ting-Lu|0 fnt\n|faint|p2a: Ting-Lu\n|move|p1b: Indeedee|Dazzling Gleam|p2b: Cetitan\n|-damage|p2b: Cetitan|67\/100\n|move|p2b: Cetitan|Liquidation|p1b: Indeedee\n|-damage|p1b: Indeedee|0 fnt\n|faint|p1b: Indeedee\n|\n|-fieldend|move: Psychic Terrain\n|upkeep\n|\n|t:|1682365247\n|switch|p1b: Great Tusk|Great Tusk, L50|100\/100\n|turn|8\n|\n|t:|1682365263\n|move|p1b: Great Tusk|Close Combat|p2b: Cetitan\n|-damage|p2b: Cetitan|6\/100\n|-unboost|p1b: Great Tusk|def|1\n|-unboost|p1b: Great Tusk|spd|1\n|move|p1a: Gyarados|Thunder Wave|p2b: Cetitan\n|-status|p2b: Cetitan|par\n|move|p2b: Cetitan|Liquidation|p1b: Great Tusk\n|-supereffective|p1b: Great Tusk\n|-damage|p1b: Great Tusk|0 fnt\n|faint|p1b: Great Tusk\n|-end|p1b: Great Tusk|Protosynthesis|[silent]\n|\n|upkeep\n|turn|9\n|inactive|Battle timer is ON: inactive players will automatically lose when time's up. (requested by megaprawn)\n|\n|t:|1682365303\n|move|p1a: Gyarados|Waterfall|p2b: Cetitan\n|-resisted|p2b: Cetitan\n|-damage|p2b: Cetitan|0 fnt\n|faint|p2b: Cetitan\n|\n|win|megaprawn\n|raw|megaprawn's rating: 1346 → 1363<\/strong> (+17 for winning)\n|raw|Pokechoo's rating: 1285 → 1264<\/strong> (-21 for losing)\n|l|\u2606Pokechoo\n","uploadtime":1682365312,"views":21,"p1id":"megaprawn","p2id":"pokechoo","formatid":"gen9vgc2023regulationc","rating":1264,"private":0,"password":""}