{"id":"gen9vgc2023regulationc-1854470548","p1":"Darkress(CR)","p2":"chipp zanuff 7","format":"[Gen 9] VGC 2023 Regulation C","log":"|j|\u2606Darkress(CR)\n|j|\u2606chipp zanuff 7\n|t:|1682815081\n|gametype|doubles\n|player|p1|Darkress(CR)|266|\n|player|p2|chipp zanuff 7|266|\n|teamsize|p1|6\n|teamsize|p2|6\n|gen|9\n|tier|[Gen 9] VGC 2023 Regulation C\n|rule|Species Clause: Limit one of each Pok\u00e9mon\n|rule|Item Clause: Limit one of each item\n|clearpoke\n|poke|p1|Ting-Lu, L50|\n|poke|p1|Scizor, L50, M|\n|poke|p1|Garganacl, L50, M|\n|poke|p1|Tauros-Paldea-Blaze, L50, M|\n|poke|p1|Appletun, L50, F|\n|poke|p1|Gyarados, L50, M|\n|poke|p2|Garganacl, L50, M|\n|poke|p2|Gyarados, L50, M|\n|poke|p2|Amoonguss, L50, M|\n|poke|p2|Ting-Lu, L50|\n|poke|p2|Flutter Mane, L50|\n|poke|p2|Orthworm, L50, M|\n|teampreview|4\n|c|\u2606Darkress(CR)|g3\nDarkress(CR) has agreed to open team sheets.\n|c|\u2606chipp zanuff 7|g3\nchipp zanuff 7 rejected open team sheets.\n|\n|t:|1682815693\n|start\n|switch|p1a: Tauros|Tauros-Paldea-Blaze, L50, M|100\/100\n|switch|p1b: Garganacl|Garganacl, L50, M, shiny|100\/100\n|switch|p2a: Luck|Garganacl, L50, M, shiny|100\/100\n|switch|p2b: Magna|Gyarados, L50, M, shiny|100\/100\n|-ability|p1a: Tauros|Intimidate|boost\n|-unboost|p2a: Luck|atk|1\n|-unboost|p2b: Magna|atk|1\n|-ability|p2b: Magna|Intimidate|boost\n|-unboost|p1a: Tauros|atk|1\n|-unboost|p1b: Garganacl|atk|1\n|turn|1\n|\n|t:|1682815708\n|switch|p1a: Appletun|Appletun, L50, F|100\/100\n|move|p2b: Magna|Thunder Wave|p1a: Appletun\n|-status|p1a: Appletun|par\n|move|p2a: Luck|Stealth Rock|p1b: Garganacl\n|-sidestart|p1: Darkress(CR)|move: Stealth Rock\n|move|p1b: Garganacl|Salt Cure|p2b: Magna\n|-supereffective|p2b: Magna\n|-damage|p2b: Magna|85\/100\n|-start|p2b: Magna|Salt Cure\n|\n|-damage|p2b: Magna|60\/100|[from] Salt Cure\n|upkeep\n|turn|2\n|\n|t:|1682815731\n|switch|p2b: Yuno|Orthworm, L50, M|100\/100\n|move|p1b: Garganacl|Salt Cure|p2a: Luck\n|-damage|p2a: Luck|95\/100\n|-start|p2a: Luck|Salt Cure\n|move|p2a: Luck|Salt Cure|p1a: Appletun\n|-damage|p1a: Appletun|92\/100 par\n|-start|p1a: Appletun|Salt Cure\n|cant|p1a: Appletun|par\n|\n|-heal|p2a: Luck|100\/100|[from] item: Leftovers\n|-damage|p2a: Luck|88\/100|[from] Salt Cure\n|-damage|p1a: Appletun|79\/100 par|[from] Salt Cure\n|upkeep\n|turn|3\n|\n|t:|1682815745\n|switch|p2a: Asta|Ting-Lu, L50|100\/100\n|-ability|p2a: Asta|Vessel of Ruin\n|move|p2b: Yuno|Iron Defense|p2b: Yuno\n|-boost|p2b: Yuno|def|2\n|move|p1b: Garganacl|Salt Cure|p2b: Yuno\n|-resisted|p2b: Yuno\n|-damage|p2b: Yuno|99\/100\n|-start|p2b: Yuno|Salt Cure\n|move|p1a: Appletun|Leech Seed|p2b: Yuno\n|-start|p2b: Yuno|move: Leech Seed\n|\n|-damage|p2b: Yuno|86\/100|[from] Leech Seed|[of] p1a: Appletun\n|-heal|p1a: Appletun|90\/100 par|[silent]\n|-damage|p2b: Yuno|61\/100|[from] Salt Cure\n|-damage|p1a: Appletun|78\/100 par|[from] Salt Cure\n|upkeep\n|turn|4\n|\n|t:|1682815772\n|-terastallize|p1b: Garganacl|Ghost\n|move|p1b: Garganacl|Wide Guard|p1b: Garganacl\n|-singleturn|p1b: Garganacl|Wide Guard\n|move|p2b: Yuno|Body Press|p1b: Garganacl\n|-immune|p1b: Garganacl\n|move|p2a: Asta|Earthquake|p1a: Appletun|[spread] \n|-activate|p1a: Appletun|move: Wide Guard\n|-activate|p1b: Garganacl|move: Wide Guard\n|-heal|p2b: Yuno|86\/100|[from] ability: Earth Eater|[of] p2a: Asta\n|move|p1a: Appletun|Apple Acid|p2a: Asta\n|-supereffective|p2a: Asta\n|-damage|p2a: Asta|75\/100\n|-unboost|p2a: Asta|spd|1\n|\n|-damage|p2b: Yuno|74\/100|[from] Leech Seed|[of] p1a: Appletun\n|-heal|p1a: Appletun|88\/100 par|[silent]\n|-damage|p2b: Yuno|49\/100|[from] Salt Cure\n|-damage|p1a: Appletun|76\/100 par|[from] Salt Cure\n|upkeep\n|turn|5\n|\n|t:|1682815803\n|switch|p1b: Tauros|Tauros-Paldea-Blaze, L50, M|100\/100\n|-damage|p1b: Tauros|89\/100|[from] Stealth Rock\n|-ability|p1b: Tauros|Intimidate|boost\n|-unboost|p2a: Asta|atk|1\n|-unboost|p2b: Yuno|atk|1\n|move|p2b: Yuno|Body Press|p1a: Appletun\n|-damage|p1a: Appletun|23\/100 par\n|-enditem|p1a: Appletun|Sitrus Berry|[eat]\n|-heal|p1a: Appletun|48\/100 par|[from] item: Sitrus Berry\n|move|p2a: Asta|Ruination|p1b: Tauros\n|-damage|p1b: Tauros|45\/100\n|cant|p1a: Appletun|par\n|\n|-damage|p2b: Yuno|36\/100|[from] Leech Seed|[of] p1a: Appletun\n|-heal|p1a: Appletun|59\/100 par|[silent]\n|-damage|p2b: Yuno|11\/100|[from] Salt Cure\n|-damage|p1a: Appletun|46\/100 par|[from] Salt Cure\n|upkeep\n|-enditem|p2b: Yuno|Aguav Berry|[eat]\n|-heal|p2b: Yuno|44\/100|[from] item: Aguav Berry\n|turn|6\n|\n|t:|1682815830\n|switch|p2a: Magna|Gyarados, L50, M, shiny|60\/100\n|-ability|p2a: Magna|Intimidate|boost\n|-unboost|p1a: Appletun|atk|1\n|-unboost|p1b: Tauros|atk|1\n|cant|p1a: Appletun|par\n|move|p1b: Tauros|Will-O-Wisp|p2b: Yuno|[miss]\n|-miss|p1b: Tauros|p2b: Yuno\n|move|p2b: Yuno|Body Press|p1a: Appletun\n|-damage|p1a: Appletun|0 fnt\n|faint|p1a: Appletun\n|\n|-damage|p2b: Yuno|19\/100|[from] Salt Cure\n|upkeep\n|\n|t:|1682815844\n|switch|p1a: Scizor|Scizor, L50, M|100\/100\n|-damage|p1a: Scizor|88\/100|[from] Stealth Rock\n|turn|7\n|\n|t:|1682815866\n|move|p1b: Tauros|Will-O-Wisp|p2b: Yuno\n|-status|p2b: Yuno|brn\n|move|p2a: Magna|Thunder Wave|p1a: Scizor\n|-status|p1a: Scizor|par\n|move|p2b: Yuno|Body Press|p1a: Scizor\n|-damage|p1a: Scizor|58\/100 par\n|move|p1a: Scizor|Swords Dance|p1a: Scizor\n|-boost|p1a: Scizor|atk|2\n|\n|-damage|p2b: Yuno|7\/100 brn|[from] Leech Seed|[of] p1a: Scizor\n|-heal|p1a: Scizor|71\/100 par|[silent]\n|-damage|p2b: Yuno|0 fnt|[from] brn\n|faint|p2b: Yuno\n|upkeep\n|\n|t:|1682815875\n|switch|p2b: Asta|Ting-Lu, L50|75\/100\n|-ability|p2b: Asta|Vessel of Ruin\n|turn|8\n|\n|t:|1682815911\n|-terastallize|p2b: Asta|Poison\n|move|p1b: Tauros|Will-O-Wisp|p2a: Magna\n|-status|p2a: Magna|brn\n|move|p2a: Magna|Waterfall|p1a: Scizor\n|-damage|p1a: Scizor|52\/100 par\n|move|p2b: Asta|Earthquake|p1a: Scizor|[spread] p1a,p1b\n|-immune|p2a: Magna\n|-supereffective|p1b: Tauros\n|-damage|p1a: Scizor|24\/100 par\n|-damage|p1b: Tauros|0 fnt\n|faint|p1b: Tauros\n|cant|p1a: Scizor|par\n|\n|-damage|p2a: Magna|54\/100 brn|[from] brn\n|upkeep\n|\n|t:|1682815926\n|switch|p1b: Garganacl|Garganacl, L50, M, shiny, tera:Ghost|100\/100\n|-damage|p1b: Garganacl|88\/100|[from] Stealth Rock\n|turn|9\n|c|\u2606Darkress(CR)|paralys :v\n|\n|t:|1682815945\n|move|p1a: Scizor|Bullet Punch|p2b: Asta\n|-damage|p2b: Asta|42\/100\n|move|p2a: Magna|Waterfall|p1a: Scizor\n|-damage|p1a: Scizor|8\/100 par\n|move|p2b: Asta|Throat Chop|p1a: Scizor\n|-damage|p1a: Scizor|0 fnt\n|faint|p1a: Scizor\n|move|p1b: Garganacl|Salt Cure|p2a: Magna\n|-supereffective|p2a: Magna\n|-damage|p2a: Magna|30\/100 brn\n|-start|p2a: Magna|Salt Cure\n|\n|-damage|p2a: Magna|24\/100 brn|[from] brn\n|-damage|p2a: Magna|0 fnt|[from] Salt Cure\n|faint|p2a: Magna\n|upkeep\n|\n|t:|1682815949\n|switch|p2a: Luck|Garganacl, L50, M, shiny|88\/100\n|turn|10\n|\n|t:|1682815962\n|move|p2b: Asta|Ruination|p1b: Garganacl\n|-damage|p1b: Garganacl|45\/100\n|move|p1b: Garganacl|Salt Cure|p2b: Asta\n|-damage|p2b: Asta|35\/100\n|-start|p2b: Asta|Salt Cure\n|move|p2a: Luck|Salt Cure|p1b: Garganacl\n|-damage|p1b: Garganacl|35\/100\n|\n|-heal|p2a: Luck|94\/100|[from] item: Leftovers\n|-damage|p2b: Asta|23\/100|[from] Salt Cure\n|upkeep\n|turn|11\n|\n|t:|1682815974\n|move|p2b: Asta|Throat Chop|p1b: Garganacl\n|-supereffective|p1b: Garganacl\n|-damage|p1b: Garganacl|0 fnt\n|faint|p1b: Garganacl\n|\n|win|chipp zanuff 7\n|c|\u2606chipp zanuff 7|GGs\n|c|\u2606Darkress(CR)|gg\n|l|\u2606Darkress(CR)\n|j|\u2606Darkress(CR)\n|player|p1|Darkress(CR)|266\n","uploadtime":1682816341,"views":9,"p1id":"darkresscr","p2id":"chippzanuff7","formatid":"gen9vgc2023regulationc","rating":0,"private":0,"password":""}