{"id":"gen9vgc2023regulationc-1858317768","p1":"nowaythis2","p2":"Bakonlikescufant","format":"[Gen 9] VGC 2023 Regulation C","log":"|j|\u2606nowaythis2\n|j|\u2606Bakonlikescufant\n|t:|1683301439\n|gametype|doubles\n|player|p1|nowaythis2|169|1000\n|player|p2|Bakonlikescufant|iono|1062\n|teamsize|p1|6\n|teamsize|p2|6\n|gen|9\n|tier|[Gen 9] VGC 2023 Regulation C\n|rated|\n|rule|Species Clause: Limit one of each Pok\u00e9mon\n|rule|Item Clause: Limit one of each item\n|clearpoke\n|poke|p1|Torkoal, L50, F|\n|poke|p1|Flutter Mane, L50|\n|poke|p1|Great Tusk, L50|\n|poke|p1|Chi-Yu, L50|\n|poke|p1|Dragonite, L50, M|\n|poke|p1|Chien-Pao, L50|\n|poke|p2|Hawlucha, L50, M|\n|poke|p2|Cryogonal, L50|\n|poke|p2|Iron Hands, L50|\n|poke|p2|Ting-Lu, L50|\n|poke|p2|Pachirisu, L50, F|\n|poke|p2|Iron Bundle, L50|\n|teampreview|4\n|inactive|Battle timer is ON: inactive players will automatically lose when time's up. (requested by Bakonlikescufant)\nBakonlikescufant has agreed to open team sheets.\n|inactive|Bakonlikescufant has 60 seconds left.\nnowaythis2 has agreed to open team sheets.\n|inactive|Bakonlikescufant has 30 seconds left.\n|inactive|Bakonlikescufant has 20 seconds left.\n|\n|t:|1683301511\n|start\n|switch|p1a: Torkoal|Torkoal, L50, F|100\/100\n|switch|p1b: Great Tusk|Great Tusk, L50|100\/100\n|switch|p2a: Mighty Eagle|Hawlucha, L50, M|100\/100\n|switch|p2b: Hacks-a-gon|Cryogonal, L50|100\/100\n|-weather|SunnyDay|[from] ability: Drought|[of] p1a: Torkoal\n|-activate|p1b: Great Tusk|ability: Protosynthesis\n|-start|p1b: Great Tusk|protosynthesisatk\n|turn|1\n|inactive|Bakonlikescufant has 30 seconds left.\n|\n|t:|1683301536\n|-end|p1b: Great Tusk|Protosynthesis|[silent]\n|switch|p1b: Flutter Mane|Flutter Mane, L50|100\/100\n|-activate|p1b: Flutter Mane|ability: Protosynthesis\n|-start|p1b: Flutter Mane|protosynthesisspa\n|move|p2b: Hacks-a-gon|Ice Shard|p2a: Mighty Eagle\n|-supereffective|p2a: Mighty Eagle\n|-damage|p2a: Mighty Eagle|77\/100\n|-enditem|p2a: Mighty Eagle|Weakness Policy\n|-boost|p2a: Mighty Eagle|atk|2|[from] item: Weakness Policy\n|-boost|p2a: Mighty Eagle|spa|2|[from] item: Weakness Policy\n|move|p2a: Mighty Eagle|Acrobatics|p1b: Flutter Mane\n|-damage|p1b: Flutter Mane|0 fnt\n|faint|p1b: Flutter Mane\n|-end|p1b: Flutter Mane|Protosynthesis|[silent]\n|move|p1a: Torkoal|Yawn|p2a: Mighty Eagle\n|-start|p2a: Mighty Eagle|move: Yawn|[of] p1a: Torkoal\n|\n|-weather|SunnyDay|[upkeep]\n|upkeep\n|\n|t:|1683301554\n|switch|p1b: Dragonite|Dragonite, L50, M|100\/100\n|turn|2\n|inactive|Bakonlikescufant has 30 seconds left.\n|inactive|Bakonlikescufant has 20 seconds left.\n|inactive|Bakonlikescufant has 15 seconds left.\n|inactive|Bakonlikescufant has 10 seconds left.\n|\n|t:|1683301600\n|move|p1b: Dragonite|Protect|p1b: Dragonite\n|-singleturn|p1b: Dragonite|Protect\n|move|p1a: Torkoal|Protect|p1a: Torkoal\n|-singleturn|p1a: Torkoal|Protect\n|move|p2a: Mighty Eagle|Rock Slide|p1a: Torkoal|[spread] \n|-activate|p1a: Torkoal|move: Protect\n|-activate|p1b: Dragonite|move: Protect\n|move|p2b: Hacks-a-gon|Sheer Cold|p1a: Torkoal\n|-activate|p1a: Torkoal|move: Protect\n|\n|-weather|SunnyDay|[upkeep]\n|-end|p2a: Mighty Eagle|move: Yawn|[silent]\n|-status|p2a: Mighty Eagle|slp\n|upkeep\n|turn|3\n|\n|t:|1683301624\n|switch|p1a: Great Tusk|Great Tusk, L50|100\/100\n|-activate|p1a: Great Tusk|ability: Protosynthesis\n|-start|p1a: Great Tusk|protosynthesisatk\n|-terastallize|p1b: Dragonite|Normal\n|cant|p2a: Mighty Eagle|slp\n|move|p1b: Dragonite|Dragon Dance|p1b: Dragonite\n|-boost|p1b: Dragonite|atk|1\n|-boost|p1b: Dragonite|spe|1\n|move|p2b: Hacks-a-gon|Reflect|p2b: Hacks-a-gon\n|-sidestart|p2: Bakonlikescufant|Reflect\n|\n|-weather|SunnyDay|[upkeep]\n|upkeep\n|turn|4\n|\n|t:|1683301647\n|move|p1b: Dragonite|Extreme Speed|p2a: Mighty Eagle\n|-damage|p2a: Mighty Eagle|4\/100 slp\n|cant|p2a: Mighty Eagle|slp\n|move|p1a: Great Tusk|Earthquake|p2a: Mighty Eagle|[spread] p1b\n|-immune|p2a: Mighty Eagle\n|-immune|p2b: Hacks-a-gon|[from] ability: Levitate\n|-damage|p1b: Dragonite|71\/100\n|move|p2b: Hacks-a-gon|Sheer Cold|p1b: Dragonite|[miss]\n|-miss|p2b: Hacks-a-gon|p1b: Dragonite\n|\n|-weather|SunnyDay|[upkeep]\n|upkeep\n|turn|5\n|\n|t:|1683301665\n|-end|p1a: Great Tusk|Protosynthesis|[silent]\n|switch|p1a: Torkoal|Torkoal, L50, F|100\/100\n|-curestatus|p2a: Mighty Eagle|slp|[msg]\n|move|p2a: Mighty Eagle|Protect|p2a: Mighty Eagle\n|-singleturn|p2a: Mighty Eagle|Protect\n|move|p1b: Dragonite|Extreme Speed|p2a: Mighty Eagle\n|-activate|p2a: Mighty Eagle|move: Protect\n|move|p2b: Hacks-a-gon|Sheer Cold|p1b: Dragonite\n|-damage|p1b: Dragonite|0 fnt\n|faint|p1b: Dragonite\n|-ohko\n|\n|-weather|SunnyDay|[upkeep]\n|upkeep\n|\n|t:|1683301671\n|switch|p1b: Great Tusk|Great Tusk, L50|100\/100\n|-activate|p1b: Great Tusk|ability: Protosynthesis\n|-start|p1b: Great Tusk|protosynthesisatk\n|turn|6\n|\n|t:|1683301684\n|move|p1a: Torkoal|Protect|p1a: Torkoal\n|-singleturn|p1a: Torkoal|Protect\n|move|p2a: Mighty Eagle|Acrobatics|p1b: Great Tusk\n|-supereffective|p1b: Great Tusk\n|-damage|p1b: Great Tusk|0 fnt\n|faint|p1b: Great Tusk\n|-end|p1b: Great Tusk|Protosynthesis|[silent]\n|move|p2b: Hacks-a-gon|Sheer Cold|p1a: Torkoal\n|-activate|p1a: Torkoal|move: Protect\n|\n|-weather|SunnyDay|[upkeep]\n|upkeep\n|turn|7\n|\n|t:|1683301694\n|move|p2a: Mighty Eagle|Drain Punch|p1a: Torkoal\n|-damage|p1a: Torkoal|62\/100\n|-heal|p2a: Mighty Eagle|27\/100|[from] drain|[of] p1a: Torkoal\n|move|p2b: Hacks-a-gon|Sheer Cold|p1a: Torkoal\n|-damage|p1a: Torkoal|0 fnt\n|faint|p1a: Torkoal\n|-ohko\n|\n|win|Bakonlikescufant\n|raw|nowaythis2's rating: 1000 → 1000<\/strong> (+0 for losing)\n|raw|Bakonlikescufant's rating: 1062 → 1087<\/strong> (+25 for winning)\n","uploadtime":1683301705,"views":6,"p1id":"nowaythis2","p2id":"bakonlikescufant","formatid":"gen9vgc2023regulationc","rating":1000,"private":0,"password":""}