{"id":"gen9vgc2023regulationc-1846025621","p1":"Rean411","p2":"TheEeveeAnimations","format":"[Gen 9] VGC 2023 Regulation C","log":"|j|\u2606Rean411\n|j|\u2606TheEeveeAnimations\n|t:|1681793447\n|gametype|doubles\n|player|p1|Rean411|2|\n|player|p2|TheEeveeAnimations|dahlia|\n|teamsize|p1|6\n|teamsize|p2|6\n|gen|9\n|tier|[Gen 9] VGC 2023 Regulation C\n|rated|Tournament battle\n|rule|Species Clause: Limit one of each Pok\u00e9mon\n|rule|Item Clause: Limit one of each item\n|clearpoke\n|poke|p1|Arcanine, L50, M|\n|poke|p1|Ting-Lu, L50|\n|poke|p1|Amoonguss, L50, F|\n|poke|p1|Gyarados, L50, M|\n|poke|p1|Annihilape, L50, F|\n|poke|p1|Maushold, L50|\n|poke|p2|Ting-Lu, L50|\n|poke|p2|Azumarill, L50, M|\n|poke|p2|Farigiraf, L50, M|\n|poke|p2|Klefki, L50, F|\n|poke|p2|Iron Hands, L50|\n|poke|p2|Amoonguss, L50, F|\n|teampreview|4\n|raw| Open Team Sheet for Rean411<\/summary>Arcanine @ Aguav Berry Ability: Intimidate Level: 50 Tera Type: Grass - Protect - Flare Blitz - Extreme Speed - Will-O-Wisp Ting-Lu @ Assault Vest Ability: Vessel of Ruin Level: 50 Tera Type: Poison - Stomping Tantrum - Fissure - Heavy Slam - Ruination Amoonguss @ Sitrus Berry Ability: Regenerator Level: 50 Tera Type: Water - Pollen Puff - Spore - Rage Powder - Protect Gyarados @ Lum Berry Ability: Intimidate Level: 50 Tera Type: Steel - Waterfall - Thunder Wave - Dragon Dance - Iron Head Annihilape @ Leftovers Ability: Defiant Level: 50 Tera Type: Fire - Rage Fist - Drain Punch - Bulk Up - Protect Maushold @ Safety Goggles Ability: Friend Guard Level: 50 Tera Type: Ghost - Beat Up - Taunt - Follow Me - Protect <\/details><\/div> Open Team Sheet for TheEeveeAnimations<\/summary>Ting-Lu @ Assault Vest Ability: Vessel of Ruin Level: 50 Tera Type: Water - Ruination - Heavy Slam - Payback - Stomping Tantrum Azumarill @ Life Orb Ability: Huge Power Level: 50 Tera Type: Grass - Play Rough - Liquidation - Aqua Jet - Protect Farigiraf @ Throat Spray Ability: Armor Tail Level: 50 Tera Type: Normal - Trick Room - Hyper Voice - Psyshock - Protect Klefki @ Sitrus Berry Ability: Prankster Level: 50 Tera Type: Water - Trick Room - Misty Terrain - Foul Play - Reflect Iron Hands @ Lum Berry Ability: Quark Drive Level: 50 Tera Type: Water - Swords Dance - Fake Out - Drain Punch - Thunder Punch Amoonguss @ Rocky Helmet Ability: Regenerator Level: 50 Tera Type: Water - Clear Smog - Rage Powder - Spore - Pollen Puff <\/details><\/div>\n|j| Demantoid\n|c|\u2606TheEeveeAnimations|Glhf\n|j|%Borghi\n|j| estockelly\n|j| Tameryn\n|l| estockelly\n|j| estockelly\n|l| estockelly\n|c|\u2606Rean411|GLHF\n|c|\u2606TheEeveeAnimations|I also\n|c|\u2606TheEeveeAnimations|brought the wrong team\n|\n|t:|1681793517\n|start\n|switch|p1a: Gyarados|Gyarados, L50, M|100\/100\n|switch|p1b: Annihilape|Annihilape, L50, F|100\/100\n|switch|p2a: Azumarill|Azumarill, L50, M|100\/100\n|switch|p2b: Amoonguss|Amoonguss, L50, F|100\/100\n|-ability|p1a: Gyarados|Intimidate|boost\n|-unboost|p2a: Azumarill|atk|1\n|-unboost|p2b: Amoonguss|atk|1\n|turn|1\n|l| Tameryn\n|c|\u2606Rean411|Oh no dude!\n|c|\u2606TheEeveeAnimations|Happens\n|c|\u2606TheEeveeAnimations|we vibe\n|\n|t:|1681793563\n|switch|p1b: Amoonguss|Amoonguss, L50, F|100\/100\n|switch|p2a: Iron Hands|Iron Hands, L50|100\/100\n|move|p1a: Gyarados|Thunder Wave|p2a: Iron Hands\n|-immune|p2a: Iron Hands\n|move|p2b: Amoonguss|Spore|p1b: Amoonguss\n|-immune|p1b: Amoonguss\n|\n|upkeep\n|turn|2\n|c|\u2606TheEeveeAnimations|good thing i have\n|j|+MisterGX\n|c|\u2606TheEeveeAnimations|30 viable teams\n|c|+MisterGX|tea, why is klefki there\n|\n|t:|1681793595\n|switch|p2b: Klefki|Klefki, L50, F|100\/100\n|move|p1a: Gyarados|Dragon Dance|p1a: Gyarados\n|-boost|p1a: Gyarados|atk|1\n|-boost|p1a: Gyarados|spe|1\n|move|p2a: Iron Hands|Swords Dance|p2a: Iron Hands\n|-boost|p2a: Iron Hands|atk|2\n|move|p1b: Amoonguss|Spore|p2a: Iron Hands\n|-status|p2a: Iron Hands|slp|[from] move: Spore\n|-enditem|p2a: Iron Hands|Lum Berry|[eat]\n|-curestatus|p2a: Iron Hands|slp|[msg]\n|\n|upkeep\n|turn|3\n|c| Demantoid|MisterGX sobad\n|c|+MisterGX|Demantoid, git gud\n|\n|t:|1681793645\n|move|p1b: Amoonguss|Rage Powder|p1b: Amoonguss\n|-singleturn|p1b: Amoonguss|move: Rage Powder\n|move|p2b: Klefki|Misty Terrain|p2b: Klefki\n|-fieldstart|move: Misty Terrain\n|move|p1a: Gyarados|Iron Head|p2b: Klefki\n|-damage|p2b: Klefki|63\/100\n|move|p2a: Iron Hands|Thunder Punch|p1b: Amoonguss\n|-resisted|p1b: Amoonguss\n|-damage|p1b: Amoonguss|67\/100\n|\n|upkeep\n|turn|4\n|\n|t:|1681793661\n|move|p1b: Amoonguss|Rage Powder|p1b: Amoonguss\n|-singleturn|p1b: Amoonguss|move: Rage Powder\n|move|p2b: Klefki|Reflect|p2b: Klefki\n|-sidestart|p2: TheEeveeAnimations|Reflect\n|move|p1a: Gyarados|Thunder Wave|p2b: Klefki\n|-activate|p2b: Klefki|move: Misty Terrain\n|move|p2a: Iron Hands|Thunder Punch|p1b: Amoonguss\n|-resisted|p1b: Amoonguss\n|-damage|p1b: Amoonguss|32\/100\n|-enditem|p1b: Amoonguss|Sitrus Berry|[eat]\n|-heal|p1b: Amoonguss|57\/100|[from] item: Sitrus Berry\n|\n|upkeep\n|turn|5\n|c|\u2606Rean411|I had terrain rules swapped in my head?\n|\n|t:|1681793718\n|switch|p2b: Amoonguss|Amoonguss, L50, F|100\/100\n|switch|p1b: Arcanine|Arcanine, L50, M|100\/100\n|-ability|p1b: Arcanine|Intimidate|boost\n|-unboost|p2a: Iron Hands|atk|1\n|-unboost|p2b: Amoonguss|atk|1\n|move|p1a: Gyarados|Iron Head|p2a: Iron Hands\n|-resisted|p2a: Iron Hands\n|-damage|p2a: Iron Hands|93\/100\n|move|p2a: Iron Hands|Thunder Punch|p1a: Gyarados\n|-supereffective|p1a: Gyarados\n|-damage|p1a: Gyarados|0 fnt\n|faint|p1a: Gyarados\n|\n|upkeep\n|\n|t:|1681793731\n|switch|p1a: Annihilape|Annihilape, L50, F|100\/100\n|turn|6\n|j| Wottl3y\n|\n|t:|1681793760\n|switch|p2b: Azumarill|Azumarill, L50, M|100\/100\n|move|p1b: Arcanine|Flare Blitz|p2b: Azumarill\n|-resisted|p2b: Azumarill\n|-damage|p2b: Azumarill|81\/100\n|-damage|p1b: Arcanine|93\/100|[from] Recoil\n|move|p1a: Annihilape|Bulk Up|p1a: Annihilape\n|-boost|p1a: Annihilape|atk|1\n|-boost|p1a: Annihilape|def|1\n|move|p2a: Iron Hands|Drain Punch|p1b: Arcanine\n|-damage|p1b: Arcanine|18\/100\n|-heal|p2a: Iron Hands|100\/100|[from] drain|[of] p1b: Arcanine\n|-enditem|p1b: Arcanine|Aguav Berry|[eat]\n|-heal|p1b: Arcanine|51\/100|[from] item: Aguav Berry\n|\n|upkeep\n|turn|7\n|\n|t:|1681793790\n|switch|p1b: Amoonguss|Amoonguss, L50, F|90\/100\n|move|p1a: Annihilape|Bulk Up|p1a: Annihilape\n|-boost|p1a: Annihilape|atk|1\n|-boost|p1a: Annihilape|def|1\n|move|p2a: Iron Hands|Drain Punch|p1b: Amoonguss\n|-resisted|p1b: Amoonguss\n|-damage|p1b: Amoonguss|63\/100\n|move|p2b: Azumarill|Play Rough|p1a: Annihilape\n|-supereffective|p1a: Annihilape\n|-damage|p1a: Annihilape|35\/100\n|-damage|p2b: Azumarill|71\/100|[from] item: Life Orb\n|\n|-heal|p1a: Annihilape|40\/100|[from] item: Leftovers\n|-fieldend|Misty Terrain\n|upkeep\n|turn|8\n|j| Tenseigt\n|\n|t:|1681793831\n|switch|p2b: Amoonguss|Amoonguss, L50, F|100\/100\n|move|p1a: Annihilape|Protect|p1a: Annihilape\n|-singleturn|p1a: Annihilape|Protect\n|move|p2a: Iron Hands|Swords Dance|p2a: Iron Hands\n|-boost|p2a: Iron Hands|atk|2\n|move|p1b: Amoonguss|Spore|p2a: Iron Hands\n|-status|p2a: Iron Hands|slp|[from] move: Spore\n|\n|-heal|p1a: Annihilape|46\/100|[from] item: Leftovers\n|-sideend|p2: TheEeveeAnimations|Reflect\n|upkeep\n|turn|9\n|c|\u2606Rean411|I was SOO close to sporing the wrong slot\n|l| Tenseigt\n|\n|t:|1681793866\n|move|p1a: Annihilape|Drain Punch|p2a: Iron Hands\n|-damage|p2a: Iron Hands|53\/100 slp\n|-heal|p1a: Annihilape|75\/100|[from] drain|[of] p2a: Iron Hands\n|cant|p2a: Iron Hands|slp\n|move|p1b: Amoonguss|Pollen Puff|p1a: Annihilape\n|-heal|p1a: Annihilape|100\/100\n|move|p2b: Amoonguss|Spore|p1a: Annihilape\n|-status|p1a: Annihilape|slp|[from] move: Spore\n|\n|upkeep\n|turn|10\n|\n|t:|1681793888\n|switch|p1b: Arcanine|Arcanine, L50, M|51\/100\n|-ability|p1b: Arcanine|Intimidate|boost\n|-unboost|p2a: Iron Hands|atk|1\n|-unboost|p2b: Amoonguss|atk|1\n|cant|p1a: Annihilape|slp\n|cant|p2a: Iron Hands|slp\n|move|p2b: Amoonguss|Pollen Puff|p2a: Iron Hands\n|-heal|p2a: Iron Hands|100\/100 slp\n|\n|upkeep\n|turn|11\n|\n|t:|1681793919\n|switch|p1b: Amoonguss|Amoonguss, L50, F|96\/100\n|-terastallize|p2b: Amoonguss|Water\n|cant|p1a: Annihilape|slp\n|-curestatus|p2a: Iron Hands|slp|[msg]\n|move|p2a: Iron Hands|Drain Punch|p1b: Amoonguss\n|-resisted|p1b: Amoonguss\n|-damage|p1b: Amoonguss|61\/100\n|move|p2b: Amoonguss|Clear Smog|p1a: Annihilape\n|-resisted|p1a: Annihilape\n|-damage|p1a: Annihilape|93\/100 slp\n|-clearboost|p1a: Annihilape\n|\n|-heal|p1a: Annihilape|99\/100 slp|[from] item: Leftovers\n|upkeep\n|turn|12\n|j| NotoriousM.I.D.\n|j| SurpriseAttacks\n|\n|t:|1681793983\n|-curestatus|p1a: Annihilape|slp|[msg]\n|move|p1a: Annihilape|Rage Fist|p2a: Iron Hands\n|-damage|p2a: Iron Hands|56\/100\n|move|p2a: Iron Hands|Swords Dance|p2a: Iron Hands\n|-boost|p2a: Iron Hands|atk|2\n|move|p2b: Amoonguss|Spore|p1a: Annihilape\n|-status|p1a: Annihilape|slp|[from] move: Spore\n|move|p1b: Amoonguss|Spore|p2a: Iron Hands\n|-status|p2a: Iron Hands|slp|[from] move: Spore\n|\n|-heal|p1a: Annihilape|100\/100 slp|[from] item: Leftovers\n|upkeep\n|turn|13\n|c|\u2606Rean411|Interesting choice to ditch your safe switch in\n|\n|t:|1681794004\n|switch|p1b: Arcanine|Arcanine, L50, M|51\/100\n|-ability|p1b: Arcanine|Intimidate|boost\n|-unboost|p2a: Iron Hands|atk|1\n|-unboost|p2b: Amoonguss|atk|1\n|cant|p1a: Annihilape|slp\n|cant|p2a: Iron Hands|slp\n|move|p2b: Amoonguss|Pollen Puff|p2a: Iron Hands\n|-heal|p2a: Iron Hands|100\/100 slp\n|\n|upkeep\n|turn|14\n|\n|t:|1681794036\n|move|p1b: Arcanine|Flare Blitz|p2b: Amoonguss\n|-resisted|p2b: Amoonguss\n|-damage|p2b: Amoonguss|79\/100\n|-damage|p1b: Arcanine|35\/100|[from] item: Rocky Helmet|[of] p2b: Amoonguss\n|-damage|p1b: Arcanine|25\/100|[from] Recoil\n|-curestatus|p1a: Annihilape|slp|[msg]\n|move|p1a: Annihilape|Rage Fist|p2b: Amoonguss\n|-damage|p2b: Amoonguss|21\/100\n|-damage|p1a: Annihilape|84\/100|[from] item: Rocky Helmet|[of] p2b: Amoonguss\n|cant|p2a: Iron Hands|slp\n|move|p2b: Amoonguss|Spore|p1a: Annihilape\n|-status|p1a: Annihilape|slp|[from] move: Spore\n|\n|-heal|p1a: Annihilape|90\/100 slp|[from] item: Leftovers\n|upkeep\n|turn|15\n|c|\u2606Rean411|Ok apes not tired anymore, stop with the sleep lol\n|\n|t:|1681794080\n|switch|p2b: Azumarill|Azumarill, L50, M|71\/100\n|move|p1b: Arcanine|Flare Blitz|p2b: Azumarill\n|-resisted|p2b: Azumarill\n|-damage|p2b: Azumarill|44\/100\n|-damage|p1b: Arcanine|15\/100|[from] Recoil\n|cant|p1a: Annihilape|slp\n|cant|p2a: Iron Hands|slp\n|\n|-heal|p1a: Annihilape|96\/100 slp|[from] item: Leftovers\n|upkeep\n|turn|16\n|c|\u2606TheEeveeAnimations|No\n|c|\u2606Rean411|That\u2019s annoyingly perfect timing\n|\n|t:|1681794112\n|cant|p1a: Annihilape|slp\n|move|p1b: Arcanine|Will-O-Wisp||[still]\n|-fail|p1b: Arcanine\n|-curestatus|p2a: Iron Hands|slp|[msg]\n|move|p2a: Iron Hands|Drain Punch|p1b: Arcanine\n|-damage|p1b: Arcanine|0 fnt\n|faint|p1b: Arcanine\n|move|p2b: Azumarill|Play Rough|p1a: Annihilape\n|-supereffective|p1a: Annihilape\n|-damage|p1a: Annihilape|0 fnt\n|faint|p1a: Annihilape\n|-damage|p2b: Azumarill|34\/100|[from] item: Life Orb\n|\n|upkeep\n|-message|Rean411 forfeited.\n|\n|win|TheEeveeAnimations\n|n|\u2606Rean411|rean411\n|n|\u2606TheEeveeAnimations|theeeveeanimations\n|n| Demantoid|demantoid\n|n| Borghi|borghi\n|n| MisterGX|mistergx\n|n| Wottl3y|wottl3y\n|n| NotoriousM.I.D.|notoriousmid\n|n| SurpriseAttacks|surpriseattacks\n|c|\u2606TheEeveeAnimations|Gg\n|c|\u2606Rean411|GGWP\n|l|\u2606TheEeveeAnimations\n|c|\u2606Rean411|What did I do wrong?\n","uploadtime":1681794189,"views":5,"p1id":"rean411","p2id":"theeeveeanimations","formatid":"gen9vgc2023regulationc","rating":0,"private":0,"password":""}