{"id":"gen9vgc2023regulationc-1863666127","p1":"LittlePak3","p2":"bySkeleton","format":"[Gen 9] VGC 2023 Regulation C","log":"|j|\u2606LittlePak3\n|j|\u2606bySkeleton\n|t:|1684055461\n|gametype|doubles\n|player|p1|LittlePak3|riley|1210\n|player|p2|bySkeleton|1|1295\n|teamsize|p1|6\n|teamsize|p2|6\n|gen|9\n|tier|[Gen 9] VGC 2023 Regulation C\n|rated|\n|rule|Species Clause: Limit one of each Pok\u00e9mon\n|rule|Item Clause: Limit one of each item\n|clearpoke\n|poke|p1|Flutter Mane, L50|\n|poke|p1|Palafin, L50, F|\n|poke|p1|Arcanine, L50, F|\n|poke|p1|Amoonguss, L50, M|\n|poke|p1|Ting-Lu, L50|\n|poke|p1|Roaring Moon, L50|\n|poke|p2|Flutter Mane, L50|\n|poke|p2|Arcanine, L50, F|\n|poke|p2|Amoonguss, L50, F|\n|poke|p2|Palafin, L50, M|\n|poke|p2|Ting-Lu, L50|\n|poke|p2|Baxcalibur, L50, M|\n|teampreview|4\nbySkeleton has agreed to open team sheets.\n|\n|t:|1684055471\n|start\n|switch|p1a: Palafin|Palafin, L50, F|100\/100\n|switch|p1b: \u9b4d\u9b4e|Flutter Mane, L50|100\/100\n|switch|p2a: Palafin|Palafin, L50, M, shiny|100\/100\n|switch|p2b: Arcanine|Arcanine, L50, F, shiny|100\/100\n|-ability|p2b: Arcanine|Intimidate|boost\n|-unboost|p1a: Palafin|atk|1\n|-unboost|p1b: \u9b4d\u9b4e|atk|1\n|turn|1\n|\n|t:|1684055495\n|detailschange|p2a: Palafin|Palafin-Hero, L50, M, shiny\n|switch|p2a: Big Ounce|Amoonguss, L50, F|100\/100\n|detailschange|p1a: Palafin|Palafin-Hero, L50, F\n|switch|p1a: Arcanine|Arcanine, L50, F|100\/100\n|-ability|p1a: Arcanine|Intimidate|boost\n|-unboost|p2a: Big Ounce|atk|1\n|-unboost|p2b: Arcanine|atk|1\n|move|p1b: \u9b4d\u9b4e|Shadow Ball|p2b: Arcanine\n|-damage|p2b: Arcanine|36\/100\n|move|p2b: Arcanine|Flare Blitz|p1b: \u9b4d\u9b4e\n|-damage|p1b: \u9b4d\u9b4e|53\/100\n|-damage|p2b: Arcanine|23\/100|[from] Recoil\n|\n|upkeep\n|turn|2\n|\n|t:|1684055533\n|switch|p2b: Palafin|Palafin-Hero, L50, M, shiny|100\/100\n|-activate|p2b: Palafin|ability: Zero to Hero\n|move|p1b: \u9b4d\u9b4e|Shadow Ball|p2b: Palafin\n|-damage|p2b: Palafin|39\/100\n|move|p1a: Arcanine|Flare Blitz|p2a: Big Ounce\n|-supereffective|p2a: Big Ounce\n|-damage|p2a: Big Ounce|2\/100\n|-enditem|p2a: Big Ounce|Sitrus Berry|[eat]\n|-heal|p2a: Big Ounce|27\/100|[from] item: Sitrus Berry\n|-damage|p1a: Arcanine|64\/100|[from] Recoil\n|move|p2a: Big Ounce|Spore|p1b: \u9b4d\u9b4e\n|-status|p1b: \u9b4d\u9b4e|slp|[from] move: Spore\n|\n|upkeep\n|turn|3\n|\n|t:|1684055565\n|switch|p2a: Arcanine|Arcanine, L50, F, shiny|23\/100\n|-ability|p2a: Arcanine|Intimidate|boost\n|-unboost|p1a: Arcanine|atk|1\n|-unboost|p1b: \u9b4d\u9b4e|atk|1\n|-terastallize|p1a: Arcanine|Grass\n|move|p2b: Palafin|Jet Punch|p1a: Arcanine\n|-resisted|p1a: Arcanine\n|-damage|p1a: Arcanine|43\/100\n|cant|p1b: \u9b4d\u9b4e|slp\n|move|p1a: Arcanine|Flare Blitz|p2a: Arcanine\n|-resisted|p2a: Arcanine\n|-damage|p2a: Arcanine|5\/100\n|-damage|p1a: Arcanine|36\/100|[from] Recoil\n|\n|upkeep\n|turn|4\n|\n|t:|1684055589\n|move|p2a: Arcanine|Extreme Speed|p1a: Arcanine\n|-damage|p1a: Arcanine|16\/100\n|move|p1a: Arcanine|Extreme Speed|p2a: Arcanine\n|-crit|p2a: Arcanine\n|-damage|p2a: Arcanine|0 fnt\n|faint|p2a: Arcanine\n|move|p2b: Palafin|Jet Punch|p1a: Arcanine\n|-resisted|p1a: Arcanine\n|-damage|p1a: Arcanine|0 fnt\n|faint|p1a: Arcanine\n|-curestatus|p1b: \u9b4d\u9b4e|slp|[msg]\n|move|p1b: \u9b4d\u9b4e|Shadow Ball|p2b: Palafin\n|-damage|p2b: Palafin|0 fnt\n|faint|p2b: Palafin\n|\n|upkeep\n|\n|t:|1684055613\n|switch|p2a: Melameneo|Flutter Mane, L50|100\/100\n|switch|p2b: Big Ounce|Amoonguss, L50, F|60\/100\n|switch|p1a: Amoonguss|Amoonguss, L50, M|100\/100\n|turn|5\n|\n|t:|1684055652\n|-terastallize|p2a: Melameneo|Steel\n|move|p2a: Melameneo|Shadow Ball|p1b: \u9b4d\u9b4e\n|-supereffective|p1b: \u9b4d\u9b4e\n|-damage|p1b: \u9b4d\u9b4e|0 fnt\n|faint|p1b: \u9b4d\u9b4e\n|-end|p1b: \u9b4d\u9b4e|Protosynthesis|[silent]\n|-damage|p2a: Melameneo|91\/100|[from] item: Life Orb\n|move|p1a: Amoonguss|Pollen Puff|p2b: Big Ounce\n|-damage|p2b: Big Ounce|47\/100\n|move|p2b: Big Ounce|Pollen Puff|p2a: Melameneo\n|-heal|p2a: Melameneo|100\/100\n|\n|upkeep\n|\n|t:|1684055666\n|switch|p1b: Palafin|Palafin-Hero, L50, F|100\/100\n|-activate|p1b: Palafin|ability: Zero to Hero\n|turn|6\n|\n|t:|1684055694\n|move|p2a: Melameneo|Protect|p2a: Melameneo\n|-singleturn|p2a: Melameneo|Protect\n|move|p1b: Palafin|Wave Crash|p2a: Melameneo\n|-activate|p2a: Melameneo|move: Protect\n|move|p1a: Amoonguss|Pollen Puff|p2b: Big Ounce\n|-damage|p2b: Big Ounce|34\/100\n|move|p2b: Big Ounce|Spore|p1b: Palafin\n|-status|p1b: Palafin|slp|[from] move: Spore\n|\n|upkeep\n|turn|7\n|\n|t:|1684055710\n|move|p2a: Melameneo|Shadow Ball|p1a: Amoonguss\n|-damage|p1a: Amoonguss|47\/100\n|-enditem|p1a: Amoonguss|Sitrus Berry|[eat]\n|-heal|p1a: Amoonguss|72\/100|[from] item: Sitrus Berry\n|-damage|p2a: Melameneo|91\/100|[from] item: Life Orb\n|cant|p1b: Palafin|slp\n|move|p1a: Amoonguss|Spore|p2a: Melameneo\n|-status|p2a: Melameneo|slp|[from] move: Spore\n|move|p2b: Big Ounce|Pollen Puff|p1a: Amoonguss\n|-damage|p1a: Amoonguss|55\/100\n|\n|upkeep\n|turn|8\n|\n|t:|1684055733\n|cant|p2a: Melameneo|slp\n|cant|p1b: Palafin|slp\n|move|p1a: Amoonguss|Pollen Puff|p2b: Big Ounce\n|-damage|p2b: Big Ounce|19\/100\n|move|p2b: Big Ounce|Pollen Puff|p1a: Amoonguss\n|-damage|p1a: Amoonguss|39\/100\n|\n|upkeep\n|turn|9\n|\n|t:|1684055754\n|move|p2b: Big Ounce|Protect|p2b: Big Ounce\n|-singleturn|p2b: Big Ounce|Protect\n|cant|p2a: Melameneo|slp\n|cant|p1b: Palafin|slp\n|move|p1a: Amoonguss|Pollen Puff|p2b: Big Ounce\n|-activate|p2b: Big Ounce|move: Protect\n|\n|upkeep\n|turn|10\n|\n|t:|1684055767\n|move|p1a: Amoonguss|Protect|p1a: Amoonguss\n|-singleturn|p1a: Amoonguss|Protect\n|-curestatus|p2a: Melameneo|slp|[msg]\n|move|p2a: Melameneo|Shadow Ball|p1a: Amoonguss\n|-activate|p1a: Amoonguss|move: Protect\n|-curestatus|p1b: Palafin|slp|[msg]\n|move|p1b: Palafin|Wave Crash|p2a: Melameneo\n|-damage|p2a: Melameneo|0 fnt\n|faint|p2a: Melameneo\n|-end|p2a: Melameneo|Protosynthesis|[silent]\n|-damage|p1b: Palafin|80\/100|[from] Recoil\n|move|p2b: Big Ounce|Spore|p1b: Palafin\n|-status|p1b: Palafin|slp|[from] move: Spore\n|\n|upkeep\n|turn|11\n|\n|t:|1684055786\n|cant|p1b: Palafin|slp\n|move|p1a: Amoonguss|Pollen Puff|p2b: Big Ounce\n|-damage|p2b: Big Ounce|6\/100\n|move|p2b: Big Ounce|Pollen Puff|p1a: Amoonguss\n|-damage|p1a: Amoonguss|22\/100\n|\n|upkeep\n|turn|12\n|-message|bySkeleton forfeited.\n|\n|win|LittlePak3\n|raw|LittlePak3's rating: 1210 → 1241<\/strong> (+31 for winning)\n|raw|bySkeleton's rating: 1295 → 1264<\/strong> (-31 for losing)\n|l|\u2606bySkeleton\n","uploadtime":1684055801,"views":6,"p1id":"littlepak3","p2id":"byskeleton","formatid":"gen9vgc2023regulationc","rating":1241,"private":0,"password":""}