{"id":"gen9vgc2023regulationc-1849496369","p1":"SpeedyLinguine","p2":"MarkOnWindows","format":"[Gen 9] VGC 2023 Regulation C","log":"|j|\u2606SpeedyLinguine\n|j|\u2606MarkOnWindows\n|t:|1682205371\n|gametype|doubles\n|player|p1|SpeedyLinguine|hoopster|\n|player|p2|MarkOnWindows|skier|\n|teamsize|p1|6\n|teamsize|p2|6\n|gen|9\n|tier|[Gen 9] VGC 2023 Regulation C\n|rule|Species Clause: Limit one of each Pok\u00e9mon\n|rule|Item Clause: Limit one of each item\n|clearpoke\n|poke|p1|Pelipper, L50, F|\n|poke|p1|Amoonguss, L50, M|\n|poke|p1|Flutter Mane, L50|\n|poke|p1|Floatzel, L50, F|\n|poke|p1|Iron Hands, L50|\n|poke|p1|Gholdengo, L50|\n|poke|p2|Great Tusk, L50|\n|poke|p2|Sableye, L50, F|\n|poke|p2|Gholdengo, L50|\n|poke|p2|Iron Valiant, L50|\n|poke|p2|Roaring Moon, L50|\n|poke|p2|Amoonguss, L50, F|\n|teampreview|4\nSpeedyLinguine has agreed to open team sheets.\n|\n|t:|1682205387\n|start\n|switch|p1a: The Jordan of VGC|Pelipper, L50, F|100\/100\n|switch|p1b: El Nadador|Floatzel, L50, F|100\/100\n|switch|p2a: Iron Valiant|Iron Valiant, L50|100\/100\n|switch|p2b: Sableye|Sableye, L50, F|100\/100\n|-weather|RainDance|[from] ability: Drizzle|[of] p1a: The Jordan of VGC\n|turn|1\n|\n|t:|1682205409\n|-terastallize|p1b: El Nadador|Water\n|move|p2b: Sableye|Will-O-Wisp|p1b: El Nadador\n|-status|p1b: El Nadador|brn\n|move|p1b: El Nadador|Wave Crash|p2b: Sableye\n|-damage|p2b: Sableye|0 fnt\n|faint|p2b: Sableye\n|-damage|p1b: El Nadador|68\/100 brn|[from] Recoil\n|move|p2a: Iron Valiant|Close Combat|p1b: El Nadador\n|-damage|p1b: El Nadador|0 fnt\n|-unboost|p2a: Iron Valiant|def|1\n|-unboost|p2a: Iron Valiant|spd|1\n|faint|p1b: El Nadador\n|move|p1a: The Jordan of VGC|Hurricane|p2a: Iron Valiant\n|-supereffective|p2a: Iron Valiant\n|-enditem|p2a: Iron Valiant|Focus Sash\n|-damage|p2a: Iron Valiant|1\/100\n|\n|-weather|RainDance|[upkeep]\n|upkeep\n|\n|t:|1682205425\n|switch|p1b: Immovable object|Amoonguss, L50, M|100\/100\n|switch|p2b: Gholdengo|Gholdengo, L50|100\/100\n|turn|2\n|\n|t:|1682205446\n|move|p1a: The Jordan of VGC|Protect|p1a: The Jordan of VGC\n|-singleturn|p1a: The Jordan of VGC|Protect\n|move|p2b: Gholdengo|Shadow Ball|p1b: Immovable object\n|-damage|p1b: Immovable object|68\/100\n|move|p2a: Iron Valiant|Knock Off|p1b: Immovable object\n|-damage|p1b: Immovable object|37\/100\n|-enditem|p1b: Immovable object|Sitrus Berry|[from] move: Knock Off|[of] p2a: Iron Valiant\n|move|p1b: Immovable object|Pollen Puff|p2a: Iron Valiant\n|-resisted|p2a: Iron Valiant\n|-crit|p2a: Iron Valiant\n|-damage|p2a: Iron Valiant|0 fnt\n|faint|p2a: Iron Valiant\n|-end|p2a: Iron Valiant|Quark Drive|[silent]\n|\n|-weather|RainDance|[upkeep]\n|upkeep\n|\n|t:|1682205457\n|switch|p2a: Roaring Moon|Roaring Moon, L50|100\/100\n|-enditem|p2a: Roaring Moon|Booster Energy\n|-activate|p2a: Roaring Moon|ability: Protosynthesis|[fromitem]\n|-start|p2a: Roaring Moon|protosynthesisatk\n|turn|3\n|\n|t:|1682205463\n|move|p1b: Immovable object|Rage Powder|p1b: Immovable object\n|-singleturn|p1b: Immovable object|move: Rage Powder\n|move|p2b: Gholdengo|Shadow Ball|p1b: Immovable object\n|-damage|p1b: Immovable object|2\/100\n|move|p2a: Roaring Moon|Acrobatics|p1b: Immovable object\n|-supereffective|p1b: Immovable object\n|-damage|p1b: Immovable object|0 fnt\n|faint|p1b: Immovable object\n|move|p1a: The Jordan of VGC|Hydro Pump|p2b: Gholdengo\n|-damage|p2b: Gholdengo|35\/100\n|\n|-weather|RainDance|[upkeep]\n|upkeep\n|\n|t:|1682205473\n|switch|p1b: Darth Vader|Flutter Mane, L50|100\/100\n|turn|4\n|\n|t:|1682205489\n|-terastallize|p2a: Roaring Moon|Flying\n|move|p2b: Gholdengo|Shadow Ball|p1b: Darth Vader\n|-supereffective|p1b: Darth Vader\n|-damage|p1b: Darth Vader|8\/100\n|move|p1b: Darth Vader|Dazzling Gleam|p2b: Gholdengo|[spread] p2a,p2b\n|-resisted|p2b: Gholdengo\n|-damage|p2a: Roaring Moon|69\/100\n|-damage|p2b: Gholdengo|17\/100\n|move|p2a: Roaring Moon|Acrobatics|p1a: The Jordan of VGC\n|-damage|p1a: The Jordan of VGC|23\/100\n|move|p1a: The Jordan of VGC|Hurricane|p2a: Roaring Moon\n|-damage|p2a: Roaring Moon|30\/100\n|-start|p2a: Roaring Moon|confusion\n|\n|-weather|RainDance|[upkeep]\n|upkeep\n|turn|5\n|\n|t:|1682205548\n|move|p1b: Darth Vader|Protect|p1b: Darth Vader\n|-singleturn|p1b: Darth Vader|Protect\n|move|p2b: Gholdengo|Shadow Ball|p1a: The Jordan of VGC\n|-damage|p1a: The Jordan of VGC|0 fnt\n|faint|p1a: The Jordan of VGC\n|-activate|p2a: Roaring Moon|confusion\n|move|p2a: Roaring Moon|Acrobatics|p1b: Darth Vader\n|-activate|p1b: Darth Vader|move: Protect\n|\n|-weather|RainDance|[upkeep]\n|upkeep\n|turn|6\n|\n|t:|1682205557\n|move|p2b: Gholdengo|Shadow Ball|p1b: Darth Vader\n|-supereffective|p1b: Darth Vader\n|-damage|p1b: Darth Vader|0 fnt\n|faint|p1b: Darth Vader\n|-end|p1b: Darth Vader|Protosynthesis|[silent]\n|\n|win|MarkOnWindows\n","uploadtime":1682205560,"views":5,"p1id":"speedylinguine","p2id":"markonwindows","formatid":"gen9vgc2023regulationc","rating":0,"private":0,"password":""}