{"id":"gen9vgc2023regulationc-1862234164","p1":"snom roms","p2":"clovehitch","format":"[Gen 9] VGC 2023 Regulation C","log":"|j|\u2606snom roms\n|j|\u2606clovehitch\n|t:|1683852908\n|gametype|doubles\n|player|p1|snom roms|plasmagrunt|\n|player|p2|clovehitch|iris-gen5bw2|\n|teamsize|p1|6\n|teamsize|p2|6\n|gen|9\n|tier|[Gen 9] VGC 2023 Regulation C\n|rated|Tournament battle\n|rule|Species Clause: Limit one of each Pok\u00e9mon\n|rule|Item Clause: Limit one of each item\n|clearpoke\n|poke|p1|Tauros-Paldea-Aqua, L50, M|\n|poke|p1|Flutter Mane, L50|\n|poke|p1|Iron Bundle, L50|\n|poke|p1|Salazzle, L50, F|\n|poke|p1|Amoonguss, L50, M|\n|poke|p1|Garchomp, L50, F|\n|poke|p2|Glimmora, L50, M|\n|poke|p2|Dragonite, L50, M|\n|poke|p2|Dondozo, L50, M|\n|poke|p2|Tatsugiri, L50, F|\n|poke|p2|Chi-Yu, L50|\n|poke|p2|Iron Bundle, L50|\n|teampreview|4\n|raw| Open Team Sheet for snom roms<\/summary>Tauros (Tauros-Paldea-Aqua) (M) @ Choice Band Ability: Intimidate Level: 50 Tera Type: Ground - Aqua Jet - Raging Bull - Close Combat - Drill Run Flutter Mane @ Choice Specs Ability: Protosynthesis Level: 50 Tera Type: Fairy - Shadow Ball - Moonblast - Dazzling Gleam - Power Gem Iron Bundle @ Booster Energy Ability: Quark Drive Level: 50 Tera Type: Ghost - Freeze-Dry - Hydro Pump - Protect - Icy Wind Salazzle (F) @ Focus Sash Ability: Corrosion Level: 50 Tera Type: Flying - Will-O-Wisp - Protect - Toxic - Sludge Bomb Amoonguss @ Sitrus Berry Ability: Regenerator Level: 50 Tera Type: Water - Spore - Rage Powder - Pollen Puff - Protect Garchomp @ Clear Amulet Ability: Rough Skin Level: 50 Tera Type: Steel - Rock Slide - Swords Dance - Dragon Claw - Stomping Tantrum <\/details><\/div> Open Team Sheet for clovehitch<\/summary>Glimmora (M) @ Assault Vest Ability: Toxic Debris Level: 50 Shiny: Yes Tera Type: Grass - Mortal Spin - Power Gem - Earth Power - Energy Ball Dragonite (M) @ Choice Band Ability: Multiscale Level: 50 Shiny: Yes Tera Type: Normal - Outrage - Ice Spinner - Extreme Speed - Earthquake Dondozo (M) @ Leftovers Ability: Oblivious Level: 50 Tera Type: Grass - Wave Crash - Earthquake - Tera Blast - Protect Tatsugiri (F) @ Choice Scarf Ability: Commander Level: 50 Tera Type: Steel - Draco Meteor - Muddy Water - Icy Wind - Sleep Talk Chi-Yu @ Focus Sash Ability: Beads of Ruin Level: 50 Tera Type: Ghost - Overheat - Heat Wave - Dark Pulse - Protect Iron Bundle @ Booster Energy Ability: Quark Drive Level: 50 Shiny: Yes Tera Type: Ice - Hydro Pump - Icy Wind - Freeze-Dry - Protect <\/details><\/div>\n|j| T3hSleepyShuckle\n|c|\u2606snom roms|glhf\n|l| T3hSleepyShuckle\n|\n|t:|1683852951\n|start\n|switch|p1a: Flutter Mane|Flutter Mane, L50|100\/100\n|switch|p1b: Iron Bundle|Iron Bundle, L50|100\/100\n|switch|p2a: Iron Bundle|Iron Bundle, L50, shiny|100\/100\n|switch|p2b: Chi-Yu|Chi-Yu, L50|100\/100\n|-ability|p2b: Chi-Yu|Beads of Ruin\n|-enditem|p1b: Iron Bundle|Booster Energy\n|-activate|p1b: Iron Bundle|ability: Quark Drive|[fromitem]\n|-start|p1b: Iron Bundle|quarkdrivespe\n|-enditem|p2a: Iron Bundle|Booster Energy\n|-activate|p2a: Iron Bundle|ability: Quark Drive|[fromitem]\n|-start|p2a: Iron Bundle|quarkdrivespe\n|turn|1\n|inactive|Battle timer is ON: inactive players will automatically lose when time's up. (requested by snom roms)\n|j| Beyontle\n|c| Beyontle|one of yall are my next oponents\n|inactive|clovehitch has 60 seconds left.\n|inactive|snom roms has 60 seconds left.\n|\n|t:|1683853009\n|move|p2a: Iron Bundle|Protect|p2a: Iron Bundle\n|-singleturn|p2a: Iron Bundle|Protect\n|move|p1b: Iron Bundle|Icy Wind|p2a: Iron Bundle|[spread] p2b\n|-activate|p2a: Iron Bundle|move: Protect\n|-resisted|p2b: Chi-Yu\n|-damage|p2b: Chi-Yu|89\/100\n|-unboost|p2b: Chi-Yu|spe|1\n|move|p1a: Flutter Mane|Power Gem|p2b: Chi-Yu\n|-supereffective|p2b: Chi-Yu\n|-damage|p2b: Chi-Yu|0 fnt\n|faint|p2b: Chi-Yu\n|\n|upkeep\n|c|\u2606clovehitch|wp\n|\n|t:|1683853021\n|switch|p2b: Dondozo|Dondozo, L50, M|100\/100\n|turn|2\n|\n|t:|1683853029\n|move|p2b: Dondozo|Protect|p2b: Dondozo\n|-singleturn|p2b: Dondozo|Protect\n|move|p2a: Iron Bundle|Icy Wind|p1b: Iron Bundle|[spread] p1a,p1b\n|-resisted|p1b: Iron Bundle\n|-damage|p1a: Flutter Mane|79\/100\n|-damage|p1b: Iron Bundle|90\/100\n|-unboost|p1a: Flutter Mane|spe|1\n|-unboost|p1b: Iron Bundle|spe|1\n|move|p1b: Iron Bundle|Icy Wind|p2b: Dondozo|[spread] p2a\n|-activate|p2b: Dondozo|move: Protect\n|-resisted|p2a: Iron Bundle\n|-damage|p2a: Iron Bundle|90\/100\n|-unboost|p2a: Iron Bundle|spe|1\n|move|p1a: Flutter Mane|Power Gem|p2a: Iron Bundle\n|-supereffective|p2a: Iron Bundle\n|-damage|p2a: Iron Bundle|0 fnt\n|faint|p2a: Iron Bundle\n|-end|p2a: Iron Bundle|Quark Drive|[silent]\n|\n|upkeep\n|j| altarboy69\n|inactive|clovehitch has 30 seconds left.\n|\n|t:|1683853059\n|switch|p2a: Tatsugiri|Tatsugiri, L50, F|100\/100\n|-activate|p2a: Tatsugiri|ability: Commander|[of] p2b: Dondozo\n|-boost|p2b: Dondozo|atk|2\n|-boost|p2b: Dondozo|spa|2\n|-boost|p2b: Dondozo|spe|2\n|-boost|p2b: Dondozo|def|2\n|-boost|p2b: Dondozo|spd|2\n|turn|3\n|\n|t:|1683853072\n|-end|p1a: Flutter Mane|Protosynthesis|[silent]\n|switch|p1a: Amoonguss|Amoonguss, L50, M|100\/100\n|move|p1b: Iron Bundle|Freeze-Dry|p2a: Tatsugiri|[miss]\n|-miss|p1b: Iron Bundle|p2a: Tatsugiri\n|move|p2b: Dondozo|Earthquake|p1a: Amoonguss|[spread] p1a,p1b\n|-miss|p2b: Dondozo|p2a: Tatsugiri\n|-crit|p1a: Amoonguss\n|-damage|p1a: Amoonguss|44\/100\n|-damage|p1b: Iron Bundle|44\/100\n|-enditem|p1a: Amoonguss|Sitrus Berry|[eat]\n|-heal|p1a: Amoonguss|69\/100|[from] item: Sitrus Berry\n|\n|upkeep\n|turn|4\n|c|\u2606snom roms|oops\n|inactive|snom roms has 30 seconds left.\n|\n|t:|1683853098\n|-end|p1b: Iron Bundle|Quark Drive|[silent]\n|switch|p1b: Tauros|Tauros-Paldea-Aqua, L50, M|100\/100\n|-ability|p1b: Tauros|Intimidate|boost\n|-unboost|p2a: Tatsugiri|atk|1\n|-fail|p2b: Dondozo|unboost|Attack|[from] ability: Oblivious|[of] p2b: Dondozo\n|move|p2b: Dondozo|Earthquake|p1b: Tauros|[spread] p1a,p1b\n|-miss|p2b: Dondozo|p2a: Tatsugiri\n|-damage|p1a: Amoonguss|30\/100\n|-damage|p1b: Tauros|50\/100\n|move|p1a: Amoonguss|Spore|p2b: Dondozo\n|-status|p2b: Dondozo|slp|[from] move: Spore\n|\n|upkeep\n|turn|5\n|\n|t:|1683853123\n|switch|p1b: Iron Bundle|Iron Bundle, L50|44\/100\n|cant|p2b: Dondozo|slp\n|move|p1a: Amoonguss|Pollen Puff|p1b: Iron Bundle\n|-heal|p1b: Iron Bundle|94\/100\n|\n|upkeep\n|turn|6\n|\n|t:|1683853135\n|switch|p1a: Tauros|Tauros-Paldea-Aqua, L50, M|50\/100\n|-ability|p1a: Tauros|Intimidate|boost\n|-unboost|p2a: Tatsugiri|atk|1\n|-fail|p2b: Dondozo|unboost|Attack|[from] ability: Oblivious|[of] p2b: Dondozo\n|-terastallize|p2b: Dondozo|Grass\n|move|p1b: Iron Bundle|Freeze-Dry|p2b: Dondozo\n|-supereffective|p2b: Dondozo\n|-damage|p2b: Dondozo|66\/100 slp\n|-curestatus|p2b: Dondozo|slp|[msg]\n|move|p2b: Dondozo|Tera Blast|p1b: Iron Bundle\n|-supereffective|p1b: Iron Bundle\n|-damage|p1b: Iron Bundle|0 fnt\n|faint|p1b: Iron Bundle\n|-end|p1b: Iron Bundle|Quark Drive|[silent]\n|\n|-heal|p2b: Dondozo|72\/100|[from] item: Leftovers\n|upkeep\n|\n|t:|1683853151\n|switch|p1b: Amoonguss|Amoonguss, L50, M|63\/100\n|turn|7\n|\n|t:|1683853168\n|move|p2b: Dondozo|Protect|p2b: Dondozo\n|-singleturn|p2b: Dondozo|Protect\n|move|p1b: Amoonguss|Protect|p1b: Amoonguss\n|-singleturn|p1b: Amoonguss|Protect\n|move|p1a: Tauros|Close Combat|p2b: Dondozo\n|-activate|p2b: Dondozo|move: Protect\n|\n|-heal|p2b: Dondozo|78\/100|[from] item: Leftovers\n|upkeep\n|turn|8\n|inactive|snom roms has 30 seconds left.\n|inactive|clovehitch has 30 seconds left.\n|\n|t:|1683853201\n|move|p2b: Dondozo|Earthquake|p1a: Tauros|[spread] p1a,p1b\n|-miss|p2b: Dondozo|p2a: Tatsugiri\n|-damage|p1a: Tauros|6\/100\n|-damage|p1b: Amoonguss|24\/100\n|move|p1a: Tauros|Close Combat|p2b: Dondozo\n|-damage|p2b: Dondozo|49\/100\n|-unboost|p1a: Tauros|def|1\n|-unboost|p1a: Tauros|spd|1\n|move|p1b: Amoonguss|Pollen Puff|p1a: Tauros\n|-heal|p1a: Tauros|56\/100\n|\n|-heal|p2b: Dondozo|55\/100|[from] item: Leftovers\n|upkeep\n|turn|9\n|\n|t:|1683853214\n|switch|p1b: Flutter Mane|Flutter Mane, L50|79\/100\n|move|p2b: Dondozo|Earthquake|p1b: Flutter Mane|[spread] p1a,p1b\n|-miss|p2b: Dondozo|p2a: Tatsugiri\n|-damage|p1a: Tauros|0 fnt\n|-damage|p1b: Flutter Mane|0 fnt\n|faint|p1a: Tauros\n|faint|p1b: Flutter Mane\n|-end|p1b: Flutter Mane|Protosynthesis|[silent]\n|\n|-heal|p2b: Dondozo|61\/100|[from] item: Leftovers\n|upkeep\n|c|\u2606snom roms|ggs\n|c|\u2606clovehitch|gg\n|c|\u2606snom roms|I didnt read protect\n|inactive|snom roms has 30 seconds left.\n|-message|snom roms forfeited.\n|\n|win|clovehitch\n|n|\u2606snom roms|snomroms\n|n|\u2606clovehitch|clovehitch\n|n| Beyontle|beyontle\n|n| altarboy69|altarboy69\n|l|\u2606snom roms\n","uploadtime":1683853242,"views":9,"p1id":"snomroms","p2id":"clovehitch","formatid":"gen9vgc2023regulationc","rating":0,"private":0,"password":""}