{"id":"gen9vgc2023regulationc-1847117880","p1":"Raymond935","p2":"jayballester","format":"[Gen 9] VGC 2023 Regulation C","log":"|j|\u2606Raymond935\n|j|\u2606jayballester\n|t:|1681920533\n|gametype|doubles\n|player|p1|Raymond935|102|\n|player|p2|jayballester|riley|\n|teamsize|p1|6\n|teamsize|p2|6\n|gen|9\n|tier|[Gen 9] VGC 2023 Regulation C\n|rule|Species Clause: Limit one of each Pok\u00e9mon\n|rule|Item Clause: Limit one of each item\n|clearpoke\n|poke|p1|Rotom-Mow, L50|\n|poke|p1|Chien-Pao, L50|\n|poke|p1|Dragonite, L50, M|\n|poke|p1|Slowbro, L50, F|\n|poke|p1|Naclstack, L50, F|\n|poke|p1|Ceruledge, L50, M|\n|poke|p2|Corviknight, L50, M|\n|poke|p2|Ting-Lu, L50|\n|poke|p2|Salazzle, L50, F|\n|poke|p2|Palafin, L50, F|\n|poke|p2|Hatterene, L50, F|\n|poke|p2|Staraptor, L50, F|\n|teampreview|4\nRaymond935 rejected open team sheets.\n|c|\u2606Raymond935|G3\n|j| BBRAFF\n|l| BBRAFF\n|c|\u2606Raymond935|Gl hf\n|c|\u2606jayballester|glgl\n|\n|t:|1681922247\n|start\n|switch|p1a: Chien-Pao|Chien-Pao, L50|100\/100\n|switch|p1b: Dragonite|Dragonite, L50, M|100\/100\n|switch|p2a: Hatterene|Hatterene, L50, F|100\/100\n|switch|p2b: Palafin|Palafin, L50, F|100\/100\n|-ability|p1a: Chien-Pao|Sword of Ruin\n|turn|1\n|\n|t:|1681922446\n|detailschange|p2b: Palafin|Palafin-Hero, L50, F\n|switch|p2b: Corviknight|Corviknight, L50, M|100\/100\n|-ability|p2b: Corviknight|Pressure\n|-terastallize|p1b: Dragonite|Normal\n|move|p1b: Dragonite|Extreme Speed|p2a: Hatterene\n|-damage|p2a: Hatterene|27\/100\n|move|p1a: Chien-Pao|Icicle Crash|p2b: Corviknight\n|-damage|p2b: Corviknight|61\/100\n|move|p2a: Hatterene|Draining Kiss|p1a: Chien-Pao\n|-supereffective|p1a: Chien-Pao\n|-enditem|p1a: Chien-Pao|Focus Sash\n|-damage|p1a: Chien-Pao|1\/100\n|-heal|p2a: Hatterene|98\/100|[from] drain|[of] p1a: Chien-Pao\n|-damage|p2a: Hatterene|88\/100|[from] item: Life Orb\n|\n|-heal|p2b: Corviknight|67\/100|[from] item: Leftovers\n|upkeep\n|turn|2\n|\n|t:|1681922502\n|move|p2a: Hatterene|Protect|p2a: Hatterene\n|-singleturn|p2a: Hatterene|Protect\n|move|p1b: Dragonite|Extreme Speed|p2a: Hatterene\n|-activate|p2a: Hatterene|move: Protect\n|move|p1a: Chien-Pao|Icicle Crash|p2a: Hatterene\n|-activate|p2a: Hatterene|move: Protect\n|move|p2b: Corviknight|Roost|p2b: Corviknight\n|-heal|p2b: Corviknight|100\/100\n|-singleturn|p2b: Corviknight|move: Roost\n|\n|upkeep\n|turn|3\n|\n|t:|1681922535\n|switch|p1a: Slowbro|Slowbro, L50, F|100\/100\n|-terastallize|p2a: Hatterene|Steel\n|move|p1b: Dragonite|Extreme Speed|p2a: Hatterene\n|-resisted|p2a: Hatterene\n|-damage|p2a: Hatterene|59\/100\n|move|p2b: Corviknight|Brave Bird|p1a: Slowbro\n|-damage|p1a: Slowbro|63\/100\n|-damage|p2b: Corviknight|90\/100|[from] Recoil\n|move|p2a: Hatterene|Draining Kiss|p1b: Dragonite\n|-damage|p1b: Dragonite|72\/100\n|-heal|p2a: Hatterene|80\/100|[from] drain|[of] p1b: Dragonite\n|-damage|p2a: Hatterene|71\/100|[from] item: Life Orb\n|\n|-heal|p2b: Corviknight|96\/100|[from] item: Leftovers\n|-heal|p1a: Slowbro|69\/100|[from] item: Leftovers\n|upkeep\n|turn|4\n|\n|t:|1681922568\n|switch|p1b: Ceruledge|Ceruledge, L50, M|100\/100\n|move|p2b: Corviknight|Brave Bird|p1b: Ceruledge\n|-damage|p1b: Ceruledge|36\/100\n|-damage|p2b: Corviknight|79\/100|[from] Recoil\n|move|p1a: Slowbro|Slack Off|p1a: Slowbro\n|-heal|p1a: Slowbro|100\/100\n|move|p2a: Hatterene|Draining Kiss|p1b: Ceruledge\n|-resisted|p1b: Ceruledge\n|-damage|p1b: Ceruledge|21\/100\n|-heal|p2a: Hatterene|81\/100|[from] drain|[of] p1b: Ceruledge\n|-damage|p2a: Hatterene|71\/100|[from] item: Life Orb\n|\n|-heal|p2b: Corviknight|85\/100|[from] item: Leftovers\n|upkeep\n|turn|5\n|\n|t:|1681922597\n|switch|p2b: Palafin|Palafin-Hero, L50, F|100\/100\n|-activate|p2b: Palafin|ability: Zero to Hero\n|move|p1b: Ceruledge|Protect|p1b: Ceruledge\n|-singleturn|p1b: Ceruledge|Protect\n|move|p2a: Hatterene|Protect|p2a: Hatterene\n|-singleturn|p2a: Hatterene|Protect\n|move|p1a: Slowbro|Hydro Pump|p2a: Hatterene\n|-activate|p2a: Hatterene|move: Protect\n|\n|upkeep\n|turn|6\n|\n|t:|1681922630\n|switch|p1b: Dragonite|Dragonite, L50, M, tera:Normal|72\/100\n|move|p2b: Palafin|Wave Crash|p1b: Dragonite\n|-damage|p1b: Dragonite|0 fnt\n|faint|p1b: Dragonite\n|-damage|p2b: Palafin|79\/100|[from] Recoil\n|move|p1a: Slowbro|Psychic|p2b: Palafin\n|-damage|p2b: Palafin|35\/100\n|move|p2a: Hatterene|Giga Drain|p1a: Slowbro\n|-supereffective|p1a: Slowbro\n|-damage|p1a: Slowbro|35\/100\n|-heal|p2a: Hatterene|100\/100|[from] drain|[of] p1a: Slowbro\n|-damage|p2a: Hatterene|91\/100|[from] item: Life Orb\n|\n|-heal|p1a: Slowbro|40\/100|[from] item: Leftovers\n|upkeep\n|\n|t:|1681922640\n|switch|p1b: Ceruledge|Ceruledge, L50, M|21\/100\n|turn|7\n|\n|t:|1681922657\n|move|p2b: Palafin|Jet Punch|p1b: Ceruledge\n|-supereffective|p1b: Ceruledge\n|-damage|p1b: Ceruledge|0 fnt\n|faint|p1b: Ceruledge\n|move|p1a: Slowbro|Psychic|p2b: Palafin\n|-damage|p2b: Palafin|0 fnt\n|faint|p2b: Palafin\n|move|p2a: Hatterene|Giga Drain|p1a: Slowbro\n|-supereffective|p1a: Slowbro\n|-crit|p1a: Slowbro\n|-damage|p1a: Slowbro|0 fnt\n|-heal|p2a: Hatterene|100\/100|[from] drain|[of] p1a: Slowbro\n|faint|p1a: Slowbro\n|-damage|p2a: Hatterene|91\/100|[from] item: Life Orb\n|\n|upkeep\n|\n|t:|1681922668\n|switch|p2b: Corviknight|Corviknight, L50, M|85\/100\n|switch|p1b: Chien-Pao|Chien-Pao, L50|1\/100\n|-ability|p1b: Chien-Pao|Sword of Ruin\n|-ability|p2b: Corviknight|Pressure\n|turn|8\n|c|\u2606jayballester|ggs!\n|\n|t:|1681922682\n|move|p1b: Chien-Pao|Icicle Crash|p2b: Corviknight\n|-damage|p2b: Corviknight|43\/100\n|move|p2b: Corviknight|Brave Bird|p1b: Chien-Pao\n|-damage|p1b: Chien-Pao|0 fnt\n|faint|p1b: Chien-Pao\n|-damage|p2b: Corviknight|43\/100|[from] Recoil\n|\n|win|jayballester\n|c|\u2606Raymond935|Gg\n|c|\u2606Raymond935|Nice prep!\n|c|\u2606jayballester|that was so hard\n|c|\u2606jayballester|After g1 I thoguht I was doomed\n|c|\u2606Raymond935|I thought the match up was pretty advantageous to my draft, corv def impressed me\n|c|\u2606jayballester|Yeah the whole thing relied on corv stopping pao and dnite\n|c|\u2606jayballester|Also my calcs were all wrong cause I though banded E-Speed did 50% max to hatt\n|c|\u2606jayballester|even with word of ruin\n|c|\u2606Raymond935|Got really lucky with outrage G1\n|c|\u2606Raymond935|COulda gone your way easily\n|c|\u2606jayballester|that 50\/50 was rough yea\n|c|\u2606Raymond935|I messed up my calcs too\n|c|\u2606Raymond935|ruins are hard\n|c|\u2606jayballester|yeeea\n|c|\u2606Raymond935|My calc was telling me espeed would straight up kill hat turn 1\n|c|\u2606Raymond935|So I didn't crash into it along w espeed\n|c|\u2606Raymond935|Ggs\n|l|\u2606Raymond935\n|c|\u2606jayballester|GG!\n","uploadtime":1681922724,"views":33,"p1id":"raymond935","p2id":"jayballester","formatid":"gen9vgc2023regulationc","rating":0,"private":0,"password":""}