{"id":"gen9vgc2023regulationc-1851700014","p1":"Om3gamouse","p2":"Solochime","format":"[Gen 9] VGC 2023 Regulation C","log":"|j|\u2606Om3gamouse\n|j|\u2606Solochime\n|t:|1682471561\n|gametype|doubles\n|player|p1|Om3gamouse|larry|1239\n|player|p2|Solochime|infielder|1185\n|teamsize|p1|6\n|teamsize|p2|6\n|gen|9\n|tier|[Gen 9] VGC 2023 Regulation C\n|rated|\n|rule|Species Clause: Limit one of each Pok\u00e9mon\n|rule|Item Clause: Limit one of each item\n|clearpoke\n|poke|p1|Arcanine, L50, M|\n|poke|p1|Iron Bundle, L50|\n|poke|p1|Amoonguss, L50, M|\n|poke|p1|Palafin, L50, M|\n|poke|p1|Tinkaton, L50, F|\n|poke|p1|Kingambit, L50, M|\n|poke|p2|Hydreigon, L50, F|\n|poke|p2|Murkrow, L50, F|\n|poke|p2|Arcanine, L50, M|\n|poke|p2|Garchomp, L50, F|\n|poke|p2|Orthworm, L50, F|\n|poke|p2|Flutter Mane, L50|\n|teampreview|4\nOm3gamouse has agreed to open team sheets.\n|inactive|Battle timer is ON: inactive players will automatically lose when time's up. (requested by Om3gamouse)\n|inactive|Om3gamouse has 60 seconds left.\n|c|\u2606Solochime|Lead Bundle and Tink\n|\n|t:|1682471629\n|start\n|switch|p1a: Tinkaton|Tinkaton, L50, F|100\/100\n|switch|p1b: Iron Bundle|Iron Bundle, L50|100\/100\n|switch|p2a: Murkrow|Murkrow, L50, F|100\/100\n|switch|p2b: Hydreigon|Hydreigon, L50, F|100\/100\n|-enditem|p1b: Iron Bundle|Booster Energy\n|-activate|p1b: Iron Bundle|ability: Quark Drive|[fromitem]\n|-start|p1b: Iron Bundle|quarkdrivespe\n|turn|1\n|inactive|Om3gamouse has 30 seconds left.\n|inactive|Solochime has 30 seconds left.\n|\n|t:|1682471663\n|-terastallize|p2b: Hydreigon|Poison\n|move|p1a: Tinkaton|Feint|p2b: Hydreigon\n|-damage|p2b: Hydreigon|89\/100\n|-damage|p1a: Tinkaton|91\/100|[from] item: Life Orb\n|move|p2a: Murkrow|Tailwind|p2a: Murkrow\n|-sidestart|p2: Solochime|move: Tailwind\n|move|p2b: Hydreigon|Dark Pulse|p1b: Iron Bundle\n|-crit|p1b: Iron Bundle\n|-damage|p1b: Iron Bundle|0 fnt\n|faint|p1b: Iron Bundle\n|-end|p1b: Iron Bundle|Quark Drive|[silent]\n|-damage|p2b: Hydreigon|80\/100|[from] item: Life Orb\n|\n|upkeep\n|\n|t:|1682471684\n|switch|p1b: Arcanine|Arcanine, L50, M|100\/100\n|-ability|p1b: Arcanine|Intimidate|boost\n|-unboost|p2a: Murkrow|atk|1\n|-unboost|p2b: Hydreigon|atk|1\n|turn|2\n|\n|t:|1682471696\n|move|p2a: Murkrow|Taunt|p1b: Arcanine\n|-start|p1b: Arcanine|move: Taunt\n|move|p2b: Hydreigon|Flamethrower|p1a: Tinkaton\n|-supereffective|p1a: Tinkaton\n|-damage|p1a: Tinkaton|19\/100\n|-damage|p2b: Hydreigon|70\/100|[from] item: Life Orb\n|cant|p1b: Arcanine|move: Taunt|Howl\n|move|p1a: Tinkaton|Gigaton Hammer|p2b: Hydreigon\n|-damage|p2b: Hydreigon|0 fnt\n|faint|p2b: Hydreigon\n|-damage|p1a: Tinkaton|9\/100|[from] item: Life Orb\n|\n|upkeep\n|\n|t:|1682471711\n|switch|p2b: Garchomp|Garchomp, L50, F|100\/100\n|turn|3\n|\n|t:|1682471731\n|-terastallize|p1b: Arcanine|Flying\n|move|p1a: Tinkaton|Feint|p2b: Garchomp\n|-damage|p2b: Garchomp|91\/100\n|-damage|p1a: Tinkaton|0 fnt|[from] item: Life Orb\n|faint|p1a: Tinkaton\n|move|p2b: Garchomp|Earthquake|p1b: Arcanine|[spread] \n|-immune|p2a: Murkrow\n|-immune|p1b: Arcanine\n|move|p2a: Murkrow|Foul Play|p1b: Arcanine\n|-damage|p1b: Arcanine|53\/100\n|move|p1b: Arcanine|Flare Blitz|p2b: Garchomp\n|-resisted|p2b: Garchomp\n|-damage|p2b: Garchomp|62\/100\n|-damage|p1b: Arcanine|41\/100|[from] ability: Rough Skin|[of] p2b: Garchomp\n|-damage|p1b: Arcanine|31\/100|[from] Recoil\n|\n|upkeep\n|\n|t:|1682471749\n|switch|p1a: Kingambit|Kingambit, L50, M|100\/100\n|turn|4\n|\n|t:|1682471768\n|switch|p2a: Arcanine|Arcanine, L50, M|100\/100\n|-ability|p2a: Arcanine|Intimidate|boost\n|-unboost|p1a: Kingambit|atk|1\n|-ability|p1a: Kingambit|Defiant|boost\n|-boost|p1a: Kingambit|atk|2\n|-unboost|p1b: Arcanine|atk|1\n|move|p2b: Garchomp|Protect|p2b: Garchomp\n|-singleturn|p2b: Garchomp|Protect\n|move|p1a: Kingambit|Sucker Punch||[still]\n|-fail|p1a: Kingambit\n|move|p1b: Arcanine|Flare Blitz|p2b: Garchomp\n|-activate|p2b: Garchomp|move: Protect\n|\n|-end|p1b: Arcanine|move: Taunt\n|-sideend|p2: Solochime|move: Tailwind\n|upkeep\n|turn|5\n|inactive|Om3gamouse has 30 seconds left.\n|inactive|Solochime has 30 seconds left.\n|inactive|Solochime has 20 seconds left.\n|\n|t:|1682471803\n|move|p1a: Kingambit|Sucker Punch|p2b: Garchomp\n|-damage|p2b: Garchomp|3\/100\n|-damage|p1a: Kingambit|88\/100|[from] ability: Rough Skin|[of] p2b: Garchomp\n|move|p2b: Garchomp|Rock Slide|p1a: Kingambit|[spread] p1a,p1b\n|-resisted|p1a: Kingambit\n|-supereffective|p1b: Arcanine\n|-damage|p1a: Kingambit|80\/100\n|-damage|p1b: Arcanine|0 fnt\n|faint|p1b: Arcanine\n|move|p2a: Arcanine|Flare Blitz|p1a: Kingambit\n|-supereffective|p1a: Kingambit\n|-damage|p1a: Kingambit|2\/100\n|-damage|p2a: Arcanine|72\/100|[from] Recoil\n|\n|upkeep\n|turn|6\n|\n|t:|1682471819\n|move|p2b: Garchomp|Protect|p2b: Garchomp\n|-singleturn|p2b: Garchomp|Protect\n|move|p2a: Arcanine|Extreme Speed|p1a: Kingambit\n|-resisted|p1a: Kingambit\n|-damage|p1a: Kingambit|0 fnt\n|faint|p1a: Kingambit\n|\n|win|Solochime\n|raw|Om3gamouse's rating: 1239 → 1210<\/strong> (-29 for losing)\n|raw|Solochime's rating: 1185 → 1214<\/strong> (+29 for winning)\n","uploadtime":1682471824,"views":15,"p1id":"om3gamouse","p2id":"solochime","formatid":"gen9vgc2023regulationc","rating":1210,"private":0,"password":""}