{"id":"gen9vgc2023regulationc-1861160097","p1":"SIGYLYFH","p2":"D-scNSe","format":"[Gen 9] VGC 2023 Regulation C","log":"|j|\u2606SIGYLYFH\n|j|\u2606D-scNSe\n|t:|1683731833\n|gametype|doubles\n|player|p1|SIGYLYFH|sailor|1233\n|player|p2|D-scNSe|169|1336\n|teamsize|p1|6\n|teamsize|p2|6\n|gen|9\n|tier|[Gen 9] VGC 2023 Regulation C\n|rated|\n|rule|Species Clause: Limit one of each Pok\u00e9mon\n|rule|Item Clause: Limit one of each item\n|clearpoke\n|poke|p1|Iron Hands, L50|\n|poke|p1|Amoonguss, L50, F|\n|poke|p1|Pelipper, L50, F|\n|poke|p1|Palafin, L50, M|\n|poke|p1|Dragonite, L50, M|\n|poke|p1|Chien-Pao, L50|\n|poke|p2|Flutter Mane, L50|\n|poke|p2|Ting-Lu, L50|\n|poke|p2|Maushold-Four, L50|\n|poke|p2|Annihilape, L50, M|\n|poke|p2|Iron Bundle, L50|\n|poke|p2|Arcanine, L50, M|\n|teampreview|4\n|inactive|Battle timer is ON: inactive players will automatically lose when time's up. (requested by SIGYLYFH)\nSIGYLYFH has agreed to open team sheets.\n|\n|t:|1683731854\n|start\n|switch|p1a: Postit|Iron Hands, L50|100\/100\n|switch|p1b: Aslunguss|Amoonguss, L50, F, shiny|100\/100\n|switch|p2a: Maushold|Maushold-Four, L50|100\/100\n|switch|p2b: Annihilape|Annihilape, L50, M|100\/100\n|turn|1\n|inactive|SIGYLYFH has 30 seconds left.\n|\n|t:|1683731885\n|move|p2a: Maushold|Protect|p2a: Maushold\n|-singleturn|p2a: Maushold|Protect\n|move|p2b: Annihilape|Protect|p2b: Annihilape\n|-singleturn|p2b: Annihilape|Protect\n|move|p1a: Postit|Volt Switch|p2b: Annihilape\n|-activate|p2b: Annihilape|move: Protect\n|move|p1b: Aslunguss|Spore|p2b: Annihilape\n|-activate|p2b: Annihilape|move: Protect\n|\n|upkeep\n|turn|2\n|\n|t:|1683731897\n|move|p2a: Maushold|Beat Up|p2b: Annihilape\n|-damage|p2b: Annihilape|99\/100\n|-damage|p2b: Annihilape|96\/100\n|-damage|p2b: Annihilape|94\/100\n|-damage|p2b: Annihilape|92\/100\n|-hitcount|p2b: Annihilape|4\n|move|p2b: Annihilape|Rage Fist|p1b: Aslunguss\n|-damage|p1b: Aslunguss|0 fnt\n|faint|p1b: Aslunguss\n|move|p1a: Postit|Close Combat|p2a: Maushold\n|-supereffective|p2a: Maushold\n|-damage|p2a: Maushold|0 fnt\n|-unboost|p1a: Postit|def|1\n|-unboost|p1a: Postit|spd|1\n|faint|p2a: Maushold\n|\n|-heal|p2b: Annihilape|98\/100|[from] item: Leftovers\n|upkeep\n|\n|t:|1683731910\n|switch|p2a: Flutter Mane|Flutter Mane, L50|100\/100\n|switch|p1b: oppio|Chien-Pao, L50|100\/100\n|-ability|p1b: oppio|Sword of Ruin\n|-enditem|p2a: Flutter Mane|Booster Energy\n|-activate|p2a: Flutter Mane|ability: Protosynthesis|[fromitem]\n|-start|p2a: Flutter Mane|protosynthesisspe\n|turn|3\n|\n|t:|1683731923\n|-end|p1a: Postit|Quark Drive|[silent]\n|switch|p1a: Rim|Pelipper, L50, F|100\/100\n|-weather|RainDance|[from] ability: Drizzle|[of] p1a: Rim\n|-terastallize|p1b: oppio|Dark\n|-terastallize|p2b: Annihilape|Fire\n|move|p1b: oppio|Sucker Punch|p2b: Annihilape\n|-damage|p2b: Annihilape|18\/100\n|-damage|p1b: oppio|91\/100|[from] item: Life Orb\n|move|p2a: Flutter Mane|Moonblast|p1a: Rim\n|-damage|p1a: Rim|6\/100\n|-unboost|p1a: Rim|spa|1\n|move|p2b: Annihilape|Drain Punch|p1b: oppio\n|-supereffective|p1b: oppio\n|-damage|p1b: oppio|0 fnt\n|-heal|p2b: Annihilape|50\/100|[from] drain|[of] p1b: oppio\n|faint|p1b: oppio\n|\n|-weather|RainDance|[upkeep]\n|-heal|p2b: Annihilape|56\/100|[from] item: Leftovers\n|upkeep\n|\n|t:|1683731934\n|switch|p1b: Postit|Iron Hands, L50|100\/100\n|turn|4\n|\n|t:|1683731949\n|move|p1a: Rim|Protect|p1a: Rim\n|-singleturn|p1a: Rim|Protect\n|move|p2b: Annihilape|Protect|p2b: Annihilape\n|-singleturn|p2b: Annihilape|Protect\n|move|p2a: Flutter Mane|Moonblast|p1b: Postit\n|-supereffective|p1b: Postit\n|-damage|p1b: Postit|49\/100\n|move|p1b: Postit|Wild Charge|p2a: Flutter Mane\n|-damage|p2a: Flutter Mane|3\/100\n|-damage|p1b: Postit|35\/100|[from] Recoil\n|\n|-weather|RainDance|[upkeep]\n|-heal|p2b: Annihilape|62\/100|[from] item: Leftovers\n|upkeep\n|turn|5\n|inactive|D-scNSe has 30 seconds left.\n|\n|t:|1683731975\n|move|p2a: Flutter Mane|Thunderbolt|p1a: Rim\n|-supereffective|p1a: Rim\n|-crit|p1a: Rim\n|-damage|p1a: Rim|0 fnt\n|faint|p1a: Rim\n|move|p2b: Annihilape|Rage Fist|p1b: Postit\n|-damage|p1b: Postit|0 fnt\n|faint|p1b: Postit\n|-end|p1b: Postit|Quark Drive|[silent]\n|\n|win|D-scNSe\n|raw|SIGYLYFH's rating: 1233 → 1215<\/strong> (-18 for losing)\n|raw|D-scNSe's rating: 1336 → 1350<\/strong> (+14 for winning)\n|l|\u2606SIGYLYFH\n","uploadtime":1683731986,"views":7,"p1id":"sigylyfh","p2id":"dscnse","formatid":"gen9vgc2023regulationc","rating":1215,"private":0,"password":""}