{"id":"gen9vgc2023regulationc-1850862682","p1":"Chi-YuOneTrick","p2":"SL1D","format":"[Gen 9] VGC 2023 Regulation C","log":"|j|\u2606Chi-YuOneTrick\n|j|\u2606SL1D\n|t:|1682375602\n|gametype|doubles\n|player|p1|Chi-YuOneTrick|acetrainer-gen6xy|1392\n|player|p2|SL1D|palmer|1422\n|teamsize|p1|6\n|teamsize|p2|6\n|gen|9\n|tier|[Gen 9] VGC 2023 Regulation C\n|rated|\n|rule|Species Clause: Limit one of each Pok\u00e9mon\n|rule|Item Clause: Limit one of each item\n|clearpoke\n|poke|p1|Amoonguss, L50, F|\n|poke|p1|Gyarados, L50, F|\n|poke|p1|Chi-Yu, L50|\n|poke|p1|Roaring Moon, L50|\n|poke|p1|Iron Hands, L50|\n|poke|p1|Flutter Mane, L50|\n|poke|p2|Haxorus, L50, M|\n|poke|p2|Talonflame, L50, F|\n|poke|p2|Gyarados, L50, M|\n|poke|p2|Flutter Mane, L50|\n|poke|p2|Ting-Lu, L50|\n|poke|p2|Baxcalibur, L50, M|\n|teampreview|4\n|inactive|Battle timer is ON: inactive players will automatically lose when time's up. (requested by SL1D)\n|inactive|Chi-YuOneTrick has 60 seconds left.\n|inactive|SL1D has 60 seconds left.\n|inactive|SL1D has 30 seconds left.\n|\n|t:|1682375667\n|start\n|switch|p1a: Chi-Yu|Chi-Yu, L50|100\/100\n|switch|p1b: Iron Hands|Iron Hands, L50|100\/100\n|switch|p2a: Flutter Mane|Flutter Mane, L50, shiny|100\/100\n|switch|p2b: Baxcalibur|Baxcalibur, L50, M|100\/100\n|-ability|p1a: Chi-Yu|Beads of Ruin\n|turn|1\n|\n|t:|1682375689\n|move|p2b: Baxcalibur|Protect|p2b: Baxcalibur\n|-singleturn|p2b: Baxcalibur|Protect\n|move|p2a: Flutter Mane|Dazzling Gleam|p1b: Iron Hands|[spread] p1a,p1b\n|-supereffective|p1b: Iron Hands\n|-damage|p1a: Chi-Yu|63\/100\n|-damage|p1b: Iron Hands|44\/100\n|move|p1a: Chi-Yu|Nasty Plot|p1a: Chi-Yu\n|-boost|p1a: Chi-Yu|spa|2\n|move|p1b: Iron Hands|Heavy Slam|p2a: Flutter Mane\n|-supereffective|p2a: Flutter Mane\n|-damage|p2a: Flutter Mane|0 fnt\n|faint|p2a: Flutter Mane\n|-end|p2a: Flutter Mane|Protosynthesis|[silent]\n|\n|-heal|p1a: Chi-Yu|70\/100|[from] item: Leftovers\n|upkeep\n|\n|t:|1682375702\n|switch|p2a: Ting-Lu|Ting-Lu, L50|100\/100\n|-ability|p2a: Ting-Lu|Vessel of Ruin\n|turn|2\n|\n|t:|1682375724\n|-end|p1b: Iron Hands|Quark Drive|[silent]\n|switch|p1b: Gyarados|Gyarados, L50, F|100\/100\n|-ability|p1b: Gyarados|Intimidate|boost\n|-unboost|p2a: Ting-Lu|atk|1\n|-unboost|p2b: Baxcalibur|atk|1\n|-terastallize|p2b: Baxcalibur|Water\n|move|p1a: Chi-Yu|Protect|p1a: Chi-Yu\n|-singleturn|p1a: Chi-Yu|Protect\n|move|p2b: Baxcalibur|Glaive Rush|p1b: Gyarados\n|-damage|p1b: Gyarados|50\/100\n|-singlemove|p2b: Baxcalibur|Glaive Rush|[silent]\n|move|p2a: Ting-Lu|Stomping Tantrum|p1a: Chi-Yu\n|-activate|p1a: Chi-Yu|move: Protect\n|\n|-heal|p1a: Chi-Yu|76\/100|[from] item: Leftovers\n|upkeep\n|turn|3\n|\n|t:|1682375744\n|-terastallize|p1a: Chi-Yu|Water\n|move|p2b: Baxcalibur|Protect|p2b: Baxcalibur\n|-singleturn|p2b: Baxcalibur|Protect\n|move|p1a: Chi-Yu|Flamethrower|p2a: Ting-Lu\n|-damage|p2a: Ting-Lu|49\/100\n|move|p1b: Gyarados|Waterfall|p2a: Ting-Lu\n|-supereffective|p2a: Ting-Lu\n|-damage|p2a: Ting-Lu|14\/100\n|move|p2a: Ting-Lu|Stomping Tantrum|p1a: Chi-Yu\n|-damage|p1a: Chi-Yu|48\/100\n|\n|-heal|p1a: Chi-Yu|54\/100|[from] item: Leftovers\n|upkeep\n|turn|4\n|\n|t:|1682375762\n|switch|p2a: Gyarados|Gyarados, L50, M|100\/100\n|-ability|p2a: Gyarados|Intimidate|boost\n|-unboost|p1a: Chi-Yu|atk|1\n|-unboost|p1b: Gyarados|atk|1\n|move|p1a: Chi-Yu|Protect|p1a: Chi-Yu\n|-singleturn|p1a: Chi-Yu|Protect\n|move|p2b: Baxcalibur|Glaive Rush|p1a: Chi-Yu\n|-activate|p1a: Chi-Yu|move: Protect\n|move|p1b: Gyarados|Waterfall|p2a: Gyarados\n|-resisted|p2a: Gyarados\n|-damage|p2a: Gyarados|90\/100\n|\n|-heal|p1a: Chi-Yu|60\/100|[from] item: Leftovers\n|upkeep\n|turn|5\n|\n|t:|1682375787\n|switch|p1b: Iron Hands|Iron Hands, L50|44\/100\n|move|p1a: Chi-Yu|Dark Pulse|p2a: Gyarados\n|-damage|p2a: Gyarados|5\/100\n|-enditem|p2a: Gyarados|Sitrus Berry|[eat]\n|-heal|p2a: Gyarados|30\/100|[from] item: Sitrus Berry\n|move|p2a: Gyarados|Thunder Wave|p1b: Iron Hands\n|-immune|p1b: Iron Hands\n|move|p2b: Baxcalibur|Glaive Rush|p1a: Chi-Yu\n|-damage|p1a: Chi-Yu|4\/100\n|-singlemove|p2b: Baxcalibur|Glaive Rush|[silent]\n|\n|-heal|p1a: Chi-Yu|10\/100|[from] item: Leftovers\n|upkeep\n|turn|6\n|\n|t:|1682375803\n|move|p2b: Baxcalibur|Protect|p2b: Baxcalibur\n|-singleturn|p2b: Baxcalibur|Protect\n|move|p1b: Iron Hands|Fake Out|p2b: Baxcalibur\n|-activate|p2b: Baxcalibur|move: Protect\n|move|p1a: Chi-Yu|Dark Pulse|p2a: Gyarados\n|-damage|p2a: Gyarados|0 fnt\n|faint|p2a: Gyarados\n|\n|-heal|p1a: Chi-Yu|17\/100|[from] item: Leftovers\n|upkeep\n|\n|t:|1682375812\n|switch|p2a: Ting-Lu|Ting-Lu, L50|14\/100\n|-ability|p2a: Ting-Lu|Vessel of Ruin\n|turn|7\n|\n|t:|1682375823\n|-end|p1b: Iron Hands|Quark Drive|[silent]\n|switch|p1b: Gyarados|Gyarados, L50, F|50\/100\n|-ability|p1b: Gyarados|Intimidate|boost\n|-unboost|p2a: Ting-Lu|atk|1\n|-unboost|p2b: Baxcalibur|atk|1\n|move|p1a: Chi-Yu|Protect|p1a: Chi-Yu\n|-singleturn|p1a: Chi-Yu|Protect\n|move|p2b: Baxcalibur|Ice Shard|p1a: Chi-Yu\n|-activate|p1a: Chi-Yu|move: Protect\n|move|p2a: Ting-Lu|Stomping Tantrum|p1b: Gyarados\n|-immune|p1b: Gyarados\n|\n|-heal|p1a: Chi-Yu|23\/100|[from] item: Leftovers\n|upkeep\n|turn|8\n|-message|SL1D forfeited.\n|\n|win|Chi-YuOneTrick\n|raw|Chi-YuOneTrick's rating: 1392 → 1414<\/strong> (+22 for winning)\n|raw|SL1D's rating: 1422 → 1400<\/strong> (-22 for losing)\n|l|\u2606SL1D\n","uploadtime":1682375840,"views":13,"p1id":"chiyuonetrick","p2id":"sl1d","formatid":"gen9vgc2023regulationc","rating":1400,"private":0,"password":""}