{"id":"gen9vgc2023regulationc-1854479557","p1":"NicoHaxVGC","p2":"guantoblu","format":"[Gen 9] VGC 2023 Regulation C","log":"|j|\u2606NicoHaxVGC\n|j|\u2606guantoblu\n|t:|1682816254\n|gametype|doubles\n|player|p1|NicoHaxVGC|red|1346\n|player|p2|guantoblu|170|1311\n|teamsize|p1|6\n|teamsize|p2|6\n|gen|9\n|tier|[Gen 9] VGC 2023 Regulation C\n|rated|\n|rule|Species Clause: Limit one of each Pok\u00e9mon\n|rule|Item Clause: Limit one of each item\n|clearpoke\n|poke|p1|Corviknight, L50, F|\n|poke|p1|Ting-Lu, L50|\n|poke|p1|Annihilape, L50, M|\n|poke|p1|Amoonguss, L50, F|\n|poke|p1|Iron Bundle, L50|\n|poke|p1|Flutter Mane, L50|\n|poke|p2|Skeledirge, L50, M|\n|poke|p2|Oranguru, L50, M|\n|poke|p2|Lycanroc, L50, F|\n|poke|p2|Tyranitar, L50, M|\n|poke|p2|Garchomp, L50, F|\n|poke|p2|Gastrodon, L50, M|\n|teampreview|4\n|inactive|Battle timer is ON: inactive players will automatically lose when time's up. (requested by NicoHaxVGC)\n|\n|t:|1682816280\n|start\n|switch|p1a: Beast boy|Ting-Lu, L50|100\/100\n|switch|p1b: Robin|Annihilape, L50, M|100\/100\n|switch|p2a: Skeledirge|Skeledirge, L50, M|100\/100\n|switch|p2b: Oranguru|Oranguru, L50, M|100\/100\n|-ability|p1a: Beast boy|Vessel of Ruin\n|turn|1\n|\n|t:|1682816300\n|-terastallize|p2a: Skeledirge|Normal\n|move|p1b: Robin|Bulk Up|p1b: Robin\n|-boost|p1b: Robin|atk|1\n|-boost|p1b: Robin|def|1\n|move|p2a: Skeledirge|Torch Song|p1b: Robin\n|-damage|p1b: Robin|73\/100\n|-boost|p2a: Skeledirge|spa|1\n|-enditem|p2a: Skeledirge|Throat Spray\n|-boost|p2a: Skeledirge|spa|1|[from] item: Throat Spray\n|move|p2b: Oranguru|Instruct|p2a: Skeledirge\n|-singleturn|p2a: Skeledirge|move: Instruct|[of] p2b: Oranguru\n|move|p2a: Skeledirge|Torch Song|p1b: Robin\n|-damage|p1b: Robin|24\/100\n|-boost|p2a: Skeledirge|spa|1\n|move|p1a: Beast boy|Stone Edge|p2a: Skeledirge\n|-damage|p2a: Skeledirge|76\/100\n|\n|-heal|p1b: Robin|30\/100|[from] item: Leftovers\n|upkeep\n|turn|2\n|inactive|NicoHaxVGC has 30 seconds left.\n|inactive|guantoblu has 30 seconds left.\n|\n|t:|1682816330\n|switch|p1a: Cyborg|Iron Bundle, L50|100\/100\n|-enditem|p1a: Cyborg|Booster Energy\n|-activate|p1a: Cyborg|ability: Quark Drive|[fromitem]\n|-start|p1a: Cyborg|quarkdrivespe\n|move|p1b: Robin|Protect|p1b: Robin\n|-singleturn|p1b: Robin|Protect\n|move|p2a: Skeledirge|Protect|p2a: Skeledirge\n|-singleturn|p2a: Skeledirge|Protect\n|move|p2b: Oranguru|Thunderbolt|p1b: Robin\n|-activate|p1b: Robin|move: Protect\n|\n|-heal|p1b: Robin|36\/100|[from] item: Leftovers\n|upkeep\n|turn|3\n|inactive|guantoblu has 30 seconds left.\n|inactive|guantoblu has 20 seconds left.\n|\n|t:|1682816367\n|move|p1a: Cyborg|Icy Wind|p2b: Oranguru|[spread] p2a,p2b\n|-damage|p2a: Skeledirge|55\/100\n|-damage|p2b: Oranguru|85\/100\n|-unboost|p2a: Skeledirge|spe|1\n|-unboost|p2b: Oranguru|spe|1\n|move|p1b: Robin|Drain Punch|p2a: Skeledirge\n|-supereffective|p2a: Skeledirge\n|-damage|p2a: Skeledirge|0 fnt\n|-heal|p1b: Robin|63\/100|[from] drain|[of] p2a: Skeledirge\n|faint|p2a: Skeledirge\n|move|p2b: Oranguru|Thunderbolt|p1a: Cyborg\n|-supereffective|p1a: Cyborg\n|-damage|p1a: Cyborg|31\/100\n|\n|-heal|p1b: Robin|70\/100|[from] item: Leftovers\n|upkeep\n|\n|t:|1682816383\n|switch|p2a: Tyranitar|Tyranitar, L50, M|100\/100\n|-weather|Sandstorm|[from] ability: Sand Stream|[of] p2a: Tyranitar\n|turn|4\n|\n|t:|1682816405\n|move|p2a: Tyranitar|Protect|p2a: Tyranitar\n|-singleturn|p2a: Tyranitar|Protect\n|move|p1a: Cyborg|Hydro Pump|p2a: Tyranitar\n|-activate|p2a: Tyranitar|move: Protect\n|move|p1b: Robin|Drain Punch|p2b: Oranguru\n|-damage|p2b: Oranguru|42\/100\n|-heal|p1b: Robin|90\/100|[from] drain|[of] p2b: Oranguru\n|move|p2b: Oranguru|Trick Room|p2b: Oranguru\n|-fieldstart|move: Trick Room|[of] p2b: Oranguru\n|\n|-weather|Sandstorm|[upkeep]\n|-damage|p2b: Oranguru|36\/100|[from] Sandstorm\n|-damage|p1b: Robin|84\/100|[from] Sandstorm\n|-damage|p1a: Cyborg|25\/100|[from] Sandstorm\n|-heal|p1b: Robin|90\/100|[from] item: Leftovers\n|upkeep\n|turn|5\n|inactive|NicoHaxVGC has 30 seconds left.\n|\n|t:|1682816431\n|-end|p1a: Cyborg|Quark Drive|[silent]\n|switch|p1a: Beast boy|Ting-Lu, L50|100\/100\n|-ability|p1a: Beast boy|Vessel of Ruin\n|move|p2b: Oranguru|Thunderbolt|p1a: Beast boy\n|-immune|p1a: Beast boy\n|move|p2a: Tyranitar|Crunch|p1b: Robin\n|-damage|p1b: Robin|60\/100\n|move|p1b: Robin|Drain Punch|p2a: Tyranitar\n|-supereffective|p2a: Tyranitar\n|-damage|p2a: Tyranitar|0 fnt\n|-heal|p1b: Robin|100\/100|[from] drain|[of] p2a: Tyranitar\n|faint|p2a: Tyranitar\n|\n|-weather|Sandstorm|[upkeep]\n|-damage|p2b: Oranguru|30\/100|[from] Sandstorm\n|-damage|p1b: Robin|94\/100|[from] Sandstorm\n|-heal|p1b: Robin|100\/100|[from] item: Leftovers\n|upkeep\n|\n|t:|1682816448\n|switch|p2a: Garchomp|Garchomp, L50, F|100\/100\n|turn|6\n|-message|guantoblu forfeited.\n|\n|win|NicoHaxVGC\n|raw|NicoHaxVGC's rating: 1346 → 1364<\/strong> (+18 for winning)\n|raw|guantoblu's rating: 1311 → 1293<\/strong> (-18 for losing)\n|l|\u2606guantoblu\n","uploadtime":1682816469,"views":19,"p1id":"nicohaxvgc","p2id":"guantoblu","formatid":"gen9vgc2023regulationc","rating":1293,"private":0,"password":""}