{"id":"gen9vgc2023regulationc-1857055661","p1":"rodjilius","p2":"Hadrian1917","format":"[Gen 9] VGC 2023 Regulation C","log":"|j|\u2606rodjilius\n|j|\u2606Hadrian1917\n|t:|1683141445\n|gametype|doubles\n|player|p1|rodjilius|169|1166\n|player|p2|Hadrian1917|brock|1196\n|teamsize|p1|6\n|teamsize|p2|6\n|gen|9\n|tier|[Gen 9] VGC 2023 Regulation C\n|rated|\n|rule|Species Clause: Limit one of each Pok\u00e9mon\n|rule|Item Clause: Limit one of each item\n|clearpoke\n|poke|p1|Pawmot, L50, F|\n|poke|p1|Goodra, L50, M|\n|poke|p1|Gholdengo, L50|\n|poke|p1|Murkrow, L50, F|\n|poke|p1|Gyarados, L50, M|\n|poke|p1|Flutter Mane, L50|\n|poke|p2|Flutter Mane, L50|\n|poke|p2|Chi-Yu, L50|\n|poke|p2|Iron Hands, L50|\n|poke|p2|Ting-Lu, L50|\n|poke|p2|Gyarados, L50, M|\n|poke|p2|Amoonguss, L50, F|\n|teampreview|4\n|inactive|Battle timer is ON: inactive players will automatically lose when time's up. (requested by rodjilius)\n|inactive|Hadrian1917 has 60 seconds left.\n|\n|t:|1683141509\n|start\n|switch|p1a: Gyarados|Gyarados, L50, M|100\/100\n|switch|p1b: Murkrow|Murkrow, L50, F|100\/100\n|switch|p2a: Iron Hands|Iron Hands, L50|100\/100\n|switch|p2b: Amoonguss|Amoonguss, L50, F|100\/100\n|-ability|p1a: Gyarados|Intimidate|boost\n|-unboost|p2a: Iron Hands|atk|1\n|-unboost|p2b: Amoonguss|atk|1\n|turn|1\n|inactive|rodjilius has 30 seconds left.\n|inactive|rodjilius has 20 seconds left.\n|inactive|Hadrian1917 has 30 seconds left.\n|inactive|rodjilius has 15 seconds left.\n|\n|t:|1683141551\n|move|p2a: Iron Hands|Fake Out|p1a: Gyarados\n|-damage|p1a: Gyarados|90\/100\n|move|p1b: Murkrow|Brave Bird|p2b: Amoonguss\n|-supereffective|p2b: Amoonguss\n|-damage|p2b: Amoonguss|28\/100\n|-enditem|p2b: Amoonguss|Sitrus Berry|[eat]\n|-heal|p2b: Amoonguss|53\/100|[from] item: Sitrus Berry\n|-damage|p1b: Murkrow|62\/100|[from] Recoil\n|cant|p1a: Gyarados|flinch\n|move|p2b: Amoonguss|Spore|p1a: Gyarados\n|-status|p1a: Gyarados|slp|[from] move: Spore\n|\n|-heal|p1a: Gyarados|96\/100 slp|[from] item: Leftovers\n|upkeep\n|turn|2\n|inactive|rodjilius has 30 seconds left.\n|inactive|Hadrian1917 has 30 seconds left.\n|\n|t:|1683141578\n|switch|p1a: Pawmot|Pawmot, L50, F|100\/100\n|move|p1b: Murkrow|Brave Bird|p2b: Amoonguss\n|-supereffective|p2b: Amoonguss\n|-damage|p2b: Amoonguss|0 fnt\n|faint|p2b: Amoonguss\n|-damage|p1b: Murkrow|34\/100|[from] Recoil\n|move|p2a: Iron Hands|Wild Charge|p1b: Murkrow\n|-supereffective|p1b: Murkrow\n|-damage|p1b: Murkrow|0 fnt\n|faint|p1b: Murkrow\n|-damage|p2a: Iron Hands|96\/100|[from] Recoil\n|\n|upkeep\n|inactive|rodjilius has 30 seconds left.\n|inactive|rodjilius has 20 seconds left.\n|inactive|rodjilius has 15 seconds left.\n|inactive|rodjilius has 10 seconds left.\n|\n|t:|1683141624\n|switch|p1b: Gyarados|Gyarados, L50, M|96\/100 slp\n|switch|p2b: Chi-Yu|Chi-Yu, L50|100\/100\n|-ability|p2b: Chi-Yu|Beads of Ruin\n|-ability|p1b: Gyarados|Intimidate|boost\n|-unboost|p2a: Iron Hands|atk|1\n|-unboost|p2b: Chi-Yu|atk|1\n|turn|3\n|inactive|rodjilius has 30 seconds left.\n|inactive|Hadrian1917 has 30 seconds left.\n|\n|t:|1683141656\n|move|p1a: Pawmot|Fake Out|p2a: Iron Hands\n|-damage|p2a: Iron Hands|88\/100\n|move|p2b: Chi-Yu|Nasty Plot|p2b: Chi-Yu\n|-boost|p2b: Chi-Yu|spa|2\n|cant|p1b: Gyarados|slp\n|cant|p2a: Iron Hands|flinch\n|\n|-heal|p1b: Gyarados|100\/100 slp|[from] item: Leftovers\n|upkeep\n|turn|4\n|\n|t:|1683141679\n|-end|p2a: Iron Hands|Quark Drive|[silent]\n|switch|p2a: Flutter Mane|Flutter Mane, L50|100\/100\n|-enditem|p2a: Flutter Mane|Booster Energy\n|-activate|p2a: Flutter Mane|ability: Protosynthesis|[fromitem]\n|-start|p2a: Flutter Mane|protosynthesisspa\n|cant|p1b: Gyarados|slp\n|move|p1a: Pawmot|Close Combat|p2b: Chi-Yu\n|-supereffective|p2b: Chi-Yu\n|-damage|p2b: Chi-Yu|0 fnt\n|-unboost|p1a: Pawmot|def|1\n|-unboost|p1a: Pawmot|spd|1\n|faint|p2b: Chi-Yu\n|\n|upkeep\n|\n|t:|1683141692\n|switch|p2b: Iron Hands|Iron Hands, L50|88\/100\n|turn|5\n|\n|t:|1683141710\n|switch|p1a: Gholdengo|Gholdengo, L50|100\/100\n|-terastallize|p2a: Flutter Mane|Fairy\n|cant|p1b: Gyarados|slp\n|move|p2b: Iron Hands|Fake Out|p1a: Gholdengo\n|-immune|p1a: Gholdengo\n|move|p2a: Flutter Mane|Moonblast|p1b: Gyarados\n|-damage|p1b: Gyarados|18\/100 slp\n|\n|-heal|p1b: Gyarados|24\/100 slp|[from] item: Leftovers\n|upkeep\n|turn|6\n|inactive|rodjilius has 30 seconds left.\n|\n|t:|1683141737\n|-terastallize|p1a: Gholdengo|Normal\n|move|p2a: Flutter Mane|Shadow Ball|p1a: Gholdengo\n|-immune|p1a: Gholdengo\n|move|p1a: Gholdengo|Make It Rain|p2a: Flutter Mane|[spread] p2a,p2b\n|-supereffective|p2a: Flutter Mane\n|-resisted|p2b: Iron Hands\n|-damage|p2a: Flutter Mane|0 fnt\n|-damage|p2b: Iron Hands|72\/100\n|-unboost|p1a: Gholdengo|spa|1\n|faint|p2a: Flutter Mane\n|-end|p2a: Flutter Mane|Protosynthesis|[silent]\n|-curestatus|p1b: Gyarados|slp|[msg]\n|move|p1b: Gyarados|Icy Wind|p2b: Iron Hands\n|-damage|p2b: Iron Hands|68\/100\n|-unboost|p2b: Iron Hands|spe|1\n|move|p2b: Iron Hands|Wild Charge|p1b: Gyarados\n|-supereffective|p1b: Gyarados\n|-damage|p1b: Gyarados|0 fnt\n|faint|p1b: Gyarados\n|-damage|p2b: Iron Hands|64\/100|[from] Recoil\n|\n|upkeep\n|\n|t:|1683141757\n|switch|p1b: Pawmot|Pawmot, L50, F|100\/100\n|turn|7\n|inactive|Hadrian1917 has 30 seconds left.\n|-message|Hadrian1917 forfeited.\n|\n|win|rodjilius\n|raw|rodjilius's rating: 1166 → 1193<\/strong> (+27 for winning)\n|raw|Hadrian1917's rating: 1196 → 1169<\/strong> (-27 for losing)\n","uploadtime":1683141790,"views":7,"p1id":"rodjilius","p2id":"hadrian1917","formatid":"gen9vgc2023regulationc","rating":1169,"private":0,"password":""}