{"id":"gen9vgc2023regulationc-1863930725","p1":"Levlev_mm\u2026","p2":"VeeGey","format":"[Gen 9] VGC 2023 Regulation C","log":"|j|\u2606Levlev_mm\u2026\n|j|\u2606VeeGey\n|t:|1684094651\n|gametype|doubles\n|player|p1|Levlev_mm\u2026|morty|1000\n|player|p2|VeeGey|riley|1044\n|teamsize|p1|6\n|teamsize|p2|6\n|gen|9\n|tier|[Gen 9] VGC 2023 Regulation C\n|rated|\n|rule|Species Clause: Limit one of each Pok\u00e9mon\n|rule|Item Clause: Limit one of each item\n|clearpoke\n|poke|p1|Garganacl, L50, F|\n|poke|p1|Hariyama, L50, M|\n|poke|p1|Lurantis, L50, M|\n|poke|p1|Arcanine, L50, F|\n|poke|p1|Bruxish, L50, M|\n|poke|p1|Vivillon-Fancy, L50, F|\n|poke|p2|Barraskewda, L50, M|\n|poke|p2|Pelipper, L50, M|\n|poke|p2|Golduck, L50, M|\n|poke|p2|Tsareena, L50, F|\n|poke|p2|Scream Tail, L50|\n|poke|p2|Electrode, L50|\n|teampreview|4\n|inactive|Battle timer is ON: inactive players will automatically lose when time's up. (requested by VeeGey)\n|inactive|Levlev_mm\u2026 also wants the timer to be on.\nLevlev_mm\u2026 rejected open team sheets.\n|inactive|Levlev_mm\u2026 has 60 seconds left.\n|\n|t:|1684094699\n|start\n|switch|p1a: Hariyama|Hariyama, L50, M|100\/100\n|switch|p1b: Arcanine|Arcanine, L50, F|100\/100\n|switch|p2a: Pelipper|Pelipper, L50, M|100\/100\n|switch|p2b: Golduck|Golduck, L50, M|100\/100\n|-ability|p1b: Arcanine|Intimidate|boost\n|-unboost|p2a: Pelipper|atk|1\n|-unboost|p2b: Golduck|atk|1\n|-weather|RainDance|[from] ability: Drizzle|[of] p2a: Pelipper\n|turn|1\n|\n|t:|1684094714\n|switch|p2a: Tsareena|Tsareena, L50, F|100\/100\n|-terastallize|p2b: Golduck|Water\n|move|p1a: Hariyama|Fake Out||[still]\n|cant|p2a: Tsareena|ability: Queenly Majesty|Fake Out|[of] p1a: Hariyama\n|move|p2b: Golduck|Surf|p1b: Arcanine|[spread] p2a,p1a,p1b\n|-resisted|p2a: Tsareena\n|-supereffective|p1b: Arcanine\n|-damage|p2a: Tsareena|75\/100\n|-damage|p1a: Hariyama|45\/100\n|-damage|p1b: Arcanine|0 fnt\n|faint|p1b: Arcanine\n|-damage|p2b: Golduck|91\/100|[from] item: Life Orb\n|\n|-weather|RainDance|[upkeep]\n|upkeep\n|\n|t:|1684094727\n|switch|p1b: Lurantis|Lurantis, L50, M|100\/100\n|turn|2\n|inactive|VeeGey has 30 seconds left.\n|\n|t:|1684094759\n|switch|p2b: Pelipper|Pelipper, L50, M|100\/100\n|move|p1a: Hariyama|Knock Off|p2b: Pelipper\n|-damage|p2b: Pelipper|62\/100\n|-enditem|p2b: Pelipper|Damp Rock|[from] move: Knock Off|[of] p1a: Hariyama\n|move|p2a: Tsareena|Play Rough|p1a: Hariyama|[miss]\n|-miss|p2a: Tsareena|p1a: Hariyama\n|move|p1b: Lurantis|Leaf Storm|p2b: Pelipper\n|-damage|p2b: Pelipper|13\/100\n|-boost|p1b: Lurantis|spa|2\n|\n|-weather|RainDance|[upkeep]\n|upkeep\n|turn|3\n|inactive|Levlev_mm\u2026 has 30 seconds left.\n|inactive|VeeGey has 30 seconds left.\n|\n|t:|1684094790\n|-terastallize|p1b: Lurantis|Water\n|move|p2b: Pelipper|Hurricane|p1b: Lurantis\n|-damage|p1b: Lurantis|57\/100\n|-start|p1b: Lurantis|confusion\n|move|p1a: Hariyama|Drain Punch|p2a: Tsareena\n|-damage|p2a: Tsareena|35\/100\n|-heal|p1a: Hariyama|60\/100|[from] drain|[of] p2a: Tsareena\n|move|p2a: Tsareena|Play Rough|p1a: Hariyama\n|-supereffective|p1a: Hariyama\n|-damage|p1a: Hariyama|0 fnt\n|faint|p1a: Hariyama\n|-activate|p1b: Lurantis|confusion\n|move|p1b: Lurantis|Substitute|p1b: Lurantis\n|-start|p1b: Lurantis|Substitute\n|-damage|p1b: Lurantis|32\/100\n|\n|-weather|RainDance|[upkeep]\n|upkeep\n|\n|t:|1684094807\n|switch|p1a: Vivillon|Vivillon-Fancy, L50, F|100\/100\n|turn|4\n|\n|t:|1684094823\n|move|p1a: Vivillon|Rage Powder|p1a: Vivillon\n|-singleturn|p1a: Vivillon|move: Rage Powder\n|move|p2b: Pelipper|Tailwind|p2b: Pelipper\n|-sidestart|p2: VeeGey|move: Tailwind\n|move|p2a: Tsareena|Trop Kick|p1b: Lurantis\n|-supereffective|p1b: Lurantis\n|-end|p1b: Lurantis|Substitute\n|-activate|p1b: Lurantis|confusion\n|move|p1b: Lurantis|Leaf Storm|p2a: Tsareena\n|-resisted|p2a: Tsareena\n|-damage|p2a: Tsareena|0 fnt\n|-boost|p1b: Lurantis|spa|2\n|faint|p2a: Tsareena\n|\n|-weather|RainDance|[upkeep]\n|upkeep\n|\n|t:|1684094843\n|switch|p2a: Golduck|Golduck, L50, M, tera:Water|91\/100\n|turn|5\n|inactive|VeeGey has 30 seconds left.\n|\n|t:|1684094869\n|-activate|p1b: Lurantis|confusion\n|move|p1b: Lurantis|Protect|p1b: Lurantis\n|-singleturn|p1b: Lurantis|Protect\n|move|p2a: Golduck|Surf|p1b: Lurantis|[spread] p2b,p1a\n|-activate|p1b: Lurantis|move: Protect\n|-resisted|p2b: Pelipper\n|-damage|p2b: Pelipper|0 fnt\n|-damage|p1a: Vivillon|0 fnt\n|faint|p2b: Pelipper\n|faint|p1a: Vivillon\n|-damage|p2a: Golduck|81\/100|[from] item: Life Orb\n|\n|-weather|RainDance|[upkeep]\n|upkeep\n|\n|t:|1684094875\n|switch|p2b: Barraskewda|Barraskewda, L50, M|100\/100\n|turn|6\n|\n|t:|1684094884\n|move|p2a: Golduck|Clear Smog|p1b: Lurantis\n|-damage|p1b: Lurantis|10\/100\n|-clearboost|p1b: Lurantis\n|-damage|p2a: Golduck|71\/100|[from] item: Life Orb\n|move|p2b: Barraskewda|Poison Jab|p1b: Lurantis\n|-damage|p1b: Lurantis|0 fnt\n|faint|p1b: Lurantis\n|\n|win|VeeGey\n|raw|Levlev_mm\u2026's rating: 1000 → 1000<\/strong> (+0 for losing)\n|raw|VeeGey's rating: 1044 → 1073<\/strong> (+29 for winning)\n|l|\u2606Levlev_mm\u2026\n","uploadtime":1684094902,"views":3,"p1id":"levlevmm","p2id":"veegey","formatid":"gen9vgc2023regulationc","rating":1000,"private":0,"password":""}