{"id":"gen9vgc2023regulationc-1862455625","p1":"Saltii_Pokemon","p2":"darthnius","format":"[Gen 9] VGC 2023 Regulation C","log":"|j|\u2606Saltii_Pokemon\n|j|\u2606darthnius\n|t:|1683888875\n|gametype|doubles\n|player|p1|Saltii_Pokemon|pryce|1429\n|player|p2|darthnius|volkner|1505\n|teamsize|p1|6\n|teamsize|p2|6\n|gen|9\n|tier|[Gen 9] VGC 2023 Regulation C\n|rated|\n|rule|Species Clause: Limit one of each Pok\u00e9mon\n|rule|Item Clause: Limit one of each item\n|clearpoke\n|poke|p1|Torkoal, L50, F|\n|poke|p1|Hatterene, L50, F|\n|poke|p1|Iron Hands, L50|\n|poke|p1|Indeedee-F, L50, F|\n|poke|p1|Kingambit, L50, M|\n|poke|p1|Ting-Lu, L50|\n|poke|p2|Murkrow, L50, F|\n|poke|p2|Chi-Yu, L50|\n|poke|p2|Flutter Mane, L50|\n|poke|p2|Great Tusk, L50|\n|poke|p2|Brute Bonnet, L50|\n|poke|p2|Corviknight, L50, F|\n|teampreview|4\ndarthnius has agreed to open team sheets.\nSaltii_Pokemon rejected open team sheets.\n|inactive|Battle timer is ON: inactive players will automatically lose when time's up. (requested by Saltii_Pokemon)\n|\n|t:|1683888913\n|start\n|switch|p1a: Indeedee|Indeedee-F, L50, F|100\/100\n|switch|p1b: Hatterene|Hatterene, L50, F|100\/100\n|switch|p2a: Great Tusk|Great Tusk, L50|100\/100\n|switch|p2b: Flutter Mane|Flutter Mane, L50|100\/100\n|-fieldstart|move: Psychic Terrain|[from] ability: Psychic Surge|[of] p1a: Indeedee\n|-enditem|p1a: Indeedee|Psychic Seed\n|-boost|p1a: Indeedee|spd|1|[from] item: Psychic Seed\n|turn|1\n|\n|t:|1683888927\n|move|p1a: Indeedee|Follow Me|p1a: Indeedee\n|-singleturn|p1a: Indeedee|move: Follow Me\n|move|p2a: Great Tusk|Rock Slide|p1b: Hatterene|[spread] p1a,p1b\n|-damage|p1a: Indeedee|79\/100\n|-damage|p1b: Hatterene|75\/100\n|move|p2b: Flutter Mane|Dazzling Gleam|p1b: Hatterene|[spread] p1a,p1b\n|-damage|p1a: Indeedee|49\/100\n|-damage|p1b: Hatterene|27\/100\n|move|p1b: Hatterene|Trick Room|p1b: Hatterene\n|-fieldstart|move: Trick Room|[of] p1b: Hatterene\n|\n|upkeep\n|turn|2\n|inactive|darthnius has 30 seconds left.\n|\n|t:|1683888952\n|-end|p2a: Great Tusk|Protosynthesis|[silent]\n|switch|p2a: Chi-Yu|Chi-Yu, L50|100\/100\n|-ability|p2a: Chi-Yu|Beads of Ruin\n|move|p1b: Hatterene|Dazzling Gleam|p2a: Chi-Yu|[spread] p2a,p2b\n|-damage|p2a: Chi-Yu|50\/100\n|-damage|p2b: Flutter Mane|37\/100\n|-damage|p1b: Hatterene|18\/100|[from] item: Life Orb\n|move|p1a: Indeedee|Dazzling Gleam|p2b: Flutter Mane|[spread] p2a,p2b\n|-damage|p2a: Chi-Yu|34\/100\n|-damage|p2b: Flutter Mane|21\/100\n|move|p2b: Flutter Mane|Dazzling Gleam|p1a: Indeedee|[spread] p1a,p1b\n|-damage|p1a: Indeedee|4\/100\n|-damage|p1b: Hatterene|0 fnt\n|faint|p1b: Hatterene\n|\n|upkeep\n|\n|t:|1683888967\n|switch|p1b: Kingambit|Kingambit, L50, M|100\/100\n|turn|3\n|\n|t:|1683888989\n|-terastallize|p1b: Kingambit|Fire\n|move|p1b: Kingambit|Iron Head|p2b: Flutter Mane\n|-supereffective|p2b: Flutter Mane\n|-damage|p2b: Flutter Mane|0 fnt\n|faint|p2b: Flutter Mane\n|-end|p2b: Flutter Mane|Protosynthesis|[silent]\n|move|p1a: Indeedee|Dazzling Gleam|p2a: Chi-Yu\n|-damage|p2a: Chi-Yu|14\/100\n|move|p2a: Chi-Yu|Heat Wave|p1a: Indeedee|[spread] p1a,p1b\n|-resisted|p1b: Kingambit\n|-damage|p1a: Indeedee|0 fnt\n|-damage|p1b: Kingambit|84\/100\n|faint|p1a: Indeedee\n|-damage|p2a: Chi-Yu|4\/100|[from] item: Life Orb\n|\n|upkeep\n|\n|t:|1683889006\n|switch|p1a: Iron Hands|Iron Hands, L50|100\/100\n|switch|p2b: Corviknight|Corviknight, L50, F|100\/100\n|-enditem|p1a: Iron Hands|Booster Energy\n|-activate|p1a: Iron Hands|ability: Quark Drive|[fromitem]\n|-start|p1a: Iron Hands|quarkdriveatk\n|turn|4\n|\n|t:|1683889022\n|-terastallize|p2b: Corviknight|Fire\n|move|p2a: Chi-Yu|Protect|p2a: Chi-Yu\n|-singleturn|p2a: Chi-Yu|Protect\n|move|p1b: Kingambit|Kowtow Cleave|p2a: Chi-Yu\n|-activate|p2a: Chi-Yu|move: Protect\n|move|p1a: Iron Hands|Wild Charge|p2b: Corviknight\n|-damage|p2b: Corviknight|35\/100\n|-damage|p1a: Iron Hands|88\/100|[from] Recoil\n|move|p2b: Corviknight|Brave Bird|p1b: Kingambit\n|-crit|p1b: Kingambit\n|-damage|p1b: Kingambit|1\/100\n|-damage|p2b: Corviknight|5\/100|[from] Recoil\n|\n|upkeep\n|turn|5\n|\n|t:|1683889044\n|move|p2a: Chi-Yu|Protect|p2a: Chi-Yu\n|-singleturn|p2a: Chi-Yu|Protect\n|move|p1b: Kingambit|Kowtow Cleave|p2b: Corviknight\n|-damage|p2b: Corviknight|0 fnt\n|faint|p2b: Corviknight\n|move|p1a: Iron Hands|Drain Punch|p2a: Chi-Yu\n|-activate|p2a: Chi-Yu|move: Protect\n|\n|-fieldend|move: Trick Room\n|-fieldend|move: Psychic Terrain\n|upkeep\n|j| Pandaknight77\n|\n|t:|1683889055\n|switch|p2b: Great Tusk|Great Tusk, L50|100\/100\n|turn|6\n|\n|t:|1683889069\n|move|p1b: Kingambit|Sucker Punch|p2a: Chi-Yu\n|-resisted|p2a: Chi-Yu\n|-damage|p2a: Chi-Yu|0 fnt\n|faint|p2a: Chi-Yu\n|move|p2b: Great Tusk|Headlong Rush|p1a: Iron Hands\n|-supereffective|p1a: Iron Hands\n|-damage|p1a: Iron Hands|0 fnt\n|-unboost|p2b: Great Tusk|def|1\n|-unboost|p2b: Great Tusk|spd|1\n|faint|p1a: Iron Hands\n|-end|p1a: Iron Hands|Quark Drive|[silent]\n|\n|upkeep\n|turn|7\n|\n|t:|1683889081\n|move|p1b: Kingambit|Sucker Punch|p2b: Great Tusk\n|-resisted|p2b: Great Tusk\n|-damage|p2b: Great Tusk|77\/100\n|move|p2b: Great Tusk|Headlong Rush|p1b: Kingambit\n|-supereffective|p1b: Kingambit\n|-crit|p1b: Kingambit\n|-damage|p1b: Kingambit|0 fnt\n|-unboost|p2b: Great Tusk|def|1\n|-unboost|p2b: Great Tusk|spd|1\n|faint|p1b: Kingambit\n|\n|win|darthnius\n|raw|Saltii_Pokemon's rating: 1429 → 1413<\/strong> (-16 for losing)\n|raw|darthnius's rating: 1505 → 1521<\/strong> (+16 for winning)\n|l|\u2606Saltii_Pokemon\n","uploadtime":1683889131,"views":16,"p1id":"saltiipokemon","p2id":"darthnius","formatid":"gen9vgc2023regulationc","rating":1413,"private":0,"password":""}