{"id":"gen9vgc2023regulationc-1858024536","p1":"Ztringz","p2":"AlternateAltVGC","format":"[Gen 9] VGC 2023 Regulation C","log":"|j|\u2606Ztringz\n|j|\u2606AlternateAltVGC\n|t:|1683262136\n|gametype|doubles\n|player|p1|Ztringz|265|1127\n|player|p2|AlternateAltVGC|266|1181\n|teamsize|p1|6\n|teamsize|p2|6\n|gen|9\n|tier|[Gen 9] VGC 2023 Regulation C\n|rated|\n|rule|Species Clause: Limit one of each Pok\u00e9mon\n|rule|Item Clause: Limit one of each item\n|clearpoke\n|poke|p1|Amoonguss, L50, M|\n|poke|p1|Flutter Mane, L50|\n|poke|p1|Chien-Pao, L50|\n|poke|p1|Arcanine, L50, M|\n|poke|p1|Dragonite, L50, M|\n|poke|p1|Kingambit, L50, M|\n|poke|p2|Annihilape, L50, M|\n|poke|p2|Ting-Lu, L50|\n|poke|p2|Flutter Mane, L50|\n|poke|p2|Arcanine, L50, M|\n|poke|p2|Palafin, L50, F|\n|poke|p2|Amoonguss, L50, F|\n|teampreview|4\nZtringz has agreed to open team sheets.\n|inactive|Battle timer is ON: inactive players will automatically lose when time's up. (requested by Ztringz)\n|inactive|Ztringz has 60 seconds left.\n|\n|t:|1683262174\n|start\n|switch|p1a: Chien-Pao|Chien-Pao, L50|100\/100\n|switch|p1b: Arcanine|Arcanine, L50, M|100\/100\n|switch|p2a: POLLEN PUFF|Amoonguss, L50, F, shiny|100\/100\n|switch|p2b: Badder Gril|Palafin, L50, F, shiny|100\/100\n|-ability|p1a: Chien-Pao|Sword of Ruin\n|-ability|p1b: Arcanine|Intimidate|boost\n|-unboost|p2a: POLLEN PUFF|atk|1\n|-unboost|p2b: Badder Gril|atk|1\n|turn|1\n|\n|t:|1683262192\n|detailschange|p2b: Badder Gril|Palafin-Hero, L50, F, shiny\n|switch|p2b: Goodest Boi|Arcanine, L50, M, shiny|100\/100\n|-ability|p2b: Goodest Boi|Intimidate|boost\n|-unboost|p1a: Chien-Pao|atk|1\n|-unboost|p1b: Arcanine|atk|1\n|move|p1a: Chien-Pao|Sacred Sword|p2b: Goodest Boi\n|-damage|p2b: Goodest Boi|73\/100\n|move|p1b: Arcanine|Flare Blitz|p2a: POLLEN PUFF\n|-supereffective|p2a: POLLEN PUFF\n|-damage|p2a: POLLEN PUFF|21\/100\n|-enditem|p2a: POLLEN PUFF|Sitrus Berry|[eat]\n|-heal|p2a: POLLEN PUFF|46\/100|[from] item: Sitrus Berry\n|-damage|p1b: Arcanine|71\/100|[from] Recoil\n|move|p2a: POLLEN PUFF|Spore|p1a: Chien-Pao\n|-status|p1a: Chien-Pao|slp|[from] move: Spore\n|\n|upkeep\n|turn|2\n|inactive|Ztringz has 30 seconds left.\n|inactive|AlternateAltVGC has 30 seconds left.\n|\n|t:|1683262224\n|switch|p2a: Badder Gril|Palafin-Hero, L50, F, shiny|100\/100\n|-activate|p2a: Badder Gril|ability: Zero to Hero\n|cant|p1a: Chien-Pao|slp\n|move|p1b: Arcanine|Flare Blitz|p2a: Badder Gril\n|-resisted|p2a: Badder Gril\n|-damage|p2a: Badder Gril|78\/100\n|-damage|p1b: Arcanine|63\/100|[from] Recoil\n|move|p2b: Goodest Boi|Flare Blitz|p1a: Chien-Pao\n|-supereffective|p1a: Chien-Pao\n|-enditem|p1a: Chien-Pao|Focus Sash\n|-damage|p1a: Chien-Pao|1\/100 slp\n|-damage|p2b: Goodest Boi|47\/100|[from] Recoil\n|\n|upkeep\n|turn|3\n|inactive|Ztringz has 30 seconds left.\n|inactive|AlternateAltVGC has 30 seconds left.\n|\n|t:|1683262252\n|move|p1b: Arcanine|Extreme Speed|p2a: Badder Gril\n|-damage|p2a: Badder Gril|58\/100\n|move|p2b: Goodest Boi|Extreme Speed|p1a: Chien-Pao\n|-damage|p1a: Chien-Pao|0 fnt\n|faint|p1a: Chien-Pao\n|move|p2a: Badder Gril|Substitute|p2a: Badder Gril\n|-start|p2a: Badder Gril|Substitute\n|-damage|p2a: Badder Gril|34\/100\n|\n|upkeep\n|inactive|Ztringz has 30 seconds left.\n|\n|t:|1683262282\n|switch|p1a: Amoonguss|Amoonguss, L50, M|100\/100\n|turn|4\n|\n|t:|1683262301\n|-terastallize|p1a: Amoonguss|Water\n|move|p1b: Arcanine|Extreme Speed|p2b: Goodest Boi\n|-damage|p2b: Goodest Boi|27\/100\n|move|p1a: Amoonguss|Rage Powder|p1a: Amoonguss\n|-singleturn|p1a: Amoonguss|move: Rage Powder\n|move|p2a: Badder Gril|Jet Punch|p1a: Amoonguss\n|-resisted|p1a: Amoonguss\n|-damage|p1a: Amoonguss|83\/100\n|move|p2b: Goodest Boi|Howl||[still]|[spread] p2a,p2b\n|-fail|p2b: Goodest Boi\n|-boost|p2b: Goodest Boi|atk|1\n|\n|upkeep\n|turn|5\n|inactive|Ztringz has 30 seconds left.\n|inactive|AlternateAltVGC has 30 seconds left.\n|inactive|AlternateAltVGC has 20 seconds left.\n|inactive|AlternateAltVGC has 15 seconds left.\n|inactive|AlternateAltVGC has 10 seconds left.\n|\n|t:|1683262348\n|switch|p2b: POLLEN PUFF|Amoonguss, L50, F, shiny|80\/100\n|move|p2a: Badder Gril|Protect|p2a: Badder Gril\n|-singleturn|p2a: Badder Gril|Protect\n|move|p1b: Arcanine|Extreme Speed|p2a: Badder Gril\n|-activate|p2a: Badder Gril|move: Protect\n|move|p1a: Amoonguss|Rage Powder|p1a: Amoonguss\n|-singleturn|p1a: Amoonguss|move: Rage Powder\n|\n|upkeep\n|turn|6\n|\n|t:|1683262370\n|move|p1a: Amoonguss|Protect|p1a: Amoonguss\n|-singleturn|p1a: Amoonguss|Protect\n|move|p1b: Arcanine|Extreme Speed|p2a: Badder Gril\n|-activate|p2a: Badder Gril|move: Substitute|[damage]\n|move|p2a: Badder Gril|Wave Crash|p1b: Arcanine\n|-supereffective|p1b: Arcanine\n|-damage|p1b: Arcanine|0 fnt\n|faint|p1b: Arcanine\n|-damage|p2a: Badder Gril|14\/100|[from] Recoil\n|move|p2b: POLLEN PUFF|Pollen Puff|p2a: Badder Gril\n|-heal|p2a: Badder Gril|64\/100\n|\n|upkeep\n|\n|t:|1683262384\n|switch|p1b: Flutter Mane|Flutter Mane, L50|100\/100\n|-enditem|p1b: Flutter Mane|Booster Energy\n|-activate|p1b: Flutter Mane|ability: Protosynthesis|[fromitem]\n|-start|p1b: Flutter Mane|protosynthesisspe\n|turn|7\n|\n|t:|1683262403\n|move|p2a: Badder Gril|Protect|p2a: Badder Gril\n|-singleturn|p2a: Badder Gril|Protect\n|move|p1b: Flutter Mane|Shadow Ball|p2a: Badder Gril\n|-activate|p2a: Badder Gril|move: Protect\n|move|p2b: POLLEN PUFF|Spore|p1b: Flutter Mane\n|-status|p1b: Flutter Mane|slp|[from] move: Spore\n|move|p1a: Amoonguss|Spore|p2a: Badder Gril\n|-activate|p2a: Badder Gril|move: Protect\n|\n|upkeep\n|turn|8\n|-message|Ztringz forfeited.\n|\n|win|AlternateAltVGC\n|raw|Ztringz's rating: 1127 → 1106<\/strong> (-21 for losing)\n|raw|AlternateAltVGC's rating: 1181 → 1202<\/strong> (+21 for winning)\n|l|\u2606Ztringz\n","uploadtime":1683262450,"views":15,"p1id":"ztringz","p2id":"alternatealtvgc","formatid":"gen9vgc2023regulationc","rating":1106,"private":0,"password":""}