{"id":"gen9vgc2023regulationc-1852086036","p1":"sillylilguy08","p2":"Yknow... Him","format":"[Gen 9] VGC 2023 Regulation C","log":"|j|\u2606sillylilguy08\n|j|\u2606Yknow... Him\n|t:|1682522972\n|gametype|doubles\n|player|p1|sillylilguy08|pilot|1040\n|player|p2|Yknow... Him|265|1124\n|teamsize|p1|6\n|teamsize|p2|6\n|gen|9\n|tier|[Gen 9] VGC 2023 Regulation C\n|rated|\n|rule|Species Clause: Limit one of each Pok\u00e9mon\n|rule|Item Clause: Limit one of each item\n|clearpoke\n|poke|p1|Chi-Yu, L50|\n|poke|p1|Gholdengo, L50|\n|poke|p1|Mimikyu, L50, M|\n|poke|p1|Pincurchin, L50, M|\n|poke|p1|Dragapult, L50, F|\n|poke|p1|Garganacl, L50, F|\n|poke|p2|Murkrow, L50, M|\n|poke|p2|Garchomp, L50, F|\n|poke|p2|Iron Bundle, L50|\n|poke|p2|Amoonguss, L50, F|\n|poke|p2|Gholdengo, L50|\n|poke|p2|Armarouge, L50, M|\n|teampreview|4\n|inactive|Battle timer is ON: inactive players will automatically lose when time's up. (requested by Yknow... Him)\n|\n|t:|1682522995\n|start\n|switch|p1a: Mimikyu|Mimikyu, L50, M|100\/100\n|switch|p1b: Pincurchin|Pincurchin, L50, M|100\/100\n|switch|p2a: Garchomp|Garchomp, L50, F|100\/100\n|switch|p2b: Murkrow|Murkrow, L50, M|100\/100\n|turn|1\n|\n|t:|1682523009\n|move|p2a: Garchomp|Protect|p2a: Garchomp\n|-singleturn|p2a: Garchomp|Protect\n|move|p1b: Pincurchin|Protect|p1b: Pincurchin\n|-singleturn|p1b: Pincurchin|Protect\n|move|p2b: Murkrow|Snarl|p1b: Pincurchin|[spread] p1a\n|-activate|p1b: Pincurchin|move: Protect\n|-activate|p1a: Mimikyu|ability: Disguise\n|-damage|p1a: Mimikyu|100\/100\n|-unboost|p1a: Mimikyu|spa|1\n|detailschange|p1a: Mimikyu|Mimikyu-Busted, L50, M\n|-damage|p1a: Mimikyu|88\/100|[from] pokemon: Mimikyu-Busted\n|move|p1a: Mimikyu|Trick Room|p1a: Mimikyu\n|-fieldstart|move: Trick Room|[of] p1a: Mimikyu\n|\n|upkeep\n|turn|2\n|\n|t:|1682523031\n|switch|p2a: Amoonguss|Amoonguss, L50, F|100\/100\n|move|p1b: Pincurchin|Discharge|p2b: Murkrow|[spread] p1a,p2a,p2b\n|-resisted|p2a: Amoonguss\n|-supereffective|p2b: Murkrow\n|-damage|p1a: Mimikyu|53\/100\n|-damage|p2a: Amoonguss|89\/100\n|-damage|p2b: Murkrow|12\/100\n|-status|p2b: Murkrow|par\n|-damage|p1b: Pincurchin|91\/100|[from] item: Life Orb\n|move|p2b: Murkrow|Snarl|p1b: Pincurchin|[spread] p1a,p1b\n|-damage|p1a: Mimikyu|40\/100\n|-damage|p1b: Pincurchin|68\/100\n|-unboost|p1a: Mimikyu|spa|1\n|-unboost|p1b: Pincurchin|spa|1\n|move|p1a: Mimikyu|Dazzling Gleam|p2b: Murkrow|[spread] p2a,p2b\n|-resisted|p2a: Amoonguss\n|-supereffective|p2b: Murkrow\n|-damage|p2a: Amoonguss|87\/100\n|-damage|p2b: Murkrow|0 fnt\n|faint|p2b: Murkrow\n|\n|-heal|p2a: Amoonguss|93\/100|[from] item: Leftovers\n|upkeep\n|\n|t:|1682523044\n|switch|p2b: Garchomp|Garchomp, L50, F|100\/100\n|turn|3\n|\n|t:|1682523067\n|move|p2b: Garchomp|Protect|p2b: Garchomp\n|-singleturn|p2b: Garchomp|Protect\n|move|p1b: Pincurchin|Poison Jab|p2b: Garchomp\n|-activate|p2b: Garchomp|move: Protect\n|move|p2a: Amoonguss|Spore|p1a: Mimikyu\n|-status|p1a: Mimikyu|slp|[from] move: Spore\n|cant|p1a: Mimikyu|slp\n|\n|-heal|p2a: Amoonguss|99\/100|[from] item: Leftovers\n|upkeep\n|turn|4\n|\n|t:|1682523085\n|move|p2a: Amoonguss|Protect|p2a: Amoonguss\n|-singleturn|p2a: Amoonguss|Protect\n|cant|p1a: Mimikyu|slp\n|move|p1b: Pincurchin|Sleep Talk||[still]\n|-fail|p1b: Pincurchin\n|move|p2b: Garchomp|Earthquake|p1a: Mimikyu|[spread] p1a,p1b\n|-activate|p2a: Amoonguss|move: Protect\n|-supereffective|p1b: Pincurchin\n|-damage|p1a: Mimikyu|0 fnt\n|-damage|p1b: Pincurchin|0 fnt\n|faint|p1a: Mimikyu\n|faint|p1b: Pincurchin\n|\n|-heal|p2a: Amoonguss|100\/100|[from] item: Leftovers\n|upkeep\n|\n|t:|1682523103\n|switch|p1b: Chi-Yu|Chi-Yu, L50|100\/100\n|switch|p1a: Dragapult|Dragapult, L50, F|100\/100\n|-ability|p1b: Chi-Yu|Beads of Ruin\n|turn|5\n|\n|t:|1682523122\n|-terastallize|p2a: Amoonguss|Water\n|move|p2b: Garchomp|Protect|p2b: Garchomp\n|-singleturn|p2b: Garchomp|Protect\n|move|p2a: Amoonguss|Spore|p1a: Dragapult\n|-status|p1a: Dragapult|slp|[from] move: Spore\n|move|p1b: Chi-Yu|Flame Charge|p2a: Amoonguss\n|-resisted|p2a: Amoonguss\n|-damage|p2a: Amoonguss|93\/100\n|-boost|p1b: Chi-Yu|spe|1\n|cant|p1a: Dragapult|slp\n|\n|-heal|p2a: Amoonguss|99\/100|[from] item: Leftovers\n|-fieldend|move: Trick Room\n|upkeep\n|turn|6\n|\n|t:|1682523145\n|move|p1b: Chi-Yu|Ruination|p2a: Amoonguss\n|-damage|p2a: Amoonguss|50\/100\n|move|p2b: Garchomp|Dragon Claw|p1a: Dragapult\n|-supereffective|p1a: Dragapult\n|-damage|p1a: Dragapult|0 fnt\n|faint|p1a: Dragapult\n|move|p2a: Amoonguss|Spore|p1b: Chi-Yu\n|-status|p1b: Chi-Yu|slp|[from] move: Spore\n|\n|-heal|p2a: Amoonguss|56\/100|[from] item: Leftovers\n|upkeep\n|turn|7\n|\n|t:|1682523161\n|move|p2a: Amoonguss|Protect|p2a: Amoonguss\n|-singleturn|p2a: Amoonguss|Protect\n|cant|p1b: Chi-Yu|slp\n|move|p2b: Garchomp|Earthquake|p1b: Chi-Yu|[spread] p1b\n|-activate|p2a: Amoonguss|move: Protect\n|-supereffective|p1b: Chi-Yu\n|-damage|p1b: Chi-Yu|0 fnt\n|faint|p1b: Chi-Yu\n|\n|win|Yknow... Him\n|raw|sillylilguy08's rating: 1040 → 1028<\/strong> (-12 for losing)\n|raw|Yknow... Him's rating: 1124 → 1143<\/strong> (+19 for winning)\n|l|\u2606sillylilguy08\n","uploadtime":1682523173,"views":13,"p1id":"sillylilguy08","p2id":"yknowhim","formatid":"gen9vgc2023regulationc","rating":1028,"private":0,"password":""}