{"id":"gen9vgc2023regulationc-1851584834","p1":"DDyarados29","p2":"WTFisThisEffinTeam","format":"[Gen 9] VGC 2023 Regulation C","log":"|j|\u2606DDyarados29\n|j|\u2606WTFisThisEffinTeam\n|t:|1682458200\n|gametype|doubles\n|player|p1|DDyarados29|wallace|1403\n|player|p2|WTFisThisEffinTeam|striker|1364\n|teamsize|p1|6\n|teamsize|p2|6\n|gen|9\n|tier|[Gen 9] VGC 2023 Regulation C\n|rated|\n|rule|Species Clause: Limit one of each Pok\u00e9mon\n|rule|Item Clause: Limit one of each item\n|clearpoke\n|poke|p1|Corviknight, L50, M|\n|poke|p1|Glimmora, L50, F|\n|poke|p1|Gholdengo, L50|\n|poke|p1|Wo-Chien, L50|\n|poke|p1|Iron Bundle, L50|\n|poke|p1|Ting-Lu, L50|\n|poke|p2|Scream Tail, L50|\n|poke|p2|Arcanine, L50, M|\n|poke|p2|Gothitelle, L50, M|\n|poke|p2|Azumarill, L50, F|\n|poke|p2|Wo-Chien, L50|\n|poke|p2|Ting-Lu, L50|\n|teampreview|4\nDDyarados29 has agreed to open team sheets.\n|inactive|Battle timer is ON: inactive players will automatically lose when time's up. (requested by DDyarados29)\n|inactive|DDyarados29 has 60 seconds left.\n|\n|t:|1682458269\n|start\n|switch|p1a: Grab n' Gold|Gholdengo, L50|100\/100\n|switch|p1b: Piano Savant|Iron Bundle, L50|100\/100\n|switch|p2a: Ting-Lu|Ting-Lu, L50|100\/100\n|switch|p2b: Azumarill|Azumarill, L50, F|100\/100\n|-ability|p2a: Ting-Lu|Vessel of Ruin\n|-enditem|p1b: Piano Savant|Booster Energy\n|-activate|p1b: Piano Savant|ability: Quark Drive|[fromitem]\n|-start|p1b: Piano Savant|quarkdrivespe\n|turn|1\n|inactive|DDyarados29 has 30 seconds left.\n|inactive|WTFisThisEffinTeam has 30 seconds left.\n|inactive|WTFisThisEffinTeam has 20 seconds left.\n|\n|t:|1682458306\n|-terastallize|p1a: Grab n' Gold|Water\n|move|p1b: Piano Savant|Icy Wind|p2a: Ting-Lu|[spread] p2a,p2b\n|-supereffective|p2a: Ting-Lu\n|-resisted|p2b: Azumarill\n|-damage|p2a: Ting-Lu|91\/100\n|-damage|p2b: Azumarill|96\/100\n|-unboost|p2a: Ting-Lu|spe|1\n|-unboost|p2b: Azumarill|spe|1\n|move|p1a: Grab n' Gold|Nasty Plot|p1a: Grab n' Gold\n|-boost|p1a: Grab n' Gold|spa|2\n|move|p2b: Azumarill|Soak|p2a: Ting-Lu\n|-start|p2a: Ting-Lu|typechange|Water\n|move|p2a: Ting-Lu|Fissure|p1a: Grab n' Gold|[miss]\n|-miss|p2a: Ting-Lu|p1a: Grab n' Gold\n|\n|upkeep\n|turn|2\n|inactive|DDyarados29 has 30 seconds left.\n|\n|t:|1682458335\n|move|p1a: Grab n' Gold|Protect|p1a: Grab n' Gold\n|-singleturn|p1a: Grab n' Gold|Protect\n|move|p2b: Azumarill|Protect|p2b: Azumarill\n|-singleturn|p2b: Azumarill|Protect\n|move|p1b: Piano Savant|Encore|p2b: Azumarill\n|-activate|p2b: Azumarill|move: Protect\n|move|p2a: Ting-Lu|Fissure|p1a: Grab n' Gold\n|-activate|p1a: Grab n' Gold|move: Protect\n|\n|upkeep\n|turn|3\n|inactive|WTFisThisEffinTeam has 30 seconds left.\n|\n|t:|1682458362\n|move|p1b: Piano Savant|Encore|p2b: Azumarill\n|-start|p2b: Azumarill|Encore\n|move|p1a: Grab n' Gold|Nasty Plot|p1a: Grab n' Gold\n|-boost|p1a: Grab n' Gold|spa|2\n|move|p2b: Azumarill|Protect||[still]\n|-fail|p2b: Azumarill\n|move|p2a: Ting-Lu|Fissure|p1a: Grab n' Gold|[miss]\n|-miss|p2a: Ting-Lu|p1a: Grab n' Gold\n|\n|upkeep\n|turn|4\n|\n|t:|1682458376\n|move|p2b: Azumarill|Protect|p2b: Azumarill\n|-singleturn|p2b: Azumarill|Protect\n|move|p1b: Piano Savant|Freeze-Dry|p2a: Ting-Lu\n|-supereffective|p2a: Ting-Lu\n|-damage|p2a: Ting-Lu|72\/100\n|move|p1a: Grab n' Gold|Shadow Ball|p2a: Ting-Lu\n|-damage|p2a: Ting-Lu|38\/100\n|-unboost|p2a: Ting-Lu|spd|1\n|move|p2a: Ting-Lu|Fissure|p1a: Grab n' Gold|[miss]\n|-miss|p2a: Ting-Lu|p1a: Grab n' Gold\n|\n|upkeep\n|turn|5\n|\n|t:|1682458396\n|move|p2b: Azumarill|Protect|p2b: Azumarill\n|-singleturn|p2b: Azumarill|Protect\n|move|p1b: Piano Savant|Freeze-Dry|p2a: Ting-Lu\n|-supereffective|p2a: Ting-Lu\n|-damage|p2a: Ting-Lu|10\/100\n|move|p1a: Grab n' Gold|Shadow Ball|p2a: Ting-Lu\n|-damage|p2a: Ting-Lu|0 fnt\n|faint|p2a: Ting-Lu\n|\n|-end|p2b: Azumarill|Encore\n|upkeep\n|-message|WTFisThisEffinTeam forfeited.\n|\n|win|DDyarados29\n|raw|DDyarados29's rating: 1403 → 1421<\/strong> (+18 for winning)\n|raw|WTFisThisEffinTeam's rating: 1364 → 1346<\/strong> (-18 for losing)\n|l|\u2606WTFisThisEffinTeam\n|c|\u2606DDyarados29|ok\n","uploadtime":1682458417,"views":16,"p1id":"ddyarados29","p2id":"wtfisthiseffinteam","formatid":"gen9vgc2023regulationc","rating":1346,"private":0,"password":""}