{"id":"gen9vgc2023regulationc-1845389832","p1":"sam2bh","p2":"t4vr","format":"[Gen 9] VGC 2023 Regulation C","log":"|j|\u2606sam2bh\n|j|\u2606t4vr\n|t:|1681726396\n|gametype|doubles\n|player|p1|sam2bh|swimmerf-gen4|1066\n|player|p2|t4vr|266|1081\n|teamsize|p1|6\n|teamsize|p2|6\n|gen|9\n|tier|[Gen 9] VGC 2023 Regulation C\n|rated|\n|rule|Species Clause: Limit one of each Pok\u00e9mon\n|rule|Item Clause: Limit one of each item\n|clearpoke\n|poke|p1|Dondozo, L50, F|\n|poke|p1|Tatsugiri-Stretchy, L50, F|\n|poke|p1|Jolteon, L50, F|\n|poke|p1|Indeedee-F, L50, F|\n|poke|p1|Flamigo, L50, F|\n|poke|p1|Dragapult, L50, F|\n|poke|p2|Wo-Chien, L50|\n|poke|p2|Gothitelle, L50, M|\n|poke|p2|Arcanine, L50, F|\n|poke|p2|Great Tusk, L50|\n|poke|p2|Palafin, L50, F|\n|poke|p2|Flutter Mane, L50|\n|teampreview|4\n|\n|t:|1681726424\n|start\n|switch|p1a: Tatsugiri|Tatsugiri-Stretchy, L50, F|100\/100\n|switch|p1b: Jolteon|Jolteon, L50, F|100\/100\n|switch|p2a: Gothitelle|Gothitelle, L50, M|100\/100\n|switch|p2b: Palafin|Palafin, L50, F, shiny|100\/100\n|turn|1\n|\n|t:|1681726441\n|detailschange|p2b: Palafin|Palafin-Hero, L50, F, shiny\n|switch|p2b: Arcanine|Arcanine, L50, F|100\/100\n|-ability|p2b: Arcanine|Intimidate|boost\n|-unboost|p1a: Tatsugiri|atk|1\n|-unboost|p1b: Jolteon|atk|1\n|move|p2a: Gothitelle|Fake Out|p1b: Jolteon\n|-damage|p1b: Jolteon|90\/100\n|cant|p1b: Jolteon|flinch\n|move|p1a: Tatsugiri|Taunt|p2a: Gothitelle\n|-start|p2a: Gothitelle|move: Taunt\n|\n|-status|p1a: Tatsugiri|tox|[from] item: Toxic Orb\n|upkeep\n|turn|2\n|\n|t:|1681726471\n|switch|p2a: Palafin|Palafin-Hero, L50, F, shiny|100\/100\n|-activate|p2a: Palafin|ability: Zero to Hero\n|move|p1a: Tatsugiri|Endure|p1a: Tatsugiri\n|-singleturn|p1a: Tatsugiri|move: Endure\n|move|p1b: Jolteon|Volt Switch|p1a: Tatsugiri\n|-damage|p1a: Tatsugiri|49\/100 tox\n|\n|t:|1681726479\n|switch|p1b: Dondozo|Dondozo, L50, F|100\/100|[from] Volt Switch\n|-activate|p1a: Tatsugiri|ability: Commander|[of] p1b: Dondozo\n|-boost|p1b: Dondozo|atk|2\n|-boost|p1b: Dondozo|spa|2\n|-boost|p1b: Dondozo|spe|2\n|-boost|p1b: Dondozo|def|2\n|-boost|p1b: Dondozo|spd|2\n|move|p2b: Arcanine|Will-O-Wisp|p1b: Dondozo\n|-status|p1b: Dondozo|brn\n|\n|-damage|p1a: Tatsugiri|44\/100 tox|[from] psn\n|-damage|p1b: Dondozo|94\/100 brn|[from] brn\n|upkeep\n|turn|3\n|\n|t:|1681726499\n|move|p2b: Arcanine|Protect|p2b: Arcanine\n|-singleturn|p2b: Arcanine|Protect\n|move|p2a: Palafin|Haze|p2a: Palafin\n|-clearallboost\n|move|p1b: Dondozo|Rock Slide|p2b: Arcanine|[spread] p2a\n|-activate|p2b: Arcanine|move: Protect\n|-damage|p2a: Palafin|95\/100\n|\n|-heal|p1b: Dondozo|100\/100 brn|[from] item: Leftovers\n|-damage|p1a: Tatsugiri|33\/100 tox|[from] psn\n|-damage|p1b: Dondozo|94\/100 brn|[from] brn\n|upkeep\n|turn|4\n|\n|t:|1681726524\n|switch|p2b: Flutter Mane|Flutter Mane, L50|100\/100\n|move|p2a: Palafin|Protect|p2a: Palafin\n|-singleturn|p2a: Palafin|Protect\n|move|p1b: Dondozo|Order Up|p2a: Palafin\n|-activate|p2a: Palafin|move: Protect\n|\n|-heal|p1b: Dondozo|100\/100 brn|[from] item: Leftovers\n|-damage|p1a: Tatsugiri|16\/100 tox|[from] psn\n|-damage|p1b: Dondozo|94\/100 brn|[from] brn\n|upkeep\n|turn|5\n|c|\u2606sam2bh|so close\n|\n|t:|1681726557\n|switch|p2a: Gothitelle|Gothitelle, L50, M|100\/100\n|move|p2b: Flutter Mane|Perish Song|p2b: Flutter Mane\n|-miss|p2b: Flutter Mane|p1a: Tatsugiri\n|-start|p1b: Dondozo|perish3|[silent]\n|-start|p2a: Gothitelle|perish3|[silent]\n|-start|p2b: Flutter Mane|perish3|[silent]\n|-fieldactivate|move: Perish Song\n|move|p1b: Dondozo|Rock Slide|p2a: Gothitelle|[spread] p2a,p2b\n|-damage|p2a: Gothitelle|94\/100\n|-damage|p2b: Flutter Mane|91\/100\n|\n|-heal|p1b: Dondozo|100\/100 brn|[from] item: Leftovers\n|-damage|p1a: Tatsugiri|0 fnt|[from] psn\n|faint|p1a: Tatsugiri\n|-damage|p1b: Dondozo|94\/100 brn|[from] brn\n|-start|p2b: Flutter Mane|perish3\n|-start|p2a: Gothitelle|perish3\n|-start|p1b: Dondozo|perish3\n|upkeep\n|\n|t:|1681726569\n|switch|p1a: Jolteon|Jolteon, L50, F|90\/100\n|turn|6\n|\n|t:|1681726584\n|move|p2a: Gothitelle|Fake Out|p1a: Jolteon\n|-crit|p1a: Jolteon\n|-damage|p1a: Jolteon|75\/100\n|cant|p1a: Jolteon|flinch\n|move|p2b: Flutter Mane|Moonblast|p1a: Jolteon\n|-damage|p1a: Jolteon|0 fnt\n|faint|p1a: Jolteon\n|-damage|p2b: Flutter Mane|81\/100|[from] item: Life Orb\n|move|p1b: Dondozo|Order Up|p2a: Gothitelle\n|-damage|p2a: Gothitelle|85\/100\n|-boost|p1b: Dondozo|spe|1\n|\n|-heal|p1b: Dondozo|100\/100 brn|[from] item: Leftovers\n|-damage|p1b: Dondozo|94\/100 brn|[from] brn\n|-start|p2b: Flutter Mane|perish2\n|-start|p2a: Gothitelle|perish2\n|-start|p1b: Dondozo|perish2\n|upkeep\n|\n|t:|1681726587\n|switch|p1a: Flamigo|Flamigo, L50, F|100\/100\n|-copyboost|p1a: Flamigo|p1b: Dondozo|[from] ability: Costar\n|turn|7\n|\n|t:|1681726611\n|switch|p2a: Palafin|Palafin-Hero, L50, F, shiny|95\/100\n|move|p2b: Flutter Mane|Protect|p2b: Flutter Mane\n|-singleturn|p2b: Flutter Mane|Protect\n|move|p1a: Flamigo|Brave Bird|p2a: Palafin\n|-damage|p2a: Palafin|24\/100\n|-damage|p1a: Flamigo|70\/100|[from] Recoil\n|-damage|p1a: Flamigo|60\/100|[from] item: Life Orb\n|move|p1b: Dondozo|Order Up|p2a: Palafin\n|-damage|p2a: Palafin|16\/100\n|-boost|p1b: Dondozo|spe|1\n|\n|-heal|p1b: Dondozo|100\/100 brn|[from] item: Leftovers\n|-damage|p1b: Dondozo|94\/100 brn|[from] brn\n|-start|p2b: Flutter Mane|perish1\n|-start|p1b: Dondozo|perish1\n|upkeep\n|turn|8\n|\n|t:|1681726631\n|-end|p2b: Flutter Mane|Protosynthesis|[silent]\n|switch|p2b: Arcanine|Arcanine, L50, F|100\/100\n|-ability|p2b: Arcanine|Intimidate|boost\n|-unboost|p1a: Flamigo|atk|1\n|-unboost|p1b: Dondozo|atk|1\n|move|p2a: Palafin|Protect|p2a: Palafin\n|-singleturn|p2a: Palafin|Protect\n|move|p1a: Flamigo|Brave Bird|p2b: Arcanine\n|-damage|p2b: Arcanine|40\/100\n|-damage|p1a: Flamigo|37\/100|[from] Recoil\n|-damage|p1a: Flamigo|28\/100|[from] item: Life Orb\n|move|p1b: Dondozo|Rock Slide|p2a: Palafin|[spread] p2b\n|-activate|p2a: Palafin|move: Protect\n|-supereffective|p2b: Arcanine\n|-damage|p2b: Arcanine|30\/100\n|\n|-heal|p1b: Dondozo|100\/100 brn|[from] item: Leftovers\n|-damage|p1b: Dondozo|94\/100 brn|[from] brn\n|-start|p1b: Dondozo|perish0\n|faint|p1b: Dondozo\n|upkeep\n|turn|9\n|\n|t:|1681726657\n|move|p2b: Arcanine|Protect|p2b: Arcanine\n|-singleturn|p2b: Arcanine|Protect\n|move|p2a: Palafin|Jet Punch|p1a: Flamigo\n|-damage|p1a: Flamigo|0 fnt\n|faint|p1a: Flamigo\n|\n|win|t4vr\n|raw|sam2bh's rating: 1066 → 1047<\/strong> (-19 for losing)\n|raw|t4vr's rating: 1081 → 1108<\/strong> (+27 for winning)\n","uploadtime":1681726667,"views":12,"p1id":"sam2bh","p2id":"t4vr","formatid":"gen9vgc2023regulationc","rating":1047,"private":0,"password":""}