{"id":"gen9vgc2023regulationc-1846993007","p1":"JohanDK","p2":"Hochweisse","format":"[Gen 9] VGC 2023 Regulation C","log":"|j|\u2606JohanDK\n|j|\u2606Hochweisse\n|t:|1681909783\n|gametype|doubles\n|player|p1|JohanDK|2|1155\n|player|p2|Hochweisse|plasmagrunt-gen5bw|1156\n|teamsize|p1|6\n|teamsize|p2|6\n|gen|9\n|tier|[Gen 9] VGC 2023 Regulation C\n|rated|\n|rule|Species Clause: Limit one of each Pok\u00e9mon\n|rule|Item Clause: Limit one of each item\n|clearpoke\n|poke|p1|Gyarados, L50, M|\n|poke|p1|Flutter Mane, L50|\n|poke|p1|Amoonguss, L50, M|\n|poke|p1|Roaring Moon, L50|\n|poke|p1|Chien-Pao, L50|\n|poke|p1|Palafin, L50, F|\n|poke|p2|Kingambit, L50, F|\n|poke|p2|Sylveon, L50, F|\n|poke|p2|Roaring Moon, L50|\n|poke|p2|Maushold-Four, L50|\n|poke|p2|Arcanine, L50, F|\n|poke|p2|Clawitzer, L50, F|\n|teampreview|4\n|\n|t:|1681909806\n|start\n|switch|p1a: Cordyceps|Amoonguss, L50, M, shiny|100\/100\n|switch|p1b: Orumaito|Palafin, L50, F, shiny|100\/100\n|switch|p2a: Sylveon|Sylveon, L50, F, shiny|100\/100\n|switch|p2b: Arcanine|Arcanine, L50, F|100\/100\n|-ability|p2b: Arcanine|Intimidate|boost\n|-unboost|p1a: Cordyceps|atk|1\n|-unboost|p1b: Orumaito|atk|1\n|turn|1\n|\n|t:|1681909830\n|-terastallize|p1a: Cordyceps|Water\n|move|p1b: Orumaito|Protect|p1b: Orumaito\n|-singleturn|p1b: Orumaito|Protect\n|move|p2b: Arcanine|Will-O-Wisp|p1a: Cordyceps\n|-status|p1a: Cordyceps|brn\n|move|p2a: Sylveon|Substitute|p2a: Sylveon\n|-start|p2a: Sylveon|Substitute\n|-damage|p2a: Sylveon|75\/100\n|move|p1a: Cordyceps|Spore||[still]\n|-fail|p1a: Cordyceps\n|\n|-damage|p1a: Cordyceps|95\/100 brn|[from] brn\n|upkeep\n|turn|2\n|\n|t:|1681909853\n|detailschange|p1b: Orumaito|Palafin-Hero, L50, F, shiny\n|switch|p1b: Flutter Mane|Flutter Mane, L50, shiny|100\/100\n|move|p2b: Arcanine|Will-O-Wisp|p1b: Flutter Mane\n|-status|p1b: Flutter Mane|brn\n|move|p2a: Sylveon|Hyper Voice|p1b: Flutter Mane|[spread] p1a,p1b\n|-damage|p1a: Cordyceps|63\/100 brn\n|-damage|p1b: Flutter Mane|64\/100 brn\n|-enditem|p2a: Sylveon|Throat Spray\n|-boost|p2a: Sylveon|spa|1|[from] item: Throat Spray\n|move|p1a: Cordyceps|Clear Smog|p2a: Sylveon\n|-supereffective|p2a: Sylveon\n|-activate|p2a: Sylveon|move: Substitute|[damage]\n|\n|-damage|p1b: Flutter Mane|59\/100 brn|[from] brn\n|-damage|p1a: Cordyceps|57\/100 brn|[from] brn\n|upkeep\n|turn|3\n|\n|t:|1681909873\n|move|p2b: Arcanine|Protect|p2b: Arcanine\n|-singleturn|p2b: Arcanine|Protect\n|move|p1b: Flutter Mane|Dazzling Gleam|p2a: Sylveon|[spread] p2a\n|-activate|p2b: Arcanine|move: Protect\n|-end|p2a: Sylveon|Substitute\n|move|p2a: Sylveon|Hyper Voice|p1a: Cordyceps|[spread] p1a,p1b\n|-damage|p1a: Cordyceps|10\/100 brn\n|-damage|p1b: Flutter Mane|4\/100 brn\n|move|p1a: Cordyceps|Clear Smog|p2a: Sylveon\n|-supereffective|p2a: Sylveon\n|-damage|p2a: Sylveon|50\/100\n|-clearboost|p2a: Sylveon\n|\n|-damage|p1b: Flutter Mane|0 fnt|[from] brn\n|faint|p1b: Flutter Mane\n|-end|p1b: Flutter Mane|Protosynthesis|[silent]\n|-damage|p1a: Cordyceps|4\/100 brn|[from] brn\n|upkeep\n|\n|t:|1681909892\n|switch|p1b: Orumaito|Palafin-Hero, L50, F, shiny|100\/100\n|-activate|p1b: Orumaito|ability: Zero to Hero\n|turn|4\n|\n|t:|1681909906\n|switch|p1a: Chien-Pao|Chien-Pao, L50|100\/100\n|-ability|p1a: Chien-Pao|Sword of Ruin\n|move|p2a: Sylveon|Protect|p2a: Sylveon\n|-singleturn|p2a: Sylveon|Protect\n|move|p1b: Orumaito|Wave Crash|p2b: Arcanine\n|-supereffective|p2b: Arcanine\n|-damage|p2b: Arcanine|0 fnt\n|faint|p2b: Arcanine\n|-damage|p1b: Orumaito|65\/100|[from] Recoil\n|\n|upkeep\n|\n|t:|1681909920\n|switch|p2b: Roaring Moon|Roaring Moon, L50|100\/100\n|-enditem|p2b: Roaring Moon|Booster Energy\n|-activate|p2b: Roaring Moon|ability: Protosynthesis|[fromitem]\n|-start|p2b: Roaring Moon|protosynthesisspe\n|turn|5\n|\n|t:|1681909939\n|move|p1a: Chien-Pao|Protect|p1a: Chien-Pao\n|-singleturn|p1a: Chien-Pao|Protect\n|move|p1b: Orumaito|Jet Punch|p2a: Sylveon\n|-damage|p2a: Sylveon|0 fnt\n|faint|p2a: Sylveon\n|move|p2b: Roaring Moon|Throat Chop|p1b: Orumaito\n|-damage|p1b: Orumaito|12\/100\n|-start|p1b: Orumaito|Throat Chop|[silent]\n|\n|upkeep\n|\n|t:|1681909947\n|switch|p2a: Kingambit|Kingambit, L50, F|100\/100\n|turn|6\n|\n|t:|1681909971\n|move|p1b: Orumaito|Jet Punch|p2a: Kingambit\n|-damage|p2a: Kingambit|61\/100\n|move|p2a: Kingambit|Sucker Punch||[still]\n|-fail|p2a: Kingambit\n|move|p2b: Roaring Moon|Acrobatics|p1a: Chien-Pao\n|-damage|p1a: Chien-Pao|48\/100\n|move|p1a: Chien-Pao|Sacred Sword|p2a: Kingambit\n|-supereffective|p2a: Kingambit\n|-damage|p2a: Kingambit|0 fnt\n|faint|p2a: Kingambit\n|\n|-end|p1b: Orumaito|Throat Chop|[silent]\n|upkeep\n|turn|7\n|\n|t:|1681909991\n|move|p2b: Roaring Moon|Protect|p2b: Roaring Moon\n|-singleturn|p2b: Roaring Moon|Protect\n|move|p1a: Chien-Pao|Protect|p1a: Chien-Pao\n|-singleturn|p1a: Chien-Pao|Protect\n|move|p1b: Orumaito|Protect||[still]\n|-fail|p1b: Orumaito\n|\n|upkeep\n|turn|8\n|\n|t:|1681910005\n|move|p1b: Orumaito|Jet Punch|p2b: Roaring Moon\n|-resisted|p2b: Roaring Moon\n|-damage|p2b: Roaring Moon|68\/100\n|move|p2b: Roaring Moon|Acrobatics|p1a: Chien-Pao\n|-damage|p1a: Chien-Pao|0 fnt\n|faint|p1a: Chien-Pao\n|\n|upkeep\n|\n|t:|1681910014\n|switch|p1a: Cordyceps|Amoonguss, L50, M, shiny, tera:Water|37\/100 brn\n|turn|9\n|\n|t:|1681910024\n|-terastallize|p2b: Roaring Moon|Flying\n|move|p2b: Roaring Moon|Protect|p2b: Roaring Moon\n|-singleturn|p2b: Roaring Moon|Protect\n|move|p1b: Orumaito|Wave Crash|p2b: Roaring Moon\n|-activate|p2b: Roaring Moon|move: Protect\n|move|p1a: Cordyceps|Spore|p2b: Roaring Moon\n|-activate|p2b: Roaring Moon|move: Protect\n|\n|-damage|p1a: Cordyceps|31\/100 brn|[from] brn\n|upkeep\n|turn|10\n|\n|t:|1681910040\n|move|p1a: Cordyceps|Rage Powder|p1a: Cordyceps\n|-singleturn|p1a: Cordyceps|move: Rage Powder\n|move|p1b: Orumaito|Jet Punch|p2b: Roaring Moon\n|-damage|p2b: Roaring Moon|21\/100\n|move|p2b: Roaring Moon|Acrobatics|p1a: Cordyceps\n|-damage|p1a: Cordyceps|0 fnt\n|faint|p1a: Cordyceps\n|\n|upkeep\n|turn|11\n|\n|t:|1681910051\n|move|p2b: Roaring Moon|Protect|p2b: Roaring Moon\n|-singleturn|p2b: Roaring Moon|Protect\n|move|p1b: Orumaito|Jet Punch|p2b: Roaring Moon\n|-activate|p2b: Roaring Moon|move: Protect\n|\n|upkeep\n|turn|12\n|\n|t:|1681910058\n|move|p1b: Orumaito|Jet Punch|p2b: Roaring Moon\n|-damage|p2b: Roaring Moon|0 fnt\n|faint|p2b: Roaring Moon\n|-end|p2b: Roaring Moon|Protosynthesis|[silent]\n|\n|win|JohanDK\n|raw|JohanDK's rating: 1155 → 1180<\/strong> (+25 for winning)\n|raw|Hochweisse's rating: 1156 → 1131<\/strong> (-25 for losing)\n|l|\u2606Hochweisse\n","uploadtime":1681910065,"views":6,"p1id":"johandk","p2id":"hochweisse","formatid":"gen9vgc2023regulationc","rating":1131,"private":0,"password":""}