{"id":"gen9vgc2023regulationc-1861450336","p1":"YucaPol","p2":"leaveher","format":"[Gen 9] VGC 2023 Regulation C","log":"|j|\u2606YucaPol\n|j|\u2606leaveher\n|t:|1683759374\n|gametype|doubles\n|player|p1|YucaPol|steven|1170\n|player|p2|leaveher|1|1194\n|teamsize|p1|6\n|teamsize|p2|6\n|gen|9\n|tier|[Gen 9] VGC 2023 Regulation C\n|rated|\n|rule|Species Clause: Limit one of each Pok\u00e9mon\n|rule|Item Clause: Limit one of each item\n|clearpoke\n|poke|p1|Murkrow, L50, F|\n|poke|p1|Toxtricity, L50, M|\n|poke|p1|Flutter Mane, L50|\n|poke|p1|Kingambit, L50, F|\n|poke|p1|Great Tusk, L50|\n|poke|p1|Indeedee-F, L50, F|\n|poke|p2|Indeedee-F, L50, F|\n|poke|p2|Armarouge, L50, F|\n|poke|p2|Azumarill, L50, M|\n|poke|p2|Torkoal, L50, M|\n|poke|p2|Hatterene, L50, F|\n|poke|p2|Sylveon, L50, F|\n|teampreview|4\n|inactive|Battle timer is ON: inactive players will automatically lose when time's up. (requested by leaveher)\n|inactive|YucaPol has 60 seconds left.\n|inactive|leaveher has 60 seconds left.\n|inactive|YucaPol has 30 seconds left.\n|inactive|leaveher has 30 seconds left.\n|inactive|YucaPol has 20 seconds left.\n|inactive|YucaPol has 15 seconds left.\n|inactive|YucaPol has 10 seconds left.\n|inactive|YucaPol has 5 seconds left.\n|\n|t:|1683759460\n|start\n|switch|p1a: Wanda|Indeedee-F, L50, F|100\/100\n|switch|p1b: Karmesi|Flutter Mane, L50|100\/100\n|switch|p2a: Indeedee|Indeedee-F, L50, F|100\/100\n|switch|p2b: Armarouge|Armarouge, L50, F|100\/100\n|-fieldstart|move: Psychic Terrain|[from] ability: Psychic Surge|[of] p1a: Wanda\n|-enditem|p1a: Wanda|Psychic Seed\n|-boost|p1a: Wanda|spd|1|[from] item: Psychic Seed\n|-enditem|p1b: Karmesi|Booster Energy\n|-activate|p1b: Karmesi|ability: Protosynthesis|[fromitem]\n|-start|p1b: Karmesi|protosynthesisspa\n|turn|1\n|inactive|YucaPol has 30 seconds left.\n|inactive|YucaPol has 20 seconds left.\n|inactive|YucaPol has 15 seconds left.\n|inactive|YucaPol has 10 seconds left.\n|inactive|YucaPol has 5 seconds left.\n|\n|t:|1683759515\n|move|p2a: Indeedee|Follow Me|p2a: Indeedee\n|-singleturn|p2a: Indeedee|move: Follow Me\n|move|p1b: Karmesi|Psyshock|p2a: Indeedee\n|-resisted|p2a: Indeedee\n|-damage|p2a: Indeedee|77\/100\n|move|p1a: Wanda|Hyper Voice|p2a: Indeedee|[spread] p2a,p2b\n|-damage|p2a: Indeedee|49\/100\n|-damage|p2b: Armarouge|68\/100\n|move|p2b: Armarouge|Expanding Force|p1a: Wanda|[spread] p1a,p1b\n|-resisted|p1a: Wanda\n|-damage|p1a: Wanda|80\/100\n|-damage|p1b: Karmesi|42\/100\n|\n|upkeep\n|turn|2\n|inactive|YucaPol has 30 seconds left.\n|\n|t:|1683759541\n|-end|p1b: Karmesi|Protosynthesis|[silent]\n|switch|p1b: Gilgamesh|Kingambit, L50, F|100\/100\n|move|p2b: Armarouge|Wide Guard|p2b: Armarouge\n|-singleturn|p2b: Armarouge|Wide Guard\n|move|p1a: Wanda|Hyper Voice|p2a: Indeedee|[spread] \n|-activate|p2a: Indeedee|move: Wide Guard\n|-activate|p2b: Armarouge|move: Wide Guard\n|move|p2a: Indeedee|Trick Room|p2a: Indeedee\n|-fieldstart|move: Trick Room|[of] p2a: Indeedee\n|\n|upkeep\n|turn|3\n|inactive|YucaPol has 30 seconds left.\n|inactive|leaveher has 30 seconds left.\n|inactive|YucaPol has 20 seconds left.\n|inactive|leaveher has 20 seconds left.\n|inactive|YucaPol has 15 seconds left.\n|inactive|leaveher has 15 seconds left.\n|inactive|YucaPol has 10 seconds left.\n|inactive|YucaPol has 5 seconds left.\n|\n|t:|1683759592\n|switch|p2b: Sylveon|Sylveon, L50, F|100\/100\n|-terastallize|p1b: Gilgamesh|Flying\n|move|p2a: Indeedee|Follow Me|p2a: Indeedee\n|-singleturn|p2a: Indeedee|move: Follow Me\n|move|p1b: Gilgamesh|Iron Head|p2a: Indeedee\n|-damage|p2a: Indeedee|13\/100\n|move|p1a: Wanda|Shadow Ball|p2a: Indeedee\n|-immune|p2a: Indeedee\n|\n|upkeep\n|turn|4\n|inactive|YucaPol has 30 seconds left.\n|inactive|YucaPol has 20 seconds left.\n|inactive|YucaPol has 15 seconds left.\n|inactive|leaveher has 30 seconds left.\n|\n|t:|1683759633\n|move|p2a: Indeedee|Follow Me|p2a: Indeedee\n|-singleturn|p2a: Indeedee|move: Follow Me\n|move|p2b: Sylveon|Yawn|p1a: Wanda\n|-start|p1a: Wanda|move: Yawn|[of] p2b: Sylveon\n|move|p1b: Gilgamesh|Iron Head|p2a: Indeedee\n|-damage|p2a: Indeedee|0 fnt\n|faint|p2a: Indeedee\n|move|p1a: Wanda|Psyshock|p2b: Sylveon\n|-damage|p2b: Sylveon|46\/100\n|\n|upkeep\n|\n|t:|1683759649\n|switch|p2a: Armarouge|Armarouge, L50, F|68\/100\n|turn|5\n|inactive|YucaPol has 30 seconds left.\n|\n|t:|1683759677\n|move|p1b: Gilgamesh|Protect|p1b: Gilgamesh\n|-singleturn|p1b: Gilgamesh|Protect\n|move|p2b: Sylveon|Hyper Voice|p1a: Wanda|[spread] p1a\n|-activate|p1b: Gilgamesh|move: Protect\n|-damage|p1a: Wanda|54\/100\n|-enditem|p2b: Sylveon|Throat Spray\n|-boost|p2b: Sylveon|spa|1|[from] item: Throat Spray\n|move|p2a: Armarouge|Expanding Force|p1b: Gilgamesh|[spread] p1a\n|-activate|p1b: Gilgamesh|move: Protect\n|-resisted|p1a: Wanda\n|-damage|p1a: Wanda|32\/100\n|move|p1a: Wanda|Shadow Ball|p2a: Armarouge\n|-supereffective|p2a: Armarouge\n|-damage|p2a: Armarouge|19\/100\n|-unboost|p2a: Armarouge|spd|1\n|\n|-end|p1a: Wanda|move: Yawn|[silent]\n|-status|p1a: Wanda|slp\n|-fieldend|move: Psychic Terrain\n|upkeep\n|turn|6\n|inactive|YucaPol has 30 seconds left.\n|\n|t:|1683759706\n|move|p1b: Gilgamesh|Sucker Punch|p2a: Armarouge\n|-supereffective|p2a: Armarouge\n|-damage|p2a: Armarouge|0 fnt\n|faint|p2a: Armarouge\n|move|p2b: Sylveon|Hyper Voice|p1b: Gilgamesh|[spread] p1a,p1b\n|-damage|p1a: Wanda|0 fnt\n|-damage|p1b: Gilgamesh|48\/100\n|faint|p1a: Wanda\n|\n|-fieldend|move: Trick Room\n|upkeep\n|\n|t:|1683759720\n|switch|p1a: Gogo|Toxtricity, L50, M|100\/100\n|switch|p2a: Azumarill|Azumarill, L50, M|100\/100\n|turn|7\n|inactive|YucaPol has 30 seconds left.\n|\n|t:|1683759749\n|-terastallize|p2a: Azumarill|Fairy\n|move|p2b: Sylveon|Detect|p2b: Sylveon\n|-singleturn|p2b: Sylveon|Protect\n|move|p1a: Gogo|Overdrive|p2b: Sylveon|[spread] p2a\n|-activate|p2b: Sylveon|move: Protect\n|-damage|p2a: Azumarill|64\/100\n|-enditem|p1a: Gogo|Throat Spray\n|-boost|p1a: Gogo|spa|1|[from] item: Throat Spray\n|move|p1b: Gilgamesh|Tera Blast|p2a: Azumarill\n|-damage|p2a: Azumarill|30\/100\n|move|p2a: Azumarill|Liquidation|p1b: Gilgamesh\n|-damage|p1b: Gilgamesh|0 fnt\n|faint|p1b: Gilgamesh\n|\n|upkeep\n|\n|t:|1683759764\n|switch|p1b: Karmesi|Flutter Mane, L50|42\/100\n|turn|8\n|\n|t:|1683759771\n|move|p1b: Karmesi|Dazzling Gleam|p2a: Azumarill|[spread] p2a,p2b\n|-damage|p2a: Azumarill|0 fnt\n|-damage|p2b: Sylveon|21\/100\n|faint|p2a: Azumarill\n|move|p1a: Gogo|Boomburst|p2b: Sylveon|[spread] p2b\n|-immune|p1b: Karmesi\n|-damage|p2b: Sylveon|0 fnt\n|faint|p2b: Sylveon\n|\n|win|YucaPol\n|raw|YucaPol's rating: 1170 → 1197<\/strong> (+27 for winning)\n|raw|leaveher's rating: 1194 → 1167<\/strong> (-27 for losing)\n|l|\u2606leaveher\n","uploadtime":1683759783,"views":5,"p1id":"yucapol","p2id":"leaveher","formatid":"gen9vgc2023regulationc","rating":1167,"private":0,"password":""}