{"id":"gen9vgc2023regulationc-1854353475","p1":"Toastest","p2":"Rean411","format":"[Gen 9] VGC 2023 Regulation C","log":"|j|\u2606Toastest\n|j|\u2606Rean411\n|t:|1682800481\n|gametype|doubles\n|player|p1|Toastest|roxanne-gen6|\n|player|p2|Rean411|2|\n|teamsize|p1|6\n|teamsize|p2|6\n|gen|9\n|tier|[Gen 9] VGC 2023 Regulation C\n|rated|Tournament battle\n|rule|Species Clause: Limit one of each Pok\u00e9mon\n|rule|Item Clause: Limit one of each item\n|clearpoke\n|poke|p1|Flutter Mane, L50|\n|poke|p1|Arcanine, L50, F|\n|poke|p1|Ting-Lu, L50|\n|poke|p1|Palafin, L50, F|\n|poke|p1|Amoonguss, L50, M|\n|poke|p1|Baxcalibur, L50, F|\n|poke|p2|Arcanine, L50, M|\n|poke|p2|Ting-Lu, L50|\n|poke|p2|Annihilape, L50, F|\n|poke|p2|Maushold, L50|\n|poke|p2|Flutter Mane, L50|\n|poke|p2|Amoonguss, L50, M|\n|teampreview|4\n|raw| Open Team Sheet for Toastest<\/summary>Flutter Mane @ Choice Specs Ability: Protosynthesis Level: 50 Tera Type: Fairy - Moonblast - Shadow Ball - Dazzling Gleam - Thunderbolt Arcanine @ Safety Goggles Ability: Intimidate Level: 50 Tera Type: Flying - Protect - Flare Blitz - Extreme Speed - Will-O-Wisp Ting-Lu @ Assault Vest Ability: Vessel of Ruin Level: 50 Tera Type: Poison - Stomping Tantrum - Ruination - Heavy Slam - Stone Edge Palafin @ Mystic Water Ability: Zero to Hero Level: 50 Tera Type: Water - Protect - Wave Crash - Jet Punch - Haze Amoonguss @ Sitrus Berry Ability: Regenerator Level: 50 Tera Type: Water - Protect - Rage Powder - Spore - Pollen Puff Baxcalibur @ Clear Amulet Ability: Thermal Exchange Level: 50 Tera Type: Poison - Protect - Icicle Crash - Glaive Rush - Ice Shard <\/details><\/div> Open Team Sheet for Rean411<\/summary>Good Boi (Arcanine) @ Aguav Berry Ability: Intimidate Level: 50 Tera Type: Grass - Protect - Flare Blitz - Extreme Speed - Will-O-Wisp Annoying (Ting-Lu) @ Assault Vest Ability: Vessel of Ruin Level: 50 Tera Type: Water - Stomping Tantrum - Rock Slide - Heavy Slam - Ruination Caesar (Annihilape) @ Leftovers Ability: Defiant Level: 50 Shiny: Yes Tera Type: Water - Rage Fist - Drain Punch - Bulk Up - Protect Selahn (Maushold) @ Safety Goggles Ability: Friend Guard Level: 50 Shiny: Yes Tera Type: Ghost - Beat Up - Super Fang - Follow Me - Protect Mrs Marple (Flutter Mane) @ Booster Energy Ability: Protosynthesis Level: 50 Tera Type: Grass - Moonblast - Taunt - Shadow Ball - Protect Nelat (Amoonguss) @ Sitrus Berry Ability: Regenerator Level: 50 Tera Type: Water - Protect - Clear Smog - Spore - Pollen Puff <\/details><\/div>\n|c|\u2606Rean411|Is this the finals?\n|c|\u2606Toastest|ye\n|j| sonniko\n|j| nexusj4\n|j| Bdubs wings\n|j| omegaruby35\n|l| omegaruby35\n|c|\u2606Rean411|Wow! I haven\u2019t made finals in a while\n|j| Wottl3y\n|c|\u2606Rean411|not with this many matches\n|j|+crystalninetales\n|j| blastoise_vossi\n|j|%Therazer456\n|l| Bdubs wings\n|\n|t:|1682800609\n|start\n|switch|p1a: Flutter Mane|Flutter Mane, L50|100\/100\n|switch|p1b: Palafin|Palafin, L50, F|100\/100\n|switch|p2a: Good Boi|Arcanine, L50, M|100\/100\n|switch|p2b: Caesar|Annihilape, L50, F, shiny|100\/100\n|-ability|p2a: Good Boi|Intimidate|boost\n|-unboost|p1a: Flutter Mane|atk|1\n|-unboost|p1b: Palafin|atk|1\n|turn|1\n|c| blastoise_vossi|gz for coming in finals\n|j| Bdubs wings\n|c|\u2606Rean411|Gz?\n|c| sonniko|congratulations\n|c| sonniko|gratz\n|c| sonniko|gz\n|c|\u2606Rean411|The internet will never fail to confuse me with their abbreviations. Lol\n|l| Bdubs wings\n|c|\u2606Rean411|thanks!\n|j| Bdubs wings\n|\n|t:|1682800700\n|detailschange|p1b: Palafin|Palafin-Hero, L50, F\n|switch|p1b: Arcanine|Arcanine, L50, F|100\/100\n|-ability|p1b: Arcanine|Intimidate|boost\n|-unboost|p2a: Good Boi|atk|1\n|-unboost|p2b: Caesar|atk|1\n|-ability|p2b: Caesar|Defiant|boost\n|-boost|p2b: Caesar|atk|2\n|move|p2b: Caesar|Protect|p2b: Caesar\n|-singleturn|p2b: Caesar|Protect\n|move|p1a: Flutter Mane|Moonblast|p2b: Caesar\n|-activate|p2b: Caesar|move: Protect\n|move|p2a: Good Boi|Will-O-Wisp|p1b: Arcanine\n|-immune|p1b: Arcanine\n|\n|upkeep\n|turn|2\n|j| Tempest brute\n|l|+crystalninetales\n|\n|t:|1682800790\n|switch|p2b: Annoying|Ting-Lu, L50|100\/100\n|-ability|p2b: Annoying|Vessel of Ruin\n|-terastallize|p1a: Flutter Mane|Fairy\n|move|p1a: Flutter Mane|Moonblast|p2b: Annoying\n|-supereffective|p2b: Annoying\n|-damage|p2b: Annoying|35\/100\n|move|p2a: Good Boi|Flare Blitz|p1a: Flutter Mane\n|-damage|p1a: Flutter Mane|54\/100\n|-damage|p2a: Good Boi|89\/100|[from] Recoil\n|move|p1b: Arcanine|Flare Blitz|p2b: Annoying\n|-crit|p2b: Annoying\n|-damage|p2b: Annoying|0 fnt\n|faint|p2b: Annoying\n|-damage|p1b: Arcanine|87\/100|[from] Recoil\n|\n|upkeep\n|c| Tempest brute|how\n|c|\u2606Toastest|how what\n|c| sonniko|only 46%\n|c| sonniko|?\n|c|\u2606Toastest|-1\n|c|\u2606Toastest|and bulk\n|c| sonniko|Hmm\n|c| sonniko|Nice\n|c|\u2606Rean411|How what?\n|c| Bdubs wings|That 36 spa spread lol\n|c| sonniko|Yeah\n|c|\u2606Toastest|ye\n|\n|t:|1682800846\n|switch|p2b: Caesar|Annihilape, L50, F, shiny|100\/100\n|turn|3\n|c|\u2606Toastest|it's a pretty good spread\n|\n|t:|1682800867\n|-end|p1a: Flutter Mane|Protosynthesis|[silent]\n|switch|p1a: Palafin|Palafin-Hero, L50, F|100\/100\n|-activate|p1a: Palafin|ability: Zero to Hero\n|switch|p2a: Mrs Marple|Flutter Mane, L50|100\/100\n|-enditem|p2a: Mrs Marple|Booster Energy\n|-activate|p2a: Mrs Marple|ability: Protosynthesis|[fromitem]\n|-start|p2a: Mrs Marple|protosynthesisspe\n|-terastallize|p2b: Caesar|Water\n|move|p2b: Caesar|Rage Fist|p1b: Arcanine\n|-damage|p1b: Arcanine|66\/100\n|move|p1b: Arcanine|Will-O-Wisp|p2b: Caesar\n|-status|p2b: Caesar|brn\n|\n|-damage|p2b: Caesar|95\/100 brn|[from] brn\n|upkeep\n|turn|4\n|l| nexusj4\n|c| sonniko|Modest 228\/0\/68\/84\/4\/124 , this the set?\n|c|\u2606Toastest|!showset 1\n|c| Toastest|\/raw Flutter Mane @ Choice Specs Ability: Protosynthesis Level: 50 Tera Type: Fairy EVs: 100 HP / 244 Def / 44 SpA / 4 SpD / 116 Spe Modest Nature IVs: 0 Atk - Moonblast - Shadow Ball - Dazzling Gleam - Thunderbolt <\/div>\n|c|\u2606Rean411|For which mon?\n|c|\u2606Rean411|dang dude\n|c| sonniko|i was close\n|c| Tempest brute|i hate flutter so much\n|\n|t:|1682800973\n|move|p2a: Mrs Marple|Protect|p2a: Mrs Marple\n|-singleturn|p2a: Mrs Marple|Protect\n|move|p1a: Palafin|Wave Crash|p2a: Mrs Marple\n|-activate|p2a: Mrs Marple|move: Protect\n|move|p2b: Caesar|Bulk Up|p2b: Caesar\n|-boost|p2b: Caesar|atk|1\n|-boost|p2b: Caesar|def|1\n|move|p1b: Arcanine|Flare Blitz|p2a: Mrs Marple\n|-activate|p2a: Mrs Marple|move: Protect\n|\n|-heal|p2b: Caesar|100\/100 brn|[from] item: Leftovers\n|-damage|p2b: Caesar|95\/100 brn|[from] brn\n|upkeep\n|turn|5\n|c| sonniko|Do you get the proto spee with 116 speed?\n|\n|t:|1682801019\n|-end|p2a: Mrs Marple|Protosynthesis|[silent]\n|switch|p2a: Good Boi|Arcanine, L50, M|89\/100\n|-ability|p2a: Good Boi|Intimidate|boost\n|-unboost|p1a: Palafin|atk|1\n|-unboost|p1b: Arcanine|atk|1\n|move|p1a: Palafin|Jet Punch|p2a: Good Boi\n|-supereffective|p2a: Good Boi\n|-damage|p2a: Good Boi|14\/100\n|-enditem|p2a: Good Boi|Aguav Berry|[eat]\n|-heal|p2a: Good Boi|47\/100|[from] item: Aguav Berry\n|move|p2b: Caesar|Bulk Up|p2b: Caesar\n|-boost|p2b: Caesar|atk|1\n|-boost|p2b: Caesar|def|1\n|move|p1b: Arcanine|Flare Blitz|p2a: Good Boi\n|-resisted|p2a: Good Boi\n|-damage|p2a: Good Boi|30\/100\n|-damage|p1b: Arcanine|61\/100|[from] Recoil\n|\n|-heal|p2b: Caesar|100\/100 brn|[from] item: Leftovers\n|-damage|p2b: Caesar|95\/100 brn|[from] brn\n|upkeep\n|turn|6\n|c| Wottl3y|no it's proto sp.atk\n|c| Wottl3y|177 sp.atk vs 170 spe\n|c| sonniko|what happens in the flutter mirror then?\n|l| Bdubs wings\n|c| sonniko|Do you just lose it\n|c|\u2606Toastest|chaos ensues\n|c|\u2606Rean411|They probably survive and revenge kill\n|c| Tempest brute|you tera fairy and you hope they don't\n|j| Bdubs wings\n|c|\u2606Toastest|u can tank a shadow ball depending on how boosted it is, and u can tera\n|c| sonniko|Hm, nice set then. You probably have other stuff to deal with flutter\n|c| sonniko|anyway\n|j| tiziano911\n|c| Wottl3y|yeah 116 ev spe is kinda common. that 124 guy is just creeping all the 116ers lol\n|\n|t:|1682801147\n|switch|p1b: Amoonguss|Amoonguss, L50, M|100\/100\n|move|p1a: Palafin|Protect|p1a: Palafin\n|-singleturn|p1a: Palafin|Protect\n|move|p2a: Good Boi|Extreme Speed|p2b: Caesar\n|-damage|p2b: Caesar|83\/100 brn\n|move|p2b: Caesar|Rage Fist|p1a: Palafin\n|-activate|p1a: Palafin|move: Protect\n|\n|-heal|p2b: Caesar|89\/100 brn|[from] item: Leftovers\n|-damage|p2b: Caesar|83\/100 brn|[from] brn\n|upkeep\n|turn|7\n|c|\u2606Toastest|oo\n|c| Tempest brute|annihiape might just solo\n|\n|t:|1682801179\n|move|p2b: Caesar|Protect|p2b: Caesar\n|-singleturn|p2b: Caesar|Protect\n|move|p1b: Amoonguss|Rage Powder|p1b: Amoonguss\n|-singleturn|p1b: Amoonguss|move: Rage Powder\n|move|p2a: Good Boi|Will-O-Wisp|p1b: Amoonguss\n|-status|p1b: Amoonguss|brn\n|move|p1a: Palafin|Haze|p1a: Palafin\n|-clearallboost\n|\n|-heal|p2b: Caesar|89\/100 brn|[from] item: Leftovers\n|-damage|p2b: Caesar|83\/100 brn|[from] brn\n|-damage|p1b: Amoonguss|95\/100 brn|[from] brn\n|upkeep\n|turn|8\n|c| Tempest brute|if amongus dies\n|c| sonniko|nm\n|c| sonniko|that\n|c| tiziano911|mamawevo\n|\n|t:|1682801215\n|move|p2a: Good Boi|Protect|p2a: Good Boi\n|-singleturn|p2a: Good Boi|Protect\n|move|p1a: Palafin|Jet Punch|p2a: Good Boi\n|-activate|p2a: Good Boi|move: Protect\n|move|p2b: Caesar|Drain Punch|p1a: Palafin\n|-damage|p1a: Palafin|84\/100\n|-heal|p2b: Caesar|90\/100 brn|[from] drain|[of] p1a: Palafin\n|move|p1b: Amoonguss|Pollen Puff|p1a: Palafin\n|-heal|p1a: Palafin|100\/100\n|\n|-heal|p2b: Caesar|96\/100 brn|[from] item: Leftovers\n|-damage|p2b: Caesar|90\/100 brn|[from] brn\n|-damage|p1b: Amoonguss|89\/100 brn|[from] brn\n|upkeep\n|turn|9\n|c|%Therazer456|drain punch doing negative damage\n|c| sonniko|why did he burn amoonguss and not pala?\n|c|\u2606Toastest|rage powder redirected it\n|c|\u2606Rean411|Rage powder\n|c|%Therazer456|rage powder happened\n|c| sonniko|Oh\n|j| uomo Val\n|c| Tempest brute|ok if amoguss still dies annihialpe still wins\n|\n|t:|1682801284\n|move|p2a: Good Boi|Extreme Speed|p2b: Caesar\n|-damage|p2b: Caesar|67\/100 brn\n|move|p1a: Palafin|Jet Punch|p2a: Good Boi\n|-supereffective|p2a: Good Boi\n|-damage|p2a: Good Boi|0 fnt\n|faint|p2a: Good Boi\n|move|p2b: Caesar|Bulk Up|p2b: Caesar\n|-boost|p2b: Caesar|atk|1\n|-boost|p2b: Caesar|def|1\n|move|p1b: Amoonguss|Pollen Puff|p1a: Palafin\n|-immune|p1a: Palafin\n|\n|-heal|p2b: Caesar|73\/100 brn|[from] item: Leftovers\n|-damage|p2b: Caesar|67\/100 brn|[from] brn\n|-damage|p1b: Amoonguss|83\/100 brn|[from] brn\n|upkeep\n|c|\u2606Toastest|does it?\n|c| Tempest brute|ye\n|c|\u2606Toastest|how?\n|c| sonniko|Is it flutter in the back?\n|c|\u2606Rean411|If I play perfectly I have a chance\n|\n|t:|1682801310\n|switch|p2a: Mrs Marple|Flutter Mane, L50|100\/100\n|turn|10\n|c| Tempest brute|flutter then loses the exchange to annihalpe\n|c|\u2606Toastest|i've shown all four of my mons\n|c| sonniko|if he still had tera, maybe\n|c| Tempest brute|and then maybe annihiape will live wave crash + flare blitz\n|\n|t:|1682801338\n|move|p2a: Mrs Marple|Protect|p2a: Mrs Marple\n|-singleturn|p2a: Mrs Marple|Protect\n|move|p1a: Palafin|Protect|p1a: Palafin\n|-singleturn|p1a: Palafin|Protect\n|move|p2b: Caesar|Drain Punch|p1a: Palafin\n|-activate|p1a: Palafin|move: Protect\n|move|p1b: Amoonguss|Spore|p2a: Mrs Marple\n|-activate|p2a: Mrs Marple|move: Protect\n|\n|-heal|p2b: Caesar|73\/100 brn|[from] item: Leftovers\n|-damage|p2b: Caesar|67\/100 brn|[from] brn\n|-damage|p1b: Amoonguss|77\/100 brn|[from] brn\n|upkeep\n|turn|11\n|c|%Therazer456|flutter just goes down this turn most likely\n|c| sonniko|I dont see Rean winning\n|\n|t:|1682801384\n|move|p2a: Mrs Marple|Protect||[still]\n|-fail|p2a: Mrs Marple\n|move|p1b: Amoonguss|Rage Powder|p1b: Amoonguss\n|-singleturn|p1b: Amoonguss|move: Rage Powder\n|move|p1a: Palafin|Wave Crash|p2a: Mrs Marple\n|-damage|p2a: Mrs Marple|0 fnt\n|faint|p2a: Mrs Marple\n|-end|p2a: Mrs Marple|Protosynthesis|[silent]\n|-damage|p1a: Palafin|79\/100|[from] Recoil\n|move|p2b: Caesar|Rage Fist|p1b: Amoonguss\n|-damage|p1b: Amoonguss|30\/100 brn\n|-enditem|p1b: Amoonguss|Sitrus Berry|[eat]\n|-heal|p1b: Amoonguss|55\/100 brn|[from] item: Sitrus Berry\n|\n|-heal|p2b: Caesar|73\/100 brn|[from] item: Leftovers\n|-damage|p2b: Caesar|67\/100 brn|[from] brn\n|-damage|p1b: Amoonguss|49\/100 brn|[from] brn\n|upkeep\n|turn|12\n|c| sonniko|yeah gg\n|c|\u2606Toastest|gg\n|c|\u2606Rean411|That\u2019s GG I think. Double protect might have done something\n|c| uomo Val|whadehelll\n|c|\u2606Toastest|u either needed a lot of protects, or for me to throw\n|\n|t:|1682801430\n|switch|p1b: Arcanine|Arcanine, L50, F|61\/100\n|-ability|p1b: Arcanine|Intimidate|boost\n|-unboost|p2b: Caesar|atk|1\n|-ability|p2b: Caesar|Defiant|boost\n|-boost|p2b: Caesar|atk|2\n|move|p1a: Palafin|Haze|p1a: Palafin\n|-clearallboost\n|move|p2b: Caesar|Rage Fist|p1a: Palafin\n|-damage|p1a: Palafin|45\/100\n|\n|-heal|p2b: Caesar|73\/100 brn|[from] item: Leftovers\n|-damage|p2b: Caesar|67\/100 brn|[from] brn\n|upkeep\n|turn|13\n|c| Bdubs wings|Waited too long to kill amoon\n|c| sonniko|Why is ape tera water?\n|c|\u2606Rean411|Not like I had a chance to kill amoonguss earlier.\n|c|%Therazer456|tbh tera water isn't a bad one for ape these days\n|c| Bdubs wings|You wisped it you did\n|c|\u2606Rean411|Mostly for palafin\n|c|%Therazer456|and its not ground weak\n|c|\u2606Toastest|it looks like u had to chip it down with rage fist, but also the turn u went for wisp flare blitz threatens amoong\n|c|%Therazer456|so tusk doesn't fold it in half nearly as much\n|c|\u2606Rean411|i didn\u2019t wisp amoonguss on purpose\n|\n|t:|1682801507\n|move|p1a: Palafin|Protect|p1a: Palafin\n|-singleturn|p1a: Palafin|Protect\n|move|p2b: Caesar|Drain Punch|p1b: Arcanine\n|-damage|p1b: Arcanine|47\/100\n|-heal|p2b: Caesar|74\/100 brn|[from] drain|[of] p1b: Arcanine\n|move|p1b: Arcanine|Flare Blitz|p2b: Caesar\n|-resisted|p2b: Caesar\n|-damage|p2b: Caesar|54\/100 brn\n|-damage|p1b: Arcanine|40\/100|[from] Recoil\n|\n|-heal|p2b: Caesar|60\/100 brn|[from] item: Leftovers\n|-damage|p2b: Caesar|54\/100 brn|[from] brn\n|upkeep\n|turn|14\n|\n|t:|1682801522\n|move|p1b: Arcanine|Extreme Speed|p2b: Caesar\n|-damage|p2b: Caesar|36\/100 brn\n|move|p1a: Palafin|Wave Crash|p2b: Caesar\n|-resisted|p2b: Caesar\n|-damage|p2b: Caesar|0 fnt\n|faint|p2b: Caesar\n|-damage|p1a: Palafin|33\/100|[from] Recoil\n|\n|win|Toastest\n|n|\u2606Toastest|toastest\n|n|\u2606Rean411|rean411\n|n| sonniko|sonniko\n|n| Wottl3y|wottl3y\n|n| blastoise_vossi|blastoisevossi\n|n| Therazer456|therazer456\n|n| Tempest brute|tempestbrute\n|n| Bdubs wings|bdubswings\n|n| tiziano911|tiziano911\n|n| uomo Val|uomoval\n","uploadtime":1682801523,"views":13,"p1id":"toastest","p2id":"rean411","formatid":"gen9vgc2023regulationc","rating":0,"private":0,"password":""}