{"id":"gen9vgc2023regulationc-1852057724","p1":"Beru98","p2":"LynxVGC69","format":"[Gen 9] VGC 2023 Regulation C","log":"|j|\u2606Beru98\n|j|\u2606LynxVGC69\n|t:|1682520623\n|gametype|doubles\n|player|p1|Beru98|169|1252\n|player|p2|LynxVGC69|265|1157\n|teamsize|p1|6\n|teamsize|p2|6\n|gen|9\n|tier|[Gen 9] VGC 2023 Regulation C\n|rated|\n|rule|Species Clause: Limit one of each Pok\u00e9mon\n|rule|Item Clause: Limit one of each item\n|clearpoke\n|poke|p1|Baxcalibur, L50, F|\n|poke|p1|Flutter Mane, L50|\n|poke|p1|Amoonguss, L50, M|\n|poke|p1|Ting-Lu, L50|\n|poke|p1|Palafin, L50, F|\n|poke|p1|Arcanine, L50, F|\n|poke|p2|Gholdengo, L50|\n|poke|p2|Annihilape, L50, M|\n|poke|p2|Dragonite, L50, M|\n|poke|p2|Scream Tail, L50|\n|poke|p2|Amoonguss, L50, M|\n|poke|p2|Iron Bundle, L50|\n|teampreview|4\n|inactive|Battle timer is ON: inactive players will automatically lose when time's up. (requested by LynxVGC69)\n|inactive|Beru98 has 60 seconds left.\n|inactive|LynxVGC69 has 60 seconds left.\n|\n|t:|1682520680\n|start\n|switch|p1a: Baxcalibur|Baxcalibur, L50, F|100\/100\n|switch|p1b: Arcanine|Arcanine, L50, F|100\/100\n|switch|p2a: Annihilape|Annihilape, L50, M|100\/100\n|switch|p2b: Scream Tail|Scream Tail, L50|100\/100\n|-ability|p1b: Arcanine|Intimidate|boost\n|-unboost|p2a: Annihilape|atk|1\n|-ability|p2a: Annihilape|Defiant|boost\n|-boost|p2a: Annihilape|atk|2\n|-unboost|p2b: Scream Tail|atk|1\n|-enditem|p2b: Scream Tail|Booster Energy\n|-activate|p2b: Scream Tail|ability: Protosynthesis|[fromitem]\n|-start|p2b: Scream Tail|protosynthesisspe\n|turn|1\n|inactive|Beru98 has 30 seconds left.\n|\n|t:|1682520706\n|-terastallize|p2a: Annihilape|Fire\n|move|p1a: Baxcalibur|Protect|p1a: Baxcalibur\n|-singleturn|p1a: Baxcalibur|Protect\n|move|p2b: Scream Tail|Howl|p2b: Scream Tail|[spread] p2a,p2b\n|-boost|p2a: Annihilape|atk|1\n|-boost|p2b: Scream Tail|atk|1\n|move|p1b: Arcanine|Howl|p1b: Arcanine|[spread] p1a,p1b\n|-boost|p1a: Baxcalibur|atk|1\n|-boost|p1b: Arcanine|atk|1\n|move|p2a: Annihilape|Drain Punch|p1a: Baxcalibur\n|-activate|p1a: Baxcalibur|move: Protect\n|\n|upkeep\n|turn|2\n|inactive|Beru98 has 30 seconds left.\n|\n|t:|1682520733\n|switch|p1b: Amoonguss|Amoonguss, L50, M|100\/100\n|-terastallize|p1a: Baxcalibur|Poison\n|move|p2b: Scream Tail|Howl|p2b: Scream Tail|[spread] p2a,p2b\n|-boost|p2a: Annihilape|atk|1\n|-boost|p2b: Scream Tail|atk|1\n|move|p2a: Annihilape|Drain Punch|p1a: Baxcalibur\n|-resisted|p1a: Baxcalibur\n|-damage|p1a: Baxcalibur|59\/100\n|move|p1a: Baxcalibur|Glaive Rush|p2a: Annihilape\n|-damage|p2a: Annihilape|0 fnt\n|-singlemove|p1a: Baxcalibur|Glaive Rush|[silent]\n|faint|p2a: Annihilape\n|\n|upkeep\n|inactive|LynxVGC69 has 30 seconds left.\n|inactive|LynxVGC69 has 20 seconds left.\n|\n|t:|1682520769\n|switch|p2a: Iron Bundle|Iron Bundle, L50|100\/100\n|turn|3\n|\n|t:|1682520785\n|move|p1a: Baxcalibur|Protect|p1a: Baxcalibur\n|-singleturn|p1a: Baxcalibur|Protect\n|move|p2b: Scream Tail|Disable|p1a: Baxcalibur\n|-activate|p1a: Baxcalibur|move: Protect\n|move|p2a: Iron Bundle|Freeze-Dry|p1b: Amoonguss\n|-supereffective|p1b: Amoonguss\n|-damage|p1b: Amoonguss|18\/100\n|-status|p1b: Amoonguss|frz\n|-enditem|p1b: Amoonguss|Sitrus Berry|[eat]\n|-heal|p1b: Amoonguss|43\/100 frz|[from] item: Sitrus Berry\n|cant|p1b: Amoonguss|frz\n|\n|upkeep\n|turn|4\n|inactive|LynxVGC69 has 30 seconds left.\n|\n|t:|1682520818\n|move|p2b: Scream Tail|Play Rough|p1a: Baxcalibur\n|-resisted|p1a: Baxcalibur\n|-damage|p1a: Baxcalibur|42\/100\n|move|p2a: Iron Bundle|Freeze-Dry|p1a: Baxcalibur\n|-damage|p1a: Baxcalibur|0 fnt\n|faint|p1a: Baxcalibur\n|cant|p1b: Amoonguss|frz\n|\n|upkeep\n|\n|t:|1682520827\n|switch|p1a: Flutter Mane|Flutter Mane, L50|100\/100\n|turn|5\n|inactive|LynxVGC69 has 30 seconds left.\n|inactive|LynxVGC69 has 20 seconds left.\n|\n|t:|1682520864\n|move|p2b: Scream Tail|Play Rough|p1a: Flutter Mane|[miss]\n|-miss|p2b: Scream Tail|p1a: Flutter Mane\n|move|p2a: Iron Bundle|Freeze-Dry|p1a: Flutter Mane\n|-damage|p1a: Flutter Mane|49\/100\n|move|p1a: Flutter Mane|Thunderbolt|p2a: Iron Bundle\n|-supereffective|p2a: Iron Bundle\n|-damage|p2a: Iron Bundle|0 fnt\n|faint|p2a: Iron Bundle\n|-end|p2a: Iron Bundle|Quark Drive|[silent]\n|-curestatus|p1b: Amoonguss|frz|[msg]\n|move|p1b: Amoonguss|Spore|p2b: Scream Tail\n|-status|p2b: Scream Tail|slp|[from] move: Spore\n|\n|upkeep\n|\n|t:|1682520872\n|switch|p2a: Gholdengo|Gholdengo, L50|100\/100\n|turn|6\n|\n|t:|1682520894\n|-end|p1a: Flutter Mane|Protosynthesis|[silent]\n|switch|p1a: Arcanine|Arcanine, L50, F|100\/100\n|-ability|p1a: Arcanine|Intimidate|boost\n|-unboost|p2a: Gholdengo|atk|1\n|-unboost|p2b: Scream Tail|atk|1\n|cant|p2b: Scream Tail|slp\n|move|p2a: Gholdengo|Make It Rain|p1b: Amoonguss|[spread] p1a,p1b\n|-resisted|p1a: Arcanine\n|-crit|p1b: Amoonguss\n|-damage|p1a: Arcanine|80\/100\n|-damage|p1b: Amoonguss|0 fnt\n|-unboost|p2a: Gholdengo|spa|1\n|faint|p1b: Amoonguss\n|\n|upkeep\n|\n|t:|1682520907\n|switch|p1b: Flutter Mane|Flutter Mane, L50|49\/100\n|turn|7\n|inactive|Beru98 has 30 seconds left.\n|inactive|Beru98 has 20 seconds left.\n|inactive|Beru98 has 15 seconds left.\n|inactive|Beru98 has 10 seconds left.\n|inactive|Beru98 has 5 seconds left.\n|\n|t:|1682520962\n|move|p2a: Gholdengo|Protect|p2a: Gholdengo\n|-singleturn|p2a: Gholdengo|Protect\n|move|p1a: Arcanine|Protect|p1a: Arcanine\n|-singleturn|p1a: Arcanine|Protect\n|cant|p2b: Scream Tail|slp\n|move|p1b: Flutter Mane|Moonblast|p2b: Scream Tail\n|-damage|p2b: Scream Tail|48\/100 slp\n|-unboost|p2b: Scream Tail|spa|1\n|\n|upkeep\n|turn|8\n|inactive|Beru98 has 30 seconds left.\n|inactive|Beru98 has 20 seconds left.\n|inactive|Beru98 has 15 seconds left.\n|inactive|Beru98 has 10 seconds left.\n|\n|t:|1682521008\n|-curestatus|p2b: Scream Tail|slp|[msg]\n|move|p2b: Scream Tail|Disable|p1b: Flutter Mane\n|-start|p1b: Flutter Mane|Disable|Moonblast\n|cant|p1b: Flutter Mane|Disable|Moonblast\n|move|p2a: Gholdengo|Make It Rain|p1a: Arcanine|[spread] p1a,p1b\n|-resisted|p1a: Arcanine\n|-supereffective|p1b: Flutter Mane\n|-damage|p1a: Arcanine|65\/100\n|-damage|p1b: Flutter Mane|0 fnt\n|-unboost|p2a: Gholdengo|spa|1\n|faint|p1b: Flutter Mane\n|-end|p1b: Flutter Mane|Protosynthesis|[silent]\n|move|p1a: Arcanine|Flare Blitz|p2a: Gholdengo\n|-supereffective|p2a: Gholdengo\n|-enditem|p2a: Gholdengo|Focus Sash\n|-damage|p2a: Gholdengo|1\/100\n|-damage|p1a: Arcanine|37\/100|[from] Recoil\n|\n|upkeep\n|turn|9\n|inactive|LynxVGC69 has 30 seconds left.\n|inactive|LynxVGC69 has 20 seconds left.\n|inactive|LynxVGC69 has 15 seconds left.\n|inactive|LynxVGC69 has 10 seconds left.\n|\n|t:|1682521056\n|move|p2a: Gholdengo|Protect|p2a: Gholdengo\n|-singleturn|p2a: Gholdengo|Protect\n|move|p2b: Scream Tail|Perish Song|p2b: Scream Tail\n|-start|p1a: Arcanine|perish3|[silent]\n|-immune|p2a: Gholdengo|[from] ability: Good as Gold\n|-start|p2b: Scream Tail|perish3|[silent]\n|-fieldactivate|move: Perish Song\n|move|p1a: Arcanine|Will-O-Wisp|p2b: Scream Tail\n|-status|p2b: Scream Tail|brn\n|\n|-damage|p2b: Scream Tail|42\/100 brn|[from] brn\n|-start|p2b: Scream Tail|perish3\n|-start|p1a: Arcanine|perish3\n|upkeep\n|turn|10\n|inactive|Beru98 has 30 seconds left.\n|inactive|Beru98 has 20 seconds left.\n|inactive|Beru98 has 15 seconds left.\n|inactive|Beru98 has 10 seconds left.\n|inactive|Beru98 has 5 seconds left.\n|\n|t:|1682521111\n|move|p1a: Arcanine|Protect|p1a: Arcanine\n|-singleturn|p1a: Arcanine|Protect\n|move|p2b: Scream Tail|Play Rough|p1a: Arcanine\n|-activate|p1a: Arcanine|move: Protect\n|move|p2a: Gholdengo|Nasty Plot|p2a: Gholdengo\n|-boost|p2a: Gholdengo|spa|2\n|\n|-damage|p2b: Scream Tail|36\/100 brn|[from] brn\n|-start|p2b: Scream Tail|perish2\n|-start|p1a: Arcanine|perish2\n|upkeep\n|turn|11\n|inactive|Beru98 has 30 seconds left.\n|inactive|LynxVGC69 has 30 seconds left.\n|inactive|Beru98 has 20 seconds left.\n|inactive|Beru98 has 15 seconds left.\n|inactive|Beru98 has 10 seconds left.\n|inactive|Beru98 has 5 seconds left.\n|\n|t:|1682521166\n|move|p2a: Gholdengo|Protect|p2a: Gholdengo\n|-singleturn|p2a: Gholdengo|Protect\n|move|p1a: Arcanine|Protect|p1a: Arcanine\n|-singleturn|p1a: Arcanine|Protect\n|move|p2b: Scream Tail|Play Rough|p1a: Arcanine\n|-activate|p1a: Arcanine|move: Protect\n|\n|-damage|p2b: Scream Tail|30\/100 brn|[from] brn\n|-start|p2b: Scream Tail|perish1\n|-start|p1a: Arcanine|perish1\n|upkeep\n|turn|12\n|inactive|Beru98 has 30 seconds left.\n|inactive|LynxVGC69 has 30 seconds left.\n|inactive|Beru98 has 20 seconds left.\n|inactive|Beru98 has 15 seconds left.\n|inactive|Beru98 has 10 seconds left.\n|inactive|Beru98 has 5 seconds left.\n|\n|t:|1682521221\n|move|p1a: Arcanine|Protect||[still]\n|-fail|p1a: Arcanine\n|move|p2b: Scream Tail|Play Rough|p1a: Arcanine\n|-resisted|p1a: Arcanine\n|-damage|p1a: Arcanine|30\/100\n|move|p2a: Gholdengo|Thunderbolt|p1a: Arcanine\n|-damage|p1a: Arcanine|0 fnt\n|faint|p1a: Arcanine\n|\n|win|LynxVGC69\n|inactive|Beru98 has 20 seconds left this turn.\n|raw|Beru98's rating: 1252 → 1220<\/strong> (-32 for losing)\n|raw|LynxVGC69's rating: 1157 → 1189<\/strong> (+32 for winning)\n","uploadtime":1682521234,"views":13,"p1id":"beru98","p2id":"lynxvgc69","formatid":"gen9vgc2023regulationc","rating":1189,"private":0,"password":""}