{"id":"gen9vgc2023regulationc-1861647311","p1":"Arcacagne","p2":"charlotte060","format":"[Gen 9] VGC 2023 Regulation C","log":"|j|\u2606Arcacagne\n|j|\u2606charlotte060\n|t:|1683787742\n|gametype|doubles\n|player|p1|Arcacagne|266|1356\n|player|p2|charlotte060|101|1337\n|teamsize|p1|6\n|teamsize|p2|6\n|gen|9\n|tier|[Gen 9] VGC 2023 Regulation C\n|rated|\n|rule|Species Clause: Limit one of each Pok\u00e9mon\n|rule|Item Clause: Limit one of each item\n|clearpoke\n|poke|p1|Chi-Yu, L50|\n|poke|p1|Flutter Mane, L50|\n|poke|p1|Amoonguss, L50, M|\n|poke|p1|Ting-Lu, L50|\n|poke|p1|Iron Hands, L50|\n|poke|p1|Gyarados, L50, F|\n|poke|p2|Gothitelle, L50, M|\n|poke|p2|Scream Tail, L50|\n|poke|p2|Glimmora, L50, F|\n|poke|p2|Chi-Yu, L50|\n|poke|p2|Murkrow, L50, F|\n|poke|p2|Flutter Mane, L50|\n|teampreview|4\n|\n|t:|1683787775\n|start\n|switch|p1a: Flutter Mane|Flutter Mane, L50|100\/100\n|switch|p1b: Ting-Lu|Ting-Lu, L50|100\/100\n|switch|p2a: Glimmora|Glimmora, L50, F, shiny|100\/100\n|switch|p2b: Murkrow|Murkrow, L50, F, shiny|100\/100\n|-ability|p1b: Ting-Lu|Vessel of Ruin\n|-enditem|p1a: Flutter Mane|Booster Energy\n|-activate|p1a: Flutter Mane|ability: Protosynthesis|[fromitem]\n|-start|p1a: Flutter Mane|protosynthesisspa\n|turn|1\n|\n|t:|1683787791\n|-terastallize|p2a: Glimmora|Grass\n|move|p2b: Murkrow|Tailwind|p2b: Murkrow\n|-sidestart|p2: charlotte060|move: Tailwind\n|move|p2a: Glimmora|Mortal Spin|p1a: Flutter Mane|[spread] p1a,p1b\n|-resisted|p1b: Ting-Lu\n|-damage|p1a: Flutter Mane|94\/100\n|-damage|p1b: Ting-Lu|99\/100\n|-status|p1a: Flutter Mane|psn\n|-status|p1b: Ting-Lu|psn\n|move|p1a: Flutter Mane|Substitute|p1a: Flutter Mane\n|-start|p1a: Flutter Mane|Substitute\n|-damage|p1a: Flutter Mane|69\/100 psn\n|move|p1b: Ting-Lu|Stomping Tantrum|p2a: Glimmora\n|-resisted|p2a: Glimmora\n|-damage|p2a: Glimmora|83\/100\n|-activate|p2a: Glimmora|ability: Toxic Debris\n|-sidestart|p1: Arcacagne|move: Toxic Spikes\n|\n|-damage|p1a: Flutter Mane|57\/100 psn|[from] psn\n|-damage|p1b: Ting-Lu|87\/100 psn|[from] psn\n|upkeep\n|turn|2\n|\n|t:|1683787816\n|switch|p1b: Amoonguss|Amoonguss, L50, M|100\/100\n|-sideend|p1: Arcacagne|move: Toxic Spikes|[of] p1b: Amoonguss\n|move|p2b: Murkrow|Foul Play|p1b: Amoonguss\n|-damage|p1b: Amoonguss|81\/100\n|move|p2a: Glimmora|Sludge Bomb|p1a: Flutter Mane\n|-end|p1a: Flutter Mane|Substitute\n|move|p1a: Flutter Mane|Moonblast|p2b: Murkrow\n|-supereffective|p2b: Murkrow\n|-damage|p2b: Murkrow|0 fnt\n|faint|p2b: Murkrow\n|\n|-damage|p1a: Flutter Mane|45\/100 psn|[from] psn\n|upkeep\n|\n|t:|1683787822\n|switch|p2b: Chi-Yu|Chi-Yu, L50|100\/100\n|-ability|p2b: Chi-Yu|Beads of Ruin\n|turn|3\n|\n|t:|1683787839\n|-end|p1a: Flutter Mane|Protosynthesis|[silent]\n|switch|p1a: Ting-Lu|Ting-Lu, L50|87\/100 psn\n|-ability|p1a: Ting-Lu|Vessel of Ruin\n|-terastallize|p1b: Amoonguss|Water\n|move|p2b: Chi-Yu|Heat Wave|p1b: Amoonguss|[spread] p1a,p1b\n|-resisted|p1b: Amoonguss\n|-damage|p1a: Ting-Lu|63\/100 psn\n|-damage|p1b: Amoonguss|59\/100\n|move|p2a: Glimmora|Mortal Spin|p1b: Amoonguss|[spread] p1a,p1b\n|-resisted|p1a: Ting-Lu\n|-damage|p1a: Ting-Lu|62\/100 psn\n|-damage|p1b: Amoonguss|55\/100\n|-status|p1b: Amoonguss|psn\n|move|p1b: Amoonguss|Spore|p2b: Chi-Yu\n|-status|p2b: Chi-Yu|slp|[from] move: Spore\n|\n|-damage|p1a: Ting-Lu|50\/100 psn|[from] psn\n|-damage|p1b: Amoonguss|43\/100 psn|[from] psn\n|upkeep\n|-enditem|p1b: Amoonguss|Sitrus Berry|[eat]\n|-heal|p1b: Amoonguss|68\/100 psn|[from] item: Sitrus Berry\n|turn|4\n|\n|t:|1683787868\n|switch|p2b: Flutter Mane|Flutter Mane, L50, shiny|100\/100\n|move|p2a: Glimmora|Sludge Bomb|p1b: Amoonguss\n|-damage|p1b: Amoonguss|33\/100 psn\n|move|p1a: Ting-Lu|Stomping Tantrum|p2b: Flutter Mane\n|-damage|p2b: Flutter Mane|33\/100\n|move|p1b: Amoonguss|Pollen Puff|p1a: Ting-Lu\n|-heal|p1a: Ting-Lu|99\/100 psn\n|\n|-damage|p1a: Ting-Lu|87\/100 psn|[from] psn\n|-damage|p1b: Amoonguss|20\/100 psn|[from] psn\n|-sideend|p2: charlotte060|move: Tailwind\n|upkeep\n|turn|5\n|\n|t:|1683787895\n|switch|p1b: Iron Hands|Iron Hands, L50|100\/100\n|move|p2b: Flutter Mane|Moonblast|p1a: Ting-Lu\n|-supereffective|p1a: Ting-Lu\n|-damage|p1a: Ting-Lu|52\/100 psn\n|-unboost|p1a: Ting-Lu|spa|1\n|move|p2a: Glimmora|Sludge Bomb|p1b: Iron Hands\n|-damage|p1b: Iron Hands|77\/100\n|-status|p1b: Iron Hands|psn\n|move|p1a: Ting-Lu|Throat Chop|p2a: Glimmora\n|-damage|p2a: Glimmora|47\/100\n|-start|p2a: Glimmora|Throat Chop|[silent]\n|-activate|p2a: Glimmora|ability: Toxic Debris\n|-sidestart|p1: Arcacagne|move: Toxic Spikes\n|\n|-damage|p1b: Iron Hands|64\/100 psn|[from] psn\n|-damage|p1a: Ting-Lu|40\/100 psn|[from] psn\n|upkeep\n|turn|6\n|\n|t:|1683787920\n|switch|p1a: Amoonguss|Amoonguss, L50, M, tera:Water|53\/100 psn\n|move|p2b: Flutter Mane|Hex|p1b: Iron Hands\n|-crit|p1b: Iron Hands\n|-damage|p1b: Iron Hands|0 fnt\n|faint|p1b: Iron Hands\n|-end|p1b: Iron Hands|Quark Drive|[silent]\n|move|p2a: Glimmora|Sludge Bomb|p1a: Amoonguss\n|-damage|p1a: Amoonguss|11\/100 psn\n|\n|-damage|p1a: Amoonguss|0 fnt|[from] psn\n|faint|p1a: Amoonguss\n|-end|p2a: Glimmora|Throat Chop|[silent]\n|upkeep\n|\n|t:|1683787931\n|switch|p1b: Ting-Lu|Ting-Lu, L50|40\/100 psn\n|switch|p1a: Flutter Mane|Flutter Mane, L50|45\/100 psn\n|-ability|p1b: Ting-Lu|Vessel of Ruin\n|turn|7\n|inactive|Battle timer is ON: inactive players will automatically lose when time's up. (requested by charlotte060)\n|\n|t:|1683787947\n|move|p1a: Flutter Mane|Protect|p1a: Flutter Mane\n|-singleturn|p1a: Flutter Mane|Protect\n|move|p2b: Flutter Mane|Hex|p1b: Ting-Lu\n|-resisted|p1b: Ting-Lu\n|-damage|p1b: Ting-Lu|28\/100 psn\n|move|p2a: Glimmora|Sludge Bomb|p1a: Flutter Mane\n|-activate|p1a: Flutter Mane|move: Protect\n|move|p1b: Ting-Lu|Stomping Tantrum|p2b: Flutter Mane\n|-crit|p2b: Flutter Mane\n|-damage|p2b: Flutter Mane|0 fnt\n|faint|p2b: Flutter Mane\n|-end|p2b: Flutter Mane|Protosynthesis|[silent]\n|\n|-damage|p1a: Flutter Mane|32\/100 psn|[from] psn\n|-damage|p1b: Ting-Lu|16\/100 psn|[from] psn\n|upkeep\n|\n|t:|1683787952\n|switch|p2b: Chi-Yu|Chi-Yu, L50|100\/100 slp\n|-ability|p2b: Chi-Yu|Beads of Ruin\n|turn|8\n|\n|t:|1683787968\n|move|p1a: Flutter Mane|Moonblast|p2a: Glimmora\n|-damage|p2a: Glimmora|13\/100\n|-unboost|p2a: Glimmora|spa|1\n|cant|p2b: Chi-Yu|slp\n|move|p2a: Glimmora|Sludge Bomb|p1b: Ting-Lu\n|-resisted|p1b: Ting-Lu\n|-damage|p1b: Ting-Lu|7\/100 psn\n|move|p1b: Ting-Lu|Stomping Tantrum|p2b: Chi-Yu\n|-supereffective|p2b: Chi-Yu\n|-damage|p2b: Chi-Yu|0 fnt\n|faint|p2b: Chi-Yu\n|\n|-damage|p1a: Flutter Mane|20\/100 psn|[from] psn\n|-damage|p1b: Ting-Lu|0 fnt|[from] psn\n|faint|p1b: Ting-Lu\n|upkeep\n|turn|9\n|\n|t:|1683787983\n|move|p1a: Flutter Mane|Moonblast|p2a: Glimmora\n|-damage|p2a: Glimmora|0 fnt\n|faint|p2a: Glimmora\n|\n|win|Arcacagne\n|raw|Arcacagne's rating: 1356 → 1375<\/strong> (+19 for winning)\n|raw|charlotte060's rating: 1337 → 1318<\/strong> (-19 for losing)\n","uploadtime":1683787991,"views":24,"p1id":"arcacagne","p2id":"charlotte060","formatid":"gen9vgc2023regulationc","rating":1318,"private":0,"password":""}