{"id":"gen9vgc2023regulationc-1863368644","p1":"Raicune28","p2":"R2VGC","format":"[Gen 9] VGC 2023 Regulation C","log":"|j|\u2606Raicune28\n|j|\u2606R2VGC\n|t:|1684008112\n|gametype|doubles\n|player|p1|Raicune28|lance|1342\n|player|p2|R2VGC|102|1230\n|teamsize|p1|6\n|teamsize|p2|6\n|gen|9\n|tier|[Gen 9] VGC 2023 Regulation C\n|rated|\n|rule|Species Clause: Limit one of each Pok\u00e9mon\n|rule|Item Clause: Limit one of each item\n|clearpoke\n|poke|p1|Orthworm, L50, M|\n|poke|p1|Dragonite, L50, F|\n|poke|p1|Ting-Lu, L50|\n|poke|p1|Gyarados, L50, F|\n|poke|p1|Flutter Mane, L50|\n|poke|p1|Chien-Pao, L50|\n|poke|p2|Amoonguss, L50, F|\n|poke|p2|Arcanine, L50, F|\n|poke|p2|Flutter Mane, L50|\n|poke|p2|Kingambit, L50, F|\n|poke|p2|Palafin, L50, M|\n|poke|p2|Dragonite, L50, M|\n|teampreview|4\nR2VGC has agreed to open team sheets.\nRaicune28 has agreed to open team sheets.\n|\n|t:|1684008204\n|start\n|switch|p1a: Gyarados|Gyarados, L50, F|100\/100\n|switch|p1b: Ting-Lu|Ting-Lu, L50|100\/100\n|switch|p2a: Flutter Mane|Flutter Mane, L50|100\/100\n|switch|p2b: Kingambit|Kingambit, L50, F|100\/100\n|-ability|p1a: Gyarados|Intimidate|boost\n|-unboost|p2a: Flutter Mane|atk|1\n|-unboost|p2b: Kingambit|atk|1\n|-ability|p2b: Kingambit|Defiant|boost\n|-boost|p2b: Kingambit|atk|2\n|-ability|p1b: Ting-Lu|Vessel of Ruin\n|-enditem|p2a: Flutter Mane|Booster Energy\n|-activate|p2a: Flutter Mane|ability: Protosynthesis|[fromitem]\n|-start|p2a: Flutter Mane|protosynthesisspe\n|turn|1\n|\n|t:|1684008233\n|-terastallize|p2b: Kingambit|Dark\n|move|p2a: Flutter Mane|Icy Wind|p1b: Ting-Lu|[spread] p1a,p1b\n|-supereffective|p1b: Ting-Lu\n|-damage|p1a: Gyarados|92\/100\n|-damage|p1b: Ting-Lu|84\/100\n|-unboost|p1a: Gyarados|spe|1\n|-unboost|p1b: Ting-Lu|spe|1\n|move|p2b: Kingambit|Assurance|p1b: Ting-Lu\n|-resisted|p1b: Ting-Lu\n|-damage|p1b: Ting-Lu|26\/100\n|move|p1a: Gyarados|Bulldoze|p2b: Kingambit|[spread] p1b,p2a,p2b\n|-damage|p1b: Ting-Lu|17\/100\n|-damage|p2a: Flutter Mane|73\/100\n|-damage|p2b: Kingambit|90\/100\n|-unboost|p1b: Ting-Lu|spe|1\n|-unboost|p2a: Flutter Mane|spe|1\n|-unboost|p2b: Kingambit|spe|1\n|-ability|p2b: Kingambit|Defiant|boost\n|-boost|p2b: Kingambit|atk|2\n|move|p1b: Ting-Lu|Earthquake|p2a: Flutter Mane|[spread] p2a,p2b\n|-immune|p1a: Gyarados\n|-damage|p2a: Flutter Mane|0 fnt\n|-damage|p2b: Kingambit|49\/100\n|faint|p2a: Flutter Mane\n|-end|p2a: Flutter Mane|Protosynthesis|[silent]\n|\n|upkeep\n|\n|t:|1684008257\n|switch|p2a: Dragonite|Dragonite, L50, M|100\/100\n|turn|2\n|\n|t:|1684008281\n|switch|p1a: Orthworm|Orthworm, L50, M|100\/100\n|move|p2a: Dragonite|Dragon Dance|p2a: Dragonite\n|-boost|p2a: Dragonite|atk|1\n|-boost|p2a: Dragonite|spe|1\n|move|p2b: Kingambit|Assurance|p1a: Orthworm\n|-damage|p1a: Orthworm|5\/100\n|-enditem|p1a: Orthworm|Sitrus Berry|[eat]\n|-heal|p1a: Orthworm|30\/100|[from] item: Sitrus Berry\n|move|p1b: Ting-Lu|Earthquake|p2a: Dragonite|[spread] p2b\n|-heal|p1a: Orthworm|55\/100|[from] ability: Earth Eater|[of] p1b: Ting-Lu\n|-immune|p2a: Dragonite\n|-damage|p2b: Kingambit|7\/100\n|\n|upkeep\n|turn|3\n|\n|t:|1684008319\n|move|p2a: Dragonite|Ice Spinner|p1b: Ting-Lu\n|-supereffective|p1b: Ting-Lu\n|-damage|p1b: Ting-Lu|0 fnt\n|faint|p1b: Ting-Lu\n|move|p1a: Orthworm|Body Press|p2b: Kingambit\n|-supereffective|p2b: Kingambit\n|-damage|p2b: Kingambit|0 fnt\n|faint|p2b: Kingambit\n|\n|upkeep\n|\n|t:|1684008328\n|switch|p1b: Gyarados|Gyarados, L50, F|92\/100\n|switch|p2b: Arcanine|Arcanine, L50, F|100\/100\n|-ability|p1b: Gyarados|Intimidate|boost\n|-fail|p2a: Dragonite|unboost|Attack|[from] ability: Inner Focus|[of] p2a: Dragonite\n|-unboost|p2b: Arcanine|atk|1\n|-ability|p2b: Arcanine|Intimidate|boost\n|-unboost|p1a: Orthworm|atk|1\n|-unboost|p1b: Gyarados|atk|1\n|turn|4\n|\n|t:|1684008355\n|-terastallize|p1a: Orthworm|Fire\n|move|p2a: Dragonite|Extreme Speed|p1b: Gyarados\n|-damage|p1b: Gyarados|56\/100\n|move|p1b: Gyarados|Thunder Wave|p2a: Dragonite\n|-status|p2a: Dragonite|par\n|-enditem|p2a: Dragonite|Lum Berry|[eat]\n|-curestatus|p2a: Dragonite|par|[msg]\n|move|p2b: Arcanine|Flare Blitz|p1a: Orthworm\n|-resisted|p1a: Orthworm\n|-damage|p1a: Orthworm|42\/100\n|-damage|p2b: Arcanine|96\/100|[from] Recoil\n|move|p1a: Orthworm|Body Press|p2b: Arcanine\n|-damage|p2b: Arcanine|67\/100\n|\n|upkeep\n|turn|5\n|\n|t:|1684008379\n|move|p2a: Dragonite|Extreme Speed|p1a: Orthworm\n|-damage|p1a: Orthworm|16\/100\n|move|p1b: Gyarados|Thunder Wave|p2a: Dragonite\n|-status|p2a: Dragonite|par\n|move|p2b: Arcanine|Howl|p2b: Arcanine|[spread] p2a,p2b\n|-boost|p2a: Dragonite|atk|1\n|-boost|p2b: Arcanine|atk|1\n|move|p1a: Orthworm|Body Press|p2b: Arcanine\n|-damage|p2b: Arcanine|37\/100\n|\n|upkeep\n|turn|6\n|\n|t:|1684008420\n|move|p2b: Arcanine|Extreme Speed|p1a: Orthworm\n|-damage|p1a: Orthworm|0 fnt\n|faint|p1a: Orthworm\n|move|p2a: Dragonite|Extreme Speed|p1b: Gyarados\n|-damage|p1b: Gyarados|1\/100\n|move|p1b: Gyarados|Waterfall|p2b: Arcanine\n|-supereffective|p2b: Arcanine\n|-damage|p2b: Arcanine|0 fnt\n|faint|p2b: Arcanine\n|\n|upkeep\n|\n|t:|1684008430\n|switch|p1a: Flutter Mane|Flutter Mane, L50|100\/100\n|turn|7\n|\n|t:|1684008437\n|move|p1a: Flutter Mane|Thunderbolt|p2a: Dragonite\n|-damage|p2a: Dragonite|52\/100 par\n|move|p1b: Gyarados|Waterfall|p2a: Dragonite\n|-resisted|p2a: Dragonite\n|-damage|p2a: Dragonite|40\/100 par\n|move|p2a: Dragonite|Ice Spinner|p1a: Flutter Mane\n|-damage|p1a: Flutter Mane|0 fnt\n|faint|p1a: Flutter Mane\n|-end|p1a: Flutter Mane|Protosynthesis|[silent]\n|\n|upkeep\n|turn|8\n|\n|t:|1684008450\n|move|p2a: Dragonite|Extreme Speed|p1b: Gyarados\n|-damage|p1b: Gyarados|0 fnt\n|faint|p1b: Gyarados\n|\n|win|R2VGC\n|raw|Raicune28's rating: 1342 → 1316<\/strong> (-26 for losing)\n|raw|R2VGC's rating: 1230 → 1263<\/strong> (+33 for winning)\n","uploadtime":1684008460,"views":15,"p1id":"raicune28","p2id":"r2vgc","formatid":"gen9vgc2023regulationc","rating":1263,"private":0,"password":""}