{"id":"gen9vgc2023regulationc-1847795139","p1":"ToonyBirb","p2":"Bushyboi12","format":"[Gen 9] VGC 2023 Regulation C","log":"|j|\u2606ToonyBirb\n|j|\u203dBushyboi12\n|t:|1682002612\n|gametype|doubles\n|player|p1|ToonyBirb|102|1019\n|player|p2|Bushyboi12|266|1036\n|teamsize|p1|6\n|teamsize|p2|6\n|gen|9\n|tier|[Gen 9] VGC 2023 Regulation C\n|rated|\n|rule|Species Clause: Limit one of each Pok\u00e9mon\n|rule|Item Clause: Limit one of each item\n|clearpoke\n|poke|p1|Delibird, L50, F|\n|poke|p1|Lucario, L50, M|\n|poke|p1|Farigiraf, L50, M|\n|poke|p1|Ursaring, L50, M|\n|poke|p1|Greedent, L50, F|\n|poke|p1|Tauros-Paldea-Blaze, L50, M|\n|poke|p2|Ting-Lu, L50|\n|poke|p2|Gyarados, L50, F|\n|poke|p2|Great Tusk, L50|\n|poke|p2|Amoonguss, L50, M|\n|poke|p2|Volcarona, L50, F|\n|poke|p2|Corviknight, L50, F|\n|teampreview|4\n|\n|t:|1682002645\n|start\n|switch|p1a: Farigiraf|Farigiraf, L50, M|100\/100\n|switch|p1b: Delibird|Delibird, L50, F|100\/100\n|switch|p2a: Volcarona|Volcarona, L50, F|100\/100\n|switch|p2b: Amoonguss|Amoonguss, L50, M|100\/100\n|turn|1\n|inactive|Battle timer is ON: inactive players will automatically lose when time's up. (requested by ToonyBirb)\n|\n|t:|1682002666\n|move|p1b: Delibird|Fake Out|p2b: Amoonguss\n|-damage|p2b: Amoonguss|94\/100\n|move|p2a: Volcarona|Fiery Dance|p1a: Farigiraf\n|-damage|p1a: Farigiraf|47\/100\n|cant|p2b: Amoonguss|flinch\n|move|p1a: Farigiraf|Trick Room|p1a: Farigiraf\n|-fieldstart|move: Trick Room|[of] p1a: Farigiraf\n|\n|upkeep\n|turn|2\n|inactive|ToonyBirb has 30 seconds left.\n|\n|t:|1682002691\n|switch|p1b: Ursaring|Ursaring, L50, M|100\/100\n|move|p2b: Amoonguss|Rage Powder|p2b: Amoonguss\n|-singleturn|p2b: Amoonguss|move: Rage Powder\n|move|p1a: Farigiraf|Hyper Voice|p2b: Amoonguss|[spread] p2a,p2b\n|-crit|p2a: Volcarona\n|-damage|p2a: Volcarona|50\/100\n|-damage|p2b: Amoonguss|62\/100\n|-enditem|p1a: Farigiraf|Throat Spray\n|-boost|p1a: Farigiraf|spa|1|[from] item: Throat Spray\n|move|p2a: Volcarona|Fiery Dance|p1a: Farigiraf\n|-damage|p1a: Farigiraf|0 fnt\n|-boost|p2a: Volcarona|spa|1\n|faint|p1a: Farigiraf\n|\n|-status|p1b: Ursaring|brn|[from] item: Flame Orb\n|upkeep\n|\n|t:|1682002702\n|switch|p1a: Greedent|Greedent, L50, F|100\/100\n|turn|3\n|\n|t:|1682002716\n|-terastallize|p2b: Amoonguss|Steel\n|move|p2b: Amoonguss|Rage Powder|p2b: Amoonguss\n|-singleturn|p2b: Amoonguss|move: Rage Powder\n|move|p1a: Greedent|Belly Drum|p1a: Greedent\n|-damage|p1a: Greedent|50\/100\n|-setboost|p1a: Greedent|atk|6|[from] move: Belly Drum\n|-enditem|p1a: Greedent|Sitrus Berry|[eat]\n|-heal|p1a: Greedent|75\/100|[from] item: Sitrus Berry\n|-heal|p1a: Greedent|100\/100|[from] ability: Cheek Pouch\n|move|p1b: Ursaring|Facade|p2b: Amoonguss\n|-resisted|p2b: Amoonguss\n|-damage|p2b: Amoonguss|16\/100\n|-enditem|p2b: Amoonguss|Wiki Berry|[eat]\n|-heal|p2b: Amoonguss|49\/100|[from] item: Wiki Berry\n|move|p2a: Volcarona|Fiery Dance|p1b: Ursaring\n|-damage|p1b: Ursaring|18\/100 brn\n|\n|-damage|p1b: Ursaring|12\/100 brn|[from] brn\n|upkeep\n|turn|4\n|inactive|Bushyboi12 has 30 seconds left.\n|\n|t:|1682002743\n|move|p2b: Amoonguss|Rage Powder|p2b: Amoonguss\n|-singleturn|p2b: Amoonguss|move: Rage Powder\n|move|p1a: Greedent|Crunch|p2b: Amoonguss\n|-damage|p2b: Amoonguss|0 fnt\n|faint|p2b: Amoonguss\n|move|p1b: Ursaring|Facade|p2a: Volcarona\n|-damage|p2a: Volcarona|0 fnt\n|faint|p2a: Volcarona\n|\n|-damage|p1b: Ursaring|6\/100 brn|[from] brn\n|upkeep\n|\n|t:|1682002751\n|switch|p2b: Great Tusk|Great Tusk, L50|100\/100\n|switch|p2a: Gyarados|Gyarados, L50, F|100\/100\n|-ability|p2a: Gyarados|Intimidate|boost\n|-unboost|p1a: Greedent|atk|1\n|-unboost|p1b: Ursaring|atk|1\n|-enditem|p2b: Great Tusk|Booster Energy\n|-activate|p2b: Great Tusk|ability: Protosynthesis|[fromitem]\n|-start|p2b: Great Tusk|protosynthesisspe\n|turn|5\n|\n|t:|1682002767\n|move|p2b: Great Tusk|Protect|p2b: Great Tusk\n|-singleturn|p2b: Great Tusk|Protect\n|move|p1a: Greedent|Body Slam|p2b: Great Tusk\n|-activate|p2b: Great Tusk|move: Protect\n|move|p1b: Ursaring|Facade|p2a: Gyarados\n|-damage|p2a: Gyarados|22\/100\n|move|p2a: Gyarados|Waterfall|p1a: Greedent\n|-damage|p1a: Greedent|72\/100\n|\n|-damage|p1b: Ursaring|0 fnt|[from] brn\n|faint|p1b: Ursaring\n|-fieldend|move: Trick Room\n|upkeep\n|\n|t:|1682002781\n|switch|p1b: Delibird|Delibird, L50, F|100\/100\n|turn|6\n|\n|t:|1682002795\n|move|p1b: Delibird|Fake Out|p2b: Great Tusk\n|-damage|p2b: Great Tusk|95\/100\n|cant|p2b: Great Tusk|flinch\n|move|p2a: Gyarados|Dragon Dance|p2a: Gyarados\n|-boost|p2a: Gyarados|atk|1\n|-boost|p2a: Gyarados|spe|1\n|move|p1a: Greedent|Body Slam|p2b: Great Tusk\n|-damage|p2b: Great Tusk|15\/100\n|\n|upkeep\n|turn|7\n|inactive|Bushyboi12 has 30 seconds left.\n|\n|t:|1682002829\n|move|p2b: Great Tusk|Close Combat|p1a: Greedent\n|-supereffective|p1a: Greedent\n|-damage|p1a: Greedent|0 fnt\n|-unboost|p2b: Great Tusk|def|1\n|-unboost|p2b: Great Tusk|spd|1\n|faint|p1a: Greedent\n|move|p2a: Gyarados|Waterfall|p1b: Delibird\n|-enditem|p1b: Delibird|Focus Sash\n|-damage|p1b: Delibird|1\/100\n|cant|p1b: Delibird|flinch\n|\n|upkeep\n|turn|8\n|-message|ToonyBirb forfeited.\n|\n|win|Bushyboi12\n|raw|ToonyBirb's rating: 1019 → 1007<\/strong> (-12 for losing)\n|raw|Bushyboi12's rating: 1036 → 1069<\/strong> (+33 for winning)\n|l|\u2606ToonyBirb\n","uploadtime":1682002856,"views":5,"p1id":"toonybirb","p2id":"bushyboi12","formatid":"gen9vgc2023regulationc","rating":1007,"private":0,"password":""}