{"id":"gen9vgc2023regulationc-1863529558","p1":"pufillo13","p2":"Juca sinuca","format":"[Gen 9] VGC 2023 Regulation C","log":"|j|\u2606pufillo13\n|j|\u2606Juca sinuca\n|t:|1684029959\n|gametype|doubles\n|player|p1|pufillo13|2|1292\n|player|p2|Juca sinuca|unknown|1344\n|teamsize|p1|6\n|teamsize|p2|6\n|gen|9\n|tier|[Gen 9] VGC 2023 Regulation C\n|rated|\n|rule|Species Clause: Limit one of each Pok\u00e9mon\n|rule|Item Clause: Limit one of each item\n|clearpoke\n|poke|p1|Annihilape, L50, F|\n|poke|p1|Maushold-Four, L50|\n|poke|p1|Ting-Lu, L50|\n|poke|p1|Flutter Mane, L50|\n|poke|p1|Chien-Pao, L50|\n|poke|p1|Dragonite, L50, M|\n|poke|p2|Annihilape, L50, M|\n|poke|p2|Roaring Moon, L50|\n|poke|p2|Maushold, L50|\n|poke|p2|Gholdengo, L50|\n|poke|p2|Talonflame, L50, F|\n|poke|p2|Great Tusk, L50|\n|teampreview|4\n|inactive|Battle timer is ON: inactive players will automatically lose when time's up. (requested by pufillo13)\n|inactive|pufillo13 has 60 seconds left.\n|\n|t:|1684029992\n|start\n|switch|p1a: Maushold|Maushold-Four, L50|100\/100\n|switch|p1b: Annihilape|Annihilape, L50, F|100\/100\n|switch|p2a: Annihilape|Annihilape, L50, M|100\/100\n|switch|p2b: Maushold|Maushold, L50|100\/100\n|turn|1\n|inactive|pufillo13 has 30 seconds left.\n|\n|t:|1684030021\n|move|p1a: Maushold|Protect|p1a: Maushold\n|-singleturn|p1a: Maushold|Protect\n|move|p2b: Maushold|Beat Up|p2a: Annihilape\n|-damage|p2a: Annihilape|99\/100\n|-damage|p2a: Annihilape|97\/100\n|-damage|p2a: Annihilape|95\/100\n|-crit|p2a: Annihilape\n|-damage|p2a: Annihilape|91\/100\n|-hitcount|p2a: Annihilape|4\n|move|p1b: Annihilape|Bulk Up|p1b: Annihilape\n|-boost|p1b: Annihilape|atk|1\n|-boost|p1b: Annihilape|def|1\n|move|p2a: Annihilape|Rage Fist|p1b: Annihilape\n|-supereffective|p1b: Annihilape\n|-damage|p1b: Annihilape|0 fnt\n|faint|p1b: Annihilape\n|\n|-heal|p2a: Annihilape|98\/100|[from] item: Leftovers\n|upkeep\n|\n|t:|1684030045\n|switch|p1b: Flutter Mane|Flutter Mane, L50|100\/100\n|turn|2\n|\n|t:|1684030055\n|-terastallize|p2a: Annihilape|Water\n|move|p1a: Maushold|Follow Me|p1a: Maushold\n|-singleturn|p1a: Maushold|move: Follow Me\n|move|p1b: Flutter Mane|Moonblast|p2a: Annihilape\n|-damage|p2a: Annihilape|53\/100\n|move|p2b: Maushold|Super Fang|p1a: Maushold\n|-damage|p1a: Maushold|51\/100\n|move|p2a: Annihilape|Drain Punch|p1a: Maushold\n|-supereffective|p1a: Maushold\n|-damage|p1a: Maushold|0 fnt\n|-heal|p2a: Annihilape|75\/100|[from] drain|[of] p1a: Maushold\n|faint|p1a: Maushold\n|\n|-heal|p2a: Annihilape|82\/100|[from] item: Leftovers\n|upkeep\n|\n|t:|1684030067\n|switch|p1a: Chien-Pao|Chien-Pao, L50|100\/100\n|-ability|p1a: Chien-Pao|Sword of Ruin\n|turn|3\n|\n|t:|1684030080\n|move|p2b: Maushold|Follow Me|p2b: Maushold\n|-singleturn|p2b: Maushold|move: Follow Me\n|move|p1b: Flutter Mane|Moonblast|p2b: Maushold\n|-damage|p2b: Maushold|25\/100\n|move|p1a: Chien-Pao|Icicle Crash|p2b: Maushold\n|-damage|p2b: Maushold|0 fnt\n|faint|p2b: Maushold\n|move|p2a: Annihilape|Rage Fist|p1b: Flutter Mane\n|-supereffective|p1b: Flutter Mane\n|-damage|p1b: Flutter Mane|0 fnt\n|faint|p1b: Flutter Mane\n|-end|p1b: Flutter Mane|Protosynthesis|[silent]\n|\n|-heal|p2a: Annihilape|88\/100|[from] item: Leftovers\n|upkeep\n|\n|t:|1684030091\n|switch|p2b: Talonflame|Talonflame, L50, F|100\/100\n|turn|4\n|\n|t:|1684030100\n|-terastallize|p1a: Chien-Pao|Ghost\n|move|p2b: Talonflame|Tailwind|p2b: Talonflame\n|-sidestart|p2: Juca sinuca|move: Tailwind\n|move|p2a: Annihilape|Drain Punch|p1a: Chien-Pao\n|-immune|p1a: Chien-Pao\n|move|p1a: Chien-Pao|Icicle Crash|p2b: Talonflame\n|-damage|p2b: Talonflame|28\/100\n|\n|-heal|p2a: Annihilape|94\/100|[from] item: Leftovers\n|upkeep\n|turn|5\n|\n|t:|1684030113\n|move|p1a: Chien-Pao|Sucker Punch|p2b: Talonflame\n|-damage|p2b: Talonflame|0 fnt\n|faint|p2b: Talonflame\n|move|p2a: Annihilape|Rage Fist|p1a: Chien-Pao\n|-supereffective|p1a: Chien-Pao\n|-enditem|p1a: Chien-Pao|Focus Sash\n|-damage|p1a: Chien-Pao|1\/100\n|\n|-heal|p2a: Annihilape|100\/100|[from] item: Leftovers\n|upkeep\n|\n|t:|1684030124\n|switch|p2b: Great Tusk|Great Tusk, L50, shiny|100\/100\n|turn|6\n|\n|t:|1684030129\n|move|p2a: Annihilape|Rage Fist|p1a: Chien-Pao\n|-supereffective|p1a: Chien-Pao\n|-damage|p1a: Chien-Pao|0 fnt\n|faint|p1a: Chien-Pao\n|\n|win|Juca sinuca\n|raw|pufillo13's rating: 1292 → 1271<\/strong> (-21 for losing)\n|raw|Juca sinuca's rating: 1344 → 1361<\/strong> (+17 for winning)\n|l|\u2606pufillo13\n","uploadtime":1684030142,"views":13,"p1id":"pufillo13","p2id":"jucasinuca","formatid":"gen9vgc2023regulationc","rating":1271,"private":0,"password":""}