{"id":"gen9vgc2023regulationc-1846496536","p1":"Kojiiii","p2":"blong37","format":"[Gen 9] VGC 2023 Regulation C","log":"|j|\u2606Kojiiii\n|j|\u2606blong37\n|t:|1681845783\n|gametype|doubles\n|player|p1|Kojiiii|101|1222\n|player|p2|blong37|boarder|1271\n|teamsize|p1|6\n|teamsize|p2|6\n|gen|9\n|tier|[Gen 9] VGC 2023 Regulation C\n|rated|\n|rule|Species Clause: Limit one of each Pok\u00e9mon\n|rule|Item Clause: Limit one of each item\n|clearpoke\n|poke|p1|Palafin, L50, M|\n|poke|p1|Amoonguss, L50, M|\n|poke|p1|Arcanine, L50, F|\n|poke|p1|Flutter Mane, L50|\n|poke|p1|Baxcalibur, L50, F|\n|poke|p1|Ting-Lu, L50|\n|poke|p2|Hariyama, L50, M|\n|poke|p2|Farigiraf, L50, M|\n|poke|p2|Gyarados, L50, F|\n|poke|p2|Chi-Yu, L50|\n|poke|p2|Flutter Mane, L50|\n|poke|p2|Baxcalibur, L50, M|\n|teampreview|4\n|inactive|Battle timer is ON: inactive players will automatically lose when time's up. (requested by blong37)\n|inactive|Kojiiii has 60 seconds left.\n|\n|t:|1681845847\n|start\n|switch|p1a: Palafin|Palafin, L50, M|100\/100\n|switch|p1b: Flutter Mane|Flutter Mane, L50|100\/100\n|switch|p2a: Gyarados|Gyarados, L50, F, shiny|100\/100\n|switch|p2b: Hariyama|Hariyama, L50, M|100\/100\n|-ability|p2a: Gyarados|Intimidate|boost\n|-unboost|p1a: Palafin|atk|1\n|-unboost|p1b: Flutter Mane|atk|1\n|turn|1\n|inactive|Kojiiii has 30 seconds left.\n|inactive|blong37 has 30 seconds left.\n|inactive|Kojiiii has 20 seconds left.\n|inactive|blong37 has 20 seconds left.\n|inactive|Kojiiii has 15 seconds left.\n|inactive|blong37 has 15 seconds left.\n|inactive|Kojiiii has 10 seconds left.\n|inactive|blong37 has 10 seconds left.\n|inactive|Kojiiii has 5 seconds left.\n|\n|t:|1681845900\n|detailschange|p1a: Palafin|Palafin-Hero, L50, M\n|switch|p1a: Arcanine|Arcanine, L50, F|100\/100\n|-ability|p1a: Arcanine|Intimidate|boost\n|-unboost|p2a: Gyarados|atk|1\n|-unboost|p2b: Hariyama|atk|1\n|-terastallize|p2b: Hariyama|Steel\n|move|p2b: Hariyama|Bullet Punch|p1b: Flutter Mane\n|-supereffective|p1b: Flutter Mane\n|-crit|p1b: Flutter Mane\n|-damage|p1b: Flutter Mane|0 fnt\n|faint|p1b: Flutter Mane\n|-end|p1b: Flutter Mane|Protosynthesis|[silent]\n|move|p2a: Gyarados|Iron Head|p1a: Arcanine\n|-resisted|p1a: Arcanine\n|-damage|p1a: Arcanine|92\/100\n|\n|-status|p2b: Hariyama|brn|[from] item: Flame Orb\n|upkeep\n|\n|t:|1681845923\n|switch|p1b: Palafin|Palafin-Hero, L50, M|100\/100\n|-activate|p1b: Palafin|ability: Zero to Hero\n|turn|2\n|\n|t:|1681845937\n|switch|p1a: Amoonguss|Amoonguss, L50, M, shiny|100\/100\n|-terastallize|p1b: Palafin|Water\n|move|p1b: Palafin|Wave Crash|p2b: Hariyama\n|-damage|p2b: Hariyama|0 fnt\n|faint|p2b: Hariyama\n|-damage|p1b: Palafin|55\/100|[from] Recoil\n|move|p2a: Gyarados|Waterfall|p1a: Amoonguss\n|-resisted|p1a: Amoonguss\n|-damage|p1a: Amoonguss|91\/100\n|\n|upkeep\n|\n|t:|1681845959\n|switch|p2b: Flutter Mane|Flutter Mane, L50, shiny|100\/100\n|-enditem|p2b: Flutter Mane|Booster Energy\n|-activate|p2b: Flutter Mane|ability: Protosynthesis|[fromitem]\n|-start|p2b: Flutter Mane|protosynthesisspe\n|turn|3\n|\n|t:|1681845983\n|move|p1a: Amoonguss|Protect|p1a: Amoonguss\n|-singleturn|p1a: Amoonguss|Protect\n|move|p1b: Palafin|Jet Punch|p2b: Flutter Mane\n|-damage|p2b: Flutter Mane|0 fnt\n|faint|p2b: Flutter Mane\n|-end|p2b: Flutter Mane|Protosynthesis|[silent]\n|move|p2a: Gyarados|Taunt|p1a: Amoonguss\n|-activate|p1a: Amoonguss|move: Protect\n|\n|upkeep\n|\n|t:|1681845991\n|switch|p2b: Chi-Yu|Chi-Yu, L50|100\/100\n|-ability|p2b: Chi-Yu|Beads of Ruin\n|turn|4\n|inactive|blong37 has 30 seconds left.\n|\n|t:|1681846023\n|switch|p1a: Arcanine|Arcanine, L50, F|92\/100\n|-ability|p1a: Arcanine|Intimidate|boost\n|-unboost|p2a: Gyarados|atk|1\n|-unboost|p2b: Chi-Yu|atk|1\n|move|p1b: Palafin|Jet Punch|p2b: Chi-Yu\n|-supereffective|p2b: Chi-Yu\n|-damage|p2b: Chi-Yu|0 fnt\n|faint|p2b: Chi-Yu\n|move|p2a: Gyarados|Waterfall|p1b: Palafin\n|-resisted|p1b: Palafin\n|-damage|p1b: Palafin|45\/100\n|\n|upkeep\n|turn|5\n|-message|blong37 forfeited.\n|\n|win|Kojiiii\n|raw|Kojiiii's rating: 1222 → 1251<\/strong> (+29 for winning)\n|raw|blong37's rating: 1271 → 1242<\/strong> (-29 for losing)\n|l|\u2606blong37\n","uploadtime":1681846044,"views":7,"p1id":"kojiiii","p2id":"blong37","formatid":"gen9vgc2023regulationc","rating":1242,"private":0,"password":""}