{"id":"gen9vgc2023regulationc-1854482638","p1":"LeeGengarBR","p2":"conkledonk","format":"[Gen 9] VGC 2023 Regulation C","log":"|j|\u2606LeeGengarBR\n|j|\u2606conkledonk\n|t:|1682816669\n|gametype|doubles\n|player|p1|LeeGengarBR|red|\n|player|p2|conkledonk|1|\n|teamsize|p1|6\n|teamsize|p2|6\n|gen|9\n|tier|[Gen 9] VGC 2023 Regulation C\n|rule|Species Clause: Limit one of each Pok\u00e9mon\n|rule|Item Clause: Limit one of each item\n|clearpoke\n|poke|p1|Annihilape, L50, M|\n|poke|p1|Ting-Lu, L50|\n|poke|p1|Amoonguss, L50, F|\n|poke|p1|Orthworm, L50, M|\n|poke|p1|Grimmsnarl, L50, M|\n|poke|p1|Chien-Pao, L50|\n|poke|p2|Dondozo, L50, F|\n|poke|p2|Tatsugiri-Stretchy, L50, F|\n|poke|p2|Glimmora, L50, F|\n|poke|p2|Pawmot, L50, F|\n|poke|p2|Talonflame, L50, M|\n|poke|p2|Gholdengo, L50|\n|teampreview|4\nconkledonk has agreed to open team sheets.\n|c|\u2606conkledonk|g2\nLeeGengarBR has agreed to open team sheets.\n|c|\u2606conkledonk|glhf\n|c|\u2606LeeGengarBR|glhf\n|\n|t:|1682816941\n|start\n|switch|p1a: Ting-Lu|Ting-Lu, L50|100\/100\n|switch|p1b: Amoonguss|Amoonguss, L50, F|100\/100\n|switch|p2a: Pawmot|Pawmot, L50, F|100\/100\n|switch|p2b: Glimmora|Glimmora, L50, F, shiny|100\/100\n|-ability|p1a: Ting-Lu|Vessel of Ruin\n|turn|1\n|inactive|Battle timer is ON: inactive players will automatically lose when time's up. (requested by conkledonk)\n|inactive|LeeGengarBR has 60 seconds left.\n|\n|t:|1682816984\n|-terastallize|p1a: Ting-Lu|Poison\n|move|p2a: Pawmot|Close Combat|p1a: Ting-Lu\n|-resisted|p1a: Ting-Lu\n|-damage|p1a: Ting-Lu|84\/100\n|-unboost|p2a: Pawmot|def|1\n|-unboost|p2a: Pawmot|spd|1\n|move|p2b: Glimmora|Mortal Spin|p1b: Amoonguss|[spread] p1a,p1b\n|-resisted|p1a: Ting-Lu\n|-damage|p1a: Ting-Lu|83\/100\n|-damage|p1b: Amoonguss|96\/100\n|-damage|p2b: Glimmora|84\/100|[from] item: Rocky Helmet|[of] p1b: Amoonguss\n|move|p1a: Ting-Lu|Earthquake|p2b: Glimmora|[spread] p1b,p2a,p2b\n|-supereffective|p2a: Pawmot\n|-supereffective|p2b: Glimmora\n|-damage|p1b: Amoonguss|72\/100\n|-enditem|p2a: Pawmot|Focus Sash\n|-damage|p2a: Pawmot|1\/100\n|-damage|p2b: Glimmora|0 fnt\n|-activate|p2b: Glimmora|ability: Toxic Debris\n|-sidestart|p1: LeeGengarBR|move: Toxic Spikes\n|faint|p2b: Glimmora\n|move|p1b: Amoonguss|Pollen Puff|p1a: Ting-Lu\n|-heal|p1a: Ting-Lu|100\/100\n|\n|upkeep\n|\n|t:|1682816993\n|switch|p2b: Dondozo|Dondozo, L50, F|100\/100\n|turn|2\n|\n|t:|1682817018\n|switch|p2a: Tatsugiri|Tatsugiri-Stretchy, L50, F|100\/100\n|-activate|p2a: Tatsugiri|ability: Commander|[of] p2b: Dondozo\n|-boost|p2b: Dondozo|atk|2\n|-boost|p2b: Dondozo|spa|2\n|-boost|p2b: Dondozo|spe|2\n|-boost|p2b: Dondozo|def|2\n|-boost|p2b: Dondozo|spd|2\n|move|p2b: Dondozo|Earthquake|p1a: Ting-Lu|[spread] p1a,p1b\n|-miss|p2b: Dondozo|p2a: Tatsugiri\n|-supereffective|p1a: Ting-Lu\n|-damage|p1a: Ting-Lu|55\/100\n|-damage|p1b: Amoonguss|39\/100\n|move|p1a: Ting-Lu|Earthquake|p2b: Dondozo|[spread] p1b,p2b\n|-miss|p1a: Ting-Lu|p2a: Tatsugiri\n|-damage|p1b: Amoonguss|13\/100\n|-damage|p2b: Dondozo|90\/100\n|move|p1b: Amoonguss|Spore|p2b: Dondozo\n|-status|p2b: Dondozo|slp|[from] move: Spore\n|\n|-heal|p2b: Dondozo|96\/100 slp|[from] item: Leftovers\n|upkeep\n|turn|3\n|\n|t:|1682817039\n|switch|p1b: Orthworm|Orthworm, L50, M|100\/100\n|cant|p2b: Dondozo|slp\n|move|p1a: Ting-Lu|Sand Tomb|p2b: Dondozo\n|-damage|p2b: Dondozo|91\/100 slp\n|-activate|p2b: Dondozo|move: Sand Tomb|[of] p1a: Ting-Lu\n|\n|-heal|p2b: Dondozo|97\/100 slp|[from] item: Leftovers\n|-damage|p2b: Dondozo|84\/100 slp|[from] move: Sand Tomb|[partiallytrapped]\n|upkeep\n|turn|4\n|\n|t:|1682817060\n|switch|p1a: Amoonguss|Amoonguss, L50, F|46\/100\n|-sideend|p1: LeeGengarBR|move: Toxic Spikes|[of] p1a: Amoonguss\n|cant|p2b: Dondozo|slp\n|move|p1b: Orthworm|Shed Tail|p1b: Orthworm\n|-start|p1b: Orthworm|Substitute|[from] move: Shed Tail\n|-damage|p1b: Orthworm|50\/100\n|-enditem|p1b: Orthworm|Sitrus Berry|[eat]\n|-heal|p1b: Orthworm|75\/100|[from] item: Sitrus Berry\n|\n|t:|1682817068\n|switch|p1b: Chien-Pao|Chien-Pao, L50|100\/100|[from] Shed Tail\n|-ability|p1b: Chien-Pao|Sword of Ruin\n|\n|-heal|p2b: Dondozo|91\/100 slp|[from] item: Leftovers\n|-end|p2b: Dondozo|Sand Tomb|[partiallytrapped]|[silent]\n|upkeep\n|turn|5\n|\n|t:|1682817081\n|switch|p1a: Orthworm|Orthworm, L50, M|75\/100\n|move|p1b: Chien-Pao|Sacred Sword|p2b: Dondozo\n|-damage|p2b: Dondozo|61\/100 slp\n|cant|p2b: Dondozo|slp\n|\n|-heal|p2b: Dondozo|67\/100 slp|[from] item: Leftovers\n|upkeep\n|turn|6\n|\n|t:|1682817097\n|move|p1b: Chien-Pao|Sacred Sword|p2b: Dondozo\n|-damage|p2b: Dondozo|40\/100 slp\n|-curestatus|p2b: Dondozo|slp|[msg]\n|move|p2b: Dondozo|Order Up|p1b: Chien-Pao\n|-end|p1b: Chien-Pao|Substitute\n|-boost|p2b: Dondozo|spe|1\n|move|p1a: Orthworm|Body Press|p2b: Dondozo\n|-damage|p2b: Dondozo|27\/100\n|\n|-heal|p2b: Dondozo|33\/100|[from] item: Leftovers\n|upkeep\n|turn|7\n|\n|t:|1682817113\n|switch|p1a: Amoonguss|Amoonguss, L50, F|79\/100\n|move|p2b: Dondozo|Protect|p2b: Dondozo\n|-singleturn|p2b: Dondozo|Protect\n|move|p1b: Chien-Pao|Sacred Sword|p2b: Dondozo\n|-activate|p2b: Dondozo|move: Protect\n|\n|-heal|p2b: Dondozo|39\/100|[from] item: Leftovers\n|upkeep\n|turn|8\n|\n|t:|1682817129\n|-terastallize|p2b: Dondozo|Grass\n|move|p1a: Amoonguss|Rage Powder|p1a: Amoonguss\n|-singleturn|p1a: Amoonguss|move: Rage Powder\n|move|p2b: Dondozo|Order Up|p1b: Chien-Pao\n|-damage|p1b: Chien-Pao|42\/100\n|-boost|p2b: Dondozo|spe|1\n|move|p1b: Chien-Pao|Sacred Sword|p2b: Dondozo\n|-damage|p2b: Dondozo|8\/100\n|\n|-heal|p2b: Dondozo|15\/100|[from] item: Leftovers\n|upkeep\n|turn|9\n|\n|t:|1682817145\n|move|p2b: Dondozo|Protect|p2b: Dondozo\n|-singleturn|p2b: Dondozo|Protect\n|move|p1b: Chien-Pao|Sacred Sword|p2b: Dondozo\n|-activate|p2b: Dondozo|move: Protect\n|move|p1a: Amoonguss|Bullet Seed|p2a: Tatsugiri|[miss]\n|-miss|p1a: Amoonguss|p2a: Tatsugiri\n|\n|-heal|p2b: Dondozo|21\/100|[from] item: Leftovers\n|upkeep\n|turn|10\n|\n|t:|1682817157\n|move|p2b: Dondozo|Earthquake|p1a: Amoonguss|[spread] p1a,p1b\n|-miss|p2b: Dondozo|p2a: Tatsugiri\n|-damage|p1a: Amoonguss|29\/100\n|-damage|p1b: Chien-Pao|0 fnt\n|faint|p1b: Chien-Pao\n|move|p1a: Amoonguss|Bullet Seed|p2a: Tatsugiri|[miss]\n|-miss|p1a: Amoonguss|p2a: Tatsugiri\n|\n|-heal|p2b: Dondozo|27\/100|[from] item: Leftovers\n|upkeep\n|\n|t:|1682817170\n|switch|p1b: Ting-Lu|Ting-Lu, L50, tera:Poison|55\/100\n|-ability|p1b: Ting-Lu|Vessel of Ruin\n|turn|11\n|\n|t:|1682817182\n|switch|p1a: Orthworm|Orthworm, L50, M|75\/100\n|move|p2b: Dondozo|Earthquake|p1a: Orthworm|[spread] p1b\n|-miss|p2b: Dondozo|p2a: Tatsugiri\n|-heal|p1a: Orthworm|100\/100|[from] ability: Earth Eater|[of] p2b: Dondozo\n|-supereffective|p1b: Ting-Lu\n|-damage|p1b: Ting-Lu|9\/100\n|move|p1b: Ting-Lu|Sand Tomb|p2b: Dondozo\n|-resisted|p2b: Dondozo\n|-damage|p2b: Dondozo|24\/100\n|-activate|p2b: Dondozo|move: Sand Tomb|[of] p1b: Ting-Lu\n|\n|-heal|p2b: Dondozo|31\/100|[from] item: Leftovers\n|-damage|p2b: Dondozo|18\/100|[from] move: Sand Tomb|[partiallytrapped]\n|upkeep\n|turn|12\n|inactive|LeeGengarBR has 30 seconds left.\n|\n|t:|1682817215\n|switch|p1b: Amoonguss|Amoonguss, L50, F|62\/100\n|move|p2b: Dondozo|Earthquake|p1b: Amoonguss|[spread] p1b\n|-miss|p2b: Dondozo|p2a: Tatsugiri\n|-immune|p1a: Orthworm|[from] ability: Earth Eater\n|-damage|p1b: Amoonguss|28\/100\n|move|p1a: Orthworm|Shed Tail|p1a: Orthworm\n|-start|p1a: Orthworm|Substitute|[from] move: Shed Tail\n|-damage|p1a: Orthworm|50\/100\n|\n|t:|1682817224\n|switch|p1a: Ting-Lu|Ting-Lu, L50, tera:Poison|9\/100|[from] Shed Tail\n|-ability|p1a: Ting-Lu|Vessel of Ruin\n|\n|-heal|p2b: Dondozo|24\/100|[from] item: Leftovers\n|-end|p2b: Dondozo|Sand Tomb|[partiallytrapped]|[silent]\n|upkeep\n|turn|13\n|\n|t:|1682817236\n|switch|p1b: Orthworm|Orthworm, L50, M|50\/100\n|move|p2b: Dondozo|Order Up|p1a: Ting-Lu\n|-end|p1a: Ting-Lu|Substitute\n|-boost|p2b: Dondozo|spe|1\n|move|p1a: Ting-Lu|Sand Tomb|p2b: Dondozo\n|-resisted|p2b: Dondozo\n|-damage|p2b: Dondozo|22\/100\n|-activate|p2b: Dondozo|move: Sand Tomb|[of] p1a: Ting-Lu\n|\n|-heal|p2b: Dondozo|28\/100|[from] item: Leftovers\n|-damage|p2b: Dondozo|16\/100|[from] move: Sand Tomb|[partiallytrapped]\n|upkeep\n|turn|14\n|\n|t:|1682817253\n|switch|p1a: Amoonguss|Amoonguss, L50, F|61\/100\n|move|p2b: Dondozo|Order Up|p1a: Amoonguss\n|-damage|p1a: Amoonguss|24\/100\n|-boost|p2b: Dondozo|spe|1\n|move|p1b: Orthworm|Body Press|p2b: Dondozo\n|-crit|p2b: Dondozo\n|-damage|p2b: Dondozo|0 fnt\n|faint|p2b: Dondozo\n|\n|upkeep\n|\n|t:|1682817255\n|switch|p2b: Pawmot|Pawmot, L50, F|1\/100\n|turn|15\n|\n|t:|1682817274\n|move|p1a: Amoonguss|Rage Powder|p1a: Amoonguss\n|-singleturn|p1a: Amoonguss|move: Rage Powder\n|move|p2a: Tatsugiri|Draco Meteor|p1a: Amoonguss\n|-damage|p1a: Amoonguss|0 fnt\n|-unboost|p2a: Tatsugiri|spa|2\n|faint|p1a: Amoonguss\n|move|p2b: Pawmot|Close Combat|p1b: Orthworm\n|-supereffective|p1b: Orthworm\n|-damage|p1b: Orthworm|0 fnt\n|-unboost|p2b: Pawmot|def|1\n|-unboost|p2b: Pawmot|spd|1\n|faint|p1b: Orthworm\n|\n|upkeep\n|\n|t:|1682817286\n|switch|p1b: Ting-Lu|Ting-Lu, L50, tera:Poison|9\/100\n|-ability|p1b: Ting-Lu|Vessel of Ruin\n|turn|16\n|\n|t:|1682817297\n|move|p2a: Tatsugiri|Draco Meteor|p1b: Ting-Lu\n|-damage|p1b: Ting-Lu|1\/100\n|-unboost|p2a: Tatsugiri|spa|2\n|move|p2b: Pawmot|Double Shock|p1b: Ting-Lu\n|-damage|p1b: Ting-Lu|0 fnt\n|-start|p2b: Pawmot|typechange|???\/Fighting|[from] move: Double Shock\n|faint|p1b: Ting-Lu\n|\n|win|conkledonk\n|c|\u2606conkledonk|ggs\n|l|\u2606LeeGengarBR\n","uploadtime":1682817320,"views":8,"p1id":"leegengarbr","p2id":"conkledonk","formatid":"gen9vgc2023regulationc","rating":0,"private":0,"password":""}