{"id":"gen9vgc2023regulationc-1851487445","p1":"lampis97","p2":"Wellington Kobs","format":"[Gen 9] VGC 2023 Regulation C","log":"|j|\u2606lampis97\n|j|\u2606Wellington Kobs\n|t:|1682449193\n|gametype|doubles\n|player|p1|lampis97|2|1347\n|player|p2|Wellington Kobs|blue|1261\n|teamsize|p1|6\n|teamsize|p2|6\n|gen|9\n|tier|[Gen 9] VGC 2023 Regulation C\n|rated|\n|rule|Species Clause: Limit one of each Pok\u00e9mon\n|rule|Item Clause: Limit one of each item\n|clearpoke\n|poke|p1|Garganacl, L50, M|\n|poke|p1|Baxcalibur, L50, M|\n|poke|p1|Gyarados, L50, F|\n|poke|p1|Flutter Mane, L50|\n|poke|p1|Chi-Yu, L50|\n|poke|p1|Iron Bundle, L50|\n|poke|p2|Iron Hands, L50|\n|poke|p2|Amoonguss, L50, F|\n|poke|p2|Pelipper, L50, F|\n|poke|p2|Palafin, L50, F|\n|poke|p2|Chien-Pao, L50|\n|poke|p2|Dragonite, L50, F|\n|teampreview|4\n|\n|t:|1682449223\n|start\n|switch|p1a: Gyarados|Gyarados, L50, F|100\/100\n|switch|p1b: Baxcalibur|Baxcalibur, L50, M|100\/100\n|switch|p2a: Flipper|Palafin, L50, F|100\/100\n|switch|p2b: Luca Proda|Iron Hands, L50|100\/100\n|-ability|p1a: Gyarados|Intimidate|boost\n|-unboost|p2a: Flipper|atk|1\n|-unboost|p2b: Luca Proda|atk|1\n|turn|1\n|inactive|Battle timer is ON: inactive players will automatically lose when time's up. (requested by lampis97)\n|inactive|lampis97 has 60 seconds left.\n|\n|t:|1682449282\n|move|p1a: Gyarados|Protect|p1a: Gyarados\n|-singleturn|p1a: Gyarados|Protect\n|move|p1b: Baxcalibur|Protect|p1b: Baxcalibur\n|-singleturn|p1b: Baxcalibur|Protect\n|move|p2b: Luca Proda|Fake Out|p1b: Baxcalibur\n|-activate|p1b: Baxcalibur|move: Protect\n|move|p2a: Flipper|Close Combat|p1b: Baxcalibur\n|-activate|p1b: Baxcalibur|move: Protect\n|\n|upkeep\n|turn|2\n|inactive|lampis97 has 30 seconds left.\n|\n|t:|1682449315\n|move|p2a: Flipper|Protect|p2a: Flipper\n|-singleturn|p2a: Flipper|Protect\n|move|p1a: Gyarados|Thunder Wave|p2a: Flipper\n|-activate|p2a: Flipper|move: Protect\n|move|p1b: Baxcalibur|Glaive Rush|p2a: Flipper\n|-activate|p2a: Flipper|move: Protect\n|move|p2b: Luca Proda|Close Combat|p1b: Baxcalibur\n|-supereffective|p1b: Baxcalibur\n|-damage|p1b: Baxcalibur|29\/100\n|-unboost|p2b: Luca Proda|def|1\n|-unboost|p2b: Luca Proda|spd|1\n|\n|upkeep\n|turn|3\n|inactive|Wellington Kobs has 30 seconds left.\n|\n|t:|1682449343\n|detailschange|p2a: Flipper|Palafin-Hero, L50, F\n|switch|p2a: El Lluvias|Pelipper, L50, F|100\/100\n|-weather|RainDance|[from] ability: Drizzle|[of] p2a: El Lluvias\n|move|p1b: Baxcalibur|Protect|p1b: Baxcalibur\n|-singleturn|p1b: Baxcalibur|Protect\n|move|p1a: Gyarados|Thunder Wave|p2a: El Lluvias\n|-status|p2a: El Lluvias|par\n|move|p2b: Luca Proda|Volt Switch|p1a: Gyarados\n|-supereffective|p1a: Gyarados\n|-damage|p1a: Gyarados|48\/100\n|\n|t:|1682449355\n|-end|p2b: Luca Proda|Quark Drive|[silent]\n|switch|p2b: Flipper|Palafin-Hero, L50, F|100\/100|[from] Volt Switch\n|-activate|p2b: Flipper|ability: Zero to Hero\n|\n|-weather|RainDance|[upkeep]\n|upkeep\n|turn|4\n|\n|t:|1682449378\n|-terastallize|p2b: Flipper|Water\n|move|p2b: Flipper|Jet Punch|p1b: Baxcalibur\n|-resisted|p1b: Baxcalibur\n|-damage|p1b: Baxcalibur|0 fnt\n|faint|p1b: Baxcalibur\n|move|p1a: Gyarados|Thunder Wave|p2b: Flipper\n|-status|p2b: Flipper|par\n|move|p2a: El Lluvias|Hydro Pump|p1a: Gyarados\n|-resisted|p1a: Gyarados\n|-damage|p1a: Gyarados|10\/100\n|\n|-weather|RainDance|[upkeep]\n|upkeep\n|\n|t:|1682449402\n|switch|p1b: Iron Bundle|Iron Bundle, L50|100\/100\n|turn|5\n|\n|t:|1682449419\n|switch|p2b: Luca Proda|Iron Hands, L50|100\/100\n|move|p1b: Iron Bundle|Freeze-Dry|p2b: Luca Proda\n|-damage|p2b: Luca Proda|83\/100\n|-status|p2b: Luca Proda|frz\n|move|p1a: Gyarados|Waterfall|p2b: Luca Proda\n|-damage|p2b: Luca Proda|35\/100 frz\n|move|p2a: El Lluvias|Hurricane|p1a: Gyarados\n|-damage|p1a: Gyarados|0 fnt\n|faint|p1a: Gyarados\n|\n|-weather|RainDance|[upkeep]\n|upkeep\n|\n|t:|1682449423\n|switch|p1a: Flutter Mane|Flutter Mane, L50|100\/100\n|turn|6\n|\n|t:|1682449446\n|-terastallize|p1a: Flutter Mane|Fairy\n|move|p2a: El Lluvias|Protect|p2a: El Lluvias\n|-singleturn|p2a: El Lluvias|Protect\n|move|p1b: Iron Bundle|Freeze-Dry|p2a: El Lluvias\n|-activate|p2a: El Lluvias|move: Protect\n|move|p1a: Flutter Mane|Moonblast|p2b: Luca Proda\n|-supereffective|p2b: Luca Proda\n|-crit|p2b: Luca Proda\n|-damage|p2b: Luca Proda|0 fnt\n|faint|p2b: Luca Proda\n|-end|p2b: Luca Proda|Quark Drive|[silent]\n|\n|-weather|RainDance|[upkeep]\n|upkeep\n|\n|t:|1682449459\n|switch|p2b: Chien-Pao|Chien-Pao, L50|100\/100\n|-ability|p2b: Chien-Pao|Sword of Ruin\n|turn|7\n|\n|t:|1682449467\n|move|p2b: Chien-Pao|Protect|p2b: Chien-Pao\n|-singleturn|p2b: Chien-Pao|Protect\n|move|p1b: Iron Bundle|Freeze-Dry|p2a: El Lluvias\n|-supereffective|p2a: El Lluvias\n|-enditem|p2a: El Lluvias|Focus Sash\n|-damage|p2a: El Lluvias|1\/100 par\n|move|p1a: Flutter Mane|Moonblast|p2b: Chien-Pao\n|-activate|p2b: Chien-Pao|move: Protect\n|move|p2a: El Lluvias|Hydro Pump|p1a: Flutter Mane\n|-damage|p1a: Flutter Mane|20\/100\n|\n|-weather|none\n|upkeep\n|turn|8\n|\n|t:|1682449490\n|move|p2a: El Lluvias|Protect|p2a: El Lluvias\n|-singleturn|p2a: El Lluvias|Protect\n|move|p1b: Iron Bundle|Freeze-Dry|p2a: El Lluvias\n|-activate|p2a: El Lluvias|move: Protect\n|move|p2b: Chien-Pao|Sacred Sword|p1b: Iron Bundle\n|-supereffective|p1b: Iron Bundle\n|-enditem|p1b: Iron Bundle|Focus Sash\n|-damage|p1b: Iron Bundle|1\/100\n|-damage|p2b: Chien-Pao|91\/100|[from] item: Life Orb\n|move|p1a: Flutter Mane|Moonblast|p2b: Chien-Pao\n|-supereffective|p2b: Chien-Pao\n|-damage|p2b: Chien-Pao|0 fnt\n|faint|p2b: Chien-Pao\n|\n|upkeep\n|\n|t:|1682449501\n|switch|p2b: Flipper|Palafin-Hero, L50, F, tera:Water|100\/100 par\n|turn|9\n|inactive|lampis97 has 30 seconds left.\n|inactive|lampis97 has 20 seconds left.\n|inactive|lampis97 has 15 seconds left.\n|\n|t:|1682449543\n|move|p2b: Flipper|Jet Punch|p1b: Iron Bundle\n|-resisted|p1b: Iron Bundle\n|-damage|p1b: Iron Bundle|0 fnt\n|faint|p1b: Iron Bundle\n|-end|p1b: Iron Bundle|Quark Drive|[silent]\n|move|p1a: Flutter Mane|Moonblast|p2b: Flipper\n|-damage|p2b: Flipper|0 fnt\n|faint|p2b: Flipper\n|move|p2a: El Lluvias|Hurricane|p1a: Flutter Mane\n|-damage|p1a: Flutter Mane|0 fnt\n|faint|p1a: Flutter Mane\n|-end|p1a: Flutter Mane|Protosynthesis|[silent]\n|\n|win|Wellington Kobs\n|raw|lampis97's rating: 1347 → 1322<\/strong> (-25 for losing)\n|raw|Wellington Kobs's rating: 1261 → 1292<\/strong> (+31 for winning)\n","uploadtime":1682449559,"views":6,"p1id":"lampis97","p2id":"wellingtonkobs","formatid":"gen9vgc2023regulationc","rating":1292,"private":0,"password":""}