{"id":"gen9vgc2023regulationc-1852150268","p1":"jeffman323","p2":"Petuniaveloz58","format":"[Gen 9] VGC 2023 Regulation C","log":"|j|\u2606jeffman323\n|j|\u2606Petuniaveloz58\n|t:|1682528261\n|gametype|doubles\n|player|p1|jeffman323|steven|1601\n|player|p2|Petuniaveloz58|101|1623\n|teamsize|p1|6\n|teamsize|p2|6\n|gen|9\n|tier|[Gen 9] VGC 2023 Regulation C\n|rated|\n|rule|Species Clause: Limit one of each Pok\u00e9mon\n|rule|Item Clause: Limit one of each item\n|clearpoke\n|poke|p1|Hatterene, L50, F|\n|poke|p1|Azumarill, L50, F|\n|poke|p1|Brute Bonnet, L50|\n|poke|p1|Kingambit, L50, M|\n|poke|p1|Iron Hands, L50|\n|poke|p1|Stantler, L50, F|\n|poke|p2|Jumpluff, L50, M|\n|poke|p2|Torkoal, L50, M|\n|poke|p2|Flutter Mane, L50|\n|poke|p2|Chi-Yu, L50|\n|poke|p2|Roaring Moon, L50|\n|poke|p2|Iron Bundle, L50|\n|teampreview|4\njeffman323 has agreed to open team sheets.\n|j| TealVGC\n|inactive|Battle timer is ON: inactive players will automatically lose when time's up. (requested by Petuniaveloz58)\nPetuniaveloz58 has agreed to open team sheets.\n|\n|t:|1682528309\n|start\n|switch|p1a: Iron Hands|Iron Hands, L50|100\/100\n|switch|p1b: Hatterene|Hatterene, L50, F|100\/100\n|switch|p2a: Torkoal|Torkoal, L50, M|100\/100\n|switch|p2b: Chi-Yu|Chi-Yu, L50|100\/100\n|-ability|p2b: Chi-Yu|Beads of Ruin\n|-weather|SunnyDay|[from] ability: Drought|[of] p2a: Torkoal\n|turn|1\n|\n|t:|1682528331\n|-terastallize|p2a: Torkoal|Fire\n|-terastallize|p1b: Hatterene|Fire\n|move|p1a: Iron Hands|Fake Out|p2a: Torkoal\n|-damage|p2a: Torkoal|89\/100\n|move|p2b: Chi-Yu|Flamethrower|p1b: Hatterene\n|-resisted|p1b: Hatterene\n|-damage|p1b: Hatterene|32\/100\n|-damage|p2b: Chi-Yu|91\/100|[from] item: Life Orb\n|cant|p2a: Torkoal|flinch\n|move|p1b: Hatterene|Trick Room|p1b: Hatterene\n|-fieldstart|move: Trick Room|[of] p1b: Hatterene\n|\n|-weather|SunnyDay|[upkeep]\n|upkeep\n|turn|2\n|\n|t:|1682528349\n|move|p1b: Hatterene|Protect|p1b: Hatterene\n|-singleturn|p1b: Hatterene|Protect\n|move|p2b: Chi-Yu|Protect|p2b: Chi-Yu\n|-singleturn|p2b: Chi-Yu|Protect\n|move|p2a: Torkoal|Overheat|p1a: Iron Hands\n|-damage|p1a: Iron Hands|9\/100\n|-unboost|p2a: Torkoal|spa|2\n|-enditem|p2a: Torkoal|Eject Pack\n|\n|t:|1682528357\n|switch|p2a: Flutter Mane|Flutter Mane, L50|100\/100\n|-activate|p2a: Flutter Mane|ability: Protosynthesis\n|-start|p2a: Flutter Mane|protosynthesisspa\n|move|p1a: Iron Hands|Earthquake|p2a: Flutter Mane|[spread] p2a\n|-activate|p1b: Hatterene|move: Protect\n|-activate|p2b: Chi-Yu|move: Protect\n|-damage|p2a: Flutter Mane|54\/100\n|\n|-weather|SunnyDay|[upkeep]\n|upkeep\n|turn|3\n|\n|t:|1682528380\n|switch|p2b: Torkoal|Torkoal, L50, M, tera:Fire|89\/100\n|move|p1b: Hatterene|Dazzling Gleam|p2a: Flutter Mane|[spread] p2a,p2b\n|-resisted|p2b: Torkoal\n|-damage|p2a: Flutter Mane|25\/100\n|-damage|p2b: Torkoal|64\/100\n|move|p1a: Iron Hands|Earthquake|p2a: Flutter Mane|[spread] p1b,p2a,p2b\n|-supereffective|p1b: Hatterene\n|-supereffective|p2b: Torkoal\n|-damage|p1b: Hatterene|0 fnt\n|-damage|p2a: Flutter Mane|0 fnt\n|-damage|p2b: Torkoal|20\/100\n|faint|p1b: Hatterene\n|faint|p2a: Flutter Mane\n|-end|p2a: Flutter Mane|Protosynthesis|[silent]\n|\n|-weather|SunnyDay|[upkeep]\n|upkeep\n|\n|t:|1682528394\n|switch|p1b: Azumarill|Azumarill, L50, F|100\/100\n|switch|p2a: Chi-Yu|Chi-Yu, L50|91\/100\n|-ability|p2a: Chi-Yu|Beads of Ruin\n|turn|4\n|\n|t:|1682528407\n|move|p2b: Torkoal|Protect|p2b: Torkoal\n|-singleturn|p2b: Torkoal|Protect\n|move|p2a: Chi-Yu|Protect|p2a: Chi-Yu\n|-singleturn|p2a: Chi-Yu|Protect\n|move|p1b: Azumarill|Aqua Jet|p2b: Torkoal\n|-activate|p2b: Torkoal|move: Protect\n|move|p1a: Iron Hands|Drain Punch|p2a: Chi-Yu\n|-activate|p2a: Chi-Yu|move: Protect\n|\n|-weather|SunnyDay|[upkeep]\n|upkeep\n|turn|5\n|\n|t:|1682528429\n|switch|p2b: Roaring Moon|Roaring Moon, L50|100\/100\n|-activate|p2b: Roaring Moon|ability: Protosynthesis\n|-start|p2b: Roaring Moon|protosynthesisatk\n|move|p1b: Azumarill|Play Rough|p2b: Roaring Moon\n|-supereffective|p2b: Roaring Moon\n|-damage|p2b: Roaring Moon|0 fnt\n|faint|p2b: Roaring Moon\n|-end|p2b: Roaring Moon|Protosynthesis|[silent]\n|move|p1a: Iron Hands|Drain Punch|p2a: Chi-Yu\n|-supereffective|p2a: Chi-Yu\n|-damage|p2a: Chi-Yu|0 fnt\n|-heal|p1a: Iron Hands|37\/100|[from] drain|[of] p2a: Chi-Yu\n|faint|p2a: Chi-Yu\n|\n|-weather|none\n|-fieldend|move: Trick Room\n|upkeep\n|c|\u2606Petuniaveloz58|No sense\n|\n|t:|1682528453\n|switch|p2a: Torkoal|Torkoal, L50, M, tera:Fire|20\/100\n|-weather|SunnyDay|[from] ability: Drought|[of] p2a: Torkoal\n|turn|6\n|-message|Petuniaveloz58 forfeited.\n|\n|win|jeffman323\n|raw|jeffman323's rating: 1601 → 1622<\/strong> (+21 for winning)\n|raw|Petuniaveloz58's rating: 1623 → 1602<\/strong> (-21 for losing)\n|l|\u2606Petuniaveloz58\n","uploadtime":1682528463,"views":18,"p1id":"jeffman323","p2id":"petuniaveloz58","formatid":"gen9vgc2023regulationc","rating":1602,"private":0,"password":""}