{"id":"gen9vgc2023regulationc-1852101771","p1":"tiramisu wooper","p2":"penghong","format":"[Gen 9] VGC 2023 Regulation C","log":"|j|\u2606tiramisu wooper\n|j|\u2606penghong\n|t:|1682524252\n|gametype|doubles\n|player|p1|tiramisu wooper|n|1116\n|player|p2|penghong|169|1214\n|teamsize|p1|6\n|teamsize|p2|6\n|gen|9\n|tier|[Gen 9] VGC 2023 Regulation C\n|rated|\n|rule|Species Clause: Limit one of each Pok\u00e9mon\n|rule|Item Clause: Limit one of each item\n|clearpoke\n|poke|p1|Palafin, L50, M|\n|poke|p1|Iron Hands, L50|\n|poke|p1|Iron Bundle, L50|\n|poke|p1|Gholdengo, L50|\n|poke|p1|Arcanine, L50, F|\n|poke|p1|Roaring Moon, L50|\n|poke|p2|Arcanine, L50, F|\n|poke|p2|Corviknight, L50, F|\n|poke|p2|Flutter Mane, L50|\n|poke|p2|Palafin, L50, F|\n|poke|p2|Amoonguss, L50, F|\n|poke|p2|Ting-Lu, L50|\n|teampreview|4\n|inactive|Battle timer is ON: inactive players will automatically lose when time's up. (requested by penghong)\npenghong has agreed to open team sheets.\ntiramisu wooper has agreed to open team sheets.\n|c|\u2606tiramisu wooper|glhf\n|c|\u2606tiramisu wooper|fissure\n|inactive|penghong has 60 seconds left.\n|c|\u2606penghong|glhf\n|c|\u2606tiramisu wooper|I take the luck and fun out\n|c|\u2606tiramisu wooper|i hate fissure\n|c|\u2606tiramisu wooper|sorry\n|inactive|penghong has 30 seconds left.\n|inactive|penghong has 20 seconds left.\n|inactive|penghong has 15 seconds left.\n|inactive|penghong has 10 seconds left.\n|inactive|penghong has 5 seconds left.\n|\n|t:|1682524342\n|start\n|switch|p1a: Palafin|Palafin, L50, M|100\/100\n|switch|p1b: Iron Hands|Iron Hands, L50|100\/100\n|switch|p2a: Palafin|Palafin, L50, F|100\/100\n|switch|p2b: Flutter Mane|Flutter Mane, L50|100\/100\n|turn|1\n|c|\u2606tiramisu wooper|youre name kinda sounds like a really cool vgc player\n|inactive|penghong has 30 seconds left.\n|inactive|penghong has 20 seconds left.\n|inactive|penghong has 15 seconds left.\n|\n|t:|1682524383\n|detailschange|p2a: Palafin|Palafin-Hero, L50, F\n|switch|p2a: Arcanine|Arcanine, L50, F, shiny|100\/100\n|-ability|p2a: Arcanine|Intimidate|boost\n|-unboost|p1a: Palafin|atk|1\n|-unboost|p1b: Iron Hands|atk|1\n|move|p2b: Flutter Mane|Protect|p2b: Flutter Mane\n|-singleturn|p2b: Flutter Mane|Protect\n|move|p1b: Iron Hands|Detect|p1b: Iron Hands\n|-singleturn|p1b: Iron Hands|Protect\n|move|p1a: Palafin|Flip Turn|p2b: Flutter Mane\n|-activate|p2b: Flutter Mane|move: Protect\n|\n|upkeep\n|turn|2\n|\n|t:|1682524405\n|move|p2b: Flutter Mane|Dazzling Gleam|p1a: Palafin|[spread] p1a,p1b\n|-supereffective|p1b: Iron Hands\n|-damage|p1a: Palafin|38\/100\n|-damage|p1b: Iron Hands|40\/100\n|-damage|p2b: Flutter Mane|91\/100|[from] item: Life Orb\n|move|p1a: Palafin|Flip Turn|p2a: Arcanine\n|-supereffective|p2a: Arcanine\n|-damage|p2a: Arcanine|60\/100\n|\n|t:|1682524413\n|detailschange|p1a: Palafin|Palafin-Hero, L50, M\n|switch|p1a: Iron Bundle|Iron Bundle, L50|100\/100|[from] Flip Turn\n|move|p2a: Arcanine|Will-O-Wisp|p1b: Iron Hands\n|-status|p1b: Iron Hands|brn\n|move|p1b: Iron Hands|Wild Charge|p2b: Flutter Mane\n|-damage|p2b: Flutter Mane|68\/100\n|-damage|p1b: Iron Hands|36\/100 brn|[from] Recoil\n|\n|-heal|p1b: Iron Hands|42\/100 brn|[from] item: Leftovers\n|-damage|p1b: Iron Hands|36\/100 brn|[from] brn\n|upkeep\n|turn|3\n|inactive|penghong has 30 seconds left.\n|c|\u2606penghong|no\uff0cin fact\uff0cim a Chinese\n|inactive|penghong has 20 seconds left.\n|inactive|penghong has 15 seconds left.\n|inactive|penghong has 10 seconds left.\n|\n|t:|1682524461\n|move|p2b: Flutter Mane|Protect|p2b: Flutter Mane\n|-singleturn|p2b: Flutter Mane|Protect\n|move|p2a: Arcanine|Protect|p2a: Arcanine\n|-singleturn|p2a: Arcanine|Protect\n|move|p1a: Iron Bundle|Hydro Pump|p2a: Arcanine\n|-activate|p2a: Arcanine|move: Protect\n|move|p1b: Iron Hands|Wild Charge|p2b: Flutter Mane\n|-activate|p2b: Flutter Mane|move: Protect\n|\n|-heal|p1b: Iron Hands|42\/100 brn|[from] item: Leftovers\n|-damage|p1b: Iron Hands|36\/100 brn|[from] brn\n|upkeep\n|turn|4\n|c|\u2606tiramisu wooper|to my knowledge he is chinese\n|\n|t:|1682524482\n|-terastallize|p2a: Arcanine|Grass\n|move|p1a: Iron Bundle|Hydro Pump|p2a: Arcanine|[miss]\n|-miss|p1a: Iron Bundle|p2a: Arcanine\n|move|p2b: Flutter Mane|Dazzling Gleam|p1b: Iron Hands|[spread] p1a,p1b\n|-supereffective|p1b: Iron Hands\n|-damage|p1a: Iron Bundle|21\/100\n|-damage|p1b: Iron Hands|0 fnt\n|faint|p1b: Iron Hands\n|-end|p1b: Iron Hands|Quark Drive|[silent]\n|-damage|p2b: Flutter Mane|58\/100|[from] item: Life Orb\n|move|p2a: Arcanine|Flare Blitz|p1a: Iron Bundle\n|-damage|p1a: Iron Bundle|0 fnt\n|faint|p1a: Iron Bundle\n|-end|p1a: Iron Bundle|Quark Drive|[silent]\n|-damage|p2a: Arcanine|56\/100|[from] Recoil\n|\n|upkeep\n|\n|t:|1682524496\n|switch|p1a: Palafin|Palafin-Hero, L50, M|38\/100\n|switch|p1b: Roaring Moon|Roaring Moon, L50|100\/100\n|-activate|p1a: Palafin|ability: Zero to Hero\n|-enditem|p1b: Roaring Moon|Booster Energy\n|-activate|p1b: Roaring Moon|ability: Protosynthesis|[fromitem]\n|-start|p1b: Roaring Moon|protosynthesisatk\n|turn|5\n|inactive|penghong has 30 seconds left.\n|inactive|penghong has 20 seconds left.\n|inactive|penghong has 15 seconds left.\n|inactive|penghong has 10 seconds left.\n|\n|t:|1682524542\n|switch|p2a: Ting-Lu|Ting-Lu, L50|100\/100\n|-ability|p2a: Ting-Lu|Vessel of Ruin\n|-terastallize|p1b: Roaring Moon|Flying\n|move|p2b: Flutter Mane|Dazzling Gleam|p1b: Roaring Moon|[spread] p1a,p1b\n|-damage|p1a: Palafin|2\/100\n|-damage|p1b: Roaring Moon|74\/100\n|-damage|p2b: Flutter Mane|49\/100|[from] item: Life Orb\n|move|p1a: Palafin|Wave Crash|p2b: Flutter Mane\n|-damage|p2b: Flutter Mane|0 fnt\n|faint|p2b: Flutter Mane\n|-end|p2b: Flutter Mane|Protosynthesis|[silent]\n|-damage|p1a: Palafin|0 fnt|[from] Recoil\n|faint|p1a: Palafin\n|move|p1b: Roaring Moon|Acrobatics|p2a: Ting-Lu\n|-damage|p2a: Ting-Lu|60\/100\n|\n|upkeep\n|\n|t:|1682524555\n|switch|p2b: Arcanine|Arcanine, L50, F, shiny, tera:Grass|56\/100\n|-ability|p2b: Arcanine|Intimidate|boost\n|-unboost|p1b: Roaring Moon|atk|1\n|turn|6\n|\n|t:|1682524573\n|move|p2b: Arcanine|Protect|p2b: Arcanine\n|-singleturn|p2b: Arcanine|Protect\n|move|p1b: Roaring Moon|Acrobatics|p2b: Arcanine\n|-activate|p2b: Arcanine|move: Protect\n|move|p2a: Ting-Lu|Ruination|p1b: Roaring Moon\n|-damage|p1b: Roaring Moon|37\/100\n|\n|upkeep\n|turn|7\n|\n|t:|1682524586\n|move|p2b: Arcanine|Extreme Speed|p1b: Roaring Moon\n|-damage|p1b: Roaring Moon|11\/100\n|move|p1b: Roaring Moon|Dragon Dance|p1b: Roaring Moon\n|-boost|p1b: Roaring Moon|atk|1\n|-boost|p1b: Roaring Moon|spe|1\n|move|p2a: Ting-Lu|Ruination|p1b: Roaring Moon\n|-damage|p1b: Roaring Moon|6\/100\n|\n|upkeep\n|turn|8\n|c|\u2606penghong|gg\n|\n|t:|1682524609\n|move|p2b: Arcanine|Extreme Speed|p1b: Roaring Moon\n|-damage|p1b: Roaring Moon|0 fnt\n|faint|p1b: Roaring Moon\n|-end|p1b: Roaring Moon|Protosynthesis|[silent]\n|\n|win|penghong\n|raw|tiramisu wooper's rating: 1116 → 1098<\/strong> (-18 for losing)\n|raw|penghong's rating: 1214 → 1232<\/strong> (+18 for winning)\n|l|\u2606tiramisu wooper\n","uploadtime":1682524623,"views":15,"p1id":"tiramisuwooper","p2id":"penghong","formatid":"gen9vgc2023regulationc","rating":1098,"private":0,"password":""}