{"id":"gen9vgc2023regulationc-1844948124","p1":"Can'tStopFalling","p2":"baygaleo","format":"[Gen 9] VGC 2023 Regulation C","log":"|j|\u2606Can'tStopFalling\n|j|\u2606baygaleo\n|t:|1681667151\n|gametype|doubles\n|player|p1|Can'tStopFalling|sabrina|1356\n|player|p2|baygaleo|roxie|1288\n|teamsize|p1|6\n|teamsize|p2|6\n|gen|9\n|tier|[Gen 9] VGC 2023 Regulation C\n|rated|\n|rule|Species Clause: Limit one of each Pok\u00e9mon\n|rule|Item Clause: Limit one of each item\n|clearpoke\n|poke|p1|Palafin, L50, F|\n|poke|p1|Amoonguss, L50, F|\n|poke|p1|Arcanine, L50, F|\n|poke|p1|Flutter Mane, L50|\n|poke|p1|Stonjourner, L50, M|\n|poke|p1|Farigiraf, L50, F|\n|poke|p2|Flutter Mane, L50|\n|poke|p2|Chien-Pao, L50|\n|poke|p2|Iron Hands, L50|\n|poke|p2|Amoonguss, L50, F|\n|poke|p2|Palafin, L50, M|\n|poke|p2|Corviknight, L50, M|\n|teampreview|4\n|\n|t:|1681667182\n|start\n|switch|p1a: Orange|Amoonguss, L50, F|100\/100\n|switch|p1b: Cherry|Farigiraf, L50, F, shiny|100\/100\n|switch|p2a: Iron Hands|Iron Hands, L50|100\/100\n|switch|p2b: Palafin|Palafin, L50, M|100\/100\n|turn|1\n|\n|t:|1681667192\n|detailschange|p2b: Palafin|Palafin-Hero, L50, M\n|switch|p2b: Amoonguss|Amoonguss, L50, F|100\/100\n|move|p1b: Cherry|Hyper Voice|p2a: Iron Hands|[spread] p2a,p2b\n|-damage|p2a: Iron Hands|78\/100\n|-damage|p2b: Amoonguss|77\/100\n|-enditem|p1b: Cherry|Throat Spray\n|-boost|p1b: Cherry|spa|1|[from] item: Throat Spray\n|move|p2a: Iron Hands|Swords Dance|p2a: Iron Hands\n|-boost|p2a: Iron Hands|atk|2\n|move|p1a: Orange|Spore|p2b: Amoonguss\n|-immune|p2b: Amoonguss\n|\n|upkeep\n|turn|2\n|\n|t:|1681667215\n|move|p1a: Orange|Rage Powder|p1a: Orange\n|-singleturn|p1a: Orange|move: Rage Powder\n|move|p1b: Cherry|Psyshock|p2a: Iron Hands\n|-supereffective|p2a: Iron Hands\n|-crit|p2a: Iron Hands\n|-damage|p2a: Iron Hands|0 fnt\n|faint|p2a: Iron Hands\n|-end|p2a: Iron Hands|Quark Drive|[silent]\n|move|p2b: Amoonguss|Spore|p1b: Cherry\n|-status|p1b: Cherry|slp|[from] move: Spore\n|\n|upkeep\n|\n|t:|1681667224\n|switch|p2a: Corviknight|Corviknight, L50, M|100\/100\n|turn|3\n|\n|t:|1681667232\n|cant|p1b: Cherry|slp\n|move|p1a: Orange|Protect|p1a: Orange\n|-singleturn|p1a: Orange|Protect\n|move|p2a: Corviknight|Brave Bird|p1a: Orange\n|-activate|p1a: Orange|move: Protect\n|move|p2b: Amoonguss|Pollen Puff|p1a: Orange\n|-activate|p1a: Orange|move: Protect\n|\n|upkeep\n|turn|4\n|\n|t:|1681667253\n|move|p2a: Corviknight|Brave Bird|p1a: Orange\n|-supereffective|p1a: Orange\n|-damage|p1a: Orange|40\/100\n|-enditem|p1a: Orange|Sitrus Berry|[eat]\n|-heal|p1a: Orange|65\/100|[from] item: Sitrus Berry\n|-damage|p2a: Corviknight|79\/100|[from] Recoil\n|cant|p1b: Cherry|slp\n|move|p2b: Amoonguss|Pollen Puff|p1a: Orange\n|-crit|p1a: Orange\n|-damage|p1a: Orange|43\/100\n|move|p1a: Orange|Pollen Puff|p1b: Cherry\n|-immune|p1b: Cherry\n|\n|-heal|p2a: Corviknight|85\/100|[from] item: Leftovers\n|upkeep\n|turn|5\n|inactive|Battle timer is ON: inactive players will automatically lose when time's up. (requested by baygaleo)\n|\n|t:|1681667269\n|move|p1a: Orange|Protect|p1a: Orange\n|-singleturn|p1a: Orange|Protect\n|move|p2a: Corviknight|Brave Bird|p1a: Orange\n|-activate|p1a: Orange|move: Protect\n|cant|p1b: Cherry|slp\n|move|p2b: Amoonguss|Spore|p1b: Cherry\n|-fail|p1b: Cherry|slp\n|\n|-heal|p2a: Corviknight|91\/100|[from] item: Leftovers\n|upkeep\n|turn|6\n|\n|t:|1681667284\n|switch|p2b: Palafin|Palafin-Hero, L50, M|100\/100\n|-activate|p2b: Palafin|ability: Zero to Hero\n|move|p2a: Corviknight|Brave Bird|p1a: Orange\n|-supereffective|p1a: Orange\n|-damage|p1a: Orange|0 fnt\n|faint|p1a: Orange\n|-damage|p2a: Corviknight|76\/100|[from] Recoil\n|-curestatus|p1b: Cherry|slp|[msg]\n|move|p1b: Cherry|Skill Swap|p2a: Corviknight\n|-activate|p1b: Cherry|move: Skill Swap|Mirror Armor|Armor Tail|[of] p2a: Corviknight\n|\n|-heal|p2a: Corviknight|81\/100|[from] item: Leftovers\n|upkeep\n|\n|t:|1681667291\n|switch|p1a: Banana|Arcanine, L50, F|100\/100\n|-ability|p1a: Banana|Intimidate|boost\n|-unboost|p2a: Corviknight|atk|1\n|-unboost|p2b: Palafin|atk|1\n|turn|7\n|\n|t:|1681667305\n|-terastallize|p1a: Banana|Flying\n|-terastallize|p2a: Corviknight|Water\n|move|p2b: Palafin|Wave Crash|p1a: Banana\n|-damage|p1a: Banana|32\/100\n|-damage|p2b: Palafin|79\/100|[from] Recoil\n|move|p1a: Banana|Will-O-Wisp|p2b: Palafin|[miss]\n|-miss|p1a: Banana|p2b: Palafin\n|move|p2a: Corviknight|Bulk Up|p2a: Corviknight\n|-boost|p2a: Corviknight|atk|1\n|-boost|p2a: Corviknight|def|1\n|move|p1b: Cherry|Skill Swap|p1a: Banana\n|-activate|p1b: Cherry|move: Skill Swap|||[of] p1a: Banana\n|-ability|p1b: Cherry|Intimidate|boost\n|-unboost|p2a: Corviknight|atk|1\n|-unboost|p2b: Palafin|atk|1\n|\n|-heal|p2a: Corviknight|87\/100|[from] item: Leftovers\n|upkeep\n|turn|8\n|inactive|baygaleo has 30 seconds left.\n|inactive|baygaleo has 20 seconds left.\n|\n|t:|1681667340\n|switch|p2b: Amoonguss|Amoonguss, L50, F|100\/100\n|move|p1a: Banana|Protect|p1a: Banana\n|-singleturn|p1a: Banana|Protect\n|move|p2a: Corviknight|Roost|p2a: Corviknight\n|-heal|p2a: Corviknight|100\/100\n|move|p1b: Cherry|Hyper Voice|p2b: Amoonguss|[spread] p2a,p2b\n|-damage|p2a: Corviknight|70\/100\n|-damage|p2b: Amoonguss|70\/100\n|\n|-heal|p2a: Corviknight|76\/100|[from] item: Leftovers\n|upkeep\n|turn|9\n|\n|t:|1681667360\n|move|p1a: Banana|Flare Blitz|p2b: Amoonguss\n|-supereffective|p2b: Amoonguss\n|-damage|p2b: Amoonguss|0 fnt\n|faint|p2b: Amoonguss\n|-damage|p1a: Banana|6\/100|[from] Recoil\n|move|p2a: Corviknight|Bulk Up|p2a: Corviknight\n|-boost|p2a: Corviknight|atk|1\n|-boost|p2a: Corviknight|def|1\n|move|p1b: Cherry|Psyshock|p2a: Corviknight\n|-damage|p2a: Corviknight|54\/100\n|\n|-heal|p2a: Corviknight|60\/100|[from] item: Leftovers\n|upkeep\n|\n|t:|1681667366\n|switch|p2b: Palafin|Palafin-Hero, L50, M|79\/100\n|turn|10\n|\n|t:|1681667376\n|move|p1a: Banana|Protect|p1a: Banana\n|-singleturn|p1a: Banana|Protect\n|move|p2b: Palafin|Jet Punch|p1a: Banana\n|-activate|p1a: Banana|move: Protect\n|move|p2a: Corviknight|Brave Bird|p1b: Cherry\n|-damage|p1b: Cherry|66\/100\n|-damage|p2a: Corviknight|47\/100|[from] Recoil\n|move|p1b: Cherry|Skill Swap|p2a: Corviknight\n|-activate|p1b: Cherry|move: Skill Swap|Armor Tail|Intimidate|[of] p2a: Corviknight\n|-ability|p2a: Corviknight|Intimidate|boost\n|-ability|p1a: Banana|Mirror Armor\n|-unboost|p2a: Corviknight|atk|1\n|-unboost|p1b: Cherry|atk|1\n|\n|-heal|p2a: Corviknight|53\/100|[from] item: Leftovers\n|upkeep\n|turn|11\n|inactive|Can'tStopFalling has 30 seconds left.\n|\n|t:|1681667405\n|switch|p1a: Passionfruit|Flutter Mane, L50|100\/100\n|-enditem|p1a: Passionfruit|Booster Energy\n|-activate|p1a: Passionfruit|ability: Protosynthesis|[fromitem]\n|-start|p1a: Passionfruit|protosynthesisspa\n|move|p2b: Palafin|Jet Punch||[still]\n|cant|p1b: Cherry|ability: Armor Tail|Jet Punch|[of] p2b: Palafin\n|move|p2a: Corviknight|Bulk Up|p2a: Corviknight\n|-boost|p2a: Corviknight|atk|1\n|-boost|p2a: Corviknight|def|1\n|move|p1b: Cherry|Hyper Voice|p2b: Palafin|[spread] p2a,p2b\n|-damage|p2a: Corviknight|20\/100\n|-damage|p2b: Palafin|39\/100\n|\n|-heal|p2a: Corviknight|26\/100|[from] item: Leftovers\n|upkeep\n|turn|12\n|-message|baygaleo forfeited.\n|\n|win|Can'tStopFalling\n|raw|Can'tStopFalling's rating: 1356 → 1372<\/strong> (+16 for winning)\n|raw|baygaleo's rating: 1288 → 1268<\/strong> (-20 for losing)\n|l|\u2606baygaleo\n","uploadtime":1681667421,"views":29,"p1id":"cantstopfalling","p2id":"baygaleo","formatid":"gen9vgc2023regulationc","rating":1268,"private":0,"password":""}