{"id":"gen9vgc2023regulationc-1855850712","p1":"gung hole","p2":"feegus","format":"[Gen 9] VGC 2023 Regulation C","log":"|j|\u203dgung hole\n|j|\u2606feegus\n|t:|1682991692\n|gametype|doubles\n|player|p1|gung hole|harlequin|1190\n|player|p2|feegus|169|1233\n|teamsize|p1|6\n|teamsize|p2|6\n|gen|9\n|tier|[Gen 9] VGC 2023 Regulation C\n|rated|\n|rule|Species Clause: Limit one of each Pok\u00e9mon\n|rule|Item Clause: Limit one of each item\n|clearpoke\n|poke|p1|Chi-Yu, L50|\n|poke|p1|Torkoal, L50, F|\n|poke|p1|Slither Wing, L50|\n|poke|p1|Flutter Mane, L50|\n|poke|p1|Amoonguss, L50, M|\n|poke|p1|Chien-Pao, L50|\n|poke|p2|Flutter Mane, L50|\n|poke|p2|Chi-Yu, L50|\n|poke|p2|Gyarados, L50, M|\n|poke|p2|Talonflame, L50, M|\n|poke|p2|Indeedee-F, L50, F|\n|poke|p2|Scream Tail, L50|\n|teampreview|4\n|inactive|Battle timer is ON: inactive players will automatically lose when time's up. (requested by feegus)\n|\n|t:|1682991712\n|start\n|switch|p1a: Chi-Yu|Chi-Yu, L50|100\/100\n|switch|p1b: Torkoal|Torkoal, L50, F|100\/100\n|switch|p2a: Flutter Mane|Flutter Mane, L50|100\/100\n|switch|p2b: Gyarados|Gyarados, L50, M|100\/100\n|-ability|p1a: Chi-Yu|Beads of Ruin\n|-ability|p2b: Gyarados|Intimidate|boost\n|-unboost|p1a: Chi-Yu|atk|1\n|-unboost|p1b: Torkoal|atk|1\n|-weather|SunnyDay|[from] ability: Drought|[of] p1b: Torkoal\n|-activate|p2a: Flutter Mane|ability: Protosynthesis\n|-start|p2a: Flutter Mane|protosynthesisspa\n|turn|1\n|inactive|feegus has 30 seconds left.\n|\n|t:|1682991738\n|-end|p2a: Flutter Mane|Protosynthesis|[silent]\n|switch|p2a: Talonflame|Talonflame, L50, M|100\/100\n|-terastallize|p1a: Chi-Yu|Fire\n|move|p1a: Chi-Yu|Heat Wave|p2a: Talonflame|[spread] p2a,p2b\n|-resisted|p2a: Talonflame\n|-resisted|p2b: Gyarados\n|-enditem|p2a: Talonflame|Focus Sash\n|-damage|p2a: Talonflame|1\/100\n|-damage|p2b: Gyarados|40\/100\n|move|p2b: Gyarados|Thunder Wave|p1a: Chi-Yu\n|-status|p1a: Chi-Yu|par\n|move|p1b: Torkoal|Eruption|p2a: Talonflame|[spread] p2a,p2b\n|-resisted|p2a: Talonflame\n|-resisted|p2b: Gyarados\n|-damage|p2a: Talonflame|0 fnt\n|-damage|p2b: Gyarados|2\/100\n|faint|p2a: Talonflame\n|\n|-weather|SunnyDay|[upkeep]\n|upkeep\n|\n|t:|1682991757\n|switch|p2a: Flutter Mane|Flutter Mane, L50|100\/100\n|-activate|p2a: Flutter Mane|ability: Protosynthesis\n|-start|p2a: Flutter Mane|protosynthesisspa\n|turn|2\n|\n|t:|1682991776\n|move|p2a: Flutter Mane|Shadow Ball|p1b: Torkoal\n|-damage|p1b: Torkoal|0 fnt\n|faint|p1b: Torkoal\n|move|p2b: Gyarados|Waterfall|p1a: Chi-Yu\n|-supereffective|p1a: Chi-Yu\n|-damage|p1a: Chi-Yu|40\/100 par\n|cant|p1a: Chi-Yu|flinch\n|\n|-weather|SunnyDay|[upkeep]\n|upkeep\n|\n|t:|1682991788\n|switch|p1b: Amoonguss|Amoonguss, L50, M|100\/100\n|turn|3\n|\n|t:|1682991799\n|-terastallize|p2a: Flutter Mane|Grass\n|move|p1b: Amoonguss|Rage Powder|p1b: Amoonguss\n|-singleturn|p1b: Amoonguss|move: Rage Powder\n|move|p2a: Flutter Mane|Shadow Ball|p1a: Chi-Yu\n|-damage|p1a: Chi-Yu|0 fnt\n|faint|p1a: Chi-Yu\n|move|p2b: Gyarados|Taunt|p1b: Amoonguss\n|-start|p1b: Amoonguss|move: Taunt\n|\n|-weather|SunnyDay|[upkeep]\n|upkeep\n|\n|t:|1682991805\n|switch|p1a: Slither Wing|Slither Wing, L50|100\/100\n|-activate|p1a: Slither Wing|ability: Protosynthesis\n|-start|p1a: Slither Wing|protosynthesisatk\n|turn|4\n|\n|t:|1682991813\n|-end|p2a: Flutter Mane|Protosynthesis|[silent]\n|switch|p2a: Chi-Yu|Chi-Yu, L50|100\/100\n|-ability|p2a: Chi-Yu|Beads of Ruin\n|move|p1a: Slither Wing|First Impression|p2a: Chi-Yu\n|-damage|p2a: Chi-Yu|0 fnt\n|faint|p2a: Chi-Yu\n|move|p2b: Gyarados|Thunder Wave|p1a: Slither Wing\n|-status|p1a: Slither Wing|par\n|move|p1b: Amoonguss|Pollen Puff|p2b: Gyarados\n|-resisted|p2b: Gyarados\n|-damage|p2b: Gyarados|0 fnt\n|faint|p2b: Gyarados\n|\n|-weather|SunnyDay|[upkeep]\n|upkeep\n|\n|t:|1682991823\n|switch|p2b: Flutter Mane|Flutter Mane, L50, tera:Grass|100\/100\n|-activate|p2b: Flutter Mane|ability: Protosynthesis\n|-start|p2b: Flutter Mane|protosynthesisspa\n|turn|5\n|\n|t:|1682991830\n|cant|p1a: Slither Wing|par\n|move|p2b: Flutter Mane|Dazzling Gleam|p1b: Amoonguss|[spread] p1a,p1b\n|-supereffective|p1a: Slither Wing\n|-resisted|p1b: Amoonguss\n|-damage|p1a: Slither Wing|0 fnt\n|-damage|p1b: Amoonguss|71\/100\n|faint|p1a: Slither Wing\n|-end|p1a: Slither Wing|Protosynthesis|[silent]\n|move|p1b: Amoonguss|Clear Smog|p2b: Flutter Mane\n|-supereffective|p2b: Flutter Mane\n|-damage|p2b: Flutter Mane|61\/100\n|-clearboost|p2b: Flutter Mane\n|\n|-weather|SunnyDay|[upkeep]\n|-heal|p1b: Amoonguss|77\/100|[from] item: Black Sludge\n|upkeep\n|turn|6\n|\n|t:|1682991843\n|move|p2b: Flutter Mane|Dazzling Gleam|p1b: Amoonguss\n|-resisted|p1b: Amoonguss\n|-damage|p1b: Amoonguss|39\/100\n|move|p1b: Amoonguss|Pollen Puff|p2b: Flutter Mane\n|-supereffective|p2b: Flutter Mane\n|-damage|p2b: Flutter Mane|12\/100\n|\n|-weather|SunnyDay|[upkeep]\n|-heal|p1b: Amoonguss|44\/100|[from] item: Black Sludge\n|-end|p1b: Amoonguss|move: Taunt\n|upkeep\n|turn|7\n|\n|t:|1682991848\n|move|p2b: Flutter Mane|Dazzling Gleam|p1b: Amoonguss\n|-resisted|p1b: Amoonguss\n|-damage|p1b: Amoonguss|3\/100\n|move|p1b: Amoonguss|Pollen Puff|p2b: Flutter Mane\n|-supereffective|p2b: Flutter Mane\n|-damage|p2b: Flutter Mane|0 fnt\n|faint|p2b: Flutter Mane\n|-end|p2b: Flutter Mane|Protosynthesis|[silent]\n|\n|win|gung hole\n|raw|gung hole's rating: 1190 → 1218<\/strong> (+28 for winning)\n|raw|feegus's rating: 1233 → 1205<\/strong> (-28 for losing)\n|l|\u2606feegus\n","uploadtime":1682991858,"views":18,"p1id":"gunghole","p2id":"feegus","formatid":"gen9vgc2023regulationc","rating":1205,"private":0,"password":""}