{"id":"gen9vgc2023regulationc-1855024725","p1":"Kenepa21","p2":"SisalVT","format":"[Gen 9] VGC 2023 Regulation C","log":"|j|\u2606Kenepa21\n|j|\u2606SisalVT\n|t:|1682892237\n|gametype|doubles\n|player|p1|Kenepa21|lucas|1442\n|player|p2|SisalVT|blue|1532\n|teamsize|p1|6\n|teamsize|p2|6\n|gen|9\n|tier|[Gen 9] VGC 2023 Regulation C\n|rated|\n|rule|Species Clause: Limit one of each Pok\u00e9mon\n|rule|Item Clause: Limit one of each item\n|clearpoke\n|poke|p1|Skeledirge, L50, M|\n|poke|p1|Maushold-Four, L50|\n|poke|p1|Azumarill, L50, M|\n|poke|p1|Roaring Moon, L50|\n|poke|p1|Iron Bundle, L50|\n|poke|p1|Corviknight, L50, F|\n|poke|p2|Dondozo, L50, F|\n|poke|p2|Tatsugiri-Droopy, L50, F|\n|poke|p2|Pelipper, L50, M|\n|poke|p2|Drednaw, L50, F|\n|poke|p2|Chien-Pao, L50|\n|poke|p2|Flutter Mane, L50|\n|teampreview|4\nKenepa21 has agreed to open team sheets.\nSisalVT has agreed to open team sheets.\n|\n|t:|1682892264\n|start\n|switch|p1a: Iron Bundle|Iron Bundle, L50|100\/100\n|switch|p1b: Azumarill|Azumarill, L50, M|100\/100\n|switch|p2a: Pelipper|Pelipper, L50, M|100\/100\n|switch|p2b: Drednaw|Drednaw, L50, F|100\/100\n|-weather|RainDance|[from] ability: Drizzle|[of] p2a: Pelipper\n|turn|1\n|\n|t:|1682892289\n|move|p2b: Drednaw|Rock Slide|p1a: Iron Bundle|[spread] p1a,p1b\n|-supereffective|p1a: Iron Bundle\n|-enditem|p1a: Iron Bundle|Focus Sash\n|-damage|p1a: Iron Bundle|1\/100\n|-damage|p1b: Azumarill|58\/100\n|move|p1a: Iron Bundle|Freeze-Dry|p2b: Drednaw\n|-supereffective|p2b: Drednaw\n|-damage|p2b: Drednaw|0 fnt\n|faint|p2b: Drednaw\n|move|p2a: Pelipper|Tailwind|p2a: Pelipper\n|-sidestart|p2: SisalVT|move: Tailwind\n|cant|p1b: Azumarill|flinch\n|\n|-weather|RainDance|[upkeep]\n|upkeep\n|\n|t:|1682892299\n|switch|p2b: Dondozo|Dondozo, L50, F|100\/100\n|turn|2\n|\n|t:|1682892321\n|-end|p1a: Iron Bundle|Quark Drive|[silent]\n|switch|p1a: Roaring Moon|Roaring Moon, L50|100\/100\n|-enditem|p1a: Roaring Moon|Booster Energy\n|-activate|p1a: Roaring Moon|ability: Protosynthesis|[fromitem]\n|-start|p1a: Roaring Moon|protosynthesisspe\n|switch|p2a: Tatsugiri|Tatsugiri-Droopy, L50, F, shiny|100\/100\n|-activate|p2a: Tatsugiri|ability: Commander|[of] p2b: Dondozo\n|-boost|p2b: Dondozo|atk|2\n|-boost|p2b: Dondozo|spa|2\n|-boost|p2b: Dondozo|spe|2\n|-boost|p2b: Dondozo|def|2\n|-boost|p2b: Dondozo|spd|2\n|move|p2b: Dondozo|Surf|p1b: Azumarill|[spread] p1a,p1b\n|-miss|p2b: Dondozo|p2a: Tatsugiri\n|-resisted|p1a: Roaring Moon\n|-crit|p1a: Roaring Moon\n|-resisted|p1b: Azumarill\n|-damage|p1a: Roaring Moon|35\/100\n|-damage|p1b: Azumarill|28\/100\n|-damage|p2b: Dondozo|91\/100|[from] item: Life Orb\n|move|p1b: Azumarill|Play Rough|p2b: Dondozo\n|-damage|p2b: Dondozo|71\/100\n|\n|-weather|RainDance|[upkeep]\n|upkeep\n|turn|3\n|\n|t:|1682892347\n|move|p1a: Roaring Moon|Protect|p1a: Roaring Moon\n|-singleturn|p1a: Roaring Moon|Protect\n|move|p2b: Dondozo|Surf|p1a: Roaring Moon|[spread] p1b\n|-miss|p2b: Dondozo|p2a: Tatsugiri\n|-activate|p1a: Roaring Moon|move: Protect\n|-resisted|p1b: Azumarill\n|-damage|p1b: Azumarill|0 fnt\n|faint|p1b: Azumarill\n|-damage|p2b: Dondozo|61\/100|[from] item: Life Orb\n|\n|-weather|RainDance|[upkeep]\n|upkeep\n|\n|t:|1682892368\n|switch|p1b: Skeledirge|Skeledirge, L50, M|100\/100\n|turn|4\n|\n|t:|1682892376\n|-terastallize|p1b: Skeledirge|Water\n|move|p2b: Dondozo|Wave Crash|p1a: Roaring Moon\n|-resisted|p1a: Roaring Moon\n|-damage|p1a: Roaring Moon|0 fnt\n|faint|p1a: Roaring Moon\n|-end|p1a: Roaring Moon|Protosynthesis|[silent]\n|-damage|p2b: Dondozo|52\/100|[from] Recoil\n|-damage|p2b: Dondozo|42\/100|[from] item: Life Orb\n|move|p1b: Skeledirge|Torch Song|p2b: Dondozo\n|-resisted|p2b: Dondozo\n|-damage|p2b: Dondozo|32\/100\n|-boost|p1b: Skeledirge|spa|1\n|-enditem|p1b: Skeledirge|Throat Spray\n|-boost|p1b: Skeledirge|spa|1|[from] item: Throat Spray\n|\n|-weather|RainDance|[upkeep]\n|-sideend|p2: SisalVT|move: Tailwind\n|upkeep\n|\n|t:|1682892389\n|switch|p1a: Iron Bundle|Iron Bundle, L50|1\/100\n|turn|5\n|\n|t:|1682892399\n|move|p1a: Iron Bundle|Protect|p1a: Iron Bundle\n|-singleturn|p1a: Iron Bundle|Protect\n|move|p2b: Dondozo|Surf|p1b: Skeledirge|[spread] p1b\n|-miss|p2b: Dondozo|p2a: Tatsugiri\n|-activate|p1a: Iron Bundle|move: Protect\n|-resisted|p1b: Skeledirge\n|-damage|p1b: Skeledirge|80\/100\n|-damage|p2b: Dondozo|23\/100|[from] item: Life Orb\n|move|p1b: Skeledirge|Torch Song|p2b: Dondozo\n|-resisted|p2b: Dondozo\n|-damage|p2b: Dondozo|13\/100\n|-boost|p1b: Skeledirge|spa|1\n|\n|-weather|RainDance|[upkeep]\n|upkeep\n|turn|6\n|\n|t:|1682892417\n|move|p1a: Iron Bundle|Freeze-Dry|p2b: Dondozo\n|-supereffective|p2b: Dondozo\n|-damage|p2b: Dondozo|0 fnt\n|faint|p2b: Dondozo\n|move|p1b: Skeledirge|Shadow Ball|p2a: Tatsugiri\n|-damage|p2a: Tatsugiri|0 fnt\n|faint|p2a: Tatsugiri\n|\n|-weather|RainDance|[upkeep]\n|upkeep\n|\n|t:|1682892424\n|switch|p2b: Pelipper|Pelipper, L50, M|100\/100\n|turn|7\n|\n|t:|1682892431\n|move|p2b: Pelipper|Quick Attack|p1a: Iron Bundle\n|-damage|p1a: Iron Bundle|0 fnt\n|faint|p1a: Iron Bundle\n|-end|p1a: Iron Bundle|Quark Drive|[silent]\n|move|p1b: Skeledirge|Shadow Ball|p2b: Pelipper\n|-damage|p2b: Pelipper|0 fnt\n|faint|p2b: Pelipper\n|\n|win|Kenepa21\n|raw|Kenepa21's rating: 1442 → 1467<\/strong> (+25 for winning)\n|raw|SisalVT's rating: 1532 → 1507<\/strong> (-25 for losing)\n|l|\u2606SisalVT\n","uploadtime":1682892445,"views":14,"p1id":"kenepa21","p2id":"sisalvt","formatid":"gen9vgc2023regulationc","rating":1467,"private":0,"password":""}