{"id":"gen9vgc2023regulationc-1850686568","p1":"Shnipe_Cizy","p2":"0l0f3rn3","format":"[Gen 9] VGC 2023 Regulation C","log":"|j|\u2606Shnipe_Cizy\n|j|\u26060l0f3rn3\n|t:|1682359099\n|gametype|doubles\n|player|p1|Shnipe_Cizy|ghetsis|1261\n|player|p2|0l0f3rn3|102|1321\n|teamsize|p1|6\n|teamsize|p2|6\n|gen|9\n|tier|[Gen 9] VGC 2023 Regulation C\n|rated|\n|rule|Species Clause: Limit one of each Pok\u00e9mon\n|rule|Item Clause: Limit one of each item\n|clearpoke\n|poke|p1|Great Tusk, L50|\n|poke|p1|Flutter Mane, L50|\n|poke|p1|Iron Bundle, L50|\n|poke|p1|Talonflame, L50, F|\n|poke|p1|Tyranitar, L50, M|\n|poke|p1|Gyarados, L50, F|\n|poke|p2|Torkoal, L50, M|\n|poke|p2|Flutter Mane, L50|\n|poke|p2|Lilligant, L50, F|\n|poke|p2|Chien-Pao, L50|\n|poke|p2|Brute Bonnet, L50|\n|poke|p2|Farigiraf, L50, F|\n|teampreview|4\nShnipe_Cizy has agreed to open team sheets.\n0l0f3rn3 has agreed to open team sheets.\n|\n|t:|1682359136\n|start\n|switch|p1a: Flutter Mane|Flutter Mane, L50|100\/100\n|switch|p1b: Talonflame|Talonflame, L50, F|100\/100\n|switch|p2a: Brute Bonnet|Brute Bonnet, L50|100\/100\n|switch|p2b: Farigiraf|Farigiraf, L50, F|100\/100\n|-enditem|p1a: Flutter Mane|Booster Energy\n|-activate|p1a: Flutter Mane|ability: Protosynthesis|[fromitem]\n|-start|p1a: Flutter Mane|protosynthesisspa\n|turn|1\n|\n|t:|1682359173\n|switch|p1b: Tyranitar|Tyranitar, L50, M|100\/100\n|-weather|Sandstorm|[from] ability: Sand Stream|[of] p1b: Tyranitar\n|-terastallize|p1a: Flutter Mane|Fairy\n|-terastallize|p2a: Brute Bonnet|Rock\n|move|p1a: Flutter Mane|Moonblast|p2a: Brute Bonnet\n|-damage|p2a: Brute Bonnet|50\/100\n|move|p2a: Brute Bonnet|Tera Blast|p1b: Tyranitar\n|-damage|p1b: Tyranitar|60\/100\n|move|p2b: Farigiraf|Trick Room|p2b: Farigiraf\n|-fieldstart|move: Trick Room|[of] p2b: Farigiraf\n|\n|-weather|Sandstorm|[upkeep]\n|-damage|p2b: Farigiraf|94\/100|[from] Sandstorm\n|-damage|p1a: Flutter Mane|94\/100|[from] Sandstorm\n|upkeep\n|turn|2\n|\n|t:|1682359203\n|move|p1a: Flutter Mane|Protect|p1a: Flutter Mane\n|-singleturn|p1a: Flutter Mane|Protect\n|move|p2a: Brute Bonnet|Close Combat|p1b: Tyranitar\n|-supereffective|p1b: Tyranitar\n|-damage|p1b: Tyranitar|0 fnt\n|-unboost|p2a: Brute Bonnet|def|1\n|-unboost|p2a: Brute Bonnet|spd|1\n|faint|p1b: Tyranitar\n|move|p2b: Farigiraf|Psyshock|p1a: Flutter Mane\n|-activate|p1a: Flutter Mane|move: Protect\n|\n|-weather|Sandstorm|[upkeep]\n|-damage|p2b: Farigiraf|88\/100|[from] Sandstorm\n|-damage|p1a: Flutter Mane|88\/100|[from] Sandstorm\n|upkeep\n|\n|t:|1682359210\n|switch|p1b: Great Tusk|Great Tusk, L50|100\/100\n|turn|3\n|\n|t:|1682359230\n|move|p2a: Brute Bonnet|Tera Blast|p1a: Flutter Mane\n|-damage|p1a: Flutter Mane|11\/100\n|move|p2b: Farigiraf|Psyshock|p1b: Great Tusk\n|-supereffective|p1b: Great Tusk\n|-damage|p1b: Great Tusk|52\/100\n|move|p1b: Great Tusk|Headlong Rush|p2a: Brute Bonnet\n|-supereffective|p2a: Brute Bonnet\n|-damage|p2a: Brute Bonnet|0 fnt\n|-unboost|p1b: Great Tusk|def|1\n|-unboost|p1b: Great Tusk|spd|1\n|faint|p2a: Brute Bonnet\n|-end|p2a: Brute Bonnet|Protosynthesis|[silent]\n|-damage|p1b: Great Tusk|42\/100|[from] item: Life Orb\n|move|p1a: Flutter Mane|Moonblast|p2b: Farigiraf\n|-damage|p2b: Farigiraf|8\/100\n|-unboost|p2b: Farigiraf|spa|1\n|\n|-weather|Sandstorm|[upkeep]\n|-damage|p2b: Farigiraf|2\/100|[from] Sandstorm\n|-damage|p1a: Flutter Mane|5\/100|[from] Sandstorm\n|upkeep\n|\n|t:|1682359247\n|switch|p2a: Torkoal|Torkoal, L50, M|100\/100\n|-weather|SunnyDay|[from] ability: Drought|[of] p2a: Torkoal\n|-activate|p1b: Great Tusk|ability: Protosynthesis\n|-start|p1b: Great Tusk|protosynthesisatk\n|turn|4\n|\n|t:|1682359264\n|move|p2b: Farigiraf|Protect|p2b: Farigiraf\n|-singleturn|p2b: Farigiraf|Protect\n|move|p1b: Great Tusk|Protect|p1b: Great Tusk\n|-singleturn|p1b: Great Tusk|Protect\n|move|p1a: Flutter Mane|Protect|p1a: Flutter Mane\n|-singleturn|p1a: Flutter Mane|Protect\n|move|p2a: Torkoal|Eruption|p1b: Great Tusk|[spread] \n|-activate|p1a: Flutter Mane|move: Protect\n|-activate|p1b: Great Tusk|move: Protect\n|\n|-weather|SunnyDay|[upkeep]\n|upkeep\n|turn|5\n|\n|t:|1682359278\n|switch|p2b: Flutter Mane|Flutter Mane, L50|100\/100\n|-activate|p2b: Flutter Mane|ability: Protosynthesis\n|-start|p2b: Flutter Mane|protosynthesisspa\n|-end|p1b: Great Tusk|Protosynthesis|[silent]\n|switch|p1b: Talonflame|Talonflame, L50, F|100\/100\n|move|p1a: Flutter Mane|Protect||[still]\n|-fail|p1a: Flutter Mane\n|move|p2a: Torkoal|Eruption|p1b: Talonflame|[spread] p1a,p1b\n|-resisted|p1b: Talonflame\n|-damage|p1a: Flutter Mane|0 fnt\n|-damage|p1b: Talonflame|55\/100\n|faint|p1a: Flutter Mane\n|-end|p1a: Flutter Mane|Protosynthesis|[silent]\n|\n|-weather|SunnyDay|[upkeep]\n|-fieldend|move: Trick Room\n|upkeep\n|\n|t:|1682359288\n|switch|p1a: Great Tusk|Great Tusk, L50|42\/100\n|-activate|p1a: Great Tusk|ability: Protosynthesis\n|-start|p1a: Great Tusk|protosynthesisatk\n|turn|6\n|\n|t:|1682359330\n|move|p1a: Great Tusk|Protect|p1a: Great Tusk\n|-singleturn|p1a: Great Tusk|Protect\n|move|p1b: Talonflame|Tailwind|p1b: Talonflame\n|-sidestart|p1: Shnipe_Cizy|move: Tailwind\n|move|p2b: Flutter Mane|Dazzling Gleam|p1b: Talonflame|[spread] p1b\n|-activate|p1a: Great Tusk|move: Protect\n|-resisted|p1b: Talonflame\n|-damage|p1b: Talonflame|11\/100\n|move|p2a: Torkoal|Eruption|p1b: Talonflame|[spread] p1b\n|-activate|p1a: Great Tusk|move: Protect\n|-resisted|p1b: Talonflame\n|-damage|p1b: Talonflame|0 fnt\n|faint|p1b: Talonflame\n|\n|-weather|SunnyDay|[upkeep]\n|upkeep\n|turn|7\n|\n|t:|1682359348\n|move|p1a: Great Tusk|Earthquake|p2b: Flutter Mane|[spread] p2a,p2b\n|-supereffective|p2a: Torkoal\n|-damage|p2a: Torkoal|0 fnt\n|-damage|p2b: Flutter Mane|0 fnt\n|faint|p2a: Torkoal\n|faint|p2b: Flutter Mane\n|-end|p2b: Flutter Mane|Protosynthesis|[silent]\n|-damage|p1a: Great Tusk|32\/100|[from] item: Life Orb\n|\n|-weather|SunnyDay|[upkeep]\n|upkeep\n|-message|0l0f3rn3 forfeited.\n|\n|win|Shnipe_Cizy\n|raw|Shnipe_Cizy's rating: 1261 → 1290<\/strong> (+29 for winning)\n|raw|0l0f3rn3's rating: 1321 → 1298<\/strong> (-23 for losing)\n|l|\u26060l0f3rn3\n","uploadtime":1682359377,"views":18,"p1id":"shnipecizy","p2id":"0l0f3rn3","formatid":"gen9vgc2023regulationc","rating":1290,"private":0,"password":""}