{"id":"gen9vgc2023regulationc-1863478472","p1":"cyberhex","p2":"RIPTheDollarMenu","format":"[Gen 9] VGC 2023 Regulation C","log":"|j|\u2606cyberhex\n|j|\u2606RIPTheDollarMenu\n|t:|1684022793\n|gametype|doubles\n|player|p1|cyberhex|1|1415\n|player|p2|RIPTheDollarMenu|waiter-gen4|1423\n|teamsize|p1|6\n|teamsize|p2|6\n|gen|9\n|tier|[Gen 9] VGC 2023 Regulation C\n|rated|\n|rule|Species Clause: Limit one of each Pok\u00e9mon\n|rule|Item Clause: Limit one of each item\n|clearpoke\n|poke|p1|Abomasnow, L50, F|\n|poke|p1|Iron Bundle, L50|\n|poke|p1|Great Tusk, L50|\n|poke|p1|Flutter Mane, L50|\n|poke|p1|Murkrow, L50, M|\n|poke|p1|Chi-Yu, L50|\n|poke|p2|Tyranitar, L50, M|\n|poke|p2|Garchomp, L50, F|\n|poke|p2|Scream Tail, L50|\n|poke|p2|Corviknight, L50, F|\n|poke|p2|Gyarados, L50, M|\n|poke|p2|Iron Hands, L50|\n|teampreview|4\n|inactive|Battle timer is ON: inactive players will automatically lose when time's up. (requested by cyberhex)\n|inactive|cyberhex has 60 seconds left.\n|inactive|RIPTheDollarMenu has 60 seconds left.\n|\n|t:|1684022839\n|start\n|switch|p1a: Murkrow|Murkrow, L50, M|100\/100\n|switch|p1b: Great Tusk|Great Tusk, L50|100\/100\n|switch|p2a: Beholder|Scream Tail, L50, shiny|100\/100\n|switch|p2b: Genie|Iron Hands, L50, shiny|100\/100\n|-enditem|p2a: Beholder|Booster Energy\n|-activate|p2a: Beholder|ability: Protosynthesis|[fromitem]\n|-start|p2a: Beholder|protosynthesisspe\n|turn|1\n|inactive|cyberhex has 30 seconds left.\n|inactive|RIPTheDollarMenu has 30 seconds left.\n|\n|t:|1684022869\n|move|p2b: Genie|Fake Out|p1b: Great Tusk\n|-damage|p1b: Great Tusk|89\/100\n|move|p1a: Murkrow|Sunny Day|p1a: Murkrow\n|-weather|SunnyDay\n|-activate|p1b: Great Tusk|ability: Protosynthesis\n|-start|p1b: Great Tusk|protosynthesisatk\n|move|p2a: Beholder|Dazzling Gleam|p1a: Murkrow|[spread] p1a,p1b\n|-supereffective|p1a: Murkrow\n|-supereffective|p1b: Great Tusk\n|-damage|p1a: Murkrow|65\/100\n|-damage|p1b: Great Tusk|37\/100\n|cant|p1b: Great Tusk|flinch\n|\n|-weather|SunnyDay|[upkeep]\n|upkeep\n|turn|2\n|inactive|RIPTheDollarMenu has 30 seconds left.\n|\n|t:|1684022904\n|-end|p2b: Genie|Quark Drive|[silent]\n|switch|p2b: Leviathan|Gyarados, L50, M|100\/100\n|-ability|p2b: Leviathan|Intimidate|boost\n|-unboost|p1a: Murkrow|atk|1\n|-unboost|p1b: Great Tusk|atk|1\n|move|p1a: Murkrow|Tailwind|p1a: Murkrow\n|-sidestart|p1: cyberhex|move: Tailwind\n|move|p1b: Great Tusk|Earthquake|p2a: Beholder|[spread] p2a\n|-immune|p1a: Murkrow\n|-immune|p2b: Leviathan\n|-damage|p2a: Beholder|75\/100\n|move|p2a: Beholder|Dazzling Gleam|p1a: Murkrow|[spread] p1a,p1b\n|-supereffective|p1a: Murkrow\n|-supereffective|p1b: Great Tusk\n|-damage|p1a: Murkrow|31\/100\n|-damage|p1b: Great Tusk|0 fnt\n|faint|p1b: Great Tusk\n|-end|p1b: Great Tusk|Protosynthesis|[silent]\n|\n|-weather|SunnyDay|[upkeep]\n|upkeep\n|j| maverick8\n|\n|t:|1684022919\n|switch|p1b: Iron Bundle|Iron Bundle, L50|100\/100\n|turn|3\n|\n|t:|1684022943\n|switch|p1a: Abomasnow|Abomasnow, L50, F|100\/100\n|-weather|Snow|[from] ability: Snow Warning|[of] p1a: Abomasnow\n|-terastallize|p1b: Iron Bundle|Ice\n|move|p2b: Leviathan|Protect|p2b: Leviathan\n|-singleturn|p2b: Leviathan|Protect\n|move|p1b: Iron Bundle|Blizzard|p2b: Leviathan|[spread] p2a\n|-activate|p2b: Leviathan|move: Protect\n|-damage|p2a: Beholder|15\/100\n|move|p2a: Beholder|Thunder Wave|p1b: Iron Bundle\n|-status|p1b: Iron Bundle|par\n|\n|-weather|Snow|[upkeep]\n|upkeep\n|turn|4\n|inactive|RIPTheDollarMenu has 30 seconds left.\n|\n|t:|1684022969\n|-end|p2a: Beholder|Protosynthesis|[silent]\n|switch|p2a: Tarrasque|Tyranitar, L50, M, shiny|100\/100\n|-weather|Sandstorm|[from] ability: Sand Stream|[of] p2a: Tarrasque\n|cant|p1b: Iron Bundle|par\n|move|p1a: Abomasnow|Blizzard|p2a: Tarrasque|[spread] p2b\n|-miss|p1a: Abomasnow|p2a: Tarrasque\n|-damage|p2b: Leviathan|72\/100\n|move|p2b: Leviathan|Taunt|p1a: Abomasnow\n|-start|p1a: Abomasnow|move: Taunt\n|\n|-weather|Sandstorm|[upkeep]\n|-damage|p1b: Iron Bundle|94\/100 par|[from] Sandstorm\n|-damage|p1a: Abomasnow|94\/100|[from] Sandstorm\n|-damage|p2b: Leviathan|66\/100|[from] Sandstorm\n|-heal|p2b: Leviathan|72\/100|[from] item: Leftovers\n|upkeep\n|turn|5\n|inactive|RIPTheDollarMenu has 30 seconds left.\n|\n|t:|1684022994\n|switch|p1a: Murkrow|Murkrow, L50, M|31\/100\n|switch|p2b: Beholder|Scream Tail, L50, shiny|15\/100\n|move|p2a: Tarrasque|Protect|p2a: Tarrasque\n|-singleturn|p2a: Tarrasque|Protect\n|move|p1b: Iron Bundle|Blizzard|p2b: Beholder|[spread] \n|-activate|p2a: Tarrasque|move: Protect\n|-miss|p1b: Iron Bundle|p2b: Beholder\n|\n|-weather|Sandstorm|[upkeep]\n|-damage|p1a: Murkrow|25\/100|[from] Sandstorm\n|-damage|p1b: Iron Bundle|88\/100 par|[from] Sandstorm\n|-damage|p2b: Beholder|9\/100|[from] Sandstorm\n|-sideend|p1: cyberhex|move: Tailwind\n|upkeep\n|turn|6\n|\n|t:|1684023015\n|-end|p1b: Iron Bundle|Quark Drive|[silent]\n|switch|p1b: Abomasnow|Abomasnow, L50, F|94\/100\n|-weather|Snow|[from] ability: Snow Warning|[of] p1b: Abomasnow\n|move|p1a: Murkrow|Tailwind|p1a: Murkrow\n|-sidestart|p1: cyberhex|move: Tailwind\n|move|p2b: Beholder|Dazzling Gleam|p1b: Abomasnow|[spread] p1a,p1b\n|-supereffective|p1a: Murkrow\n|-damage|p1a: Murkrow|0 fnt\n|-damage|p1b: Abomasnow|78\/100\n|faint|p1a: Murkrow\n|move|p2a: Tarrasque|Rock Slide|p1b: Abomasnow\n|-supereffective|p1b: Abomasnow\n|-damage|p1b: Abomasnow|9\/100\n|\n|-weather|Snow|[upkeep]\n|upkeep\n|\n|t:|1684023027\n|switch|p1a: Iron Bundle|Iron Bundle, L50, tera:Ice|88\/100 par\n|turn|7\n|\n|t:|1684023037\n|switch|p2a: Leviathan|Gyarados, L50, M|72\/100\n|-ability|p2a: Leviathan|Intimidate|boost\n|-unboost|p1a: Iron Bundle|atk|1\n|-unboost|p1b: Abomasnow|atk|1\n|move|p1b: Abomasnow|Helping Hand|p1a: Iron Bundle\n|-singleturn|p1a: Iron Bundle|Helping Hand|[of] p1b: Abomasnow\n|move|p1a: Iron Bundle|Blizzard|p2b: Beholder|[spread] p2a,p2b\n|-damage|p2a: Leviathan|0 fnt\n|-damage|p2b: Beholder|0 fnt\n|faint|p2a: Leviathan\n|faint|p2b: Beholder\n|-end|p2b: Beholder|Protosynthesis|[silent]\n|\n|-weather|Snow|[upkeep]\n|upkeep\n|\n|t:|1684023048\n|switch|p2b: Tarrasque|Tyranitar, L50, M, shiny|100\/100\n|switch|p2a: Genie|Iron Hands, L50, shiny|100\/100\n|-weather|Sandstorm|[from] ability: Sand Stream|[of] p2b: Tarrasque\n|turn|8\n|c|\u2606cyberhex|gg\n|c|\u2606RIPTheDollarMenu|gg!\n|inactive|RIPTheDollarMenu has 30 seconds left.\n|\n|t:|1684023078\n|-terastallize|p2b: Tarrasque|Rock\n|move|p2a: Genie|Fake Out|p1a: Iron Bundle\n|-damage|p1a: Iron Bundle|70\/100 par\n|cant|p1a: Iron Bundle|flinch\n|move|p1b: Abomasnow|Blizzard|p2b: Tarrasque|[spread] p2a\n|-miss|p1b: Abomasnow|p2b: Tarrasque\n|-damage|p2a: Genie|69\/100\n|move|p2b: Tarrasque|Rock Slide|p1a: Iron Bundle|[spread] p1a,p1b\n|-supereffective|p1a: Iron Bundle\n|-supereffective|p1b: Abomasnow\n|-crit|p1b: Abomasnow\n|-damage|p1a: Iron Bundle|0 fnt\n|-damage|p1b: Abomasnow|0 fnt\n|faint|p1a: Iron Bundle\n|-end|p1a: Iron Bundle|Quark Drive|[silent]\n|faint|p1b: Abomasnow\n|\n|win|RIPTheDollarMenu\n|raw|cyberhex's rating: 1415 → 1395<\/strong> (-20 for losing)\n|raw|RIPTheDollarMenu's rating: 1423 → 1443<\/strong> (+20 for winning)\n|l|\u2606cyberhex\n","uploadtime":1684023123,"views":10,"p1id":"cyberhex","p2id":"ripthedollarmenu","formatid":"gen9vgc2023regulationc","rating":1395,"private":0,"password":""}