{"id":"gen9vgc2023regulationc-1851624022","p1":"BroDontFuckWithMe","p2":"PandaPat75","format":"[Gen 9] VGC 2023 Regulation C","log":"|j|\u2606BroDontFuckWithMe\n|j|\u2606PandaPat75\n|t:|1682462490\n|gametype|doubles\n|player|p1|BroDontFuckWithMe|265|1709\n|player|p2|PandaPat75|crasherwake|1641\n|teamsize|p1|6\n|teamsize|p2|6\n|gen|9\n|tier|[Gen 9] VGC 2023 Regulation C\n|rated|\n|rule|Species Clause: Limit one of each Pok\u00e9mon\n|rule|Item Clause: Limit one of each item\n|clearpoke\n|poke|p1|Great Tusk, L50|\n|poke|p1|Amoonguss, L50, F|\n|poke|p1|Tyranitar, L50, F|\n|poke|p1|Iron Bundle, L50|\n|poke|p1|Talonflame, L50, M|\n|poke|p1|Gholdengo, L50|\n|poke|p2|Dondozo, L50, M|\n|poke|p2|Tatsugiri, L50, M|\n|poke|p2|Chi-Yu, L50|\n|poke|p2|Glimmora, L50, F|\n|poke|p2|Gothitelle, L50, F|\n|poke|p2|Baxcalibur, L50, F|\n|teampreview|4\n|inactive|Battle timer is ON: inactive players will automatically lose when time's up. (requested by BroDontFuckWithMe)\n|\n|t:|1682462520\n|start\n|switch|p1a: Iron Bundle|Iron Bundle, L50|100\/100\n|switch|p1b: Gholdengo|Gholdengo, L50|100\/100\n|switch|p2a: Gothitelle|Gothitelle, L50, F, shiny|100\/100\n|switch|p2b: Chi-Yu|Chi-Yu, L50|100\/100\n|-ability|p2b: Chi-Yu|Beads of Ruin\n|-enditem|p1a: Iron Bundle|Booster Energy\n|-activate|p1a: Iron Bundle|ability: Quark Drive|[fromitem]\n|-start|p1a: Iron Bundle|quarkdrivespe\n|turn|1\n|\n|t:|1682462532\n|-terastallize|p1a: Iron Bundle|Ghost\n|move|p2a: Gothitelle|Fake Out|p1a: Iron Bundle\n|-immune|p1a: Iron Bundle\n|move|p1a: Iron Bundle|Hydro Pump|p2b: Chi-Yu\n|-supereffective|p2b: Chi-Yu\n|-enditem|p2b: Chi-Yu|Focus Sash\n|-damage|p2b: Chi-Yu|1\/100\n|move|p2b: Chi-Yu|Heat Wave|p1a: Iron Bundle|[spread] p1a\n|-miss|p2b: Chi-Yu|p1b: Gholdengo\n|-damage|p1a: Iron Bundle|0 fnt\n|faint|p1a: Iron Bundle\n|-end|p1a: Iron Bundle|Quark Drive|[silent]\n|move|p1b: Gholdengo|Shadow Ball|p2a: Gothitelle\n|-supereffective|p2a: Gothitelle\n|-enditem|p2a: Gothitelle|Kasib Berry|[eat]\n|-enditem|p2a: Gothitelle|Kasib Berry|[weaken]\n|-damage|p2a: Gothitelle|52\/100\n|-unboost|p2a: Gothitelle|spd|1\n|\n|upkeep\n|\n|t:|1682462539\n|switch|p1a: Great Tusk|Great Tusk, L50|100\/100\n|turn|2\n|\n|t:|1682462551\n|move|p1a: Great Tusk|Rock Slide|p2b: Chi-Yu|[spread] p2a,p2b\n|-supereffective|p2b: Chi-Yu\n|-damage|p2a: Gothitelle|32\/100\n|-damage|p2b: Chi-Yu|0 fnt\n|faint|p2b: Chi-Yu\n|move|p1b: Gholdengo|Shadow Ball|p2a: Gothitelle\n|-supereffective|p2a: Gothitelle\n|-damage|p2a: Gothitelle|0 fnt\n|faint|p2a: Gothitelle\n|\n|upkeep\n|\n|t:|1682462554\n|switch|p2b: Dondozo|Dondozo, L50, M|100\/100\n|switch|p2a: Tatsugiri|Tatsugiri, L50, M|100\/100\n|-activate|p2a: Tatsugiri|ability: Commander|[of] p2b: Dondozo\n|-boost|p2b: Dondozo|atk|2\n|-boost|p2b: Dondozo|spa|2\n|-boost|p2b: Dondozo|spe|2\n|-boost|p2b: Dondozo|def|2\n|-boost|p2b: Dondozo|spd|2\n|turn|3\n|\n|t:|1682462561\n|-end|p1a: Great Tusk|Protosynthesis|[silent]\n|switch|p1a: Amoonguss|Amoonguss, L50, F|100\/100\n|move|p1b: Gholdengo|Protect|p1b: Gholdengo\n|-singleturn|p1b: Gholdengo|Protect\n|move|p2b: Dondozo|Wave Crash|p1b: Gholdengo\n|-activate|p1b: Gholdengo|move: Protect\n|\n|upkeep\n|turn|4\n|\n|t:|1682462576\n|move|p2b: Dondozo|Substitute|p2b: Dondozo\n|-start|p2b: Dondozo|Substitute\n|-damage|p2b: Dondozo|75\/100\n|move|p1b: Gholdengo|Nasty Plot|p1b: Gholdengo\n|-boost|p1b: Gholdengo|spa|2\n|move|p1a: Amoonguss|Clear Smog|p2b: Dondozo\n|-activate|p2b: Dondozo|move: Substitute|[damage]\n|\n|-heal|p2b: Dondozo|82\/100|[from] item: Leftovers\n|upkeep\n|turn|5\n|\n|t:|1682462589\n|move|p2b: Dondozo|Protect|p2b: Dondozo\n|-singleturn|p2b: Dondozo|Protect\n|move|p1b: Gholdengo|Shadow Ball|p2b: Dondozo\n|-activate|p2b: Dondozo|move: Protect\n|move|p1a: Amoonguss|Clear Smog|p2b: Dondozo\n|-activate|p2b: Dondozo|move: Protect\n|\n|-heal|p2b: Dondozo|88\/100|[from] item: Leftovers\n|upkeep\n|turn|6\n|\n|t:|1682462596\n|-terastallize|p2b: Dondozo|Steel\n|move|p2b: Dondozo|Order Up|p1a: Amoonguss\n|-damage|p1a: Amoonguss|67\/100\n|-boost|p2b: Dondozo|atk|1\n|move|p1b: Gholdengo|Shadow Ball|p2b: Dondozo\n|-end|p2b: Dondozo|Substitute\n|move|p1a: Amoonguss|Clear Smog|p2b: Dondozo\n|-immune|p2b: Dondozo\n|\n|-heal|p2b: Dondozo|94\/100|[from] item: Leftovers\n|upkeep\n|turn|7\n|\n|t:|1682462612\n|move|p2b: Dondozo|Substitute|p2b: Dondozo\n|-start|p2b: Dondozo|Substitute\n|-damage|p2b: Dondozo|69\/100\n|move|p1b: Gholdengo|Shadow Ball|p2b: Dondozo\n|-activate|p2b: Dondozo|move: Substitute|[damage]\n|move|p1a: Amoonguss|Spore||[still]\n|-fail|p1a: Amoonguss\n|\n|-heal|p2b: Dondozo|75\/100|[from] item: Leftovers\n|upkeep\n|turn|8\n|\n|t:|1682462616\n|move|p2b: Dondozo|Order Up|p1a: Amoonguss\n|-damage|p1a: Amoonguss|28\/100\n|-enditem|p1a: Amoonguss|Sitrus Berry|[eat]\n|-heal|p1a: Amoonguss|53\/100|[from] item: Sitrus Berry\n|-boost|p2b: Dondozo|atk|1\n|move|p1b: Gholdengo|Shadow Ball|p2b: Dondozo\n|-end|p2b: Dondozo|Substitute\n|move|p1a: Amoonguss|Spore|p2b: Dondozo\n|-status|p2b: Dondozo|slp|[from] move: Spore\n|\n|-heal|p2b: Dondozo|82\/100 slp|[from] item: Leftovers\n|upkeep\n|turn|9\n|\n|t:|1682462623\n|switch|p1a: Great Tusk|Great Tusk, L50|100\/100\n|cant|p2b: Dondozo|slp\n|move|p1b: Gholdengo|Shadow Ball|p2b: Dondozo\n|-damage|p2b: Dondozo|60\/100 slp\n|\n|-heal|p2b: Dondozo|66\/100 slp|[from] item: Leftovers\n|upkeep\n|turn|10\n|\n|t:|1682462626\n|cant|p2b: Dondozo|slp\n|move|p1a: Great Tusk|Headlong Rush|p2b: Dondozo\n|-supereffective|p2b: Dondozo\n|-damage|p2b: Dondozo|15\/100 slp\n|-unboost|p1a: Great Tusk|def|1\n|-unboost|p1a: Great Tusk|spd|1\n|move|p1b: Gholdengo|Shadow Ball|p2b: Dondozo\n|-damage|p2b: Dondozo|0 fnt\n|faint|p2b: Dondozo\n|\n|upkeep\n|turn|11\n|\n|t:|1682462634\n|-end|p1a: Great Tusk|Protosynthesis|[silent]\n|switch|p1a: Amoonguss|Amoonguss, L50, F|86\/100\n|move|p2a: Tatsugiri|Muddy Water|p1b: Gholdengo|[spread] p1a,p1b\n|-resisted|p1a: Amoonguss\n|-crit|p1b: Gholdengo\n|-damage|p1a: Amoonguss|70\/100\n|-damage|p1b: Gholdengo|48\/100\n|-unboost|p1b: Gholdengo|accuracy|1\n|move|p1b: Gholdengo|Make It Rain|p2a: Tatsugiri\n|-resisted|p2a: Tatsugiri\n|-damage|p2a: Tatsugiri|10\/100\n|-unboost|p1b: Gholdengo|spa|1\n|\n|-heal|p1b: Gholdengo|54\/100|[from] item: Leftovers\n|upkeep\n|turn|12\n|\n|t:|1682462644\n|move|p2a: Tatsugiri|Muddy Water|p1a: Amoonguss|[spread] p1a,p1b\n|-resisted|p1a: Amoonguss\n|-damage|p1a: Amoonguss|55\/100\n|-damage|p1b: Gholdengo|24\/100\n|move|p1b: Gholdengo|Shadow Ball|p2a: Tatsugiri\n|-damage|p2a: Tatsugiri|0 fnt\n|faint|p2a: Tatsugiri\n|\n|win|BroDontFuckWithMe\n|raw|BroDontFuckWithMe's rating: 1709 → 1725<\/strong> (+16 for winning)\n|raw|PandaPat75's rating: 1641 → 1625<\/strong> (-16 for losing)\n|l|\u2606PandaPat75\n","uploadtime":1682462651,"views":22,"p1id":"brodontfuckwithme","p2id":"pandapat75","formatid":"gen9vgc2023regulationc","rating":1625,"private":0,"password":""}