{"id":"gen9vgc2023regulationc-1846681889","p1":"kople700","p2":"dekukraken","format":"[Gen 9] VGC 2023 Regulation C","log":"|j|\u2606kople700\n|j|\u2606dekukraken\n|t:|1681865270\n|gametype|doubles\n|player|p1|kople700|266|\n|player|p2|dekukraken|burglar|\n|teamsize|p1|6\n|teamsize|p2|6\n|gen|9\n|tier|[Gen 9] VGC 2023 Regulation C\n|rule|Species Clause: Limit one of each Pok\u00e9mon\n|rule|Item Clause: Limit one of each item\n|clearpoke\n|poke|p1|Palafin, L50, M|\n|poke|p1|Flutter Mane, L50|\n|poke|p1|Arcanine, L50, F|\n|poke|p1|Ting-Lu, L50|\n|poke|p1|Amoonguss, L50, F|\n|poke|p1|Kingambit, L50, M|\n|poke|p2|Glimmora, L50, M|\n|poke|p2|Iron Bundle, L50|\n|poke|p2|Dondozo, L50, M|\n|poke|p2|Dragonite, L50, F|\n|poke|p2|Tatsugiri-Droopy, L50, M|\n|poke|p2|Chi-Yu, L50|\n|teampreview|4\ndekukraken has agreed to open team sheets.\n|c|\u2606dekukraken|glhf!\n|c|\u2606kople700|Glhf\n|\n|t:|1681865307\n|start\n|switch|p1a: Ting-Lu|Ting-Lu, L50|100\/100\n|switch|p1b: Palafin|Palafin, L50, M|100\/100\n|switch|p2a: Iron Bundle|Iron Bundle, L50, shiny|100\/100\n|switch|p2b: Chi-Yu|Chi-Yu, L50|100\/100\n|-ability|p2b: Chi-Yu|Beads of Ruin\n|-ability|p1a: Ting-Lu|Vessel of Ruin\n|-enditem|p2a: Iron Bundle|Booster Energy\n|-activate|p2a: Iron Bundle|ability: Quark Drive|[fromitem]\n|-start|p2a: Iron Bundle|quarkdrivespe\n|turn|1\n|\n|t:|1681865334\n|move|p2b: Chi-Yu|Protect|p2b: Chi-Yu\n|-singleturn|p2b: Chi-Yu|Protect\n|move|p1b: Palafin|Protect|p1b: Palafin\n|-singleturn|p1b: Palafin|Protect\n|move|p2a: Iron Bundle|Freeze-Dry|p1b: Palafin\n|-activate|p1b: Palafin|move: Protect\n|move|p1a: Ting-Lu|Earthquake|p2b: Chi-Yu|[spread] p2a\n|-activate|p1b: Palafin|move: Protect\n|-activate|p2b: Chi-Yu|move: Protect\n|-damage|p2a: Iron Bundle|53\/100\n|\n|upkeep\n|turn|2\n|\n|t:|1681865372\n|detailschange|p1b: Palafin|Palafin-Hero, L50, M\n|switch|p1b: Arcanine|Arcanine, L50, F, shiny|100\/100\n|-ability|p1b: Arcanine|Intimidate|boost\n|-unboost|p2a: Iron Bundle|atk|1\n|-unboost|p2b: Chi-Yu|atk|1\n|move|p2a: Iron Bundle|Freeze-Dry|p1b: Arcanine\n|-resisted|p1b: Arcanine\n|-damage|p1b: Arcanine|84\/100\n|move|p2b: Chi-Yu|Overheat|p1b: Arcanine\n|-resisted|p1b: Arcanine\n|-damage|p1b: Arcanine|47\/100\n|-unboost|p2b: Chi-Yu|spa|2\n|move|p1a: Ting-Lu|Stomping Tantrum|p2b: Chi-Yu\n|-supereffective|p2b: Chi-Yu\n|-enditem|p2b: Chi-Yu|Focus Sash\n|-damage|p2b: Chi-Yu|1\/100\n|\n|upkeep\n|turn|3\n|\n|t:|1681865415\n|-end|p2a: Iron Bundle|Quark Drive|[silent]\n|switch|p2a: Tatsugiri|Tatsugiri-Droopy, L50, M, shiny|100\/100\n|switch|p2b: Dondozo|Dondozo, L50, M|100\/100\n|-activate|p2a: Tatsugiri|ability: Commander|[of] p2b: Dondozo\n|-boost|p2b: Dondozo|atk|2\n|-boost|p2b: Dondozo|spa|2\n|-boost|p2b: Dondozo|spe|2\n|-boost|p2b: Dondozo|def|2\n|-boost|p2b: Dondozo|spd|2\n|-terastallize|p1b: Arcanine|Flying\n|move|p1b: Arcanine|Extreme Speed|p2b: Dondozo\n|-damage|p2b: Dondozo|93\/100\n|move|p1a: Ting-Lu|Earthquake|p2b: Dondozo|[spread] p2b\n|-miss|p1a: Ting-Lu|p2a: Tatsugiri\n|-immune|p1b: Arcanine\n|-damage|p2b: Dondozo|80\/100\n|\n|-heal|p2b: Dondozo|86\/100|[from] item: Leftovers\n|upkeep\n|turn|4\n|\n|t:|1681865467\n|switch|p1a: Amoonguss|Amoonguss, L50, F, shiny|100\/100\n|move|p2b: Dondozo|Wave Crash|p1b: Arcanine\n|-damage|p1b: Arcanine|0 fnt\n|faint|p1b: Arcanine\n|-damage|p2b: Dondozo|73\/100|[from] Recoil\n|\n|-heal|p2b: Dondozo|79\/100|[from] item: Leftovers\n|upkeep\n|\n|t:|1681865473\n|switch|p1b: Palafin|Palafin-Hero, L50, M|100\/100\n|-activate|p1b: Palafin|ability: Zero to Hero\n|turn|5\n|\n|t:|1681865483\n|-terastallize|p2b: Dondozo|Grass\n|move|p1b: Palafin|Protect|p1b: Palafin\n|-singleturn|p1b: Palafin|Protect\n|move|p2b: Dondozo|Tera Blast|p1b: Palafin\n|-activate|p1b: Palafin|move: Protect\n|move|p1a: Amoonguss|Spore|p2b: Dondozo\n|-immune|p2b: Dondozo\n|\n|-heal|p2b: Dondozo|85\/100|[from] item: Leftovers\n|upkeep\n|turn|6\n|\n|t:|1681865493\n|move|p1a: Amoonguss|Rage Powder|p1a: Amoonguss\n|-singleturn|p1a: Amoonguss|move: Rage Powder\n|move|p2b: Dondozo|Tera Blast|p1b: Palafin\n|-supereffective|p1b: Palafin\n|-damage|p1b: Palafin|0 fnt\n|faint|p1b: Palafin\n|\n|-heal|p2b: Dondozo|92\/100|[from] item: Leftovers\n|upkeep\n|c|\u2606kople700|oh does rage powder not work on tera blast?\n|\n|t:|1681865511\n|switch|p1b: Ting-Lu|Ting-Lu, L50|100\/100\n|-ability|p1b: Ting-Lu|Vessel of Ruin\n|turn|7\n|c|\u2606dekukraken|spore and rage powder don't affect grass types\n|c|\u2606kople700|Oh I didn't know rage powder worked like that lol\n|c|\u2606kople700|Good to know\n|\n|t:|1681865527\n|move|p2b: Dondozo|Wave Crash|p1b: Ting-Lu\n|-supereffective|p1b: Ting-Lu\n|-damage|p1b: Ting-Lu|0 fnt\n|faint|p1b: Ting-Lu\n|-damage|p2b: Dondozo|58\/100|[from] Recoil\n|move|p1a: Amoonguss|Pollen Puff|p2b: Dondozo\n|-supereffective|p2b: Dondozo\n|-damage|p2b: Dondozo|41\/100\n|\n|-heal|p2b: Dondozo|47\/100|[from] item: Leftovers\n|upkeep\n|turn|8\n|c|\u2606kople700|gg\n|-message|kople700 forfeited.\n|\n|win|dekukraken\n|l|\u2606kople700\n|c|\u2606dekukraken|gg\n","uploadtime":1681865591,"views":18,"p1id":"kople700","p2id":"dekukraken","formatid":"gen9vgc2023regulationc","rating":0,"private":0,"password":""}