{"id":"gen9vgc2023regulationc-1845187792","p1":"Ricardo Randorez","p2":"StarTheWitless","format":"[Gen 9] VGC 2023 Regulation C","log":"|j|\u2606Ricardo Randorez\n|j|\u2606StarTheWitless\n|t:|1681694066\n|gametype|doubles\n|player|p1|Ricardo Randorez|265|1107\n|player|p2|StarTheWitless|penny|1056\n|teamsize|p1|6\n|teamsize|p2|6\n|gen|9\n|tier|[Gen 9] VGC 2023 Regulation C\n|rated|\n|rule|Species Clause: Limit one of each Pok\u00e9mon\n|rule|Item Clause: Limit one of each item\n|clearpoke\n|poke|p1|Arcanine, L50, M|\n|poke|p1|Gyarados, L50, M|\n|poke|p1|Flutter Mane, L50|\n|poke|p1|Volcarona, L50, M|\n|poke|p1|Dragonite, L50, F|\n|poke|p1|Ting-Lu, L50|\n|poke|p2|Chi-Yu, L50|\n|poke|p2|Ting-Lu, L50|\n|poke|p2|Amoonguss, L50, F|\n|poke|p2|Flutter Mane, L50|\n|poke|p2|Baxcalibur, L50, M|\n|poke|p2|Palafin, L50, M|\n|teampreview|4\n|\n|t:|1681694086\n|start\n|switch|p1a: Arcanine|Arcanine, L50, M|100\/100\n|switch|p1b: Flutter Mane|Flutter Mane, L50|100\/100\n|switch|p2a: The Grindset|Palafin, L50, M|100\/100\n|switch|p2b: No Floor?|Ting-Lu, L50|100\/100\n|-ability|p1a: Arcanine|Intimidate|boost\n|-unboost|p2a: The Grindset|atk|1\n|-unboost|p2b: No Floor?|atk|1\n|-ability|p2b: No Floor?|Vessel of Ruin\n|-enditem|p1b: Flutter Mane|Booster Energy\n|-activate|p1b: Flutter Mane|ability: Protosynthesis|[fromitem]\n|-start|p1b: Flutter Mane|protosynthesisspe\n|turn|1\n|inactive|Battle timer is ON: inactive players will automatically lose when time's up. (requested by Ricardo Randorez)\n|inactive|Ricardo Randorez has 60 seconds left.\n|\n|t:|1681694120\n|switch|p1a: Gyarados|Gyarados, L50, M|100\/100\n|-terastallize|p2a: The Grindset|Water\n|move|p1b: Flutter Mane|Thunderbolt|p2a: The Grindset\n|-supereffective|p2a: The Grindset\n|-damage|p2a: The Grindset|26\/100\n|move|p2a: The Grindset|Flip Turn|p1a: Gyarados\n|-resisted|p1a: Gyarados\n|-damage|p1a: Gyarados|87\/100\n|\n|t:|1681694132\n|detailschange|p2a: The Grindset|Palafin-Hero, L50, M, tera:Water\n|switch|p2a: Frosty Lizard|Baxcalibur, L50, M|100\/100|[from] Flip Turn\n|move|p2b: No Floor?|Fissure|p1b: Flutter Mane|[miss]\n|-miss|p2b: No Floor?|p1b: Flutter Mane\n|\n|upkeep\n|turn|2\n|inactive|Ricardo Randorez has 30 seconds left.\n|inactive|Ricardo Randorez has 20 seconds left.\n|\n|t:|1681694167\n|move|p1b: Flutter Mane|Dazzling Gleam|p2b: No Floor?|[spread] p2a,p2b\n|-supereffective|p2a: Frosty Lizard\n|-supereffective|p2b: No Floor?\n|-damage|p2a: Frosty Lizard|49\/100\n|-damage|p2b: No Floor?|75\/100\n|move|p2a: Frosty Lizard|Glaive Rush|p1a: Gyarados\n|-damage|p1a: Gyarados|17\/100\n|-singlemove|p2a: Frosty Lizard|Glaive Rush|[silent]\n|move|p1a: Gyarados|Dragon Dance|p1a: Gyarados\n|-boost|p1a: Gyarados|atk|1\n|-boost|p1a: Gyarados|spe|1\n|move|p2b: No Floor?|Fissure|p1b: Flutter Mane|[miss]\n|-miss|p2b: No Floor?|p1b: Flutter Mane\n|\n|upkeep\n|turn|3\n|inactive|StarTheWitless has 30 seconds left.\n|\n|t:|1681694195\n|switch|p2a: Button|Chi-Yu, L50|100\/100\n|-ability|p2a: Button|Beads of Ruin\n|move|p1b: Flutter Mane|Dazzling Gleam|p2a: Button|[spread] p2a,p2b\n|-supereffective|p2b: No Floor?\n|-crit|p2b: No Floor?\n|-damage|p2a: Button|72\/100\n|-damage|p2b: No Floor?|26\/100\n|move|p1a: Gyarados|Waterfall|p2b: No Floor?\n|-supereffective|p2b: No Floor?\n|-damage|p2b: No Floor?|0 fnt\n|faint|p2b: No Floor?\n|-ability|p1a: Gyarados|Moxie|boost\n|-boost|p1a: Gyarados|atk|1\n|\n|upkeep\n|\n|t:|1681694206\n|switch|p2b: The Grindset|Palafin-Hero, L50, M, tera:Water|26\/100\n|-activate|p2b: The Grindset|ability: Zero to Hero\n|turn|4\n|\n|t:|1681694226\n|-terastallize|p1b: Flutter Mane|Fairy\n|move|p1a: Gyarados|Protect|p1a: Gyarados\n|-singleturn|p1a: Gyarados|Protect\n|move|p2b: The Grindset|Jet Punch|p1a: Gyarados\n|-activate|p1a: Gyarados|move: Protect\n|move|p1b: Flutter Mane|Dazzling Gleam|p2b: The Grindset|[spread] p2a,p2b\n|-damage|p2a: Button|21\/100\n|-damage|p2b: The Grindset|0 fnt\n|faint|p2b: The Grindset\n|move|p2a: Button|Heat Wave|p1b: Flutter Mane|[spread] p1b\n|-activate|p1a: Gyarados|move: Protect\n|-damage|p1b: Flutter Mane|22\/100\n|\n|upkeep\n|\n|t:|1681694236\n|switch|p2b: Frosty Lizard|Baxcalibur, L50, M|49\/100\n|turn|5\n|-message|StarTheWitless forfeited.\n|\n|win|Ricardo Randorez\n|raw|Ricardo Randorez's rating: 1107 → 1128<\/strong> (+21 for winning)\n|raw|StarTheWitless's rating: 1056 → 1040<\/strong> (-16 for losing)\n|l|\u2606StarTheWitless\n","uploadtime":1681694246,"views":13,"p1id":"ricardorandorez","p2id":"starthewitless","formatid":"gen9vgc2023regulationc","rating":1040,"private":0,"password":""}