{"id":"gen9vgc2023regulationc-1849018659","p1":"JennaJurassic","p2":"SweetSerenityGrace","format":"[Gen 9] VGC 2023 Regulation C","log":"|j|\u2606JennaJurassic\n|j|\u2606SweetSerenityGrace\n|t:|1682139857\n|gametype|doubles\n|player|p1|JennaJurassic|gardenia|1089\n|player|p2|SweetSerenityGrace|iris-gen5bw2|1075\n|teamsize|p1|6\n|teamsize|p2|6\n|gen|9\n|tier|[Gen 9] VGC 2023 Regulation C\n|rated|\n|rule|Species Clause: Limit one of each Pok\u00e9mon\n|rule|Item Clause: Limit one of each item\n|clearpoke\n|poke|p1|Arcanine, L50, M|\n|poke|p1|Honchkrow, L50, F|\n|poke|p1|Sylveon, L50, F|\n|poke|p1|Pawmot, L50, F|\n|poke|p1|Iron Bundle, L50|\n|poke|p1|Glimmora, L50, F|\n|poke|p2|Flutter Mane, L50|\n|poke|p2|Chi-Yu, L50|\n|poke|p2|Chien-Pao, L50|\n|poke|p2|Dragonite, L50, F|\n|poke|p2|Grimmsnarl, L50, M|\n|poke|p2|Amoonguss, L50, F|\n|teampreview|4\nSweetSerenityGrace rejected open team sheets.\n|\n|t:|1682139895\n|start\n|switch|p1a: Arcanine|Arcanine, L50, M|100\/100\n|switch|p1b: Honchkrow|Honchkrow, L50, F|100\/100\n|switch|p2a: Chien-Pao|Chien-Pao, L50|100\/100\n|switch|p2b: Dragonite|Dragonite, L50, F|100\/100\n|-ability|p2a: Chien-Pao|Sword of Ruin\n|-ability|p1a: Arcanine|Intimidate|boost\n|-unboost|p2a: Chien-Pao|atk|1\n|-unboost|p2b: Dragonite|atk|1\n|turn|1\n|\n|t:|1682139925\n|move|p2a: Chien-Pao|Icicle Crash|p1b: Honchkrow\n|-supereffective|p1b: Honchkrow\n|-enditem|p1b: Honchkrow|Focus Sash\n|-damage|p1b: Honchkrow|1\/100\n|move|p1a: Arcanine|Overheat|p2a: Chien-Pao\n|-supereffective|p2a: Chien-Pao\n|-enditem|p2a: Chien-Pao|Focus Sash\n|-damage|p2a: Chien-Pao|1\/100\n|-unboost|p1a: Arcanine|spa|2\n|-enditem|p1a: Arcanine|Eject Pack\n|\n|t:|1682139937\n|switch|p1a: Glimmora|Glimmora, L50, F|100\/100\n|-item|p1a: Glimmora|Air Balloon\n|move|p2b: Dragonite|Dragon Dance|p2b: Dragonite\n|-boost|p2b: Dragonite|atk|1\n|-boost|p2b: Dragonite|spe|1\n|move|p1b: Honchkrow|Tailwind|p1b: Honchkrow\n|-sidestart|p1: JennaJurassic|move: Tailwind\n|\n|upkeep\n|turn|2\n|\n|t:|1682139955\n|-terastallize|p2b: Dragonite|Normal\n|move|p2a: Chien-Pao|Ice Shard|p1b: Honchkrow\n|-supereffective|p1b: Honchkrow\n|-damage|p1b: Honchkrow|0 fnt\n|faint|p1b: Honchkrow\n|move|p1a: Glimmora|Dazzling Gleam|p2a: Chien-Pao|[spread] p2a,p2b\n|-supereffective|p2a: Chien-Pao\n|-damage|p2a: Chien-Pao|0 fnt\n|-damage|p2b: Dragonite|91\/100\n|faint|p2a: Chien-Pao\n|move|p2b: Dragonite|Dragon Dance|p2b: Dragonite\n|-boost|p2b: Dragonite|atk|1\n|-boost|p2b: Dragonite|spe|1\n|\n|upkeep\n|\n|t:|1682139970\n|switch|p2a: Shroomie|Amoonguss, L50, F|100\/100\n|switch|p1b: Arcanine|Arcanine, L50, M|100\/100\n|-ability|p1b: Arcanine|Intimidate|boost\n|-unboost|p2a: Shroomie|atk|1\n|-unboost|p2b: Dragonite|atk|1\n|turn|3\n|\n|t:|1682139991\n|move|p2b: Dragonite|Extreme Speed|p1b: Arcanine\n|-damage|p1b: Arcanine|53\/100\n|move|p1a: Glimmora|Sludge Bomb|p2b: Dragonite\n|-damage|p2b: Dragonite|47\/100\n|move|p1b: Arcanine|Flare Blitz|p2b: Dragonite\n|-crit|p2b: Dragonite\n|-damage|p2b: Dragonite|0 fnt\n|faint|p2b: Dragonite\n|-damage|p1b: Arcanine|38\/100|[from] Recoil\n|move|p2a: Shroomie|Spore|p1a: Glimmora\n|-status|p1a: Glimmora|slp|[from] move: Spore\n|\n|upkeep\n|\n|t:|1682140003\n|switch|p2b: Big Missy|Flutter Mane, L50|100\/100\n|-enditem|p2b: Big Missy|Booster Energy\n|-activate|p2b: Big Missy|ability: Protosynthesis|[fromitem]\n|-start|p2b: Big Missy|protosynthesisspe\n|turn|4\n|\n|t:|1682140017\n|cant|p1a: Glimmora|slp\n|move|p2a: Shroomie|Rage Powder|p2a: Shroomie\n|-singleturn|p2a: Shroomie|move: Rage Powder\n|move|p2b: Big Missy|Shadow Ball|p1b: Arcanine\n|-damage|p1b: Arcanine|0 fnt\n|faint|p1b: Arcanine\n|\n|-sideend|p1: JennaJurassic|move: Tailwind\n|upkeep\n|\n|t:|1682140024\n|switch|p1b: Iron Bundle|Iron Bundle, L50|100\/100\n|-enditem|p1b: Iron Bundle|Booster Energy\n|-activate|p1b: Iron Bundle|ability: Quark Drive|[fromitem]\n|-start|p1b: Iron Bundle|quarkdrivespe\n|turn|5\n|\n|t:|1682140043\n|move|p2b: Big Missy|Protect|p2b: Big Missy\n|-singleturn|p2b: Big Missy|Protect\n|move|p1b: Iron Bundle|Taunt|p2a: Shroomie\n|-start|p2a: Shroomie|move: Taunt\n|cant|p1a: Glimmora|slp\n|cant|p2a: Shroomie|move: Taunt|Spore\n|\n|upkeep\n|turn|6\n|\n|t:|1682140058\n|move|p1b: Iron Bundle|Hydro Pump|p2b: Big Missy|[miss]\n|-miss|p1b: Iron Bundle|p2b: Big Missy\n|cant|p1a: Glimmora|slp\n|move|p2a: Shroomie|Pollen Puff|p1b: Iron Bundle\n|-damage|p1b: Iron Bundle|64\/100\n|move|p2b: Big Missy|Trick Room|p2b: Big Missy\n|-fieldstart|move: Trick Room|[of] p2b: Big Missy\n|\n|upkeep\n|turn|7\n|\n|t:|1682140074\n|move|p1b: Iron Bundle|Protect|p1b: Iron Bundle\n|-singleturn|p1b: Iron Bundle|Protect\n|move|p2a: Shroomie|Pollen Puff|p1b: Iron Bundle\n|-activate|p1b: Iron Bundle|move: Protect\n|-curestatus|p1a: Glimmora|slp|[msg]\n|move|p1a: Glimmora|Sludge Bomb|p2b: Big Missy\n|-damage|p2b: Big Missy|50\/100\n|move|p2b: Big Missy|Shadow Ball|p1b: Iron Bundle\n|-activate|p1b: Iron Bundle|move: Protect\n|\n|-end|p2a: Shroomie|move: Taunt\n|upkeep\n|turn|8\n|\n|t:|1682140103\n|move|p1a: Glimmora|Spiky Shield|p1a: Glimmora\n|-singleturn|p1a: Glimmora|move: Protect\n|move|p2a: Shroomie|Spore|p1a: Glimmora\n|-activate|p1a: Glimmora|move: Protect\n|move|p2b: Big Missy|Shadow Ball|p1b: Iron Bundle\n|-damage|p1b: Iron Bundle|0 fnt\n|faint|p1b: Iron Bundle\n|-end|p1b: Iron Bundle|Quark Drive|[silent]\n|\n|upkeep\n|turn|9\n|\n|t:|1682140117\n|move|p2a: Shroomie|Spore|p1a: Glimmora\n|-status|p1a: Glimmora|slp|[from] move: Spore\n|cant|p1a: Glimmora|slp\n|move|p2b: Big Missy|Shadow Ball|p1a: Glimmora\n|-damage|p1a: Glimmora|43\/100 slp\n|-enditem|p1a: Glimmora|Air Balloon\n|\n|upkeep\n|turn|10\n|\n|t:|1682140131\n|move|p2a: Shroomie|Pollen Puff|p2b: Big Missy\n|-heal|p2b: Big Missy|99\/100\n|cant|p1a: Glimmora|slp\n|move|p2b: Big Missy|Shadow Ball|p1a: Glimmora\n|-damage|p1a: Glimmora|0 fnt\n|faint|p1a: Glimmora\n|\n|win|SweetSerenityGrace\n|raw|JennaJurassic's rating: 1089 → 1065<\/strong> (-24 for losing)\n|raw|SweetSerenityGrace's rating: 1075 → 1105<\/strong> (+30 for winning)\n","uploadtime":1682140143,"views":13,"p1id":"jennajurassic","p2id":"sweetserenitygrace","formatid":"gen9vgc2023regulationc","rating":1065,"private":0,"password":""}