{"id":"gen9vgc2023regulationc-1847583772","p1":"yamaguronekuro","p2":"SisalVT","format":"[Gen 9] VGC 2023 Regulation C","log":"|j|\u2606yamaguronekuro\n|j|\u2606SisalVT\n|t:|1681977398\n|gametype|doubles\n|player|p1|yamaguronekuro|102|1868\n|player|p2|SisalVT|blue|1779\n|teamsize|p1|6\n|teamsize|p2|6\n|gen|9\n|tier|[Gen 9] VGC 2023 Regulation C\n|rated|\n|rule|Species Clause: Limit one of each Pok\u00e9mon\n|rule|Item Clause: Limit one of each item\n|clearpoke\n|poke|p1|Glimmora, L50, M|\n|poke|p1|Dondozo, L50, M|\n|poke|p1|Flutter Mane, L50|\n|poke|p1|Dragonite, L50, M|\n|poke|p1|Chi-Yu, L50|\n|poke|p1|Ting-Lu, L50|\n|poke|p2|Breloom, L50, F|\n|poke|p2|Chien-Pao, L50|\n|poke|p2|Flutter Mane, L50|\n|poke|p2|Chi-Yu, L50|\n|poke|p2|Dondozo, L50, M|\n|poke|p2|Tatsugiri-Stretchy, L50, F|\n|teampreview|4\nSisalVT has agreed to open team sheets.\n|\n|t:|1681977456\n|start\n|switch|p1a: Dragonite|Dragonite, L50, M|100\/100\n|switch|p1b: Glimmora|Glimmora, L50, M|100\/100\n|switch|p2a: Tattisaurus|Breloom, L50, F|100\/100\n|switch|p2b: Nivalis|Chien-Pao, L50|100\/100\n|-ability|p2b: Nivalis|Sword of Ruin\n|turn|1\n|\n|t:|1681977487\n|-terastallize|p1a: Dragonite|Flying\n|move|p2a: Tattisaurus|Feint|p1a: Dragonite\n|-damage|p1a: Dragonite|90\/100\n|move|p2b: Nivalis|Ice Spinner|p1a: Dragonite\n|-supereffective|p1a: Dragonite\n|-crit|p1a: Dragonite\n|-damage|p1a: Dragonite|0 fnt\n|faint|p1a: Dragonite\n|-damage|p2b: Nivalis|91\/100|[from] item: Life Orb\n|move|p1b: Glimmora|Power Gem|p2b: Nivalis\n|-supereffective|p2b: Nivalis\n|-damage|p2b: Nivalis|0 fnt\n|faint|p2b: Nivalis\n|\n|upkeep\n|\n|t:|1681977506\n|switch|p2b: Bottas|Flutter Mane, L50|100\/100\n|switch|p1a: Flutter Mane|Flutter Mane, L50|100\/100\n|-enditem|p1a: Flutter Mane|Booster Energy\n|-activate|p1a: Flutter Mane|ability: Protosynthesis|[fromitem]\n|-start|p1a: Flutter Mane|protosynthesisspe\n|-enditem|p2b: Bottas|Booster Energy\n|-activate|p2b: Bottas|ability: Protosynthesis|[fromitem]\n|-start|p2b: Bottas|protosynthesisspa\n|turn|2\n|\n|t:|1681977529\n|move|p1a: Flutter Mane|Protect|p1a: Flutter Mane\n|-singleturn|p1a: Flutter Mane|Protect\n|move|p2b: Bottas|Protect|p2b: Bottas\n|-singleturn|p2b: Bottas|Protect\n|move|p1b: Glimmora|Power Gem|p2a: Tattisaurus\n|-resisted|p2a: Tattisaurus\n|-damage|p2a: Tattisaurus|61\/100\n|move|p2a: Tattisaurus|Spore|p1a: Flutter Mane\n|-activate|p1a: Flutter Mane|move: Protect\n|\n|upkeep\n|turn|3\n|\n|t:|1681977560\n|move|p2a: Tattisaurus|Protect|p2a: Tattisaurus\n|-singleturn|p2a: Tattisaurus|Protect\n|move|p1a: Flutter Mane|Moonblast|p2a: Tattisaurus\n|-activate|p2a: Tattisaurus|move: Protect\n|move|p2b: Bottas|Shadow Ball|p1a: Flutter Mane\n|-supereffective|p1a: Flutter Mane\n|-damage|p1a: Flutter Mane|0 fnt\n|faint|p1a: Flutter Mane\n|-end|p1a: Flutter Mane|Protosynthesis|[silent]\n|move|p1b: Glimmora|Power Gem|p2b: Bottas\n|-damage|p2b: Bottas|57\/100\n|\n|upkeep\n|\n|t:|1681977574\n|switch|p1a: Dondozo|Dondozo, L50, M|100\/100\n|turn|4\n|\n|t:|1681977594\n|move|p1b: Glimmora|Spiky Shield|p1b: Glimmora\n|-singleturn|p1b: Glimmora|move: Protect\n|move|p2b: Bottas|Shadow Ball|p1b: Glimmora\n|-activate|p1b: Glimmora|move: Protect\n|move|p2a: Tattisaurus|Spore|p1b: Glimmora\n|-activate|p1b: Glimmora|move: Protect\n|move|p1a: Dondozo|Heavy Slam|p2a: Tattisaurus\n|-damage|p2a: Tattisaurus|15\/100\n|\n|upkeep\n|turn|5\n|\n|t:|1681977609\n|move|p2b: Bottas|Shadow Ball|p1b: Glimmora\n|-damage|p1b: Glimmora|23\/100\n|move|p1b: Glimmora|Power Gem|p2a: Tattisaurus\n|-resisted|p2a: Tattisaurus\n|-crit|p2a: Tattisaurus\n|-damage|p2a: Tattisaurus|0 fnt\n|faint|p2a: Tattisaurus\n|move|p1a: Dondozo|Heavy Slam|p2b: Bottas\n|-supereffective|p2b: Bottas\n|-damage|p2b: Bottas|0 fnt\n|faint|p2b: Bottas\n|-end|p2b: Bottas|Protosynthesis|[silent]\n|\n|upkeep\n|\n|t:|1681977614\n|switch|p2b: Hanako|Chi-Yu, L50|100\/100\n|-ability|p2b: Hanako|Beads of Ruin\n|turn|6\n|j| HatingVGCsoMuch\n|\n|t:|1681977630\n|-terastallize|p2b: Hanako|Grass\n|move|p1b: Glimmora|Power Gem|p2b: Hanako\n|-damage|p2b: Hanako|60\/100\n|move|p2b: Hanako|Dark Pulse|p1b: Glimmora\n|-crit|p1b: Glimmora\n|-damage|p1b: Glimmora|0 fnt\n|faint|p1b: Glimmora\n|move|p1a: Dondozo|Wave Crash|p2b: Hanako\n|-resisted|p2b: Hanako\n|-damage|p2b: Hanako|38\/100\n|-enditem|p2b: Hanako|Sitrus Berry|[eat]\n|-heal|p2b: Hanako|62\/100|[from] item: Sitrus Berry\n|-damage|p1a: Dondozo|96\/100|[from] Recoil\n|\n|-heal|p1a: Dondozo|100\/100|[from] item: Leftovers\n|upkeep\n|turn|7\n|\n|t:|1681977639\n|move|p2b: Hanako|Tera Blast|p1a: Dondozo\n|-supereffective|p1a: Dondozo\n|-damage|p1a: Dondozo|35\/100\n|move|p1a: Dondozo|Yawn|p2b: Hanako\n|-start|p2b: Hanako|move: Yawn|[of] p1a: Dondozo\n|\n|-heal|p1a: Dondozo|41\/100|[from] item: Leftovers\n|upkeep\n|turn|8\n|\n|t:|1681977645\n|move|p1a: Dondozo|Protect|p1a: Dondozo\n|-singleturn|p1a: Dondozo|Protect\n|move|p2b: Hanako|Tera Blast|p1a: Dondozo\n|-activate|p1a: Dondozo|move: Protect\n|\n|-heal|p1a: Dondozo|47\/100|[from] item: Leftovers\n|-end|p2b: Hanako|move: Yawn|[silent]\n|-status|p2b: Hanako|slp\n|upkeep\n|turn|9\n|\n|t:|1681977648\n|cant|p2b: Hanako|slp\n|move|p1a: Dondozo|Heavy Slam|p2b: Hanako\n|-damage|p2b: Hanako|33\/100 slp\n|\n|-heal|p1a: Dondozo|54\/100|[from] item: Leftovers\n|upkeep\n|turn|10\n|\n|t:|1681977650\n|cant|p2b: Hanako|slp\n|move|p1a: Dondozo|Heavy Slam|p2b: Hanako\n|-damage|p2b: Hanako|3\/100 slp\n|\n|-heal|p1a: Dondozo|60\/100|[from] item: Leftovers\n|upkeep\n|turn|11\n|j| liaholic\n|\n|t:|1681977654\n|-curestatus|p2b: Hanako|slp|[msg]\n|move|p2b: Hanako|Tera Blast|p1a: Dondozo\n|-supereffective|p1a: Dondozo\n|-damage|p1a: Dondozo|0 fnt\n|faint|p1a: Dondozo\n|\n|win|SisalVT\n|raw|yamaguronekuro's rating: 1868 → 1844<\/strong> (-24 for losing)\n|raw|SisalVT's rating: 1792 → 1816<\/strong> (+24 for winning)\n|l|\u2606SisalVT\n|l|\u2606yamaguronekuro\n","uploadtime":1681977718,"views":25,"p1id":"yamaguronekuro","p2id":"sisalvt","formatid":"gen9vgc2023regulationc","rating":1816,"private":0,"password":""}