{"id":"gen9vgc2023regulationc-1845211568","p1":"Onlyshiny","p2":"Aikalytics","format":"[Gen 9] VGC 2023 Regulation C","log":"|j|\u2606Onlyshiny\n|j|\u2606Aikalytics\n|t:|1681696934\n|gametype|doubles\n|player|p1|Onlyshiny|n|\n|player|p2|Aikalytics|roxie|\n|teamsize|p1|6\n|teamsize|p2|6\n|gen|9\n|tier|[Gen 9] VGC 2023 Regulation C\n|rule|Species Clause: Limit one of each Pok\u00e9mon\n|rule|Item Clause: Limit one of each item\n|clearpoke\n|poke|p1|Chien-Pao, L50|\n|poke|p1|Dragonite, L50, M|\n|poke|p1|Dondozo, L50, F|\n|poke|p1|Tatsugiri, L50, F|\n|poke|p1|Flutter Mane, L50|\n|poke|p1|Chi-Yu, L50|\n|poke|p2|Flutter Mane, L50|\n|poke|p2|Ting-Lu, L50|\n|poke|p2|Farigiraf, L50, M|\n|poke|p2|Dragonite, L50, M|\n|poke|p2|Annihilape, L50, M|\n|poke|p2|Maushold, L50|\n|teampreview|4\nOnlyshiny has agreed to open team sheets.\n|\n|t:|1681696959\n|start\n|switch|p1a: Nemo|Chi-Yu, L50|100\/100\n|switch|p1b: La Pelos|Flutter Mane, L50|100\/100\n|switch|p2a: Y amigos|Farigiraf, L50, M|100\/100\n|switch|p2b: Bullwinkle|Ting-Lu, L50|100\/100\n|-ability|p1a: Nemo|Beads of Ruin\n|-ability|p2b: Bullwinkle|Vessel of Ruin\n|-enditem|p1b: La Pelos|Booster Energy\n|-activate|p1b: La Pelos|ability: Protosynthesis|[fromitem]\n|-start|p1b: La Pelos|protosynthesisspa\n|turn|1\n|\n|t:|1681697005\n|-terastallize|p1b: La Pelos|Fairy\n|-terastallize|p2a: Y amigos|Normal\n|move|p1b: La Pelos|Moonblast|p2b: Bullwinkle\n|-supereffective|p2b: Bullwinkle\n|-damage|p2b: Bullwinkle|15\/100\n|move|p1a: Nemo|Overheat|p2b: Bullwinkle\n|-damage|p2b: Bullwinkle|0 fnt\n|-unboost|p1a: Nemo|spa|2\n|faint|p2b: Bullwinkle\n|move|p2a: Y amigos|Trick Room|p2a: Y amigos\n|-fieldstart|move: Trick Room|[of] p2a: Y amigos\n|\n|upkeep\n|\n|t:|1681697019\n|switch|p2b: Zoboomafoo|Annihilape, L50, M|100\/100\n|turn|2\n|\n|t:|1681697047\n|switch|p1a: Dondozo|Dondozo, L50, F|100\/100\n|move|p2b: Zoboomafoo|Protect|p2b: Zoboomafoo\n|-singleturn|p2b: Zoboomafoo|Protect\n|move|p2a: Y amigos|Hyper Voice|p1a: Dondozo|[spread] p1a,p1b\n|-damage|p1a: Dondozo|53\/100\n|-damage|p1b: La Pelos|56\/100\n|-enditem|p2a: Y amigos|Throat Spray\n|-boost|p2a: Y amigos|spa|1|[from] item: Throat Spray\n|move|p1b: La Pelos|Moonblast|p2a: Y amigos\n|-damage|p2a: Y amigos|23\/100\n|\n|-heal|p1a: Dondozo|59\/100|[from] item: Leftovers\n|upkeep\n|turn|3\n|\n|t:|1681697066\n|-end|p1b: La Pelos|Protosynthesis|[silent]\n|switch|p1b: Tatsugiri|Tatsugiri, L50, F, shiny|100\/100\n|-activate|p1b: Tatsugiri|ability: Commander|[of] p1a: Dondozo\n|-boost|p1a: Dondozo|atk|2\n|-boost|p1a: Dondozo|spa|2\n|-boost|p1a: Dondozo|spe|2\n|-boost|p1a: Dondozo|def|2\n|-boost|p1a: Dondozo|spd|2\n|move|p1a: Dondozo|Protect|p1a: Dondozo\n|-singleturn|p1a: Dondozo|Protect\n|move|p2a: Y amigos|Hyper Voice|p1b: Tatsugiri|[spread] \n|-miss|p2a: Y amigos|p1b: Tatsugiri\n|-activate|p1a: Dondozo|move: Protect\n|move|p2b: Zoboomafoo|Bulk Up|p2b: Zoboomafoo\n|-boost|p2b: Zoboomafoo|atk|1\n|-boost|p2b: Zoboomafoo|def|1\n|\n|-heal|p1a: Dondozo|65\/100|[from] item: Leftovers\n|upkeep\n|turn|4\n|\n|t:|1681697094\n|switch|p2a: Maushold|Maushold, L50|100\/100\n|move|p2b: Zoboomafoo|Protect|p2b: Zoboomafoo\n|-singleturn|p2b: Zoboomafoo|Protect\n|move|p1a: Dondozo|Tera Blast|p2a: Maushold\n|-damage|p2a: Maushold|73\/100\n|\n|-heal|p1a: Dondozo|71\/100|[from] item: Leftovers\n|upkeep\n|turn|5\n|\n|t:|1681697120\n|move|p1a: Dondozo|Protect|p1a: Dondozo\n|-singleturn|p1a: Dondozo|Protect\n|move|p2b: Zoboomafoo|Bulk Up|p2b: Zoboomafoo\n|-boost|p2b: Zoboomafoo|atk|1\n|-boost|p2b: Zoboomafoo|def|1\n|move|p2a: Maushold|Super Fang|p1a: Dondozo\n|-activate|p1a: Dondozo|move: Protect\n|\n|-heal|p1a: Dondozo|77\/100|[from] item: Leftovers\n|-fieldend|move: Trick Room\n|upkeep\n|turn|6\n|\n|t:|1681697132\n|move|p1a: Dondozo|Wave Crash|p2a: Maushold\n|-damage|p2a: Maushold|0 fnt\n|faint|p2a: Maushold\n|-damage|p1a: Dondozo|58\/100|[from] Recoil\n|move|p2b: Zoboomafoo|Rage Fist|p1a: Dondozo\n|-damage|p1a: Dondozo|50\/100\n|\n|-heal|p1a: Dondozo|56\/100|[from] item: Leftovers\n|upkeep\n|\n|t:|1681697141\n|switch|p2a: Y amigos|Farigiraf, L50, M, tera:Normal|23\/100\n|turn|7\n|\n|t:|1681697152\n|move|p1a: Dondozo|Wave Crash|p2a: Y amigos\n|-damage|p2a: Y amigos|0 fnt\n|faint|p2a: Y amigos\n|-damage|p1a: Dondozo|49\/100|[from] Recoil\n|move|p2b: Zoboomafoo|Bulk Up|p2b: Zoboomafoo\n|-boost|p2b: Zoboomafoo|atk|1\n|-boost|p2b: Zoboomafoo|def|1\n|\n|-heal|p1a: Dondozo|55\/100|[from] item: Leftovers\n|upkeep\n|turn|8\n|\n|t:|1681697163\n|move|p1a: Dondozo|Wave Crash|p2b: Zoboomafoo\n|-damage|p2b: Zoboomafoo|0 fnt\n|faint|p2b: Zoboomafoo\n|-damage|p1a: Dondozo|28\/100|[from] Recoil\n|\n|win|Onlyshiny\n|l|\u2606Aikalytics\n","uploadtime":1681697867,"views":8,"p1id":"onlyshiny","p2id":"aikalytics","formatid":"gen9vgc2023regulationc","rating":0,"private":0,"password":""}