{"id":"gen9vgc2023regulationc-1857960727","p1":"RagnaC","p2":"Bdogplatinum","format":"[Gen 9] VGC 2023 Regulation C","log":"|j|\u2606RagnaC\n|j|\u2606Bdogplatinum\n|t:|1683252669\n|gametype|doubles\n|player|p1|RagnaC|red|\n|player|p2|Bdogplatinum|cress|\n|teamsize|p1|6\n|teamsize|p2|6\n|gen|9\n|tier|[Gen 9] VGC 2023 Regulation C\n|rule|Species Clause: Limit one of each Pok\u00e9mon\n|rule|Item Clause: Limit one of each item\n|clearpoke\n|poke|p1|Palafin, L50, M|\n|poke|p1|Flutter Mane, L50|\n|poke|p1|Amoonguss, L50, M|\n|poke|p1|Chi-Yu, L50|\n|poke|p1|Iron Hands, L50|\n|poke|p1|Corviknight, L50, F|\n|poke|p2|Armarouge, L50, M|\n|poke|p2|Indeedee-F, L50, F|\n|poke|p2|Hawlucha, L50, M|\n|poke|p2|Flutter Mane, L50|\n|poke|p2|Meowscarada, L50, F|\n|poke|p2|Kingambit, L50, F|\n|teampreview|4\nRagnaC has agreed to open team sheets.\nBdogplatinum has agreed to open team sheets.\n|inactive|Battle timer is ON: inactive players will automatically lose when time's up. (requested by RagnaC)\n|inactive|RagnaC has 60 seconds left.\n|inactive|RagnaC has 30 seconds left.\n|inactive|RagnaC has 20 seconds left.\n|inactive|RagnaC has 15 seconds left.\n|inactive|RagnaC has 10 seconds left.\n|\n|t:|1683252774\n|start\n|switch|p1a: Chi-Yu|Chi-Yu, L50|100\/100\n|switch|p1b: Flutter Mane|Flutter Mane, L50|100\/100\n|switch|p2a: Nacho Libre|Hawlucha, L50, M|100\/100\n|switch|p2b: Glue|Indeedee-F, L50, F|100\/100\n|-ability|p1a: Chi-Yu|Beads of Ruin\n|-fieldstart|move: Psychic Terrain|[from] ability: Psychic Surge|[of] p2b: Glue\n|-enditem|p2a: Nacho Libre|Psychic Seed\n|-boost|p2a: Nacho Libre|spd|1|[from] item: Psychic Seed\n|-enditem|p1b: Flutter Mane|Booster Energy\n|-activate|p1b: Flutter Mane|ability: Protosynthesis|[fromitem]\n|-start|p1b: Flutter Mane|protosynthesisspa\n|turn|1\n|inactive|RagnaC has 30 seconds left.\n|inactive|Bdogplatinum has 30 seconds left.\n|inactive|RagnaC has 20 seconds left.\n|inactive|Bdogplatinum has 20 seconds left.\n|inactive|RagnaC has 15 seconds left.\n|inactive|RagnaC has 10 seconds left.\n|\n|t:|1683252821\n|-terastallize|p1a: Chi-Yu|Water\n|move|p2b: Glue|Helping Hand|p2a: Nacho Libre\n|-singleturn|p2a: Nacho Libre|Helping Hand|[of] p2b: Glue\n|move|p2a: Nacho Libre|Acrobatics|p1a: Chi-Yu\n|-damage|p1a: Chi-Yu|20\/100\n|move|p1b: Flutter Mane|Moonblast|p2b: Glue\n|-damage|p2b: Glue|12\/100\n|move|p1a: Chi-Yu|Heat Wave|p2a: Nacho Libre|[spread] p2a,p2b\n|-damage|p2a: Nacho Libre|43\/100\n|-damage|p2b: Glue|0 fnt\n|faint|p2b: Glue\n|\n|upkeep\n|\n|t:|1683252829\n|switch|p2b: Heat Gun|Armarouge, L50, M|100\/100\n|turn|2\n|inactive|RagnaC has 30 seconds left.\n|inactive|RagnaC has 20 seconds left.\n|inactive|RagnaC has 15 seconds left.\n|inactive|RagnaC has 10 seconds left.\n|inactive|RagnaC has 5 seconds left.\n|\n|t:|1683252880\n|switch|p1a: Corviknight|Corviknight, L50, F|100\/100\n|-terastallize|p2a: Nacho Libre|Steel\n|move|p2b: Heat Gun|Protect|p2b: Heat Gun\n|-singleturn|p2b: Heat Gun|Protect\n|move|p2a: Nacho Libre|Drain Punch|p1a: Corviknight\n|-damage|p1a: Corviknight|78\/100\n|-heal|p2a: Nacho Libre|55\/100|[from] drain|[of] p1a: Corviknight\n|move|p1b: Flutter Mane|Dazzling Gleam|p2a: Nacho Libre|[spread] p2a\n|-activate|p2b: Heat Gun|move: Protect\n|-resisted|p2a: Nacho Libre\n|-damage|p2a: Nacho Libre|37\/100\n|\n|upkeep\n|turn|3\n|inactive|RagnaC has 30 seconds left.\n|inactive|RagnaC has 20 seconds left.\n|inactive|RagnaC has 15 seconds left.\n|inactive|RagnaC has 10 seconds left.\n|\n|t:|1683252927\n|move|p2a: Nacho Libre|Swords Dance|p2a: Nacho Libre\n|-boost|p2a: Nacho Libre|atk|2\n|move|p1b: Flutter Mane|Shadow Ball|p2a: Nacho Libre\n|-damage|p2a: Nacho Libre|0 fnt\n|faint|p2a: Nacho Libre\n|move|p2b: Heat Gun|Expanding Force|p1b: Flutter Mane|[spread] p1a,p1b\n|-resisted|p1a: Corviknight\n|-damage|p1a: Corviknight|37\/100\n|-damage|p1b: Flutter Mane|25\/100\n|-damage|p2b: Heat Gun|91\/100|[from] item: Life Orb\n|move|p1a: Corviknight|Tailwind|p1a: Corviknight\n|-sidestart|p1: RagnaC|move: Tailwind\n|\n|upkeep\n|\n|t:|1683252933\n|switch|p2a: hurdur|Flutter Mane, L50|100\/100\n|-enditem|p2a: hurdur|Booster Energy\n|-activate|p2a: hurdur|ability: Protosynthesis|[fromitem]\n|-start|p2a: hurdur|protosynthesisspa\n|turn|4\n|\n|t:|1683252957\n|move|p1b: Flutter Mane|Protect|p1b: Flutter Mane\n|-singleturn|p1b: Flutter Mane|Protect\n|move|p1a: Corviknight|Brave Bird|p2b: Heat Gun\n|-damage|p2b: Heat Gun|46\/100\n|-damage|p1a: Corviknight|23\/100|[from] Recoil\n|move|p2a: hurdur|Dazzling Gleam|p1a: Corviknight|[spread] p1a\n|-activate|p1b: Flutter Mane|move: Protect\n|-resisted|p1a: Corviknight\n|-damage|p1a: Corviknight|4\/100\n|move|p2b: Heat Gun|Expanding Force|p1a: Corviknight|[spread] p1a\n|-activate|p1b: Flutter Mane|move: Protect\n|-resisted|p1a: Corviknight\n|-damage|p1a: Corviknight|0 fnt\n|faint|p1a: Corviknight\n|-damage|p2b: Heat Gun|36\/100|[from] item: Life Orb\n|\n|upkeep\n|\n|t:|1683252971\n|switch|p1a: Chi-Yu|Chi-Yu, L50, tera:Water|20\/100\n|-ability|p1a: Chi-Yu|Beads of Ruin\n|turn|5\n|\n|t:|1683252980\n|move|p2b: Heat Gun|Protect|p2b: Heat Gun\n|-singleturn|p2b: Heat Gun|Protect\n|move|p1b: Flutter Mane|Shadow Ball|p2a: hurdur\n|-supereffective|p2a: hurdur\n|-damage|p2a: hurdur|0 fnt\n|faint|p2a: hurdur\n|-end|p2a: hurdur|Protosynthesis|[silent]\n|move|p1a: Chi-Yu|Dark Pulse|p2b: Heat Gun\n|-activate|p2b: Heat Gun|move: Protect\n|\n|-fieldend|move: Psychic Terrain\n|upkeep\n|turn|6\n|\n|t:|1683252989\n|move|p1b: Flutter Mane|Shadow Ball|p2b: Heat Gun\n|-supereffective|p2b: Heat Gun\n|-damage|p2b: Heat Gun|0 fnt\n|faint|p2b: Heat Gun\n|\n|win|RagnaC\n|j| aberen\n|l|\u2606Bdogplatinum\n","uploadtime":1683253592,"views":9,"p1id":"ragnac","p2id":"bdogplatinum","formatid":"gen9vgc2023regulationc","rating":0,"private":0,"password":""}