{"id":"gen9vgc2023regulationc-1860932899","p1":"M175128050523","p2":"cyborgslayer15","format":"[Gen 9] VGC 2023 Regulation C","log":"|j|\u2606M175128050523\n|j|\u2606cyborgslayer15\n|t:|1683698482\n|gametype|doubles\n|player|p1|M175128050523|silver|1107\n|player|p2|cyborgslayer15|cyrus|1202\n|teamsize|p1|6\n|teamsize|p2|6\n|gen|9\n|tier|[Gen 9] VGC 2023 Regulation C\n|rated|\n|rule|Species Clause: Limit one of each Pok\u00e9mon\n|rule|Item Clause: Limit one of each item\n|clearpoke\n|poke|p1|Orthworm, L50, M|\n|poke|p1|Iron Hands, L50|\n|poke|p1|Flutter Mane, L50|\n|poke|p1|Gholdengo, L50|\n|poke|p1|Gyarados, L50, M|\n|poke|p1|Ting-Lu, L50|\n|poke|p2|Abomasnow, L50, F|\n|poke|p2|Cetitan, L50, M|\n|poke|p2|Annihilape, L50, M|\n|poke|p2|Indeedee-F, L50, F|\n|poke|p2|Armarouge, L50, F|\n|poke|p2|Hydreigon, L50, F|\n|teampreview|4\n|inactive|Battle timer is ON: inactive players will automatically lose when time's up. (requested by M175128050523)\nM175128050523 has agreed to open team sheets.\ncyborgslayer15 rejected open team sheets.\n|inactive|M175128050523 has 60 seconds left.\n|\n|t:|1683698538\n|start\n|switch|p1a: Ting-Lu|Ting-Lu, L50|100\/100\n|switch|p1b: Orthworm|Orthworm, L50, M|100\/100\n|switch|p2a: Armarouge|Armarouge, L50, F|100\/100\n|switch|p2b: Indeedee|Indeedee-F, L50, F|100\/100\n|-fieldstart|move: Psychic Terrain|[from] ability: Psychic Surge|[of] p2b: Indeedee\n|-enditem|p2b: Indeedee|Psychic Seed\n|-boost|p2b: Indeedee|spd|1|[from] item: Psychic Seed\n|-ability|p1a: Ting-Lu|Vessel of Ruin\n|turn|1\n|inactive|M175128050523 has 30 seconds left.\n|\n|t:|1683698569\n|-terastallize|p1b: Orthworm|Water\n|move|p2b: Indeedee|Follow Me|p2b: Indeedee\n|-singleturn|p2b: Indeedee|move: Follow Me\n|move|p1b: Orthworm|Shed Tail|p1b: Orthworm\n|-start|p1b: Orthworm|Substitute|[from] move: Shed Tail\n|-damage|p1b: Orthworm|50\/100\n|-enditem|p1b: Orthworm|Sitrus Berry|[eat]\n|-heal|p1b: Orthworm|75\/100|[from] item: Sitrus Berry\n|\n|t:|1683698581\n|switch|p1b: Gyarados|Gyarados, L50, M|100\/100|[from] Shed Tail\n|-ability|p1b: Gyarados|Intimidate|boost\n|-unboost|p2a: Armarouge|atk|1\n|-unboost|p2b: Indeedee|atk|1\n|move|p1a: Ting-Lu|Earthquake|p2b: Indeedee|[spread] p2a,p2b\n|-immune|p1b: Gyarados\n|-supereffective|p2a: Armarouge\n|-damage|p2a: Armarouge|49\/100\n|-damage|p2b: Indeedee|75\/100\n|move|p2a: Armarouge|Trick Room|p2a: Armarouge\n|-fieldstart|move: Trick Room|[of] p2a: Armarouge\n|\n|upkeep\n|turn|2\n|\n|t:|1683698603\n|switch|p2b: Abomasnow|Abomasnow, L50, F|100\/100\n|-weather|Snow|[from] ability: Snow Warning|[of] p2b: Abomasnow\n|move|p2a: Armarouge|Wide Guard|p2a: Armarouge\n|-singleturn|p2a: Armarouge|Wide Guard\n|move|p1a: Ting-Lu|Earthquake|p2b: Abomasnow|[spread] \n|-activate|p2a: Armarouge|move: Wide Guard\n|-activate|p2b: Abomasnow|move: Wide Guard\n|-immune|p1b: Gyarados\n|move|p1b: Gyarados|Waterfall|p2b: Abomasnow\n|-resisted|p2b: Abomasnow\n|-damage|p2b: Abomasnow|82\/100\n|\n|-weather|Snow|[upkeep]\n|upkeep\n|turn|3\n|inactive|M175128050523 has 30 seconds left.\n|\n|t:|1683698636\n|move|p1a: Ting-Lu|Throat Chop|p2a: Armarouge\n|-supereffective|p2a: Armarouge\n|-damage|p2a: Armarouge|0 fnt\n|faint|p2a: Armarouge\n|move|p2b: Abomasnow|Aurora Veil|p2b: Abomasnow\n|-sidestart|p2: cyborgslayer15|move: Aurora Veil\n|move|p1b: Gyarados|Waterfall|p2b: Abomasnow\n|-resisted|p2b: Abomasnow\n|-damage|p2b: Abomasnow|69\/100\n|\n|-weather|Snow|[upkeep]\n|upkeep\n|\n|t:|1683698645\n|switch|p2a: Cetitan|Cetitan, L50, M|100\/100\n|turn|4\n|\n|t:|1683698660\n|move|p2b: Abomasnow|Protect|p2b: Abomasnow\n|-singleturn|p2b: Abomasnow|Protect\n|move|p1a: Ting-Lu|Snarl|p2b: Abomasnow|[spread] \n|-activate|p2b: Abomasnow|move: Protect\n|-miss|p1a: Ting-Lu|p2a: Cetitan\n|move|p1b: Gyarados|Waterfall|p2a: Cetitan\n|-damage|p2a: Cetitan|80\/100\n|cant|p2a: Cetitan|flinch\n|\n|-weather|Snow|[upkeep]\n|upkeep\n|turn|5\n|\n|t:|1683698684\n|move|p1a: Ting-Lu|Snarl|p2b: Abomasnow|[spread] p2a,p2b\n|-damage|p2a: Cetitan|77\/100\n|-damage|p2b: Abomasnow|64\/100\n|-unboost|p2a: Cetitan|spa|1\n|-unboost|p2b: Abomasnow|spa|1\n|move|p2b: Abomasnow|Blizzard|p1a: Ting-Lu|[spread] p1a,p1b\n|-activate|p1b: Gyarados|move: Substitute|[damage]\n|-supereffective|p1a: Ting-Lu\n|-damage|p1a: Ting-Lu|77\/100\n|move|p1b: Gyarados|Waterfall|p2a: Cetitan\n|-damage|p2a: Cetitan|58\/100\n|move|p2a: Cetitan|Liquidation|p1a: Ting-Lu\n|-supereffective|p1a: Ting-Lu\n|-damage|p1a: Ting-Lu|44\/100\n|\n|-weather|Snow|[upkeep]\n|-fieldend|move: Trick Room\n|-fieldend|move: Psychic Terrain\n|upkeep\n|turn|6\n|\n|t:|1683698709\n|move|p2a: Cetitan|Icicle Crash|p1b: Gyarados\n|-end|p1b: Gyarados|Substitute\n|move|p1b: Gyarados|Dragon Dance|p1b: Gyarados\n|-boost|p1b: Gyarados|atk|1\n|-boost|p1b: Gyarados|spe|1\n|move|p2b: Abomasnow|Energy Ball|p1b: Gyarados\n|-damage|p1b: Gyarados|80\/100\n|move|p1a: Ting-Lu|Snarl|p2a: Cetitan|[spread] p2a,p2b\n|-damage|p2a: Cetitan|55\/100\n|-damage|p2b: Abomasnow|57\/100\n|-unboost|p2a: Cetitan|spa|1\n|-unboost|p2b: Abomasnow|spa|1\n|\n|-weather|none\n|upkeep\n|turn|7\n|\n|t:|1683698732\n|switch|p2b: Indeedee|Indeedee-F, L50, F|75\/100\n|-fieldstart|move: Psychic Terrain|[from] ability: Psychic Surge|[of] p2b: Indeedee\n|-terastallize|p2a: Cetitan|Water\n|move|p1b: Gyarados|Waterfall|p2a: Cetitan\n|-resisted|p2a: Cetitan\n|-damage|p2a: Cetitan|34\/100\n|move|p2a: Cetitan|Icicle Crash|p1b: Gyarados\n|-damage|p1b: Gyarados|28\/100\n|move|p1a: Ting-Lu|Throat Chop|p2b: Indeedee\n|-supereffective|p2b: Indeedee\n|-damage|p2b: Indeedee|36\/100\n|-start|p2b: Indeedee|Throat Chop|[silent]\n|\n|-sideend|p2: cyborgslayer15|move: Aurora Veil\n|upkeep\n|turn|8\n|\n|t:|1683698756\n|move|p1b: Gyarados|Protect|p1b: Gyarados\n|-singleturn|p1b: Gyarados|Protect\n|move|p2b: Indeedee|Follow Me|p2b: Indeedee\n|-singleturn|p2b: Indeedee|move: Follow Me\n|move|p2a: Cetitan|Icicle Crash|p1b: Gyarados\n|-activate|p1b: Gyarados|move: Protect\n|move|p1a: Ting-Lu|Throat Chop|p2b: Indeedee\n|-supereffective|p2b: Indeedee\n|-damage|p2b: Indeedee|0 fnt\n|faint|p2b: Indeedee\n|\n|upkeep\n|\n|t:|1683698766\n|switch|p2b: Abomasnow|Abomasnow, L50, F|57\/100\n|-weather|Snow|[from] ability: Snow Warning|[of] p2b: Abomasnow\n|turn|9\n|\n|t:|1683698778\n|switch|p1a: Orthworm|Orthworm, L50, M, tera:Water|75\/100\n|move|p1b: Gyarados|Bulldoze|p2a: Cetitan|[spread] p2a,p2b\n|-heal|p1a: Orthworm|100\/100|[from] ability: Earth Eater|[of] p1b: Gyarados\n|-resisted|p2b: Abomasnow\n|-crit|p2b: Abomasnow\n|-damage|p2a: Cetitan|11\/100\n|-damage|p2b: Abomasnow|42\/100\n|-unboost|p2a: Cetitan|spe|1\n|-unboost|p2b: Abomasnow|spe|1\n|move|p2a: Cetitan|Liquidation|p1a: Orthworm\n|-resisted|p1a: Orthworm\n|-damage|p1a: Orthworm|84\/100\n|-unboost|p1a: Orthworm|def|1\n|move|p2b: Abomasnow|Aurora Veil|p2b: Abomasnow\n|-sidestart|p2: cyborgslayer15|move: Aurora Veil\n|\n|-weather|Snow|[upkeep]\n|upkeep\n|turn|10\n|\n|t:|1683698802\n|move|p1a: Orthworm|Helping Hand|p1b: Gyarados\n|-singleturn|p1b: Gyarados|Helping Hand|[of] p1a: Orthworm\n|move|p1b: Gyarados|Bulldoze|p2a: Cetitan|[spread] p2a,p2b\n|-heal|p1a: Orthworm|100\/100|[from] ability: Earth Eater|[of] p1b: Gyarados\n|-resisted|p2b: Abomasnow\n|-damage|p2a: Cetitan|0 fnt\n|-damage|p2b: Abomasnow|33\/100\n|-unboost|p2b: Abomasnow|spe|1\n|faint|p2a: Cetitan\n|move|p2b: Abomasnow|Energy Ball|p1a: Orthworm\n|-supereffective|p1a: Orthworm\n|-damage|p1a: Orthworm|11\/100\n|\n|-weather|Snow|[upkeep]\n|upkeep\n|turn|11\n|\n|t:|1683698823\n|move|p1b: Gyarados|Bulldoze|p2b: Abomasnow|[spread] p2b\n|-heal|p1a: Orthworm|36\/100|[from] ability: Earth Eater|[of] p1b: Gyarados\n|-resisted|p2b: Abomasnow\n|-damage|p2b: Abomasnow|26\/100\n|-unboost|p2b: Abomasnow|spe|1\n|move|p1a: Orthworm|Heavy Slam|p2b: Abomasnow\n|-supereffective|p2b: Abomasnow\n|-damage|p2b: Abomasnow|6\/100\n|move|p2b: Abomasnow|Blizzard|p1a: Orthworm|[spread] p1a,p1b\n|-resisted|p1a: Orthworm\n|-damage|p1a: Orthworm|17\/100\n|-damage|p1b: Gyarados|0 fnt\n|faint|p1b: Gyarados\n|\n|-weather|Snow|[upkeep]\n|-fieldend|move: Psychic Terrain\n|upkeep\n|\n|t:|1683698839\n|switch|p1b: Ting-Lu|Ting-Lu, L50|44\/100\n|-ability|p1b: Ting-Lu|Vessel of Ruin\n|turn|12\n|\n|t:|1683698848\n|move|p1a: Orthworm|Heavy Slam|p2b: Abomasnow\n|-supereffective|p2b: Abomasnow\n|-damage|p2b: Abomasnow|0 fnt\n|faint|p2b: Abomasnow\n|\n|win|M175128050523\n|raw|M175128050523's rating: 1107 → 1139<\/strong> (+32 for winning)\n|raw|cyborgslayer15's rating: 1202 → 1170<\/strong> (-32 for losing)\n|l|\u2606cyborgslayer15\n|c|\u2606M175128050523|Open team sheets bruh\n|l|\u2606M175128050523\n|j|\u2606M175128050523\n|player|p1|M175128050523|silver\n","uploadtime":1683698855,"views":17,"p1id":"m175128050523","p2id":"cyborgslayer15","formatid":"gen9vgc2023regulationc","rating":1139,"private":0,"password":""}