{"id":"gen9vgc2023regulationc-1860193728","p1":"MidianVGC","p2":"SweetSerenityGrace","format":"[Gen 9] VGC 2023 Regulation C","log":"|j|\u2606MidianVGC\n|j|\u2606SweetSerenityGrace\n|t:|1683607914\n|gametype|doubles\n|player|p1|MidianVGC|169|1261\n|player|p2|SweetSerenityGrace|iris-gen5bw2|1202\n|teamsize|p1|6\n|teamsize|p2|6\n|gen|9\n|tier|[Gen 9] VGC 2023 Regulation C\n|rated|\n|rule|Species Clause: Limit one of each Pok\u00e9mon\n|rule|Item Clause: Limit one of each item\n|clearpoke\n|poke|p1|Iron Moth, L50|\n|poke|p1|Garganacl, L50, F|\n|poke|p1|Ting-Lu, L50|\n|poke|p1|Bronzong, L50|\n|poke|p1|Gholdengo, L50|\n|poke|p1|Roaring Moon, L50|\n|poke|p2|Flutter Mane, L50|\n|poke|p2|Chi-Yu, L50|\n|poke|p2|Chien-Pao, L50|\n|poke|p2|Dragonite, L50, F|\n|poke|p2|Iron Hands, L50|\n|poke|p2|Amoonguss, L50, F|\n|teampreview|4\n|j| vinhin\nSweetSerenityGrace rejected open team sheets.\n|\n|t:|1683607959\n|start\n|switch|p1a: Gholdengo|Gholdengo, L50|100\/100\n|switch|p1b: Iron Moth|Iron Moth, L50, shiny|100\/100\n|switch|p2a: Big Missy|Flutter Mane, L50|100\/100\n|switch|p2b: Chi-Yu|Chi-Yu, L50|100\/100\n|-ability|p2b: Chi-Yu|Beads of Ruin\n|-enditem|p2a: Big Missy|Booster Energy\n|-activate|p2a: Big Missy|ability: Protosynthesis|[fromitem]\n|-start|p2a: Big Missy|protosynthesisspe\n|turn|1\n|inactive|Battle timer is ON: inactive players will automatically lose when time's up. (requested by MidianVGC)\n|\n|t:|1683607978\n|-terastallize|p1a: Gholdengo|Water\n|move|p2a: Big Missy|Protect|p2a: Big Missy\n|-singleturn|p2a: Big Missy|Protect\n|move|p1a: Gholdengo|Tera Blast|p2b: Chi-Yu\n|-supereffective|p2b: Chi-Yu\n|-damage|p2b: Chi-Yu|36\/100\n|move|p1b: Iron Moth|Fiery Dance|p2a: Big Missy\n|-activate|p2a: Big Missy|move: Protect\n|move|p2b: Chi-Yu|Heat Wave|p1b: Iron Moth|[spread] p1b\n|-miss|p2b: Chi-Yu|p1a: Gholdengo\n|-resisted|p1b: Iron Moth\n|-damage|p1b: Iron Moth|80\/100\n|\n|-heal|p2b: Chi-Yu|42\/100|[from] item: Leftovers\n|upkeep\n|turn|2\n|inactive|SweetSerenityGrace has 30 seconds left.\n|inactive|SweetSerenityGrace has 20 seconds left.\n|\n|t:|1683608015\n|switch|p2b: Shroomie|Amoonguss, L50, F|100\/100\n|move|p2a: Big Missy|Shadow Ball|p1b: Iron Moth\n|-damage|p1b: Iron Moth|31\/100\n|-unboost|p1b: Iron Moth|spd|1\n|move|p1a: Gholdengo|Tera Blast|p2b: Shroomie\n|-resisted|p2b: Shroomie\n|-damage|p2b: Shroomie|81\/100\n|move|p1b: Iron Moth|Fiery Dance|p2a: Big Missy\n|-damage|p2a: Big Missy|34\/100\n|-damage|p1b: Iron Moth|22\/100|[from] item: Life Orb\n|\n|upkeep\n|turn|3\n|inactive|MidianVGC has 30 seconds left.\n|\n|t:|1683608046\n|move|p1b: Iron Moth|Protect|p1b: Iron Moth\n|-singleturn|p1b: Iron Moth|Protect\n|move|p2b: Shroomie|Rage Powder|p2b: Shroomie\n|-singleturn|p2b: Shroomie|move: Rage Powder\n|move|p2a: Big Missy|Dazzling Gleam|p1a: Gholdengo|[spread] p1a\n|-activate|p1b: Iron Moth|move: Protect\n|-damage|p1a: Gholdengo|62\/100\n|move|p1a: Gholdengo|Tera Blast|p2b: Shroomie\n|-resisted|p2b: Shroomie\n|-damage|p2b: Shroomie|62\/100\n|\n|upkeep\n|turn|4\n|\n|t:|1683608069\n|-end|p1b: Iron Moth|Quark Drive|[silent]\n|switch|p1b: Bronzong|Bronzong, L50, shiny|100\/100\n|move|p2b: Shroomie|Rage Powder|p2b: Shroomie\n|-singleturn|p2b: Shroomie|move: Rage Powder\n|move|p2a: Big Missy|Dazzling Gleam|p1a: Gholdengo|[spread] p1a,p1b\n|-resisted|p1b: Bronzong\n|-damage|p1a: Gholdengo|28\/100\n|-damage|p1b: Bronzong|89\/100\n|move|p1a: Gholdengo|Tera Blast|p2b: Shroomie\n|-resisted|p2b: Shroomie\n|-damage|p2b: Shroomie|44\/100\n|\n|upkeep\n|turn|5\n|inactive|MidianVGC has 30 seconds left.\n|inactive|MidianVGC has 20 seconds left.\n|\n|t:|1683608105\n|move|p2b: Shroomie|Rage Powder|p2b: Shroomie\n|-singleturn|p2b: Shroomie|move: Rage Powder\n|move|p2a: Big Missy|Shadow Ball|p1b: Bronzong\n|-supereffective|p1b: Bronzong\n|-damage|p1b: Bronzong|20\/100\n|move|p1a: Gholdengo|Tera Blast|p2b: Shroomie\n|-resisted|p2b: Shroomie\n|-damage|p2b: Shroomie|26\/100\n|move|p1b: Bronzong|Gyro Ball|p2a: Big Missy\n|-supereffective|p2a: Big Missy\n|-damage|p2a: Big Missy|0 fnt\n|faint|p2a: Big Missy\n|-end|p2a: Big Missy|Protosynthesis|[silent]\n|\n|upkeep\n|\n|t:|1683608120\n|switch|p2a: Dragonite|Dragonite, L50, F|100\/100\n|turn|6\n|\n|t:|1683608134\n|switch|p1a: Roaring Moon|Roaring Moon, L50, shiny|100\/100\n|-enditem|p1a: Roaring Moon|Booster Energy\n|-activate|p1a: Roaring Moon|ability: Protosynthesis|[fromitem]\n|-start|p1a: Roaring Moon|protosynthesisspe\n|move|p2b: Shroomie|Rage Powder|p2b: Shroomie\n|-singleturn|p2b: Shroomie|move: Rage Powder\n|move|p2a: Dragonite|Dragon Dance|p2a: Dragonite\n|-boost|p2a: Dragonite|atk|1\n|-boost|p2a: Dragonite|spe|1\n|move|p1b: Bronzong|Iron Defense|p1b: Bronzong\n|-boost|p1b: Bronzong|def|2\n|\n|upkeep\n|turn|7\n|inactive|MidianVGC has 30 seconds left.\n|\n|t:|1683608166\n|move|p2b: Shroomie|Rage Powder|p2b: Shroomie\n|-singleturn|p2b: Shroomie|move: Rage Powder\n|move|p1a: Roaring Moon|Breaking Swipe|p2b: Shroomie|[spread] p2a,p2b\n|-supereffective|p2a: Dragonite\n|-damage|p2a: Dragonite|78\/100\n|-damage|p2b: Shroomie|8\/100\n|-unboost|p2a: Dragonite|atk|1\n|-unboost|p2b: Shroomie|atk|1\n|-damage|p1a: Roaring Moon|84\/100|[from] item: Rocky Helmet|[of] p2b: Shroomie\n|move|p2a: Dragonite|Outrage|p1a: Roaring Moon\n|-supereffective|p1a: Roaring Moon\n|-damage|p1a: Roaring Moon|0 fnt\n|faint|p1a: Roaring Moon\n|-end|p1a: Roaring Moon|Protosynthesis|[silent]\n|move|p1b: Bronzong|Body Press|p2b: Shroomie\n|-resisted|p2b: Shroomie\n|-damage|p2b: Shroomie|0 fnt\n|-damage|p1b: Bronzong|3\/100|[from] item: Rocky Helmet|[of] p2b: Shroomie\n|faint|p2b: Shroomie\n|\n|upkeep\n|\n|t:|1683608187\n|switch|p1a: Gholdengo|Gholdengo, L50, tera:Water|28\/100\n|switch|p2b: Chi-Yu|Chi-Yu, L50|42\/100\n|-ability|p2b: Chi-Yu|Beads of Ruin\n|turn|8\n|\n|t:|1683608207\n|-terastallize|p2b: Chi-Yu|Grass\n|move|p2b: Chi-Yu|Protect|p2b: Chi-Yu\n|-singleturn|p2b: Chi-Yu|Protect\n|move|p1a: Gholdengo|Tera Blast|p2b: Chi-Yu\n|-activate|p2b: Chi-Yu|move: Protect\n|move|p2a: Dragonite|Outrage|p1a: Gholdengo|[from]lockedmove\n|-damage|p1a: Gholdengo|0 fnt\n|faint|p1a: Gholdengo\n|move|p1b: Bronzong|Trick Room|p1b: Bronzong\n|-fieldstart|move: Trick Room|[of] p1b: Bronzong\n|\n|-heal|p2b: Chi-Yu|49\/100|[from] item: Leftovers\n|upkeep\n|\n|t:|1683608217\n|switch|p1a: Iron Moth|Iron Moth, L50, shiny|22\/100\n|turn|9\n|inactive|MidianVGC has 30 seconds left.\n|\n|t:|1683608245\n|move|p1b: Bronzong|Body Press|p2a: Dragonite\n|-resisted|p2a: Dragonite\n|-damage|p2a: Dragonite|57\/100\n|move|p2b: Chi-Yu|Heat Wave|p1a: Iron Moth|[spread] p1a,p1b\n|-resisted|p1a: Iron Moth\n|-supereffective|p1b: Bronzong\n|-damage|p1a: Iron Moth|0 fnt\n|-damage|p1b: Bronzong|0 fnt\n|faint|p1a: Iron Moth\n|-end|p1a: Iron Moth|Quark Drive|[silent]\n|faint|p1b: Bronzong\n|\n|win|SweetSerenityGrace\n|raw|MidianVGC's rating: 1261 → 1232<\/strong> (-29 for losing)\n|raw|SweetSerenityGrace's rating: 1202 → 1231<\/strong> (+29 for winning)\n|l|\u2606MidianVGC\n","uploadtime":1683608259,"views":9,"p1id":"midianvgc","p2id":"sweetserenitygrace","formatid":"gen9vgc2023regulationc","rating":1231,"private":0,"password":""}