{"id":"gen9vgc2023regulationc-1845181575","p1":"Whatever0512","p2":"Slim reaper 69","format":"[Gen 9] VGC 2023 Regulation C","log":"|j|\u2606Whatever0512\n|j|\u2606Slim reaper 69\n|t:|1681693315\n|gametype|doubles\n|player|p1|Whatever0512|266|1210\n|player|p2|Slim reaper 69|rood|1310\n|teamsize|p1|6\n|teamsize|p2|6\n|gen|9\n|tier|[Gen 9] VGC 2023 Regulation C\n|rated|\n|rule|Species Clause: Limit one of each Pok\u00e9mon\n|rule|Item Clause: Limit one of each item\n|clearpoke\n|poke|p1|Tyranitar, L50, F|\n|poke|p1|Iron Bundle, L50|\n|poke|p1|Great Tusk, L50|\n|poke|p1|Talonflame, L50, F|\n|poke|p1|Gothitelle, L50, M|\n|poke|p1|Flutter Mane, L50|\n|poke|p2|Ting-Lu, L50|\n|poke|p2|Annihilape, L50, F|\n|poke|p2|Arcanine, L50, F|\n|poke|p2|Amoonguss, L50, F|\n|poke|p2|Iron Bundle, L50|\n|poke|p2|Corviknight, L50, M|\n|teampreview|4\nWhatever0512 has agreed to open team sheets.\nSlim reaper 69 has agreed to open team sheets.\n|\n|t:|1681693363\n|start\n|switch|p1a: Gothitelle|Gothitelle, L50, M|100\/100\n|switch|p1b: Flutter Mane|Flutter Mane, L50|100\/100\n|switch|p2a: Teddy|Arcanine, L50, F, shiny|100\/100\n|switch|p2b: Zuggins|Iron Bundle, L50|100\/100\n|-ability|p2a: Teddy|Intimidate|boost\n|-unboost|p1a: Gothitelle|atk|1\n|-unboost|p1b: Flutter Mane|atk|1\n|turn|1\n|\n|t:|1681693384\n|-end|p1b: Flutter Mane|Protosynthesis|[silent]\n|switch|p1b: Tyranitar|Tyranitar, L50, F|100\/100\n|-weather|Sandstorm|[from] ability: Sand Stream|[of] p1b: Tyranitar\n|move|p2b: Zuggins|Taunt|p1b: Tyranitar\n|-start|p1b: Tyranitar|move: Taunt\n|move|p2a: Teddy|Flare Blitz|p1b: Tyranitar\n|-resisted|p1b: Tyranitar\n|-damage|p1b: Tyranitar|78\/100\n|-damage|p2a: Teddy|93\/100|[from] Recoil\n|move|p1a: Gothitelle|Thunder Wave|p2b: Zuggins\n|-status|p2b: Zuggins|par\n|\n|-weather|Sandstorm|[upkeep]\n|-damage|p2a: Teddy|87\/100|[from] Sandstorm\n|-damage|p2b: Zuggins|94\/100 par|[from] Sandstorm\n|-damage|p1a: Gothitelle|95\/100|[from] Sandstorm\n|upkeep\n|turn|2\n|\n|t:|1681693410\n|switch|p1b: Flutter Mane|Flutter Mane, L50|100\/100\n|move|p2a: Teddy|Will-O-Wisp|p1b: Flutter Mane\n|-status|p1b: Flutter Mane|brn\n|move|p2b: Zuggins|Taunt|p1a: Gothitelle\n|-start|p1a: Gothitelle|move: Taunt\n|cant|p1a: Gothitelle|move: Taunt|Taunt\n|\n|-weather|Sandstorm|[upkeep]\n|-damage|p1b: Flutter Mane|95\/100 brn|[from] Sandstorm\n|-damage|p2a: Teddy|81\/100|[from] Sandstorm\n|-damage|p2b: Zuggins|88\/100 par|[from] Sandstorm\n|-damage|p1a: Gothitelle|89\/100|[from] Sandstorm\n|-damage|p1b: Flutter Mane|89\/100 brn|[from] brn\n|upkeep\n|turn|3\n|\n|t:|1681693441\n|move|p2b: Zuggins|Protect|p2b: Zuggins\n|-singleturn|p2b: Zuggins|Protect\n|move|p1b: Flutter Mane|Shadow Ball|p2a: Teddy\n|-damage|p2a: Teddy|23\/100\n|-enditem|p2a: Teddy|Sitrus Berry|[eat]\n|-heal|p2a: Teddy|48\/100|[from] item: Sitrus Berry\n|move|p2a: Teddy|Flare Blitz|p1b: Flutter Mane\n|-damage|p1b: Flutter Mane|20\/100 brn\n|-damage|p2a: Teddy|31\/100|[from] Recoil\n|move|p1a: Gothitelle|Psychic|p2a: Teddy\n|-damage|p2a: Teddy|5\/100\n|\n|-weather|Sandstorm|[upkeep]\n|-damage|p1b: Flutter Mane|14\/100 brn|[from] Sandstorm\n|-damage|p2a: Teddy|0 fnt|[from] Sandstorm\n|-damage|p2b: Zuggins|82\/100 par|[from] Sandstorm\n|-damage|p1a: Gothitelle|83\/100|[from] Sandstorm\n|faint|p2a: Teddy\n|-damage|p1b: Flutter Mane|9\/100 brn|[from] brn\n|upkeep\n|\n|t:|1681693457\n|switch|p2a: Mugen|Annihilape, L50, F|100\/100\n|turn|4\n|\n|t:|1681693475\n|-end|p1b: Flutter Mane|Protosynthesis|[silent]\n|switch|p1b: Tyranitar|Tyranitar, L50, F|78\/100\n|-terastallize|p2a: Mugen|Fire\n|move|p2a: Mugen|Bulk Up|p2a: Mugen\n|-boost|p2a: Mugen|atk|1\n|-boost|p2a: Mugen|def|1\n|move|p2b: Zuggins|Hydro Pump|p1a: Gothitelle\n|-damage|p1a: Gothitelle|46\/100\n|-enditem|p1a: Gothitelle|Sitrus Berry|[eat]\n|-heal|p1a: Gothitelle|71\/100|[from] item: Sitrus Berry\n|move|p1a: Gothitelle|Psychic|p2a: Mugen\n|-damage|p2a: Mugen|81\/100\n|\n|-weather|Sandstorm|[upkeep]\n|-damage|p2a: Mugen|75\/100|[from] Sandstorm\n|-damage|p2b: Zuggins|76\/100 par|[from] Sandstorm\n|-damage|p1a: Gothitelle|65\/100|[from] Sandstorm\n|-heal|p2a: Mugen|81\/100|[from] item: Leftovers\n|-end|p1a: Gothitelle|move: Taunt\n|upkeep\n|turn|5\n|\n|t:|1681693506\n|-terastallize|p1b: Tyranitar|Flying\n|move|p2a: Mugen|Drain Punch|p1b: Tyranitar\n|-resisted|p1b: Tyranitar\n|-damage|p1b: Tyranitar|60\/100\n|-heal|p2a: Mugen|89\/100|[from] drain|[of] p1b: Tyranitar\n|move|p1b: Tyranitar|Rock Slide|p2b: Zuggins|[spread] p2a,p2b\n|-supereffective|p2a: Mugen\n|-supereffective|p2b: Zuggins\n|-damage|p2a: Mugen|48\/100\n|-damage|p2b: Zuggins|0 fnt\n|faint|p2b: Zuggins\n|-end|p2b: Zuggins|Quark Drive|[silent]\n|move|p1a: Gothitelle|Thunder Wave|p2a: Mugen\n|-status|p2a: Mugen|par\n|\n|-weather|none\n|-heal|p2a: Mugen|54\/100 par|[from] item: Leftovers\n|upkeep\n|\n|t:|1681693520\n|switch|p2b: Gummi|Corviknight, L50, M|100\/100\n|turn|6\n|\n|t:|1681693528\n|move|p1b: Tyranitar|Rock Slide|p2a: Mugen|[spread] p2a,p2b\n|-supereffective|p2a: Mugen\n|-damage|p2a: Mugen|12\/100 par\n|-damage|p2b: Gummi|72\/100\n|move|p2b: Gummi|Tailwind|p2b: Gummi\n|-sidestart|p2: Slim reaper 69|move: Tailwind\n|cant|p2a: Mugen|flinch\n|move|p1a: Gothitelle|Taunt|p2b: Gummi\n|-start|p2b: Gummi|move: Taunt\n|\n|-heal|p2a: Mugen|18\/100 par|[from] item: Leftovers\n|upkeep\n|turn|7\n|-message|Slim reaper 69 forfeited.\n|\n|win|Whatever0512\n|raw|Whatever0512's rating: 1210 → 1242<\/strong> (+32 for winning)\n|raw|Slim reaper 69's rating: 1310 → 1284<\/strong> (-26 for losing)\n|l|\u2606Slim reaper 69\n","uploadtime":1681693553,"views":18,"p1id":"whatever0512","p2id":"slimreaper69","formatid":"gen9vgc2023regulationc","rating":1242,"private":0,"password":""}