{"id":"gen9vgc2023regulationc-1860655165","p1":"BleachyBoi_426","p2":"Hoppito","format":"[Gen 9] VGC 2023 Regulation C","log":"|j|\u2606BleachyBoi_426\n|j|\u2606Hoppito\n|t:|1683663015\n|gametype|doubles\n|player|p1|BleachyBoi_426|n|\n|player|p2|Hoppito|101|\n|teamsize|p1|6\n|teamsize|p2|6\n|gen|9\n|tier|[Gen 9] VGC 2023 Regulation C\n|rule|Species Clause: Limit one of each Pok\u00e9mon\n|rule|Item Clause: Limit one of each item\n|clearpoke\n|poke|p1|Pincurchin, L50, F|\n|poke|p1|Iron Moth, L50|\n|poke|p1|Pelipper, L50, M|\n|poke|p1|Quaquaval, L50, M|\n|poke|p1|Arboliva, L50, F|\n|poke|p1|Tinkaton, L50, F|\n|poke|p2|Flutter Mane, L50|\n|poke|p2|Amoonguss, L50, M|\n|poke|p2|Murkrow, L50, M|\n|poke|p2|Rotom-Heat, L50|\n|poke|p2|Tatsugiri, L50, F|\n|poke|p2|Dondozo, L50, M|\n|teampreview|4\nHoppito has agreed to open team sheets.\n|c|\u2606Hoppito|is this the second one?\n|c|\u2606BleachyBoi_426|yep\n|c|\u2606BleachyBoi_426|this is game 2\n|c|\u2606Hoppito|gl\n|c|\u2606BleachyBoi_426|glhf\n|j| jayballester\n|j| Jstardude\nBleachyBoi_426 has agreed to open team sheets.\n|j| Tuxmux\n|\n|t:|1683663951\n|start\n|switch|p1a: A.RD.|Pelipper, L50, M|100\/100\n|switch|p1b: Dark Outside|Quaquaval, L50, M|100\/100\n|switch|p2a: Murkrow|Murkrow, L50, M|100\/100\n|switch|p2b: Flutter Mane|Flutter Mane, L50|100\/100\n|-weather|RainDance|[from] ability: Drizzle|[of] p1a: A.RD.\n|turn|1\n|\n|t:|1683663982\n|move|p2a: Murkrow|Sunny Day|p2a: Murkrow\n|-weather|SunnyDay\n|-activate|p2b: Flutter Mane|ability: Protosynthesis\n|-start|p2b: Flutter Mane|protosynthesisspa\n|move|p2b: Flutter Mane|Moonblast|p1b: Dark Outside\n|-supereffective|p1b: Dark Outside\n|-enditem|p1b: Dark Outside|Focus Sash\n|-damage|p1b: Dark Outside|1\/100\n|-unboost|p1b: Dark Outside|spa|1\n|move|p1b: Dark Outside|Icy Wind|p2b: Flutter Mane|[spread] p2a,p2b\n|-supereffective|p2a: Murkrow\n|-damage|p2a: Murkrow|89\/100\n|-damage|p2b: Flutter Mane|94\/100\n|-unboost|p2a: Murkrow|spe|1\n|-unboost|p2b: Flutter Mane|spe|1\n|move|p1a: A.RD.|Tailwind|p1a: A.RD.\n|-sidestart|p1: BleachyBoi_426|move: Tailwind\n|\n|-weather|SunnyDay|[upkeep]\n|upkeep\n|turn|2\n|\n|t:|1683664022\n|move|p1b: Dark Outside|Detect|p1b: Dark Outside\n|-singleturn|p1b: Dark Outside|Protect\n|move|p1a: A.RD.|Protect|p1a: A.RD.\n|-singleturn|p1a: A.RD.|Protect\n|move|p2b: Flutter Mane|Protect|p2b: Flutter Mane\n|-singleturn|p2b: Flutter Mane|Protect\n|move|p2a: Murkrow|Tailwind|p2a: Murkrow\n|-sidestart|p2: Hoppito|move: Tailwind\n|\n|-weather|SunnyDay|[upkeep]\n|upkeep\n|turn|3\n|\n|t:|1683664052\n|switch|p1a: Candle Queen|Tinkaton, L50, F|100\/100\n|-ability|p1a: Candle Queen|Mold Breaker\n|move|p2a: Murkrow|Protect|p2a: Murkrow\n|-singleturn|p2a: Murkrow|Protect\n|move|p1b: Dark Outside|Aqua Step|p2b: Flutter Mane\n|-damage|p2b: Flutter Mane|55\/100\n|-boost|p1b: Dark Outside|spe|1\n|move|p2b: Flutter Mane|Dazzling Gleam|p1b: Dark Outside|[spread] p1a,p1b\n|-resisted|p1a: Candle Queen\n|-supereffective|p1b: Dark Outside\n|-damage|p1a: Candle Queen|86\/100\n|-damage|p1b: Dark Outside|0 fnt\n|faint|p1b: Dark Outside\n|\n|-weather|SunnyDay|[upkeep]\n|upkeep\n|c|\u2606BleachyBoi_426|oh wow that did less than I expected\n|\n|t:|1683664078\n|switch|p1b: A.RD.|Pelipper, L50, M|100\/100\n|-weather|RainDance|[from] ability: Drizzle|[of] p1b: A.RD.\n|-end|p2b: Flutter Mane|Protosynthesis\n|turn|4\n|c| jayballester|sun instead of rain\n|\n|t:|1683664089\n|-terastallize|p2b: Flutter Mane|Fire\n|move|p1a: Candle Queen|Fake Out|p2a: Murkrow\n|-damage|p2a: Murkrow|79\/100\n|cant|p2a: Murkrow|flinch\n|move|p2b: Flutter Mane|Mystical Fire|p1a: Candle Queen\n|-supereffective|p1a: Candle Queen\n|-damage|p1a: Candle Queen|57\/100\n|-unboost|p1a: Candle Queen|spa|1\n|move|p1b: A.RD.|Hurricane|p2b: Flutter Mane\n|-crit|p2b: Flutter Mane\n|-damage|p2b: Flutter Mane|0 fnt\n|faint|p2b: Flutter Mane\n|-end|p2b: Flutter Mane|Protosynthesis|[silent]\n|\n|-weather|RainDance|[upkeep]\n|-sideend|p1: BleachyBoi_426|move: Tailwind\n|upkeep\n|\n|t:|1683664105\n|switch|p2b: Rotom|Rotom-Heat, L50|100\/100\n|turn|5\n|c|\u2606BleachyBoi_426|yeah I just didn't think flutter could survive even then\n|\n|t:|1683664147\n|switch|p1b: Happy Days|Arboliva, L50, F|100\/100\n|move|p2a: Murkrow|Sunny Day|p2a: Murkrow\n|-weather|SunnyDay\n|move|p2b: Rotom|Thunderbolt|p1b: Happy Days\n|-resisted|p1b: Happy Days\n|-damage|p1b: Happy Days|80\/100\n|move|p1a: Candle Queen|Knock Off|p2b: Rotom\n|-damage|p2b: Rotom|76\/100\n|-enditem|p2b: Rotom|Sitrus Berry|[from] move: Knock Off|[of] p1a: Candle Queen\n|\n|-weather|SunnyDay|[upkeep]\n|-sideend|p2: Hoppito|move: Tailwind\n|upkeep\n|turn|6\n|\n|t:|1683664169\n|-terastallize|p1a: Candle Queen|Flying\n|move|p1a: Candle Queen|Knock Off|p2a: Murkrow\n|-resisted|p2a: Murkrow\n|-damage|p2a: Murkrow|68\/100\n|-enditem|p2a: Murkrow|Eviolite|[from] move: Knock Off|[of] p1a: Candle Queen\n|move|p2b: Rotom|Will-O-Wisp|p1a: Candle Queen\n|-status|p1a: Candle Queen|brn\n|move|p2a: Murkrow|Brave Bird|p1b: Happy Days\n|-supereffective|p1b: Happy Days\n|-damage|p1b: Happy Days|25\/100\n|-enditem|p1b: Happy Days|Sitrus Berry|[eat]\n|-heal|p1b: Happy Days|50\/100|[from] item: Sitrus Berry\n|-damage|p2a: Murkrow|48\/100|[from] Recoil\n|move|p1b: Happy Days|Leech Seed|p2b: Rotom\n|-start|p2b: Rotom|move: Leech Seed\n|\n|-weather|SunnyDay|[upkeep]\n|-damage|p2b: Rotom|64\/100|[from] Leech Seed|[of] p1b: Happy Days\n|-heal|p1b: Happy Days|60\/100|[silent]\n|-damage|p1a: Candle Queen|52\/100 brn|[from] brn\n|-item|p1b: Happy Days|Sitrus Berry|[from] ability: Harvest\n|upkeep\n|turn|7\n|\n|t:|1683664193\n|move|p1b: Happy Days|Protect|p1b: Happy Days\n|-singleturn|p1b: Happy Days|Protect\n|move|p1a: Candle Queen|Feint|p2a: Murkrow\n|-damage|p2a: Murkrow|42\/100\n|move|p2a: Murkrow|Tailwind|p2a: Murkrow\n|-sidestart|p2: Hoppito|move: Tailwind\n|move|p2b: Rotom|Thunderbolt|p1a: Candle Queen\n|-supereffective|p1a: Candle Queen\n|-crit|p1a: Candle Queen\n|-damage|p1a: Candle Queen|0 fnt\n|faint|p1a: Candle Queen\n|\n|-weather|SunnyDay|[upkeep]\n|-damage|p2b: Rotom|52\/100|[from] Leech Seed|[of] p1b: Happy Days\n|-heal|p1b: Happy Days|71\/100|[silent]\n|upkeep\n|\n|t:|1683664205\n|switch|p1a: A.RD.|Pelipper, L50, M|100\/100\n|-weather|RainDance|[from] ability: Drizzle|[of] p1a: A.RD.\n|turn|8\n|\n|t:|1683664242\n|move|p1a: A.RD.|Protect|p1a: A.RD.\n|-singleturn|p1a: A.RD.|Protect\n|move|p2b: Rotom|Thunderbolt|p1a: A.RD.\n|-activate|p1a: A.RD.|move: Protect\n|move|p2a: Murkrow|Brave Bird|p1b: Happy Days\n|-supereffective|p1b: Happy Days\n|-damage|p1b: Happy Days|17\/100\n|-enditem|p1b: Happy Days|Sitrus Berry|[eat]\n|-heal|p1b: Happy Days|42\/100|[from] item: Sitrus Berry\n|-damage|p2a: Murkrow|23\/100|[from] Recoil\n|move|p1b: Happy Days|Energy Ball|p2a: Murkrow\n|-resisted|p2a: Murkrow\n|-damage|p2a: Murkrow|0 fnt\n|faint|p2a: Murkrow\n|\n|-weather|RainDance|[upkeep]\n|-damage|p2b: Rotom|40\/100|[from] Leech Seed|[of] p1b: Happy Days\n|-heal|p1b: Happy Days|53\/100|[silent]\n|upkeep\n|\n|t:|1683664258\n|switch|p2a: Amoonguss|Amoonguss, L50, M|100\/100\n|turn|9\n|c| jayballester|back to purgatory\n|\n|t:|1683664286\n|move|p1b: Happy Days|Protect|p1b: Happy Days\n|-singleturn|p1b: Happy Days|Protect\n|move|p2b: Rotom|Thunderbolt|p1a: A.RD.\n|-supereffective|p1a: A.RD.\n|-damage|p1a: A.RD.|0 fnt\n|faint|p1a: A.RD.\n|move|p2a: Amoonguss|Pollen Puff|p2b: Rotom\n|-heal|p2b: Rotom|90\/100\n|\n|-weather|RainDance|[upkeep]\n|-damage|p2b: Rotom|78\/100|[from] Leech Seed|[of] p1b: Happy Days\n|-heal|p1b: Happy Days|63\/100|[silent]\n|-item|p1b: Happy Days|Sitrus Berry|[from] ability: Harvest\n|upkeep\n|turn|10\n|c|\u2606BleachyBoi_426|yep\n|\n|t:|1683664307\n|move|p2b: Rotom|Will-O-Wisp|p1b: Happy Days\n|-status|p1b: Happy Days|brn\n|move|p2a: Amoonguss|Pollen Puff|p2b: Rotom\n|-heal|p2b: Rotom|100\/100\n|move|p1b: Happy Days|Strength Sap|p2a: Amoonguss\n|-unboost|p2a: Amoonguss|atk|1\n|-heal|p1b: Happy Days|100\/100 brn\n|\n|-weather|RainDance|[upkeep]\n|-damage|p2b: Rotom|88\/100|[from] Leech Seed|[of] p1b: Happy Days\n|-damage|p1b: Happy Days|95\/100 brn|[from] brn\n|-sideend|p2: Hoppito|move: Tailwind\n|upkeep\n|turn|11\n|\n|t:|1683664327\n|move|p2a: Amoonguss|Rage Powder|p2a: Amoonguss\n|-singleturn|p2a: Amoonguss|move: Rage Powder\n|move|p2b: Rotom|Thunderbolt|p1b: Happy Days\n|-resisted|p1b: Happy Days\n|-damage|p1b: Happy Days|77\/100 brn\n|move|p1b: Happy Days|Energy Ball|p2a: Amoonguss\n|-resisted|p2a: Amoonguss\n|-damage|p2a: Amoonguss|90\/100\n|\n|-weather|RainDance|[upkeep]\n|-damage|p2b: Rotom|76\/100|[from] Leech Seed|[of] p1b: Happy Days\n|-heal|p1b: Happy Days|87\/100 brn|[silent]\n|-damage|p1b: Happy Days|81\/100 brn|[from] brn\n|upkeep\n|turn|12\n|\n|t:|1683664340\n|move|p2a: Amoonguss|Rage Powder|p2a: Amoonguss\n|-singleturn|p2a: Amoonguss|move: Rage Powder\n|move|p2b: Rotom|Thunderbolt|p1b: Happy Days\n|-resisted|p1b: Happy Days\n|-damage|p1b: Happy Days|63\/100 brn\n|move|p1b: Happy Days|Energy Ball|p2a: Amoonguss\n|-resisted|p2a: Amoonguss\n|-damage|p2a: Amoonguss|80\/100\n|\n|-weather|none\n|-damage|p2b: Rotom|64\/100|[from] Leech Seed|[of] p1b: Happy Days\n|-heal|p1b: Happy Days|73\/100 brn|[silent]\n|-damage|p1b: Happy Days|67\/100 brn|[from] brn\n|upkeep\n|turn|13\n|\n|t:|1683664353\n|move|p2b: Rotom|Overheat|p1b: Happy Days\n|-supereffective|p1b: Happy Days\n|-damage|p1b: Happy Days|0 fnt\n|-unboost|p2b: Rotom|spa|2\n|faint|p1b: Happy Days\n|\n|win|Hoppito\n|c|\u2606BleachyBoi_426|gg\n|c|\u2606Hoppito|ggs\n|c| jayballester|ggs\n|l| Tuxmux\n|l| Jstardude\n|l|\u2606Hoppito\n|l|\u2606BleachyBoi_426\n","uploadtime":1683664882,"views":19,"p1id":"bleachyboi426","p2id":"hoppito","formatid":"gen9vgc2023regulationc","rating":0,"private":0,"password":""}