{"id":"gen9vgc2023regulationc-1851058036","p1":"UserOmega","p2":"vroomfrogger","format":"[Gen 9] VGC 2023 Regulation C","log":"|j|\u2606UserOmega\n|j|\u2606vroomfrogger\n|t:|1682401593\n|gametype|doubles\n|player|p1|UserOmega|youngcouple-gen4dp|1434\n|player|p2|vroomfrogger|acetrainerf-gen4dp|1447\n|teamsize|p1|6\n|teamsize|p2|6\n|gen|9\n|tier|[Gen 9] VGC 2023 Regulation C\n|rated|\n|rule|Species Clause: Limit one of each Pok\u00e9mon\n|rule|Item Clause: Limit one of each item\n|clearpoke\n|poke|p1|Klefki, L50, M|\n|poke|p1|Tyranitar, L50, F|\n|poke|p1|Ting-Lu, L50|\n|poke|p1|Glimmora, L50, F|\n|poke|p1|Annihilape, L50, F|\n|poke|p1|Scream Tail, L50|\n|poke|p2|Glimmora, L50, M|\n|poke|p2|Tyranitar, L50, F|\n|poke|p2|Houndstone, L50, M|\n|poke|p2|Garchomp, L50, M|\n|poke|p2|Annihilape, L50, F|\n|poke|p2|Scizor, L50, F|\n|teampreview|4\n|inactive|Battle timer is ON: inactive players will automatically lose when time's up. (requested by vroomfrogger)\n|\n|t:|1682401619\n|start\n|switch|p1a: Klefki|Klefki, L50, M|100\/100\n|switch|p1b: Glimmora|Glimmora, L50, F|100\/100\n|switch|p2a: Annihilape|Annihilape, L50, F|100\/100\n|switch|p2b: Scizor|Scizor, L50, F|100\/100\n|turn|1\n|\n|t:|1682401631\n|move|p1a: Klefki|Reflect|p1a: Klefki\n|-sidestart|p1: UserOmega|Reflect\n|move|p2b: Scizor|Bullet Punch|p1a: Klefki\n|-crit|p1a: Klefki\n|-damage|p1a: Klefki|29\/100\n|move|p2a: Annihilape|U-turn|p1a: Klefki\n|-resisted|p1a: Klefki\n|-damage|p1a: Klefki|26\/100\n|\n|t:|1682401634\n|switch|p2a: Tyranitar|Tyranitar, L50, F|100\/100|[from] U-turn\n|-weather|Sandstorm|[from] ability: Sand Stream|[of] p2a: Tyranitar\n|move|p1b: Glimmora|Mortal Spin|p2b: Scizor|[spread] p2a\n|-immune|p2b: Scizor\n|-resisted|p2a: Tyranitar\n|-damage|p2a: Tyranitar|99\/100\n|-status|p2a: Tyranitar|psn\n|\n|-weather|Sandstorm|[upkeep]\n|-damage|p2a: Tyranitar|87\/100 psn|[from] psn\n|upkeep\n|turn|2\n|\n|t:|1682401656\n|move|p1b: Glimmora|Spiky Shield|p1b: Glimmora\n|-singleturn|p1b: Glimmora|move: Protect\n|move|p1a: Klefki|Thunder Wave|p2b: Scizor\n|-status|p2b: Scizor|par\n|move|p2b: Scizor|Bullet Punch|p1b: Glimmora\n|-activate|p1b: Glimmora|move: Protect\n|-damage|p2b: Scizor|88\/100 par|[from] Spiky Shield|[of] p1b: Glimmora\n|move|p2a: Tyranitar|Rock Slide|p1b: Glimmora|[spread] p1a\n|-activate|p1b: Glimmora|move: Protect\n|-resisted|p1a: Klefki\n|-damage|p1a: Klefki|16\/100\n|\n|-weather|Sandstorm|[upkeep]\n|-damage|p2a: Tyranitar|74\/100 psn|[from] psn\n|upkeep\n|turn|3\n|\n|t:|1682401675\n|move|p2b: Scizor|Bullet Punch|p1b: Glimmora\n|-supereffective|p1b: Glimmora\n|-damage|p1b: Glimmora|24\/100\n|-activate|p1b: Glimmora|ability: Toxic Debris\n|-sidestart|p2: vroomfrogger|move: Toxic Spikes\n|-enditem|p1b: Glimmora|Red Card|[of] p2b: Scizor\n|drag|p2b: Annihilape|Annihilape, L50, F|100\/100\n|-status|p2b: Annihilape|psn\n|move|p1b: Glimmora|Energy Ball|p2a: Tyranitar\n|-supereffective|p2a: Tyranitar\n|-damage|p2a: Tyranitar|52\/100 psn\n|move|p1a: Klefki|Play Rough|p2a: Tyranitar\n|-supereffective|p2a: Tyranitar\n|-damage|p2a: Tyranitar|9\/100 psn\n|move|p2a: Tyranitar|Rock Slide|p1b: Glimmora|[spread] p1a,p1b\n|-resisted|p1a: Klefki\n|-damage|p1a: Klefki|6\/100\n|-damage|p1b: Glimmora|0 fnt\n|-activate|p1b: Glimmora|ability: Toxic Debris\n|-sidestart|p2: vroomfrogger|move: Toxic Spikes\n|faint|p1b: Glimmora\n|\n|-weather|Sandstorm|[upkeep]\n|-damage|p2b: Annihilape|95\/100 psn|[from] Sandstorm\n|-damage|p2b: Annihilape|82\/100 psn|[from] psn\n|-damage|p2a: Tyranitar|0 fnt|[from] psn\n|faint|p2a: Tyranitar\n|upkeep\n|\n|t:|1682401694\n|switch|p1b: Ting-Lu|Ting-Lu, L50|100\/100\n|switch|p2a: Houndstone|Houndstone, L50, M|100\/100\n|-status|p2a: Houndstone|tox\n|-ability|p1b: Ting-Lu|Vessel of Ruin\n|turn|4\n|\n|t:|1682401718\n|move|p2a: Houndstone|Play Rough|p1b: Ting-Lu\n|-supereffective|p1b: Ting-Lu\n|-damage|p1b: Ting-Lu|71\/100\n|-damage|p2a: Houndstone|91\/100 tox|[from] item: Life Orb\n|move|p2b: Annihilape|Final Gambit|p1b: Ting-Lu\n|-damage|p1b: Ting-Lu|2\/100\n|faint|p2b: Annihilape\n|move|p1a: Klefki|Play Rough|p2a: Houndstone\n|-crit|p2a: Houndstone\n|-damage|p2a: Houndstone|41\/100 tox\n|-unboost|p2a: Houndstone|atk|1\n|move|p1b: Ting-Lu|Throat Chop|p2a: Houndstone\n|-supereffective|p2a: Houndstone\n|-damage|p2a: Houndstone|0 fnt\n|faint|p2a: Houndstone\n|\n|-weather|Sandstorm|[upkeep]\n|upkeep\n|\n|t:|1682401727\n|switch|p2b: Scizor|Scizor, L50, F|88\/100 par\n|turn|5\n|c|\u2606UserOmega|that's just unlucky dude\n|\n|t:|1682401747\n|move|p2b: Scizor|Bullet Punch|p1b: Ting-Lu\n|-damage|p1b: Ting-Lu|0 fnt\n|faint|p1b: Ting-Lu\n|move|p1a: Klefki|Play Rough|p2b: Scizor\n|-resisted|p2b: Scizor\n|-damage|p2b: Scizor|75\/100 par\n|\n|-weather|none\n|upkeep\n|\n|t:|1682401749\n|switch|p1b: Annihilape|Annihilape, L50, F|100\/100\n|turn|6\n|\n|t:|1682401758\n|-terastallize|p1b: Annihilape|Fire\n|move|p2b: Scizor|Bullet Punch|p1b: Annihilape\n|-resisted|p1b: Annihilape\n|-crit|p1b: Annihilape\n|-damage|p1b: Annihilape|57\/100\n|move|p1b: Annihilape|Drain Punch|p2b: Scizor\n|-damage|p2b: Scizor|37\/100 par\n|-heal|p1b: Annihilape|74\/100|[from] drain|[of] p2b: Scizor\n|move|p1a: Klefki|Play Rough|p2b: Scizor\n|-resisted|p2b: Scizor\n|-damage|p2b: Scizor|23\/100 par\n|\n|upkeep\n|turn|7\n|-message|vroomfrogger forfeited.\n|\n|win|UserOmega\n|raw|UserOmega's rating: 1434 → 1455<\/strong> (+21 for winning)\n|raw|vroomfrogger's rating: 1447 → 1426<\/strong> (-21 for losing)\n|l|\u2606vroomfrogger\n","uploadtime":1682401772,"views":15,"p1id":"useromega","p2id":"vroomfrogger","formatid":"gen9vgc2023regulationc","rating":1426,"private":0,"password":""}