{"id":"gen9vgc2023regulationc-1854805213","p1":"BBRAFF","p2":"KCXII","format":"[Gen 9] VGC 2023 Regulation C","log":"|j|\u2606BBRAFF\n|j|\u2606KCXII\n|t:|1682868134\n|gametype|doubles\n|player|p1|BBRAFF|cyclist|\n|player|p2|KCXII|plasmagrunt|\n|teamsize|p1|6\n|teamsize|p2|6\n|gen|9\n|tier|[Gen 9] VGC 2023 Regulation C\n|rule|Species Clause: Limit one of each Pok\u00e9mon\n|rule|Item Clause: Limit one of each item\n|clearpoke\n|poke|p1|Appletun, L50, F|\n|poke|p1|Maushold, L50|\n|poke|p1|Honchkrow, L50, M|\n|poke|p1|Gyarados, L50, F|\n|poke|p1|Raichu, L50, F|\n|poke|p1|Skeledirge, L50, M|\n|poke|p2|Mudsdale, L50, M|\n|poke|p2|Armarouge, L50, F|\n|poke|p2|Dragapult, L50, F|\n|poke|p2|Pawmot, L50, F|\n|poke|p2|Misdreavus, L50, M|\n|poke|p2|Indeedee-F, L50, F|\n|teampreview|4\n|c|\u2606KCXII|G2\nBBRAFF rejected open team sheets.\n|j| smsy\n|c|\u2606KCXII|good luck and have fun!\n|c|\u2606BBRAFF|u2\n|\n|t:|1682868676\n|start\n|switch|p1a: Mickey|Raichu, L50, F|100\/100\n|switch|p1b: Toby|Appletun, L50, F|100\/100\n|switch|p2a: Pawmot|Pawmot, L50, F|100\/100\n|switch|p2b: Indeedee|Indeedee-F, L50, F|100\/100\n|-fieldstart|move: Psychic Terrain|[from] ability: Psychic Surge|[of] p2b: Indeedee\n|turn|1\n|j| Sly testing\n|j| sucabaVGC\n|\n|t:|1682868727\n|move|p1a: Mickey|Reflect|p1a: Mickey\n|-sidestart|p1: BBRAFF|Reflect\n|move|p2a: Pawmot|Play Rough|p1b: Toby\n|-supereffective|p1b: Toby\n|-damage|p1b: Toby|48\/100\n|move|p2b: Indeedee|Dazzling Gleam|p1b: Toby|[spread] p1a,p1b\n|-supereffective|p1b: Toby\n|-damage|p1a: Mickey|85\/100\n|-damage|p1b: Toby|18\/100\n|move|p1b: Toby|Apple Acid|p2a: Pawmot\n|-damage|p2a: Pawmot|12\/100\n|-unboost|p2a: Pawmot|spd|1\n|-damage|p1b: Toby|8\/100|[from] item: Life Orb\n|\n|upkeep\n|turn|2\n|j| Heaven64\n|\n|t:|1682868764\n|switch|p2a: Misdreavus|Misdreavus, L50, M|100\/100\n|switch|p1b: Muhmaid|Gyarados, L50, F|100\/100\n|-ability|p1b: Muhmaid|Intimidate|boost\n|-unboost|p2a: Misdreavus|atk|1\n|-unboost|p2b: Indeedee|atk|1\n|move|p1a: Mickey|Tera Blast|p2a: Misdreavus\n|-immune|p2a: Misdreavus\n|move|p2b: Indeedee|Dazzling Gleam|p1a: Mickey|[spread] p1a,p1b\n|-damage|p1a: Mickey|69\/100\n|-damage|p1b: Muhmaid|94\/100\n|\n|upkeep\n|turn|3\n|\n|t:|1682868814\n|switch|p1b: Al Capone|Honchkrow, L50, M|100\/100\n|move|p2b: Indeedee|Protect|p2b: Indeedee\n|-singleturn|p2b: Indeedee|Protect\n|move|p1a: Mickey|Light Screen|p1a: Mickey\n|-sidestart|p1: BBRAFF|move: Light Screen\n|move|p2a: Misdreavus|Trick Room|p2a: Misdreavus\n|-fieldstart|move: Trick Room|[of] p2a: Misdreavus\n|\n|upkeep\n|turn|4\n|\n|t:|1682868834\n|switch|p2a: Mudsdale|Mudsdale, L50, M|100\/100\n|move|p1a: Mickey|Helping Hand|p1b: Al Capone\n|-singleturn|p1b: Al Capone|Helping Hand|[of] p1a: Mickey\n|move|p2b: Indeedee|Dazzling Gleam|p1a: Mickey|[spread] p1a,p1b\n|-supereffective|p1b: Al Capone\n|-damage|p1a: Mickey|58\/100\n|-damage|p1b: Al Capone|72\/100\n|move|p1b: Al Capone|Snarl|p2b: Indeedee|[spread] p2a,p2b\n|-supereffective|p2b: Indeedee\n|-damage|p2a: Mudsdale|72\/100\n|-damage|p2b: Indeedee|38\/100\n|-unboost|p2a: Mudsdale|spa|1\n|-unboost|p2b: Indeedee|spa|1\n|-ability|p2a: Mudsdale|Stamina|boost\n|-boost|p2a: Mudsdale|def|1\n|\n|-heal|p2a: Mudsdale|78\/100|[from] item: Leftovers\n|upkeep\n|turn|5\n|\n|t:|1682868937\n|switch|p2b: Misdreavus|Misdreavus, L50, M|100\/100\n|move|p1a: Mickey|Helping Hand|p1b: Al Capone\n|-singleturn|p1b: Al Capone|Helping Hand|[of] p1a: Mickey\n|move|p2a: Mudsdale|Protect|p2a: Mudsdale\n|-singleturn|p2a: Mudsdale|Protect\n|move|p1b: Al Capone|Snarl|p2a: Mudsdale|[spread] p2b\n|-activate|p2a: Mudsdale|move: Protect\n|-supereffective|p2b: Misdreavus\n|-damage|p2b: Misdreavus|53\/100\n|-unboost|p2b: Misdreavus|spa|1\n|\n|-heal|p2a: Mudsdale|84\/100|[from] item: Leftovers\n|-fieldend|move: Psychic Terrain\n|upkeep\n|turn|6\n|\n|t:|1682868983\n|switch|p1a: Muhmaid|Gyarados, L50, F|94\/100\n|-ability|p1a: Muhmaid|Intimidate|boost\n|-unboost|p2a: Mudsdale|atk|1\n|-unboost|p2b: Misdreavus|atk|1\n|move|p2a: Mudsdale|Body Press|p1a: Muhmaid\n|-resisted|p1a: Muhmaid\n|-damage|p1a: Muhmaid|79\/100\n|move|p2b: Misdreavus|Shadow Ball|p1a: Muhmaid\n|-damage|p1a: Muhmaid|72\/100\n|move|p1b: Al Capone|Tailwind|p1b: Al Capone\n|-sidestart|p1: BBRAFF|move: Tailwind\n|\n|-heal|p2a: Mudsdale|90\/100|[from] item: Leftovers\n|upkeep\n|turn|7\n|\n|t:|1682869044\n|switch|p2b: Pawmot|Pawmot, L50, F|12\/100\n|-terastallize|p2a: Mudsdale|Poison\n|move|p2a: Mudsdale|Iron Defense|p2a: Mudsdale\n|-boost|p2a: Mudsdale|def|2\n|move|p1a: Muhmaid|Crunch|p2b: Pawmot\n|-resisted|p2b: Pawmot\n|-damage|p2b: Pawmot|0 fnt\n|faint|p2b: Pawmot\n|move|p1b: Al Capone|Air Slash|p2a: Mudsdale\n|-damage|p2a: Mudsdale|56\/100\n|-ability|p2a: Mudsdale|Stamina|boost\n|-boost|p2a: Mudsdale|def|1\n|\n|-heal|p2a: Mudsdale|62\/100|[from] item: Leftovers\n|-fieldend|move: Trick Room\n|upkeep\n|\n|t:|1682869066\n|switch|p2b: Indeedee|Indeedee-F, L50, F|38\/100\n|-fieldstart|move: Psychic Terrain|[from] ability: Psychic Surge|[of] p2b: Indeedee\n|turn|8\n|\n|t:|1682869144\n|-terastallize|p1a: Muhmaid|Ground\n|move|p2b: Indeedee|Protect|p2b: Indeedee\n|-singleturn|p2b: Indeedee|Protect\n|move|p1b: Al Capone|Air Slash|p2a: Mudsdale\n|-damage|p2a: Mudsdale|27\/100\n|-ability|p2a: Mudsdale|Stamina|boost\n|-boost|p2a: Mudsdale|def|1\n|move|p1a: Muhmaid|Earthquake|p2a: Mudsdale|[spread] p2a\n|-activate|p2b: Indeedee|move: Protect\n|-immune|p1b: Al Capone\n|-supereffective|p2a: Mudsdale\n|-damage|p2a: Mudsdale|13\/100\n|-ability|p2a: Mudsdale|Stamina|boost\n|-boost|p2a: Mudsdale|def|1\n|move|p2a: Mudsdale|Body Press|p1b: Al Capone\n|-damage|p1b: Al Capone|0 fnt\n|faint|p1b: Al Capone\n|\n|-heal|p2a: Mudsdale|18\/100|[from] item: Leftovers\n|-sideend|p1: BBRAFF|Reflect\n|upkeep\n|\n|t:|1682869160\n|switch|p1b: Toby|Appletun, L50, F|8\/100\n|turn|9\n|\n|t:|1682869174\n|move|p2a: Mudsdale|Protect|p2a: Mudsdale\n|-singleturn|p2a: Mudsdale|Protect\n|move|p1a: Muhmaid|Crunch|p2b: Indeedee\n|-supereffective|p2b: Indeedee\n|-damage|p2b: Indeedee|0 fnt\n|-damage|p1a: Muhmaid|56\/100|[from] item: Rocky Helmet|[of] p2b: Indeedee\n|faint|p2b: Indeedee\n|move|p1b: Toby|Draco Meteor|p2a: Mudsdale\n|-activate|p2a: Mudsdale|move: Protect\n|\n|-heal|p2a: Mudsdale|24\/100|[from] item: Leftovers\n|-sideend|p1: BBRAFF|move: Tailwind\n|upkeep\n|\n|t:|1682869188\n|switch|p2b: Misdreavus|Misdreavus, L50, M|53\/100\n|turn|10\n|\n|t:|1682869221\n|move|p1b: Toby|Protect|p1b: Toby\n|-singleturn|p1b: Toby|Protect\n|move|p1a: Muhmaid|Earthquake|p2b: Misdreavus|[spread] p2a\n|-activate|p1b: Toby|move: Protect\n|-immune|p2b: Misdreavus|[from] ability: Levitate\n|-supereffective|p2a: Mudsdale\n|-damage|p2a: Mudsdale|10\/100\n|move|p2b: Misdreavus|Shadow Ball|p1b: Toby\n|-activate|p1b: Toby|move: Protect\n|move|p2a: Mudsdale|Body Press|p1b: Toby\n|-activate|p1b: Toby|move: Protect\n|\n|-heal|p2a: Mudsdale|15\/100|[from] item: Leftovers\n|-sideend|p1: BBRAFF|move: Light Screen\n|upkeep\n|turn|11\n|\n|t:|1682869247\n|switch|p1b: Mickey|Raichu, L50, F|58\/100\n|move|p2a: Mudsdale|Protect|p2a: Mudsdale\n|-singleturn|p2a: Mudsdale|Protect\n|move|p1a: Muhmaid|Waterfall|p2a: Mudsdale\n|-activate|p2a: Mudsdale|move: Protect\n|move|p2b: Misdreavus|Shadow Ball|p1b: Mickey\n|-damage|p1b: Mickey|27\/100\n|-unboost|p1b: Mickey|spd|1\n|\n|-heal|p2a: Mudsdale|21\/100|[from] item: Leftovers\n|upkeep\n|turn|12\n|\n|t:|1682869273\n|move|p1b: Mickey|Helping Hand|p1a: Muhmaid\n|-singleturn|p1a: Muhmaid|Helping Hand|[of] p1b: Mickey\n|move|p1a: Muhmaid|Earthquake|p2b: Misdreavus|[spread] p1b,p2a\n|-immune|p2b: Misdreavus|[from] ability: Levitate\n|-supereffective|p1b: Mickey\n|-supereffective|p2a: Mudsdale\n|-damage|p1b: Mickey|0 fnt\n|-damage|p2a: Mudsdale|3\/100\n|faint|p1b: Mickey\n|move|p2b: Misdreavus|Shadow Ball|p1a: Muhmaid\n|-damage|p1a: Muhmaid|43\/100\n|move|p2a: Mudsdale|Body Press|p1a: Muhmaid\n|-damage|p1a: Muhmaid|0 fnt\n|faint|p1a: Muhmaid\n|\n|-heal|p2a: Mudsdale|9\/100|[from] item: Leftovers\n|-fieldend|move: Psychic Terrain\n|upkeep\n|c|\u2606BBRAFF|rip\n|\n|t:|1682869284\n|switch|p1a: Toby|Appletun, L50, F|8\/100\n|turn|13\n|c|\u2606BBRAFF|gg\n|c|\u2606KCXII|gg\n|l| Heaven64\n|\n|t:|1682869301\n|move|p2a: Mudsdale|Protect|p2a: Mudsdale\n|-singleturn|p2a: Mudsdale|Protect\n|move|p2b: Misdreavus|Shadow Ball|p1a: Toby\n|-damage|p1a: Toby|0 fnt\n|faint|p1a: Toby\n|\n|win|KCXII\n","uploadtime":1682869309,"views":30,"p1id":"bbraff","p2id":"kcxii","formatid":"gen9vgc2023regulationc","rating":0,"private":0,"password":""}