{"id":"gen9vgc2023regulationc-1847869712","p1":"rina slaywayama","p2":"YouSlakingBro","format":"[Gen 9] VGC 2023 Regulation C","log":"|j|\u2606rina slaywayama\n|j|\u2606YouSlakingBro\n|t:|1682008672\n|gametype|doubles\n|player|p1|rina slaywayama|2|1441\n|player|p2|YouSlakingBro|265|1380\n|teamsize|p1|6\n|teamsize|p2|6\n|gen|9\n|tier|[Gen 9] VGC 2023 Regulation C\n|rated|\n|rule|Species Clause: Limit one of each Pok\u00e9mon\n|rule|Item Clause: Limit one of each item\n|clearpoke\n|poke|p1|Palafin, L50, F|\n|poke|p1|Arcanine, L50, M|\n|poke|p1|Amoonguss, L50, F|\n|poke|p1|Kingambit, L50, F|\n|poke|p1|Flutter Mane, L50|\n|poke|p1|Dragonite, L50, F|\n|poke|p2|Corviknight, L50, F|\n|poke|p2|Garchomp, L50, F|\n|poke|p2|Gyarados, L50, F|\n|poke|p2|Chien-Pao, L50|\n|poke|p2|Iron Valiant, L50|\n|poke|p2|Brute Bonnet, L50|\n|teampreview|4\nrina slaywayama has agreed to open team sheets.\n|\n|t:|1682008710\n|start\n|switch|p1a: Flutter Mane|Flutter Mane, L50|100\/100\n|switch|p1b: Palafin|Palafin, L50, F|100\/100\n|switch|p2a: Garchomp|Garchomp, L50, F|100\/100\n|switch|p2b: Gyarados|Gyarados, L50, F|100\/100\n|-ability|p2b: Gyarados|Intimidate|boost\n|-unboost|p1a: Flutter Mane|atk|1\n|-unboost|p1b: Palafin|atk|1\n|-enditem|p1a: Flutter Mane|Booster Energy\n|-activate|p1a: Flutter Mane|ability: Protosynthesis|[fromitem]\n|-start|p1a: Flutter Mane|protosynthesisspa\n|turn|1\n|\n|t:|1682008727\n|detailschange|p1b: Palafin|Palafin-Hero, L50, F\n|switch|p1b: Arcanine|Arcanine, L50, M|100\/100\n|-ability|p1b: Arcanine|Intimidate|boost\n|-unboost|p2a: Garchomp|atk|1\n|-unboost|p2b: Gyarados|atk|1\n|move|p1a: Flutter Mane|Protect|p1a: Flutter Mane\n|-singleturn|p1a: Flutter Mane|Protect\n|move|p2a: Garchomp|Earthquake|p1b: Arcanine|[spread] p1b\n|-activate|p1a: Flutter Mane|move: Protect\n|-immune|p2b: Gyarados\n|-supereffective|p1b: Arcanine\n|-damage|p1b: Arcanine|29\/100\n|move|p2b: Gyarados|Thunder Wave|p1b: Arcanine\n|-status|p1b: Arcanine|par\n|\n|upkeep\n|turn|2\n|\n|t:|1682008748\n|-terastallize|p1a: Flutter Mane|Fairy\n|cant|p1b: Arcanine|par\n|move|p1a: Flutter Mane|Moonblast|p2b: Gyarados\n|-damage|p2b: Gyarados|40\/100\n|-unboost|p2b: Gyarados|spa|1\n|move|p2a: Garchomp|Earthquake|p1a: Flutter Mane|[spread] p1a,p1b\n|-immune|p2b: Gyarados\n|-supereffective|p1b: Arcanine\n|-damage|p1a: Flutter Mane|37\/100\n|-damage|p1b: Arcanine|0 fnt\n|faint|p1b: Arcanine\n|move|p2b: Gyarados|Thunder Wave|p1a: Flutter Mane|[miss]\n|-miss|p2b: Gyarados|p1a: Flutter Mane\n|\n|upkeep\n|\n|t:|1682008753\n|switch|p1b: Palafin|Palafin-Hero, L50, F|100\/100\n|-activate|p1b: Palafin|ability: Zero to Hero\n|turn|3\n|\n|t:|1682008774\n|-terastallize|p2a: Garchomp|Fire\n|move|p2b: Gyarados|Protect|p2b: Gyarados\n|-singleturn|p2b: Gyarados|Protect\n|move|p1b: Palafin|Jet Punch|p2a: Garchomp\n|-supereffective|p2a: Garchomp\n|-damage|p2a: Garchomp|5\/100\n|-damage|p1b: Palafin|88\/100|[from] ability: Rough Skin|[of] p2a: Garchomp\n|move|p1a: Flutter Mane|Dazzling Gleam|p2b: Gyarados|[spread] p2a\n|-activate|p2b: Gyarados|move: Protect\n|-resisted|p2a: Garchomp\n|-damage|p2a: Garchomp|0 fnt\n|faint|p2a: Garchomp\n|\n|upkeep\n|\n|t:|1682008785\n|switch|p2a: Chien-Pao|Chien-Pao, L50|100\/100\n|-ability|p2a: Chien-Pao|Sword of Ruin\n|turn|4\n|\n|t:|1682008800\n|move|p1a: Flutter Mane|Protect|p1a: Flutter Mane\n|-singleturn|p1a: Flutter Mane|Protect\n|move|p2b: Gyarados|Protect|p2b: Gyarados\n|-singleturn|p2b: Gyarados|Protect\n|move|p2a: Chien-Pao|Sucker Punch||[still]\n|-fail|p2a: Chien-Pao\n|move|p1b: Palafin|Drain Punch|p2a: Chien-Pao\n|-supereffective|p2a: Chien-Pao\n|-enditem|p2a: Chien-Pao|Focus Sash\n|-damage|p2a: Chien-Pao|1\/100\n|-heal|p1b: Palafin|100\/100|[from] drain|[of] p2a: Chien-Pao\n|\n|upkeep\n|turn|5\n|\n|t:|1682008813\n|move|p2a: Chien-Pao|Sucker Punch|p1a: Flutter Mane\n|-resisted|p1a: Flutter Mane\n|-damage|p1a: Flutter Mane|0 fnt\n|faint|p1a: Flutter Mane\n|-end|p1a: Flutter Mane|Protosynthesis|[silent]\n|move|p1b: Palafin|Jet Punch|p2a: Chien-Pao\n|-damage|p2a: Chien-Pao|0 fnt\n|faint|p2a: Chien-Pao\n|move|p2b: Gyarados|Thunder Wave|p1b: Palafin\n|-status|p1b: Palafin|par\n|\n|upkeep\n|\n|t:|1682008827\n|switch|p2a: Brute Bonnet|Brute Bonnet, L50|100\/100\n|switch|p1a: Amoonguss|Amoonguss, L50, F|100\/100\n|turn|6\n|\n|t:|1682008843\n|move|p1b: Palafin|Protect|p1b: Palafin\n|-singleturn|p1b: Palafin|Protect\n|move|p2b: Gyarados|Taunt|p1a: Amoonguss\n|-start|p1a: Amoonguss|move: Taunt\n|move|p2a: Brute Bonnet|Bullet Seed|p1b: Palafin\n|-activate|p1b: Palafin|move: Protect\n|move|p1a: Amoonguss|Pollen Puff|p2a: Brute Bonnet\n|-supereffective|p2a: Brute Bonnet\n|-damage|p2a: Brute Bonnet|40\/100\n|\n|upkeep\n|turn|7\n|\n|t:|1682008853\n|move|p1b: Palafin|Jet Punch|p2a: Brute Bonnet\n|-resisted|p2a: Brute Bonnet\n|-damage|p2a: Brute Bonnet|22\/100\n|move|p2b: Gyarados|Thunder Wave|p1a: Amoonguss\n|-status|p1a: Amoonguss|par\n|move|p2a: Brute Bonnet|Bullet Seed|p1b: Palafin\n|-supereffective|p1b: Palafin\n|-damage|p1b: Palafin|76\/100 par\n|-supereffective|p1b: Palafin\n|-damage|p1b: Palafin|50\/100 par\n|-supereffective|p1b: Palafin\n|-damage|p1b: Palafin|26\/100 par\n|-supereffective|p1b: Palafin\n|-damage|p1b: Palafin|0 fnt\n|faint|p1b: Palafin\n|-hitcount|p1: Palafin|4\n|cant|p1a: Amoonguss|par\n|\n|upkeep\n|turn|8\n|\n|t:|1682008872\n|move|p2b: Gyarados|Waterfall|p1a: Amoonguss\n|-resisted|p1a: Amoonguss\n|-damage|p1a: Amoonguss|90\/100 par\n|move|p2a: Brute Bonnet|Bullet Seed|p1a: Amoonguss\n|-resisted|p1a: Amoonguss\n|-damage|p1a: Amoonguss|87\/100 par\n|-resisted|p1a: Amoonguss\n|-damage|p1a: Amoonguss|84\/100 par\n|-resisted|p1a: Amoonguss\n|-damage|p1a: Amoonguss|81\/100 par\n|-resisted|p1a: Amoonguss\n|-damage|p1a: Amoonguss|78\/100 par\n|-hitcount|p1a: Amoonguss|4\n|move|p1a: Amoonguss|Pollen Puff|p2a: Brute Bonnet\n|-supereffective|p2a: Brute Bonnet\n|-damage|p2a: Brute Bonnet|0 fnt\n|faint|p2a: Brute Bonnet\n|-end|p2a: Brute Bonnet|Protosynthesis|[silent]\n|\n|-end|p1a: Amoonguss|move: Taunt\n|upkeep\n|turn|9\n|\n|t:|1682008879\n|move|p2b: Gyarados|Waterfall|p1a: Amoonguss\n|-resisted|p1a: Amoonguss\n|-damage|p1a: Amoonguss|68\/100 par\n|move|p1a: Amoonguss|Pollen Puff|p2b: Gyarados\n|-resisted|p2b: Gyarados\n|-crit|p2b: Gyarados\n|-damage|p2b: Gyarados|31\/100\n|\n|upkeep\n|turn|10\n|\n|t:|1682008889\n|move|p2b: Gyarados|Waterfall|p1a: Amoonguss\n|-resisted|p1a: Amoonguss\n|-damage|p1a: Amoonguss|58\/100 par\n|move|p1a: Amoonguss|Pollen Puff|p2b: Gyarados\n|-resisted|p2b: Gyarados\n|-damage|p2b: Gyarados|24\/100\n|\n|upkeep\n|turn|11\n|\n|t:|1682008893\n|move|p2b: Gyarados|Waterfall|p1a: Amoonguss\n|-resisted|p1a: Amoonguss\n|-damage|p1a: Amoonguss|48\/100 par\n|-enditem|p1a: Amoonguss|Sitrus Berry|[eat]\n|-heal|p1a: Amoonguss|73\/100 par|[from] item: Sitrus Berry\n|move|p1a: Amoonguss|Spore|p2b: Gyarados\n|-activate|p2b: Gyarados|item: Safety Goggles|Spore\n|\n|upkeep\n|turn|12\n|\n|t:|1682008899\n|move|p2b: Gyarados|Waterfall|p1a: Amoonguss\n|-resisted|p1a: Amoonguss\n|-damage|p1a: Amoonguss|62\/100 par\n|cant|p1a: Amoonguss|flinch\n|\n|upkeep\n|turn|13\n|\n|t:|1682008903\n|move|p2b: Gyarados|Waterfall|p1a: Amoonguss\n|-resisted|p1a: Amoonguss\n|-damage|p1a: Amoonguss|53\/100 par\n|cant|p1a: Amoonguss|par\n|\n|upkeep\n|turn|14\n|\n|t:|1682008906\n|move|p2b: Gyarados|Waterfall|p1a: Amoonguss\n|-resisted|p1a: Amoonguss\n|-damage|p1a: Amoonguss|44\/100 par\n|cant|p1a: Amoonguss|par\n|\n|upkeep\n|turn|15\n|\n|t:|1682008909\n|move|p2b: Gyarados|Waterfall|p1a: Amoonguss\n|-resisted|p1a: Amoonguss\n|-damage|p1a: Amoonguss|34\/100 par\n|move|p1a: Amoonguss|Pollen Puff|p2b: Gyarados\n|-resisted|p2b: Gyarados\n|-damage|p2b: Gyarados|18\/100\n|\n|upkeep\n|turn|16\n|\n|t:|1682008912\n|move|p2b: Gyarados|Waterfall|p1a: Amoonguss\n|-resisted|p1a: Amoonguss\n|-damage|p1a: Amoonguss|25\/100 par\n|cant|p1a: Amoonguss|par\n|\n|upkeep\n|turn|17\n|\n|t:|1682008915\n|move|p2b: Gyarados|Waterfall|p1a: Amoonguss\n|-resisted|p1a: Amoonguss\n|-damage|p1a: Amoonguss|15\/100 par\n|move|p1a: Amoonguss|Spore|p2b: Gyarados\n|-activate|p2b: Gyarados|item: Safety Goggles|Spore\n|\n|upkeep\n|turn|18\n|\n|t:|1682008918\n|move|p2b: Gyarados|Waterfall|p1a: Amoonguss\n|-resisted|p1a: Amoonguss\n|-damage|p1a: Amoonguss|5\/100 par\n|cant|p1a: Amoonguss|par\n|\n|upkeep\n|turn|19\n|\n|t:|1682008920\n|move|p2b: Gyarados|Waterfall|p1a: Amoonguss\n|-resisted|p1a: Amoonguss\n|-damage|p1a: Amoonguss|0 fnt\n|faint|p1a: Amoonguss\n|\n|win|YouSlakingBro\n|raw|rina slaywayama's rating: 1441 → 1418<\/strong> (-23 for losing)\n|raw|YouSlakingBro's rating: 1380 → 1403<\/strong> (+23 for winning)\n","uploadtime":1682008925,"views":10,"p1id":"rinaslaywayama","p2id":"youslakingbro","formatid":"gen9vgc2023regulationc","rating":1403,"private":0,"password":""}