{"id":"gen9vgc2023regulationc-1855078303","p1":"They34","p2":"MLJP","format":"[Gen 9] VGC 2023 Regulation C","log":"|j|\u2606They34\n|j|\u2606MLJP\n|t:|1682898633\n|gametype|doubles\n|player|p1|They34|ruinmaniac|1492\n|player|p2|MLJP|170|1527\n|teamsize|p1|6\n|teamsize|p2|6\n|gen|9\n|tier|[Gen 9] VGC 2023 Regulation C\n|rated|\n|rule|Species Clause: Limit one of each Pok\u00e9mon\n|rule|Item Clause: Limit one of each item\n|clearpoke\n|poke|p1|Ceruledge, L50, M|\n|poke|p1|Dragonite, L50, F|\n|poke|p1|Bronzong, L50|\n|poke|p1|Flutter Mane, L50|\n|poke|p1|Amoonguss, L50, F|\n|poke|p1|Ting-Lu, L50|\n|poke|p2|Glimmora, L50, M|\n|poke|p2|Dragonite, L50, M|\n|poke|p2|Dondozo, L50, M|\n|poke|p2|Tatsugiri, L50, F|\n|poke|p2|Chi-Yu, L50|\n|poke|p2|Iron Bundle, L50|\n|teampreview|4\nThey34 has agreed to open team sheets.\n|inactive|Battle timer is ON: inactive players will automatically lose when time's up. (requested by MLJP)\nMLJP has agreed to open team sheets.\n|inactive|MLJP has 60 seconds left.\n|\n|t:|1682898674\n|start\n|switch|p1a: Bronzong|Bronzong, L50|100\/100\n|switch|p1b: Amoonguss|Amoonguss, L50, F|100\/100\n|switch|p2a: Chi-Yu|Chi-Yu, L50|100\/100\n|switch|p2b: Iron Bundle|Iron Bundle, L50, shiny|100\/100\n|-ability|p2a: Chi-Yu|Beads of Ruin\n|-enditem|p2b: Iron Bundle|Booster Energy\n|-activate|p2b: Iron Bundle|ability: Quark Drive|[fromitem]\n|-start|p2b: Iron Bundle|quarkdrivespe\n|turn|1\n|inactive|They34 has 30 seconds left.\n|inactive|MLJP has 30 seconds left.\n|inactive|MLJP has 20 seconds left.\n|inactive|MLJP has 15 seconds left.\n|\n|t:|1682898717\n|-terastallize|p1a: Bronzong|Water\n|move|p2b: Iron Bundle|Freeze-Dry|p1a: Bronzong\n|-supereffective|p1a: Bronzong\n|-damage|p1a: Bronzong|32\/100\n|move|p2a: Chi-Yu|Heat Wave|p1a: Bronzong|[spread] p1a,p1b\n|-resisted|p1a: Bronzong\n|-supereffective|p1b: Amoonguss\n|-damage|p1a: Bronzong|14\/100\n|-damage|p1b: Amoonguss|10\/100\n|-enditem|p1b: Amoonguss|Sitrus Berry|[eat]\n|-heal|p1b: Amoonguss|35\/100|[from] item: Sitrus Berry\n|move|p1b: Amoonguss|Spore|p2b: Iron Bundle\n|-status|p2b: Iron Bundle|slp|[from] move: Spore\n|move|p1a: Bronzong|Trick Room|p1a: Bronzong\n|-fieldstart|move: Trick Room|[of] p1a: Bronzong\n|\n|-heal|p1a: Bronzong|20\/100|[from] item: Leftovers\n|upkeep\n|turn|2\n|inactive|They34 has 30 seconds left.\n|\n|t:|1682898745\n|move|p2a: Chi-Yu|Protect|p2a: Chi-Yu\n|-singleturn|p2a: Chi-Yu|Protect\n|move|p1b: Amoonguss|Spore|p2a: Chi-Yu\n|-activate|p2a: Chi-Yu|move: Protect\n|move|p1a: Bronzong|Iron Defense|p1a: Bronzong\n|-boost|p1a: Bronzong|def|2\n|cant|p2b: Iron Bundle|slp\n|\n|-heal|p1a: Bronzong|26\/100|[from] item: Leftovers\n|upkeep\n|turn|3\n|\n|t:|1682898768\n|move|p1b: Amoonguss|Pollen Puff|p1a: Bronzong\n|-heal|p1a: Bronzong|76\/100\n|move|p1a: Bronzong|Body Press|p2b: Iron Bundle\n|-supereffective|p2b: Iron Bundle\n|-damage|p2b: Iron Bundle|0 fnt\n|faint|p2b: Iron Bundle\n|-end|p2b: Iron Bundle|Quark Drive|[silent]\n|move|p2a: Chi-Yu|Heat Wave|p1b: Amoonguss|[spread] p1a,p1b\n|-resisted|p1a: Bronzong\n|-supereffective|p1b: Amoonguss\n|-crit|p1b: Amoonguss\n|-damage|p1a: Bronzong|59\/100\n|-damage|p1b: Amoonguss|0 fnt\n|-status|p1a: Bronzong|brn\n|faint|p1b: Amoonguss\n|\n|-heal|p1a: Bronzong|65\/100 brn|[from] item: Leftovers\n|-damage|p1a: Bronzong|59\/100 brn|[from] brn\n|upkeep\n|\n|t:|1682898783\n|switch|p1b: Ting-Lu|Ting-Lu, L50|100\/100\n|switch|p2b: Dondozo|Dondozo, L50, M|100\/100\n|-ability|p1b: Ting-Lu|Vessel of Ruin\n|turn|4\n|\n|t:|1682898807\n|move|p2b: Dondozo|Protect|p2b: Dondozo\n|-singleturn|p2b: Dondozo|Protect\n|move|p2a: Chi-Yu|Protect|p2a: Chi-Yu\n|-singleturn|p2a: Chi-Yu|Protect\n|move|p1a: Bronzong|Iron Defense|p1a: Bronzong\n|-boost|p1a: Bronzong|def|2\n|move|p1b: Ting-Lu|Earthquake|p2b: Dondozo|[spread] \n|-activate|p2a: Chi-Yu|move: Protect\n|-activate|p2b: Dondozo|move: Protect\n|-immune|p1a: Bronzong|[from] ability: Levitate\n|\n|-heal|p1a: Bronzong|65\/100 brn|[from] item: Leftovers\n|-damage|p1a: Bronzong|59\/100 brn|[from] brn\n|upkeep\n|turn|5\n|\n|t:|1682898831\n|switch|p2a: Tatsugiri|Tatsugiri, L50, F|100\/100\n|-activate|p2a: Tatsugiri|ability: Commander|[of] p2b: Dondozo\n|-boost|p2b: Dondozo|atk|2\n|-boost|p2b: Dondozo|spa|2\n|-boost|p2b: Dondozo|spe|2\n|-boost|p2b: Dondozo|def|2\n|-boost|p2b: Dondozo|spd|2\n|move|p1a: Bronzong|Body Press|p2b: Dondozo\n|-damage|p2b: Dondozo|88\/100\n|move|p1b: Ting-Lu|Earthquake|p2a: Tatsugiri|[spread] p2b\n|-miss|p1b: Ting-Lu|p2a: Tatsugiri\n|-immune|p1a: Bronzong|[from] ability: Levitate\n|-damage|p2b: Dondozo|70\/100\n|move|p2b: Dondozo|Wave Crash|p1b: Ting-Lu\n|-supereffective|p1b: Ting-Lu\n|-damage|p1b: Ting-Lu|0 fnt\n|faint|p1b: Ting-Lu\n|-damage|p2b: Dondozo|36\/100|[from] Recoil\n|\n|-heal|p1a: Bronzong|65\/100 brn|[from] item: Leftovers\n|-heal|p2b: Dondozo|42\/100|[from] item: Leftovers\n|-damage|p1a: Bronzong|59\/100 brn|[from] brn\n|-fieldend|move: Trick Room\n|upkeep\n|\n|t:|1682898853\n|switch|p1b: Dragonite|Dragonite, L50, F|100\/100\n|turn|6\n|inactive|They34 has 30 seconds left.\n|inactive|MLJP has 30 seconds left.\n|inactive|They34 has 20 seconds left.\n|\n|t:|1682898891\n|-terastallize|p2b: Dondozo|Grass\n|move|p2b: Dondozo|Tera Blast|p1a: Bronzong\n|-supereffective|p1a: Bronzong\n|-damage|p1a: Bronzong|21\/100 brn\n|move|p1b: Dragonite|Iron Head|p2b: Dondozo\n|-damage|p2b: Dondozo|31\/100\n|move|p1a: Bronzong|Body Press|p2b: Dondozo\n|-damage|p2b: Dondozo|19\/100\n|\n|-heal|p2b: Dondozo|25\/100|[from] item: Leftovers\n|-heal|p1a: Bronzong|27\/100 brn|[from] item: Leftovers\n|-damage|p1a: Bronzong|21\/100 brn|[from] brn\n|upkeep\n|turn|7\n|\n|t:|1682898913\n|move|p1b: Dragonite|Extreme Speed|p2b: Dondozo\n|-damage|p2b: Dondozo|14\/100\n|move|p2b: Dondozo|Wave Crash|p1b: Dragonite\n|-resisted|p1b: Dragonite\n|-damage|p1b: Dragonite|78\/100\n|-damage|p2b: Dondozo|8\/100|[from] Recoil\n|move|p1a: Bronzong|Trick Room|p1a: Bronzong\n|-fieldstart|move: Trick Room|[of] p1a: Bronzong\n|\n|-heal|p1a: Bronzong|27\/100 brn|[from] item: Leftovers\n|-heal|p2b: Dondozo|14\/100|[from] item: Leftovers\n|-damage|p1a: Bronzong|21\/100 brn|[from] brn\n|upkeep\n|turn|8\n|inactive|They34 has 30 seconds left.\n|\n|t:|1682898939\n|move|p2b: Dondozo|Protect|p2b: Dondozo\n|-singleturn|p2b: Dondozo|Protect\n|move|p1b: Dragonite|Extreme Speed|p2b: Dondozo\n|-activate|p2b: Dondozo|move: Protect\n|move|p1a: Bronzong|Iron Defense|p1a: Bronzong\n|-boost|p1a: Bronzong|def|2\n|\n|-heal|p1a: Bronzong|27\/100 brn|[from] item: Leftovers\n|-heal|p2b: Dondozo|20\/100|[from] item: Leftovers\n|-damage|p1a: Bronzong|21\/100 brn|[from] brn\n|upkeep\n|turn|9\n|\n|t:|1682898962\n|move|p1b: Dragonite|Extreme Speed|p2b: Dondozo\n|-damage|p2b: Dondozo|9\/100\n|move|p1a: Bronzong|Body Press|p2b: Dondozo\n|-damage|p2b: Dondozo|0 fnt\n|faint|p2b: Dondozo\n|\n|-heal|p1a: Bronzong|27\/100 brn|[from] item: Leftovers\n|-damage|p1a: Bronzong|21\/100 brn|[from] brn\n|upkeep\n|\n|t:|1682898971\n|switch|p2b: Chi-Yu|Chi-Yu, L50|100\/100\n|-ability|p2b: Chi-Yu|Beads of Ruin\n|turn|10\n|\n|t:|1682898985\n|move|p2b: Chi-Yu|Protect|p2b: Chi-Yu\n|-singleturn|p2b: Chi-Yu|Protect\n|move|p1a: Bronzong|Body Press|p2a: Tatsugiri\n|-damage|p2a: Tatsugiri|17\/100\n|move|p1b: Dragonite|Iron Head|p2b: Chi-Yu\n|-activate|p2b: Chi-Yu|move: Protect\n|move|p2a: Tatsugiri|Draco Meteor|p1b: Dragonite\n|-supereffective|p1b: Dragonite\n|-damage|p1b: Dragonite|0 fnt\n|-unboost|p2a: Tatsugiri|spa|2\n|faint|p1b: Dragonite\n|\n|-heal|p1a: Bronzong|27\/100 brn|[from] item: Leftovers\n|-damage|p1a: Bronzong|21\/100 brn|[from] brn\n|upkeep\n|turn|11\n|j| SeydouVGC\n|\n|t:|1682899009\n|move|p1a: Bronzong|Body Press|p2b: Chi-Yu\n|-supereffective|p2b: Chi-Yu\n|-enditem|p2b: Chi-Yu|Focus Sash\n|-damage|p2b: Chi-Yu|1\/100\n|move|p2b: Chi-Yu|Dark Pulse|p1a: Bronzong\n|-crit|p1a: Bronzong\n|-damage|p1a: Bronzong|0 fnt\n|faint|p1a: Bronzong\n|\n|win|MLJP\n|raw|They34's rating: 1492 → 1474<\/strong> (-18 for losing)\n|raw|MLJP's rating: 1527 → 1545<\/strong> (+18 for winning)\n|c|\u2606MLJP|gg\n|l| SeydouVGC\n|c|\u2606They34|That chi you us bulky haha\n","uploadtime":1682899034,"views":8,"p1id":"they34","p2id":"mljp","formatid":"gen9vgc2023regulationc","rating":1474,"private":0,"password":""}