{"id":"gen9vgc2023regulationc-1853233504","p1":"DJGrooves213","p2":"Mr.PatchSSB","format":"[Gen 9] VGC 2023 Regulation C","log":"|j|\u2606DJGrooves213\n|j|\u2606Mr.PatchSSB\n|t:|1682652301\n|gametype|doubles\n|player|p1|DJGrooves213|roark|\n|player|p2|Mr.PatchSSB|steven|\n|teamsize|p1|6\n|teamsize|p2|6\n|gen|9\n|tier|[Gen 9] VGC 2023 Regulation C\n|rule|Species Clause: Limit one of each Pok\u00e9mon\n|rule|Item Clause: Limit one of each item\n|clearpoke\n|poke|p1|Murkrow, L50, M|\n|poke|p1|Chien-Pao, L50|\n|poke|p1|Ting-Lu, L50|\n|poke|p1|Meowscarada, L50, M|\n|poke|p1|Quaquaval, L50, M|\n|poke|p1|Skeledirge, L50, M|\n|poke|p2|Flutter Mane, L50|\n|poke|p2|Lilligant, L50, F|\n|poke|p2|Maushold-Four, L50|\n|poke|p2|Torkoal, L50, F|\n|poke|p2|Chi-Yu, L50|\n|poke|p2|Farigiraf, L50, M|\n|teampreview|4\n|c|\u2606Mr.PatchSSB|glhf!\nMr.PatchSSB has agreed to open team sheets.\n|c|\u2606DJGrooves213|glhf!\nDJGrooves213 has agreed to open team sheets.\n|\n|t:|1682652391\n|start\n|switch|p1a: Murkrow|Murkrow, L50, M, shiny|100\/100\n|switch|p1b: Chien-Pao|Chien-Pao, L50|100\/100\n|switch|p2a: Flutter Mane|Flutter Mane, L50|100\/100\n|switch|p2b: Torkoal|Torkoal, L50, F|100\/100\n|-ability|p1b: Chien-Pao|Sword of Ruin\n|-weather|SunnyDay|[from] ability: Drought|[of] p2b: Torkoal\n|-activate|p2a: Flutter Mane|ability: Protosynthesis\n|-start|p2a: Flutter Mane|protosynthesisspe\n|turn|1\n|\n|t:|1682652436\n|-terastallize|p2a: Flutter Mane|Steel\n|move|p1b: Chien-Pao|Protect|p1b: Chien-Pao\n|-singleturn|p1b: Chien-Pao|Protect\n|move|p1a: Murkrow|Thunder Wave|p2a: Flutter Mane\n|-status|p2a: Flutter Mane|par\n|cant|p2a: Flutter Mane|par\n|move|p2b: Torkoal|Flamethrower|p1b: Chien-Pao\n|-activate|p1b: Chien-Pao|move: Protect\n|\n|-weather|SunnyDay|[upkeep]\n|upkeep\n|turn|2\n|c|\u2606Mr.PatchSSB|wow nice play\n|c|\u2606DJGrooves213|thanks\n|\n|t:|1682652482\n|move|p1a: Murkrow|Tailwind|p1a: Murkrow\n|-sidestart|p1: DJGrooves213|move: Tailwind\n|move|p1b: Chien-Pao|Sacred Sword|p2a: Flutter Mane\n|-supereffective|p2a: Flutter Mane\n|-enditem|p2a: Flutter Mane|Focus Sash\n|-damage|p2a: Flutter Mane|1\/100 par\n|cant|p2a: Flutter Mane|par\n|move|p2b: Torkoal|Flamethrower|p1b: Chien-Pao\n|-supereffective|p1b: Chien-Pao\n|-enditem|p1b: Chien-Pao|Focus Sash\n|-damage|p1b: Chien-Pao|1\/100\n|\n|-weather|SunnyDay|[upkeep]\n|upkeep\n|turn|3\n|c|\u2606Mr.PatchSSB|daaaang\n|c|\u2606DJGrooves213|luck is in my favor haha\n|\n|t:|1682652517\n|move|p1b: Chien-Pao|Protect|p1b: Chien-Pao\n|-singleturn|p1b: Chien-Pao|Protect\n|move|p1a: Murkrow|Brave Bird|p2a: Flutter Mane\n|-resisted|p2a: Flutter Mane\n|-damage|p2a: Flutter Mane|0 fnt\n|faint|p2a: Flutter Mane\n|-end|p2a: Flutter Mane|Protosynthesis|[silent]\n|-damage|p1a: Murkrow|99\/100|[from] Recoil\n|move|p2b: Torkoal|Eruption|p1a: Murkrow|[spread] p1a\n|-activate|p1b: Chien-Pao|move: Protect\n|-damage|p1a: Murkrow|0 fnt\n|faint|p1a: Murkrow\n|\n|-weather|SunnyDay|[upkeep]\n|upkeep\n|\n|t:|1682652549\n|switch|p2a: Farigiraf|Farigiraf, L50, M|100\/100\n|switch|p1a: Quaquaval|Quaquaval, L50, M, shiny|100\/100\n|turn|4\n|\n|t:|1682652568\n|move|p1a: Quaquaval|Wave Crash|p2b: Torkoal\n|-supereffective|p2b: Torkoal\n|-damage|p2b: Torkoal|43\/100\n|-damage|p1a: Quaquaval|79\/100|[from] Recoil\n|move|p1b: Chien-Pao|Sacred Sword|p2b: Torkoal\n|-damage|p2b: Torkoal|12\/100\n|move|p2b: Torkoal|Eruption|p1b: Chien-Pao|[spread] p1a,p1b\n|-resisted|p1a: Quaquaval\n|-supereffective|p1b: Chien-Pao\n|-damage|p1a: Quaquaval|74\/100\n|-damage|p1b: Chien-Pao|0 fnt\n|faint|p1b: Chien-Pao\n|move|p2a: Farigiraf|Trick Room|p2a: Farigiraf\n|-fieldstart|move: Trick Room|[of] p2a: Farigiraf\n|\n|-weather|SunnyDay|[upkeep]\n|upkeep\n|\n|t:|1682652571\n|switch|p1b: Meowscarada|Meowscarada, L50, M, shiny|100\/100\n|turn|5\n|c|\u2606Mr.PatchSSB|ouch\n|c|\u2606DJGrooves213|quaq is crazzzzzyyyyyyy\n|\n|t:|1682652606\n|move|p2b: Torkoal|Protect|p2b: Torkoal\n|-singleturn|p2b: Torkoal|Protect\n|move|p2a: Farigiraf|Hyper Voice|p1b: Meowscarada|[spread] p1a,p1b\n|-damage|p1a: Quaquaval|38\/100\n|-damage|p1b: Meowscarada|59\/100\n|-enditem|p2a: Farigiraf|Throat Spray\n|-boost|p2a: Farigiraf|spa|1|[from] item: Throat Spray\n|move|p1b: Meowscarada|Knock Off|p2a: Farigiraf\n|-start|p1b: Meowscarada|typechange|Dark|[from] ability: Protean\n|-supereffective|p2a: Farigiraf\n|-damage|p2a: Farigiraf|12\/100\n|move|p1a: Quaquaval|Wave Crash|p2b: Torkoal\n|-activate|p2b: Torkoal|move: Protect\n|\n|-weather|none\n|-sideend|p1: DJGrooves213|move: Tailwind\n|upkeep\n|turn|6\n|\n|t:|1682652632\n|move|p2b: Torkoal|Flamethrower|p1b: Meowscarada\n|-damage|p1b: Meowscarada|0 fnt\n|faint|p1b: Meowscarada\n|move|p2a: Farigiraf|Dazzling Gleam|p1a: Quaquaval\n|-supereffective|p1a: Quaquaval\n|-damage|p1a: Quaquaval|0 fnt\n|faint|p1a: Quaquaval\n|\n|win|Mr.PatchSSB\n|c|\u2606DJGrooves213|oh no Im done for\n|c|\u2606DJGrooves213|gg!\n|c|\u2606Mr.PatchSSB|gg\n|l|\u2606DJGrooves213\n|c|\u2606Mr.PatchSSB|fun game!\n","uploadtime":1682652658,"views":6,"p1id":"djgrooves213","p2id":"mrpatchssb","formatid":"gen9vgc2023regulationc","rating":0,"private":0,"password":""}