{"id":"gen9vgc2023regulationc-1854869051","p1":"jayballester","p2":"F3athers","format":"[Gen 9] VGC 2023 Regulation C","log":"|j|\u2606jayballester\n|j|\u2606F3athers\n|t:|1682875240\n|gametype|doubles\n|player|p1|jayballester|riley|\n|player|p2|F3athers|flannery|\n|teamsize|p1|6\n|teamsize|p2|6\n|gen|9\n|tier|[Gen 9] VGC 2023 Regulation C\n|rule|Species Clause: Limit one of each Pok\u00e9mon\n|rule|Item Clause: Limit one of each item\n|clearpoke\n|poke|p1|Great Tusk, L50|\n|poke|p1|Volcarona, L50, F|\n|poke|p1|Salamence, L50, M|\n|poke|p1|Oranguru, L50, F|\n|poke|p1|Magnezone, L50|\n|poke|p1|Sylveon, L50, F|\n|poke|p2|Sableye, L50, F|\n|poke|p2|Bronzong, L50|\n|poke|p2|Camerupt, L50, M|\n|poke|p2|Roaring Moon, L50|\n|poke|p2|Flutter Mane, L50|\n|poke|p2|Toxtricity, L50, M|\n|teampreview|4\nF3athers rejected open team sheets.\n|c|\u2606jayballester|glhf\n|j| Jstardude\n|j| Tuxmux\n|c|\u2606F3athers|lets gooo glhf\n|c| Tuxmux|glhf\n|\n|t:|1682875310\n|start\n|switch|p1a: The Donfather|Great Tusk, L50|100\/100\n|switch|p1b: Mence > Moon|Salamence, L50, M|100\/100\n|switch|p2a: Sableye|Sableye, L50, F|100\/100\n|switch|p2b: Roaring Moon|Roaring Moon, L50|100\/100\n|-ability|p1b: Mence > Moon|Intimidate|boost\n|-unboost|p2a: Sableye|atk|1\n|-unboost|p2b: Roaring Moon|atk|1\n|-enditem|p2b: Roaring Moon|Booster Energy\n|-activate|p2b: Roaring Moon|ability: Protosynthesis|[fromitem]\n|-start|p2b: Roaring Moon|protosynthesisspe\n|turn|1\n|\n|t:|1682875369\n|move|p1a: The Donfather|Protect|p1a: The Donfather\n|-singleturn|p1a: The Donfather|Protect\n|move|p2a: Sableye|Reflect|p2a: Sableye\n|-sidestart|p2: F3athers|Reflect\n|move|p2b: Roaring Moon|Tailwind|p2b: Roaring Moon\n|-sidestart|p2: F3athers|move: Tailwind\n|move|p1b: Mence > Moon|Tailwind|p1b: Mence > Moon\n|-sidestart|p1: jayballester|move: Tailwind\n|\n|upkeep\n|turn|2\n|\n|t:|1682875436\n|-terastallize|p1a: The Donfather|Fire\n|move|p2a: Sableye|Encore|p1b: Mence > Moon\n|-start|p1b: Mence > Moon|Encore\n|move|p2b: Roaring Moon|Acrobatics|p1a: The Donfather\n|-damage|p1a: The Donfather|79\/100\n|move|p1a: The Donfather|Earthquake|p2a: Sableye|[spread] p2a,p2b\n|-immune|p1b: Mence > Moon\n|-damage|p2a: Sableye|62\/100\n|-damage|p2b: Roaring Moon|60\/100\n|move|p1b: Mence > Moon|Tailwind||[still]\n|-fail|p1b: Mence > Moon\n|\n|upkeep\n|turn|3\n|\n|t:|1682875477\n|switch|p1b: Mothra's GF|Volcarona, L50, F|100\/100\n|move|p2b: Roaring Moon|Stomping Tantrum|p1a: The Donfather\n|-supereffective|p1a: The Donfather\n|-damage|p1a: The Donfather|45\/100\n|move|p1a: The Donfather|Close Combat|p2b: Roaring Moon\n|-supereffective|p2b: Roaring Moon\n|-damage|p2b: Roaring Moon|0 fnt\n|-unboost|p1a: The Donfather|def|1\n|-unboost|p1a: The Donfather|spd|1\n|faint|p2b: Roaring Moon\n|-end|p2b: Roaring Moon|Protosynthesis|[silent]\n|move|p2a: Sableye|Knock Off|p1a: The Donfather\n|-damage|p1a: The Donfather|24\/100\n|-enditem|p1a: The Donfather|Focus Sash|[from] move: Knock Off|[of] p2a: Sableye\n|\n|upkeep\n|\n|t:|1682875511\n|switch|p2b: Flutter Mane|Flutter Mane, L50|100\/100\n|turn|4\n|\n|t:|1682875553\n|move|p2b: Flutter Mane|Dazzling Gleam|p1a: The Donfather|[spread] p1a,p1b\n|-resisted|p1a: The Donfather\n|-resisted|p1b: Mothra's GF\n|-damage|p1a: The Donfather|0 fnt\n|-damage|p1b: Mothra's GF|80\/100\n|faint|p1a: The Donfather\n|-end|p1a: The Donfather|Protosynthesis|[silent]\n|-damage|p2b: Flutter Mane|90\/100|[from] item: Life Orb\n|move|p1b: Mothra's GF|Heat Wave|p2b: Flutter Mane|[spread] p2a,p2b\n|-damage|p2a: Sableye|0 fnt\n|-damage|p2b: Flutter Mane|40\/100\n|faint|p2a: Sableye\n|-damage|p1b: Mothra's GF|70\/100|[from] item: Life Orb\n|\n|-sideend|p1: jayballester|move: Tailwind\n|-sideend|p2: F3athers|move: Tailwind\n|upkeep\n|\n|t:|1682875570\n|switch|p1a: Mence > Moon|Salamence, L50, M|100\/100\n|switch|p2a: Toxtricity|Toxtricity, L50, M|100\/100\n|-ability|p1a: Mence > Moon|Intimidate|boost\n|-unboost|p2a: Toxtricity|atk|1\n|-unboost|p2b: Flutter Mane|atk|1\n|turn|5\n|\n|t:|1682875590\n|-terastallize|p2a: Toxtricity|Normal\n|move|p1b: Mothra's GF|Protect|p1b: Mothra's GF\n|-singleturn|p1b: Mothra's GF|Protect\n|move|p2b: Flutter Mane|Dazzling Gleam|p1b: Mothra's GF|[spread] p1a\n|-activate|p1b: Mothra's GF|move: Protect\n|-supereffective|p1a: Mence > Moon\n|-enditem|p1a: Mence > Moon|Roseli Berry|[eat]\n|-enditem|p1a: Mence > Moon|Roseli Berry|[weaken]\n|-damage|p1a: Mence > Moon|64\/100\n|-damage|p2b: Flutter Mane|30\/100|[from] item: Life Orb\n|move|p1a: Mence > Moon|Tailwind|p1a: Mence > Moon\n|-sidestart|p1: jayballester|move: Tailwind\n|move|p2a: Toxtricity|Boomburst|p1b: Mothra's GF|[spread] p1a\n|-activate|p1b: Mothra's GF|move: Protect\n|-immune|p2b: Flutter Mane\n|-crit|p1a: Mence > Moon\n|-damage|p1a: Mence > Moon|0 fnt\n|faint|p1a: Mence > Moon\n|\n|-sideend|p2: F3athers|Reflect\n|upkeep\n|\n|t:|1682875607\n|switch|p1a: The Magne Zone|Magnezone, L50|100\/100\n|turn|6\n|\n|t:|1682875642\n|move|p2b: Flutter Mane|Protect|p2b: Flutter Mane\n|-singleturn|p2b: Flutter Mane|Protect\n|move|p1b: Mothra's GF|Heat Wave|p2a: Toxtricity|[spread] p2a\n|-activate|p2b: Flutter Mane|move: Protect\n|-damage|p2a: Toxtricity|32\/100\n|-damage|p1b: Mothra's GF|60\/100|[from] item: Life Orb\n|move|p1a: The Magne Zone|Thunderbolt|p2a: Toxtricity\n|-crit|p2a: Toxtricity\n|-damage|p2a: Toxtricity|0 fnt\n|faint|p2a: Toxtricity\n|\n|upkeep\n|turn|7\n|\n|t:|1682875661\n|move|p1b: Mothra's GF|Heat Wave|p2b: Flutter Mane|[miss]\n|-miss|p1b: Mothra's GF|p2b: Flutter Mane\n|move|p2b: Flutter Mane|Dazzling Gleam|p1b: Mothra's GF|[spread] p1a,p1b\n|-resisted|p1a: The Magne Zone\n|-resisted|p1b: Mothra's GF\n|-damage|p1a: The Magne Zone|75\/100\n|-damage|p1b: Mothra's GF|40\/100\n|-damage|p2b: Flutter Mane|20\/100|[from] item: Life Orb\n|move|p1a: The Magne Zone|Thunderbolt|p2b: Flutter Mane\n|-damage|p2b: Flutter Mane|0 fnt\n|faint|p2b: Flutter Mane\n|-end|p2b: Flutter Mane|Protosynthesis|[silent]\n|\n|win|jayballester\n|c|\u2606jayballester|gg\n|c|\u2606F3athers|gg\n","uploadtime":1682875676,"views":15,"p1id":"jayballester","p2id":"f3athers","formatid":"gen9vgc2023regulationc","rating":0,"private":0,"password":""}