{"id":"gen9vgc2023regulationc-1849379980","p1":"Icewing96","p2":"QrdeJegoMac","format":"[Gen 9] VGC 2023 Regulation C","log":"|j|\u2606Icewing96\n|j|\u2606QrdeJegoMac\n|t:|1682192017\n|gametype|doubles\n|player|p1|Icewing96|shadowtriad|1400\n|player|p2|QrdeJegoMac|2|1633\n|teamsize|p1|6\n|teamsize|p2|6\n|gen|9\n|tier|[Gen 9] VGC 2023 Regulation C\n|rated|\n|rule|Species Clause: Limit one of each Pok\u00e9mon\n|rule|Item Clause: Limit one of each item\n|clearpoke\n|poke|p1|Baxcalibur, L50, F|\n|poke|p1|Amoonguss, L50, M|\n|poke|p1|Arcanine, L50, M|\n|poke|p1|Palafin, L50, F|\n|poke|p1|Ting-Lu, L50|\n|poke|p1|Flutter Mane, L50|\n|poke|p2|Murkrow, L50, M|\n|poke|p2|Chi-Yu, L50|\n|poke|p2|Flutter Mane, L50|\n|poke|p2|Great Tusk, L50|\n|poke|p2|Brute Bonnet, L50|\n|poke|p2|Corviknight, L50, M|\n|teampreview|4\n|inactive|Battle timer is ON: inactive players will automatically lose when time's up. (requested by QrdeJegoMac)\n|inactive|Icewing96 also wants the timer to be on.\nIcewing96 has agreed to open team sheets.\nQrdeJegoMac has agreed to open team sheets.\n|inactive|Icewing96 has 60 seconds left.\n|\n|t:|1682192060\n|start\n|switch|p1a: Ting-Lu|Ting-Lu, L50|100\/100\n|switch|p1b: Palafin|Palafin, L50, F, shiny|100\/100\n|switch|p2a: Flutter Mane|Flutter Mane, L50|100\/100\n|switch|p2b: Murkrow|Murkrow, L50, M, shiny|100\/100\n|-ability|p1a: Ting-Lu|Vessel of Ruin\n|turn|1\n|\n|t:|1682192075\n|-terastallize|p1a: Ting-Lu|Grass\n|move|p1b: Palafin|Protect|p1b: Palafin\n|-singleturn|p1b: Palafin|Protect\n|move|p2b: Murkrow|Sunny Day|p2b: Murkrow\n|-weather|SunnyDay\n|-activate|p2a: Flutter Mane|ability: Protosynthesis\n|-start|p2a: Flutter Mane|protosynthesisspa\n|move|p2a: Flutter Mane|Moonblast|p1a: Ting-Lu\n|-damage|p1a: Ting-Lu|64\/100\n|move|p1a: Ting-Lu|Heavy Slam|p2a: Flutter Mane\n|-supereffective|p2a: Flutter Mane\n|-damage|p2a: Flutter Mane|0 fnt\n|faint|p2a: Flutter Mane\n|-end|p2a: Flutter Mane|Protosynthesis|[silent]\n|\n|-weather|SunnyDay|[upkeep]\n|upkeep\n|\n|t:|1682192084\n|switch|p2a: Chi-Yu|Chi-Yu, L50|100\/100\n|-ability|p2a: Chi-Yu|Beads of Ruin\n|turn|2\n|\n|t:|1682192092\n|switch|p1a: Arcanine|Arcanine, L50, M|100\/100\n|-ability|p1a: Arcanine|Intimidate|boost\n|-unboost|p2a: Chi-Yu|atk|1\n|-unboost|p2b: Murkrow|atk|1\n|-terastallize|p2a: Chi-Yu|Ghost\n|move|p2a: Chi-Yu|Heat Wave|p1a: Arcanine|[spread] p1a,p1b\n|-resisted|p1a: Arcanine\n|-resisted|p1b: Palafin\n|-damage|p1a: Arcanine|59\/100\n|-damage|p1b: Palafin|33\/100\n|-damage|p2a: Chi-Yu|90\/100|[from] item: Life Orb\n|move|p1b: Palafin|Wave Crash|p2a: Chi-Yu\n|-damage|p2a: Chi-Yu|53\/100\n|-damage|p1b: Palafin|25\/100|[from] Recoil\n|move|p2b: Murkrow|Foul Play|p1b: Palafin\n|-damage|p1b: Palafin|0 fnt\n|faint|p1b: Palafin\n|\n|-weather|SunnyDay|[upkeep]\n|upkeep\n|\n|t:|1682192109\n|switch|p1b: Flutter Mane|Flutter Mane, L50|100\/100\n|-activate|p1b: Flutter Mane|ability: Protosynthesis\n|-start|p1b: Flutter Mane|protosynthesisspa\n|turn|3\n|\n|t:|1682192126\n|move|p2a: Chi-Yu|Protect|p2a: Chi-Yu\n|-singleturn|p2a: Chi-Yu|Protect\n|move|p1b: Flutter Mane|Shadow Ball|p2a: Chi-Yu\n|-activate|p2a: Chi-Yu|move: Protect\n|move|p1a: Arcanine|Flare Blitz|p2b: Murkrow\n|-damage|p2b: Murkrow|33\/100\n|-damage|p1a: Arcanine|40\/100|[from] Recoil\n|move|p2b: Murkrow|Foul Play|p1a: Arcanine\n|-damage|p1a: Arcanine|1\/100\n|\n|-weather|SunnyDay|[upkeep]\n|upkeep\n|turn|4\n|inactive|Icewing96 has 30 seconds left.\n|\n|t:|1682192154\n|move|p1a: Arcanine|Protect|p1a: Arcanine\n|-singleturn|p1a: Arcanine|Protect\n|move|p2b: Murkrow|Tailwind|p2b: Murkrow\n|-sidestart|p2: QrdeJegoMac|move: Tailwind\n|move|p2a: Chi-Yu|Heat Wave|p1b: Flutter Mane|[spread] p1b\n|-activate|p1a: Arcanine|move: Protect\n|-damage|p1b: Flutter Mane|11\/100\n|-damage|p2a: Chi-Yu|43\/100|[from] item: Life Orb\n|move|p1b: Flutter Mane|Dazzling Gleam|p2b: Murkrow|[spread] p2a,p2b\n|-supereffective|p2b: Murkrow\n|-damage|p2a: Chi-Yu|0 fnt\n|-damage|p2b: Murkrow|0 fnt\n|faint|p2a: Chi-Yu\n|faint|p2b: Murkrow\n|\n|-weather|SunnyDay|[upkeep]\n|upkeep\n|\n|t:|1682192163\n|switch|p2b: Corviknight|Corviknight, L50, M|100\/100\n|turn|5\n|\n|t:|1682192172\n|switch|p1a: Ting-Lu|Ting-Lu, L50, tera:Grass|64\/100\n|-ability|p1a: Ting-Lu|Vessel of Ruin\n|move|p1b: Flutter Mane|Protect|p1b: Flutter Mane\n|-singleturn|p1b: Flutter Mane|Protect\n|move|p2b: Corviknight|Brave Bird|p1a: Ting-Lu\n|-supereffective|p1a: Ting-Lu\n|-damage|p1a: Ting-Lu|0 fnt\n|faint|p1a: Ting-Lu\n|-damage|p2b: Corviknight|74\/100|[from] Recoil\n|\n|-weather|none\n|-end|p1b: Flutter Mane|Protosynthesis\n|upkeep\n|-enditem|p1b: Flutter Mane|Booster Energy\n|-activate|p1b: Flutter Mane|ability: Protosynthesis|[fromitem]\n|-start|p1b: Flutter Mane|protosynthesisspa\n|\n|t:|1682192185\n|switch|p1a: Arcanine|Arcanine, L50, M|1\/100\n|-ability|p1a: Arcanine|Intimidate|boost\n|-ability|p2b: Corviknight|Mirror Armor\n|-unboost|p1a: Arcanine|atk|1\n|turn|6\n|\n|t:|1682192197\n|move|p2b: Corviknight|Brave Bird|p1b: Flutter Mane\n|-damage|p1b: Flutter Mane|0 fnt\n|faint|p1b: Flutter Mane\n|-end|p1b: Flutter Mane|Protosynthesis|[silent]\n|-damage|p2b: Corviknight|72\/100|[from] Recoil\n|move|p1a: Arcanine|Flare Blitz|p2b: Corviknight\n|-supereffective|p2b: Corviknight\n|-damage|p2b: Corviknight|20\/100\n|-damage|p1a: Arcanine|0 fnt|[from] Recoil\n|faint|p1a: Arcanine\n|\n|win|QrdeJegoMac\n|raw|Icewing96's rating: 1400 → 1392<\/strong> (-8 for losing)\n|raw|QrdeJegoMac's rating: 1633 → 1641<\/strong> (+8 for winning)\n|c|\u2606QrdeJegoMac|Gg\n|c|\u2606QrdeJegoMac|What\n|c|\u2606QrdeJegoMac|How did the not ko\n|c|\u2606Icewing96|no idea lol\n|c|\u2606QrdeJegoMac|Corv ily\n|c|\u2606Icewing96|gg\n|c|\u2606QrdeJegoMac|Gg\n|c|\u2606Icewing96|wait\n|c|\u2606Icewing96|its cause of mirror armor\n|l|\u2606Icewing96\n","uploadtime":1682192332,"views":11,"p1id":"icewing96","p2id":"qrdejegomac","formatid":"gen9vgc2023regulationc","rating":1392,"private":0,"password":""}