{"id":"gen9vgc2023regulationc-1852047191","p1":"Camitest","p2":"Axel316","format":"[Gen 9] VGC 2023 Regulation C","log":"|j|\u2606Camitest\n|j|\u2606Axel316\n|t:|1682519728\n|gametype|doubles\n|player|p1|Camitest|gladion|1311\n|player|p2|Axel316|266|1257\n|teamsize|p1|6\n|teamsize|p2|6\n|gen|9\n|tier|[Gen 9] VGC 2023 Regulation C\n|rated|\n|rule|Species Clause: Limit one of each Pok\u00e9mon\n|rule|Item Clause: Limit one of each item\n|clearpoke\n|poke|p1|Palafin, L50, M|\n|poke|p1|Arcanine, L50, M|\n|poke|p1|Flutter Mane, L50|\n|poke|p1|Amoonguss, L50, M|\n|poke|p1|Murkrow, L50, M|\n|poke|p1|Ting-Lu, L50|\n|poke|p2|Kingambit, L50, M|\n|poke|p2|Ting-Lu, L50|\n|poke|p2|Amoonguss, L50, M|\n|poke|p2|Flutter Mane, L50|\n|poke|p2|Palafin, L50, M|\n|poke|p2|Talonflame, L50, M|\n|teampreview|4\n|\n|t:|1682519780\n|start\n|switch|p1a: Palafin|Palafin, L50, M, shiny|100\/100\n|switch|p1b: Amoonguss|Amoonguss, L50, M|100\/100\n|switch|p2a: Flutter Mane|Flutter Mane, L50|100\/100\n|switch|p2b: Palafin|Palafin, L50, M|100\/100\n|turn|1\n|inactive|Battle timer is ON: inactive players will automatically lose when time's up. (requested by Axel316)\n|\n|t:|1682519810\n|detailschange|p2b: Palafin|Palafin-Hero, L50, M\n|switch|p2b: Amoonguss|Amoonguss, L50, M|100\/100\n|move|p2a: Flutter Mane|Protect|p2a: Flutter Mane\n|-singleturn|p2a: Flutter Mane|Protect\n|move|p1a: Palafin|Protect|p1a: Palafin\n|-singleturn|p1a: Palafin|Protect\n|move|p1b: Amoonguss|Spore|p2a: Flutter Mane\n|-activate|p2a: Flutter Mane|move: Protect\n|\n|upkeep\n|turn|2\n|\n|t:|1682519827\n|detailschange|p1a: Palafin|Palafin-Hero, L50, M, shiny\n|switch|p1a: Ting-Lu|Ting-Lu, L50|100\/100\n|-ability|p1a: Ting-Lu|Vessel of Ruin\n|move|p2a: Flutter Mane|Moonblast|p1a: Ting-Lu\n|-supereffective|p1a: Ting-Lu\n|-damage|p1a: Ting-Lu|67\/100\n|move|p2b: Amoonguss|Spore|p1a: Ting-Lu\n|-status|p1a: Ting-Lu|slp|[from] move: Spore\n|move|p1b: Amoonguss|Spore|p2a: Flutter Mane\n|-status|p2a: Flutter Mane|slp|[from] move: Spore\n|\n|upkeep\n|turn|3\n|inactive|Camitest has 30 seconds left.\n|inactive|Camitest has 20 seconds left.\n|inactive|Camitest has 15 seconds left.\n|\n|t:|1682519870\n|cant|p2a: Flutter Mane|slp\n|cant|p1a: Ting-Lu|slp\n|move|p1b: Amoonguss|Pollen Puff|p1a: Ting-Lu\n|-heal|p1a: Ting-Lu|100\/100 slp\n|move|p2b: Amoonguss|Pollen Puff|p1b: Amoonguss\n|-damage|p1b: Amoonguss|88\/100\n|\n|upkeep\n|turn|4\n|\n|t:|1682519900\n|-end|p2a: Flutter Mane|Protosynthesis|[silent]\n|switch|p2a: Kingambit|Kingambit, L50, M|100\/100\n|cant|p1a: Ting-Lu|slp\n|move|p2b: Amoonguss|Pollen Puff|p1a: Ting-Lu\n|-supereffective|p1a: Ting-Lu\n|-damage|p1a: Ting-Lu|88\/100 slp\n|move|p1b: Amoonguss|Spore|p2b: Amoonguss\n|-immune|p2b: Amoonguss\n|\n|upkeep\n|turn|5\n|\n|t:|1682519921\n|-terastallize|p2a: Kingambit|Flying\n|cant|p1a: Ting-Lu|slp\n|move|p2a: Kingambit|Tera Blast|p1b: Amoonguss\n|-supereffective|p1b: Amoonguss\n|-damage|p1b: Amoonguss|27\/100\n|-enditem|p1b: Amoonguss|Sitrus Berry|[eat]\n|-heal|p1b: Amoonguss|52\/100|[from] item: Sitrus Berry\n|move|p1b: Amoonguss|Spore|p2a: Kingambit\n|-status|p2a: Kingambit|slp|[from] move: Spore\n|move|p2b: Amoonguss|Pollen Puff|p1b: Amoonguss\n|-damage|p1b: Amoonguss|41\/100\n|\n|upkeep\n|turn|6\n|inactive|Camitest has 30 seconds left.\n|inactive|Camitest has 20 seconds left.\n|\n|t:|1682519956\n|switch|p1b: Flutter Mane|Flutter Mane, L50|100\/100\n|-curestatus|p1a: Ting-Lu|slp|[msg]\n|move|p1a: Ting-Lu|Ruination|p2a: Kingambit|[miss]\n|-miss|p1a: Ting-Lu|p2a: Kingambit\n|cant|p2a: Kingambit|slp\n|move|p2b: Amoonguss|Spore|p1a: Ting-Lu\n|-status|p1a: Ting-Lu|slp|[from] move: Spore\n|\n|upkeep\n|turn|7\n|\n|t:|1682519971\n|-end|p1b: Flutter Mane|Protosynthesis|[silent]\n|switch|p1b: Amoonguss|Amoonguss, L50, M|74\/100\n|cant|p1a: Ting-Lu|slp\n|cant|p2a: Kingambit|slp\n|move|p2b: Amoonguss|Spore|p1b: Amoonguss\n|-immune|p1b: Amoonguss\n|\n|upkeep\n|turn|8\n|\n|t:|1682519986\n|move|p1b: Amoonguss|Protect|p1b: Amoonguss\n|-singleturn|p1b: Amoonguss|Protect\n|cant|p1a: Ting-Lu|slp\n|-curestatus|p2a: Kingambit|slp|[msg]\n|move|p2a: Kingambit|Tera Blast|p1b: Amoonguss\n|-activate|p1b: Amoonguss|move: Protect\n|move|p2b: Amoonguss|Pollen Puff|p1b: Amoonguss\n|-activate|p1b: Amoonguss|move: Protect\n|\n|upkeep\n|turn|9\n|\n|t:|1682520003\n|-curestatus|p1a: Ting-Lu|slp|[msg]\n|move|p1a: Ting-Lu|Ruination|p2a: Kingambit|[miss]\n|-miss|p1a: Ting-Lu|p2a: Kingambit\n|move|p2a: Kingambit|Tera Blast|p1b: Amoonguss\n|-supereffective|p1b: Amoonguss\n|-damage|p1b: Amoonguss|9\/100\n|move|p1b: Amoonguss|Spore|p2a: Kingambit\n|-status|p2a: Kingambit|slp|[from] move: Spore\n|move|p2b: Amoonguss|Pollen Puff|p1b: Amoonguss\n|-damage|p1b: Amoonguss|0 fnt\n|faint|p1b: Amoonguss\n|\n|upkeep\n|\n|t:|1682520012\n|switch|p1b: Flutter Mane|Flutter Mane, L50|100\/100\n|turn|10\n|\n|t:|1682520030\n|switch|p2a: Flutter Mane|Flutter Mane, L50|100\/100 slp\n|move|p1b: Flutter Mane|Shadow Ball|p2b: Amoonguss\n|-damage|p2b: Amoonguss|67\/100\n|move|p1a: Ting-Lu|Throat Chop|p2b: Amoonguss\n|-damage|p2b: Amoonguss|34\/100\n|-start|p2b: Amoonguss|Throat Chop|[silent]\n|move|p2b: Amoonguss|Spore|p1b: Flutter Mane\n|-status|p1b: Flutter Mane|slp|[from] move: Spore\n|\n|-heal|p2b: Amoonguss|39\/100|[from] item: Leftovers\n|upkeep\n|turn|11\n|\n|t:|1682520054\n|cant|p2a: Flutter Mane|slp\n|cant|p1b: Flutter Mane|slp\n|move|p1a: Ting-Lu|Heavy Slam|p2a: Flutter Mane\n|-supereffective|p2a: Flutter Mane\n|-enditem|p2a: Flutter Mane|Focus Sash\n|-damage|p2a: Flutter Mane|1\/100 slp\n|move|p2b: Amoonguss|Spore|p1a: Ting-Lu\n|-status|p1a: Ting-Lu|slp|[from] move: Spore\n|\n|-heal|p2b: Amoonguss|45\/100|[from] item: Leftovers\n|-end|p2b: Amoonguss|Throat Chop|[silent]\n|upkeep\n|turn|12\n|\n|t:|1682520070\n|cant|p2a: Flutter Mane|slp\n|cant|p1b: Flutter Mane|slp\n|cant|p1a: Ting-Lu|slp\n|move|p2b: Amoonguss|Pollen Puff|p2a: Flutter Mane\n|-heal|p2a: Flutter Mane|51\/100 slp\n|\n|-heal|p2b: Amoonguss|51\/100|[from] item: Leftovers\n|upkeep\n|turn|13\n|\n|t:|1682520094\n|-terastallize|p1b: Flutter Mane|Fairy\n|-curestatus|p2a: Flutter Mane|slp|[msg]\n|move|p2a: Flutter Mane|Protect|p2a: Flutter Mane\n|-singleturn|p2a: Flutter Mane|Protect\n|cant|p1b: Flutter Mane|slp\n|cant|p1a: Ting-Lu|slp\n|move|p2b: Amoonguss|Spore|p1b: Flutter Mane\n|-fail|p1b: Flutter Mane|slp\n|\n|-heal|p2b: Amoonguss|57\/100|[from] item: Leftovers\n|upkeep\n|turn|14\n|\n|t:|1682520113\n|move|p2a: Flutter Mane|Moonblast|p1b: Flutter Mane\n|-damage|p1b: Flutter Mane|66\/100 slp\n|-curestatus|p1b: Flutter Mane|slp|[msg]\n|move|p1b: Flutter Mane|Shadow Ball|p2a: Flutter Mane\n|-supereffective|p2a: Flutter Mane\n|-damage|p2a: Flutter Mane|0 fnt\n|faint|p2a: Flutter Mane\n|-end|p2a: Flutter Mane|Protosynthesis|[silent]\n|-curestatus|p1a: Ting-Lu|slp|[msg]\n|move|p1a: Ting-Lu|Heavy Slam|p2b: Amoonguss\n|-damage|p2b: Amoonguss|23\/100\n|-status|p1a: Ting-Lu|slp|[from] ability: Effect Spore|[of] p2b: Amoonguss\n|move|p2b: Amoonguss|Spore|p1b: Flutter Mane\n|-status|p1b: Flutter Mane|slp|[from] move: Spore\n|\n|-heal|p2b: Amoonguss|29\/100|[from] item: Leftovers\n|upkeep\n|j| NUM-AMI-JISATZ\n|\n|t:|1682520135\n|switch|p2a: Palafin|Palafin-Hero, L50, M|100\/100\n|-activate|p2a: Palafin|ability: Zero to Hero\n|turn|15\n|\n|t:|1682520152\n|cant|p1b: Flutter Mane|slp\n|move|p2a: Palafin|Wave Crash|p1a: Ting-Lu\n|-supereffective|p1a: Ting-Lu\n|-crit|p1a: Ting-Lu\n|-damage|p1a: Ting-Lu|0 fnt\n|faint|p1a: Ting-Lu\n|-damage|p2a: Palafin|67\/100|[from] Recoil\n|move|p2b: Amoonguss|Pollen Puff|p1b: Flutter Mane\n|-resisted|p1b: Flutter Mane\n|-damage|p1b: Flutter Mane|57\/100 slp\n|\n|-heal|p2b: Amoonguss|34\/100|[from] item: Leftovers\n|upkeep\n|\n|t:|1682520156\n|switch|p1a: Palafin|Palafin-Hero, L50, M, shiny|100\/100\n|-activate|p1a: Palafin|ability: Zero to Hero\n|turn|16\n|inactive|Axel316 has 30 seconds left.\n|\n|t:|1682520183\n|move|p2a: Palafin|Jet Punch|p1b: Flutter Mane\n|-damage|p1b: Flutter Mane|0 fnt\n|faint|p1b: Flutter Mane\n|-end|p1b: Flutter Mane|Protosynthesis|[silent]\n|move|p1a: Palafin|Substitute|p1a: Palafin\n|-start|p1a: Palafin|Substitute\n|-damage|p1a: Palafin|76\/100\n|move|p2b: Amoonguss|Spore||[still]\n|-fail|p2b: Amoonguss\n|\n|-heal|p2b: Amoonguss|40\/100|[from] item: Leftovers\n|upkeep\n|turn|17\n|l| NUM-AMI-JISATZ\n|\n|t:|1682520196\n|move|p1a: Palafin|Wave Crash|p2b: Amoonguss\n|-resisted|p2b: Amoonguss\n|-damage|p2b: Amoonguss|0 fnt\n|faint|p2b: Amoonguss\n|-damage|p1a: Palafin|62\/100|[from] Recoil\n|move|p2a: Palafin|Wave Crash|p1a: Palafin\n|-resisted|p1a: Palafin\n|-end|p1a: Palafin|Substitute\n|-damage|p2a: Palafin|59\/100|[from] Recoil|[of] p1a: Palafin\n|\n|upkeep\n|\n|t:|1682520207\n|switch|p2b: Kingambit|Kingambit, L50, M, tera:Flying|100\/100 slp\n|turn|18\n|\n|t:|1682520215\n|move|p1a: Palafin|Wave Crash|p2a: Palafin\n|-resisted|p2a: Palafin\n|-damage|p2a: Palafin|15\/100\n|-damage|p1a: Palafin|47\/100|[from] Recoil\n|move|p2a: Palafin|Wave Crash|p1a: Palafin\n|-resisted|p1a: Palafin\n|-crit|p1a: Palafin\n|-damage|p1a: Palafin|0 fnt\n|faint|p1a: Palafin\n|-damage|p2a: Palafin|0 fnt|[from] Recoil\n|faint|p2a: Palafin\n|\n|win|Axel316\n|raw|Camitest's rating: 1311 → 1288<\/strong> (-23 for losing)\n|raw|Axel316's rating: 1257 → 1286<\/strong> (+29 for winning)\n|l|\u2606Camitest\n","uploadtime":1682520316,"views":13,"p1id":"camitest","p2id":"axel316","formatid":"gen9vgc2023regulationc","rating":1286,"private":0,"password":""}