{"id":"gen9vgc2023regulationc-1846265742","p1":"dreamswgh","p2":"ZomPino","format":"[Gen 9] VGC 2023 Regulation C","log":"|j|\u2606dreamswgh\n|j|\u2606ZomPino\n|t:|1681826825\n|gametype|doubles\n|player|p1|dreamswgh|nate|1300\n|player|p2|ZomPino|265|1305\n|teamsize|p1|6\n|teamsize|p2|6\n|gen|9\n|tier|[Gen 9] VGC 2023 Regulation C\n|rated|\n|rule|Species Clause: Limit one of each Pok\u00e9mon\n|rule|Item Clause: Limit one of each item\n|clearpoke\n|poke|p1|Torkoal, L50, F|\n|poke|p1|Flutter Mane, L50|\n|poke|p1|Indeedee-F, L50, F|\n|poke|p1|Hatterene, L50, F|\n|poke|p1|Corviknight, L50, F|\n|poke|p1|Mudsdale, L50, M|\n|poke|p2|Palafin, L50, M|\n|poke|p2|Chien-Pao, L50|\n|poke|p2|Dragapult, L50, M|\n|poke|p2|Amoonguss, L50, F|\n|poke|p2|Arcanine, L50, M|\n|poke|p2|Flutter Mane, L50|\n|teampreview|4\nZomPino has agreed to open team sheets.\n|inactive|Battle timer is ON: inactive players will automatically lose when time's up. (requested by ZomPino)\n|inactive|dreamswgh has 60 seconds left.\n|\n|t:|1681826892\n|start\n|switch|p1a: Nevada|Indeedee-F, L50, F|100\/100\n|switch|p1b: Okalahoma|Corviknight, L50, F|100\/100\n|switch|p2a: Mazinga|Dragapult, L50, M|100\/100\n|switch|p2b: Diego|Chien-Pao, L50|100\/100\n|-ability|p2b: Diego|Sword of Ruin\n|-fieldstart|move: Psychic Terrain|[from] ability: Psychic Surge|[of] p1a: Nevada\n|-enditem|p1a: Nevada|Psychic Seed\n|-boost|p1a: Nevada|spd|1|[from] item: Psychic Seed\n|turn|1\n|inactive|dreamswgh has 30 seconds left.\n|inactive|ZomPino has 30 seconds left.\n|\n|t:|1681826921\n|move|p2a: Mazinga|U-turn|p1a: Nevada\n|-supereffective|p1a: Nevada\n|-damage|p1a: Nevada|9\/100\n|\n|t:|1681826924\n|switch|p2a: SerFungus|Amoonguss, L50, F|100\/100|[from] U-turn\n|move|p2b: Diego|Sacred Sword|p1b: Okalahoma\n|-damage|p1b: Okalahoma|64\/100\n|move|p1b: Okalahoma|U-turn|p2b: Diego\n|-supereffective|p2b: Diego\n|-crit|p2b: Diego\n|-enditem|p2b: Diego|Focus Sash\n|-damage|p2b: Diego|1\/100\n|\n|t:|1681826937\n|switch|p1b: Arizona|Torkoal, L50, F|100\/100|[from] U-turn\n|-weather|SunnyDay|[from] ability: Drought|[of] p1b: Arizona\n|move|p1a: Nevada|Trick Room|p1a: Nevada\n|-fieldstart|move: Trick Room|[of] p1a: Nevada\n|\n|-weather|SunnyDay|[upkeep]\n|upkeep\n|turn|2\n|inactive|dreamswgh has 30 seconds left.\n|\n|t:|1681826968\n|switch|p2b: Doggo|Arcanine, L50, M|100\/100\n|-ability|p2b: Doggo|Intimidate|boost\n|-unboost|p1a: Nevada|atk|1\n|-unboost|p1b: Arizona|atk|1\n|-terastallize|p1b: Arizona|Fire\n|-terastallize|p2a: SerFungus|Water\n|move|p1a: Nevada|Helping Hand|p1b: Arizona\n|-singleturn|p1b: Arizona|Helping Hand|[of] p1a: Nevada\n|move|p1b: Arizona|Eruption|p2a: SerFungus|[spread] p2a,p2b\n|-resisted|p2a: SerFungus\n|-resisted|p2b: Doggo\n|-damage|p2a: SerFungus|25\/100\n|-damage|p2b: Doggo|7\/100\n|-enditem|p2a: SerFungus|Sitrus Berry|[eat]\n|-heal|p2a: SerFungus|50\/100|[from] item: Sitrus Berry\n|move|p2a: SerFungus|Spore|p1b: Arizona\n|-status|p1b: Arizona|slp|[from] move: Spore\n|\n|-weather|SunnyDay|[upkeep]\n|upkeep\n|turn|3\n|inactive|ZomPino has 30 seconds left.\n|\n|t:|1681827000\n|cant|p1b: Arizona|slp\n|move|p1a: Nevada|Follow Me|p1a: Nevada\n|-singleturn|p1a: Nevada|move: Follow Me\n|move|p2a: SerFungus|Pollen Puff|p1a: Nevada\n|-supereffective|p1a: Nevada\n|-damage|p1a: Nevada|0 fnt\n|faint|p1a: Nevada\n|move|p2b: Doggo|Will-O-Wisp||[still]\n|-fail|p2b: Doggo\n|\n|-weather|SunnyDay|[upkeep]\n|upkeep\n|\n|t:|1681827011\n|switch|p1a: New Mexico|Hatterene, L50, F|100\/100\n|turn|4\n|\n|t:|1681827018\n|cant|p1b: Arizona|slp\n|move|p1a: New Mexico|Dazzling Gleam|p2a: SerFungus|[spread] p2a,p2b\n|-resisted|p2b: Doggo\n|-damage|p2a: SerFungus|16\/100\n|-damage|p2b: Doggo|0 fnt\n|faint|p2b: Doggo\n|-damage|p1a: New Mexico|91\/100|[from] item: Life Orb\n|move|p2a: SerFungus|Pollen Puff|p2: Doggo|[notarget]\n|-fail|p2a: SerFungus\n|\n|-weather|SunnyDay|[upkeep]\n|upkeep\n|\n|t:|1681827030\n|switch|p2b: Diego|Chien-Pao, L50|1\/100\n|-ability|p2b: Diego|Sword of Ruin\n|turn|5\n|\n|t:|1681827039\n|switch|p1a: Okalahoma|Corviknight, L50, F|64\/100\n|move|p2a: SerFungus|Protect|p2a: SerFungus\n|-singleturn|p2a: SerFungus|Protect\n|move|p2b: Diego|Protect|p2b: Diego\n|-singleturn|p2b: Diego|Protect\n|-curestatus|p1b: Arizona|slp|[msg]\n|move|p1b: Arizona|Eruption|p2b: Diego|[spread] \n|-activate|p2a: SerFungus|move: Protect\n|-activate|p2b: Diego|move: Protect\n|\n|-weather|none\n|-fieldend|move: Trick Room\n|-fieldend|move: Psychic Terrain\n|upkeep\n|turn|6\n|inactive|dreamswgh has 30 seconds left.\n|inactive|ZomPino has 30 seconds left.\n|inactive|ZomPino has 20 seconds left.\n|\n|t:|1681827075\n|move|p1b: Arizona|Protect|p1b: Arizona\n|-singleturn|p1b: Arizona|Protect\n|move|p2b: Diego|Sacred Sword|p1b: Arizona\n|-activate|p1b: Arizona|move: Protect\n|move|p1a: Okalahoma|U-turn|p2b: Diego\n|-supereffective|p2b: Diego\n|-damage|p2b: Diego|0 fnt\n|faint|p2b: Diego\n|\n|t:|1681827083\n|switch|p1a: New Mexico|Hatterene, L50, F|91\/100|[from] U-turn\n|move|p2a: SerFungus|Pollen Puff|p2: Diego|[notarget]\n|-fail|p2a: SerFungus\n|\n|upkeep\n|\n|t:|1681827091\n|switch|p2b: Mazinga|Dragapult, L50, M|100\/100\n|turn|7\n|inactive|dreamswgh has 30 seconds left.\n|inactive|dreamswgh has 20 seconds left.\n|inactive|dreamswgh has 15 seconds left.\n|\n|t:|1681827132\n|move|p2a: SerFungus|Protect|p2a: SerFungus\n|-singleturn|p2a: SerFungus|Protect\n|move|p2b: Mazinga|Phantom Force||[still]\n|-prepare|p2b: Mazinga|Phantom Force\n|move|p1b: Arizona|Eruption|p2b: Mazinga|[spread] \n|-miss|p1b: Arizona|p2b: Mazinga\n|-activate|p2a: SerFungus|move: Protect\n|move|p1a: New Mexico|Trick Room|p1a: New Mexico\n|-fieldstart|move: Trick Room|[of] p1a: New Mexico\n|\n|upkeep\n|turn|8\n|inactive|dreamswgh has 30 seconds left.\n|inactive|dreamswgh has 20 seconds left.\n|\n|t:|1681827168\n|move|p1b: Arizona|Protect|p1b: Arizona\n|-singleturn|p1b: Arizona|Protect\n|move|p1a: New Mexico|Psychic|p2a: SerFungus\n|-damage|p2a: SerFungus|0 fnt\n|faint|p2a: SerFungus\n|-damage|p1a: New Mexico|82\/100|[from] item: Life Orb\n|move|p2b: Mazinga|Phantom Force|p1a: New Mexico|[from]lockedmove\n|-supereffective|p1a: New Mexico\n|-damage|p1a: New Mexico|0 fnt\n|faint|p1a: New Mexico\n|\n|upkeep\n|\n|t:|1681827179\n|switch|p1a: Okalahoma|Corviknight, L50, F|64\/100\n|turn|9\n|\n|t:|1681827196\n|move|p1b: Arizona|Eruption|p2b: Mazinga\n|-resisted|p2b: Mazinga\n|-damage|p2b: Mazinga|33\/100\n|move|p1a: Okalahoma|Iron Head|p2b: Mazinga\n|-crit|p2b: Mazinga\n|-damage|p2b: Mazinga|0 fnt\n|faint|p2b: Mazinga\n|\n|win|dreamswgh\n|raw|dreamswgh's rating: 1300 → 1325<\/strong> (+25 for winning)\n|raw|ZomPino's rating: 1305 → 1285<\/strong> (-20 for losing)\n|l|\u2606ZomPino\n","uploadtime":1681827206,"views":8,"p1id":"dreamswgh","p2id":"zompino","formatid":"gen9vgc2023regulationc","rating":1285,"private":0,"password":""}