{"id":"gen9vgc2023regulationc-1863375461","p1":"ItsKrov","p2":"revocolombia","format":"[Gen 9] VGC 2023 Regulation C","log":"|j|\u2606ItsKrov\n|j|\u2606revocolombia\n|t:|1684008988\n|gametype|doubles\n|player|p1|ItsKrov|steven|1244\n|player|p2|revocolombia|pokemonranger-gen4|1324\n|teamsize|p1|6\n|teamsize|p2|6\n|gen|9\n|tier|[Gen 9] VGC 2023 Regulation C\n|rated|\n|rule|Species Clause: Limit one of each Pok\u00e9mon\n|rule|Item Clause: Limit one of each item\n|clearpoke\n|poke|p1|Flutter Mane, L50|\n|poke|p1|Great Tusk, L50|\n|poke|p1|Chien-Pao, L50|\n|poke|p1|Arcanine, L50, F|\n|poke|p1|Murkrow, L50, F|\n|poke|p1|Gholdengo, L50|\n|poke|p2|Flutter Mane, L50|\n|poke|p2|Annihilape, L50, F|\n|poke|p2|Dragonite, L50, F|\n|poke|p2|Chien-Pao, L50|\n|poke|p2|Murkrow, L50, F|\n|poke|p2|Gholdengo, L50|\n|teampreview|4\n|\n|t:|1684009014\n|start\n|switch|p1a: Murkrow|Murkrow, L50, F|100\/100\n|switch|p1b: Great Tusk|Great Tusk, L50|100\/100\n|switch|p2a: Annihilape|Annihilape, L50, F, shiny|100\/100\n|switch|p2b: Murkrow|Murkrow, L50, F|100\/100\n|turn|1\n|\n|t:|1684009034\n|move|p1a: Murkrow|Taunt|p2a: Annihilape\n|-start|p2a: Annihilape|move: Taunt\n|move|p1b: Great Tusk|Rock Slide|p2b: Murkrow|[spread] p2b\n|-miss|p1b: Great Tusk|p2a: Annihilape\n|-supereffective|p2b: Murkrow\n|-damage|p2b: Murkrow|54\/100\n|cant|p2a: Annihilape|move: Taunt|Bulk Up\n|move|p2b: Murkrow|Foul Play|p1b: Great Tusk\n|-resisted|p1b: Great Tusk\n|-damage|p1b: Great Tusk|83\/100\n|\n|upkeep\n|turn|2\n|\n|t:|1684009056\n|switch|p2b: Dragonite|Dragonite, L50, F|100\/100\n|move|p1a: Murkrow|Sunny Day|p1a: Murkrow\n|-weather|SunnyDay\n|-activate|p1b: Great Tusk|ability: Protosynthesis\n|-start|p1b: Great Tusk|protosynthesisatk\n|move|p1b: Great Tusk|Rock Slide|p2a: Annihilape|[spread] p2a,p2b\n|-resisted|p2a: Annihilape\n|-supereffective|p2b: Dragonite\n|-damage|p2a: Annihilape|89\/100\n|-damage|p2b: Dragonite|75\/100\n|move|p2a: Annihilape|Rage Fist|p1b: Great Tusk\n|-damage|p1b: Great Tusk|46\/100\n|\n|-weather|SunnyDay|[upkeep]\n|-heal|p2a: Annihilape|96\/100|[from] item: Leftovers\n|upkeep\n|turn|3\n|\n|t:|1684009080\n|move|p2b: Dragonite|Extreme Speed|p1a: Murkrow\n|-damage|p1a: Murkrow|62\/100\n|move|p1b: Great Tusk|Rock Slide|p2a: Annihilape|[spread] p2a,p2b\n|-resisted|p2a: Annihilape\n|-supereffective|p2b: Dragonite\n|-damage|p2a: Annihilape|84\/100\n|-damage|p2b: Dragonite|24\/100\n|move|p2a: Annihilape|Rage Fist|p1b: Great Tusk\n|-damage|p1b: Great Tusk|0 fnt\n|faint|p1b: Great Tusk\n|-end|p1b: Great Tusk|Protosynthesis|[silent]\n|move|p1a: Murkrow|Foul Play|p2a: Annihilape\n|-damage|p2a: Annihilape|45\/100\n|\n|-weather|SunnyDay|[upkeep]\n|-heal|p2a: Annihilape|51\/100|[from] item: Leftovers\n|-end|p2a: Annihilape|move: Taunt\n|upkeep\n|\n|t:|1684009096\n|switch|p1b: Flutter Mane|Flutter Mane, L50|100\/100\n|-activate|p1b: Flutter Mane|ability: Protosynthesis\n|-start|p1b: Flutter Mane|protosynthesisspe\n|turn|4\n|\n|t:|1684009108\n|-terastallize|p2a: Annihilape|Fire\n|move|p2b: Dragonite|Extreme Speed|p1a: Murkrow\n|-damage|p1a: Murkrow|24\/100\n|move|p1a: Murkrow|Tailwind|p1a: Murkrow\n|-sidestart|p1: ItsKrov|move: Tailwind\n|move|p1b: Flutter Mane|Dazzling Gleam|p2b: Dragonite|[spread] p2a,p2b\n|-resisted|p2a: Annihilape\n|-supereffective|p2b: Dragonite\n|-damage|p2a: Annihilape|31\/100\n|-damage|p2b: Dragonite|0 fnt\n|faint|p2b: Dragonite\n|move|p2a: Annihilape|Rage Fist|p1b: Flutter Mane\n|-supereffective|p1b: Flutter Mane\n|-damage|p1b: Flutter Mane|0 fnt\n|faint|p1b: Flutter Mane\n|-end|p1b: Flutter Mane|Protosynthesis|[silent]\n|\n|-weather|SunnyDay|[upkeep]\n|-heal|p2a: Annihilape|37\/100|[from] item: Leftovers\n|upkeep\n|\n|t:|1684009129\n|switch|p1b: Arcanine|Arcanine, L50, F|100\/100\n|switch|p2b: Murkrow|Murkrow, L50, F|54\/100\n|-ability|p1b: Arcanine|Intimidate|boost\n|-unboost|p2a: Annihilape|atk|1\n|-ability|p2a: Annihilape|Defiant|boost\n|-boost|p2a: Annihilape|atk|2\n|-unboost|p2b: Murkrow|atk|1\n|turn|5\n|\n|t:|1684009146\n|move|p2a: Annihilape|Protect|p2a: Annihilape\n|-singleturn|p2a: Annihilape|Protect\n|move|p1b: Arcanine|Extreme Speed|p2a: Annihilape\n|-activate|p2a: Annihilape|move: Protect\n|move|p1a: Murkrow|Taunt|p2b: Murkrow\n|-hint|Since gen 7, Dark is immune to Prankster moves.\n|-immune|p2b: Murkrow\n|move|p2b: Murkrow|Tailwind|p2b: Murkrow\n|-sidestart|p2: revocolombia|move: Tailwind\n|\n|-weather|SunnyDay|[upkeep]\n|-heal|p2a: Annihilape|43\/100|[from] item: Leftovers\n|upkeep\n|turn|6\n|\n|t:|1684009172\n|move|p1b: Arcanine|Flare Blitz|p2a: Annihilape\n|-resisted|p2a: Annihilape\n|-damage|p2a: Annihilape|8\/100\n|-damage|p1b: Arcanine|88\/100|[from] Recoil\n|move|p2a: Annihilape|Rage Fist|p1b: Arcanine\n|-damage|p1b: Arcanine|0 fnt\n|faint|p1b: Arcanine\n|move|p2b: Murkrow|Foul Play|p1a: Murkrow\n|-resisted|p1a: Murkrow\n|-damage|p1a: Murkrow|11\/100\n|move|p1a: Murkrow|Foul Play|p2b: Murkrow\n|-resisted|p2b: Murkrow\n|-damage|p2b: Murkrow|45\/100\n|\n|-weather|none\n|-heal|p2a: Annihilape|14\/100|[from] item: Leftovers\n|upkeep\n|turn|7\n|-message|ItsKrov forfeited.\n|\n|win|revocolombia\n|raw|ItsKrov's rating: 1244 → 1225<\/strong> (-19 for losing)\n|raw|revocolombia's rating: 1324 → 1339<\/strong> (+15 for winning)\n|l|\u2606ItsKrov\n","uploadtime":1684009191,"views":11,"p1id":"itskrov","p2id":"revocolombia","formatid":"gen9vgc2023regulationc","rating":1225,"private":0,"password":""}