{"id":"gen9vgc2023regulationc-1859835769","p1":"garbinho","p2":"fkhg","format":"[Gen 9] VGC 2023 Regulation C","log":"|j|\u2606garbinho\n|j|\u2606fkhg\n|t:|1683568535\n|gametype|doubles\n|player|p1|garbinho|265|1158\n|player|p2|fkhg|1|1164\n|teamsize|p1|6\n|teamsize|p2|6\n|gen|9\n|tier|[Gen 9] VGC 2023 Regulation C\n|rated|\n|rule|Species Clause: Limit one of each Pok\u00e9mon\n|rule|Item Clause: Limit one of each item\n|clearpoke\n|poke|p1|Murkrow, L50, M|\n|poke|p1|Ting-Lu, L50|\n|poke|p1|Gholdengo, L50|\n|poke|p1|Amoonguss, L50, M|\n|poke|p1|Iron Bundle, L50|\n|poke|p1|Ceruledge, L50, M|\n|poke|p2|Glimmora, L50, M|\n|poke|p2|Gothitelle, L50, F|\n|poke|p2|Flutter Mane, L50|\n|poke|p2|Iron Moth, L50|\n|poke|p2|Great Tusk, L50|\n|poke|p2|Salamence, L50, M|\n|teampreview|4\ngarbinho rejected open team sheets.\n|\n|t:|1683568572\n|start\n|switch|p1a: Stupid Giraffe|Ting-Lu, L50|100\/100\n|switch|p1b: stupid fire chad|Ceruledge, L50, M|100\/100\n|switch|p2a: Glimmora|Glimmora, L50, M|100\/100\n|switch|p2b: Salamence|Salamence, L50, M|100\/100\n|-ability|p2b: Salamence|Intimidate|boost\n|-unboost|p1a: Stupid Giraffe|atk|1\n|-unboost|p1b: stupid fire chad|atk|1\n|-ability|p1a: Stupid Giraffe|Vessel of Ruin\n|turn|1\n|\n|t:|1683568595\n|move|p1a: Stupid Giraffe|Protect|p1a: Stupid Giraffe\n|-singleturn|p1a: Stupid Giraffe|Protect\n|move|p1b: stupid fire chad|Dragon Claw|p2b: Salamence\n|-supereffective|p2b: Salamence\n|-damage|p2b: Salamence|47\/100\n|move|p2b: Salamence|Tailwind|p2b: Salamence\n|-sidestart|p2: fkhg|move: Tailwind\n|move|p2a: Glimmora|Mortal Spin|p1b: stupid fire chad|[spread] p1b\n|-activate|p1a: Stupid Giraffe|move: Protect\n|-resisted|p1b: stupid fire chad\n|-damage|p1b: stupid fire chad|98\/100\n|-status|p1b: stupid fire chad|psn\n|\n|-damage|p1b: stupid fire chad|86\/100 psn|[from] psn\n|upkeep\n|turn|2\n|\n|t:|1683568622\n|move|p2b: Salamence|Dual Wingbeat|p2a: Glimmora\n|-resisted|p2a: Glimmora\n|-damage|p2a: Glimmora|87\/100\n|-activate|p2a: Glimmora|ability: Toxic Debris\n|-sidestart|p1: garbinho|move: Toxic Spikes\n|-resisted|p2a: Glimmora\n|-damage|p2a: Glimmora|74\/100\n|-activate|p2a: Glimmora|ability: Toxic Debris\n|-sidestart|p1: garbinho|move: Toxic Spikes\n|-hitcount|p2a: Glimmora|2\n|move|p2a: Glimmora|Venoshock|p1b: stupid fire chad\n|-resisted|p1b: stupid fire chad\n|-damage|p1b: stupid fire chad|56\/100 psn\n|move|p1b: stupid fire chad|Dragon Claw|p2b: Salamence\n|-supereffective|p2b: Salamence\n|-damage|p2b: Salamence|0 fnt\n|faint|p2b: Salamence\n|move|p1a: Stupid Giraffe|Snarl|p2a: Glimmora\n|-damage|p2a: Glimmora|64\/100\n|-unboost|p2a: Glimmora|spa|1\n|\n|-damage|p1b: stupid fire chad|44\/100 psn|[from] psn\n|upkeep\n|\n|t:|1683568653\n|switch|p2b: Flutter Mane|Flutter Mane, L50|100\/100\n|turn|3\n|\n|t:|1683568667\n|move|p2b: Flutter Mane|Protect|p2b: Flutter Mane\n|-singleturn|p2b: Flutter Mane|Protect\n|move|p2a: Glimmora|Mortal Spin|p1a: Stupid Giraffe|[spread] p1a,p1b\n|-resisted|p1a: Stupid Giraffe\n|-resisted|p1b: stupid fire chad\n|-damage|p1a: Stupid Giraffe|99\/100\n|-damage|p1b: stupid fire chad|41\/100 psn\n|-status|p1a: Stupid Giraffe|psn\n|move|p1b: stupid fire chad|Dragon Claw|p2a: Glimmora\n|-damage|p2a: Glimmora|40\/100\n|move|p1a: Stupid Giraffe|Earthquake|p2a: Glimmora|[spread] p1b,p2a\n|-activate|p2b: Flutter Mane|move: Protect\n|-supereffective|p1b: stupid fire chad\n|-supereffective|p2a: Glimmora\n|-damage|p1b: stupid fire chad|0 fnt\n|-damage|p2a: Glimmora|0 fnt\n|faint|p1b: stupid fire chad\n|faint|p2a: Glimmora\n|\n|-heal|p1a: Stupid Giraffe|100\/100 psn|[from] item: Leftovers\n|-damage|p1a: Stupid Giraffe|88\/100 psn|[from] psn\n|upkeep\n|\n|t:|1683568689\n|switch|p2a: Great Tusk|Great Tusk, L50|100\/100\n|switch|p1b: scott|Gholdengo, L50|100\/100\n|turn|4\n|\n|t:|1683568718\n|-terastallize|p1b: scott|Steel\n|move|p2b: Flutter Mane|Moonblast|p1a: Stupid Giraffe\n|-supereffective|p1a: Stupid Giraffe\n|-damage|p1a: Stupid Giraffe|23\/100 psn\n|-unboost|p1a: Stupid Giraffe|spa|1\n|move|p2a: Great Tusk|Headlong Rush|p1b: scott\n|-supereffective|p1b: scott\n|-damage|p1b: scott|0 fnt\n|-unboost|p2a: Great Tusk|def|1\n|-unboost|p2a: Great Tusk|spd|1\n|faint|p1b: scott\n|move|p1a: Stupid Giraffe|Ruination|p2a: Great Tusk\n|-damage|p2a: Great Tusk|51\/100\n|\n|-heal|p1a: Stupid Giraffe|29\/100 psn|[from] item: Leftovers\n|-damage|p1a: Stupid Giraffe|17\/100 psn|[from] psn\n|-sideend|p2: fkhg|move: Tailwind\n|upkeep\n|\n|t:|1683568735\n|switch|p1b: stupid penguin|Iron Bundle, L50|100\/100\n|-status|p1b: stupid penguin|tox\n|-enditem|p1b: stupid penguin|Booster Energy\n|-activate|p1b: stupid penguin|ability: Quark Drive|[fromitem]\n|-start|p1b: stupid penguin|quarkdrivespa\n|turn|5\n|\n|t:|1683568749\n|move|p2a: Great Tusk|Protect|p2a: Great Tusk\n|-singleturn|p2a: Great Tusk|Protect\n|move|p1b: stupid penguin|Hydro Pump|p2a: Great Tusk\n|-activate|p2a: Great Tusk|move: Protect\n|move|p2b: Flutter Mane|Hex|p1b: stupid penguin\n|-damage|p1b: stupid penguin|15\/100 tox\n|move|p1a: Stupid Giraffe|Snarl|p2a: Great Tusk|[spread] p2b\n|-activate|p2a: Great Tusk|move: Protect\n|-damage|p2b: Flutter Mane|96\/100\n|-unboost|p2b: Flutter Mane|spa|1\n|\n|-heal|p2b: Flutter Mane|100\/100|[from] item: Leftovers\n|-heal|p1a: Stupid Giraffe|23\/100 psn|[from] item: Leftovers\n|-damage|p1b: stupid penguin|9\/100 tox|[from] psn\n|-damage|p1a: Stupid Giraffe|11\/100 psn|[from] psn\n|upkeep\n|turn|6\n|\n|t:|1683568773\n|move|p2b: Flutter Mane|Protect|p2b: Flutter Mane\n|-singleturn|p2b: Flutter Mane|Protect\n|move|p2a: Great Tusk|Protect|p2a: Great Tusk\n|-singleturn|p2a: Great Tusk|Protect\n|move|p1b: stupid penguin|Hydro Pump|p2a: Great Tusk\n|-activate|p2a: Great Tusk|move: Protect\n|move|p1a: Stupid Giraffe|Earthquake|p2b: Flutter Mane|[spread] p1b\n|-activate|p2a: Great Tusk|move: Protect\n|-activate|p2b: Flutter Mane|move: Protect\n|-damage|p1b: stupid penguin|0 fnt\n|faint|p1b: stupid penguin\n|-end|p1b: stupid penguin|Quark Drive|[silent]\n|\n|-heal|p1a: Stupid Giraffe|17\/100 psn|[from] item: Leftovers\n|-damage|p1a: Stupid Giraffe|5\/100 psn|[from] psn\n|upkeep\n|turn|7\n|-message|garbinho forfeited.\n|\n|win|fkhg\n|raw|garbinho's rating: 1158 → 1133<\/strong> (-25 for losing)\n|raw|fkhg's rating: 1164 → 1189<\/strong> (+25 for winning)\n|l|\u2606garbinho\n|l|\u2606fkhg\n|j|\u2606fkhg\n|player|p2|fkhg|1\n","uploadtime":1683569010,"views":16,"p1id":"garbinho","p2id":"fkhg","formatid":"gen9vgc2023regulationc","rating":1133,"private":0,"password":""}