{"id":"gen9vgc2023regulationc-1863384885","p1":"Huntiebun","p2":"lolitoenpoke","format":"[Gen 9] VGC 2023 Regulation C","log":"|j|\u2606Huntiebun\n|j|\u2606lolitoenpoke\n|t:|1684010185\n|gametype|doubles\n|player|p1|Huntiebun|lucas|1332\n|player|p2|lolitoenpoke|169|1401\n|teamsize|p1|6\n|teamsize|p2|6\n|gen|9\n|tier|[Gen 9] VGC 2023 Regulation C\n|rated|\n|rule|Species Clause: Limit one of each Pok\u00e9mon\n|rule|Item Clause: Limit one of each item\n|clearpoke\n|poke|p1|Iron Bundle, L50|\n|poke|p1|Flutter Mane, L50|\n|poke|p1|Drednaw, L50, M|\n|poke|p1|Pelipper, L50, F|\n|poke|p1|Wo-Chien, L50|\n|poke|p1|Iron Hands, L50|\n|poke|p2|Talonflame, L50, M|\n|poke|p2|Dragapult, L50, F|\n|poke|p2|Chien-Pao, L50|\n|poke|p2|Gholdengo, L50|\n|poke|p2|Iron Hands, L50|\n|poke|p2|Rotom-Wash, L50|\n|teampreview|4\n|inactive|Battle timer is ON: inactive players will automatically lose when time's up. (requested by Huntiebun)\n|inactive|Huntiebun has 60 seconds left.\n|inactive|lolitoenpoke has 60 seconds left.\n|inactive|Huntiebun has 30 seconds left.\n|\n|t:|1684010247\n|start\n|switch|p1a: Iron Bundle|Iron Bundle, L50|100\/100\n|switch|p1b: Flutter Mane|Flutter Mane, L50|100\/100\n|switch|p2a: Gholdengo|Gholdengo, L50|100\/100\n|switch|p2b: Talonflame|Talonflame, L50, M|100\/100\n|-enditem|p1a: Iron Bundle|Booster Energy\n|-activate|p1a: Iron Bundle|ability: Quark Drive|[fromitem]\n|-start|p1a: Iron Bundle|quarkdrivespe\n|turn|1\n|inactive|Huntiebun has 30 seconds left.\n|inactive|Huntiebun has 20 seconds left.\n|inactive|Huntiebun has 15 seconds left.\n|\n|t:|1684010292\n|-terastallize|p2a: Gholdengo|Steel\n|move|p2b: Talonflame|Tailwind|p2b: Talonflame\n|-sidestart|p2: lolitoenpoke|move: Tailwind\n|move|p1a: Iron Bundle|Hydro Pump|p2b: Talonflame|[miss]\n|-miss|p1a: Iron Bundle|p2b: Talonflame\n|move|p2a: Gholdengo|Make It Rain|p1a: Iron Bundle|[spread] p1a,p1b\n|-supereffective|p1b: Flutter Mane\n|-damage|p1a: Iron Bundle|0 fnt\n|-damage|p1b: Flutter Mane|0 fnt\n|-unboost|p2a: Gholdengo|spa|1\n|faint|p1a: Iron Bundle\n|-end|p1a: Iron Bundle|Quark Drive|[silent]\n|faint|p1b: Flutter Mane\n|-end|p1b: Flutter Mane|Protosynthesis|[silent]\n|-damage|p2a: Gholdengo|91\/100|[from] item: Life Orb\n|\n|upkeep\n|inactive|Huntiebun has 30 seconds left.\n|c|\u2606Huntiebun|Im 0\/4 on hydro pumps today\n|c|\u2606Huntiebun|80% tho\n|inactive|Huntiebun has 20 seconds left.\n|\n|t:|1684010329\n|switch|p1a: Pelipper|Pelipper, L50, F|100\/100\n|switch|p1b: Drednaw|Drednaw, L50, M|100\/100\n|-weather|RainDance|[from] ability: Drizzle|[of] p1a: Pelipper\n|turn|2\n|c|\u2606lolitoenpoke|yo is that horrible\n|c|\u2606lolitoenpoke|my rotom has wide lens\n|c|\u2606lolitoenpoke|becouse of that\n|inactive|Huntiebun has 30 seconds left.\n|inactive|lolitoenpoke has 30 seconds left.\n|\n|t:|1684010358\n|switch|p2b: Rotom|Rotom-Wash, L50|100\/100\n|-terastallize|p1b: Drednaw|Grass\n|move|p1b: Drednaw|Rock Slide|p2b: Rotom|[spread] p2a,p2b\n|-resisted|p2a: Gholdengo\n|-damage|p2a: Gholdengo|71\/100\n|-damage|p2b: Rotom|62\/100\n|cant|p2a: Gholdengo|flinch\n|move|p1a: Pelipper|Hurricane|p2a: Gholdengo\n|-resisted|p2a: Gholdengo\n|-damage|p2a: Gholdengo|44\/100\n|-start|p2a: Gholdengo|confusion\n|\n|-weather|RainDance|[upkeep]\n|upkeep\n|turn|3\n|inactive|Huntiebun has 30 seconds left.\n|inactive|lolitoenpoke has 30 seconds left.\n|\n|t:|1684010388\n|move|p1b: Drednaw|Rock Slide|p2b: Rotom|[spread] p2a,p2b\n|-resisted|p2a: Gholdengo\n|-crit|p2a: Gholdengo\n|-crit|p2b: Rotom\n|-damage|p2a: Gholdengo|15\/100\n|-damage|p2b: Rotom|5\/100\n|cant|p2a: Gholdengo|flinch\n|cant|p2b: Rotom|flinch\n|move|p1a: Pelipper|Hurricane|p2a: Gholdengo\n|-resisted|p2a: Gholdengo\n|-damage|p2a: Gholdengo|0 fnt\n|faint|p2a: Gholdengo\n|\n|-weather|RainDance|[upkeep]\n|upkeep\n|c|\u2606lolitoenpoke|BROOOOOO\n|c|\u2606Huntiebun|Lmao\n|c|\u2606lolitoenpoke|jajajajajaja\n|c|\u2606lolitoenpoke|double crit and flinch\n|c|\u2606Huntiebun|Un real\n|inactive|lolitoenpoke has 30 seconds left.\n|c|\u2606lolitoenpoke|jesus has listen to u\n|inactive|lolitoenpoke has 20 seconds left.\n|\n|t:|1684010426\n|switch|p2a: Iron Hands|Iron Hands, L50|100\/100\n|turn|4\n|\n|t:|1684010441\n|move|p2a: Iron Hands|Fake Out|p1b: Drednaw\n|-damage|p1b: Drednaw|82\/100\n|cant|p1b: Drednaw|flinch\n|move|p2b: Rotom|Hydro Pump|p1a: Pelipper\n|-resisted|p1a: Pelipper\n|-damage|p1a: Pelipper|41\/100\n|move|p1a: Pelipper|Hurricane|p2a: Iron Hands\n|-damage|p2a: Iron Hands|73\/100\n|-start|p2a: Iron Hands|confusion\n|\n|-weather|RainDance|[upkeep]\n|-sideend|p2: lolitoenpoke|move: Tailwind\n|upkeep\n|turn|5\n|c|\u2606Huntiebun|2 confusions on hurricane lmao\n|inactive|Huntiebun has 30 seconds left.\n|inactive|lolitoenpoke has 30 seconds left.\n|\n|t:|1684010475\n|move|p2b: Rotom|Protect|p2b: Rotom\n|-singleturn|p2b: Rotom|Protect\n|move|p1b: Drednaw|Rock Slide|p2b: Rotom|[spread] p2a\n|-activate|p2b: Rotom|move: Protect\n|-resisted|p2a: Iron Hands\n|-damage|p2a: Iron Hands|60\/100\n|move|p1a: Pelipper|Hurricane|p2a: Iron Hands\n|-damage|p2a: Iron Hands|34\/100\n|cant|p2a: Iron Hands|flinch\n|\n|-weather|RainDance|[upkeep]\n|upkeep\n|turn|6\n|c|\u2606Huntiebun|......\n|inactive|Huntiebun has 30 seconds left.\n|\n|t:|1684010503\n|move|p1b: Drednaw|Rock Slide|p2a: Iron Hands|[spread] p2a,p2b\n|-resisted|p2a: Iron Hands\n|-damage|p2a: Iron Hands|22\/100\n|-damage|p2b: Rotom|0 fnt\n|faint|p2b: Rotom\n|move|p1a: Pelipper|Tailwind|p1a: Pelipper\n|-sidestart|p1: Huntiebun|move: Tailwind\n|-activate|p2a: Iron Hands|confusion\n|move|p2a: Iron Hands|Wild Charge|p1a: Pelipper\n|-supereffective|p1a: Pelipper\n|-damage|p1a: Pelipper|0 fnt\n|faint|p1a: Pelipper\n|-damage|p2a: Iron Hands|16\/100|[from] Recoil\n|\n|-weather|none\n|upkeep\n|\n|t:|1684010513\n|switch|p2b: Talonflame|Talonflame, L50, M|100\/100\n|turn|7\n|\n|t:|1684010524\n|move|p2b: Talonflame|Protect|p2b: Talonflame\n|-singleturn|p2b: Talonflame|Protect\n|move|p1b: Drednaw|Rock Slide|p2a: Iron Hands|[spread] p2a\n|-activate|p2b: Talonflame|move: Protect\n|-resisted|p2a: Iron Hands\n|-damage|p2a: Iron Hands|3\/100\n|-activate|p2a: Iron Hands|confusion\n|-damage|p2a: Iron Hands|0 fnt|[from] confusion\n|faint|p2a: Iron Hands\n|-end|p2a: Iron Hands|Quark Drive|[silent]\n|\n|upkeep\n|turn|8\n|c|\u2606Huntiebun|.......\n|\n|t:|1684010539\n|move|p2b: Talonflame|Brave Bird|p1b: Drednaw\n|-supereffective|p1b: Drednaw\n|-damage|p1b: Drednaw|0 fnt\n|faint|p1b: Drednaw\n|-damage|p2b: Talonflame|71\/100|[from] Recoil\n|\n|win|lolitoenpoke\n|raw|Huntiebun's rating: 1332 → 1316<\/strong> (-16 for losing)\n|raw|lolitoenpoke's rating: 1401 → 1417<\/strong> (+16 for winning)\n|c|\u2606lolitoenpoke|JAJAJA\n|c|\u2606lolitoenpoke|gg man\n|c|\u2606Huntiebun|Damnit\n|c|\u2606Huntiebun|Gg\n|c|\u2606Huntiebun|Lol\n|c|\u2606lolitoenpoke|that was crazy\n|c|\u2606Huntiebun|Fr\n|l|\u2606lolitoenpoke\n","uploadtime":1684010560,"views":16,"p1id":"huntiebun","p2id":"lolitoenpoke","formatid":"gen9vgc2023regulationc","rating":1316,"private":0,"password":""}