{"id":"gen9vgc2023regulationc-1857899048","p1":"Lealrec","p2":"mangomeister18","format":"[Gen 9] VGC 2023 Regulation C","log":"|j|\u2606Lealrec\n|j|\u2606mangomeister18\n|t:|1683244763\n|gametype|doubles\n|player|p1|Lealrec|101|1054\n|player|p2|mangomeister18|169|1040\n|teamsize|p1|6\n|teamsize|p2|6\n|gen|9\n|tier|[Gen 9] VGC 2023 Regulation C\n|rated|\n|rule|Species Clause: Limit one of each Pok\u00e9mon\n|rule|Item Clause: Limit one of each item\n|clearpoke\n|poke|p1|Flutter Mane, L50|\n|poke|p1|Great Tusk, L50|\n|poke|p1|Corviknight, L50, F|\n|poke|p1|Chi-Yu, L50|\n|poke|p1|Vaporeon, L50, M|\n|poke|p1|Wo-Chien, L50|\n|poke|p2|Tauros-Paldea-Aqua, L50, M|\n|poke|p2|Coalossal, L50, M|\n|poke|p2|Arboliva, L50, F|\n|poke|p2|Florges-White, L50, F|\n|poke|p2|Baxcalibur, L50, M|\n|poke|p2|Copperajah, L50, F|\n|teampreview|4\n|\n|t:|1683244804\n|start\n|switch|p1a: Flutter Mane|Flutter Mane, L50|100\/100\n|switch|p1b: Chi-Yu|Chi-Yu, L50|100\/100\n|switch|p2a: Roach|Coalossal, L50, M, shiny|100\/100\n|switch|p2b: Bong Water|Tauros-Paldea-Aqua, L50, M, shiny|100\/100\n|-ability|p1b: Chi-Yu|Beads of Ruin\n|-ability|p2b: Bong Water|Intimidate|boost\n|-unboost|p1a: Flutter Mane|atk|1\n|-unboost|p1b: Chi-Yu|atk|1\n|turn|1\n|inactive|Battle timer is ON: inactive players will automatically lose when time's up. (requested by mangomeister18)\n|inactive|Lealrec has 60 seconds left.\n|\n|t:|1683244849\n|-terastallize|p2b: Bong Water|Steel\n|move|p1a: Flutter Mane|Shadow Ball|p2a: Roach\n|-damage|p2a: Roach|24\/100\n|move|p1b: Chi-Yu|Dark Pulse|p2a: Roach\n|-damage|p2a: Roach|0 fnt\n|faint|p2a: Roach\n|move|p2b: Bong Water|Iron Head|p1a: Flutter Mane\n|-supereffective|p1a: Flutter Mane\n|-damage|p1a: Flutter Mane|0 fnt\n|faint|p1a: Flutter Mane\n|-end|p1a: Flutter Mane|Protosynthesis|[silent]\n|\n|upkeep\n|\n|t:|1683244866\n|switch|p1a: Wo-Chien|Wo-Chien, L50|100\/100\n|switch|p2a: Flower|Florges-White, L50, F, shiny|100\/100\n|-ability|p1a: Wo-Chien|Tablets of Ruin\n|turn|2\n|inactive|Lealrec has 30 seconds left.\n|inactive|Lealrec has 20 seconds left.\n|inactive|Lealrec has 15 seconds left.\n|inactive|Lealrec has 10 seconds left.\n|\n|t:|1683244912\n|switch|p1b: Vaporeon|Vaporeon, L50, M|100\/100\n|-terastallize|p1a: Wo-Chien|Water\n|move|p2b: Bong Water|Earthquake|p1b: Vaporeon|[spread] p2a,p1a,p1b\n|-crit|p1b: Vaporeon\n|-damage|p2a: Flower|75\/100\n|-damage|p1a: Wo-Chien|82\/100\n|-damage|p1b: Vaporeon|78\/100\n|move|p2a: Flower|Dazzling Gleam|p1b: Vaporeon|[spread] p1a,p1b\n|-damage|p1a: Wo-Chien|66\/100\n|-damage|p1b: Vaporeon|59\/100\n|move|p1a: Wo-Chien|Tera Blast|p2a: Flower\n|-damage|p2a: Flower|53\/100\n|\n|-heal|p2a: Flower|59\/100|[from] item: Leftovers\n|upkeep\n|turn|3\n|\n|t:|1683244935\n|switch|p2b: Stems|Arboliva, L50, F, shiny|100\/100\n|move|p1a: Wo-Chien|Protect|p1a: Wo-Chien\n|-singleturn|p1a: Wo-Chien|Protect\n|move|p1b: Vaporeon|Icy Wind|p2a: Flower|[spread] p2a,p2b\n|-supereffective|p2b: Stems\n|-damage|p2a: Flower|54\/100\n|-damage|p2b: Stems|80\/100\n|-unboost|p2a: Flower|spe|1\n|-fieldstart|move: Grassy Terrain|[from] ability: Seed Sower|[of] p2b: Stems\n|move|p2a: Flower|Giga Drain|p1a: Wo-Chien\n|-activate|p1a: Wo-Chien|move: Protect\n|\n|-heal|p1b: Vaporeon|65\/100|[from] Grassy Terrain\n|-heal|p1a: Wo-Chien|72\/100|[from] Grassy Terrain\n|-heal|p2a: Flower|60\/100|[from] Grassy Terrain\n|-heal|p2a: Flower|66\/100|[from] item: Leftovers\n|-heal|p2b: Stems|86\/100|[from] Grassy Terrain\n|upkeep\n|turn|4\n|inactive|Lealrec has 30 seconds left.\n|inactive|mangomeister18 has 30 seconds left.\n|inactive|Lealrec has 20 seconds left.\n|inactive|Lealrec has 15 seconds left.\n|\n|t:|1683244977\n|switch|p1b: Chi-Yu|Chi-Yu, L50|100\/100\n|-ability|p1b: Chi-Yu|Beads of Ruin\n|move|p1a: Wo-Chien|Giga Drain|p2a: Flower\n|-damage|p2a: Flower|31\/100\n|-heal|p1a: Wo-Chien|88\/100|[from] drain|[of] p2a: Flower\n|move|p2a: Flower|Giga Drain|p1a: Wo-Chien\n|-supereffective|p1a: Wo-Chien\n|-damage|p1a: Wo-Chien|43\/100\n|-heal|p2a: Flower|55\/100|[from] drain|[of] p1a: Wo-Chien\n|move|p2b: Stems|Giga Drain|p1b: Chi-Yu\n|-resisted|p1b: Chi-Yu\n|-damage|p1b: Chi-Yu|78\/100\n|-heal|p2b: Stems|94\/100|[from] drain|[of] p1b: Chi-Yu\n|\n|-heal|p1b: Chi-Yu|84\/100|[from] Grassy Terrain\n|-heal|p1a: Wo-Chien|49\/100|[from] Grassy Terrain\n|-heal|p2a: Flower|60\/100|[from] Grassy Terrain\n|-heal|p2a: Flower|66\/100|[from] item: Leftovers\n|-heal|p2b: Stems|99\/100|[from] Grassy Terrain\n|upkeep\n|turn|5\n|inactive|Lealrec has 30 seconds left.\n|\n|t:|1683245003\n|move|p1b: Chi-Yu|Heat Wave|p2a: Flower|[spread] p2a,p2b\n|-supereffective|p2b: Stems\n|-damage|p2a: Flower|40\/100\n|-damage|p2b: Stems|0 fnt\n|-status|p2a: Flower|brn\n|faint|p2b: Stems\n|move|p1a: Wo-Chien|Giga Drain|p2a: Flower\n|-damage|p2a: Flower|9\/100 brn\n|-heal|p1a: Wo-Chien|64\/100|[from] drain|[of] p2a: Flower\n|move|p2a: Flower|Wish|p2a: Flower\n|\n|-heal|p1b: Chi-Yu|90\/100|[from] Grassy Terrain\n|-heal|p1a: Wo-Chien|70\/100|[from] Grassy Terrain\n|-heal|p2a: Flower|15\/100 brn|[from] Grassy Terrain\n|-heal|p2a: Flower|21\/100 brn|[from] item: Leftovers\n|-damage|p2a: Flower|15\/100 brn|[from] brn\n|upkeep\n|\n|t:|1683245006\n|switch|p2b: Bong Water|Tauros-Paldea-Aqua, L50, M, shiny, tera:Steel|100\/100\n|-ability|p2b: Bong Water|Intimidate|boost\n|-unboost|p1a: Wo-Chien|atk|1\n|-unboost|p1b: Chi-Yu|atk|1\n|turn|6\n|inactive|Lealrec has 30 seconds left.\n|\n|t:|1683245031\n|switch|p1b: Vaporeon|Vaporeon, L50, M|65\/100\n|move|p2a: Flower|Protect|p2a: Flower\n|-singleturn|p2a: Flower|Protect\n|move|p2b: Bong Water|Earthquake|p1b: Vaporeon|[spread] p1a,p1b\n|-activate|p2a: Flower|move: Protect\n|-damage|p1a: Wo-Chien|59\/100\n|-damage|p1b: Vaporeon|57\/100\n|move|p1a: Wo-Chien|Giga Drain|p2a: Flower\n|-activate|p2a: Flower|move: Protect\n|\n|-heal|p2a: Flower|65\/100 brn|[from] move: Wish|[wisher] Flower\n|-heal|p1b: Vaporeon|63\/100|[from] Grassy Terrain\n|-heal|p1a: Wo-Chien|65\/100|[from] Grassy Terrain\n|-heal|p2a: Flower|71\/100 brn|[from] Grassy Terrain\n|-heal|p2a: Flower|77\/100 brn|[from] item: Leftovers\n|-damage|p2a: Flower|71\/100 brn|[from] brn\n|upkeep\n|turn|7\n|inactive|Lealrec has 30 seconds left.\n|\n|t:|1683245057\n|move|p2b: Bong Water|Close Combat|p1b: Vaporeon\n|-damage|p1b: Vaporeon|21\/100\n|-unboost|p2b: Bong Water|def|1\n|-unboost|p2b: Bong Water|spd|1\n|-enditem|p1b: Vaporeon|Sitrus Berry|[eat]\n|-heal|p1b: Vaporeon|46\/100|[from] item: Sitrus Berry\n|move|p1b: Vaporeon|Icy Wind|p2a: Flower|[spread] p2a,p2b\n|-resisted|p2b: Bong Water\n|-damage|p2a: Flower|65\/100 brn\n|-damage|p2b: Bong Water|94\/100\n|-unboost|p2a: Flower|spe|1\n|-unboost|p2b: Bong Water|spe|1\n|move|p1a: Wo-Chien|Giga Drain|p2a: Flower\n|-crit|p2a: Flower\n|-damage|p2a: Flower|32\/100 brn\n|-heal|p1a: Wo-Chien|81\/100|[from] drain|[of] p2a: Flower\n|move|p2a: Flower|Giga Drain|p1a: Wo-Chien\n|-supereffective|p1a: Wo-Chien\n|-damage|p1a: Wo-Chien|48\/100\n|-heal|p2a: Flower|50\/100 brn|[from] drain|[of] p1a: Wo-Chien\n|\n|-heal|p1b: Vaporeon|52\/100|[from] Grassy Terrain\n|-heal|p1a: Wo-Chien|53\/100|[from] Grassy Terrain\n|-heal|p2b: Bong Water|100\/100|[from] Grassy Terrain\n|-heal|p2a: Flower|56\/100 brn|[from] Grassy Terrain\n|-heal|p2a: Flower|62\/100 brn|[from] item: Leftovers\n|-damage|p2a: Flower|56\/100 brn|[from] brn\n|-fieldend|move: Grassy Terrain\n|upkeep\n|turn|8\n|inactive|Lealrec has 30 seconds left.\n|\n|t:|1683245087\n|move|p1b: Vaporeon|Icy Wind|p2b: Bong Water|[spread] p2a,p2b\n|-resisted|p2b: Bong Water\n|-damage|p2a: Flower|50\/100 brn\n|-damage|p2b: Bong Water|94\/100\n|-unboost|p2a: Flower|spe|1\n|-unboost|p2b: Bong Water|spe|1\n|move|p1a: Wo-Chien|Giga Drain|p2a: Flower\n|-damage|p2a: Flower|32\/100 brn\n|-heal|p1a: Wo-Chien|62\/100|[from] drain|[of] p2a: Flower\n|move|p2b: Bong Water|Close Combat|p1a: Wo-Chien\n|-damage|p1a: Wo-Chien|18\/100\n|-unboost|p2b: Bong Water|def|1\n|-unboost|p2b: Bong Water|spd|1\n|-enditem|p1a: Wo-Chien|Aguav Berry|[eat]\n|-heal|p1a: Wo-Chien|51\/100|[from] item: Aguav Berry\n|move|p2a: Flower|Giga Drain|p1a: Wo-Chien\n|-supereffective|p1a: Wo-Chien\n|-damage|p1a: Wo-Chien|25\/100\n|-heal|p2a: Flower|46\/100 brn|[from] drain|[of] p1a: Wo-Chien\n|\n|-heal|p2a: Flower|52\/100 brn|[from] item: Leftovers\n|-damage|p2a: Flower|46\/100 brn|[from] brn\n|upkeep\n|turn|9\n|inactive|Lealrec has 30 seconds left.\n|inactive|Lealrec has 20 seconds left.\n|\n|t:|1683245126\n|move|p1b: Vaporeon|Yawn|p2b: Bong Water\n|-start|p2b: Bong Water|move: Yawn|[of] p1b: Vaporeon\n|move|p1a: Wo-Chien|Dark Pulse|p2b: Bong Water\n|-damage|p2b: Bong Water|29\/100\n|move|p2b: Bong Water|Close Combat|p1a: Wo-Chien\n|-crit|p1a: Wo-Chien\n|-damage|p1a: Wo-Chien|0 fnt\n|-unboost|p2b: Bong Water|def|1\n|-unboost|p2b: Bong Water|spd|1\n|faint|p1a: Wo-Chien\n|move|p2a: Flower|Wish|p2a: Flower\n|\n|-heal|p2a: Flower|52\/100 brn|[from] item: Leftovers\n|-damage|p2a: Flower|46\/100 brn|[from] brn\n|upkeep\n|\n|t:|1683245142\n|switch|p1a: Chi-Yu|Chi-Yu, L50|90\/100\n|-ability|p1a: Chi-Yu|Beads of Ruin\n|turn|10\n|\n|t:|1683245154\n|move|p1a: Chi-Yu|Protect|p1a: Chi-Yu\n|-singleturn|p1a: Chi-Yu|Protect\n|move|p2a: Flower|Protect|p2a: Flower\n|-singleturn|p2a: Flower|Protect\n|move|p2b: Bong Water|Aqua Jet|p1a: Chi-Yu\n|-activate|p1a: Chi-Yu|move: Protect\n|move|p1b: Vaporeon|Yawn|p2a: Flower\n|-activate|p2a: Flower|move: Protect\n|\n|-heal|p2a: Flower|96\/100 brn|[from] move: Wish|[wisher] Flower\n|-heal|p2a: Flower|100\/100 brn|[from] item: Leftovers\n|-damage|p2a: Flower|95\/100 brn|[from] brn\n|-end|p2b: Bong Water|move: Yawn|[silent]\n|-status|p2b: Bong Water|slp\n|upkeep\n|turn|11\n|\n|t:|1683245176\n|cant|p2b: Bong Water|slp\n|move|p1a: Chi-Yu|Heat Wave|p2a: Flower|[spread] p2a,p2b\n|-supereffective|p2b: Bong Water\n|-damage|p2a: Flower|66\/100 brn\n|-damage|p2b: Bong Water|0 fnt\n|faint|p2b: Bong Water\n|move|p1b: Vaporeon|Yawn||[still]\n|-fail|p1b: Vaporeon\n|move|p2a: Flower|Giga Drain|p1b: Vaporeon\n|-supereffective|p1b: Vaporeon\n|-damage|p1b: Vaporeon|10\/100\n|-heal|p2a: Flower|92\/100 brn|[from] drain|[of] p1b: Vaporeon\n|\n|-heal|p2a: Flower|98\/100 brn|[from] item: Leftovers\n|-damage|p2a: Flower|92\/100 brn|[from] brn\n|upkeep\n|turn|12\n|inactive|Lealrec has 30 seconds left.\n|\n|t:|1683245208\n|move|p1a: Chi-Yu|Heat Wave|p2a: Flower\n|-damage|p2a: Flower|50\/100 brn\n|move|p1b: Vaporeon|Icy Wind|p2a: Flower\n|-damage|p2a: Flower|40\/100 brn\n|-unboost|p2a: Flower|spe|1\n|move|p2a: Flower|Dazzling Gleam|p1a: Chi-Yu|[spread] p1a,p1b\n|-crit|p1a: Chi-Yu\n|-damage|p1a: Chi-Yu|52\/100\n|-damage|p1b: Vaporeon|0 fnt\n|faint|p1b: Vaporeon\n|\n|-heal|p2a: Flower|46\/100 brn|[from] item: Leftovers\n|-damage|p2a: Flower|40\/100 brn|[from] brn\n|upkeep\n|turn|13\n|\n|t:|1683245225\n|move|p1a: Chi-Yu|Heat Wave|p2a: Flower\n|-damage|p2a: Flower|4\/100 brn\n|move|p2a: Flower|Wish|p2a: Flower\n|\n|-heal|p2a: Flower|10\/100 brn|[from] item: Leftovers\n|-damage|p2a: Flower|4\/100 brn|[from] brn\n|upkeep\n|turn|14\n|\n|t:|1683245244\n|move|p2a: Flower|Protect|p2a: Flower\n|-singleturn|p2a: Flower|Protect\n|move|p1a: Chi-Yu|Heat Wave|p2a: Flower\n|-activate|p2a: Flower|move: Protect\n|\n|-heal|p2a: Flower|54\/100 brn|[from] move: Wish|[wisher] Flower\n|-heal|p2a: Flower|60\/100 brn|[from] item: Leftovers\n|-damage|p2a: Flower|54\/100 brn|[from] brn\n|upkeep\n|turn|15\n|\n|t:|1683245255\n|move|p1a: Chi-Yu|Heat Wave|p2a: Flower\n|-damage|p2a: Flower|15\/100 brn\n|move|p2a: Flower|Wish|p2a: Flower\n|\n|-heal|p2a: Flower|21\/100 brn|[from] item: Leftovers\n|-damage|p2a: Flower|15\/100 brn|[from] brn\n|upkeep\n|turn|16\n|\n|t:|1683245264\n|move|p2a: Flower|Protect|p2a: Flower\n|-singleturn|p2a: Flower|Protect\n|move|p1a: Chi-Yu|Heat Wave|p2a: Flower\n|-activate|p2a: Flower|move: Protect\n|\n|-heal|p2a: Flower|65\/100 brn|[from] move: Wish|[wisher] Flower\n|-heal|p2a: Flower|71\/100 brn|[from] item: Leftovers\n|-damage|p2a: Flower|65\/100 brn|[from] brn\n|upkeep\n|turn|17\n|n|!Lealrec|lealrec\n|\n|t:|1683245276\n|move|p1a: Chi-Yu|Heat Wave|p2a: Flower\n|-damage|p2a: Flower|24\/100 brn\n|move|p2a: Flower|Wish|p2a: Flower\n|\n|-heal|p2a: Flower|30\/100 brn|[from] item: Leftovers\n|-damage|p2a: Flower|24\/100 brn|[from] brn\n|upkeep\n|turn|18\n|inactive|Lealrec has 30 seconds left.\n|\n|t:|1683245285\n|move|p2a: Flower|Protect|p2a: Flower\n|-singleturn|p2a: Flower|Protect\n|move|p1a: Chi-Yu|Heat Wave|p2a: Flower\n|-activate|p2a: Flower|move: Protect\n|\n|-heal|p2a: Flower|74\/100 brn|[from] move: Wish|[wisher] Flower\n|-heal|p2a: Flower|80\/100 brn|[from] item: Leftovers\n|-damage|p2a: Flower|74\/100 brn|[from] brn\n|upkeep\n|turn|19\n|inactive|Lealrec has 30 seconds left this turn.\n|inactive|Lealrec has 20 seconds left.\n|inactive|Lealrec has 15 seconds left.\n|inactive|Lealrec has 10 seconds left.\n|inactive|Lealrec has 5 seconds left.\n|\n|t:|1683245313\n|move|p1a: Chi-Yu|Heat Wave|p2a: Flower\n|-damage|p2a: Flower|35\/100 brn\n|move|p2a: Flower|Wish|p2a: Flower\n|\n|-heal|p2a: Flower|40\/100 brn|[from] item: Leftovers\n|-damage|p2a: Flower|35\/100 brn|[from] brn\n|upkeep\n|turn|20\n|inactive|Lealrec has 5 seconds left this turn.\n|-message|Lealrec lost due to inactivity.\n|\n|win|mangomeister18\n|raw|Lealrec's rating: 1054 → 1035<\/strong> (-19 for losing)\n|raw|mangomeister18's rating: 1040 → 1075<\/strong> (+35 for winning)\n","uploadtime":1683245273,"views":6,"p1id":"lealrec","p2id":"mangomeister18","formatid":"gen9vgc2023regulationc","rating":1035,"private":0,"password":""}