{"id":"gen9vgc2023regulationc-1862507899","p1":"sspark","p2":"Evil Flowey","format":"[Gen 9] VGC 2023 Regulation C","log":"|j|\u2606sspark\n|j|\u2606Evil Flowey\n|t:|1683895633\n|gametype|doubles\n|player|p1|sspark|102|1566\n|player|p2|Evil Flowey|volo|1516\n|teamsize|p1|6\n|teamsize|p2|6\n|gen|9\n|tier|[Gen 9] VGC 2023 Regulation C\n|rated|\n|rule|Species Clause: Limit one of each Pok\u00e9mon\n|rule|Item Clause: Limit one of each item\n|clearpoke\n|poke|p1|Flutter Mane, L50|\n|poke|p1|Chi-Yu, L50|\n|poke|p1|Iron Bundle, L50|\n|poke|p1|Maushold, L50|\n|poke|p1|Great Tusk, L50|\n|poke|p1|Gyarados, L50, M|\n|poke|p2|Baxcalibur, L50, M|\n|poke|p2|Torkoal, L50, F|\n|poke|p2|Chi-Yu, L50|\n|poke|p2|Ting-Lu, L50|\n|poke|p2|Dachsbun, L50, M|\n|poke|p2|Kingambit, L50, M|\n|teampreview|4\n|inactive|Battle timer is ON: inactive players will automatically lose when time's up. (requested by Evil Flowey)\nEvil Flowey has agreed to open team sheets.\n|c|\u2606Evil Flowey|best of 3?\n|inactive|sspark has 60 seconds left.\n|inactive|Evil Flowey has 60 seconds left.\n|c|\u2606sspark|uhhhh sure\nsspark has agreed to open team sheets.\n|inactive|sspark has 30 seconds left.\n|inactive|Evil Flowey has 30 seconds left.\n|inactive|sspark has 20 seconds left.\n|inactive|Evil Flowey has 20 seconds left.\n|inactive|sspark has 15 seconds left.\n|inactive|Evil Flowey has 15 seconds left.\n|inactive|sspark has 10 seconds left.\n|inactive|sspark has 5 seconds left.\n|\n|t:|1683895720\n|start\n|switch|p1a: Maushold|Maushold, L50|100\/100\n|switch|p1b: Gyarados|Gyarados, L50, M|100\/100\n|switch|p2a: Chi-Yu|Chi-Yu, L50|100\/100\n|switch|p2b: Cagnotta|Dachsbun, L50, M, shiny|100\/100\n|-ability|p2a: Chi-Yu|Beads of Ruin\n|-ability|p1b: Gyarados|Intimidate|boost\n|-unboost|p2a: Chi-Yu|atk|1\n|-unboost|p2b: Cagnotta|atk|1\n|turn|1\n|inactive|sspark has 30 seconds left.\n|inactive|Evil Flowey has 30 seconds left.\n|\n|t:|1683895752\n|move|p1a: Maushold|Protect|p1a: Maushold\n|-singleturn|p1a: Maushold|Protect\n|move|p2a: Chi-Yu|Lava Plume|p1a: Maushold|[spread] p1b\n|-activate|p1a: Maushold|move: Protect\n|-ability|p2b: Cagnotta|Well-Baked Body|boost\n|-boost|p2b: Cagnotta|def|2\n|-resisted|p1b: Gyarados\n|-crit|p1b: Gyarados\n|-damage|p1b: Gyarados|72\/100\n|-status|p1b: Gyarados|brn\n|-enditem|p1b: Gyarados|Lum Berry|[eat]\n|-curestatus|p1b: Gyarados|brn|[msg]\n|move|p1b: Gyarados|Waterfall|p2a: Chi-Yu\n|-supereffective|p2a: Chi-Yu\n|-damage|p2a: Chi-Yu|0 fnt\n|faint|p2a: Chi-Yu\n|move|p2b: Cagnotta|Yawn|p1b: Gyarados\n|-start|p1b: Gyarados|move: Yawn|[of] p2b: Cagnotta\n|\n|upkeep\n|\n|t:|1683895770\n|switch|p2a: Luigi|Torkoal, L50, F|100\/100\n|-weather|SunnyDay|[from] ability: Drought|[of] p2a: Luigi\n|turn|2\n|\n|t:|1683895793\n|switch|p1b: Chi-Yu|Chi-Yu, L50|100\/100\n|-ability|p1b: Chi-Yu|Beads of Ruin\n|move|p1a: Maushold|Thunder Wave|p2b: Cagnotta|[miss]\n|-miss|p1a: Maushold|p2b: Cagnotta\n|move|p2b: Cagnotta|Body Press|p1a: Maushold\n|-supereffective|p1a: Maushold\n|-damage|p1a: Maushold|0 fnt\n|faint|p1a: Maushold\n|move|p2a: Luigi|Lava Plume|p1b: Chi-Yu|[spread] p1b\n|-ability|p2b: Cagnotta|Well-Baked Body|boost\n|-boost|p2b: Cagnotta|def|2\n|-resisted|p1b: Chi-Yu\n|-damage|p1b: Chi-Yu|81\/100\n|\n|-weather|SunnyDay|[upkeep]\n|upkeep\n|inactive|sspark has 30 seconds left.\n|inactive|sspark has 20 seconds left.\n|\n|t:|1683895830\n|switch|p1a: Great Tusk|Great Tusk, L50|100\/100\n|-activate|p1a: Great Tusk|ability: Protosynthesis\n|-start|p1a: Great Tusk|protosynthesisatk\n|turn|3\n|\n|t:|1683895848\n|-terastallize|p1b: Chi-Yu|Grass\n|-terastallize|p2b: Cagnotta|Steel\n|move|p1b: Chi-Yu|Tera Blast|p2b: Cagnotta\n|-resisted|p2b: Cagnotta\n|-damage|p2b: Cagnotta|66\/100\n|move|p1a: Great Tusk|Headlong Rush|p2a: Luigi\n|-supereffective|p2a: Luigi\n|-damage|p2a: Luigi|0 fnt\n|-unboost|p1a: Great Tusk|def|1\n|-unboost|p1a: Great Tusk|spd|1\n|faint|p2a: Luigi\n|move|p2b: Cagnotta|Body Press|p1b: Chi-Yu\n|-damage|p1b: Chi-Yu|0 fnt\n|faint|p1b: Chi-Yu\n|\n|-weather|SunnyDay|[upkeep]\n|-heal|p2b: Cagnotta|72\/100|[from] item: Leftovers\n|upkeep\n|\n|t:|1683895865\n|switch|p1b: Gyarados|Gyarados, L50, M|72\/100\n|switch|p2a: Queengambit|Kingambit, L50, M|100\/100\n|-ability|p1b: Gyarados|Intimidate|boost\n|-unboost|p2a: Queengambit|atk|1\n|-ability|p2a: Queengambit|Defiant|boost\n|-boost|p2a: Queengambit|atk|2\n|-unboost|p2b: Cagnotta|atk|1\n|turn|4\n|inactive|sspark has 30 seconds left.\n|inactive|sspark has 20 seconds left.\n|inactive|sspark has 15 seconds left.\n|\n|t:|1683895906\n|move|p2a: Queengambit|Sucker Punch|p1a: Great Tusk\n|-resisted|p1a: Great Tusk\n|-damage|p1a: Great Tusk|70\/100\n|move|p1a: Great Tusk|Close Combat|p2a: Queengambit\n|-supereffective|p2a: Queengambit\n|-crit|p2a: Queengambit\n|-damage|p2a: Queengambit|0 fnt\n|-unboost|p1a: Great Tusk|def|1\n|-unboost|p1a: Great Tusk|spd|1\n|faint|p2a: Queengambit\n|move|p1b: Gyarados|Waterfall|p2b: Cagnotta\n|-damage|p2b: Cagnotta|68\/100\n|cant|p2b: Cagnotta|flinch\n|\n|-weather|SunnyDay|[upkeep]\n|-heal|p2b: Cagnotta|74\/100|[from] item: Leftovers\n|upkeep\n|turn|5\n|\n|t:|1683895926\n|move|p1a: Great Tusk|Headlong Rush|p2b: Cagnotta\n|-supereffective|p2b: Cagnotta\n|-crit|p2b: Cagnotta\n|-damage|p2b: Cagnotta|0 fnt\n|-unboost|p1a: Great Tusk|def|1\n|-unboost|p1a: Great Tusk|spd|1\n|faint|p2b: Cagnotta\n|\n|win|sspark\n|raw|sspark's rating: 1566 → 1583<\/strong> (+17 for winning)\n|raw|Evil Flowey's rating: 1516 → 1499<\/strong> (-17 for losing)\n|c|\u2606sspark|gg\n|c|\u2606Evil Flowey|gg\n|l|\u2606Evil Flowey\n|c|\u2606sspark|sorry bout that\n|j| merah merona\n","uploadtime":1683896612,"views":19,"p1id":"sspark","p2id":"evilflowey","formatid":"gen9vgc2023regulationc","rating":1499,"private":0,"password":""}