{"id":"gen9vgc2023regulationc-1861138384","p1":"head 0f the table","p2":"Toy Time King","format":"[Gen 9] VGC 2023 Regulation C","log":"|j|\u2606head 0f the table\n|j|\u2606Toy Time King\n|t:|1683729941\n|gametype|doubles\n|player|p1|head 0f the table|cynthia-gen4|\n|player|p2|Toy Time King|veteran|\n|teamsize|p1|6\n|teamsize|p2|6\n|gen|9\n|tier|[Gen 9] VGC 2023 Regulation C\n|rule|Tera Type Preview: Tera Types are shown at Team Preview\n|rule|Species Clause: Limit one of each Pok\u00e9mon\n|rule|Item Clause: Limit one of each item\n|clearpoke\n|poke|p1|Arcanine, L50, M|\n|poke|p1|Baxcalibur, L50, F|\n|poke|p1|Indeedee-F, L50, F|\n|poke|p1|Hatterene, L50, F|\n|poke|p1|Hariyama, L50, F|\n|poke|p1|Orthworm, L50, F|\n|poke|p2|Hariyama, L50, F|\n|poke|p2|Oranguru, L50, M|\n|poke|p2|Clawitzer, L50, F|\n|poke|p2|Amoonguss, L50, M|\n|poke|p2|Flutter Mane, L50|\n|poke|p2|Eelektross, L50, M|\n|teampreview|4\n|raw|head 0f the table's Tera Types: \/ \/ \/ \/ \/ \n|raw|Toy Time King's Tera Types: \/ \/ \/ \/ \/ \n|inactive|Battle timer is ON: inactive players will automatically lose when time's up. (requested by head 0f the table)\n|inactiveoff|Battle timer is now OFF.\nhead 0f the table has agreed to open team sheets.\n|c|\u2606head 0f the table|ohh shit that was by mistake nvm\n|j| Ciq108\n|c|\u2606Toy Time King|ok hf\n|j| Ace98121212\n|j| THO Plexiglass\n|\n|t:|1683730155\n|start\n|switch|p1a: Hatterene|Hatterene, L50, F|100\/100\n|switch|p1b: Indeedee|Indeedee-F, L50, F|100\/100\n|switch|p2a: DEM HANDS|Hariyama, L50, F|100\/100\n|switch|p2b: Psymonke|Oranguru, L50, M|100\/100\n|-fieldstart|move: Psychic Terrain|[from] ability: Psychic Surge|[of] p1b: Indeedee\n|-enditem|p1b: Indeedee|Psychic Seed\n|-boost|p1b: Indeedee|spd|1|[from] item: Psychic Seed\n|turn|1\n|c| Ace98121212|Gulf\n|c|\u2606head 0f the table|gl hf\n|\n|t:|1683730192\n|-terastallize|p2a: DEM HANDS|Normal\n|move|p1b: Indeedee|Follow Me|p1b: Indeedee\n|-singleturn|p1b: Indeedee|move: Follow Me\n|move|p2b: Psymonke|Hyper Voice|p1b: Indeedee|[spread] p1a,p1b\n|-damage|p1a: Hatterene|66\/100\n|-damage|p1b: Indeedee|82\/100\n|move|p2a: DEM HANDS|Knock Off|p1b: Indeedee\n|-supereffective|p1b: Indeedee\n|-damage|p1b: Indeedee|34\/100\n|move|p1a: Hatterene|Psychic|p2a: DEM HANDS\n|-damage|p2a: DEM HANDS|6\/100\n|-damage|p1a: Hatterene|56\/100|[from] item: Life Orb\n|\n|-status|p2a: DEM HANDS|brn|[from] item: Flame Orb\n|upkeep\n|turn|2\n|c| Ace98121212|Both tr team\n|j| Psycho782\n|\n|t:|1683730232\n|switch|p2a: The Claw|Clawitzer, L50, F|100\/100\n|move|p1b: Indeedee|Follow Me|p1b: Indeedee\n|-singleturn|p1b: Indeedee|move: Follow Me\n|move|p2b: Psymonke|Trick Room|p2b: Psymonke\n|-fieldstart|move: Trick Room|[of] p2b: Psymonke\n|move|p1a: Hatterene|Trick Room|p1a: Hatterene\n|-fieldend|move: Trick Room\n|\n|upkeep\n|turn|3\n|\n|t:|1683730251\n|move|p1b: Indeedee|Follow Me|p1b: Indeedee\n|-singleturn|p1b: Indeedee|move: Follow Me\n|move|p2b: Psymonke|Hyper Voice|p1a: Hatterene|[spread] p1a,p1b\n|-damage|p1a: Hatterene|23\/100\n|-damage|p1b: Indeedee|16\/100\n|move|p2a: The Claw|Muddy Water|p1b: Indeedee|[spread] p1a,p1b\n|-damage|p1a: Hatterene|0 fnt\n|-damage|p1b: Indeedee|0 fnt\n|faint|p1a: Hatterene\n|faint|p1b: Indeedee\n|-damage|p2a: The Claw|91\/100|[from] item: Life Orb\n|\n|upkeep\n|\n|t:|1683730260\n|switch|p1b: Hariyama|Hariyama, L50, F|100\/100\n|switch|p1a: Arcanine|Arcanine, L50, M|100\/100\n|-ability|p1a: Arcanine|Intimidate|boost\n|-unboost|p2a: The Claw|atk|1\n|-unboost|p2b: Psymonke|atk|1\n|turn|4\n|\n|t:|1683730279\n|-terastallize|p1b: Hariyama|Steel\n|move|p1a: Arcanine|Howl|p1a: Arcanine|[spread] p1a,p1b\n|-boost|p1a: Arcanine|atk|1\n|-boost|p1b: Hariyama|atk|1\n|move|p1b: Hariyama|Rock Slide|p2b: Psymonke|[spread] p2a,p2b\n|-damage|p2a: The Claw|57\/100\n|-damage|p2b: Psymonke|68\/100\n|move|p2a: The Claw|Muddy Water|p1b: Hariyama|[spread] p1b\n|-miss|p2a: The Claw|p1a: Arcanine\n|-damage|p1b: Hariyama|48\/100\n|-damage|p2a: The Claw|47\/100|[from] item: Life Orb\n|cant|p2b: Psymonke|flinch\n|\n|-status|p1b: Hariyama|brn|[from] item: Flame Orb\n|upkeep\n|turn|5\n|\n|t:|1683730314\n|move|p1a: Arcanine|Flare Blitz|p2b: Psymonke\n|-damage|p2b: Psymonke|0 fnt\n|faint|p2b: Psymonke\n|-damage|p1a: Arcanine|78\/100|[from] Recoil\n|move|p1b: Hariyama|Rock Slide|p2a: The Claw\n|-damage|p2a: The Claw|0 fnt\n|faint|p2a: The Claw\n|\n|-damage|p1b: Hariyama|42\/100 brn|[from] brn\n|-fieldend|move: Psychic Terrain\n|upkeep\n|\n|t:|1683730325\n|switch|p2b: DEM HANDS|Hariyama, L50, F, tera:Normal|6\/100 brn\n|switch|p2a: Habatakukami|Flutter Mane, L50|100\/100\n|turn|6\n|l| Psycho782\n|j| Psycho782\n|\n|t:|1683730344\n|move|p1a: Arcanine|Protect|p1a: Arcanine\n|-singleturn|p1a: Arcanine|Protect\n|move|p2b: DEM HANDS|Fake Out|p1a: Arcanine\n|-activate|p1a: Arcanine|move: Protect\n|move|p2a: Habatakukami|Mystical Fire|p1b: Hariyama\n|-supereffective|p1b: Hariyama\n|-damage|p1b: Hariyama|0 fnt\n|faint|p1b: Hariyama\n|\n|-damage|p2b: DEM HANDS|0 fnt|[from] brn\n|faint|p2b: DEM HANDS\n|upkeep\n|turn|7\n|\n|t:|1683730360\n|move|p2a: Habatakukami|Shadow Ball|p1a: Arcanine\n|-damage|p1a: Arcanine|31\/100\n|move|p1a: Arcanine|Flare Blitz|p2a: Habatakukami\n|-enditem|p2a: Habatakukami|Focus Sash\n|-damage|p2a: Habatakukami|1\/100\n|-damage|p1a: Arcanine|6\/100|[from] Recoil\n|\n|upkeep\n|turn|8\n|c|\u2606head 0f the table|gg wp\n|c|\u2606Toy Time King|gg\n|\n|t:|1683730374\n|move|p2a: Habatakukami|Shadow Ball|p1a: Arcanine\n|-damage|p1a: Arcanine|0 fnt\n|faint|p1a: Arcanine\n|\n|win|Toy Time King\n|l| THO Plexiglass\n|c| Ace98121212|Gg\n|l| Ace98121212\n|l| Psycho782\n","uploadtime":1683730378,"views":36,"p1id":"head0fthetable","p2id":"toytimeking","formatid":"gen9vgc2023regulationc","rating":0,"private":0,"password":""}