{"id":"gen9vgc2023regulationc-1864231303","p1":"NoDynaNoParty","p2":"Yolothom","format":"[Gen 9] VGC 2023 Regulation C","log":"|j|\u2606NoDynaNoParty\n|j|\u2606Yolothom\n|t:|1684141202\n|gametype|doubles\n|player|p1|NoDynaNoParty|teamrocket|\n|player|p2|Yolothom|nemona-v|\n|teamsize|p1|6\n|teamsize|p2|6\n|gen|9\n|tier|[Gen 9] VGC 2023 Regulation C\n|rated|Tournament battle\n|rule|Species Clause: Limit one of each Pok\u00e9mon\n|rule|Item Clause: Limit one of each item\n|clearpoke\n|poke|p1|Annihilape, L50, F|\n|poke|p1|Maushold-Four, L50|\n|poke|p1|Arcanine, L50, M|\n|poke|p1|Iron Bundle, L50|\n|poke|p1|Roaring Moon, L50|\n|poke|p1|Gholdengo, L50|\n|poke|p2|Roaring Moon, L50|\n|poke|p2|Amoonguss, L50, F|\n|poke|p2|Ting-Lu, L50|\n|poke|p2|Annihilape, L50, F|\n|poke|p2|Palafin, L50, F|\n|poke|p2|Flutter Mane, L50|\n|teampreview|4\nYolothom has agreed to open team sheets.\n|c|\u2606Yolothom|glhf\nNoDynaNoParty has agreed to open team sheets.\n|c|\u2606NoDynaNoParty|glhf bro\n|c|\u2606Yolothom|thx bro\n|j| aiihop\n|\n|t:|1684141257\n|start\n|switch|p1a: Gholdengo|Gholdengo, L50|100\/100\n|switch|p1b: Maushold|Maushold-Four, L50|100\/100\n|switch|p2a: Amoonguss|Amoonguss, L50, F, shiny|100\/100\n|switch|p2b: Annihilape|Annihilape, L50, F, shiny|100\/100\n|turn|1\n|\n|t:|1684141285\n|move|p1b: Maushold|Protect|p1b: Maushold\n|-singleturn|p1b: Maushold|Protect\n|move|p2a: Amoonguss|Rage Powder|p2a: Amoonguss\n|-singleturn|p2a: Amoonguss|move: Rage Powder\n|move|p2b: Annihilape|Drain Punch|p1b: Maushold\n|-activate|p1b: Maushold|move: Protect\n|move|p1a: Gholdengo|Nasty Plot|p1a: Gholdengo\n|-boost|p1a: Gholdengo|spa|2\n|\n|upkeep\n|turn|2\n|\n|t:|1684141314\n|-terastallize|p1b: Maushold|Ghost\n|move|p2b: Annihilape|Drain Punch|p1b: Maushold\n|-immune|p1b: Maushold\n|move|p1b: Maushold|Super Fang|p2a: Amoonguss\n|-damage|p2a: Amoonguss|51\/100\n|move|p1a: Gholdengo|Nasty Plot|p1a: Gholdengo\n|-boost|p1a: Gholdengo|spa|2\n|move|p2a: Amoonguss|Spore|p1a: Gholdengo\n|-immune|p1a: Gholdengo|[from] ability: Good as Gold\n|\n|upkeep\n|turn|3\n|\n|t:|1684141348\n|switch|p2b: Flutter Mane|Flutter Mane, L50, shiny|100\/100\n|move|p2a: Amoonguss|Protect|p2a: Amoonguss\n|-singleturn|p2a: Amoonguss|Protect\n|move|p1b: Maushold|Super Fang|p2a: Amoonguss\n|-activate|p2a: Amoonguss|move: Protect\n|move|p1a: Gholdengo|Make It Rain|p2a: Amoonguss|[spread] p2b\n|-activate|p2a: Amoonguss|move: Protect\n|-supereffective|p2b: Flutter Mane\n|-enditem|p2b: Flutter Mane|Focus Sash\n|-damage|p2b: Flutter Mane|1\/100\n|-unboost|p1a: Gholdengo|spa|1\n|\n|upkeep\n|turn|4\n|\n|t:|1684141380\n|move|p1b: Maushold|Follow Me|p1b: Maushold\n|-singleturn|p1b: Maushold|move: Follow Me\n|move|p2b: Flutter Mane|Shadow Ball|p1b: Maushold\n|-supereffective|p1b: Maushold\n|-damage|p1b: Maushold|3\/100\n|move|p1a: Gholdengo|Make It Rain|p2b: Flutter Mane|[spread] p2a,p2b\n|-supereffective|p2b: Flutter Mane\n|-damage|p2a: Amoonguss|0 fnt\n|-damage|p2b: Flutter Mane|0 fnt\n|-unboost|p1a: Gholdengo|spa|1\n|faint|p2a: Amoonguss\n|faint|p2b: Flutter Mane\n|-end|p2b: Flutter Mane|Protosynthesis|[silent]\n|\n|upkeep\n|\n|t:|1684141390\n|switch|p2b: Roaring Moon|Roaring Moon, L50, shiny|100\/100\n|switch|p2a: Annihilape|Annihilape, L50, F, shiny|100\/100\n|-enditem|p2b: Roaring Moon|Booster Energy\n|-activate|p2b: Roaring Moon|ability: Protosynthesis|[fromitem]\n|-start|p2b: Roaring Moon|protosynthesisatk\n|turn|5\n|\n|t:|1684141407\n|move|p1a: Gholdengo|Protect|p1a: Gholdengo\n|-singleturn|p1a: Gholdengo|Protect\n|move|p2a: Annihilape|Rage Fist|p1b: Maushold\n|-supereffective|p1b: Maushold\n|-damage|p1b: Maushold|0 fnt\n|faint|p1b: Maushold\n|move|p2b: Roaring Moon|Throat Chop|p1a: Gholdengo\n|-activate|p1a: Gholdengo|move: Protect\n|\n|upkeep\n|\n|t:|1684141415\n|switch|p1b: Roaring Moon|Roaring Moon, L50|100\/100\n|-enditem|p1b: Roaring Moon|Booster Energy\n|-activate|p1b: Roaring Moon|ability: Protosynthesis|[fromitem]\n|-start|p1b: Roaring Moon|protosynthesisspe\n|turn|6\n|\n|t:|1684141431\n|-terastallize|p2a: Annihilape|Ghost\n|move|p2b: Roaring Moon|Protect|p2b: Roaring Moon\n|-singleturn|p2b: Roaring Moon|Protect\n|move|p1b: Roaring Moon|Tailwind|p1b: Roaring Moon\n|-sidestart|p1: NoDynaNoParty|move: Tailwind\n|move|p2a: Annihilape|Rage Fist|p1a: Gholdengo\n|-supereffective|p1a: Gholdengo\n|-crit|p1a: Gholdengo\n|-damage|p1a: Gholdengo|17\/100\n|move|p1a: Gholdengo|Make It Rain|p2b: Roaring Moon|[spread] p2a\n|-activate|p2b: Roaring Moon|move: Protect\n|-damage|p2a: Annihilape|21\/100\n|-unboost|p1a: Gholdengo|spa|1\n|\n|-heal|p1a: Gholdengo|23\/100|[from] item: Leftovers\n|upkeep\n|turn|7\n|\n|t:|1684141457\n|move|p1a: Gholdengo|Protect|p1a: Gholdengo\n|-singleturn|p1a: Gholdengo|Protect\n|move|p1b: Roaring Moon|Acrobatics|p2a: Annihilape\n|-damage|p2a: Annihilape|0 fnt\n|faint|p2a: Annihilape\n|move|p2b: Roaring Moon|Dragon Dance|p2b: Roaring Moon\n|-boost|p2b: Roaring Moon|atk|1\n|-boost|p2b: Roaring Moon|spe|1\n|\n|-heal|p1a: Gholdengo|30\/100|[from] item: Leftovers\n|upkeep\n|turn|8\n|\n|t:|1684141477\n|move|p1b: Roaring Moon|Breaking Swipe|p2b: Roaring Moon\n|-supereffective|p2b: Roaring Moon\n|-damage|p2b: Roaring Moon|24\/100\n|-unboost|p2b: Roaring Moon|atk|1\n|move|p2b: Roaring Moon|Throat Chop|p1a: Gholdengo\n|-supereffective|p1a: Gholdengo\n|-damage|p1a: Gholdengo|0 fnt\n|faint|p1a: Gholdengo\n|\n|upkeep\n|\n|t:|1684141486\n|switch|p1a: Arcanine|Arcanine, L50, M, shiny|100\/100\n|-ability|p1a: Arcanine|Intimidate|boost\n|-unboost|p2b: Roaring Moon|atk|1\n|turn|9\n|\n|t:|1684141491\n|move|p2b: Roaring Moon|Protect|p2b: Roaring Moon\n|-singleturn|p2b: Roaring Moon|Protect\n|move|p1b: Roaring Moon|Breaking Swipe|p2b: Roaring Moon\n|-activate|p2b: Roaring Moon|move: Protect\n|move|p1a: Arcanine|Close Combat|p2b: Roaring Moon\n|-activate|p2b: Roaring Moon|move: Protect\n|\n|-sideend|p1: NoDynaNoParty|move: Tailwind\n|upkeep\n|turn|10\n|\n|t:|1684141498\n|move|p2b: Roaring Moon|Acrobatics|p1a: Arcanine\n|-damage|p1a: Arcanine|65\/100\n|move|p1b: Roaring Moon|Breaking Swipe|p2b: Roaring Moon\n|-supereffective|p2b: Roaring Moon\n|-damage|p2b: Roaring Moon|0 fnt\n|faint|p2b: Roaring Moon\n|-end|p2b: Roaring Moon|Protosynthesis|[silent]\n|\n|win|NoDynaNoParty\n|n|\u2606NoDynaNoParty|nodynanoparty\n|n|\u2606Yolothom|yolothom\n|n| aiihop|aiihop\n|c|\u2606Yolothom|gg\n|l|\u2606Yolothom\n|c|\u2606NoDynaNoParty|gg\n|l| aiihop\n","uploadtime":1684142591,"views":24,"p1id":"nodynanoparty","p2id":"yolothom","formatid":"gen9vgc2023regulationc","rating":0,"private":0,"password":""}