{"id":"gen9vgc2023regulationc-1849079148","p1":"DocBobPA","p2":"gbfgfgr5","format":"[Gen 9] VGC 2023 Regulation C","log":"|j|\u2606DocBobPA\n|j|\u2606gbfgfgr5\n|t:|1682151213\n|gametype|doubles\n|player|p1|DocBobPA|pokemaniac|1065\n|player|p2|gbfgfgr5|102|1000\n|teamsize|p1|6\n|teamsize|p2|6\n|gen|9\n|tier|[Gen 9] VGC 2023 Regulation C\n|rated|\n|rule|Species Clause: Limit one of each Pok\u00e9mon\n|rule|Item Clause: Limit one of each item\n|clearpoke\n|poke|p1|Chi-Yu, L50|\n|poke|p1|Skeledirge, L50, M|\n|poke|p1|Armarouge, L50, F|\n|poke|p1|Arcanine, L50, F|\n|poke|p1|Flutter Mane, L50|\n|poke|p1|Torkoal, L50, F|\n|poke|p2|Torkoal, L50, F|\n|poke|p2|Chi-Yu, L50|\n|poke|p2|Bronzong, L50|\n|poke|p2|Gastrodon, L50, F|\n|poke|p2|Grimmsnarl, L50, M|\n|poke|p2|Skeledirge, L50, F|\n|teampreview|4\n|j| first tea.\n|\n|t:|1682151237\n|start\n|switch|p1a: Armarouge|Armarouge, L50, F|100\/100\n|switch|p1b: Torkoal|Torkoal, L50, F|100\/100\n|switch|p2a: Grimmsnarl|Grimmsnarl, L50, M|100\/100\n|switch|p2b: Chi-Yu|Chi-Yu, L50|100\/100\n|-ability|p2b: Chi-Yu|Beads of Ruin\n|-weather|SunnyDay|[from] ability: Drought|[of] p1b: Torkoal\n|turn|1\n|inactive|Battle timer is ON: inactive players will automatically lose when time's up. (requested by gbfgfgr5)\n|\n|t:|1682151253\n|move|p1b: Torkoal|Protect|p1b: Torkoal\n|-singleturn|p1b: Torkoal|Protect\n|move|p2a: Grimmsnarl|Fake Out|p1b: Torkoal\n|-activate|p1b: Torkoal|move: Protect\n|move|p2b: Chi-Yu|Substitute|p2b: Chi-Yu\n|-start|p2b: Chi-Yu|Substitute\n|-damage|p2b: Chi-Yu|76\/100\n|move|p1a: Armarouge|Trick Room|p1a: Armarouge\n|-fieldstart|move: Trick Room|[of] p1a: Armarouge\n|\n|-weather|SunnyDay|[upkeep]\n|upkeep\n|turn|2\n|inactive|DocBobPA has 30 seconds left.\n|inactive|DocBobPA has 20 seconds left.\n|\n|t:|1682151292\n|-terastallize|p1a: Armarouge|Grass\n|move|p2b: Chi-Yu|Protect|p2b: Chi-Yu\n|-singleturn|p2b: Chi-Yu|Protect\n|move|p2a: Grimmsnarl|Trick|p1b: Torkoal\n|-activate|p2a: Grimmsnarl|move: Trick|[of] p1b: Torkoal\n|-item|p1b: Torkoal|Lagging Tail|[from] move: Trick\n|-item|p2a: Grimmsnarl|Charcoal|[from] move: Trick\n|move|p1b: Torkoal|Lava Plume|p2a: Grimmsnarl|[spread] p2a\n|-activate|p2b: Chi-Yu|move: Protect\n|-start|p1a: Armarouge|ability: Flash Fire\n|-damage|p2a: Grimmsnarl|40\/100\n|move|p1a: Armarouge|Armor Cannon|p2a: Grimmsnarl\n|-damage|p2a: Grimmsnarl|0 fnt\n|-unboost|p1a: Armarouge|def|1\n|-unboost|p1a: Armarouge|spd|1\n|faint|p2a: Grimmsnarl\n|\n|-weather|SunnyDay|[upkeep]\n|upkeep\n|\n|t:|1682151316\n|switch|p2a: Gastrodon|Gastrodon, L50, F|100\/100\n|turn|3\n|\n|t:|1682151331\n|move|p2a: Gastrodon|Protect|p2a: Gastrodon\n|-singleturn|p2a: Gastrodon|Protect\n|move|p1a: Armarouge|Energy Ball|p2a: Gastrodon\n|-activate|p2a: Gastrodon|move: Protect\n|move|p2b: Chi-Yu|Snarl|p1b: Torkoal|[spread] p1a,p1b\n|-damage|p1a: Armarouge|61\/100\n|-damage|p1b: Torkoal|66\/100\n|-unboost|p1a: Armarouge|spa|1\n|-unboost|p1b: Torkoal|spa|1\n|move|p1b: Torkoal|Lava Plume|p2a: Gastrodon|[spread] p2b\n|-activate|p2a: Gastrodon|move: Protect\n|-immune|p1a: Armarouge|[from] ability: Flash Fire\n|-resisted|p2b: Chi-Yu\n|-activate|p2b: Chi-Yu|move: Substitute|[damage]\n|\n|-weather|SunnyDay|[upkeep]\n|upkeep\n|turn|4\n|inactive|DocBobPA has 30 seconds left.\n|\n|t:|1682151357\n|switch|p2a: Skeledirge|Skeledirge, L50, F|100\/100\n|move|p1a: Armarouge|Energy Ball|p2a: Skeledirge\n|-resisted|p2a: Skeledirge\n|-damage|p2a: Skeledirge|80\/100\n|move|p2b: Chi-Yu|Snarl|p1a: Armarouge|[spread] p1a,p1b\n|-damage|p1a: Armarouge|23\/100\n|-damage|p1b: Torkoal|35\/100\n|-unboost|p1a: Armarouge|spa|1\n|-unboost|p1b: Torkoal|spa|1\n|move|p1b: Torkoal|Clear Smog|p2b: Chi-Yu\n|-activate|p2b: Chi-Yu|move: Substitute|[damage]\n|\n|-weather|SunnyDay|[upkeep]\n|-heal|p2a: Skeledirge|86\/100|[from] item: Leftovers\n|upkeep\n|turn|5\n|inactive|DocBobPA has 30 seconds left.\n|\n|t:|1682151387\n|-end|p1a: Armarouge|ability: Flash Fire|[silent]\n|switch|p1a: Chi-Yu|Chi-Yu, L50|100\/100\n|-ability|p1a: Chi-Yu|Beads of Ruin\n|move|p2a: Skeledirge|Protect|p2a: Skeledirge\n|-singleturn|p2a: Skeledirge|Protect\n|move|p2b: Chi-Yu|Protect|p2b: Chi-Yu\n|-singleturn|p2b: Chi-Yu|Protect\n|move|p1b: Torkoal|Protect||[still]\n|-fail|p1b: Torkoal\n|\n|-weather|none\n|-heal|p2a: Skeledirge|91\/100|[from] item: Leftovers\n|-fieldend|move: Trick Room\n|upkeep\n|turn|6\n|\n|t:|1682151409\n|switch|p1a: Arcanine|Arcanine, L50, F|100\/100\n|switch|p2a: Gastrodon|Gastrodon, L50, F|100\/100\n|move|p2b: Chi-Yu|Snarl|p1a: Arcanine|[spread] p1a,p1b\n|-damage|p1a: Arcanine|71\/100\n|-damage|p1b: Torkoal|5\/100\n|-unboost|p1a: Arcanine|spa|1\n|-unboost|p1b: Torkoal|spa|1\n|move|p1b: Torkoal|Lava Plume|p2b: Chi-Yu|[spread] p2a,p2b\n|-start|p1a: Arcanine|ability: Flash Fire\n|-resisted|p2b: Chi-Yu\n|-end|p2b: Chi-Yu|Substitute\n|-resisted|p2a: Gastrodon\n|-damage|p2a: Gastrodon|95\/100\n|\n|upkeep\n|turn|7\n|inactive|DocBobPA has 30 seconds left.\n|inactive|DocBobPA has 20 seconds left.\n|\n|t:|1682151446\n|move|p2b: Chi-Yu|Protect|p2b: Chi-Yu\n|-singleturn|p2b: Chi-Yu|Protect\n|move|p1b: Torkoal|Protect|p1b: Torkoal\n|-singleturn|p1b: Torkoal|Protect\n|move|p1a: Arcanine|Extreme Speed|p2b: Chi-Yu\n|-activate|p2b: Chi-Yu|move: Protect\n|move|p2a: Gastrodon|Earth Power|p1a: Arcanine\n|-supereffective|p1a: Arcanine\n|-damage|p1a: Arcanine|0 fnt\n|faint|p1a: Arcanine\n|\n|upkeep\n|\n|t:|1682151460\n|switch|p1a: Chi-Yu|Chi-Yu, L50|100\/100\n|-ability|p1a: Chi-Yu|Beads of Ruin\n|turn|8\n|\n|t:|1682151481\n|move|p2a: Gastrodon|Protect|p2a: Gastrodon\n|-singleturn|p2a: Gastrodon|Protect\n|move|p2b: Chi-Yu|Snarl|p1b: Torkoal|[spread] p1a,p1b\n|-resisted|p1a: Chi-Yu\n|-damage|p1a: Chi-Yu|90\/100\n|-damage|p1b: Torkoal|0 fnt\n|-unboost|p1a: Chi-Yu|spa|1\n|-enditem|p1a: Chi-Yu|White Herb\n|-clearnegativeboost|p1a: Chi-Yu|[silent]\n|faint|p1b: Torkoal\n|move|p1a: Chi-Yu|Ruination|p2b: Chi-Yu\n|-damage|p2b: Chi-Yu|38\/100\n|\n|upkeep\n|\n|t:|1682151493\n|switch|p1b: Armarouge|Armarouge, L50, F, tera:Grass|23\/100\n|turn|9\n|\n|t:|1682151503\n|switch|p2a: Skeledirge|Skeledirge, L50, F|91\/100\n|move|p2b: Chi-Yu|Snarl|p1a: Chi-Yu|[spread] p1a,p1b\n|-resisted|p1a: Chi-Yu\n|-damage|p1a: Chi-Yu|80\/100\n|-damage|p1b: Armarouge|1\/100\n|-unboost|p1a: Chi-Yu|spa|1\n|-unboost|p1b: Armarouge|spa|1\n|move|p1a: Chi-Yu|Lava Plume|p2b: Chi-Yu|[spread] p2a,p2b\n|-start|p1b: Armarouge|ability: Flash Fire\n|-resisted|p2a: Skeledirge\n|-resisted|p2b: Chi-Yu\n|-damage|p2a: Skeledirge|75\/100\n|-damage|p2b: Chi-Yu|28\/100\n|move|p1b: Armarouge|Armor Cannon|p2b: Chi-Yu\n|-resisted|p2b: Chi-Yu\n|-damage|p2b: Chi-Yu|2\/100\n|-unboost|p1b: Armarouge|def|1\n|-unboost|p1b: Armarouge|spd|1\n|-enditem|p2b: Chi-Yu|Wiki Berry|[eat]\n|-heal|p2b: Chi-Yu|36\/100|[from] item: Wiki Berry\n|\n|-heal|p2a: Skeledirge|81\/100|[from] item: Leftovers\n|upkeep\n|turn|10\n|inactive|DocBobPA has 30 seconds left.\n|inactive|DocBobPA has 20 seconds left.\n|inactive|DocBobPA has 15 seconds left.\n|inactive|DocBobPA has 10 seconds left.\n|inactive|gbfgfgr5 has 30 seconds left.\n|\n|t:|1682151550\n|switch|p2a: Gastrodon|Gastrodon, L50, F|95\/100\n|move|p2b: Chi-Yu|Snarl|p1a: Chi-Yu|[spread] p1a,p1b\n|-resisted|p1a: Chi-Yu\n|-damage|p1a: Chi-Yu|70\/100\n|-damage|p1b: Armarouge|0 fnt\n|-unboost|p1a: Chi-Yu|spa|1\n|faint|p1b: Armarouge\n|move|p1a: Chi-Yu|Dark Pulse|p2b: Chi-Yu\n|-resisted|p2b: Chi-Yu\n|-damage|p2b: Chi-Yu|24\/100\n|\n|upkeep\n|turn|11\n|\n|t:|1682151573\n|move|p2b: Chi-Yu|Snarl|p1a: Chi-Yu\n|-resisted|p1a: Chi-Yu\n|-damage|p1a: Chi-Yu|54\/100\n|-unboost|p1a: Chi-Yu|spa|1\n|move|p1a: Chi-Yu|Ruination|p2a: Gastrodon\n|-damage|p2a: Gastrodon|48\/100\n|move|p2a: Gastrodon|Earth Power|p1a: Chi-Yu\n|-supereffective|p1a: Chi-Yu\n|-damage|p1a: Chi-Yu|0 fnt\n|faint|p1a: Chi-Yu\n|\n|win|gbfgfgr5\n|raw|DocBobPA's rating: 1065 → 1042<\/strong> (-23 for losing)\n|raw|gbfgfgr5's rating: 1000 → 1047<\/strong> (+47 for winning)\n","uploadtime":1682151582,"views":10,"p1id":"docbobpa","p2id":"gbfgfgr5","formatid":"gen9vgc2023regulationc","rating":1042,"private":0,"password":""}