{"id":"gen9vgc2023regulationc-1857228974","p1":"Katamayo","p2":"Dan4045","format":"[Gen 9] VGC 2023 Regulation C","log":"|j|\u2606Katamayo\n|j|\u2606Dan4045\n|t:|1683160742\n|gametype|doubles\n|player|p1|Katamayo|fisherman-gen4|1113\n|player|p2|Dan4045|266|1165\n|teamsize|p1|6\n|teamsize|p2|6\n|gen|9\n|tier|[Gen 9] VGC 2023 Regulation C\n|rated|\n|rule|Species Clause: Limit one of each Pok\u00e9mon\n|rule|Item Clause: Limit one of each item\n|clearpoke\n|poke|p1|Oricorio-Pom-Pom, L50, F|\n|poke|p1|Volcarona, L50, F|\n|poke|p1|Flutter Mane, L50|\n|poke|p1|Lilligant, L50, F|\n|poke|p1|Torkoal, L50, M|\n|poke|p1|Arcanine, L50, M|\n|poke|p2|Pawmot, L50, F|\n|poke|p2|Kilowattrel, L50, M|\n|poke|p2|Gholdengo, L50|\n|poke|p2|Chi-Yu, L50|\n|poke|p2|Iron Bundle, L50|\n|poke|p2|Roaring Moon, L50|\n|teampreview|4\n|c|\u2606Dan4045|oh shit dancer team thats sick\n|c|\u2606Katamayo|thanks\n|\n|t:|1683160765\n|start\n|switch|p1a: Torkoal|Torkoal, L50, M|100\/100\n|switch|p1b: Lilligant|Lilligant, L50, F|100\/100\n|switch|p2a: Cadenza|Pawmot, L50, F|100\/100\n|switch|p2b: Zapdon\u2019t|Kilowattrel, L50, M, shiny|100\/100\n|-weather|SunnyDay|[from] ability: Drought|[of] p1a: Torkoal\n|turn|1\n|\n|t:|1683160777\n|switch|p1a: Oricorio|Oricorio-Pom-Pom, L50, F|100\/100\n|move|p2a: Cadenza|Fake Out|p1a: Oricorio\n|-damage|p1a: Oricorio|76\/100\n|move|p1b: Lilligant|Quiver Dance|p1b: Lilligant\n|-boost|p1b: Lilligant|spa|1\n|-boost|p1b: Lilligant|spd|1\n|-boost|p1b: Lilligant|spe|1\n|-activate|p1a: Oricorio|ability: Dancer\n|cant|p1a: Oricorio|flinch\n|move|p2b: Zapdon\u2019t|Tailwind|p2b: Zapdon\u2019t\n|-sidestart|p2: Dan4045|move: Tailwind\n|-start|p2b: Zapdon\u2019t|Charge|Tailwind|[from] ability: Wind Power\n|\n|-weather|SunnyDay|[upkeep]\n|upkeep\n|turn|2\n|\n|t:|1683160801\n|move|p1a: Oricorio|Protect|p1a: Oricorio\n|-singleturn|p1a: Oricorio|Protect\n|move|p2b: Zapdon\u2019t|Discharge|p1b: Lilligant|[spread] p1b\n|-activate|p1a: Oricorio|move: Protect\n|-immune|p2a: Cadenza|[from] ability: Volt Absorb\n|-resisted|p1b: Lilligant\n|-damage|p1b: Lilligant|80\/100\n|-end|p2b: Zapdon\u2019t|Charge|[silent]\n|move|p1b: Lilligant|Quiver Dance|p1b: Lilligant\n|-boost|p1b: Lilligant|spa|1\n|-boost|p1b: Lilligant|spd|1\n|-boost|p1b: Lilligant|spe|1\n|-activate|p1a: Oricorio|ability: Dancer\n|move|p1a: Oricorio|Quiver Dance|p1a: Oricorio|[from]ability: Dancer\n|-boost|p1a: Oricorio|spa|1\n|-boost|p1a: Oricorio|spd|1\n|-boost|p1a: Oricorio|spe|1\n|move|p2a: Cadenza|Close Combat|p1b: Lilligant\n|-crit|p1b: Lilligant\n|-damage|p1b: Lilligant|0 fnt\n|-unboost|p2a: Cadenza|def|1\n|-unboost|p2a: Cadenza|spd|1\n|-enditem|p2a: Cadenza|Eject Pack\n|faint|p1b: Lilligant\n|\n|t:|1683160824\n|switch|p2a: \u30c6\u30c4\u30ce\u30c4\u30c4\u30df|Iron Bundle, L50|100\/100\n|\n|-weather|SunnyDay|[upkeep]\n|upkeep\n|\n|t:|1683160829\n|switch|p1b: Flutter Mane|Flutter Mane, L50|100\/100\n|-activate|p1b: Flutter Mane|ability: Protosynthesis\n|-start|p1b: Flutter Mane|protosynthesisspe\n|turn|3\n|\n|t:|1683160843\n|-terastallize|p2a: \u30c6\u30c4\u30ce\u30c4\u30c4\u30df|Ice\n|move|p2a: \u30c6\u30c4\u30ce\u30c4\u30c4\u30df|Freeze-Dry|p1a: Oricorio\n|-supereffective|p1a: Oricorio\n|-damage|p1a: Oricorio|0 fnt\n|faint|p1a: Oricorio\n|move|p2b: Zapdon\u2019t|Discharge|p1b: Flutter Mane|[spread] p2a,p1b\n|-damage|p2a: \u30c6\u30c4\u30ce\u30c4\u30c4\u30df|47\/100\n|-damage|p1b: Flutter Mane|71\/100\n|move|p1b: Flutter Mane|Energy Ball|p2a: \u30c6\u30c4\u30ce\u30c4\u30c4\u30df\n|-damage|p2a: \u30c6\u30c4\u30ce\u30c4\u30c4\u30df|0 fnt\n|faint|p2a: \u30c6\u30c4\u30ce\u30c4\u30c4\u30df\n|-end|p2a: \u30c6\u30c4\u30ce\u30c4\u30c4\u30df|Quark Drive|[silent]\n|\n|-weather|SunnyDay|[upkeep]\n|upkeep\n|\n|t:|1683160854\n|switch|p2a: Cadenza|Pawmot, L50, F|100\/100\n|switch|p1a: Torkoal|Torkoal, L50, M|100\/100\n|turn|4\n|\n|t:|1683160866\n|move|p1a: Torkoal|Helping Hand|p1b: Flutter Mane\n|-singleturn|p1b: Flutter Mane|Helping Hand|[of] p1a: Torkoal\n|move|p2a: Cadenza|Fake Out|p1a: Torkoal\n|-damage|p1a: Torkoal|89\/100\n|move|p2b: Zapdon\u2019t|Discharge|p1b: Flutter Mane|[spread] p1a,p1b\n|-immune|p2a: Cadenza|[from] ability: Volt Absorb\n|-damage|p1a: Torkoal|58\/100\n|-damage|p1b: Flutter Mane|42\/100\n|move|p1b: Flutter Mane|Dazzling Gleam|p2a: Cadenza|[spread] p2a,p2b\n|-supereffective|p2a: Cadenza\n|-damage|p2a: Cadenza|0 fnt\n|-damage|p2b: Zapdon\u2019t|18\/100\n|faint|p2a: Cadenza\n|\n|-weather|SunnyDay|[upkeep]\n|-sideend|p2: Dan4045|move: Tailwind\n|upkeep\n|\n|t:|1683160877\n|switch|p2a: Chi-Yu|Chi-Yu, L50|100\/100\n|-ability|p2a: Chi-Yu|Beads of Ruin\n|turn|5\n|\n|t:|1683160888\n|-terastallize|p1b: Flutter Mane|Normal\n|move|p1a: Torkoal|Helping Hand|p1b: Flutter Mane\n|-singleturn|p1b: Flutter Mane|Helping Hand|[of] p1a: Torkoal\n|move|p1b: Flutter Mane|Dazzling Gleam|p2a: Chi-Yu|[spread] p2a,p2b\n|-damage|p2a: Chi-Yu|50\/100\n|-damage|p2b: Zapdon\u2019t|0 fnt\n|faint|p2b: Zapdon\u2019t\n|move|p2a: Chi-Yu|Heat Wave|p1a: Torkoal|[spread] p1a,p1b\n|-resisted|p1a: Torkoal\n|-damage|p1a: Torkoal|0 fnt\n|-damage|p1b: Flutter Mane|0 fnt\n|faint|p1a: Torkoal\n|faint|p1b: Flutter Mane\n|-end|p1b: Flutter Mane|Protosynthesis|[silent]\n|-damage|p2a: Chi-Yu|41\/100|[from] item: Life Orb\n|\n|win|Dan4045\n|raw|Katamayo's rating: 1113 → 1092<\/strong> (-21 for losing)\n|raw|Dan4045's rating: 1165 → 1186<\/strong> (+21 for winning)\n","uploadtime":1683160753,"views":10,"p1id":"katamayo","p2id":"dan4045","formatid":"gen9vgc2023regulationc","rating":1092,"private":0,"password":""}