{"id":"gen9vgc2023regulationc-1858470063","p1":"Egzy","p2":"masterninjas","format":"[Gen 9] VGC 2023 Regulation C","log":"|j|\u2606Egzy\n|j|\u2606masterninjas\n|t:|1683315408\n|gametype|doubles\n|player|p1|Egzy|266|1010\n|player|p2|masterninjas|colress|1055\n|teamsize|p1|6\n|teamsize|p2|6\n|gen|9\n|tier|[Gen 9] VGC 2023 Regulation C\n|rated|\n|rule|Species Clause: Limit one of each Pok\u00e9mon\n|rule|Item Clause: Limit one of each item\n|clearpoke\n|poke|p1|Oricorio-Sensu, L50, M|\n|poke|p1|Volcarona, L50, M|\n|poke|p1|Iron Moth, L50|\n|poke|p1|Annihilape, L50, M|\n|poke|p1|Maushold-Four, L50|\n|poke|p1|Ting-Lu, L50|\n|poke|p2|Grimmsnarl, L50, M|\n|poke|p2|Grafaiai, L50, F|\n|poke|p2|Slaking, L50, F|\n|poke|p2|Chien-Pao, L50|\n|poke|p2|Clodsire, L50, M|\n|poke|p2|Gastrodon, L50, F|\n|teampreview|4\n|inactive|Battle timer is ON: inactive players will automatically lose when time's up. (requested by Egzy)\n|\n|t:|1683315432\n|start\n|switch|p1a: Oricorio|Oricorio-Sensu, L50, M, shiny|100\/100\n|switch|p1b: Volcarona|Volcarona, L50, M, shiny|100\/100\n|switch|p2a: Gastrodon|Gastrodon, L50, F|100\/100\n|switch|p2b: Clodsire|Clodsire, L50, M|100\/100\n|turn|1\n|\n|t:|1683315446\n|-terastallize|p1b: Volcarona|Water\n|move|p1b: Volcarona|Quiver Dance|p1b: Volcarona\n|-boost|p1b: Volcarona|spa|1\n|-boost|p1b: Volcarona|spd|1\n|-boost|p1b: Volcarona|spe|1\n|-activate|p1a: Oricorio|ability: Dancer\n|move|p1a: Oricorio|Quiver Dance|p1a: Oricorio|[from]ability: Dancer\n|-boost|p1a: Oricorio|spa|1\n|-boost|p1a: Oricorio|spd|1\n|-boost|p1a: Oricorio|spe|1\n|move|p1a: Oricorio|Taunt|p2b: Clodsire\n|-start|p2b: Clodsire|move: Taunt\n|move|p2a: Gastrodon|Surf|p1b: Volcarona|[spread] p1a,p1b\n|-immune|p2b: Clodsire|[from] ability: Water Absorb\n|-resisted|p1b: Volcarona\n|-crit|p1b: Volcarona\n|-damage|p1a: Oricorio|83\/100\n|-damage|p1b: Volcarona|82\/100\n|move|p2b: Clodsire|Surf|p1b: Volcarona|[spread] p1a,p1b\n|-ability|p2a: Gastrodon|Storm Drain|boost\n|-boost|p2a: Gastrodon|spa|1\n|-resisted|p1b: Volcarona\n|-damage|p1a: Oricorio|76\/100\n|-damage|p1b: Volcarona|79\/100\n|\n|upkeep\n|turn|2\n|inactive|Egzy has 30 seconds left.\n|inactive|Egzy has 20 seconds left.\n|\n|t:|1683315482\n|move|p1b: Volcarona|Quiver Dance|p1b: Volcarona\n|-boost|p1b: Volcarona|spa|1\n|-boost|p1b: Volcarona|spd|1\n|-boost|p1b: Volcarona|spe|1\n|-activate|p1a: Oricorio|ability: Dancer\n|move|p1a: Oricorio|Quiver Dance|p1a: Oricorio|[from]ability: Dancer\n|-boost|p1a: Oricorio|spa|1\n|-boost|p1a: Oricorio|spd|1\n|-boost|p1a: Oricorio|spe|1\n|move|p1a: Oricorio|Revelation Dance|p2a: Gastrodon\n|-damage|p2a: Gastrodon|56\/100\n|move|p2a: Gastrodon|Surf|p1a: Oricorio|[spread] p1a,p1b\n|-immune|p2b: Clodsire|[from] ability: Water Absorb\n|-resisted|p1b: Volcarona\n|-damage|p1a: Oricorio|55\/100\n|-damage|p1b: Volcarona|70\/100\n|move|p2b: Clodsire|Surf|p1a: Oricorio|[spread] p1a,p1b\n|-ability|p2a: Gastrodon|Storm Drain|boost\n|-boost|p2a: Gastrodon|spa|1\n|-resisted|p1b: Volcarona\n|-damage|p1a: Oricorio|50\/100\n|-damage|p1b: Volcarona|68\/100\n|-enditem|p1a: Oricorio|Sitrus Berry|[eat]\n|-heal|p1a: Oricorio|75\/100|[from] item: Sitrus Berry\n|\n|-heal|p2a: Gastrodon|62\/100|[from] item: Leftovers\n|upkeep\n|turn|3\n|inactive|masterninjas has 30 seconds left.\n|inactive|masterninjas has 20 seconds left.\n|\n|t:|1683315518\n|move|p2a: Gastrodon|Protect|p2a: Gastrodon\n|-singleturn|p2a: Gastrodon|Protect\n|move|p1b: Volcarona|Bug Buzz|p2a: Gastrodon\n|-activate|p2a: Gastrodon|move: Protect\n|move|p1a: Oricorio|Tailwind|p1a: Oricorio\n|-sidestart|p1: Egzy|move: Tailwind\n|move|p2b: Clodsire|Sludge Wave|p1b: Volcarona|[spread] p1a,p1b\n|-activate|p2a: Gastrodon|move: Protect\n|-resisted|p1a: Oricorio\n|-damage|p1a: Oricorio|71\/100\n|-damage|p1b: Volcarona|60\/100\n|\n|-heal|p2a: Gastrodon|68\/100|[from] item: Leftovers\n|-end|p2b: Clodsire|move: Taunt\n|upkeep\n|turn|4\n|\n|t:|1683315536\n|move|p1b: Volcarona|Quiver Dance|p1b: Volcarona\n|-boost|p1b: Volcarona|spa|1\n|-boost|p1b: Volcarona|spd|1\n|-boost|p1b: Volcarona|spe|1\n|-activate|p1a: Oricorio|ability: Dancer\n|move|p1a: Oricorio|Quiver Dance|p1a: Oricorio|[from]ability: Dancer\n|-boost|p1a: Oricorio|spa|1\n|-boost|p1a: Oricorio|spd|1\n|-boost|p1a: Oricorio|spe|1\n|move|p1a: Oricorio|Revelation Dance|p2a: Gastrodon\n|-damage|p2a: Gastrodon|12\/100\n|move|p2a: Gastrodon|Surf|p1a: Oricorio|[spread] p1a,p1b\n|-immune|p2b: Clodsire|[from] ability: Water Absorb\n|-resisted|p1b: Volcarona\n|-damage|p1a: Oricorio|50\/100\n|-damage|p1b: Volcarona|51\/100\n|move|p2b: Clodsire|Surf|p1b: Volcarona|[spread] p1a,p1b\n|-ability|p2a: Gastrodon|Storm Drain|boost\n|-boost|p2a: Gastrodon|spa|1\n|-resisted|p1b: Volcarona\n|-damage|p1a: Oricorio|46\/100\n|-damage|p1b: Volcarona|49\/100\n|\n|-heal|p2a: Gastrodon|18\/100|[from] item: Leftovers\n|upkeep\n|turn|5\n|inactive|Egzy has 30 seconds left.\n|inactive|masterninjas has 30 seconds left.\n|\n|t:|1683315569\n|move|p2a: Gastrodon|Protect|p2a: Gastrodon\n|-singleturn|p2a: Gastrodon|Protect\n|move|p1b: Volcarona|Fiery Dance|p2b: Clodsire\n|-crit|p2b: Clodsire\n|-damage|p2b: Clodsire|0 fnt\n|-boost|p1b: Volcarona|spa|1\n|faint|p2b: Clodsire\n|-damage|p1b: Volcarona|39\/100|[from] item: Life Orb\n|-activate|p1a: Oricorio|ability: Dancer\n|move|p1a: Oricorio|Fiery Dance|p2a: Gastrodon|[from]ability: Dancer\n|-activate|p2a: Gastrodon|move: Protect\n|move|p1a: Oricorio|Revelation Dance|p2a: Gastrodon\n|-activate|p2a: Gastrodon|move: Protect\n|\n|-heal|p2a: Gastrodon|24\/100|[from] item: Leftovers\n|upkeep\n|\n|t:|1683315586\n|switch|p2b: Grafaiai|Grafaiai, L50, F|100\/100\n|turn|6\n|\n|t:|1683315599\n|move|p2a: Gastrodon|Protect|p2a: Gastrodon\n|-singleturn|p2a: Gastrodon|Protect\n|move|p2b: Grafaiai|Doodle|p1a: Oricorio\n|-endability|p2a: Gastrodon|Storm Drain|[from] move: Doodle\n|-ability|p2a: Gastrodon|Dancer|[from] move: Doodle\n|-endability|p2b: Grafaiai|Prankster|[from] move: Doodle\n|-ability|p2b: Grafaiai|Dancer|[from] move: Doodle\n|move|p1b: Volcarona|Fiery Dance|p2b: Grafaiai\n|-enditem|p2b: Grafaiai|Focus Sash\n|-damage|p2b: Grafaiai|1\/100\n|-boost|p1b: Volcarona|spa|1\n|-damage|p1b: Volcarona|29\/100|[from] item: Life Orb\n|-activate|p2a: Gastrodon|ability: Dancer\n|move|p2a: Gastrodon|Fiery Dance|p1b: Volcarona|[from]ability: Dancer\n|-resisted|p1b: Volcarona\n|-damage|p1b: Volcarona|20\/100\n|-boost|p2a: Gastrodon|spa|1\n|-activate|p2b: Grafaiai|ability: Dancer\n|move|p2b: Grafaiai|Fiery Dance|p1b: Volcarona|[from]ability: Dancer\n|-resisted|p1b: Volcarona\n|-damage|p1b: Volcarona|17\/100\n|-activate|p1a: Oricorio|ability: Dancer\n|move|p1a: Oricorio|Fiery Dance|p2b: Grafaiai|[from]ability: Dancer\n|-damage|p2b: Grafaiai|0 fnt\n|faint|p2b: Grafaiai\n|move|p1a: Oricorio|Revelation Dance|p2a: Gastrodon\n|-activate|p2a: Gastrodon|move: Protect\n|\n|-heal|p2a: Gastrodon|30\/100|[from] item: Leftovers\n|-sideend|p1: Egzy|move: Tailwind\n|upkeep\n|inactive|masterninjas has 30 seconds left.\n|\n|t:|1683315631\n|switch|p2b: Slaking|Slaking, L50, F|100\/100\n|turn|7\n|c|\u2606Egzy|This is wild lol\n|\n|t:|1683315646\n|move|p1b: Volcarona|Fiery Dance|p2b: Slaking\n|-damage|p2b: Slaking|0 fnt\n|-boost|p1b: Volcarona|spa|1\n|faint|p2b: Slaking\n|-damage|p1b: Volcarona|7\/100|[from] item: Life Orb\n|-activate|p2a: Gastrodon|ability: Dancer\n|move|p2a: Gastrodon|Fiery Dance|p1b: Volcarona|[from]ability: Dancer\n|-resisted|p1b: Volcarona\n|-damage|p1b: Volcarona|0 fnt\n|-boost|p2a: Gastrodon|spa|1\n|faint|p1b: Volcarona\n|-activate|p1a: Oricorio|ability: Dancer\n|move|p1a: Oricorio|Fiery Dance|p2a: Gastrodon|[from]ability: Dancer\n|-resisted|p2a: Gastrodon\n|-damage|p2a: Gastrodon|14\/100\n|-boost|p1a: Oricorio|spa|1\n|move|p1a: Oricorio|Revelation Dance|p2a: Gastrodon\n|-damage|p2a: Gastrodon|0 fnt\n|faint|p2a: Gastrodon\n|\n|win|Egzy\n|raw|Egzy's rating: 1010 → 1053<\/strong> (+43 for winning)\n|raw|masterninjas's rating: 1055 → 1034<\/strong> (-21 for losing)\n|l|\u2606masterninjas\n","uploadtime":1683315674,"views":17,"p1id":"egzy","p2id":"masterninjas","formatid":"gen9vgc2023regulationc","rating":1034,"private":0,"password":""}