{"id":"gen9vgc2023regulationc-1863626076","p1":"SM0KESgirl","p2":"Treeckoguy1","format":"[Gen 9] VGC 2023 Regulation C","log":"|j|\u2606SM0KESgirl\n|j|\u2606Treeckoguy1\n|t:|1684046084\n|gametype|doubles\n|player|p1|SM0KESgirl|rosa|1306\n|player|p2|Treeckoguy1|266|1376\n|teamsize|p1|6\n|teamsize|p2|6\n|gen|9\n|tier|[Gen 9] VGC 2023 Regulation C\n|rated|\n|rule|Species Clause: Limit one of each Pok\u00e9mon\n|rule|Item Clause: Limit one of each item\n|clearpoke\n|poke|p1|Gholdengo, L50|\n|poke|p1|Murkrow, L50, F|\n|poke|p1|Baxcalibur, L50, M|\n|poke|p1|Annihilape, L50, M|\n|poke|p1|Flutter Mane, L50|\n|poke|p1|Amoonguss, L50, F|\n|poke|p2|Dragapult, L50, F|\n|poke|p2|Chi-Yu, L50|\n|poke|p2|Lurantis, L50, M|\n|poke|p2|Stonjourner, L50, M|\n|poke|p2|Luxray, L50, F|\n|poke|p2|Azumarill, L50, F|\n|teampreview|4\n|inactive|Battle timer is ON: inactive players will automatically lose when time's up. (requested by SM0KESgirl)\n|inactive|Treeckoguy1 has 60 seconds left.\nSM0KESgirl rejected open team sheets.\n|\n|t:|1684046151\n|start\n|switch|p1a: Murkrow|Murkrow, L50, F|100\/100\n|switch|p1b: Gholdengo|Gholdengo, L50|100\/100\n|switch|p2a: Chi-Yu|Chi-Yu, L50|100\/100\n|switch|p2b: Dragapult|Dragapult, L50, F|100\/100\n|-ability|p2a: Chi-Yu|Beads of Ruin\n|turn|1\n|\n|t:|1684046169\n|-terastallize|p1b: Gholdengo|Water\n|move|p2b: Dragapult|Protect|p2b: Dragapult\n|-singleturn|p2b: Dragapult|Protect\n|move|p1a: Murkrow|Tailwind|p1a: Murkrow\n|-sidestart|p1: SM0KESgirl|move: Tailwind\n|move|p1b: Gholdengo|Make It Rain|p2b: Dragapult|[spread] p2a\n|-activate|p2b: Dragapult|move: Protect\n|-resisted|p2a: Chi-Yu\n|-damage|p2a: Chi-Yu|73\/100\n|-unboost|p1b: Gholdengo|spa|1\n|move|p2a: Chi-Yu|Snarl|p1a: Murkrow|[spread] p1a,p1b\n|-resisted|p1a: Murkrow\n|-damage|p1a: Murkrow|86\/100\n|-damage|p1b: Gholdengo|71\/100\n|-unboost|p1a: Murkrow|spa|1\n|-unboost|p1b: Gholdengo|spa|1\n|\n|upkeep\n|turn|2\n|\n|t:|1684046190\n|switch|p2b: Lurantis|Lurantis, L50, M|100\/100\n|move|p1a: Murkrow|Haze|p1a: Murkrow\n|-clearallboost\n|move|p1b: Gholdengo|Make It Rain|p2b: Lurantis|[spread] p2a,p2b\n|-resisted|p2a: Chi-Yu\n|-damage|p2a: Chi-Yu|45\/100\n|-damage|p2b: Lurantis|0 fnt\n|-unboost|p1b: Gholdengo|spa|1\n|faint|p2b: Lurantis\n|move|p2a: Chi-Yu|Heat Wave|p1b: Gholdengo|[spread] p1a,p1b\n|-resisted|p1b: Gholdengo\n|-damage|p1a: Murkrow|37\/100\n|-damage|p1b: Gholdengo|48\/100\n|\n|upkeep\n|\n|t:|1684046202\n|switch|p2b: Stonjourner|Stonjourner, L50, M|100\/100\n|turn|3\n|\n|t:|1684046217\n|move|p2b: Stonjourner|Wide Guard|p2b: Stonjourner\n|-singleturn|p2b: Stonjourner|Wide Guard\n|move|p1a: Murkrow|Haze|p1a: Murkrow\n|-clearallboost\n|move|p1b: Gholdengo|Make It Rain|p2a: Chi-Yu|[spread] \n|-activate|p2a: Chi-Yu|move: Wide Guard\n|-activate|p2b: Stonjourner|move: Wide Guard\n|move|p2a: Chi-Yu|Snarl|p1b: Gholdengo|[spread] p1a,p1b\n|-resisted|p1a: Murkrow\n|-damage|p1a: Murkrow|19\/100\n|-damage|p1b: Gholdengo|6\/100\n|-unboost|p1a: Murkrow|spa|1\n|-unboost|p1b: Gholdengo|spa|1\n|\n|upkeep\n|turn|4\n|inactive|SM0KESgirl has 30 seconds left.\n|\n|t:|1684046246\n|switch|p1b: Baxcalibur|Baxcalibur, L50, M|100\/100\n|move|p2b: Stonjourner|Wide Guard|p2b: Stonjourner\n|-singleturn|p2b: Stonjourner|Wide Guard\n|move|p1a: Murkrow|Thunder Wave|p2b: Stonjourner\n|-status|p2b: Stonjourner|par\n|move|p2a: Chi-Yu|Flame Charge|p1a: Murkrow\n|-damage|p1a: Murkrow|2\/100\n|-boost|p2a: Chi-Yu|spe|1\n|\n|-sideend|p1: SM0KESgirl|move: Tailwind\n|upkeep\n|turn|5\n|\n|t:|1684046271\n|-terastallize|p2b: Stonjourner|Fighting\n|move|p1a: Murkrow|Tailwind|p1a: Murkrow\n|-sidestart|p1: SM0KESgirl|move: Tailwind\n|move|p2a: Chi-Yu|Heat Wave|p1a: Murkrow|[spread] p1a,p1b\n|-damage|p1a: Murkrow|0 fnt\n|-damage|p1b: Baxcalibur|59\/100\n|-ability|p1b: Baxcalibur|Thermal Exchange|boost\n|-boost|p1b: Baxcalibur|atk|1\n|faint|p1a: Murkrow\n|move|p1b: Baxcalibur|Icicle Spear|p2a: Chi-Yu\n|-resisted|p2a: Chi-Yu\n|-damage|p2a: Chi-Yu|27\/100\n|-resisted|p2a: Chi-Yu\n|-damage|p2a: Chi-Yu|9\/100\n|-resisted|p2a: Chi-Yu\n|-damage|p2a: Chi-Yu|0 fnt\n|faint|p2a: Chi-Yu\n|-hitcount|p2: Chi-Yu|3\n|move|p2b: Stonjourner|Body Press|p1b: Baxcalibur\n|-supereffective|p1b: Baxcalibur\n|-damage|p1b: Baxcalibur|0 fnt\n|faint|p1b: Baxcalibur\n|\n|upkeep\n|\n|t:|1684046293\n|switch|p2a: Dragapult|Dragapult, L50, F|100\/100\n|switch|p1a: Gholdengo|Gholdengo, L50, tera:Water|6\/100\n|switch|p1b: Annihilape|Annihilape, L50, M|100\/100\n|turn|6\n|inactive|SM0KESgirl has 30 seconds left.\n|inactive|Treeckoguy1 has 30 seconds left.\n|\n|t:|1684046324\n|move|p2a: Dragapult|Protect|p2a: Dragapult\n|-singleturn|p2a: Dragapult|Protect\n|move|p1b: Annihilape|Bulk Up|p1b: Annihilape\n|-boost|p1b: Annihilape|atk|1\n|-boost|p1b: Annihilape|def|1\n|move|p1a: Gholdengo|Tera Blast|p2a: Dragapult\n|-activate|p2a: Dragapult|move: Protect\n|move|p2b: Stonjourner|Body Press|p1a: Gholdengo\n|-damage|p1a: Gholdengo|0 fnt\n|faint|p1a: Gholdengo\n|\n|upkeep\n|turn|7\n|inactive|Treeckoguy1 has 30 seconds left.\n|\n|t:|1684046354\n|move|p1b: Annihilape|Drain Punch|p2a: Dragapult\n|-immune|p2a: Dragapult\n|move|p2a: Dragapult|Thunder Wave|p1b: Annihilape\n|-status|p1b: Annihilape|par\n|cant|p2b: Stonjourner|par\n|\n|upkeep\n|turn|8\n|\n|t:|1684046368\n|move|p2a: Dragapult|Protect|p2a: Dragapult\n|-singleturn|p2a: Dragapult|Protect\n|move|p1b: Annihilape|Rage Fist|p2a: Dragapult\n|-activate|p2a: Dragapult|move: Protect\n|cant|p2b: Stonjourner|par\n|\n|-sideend|p1: SM0KESgirl|move: Tailwind\n|upkeep\n|turn|9\n|\n|t:|1684046381\n|move|p2a: Dragapult|Shadow Ball|p1b: Annihilape\n|-supereffective|p1b: Annihilape\n|-damage|p1b: Annihilape|45\/100 par\n|move|p1b: Annihilape|Rage Fist|p2a: Dragapult\n|-supereffective|p2a: Dragapult\n|-damage|p2a: Dragapult|0 fnt\n|faint|p2a: Dragapult\n|move|p2b: Stonjourner|Rock Slide|p1b: Annihilape\n|-resisted|p1b: Annihilape\n|-damage|p1b: Annihilape|35\/100 par\n|\n|-heal|p1b: Annihilape|41\/100 par|[from] item: Leftovers\n|upkeep\n|turn|10\n|\n|t:|1684046394\n|move|p1b: Annihilape|Protect|p1b: Annihilape\n|-singleturn|p1b: Annihilape|Protect\n|move|p2b: Stonjourner|Rock Slide|p1b: Annihilape\n|-activate|p1b: Annihilape|move: Protect\n|\n|-heal|p1b: Annihilape|47\/100 par|[from] item: Leftovers\n|upkeep\n|turn|11\n|\n|t:|1684046413\n|cant|p1b: Annihilape|par\n|move|p2b: Stonjourner|Rock Slide|p1b: Annihilape\n|-resisted|p1b: Annihilape\n|-damage|p1b: Annihilape|37\/100 par\n|\n|-heal|p1b: Annihilape|43\/100 par|[from] item: Leftovers\n|upkeep\n|turn|12\n|\n|t:|1684046424\n|move|p1b: Annihilape|Rage Fist|p2b: Stonjourner\n|-damage|p2b: Stonjourner|46\/100 par\n|move|p2b: Stonjourner|Rock Slide|p1b: Annihilape\n|-resisted|p1b: Annihilape\n|-damage|p1b: Annihilape|32\/100 par\n|\n|-heal|p1b: Annihilape|38\/100 par|[from] item: Leftovers\n|upkeep\n|turn|13\n|\n|t:|1684046434\n|move|p1b: Annihilape|Rage Fist|p2b: Stonjourner\n|-damage|p2b: Stonjourner|0 fnt\n|faint|p2b: Stonjourner\n|\n|win|SM0KESgirl\n|raw|SM0KESgirl's rating: 1306 → 1330<\/strong> (+24 for winning)\n|raw|Treeckoguy1's rating: 1376 → 1352<\/strong> (-24 for losing)\n||Ladder isn't responding, score probably updated but might not have (Request timeout).\n|l|\u2606SM0KESgirl\n|j|\u2606SM0KESgirl\n|player|p1|SM0KESgirl|rosa\n","uploadtime":1684046707,"views":7,"p1id":"sm0kesgirl","p2id":"treeckoguy1","formatid":"gen9vgc2023regulationc","rating":1330,"private":0,"password":""}