{"id":"gen9vgc2023regulationc-1852955900","p1":"Bigsauuuurrr","p2":"Lemon234","format":"[Gen 9] VGC 2023 Regulation C","log":"|j|\u2606Bigsauuuurrr\n|j|\u2606Lemon234\n|t:|1682620394\n|gametype|doubles\n|player|p1|Bigsauuuurrr|alder|1086\n|player|p2|Lemon234|n|1000\n|teamsize|p1|6\n|teamsize|p2|6\n|gen|9\n|tier|[Gen 9] VGC 2023 Regulation C\n|rated|\n|rule|Species Clause: Limit one of each Pok\u00e9mon\n|rule|Item Clause: Limit one of each item\n|clearpoke\n|poke|p1|Wugtrio, L50, M|\n|poke|p1|Maushold-Four, L50|\n|poke|p1|Grafaiai, L50, F|\n|poke|p1|Mudsdale, L50, M|\n|poke|p1|Tyranitar, L50, F|\n|poke|p1|Slaking, L50, M|\n|poke|p2|Volcarona, L50, M|\n|poke|p2|Amoonguss, L50, F|\n|poke|p2|Chien-Pao, L50|\n|poke|p2|Palafin, L50, F|\n|poke|p2|Corviknight, L50, M|\n|poke|p2|Grimmsnarl, L50, M|\n|teampreview|4\n|inactive|Battle timer is ON: inactive players will automatically lose when time's up. (requested by Bigsauuuurrr)\nBigsauuuurrr rejected open team sheets.\n|\n|t:|1682620430\n|start\n|switch|p1a: Shlonk Bois|Wugtrio, L50, M, shiny|100\/100\n|switch|p1b: Zilla|Tyranitar, L50, F, shiny|100\/100\n|switch|p2a: Amoonguss|Amoonguss, L50, F|100\/100\n|switch|p2b: Palafin|Palafin, L50, F|100\/100\n|-weather|Sandstorm|[from] ability: Sand Stream|[of] p1b: Zilla\n|turn|1\n|inactive|Lemon234 has 30 seconds left.\n|inactive|Lemon234 has 20 seconds left.\n|\n|t:|1682620466\n|move|p2b: Palafin|Protect|p2b: Palafin\n|-singleturn|p2b: Palafin|Protect\n|move|p1a: Shlonk Bois|Bulldoze|p2a: Amoonguss|[spread] p1b,p2a\n|-activate|p2b: Palafin|move: Protect\n|-supereffective|p1b: Zilla\n|-damage|p1b: Zilla|78\/100\n|-damage|p2a: Amoonguss|90\/100\n|-unboost|p1b: Zilla|spe|1\n|-unboost|p2a: Amoonguss|spe|1\n|-enditem|p1b: Zilla|Weakness Policy\n|-boost|p1b: Zilla|atk|2|[from] item: Weakness Policy\n|-boost|p1b: Zilla|spa|2|[from] item: Weakness Policy\n|move|p1b: Zilla|Rock Slide|p2a: Amoonguss|[spread] p2a\n|-activate|p2b: Palafin|move: Protect\n|-damage|p2a: Amoonguss|34\/100\n|cant|p2a: Amoonguss|flinch\n|\n|-weather|Sandstorm|[upkeep]\n|-damage|p2b: Palafin|94\/100|[from] Sandstorm\n|-damage|p2a: Amoonguss|28\/100|[from] Sandstorm\n|upkeep\n|turn|2\n|\n|t:|1682620491\n|switch|p2a: Corviknight|Corviknight, L50, M|100\/100\n|move|p1a: Shlonk Bois|Triple Dive|p2b: Palafin\n|-resisted|p2b: Palafin\n|-damage|p2b: Palafin|87\/100\n|-resisted|p2b: Palafin\n|-crit|p2b: Palafin\n|-damage|p2b: Palafin|77\/100\n|-resisted|p2b: Palafin\n|-damage|p2b: Palafin|69\/100\n|-hitcount|p2b: Palafin|3\n|move|p2b: Palafin|Wave Crash|p1b: Zilla\n|-supereffective|p1b: Zilla\n|-damage|p1b: Zilla|0 fnt\n|faint|p1b: Zilla\n|-damage|p2b: Palafin|39\/100|[from] Recoil\n|\n|-weather|Sandstorm|[upkeep]\n|-damage|p2b: Palafin|33\/100|[from] Sandstorm\n|upkeep\n|\n|t:|1682620510\n|switch|p1b: Trusty|Mudsdale, L50, M|100\/100\n|turn|3\n|\n|t:|1682620532\n|switch|p1a: Family Plan|Maushold-Four, L50|100\/100\n|move|p2b: Palafin|Jet Punch|p1b: Trusty\n|-supereffective|p1b: Trusty\n|-damage|p1b: Trusty|63\/100\n|-ability|p1b: Trusty|Stamina|boost\n|-boost|p1b: Trusty|def|1\n|move|p2a: Corviknight|Iron Head|p1a: Family Plan\n|-damage|p1a: Family Plan|67\/100\n|move|p1b: Trusty|Body Press|p2b: Palafin\n|-damage|p2b: Palafin|3\/100\n|\n|-weather|Sandstorm|[upkeep]\n|-damage|p1a: Family Plan|61\/100|[from] Sandstorm\n|-damage|p2b: Palafin|0 fnt|[from] Sandstorm\n|faint|p2b: Palafin\n|upkeep\n|\n|t:|1682620546\n|switch|p2b: Grimmsnarl|Grimmsnarl, L50, M|100\/100\n|turn|4\n|\n|t:|1682620557\n|move|p1a: Family Plan|Taunt|p2b: Grimmsnarl\n|-start|p2b: Grimmsnarl|move: Taunt\n|move|p2a: Corviknight|Body Press|p1a: Family Plan\n|-supereffective|p1a: Family Plan\n|-damage|p1a: Family Plan|0 fnt\n|faint|p1a: Family Plan\n|move|p2b: Grimmsnarl|Play Rough|p1b: Trusty\n|-damage|p1b: Trusty|38\/100\n|-ability|p1b: Trusty|Stamina|boost\n|-boost|p1b: Trusty|def|1\n|move|p1b: Trusty|Heavy Slam|p2b: Grimmsnarl\n|-supereffective|p2b: Grimmsnarl\n|-damage|p2b: Grimmsnarl|29\/100\n|\n|-weather|Sandstorm|[upkeep]\n|-damage|p2b: Grimmsnarl|23\/100|[from] Sandstorm\n|upkeep\n|\n|t:|1682620572\n|switch|p1a: Shlonk Bois|Wugtrio, L50, M, shiny|100\/100\n|turn|5\n|\n|t:|1682620585\n|move|p1a: Shlonk Bois|Triple Dive|p2b: Grimmsnarl\n|-damage|p2b: Grimmsnarl|10\/100\n|-crit|p2b: Grimmsnarl\n|-damage|p2b: Grimmsnarl|0 fnt\n|faint|p2b: Grimmsnarl\n|-hitcount|p2: Grimmsnarl|2\n|move|p2a: Corviknight|Iron Head|p1b: Trusty\n|-damage|p1b: Trusty|27\/100\n|-ability|p1b: Trusty|Stamina|boost\n|-boost|p1b: Trusty|def|1\n|cant|p1b: Trusty|flinch\n|\n|-weather|none\n|upkeep\n|\n|t:|1682620596\n|switch|p2b: Amoonguss|Amoonguss, L50, F|61\/100\n|turn|6\n|inactive|Bigsauuuurrr has 30 seconds left.\n|\n|t:|1682620623\n|-terastallize|p1a: Shlonk Bois|Water\n|move|p1a: Shlonk Bois|Triple Dive|p2b: Amoonguss\n|-resisted|p2b: Amoonguss\n|-damage|p2b: Amoonguss|54\/100\n|-damage|p1a: Shlonk Bois|84\/100|[from] item: Rocky Helmet|[of] p2b: Amoonguss\n|-resisted|p2b: Amoonguss\n|-damage|p2b: Amoonguss|47\/100\n|-damage|p1a: Shlonk Bois|68\/100|[from] item: Rocky Helmet|[of] p2b: Amoonguss\n|-resisted|p2b: Amoonguss\n|-damage|p2b: Amoonguss|39\/100\n|-damage|p1a: Shlonk Bois|51\/100|[from] item: Rocky Helmet|[of] p2b: Amoonguss\n|-hitcount|p2b: Amoonguss|3\n|move|p2a: Corviknight|Body Press|p1b: Trusty\n|-damage|p1b: Trusty|19\/100\n|-ability|p1b: Trusty|Stamina|boost\n|-boost|p1b: Trusty|def|1\n|move|p1b: Trusty|High Horsepower|p2b: Amoonguss\n|-damage|p2b: Amoonguss|10\/100\n|-damage|p1b: Trusty|3\/100|[from] item: Rocky Helmet|[of] p2b: Amoonguss\n|move|p2b: Amoonguss|Giga Drain|p1a: Shlonk Bois\n|-supereffective|p1a: Shlonk Bois\n|-damage|p1a: Shlonk Bois|0 fnt\n|-heal|p2b: Amoonguss|22\/100|[from] drain|[of] p1a: Shlonk Bois\n|faint|p1a: Shlonk Bois\n|\n|upkeep\n|turn|7\n|-message|Bigsauuuurrr forfeited.\n|\n|win|Lemon234\n|raw|Bigsauuuurrr's rating: 1086 → 1058<\/strong> (-28 for losing)\n|raw|Lemon234's rating: 1000 → 1050<\/strong> (+50 for winning)\n|l|\u2606Bigsauuuurrr\n","uploadtime":1682620652,"views":12,"p1id":"bigsauuuurrr","p2id":"lemon234","formatid":"gen9vgc2023regulationc","rating":1050,"private":0,"password":""}