{"id":"gen9vgc2023regulationc-1856226756","p1":"Joe870502","p2":"Hikawari","format":"[Gen 9] VGC 2023 Regulation C","log":"|j|\u2606Joe870502\n|j|\u2606Hikawari\n|t:|1683042563\n|gametype|doubles\n|player|p1|Joe870502|dawn|1433\n|player|p2|Hikawari|1|1486\n|teamsize|p1|6\n|teamsize|p2|6\n|gen|9\n|tier|[Gen 9] VGC 2023 Regulation C\n|rated|\n|rule|Species Clause: Limit one of each Pok\u00e9mon\n|rule|Item Clause: Limit one of each item\n|clearpoke\n|poke|p1|Scream Tail, L50|\n|poke|p1|Chien-Pao, L50|\n|poke|p1|Ceruledge, L50, M|\n|poke|p1|Dragonite, L50, M|\n|poke|p1|Ting-Lu, L50|\n|poke|p1|Amoonguss, L50, M|\n|poke|p2|Amoonguss, L50, F|\n|poke|p2|Baxcalibur, L50, M|\n|poke|p2|Corviknight, L50, M|\n|poke|p2|Glimmora, L50, F|\n|poke|p2|Rotom-Wash, L50|\n|poke|p2|Gholdengo, L50|\n|teampreview|4\nHikawari has agreed to open team sheets.\n|inactive|Battle timer is ON: inactive players will automatically lose when time's up. (requested by Hikawari)\n|\n|t:|1683042591\n|start\n|switch|p1a: Scream Tail|Scream Tail, L50|100\/100\n|switch|p1b: Ceruledge|Ceruledge, L50, M|100\/100\n|switch|p2a: Glimmora|Glimmora, L50, F|100\/100\n|switch|p2b: Rotom|Rotom-Wash, L50|100\/100\n|-enditem|p1a: Scream Tail|Booster Energy\n|-activate|p1a: Scream Tail|ability: Protosynthesis|[fromitem]\n|-start|p1a: Scream Tail|protosynthesisspe\n|turn|1\n|\n|t:|1683042609\n|switch|p1b: Amoonguss|Amoonguss, L50, M|100\/100\n|move|p1a: Scream Tail|Howl|p1a: Scream Tail|[spread] p1a,p1b\n|-boost|p1a: Scream Tail|atk|1\n|-boost|p1b: Amoonguss|atk|1\n|move|p2a: Glimmora|Mortal Spin|p1b: Amoonguss|[spread] p1a,p1b\n|-supereffective|p1a: Scream Tail\n|-damage|p1a: Scream Tail|92\/100\n|-damage|p1b: Amoonguss|96\/100\n|-status|p1a: Scream Tail|psn\n|-damage|p2a: Glimmora|84\/100|[from] item: Rocky Helmet|[of] p1b: Amoonguss\n|move|p2b: Rotom|Volt Switch|p1b: Amoonguss\n|-resisted|p1b: Amoonguss\n|-damage|p1b: Amoonguss|84\/100\n|\n|t:|1683042624\n|switch|p2b: Baxcalibur|Baxcalibur, L50, M|100\/100|[from] Volt Switch\n|\n|-damage|p1a: Scream Tail|80\/100 psn|[from] psn\n|upkeep\n|turn|2\n|\n|t:|1683042637\n|switch|p1b: Ceruledge|Ceruledge, L50, M|100\/100\n|-terastallize|p2b: Baxcalibur|Fire\n|move|p1a: Scream Tail|Howl|p1a: Scream Tail|[spread] p1a,p1b\n|-boost|p1a: Scream Tail|atk|1\n|-boost|p1b: Ceruledge|atk|1\n|move|p2a: Glimmora|Power Gem|p1a: Scream Tail\n|-damage|p1a: Scream Tail|49\/100 psn\n|move|p2b: Baxcalibur|Icicle Spear|p1a: Scream Tail\n|-damage|p1a: Scream Tail|36\/100 psn\n|-damage|p1a: Scream Tail|22\/100 psn\n|-damage|p1a: Scream Tail|9\/100 psn\n|-damage|p1a: Scream Tail|0 fnt\n|faint|p1a: Scream Tail\n|-end|p1a: Scream Tail|Protosynthesis|[silent]\n|-hitcount|p1: Scream Tail|4\n|\n|upkeep\n|\n|t:|1683042656\n|switch|p1a: Amoonguss|Amoonguss, L50, M|100\/100\n|turn|3\n|\n|t:|1683042662\n|-terastallize|p1b: Ceruledge|Steel\n|move|p1a: Amoonguss|Protect|p1a: Amoonguss\n|-singleturn|p1a: Amoonguss|Protect\n|move|p2a: Glimmora|Power Gem|p1b: Ceruledge\n|-resisted|p1b: Ceruledge\n|-crit|p1b: Ceruledge\n|-damage|p1b: Ceruledge|65\/100\n|move|p1b: Ceruledge|Bulk Up|p1b: Ceruledge\n|-boost|p1b: Ceruledge|atk|1\n|-boost|p1b: Ceruledge|def|1\n|move|p2b: Baxcalibur|Icicle Spear|p1b: Ceruledge\n|-resisted|p1b: Ceruledge\n|-damage|p1b: Ceruledge|59\/100\n|-resisted|p1b: Ceruledge\n|-damage|p1b: Ceruledge|53\/100\n|-resisted|p1b: Ceruledge\n|-damage|p1b: Ceruledge|47\/100\n|-resisted|p1b: Ceruledge\n|-damage|p1b: Ceruledge|41\/100\n|-hitcount|p1b: Ceruledge|4\n|\n|upkeep\n|turn|4\n|\n|t:|1683042685\n|move|p1a: Amoonguss|Rage Powder|p1a: Amoonguss\n|-singleturn|p1a: Amoonguss|move: Rage Powder\n|move|p2a: Glimmora|Power Gem|p1a: Amoonguss\n|-damage|p1a: Amoonguss|64\/100\n|move|p1b: Ceruledge|Bitter Blade|p2a: Glimmora\n|-resisted|p2a: Glimmora\n|-crit|p2a: Glimmora\n|-damage|p2a: Glimmora|9\/100\n|-heal|p1b: Ceruledge|74\/100|[from] drain|[of] p2a: Glimmora\n|-activate|p2a: Glimmora|ability: Toxic Debris\n|-sidestart|p1: Joe870502|move: Toxic Spikes\n|move|p2b: Baxcalibur|Icicle Spear|p1a: Amoonguss\n|-supereffective|p1a: Amoonguss\n|-damage|p1a: Amoonguss|34\/100\n|-supereffective|p1a: Amoonguss\n|-damage|p1a: Amoonguss|6\/100\n|-supereffective|p1a: Amoonguss\n|-damage|p1a: Amoonguss|0 fnt\n|faint|p1a: Amoonguss\n|-hitcount|p1: Amoonguss|3\n|\n|upkeep\n|\n|t:|1683042690\n|switch|p1a: Chien-Pao|Chien-Pao, L50|100\/100\n|-status|p1a: Chien-Pao|psn\n|-ability|p1a: Chien-Pao|Sword of Ruin\n|turn|5\n|\n|t:|1683042713\n|move|p1a: Chien-Pao|Sucker Punch|p2b: Baxcalibur\n|-damage|p2b: Baxcalibur|58\/100\n|move|p1b: Ceruledge|Shadow Sneak|p2a: Glimmora\n|-damage|p2a: Glimmora|0 fnt\n|-activate|p2a: Glimmora|ability: Toxic Debris\n|-sidestart|p1: Joe870502|move: Toxic Spikes\n|faint|p2a: Glimmora\n|move|p2b: Baxcalibur|Glaive Rush|p1a: Chien-Pao\n|-damage|p1a: Chien-Pao|2\/100 psn\n|-singlemove|p2b: Baxcalibur|Glaive Rush|[silent]\n|\n|-damage|p1a: Chien-Pao|0 fnt|[from] psn\n|faint|p1a: Chien-Pao\n|upkeep\n|\n|t:|1683042726\n|switch|p2a: Rotom|Rotom-Wash, L50|100\/100\n|turn|6\n|\n|t:|1683042739\n|move|p2b: Baxcalibur|Protect|p2b: Baxcalibur\n|-singleturn|p2b: Baxcalibur|Protect\n|move|p1b: Ceruledge|Bitter Blade|p2a: Rotom\n|-resisted|p2a: Rotom\n|-damage|p2a: Rotom|57\/100\n|-heal|p1b: Ceruledge|93\/100|[from] drain|[of] p2a: Rotom\n|move|p2a: Rotom|Hydro Pump|p1b: Ceruledge\n|-damage|p1b: Ceruledge|46\/100\n|\n|upkeep\n|turn|7\n|\n|t:|1683042753\n|move|p1b: Ceruledge|Bitter Blade|p2a: Rotom\n|-resisted|p2a: Rotom\n|-damage|p2a: Rotom|17\/100\n|-heal|p1b: Ceruledge|64\/100|[from] drain|[of] p2a: Rotom\n|move|p2b: Baxcalibur|Glaive Rush|p1b: Ceruledge\n|-resisted|p1b: Ceruledge\n|-damage|p1b: Ceruledge|38\/100\n|-singlemove|p2b: Baxcalibur|Glaive Rush|[silent]\n|move|p2a: Rotom|Hydro Pump|p1b: Ceruledge\n|-damage|p1b: Ceruledge|0 fnt\n|faint|p1b: Ceruledge\n|\n|win|Hikawari\n|raw|Joe870502's rating: 1433 → 1416<\/strong> (-17 for losing)\n|raw|Hikawari's rating: 1486 → 1503<\/strong> (+17 for winning)\n|l|\u2606Joe870502\n","uploadtime":1683042775,"views":17,"p1id":"joe870502","p2id":"hikawari","formatid":"gen9vgc2023regulationc","rating":1416,"private":0,"password":""}