{"id":"gen9vgc2023regulationc-1864291368","p1":"pizza bbq","p2":"darthnius","format":"[Gen 9] VGC 2023 Regulation C","log":"|j|\u2606pizza bbq\n|j|\u2606darthnius\n|t:|1684151158\n|gametype|doubles\n|player|p1|pizza bbq|266|1549\n|player|p2|darthnius|volkner|1610\n|teamsize|p1|6\n|teamsize|p2|6\n|gen|9\n|tier|[Gen 9] VGC 2023 Regulation C\n|rated|\n|rule|Species Clause: Limit one of each Pok\u00e9mon\n|rule|Item Clause: Limit one of each item\n|clearpoke\n|poke|p1|Great Tusk, L50|\n|poke|p1|Scream Tail, L50|\n|poke|p1|Flutter Mane, L50|\n|poke|p1|Chien-Pao, L50|\n|poke|p1|Murkrow, L50, M|\n|poke|p1|Corviknight, L50, M|\n|poke|p2|Murkrow, L50, M|\n|poke|p2|Chi-Yu, L50|\n|poke|p2|Flutter Mane, L50|\n|poke|p2|Great Tusk, L50|\n|poke|p2|Brute Bonnet, L50|\n|poke|p2|Corviknight, L50, F|\n|teampreview|4\n|j| dutch night rider\ndarthnius has agreed to open team sheets.\npizza bbq has agreed to open team sheets.\n|\n|t:|1684151227\n|start\n|switch|p1a: Murkrow|Murkrow, L50, M|100\/100\n|switch|p1b: Great Tusk|Great Tusk, L50|100\/100\n|switch|p2a: Corviknight|Corviknight, L50, F|100\/100\n|switch|p2b: Murkrow|Murkrow, L50, M|100\/100\n|turn|1\n|\n|t:|1684151282\n|-terastallize|p1b: Great Tusk|Steel\n|move|p1a: Murkrow|Tailwind|p1a: Murkrow\n|-sidestart|p1: pizza bbq|move: Tailwind\n|move|p1b: Great Tusk|Rock Slide|p2a: Corviknight|[spread] p2a\n|-miss|p1b: Great Tusk|p2b: Murkrow\n|-damage|p2a: Corviknight|80\/100\n|move|p2b: Murkrow|Foul Play|p1b: Great Tusk\n|-damage|p1b: Great Tusk|59\/100\n|cant|p2a: Corviknight|flinch\n|\n|upkeep\n|turn|2\n|\n|t:|1684151315\n|switch|p1a: Scream Tail|Scream Tail, L50|100\/100\n|-enditem|p1a: Scream Tail|Booster Energy\n|-activate|p1a: Scream Tail|ability: Protosynthesis|[fromitem]\n|-start|p1a: Scream Tail|protosynthesisspe\n|move|p1b: Great Tusk|Rock Slide|p2a: Corviknight|[spread] p2a,p2b\n|-supereffective|p2b: Murkrow\n|-damage|p2a: Corviknight|61\/100\n|-damage|p2b: Murkrow|60\/100\n|move|p2b: Murkrow|Foul Play|p1b: Great Tusk\n|-damage|p1b: Great Tusk|16\/100\n|cant|p2a: Corviknight|flinch\n|\n|upkeep\n|turn|3\n|\n|t:|1684151367\n|move|p2b: Murkrow|Tailwind|p2b: Murkrow\n|-sidestart|p2: darthnius|move: Tailwind\n|move|p1a: Scream Tail|Disable|p2b: Murkrow\n|-start|p2b: Murkrow|Disable|Tailwind\n|move|p1b: Great Tusk|Rock Slide|p2a: Corviknight|[spread] p2a,p2b\n|-supereffective|p2b: Murkrow\n|-damage|p2a: Corviknight|39\/100\n|-damage|p2b: Murkrow|15\/100\n|move|p2a: Corviknight|Iron Head|p1a: Scream Tail\n|-supereffective|p1a: Scream Tail\n|-damage|p1a: Scream Tail|20\/100\n|\n|upkeep\n|turn|4\n|\n|t:|1684151384\n|move|p1a: Scream Tail|Disable|p2a: Corviknight\n|-start|p2a: Corviknight|Disable|Iron Head\n|move|p1b: Great Tusk|Rock Slide|p2a: Corviknight|[spread] p2a\n|-miss|p1b: Great Tusk|p2b: Murkrow\n|-damage|p2a: Corviknight|21\/100\n|move|p2b: Murkrow|Foul Play|p1b: Great Tusk\n|-damage|p1b: Great Tusk|0 fnt\n|faint|p1b: Great Tusk\n|-end|p1b: Great Tusk|Protosynthesis|[silent]\n|cant|p2a: Corviknight|Disable|Iron Head\n|\n|-sideend|p1: pizza bbq|move: Tailwind\n|upkeep\n|\n|t:|1684151396\n|switch|p1b: Murkrow|Murkrow, L50, M|100\/100\n|turn|5\n|\n|t:|1684151407\n|move|p1b: Murkrow|Tailwind|p1b: Murkrow\n|-sidestart|p1: pizza bbq|move: Tailwind\n|move|p1a: Scream Tail|Dazzling Gleam|p2a: Corviknight|[spread] p2a,p2b\n|-resisted|p2a: Corviknight\n|-supereffective|p2b: Murkrow\n|-damage|p2a: Corviknight|13\/100\n|-damage|p2b: Murkrow|0 fnt\n|faint|p2b: Murkrow\n|-activate|p2a: Corviknight|move: Struggle\n|move|p2a: Corviknight|Struggle|p1a: Scream Tail\n|-damage|p1a: Scream Tail|3\/100\n|-damage|p2a: Corviknight|0 fnt|[from] recoil\n|faint|p2a: Corviknight\n|\n|upkeep\n|\n|t:|1684151417\n|switch|p2b: Brute Bonnet|Brute Bonnet, L50|100\/100\n|switch|p2a: Flutter Mane|Flutter Mane, L50|100\/100\n|turn|6\n|\n|t:|1684151458\n|-terastallize|p2b: Brute Bonnet|Fire\n|move|p1a: Scream Tail|Thunder Wave|p2a: Flutter Mane\n|-status|p2a: Flutter Mane|par\n|move|p1b: Murkrow|Foul Play|p2b: Brute Bonnet\n|-damage|p2b: Brute Bonnet|53\/100\n|move|p2b: Brute Bonnet|Bullet Seed|p1b: Murkrow\n|-resisted|p1b: Murkrow\n|-damage|p1b: Murkrow|93\/100\n|-resisted|p1b: Murkrow\n|-damage|p1b: Murkrow|85\/100\n|-resisted|p1b: Murkrow\n|-damage|p1b: Murkrow|78\/100\n|-resisted|p1b: Murkrow\n|-damage|p1b: Murkrow|71\/100\n|-hitcount|p1b: Murkrow|4\n|move|p2a: Flutter Mane|Dazzling Gleam|p1a: Scream Tail|[spread] p1a,p1b\n|-supereffective|p1b: Murkrow\n|-damage|p1a: Scream Tail|0 fnt\n|-damage|p1b: Murkrow|0 fnt\n|faint|p1a: Scream Tail\n|-end|p1a: Scream Tail|Protosynthesis|[silent]\n|faint|p1b: Murkrow\n|\n|-sideend|p2: darthnius|move: Tailwind\n|upkeep\n|\n|t:|1684151477\n|switch|p1b: Flutter Mane|Flutter Mane, L50|100\/100\n|turn|7\n|\n|t:|1684151504\n|move|p2b: Brute Bonnet|Sucker Punch|p1b: Flutter Mane\n|-damage|p1b: Flutter Mane|33\/100\n|move|p1b: Flutter Mane|Shadow Ball|p2b: Brute Bonnet\n|-damage|p2b: Brute Bonnet|0 fnt\n|faint|p2b: Brute Bonnet\n|-end|p2b: Brute Bonnet|Protosynthesis|[silent]\n|move|p2a: Flutter Mane|Dazzling Gleam|p1b: Flutter Mane\n|-damage|p1b: Flutter Mane|0 fnt\n|faint|p1b: Flutter Mane\n|-end|p1b: Flutter Mane|Protosynthesis|[silent]\n|\n|win|darthnius\n|raw|pizza bbq's rating: 1549 → 1532<\/strong> (-17 for losing)\n|raw|darthnius's rating: 1610 → 1627<\/strong> (+17 for winning)\n|l|\u2606pizza bbq\n","uploadtime":1684151535,"views":11,"p1id":"pizzabbq","p2id":"darthnius","formatid":"gen9vgc2023regulationc","rating":1532,"private":0,"password":""}