{"id":"gen9vgc2023regulationc-1851973765","p1":"Reduxlemon","p2":"BlueHood31","format":"[Gen 9] VGC 2023 Regulation C","log":"|j|\u2606Reduxlemon\n|j|\u2606BlueHood31\n|t:|1682512775\n|gametype|doubles\n|player|p1|Reduxlemon|red|1081\n|player|p2|BlueHood31|red|1000\n|teamsize|p1|6\n|teamsize|p2|6\n|gen|9\n|tier|[Gen 9] VGC 2023 Regulation C\n|rated|\n|rule|Species Clause: Limit one of each Pok\u00e9mon\n|rule|Item Clause: Limit one of each item\n|clearpoke\n|poke|p1|Roaring Moon, L50|\n|poke|p1|Iron Bundle, L50|\n|poke|p1|Flutter Mane, L50|\n|poke|p1|Amoonguss, L50, M|\n|poke|p1|Palafin, L50, F|\n|poke|p1|Ting-Lu, L50|\n|poke|p2|Oranguru, L50, F|\n|poke|p2|Kingambit, L50, M|\n|poke|p2|Amoonguss, L50, F|\n|poke|p2|Meowscarada, L50, M|\n|poke|p2|Annihilape, L50, M|\n|poke|p2|Cetitan, L50, M|\n|teampreview|4\n|\n|t:|1682512807\n|start\n|switch|p1a: Flutter Mane|Flutter Mane, L50|100\/100\n|switch|p1b: Iron Bundle|Iron Bundle, L50|100\/100\n|switch|p2a: Oranguru|Oranguru, L50, F|100\/100\n|switch|p2b: Annihilape|Annihilape, L50, M|100\/100\n|turn|1\n|\n|t:|1682512855\n|move|p2b: Annihilape|Final Gambit|p1b: Iron Bundle\n|-enditem|p1b: Iron Bundle|Focus Sash\n|-damage|p1b: Iron Bundle|1\/100\n|faint|p2b: Annihilape\n|move|p1b: Iron Bundle|Freeze-Dry|p2a: Oranguru\n|-damage|p2a: Oranguru|73\/100\n|-status|p2a: Oranguru|frz\n|move|p1a: Flutter Mane|Shadow Ball|p2a: Oranguru\n|-immune|p2a: Oranguru\n|cant|p2a: Oranguru|frz\n|\n|upkeep\n|\n|t:|1682512878\n|switch|p2b: Cetitan|Cetitan, L50, M|100\/100\n|turn|2\n|\n|t:|1682512902\n|move|p1b: Iron Bundle|Icy Wind|p2b: Cetitan|[spread] p2a,p2b\n|-resisted|p2b: Cetitan\n|-damage|p2a: Oranguru|57\/100 frz\n|-damage|p2b: Cetitan|95\/100\n|-unboost|p2a: Oranguru|spe|1\n|-unboost|p2b: Cetitan|spe|1\n|move|p1a: Flutter Mane|Shadow Ball|p2b: Cetitan\n|-damage|p2b: Cetitan|34\/100\n|move|p2b: Cetitan|Belly Drum||[still]\n|-fail|p2b: Cetitan\n|cant|p2a: Oranguru|frz\n|\n|-heal|p2b: Cetitan|40\/100|[from] item: Leftovers\n|upkeep\n|turn|3\n|\n|t:|1682512923\n|move|p1b: Iron Bundle|Hydro Pump|p2a: Oranguru\n|-damage|p2a: Oranguru|11\/100 frz\n|-enditem|p2a: Oranguru|Sitrus Berry|[eat]\n|-heal|p2a: Oranguru|36\/100 frz|[from] item: Sitrus Berry\n|move|p1a: Flutter Mane|Shadow Ball|p2b: Cetitan\n|-damage|p2b: Cetitan|0 fnt\n|faint|p2b: Cetitan\n|cant|p2a: Oranguru|frz\n|\n|upkeep\n|\n|t:|1682512933\n|switch|p2b: Kingambit|Kingambit, L50, M|100\/100\n|turn|4\n|\n|t:|1682512973\n|-end|p1a: Flutter Mane|Protosynthesis|[silent]\n|switch|p1a: Roaring Moon|Roaring Moon, L50, shiny|100\/100\n|-enditem|p1a: Roaring Moon|Booster Energy\n|-activate|p1a: Roaring Moon|ability: Protosynthesis|[fromitem]\n|-start|p1a: Roaring Moon|protosynthesisatk\n|move|p1b: Iron Bundle|Protect|p1b: Iron Bundle\n|-singleturn|p1b: Iron Bundle|Protect\n|move|p2b: Kingambit|Protect|p2b: Kingambit\n|-singleturn|p2b: Kingambit|Protect\n|cant|p2a: Oranguru|frz\n|\n|upkeep\n|turn|5\n|\n|t:|1682512997\n|-terastallize|p1a: Roaring Moon|Steel\n|-terastallize|p2b: Kingambit|Dark\n|move|p2b: Kingambit|Sucker Punch|p1b: Iron Bundle\n|-damage|p1b: Iron Bundle|0 fnt\n|faint|p1b: Iron Bundle\n|-end|p1b: Iron Bundle|Quark Drive|[silent]\n|move|p1a: Roaring Moon|Dragon Dance|p1a: Roaring Moon\n|-boost|p1a: Roaring Moon|atk|1\n|-boost|p1a: Roaring Moon|spe|1\n|cant|p2a: Oranguru|frz\n|\n|upkeep\n|\n|t:|1682513010\n|switch|p1b: Amoonguss|Amoonguss, L50, M, shiny|100\/100\n|turn|6\n|\n|t:|1682513016\n|move|p2b: Kingambit|Protect|p2b: Kingambit\n|-singleturn|p2b: Kingambit|Protect\n|move|p1b: Amoonguss|Rage Powder|p1b: Amoonguss\n|-singleturn|p1b: Amoonguss|move: Rage Powder\n|move|p1a: Roaring Moon|Acrobatics|p2b: Kingambit\n|-activate|p2b: Kingambit|move: Protect\n|cant|p2a: Oranguru|frz\n|\n|upkeep\n|turn|7\n|\n|t:|1682513033\n|move|p2b: Kingambit|Protect||[still]\n|-fail|p2b: Kingambit\n|move|p1b: Amoonguss|Rage Powder|p1b: Amoonguss\n|-singleturn|p1b: Amoonguss|move: Rage Powder\n|move|p1a: Roaring Moon|Acrobatics|p2b: Kingambit\n|-damage|p2b: Kingambit|35\/100\n|cant|p2a: Oranguru|frz\n|\n|upkeep\n|turn|8\n|\n|t:|1682513052\n|move|p2b: Kingambit|Protect|p2b: Kingambit\n|-singleturn|p2b: Kingambit|Protect\n|move|p1b: Amoonguss|Rage Powder|p1b: Amoonguss\n|-singleturn|p1b: Amoonguss|move: Rage Powder\n|move|p1a: Roaring Moon|Throat Chop|p2a: Oranguru\n|-supereffective|p2a: Oranguru\n|-damage|p2a: Oranguru|0 fnt\n|faint|p2a: Oranguru\n|\n|upkeep\n|turn|9\n|-message|BlueHood31 forfeited.\n|\n|win|Reduxlemon\n|raw|Reduxlemon's rating: 1081 → 1102<\/strong> (+21 for winning)\n|raw|BlueHood31's rating: 1000 → 1000<\/strong> (+0 for losing)\n|l|\u2606BlueHood31\n","uploadtime":1682513068,"views":10,"p1id":"reduxlemon","p2id":"bluehood31","formatid":"gen9vgc2023regulationc","rating":1000,"private":0,"password":""}