{"id":"gen9vgc2023regulationc-1863488485","p1":"mathtass","p2":"dreamswgh","format":"[Gen 9] VGC 2023 Regulation C","log":"|j|\u2606mathtass\n|j|\u2606dreamswgh\n|t:|1684024188\n|gametype|doubles\n|player|p1|mathtass|1|1333\n|player|p2|dreamswgh|102|1340\n|teamsize|p1|6\n|teamsize|p2|6\n|gen|9\n|tier|[Gen 9] VGC 2023 Regulation C\n|rated|\n|rule|Species Clause: Limit one of each Pok\u00e9mon\n|rule|Item Clause: Limit one of each item\n|clearpoke\n|poke|p1|Amoonguss, L50, F|\n|poke|p1|Chi-Yu, L50|\n|poke|p1|Arcanine, L50, F|\n|poke|p1|Dragonite, L50, M|\n|poke|p1|Flutter Mane, L50|\n|poke|p1|Iron Hands, L50|\n|poke|p2|Indeedee-F, L50, F|\n|poke|p2|Hatterene, L50, F|\n|poke|p2|Iron Hands, L50|\n|poke|p2|Scizor, L50, F|\n|poke|p2|Brute Bonnet, L50|\n|poke|p2|Armarouge, L50, M|\n|teampreview|4\nmathtass has agreed to open team sheets.\ndreamswgh has agreed to open team sheets.\n|\n|t:|1684024278\n|start\n|switch|p1a: Simba|Arcanine, L50, F, shiny|100\/100\n|switch|p1b: Titan|Dragonite, L50, M, shiny|100\/100\n|switch|p2a: Scizor|Scizor, L50, F|100\/100\n|switch|p2b: New Mexico|Hatterene, L50, F|100\/100\n|-ability|p1a: Simba|Intimidate|boost\n|-unboost|p2a: Scizor|atk|1\n|-unboost|p2b: New Mexico|atk|1\n|turn|1\n|j| Spacejes\n|\n|t:|1684024323\n|switch|p2a: Iron Hands|Iron Hands, L50|100\/100\n|-terastallize|p1b: Titan|Flying\n|-terastallize|p2b: New Mexico|Fire\n|move|p1a: Simba|Howl|p1a: Simba|[spread] p1a,p1b\n|-boost|p1a: Simba|atk|1\n|-boost|p1b: Titan|atk|1\n|move|p1b: Titan|Tera Blast|p2b: New Mexico\n|-damage|p2b: New Mexico|4\/100\n|move|p2b: New Mexico|Trick Room|p2b: New Mexico\n|-fieldstart|move: Trick Room|[of] p2b: New Mexico\n|\n|upkeep\n|turn|2\n|\n|t:|1684024360\n|move|p2a: Iron Hands|Fake Out|p1b: Titan\n|-damage|p1b: Titan|92\/100\n|cant|p1b: Titan|flinch\n|move|p2b: New Mexico|Psychic|p1b: Titan\n|-damage|p1b: Titan|27\/100\n|-damage|p2b: New Mexico|0 fnt|[from] item: Life Orb\n|faint|p2b: New Mexico\n|move|p1a: Simba|Will-O-Wisp|p2a: Iron Hands\n|-status|p2a: Iron Hands|brn\n|\n|-damage|p2a: Iron Hands|94\/100 brn|[from] brn\n|upkeep\n|\n|t:|1684024374\n|switch|p2b: Armarouge|Armarouge, L50, M|100\/100\n|turn|3\n|\n|t:|1684024398\n|move|p1b: Titan|Extreme Speed|p2b: Armarouge\n|-damage|p2b: Armarouge|59\/100\n|move|p2a: Iron Hands|Wild Charge|p1b: Titan\n|-supereffective|p1b: Titan\n|-damage|p1b: Titan|0 fnt\n|faint|p1b: Titan\n|-damage|p2a: Iron Hands|89\/100 brn|[from] Recoil\n|move|p2b: Armarouge|Psychic|p1a: Simba\n|-damage|p1a: Simba|44\/100\n|-enditem|p1a: Simba|Sitrus Berry|[eat]\n|-heal|p1a: Simba|69\/100|[from] item: Sitrus Berry\n|move|p1a: Simba|Flare Blitz|p2a: Iron Hands\n|-crit|p2a: Iron Hands\n|-damage|p2a: Iron Hands|11\/100 brn\n|-damage|p1a: Simba|39\/100|[from] Recoil\n|\n|-damage|p2a: Iron Hands|5\/100 brn|[from] brn\n|upkeep\n|\n|t:|1684024406\n|switch|p1b: Iron Man|Iron Hands, L50, shiny|100\/100\n|turn|4\n|\n|t:|1684024448\n|-end|p2a: Iron Hands|Quark Drive|[silent]\n|switch|p2a: Scizor|Scizor, L50, F|100\/100\n|move|p1b: Iron Man|Fake Out|p2b: Armarouge\n|-damage|p2b: Armarouge|45\/100\n|cant|p2b: Armarouge|flinch\n|move|p1a: Simba|Howl|p1a: Simba|[spread] p1a,p1b\n|-boost|p1a: Simba|atk|1\n|-boost|p1b: Iron Man|atk|1\n|\n|upkeep\n|turn|5\n|\n|t:|1684024464\n|move|p1b: Iron Man|Protect|p1b: Iron Man\n|-singleturn|p1b: Iron Man|Protect\n|move|p1a: Simba|Protect|p1a: Simba\n|-singleturn|p1a: Simba|Protect\n|move|p2a: Scizor|Close Combat|p1a: Simba\n|-activate|p1a: Simba|move: Protect\n|move|p2b: Armarouge|Psychic|p1b: Iron Man\n|-activate|p1b: Iron Man|move: Protect\n|\n|-fieldend|move: Trick Room\n|upkeep\n|turn|6\n|\n|t:|1684024484\n|move|p1a: Simba|Flare Blitz|p2a: Scizor\n|-supereffective|p2a: Scizor\n|-crit|p2a: Scizor\n|-damage|p2a: Scizor|0 fnt\n|faint|p2a: Scizor\n|-damage|p1a: Simba|12\/100|[from] Recoil\n|move|p1b: Iron Man|Wild Charge|p2b: Armarouge\n|-damage|p2b: Armarouge|0 fnt\n|faint|p2b: Armarouge\n|-damage|p1b: Iron Man|91\/100|[from] Recoil\n|\n|upkeep\n|\n|t:|1684024494\n|switch|p2a: Iron Hands|Iron Hands, L50|5\/100 brn\n|turn|7\n|\n|t:|1684024498\n|move|p1a: Simba|Protect|p1a: Simba\n|-singleturn|p1a: Simba|Protect\n|move|p1b: Iron Man|Protect|p1b: Iron Man\n|-singleturn|p1b: Iron Man|Protect\n|move|p2a: Iron Hands|Fake Out|p1a: Simba\n|-activate|p1a: Simba|move: Protect\n|\n|-damage|p2a: Iron Hands|0 fnt|[from] brn\n|faint|p2a: Iron Hands\n|-end|p2a: Iron Hands|Quark Drive|[silent]\n|\n|win|mathtass\n|upkeep\n|raw|mathtass's rating: 1333 → 1353<\/strong> (+20 for winning)\n|raw|dreamswgh's rating: 1340 → 1320<\/strong> (-20 for losing)\n","uploadtime":1684024505,"views":12,"p1id":"mathtass","p2id":"dreamswgh","formatid":"gen9vgc2023regulationc","rating":1320,"private":0,"password":""}