{"id":"gen9vgc2023regulationc-1848669666","p1":"RadimirS","p2":"DaveMarkin","format":"[Gen 9] VGC 2023 Regulation C","log":"|j|\u2606RadimirS\n|j|\u2606DaveMarkin\n|t:|1682099333\n|gametype|doubles\n|player|p1|RadimirS|hugh|1278\n|player|p2|DaveMarkin|1|1377\n|teamsize|p1|6\n|teamsize|p2|6\n|gen|9\n|tier|[Gen 9] VGC 2023 Regulation C\n|rated|\n|rule|Species Clause: Limit one of each Pok\u00e9mon\n|rule|Item Clause: Limit one of each item\n|clearpoke\n|poke|p1|Dachsbun, L50, M|\n|poke|p1|Chi-Yu, L50|\n|poke|p1|Iron Bundle, L50|\n|poke|p1|Annihilape, L50, M|\n|poke|p1|Tinkaton, L50, F|\n|poke|p1|Pelipper, L50, M|\n|poke|p2|Dondozo, L50, F|\n|poke|p2|Tatsugiri, L50, M|\n|poke|p2|Glimmora, L50, F|\n|poke|p2|Iron Bundle, L50|\n|poke|p2|Chi-Yu, L50|\n|poke|p2|Arcanine, L50, F|\n|teampreview|4\nDaveMarkin has agreed to open team sheets.\n|inactive|Battle timer is ON: inactive players will automatically lose when time's up. (requested by DaveMarkin)\n|inactive|RadimirS has 60 seconds left.\n|\n|t:|1682099390\n|start\n|switch|p1a: Chi-Yu|Chi-Yu, L50|100\/100\n|switch|p1b: Annihilape|Annihilape, L50, M, shiny|100\/100\n|switch|p2a: Glimmora|Glimmora, L50, F|100\/100\n|switch|p2b: Arcanine|Arcanine, L50, F|100\/100\n|-ability|p1a: Chi-Yu|Beads of Ruin\n|-ability|p2b: Arcanine|Intimidate|boost\n|-unboost|p1a: Chi-Yu|atk|1\n|-unboost|p1b: Annihilape|atk|1\n|-ability|p1b: Annihilape|Defiant|boost\n|-boost|p1b: Annihilape|atk|2\n|turn|1\n|\n|t:|1682099414\n|move|p1b: Annihilape|Protect|p1b: Annihilape\n|-singleturn|p1b: Annihilape|Protect\n|move|p1a: Chi-Yu|Psychic|p2a: Glimmora\n|-supereffective|p2a: Glimmora\n|-damage|p2a: Glimmora|34\/100\n|move|p2b: Arcanine|Will-O-Wisp|p1b: Annihilape\n|-activate|p1b: Annihilape|move: Protect\n|move|p2a: Glimmora|Mortal Spin|p1a: Chi-Yu|[spread] p1a\n|-activate|p1b: Annihilape|move: Protect\n|-damage|p1a: Chi-Yu|94\/100\n|-status|p1a: Chi-Yu|psn\n|\n|-damage|p1a: Chi-Yu|81\/100 psn|[from] psn\n|upkeep\n|turn|2\n|inactive|RadimirS has 30 seconds left.\n|inactive|RadimirS has 20 seconds left.\n|inactive|RadimirS has 15 seconds left.\n|\n|t:|1682099459\n|switch|p2b: Dondozo|Dondozo, L50, F|100\/100\n|switch|p2a: Tatsugiri|Tatsugiri, L50, M|100\/100\n|-activate|p2a: Tatsugiri|ability: Commander|[of] p2b: Dondozo\n|-boost|p2b: Dondozo|atk|2\n|-boost|p2b: Dondozo|spa|2\n|-boost|p2b: Dondozo|spe|2\n|-boost|p2b: Dondozo|def|2\n|-boost|p2b: Dondozo|spd|2\n|-terastallize|p1b: Annihilape|Fire\n|move|p1a: Chi-Yu|Psychic|p2a: Tatsugiri|[miss]\n|-miss|p1a: Chi-Yu|p2a: Tatsugiri\n|move|p1b: Annihilape|Rage Fist|p2b: Dondozo\n|-damage|p2b: Dondozo|91\/100\n|\n|-heal|p2b: Dondozo|97\/100|[from] item: Leftovers\n|-damage|p1a: Chi-Yu|69\/100 psn|[from] psn\n|upkeep\n|turn|3\n|\n|t:|1682099480\n|move|p1b: Annihilape|Protect|p1b: Annihilape\n|-singleturn|p1b: Annihilape|Protect\n|move|p1a: Chi-Yu|Psychic|p2b: Dondozo\n|-damage|p2b: Dondozo|70\/100\n|move|p2b: Dondozo|Wave Crash|p1a: Chi-Yu\n|-supereffective|p1a: Chi-Yu\n|-crit|p1a: Chi-Yu\n|-damage|p1a: Chi-Yu|0 fnt\n|faint|p1a: Chi-Yu\n|-damage|p2b: Dondozo|57\/100|[from] Recoil\n|\n|-heal|p2b: Dondozo|63\/100|[from] item: Leftovers\n|upkeep\n|\n|t:|1682099497\n|switch|p1a: Tinkaton|Tinkaton, L50, F, shiny|100\/100\n|-ability|p1a: Tinkaton|Mold Breaker\n|turn|4\n|\n|t:|1682099504\n|switch|p1b: Iron Bundle|Iron Bundle, L50, shiny|100\/100\n|-enditem|p1b: Iron Bundle|Booster Energy\n|-activate|p1b: Iron Bundle|ability: Quark Drive|[fromitem]\n|-start|p1b: Iron Bundle|quarkdrivespe\n|move|p2b: Dondozo|Protect|p2b: Dondozo\n|-singleturn|p2b: Dondozo|Protect\n|move|p1a: Tinkaton|Fake Out|p2b: Dondozo\n|-activate|p2b: Dondozo|move: Protect\n|\n|-heal|p2b: Dondozo|69\/100|[from] item: Leftovers\n|upkeep\n|turn|5\n|\n|t:|1682099516\n|switch|p1a: Annihilape|Annihilape, L50, M, shiny, tera:Fire|100\/100\n|-terastallize|p2b: Dondozo|Grass\n|move|p1b: Iron Bundle|Encore|p2b: Dondozo\n|-start|p2b: Dondozo|Encore\n|move|p2b: Dondozo|Protect||[still]\n|-fail|p2b: Dondozo\n|\n|-heal|p2b: Dondozo|75\/100|[from] item: Leftovers\n|upkeep\n|turn|6\n|-message|DaveMarkin forfeited.\n|\n|win|RadimirS\n|raw|RadimirS's rating: 1278 → 1310<\/strong> (+32 for winning)\n|raw|DaveMarkin's rating: 1377 → 1351<\/strong> (-26 for losing)\n|l|\u2606DaveMarkin\n","uploadtime":1682099541,"views":8,"p1id":"radimirs","p2id":"davemarkin","formatid":"gen9vgc2023regulationc","rating":1310,"private":0,"password":""}