{"id":"gen9vgc2023regulationc-1854358431","p1":"garfieldslaya","p2":"RowanRowan","format":"[Gen 9] VGC 2023 Regulation C","log":"|j|\u2606garfieldslaya\n|j|\u2606RowanRowan\n|t:|1682801058\n|gametype|doubles\n|player|p1|garfieldslaya|jasmine|1367\n|player|p2|RowanRowan|266|1462\n|teamsize|p1|6\n|teamsize|p2|6\n|gen|9\n|tier|[Gen 9] VGC 2023 Regulation C\n|rated|\n|rule|Species Clause: Limit one of each Pok\u00e9mon\n|rule|Item Clause: Limit one of each item\n|clearpoke\n|poke|p1|Amoonguss, L50, F|\n|poke|p1|Flutter Mane, L50|\n|poke|p1|Arcanine, L50, M|\n|poke|p1|Baxcalibur, L50, F|\n|poke|p1|Ting-Lu, L50|\n|poke|p1|Palafin, L50, M|\n|poke|p2|Talonflame, L50, F|\n|poke|p2|Brambleghast, L50, F|\n|poke|p2|Kilowattrel, L50, F|\n|poke|p2|Chien-Pao, L50|\n|poke|p2|Garchomp, L50, F|\n|poke|p2|Farigiraf, L50, F|\n|teampreview|4\ngarfieldslaya has agreed to open team sheets.\nRowanRowan has agreed to open team sheets.\n|j| ShatteredPugVGC\n|inactive|Battle timer is ON: inactive players will automatically lose when time's up. (requested by RowanRowan)\n|l| ShatteredPugVGC\n|\n|t:|1682801113\n|start\n|switch|p1a: Ting-Lu|Ting-Lu, L50|100\/100\n|switch|p1b: Arcanine|Arcanine, L50, M|100\/100\n|switch|p2a: Talonflame|Talonflame, L50, F|100\/100\n|switch|p2b: Kilowattrel|Kilowattrel, L50, F|100\/100\n|-ability|p1b: Arcanine|Intimidate|boost\n|-unboost|p2a: Talonflame|atk|1\n|-unboost|p2b: Kilowattrel|atk|1\n|-ability|p1a: Ting-Lu|Vessel of Ruin\n|turn|1\n|inactive|garfieldslaya has 30 seconds left.\n|inactive|RowanRowan has 30 seconds left.\n|inactive|garfieldslaya has 20 seconds left.\n|inactive|RowanRowan has 20 seconds left.\n|\n|t:|1682801153\n|-terastallize|p2b: Kilowattrel|Electric\n|move|p2a: Talonflame|Tailwind|p2a: Talonflame\n|-sidestart|p2: RowanRowan|move: Tailwind\n|-start|p2b: Kilowattrel|Charge|Tailwind|[from] ability: Wind Power\n|move|p2b: Kilowattrel|Electro Ball|p1b: Arcanine\n|-damage|p1b: Arcanine|0 fnt\n|faint|p1b: Arcanine\n|-end|p2b: Kilowattrel|Charge|[silent]\n|move|p1a: Ting-Lu|Ruination|p2b: Kilowattrel\n|-damage|p2b: Kilowattrel|51\/100\n|\n|upkeep\n|\n|t:|1682801163\n|switch|p1b: Baxcalibur|Baxcalibur, L50, F|100\/100\n|turn|2\n|inactive|garfieldslaya has 30 seconds left.\n|inactive|RowanRowan has 30 seconds left.\n|\n|t:|1682801194\n|switch|p2a: Garchomp|Garchomp, L50, F|100\/100\n|move|p1b: Baxcalibur|Protect|p1b: Baxcalibur\n|-singleturn|p1b: Baxcalibur|Protect\n|move|p2b: Kilowattrel|Electro Ball|p1b: Baxcalibur\n|-activate|p1b: Baxcalibur|move: Protect\n|move|p1a: Ting-Lu|Stomping Tantrum|p2b: Kilowattrel\n|-supereffective|p2b: Kilowattrel\n|-crit|p2b: Kilowattrel\n|-damage|p2b: Kilowattrel|0 fnt\n|faint|p2b: Kilowattrel\n|\n|upkeep\n|\n|t:|1682801202\n|switch|p2b: Chien-Pao|Chien-Pao, L50|100\/100\n|-ability|p2b: Chien-Pao|Sword of Ruin\n|turn|3\n|inactive|garfieldslaya has 30 seconds left.\n|inactive|garfieldslaya has 20 seconds left.\n|inactive|RowanRowan has 30 seconds left.\n|\n|t:|1682801243\n|switch|p1b: Amoonguss|Amoonguss, L50, F|100\/100\n|-terastallize|p1a: Ting-Lu|Poison\n|move|p2b: Chien-Pao|Sacred Sword|p1b: Amoonguss\n|-resisted|p1b: Amoonguss\n|-damage|p1b: Amoonguss|76\/100\n|-damage|p2b: Chien-Pao|84\/100|[from] item: Rocky Helmet|[of] p1b: Amoonguss\n|-damage|p2b: Chien-Pao|75\/100|[from] item: Life Orb\n|move|p2a: Garchomp|Rock Slide|p1b: Amoonguss|[spread] p1a,p1b\n|-damage|p1a: Ting-Lu|87\/100\n|-damage|p1b: Amoonguss|51\/100\n|cant|p1a: Ting-Lu|flinch\n|\n|-heal|p1a: Ting-Lu|93\/100|[from] item: Leftovers\n|upkeep\n|turn|4\n|inactive|garfieldslaya has 30 seconds left.\n|inactive|RowanRowan has 30 seconds left.\n|inactive|garfieldslaya has 20 seconds left.\n|inactive|RowanRowan has 20 seconds left.\n|inactive|RowanRowan has 15 seconds left.\n|\n|t:|1682801285\n|move|p2b: Chien-Pao|Ice Spinner|p1b: Amoonguss\n|-supereffective|p1b: Amoonguss\n|-damage|p1b: Amoonguss|0 fnt\n|-damage|p2b: Chien-Pao|59\/100|[from] item: Rocky Helmet|[of] p1b: Amoonguss\n|faint|p1b: Amoonguss\n|-damage|p2b: Chien-Pao|49\/100|[from] item: Life Orb\n|move|p2a: Garchomp|Rock Slide|p1a: Ting-Lu\n|-damage|p1a: Ting-Lu|73\/100\n|cant|p1a: Ting-Lu|flinch\n|\n|-heal|p1a: Ting-Lu|79\/100|[from] item: Leftovers\n|-sideend|p2: RowanRowan|move: Tailwind\n|upkeep\n|\n|t:|1682801293\n|switch|p1b: Baxcalibur|Baxcalibur, L50, F|100\/100\n|turn|5\n|\n|t:|1682801305\n|move|p2a: Garchomp|Protect|p2a: Garchomp\n|-singleturn|p2a: Garchomp|Protect\n|move|p1b: Baxcalibur|Protect|p1b: Baxcalibur\n|-singleturn|p1b: Baxcalibur|Protect\n|move|p2b: Chien-Pao|Sacred Sword|p1b: Baxcalibur\n|-activate|p1b: Baxcalibur|move: Protect\n|move|p1a: Ting-Lu|Heavy Slam|p2b: Chien-Pao\n|-supereffective|p2b: Chien-Pao\n|-damage|p2b: Chien-Pao|0 fnt\n|faint|p2b: Chien-Pao\n|\n|-heal|p1a: Ting-Lu|85\/100|[from] item: Leftovers\n|upkeep\n|\n|t:|1682801312\n|switch|p2b: Talonflame|Talonflame, L50, F|100\/100\n|turn|6\n|inactive|garfieldslaya has 30 seconds left.\n|\n|t:|1682801338\n|move|p2b: Talonflame|Brave Bird|p1b: Baxcalibur\n|-damage|p1b: Baxcalibur|71\/100\n|-damage|p2b: Talonflame|89\/100|[from] Recoil\n|move|p1b: Baxcalibur|Ice Shard|p2a: Garchomp\n|-supereffective|p2a: Garchomp\n|-damage|p2a: Garchomp|7\/100\n|move|p2a: Garchomp|Earthquake|p1b: Baxcalibur|[spread] p1a,p1b\n|-immune|p2b: Talonflame\n|-supereffective|p1a: Ting-Lu\n|-damage|p1a: Ting-Lu|40\/100\n|-damage|p1b: Baxcalibur|36\/100\n|move|p1a: Ting-Lu|Stomping Tantrum|p2a: Garchomp\n|-damage|p2a: Garchomp|0 fnt\n|-damage|p1a: Ting-Lu|27\/100|[from] ability: Rough Skin|[of] p2a: Garchomp\n|faint|p2a: Garchomp\n|\n|-heal|p1a: Ting-Lu|33\/100|[from] item: Leftovers\n|upkeep\n|turn|7\n|inactive|garfieldslaya has 30 seconds left.\n|inactive|garfieldslaya has 20 seconds left.\n|\n|t:|1682801373\n|move|p1b: Baxcalibur|Protect|p1b: Baxcalibur\n|-singleturn|p1b: Baxcalibur|Protect\n|move|p1a: Ting-Lu|Protect|p1a: Ting-Lu\n|-singleturn|p1a: Ting-Lu|Protect\n|move|p2b: Talonflame|Brave Bird|p1b: Baxcalibur\n|-activate|p1b: Baxcalibur|move: Protect\n|\n|-heal|p1a: Ting-Lu|40\/100|[from] item: Leftovers\n|upkeep\n|turn|8\n|\n|t:|1682801391\n|move|p1b: Baxcalibur|Ice Shard|p2b: Talonflame\n|-damage|p2b: Talonflame|59\/100\n|move|p2b: Talonflame|Brave Bird|p1b: Baxcalibur\n|-damage|p1b: Baxcalibur|4\/100\n|-damage|p2b: Talonflame|47\/100|[from] Recoil\n|move|p1a: Ting-Lu|Heavy Slam|p2b: Talonflame\n|-resisted|p2b: Talonflame\n|-damage|p2b: Talonflame|28\/100\n|\n|-heal|p1a: Ting-Lu|46\/100|[from] item: Leftovers\n|upkeep\n|turn|9\n|-message|RowanRowan forfeited.\n|\n|win|garfieldslaya\n|raw|garfieldslaya's rating: 1367 → 1392<\/strong> (+25 for winning)\n|raw|RowanRowan's rating: 1462 → 1437<\/strong> (-25 for losing)\n|l|\u2606RowanRowan\n","uploadtime":1682801405,"views":12,"p1id":"garfieldslaya","p2id":"rowanrowan","formatid":"gen9vgc2023regulationc","rating":1392,"private":0,"password":""}