{"id":"gen9vgc2023regulationc-1859205851","p1":"GeasGX","p2":"shurick","format":"[Gen 9] VGC 2023 Regulation C","log":"|j|\u2606GeasGX\n|j|\u2606shurick\n|t:|1683417786\n|gametype|doubles\n|player|p1|GeasGX|hugh|\n|player|p2|shurick|ghetsis|\n|teamsize|p1|6\n|teamsize|p2|6\n|gen|9\n|tier|[Gen 9] VGC 2023 Regulation C\n|rule|Species Clause: Limit one of each Pok\u00e9mon\n|rule|Item Clause: Limit one of each item\n|clearpoke\n|poke|p1|Iron Hands, L50|\n|poke|p1|Annihilape, L50, M|\n|poke|p1|Pelipper, L50, M|\n|poke|p1|Palafin, L50, M|\n|poke|p1|Baxcalibur, L50, F|\n|poke|p1|Kingambit, L50, M|\n|poke|p2|Baxcalibur, L50, F|\n|poke|p2|Amoonguss, L50, M|\n|poke|p2|Pawmot, L50, F|\n|poke|p2|Flutter Mane, L50|\n|poke|p2|Garganacl, L50, M|\n|poke|p2|Palafin, L50, M|\n|teampreview|4\n|j| MeteorPlayz_\n|\n|t:|1683417830\n|start\n|switch|p1a: BastaSosReLindo|Annihilape, L50, M|100\/100\n|switch|p1b: DelfinRanger|Palafin, L50, M|100\/100\n|switch|p2a: RaidenTamemon|Amoonguss, L50, M|100\/100\n|switch|p2b: NikolaTesla|Pawmot, L50, F|100\/100\n|turn|1\n|\n|t:|1683417843\n|detailschange|p1b: DelfinRanger|Palafin-Hero, L50, M\n|switch|p1b: BlockBuster|Baxcalibur, L50, F|100\/100\n|move|p2b: NikolaTesla|Fake Out|p1b: BlockBuster\n|-damage|p1b: BlockBuster|89\/100\n|move|p1a: BastaSosReLindo|U-turn|p2a: RaidenTamemon\n|-damage|p2a: RaidenTamemon|82\/100\n|-damage|p1a: BastaSosReLindo|84\/100|[from] item: Rocky Helmet|[of] p2a: RaidenTamemon\n|\n|t:|1683417857\n|switch|p1a: Maradona|Iron Hands, L50, shiny|100\/100|[from] U-turn\n|move|p2a: RaidenTamemon|Spore|p1a: Maradona\n|-status|p1a: Maradona|slp|[from] move: Spore\n|\n|upkeep\n|turn|2\n|\n|t:|1683417885\n|-terastallize|p1b: BlockBuster|Poison\n|move|p2a: RaidenTamemon|Rage Powder|p2a: RaidenTamemon\n|-singleturn|p2a: RaidenTamemon|move: Rage Powder\n|move|p2b: NikolaTesla|Mach Punch|p1b: BlockBuster\n|-resisted|p1b: BlockBuster\n|-damage|p1b: BlockBuster|78\/100\n|move|p1b: BlockBuster|Glaive Rush|p2a: RaidenTamemon\n|-damage|p2a: RaidenTamemon|0 fnt\n|-singlemove|p1b: BlockBuster|Glaive Rush|[silent]\n|-damage|p1b: BlockBuster|61\/100|[from] item: Rocky Helmet|[of] p2a: RaidenTamemon\n|faint|p2a: RaidenTamemon\n|cant|p1a: Maradona|slp\n|\n|upkeep\n|\n|t:|1683417894\n|switch|p2a: Nostradamus|Flutter Mane, L50|100\/100\n|-enditem|p2a: Nostradamus|Booster Energy\n|-activate|p2a: Nostradamus|ability: Protosynthesis|[fromitem]\n|-start|p2a: Nostradamus|protosynthesisspa\n|turn|3\n|l| MeteorPlayz_\n|j| MeteorPlayz_\n|\n|t:|1683417913\n|move|p1b: BlockBuster|Protect|p1b: BlockBuster\n|-singleturn|p1b: BlockBuster|Protect\n|move|p2a: Nostradamus|Dazzling Gleam|p1a: Maradona|[spread] p1a\n|-activate|p1b: BlockBuster|move: Protect\n|-supereffective|p1a: Maradona\n|-damage|p1a: Maradona|56\/100 slp\n|move|p2b: NikolaTesla|Double Shock|p1b: BlockBuster\n|-activate|p1b: BlockBuster|move: Protect\n|cant|p1a: Maradona|slp\n|\n|upkeep\n|turn|4\n|\n|t:|1683417936\n|move|p2a: Nostradamus|Dazzling Gleam|p1a: Maradona|[spread] p1a,p1b\n|-supereffective|p1a: Maradona\n|-resisted|p1b: BlockBuster\n|-damage|p1a: Maradona|7\/100 slp\n|-damage|p1b: BlockBuster|40\/100\n|move|p2b: NikolaTesla|Double Shock|p1b: BlockBuster\n|-damage|p1b: BlockBuster|0 fnt\n|-start|p2b: NikolaTesla|typechange|???\/Fighting|[from] move: Double Shock\n|faint|p1b: BlockBuster\n|-curestatus|p1a: Maradona|slp|[msg]\n|move|p1a: Maradona|Iron Head|p2a: Nostradamus\n|-supereffective|p2a: Nostradamus\n|-damage|p2a: Nostradamus|0 fnt\n|faint|p2a: Nostradamus\n|-end|p2a: Nostradamus|Protosynthesis|[silent]\n|\n|upkeep\n|\n|t:|1683417946\n|switch|p2a: Simo hayha|Baxcalibur, L50, F|100\/100\n|switch|p1b: BastaSosReLindo|Annihilape, L50, M|84\/100\n|turn|5\n|\n|t:|1683417965\n|move|p2a: Simo hayha|Protect|p2a: Simo hayha\n|-singleturn|p2a: Simo hayha|Protect\n|move|p2b: NikolaTesla|Mach Punch|p1a: Maradona\n|-damage|p1a: Maradona|0 fnt\n|faint|p1a: Maradona\n|-end|p1a: Maradona|Quark Drive|[silent]\n|move|p1b: BastaSosReLindo|U-turn|p2b: NikolaTesla\n|-resisted|p2b: NikolaTesla\n|-damage|p2b: NikolaTesla|85\/100\n|\n|t:|1683417971\n|switch|p1b: DelfinRanger|Palafin-Hero, L50, M|100\/100|[from] U-turn\n|-activate|p1b: DelfinRanger|ability: Zero to Hero\n|\n|upkeep\n|\n|t:|1683417973\n|switch|p1a: BastaSosReLindo|Annihilape, L50, M|84\/100\n|turn|6\n|\n|t:|1683418000\n|-terastallize|p2a: Simo hayha|Fairy\n|move|p1b: DelfinRanger|Jet Punch|p2b: NikolaTesla\n|-damage|p2b: NikolaTesla|6\/100\n|move|p1a: BastaSosReLindo|Close Combat|p2a: Simo hayha\n|-resisted|p2a: Simo hayha\n|-damage|p2a: Simo hayha|77\/100\n|-unboost|p1a: BastaSosReLindo|def|1\n|-unboost|p1a: BastaSosReLindo|spd|1\n|move|p2b: NikolaTesla|Revival Blessing|p2b: NikolaTesla\n|\n|t:|1683418008\n|-heal|p2: Nostradamus|50\/100|[from] move: Revival Blessing\n|move|p2a: Simo hayha|Dragon Dance|p2a: Simo hayha\n|-boost|p2a: Simo hayha|atk|1\n|-boost|p2a: Simo hayha|spe|1\n|\n|upkeep\n|turn|7\n|\n|t:|1683418028\n|move|p2b: NikolaTesla|Mach Punch|p1b: DelfinRanger\n|-damage|p1b: DelfinRanger|81\/100\n|move|p1a: BastaSosReLindo|Close Combat|p2b: NikolaTesla\n|-damage|p2b: NikolaTesla|0 fnt\n|-unboost|p1a: BastaSosReLindo|def|1\n|-unboost|p1a: BastaSosReLindo|spd|1\n|faint|p2b: NikolaTesla\n|move|p2a: Simo hayha|Glaive Rush|p1a: BastaSosReLindo\n|-damage|p1a: BastaSosReLindo|0 fnt\n|-singlemove|p2a: Simo hayha|Glaive Rush|[silent]\n|faint|p1a: BastaSosReLindo\n|move|p1b: DelfinRanger|Haze|p1b: DelfinRanger\n|-clearallboost\n|\n|upkeep\n|\n|t:|1683418033\n|switch|p2b: Nostradamus|Flutter Mane, L50|50\/100\n|turn|8\n|\n|t:|1683418043\n|move|p2b: Nostradamus|Shadow Ball|p1b: DelfinRanger\n|-damage|p1b: DelfinRanger|39\/100\n|move|p2a: Simo hayha|Glaive Rush|p1b: DelfinRanger\n|-damage|p1b: DelfinRanger|0 fnt\n|-singlemove|p2a: Simo hayha|Glaive Rush|[silent]\n|faint|p1b: DelfinRanger\n|\n|win|shurick\n|c|\u2606shurick|Gg\n|c|\u2606GeasGX|Buena loco\n|c|\u2606GeasGX|GG\n|c|\u2606GeasGX|No esperaba ganar ni una xd\n","uploadtime":1683418055,"views":11,"p1id":"geasgx","p2id":"shurick","formatid":"gen9vgc2023regulationc","rating":0,"private":0,"password":""}