{"id":"gen9vgc2023regulationc-1848758298","p1":"ryanogiggs11","p2":"FlowersBloom","format":"[Gen 9] VGC 2023 Regulation C","log":"|j|\u2606ryanogiggs11\n|j|\u2606FlowersBloom\n|t:|1682107459\n|gametype|doubles\n|player|p1|ryanogiggs11|dawn|\n|player|p2|FlowersBloom|1|\n|teamsize|p1|6\n|teamsize|p2|6\n|gen|9\n|tier|[Gen 9] VGC 2023 Regulation C\n|rule|Species Clause: Limit one of each Pok\u00e9mon\n|rule|Item Clause: Limit one of each item\n|clearpoke\n|poke|p1|Dondozo, L50, M|\n|poke|p1|Tatsugiri, L50, M|\n|poke|p1|Annihilape, L50, F|\n|poke|p1|Dragapult, L50, M|\n|poke|p1|Vivillon-Ocean, L50, F|\n|poke|p1|Flamigo, L50, M|\n|poke|p2|Scream Tail, L50|\n|poke|p2|Gothitelle, L50, M|\n|poke|p2|Palafin, L50, M|\n|poke|p2|Tauros-Paldea-Blaze, L50, M|\n|poke|p2|Pachirisu, L50, F|\n|poke|p2|Zoroark, L50, M|\n|teampreview|4\n|c|\u2606ryanogiggs11|G3\n|j| sucabaVGC\n|j| Kazoomoose\n|c|\u2606FlowersBloom|glhf!\n|c|\u2606FlowersBloom|gonna start timer :)\n|c|\u2606ryanogiggs11|GLHF!\n|inactive|Battle timer is ON: inactive players will automatically lose when time's up. (requested by FlowersBloom)\n|j| thejordanvgc\n|inactive|FlowersBloom has 60 seconds left.\n|\n|t:|1682108358\n|start\n|switch|p1a: Annihilape|Annihilape, L50, F|100\/100\n|switch|p1b: Dragapult|Dragapult, L50, M|100\/100\n|switch|p2a: Scream Tail|Scream Tail, L50, shiny|100\/100\n|switch|p2b: Pachirisu|Pachirisu, L50, F|100\/100\n|-enditem|p2a: Scream Tail|Booster Energy\n|-activate|p2a: Scream Tail|ability: Protosynthesis|[fromitem]\n|-start|p2a: Scream Tail|protosynthesisspe\n|turn|1\n|inactive|FlowersBloom has 30 seconds left.\n|inactive|FlowersBloom has 20 seconds left.\n|\n|t:|1682108397\n|-terastallize|p2b: Pachirisu|Dark\n|move|p2a: Scream Tail|Protect|p2a: Scream Tail\n|-singleturn|p2a: Scream Tail|Protect\n|move|p2b: Pachirisu|Sucker Punch|p1b: Dragapult\n|-supereffective|p1b: Dragapult\n|-damage|p1b: Dragapult|0 fnt\n|faint|p1b: Dragapult\n|move|p1a: Annihilape|Bulk Up|p1a: Annihilape\n|-boost|p1a: Annihilape|atk|1\n|-boost|p1a: Annihilape|def|1\n|\n|upkeep\n|\n|t:|1682108409\n|switch|p1b: Dondozo|Dondozo, L50, M|100\/100\n|turn|2\n|\n|t:|1682108432\n|move|p2b: Pachirisu|Protect|p2b: Pachirisu\n|-singleturn|p2b: Pachirisu|Protect\n|move|p1b: Dondozo|Protect|p1b: Dondozo\n|-singleturn|p1b: Dondozo|Protect\n|move|p2a: Scream Tail|Perish Song|p2a: Scream Tail\n|-start|p1a: Annihilape|perish3|[silent]\n|-start|p1b: Dondozo|perish3|[silent]\n|-start|p2a: Scream Tail|perish3|[silent]\n|-start|p2b: Pachirisu|perish3|[silent]\n|-fieldactivate|move: Perish Song\n|move|p1a: Annihilape|Drain Punch|p2b: Pachirisu\n|-activate|p2b: Pachirisu|move: Protect\n|\n|-start|p2a: Scream Tail|perish3\n|-start|p2b: Pachirisu|perish3\n|-start|p1a: Annihilape|perish3\n|-start|p1b: Dondozo|perish3\n|upkeep\n|turn|3\n|inactive|ryanogiggs11 has 30 seconds left.\n|inactive|ryanogiggs11 has 20 seconds left.\n|inactive|ryanogiggs11 has 15 seconds left.\n|\n|t:|1682108473\n|switch|p2b: Gothitelle|Gothitelle, L50, M|100\/100\n|switch|p1b: Tatsugiri|Tatsugiri, L50, M|100\/100\n|move|p2a: Scream Tail|Disable|p1a: Annihilape\n|-start|p1a: Annihilape|Disable|Drain Punch\n|move|p1a: Annihilape|Rage Fist|p2b: Gothitelle\n|-supereffective|p2b: Gothitelle\n|-damage|p2b: Gothitelle|26\/100\n|-enditem|p2b: Gothitelle|Sitrus Berry|[eat]\n|-heal|p2b: Gothitelle|51\/100|[from] item: Sitrus Berry\n|\n|-start|p2a: Scream Tail|perish2\n|-start|p1a: Annihilape|perish2\n|upkeep\n|turn|4\n|j| KCXII\n|inactive|ryanogiggs11 has 30 seconds left.\n|inactive|FlowersBloom has 30 seconds left.\n|inactive|ryanogiggs11 has 20 seconds left.\n|\n|t:|1682108509\n|move|p1b: Tatsugiri|Protect|p1b: Tatsugiri\n|-singleturn|p1b: Tatsugiri|Protect\n|move|p2b: Gothitelle|Protect|p2b: Gothitelle\n|-singleturn|p2b: Gothitelle|Protect\n|move|p2a: Scream Tail|Perish Song|p2a: Scream Tail\n|-start|p1b: Tatsugiri|perish3|[silent]\n|-start|p2b: Gothitelle|perish3|[silent]\n|-fieldactivate|move: Perish Song\n|move|p1a: Annihilape|Rage Fist|p2a: Scream Tail\n|-supereffective|p2a: Scream Tail\n|-damage|p2a: Scream Tail|37\/100\n|\n|-start|p2a: Scream Tail|perish1\n|-start|p1b: Tatsugiri|perish3\n|-start|p1a: Annihilape|perish1\n|-start|p2b: Gothitelle|perish3\n|upkeep\n|turn|5\n|inactive|ryanogiggs11 has 30 seconds left.\n|inactive|FlowersBloom has 30 seconds left.\n|inactive|ryanogiggs11 has 20 seconds left.\n|inactive|FlowersBloom has 20 seconds left.\n|inactive|FlowersBloom has 15 seconds left.\n|\n|t:|1682108552\n|-end|p2a: Scream Tail|Protosynthesis|[silent]\n|switch|p2a: Pachirisu|Pachirisu, L50, F|100\/100\n|switch|p1a: Dondozo|Dondozo, L50, M|100\/100\n|-activate|p1b: Tatsugiri|ability: Commander|[of] p1a: Dondozo\n|-boost|p1a: Dondozo|atk|2\n|-boost|p1a: Dondozo|spa|2\n|-boost|p1a: Dondozo|spe|2\n|-boost|p1a: Dondozo|def|2\n|-boost|p1a: Dondozo|spd|2\n|move|p2b: Gothitelle|Heal Pulse|p2a: Pachirisu\n|-fail|p2a: Pachirisu|heal\n|\n|-start|p1b: Tatsugiri|perish2\n|-start|p2b: Gothitelle|perish2\n|upkeep\n|turn|6\n|inactive|ryanogiggs11 has 30 seconds left.\n|inactive|FlowersBloom has 30 seconds left.\n|\n|t:|1682108584\n|move|p2b: Gothitelle|Protect|p2b: Gothitelle\n|-singleturn|p2b: Gothitelle|Protect\n|move|p1a: Dondozo|Order Up|p2a: Pachirisu\n|-damage|p2a: Pachirisu|37\/100\n|-boost|p1a: Dondozo|atk|1\n|move|p2a: Pachirisu|Nuzzle|p1a: Dondozo\n|-supereffective|p1a: Dondozo\n|-damage|p1a: Dondozo|97\/100\n|-status|p1a: Dondozo|par\n|\n|-heal|p1a: Dondozo|100\/100 par|[from] item: Leftovers\n|-start|p1b: Tatsugiri|perish1\n|-start|p2b: Gothitelle|perish1\n|upkeep\n|turn|7\n|inactive|FlowersBloom has 30 seconds left.\n|inactive|FlowersBloom has 20 seconds left.\n|\n|t:|1682108620\n|switch|p2b: Scream Tail|Scream Tail, L50, shiny|37\/100\n|move|p2a: Pachirisu|Follow Me|p2a: Pachirisu\n|-singleturn|p2a: Pachirisu|move: Follow Me\n|move|p1a: Dondozo|Order Up|p2a: Pachirisu\n|-damage|p2a: Pachirisu|0 fnt\n|faint|p2a: Pachirisu\n|-boost|p1a: Dondozo|atk|1\n|\n|-start|p1b: Tatsugiri|perish0\n|upkeep\n|faint|p1b: Tatsugiri\n|\n|t:|1682108630\n|switch|p1b: Annihilape|Annihilape, L50, F|100\/100\n|switch|p2a: Gothitelle|Gothitelle, L50, M|51\/100\n|turn|8\n|j| Haxxson\n|inactive|ryanogiggs11 has 30 seconds left.\n|inactive|ryanogiggs11 has 20 seconds left.\n|inactive|ryanogiggs11 has 15 seconds left.\n|\n|t:|1682108670\n|move|p2a: Gothitelle|Fake Out|p1a: Dondozo\n|-damage|p1a: Dondozo|98\/100 par\n|move|p2b: Scream Tail|Perish Song|p2b: Scream Tail\n|-start|p1a: Dondozo|perish3|[silent]\n|-start|p1b: Annihilape|perish3|[silent]\n|-start|p2a: Gothitelle|perish3|[silent]\n|-start|p2b: Scream Tail|perish3|[silent]\n|-fieldactivate|move: Perish Song\n|move|p1b: Annihilape|Bulk Up|p1b: Annihilape\n|-boost|p1b: Annihilape|atk|1\n|-boost|p1b: Annihilape|def|1\n|cant|p1a: Dondozo|flinch\n|\n|-heal|p1a: Dondozo|100\/100 par|[from] item: Leftovers\n|-start|p2b: Scream Tail|perish3\n|-start|p1b: Annihilape|perish3\n|-start|p1a: Dondozo|perish3\n|-start|p2a: Gothitelle|perish3\n|upkeep\n|turn|9\n|inactive|ryanogiggs11 has 30 seconds left.\n|\n|t:|1682108700\n|move|p2b: Scream Tail|Protect|p2b: Scream Tail\n|-singleturn|p2b: Scream Tail|Protect\n|move|p2a: Gothitelle|Protect|p2a: Gothitelle\n|-singleturn|p2a: Gothitelle|Protect\n|move|p1b: Annihilape|Rage Fist|p2a: Gothitelle\n|-activate|p2a: Gothitelle|move: Protect\n|move|p1a: Dondozo|Wave Crash|p2b: Scream Tail\n|-activate|p2b: Scream Tail|move: Protect\n|\n|-start|p2b: Scream Tail|perish2\n|-start|p1b: Annihilape|perish2\n|-start|p1a: Dondozo|perish2\n|-start|p2a: Gothitelle|perish2\n|upkeep\n|turn|10\n|\n|t:|1682108719\n|move|p2b: Scream Tail|Disable|p1b: Annihilape\n|-start|p1b: Annihilape|Disable|Rage Fist\n|cant|p1b: Annihilape|Disable|Rage Fist\n|move|p1a: Dondozo|Wave Crash|p2b: Scream Tail\n|-damage|p2b: Scream Tail|0 fnt\n|faint|p2b: Scream Tail\n|-end|p2b: Scream Tail|Protosynthesis|[silent]\n|-damage|p1a: Dondozo|89\/100 par|[from] Recoil\n|move|p2a: Gothitelle|Heal Pulse|p2: Scream Tail|[notarget]\n|-fail|p2a: Gothitelle\n|\n|-heal|p1a: Dondozo|95\/100 par|[from] item: Leftovers\n|-start|p1b: Annihilape|perish1\n|-start|p1a: Dondozo|perish1\n|-start|p2a: Gothitelle|perish1\n|upkeep\n|c|\u2606ryanogiggs11|gg man\n|\n|t:|1682108734\n|switch|p2b: Zoroark|Zoroark, L50, M, tera:Dark|100\/100\n|turn|11\n|c|\u2606FlowersBloom|gg!\n|\n|t:|1682108746\n|move|p2b: Zoroark|Protect|p2b: Zoroark\n|-singleturn|p2b: Zoroark|Protect\n|move|p2a: Gothitelle|Protect|p2a: Gothitelle\n|-singleturn|p2a: Gothitelle|Protect\n|move|p1b: Annihilape|Drain Punch|p2b: Zoroark\n|-activate|p2b: Zoroark|move: Protect\n|move|p1a: Dondozo|Wave Crash|p2b: Zoroark\n|-activate|p2b: Zoroark|move: Protect\n|\n|-heal|p1a: Dondozo|100\/100 par|[from] item: Leftovers\n|-start|p1b: Annihilape|perish0\n|-start|p1a: Dondozo|perish0\n|-start|p2a: Gothitelle|perish0\n|faint|p1b: Annihilape\n|faint|p1a: Dondozo\n|faint|p2a: Gothitelle\n|\n|win|FlowersBloom\n|upkeep\n|l| Kazoomoose\n|l| thejordanvgc\n|l| Haxxson\n","uploadtime":1682108845,"views":27,"p1id":"ryanogiggs11","p2id":"flowersbloom","formatid":"gen9vgc2023regulationc","rating":0,"private":0,"password":""}