{"id":"gen9vgc2023regulationc-1848028734","p1":"totempancho","p2":"Pyro257","format":"[Gen 9] VGC 2023 Regulation C","log":"|j|\u2606totempancho\n|j|\u2606Pyro257\n|t:|1682022138\n|gametype|doubles\n|player|p1|totempancho|medium|1183\n|player|p2|Pyro257|brendan-gen3rs|1229\n|teamsize|p1|6\n|teamsize|p2|6\n|gen|9\n|tier|[Gen 9] VGC 2023 Regulation C\n|rated|\n|rule|Species Clause: Limit one of each Pok\u00e9mon\n|rule|Item Clause: Limit one of each item\n|clearpoke\n|poke|p1|Arcanine, L50, M|\n|poke|p1|Maushold-Four, L50|\n|poke|p1|Volcarona, L50, F|\n|poke|p1|Sandy Shocks, L50|\n|poke|p1|Frosmoth, L50, F|\n|poke|p1|Abomasnow, L50, M|\n|poke|p2|Chi-Yu, L50|\n|poke|p2|Amoonguss, L50, M|\n|poke|p2|Palafin, L50, F|\n|poke|p2|Gholdengo, L50|\n|poke|p2|Iron Jugulis, L50|\n|poke|p2|Iron Hands, L50|\n|teampreview|4\n|inactive|Battle timer is ON: inactive players will automatically lose when time's up. (requested by Pyro257)\n|\n|t:|1682022169\n|start\n|switch|p1a: Maushold|Maushold-Four, L50|100\/100\n|switch|p1b: Frosmoth|Frosmoth, L50, F|100\/100\n|switch|p2a: Chi-Yu|Chi-Yu, L50|100\/100\n|switch|p2b: Amoonguss|Amoonguss, L50, M|100\/100\n|-ability|p2a: Chi-Yu|Beads of Ruin\n|turn|1\n|\n|t:|1682022183\n|-terastallize|p1b: Frosmoth|Water\n|move|p1a: Maushold|Follow Me|p1a: Maushold\n|-singleturn|p1a: Maushold|move: Follow Me\n|move|p2b: Amoonguss|Rage Powder|p2b: Amoonguss\n|-singleturn|p2b: Amoonguss|move: Rage Powder\n|move|p2a: Chi-Yu|Heat Wave|p1b: Frosmoth|[spread] p1a,p1b\n|-resisted|p1b: Frosmoth\n|-damage|p1a: Maushold|29\/100\n|-damage|p1b: Frosmoth|86\/100\n|-damage|p2a: Chi-Yu|90\/100|[from] item: Life Orb\n|move|p1b: Frosmoth|Quiver Dance|p1b: Frosmoth\n|-boost|p1b: Frosmoth|spa|1\n|-boost|p1b: Frosmoth|spd|1\n|-boost|p1b: Frosmoth|spe|1\n|\n|upkeep\n|turn|2\n|\n|t:|1682022199\n|switch|p1a: Abomasnow|Abomasnow, L50, M|100\/100\n|-weather|Snow|[from] ability: Snow Warning|[of] p1a: Abomasnow\n|move|p2a: Chi-Yu|Heat Wave|p1b: Frosmoth|[spread] p1a,p1b\n|-supereffective|p1a: Abomasnow\n|-resisted|p1b: Frosmoth\n|-damage|p1a: Abomasnow|0 fnt\n|-damage|p1b: Frosmoth|75\/100\n|faint|p1a: Abomasnow\n|-damage|p2a: Chi-Yu|80\/100|[from] item: Life Orb\n|move|p1b: Frosmoth|Blizzard|p2b: Amoonguss|[spread] p2a,p2b\n|-resisted|p2a: Chi-Yu\n|-supereffective|p2b: Amoonguss\n|-damage|p2a: Chi-Yu|28\/100\n|-damage|p2b: Amoonguss|0 fnt\n|faint|p2b: Amoonguss\n|\n|-weather|Snow|[upkeep]\n|upkeep\n|inactive|Pyro257 has 30 seconds left.\n|\n|t:|1682022227\n|switch|p1a: Maushold|Maushold-Four, L50|29\/100\n|switch|p2b: Gholdengo|Gholdengo, L50|100\/100\n|turn|3\n|inactive|totempancho has 30 seconds left.\n|inactive|totempancho has 20 seconds left.\n|\n|t:|1682022263\n|move|p1a: Maushold|Protect|p1a: Maushold\n|-singleturn|p1a: Maushold|Protect\n|move|p2a: Chi-Yu|Dark Pulse|p1b: Frosmoth\n|-damage|p1b: Frosmoth|55\/100\n|-damage|p2a: Chi-Yu|18\/100|[from] item: Life Orb\n|move|p1b: Frosmoth|Quiver Dance|p1b: Frosmoth\n|-boost|p1b: Frosmoth|spa|1\n|-boost|p1b: Frosmoth|spd|1\n|-boost|p1b: Frosmoth|spe|1\n|move|p2b: Gholdengo|Shadow Ball|p1b: Frosmoth\n|-damage|p1b: Frosmoth|40\/100\n|\n|-weather|Snow|[upkeep]\n|upkeep\n|turn|4\n|\n|t:|1682022286\n|move|p1a: Maushold|Helping Hand|p1b: Frosmoth\n|-singleturn|p1b: Frosmoth|Helping Hand|[of] p1a: Maushold\n|move|p1b: Frosmoth|Blizzard|p2b: Gholdengo|[spread] p2a,p2b\n|-resisted|p2a: Chi-Yu\n|-resisted|p2b: Gholdengo\n|-damage|p2a: Chi-Yu|0 fnt\n|-damage|p2b: Gholdengo|0 fnt\n|faint|p2a: Chi-Yu\n|faint|p2b: Gholdengo\n|\n|-weather|Snow|[upkeep]\n|upkeep\n|\n|t:|1682022296\n|switch|p2a: Iron Jugulis|Iron Jugulis, L50|100\/100\n|-enditem|p2a: Iron Jugulis|Booster Energy\n|-activate|p2a: Iron Jugulis|ability: Quark Drive|[fromitem]\n|-start|p2a: Iron Jugulis|quarkdrivespe\n|turn|5\n|l|\u2606Pyro257\n|inactive|Pyro257 disconnected and has a minute to reconnect!\n|player|p2|\n|inactive|Pyro257 has 30 seconds left.\n|inactive|Pyro257 has 20 seconds left.\n|inactive|Pyro257 has 15 seconds left.\n|inactive|Pyro257 has 10 seconds left.\n|inactive|Pyro257 has 5 seconds left.\n|-message|Pyro257 lost due to inactivity.\n|\n|win|totempancho\n|raw|totempancho's rating: 1183 → 1211<\/strong> (+28 for winning)\n|raw|Pyro257's rating: 1229 → 1201<\/strong> (-28 for losing)\n","uploadtime":1682022356,"views":12,"p1id":"totempancho","p2id":"pyro257","formatid":"gen9vgc2023regulationc","rating":1201,"private":0,"password":""}