{"id":"gen9vgc2023regulationc-1854576375","p1":"Olecram2102","p2":"sabre332","format":"[Gen 9] VGC 2023 Regulation C","log":"|j|\u2606Olecram2102\n|j|\u2606sabre332\n|t:|1682829574\n|gametype|doubles\n|player|p1|Olecram2102|ninjaboy|1160\n|player|p2|sabre332|1|1123\n|teamsize|p1|6\n|teamsize|p2|6\n|gen|9\n|tier|[Gen 9] VGC 2023 Regulation C\n|rated|\n|rule|Species Clause: Limit one of each Pok\u00e9mon\n|rule|Item Clause: Limit one of each item\n|clearpoke\n|poke|p1|Torkoal, L50, M|\n|poke|p1|Flutter Mane, L50|\n|poke|p1|Lilligant, L50, F|\n|poke|p1|Oranguru, L50, F|\n|poke|p1|Roaring Moon, L50|\n|poke|p1|Gastrodon, L50, M|\n|poke|p2|Sprigatito, L50, F|\n|poke|p2|Armarouge, L50, M|\n|poke|p2|Roaring Moon, L50|\n|poke|p2|Gyarados, L50, F|\n|poke|p2|Indeedee-F, L50, F|\n|poke|p2|Great Tusk, L50|\n|teampreview|4\n|j| GymLeader Avery\n|c| GymLeader Avery|what in the\n|\n|t:|1682829621\n|start\n|switch|p1a: Oranguru|Oranguru, L50, F|100\/100\n|switch|p1b: Torkoal|Torkoal, L50, M|100\/100\n|switch|p2a: Gyarados|Gyarados, L50, F|100\/100\n|switch|p2b: Indeedee|Indeedee-F, L50, F|100\/100\n|-ability|p2a: Gyarados|Intimidate|boost\n|-fail|p1a: Oranguru|unboost|Attack|[from] ability: Inner Focus|[of] p1a: Oranguru\n|-unboost|p1b: Torkoal|atk|1\n|-fieldstart|move: Psychic Terrain|[from] ability: Psychic Surge|[of] p2b: Indeedee\n|-enditem|p2b: Indeedee|Psychic Seed\n|-boost|p2b: Indeedee|spd|1|[from] item: Psychic Seed\n|-weather|SunnyDay|[from] ability: Drought|[of] p1b: Torkoal\n|turn|1\n|\n|t:|1682829645\n|move|p1b: Torkoal|Protect|p1b: Torkoal\n|-singleturn|p1b: Torkoal|Protect\n|move|p2a: Gyarados|Taunt|p1a: Oranguru\n|-start|p1a: Oranguru|move: Taunt\n|-enditem|p1a: Oranguru|Mental Herb\n|-end|p1a: Oranguru|move: Taunt\n|move|p2b: Indeedee|Psychic|p1b: Torkoal\n|-activate|p1b: Torkoal|move: Protect\n|move|p1a: Oranguru|Trick Room|p1a: Oranguru\n|-fieldstart|move: Trick Room|[of] p1a: Oranguru\n|\n|-weather|SunnyDay|[upkeep]\n|upkeep\n|turn|2\n|\n|t:|1682829672\n|move|p1b: Torkoal|Eruption|p2a: Gyarados|[spread] p2a,p2b\n|-resisted|p2a: Gyarados\n|-damage|p2a: Gyarados|64\/100\n|-damage|p2b: Indeedee|56\/100\n|move|p1a: Oranguru|Instruct|p1b: Torkoal\n|-singleturn|p1b: Torkoal|move: Instruct|[of] p1a: Oranguru\n|move|p1b: Torkoal|Eruption|p2a: Gyarados|[spread] p2a,p2b\n|-resisted|p2a: Gyarados\n|-damage|p2a: Gyarados|29\/100\n|-damage|p2b: Indeedee|9\/100\n|move|p2a: Gyarados|Taunt|p1a: Oranguru\n|-start|p1a: Oranguru|move: Taunt\n|move|p2b: Indeedee|Trick Room|p2b: Indeedee\n|-fieldend|move: Trick Room\n|\n|-weather|SunnyDay|[upkeep]\n|upkeep\n|turn|3\n|\n|t:|1682829711\n|switch|p1a: Gastrodon|Gastrodon, L50, M|100\/100\n|move|p2a: Gyarados|Waterfall|p1a: Gastrodon\n|-activate|p1a: Gastrodon|ability: Storm Drain\n|-ability|p1a: Gastrodon|Storm Drain|boost\n|-boost|p1a: Gastrodon|spa|1\n|move|p2b: Indeedee|Psychic|p1b: Torkoal\n|-damage|p1b: Torkoal|55\/100\n|move|p1b: Torkoal|Heat Wave|p2b: Indeedee|[spread] p2a,p2b\n|-resisted|p2a: Gyarados\n|-damage|p2a: Gyarados|7\/100\n|-damage|p2b: Indeedee|0 fnt\n|faint|p2b: Indeedee\n|\n|-weather|SunnyDay|[upkeep]\n|upkeep\n|\n|t:|1682829724\n|switch|p2b: Armarouge|Armarouge, L50, M|100\/100\n|turn|4\n|\n|t:|1682829735\n|-terastallize|p2a: Gyarados|Grass\n|move|p1b: Torkoal|Protect|p1b: Torkoal\n|-singleturn|p1b: Torkoal|Protect\n|move|p2a: Gyarados|Tera Blast|p1a: Gastrodon\n|-supereffective|p1a: Gastrodon\n|-damage|p1a: Gastrodon|0 fnt\n|faint|p1a: Gastrodon\n|move|p2b: Armarouge|Expanding Force|p1b: Torkoal\n|-activate|p1b: Torkoal|move: Protect\n|\n|-weather|SunnyDay|[upkeep]\n|upkeep\n|\n|t:|1682829749\n|switch|p1a: Roaring Moon|Roaring Moon, L50|100\/100\n|-activate|p1a: Roaring Moon|ability: Protosynthesis\n|-start|p1a: Roaring Moon|protosynthesisatk\n|turn|5\n|\n|t:|1682829769\n|switch|p1b: Oranguru|Oranguru, L50, F|100\/100\n|move|p1a: Roaring Moon|Earthquake|p2b: Armarouge|[spread] p1b,p2a,p2b\n|-resisted|p2a: Gyarados\n|-supereffective|p2b: Armarouge\n|-damage|p1b: Oranguru|66\/100\n|-damage|p2a: Gyarados|0 fnt\n|-damage|p2b: Armarouge|22\/100\n|-ability|p2b: Armarouge|Weak Armor|boost\n|-unboost|p2b: Armarouge|def|1\n|-boost|p2b: Armarouge|spe|2\n|-enditem|p2b: Armarouge|Weakness Policy\n|-boost|p2b: Armarouge|atk|2|[from] item: Weakness Policy\n|-boost|p2b: Armarouge|spa|2|[from] item: Weakness Policy\n|faint|p2a: Gyarados\n|move|p2b: Armarouge|Aura Sphere|p1a: Roaring Moon\n|-supereffective|p1a: Roaring Moon\n|-damage|p1a: Roaring Moon|0 fnt\n|faint|p1a: Roaring Moon\n|-end|p1a: Roaring Moon|Protosynthesis|[silent]\n|\n|-weather|SunnyDay|[upkeep]\n|-fieldend|move: Psychic Terrain\n|upkeep\n|\n|t:|1682829785\n|switch|p1a: Torkoal|Torkoal, L50, M|55\/100\n|switch|p2a: Sprigatito|Sprigatito, L50, F|100\/100\n|turn|6\n|c| GymLeader Avery|THERE IT IS\n|\n|t:|1682829811\n|move|p2a: Sprigatito|Helping Hand|p2b: Armarouge\n|-singleturn|p2b: Armarouge|Helping Hand|[of] p2a: Sprigatito\n|move|p2b: Armarouge|Heat Wave|p1b: Oranguru|[spread] p1a,p1b\n|-resisted|p1a: Torkoal\n|-damage|p1a: Torkoal|0 fnt\n|-damage|p1b: Oranguru|0 fnt\n|faint|p1a: Torkoal\n|faint|p1b: Oranguru\n|\n|win|sabre332\n|raw|Olecram2102's rating: 1160 → 1132<\/strong> (-28 for losing)\n|raw|sabre332's rating: 1123 → 1151<\/strong> (+28 for winning)\n","uploadtime":1682829821,"views":15,"p1id":"olecram2102","p2id":"sabre332","formatid":"gen9vgc2023regulationc","rating":1132,"private":0,"password":""}