{"id":"gen9vgc2023regulationc-1850520447","p1":"Puuuca","p2":"gorilnx","format":"[Gen 9] VGC 2023 Regulation C","log":"|j|\u2606Puuuca\n|j|\u2606gorilnx\n|t:|1682345263\n|gametype|doubles\n|player|p1|Puuuca|juggler|1082\n|player|p2|gorilnx|dawn-gen4pt|1121\n|teamsize|p1|6\n|teamsize|p2|6\n|gen|9\n|tier|[Gen 9] VGC 2023 Regulation C\n|rated|\n|rule|Species Clause: Limit one of each Pok\u00e9mon\n|rule|Item Clause: Limit one of each item\n|clearpoke\n|poke|p1|Dragonite, L50, F|\n|poke|p1|Ditto, L50|\n|poke|p1|Baxcalibur, L50, F|\n|poke|p1|Indeedee-F, L50, F|\n|poke|p1|Armarouge, L50, M|\n|poke|p1|Amoonguss, L50, F|\n|poke|p2|Abomasnow, L50, F|\n|poke|p2|Iron Bundle, L50|\n|poke|p2|Vivillon-Fancy, L50, F|\n|poke|p2|Ting-Lu, L50|\n|poke|p2|Annihilape, L50, M|\n|poke|p2|Chien-Pao, L50|\n|teampreview|4\n|inactive|Battle timer is ON: inactive players will automatically lose when time's up. (requested by gorilnx)\n|\n|t:|1682345278\n|start\n|switch|p1a: Shroomo|Amoonguss, L50, F|100\/100\n|switch|p1b: Ditt0|Dragonite, L50, F|100\/100\n|switch|p2a: Ting-Lu|Ting-Lu, L50|100\/100\n|switch|p2b: Vivillon|Vivillon-Fancy, L50, F|100\/100\n|-ability|p2a: Ting-Lu|Vessel of Ruin\n|turn|1\n|\n|t:|1682345298\n|move|p1b: Ditt0|Protect|p1b: Ditt0\n|-singleturn|p1b: Ditt0|Protect\n|move|p2b: Vivillon|Safeguard|p2b: Vivillon\n|-sidestart|p2: gorilnx|Safeguard\n|move|p2a: Ting-Lu|Throat Chop|p1b: Ditt0\n|-activate|p1b: Ditt0|move: Protect\n|move|p1a: Shroomo|Spore|p2a: Ting-Lu\n|-activate|p2a: Ting-Lu|move: Safeguard\n|\n|upkeep\n|turn|2\n|\n|t:|1682345316\n|switch|p1a: Dittoo|Ditto, L50, shiny|100\/100\n|-transform|p1a: Dittoo|p2b: Vivillon|[from] ability: Imposter\n|-terastallize|p1b: Ditt0|Flying\n|move|p2b: Vivillon|Pollen Puff|p1a: Dittoo\n|-resisted|p1a: Dittoo\n|-damage|p1a: Dittoo|68\/100\n|move|p1b: Ditt0|Ice Spinner|p2b: Vivillon\n|-supereffective|p2b: Vivillon\n|-enditem|p2b: Vivillon|Focus Sash\n|-damage|p2b: Vivillon|1\/100\n|move|p2a: Ting-Lu|Throat Chop|p1b: Ditt0\n|-damage|p1b: Ditt0|79\/100\n|-start|p1b: Ditt0|Throat Chop|[silent]\n|\n|-heal|p1a: Dittoo|74\/100|[from] item: Leftovers\n|upkeep\n|turn|3\n|\n|t:|1682345341\n|switch|p2b: Iron Bundle|Iron Bundle, L50|100\/100\n|-enditem|p2b: Iron Bundle|Booster Energy\n|-activate|p2b: Iron Bundle|ability: Quark Drive|[fromitem]\n|-start|p2b: Iron Bundle|quarkdrivespe\n|switch|p2a: Abomasnow|Abomasnow, L50, F|100\/100\n|-weather|Snow|[from] ability: Snow Warning|[of] p2a: Abomasnow\n|move|p1b: Ditt0|Extreme Speed|p2b: Iron Bundle\n|-damage|p2b: Iron Bundle|76\/100\n|move|p1a: Dittoo|Pollen Puff|p1b: Ditt0\n|-heal|p1b: Ditt0|100\/100\n|\n|-weather|Snow|[upkeep]\n|-heal|p1a: Dittoo|80\/100|[from] item: Leftovers\n|-end|p1b: Ditt0|Throat Chop|[silent]\n|upkeep\n|turn|4\n|\n|t:|1682345358\n|switch|p1b: Ditto0|Baxcalibur, L50, F|100\/100\n|move|p2b: Iron Bundle|Aurora Veil|p2b: Iron Bundle\n|-sidestart|p2: gorilnx|move: Aurora Veil\n|move|p1a: Dittoo|Safeguard|p1a: Dittoo\n|-sidestart|p1: Puuuca|Safeguard\n|move|p2a: Abomasnow|Blizzard|p1a: Dittoo|[spread] p1a,p1b\n|-supereffective|p1a: Dittoo\n|-damage|p1a: Dittoo|0 fnt\n|-damage|p1b: Ditto0|72\/100\n|faint|p1a: Dittoo\n|-damage|p2a: Abomasnow|91\/100|[from] item: Life Orb\n|\n|-weather|Snow|[upkeep]\n|upkeep\n|\n|t:|1682345378\n|switch|p1a: Ditt0|Dragonite, L50, F, tera:Flying|100\/100\n|turn|5\n|\n|t:|1682345391\n|move|p2a: Abomasnow|Helping Hand|p2b: Iron Bundle\n|-singleturn|p2b: Iron Bundle|Helping Hand|[of] p2a: Abomasnow\n|move|p2b: Iron Bundle|Blizzard|p1a: Ditt0|[spread] p1a,p1b\n|-supereffective|p1a: Ditt0\n|-damage|p1a: Ditt0|46\/100\n|-damage|p1b: Ditto0|22\/100\n|move|p1b: Ditto0|Glaive Rush|p2a: Abomasnow\n|-damage|p2a: Abomasnow|49\/100\n|-singlemove|p1b: Ditto0|Glaive Rush|[silent]\n|move|p1a: Ditt0|Tera Blast|p2b: Iron Bundle\n|-damage|p2b: Iron Bundle|45\/100\n|\n|-weather|Snow|[upkeep]\n|-sideend|p2: gorilnx|Safeguard\n|upkeep\n|turn|6\n|\n|t:|1682345405\n|move|p1b: Ditto0|Protect|p1b: Ditto0\n|-singleturn|p1b: Ditto0|Protect\n|move|p1a: Ditt0|Protect|p1a: Ditt0\n|-singleturn|p1a: Ditt0|Protect\n|move|p2a: Abomasnow|Ice Shard|p1b: Ditto0\n|-activate|p1b: Ditto0|move: Protect\n|move|p2b: Iron Bundle|Blizzard|p1b: Ditto0|[spread] \n|-activate|p1a: Ditt0|move: Protect\n|-activate|p1b: Ditto0|move: Protect\n|\n|-weather|Snow|[upkeep]\n|upkeep\n|turn|7\n|\n|t:|1682345416\n|move|p2a: Abomasnow|Ice Shard|p1b: Ditto0\n|-damage|p1b: Ditto0|12\/100\n|-damage|p2a: Abomasnow|39\/100|[from] item: Life Orb\n|move|p2b: Iron Bundle|Blizzard|p1a: Ditt0|[spread] p1a,p1b\n|-supereffective|p1a: Ditt0\n|-damage|p1a: Ditt0|0 fnt\n|-damage|p1b: Ditto0|0 fnt\n|faint|p1a: Ditt0\n|faint|p1b: Ditto0\n|\n|-weather|none\n|upkeep\n|\n|t:|1682345424\n|switch|p1b: Shroomo|Amoonguss, L50, F|100\/100\n|turn|8\n|-message|Puuuca forfeited.\n|\n|win|gorilnx\n|raw|Puuuca's rating: 1082 → 1062<\/strong> (-20 for losing)\n|raw|gorilnx's rating: 1121 → 1143<\/strong> (+22 for winning)\n|l|\u2606Puuuca\n","uploadtime":1682345432,"views":24,"p1id":"puuuca","p2id":"gorilnx","formatid":"gen9vgc2023regulationc","rating":1062,"private":0,"password":""}