{"id":"gen9vgc2023regulationc-1854967188","p1":"Gennarino98","p2":"Legion1412","format":"[Gen 9] VGC 2023 Regulation C","log":"|j|\u2606Gennarino98\n|j|\u2606Legion1412\n|t:|1682885938\n|gametype|doubles\n|player|p1|Gennarino98|baker|1172\n|player|p2|Legion1412|jasmine|1081\n|teamsize|p1|6\n|teamsize|p2|6\n|gen|9\n|tier|[Gen 9] VGC 2023 Regulation C\n|rated|\n|rule|Species Clause: Limit one of each Pok\u00e9mon\n|rule|Item Clause: Limit one of each item\n|clearpoke\n|poke|p1|Goodra, L50, M|\n|poke|p1|Arcanine, L50, M|\n|poke|p1|Dragonite, L50, M|\n|poke|p1|Chien-Pao, L50|\n|poke|p1|Flutter Mane, L50|\n|poke|p1|Amoonguss, L50, F|\n|poke|p2|Iron Treads, L50|\n|poke|p2|Corviknight, L50, F|\n|poke|p2|Tinkaton, L50, F|\n|poke|p2|Bronzong, L50|\n|poke|p2|Bisharp, L50, M|\n|poke|p2|Gholdengo, L50|\n|teampreview|4\n|inactive|Battle timer is ON: inactive players will automatically lose when time's up. (requested by Legion1412)\n|inactive|Legion1412 has 60 seconds left.\n|\n|t:|1682885975\n|start\n|switch|p1a: Goodra|Goodra, L50, M|100\/100\n|switch|p1b: Amoonguss|Amoonguss, L50, F|100\/100\n|switch|p2a: Bronzong|Bronzong, L50, shiny|100\/100\n|switch|p2b: Bisharp|Bisharp, L50, M, shiny|100\/100\n|turn|1\n|\n|t:|1682885992\n|move|p1a: Goodra|Flamethrower|p2a: Bronzong\n|-supereffective|p2a: Bronzong\n|-damage|p2a: Bronzong|80\/100\n|move|p2b: Bisharp|Taunt|p1b: Amoonguss\n|-start|p1b: Amoonguss|move: Taunt\n|move|p2a: Bronzong|Safeguard|p2a: Bronzong\n|-sidestart|p2: Legion1412|Safeguard\n|cant|p1b: Amoonguss|move: Taunt|Spore\n|\n|upkeep\n|turn|2\n|\n|t:|1682886008\n|move|p1a: Goodra|Flamethrower|p2b: Bisharp\n|-supereffective|p2b: Bisharp\n|-damage|p2b: Bisharp|64\/100\n|move|p2b: Bisharp|Torment|p1a: Goodra\n|-start|p1a: Goodra|Torment\n|move|p2a: Bronzong|Calm Mind|p2a: Bronzong\n|-boost|p2a: Bronzong|spa|1\n|-boost|p2a: Bronzong|spd|1\n|move|p1b: Amoonguss|Pollen Puff|p2a: Bronzong\n|-damage|p2a: Bronzong|69\/100\n|\n|upkeep\n|turn|3\n|\n|t:|1682886031\n|move|p1a: Goodra|Muddy Water|p2b: Bisharp|[spread] p2a\n|-miss|p1a: Goodra|p2b: Bisharp\n|-damage|p2a: Bronzong|59\/100\n|-unboost|p2a: Bronzong|accuracy|1\n|move|p2b: Bisharp|Metal Burst||[still]\n|-fail|p2b: Bisharp\n|move|p2a: Bronzong|Calm Mind|p2a: Bronzong\n|-boost|p2a: Bronzong|spa|1\n|-boost|p2a: Bronzong|spd|1\n|move|p1b: Amoonguss|Pollen Puff|p2a: Bronzong\n|-damage|p2a: Bronzong|52\/100\n|\n|-end|p1b: Amoonguss|move: Taunt\n|upkeep\n|turn|4\n|\n|t:|1682886054\n|move|p1a: Goodra|Flamethrower|p2a: Bronzong\n|-supereffective|p2a: Bronzong\n|-damage|p2a: Bronzong|39\/100\n|-enditem|p2a: Bronzong|Sitrus Berry|[eat]\n|-heal|p2a: Bronzong|64\/100|[from] item: Sitrus Berry\n|move|p2b: Bisharp|Taunt|p1b: Amoonguss\n|-start|p1b: Amoonguss|move: Taunt\n|move|p2a: Bronzong|Stored Power|p1b: Amoonguss|[miss]\n|-miss|p2a: Bronzong|p1b: Amoonguss\n|move|p1b: Amoonguss|Pollen Puff|p2a: Bronzong\n|-damage|p2a: Bronzong|56\/100\n|\n|upkeep\n|turn|5\n|inactive|Legion1412 has 30 seconds left.\n|\n|t:|1682886082\n|move|p2b: Bisharp|Sucker Punch|p1a: Goodra\n|-damage|p1a: Goodra|70\/100\n|move|p1a: Goodra|Muddy Water|p2a: Bronzong|[spread] p2a,p2b\n|-damage|p2a: Bronzong|48\/100\n|-damage|p2b: Bisharp|51\/100\n|-unboost|p2b: Bisharp|accuracy|1\n|-ability|p2b: Bisharp|Defiant|boost\n|-boost|p2b: Bisharp|atk|2\n|move|p2a: Bronzong|Stored Power|p1b: Amoonguss|[miss]\n|-miss|p2a: Bronzong|p1b: Amoonguss\n|move|p1b: Amoonguss|Pollen Puff|p2a: Bronzong\n|-damage|p2a: Bronzong|41\/100\n|\n|-sideend|p2: Legion1412|Safeguard\n|upkeep\n|turn|6\n|\n|t:|1682886104\n|move|p1a: Goodra|Flamethrower|p2a: Bronzong\n|-supereffective|p2a: Bronzong\n|-damage|p2a: Bronzong|30\/100\n|-status|p2a: Bronzong|brn\n|move|p2b: Bisharp|Metal Burst||[still]\n|-fail|p2b: Bisharp\n|move|p2a: Bronzong|Recycle|p2a: Bronzong\n|-item|p2a: Bronzong|Sitrus Berry|[from] move: Recycle\n|-enditem|p2a: Bronzong|Sitrus Berry|[eat]\n|-heal|p2a: Bronzong|55\/100 brn|[from] item: Sitrus Berry\n|move|p1b: Amoonguss|Pollen Puff|p2a: Bronzong\n|-damage|p2a: Bronzong|47\/100 brn\n|\n|-damage|p2a: Bronzong|44\/100 brn|[from] brn\n|-end|p1b: Amoonguss|move: Taunt\n|upkeep\n|turn|7\n|\n|t:|1682886128\n|move|p1a: Goodra|Muddy Water|p2a: Bronzong|[spread] p2b\n|-miss|p1a: Goodra|p2a: Bronzong\n|-damage|p2b: Bisharp|37\/100\n|move|p2b: Bisharp|Taunt|p1b: Amoonguss|[miss]\n|-miss|p2b: Bisharp|p1b: Amoonguss\n|move|p2a: Bronzong|Calm Mind|p2a: Bronzong\n|-boost|p2a: Bronzong|spa|1\n|-boost|p2a: Bronzong|spd|1\n|move|p1b: Amoonguss|Pollen Puff|p2a: Bronzong\n|-damage|p2a: Bronzong|38\/100 brn\n|\n|-damage|p2a: Bronzong|35\/100 brn|[from] brn\n|upkeep\n|turn|8\n|\n|t:|1682886148\n|move|p2b: Bisharp|Sucker Punch|p1b: Amoonguss\n|-damage|p1b: Amoonguss|50\/100\n|-damage|p2b: Bisharp|21\/100|[from] item: Rocky Helmet|[of] p1b: Amoonguss\n|move|p1a: Goodra|Flamethrower|p2b: Bisharp\n|-supereffective|p2b: Bisharp\n|-damage|p2b: Bisharp|0 fnt\n|faint|p2b: Bisharp\n|move|p2a: Bronzong|Safeguard|p2a: Bronzong\n|-sidestart|p2: Legion1412|Safeguard\n|move|p1b: Amoonguss|Pollen Puff|p2a: Bronzong\n|-damage|p2a: Bronzong|29\/100 brn\n|\n|-damage|p2a: Bronzong|26\/100 brn|[from] brn\n|upkeep\n|\n|t:|1682886161\n|switch|p2b: Tinkaton|Tinkaton, L50, F|100\/100\n|-ability|p2b: Tinkaton|Mold Breaker\n|turn|9\n|\n|t:|1682886171\n|switch|p1b: Arcanine|Arcanine, L50, M|100\/100\n|-ability|p1b: Arcanine|Intimidate|boost\n|-unboost|p2a: Bronzong|atk|1\n|-unboost|p2b: Tinkaton|atk|1\n|move|p2b: Tinkaton|Fake Out|p1a: Goodra\n|-damage|p1a: Goodra|64\/100\n|cant|p1a: Goodra|flinch\n|move|p2a: Bronzong|Recycle|p2a: Bronzong\n|-item|p2a: Bronzong|Sitrus Berry|[from] move: Recycle\n|-enditem|p2a: Bronzong|Sitrus Berry|[eat]\n|-heal|p2a: Bronzong|51\/100 brn|[from] item: Sitrus Berry\n|\n|-damage|p2a: Bronzong|48\/100 brn|[from] brn\n|upkeep\n|turn|10\n|\n|t:|1682886192\n|move|p1b: Arcanine|Snarl|p2b: Tinkaton|[spread] p2a,p2b\n|-supereffective|p2a: Bronzong\n|-resisted|p2b: Tinkaton\n|-crit|p2b: Tinkaton\n|-damage|p2a: Bronzong|42\/100 brn\n|-damage|p2b: Tinkaton|97\/100\n|-unboost|p2a: Bronzong|spa|1\n|-unboost|p2b: Tinkaton|spa|1\n|move|p2b: Tinkaton|Foul Play|p1b: Arcanine\n|-damage|p1b: Arcanine|76\/100\n|move|p1a: Goodra|Muddy Water|p2a: Bronzong|[spread] p2b\n|-miss|p1a: Goodra|p2a: Bronzong\n|-damage|p2b: Tinkaton|86\/100\n|move|p2a: Bronzong|Stored Power|p1b: Arcanine\n|-damage|p1b: Arcanine|24\/100\n|\n|-damage|p2a: Bronzong|40\/100 brn|[from] brn\n|upkeep\n|turn|11\n|\n|t:|1682886217\n|move|p1b: Arcanine|Flare Blitz|p2a: Bronzong\n|-supereffective|p2a: Bronzong\n|-damage|p2a: Bronzong|7\/100 brn\n|-damage|p1b: Arcanine|15\/100|[from] Recoil\n|move|p2b: Tinkaton|Skitter Smack|p1a: Goodra\n|-damage|p1a: Goodra|56\/100\n|-unboost|p1a: Goodra|spa|1\n|move|p1a: Goodra|Flamethrower|p2b: Tinkaton\n|-supereffective|p2b: Tinkaton\n|-damage|p2b: Tinkaton|66\/100\n|move|p2a: Bronzong|Recycle|p2a: Bronzong\n|-item|p2a: Bronzong|Sitrus Berry|[from] move: Recycle\n|-enditem|p2a: Bronzong|Sitrus Berry|[eat]\n|-heal|p2a: Bronzong|32\/100 brn|[from] item: Sitrus Berry\n|\n|-damage|p2a: Bronzong|29\/100 brn|[from] brn\n|upkeep\n|turn|12\n|inactive|Legion1412 has 30 seconds left.\n|\n|t:|1682886243\n|move|p1b: Arcanine|Will-O-Wisp|p2b: Tinkaton\n|-activate|p2b: Tinkaton|move: Safeguard\n|move|p2b: Tinkaton|Gigaton Hammer|p1a: Goodra\n|-damage|p1a: Goodra|27\/100\n|move|p1a: Goodra|Muddy Water|p2a: Bronzong|[spread] p2a,p2b\n|-damage|p2a: Bronzong|25\/100 brn\n|-damage|p2b: Tinkaton|59\/100\n|move|p2a: Bronzong|Recycle|p2a: Bronzong\n|-item|p2a: Bronzong|Sitrus Berry|[from] move: Recycle\n|-enditem|p2a: Bronzong|Sitrus Berry|[eat]\n|-heal|p2a: Bronzong|49\/100 brn|[from] item: Sitrus Berry\n|\n|-damage|p2a: Bronzong|46\/100 brn|[from] brn\n|-sideend|p2: Legion1412|Safeguard\n|upkeep\n|turn|13\n|\n|t:|1682886263\n|move|p1b: Arcanine|Will-O-Wisp|p2b: Tinkaton|[miss]\n|-miss|p1b: Arcanine|p2b: Tinkaton\n|move|p2b: Tinkaton|Foul Play|p1b: Arcanine\n|-damage|p1b: Arcanine|0 fnt\n|faint|p1b: Arcanine\n|move|p1a: Goodra|Flamethrower|p2b: Tinkaton\n|-supereffective|p2b: Tinkaton\n|-damage|p2b: Tinkaton|36\/100\n|move|p2a: Bronzong|Safeguard|p2a: Bronzong\n|-sidestart|p2: Legion1412|Safeguard\n|\n|-damage|p2a: Bronzong|44\/100 brn|[from] brn\n|upkeep\n|\n|t:|1682886273\n|switch|p1b: Dragonite|Dragonite, L50, M|100\/100\n|turn|14\n|\n|t:|1682886289\n|switch|p2b: Iron Treads|Iron Treads, L50|100\/100\n|-enditem|p2b: Iron Treads|Booster Energy\n|-activate|p2b: Iron Treads|ability: Quark Drive|[fromitem]\n|-start|p2b: Iron Treads|quarkdrivespe\n|move|p1b: Dragonite|Aerial Ace|p2b: Iron Treads\n|-resisted|p2b: Iron Treads\n|-damage|p2b: Iron Treads|80\/100\n|move|p1a: Goodra|Muddy Water|p2a: Bronzong|[spread] p2a,p2b\n|-supereffective|p2b: Iron Treads\n|-damage|p2a: Bronzong|39\/100 brn\n|-damage|p2b: Iron Treads|42\/100\n|-unboost|p2b: Iron Treads|accuracy|1\n|move|p2a: Bronzong|Recycle|p2a: Bronzong\n|-item|p2a: Bronzong|Sitrus Berry|[from] move: Recycle\n|-enditem|p2a: Bronzong|Sitrus Berry|[eat]\n|-heal|p2a: Bronzong|64\/100 brn|[from] item: Sitrus Berry\n|\n|-damage|p2a: Bronzong|61\/100 brn|[from] brn\n|upkeep\n|turn|15\n|inactive|Legion1412 has 30 seconds left.\n|\n|t:|1682886317\n|move|p2b: Iron Treads|Protect|p2b: Iron Treads\n|-singleturn|p2b: Iron Treads|Protect\n|move|p1b: Dragonite|Aerial Ace|p2a: Bronzong\n|-resisted|p2a: Bronzong\n|-damage|p2a: Bronzong|43\/100 brn\n|move|p1a: Goodra|Flamethrower|p2a: Bronzong\n|-supereffective|p2a: Bronzong\n|-damage|p2a: Bronzong|35\/100 brn\n|move|p2a: Bronzong|Stored Power|p1b: Dragonite\n|-damage|p1b: Dragonite|28\/100\n|\n|-damage|p2a: Bronzong|32\/100 brn|[from] brn\n|upkeep\n|turn|16\n|\n|t:|1682886339\n|move|p2b: Iron Treads|Rock Slide|p1b: Dragonite|[spread] p1a,p1b\n|-supereffective|p1b: Dragonite\n|-damage|p1a: Goodra|8\/100\n|-damage|p1b: Dragonite|0 fnt\n|faint|p1b: Dragonite\n|move|p1a: Goodra|Muddy Water|p2b: Iron Treads|[spread] p2a,p2b\n|-supereffective|p2b: Iron Treads\n|-damage|p2a: Bronzong|28\/100 brn\n|-damage|p2b: Iron Treads|2\/100\n|-unboost|p2a: Bronzong|accuracy|1\n|move|p2a: Bronzong|Recycle|p2a: Bronzong\n|-item|p2a: Bronzong|Sitrus Berry|[from] move: Recycle\n|-enditem|p2a: Bronzong|Sitrus Berry|[eat]\n|-heal|p2a: Bronzong|53\/100 brn|[from] item: Sitrus Berry\n|\n|-damage|p2a: Bronzong|50\/100 brn|[from] brn\n|upkeep\n|\n|t:|1682886352\n|switch|p1b: Amoonguss|Amoonguss, L50, F|83\/100\n|turn|17\n|\n|t:|1682886369\n|move|p2b: Iron Treads|Protect|p2b: Iron Treads\n|-singleturn|p2b: Iron Treads|Protect\n|move|p1a: Goodra|Flamethrower|p2a: Bronzong\n|-supereffective|p2a: Bronzong\n|-damage|p2a: Bronzong|43\/100 brn\n|move|p2a: Bronzong|Safeguard||[still]\n|-fail|p2a: Bronzong\n|move|p1b: Amoonguss|Pollen Puff|p1a: Goodra\n|-heal|p1a: Goodra|57\/100\n|\n|-damage|p2a: Bronzong|40\/100 brn|[from] brn\n|-sideend|p2: Legion1412|Safeguard\n|upkeep\n|turn|18\n|\n|t:|1682886388\n|move|p2b: Iron Treads|Stomping Tantrum|p1b: Amoonguss\n|-damage|p1b: Amoonguss|53\/100\n|-damage|p2b: Iron Treads|0 fnt|[from] item: Rocky Helmet|[of] p1b: Amoonguss\n|faint|p2b: Iron Treads\n|-end|p2b: Iron Treads|Quark Drive|[silent]\n|move|p1a: Goodra|Muddy Water|p2a: Bronzong\n|-damage|p2a: Bronzong|34\/100 brn\n|move|p2a: Bronzong|Safeguard|p2a: Bronzong\n|-sidestart|p2: Legion1412|Safeguard\n|move|p1b: Amoonguss|Pollen Puff|p1a: Goodra\n|-heal|p1a: Goodra|100\/100\n|\n|-damage|p2a: Bronzong|32\/100 brn|[from] brn\n|upkeep\n|\n|t:|1682886400\n|switch|p2b: Tinkaton|Tinkaton, L50, F|36\/100\n|-ability|p2b: Tinkaton|Mold Breaker\n|turn|19\n|\n|t:|1682886423\n|-terastallize|p2b: Tinkaton|Steel\n|move|p2b: Tinkaton|Fake Out|p1a: Goodra\n|-damage|p1a: Goodra|93\/100\n|cant|p1a: Goodra|flinch\n|move|p2a: Bronzong|Recycle|p2a: Bronzong\n|-item|p2a: Bronzong|Sitrus Berry|[from] move: Recycle\n|-enditem|p2a: Bronzong|Sitrus Berry|[eat]\n|-heal|p2a: Bronzong|56\/100 brn|[from] item: Sitrus Berry\n|move|p1b: Amoonguss|Pollen Puff|p2a: Bronzong\n|-damage|p2a: Bronzong|50\/100 brn\n|\n|-damage|p2a: Bronzong|48\/100 brn|[from] brn\n|upkeep\n|turn|20\n|\n|t:|1682886448\n|move|p2b: Tinkaton|Skitter Smack|p1a: Goodra\n|-damage|p1a: Goodra|81\/100\n|-unboost|p1a: Goodra|spa|1\n|move|p1a: Goodra|Flamethrower|p2b: Tinkaton\n|-supereffective|p2b: Tinkaton\n|-damage|p2b: Tinkaton|17\/100\n|move|p2a: Bronzong|Stored Power|p1b: Amoonguss\n|-supereffective|p1b: Amoonguss\n|-damage|p1b: Amoonguss|0 fnt\n|faint|p1b: Amoonguss\n|\n|-damage|p2a: Bronzong|45\/100 brn|[from] brn\n|upkeep\n|turn|21\n|\n|t:|1682886464\n|move|p2b: Tinkaton|Gigaton Hammer|p1a: Goodra\n|-damage|p1a: Goodra|25\/100\n|move|p1a: Goodra|Muddy Water|p2b: Tinkaton|[spread] p2b\n|-miss|p1a: Goodra|p2a: Bronzong\n|-damage|p2b: Tinkaton|11\/100\n|-unboost|p2b: Tinkaton|accuracy|1\n|move|p2a: Bronzong|Recycle|p2a: Bronzong\n|-item|p2a: Bronzong|Sitrus Berry|[from] move: Recycle\n|-enditem|p2a: Bronzong|Sitrus Berry|[eat]\n|-heal|p2a: Bronzong|69\/100 brn|[from] item: Sitrus Berry\n|\n|-damage|p2a: Bronzong|67\/100 brn|[from] brn\n|upkeep\n|turn|22\n|inactive|Legion1412 has 30 seconds left.\n|\n|t:|1682886488\n|move|p2b: Tinkaton|Foul Play|p1a: Goodra|[miss]\n|-miss|p2b: Tinkaton|p1a: Goodra\n|move|p1a: Goodra|Flamethrower|p2b: Tinkaton\n|-supereffective|p2b: Tinkaton\n|-damage|p2b: Tinkaton|0 fnt\n|faint|p2b: Tinkaton\n|move|p2a: Bronzong|Calm Mind|p2a: Bronzong\n|-boost|p2a: Bronzong|spa|1\n|-boost|p2a: Bronzong|spd|1\n|\n|-damage|p2a: Bronzong|64\/100 brn|[from] brn\n|-sideend|p2: Legion1412|Safeguard\n|upkeep\n|turn|23\n|inactive|Legion1412 has 25 seconds left this turn.\n|inactive|Legion1412 has 20 seconds left.\n|inactive|Legion1412 has 15 seconds left.\n|\n|t:|1682886508\n|-terastallize|p1a: Goodra|Water\n|move|p1a: Goodra|Muddy Water|p2a: Bronzong\n|-damage|p2a: Bronzong|58\/100 brn\n|move|p2a: Bronzong|Stored Power|p1a: Goodra\n|-damage|p1a: Goodra|0 fnt\n|faint|p1a: Goodra\n|\n|win|Legion1412\n|inactive|Legion1412 has 15 seconds left this turn.\n|raw|Gennarino98's rating: 1172 → 1141<\/strong> (-31 for losing)\n|raw|Legion1412's rating: 1081 → 1116<\/strong> (+35 for winning)\n|l|\u2606Gennarino98\n","uploadtime":1682886531,"views":10,"p1id":"gennarino98","p2id":"legion1412","formatid":"gen9vgc2023regulationc","rating":1116,"private":0,"password":""}