{"id":"gen9vgc2023regulationc-1856253256","p1":"hit my whip","p2":"Inwaves22","format":"[Gen 9] VGC 2023 Regulation C","log":"|j|\u2606hit my whip\n|j|\u2606Inwaves22\n|t:|1683044867\n|gametype|doubles\n|player|p1|hit my whip|acetrainerf-gen4dp|1320\n|player|p2|Inwaves22|falkner|1315\n|teamsize|p1|6\n|teamsize|p2|6\n|gen|9\n|tier|[Gen 9] VGC 2023 Regulation C\n|rated|\n|rule|Species Clause: Limit one of each Pok\u00e9mon\n|rule|Item Clause: Limit one of each item\n|clearpoke\n|poke|p1|Pincurchin, L50, F|\n|poke|p1|Iron Jugulis, L50|\n|poke|p1|Iron Valiant, L50|\n|poke|p1|Gastrodon, L50, M|\n|poke|p1|Iron Hands, L50|\n|poke|p1|Flutter Mane, L50|\n|poke|p2|Glimmora, L50, M|\n|poke|p2|Chi-Yu, L50|\n|poke|p2|Flutter Mane, L50|\n|poke|p2|Dragonite, L50, M|\n|poke|p2|Dondozo, L50, M|\n|poke|p2|Tatsugiri, L50, M|\n|teampreview|4\n|inactive|Battle timer is ON: inactive players will automatically lose when time's up. (requested by hit my whip)\n|\n|t:|1683044895\n|start\n|switch|p1a: Iron Jugulis|Iron Jugulis, L50|100\/100\n|switch|p1b: him|Pincurchin, L50, F|100\/100\n|switch|p2a: Dondozo|Dondozo, L50, M|100\/100\n|switch|p2b: Glimmora|Glimmora, L50, M|100\/100\n|-fieldstart|move: Electric Terrain|[from] ability: Electric Surge|[of] p1b: him\n|-activate|p1a: Iron Jugulis|ability: Quark Drive\n|-start|p1a: Iron Jugulis|quarkdrivespe\n|turn|1\n|inactive|hit my whip has 30 seconds left.\n|inactive|hit my whip has 20 seconds left.\n|inactive|hit my whip has 15 seconds left.\n|\n|t:|1683044938\n|move|p1a: Iron Jugulis|Dark Pulse|p2b: Glimmora\n|-damage|p2b: Glimmora|36\/100\n|-damage|p1a: Iron Jugulis|91\/100|[from] item: Life Orb\n|cant|p2b: Glimmora|flinch\n|move|p2a: Dondozo|Yawn|p1a: Iron Jugulis\n|-start|p1a: Iron Jugulis|move: Yawn|[of] p2a: Dondozo\n|move|p1b: him|Wild Charge|p2a: Dondozo\n|-supereffective|p2a: Dondozo\n|-damage|p2a: Dondozo|25\/100\n|-enditem|p2a: Dondozo|Sitrus Berry|[eat]\n|-heal|p2a: Dondozo|50\/100|[from] item: Sitrus Berry\n|-damage|p1b: him|69\/100|[from] Recoil\n|\n|upkeep\n|turn|2\n|inactive|Inwaves22 has 30 seconds left.\n|inactive|Inwaves22 has 20 seconds left.\n|\n|t:|1683044976\n|-terastallize|p1a: Iron Jugulis|Poison\n|move|p1a: Iron Jugulis|Dark Pulse|p2b: Glimmora\n|-damage|p2b: Glimmora|0 fnt\n|faint|p2b: Glimmora\n|-damage|p1a: Iron Jugulis|81\/100|[from] item: Life Orb\n|move|p2a: Dondozo|Bulldoze|p1a: Iron Jugulis|[spread] p1a,p1b\n|-supereffective|p1a: Iron Jugulis\n|-supereffective|p1b: him\n|-damage|p1a: Iron Jugulis|59\/100\n|-damage|p1b: him|44\/100\n|-unboost|p1a: Iron Jugulis|spe|1\n|-unboost|p1b: him|spe|1\n|move|p1b: him|Wild Charge|p2a: Dondozo\n|-supereffective|p2a: Dondozo\n|-damage|p2a: Dondozo|0 fnt\n|faint|p2a: Dondozo\n|-damage|p1b: him|24\/100|[from] Recoil\n|\n|-end|p1a: Iron Jugulis|move: Yawn|[silent]\n|-activate|p1a: Iron Jugulis|move: Electric Terrain\n|upkeep\n|\n|t:|1683044992\n|switch|p2b: Flutter Mane|Flutter Mane, L50|100\/100\n|switch|p2a: Chi-Yu|Chi-Yu, L50|100\/100\n|-ability|p2a: Chi-Yu|Beads of Ruin\n|-enditem|p2b: Flutter Mane|Booster Energy\n|-activate|p2b: Flutter Mane|ability: Protosynthesis|[fromitem]\n|-start|p2b: Flutter Mane|protosynthesisspe\n|turn|3\n|\n|t:|1683045006\n|-end|p1a: Iron Jugulis|Quark Drive|[silent]\n|switch|p1a: Gastrodon|Gastrodon, L50, M|100\/100\n|move|p2b: Flutter Mane|Protect|p2b: Flutter Mane\n|-singleturn|p2b: Flutter Mane|Protect\n|move|p2a: Chi-Yu|Protect|p2a: Chi-Yu\n|-singleturn|p2a: Chi-Yu|Protect\n|move|p1b: him|Sucker Punch||[still]\n|-fail|p1b: him\n|\n|upkeep\n|turn|4\n|inactive|Inwaves22 has 30 seconds left.\n|\n|t:|1683045036\n|-terastallize|p2a: Chi-Yu|Grass\n|move|p1b: him|Sucker Punch|p2a: Chi-Yu\n|-damage|p2a: Chi-Yu|69\/100\n|move|p2b: Flutter Mane|Substitute|p2b: Flutter Mane\n|-start|p2b: Flutter Mane|Substitute\n|-damage|p2b: Flutter Mane|76\/100\n|move|p2a: Chi-Yu|Tera Blast|p1a: Gastrodon\n|-supereffective|p1a: Gastrodon\n|-damage|p1a: Gastrodon|0 fnt\n|faint|p1a: Gastrodon\n|\n|upkeep\n|\n|t:|1683045049\n|switch|p1a: Iron Jugulis|Iron Jugulis, L50, tera:Poison|59\/100\n|-activate|p1a: Iron Jugulis|ability: Quark Drive\n|-start|p1a: Iron Jugulis|quarkdrivespe\n|turn|5\n|\n|t:|1683045063\n|move|p1b: him|Sucker Punch|p2b: Flutter Mane\n|-end|p2b: Flutter Mane|Substitute\n|move|p2b: Flutter Mane|Hex|p1a: Iron Jugulis\n|-damage|p1a: Iron Jugulis|9\/100\n|move|p1a: Iron Jugulis|Tailwind|p1a: Iron Jugulis\n|-sidestart|p1: hit my whip|move: Tailwind\n|move|p2a: Chi-Yu|Dark Pulse|p1b: him\n|-damage|p1b: him|0 fnt\n|faint|p1b: him\n|\n|upkeep\n|\n|t:|1683045071\n|switch|p1b: Iron Valiant|Iron Valiant, L50|100\/100\n|-activate|p1b: Iron Valiant|ability: Quark Drive\n|-start|p1b: Iron Valiant|quarkdriveatk\n|turn|6\n|\n|t:|1683045086\n|move|p2a: Chi-Yu|Protect|p2a: Chi-Yu\n|-singleturn|p2a: Chi-Yu|Protect\n|move|p1a: Iron Jugulis|Air Slash|p2a: Chi-Yu\n|-activate|p2a: Chi-Yu|move: Protect\n|move|p1b: Iron Valiant|Spirit Break|p2b: Flutter Mane\n|-damage|p2b: Flutter Mane|0 fnt\n|faint|p2b: Flutter Mane\n|-end|p2b: Flutter Mane|Protosynthesis|[silent]\n|\n|upkeep\n|turn|7\n|\n|t:|1683045102\n|move|p1a: Iron Jugulis|Dark Pulse|p2a: Chi-Yu\n|-damage|p2a: Chi-Yu|22\/100\n|-damage|p1a: Iron Jugulis|0 fnt|[from] item: Life Orb\n|faint|p1a: Iron Jugulis\n|-end|p1a: Iron Jugulis|Quark Drive|[silent]\n|move|p1b: Iron Valiant|Spirit Break|p2a: Chi-Yu\n|-damage|p2a: Chi-Yu|0 fnt\n|faint|p2a: Chi-Yu\n|\n|win|hit my whip\n|raw|hit my whip's rating: 1320 → 1340<\/strong> (+20 for winning)\n|raw|Inwaves22's rating: 1315 → 1295<\/strong> (-20 for losing)\n|l|\u2606hit my whip\n","uploadtime":1683045125,"views":10,"p1id":"hitmywhip","p2id":"inwaves22","formatid":"gen9vgc2023regulationc","rating":1295,"private":0,"password":""}