{"id":"gen9vgc2023regulationc-1844997137","p1":"CJCUTest","p2":"RomanTogepi","format":"[Gen 9] VGC 2023 Regulation C","log":"|j|\u2606CJCUTest\n|j|\u2606RomanTogepi\n|t:|1681672299\n|gametype|doubles\n|player|p1|CJCUTest|iono|1108\n|player|p2|RomanTogepi|palmer|1184\n|teamsize|p1|6\n|teamsize|p2|6\n|gen|9\n|tier|[Gen 9] VGC 2023 Regulation C\n|rated|\n|rule|Species Clause: Limit one of each Pok\u00e9mon\n|rule|Item Clause: Limit one of each item\n|clearpoke\n|poke|p1|Dragonite, L50, F|\n|poke|p1|Chi-Yu, L50|\n|poke|p1|Palafin, L50, M|\n|poke|p1|Amoonguss, L50, M|\n|poke|p1|Flutter Mane, L50|\n|poke|p1|Arcanine, L50, F|\n|poke|p2|Mimikyu, L50, M|\n|poke|p2|Ting-Lu, L50|\n|poke|p2|Dragonite, L50, M|\n|poke|p2|Torkoal, L50, M|\n|poke|p2|Scream Tail, L50|\n|poke|p2|Chi-Yu, L50|\n|teampreview|4\n|inactive|Battle timer is ON: inactive players will automatically lose when time's up. (requested by RomanTogepi)\nRomanTogepi rejected open team sheets.\n|\n|t:|1681672325\n|start\n|switch|p1a: Flutter Mane|Flutter Mane, L50|100\/100\n|switch|p1b: Palafin|Palafin, L50, M|100\/100\n|switch|p2a: Scream Tail|Scream Tail, L50|100\/100\n|switch|p2b: Dragonite|Dragonite, L50, M|100\/100\n|-enditem|p2a: Scream Tail|Booster Energy\n|-activate|p2a: Scream Tail|ability: Protosynthesis|[fromitem]\n|-start|p2a: Scream Tail|protosynthesisspe\n|turn|1\n|\n|t:|1681672342\n|-terastallize|p2b: Dragonite|Flying\n|move|p1b: Palafin|Jet Punch|p2b: Dragonite\n|-damage|p2b: Dragonite|73\/100\n|move|p2a: Scream Tail|Howl|p2a: Scream Tail|[spread] p2a,p2b\n|-boost|p2a: Scream Tail|atk|1\n|-boost|p2b: Dragonite|atk|1\n|move|p1a: Flutter Mane|Dazzling Gleam|p2b: Dragonite|[spread] p2a,p2b\n|-damage|p2a: Scream Tail|65\/100\n|-damage|p2b: Dragonite|28\/100\n|move|p2b: Dragonite|Tera Blast|p1b: Palafin\n|-crit|p1b: Palafin\n|-damage|p1b: Palafin|0 fnt\n|faint|p1b: Palafin\n|\n|upkeep\n|\n|t:|1681672359\n|switch|p1b: Dragonite|Dragonite, L50, F|100\/100\n|turn|2\n|\n|t:|1681672386\n|switch|p2b: Ting-Lu|Ting-Lu, L50|100\/100\n|-ability|p2b: Ting-Lu|Vessel of Ruin\n|move|p2a: Scream Tail|Disable|p1a: Flutter Mane\n|-start|p1a: Flutter Mane|Disable|Dazzling Gleam\n|cant|p1a: Flutter Mane|Disable|Dazzling Gleam\n|move|p1b: Dragonite|Rock Slide|p2a: Scream Tail|[spread] p2a,p2b\n|-resisted|p2b: Ting-Lu\n|-damage|p2a: Scream Tail|47\/100\n|-damage|p2b: Ting-Lu|95\/100\n|\n|upkeep\n|turn|3\n|\n|t:|1681672409\n|-end|p1a: Flutter Mane|Protosynthesis|[silent]\n|switch|p1a: Arcanine|Arcanine, L50, F|100\/100\n|-ability|p1a: Arcanine|Intimidate|boost\n|-unboost|p2a: Scream Tail|atk|1\n|-unboost|p2b: Ting-Lu|atk|1\n|-terastallize|p1b: Dragonite|Flying\n|move|p2a: Scream Tail|Encore|p1b: Dragonite\n|-start|p1b: Dragonite|Encore\n|move|p1b: Dragonite|Rock Slide|p2a: Scream Tail|[spread] p2a,p2b\n|-resisted|p2b: Ting-Lu\n|-damage|p2a: Scream Tail|30\/100\n|-damage|p2b: Ting-Lu|89\/100\n|move|p2b: Ting-Lu|Stomping Tantrum|p1a: Arcanine\n|-supereffective|p1a: Arcanine\n|-damage|p1a: Arcanine|41\/100\n|\n|upkeep\n|turn|4\n|inactive|CJCUTest has 30 seconds left.\n|\n|t:|1681672436\n|move|p2a: Scream Tail|Play Rough|p1b: Dragonite\n|-damage|p1b: Dragonite|88\/100\n|move|p1a: Arcanine|Will-O-Wisp|p2b: Ting-Lu|[miss]\n|-miss|p1a: Arcanine|p2b: Ting-Lu\n|move|p1b: Dragonite|Rock Slide|p2b: Ting-Lu|[spread] p2a,p2b\n|-resisted|p2b: Ting-Lu\n|-damage|p2a: Scream Tail|13\/100\n|-damage|p2b: Ting-Lu|83\/100\n|move|p2b: Ting-Lu|Stomping Tantrum|p1a: Arcanine\n|-supereffective|p1a: Arcanine\n|-damage|p1a: Arcanine|0 fnt\n|faint|p1a: Arcanine\n|\n|upkeep\n|\n|t:|1681672447\n|switch|p1a: Flutter Mane|Flutter Mane, L50|100\/100\n|turn|5\n|\n|t:|1681672456\n|move|p2a: Scream Tail|Play Rough|p1a: Flutter Mane\n|-damage|p1a: Flutter Mane|48\/100\n|move|p1a: Flutter Mane|Dazzling Gleam|p2b: Ting-Lu|[spread] p2a,p2b\n|-supereffective|p2b: Ting-Lu\n|-damage|p2a: Scream Tail|0 fnt\n|-damage|p2b: Ting-Lu|42\/100\n|faint|p2a: Scream Tail\n|-end|p2a: Scream Tail|Protosynthesis|[silent]\n|move|p1b: Dragonite|Rock Slide|p2b: Ting-Lu\n|-resisted|p2b: Ting-Lu\n|-damage|p2b: Ting-Lu|34\/100\n|move|p2b: Ting-Lu|Heavy Slam|p1a: Flutter Mane\n|-supereffective|p1a: Flutter Mane\n|-damage|p1a: Flutter Mane|0 fnt\n|faint|p1a: Flutter Mane\n|-end|p1a: Flutter Mane|Protosynthesis|[silent]\n|\n|-end|p1b: Dragonite|Encore\n|upkeep\n|\n|t:|1681672477\n|switch|p2a: Chi-Yu|Chi-Yu, L50|100\/100\n|-ability|p2a: Chi-Yu|Beads of Ruin\n|turn|6\n|\n|t:|1681672488\n|switch|p2b: Dragonite|Dragonite, L50, M, tera:Flying|28\/100\n|move|p2a: Chi-Yu|Flamethrower|p1b: Dragonite\n|-damage|p1b: Dragonite|26\/100\n|move|p1b: Dragonite|Rock Slide|p2b: Dragonite|[spread] p2a,p2b\n|-supereffective|p2a: Chi-Yu\n|-crit|p2a: Chi-Yu\n|-supereffective|p2b: Dragonite\n|-enditem|p2a: Chi-Yu|Focus Sash\n|-damage|p2a: Chi-Yu|1\/100\n|-damage|p2b: Dragonite|0 fnt\n|faint|p2b: Dragonite\n|\n|upkeep\n|\n|t:|1681672499\n|switch|p2b: Ting-Lu|Ting-Lu, L50|34\/100\n|-ability|p2b: Ting-Lu|Vessel of Ruin\n|turn|7\n|\n|t:|1681672506\n|move|p1b: Dragonite|Extreme Speed|p2a: Chi-Yu\n|-damage|p2a: Chi-Yu|0 fnt\n|faint|p2a: Chi-Yu\n|move|p2b: Ting-Lu|Throat Chop|p1b: Dragonite\n|-damage|p1b: Dragonite|0 fnt\n|faint|p1b: Dragonite\n|\n|win|RomanTogepi\n|raw|CJCUTest's rating: 1108 → 1088<\/strong> (-20 for losing)\n|raw|RomanTogepi's rating: 1184 → 1204<\/strong> (+20 for winning)\n","uploadtime":1681672514,"views":5,"p1id":"cjcutest","p2id":"romantogepi","formatid":"gen9vgc2023regulationc","rating":1088,"private":0,"password":""}