{"id":"gen9vgc2023regulationc-1861380181","p1":"random168","p2":"wackomarko","format":"[Gen 9] VGC 2023 Regulation C","log":"|j|\u2606random168\n|j|\u2606wackomarko\n|t:|1683751456\n|gametype|doubles\n|player|p1|random168|102|1000\n|player|p2|wackomarko|hiker-gen4|1000\n|teamsize|p1|6\n|teamsize|p2|6\n|gen|9\n|tier|[Gen 9] VGC 2023 Regulation C\n|rated|\n|rule|Species Clause: Limit one of each Pok\u00e9mon\n|rule|Item Clause: Limit one of each item\n|clearpoke\n|poke|p1|Orthworm, L50, F|\n|poke|p1|Quaquaval, L50, F|\n|poke|p1|Sylveon, L50, M|\n|poke|p1|Ceruledge, L50, M|\n|poke|p1|Kilowattrel, L50, F|\n|poke|p1|Garchomp, L50, F|\n|poke|p2|Talonflame, L50, M|\n|poke|p2|Amoonguss, L50, M|\n|poke|p2|Flutter Mane, L50|\n|poke|p2|Chien-Pao, L50|\n|poke|p2|Gyarados, L50, F|\n|poke|p2|Dragapult, L50, M|\n|teampreview|4\nwackomarko has agreed to open team sheets.\n|\n|t:|1683751517\n|start\n|switch|p1a: Sylveon|Sylveon, L50, M|100\/100\n|switch|p1b: Kilowattrel|Kilowattrel, L50, F|100\/100\n|switch|p2a: Talonflame|Talonflame, L50, M, shiny|100\/100\n|switch|p2b: Dragapult|Dragapult, L50, M, shiny|100\/100\n|turn|1\n|\n|t:|1683751553\n|move|p2a: Talonflame|Tailwind|p2a: Talonflame\n|-sidestart|p2: wackomarko|move: Tailwind\n|move|p2b: Dragapult|U-turn|p1a: Sylveon\n|-resisted|p1a: Sylveon\n|-damage|p1a: Sylveon|80\/100\n|\n|t:|1683751563\n|switch|p2b: Flutter Mane|Flutter Mane, L50, shiny|100\/100|[from] U-turn\n|move|p1b: Kilowattrel|Tailwind|p1b: Kilowattrel\n|-sidestart|p1: random168|move: Tailwind\n|move|p1a: Sylveon|Hyper Voice|p2b: Flutter Mane|[spread] p2a,p2b\n|-resisted|p2a: Talonflame\n|-damage|p2a: Talonflame|76\/100\n|-damage|p2b: Flutter Mane|68\/100\n|-enditem|p1a: Sylveon|Throat Spray\n|-boost|p1a: Sylveon|spa|1|[from] item: Throat Spray\n|\n|upkeep\n|turn|2\n|\n|t:|1683751586\n|move|p2a: Talonflame|Will-O-Wisp|p1a: Sylveon\n|-status|p1a: Sylveon|brn\n|move|p1b: Kilowattrel|Thunderbolt|p2a: Talonflame\n|-supereffective|p2a: Talonflame\n|-damage|p2a: Talonflame|0 fnt\n|faint|p2a: Talonflame\n|move|p2b: Flutter Mane|Shadow Ball|p1a: Sylveon\n|-damage|p1a: Sylveon|44\/100 brn\n|-damage|p2b: Flutter Mane|58\/100|[from] item: Life Orb\n|move|p1a: Sylveon|Yawn|p2b: Flutter Mane\n|-start|p2b: Flutter Mane|move: Yawn|[of] p1a: Sylveon\n|\n|-damage|p1a: Sylveon|38\/100 brn|[from] brn\n|upkeep\n|\n|t:|1683751611\n|switch|p2a: Chien-Pao|Chien-Pao, L50|100\/100\n|-ability|p2a: Chien-Pao|Sword of Ruin\n|turn|3\n|\n|t:|1683751656\n|move|p1b: Kilowattrel|Protect|p1b: Kilowattrel\n|-singleturn|p1b: Kilowattrel|Protect\n|move|p2a: Chien-Pao|Ice Spinner|p1b: Kilowattrel\n|-activate|p1b: Kilowattrel|move: Protect\n|move|p2b: Flutter Mane|Dazzling Gleam|p1b: Kilowattrel|[spread] p1a\n|-activate|p1b: Kilowattrel|move: Protect\n|-damage|p1a: Sylveon|11\/100 brn\n|-damage|p2b: Flutter Mane|49\/100|[from] item: Life Orb\n|move|p1a: Sylveon|Yawn|p2a: Chien-Pao\n|-start|p2a: Chien-Pao|move: Yawn|[of] p1a: Sylveon\n|\n|-damage|p1a: Sylveon|5\/100 brn|[from] brn\n|-end|p2b: Flutter Mane|move: Yawn|[silent]\n|-status|p2b: Flutter Mane|slp\n|upkeep\n|turn|4\n|\n|t:|1683751680\n|move|p2a: Chien-Pao|Ice Spinner|p1b: Kilowattrel\n|-supereffective|p1b: Kilowattrel\n|-enditem|p1b: Kilowattrel|Focus Sash\n|-damage|p1b: Kilowattrel|1\/100\n|move|p1b: Kilowattrel|Thunderbolt|p2b: Flutter Mane\n|-damage|p2b: Flutter Mane|11\/100 slp\n|cant|p2b: Flutter Mane|slp\n|move|p1a: Sylveon|Hyper Voice|p2b: Flutter Mane|[spread] p2a,p2b\n|-supereffective|p2a: Chien-Pao\n|-enditem|p2a: Chien-Pao|Focus Sash\n|-damage|p2a: Chien-Pao|1\/100\n|-damage|p2b: Flutter Mane|0 fnt\n|faint|p2b: Flutter Mane\n|-end|p2b: Flutter Mane|Protosynthesis|[silent]\n|\n|-damage|p1a: Sylveon|0 fnt|[from] brn\n|faint|p1a: Sylveon\n|-end|p2a: Chien-Pao|move: Yawn|[silent]\n|-status|p2a: Chien-Pao|slp\n|-sideend|p2: wackomarko|move: Tailwind\n|-sideend|p1: random168|move: Tailwind\n|upkeep\n|\n|t:|1683751699\n|switch|p2b: Dragapult|Dragapult, L50, M, shiny|100\/100\n|switch|p1a: Orthworm|Orthworm, L50, F|100\/100\n|turn|5\n|\n|t:|1683751726\n|-terastallize|p2b: Dragapult|Dragon\n|move|p1b: Kilowattrel|Protect|p1b: Kilowattrel\n|-singleturn|p1b: Kilowattrel|Protect\n|cant|p2a: Chien-Pao|slp\n|move|p2b: Dragapult|Dragon Darts|p1a: Orthworm\n|-resisted|p1a: Orthworm\n|-damage|p1a: Orthworm|78\/100\n|-anim|p2b: Dragapult|Dragon Darts|p1a: Orthworm\n|-resisted|p1a: Orthworm\n|-damage|p1a: Orthworm|56\/100\n|move|p1a: Orthworm|Shed Tail|p1a: Orthworm\n|-start|p1a: Orthworm|Substitute|[from] move: Shed Tail\n|-damage|p1a: Orthworm|6\/100\n|\n|t:|1683751733\n|switch|p1a: Garchomp|Garchomp, L50, F|100\/100|[from] Shed Tail\n|\n|upkeep\n|turn|6\n|\n|t:|1683751763\n|move|p1b: Kilowattrel|Protect||[still]\n|-fail|p1b: Kilowattrel\n|-curestatus|p2a: Chien-Pao|slp|[msg]\n|move|p2a: Chien-Pao|Ice Shard|p1b: Kilowattrel\n|-supereffective|p1b: Kilowattrel\n|-damage|p1b: Kilowattrel|0 fnt\n|faint|p1b: Kilowattrel\n|move|p2b: Dragapult|Dragon Darts|p1a: Garchomp\n|-supereffective|p1a: Garchomp\n|-end|p1a: Garchomp|Substitute\n|-anim|p2b: Dragapult|Dragon Darts|p1a: Garchomp\n|-supereffective|p1a: Garchomp\n|-damage|p1a: Garchomp|0 fnt\n|faint|p1a: Garchomp\n|\n|upkeep\n|-message|random168 forfeited.\n|\n|win|wackomarko\n|raw|random168's rating: 1000 → 1000<\/strong> (+0 for losing)\n|raw|wackomarko's rating: 1000 → 1040<\/strong> (+40 for winning)\n|l|\u2606random168\n","uploadtime":1683751780,"views":5,"p1id":"random168","p2id":"wackomarko","formatid":"gen9vgc2023regulationc","rating":1000,"private":0,"password":""}