{"id":"gen9vgc2023regulationc-1857747358","p1":"risenoni","p2":"kevinblackheart","format":"[Gen 9] VGC 2023 Regulation C","log":"|j|\u2606risenoni\n|j|\u2606kevinblackheart\n|t:|1683227925\n|gametype|doubles\n|player|p1|risenoni|101|1078\n|player|p2|kevinblackheart|byron|1000\n|teamsize|p1|6\n|teamsize|p2|6\n|gen|9\n|tier|[Gen 9] VGC 2023 Regulation C\n|rated|\n|rule|Species Clause: Limit one of each Pok\u00e9mon\n|rule|Item Clause: Limit one of each item\n|clearpoke\n|poke|p1|Garganacl, L50, M|\n|poke|p1|Amoonguss, L50, M|\n|poke|p1|Gastrodon-East, L50, F|\n|poke|p1|Armarouge, L50, F|\n|poke|p1|Scizor, L50, M|\n|poke|p1|Indeedee-F, L50, F|\n|poke|p2|Dondozo, L50, F|\n|poke|p2|Garganacl, L50, F|\n|poke|p2|Tatsugiri-Droopy, L50, M|\n|poke|p2|Chien-Pao, L50|\n|poke|p2|Abomasnow, L50, F|\n|poke|p2|Ting-Lu, L50|\n|teampreview|4\nkevinblackheart rejected open team sheets.\n|\n|t:|1683227963\n|start\n|switch|p1a: Indeedee|Indeedee-F, L50, F|100\/100\n|switch|p1b: Armarouge|Armarouge, L50, F|100\/100\n|switch|p2a: Yeti|Abomasnow, L50, F|100\/100\n|switch|p2b: Meow|Chien-Pao, L50|100\/100\n|-ability|p2b: Meow|Sword of Ruin\n|-fieldstart|move: Psychic Terrain|[from] ability: Psychic Surge|[of] p1a: Indeedee\n|-weather|Snow|[from] ability: Snow Warning|[of] p2a: Yeti\n|turn|1\n|\n|t:|1683228000\n|-terastallize|p2b: Meow|Poison\n|move|p2b: Meow|Sheer Cold|p1b: Armarouge\n|-damage|p1b: Armarouge|0 fnt\n|faint|p1b: Armarouge\n|-ohko\n|move|p2a: Yeti|Aurora Veil|p2a: Yeti\n|-sidestart|p2: kevinblackheart|move: Aurora Veil\n|move|p1a: Indeedee|Trick Room|p1a: Indeedee\n|-fieldstart|move: Trick Room|[of] p1a: Indeedee\n|\n|-weather|Snow|[upkeep]\n|upkeep\n|\n|t:|1683228012\n|switch|p1b: Gastrodon|Gastrodon-East, L50, F, shiny|100\/100\n|turn|2\n|\n|t:|1683228041\n|move|p1a: Indeedee|Helping Hand|p1b: Gastrodon\n|-singleturn|p1b: Gastrodon|Helping Hand|[of] p1a: Indeedee\n|move|p2b: Meow|Protect|p2b: Meow\n|-singleturn|p2b: Meow|Protect\n|move|p1b: Gastrodon|Earth Power|p2b: Meow\n|-activate|p2b: Meow|move: Protect\n|move|p2a: Yeti|Sheer Cold|p1b: Gastrodon|[miss]\n|-miss|p2a: Yeti|p1b: Gastrodon\n|\n|-weather|Snow|[upkeep]\n|upkeep\n|turn|3\n|\n|t:|1683228064\n|switch|p1a: Garganacl|Garganacl, L50, M|100\/100\n|move|p1b: Gastrodon|Earth Power|p2a: Yeti\n|-resisted|p2a: Yeti\n|-crit|p2a: Yeti\n|-damage|p2a: Yeti|75\/100\n|move|p2a: Yeti|Giga Drain|p1b: Gastrodon\n|-supereffective|p1b: Gastrodon\n|-damage|p1b: Gastrodon|0 fnt\n|-heal|p2a: Yeti|100\/100|[from] drain|[of] p1b: Gastrodon\n|faint|p1b: Gastrodon\n|move|p2b: Meow|Blizzard|p1a: Garganacl\n|-damage|p1a: Garganacl|63\/100\n|\n|-weather|Snow|[upkeep]\n|-heal|p1a: Garganacl|69\/100|[from] item: Leftovers\n|upkeep\n|\n|t:|1683228078\n|switch|p1b: Indeedee|Indeedee-F, L50, F|100\/100\n|turn|4\n|\n|t:|1683228091\n|move|p1b: Indeedee|Fake Out|p2b: Meow\n|-activate|p2b: Meow|move: Psychic Terrain\n|move|p1a: Garganacl|Salt Cure|p2a: Yeti\n|-supereffective|p2a: Yeti\n|-damage|p2a: Yeti|80\/100\n|-start|p2a: Yeti|Salt Cure\n|move|p2a: Yeti|Sheer Cold|p1b: Indeedee|[miss]\n|-miss|p2a: Yeti|p1b: Indeedee\n|move|p2b: Meow|Sheer Cold|p1b: Indeedee|[miss]\n|-miss|p2b: Meow|p1b: Indeedee\n|\n|-weather|Snow|[upkeep]\n|-heal|p1a: Garganacl|74\/100|[from] item: Leftovers\n|-damage|p2a: Yeti|68\/100|[from] Salt Cure\n|upkeep\n|turn|5\n|\n|t:|1683228114\n|move|p1b: Indeedee|Helping Hand|p1a: Garganacl\n|-singleturn|p1a: Garganacl|Helping Hand|[of] p1b: Indeedee\n|move|p1a: Garganacl|Salt Cure|p2b: Meow\n|-damage|p2b: Meow|83\/100\n|-start|p2b: Meow|Salt Cure\n|move|p2a: Yeti|Sheer Cold|p1b: Indeedee|[miss]\n|-miss|p2a: Yeti|p1b: Indeedee\n|move|p2b: Meow|Sheer Cold|p1b: Indeedee|[miss]\n|-miss|p2b: Meow|p1b: Indeedee\n|\n|-weather|Snow|[upkeep]\n|-heal|p1a: Garganacl|80\/100|[from] item: Leftovers\n|-heal|p2b: Meow|89\/100|[from] item: Black Sludge\n|-damage|p2a: Yeti|55\/100|[from] Salt Cure\n|-damage|p2b: Meow|77\/100|[from] Salt Cure\n|-sideend|p2: kevinblackheart|move: Aurora Veil\n|-fieldend|move: Trick Room\n|-fieldend|move: Psychic Terrain\n|upkeep\n|turn|6\n|\n|t:|1683228144\n|move|p1b: Indeedee|Helping Hand|p1a: Garganacl\n|-singleturn|p1a: Garganacl|Helping Hand|[of] p1b: Indeedee\n|move|p2b: Meow|Sheer Cold|p1a: Garganacl|[miss]\n|-miss|p2b: Meow|p1a: Garganacl\n|move|p2a: Yeti|Sheer Cold|p1a: Garganacl|[miss]\n|-miss|p2a: Yeti|p1a: Garganacl\n|move|p1a: Garganacl|Rock Slide|p2a: Yeti|[spread] p2a,p2b\n|-supereffective|p2a: Yeti\n|-damage|p2a: Yeti|0 fnt\n|-damage|p2b: Meow|45\/100\n|faint|p2a: Yeti\n|\n|-weather|Snow|[upkeep]\n|-heal|p2b: Meow|51\/100|[from] item: Black Sludge\n|-heal|p1a: Garganacl|86\/100|[from] item: Leftovers\n|-damage|p2b: Meow|38\/100|[from] Salt Cure\n|upkeep\n|\n|t:|1683228157\n|switch|p2a: Land Fish|Dondozo, L50, F, shiny|100\/100\n|turn|7\n|\n|t:|1683228179\n|switch|p2b: SUSHI TIME!|Tatsugiri-Droopy, L50, M|100\/100\n|-activate|p2b: SUSHI TIME!|ability: Commander|[of] p2a: Land Fish\n|-boost|p2a: Land Fish|atk|2\n|-boost|p2a: Land Fish|spa|2\n|-boost|p2a: Land Fish|spe|2\n|-boost|p2a: Land Fish|def|2\n|-boost|p2a: Land Fish|spd|2\n|move|p1b: Indeedee|Follow Me|p1b: Indeedee\n|-singleturn|p1b: Indeedee|move: Follow Me\n|move|p2a: Land Fish|Fissure|p1b: Indeedee|[miss]\n|-miss|p2a: Land Fish|p1b: Indeedee\n|move|p1a: Garganacl|Salt Cure|p2a: Land Fish\n|-damage|p2a: Land Fish|96\/100\n|-start|p2a: Land Fish|Salt Cure\n|\n|-weather|Snow|[upkeep]\n|-heal|p1a: Garganacl|92\/100|[from] item: Leftovers\n|-damage|p2a: Land Fish|71\/100|[from] Salt Cure\n|upkeep\n|turn|8\n|\n|t:|1683228213\n|move|p1b: Indeedee|Helping Hand|p1a: Garganacl\n|-singleturn|p1a: Garganacl|Helping Hand|[of] p1b: Indeedee\n|move|p2a: Land Fish|Fissure|p1b: Indeedee\n|-damage|p1b: Indeedee|0 fnt\n|faint|p1b: Indeedee\n|-ohko\n|move|p1a: Garganacl|Rock Slide|p2a: Land Fish|[spread] p2a\n|-miss|p1a: Garganacl|p2b: SUSHI TIME!\n|-damage|p2a: Land Fish|61\/100\n|\n|-weather|none\n|-heal|p1a: Garganacl|98\/100|[from] item: Leftovers\n|-damage|p2a: Land Fish|36\/100|[from] Salt Cure\n|upkeep\n|turn|9\n|\n|t:|1683228230\n|move|p2a: Land Fish|Fissure|p1a: Garganacl\n|-damage|p1a: Garganacl|0 fnt\n|faint|p1a: Garganacl\n|-ohko\n|\n|win|kevinblackheart\n|raw|risenoni's rating: 1078 → 1052<\/strong> (-26 for losing)\n|raw|kevinblackheart's rating: 1000 → 1049<\/strong> (+49 for winning)\n","uploadtime":1683228241,"views":15,"p1id":"risenoni","p2id":"kevinblackheart","formatid":"gen9vgc2023regulationc","rating":1049,"private":0,"password":""}