{"id":"gen9vgc2023regulationc-1847174865","p1":"Shapy23","p2":"darlingtonia","format":"[Gen 9] VGC 2023 Regulation C","log":"|j|\u2606Shapy23\n|j|\u2606darlingtonia\n|t:|1681925203\n|gametype|doubles\n|player|p1|Shapy23|101|1051\n|player|p2|darlingtonia|proton|1047\n|teamsize|p1|6\n|teamsize|p2|6\n|gen|9\n|tier|[Gen 9] VGC 2023 Regulation C\n|rated|\n|rule|Species Clause: Limit one of each Pok\u00e9mon\n|rule|Item Clause: Limit one of each item\n|clearpoke\n|poke|p1|Rotom-Wash, L50|\n|poke|p1|Chi-Yu, L50|\n|poke|p1|Pachirisu, L50, F|\n|poke|p1|Wo-Chien, L50|\n|poke|p1|Corviknight, L50, F|\n|poke|p1|Dachsbun, L50, M|\n|poke|p2|Chi-Yu, L50|\n|poke|p2|Palafin, L50, F|\n|poke|p2|Amoonguss, L50, F|\n|poke|p2|Glimmora, L50, F|\n|poke|p2|Flutter Mane, L50|\n|poke|p2|Dragonite, L50, F|\n|teampreview|4\n|inactive|Battle timer is ON: inactive players will automatically lose when time's up. (requested by Shapy23)\n|inactive|Shapy23 has 60 seconds left.\n|\n|t:|1681925237\n|start\n|switch|p1a: Chi-Yu|Chi-Yu, L50|100\/100\n|switch|p1b: Dachsbun|Dachsbun, L50, M|100\/100\n|switch|p2a: Chi-Yu|Chi-Yu, L50|100\/100\n|switch|p2b: Glimmora|Glimmora, L50, F|100\/100\n|-ability|p2a: Chi-Yu|Beads of Ruin\n|-ability|p1a: Chi-Yu|Beads of Ruin\n|turn|1\n|inactive|Shapy23 has 30 seconds left.\n|\n|t:|1681925263\n|move|p1b: Dachsbun|Body Press|p2a: Chi-Yu\n|-supereffective|p2a: Chi-Yu\n|-damage|p2a: Chi-Yu|32\/100\n|move|p1a: Chi-Yu|Lava Plume|p2b: Glimmora|[spread] p2a,p2b\n|-ability|p1b: Dachsbun|Well-Baked Body|boost\n|-boost|p1b: Dachsbun|def|2\n|-resisted|p2a: Chi-Yu\n|-resisted|p2b: Glimmora\n|-damage|p2a: Chi-Yu|19\/100\n|-damage|p2b: Glimmora|70\/100\n|move|p2a: Chi-Yu|Snarl|p1b: Dachsbun|[spread] p1a,p1b\n|-resisted|p1a: Chi-Yu\n|-resisted|p1b: Dachsbun\n|-damage|p1a: Chi-Yu|86\/100\n|-damage|p1b: Dachsbun|79\/100\n|-unboost|p1a: Chi-Yu|spa|1\n|-unboost|p1b: Dachsbun|spa|1\n|move|p2b: Glimmora|Earth Power|p1a: Chi-Yu\n|-supereffective|p1a: Chi-Yu\n|-damage|p1a: Chi-Yu|17\/100\n|\n|upkeep\n|turn|2\n|inactive|Shapy23 has 30 seconds left.\n|inactive|Shapy23 has 20 seconds left.\n|\n|t:|1681925302\n|move|p1b: Dachsbun|Body Press|p2b: Glimmora\n|-damage|p2b: Glimmora|9\/100\n|-activate|p2b: Glimmora|ability: Toxic Debris\n|-sidestart|p1: Shapy23|move: Toxic Spikes\n|move|p1a: Chi-Yu|Lava Plume|p2a: Chi-Yu|[spread] p2a,p2b\n|-ability|p1b: Dachsbun|Well-Baked Body|boost\n|-boost|p1b: Dachsbun|def|2\n|-resisted|p2a: Chi-Yu\n|-resisted|p2b: Glimmora\n|-damage|p2a: Chi-Yu|10\/100\n|-damage|p2b: Glimmora|0 fnt\n|faint|p2b: Glimmora\n|move|p2a: Chi-Yu|Snarl|p1b: Dachsbun|[spread] p1a,p1b\n|-resisted|p1a: Chi-Yu\n|-resisted|p1b: Dachsbun\n|-damage|p1a: Chi-Yu|2\/100\n|-damage|p1b: Dachsbun|54\/100\n|-unboost|p1a: Chi-Yu|spa|1\n|-unboost|p1b: Dachsbun|spa|1\n|\n|upkeep\n|\n|t:|1681925319\n|switch|p2b: Flutter Mane|Flutter Mane, L50|100\/100\n|turn|3\n|inactive|Shapy23 has 30 seconds left.\n|\n|t:|1681925350\n|-terastallize|p2b: Flutter Mane|Fairy\n|move|p2b: Flutter Mane|Substitute|p2b: Flutter Mane\n|-start|p2b: Flutter Mane|Substitute\n|-damage|p2b: Flutter Mane|76\/100\n|move|p1b: Dachsbun|Howl|p1b: Dachsbun|[spread] p1a,p1b\n|-boost|p1a: Chi-Yu|atk|1\n|-boost|p1b: Dachsbun|atk|1\n|move|p1a: Chi-Yu|Hex|p2b: Flutter Mane\n|-crit|p2b: Flutter Mane\n|-end|p2b: Flutter Mane|Substitute\n|move|p2a: Chi-Yu|Snarl|p1a: Chi-Yu|[spread] p1a,p1b\n|-resisted|p1a: Chi-Yu\n|-resisted|p1b: Dachsbun\n|-damage|p1a: Chi-Yu|0 fnt\n|-damage|p1b: Dachsbun|32\/100\n|-unboost|p1b: Dachsbun|spa|1\n|-enditem|p1b: Dachsbun|Sitrus Berry|[eat]\n|-heal|p1b: Dachsbun|57\/100|[from] item: Sitrus Berry\n|faint|p1a: Chi-Yu\n|\n|-heal|p2b: Flutter Mane|82\/100|[from] item: Leftovers\n|upkeep\n|inactive|Shapy23 has 30 seconds left.\n|\n|t:|1681925380\n|switch|p1a: Corviknight|Corviknight, L50, F|100\/100\n|turn|4\n|\n|t:|1681925391\n|move|p2b: Flutter Mane|Shadow Ball|p1b: Dachsbun\n|-damage|p1b: Dachsbun|0 fnt\n|faint|p1b: Dachsbun\n|move|p2a: Chi-Yu|Overheat|p1a: Corviknight\n|-supereffective|p1a: Corviknight\n|-enditem|p1a: Corviknight|Occa Berry|[eat]\n|-enditem|p1a: Corviknight|Occa Berry|[weaken]\n|-damage|p1a: Corviknight|7\/100\n|-unboost|p2a: Chi-Yu|spa|2\n|move|p1a: Corviknight|Tailwind|p1a: Corviknight\n|-sidestart|p1: Shapy23|move: Tailwind\n|\n|-heal|p2b: Flutter Mane|87\/100|[from] item: Leftovers\n|upkeep\n|\n|t:|1681925403\n|switch|p1b: Rotom|Rotom-Wash, L50|100\/100\n|turn|5\n|\n|t:|1681925418\n|-terastallize|p1b: Rotom|Electric\n|move|p1b: Rotom|Discharge|p2a: Chi-Yu|[spread] p1a,p2a,p2b\n|-supereffective|p1a: Corviknight\n|-damage|p1a: Corviknight|0 fnt\n|-damage|p2a: Chi-Yu|0 fnt\n|-damage|p2b: Flutter Mane|43\/100\n|faint|p1a: Corviknight\n|faint|p2a: Chi-Yu\n|move|p2b: Flutter Mane|Dazzling Gleam|p1b: Rotom\n|-damage|p1b: Rotom|34\/100\n|\n|-heal|p2b: Flutter Mane|49\/100|[from] item: Leftovers\n|upkeep\n|\n|t:|1681925429\n|switch|p2a: Palafin|Palafin, L50, F|100\/100\n|turn|6\n|\n|t:|1681925434\n|move|p2a: Palafin|Jet Punch|p1b: Rotom\n|-damage|p1b: Rotom|11\/100\n|move|p1b: Rotom|Discharge|p2b: Flutter Mane|[spread] p2a,p2b\n|-supereffective|p2a: Palafin\n|-damage|p2a: Palafin|0 fnt\n|-damage|p2b: Flutter Mane|14\/100\n|faint|p2a: Palafin\n|move|p2b: Flutter Mane|Moonblast|p1b: Rotom\n|-damage|p1b: Rotom|0 fnt\n|faint|p1b: Rotom\n|\n|win|darlingtonia\n|raw|Shapy23's rating: 1051 → 1033<\/strong> (-18 for losing)\n|raw|darlingtonia's rating: 1047 → 1080<\/strong> (+33 for winning)\n","uploadtime":1681925447,"views":12,"p1id":"shapy23","p2id":"darlingtonia","formatid":"gen9vgc2023regulationc","rating":1033,"private":0,"password":""}