{"id":"gen9vgc2023regulationc-1860746323","p1":"qu4xly","p2":"AquiIo","format":"[Gen 9] VGC 2023 Regulation C","log":"|j|\u2606qu4xly\n|j|\u2606AquiIo\n|t:|1683672867\n|gametype|doubles\n|player|p1|qu4xly|lass-gen4dp|1060\n|player|p2|AquiIo|workerice|1114\n|teamsize|p1|6\n|teamsize|p2|6\n|gen|9\n|tier|[Gen 9] VGC 2023 Regulation C\n|rated|\n|rule|Species Clause: Limit one of each Pok\u00e9mon\n|rule|Item Clause: Limit one of each item\n|clearpoke\n|poke|p1|Ting-Lu, L50|\n|poke|p1|Abomasnow, L50, M|\n|poke|p1|Flutter Mane, L50|\n|poke|p1|Iron Hands, L50|\n|poke|p1|Bronzong, L50|\n|poke|p1|Arcanine, L50, F|\n|poke|p2|Iron Hands, L50|\n|poke|p2|Indeedee-F, L50, F|\n|poke|p2|Armarouge, L50, M|\n|poke|p2|Pincurchin, L50, M|\n|poke|p2|Torkoal, L50, F|\n|poke|p2|Klefki, L50, F|\n|teampreview|4\nqu4xly rejected open team sheets.\n|c|\u2606AquiIo|glhf!\n|c|\u2606qu4xly|u2!\n|\n|t:|1683672912\n|start\n|switch|p1a: Ting-Lu|Ting-Lu, L50|100\/100\n|switch|p1b: Arcanine|Arcanine, L50, F|100\/100\n|switch|p2a: Iron Hands|Iron Hands, L50|100\/100\n|switch|p2b: Indeedee|Indeedee-F, L50, F|100\/100\n|-ability|p1b: Arcanine|Intimidate|boost\n|-unboost|p2a: Iron Hands|atk|1\n|-unboost|p2b: Indeedee|atk|1\n|-fieldstart|move: Psychic Terrain|[from] ability: Psychic Surge|[of] p2b: Indeedee\n|-enditem|p2a: Iron Hands|Psychic Seed\n|-boost|p2a: Iron Hands|spd|1|[from] item: Psychic Seed\n|-enditem|p1b: Arcanine|Mirror Herb\n|-boost|p1b: Arcanine|spd|1|[from] item: Mirror Herb\n|-ability|p1a: Ting-Lu|Vessel of Ruin\n|turn|1\n|\n|t:|1683672957\n|move|p1b: Arcanine|Protect|p1b: Arcanine\n|-singleturn|p1b: Arcanine|Protect\n|move|p2a: Iron Hands|Protect|p2a: Iron Hands\n|-singleturn|p2a: Iron Hands|Protect\n|move|p1a: Ting-Lu|Earthquake|p2b: Indeedee|[spread] p2b\n|-activate|p1b: Arcanine|move: Protect\n|-activate|p2a: Iron Hands|move: Protect\n|-damage|p2b: Indeedee|48\/100\n|-enditem|p2b: Indeedee|Sitrus Berry|[eat]\n|-heal|p2b: Indeedee|73\/100|[from] item: Sitrus Berry\n|move|p2b: Indeedee|Trick Room|p2b: Indeedee\n|-fieldstart|move: Trick Room|[of] p2b: Indeedee\n|\n|upkeep\n|turn|2\n|\n|t:|1683672978\n|-terastallize|p1b: Arcanine|Flying\n|move|p2b: Indeedee|Follow Me|p2b: Indeedee\n|-singleturn|p2b: Indeedee|move: Follow Me\n|move|p1a: Ting-Lu|Earthquake|p2a: Iron Hands|[spread] p2a,p2b\n|-immune|p1b: Arcanine\n|-supereffective|p2a: Iron Hands\n|-damage|p2a: Iron Hands|34\/100\n|-damage|p2b: Indeedee|20\/100\n|move|p2a: Iron Hands|Belly Drum||[still]\n|-fail|p2a: Iron Hands\n|move|p1b: Arcanine|Flare Blitz|p2b: Indeedee\n|-damage|p2b: Indeedee|0 fnt\n|faint|p2b: Indeedee\n|-damage|p1b: Arcanine|94\/100|[from] Recoil\n|\n|upkeep\n|\n|t:|1683672990\n|switch|p2b: Torkoal|Torkoal, L50, F|100\/100\n|-weather|SunnyDay|[from] ability: Drought|[of] p2b: Torkoal\n|turn|3\n|\n|t:|1683673009\n|move|p1b: Arcanine|Protect|p1b: Arcanine\n|-singleturn|p1b: Arcanine|Protect\n|move|p2b: Torkoal|Eruption|p1a: Ting-Lu|[spread] p1a\n|-activate|p1b: Arcanine|move: Protect\n|-damage|p1a: Ting-Lu|56\/100\n|move|p1a: Ting-Lu|Earthquake|p2b: Torkoal|[spread] p2a,p2b\n|-activate|p1b: Arcanine|move: Protect\n|-supereffective|p2a: Iron Hands\n|-supereffective|p2b: Torkoal\n|-damage|p2a: Iron Hands|0 fnt\n|-damage|p2b: Torkoal|21\/100\n|faint|p2a: Iron Hands\n|-end|p2a: Iron Hands|Quark Drive|[silent]\n|\n|-weather|SunnyDay|[upkeep]\n|upkeep\n|\n|t:|1683673026\n|switch|p2a: Armarouge|Armarouge, L50, M|100\/100\n|turn|4\n|\n|t:|1683673052\n|-terastallize|p2a: Armarouge|Bug\n|move|p1b: Arcanine|Extreme Speed|p2b: Torkoal\n|-activate|p2b: Torkoal|move: Psychic Terrain\n|move|p2b: Torkoal|Heat Wave|p1b: Arcanine|[spread] p1a,p1b\n|-crit|p1b: Arcanine\n|-damage|p1a: Ting-Lu|26\/100\n|-damage|p1b: Arcanine|25\/100\n|-status|p1a: Ting-Lu|brn\n|move|p1a: Ting-Lu|Earthquake|p2b: Torkoal|[spread] p2a,p2b\n|-immune|p1b: Arcanine\n|-resisted|p2a: Armarouge\n|-supereffective|p2b: Torkoal\n|-damage|p2a: Armarouge|87\/100\n|-damage|p2b: Torkoal|0 fnt\n|faint|p2b: Torkoal\n|move|p2a: Armarouge|Armor Cannon|p1a: Ting-Lu\n|-damage|p1a: Ting-Lu|0 fnt\n|-unboost|p2a: Armarouge|def|1\n|-unboost|p2a: Armarouge|spd|1\n|faint|p1a: Ting-Lu\n|-damage|p2a: Armarouge|77\/100|[from] item: Life Orb\n|\n|-weather|SunnyDay|[upkeep]\n|upkeep\n|\n|t:|1683673070\n|switch|p1a: Abomasnow|Abomasnow, L50, M|100\/100\n|-weather|Snow|[from] ability: Snow Warning|[of] p1a: Abomasnow\n|turn|5\n|\n|t:|1683673094\n|move|p1b: Arcanine|Protect|p1b: Arcanine\n|-singleturn|p1b: Arcanine|Protect\n|move|p1a: Abomasnow|Blizzard|p2a: Armarouge\n|-damage|p2a: Armarouge|0 fnt\n|faint|p2a: Armarouge\n|\n|win|qu4xly\n|raw|qu4xly's rating: 1060 → 1096<\/strong> (+36 for winning)\n|raw|AquiIo's rating: 1114 → 1085<\/strong> (-29 for losing)\n|c|\u2606qu4xly|gg!\n|c|\u2606AquiIo|gg!\n|c|\u2606AquiIo|wp\n|c|\u2606qu4xly|ty u2\n|l|\u2606AquiIo\n","uploadtime":1683673118,"views":8,"p1id":"qu4xly","p2id":"aquiio","formatid":"gen9vgc2023regulationc","rating":1085,"private":0,"password":""}