{"id":"gen9vgc2023regulationc-1858725191","p1":"kricketot marx","p2":"UnluckyTogekissZ","format":"[Gen 9] VGC 2023 Regulation C","log":"|j|\u2606kricketot marx\n|j|\u2606UnluckyTogekissZ\n|t:|1683348792\n|gametype|doubles\n|player|p1|kricketot marx|flannery|1458\n|player|p2|UnluckyTogekissZ|1|1485\n|teamsize|p1|6\n|teamsize|p2|6\n|gen|9\n|tier|[Gen 9] VGC 2023 Regulation C\n|rated|\n|rule|Species Clause: Limit one of each Pok\u00e9mon\n|rule|Item Clause: Limit one of each item\n|clearpoke\n|poke|p1|Scream Tail, L50|\n|poke|p1|Baxcalibur, L50, F|\n|poke|p1|Corviknight, L50, F|\n|poke|p1|Rotom-Wash, L50|\n|poke|p1|Ting-Lu, L50|\n|poke|p1|Kingambit, L50, F|\n|poke|p2|Ting-Lu, L50|\n|poke|p2|Ceruledge, L50, F|\n|poke|p2|Rotom-Wash, L50|\n|poke|p2|Great Tusk, L50|\n|poke|p2|Amoonguss, L50, M|\n|poke|p2|Grimmsnarl, L50, M|\n|teampreview|4\nkricketot marx has agreed to open team sheets.\n|inactive|Battle timer is ON: inactive players will automatically lose when time's up. (requested by UnluckyTogekissZ)\n|j| THUNDERSND77\n|inactive|kricketot marx has 60 seconds left.\n|\n|t:|1683348879\n|start\n|switch|p1a: Corviknight|Corviknight, L50, F, shiny|100\/100\n|switch|p1b: Ting-Lu|Ting-Lu, L50|100\/100\n|switch|p2a: Ekubo|Rotom-Wash, L50, shiny|100\/100\n|switch|p2b: Eren|Grimmsnarl, L50, M|100\/100\n|-ability|p1b: Ting-Lu|Vessel of Ruin\n|turn|1\n|\n|t:|1683348892\n|move|p2b: Eren|Fake Out|p1b: Ting-Lu\n|-damage|p1b: Ting-Lu|94\/100\n|move|p2a: Ekubo|Will-O-Wisp|p1a: Corviknight\n|-status|p1a: Corviknight|brn\n|move|p1a: Corviknight|Tailwind|p1a: Corviknight\n|-sidestart|p1: kricketot marx|move: Tailwind\n|cant|p1b: Ting-Lu|flinch\n|\n|-damage|p1a: Corviknight|95\/100 brn|[from] brn\n|upkeep\n|turn|2\n|inactive|kricketot marx has 30 seconds left.\n|inactive|UnluckyTogekissZ has 30 seconds left.\n|inactive|kricketot marx has 20 seconds left.\n|inactive|UnluckyTogekissZ has 20 seconds left.\n|inactive|kricketot marx has 15 seconds left.\n|inactive|UnluckyTogekissZ has 15 seconds left.\n|\n|t:|1683348936\n|switch|p1a: Scream Tail|Scream Tail, L50, shiny|100\/100\n|-enditem|p1a: Scream Tail|Booster Energy\n|-activate|p1a: Scream Tail|ability: Protosynthesis|[fromitem]\n|-start|p1a: Scream Tail|protosynthesisspe\n|switch|p2b: Zunisha|Great Tusk, L50|100\/100\n|move|p1b: Ting-Lu|Sand Tomb|p2b: Zunisha\n|-damage|p2b: Zunisha|89\/100\n|-activate|p2b: Zunisha|move: Sand Tomb|[of] p1b: Ting-Lu\n|move|p2a: Ekubo|Nasty Plot|p2a: Ekubo\n|-boost|p2a: Ekubo|spa|2\n|\n|-damage|p2b: Zunisha|77\/100|[from] move: Sand Tomb|[partiallytrapped]\n|upkeep\n|turn|3\n|inactive|kricketot marx has 30 seconds left.\n|inactive|UnluckyTogekissZ has 30 seconds left.\n|inactive|UnluckyTogekissZ has 20 seconds left.\n|inactive|UnluckyTogekissZ has 15 seconds left.\n|inactive|UnluckyTogekissZ has 10 seconds left.\n|\n|t:|1683348983\n|move|p1a: Scream Tail|Encore|p2a: Ekubo\n|-start|p2a: Ekubo|Encore\n|move|p1b: Ting-Lu|Ruination|p2a: Ekubo\n|-damage|p2a: Ekubo|50\/100\n|-enditem|p2a: Ekubo|Sitrus Berry|[eat]\n|-heal|p2a: Ekubo|75\/100|[from] item: Sitrus Berry\n|move|p2b: Zunisha|Headlong Rush|p1a: Scream Tail\n|-damage|p1a: Scream Tail|55\/100\n|-unboost|p2b: Zunisha|def|1\n|-unboost|p2b: Zunisha|spd|1\n|move|p2a: Ekubo|Nasty Plot|p2a: Ekubo\n|-boost|p2a: Ekubo|spa|2\n|\n|-damage|p2b: Zunisha|65\/100|[from] move: Sand Tomb|[partiallytrapped]\n|upkeep\n|turn|4\n|inactive|kricketot marx has 30 seconds left.\n|inactive|kricketot marx has 20 seconds left.\n|inactive|kricketot marx has 15 seconds left.\n|inactive|kricketot marx has 10 seconds left.\n|inactive|kricketot marx has 5 seconds left.\n|\n|t:|1683349034\n|move|p1a: Scream Tail|Play Rough|p2b: Zunisha\n|-supereffective|p2b: Zunisha\n|-damage|p2b: Zunisha|17\/100\n|move|p1b: Ting-Lu|Ruination|p2a: Ekubo|[miss]\n|-miss|p1b: Ting-Lu|p2a: Ekubo\n|move|p2b: Zunisha|Close Combat|p1b: Ting-Lu\n|-supereffective|p1b: Ting-Lu\n|-damage|p1b: Ting-Lu|23\/100\n|-unboost|p2b: Zunisha|def|1\n|-unboost|p2b: Zunisha|spd|1\n|move|p2a: Ekubo|Nasty Plot|p2a: Ekubo\n|-boost|p2a: Ekubo|spa|2\n|\n|-damage|p2b: Zunisha|5\/100|[from] move: Sand Tomb|[partiallytrapped]\n|-sideend|p1: kricketot marx|move: Tailwind\n|upkeep\n|turn|5\n|inactive|kricketot marx has 30 seconds left.\n|\n|t:|1683349062\n|move|p1a: Scream Tail|Play Rough|p2b: Zunisha|[miss]\n|-miss|p1a: Scream Tail|p2b: Zunisha\n|move|p2b: Zunisha|Close Combat|p1b: Ting-Lu\n|-supereffective|p1b: Ting-Lu\n|-damage|p1b: Ting-Lu|0 fnt\n|-unboost|p2b: Zunisha|def|1\n|-unboost|p2b: Zunisha|spd|1\n|faint|p1b: Ting-Lu\n|move|p2a: Ekubo|Nasty Plot|p2a: Ekubo\n|-boost|p2a: Ekubo|spa|0\n|\n|-end|p2b: Zunisha|Sand Tomb|[partiallytrapped]|[silent]\n|-end|p2a: Ekubo|Encore\n|upkeep\n|\n|t:|1683349067\n|switch|p1b: Baxcalibur|Baxcalibur, L50, F|100\/100\n|turn|6\n|\n|t:|1683349075\n|-end|p2b: Zunisha|Protosynthesis|[silent]\n|switch|p2b: Enma|Ceruledge, L50, F, shiny|100\/100\n|switch|p2a: Eren|Grimmsnarl, L50, M|100\/100\n|move|p1b: Baxcalibur|Ice Shard|p2b: Enma\n|-resisted|p2b: Enma\n|-damage|p2b: Enma|87\/100\n|move|p1a: Scream Tail|Encore||[still]\n|-fail|p1a: Scream Tail\n|\n|upkeep\n|turn|7\n|\n|t:|1683349094\n|-terastallize|p1b: Baxcalibur|Poison\n|move|p2a: Eren|Fake Out|p1a: Scream Tail\n|-damage|p1a: Scream Tail|47\/100\n|cant|p1a: Scream Tail|flinch\n|move|p1b: Baxcalibur|Glaive Rush|p2b: Enma\n|-damage|p2b: Enma|5\/100\n|-singlemove|p1b: Baxcalibur|Glaive Rush|[silent]\n|move|p2b: Enma|Bulk Up|p2b: Enma\n|-boost|p2b: Enma|atk|1\n|-boost|p2b: Enma|def|1\n|\n|upkeep\n|turn|8\n|inactive|kricketot marx has 30 seconds left.\n|\n|t:|1683349121\n|move|p1b: Baxcalibur|Ice Shard|p2b: Enma\n|-resisted|p2b: Enma\n|-damage|p2b: Enma|0 fnt\n|faint|p2b: Enma\n|move|p2a: Eren|Thunder Wave|p1b: Baxcalibur\n|-status|p1b: Baxcalibur|par\n|move|p1a: Scream Tail|Encore|p2a: Eren\n|-start|p2a: Eren|Encore\n|\n|upkeep\n|\n|t:|1683349129\n|switch|p2b: Ekubo|Rotom-Wash, L50, shiny|75\/100\n|turn|9\n|-message|UnluckyTogekissZ forfeited.\n|\n|win|kricketot marx\n|raw|kricketot marx's rating: 1458 → 1480<\/strong> (+22 for winning)\n|raw|UnluckyTogekissZ's rating: 1485 → 1463<\/strong> (-22 for losing)\n|l|\u2606UnluckyTogekissZ\n|l| THUNDERSND77\n","uploadtime":1683349154,"views":10,"p1id":"kricketotmarx","p2id":"unluckytogekissz","formatid":"gen9vgc2023regulationc","rating":1463,"private":0,"password":""}