{"id":"gen9vgc2023regulationc-1855595173","p1":"sonata66","p2":"19402u","format":"[Gen 9] VGC 2023 Regulation C","log":"|j|\u2606sonata66\n|j|\u260619402u\n|t:|1682965034\n|gametype|doubles\n|player|p1|sonata66|265|1444\n|player|p2|19402u|102|1485\n|teamsize|p1|6\n|teamsize|p2|6\n|gen|9\n|tier|[Gen 9] VGC 2023 Regulation C\n|rated|\n|rule|Species Clause: Limit one of each Pok\u00e9mon\n|rule|Item Clause: Limit one of each item\n|clearpoke\n|poke|p1|Garganacl, L50, M|\n|poke|p1|Arcanine, L50, M|\n|poke|p1|Amoonguss, L50, F|\n|poke|p1|Iron Bundle, L50|\n|poke|p1|Ting-Lu, L50|\n|poke|p1|Roaring Moon, L50|\n|poke|p2|Dondozo, L50, F|\n|poke|p2|Tatsugiri, L50, F|\n|poke|p2|Pelipper, L50, F|\n|poke|p2|Drednaw, L50, F|\n|poke|p2|Murkrow, L50, M|\n|poke|p2|Great Tusk, L50|\n|teampreview|4\n19402u has agreed to open team sheets.\nsonata66 has agreed to open team sheets.\n|\n|t:|1682965109\n|start\n|switch|p1a: Garganacl|Garganacl, L50, M|100\/100\n|switch|p1b: Iron Bundle|Iron Bundle, L50, shiny|100\/100\n|switch|p2a: Murkrow|Murkrow, L50, M|100\/100\n|switch|p2b: Great Tusk|Great Tusk, L50|100\/100\n|turn|1\n|inactive|Battle timer is ON: inactive players will automatically lose when time's up. (requested by sonata66)\n|inactive|19402u has 60 seconds left.\n|inactive|sonata66 has 60 seconds left.\n|\n|t:|1682965159\n|-terastallize|p1a: Garganacl|Water\n|move|p1b: Iron Bundle|Protect|p1b: Iron Bundle\n|-singleturn|p1b: Iron Bundle|Protect\n|move|p2a: Murkrow|Tailwind|p2a: Murkrow\n|-sidestart|p2: 19402u|move: Tailwind\n|move|p2b: Great Tusk|Headlong Rush|p1a: Garganacl\n|-damage|p1a: Garganacl|53\/100\n|-unboost|p2b: Great Tusk|def|1\n|-unboost|p2b: Great Tusk|spd|1\n|move|p1a: Garganacl|Salt Cure|p2b: Great Tusk\n|-resisted|p2b: Great Tusk\n|-damage|p2b: Great Tusk|96\/100\n|-start|p2b: Great Tusk|Salt Cure\n|\n|-heal|p1a: Garganacl|58\/100|[from] item: Leftovers\n|-damage|p2b: Great Tusk|84\/100|[from] Salt Cure\n|upkeep\n|turn|2\n|inactive|sonata66 has 30 seconds left.\n|inactive|sonata66 has 20 seconds left.\n|\n|t:|1682965195\n|-end|p1b: Iron Bundle|Quark Drive|[silent]\n|switch|p1b: Amoonguss|Amoonguss, L50, F, shiny|100\/100\n|move|p1a: Garganacl|Protect|p1a: Garganacl\n|-singleturn|p1a: Garganacl|Protect\n|move|p2b: Great Tusk|Close Combat|p1b: Amoonguss\n|-resisted|p1b: Amoonguss\n|-damage|p1b: Amoonguss|73\/100\n|-unboost|p2b: Great Tusk|def|1\n|-unboost|p2b: Great Tusk|spd|1\n|move|p2a: Murkrow|Foul Play|p1b: Amoonguss\n|-damage|p1b: Amoonguss|54\/100\n|\n|-heal|p1a: Garganacl|64\/100|[from] item: Leftovers\n|-damage|p2b: Great Tusk|72\/100|[from] Salt Cure\n|upkeep\n|turn|3\n|inactive|sonata66 has 30 seconds left.\n|inactive|19402u has 30 seconds left.\n|inactive|19402u has 20 seconds left.\n|\n|t:|1682965234\n|move|p2b: Great Tusk|Close Combat|p1a: Garganacl\n|-damage|p1a: Garganacl|19\/100\n|-unboost|p2b: Great Tusk|def|1\n|-unboost|p2b: Great Tusk|spd|1\n|move|p2a: Murkrow|Foul Play|p1a: Garganacl\n|-damage|p1a: Garganacl|0 fnt\n|faint|p1a: Garganacl\n|move|p1b: Amoonguss|Spore|p2b: Great Tusk\n|-status|p2b: Great Tusk|slp|[from] move: Spore\n|\n|-damage|p2b: Great Tusk|60\/100 slp|[from] Salt Cure\n|upkeep\n|\n|t:|1682965246\n|switch|p1a: Iron Bundle|Iron Bundle, L50, shiny|100\/100\n|turn|4\n|\n|t:|1682965255\n|switch|p1b: Ting-Lu|Ting-Lu, L50|100\/100\n|-ability|p1b: Ting-Lu|Vessel of Ruin\n|cant|p2b: Great Tusk|slp\n|move|p2a: Murkrow|Foul Play|p1a: Iron Bundle\n|-damage|p1a: Iron Bundle|73\/100\n|move|p1a: Iron Bundle|Freeze-Dry|p2b: Great Tusk\n|-supereffective|p2b: Great Tusk\n|-damage|p2b: Great Tusk|0 fnt\n|faint|p2b: Great Tusk\n|-end|p2b: Great Tusk|Protosynthesis|[silent]\n|\n|-sideend|p2: 19402u|move: Tailwind\n|upkeep\n|\n|t:|1682965266\n|switch|p2b: Drednaw|Drednaw, L50, F|100\/100\n|turn|5\n|inactive|19402u has 30 seconds left.\n|inactive|sonata66 has 30 seconds left.\n|inactive|19402u has 20 seconds left.\n|inactive|19402u has 15 seconds left.\n|\n|t:|1682965307\n|switch|p2a: Pelipper|Pelipper, L50, F|100\/100\n|-weather|RainDance|[from] ability: Drizzle|[of] p2a: Pelipper\n|switch|p1b: Amoonguss|Amoonguss, L50, F, shiny|87\/100\n|-terastallize|p2b: Drednaw|Grass\n|move|p2b: Drednaw|Tera Blast|p1a: Iron Bundle\n|-supereffective|p1a: Iron Bundle\n|-damage|p1a: Iron Bundle|0 fnt\n|faint|p1a: Iron Bundle\n|-end|p1a: Iron Bundle|Quark Drive|[silent]\n|-damage|p2b: Drednaw|91\/100|[from] item: Life Orb\n|\n|-weather|RainDance|[upkeep]\n|upkeep\n|\n|t:|1682965322\n|switch|p1a: Ting-Lu|Ting-Lu, L50|100\/100\n|-ability|p1a: Ting-Lu|Vessel of Ruin\n|turn|6\n|\n|t:|1682965341\n|move|p2a: Pelipper|Helping Hand|p2b: Drednaw\n|-singleturn|p2b: Drednaw|Helping Hand|[of] p2a: Pelipper\n|move|p2b: Drednaw|Waterfall|p1a: Ting-Lu\n|-supereffective|p1a: Ting-Lu\n|-damage|p1a: Ting-Lu|0 fnt\n|faint|p1a: Ting-Lu\n|-damage|p2b: Drednaw|81\/100|[from] item: Life Orb\n|move|p1b: Amoonguss|Pollen Puff|p2b: Drednaw\n|-supereffective|p2b: Drednaw\n|-damage|p2b: Drednaw|30\/100\n|\n|-weather|RainDance|[upkeep]\n|upkeep\n|turn|7\n|-message|sonata66 forfeited.\n|\n|win|19402u\n|raw|sonata66's rating: 1444 → 1426<\/strong> (-18 for losing)\n|raw|19402u's rating: 1485 → 1503<\/strong> (+18 for winning)\n|l|\u2606sonata66\n","uploadtime":1682965356,"views":18,"p1id":"sonata66","p2id":"19402u","formatid":"gen9vgc2023regulationc","rating":1426,"private":0,"password":""}