{"id":"gen9vgc2023regulationc-1860294161","p1":"Pengueos","p2":"Pac042","format":"[Gen 9] VGC 2023 Regulation C","log":"|j|\u2606Pengueos\n|j|\u2606Pac042\n|t:|1683627555\n|gametype|doubles\n|player|p1|Pengueos|101|1000\n|player|p2|Pac042|iris-gen5bw2|1000\n|teamsize|p1|6\n|teamsize|p2|6\n|gen|9\n|tier|[Gen 9] VGC 2023 Regulation C\n|rated|\n|rule|Species Clause: Limit one of each Pok\u00e9mon\n|rule|Item Clause: Limit one of each item\n|clearpoke\n|poke|p1|Barraskewda, L50, F|\n|poke|p1|Pelipper, L50, M|\n|poke|p1|Palafin, L50, F|\n|poke|p1|Amoonguss, L50, M|\n|poke|p1|Chien-Pao, L50|\n|poke|p1|Gholdengo, L50|\n|poke|p2|Arboliva, L50, F|\n|poke|p2|Hawlucha, L50, F|\n|poke|p2|Chien-Pao, L50|\n|poke|p2|Armarouge, L50, F|\n|poke|p2|Farigiraf, L50, F|\n|poke|p2|Indeedee-F, L50, F|\n|teampreview|4\n|\n|t:|1683627581\n|start\n|switch|p1a: Barraskewda|Barraskewda, L50, F|100\/100\n|switch|p1b: Palafin|Palafin, L50, F|100\/100\n|switch|p2a: Arboliva|Arboliva, L50, F|100\/100\n|switch|p2b: Farigiraf|Farigiraf, L50, F|100\/100\n|turn|1\n|\n|t:|1683627629\n|detailschange|p1b: Palafin|Palafin-Hero, L50, F\n|switch|p1b: Pelipper|Pelipper, L50, M|100\/100\n|-weather|RainDance|[from] ability: Drizzle|[of] p1b: Pelipper\n|-terastallize|p2a: Arboliva|Grass\n|move|p1a: Barraskewda|Close Combat|p2a: Arboliva\n|-damage|p2a: Arboliva|61\/100\n|-unboost|p1a: Barraskewda|def|1\n|-unboost|p1a: Barraskewda|spd|1\n|-fieldstart|move: Grassy Terrain|[from] ability: Seed Sower|[of] p2a: Arboliva\n|move|p2a: Arboliva|Giga Drain|p1a: Barraskewda\n|-supereffective|p1a: Barraskewda\n|-enditem|p1a: Barraskewda|Focus Sash\n|-damage|p1a: Barraskewda|1\/100\n|-heal|p2a: Arboliva|98\/100|[from] drain|[of] p1a: Barraskewda\n|move|p2b: Farigiraf|Trick Room|p2b: Farigiraf\n|-fieldstart|move: Trick Room|[of] p2b: Farigiraf\n|\n|-weather|RainDance|[upkeep]\n|-heal|p2a: Arboliva|100\/100|[from] Grassy Terrain\n|-heal|p1a: Barraskewda|7\/100|[from] Grassy Terrain\n|upkeep\n|turn|2\n|\n|t:|1683627673\n|move|p1a: Barraskewda|Protect|p1a: Barraskewda\n|-singleturn|p1a: Barraskewda|Protect\n|move|p2a: Arboliva|Leaf Storm|p1b: Pelipper\n|-damage|p1b: Pelipper|0 fnt\n|-unboost|p2a: Arboliva|spa|2\n|faint|p1b: Pelipper\n|move|p2b: Farigiraf|Hyper Voice|p1a: Barraskewda\n|-activate|p1a: Barraskewda|move: Protect\n|\n|-weather|RainDance|[upkeep]\n|-heal|p1a: Barraskewda|13\/100|[from] Grassy Terrain\n|upkeep\n|\n|t:|1683627685\n|switch|p1b: Chien-Pao|Chien-Pao, L50|100\/100\n|-ability|p1b: Chien-Pao|Sword of Ruin\n|turn|3\n|\n|t:|1683627720\n|switch|p1a: Palafin|Palafin-Hero, L50, F|100\/100\n|-activate|p1a: Palafin|ability: Zero to Hero\n|move|p2a: Arboliva|Leaf Storm|p1b: Chien-Pao\n|-damage|p1b: Chien-Pao|13\/100\n|-unboost|p2a: Arboliva|spa|2\n|move|p2b: Farigiraf|Hyper Voice|p1a: Palafin|[spread] p1a,p1b\n|-damage|p1a: Palafin|70\/100\n|-damage|p1b: Chien-Pao|0 fnt\n|faint|p1b: Chien-Pao\n|\n|-weather|RainDance|[upkeep]\n|-heal|p1a: Palafin|75\/100|[from] Grassy Terrain\n|upkeep\n|\n|t:|1683627732\n|switch|p1b: Barraskewda|Barraskewda, L50, F|13\/100\n|turn|4\n|\n|t:|1683627747\n|move|p1b: Barraskewda|Protect|p1b: Barraskewda\n|-singleturn|p1b: Barraskewda|Protect\n|move|p2a: Arboliva|Leaf Storm|p1a: Palafin\n|-supereffective|p1a: Palafin\n|-damage|p1a: Palafin|2\/100\n|-unboost|p2a: Arboliva|spa|2\n|move|p2b: Farigiraf|Hyper Voice|p1b: Barraskewda|[spread] p1a\n|-activate|p1b: Barraskewda|move: Protect\n|-damage|p1a: Palafin|0 fnt\n|faint|p1a: Palafin\n|\n|-weather|RainDance|[upkeep]\n|-heal|p1b: Barraskewda|19\/100|[from] Grassy Terrain\n|upkeep\n|turn|5\n|c|\u2606Pengueos|gg\n|\n|t:|1683627761\n|move|p1b: Barraskewda|Protect||[still]\n|-fail|p1b: Barraskewda\n|move|p2a: Arboliva|Leaf Storm|p1b: Barraskewda\n|-supereffective|p1b: Barraskewda\n|-damage|p1b: Barraskewda|0 fnt\n|faint|p1b: Barraskewda\n|\n|win|Pac042\n|raw|Pengueos's rating: 1000 → 1000<\/strong> (+0 for losing)\n|raw|Pac042's rating: 1000 → 1040<\/strong> (+40 for winning)\n|c|\u2606Pac042|gg\n|l|\u2606Pengueos\n","uploadtime":1683627772,"views":7,"p1id":"pengueos","p2id":"pac042","formatid":"gen9vgc2023regulationc","rating":1000,"private":0,"password":""}