{"id":"gen9vgc2023regulationc-1845196959","p1":"Training_ArcTM","p2":"ScraggypantsYT","format":"[Gen 9] VGC 2023 Regulation C","log":"|j|\u2606Training_ArcTM\n|j|\u2606ScraggypantsYT\n|t:|1681695163\n|gametype|doubles\n|player|p1|Training_ArcTM|1|\n|player|p2|ScraggypantsYT|plasmagrunt|\n|teamsize|p1|6\n|teamsize|p2|6\n|gen|9\n|tier|[Gen 9] VGC 2023 Regulation C\n|rule|Species Clause: Limit one of each Pok\u00e9mon\n|rule|Item Clause: Limit one of each item\n|clearpoke\n|poke|p1|Roaring Moon, L50|\n|poke|p1|Chien-Pao, L50|\n|poke|p1|Klefki, L50, M|\n|poke|p1|Azumarill, L50, F|\n|poke|p1|Lucario, L50, M|\n|poke|p1|Tauros-Paldea-Blaze, L50, M|\n|poke|p2|Pelipper, L50, F|\n|poke|p2|Palafin, L50, F|\n|poke|p2|Barraskewda, L50, M|\n|poke|p2|Magneton, L50|\n|poke|p2|Garganacl, L50, M|\n|poke|p2|Whiscash, L50, M|\n|teampreview|4\n|c|\u2606ScraggypantsYT|glhf\n|inactive|Battle timer is ON: inactive players will automatically lose when time's up. (requested by Training_ArcTM)\n|\n|t:|1681695204\n|start\n|switch|p1a: Chien-Pao|Chien-Pao, L50|100\/100\n|switch|p1b: Lucario|Lucario, L50, M|100\/100\n|switch|p2a: Make It Rain|Pelipper, L50, F|100\/100\n|switch|p2b: Final Gambit|Barraskewda, L50, M|100\/100\n|-ability|p1a: Chien-Pao|Sword of Ruin\n|-weather|RainDance|[from] ability: Drizzle|[of] p2a: Make It Rain\n|turn|1\n|inactive|ScraggypantsYT has 30 seconds left.\n|\n|t:|1681695232\n|switch|p2b: Boltz|Magneton, L50, shiny|100\/100\n|-terastallize|p1b: Lucario|Normal\n|move|p1b: Lucario|Extreme Speed|p2b: Boltz\n|-resisted|p2b: Boltz\n|-damage|p2b: Boltz|79\/100\n|move|p1a: Chien-Pao|Sucker Punch||[still]\n|-fail|p1a: Chien-Pao\n|move|p2a: Make It Rain|Hurricane|p1a: Chien-Pao\n|-damage|p1a: Chien-Pao|37\/100\n|\n|-weather|RainDance|[upkeep]\n|upkeep\n|turn|2\n|inactive|ScraggypantsYT has 30 seconds left.\n|inactive|ScraggypantsYT has 20 seconds left.\n|inactive|Training_ArcTM has 30 seconds left.\n|inactive|ScraggypantsYT has 15 seconds left.\n|\n|t:|1681695274\n|switch|p1b: Azumarill|Azumarill, L50, F|100\/100\n|move|p1a: Chien-Pao|Protect|p1a: Chien-Pao\n|-singleturn|p1a: Chien-Pao|Protect\n|move|p2b: Boltz|Thunder Wave|p1b: Azumarill\n|-status|p1b: Azumarill|par\n|move|p2a: Make It Rain|Hurricane|p1b: Azumarill\n|-damage|p1b: Azumarill|71\/100 par\n|\n|-weather|RainDance|[upkeep]\n|upkeep\n|turn|3\n|inactive|Training_ArcTM has 30 seconds left.\n|inactive|Training_ArcTM has 20 seconds left.\n|\n|t:|1681695312\n|move|p1a: Chien-Pao|Throat Chop|p2b: Boltz\n|-damage|p2b: Boltz|49\/100\n|-start|p2b: Boltz|Throat Chop|[silent]\n|move|p2b: Boltz|Electroweb|p1b: Azumarill|[spread] p1a,p1b\n|-supereffective|p1b: Azumarill\n|-damage|p1a: Chien-Pao|11\/100\n|-damage|p1b: Azumarill|43\/100 par\n|-unboost|p1a: Chien-Pao|spe|1\n|-unboost|p1b: Azumarill|spe|1\n|move|p2a: Make It Rain|U-turn|p1a: Chien-Pao\n|-supereffective|p1a: Chien-Pao\n|-damage|p1a: Chien-Pao|0 fnt\n|faint|p1a: Chien-Pao\n|\n|t:|1681695324\n|switch|p2a: Final Gambit|Barraskewda, L50, M|100\/100|[from] U-turn\n|move|p1b: Azumarill|Liquidation|p2b: Boltz\n|-damage|p2b: Boltz|0 fnt\n|faint|p2b: Boltz\n|\n|-weather|RainDance|[upkeep]\n|upkeep\n|\n|t:|1681695338\n|switch|p1a: Lucario|Lucario, L50, M, tera:Normal|100\/100\n|switch|p2b: Make It Rain|Pelipper, L50, F|100\/100\n|turn|4\n|\n|t:|1681695365\n|switch|p2a: Don't Be Salty|Garganacl, L50, M|100\/100\n|move|p1a: Lucario|Extreme Speed|p2a: Don't Be Salty\n|-resisted|p2a: Don't Be Salty\n|-damage|p2a: Don't Be Salty|79\/100\n|move|p1b: Azumarill|Aqua Jet|p2a: Don't Be Salty\n|-supereffective|p2a: Don't Be Salty\n|-damage|p2a: Don't Be Salty|26\/100\n|move|p2b: Make It Rain|Hurricane|p1a: Lucario\n|-damage|p1a: Lucario|36\/100\n|-start|p1a: Lucario|confusion\n|\n|-weather|RainDance|[upkeep]\n|-heal|p2a: Don't Be Salty|31\/100|[from] item: Leftovers\n|upkeep\n|turn|5\n|inactive|ScraggypantsYT has 30 seconds left.\n|inactive|ScraggypantsYT has 20 seconds left.\n|\n|t:|1681695404\n|switch|p1a: Tauros|Tauros-Paldea-Blaze, L50, M|100\/100\n|-ability|p1a: Tauros|Intimidate|boost\n|-unboost|p2a: Don't Be Salty|atk|1\n|-unboost|p2b: Make It Rain|atk|1\n|-terastallize|p2a: Don't Be Salty|Fairy\n|move|p1b: Azumarill|Aqua Jet|p2a: Don't Be Salty\n|-damage|p2a: Don't Be Salty|5\/100\n|move|p2b: Make It Rain|Hurricane|p1b: Azumarill\n|-crit|p1b: Azumarill\n|-damage|p1b: Azumarill|0 fnt\n|faint|p1b: Azumarill\n|move|p2a: Don't Be Salty|Body Press|p1a: Tauros\n|-damage|p1a: Tauros|79\/100\n|\n|-weather|none\n|-heal|p2a: Don't Be Salty|11\/100|[from] item: Leftovers\n|upkeep\n|\n|t:|1681695413\n|switch|p1b: Lucario|Lucario, L50, M, tera:Normal|36\/100\n|turn|6\n|inactive|ScraggypantsYT has 30 seconds left.\n|inactive|Training_ArcTM has 30 seconds left.\n|inactive|ScraggypantsYT has 20 seconds left.\n|inactive|ScraggypantsYT has 15 seconds left.\n|\n|t:|1681695454\n|switch|p2b: Final Gambit|Barraskewda, L50, M|100\/100\n|move|p1b: Lucario|Extreme Speed|p2b: Final Gambit\n|-damage|p2b: Final Gambit|0 fnt\n|faint|p2b: Final Gambit\n|move|p1a: Tauros|Flare Blitz|p2a: Don't Be Salty\n|-damage|p2a: Don't Be Salty|0 fnt\n|faint|p2a: Don't Be Salty\n|-damage|p1a: Tauros|75\/100|[from] Recoil\n|\n|upkeep\n|\n|t:|1681695467\n|switch|p2b: Make It Rain|Pelipper, L50, F|100\/100\n|-weather|RainDance|[from] ability: Drizzle|[of] p2b: Make It Rain\n|turn|7\n|\n|t:|1681695480\n|move|p1b: Lucario|Extreme Speed|p2b: Make It Rain\n|-damage|p2b: Make It Rain|51\/100\n|move|p1a: Tauros|Close Combat|p2b: Make It Rain\n|-resisted|p2b: Make It Rain\n|-damage|p2b: Make It Rain|32\/100\n|-unboost|p1a: Tauros|def|1\n|-unboost|p1a: Tauros|spd|1\n|move|p2b: Make It Rain|Hurricane|p1b: Lucario\n|-damage|p1b: Lucario|0 fnt\n|faint|p1b: Lucario\n|\n|-weather|RainDance|[upkeep]\n|upkeep\n|turn|8\n|\n|t:|1681695497\n|move|p1a: Tauros|Close Combat|p2b: Make It Rain\n|-resisted|p2b: Make It Rain\n|-damage|p2b: Make It Rain|11\/100\n|-unboost|p1a: Tauros|def|1\n|-unboost|p1a: Tauros|spd|1\n|move|p2b: Make It Rain|Hurricane|p1a: Tauros\n|-supereffective|p1a: Tauros\n|-damage|p1a: Tauros|0 fnt\n|faint|p1a: Tauros\n|\n|win|ScraggypantsYT\n|l|\u2606Training_ArcTM\n|c|\u2606ScraggypantsYT|GGs\n","uploadtime":1681695515,"views":26,"p1id":"trainingarctm","p2id":"scraggypantsyt","formatid":"gen9vgc2023regulationc","rating":0,"private":0,"password":""}