{"id":"gen9vgc2023regulationc-1846905262","p1":"pieno vivace","p2":"BullcatVGC","format":"[Gen 9] VGC 2023 Regulation C","log":"|j|\u2606pieno vivace\n|j|\u2606BullcatVGC\n|t:|1681898848\n|gametype|doubles\n|player|p1|pieno vivace|102|1459\n|player|p2|BullcatVGC|2|1420\n|teamsize|p1|6\n|teamsize|p2|6\n|gen|9\n|tier|[Gen 9] VGC 2023 Regulation C\n|rated|\n|rule|Species Clause: Limit one of each Pok\u00e9mon\n|rule|Item Clause: Limit one of each item\n|clearpoke\n|poke|p1|Orthworm, L50, F|\n|poke|p1|Dragonite, L50, M|\n|poke|p1|Ting-Lu, L50|\n|poke|p1|Gyarados, L50, M|\n|poke|p1|Flutter Mane, L50|\n|poke|p1|Chien-Pao, L50|\n|poke|p2|Chien-Pao, L50|\n|poke|p2|Talonflame, L50, M|\n|poke|p2|Garchomp, L50, M|\n|poke|p2|Iron Hands, L50|\n|poke|p2|Gholdengo, L50|\n|poke|p2|Gyarados, L50, M|\n|teampreview|4\n|\n|t:|1681898894\n|start\n|switch|p1a: Orthworm|Orthworm, L50, F|100\/100\n|switch|p1b: Gyarados|Gyarados, L50, M|100\/100\n|switch|p2a: Gyarados|Gyarados, L50, M|100\/100\n|switch|p2b: Garchomp|Garchomp, L50, M|100\/100\n|-ability|p1b: Gyarados|Intimidate|boost\n|-unboost|p2a: Gyarados|atk|1\n|-fail|p2b: Garchomp|unboost|[from] item: Clear Amulet|[of] p2b: Garchomp\n|-ability|p2a: Gyarados|Intimidate|boost\n|-unboost|p1a: Orthworm|atk|1\n|-unboost|p1b: Gyarados|atk|1\n|turn|1\n|\n|t:|1681898928\n|switch|p2b: Iron Hands|Iron Hands, L50|100\/100\n|move|p1b: Gyarados|Thunder Wave|p2a: Gyarados\n|-status|p2a: Gyarados|par\n|-enditem|p2a: Gyarados|Lum Berry|[eat]\n|-curestatus|p2a: Gyarados|par|[msg]\n|move|p2a: Gyarados|Thunder Wave|p1a: Orthworm|[miss]\n|-miss|p2a: Gyarados|p1a: Orthworm\n|move|p1a: Orthworm|Shed Tail|p1a: Orthworm\n|-start|p1a: Orthworm|Substitute|[from] move: Shed Tail\n|-damage|p1a: Orthworm|50\/100\n|-enditem|p1a: Orthworm|Sitrus Berry|[eat]\n|-heal|p1a: Orthworm|75\/100|[from] item: Sitrus Berry\n|\n|t:|1681898944\n|switch|p1a: Dragonite|Dragonite, L50, M|100\/100|[from] Shed Tail\n|\n|upkeep\n|turn|2\n|\n|t:|1681898967\n|move|p1a: Dragonite|Dragon Dance|p1a: Dragonite\n|-boost|p1a: Dragonite|atk|1\n|-boost|p1a: Dragonite|spe|1\n|move|p1b: Gyarados|Thunder Wave|p2a: Gyarados\n|-status|p2a: Gyarados|par\n|move|p2b: Iron Hands|Wild Charge|p1b: Gyarados\n|-supereffective|p1b: Gyarados\n|-damage|p1b: Gyarados|0 fnt\n|faint|p1b: Gyarados\n|-damage|p2b: Iron Hands|80\/100|[from] Recoil\n|cant|p2a: Gyarados|par\n|\n|upkeep\n|\n|t:|1681898976\n|switch|p1b: Orthworm|Orthworm, L50, F|75\/100\n|turn|3\n|\n|t:|1681898991\n|move|p1a: Dragonite|Earthquake|p2a: Gyarados|[spread] p2b\n|-heal|p1b: Orthworm|100\/100|[from] ability: Earth Eater|[of] p1a: Dragonite\n|-immune|p2a: Gyarados\n|-supereffective|p2b: Iron Hands\n|-damage|p2b: Iron Hands|32\/100\n|move|p1b: Orthworm|Iron Defense|p1b: Orthworm\n|-boost|p1b: Orthworm|def|2\n|move|p2b: Iron Hands|Wild Charge|p1a: Dragonite\n|-activate|p1a: Dragonite|move: Substitute|[damage]\n|-damage|p2b: Iron Hands|28\/100|[from] Recoil|[of] p1a: Dragonite\n|move|p2a: Gyarados|Waterfall|p1a: Dragonite\n|-resisted|p1a: Dragonite\n|-end|p1a: Dragonite|Substitute\n|\n|upkeep\n|turn|4\n|\n|t:|1681899030\n|-terastallize|p1a: Dragonite|Flying\n|-terastallize|p2b: Iron Hands|Flying\n|move|p1a: Dragonite|Tera Blast|p2a: Gyarados\n|-damage|p2a: Gyarados|17\/100 par\n|move|p1b: Orthworm|Body Press|p2b: Iron Hands\n|-resisted|p2b: Iron Hands\n|-damage|p2b: Iron Hands|9\/100\n|move|p2b: Iron Hands|Drain Punch|p1b: Orthworm\n|-supereffective|p1b: Orthworm\n|-damage|p1b: Orthworm|73\/100\n|-heal|p2b: Iron Hands|19\/100|[from] drain|[of] p1b: Orthworm\n|move|p2a: Gyarados|Thunder Wave|p1b: Orthworm\n|-status|p1b: Orthworm|par\n|\n|upkeep\n|turn|5\n|\n|t:|1681899064\n|move|p1a: Dragonite|Earthquake|p2b: Iron Hands|[spread] \n|-heal|p1b: Orthworm|98\/100 par|[from] ability: Earth Eater|[of] p1a: Dragonite\n|-immune|p2a: Gyarados\n|-immune|p2b: Iron Hands\n|move|p2b: Iron Hands|Wild Charge|p1a: Dragonite\n|-supereffective|p1a: Dragonite\n|-damage|p1a: Dragonite|48\/100\n|-damage|p2b: Iron Hands|10\/100|[from] Recoil\n|move|p2a: Gyarados|Thunder Wave|p1a: Dragonite\n|-status|p1a: Dragonite|par\n|-enditem|p1a: Dragonite|Lum Berry|[eat]\n|-curestatus|p1a: Dragonite|par|[msg]\n|cant|p1b: Orthworm|par\n|\n|upkeep\n|turn|6\n|\n|t:|1681899086\n|move|p1a: Dragonite|Extreme Speed|p2b: Iron Hands\n|-damage|p2b: Iron Hands|0 fnt\n|faint|p2b: Iron Hands\n|-end|p2b: Iron Hands|Quark Drive|[silent]\n|move|p2a: Gyarados|Thunder Wave|p1a: Dragonite|[miss]\n|-miss|p2a: Gyarados|p1a: Dragonite\n|cant|p1b: Orthworm|par\n|\n|upkeep\n|\n|t:|1681899098\n|switch|p2b: Chien-Pao|Chien-Pao, L50|100\/100\n|-ability|p2b: Chien-Pao|Sword of Ruin\n|turn|7\n|\n|t:|1681899110\n|move|p1a: Dragonite|Extreme Speed|p2a: Gyarados\n|-damage|p2a: Gyarados|0 fnt\n|faint|p2a: Gyarados\n|move|p2b: Chien-Pao|Ice Spinner|p1a: Dragonite\n|-supereffective|p1a: Dragonite\n|-damage|p1a: Dragonite|0 fnt\n|faint|p1a: Dragonite\n|move|p1b: Orthworm|Body Press|p2b: Chien-Pao\n|-supereffective|p2b: Chien-Pao\n|-enditem|p2b: Chien-Pao|Focus Sash\n|-damage|p2b: Chien-Pao|1\/100\n|\n|upkeep\n|\n|t:|1681899123\n|switch|p1a: Flutter Mane|Flutter Mane, L50|100\/100\n|switch|p2a: Garchomp|Garchomp, L50, M|100\/100\n|turn|8\n|\n|t:|1681899140\n|move|p2b: Chien-Pao|Sucker Punch|p1a: Flutter Mane\n|-damage|p1a: Flutter Mane|18\/100\n|move|p1a: Flutter Mane|Dazzling Gleam|p2b: Chien-Pao|[spread] p2a,p2b\n|-supereffective|p2a: Garchomp\n|-supereffective|p2b: Chien-Pao\n|-crit|p2b: Chien-Pao\n|-damage|p2a: Garchomp|1\/100\n|-damage|p2b: Chien-Pao|0 fnt\n|faint|p2b: Chien-Pao\n|move|p2a: Garchomp|Swords Dance|p2a: Garchomp\n|-boost|p2a: Garchomp|atk|2\n|move|p1b: Orthworm|Body Press|p2a: Garchomp\n|-damage|p2a: Garchomp|0 fnt\n|-damage|p1b: Orthworm|85\/100 par|[from] ability: Rough Skin|[of] p2a: Garchomp\n|faint|p2a: Garchomp\n|\n|win|pieno vivace\n|raw|pieno vivace's rating: 1459 → 1477<\/strong> (+18 for winning)\n|raw|BullcatVGC's rating: 1420 → 1402<\/strong> (-18 for losing)\n|l|\u2606BullcatVGC\n","uploadtime":1681899153,"views":15,"p1id":"pienovivace","p2id":"bullcatvgc","formatid":"gen9vgc2023regulationc","rating":1402,"private":0,"password":""}