{"id":"gen9vgc2023regulationc-1857740172","p1":"thelittlehobo1","p2":"Perju","format":"[Gen 9] VGC 2023 Regulation C","log":"|j|\u2606thelittlehobo1\n|j|\u2606Perju\n|t:|1683227258\n|gametype|doubles\n|player|p1|thelittlehobo1|1|1040\n|player|p2|Perju|cynthia-gen4|1020\n|teamsize|p1|6\n|teamsize|p2|6\n|gen|9\n|tier|[Gen 9] VGC 2023 Regulation C\n|rated|\n|rule|Species Clause: Limit one of each Pok\u00e9mon\n|rule|Item Clause: Limit one of each item\n|clearpoke\n|poke|p1|Scizor, L50, F|\n|poke|p1|Dragonite, L50, M|\n|poke|p1|Palafin, L50, F|\n|poke|p1|Umbreon, L50, M|\n|poke|p1|Iron Hands, L50|\n|poke|p1|Chien-Pao, L50|\n|poke|p2|Gholdengo, L50|\n|poke|p2|Maushold-Four, L50|\n|poke|p2|Dondozo, L50, F|\n|poke|p2|Tatsugiri, L50, M|\n|poke|p2|Wo-Chien, L50|\n|poke|p2|Glimmora, L50, M|\n|teampreview|4\n|inactive|Battle timer is ON: inactive players will automatically lose when time's up. (requested by Perju)\nPerju rejected open team sheets.\n|\n|t:|1683227307\n|start\n|switch|p1a: Umbreon|Umbreon, L50, M|100\/100\n|switch|p1b: Scizor|Scizor, L50, F|100\/100\n|switch|p2a: Glimmora|Glimmora, L50, M|100\/100\n|switch|p2b: Wo-Chien|Wo-Chien, L50|100\/100\n|-ability|p2b: Wo-Chien|Tablets of Ruin\n|turn|1\n|inactive|thelittlehobo1 has 30 seconds left.\n|inactive|thelittlehobo1 has 20 seconds left.\n|\n|t:|1683227346\n|move|p2a: Glimmora|Power Gem|p1b: Scizor\n|-damage|p1b: Scizor|20\/100\n|move|p2b: Wo-Chien|Leech Seed|p1a: Umbreon\n|-start|p1a: Umbreon|move: Leech Seed\n|move|p1a: Umbreon|Skill Swap|p2a: Glimmora\n|-activate|p1a: Umbreon|move: Skill Swap|Toxic Debris|Inner Focus|[of] p2a: Glimmora\n|move|p1b: Scizor|U-turn|p2b: Wo-Chien\n|-supereffective|p2b: Wo-Chien\n|-damage|p2b: Wo-Chien|0 fnt\n|faint|p2b: Wo-Chien\n|\n|t:|1683227367\n|switch|p1b: Chien-Pao|Chien-Pao, L50|100\/100|[from] U-turn\n|-ability|p1b: Chien-Pao|Sword of Ruin\n|\n|upkeep\n|\n|t:|1683227381\n|switch|p2b: Dondozo|Dondozo, L50, F|100\/100\n|turn|2\n|\n|t:|1683227398\n|move|p1b: Chien-Pao|Protect|p1b: Chien-Pao\n|-singleturn|p1b: Chien-Pao|Protect\n|move|p2a: Glimmora|Power Gem|p1b: Chien-Pao\n|-activate|p1b: Chien-Pao|move: Protect\n|move|p1a: Umbreon|Foul Play|p2b: Dondozo\n|-damage|p2b: Dondozo|59\/100\n|move|p2b: Dondozo|Earthquake|p1b: Chien-Pao|[spread] p2a,p1a\n|-activate|p1b: Chien-Pao|move: Protect\n|-supereffective|p2a: Glimmora\n|-damage|p2a: Glimmora|0 fnt\n|-damage|p1a: Umbreon|82\/100\n|-activate|p1a: Umbreon|ability: Toxic Debris\n|-sidestart|p2: Perju|move: Toxic Spikes\n|faint|p2a: Glimmora\n|\n|-heal|p1a: Umbreon|88\/100|[from] item: Leftovers\n|-damage|p1a: Umbreon|75\/100|[from] Leech Seed|[of] p2b: Dondozo\n|-heal|p2b: Dondozo|70\/100|[silent]\n|upkeep\n|\n|t:|1683227416\n|switch|p2a: Tatsugiri|Tatsugiri, L50, M|100\/100\n|-activate|p2a: Tatsugiri|ability: Commander|[of] p2b: Dondozo\n|-boost|p2b: Dondozo|atk|2\n|-boost|p2b: Dondozo|spa|2\n|-boost|p2b: Dondozo|spe|2\n|-boost|p2b: Dondozo|def|2\n|-boost|p2b: Dondozo|spd|2\n|turn|3\n|inactive|thelittlehobo1 has 30 seconds left.\n|inactive|thelittlehobo1 has 20 seconds left.\n|\n|t:|1683227452\n|move|p1b: Chien-Pao|Protect|p1b: Chien-Pao\n|-singleturn|p1b: Chien-Pao|Protect\n|move|p2b: Dondozo|Earthquake|p1a: Umbreon|[spread] p1a\n|-miss|p2b: Dondozo|p2a: Tatsugiri\n|-activate|p1b: Chien-Pao|move: Protect\n|-damage|p1a: Umbreon|41\/100\n|-activate|p1a: Umbreon|ability: Toxic Debris\n|-sidestart|p2: Perju|move: Toxic Spikes\n|move|p1a: Umbreon|Snarl|p2b: Dondozo|[spread] p2b\n|-miss|p1a: Umbreon|p2a: Tatsugiri\n|-damage|p2b: Dondozo|65\/100\n|-unboost|p2b: Dondozo|spa|1\n|\n|-heal|p1a: Umbreon|47\/100|[from] item: Leftovers\n|-damage|p1a: Umbreon|35\/100|[from] Leech Seed|[of] p2b: Dondozo\n|-heal|p2b: Dondozo|75\/100|[silent]\n|upkeep\n|turn|4\n|\n|t:|1683227473\n|switch|p1b: Iron Hands|Iron Hands, L50|100\/100\n|move|p2b: Dondozo|Protect|p2b: Dondozo\n|-singleturn|p2b: Dondozo|Protect\n|move|p1a: Umbreon|Foul Play|p2b: Dondozo\n|-activate|p2b: Dondozo|move: Protect\n|\n|-heal|p1a: Umbreon|41\/100|[from] item: Leftovers\n|-damage|p1a: Umbreon|29\/100|[from] Leech Seed|[of] p2b: Dondozo\n|-heal|p2b: Dondozo|86\/100|[silent]\n|upkeep\n|turn|5\n|inactive|thelittlehobo1 has 30 seconds left.\n|\n|t:|1683227500\n|-terastallize|p2b: Dondozo|Grass\n|move|p1b: Iron Hands|Fake Out|p2b: Dondozo\n|-damage|p2b: Dondozo|80\/100\n|cant|p2b: Dondozo|flinch\n|move|p1a: Umbreon|Foul Play|p2b: Dondozo\n|-damage|p2b: Dondozo|66\/100\n|\n|-heal|p1a: Umbreon|35\/100|[from] item: Leftovers\n|-damage|p1a: Umbreon|22\/100|[from] Leech Seed|[of] p2b: Dondozo\n|-heal|p2b: Dondozo|77\/100|[silent]\n|upkeep\n|turn|6\n|inactive|thelittlehobo1 has 30 seconds left.\n|\n|t:|1683227529\n|switch|p1a: Chien-Pao|Chien-Pao, L50|100\/100\n|-ability|p1a: Chien-Pao|Sword of Ruin\n|move|p2b: Dondozo|Earthquake|p1b: Iron Hands|[spread] p1a,p1b\n|-miss|p2b: Dondozo|p2a: Tatsugiri\n|-supereffective|p1b: Iron Hands\n|-damage|p1a: Chien-Pao|40\/100\n|-damage|p1b: Iron Hands|25\/100\n|move|p1b: Iron Hands|Volt Switch|p2b: Dondozo\n|-resisted|p2b: Dondozo\n|-damage|p2b: Dondozo|74\/100\n|\n|t:|1683227541\n|-end|p1b: Iron Hands|Quark Drive|[silent]\n|switch|p1b: Umbreon|Umbreon, L50, M|22\/100|[from] Volt Switch\n|\n|-heal|p1b: Umbreon|29\/100|[from] item: Leftovers\n|upkeep\n|turn|7\n|inactive|thelittlehobo1 has 30 seconds left.\n|inactive|thelittlehobo1 has 20 seconds left.\n|\n|t:|1683227577\n|move|p1b: Umbreon|Helping Hand|p1a: Chien-Pao\n|-singleturn|p1a: Chien-Pao|Helping Hand|[of] p1b: Umbreon\n|move|p1a: Chien-Pao|Ice Spinner|p2b: Dondozo\n|-supereffective|p2b: Dondozo\n|-damage|p2b: Dondozo|20\/100\n|move|p2b: Dondozo|Earthquake|p1a: Chien-Pao|[spread] p1a,p1b\n|-miss|p2b: Dondozo|p2a: Tatsugiri\n|-damage|p1a: Chien-Pao|0 fnt\n|-damage|p1b: Umbreon|0 fnt\n|faint|p1a: Chien-Pao\n|faint|p1b: Umbreon\n|\n|upkeep\n|\n|t:|1683227588\n|switch|p1a: Scizor|Scizor, L50, F|20\/100\n|switch|p1b: Iron Hands|Iron Hands, L50|25\/100\n|turn|8\n|\n|t:|1683227596\n|move|p1b: Iron Hands|Fake Out|p2b: Dondozo\n|-damage|p2b: Dondozo|14\/100\n|cant|p2b: Dondozo|flinch\n|move|p1a: Scizor|U-turn|p2b: Dondozo\n|-supereffective|p2b: Dondozo\n|-damage|p2b: Dondozo|0 fnt\n|faint|p2b: Dondozo\n|\n|upkeep\n|turn|9\n|\n|t:|1683227616\n|move|p2a: Tatsugiri|Muddy Water|p1a: Scizor|[spread] p1a,p1b\n|-damage|p1a: Scizor|0 fnt\n|-damage|p1b: Iron Hands|8\/100\n|faint|p1a: Scizor\n|move|p1b: Iron Hands|Wild Charge|p2a: Tatsugiri\n|-damage|p2a: Tatsugiri|0 fnt\n|faint|p2a: Tatsugiri\n|-damage|p1b: Iron Hands|0 fnt|[from] Recoil\n|faint|p1b: Iron Hands\n|-end|p1b: Iron Hands|Quark Drive|[silent]\n|\n|win|thelittlehobo1\n|raw|thelittlehobo1's rating: 1040 → 1072<\/strong> (+32 for winning)\n|raw|Perju's rating: 1020 → 1008<\/strong> (-12 for losing)\n|c|\u2606thelittlehobo1|gg\n","uploadtime":1683227628,"views":10,"p1id":"thelittlehobo1","p2id":"perju","formatid":"gen9vgc2023regulationc","rating":1008,"private":0,"password":""}