{"id":"gen9vgc2023regulationc-1862770261","p1":"squazo","p2":"0TestingAC0","format":"[Gen 9] VGC 2023 Regulation C","log":"|j|\u2606squazo\n|j|\u26060TestingAC0\n|t:|1683920128\n|gametype|doubles\n|player|p1|squazo|unknown|1399\n|player|p2|0TestingAC0|shadowtriad|1307\n|teamsize|p1|6\n|teamsize|p2|6\n|gen|9\n|tier|[Gen 9] VGC 2023 Regulation C\n|rated|\n|rule|Species Clause: Limit one of each Pok\u00e9mon\n|rule|Item Clause: Limit one of each item\n|clearpoke\n|poke|p1|Great Tusk, L50|\n|poke|p1|Talonflame, L50, M|\n|poke|p1|Palafin, L50, F|\n|poke|p1|Tinkaton, L50, F|\n|poke|p1|Dragonite, L50, F|\n|poke|p1|Chi-Yu, L50|\n|poke|p2|Iron Bundle, L50|\n|poke|p2|Dondozo, L50, F|\n|poke|p2|Tatsugiri, L50, M|\n|poke|p2|Glimmora, L50, F|\n|poke|p2|Dragonite, L50, F|\n|poke|p2|Chi-Yu, L50|\n|teampreview|4\nsquazo has agreed to open team sheets.\n|\n|t:|1683920169\n|start\n|switch|p1a: all might|Palafin, L50, F|100\/100\n|switch|p1b: AGONY|Chi-Yu, L50|100\/100\n|switch|p2a: Dragonite|Dragonite, L50, F|100\/100\n|switch|p2b: Dondozo|Dondozo, L50, F|100\/100\n|-ability|p1b: AGONY|Beads of Ruin\n|turn|1\n|\n|t:|1683920192\n|detailschange|p1a: all might|Palafin-Hero, L50, F\n|switch|p1a: TinkaBONK !|Tinkaton, L50, F|100\/100\n|-ability|p1a: TinkaBONK !|Mold Breaker\n|-terastallize|p1b: AGONY|Electric\n|move|p2a: Dragonite|Extreme Speed|p1b: AGONY\n|-damage|p1b: AGONY|49\/100\n|move|p1b: AGONY|Tera Blast|p2b: Dondozo\n|-supereffective|p2b: Dondozo\n|-damage|p2b: Dondozo|0 fnt\n|faint|p2b: Dondozo\n|\n|upkeep\n|\n|t:|1683920205\n|switch|p2b: Chi-Yu|Chi-Yu, L50|100\/100\n|-ability|p2b: Chi-Yu|Beads of Ruin\n|turn|2\n|\n|t:|1683920235\n|switch|p1b: all might|Palafin-Hero, L50, F|100\/100\n|-activate|p1b: all might|ability: Zero to Hero\n|-terastallize|p2a: Dragonite|Normal\n|move|p1a: TinkaBONK !|Fake Out|p2b: Chi-Yu\n|-damage|p2b: Chi-Yu|88\/100\n|move|p2a: Dragonite|Extreme Speed|p1a: TinkaBONK !\n|-resisted|p1a: TinkaBONK !\n|-damage|p1a: TinkaBONK !|81\/100\n|cant|p2b: Chi-Yu|flinch\n|\n|upkeep\n|turn|3\n|\n|t:|1683920254\n|move|p2b: Chi-Yu|Protect|p2b: Chi-Yu\n|-singleturn|p2b: Chi-Yu|Protect\n|move|p1b: all might|Jet Punch|p2b: Chi-Yu\n|-activate|p2b: Chi-Yu|move: Protect\n|move|p1a: TinkaBONK !|Swords Dance|p1a: TinkaBONK !\n|-boost|p1a: TinkaBONK !|atk|2\n|move|p2a: Dragonite|Earthquake|p1b: all might|[spread] p1a,p1b\n|-activate|p2b: Chi-Yu|move: Protect\n|-supereffective|p1a: TinkaBONK !\n|-damage|p1a: TinkaBONK !|33\/100\n|-damage|p1b: all might|71\/100\n|-enditem|p1a: TinkaBONK !|Sitrus Berry|[eat]\n|-heal|p1a: TinkaBONK !|57\/100|[from] item: Sitrus Berry\n|\n|upkeep\n|turn|4\n|\n|t:|1683920283\n|move|p2b: Chi-Yu|Heat Wave|p1b: all might|[spread] p1a,p1b\n|-supereffective|p1a: TinkaBONK !\n|-resisted|p1b: all might\n|-damage|p1a: TinkaBONK !|0 fnt\n|-damage|p1b: all might|44\/100\n|faint|p1a: TinkaBONK !\n|move|p1b: all might|Wave Crash|p2b: Chi-Yu\n|-supereffective|p2b: Chi-Yu\n|-damage|p2b: Chi-Yu|0 fnt\n|faint|p2b: Chi-Yu\n|-damage|p1b: all might|22\/100|[from] Recoil\n|move|p2a: Dragonite|Earthquake|p1b: all might\n|-damage|p1b: all might|0 fnt\n|faint|p1b: all might\n|\n|upkeep\n|\n|t:|1683920297\n|switch|p2b: Iron Bundle|Iron Bundle, L50|100\/100\n|switch|p1b: eq go brrrrrrrr|Great Tusk, L50|100\/100\n|switch|p1a: AGONY|Chi-Yu, L50, tera:Electric|49\/100\n|-ability|p1a: AGONY|Beads of Ruin\n|-enditem|p2b: Iron Bundle|Booster Energy\n|-activate|p2b: Iron Bundle|ability: Quark Drive|[fromitem]\n|-start|p2b: Iron Bundle|quarkdrivespe\n|turn|5\n|\n|t:|1683920311\n|move|p2b: Iron Bundle|Protect|p2b: Iron Bundle\n|-singleturn|p2b: Iron Bundle|Protect\n|move|p1a: AGONY|Tera Blast|p2b: Iron Bundle\n|-activate|p2b: Iron Bundle|move: Protect\n|move|p1b: eq go brrrrrrrr|Close Combat|p2a: Dragonite\n|-supereffective|p2a: Dragonite\n|-damage|p2a: Dragonite|31\/100\n|-unboost|p1b: eq go brrrrrrrr|def|1\n|-unboost|p1b: eq go brrrrrrrr|spd|1\n|move|p2a: Dragonite|Earthquake|p1b: eq go brrrrrrrr|[spread] p1a,p1b\n|-activate|p2b: Iron Bundle|move: Protect\n|-supereffective|p1a: AGONY\n|-damage|p1a: AGONY|0 fnt\n|-damage|p1b: eq go brrrrrrrr|66\/100\n|faint|p1a: AGONY\n|\n|upkeep\n|turn|6\n|\n|t:|1683920330\n|move|p2a: Dragonite|Extreme Speed|p1b: eq go brrrrrrrr\n|-damage|p1b: eq go brrrrrrrr|15\/100\n|move|p2b: Iron Bundle|Freeze-Dry|p1b: eq go brrrrrrrr\n|-supereffective|p1b: eq go brrrrrrrr\n|-damage|p1b: eq go brrrrrrrr|0 fnt\n|faint|p1b: eq go brrrrrrrr\n|-end|p1b: eq go brrrrrrrr|Protosynthesis|[silent]\n|\n|win|0TestingAC0\n|raw|squazo's rating: 1399 → 1374<\/strong> (-25 for losing)\n|raw|0TestingAC0's rating: 1307 → 1332<\/strong> (+25 for winning)\n|l|\u2606squazo\n","uploadtime":1683920336,"views":15,"p1id":"squazo","p2id":"0testingac0","formatid":"gen9vgc2023regulationc","rating":1332,"private":0,"password":""}