{"id":"gen9vgc2023regulationc-1847119481","p1":"havenaargol7","p2":"Piccolo Ruiz","format":"[Gen 9] VGC 2023 Regulation C","log":"|j|\u2606havenaargol7\n|j|\u2606Piccolo Ruiz\n|t:|1681920671\n|gametype|doubles\n|player|p1|havenaargol7|cynthia-gen4|1397\n|player|p2|Piccolo Ruiz|valerie|1407\n|teamsize|p1|6\n|teamsize|p2|6\n|gen|9\n|tier|[Gen 9] VGC 2023 Regulation C\n|rated|\n|rule|Species Clause: Limit one of each Pok\u00e9mon\n|rule|Item Clause: Limit one of each item\n|clearpoke\n|poke|p1|Gholdengo, L50|\n|poke|p1|Wo-Chien, L50|\n|poke|p1|Pelipper, L50, M|\n|poke|p1|Bellibolt, L50, M|\n|poke|p1|Iron Valiant, L50|\n|poke|p1|Baxcalibur, L50, F|\n|poke|p2|Flutter Mane, L50|\n|poke|p2|Amoonguss, L50, F|\n|poke|p2|Gyarados, L50, F|\n|poke|p2|Ceruledge, L50, F|\n|poke|p2|Ting-Lu, L50|\n|poke|p2|Baxcalibur, L50, F|\n|teampreview|4\n|inactive|Battle timer is ON: inactive players will automatically lose when time's up. (requested by Piccolo Ruiz)\n|inactive|havenaargol7 has 60 seconds left.\n|inactive|Piccolo Ruiz has 60 seconds left.\n|\n|t:|1681920728\n|start\n|switch|p1a: Pelipper|Pelipper, L50, M|100\/100\n|switch|p1b: Bellibolt|Bellibolt, L50, M|100\/100\n|switch|p2a: Sasha Colby|Flutter Mane, L50|100\/100\n|switch|p2b: Katya|Baxcalibur, L50, F, shiny|100\/100\n|-weather|RainDance|[from] ability: Drizzle|[of] p1a: Pelipper\n|turn|1\n|\n|t:|1681920751\n|move|p2a: Sasha Colby|Dazzling Gleam|p1a: Pelipper|[spread] p1a,p1b\n|-damage|p1a: Pelipper|51\/100\n|-damage|p1b: Bellibolt|65\/100\n|-start|p1b: Bellibolt|Charge|Dazzling Gleam|[from] ability: Electromorphosis\n|move|p2b: Katya|Glaive Rush|p1b: Bellibolt\n|-damage|p1b: Bellibolt|5\/100\n|-singlemove|p2b: Katya|Glaive Rush|[silent]\n|-start|p1b: Bellibolt|Charge|Glaive Rush|[from] ability: Electromorphosis\n|move|p1a: Pelipper|Hydro Pump|p2b: Katya\n|-resisted|p2b: Katya\n|-damage|p2b: Katya|42\/100\n|move|p1b: Bellibolt|Thunder|p2a: Sasha Colby\n|-damage|p2a: Sasha Colby|0 fnt\n|faint|p2a: Sasha Colby\n|-end|p2a: Sasha Colby|Protosynthesis|[silent]\n|-end|p1b: Bellibolt|Charge|[silent]\n|\n|-weather|RainDance|[upkeep]\n|upkeep\n|\n|t:|1681920768\n|switch|p2a: Ting-Lu|Ting-Lu, L50|100\/100\n|-ability|p2a: Ting-Lu|Vessel of Ruin\n|turn|2\n|\n|t:|1681920780\n|-terastallize|p2a: Ting-Lu|Grass\n|move|p1b: Bellibolt|Protect|p1b: Bellibolt\n|-singleturn|p1b: Bellibolt|Protect\n|move|p2b: Katya|Ice Shard|p1b: Bellibolt\n|-activate|p1b: Bellibolt|move: Protect\n|move|p1a: Pelipper|Hurricane|p2b: Katya\n|-damage|p2b: Katya|11\/100\n|move|p2a: Ting-Lu|Ruination|p1a: Pelipper\n|-damage|p1a: Pelipper|26\/100\n|\n|-weather|RainDance|[upkeep]\n|upkeep\n|turn|3\n|\n|t:|1681920800\n|switch|p2a: Bianca|Gyarados, L50, F, shiny|100\/100\n|-ability|p2a: Bianca|Intimidate|boost\n|-unboost|p1a: Pelipper|atk|1\n|-unboost|p1b: Bellibolt|atk|1\n|move|p1b: Bellibolt|Protect||[still]\n|-fail|p1b: Bellibolt\n|move|p2b: Katya|Ice Shard|p1b: Bellibolt\n|-damage|p1b: Bellibolt|0 fnt\n|faint|p1b: Bellibolt\n|move|p1a: Pelipper|Hurricane|p2b: Katya\n|-damage|p2b: Katya|0 fnt\n|faint|p2b: Katya\n|\n|-weather|RainDance|[upkeep]\n|upkeep\n|\n|t:|1681920813\n|switch|p2b: Ting-Lu|Ting-Lu, L50, tera:Grass|100\/100\n|switch|p1b: Wo-Chien|Wo-Chien, L50|100\/100\n|-ability|p1b: Wo-Chien|Tablets of Ruin\n|-ability|p2b: Ting-Lu|Vessel of Ruin\n|turn|4\n|\n|t:|1681920824\n|move|p1a: Pelipper|Protect|p1a: Pelipper\n|-singleturn|p1a: Pelipper|Protect\n|move|p2a: Bianca|Waterfall|p1a: Pelipper\n|-activate|p1a: Pelipper|move: Protect\n|move|p1b: Wo-Chien|Leech Seed|p2a: Bianca\n|-start|p2a: Bianca|move: Leech Seed\n|move|p2b: Ting-Lu|Fissure|p1b: Wo-Chien\n|-damage|p1b: Wo-Chien|0 fnt\n|faint|p1b: Wo-Chien\n|-ohko\n|\n|-weather|RainDance|[upkeep]\n|upkeep\n|\n|t:|1681920839\n|switch|p1b: Iron Valiant|Iron Valiant, L50|100\/100\n|turn|5\n|\n|t:|1681920858\n|-terastallize|p1a: Pelipper|Grass\n|move|p1b: Iron Valiant|Dazzling Gleam|p2a: Bianca|[spread] p2a,p2b\n|-damage|p2a: Bianca|83\/100\n|-damage|p2b: Ting-Lu|89\/100\n|move|p2a: Bianca|Waterfall|p1a: Pelipper\n|-resisted|p1a: Pelipper\n|-damage|p1a: Pelipper|0 fnt\n|faint|p1a: Pelipper\n|move|p2b: Ting-Lu|Heavy Slam|p1b: Iron Valiant\n|-supereffective|p1b: Iron Valiant\n|-damage|p1b: Iron Valiant|25\/100\n|\n|-weather|RainDance|[upkeep]\n|-damage|p2a: Bianca|71\/100|[from] Leech Seed|[of] p1b: Iron Valiant\n|-heal|p1b: Iron Valiant|41\/100|[silent]\n|upkeep\n|turn|6\n|\n|t:|1681920875\n|move|p1b: Iron Valiant|Protect|p1b: Iron Valiant\n|-singleturn|p1b: Iron Valiant|Protect\n|move|p2a: Bianca|Thunder Wave|p1b: Iron Valiant\n|-activate|p1b: Iron Valiant|move: Protect\n|move|p2b: Ting-Lu|Heavy Slam|p1b: Iron Valiant\n|-activate|p1b: Iron Valiant|move: Protect\n|\n|-weather|RainDance|[upkeep]\n|-damage|p2a: Bianca|58\/100|[from] Leech Seed|[of] p1b: Iron Valiant\n|-heal|p1b: Iron Valiant|57\/100|[silent]\n|upkeep\n|turn|7\n|\n|t:|1681920887\n|move|p1b: Iron Valiant|Dazzling Gleam|p2b: Ting-Lu|[spread] p2a,p2b\n|-damage|p2a: Bianca|40\/100\n|-damage|p2b: Ting-Lu|76\/100\n|move|p2a: Bianca|Waterfall|p1b: Iron Valiant\n|-damage|p1b: Iron Valiant|0 fnt\n|faint|p1b: Iron Valiant\n|-end|p1b: Iron Valiant|Quark Drive|[silent]\n|\n|win|Piccolo Ruiz\n|raw|havenaargol7's rating: 1397 → 1378<\/strong> (-19 for losing)\n|raw|Piccolo Ruiz's rating: 1407 → 1426<\/strong> (+19 for winning)\n|c|\u2606Piccolo Ruiz|gg\n|l|\u2606havenaargol7\n","uploadtime":1681920898,"views":8,"p1id":"havenaargol7","p2id":"piccoloruiz","formatid":"gen9vgc2023regulationc","rating":1378,"private":0,"password":""}