{"id":"gen9vgc2023regulationc-1858533102","p1":"dsflkcbdf.zjxk","p2":"Giga_Silver_Fox","format":"[Gen 9] VGC 2023 Regulation C","log":"|j|\u2606dsflkcbdf.zjxk\n|j|\u2606Giga_Silver_Fox\n|t:|1683322241\n|gametype|doubles\n|player|p1|dsflkcbdf.zjxk|169|1128\n|player|p2|Giga_Silver_Fox|riley|1096\n|teamsize|p1|6\n|teamsize|p2|6\n|gen|9\n|tier|[Gen 9] VGC 2023 Regulation C\n|rated|\n|rule|Species Clause: Limit one of each Pok\u00e9mon\n|rule|Item Clause: Limit one of each item\n|clearpoke\n|poke|p1|Roaring Moon, L50|\n|poke|p1|Iron Bundle, L50|\n|poke|p1|Garganacl, L50, M|\n|poke|p1|Ting-Lu, L50|\n|poke|p1|Arcanine, L50, F|\n|poke|p1|Flutter Mane, L50|\n|poke|p2|Houndstone, L50, M|\n|poke|p2|Tyranitar, L50, M|\n|poke|p2|Great Tusk, L50|\n|poke|p2|Talonflame, L50, F|\n|poke|p2|Iron Bundle, L50|\n|poke|p2|Gholdengo, L50|\n|teampreview|4\n|inactive|Battle timer is ON: inactive players will automatically lose when time's up. (requested by Giga_Silver_Fox)\n|\n|t:|1683322278\n|start\n|switch|p1a: Roaring Moon|Roaring Moon, L50|100\/100\n|switch|p1b: Flutter Mane|Flutter Mane, L50|100\/100\n|switch|p2a: Gold Surfer|Gholdengo, L50|100\/100\n|switch|p2b: Greatest Tusk|Great Tusk, L50|100\/100\n|-enditem|p1a: Roaring Moon|Booster Energy\n|-activate|p1a: Roaring Moon|ability: Protosynthesis|[fromitem]\n|-start|p1a: Roaring Moon|protosynthesisspe\n|turn|1\n|\n|t:|1683322294\n|move|p1b: Flutter Mane|Protect|p1b: Flutter Mane\n|-singleturn|p1b: Flutter Mane|Protect\n|move|p2a: Gold Surfer|Protect|p2a: Gold Surfer\n|-singleturn|p2a: Gold Surfer|Protect\n|move|p1a: Roaring Moon|Breaking Swipe|p2a: Gold Surfer|[spread] p2b\n|-activate|p2a: Gold Surfer|move: Protect\n|-damage|p2b: Greatest Tusk|83\/100\n|-unboost|p2b: Greatest Tusk|atk|1\n|move|p2b: Greatest Tusk|Close Combat|p1a: Roaring Moon\n|-supereffective|p1a: Roaring Moon\n|-damage|p1a: Roaring Moon|0 fnt\n|-unboost|p2b: Greatest Tusk|def|1\n|-unboost|p2b: Greatest Tusk|spd|1\n|faint|p1a: Roaring Moon\n|-end|p1a: Roaring Moon|Protosynthesis|[silent]\n|\n|upkeep\n|\n|t:|1683322307\n|switch|p1a: Garganacl|Garganacl, L50, M|100\/100\n|turn|2\n|\n|t:|1683322316\n|-end|p2b: Greatest Tusk|Protosynthesis|[silent]\n|switch|p2b: Erie Bundle|Iron Bundle, L50|100\/100\n|-enditem|p2b: Erie Bundle|Booster Energy\n|-activate|p2b: Erie Bundle|ability: Quark Drive|[fromitem]\n|-start|p2b: Erie Bundle|quarkdrivespe\n|-terastallize|p1a: Garganacl|Ghost\n|move|p1b: Flutter Mane|Moonblast|p2b: Erie Bundle\n|-damage|p2b: Erie Bundle|3\/100\n|move|p2a: Gold Surfer|Make It Rain|p1a: Garganacl|[spread] p1a,p1b\n|-supereffective|p1b: Flutter Mane\n|-damage|p1a: Garganacl|54\/100\n|-enditem|p1b: Flutter Mane|Focus Sash\n|-damage|p1b: Flutter Mane|1\/100\n|-unboost|p2a: Gold Surfer|spa|1\n|-damage|p2a: Gold Surfer|91\/100|[from] item: Life Orb\n|move|p1a: Garganacl|Iron Defense|p1a: Garganacl\n|-boost|p1a: Garganacl|def|2\n|\n|-heal|p1a: Garganacl|59\/100|[from] item: Leftovers\n|upkeep\n|turn|3\n|\n|t:|1683322339\n|-end|p1b: Flutter Mane|Protosynthesis|[silent]\n|switch|p1b: Ting-Lu|Ting-Lu, L50|100\/100\n|-ability|p1b: Ting-Lu|Vessel of Ruin\n|-terastallize|p2b: Erie Bundle|Ice\n|move|p2b: Erie Bundle|Icy Wind|p1a: Garganacl|[spread] p1a,p1b\n|-supereffective|p1b: Ting-Lu\n|-damage|p1a: Garganacl|43\/100\n|-damage|p1b: Ting-Lu|65\/100\n|-unboost|p1a: Garganacl|spe|1\n|-unboost|p1b: Ting-Lu|spe|1\n|move|p2a: Gold Surfer|Nasty Plot|p2a: Gold Surfer\n|-boost|p2a: Gold Surfer|spa|2\n|move|p1a: Garganacl|Salt Cure|p2a: Gold Surfer\n|-resisted|p2a: Gold Surfer\n|-damage|p2a: Gold Surfer|84\/100\n|-start|p2a: Gold Surfer|Salt Cure\n|\n|-heal|p1a: Garganacl|49\/100|[from] item: Leftovers\n|-damage|p2a: Gold Surfer|59\/100|[from] Salt Cure\n|upkeep\n|turn|4\n|\n|t:|1683322359\n|move|p1a: Garganacl|Protect|p1a: Garganacl\n|-singleturn|p1a: Garganacl|Protect\n|move|p2b: Erie Bundle|Hydro Pump|p1b: Ting-Lu\n|-supereffective|p1b: Ting-Lu\n|-damage|p1b: Ting-Lu|3\/100\n|move|p2a: Gold Surfer|Make It Rain|p1a: Garganacl|[spread] p1b\n|-activate|p1a: Garganacl|move: Protect\n|-damage|p1b: Ting-Lu|0 fnt\n|-unboost|p2a: Gold Surfer|spa|1\n|faint|p1b: Ting-Lu\n|-damage|p2a: Gold Surfer|49\/100|[from] item: Life Orb\n|\n|-heal|p1a: Garganacl|55\/100|[from] item: Leftovers\n|-damage|p2a: Gold Surfer|24\/100|[from] Salt Cure\n|upkeep\n|\n|t:|1683322366\n|switch|p1b: Flutter Mane|Flutter Mane, L50|1\/100\n|turn|5\n|\n|t:|1683322378\n|move|p2b: Erie Bundle|Icy Wind|p1b: Flutter Mane|[spread] p1a,p1b\n|-damage|p1a: Garganacl|32\/100\n|-damage|p1b: Flutter Mane|0 fnt\n|-unboost|p1a: Garganacl|spe|1\n|faint|p1b: Flutter Mane\n|-end|p1b: Flutter Mane|Protosynthesis|[silent]\n|move|p2a: Gold Surfer|Make It Rain|p1a: Garganacl\n|-damage|p1a: Garganacl|0 fnt\n|-unboost|p2a: Gold Surfer|spa|1\n|faint|p1a: Garganacl\n|-damage|p2a: Gold Surfer|15\/100|[from] item: Life Orb\n|\n|win|Giga_Silver_Fox\n|raw|dsflkcbdf.zjxk's rating: 1128 → 1101<\/strong> (-27 for losing)\n|raw|Giga_Silver_Fox's rating: 1096 → 1124<\/strong> (+28 for winning)\n|l|\u2606dsflkcbdf.zjxk\n|c|\u2606Giga_Silver_Fox|ggs\n","uploadtime":1683322424,"views":6,"p1id":"dsflkcbdfzjxk","p2id":"gigasilverfox","formatid":"gen9vgc2023regulationc","rating":1101,"private":0,"password":""}