{"id":"gen9vgc2023regulationc-1845302857","p1":"Sumo'sWeenusVGC","p2":"Luppuslamb","format":"[Gen 9] VGC 2023 Regulation C","log":"|j|\u2606Sumo'sWeenusVGC\n|j|\u2606Luppuslamb\n|t:|1681710978\n|gametype|doubles\n|player|p1|Sumo'sWeenusVGC|colress|1171\n|player|p2|Luppuslamb|veteran|1224\n|teamsize|p1|6\n|teamsize|p2|6\n|gen|9\n|tier|[Gen 9] VGC 2023 Regulation C\n|rated|\n|rule|Species Clause: Limit one of each Pok\u00e9mon\n|rule|Item Clause: Limit one of each item\n|clearpoke\n|poke|p1|Ting-Lu, L50|\n|poke|p1|Wo-Chien, L50|\n|poke|p1|Flutter Mane, L50|\n|poke|p1|Glimmora, L50, F|\n|poke|p1|Palafin, L50, F|\n|poke|p1|Arcanine, L50, M|\n|poke|p2|Ting-Lu, L50|\n|poke|p2|Roaring Moon, L50|\n|poke|p2|Iron Hands, L50|\n|poke|p2|Palafin, L50, F|\n|poke|p2|Flutter Mane, L50|\n|poke|p2|Arcanine, L50, M|\n|teampreview|4\n|inactive|Battle timer is ON: inactive players will automatically lose when time's up. (requested by Sumo'sWeenusVGC)\nSumo'sWeenusVGC has agreed to open team sheets.\n|inactive|Sumo'sWeenusVGC has 60 seconds left.\nLuppuslamb has agreed to open team sheets.\n|\n|t:|1681711032\n|start\n|switch|p1a: Bad Dolphin|Palafin, L50, F, shiny|100\/100\n|switch|p1b: Glimmora|Glimmora, L50, F, shiny|100\/100\n|switch|p2a: Ting-Lu|Ting-Lu, L50|100\/100\n|switch|p2b: Iron Hands|Iron Hands, L50|100\/100\n|-ability|p2a: Ting-Lu|Vessel of Ruin\n|turn|1\n|\n|t:|1681711049\n|detailschange|p1a: Bad Dolphin|Palafin-Hero, L50, F, shiny\n|switch|p1a: Wo-Chien|Wo-Chien, L50|100\/100\n|-ability|p1a: Wo-Chien|Tablets of Ruin\n|move|p2b: Iron Hands|Fake Out|p1b: Glimmora\n|-resisted|p1b: Glimmora\n|-damage|p1b: Glimmora|94\/100\n|cant|p1b: Glimmora|flinch\n|move|p2a: Ting-Lu|Stomping Tantrum|p1b: Glimmora\n|-supereffective|p1b: Glimmora\n|-damage|p1b: Glimmora|0 fnt\n|faint|p1b: Glimmora\n|\n|upkeep\n|\n|t:|1681711061\n|switch|p1b: Bad Dolphin|Palafin-Hero, L50, F, shiny|100\/100\n|-activate|p1b: Bad Dolphin|ability: Zero to Hero\n|turn|2\n|\n|t:|1681711078\n|-terastallize|p1b: Bad Dolphin|Water\n|move|p1b: Bad Dolphin|Wave Crash|p2a: Ting-Lu\n|-supereffective|p2a: Ting-Lu\n|-damage|p2a: Ting-Lu|23\/100\n|-enditem|p2a: Ting-Lu|Sitrus Berry|[eat]\n|-heal|p2a: Ting-Lu|47\/100|[from] item: Sitrus Berry\n|-damage|p1b: Bad Dolphin|68\/100|[from] Recoil\n|move|p1a: Wo-Chien|Leech Seed|p2b: Iron Hands\n|-start|p2b: Iron Hands|move: Leech Seed\n|move|p2b: Iron Hands|Wild Charge|p1b: Bad Dolphin\n|-supereffective|p1b: Bad Dolphin\n|-damage|p1b: Bad Dolphin|0 fnt\n|faint|p1b: Bad Dolphin\n|-damage|p2b: Iron Hands|87\/100|[from] Recoil\n|move|p2a: Ting-Lu|Fissure|p1a: Wo-Chien|[miss]\n|-miss|p2a: Ting-Lu|p1a: Wo-Chien\n|\n|-damage|p2b: Iron Hands|75\/100|[from] Leech Seed|[of] p1a: Wo-Chien\n|upkeep\n|\n|t:|1681711095\n|switch|p1b: Flutter Mane|Flutter Mane, L50, shiny|100\/100\n|turn|3\n|\n|t:|1681711104\n|-end|p2b: Iron Hands|Quark Drive|[silent]\n|switch|p2b: Palafin|Palafin, L50, F|100\/100\n|move|p1b: Flutter Mane|Moonblast|p2b: Palafin\n|-damage|p2b: Palafin|11\/100\n|move|p1a: Wo-Chien|Foul Play|p2a: Ting-Lu\n|-resisted|p2a: Ting-Lu\n|-damage|p2a: Ting-Lu|39\/100\n|move|p2a: Ting-Lu|Fissure|p1a: Wo-Chien|[miss]\n|-miss|p2a: Ting-Lu|p1a: Wo-Chien\n|\n|upkeep\n|turn|4\n|\n|t:|1681711127\n|move|p2b: Palafin|Jet Punch|p1b: Flutter Mane\n|-damage|p1b: Flutter Mane|69\/100\n|move|p1b: Flutter Mane|Moonblast|p2a: Ting-Lu\n|-supereffective|p2a: Ting-Lu\n|-damage|p2a: Ting-Lu|0 fnt\n|faint|p2a: Ting-Lu\n|move|p1a: Wo-Chien|Pollen Puff|p2b: Palafin\n|-damage|p2b: Palafin|0 fnt\n|faint|p2b: Palafin\n|\n|upkeep\n|\n|t:|1681711138\n|switch|p2b: Roaring Moon|Roaring Moon, L50|100\/100\n|switch|p2a: Iron Hands|Iron Hands, L50|75\/100\n|-enditem|p2b: Roaring Moon|Booster Energy\n|-activate|p2b: Roaring Moon|ability: Protosynthesis|[fromitem]\n|-start|p2b: Roaring Moon|protosynthesisatk\n|turn|5\n|\n|t:|1681711154\n|-terastallize|p2b: Roaring Moon|Flying\n|move|p1a: Wo-Chien|Protect|p1a: Wo-Chien\n|-singleturn|p1a: Wo-Chien|Protect\n|move|p2a: Iron Hands|Fake Out|p1a: Wo-Chien\n|-activate|p1a: Wo-Chien|move: Protect\n|move|p2b: Roaring Moon|Tailwind|p2b: Roaring Moon\n|-sidestart|p2: Luppuslamb|move: Tailwind\n|move|p1b: Flutter Mane|Moonblast|p2a: Iron Hands\n|-supereffective|p2a: Iron Hands\n|-damage|p2a: Iron Hands|0 fnt\n|faint|p2a: Iron Hands\n|-end|p2a: Iron Hands|Quark Drive|[silent]\n|\n|upkeep\n|turn|6\n|\n|t:|1681711172\n|move|p2b: Roaring Moon|Crunch|p1b: Flutter Mane\n|-damage|p1b: Flutter Mane|0 fnt\n|faint|p1b: Flutter Mane\n|-end|p1b: Flutter Mane|Protosynthesis|[silent]\n|move|p1a: Wo-Chien|Leech Seed|p2b: Roaring Moon\n|-start|p2b: Roaring Moon|move: Leech Seed\n|\n|-damage|p2b: Roaring Moon|88\/100|[from] Leech Seed|[of] p1a: Wo-Chien\n|upkeep\n|turn|7\n|\n|t:|1681711180\n|move|p1a: Wo-Chien|Protect|p1a: Wo-Chien\n|-singleturn|p1a: Wo-Chien|Protect\n|move|p2b: Roaring Moon|Acrobatics|p1a: Wo-Chien\n|-activate|p1a: Wo-Chien|move: Protect\n|\n|-damage|p2b: Roaring Moon|76\/100|[from] Leech Seed|[of] p1a: Wo-Chien\n|upkeep\n|turn|8\n|\n|t:|1681711190\n|move|p2b: Roaring Moon|Acrobatics|p1a: Wo-Chien\n|-supereffective|p1a: Wo-Chien\n|-damage|p1a: Wo-Chien|4\/100\n|move|p1a: Wo-Chien|Foul Play|p2b: Roaring Moon\n|-damage|p2b: Roaring Moon|5\/100\n|\n|-heal|p1a: Wo-Chien|10\/100|[from] item: Leftovers\n|-damage|p2b: Roaring Moon|0 fnt|[from] Leech Seed|[of] p1a: Wo-Chien\n|-heal|p1a: Wo-Chien|15\/100|[silent]\n|faint|p2b: Roaring Moon\n|-end|p2b: Roaring Moon|Protosynthesis|[silent]\n|\n|win|Sumo'sWeenusVGC\n|upkeep\n|raw|Sumo'sWeenusVGC's rating: 1171 → 1200<\/strong> (+29 for winning)\n|raw|Luppuslamb's rating: 1224 → 1195<\/strong> (-29 for losing)\n|c|\u2606Sumo'sWeenusVGC|gg\n|l|\u2606Luppuslamb\n","uploadtime":1681711213,"views":8,"p1id":"sumosweenusvgc","p2id":"luppuslamb","formatid":"gen9vgc2023regulationc","rating":1195,"private":0,"password":""}