{"id":"gen9vgc2023regulationc-1845705332","p1":"Delibirdsbags","p2":"tukeydukey","format":"[Gen 9] VGC 2023 Regulation C","log":"|j|\u2606Delibirdsbags\n|j|\u2606tukeydukey\n|t:|1681757110\n|gametype|doubles\n|player|p1|Delibirdsbags|1|1170\n|player|p2|tukeydukey|elesa|1254\n|teamsize|p1|6\n|teamsize|p2|6\n|gen|9\n|tier|[Gen 9] VGC 2023 Regulation C\n|rated|\n|rule|Species Clause: Limit one of each Pok\u00e9mon\n|rule|Item Clause: Limit one of each item\n|clearpoke\n|poke|p1|Krookodile, L50, M|\n|poke|p1|Azumarill, L50, M|\n|poke|p1|Dragonite, L50, F|\n|poke|p1|Chien-Pao, L50|\n|poke|p1|Murkrow, L50, M|\n|poke|p1|Arcanine, L50, F|\n|poke|p2|Amoonguss, L50, M|\n|poke|p2|Palafin, L50, M|\n|poke|p2|Flutter Mane, L50|\n|poke|p2|Talonflame, L50, M|\n|poke|p2|Ting-Lu, L50|\n|poke|p2|Bellibolt, L50, F|\n|teampreview|4\n|inactive|Battle timer is ON: inactive players will automatically lose when time's up. (requested by tukeydukey)\n|\n|t:|1681757139\n|start\n|switch|p1a: Azumarill|Azumarill, L50, M|100\/100\n|switch|p1b: Arcanine|Arcanine, L50, F|100\/100\n|switch|p2a: Flutter Mane|Flutter Mane, L50|100\/100\n|switch|p2b: Bellibolt|Bellibolt, L50, F|100\/100\n|-ability|p1b: Arcanine|Intimidate|boost\n|-unboost|p2a: Flutter Mane|atk|1\n|-unboost|p2b: Bellibolt|atk|1\n|-enditem|p2a: Flutter Mane|Booster Energy\n|-activate|p2a: Flutter Mane|ability: Protosynthesis|[fromitem]\n|-start|p2a: Flutter Mane|protosynthesisspa\n|turn|1\n|\n|t:|1681757156\n|move|p2a: Flutter Mane|Protect|p2a: Flutter Mane\n|-singleturn|p2a: Flutter Mane|Protect\n|move|p1b: Arcanine|Flare Blitz|p2a: Flutter Mane\n|-activate|p2a: Flutter Mane|move: Protect\n|move|p1a: Azumarill|Play Rough|p2b: Bellibolt\n|-damage|p2b: Bellibolt|59\/100\n|-start|p2b: Bellibolt|Charge|Play Rough|[from] ability: Electromorphosis\n|move|p2b: Bellibolt|Parabolic Charge|p1a: Azumarill|[spread] p1a,p1b\n|-activate|p2a: Flutter Mane|move: Protect\n|-supereffective|p1a: Azumarill\n|-damage|p1a: Azumarill|24\/100\n|-heal|p2b: Bellibolt|98\/100|[from] drain|[of] p1a: Azumarill\n|-damage|p1b: Arcanine|65\/100\n|-heal|p2b: Bellibolt|100\/100|[from] drain|[of] p1b: Arcanine\n|-enditem|p1a: Azumarill|Sitrus Berry|[eat]\n|-heal|p1a: Azumarill|49\/100|[from] item: Sitrus Berry\n|-end|p2b: Bellibolt|Charge|[silent]\n|\n|upkeep\n|turn|2\n|inactive|Delibirdsbags has 30 seconds left.\n|\n|t:|1681757186\n|-end|p2a: Flutter Mane|Protosynthesis|[silent]\n|switch|p2a: Delfin|Palafin, L50, M|100\/100\n|move|p1a: Azumarill|Aqua Jet|p2a: Delfin\n|-resisted|p2a: Delfin\n|-damage|p2a: Delfin|84\/100\n|move|p1b: Arcanine|Flare Blitz|p2a: Delfin\n|-resisted|p2a: Delfin\n|-damage|p2a: Delfin|51\/100\n|-damage|p1b: Arcanine|54\/100|[from] Recoil\n|move|p2b: Bellibolt|Thunderbolt|p1a: Azumarill\n|-supereffective|p1a: Azumarill\n|-damage|p1a: Azumarill|0 fnt\n|faint|p1a: Azumarill\n|\n|upkeep\n|\n|t:|1681757201\n|switch|p1a: Dragonite|Dragonite, L50, F|100\/100\n|turn|3\n|\n|t:|1681757215\n|detailschange|p2a: Delfin|Palafin-Hero, L50, M\n|switch|p2a: Seta|Amoonguss, L50, M|100\/100\n|move|p1a: Dragonite|Protect|p1a: Dragonite\n|-singleturn|p1a: Dragonite|Protect\n|move|p1b: Arcanine|Howl|p1b: Arcanine|[spread] p1a,p1b\n|-boost|p1a: Dragonite|atk|1\n|-boost|p1b: Arcanine|atk|1\n|move|p2b: Bellibolt|Parabolic Charge|p1b: Arcanine|[spread] p2a,p1b\n|-activate|p1a: Dragonite|move: Protect\n|-resisted|p2a: Seta\n|-damage|p2a: Seta|94\/100\n|-damage|p1b: Arcanine|35\/100\n|\n|upkeep\n|turn|4\n|inactive|Delibirdsbags has 30 seconds left.\n|\n|t:|1681757241\n|-terastallize|p1a: Dragonite|Flying\n|move|p1b: Arcanine|Howl|p1b: Arcanine|[spread] p1a,p1b\n|-boost|p1a: Dragonite|atk|1\n|-boost|p1b: Arcanine|atk|1\n|move|p1a: Dragonite|Tera Blast|p2a: Seta\n|-supereffective|p2a: Seta\n|-damage|p2a: Seta|0 fnt\n|faint|p2a: Seta\n|move|p2b: Bellibolt|Muddy Water|p1b: Arcanine|[spread] p1a,p1b\n|-supereffective|p1b: Arcanine\n|-damage|p1a: Dragonite|93\/100\n|-damage|p1b: Arcanine|0 fnt\n|faint|p1b: Arcanine\n|\n|upkeep\n|\n|t:|1681757252\n|switch|p1b: Chien-Pao|Chien-Pao, L50|100\/100\n|switch|p2a: Delfin|Palafin-Hero, L50, M|51\/100\n|-ability|p1b: Chien-Pao|Sword of Ruin\n|-activate|p2a: Delfin|ability: Zero to Hero\n|turn|5\n|\n|t:|1681757265\n|move|p1b: Chien-Pao|Protect|p1b: Chien-Pao\n|-singleturn|p1b: Chien-Pao|Protect\n|move|p2a: Delfin|Protect|p2a: Delfin\n|-singleturn|p2a: Delfin|Protect\n|move|p1a: Dragonite|Extreme Speed|p2a: Delfin\n|-activate|p2a: Delfin|move: Protect\n|move|p2b: Bellibolt|Parabolic Charge|p1b: Chien-Pao|[spread] p1a\n|-activate|p2a: Delfin|move: Protect\n|-activate|p1b: Chien-Pao|move: Protect\n|-supereffective|p1a: Dragonite\n|-crit|p1a: Dragonite\n|-damage|p1a: Dragonite|48\/100\n|\n|upkeep\n|turn|6\n|\n|t:|1681757286\n|switch|p2a: Flutter Mane|Flutter Mane, L50|100\/100\n|move|p1a: Dragonite|Extreme Speed|p2a: Flutter Mane\n|-immune|p2a: Flutter Mane\n|move|p1b: Chien-Pao|Ice Spinner|p2a: Flutter Mane\n|-damage|p2a: Flutter Mane|17\/100\n|move|p2b: Bellibolt|Parabolic Charge|p1b: Chien-Pao|[spread] p2a,p1a,p1b\n|-supereffective|p1a: Dragonite\n|-damage|p2a: Flutter Mane|2\/100\n|-damage|p1a: Dragonite|15\/100\n|-damage|p1b: Chien-Pao|75\/100\n|\n|upkeep\n|turn|7\n|\n|t:|1681757304\n|move|p1b: Chien-Pao|Protect|p1b: Chien-Pao\n|-singleturn|p1b: Chien-Pao|Protect\n|move|p1a: Dragonite|Protect|p1a: Dragonite\n|-singleturn|p1a: Dragonite|Protect\n|move|p2a: Flutter Mane|Dazzling Gleam|p1b: Chien-Pao|[spread] \n|-activate|p1a: Dragonite|move: Protect\n|-activate|p1b: Chien-Pao|move: Protect\n|move|p2b: Bellibolt|Parabolic Charge|p1b: Chien-Pao|[spread] p2a\n|-activate|p1a: Dragonite|move: Protect\n|-activate|p1b: Chien-Pao|move: Protect\n|-damage|p2a: Flutter Mane|0 fnt\n|faint|p2a: Flutter Mane\n|-end|p2a: Flutter Mane|Protosynthesis|[silent]\n|\n|upkeep\n|\n|t:|1681757309\n|switch|p2a: Delfin|Palafin-Hero, L50, M|51\/100\n|turn|8\n|inactive|Delibirdsbags has 30 seconds left.\n|inactive|Delibirdsbags has 20 seconds left.\n|\n|t:|1681757348\n|move|p2a: Delfin|Protect|p2a: Delfin\n|-singleturn|p2a: Delfin|Protect\n|move|p1a: Dragonite|Extreme Speed|p2b: Bellibolt\n|-damage|p2b: Bellibolt|44\/100\n|-start|p2b: Bellibolt|Charge|Extreme Speed|[from] ability: Electromorphosis\n|move|p1b: Chien-Pao|Ice Spinner|p2b: Bellibolt\n|-damage|p2b: Bellibolt|8\/100\n|-start|p2b: Bellibolt|Charge|Ice Spinner|[from] ability: Electromorphosis\n|move|p2b: Bellibolt|Parabolic Charge|p1a: Dragonite|[spread] p1a,p1b\n|-activate|p2a: Delfin|move: Protect\n|-supereffective|p1a: Dragonite\n|-crit|p1a: Dragonite\n|-damage|p1a: Dragonite|0 fnt\n|-heal|p2b: Bellibolt|15\/100|[from] drain|[of] p1a: Dragonite\n|-damage|p1b: Chien-Pao|19\/100\n|-heal|p2b: Bellibolt|36\/100|[from] drain|[of] p1b: Chien-Pao\n|faint|p1a: Dragonite\n|-end|p2b: Bellibolt|Charge|[silent]\n|\n|upkeep\n|turn|9\n|\n|t:|1681757368\n|move|p2a: Delfin|Jet Punch|p1b: Chien-Pao\n|-crit|p1b: Chien-Pao\n|-damage|p1b: Chien-Pao|0 fnt\n|faint|p1b: Chien-Pao\n|\n|win|tukeydukey\n|raw|Delibirdsbags's rating: 1170 → 1151<\/strong> (-19 for losing)\n|raw|tukeydukey's rating: 1254 → 1273<\/strong> (+19 for winning)\n|l|\u2606Delibirdsbags\n","uploadtime":1681757391,"views":10,"p1id":"delibirdsbags","p2id":"tukeydukey","formatid":"gen9vgc2023regulationc","rating":1151,"private":0,"password":""}