{"id":"gen9vgc2023regulationc-1853026880","p1":"SaberChrono","p2":"Gholdjunge","format":"[Gen 9] VGC 2023 Regulation C","log":"|j|\u2606SaberChrono\n|j|\u203dGholdjunge\n|t:|1682627032\n|gametype|doubles\n|player|p1|SaberChrono|kimonogirl|1392\n|player|p2|Gholdjunge|youngster-gen2|1509\n|teamsize|p1|6\n|teamsize|p2|6\n|gen|9\n|tier|[Gen 9] VGC 2023 Regulation C\n|rated|\n|rule|Species Clause: Limit one of each Pok\u00e9mon\n|rule|Item Clause: Limit one of each item\n|clearpoke\n|poke|p1|Palafin, L50, F|\n|poke|p1|Amoonguss, L50, M|\n|poke|p1|Arcanine, L50, M|\n|poke|p1|Annihilape, L50, F|\n|poke|p1|Ting-Lu, L50|\n|poke|p1|Flutter Mane, L50|\n|poke|p2|Azumarill, L50, F|\n|poke|p2|Pelipper, L50, M|\n|poke|p2|Chien-Pao, L50|\n|poke|p2|Amoonguss, L50, M|\n|poke|p2|Iron Hands, L50|\n|poke|p2|Flutter Mane, L50|\n|teampreview|4\n|inactive|Battle timer is ON: inactive players will automatically lose when time's up. (requested by SaberChrono)\n|inactive|Gholdjunge has 60 seconds left.\n|inactive|Gholdjunge has 30 seconds left.\n|\n|t:|1682627101\n|start\n|switch|p1a: Palafin|Palafin, L50, F|100\/100\n|switch|p1b: Annihilape|Annihilape, L50, F|100\/100\n|switch|p2a: Azumarill|Azumarill, L50, F|100\/100\n|switch|p2b: Pelipper|Pelipper, L50, M|100\/100\n|-weather|RainDance|[from] ability: Drizzle|[of] p2b: Pelipper\n|turn|1\n|inactive|Gholdjunge has 30 seconds left.\n|\n|t:|1682627135\n|detailschange|p1a: Palafin|Palafin-Hero, L50, F\n|switch|p1a: Amoonguss|Amoonguss, L50, M|100\/100\n|move|p1b: Annihilape|Protect|p1b: Annihilape\n|-singleturn|p1b: Annihilape|Protect\n|move|p2b: Pelipper|Tailwind|p2b: Pelipper\n|-sidestart|p2: Gholdjunge|move: Tailwind\n|move|p2a: Azumarill|Play Rough|p1b: Annihilape\n|-activate|p1b: Annihilape|move: Protect\n|\n|-weather|RainDance|[upkeep]\n|upkeep\n|turn|2\n|inactive|SaberChrono has 30 seconds left.\n|inactive|SaberChrono has 20 seconds left.\n|inactive|SaberChrono has 15 seconds left.\n|inactive|SaberChrono has 10 seconds left.\n|\n|t:|1682627180\n|move|p2b: Pelipper|Hurricane|p1a: Amoonguss\n|-supereffective|p1a: Amoonguss\n|-damage|p1a: Amoonguss|45\/100\n|-start|p1a: Amoonguss|confusion\n|-enditem|p1a: Amoonguss|Sitrus Berry|[eat]\n|-heal|p1a: Amoonguss|70\/100|[from] item: Sitrus Berry\n|move|p2a: Azumarill|Liquidation|p1a: Amoonguss\n|-resisted|p1a: Amoonguss\n|-damage|p1a: Amoonguss|35\/100\n|-unboost|p1a: Amoonguss|def|1\n|move|p1b: Annihilape|Bulk Up|p1b: Annihilape\n|-boost|p1b: Annihilape|atk|1\n|-boost|p1b: Annihilape|def|1\n|-activate|p1a: Amoonguss|confusion\n|move|p1a: Amoonguss|Spore|p2b: Pelipper\n|-status|p2b: Pelipper|slp|[from] move: Spore\n|\n|-weather|RainDance|[upkeep]\n|upkeep\n|turn|3\n|inactive|Gholdjunge has 30 seconds left.\n|\n|t:|1682627214\n|switch|p1a: Palafin|Palafin-Hero, L50, F|100\/100\n|-activate|p1a: Palafin|ability: Zero to Hero\n|cant|p2b: Pelipper|slp\n|move|p2a: Azumarill|Liquidation|p1a: Palafin\n|-resisted|p1a: Palafin\n|-damage|p1a: Palafin|56\/100\n|move|p1b: Annihilape|Bulk Up|p1b: Annihilape\n|-boost|p1b: Annihilape|atk|1\n|-boost|p1b: Annihilape|def|1\n|\n|-weather|RainDance|[upkeep]\n|upkeep\n|turn|4\n|\n|t:|1682627236\n|move|p1a: Palafin|Jet Punch|p2b: Pelipper\n|-resisted|p2b: Pelipper\n|-damage|p2b: Pelipper|67\/100 slp\n|-curestatus|p2b: Pelipper|slp|[msg]\n|move|p2b: Pelipper|Hurricane|p1a: Palafin\n|-damage|p1a: Palafin|6\/100\n|move|p2a: Azumarill|Play Rough|p1a: Palafin\n|-damage|p1a: Palafin|0 fnt\n|faint|p1a: Palafin\n|move|p1b: Annihilape|Rage Fist|p2b: Pelipper\n|-damage|p2b: Pelipper|11\/100\n|-enditem|p2b: Pelipper|Sitrus Berry|[eat]\n|-heal|p2b: Pelipper|36\/100|[from] item: Sitrus Berry\n|\n|-weather|RainDance|[upkeep]\n|-sideend|p2: Gholdjunge|move: Tailwind\n|upkeep\n|\n|t:|1682627247\n|switch|p1a: Amoonguss|Amoonguss, L50, M|68\/100\n|turn|5\n|inactive|Gholdjunge has 30 seconds left.\n|inactive|Gholdjunge has 20 seconds left.\n|\n|t:|1682627287\n|switch|p2b: Amoonguss|Amoonguss, L50, M|100\/100\n|-terastallize|p2a: Azumarill|Water\n|move|p1a: Amoonguss|Protect|p1a: Amoonguss\n|-singleturn|p1a: Amoonguss|Protect\n|move|p1b: Annihilape|Rage Fist|p2b: Amoonguss\n|-damage|p2b: Amoonguss|55\/100\n|move|p2a: Azumarill|Liquidation|p1a: Amoonguss\n|-activate|p1a: Amoonguss|move: Protect\n|\n|-weather|none\n|upkeep\n|turn|6\n|inactive|SaberChrono has 30 seconds left.\n|inactive|Gholdjunge has 30 seconds left.\n|inactive|SaberChrono has 20 seconds left.\n|\n|t:|1682627322\n|switch|p1a: Ting-Lu|Ting-Lu, L50|100\/100\n|-ability|p1a: Ting-Lu|Vessel of Ruin\n|move|p1b: Annihilape|Rage Fist|p2b: Amoonguss\n|-damage|p2b: Amoonguss|15\/100\n|-enditem|p2b: Amoonguss|Wiki Berry|[eat]\n|-heal|p2b: Amoonguss|48\/100|[from] item: Wiki Berry\n|move|p2a: Azumarill|Liquidation|p1a: Ting-Lu\n|-supereffective|p1a: Ting-Lu\n|-damage|p1a: Ting-Lu|22\/100\n|move|p2b: Amoonguss|Spore|p1b: Annihilape\n|-immune|p1b: Annihilape|[from] ability: Vital Spirit\n|\n|upkeep\n|turn|7\n|inactive|Gholdjunge has 30 seconds left.\n|\n|t:|1682627357\n|switch|p2b: Iron Hands|Iron Hands, L50|100\/100\n|move|p1b: Annihilape|Rage Fist|p2a: Azumarill\n|-damage|p2a: Azumarill|40\/100\n|move|p2a: Azumarill|Liquidation|p1a: Ting-Lu\n|-supereffective|p1a: Ting-Lu\n|-damage|p1a: Ting-Lu|0 fnt\n|faint|p1a: Ting-Lu\n|\n|upkeep\n|\n|t:|1682627359\n|switch|p1a: Amoonguss|Amoonguss, L50, M|100\/100\n|turn|8\n|\n|t:|1682627372\n|move|p2a: Azumarill|Protect|p2a: Azumarill\n|-singleturn|p2a: Azumarill|Protect\n|move|p1a: Amoonguss|Protect|p1a: Amoonguss\n|-singleturn|p1a: Amoonguss|Protect\n|move|p1b: Annihilape|Rage Fist|p2b: Iron Hands\n|-damage|p2b: Iron Hands|67\/100\n|move|p2b: Iron Hands|Swords Dance|p2b: Iron Hands\n|-boost|p2b: Iron Hands|atk|2\n|\n|upkeep\n|turn|9\n|inactive|Gholdjunge has 30 seconds left.\n|\n|t:|1682627397\n|switch|p2a: Amoonguss|Amoonguss, L50, M|82\/100\n|move|p1b: Annihilape|Rage Fist|p2a: Amoonguss\n|-damage|p2a: Amoonguss|40\/100\n|move|p2b: Iron Hands|Drain Punch|p1a: Amoonguss\n|-resisted|p1a: Amoonguss\n|-damage|p1a: Amoonguss|61\/100\n|-heal|p2b: Iron Hands|87\/100|[from] drain|[of] p1a: Amoonguss\n|move|p1a: Amoonguss|Spore|p2b: Iron Hands\n|-activate|p2b: Iron Hands|item: Safety Goggles|Spore\n|\n|upkeep\n|turn|10\n|\n|t:|1682627415\n|move|p1a: Amoonguss|Protect|p1a: Amoonguss\n|-singleturn|p1a: Amoonguss|Protect\n|move|p2a: Amoonguss|Protect|p2a: Amoonguss\n|-singleturn|p2a: Amoonguss|Protect\n|move|p1b: Annihilape|Rage Fist|p2a: Amoonguss\n|-activate|p2a: Amoonguss|move: Protect\n|move|p2b: Iron Hands|Drain Punch|p1a: Amoonguss\n|-activate|p1a: Amoonguss|move: Protect\n|\n|upkeep\n|turn|11\n|\n|t:|1682627428\n|switch|p2a: Azumarill|Azumarill, L50, F, tera:Water|40\/100\n|move|p1a: Amoonguss|Protect|p1a: Amoonguss\n|-singleturn|p1a: Amoonguss|Protect\n|move|p1b: Annihilape|Rage Fist|p2a: Azumarill\n|-damage|p2a: Azumarill|0 fnt\n|faint|p2a: Azumarill\n|move|p2b: Iron Hands|Drain Punch|p1a: Amoonguss\n|-activate|p1a: Amoonguss|move: Protect\n|\n|upkeep\n|\n|t:|1682627446\n|switch|p2a: Amoonguss|Amoonguss, L50, M|74\/100\n|turn|12\n|\n|t:|1682627463\n|move|p2a: Amoonguss|Protect|p2a: Amoonguss\n|-singleturn|p2a: Amoonguss|Protect\n|move|p1b: Annihilape|Rage Fist|p2a: Amoonguss\n|-activate|p2a: Amoonguss|move: Protect\n|move|p2b: Iron Hands|Drain Punch|p1a: Amoonguss\n|-resisted|p1a: Amoonguss\n|-damage|p1a: Amoonguss|24\/100\n|-heal|p2b: Iron Hands|100\/100|[from] drain|[of] p1a: Amoonguss\n|move|p1a: Amoonguss|Pollen Puff|p2b: Iron Hands\n|-resisted|p2b: Iron Hands\n|-damage|p2b: Iron Hands|94\/100\n|\n|upkeep\n|turn|13\n|inactive|Gholdjunge has 30 seconds left.\n|inactive|Gholdjunge has 20 seconds left.\n|inactive|Gholdjunge has 15 seconds left.\n|\n|t:|1682627505\n|move|p1a: Amoonguss|Protect|p1a: Amoonguss\n|-singleturn|p1a: Amoonguss|Protect\n|move|p1b: Annihilape|Rage Fist|p2a: Amoonguss\n|-damage|p2a: Amoonguss|35\/100\n|move|p2b: Iron Hands|Swords Dance|p2b: Iron Hands\n|-boost|p2b: Iron Hands|atk|2\n|move|p2a: Amoonguss|Pollen Puff|p2b: Iron Hands\n|-heal|p2b: Iron Hands|100\/100\n|\n|upkeep\n|turn|14\n|\n|t:|1682627525\n|move|p1a: Amoonguss|Protect|p1a: Amoonguss\n|-singleturn|p1a: Amoonguss|Protect\n|move|p2a: Amoonguss|Protect|p2a: Amoonguss\n|-singleturn|p2a: Amoonguss|Protect\n|move|p1b: Annihilape|Bulk Up|p1b: Annihilape\n|-boost|p1b: Annihilape|atk|1\n|-boost|p1b: Annihilape|def|1\n|move|p2b: Iron Hands|Drain Punch|p1a: Amoonguss\n|-activate|p1a: Amoonguss|move: Protect\n|\n|upkeep\n|turn|15\n|\n|t:|1682627543\n|switch|p2a: Pelipper|Pelipper, L50, M|36\/100\n|-weather|RainDance|[from] ability: Drizzle|[of] p2a: Pelipper\n|move|p1b: Annihilape|Bulk Up|p1b: Annihilape\n|-boost|p1b: Annihilape|atk|1\n|-boost|p1b: Annihilape|def|1\n|move|p2b: Iron Hands|Drain Punch|p1a: Amoonguss\n|-resisted|p1a: Amoonguss\n|-damage|p1a: Amoonguss|0 fnt\n|faint|p1a: Amoonguss\n|\n|-weather|RainDance|[upkeep]\n|upkeep\n|turn|16\n|inactive|Gholdjunge has 30 seconds left.\n|\n|t:|1682627575\n|switch|p2a: Amoonguss|Amoonguss, L50, M|69\/100\n|move|p1b: Annihilape|Protect|p1b: Annihilape\n|-singleturn|p1b: Annihilape|Protect\n|move|p2b: Iron Hands|Wild Charge|p1b: Annihilape\n|-activate|p1b: Annihilape|move: Protect\n|\n|-weather|RainDance|[upkeep]\n|upkeep\n|turn|17\n|\n|t:|1682627589\n|move|p2a: Amoonguss|Protect|p2a: Amoonguss\n|-singleturn|p2a: Amoonguss|Protect\n|move|p1b: Annihilape|Bulk Up|p1b: Annihilape\n|-boost|p1b: Annihilape|atk|1\n|-boost|p1b: Annihilape|def|1\n|move|p2b: Iron Hands|Wild Charge|p1b: Annihilape\n|-damage|p1b: Annihilape|60\/100\n|-damage|p2b: Iron Hands|92\/100|[from] Recoil\n|\n|-weather|RainDance|[upkeep]\n|-heal|p1b: Annihilape|66\/100|[from] item: Leftovers\n|upkeep\n|turn|18\n|inactive|Gholdjunge has 30 seconds left.\n|\n|t:|1682627615\n|switch|p2a: Pelipper|Pelipper, L50, M|36\/100\n|move|p1b: Annihilape|Drain Punch|p2b: Iron Hands\n|-damage|p2b: Iron Hands|0 fnt\n|-heal|p1b: Annihilape|100\/100|[from] drain|[of] p2b: Iron Hands\n|faint|p2b: Iron Hands\n|-end|p2b: Iron Hands|Quark Drive|[silent]\n|\n|-weather|RainDance|[upkeep]\n|upkeep\n|inactive|Gholdjunge has 25 seconds left this turn.\n|inactive|Gholdjunge has 20 seconds left.\n|\n|t:|1682627625\n|switch|p2b: Amoonguss|Amoonguss, L50, M|100\/100\n|turn|19\n|inactive|Gholdjunge has 20 seconds left this turn.\n|\n|t:|1682627630\n|move|p1b: Annihilape|Protect|p1b: Annihilape\n|-singleturn|p1b: Annihilape|Protect\n|move|p2b: Amoonguss|Rage Powder|p2b: Amoonguss\n|-singleturn|p2b: Amoonguss|move: Rage Powder\n|move|p2a: Pelipper|Hurricane|p1b: Annihilape\n|-activate|p1b: Annihilape|move: Protect\n|\n|-weather|none\n|upkeep\n|turn|20\n|inactive|Gholdjunge has 20 seconds left this turn.\n|\n|t:|1682627642\n|-terastallize|p1b: Annihilape|Fire\n|move|p2b: Amoonguss|Rage Powder|p2b: Amoonguss\n|-singleturn|p2b: Amoonguss|move: Rage Powder\n|move|p1b: Annihilape|Rage Fist|p2b: Amoonguss\n|-damage|p2b: Amoonguss|0 fnt\n|faint|p2b: Amoonguss\n|move|p2a: Pelipper|Hurricane|p1b: Annihilape\n|-damage|p1b: Annihilape|64\/100\n|\n|-heal|p1b: Annihilape|70\/100|[from] item: Leftovers\n|upkeep\n|turn|21\n|inactive|Gholdjunge has 20 seconds left this turn.\n|inactive|Gholdjunge has 15 seconds left.\n|inactive|Gholdjunge has 10 seconds left.\n|inactive|Gholdjunge has 5 seconds left.\n|c|\u2606SaberChrono|gg\n|c|\u2606SaberChrono|nerd\n|-message|Gholdjunge lost due to inactivity.\n|\n|win|SaberChrono\n|raw|SaberChrono's rating: 1392 → 1418<\/strong> (+26 for winning)\n|raw|Gholdjunge's rating: 1509 → 1483<\/strong> (-26 for losing)\n|l|\u203dGholdjunge\n|j|\u203dGholdjunge\n|player|p2|Gholdjunge|youngster-gen2\n","uploadtime":1682628145,"views":7,"p1id":"saberchrono","p2id":"gholdjunge","formatid":"gen9vgc2023regulationc","rating":1418,"private":0,"password":""}