{"id":"gen9vgc2023regulationc-1855541478","p1":"fb ex hn da","p2":"JumpluffGoodCopium","format":"[Gen 9] VGC 2023 Regulation C","log":"|j|\u2606fb ex hn da\n|j|\u2606JumpluffGoodCopium\n|t:|1682960501\n|gametype|doubles\n|player|p1|fb ex hn da|2|1000\n|player|p2|JumpluffGoodCopium|dawn-gen4pt|1059\n|teamsize|p1|6\n|teamsize|p2|6\n|gen|9\n|tier|[Gen 9] VGC 2023 Regulation C\n|rated|\n|rule|Species Clause: Limit one of each Pok\u00e9mon\n|rule|Item Clause: Limit one of each item\n|clearpoke\n|poke|p1|Drednaw, L50, M|\n|poke|p1|Pelipper, L50, M|\n|poke|p1|Ting-Lu, L50|\n|poke|p1|Grimmsnarl, L50, M|\n|poke|p1|Iron Hands, L50|\n|poke|p1|Spiritomb, L50, M|\n|poke|p2|Jumpluff, L50, F|\n|poke|p2|Torkoal, L50, M|\n|poke|p2|Flutter Mane, L50|\n|poke|p2|Amoonguss, L50, F|\n|poke|p2|Garganacl, L50, F|\n|poke|p2|Chi-Yu, L50|\n|teampreview|4\n|inactive|Battle timer is ON: inactive players will automatically lose when time's up. (requested by JumpluffGoodCopium)\nJumpluffGoodCopium has agreed to open team sheets.\n|inactive|fb ex hn da has 60 seconds left.\n|\n|t:|1682960541\n|start\n|switch|p1a: Grimmsnarl|Grimmsnarl, L50, M|100\/100\n|switch|p1b: Ting-Lu|Ting-Lu, L50|100\/100\n|switch|p2a: Amoonguss|Amoonguss, L50, F|100\/100\n|switch|p2b: Garganacl|Garganacl, L50, F|100\/100\n|-ability|p1b: Ting-Lu|Vessel of Ruin\n|turn|1\n|\n|t:|1682960560\n|move|p1a: Grimmsnarl|Taunt|p2a: Amoonguss\n|-start|p2a: Amoonguss|move: Taunt\n|move|p1b: Ting-Lu|Sand Tomb|p2a: Amoonguss\n|-damage|p2a: Amoonguss|87\/100\n|-activate|p2a: Amoonguss|move: Sand Tomb|[of] p1b: Ting-Lu\n|move|p2b: Garganacl|Salt Cure|p1a: Grimmsnarl\n|-damage|p1a: Grimmsnarl|89\/100\n|-start|p1a: Grimmsnarl|Salt Cure\n|cant|p2a: Amoonguss|move: Taunt|Spore\n|\n|-damage|p1a: Grimmsnarl|76\/100|[from] Salt Cure\n|-damage|p2a: Amoonguss|75\/100|[from] move: Sand Tomb|[partiallytrapped]\n|upkeep\n|turn|2\n|inactive|fb ex hn da has 30 seconds left.\n|\n|t:|1682960595\n|switch|p1a: Pelipper|Pelipper, L50, M|100\/100\n|-weather|RainDance|[from] ability: Drizzle|[of] p1a: Pelipper\n|move|p1b: Ting-Lu|Sand Tomb|p2b: Garganacl\n|-supereffective|p2b: Garganacl\n|-damage|p2b: Garganacl|85\/100\n|-activate|p2b: Garganacl|move: Sand Tomb|[of] p1b: Ting-Lu\n|move|p2b: Garganacl|Salt Cure|p1b: Ting-Lu\n|-resisted|p1b: Ting-Lu\n|-damage|p1b: Ting-Lu|97\/100\n|-start|p1b: Ting-Lu|Salt Cure\n|move|p2a: Amoonguss|Pollen Puff|p1b: Ting-Lu\n|-supereffective|p1b: Ting-Lu\n|-damage|p1b: Ting-Lu|81\/100\n|\n|-weather|RainDance|[upkeep]\n|-heal|p2b: Garganacl|91\/100|[from] item: Leftovers\n|-damage|p1b: Ting-Lu|69\/100|[from] Salt Cure\n|-damage|p2b: Garganacl|79\/100|[from] move: Sand Tomb|[partiallytrapped]\n|-damage|p2a: Amoonguss|62\/100|[from] move: Sand Tomb|[partiallytrapped]\n|upkeep\n|turn|3\n|\n|t:|1682960619\n|move|p1a: Pelipper|Hydro Pump|p2b: Garganacl\n|-supereffective|p2b: Garganacl\n|-damage|p2b: Garganacl|0 fnt\n|faint|p2b: Garganacl\n|move|p1b: Ting-Lu|Sand Tomb|p2a: Amoonguss\n|-damage|p2a: Amoonguss|48\/100\n|-enditem|p2a: Amoonguss|Sitrus Berry|[eat]\n|-heal|p2a: Amoonguss|73\/100|[from] item: Sitrus Berry\n|move|p2a: Amoonguss|Pollen Puff|p2: Garganacl|[notarget]\n|-fail|p2a: Amoonguss\n|\n|-weather|RainDance|[upkeep]\n|-damage|p1b: Ting-Lu|57\/100|[from] Salt Cure\n|-damage|p2a: Amoonguss|61\/100|[from] move: Sand Tomb|[partiallytrapped]\n|-end|p2a: Amoonguss|move: Taunt\n|upkeep\n|\n|t:|1682960626\n|switch|p2b: Torkoal|Torkoal, L50, M|100\/100\n|-weather|SunnyDay|[from] ability: Drought|[of] p2b: Torkoal\n|turn|4\n|inactive|fb ex hn da has 30 seconds left.\n|\n|t:|1682960660\n|switch|p1a: Grimmsnarl|Grimmsnarl, L50, M|76\/100\n|move|p2b: Torkoal|Eruption|p1b: Ting-Lu|[spread] p1a,p1b\n|-damage|p1a: Grimmsnarl|20\/100\n|-damage|p1b: Ting-Lu|28\/100\n|move|p1b: Ting-Lu|Sand Tomb|p2a: Amoonguss\n|-damage|p2a: Amoonguss|46\/100\n|move|p2a: Amoonguss|Spore|p1b: Ting-Lu\n|-status|p1b: Ting-Lu|slp|[from] move: Spore\n|\n|-weather|SunnyDay|[upkeep]\n|-damage|p1b: Ting-Lu|16\/100 slp|[from] Salt Cure\n|-damage|p2a: Amoonguss|34\/100|[from] move: Sand Tomb|[partiallytrapped]\n|upkeep\n|turn|5\n|l|\u2606fb ex hn da\n|inactive|fb ex hn da disconnected and has a minute to reconnect!\n|player|p1|\n|inactive|fb ex hn da has 30 seconds left.\n|inactive|fb ex hn da has 20 seconds left.\n|inactive|fb ex hn da has 15 seconds left.\n|inactive|fb ex hn da has 10 seconds left.\n|inactive|fb ex hn da has 5 seconds left.\n|-message|fb ex hn da lost due to inactivity.\n|\n|win|JumpluffGoodCopium\n|raw|fb ex hn da's rating: 1000 → 1000<\/strong> (+0 for losing)\n|raw|JumpluffGoodCopium's rating: 1059 → 1085<\/strong> (+26 for winning)\n","uploadtime":1682960727,"views":25,"p1id":"fbexhnda","p2id":"jumpluffgoodcopium","formatid":"gen9vgc2023regulationc","rating":1000,"private":0,"password":""}