{"id":"gen9vgc2023regulationc-1861100219","p1":"4realmadman","p2":"HieristLMyeah","format":"[Gen 9] VGC 2023 Regulation C","log":"|j|\u26064realmadman\n|j|\u2606HieristLMyeah\n|t:|1683726536\n|gametype|doubles\n|player|p1|4realmadman|veteran|1085\n|player|p2|HieristLMyeah|265|1129\n|teamsize|p1|6\n|teamsize|p2|6\n|gen|9\n|tier|[Gen 9] VGC 2023 Regulation C\n|rated|\n|rule|Species Clause: Limit one of each Pok\u00e9mon\n|rule|Item Clause: Limit one of each item\n|clearpoke\n|poke|p1|Tatsugiri, L50, M|\n|poke|p1|Dondozo, L50, M|\n|poke|p1|Garganacl, L50, M|\n|poke|p1|Armarouge, L50, F|\n|poke|p1|Indeedee-F, L50, F|\n|poke|p1|Iron Hands, L50|\n|poke|p2|Armarouge, L50, F|\n|poke|p2|Lilligant, L50, F|\n|poke|p2|Mimikyu, L50, F|\n|poke|p2|Noivern, L50, M|\n|poke|p2|Hariyama, L50, F|\n|poke|p2|Brute Bonnet, L50|\n|teampreview|4\n|inactive|Battle timer is ON: inactive players will automatically lose when time's up. (requested by 4realmadman)\n|\n|t:|1683726587\n|start\n|switch|p1a: Indeedee|Indeedee-F, L50, F, shiny|100\/100\n|switch|p1b: Armarouge|Armarouge, L50, F, shiny|100\/100\n|switch|p2a: Armarouge|Armarouge, L50, F|100\/100\n|switch|p2b: Noivern|Noivern, L50, M|100\/100\n|-item|p1a: Indeedee|Leftovers|[from] ability: Frisk|[of] p2b: Noivern|[identify]\n|-item|p1b: Armarouge|Room Service|[from] ability: Frisk|[of] p2b: Noivern|[identify]\n|-fieldstart|move: Psychic Terrain|[from] ability: Psychic Surge|[of] p1a: Indeedee\n|turn|1\n|inactive|HieristLMyeah has 30 seconds left.\n|inactive|HieristLMyeah has 20 seconds left.\n|\n|t:|1683726625\n|-terastallize|p2a: Armarouge|Grass\n|move|p1a: Indeedee|Follow Me|p1a: Indeedee\n|-singleturn|p1a: Indeedee|move: Follow Me\n|move|p2b: Noivern|Sunny Day|p2b: Noivern\n|-weather|SunnyDay\n|move|p2a: Armarouge|Solar Beam||[still]\n|-prepare|p2a: Armarouge|Solar Beam\n|-anim|p2a: Armarouge|Solar Beam|p1a: Indeedee\n|-damage|p1a: Indeedee|38\/100\n|-damage|p2a: Armarouge|90\/100|[from] item: Life Orb\n|move|p1b: Armarouge|Trick Room|p1b: Armarouge\n|-fieldstart|move: Trick Room|[of] p1b: Armarouge\n|-enditem|p1b: Armarouge|Room Service\n|-unboost|p1b: Armarouge|spe|1|[from] item: Room Service\n|\n|-weather|SunnyDay|[upkeep]\n|-heal|p1a: Indeedee|45\/100|[from] item: Leftovers\n|upkeep\n|turn|2\n|inactive|4realmadman has 30 seconds left.\n|\n|t:|1683726651\n|-terastallize|p1b: Armarouge|Psychic\n|move|p1a: Indeedee|Helping Hand|p1b: Armarouge\n|-singleturn|p1b: Armarouge|Helping Hand|[of] p1a: Indeedee\n|move|p1b: Armarouge|Expanding Force|p2b: Noivern|[spread] p2a,p2b\n|-damage|p2a: Armarouge|0 fnt\n|-enditem|p2b: Noivern|Focus Sash\n|-damage|p2b: Noivern|1\/100\n|faint|p2a: Armarouge\n|move|p2b: Noivern|Draco Meteor|p1b: Armarouge\n|-damage|p1b: Armarouge|43\/100\n|-unboost|p2b: Noivern|spa|2\n|\n|-weather|SunnyDay|[upkeep]\n|-heal|p1a: Indeedee|51\/100|[from] item: Leftovers\n|upkeep\n|inactive|HieristLMyeah has 30 seconds left.\n|\n|t:|1683726684\n|switch|p2a: Hariyama|Hariyama, L50, F|100\/100\n|turn|3\n|\n|t:|1683726698\n|move|p1b: Armarouge|Expanding Force|p2b: Noivern|[spread] p2a,p2b\n|-supereffective|p2a: Hariyama\n|-damage|p2a: Hariyama|0 fnt\n|-damage|p2b: Noivern|0 fnt\n|faint|p2a: Hariyama\n|faint|p2b: Noivern\n|move|p1a: Indeedee|Heal Pulse|p1b: Armarouge\n|-heal|p1b: Armarouge|93\/100\n|\n|-weather|SunnyDay|[upkeep]\n|-heal|p1a: Indeedee|57\/100|[from] item: Leftovers\n|upkeep\n|c|\u26064realmadman|lel\n|inactive|HieristLMyeah has 30 seconds left.\n|\n|t:|1683726725\n|switch|p2a: Lilligant|Lilligant, L50, F|100\/100\n|turn|4\n|\n|t:|1683726736\n|move|p1a: Indeedee|Helping Hand|p1b: Armarouge\n|-singleturn|p1b: Armarouge|Helping Hand|[of] p1a: Indeedee\n|move|p2a: Lilligant|Protect|p2a: Lilligant\n|-singleturn|p2a: Lilligant|Protect\n|move|p1b: Armarouge|Armor Cannon|p2a: Lilligant\n|-activate|p2a: Lilligant|move: Protect\n|\n|-weather|SunnyDay|[upkeep]\n|-heal|p1a: Indeedee|63\/100|[from] item: Leftovers\n|upkeep\n|turn|5\n|\n|t:|1683726747\n|move|p1a: Indeedee|Helping Hand|p1b: Armarouge\n|-singleturn|p1b: Armarouge|Helping Hand|[of] p1a: Indeedee\n|move|p2a: Lilligant|Protect||[still]\n|-fail|p2a: Lilligant\n|move|p1b: Armarouge|Armor Cannon|p2a: Lilligant\n|-supereffective|p2a: Lilligant\n|-crit|p2a: Lilligant\n|-damage|p2a: Lilligant|0 fnt\n|-unboost|p1b: Armarouge|def|1\n|-unboost|p1b: Armarouge|spd|1\n|faint|p2a: Lilligant\n|\n|win|4realmadman\n|raw|4realmadman's rating: 1085 → 1116<\/strong> (+31 for winning)\n|raw|HieristLMyeah's rating: 1129 → 1101<\/strong> (-28 for losing)\n|l|\u2606HieristLMyeah\n","uploadtime":1683726764,"views":14,"p1id":"4realmadman","p2id":"hieristlmyeah","formatid":"gen9vgc2023regulationc","rating":1101,"private":0,"password":""}