{"id":"gen9vgc2023regulationc-1860833849","p1":"BurkeDoingWork","p2":"Nejisuke","format":"[Gen 9] VGC 2023 Regulation C","log":"|j|\u2606BurkeDoingWork\n|j|\u203dNejisuke\n|t:|1683683539\n|gametype|doubles\n|player|p1|BurkeDoingWork|pokemonbreeder-gen4|1137\n|player|p2|Nejisuke|1|1166\n|teamsize|p1|6\n|teamsize|p2|6\n|gen|9\n|tier|[Gen 9] VGC 2023 Regulation C\n|rated|\n|rule|Species Clause: Limit one of each Pok\u00e9mon\n|rule|Item Clause: Limit one of each item\n|clearpoke\n|poke|p1|Chi-Yu, L50|\n|poke|p1|Flutter Mane, L50|\n|poke|p1|Hydreigon, L50, M|\n|poke|p1|Talonflame, L50, M|\n|poke|p1|Great Tusk, L50|\n|poke|p1|Tyranitar, L50, M|\n|poke|p2|Ceruledge, L50, F|\n|poke|p2|Cetitan, L50, F|\n|poke|p2|Avalugg, L50, M|\n|poke|p2|Abomasnow, L50, M|\n|poke|p2|Iron Bundle, L50|\n|poke|p2|Blissey, L50, F|\n|teampreview|4\n|c|\u2606BurkeDoingWork|cool team\n|\n|t:|1683683602\n|start\n|switch|p1a: Gucci Mane|Flutter Mane, L50|100\/100\n|switch|p1b: Talon Childers|Talonflame, L50, M|100\/100\n|switch|p2a: Ceruledge|Ceruledge, L50, F|100\/100\n|switch|p2b: Blissey|Blissey, L50, F|100\/100\n|-enditem|p1a: Gucci Mane|Booster Energy\n|-activate|p1a: Gucci Mane|ability: Protosynthesis|[fromitem]\n|-start|p1a: Gucci Mane|protosynthesisspa\n|turn|1\n|\n|t:|1683683640\n|-terastallize|p1a: Gucci Mane|Grass\n|move|p2a: Ceruledge|Shadow Sneak|p1a: Gucci Mane\n|-damage|p1a: Gucci Mane|65\/100\n|move|p1b: Talon Childers|Taunt|p2b: Blissey\n|-start|p2b: Blissey|move: Taunt\n|move|p1a: Gucci Mane|Shadow Ball|p2a: Ceruledge\n|-supereffective|p2a: Ceruledge\n|-damage|p2a: Ceruledge|7\/100\n|-unboost|p2a: Ceruledge|spd|1\n|cant|p2b: Blissey|move: Taunt|Calm Mind\n|\n|upkeep\n|turn|2\n|\n|t:|1683683681\n|switch|p1b: GreatBallOfFire|Chi-Yu, L50|100\/100\n|-ability|p1b: GreatBallOfFire|Beads of Ruin\n|switch|p2a: Abomasnow|Abomasnow, L50, M|100\/100\n|-weather|Snow|[from] ability: Snow Warning|[of] p2a: Abomasnow\n|move|p1a: Gucci Mane|Dazzling Gleam|p2b: Blissey|[spread] p2a,p2b\n|-damage|p2a: Abomasnow|63\/100\n|-damage|p2b: Blissey|80\/100\n|move|p2b: Blissey|Blizzard|p1b: GreatBallOfFire|[spread] p1a,p1b\n|-supereffective|p1a: Gucci Mane\n|-resisted|p1b: GreatBallOfFire\n|-damage|p1a: Gucci Mane|33\/100\n|-damage|p1b: GreatBallOfFire|91\/100\n|-status|p1b: GreatBallOfFire|frz\n|\n|-weather|Snow|[upkeep]\n|-heal|p2b: Blissey|86\/100|[from] item: Leftovers\n|upkeep\n|turn|3\n|\n|t:|1683683710\n|-end|p1a: Gucci Mane|Protosynthesis|[silent]\n|switch|p1a: Evice|Tyranitar, L50, M, shiny|100\/100\n|-weather|Sandstorm|[from] ability: Sand Stream|[of] p1a: Evice\n|-terastallize|p2a: Abomasnow|Fire\n|cant|p1b: GreatBallOfFire|frz\n|move|p2a: Abomasnow|Blizzard|p1a: Evice|[spread] p1a\n|-miss|p2a: Abomasnow|p1b: GreatBallOfFire\n|-damage|p1a: Evice|74\/100\n|move|p2b: Blissey|Hyper Voice|p1b: GreatBallOfFire|[spread] p1a,p1b\n|-resisted|p1a: Evice\n|-damage|p1a: Evice|67\/100\n|-damage|p1b: GreatBallOfFire|66\/100 frz\n|\n|-weather|Sandstorm|[upkeep]\n|-damage|p2a: Abomasnow|57\/100|[from] Sandstorm\n|-damage|p2b: Blissey|80\/100|[from] Sandstorm\n|-heal|p2b: Blissey|86\/100|[from] item: Leftovers\n|-end|p2b: Blissey|move: Taunt\n|upkeep\n|turn|4\n|\n|t:|1683683741\n|switch|p2a: Avalugg|Avalugg, L50, M|100\/100\n|switch|p2b: Ceruledge|Ceruledge, L50, F|7\/100\n|-curestatus|p1b: GreatBallOfFire|frz|[msg]\n|move|p1b: GreatBallOfFire|Taunt|p2b: Ceruledge\n|-start|p2b: Ceruledge|move: Taunt\n|move|p1a: Evice|Rock Slide|p2a: Avalugg|[spread] p2a,p2b\n|-supereffective|p2a: Avalugg\n|-supereffective|p2b: Ceruledge\n|-damage|p2a: Avalugg|64\/100\n|-damage|p2b: Ceruledge|0 fnt\n|faint|p2b: Ceruledge\n|\n|-weather|Sandstorm|[upkeep]\n|-damage|p2a: Avalugg|58\/100|[from] Sandstorm\n|upkeep\n|\n|t:|1683683759\n|switch|p2b: Abomasnow|Abomasnow, L50, M, tera:Fire|57\/100\n|-weather|Snow|[from] ability: Snow Warning|[of] p2b: Abomasnow\n|turn|5\n|\n|t:|1683683779\n|switch|p2a: Blissey|Blissey, L50, F|86\/100\n|move|p1b: GreatBallOfFire|Dark Pulse|p2b: Abomasnow\n|-damage|p2b: Abomasnow|18\/100\n|move|p1a: Evice|Rock Slide|p2b: Abomasnow|[spread] p2b\n|-miss|p1a: Evice|p2a: Blissey\n|-supereffective|p2b: Abomasnow\n|-damage|p2b: Abomasnow|0 fnt\n|faint|p2b: Abomasnow\n|\n|-weather|Snow|[upkeep]\n|-heal|p2a: Blissey|92\/100|[from] item: Leftovers\n|upkeep\n|\n|t:|1683683790\n|switch|p2b: Avalugg|Avalugg, L50, M|58\/100\n|turn|6\n|\n|t:|1683683800\n|move|p1b: GreatBallOfFire|Heat Wave|p2b: Avalugg|[spread] p2b\n|-miss|p1b: GreatBallOfFire|p2a: Blissey\n|-supereffective|p2b: Avalugg\n|-damage|p2b: Avalugg|0 fnt\n|faint|p2b: Avalugg\n|move|p1a: Evice|Rock Slide|p2a: Blissey\n|-damage|p2a: Blissey|54\/100\n|move|p2a: Blissey|Blizzard|p1b: GreatBallOfFire|[spread] p1a,p1b\n|-resisted|p1b: GreatBallOfFire\n|-damage|p1a: Evice|50\/100\n|-damage|p1b: GreatBallOfFire|58\/100\n|\n|-weather|Snow|[upkeep]\n|-heal|p2a: Blissey|60\/100|[from] item: Leftovers\n|upkeep\n|turn|7\n|-message|Nejisuke forfeited.\n|\n|win|BurkeDoingWork\n|raw|BurkeDoingWork's rating: 1137 → 1164<\/strong> (+27 for winning)\n|raw|Nejisuke's rating: 1166 → 1139<\/strong> (-27 for losing)\n|l|\u203dNejisuke\n|c|\u2606BurkeDoingWork|GG\n","uploadtime":1683683818,"views":16,"p1id":"burkedoingwork","p2id":"nejisuke","formatid":"gen9vgc2023regulationc","rating":1139,"private":0,"password":""}