{"id":"gen9vgc2023regulationc-1848222997","p1":"PatMatrick","p2":"Drizzel090","format":"[Gen 9] VGC 2023 Regulation C","log":"|j|\u2606PatMatrick\n|j|\u2606Drizzel090\n|t:|1682044483\n|gametype|doubles\n|player|p1|PatMatrick|266|1113\n|player|p2|Drizzel090|265|1006\n|teamsize|p1|6\n|teamsize|p2|6\n|gen|9\n|tier|[Gen 9] VGC 2023 Regulation C\n|rated|\n|rule|Species Clause: Limit one of each Pok\u00e9mon\n|rule|Item Clause: Limit one of each item\n|clearpoke\n|poke|p1|Arcanine, L50, M|\n|poke|p1|Ting-Lu, L50|\n|poke|p1|Amoonguss, L50, F|\n|poke|p1|Flutter Mane, L50|\n|poke|p1|Kingambit, L50, F|\n|poke|p1|Palafin, L50, M|\n|poke|p2|Toxtricity, L50, F|\n|poke|p2|Lucario, L50, M|\n|poke|p2|Glimmora, L50, M|\n|poke|p2|Gyarados, L50, M|\n|poke|p2|Dragapult, L50, M|\n|poke|p2|Corviknight, L50, F|\n|teampreview|4\nPatMatrick rejected open team sheets.\n|inactive|Battle timer is ON: inactive players will automatically lose when time's up. (requested by PatMatrick)\n|\n|t:|1682044515\n|start\n|switch|p1a: Mac|Palafin, L50, M|100\/100\n|switch|p1b: Sweet Dee|Flutter Mane, L50|100\/100\n|switch|p2a: ;(|Gyarados, L50, M, shiny|100\/100\n|switch|p2b: You thought|Glimmora, L50, M, shiny|100\/100\n|-item|p2b: You thought|Air Balloon\n|turn|1\n|\n|t:|1682044534\n|detailschange|p1a: Mac|Palafin-Hero, L50, M\n|switch|p1a: Charlie|Arcanine, L50, M|100\/100\n|-ability|p1a: Charlie|Intimidate|boost\n|-unboost|p2a: ;(|atk|1\n|-unboost|p2b: You thought|atk|1\n|-terastallize|p2b: You thought|Grass\n|move|p1b: Sweet Dee|Protect|p1b: Sweet Dee\n|-singleturn|p1b: Sweet Dee|Protect\n|move|p2a: ;(|Dragon Dance|p2a: ;(\n|-boost|p2a: ;(|atk|1\n|-boost|p2a: ;(|spe|1\n|move|p2b: You thought|Energy Ball|p1a: Charlie\n|-resisted|p1a: Charlie\n|-damage|p1a: Charlie|76\/100\n|\n|upkeep\n|turn|2\n|inactive|Drizzel090 has 30 seconds left.\n|inactive|Drizzel090 has 20 seconds left.\n|inactive|PatMatrick has 30 seconds left.\n|\n|t:|1682044578\n|-end|p1b: Sweet Dee|Protosynthesis|[silent]\n|switch|p1b: Frank|Amoonguss, L50, F|100\/100\n|-terastallize|p1a: Charlie|Grass\n|move|p2a: ;(|Waterfall|p1a: Charlie\n|-resisted|p1a: Charlie\n|-damage|p1a: Charlie|49\/100\n|move|p1a: Charlie|Will-O-Wisp|p2a: ;(\n|-status|p2a: ;(|brn\n|move|p2b: You thought|Sludge Bomb|p1b: Frank\n|-damage|p1b: Frank|60\/100\n|\n|-damage|p2a: ;(|95\/100 brn|[from] brn\n|upkeep\n|turn|3\n|inactive|Drizzel090 has 30 seconds left.\n|\n|t:|1682044612\n|move|p2a: ;(|Earthquake|p1a: Charlie|[spread] p1a,p1b\n|-immune|p2b: You thought\n|-resisted|p1a: Charlie\n|-crit|p1b: Frank\n|-damage|p1a: Charlie|41\/100\n|-damage|p1b: Frank|42\/100\n|-enditem|p1b: Frank|Sitrus Berry|[eat]\n|-heal|p1b: Frank|67\/100|[from] item: Sitrus Berry\n|move|p1a: Charlie|Flare Blitz|p2b: You thought\n|-supereffective|p2b: You thought\n|-damage|p2b: You thought|0 fnt\n|-activate|p2b: You thought|ability: Toxic Debris\n|-sidestart|p1: PatMatrick|move: Toxic Spikes\n|-enditem|p2b: You thought|Air Balloon\n|faint|p2b: You thought\n|-damage|p1a: Charlie|10\/100|[from] Recoil\n|move|p1b: Frank|Pollen Puff|p1a: Charlie\n|-heal|p1a: Charlie|60\/100\n|\n|-damage|p2a: ;(|89\/100 brn|[from] brn\n|upkeep\n|\n|t:|1682044632\n|switch|p2b: Phew|Lucario, L50, M, shiny|100\/100\n|turn|4\n|\n|t:|1682044648\n|move|p1b: Frank|Rage Powder|p1b: Frank\n|-singleturn|p1b: Frank|move: Rage Powder\n|move|p2a: ;(|Waterfall|p1b: Frank\n|-resisted|p1b: Frank\n|-damage|p1b: Frank|55\/100\n|move|p2b: Phew|Close Combat|p1b: Frank\n|-resisted|p1b: Frank\n|-damage|p1b: Frank|30\/100\n|-unboost|p2b: Phew|def|1\n|-unboost|p2b: Phew|spd|1\n|move|p1a: Charlie|Will-O-Wisp|p2b: Phew\n|-status|p2b: Phew|brn\n|\n|-damage|p2a: ;(|83\/100 brn|[from] brn\n|-damage|p2b: Phew|94\/100 brn|[from] brn\n|upkeep\n|turn|5\n|inactive|Drizzel090 has 30 seconds left.\n|inactive|Drizzel090 has 20 seconds left.\n|inactive|Drizzel090 has 15 seconds left.\n|inactive|Drizzel090 has 10 seconds left.\n|inactive|Drizzel090 has 5 seconds left.\n|\n|t:|1682044703\n|move|p2a: ;(|Waterfall|p1b: Frank\n|-resisted|p1b: Frank\n|-damage|p1b: Frank|19\/100\n|move|p2b: Phew|Close Combat|p1b: Frank\n|-resisted|p1b: Frank\n|-damage|p1b: Frank|7\/100\n|-unboost|p2b: Phew|def|1\n|-unboost|p2b: Phew|spd|1\n|move|p1a: Charlie|Flare Blitz|p2b: Phew\n|-supereffective|p2b: Phew\n|-damage|p2b: Phew|0 fnt\n|faint|p2b: Phew\n|-damage|p1a: Charlie|37\/100|[from] Recoil\n|move|p1b: Frank|Pollen Puff|p1a: Charlie\n|-heal|p1a: Charlie|87\/100\n|\n|-damage|p2a: ;(|77\/100 brn|[from] brn\n|upkeep\n|l|\u2606Drizzel090\n|inactive|Drizzel090 disconnected and has a minute to reconnect!\n|player|p2|\n|inactive|Drizzel090 has 30 seconds left.\n|inactive|Drizzel090 has 20 seconds left.\n|inactive|Drizzel090 has 15 seconds left.\n|inactive|Drizzel090 has 10 seconds left.\n|inactive|Drizzel090 has 5 seconds left.\n|-message|Drizzel090 lost due to inactivity.\n|\n|win|PatMatrick\n|raw|PatMatrick's rating: 1113 → 1131<\/strong> (+18 for winning)\n|raw|Drizzel090's rating: 1006 → 1000<\/strong> (-6 for losing)\n","uploadtime":1682044767,"views":12,"p1id":"patmatrick","p2id":"drizzel090","formatid":"gen9vgc2023regulationc","rating":1000,"private":0,"password":""}