{"id":"gen9vgc2023regulationc-1859965161","p1":"tatsugirl i~","p2":"MasterofMetapods5","format":"[Gen 9] VGC 2023 Regulation C","log":"|j|\u2606tatsugirl i~\n|j|\u2606MasterofMetapods5\n|t:|1683580040\n|gametype|doubles\n|player|p1|tatsugirl i~|may-masters|\n|player|p2|MasterofMetapods5|lance|\n|teamsize|p1|6\n|teamsize|p2|6\n|gen|9\n|tier|[Gen 9] VGC 2023 Regulation C\n|rated|Tournament battle\n|rule|Species Clause: Limit one of each Pok\u00e9mon\n|rule|Item Clause: Limit one of each item\n|clearpoke\n|poke|p1|Corviknight, L50, M|\n|poke|p1|Dragapult, L50, M|\n|poke|p1|Flutter Mane, L50|\n|poke|p1|Chi-Yu, L50|\n|poke|p1|Dachsbun, L50, F|\n|poke|p1|Tauros-Paldea-Aqua, L50, M|\n|poke|p2|Amoonguss, L50, M|\n|poke|p2|Ting-Lu, L50|\n|poke|p2|Corviknight, L50, M|\n|poke|p2|Rotom-Wash, L50|\n|poke|p2|Chi-Yu, L50|\n|poke|p2|Flutter Mane, L50|\n|teampreview|4\n|raw| Open Team Sheet for tatsugirl i~<\/summary>Corviknight @ Sitrus Berry Ability: Mirror Armor Level: 50 Tera Type: Dragon - Iron Head - Brave Bird - Tailwind - Roost Dragapult @ Life Orb Ability: Clear Body Level: 50 Tera Type: Steel - Dragon Darts - Phantom Force - Will-O-Wisp - Protect Flutter Mane @ Booster Energy Ability: Protosynthesis Level: 50 Tera Type: Fairy - Shadow Ball - Moonblast - Dazzling Gleam - Protect Chi-Yu @ Charcoal Ability: Beads of Ruin Level: 50 Tera Type: Grass - Lava Plume - Heat Wave - Dark Pulse - Protect Dachsbun @ Leftovers Ability: Well-Baked Body Level: 50 Tera Type: Steel - Body Press - Play Rough - Yawn - Protect Tauros (Tauros-Paldea-Aqua) (M) @ Safety Goggles Ability: Intimidate Level: 50 Tera Type: Fire - Raging Bull - Close Combat - Aqua Jet - Protect <\/details><\/div> Open Team Sheet for MasterofMetapods5<\/summary>Amoonguss (M) @ Sitrus Berry Ability: Regenerator Level: 50 Tera Type: Water - Clear Smog - Pollen Puff - Spore - Rage Powder Ting-Lu @ Leftovers Ability: Vessel of Ruin Level: 50 Tera Type: Poison - Protect - Earthquake - Heavy Slam - Ruination Corviknight (M) @ Lum Berry Ability: Mirror Armor Level: 50 Tera Type: Dragon - Brave Bird - Iron Head - Roost - Tailwind Rotom (Rotom-Wash) @ Safety Goggles Ability: Levitate Level: 50 Tera Type: Poison - Protect - Thunderbolt - Hydro Pump - Nasty Plot Chi-Yu @ Focus Sash Ability: Beads of Ruin Level: 50 Tera Type: Fire - Protect - Heat Wave - Dark Pulse - Overheat Flutter Mane @ Booster Energy Ability: Protosynthesis Level: 50 Tera Type: Fairy - Protect - Moonblast - Shadow Ball - Icy Wind <\/details><\/div>\n|c|\u2606MasterofMetapods5|glhf\n|j| Radio Free C-Side\n|j| tigerozi11\n|c|\u2606tatsugirl i~|u2\n|j| Mut-antVGC\n|j| oodabi\n|j| RiotJuice\n|c|\u2606tatsugirl i~|how is rotom? i was using it over tauros for a bit\n|j| dashrekawanobi\n|c|\u2606MasterofMetapods5|ive liked it\n|c| dashrekawanobi|rotom is aight\n|c|\u2606MasterofMetapods5|imo needs really good support around it\n|l| dashrekawanobi\n|\n|t:|1683580109\n|start\n|switch|p1a: Flutter Mane|Flutter Mane, L50|100\/100\n|switch|p1b: Dragapult|Dragapult, L50, M|100\/100\n|switch|p2a: Corviknight|Corviknight, L50, M|100\/100\n|switch|p2b: Ting-Lu|Ting-Lu, L50|100\/100\n|-ability|p2b: Ting-Lu|Vessel of Ruin\n|-enditem|p1a: Flutter Mane|Booster Energy\n|-activate|p1a: Flutter Mane|ability: Protosynthesis|[fromitem]\n|-start|p1a: Flutter Mane|protosynthesisspe\n|turn|1\n|j| xerntest\n|\n|t:|1683580118\n|move|p1a: Flutter Mane|Protect|p1a: Flutter Mane\n|-singleturn|p1a: Flutter Mane|Protect\n|move|p2b: Ting-Lu|Protect|p2b: Ting-Lu\n|-singleturn|p2b: Ting-Lu|Protect\n|move|p1b: Dragapult|Will-O-Wisp|p2a: Corviknight\n|-status|p2a: Corviknight|brn\n|-enditem|p2a: Corviknight|Lum Berry|[eat]\n|-curestatus|p2a: Corviknight|brn|[msg]\n|move|p2a: Corviknight|Tailwind|p2a: Corviknight\n|-sidestart|p2: MasterofMetapods5|move: Tailwind\n|\n|upkeep\n|turn|2\n|\n|t:|1683580145\n|-end|p1a: Flutter Mane|Protosynthesis|[silent]\n|switch|p1a: Chi-Yu|Chi-Yu, L50|100\/100\n|-ability|p1a: Chi-Yu|Beads of Ruin\n|move|p2a: Corviknight|Iron Head|p1a: Chi-Yu\n|-resisted|p1a: Chi-Yu\n|-damage|p1a: Chi-Yu|86\/100\n|move|p1b: Dragapult|Will-O-Wisp|p2a: Corviknight|[miss]\n|-miss|p1b: Dragapult|p2a: Corviknight\n|move|p2b: Ting-Lu|Earthquake|p1b: Dragapult|[spread] p1a,p1b\n|-immune|p2a: Corviknight\n|-supereffective|p1a: Chi-Yu\n|-damage|p1a: Chi-Yu|3\/100\n|-damage|p1b: Dragapult|54\/100\n|\n|upkeep\n|turn|3\n|\n|t:|1683580163\n|move|p1a: Chi-Yu|Protect|p1a: Chi-Yu\n|-singleturn|p1a: Chi-Yu|Protect\n|move|p2a: Corviknight|Iron Head|p1a: Chi-Yu\n|-activate|p1a: Chi-Yu|move: Protect\n|move|p1b: Dragapult|Will-O-Wisp|p2a: Corviknight\n|-status|p2a: Corviknight|brn\n|move|p2b: Ting-Lu|Heavy Slam|p1b: Dragapult\n|-damage|p1b: Dragapult|0 fnt\n|faint|p1b: Dragapult\n|\n|-damage|p2a: Corviknight|95\/100 brn|[from] brn\n|upkeep\n|\n|t:|1683580173\n|switch|p1b: Flutter Mane|Flutter Mane, L50|100\/100\n|turn|4\n|\n|t:|1683580183\n|switch|p1a: Dachsbun|Dachsbun, L50, F|100\/100\n|-terastallize|p1b: Flutter Mane|Fairy\n|move|p2a: Corviknight|Brave Bird|p1a: Dachsbun\n|-damage|p1a: Dachsbun|84\/100\n|-damage|p2a: Corviknight|90\/100 brn|[from] Recoil\n|move|p1b: Flutter Mane|Moonblast|p2b: Ting-Lu\n|-supereffective|p2b: Ting-Lu\n|-crit|p2b: Ting-Lu\n|-damage|p2b: Ting-Lu|0 fnt\n|faint|p2b: Ting-Lu\n|\n|-heal|p1a: Dachsbun|90\/100|[from] item: Leftovers\n|-damage|p2a: Corviknight|84\/100 brn|[from] brn\n|-sideend|p2: MasterofMetapods5|move: Tailwind\n|upkeep\n|\n|t:|1683580192\n|switch|p2b: Rotom|Rotom-Wash, L50|100\/100\n|turn|5\n|\n|t:|1683580213\n|-terastallize|p2b: Rotom|Poison\n|move|p1b: Flutter Mane|Moonblast|p2b: Rotom\n|-resisted|p2b: Rotom\n|-damage|p2b: Rotom|62\/100\n|move|p2b: Rotom|Nasty Plot|p2b: Rotom\n|-boost|p2b: Rotom|spa|2\n|move|p1a: Dachsbun|Body Press|p2b: Rotom\n|-resisted|p2b: Rotom\n|-damage|p2b: Rotom|46\/100\n|move|p2a: Corviknight|Tailwind|p2a: Corviknight\n|-sidestart|p2: MasterofMetapods5|move: Tailwind\n|\n|-heal|p1a: Dachsbun|96\/100|[from] item: Leftovers\n|-damage|p2a: Corviknight|79\/100 brn|[from] brn\n|upkeep\n|turn|6\n|\n|t:|1683580225\n|move|p1a: Dachsbun|Protect|p1a: Dachsbun\n|-singleturn|p1a: Dachsbun|Protect\n|move|p2b: Rotom|Hydro Pump|p1a: Dachsbun\n|-activate|p1a: Dachsbun|move: Protect\n|move|p2a: Corviknight|Iron Head|p1b: Flutter Mane\n|-supereffective|p1b: Flutter Mane\n|-crit|p1b: Flutter Mane\n|-damage|p1b: Flutter Mane|16\/100\n|move|p1b: Flutter Mane|Shadow Ball|p2b: Rotom\n|-damage|p2b: Rotom|2\/100\n|-unboost|p2b: Rotom|spd|1\n|\n|-heal|p1a: Dachsbun|100\/100|[from] item: Leftovers\n|-damage|p2a: Corviknight|73\/100 brn|[from] brn\n|upkeep\n|turn|7\n|\n|t:|1683580238\n|move|p1b: Flutter Mane|Protect|p1b: Flutter Mane\n|-singleturn|p1b: Flutter Mane|Protect\n|move|p2b: Rotom|Hydro Pump|p1a: Dachsbun\n|-damage|p1a: Dachsbun|0 fnt\n|faint|p1a: Dachsbun\n|move|p2a: Corviknight|Iron Head|p1b: Flutter Mane\n|-activate|p1b: Flutter Mane|move: Protect\n|\n|-damage|p2a: Corviknight|67\/100 brn|[from] brn\n|upkeep\n|\n|t:|1683580247\n|switch|p1a: Chi-Yu|Chi-Yu, L50|3\/100\n|-ability|p1a: Chi-Yu|Beads of Ruin\n|turn|8\n|\n|t:|1683580250\n|move|p1b: Flutter Mane|Protect||[still]\n|-fail|p1b: Flutter Mane\n|move|p1a: Chi-Yu|Protect|p1a: Chi-Yu\n|-singleturn|p1a: Chi-Yu|Protect\n|move|p2b: Rotom|Thunderbolt|p1a: Chi-Yu\n|-activate|p1a: Chi-Yu|move: Protect\n|move|p2a: Corviknight|Iron Head|p1b: Flutter Mane\n|-supereffective|p1b: Flutter Mane\n|-crit|p1b: Flutter Mane\n|-damage|p1b: Flutter Mane|0 fnt\n|faint|p1b: Flutter Mane\n|-end|p1b: Flutter Mane|Protosynthesis|[silent]\n|\n|-damage|p2a: Corviknight|61\/100 brn|[from] brn\n|-sideend|p2: MasterofMetapods5|move: Tailwind\n|upkeep\n|turn|9\n|j| PoppyPearly\n|\n|t:|1683580256\n|move|p2b: Rotom|Protect|p2b: Rotom\n|-singleturn|p2b: Rotom|Protect\n|move|p1a: Chi-Yu|Lava Plume|p2a: Corviknight|[spread] p2a\n|-activate|p2b: Rotom|move: Protect\n|-supereffective|p2a: Corviknight\n|-damage|p2a: Corviknight|0 fnt\n|faint|p2a: Corviknight\n|\n|upkeep\n|\n|t:|1683580258\n|switch|p2a: Flutter Mane|Flutter Mane, L50|100\/100\n|-enditem|p2a: Flutter Mane|Booster Energy\n|-activate|p2a: Flutter Mane|ability: Protosynthesis|[fromitem]\n|-start|p2a: Flutter Mane|protosynthesisspe\n|turn|10\n|l| PoppyPearly\n|c|\u2606MasterofMetapods5|gg\n|c|\u2606tatsugirl i~|ggwp\n|\n|t:|1683580270\n|move|p2a: Flutter Mane|Moonblast|p1a: Chi-Yu\n|-damage|p1a: Chi-Yu|0 fnt\n|faint|p1a: Chi-Yu\n|\n|win|MasterofMetapods5\n|n|\u2606tatsugirl i~|tatsugirli\n|n|\u2606MasterofMetapods5|masterofmetapods5\n|n| Radio Free C-Side|radiofreecside\n|n| tigerozi11|tigerozi11\n|n| Mut-antVGC|mutantvgc\n|n| oodabi|oodabi\n|n| RiotJuice|riotjuice\n|n| xerntest|xerntest\n","uploadtime":1683580271,"views":7,"p1id":"tatsugirli","p2id":"masterofmetapods5","formatid":"gen9vgc2023regulationc","rating":0,"private":0,"password":""}