{"id":"gen9vgc2023regulationc-1858620666","p1":"CthulhuSama888","p2":"DiddlyDii","format":"[Gen 9] VGC 2023 Regulation C","log":"|j|\u2606CthulhuSama888\n|j|\u2606DiddlyDii\n|t:|1683333328\n|gametype|doubles\n|player|p1|CthulhuSama888|170|1081\n|player|p2|DiddlyDii|1|1018\n|teamsize|p1|6\n|teamsize|p2|6\n|gen|9\n|tier|[Gen 9] VGC 2023 Regulation C\n|rated|\n|rule|Species Clause: Limit one of each Pok\u00e9mon\n|rule|Item Clause: Limit one of each item\n|clearpoke\n|poke|p1|Armarouge, L50, M|\n|poke|p1|Dachsbun, L50, F|\n|poke|p1|Torkoal, L50, F|\n|poke|p1|Indeedee-F, L50, F|\n|poke|p1|Hatterene, L50, F|\n|poke|p1|Chien-Pao, L50|\n|poke|p2|Amoonguss, L50, F|\n|poke|p2|Garganacl, L50, F|\n|poke|p2|Chi-Yu, L50|\n|poke|p2|Ceruledge, L50, F|\n|poke|p2|Haxorus, L50, F|\n|poke|p2|Dragonite, L50, F|\n|teampreview|4\n|\n|t:|1683333360\n|start\n|switch|p1a: Indeedee|Indeedee-F, L50, F, shiny|100\/100\n|switch|p1b: Armarouge|Armarouge, L50, M|100\/100\n|switch|p2a: Chi-Yu|Chi-Yu, L50|100\/100\n|switch|p2b: Ceruledge|Ceruledge, L50, F|100\/100\n|-ability|p2a: Chi-Yu|Beads of Ruin\n|-fieldstart|move: Psychic Terrain|[from] ability: Psychic Surge|[of] p1a: Indeedee\n|-enditem|p1a: Indeedee|Psychic Seed\n|-boost|p1a: Indeedee|spd|1|[from] item: Psychic Seed\n|turn|1\n|\n|t:|1683333400\n|switch|p1b: Hatterene|Hatterene, L50, F, shiny|100\/100\n|move|p2a: Chi-Yu|Lava Plume|p1a: Indeedee|[spread] p1a,p1b\n|-start|p2b: Ceruledge|ability: Flash Fire\n|-damage|p1a: Indeedee|75\/100\n|-damage|p1b: Hatterene|49\/100\n|move|p2b: Ceruledge|Psycho Cut|p1b: Hatterene\n|-resisted|p1b: Hatterene\n|-crit|p1b: Hatterene\n|-damage|p1b: Hatterene|22\/100\n|move|p1a: Indeedee|Trick Room|p1a: Indeedee\n|-fieldstart|move: Trick Room|[of] p1a: Indeedee\n|\n|upkeep\n|turn|2\n|\n|t:|1683333426\n|move|p1a: Indeedee|Helping Hand|p1b: Hatterene\n|-singleturn|p1b: Hatterene|Helping Hand|[of] p1a: Indeedee\n|move|p1b: Hatterene|Dazzling Gleam|p2a: Chi-Yu|[spread] p2a,p2b\n|-resisted|p2b: Ceruledge\n|-damage|p2a: Chi-Yu|20\/100\n|-damage|p2b: Ceruledge|64\/100\n|-damage|p1b: Hatterene|13\/100|[from] item: Life Orb\n|move|p2b: Ceruledge|Bitter Blade|p1a: Indeedee\n|-damage|p1a: Indeedee|0 fnt\n|-heal|p2b: Ceruledge|100\/100|[from] drain|[of] p1a: Indeedee\n|faint|p1a: Indeedee\n|move|p2a: Chi-Yu|Lava Plume|p1b: Hatterene|[spread] p1b\n|-immune|p2b: Ceruledge|[from] ability: Flash Fire\n|-damage|p1b: Hatterene|0 fnt\n|faint|p1b: Hatterene\n|\n|upkeep\n|\n|t:|1683333444\n|switch|p1b: Armarouge|Armarouge, L50, M|100\/100\n|switch|p1a: Chien-Pao|Chien-Pao, L50|100\/100\n|-ability|p1a: Chien-Pao|Sword of Ruin\n|turn|3\n|\n|t:|1683333461\n|move|p2a: Chi-Yu|Protect|p2a: Chi-Yu\n|-singleturn|p2a: Chi-Yu|Protect\n|move|p1a: Chien-Pao|Sucker Punch|p2b: Ceruledge\n|-activate|p2b: Ceruledge|move: Psychic Terrain\n|move|p1b: Armarouge|Armor Cannon|p2a: Chi-Yu\n|-activate|p2a: Chi-Yu|move: Protect\n|move|p2b: Ceruledge|Bitter Blade|p1a: Chien-Pao\n|-supereffective|p1a: Chien-Pao\n|-enditem|p1a: Chien-Pao|Focus Sash\n|-damage|p1a: Chien-Pao|1\/100\n|\n|upkeep\n|turn|4\n|\n|t:|1683333497\n|move|p1a: Chien-Pao|Sucker Punch|p2b: Ceruledge\n|-activate|p2b: Ceruledge|move: Psychic Terrain\n|move|p1b: Armarouge|Armor Cannon|p2a: Chi-Yu\n|-resisted|p2a: Chi-Yu\n|-crit|p2a: Chi-Yu\n|-damage|p2a: Chi-Yu|0 fnt\n|-unboost|p1b: Armarouge|def|1\n|-unboost|p1b: Armarouge|spd|1\n|faint|p2a: Chi-Yu\n|move|p2b: Ceruledge|Bitter Blade|p1a: Chien-Pao\n|-supereffective|p1a: Chien-Pao\n|-damage|p1a: Chien-Pao|0 fnt\n|faint|p1a: Chien-Pao\n|\n|upkeep\n|\n|t:|1683333520\n|switch|p2a: Garganacl|Garganacl, L50, F|100\/100\n|turn|5\n|\n|t:|1683333538\n|move|p2a: Garganacl|Salt Cure|p1b: Armarouge\n|-supereffective|p1b: Armarouge\n|-damage|p1b: Armarouge|60\/100\n|-start|p1b: Armarouge|Salt Cure\n|move|p1b: Armarouge|Expanding Force|p2a: Garganacl|[spread] p2a,p2b\n|-damage|p2a: Garganacl|35\/100\n|-damage|p2b: Ceruledge|43\/100\n|move|p2b: Ceruledge|Psycho Cut|p1b: Armarouge\n|-resisted|p1b: Armarouge\n|-damage|p1b: Armarouge|36\/100\n|\n|-heal|p2a: Garganacl|41\/100|[from] item: Leftovers\n|-damage|p1b: Armarouge|24\/100|[from] Salt Cure\n|-fieldend|move: Trick Room\n|-fieldend|move: Psychic Terrain\n|upkeep\n|turn|6\n|\n|t:|1683333560\n|move|p2b: Ceruledge|Shadow Sneak|p1b: Armarouge\n|-supereffective|p1b: Armarouge\n|-damage|p1b: Armarouge|0 fnt\n|faint|p1b: Armarouge\n|\n|win|DiddlyDii\n|raw|CthulhuSama888's rating: 1081 → 1055<\/strong> (-26 for losing)\n|raw|DiddlyDii's rating: 1018 → 1062<\/strong> (+44 for winning)\n","uploadtime":1683333566,"views":12,"p1id":"cthulhusama888","p2id":"diddlydii","formatid":"gen9vgc2023regulationc","rating":1055,"private":0,"password":""}