{"id":"gen9vgc2023regulationc-1848832557","p1":"TrainerDylan24","p2":"Gorbism","format":"[Gen 9] VGC 2023 Regulation C","log":"|j|\u2606TrainerDylan24\n|j|\u2606Gorbism\n|t:|1682115294\n|gametype|doubles\n|player|p1|TrainerDylan24|grimsley|1095\n|player|p2|Gorbism|ethan|1140\n|teamsize|p1|6\n|teamsize|p2|6\n|gen|9\n|tier|[Gen 9] VGC 2023 Regulation C\n|rated|\n|rule|Species Clause: Limit one of each Pok\u00e9mon\n|rule|Item Clause: Limit one of each item\n|clearpoke\n|poke|p1|Annihilape, L50, M|\n|poke|p1|Bellibolt, L50, M|\n|poke|p1|Kingambit, L50, M|\n|poke|p1|Iron Hands, L50|\n|poke|p1|Dondozo, L50, M|\n|poke|p1|Tatsugiri, L50, M|\n|poke|p2|Tinkaton, L50, F|\n|poke|p2|Azumarill, L50, M|\n|poke|p2|Corviknight, L50, M|\n|poke|p2|Skeledirge, L50, M|\n|poke|p2|Sableye, L50, M|\n|poke|p2|Oranguru, L50, M|\n|teampreview|4\n|\n|t:|1682115352\n|start\n|switch|p1a: Bellibolt|Bellibolt, L50, M|100\/100\n|switch|p1b: Tatsugiri|Tatsugiri, L50, M|100\/100\n|switch|p2a: Oranguru|Oranguru, L50, M|100\/100\n|switch|p2b: Tinkaton|Tinkaton, L50, F|100\/100\n|turn|1\n|\n|t:|1682115372\n|switch|p1b: Kingambit|Kingambit, L50, M|100\/100\n|move|p2b: Tinkaton|Skill Swap|p1b: Kingambit\n|-activate|p2b: Tinkaton|move: Skill Swap|Defiant|Own Tempo|[of] p1b: Kingambit\n|move|p1a: Bellibolt|Chilling Water|p2b: Tinkaton\n|-damage|p2b: Tinkaton|86\/100\n|-unboost|p2b: Tinkaton|atk|1\n|-ability|p2b: Tinkaton|Defiant|boost\n|-boost|p2b: Tinkaton|atk|2\n|move|p2a: Oranguru|Trick Room|p2a: Oranguru\n|-fieldstart|move: Trick Room|[of] p2a: Oranguru\n|\n|upkeep\n|turn|2\n|\n|t:|1682115412\n|move|p1a: Bellibolt|Muddy Water|p2b: Tinkaton|[spread] p2a,p2b\n|-damage|p2a: Oranguru|83\/100\n|-damage|p2b: Tinkaton|67\/100\n|-unboost|p2b: Tinkaton|accuracy|1\n|-ability|p2b: Tinkaton|Defiant|boost\n|-boost|p2b: Tinkaton|atk|2\n|move|p1b: Kingambit|Kowtow Cleave|p2a: Oranguru\n|-supereffective|p2a: Oranguru\n|-damage|p2a: Oranguru|0 fnt\n|faint|p2a: Oranguru\n|move|p2b: Tinkaton|Gigaton Hammer|p1a: Bellibolt|[miss]\n|-miss|p2b: Tinkaton|p1a: Bellibolt\n|\n|upkeep\n|\n|t:|1682115423\n|switch|p2a: Skeledirge|Skeledirge, L50, M|100\/100\n|turn|3\n|\n|t:|1682115446\n|-terastallize|p2a: Skeledirge|Water\n|move|p1b: Kingambit|Sucker Punch|p2b: Tinkaton\n|-resisted|p2b: Tinkaton\n|-damage|p2b: Tinkaton|44\/100\n|move|p1a: Bellibolt|Muddy Water|p2b: Tinkaton|[spread] p2b\n|-miss|p1a: Bellibolt|p2a: Skeledirge\n|-damage|p2b: Tinkaton|24\/100\n|move|p2a: Skeledirge|Torch Song|p1b: Kingambit\n|-supereffective|p1b: Kingambit\n|-damage|p1b: Kingambit|32\/100\n|-boost|p2a: Skeledirge|spa|1\n|-enditem|p2a: Skeledirge|Throat Spray\n|-boost|p2a: Skeledirge|spa|1|[from] item: Throat Spray\n|move|p2b: Tinkaton|Play Rough|p1b: Kingambit\n|-damage|p1b: Kingambit|0 fnt\n|faint|p1b: Kingambit\n|\n|upkeep\n|\n|t:|1682115466\n|switch|p1b: Dondozo|Dondozo, L50, M|100\/100\n|turn|4\n|\n|t:|1682115501\n|switch|p1a: Tatsugiri|Tatsugiri, L50, M|100\/100\n|-activate|p1a: Tatsugiri|ability: Commander|[of] p1b: Dondozo\n|-boost|p1b: Dondozo|atk|2\n|-boost|p1b: Dondozo|spa|2\n|-boost|p1b: Dondozo|spe|2\n|-boost|p1b: Dondozo|def|2\n|-boost|p1b: Dondozo|spd|2\n|move|p2a: Skeledirge|Torch Song|p1a: Tatsugiri|[miss]\n|-miss|p2a: Skeledirge|p1a: Tatsugiri\n|move|p1b: Dondozo|Order Up|p2a: Skeledirge\n|-damage|p2a: Skeledirge|80\/100\n|-boost|p1b: Dondozo|atk|1\n|move|p2b: Tinkaton|Thunder Wave|p1b: Dondozo\n|-status|p1b: Dondozo|par\n|\n|upkeep\n|turn|5\n|\n|t:|1682115545\n|move|p2a: Skeledirge|Protect|p2a: Skeledirge\n|-singleturn|p2a: Skeledirge|Protect\n|move|p1b: Dondozo|Waterfall|p2b: Tinkaton\n|-damage|p2b: Tinkaton|0 fnt\n|faint|p2b: Tinkaton\n|\n|-fieldend|move: Trick Room\n|upkeep\n|\n|t:|1682115551\n|switch|p2b: Azumarill|Azumarill, L50, M|100\/100\n|turn|6\n|\n|t:|1682115564\n|move|p2a: Skeledirge|Hex|p1b: Dondozo\n|-damage|p1b: Dondozo|59\/100 par\n|move|p2b: Azumarill|Trailblaze|p1b: Dondozo\n|-supereffective|p1b: Dondozo\n|-damage|p1b: Dondozo|43\/100 par\n|-boost|p2b: Azumarill|spe|1\n|cant|p1b: Dondozo|par\n|\n|-heal|p1b: Dondozo|49\/100 par|[from] item: Leftovers\n|upkeep\n|turn|7\n|\n|t:|1682115581\n|move|p2b: Azumarill|Trailblaze|p1b: Dondozo\n|-supereffective|p1b: Dondozo\n|-damage|p1b: Dondozo|32\/100 par\n|-boost|p2b: Azumarill|spe|1\n|move|p2a: Skeledirge|Hex|p1b: Dondozo\n|-damage|p1b: Dondozo|0 fnt\n|faint|p1b: Dondozo\n|\n|upkeep\n|\n|t:|1682115586\n|switch|p1b: Bellibolt|Bellibolt, L50, M|100\/100\n|turn|8\n|\n|t:|1682115599\n|move|p1a: Tatsugiri|Icy Wind|p2a: Skeledirge|[spread] p2a,p2b\n|-resisted|p2a: Skeledirge\n|-resisted|p2b: Azumarill\n|-damage|p2a: Skeledirge|73\/100\n|-damage|p2b: Azumarill|96\/100\n|-unboost|p2a: Skeledirge|spe|1\n|-unboost|p2b: Azumarill|spe|1\n|move|p2b: Azumarill|Ice Spinner|p1a: Tatsugiri\n|-damage|p1a: Tatsugiri|34\/100\n|move|p1b: Bellibolt|Thunderbolt|p2a: Skeledirge\n|-supereffective|p2a: Skeledirge\n|-damage|p2a: Skeledirge|0 fnt\n|faint|p2a: Skeledirge\n|\n|upkeep\n|turn|9\n|\n|t:|1682115616\n|move|p1a: Tatsugiri|Icy Wind|p2b: Azumarill\n|-resisted|p2b: Azumarill\n|-damage|p2b: Azumarill|90\/100\n|-unboost|p2b: Azumarill|spe|1\n|move|p2b: Azumarill|Liquidation|p1b: Bellibolt\n|-damage|p1b: Bellibolt|49\/100\n|-start|p1b: Bellibolt|Charge|Liquidation|[from] ability: Electromorphosis\n|-damage|p2b: Azumarill|73\/100|[from] item: Rocky Helmet|[of] p1b: Bellibolt\n|move|p1b: Bellibolt|Thunderbolt|p2b: Azumarill\n|-supereffective|p2b: Azumarill\n|-damage|p2b: Azumarill|0 fnt\n|faint|p2b: Azumarill\n|-end|p1b: Bellibolt|Charge|[silent]\n|\n|win|TrainerDylan24\n|raw|TrainerDylan24's rating: 1095 → 1124<\/strong> (+29 for winning)\n|raw|Gorbism's rating: 1140 → 1112<\/strong> (-28 for losing)\n|l|\u2606Gorbism\n","uploadtime":1682115632,"views":10,"p1id":"trainerdylan24","p2id":"gorbism","formatid":"gen9vgc2023regulationc","rating":1112,"private":0,"password":""}