{"id":"gen9vgc2023regulationc-1850058120","p1":"DayMoth","p2":"Mono fire 101","format":"[Gen 9] VGC 2023 Regulation C","log":"|j|\u2606DayMoth\n|j|\u2606Mono fire 101\n|t:|1682282633\n|gametype|doubles\n|player|p1|DayMoth|waitress-gen4|1124\n|player|p2|Mono fire 101|1|1040\n|teamsize|p1|6\n|teamsize|p2|6\n|gen|9\n|tier|[Gen 9] VGC 2023 Regulation C\n|rated|\n|rule|Species Clause: Limit one of each Pok\u00e9mon\n|rule|Item Clause: Limit one of each item\n|clearpoke\n|poke|p1|Revavroom, L50, F|\n|poke|p1|Rotom-Mow, L50|\n|poke|p1|Iron Treads, L50|\n|poke|p1|Cyclizar, L50, M|\n|poke|p1|Electrode, L50|\n|poke|p1|Tyranitar, L50, M|\n|poke|p2|Armarouge, L50, M|\n|poke|p2|Torkoal, L50, F|\n|poke|p2|Scovillain, L50, F|\n|poke|p2|Talonflame, L50, F|\n|poke|p2|Chi-Yu, L50|\n|poke|p2|Iron Moth, L50|\n|teampreview|4\n|\n|t:|1682282683\n|start\n|switch|p1a: Cyclizar|Cyclizar, L50, M|100\/100\n|switch|p1b: Electrode|Electrode, L50|100\/100\n|switch|p2a: Chi-Yu|Chi-Yu, L50|100\/100\n|switch|p2b: Torkoal|Torkoal, L50, F|100\/100\n|-ability|p2a: Chi-Yu|Beads of Ruin\n|-weather|SunnyDay|[from] ability: Drought|[of] p2b: Torkoal\n|turn|1\n|\n|t:|1682282707\n|move|p2a: Chi-Yu|Protect|p2a: Chi-Yu\n|-singleturn|p2a: Chi-Yu|Protect\n|move|p1b: Electrode|Eerie Impulse|p2a: Chi-Yu\n|-activate|p2a: Chi-Yu|move: Protect\n|move|p1a: Cyclizar|Shed Tail|p1a: Cyclizar\n|-start|p1a: Cyclizar|Substitute|[from] move: Shed Tail\n|-damage|p1a: Cyclizar|50\/100\n|-enditem|p1a: Cyclizar|Sitrus Berry|[eat]\n|-heal|p1a: Cyclizar|75\/100|[from] item: Sitrus Berry\n|\n|t:|1682282717\n|switch|p1a: Tyranitar|Tyranitar, L50, M|100\/100|[from] Shed Tail\n|-weather|Sandstorm|[from] ability: Sand Stream|[of] p1a: Tyranitar\n|move|p2b: Torkoal|Body Press|p1a: Tyranitar\n|-supereffective|p1a: Tyranitar\n|-crit|p1a: Tyranitar\n|-end|p1a: Tyranitar|Substitute\n|\n|-weather|Sandstorm|[upkeep]\n|-damage|p1b: Electrode|95\/100|[from] Sandstorm\n|-damage|p2a: Chi-Yu|94\/100|[from] Sandstorm\n|-damage|p2b: Torkoal|94\/100|[from] Sandstorm\n|upkeep\n|turn|2\n|\n|t:|1682282774\n|-terastallize|p2a: Chi-Yu|Fire\n|move|p1b: Electrode|Thunder Wave|p2a: Chi-Yu\n|-status|p2a: Chi-Yu|par\n|cant|p2a: Chi-Yu|par\n|move|p1a: Tyranitar|Rock Slide|p2b: Torkoal|[spread] p2a,p2b\n|-supereffective|p2a: Chi-Yu\n|-supereffective|p2b: Torkoal\n|-damage|p2a: Chi-Yu|0 fnt\n|-damage|p2b: Torkoal|45\/100\n|faint|p2a: Chi-Yu\n|move|p2b: Torkoal|Body Press|p1a: Tyranitar\n|-supereffective|p1a: Tyranitar\n|-crit|p1a: Tyranitar\n|-damage|p1a: Tyranitar|0 fnt\n|faint|p1a: Tyranitar\n|\n|-weather|Sandstorm|[upkeep]\n|-damage|p1b: Electrode|89\/100|[from] Sandstorm\n|-damage|p2b: Torkoal|39\/100|[from] Sandstorm\n|upkeep\n|\n|t:|1682282799\n|switch|p2a: Talonflame|Talonflame, L50, F|100\/100\n|switch|p1a: Cyclizar|Cyclizar, L50, M|100\/100\n|turn|3\n|\n|t:|1682282830\n|switch|p2b: Scovillain|Scovillain, L50, F|100\/100\n|move|p2a: Talonflame|Tailwind|p2a: Talonflame\n|-sidestart|p2: Mono fire 101|move: Tailwind\n|move|p1b: Electrode|Magnet Rise|p1b: Electrode\n|-start|p1b: Electrode|Magnet Rise\n|move|p1a: Cyclizar|Breaking Swipe|p2b: Scovillain|[spread] p2a,p2b\n|-damage|p2a: Talonflame|77\/100\n|-damage|p2b: Scovillain|74\/100\n|-unboost|p2b: Scovillain|atk|1\n|\n|-weather|Sandstorm|[upkeep]\n|-damage|p2a: Talonflame|71\/100|[from] Sandstorm\n|-damage|p1b: Electrode|83\/100|[from] Sandstorm\n|-damage|p2b: Scovillain|68\/100|[from] Sandstorm\n|-damage|p1a: Cyclizar|94\/100|[from] Sandstorm\n|upkeep\n|turn|4\n|\n|t:|1682282870\n|move|p2a: Talonflame|U-turn|p1b: Electrode\n|-crit|p1b: Electrode\n|-damage|p1b: Electrode|51\/100\n|\n|t:|1682282873\n|switch|p2a: Torkoal|Torkoal, L50, F|39\/100|[from] U-turn\n|-weather|SunnyDay|[from] ability: Drought|[of] p2a: Torkoal\n|move|p2b: Scovillain|Solar Beam||[still]\n|-prepare|p2b: Scovillain|Solar Beam\n|-anim|p2b: Scovillain|Solar Beam|p1b: Electrode\n|-damage|p1b: Electrode|0 fnt\n|faint|p1b: Electrode\n|-damage|p2b: Scovillain|58\/100|[from] item: Life Orb\n|move|p1a: Cyclizar|Breaking Swipe|p2b: Scovillain|[spread] p2a,p2b\n|-damage|p2a: Torkoal|27\/100\n|-damage|p2b: Scovillain|33\/100\n|-unboost|p2a: Torkoal|atk|1\n|-unboost|p2b: Scovillain|atk|1\n|\n|-weather|SunnyDay|[upkeep]\n|upkeep\n|\n|t:|1682282888\n|switch|p1b: Iron Treads|Iron Treads, L50|100\/100\n|-enditem|p1b: Iron Treads|Booster Energy\n|-activate|p1b: Iron Treads|ability: Quark Drive|[fromitem]\n|-start|p1b: Iron Treads|quarkdrivespe\n|turn|5\n|\n|t:|1682282917\n|switch|p2a: Talonflame|Talonflame, L50, F|71\/100\n|-terastallize|p1b: Iron Treads|Flying\n|move|p1a: Cyclizar|Protect|p1a: Cyclizar\n|-singleturn|p1a: Cyclizar|Protect\n|move|p2b: Scovillain|Solar Beam||[still]\n|-prepare|p2b: Scovillain|Solar Beam\n|-anim|p2b: Scovillain|Solar Beam|p1b: Iron Treads\n|-resisted|p1b: Iron Treads\n|-damage|p1b: Iron Treads|44\/100\n|-damage|p2b: Scovillain|24\/100|[from] item: Life Orb\n|move|p1b: Iron Treads|Earthquake|p2a: Talonflame|[spread] p2b\n|-activate|p1a: Cyclizar|move: Protect\n|-immune|p2a: Talonflame\n|-damage|p2b: Scovillain|0 fnt\n|faint|p2b: Scovillain\n|\n|-weather|SunnyDay|[upkeep]\n|upkeep\n|\n|t:|1682282937\n|switch|p2b: Torkoal|Torkoal, L50, F|27\/100\n|turn|6\n|\n|t:|1682282964\n|move|p2a: Talonflame|Brave Bird|p1b: Iron Treads\n|-damage|p1b: Iron Treads|13\/100\n|-damage|p2a: Talonflame|62\/100|[from] Recoil\n|move|p1b: Iron Treads|Iron Head|p2b: Torkoal\n|-resisted|p2b: Torkoal\n|-damage|p2b: Torkoal|12\/100\n|move|p1a: Cyclizar|Breaking Swipe|p2b: Torkoal|[spread] p2a,p2b\n|-damage|p2a: Talonflame|39\/100\n|-damage|p2b: Torkoal|0 fnt\n|faint|p2b: Torkoal\n|\n|-weather|SunnyDay|[upkeep]\n|-sideend|p2: Mono fire 101|move: Tailwind\n|upkeep\n|turn|7\n|\n|t:|1682282994\n|move|p1b: Iron Treads|Protect|p1b: Iron Treads\n|-singleturn|p1b: Iron Treads|Protect\n|move|p2a: Talonflame|Brave Bird|p1b: Iron Treads\n|-activate|p1b: Iron Treads|move: Protect\n|move|p1a: Cyclizar|Breaking Swipe|p2a: Talonflame\n|-damage|p2a: Talonflame|10\/100\n|\n|-weather|SunnyDay|[upkeep]\n|upkeep\n|turn|8\n|\n|t:|1682283011\n|move|p1b: Iron Treads|Knock Off|p2a: Talonflame\n|-damage|p2a: Talonflame|0 fnt\n|-enditem|p2a: Talonflame|Covert Cloak|[from] move: Knock Off|[of] p1b: Iron Treads\n|faint|p2a: Talonflame\n|\n|win|DayMoth\n|raw|DayMoth's rating: 1124 → 1143<\/strong> (+19 for winning)\n|raw|Mono fire 101's rating: 1040 → 1028<\/strong> (-12 for losing)\n","uploadtime":1682283018,"views":16,"p1id":"daymoth","p2id":"monofire101","formatid":"gen9vgc2023regulationc","rating":1028,"private":0,"password":""}