{"id":"gen9vgc2023regulationc-1858982300","p1":"TGH_sr","p2":"MrZiuken","format":"[Gen 9] VGC 2023 Regulation C","log":"|j|\u2606TGH_sr\n|j|\u2606MrZiuken\n|t:|1683390746\n|gametype|doubles\n|player|p1|TGH_sr|steven|1262\n|player|p2|MrZiuken|1|1212\n|teamsize|p1|6\n|teamsize|p2|6\n|gen|9\n|tier|[Gen 9] VGC 2023 Regulation C\n|rated|\n|rule|Species Clause: Limit one of each Pok\u00e9mon\n|rule|Item Clause: Limit one of each item\n|clearpoke\n|poke|p1|Talonflame, L50, M|\n|poke|p1|Garchomp, L50, F|\n|poke|p1|Kingambit, L50, F|\n|poke|p1|Iron Bundle, L50|\n|poke|p1|Flutter Mane, L50|\n|poke|p1|Amoonguss, L50, F|\n|poke|p2|Iron Bundle, L50|\n|poke|p2|Tyranitar, L50, M|\n|poke|p2|Wo-Chien, L50|\n|poke|p2|Glimmora, L50, F|\n|poke|p2|Gyarados, L50, F|\n|poke|p2|Flutter Mane, L50|\n|teampreview|4\nTGH_sr has agreed to open team sheets.\nMrZiuken has agreed to open team sheets.\n|l|\u2606MrZiuken\n|player|p2|\n|j|\u2606MrZiuken\n|player|p2|MrZiuken|1\n|\n|t:|1683390821\n|start\n|switch|p1a: Kingambit|Kingambit, L50, F|100\/100\n|switch|p1b: Amoonguss|Amoonguss, L50, F|100\/100\n|switch|p2a: Tyranitar|Tyranitar, L50, M|100\/100\n|switch|p2b: Glimmora|Glimmora, L50, F|100\/100\n|-weather|Sandstorm|[from] ability: Sand Stream|[of] p2a: Tyranitar\n|turn|1\n|\n|t:|1683390859\n|-terastallize|p2a: Tyranitar|Flying\n|move|p1a: Kingambit|Protect|p1a: Kingambit\n|-singleturn|p1a: Kingambit|Protect\n|move|p2b: Glimmora|Power Gem|p1a: Kingambit\n|-activate|p1a: Kingambit|move: Protect\n|move|p2a: Tyranitar|Stomping Tantrum|p1a: Kingambit\n|-activate|p1a: Kingambit|move: Protect\n|move|p1b: Amoonguss|Spore|p2a: Tyranitar\n|-status|p2a: Tyranitar|slp|[from] move: Spore\n|\n|-weather|Sandstorm|[upkeep]\n|-damage|p2a: Tyranitar|94\/100 slp|[from] Sandstorm\n|-damage|p1b: Amoonguss|95\/100|[from] Sandstorm\n|upkeep\n|turn|2\n|\n|t:|1683390912\n|-terastallize|p1a: Kingambit|Dark\n|move|p2b: Glimmora|Sludge Bomb|p1b: Amoonguss\n|-damage|p1b: Amoonguss|57\/100\n|cant|p2a: Tyranitar|slp\n|move|p1a: Kingambit|Swords Dance|p1a: Kingambit\n|-boost|p1a: Kingambit|atk|2\n|move|p1b: Amoonguss|Spore|p2b: Glimmora\n|-status|p2b: Glimmora|slp|[from] move: Spore\n|\n|-weather|Sandstorm|[upkeep]\n|-damage|p2a: Tyranitar|88\/100 slp|[from] Sandstorm\n|-damage|p1a: Kingambit|95\/100|[from] Sandstorm\n|-damage|p1b: Amoonguss|51\/100|[from] Sandstorm\n|upkeep\n|turn|3\n|\n|t:|1683390940\n|move|p1b: Amoonguss|Rage Powder|p1b: Amoonguss\n|-singleturn|p1b: Amoonguss|move: Rage Powder\n|cant|p2b: Glimmora|slp\n|cant|p2a: Tyranitar|slp\n|move|p1a: Kingambit|Swords Dance|p1a: Kingambit\n|-boost|p1a: Kingambit|atk|2\n|\n|-weather|Sandstorm|[upkeep]\n|-damage|p2a: Tyranitar|82\/100 slp|[from] Sandstorm\n|-damage|p1a: Kingambit|89\/100|[from] Sandstorm\n|-damage|p1b: Amoonguss|45\/100|[from] Sandstorm\n|-enditem|p1b: Amoonguss|Sitrus Berry|[eat]\n|-heal|p1b: Amoonguss|70\/100|[from] item: Sitrus Berry\n|upkeep\n|turn|4\n|\n|t:|1683390961\n|move|p1a: Kingambit|Sucker Punch|p2a: Tyranitar\n|-damage|p2a: Tyranitar|0 fnt\n|faint|p2a: Tyranitar\n|cant|p2b: Glimmora|slp\n|move|p1b: Amoonguss|Pollen Puff|p1a: Kingambit\n|-heal|p1a: Kingambit|100\/100\n|\n|-weather|Sandstorm|[upkeep]\n|-damage|p1a: Kingambit|95\/100|[from] Sandstorm\n|-damage|p1b: Amoonguss|65\/100|[from] Sandstorm\n|upkeep\n|\n|t:|1683390969\n|switch|p2a: Iron Bundle|Iron Bundle, L50|100\/100\n|turn|5\n|\n|t:|1683390994\n|move|p2a: Iron Bundle|Protect|p2a: Iron Bundle\n|-singleturn|p2a: Iron Bundle|Protect\n|move|p1b: Amoonguss|Protect|p1b: Amoonguss\n|-singleturn|p1b: Amoonguss|Protect\n|move|p1a: Kingambit|Sucker Punch|p2b: Glimmora\n|-damage|p2b: Glimmora|0 fnt\n|-activate|p2b: Glimmora|ability: Toxic Debris\n|-sidestart|p1: TGH_sr|move: Toxic Spikes\n|faint|p2b: Glimmora\n|\n|-weather|none\n|upkeep\n|-message|MrZiuken forfeited.\n|\n|win|TGH_sr\n|raw|TGH_sr's rating: 1262 → 1283<\/strong> (+21 for winning)\n|raw|MrZiuken's rating: 1212 → 1191<\/strong> (-21 for losing)\n|l|\u2606MrZiuken\n","uploadtime":1683391014,"views":12,"p1id":"tghsr","p2id":"mrziuken","formatid":"gen9vgc2023regulationc","rating":1191,"private":0,"password":""}