{"id":"gen9vgc2023regulationc-1849720869","p1":"Babbarabba1818","p2":"lamp1234567","format":"[Gen 9] VGC 2023 Regulation C","log":"|j|\u2606Babbarabba1818\n|j|\u2606lamp1234567\n|t:|1682239225\n|gametype|doubles\n|player|p1|Babbarabba1818|170|1245\n|player|p2|lamp1234567|265|1161\n|teamsize|p1|6\n|teamsize|p2|6\n|gen|9\n|tier|[Gen 9] VGC 2023 Regulation C\n|rated|\n|rule|Species Clause: Limit one of each Pok\u00e9mon\n|rule|Item Clause: Limit one of each item\n|clearpoke\n|poke|p1|Eelektross, L50, M|\n|poke|p1|Gyarados, L50, F|\n|poke|p1|Flutter Mane, L50|\n|poke|p1|Amoonguss, L50, F|\n|poke|p1|Garchomp, L50, F|\n|poke|p1|Gengar, L50, F|\n|poke|p2|Scizor, L50, M|\n|poke|p2|Flutter Mane, L50|\n|poke|p2|Rotom-Wash, L50|\n|poke|p2|Great Tusk, L50|\n|poke|p2|Arcanine, L50, M|\n|poke|p2|Chien-Pao, L50|\n|teampreview|4\n|\n|t:|1682239275\n|start\n|switch|p1a: Flutter Mane|Flutter Mane, L50|100\/100\n|switch|p1b: Amoonguss|Amoonguss, L50, F|100\/100\n|switch|p2a: Great Tusk|Great Tusk, L50|100\/100\n|switch|p2b: Scizor|Scizor, L50, M|100\/100\n|turn|1\n|\n|t:|1682239301\n|-end|p1a: Flutter Mane|Protosynthesis|[silent]\n|switch|p1a: Gyarados|Gyarados, L50, F, shiny|100\/100\n|-ability|p1a: Gyarados|Intimidate|boost\n|-unboost|p2a: Great Tusk|atk|1\n|-unboost|p2b: Scizor|atk|1\n|move|p2a: Great Tusk|Headlong Rush|p1b: Amoonguss\n|-damage|p1b: Amoonguss|69\/100\n|-unboost|p2a: Great Tusk|def|1\n|-unboost|p2a: Great Tusk|spd|1\n|-damage|p2a: Great Tusk|84\/100|[from] item: Rocky Helmet|[of] p1b: Amoonguss\n|-status|p2a: Great Tusk|slp|[from] ability: Effect Spore|[of] p1b: Amoonguss\n|move|p2b: Scizor|U-turn|p1b: Amoonguss\n|-damage|p1b: Amoonguss|48\/100\n|-damage|p2b: Scizor|84\/100|[from] item: Rocky Helmet|[of] p1b: Amoonguss\n|\n|t:|1682239314\n|switch|p2b: Arcanine|Arcanine, L50, M|100\/100|[from] U-turn\n|-ability|p2b: Arcanine|Intimidate|boost\n|-unboost|p1a: Gyarados|atk|1\n|-unboost|p1b: Amoonguss|atk|1\n|move|p1b: Amoonguss|Spore|p2a: Great Tusk\n|-fail|p2a: Great Tusk|slp\n|\n|upkeep\n|turn|2\n|\n|t:|1682239338\n|-end|p2a: Great Tusk|Protosynthesis|[silent]\n|switch|p2a: dont miss|Rotom-Wash, L50|100\/100\n|switch|p1b: Eelektross|Eelektross, L50, M|100\/100\n|-terastallize|p2b: Arcanine|Grass\n|move|p2b: Arcanine|Flare Blitz|p1b: Eelektross\n|-damage|p1b: Eelektross|42\/100\n|-damage|p2b: Arcanine|81\/100|[from] Recoil\n|move|p1a: Gyarados|Thunder Wave|p2b: Arcanine\n|-status|p2b: Arcanine|par\n|\n|upkeep\n|turn|3\n|\n|t:|1682239375\n|switch|p1a: Amoonguss|Amoonguss, L50, F|48\/100\n|move|p2b: Arcanine|Extreme Speed|p1a: Amoonguss\n|-crit|p1a: Amoonguss\n|-damage|p1a: Amoonguss|15\/100\n|-damage|p2b: Arcanine|65\/100 par|[from] item: Rocky Helmet|[of] p1a: Amoonguss\n|move|p2a: dont miss|Hydro Pump|p1b: Eelektross\n|-damage|p1b: Eelektross|6\/100\n|move|p1b: Eelektross|Drain Punch|p2a: dont miss\n|-damage|p2a: dont miss|80\/100\n|-heal|p1b: Eelektross|14\/100|[from] drain|[of] p2a: dont miss\n|\n|upkeep\n|turn|4\n|\n|t:|1682239400\n|move|p1b: Eelektross|Protect|p1b: Eelektross\n|-singleturn|p1b: Eelektross|Protect\n|move|p2b: Arcanine|Extreme Speed|p1a: Amoonguss\n|-damage|p1a: Amoonguss|0 fnt\n|-damage|p2b: Arcanine|49\/100 par|[from] item: Rocky Helmet|[of] p1a: Amoonguss\n|faint|p1a: Amoonguss\n|move|p2a: dont miss|Hydro Pump|p1b: Eelektross\n|-activate|p1b: Eelektross|move: Protect\n|\n|upkeep\n|\n|t:|1682239406\n|switch|p1a: Gyarados|Gyarados, L50, F, shiny|100\/100\n|-ability|p1a: Gyarados|Intimidate|boost\n|-unboost|p2a: dont miss|atk|1\n|-unboost|p2b: Arcanine|atk|1\n|turn|5\n|\n|t:|1682239424\n|-terastallize|p1a: Gyarados|Ground\n|move|p2b: Arcanine|Extreme Speed|p1b: Eelektross\n|-damage|p1b: Eelektross|0 fnt\n|faint|p1b: Eelektross\n|move|p2a: dont miss|Will-O-Wisp|p1a: Gyarados\n|-status|p1a: Gyarados|brn\n|move|p1a: Gyarados|Waterfall|p2b: Arcanine\n|-resisted|p2b: Arcanine\n|-damage|p2b: Arcanine|39\/100 par\n|\n|-damage|p1a: Gyarados|95\/100 brn|[from] brn\n|upkeep\n|\n|t:|1682239434\n|switch|p1b: Flutter Mane|Flutter Mane, L50|100\/100\n|turn|6\n|\n|t:|1682239461\n|switch|p2b: Great Tusk|Great Tusk, L50|84\/100 slp\n|move|p1b: Flutter Mane|Dazzling Gleam|p2b: Great Tusk|[spread] p2a,p2b\n|-crit|p2a: dont miss\n|-supereffective|p2b: Great Tusk\n|-damage|p2a: dont miss|15\/100\n|-damage|p2b: Great Tusk|0 fnt\n|-enditem|p2a: dont miss|Sitrus Berry|[eat]\n|-heal|p2a: dont miss|40\/100|[from] item: Sitrus Berry\n|faint|p2b: Great Tusk\n|-end|p2b: Great Tusk|Protosynthesis|[silent]\n|move|p2a: dont miss|Hydro Pump|p1a: Gyarados\n|-supereffective|p1a: Gyarados\n|-damage|p1a: Gyarados|29\/100 brn\n|-enditem|p1a: Gyarados|Sitrus Berry|[eat]\n|-heal|p1a: Gyarados|54\/100 brn|[from] item: Sitrus Berry\n|move|p1a: Gyarados|Waterfall|p2a: dont miss\n|-resisted|p2a: dont miss\n|-damage|p2a: dont miss|31\/100\n|\n|-damage|p1a: Gyarados|48\/100 brn|[from] brn\n|upkeep\n|\n|t:|1682239479\n|switch|p2b: Scizor|Scizor, L50, M|84\/100\n|turn|7\n|\n|t:|1682239487\n|move|p2b: Scizor|Bullet Punch|p1b: Flutter Mane\n|-supereffective|p1b: Flutter Mane\n|-damage|p1b: Flutter Mane|0 fnt\n|faint|p1b: Flutter Mane\n|-end|p1b: Flutter Mane|Protosynthesis|[silent]\n|move|p2a: dont miss|Hydro Pump|p1a: Gyarados|[miss]\n|-miss|p2a: dont miss|p1a: Gyarados\n|move|p1a: Gyarados|Thunder Wave|p2b: Scizor\n|-status|p2b: Scizor|par\n|\n|-damage|p1a: Gyarados|42\/100 brn|[from] brn\n|upkeep\n|turn|8\n|\n|t:|1682239509\n|switch|p2b: Arcanine|Arcanine, L50, M, tera:Grass|39\/100 par\n|-ability|p2b: Arcanine|Intimidate|boost\n|-unboost|p1a: Gyarados|atk|1\n|move|p2a: dont miss|Hydro Pump|p1a: Gyarados|[miss]\n|-miss|p2a: dont miss|p1a: Gyarados\n|move|p1a: Gyarados|Waterfall|p2b: Arcanine\n|-resisted|p2b: Arcanine\n|-damage|p2b: Arcanine|32\/100 par\n|\n|-damage|p1a: Gyarados|36\/100 brn|[from] brn\n|upkeep\n|turn|9\n|\n|t:|1682239520\n|switch|p2b: Scizor|Scizor, L50, M|84\/100 par\n|move|p2a: dont miss|Hydro Pump|p1a: Gyarados\n|-supereffective|p1a: Gyarados\n|-damage|p1a: Gyarados|0 fnt\n|faint|p1a: Gyarados\n|\n|win|lamp1234567\n|raw|Babbarabba1818's rating: 1245 → 1214<\/strong> (-31 for losing)\n|raw|lamp1234567's rating: 1161 → 1192<\/strong> (+31 for winning)\n","uploadtime":1682239538,"views":14,"p1id":"babbarabba1818","p2id":"lamp1234567","formatid":"gen9vgc2023regulationc","rating":1192,"private":0,"password":""}