{"id":"gen9vgc2023regulationc-1860020194","p1":"LobsterLiveGaming","p2":"Abuelaphsycko22","format":"[Gen 9] VGC 2023 Regulation C","log":"|j|\u2606LobsterLiveGaming\n|j|\u2606Abuelaphsycko22\n|t:|1683585886\n|gametype|doubles\n|player|p1|LobsterLiveGaming|darach-caitlin|1144\n|player|p2|Abuelaphsycko22|pokemaniac|1220\n|teamsize|p1|6\n|teamsize|p2|6\n|gen|9\n|tier|[Gen 9] VGC 2023 Regulation C\n|rated|\n|rule|Species Clause: Limit one of each Pok\u00e9mon\n|rule|Item Clause: Limit one of each item\n|clearpoke\n|poke|p1|Chi-Yu, L50|\n|poke|p1|Gastrodon-East, L50, M|\n|poke|p1|Pelipper, L50, F|\n|poke|p1|Drednaw, L50, M|\n|poke|p1|Flutter Mane, L50|\n|poke|p1|Amoonguss, L50, F|\n|poke|p2|Chien-Pao, L50|\n|poke|p2|Chi-Yu, L50|\n|poke|p2|Murkrow, L50, M|\n|poke|p2|Flutter Mane, L50|\n|poke|p2|Gyarados, L50, M|\n|poke|p2|Amoonguss, L50, M|\n|teampreview|4\n|inactive|Battle timer is ON: inactive players will automatically lose when time's up. (requested by LobsterLiveGaming)\n|inactive|LobsterLiveGaming has 60 seconds left.\n|inactive|Abuelaphsycko22 has 60 seconds left.\n|inactive|LobsterLiveGaming has 30 seconds left.\n|inactive|LobsterLiveGaming has 20 seconds left.\n|inactive|LobsterLiveGaming has 15 seconds left.\n|\n|t:|1683585965\n|start\n|switch|p1a: Drednaw|Drednaw, L50, M, shiny|100\/100\n|switch|p1b: Chi-Yu|Chi-Yu, L50|100\/100\n|switch|p2a: Murkrow|Murkrow, L50, M, shiny|100\/100\n|switch|p2b: Flutter Mane|Flutter Mane, L50, shiny|100\/100\n|-ability|p1b: Chi-Yu|Beads of Ruin\n|-enditem|p2b: Flutter Mane|Booster Energy\n|-activate|p2b: Flutter Mane|ability: Protosynthesis|[fromitem]\n|-start|p2b: Flutter Mane|protosynthesisspa\n|turn|1\n|\n|t:|1683585989\n|move|p2a: Murkrow|Tailwind|p2a: Murkrow\n|-sidestart|p2: Abuelaphsycko22|move: Tailwind\n|move|p2b: Flutter Mane|Substitute|p2b: Flutter Mane\n|-start|p2b: Flutter Mane|Substitute\n|-damage|p2b: Flutter Mane|76\/100\n|move|p1b: Chi-Yu|Heat Wave|p2b: Flutter Mane|[spread] p2a,p2b\n|-end|p2b: Flutter Mane|Substitute\n|-damage|p2a: Murkrow|36\/100\n|-damage|p1b: Chi-Yu|90\/100|[from] item: Life Orb\n|move|p1a: Drednaw|Rock Slide|p2b: Flutter Mane|[spread] p2b\n|-miss|p1a: Drednaw|p2a: Murkrow\n|-damage|p2b: Flutter Mane|30\/100\n|\n|upkeep\n|turn|2\n|inactive|Abuelaphsycko22 has 30 seconds left.\n|\n|t:|1683586023\n|move|p2a: Murkrow|Sunny Day|p2a: Murkrow\n|-weather|SunnyDay\n|move|p2b: Flutter Mane|Shadow Ball|p1a: Drednaw\n|-damage|p1a: Drednaw|0 fnt\n|faint|p1a: Drednaw\n|move|p1b: Chi-Yu|Heat Wave|p2b: Flutter Mane|[spread] p2a,p2b\n|-damage|p2a: Murkrow|0 fnt\n|-damage|p2b: Flutter Mane|0 fnt\n|faint|p2a: Murkrow\n|faint|p2b: Flutter Mane\n|-end|p2b: Flutter Mane|Protosynthesis|[silent]\n|-damage|p1b: Chi-Yu|80\/100|[from] item: Life Orb\n|\n|-weather|SunnyDay|[upkeep]\n|upkeep\n|\n|t:|1683586032\n|switch|p2b: Amoonguss|Amoonguss, L50, M|100\/100\n|switch|p1a: Flutter Mane|Flutter Mane, L50|100\/100\n|switch|p2a: Chien-Pao|Chien-Pao, L50|100\/100\n|-ability|p2a: Chien-Pao|Sword of Ruin\n|-activate|p1a: Flutter Mane|ability: Protosynthesis\n|-start|p1a: Flutter Mane|protosynthesisspe\n|turn|3\n|inactive|Abuelaphsycko22 has 30 seconds left.\n|c|\u2606LobsterLiveGaming|Thanks for the sun\ud83d\udc4d\n|\n|t:|1683586063\n|-terastallize|p1a: Flutter Mane|Fairy\n|-terastallize|p2b: Amoonguss|Water\n|move|p2a: Chien-Pao|Protect|p2a: Chien-Pao\n|-singleturn|p2a: Chien-Pao|Protect\n|move|p1a: Flutter Mane|Dazzling Gleam|p2a: Chien-Pao|[spread] p2b\n|-activate|p2a: Chien-Pao|move: Protect\n|-damage|p2b: Amoonguss|52\/100\n|move|p1b: Chi-Yu|Heat Wave|p2a: Chien-Pao|[spread] p2b\n|-activate|p2a: Chien-Pao|move: Protect\n|-resisted|p2b: Amoonguss\n|-damage|p2b: Amoonguss|5\/100\n|-enditem|p2b: Amoonguss|Wiki Berry|[eat]\n|-heal|p2b: Amoonguss|38\/100|[from] item: Wiki Berry\n|-damage|p1b: Chi-Yu|70\/100|[from] item: Life Orb\n|move|p2b: Amoonguss|Spore|p1b: Chi-Yu\n|-status|p1b: Chi-Yu|slp|[from] move: Spore\n|\n|-weather|SunnyDay|[upkeep]\n|upkeep\n|turn|4\n|inactive|Abuelaphsycko22 has 30 seconds left.\n|inactive|Abuelaphsycko22 has 20 seconds left.\n|\n|t:|1683586098\n|move|p1a: Flutter Mane|Protect|p1a: Flutter Mane\n|-singleturn|p1a: Flutter Mane|Protect\n|cant|p1b: Chi-Yu|slp\n|move|p2b: Amoonguss|Protect|p2b: Amoonguss\n|-singleturn|p2b: Amoonguss|Protect\n|move|p2a: Chien-Pao|Ice Spinner|p1a: Flutter Mane\n|-activate|p1a: Flutter Mane|move: Protect\n|\n|-weather|SunnyDay|[upkeep]\n|-sideend|p2: Abuelaphsycko22|move: Tailwind\n|upkeep\n|turn|5\n|\n|t:|1683586113\n|move|p2b: Amoonguss|Protect||[still]\n|-fail|p2b: Amoonguss\n|move|p1a: Flutter Mane|Dazzling Gleam|p2b: Amoonguss|[spread] p2a,p2b\n|-supereffective|p2a: Chien-Pao\n|-enditem|p2a: Chien-Pao|Focus Sash\n|-damage|p2a: Chien-Pao|1\/100\n|-damage|p2b: Amoonguss|0 fnt\n|faint|p2b: Amoonguss\n|move|p2a: Chien-Pao|Ice Spinner|p1a: Flutter Mane\n|-damage|p1a: Flutter Mane|0 fnt\n|faint|p1a: Flutter Mane\n|-end|p1a: Flutter Mane|Protosynthesis|[silent]\n|cant|p1b: Chi-Yu|slp\n|\n|-weather|SunnyDay|[upkeep]\n|upkeep\n|\n|t:|1683586119\n|switch|p1a: Pelipper|Pelipper, L50, F|100\/100\n|-weather|RainDance|[from] ability: Drizzle|[of] p1a: Pelipper\n|turn|6\n|-message|Abuelaphsycko22 forfeited.\n|\n|win|LobsterLiveGaming\n|raw|LobsterLiveGaming's rating: 1144 → 1174<\/strong> (+30 for winning)\n|raw|Abuelaphsycko22's rating: 1220 → 1190<\/strong> (-30 for losing)\n|l|\u2606Abuelaphsycko22\n|c|\u2606LobsterLiveGaming|gg\n","uploadtime":1683586137,"views":8,"p1id":"lobsterlivegaming","p2id":"abuelaphsycko22","formatid":"gen9vgc2023regulationc","rating":1174,"private":0,"password":""}