{"id":"gen9vgc2023regulationc-1847481369","p1":"Jandriel","p2":"SoraRoxs","format":"[Gen 9] VGC 2023 Regulation C","log":"|j|\u2606Jandriel\n|j|\u2606SoraRoxs\n|t:|1681960530\n|gametype|doubles\n|player|p1|Jandriel|266|\n|player|p2|SoraRoxs|dawn-gen4pt|\n|teamsize|p1|6\n|teamsize|p2|6\n|gen|9\n|tier|[Gen 9] VGC 2023 Regulation C\n|rule|Species Clause: Limit one of each Pok\u00e9mon\n|rule|Item Clause: Limit one of each item\n|clearpoke\n|poke|p1|Lucario, L50, F|\n|poke|p1|Maushold, L50|\n|poke|p1|Amoonguss, L50, F|\n|poke|p1|Gastrodon-East, L50, M|\n|poke|p1|Arcanine, L50, F|\n|poke|p1|Blissey, L50, F|\n|poke|p2|Flutter Mane, L50|\n|poke|p2|Hydreigon, L50, M|\n|poke|p2|Murkrow, L50, M|\n|poke|p2|Torkoal, L50, F|\n|poke|p2|Palafin, L50, M|\n|poke|p2|Amoonguss, L50, F|\n|teampreview|4\nSoraRoxs rejected open team sheets.\n|j| LimeadeGuy\n|\n|t:|1681960572\n|start\n|switch|p1a: Goku|Lucario, L50, F, shiny|100\/100\n|switch|p1b: bussy|Blissey, L50, F, shiny|100\/100\n|switch|p2a: Buss|Murkrow, L50, M|100\/100\n|switch|p2b: Pala|Palafin, L50, M|100\/100\n|turn|1\n|\n|t:|1681960591\n|move|p1b: bussy|Helping Hand|p1a: Goku\n|-singleturn|p1a: Goku|Helping Hand|[of] p1b: bussy\n|move|p2a: Buss|Tailwind|p2a: Buss\n|-sidestart|p2: SoraRoxs|move: Tailwind\n|move|p2b: Pala|Flip Turn|p1a: Goku\n|-damage|p1a: Goku|43\/100\n|\n|t:|1681960600\n|detailschange|p2b: Pala|Palafin-Hero, L50, M\n|switch|p2b: Hydreigon|Hydreigon, L50, M|100\/100|[from] Flip Turn\n|move|p1a: Goku|Flash Cannon|p2a: Buss\n|-damage|p2a: Buss|11\/100\n|\n|upkeep\n|turn|2\n|j| stemman\n|c| stemman|https:\/\/tenor.com\/view\/nut-nut-nut-nutella-nut-button-nut-button-gif-23680452\n|\n|t:|1681960627\n|move|p2a: Buss|Thunder Wave|p1b: bussy\n|-status|p1b: bussy|par\n|move|p2b: Hydreigon|Heat Wave|p1b: bussy|[spread] p1a\n|-miss|p2b: Hydreigon|p1b: bussy\n|-supereffective|p1a: Goku\n|-damage|p1a: Goku|0 fnt\n|faint|p1a: Goku\n|move|p1b: bussy|Heal Pulse|p1: Goku|[notarget]\n|-fail|p1b: bussy\n|\n|upkeep\n|c| stemman|https:\/\/replay.pokemonshowdown.com\/gen9vgc2023regulationc-1847476727\n|\n|t:|1681960636\n|switch|p1a: squeeky toy|Gastrodon-East, L50, M, shiny|100\/100\n|turn|3\n|\n|t:|1681960651\n|move|p1b: bussy|Helping Hand|p1a: squeeky toy\n|-singleturn|p1a: squeeky toy|Helping Hand|[of] p1b: bussy\n|move|p2b: Hydreigon|Dark Pulse|p1a: squeeky toy\n|-damage|p1a: squeeky toy|62\/100\n|move|p2a: Buss|Foul Play|p1a: squeeky toy\n|-damage|p1a: squeeky toy|42\/100\n|-enditem|p1a: squeeky toy|Sitrus Berry|[eat]\n|-heal|p1a: squeeky toy|67\/100|[from] item: Sitrus Berry\n|cant|p1a: squeeky toy|flinch\n|\n|upkeep\n|turn|4\n|\n|t:|1681960675\n|cant|p1b: bussy|par\n|move|p2b: Hydreigon|Heat Wave|p1b: bussy|[spread] p1a,p1b\n|-resisted|p1a: squeeky toy\n|-damage|p1a: squeeky toy|55\/100\n|-damage|p1b: bussy|92\/100 par\n|move|p2a: Buss|Foul Play|p1b: bussy\n|-damage|p1b: bussy|89\/100 par\n|-damage|p2a: Buss|0 fnt|[from] item: Rocky Helmet|[of] p1b: bussy\n|faint|p2a: Buss\n|move|p1a: squeeky toy|Surf|p2b: Hydreigon|[spread] p1b,p2b\n|-resisted|p2b: Hydreigon\n|-damage|p1b: bussy|79\/100 par\n|-damage|p2b: Hydreigon|85\/100\n|\n|-sideend|p2: SoraRoxs|move: Tailwind\n|upkeep\n|\n|t:|1681960688\n|switch|p2a: Pala|Palafin-Hero, L50, M|100\/100\n|-activate|p2a: Pala|ability: Zero to Hero\n|turn|5\n|\n|t:|1681960700\n|move|p2a: Pala|Drain Punch|p1b: bussy\n|-supereffective|p1b: bussy\n|-damage|p1b: bussy|0 fnt\n|-damage|p2a: Pala|84\/100|[from] item: Rocky Helmet|[of] p1b: bussy\n|faint|p1b: bussy\n|move|p2b: Hydreigon|Dark Pulse|p1a: squeeky toy\n|-damage|p1a: squeeky toy|20\/100\n|cant|p1a: squeeky toy|flinch\n|\n|upkeep\n|\n|t:|1681960709\n|switch|p1b: venter|Amoonguss, L50, F, shiny|100\/100\n|turn|6\n|\n|t:|1681960723\n|move|p2a: Pala|Drain Punch|p1b: venter\n|-resisted|p1b: venter\n|-damage|p1b: venter|77\/100\n|-heal|p2a: Pala|99\/100|[from] drain|[of] p1b: venter\n|move|p2b: Hydreigon|Focus Energy|p2b: Hydreigon\n|-start|p2b: Hydreigon|move: Focus Energy\n|move|p1a: squeeky toy|Earth Power|p2b: Hydreigon\n|-immune|p2b: Hydreigon|[from] ability: Levitate\n|move|p1b: venter|Pollen Puff|p1a: squeeky toy\n|-heal|p1a: squeeky toy|70\/100\n|\n|-heal|p1b: venter|83\/100|[from] item: Leftovers\n|upkeep\n|turn|7\n|\n|t:|1681960743\n|move|p2a: Pala|Drain Punch|p1a: squeeky toy\n|-damage|p1a: squeeky toy|25\/100\n|-heal|p2a: Pala|100\/100|[from] drain|[of] p1a: squeeky toy\n|move|p2b: Hydreigon|Dark Pulse|p1b: venter\n|-crit|p1b: venter\n|-damage|p1b: venter|30\/100\n|move|p1a: squeeky toy|Ice Beam|p2b: Hydreigon\n|-supereffective|p2b: Hydreigon\n|-damage|p2b: Hydreigon|31\/100\n|move|p1b: venter|Substitute|p1b: venter\n|-start|p1b: venter|Substitute\n|-damage|p1b: venter|5\/100\n|\n|-heal|p1b: venter|11\/100|[from] item: Leftovers\n|upkeep\n|turn|8\n|\n|t:|1681960763\n|move|p2a: Pala|Drain Punch|p1a: squeeky toy\n|-damage|p1a: squeeky toy|0 fnt\n|faint|p1a: squeeky toy\n|move|p2b: Hydreigon|Dark Pulse|p1b: venter\n|-crit|p1b: venter\n|-end|p1b: venter|Substitute\n|move|p1b: venter|Pollen Puff|p1: squeeky toy|[notarget]\n|-fail|p1b: venter\n|\n|-heal|p1b: venter|17\/100|[from] item: Leftovers\n|upkeep\n|turn|9\n|inactive|Battle timer is ON: inactive players will automatically lose when time's up. (requested by Jandriel)\n|\n|t:|1681960780\n|move|p2a: Pala|Drain Punch|p1b: venter\n|-resisted|p1b: venter\n|-damage|p1b: venter|0 fnt\n|-status|p2a: Pala|slp|[from] ability: Effect Spore|[of] p1b: venter\n|faint|p1b: venter\n|\n|win|SoraRoxs\n","uploadtime":1681960645,"views":5,"p1id":"jandriel","p2id":"soraroxs","formatid":"gen9vgc2023regulationc","rating":0,"private":0,"password":""}