{"id":"gen9vgc2023regulationc-1852121825","p1":"Wormfury","p2":"ballin on deez","format":"[Gen 9] VGC 2023 Regulation C","log":"|j|\u2606Wormfury\n|j|\u2606ballin on deez\n|t:|1682525908\n|gametype|doubles\n|player|p1|Wormfury|169|1313\n|player|p2|ballin on deez|psychic-gen4|1312\n|teamsize|p1|6\n|teamsize|p2|6\n|gen|9\n|tier|[Gen 9] VGC 2023 Regulation C\n|rated|\n|rule|Species Clause: Limit one of each Pok\u00e9mon\n|rule|Item Clause: Limit one of each item\n|clearpoke\n|poke|p1|Flutter Mane, L50|\n|poke|p1|Annihilape, L50, F|\n|poke|p1|Palafin, L50, M|\n|poke|p1|Abomasnow, L50, M|\n|poke|p1|Iron Bundle, L50|\n|poke|p1|Roaring Moon, L50|\n|poke|p2|Tinkaton, L50, F|\n|poke|p2|Dragapult, L50, F|\n|poke|p2|Gyarados, L50, M|\n|poke|p2|Altaria, L50, M|\n|poke|p2|Flutter Mane, L50|\n|poke|p2|Zangoose, L50, M|\n|teampreview|4\n|\n|t:|1682525964\n|start\n|switch|p1a: Palafin|Palafin, L50, M|100\/100\n|switch|p1b: Iron Bundle|Iron Bundle, L50|100\/100\n|switch|p2a: Tinkaton|Tinkaton, L50, F|100\/100\n|switch|p2b: Dragapult|Dragapult, L50, F|100\/100\n|-ability|p2a: Tinkaton|Mold Breaker\n|turn|1\n|\n|t:|1682525992\n|detailschange|p1a: Palafin|Palafin-Hero, L50, M\n|switch|p1a: Obomasnow|Abomasnow, L50, M, shiny|100\/100\n|-weather|Snow|[from] ability: Snow Warning|[of] p1a: Obomasnow\n|move|p2b: Dragapult|Thunderbolt|p1a: Obomasnow\n|-resisted|p1a: Obomasnow\n|-damage|p1a: Obomasnow|87\/100\n|move|p1b: Iron Bundle|Blizzard|p2a: Tinkaton|[spread] p2a,p2b\n|-resisted|p2a: Tinkaton\n|-supereffective|p2b: Dragapult\n|-damage|p2a: Tinkaton|86\/100\n|-damage|p2b: Dragapult|0 fnt\n|-status|p2a: Tinkaton|frz\n|faint|p2b: Dragapult\n|-damage|p1b: Iron Bundle|91\/100|[from] item: Life Orb\n|cant|p2a: Tinkaton|frz\n|\n|-weather|Snow|[upkeep]\n|upkeep\n|\n|t:|1682526013\n|switch|p2b: Altaria|Altaria, L50, M|100\/100\n|-ability|p2b: Altaria|Cloud Nine\n|turn|2\n|\n|t:|1682526053\n|-terastallize|p2b: Altaria|Fire\n|move|p1a: Obomasnow|Helping Hand|p1b: Iron Bundle\n|-singleturn|p1b: Iron Bundle|Helping Hand|[of] p1a: Obomasnow\n|move|p1b: Iron Bundle|Hydro Pump|p2a: Tinkaton\n|-damage|p2a: Tinkaton|26\/100 frz\n|-damage|p1b: Iron Bundle|81\/100|[from] item: Life Orb\n|cant|p2a: Tinkaton|frz\n|move|p2b: Altaria|Tailwind|p2b: Altaria\n|-sidestart|p2: ballin on deez|move: Tailwind\n|\n|-weather|Snow|[upkeep]\n|upkeep\n|turn|3\n|\n|t:|1682526069\n|move|p1a: Obomasnow|Helping Hand|p1b: Iron Bundle\n|-singleturn|p1b: Iron Bundle|Helping Hand|[of] p1a: Obomasnow\n|cant|p2a: Tinkaton|frz\n|move|p1b: Iron Bundle|Hydro Pump|p2b: Altaria\n|-supereffective|p2b: Altaria\n|-damage|p2b: Altaria|0 fnt\n|faint|p2b: Altaria\n|-damage|p1b: Iron Bundle|71\/100|[from] item: Life Orb\n|\n|-weather|Snow|[upkeep]\n|upkeep\n|\n|t:|1682526078\n|switch|p2b: Flutter Mane|Flutter Mane, L50|100\/100\n|turn|4\n|\n|t:|1682526088\n|move|p2b: Flutter Mane|Moonblast|p1b: Iron Bundle\n|-damage|p1b: Iron Bundle|0 fnt\n|faint|p1b: Iron Bundle\n|-end|p1b: Iron Bundle|Quark Drive|[silent]\n|cant|p2a: Tinkaton|frz\n|move|p1a: Obomasnow|Aurora Veil|p1a: Obomasnow\n|-sidestart|p1: Wormfury|move: Aurora Veil\n|\n|-weather|Snow|[upkeep]\n|upkeep\n|\n|t:|1682526107\n|switch|p1b: Roaring Moon|Roaring Moon, L50, shiny|100\/100\n|-enditem|p1b: Roaring Moon|Booster Energy\n|-activate|p1b: Roaring Moon|ability: Protosynthesis|[fromitem]\n|-start|p1b: Roaring Moon|protosynthesisspe\n|turn|5\n|\n|t:|1682526122\n|-terastallize|p1b: Roaring Moon|Flying\n|move|p1a: Obomasnow|Helping Hand|p1b: Roaring Moon\n|-singleturn|p1b: Roaring Moon|Helping Hand|[of] p1a: Obomasnow\n|move|p2b: Flutter Mane|Moonblast|p1b: Roaring Moon\n|-damage|p1b: Roaring Moon|68\/100\n|move|p1b: Roaring Moon|Acrobatics|p2b: Flutter Mane\n|-damage|p2b: Flutter Mane|0 fnt\n|faint|p2b: Flutter Mane\n|-end|p2b: Flutter Mane|Protosynthesis|[silent]\n|cant|p2a: Tinkaton|frz\n|\n|-weather|none\n|-sideend|p2: ballin on deez|move: Tailwind\n|upkeep\n|turn|6\n|\n|t:|1682526135\n|move|p1a: Obomasnow|Helping Hand|p1b: Roaring Moon\n|-singleturn|p1b: Roaring Moon|Helping Hand|[of] p1a: Obomasnow\n|move|p1b: Roaring Moon|Tailwind|p1b: Roaring Moon\n|-sidestart|p1: Wormfury|move: Tailwind\n|cant|p2a: Tinkaton|frz\n|\n|upkeep\n|turn|7\n|\n|t:|1682526140\n|move|p1a: Obomasnow|Helping Hand|p1b: Roaring Moon\n|-singleturn|p1b: Roaring Moon|Helping Hand|[of] p1a: Obomasnow\n|move|p1b: Roaring Moon|Tailwind||[still]\n|-fail|p1b: Roaring Moon\n|cant|p2a: Tinkaton|frz\n|\n|upkeep\n|turn|8\n|\n|t:|1682526144\n|move|p1a: Obomasnow|Protect|p1a: Obomasnow\n|-singleturn|p1a: Obomasnow|Protect\n|move|p1b: Roaring Moon|Tailwind||[still]\n|-fail|p1b: Roaring Moon\n|cant|p2a: Tinkaton|frz\n|\n|upkeep\n|turn|9\n|\n|t:|1682526148\n|move|p1a: Obomasnow|Helping Hand|p1b: Roaring Moon\n|-singleturn|p1b: Roaring Moon|Helping Hand|[of] p1a: Obomasnow\n|move|p1b: Roaring Moon|Tailwind||[still]\n|-fail|p1b: Roaring Moon\n|cant|p2a: Tinkaton|frz\n|\n|-sideend|p1: Wormfury|move: Tailwind\n|upkeep\n|turn|10\n|\n|t:|1682526153\n|move|p1a: Obomasnow|Protect|p1a: Obomasnow\n|-singleturn|p1a: Obomasnow|Protect\n|move|p1b: Roaring Moon|Breaking Swipe|p2a: Tinkaton\n|-immune|p2a: Tinkaton\n|cant|p2a: Tinkaton|frz\n|\n|upkeep\n|turn|11\n|\n|t:|1682526160\n|move|p1a: Obomasnow|Helping Hand|p1b: Roaring Moon\n|-singleturn|p1b: Roaring Moon|Helping Hand|[of] p1a: Obomasnow\n|move|p1b: Roaring Moon|Tailwind|p1b: Roaring Moon\n|-sidestart|p1: Wormfury|move: Tailwind\n|cant|p2a: Tinkaton|frz\n|\n|-sideend|p1: Wormfury|move: Aurora Veil\n|upkeep\n|turn|12\n|\n|t:|1682526165\n|switch|p1a: Palafin|Palafin-Hero, L50, M|100\/100\n|-activate|p1a: Palafin|ability: Zero to Hero\n|move|p1b: Roaring Moon|Tailwind||[still]\n|-fail|p1b: Roaring Moon\n|cant|p2a: Tinkaton|frz\n|\n|upkeep\n|turn|13\n|\n|t:|1682526175\n|switch|p1a: Obomasnow|Abomasnow, L50, M, shiny|87\/100\n|-weather|Snow|[from] ability: Snow Warning|[of] p1a: Obomasnow\n|move|p1b: Roaring Moon|Breaking Swipe|p2a: Tinkaton\n|-immune|p2a: Tinkaton\n|cant|p2a: Tinkaton|frz\n|\n|-weather|Snow|[upkeep]\n|upkeep\n|turn|14\n|\n|t:|1682526182\n|move|p1b: Roaring Moon|Tailwind||[still]\n|-fail|p1b: Roaring Moon\n|move|p1a: Obomasnow|Aurora Veil|p1a: Obomasnow\n|-sidestart|p1: Wormfury|move: Aurora Veil\n|cant|p2a: Tinkaton|frz\n|\n|-weather|Snow|[upkeep]\n|-sideend|p1: Wormfury|move: Tailwind\n|upkeep\n|turn|15\n|\n|t:|1682526186\n|move|p1a: Obomasnow|Helping Hand|p1b: Roaring Moon\n|-singleturn|p1b: Roaring Moon|Helping Hand|[of] p1a: Obomasnow\n|move|p1b: Roaring Moon|Breaking Swipe|p2a: Tinkaton\n|-immune|p2a: Tinkaton\n|cant|p2a: Tinkaton|frz\n|\n|-weather|Snow|[upkeep]\n|upkeep\n|turn|16\n|\n|t:|1682526191\n|move|p1a: Obomasnow|Helping Hand|p1b: Roaring Moon\n|-singleturn|p1b: Roaring Moon|Helping Hand|[of] p1a: Obomasnow\n|move|p1b: Roaring Moon|Tailwind|p1b: Roaring Moon\n|-sidestart|p1: Wormfury|move: Tailwind\n|cant|p2a: Tinkaton|frz\n|\n|-weather|Snow|[upkeep]\n|upkeep\n|turn|17\n|\n|t:|1682526199\n|move|p1a: Obomasnow|Ice Shard|p2a: Tinkaton\n|-resisted|p2a: Tinkaton\n|-damage|p2a: Tinkaton|17\/100 frz\n|move|p1b: Roaring Moon|Tailwind||[still]\n|-fail|p1b: Roaring Moon\n|cant|p2a: Tinkaton|frz\n|\n|-weather|none\n|upkeep\n|turn|18\n|\n|t:|1682526208\n|move|p1a: Obomasnow|Ice Shard|p2a: Tinkaton\n|-resisted|p2a: Tinkaton\n|-damage|p2a: Tinkaton|8\/100 frz\n|move|p1b: Roaring Moon|Breaking Swipe|p2a: Tinkaton\n|-immune|p2a: Tinkaton\n|cant|p2a: Tinkaton|frz\n|\n|upkeep\n|turn|19\n|c|\u2606ballin on deez|man\n|\n|t:|1682526223\n|move|p1a: Obomasnow|Ice Shard|p1b: Roaring Moon\n|-supereffective|p1b: Roaring Moon\n|-damage|p1b: Roaring Moon|45\/100\n|move|p1b: Roaring Moon|Acrobatics|p1a: Obomasnow\n|-supereffective|p1a: Obomasnow\n|-damage|p1a: Obomasnow|0 fnt\n|faint|p1a: Obomasnow\n|cant|p2a: Tinkaton|frz\n|\n|-sideend|p1: Wormfury|move: Tailwind\n|upkeep\n|\n|t:|1682526229\n|switch|p1a: Palafin|Palafin-Hero, L50, M|100\/100\n|turn|20\n|\n|t:|1682526234\n|move|p1a: Palafin|Jet Punch|p1b: Roaring Moon\n|-crit|p1b: Roaring Moon\n|-damage|p1b: Roaring Moon|0 fnt\n|faint|p1b: Roaring Moon\n|-end|p1b: Roaring Moon|Protosynthesis|[silent]\n|cant|p2a: Tinkaton|frz\n|\n|upkeep\n|turn|21\n|\n|t:|1682526240\n|move|p1a: Palafin|Protect|p1a: Palafin\n|-singleturn|p1a: Palafin|Protect\n|cant|p2a: Tinkaton|frz\n|\n|-sideend|p1: Wormfury|move: Aurora Veil\n|upkeep\n|turn|22\n|c|\u2606Wormfury|Man\n|c|\u2606Wormfury|This is unlucky lmao\n|c|\u2606Wormfury|Gg\n|c|\u2606ballin on deez|not the 20 turn freeze\n|c|\u2606ballin on deez|hate to see it\n|-message|ballin on deez forfeited.\n|\n|win|Wormfury\n|raw|Wormfury's rating: 1313 → 1333<\/strong> (+20 for winning)\n|raw|ballin on deez's rating: 1312 → 1292<\/strong> (-20 for losing)\n|l|\u2606ballin on deez\n|c|\u2606Wormfury|Wish it was frostbite\n","uploadtime":1682526277,"views":15,"p1id":"wormfury","p2id":"ballinondeez","formatid":"gen9vgc2023regulationc","rating":1292,"private":0,"password":""}