{"id":"gen9vgc2023regulationc-1864137220","p1":"splitsolace","p2":"JustSmilingVGC","format":"[Gen 9] VGC 2023 Regulation C","log":"|j|\u2606splitsolace\n|j|\u2606JustSmilingVGC\n|t:|1684123077\n|gametype|doubles\n|player|p1|splitsolace|102|1108\n|player|p2|JustSmilingVGC|1|1030\n|teamsize|p1|6\n|teamsize|p2|6\n|gen|9\n|tier|[Gen 9] VGC 2023 Regulation C\n|rated|\n|rule|Species Clause: Limit one of each Pok\u00e9mon\n|rule|Item Clause: Limit one of each item\n|clearpoke\n|poke|p1|Farigiraf, L50, M|\n|poke|p1|Kingambit, L50, M|\n|poke|p1|Ting-Lu, L50|\n|poke|p1|Gardevoir, L50, F|\n|poke|p1|Gyarados, L50, M|\n|poke|p1|Amoonguss, L50, F|\n|poke|p2|Wo-Chien, L50|\n|poke|p2|Flutter Mane, L50|\n|poke|p2|Gothitelle, L50, M|\n|poke|p2|Volcarona, L50, M|\n|poke|p2|Glimmora, L50, F|\n|poke|p2|Talonflame, L50, F|\n|teampreview|4\nsplitsolace rejected open team sheets.\n|inactive|Battle timer is ON: inactive players will automatically lose when time's up. (requested by splitsolace)\n|\n|t:|1684123178\n|start\n|switch|p1a: Gon|Ting-Lu, L50|100\/100\n|switch|p1b: Leviathan|Gyarados, L50, M|100\/100\n|switch|p2a: Gothitelle|Gothitelle, L50, M|100\/100\n|switch|p2b: Glimmora|Glimmora, L50, F|100\/100\n|-ability|p1b: Leviathan|Intimidate|boost\n|-unboost|p2a: Gothitelle|atk|1\n|-unboost|p2b: Glimmora|atk|1\n|-ability|p1a: Gon|Vessel of Ruin\n|turn|1\n|\n|t:|1684123200\n|-terastallize|p2b: Glimmora|Grass\n|move|p2a: Gothitelle|Fake Out|p1a: Gon\n|-damage|p1a: Gon|98\/100\n|move|p2b: Glimmora|Mortal Spin|p1b: Leviathan|[spread] p1a,p1b\n|-resisted|p1a: Gon\n|-damage|p1a: Gon|97\/100\n|-damage|p1b: Leviathan|98\/100\n|-status|p1a: Gon|psn\n|-status|p1b: Leviathan|psn\n|move|p1b: Leviathan|Taunt|p2a: Gothitelle\n|-start|p2a: Gothitelle|move: Taunt\n|cant|p1a: Gon|flinch\n|\n|-damage|p1b: Leviathan|85\/100 psn|[from] psn\n|-damage|p1a: Gon|85\/100 psn|[from] psn\n|upkeep\n|turn|2\n|inactive|splitsolace has 30 seconds left.\n|inactive|JustSmilingVGC has 30 seconds left.\n|inactive|JustSmilingVGC has 20 seconds left.\n|\n|t:|1684123239\n|switch|p2a: Wo-Chien|Wo-Chien, L50|100\/100\n|-ability|p2a: Wo-Chien|Tablets of Ruin\n|move|p2b: Glimmora|Power Gem|p1b: Leviathan\n|-supereffective|p1b: Leviathan\n|-damage|p1b: Leviathan|34\/100 psn\n|move|p1b: Leviathan|Thunder Wave|p2b: Glimmora|[miss]\n|-miss|p1b: Leviathan|p2b: Glimmora\n|move|p1a: Gon|Earthquake|p2a: Wo-Chien|[spread] p2a,p2b\n|-immune|p1b: Leviathan\n|-resisted|p2a: Wo-Chien\n|-resisted|p2b: Glimmora\n|-damage|p2a: Wo-Chien|93\/100\n|-damage|p2b: Glimmora|87\/100\n|-activate|p2b: Glimmora|ability: Toxic Debris\n|-sidestart|p1: splitsolace|move: Toxic Spikes\n|\n|-heal|p2a: Wo-Chien|99\/100|[from] item: Leftovers\n|-damage|p1b: Leviathan|21\/100 psn|[from] psn\n|-damage|p1a: Gon|73\/100 psn|[from] psn\n|upkeep\n|-enditem|p1b: Leviathan|Figy Berry|[eat]\n|-heal|p1b: Leviathan|54\/100 psn|[from] item: Figy Berry\n|turn|3\n|inactive|splitsolace has 30 seconds left.\n|inactive|JustSmilingVGC has 30 seconds left.\n|inactive|splitsolace has 20 seconds left.\n|inactive|splitsolace has 15 seconds left.\n|inactive|splitsolace has 10 seconds left.\n|\n|t:|1684123289\n|switch|p1b: Kingambit|Kingambit, L50, M|100\/100\n|move|p2b: Glimmora|Spiky Shield|p2b: Glimmora\n|-singleturn|p2b: Glimmora|move: Protect\n|move|p2a: Wo-Chien|Leech Seed|p1a: Gon\n|-start|p1a: Gon|move: Leech Seed\n|move|p1a: Gon|Ruination|p2b: Glimmora\n|-activate|p2b: Glimmora|move: Protect\n|\n|-heal|p2a: Wo-Chien|100\/100|[from] item: Leftovers\n|-damage|p1a: Gon|60\/100 psn|[from] Leech Seed|[of] p2a: Wo-Chien\n|-damage|p1a: Gon|48\/100 psn|[from] psn\n|upkeep\n|turn|4\n|inactive|splitsolace has 30 seconds left.\n|inactive|JustSmilingVGC has 30 seconds left.\n|inactive|JustSmilingVGC has 20 seconds left.\n|inactive|JustSmilingVGC has 15 seconds left.\n|inactive|JustSmilingVGC has 10 seconds left.\n|inactive|JustSmilingVGC has 5 seconds left.\n|\n|t:|1684123343\n|move|p2b: Glimmora|Earth Power|p1b: Kingambit\n|-supereffective|p1b: Kingambit\n|-damage|p1b: Kingambit|59\/100\n|move|p2a: Wo-Chien|Leech Seed|p1b: Kingambit\n|-start|p1b: Kingambit|move: Leech Seed\n|move|p1a: Gon|Ruination|p2b: Glimmora\n|-damage|p2b: Glimmora|44\/100\n|move|p1b: Kingambit|Swords Dance|p1b: Kingambit\n|-boost|p1b: Kingambit|atk|2\n|\n|-damage|p1a: Gon|36\/100 psn|[from] Leech Seed|[of] p2a: Wo-Chien\n|-damage|p1b: Kingambit|47\/100|[from] Leech Seed|[of] p2a: Wo-Chien\n|-damage|p1a: Gon|23\/100 psn|[from] psn\n|upkeep\n|turn|5\n|\n|t:|1684123366\n|-terastallize|p1b: Kingambit|Dark\n|move|p1b: Kingambit|Sucker Punch|p2b: Glimmora\n|-damage|p2b: Glimmora|0 fnt\n|-activate|p2b: Glimmora|ability: Toxic Debris\n|-sidestart|p1: splitsolace|move: Toxic Spikes\n|faint|p2b: Glimmora\n|move|p2a: Wo-Chien|Pollen Puff|p2: Glimmora|[notarget]\n|-fail|p2a: Wo-Chien\n|move|p1a: Gon|Ruination|p2a: Wo-Chien\n|-damage|p2a: Wo-Chien|50\/100\n|\n|-heal|p2a: Wo-Chien|57\/100|[from] item: Leftovers\n|-damage|p1a: Gon|11\/100 psn|[from] Leech Seed|[of] p2a: Wo-Chien\n|-heal|p2a: Wo-Chien|72\/100|[silent]\n|-damage|p1b: Kingambit|35\/100|[from] Leech Seed|[of] p2a: Wo-Chien\n|-heal|p2a: Wo-Chien|85\/100|[silent]\n|-damage|p1a: Gon|0 fnt|[from] psn\n|faint|p1a: Gon\n|upkeep\n|\n|t:|1684123384\n|switch|p2b: Gothitelle|Gothitelle, L50, M|100\/100\n|switch|p1a: Farigiraf|Farigiraf, L50, M|100\/100\n|-status|p1a: Farigiraf|tox\n|turn|6\n|\n|t:|1684123400\n|move|p1b: Kingambit|Sucker Punch||[still]\n|-fail|p1b: Kingambit\n|move|p2a: Wo-Chien|Leech Seed|p1a: Farigiraf\n|-start|p1a: Farigiraf|move: Leech Seed\n|move|p2b: Gothitelle|Trick Room|p2b: Gothitelle\n|-fieldstart|move: Trick Room|[of] p2b: Gothitelle\n|move|p1a: Farigiraf|Trick Room|p1a: Farigiraf\n|-fieldend|move: Trick Room\n|\n|-heal|p2a: Wo-Chien|92\/100|[from] item: Leftovers\n|-damage|p1b: Kingambit|23\/100|[from] Leech Seed|[of] p2a: Wo-Chien\n|-heal|p2a: Wo-Chien|100\/100|[silent]\n|-damage|p1a: Farigiraf|88\/100 tox|[from] Leech Seed|[of] p2a: Wo-Chien\n|-damage|p1a: Farigiraf|82\/100 tox|[from] psn\n|upkeep\n|turn|7\n|c|\u2606JustSmilingVGC|nice predict\n|inactive|JustSmilingVGC has 30 seconds left.\n|\n|t:|1684123430\n|move|p2b: Gothitelle|Protect|p2b: Gothitelle\n|-singleturn|p2b: Gothitelle|Protect\n|move|p2a: Wo-Chien|Pollen Puff|p1b: Kingambit\n|-supereffective|p1b: Kingambit\n|-damage|p1b: Kingambit|0 fnt\n|faint|p1b: Kingambit\n|move|p1a: Farigiraf|Hyper Voice|p2a: Wo-Chien|[spread] p2a\n|-activate|p2b: Gothitelle|move: Protect\n|-damage|p2a: Wo-Chien|82\/100\n|\n|-heal|p2a: Wo-Chien|88\/100|[from] item: Leftovers\n|-damage|p1a: Farigiraf|70\/100 tox|[from] Leech Seed|[of] p2a: Wo-Chien\n|-heal|p2a: Wo-Chien|100\/100|[silent]\n|-damage|p1a: Farigiraf|58\/100 tox|[from] psn\n|upkeep\n|\n|t:|1684123444\n|switch|p1b: Leviathan|Gyarados, L50, M|54\/100 psn\n|-ability|p1b: Leviathan|Intimidate|boost\n|-unboost|p2a: Wo-Chien|atk|1\n|-unboost|p2b: Gothitelle|atk|1\n|turn|8\n|\n|t:|1684123460\n|move|p1b: Leviathan|Taunt|p2a: Wo-Chien\n|-start|p2a: Wo-Chien|move: Taunt\n|cant|p2a: Wo-Chien|move: Taunt|Leech Seed\n|move|p1a: Farigiraf|Hyper Voice|p2b: Gothitelle|[spread] p2a,p2b\n|-damage|p2a: Wo-Chien|83\/100\n|-damage|p2b: Gothitelle|78\/100\n|move|p2b: Gothitelle|Trick Room|p2b: Gothitelle\n|-fieldstart|move: Trick Room|[of] p2b: Gothitelle\n|\n|-heal|p2a: Wo-Chien|89\/100|[from] item: Leftovers\n|-damage|p1a: Farigiraf|45\/100 tox|[from] Leech Seed|[of] p2a: Wo-Chien\n|-heal|p2a: Wo-Chien|100\/100|[silent]\n|-damage|p1a: Farigiraf|28\/100 tox|[from] psn\n|-damage|p1b: Leviathan|42\/100 psn|[from] psn\n|upkeep\n|turn|9\n|inactive|splitsolace has 30 seconds left.\n|\n|t:|1684123487\n|move|p1a: Farigiraf|Hyper Voice|p2b: Gothitelle|[spread] p2a,p2b\n|-damage|p2a: Wo-Chien|82\/100\n|-damage|p2b: Gothitelle|54\/100\n|move|p2b: Gothitelle|Psychic|p1b: Leviathan\n|-damage|p1b: Leviathan|18\/100 psn\n|move|p2a: Wo-Chien|Pollen Puff|p2b: Gothitelle\n|-heal|p2b: Gothitelle|100\/100\n|move|p1b: Leviathan|Thunder Wave|p2b: Gothitelle\n|-status|p2b: Gothitelle|par\n|\n|-heal|p2a: Wo-Chien|88\/100|[from] item: Leftovers\n|-damage|p1a: Farigiraf|15\/100 tox|[from] Leech Seed|[of] p2a: Wo-Chien\n|-heal|p2a: Wo-Chien|100\/100|[silent]\n|-damage|p1a: Farigiraf|0 fnt|[from] psn\n|faint|p1a: Farigiraf\n|-damage|p1b: Leviathan|6\/100 psn|[from] psn\n|upkeep\n|turn|10\n|c|\u2606splitsolace|gg\n|\n|t:|1684123510\n|cant|p2b: Gothitelle|par\n|move|p2a: Wo-Chien|Pollen Puff|p1b: Leviathan\n|-resisted|p1b: Leviathan\n|-damage|p1b: Leviathan|0 fnt\n|faint|p1b: Leviathan\n|\n|win|JustSmilingVGC\n|raw|splitsolace's rating: 1108 → 1077<\/strong> (-31 for losing)\n|raw|JustSmilingVGC's rating: 1030 → 1073<\/strong> (+43 for winning)\n|l|\u2606splitsolace\n|c|\u2606JustSmilingVGC|gg\n","uploadtime":1684123540,"views":29,"p1id":"splitsolace","p2id":"justsmilingvgc","formatid":"gen9vgc2023regulationc","rating":1073,"private":0,"password":""}