{"id":"gen9vgc2023regulationc-1861918096","p1":"GryffindorAle","p2":"Arcacagne","format":"[Gen 9] VGC 2023 Regulation C","log":"|j|\u2606GryffindorAle\n|j|\u2606Arcacagne\n|t:|1683820656\n|gametype|doubles\n|player|p1|GryffindorAle|265|1241\n|player|p2|Arcacagne|102|1294\n|teamsize|p1|6\n|teamsize|p2|6\n|gen|9\n|tier|[Gen 9] VGC 2023 Regulation C\n|rated|\n|rule|Species Clause: Limit one of each Pok\u00e9mon\n|rule|Item Clause: Limit one of each item\n|clearpoke\n|poke|p1|Flutter Mane, L50|\n|poke|p1|Chi-Yu, L50|\n|poke|p1|Iron Hands, L50|\n|poke|p1|Arcanine, L50, F|\n|poke|p1|Palafin, L50, F|\n|poke|p1|Amoonguss, L50, F|\n|poke|p2|Chi-Yu, L50|\n|poke|p2|Flutter Mane, L50|\n|poke|p2|Amoonguss, L50, F|\n|poke|p2|Ting-Lu, L50|\n|poke|p2|Iron Hands, L50|\n|poke|p2|Gyarados, L50, F|\n|teampreview|4\nGryffindorAle has agreed to open team sheets.\nArcacagne has agreed to open team sheets.\n|\n|t:|1683820731\n|start\n|switch|p1a: Iron Hands|Iron Hands, L50|100\/100\n|switch|p1b: Flutter Mane|Flutter Mane, L50|100\/100\n|switch|p2a: Ting-Lu|Ting-Lu, L50|100\/100\n|switch|p2b: Amoonguss|Amoonguss, L50, F|100\/100\n|-ability|p2a: Ting-Lu|Vessel of Ruin\n|-enditem|p1b: Flutter Mane|Booster Energy\n|-activate|p1b: Flutter Mane|ability: Protosynthesis|[fromitem]\n|-start|p1b: Flutter Mane|protosynthesisspe\n|turn|1\n|\n|t:|1683820775\n|-terastallize|p2a: Ting-Lu|Poison\n|move|p1b: Flutter Mane|Protect|p1b: Flutter Mane\n|-singleturn|p1b: Flutter Mane|Protect\n|move|p1a: Iron Hands|Fake Out|p2a: Ting-Lu\n|-damage|p2a: Ting-Lu|92\/100\n|cant|p2a: Ting-Lu|flinch\n|move|p2b: Amoonguss|Spore|p1b: Flutter Mane\n|-activate|p1b: Flutter Mane|move: Protect\n|\n|upkeep\n|turn|2\n|\n|t:|1683820803\n|-end|p1b: Flutter Mane|Protosynthesis|[silent]\n|switch|p1b: Arcanine|Arcanine, L50, F|100\/100\n|-ability|p1b: Arcanine|Intimidate|boost\n|-unboost|p2a: Ting-Lu|atk|1\n|-unboost|p2b: Amoonguss|atk|1\n|switch|p2b: Gyarados|Gyarados, L50, F|100\/100\n|-ability|p2b: Gyarados|Intimidate|boost\n|-unboost|p1a: Iron Hands|atk|1\n|-unboost|p1b: Arcanine|atk|1\n|move|p1a: Iron Hands|Volt Switch|p2b: Gyarados\n|-supereffective|p2b: Gyarados\n|-damage|p2b: Gyarados|74\/100\n|\n|t:|1683820815\n|-end|p1a: Iron Hands|Quark Drive|[silent]\n|switch|p1a: Flutter Mane|Flutter Mane, L50|100\/100|[from] Volt Switch\n|move|p2a: Ting-Lu|Earthquake|p1a: Flutter Mane|[spread] p1a,p1b\n|-immune|p2b: Gyarados\n|-crit|p1a: Flutter Mane\n|-supereffective|p1b: Arcanine\n|-damage|p1a: Flutter Mane|17\/100\n|-damage|p1b: Arcanine|54\/100\n|\n|upkeep\n|turn|3\n|\n|t:|1683820846\n|switch|p2a: Amoonguss|Amoonguss, L50, F|100\/100\n|move|p1a: Flutter Mane|Protect|p1a: Flutter Mane\n|-singleturn|p1a: Flutter Mane|Protect\n|move|p1b: Arcanine|Will-O-Wisp|p2a: Amoonguss\n|-status|p2a: Amoonguss|brn\n|move|p2b: Gyarados|Waterfall|p1b: Arcanine\n|-supereffective|p1b: Arcanine\n|-damage|p1b: Arcanine|0 fnt\n|faint|p1b: Arcanine\n|\n|-damage|p2a: Amoonguss|95\/100 brn|[from] brn\n|upkeep\n|\n|t:|1683820859\n|switch|p1b: Iron Hands|Iron Hands, L50|100\/100\n|turn|4\n|\n|t:|1683820897\n|switch|p2b: Ting-Lu|Ting-Lu, L50, tera:Poison|92\/100\n|-ability|p2b: Ting-Lu|Vessel of Ruin\n|move|p1b: Iron Hands|Fake Out|p2a: Amoonguss\n|-damage|p2a: Amoonguss|81\/100 brn\n|move|p1a: Flutter Mane|Moonblast|p2b: Ting-Lu\n|-resisted|p2b: Ting-Lu\n|-damage|p2b: Ting-Lu|85\/100\n|cant|p2a: Amoonguss|flinch\n|\n|-damage|p2a: Amoonguss|75\/100 brn|[from] brn\n|upkeep\n|turn|5\n|\n|t:|1683820937\n|switch|p2a: Gyarados|Gyarados, L50, F|74\/100\n|-ability|p2a: Gyarados|Intimidate|boost\n|-unboost|p1a: Flutter Mane|atk|1\n|-unboost|p1b: Iron Hands|atk|1\n|-terastallize|p1b: Iron Hands|Grass\n|move|p1a: Flutter Mane|Shadow Ball|p2a: Gyarados\n|-damage|p2a: Gyarados|53\/100\n|move|p1b: Iron Hands|Wild Charge|p2b: Ting-Lu\n|-damage|p2b: Ting-Lu|64\/100\n|-damage|p1b: Iron Hands|95\/100|[from] Recoil\n|move|p2b: Ting-Lu|Earthquake|p1a: Flutter Mane|[spread] p1a,p1b\n|-immune|p2a: Gyarados\n|-resisted|p1b: Iron Hands\n|-damage|p1a: Flutter Mane|0 fnt\n|-damage|p1b: Iron Hands|85\/100\n|faint|p1a: Flutter Mane\n|-end|p1a: Flutter Mane|Protosynthesis|[silent]\n|\n|upkeep\n|\n|t:|1683820952\n|switch|p1a: Chi-Yu|Chi-Yu, L50|100\/100\n|-ability|p1a: Chi-Yu|Beads of Ruin\n|turn|6\n|\n|t:|1683820972\n|move|p1a: Chi-Yu|Overheat|p2b: Ting-Lu\n|-damage|p2b: Ting-Lu|19\/100\n|-unboost|p1a: Chi-Yu|spa|2\n|move|p2a: Gyarados|Thunder Wave|p1b: Iron Hands\n|-status|p1b: Iron Hands|par\n|move|p2b: Ting-Lu|Earthquake|p1a: Chi-Yu|[spread] p1a,p1b\n|-immune|p2a: Gyarados\n|-supereffective|p1a: Chi-Yu\n|-crit|p1a: Chi-Yu\n|-resisted|p1b: Iron Hands\n|-damage|p1a: Chi-Yu|0 fnt\n|-damage|p1b: Iron Hands|73\/100 par\n|faint|p1a: Chi-Yu\n|move|p1b: Iron Hands|Wild Charge|p2a: Gyarados\n|-supereffective|p2a: Gyarados\n|-damage|p2a: Gyarados|0 fnt\n|faint|p2a: Gyarados\n|-damage|p1b: Iron Hands|62\/100 par|[from] Recoil\n|\n|upkeep\n|\n|t:|1683820994\n|switch|p2a: Flutter Mane|Flutter Mane, L50|100\/100\n|-enditem|p2a: Flutter Mane|Booster Energy\n|-activate|p2a: Flutter Mane|ability: Protosynthesis|[fromitem]\n|-start|p2a: Flutter Mane|protosynthesisspa\n|turn|7\n|-message|GryffindorAle forfeited.\n|\n|win|Arcacagne\n|raw|GryffindorAle's rating: 1241 → 1220<\/strong> (-21 for losing)\n|raw|Arcacagne's rating: 1294 → 1315<\/strong> (+21 for winning)\n|l|\u2606GryffindorAle\n","uploadtime":1683821017,"views":12,"p1id":"gryffindorale","p2id":"arcacagne","formatid":"gen9vgc2023regulationc","rating":1220,"private":0,"password":""}