{"id":"gen9vgc2023regulationc-1857103550","p1":"NicoHaxVGC","p2":"etrainfsb","format":"[Gen 9] VGC 2023 Regulation C","log":"|j|\u2606NicoHaxVGC\n|j|\u2606etrainfsb\n|t:|1683146122\n|gametype|doubles\n|player|p1|NicoHaxVGC|red|1369\n|player|p2|etrainfsb|101|1264\n|teamsize|p1|6\n|teamsize|p2|6\n|gen|9\n|tier|[Gen 9] VGC 2023 Regulation C\n|rated|\n|rule|Species Clause: Limit one of each Pok\u00e9mon\n|rule|Item Clause: Limit one of each item\n|clearpoke\n|poke|p1|Corviknight, L50, F|\n|poke|p1|Ting-Lu, L50|\n|poke|p1|Annihilape, L50, M|\n|poke|p1|Maushold, L50|\n|poke|p1|Iron Bundle, L50|\n|poke|p1|Flutter Mane, L50|\n|poke|p2|Chien-Pao, L50|\n|poke|p2|Amoonguss, L50, M|\n|poke|p2|Arcanine, L50, F|\n|poke|p2|Flutter Mane, L50|\n|poke|p2|Azumarill, L50, M|\n|poke|p2|Baxcalibur, L50, F|\n|teampreview|4\n|inactive|Battle timer is ON: inactive players will automatically lose when time's up. (requested by NicoHaxVGC)\n|inactive|etrainfsb has 60 seconds left.\n|inactive|NicoHaxVGC has 60 seconds left.\n|\n|t:|1683146171\n|start\n|switch|p1a: Robin|Annihilape, L50, M|100\/100\n|switch|p1b: Maushold|Maushold, L50|100\/100\n|switch|p2a: Flutter Mane|Flutter Mane, L50|100\/100\n|switch|p2b: Azumarill|Azumarill, L50, M|100\/100\n|turn|1\n|\n|t:|1683146195\n|-terastallize|p1a: Robin|Water\n|move|p2b: Azumarill|Aqua Jet|p1b: Maushold\n|-damage|p1b: Maushold|69\/100\n|move|p2a: Flutter Mane|Moonblast|p1b: Maushold\n|-damage|p1b: Maushold|0 fnt\n|faint|p1b: Maushold\n|move|p1a: Robin|Rage Fist|p2b: Azumarill\n|-damage|p2b: Azumarill|75\/100\n|\n|upkeep\n|inactive|NicoHaxVGC has 30 seconds left.\n|\n|t:|1683146222\n|switch|p1b: Raven|Corviknight, L50, F|100\/100\n|turn|2\n|\n|t:|1683146242\n|-terastallize|p2a: Flutter Mane|Fairy\n|move|p2a: Flutter Mane|Moonblast|p1a: Robin\n|-damage|p1a: Robin|20\/100\n|move|p1a: Robin|Bulk Up|p1a: Robin\n|-boost|p1a: Robin|atk|1\n|-boost|p1a: Robin|def|1\n|move|p1b: Raven|Iron Head|p2a: Flutter Mane\n|-supereffective|p2a: Flutter Mane\n|-damage|p2a: Flutter Mane|16\/100\n|move|p2b: Azumarill|Play Rough|p1a: Robin\n|-damage|p1a: Robin|0 fnt\n|faint|p1a: Robin\n|\n|upkeep\n|\n|t:|1683146254\n|switch|p1a: Star fire|Flutter Mane, L50|100\/100\n|turn|3\n|\n|t:|1683146270\n|move|p2b: Azumarill|Aqua Jet|p1a: Star fire\n|-damage|p1a: Star fire|56\/100\n|move|p2a: Flutter Mane|Moonblast|p1b: Raven\n|-resisted|p1b: Raven\n|-damage|p1b: Raven|59\/100\n|-ability|p1b: Raven|Mirror Armor\n|-unboost|p2a: Flutter Mane|spa|1\n|move|p1a: Star fire|Dazzling Gleam|p2b: Azumarill|[spread] p2a,p2b\n|-crit|p2a: Flutter Mane\n|-damage|p2a: Flutter Mane|0 fnt\n|-damage|p2b: Azumarill|42\/100\n|faint|p2a: Flutter Mane\n|-end|p2a: Flutter Mane|Protosynthesis|[silent]\n|move|p1b: Raven|Tailwind|p1b: Raven\n|-sidestart|p1: NicoHaxVGC|move: Tailwind\n|\n|upkeep\n|\n|t:|1683146290\n|switch|p2a: Baxcalibur|Baxcalibur, L50, F|100\/100\n|turn|4\n|\n|t:|1683146309\n|move|p1a: Star fire|Dazzling Gleam|p2a: Baxcalibur|[spread] p2a,p2b\n|-supereffective|p2a: Baxcalibur\n|-damage|p2a: Baxcalibur|14\/100\n|-damage|p2b: Azumarill|14\/100\n|move|p1b: Raven|Iron Head|p2b: Azumarill\n|-damage|p2b: Azumarill|0 fnt\n|faint|p2b: Azumarill\n|move|p2a: Baxcalibur|Icicle Crash|p1a: Star fire\n|-damage|p1a: Star fire|0 fnt\n|faint|p1a: Star fire\n|-end|p1a: Star fire|Protosynthesis|[silent]\n|\n|upkeep\n|\n|t:|1683146320\n|switch|p2b: Amoonguss|Amoonguss, L50, M|100\/100\n|turn|5\n|\n|t:|1683146330\n|move|p2a: Baxcalibur|Protect|p2a: Baxcalibur\n|-singleturn|p2a: Baxcalibur|Protect\n|move|p1b: Raven|Brave Bird|p2a: Baxcalibur\n|-activate|p2a: Baxcalibur|move: Protect\n|move|p2b: Amoonguss|Spore|p1b: Raven\n|-status|p1b: Raven|slp|[from] move: Spore\n|-enditem|p1b: Raven|Lum Berry|[eat]\n|-curestatus|p1b: Raven|slp|[msg]\n|\n|upkeep\n|turn|6\n|\n|t:|1683146350\n|move|p2b: Amoonguss|Rage Powder|p2b: Amoonguss\n|-singleturn|p2b: Amoonguss|move: Rage Powder\n|move|p1b: Raven|Brave Bird|p2b: Amoonguss\n|-supereffective|p2b: Amoonguss\n|-damage|p2b: Amoonguss|34\/100\n|-enditem|p2b: Amoonguss|Sitrus Berry|[eat]\n|-heal|p2b: Amoonguss|59\/100|[from] item: Sitrus Berry\n|-damage|p1b: Raven|36\/100|[from] Recoil\n|move|p2a: Baxcalibur|Dragon Dance|p2a: Baxcalibur\n|-boost|p2a: Baxcalibur|atk|1\n|-boost|p2a: Baxcalibur|spe|1\n|\n|-sideend|p1: NicoHaxVGC|move: Tailwind\n|upkeep\n|turn|7\n|\n|t:|1683146373\n|move|p2a: Baxcalibur|Icicle Crash|p1b: Raven\n|-damage|p1b: Raven|0 fnt\n|faint|p1b: Raven\n|\n|win|etrainfsb\n|raw|NicoHaxVGC's rating: 1369 → 1343<\/strong> (-26 for losing)\n|raw|etrainfsb's rating: 1264 → 1296<\/strong> (+32 for winning)\n","uploadtime":1683146378,"views":12,"p1id":"nicohaxvgc","p2id":"etrainfsb","formatid":"gen9vgc2023regulationc","rating":1296,"private":0,"password":""}