{"id":"gen9vgc2023regulationc-1854984014","p1":"CopaVGC","p2":"DankestDad","format":"[Gen 9] VGC 2023 Regulation C","log":"|j|\u2606CopaVGC\n|j|\u2606DankestDad\n|t:|1682887751\n|gametype|doubles\n|player|p1|CopaVGC|boarder|\n|player|p2|DankestDad|170|\n|teamsize|p1|6\n|teamsize|p2|6\n|gen|9\n|tier|[Gen 9] VGC 2023 Regulation C\n|rule|Species Clause: Limit one of each Pok\u00e9mon\n|rule|Item Clause: Limit one of each item\n|clearpoke\n|poke|p1|Drednaw, L50, M|\n|poke|p1|Dragonite, L50, M|\n|poke|p1|Tatsugiri, L50, F|\n|poke|p1|Dondozo, L50, M|\n|poke|p1|Pelipper, L50, M|\n|poke|p1|Chien-Pao, L50|\n|poke|p2|Baxcalibur, L50, F|\n|poke|p2|Chi-Yu, L50|\n|poke|p2|Ting-Lu, L50|\n|poke|p2|Flutter Mane, L50|\n|poke|p2|Gyarados, L50, M|\n|poke|p2|Amoonguss, L50, M|\n|teampreview|4\nDankestDad has agreed to open team sheets.\n|c|\u2606DankestDad|gl hf\n|c|\u2606CopaVGC|hf\n|c|\u2606CopaVGC|gl\n|\n|t:|1682887779\n|start\n|switch|p1a: Pelipper|Pelipper, L50, M|100\/100\n|switch|p1b: Dragonite|Dragonite, L50, M|100\/100\n|switch|p2a: Gyarados|Gyarados, L50, M|100\/100\n|switch|p2b: Flutter Mane|Flutter Mane, L50|100\/100\n|-ability|p2a: Gyarados|Intimidate|boost\n|-unboost|p1a: Pelipper|atk|1\n|-fail|p1b: Dragonite|unboost|Attack|[from] ability: Inner Focus|[of] p1b: Dragonite\n|-weather|RainDance|[from] ability: Drizzle|[of] p1a: Pelipper\n|-enditem|p2b: Flutter Mane|Booster Energy\n|-activate|p2b: Flutter Mane|ability: Protosynthesis|[fromitem]\n|-start|p2b: Flutter Mane|protosynthesisspe\n|turn|1\n|inactive|Battle timer is ON: inactive players will automatically lose when time's up. (requested by CopaVGC)\n|\n|t:|1682887819\n|move|p2a: Gyarados|Helping Hand|p2b: Flutter Mane\n|-singleturn|p2b: Flutter Mane|Helping Hand|[of] p2a: Gyarados\n|move|p2b: Flutter Mane|Moonblast|p1b: Dragonite\n|-supereffective|p1b: Dragonite\n|-damage|p1b: Dragonite|0 fnt\n|faint|p1b: Dragonite\n|move|p1a: Pelipper|Tailwind|p1a: Pelipper\n|-sidestart|p1: CopaVGC|move: Tailwind\n|\n|-weather|RainDance|[upkeep]\n|upkeep\n|\n|t:|1682887838\n|switch|p1b: Dondozo|Dondozo, L50, M|100\/100\n|turn|2\n|inactive|DankestDad has 30 seconds left.\n|inactive|DankestDad has 20 seconds left.\n|\n|t:|1682887875\n|move|p2b: Flutter Mane|Protect|p2b: Flutter Mane\n|-singleturn|p2b: Flutter Mane|Protect\n|move|p1a: Pelipper|Protect|p1a: Pelipper\n|-singleturn|p1a: Pelipper|Protect\n|move|p2a: Gyarados|Thunder Wave|p1b: Dondozo\n|-status|p1b: Dondozo|par\n|move|p1b: Dondozo|Surf|p2a: Gyarados|[spread] p2a\n|-activate|p1a: Pelipper|move: Protect\n|-activate|p2b: Flutter Mane|move: Protect\n|-resisted|p2a: Gyarados\n|-damage|p2a: Gyarados|88\/100\n|-damage|p1b: Dondozo|91\/100 par|[from] item: Life Orb\n|\n|-weather|RainDance|[upkeep]\n|upkeep\n|turn|3\n|inactive|DankestDad has 30 seconds left.\n|\n|t:|1682887901\n|switch|p1a: Chien-Pao|Chien-Pao, L50|100\/100\n|-ability|p1a: Chien-Pao|Sword of Ruin\n|move|p1b: Dondozo|Protect|p1b: Dondozo\n|-singleturn|p1b: Dondozo|Protect\n|move|p2b: Flutter Mane|Moonblast|p1b: Dondozo\n|-activate|p1b: Dondozo|move: Protect\n|move|p2a: Gyarados|Taunt|p1b: Dondozo\n|-activate|p1b: Dondozo|move: Protect\n|\n|-weather|RainDance|[upkeep]\n|upkeep\n|turn|4\n|\n|t:|1682887925\n|-terastallize|p1a: Chien-Pao|Ice\n|move|p1a: Chien-Pao|Ice Spinner|p2a: Gyarados\n|-crit|p2a: Gyarados\n|-damage|p2a: Gyarados|0 fnt\n|faint|p2a: Gyarados\n|move|p2b: Flutter Mane|Dazzling Gleam|p1b: Dondozo|[spread] p1a,p1b\n|-damage|p1a: Chien-Pao|51\/100\n|-damage|p1b: Dondozo|61\/100 par\n|move|p1b: Dondozo|Surf|p2b: Flutter Mane|[spread] p1a,p2b\n|-damage|p1a: Chien-Pao|0 fnt\n|-damage|p2b: Flutter Mane|73\/100\n|faint|p1a: Chien-Pao\n|-damage|p1b: Dondozo|52\/100 par|[from] item: Life Orb\n|\n|-weather|RainDance|[upkeep]\n|-sideend|p1: CopaVGC|move: Tailwind\n|upkeep\n|inactive|CopaVGC has 30 seconds left.\n|\n|t:|1682887951\n|switch|p1a: Pelipper|Pelipper, L50, M|100\/100\n|switch|p2a: Baxcalibur|Baxcalibur, L50, F|100\/100\n|turn|5\n|inactive|CopaVGC has 30 seconds left.\n|\n|t:|1682887982\n|move|p2b: Flutter Mane|Dazzling Gleam|p1a: Pelipper|[spread] p1a,p1b\n|-crit|p1b: Dondozo\n|-damage|p1a: Pelipper|61\/100\n|-damage|p1b: Dondozo|9\/100 par\n|move|p2a: Baxcalibur|Icicle Spear|p1a: Pelipper\n|-damage|p1a: Pelipper|50\/100\n|-damage|p1a: Pelipper|38\/100\n|-damage|p1a: Pelipper|26\/100\n|-damage|p1a: Pelipper|14\/100\n|-hitcount|p1a: Pelipper|4\n|move|p1a: Pelipper|Hydro Pump|p2b: Flutter Mane\n|-damage|p2b: Flutter Mane|24\/100\n|move|p1b: Dondozo|Surf|p2b: Flutter Mane|[spread] p1a,p2a,p2b\n|-resisted|p1a: Pelipper\n|-resisted|p2a: Baxcalibur\n|-damage|p1a: Pelipper|0 fnt\n|-damage|p2a: Baxcalibur|85\/100\n|-damage|p2b: Flutter Mane|0 fnt\n|faint|p1a: Pelipper\n|faint|p2b: Flutter Mane\n|-end|p2b: Flutter Mane|Protosynthesis|[silent]\n|-damage|p1b: Dondozo|0 fnt|[from] item: Life Orb\n|faint|p1b: Dondozo\n|\n|win|DankestDad\n|c|\u2606CopaVGC|gg\n|c|\u2606DankestDad|gg\n|l|\u2606CopaVGC\n","uploadtime":1682888004,"views":6,"p1id":"copavgc","p2id":"dankestdad","formatid":"gen9vgc2023regulationc","rating":0,"private":0,"password":""}