{"id":"gen9vgc2023regulationc-1861954858","p1":"fonzee3000","p2":"NqNSuper","format":"[Gen 9] VGC 2023 Regulation C","log":"|j|\u2606fonzee3000\n|j|\u2606NqNSuper\n|t:|1683823816\n|gametype|doubles\n|player|p1|fonzee3000|steven|1314\n|player|p2|NqNSuper|102|1223\n|teamsize|p1|6\n|teamsize|p2|6\n|gen|9\n|tier|[Gen 9] VGC 2023 Regulation C\n|rated|\n|rule|Species Clause: Limit one of each Pok\u00e9mon\n|rule|Item Clause: Limit one of each item\n|clearpoke\n|poke|p1|Annihilape, L50, F|\n|poke|p1|Maushold-Four, L50|\n|poke|p1|Glimmora, L50, M|\n|poke|p1|Chi-Yu, L50|\n|poke|p1|Amoonguss, L50, F|\n|poke|p1|Iron Bundle, L50|\n|poke|p2|Dondozo, L50, M|\n|poke|p2|Tatsugiri-Droopy, L50, F|\n|poke|p2|Glimmora, L50, F|\n|poke|p2|Chi-Yu, L50|\n|poke|p2|Flutter Mane, L50|\n|poke|p2|Dragonite, L50, F|\n|teampreview|4\n|inactive|Battle timer is ON: inactive players will automatically lose when time's up. (requested by fonzee3000)\n|\n|t:|1683823833\n|start\n|switch|p1a: Glimmora|Glimmora, L50, M|100\/100\n|switch|p1b: Chi-Yu|Chi-Yu, L50|100\/100\n|switch|p2a: Tatsugiri|Tatsugiri-Droopy, L50, F|100\/100\n|switch|p2b: Flutter Mane|Flutter Mane, L50|100\/100\n|-ability|p1b: Chi-Yu|Beads of Ruin\n|-enditem|p2b: Flutter Mane|Booster Energy\n|-activate|p2b: Flutter Mane|ability: Protosynthesis|[fromitem]\n|-start|p2b: Flutter Mane|protosynthesisspe\n|turn|1\n|inactive|fonzee3000 has 30 seconds left.\n|\n|t:|1683823862\n|switch|p1b: Amoonguss|Amoonguss, L50, F, shiny|100\/100\n|move|p2b: Flutter Mane|Protect|p2b: Flutter Mane\n|-singleturn|p2b: Flutter Mane|Protect\n|move|p1a: Glimmora|Sludge Bomb|p2b: Flutter Mane\n|-activate|p2b: Flutter Mane|move: Protect\n|move|p2a: Tatsugiri|Muddy Water|p1b: Amoonguss|[spread] p1a,p1b\n|-supereffective|p1a: Glimmora\n|-resisted|p1b: Amoonguss\n|-damage|p1a: Glimmora|31\/100\n|-damage|p1b: Amoonguss|77\/100\n|\n|upkeep\n|turn|2\n|inactive|fonzee3000 has 30 seconds left.\n|inactive|fonzee3000 has 20 seconds left.\n|inactive|fonzee3000 has 15 seconds left.\n|\n|t:|1683823907\n|-end|p2b: Flutter Mane|Protosynthesis|[silent]\n|switch|p2b: Chi-Yu|Chi-Yu, L50|100\/100\n|-ability|p2b: Chi-Yu|Beads of Ruin\n|move|p1a: Glimmora|Sludge Bomb|p2a: Tatsugiri\n|-damage|p2a: Tatsugiri|32\/100\n|move|p2a: Tatsugiri|Muddy Water|p1b: Amoonguss|[spread] p1a,p1b\n|-supereffective|p1a: Glimmora\n|-resisted|p1b: Amoonguss\n|-crit|p1b: Amoonguss\n|-damage|p1a: Glimmora|0 fnt\n|-damage|p1b: Amoonguss|32\/100\n|-enditem|p1b: Amoonguss|Sitrus Berry|[eat]\n|-heal|p1b: Amoonguss|56\/100|[from] item: Sitrus Berry\n|faint|p1a: Glimmora\n|move|p1b: Amoonguss|Pollen Puff|p1: Glimmora|[notarget]\n|-fail|p1b: Amoonguss\n|\n|upkeep\n|\n|t:|1683823921\n|switch|p1a: Iron Bundle|Iron Bundle, L50|100\/100\n|-enditem|p1a: Iron Bundle|Booster Energy\n|-activate|p1a: Iron Bundle|ability: Quark Drive|[fromitem]\n|-start|p1a: Iron Bundle|quarkdrivespe\n|turn|3\n|inactive|fonzee3000 has 30 seconds left.\n|inactive|fonzee3000 has 20 seconds left.\n|\n|t:|1683823961\n|move|p1a: Iron Bundle|Freeze-Dry|p2b: Chi-Yu\n|-resisted|p2b: Chi-Yu\n|-damage|p2b: Chi-Yu|81\/100\n|move|p2b: Chi-Yu|Flamethrower|p1b: Amoonguss\n|-supereffective|p1b: Amoonguss\n|-damage|p1b: Amoonguss|0 fnt\n|faint|p1b: Amoonguss\n|move|p2a: Tatsugiri|Muddy Water|p1a: Iron Bundle\n|-resisted|p1a: Iron Bundle\n|-damage|p1a: Iron Bundle|0 fnt\n|faint|p1a: Iron Bundle\n|-end|p1a: Iron Bundle|Quark Drive|[silent]\n|\n|upkeep\n|\n|t:|1683823974\n|switch|p1a: Chi-Yu|Chi-Yu, L50|100\/100\n|-ability|p1a: Chi-Yu|Beads of Ruin\n|turn|4\n|\n|t:|1683823983\n|-terastallize|p1a: Chi-Yu|Grass\n|-terastallize|p2b: Chi-Yu|Water\n|move|p1a: Chi-Yu|Heat Wave|p2b: Chi-Yu|[spread] p2a,p2b\n|-resisted|p2a: Tatsugiri\n|-resisted|p2b: Chi-Yu\n|-damage|p2a: Tatsugiri|14\/100\n|-damage|p2b: Chi-Yu|55\/100\n|-damage|p1a: Chi-Yu|91\/100|[from] item: Life Orb\n|move|p2b: Chi-Yu|Tera Blast|p2a: Tatsugiri\n|-activate|p2a: Tatsugiri|ability: Storm Drain\n|-ability|p2a: Tatsugiri|Storm Drain|boost\n|-boost|p2a: Tatsugiri|spa|1\n|move|p2a: Tatsugiri|Muddy Water|p1a: Chi-Yu\n|-resisted|p1a: Chi-Yu\n|-damage|p1a: Chi-Yu|26\/100\n|\n|upkeep\n|turn|5\n|\n|t:|1683823999\n|move|p1a: Chi-Yu|Tera Blast|p2b: Chi-Yu\n|-supereffective|p2b: Chi-Yu\n|-damage|p2b: Chi-Yu|0 fnt\n|faint|p2b: Chi-Yu\n|-damage|p1a: Chi-Yu|17\/100|[from] item: Life Orb\n|move|p2a: Tatsugiri|Muddy Water|p1a: Chi-Yu\n|-resisted|p1a: Chi-Yu\n|-damage|p1a: Chi-Yu|0 fnt\n|faint|p1a: Chi-Yu\n|\n|win|NqNSuper\n|raw|fonzee3000's rating: 1314 → 1289<\/strong> (-25 for losing)\n|raw|NqNSuper's rating: 1223 → 1254<\/strong> (+31 for winning)\n","uploadtime":1683824012,"views":19,"p1id":"fonzee3000","p2id":"nqnsuper","formatid":"gen9vgc2023regulationc","rating":1254,"private":0,"password":""}