{"id":"gen9vgc2023regulationc-1855216200","p1":"Abugbog","p2":"steamingpustule","format":"[Gen 9] VGC 2023 Regulation C","log":"|j|\u2606Abugbog\n|j|\u2606steamingpustule\n|t:|1682916596\n|gametype|doubles\n|player|p1|Abugbog|2|1148\n|player|p2|steamingpustule|swimmerf|1046\n|teamsize|p1|6\n|teamsize|p2|6\n|gen|9\n|tier|[Gen 9] VGC 2023 Regulation C\n|rated|\n|rule|Species Clause: Limit one of each Pok\u00e9mon\n|rule|Item Clause: Limit one of each item\n|clearpoke\n|poke|p1|Ting-Lu, L50|\n|poke|p1|Iron Hands, L50|\n|poke|p1|Bronzong, L50|\n|poke|p1|Palafin, L50, M|\n|poke|p1|Annihilape, L50, M|\n|poke|p1|Amoonguss, L50, M|\n|poke|p2|Annihilape, L50, F|\n|poke|p2|Oranguru, L50, M|\n|poke|p2|Torkoal, L50, M|\n|poke|p2|Meowscarada, L50, F|\n|poke|p2|Arcanine, L50, M|\n|poke|p2|Iron Bundle, L50|\n|teampreview|4\n|inactive|Battle timer is ON: inactive players will automatically lose when time's up. (requested by steamingpustule)\n|\n|t:|1682916672\n|start\n|switch|p1a: Iron Hands|Iron Hands, L50, shiny|100\/100\n|switch|p1b: Bronzong|Bronzong, L50|100\/100\n|switch|p2a: Annihilape|Annihilape, L50, F|100\/100\n|switch|p2b: Oranguru|Oranguru, L50, M|100\/100\n|turn|1\n|inactive|Abugbog has 30 seconds left.\n|inactive|steamingpustule has 30 seconds left.\n|inactive|Abugbog has 20 seconds left.\n|inactive|Abugbog has 15 seconds left.\n|inactive|Abugbog has 10 seconds left.\n|inactive|Abugbog has 5 seconds left.\n|\n|t:|1682916723\n|-end|p1a: Iron Hands|Quark Drive|[silent]\n|switch|p1a: Ting-Lu|Ting-Lu, L50|100\/100\n|-ability|p1a: Ting-Lu|Vessel of Ruin\n|move|p2a: Annihilape|Final Gambit|p1b: Bronzong\n|-damage|p1b: Bronzong|0 fnt\n|faint|p2a: Annihilape\n|faint|p1b: Bronzong\n|move|p2b: Oranguru|Trick Room|p2b: Oranguru\n|-fieldstart|move: Trick Room|[of] p2b: Oranguru\n|\n|upkeep\n|\n|t:|1682916742\n|switch|p1b: Iron Hands|Iron Hands, L50, shiny|100\/100\n|switch|p2a: Torkoal|Torkoal, L50, M|100\/100\n|-weather|SunnyDay|[from] ability: Drought|[of] p2a: Torkoal\n|turn|2\n|c|\u2606steamingpustule|pompeii time\n|c|\u2606steamingpustule|ey ey o ey o\n|\n|t:|1682916762\n|-terastallize|p2a: Torkoal|Fire\n|move|p1b: Iron Hands|Fake Out|p2a: Torkoal\n|-damage|p2a: Torkoal|87\/100\n|cant|p2a: Torkoal|flinch\n|move|p1a: Ting-Lu|Throat Chop|p2b: Oranguru\n|-supereffective|p2b: Oranguru\n|-damage|p2b: Oranguru|18\/100\n|-start|p2b: Oranguru|Throat Chop|[silent]\n|move|p2b: Oranguru|Instruct||[still]\n|-fail|p2b: Oranguru\n|\n|-weather|SunnyDay|[upkeep]\n|-heal|p2b: Oranguru|24\/100|[from] item: Leftovers\n|upkeep\n|turn|3\n|inactive|Abugbog has 30 seconds left.\n|inactive|Abugbog has 20 seconds left.\n|\n|t:|1682916797\n|move|p2a: Torkoal|Eruption|p1b: Iron Hands|[spread] p1a,p1b\n|-damage|p1a: Ting-Lu|26\/100\n|-damage|p1b: Iron Hands|54\/100\n|move|p1a: Ting-Lu|Earthquake|p2a: Torkoal|[spread] p1b,p2a,p2b\n|-supereffective|p1b: Iron Hands\n|-supereffective|p2a: Torkoal\n|-damage|p1b: Iron Hands|4\/100\n|-damage|p2a: Torkoal|35\/100\n|-damage|p2b: Oranguru|0 fnt\n|faint|p2b: Oranguru\n|move|p1b: Iron Hands|Volt Switch|p2a: Torkoal\n|-damage|p2a: Torkoal|21\/100\n|\n|t:|1682916812\n|-end|p1b: Iron Hands|Quark Drive|[silent]\n|switch|p1b: Amoonguss|Amoonguss, L50, M, shiny|100\/100|[from] Volt Switch\n|\n|-weather|SunnyDay|[upkeep]\n|upkeep\n|\n|t:|1682916816\n|switch|p2b: Meowscarada|Meowscarada, L50, F|100\/100\n|turn|4\n|inactive|Abugbog has 30 seconds left.\n|inactive|steamingpustule has 30 seconds left.\n|inactive|Abugbog has 20 seconds left.\n|\n|t:|1682916852\n|move|p1a: Ting-Lu|Protect|p1a: Ting-Lu\n|-singleturn|p1a: Ting-Lu|Protect\n|move|p2b: Meowscarada|Sucker Punch||[still]\n|-fail|p2b: Meowscarada\n|move|p2a: Torkoal|Eruption|p1a: Ting-Lu|[spread] p1b\n|-activate|p1a: Ting-Lu|move: Protect\n|-supereffective|p1b: Amoonguss\n|-damage|p1b: Amoonguss|68\/100\n|move|p1b: Amoonguss|Spore|p2a: Torkoal\n|-status|p2a: Torkoal|slp|[from] move: Spore\n|\n|-weather|SunnyDay|[upkeep]\n|upkeep\n|turn|5\n|inactive|Abugbog has 30 seconds left.\n|inactive|Abugbog has 20 seconds left.\n|inactive|Abugbog has 15 seconds left.\n|inactive|Abugbog has 10 seconds left.\n|\n|t:|1682916899\n|-terastallize|p1a: Ting-Lu|Poison\n|move|p2b: Meowscarada|Sucker Punch|p1b: Amoonguss\n|-start|p2b: Meowscarada|typechange|Dark|[from] ability: Protean\n|-damage|p1b: Amoonguss|34\/100\n|cant|p2a: Torkoal|slp\n|move|p1b: Amoonguss|Pollen Puff|p1a: Ting-Lu\n|-heal|p1a: Ting-Lu|75\/100\n|move|p1a: Ting-Lu|Earthquake|p2b: Meowscarada|[spread] p1b,p2a,p2b\n|-supereffective|p2a: Torkoal\n|-damage|p1b: Amoonguss|0 fnt\n|-damage|p2a: Torkoal|0 fnt\n|-damage|p2b: Meowscarada|52\/100\n|faint|p1b: Amoonguss\n|faint|p2a: Torkoal\n|\n|-weather|SunnyDay|[upkeep]\n|-fieldend|move: Trick Room\n|upkeep\n|\n|t:|1682916922\n|switch|p1b: Iron Hands|Iron Hands, L50, shiny|4\/100\n|turn|6\n|\n|t:|1682916941\n|move|p2b: Meowscarada|Protect|p2b: Meowscarada\n|-singleturn|p2b: Meowscarada|Protect\n|move|p1b: Iron Hands|Fake Out|p2b: Meowscarada\n|-activate|p2b: Meowscarada|move: Protect\n|move|p1a: Ting-Lu|Heavy Slam|p2b: Meowscarada\n|-activate|p2b: Meowscarada|move: Protect\n|\n|-weather|none\n|upkeep\n|turn|7\n|\n|t:|1682916965\n|move|p2b: Meowscarada|Sucker Punch|p1a: Ting-Lu\n|-damage|p1a: Ting-Lu|55\/100\n|move|p1b: Iron Hands|Drain Punch|p2b: Meowscarada\n|-supereffective|p2b: Meowscarada\n|-damage|p2b: Meowscarada|0 fnt\n|-heal|p1b: Iron Hands|25\/100|[from] drain|[of] p2b: Meowscarada\n|faint|p2b: Meowscarada\n|\n|win|Abugbog\n|raw|Abugbog's rating: 1148 → 1166<\/strong> (+18 for winning)\n|raw|steamingpustule's rating: 1046 → 1034<\/strong> (-12 for losing)\n|l|\u2606steamingpustule\n","uploadtime":1682916976,"views":15,"p1id":"abugbog","p2id":"steamingpustule","formatid":"gen9vgc2023regulationc","rating":1034,"private":0,"password":""}