{"id":"gen9vgc2023regulationc-1848069463","p1":"isimple","p2":"dhdtdh","format":"[Gen 9] VGC 2023 Regulation C","log":"|j|\u2606isimple\n|j|\u2606dhdtdh\n|t:|1682026237\n|gametype|doubles\n|player|p1|isimple|265|1074\n|player|p2|dhdtdh|266|1000\n|teamsize|p1|6\n|teamsize|p2|6\n|gen|9\n|tier|[Gen 9] VGC 2023 Regulation C\n|rated|\n|rule|Species Clause: Limit one of each Pok\u00e9mon\n|rule|Item Clause: Limit one of each item\n|clearpoke\n|poke|p1|Amoonguss, L50, M|\n|poke|p1|Palafin, L50, M|\n|poke|p1|Baxcalibur, L50, M|\n|poke|p1|Ting-Lu, L50|\n|poke|p1|Flutter Mane, L50|\n|poke|p1|Arcanine, L50, M|\n|poke|p2|Amoonguss, L50, M|\n|poke|p2|Sandy Shocks, L50|\n|poke|p2|Flutter Mane, L50|\n|poke|p2|Torkoal, L50, M|\n|poke|p2|Dragonite, L50, F|\n|poke|p2|Gholdengo, L50|\n|teampreview|4\n|inactive|Battle timer is ON: inactive players will automatically lose when time's up. (requested by dhdtdh)\n|\n|t:|1682026266\n|start\n|switch|p1a: Palafin|Palafin, L50, M, shiny|100\/100\n|switch|p1b: Ting-Lu|Ting-Lu, L50|100\/100\n|switch|p2a: Torkoal|Torkoal, L50, M|100\/100\n|switch|p2b: Flutter Mane|Flutter Mane, L50|100\/100\n|-ability|p1b: Ting-Lu|Vessel of Ruin\n|-weather|SunnyDay|[from] ability: Drought|[of] p2a: Torkoal\n|-activate|p2b: Flutter Mane|ability: Protosynthesis\n|-start|p2b: Flutter Mane|protosynthesisspe\n|turn|1\n|inactive|isimple has 30 seconds left.\n|inactive|dhdtdh has 30 seconds left.\n|inactive|isimple has 20 seconds left.\n|inactive|dhdtdh has 20 seconds left.\n|inactive|isimple has 15 seconds left.\n|inactive|dhdtdh has 15 seconds left.\n|inactive|isimple has 10 seconds left.\n|inactive|dhdtdh has 10 seconds left.\n|\n|t:|1682026312\n|move|p2a: Torkoal|Helping Hand|p2b: Flutter Mane\n|-singleturn|p2b: Flutter Mane|Helping Hand|[of] p2a: Torkoal\n|move|p2b: Flutter Mane|Moonblast|p1b: Ting-Lu\n|-supereffective|p1b: Ting-Lu\n|-damage|p1b: Ting-Lu|28\/100\n|-unboost|p1b: Ting-Lu|spa|1\n|move|p1a: Palafin|Flip Turn|p2b: Flutter Mane\n|-damage|p2b: Flutter Mane|61\/100\n|\n|t:|1682026326\n|detailschange|p1a: Palafin|Palafin-Hero, L50, M, shiny\n|switch|p1a: Arcanine|Arcanine, L50, M|100\/100|[from] Flip Turn\n|-ability|p1a: Arcanine|Intimidate|boost\n|-unboost|p2a: Torkoal|atk|1\n|-unboost|p2b: Flutter Mane|atk|1\n|move|p1b: Ting-Lu|Ruination|p2a: Torkoal\n|-damage|p2a: Torkoal|51\/100\n|-enditem|p2a: Torkoal|Eject Button\n|\n|t:|1682026333\n|switch|p2a: Sandy Shocks|Sandy Shocks, L50|100\/100\n|-activate|p2a: Sandy Shocks|ability: Protosynthesis\n|-start|p2a: Sandy Shocks|protosynthesisspa\n|\n|-weather|SunnyDay|[upkeep]\n|upkeep\n|turn|2\n|\n|t:|1682026357\n|move|p1a: Arcanine|Protect|p1a: Arcanine\n|-singleturn|p1a: Arcanine|Protect\n|move|p2b: Flutter Mane|Moonblast|p1b: Ting-Lu\n|-supereffective|p1b: Ting-Lu\n|-damage|p1b: Ting-Lu|0 fnt\n|faint|p1b: Ting-Lu\n|move|p2a: Sandy Shocks|Earth Power|p1a: Arcanine\n|-activate|p1a: Arcanine|move: Protect\n|\n|-weather|SunnyDay|[upkeep]\n|upkeep\n|\n|t:|1682026379\n|switch|p1b: Palafin|Palafin-Hero, L50, M, shiny|100\/100\n|-activate|p1b: Palafin|ability: Zero to Hero\n|turn|3\n|\n|t:|1682026396\n|switch|p1a: Baxcalibur|Baxcalibur, L50, M, shiny|100\/100\n|-terastallize|p2b: Flutter Mane|Fairy\n|move|p1b: Palafin|Jet Punch|p2a: Sandy Shocks\n|-supereffective|p2a: Sandy Shocks\n|-damage|p2a: Sandy Shocks|26\/100\n|move|p2b: Flutter Mane|Moonblast|p1b: Palafin\n|-damage|p1b: Palafin|8\/100\n|move|p2a: Sandy Shocks|Earth Power|p1a: Baxcalibur\n|-damage|p1a: Baxcalibur|45\/100\n|\n|-weather|SunnyDay|[upkeep]\n|upkeep\n|turn|4\n|\n|t:|1682026421\n|-end|p2a: Sandy Shocks|Protosynthesis|[silent]\n|switch|p2a: Torkoal|Torkoal, L50, M|51\/100\n|move|p1b: Palafin|Jet Punch|p2b: Flutter Mane\n|-damage|p2b: Flutter Mane|0 fnt\n|faint|p2b: Flutter Mane\n|-end|p2b: Flutter Mane|Protosynthesis|[silent]\n|move|p1a: Baxcalibur|Ice Shard|p2a: Torkoal\n|-resisted|p2a: Torkoal\n|-damage|p2a: Torkoal|44\/100\n|\n|-weather|SunnyDay|[upkeep]\n|upkeep\n|\n|t:|1682026432\n|switch|p2b: Dragonite|Dragonite, L50, F|100\/100\n|turn|5\n|\n|t:|1682026446\n|move|p2a: Torkoal|Protect|p2a: Torkoal\n|-singleturn|p2a: Torkoal|Protect\n|move|p2b: Dragonite|Extreme Speed|p1b: Palafin\n|-damage|p1b: Palafin|0 fnt\n|faint|p1b: Palafin\n|move|p1a: Baxcalibur|Ice Shard|p2b: Dragonite\n|-supereffective|p2b: Dragonite\n|-damage|p2b: Dragonite|54\/100\n|\n|-weather|none\n|upkeep\n|\n|t:|1682026455\n|switch|p1b: Arcanine|Arcanine, L50, M|100\/100\n|-ability|p1b: Arcanine|Intimidate|boost\n|-unboost|p2a: Torkoal|atk|1\n|-unboost|p2b: Dragonite|atk|1\n|turn|6\n|inactive|isimple has 30 seconds left.\n|\n|t:|1682026484\n|-terastallize|p1a: Baxcalibur|Poison\n|move|p1b: Arcanine|Extreme Speed|p2a: Torkoal\n|-damage|p2a: Torkoal|31\/100\n|move|p1a: Baxcalibur|Ice Shard|p2b: Dragonite\n|-supereffective|p2b: Dragonite\n|-damage|p2b: Dragonite|0 fnt\n|faint|p2b: Dragonite\n|move|p2a: Torkoal|Yawn|p1b: Arcanine\n|-start|p1b: Arcanine|move: Yawn|[of] p2a: Torkoal\n|\n|upkeep\n|\n|t:|1682026493\n|switch|p2b: Sandy Shocks|Sandy Shocks, L50|26\/100\n|turn|7\n|\n|t:|1682026516\n|move|p2a: Torkoal|Helping Hand|p2b: Sandy Shocks\n|-singleturn|p2b: Sandy Shocks|Helping Hand|[of] p2a: Torkoal\n|move|p1b: Arcanine|Extreme Speed|p2b: Sandy Shocks\n|-damage|p2b: Sandy Shocks|2\/100\n|move|p1a: Baxcalibur|Ice Shard|p2b: Sandy Shocks\n|-supereffective|p2b: Sandy Shocks\n|-crit|p2b: Sandy Shocks\n|-damage|p2b: Sandy Shocks|0 fnt\n|faint|p2b: Sandy Shocks\n|-end|p2b: Sandy Shocks|Protosynthesis|[silent]\n|\n|-end|p1b: Arcanine|move: Yawn|[silent]\n|-status|p1b: Arcanine|slp\n|upkeep\n|turn|8\n|-message|dhdtdh forfeited.\n|\n|win|isimple\n|raw|isimple's rating: 1074 → 1097<\/strong> (+23 for winning)\n|raw|dhdtdh's rating: 1000 → 1000<\/strong> (+0 for losing)\n|l|\u2606dhdtdh\n","uploadtime":1682026532,"views":3,"p1id":"isimple","p2id":"dhdtdh","formatid":"gen9vgc2023regulationc","rating":1000,"private":0,"password":""}