{"id":"gen9vgc2023regulationc-1846805574","p1":"IAmAnissue","p2":"Renjistar","format":"[Gen 9] VGC 2023 Regulation C","log":"|j|\u2606IAmAnissue\n|j|\u2606Renjistar\n|t:|1681882478\n|gametype|doubles\n|player|p1|IAmAnissue|265|1147\n|player|p2|Renjistar|101|1077\n|teamsize|p1|6\n|teamsize|p2|6\n|gen|9\n|tier|[Gen 9] VGC 2023 Regulation C\n|rated|\n|rule|Species Clause: Limit one of each Pok\u00e9mon\n|rule|Item Clause: Limit one of each item\n|clearpoke\n|poke|p1|Iron Valiant, L50|\n|poke|p1|Amoonguss, L50, F|\n|poke|p1|Gothitelle, L50, F|\n|poke|p1|Sylveon, L50, M|\n|poke|p1|Farigiraf, L50, M|\n|poke|p1|Klefki, L50, M|\n|poke|p2|Ting-Lu, L50|\n|poke|p2|Arcanine, L50, M|\n|poke|p2|Amoonguss, L50, F|\n|poke|p2|Baxcalibur, L50, M|\n|poke|p2|Palafin, L50, M|\n|poke|p2|Flutter Mane, L50|\n|teampreview|4\n|inactive|Battle timer is ON: inactive players will automatically lose when time's up. (requested by IAmAnissue)\n|c|\u2606IAmAnissue|how\n|inactive|Renjistar has 60 seconds left.\n|inactive|IAmAnissue has 60 seconds left.\n|\n|t:|1681882522\n|start\n|switch|p1a: Gothitelle|Gothitelle, L50, F|100\/100\n|switch|p1b: Farigiraf|Farigiraf, L50, M|100\/100\n|switch|p2a: Flutter Mane|Flutter Mane, L50|100\/100\n|switch|p2b: Palafin|Palafin, L50, M|100\/100\n|turn|1\n|\n|t:|1681882541\n|-terastallize|p1a: Gothitelle|Water\n|move|p2b: Palafin|Protect|p2b: Palafin\n|-singleturn|p2b: Palafin|Protect\n|move|p2a: Flutter Mane|Shadow Ball|p1a: Gothitelle\n|-damage|p1a: Gothitelle|65\/100\n|move|p1a: Gothitelle|Psychic|p2a: Flutter Mane\n|-damage|p2a: Flutter Mane|66\/100\n|move|p1b: Farigiraf|Psychic|p2a: Flutter Mane\n|-damage|p2a: Flutter Mane|4\/100\n|-damage|p1b: Farigiraf|91\/100|[from] item: Life Orb\n|\n|upkeep\n|turn|2\n|\n|t:|1681882560\n|-terastallize|p2a: Flutter Mane|Fairy\n|move|p2b: Palafin|Jet Punch||[still]\n|cant|p1b: Farigiraf|ability: Armor Tail|Jet Punch|[of] p2b: Palafin\n|move|p2a: Flutter Mane|Moonblast|p1a: Gothitelle\n|-damage|p1a: Gothitelle|10\/100\n|move|p1b: Farigiraf|Dazzling Gleam|p2a: Flutter Mane|[spread] p2a,p2b\n|-damage|p2a: Flutter Mane|0 fnt\n|-damage|p2b: Palafin|58\/100\n|faint|p2a: Flutter Mane\n|-end|p2a: Flutter Mane|Protosynthesis|[silent]\n|-damage|p1b: Farigiraf|81\/100|[from] item: Life Orb\n|move|p1a: Gothitelle|Trick Room|p1a: Gothitelle\n|-fieldstart|move: Trick Room|[of] p1a: Gothitelle\n|\n|upkeep\n|\n|t:|1681882570\n|switch|p2a: Amoonguss|Amoonguss, L50, F|100\/100\n|turn|3\n|\n|t:|1681882588\n|move|p1b: Farigiraf|Protect|p1b: Farigiraf\n|-singleturn|p1b: Farigiraf|Protect\n|move|p2b: Palafin|Protect|p2b: Palafin\n|-singleturn|p2b: Palafin|Protect\n|move|p2a: Amoonguss|Spore|p1b: Farigiraf\n|-activate|p1b: Farigiraf|move: Protect\n|move|p1a: Gothitelle|Psychic|p2a: Amoonguss\n|-supereffective|p2a: Amoonguss\n|-damage|p2a: Amoonguss|46\/100\n|\n|upkeep\n|turn|4\n|\n|t:|1681882606\n|switch|p1b: Amoonguss|Amoonguss, L50, F|100\/100\n|move|p2a: Amoonguss|Spore|p1b: Amoonguss\n|-immune|p1b: Amoonguss\n|move|p1a: Gothitelle|Psychic|p2a: Amoonguss\n|-supereffective|p2a: Amoonguss\n|-damage|p2a: Amoonguss|0 fnt\n|faint|p2a: Amoonguss\n|move|p2b: Palafin|Wave Crash|p1a: Gothitelle\n|-resisted|p1a: Gothitelle\n|-damage|p1a: Gothitelle|0 fnt\n|faint|p1a: Gothitelle\n|-damage|p2b: Palafin|56\/100|[from] Recoil\n|\n|upkeep\n|\n|t:|1681882612\n|switch|p2a: Ting-Lu|Ting-Lu, L50|100\/100\n|switch|p1a: Farigiraf|Farigiraf, L50, M|81\/100\n|-ability|p2a: Ting-Lu|Vessel of Ruin\n|turn|5\n|\n|t:|1681882623\n|move|p2b: Palafin|Protect|p2b: Palafin\n|-singleturn|p2b: Palafin|Protect\n|move|p1b: Amoonguss|Spore|p2a: Ting-Lu\n|-status|p2a: Ting-Lu|slp|[from] move: Spore\n|move|p1a: Farigiraf|Dazzling Gleam|p2b: Palafin|[spread] p2a\n|-activate|p2b: Palafin|move: Protect\n|-supereffective|p2a: Ting-Lu\n|-damage|p2a: Ting-Lu|78\/100 slp\n|-damage|p1a: Farigiraf|71\/100|[from] item: Life Orb\n|cant|p2a: Ting-Lu|slp\n|\n|upkeep\n|turn|6\n|-message|Renjistar forfeited.\n|\n|win|IAmAnissue\n|raw|IAmAnissue's rating: 1147 → 1167<\/strong> (+20 for winning)\n|raw|Renjistar's rating: 1077 → 1060<\/strong> (-17 for losing)\n|l|\u2606Renjistar\n","uploadtime":1681882879,"views":9,"p1id":"iamanissue","p2id":"renjistar","formatid":"gen9vgc2023regulationc","rating":1060,"private":0,"password":""}