{"id":"gen9vgc2023regulationc-1848422669","p1":"Kaibar","p2":"ClaseXd","format":"[Gen 9] VGC 2023 Regulation C","log":"|j|\u2606Kaibar\n|j|\u2606ClaseXd\n|t:|1682076047\n|gametype|doubles\n|player|p1|Kaibar|blackbelt-gen4dp|1193\n|player|p2|ClaseXd|102|1111\n|teamsize|p1|6\n|teamsize|p2|6\n|gen|9\n|tier|[Gen 9] VGC 2023 Regulation C\n|rated|\n|rule|Species Clause: Limit one of each Pok\u00e9mon\n|rule|Item Clause: Limit one of each item\n|clearpoke\n|poke|p1|Arcanine, L50, F|\n|poke|p1|Amoonguss, L50, F|\n|poke|p1|Kingambit, L50, M|\n|poke|p1|Flutter Mane, L50|\n|poke|p1|Dragonite, L50, F|\n|poke|p1|Palafin, L50, F|\n|poke|p2|Indeedee-F, L50, F|\n|poke|p2|Armarouge, L50, F|\n|poke|p2|Torkoal, L50, M|\n|poke|p2|Hatterene, L50, F|\n|poke|p2|Kingambit, L50, M|\n|poke|p2|Annihilape, L50, M|\n|teampreview|4\n|inactive|Battle timer is ON: inactive players will automatically lose when time's up. (requested by ClaseXd)\nKaibar has agreed to open team sheets.\n|\n|t:|1682076066\n|start\n|switch|p1a: Windy|Arcanine, L50, F, shiny|100\/100\n|switch|p1b: Palafin|Palafin, L50, F|100\/100\n|switch|p2a: Annihilape|Annihilape, L50, M|100\/100\n|switch|p2b: Hatterene|Hatterene, L50, F|100\/100\n|-ability|p1a: Windy|Intimidate|boost\n|-unboost|p2a: Annihilape|atk|1\n|-ability|p2a: Annihilape|Defiant|boost\n|-boost|p2a: Annihilape|atk|2\n|-unboost|p2b: Hatterene|atk|1\n|turn|1\n|inactive|Kaibar has 30 seconds left.\n|inactive|Kaibar has 20 seconds left.\n|\n|t:|1682076103\n|detailschange|p1b: Palafin|Palafin-Hero, L50, F\n|switch|p1b: Amoonguss|Amoonguss, L50, F|100\/100\n|move|p2a: Annihilape|Final Gambit|p1b: Amoonguss\n|-damage|p1b: Amoonguss|2\/100\n|-enditem|p1b: Amoonguss|Sitrus Berry|[eat]\n|-heal|p1b: Amoonguss|27\/100|[from] item: Sitrus Berry\n|faint|p2a: Annihilape\n|move|p1a: Windy|Will-O-Wisp|p2b: Hatterene\n|move|p2b: Hatterene|Will-O-Wisp|p1a: Windy|[from]ability: Magic Bounce\n|-immune|p1a: Windy\n|move|p2b: Hatterene|Psychic|p1a: Windy\n|-damage|p1a: Windy|39\/100\n|-damage|p2b: Hatterene|91\/100|[from] item: Life Orb\n|\n|upkeep\n|\n|t:|1682076125\n|switch|p2a: Indeedee|Indeedee-F, L50, F|100\/100\n|-fieldstart|move: Psychic Terrain|[from] ability: Psychic Surge|[of] p2a: Indeedee\n|-enditem|p2a: Indeedee|Psychic Seed\n|-boost|p2a: Indeedee|spd|1|[from] item: Psychic Seed\n|turn|2\n|inactive|Kaibar has 30 seconds left.\n|\n|t:|1682076150\n|move|p1a: Windy|Extreme Speed|p2a: Indeedee\n|-activate|p2a: Indeedee|move: Psychic Terrain\n|move|p2a: Indeedee|Follow Me|p2a: Indeedee\n|-singleturn|p2a: Indeedee|move: Follow Me\n|move|p1b: Amoonguss|Pollen Puff|p2a: Indeedee\n|-supereffective|p2a: Indeedee\n|-damage|p2a: Indeedee|78\/100\n|move|p2b: Hatterene|Trick Room|p2b: Hatterene\n|-fieldstart|move: Trick Room|[of] p2b: Hatterene\n|\n|upkeep\n|turn|3\n|\n|t:|1682076173\n|switch|p1b: Dragonite|Dragonite, L50, F|100\/100\n|move|p2a: Indeedee|Helping Hand|p2b: Hatterene\n|-singleturn|p2b: Hatterene|Helping Hand|[of] p2a: Indeedee\n|move|p2b: Hatterene|Dazzling Gleam|p1b: Dragonite|[spread] p1a,p1b\n|-resisted|p1a: Windy\n|-supereffective|p1b: Dragonite\n|-damage|p1a: Windy|4\/100\n|-damage|p1b: Dragonite|33\/100\n|-damage|p2b: Hatterene|82\/100|[from] item: Life Orb\n|move|p1a: Windy|Howl|p1a: Windy|[spread] p1a,p1b\n|-boost|p1a: Windy|atk|1\n|-boost|p1b: Dragonite|atk|1\n|\n|upkeep\n|turn|4\n|\n|t:|1682076197\n|switch|p1b: Amoonguss|Amoonguss, L50, F|60\/100\n|switch|p1a: Palafin|Palafin-Hero, L50, F|100\/100\n|-activate|p1a: Palafin|ability: Zero to Hero\n|move|p2a: Indeedee|Follow Me|p2a: Indeedee\n|-singleturn|p2a: Indeedee|move: Follow Me\n|move|p2b: Hatterene|Dazzling Gleam|p1a: Palafin|[spread] p1a,p1b\n|-resisted|p1b: Amoonguss\n|-damage|p1a: Palafin|58\/100\n|-damage|p1b: Amoonguss|45\/100\n|-damage|p2b: Hatterene|72\/100|[from] item: Life Orb\n|\n|upkeep\n|turn|5\n|\n|t:|1682076221\n|move|p1a: Palafin|Protect|p1a: Palafin\n|-singleturn|p1a: Palafin|Protect\n|move|p1b: Amoonguss|Clear Smog|p2a: Indeedee\n|-damage|p2a: Indeedee|67\/100\n|-clearboost|p2a: Indeedee\n|move|p2b: Hatterene|Trick Room|p2b: Hatterene\n|-fieldend|move: Trick Room\n|move|p2a: Indeedee|Trick Room|p2a: Indeedee\n|-fieldstart|move: Trick Room|[of] p2a: Indeedee\n|\n|upkeep\n|turn|6\n|inactive|Kaibar has 30 seconds left.\n|inactive|ClaseXd has 30 seconds left.\n|\n|t:|1682076248\n|move|p2a: Indeedee|Helping Hand|p2b: Hatterene\n|-singleturn|p2b: Hatterene|Helping Hand|[of] p2a: Indeedee\n|move|p2b: Hatterene|Psychic|p1a: Palafin\n|-damage|p1a: Palafin|0 fnt\n|faint|p1a: Palafin\n|-damage|p2b: Hatterene|63\/100|[from] item: Life Orb\n|move|p1b: Amoonguss|Pollen Puff|p2b: Hatterene\n|-damage|p2b: Hatterene|43\/100\n|\n|-fieldend|move: Psychic Terrain\n|upkeep\n|\n|t:|1682076262\n|switch|p1a: Windy|Arcanine, L50, F, shiny|4\/100\n|-ability|p1a: Windy|Intimidate|boost\n|-unboost|p2a: Indeedee|atk|1\n|-unboost|p2b: Hatterene|atk|1\n|turn|7\n|\n|t:|1682076276\n|move|p2a: Indeedee|Helping Hand|p2b: Hatterene\n|-singleturn|p2b: Hatterene|Helping Hand|[of] p2a: Indeedee\n|move|p2b: Hatterene|Dazzling Gleam|p1a: Windy|[spread] p1a,p1b\n|-resisted|p1a: Windy\n|-resisted|p1b: Amoonguss\n|-damage|p1a: Windy|0 fnt\n|-damage|p1b: Amoonguss|21\/100\n|faint|p1a: Windy\n|-damage|p2b: Hatterene|33\/100|[from] item: Life Orb\n|move|p1b: Amoonguss|Pollen Puff|p2a: Indeedee\n|-supereffective|p2a: Indeedee\n|-damage|p2a: Indeedee|29\/100\n|\n|upkeep\n|\n|t:|1682076290\n|switch|p1a: Dragonite|Dragonite, L50, F|33\/100\n|turn|8\n|\n|t:|1682076311\n|move|p2a: Indeedee|Helping Hand|p2b: Hatterene\n|-singleturn|p2b: Hatterene|Helping Hand|[of] p2a: Indeedee\n|move|p2b: Hatterene|Dazzling Gleam|p1b: Amoonguss|[spread] p1a,p1b\n|-supereffective|p1a: Dragonite\n|-resisted|p1b: Amoonguss\n|-damage|p1a: Dragonite|0 fnt\n|-damage|p1b: Amoonguss|0 fnt\n|faint|p1a: Dragonite\n|faint|p1b: Amoonguss\n|-damage|p2b: Hatterene|24\/100|[from] item: Life Orb\n|\n|win|ClaseXd\n|raw|Kaibar's rating: 1193 → 1162<\/strong> (-31 for losing)\n|raw|ClaseXd's rating: 1111 → 1142<\/strong> (+31 for winning)\n","uploadtime":1682076316,"views":12,"p1id":"kaibar","p2id":"clasexd","formatid":"gen9vgc2023regulationc","rating":1142,"private":0,"password":""}