{"id":"gen9vgc2023regulationc-1846526102","p1":"robert2522","p2":"Foxtrot.098","format":"[Gen 9] VGC 2023 Regulation C","log":"|j|\u2606robert2522\n|j|\u2606Foxtrot.098\n|t:|1681848440\n|gametype|doubles\n|player|p1|robert2522|102|1069\n|player|p2|Foxtrot.098|bruno|1143\n|teamsize|p1|6\n|teamsize|p2|6\n|gen|9\n|tier|[Gen 9] VGC 2023 Regulation C\n|rated|\n|rule|Species Clause: Limit one of each Pok\u00e9mon\n|rule|Item Clause: Limit one of each item\n|clearpoke\n|poke|p1|Flutter Mane, L50|\n|poke|p1|Dragonite, L50, F|\n|poke|p1|Quaquaval, L50, M|\n|poke|p1|Talonflame, L50, F|\n|poke|p1|Wo-Chien, L50|\n|poke|p1|Chien-Pao, L50|\n|poke|p2|Palafin, L50, M|\n|poke|p2|Chien-Pao, L50|\n|poke|p2|Dragapult, L50, M|\n|poke|p2|Amoonguss, L50, M|\n|poke|p2|Arcanine, L50, M|\n|poke|p2|Flutter Mane, L50|\n|teampreview|4\n|inactive|Battle timer is ON: inactive players will automatically lose when time's up. (requested by Foxtrot.098)\n|inactive|robert2522 has 60 seconds left.\n|\n|t:|1681848482\n|start\n|switch|p1a: Flutter Mane|Flutter Mane, L50|100\/100\n|switch|p1b: Talonflame|Talonflame, L50, F|100\/100\n|switch|p2a: Dozo|Palafin, L50, M|100\/100\n|switch|p2b: Dnite|Dragapult, L50, M|100\/100\n|-enditem|p1a: Flutter Mane|Booster Energy\n|-activate|p1a: Flutter Mane|ability: Protosynthesis|[fromitem]\n|-start|p1a: Flutter Mane|protosynthesisspe\n|turn|1\n|\n|t:|1681848505\n|-terastallize|p2b: Dnite|Steel\n|move|p1b: Talonflame|Tailwind|p1b: Talonflame\n|-sidestart|p1: robert2522|move: Tailwind\n|move|p1a: Flutter Mane|Substitute|p1a: Flutter Mane\n|-start|p1a: Flutter Mane|Substitute\n|-damage|p1a: Flutter Mane|76\/100\n|move|p2b: Dnite|Tera Blast|p1a: Flutter Mane\n|-supereffective|p1a: Flutter Mane\n|-end|p1a: Flutter Mane|Substitute\n|move|p2a: Dozo|Wave Crash|p1b: Talonflame\n|-supereffective|p1b: Talonflame\n|-damage|p1b: Talonflame|0 fnt\n|faint|p1b: Talonflame\n|-damage|p2a: Dozo|71\/100|[from] Recoil\n|\n|upkeep\n|\n|t:|1681848517\n|switch|p1b: Chien-Pao|Chien-Pao, L50|100\/100\n|-ability|p1b: Chien-Pao|Sword of Ruin\n|turn|2\n|\n|t:|1681848536\n|switch|p2b: Mimi|Flutter Mane, L50|100\/100\n|-enditem|p2b: Mimi|Booster Energy\n|-activate|p2b: Mimi|ability: Protosynthesis|[fromitem]\n|-start|p2b: Mimi|protosynthesisspa\n|move|p1b: Chien-Pao|Sucker Punch||[still]\n|-fail|p1b: Chien-Pao\n|move|p1a: Flutter Mane|Dazzling Gleam|p2b: Mimi|[spread] p2a,p2b\n|-damage|p2a: Dozo|29\/100\n|-damage|p2b: Mimi|70\/100\n|move|p2a: Dozo|Wave Crash|p1a: Flutter Mane\n|-damage|p1a: Flutter Mane|0 fnt\n|faint|p1a: Flutter Mane\n|-end|p1a: Flutter Mane|Protosynthesis|[silent]\n|-damage|p2a: Dozo|13\/100|[from] Recoil\n|\n|upkeep\n|\n|t:|1681848541\n|switch|p1a: Dragonite|Dragonite, L50, F|100\/100\n|turn|3\n|\n|t:|1681848560\n|detailschange|p2a: Dozo|Palafin-Hero, L50, M\n|switch|p2a: Dnite|Dragapult, L50, M, tera:Steel|100\/100\n|-terastallize|p1a: Dragonite|Normal\n|move|p2b: Mimi|Protect|p2b: Mimi\n|-singleturn|p2b: Mimi|Protect\n|move|p1a: Dragonite|Extreme Speed|p2a: Dnite\n|-resisted|p2a: Dnite\n|-damage|p2a: Dnite|39\/100\n|move|p1b: Chien-Pao|Sucker Punch||[still]\n|-fail|p1b: Chien-Pao\n|\n|upkeep\n|turn|4\n|inactive|Foxtrot.098 has 30 seconds left.\n|\n|t:|1681848593\n|move|p1a: Dragonite|Extreme Speed|p2a: Dnite\n|-resisted|p2a: Dnite\n|-damage|p2a: Dnite|0 fnt\n|faint|p2a: Dnite\n|move|p1b: Chien-Pao|Sucker Punch|p2b: Mimi\n|-damage|p2b: Mimi|1\/100\n|move|p2b: Mimi|Dazzling Gleam|p1b: Chien-Pao|[spread] p1a,p1b\n|-supereffective|p1b: Chien-Pao\n|-damage|p1a: Dragonite|60\/100\n|-enditem|p1b: Chien-Pao|Focus Sash\n|-damage|p1b: Chien-Pao|1\/100\n|\n|-sideend|p1: robert2522|move: Tailwind\n|upkeep\n|\n|t:|1681848609\n|switch|p2a: Dozo|Palafin-Hero, L50, M|13\/100\n|-activate|p2a: Dozo|ability: Zero to Hero\n|turn|5\n|\n|t:|1681848625\n|move|p2b: Mimi|Protect|p2b: Mimi\n|-singleturn|p2b: Mimi|Protect\n|move|p1a: Dragonite|Extreme Speed|p2a: Dozo\n|-damage|p2a: Dozo|0 fnt\n|faint|p2a: Dozo\n|move|p1b: Chien-Pao|Sucker Punch||[still]\n|-fail|p1b: Chien-Pao\n|\n|upkeep\n|\n|t:|1681848634\n|switch|p2a: Bundle|Chien-Pao, L50|100\/100\n|-ability|p2a: Bundle|Sword of Ruin\n|turn|6\n|\n|t:|1681848649\n|move|p2b: Mimi|Protect|p2b: Mimi\n|-singleturn|p2b: Mimi|Protect\n|move|p1a: Dragonite|Extreme Speed|p2a: Bundle\n|-damage|p2a: Bundle|2\/100\n|move|p1b: Chien-Pao|Sucker Punch||[still]\n|-fail|p1b: Chien-Pao\n|move|p2a: Bundle|Sacred Sword|p1b: Chien-Pao\n|-supereffective|p1b: Chien-Pao\n|-damage|p1b: Chien-Pao|0 fnt\n|faint|p1b: Chien-Pao\n|\n|upkeep\n|turn|7\n|\n|t:|1681848668\n|move|p1a: Dragonite|Extreme Speed|p2a: Bundle\n|-damage|p2a: Bundle|0 fnt\n|faint|p2a: Bundle\n|move|p2b: Mimi|Moonblast|p1a: Dragonite\n|-damage|p1a: Dragonite|2\/100\n|\n|upkeep\n|turn|8\n|inactive|robert2522 has 30 seconds left.\n|inactive|robert2522 has 20 seconds left.\n|inactive|robert2522 has 15 seconds left.\n|inactive|robert2522 has 10 seconds left.\n|inactive|robert2522 has 5 seconds left.\n|\n|t:|1681848723\n|move|p1a: Dragonite|Extreme Speed|p2b: Mimi\n|-immune|p2b: Mimi\n|move|p2b: Mimi|Moonblast|p1a: Dragonite\n|-damage|p1a: Dragonite|0 fnt\n|faint|p1a: Dragonite\n|\n|win|Foxtrot.098\n|raw|robert2522's rating: 1069 → 1053<\/strong> (-16 for losing)\n|raw|Foxtrot.098's rating: 1143 → 1163<\/strong> (+20 for winning)\n|l|\u2606robert2522\n","uploadtime":1681848749,"views":15,"p1id":"robert2522","p2id":"foxtrot098","formatid":"gen9vgc2023regulationc","rating":1053,"private":0,"password":""}