{"id":"gen9vgc2023regulationc-1860472082","p1":"Errorrss","p2":"Titi Grech","format":"[Gen 9] VGC 2023 Regulation C","log":"|j|\u2606Errorrss\n|j|\u2606Titi Grech\n|t:|1683647150\n|gametype|doubles\n|player|p1|Errorrss|266|1263\n|player|p2|Titi Grech|hiker-gen4|1236\n|teamsize|p1|6\n|teamsize|p2|6\n|gen|9\n|tier|[Gen 9] VGC 2023 Regulation C\n|rated|\n|rule|Species Clause: Limit one of each Pok\u00e9mon\n|rule|Item Clause: Limit one of each item\n|clearpoke\n|poke|p1|Dondozo, L50, M|\n|poke|p1|Tatsugiri, L50, F|\n|poke|p1|Glimmora, L50, M|\n|poke|p1|Chi-Yu, L50|\n|poke|p1|Dragonite, L50, M|\n|poke|p1|Iron Bundle, L50|\n|poke|p2|Amoonguss, L50, M|\n|poke|p2|Jumpluff, L50, F|\n|poke|p2|Gengar, L50, F|\n|poke|p2|Bronzong, L50|\n|poke|p2|Espathra, L50, F|\n|poke|p2|Iron Valiant, L50|\n|teampreview|4\n|inactive|Battle timer is ON: inactive players will automatically lose when time's up. (requested by Titi Grech)\n|c|\u2606Titi Grech|do you have sleep talk by any chance\nErrorrss rejected open team sheets.\n|inactive|Titi Grech has 60 seconds left.\n|c|\u2606Errorrss|No\n|\n|t:|1683647195\n|start\n|switch|p1a: Iron Bundle|Iron Bundle, L50|100\/100\n|switch|p1b: Chi-Yu|Chi-Yu, L50|100\/100\n|switch|p2a: Bronzong|Bronzong, L50, shiny|100\/100\n|switch|p2b: Espathra|Espathra, L50, F|100\/100\n|-ability|p1b: Chi-Yu|Beads of Ruin\n|-enditem|p1a: Iron Bundle|Booster Energy\n|-activate|p1a: Iron Bundle|ability: Quark Drive|[fromitem]\n|-start|p1a: Iron Bundle|quarkdrivespe\n|turn|1\n|\n|t:|1683647211\n|-end|p1a: Iron Bundle|Quark Drive|[silent]\n|switch|p1a: Dondozo|Dondozo, L50, M|100\/100\n|-terastallize|p2a: Bronzong|Electric\n|move|p2b: Espathra|Protect|p2b: Espathra\n|-singleturn|p2b: Espathra|Protect\n|move|p1b: Chi-Yu|Heat Wave|p2b: Espathra|[spread] p2a\n|-activate|p2b: Espathra|move: Protect\n|-damage|p2a: Bronzong|63\/100\n|move|p2a: Bronzong|Gravity|p2a: Bronzong\n|-fieldstart|move: Gravity\n|\n|-heal|p2a: Bronzong|68\/100|[from] item: Leftovers\n|-ability|p2b: Espathra|Speed Boost|boost\n|-boost|p2b: Espathra|spe|1\n|upkeep\n|turn|2\n|\n|t:|1683647229\n|move|p1b: Chi-Yu|Protect|p1b: Chi-Yu\n|-singleturn|p1b: Chi-Yu|Protect\n|move|p2b: Espathra|Hypnosis|p1b: Chi-Yu\n|-activate|p1b: Chi-Yu|move: Protect\n|move|p1a: Dondozo|Yawn|p2b: Espathra\n|-start|p2b: Espathra|move: Yawn|[of] p1a: Dondozo\n|move|p2a: Bronzong|Hypnosis|p1a: Dondozo\n|-status|p1a: Dondozo|slp|[from] move: Hypnosis\n|\n|-heal|p2a: Bronzong|74\/100|[from] item: Leftovers\n|-ability|p2b: Espathra|Speed Boost|boost\n|-boost|p2b: Espathra|spe|1\n|upkeep\n|turn|3\n|\n|t:|1683647249\n|switch|p2b: Iron Valiant|Iron Valiant, L50|100\/100\n|-enditem|p2b: Iron Valiant|Booster Energy\n|-activate|p2b: Iron Valiant|ability: Quark Drive|[fromitem]\n|-start|p2b: Iron Valiant|quarkdrivespe\n|switch|p1b: Tatsugiri|Tatsugiri, L50, F, shiny|100\/100\n|-activate|p1b: Tatsugiri|ability: Commander|[of] p1a: Dondozo\n|-boost|p1a: Dondozo|atk|2\n|-boost|p1a: Dondozo|spa|2\n|-boost|p1a: Dondozo|spe|2\n|-boost|p1a: Dondozo|def|2\n|-boost|p1a: Dondozo|spd|2\n|cant|p1a: Dondozo|slp\n|move|p2a: Bronzong|Zen Headbutt|p1a: Dondozo\n|-damage|p1a: Dondozo|94\/100 slp\n|\n|-heal|p2a: Bronzong|80\/100|[from] item: Leftovers\n|upkeep\n|turn|4\n|inactive|Titi Grech has 30 seconds left.\n|inactive|Errorrss has 30 seconds left.\n|\n|t:|1683647279\n|switch|p2a: Gengar|Gengar, L50, F|100\/100\n|move|p2b: Iron Valiant|Moonblast|p1a: Dondozo\n|-damage|p1a: Dondozo|77\/100 slp\n|cant|p1a: Dondozo|slp\n|\n|upkeep\n|turn|5\n|\n|t:|1683647293\n|move|p2b: Iron Valiant|Moonblast|p1a: Dondozo\n|-damage|p1a: Dondozo|59\/100 slp\n|move|p2a: Gengar|Shadow Ball|p1a: Dondozo\n|-damage|p1a: Dondozo|44\/100 slp\n|-enditem|p1a: Dondozo|Sitrus Berry|[eat]\n|-heal|p1a: Dondozo|69\/100 slp|[from] item: Sitrus Berry\n|cant|p1a: Dondozo|slp\n|\n|-fieldend|move: Gravity\n|upkeep\n|turn|6\n|\n|t:|1683647313\n|move|p2a: Gengar|Protect|p2a: Gengar\n|-singleturn|p2a: Gengar|Protect\n|move|p2b: Iron Valiant|Moonblast|p1a: Dondozo\n|-crit|p1a: Dondozo\n|-damage|p1a: Dondozo|19\/100 slp\n|-unboost|p1a: Dondozo|spa|1\n|-curestatus|p1a: Dondozo|slp|[msg]\n|move|p1a: Dondozo|Wave Crash|p2a: Gengar\n|-activate|p2a: Gengar|move: Protect\n|\n|upkeep\n|turn|7\n|\n|t:|1683647326\n|move|p2b: Iron Valiant|Aura Sphere|p1a: Dondozo\n|-damage|p1a: Dondozo|4\/100\n|move|p2a: Gengar|Shadow Ball|p1a: Dondozo\n|-damage|p1a: Dondozo|0 fnt\n|faint|p1a: Dondozo\n|\n|upkeep\n|\n|t:|1683647333\n|switch|p1a: Chi-Yu|Chi-Yu, L50|100\/100\n|-ability|p1a: Chi-Yu|Beads of Ruin\n|turn|8\n|\n|t:|1683647348\n|switch|p1b: Iron Bundle|Iron Bundle, L50|100\/100\n|-terastallize|p1a: Chi-Yu|Water\n|move|p2b: Iron Valiant|Hypnosis|p1a: Chi-Yu\n|-status|p1a: Chi-Yu|slp|[from] move: Hypnosis\n|move|p2a: Gengar|Hypnosis|p1b: Iron Bundle|[miss]\n|-miss|p2a: Gengar|p1b: Iron Bundle\n|cant|p1a: Chi-Yu|slp\n|\n|upkeep\n|turn|9\n|-message|Errorrss forfeited.\n|\n|win|Titi Grech\n|raw|Errorrss's rating: 1263 → 1236<\/strong> (-27 for losing)\n|raw|Titi Grech's rating: 1236 → 1263<\/strong> (+27 for winning)\n|l|\u2606Errorrss\n","uploadtime":1683647361,"views":5,"p1id":"errorrss","p2id":"titigrech","formatid":"gen9vgc2023regulationc","rating":1236,"private":0,"password":""}