{"id":"gen9vgc2023regulationc-1854817380","p1":"show me the tarfax","p2":"Grubbs 4 President","format":"[Gen 9] VGC 2023 Regulation C","log":"|j|\u2606show me the tarfax\n|j|\u2606Grubbs 4 President\n|t:|1682869551\n|gametype|doubles\n|player|p1|show me the tarfax|roughneck|1117\n|player|p2|Grubbs 4 President|blackbelt-gen4dp|1054\n|teamsize|p1|6\n|teamsize|p2|6\n|gen|9\n|tier|[Gen 9] VGC 2023 Regulation C\n|rated|\n|rule|Species Clause: Limit one of each Pok\u00e9mon\n|rule|Item Clause: Limit one of each item\n|clearpoke\n|poke|p1|Arcanine, L50, F|\n|poke|p1|Iron Bundle, L50|\n|poke|p1|Garganacl, L50, F|\n|poke|p1|Ting-Lu, L50|\n|poke|p1|Roaring Moon, L50|\n|poke|p1|Amoonguss, L50, M|\n|poke|p2|Indeedee-F, L50, F|\n|poke|p2|Armarouge, L50, F|\n|poke|p2|Torkoal, L50, M|\n|poke|p2|Hatterene, L50, F|\n|poke|p2|Kingambit, L50, M|\n|poke|p2|Annihilape, L50, M|\n|teampreview|4\n|inactive|Battle timer is ON: inactive players will automatically lose when time's up. (requested by Grubbs 4 President)\nshow me the tarfax has agreed to open team sheets.\n|inactive|show me the tarfax has 60 seconds left.\n|\n|t:|1682869582\n|start\n|switch|p1a: Ting-Lu|Ting-Lu, L50|100\/100\n|switch|p1b: Garganacl|Garganacl, L50, F|100\/100\n|switch|p2a: Armarouge|Armarouge, L50, F|100\/100\n|switch|p2b: Indeedee|Indeedee-F, L50, F|100\/100\n|-fieldstart|move: Psychic Terrain|[from] ability: Psychic Surge|[of] p2b: Indeedee\n|-ability|p1a: Ting-Lu|Vessel of Ruin\n|turn|1\n|\n|t:|1682869598\n|move|p2a: Armarouge|Wide Guard|p2a: Armarouge\n|-singleturn|p2a: Armarouge|Wide Guard\n|move|p1a: Ting-Lu|Stomping Tantrum|p2a: Armarouge\n|-supereffective|p2a: Armarouge\n|-damage|p2a: Armarouge|53\/100\n|move|p1b: Garganacl|Stealth Rock|p2b: Indeedee\n|-sidestart|p2: Grubbs 4 President|move: Stealth Rock\n|move|p2b: Indeedee|Trick Room|p2b: Indeedee\n|-fieldstart|move: Trick Room|[of] p2b: Indeedee\n|\n|upkeep\n|turn|2\n|\n|t:|1682869613\n|move|p2b: Indeedee|Helping Hand|p2a: Armarouge\n|-singleturn|p2a: Armarouge|Helping Hand|[of] p2b: Indeedee\n|move|p1b: Garganacl|Wide Guard|p1b: Garganacl\n|-singleturn|p1b: Garganacl|Wide Guard\n|move|p1a: Ting-Lu|Stomping Tantrum|p2a: Armarouge\n|-supereffective|p2a: Armarouge\n|-damage|p2a: Armarouge|5\/100\n|move|p2a: Armarouge|Expanding Force|p1b: Garganacl|[spread] \n|-activate|p1a: Ting-Lu|move: Wide Guard\n|-activate|p1b: Garganacl|move: Wide Guard\n|\n|upkeep\n|turn|3\n|\n|t:|1682869636\n|move|p2b: Indeedee|Helping Hand|p2a: Armarouge\n|-singleturn|p2a: Armarouge|Helping Hand|[of] p2b: Indeedee\n|move|p1b: Garganacl|Protect||[still]\n|-fail|p1b: Garganacl\n|move|p1a: Ting-Lu|Stomping Tantrum|p2a: Armarouge\n|-supereffective|p2a: Armarouge\n|-damage|p2a: Armarouge|0 fnt\n|faint|p2a: Armarouge\n|\n|upkeep\n|\n|t:|1682869642\n|switch|p2a: Torkoal|Torkoal, L50, M|100\/100\n|-damage|p2a: Torkoal|76\/100|[from] Stealth Rock\n|-weather|SunnyDay|[from] ability: Drought|[of] p2a: Torkoal\n|turn|4\n|\n|t:|1682869651\n|move|p2b: Indeedee|Helping Hand|p2a: Torkoal\n|-singleturn|p2a: Torkoal|Helping Hand|[of] p2b: Indeedee\n|move|p1b: Garganacl|Wide Guard|p1b: Garganacl\n|-singleturn|p1b: Garganacl|Wide Guard\n|move|p2a: Torkoal|Earth Power|p1b: Garganacl\n|-supereffective|p1b: Garganacl\n|-damage|p1b: Garganacl|60\/100\n|move|p1a: Ting-Lu|Stomping Tantrum|p2a: Torkoal\n|-supereffective|p2a: Torkoal\n|-damage|p2a: Torkoal|35\/100\n|\n|-weather|SunnyDay|[upkeep]\n|-heal|p1b: Garganacl|66\/100|[from] item: Leftovers\n|upkeep\n|turn|5\n|-message|Grubbs 4 President forfeited.\n|\n|win|show me the tarfax\n|raw|show me the tarfax's rating: 1117 → 1138<\/strong> (+21 for winning)\n|raw|Grubbs 4 President's rating: 1054 → 1039<\/strong> (-15 for losing)\n|l|\u2606Grubbs 4 President\n","uploadtime":1682869661,"views":16,"p1id":"showmethetarfax","p2id":"grubbs4president","formatid":"gen9vgc2023regulationc","rating":1039,"private":0,"password":""}