{"id":"gen9vgc2023regulationc-1846702127","p1":"JayVGC YT","p2":"CaptainEricVGC","format":"[Gen 9] VGC 2023 Regulation C","log":"|j|\u2606JayVGC YT\n|j|\u2606CaptainEricVGC\n|t:|1681867702\n|gametype|doubles\n|player|p1|JayVGC YT|102|\n|player|p2|CaptainEricVGC|1|\n|teamsize|p1|6\n|teamsize|p2|6\n|gen|9\n|tier|[Gen 9] VGC 2023 Regulation C\n|rule|Species Clause: Limit one of each Pok\u00e9mon\n|rule|Item Clause: Limit one of each item\n|clearpoke\n|poke|p1|Maushold-Four, L50|\n|poke|p1|Annihilape, L50, F|\n|poke|p1|Gholdengo, L50|\n|poke|p1|Iron Bundle, L50|\n|poke|p1|Arcanine, L50, F|\n|poke|p1|Roaring Moon, L50|\n|poke|p2|Baxcalibur, L50, F|\n|poke|p2|Amoonguss, L50, M|\n|poke|p2|Ting-Lu, L50|\n|poke|p2|Arcanine, L50, M|\n|poke|p2|Palafin, L50, M|\n|poke|p2|Flutter Mane, L50|\n|teampreview|4\nCaptainEricVGC has agreed to open team sheets.\n|c|\u2606CaptainEricVGC|game 2\n|\n|t:|1681868062\n|start\n|switch|p1a: Pancakes|Maushold-Four, L50|100\/100\n|switch|p1b: Monke Business|Annihilape, L50, F|100\/100\n|switch|p2a: Palafin|Palafin, L50, M|100\/100\n|switch|p2b: Amoonguss|Amoonguss, L50, M|100\/100\n|turn|1\n|\n|t:|1681868085\n|detailschange|p2a: Palafin|Palafin-Hero, L50, M\n|switch|p2a: Baxcalibur|Baxcalibur, L50, F|100\/100\n|move|p1a: Pancakes|Beat Up|p1b: Monke Business\n|-damage|p1b: Monke Business|99\/100\n|-damage|p1b: Monke Business|96\/100\n|-damage|p1b: Monke Business|94\/100\n|-damage|p1b: Monke Business|92\/100\n|-hitcount|p1b: Monke Business|4\n|move|p1b: Monke Business|Rage Fist|p2b: Amoonguss\n|-damage|p2b: Amoonguss|2\/100\n|-enditem|p2b: Amoonguss|Sitrus Berry|[eat]\n|-heal|p2b: Amoonguss|27\/100|[from] item: Sitrus Berry\n|move|p2b: Amoonguss|Pollen Puff|p2a: Baxcalibur\n|-immune|p2a: Baxcalibur\n|\n|-heal|p1b: Monke Business|98\/100|[from] item: Leftovers\n|upkeep\n|turn|2\n|\n|t:|1681868117\n|move|p2b: Amoonguss|Protect|p2b: Amoonguss\n|-singleturn|p2b: Amoonguss|Protect\n|move|p1a: Pancakes|Follow Me|p1a: Pancakes\n|-singleturn|p1a: Pancakes|move: Follow Me\n|move|p1b: Monke Business|Rage Fist|p2a: Baxcalibur\n|-damage|p2a: Baxcalibur|4\/100\n|move|p2a: Baxcalibur|Icicle Spear|p1a: Pancakes\n|-damage|p1a: Pancakes|80\/100\n|-damage|p1a: Pancakes|61\/100\n|-damage|p1a: Pancakes|43\/100\n|-damage|p1a: Pancakes|25\/100\n|-hitcount|p1a: Pancakes|4\n|\n|-heal|p1b: Monke Business|100\/100|[from] item: Leftovers\n|upkeep\n|turn|3\n|\n|t:|1681868152\n|move|p2b: Amoonguss|Rage Powder|p2b: Amoonguss\n|-singleturn|p2b: Amoonguss|move: Rage Powder\n|move|p1a: Pancakes|Beat Up|p2a: Baxcalibur\n|-damage|p2a: Baxcalibur|1\/100\n|-damage|p2a: Baxcalibur|0 fnt\n|faint|p2a: Baxcalibur\n|-hitcount|p2: Baxcalibur|2\n|move|p1b: Monke Business|Rage Fist|p2b: Amoonguss\n|-damage|p2b: Amoonguss|0 fnt\n|faint|p2b: Amoonguss\n|\n|upkeep\n|\n|t:|1681868160\n|switch|p2a: Flutter Mane|Flutter Mane, L50|100\/100\n|switch|p2b: Palafin|Palafin-Hero, L50, M|100\/100\n|-activate|p2b: Palafin|ability: Zero to Hero\n|-enditem|p2a: Flutter Mane|Booster Energy\n|-activate|p2a: Flutter Mane|ability: Protosynthesis|[fromitem]\n|-start|p2a: Flutter Mane|protosynthesisspa\n|turn|4\n|\n|t:|1681868174\n|-terastallize|p2b: Palafin|Water\n|move|p1a: Pancakes|Protect|p1a: Pancakes\n|-singleturn|p1a: Pancakes|Protect\n|move|p1b: Monke Business|Protect|p1b: Monke Business\n|-singleturn|p1b: Monke Business|Protect\n|move|p2a: Flutter Mane|Moonblast|p1a: Pancakes\n|-activate|p1a: Pancakes|move: Protect\n|move|p2b: Palafin|Wave Crash|p1b: Monke Business\n|-activate|p1b: Monke Business|move: Protect\n|\n|upkeep\n|turn|5\n|\n|t:|1681868200\n|move|p1a: Pancakes|Follow Me|p1a: Pancakes\n|-singleturn|p1a: Pancakes|move: Follow Me\n|move|p2a: Flutter Mane|Moonblast|p1a: Pancakes\n|-damage|p1a: Pancakes|0 fnt\n|faint|p1a: Pancakes\n|move|p2b: Palafin|Wave Crash|p1b: Monke Business\n|-damage|p1b: Monke Business|0 fnt\n|faint|p1b: Monke Business\n|-damage|p2b: Palafin|65\/100|[from] Recoil\n|\n|upkeep\n|\n|t:|1681868205\n|switch|p1a: \"Incineroar\"|Arcanine, L50, F|100\/100\n|switch|p1b: Peaceful Moon|Roaring Moon, L50|100\/100\n|-ability|p1a: \"Incineroar\"|Intimidate|boost\n|-unboost|p2a: Flutter Mane|atk|1\n|-unboost|p2b: Palafin|atk|1\n|-enditem|p1b: Peaceful Moon|Booster Energy\n|-activate|p1b: Peaceful Moon|ability: Protosynthesis|[fromitem]\n|-start|p1b: Peaceful Moon|protosynthesisspe\n|turn|6\n|\n|t:|1681868238\n|-terastallize|p1b: Peaceful Moon|Flying\n|move|p2a: Flutter Mane|Protect|p2a: Flutter Mane\n|-singleturn|p2a: Flutter Mane|Protect\n|move|p2b: Palafin|Protect|p2b: Palafin\n|-singleturn|p2b: Palafin|Protect\n|move|p1a: \"Incineroar\"|Extreme Speed|p2b: Palafin\n|-activate|p2b: Palafin|move: Protect\n|move|p1b: Peaceful Moon|Acrobatics|p2b: Palafin\n|-activate|p2b: Palafin|move: Protect\n|\n|upkeep\n|turn|7\n|\n|t:|1681868253\n|move|p2b: Palafin|Protect||[still]\n|-fail|p2b: Palafin\n|move|p1a: \"Incineroar\"|Extreme Speed|p2b: Palafin\n|-damage|p2b: Palafin|42\/100\n|move|p1b: Peaceful Moon|Acrobatics|p2b: Palafin\n|-damage|p2b: Palafin|0 fnt\n|faint|p2b: Palafin\n|move|p2a: Flutter Mane|Substitute|p2a: Flutter Mane\n|-start|p2a: Flutter Mane|Substitute\n|-damage|p2a: Flutter Mane|76\/100\n|\n|upkeep\n|turn|8\n|\n|t:|1681868261\n|move|p1b: Peaceful Moon|Acrobatics|p2a: Flutter Mane\n|-end|p2a: Flutter Mane|Substitute\n|move|p2a: Flutter Mane|Shadow Ball|p1a: \"Incineroar\"\n|-damage|p1a: \"Incineroar\"|58\/100\n|move|p1a: \"Incineroar\"|Flare Blitz|p2a: Flutter Mane\n|-damage|p2a: Flutter Mane|0 fnt\n|faint|p2a: Flutter Mane\n|-end|p2a: Flutter Mane|Protosynthesis|[silent]\n|-damage|p1a: \"Incineroar\"|40\/100|[from] Recoil\n|\n|win|JayVGC YT\n|c|\u2606CaptainEricVGC|gg\n|c|\u2606JayVGC YT|gg\n","uploadtime":1681868637,"views":16,"p1id":"jayvgcyt","p2id":"captainericvgc","formatid":"gen9vgc2023regulationc","rating":0,"private":0,"password":""}