{"id":"gen9vgc2023regulationc-1857374531","p1":"XJ09","p2":"Bhaveesh2003","format":"[Gen 9] VGC 2023 Regulation C","log":"|j|\u2606XJ09\n|j|\u2606Bhaveesh2003\n|t:|1683182511\n|gametype|doubles\n|player|p1|XJ09|cynthia|1272\n|player|p2|Bhaveesh2003|2|1176\n|teamsize|p1|6\n|teamsize|p2|6\n|gen|9\n|tier|[Gen 9] VGC 2023 Regulation C\n|rated|\n|rule|Species Clause: Limit one of each Pok\u00e9mon\n|rule|Item Clause: Limit one of each item\n|clearpoke\n|poke|p1|Roaring Moon, L50|\n|poke|p1|Garganacl, L50, F|\n|poke|p1|Ting-Lu, L50|\n|poke|p1|Gyarados, L50, M|\n|poke|p1|Annihilape, L50, M|\n|poke|p1|Grimmsnarl, L50, M|\n|poke|p2|Murkrow, L50, F|\n|poke|p2|Maushold-Four, L50|\n|poke|p2|Palafin, L50, M|\n|poke|p2|Gholdengo, L50|\n|poke|p2|Iron Valiant, L50|\n|poke|p2|Garchomp, L50, M|\n|teampreview|4\n|\n|t:|1683182549\n|start\n|switch|p1a: Grimmsnarl|Grimmsnarl, L50, M|100\/100\n|switch|p1b: Annihilape|Annihilape, L50, M|100\/100\n|switch|p2a: Murkrow|Murkrow, L50, F|100\/100\n|switch|p2b: Palafin|Palafin, L50, M|100\/100\n|turn|1\n|\n|t:|1683182568\n|detailschange|p2b: Palafin|Palafin-Hero, L50, M\n|switch|p2b: Garchomp|Garchomp, L50, M|100\/100\n|move|p2a: Murkrow|Tailwind|p2a: Murkrow\n|-sidestart|p2: Bhaveesh2003|move: Tailwind\n|move|p1a: Grimmsnarl|Parting Shot|p2b: Garchomp\n|-unboost|p2b: Garchomp|atk|1\n|-unboost|p2b: Garchomp|spa|1\n|\n|t:|1683182578\n|switch|p1a: Gyarados|Gyarados, L50, M|100\/100|[from] Parting Shot\n|-ability|p1a: Gyarados|Intimidate|boost\n|-unboost|p2a: Murkrow|atk|1\n|-unboost|p2b: Garchomp|atk|1\n|move|p1b: Annihilape|Bulk Up|p1b: Annihilape\n|-boost|p1b: Annihilape|atk|1\n|-boost|p1b: Annihilape|def|1\n|\n|upkeep\n|turn|2\n|\n|t:|1683182604\n|move|p2b: Garchomp|Protect|p2b: Garchomp\n|-singleturn|p2b: Garchomp|Protect\n|move|p2a: Murkrow|Taunt|p1a: Gyarados\n|-start|p1a: Gyarados|move: Taunt\n|move|p1a: Gyarados|Ice Fang|p2a: Murkrow\n|-supereffective|p2a: Murkrow\n|-damage|p2a: Murkrow|17\/100\n|move|p1b: Annihilape|Drain Punch|p2a: Murkrow\n|-damage|p2a: Murkrow|0 fnt\n|faint|p2a: Murkrow\n|\n|upkeep\n|\n|t:|1683182620\n|switch|p2a: Iron Valiant|Iron Valiant, L50|100\/100\n|turn|3\n|\n|t:|1683182632\n|-terastallize|p2b: Garchomp|Fire\n|-terastallize|p1b: Annihilape|Grass\n|move|p2a: Iron Valiant|Dazzling Gleam|p1b: Annihilape|[spread] p1a,p1b\n|-damage|p1a: Gyarados|65\/100\n|-damage|p1b: Annihilape|78\/100\n|-damage|p2a: Iron Valiant|90\/100|[from] item: Life Orb\n|move|p2b: Garchomp|Swords Dance|p2b: Garchomp\n|-boost|p2b: Garchomp|atk|2\n|move|p1a: Gyarados|Ice Fang|p2b: Garchomp\n|-resisted|p2b: Garchomp\n|-damage|p2b: Garchomp|90\/100\n|-damage|p1a: Gyarados|53\/100|[from] ability: Rough Skin|[of] p2b: Garchomp\n|move|p1b: Annihilape|Bulk Up|p1b: Annihilape\n|-boost|p1b: Annihilape|atk|1\n|-boost|p1b: Annihilape|def|1\n|\n|upkeep\n|turn|4\n|\n|t:|1683182664\n|switch|p1a: Garganacl|Garganacl, L50, F|100\/100\n|move|p2a: Iron Valiant|Spirit Break|p1a: Garganacl\n|-damage|p1a: Garganacl|70\/100\n|-unboost|p1a: Garganacl|spa|1\n|-damage|p2a: Iron Valiant|80\/100|[from] item: Life Orb\n|move|p2b: Garchomp|Swords Dance|p2b: Garchomp\n|-boost|p2b: Garchomp|atk|2\n|move|p1b: Annihilape|Drain Punch|p2b: Garchomp\n|-damage|p2b: Garchomp|29\/100\n|-heal|p1b: Annihilape|100\/100|[from] drain|[of] p2b: Garchomp\n|-damage|p1b: Annihilape|88\/100|[from] ability: Rough Skin|[of] p2b: Garchomp\n|-enditem|p2b: Garchomp|Sitrus Berry|[eat]\n|-heal|p2b: Garchomp|53\/100|[from] item: Sitrus Berry\n|\n|-heal|p1a: Garganacl|75\/100|[from] item: Leftovers\n|-sideend|p2: Bhaveesh2003|move: Tailwind\n|upkeep\n|turn|5\n|\n|t:|1683182694\n|switch|p1a: Gyarados|Gyarados, L50, M|53\/100\n|-ability|p1a: Gyarados|Intimidate|boost\n|-unboost|p2a: Iron Valiant|atk|1\n|-unboost|p2b: Garchomp|atk|1\n|move|p2a: Iron Valiant|Close Combat|p1b: Annihilape\n|-damage|p1b: Annihilape|55\/100\n|-unboost|p2a: Iron Valiant|def|1\n|-unboost|p2a: Iron Valiant|spd|1\n|-damage|p2a: Iron Valiant|70\/100|[from] item: Life Orb\n|move|p2b: Garchomp|Dragon Claw|p1b: Annihilape\n|-damage|p1b: Annihilape|19\/100\n|-enditem|p1b: Annihilape|Sitrus Berry|[eat]\n|-heal|p1b: Annihilape|44\/100|[from] item: Sitrus Berry\n|move|p1b: Annihilape|Drain Punch|p2b: Garchomp\n|-damage|p2b: Garchomp|0 fnt\n|-heal|p1b: Annihilape|69\/100|[from] drain|[of] p2b: Garchomp\n|-damage|p1b: Annihilape|57\/100|[from] ability: Rough Skin|[of] p2b: Garchomp\n|faint|p2b: Garchomp\n|\n|upkeep\n|\n|t:|1683182711\n|switch|p2b: Palafin|Palafin-Hero, L50, M|100\/100\n|-activate|p2b: Palafin|ability: Zero to Hero\n|turn|6\n|\n|t:|1683182733\n|switch|p1a: Grimmsnarl|Grimmsnarl, L50, M|100\/100\n|move|p1b: Annihilape|Protect|p1b: Annihilape\n|-singleturn|p1b: Annihilape|Protect\n|move|p2a: Iron Valiant|Close Combat|p1b: Annihilape\n|-activate|p1b: Annihilape|move: Protect\n|move|p2b: Palafin|Wave Crash|p1a: Grimmsnarl\n|-damage|p1a: Grimmsnarl|29\/100\n|-damage|p2b: Palafin|77\/100|[from] Recoil\n|\n|upkeep\n|turn|7\n|\n|t:|1683182753\n|move|p2b: Palafin|Jet Punch|p1a: Grimmsnarl\n|-damage|p1a: Grimmsnarl|0 fnt\n|faint|p1a: Grimmsnarl\n|move|p2a: Iron Valiant|Close Combat|p1b: Annihilape\n|-damage|p1b: Annihilape|28\/100\n|-unboost|p2a: Iron Valiant|def|1\n|-unboost|p2a: Iron Valiant|spd|1\n|-damage|p2a: Iron Valiant|60\/100|[from] item: Life Orb\n|move|p1b: Annihilape|Drain Punch|p2b: Palafin\n|-damage|p2b: Palafin|14\/100\n|-heal|p1b: Annihilape|59\/100|[from] drain|[of] p2b: Palafin\n|\n|upkeep\n|\n|t:|1683182767\n|switch|p1a: Gyarados|Gyarados, L50, M|53\/100\n|-ability|p1a: Gyarados|Intimidate|boost\n|-unboost|p2a: Iron Valiant|atk|1\n|-unboost|p2b: Palafin|atk|1\n|turn|8\n|-message|Bhaveesh2003 forfeited.\n|\n|win|XJ09\n|raw|XJ09's rating: 1272 → 1290<\/strong> (+18 for winning)\n|raw|Bhaveesh2003's rating: 1176 → 1158<\/strong> (-18 for losing)\n|l|\u2606Bhaveesh2003\n","uploadtime":1683182781,"views":5,"p1id":"xj09","p2id":"bhaveesh2003","formatid":"gen9vgc2023regulationc","rating":1158,"private":0,"password":""}