{"id":"gen9vgc2023regulationc-1861960525","p1":"kookui","p2":"Mortipherus","format":"[Gen 9] VGC 2023 Regulation C","log":"|j|\u2606kookui\n|j|\u2606Mortipherus\n|t:|1683824301\n|gametype|doubles\n|player|p1|kookui|2|1021\n|player|p2|Mortipherus|hooligans|1069\n|teamsize|p1|6\n|teamsize|p2|6\n|gen|9\n|tier|[Gen 9] VGC 2023 Regulation C\n|rated|\n|rule|Species Clause: Limit one of each Pok\u00e9mon\n|rule|Item Clause: Limit one of each item\n|clearpoke\n|poke|p1|Azumarill, L50, F|\n|poke|p1|Flutter Mane, L50|\n|poke|p1|Scream Tail, L50|\n|poke|p1|Baxcalibur, L50, F|\n|poke|p1|Gengar, L50, M|\n|poke|p1|Hydreigon, L50, M|\n|poke|p2|Dragapult, L50, M|\n|poke|p2|Chien-Pao, L50|\n|poke|p2|Arcanine, L50, M|\n|poke|p2|Amoonguss, L50, F|\n|poke|p2|Gyarados, L50, M|\n|poke|p2|Flutter Mane, L50|\n|teampreview|4\n|\n|t:|1683824326\n|start\n|switch|p1a: Scream Tail|Scream Tail, L50|100\/100\n|switch|p1b: Gengar|Gengar, L50, M|100\/100\n|switch|p2a: Flutter Mane|Flutter Mane, L50|100\/100\n|switch|p2b: Arcanine|Arcanine, L50, M|100\/100\n|-ability|p2b: Arcanine|Intimidate|boost\n|-unboost|p1a: Scream Tail|atk|1\n|-unboost|p1b: Gengar|atk|1\n|-enditem|p2a: Flutter Mane|Booster Energy\n|-activate|p2a: Flutter Mane|ability: Protosynthesis|[fromitem]\n|-start|p2a: Flutter Mane|protosynthesisspa\n|-enditem|p1a: Scream Tail|Booster Energy\n|-activate|p1a: Scream Tail|ability: Protosynthesis|[fromitem]\n|-start|p1a: Scream Tail|protosynthesisspe\n|turn|1\n|inactive|Battle timer is ON: inactive players will automatically lose when time's up. (requested by Mortipherus)\n|\n|t:|1683824349\n|move|p1a: Scream Tail|Thunder Wave|p2a: Flutter Mane\n|-status|p2a: Flutter Mane|par\n|move|p1b: Gengar|Thunder Wave|p2b: Arcanine\n|-status|p2b: Arcanine|par\n|move|p2a: Flutter Mane|Shadow Ball|p1b: Gengar\n|-supereffective|p1b: Gengar\n|-crit|p1b: Gengar\n|-enditem|p1b: Gengar|Focus Sash\n|-damage|p1b: Gengar|1\/100\n|-unboost|p1b: Gengar|spd|1\n|move|p2b: Arcanine|Will-O-Wisp|p1a: Scream Tail\n|-status|p1a: Scream Tail|brn\n|\n|-damage|p1a: Scream Tail|95\/100 brn|[from] brn\n|upkeep\n|turn|2\n|inactive|kookui has 30 seconds left.\n|inactive|Mortipherus has 30 seconds left.\n|\n|t:|1683824376\n|switch|p1b: Baxcalibur|Baxcalibur, L50, F|100\/100\n|move|p1a: Scream Tail|Encore|p2b: Arcanine\n|-start|p2b: Arcanine|Encore\n|move|p2a: Flutter Mane|Dazzling Gleam|p1b: Baxcalibur|[spread] p1a,p1b\n|-supereffective|p1b: Baxcalibur\n|-damage|p1a: Scream Tail|64\/100 brn\n|-damage|p1b: Baxcalibur|21\/100\n|move|p2b: Arcanine|Will-O-Wisp|p1a: Scream Tail\n|-fail|p1a: Scream Tail|brn\n|\n|-damage|p1a: Scream Tail|58\/100 brn|[from] brn\n|upkeep\n|turn|3\n|\n|t:|1683824396\n|switch|p2b: Gyarados|Gyarados, L50, M|100\/100\n|-ability|p2b: Gyarados|Intimidate|boost\n|-unboost|p1a: Scream Tail|atk|1\n|-unboost|p1b: Baxcalibur|atk|1\n|move|p1a: Scream Tail|Disable||[still]\n|-fail|p1a: Scream Tail\n|move|p1b: Baxcalibur|Icicle Spear|p2a: Flutter Mane\n|-damage|p2a: Flutter Mane|82\/100 par\n|-damage|p2a: Flutter Mane|61\/100 par\n|-damage|p2a: Flutter Mane|42\/100 par\n|-damage|p2a: Flutter Mane|20\/100 par\n|-hitcount|p2a: Flutter Mane|4\n|move|p2a: Flutter Mane|Dazzling Gleam|p1a: Scream Tail|[spread] p1a,p1b\n|-supereffective|p1b: Baxcalibur\n|-damage|p1a: Scream Tail|31\/100 brn\n|-damage|p1b: Baxcalibur|0 fnt\n|faint|p1b: Baxcalibur\n|\n|-damage|p1a: Scream Tail|25\/100 brn|[from] brn\n|upkeep\n|\n|t:|1683824416\n|switch|p1b: Flutter Mane|Flutter Mane, L50|100\/100\n|turn|4\n|\n|t:|1683824423\n|-terastallize|p1b: Flutter Mane|Fairy\n|move|p2a: Flutter Mane|Protect|p2a: Flutter Mane\n|-singleturn|p2a: Flutter Mane|Protect\n|move|p1a: Scream Tail|Thunder Wave|p2b: Gyarados\n|-status|p2b: Gyarados|par\n|move|p1b: Flutter Mane|Dazzling Gleam|p2b: Gyarados|[spread] p2b\n|-activate|p2a: Flutter Mane|move: Protect\n|-damage|p2b: Gyarados|55\/100 par\n|move|p2b: Gyarados|Thunder Wave|p1b: Flutter Mane|[miss]\n|-miss|p2b: Gyarados|p1b: Flutter Mane\n|\n|-damage|p1a: Scream Tail|19\/100 brn|[from] brn\n|upkeep\n|turn|5\n|inactive|Mortipherus has 30 seconds left.\n|inactive|kookui has 30 seconds left.\n|\n|t:|1683824453\n|-end|p1b: Flutter Mane|Protosynthesis|[silent]\n|switch|p1b: Gengar|Gengar, L50, M|1\/100\n|move|p1a: Scream Tail|Encore|p2a: Flutter Mane\n|-start|p2a: Flutter Mane|Encore\n|move|p2a: Flutter Mane|Protect|p2a: Flutter Mane\n|-singleturn|p2a: Flutter Mane|Protect\n|cant|p2b: Gyarados|par\n|\n|-damage|p1a: Scream Tail|13\/100 brn|[from] brn\n|upkeep\n|turn|6\n|\n|t:|1683824469\n|-end|p2a: Flutter Mane|Protosynthesis|[silent]\n|switch|p2a: Arcanine|Arcanine, L50, M|100\/100 par\n|-ability|p2a: Arcanine|Intimidate|boost\n|-unboost|p1a: Scream Tail|atk|1\n|-unboost|p1b: Gengar|atk|1\n|move|p1a: Scream Tail|Disable||[still]\n|-fail|p1a: Scream Tail\n|move|p1b: Gengar|Sludge Bomb|p2b: Gyarados\n|-crit|p2b: Gyarados\n|-damage|p2b: Gyarados|5\/100 par\n|-enditem|p2b: Gyarados|Sitrus Berry|[eat]\n|-heal|p2b: Gyarados|30\/100 par|[from] item: Sitrus Berry\n|move|p2b: Gyarados|Waterfall|p1a: Scream Tail\n|-damage|p1a: Scream Tail|0 fnt\n|faint|p1a: Scream Tail\n|-end|p1a: Scream Tail|Protosynthesis|[silent]\n|\n|upkeep\n|\n|t:|1683824486\n|switch|p1a: Flutter Mane|Flutter Mane, L50, tera:Fairy|100\/100\n|turn|7\n|\n|t:|1683824495\n|move|p1a: Flutter Mane|Shadow Ball|p2a: Arcanine\n|-damage|p2a: Arcanine|37\/100 par\n|-unboost|p2a: Arcanine|spd|1\n|move|p1b: Gengar|Sludge Bomb|p2b: Gyarados\n|-damage|p2b: Gyarados|0 fnt\n|faint|p2b: Gyarados\n|cant|p2a: Arcanine|par\n|\n|upkeep\n|\n|t:|1683824508\n|switch|p2b: Flutter Mane|Flutter Mane, L50|20\/100 par\n|turn|8\n|\n|t:|1683824522\n|move|p1a: Flutter Mane|Shadow Ball|p2b: Flutter Mane\n|-supereffective|p2b: Flutter Mane\n|-damage|p2b: Flutter Mane|0 fnt\n|faint|p2b: Flutter Mane\n|-end|p2b: Flutter Mane|Protosynthesis|[silent]\n|move|p1b: Gengar|Sludge Bomb|p2a: Arcanine\n|-damage|p2a: Arcanine|0 fnt\n|faint|p2a: Arcanine\n|\n|upkeep\n|\n|t:|1683824533\n|switch|p2a: Dragapult|Dragapult, L50, M|100\/100\n|turn|9\n|\n|t:|1683824542\n|-terastallize|p2a: Dragapult|Fairy\n|move|p2a: Dragapult|Phantom Force||[still]\n|-prepare|p2a: Dragapult|Phantom Force\n|move|p1a: Flutter Mane|Shadow Ball|p2a: Dragapult|[miss]\n|-miss|p1a: Flutter Mane|p2a: Dragapult\n|move|p1b: Gengar|Thunder Wave|p2a: Dragapult|[miss]\n|-miss|p1b: Gengar|p2a: Dragapult\n|\n|upkeep\n|turn|10\n|\n|t:|1683824556\n|move|p2a: Dragapult|Phantom Force|p1a: Flutter Mane|[from]lockedmove\n|-damage|p1a: Flutter Mane|0 fnt\n|faint|p1a: Flutter Mane\n|-end|p1a: Flutter Mane|Protosynthesis|[silent]\n|move|p1b: Gengar|Thunder Wave|p2a: Dragapult\n|-status|p2a: Dragapult|par\n|-enditem|p2a: Dragapult|Lum Berry|[eat]\n|-curestatus|p2a: Dragapult|par|[msg]\n|\n|upkeep\n|turn|11\n|\n|t:|1683824571\n|move|p2a: Dragapult|Dragon Darts|p1b: Gengar\n|-damage|p1b: Gengar|0 fnt\n|faint|p1b: Gengar\n|\n|win|Mortipherus\n|raw|kookui's rating: 1021 → 1010<\/strong> (-11 for losing)\n|raw|Mortipherus's rating: 1069 → 1095<\/strong> (+26 for winning)\n|l|\u2606kookui\n","uploadtime":1683824607,"views":11,"p1id":"kookui","p2id":"mortipherus","formatid":"gen9vgc2023regulationc","rating":1010,"private":0,"password":""}