{"id":"gen9vgc2023regulationc-1849142810","p1":"Terry kloak","p2":"Maxman101100","format":"[Gen 9] VGC 2023 Regulation C","log":"|j|\u2606Terry kloak\n|j|\u2606Maxman101100\n|t:|1682163261\n|gametype|doubles\n|player|p1|Terry kloak|gentleman-gen4|1593\n|player|p2|Maxman101100|iris-gen5bw2|1733\n|teamsize|p1|6\n|teamsize|p2|6\n|gen|9\n|tier|[Gen 9] VGC 2023 Regulation C\n|rated|\n|rule|Species Clause: Limit one of each Pok\u00e9mon\n|rule|Item Clause: Limit one of each item\n|clearpoke\n|poke|p1|Ceruledge, L50, F|\n|poke|p1|Orthworm, L50, M|\n|poke|p1|Ting-Lu, L50|\n|poke|p1|Dragonite, L50, F|\n|poke|p1|Iron Bundle, L50|\n|poke|p1|Grimmsnarl, L50, M|\n|poke|p2|Annihilape, L50, F|\n|poke|p2|Maushold, L50|\n|poke|p2|Baxcalibur, L50, M|\n|poke|p2|Ting-Lu, L50|\n|poke|p2|Flutter Mane, L50|\n|poke|p2|Talonflame, L50, M|\n|teampreview|4\n|j| Flame180\n|\n|t:|1682163294\n|start\n|switch|p1a: Dragonite|Dragonite, L50, F|100\/100\n|switch|p1b: Iron Bundle|Iron Bundle, L50|100\/100\n|switch|p2a: Nameless|Annihilape, L50, F, shiny|100\/100\n|switch|p2b: Maus Zedong|Maushold, L50|100\/100\n|-enditem|p1b: Iron Bundle|Booster Energy\n|-activate|p1b: Iron Bundle|ability: Quark Drive|[fromitem]\n|-start|p1b: Iron Bundle|quarkdrivespe\n|turn|1\n|\n|t:|1682163313\n|move|p2a: Nameless|Protect|p2a: Nameless\n|-singleturn|p2a: Nameless|Protect\n|move|p2b: Maus Zedong|Feint|p1a: Dragonite\n|-damage|p1a: Dragonite|95\/100\n|move|p1b: Iron Bundle|Freeze-Dry|p2b: Maus Zedong\n|-damage|p2b: Maus Zedong|57\/100\n|move|p1a: Dragonite|Dragon Dance|p1a: Dragonite\n|-boost|p1a: Dragonite|atk|1\n|-boost|p1a: Dragonite|spe|1\n|\n|upkeep\n|turn|2\n|\n|t:|1682163336\n|-terastallize|p1a: Dragonite|Flying\n|move|p2b: Maus Zedong|Follow Me|p2b: Maus Zedong\n|-singleturn|p2b: Maus Zedong|move: Follow Me\n|move|p1b: Iron Bundle|Encore|p2b: Maus Zedong\n|-start|p2b: Maus Zedong|Encore\n|move|p1a: Dragonite|Tera Blast|p2b: Maus Zedong\n|-damage|p2b: Maus Zedong|0 fnt\n|faint|p2b: Maus Zedong\n|move|p2a: Nameless|Drain Punch|p1b: Iron Bundle\n|-supereffective|p1b: Iron Bundle\n|-damage|p1b: Iron Bundle|21\/100\n|\n|upkeep\n|\n|t:|1682163344\n|switch|p2b: Snojira|Baxcalibur, L50, M, shiny|100\/100\n|turn|3\n|\n|t:|1682163367\n|move|p2b: Snojira|Protect|p2b: Snojira\n|-singleturn|p2b: Snojira|Protect\n|move|p1b: Iron Bundle|Freeze-Dry|p2b: Snojira\n|-activate|p2b: Snojira|move: Protect\n|move|p1a: Dragonite|Tera Blast|p2b: Snojira\n|-activate|p2b: Snojira|move: Protect\n|move|p2a: Nameless|Drain Punch|p1b: Iron Bundle\n|-supereffective|p1b: Iron Bundle\n|-damage|p1b: Iron Bundle|0 fnt\n|faint|p1b: Iron Bundle\n|-end|p1b: Iron Bundle|Quark Drive|[silent]\n|\n|upkeep\n|\n|t:|1682163383\n|switch|p1b: Orthworm|Orthworm, L50, M|100\/100\n|turn|4\n|\n|t:|1682163415\n|-terastallize|p2a: Nameless|Water\n|move|p1a: Dragonite|Protect|p1a: Dragonite\n|-singleturn|p1a: Dragonite|Protect\n|move|p2a: Nameless|Bulk Up|p2a: Nameless\n|-boost|p2a: Nameless|atk|1\n|-boost|p2a: Nameless|def|1\n|move|p2b: Snojira|Icicle Spear|p1a: Dragonite\n|-activate|p1a: Dragonite|move: Protect\n|move|p1b: Orthworm|Body Press|p2b: Snojira\n|-supereffective|p2b: Snojira\n|-damage|p2b: Snojira|49\/100\n|\n|upkeep\n|turn|5\n|\n|t:|1682163434\n|move|p2b: Snojira|Protect|p2b: Snojira\n|-singleturn|p2b: Snojira|Protect\n|move|p1a: Dragonite|Tera Blast|p2a: Nameless\n|-damage|p2a: Nameless|33\/100\n|-enditem|p2a: Nameless|Sitrus Berry|[eat]\n|-heal|p2a: Nameless|58\/100|[from] item: Sitrus Berry\n|move|p2a: Nameless|Bulk Up|p2a: Nameless\n|-boost|p2a: Nameless|atk|1\n|-boost|p2a: Nameless|def|1\n|move|p1b: Orthworm|Body Press|p2b: Snojira\n|-activate|p2b: Snojira|move: Protect\n|\n|upkeep\n|turn|6\n|\n|t:|1682163455\n|move|p1b: Orthworm|Protect|p1b: Orthworm\n|-singleturn|p1b: Orthworm|Protect\n|move|p1a: Dragonite|Tera Blast|p2b: Snojira\n|-damage|p2b: Snojira|0 fnt\n|faint|p2b: Snojira\n|move|p2a: Nameless|Drain Punch|p1b: Orthworm\n|-activate|p1b: Orthworm|move: Protect\n|\n|upkeep\n|\n|t:|1682163459\n|switch|p2b: Goomah|Flutter Mane, L50|100\/100\n|-enditem|p2b: Goomah|Booster Energy\n|-activate|p2b: Goomah|ability: Protosynthesis|[fromitem]\n|-start|p2b: Goomah|protosynthesisspa\n|turn|7\n|\n|t:|1682163479\n|switch|p1b: Ting-Lu|Ting-Lu, L50|100\/100\n|-ability|p1b: Ting-Lu|Vessel of Ruin\n|move|p2b: Goomah|Protect|p2b: Goomah\n|-singleturn|p2b: Goomah|Protect\n|move|p1a: Dragonite|Tera Blast|p2a: Nameless\n|-damage|p2a: Nameless|8\/100\n|move|p2a: Nameless|Drain Punch|p1b: Ting-Lu\n|-supereffective|p1b: Ting-Lu\n|-damage|p1b: Ting-Lu|19\/100\n|-heal|p2a: Nameless|59\/100|[from] drain|[of] p1b: Ting-Lu\n|\n|upkeep\n|turn|8\n|\n|t:|1682163497\n|move|p2b: Goomah|Protect|p2b: Goomah\n|-singleturn|p2b: Goomah|Protect\n|move|p1a: Dragonite|Tera Blast|p2a: Nameless\n|-damage|p2a: Nameless|9\/100\n|move|p2a: Nameless|Rage Fist|p1a: Dragonite\n|-damage|p1a: Dragonite|0 fnt\n|faint|p1a: Dragonite\n|move|p1b: Ting-Lu|Earthquake|p2a: Nameless|[spread] p2a\n|-activate|p2b: Goomah|move: Protect\n|-damage|p2a: Nameless|0 fnt\n|faint|p2a: Nameless\n|\n|upkeep\n|\n|t:|1682163511\n|switch|p1a: Orthworm|Orthworm, L50, M|100\/100\n|turn|9\n|\n|t:|1682163519\n|move|p2b: Goomah|Shadow Ball|p1a: Orthworm\n|-damage|p1a: Orthworm|46\/100\n|-enditem|p1a: Orthworm|Sitrus Berry|[eat]\n|-heal|p1a: Orthworm|70\/100|[from] item: Sitrus Berry\n|move|p1b: Ting-Lu|Earthquake|p2b: Goomah|[spread] p2b\n|-heal|p1a: Orthworm|95\/100|[from] ability: Earth Eater|[of] p1b: Ting-Lu\n|-damage|p2b: Goomah|49\/100\n|move|p1a: Orthworm|Iron Head|p2b: Goomah\n|-supereffective|p2b: Goomah\n|-damage|p2b: Goomah|0 fnt\n|faint|p2b: Goomah\n|-end|p2b: Goomah|Protosynthesis|[silent]\n|\n|win|Terry kloak\n|raw|Terry kloak's rating: 1593 → 1621<\/strong> (+28 for winning)\n|raw|Maxman101100's rating: 1733 → 1705<\/strong> (-28 for losing)\n|l|\u2606Maxman101100\n","uploadtime":1682163542,"views":12,"p1id":"terrykloak","p2id":"maxman101100","formatid":"gen9vgc2023regulationc","rating":1621,"private":0,"password":""}