{"id":"gen9vgc2023regulationc-1855133603","p1":"ScalonetaPibe","p2":"Alphonse_gg","format":"[Gen 9] VGC 2023 Regulation C","log":"|j|\u2606ScalonetaPibe\n|j|\u2606Alphonse_gg\n|t:|1682905360\n|gametype|doubles\n|player|p1|ScalonetaPibe|pokemaniac|\n|player|p2|Alphonse_gg|crasherwake|\n|teamsize|p1|6\n|teamsize|p2|6\n|gen|9\n|tier|[Gen 9] VGC 2023 Regulation C\n|rule|Species Clause: Limit one of each Pok\u00e9mon\n|rule|Item Clause: Limit one of each item\n|clearpoke\n|poke|p1|Torkoal, L50, M|\n|poke|p1|Great Tusk, L50|\n|poke|p1|Raichu, L50, M|\n|poke|p1|Annihilape, L50, F|\n|poke|p1|Rotom-Mow, L50|\n|poke|p1|Dragonite, L50, M|\n|poke|p2|Torkoal, L50, F|\n|poke|p2|Garchomp, L50, F|\n|poke|p2|Rotom-Wash, L50|\n|poke|p2|Goodra, L50, M|\n|poke|p2|Tauros-Paldea-Blaze, L50, M|\n|poke|p2|Staraptor, L50, M|\n|teampreview|4\n|j| joscake\n|c|\u2606Alphonse_gg|ela nterior lo cancelamos?\n|c|\u2606ScalonetaPibe|Si\n|j| buenocomoeloro\n|\n|t:|1682905421\n|start\n|switch|p1a: Dragonite|Dragonite, L50, M|100\/100\n|switch|p1b: Raichu|Raichu, L50, M|100\/100\n|switch|p2a: Torkoal|Torkoal, L50, F|100\/100\n|switch|p2b: Goodra|Goodra, L50, M|100\/100\n|-weather|SunnyDay|[from] ability: Drought|[of] p2a: Torkoal\n|turn|1\n|c| buenocomoeloro|HOLI\n|c| buenocomoeloro|go\n|\n|t:|1682905478\n|switch|p2b: Tauros|Tauros-Paldea-Blaze, L50, M|100\/100\n|-ability|p2b: Tauros|Intimidate|boost\n|-fail|p1a: Dragonite|unboost|Attack|[from] ability: Inner Focus|[of] p1a: Dragonite\n|-unboost|p1b: Raichu|atk|1\n|move|p1b: Raichu|Fake Out|p2b: Tauros\n|-damage|p2b: Tauros|91\/100\n|move|p1a: Dragonite|Dragon Dance|p1a: Dragonite\n|-boost|p1a: Dragonite|atk|1\n|-boost|p1a: Dragonite|spe|1\n|move|p2a: Torkoal|Heat Wave|p1b: Raichu|[spread] p1a,p1b\n|-resisted|p1a: Dragonite\n|-damage|p1a: Dragonite|70\/100\n|-damage|p1b: Raichu|9\/100\n|\n|-weather|SunnyDay|[upkeep]\n|-heal|p2b: Tauros|97\/100|[from] item: Leftovers\n|upkeep\n|turn|2\n|\n|t:|1682905527\n|-terastallize|p1a: Dragonite|Flying\n|move|p1a: Dragonite|Tera Blast|p2b: Tauros\n|-supereffective|p2b: Tauros\n|-damage|p2b: Tauros|0 fnt\n|faint|p2b: Tauros\n|move|p1b: Raichu|Eerie Impulse|p2a: Torkoal\n|-unboost|p2a: Torkoal|spa|2\n|move|p2a: Torkoal|Heat Wave|p1a: Dragonite|[spread] p1a,p1b\n|-damage|p1a: Dragonite|39\/100\n|-damage|p1b: Raichu|0 fnt\n|faint|p1b: Raichu\n|\n|-weather|SunnyDay|[upkeep]\n|upkeep\n|\n|t:|1682905556\n|switch|p1b: The real counter|Annihilape, L50, F|100\/100\n|switch|p2b: Garchomp|Garchomp, L50, F|100\/100\n|turn|3\n|\n|t:|1682905587\n|switch|p2a: Goodra|Goodra, L50, M|100\/100\n|move|p1a: Dragonite|Extreme Speed|p2b: Garchomp\n|-damage|p2b: Garchomp|61\/100\n|-damage|p1a: Dragonite|27\/100|[from] ability: Rough Skin|[of] p2b: Garchomp\n|move|p2b: Garchomp|Rock Slide|p1a: Dragonite|[spread] p1a,p1b\n|-supereffective|p1a: Dragonite\n|-resisted|p1b: The real counter\n|-crit|p1b: The real counter\n|-damage|p1a: Dragonite|0 fnt\n|-damage|p1b: The real counter|84\/100\n|faint|p1a: Dragonite\n|cant|p1b: The real counter|flinch\n|\n|-weather|SunnyDay|[upkeep]\n|-heal|p1b: The real counter|90\/100|[from] item: Leftovers\n|upkeep\n|\n|t:|1682905594\n|switch|p1a: Rotom|Rotom-Mow, L50|100\/100\n|turn|4\n|\n|t:|1682905668\n|-terastallize|p2a: Goodra|Fire\n|move|p2b: Garchomp|Rock Slide|p1b: The real counter|[spread] p1a,p1b\n|-resisted|p1b: The real counter\n|-damage|p1a: Rotom|79\/100\n|-damage|p1b: The real counter|79\/100\n|cant|p1b: The real counter|flinch\n|cant|p1a: Rotom|flinch\n|move|p2a: Goodra|Flamethrower|p1b: The real counter\n|-damage|p1b: The real counter|36\/100\n|\n|-weather|SunnyDay|[upkeep]\n|-heal|p1b: The real counter|42\/100|[from] item: Leftovers\n|upkeep\n|turn|5\n|\n|t:|1682905686\n|move|p2b: Garchomp|Rock Slide|p1a: Rotom|[spread] p1a,p1b\n|-resisted|p1b: The real counter\n|-damage|p1a: Rotom|56\/100\n|-damage|p1b: The real counter|32\/100\n|move|p1b: The real counter|Rage Fist|p2a: Goodra\n|-damage|p2a: Goodra|0 fnt\n|-ability|p2a: Goodra|Gooey\n|-unboost|p1b: The real counter|spe|1\n|-ability|p1b: The real counter|Defiant|boost\n|-boost|p1b: The real counter|atk|2\n|faint|p2a: Goodra\n|cant|p1a: Rotom|flinch\n|\n|-weather|none\n|-heal|p1b: The real counter|38\/100|[from] item: Leftovers\n|upkeep\n|\n|t:|1682905699\n|switch|p2a: Torkoal|Torkoal, L50, F|100\/100\n|-weather|SunnyDay|[from] ability: Drought|[of] p2a: Torkoal\n|turn|6\n|\n|t:|1682905710\n|move|p1b: The real counter|Protect|p1b: The real counter\n|-singleturn|p1b: The real counter|Protect\n|move|p2b: Garchomp|Rock Slide|p1b: The real counter|[spread] p1a\n|-activate|p1b: The real counter|move: Protect\n|-crit|p1a: Rotom\n|-damage|p1a: Rotom|25\/100\n|-enditem|p1a: Rotom|Sitrus Berry|[eat]\n|-heal|p1a: Rotom|50\/100|[from] item: Sitrus Berry\n|move|p1a: Rotom|Will-O-Wisp|p2b: Garchomp\n|-status|p2b: Garchomp|brn\n|move|p2a: Torkoal|Heat Wave|p1b: The real counter|[spread] p1a\n|-activate|p1b: The real counter|move: Protect\n|-supereffective|p1a: Rotom\n|-damage|p1a: Rotom|0 fnt\n|faint|p1a: Rotom\n|\n|-weather|SunnyDay|[upkeep]\n|-heal|p1b: The real counter|45\/100|[from] item: Leftovers\n|-damage|p2b: Garchomp|55\/100 brn|[from] brn\n|upkeep\n|turn|7\n|\n|t:|1682905734\n|move|p2b: Garchomp|Rock Slide|p1b: The real counter\n|-resisted|p1b: The real counter\n|-damage|p1b: The real counter|37\/100\n|move|p1b: The real counter|Rage Fist|p2a: Torkoal\n|-damage|p2a: Torkoal|0 fnt\n|faint|p2a: Torkoal\n|\n|-weather|SunnyDay|[upkeep]\n|-heal|p1b: The real counter|44\/100|[from] item: Leftovers\n|-damage|p2b: Garchomp|49\/100 brn|[from] brn\n|upkeep\n|turn|8\n|\n|t:|1682905749\n|move|p2b: Garchomp|Rock Slide|p1b: The real counter\n|-resisted|p1b: The real counter\n|-damage|p1b: The real counter|36\/100\n|move|p1b: The real counter|Rage Fist|p2b: Garchomp\n|-damage|p2b: Garchomp|0 fnt\n|-damage|p1b: The real counter|24\/100|[from] ability: Rough Skin|[of] p2b: Garchomp\n|faint|p2b: Garchomp\n|\n|win|ScalonetaPibe\n|c|\u2606Alphonse_gg|buena\n","uploadtime":1682905758,"views":17,"p1id":"scalonetapibe","p2id":"alphonsegg","formatid":"gen9vgc2023regulationc","rating":0,"private":0,"password":""}