{"id":"gen9vgc2023regulationc-1857798180","p1":"Asd4321","p2":"Tuxmux","format":"[Gen 9] VGC 2023 Regulation C","log":"|j|\u2606Asd4321\n|j|\u2606Tuxmux\n|t:|1683232844\n|gametype|doubles\n|player|p1|Asd4321|supernerd|1352\n|player|p2|Tuxmux|dawn-masters3|1272\n|teamsize|p1|6\n|teamsize|p2|6\n|gen|9\n|tier|[Gen 9] VGC 2023 Regulation C\n|rated|\n|rule|Species Clause: Limit one of each Pok\u00e9mon\n|rule|Item Clause: Limit one of each item\n|clearpoke\n|poke|p1|Chi-Yu, L50|\n|poke|p1|Flutter Mane, L50|\n|poke|p1|Great Tusk, L50|\n|poke|p1|Corviknight, L50, M|\n|poke|p1|Palafin, L50, F|\n|poke|p1|Amoonguss, L50, M|\n|poke|p2|Chi-Yu, L50|\n|poke|p2|Gastrodon, L50, M|\n|poke|p2|Gallade, L50, M|\n|poke|p2|Gholdengo, L50|\n|poke|p2|Talonflame, L50, F|\n|poke|p2|Vivillon, L50, F|\n|teampreview|4\n|\n|t:|1683232874\n|start\n|switch|p1a: Corviknight|Corviknight, L50, M|100\/100\n|switch|p1b: Palafin|Palafin, L50, F|100\/100\n|switch|p2a: Talonflame|Talonflame, L50, F|100\/100\n|switch|p2b: Vivillon|Vivillon, L50, F|100\/100\n|turn|1\n|\n|t:|1683232880\n|-terastallize|p1b: Palafin|Water\n|move|p2a: Talonflame|Protect|p2a: Talonflame\n|-singleturn|p2a: Talonflame|Protect\n|move|p1b: Palafin|Jet Punch|p2a: Talonflame\n|-activate|p2a: Talonflame|move: Protect\n|move|p2b: Vivillon|Sleep Powder|p1b: Palafin\n|-status|p1b: Palafin|slp|[from] move: Sleep Powder\n|move|p1a: Corviknight|Tailwind|p1a: Corviknight\n|-sidestart|p1: Asd4321|move: Tailwind\n|\n|upkeep\n|turn|2\n|\n|t:|1683232903\n|cant|p1b: Palafin|slp\n|move|p1a: Corviknight|Brave Bird|p2b: Vivillon\n|-supereffective|p2b: Vivillon\n|-enditem|p2b: Vivillon|Focus Sash\n|-damage|p2b: Vivillon|1\/100\n|-damage|p1a: Corviknight|76\/100|[from] Recoil\n|move|p2a: Talonflame|Tailwind|p2a: Talonflame\n|-sidestart|p2: Tuxmux|move: Tailwind\n|move|p2b: Vivillon|Sleep Powder|p1a: Corviknight\n|-status|p1a: Corviknight|slp|[from] move: Sleep Powder\n|\n|upkeep\n|turn|3\n|\n|t:|1683232918\n|-terastallize|p2a: Talonflame|Flying\n|move|p2a: Talonflame|Brave Bird|p1b: Palafin\n|-damage|p1b: Palafin|24\/100 slp\n|-damage|p2a: Talonflame|69\/100|[from] Recoil\n|move|p2b: Vivillon|Pollen Puff|p1b: Palafin\n|-damage|p1b: Palafin|0 fnt\n|faint|p1b: Palafin\n|cant|p1a: Corviknight|slp\n|\n|upkeep\n|\n|t:|1683232925\n|switch|p1b: Flutter Mane|Flutter Mane, L50|100\/100\n|turn|4\n|\n|t:|1683232952\n|move|p2b: Vivillon|Rage Powder|p2b: Vivillon\n|-singleturn|p2b: Vivillon|move: Rage Powder\n|move|p2a: Talonflame|Brave Bird|p1b: Flutter Mane\n|-damage|p1b: Flutter Mane|0 fnt\n|faint|p1b: Flutter Mane\n|-end|p1b: Flutter Mane|Protosynthesis|[silent]\n|-damage|p2a: Talonflame|39\/100|[from] Recoil\n|-curestatus|p1a: Corviknight|slp|[msg]\n|move|p1a: Corviknight|Brave Bird|p2b: Vivillon\n|-supereffective|p2b: Vivillon\n|-damage|p2b: Vivillon|0 fnt\n|faint|p2b: Vivillon\n|-damage|p1a: Corviknight|75\/100|[from] Recoil\n|\n|-sideend|p1: Asd4321|move: Tailwind\n|upkeep\n|\n|t:|1683232977\n|switch|p1b: Great Tusk|Great Tusk, L50|100\/100\n|switch|p2b: Chi-Yu|Chi-Yu, L50|100\/100\n|-ability|p2b: Chi-Yu|Beads of Ruin\n|turn|5\n|\n|t:|1683232986\n|move|p1b: Great Tusk|Protect|p1b: Great Tusk\n|-singleturn|p1b: Great Tusk|Protect\n|move|p2b: Chi-Yu|Dark Pulse|p1b: Great Tusk\n|-activate|p1b: Great Tusk|move: Protect\n|move|p2a: Talonflame|Flare Blitz|p1a: Corviknight\n|-supereffective|p1a: Corviknight\n|-damage|p1a: Corviknight|5\/100\n|-status|p1a: Corviknight|brn\n|-enditem|p1a: Corviknight|Sitrus Berry|[eat]\n|-heal|p1a: Corviknight|30\/100 brn|[from] item: Sitrus Berry\n|-damage|p2a: Talonflame|10\/100|[from] Recoil\n|move|p1a: Corviknight|Tailwind|p1a: Corviknight\n|-sidestart|p1: Asd4321|move: Tailwind\n|\n|-damage|p1a: Corviknight|24\/100 brn|[from] brn\n|-sideend|p2: Tuxmux|move: Tailwind\n|upkeep\n|turn|6\n|\n|t:|1683232999\n|move|p1b: Great Tusk|Headlong Rush|p2b: Chi-Yu\n|-supereffective|p2b: Chi-Yu\n|-damage|p2b: Chi-Yu|0 fnt\n|-unboost|p1b: Great Tusk|def|1\n|-unboost|p1b: Great Tusk|spd|1\n|faint|p2b: Chi-Yu\n|move|p1a: Corviknight|Brave Bird|p2a: Talonflame\n|-damage|p2a: Talonflame|0 fnt\n|faint|p2a: Talonflame\n|-damage|p1a: Corviknight|21\/100 brn|[from] Recoil\n|\n|-damage|p1a: Corviknight|16\/100 brn|[from] brn\n|upkeep\n|\n|t:|1683233009\n|switch|p2b: Gastrodon|Gastrodon, L50, M|100\/100\n|turn|7\n|\n|t:|1683233016\n|move|p1b: Great Tusk|Headlong Rush|p2b: Gastrodon\n|-damage|p2b: Gastrodon|33\/100\n|-unboost|p1b: Great Tusk|def|1\n|-unboost|p1b: Great Tusk|spd|1\n|move|p1a: Corviknight|Roost|p1a: Corviknight\n|-heal|p1a: Corviknight|66\/100 brn\n|-singleturn|p1a: Corviknight|move: Roost\n|move|p2b: Gastrodon|Ice Beam|p1b: Great Tusk\n|-supereffective|p1b: Great Tusk\n|-enditem|p1b: Great Tusk|Focus Sash\n|-damage|p1b: Great Tusk|1\/100\n|\n|-damage|p1a: Corviknight|60\/100 brn|[from] brn\n|upkeep\n|turn|8\n|\n|t:|1683233024\n|move|p1b: Great Tusk|Close Combat|p2b: Gastrodon\n|-damage|p2b: Gastrodon|0 fnt\n|-unboost|p1b: Great Tusk|def|1\n|-unboost|p1b: Great Tusk|spd|1\n|faint|p2b: Gastrodon\n|\n|win|Asd4321\n|raw|Asd4321's rating: 1352 → 1367<\/strong> (+15 for winning)\n|raw|Tuxmux's rating: 1272 → 1253<\/strong> (-19 for losing)\n|c|\u2606Asd4321|EZ\n|l|\u2606Tuxmux\n","uploadtime":1683233034,"views":4,"p1id":"asd4321","p2id":"tuxmux","formatid":"gen9vgc2023regulationc","rating":1253,"private":0,"password":""}