{"id":"gen9vgc2023regulationc-1847258869","p1":"Vidzsffs","p2":"Sadkeum","format":"[Gen 9] VGC 2023 Regulation C","log":"|j|\u2606Vidzsffs\n|j|\u2606Sadkeum\n|t:|1681932260\n|gametype|doubles\n|player|p1|Vidzsffs|silver|1060\n|player|p2|Sadkeum|102|1086\n|teamsize|p1|6\n|teamsize|p2|6\n|gen|9\n|tier|[Gen 9] VGC 2023 Regulation C\n|rated|\n|rule|Species Clause: Limit one of each Pok\u00e9mon\n|rule|Item Clause: Limit one of each item\n|clearpoke\n|poke|p1|Umbreon, L50, F|\n|poke|p1|Annihilape, L50, F|\n|poke|p1|Ting-Lu, L50|\n|poke|p1|Klefki, L50, F|\n|poke|p1|Arcanine, L50, F|\n|poke|p1|Maushold-Four, L50|\n|poke|p2|Maushold-Four, L50|\n|poke|p2|Roaring Moon, L50|\n|poke|p2|Arcanine, L50, M|\n|poke|p2|Meowscarada, L50, M|\n|poke|p2|Chien-Pao, L50|\n|poke|p2|Flutter Mane, L50|\n|teampreview|4\n|inactive|Battle timer is ON: inactive players will automatically lose when time's up. (requested by Vidzsffs)\n|\n|t:|1681932296\n|start\n|switch|p1a: Umbreon|Umbreon, L50, F, shiny|100\/100\n|switch|p1b: Klefki|Klefki, L50, F|100\/100\n|switch|p2a: Roaring Moon|Roaring Moon, L50|100\/100\n|switch|p2b: Meowscarada|Meowscarada, L50, M|100\/100\n|-enditem|p2a: Roaring Moon|Booster Energy\n|-activate|p2a: Roaring Moon|ability: Protosynthesis|[fromitem]\n|-start|p2a: Roaring Moon|protosynthesisspe\n|turn|1\n|inactive|Vidzsffs has 30 seconds left.\n|inactive|Sadkeum has 30 seconds left.\n|inactive|Vidzsffs has 20 seconds left.\n|\n|t:|1681932334\n|move|p1b: Klefki|Thunder Wave|p2b: Meowscarada\n|-hint|Since gen 7, Dark is immune to Prankster moves.\n|-immune|p2b: Meowscarada\n|move|p2a: Roaring Moon|Breaking Swipe|p1b: Klefki|[spread] p1a\n|-immune|p1b: Klefki\n|-damage|p1a: Umbreon|87\/100\n|-unboost|p1a: Umbreon|atk|1\n|move|p2b: Meowscarada|U-turn|p1a: Umbreon\n|-start|p2b: Meowscarada|typechange|Bug|[from] ability: Protean\n|-supereffective|p1a: Umbreon\n|-crit|p1a: Umbreon\n|-damage|p1a: Umbreon|2\/100\n|-enditem|p1a: Umbreon|Sitrus Berry|[eat]\n|-heal|p1a: Umbreon|27\/100|[from] item: Sitrus Berry\n|\n|t:|1681932353\n|switch|p2b: Chien-Pao|Chien-Pao, L50|100\/100|[from] U-turn\n|-ability|p2b: Chien-Pao|Sword of Ruin\n|move|p1a: Umbreon|Foul Play|p2a: Roaring Moon\n|-resisted|p2a: Roaring Moon\n|-damage|p2a: Roaring Moon|55\/100\n|\n|upkeep\n|turn|2\n|inactive|Sadkeum has 30 seconds left.\n|inactive|Sadkeum has 20 seconds left.\n|inactive|Sadkeum has 15 seconds left.\n|\n|t:|1681932396\n|move|p1b: Klefki|Reflect|p1b: Klefki\n|-sidestart|p1: Vidzsffs|Reflect\n|move|p2a: Roaring Moon|Acrobatics|p1a: Umbreon\n|-damage|p1a: Umbreon|6\/100\n|move|p2b: Chien-Pao|Sacred Sword|p1b: Klefki\n|-damage|p1b: Klefki|77\/100\n|move|p1a: Umbreon|Wish|p1a: Umbreon\n|\n|upkeep\n|turn|3\n|inactive|Vidzsffs has 30 seconds left.\n|inactive|Sadkeum has 30 seconds left.\n|inactive|Sadkeum has 20 seconds left.\n|\n|t:|1681932437\n|switch|p2b: Meowscarada|Meowscarada, L50, M|100\/100\n|move|p2a: Roaring Moon|Acrobatics|p1a: Umbreon\n|-damage|p1a: Umbreon|0 fnt\n|faint|p1a: Umbreon\n|move|p1b: Klefki|Play Rough|p2b: Meowscarada\n|-supereffective|p2b: Meowscarada\n|-damage|p2b: Meowscarada|24\/100\n|\n|upkeep\n|\n|t:|1681932451\n|switch|p1a: Arcanine|Arcanine, L50, F|100\/100\n|-ability|p1a: Arcanine|Intimidate|boost\n|-unboost|p2a: Roaring Moon|atk|1\n|-unboost|p2b: Meowscarada|atk|1\n|turn|4\n|\n|t:|1681932470\n|move|p1b: Klefki|Thunder Wave|p2b: Meowscarada\n|-hint|Since gen 7, Dark is immune to Prankster moves.\n|-immune|p2b: Meowscarada\n|move|p2a: Roaring Moon|Breaking Swipe|p1b: Klefki|[spread] p1a\n|-immune|p1b: Klefki\n|-damage|p1a: Arcanine|88\/100\n|-unboost|p1a: Arcanine|atk|1\n|move|p2b: Meowscarada|U-turn|p1a: Arcanine\n|-start|p2b: Meowscarada|typechange|Bug|[from] ability: Protean\n|-resisted|p1a: Arcanine\n|-damage|p1a: Arcanine|76\/100\n|\n|t:|1681932483\n|switch|p2b: Flutter Mane|Flutter Mane, L50|100\/100|[from] U-turn\n|move|p1a: Arcanine|Will-O-Wisp|p2a: Roaring Moon\n|-status|p2a: Roaring Moon|brn\n|\n|-damage|p2a: Roaring Moon|49\/100 brn|[from] brn\n|upkeep\n|turn|5\n|\n|t:|1681932503\n|-terastallize|p2b: Flutter Mane|Fire\n|move|p1a: Arcanine|Protect|p1a: Arcanine\n|-singleturn|p1a: Arcanine|Protect\n|move|p1b: Klefki|Thunder Wave|p2b: Flutter Mane\n|-status|p2b: Flutter Mane|par\n|move|p2a: Roaring Moon|Breaking Swipe|p1a: Arcanine|[spread] \n|-activate|p1a: Arcanine|move: Protect\n|-immune|p1b: Klefki\n|cant|p2b: Flutter Mane|par\n|\n|-damage|p2a: Roaring Moon|43\/100 brn|[from] brn\n|upkeep\n|turn|6\n|inactive|Vidzsffs has 30 seconds left.\n|inactive|Vidzsffs has 20 seconds left.\n|l|\u2606Vidzsffs\n|inactive|Vidzsffs disconnected and has a minute to reconnect!\n|player|p1|\n|inactive|Vidzsffs has 15 seconds left.\n|j|\u2606Vidzsffs\n|inactive|Vidzsffs reconnected and has 15 seconds left.\n|player|p1|Vidzsffs|silver\n|inactive|Vidzsffs has 10 seconds left.\n|inactive|Vidzsffs has 5 seconds left.\n|\n|t:|1681932558\n|move|p2a: Roaring Moon|Breaking Swipe|p1b: Klefki|[spread] p1a\n|-immune|p1b: Klefki\n|-damage|p1a: Arcanine|70\/100\n|-unboost|p1a: Arcanine|atk|1\n|move|p1a: Arcanine|Flare Blitz|p2b: Flutter Mane\n|-resisted|p2b: Flutter Mane\n|-damage|p2b: Flutter Mane|77\/100 par\n|-damage|p1a: Arcanine|65\/100|[from] Recoil\n|cant|p2b: Flutter Mane|par\n|move|p1b: Klefki|Play Rough|p2a: Roaring Moon\n|-supereffective|p2a: Roaring Moon\n|-damage|p2a: Roaring Moon|0 fnt\n|faint|p2a: Roaring Moon\n|-end|p2a: Roaring Moon|Protosynthesis|[silent]\n|\n|upkeep\n|\n|t:|1681932580\n|switch|p2a: Meowscarada|Meowscarada, L50, M|24\/100\n|turn|7\n|inactive|Vidzsffs has 30 seconds left.\n|\n|t:|1681932607\n|move|p2a: Meowscarada|Knock Off|p1a: Arcanine\n|-start|p2a: Meowscarada|typechange|Dark|[from] ability: Protean\n|-damage|p1a: Arcanine|15\/100\n|-enditem|p1a: Arcanine|Safety Goggles|[from] move: Knock Off|[of] p2a: Meowscarada\n|move|p1a: Arcanine|Will-O-Wisp|p2a: Meowscarada\n|-status|p2a: Meowscarada|brn\n|move|p2b: Flutter Mane|Mystical Fire|p1b: Klefki\n|-supereffective|p1b: Klefki\n|-damage|p1b: Klefki|0 fnt\n|faint|p1b: Klefki\n|\n|-damage|p2a: Meowscarada|18\/100 brn|[from] brn\n|upkeep\n|\n|t:|1681932623\n|switch|p1b: Annihilape|Annihilape, L50, F|100\/100\n|turn|8\n|inactive|Vidzsffs has 30 seconds left.\n|inactive|Vidzsffs has 20 seconds left.\n|\n|t:|1681932660\n|-end|p2b: Flutter Mane|Protosynthesis|[silent]\n|switch|p2b: Chien-Pao|Chien-Pao, L50|100\/100\n|-ability|p2b: Chien-Pao|Sword of Ruin\n|move|p2a: Meowscarada|Knock Off|p1a: Arcanine\n|-damage|p1a: Arcanine|0 fnt\n|faint|p1a: Arcanine\n|move|p1b: Annihilape|Rage Fist|p2b: Chien-Pao\n|-resisted|p2b: Chien-Pao\n|-damage|p2b: Chien-Pao|82\/100\n|\n|-damage|p2a: Meowscarada|12\/100 brn|[from] brn\n|upkeep\n|turn|9\n|\n|t:|1681932677\n|move|p2b: Chien-Pao|Sucker Punch||[still]\n|-fail|p2b: Chien-Pao\n|move|p2a: Meowscarada|Knock Off|p1b: Annihilape\n|-crit|p1b: Annihilape\n|-damage|p1b: Annihilape|33\/100\n|-enditem|p1b: Annihilape|Leftovers|[from] move: Knock Off|[of] p2a: Meowscarada\n|move|p1b: Annihilape|Bulk Up|p1b: Annihilape\n|-boost|p1b: Annihilape|atk|1\n|-boost|p1b: Annihilape|def|1\n|\n|-damage|p2a: Meowscarada|6\/100 brn|[from] brn\n|-sideend|p1: Vidzsffs|Reflect\n|upkeep\n|turn|10\n|\n|t:|1681932695\n|switch|p2a: Flutter Mane|Flutter Mane, L50, tera:Fire|77\/100 par\n|move|p1b: Annihilape|Protect|p1b: Annihilape\n|-singleturn|p1b: Annihilape|Protect\n|move|p2b: Chien-Pao|Sucker Punch||[still]\n|-fail|p2b: Chien-Pao\n|\n|upkeep\n|turn|11\n|\n|t:|1681932709\n|-terastallize|p1b: Annihilape|Fire\n|move|p2b: Chien-Pao|Sucker Punch|p1b: Annihilape\n|-damage|p1b: Annihilape|0 fnt\n|faint|p1b: Annihilape\n|\n|win|Sadkeum\n|raw|Vidzsffs's rating: 1060 → 1042<\/strong> (-18 for losing)\n|raw|Sadkeum's rating: 1086 → 1111<\/strong> (+25 for winning)\n","uploadtime":1681932718,"views":11,"p1id":"vidzsffs","p2id":"sadkeum","formatid":"gen9vgc2023regulationc","rating":1042,"private":0,"password":""}