{"id":"gen9vgc2023regulationc-1849305014","p1":"okFreaKVGC","p2":"MarioOnPS4","format":"[Gen 9] VGC 2023 Regulation C","log":"|j|\u2606okFreaKVGC\n|j|\u2606MarioOnPS4\n|t:|1682183867\n|gametype|doubles\n|player|p1|okFreaKVGC|266|1268\n|player|p2|MarioOnPS4|cyrus|1363\n|teamsize|p1|6\n|teamsize|p2|6\n|gen|9\n|tier|[Gen 9] VGC 2023 Regulation C\n|rated|\n|rule|Species Clause: Limit one of each Pok\u00e9mon\n|rule|Item Clause: Limit one of each item\n|clearpoke\n|poke|p1|Indeedee-F, L50, F|\n|poke|p1|Drifblim, L50, F|\n|poke|p1|Sylveon, L50, M|\n|poke|p1|Wo-Chien, L50|\n|poke|p1|Garchomp, L50, F|\n|poke|p1|Iron Bundle, L50|\n|poke|p2|Orthworm, L50, M|\n|poke|p2|Iron Hands, L50|\n|poke|p2|Flutter Mane, L50|\n|poke|p2|Ting-Lu, L50|\n|poke|p2|Palafin, L50, F|\n|poke|p2|Arcanine, L50, F|\n|teampreview|4\n|inactive|Battle timer is ON: inactive players will automatically lose when time's up. (requested by MarioOnPS4)\n|inactive|MarioOnPS4 has 60 seconds left.\n|\n|t:|1682183905\n|start\n|switch|p1a: Sylveon|Sylveon, L50, M|100\/100\n|switch|p1b: Indeedee|Indeedee-F, L50, F|100\/100\n|switch|p2a: Arcanine|Arcanine, L50, F|100\/100\n|switch|p2b: Ting-Lu|Ting-Lu, L50|100\/100\n|-ability|p2a: Arcanine|Intimidate|boost\n|-unboost|p1a: Sylveon|atk|1\n|-unboost|p1b: Indeedee|atk|1\n|-fieldstart|move: Psychic Terrain|[from] ability: Psychic Surge|[of] p1b: Indeedee\n|-ability|p2b: Ting-Lu|Vessel of Ruin\n|turn|1\n|inactive|okFreaKVGC has 30 seconds left.\n|\n|t:|1682183935\n|switch|p2a: Orthworm|Orthworm, L50, M|100\/100\n|switch|p1b: Drifblim|Drifblim, L50, F|100\/100\n|-enditem|p1b: Drifblim|Psychic Seed\n|-boost|p1b: Drifblim|spd|1|[from] item: Psychic Seed\n|move|p1a: Sylveon|Hyper Beam|p2b: Ting-Lu\n|-supereffective|p2b: Ting-Lu\n|-damage|p2b: Ting-Lu|0 fnt\n|-mustrecharge|p1a: Sylveon\n|faint|p2b: Ting-Lu\n|\n|upkeep\n|inactive|MarioOnPS4 has 30 seconds left.\n|\n|t:|1682183966\n|switch|p2b: Arcanine|Arcanine, L50, F|100\/100\n|-ability|p2b: Arcanine|Intimidate|boost\n|-unboost|p1a: Sylveon|atk|1\n|-unboost|p1b: Drifblim|atk|1\n|turn|2\n|inactive|MarioOnPS4 has 30 seconds left.\n|\n|t:|1682184000\n|move|p1b: Drifblim|Will-O-Wisp|p2a: Orthworm\n|-status|p2a: Orthworm|brn\n|move|p2b: Arcanine|Flare Blitz|p1a: Sylveon\n|-damage|p1a: Sylveon|40\/100\n|-damage|p2b: Arcanine|80\/100|[from] Recoil\n|move|p2a: Orthworm|Heavy Slam|p1a: Sylveon\n|-supereffective|p1a: Sylveon\n|-damage|p1a: Sylveon|0 fnt\n|faint|p1a: Sylveon\n|\n|-damage|p2a: Orthworm|94\/100 brn|[from] brn\n|upkeep\n|\n|t:|1682184012\n|switch|p1a: Indeedee|Indeedee-F, L50, F|100\/100\n|turn|3\n|\n|t:|1682184033\n|move|p1b: Drifblim|Strength Sap|p2b: Arcanine\n|-unboost|p2b: Arcanine|atk|1\n|move|p2b: Arcanine|Flare Blitz|p1a: Indeedee\n|-damage|p1a: Indeedee|56\/100\n|-damage|p2b: Arcanine|66\/100|[from] Recoil\n|move|p1a: Indeedee|Psychic|p2b: Arcanine\n|-damage|p2b: Arcanine|28\/100\n|move|p2a: Orthworm|Shed Tail|p2a: Orthworm\n|-start|p2a: Orthworm|Substitute|[from] move: Shed Tail\n|-damage|p2a: Orthworm|44\/100 brn\n|-enditem|p2a: Orthworm|Sitrus Berry|[eat]\n|-heal|p2a: Orthworm|69\/100 brn|[from] item: Sitrus Berry\n|\n|t:|1682184044\n|switch|p2a: Flutter Mane|Flutter Mane, L50|100\/100|[from] Shed Tail\n|\n|upkeep\n|turn|4\n|inactive|okFreaKVGC has 30 seconds left.\n|inactive|okFreaKVGC has 20 seconds left.\n|inactive|okFreaKVGC has 15 seconds left.\n|\n|t:|1682184084\n|switch|p2b: Orthworm|Orthworm, L50, M|69\/100 brn\n|-terastallize|p2a: Flutter Mane|Fairy\n|move|p1b: Drifblim|Hex|p2a: Flutter Mane\n|-activate|p2a: Flutter Mane|move: Substitute|[damage]\n|move|p2a: Flutter Mane|Moonblast|p1a: Indeedee\n|-damage|p1a: Indeedee|0 fnt\n|faint|p1a: Indeedee\n|\n|-damage|p2b: Orthworm|63\/100 brn|[from] brn\n|upkeep\n|\n|t:|1682184093\n|switch|p1a: Wo-Chien|Wo-Chien, L50|100\/100\n|-ability|p1a: Wo-Chien|Tablets of Ruin\n|turn|5\n|inactive|okFreaKVGC has 30 seconds left.\n|inactive|MarioOnPS4 has 30 seconds left.\n|inactive|MarioOnPS4 has 20 seconds left.\n|\n|t:|1682184130\n|-terastallize|p1a: Wo-Chien|Steel\n|move|p1b: Drifblim|Hex|p2b: Orthworm\n|-damage|p2b: Orthworm|14\/100 brn\n|move|p2a: Flutter Mane|Moonblast|p1a: Wo-Chien\n|-resisted|p1a: Wo-Chien\n|-damage|p1a: Wo-Chien|70\/100\n|-unboost|p1a: Wo-Chien|spa|1\n|move|p1a: Wo-Chien|Giga Drain|p2a: Flutter Mane\n|-end|p2a: Flutter Mane|Substitute\n|-heal|p1a: Wo-Chien|75\/100|[from] drain|[of] p2a: Flutter Mane\n|move|p2b: Orthworm|Shed Tail|p2b: Orthworm\n|-fail|p2b: Orthworm|move: Shed Tail|[weak]\n|\n|-heal|p1a: Wo-Chien|81\/100|[from] item: Leftovers\n|-damage|p2b: Orthworm|7\/100 brn|[from] brn\n|upkeep\n|turn|6\n|inactive|MarioOnPS4 has 30 seconds left.\n|\n|t:|1682184157\n|move|p1b: Drifblim|Will-O-Wisp|p2a: Flutter Mane\n|-status|p2a: Flutter Mane|brn\n|move|p2a: Flutter Mane|Moonblast|p1b: Drifblim\n|-damage|p1b: Drifblim|28\/100\n|move|p1a: Wo-Chien|Giga Drain|p2a: Flutter Mane\n|-damage|p2a: Flutter Mane|83\/100 brn\n|-heal|p1a: Wo-Chien|87\/100|[from] drain|[of] p2a: Flutter Mane\n|move|p2b: Orthworm|Body Press|p1a: Wo-Chien\n|-supereffective|p1a: Wo-Chien\n|-damage|p1a: Wo-Chien|69\/100\n|\n|-heal|p1a: Wo-Chien|75\/100|[from] item: Leftovers\n|-damage|p2a: Flutter Mane|77\/100 brn|[from] brn\n|-damage|p2b: Orthworm|1\/100 brn|[from] brn\n|upkeep\n|turn|7\n|inactive|okFreaKVGC has 30 seconds left.\n|\n|t:|1682184184\n|move|p1b: Drifblim|Strength Sap|p2b: Orthworm\n|-unboost|p2b: Orthworm|atk|1\n|-heal|p1b: Drifblim|69\/100\n|move|p2a: Flutter Mane|Moonblast|p1b: Drifblim\n|-damage|p1b: Drifblim|0 fnt\n|faint|p1b: Drifblim\n|move|p1a: Wo-Chien|Leech Seed|p2a: Flutter Mane\n|-start|p2a: Flutter Mane|move: Leech Seed\n|move|p2b: Orthworm|Body Press|p1a: Wo-Chien\n|-supereffective|p1a: Wo-Chien\n|-damage|p1a: Wo-Chien|58\/100\n|\n|-heal|p1a: Wo-Chien|65\/100|[from] item: Leftovers\n|-damage|p2a: Flutter Mane|65\/100 brn|[from] Leech Seed|[of] p1a: Wo-Chien\n|-heal|p1a: Wo-Chien|73\/100|[silent]\n|-damage|p2a: Flutter Mane|59\/100 brn|[from] brn\n|-damage|p2b: Orthworm|0 fnt|[from] brn\n|faint|p2b: Orthworm\n|upkeep\n|\n|t:|1682184194\n|switch|p2b: Arcanine|Arcanine, L50, F|28\/100\n|-ability|p2b: Arcanine|Intimidate|boost\n|-unboost|p1a: Wo-Chien|atk|1\n|turn|8\n|\n|t:|1682184204\n|move|p1a: Wo-Chien|Protect|p1a: Wo-Chien\n|-singleturn|p1a: Wo-Chien|Protect\n|move|p2a: Flutter Mane|Moonblast|p1a: Wo-Chien\n|-activate|p1a: Wo-Chien|move: Protect\n|move|p2b: Arcanine|Flare Blitz|p1a: Wo-Chien\n|-activate|p1a: Wo-Chien|move: Protect\n|\n|-heal|p1a: Wo-Chien|79\/100|[from] item: Leftovers\n|-damage|p2a: Flutter Mane|47\/100 brn|[from] Leech Seed|[of] p1a: Wo-Chien\n|-heal|p1a: Wo-Chien|87\/100|[silent]\n|-damage|p2a: Flutter Mane|41\/100 brn|[from] brn\n|-fieldend|move: Psychic Terrain\n|upkeep\n|turn|9\n|\n|t:|1682184215\n|move|p2a: Flutter Mane|Moonblast|p1a: Wo-Chien\n|-resisted|p1a: Wo-Chien\n|-damage|p1a: Wo-Chien|58\/100\n|move|p2b: Arcanine|Flare Blitz|p1a: Wo-Chien\n|-supereffective|p1a: Wo-Chien\n|-damage|p1a: Wo-Chien|0 fnt\n|faint|p1a: Wo-Chien\n|-damage|p2b: Arcanine|9\/100|[from] Recoil\n|\n|win|MarioOnPS4\n|raw|okFreaKVGC's rating: 1300 → 1279<\/strong> (-21 for losing)\n|raw|MarioOnPS4's rating: 1363 → 1379<\/strong> (+16 for winning)\n","uploadtime":1682184221,"views":6,"p1id":"okfreakvgc","p2id":"marioonps4","formatid":"gen9vgc2023regulationc","rating":1279,"private":0,"password":""}