{"id":"gen9vgc2023regulationc-1847207586","p1":"ShadowAgain","p2":"JacobMe","format":"[Gen 9] VGC 2023 Regulation C","log":"|j|\u2606ShadowAgain\n|j|\u2606JacobMe\n|t:|1681927852\n|gametype|doubles\n|player|p1|ShadowAgain|red|1043\n|player|p2|JacobMe|veteran|1000\n|teamsize|p1|6\n|teamsize|p2|4\n|gen|9\n|tier|[Gen 9] VGC 2023 Regulation C\n|rated|\n|rule|Species Clause: Limit one of each Pok\u00e9mon\n|rule|Item Clause: Limit one of each item\n|clearpoke\n|poke|p1|Gastrodon, L50, F|\n|poke|p1|Houndstone, L50, M|\n|poke|p1|Tyranitar, L50, F|\n|poke|p1|Gyarados, L50, M|\n|poke|p1|Volcarona, L50, M|\n|poke|p1|Amoonguss, L50, F|\n|poke|p2|Vespiquen, L50, F|\n|poke|p2|Zangoose, L50, M|\n|poke|p2|Clawitzer, L50, M|\n|poke|p2|Indeedee-F, L50, F|\n|teampreview|4\n|inactive|Battle timer is ON: inactive players will automatically lose when time's up. (requested by JacobMe)\n|\n|t:|1681927880\n|start\n|switch|p1a: Gastrodon|Gastrodon, L50, F|100\/100\n|switch|p1b: Gyarados|Gyarados, L50, M|100\/100\n|switch|p2a: Vespiquen|Vespiquen, L50, F, shiny|100\/100\n|switch|p2b: Indeedee|Indeedee-F, L50, F, shiny|100\/100\n|-fieldstart|move: Psychic Terrain|[from] ability: Psychic Surge|[of] p2b: Indeedee\n|-enditem|p2b: Indeedee|Psychic Seed\n|-boost|p2b: Indeedee|spd|1|[from] item: Psychic Seed\n|-ability|p1b: Gyarados|Intimidate|boost\n|-unboost|p2a: Vespiquen|atk|1\n|-unboost|p2b: Indeedee|atk|1\n|-ability|p2a: Vespiquen|Pressure\n|turn|1\n|inactive|JacobMe has 30 seconds left.\n|\n|t:|1681927908\n|move|p2a: Vespiquen|Protect|p2a: Vespiquen\n|-singleturn|p2a: Vespiquen|Protect\n|move|p2b: Indeedee|Energy Ball|p1a: Gastrodon\n|-supereffective|p1a: Gastrodon\n|-damage|p1a: Gastrodon|16\/100\n|-unboost|p1a: Gastrodon|spd|1\n|move|p1b: Gyarados|Surf|p2a: Vespiquen|[spread] p2b\n|-activate|p2a: Vespiquen|move: Protect\n|-ability|p1a: Gastrodon|Storm Drain|boost\n|-boost|p1a: Gastrodon|spa|1\n|-damage|p2b: Indeedee|88\/100\n|-damage|p1b: Gyarados|91\/100|[from] item: Life Orb\n|move|p1a: Gastrodon|Icy Wind|p2a: Vespiquen|[spread] p2b\n|-activate|p2a: Vespiquen|move: Protect\n|-crit|p2b: Indeedee\n|-damage|p2b: Indeedee|59\/100\n|-unboost|p2b: Indeedee|spe|1\n|\n|-heal|p1a: Gastrodon|22\/100|[from] item: Leftovers\n|upkeep\n|turn|2\n|inactive|ShadowAgain has 30 seconds left.\n|\n|t:|1681927935\n|switch|p1a: Volcarona|Volcarona, L50, M|100\/100\n|move|p2b: Indeedee|Follow Me|p2b: Indeedee\n|-singleturn|p2b: Indeedee|move: Follow Me\n|move|p1b: Gyarados|Taunt|p2b: Indeedee\n|-start|p2b: Indeedee|move: Taunt\n|move|p2a: Vespiquen|Defend Order|p2a: Vespiquen\n|-boost|p2a: Vespiquen|def|1\n|-boost|p2a: Vespiquen|spd|1\n|\n|upkeep\n|turn|3\n|\n|t:|1681927953\n|move|p2a: Vespiquen|Protect|p2a: Vespiquen\n|-singleturn|p2a: Vespiquen|Protect\n|move|p1a: Volcarona|Quiver Dance|p1a: Volcarona\n|-boost|p1a: Volcarona|spa|1\n|-boost|p1a: Volcarona|spd|1\n|-boost|p1a: Volcarona|spe|1\n|move|p1b: Gyarados|Thunder Wave|p2b: Indeedee\n|-status|p2b: Indeedee|par\n|move|p2b: Indeedee|Energy Ball|p1b: Gyarados\n|-damage|p1b: Gyarados|73\/100\n|\n|upkeep\n|turn|4\n|\n|t:|1681927975\n|move|p1a: Volcarona|Quiver Dance|p1a: Volcarona\n|-boost|p1a: Volcarona|spa|1\n|-boost|p1a: Volcarona|spd|1\n|-boost|p1a: Volcarona|spe|1\n|move|p1b: Gyarados|Taunt|p2a: Vespiquen\n|-start|p2a: Vespiquen|move: Taunt\n|cant|p2a: Vespiquen|move: Taunt|Defend Order\n|move|p2b: Indeedee|Energy Ball|p1b: Gyarados\n|-crit|p1b: Gyarados\n|-damage|p1b: Gyarados|47\/100\n|\n|upkeep\n|turn|5\n|inactive|JacobMe has 30 seconds left.\n|\n|t:|1681928004\n|move|p1a: Volcarona|Fire Blast|p2a: Vespiquen|[miss]\n|-miss|p1a: Volcarona|p2a: Vespiquen\n|move|p1b: Gyarados|Waterfall|p2b: Indeedee\n|-damage|p2b: Indeedee|0 fnt\n|faint|p2b: Indeedee\n|-damage|p1b: Gyarados|37\/100|[from] item: Life Orb\n|-activate|p2a: Vespiquen|move: Struggle\n|move|p2a: Vespiquen|Struggle|p1a: Volcarona\n|-damage|p1a: Volcarona|93\/100\n|-damage|p2a: Vespiquen|76\/100|[from] recoil\n|\n|-heal|p2a: Vespiquen|82\/100|[from] item: Leftovers\n|-fieldend|move: Psychic Terrain\n|upkeep\n|\n|t:|1681928013\n|switch|p2b: Clawitzer|Clawitzer, L50, M, shiny|100\/100\n|turn|6\n|\n|t:|1681928024\n|move|p1a: Volcarona|Giga Drain|p2b: Clawitzer\n|-supereffective|p2b: Clawitzer\n|-damage|p2b: Clawitzer|0 fnt\n|-heal|p1a: Volcarona|100\/100|[from] drain|[of] p2b: Clawitzer\n|faint|p2b: Clawitzer\n|move|p1b: Gyarados|Thunder Wave|p2a: Vespiquen\n|-status|p2a: Vespiquen|par\n|-activate|p2a: Vespiquen|move: Struggle\n|move|p2a: Vespiquen|Struggle|p1a: Volcarona\n|-damage|p1a: Volcarona|92\/100\n|-damage|p2a: Vespiquen|57\/100 par|[from] recoil\n|\n|-heal|p2a: Vespiquen|63\/100 par|[from] item: Leftovers\n|-end|p2a: Vespiquen|move: Taunt\n|upkeep\n|\n|t:|1681928031\n|switch|p2b: Zangoose|Zangoose, L50, M, shiny|100\/100\n|turn|7\n|\n|t:|1681928042\n|move|p2b: Zangoose|Protect|p2b: Zangoose\n|-singleturn|p2b: Zangoose|Protect\n|move|p1a: Volcarona|Fire Blast|p2a: Vespiquen\n|-supereffective|p2a: Vespiquen\n|-damage|p2a: Vespiquen|0 fnt\n|faint|p2a: Vespiquen\n|move|p1b: Gyarados|Taunt|p2b: Zangoose\n|-activate|p2b: Zangoose|move: Protect\n|\n|-damage|p2b: Zangoose|88\/100|[from] item: Black Sludge\n|upkeep\n|turn|8\n|\n|t:|1681928052\n|move|p1a: Volcarona|Quiver Dance|p1a: Volcarona\n|-boost|p1a: Volcarona|spa|1\n|-boost|p1a: Volcarona|spd|1\n|-boost|p1a: Volcarona|spe|1\n|move|p2b: Zangoose|Gunk Shot|p1a: Volcarona\n|-damage|p1a: Volcarona|43\/100\n|-status|p1a: Volcarona|psn\n|move|p1b: Gyarados|Thunder Wave|p2b: Zangoose\n|-status|p2b: Zangoose|par\n|\n|-damage|p2b: Zangoose|76\/100 par|[from] item: Black Sludge\n|-damage|p1a: Volcarona|30\/100 psn|[from] psn\n|upkeep\n|turn|9\n|\n|t:|1681928067\n|cant|p2b: Zangoose|par\n|move|p1a: Volcarona|Giga Drain|p2b: Zangoose\n|-damage|p2b: Zangoose|0 fnt\n|-heal|p1a: Volcarona|65\/100 psn|[from] drain|[of] p2b: Zangoose\n|faint|p2b: Zangoose\n|\n|win|ShadowAgain\n|raw|ShadowAgain's rating: 1043 → 1072<\/strong> (+29 for winning)\n|raw|JacobMe's rating: 1000 → 1000<\/strong> (+0 for losing)\n","uploadtime":1681928078,"views":13,"p1id":"shadowagain","p2id":"jacobme","formatid":"gen9vgc2023regulationc","rating":1000,"private":0,"password":""}