{"id":"gen9vgc2023regulationc-1849256408","p1":"Commango","p2":"Xepher008","format":"[Gen 9] VGC 2023 Regulation C","log":"|j|\u2606Commango\n|j|\u2606Xepher008\n|t:|1682178513\n|gametype|doubles\n|player|p1|Commango|darach-caitlin|1137\n|player|p2|Xepher008|266|1221\n|teamsize|p1|6\n|teamsize|p2|6\n|gen|9\n|tier|[Gen 9] VGC 2023 Regulation C\n|rated|\n|rule|Species Clause: Limit one of each Pok\u00e9mon\n|rule|Item Clause: Limit one of each item\n|clearpoke\n|poke|p1|Iron Bundle, L50|\n|poke|p1|Flutter Mane, L50|\n|poke|p1|Ting-Lu, L50|\n|poke|p1|Arcanine, L50, F|\n|poke|p1|Brute Bonnet, L50|\n|poke|p1|Glimmora, L50, M|\n|poke|p2|Flutter Mane, L50|\n|poke|p2|Gastrodon, L50, F|\n|poke|p2|Chi-Yu, L50|\n|poke|p2|Chien-Pao, L50|\n|poke|p2|Dragonite, L50, M|\n|poke|p2|Amoonguss, L50, M|\n|teampreview|4\n|inactive|Battle timer is ON: inactive players will automatically lose when time's up. (requested by Commango)\n|\n|t:|1682178530\n|start\n|switch|p1a: Iron Bundle|Iron Bundle, L50|100\/100\n|switch|p1b: Flutter Mane|Flutter Mane, L50|100\/100\n|switch|p2a: Chi-Yu|Chi-Yu, L50|100\/100\n|switch|p2b: Flutter Mane|Flutter Mane, L50|100\/100\n|-ability|p2a: Chi-Yu|Beads of Ruin\n|-enditem|p1a: Iron Bundle|Booster Energy\n|-activate|p1a: Iron Bundle|ability: Quark Drive|[fromitem]\n|-start|p1a: Iron Bundle|quarkdrivespe\n|turn|1\n|\n|t:|1682178551\n|-terastallize|p1b: Flutter Mane|Fairy\n|move|p1a: Iron Bundle|Icy Wind|p2b: Flutter Mane|[spread] p2a,p2b\n|-resisted|p2a: Chi-Yu\n|-crit|p2a: Chi-Yu\n|-damage|p2a: Chi-Yu|84\/100\n|-damage|p2b: Flutter Mane|73\/100\n|-unboost|p2a: Chi-Yu|spe|1\n|-unboost|p2b: Flutter Mane|spe|1\n|move|p1b: Flutter Mane|Moonblast|p2a: Chi-Yu\n|-damage|p2a: Chi-Yu|0 fnt\n|faint|p2a: Chi-Yu\n|move|p2b: Flutter Mane|Dazzling Gleam|p1b: Flutter Mane|[spread] p1a,p1b\n|-damage|p1a: Iron Bundle|14\/100\n|-damage|p1b: Flutter Mane|56\/100\n|\n|upkeep\n|\n|t:|1682178566\n|switch|p2a: Gastrodon|Gastrodon, L50, F|100\/100\n|turn|2\n|\n|t:|1682178575\n|-terastallize|p2a: Gastrodon|Fire\n|move|p1a: Iron Bundle|Freeze-Dry|p2a: Gastrodon\n|-resisted|p2a: Gastrodon\n|-damage|p2a: Gastrodon|84\/100\n|move|p1b: Flutter Mane|Moonblast|p2b: Flutter Mane\n|-damage|p2b: Flutter Mane|0 fnt\n|faint|p2b: Flutter Mane\n|-end|p2b: Flutter Mane|Protosynthesis|[silent]\n|move|p2a: Gastrodon|Earth Power|p1b: Flutter Mane\n|-damage|p1b: Flutter Mane|22\/100\n|\n|upkeep\n|\n|t:|1682178588\n|switch|p2b: Amoonguss|Amoonguss, L50, M|100\/100\n|turn|3\n|\n|t:|1682178597\n|move|p2b: Amoonguss|Rage Powder|p2b: Amoonguss\n|-singleturn|p2b: Amoonguss|move: Rage Powder\n|move|p1a: Iron Bundle|Freeze-Dry|p2b: Amoonguss\n|-supereffective|p2b: Amoonguss\n|-damage|p2b: Amoonguss|45\/100\n|move|p1b: Flutter Mane|Moonblast|p2b: Amoonguss\n|-resisted|p2b: Amoonguss\n|-damage|p2b: Amoonguss|3\/100\n|-unboost|p2b: Amoonguss|spa|1\n|move|p2a: Gastrodon|Muddy Water|p1b: Flutter Mane|[spread] p1a,p1b\n|-resisted|p1a: Iron Bundle\n|-damage|p1a: Iron Bundle|0 fnt\n|-damage|p1b: Flutter Mane|0 fnt\n|faint|p1a: Iron Bundle\n|-end|p1a: Iron Bundle|Quark Drive|[silent]\n|faint|p1b: Flutter Mane\n|-end|p1b: Flutter Mane|Protosynthesis|[silent]\n|\n|upkeep\n|\n|t:|1682178605\n|switch|p1a: Arcanine|Arcanine, L50, F|100\/100\n|switch|p1b: Brute Bonnet|Brute Bonnet, L50|100\/100\n|-ability|p1a: Arcanine|Intimidate|boost\n|-unboost|p2a: Gastrodon|atk|1\n|-unboost|p2b: Amoonguss|atk|1\n|turn|4\n|inactive|Xepher008 has 30 seconds left.\n|\n|t:|1682178630\n|move|p1a: Arcanine|Extreme Speed|p2b: Amoonguss\n|-damage|p2b: Amoonguss|0 fnt\n|-damage|p1a: Arcanine|84\/100|[from] item: Rocky Helmet|[of] p2b: Amoonguss\n|faint|p2b: Amoonguss\n|move|p1b: Brute Bonnet|Spore|p2a: Gastrodon\n|-activate|p2a: Gastrodon|item: Safety Goggles|Spore\n|move|p2a: Gastrodon|Earth Power|p1a: Arcanine\n|-supereffective|p1a: Arcanine\n|-damage|p1a: Arcanine|0 fnt\n|faint|p1a: Arcanine\n|\n|upkeep\n|turn|5\n|\n|t:|1682178646\n|move|p1b: Brute Bonnet|Sucker Punch|p2a: Gastrodon\n|-damage|p2a: Gastrodon|46\/100\n|move|p2a: Gastrodon|Earth Power|p1b: Brute Bonnet\n|-resisted|p1b: Brute Bonnet\n|-damage|p1b: Brute Bonnet|84\/100\n|-unboost|p1b: Brute Bonnet|spd|1\n|\n|upkeep\n|turn|6\n|\n|t:|1682178654\n|move|p1b: Brute Bonnet|Sucker Punch||[still]\n|-fail|p1b: Brute Bonnet\n|move|p2a: Gastrodon|Recover|p2a: Gastrodon\n|-heal|p2a: Gastrodon|96\/100\n|\n|upkeep\n|turn|7\n|\n|t:|1682178662\n|move|p1b: Brute Bonnet|Sucker Punch|p2a: Gastrodon\n|-damage|p2a: Gastrodon|53\/100\n|move|p2a: Gastrodon|Earth Power|p1b: Brute Bonnet\n|-resisted|p1b: Brute Bonnet\n|-damage|p1b: Brute Bonnet|57\/100\n|\n|upkeep\n|turn|8\n|\n|t:|1682178670\n|move|p1b: Brute Bonnet|Bullet Seed|p2a: Gastrodon\n|-resisted|p2a: Gastrodon\n|-damage|p2a: Gastrodon|45\/100\n|-resisted|p2a: Gastrodon\n|-damage|p2a: Gastrodon|38\/100\n|-resisted|p2a: Gastrodon\n|-damage|p2a: Gastrodon|31\/100\n|-resisted|p2a: Gastrodon\n|-crit|p2a: Gastrodon\n|-damage|p2a: Gastrodon|19\/100\n|-hitcount|p2a: Gastrodon|4\n|move|p2a: Gastrodon|Recover|p2a: Gastrodon\n|-heal|p2a: Gastrodon|69\/100\n|\n|upkeep\n|turn|9\n|\n|t:|1682178682\n|move|p1b: Brute Bonnet|Sucker Punch||[still]\n|-fail|p1b: Brute Bonnet\n|move|p2a: Gastrodon|Recover|p2a: Gastrodon\n|-heal|p2a: Gastrodon|100\/100\n|\n|upkeep\n|turn|10\n|\n|t:|1682178689\n|move|p1b: Brute Bonnet|Bullet Seed|p2a: Gastrodon\n|-resisted|p2a: Gastrodon\n|-damage|p2a: Gastrodon|92\/100\n|-resisted|p2a: Gastrodon\n|-damage|p2a: Gastrodon|85\/100\n|-resisted|p2a: Gastrodon\n|-damage|p2a: Gastrodon|78\/100\n|-resisted|p2a: Gastrodon\n|-damage|p2a: Gastrodon|70\/100\n|-resisted|p2a: Gastrodon\n|-damage|p2a: Gastrodon|63\/100\n|-hitcount|p2a: Gastrodon|5\n|move|p2a: Gastrodon|Earth Power|p1b: Brute Bonnet\n|-resisted|p1b: Brute Bonnet\n|-damage|p1b: Brute Bonnet|31\/100\n|\n|upkeep\n|turn|11\n|\n|t:|1682178703\n|move|p1b: Brute Bonnet|Bullet Seed|p2a: Gastrodon\n|-resisted|p2a: Gastrodon\n|-damage|p2a: Gastrodon|56\/100\n|-resisted|p2a: Gastrodon\n|-damage|p2a: Gastrodon|48\/100\n|-resisted|p2a: Gastrodon\n|-damage|p2a: Gastrodon|41\/100\n|-resisted|p2a: Gastrodon\n|-damage|p2a: Gastrodon|34\/100\n|-resisted|p2a: Gastrodon\n|-damage|p2a: Gastrodon|27\/100\n|-hitcount|p2a: Gastrodon|5\n|move|p2a: Gastrodon|Recover|p2a: Gastrodon\n|-heal|p2a: Gastrodon|77\/100\n|\n|upkeep\n|turn|12\n|\n|t:|1682178716\n|move|p1b: Brute Bonnet|Bullet Seed|p2a: Gastrodon\n|-resisted|p2a: Gastrodon\n|-damage|p2a: Gastrodon|70\/100\n|-resisted|p2a: Gastrodon\n|-damage|p2a: Gastrodon|63\/100\n|-resisted|p2a: Gastrodon\n|-damage|p2a: Gastrodon|56\/100\n|-resisted|p2a: Gastrodon\n|-damage|p2a: Gastrodon|48\/100\n|-hitcount|p2a: Gastrodon|4\n|move|p2a: Gastrodon|Recover|p2a: Gastrodon\n|-heal|p2a: Gastrodon|99\/100\n|\n|upkeep\n|turn|13\n|\n|t:|1682178729\n|move|p1b: Brute Bonnet|Bullet Seed|p2a: Gastrodon\n|-resisted|p2a: Gastrodon\n|-damage|p2a: Gastrodon|91\/100\n|-resisted|p2a: Gastrodon\n|-damage|p2a: Gastrodon|84\/100\n|-resisted|p2a: Gastrodon\n|-damage|p2a: Gastrodon|77\/100\n|-resisted|p2a: Gastrodon\n|-damage|p2a: Gastrodon|69\/100\n|-hitcount|p2a: Gastrodon|4\n|move|p2a: Gastrodon|Earth Power|p1b: Brute Bonnet\n|-resisted|p1b: Brute Bonnet\n|-damage|p1b: Brute Bonnet|7\/100\n|\n|upkeep\n|turn|14\n|\n|t:|1682178742\n|move|p1b: Brute Bonnet|Sucker Punch|p2a: Gastrodon\n|-damage|p2a: Gastrodon|32\/100\n|move|p2a: Gastrodon|Earth Power|p1b: Brute Bonnet\n|-resisted|p1b: Brute Bonnet\n|-damage|p1b: Brute Bonnet|0 fnt\n|faint|p1b: Brute Bonnet\n|-end|p1b: Brute Bonnet|Protosynthesis|[silent]\n|\n|win|Xepher008\n|raw|Commango's rating: 1137 → 1118<\/strong> (-19 for losing)\n|raw|Xepher008's rating: 1221 → 1240<\/strong> (+19 for winning)\n|l|\u2606Commango\n","uploadtime":1682178789,"views":4,"p1id":"commango","p2id":"xepher008","formatid":"gen9vgc2023regulationc","rating":1118,"private":0,"password":""}