{"id":"gen9vgc2023regulationc-1845342247","p1":"Amesoeurs","p2":"VGC_ale","format":"[Gen 9] VGC 2023 Regulation C","log":"|j|\u2606Amesoeurs\n|j|\u2606VGC_ale\n|t:|1681718263\n|gametype|doubles\n|player|p1|Amesoeurs|266|1420\n|player|p2|VGC_ale|ninjaboy|1502\n|teamsize|p1|6\n|teamsize|p2|6\n|gen|9\n|tier|[Gen 9] VGC 2023 Regulation C\n|rated|\n|rule|Species Clause: Limit one of each Pok\u00e9mon\n|rule|Item Clause: Limit one of each item\n|clearpoke\n|poke|p1|Maushold-Four, L50|\n|poke|p1|Annihilape, L50, F|\n|poke|p1|Armarouge, L50, F|\n|poke|p1|Indeedee-F, L50, F|\n|poke|p1|Torkoal, L50, M|\n|poke|p1|Arcanine, L50, M|\n|poke|p2|Great Tusk, L50|\n|poke|p2|Dragonite, L50, F|\n|poke|p2|Chien-Pao, L50|\n|poke|p2|Flutter Mane, L50|\n|poke|p2|Corviknight, L50, M|\n|poke|p2|Rotom-Wash, L50|\n|teampreview|4\n|\n|t:|1681718311\n|start\n|switch|p1a: Maushold|Maushold-Four, L50|100\/100\n|switch|p1b: Arcanine|Arcanine, L50, M|100\/100\n|switch|p2a: Flutter Mane|Flutter Mane, L50, shiny|100\/100\n|switch|p2b: Great Tusk|Great Tusk, L50, shiny|100\/100\n|-ability|p1b: Arcanine|Intimidate|boost\n|-unboost|p2a: Flutter Mane|atk|1\n|-unboost|p2b: Great Tusk|atk|1\n|turn|1\n|\n|t:|1681718339\n|-terastallize|p1b: Arcanine|Grass\n|move|p2a: Flutter Mane|Protect|p2a: Flutter Mane\n|-singleturn|p2a: Flutter Mane|Protect\n|move|p1a: Maushold|Protect|p1a: Maushold\n|-singleturn|p1a: Maushold|Protect\n|move|p2b: Great Tusk|Headlong Rush|p1b: Arcanine\n|-resisted|p1b: Arcanine\n|-damage|p1b: Arcanine|74\/100\n|-unboost|p2b: Great Tusk|def|1\n|-unboost|p2b: Great Tusk|spd|1\n|move|p1b: Arcanine|Snarl|p2b: Great Tusk|[spread] p2b\n|-activate|p2a: Flutter Mane|move: Protect\n|-resisted|p2b: Great Tusk\n|-damage|p2b: Great Tusk|91\/100\n|-unboost|p2b: Great Tusk|spa|1\n|\n|upkeep\n|turn|2\n|\n|t:|1681718362\n|switch|p1a: Indeedee|Indeedee-F, L50, F|100\/100\n|-fieldstart|move: Psychic Terrain|[from] ability: Psychic Surge|[of] p1a: Indeedee\n|-terastallize|p2a: Flutter Mane|Fairy\n|move|p2b: Great Tusk|Headlong Rush|p1a: Indeedee\n|-damage|p1a: Indeedee|55\/100\n|-unboost|p2b: Great Tusk|def|1\n|-unboost|p2b: Great Tusk|spd|1\n|move|p2a: Flutter Mane|Moonblast|p1b: Arcanine\n|-damage|p1b: Arcanine|16\/100\n|-enditem|p1b: Arcanine|Sitrus Berry|[eat]\n|-heal|p1b: Arcanine|41\/100|[from] item: Sitrus Berry\n|-damage|p2a: Flutter Mane|91\/100|[from] item: Life Orb\n|move|p1b: Arcanine|Flare Blitz|p2a: Flutter Mane\n|-damage|p2a: Flutter Mane|8\/100\n|-status|p2a: Flutter Mane|brn\n|-damage|p1b: Arcanine|22\/100|[from] Recoil\n|\n|-damage|p2a: Flutter Mane|3\/100 brn|[from] brn\n|upkeep\n|turn|3\n|\n|t:|1681718386\n|move|p1b: Arcanine|Protect|p1b: Arcanine\n|-singleturn|p1b: Arcanine|Protect\n|move|p2b: Great Tusk|Headlong Rush|p1a: Indeedee\n|-damage|p1a: Indeedee|11\/100\n|-unboost|p2b: Great Tusk|def|1\n|-unboost|p2b: Great Tusk|spd|1\n|move|p2a: Flutter Mane|Dazzling Gleam|p1a: Indeedee|[spread] p1a\n|-activate|p1b: Arcanine|move: Protect\n|-damage|p1a: Indeedee|0 fnt\n|faint|p1a: Indeedee\n|-damage|p2a: Flutter Mane|0 fnt|[from] item: Life Orb\n|faint|p2a: Flutter Mane\n|-end|p2a: Flutter Mane|Protosynthesis|[silent]\n|\n|upkeep\n|\n|t:|1681718399\n|switch|p2a: Dragonite|Dragonite, L50, F|100\/100\n|switch|p1a: Maushold|Maushold-Four, L50|100\/100\n|turn|4\n|\n|t:|1681718409\n|move|p2b: Great Tusk|Headlong Rush|p1a: Maushold\n|-damage|p1a: Maushold|28\/100\n|-unboost|p2b: Great Tusk|def|1\n|-unboost|p2b: Great Tusk|spd|1\n|move|p1a: Maushold|Population Bomb|p2a: Dragonite\n|-damage|p2a: Dragonite|95\/100\n|-damage|p2a: Dragonite|84\/100\n|-damage|p2a: Dragonite|71\/100\n|-damage|p2a: Dragonite|61\/100\n|-damage|p2a: Dragonite|50\/100\n|-damage|p2a: Dragonite|39\/100\n|-damage|p2a: Dragonite|28\/100\n|-damage|p2a: Dragonite|17\/100\n|-damage|p2a: Dragonite|6\/100\n|-damage|p2a: Dragonite|0 fnt\n|faint|p2a: Dragonite\n|-hitcount|p2: Dragonite|10\n|move|p1b: Arcanine|Flare Blitz|p2b: Great Tusk\n|-damage|p2b: Great Tusk|0 fnt\n|faint|p2b: Great Tusk\n|-end|p2b: Great Tusk|Protosynthesis|[silent]\n|-damage|p1b: Arcanine|0 fnt|[from] Recoil\n|faint|p1b: Arcanine\n|\n|upkeep\n|\n|t:|1681718430\n|switch|p2b: Chien-Pao|Chien-Pao, L50|100\/100\n|switch|p1b: Armarouge|Armarouge, L50, F|100\/100\n|-ability|p2b: Chien-Pao|Sword of Ruin\n|turn|5\n|\n|t:|1681718438\n|move|p1a: Maushold|Protect|p1a: Maushold\n|-singleturn|p1a: Maushold|Protect\n|move|p2b: Chien-Pao|Ice Spinner|p1b: Armarouge\n|-resisted|p1b: Armarouge\n|-damage|p1b: Armarouge|75\/100\n|-fieldend|move: Psychic Terrain\n|move|p1b: Armarouge|Trick Room|p1b: Armarouge\n|-fieldstart|move: Trick Room|[of] p1b: Armarouge\n|\n|upkeep\n|turn|6\n|\n|t:|1681718450\n|move|p1a: Maushold|Follow Me|p1a: Maushold\n|-singleturn|p1a: Maushold|move: Follow Me\n|move|p1b: Armarouge|Armor Cannon|p2b: Chien-Pao\n|-supereffective|p2b: Chien-Pao\n|-enditem|p2b: Chien-Pao|Focus Sash\n|-damage|p2b: Chien-Pao|1\/100\n|-unboost|p1b: Armarouge|def|1\n|-unboost|p1b: Armarouge|spd|1\n|-damage|p1b: Armarouge|66\/100|[from] item: Life Orb\n|move|p2b: Chien-Pao|Ice Spinner|p1a: Maushold\n|-damage|p1a: Maushold|0 fnt\n|faint|p1a: Maushold\n|\n|upkeep\n|turn|7\n|\n|t:|1681718457\n|move|p2b: Chien-Pao|Sucker Punch|p1b: Armarouge\n|-supereffective|p1b: Armarouge\n|-damage|p1b: Armarouge|0 fnt\n|faint|p1b: Armarouge\n|\n|win|VGC_ale\n|raw|Amesoeurs's rating: 1420 → 1405<\/strong> (-15 for losing)\n|raw|VGC_ale's rating: 1502 → 1517<\/strong> (+15 for winning)\n","uploadtime":1681718466,"views":15,"p1id":"amesoeurs","p2id":"vgcale","formatid":"gen9vgc2023regulationc","rating":1405,"private":0,"password":""}