{"id":"gen9vgc2023regulationc-1855162916","p1":"pgdraxos","p2":"Kerazs","format":"[Gen 9] VGC 2023 Regulation C","log":"|j|\u2606pgdraxos\n|j|\u2606Kerazs\n|t:|1682909034\n|gametype|doubles\n|player|p1|pgdraxos|steven|1098\n|player|p2|Kerazs|170|1077\n|teamsize|p1|6\n|teamsize|p2|6\n|gen|9\n|tier|[Gen 9] VGC 2023 Regulation C\n|rated|\n|rule|Species Clause: Limit one of each Pok\u00e9mon\n|rule|Item Clause: Limit one of each item\n|clearpoke\n|poke|p1|Ceruledge, L50, F|\n|poke|p1|Gyarados, L50, F|\n|poke|p1|Flutter Mane, L50|\n|poke|p1|Baxcalibur, L50, F|\n|poke|p1|Chien-Pao, L50|\n|poke|p1|Amoonguss, L50, M|\n|poke|p2|Dachsbun, L50, F|\n|poke|p2|Wo-Chien, L50|\n|poke|p2|Gyarados, L50, M|\n|poke|p2|Espeon, L50, F|\n|poke|p2|Kilowattrel, L50, F|\n|poke|p2|Garchomp, L50, M|\n|teampreview|4\n|inactive|Battle timer is ON: inactive players will automatically lose when time's up. (requested by Kerazs)\npgdraxos has agreed to open team sheets.\n|\n|t:|1682909073\n|start\n|switch|p1a: Baxcalibur|Baxcalibur, L50, F, shiny|100\/100\n|switch|p1b: Gyarados|Gyarados, L50, F, shiny|100\/100\n|switch|p2a: Espeon|Espeon, L50, F|100\/100\n|switch|p2b: Wo-Chien|Wo-Chien, L50|100\/100\n|-ability|p1b: Gyarados|Intimidate|boost\n|-unboost|p2a: Espeon|atk|1\n|-unboost|p2b: Wo-Chien|atk|1\n|-ability|p2b: Wo-Chien|Tablets of Ruin\n|turn|1\n|\n|t:|1682909097\n|move|p1a: Baxcalibur|Ice Shard|p2b: Wo-Chien\n|-supereffective|p2b: Wo-Chien\n|-damage|p2b: Wo-Chien|60\/100\n|-damage|p1a: Baxcalibur|91\/100|[from] item: Life Orb\n|move|p2a: Espeon|Trick|p1b: Gyarados\n|-activate|p2a: Espeon|move: Trick|[of] p1b: Gyarados\n|-item|p1b: Gyarados|Choice Scarf|[from] move: Trick\n|-item|p2a: Espeon|Lum Berry|[from] move: Trick\n|move|p1b: Gyarados|Taunt|p2a: Espeon\n|move|p2a: Espeon|Taunt|p1b: Gyarados|[from]ability: Magic Bounce\n|-start|p1b: Gyarados|move: Taunt\n|move|p2b: Wo-Chien|Leech Seed|p1a: Baxcalibur\n|-start|p1a: Baxcalibur|move: Leech Seed\n|\n|-heal|p2b: Wo-Chien|66\/100|[from] item: Leftovers\n|-damage|p1a: Baxcalibur|79\/100|[from] Leech Seed|[of] p2b: Wo-Chien\n|-heal|p2b: Wo-Chien|83\/100|[silent]\n|upkeep\n|turn|2\n|inactive|pgdraxos has 30 seconds left.\n|\n|t:|1682909126\n|switch|p1b: Chien-Pao|Chien-Pao, L50|100\/100\n|-ability|p1b: Chien-Pao|Sword of Ruin\n|move|p2a: Espeon|Dazzling Gleam|p1b: Chien-Pao|[spread] p1a,p1b\n|-supereffective|p1a: Baxcalibur\n|-supereffective|p1b: Chien-Pao\n|-damage|p1a: Baxcalibur|46\/100\n|-damage|p1b: Chien-Pao|45\/100\n|move|p1a: Baxcalibur|Glaive Rush|p2a: Espeon\n|-damage|p2a: Espeon|0 fnt\n|-singlemove|p1a: Baxcalibur|Glaive Rush|[silent]\n|faint|p2a: Espeon\n|-damage|p1a: Baxcalibur|36\/100|[from] item: Life Orb\n|move|p2b: Wo-Chien|Leech Seed|p1b: Chien-Pao\n|-start|p1b: Chien-Pao|move: Leech Seed\n|\n|-heal|p2b: Wo-Chien|89\/100|[from] item: Leftovers\n|-damage|p1b: Chien-Pao|32\/100|[from] Leech Seed|[of] p2b: Wo-Chien\n|-heal|p2b: Wo-Chien|100\/100|[silent]\n|-damage|p1a: Baxcalibur|24\/100|[from] Leech Seed|[of] p2b: Wo-Chien\n|upkeep\n|\n|t:|1682909148\n|switch|p2a: Gyarados|Gyarados, L50, M|100\/100\n|-ability|p2a: Gyarados|Intimidate|boost\n|-unboost|p1a: Baxcalibur|atk|1\n|-fail|p1b: Chien-Pao|unboost|[from] item: Clear Amulet|[of] p1b: Chien-Pao\n|turn|3\n|\n|t:|1682909162\n|switch|p1b: Amoonguss|Amoonguss, L50, M|100\/100\n|switch|p1a: Gyarados|Gyarados, L50, F, shiny|100\/100\n|-ability|p1a: Gyarados|Intimidate|boost\n|-unboost|p2a: Gyarados|atk|1\n|-unboost|p2b: Wo-Chien|atk|1\n|switch|p2b: Dachsbun|Dachsbun, L50, F|100\/100\n|move|p2a: Gyarados|Dragon Dance|p2a: Gyarados\n|-boost|p2a: Gyarados|atk|1\n|-boost|p2a: Gyarados|spe|1\n|\n|upkeep\n|turn|4\n|\n|t:|1682909183\n|switch|p2a: Wo-Chien|Wo-Chien, L50|100\/100\n|-ability|p2a: Wo-Chien|Tablets of Ruin\n|-terastallize|p2b: Dachsbun|Grass\n|move|p1a: Gyarados|Thunder Wave|p2a: Wo-Chien\n|-status|p2a: Wo-Chien|par\n|move|p2b: Dachsbun|Play Rough|p1a: Gyarados\n|-damage|p1a: Gyarados|73\/100\n|move|p1b: Amoonguss|Spore|p2b: Dachsbun\n|-immune|p2b: Dachsbun\n|\n|upkeep\n|turn|5\n|inactive|Kerazs has 30 seconds left.\n|\n|t:|1682909215\n|move|p1a: Gyarados|Thunder Wave|p2b: Dachsbun\n|-status|p2b: Dachsbun|par\n|move|p2b: Dachsbun|Play Rough|p1a: Gyarados|[miss]\n|-miss|p2b: Dachsbun|p1a: Gyarados\n|move|p1b: Amoonguss|Pollen Puff|p2b: Dachsbun\n|-supereffective|p2b: Dachsbun\n|-damage|p2b: Dachsbun|60\/100 par\n|move|p2a: Wo-Chien|Leech Seed|p1a: Gyarados\n|-start|p1a: Gyarados|move: Leech Seed\n|\n|-damage|p1a: Gyarados|61\/100|[from] Leech Seed|[of] p2a: Wo-Chien\n|upkeep\n|turn|6\n|\n|t:|1682909236\n|switch|p1a: Baxcalibur|Baxcalibur, L50, F, shiny|24\/100\n|switch|p2b: Gyarados|Gyarados, L50, M|100\/100\n|-ability|p2b: Gyarados|Intimidate|boost\n|-unboost|p1a: Baxcalibur|atk|1\n|-unboost|p1b: Amoonguss|atk|1\n|move|p1b: Amoonguss|Pollen Puff|p1a: Baxcalibur\n|-heal|p1a: Baxcalibur|74\/100\n|cant|p2a: Wo-Chien|par\n|\n|upkeep\n|turn|7\n|\n|t:|1682909261\n|switch|p1a: Gyarados|Gyarados, L50, F, shiny|61\/100\n|-ability|p1a: Gyarados|Intimidate|boost\n|-unboost|p2a: Wo-Chien|atk|1\n|-unboost|p2b: Gyarados|atk|1\n|move|p2b: Gyarados|Taunt|p1b: Amoonguss\n|-start|p1b: Amoonguss|move: Taunt\n|cant|p1b: Amoonguss|move: Taunt|Spore\n|move|p2a: Wo-Chien|Leech Seed|p1a: Gyarados\n|-start|p1a: Gyarados|move: Leech Seed\n|\n|-damage|p1a: Gyarados|49\/100|[from] Leech Seed|[of] p2a: Wo-Chien\n|upkeep\n|turn|8\n|inactive|pgdraxos has 30 seconds left.\n|\n|t:|1682909288\n|switch|p2b: Dachsbun|Dachsbun, L50, F, tera:Grass|60\/100 par\n|move|p1a: Gyarados|Thunder Wave|p2b: Dachsbun\n|-fail|p2b: Dachsbun|par\n|move|p1b: Amoonguss|Pollen Puff|p1a: Gyarados\n|-heal|p1a: Gyarados|99\/100\n|move|p2a: Wo-Chien|Snarl|p1a: Gyarados|[spread] p1a,p1b\n|-damage|p1a: Gyarados|88\/100\n|-damage|p1b: Amoonguss|88\/100\n|-unboost|p1a: Gyarados|spa|1\n|-unboost|p1b: Amoonguss|spa|1\n|\n|-damage|p1a: Gyarados|76\/100|[from] Leech Seed|[of] p2a: Wo-Chien\n|upkeep\n|turn|9\n|\n|t:|1682909312\n|switch|p1a: Chien-Pao|Chien-Pao, L50|32\/100\n|-ability|p1a: Chien-Pao|Sword of Ruin\n|cant|p2b: Dachsbun|par\n|move|p1b: Amoonguss|Pollen Puff|p1a: Chien-Pao\n|-heal|p1a: Chien-Pao|82\/100\n|move|p2a: Wo-Chien|Pollen Puff|p2b: Dachsbun\n|-heal|p2b: Dachsbun|100\/100 par\n|\n|-end|p1b: Amoonguss|move: Taunt\n|upkeep\n|turn|10\n|inactive|Kerazs has 30 seconds left.\n|\n|t:|1682909338\n|switch|p1b: Baxcalibur|Baxcalibur, L50, F, shiny|74\/100\n|move|p1a: Chien-Pao|Ice Spinner|p2b: Dachsbun\n|-supereffective|p2b: Dachsbun\n|-damage|p2b: Dachsbun|17\/100 par\n|cant|p2b: Dachsbun|par\n|move|p2a: Wo-Chien|Pollen Puff|p1a: Chien-Pao\n|-supereffective|p1a: Chien-Pao\n|-damage|p1a: Chien-Pao|18\/100\n|\n|upkeep\n|turn|11\n|inactive|pgdraxos has 30 seconds left.\n|\n|t:|1682909365\n|switch|p2b: Gyarados|Gyarados, L50, M|100\/100\n|-ability|p2b: Gyarados|Intimidate|boost\n|-fail|p1a: Chien-Pao|unboost|[from] item: Clear Amulet|[of] p1a: Chien-Pao\n|-unboost|p1b: Baxcalibur|atk|1\n|move|p1b: Baxcalibur|Ice Shard|p2a: Wo-Chien\n|-supereffective|p2a: Wo-Chien\n|-damage|p2a: Wo-Chien|66\/100 par\n|-damage|p1b: Baxcalibur|64\/100|[from] item: Life Orb\n|move|p1a: Chien-Pao|Haze|p1a: Chien-Pao\n|-clearallboost\n|cant|p2a: Wo-Chien|par\n|\n|-heal|p2a: Wo-Chien|72\/100 par|[from] item: Leftovers\n|upkeep\n|turn|12\n|\n|t:|1682909385\n|-terastallize|p1b: Baxcalibur|Water\n|move|p1a: Chien-Pao|Sucker Punch||[still]\n|-fail|p1a: Chien-Pao\n|move|p2b: Gyarados|Dragon Dance|p2b: Gyarados\n|-boost|p2b: Gyarados|atk|1\n|-boost|p2b: Gyarados|spe|1\n|move|p1b: Baxcalibur|Glaive Rush|p2a: Wo-Chien\n|-damage|p2a: Wo-Chien|0 fnt\n|-singlemove|p1b: Baxcalibur|Glaive Rush|[silent]\n|faint|p2a: Wo-Chien\n|-damage|p1b: Baxcalibur|54\/100|[from] item: Life Orb\n|\n|upkeep\n|\n|t:|1682909398\n|switch|p2a: Dachsbun|Dachsbun, L50, F, tera:Grass|17\/100 par\n|turn|13\n|\n|t:|1682909415\n|switch|p1a: Gyarados|Gyarados, L50, F, shiny|76\/100\n|-ability|p1a: Gyarados|Intimidate|boost\n|-unboost|p2a: Dachsbun|atk|1\n|-unboost|p2b: Gyarados|atk|1\n|move|p1b: Baxcalibur|Protect|p1b: Baxcalibur\n|-singleturn|p1b: Baxcalibur|Protect\n|move|p2b: Gyarados|Tera Blast|p1b: Baxcalibur\n|-activate|p1b: Baxcalibur|move: Protect\n|cant|p2a: Dachsbun|par\n|\n|upkeep\n|turn|14\n|-message|Kerazs forfeited.\n|\n|win|pgdraxos\n|raw|pgdraxos's rating: 1098 → 1122<\/strong> (+24 for winning)\n|raw|Kerazs's rating: 1077 → 1057<\/strong> (-20 for losing)\n|l|\u2606Kerazs\n","uploadtime":1682909485,"views":16,"p1id":"pgdraxos","p2id":"kerazs","formatid":"gen9vgc2023regulationc","rating":1057,"private":0,"password":""}