{"id":"gen9vgc2023regulationc-1845942182","p1":"Riddim415","p2":"UserOmega","format":"[Gen 9] VGC 2023 Regulation C","log":"|j|\u2606Riddim415\n|j|\u2606UserOmega\n|t:|1681781941\n|gametype|doubles\n|player|p1|Riddim415|hugh|1218\n|player|p2|UserOmega|youngcouple-gen4dp|1260\n|teamsize|p1|6\n|teamsize|p2|6\n|gen|9\n|tier|[Gen 9] VGC 2023 Regulation C\n|rated|\n|rule|Species Clause: Limit one of each Pok\u00e9mon\n|rule|Item Clause: Limit one of each item\n|clearpoke\n|poke|p1|Palafin, L50, F|\n|poke|p1|Arcanine, L50, M|\n|poke|p1|Flutter Mane, L50|\n|poke|p1|Ting-Lu, L50|\n|poke|p1|Amoonguss, L50, M|\n|poke|p1|Baxcalibur, L50, M|\n|poke|p2|Dondozo, L50, M|\n|poke|p2|Tatsugiri, L50, F|\n|poke|p2|Glimmora, L50, M|\n|poke|p2|Iron Moth, L50|\n|poke|p2|Flutter Mane, L50|\n|poke|p2|Meowscarada, L50, F|\n|teampreview|4\n|\n|t:|1681781987\n|start\n|switch|p1a: Amoonguss|Amoonguss, L50, M, shiny|100\/100\n|switch|p1b: Arcanine|Arcanine, L50, M, shiny|100\/100\n|switch|p2a: Iron Moth|Iron Moth, L50|100\/100\n|switch|p2b: Flutter Mane|Flutter Mane, L50|100\/100\n|-ability|p1b: Arcanine|Intimidate|boost\n|-unboost|p2a: Iron Moth|atk|1\n|-unboost|p2b: Flutter Mane|atk|1\n|-enditem|p2a: Iron Moth|Booster Energy\n|-activate|p2a: Iron Moth|ability: Quark Drive|[fromitem]\n|-start|p2a: Iron Moth|quarkdrivespe\n|turn|1\n|inactive|Battle timer is ON: inactive players will automatically lose when time's up. (requested by Riddim415)\n|inactive|Riddim415 has 60 seconds left.\n|inactive|UserOmega has 60 seconds left.\n|\n|t:|1681782044\n|-terastallize|p1a: Amoonguss|Water\n|move|p1b: Arcanine|Protect|p1b: Arcanine\n|-singleturn|p1b: Arcanine|Protect\n|move|p2a: Iron Moth|Heat Wave|p1b: Arcanine|[spread] p1a\n|-activate|p1b: Arcanine|move: Protect\n|-resisted|p1a: Amoonguss\n|-damage|p1a: Amoonguss|87\/100\n|move|p2b: Flutter Mane|Psyshock|p1a: Amoonguss\n|-damage|p1a: Amoonguss|46\/100\n|-enditem|p1a: Amoonguss|Sitrus Berry|[eat]\n|-heal|p1a: Amoonguss|71\/100|[from] item: Sitrus Berry\n|-damage|p2b: Flutter Mane|91\/100|[from] item: Life Orb\n|move|p1a: Amoonguss|Spore|p2b: Flutter Mane\n|-status|p2b: Flutter Mane|slp|[from] move: Spore\n|\n|upkeep\n|turn|2\n|\n|t:|1681782066\n|switch|p1a: Baxcalibur|Baxcalibur, L50, M, shiny|100\/100\n|move|p2a: Iron Moth|Energy Ball|p1a: Baxcalibur\n|-resisted|p1a: Baxcalibur\n|-damage|p1a: Baxcalibur|87\/100\n|cant|p2b: Flutter Mane|slp\n|move|p1b: Arcanine|Howl|p1b: Arcanine|[spread] p1a,p1b\n|-boost|p1a: Baxcalibur|atk|1\n|-boost|p1b: Arcanine|atk|1\n|\n|-heal|p1a: Baxcalibur|93\/100|[from] item: Leftovers\n|upkeep\n|turn|3\n|\n|t:|1681782085\n|cant|p2b: Flutter Mane|slp\n|move|p1b: Arcanine|Protect|p1b: Arcanine\n|-singleturn|p1b: Arcanine|Protect\n|move|p2a: Iron Moth|Acid Spray|p1a: Baxcalibur\n|-damage|p1a: Baxcalibur|74\/100\n|-unboost|p1a: Baxcalibur|spd|2\n|move|p1a: Baxcalibur|Earthquake|p2a: Iron Moth|[spread] p2a,p2b\n|-activate|p1b: Arcanine|move: Protect\n|-supereffective|p2a: Iron Moth\n|-damage|p2a: Iron Moth|0 fnt\n|-damage|p2b: Flutter Mane|12\/100 slp\n|faint|p2a: Iron Moth\n|-end|p2a: Iron Moth|Quark Drive|[silent]\n|\n|-heal|p1a: Baxcalibur|80\/100|[from] item: Leftovers\n|upkeep\n|\n|t:|1681782091\n|switch|p2a: Tatsugiri|Tatsugiri, L50, F|100\/100\n|turn|4\n|\n|t:|1681782110\n|move|p1b: Arcanine|Extreme Speed|p2a: Tatsugiri\n|-damage|p2a: Tatsugiri|38\/100\n|move|p1a: Baxcalibur|Ice Shard|p2b: Flutter Mane\n|-damage|p2b: Flutter Mane|0 fnt\n|faint|p2b: Flutter Mane\n|-end|p2b: Flutter Mane|Protosynthesis|[silent]\n|move|p2a: Tatsugiri|Dragon Pulse|p1a: Baxcalibur\n|-supereffective|p1a: Baxcalibur\n|-damage|p1a: Baxcalibur|0 fnt\n|faint|p1a: Baxcalibur\n|\n|upkeep\n|\n|t:|1681782126\n|switch|p2b: Dondozo|Dondozo, L50, M|100\/100\n|switch|p1a: Amoonguss|Amoonguss, L50, M, shiny, tera:Water|71\/100\n|-activate|p2a: Tatsugiri|ability: Commander|[of] p2b: Dondozo\n|-boost|p2b: Dondozo|atk|2\n|-boost|p2b: Dondozo|spa|2\n|-boost|p2b: Dondozo|spe|2\n|-boost|p2b: Dondozo|def|2\n|-boost|p2b: Dondozo|spd|2\n|turn|5\n|\n|t:|1681782140\n|move|p1b: Arcanine|Protect|p1b: Arcanine\n|-singleturn|p1b: Arcanine|Protect\n|move|p2b: Dondozo|Substitute|p2b: Dondozo\n|-start|p2b: Dondozo|Substitute\n|-damage|p2b: Dondozo|76\/100\n|move|p1a: Amoonguss|Spore||[still]\n|-fail|p1a: Amoonguss\n|\n|upkeep\n|turn|6\n|\n|t:|1681782157\n|switch|p1b: Flutter Mane|Flutter Mane, L50|100\/100\n|-enditem|p1b: Flutter Mane|Booster Energy\n|-activate|p1b: Flutter Mane|ability: Protosynthesis|[fromitem]\n|-start|p1b: Flutter Mane|protosynthesisspa\n|move|p1a: Amoonguss|Rage Powder|p1a: Amoonguss\n|-singleturn|p1a: Amoonguss|move: Rage Powder\n|move|p2b: Dondozo|Order Up|p1a: Amoonguss\n|-damage|p1a: Amoonguss|21\/100\n|-boost|p2b: Dondozo|atk|1\n|\n|upkeep\n|turn|7\n|\n|t:|1681782175\n|switch|p1a: Arcanine|Arcanine, L50, M, shiny|100\/100\n|-ability|p1a: Arcanine|Intimidate|boost\n|-unboost|p2a: Tatsugiri|atk|1\n|-immune|p2b: Dondozo\n|-terastallize|p2b: Dondozo|Steel\n|move|p1b: Flutter Mane|Moonblast|p2b: Dondozo\n|-resisted|p2b: Dondozo\n|-activate|p2b: Dondozo|move: Substitute|[damage]\n|move|p2b: Dondozo|Earthquake|p1a: Arcanine|[spread] p1a,p1b\n|-miss|p2b: Dondozo|p2a: Tatsugiri\n|-supereffective|p1a: Arcanine\n|-damage|p1a: Arcanine|0 fnt\n|-damage|p1b: Flutter Mane|0 fnt\n|faint|p1a: Arcanine\n|faint|p1b: Flutter Mane\n|-end|p1b: Flutter Mane|Protosynthesis|[silent]\n|\n|upkeep\n|-message|Riddim415 forfeited.\n|\n|win|UserOmega\n|raw|Riddim415's rating: 1218 → 1196<\/strong> (-22 for losing)\n|raw|UserOmega's rating: 1260 → 1282<\/strong> (+22 for winning)\n|l|\u2606Riddim415\n","uploadtime":1681782199,"views":5,"p1id":"riddim415","p2id":"useromega","formatid":"gen9vgc2023regulationc","rating":1196,"private":0,"password":""}