{"id":"gen9vgc2023regulationc-1856484788","p1":"XZacLee","p2":"Salesforce Sans","format":"[Gen 9] VGC 2023 Regulation C","log":"|j|\u2606XZacLee\n|j|\u2606Salesforce Sans\n|t:|1683066700\n|gametype|doubles\n|player|p1|XZacLee|larry|1544\n|player|p2|Salesforce Sans|lucas-gen4pt|1532\n|teamsize|p1|6\n|teamsize|p2|6\n|gen|9\n|tier|[Gen 9] VGC 2023 Regulation C\n|rated|\n|rule|Species Clause: Limit one of each Pok\u00e9mon\n|rule|Item Clause: Limit one of each item\n|clearpoke\n|poke|p1|Gholdengo, L50|\n|poke|p1|Gyarados, L50, F|\n|poke|p1|Great Tusk, L50|\n|poke|p1|Murkrow, L50, M|\n|poke|p1|Flutter Mane, L50|\n|poke|p1|Chi-Yu, L50|\n|poke|p2|Ceruledge, L50, F|\n|poke|p2|Azumarill, L50, F|\n|poke|p2|Corviknight, L50, F|\n|poke|p2|Chien-Pao, L50|\n|poke|p2|Amoonguss, L50, F|\n|poke|p2|Iron Hands, L50|\n|teampreview|4\nSalesforce Sans has agreed to open team sheets.\nXZacLee has agreed to open team sheets.\n|c|\u2606XZacLee|nice nicknames\n|c|\u2606Salesforce Sans|Thanks lol\n|\n|t:|1683066872\n|start\n|switch|p1a: Murkrow|Murkrow, L50, M|100\/100\n|switch|p1b: Chi-Yu|Chi-Yu, L50|100\/100\n|switch|p2a: Rick Astley|Iron Hands, L50|100\/100\n|switch|p2b: Give You Up|Azumarill, L50, F|100\/100\n|-ability|p1b: Chi-Yu|Beads of Ruin\n|turn|1\n|\n|t:|1683066916\n|move|p1b: Chi-Yu|Protect|p1b: Chi-Yu\n|-singleturn|p1b: Chi-Yu|Protect\n|move|p2b: Give You Up|Protect|p2b: Give You Up\n|-singleturn|p2b: Give You Up|Protect\n|move|p1a: Murkrow|Sunny Day|p1a: Murkrow\n|-weather|SunnyDay\n|move|p2a: Rick Astley|Drain Punch|p1b: Chi-Yu\n|-activate|p1b: Chi-Yu|move: Protect\n|\n|-weather|SunnyDay|[upkeep]\n|upkeep\n|turn|2\n|j| Wyvern129\n|\n|t:|1683066955\n|switch|p2b: Never_Gonna|Ceruledge, L50, F|100\/100\n|move|p1b: Chi-Yu|Heat Wave|p2b: Never_Gonna|[spread] p2a\n|-start|p2b: Never_Gonna|ability: Flash Fire\n|-damage|p2a: Rick Astley|48\/100\n|-damage|p1b: Chi-Yu|91\/100|[from] item: Life Orb\n|move|p1a: Murkrow|Foul Play|p2a: Rick Astley\n|-resisted|p2a: Rick Astley\n|-damage|p2a: Rick Astley|30\/100\n|move|p2a: Rick Astley|Drain Punch|p1b: Chi-Yu\n|-supereffective|p1b: Chi-Yu\n|-damage|p1b: Chi-Yu|0 fnt\n|-heal|p2a: Rick Astley|55\/100|[from] drain|[of] p1b: Chi-Yu\n|faint|p1b: Chi-Yu\n|\n|-weather|SunnyDay|[upkeep]\n|upkeep\n|\n|t:|1683066963\n|switch|p1b: Great Tusk|Great Tusk, L50|100\/100\n|-activate|p1b: Great Tusk|ability: Protosynthesis\n|-start|p1b: Great Tusk|protosynthesisatk\n|turn|3\n|\n|t:|1683066992\n|-terastallize|p2a: Rick Astley|Flying\n|move|p2b: Never_Gonna|Protect|p2b: Never_Gonna\n|-singleturn|p2b: Never_Gonna|Protect\n|move|p1b: Great Tusk|Earthquake|p2a: Rick Astley|[spread] \n|-activate|p2b: Never_Gonna|move: Protect\n|-immune|p1a: Murkrow\n|-immune|p2a: Rick Astley\n|move|p1a: Murkrow|Foul Play|p2b: Never_Gonna\n|-activate|p2b: Never_Gonna|move: Protect\n|move|p2a: Rick Astley|Drain Punch|p1a: Murkrow\n|-damage|p1a: Murkrow|59\/100\n|-heal|p2a: Rick Astley|70\/100|[from] drain|[of] p1a: Murkrow\n|\n|-weather|SunnyDay|[upkeep]\n|upkeep\n|turn|4\n|c| Wyvern129|what did you feed that murkrow\n|c|\u2606XZacLee|wheaties\n|j| chest\n|c|\u2606XZacLee|and a small purple gem\n|\n|t:|1683067046\n|move|p2b: Never_Gonna|Shadow Sneak|p1b: Great Tusk\n|-damage|p1b: Great Tusk|86\/100\n|move|p1b: Great Tusk|Headlong Rush|p2b: Never_Gonna\n|-supereffective|p2b: Never_Gonna\n|-damage|p2b: Never_Gonna|0 fnt\n|-unboost|p1b: Great Tusk|def|1\n|-unboost|p1b: Great Tusk|spd|1\n|faint|p2b: Never_Gonna\n|move|p1a: Murkrow|Foul Play|p2a: Rick Astley\n|-damage|p2a: Rick Astley|33\/100\n|move|p2a: Rick Astley|Wild Charge|p1a: Murkrow\n|-supereffective|p1a: Murkrow\n|-damage|p1a: Murkrow|0 fnt\n|faint|p1a: Murkrow\n|-damage|p2a: Rick Astley|23\/100|[from] Recoil\n|\n|-weather|SunnyDay|[upkeep]\n|upkeep\n|l| chest\n|\n|t:|1683067082\n|switch|p1a: Gholdengo|Gholdengo, L50|100\/100\n|switch|p2b: Run Around|Chien-Pao, L50|100\/100\n|-ability|p2b: Run Around|Sword of Ruin\n|turn|5\n|\n|t:|1683067130\n|move|p1b: Great Tusk|Protect|p1b: Great Tusk\n|-singleturn|p1b: Great Tusk|Protect\n|move|p2b: Run Around|Ice Spinner|p1b: Great Tusk\n|-activate|p1b: Great Tusk|move: Protect\n|move|p1a: Gholdengo|Nasty Plot|p1a: Gholdengo\n|-boost|p1a: Gholdengo|spa|2\n|move|p2a: Rick Astley|Wild Charge|p1a: Gholdengo\n|-damage|p1a: Gholdengo|33\/100\n|-damage|p2a: Rick Astley|9\/100|[from] Recoil\n|\n|-weather|none\n|-end|p1b: Great Tusk|Protosynthesis\n|-heal|p1a: Gholdengo|40\/100|[from] item: Leftovers\n|upkeep\n|turn|6\n|\n|t:|1683067153\n|-terastallize|p1a: Gholdengo|Water\n|move|p2b: Run Around|Ice Spinner|p1b: Great Tusk\n|-supereffective|p1b: Great Tusk\n|-crit|p1b: Great Tusk\n|-damage|p1b: Great Tusk|0 fnt\n|faint|p1b: Great Tusk\n|-end|p1b: Great Tusk|Protosynthesis|[silent]\n|move|p1a: Gholdengo|Make It Rain|p2b: Run Around|[spread] p2a,p2b\n|-supereffective|p2b: Run Around\n|-damage|p2a: Rick Astley|0 fnt\n|-enditem|p2b: Run Around|Focus Sash\n|-damage|p2b: Run Around|1\/100\n|-unboost|p1a: Gholdengo|spa|1\n|faint|p2a: Rick Astley\n|-end|p2a: Rick Astley|Quark Drive|[silent]\n|\n|-heal|p1a: Gholdengo|46\/100|[from] item: Leftovers\n|upkeep\n|\n|t:|1683067168\n|switch|p2a: Give You Up|Azumarill, L50, F|100\/100\n|turn|7\n|\n|t:|1683067181\n|move|p1a: Gholdengo|Protect|p1a: Gholdengo\n|-singleturn|p1a: Gholdengo|Protect\n|move|p2b: Run Around|Sucker Punch||[still]\n|-fail|p2b: Run Around\n|move|p2a: Give You Up|Aqua Jet|p1a: Gholdengo\n|-activate|p1a: Gholdengo|move: Protect\n|\n|-heal|p1a: Gholdengo|52\/100|[from] item: Leftovers\n|upkeep\n|turn|8\n|\n|t:|1683067195\n|move|p2a: Give You Up|Protect|p2a: Give You Up\n|-singleturn|p2a: Give You Up|Protect\n|move|p2b: Run Around|Sucker Punch|p1a: Gholdengo\n|-damage|p1a: Gholdengo|9\/100\n|move|p1a: Gholdengo|Make It Rain|p2b: Run Around|[spread] p2b\n|-activate|p2a: Give You Up|move: Protect\n|-supereffective|p2b: Run Around\n|-damage|p2b: Run Around|0 fnt\n|-unboost|p1a: Gholdengo|spa|1\n|faint|p2b: Run Around\n|\n|-heal|p1a: Gholdengo|15\/100|[from] item: Leftovers\n|upkeep\n|turn|9\n|\n|t:|1683067209\n|move|p1a: Gholdengo|Protect|p1a: Gholdengo\n|-singleturn|p1a: Gholdengo|Protect\n|move|p2a: Give You Up|Liquidation|p1a: Gholdengo\n|-activate|p1a: Gholdengo|move: Protect\n|\n|-heal|p1a: Gholdengo|21\/100|[from] item: Leftovers\n|upkeep\n|turn|10\n|c| Wyvern129|leftovers clutch\n|\n|t:|1683067220\n|move|p1a: Gholdengo|Shadow Ball|p2a: Give You Up\n|-damage|p2a: Give You Up|50\/100\n|-enditem|p2a: Give You Up|Sitrus Berry|[eat]\n|-heal|p2a: Give You Up|75\/100|[from] item: Sitrus Berry\n|move|p2a: Give You Up|Liquidation|p1a: Gholdengo\n|-resisted|p1a: Gholdengo\n|-damage|p1a: Gholdengo|0 fnt\n|faint|p1a: Gholdengo\n|\n|win|Salesforce Sans\n|raw|XZacLee's rating: 1544 → 1523<\/strong> (-21 for losing)\n|raw|Salesforce Sans's rating: 1532 → 1553<\/strong> (+21 for winning)\n|c|\u2606XZacLee|ggs\n|c|\u2606Salesforce Sans|gg\n|c| Wyvern129|wait why didnt you make it rain?\n|c|\u2606XZacLee|at the end?\n|c|\u2606XZacLee|its still neutral but drops my spa\n|c| Wyvern129|yeah but like\n|c| Wyvern129|120 base dmg innit\n|c|\u2606XZacLee|true\n|c|\u2606XZacLee|a crit might have picked up\n|c|\u2606Salesforce Sans|Yeah true\n|c| Wyvern129|the only other way to win was probably landing a double protect\n|c|\u2606XZacLee|i was thinking maybe shadow ball + make it rain second could have worked\n|c| Wyvern129|lowered spd might of came in handy\n","uploadtime":1683067370,"views":4,"p1id":"xzaclee","p2id":"salesforcesans","formatid":"gen9vgc2023regulationc","rating":1523,"private":0,"password":""}