{"id":"gen9vgc2023regulationc-1858895035","p1":"Luknight","p2":"Innho2","format":"[Gen 9] VGC 2023 Regulation C","log":"|j|\u2606Luknight\n|j|\u2606Innho2\n|t:|1683380275\n|gametype|doubles\n|player|p1|Luknight|265|1075\n|player|p2|Innho2|red|1137\n|teamsize|p1|6\n|teamsize|p2|6\n|gen|9\n|tier|[Gen 9] VGC 2023 Regulation C\n|rated|\n|rule|Species Clause: Limit one of each Pok\u00e9mon\n|rule|Item Clause: Limit one of each item\n|clearpoke\n|poke|p1|Klefki, L50, F|\n|poke|p1|Corviknight, L50, F|\n|poke|p1|Gastrodon, L50, F|\n|poke|p1|Ting-Lu, L50|\n|poke|p1|Amoonguss, L50, F|\n|poke|p1|Arcanine, L50, M|\n|poke|p2|Arcanine, L50, F|\n|poke|p2|Iron Bundle, L50|\n|poke|p2|Amoonguss, L50, M|\n|poke|p2|Iron Valiant, L50|\n|poke|p2|Annihilape, L50, F|\n|poke|p2|Chi-Yu, L50|\n|teampreview|4\n|inactive|Battle timer is ON: inactive players will automatically lose when time's up. (requested by Luknight)\n|inactive|Luknight has 60 seconds left.\n|\n|t:|1683380378\n|start\n|switch|p1a: Corviknight|Corviknight, L50, F|100\/100\n|switch|p1b: Klefki|Klefki, L50, F|100\/100\n|switch|p2a: Iron Bundle|Iron Bundle, L50|100\/100\n|switch|p2b: Amoonguss|Amoonguss, L50, M|100\/100\n|turn|1\n|inactive|Luknight has 30 seconds left.\n|inactive|Innho2 has 30 seconds left.\n|inactive|Luknight has 20 seconds left.\n|inactive|Innho2 has 20 seconds left.\n|inactive|Luknight has 15 seconds left.\n|inactive|Innho2 has 15 seconds left.\n|inactive|Luknight has 10 seconds left.\n|inactive|Innho2 has 10 seconds left.\n|\n|t:|1683380425\n|move|p1b: Klefki|Light Screen|p1b: Klefki\n|-sidestart|p1: Luknight|move: Light Screen\n|move|p2a: Iron Bundle|Hydro Pump|p1a: Corviknight\n|-damage|p1a: Corviknight|67\/100\n|move|p1a: Corviknight|Roost|p1a: Corviknight\n|-heal|p1a: Corviknight|100\/100\n|-singleturn|p1a: Corviknight|move: Roost\n|move|p2b: Amoonguss|Spore|p1b: Klefki\n|-status|p1b: Klefki|slp|[from] move: Spore\n|\n|upkeep\n|turn|2\n|inactive|Luknight has 30 seconds left.\n|inactive|Innho2 has 30 seconds left.\n|\n|t:|1683380455\n|cant|p1b: Klefki|slp\n|move|p2a: Iron Bundle|Hydro Pump|p1a: Corviknight\n|-damage|p1a: Corviknight|65\/100\n|move|p1a: Corviknight|Body Press|p2a: Iron Bundle\n|-supereffective|p2a: Iron Bundle\n|-damage|p2a: Iron Bundle|49\/100\n|move|p2b: Amoonguss|Spore|p1a: Corviknight\n|-status|p1a: Corviknight|slp|[from] move: Spore\n|\n|upkeep\n|turn|3\n|\n|t:|1683380472\n|-end|p2a: Iron Bundle|Quark Drive|[silent]\n|switch|p2a: Chi-Yu|Chi-Yu, L50|100\/100\n|-ability|p2a: Chi-Yu|Beads of Ruin\n|move|p2b: Amoonguss|Rage Powder|p2b: Amoonguss\n|-singleturn|p2b: Amoonguss|move: Rage Powder\n|cant|p1b: Klefki|slp\n|cant|p1a: Corviknight|slp\n|\n|upkeep\n|turn|4\n|inactive|Luknight has 30 seconds left.\n|\n|t:|1683380505\n|switch|p1b: Ting-Lu|Ting-Lu, L50|100\/100\n|-ability|p1b: Ting-Lu|Vessel of Ruin\n|switch|p1a: Gastrodon|Gastrodon, L50, F|100\/100\n|move|p2a: Chi-Yu|Heat Wave|p1a: Gastrodon|[spread] p1a,p1b\n|-resisted|p1a: Gastrodon\n|-damage|p1a: Gastrodon|83\/100\n|-damage|p1b: Ting-Lu|80\/100\n|move|p2b: Amoonguss|Spore|p1b: Ting-Lu\n|-status|p1b: Ting-Lu|slp|[from] move: Spore\n|\n|-heal|p1a: Gastrodon|89\/100|[from] item: Leftovers\n|upkeep\n|turn|5\n|inactive|Luknight has 30 seconds left.\n|inactive|Luknight has 20 seconds left.\n|\n|t:|1683380541\n|switch|p2a: Annihilape|Annihilape, L50, F|100\/100\n|-terastallize|p1a: Gastrodon|Flying\n|cant|p1b: Ting-Lu|slp\n|move|p1a: Gastrodon|Tera Blast|p2b: Amoonguss\n|-supereffective|p2b: Amoonguss\n|-damage|p2b: Amoonguss|53\/100\n|move|p2b: Amoonguss|Spore|p1a: Gastrodon\n|-status|p1a: Gastrodon|slp|[from] move: Spore\n|\n|-heal|p1a: Gastrodon|96\/100 slp|[from] item: Leftovers\n|upkeep\n|turn|6\n|inactive|Luknight has 30 seconds left.\n|inactive|Luknight has 20 seconds left.\n|\n|t:|1683380579\n|move|p2a: Annihilape|Bulk Up|p2a: Annihilape\n|-boost|p2a: Annihilape|atk|1\n|-boost|p2a: Annihilape|def|1\n|cant|p1b: Ting-Lu|slp\n|cant|p1a: Gastrodon|slp\n|move|p2b: Amoonguss|Pollen Puff|p1b: Ting-Lu\n|-supereffective|p1b: Ting-Lu\n|-damage|p1b: Ting-Lu|70\/100 slp\n|\n|-heal|p1a: Gastrodon|100\/100 slp|[from] item: Leftovers\n|upkeep\n|turn|7\n|\n|t:|1683380601\n|move|p2a: Annihilape|Bulk Up|p2a: Annihilape\n|-boost|p2a: Annihilape|atk|1\n|-boost|p2a: Annihilape|def|1\n|cant|p1b: Ting-Lu|slp\n|cant|p1a: Gastrodon|slp\n|move|p2b: Amoonguss|Spore|p1b: Ting-Lu\n|-fail|p1b: Ting-Lu|slp\n|\n|upkeep\n|turn|8\n|\n|t:|1683380617\n|move|p2a: Annihilape|Drain Punch|p1b: Ting-Lu\n|-supereffective|p1b: Ting-Lu\n|-damage|p1b: Ting-Lu|0 fnt\n|faint|p1b: Ting-Lu\n|cant|p1a: Gastrodon|slp\n|move|p2b: Amoonguss|Spore|p1a: Gastrodon\n|-fail|p1a: Gastrodon|slp\n|\n|-sideend|p1: Luknight|move: Light Screen\n|upkeep\n|\n|t:|1683380631\n|switch|p1b: Corviknight|Corviknight, L50, F|65\/100 slp\n|turn|9\n|\n|t:|1683380646\n|move|p2a: Annihilape|Rage Fist|p1a: Gastrodon\n|-damage|p1a: Gastrodon|50\/100 slp\n|cant|p1b: Corviknight|slp\n|-curestatus|p1a: Gastrodon|slp|[msg]\n|move|p1a: Gastrodon|Tera Blast|p2a: Annihilape\n|-supereffective|p2a: Annihilape\n|-damage|p2a: Annihilape|45\/100\n|move|p2b: Amoonguss|Spore|p1a: Gastrodon\n|-status|p1a: Gastrodon|slp|[from] move: Spore\n|\n|-heal|p2a: Annihilape|51\/100|[from] item: Leftovers\n|-heal|p1a: Gastrodon|56\/100 slp|[from] item: Leftovers\n|upkeep\n|turn|10\n|inactive|Innho2 has 30 seconds left.\n|\n|t:|1683380673\n|-terastallize|p2a: Annihilape|Fire\n|move|p2b: Amoonguss|Rage Powder|p2b: Amoonguss\n|-singleturn|p2b: Amoonguss|move: Rage Powder\n|move|p2a: Annihilape|Rage Fist|p1b: Corviknight\n|-damage|p1b: Corviknight|0 fnt\n|faint|p1b: Corviknight\n|cant|p1a: Gastrodon|slp\n|\n|-heal|p2a: Annihilape|57\/100|[from] item: Leftovers\n|-heal|p1a: Gastrodon|62\/100 slp|[from] item: Leftovers\n|upkeep\n|\n|t:|1683380684\n|switch|p1b: Klefki|Klefki, L50, F|100\/100 slp\n|turn|11\n|\n|t:|1683380706\n|move|p2a: Annihilape|Rage Fist|p1b: Klefki\n|-damage|p1b: Klefki|1\/100 slp\n|-curestatus|p1b: Klefki|slp|[msg]\n|move|p1b: Klefki|Dazzling Gleam|p2b: Amoonguss|[spread] p2a,p2b\n|-resisted|p2a: Annihilape\n|-resisted|p2b: Amoonguss\n|-damage|p2a: Annihilape|49\/100\n|-damage|p2b: Amoonguss|46\/100\n|-enditem|p2b: Amoonguss|Sitrus Berry|[eat]\n|-heal|p2b: Amoonguss|71\/100|[from] item: Sitrus Berry\n|cant|p1a: Gastrodon|slp\n|move|p2b: Amoonguss|Spore|p1a: Gastrodon\n|-fail|p1a: Gastrodon|slp\n|\n|-heal|p2a: Annihilape|55\/100|[from] item: Leftovers\n|-heal|p1a: Gastrodon|68\/100 slp|[from] item: Leftovers\n|upkeep\n|turn|12\n|inactive|Luknight has 30 seconds left.\n|inactive|Innho2 has 30 seconds left.\n|\n|t:|1683380736\n|move|p2a: Annihilape|Protect|p2a: Annihilape\n|-singleturn|p2a: Annihilape|Protect\n|move|p1b: Klefki|Dazzling Gleam|p2a: Annihilape|[spread] p2b\n|-activate|p2a: Annihilape|move: Protect\n|-resisted|p2b: Amoonguss\n|-damage|p2b: Amoonguss|64\/100\n|cant|p1a: Gastrodon|slp\n|move|p2b: Amoonguss|Pollen Puff|p1b: Klefki\n|-resisted|p1b: Klefki\n|-damage|p1b: Klefki|0 fnt\n|faint|p1b: Klefki\n|\n|-heal|p2a: Annihilape|61\/100|[from] item: Leftovers\n|-heal|p1a: Gastrodon|75\/100 slp|[from] item: Leftovers\n|upkeep\n|turn|13\n|-message|Luknight forfeited.\n|\n|win|Innho2\n|raw|Luknight's rating: 1075 → 1058<\/strong> (-17 for losing)\n|raw|Innho2's rating: 1137 → 1158<\/strong> (+21 for winning)\n|l|\u2606Luknight\n","uploadtime":1683380768,"views":12,"p1id":"luknight","p2id":"innho2","formatid":"gen9vgc2023regulationc","rating":1058,"private":0,"password":""}