{"id":"gen9vgc2023regulationc-1859591094","p1":"Enemypie","p2":"DohBoy337","format":"[Gen 9] VGC 2023 Regulation C","log":"|j|\u2606Enemypie\n|j|\u2606DohBoy337\n|t:|1683546168\n|gametype|doubles\n|player|p1|Enemypie|hilbert-wonderlauncher|1000\n|player|p2|DohBoy337|preschooler|1042\n|teamsize|p1|6\n|teamsize|p2|6\n|gen|9\n|tier|[Gen 9] VGC 2023 Regulation C\n|rated|\n|rule|Species Clause: Limit one of each Pok\u00e9mon\n|rule|Item Clause: Limit one of each item\n|clearpoke\n|poke|p1|Chien-Pao, L50|\n|poke|p1|Dragapult, L50, F|\n|poke|p1|Ting-Lu, L50|\n|poke|p1|Amoonguss, L50, M|\n|poke|p1|Indeedee-F, L50, F|\n|poke|p1|Armarouge, L50, F|\n|poke|p2|Dragonite, L50, M|\n|poke|p2|Ting-Lu, L50|\n|poke|p2|Maushold, L50|\n|poke|p2|Flutter Mane, L50|\n|poke|p2|Chien-Pao, L50|\n|poke|p2|Annihilape, L50, F|\n|teampreview|4\n|\n|t:|1683546194\n|start\n|switch|p1a: Chien-Pao|Chien-Pao, L50|100\/100\n|switch|p1b: Dragapult|Dragapult, L50, F|100\/100\n|switch|p2a: Dragonite|Dragonite, L50, M|100\/100\n|switch|p2b: Chien-Pao|Chien-Pao, L50|100\/100\n|-ability|p1a: Chien-Pao|Sword of Ruin\n|-ability|p2b: Chien-Pao|Sword of Ruin\n|turn|1\n|\n|t:|1683546226\n|move|p2a: Dragonite|Extreme Speed|p1a: Chien-Pao\n|-damage|p1a: Chien-Pao|36\/100\n|move|p2b: Chien-Pao|Sucker Punch|p1b: Dragapult\n|-supereffective|p1b: Dragapult\n|-damage|p1b: Dragapult|0 fnt\n|faint|p1b: Dragapult\n|move|p1a: Chien-Pao|Sacred Sword|p2b: Chien-Pao\n|-supereffective|p2b: Chien-Pao\n|-enditem|p2b: Chien-Pao|Focus Sash\n|-damage|p2b: Chien-Pao|1\/100\n|\n|upkeep\n|\n|t:|1683546239\n|switch|p1b: Amoonguss|Amoonguss, L50, M|100\/100\n|turn|2\n|\n|t:|1683546249\n|switch|p2a: Ting-Lu|Ting-Lu, L50|100\/100\n|-ability|p2a: Ting-Lu|Vessel of Ruin\n|move|p2b: Chien-Pao|Sucker Punch|p1a: Chien-Pao\n|-resisted|p1a: Chien-Pao\n|-damage|p1a: Chien-Pao|10\/100\n|move|p1a: Chien-Pao|Sacred Sword|p2b: Chien-Pao\n|-supereffective|p2b: Chien-Pao\n|-damage|p2b: Chien-Pao|0 fnt\n|faint|p2b: Chien-Pao\n|move|p1b: Amoonguss|Spore|p2a: Ting-Lu\n|-status|p2a: Ting-Lu|slp|[from] move: Spore\n|\n|upkeep\n|\n|t:|1683546264\n|switch|p2b: Dragonite|Dragonite, L50, M|100\/100\n|turn|3\n|inactive|Battle timer is ON: inactive players will automatically lose when time's up. (requested by Enemypie)\n|inactive|DohBoy337 has 60 seconds left.\n|inactive|DohBoy337 has 30 seconds left.\n|inactive|DohBoy337 has 20 seconds left.\n|inactive|DohBoy337 has 15 seconds left.\n|inactive|DohBoy337 has 10 seconds left.\n|inactive|DohBoy337 has 5 seconds left.\n|\n|t:|1683546431\n|switch|p1a: Ting-Lu|Ting-Lu, L50|100\/100\n|-ability|p1a: Ting-Lu|Vessel of Ruin\n|move|p2b: Dragonite|Extreme Speed|p1b: Amoonguss\n|-damage|p1b: Amoonguss|48\/100\n|cant|p2a: Ting-Lu|slp\n|move|p1b: Amoonguss|Spore|p2b: Dragonite\n|-status|p2b: Dragonite|slp|[from] move: Spore\n|\n|-heal|p1b: Amoonguss|54\/100|[from] item: Black Sludge\n|upkeep\n|turn|4\n|inactive|DohBoy337 has 30 seconds left.\n|inactive|DohBoy337 has 20 seconds left.\n|\n|t:|1683546467\n|switch|p2b: Flutter Mane|Flutter Mane, L50|100\/100\n|move|p1a: Ting-Lu|Fissure|p2a: Ting-Lu\n|-damage|p2a: Ting-Lu|0 fnt\n|faint|p2a: Ting-Lu\n|-ohko\n|move|p1b: Amoonguss|Clear Smog|p2b: Flutter Mane\n|-damage|p2b: Flutter Mane|84\/100\n|-clearboost|p2b: Flutter Mane\n|\n|-heal|p1b: Amoonguss|60\/100|[from] item: Black Sludge\n|upkeep\n|\n|t:|1683546484\n|switch|p2a: Dragonite|Dragonite, L50, M|100\/100 slp\n|turn|5\n|\n|t:|1683546506\n|-terastallize|p2b: Flutter Mane|Fairy\n|cant|p2a: Dragonite|slp\n|move|p2b: Flutter Mane|Dazzling Gleam|p1b: Amoonguss|[spread] p1a,p1b\n|-supereffective|p1a: Ting-Lu\n|-resisted|p1b: Amoonguss\n|-damage|p1a: Ting-Lu|17\/100\n|-damage|p1b: Amoonguss|35\/100\n|move|p1a: Ting-Lu|Heavy Slam|p2b: Flutter Mane\n|-supereffective|p2b: Flutter Mane\n|-damage|p2b: Flutter Mane|0 fnt\n|faint|p2b: Flutter Mane\n|-end|p2b: Flutter Mane|Protosynthesis|[silent]\n|move|p1b: Amoonguss|Clear Smog|p2a: Dragonite\n|-damage|p2a: Dragonite|91\/100 slp\n|-clearboost|p2a: Dragonite\n|\n|-heal|p1a: Ting-Lu|23\/100|[from] item: Leftovers\n|-heal|p1b: Amoonguss|41\/100|[from] item: Black Sludge\n|upkeep\n|turn|6\n|inactive|DohBoy337 has 30 seconds left.\n|\n|t:|1683546536\n|cant|p2a: Dragonite|slp\n|move|p1a: Ting-Lu|Heavy Slam|p2a: Dragonite\n|-crit|p2a: Dragonite\n|-damage|p2a: Dragonite|42\/100 slp\n|move|p1b: Amoonguss|Pollen Puff|p1a: Ting-Lu\n|-heal|p1a: Ting-Lu|73\/100\n|\n|-heal|p1a: Ting-Lu|79\/100|[from] item: Leftovers\n|-heal|p1b: Amoonguss|47\/100|[from] item: Black Sludge\n|upkeep\n|turn|7\n|\n|t:|1683546550\n|-curestatus|p2a: Dragonite|slp|[msg]\n|move|p2a: Dragonite|Extreme Speed|p1b: Amoonguss\n|-damage|p1b: Amoonguss|0 fnt\n|faint|p1b: Amoonguss\n|move|p1a: Ting-Lu|Heavy Slam|p2a: Dragonite\n|-damage|p2a: Dragonite|10\/100\n|\n|-heal|p1a: Ting-Lu|85\/100|[from] item: Leftovers\n|upkeep\n|\n|t:|1683546557\n|switch|p1b: Chien-Pao|Chien-Pao, L50|10\/100\n|-ability|p1b: Chien-Pao|Sword of Ruin\n|turn|8\n|inactive|DohBoy337 has 30 seconds left.\n|inactive|DohBoy337 has 20 seconds left.\n|\n|t:|1683546595\n|move|p2a: Dragonite|Extreme Speed|p1b: Chien-Pao\n|-damage|p1b: Chien-Pao|0 fnt\n|faint|p1b: Chien-Pao\n|move|p1a: Ting-Lu|Heavy Slam|p2a: Dragonite\n|-damage|p2a: Dragonite|0 fnt\n|faint|p2a: Dragonite\n|\n|win|Enemypie\n|raw|Enemypie's rating: 1000 → 1045<\/strong> (+45 for winning)\n|raw|DohBoy337's rating: 1042 → 1024<\/strong> (-18 for losing)\n|l|\u2606DohBoy337\n","uploadtime":1683546613,"views":6,"p1id":"enemypie","p2id":"dohboy337","formatid":"gen9vgc2023regulationc","rating":1024,"private":0,"password":""}