{"id":"gen9vgc2023regulationc-1864176859","p1":"xnhdh","p2":"KrysZ","format":"[Gen 9] VGC 2023 Regulation C","log":"|j|\u2606xnhdh\n|j|\u2606KrysZ\n|t:|1684130659\n|gametype|doubles\n|player|p1|xnhdh|102|1036\n|player|p2|KrysZ|265|1033\n|teamsize|p1|6\n|teamsize|p2|6\n|gen|9\n|tier|[Gen 9] VGC 2023 Regulation C\n|rated|\n|rule|Species Clause: Limit one of each Pok\u00e9mon\n|rule|Item Clause: Limit one of each item\n|clearpoke\n|poke|p1|Iron Valiant, L50|\n|poke|p1|Iron Bundle, L50|\n|poke|p1|Chi-Yu, L50|\n|poke|p1|Flutter Mane, L50|\n|poke|p1|Amoonguss, L50, M|\n|poke|p1|Talonflame, L50, M|\n|poke|p2|Arcanine, L50, M|\n|poke|p2|Dragonite, L50, M|\n|poke|p2|Glimmora, L50, F|\n|poke|p2|Ting-Lu, L50|\n|poke|p2|Wo-Chien, L50|\n|poke|p2|Iron Hands, L50|\n|teampreview|4\n|inactive|Battle timer is ON: inactive players will automatically lose when time's up. (requested by xnhdh)\n|inactive|KrysZ has 60 seconds left.\nxnhdh rejected open team sheets.\n|\n|t:|1684130753\n|start\n|switch|p1a: Chi-Yu|Chi-Yu, L50|100\/100\n|switch|p1b: Flutter Mane|Flutter Mane, L50|100\/100\n|switch|p2a: Ting-Lu|Ting-Lu, L50|100\/100\n|switch|p2b: Arcanine|Arcanine, L50, M|100\/100\n|-ability|p1a: Chi-Yu|Beads of Ruin\n|-ability|p2b: Arcanine|Intimidate|boost\n|-unboost|p1a: Chi-Yu|atk|1\n|-unboost|p1b: Flutter Mane|atk|1\n|-ability|p2a: Ting-Lu|Vessel of Ruin\n|-enditem|p1b: Flutter Mane|Booster Energy\n|-activate|p1b: Flutter Mane|ability: Protosynthesis|[fromitem]\n|-start|p1b: Flutter Mane|protosynthesisspa\n|turn|1\n|inactive|xnhdh has 30 seconds left.\n|\n|t:|1684130783\n|move|p1a: Chi-Yu|Protect|p1a: Chi-Yu\n|-singleturn|p1a: Chi-Yu|Protect\n|move|p1b: Flutter Mane|Moonblast|p2a: Ting-Lu\n|-supereffective|p2a: Ting-Lu\n|-damage|p2a: Ting-Lu|6\/100\n|move|p2b: Arcanine|Snarl|p1a: Chi-Yu|[spread] p1b\n|-activate|p1a: Chi-Yu|move: Protect\n|-damage|p1b: Flutter Mane|92\/100\n|-unboost|p1b: Flutter Mane|spa|1\n|move|p2a: Ting-Lu|Sand Tomb|p1b: Flutter Mane\n|-damage|p1b: Flutter Mane|74\/100\n|-activate|p1b: Flutter Mane|move: Sand Tomb|[of] p2a: Ting-Lu\n|\n|-heal|p2a: Ting-Lu|12\/100|[from] item: Leftovers\n|-damage|p1b: Flutter Mane|62\/100|[from] move: Sand Tomb|[partiallytrapped]\n|upkeep\n|turn|2\n|\n|t:|1684130797\n|move|p2a: Ting-Lu|Protect|p2a: Ting-Lu\n|-singleturn|p2a: Ting-Lu|Protect\n|move|p1a: Chi-Yu|Dark Pulse|p2b: Arcanine\n|-damage|p2b: Arcanine|54\/100\n|move|p1b: Flutter Mane|Dazzling Gleam|p2b: Arcanine|[spread] p2b\n|-activate|p2a: Ting-Lu|move: Protect\n|-resisted|p2b: Arcanine\n|-damage|p2b: Arcanine|42\/100\n|move|p2b: Arcanine|Snarl|p1b: Flutter Mane|[spread] p1a,p1b\n|-resisted|p1a: Chi-Yu\n|-damage|p1a: Chi-Yu|97\/100\n|-damage|p1b: Flutter Mane|53\/100\n|-unboost|p1a: Chi-Yu|spa|1\n|-unboost|p1b: Flutter Mane|spa|1\n|\n|-heal|p2a: Ting-Lu|18\/100|[from] item: Leftovers\n|-damage|p1b: Flutter Mane|41\/100|[from] move: Sand Tomb|[partiallytrapped]\n|upkeep\n|turn|3\n|\n|t:|1684130821\n|move|p2a: Ting-Lu|Protect|p2a: Ting-Lu\n|-singleturn|p2a: Ting-Lu|Protect\n|move|p1a: Chi-Yu|Nasty Plot|p1a: Chi-Yu\n|-boost|p1a: Chi-Yu|spa|2\n|move|p1b: Flutter Mane|Dazzling Gleam|p2a: Ting-Lu|[spread] p2b\n|-activate|p2a: Ting-Lu|move: Protect\n|-resisted|p2b: Arcanine\n|-damage|p2b: Arcanine|31\/100\n|move|p2b: Arcanine|Snarl|p1a: Chi-Yu|[spread] p1a,p1b\n|-resisted|p1a: Chi-Yu\n|-damage|p1a: Chi-Yu|92\/100\n|-damage|p1b: Flutter Mane|33\/100\n|-unboost|p1a: Chi-Yu|spa|1\n|-unboost|p1b: Flutter Mane|spa|1\n|\n|-heal|p2a: Ting-Lu|24\/100|[from] item: Leftovers\n|-damage|p1b: Flutter Mane|20\/100|[from] move: Sand Tomb|[partiallytrapped]\n|upkeep\n|turn|4\n|inactive|KrysZ has 30 seconds left.\n|\n|t:|1684130848\n|move|p2b: Arcanine|Extreme Speed|p1a: Chi-Yu\n|-damage|p1a: Chi-Yu|59\/100\n|move|p1a: Chi-Yu|Nasty Plot|p1a: Chi-Yu\n|-boost|p1a: Chi-Yu|spa|2\n|move|p1b: Flutter Mane|Moonblast|p2a: Ting-Lu\n|-supereffective|p2a: Ting-Lu\n|-damage|p2a: Ting-Lu|0 fnt\n|faint|p2a: Ting-Lu\n|\n|-end|p1b: Flutter Mane|Sand Tomb|[partiallytrapped]|[silent]\n|upkeep\n|\n|t:|1684130857\n|switch|p2a: Glimmora|Glimmora, L50, F|100\/100\n|-item|p2a: Glimmora|Air Balloon\n|turn|5\n|\n|t:|1684130873\n|-end|p1b: Flutter Mane|Protosynthesis|[silent]\n|switch|p1b: Amoonguss|Amoonguss, L50, M|100\/100\n|-terastallize|p1a: Chi-Yu|Ghost\n|move|p2a: Glimmora|Spiky Shield|p2a: Glimmora\n|-singleturn|p2a: Glimmora|move: Protect\n|move|p1a: Chi-Yu|Dark Pulse|p2a: Glimmora\n|-activate|p2a: Glimmora|move: Protect\n|move|p2b: Arcanine|Flare Blitz|p1b: Amoonguss\n|-supereffective|p1b: Amoonguss\n|-damage|p1b: Amoonguss|24\/100\n|-enditem|p1b: Amoonguss|Sitrus Berry|[eat]\n|-heal|p1b: Amoonguss|49\/100|[from] item: Sitrus Berry\n|-damage|p2b: Arcanine|3\/100|[from] Recoil\n|\n|upkeep\n|turn|6\n|\n|t:|1684130892\n|move|p1b: Amoonguss|Rage Powder|p1b: Amoonguss\n|-singleturn|p1b: Amoonguss|move: Rage Powder\n|move|p1a: Chi-Yu|Dark Pulse|p2a: Glimmora\n|-damage|p2a: Glimmora|0 fnt\n|-enditem|p2a: Glimmora|Air Balloon\n|faint|p2a: Glimmora\n|move|p2b: Arcanine|Flare Blitz|p1a: Chi-Yu\n|-damage|p1a: Chi-Yu|0 fnt\n|faint|p1a: Chi-Yu\n|-damage|p2b: Arcanine|0 fnt|[from] Recoil\n|faint|p2b: Arcanine\n|\n|upkeep\n|\n|t:|1684130908\n|switch|p1a: Iron Valiant|Iron Valiant, L50|100\/100\n|switch|p2b: Wo-Chien|Wo-Chien, L50|100\/100\n|-ability|p2b: Wo-Chien|Tablets of Ruin\n|turn|7\n|-message|KrysZ forfeited.\n|\n|win|xnhdh\n|raw|xnhdh's rating: 1036 → 1069<\/strong> (+33 for winning)\n|raw|KrysZ's rating: 1022 → 1009<\/strong> (-13 for losing)\n|l|\u2606KrysZ\n","uploadtime":1684130949,"views":8,"p1id":"xnhdh","p2id":"krysz","formatid":"gen9vgc2023regulationc","rating":1009,"private":0,"password":""}