{"id":"gen9vgc2023regulationc-1849090306","p1":"uka_aokai","p2":"Maxman101100","format":"[Gen 9] VGC 2023 Regulation C","log":"|j|\u2606uka_aokai\n|j|\u2606Maxman101100\n|t:|1682153419\n|gametype|doubles\n|player|p1|uka_aokai|dawn|1771\n|player|p2|Maxman101100|iris-gen5bw2|1696\n|teamsize|p1|6\n|teamsize|p2|6\n|gen|9\n|tier|[Gen 9] VGC 2023 Regulation C\n|rated|\n|rule|Species Clause: Limit one of each Pok\u00e9mon\n|rule|Item Clause: Limit one of each item\n|clearpoke\n|poke|p1|Flutter Mane, L50|\n|poke|p1|Chi-Yu, L50|\n|poke|p1|Torkoal, L50, F|\n|poke|p1|Roaring Moon, L50|\n|poke|p1|Dondozo, L50, M|\n|poke|p1|Tatsugiri, L50, F|\n|poke|p2|Annihilape, L50, M|\n|poke|p2|Maushold, L50|\n|poke|p2|Baxcalibur, L50, F|\n|poke|p2|Ting-Lu, L50|\n|poke|p2|Flutter Mane, L50|\n|poke|p2|Talonflame, L50, M|\n|teampreview|4\n|j| philmega\n|inactive|Battle timer is ON: inactive players will automatically lose when time's up. (requested by Maxman101100)\n|j| MondayXyz\n|\n|t:|1682153448\n|start\n|switch|p1a: Dondozo|Dondozo, L50, M|100\/100\n|switch|p1b: Roaring Moon|Roaring Moon, L50|100\/100\n|switch|p2a: Ting-Lucifer|Ting-Lu, L50|100\/100\n|switch|p2b: Flame Talon|Talonflame, L50, M|100\/100\n|-ability|p2a: Ting-Lucifer|Vessel of Ruin\n|turn|1\n|inactive|uka_aokai has 30 seconds left.\n|\n|t:|1682153477\n|move|p2b: Flame Talon|Tailwind|p2b: Flame Talon\n|-sidestart|p2: Maxman101100|move: Tailwind\n|move|p1b: Roaring Moon|Breaking Swipe|p2a: Ting-Lucifer|[spread] p2a,p2b\n|-damage|p2a: Ting-Lucifer|88\/100\n|-damage|p2b: Flame Talon|67\/100\n|-unboost|p2a: Ting-Lucifer|atk|1\n|-unboost|p2b: Flame Talon|atk|1\n|move|p2a: Ting-Lucifer|Ruination|p1a: Dondozo\n|-damage|p1a: Dondozo|51\/100\n|move|p1a: Dondozo|Wave Crash|p2b: Flame Talon\n|-supereffective|p2b: Flame Talon\n|-damage|p2b: Flame Talon|0 fnt\n|faint|p2b: Flame Talon\n|-damage|p1a: Dondozo|37\/100|[from] Recoil\n|\n|-heal|p1a: Dondozo|44\/100|[from] item: Leftovers\n|upkeep\n|\n|t:|1682153494\n|switch|p2b: Goomah|Flutter Mane, L50|100\/100\n|-enditem|p2b: Goomah|Booster Energy\n|-activate|p2b: Goomah|ability: Protosynthesis|[fromitem]\n|-start|p2b: Goomah|protosynthesisspa\n|turn|2\n|\n|t:|1682153510\n|switch|p2a: Snojira|Baxcalibur, L50, F, shiny|100\/100\n|-terastallize|p2b: Goomah|Fairy\n|-terastallize|p1b: Roaring Moon|Fire\n|move|p2b: Goomah|Moonblast|p1a: Dondozo\n|-damage|p1a: Dondozo|0 fnt\n|faint|p1a: Dondozo\n|move|p1b: Roaring Moon|Tailwind|p1b: Roaring Moon\n|-sidestart|p1: uka_aokai|move: Tailwind\n|\n|upkeep\n|\n|t:|1682153524\n|switch|p1a: Flutter Mane|Flutter Mane, L50|100\/100\n|turn|3\n|\n|t:|1682153534\n|move|p2a: Snojira|Protect|p2a: Snojira\n|-singleturn|p2a: Snojira|Protect\n|move|p1b: Roaring Moon|Breaking Swipe|p2a: Snojira|[spread] \n|-activate|p2a: Snojira|move: Protect\n|-immune|p2b: Goomah\n|move|p1a: Flutter Mane|Dazzling Gleam|p2a: Snojira|[spread] p2b\n|-activate|p2a: Snojira|move: Protect\n|-damage|p2b: Goomah|69\/100\n|move|p2b: Goomah|Shadow Ball|p1a: Flutter Mane\n|-supereffective|p1a: Flutter Mane\n|-enditem|p1a: Flutter Mane|Focus Sash\n|-damage|p1a: Flutter Mane|1\/100\n|\n|upkeep\n|turn|4\n|\n|t:|1682153553\n|move|p2a: Snojira|Ice Shard|p1a: Flutter Mane\n|-damage|p1a: Flutter Mane|0 fnt\n|faint|p1a: Flutter Mane\n|-end|p1a: Flutter Mane|Protosynthesis|[silent]\n|move|p1b: Roaring Moon|Breaking Swipe|p2b: Goomah|[spread] p2a\n|-immune|p2b: Goomah\n|-supereffective|p2a: Snojira\n|-damage|p2a: Snojira|64\/100\n|-unboost|p2a: Snojira|atk|1\n|move|p2b: Goomah|Shadow Ball|p1b: Roaring Moon\n|-damage|p1b: Roaring Moon|52\/100\n|\n|-sideend|p2: Maxman101100|move: Tailwind\n|upkeep\n|\n|t:|1682153567\n|switch|p1a: Torkoal|Torkoal, L50, F|100\/100\n|-weather|SunnyDay|[from] ability: Drought|[of] p1a: Torkoal\n|-activate|p1b: Roaring Moon|ability: Protosynthesis\n|-start|p1b: Roaring Moon|protosynthesisspe\n|turn|5\n|\n|t:|1682153583\n|move|p1b: Roaring Moon|Roost|p1b: Roaring Moon\n|-heal|p1b: Roaring Moon|100\/100\n|move|p1a: Torkoal|Eruption|p2a: Snojira|[spread] p2a,p2b\n|-damage|p2a: Snojira|0 fnt\n|-damage|p2b: Goomah|6\/100\n|faint|p2a: Snojira\n|move|p2b: Goomah|Shadow Ball|p1a: Torkoal\n|-crit|p1a: Torkoal\n|-damage|p1a: Torkoal|0 fnt\n|faint|p1a: Torkoal\n|\n|-weather|SunnyDay|[upkeep]\n|-sideend|p1: uka_aokai|move: Tailwind\n|upkeep\n|\n|t:|1682153588\n|switch|p2a: Ting-Lucifer|Ting-Lu, L50|88\/100\n|-ability|p2a: Ting-Lucifer|Vessel of Ruin\n|turn|6\n|\n|t:|1682153608\n|move|p1b: Roaring Moon|Jaw Lock|p2b: Goomah\n|-resisted|p2b: Goomah\n|-damage|p2b: Goomah|0 fnt\n|faint|p2b: Goomah\n|-end|p2b: Goomah|Protosynthesis|[silent]\n|move|p2a: Ting-Lucifer|Stomping Tantrum|p1b: Roaring Moon\n|-supereffective|p1b: Roaring Moon\n|-damage|p1b: Roaring Moon|22\/100\n|\n|-weather|SunnyDay|[upkeep]\n|upkeep\n|turn|7\n|\n|t:|1682153619\n|move|p1b: Roaring Moon|Roost|p1b: Roaring Moon\n|-heal|p1b: Roaring Moon|72\/100\n|move|p2a: Ting-Lucifer|Earthquake|p1b: Roaring Moon\n|-supereffective|p1b: Roaring Moon\n|-damage|p1b: Roaring Moon|0 fnt\n|faint|p1b: Roaring Moon\n|-end|p1b: Roaring Moon|Protosynthesis|[silent]\n|\n|win|Maxman101100\n|raw|uka_aokai's rating: 1771 → 1747<\/strong> (-24 for losing)\n|raw|Maxman101100's rating: 1696 → 1720<\/strong> (+24 for winning)\n|l| MondayXyz\n|l| philmega\n|l|\u2606uka_aokai\n","uploadtime":1682153628,"views":9,"p1id":"ukaaokai","p2id":"maxman101100","formatid":"gen9vgc2023regulationc","rating":1720,"private":0,"password":""}