{"id":"gen9vgc2023regulationc-1862225519","p1":"stahmpede","p2":"LuccaNR","format":"[Gen 9] VGC 2023 Regulation C","log":"|j|\u2606stahmpede\n|j|\u2606LuccaNR\n|t:|1683851824\n|gametype|doubles\n|player|p1|stahmpede|swimmerf|1096\n|player|p2|LuccaNR|worker|1045\n|teamsize|p1|6\n|teamsize|p2|6\n|gen|9\n|tier|[Gen 9] VGC 2023 Regulation C\n|rated|\n|rule|Species Clause: Limit one of each Pok\u00e9mon\n|rule|Item Clause: Limit one of each item\n|clearpoke\n|poke|p1|Zangoose, L50, M|\n|poke|p1|Amoonguss, L50, F|\n|poke|p1|Talonflame, L50, M|\n|poke|p1|Kingambit, L50, M|\n|poke|p1|Tauros-Paldea-Aqua, L50, M|\n|poke|p1|Sableye, L50, M|\n|poke|p2|Tatsugiri, L50, F|\n|poke|p2|Dondozo, L50, M|\n|poke|p2|Flamigo, L50, F|\n|poke|p2|Annihilape, L50, M|\n|poke|p2|Cetitan, L50, M|\n|poke|p2|Maushold-Four, L50|\n|teampreview|4\n|\n|t:|1683851858\n|start\n|switch|p1a: Talonflame|Talonflame, L50, M, shiny|100\/100\n|switch|p1b: Zangoose|Zangoose, L50, M, shiny|100\/100\n|switch|p2a: Maushold|Maushold-Four, L50|100\/100\n|switch|p2b: Cetitan|Cetitan, L50, M|100\/100\n|turn|1\n|\n|t:|1683851879\n|-terastallize|p2b: Cetitan|Water\n|move|p1b: Zangoose|Protect|p1b: Zangoose\n|-singleturn|p1b: Zangoose|Protect\n|move|p2a: Maushold|Follow Me|p2a: Maushold\n|-singleturn|p2a: Maushold|move: Follow Me\n|move|p1a: Talonflame|Tailwind|p1a: Talonflame\n|-sidestart|p1: stahmpede|move: Tailwind\n|move|p2b: Cetitan|Belly Drum|p2b: Cetitan\n|-damage|p2b: Cetitan|50\/100\n|-setboost|p2b: Cetitan|atk|6|[from] move: Belly Drum\n|-enditem|p2b: Cetitan|Sitrus Berry|[eat]\n|-heal|p2b: Cetitan|75\/100|[from] item: Sitrus Berry\n|\n|-status|p1b: Zangoose|tox|[from] item: Toxic Orb\n|upkeep\n|turn|2\n|\n|t:|1683851957\n|switch|p1a: Tauros|Tauros-Paldea-Aqua, L50, M|100\/100\n|-ability|p1a: Tauros|Intimidate|boost\n|-unboost|p2a: Maushold|atk|1\n|-unboost|p2b: Cetitan|atk|1\n|move|p2a: Maushold|Follow Me|p2a: Maushold\n|-singleturn|p2a: Maushold|move: Follow Me\n|move|p2b: Cetitan|Ice Shard|p1a: Tauros\n|-resisted|p1a: Tauros\n|-damage|p1a: Tauros|65\/100\n|move|p1b: Zangoose|Facade|p2a: Maushold\n|-enditem|p2a: Maushold|Focus Sash\n|-damage|p2a: Maushold|1\/100\n|\n|-damage|p1b: Zangoose|95\/100 tox|[from] psn\n|upkeep\n|turn|3\n|\n|t:|1683851991\n|move|p1b: Zangoose|Protect|p1b: Zangoose\n|-singleturn|p1b: Zangoose|Protect\n|move|p2a: Maushold|Protect|p2a: Maushold\n|-singleturn|p2a: Maushold|Protect\n|move|p2b: Cetitan|Protect|p2b: Cetitan\n|-singleturn|p2b: Cetitan|Protect\n|move|p1a: Tauros|Earthquake|p2a: Maushold|[spread] \n|-activate|p1b: Zangoose|move: Protect\n|-activate|p2a: Maushold|move: Protect\n|-activate|p2b: Cetitan|move: Protect\n|\n|-damage|p1b: Zangoose|83\/100 tox|[from] psn\n|upkeep\n|turn|4\n|inactive|Battle timer is ON: inactive players will automatically lose when time's up. (requested by stahmpede)\n|\n|t:|1683852041\n|switch|p1b: Talonflame|Talonflame, L50, M, shiny|100\/100\n|switch|p2a: Flamigo|Flamigo, L50, F|100\/100\n|-copyboost|p2a: Flamigo|p2b: Cetitan|[from] ability: Costar\n|move|p2b: Cetitan|Ice Shard|p1a: Tauros\n|-resisted|p1a: Tauros\n|-damage|p1a: Tauros|31\/100\n|move|p1a: Tauros|Earthquake|p2a: Flamigo|[spread] p2b\n|-immune|p1b: Talonflame\n|-immune|p2a: Flamigo\n|-damage|p2b: Cetitan|57\/100\n|\n|-sideend|p1: stahmpede|move: Tailwind\n|upkeep\n|turn|5\n|inactive|stahmpede has 30 seconds left.\n|inactive|LuccaNR has 30 seconds left.\n|inactive|stahmpede has 20 seconds left.\n|\n|t:|1683852077\n|move|p1b: Talonflame|Tailwind|p1b: Talonflame\n|-sidestart|p1: stahmpede|move: Tailwind\n|move|p2b: Cetitan|Ice Shard|p1b: Talonflame\n|-damage|p1b: Talonflame|8\/100\n|move|p1a: Tauros|Raging Bull|p2a: Flamigo\n|-damage|p2a: Flamigo|44\/100\n|move|p2a: Flamigo|Close Combat|p1a: Tauros\n|-damage|p1a: Tauros|0 fnt\n|-unboost|p2a: Flamigo|def|1\n|-unboost|p2a: Flamigo|spd|1\n|-enditem|p2a: Flamigo|White Herb\n|-clearnegativeboost|p2a: Flamigo|[silent]\n|faint|p1a: Tauros\n|\n|-heal|p1b: Talonflame|13\/100|[from] item: Leftovers\n|upkeep\n|inactive|stahmpede has 30 seconds left.\n|\n|t:|1683852108\n|switch|p1a: Zangoose|Zangoose, L50, M, shiny|83\/100 tox\n|turn|6\n|inactive|stahmpede has 30 seconds left.\n|\n|t:|1683852134\n|move|p1b: Talonflame|Protect|p1b: Talonflame\n|-singleturn|p1b: Talonflame|Protect\n|move|p2a: Flamigo|Detect|p2a: Flamigo\n|-singleturn|p2a: Flamigo|Protect\n|move|p2b: Cetitan|Protect|p2b: Cetitan\n|-singleturn|p2b: Cetitan|Protect\n|move|p1a: Zangoose|Facade|p2a: Flamigo\n|-activate|p2a: Flamigo|move: Protect\n|\n|-heal|p1b: Talonflame|19\/100|[from] item: Leftovers\n|-damage|p1a: Zangoose|77\/100 tox|[from] psn\n|upkeep\n|turn|7\n|\n|t:|1683852159\n|move|p2b: Cetitan|Ice Shard|p1a: Zangoose\n|-damage|p1a: Zangoose|0 fnt\n|faint|p1a: Zangoose\n|move|p1b: Talonflame|Brave Bird|p2b: Cetitan\n|-damage|p2b: Cetitan|24\/100\n|-damage|p1b: Talonflame|2\/100|[from] Recoil\n|move|p2a: Flamigo|Close Combat|p1b: Talonflame\n|-resisted|p1b: Talonflame\n|-damage|p1b: Talonflame|0 fnt\n|-unboost|p2a: Flamigo|def|1\n|-unboost|p2a: Flamigo|spd|1\n|faint|p1b: Talonflame\n|\n|upkeep\n|inactive|stahmpede has 30 seconds left.\n|inactive|stahmpede has 20 seconds left.\n|inactive|stahmpede has 15 seconds left.\n|\n|t:|1683852203\n|switch|p1b: Kingambit|Kingambit, L50, M, shiny|100\/100\n|turn|8\n|\n|t:|1683852214\n|move|p2a: Flamigo|Detect|p2a: Flamigo\n|-singleturn|p2a: Flamigo|Protect\n|move|p2b: Cetitan|Protect|p2b: Cetitan\n|-singleturn|p2b: Cetitan|Protect\n|move|p1b: Kingambit|Sucker Punch||[still]\n|-fail|p1b: Kingambit\n|\n|-sideend|p1: stahmpede|move: Tailwind\n|upkeep\n|turn|9\n|inactive|LuccaNR has 30 seconds left.\n|\n|t:|1683852247\n|move|p1b: Kingambit|Sucker Punch|p2b: Cetitan\n|-damage|p2b: Cetitan|0 fnt\n|faint|p2b: Cetitan\n|move|p2a: Flamigo|Close Combat|p1b: Kingambit\n|-supereffective|p1b: Kingambit\n|-enditem|p1b: Kingambit|Focus Sash\n|-damage|p1b: Kingambit|1\/100\n|-unboost|p2a: Flamigo|def|1\n|-unboost|p2a: Flamigo|spd|1\n|\n|upkeep\n|\n|t:|1683852263\n|switch|p2b: Maushold|Maushold-Four, L50|1\/100\n|turn|10\n|\n|t:|1683852271\n|move|p2b: Maushold|Follow Me|p2b: Maushold\n|-singleturn|p2b: Maushold|move: Follow Me\n|move|p1b: Kingambit|Sucker Punch||[still]\n|-fail|p1b: Kingambit\n|move|p2a: Flamigo|Close Combat|p1b: Kingambit\n|-supereffective|p1b: Kingambit\n|-damage|p1b: Kingambit|0 fnt\n|-unboost|p2a: Flamigo|def|1\n|-unboost|p2a: Flamigo|spd|1\n|faint|p1b: Kingambit\n|\n|win|LuccaNR\n|raw|stahmpede's rating: 1096 → 1068<\/strong> (-28 for losing)\n|raw|LuccaNR's rating: 1045 → 1083<\/strong> (+38 for winning)\n|l|\u2606stahmpede\n|l|\u2606LuccaNR\n|j|\u2606LuccaNR\n|player|p2|LuccaNR|worker\n","uploadtime":1683852411,"views":11,"p1id":"stahmpede","p2id":"luccanr","formatid":"gen9vgc2023regulationc","rating":1068,"private":0,"password":""}