{"id":"gen9vgc2023regulationc-1845239496","p1":"HitFissureThenLose","p2":"19402u","format":"[Gen 9] VGC 2023 Regulation C","log":"|j|\u2606HitFissureThenLose\n|j|\u260619402u\n|t:|1681700598\n|gametype|doubles\n|player|p1|HitFissureThenLose|red|1693\n|player|p2|19402u|1|1731\n|teamsize|p1|6\n|teamsize|p2|6\n|gen|9\n|tier|[Gen 9] VGC 2023 Regulation C\n|rated|\n|rule|Species Clause: Limit one of each Pok\u00e9mon\n|rule|Item Clause: Limit one of each item\n|clearpoke\n|poke|p1|Toxapex, L50, M|\n|poke|p1|Ting-Lu, L50|\n|poke|p1|Grimmsnarl, L50, M|\n|poke|p1|Corviknight, L50, F|\n|poke|p1|Chi-Yu, L50|\n|poke|p1|Wo-Chien, L50|\n|poke|p2|Chi-Yu, L50|\n|poke|p2|Palafin, L50, M|\n|poke|p2|Flutter Mane, L50|\n|poke|p2|Arcanine, L50, F|\n|poke|p2|Iron Bundle, L50|\n|poke|p2|Amoonguss, L50, F|\n|teampreview|4\nHitFissureThenLose has agreed to open team sheets.\n19402u has agreed to open team sheets.\n|inactive|Battle timer is ON: inactive players will automatically lose when time's up. (requested by HitFissureThenLose)\n|j| Sauromon\n|inactive|HitFissureThenLose has 60 seconds left.\n|\n|t:|1681700636\n|start\n|switch|p1a: Toxapex|Toxapex, L50, M|100\/100\n|switch|p1b: Ting-Lu|Ting-Lu, L50|100\/100\n|switch|p2a: Chi-Yu|Chi-Yu, L50|100\/100\n|switch|p2b: Iron Bundle|Iron Bundle, L50, shiny|100\/100\n|-ability|p2a: Chi-Yu|Beads of Ruin\n|-ability|p1b: Ting-Lu|Vessel of Ruin\n|turn|1\n|\n|t:|1681700653\n|-terastallize|p2a: Chi-Yu|Water\n|move|p2b: Iron Bundle|Freeze-Dry|p1b: Ting-Lu\n|-supereffective|p1b: Ting-Lu\n|-damage|p1b: Ting-Lu|68\/100\n|move|p2a: Chi-Yu|Tera Blast|p1b: Ting-Lu\n|-supereffective|p1b: Ting-Lu\n|-damage|p1b: Ting-Lu|17\/100\n|move|p1b: Ting-Lu|Stomping Tantrum|p2a: Chi-Yu\n|-damage|p2a: Chi-Yu|56\/100\n|move|p1a: Toxapex|Infestation|p2a: Chi-Yu\n|-damage|p2a: Chi-Yu|53\/100\n|-activate|p2a: Chi-Yu|move: Infestation|[of] p1a: Toxapex\n|\n|-damage|p2a: Chi-Yu|41\/100|[from] move: Infestation|[partiallytrapped]\n|upkeep\n|turn|2\n|inactive|HitFissureThenLose has 30 seconds left.\n|\n|t:|1681700680\n|move|p2b: Iron Bundle|Freeze-Dry|p1a: Toxapex\n|-supereffective|p1a: Toxapex\n|-damage|p1a: Toxapex|50\/100\n|move|p2a: Chi-Yu|Tera Blast|p1b: Ting-Lu\n|-supereffective|p1b: Ting-Lu\n|-damage|p1b: Ting-Lu|0 fnt\n|faint|p1b: Ting-Lu\n|move|p1a: Toxapex|Infestation|p2b: Iron Bundle\n|-damage|p2b: Iron Bundle|93\/100\n|-activate|p2b: Iron Bundle|move: Infestation|[of] p1a: Toxapex\n|\n|-heal|p1a: Toxapex|55\/100|[from] item: Leftovers\n|-damage|p2b: Iron Bundle|81\/100|[from] move: Infestation|[partiallytrapped]\n|-damage|p2a: Chi-Yu|28\/100|[from] move: Infestation|[partiallytrapped]\n|upkeep\n|\n|t:|1681700686\n|switch|p1b: Grimmsnarl|Grimmsnarl, L50, M|100\/100\n|turn|3\n|\n|t:|1681700698\n|move|p1a: Toxapex|Baneful Bunker|p1a: Toxapex\n|-singleturn|p1a: Toxapex|move: Protect\n|move|p1b: Grimmsnarl|Light Screen|p1b: Grimmsnarl\n|-sidestart|p1: HitFissureThenLose|move: Light Screen\n|move|p2b: Iron Bundle|Hydro Pump|p1b: Grimmsnarl\n|-damage|p1b: Grimmsnarl|54\/100\n|move|p2a: Chi-Yu|Tera Blast|p1b: Grimmsnarl\n|-damage|p1b: Grimmsnarl|3\/100\n|\n|-heal|p1a: Toxapex|61\/100|[from] item: Leftovers\n|-damage|p2b: Iron Bundle|68\/100|[from] move: Infestation|[partiallytrapped]\n|-damage|p2a: Chi-Yu|16\/100|[from] move: Infestation|[partiallytrapped]\n|upkeep\n|turn|4\n|inactive|HitFissureThenLose has 30 seconds left.\n|\n|t:|1681700730\n|move|p1b: Grimmsnarl|Reflect|p1b: Grimmsnarl\n|-sidestart|p1: HitFissureThenLose|Reflect\n|move|p2b: Iron Bundle|Freeze-Dry|p1a: Toxapex\n|-supereffective|p1a: Toxapex\n|-damage|p1a: Toxapex|15\/100\n|move|p2a: Chi-Yu|Tera Blast|p1a: Toxapex\n|-resisted|p1a: Toxapex\n|-damage|p1a: Toxapex|0 fnt\n|faint|p1a: Toxapex\n|\n|-end|p2b: Iron Bundle|Infestation|[partiallytrapped]|[silent]\n|-end|p2a: Chi-Yu|Infestation|[partiallytrapped]|[silent]\n|upkeep\n|\n|t:|1681700738\n|switch|p1a: Wo-Chien|Wo-Chien, L50|100\/100\n|-ability|p1a: Wo-Chien|Tablets of Ruin\n|turn|5\n|-message|HitFissureThenLose forfeited.\n|\n|win|19402u\n|raw|HitFissureThenLose's rating: 1693 → 1675<\/strong> (-18 for losing)\n|raw|19402u's rating: 1731 → 1749<\/strong> (+18 for winning)\n|l|\u2606HitFissureThenLose\n","uploadtime":1681700744,"views":14,"p1id":"hitfissurethenlose","p2id":"19402u","formatid":"gen9vgc2023regulationc","rating":1675,"private":0,"password":""}