{"id":"gen9vgc2023regulationc-1856384018","p1":"MammalianHybrid","p2":"anshar_training","format":"[Gen 9] VGC 2023 Regulation C","log":"|j|\u2606MammalianHybrid\n|j|\u2606anshar_training\n|t:|1683056279\n|gametype|doubles\n|player|p1|MammalianHybrid|acetrainer-gen4|1045\n|player|p2|anshar_training|colress|1051\n|teamsize|p1|6\n|teamsize|p2|6\n|gen|9\n|tier|[Gen 9] VGC 2023 Regulation C\n|rated|\n|rule|Species Clause: Limit one of each Pok\u00e9mon\n|rule|Item Clause: Limit one of each item\n|clearpoke\n|poke|p1|Volcarona, L50, M|\n|poke|p1|Espathra, L50, F|\n|poke|p1|Oricorio-Sensu, L50, F|\n|poke|p1|Flamigo, L50, F|\n|poke|p1|Roaring Moon, L50|\n|poke|p1|Kingambit, L50, F|\n|poke|p2|Palafin, L50, M|\n|poke|p2|Flutter Mane, L50|\n|poke|p2|Arcanine, L50, F|\n|poke|p2|Amoonguss, L50, M|\n|poke|p2|Ting-Lu, L50|\n|poke|p2|Roaring Moon, L50|\n|teampreview|4\nMammalianHybrid has agreed to open team sheets.\n|inactive|Battle timer is ON: inactive players will automatically lose when time's up. (requested by anshar_training)\n|\n|t:|1683056321\n|start\n|switch|p1a: Volcarona|Volcarona, L50, M|100\/100\n|switch|p1b: Oricorio|Oricorio-Sensu, L50, F|100\/100\n|switch|p2a: Cornelia|Flutter Mane, L50|100\/100\n|switch|p2b: Susy|Amoonguss, L50, M|100\/100\n|turn|1\n|\n|t:|1683056345\n|switch|p2b: Benito|Roaring Moon, L50|100\/100\n|-enditem|p2b: Benito|Booster Energy\n|-activate|p2b: Benito|ability: Protosynthesis|[fromitem]\n|-start|p2b: Benito|protosynthesisatk\n|-terastallize|p2a: Cornelia|Fairy\n|move|p2a: Cornelia|Shadow Ball|p1b: Oricorio\n|-supereffective|p1b: Oricorio\n|-damage|p1b: Oricorio|0 fnt\n|faint|p1b: Oricorio\n|move|p1a: Volcarona|Fiery Dance|p2b: Benito\n|-resisted|p2b: Benito\n|-damage|p2b: Benito|83\/100\n|\n|upkeep\n|\n|t:|1683056359\n|switch|p1b: Espathra|Espathra, L50, F|100\/100\n|turn|2\n|inactive|anshar_training has 30 seconds left.\n|\n|t:|1683056390\n|-end|p2a: Cornelia|Protosynthesis|[silent]\n|switch|p2a: Apolo|Arcanine, L50, F|100\/100\n|-ability|p2a: Apolo|Intimidate|boost\n|-unboost|p1a: Volcarona|atk|1\n|-unboost|p1b: Espathra|atk|1\n|-terastallize|p1b: Espathra|Fairy\n|move|p1b: Espathra|Dazzling Gleam|p2a: Apolo|[spread] p2a,p2b\n|-resisted|p2a: Apolo\n|-supereffective|p2b: Benito\n|-damage|p2a: Apolo|87\/100\n|-damage|p2b: Benito|0 fnt\n|faint|p2b: Benito\n|-end|p2b: Benito|Protosynthesis|[silent]\n|move|p1a: Volcarona|Bug Buzz|p2a: Apolo\n|-resisted|p2a: Apolo\n|-damage|p2a: Apolo|61\/100\n|-unboost|p2a: Apolo|spd|1\n|\n|-ability|p1b: Espathra|Speed Boost|boost\n|-boost|p1b: Espathra|spe|1\n|upkeep\n|\n|t:|1683056406\n|switch|p2b: Cornelia|Flutter Mane, L50, tera:Fairy|100\/100\n|turn|3\n|\n|t:|1683056419\n|move|p1b: Espathra|Hypnosis|p2a: Apolo\n|-status|p2a: Apolo|slp|[from] move: Hypnosis\n|move|p2b: Cornelia|Dazzling Gleam|p1b: Espathra|[spread] p1a,p1b\n|-resisted|p1a: Volcarona\n|-damage|p1a: Volcarona|69\/100\n|-enditem|p1b: Espathra|Focus Sash\n|-damage|p1b: Espathra|1\/100\n|move|p1a: Volcarona|Quiver Dance|p1a: Volcarona\n|-boost|p1a: Volcarona|spa|1\n|-boost|p1a: Volcarona|spd|1\n|-boost|p1a: Volcarona|spe|1\n|cant|p2a: Apolo|slp\n|\n|-ability|p1b: Espathra|Speed Boost|boost\n|-boost|p1b: Espathra|spe|1\n|upkeep\n|turn|4\n|\n|t:|1683056443\n|cant|p2a: Apolo|slp\n|move|p1b: Espathra|Lumina Crash|p2b: Cornelia\n|-damage|p2b: Cornelia|61\/100\n|-unboost|p2b: Cornelia|spd|2\n|move|p1a: Volcarona|Fiery Dance|p2b: Cornelia\n|-damage|p2b: Cornelia|0 fnt\n|-boost|p1a: Volcarona|spa|1\n|faint|p2b: Cornelia\n|-end|p2b: Cornelia|Protosynthesis|[silent]\n|\n|-ability|p1b: Espathra|Speed Boost|boost\n|-boost|p1b: Espathra|spe|1\n|upkeep\n|\n|t:|1683056455\n|switch|p2b: Susy|Amoonguss, L50, M|100\/100\n|turn|5\n|\n|t:|1683056466\n|-curestatus|p2a: Apolo|slp|[msg]\n|move|p2a: Apolo|Extreme Speed|p1b: Espathra\n|-damage|p1b: Espathra|0 fnt\n|faint|p1b: Espathra\n|move|p1a: Volcarona|Fiery Dance|p2b: Susy\n|-supereffective|p2b: Susy\n|-damage|p2b: Susy|0 fnt\n|-boost|p1a: Volcarona|spa|1\n|faint|p2b: Susy\n|\n|upkeep\n|\n|t:|1683056476\n|switch|p1b: Flamigo|Flamigo, L50, F|100\/100\n|-copyboost|p1b: Flamigo|p1a: Volcarona|[from] ability: Costar\n|turn|6\n|\n|t:|1683056494\n|move|p2a: Apolo|Extreme Speed|p1a: Volcarona\n|-damage|p1a: Volcarona|38\/100\n|move|p1b: Flamigo|Brave Bird|p2a: Apolo\n|-damage|p2a: Apolo|27\/100\n|-damage|p1b: Flamigo|86\/100|[from] Recoil\n|move|p1a: Volcarona|Bug Buzz|p2a: Apolo\n|-resisted|p2a: Apolo\n|-damage|p2a: Apolo|0 fnt\n|faint|p2a: Apolo\n|\n|win|MammalianHybrid\n|raw|MammalianHybrid's rating: 1045 → 1079<\/strong> (+34 for winning)\n|raw|anshar_training's rating: 1051 → 1033<\/strong> (-18 for losing)\n","uploadtime":1683056508,"views":9,"p1id":"mammalianhybrid","p2id":"anshartraining","formatid":"gen9vgc2023regulationc","rating":1033,"private":0,"password":""}