{"id":"gen9vgc2023regulationc-1847435536","p1":"TrainerRYSA","p2":"Steakman5","format":"[Gen 9] VGC 2023 Regulation C","log":"|j|\u2606TrainerRYSA\n|j|\u2606Steakman5\n|t:|1681954800\n|gametype|doubles\n|player|p1|TrainerRYSA|169|1213\n|player|p2|Steakman5|swimmer-gen4|1203\n|teamsize|p1|6\n|teamsize|p2|6\n|gen|9\n|tier|[Gen 9] VGC 2023 Regulation C\n|rated|\n|rule|Species Clause: Limit one of each Pok\u00e9mon\n|rule|Item Clause: Limit one of each item\n|clearpoke\n|poke|p1|Flutter Mane, L50|\n|poke|p1|Iron Hands, L50|\n|poke|p1|Dragonite, L50, M|\n|poke|p1|Umbreon, L50, M|\n|poke|p1|Gyarados, L50, F|\n|poke|p1|Palafin, L50, M|\n|poke|p2|Pelipper, L50, F|\n|poke|p2|Drednaw, L50, F|\n|poke|p2|Tatsugiri-Droopy, L50, M|\n|poke|p2|Dondozo, L50, F|\n|poke|p2|Iron Valiant, L50|\n|poke|p2|Flutter Mane, L50|\n|teampreview|4\nTrainerRYSA has agreed to open team sheets.\n|inactive|Battle timer is ON: inactive players will automatically lose when time's up. (requested by Steakman5)\n|\n|t:|1681954888\n|start\n|switch|p1a: Iron Hands|Iron Hands, L50|100\/100\n|switch|p1b: Sasuke|Umbreon, L50, M, shiny|100\/100\n|switch|p2a: Pelipper|Pelipper, L50, F|100\/100\n|switch|p2b: Flutter Mane|Flutter Mane, L50|100\/100\n|-weather|RainDance|[from] ability: Drizzle|[of] p2a: Pelipper\n|turn|1\n|inactive|TrainerRYSA has 30 seconds left.\n|\n|t:|1681954915\n|switch|p1b: Gyarados|Gyarados, L50, F, shiny|100\/100\n|-ability|p1b: Gyarados|Intimidate|boost\n|-unboost|p2a: Pelipper|atk|1\n|-unboost|p2b: Flutter Mane|atk|1\n|move|p2a: Pelipper|Protect|p2a: Pelipper\n|-singleturn|p2a: Pelipper|Protect\n|move|p2b: Flutter Mane|Moonblast|p1a: Iron Hands\n|-supereffective|p1a: Iron Hands\n|-damage|p1a: Iron Hands|52\/100\n|move|p1a: Iron Hands|Heavy Slam|p2b: Flutter Mane\n|-supereffective|p2b: Flutter Mane\n|-enditem|p2b: Flutter Mane|Focus Sash\n|-damage|p2b: Flutter Mane|1\/100\n|\n|-weather|RainDance|[upkeep]\n|upkeep\n|turn|2\n|inactive|TrainerRYSA has 30 seconds left.\n|inactive|TrainerRYSA has 20 seconds left.\n|\n|t:|1681954953\n|move|p2b: Flutter Mane|Thunder|p1b: Gyarados\n|-supereffective|p1b: Gyarados\n|-damage|p1b: Gyarados|0 fnt\n|faint|p1b: Gyarados\n|move|p2a: Pelipper|Tailwind|p2a: Pelipper\n|-sidestart|p2: Steakman5|move: Tailwind\n|move|p1a: Iron Hands|Wild Charge|p2a: Pelipper\n|-supereffective|p2a: Pelipper\n|-damage|p2a: Pelipper|0 fnt\n|faint|p2a: Pelipper\n|-damage|p1a: Iron Hands|35\/100|[from] Recoil\n|\n|-weather|RainDance|[upkeep]\n|upkeep\n|\n|t:|1681954974\n|switch|p1b: Flutter Mane|Flutter Mane, L50|100\/100\n|switch|p2a: Dondozo|Dondozo, L50, F|100\/100\n|-enditem|p1b: Flutter Mane|Booster Energy\n|-activate|p1b: Flutter Mane|ability: Protosynthesis|[fromitem]\n|-start|p1b: Flutter Mane|protosynthesisspa\n|turn|3\n|\n|t:|1681954993\n|-end|p1a: Iron Hands|Quark Drive|[silent]\n|switch|p1a: Sasuke|Umbreon, L50, M, shiny|100\/100\n|move|p2a: Dondozo|Protect|p2a: Dondozo\n|-singleturn|p2a: Dondozo|Protect\n|move|p2b: Flutter Mane|Moonblast|p1a: Sasuke\n|-supereffective|p1a: Sasuke\n|-damage|p1a: Sasuke|28\/100\n|move|p1b: Flutter Mane|Dazzling Gleam|p2b: Flutter Mane|[spread] p2b\n|-activate|p2a: Dondozo|move: Protect\n|-damage|p2b: Flutter Mane|0 fnt\n|faint|p2b: Flutter Mane\n|-end|p2b: Flutter Mane|Protosynthesis|[silent]\n|\n|-weather|RainDance|[upkeep]\n|upkeep\n|\n|t:|1681955006\n|switch|p2b: Tatsugiri|Tatsugiri-Droopy, L50, M|100\/100\n|-activate|p2b: Tatsugiri|ability: Commander|[of] p2a: Dondozo\n|-boost|p2a: Dondozo|atk|2\n|-boost|p2a: Dondozo|spa|2\n|-boost|p2a: Dondozo|spe|2\n|-boost|p2a: Dondozo|def|2\n|-boost|p2a: Dondozo|spd|2\n|-enditem|p1a: Sasuke|Mirror Herb\n|-boost|p1a: Sasuke|atk|2|[from] item: Mirror Herb\n|-boost|p1a: Sasuke|spa|2|[from] item: Mirror Herb\n|-boost|p1a: Sasuke|spe|2|[from] item: Mirror Herb\n|-boost|p1a: Sasuke|def|2|[from] item: Mirror Herb\n|-boost|p1a: Sasuke|spd|2|[from] item: Mirror Herb\n|turn|4\n|\n|t:|1681955027\n|-terastallize|p2a: Dondozo|Water\n|move|p1b: Flutter Mane|Protect|p1b: Flutter Mane\n|-singleturn|p1b: Flutter Mane|Protect\n|move|p2a: Dondozo|Surf|p1a: Sasuke|[spread] p1a\n|-miss|p2a: Dondozo|p2b: Tatsugiri\n|-activate|p1b: Flutter Mane|move: Protect\n|-damage|p1a: Sasuke|0 fnt\n|faint|p1a: Sasuke\n|-damage|p2a: Dondozo|91\/100|[from] item: Life Orb\n|\n|-weather|RainDance|[upkeep]\n|upkeep\n|\n|t:|1681955038\n|switch|p1a: Iron Hands|Iron Hands, L50|35\/100\n|turn|5\n|\n|t:|1681955051\n|move|p1a: Iron Hands|Fake Out|p2a: Dondozo\n|-damage|p2a: Dondozo|85\/100\n|cant|p2a: Dondozo|flinch\n|move|p1b: Flutter Mane|Moonblast|p2a: Dondozo\n|-damage|p2a: Dondozo|45\/100\n|\n|-weather|RainDance|[upkeep]\n|-sideend|p2: Steakman5|move: Tailwind\n|upkeep\n|turn|6\n|\n|t:|1681955062\n|move|p1b: Flutter Mane|Protect|p1b: Flutter Mane\n|-singleturn|p1b: Flutter Mane|Protect\n|move|p2a: Dondozo|Surf|p1b: Flutter Mane|[spread] p1a\n|-miss|p2a: Dondozo|p2b: Tatsugiri\n|-activate|p1b: Flutter Mane|move: Protect\n|-damage|p1a: Iron Hands|0 fnt\n|faint|p1a: Iron Hands\n|-end|p1a: Iron Hands|Quark Drive|[silent]\n|-damage|p2a: Dondozo|35\/100|[from] item: Life Orb\n|\n|-weather|RainDance|[upkeep]\n|upkeep\n|turn|7\n|\n|t:|1681955079\n|move|p2a: Dondozo|Surf|p1b: Flutter Mane|[spread] p1b\n|-miss|p2a: Dondozo|p2b: Tatsugiri\n|-damage|p1b: Flutter Mane|0 fnt\n|faint|p1b: Flutter Mane\n|-end|p1b: Flutter Mane|Protosynthesis|[silent]\n|-damage|p2a: Dondozo|26\/100|[from] item: Life Orb\n|\n|win|Steakman5\n|raw|TrainerRYSA's rating: 1213 → 1187<\/strong> (-26 for losing)\n|raw|Steakman5's rating: 1203 → 1229<\/strong> (+26 for winning)\n","uploadtime":1681955088,"views":12,"p1id":"trainerrysa","p2id":"steakman5","formatid":"gen9vgc2023regulationc","rating":1187,"private":0,"password":""}