{"id":"gen9vgc2023regulationc-1847844797","p1":"4rm4nd090","p2":"PokeStomp","format":"[Gen 9] VGC 2023 Regulation C","log":"|j|\u26064rm4nd090\n|j|\u2606PokeStomp\n|t:|1682006649\n|gametype|doubles\n|player|p1|4rm4nd090|hiker-gen4|1526\n|player|p2|PokeStomp|170|1491\n|teamsize|p1|6\n|teamsize|p2|6\n|gen|9\n|tier|[Gen 9] VGC 2023 Regulation C\n|rated|\n|rule|Species Clause: Limit one of each Pok\u00e9mon\n|rule|Item Clause: Limit one of each item\n|clearpoke\n|poke|p1|Annihilape, L50, M|\n|poke|p1|Maushold-Four, L50|\n|poke|p1|Flutter Mane, L50|\n|poke|p1|Gyarados, L50, F|\n|poke|p1|Amoonguss, L50, M|\n|poke|p1|Ting-Lu, L50|\n|poke|p2|Dragapult, L50, M|\n|poke|p2|Chien-Pao, L50|\n|poke|p2|Chi-Yu, L50|\n|poke|p2|Flutter Mane, L50|\n|poke|p2|Talonflame, L50, F|\n|poke|p2|Great Tusk, L50|\n|teampreview|4\nPokeStomp has agreed to open team sheets.\n|inactive|Battle timer is ON: inactive players will automatically lose when time's up. (requested by PokeStomp)\n|inactive|4rm4nd090 has 60 seconds left.\n|c|\u2606PokeStomp|Il famoso armando che ti incula camminando?\n|inactive|4rm4nd090 has 30 seconds left.\n|c|\u26064rm4nd090|ti conviene camminare di spalle XD\n|inactive|4rm4nd090 has 20 seconds left.\n|inactive|4rm4nd090 has 15 seconds left.\n|inactive|4rm4nd090 has 10 seconds left.\n|c|\u2606PokeStomp|Eh mis\u00e0 di si ahahahahahha\n|inactive|4rm4nd090 has 5 seconds left.\n|\n|t:|1682006740\n|start\n|switch|p1a: Ting-Lu|Ting-Lu, L50|100\/100\n|switch|p1b: Gyarados|Gyarados, L50, F|100\/100\n|switch|p2a: Dragapult|Dragapult, L50, M|100\/100\n|switch|p2b: Chien-Pao|Chien-Pao, L50|100\/100\n|-ability|p2b: Chien-Pao|Sword of Ruin\n|-ability|p1b: Gyarados|Intimidate|boost\n|-fail|p2a: Dragapult|unboost|[from] ability: Clear Body|[of] p2a: Dragapult\n|-unboost|p2b: Chien-Pao|atk|1\n|-ability|p1a: Ting-Lu|Vessel of Ruin\n|turn|1\n|c|\u2606PokeStomp|Ti star\u00f2 sempre faccia a faccia bashhs\n|inactive|4rm4nd090 has 30 seconds left.\n|inactive|4rm4nd090 has 20 seconds left.\n|inactive|4rm4nd090 has 15 seconds left.\n|\n|t:|1682006783\n|move|p2a: Dragapult|Dragon Darts|p1a: Ting-Lu\n|-damage|p1a: Ting-Lu|73\/100\n|-anim|p2a: Dragapult|Dragon Darts|p1b: Gyarados\n|-damage|p1b: Gyarados|53\/100\n|move|p2b: Chien-Pao|Ice Spinner|p1a: Ting-Lu\n|-supereffective|p1a: Ting-Lu\n|-damage|p1a: Ting-Lu|33\/100\n|move|p1b: Gyarados|Thunder Wave|p2a: Dragapult\n|-status|p2a: Dragapult|par\n|move|p1a: Ting-Lu|Heavy Slam|p2b: Chien-Pao\n|-supereffective|p2b: Chien-Pao\n|-damage|p2b: Chien-Pao|21\/100\n|\n|upkeep\n|turn|2\n|inactive|4rm4nd090 has 30 seconds left.\n|inactive|4rm4nd090 has 20 seconds left.\n|inactive|4rm4nd090 has 15 seconds left.\n|inactive|4rm4nd090 has 10 seconds left.\n|\n|t:|1682006831\n|move|p2b: Chien-Pao|Ice Spinner|p1a: Ting-Lu\n|-supereffective|p1a: Ting-Lu\n|-damage|p1a: Ting-Lu|0 fnt\n|faint|p1a: Ting-Lu\n|move|p1b: Gyarados|Iron Head|p2a: Dragapult\n|-damage|p2a: Dragapult|61\/100 par\n|cant|p2a: Dragapult|flinch\n|\n|upkeep\n|\n|t:|1682006844\n|switch|p1a: Flutter Mane|Flutter Mane, L50|100\/100\n|-enditem|p1a: Flutter Mane|Booster Energy\n|-activate|p1a: Flutter Mane|ability: Protosynthesis|[fromitem]\n|-start|p1a: Flutter Mane|protosynthesisspa\n|turn|3\n|\n|t:|1682006868\n|move|p2b: Chien-Pao|Protect|p2b: Chien-Pao\n|-singleturn|p2b: Chien-Pao|Protect\n|move|p1a: Flutter Mane|Shadow Ball|p2a: Dragapult\n|-supereffective|p2a: Dragapult\n|-damage|p2a: Dragapult|0 fnt\n|faint|p2a: Dragapult\n|move|p1b: Gyarados|Iron Head|p2b: Chien-Pao\n|-activate|p2b: Chien-Pao|move: Protect\n|\n|upkeep\n|\n|t:|1682006875\n|switch|p2a: Flutter Mane|Flutter Mane, L50|100\/100\n|turn|4\n|inactive|4rm4nd090 has 30 seconds left.\n|\n|t:|1682006904\n|-terastallize|p2a: Flutter Mane|Fairy\n|move|p1a: Flutter Mane|Protect|p1a: Flutter Mane\n|-singleturn|p1a: Flutter Mane|Protect\n|move|p2b: Chien-Pao|Ice Spinner|p1a: Flutter Mane\n|-activate|p1a: Flutter Mane|move: Protect\n|move|p2a: Flutter Mane|Moonblast|p1b: Gyarados\n|-damage|p1b: Gyarados|0 fnt\n|faint|p1b: Gyarados\n|\n|upkeep\n|\n|t:|1682006914\n|switch|p1b: Amoonguss|Amoonguss, L50, M|100\/100\n|turn|5\n|inactive|4rm4nd090 has 30 seconds left.\n|inactive|4rm4nd090 has 20 seconds left.\n|inactive|4rm4nd090 has 15 seconds left.\n|\n|t:|1682006955\n|-terastallize|p1b: Amoonguss|Water\n|move|p1b: Amoonguss|Rage Powder|p1b: Amoonguss\n|-singleturn|p1b: Amoonguss|move: Rage Powder\n|move|p2b: Chien-Pao|Ice Spinner|p1b: Amoonguss\n|-resisted|p1b: Amoonguss\n|-damage|p1b: Amoonguss|87\/100\n|move|p2a: Flutter Mane|Moonblast|p1b: Amoonguss\n|-damage|p1b: Amoonguss|0 fnt\n|faint|p1b: Amoonguss\n|move|p1a: Flutter Mane|Substitute|p1a: Flutter Mane\n|-start|p1a: Flutter Mane|Substitute\n|-damage|p1a: Flutter Mane|76\/100\n|\n|upkeep\n|turn|6\n|inactive|4rm4nd090 has 30 seconds left.\n|\n|t:|1682006980\n|move|p2b: Chien-Pao|Ice Spinner|p1a: Flutter Mane\n|-end|p1a: Flutter Mane|Substitute\n|move|p2a: Flutter Mane|Moonblast|p1a: Flutter Mane\n|-damage|p1a: Flutter Mane|0 fnt\n|faint|p1a: Flutter Mane\n|-end|p1a: Flutter Mane|Protosynthesis|[silent]\n|\n|win|PokeStomp\n|raw|4rm4nd090's rating: 1526 → 1504<\/strong> (-22 for losing)\n|raw|PokeStomp's rating: 1491 → 1513<\/strong> (+22 for winning)\n|c|\u2606PokeStomp|GG armando\n","uploadtime":1682006695,"views":6,"p1id":"4rm4nd090","p2id":"pokestomp","formatid":"gen9vgc2023regulationc","rating":1504,"private":0,"password":""}