{"id":"gen9vgc2023regulationc-1862399303","p1":"Cyberdevil","p2":"AratzEnp","format":"[Gen 9] VGC 2023 Regulation C","log":"|j|\u2606Cyberdevil\n|j|\u2606AratzEnp\n|t:|1683879639\n|gametype|doubles\n|player|p1|Cyberdevil|pokekid|1280\n|player|p2|AratzEnp|aaron|1347\n|teamsize|p1|6\n|teamsize|p2|6\n|gen|9\n|tier|[Gen 9] VGC 2023 Regulation C\n|rated|\n|rule|Species Clause: Limit one of each Pok\u00e9mon\n|rule|Item Clause: Limit one of each item\n|clearpoke\n|poke|p1|Iron Bundle, L50|\n|poke|p1|Abomasnow, L50, M|\n|poke|p1|Kingambit, L50, M|\n|poke|p1|Dragonite, L50, F|\n|poke|p1|Great Tusk, L50|\n|poke|p1|Flutter Mane, L50|\n|poke|p2|Hatterene, L50, F|\n|poke|p2|Amoonguss, L50, F|\n|poke|p2|Torkoal, L50, M|\n|poke|p2|Kingambit, L50, F|\n|poke|p2|Hariyama, L50, F|\n|poke|p2|Oranguru, L50, F|\n|teampreview|4\n|inactive|Battle timer is ON: inactive players will automatically lose when time's up. (requested by AratzEnp)\n|\n|t:|1683879668\n|start\n|switch|p1a: Kingambit|Kingambit, L50, M|100\/100\n|switch|p1b: Flutter Mane|Flutter Mane, L50|100\/100\n|switch|p2a: MONO PIKCAL|Oranguru, L50, F|100\/100\n|switch|p2b: CALVO GAFA|Hariyama, L50, F|100\/100\n|-enditem|p1b: Flutter Mane|Booster Energy\n|-activate|p1b: Flutter Mane|ability: Protosynthesis|[fromitem]\n|-start|p1b: Flutter Mane|protosynthesisspe\n|turn|1\n|inactive|Cyberdevil has 30 seconds left.\n|\n|t:|1683879697\n|-terastallize|p1a: Kingambit|Fire\n|-terastallize|p2a: MONO PIKCAL|Fire\n|move|p2b: CALVO GAFA|Detect|p2b: CALVO GAFA\n|-singleturn|p2b: CALVO GAFA|Protect\n|move|p1b: Flutter Mane|Moonblast|p2b: CALVO GAFA\n|-activate|p2b: CALVO GAFA|move: Protect\n|move|p1a: Kingambit|Kowtow Cleave|p2a: MONO PIKCAL\n|-damage|p2a: MONO PIKCAL|44\/100\n|move|p2a: MONO PIKCAL|Trick Room|p2a: MONO PIKCAL\n|-fieldstart|move: Trick Room|[of] p2a: MONO PIKCAL\n|\n|-status|p2b: CALVO GAFA|brn|[from] item: Flame Orb\n|upkeep\n|turn|2\n|\n|t:|1683879719\n|move|p2b: CALVO GAFA|Headlong Rush|p1a: Kingambit\n|-supereffective|p1a: Kingambit\n|-damage|p1a: Kingambit|2\/100\n|-unboost|p2b: CALVO GAFA|def|1\n|-unboost|p2b: CALVO GAFA|spd|1\n|move|p2a: MONO PIKCAL|Instruct|p2b: CALVO GAFA\n|-singleturn|p2b: CALVO GAFA|move: Instruct|[of] p2a: MONO PIKCAL\n|move|p2b: CALVO GAFA|Headlong Rush|p1a: Kingambit\n|-supereffective|p1a: Kingambit\n|-damage|p1a: Kingambit|0 fnt\n|-unboost|p2b: CALVO GAFA|def|1\n|-unboost|p2b: CALVO GAFA|spd|1\n|faint|p1a: Kingambit\n|move|p1b: Flutter Mane|Moonblast|p2b: CALVO GAFA\n|-supereffective|p2b: CALVO GAFA\n|-damage|p2b: CALVO GAFA|0 fnt\n|faint|p2b: CALVO GAFA\n|\n|upkeep\n|\n|t:|1683879737\n|switch|p2b: PACO SANZ|Torkoal, L50, M|100\/100\n|switch|p1a: Dragonite|Dragonite, L50, F|100\/100\n|-weather|SunnyDay|[from] ability: Drought|[of] p2b: PACO SANZ\n|turn|3\n|\n|t:|1683879757\n|move|p1b: Flutter Mane|Protect|p1b: Flutter Mane\n|-singleturn|p1b: Flutter Mane|Protect\n|move|p1a: Dragonite|Extreme Speed|p2b: PACO SANZ\n|-damage|p2b: PACO SANZ|68\/100\n|move|p2b: PACO SANZ|Eruption|p1b: Flutter Mane|[spread] p1a\n|-activate|p1b: Flutter Mane|move: Protect\n|-resisted|p1a: Dragonite\n|-damage|p1a: Dragonite|88\/100\n|move|p2a: MONO PIKCAL|Instruct|p2b: PACO SANZ\n|-singleturn|p2b: PACO SANZ|move: Instruct|[of] p2a: MONO PIKCAL\n|move|p2b: PACO SANZ|Eruption|p1a: Dragonite|[spread] p1a\n|-activate|p1b: Flutter Mane|move: Protect\n|-resisted|p1a: Dragonite\n|-damage|p1a: Dragonite|63\/100\n|\n|-weather|SunnyDay|[upkeep]\n|upkeep\n|turn|4\n|inactive|Cyberdevil has 30 seconds left.\n|\n|t:|1683879792\n|move|p1a: Dragonite|Extreme Speed|p2b: PACO SANZ\n|-damage|p2b: PACO SANZ|29\/100\n|move|p2b: PACO SANZ|Flamethrower|p1b: Flutter Mane\n|-damage|p1b: Flutter Mane|38\/100\n|move|p2a: MONO PIKCAL|Instruct|p2b: PACO SANZ\n|-singleturn|p2b: PACO SANZ|move: Instruct|[of] p2a: MONO PIKCAL\n|move|p2b: PACO SANZ|Flamethrower|p1b: Flutter Mane\n|-damage|p1b: Flutter Mane|0 fnt\n|faint|p1b: Flutter Mane\n|-end|p1b: Flutter Mane|Protosynthesis|[silent]\n|\n|-weather|SunnyDay|[upkeep]\n|upkeep\n|\n|t:|1683879801\n|switch|p1b: Great Tusk|Great Tusk, L50|100\/100\n|-activate|p1b: Great Tusk|ability: Protosynthesis\n|-start|p1b: Great Tusk|protosynthesisatk\n|turn|5\n|\n|t:|1683879812\n|move|p2b: PACO SANZ|Protect|p2b: PACO SANZ\n|-singleturn|p2b: PACO SANZ|Protect\n|move|p1a: Dragonite|Extreme Speed|p2b: PACO SANZ\n|-activate|p2b: PACO SANZ|move: Protect\n|move|p2a: MONO PIKCAL|Psyshock|p1b: Great Tusk\n|-supereffective|p1b: Great Tusk\n|-damage|p1b: Great Tusk|63\/100\n|move|p1b: Great Tusk|Earthquake|p2a: MONO PIKCAL|[spread] p2a\n|-activate|p2b: PACO SANZ|move: Protect\n|-immune|p1a: Dragonite\n|-supereffective|p2a: MONO PIKCAL\n|-damage|p2a: MONO PIKCAL|0 fnt\n|faint|p2a: MONO PIKCAL\n|\n|-weather|SunnyDay|[upkeep]\n|-fieldend|move: Trick Room\n|upkeep\n|\n|t:|1683879823\n|switch|p2a: DURUM KEBAB|Hatterene, L50, F|100\/100\n|turn|6\n|\n|t:|1683879831\n|move|p2b: PACO SANZ|Protect|p2b: PACO SANZ\n|-singleturn|p2b: PACO SANZ|Protect\n|move|p1a: Dragonite|Extreme Speed|p2a: DURUM KEBAB\n|-damage|p2a: DURUM KEBAB|46\/100\n|move|p1b: Great Tusk|Earthquake|p2a: DURUM KEBAB|[spread] p2a\n|-activate|p2b: PACO SANZ|move: Protect\n|-immune|p1a: Dragonite\n|-damage|p2a: DURUM KEBAB|0 fnt\n|faint|p2a: DURUM KEBAB\n|\n|-weather|SunnyDay|[upkeep]\n|upkeep\n|turn|7\n|\n|t:|1683879842\n|move|p1a: Dragonite|Extreme Speed|p2b: PACO SANZ\n|-damage|p2b: PACO SANZ|0 fnt\n|faint|p2b: PACO SANZ\n|\n|win|Cyberdevil\n|raw|Cyberdevil's rating: 1280 → 1310<\/strong> (+30 for winning)\n|raw|AratzEnp's rating: 1347 → 1323<\/strong> (-24 for losing)\n|c|\u2606Cyberdevil|gg\n|l|\u2606AratzEnp\n","uploadtime":1683879852,"views":8,"p1id":"cyberdevil","p2id":"aratzenp","formatid":"gen9vgc2023regulationc","rating":1310,"private":0,"password":""}