{"id":"gen9vgc2023regulationc-1855319077","p1":"wazzo97","p2":"wisedyVGC","format":"[Gen 9] VGC 2023 Regulation C","log":"|j|\u2606wazzo97\n|j|\u2606wisedyVGC\n|t:|1682936225\n|gametype|doubles\n|player|p1|wazzo97|266|1525\n|player|p2|wisedyVGC|cynthia-gen4|1497\n|teamsize|p1|6\n|teamsize|p2|6\n|gen|9\n|tier|[Gen 9] VGC 2023 Regulation C\n|rated|\n|rule|Species Clause: Limit one of each Pok\u00e9mon\n|rule|Item Clause: Limit one of each item\n|clearpoke\n|poke|p1|Orthworm, L50, M|\n|poke|p1|Dragonite, L50, F|\n|poke|p1|Ting-Lu, L50|\n|poke|p1|Gyarados, L50, M|\n|poke|p1|Flutter Mane, L50|\n|poke|p1|Chien-Pao, L50|\n|poke|p2|Iron Hands, L50|\n|poke|p2|Amoonguss, L50, F|\n|poke|p2|Chi-Yu, L50|\n|poke|p2|Iron Bundle, L50|\n|poke|p2|Mimikyu, L50, F|\n|poke|p2|Dragonite, L50, F|\n|teampreview|4\n|inactive|Battle timer is ON: inactive players will automatically lose when time's up. (requested by wisedyVGC)\nwisedyVGC has agreed to open team sheets.\n|inactive|wisedyVGC has 60 seconds left.\n|\n|t:|1682936282\n|start\n|switch|p1a: Orthworm|Orthworm, L50, M|100\/100\n|switch|p1b: Ting-Lu|Ting-Lu, L50|100\/100\n|switch|p2a: John|Iron Hands, L50|100\/100\n|switch|p2b: Mary|Mimikyu, L50, F|100\/100\n|-ability|p1b: Ting-Lu|Vessel of Ruin\n|turn|1\n|\n|t:|1682936295\n|-terastallize|p2a: John|Grass\n|move|p2a: John|Fake Out|p1a: Orthworm\n|-resisted|p1a: Orthworm\n|-damage|p1a: Orthworm|95\/100\n|move|p2b: Mary|Play Rough|p1b: Ting-Lu\n|-supereffective|p1b: Ting-Lu\n|-damage|p1b: Ting-Lu|33\/100\n|-damage|p2b: Mary|91\/100|[from] item: Life Orb\n|move|p1b: Ting-Lu|Earthquake|p2a: John|[spread] p2a,p2b\n|-heal|p1a: Orthworm|100\/100|[from] ability: Earth Eater|[of] p1b: Ting-Lu\n|-resisted|p2a: John\n|-damage|p2a: John|85\/100\n|-activate|p2b: Mary|ability: Disguise\n|-damage|p2b: Mary|91\/100\n|detailschange|p2b: Mary|Mimikyu-Busted, L50, F\n|-damage|p2b: Mary|79\/100|[from] pokemon: Mimikyu-Busted\n|cant|p1a: Orthworm|flinch\n|\n|upkeep\n|turn|2\n|\n|t:|1682936304\n|move|p2b: Mary|Play Rough|p1b: Ting-Lu\n|-supereffective|p1b: Ting-Lu\n|-damage|p1b: Ting-Lu|0 fnt\n|faint|p1b: Ting-Lu\n|-damage|p2b: Mary|70\/100|[from] item: Life Orb\n|move|p1a: Orthworm|Shed Tail|p1a: Orthworm\n|-start|p1a: Orthworm|Substitute|[from] move: Shed Tail\n|-damage|p1a: Orthworm|50\/100\n|-enditem|p1a: Orthworm|Sitrus Berry|[eat]\n|-heal|p1a: Orthworm|75\/100|[from] item: Sitrus Berry\n|\n|t:|1682936309\n|switch|p1a: Dragonite|Dragonite, L50, F|100\/100|[from] Shed Tail\n|move|p2a: John|Drain Punch|p1a: Dragonite\n|-resisted|p1a: Dragonite\n|-activate|p1a: Dragonite|move: Substitute|[damage]\n|-heal|p2a: John|89\/100|[from] drain|[of] p1a: Dragonite\n|\n|upkeep\n|\n|t:|1682936313\n|switch|p1b: Gyarados|Gyarados, L50, M|100\/100\n|-ability|p1b: Gyarados|Intimidate|boost\n|-unboost|p2a: John|atk|1\n|-unboost|p2b: Mary|atk|1\n|turn|3\n|\n|t:|1682936327\n|-terastallize|p1a: Dragonite|Flying\n|move|p1a: Dragonite|Dragon Dance|p1a: Dragonite\n|-boost|p1a: Dragonite|atk|1\n|-boost|p1a: Dragonite|spe|1\n|move|p1b: Gyarados|Taunt|p2b: Mary\n|-start|p2b: Mary|move: Taunt\n|move|p2b: Mary|Play Rough|p1a: Dragonite\n|-end|p1a: Dragonite|Substitute\n|-damage|p2b: Mary|60\/100|[from] item: Life Orb\n|move|p2a: John|Volt Switch|p1b: Gyarados\n|-supereffective|p1b: Gyarados\n|-damage|p1b: Gyarados|58\/100\n|\n|t:|1682936341\n|-end|p2a: John|Quark Drive|[silent]\n|switch|p2a: Bob|Iron Bundle, L50|100\/100|[from] Volt Switch\n|-enditem|p2a: Bob|Booster Energy\n|-activate|p2a: Bob|ability: Quark Drive|[fromitem]\n|-start|p2a: Bob|quarkdrivespe\n|\n|upkeep\n|turn|4\n|\n|t:|1682936354\n|switch|p1b: Orthworm|Orthworm, L50, M|75\/100\n|switch|p2b: Phil|Chi-Yu, L50|100\/100\n|-ability|p2b: Phil|Beads of Ruin\n|move|p2a: Bob|Freeze-Dry|p1a: Dragonite\n|-supereffective|p1a: Dragonite\n|-damage|p1a: Dragonite|57\/100\n|move|p1a: Dragonite|Tera Blast|p2a: Bob\n|-damage|p2a: Bob|5\/100\n|\n|upkeep\n|turn|5\n|inactive|wazzo97 has 30 seconds left.\n|inactive|wisedyVGC has 30 seconds left.\n|\n|t:|1682936389\n|move|p2a: Bob|Protect|p2a: Bob\n|-singleturn|p2a: Bob|Protect\n|move|p1a: Dragonite|Earthquake|p2b: Phil|[spread] p2b\n|-activate|p2a: Bob|move: Protect\n|-heal|p1b: Orthworm|100\/100|[from] ability: Earth Eater|[of] p1a: Dragonite\n|-supereffective|p2b: Phil\n|-enditem|p2b: Phil|Focus Sash\n|-damage|p2b: Phil|1\/100\n|move|p2b: Phil|Heat Wave|p1b: Orthworm|[spread] p1a,p1b\n|-supereffective|p1b: Orthworm\n|-damage|p1a: Dragonite|1\/100\n|-damage|p1b: Orthworm|0 fnt\n|faint|p1b: Orthworm\n|\n|upkeep\n|\n|t:|1682936397\n|switch|p1b: Gyarados|Gyarados, L50, M|58\/100\n|-ability|p1b: Gyarados|Intimidate|boost\n|-unboost|p2a: Bob|atk|1\n|-unboost|p2b: Phil|atk|1\n|turn|6\n|\n|t:|1682936408\n|move|p1a: Dragonite|Extreme Speed|p2a: Bob\n|-damage|p2a: Bob|0 fnt\n|faint|p2a: Bob\n|-end|p2a: Bob|Quark Drive|[silent]\n|move|p2b: Phil|Heat Wave|p1a: Dragonite|[spread] p1a,p1b\n|-resisted|p1b: Gyarados\n|-damage|p1a: Dragonite|0 fnt\n|-damage|p1b: Gyarados|38\/100\n|faint|p1a: Dragonite\n|move|p1b: Gyarados|Bulldoze|p2b: Phil\n|-supereffective|p2b: Phil\n|-damage|p2b: Phil|0 fnt\n|faint|p2b: Phil\n|\n|upkeep\n|\n|t:|1682936412\n|switch|p2a: Mary|Mimikyu-Busted, L50, F|60\/100\n|switch|p2b: John|Iron Hands, L50, tera:Grass|89\/100\n|turn|7\n|-message|wazzo97 forfeited.\n|\n|win|wisedyVGC\n|raw|wazzo97's rating: 1525 → 1503<\/strong> (-22 for losing)\n|raw|wisedyVGC's rating: 1497 → 1519<\/strong> (+22 for winning)\n|l|\u2606wazzo97\n","uploadtime":1682936421,"views":45,"p1id":"wazzo97","p2id":"wisedyvgc","formatid":"gen9vgc2023regulationc","rating":1503,"private":0,"password":""}