{"id":"gen9vgc2023regulationc-1855080658","p1":"Vengeful potato","p2":"G3rd","format":"[Gen 9] VGC 2023 Regulation C","log":"|j|\u2606Vengeful potato\n|j|\u2606G3rd\n|t:|1682898914\n|gametype|doubles\n|player|p1|Vengeful potato|swimmer-gen4|1290\n|player|p2|G3rd|giovanni|1211\n|teamsize|p1|6\n|teamsize|p2|6\n|gen|9\n|tier|[Gen 9] VGC 2023 Regulation C\n|rated|\n|rule|Species Clause: Limit one of each Pok\u00e9mon\n|rule|Item Clause: Limit one of each item\n|clearpoke\n|poke|p1|Dudunsparce-*, L50, M|\n|poke|p1|Hariyama, L50, M|\n|poke|p1|Gholdengo, L50|\n|poke|p1|Salamence, L50, F|\n|poke|p1|Amoonguss, L50, M|\n|poke|p1|Drednaw, L50, M|\n|poke|p2|Annihilape, L50, F|\n|poke|p2|Maushold-Four, L50|\n|poke|p2|Chien-Pao, L50|\n|poke|p2|Dragonite, L50, M|\n|poke|p2|Ting-Lu, L50|\n|poke|p2|Flutter Mane, L50|\n|teampreview|4\nG3rd has agreed to open team sheets.\nVengeful potato has agreed to open team sheets.\n|\n|t:|1682898952\n|start\n|switch|p1a: It\u2019s Sparcin\u2019 time|Dudunsparce, L50, M|100\/100\n|switch|p1b: THICC|Hariyama, L50, M, shiny|100\/100\n|switch|p2a: Maushold|Maushold-Four, L50|100\/100\n|switch|p2b: Annihilape|Annihilape, L50, F|100\/100\n|turn|1\n|\n|t:|1682898993\n|-terastallize|p2a: Maushold|Ghost\n|move|p1b: THICC|Fake Out|p2a: Maushold\n|-immune|p2a: Maushold\n|move|p2a: Maushold|Beat Up|p2b: Annihilape\n|-crit|p2b: Annihilape\n|-damage|p2b: Annihilape|99\/100\n|-damage|p2b: Annihilape|97\/100\n|-damage|p2b: Annihilape|95\/100\n|-damage|p2b: Annihilape|93\/100\n|-hitcount|p2b: Annihilape|4\n|move|p2b: Annihilape|Rage Fist|p1b: THICC\n|-damage|p1b: THICC|2\/100\n|-enditem|p1b: THICC|Aguav Berry|[eat]\n|-heal|p1b: THICC|35\/100|[from] item: Aguav Berry\n|move|p1a: It\u2019s Sparcin\u2019 time|Glare|p2b: Annihilape\n|-status|p2b: Annihilape|par\n|\n|-heal|p2b: Annihilape|99\/100 par|[from] item: Leftovers\n|upkeep\n|turn|2\n|\n|t:|1682899022\n|switch|p2a: Chien-Pao|Chien-Pao, L50|100\/100\n|-ability|p2a: Chien-Pao|Sword of Ruin\n|move|p1b: THICC|Bullet Punch|p2a: Chien-Pao\n|-supereffective|p2a: Chien-Pao\n|-damage|p2a: Chien-Pao|66\/100\n|move|p1a: It\u2019s Sparcin\u2019 time|Rock Slide|p2b: Annihilape|[spread] p2a,p2b\n|-supereffective|p2a: Chien-Pao\n|-resisted|p2b: Annihilape\n|-damage|p2a: Chien-Pao|30\/100\n|-damage|p2b: Annihilape|91\/100 par\n|move|p2b: Annihilape|Drain Punch|p1a: It\u2019s Sparcin\u2019 time\n|-supereffective|p1a: It\u2019s Sparcin\u2019 time\n|-damage|p1a: It\u2019s Sparcin\u2019 time|24\/100\n|-heal|p2b: Annihilape|100\/100 par|[from] drain|[of] p1a: It\u2019s Sparcin\u2019 time\n|-enditem|p1a: It\u2019s Sparcin\u2019 time|Sitrus Berry|[eat]\n|-heal|p1a: It\u2019s Sparcin\u2019 time|49\/100|[from] item: Sitrus Berry\n|\n|upkeep\n|turn|3\n|\n|t:|1682899072\n|switch|p1a: Big Stonks|Gholdengo, L50|100\/100\n|move|p1b: THICC|Bullet Punch|p2a: Chien-Pao\n|-supereffective|p2a: Chien-Pao\n|-damage|p2a: Chien-Pao|0 fnt\n|faint|p2a: Chien-Pao\n|move|p2b: Annihilape|Bulk Up|p2b: Annihilape\n|-boost|p2b: Annihilape|atk|1\n|-boost|p2b: Annihilape|def|1\n|\n|upkeep\n|\n|t:|1682899082\n|switch|p2a: Maushold|Maushold-Four, L50, tera:Ghost|100\/100\n|turn|4\n|\n|t:|1682899094\n|switch|p1a: It\u2019s Sparcin\u2019 time|Dudunsparce, L50, M|49\/100\n|move|p2a: Maushold|Protect|p2a: Maushold\n|-singleturn|p2a: Maushold|Protect\n|move|p1b: THICC|Bullet Punch|p2a: Maushold\n|-activate|p2a: Maushold|move: Protect\n|move|p2b: Annihilape|Rage Fist|p1a: It\u2019s Sparcin\u2019 time\n|-immune|p1a: It\u2019s Sparcin\u2019 time\n|\n|upkeep\n|turn|5\n|\n|t:|1682899124\n|move|p2a: Maushold|Follow Me|p2a: Maushold\n|-singleturn|p2a: Maushold|move: Follow Me\n|move|p1b: THICC|Bullet Punch|p2a: Maushold\n|-damage|p2a: Maushold|88\/100\n|move|p1a: It\u2019s Sparcin\u2019 time|Glare|p2a: Maushold\n|-status|p2a: Maushold|par\n|move|p2b: Annihilape|Rage Fist|p1b: THICC\n|-damage|p1b: THICC|0 fnt\n|faint|p1b: THICC\n|\n|upkeep\n|\n|t:|1682899134\n|switch|p1b: Big Stonks|Gholdengo, L50|100\/100\n|turn|6\n|\n|t:|1682899148\n|cant|p2a: Maushold|par\n|move|p1a: It\u2019s Sparcin\u2019 time|Rock Slide|p2b: Annihilape|[spread] p2a\n|-miss|p1a: It\u2019s Sparcin\u2019 time|p2b: Annihilape\n|-damage|p2a: Maushold|75\/100 par\n|move|p1b: Big Stonks|Hex|p2b: Annihilape\n|-supereffective|p2b: Annihilape\n|-damage|p2b: Annihilape|0 fnt\n|faint|p2b: Annihilape\n|\n|upkeep\n|\n|t:|1682899157\n|switch|p2b: Dragonite|Dragonite, L50, M|100\/100\n|turn|7\n|-message|G3rd forfeited.\n|\n|win|Vengeful potato\n|raw|Vengeful potato's rating: 1290 → 1309<\/strong> (+19 for winning)\n|raw|G3rd's rating: 1211 → 1192<\/strong> (-19 for losing)\n|l|\u2606G3rd\n","uploadtime":1682899165,"views":8,"p1id":"vengefulpotato","p2id":"g3rd","formatid":"gen9vgc2023regulationc","rating":1192,"private":0,"password":""}