{"id":"gen9vgc2023regulationc-1861598690","p1":"DanceOfHearts","p2":"testrider","format":"[Gen 9] VGC 2023 Regulation C","log":"|j|\u2606DanceOfHearts\n|j|\u2606testrider\n|t:|1683779024\n|gametype|doubles\n|player|p1|DanceOfHearts|may-masters2|1501\n|player|p2|testrider|265|1392\n|teamsize|p1|6\n|teamsize|p2|6\n|gen|9\n|tier|[Gen 9] VGC 2023 Regulation C\n|rated|\n|rule|Species Clause: Limit one of each Pok\u00e9mon\n|rule|Item Clause: Limit one of each item\n|clearpoke\n|poke|p1|Amoonguss, L50, M|\n|poke|p1|Chien-Pao, L50|\n|poke|p1|Arcanine, L50, M|\n|poke|p1|Palafin, L50, M|\n|poke|p1|Flutter Mane, L50|\n|poke|p1|Kingambit, L50, M|\n|poke|p2|Murkrow, L50, M|\n|poke|p2|Flutter Mane, L50|\n|poke|p2|Dragonite, L50, M|\n|poke|p2|Great Tusk, L50|\n|poke|p2|Gholdengo, L50|\n|poke|p2|Amoonguss, L50, M|\n|teampreview|4\n|\n|t:|1683779046\n|start\n|switch|p1a: Rawr XD|Chien-Pao, L50|100\/100\n|switch|p1b: Uwu|Palafin, L50, M|100\/100\n|switch|p2a: Murkrow|Murkrow, L50, M|100\/100\n|switch|p2b: Flutter Mane|Flutter Mane, L50|100\/100\n|-ability|p1a: Rawr XD|Sword of Ruin\n|turn|1\n|\n|t:|1683779065\n|-terastallize|p2b: Flutter Mane|Fairy\n|-terastallize|p1b: Uwu|Water\n|move|p1a: Rawr XD|Sucker Punch|p2b: Flutter Mane\n|-resisted|p2b: Flutter Mane\n|-crit|p2b: Flutter Mane\n|-damage|p2b: Flutter Mane|43\/100\n|move|p1b: Uwu|Jet Punch|p2b: Flutter Mane\n|-damage|p2b: Flutter Mane|0 fnt\n|faint|p2b: Flutter Mane\n|-end|p2b: Flutter Mane|Protosynthesis|[silent]\n|move|p2a: Murkrow|Tailwind|p2a: Murkrow\n|-sidestart|p2: testrider|move: Tailwind\n|\n|upkeep\n|\n|t:|1683779082\n|switch|p2b: Great Tusk|Great Tusk, L50|100\/100\n|turn|2\n|\n|t:|1683779093\n|detailschange|p1b: Uwu|Palafin-Hero, L50, M, tera:Water\n|switch|p1b: Meow|Arcanine, L50, M|100\/100\n|-ability|p1b: Meow|Intimidate|boost\n|-unboost|p2a: Murkrow|atk|1\n|-unboost|p2b: Great Tusk|atk|1\n|move|p2a: Murkrow|Sunny Day|p2a: Murkrow\n|-weather|SunnyDay\n|-activate|p2b: Great Tusk|ability: Protosynthesis\n|-start|p2b: Great Tusk|protosynthesisdef\n|move|p2b: Great Tusk|Earthquake|p1b: Meow|[spread] p1a,p1b\n|-immune|p2a: Murkrow\n|-supereffective|p1b: Meow\n|-damage|p1a: Rawr XD|60\/100\n|-damage|p1b: Meow|24\/100\n|move|p1a: Rawr XD|Icicle Crash|p2a: Murkrow\n|-supereffective|p2a: Murkrow\n|-damage|p2a: Murkrow|0 fnt\n|faint|p2a: Murkrow\n|\n|-weather|SunnyDay|[upkeep]\n|upkeep\n|\n|t:|1683779108\n|switch|p2a: Dragonite|Dragonite, L50, M|100\/100\n|turn|3\n|\n|t:|1683779122\n|move|p1a: Rawr XD|Protect|p1a: Rawr XD\n|-singleturn|p1a: Rawr XD|Protect\n|move|p2a: Dragonite|Extreme Speed|p1a: Rawr XD\n|-activate|p1a: Rawr XD|move: Protect\n|move|p1b: Meow|Extreme Speed|p2a: Dragonite\n|-damage|p2a: Dragonite|81\/100\n|move|p2b: Great Tusk|Earthquake|p1b: Meow|[spread] p1b\n|-activate|p1a: Rawr XD|move: Protect\n|-immune|p2a: Dragonite\n|-supereffective|p1b: Meow\n|-crit|p1b: Meow\n|-damage|p1b: Meow|0 fnt\n|faint|p1b: Meow\n|\n|-weather|SunnyDay|[upkeep]\n|upkeep\n|\n|t:|1683779139\n|switch|p1b: Uwu|Palafin-Hero, L50, M, tera:Water|100\/100\n|-activate|p1b: Uwu|ability: Zero to Hero\n|turn|4\n|\n|t:|1683779146\n|switch|p1a: Flutter Mane|Flutter Mane, L50|100\/100\n|-activate|p1a: Flutter Mane|ability: Protosynthesis\n|-start|p1a: Flutter Mane|protosynthesisspe\n|move|p2a: Dragonite|Extreme Speed|p1a: Flutter Mane\n|-immune|p1a: Flutter Mane\n|move|p2b: Great Tusk|Earthquake|p1a: Flutter Mane|[spread] p1a,p1b\n|-immune|p2a: Dragonite\n|-damage|p1a: Flutter Mane|52\/100\n|-damage|p1b: Uwu|76\/100\n|move|p1b: Uwu|Wave Crash|p2b: Great Tusk\n|-supereffective|p2b: Great Tusk\n|-damage|p2b: Great Tusk|29\/100\n|-damage|p1b: Uwu|54\/100|[from] Recoil\n|\n|-weather|SunnyDay|[upkeep]\n|-sideend|p2: testrider|move: Tailwind\n|upkeep\n|turn|5\n|\n|t:|1683779165\n|move|p2a: Dragonite|Extreme Speed|p1b: Uwu\n|-damage|p1b: Uwu|9\/100\n|move|p1b: Uwu|Jet Punch|p2a: Dragonite\n|-resisted|p2a: Dragonite\n|-damage|p2a: Dragonite|62\/100\n|move|p1a: Flutter Mane|Dazzling Gleam|p2a: Dragonite|[spread] p2a,p2b\n|-supereffective|p2a: Dragonite\n|-supereffective|p2b: Great Tusk\n|-crit|p2b: Great Tusk\n|-damage|p2a: Dragonite|0 fnt\n|-damage|p2b: Great Tusk|0 fnt\n|faint|p2a: Dragonite\n|faint|p2b: Great Tusk\n|-end|p2b: Great Tusk|Protosynthesis|[silent]\n|\n|win|DanceOfHearts\n|raw|DanceOfHearts's rating: 1501 → 1515<\/strong> (+14 for winning)\n|raw|testrider's rating: 1392 → 1378<\/strong> (-14 for losing)\n|l|\u2606testrider\n","uploadtime":1683779187,"views":15,"p1id":"danceofhearts","p2id":"testrider","formatid":"gen9vgc2023regulationc","rating":1378,"private":0,"password":""}