{"id":"gen9vgc2023regulationc-1853137258","p1":"nacho_turko","p2":"legnobello","format":"[Gen 9] VGC 2023 Regulation C","log":"|j|\u2606nacho_turko\n|j|\u2606legnobello\n|t:|1682639692\n|gametype|doubles\n|player|p1|nacho_turko|101|1241\n|player|p2|legnobello|drayden|1161\n|teamsize|p1|6\n|teamsize|p2|6\n|gen|9\n|tier|[Gen 9] VGC 2023 Regulation C\n|rated|\n|rule|Species Clause: Limit one of each Pok\u00e9mon\n|rule|Item Clause: Limit one of each item\n|clearpoke\n|poke|p1|Azumarill, L50, F|\n|poke|p1|Armarouge, L50, F|\n|poke|p1|Indeedee-F, L50, F|\n|poke|p1|Great Tusk, L50|\n|poke|p1|Grimmsnarl, L50, M|\n|poke|p1|Gastrodon, L50, F|\n|poke|p2|Roaring Moon, L50|\n|poke|p2|Klefki, L50, M|\n|poke|p2|Skeledirge, L50, M|\n|poke|p2|Garchomp, L50, F|\n|poke|p2|Corviknight, L50, F|\n|poke|p2|Maushold-Four, L50|\n|teampreview|4\n|inactive|Battle timer is ON: inactive players will automatically lose when time's up. (requested by legnobello)\nlegnobello has agreed to open team sheets.\n|\n|t:|1682639722\n|start\n|switch|p1a: Indeedee|Indeedee-F, L50, F|100\/100\n|switch|p1b: Armarouge|Armarouge, L50, F|100\/100\n|switch|p2a: Corviknight|Corviknight, L50, F|100\/100\n|switch|p2b: Garchompello|Garchomp, L50, F|100\/100\n|-fieldstart|move: Psychic Terrain|[from] ability: Psychic Surge|[of] p1a: Indeedee\n|turn|1\n|inactive|legnobello has 30 seconds left.\n|\n|t:|1682639751\n|-terastallize|p1b: Armarouge|Bug\n|move|p1a: Indeedee|Follow Me|p1a: Indeedee\n|-singleturn|p1a: Indeedee|move: Follow Me\n|move|p2b: Garchompello|Rock Slide|p1b: Armarouge|[spread] p1a,p1b\n|-supereffective|p1b: Armarouge\n|-damage|p1a: Indeedee|82\/100\n|-damage|p1b: Armarouge|59\/100\n|move|p2a: Corviknight|Body Press|p1a: Indeedee\n|-damage|p1a: Indeedee|59\/100\n|move|p1b: Armarouge|Trick Room|p1b: Armarouge\n|-fieldstart|move: Trick Room|[of] p1b: Armarouge\n|\n|upkeep\n|turn|2\n|inactive|legnobello has 30 seconds left.\n|\n|t:|1682639776\n|switch|p2a: Maushold|Maushold-Four, L50|100\/100\n|move|p1b: Armarouge|Flamethrower|p2a: Maushold\n|-damage|p2a: Maushold|34\/100\n|move|p1a: Indeedee|Psychic|p2b: Garchompello\n|-damage|p2b: Garchompello|67\/100\n|move|p2b: Garchompello|Rock Slide|p1a: Indeedee|[spread] p1a,p1b\n|-supereffective|p1b: Armarouge\n|-damage|p1a: Indeedee|42\/100\n|-damage|p1b: Armarouge|22\/100\n|\n|upkeep\n|turn|3\n|inactive|legnobello has 30 seconds left.\n|inactive|legnobello has 20 seconds left.\n|inactive|legnobello has 15 seconds left.\n|\n|t:|1682639820\n|switch|p2b: Mario Draghi|Roaring Moon, L50|100\/100\n|-enditem|p2b: Mario Draghi|Booster Energy\n|-activate|p2b: Mario Draghi|ability: Protosynthesis|[fromitem]\n|-start|p2b: Mario Draghi|protosynthesisatk\n|move|p2a: Maushold|Follow Me|p2a: Maushold\n|-singleturn|p2a: Maushold|move: Follow Me\n|move|p1b: Armarouge|Expanding Force|p2a: Maushold|[spread] p2a\n|-immune|p2b: Mario Draghi\n|-damage|p2a: Maushold|0 fnt\n|faint|p2a: Maushold\n|move|p1a: Indeedee|Psychic|p2b: Mario Draghi\n|-immune|p2b: Mario Draghi\n|\n|upkeep\n|\n|t:|1682639838\n|switch|p2a: Garchompello|Garchomp, L50, F|67\/100\n|turn|4\n|inactive|legnobello has 30 seconds left.\n|\n|t:|1682639864\n|switch|p1b: Azumarill|Azumarill, L50, F|100\/100\n|-enditem|p1b: Azumarill|Psychic Seed\n|-boost|p1b: Azumarill|spd|1|[from] item: Psychic Seed\n|-terastallize|p2b: Mario Draghi|Flying\n|move|p1a: Indeedee|Follow Me|p1a: Indeedee\n|-singleturn|p1a: Indeedee|move: Follow Me\n|move|p2b: Mario Draghi|Throat Chop|p1a: Indeedee\n|-supereffective|p1a: Indeedee\n|-damage|p1a: Indeedee|0 fnt\n|faint|p1a: Indeedee\n|move|p2a: Garchompello|Rock Slide|p1b: Azumarill\n|-damage|p1b: Azumarill|76\/100\n|\n|upkeep\n|\n|t:|1682639882\n|switch|p1a: Armarouge|Armarouge, L50, F, tera:Bug|22\/100\n|turn|5\n|\n|t:|1682639890\n|move|p2b: Mario Draghi|Protect|p2b: Mario Draghi\n|-singleturn|p2b: Mario Draghi|Protect\n|move|p1b: Azumarill|Play Rough|p2a: Garchompello\n|-supereffective|p2a: Garchompello\n|-damage|p2a: Garchompello|0 fnt\n|-damage|p1b: Azumarill|64\/100|[from] ability: Rough Skin|[of] p2a: Garchompello\n|faint|p2a: Garchompello\n|move|p1a: Armarouge|Will-O-Wisp|p2b: Mario Draghi\n|-activate|p2b: Mario Draghi|move: Protect\n|\n|-fieldend|move: Trick Room\n|-fieldend|move: Psychic Terrain\n|upkeep\n|\n|t:|1682639903\n|switch|p2a: Corviknight|Corviknight, L50, F|100\/100\n|turn|6\n|\n|t:|1682639923\n|move|p2b: Mario Draghi|Acrobatics|p1b: Azumarill\n|-damage|p1b: Azumarill|0 fnt\n|faint|p1b: Azumarill\n|move|p2a: Corviknight|Brave Bird|p1a: Armarouge\n|-supereffective|p1a: Armarouge\n|-damage|p1a: Armarouge|0 fnt\n|faint|p1a: Armarouge\n|-damage|p2a: Corviknight|95\/100|[from] Recoil\n|\n|upkeep\n|-message|nacho_turko forfeited.\n|\n|win|legnobello\n|raw|nacho_turko's rating: 1241 → 1210<\/strong> (-31 for losing)\n|raw|legnobello's rating: 1161 → 1192<\/strong> (+31 for winning)\n|c|\u2606legnobello|Gg\n","uploadtime":1682639966,"views":5,"p1id":"nachoturko","p2id":"legnobello","formatid":"gen9vgc2023regulationc","rating":1192,"private":0,"password":""}