{"id":"gen9vgc2023regulationc-1855662478","p1":"Bananenen","p2":"QrdeJegoMac","format":"[Gen 9] VGC 2023 Regulation C","log":"|j|\u2606Bananenen\n|j|\u2606QrdeJegoMac\n|t:|1682970945\n|gametype|doubles\n|player|p1|Bananenen|101|1334\n|player|p2|QrdeJegoMac|169|1404\n|teamsize|p1|6\n|teamsize|p2|6\n|gen|9\n|tier|[Gen 9] VGC 2023 Regulation C\n|rated|\n|rule|Species Clause: Limit one of each Pok\u00e9mon\n|rule|Item Clause: Limit one of each item\n|clearpoke\n|poke|p1|Ting-Lu, L50|\n|poke|p1|Abomasnow, L50, F|\n|poke|p1|Flutter Mane, L50|\n|poke|p1|Iron Hands, L50|\n|poke|p1|Bronzong, L50|\n|poke|p1|Iron Bundle, L50|\n|poke|p2|Murkrow, L50, M|\n|poke|p2|Chi-Yu, L50|\n|poke|p2|Flutter Mane, L50|\n|poke|p2|Great Tusk, L50|\n|poke|p2|Chien-Pao, L50|\n|poke|p2|Corviknight, L50, M|\n|teampreview|4\n|inactive|Battle timer is ON: inactive players will automatically lose when time's up. (requested by QrdeJegoMac)\n|inactive|Bananenen has 60 seconds left.\nQrdeJegoMac has agreed to open team sheets.\n|\n|t:|1682971001\n|start\n|switch|p1a: Iron Hands|Iron Hands, L50|100\/100\n|switch|p1b: Bronzong|Bronzong, L50|100\/100\n|switch|p2a: Murkrow|Murkrow, L50, M, shiny|100\/100\n|switch|p2b: Chi-Yu|Chi-Yu, L50|100\/100\n|-ability|p2b: Chi-Yu|Beads of Ruin\n|turn|1\n|inactive|Bananenen has 30 seconds left.\n|inactive|QrdeJegoMac has 30 seconds left.\n|\n|t:|1682971035\n|-terastallize|p2b: Chi-Yu|Ghost\n|-terastallize|p1b: Bronzong|Fire\n|move|p2a: Murkrow|Sunny Day|p2a: Murkrow\n|-weather|SunnyDay\n|move|p2b: Chi-Yu|Overheat|p1b: Bronzong\n|-resisted|p1b: Bronzong\n|-damage|p1b: Bronzong|37\/100\n|-unboost|p2b: Chi-Yu|spa|2\n|-damage|p2b: Chi-Yu|90\/100|[from] item: Life Orb\n|move|p1a: Iron Hands|Close Combat|p2b: Chi-Yu\n|-immune|p2b: Chi-Yu\n|move|p1b: Bronzong|Trick Room|p1b: Bronzong\n|-fieldstart|move: Trick Room|[of] p1b: Bronzong\n|\n|-weather|SunnyDay|[upkeep]\n|upkeep\n|turn|2\n|inactive|Bananenen has 30 seconds left.\n|\n|t:|1682971063\n|switch|p2b: Chien-Pao|Chien-Pao, L50|100\/100\n|-ability|p2b: Chien-Pao|Sword of Ruin\n|move|p1b: Bronzong|Helping Hand|p1a: Iron Hands\n|-singleturn|p1a: Iron Hands|Helping Hand|[of] p1b: Bronzong\n|move|p1a: Iron Hands|Wild Charge|p2b: Chien-Pao\n|-enditem|p2b: Chien-Pao|Focus Sash\n|-damage|p2b: Chien-Pao|1\/100\n|-damage|p1a: Iron Hands|84\/100|[from] Recoil\n|move|p2a: Murkrow|Foul Play|p1a: Iron Hands\n|-resisted|p1a: Iron Hands\n|-damage|p1a: Iron Hands|60\/100\n|\n|-weather|SunnyDay|[upkeep]\n|upkeep\n|turn|3\n|\n|t:|1682971087\n|move|p2b: Chien-Pao|Sucker Punch|p1a: Iron Hands\n|-resisted|p1a: Iron Hands\n|-damage|p1a: Iron Hands|43\/100\n|move|p1b: Bronzong|Gyro Ball|p2b: Chien-Pao\n|-supereffective|p2b: Chien-Pao\n|-crit|p2b: Chien-Pao\n|-damage|p2b: Chien-Pao|0 fnt\n|faint|p2b: Chien-Pao\n|move|p1a: Iron Hands|Wild Charge|p2a: Murkrow\n|-supereffective|p2a: Murkrow\n|-damage|p2a: Murkrow|6\/100\n|-damage|p1a: Iron Hands|26\/100|[from] Recoil\n|move|p2a: Murkrow|Foul Play|p1b: Bronzong\n|-damage|p1b: Bronzong|14\/100\n|\n|-weather|SunnyDay|[upkeep]\n|upkeep\n|\n|t:|1682971095\n|switch|p2b: Chi-Yu|Chi-Yu, L50, tera:Ghost|90\/100\n|-ability|p2b: Chi-Yu|Beads of Ruin\n|turn|4\n|\n|t:|1682971116\n|move|p1b: Bronzong|Helping Hand|p1a: Iron Hands\n|-singleturn|p1a: Iron Hands|Helping Hand|[of] p1b: Bronzong\n|move|p2b: Chi-Yu|Protect|p2b: Chi-Yu\n|-singleturn|p2b: Chi-Yu|Protect\n|move|p1a: Iron Hands|Wild Charge|p2b: Chi-Yu\n|-activate|p2b: Chi-Yu|move: Protect\n|move|p2a: Murkrow|Foul Play|p1b: Bronzong\n|-damage|p1b: Bronzong|0 fnt\n|faint|p1b: Bronzong\n|\n|-weather|SunnyDay|[upkeep]\n|upkeep\n|\n|t:|1682971121\n|switch|p1b: Ting-Lu|Ting-Lu, L50|100\/100\n|-ability|p1b: Ting-Lu|Vessel of Ruin\n|turn|5\n|inactive|QrdeJegoMac has 30 seconds left.\n|inactive|QrdeJegoMac has 20 seconds left.\n|inactive|QrdeJegoMac has 15 seconds left.\n|inactive|QrdeJegoMac has 10 seconds left.\n|\n|t:|1682971168\n|move|p2b: Chi-Yu|Protect||[still]\n|-fail|p2b: Chi-Yu\n|move|p2a: Murkrow|Tailwind|p2a: Murkrow\n|-sidestart|p2: QrdeJegoMac|move: Tailwind\n|move|p1b: Ting-Lu|Throat Chop|p2b: Chi-Yu\n|-supereffective|p2b: Chi-Yu\n|-damage|p2b: Chi-Yu|0 fnt\n|faint|p2b: Chi-Yu\n|move|p1a: Iron Hands|Wild Charge|p2a: Murkrow\n|-supereffective|p2a: Murkrow\n|-damage|p2a: Murkrow|0 fnt\n|faint|p2a: Murkrow\n|-damage|p1a: Iron Hands|25\/100|[from] Recoil\n|\n|-weather|none\n|-fieldend|move: Trick Room\n|upkeep\n|\n|t:|1682971170\n|switch|p2b: Corviknight|Corviknight, L50, M|100\/100\n|turn|6\n|\n|t:|1682971190\n|-end|p1a: Iron Hands|Quark Drive|[silent]\n|switch|p1a: Flutter Mane|Flutter Mane, L50|100\/100\n|move|p2b: Corviknight|Brave Bird|p1a: Flutter Mane\n|-damage|p1a: Flutter Mane|0 fnt\n|faint|p1a: Flutter Mane\n|-end|p1a: Flutter Mane|Protosynthesis|[silent]\n|-damage|p2b: Corviknight|74\/100|[from] Recoil\n|move|p1b: Ting-Lu|Throat Chop|p2b: Corviknight\n|-damage|p2b: Corviknight|13\/100\n|-start|p2b: Corviknight|Throat Chop|[silent]\n|\n|upkeep\n|\n|t:|1682971199\n|switch|p1a: Iron Hands|Iron Hands, L50|25\/100\n|turn|7\n|\n|t:|1682971202\n|move|p1a: Iron Hands|Fake Out|p2b: Corviknight\n|-resisted|p2b: Corviknight\n|-damage|p2b: Corviknight|7\/100\n|cant|p2b: Corviknight|flinch\n|move|p1b: Ting-Lu|Throat Chop|p2b: Corviknight\n|-damage|p2b: Corviknight|0 fnt\n|faint|p2b: Corviknight\n|\n|win|Bananenen\n|raw|Bananenen's rating: 1334 → 1358<\/strong> (+24 for winning)\n|raw|QrdeJegoMac's rating: 1404 → 1380<\/strong> (-24 for losing)\n|l|\u2606QrdeJegoMac\n","uploadtime":1682971218,"views":13,"p1id":"bananenen","p2id":"qrdejegomac","formatid":"gen9vgc2023regulationc","rating":1358,"private":0,"password":""}