{"id":"gen9vgc2023regulationc-1862348199","p1":"Ijustwantagarchomp","p2":"GucciSoup","format":"[Gen 9] VGC 2023 Regulation C","log":"|j|\u2606Ijustwantagarchomp\n|j|\u2606GucciSoup\n|t:|1683870442\n|gametype|doubles\n|player|p1|Ijustwantagarchomp|266|1245\n|player|p2|GucciSoup|wallace|1316\n|teamsize|p1|6\n|teamsize|p2|6\n|gen|9\n|tier|[Gen 9] VGC 2023 Regulation C\n|rated|\n|rule|Species Clause: Limit one of each Pok\u00e9mon\n|rule|Item Clause: Limit one of each item\n|clearpoke\n|poke|p1|Iron Bundle, L50|\n|poke|p1|Chi-Yu, L50|\n|poke|p1|Corviknight, L50, M|\n|poke|p1|Iron Hands, L50|\n|poke|p1|Garchomp, L50, M|\n|poke|p1|Gastrodon, L50, F|\n|poke|p2|Annihilape, L50, F|\n|poke|p2|Gothitelle, L50, M|\n|poke|p2|Grimmsnarl, L50, M|\n|poke|p2|Murkrow, L50, M|\n|poke|p2|Chi-Yu, L50|\n|poke|p2|Iron Valiant, L50|\n|teampreview|4\n|\n|t:|1683870516\n|start\n|switch|p1a: The snack|Chi-Yu, L50|100\/100\n|switch|p1b: Sir Jeffers|Iron Bundle, L50|100\/100\n|switch|p2a: Bird is the Word|Murkrow, L50, M|100\/100\n|switch|p2b: Iron Valiant|Iron Valiant, L50|100\/100\n|-ability|p1a: The snack|Beads of Ruin\n|-enditem|p1b: Sir Jeffers|Booster Energy\n|-activate|p1b: Sir Jeffers|ability: Quark Drive|[fromitem]\n|-start|p1b: Sir Jeffers|quarkdrivespe\n|turn|1\n|\n|t:|1683870566\n|move|p2b: Iron Valiant|Wide Guard|p2b: Iron Valiant\n|-singleturn|p2b: Iron Valiant|Wide Guard\n|move|p2a: Bird is the Word|Tailwind|p2a: Bird is the Word\n|-sidestart|p2: GucciSoup|move: Tailwind\n|move|p1b: Sir Jeffers|Icy Wind|p2a: Bird is the Word|[spread] \n|-activate|p2a: Bird is the Word|move: Wide Guard\n|-activate|p2b: Iron Valiant|move: Wide Guard\n|move|p1a: The snack|Heat Wave|p2a: Bird is the Word|[spread] \n|-activate|p2a: Bird is the Word|move: Wide Guard\n|-activate|p2b: Iron Valiant|move: Wide Guard\n|\n|upkeep\n|turn|2\n|\n|t:|1683870594\n|move|p2b: Iron Valiant|Destiny Bond|p2b: Iron Valiant\n|-singlemove|p2b: Iron Valiant|Destiny Bond\n|move|p1b: Sir Jeffers|Encore|p2a: Bird is the Word\n|-start|p2a: Bird is the Word|Encore\n|move|p2a: Bird is the Word|Tailwind||[still]\n|-fail|p2a: Bird is the Word\n|move|p1a: The snack|Dark Pulse|p2b: Iron Valiant\n|-resisted|p2b: Iron Valiant\n|-damage|p2b: Iron Valiant|79\/100\n|\n|upkeep\n|turn|3\n|\n|t:|1683870621\n|switch|p2a: Rengoku|Annihilape, L50, F|100\/100\n|move|p2b: Iron Valiant|Icy Wind|p1a: The snack|[spread] p1a,p1b\n|-resisted|p1a: The snack\n|-resisted|p1b: Sir Jeffers\n|-damage|p1a: The snack|96\/100\n|-damage|p1b: Sir Jeffers|94\/100\n|-unboost|p1a: The snack|spe|1\n|-unboost|p1b: Sir Jeffers|spe|1\n|move|p1b: Sir Jeffers|Icy Wind|p2a: Rengoku|[spread] p2b\n|-miss|p1b: Sir Jeffers|p2a: Rengoku\n|-damage|p2b: Iron Valiant|34\/100\n|-unboost|p2b: Iron Valiant|spe|1\n|move|p1a: The snack|Heat Wave|p2a: Rengoku|[spread] p2a,p2b\n|-damage|p2a: Rengoku|70\/100\n|-damage|p2b: Iron Valiant|0 fnt\n|faint|p2b: Iron Valiant\n|-end|p2b: Iron Valiant|Quark Drive|[silent]\n|\n|upkeep\n|\n|t:|1683870640\n|switch|p2b: TACTICAL NUKE|Chi-Yu, L50|100\/100\n|-ability|p2b: TACTICAL NUKE|Beads of Ruin\n|turn|4\n|\n|t:|1683870671\n|switch|p2a: Bird is the Word|Murkrow, L50, M|100\/100\n|-terastallize|p2b: TACTICAL NUKE|Fire\n|move|p1b: Sir Jeffers|Protect|p1b: Sir Jeffers\n|-singleturn|p1b: Sir Jeffers|Protect\n|move|p2b: TACTICAL NUKE|Heat Wave|p1b: Sir Jeffers|[spread] p1a\n|-activate|p1b: Sir Jeffers|move: Protect\n|-resisted|p1a: The snack\n|-damage|p1a: The snack|68\/100\n|move|p1a: The snack|Dark Pulse|p2a: Bird is the Word\n|-resisted|p2a: Bird is the Word\n|-damage|p2a: Bird is the Word|75\/100\n|\n|-sideend|p2: GucciSoup|move: Tailwind\n|upkeep\n|turn|5\n|\n|t:|1683870696\n|move|p2a: Bird is the Word|Tailwind|p2a: Bird is the Word\n|-sidestart|p2: GucciSoup|move: Tailwind\n|move|p2b: TACTICAL NUKE|Heat Wave|p1a: The snack|[spread] p1a,p1b\n|-resisted|p1a: The snack\n|-damage|p1a: The snack|39\/100\n|-damage|p1b: Sir Jeffers|0 fnt\n|faint|p1b: Sir Jeffers\n|-end|p1b: Sir Jeffers|Quark Drive|[silent]\n|move|p1a: The snack|Snarl|p2b: TACTICAL NUKE|[spread] p2a,p2b\n|-resisted|p2a: Bird is the Word\n|-damage|p2a: Bird is the Word|60\/100\n|-damage|p2b: TACTICAL NUKE|77\/100\n|-unboost|p2a: Bird is the Word|spa|1\n|-unboost|p2b: TACTICAL NUKE|spa|1\n|\n|upkeep\n|\n|t:|1683870721\n|switch|p1b: Robo Cop|Iron Hands, L50|100\/100\n|turn|6\n|\n|t:|1683870755\n|switch|p2b: Rengoku|Annihilape, L50, F|70\/100\n|move|p2a: Bird is the Word|Sunny Day|p2a: Bird is the Word\n|-weather|SunnyDay\n|move|p1a: The snack|Dark Pulse|p2a: Bird is the Word\n|-resisted|p2a: Bird is the Word\n|-damage|p2a: Bird is the Word|30\/100\n|move|p1b: Robo Cop|Drain Punch|p2b: Rengoku\n|-immune|p2b: Rengoku\n|\n|-weather|SunnyDay|[upkeep]\n|upkeep\n|turn|7\n|\n|t:|1683870776\n|move|p2a: Bird is the Word|Brave Bird|p1b: Robo Cop\n|-damage|p1b: Robo Cop|75\/100\n|-damage|p2a: Bird is the Word|15\/100|[from] Recoil\n|move|p2b: Rengoku|Drain Punch|p1a: The snack\n|-supereffective|p1a: The snack\n|-damage|p1a: The snack|0 fnt\n|-heal|p2b: Rengoku|83\/100|[from] drain|[of] p1a: The snack\n|faint|p1a: The snack\n|move|p1b: Robo Cop|Wild Charge|p2b: Rengoku\n|-damage|p2b: Rengoku|33\/100\n|-damage|p1b: Robo Cop|64\/100|[from] Recoil\n|\n|-weather|SunnyDay|[upkeep]\n|upkeep\n|\n|t:|1683870789\n|switch|p1a: Shark boy|Garchomp, L50, M|100\/100\n|turn|8\n|\n|t:|1683870834\n|-terastallize|p1b: Robo Cop|Flying\n|move|p2a: Bird is the Word|Perish Song|p2a: Bird is the Word\n|-start|p1a: Shark boy|perish3|[silent]\n|-start|p1b: Robo Cop|perish3|[silent]\n|-start|p2a: Bird is the Word|perish3|[silent]\n|-start|p2b: Rengoku|perish3|[silent]\n|-fieldactivate|move: Perish Song\n|move|p2b: Rengoku|Rage Fist|p1b: Robo Cop\n|-damage|p1b: Robo Cop|26\/100\n|move|p1a: Shark boy|Earthquake|p2b: Rengoku|[spread] p2b\n|-immune|p1b: Robo Cop\n|-immune|p2a: Bird is the Word\n|-damage|p2b: Rengoku|0 fnt\n|faint|p2b: Rengoku\n|move|p1b: Robo Cop|Drain Punch|p2a: Bird is the Word\n|-damage|p2a: Bird is the Word|0 fnt\n|-heal|p1b: Robo Cop|30\/100|[from] drain|[of] p2a: Bird is the Word\n|faint|p2a: Bird is the Word\n|\n|-weather|SunnyDay|[upkeep]\n|-start|p1a: Shark boy|perish3\n|-start|p1b: Robo Cop|perish3\n|-sideend|p2: GucciSoup|move: Tailwind\n|upkeep\n|\n|t:|1683870844\n|switch|p2b: TACTICAL NUKE|Chi-Yu, L50, tera:Fire|77\/100\n|-ability|p2b: TACTICAL NUKE|Beads of Ruin\n|turn|9\n|\n|t:|1683870869\n|move|p2b: TACTICAL NUKE|Heat Wave|p1a: Shark boy|[spread] p1a,p1b\n|-resisted|p1a: Shark boy\n|-damage|p1a: Shark boy|22\/100\n|-damage|p1b: Robo Cop|0 fnt\n|faint|p1b: Robo Cop\n|-end|p1b: Robo Cop|Quark Drive|[silent]\n|move|p1a: Shark boy|Earthquake|p2b: TACTICAL NUKE\n|-supereffective|p2b: TACTICAL NUKE\n|-damage|p2b: TACTICAL NUKE|0 fnt\n|faint|p2b: TACTICAL NUKE\n|\n|win|Ijustwantagarchomp\n|raw|Ijustwantagarchomp's rating: 1245 → 1275<\/strong> (+30 for winning)\n|raw|GucciSoup's rating: 1316 → 1292<\/strong> (-24 for losing)\n|l|\u2606GucciSoup\n","uploadtime":1683870890,"views":10,"p1id":"ijustwantagarchomp","p2id":"guccisoup","formatid":"gen9vgc2023regulationc","rating":1275,"private":0,"password":""}