{"id":"gen9vgc2023regulationc-1850283249","p1":"megaprawn","p2":"yoyotaka","format":"[Gen 9] VGC 2023 Regulation C","log":"|j|\u2606megaprawn\n|j|\u2606yoyotaka\n|t:|1682310760\n|gametype|doubles\n|player|p1|megaprawn|brycen|1233\n|player|p2|yoyotaka|102|1283\n|teamsize|p1|6\n|teamsize|p2|6\n|gen|9\n|tier|[Gen 9] VGC 2023 Regulation C\n|rated|\n|rule|Species Clause: Limit one of each Pok\u00e9mon\n|rule|Item Clause: Limit one of each item\n|clearpoke\n|poke|p1|Armarouge, L50, F|\n|poke|p1|Great Tusk, L50|\n|poke|p1|Talonflame, L50, F|\n|poke|p1|Indeedee-F, L50, F|\n|poke|p1|Gyarados, L50, M|\n|poke|p1|Flutter Mane, L50|\n|poke|p2|Chien-Pao, L50|\n|poke|p2|Dragonite, L50, F|\n|poke|p2|Talonflame, L50, F|\n|poke|p2|Glimmora, L50, M|\n|poke|p2|Flutter Mane, L50|\n|poke|p2|Chi-Yu, L50|\n|teampreview|4\nmegaprawn has agreed to open team sheets.\n|\n|t:|1682310833\n|start\n|switch|p1a: Great Tusk|Great Tusk, L50|100\/100\n|switch|p1b: Talonflame|Talonflame, L50, F|100\/100\n|switch|p2a: Chi-Yu|Chi-Yu, L50|100\/100\n|switch|p2b: Flutter Mane|Flutter Mane, L50|100\/100\n|-ability|p2a: Chi-Yu|Beads of Ruin\n|turn|1\n|\n|t:|1682310866\n|switch|p2a: Dragonite|Dragonite, L50, F|100\/100\n|-terastallize|p1a: Great Tusk|Rock\n|move|p1b: Talonflame|Tailwind|p1b: Talonflame\n|-sidestart|p1: megaprawn|move: Tailwind\n|move|p1a: Great Tusk|Earthquake|p2b: Flutter Mane|[spread] p2b\n|-immune|p1b: Talonflame\n|-immune|p2a: Dragonite\n|-damage|p2b: Flutter Mane|32\/100\n|move|p2b: Flutter Mane|Dazzling Gleam|p1b: Talonflame|[spread] p1a,p1b\n|-resisted|p1b: Talonflame\n|-damage|p1a: Great Tusk|39\/100\n|-damage|p1b: Talonflame|70\/100\n|\n|upkeep\n|turn|2\n|\n|t:|1682310894\n|-end|p1a: Great Tusk|Protosynthesis|[silent]\n|switch|p1a: Armarouge|Armarouge, L50, F|100\/100\n|-end|p2b: Flutter Mane|Protosynthesis|[silent]\n|switch|p2b: Chien-Pao|Chien-Pao, L50|100\/100\n|-ability|p2b: Chien-Pao|Sword of Ruin\n|move|p2a: Dragonite|Extreme Speed|p1a: Armarouge\n|-damage|p1a: Armarouge|53\/100\n|-ability|p1a: Armarouge|Weak Armor|boost\n|-unboost|p1a: Armarouge|def|1\n|-boost|p1a: Armarouge|spe|2\n|move|p1b: Talonflame|Brave Bird|p2b: Chien-Pao\n|-damage|p2b: Chien-Pao|51\/100\n|-damage|p1b: Talonflame|57\/100|[from] Recoil\n|\n|upkeep\n|turn|3\n|\n|t:|1682310918\n|move|p1a: Armarouge|Endure|p1a: Armarouge\n|-singleturn|p1a: Armarouge|move: Endure\n|move|p2a: Dragonite|Extreme Speed|p1b: Talonflame\n|-damage|p1b: Talonflame|8\/100\n|move|p2b: Chien-Pao|Sucker Punch||[still]\n|-fail|p2b: Chien-Pao\n|move|p1b: Talonflame|U-turn|p2a: Dragonite\n|-resisted|p2a: Dragonite\n|-damage|p2a: Dragonite|96\/100\n|\n|t:|1682310936\n|switch|p1b: Indeedee|Indeedee-F, L50, F|100\/100|[from] U-turn\n|-fieldstart|move: Psychic Terrain|[from] ability: Psychic Surge|[of] p1b: Indeedee\n|\n|upkeep\n|turn|4\n|\n|t:|1682310964\n|-terastallize|p2a: Dragonite|Flying\n|move|p1b: Indeedee|Helping Hand|p1a: Armarouge\n|-singleturn|p1a: Armarouge|Helping Hand|[of] p1b: Indeedee\n|move|p1a: Armarouge|Expanding Force|p2b: Chien-Pao|[spread] p2a\n|-immune|p2b: Chien-Pao\n|-damage|p2a: Dragonite|5\/100\n|move|p2b: Chien-Pao|Sacred Sword|p1b: Indeedee\n|-damage|p1b: Indeedee|58\/100\n|move|p2a: Dragonite|Tera Blast|p1b: Indeedee\n|-crit|p1b: Indeedee\n|-damage|p1b: Indeedee|0 fnt\n|faint|p1b: Indeedee\n|\n|-sideend|p1: megaprawn|move: Tailwind\n|upkeep\n|\n|t:|1682310976\n|switch|p1b: Great Tusk|Great Tusk, L50, tera:Rock|39\/100\n|turn|5\n|\n|t:|1682311016\n|switch|p2a: Chi-Yu|Chi-Yu, L50|100\/100\n|-ability|p2a: Chi-Yu|Beads of Ruin\n|move|p1a: Armarouge|Heat Wave|p2a: Chi-Yu|[spread] p2a,p2b\n|-resisted|p2a: Chi-Yu\n|-supereffective|p2b: Chien-Pao\n|-damage|p2a: Chi-Yu|79\/100\n|-damage|p2b: Chien-Pao|0 fnt\n|faint|p2b: Chien-Pao\n|move|p1b: Great Tusk|Rock Slide|p2a: Chi-Yu\n|-supereffective|p2a: Chi-Yu\n|-damage|p2a: Chi-Yu|0 fnt\n|faint|p2a: Chi-Yu\n|\n|upkeep\n|-message|yoyotaka forfeited.\n|\n|win|megaprawn\n|raw|megaprawn's rating: 1233 → 1262<\/strong> (+29 for winning)\n|raw|yoyotaka's rating: 1283 → 1254<\/strong> (-29 for losing)\n|l|\u2606yoyotaka\n","uploadtime":1682311032,"views":40,"p1id":"megaprawn","p2id":"yoyotaka","formatid":"gen9vgc2023regulationc","rating":1254,"private":0,"password":""}