{"id":"gen9vgc2023regulationc-1854285184","p1":"RichHomieJani","p2":"Kirozvz","format":"[Gen 9] VGC 2023 Regulation C","log":"|j|\u2606RichHomieJani\n|j|\u2606Kirozvz\n|t:|1682792581\n|gametype|doubles\n|player|p1|RichHomieJani|steven|1317\n|player|p2|Kirozvz|lance|1216\n|teamsize|p1|6\n|teamsize|p2|6\n|gen|9\n|tier|[Gen 9] VGC 2023 Regulation C\n|rated|\n|rule|Species Clause: Limit one of each Pok\u00e9mon\n|rule|Item Clause: Limit one of each item\n|clearpoke\n|poke|p1|Chi-Yu, L50|\n|poke|p1|Iron Valiant, L50|\n|poke|p1|Dragonite, L50, M|\n|poke|p1|Kingambit, L50, M|\n|poke|p1|Salamence, L50, M|\n|poke|p1|Flutter Mane, L50|\n|poke|p2|Dondozo, L50, F|\n|poke|p2|Tatsugiri-Stretchy, L50, F|\n|poke|p2|Chi-Yu, L50|\n|poke|p2|Flutter Mane, L50|\n|poke|p2|Dragonite, L50, M|\n|poke|p2|Glimmora, L50, F|\n|teampreview|4\n|inactive|Battle timer is ON: inactive players will automatically lose when time's up. (requested by RichHomieJani)\n|\n|t:|1682792607\n|start\n|switch|p1a: Kingambit|Kingambit, L50, M, shiny|100\/100\n|switch|p1b: Flutter Mane|Flutter Mane, L50|100\/100\n|switch|p2a: Glimmora|Glimmora, L50, F|100\/100\n|switch|p2b: Dondozo|Dondozo, L50, F|100\/100\n|turn|1\n|\n|t:|1682792621\n|move|p1b: Flutter Mane|Moonblast|p2b: Dondozo\n|-damage|p2b: Dondozo|66\/100\n|move|p2a: Glimmora|Toxic|p1b: Flutter Mane\n|-status|p1b: Flutter Mane|tox\n|move|p1a: Kingambit|Kowtow Cleave|p2b: Dondozo\n|-damage|p2b: Dondozo|34\/100\n|-enditem|p2b: Dondozo|Sitrus Berry|[eat]\n|-heal|p2b: Dondozo|59\/100|[from] item: Sitrus Berry\n|move|p2b: Dondozo|Yawn|p1a: Kingambit\n|-start|p1a: Kingambit|move: Yawn|[of] p2b: Dondozo\n|\n|-damage|p1b: Flutter Mane|94\/100 tox|[from] psn\n|upkeep\n|turn|2\n|inactive|RichHomieJani has 30 seconds left.\n|\n|t:|1682792650\n|switch|p1a: Salamence|Salamence, L50, M, shiny|100\/100\n|-ability|p1a: Salamence|Intimidate|boost\n|-unboost|p2a: Glimmora|atk|1\n|-unboost|p2b: Dondozo|atk|1\n|move|p1b: Flutter Mane|Shadow Ball|p2a: Glimmora\n|-damage|p2a: Glimmora|42\/100\n|move|p2a: Glimmora|Toxic|p1a: Salamence\n|-status|p1a: Salamence|tox\n|move|p2b: Dondozo|Wave Crash|p1b: Flutter Mane\n|-damage|p1b: Flutter Mane|30\/100 tox\n|-damage|p2b: Dondozo|49\/100|[from] Recoil\n|\n|-damage|p1b: Flutter Mane|17\/100 tox|[from] psn\n|-damage|p1a: Salamence|95\/100 tox|[from] psn\n|upkeep\n|turn|3\n|\n|t:|1682792661\n|move|p2a: Glimmora|Spiky Shield|p2a: Glimmora\n|-singleturn|p2a: Glimmora|move: Protect\n|move|p2b: Dondozo|Protect|p2b: Dondozo\n|-singleturn|p2b: Dondozo|Protect\n|move|p1b: Flutter Mane|Shadow Ball|p2a: Glimmora\n|-activate|p2a: Glimmora|move: Protect\n|move|p1a: Salamence|Draco Meteor|p2b: Dondozo\n|-activate|p2b: Dondozo|move: Protect\n|\n|-damage|p1b: Flutter Mane|0 fnt|[from] psn\n|faint|p1b: Flutter Mane\n|-end|p1b: Flutter Mane|Protosynthesis|[silent]\n|-damage|p1a: Salamence|83\/100 tox|[from] psn\n|upkeep\n|\n|t:|1682792666\n|switch|p1b: Iron Valiant|Iron Valiant, L50, shiny|100\/100\n|-enditem|p1b: Iron Valiant|Booster Energy\n|-activate|p1b: Iron Valiant|ability: Quark Drive|[fromitem]\n|-start|p1b: Iron Valiant|quarkdrivespe\n|turn|4\n|\n|t:|1682792686\n|switch|p2a: Tatsugiri|Tatsugiri-Stretchy, L50, F|100\/100\n|-terastallize|p1b: Iron Valiant|Electric\n|move|p1b: Iron Valiant|Thunderbolt|p2b: Dondozo\n|-supereffective|p2b: Dondozo\n|-damage|p2b: Dondozo|0 fnt\n|faint|p2b: Dondozo\n|move|p1a: Salamence|Draco Meteor|p2a: Tatsugiri\n|-supereffective|p2a: Tatsugiri\n|-damage|p2a: Tatsugiri|0 fnt\n|-unboost|p1a: Salamence|spa|2\n|faint|p2a: Tatsugiri\n|\n|-damage|p1a: Salamence|66\/100 tox|[from] psn\n|upkeep\n|\n|t:|1682792694\n|switch|p2a: Flutter Mane|Flutter Mane, L50|100\/100\n|switch|p2b: Glimmora|Glimmora, L50, F|42\/100\n|-enditem|p2a: Flutter Mane|Booster Energy\n|-activate|p2a: Flutter Mane|ability: Protosynthesis|[fromitem]\n|-start|p2a: Flutter Mane|protosynthesisspe\n|turn|5\n|inactive|RichHomieJani has 30 seconds left.\n|inactive|Kirozvz has 30 seconds left.\n|inactive|RichHomieJani has 20 seconds left.\n|inactive|RichHomieJani has 15 seconds left.\n|inactive|RichHomieJani has 10 seconds left.\n|inactive|RichHomieJani has 5 seconds left.\n|inactive|Kirozvz has 20 seconds left.\n|inactive|Kirozvz has 15 seconds left.\n|\n|t:|1682792751\n|-terastallize|p2a: Flutter Mane|Steel\n|move|p2b: Glimmora|Spiky Shield|p2b: Glimmora\n|-singleturn|p2b: Glimmora|move: Protect\n|move|p2a: Flutter Mane|Moonblast|p1b: Iron Valiant\n|-damage|p1b: Iron Valiant|4\/100\n|-unboost|p1b: Iron Valiant|spa|1\n|move|p1b: Iron Valiant|Moonblast|p2a: Flutter Mane\n|-resisted|p2a: Flutter Mane\n|-damage|p2a: Flutter Mane|86\/100\n|move|p1a: Salamence|Draco Meteor|p2a: Flutter Mane\n|-resisted|p2a: Flutter Mane\n|-damage|p2a: Flutter Mane|73\/100\n|-unboost|p1a: Salamence|spa|2\n|\n|-damage|p1a: Salamence|43\/100 tox|[from] psn\n|upkeep\n|turn|6\n|\n|t:|1682792767\n|move|p2a: Flutter Mane|Substitute|p2a: Flutter Mane\n|-start|p2a: Flutter Mane|Substitute\n|-damage|p2a: Flutter Mane|48\/100\n|move|p1b: Iron Valiant|Close Combat|p2a: Flutter Mane\n|-supereffective|p2a: Flutter Mane\n|-end|p2a: Flutter Mane|Substitute\n|-unboost|p1b: Iron Valiant|def|1\n|-unboost|p1b: Iron Valiant|spd|1\n|move|p1a: Salamence|Draco Meteor|p2b: Glimmora\n|-damage|p2b: Glimmora|17\/100\n|-unboost|p1a: Salamence|spa|2\n|move|p2b: Glimmora|Power Gem|p1b: Iron Valiant\n|-damage|p1b: Iron Valiant|0 fnt\n|faint|p1b: Iron Valiant\n|-end|p1b: Iron Valiant|Quark Drive|[silent]\n|\n|-damage|p1a: Salamence|14\/100 tox|[from] psn\n|upkeep\n|\n|t:|1682792780\n|switch|p1b: Kingambit|Kingambit, L50, M, shiny|100\/100\n|turn|7\n|\n|t:|1682792785\n|move|p2a: Flutter Mane|Protect|p2a: Flutter Mane\n|-singleturn|p2a: Flutter Mane|Protect\n|move|p2b: Glimmora|Spiky Shield|p2b: Glimmora\n|-singleturn|p2b: Glimmora|move: Protect\n|move|p1b: Kingambit|Sucker Punch||[still]\n|-fail|p1b: Kingambit\n|move|p1a: Salamence|Draco Meteor|p2b: Glimmora\n|-activate|p2b: Glimmora|move: Protect\n|\n|-damage|p1a: Salamence|0 fnt|[from] psn\n|faint|p1a: Salamence\n|upkeep\n|turn|8\n|\n|t:|1682792799\n|move|p2a: Flutter Mane|Substitute|p2a: Flutter Mane\n|-start|p2a: Flutter Mane|Substitute\n|-damage|p2a: Flutter Mane|23\/100\n|move|p2b: Glimmora|Earth Power|p1b: Kingambit\n|-supereffective|p1b: Kingambit\n|-damage|p1b: Kingambit|58\/100\n|move|p1b: Kingambit|Kowtow Cleave|p2a: Flutter Mane\n|-end|p2a: Flutter Mane|Substitute\n|\n|upkeep\n|turn|9\n|inactive|RichHomieJani has 30 seconds left.\n|\n|t:|1682792825\n|move|p1b: Kingambit|Sucker Punch|p2b: Glimmora\n|-damage|p2b: Glimmora|0 fnt\n|-activate|p2b: Glimmora|ability: Toxic Debris\n|-sidestart|p1: RichHomieJani|move: Toxic Spikes\n|faint|p2b: Glimmora\n|move|p2a: Flutter Mane|Moonblast|p1b: Kingambit\n|-damage|p1b: Kingambit|25\/100\n|\n|upkeep\n|turn|10\n|\n|t:|1682792836\n|move|p2a: Flutter Mane|Protect|p2a: Flutter Mane\n|-singleturn|p2a: Flutter Mane|Protect\n|move|p1b: Kingambit|Kowtow Cleave|p2a: Flutter Mane\n|-activate|p2a: Flutter Mane|move: Protect\n|\n|upkeep\n|turn|11\n|\n|t:|1682792846\n|move|p2a: Flutter Mane|Moonblast|p1b: Kingambit\n|-damage|p1b: Kingambit|0 fnt\n|faint|p1b: Kingambit\n|\n|win|Kirozvz\n|raw|RichHomieJani's rating: 1344 → 1317<\/strong> (-27 for losing)\n|raw|Kirozvz's rating: 1216 → 1250<\/strong> (+34 for winning)\n|l|\u2606RichHomieJani\n","uploadtime":1682792851,"views":17,"p1id":"richhomiejani","p2id":"kirozvz","formatid":"gen9vgc2023regulationc","rating":1250,"private":0,"password":""}