{"id":"gen9vgc2023regulationc-1863313521","p1":"KetchupSiratcha","p2":"Arcacagne","format":"[Gen 9] VGC 2023 Regulation C","log":"|j|\u2606KetchupSiratcha\n|j|\u2606Arcacagne\n|t:|1684001295\n|gametype|doubles\n|player|p1|KetchupSiratcha|ninjaboy|1252\n|player|p2|Arcacagne|169|1347\n|teamsize|p1|6\n|teamsize|p2|6\n|gen|9\n|tier|[Gen 9] VGC 2023 Regulation C\n|rated|\n|rule|Species Clause: Limit one of each Pok\u00e9mon\n|rule|Item Clause: Limit one of each item\n|clearpoke\n|poke|p1|Azumarill, L50, M|\n|poke|p1|Arcanine, L50, F|\n|poke|p1|Dragapult, L50, M|\n|poke|p1|Chien-Pao, L50|\n|poke|p1|Ting-Lu, L50|\n|poke|p1|Flutter Mane, L50|\n|poke|p2|Chi-Yu, L50|\n|poke|p2|Flutter Mane, L50|\n|poke|p2|Amoonguss, L50, M|\n|poke|p2|Ting-Lu, L50|\n|poke|p2|Iron Hands, L50|\n|poke|p2|Gyarados, L50, M|\n|teampreview|4\n|inactive|Battle timer is ON: inactive players will automatically lose when time's up. (requested by KetchupSiratcha)\nKetchupSiratcha has agreed to open team sheets.\n|inactive|KetchupSiratcha has 60 seconds left.\n|inactive|Arcacagne has 60 seconds left.\n|\n|t:|1684001341\n|start\n|switch|p1a: Flutter Mane|Flutter Mane, L50|100\/100\n|switch|p1b: Dragapult|Dragapult, L50, M|100\/100\n|switch|p2a: Amoonguss|Amoonguss, L50, M|100\/100\n|switch|p2b: Iron Hands|Iron Hands, L50|100\/100\n|-enditem|p1a: Flutter Mane|Booster Energy\n|-activate|p1a: Flutter Mane|ability: Protosynthesis|[fromitem]\n|-start|p1a: Flutter Mane|protosynthesisspe\n|turn|1\n|\n|t:|1684001365\n|-end|p2b: Iron Hands|Quark Drive|[silent]\n|switch|p2b: Gyarados|Gyarados, L50, M|100\/100\n|-ability|p2b: Gyarados|Intimidate|boost\n|-unboost|p1a: Flutter Mane|atk|1\n|-fail|p1b: Dragapult|unboost|[from] ability: Clear Body|[of] p1b: Dragapult\n|-terastallize|p1b: Dragapult|Ice\n|move|p1a: Flutter Mane|Dazzling Gleam|p2a: Amoonguss|[spread] p2a,p2b\n|-resisted|p2a: Amoonguss\n|-damage|p2a: Amoonguss|86\/100\n|-damage|p2b: Gyarados|73\/100\n|move|p1b: Dragapult|Tera Blast|p2a: Amoonguss\n|-supereffective|p2a: Amoonguss\n|-damage|p2a: Amoonguss|5\/100\n|-enditem|p2a: Amoonguss|Sitrus Berry|[eat]\n|-heal|p2a: Amoonguss|30\/100|[from] item: Sitrus Berry\n|-damage|p1b: Dragapult|91\/100|[from] item: Life Orb\n|move|p2a: Amoonguss|Spore|p1a: Flutter Mane\n|-status|p1a: Flutter Mane|slp|[from] move: Spore\n|\n|upkeep\n|turn|2\n|inactive|Arcacagne has 30 seconds left.\n|\n|t:|1684001394\n|switch|p2a: Iron Hands|Iron Hands, L50|100\/100\n|-terastallize|p2b: Gyarados|Steel\n|cant|p1a: Flutter Mane|slp\n|move|p1b: Dragapult|Dragon Darts|p2a: Iron Hands\n|-damage|p2a: Iron Hands|78\/100\n|-anim|p1b: Dragapult|Dragon Darts|p2b: Gyarados\n|-resisted|p2b: Gyarados\n|-damage|p2b: Gyarados|54\/100\n|-damage|p1b: Dragapult|82\/100|[from] item: Life Orb\n|move|p2b: Gyarados|Thunder Wave|p1b: Dragapult\n|-status|p1b: Dragapult|par\n|\n|upkeep\n|turn|3\n|\n|t:|1684001415\n|switch|p1b: Arcanine|Arcanine, L50, F|100\/100\n|-ability|p1b: Arcanine|Intimidate|boost\n|-unboost|p2a: Iron Hands|atk|1\n|-unboost|p2b: Gyarados|atk|1\n|cant|p1a: Flutter Mane|slp\n|move|p2b: Gyarados|Waterfall|p1a: Flutter Mane\n|-damage|p1a: Flutter Mane|54\/100 slp\n|move|p2a: Iron Hands|Drain Punch|p1b: Arcanine\n|-damage|p1b: Arcanine|78\/100\n|-heal|p2a: Iron Hands|87\/100|[from] drain|[of] p1b: Arcanine\n|\n|upkeep\n|turn|4\n|\n|t:|1684001434\n|cant|p1a: Flutter Mane|slp\n|move|p1b: Arcanine|Flare Blitz|p2b: Gyarados\n|-supereffective|p2b: Gyarados\n|-damage|p2b: Gyarados|0 fnt\n|faint|p2b: Gyarados\n|-damage|p1b: Arcanine|60\/100|[from] Recoil\n|move|p2a: Iron Hands|Swords Dance|p2a: Iron Hands\n|-boost|p2a: Iron Hands|atk|2\n|\n|upkeep\n|\n|t:|1684001451\n|switch|p2b: Flutter Mane|Flutter Mane, L50|100\/100\n|-enditem|p2b: Flutter Mane|Booster Energy\n|-activate|p2b: Flutter Mane|ability: Protosynthesis|[fromitem]\n|-start|p2b: Flutter Mane|protosynthesisspe\n|turn|5\n|\n|t:|1684001470\n|-curestatus|p1a: Flutter Mane|slp|[msg]\n|move|p1a: Flutter Mane|Dazzling Gleam|p2b: Flutter Mane|[spread] p2a,p2b\n|-supereffective|p2a: Iron Hands\n|-damage|p2a: Iron Hands|47\/100\n|-damage|p2b: Flutter Mane|74\/100\n|move|p2b: Flutter Mane|Shadow Ball|p1a: Flutter Mane\n|-supereffective|p1a: Flutter Mane\n|-crit|p1a: Flutter Mane\n|-damage|p1a: Flutter Mane|0 fnt\n|faint|p1a: Flutter Mane\n|-end|p1a: Flutter Mane|Protosynthesis|[silent]\n|move|p1b: Arcanine|Flare Blitz|p2b: Flutter Mane\n|-damage|p2b: Flutter Mane|0 fnt\n|faint|p2b: Flutter Mane\n|-end|p2b: Flutter Mane|Protosynthesis|[silent]\n|-damage|p1b: Arcanine|42\/100|[from] Recoil\n|move|p2a: Iron Hands|Drain Punch|p1b: Arcanine\n|-damage|p1b: Arcanine|0 fnt\n|-heal|p2a: Iron Hands|63\/100|[from] drain|[of] p1b: Arcanine\n|faint|p1b: Arcanine\n|\n|upkeep\n|\n|t:|1684001488\n|switch|p1a: Ting-Lu|Ting-Lu, L50|100\/100\n|switch|p2b: Amoonguss|Amoonguss, L50, M|63\/100\n|switch|p1b: Dragapult|Dragapult, L50, M, tera:Ice|82\/100 par\n|-ability|p1a: Ting-Lu|Vessel of Ruin\n|turn|6\n|\n|t:|1684001506\n|move|p1b: Dragapult|Tera Blast|p2b: Amoonguss\n|-supereffective|p2b: Amoonguss\n|-damage|p2b: Amoonguss|0 fnt\n|faint|p2b: Amoonguss\n|-damage|p1b: Dragapult|72\/100 par|[from] item: Life Orb\n|move|p2a: Iron Hands|Drain Punch|p1b: Dragapult\n|-supereffective|p1b: Dragapult\n|-damage|p1b: Dragapult|0 fnt\n|-heal|p2a: Iron Hands|87\/100|[from] drain|[of] p1b: Dragapult\n|faint|p1b: Dragapult\n|move|p1a: Ting-Lu|Stomping Tantrum|p2a: Iron Hands\n|-supereffective|p2a: Iron Hands\n|-damage|p2a: Iron Hands|46\/100\n|\n|upkeep\n|turn|7\n|\n|t:|1684001519\n|move|p2a: Iron Hands|Drain Punch|p1a: Ting-Lu\n|-supereffective|p1a: Ting-Lu\n|-damage|p1a: Ting-Lu|34\/100\n|-heal|p2a: Iron Hands|77\/100|[from] drain|[of] p1a: Ting-Lu\n|move|p1a: Ting-Lu|Stomping Tantrum|p2a: Iron Hands\n|-supereffective|p2a: Iron Hands\n|-damage|p2a: Iron Hands|34\/100\n|\n|upkeep\n|turn|8\n|\n|t:|1684001529\n|move|p2a: Iron Hands|Drain Punch|p1a: Ting-Lu\n|-supereffective|p1a: Ting-Lu\n|-damage|p1a: Ting-Lu|0 fnt\n|-heal|p2a: Iron Hands|50\/100|[from] drain|[of] p1a: Ting-Lu\n|faint|p1a: Ting-Lu\n|\n|win|Arcacagne\n|raw|KetchupSiratcha's rating: 1252 → 1234<\/strong> (-18 for losing)\n|raw|Arcacagne's rating: 1347 → 1362<\/strong> (+15 for winning)\n|l|\u2606KetchupSiratcha\n","uploadtime":1684001538,"views":5,"p1id":"ketchupsiratcha","p2id":"arcacagne","formatid":"gen9vgc2023regulationc","rating":1234,"private":0,"password":""}