{"id":"gen9vgc2023regulationc-1857911090","p1":"nicevsnamy","p2":"AzaleaAkari","format":"[Gen 9] VGC 2023 Regulation C","log":"|j|\u2606nicevsnamy\n|j|\u2606AzaleaAkari\n|t:|1683246284\n|gametype|doubles\n|player|p1|nicevsnamy|cynthia-gen4|\n|player|p2|AzaleaAkari|170|\n|teamsize|p1|6\n|teamsize|p2|6\n|gen|9\n|tier|[Gen 9] VGC 2023 Regulation C\n|rule|Species Clause: Limit one of each Pok\u00e9mon\n|rule|Item Clause: Limit one of each item\n|clearpoke\n|poke|p1|Hatterene, L50, F|\n|poke|p1|Torkoal, L50, F|\n|poke|p1|Oranguru, L50, F|\n|poke|p1|Kingambit, L50, M|\n|poke|p1|Hariyama, L50, F|\n|poke|p1|Gastrodon-East, L50, F|\n|poke|p2|Dondozo, L50, F|\n|poke|p2|Tatsugiri, L50, M|\n|poke|p2|Pelipper, L50, F|\n|poke|p2|Drednaw, L50, M|\n|poke|p2|Dragonite, L50, M|\n|poke|p2|Chien-Pao, L50|\n|teampreview|4\nAzaleaAkari has agreed to open team sheets.\nnicevsnamy has agreed to open team sheets.\n|\n|t:|1683246402\n|start\n|switch|p1a: Oranguru|Oranguru, L50, F|100\/100\n|switch|p1b: Hariyama|Hariyama, L50, F|100\/100\n|switch|p2a: Pelipper|Pelipper, L50, F|100\/100\n|switch|p2b: Dondozo|Dondozo, L50, F|100\/100\n|-weather|RainDance|[from] ability: Drizzle|[of] p2a: Pelipper\n|turn|1\n|\n|t:|1683246455\n|switch|p1b: Gastrodon|Gastrodon-East, L50, F|100\/100\n|move|p2b: Dondozo|Wave Crash|p1b: Gastrodon\n|-activate|p1b: Gastrodon|ability: Storm Drain\n|-ability|p1b: Gastrodon|Storm Drain|boost\n|-boost|p1b: Gastrodon|spa|1\n|move|p2a: Pelipper|Hurricane|p1a: Oranguru\n|-crit|p1a: Oranguru\n|-damage|p1a: Oranguru|46\/100\n|-start|p1a: Oranguru|confusion\n|-enditem|p1a: Oranguru|Sitrus Berry|[eat]\n|-heal|p1a: Oranguru|71\/100|[from] item: Sitrus Berry\n|-activate|p1a: Oranguru|confusion\n|move|p1a: Oranguru|Trick Room|p1a: Oranguru\n|-fieldstart|move: Trick Room|[of] p1a: Oranguru\n|\n|-weather|RainDance|[upkeep]\n|upkeep\n|turn|2\n|\n|t:|1683246507\n|switch|p1a: Kingambit|Kingambit, L50, M|100\/100\n|switch|p2b: Drednaw|Drednaw, L50, M|100\/100\n|move|p1b: Gastrodon|Ice Beam|p2a: Pelipper\n|-damage|p2a: Pelipper|58\/100\n|move|p2a: Pelipper|Hurricane|p1a: Kingambit\n|-resisted|p1a: Kingambit\n|-damage|p1a: Kingambit|75\/100\n|\n|-weather|RainDance|[upkeep]\n|upkeep\n|turn|3\n|\n|t:|1683246585\n|-terastallize|p1b: Gastrodon|Flying\n|-terastallize|p2b: Drednaw|Grass\n|move|p1a: Kingambit|Kowtow Cleave|p2b: Drednaw\n|-damage|p2b: Drednaw|29\/100\n|move|p1b: Gastrodon|Ice Beam|p2b: Drednaw\n|-supereffective|p2b: Drednaw\n|-damage|p2b: Drednaw|0 fnt\n|faint|p2b: Drednaw\n|move|p2a: Pelipper|Hurricane|p1b: Gastrodon\n|-damage|p1b: Gastrodon|50\/100\n|\n|-weather|RainDance|[upkeep]\n|-heal|p1b: Gastrodon|56\/100|[from] item: Leftovers\n|upkeep\n|\n|t:|1683246600\n|switch|p2b: Dondozo|Dondozo, L50, F|100\/100\n|turn|4\n|\n|t:|1683246621\n|move|p2a: Pelipper|Protect|p2a: Pelipper\n|-singleturn|p2a: Pelipper|Protect\n|move|p2b: Dondozo|Protect|p2b: Dondozo\n|-singleturn|p2b: Dondozo|Protect\n|move|p1a: Kingambit|Kowtow Cleave|p2a: Pelipper\n|-activate|p2a: Pelipper|move: Protect\n|move|p1b: Gastrodon|Recover|p1b: Gastrodon\n|-heal|p1b: Gastrodon|100\/100\n|\n|-weather|RainDance|[upkeep]\n|upkeep\n|turn|5\n|\n|t:|1683246654\n|move|p1a: Kingambit|Kowtow Cleave|p2a: Pelipper\n|-damage|p2a: Pelipper|0 fnt\n|faint|p2a: Pelipper\n|move|p1b: Gastrodon|Ice Beam|p2b: Dondozo\n|-resisted|p2b: Dondozo\n|-damage|p2b: Dondozo|90\/100\n|move|p2b: Dondozo|Surf|p1b: Gastrodon|[spread] p1a\n|-ability|p1b: Gastrodon|Storm Drain|boost\n|-boost|p1b: Gastrodon|spa|1\n|-damage|p1a: Kingambit|33\/100\n|-damage|p2b: Dondozo|81\/100|[from] item: Life Orb\n|\n|-weather|RainDance|[upkeep]\n|-fieldend|move: Trick Room\n|upkeep\n|\n|t:|1683246667\n|switch|p2a: Tatsugiri|Tatsugiri, L50, M|100\/100\n|-activate|p2a: Tatsugiri|ability: Commander|[of] p2b: Dondozo\n|-boost|p2b: Dondozo|atk|2\n|-boost|p2b: Dondozo|spa|2\n|-boost|p2b: Dondozo|spe|2\n|-boost|p2b: Dondozo|def|2\n|-boost|p2b: Dondozo|spd|2\n|turn|6\n|\n|t:|1683246682\n|move|p1a: Kingambit|Protect|p1a: Kingambit\n|-singleturn|p1a: Kingambit|Protect\n|move|p2b: Dondozo|Surf|p1b: Gastrodon|[spread] \n|-miss|p2b: Dondozo|p2a: Tatsugiri\n|-activate|p1a: Kingambit|move: Protect\n|-ability|p1b: Gastrodon|Storm Drain|boost\n|-boost|p1b: Gastrodon|spa|1\n|move|p1b: Gastrodon|Clear Smog|p2b: Dondozo\n|-damage|p2b: Dondozo|75\/100\n|-clearboost|p2b: Dondozo\n|\n|-weather|RainDance|[upkeep]\n|upkeep\n|turn|7\n|\n|t:|1683246711\n|move|p1a: Kingambit|Sucker Punch|p2b: Dondozo\n|-damage|p2b: Dondozo|38\/100\n|move|p2b: Dondozo|Surf|p1b: Gastrodon|[spread] p1a\n|-miss|p2b: Dondozo|p2a: Tatsugiri\n|-ability|p1b: Gastrodon|Storm Drain|boost\n|-boost|p1b: Gastrodon|spa|1\n|-damage|p1a: Kingambit|0 fnt\n|faint|p1a: Kingambit\n|-damage|p2b: Dondozo|28\/100|[from] item: Life Orb\n|move|p1b: Gastrodon|Earth Power|p2b: Dondozo\n|-damage|p2b: Dondozo|0 fnt\n|faint|p2b: Dondozo\n|\n|-weather|RainDance|[upkeep]\n|upkeep\n|\n|t:|1683246732\n|switch|p1a: Hariyama|Hariyama, L50, F|100\/100\n|turn|8\n|\n|t:|1683246761\n|move|p1a: Hariyama|Fake Out|p2a: Tatsugiri\n|-damage|p2a: Tatsugiri|75\/100\n|cant|p2a: Tatsugiri|flinch\n|move|p1b: Gastrodon|Earth Power|p2a: Tatsugiri\n|-damage|p2a: Tatsugiri|0 fnt\n|faint|p2a: Tatsugiri\n|\n|win|nicevsnamy\n|l|\u2606nicevsnamy\n|l|\u2606AzaleaAkari\n|j|\u2606nicevsnamy\n|player|p1|nicevsnamy|cynthia-gen4\n","uploadtime":1683246774,"views":10,"p1id":"nicevsnamy","p2id":"azaleaakari","formatid":"gen9vgc2023regulationc","rating":0,"private":0,"password":""}