{"id":"gen9vgc2023regulationc-1861939262","p1":"vight","p2":"Dot1Q","format":"[Gen 9] VGC 2023 Regulation C","log":"|j|\u2606vight\n|j|\u2606Dot1Q\n|t:|1683822507\n|gametype|doubles\n|player|p1|vight|steven|\n|player|p2|Dot1Q|veteran|\n|teamsize|p1|6\n|teamsize|p2|6\n|gen|9\n|tier|[Gen 9] VGC 2023 Regulation C\n|rated|Tournament battle\n|rule|Species Clause: Limit one of each Pok\u00e9mon\n|rule|Item Clause: Limit one of each item\n|clearpoke\n|poke|p1|Ting-Lu, L50|\n|poke|p1|Dondozo, L50, F|\n|poke|p1|Tatsugiri, L50, M|\n|poke|p1|Glimmora, L50, M|\n|poke|p1|Flutter Mane, L50|\n|poke|p1|Dragonite, L50, M|\n|poke|p2|Chi-Yu, L50|\n|poke|p2|Flutter Mane, L50|\n|poke|p2|Chien-Pao, L50|\n|poke|p2|Dragonite, L50, F|\n|poke|p2|Dondozo, L50, M|\n|poke|p2|Tatsugiri-Stretchy, L50, M|\n|teampreview|4\nDot1Q has agreed to open team sheets.\nvight has agreed to open team sheets.\n|j|%diegoyuhhi\n|j|@Magmar54\u2764\u2661\n|l|@Magmar54\u2764\u2661\n|\n|t:|1683822678\n|start\n|switch|p1a: Glimmora|Glimmora, L50, M|100\/100\n|switch|p1b: Dragonite|Dragonite, L50, M|100\/100\n|switch|p2a: Chi-Yu|Chi-Yu, L50|100\/100\n|switch|p2b: Flutter Mane|Flutter Mane, L50|100\/100\n|-ability|p2a: Chi-Yu|Beads of Ruin\n|turn|1\n|\n|t:|1683822725\n|move|p2a: Chi-Yu|Dark Pulse|p1a: Glimmora\n|-damage|p1a: Glimmora|19\/100\n|-enditem|p1a: Glimmora|Sitrus Berry|[eat]\n|-heal|p1a: Glimmora|44\/100|[from] item: Sitrus Berry\n|move|p2b: Flutter Mane|Moonblast|p1b: Dragonite\n|-supereffective|p1b: Dragonite\n|-damage|p1b: Dragonite|5\/100\n|move|p1a: Glimmora|Sludge Bomb|p2b: Flutter Mane\n|-damage|p2b: Flutter Mane|32\/100\n|move|p1b: Dragonite|Ice Spinner|p2b: Flutter Mane\n|-damage|p2b: Flutter Mane|0 fnt\n|faint|p2b: Flutter Mane\n|-end|p2b: Flutter Mane|Protosynthesis|[silent]\n|\n|upkeep\n|\n|t:|1683822741\n|switch|p2b: Dragonite|Dragonite, L50, F|100\/100\n|turn|2\n|\n|t:|1683822774\n|move|p1a: Glimmora|Spiky Shield|p1a: Glimmora\n|-singleturn|p1a: Glimmora|move: Protect\n|move|p1b: Dragonite|Extreme Speed|p2a: Chi-Yu\n|-damage|p2a: Chi-Yu|48\/100\n|move|p2b: Dragonite|Extreme Speed|p1b: Dragonite\n|-damage|p1b: Dragonite|0 fnt\n|faint|p1b: Dragonite\n|move|p2a: Chi-Yu|Dark Pulse|p1a: Glimmora\n|-activate|p1a: Glimmora|move: Protect\n|\n|upkeep\n|\n|t:|1683822785\n|switch|p1b: Dondozo|Dondozo, L50, F|100\/100\n|turn|3\n|\n|t:|1683822828\n|switch|p1a: Tatsugiri|Tatsugiri, L50, M|100\/100\n|-activate|p1a: Tatsugiri|ability: Commander|[of] p1b: Dondozo\n|-boost|p1b: Dondozo|atk|2\n|-boost|p1b: Dondozo|spa|2\n|-boost|p1b: Dondozo|spe|2\n|-boost|p1b: Dondozo|def|2\n|-boost|p1b: Dondozo|spd|2\n|move|p2b: Dragonite|Extreme Speed|p1b: Dondozo\n|-damage|p1b: Dondozo|85\/100\n|move|p2a: Chi-Yu|Dark Pulse|p1a: Tatsugiri|[miss]\n|-miss|p2a: Chi-Yu|p1a: Tatsugiri\n|move|p1b: Dondozo|Earthquake|p2a: Chi-Yu|[spread] p2a\n|-miss|p1b: Dondozo|p1a: Tatsugiri\n|-immune|p2b: Dragonite\n|-supereffective|p2a: Chi-Yu\n|-damage|p2a: Chi-Yu|0 fnt\n|faint|p2a: Chi-Yu\n|\n|-heal|p1b: Dondozo|91\/100|[from] item: Leftovers\n|upkeep\n|\n|t:|1683822840\n|switch|p2a: Chien-Pao|Chien-Pao, L50|100\/100\n|-ability|p2a: Chien-Pao|Sword of Ruin\n|turn|4\n|\n|t:|1683822867\n|-terastallize|p2b: Dragonite|Normal\n|move|p2a: Chien-Pao|Protect|p2a: Chien-Pao\n|-singleturn|p2a: Chien-Pao|Protect\n|move|p2b: Dragonite|Extreme Speed|p1b: Dondozo\n|-damage|p1b: Dondozo|60\/100\n|move|p1b: Dondozo|Earthquake|p2a: Chien-Pao|[spread] p2b\n|-miss|p1b: Dondozo|p1a: Tatsugiri\n|-activate|p2a: Chien-Pao|move: Protect\n|-damage|p2b: Dragonite|55\/100\n|\n|-heal|p1b: Dondozo|66\/100|[from] item: Leftovers\n|upkeep\n|turn|5\n|\n|t:|1683822883\n|move|p1b: Dondozo|Protect|p1b: Dondozo\n|-singleturn|p1b: Dondozo|Protect\n|move|p2b: Dragonite|Extreme Speed|p1b: Dondozo\n|-activate|p1b: Dondozo|move: Protect\n|move|p2a: Chien-Pao|Sacred Sword|p1b: Dondozo\n|-activate|p1b: Dondozo|move: Protect\n|\n|-heal|p1b: Dondozo|72\/100|[from] item: Leftovers\n|upkeep\n|turn|6\n|\n|t:|1683822893\n|move|p2b: Dragonite|Extreme Speed|p1b: Dondozo\n|-damage|p1b: Dondozo|38\/100\n|move|p2a: Chien-Pao|Sacred Sword|p1b: Dondozo\n|-damage|p1b: Dondozo|10\/100\n|move|p1b: Dondozo|Earthquake|p2a: Chien-Pao|[spread] p2a,p2b\n|-miss|p1b: Dondozo|p1a: Tatsugiri\n|-damage|p2a: Chien-Pao|50\/100\n|-damage|p2b: Dragonite|6\/100\n|\n|-heal|p1b: Dondozo|16\/100|[from] item: Leftovers\n|upkeep\n|turn|7\n|\n|t:|1683822914\n|move|p1b: Dondozo|Protect|p1b: Dondozo\n|-singleturn|p1b: Dondozo|Protect\n|move|p2b: Dragonite|Extreme Speed|p1b: Dondozo\n|-activate|p1b: Dondozo|move: Protect\n|move|p2a: Chien-Pao|Ice Spinner|p1b: Dondozo\n|-activate|p1b: Dondozo|move: Protect\n|\n|-heal|p1b: Dondozo|22\/100|[from] item: Leftovers\n|upkeep\n|turn|8\n|\n|t:|1683822924\n|move|p1b: Dondozo|Protect|p1b: Dondozo\n|-singleturn|p1b: Dondozo|Protect\n|move|p2b: Dragonite|Extreme Speed|p1b: Dondozo\n|-activate|p1b: Dondozo|move: Protect\n|move|p2a: Chien-Pao|Ice Spinner|p1b: Dondozo\n|-activate|p1b: Dondozo|move: Protect\n|\n|-heal|p1b: Dondozo|28\/100|[from] item: Leftovers\n|upkeep\n|turn|9\n|\n|t:|1683822938\n|move|p2b: Dragonite|Extreme Speed|p1b: Dondozo\n|-damage|p1b: Dondozo|0 fnt\n|faint|p1b: Dondozo\n|move|p2a: Chien-Pao|Ice Spinner|p1a: Tatsugiri\n|-damage|p1a: Tatsugiri|0 fnt\n|faint|p1a: Tatsugiri\n|\n|upkeep\n|\n|t:|1683822946\n|switch|p1a: Glimmora|Glimmora, L50, M|44\/100\n|turn|10\n|\n|t:|1683822954\n|move|p1a: Glimmora|Spiky Shield|p1a: Glimmora\n|-singleturn|p1a: Glimmora|move: Protect\n|move|p2a: Chien-Pao|Ice Spinner|p1a: Glimmora\n|-activate|p1a: Glimmora|move: Protect\n|-damage|p2a: Chien-Pao|38\/100|[from] Spiky Shield|[of] p1a: Glimmora\n|-activate|p2b: Dragonite|move: Struggle\n|move|p2b: Dragonite|Struggle|p1a: Glimmora\n|-activate|p1a: Glimmora|move: Protect\n|-damage|p2b: Dragonite|0 fnt|[from] Spiky Shield|[of] p1a: Glimmora\n|faint|p2b: Dragonite\n|\n|upkeep\n|turn|11\n|\n|t:|1683822967\n|move|p2a: Chien-Pao|Ice Spinner|p1a: Glimmora\n|-damage|p1a: Glimmora|0 fnt\n|-activate|p1a: Glimmora|ability: Toxic Debris\n|-sidestart|p2: Dot1Q|move: Toxic Spikes\n|faint|p1a: Glimmora\n|\n|win|Dot1Q\n|n|\u2606vight|vight\n|n|\u2606Dot1Q|dot1q\n|n| diegoyuhhi|diegoyuhhi\n","uploadtime":1683822968,"views":13,"p1id":"vight","p2id":"dot1q","formatid":"gen9vgc2023regulationc","rating":0,"private":0,"password":""}