{"id":"gen9vgc2023regulationc-1851872439","p1":"ContessaZia","p2":"V3lvetStorm","format":"[Gen 9] VGC 2023 Regulation C","log":"|j|\u2606ContessaZia\n|j|\u2606V3lvetStorm\n|t:|1682498518\n|gametype|doubles\n|player|p1|ContessaZia|acetrainerf-gen4dp|\n|player|p2|V3lvetStorm|guitarist|\n|teamsize|p1|6\n|teamsize|p2|6\n|gen|9\n|tier|[Gen 9] VGC 2023 Regulation C\n|rule|Species Clause: Limit one of each Pok\u00e9mon\n|rule|Item Clause: Limit one of each item\n|clearpoke\n|poke|p1|Torkoal, L50, M|\n|poke|p1|Walking Wake, L50|\n|poke|p1|Great Tusk, L50|\n|poke|p1|Slither Wing, L50|\n|poke|p1|Morgrem, L50, M|\n|poke|p1|Murkrow, L50, M|\n|poke|p2|Garchomp, L50, M|\n|poke|p2|Houndstone, L50, M|\n|poke|p2|Talonflame, L50, M|\n|poke|p2|Grimmsnarl, L50, M|\n|poke|p2|Tyranitar, L50, F|\n|poke|p2|Oranguru, L50, M|\n|teampreview|4\nContessaZia has agreed to open team sheets.\nV3lvetStorm has agreed to open team sheets.\n|\n|t:|1682498569\n|start\n|switch|p1a: Murkrow|Murkrow, L50, M, shiny|100\/100\n|switch|p1b: Great Tusk|Great Tusk, L50|100\/100\n|switch|p2a: Garchomp|Garchomp, L50, M|100\/100\n|switch|p2b: Oranguru|Oranguru, L50, M|100\/100\n|turn|1\n|\n|t:|1682498592\n|-terastallize|p2a: Garchomp|Ground\n|move|p1a: Murkrow|Sunny Day|p1a: Murkrow\n|-weather|SunnyDay\n|-activate|p1b: Great Tusk|ability: Protosynthesis\n|-start|p1b: Great Tusk|protosynthesisatk\n|move|p1b: Great Tusk|Ice Spinner|p2a: Garchomp\n|-supereffective|p2a: Garchomp\n|-crit|p2a: Garchomp\n|-enditem|p2a: Garchomp|Focus Sash\n|-damage|p2a: Garchomp|1\/100\n|move|p2a: Garchomp|Earthquake|p1a: Murkrow|[spread] p1b\n|-activate|p2b: Oranguru|ability: Telepathy\n|-immune|p1a: Murkrow\n|-damage|p1b: Great Tusk|63\/100\n|move|p2b: Oranguru|Instruct|p2a: Garchomp\n|-singleturn|p2a: Garchomp|move: Instruct|[of] p2b: Oranguru\n|move|p2a: Garchomp|Earthquake|p1a: Murkrow|[spread] p1b\n|-activate|p2b: Oranguru|ability: Telepathy\n|-immune|p1a: Murkrow\n|-damage|p1b: Great Tusk|26\/100\n|\n|-weather|SunnyDay|[upkeep]\n|upkeep\n|turn|2\n|\n|t:|1682498652\n|move|p2a: Garchomp|Protect|p2a: Garchomp\n|-singleturn|p2a: Garchomp|Protect\n|move|p1a: Murkrow|Tailwind|p1a: Murkrow\n|-sidestart|p1: ContessaZia|move: Tailwind\n|move|p1b: Great Tusk|Ice Spinner|p2a: Garchomp\n|-activate|p2a: Garchomp|move: Protect\n|move|p2b: Oranguru|Psychic|p1b: Great Tusk\n|-supereffective|p1b: Great Tusk\n|-damage|p1b: Great Tusk|0 fnt\n|faint|p1b: Great Tusk\n|-end|p1b: Great Tusk|Protosynthesis|[silent]\n|\n|-weather|SunnyDay|[upkeep]\n|upkeep\n|\n|t:|1682498664\n|switch|p1b: Slither Wing|Slither Wing, L50|100\/100\n|-activate|p1b: Slither Wing|ability: Protosynthesis\n|-start|p1b: Slither Wing|protosynthesisatk\n|turn|3\n|\n|t:|1682498689\n|move|p1b: Slither Wing|First Impression|p2b: Oranguru\n|-supereffective|p2b: Oranguru\n|-damage|p2b: Oranguru|0 fnt\n|faint|p2b: Oranguru\n|-damage|p1b: Slither Wing|91\/100|[from] item: Life Orb\n|move|p1a: Murkrow|Foul Play|p2a: Garchomp\n|-damage|p2a: Garchomp|0 fnt\n|faint|p2a: Garchomp\n|\n|-weather|SunnyDay|[upkeep]\n|upkeep\n|\n|t:|1682498700\n|switch|p2a: Tyranitar|Tyranitar, L50, F|100\/100\n|switch|p2b: Houndstone|Houndstone, L50, M|100\/100\n|-weather|Sandstorm|[from] ability: Sand Stream|[of] p2a: Tyranitar\n|-end|p1b: Slither Wing|Protosynthesis\n|turn|4\n|\n|t:|1682498760\n|-terastallize|p1b: Slither Wing|Normal\n|move|p1a: Murkrow|Sunny Day|p1a: Murkrow\n|-weather|SunnyDay\n|-activate|p1b: Slither Wing|ability: Protosynthesis\n|-start|p1b: Slither Wing|protosynthesisatk\n|move|p1b: Slither Wing|Close Combat|p2a: Tyranitar\n|-supereffective|p2a: Tyranitar\n|-damage|p2a: Tyranitar|0 fnt\n|-unboost|p1b: Slither Wing|def|1\n|-unboost|p1b: Slither Wing|spd|1\n|faint|p2a: Tyranitar\n|-damage|p1b: Slither Wing|81\/100|[from] item: Life Orb\n|move|p2b: Houndstone|Last Respects|p1b: Slither Wing\n|-immune|p1b: Slither Wing\n|\n|-weather|SunnyDay|[upkeep]\n|upkeep\n|turn|5\n|\n|t:|1682498779\n|move|p2b: Houndstone|Protect|p2b: Houndstone\n|-singleturn|p2b: Houndstone|Protect\n|move|p1b: Slither Wing|Leech Life|p2b: Houndstone\n|-activate|p2b: Houndstone|move: Protect\n|move|p1a: Murkrow|Foul Play|p2b: Houndstone\n|-activate|p2b: Houndstone|move: Protect\n|\n|-weather|SunnyDay|[upkeep]\n|-sideend|p1: ContessaZia|move: Tailwind\n|upkeep\n|turn|6\n|\n|t:|1682498806\n|move|p1a: Murkrow|Taunt|p2b: Houndstone\n|-start|p2b: Houndstone|move: Taunt\n|move|p2b: Houndstone|Last Respects|p1a: Murkrow\n|-resisted|p1a: Murkrow\n|-damage|p1a: Murkrow|55\/100\n|move|p1b: Slither Wing|Leech Life|p2b: Houndstone\n|-resisted|p2b: Houndstone\n|-damage|p2b: Houndstone|53\/100\n|-heal|p1b: Slither Wing|99\/100|[from] drain|[of] p2b: Houndstone\n|-damage|p1b: Slither Wing|90\/100|[from] item: Life Orb\n|\n|-weather|SunnyDay|[upkeep]\n|upkeep\n|turn|7\n|\n|t:|1682498827\n|move|p2b: Houndstone|Play Rough|p1b: Slither Wing\n|-damage|p1b: Slither Wing|42\/100\n|move|p1b: Slither Wing|Leech Life|p2b: Houndstone\n|-resisted|p2b: Houndstone\n|-damage|p2b: Houndstone|7\/100\n|-heal|p1b: Slither Wing|61\/100|[from] drain|[of] p2b: Houndstone\n|-damage|p1b: Slither Wing|51\/100|[from] item: Life Orb\n|move|p1a: Murkrow|Foul Play|p2b: Houndstone\n|-supereffective|p2b: Houndstone\n|-damage|p2b: Houndstone|0 fnt\n|faint|p2b: Houndstone\n|\n|win|ContessaZia\n","uploadtime":1682498842,"views":15,"p1id":"contessazia","p2id":"v3lvetstorm","formatid":"gen9vgc2023regulationc","rating":0,"private":0,"password":""}