{"id":"gen9vgc2023regulationc-1861949088","p1":"azuzuzzuu","p2":"hgvnhj","format":"[Gen 9] VGC 2023 Regulation C","log":"|j|\u2606azuzuzzuu\n|j|\u2606hgvnhj\n|t:|1683823337\n|gametype|doubles\n|player|p1|azuzuzzuu|falkner|\n|player|p2|hgvnhj|102|\n|teamsize|p1|6\n|teamsize|p2|6\n|gen|9\n|tier|[Gen 9] VGC 2023 Regulation C\n|rule|Species Clause: Limit one of each Pok\u00e9mon\n|rule|Item Clause: Limit one of each item\n|clearpoke\n|poke|p1|Abomasnow, L50, M|\n|poke|p1|Iron Bundle, L50|\n|poke|p1|Chi-Yu, L50|\n|poke|p1|Annihilape, L50, F|\n|poke|p1|Maushold-Four, L50|\n|poke|p1|Iron Hands, L50|\n|poke|p2|Palafin, L50, M|\n|poke|p2|Chi-Yu, L50|\n|poke|p2|Flutter Mane, L50|\n|poke|p2|Farigiraf, L50, F|\n|poke|p2|Amoonguss, L50, M|\n|poke|p2|Talonflame, L50, M|\n|teampreview|4\n|inactive|Battle timer is ON: inactive players will automatically lose when time's up. (requested by azuzuzzuu)\n|inactive|azuzuzzuu has 60 seconds left.\n|inactive|hgvnhj has 60 seconds left.\n|\n|t:|1683823390\n|start\n|switch|p1a: Iron Hands|Iron Hands, L50, shiny|100\/100\n|switch|p1b: Annihilape|Annihilape, L50, F, shiny|100\/100\n|switch|p2a: Farigiraf|Farigiraf, L50, F|100\/100\n|switch|p2b: Talonflame|Talonflame, L50, M|100\/100\n|turn|1\n|inactive|hgvnhj has 30 seconds left.\n|\n|t:|1683823421\n|-terastallize|p1a: Iron Hands|Water\n|move|p1b: Annihilape|Protect|p1b: Annihilape\n|-singleturn|p1b: Annihilape|Protect\n|move|p2b: Talonflame|Will-O-Wisp|p1a: Iron Hands\n|-status|p1a: Iron Hands|brn\n|move|p2a: Farigiraf|Psychic|p1b: Annihilape\n|-activate|p1b: Annihilape|move: Protect\n|move|p1a: Iron Hands|Close Combat|p2a: Farigiraf\n|-damage|p2a: Farigiraf|56\/100\n|-unboost|p1a: Iron Hands|def|1\n|-unboost|p1a: Iron Hands|spd|1\n|\n|-damage|p1a: Iron Hands|94\/100 brn|[from] brn\n|upkeep\n|turn|2\n|inactive|azuzuzzuu has 30 seconds left.\n|inactive|hgvnhj has 30 seconds left.\n|\n|t:|1683823453\n|switch|p1b: Abomasnow|Abomasnow, L50, M|100\/100\n|-weather|Snow|[from] ability: Snow Warning|[of] p1b: Abomasnow\n|-end|p1a: Iron Hands|Quark Drive|[silent]\n|switch|p1a: Iron Bundle|Iron Bundle, L50, shiny|100\/100\n|move|p2b: Talonflame|Tailwind|p2b: Talonflame\n|-sidestart|p2: hgvnhj|move: Tailwind\n|move|p2a: Farigiraf|Psychic|p1b: Abomasnow\n|-damage|p1b: Abomasnow|13\/100\n|\n|-weather|Snow|[upkeep]\n|upkeep\n|turn|3\n|inactive|azuzuzzuu has 30 seconds left.\n|\n|t:|1683823478\n|-end|p1a: Iron Bundle|Quark Drive|[silent]\n|switch|p1a: Annihilape|Annihilape, L50, F, shiny|100\/100\n|move|p2b: Talonflame|Brave Bird|p1b: Abomasnow\n|-supereffective|p1b: Abomasnow\n|-damage|p1b: Abomasnow|0 fnt\n|faint|p1b: Abomasnow\n|-damage|p2b: Talonflame|97\/100|[from] Recoil\n|move|p2a: Farigiraf|Psychic|p1a: Annihilape\n|-supereffective|p1a: Annihilape\n|-damage|p1a: Annihilape|0 fnt\n|faint|p1a: Annihilape\n|\n|-weather|Snow|[upkeep]\n|upkeep\n|\n|t:|1683823495\n|switch|p1a: Iron Bundle|Iron Bundle, L50, shiny|100\/100\n|switch|p1b: Iron Hands|Iron Hands, L50, shiny, tera:Water|94\/100 brn\n|turn|4\n|\n|t:|1683823518\n|move|p2b: Talonflame|Taunt|p1b: Iron Hands\n|-start|p1b: Iron Hands|move: Taunt\n|move|p2a: Farigiraf|Psychic|p1a: Iron Bundle\n|-damage|p1a: Iron Bundle|0 fnt\n|faint|p1a: Iron Bundle\n|-end|p1a: Iron Bundle|Quark Drive|[silent]\n|move|p1b: Iron Hands|Wild Charge|p2b: Talonflame\n|-supereffective|p2b: Talonflame\n|-damage|p2b: Talonflame|37\/100\n|-damage|p1b: Iron Hands|83\/100 brn|[from] Recoil\n|\n|-weather|Snow|[upkeep]\n|-damage|p1b: Iron Hands|77\/100 brn|[from] brn\n|upkeep\n|turn|5\n|-message|azuzuzzuu forfeited.\n|\n|win|hgvnhj\n|l|\u2606azuzuzzuu\n","uploadtime":1683823674,"views":12,"p1id":"azuzuzzuu","p2id":"hgvnhj","formatid":"gen9vgc2023regulationc","rating":0,"private":0,"password":""}