{"id":"gen9vgc2023regulationc-1857330812","p1":"tyo","p2":"Borghi","format":"[Gen 9] VGC 2023 Regulation C","log":"|j|\u2606tyo\n|j|\u2606Borghi\n|t:|1683174528\n|gametype|doubles\n|player|p1|tyo|#vgcwlzoruas|\n|player|p2|Borghi|blue-masters|\n|teamsize|p1|6\n|teamsize|p2|6\n|gen|9\n|tier|[Gen 9] VGC 2023 Regulation C\n|rated|Tournament battle\n|rule|Species Clause: Limit one of each Pok\u00e9mon\n|rule|Item Clause: Limit one of each item\n|clearpoke\n|poke|p1|Great Tusk, L50|\n|poke|p1|Maushold-Four, L50|\n|poke|p1|Iron Bundle, L50|\n|poke|p1|Chi-Yu, L50|\n|poke|p1|Mimikyu, L50, F|\n|poke|p1|Glimmora, L50, F|\n|poke|p2|Talonflame, L50, M|\n|poke|p2|Flutter Mane, L50|\n|poke|p2|Indeedee-F, L50, F|\n|poke|p2|Iron Hands, L50|\n|poke|p2|Armarouge, L50, M|\n|poke|p2|Chien-Pao, L50|\n|teampreview|4\n|inactive|Battle timer is ON: inactive players will automatically lose when time's up. (requested by tyo)\n|inactive|Borghi also wants the timer to be on.\n|j| Grewt\n|j| MagmaPilled\n|j| Toastest\n|c|\u2606Borghi|why hello there\nBorghi rejected open team sheets.\n|c|\u2606tyo|yp\n|c| MagmaPilled|Borghi also wants the timer to be on.\n|c|\u2606tyo|glhf\n|c|\u2606Borghi|no ur supposed to say Kenobi\n|j| teraghostisbad\n|inactive|tyo has 60 seconds left.\n|inactive|Borghi has 60 seconds left.\n|c| Grewt|General Kenobi\n|c|\u2606Borghi|hf\n|j| Tempest brute\n|\n|t:|1683174583\n|start\n|switch|p1a: Glimmora|Glimmora, L50, F|100\/100\n|switch|p1b: Maushold|Maushold-Four, L50|100\/100\n|switch|p2a: Indeedee|Indeedee-F, L50, F|100\/100\n|switch|p2b: Iron Hands|Iron Hands, L50|100\/100\n|-fieldstart|move: Psychic Terrain|[from] ability: Psychic Surge|[of] p2a: Indeedee\n|turn|1\n|l| Grewt\n|j| Adwf194\n|\n|t:|1683174592\n|-terastallize|p2b: Iron Hands|Grass\n|move|p2a: Indeedee|Follow Me|p2a: Indeedee\n|-singleturn|p2a: Indeedee|move: Follow Me\n|move|p1b: Maushold|Super Fang|p2a: Indeedee|[miss]\n|-miss|p1b: Maushold|p2a: Indeedee\n|move|p1a: Glimmora|Mortal Spin|p2b: Iron Hands|[spread] p2a,p2b\n|-supereffective|p2b: Iron Hands\n|-damage|p2a: Indeedee|95\/100\n|-damage|p2b: Iron Hands|94\/100\n|-status|p2a: Indeedee|psn\n|-status|p2b: Iron Hands|psn\n|move|p2b: Iron Hands|Belly Drum|p2b: Iron Hands\n|-damage|p2b: Iron Hands|44\/100 psn\n|-setboost|p2b: Iron Hands|atk|6|[from] move: Belly Drum\n|-enditem|p2b: Iron Hands|Sitrus Berry|[eat]\n|-heal|p2b: Iron Hands|69\/100 psn|[from] item: Sitrus Berry\n|\n|-damage|p2b: Iron Hands|57\/100 psn|[from] psn\n|-damage|p2a: Indeedee|82\/100 psn|[from] psn\n|upkeep\n|turn|2\n|\n|t:|1683174606\n|move|p2a: Indeedee|Follow Me|p2a: Indeedee\n|-singleturn|p2a: Indeedee|move: Follow Me\n|move|p1b: Maushold|Super Fang|p2a: Indeedee\n|-damage|p2a: Indeedee|42\/100 psn\n|move|p1a: Glimmora|Venoshock|p2a: Indeedee\n|-damage|p2a: Indeedee|0 fnt\n|faint|p2a: Indeedee\n|move|p2b: Iron Hands|Drain Punch|p1a: Glimmora\n|-damage|p1a: Glimmora|0 fnt\n|-heal|p2b: Iron Hands|97\/100 psn|[from] drain|[of] p1a: Glimmora\n|faint|p1a: Glimmora\n|\n|-damage|p2b: Iron Hands|84\/100 psn|[from] psn\n|upkeep\n|j| Grewt\n|\n|t:|1683174618\n|switch|p1a: Great Tusk|Great Tusk, L50|100\/100\n|switch|p2a: Talonflame|Talonflame, L50, M|100\/100\n|turn|3\n|c| MagmaPilled|I hear the Mario Party *Miss* sound every time a super fang misses\n|\n|t:|1683174628\n|move|p1b: Maushold|Protect|p1b: Maushold\n|-singleturn|p1b: Maushold|Protect\n|move|p2a: Talonflame|Tailwind|p2a: Talonflame\n|-sidestart|p2: Borghi|move: Tailwind\n|move|p2b: Iron Hands|Earthquake|p1b: Maushold|[spread] p1a\n|-activate|p1b: Maushold|move: Protect\n|-immune|p2a: Talonflame\n|-damage|p1a: Great Tusk|36\/100\n|move|p1a: Great Tusk|Ice Spinner|p2b: Iron Hands\n|-supereffective|p2b: Iron Hands\n|-damage|p2b: Iron Hands|44\/100 psn\n|-fieldend|move: Psychic Terrain\n|\n|-damage|p2b: Iron Hands|31\/100 psn|[from] psn\n|upkeep\n|turn|4\n|j| SlipperyDanger\n|c| Toastest|well, now that's in my head\n|\n|t:|1683174637\n|move|p1a: Great Tusk|Protect|p1a: Great Tusk\n|-singleturn|p1a: Great Tusk|Protect\n|move|p1b: Maushold|Feint|p2b: Iron Hands\n|-damage|p2b: Iron Hands|25\/100 psn\n|move|p2a: Talonflame|Brave Bird|p1b: Maushold\n|-damage|p1b: Maushold|62\/100\n|-damage|p2a: Talonflame|88\/100|[from] Recoil\n|move|p2b: Iron Hands|Earthquake|p1b: Maushold|[spread] p1b\n|-activate|p1a: Great Tusk|move: Protect\n|-immune|p2a: Talonflame\n|-damage|p1b: Maushold|0 fnt\n|faint|p1b: Maushold\n|\n|-damage|p2b: Iron Hands|12\/100 psn|[from] psn\n|upkeep\n|\n|t:|1683174639\n|switch|p1b: Mimikyu|Mimikyu, L50, F|100\/100\n|turn|5\n|\n|t:|1683174650\n|move|p1a: Great Tusk|Protect||[still]\n|-fail|p1a: Great Tusk\n|move|p2a: Talonflame|Brave Bird|p1a: Great Tusk\n|-supereffective|p1a: Great Tusk\n|-crit|p1a: Great Tusk\n|-damage|p1a: Great Tusk|0 fnt\n|faint|p1a: Great Tusk\n|-end|p1a: Great Tusk|Protosynthesis|[silent]\n|-damage|p2a: Talonflame|76\/100|[from] Recoil\n|move|p2b: Iron Hands|Earthquake|p1b: Mimikyu|[spread] p1b\n|-immune|p2a: Talonflame\n|-activate|p1b: Mimikyu|ability: Disguise\n|-damage|p1b: Mimikyu|100\/100\n|detailschange|p1b: Mimikyu|Mimikyu-Busted, L50, F\n|-damage|p1b: Mimikyu|88\/100|[from] pokemon: Mimikyu-Busted\n|move|p1b: Mimikyu|Trick Room|p1b: Mimikyu\n|-fieldstart|move: Trick Room|[of] p1b: Mimikyu\n|\n|-damage|p2b: Iron Hands|0 fnt|[from] psn\n|faint|p2b: Iron Hands\n|-end|p2b: Iron Hands|Quark Drive|[silent]\n|upkeep\n|\n|t:|1683174657\n|switch|p2b: Flutter Mane|Flutter Mane, L50|100\/100\n|turn|6\n|\n|t:|1683174665\n|move|p1b: Mimikyu|Shadow Sneak|p2b: Flutter Mane\n|-supereffective|p2b: Flutter Mane\n|-damage|p2b: Flutter Mane|34\/100\n|-damage|p1b: Mimikyu|79\/100|[from] item: Life Orb\n|move|p2b: Flutter Mane|Moonblast|p1b: Mimikyu\n|-damage|p1b: Mimikyu|0 fnt\n|faint|p1b: Mimikyu\n|\n|win|Borghi\n|n|\u2606tyo|tyo\n|n|\u2606Borghi|borghi\n|n| MagmaPilled|magmapilled\n|n| Toastest|toastest\n|n| teraghostisbad|teraghostisbad\n|n| Tempest brute|tempestbrute\n|n| Adwf194|adwf194\n|n| Grewt|grewt\n|n| SlipperyDanger|slipperydanger\n","uploadtime":1683174666,"views":7,"p1id":"tyo","p2id":"borghi","formatid":"gen9vgc2023regulationc","rating":0,"private":0,"password":""}