{"id":"gen9vgc2023regulationc-1856326198","p1":"Genesis05220","p2":"M87testing","format":"[Gen 9] VGC 2023 Regulation C","log":"|j|\u2606Genesis05220\n|j|\u2606M87testing\n|t:|1683051100\n|gametype|doubles\n|player|p1|Genesis05220|266|1031\n|player|p2|M87testing|266|1118\n|teamsize|p1|6\n|teamsize|p2|6\n|gen|9\n|tier|[Gen 9] VGC 2023 Regulation C\n|rated|\n|rule|Species Clause: Limit one of each Pok\u00e9mon\n|rule|Item Clause: Limit one of each item\n|clearpoke\n|poke|p1|Torkoal, L50, F|\n|poke|p1|Jumpluff, L50, M|\n|poke|p1|Scovillain, L50, M|\n|poke|p1|Volcarona, L50, F|\n|poke|p1|Crabominable, L50, M|\n|poke|p1|Meowscarada, L50, M|\n|poke|p2|Hawlucha, L50, F|\n|poke|p2|Grimmsnarl, L50, M|\n|poke|p2|Amoonguss, L50, F|\n|poke|p2|Farigiraf, L50, M|\n|poke|p2|Torkoal, L50, F|\n|poke|p2|Dragonite, L50, F|\n|teampreview|4\n|\n|t:|1683051147\n|start\n|switch|p1a: Torkoal|Torkoal, L50, F|100\/100\n|switch|p1b: Jumpluff|Jumpluff, L50, M|100\/100\n|switch|p2a: Hawlucha|Hawlucha, L50, F|100\/100\n|switch|p2b: Grimmsnarl|Grimmsnarl, L50, M|100\/100\n|-weather|SunnyDay|[from] ability: Drought|[of] p1a: Torkoal\n|turn|1\n|j| Leiothrix\n|\n|t:|1683051171\n|-terastallize|p2a: Hawlucha|Fire\n|move|p2b: Grimmsnarl|Fake Out|p1b: Jumpluff\n|-damage|p1b: Jumpluff|86\/100\n|cant|p1b: Jumpluff|flinch\n|move|p2a: Hawlucha|Flying Press|p1b: Jumpluff\n|-damage|p1b: Jumpluff|26\/100\n|move|p1a: Torkoal|Earthquake|p2b: Grimmsnarl|[spread] p2a,p2b\n|-immune|p1b: Jumpluff\n|-supereffective|p2a: Hawlucha\n|-damage|p2a: Hawlucha|64\/100\n|-damage|p2b: Grimmsnarl|86\/100\n|\n|-weather|SunnyDay|[upkeep]\n|upkeep\n|turn|2\n|\n|t:|1683051218\n|move|p2a: Hawlucha|Detect|p2a: Hawlucha\n|-singleturn|p2a: Hawlucha|Protect\n|move|p1b: Jumpluff|Leaf Storm|p2b: Grimmsnarl|[miss]\n|-miss|p1b: Jumpluff|p2b: Grimmsnarl\n|move|p2b: Grimmsnarl|Spirit Break|p1b: Jumpluff\n|-damage|p1b: Jumpluff|0 fnt\n|faint|p1b: Jumpluff\n|move|p1a: Torkoal|Will-O-Wisp|p2b: Grimmsnarl\n|-status|p2b: Grimmsnarl|brn\n|\n|-weather|SunnyDay|[upkeep]\n|-damage|p2b: Grimmsnarl|80\/100 brn|[from] brn\n|upkeep\n|\n|t:|1683051234\n|switch|p1b: Crabominable|Crabominable, L50, M|100\/100\n|turn|3\n|\n|t:|1683051249\n|switch|p1a: Meowscarada|Meowscarada, L50, M|100\/100\n|-terastallize|p1b: Crabominable|Fire\n|move|p2b: Grimmsnarl|Swagger|p2a: Hawlucha\n|-boost|p2a: Hawlucha|atk|2\n|-start|p2a: Hawlucha|confusion\n|-enditem|p2a: Hawlucha|Persim Berry|[eat]\n|-end|p2a: Hawlucha|confusion\n|move|p2a: Hawlucha|Acrobatics|p1b: Crabominable\n|-damage|p1b: Crabominable|0 fnt\n|faint|p1b: Crabominable\n|\n|-weather|SunnyDay|[upkeep]\n|-damage|p2b: Grimmsnarl|74\/100 brn|[from] brn\n|upkeep\n|\n|t:|1683051266\n|switch|p1b: Torkoal|Torkoal, L50, F|100\/100\n|turn|4\n|\n|t:|1683051276\n|move|p2a: Hawlucha|Detect|p2a: Hawlucha\n|-singleturn|p2a: Hawlucha|Protect\n|move|p2b: Grimmsnarl|Spirit Break|p1a: Meowscarada\n|-supereffective|p1a: Meowscarada\n|-damage|p1a: Meowscarada|55\/100\n|-unboost|p1a: Meowscarada|spa|1\n|move|p1b: Torkoal|Eruption|p2b: Grimmsnarl|[spread] p2b\n|-activate|p2a: Hawlucha|move: Protect\n|-damage|p2b: Grimmsnarl|28\/100 brn\n|move|p1a: Meowscarada|Trick Room|p1a: Meowscarada\n|-fieldstart|move: Trick Room|[of] p1a: Meowscarada\n|\n|-weather|SunnyDay|[upkeep]\n|-damage|p2b: Grimmsnarl|22\/100 brn|[from] brn\n|upkeep\n|turn|5\n|\n|t:|1683051307\n|move|p2a: Hawlucha|Detect||[still]\n|-fail|p2a: Hawlucha\n|move|p2b: Grimmsnarl|Thunder Wave|p1b: Torkoal\n|-status|p1b: Torkoal|par\n|move|p1b: Torkoal|Eruption|p2a: Hawlucha|[spread] p2a,p2b\n|-resisted|p2a: Hawlucha\n|-damage|p2a: Hawlucha|31\/100\n|-damage|p2b: Grimmsnarl|0 fnt\n|faint|p2b: Grimmsnarl\n|move|p1a: Meowscarada|Trailblaze|p2a: Hawlucha\n|-resisted|p2a: Hawlucha\n|-damage|p2a: Hawlucha|18\/100\n|-boost|p1a: Meowscarada|spe|1\n|\n|-weather|SunnyDay|[upkeep]\n|upkeep\n|\n|t:|1683051329\n|switch|p2b: Dragonite|Dragonite, L50, F|100\/100\n|turn|6\n|\n|t:|1683051340\n|move|p2a: Hawlucha|Detect|p2a: Hawlucha\n|-singleturn|p2a: Hawlucha|Protect\n|move|p1b: Torkoal|Earthquake|p2b: Dragonite|[spread] p1a\n|-activate|p2a: Hawlucha|move: Protect\n|-immune|p2b: Dragonite\n|-resisted|p1a: Meowscarada\n|-damage|p1a: Meowscarada|45\/100\n|move|p2b: Dragonite|Ice Spinner|p1a: Meowscarada\n|-supereffective|p1a: Meowscarada\n|-damage|p1a: Meowscarada|0 fnt\n|faint|p1a: Meowscarada\n|\n|-weather|SunnyDay|[upkeep]\n|upkeep\n|turn|7\n|\n|t:|1683051371\n|move|p2b: Dragonite|Extreme Speed|p1b: Torkoal\n|-damage|p1b: Torkoal|80\/100 par\n|move|p1b: Torkoal|Will-O-Wisp|p2b: Dragonite|[miss]\n|-miss|p1b: Torkoal|p2b: Dragonite\n|move|p2a: Hawlucha|Acrobatics|p1b: Torkoal\n|-damage|p1b: Torkoal|5\/100 par\n|\n|-weather|SunnyDay|[upkeep]\n|upkeep\n|turn|8\n|\n|t:|1683051385\n|move|p2b: Dragonite|Protect|p2b: Dragonite\n|-singleturn|p2b: Dragonite|Protect\n|move|p2a: Hawlucha|Detect|p2a: Hawlucha\n|-singleturn|p2a: Hawlucha|Protect\n|move|p1b: Torkoal|Will-O-Wisp|p2b: Dragonite\n|-activate|p2b: Dragonite|move: Protect\n|\n|-weather|none\n|-fieldend|move: Trick Room\n|upkeep\n|turn|9\n|\n|t:|1683051399\n|move|p2a: Hawlucha|Flying Press|p1b: Torkoal\n|-damage|p1b: Torkoal|0 fnt\n|faint|p1b: Torkoal\n|\n|win|M87testing\n|raw|Genesis05220's rating: 1031 → 1020<\/strong> (-11 for losing)\n|raw|M87testing's rating: 1118 → 1137<\/strong> (+19 for winning)\n","uploadtime":1683051404,"views":12,"p1id":"genesis05220","p2id":"m87testing","formatid":"gen9vgc2023regulationc","rating":1020,"private":0,"password":""}