{"id":"gen9vgc2023regulationc-1847957176","p1":"Sotero23","p2":"FunneeMonkee","format":"[Gen 9] VGC 2023 Regulation C","log":"|j|\u2606Sotero23\n|j|\u2606FunneeMonkee\n|t:|1682015752\n|gametype|doubles\n|player|p1|Sotero23|veteran|\n|player|p2|FunneeMonkee|lisia|\n|teamsize|p1|6\n|teamsize|p2|6\n|gen|9\n|tier|[Gen 9] VGC 2023 Regulation C\n|rated|Tournament battle\n|rule|Species Clause: Limit one of each Pok\u00e9mon\n|rule|Item Clause: Limit one of each item\n|clearpoke\n|poke|p1|Scizor, L50, F|\n|poke|p1|Gothitelle, L50, M|\n|poke|p1|Chi-Yu, L50|\n|poke|p1|Dragonite, L50, M|\n|poke|p1|Amoonguss, L50, F|\n|poke|p1|Flutter Mane, L50|\n|poke|p2|Iron Hands, L50|\n|poke|p2|Palafin, L50, F|\n|poke|p2|Flutter Mane, L50|\n|poke|p2|Amoonguss, L50, F|\n|poke|p2|Chi-Yu, L50|\n|poke|p2|Ting-Lu, L50|\n|teampreview|4\nFunneeMonkee has agreed to open team sheets.\nSotero23 has agreed to open team sheets.\n|\n|t:|1682015823\n|start\n|switch|p1a: Gothitelle|Gothitelle, L50, M|100\/100\n|switch|p1b: Flutter Mane|Flutter Mane, L50|100\/100\n|switch|p2a: The|Flutter Mane, L50, shiny|100\/100\n|switch|p2b: dumb|Chi-Yu, L50|100\/100\n|-ability|p2b: dumb|Beads of Ruin\n|-enditem|p2a: The|Booster Energy\n|-activate|p2a: The|ability: Protosynthesis|[fromitem]\n|-start|p2a: The|protosynthesisspa\n|-enditem|p1b: Flutter Mane|Booster Energy\n|-activate|p1b: Flutter Mane|ability: Protosynthesis|[fromitem]\n|-start|p1b: Flutter Mane|protosynthesisspa\n|turn|1\n|\n|t:|1682015852\n|-terastallize|p2a: The|Water\n|-terastallize|p1b: Flutter Mane|Fairy\n|move|p1a: Gothitelle|Helping Hand|p1b: Flutter Mane\n|-singleturn|p1b: Flutter Mane|Helping Hand|[of] p1a: Gothitelle\n|move|p2b: dumb|Dark Pulse|p1a: Gothitelle\n|-supereffective|p1a: Gothitelle\n|-damage|p1a: Gothitelle|3\/100\n|move|p2a: The|Shadow Ball|p1b: Flutter Mane\n|-damage|p1b: Flutter Mane|37\/100\n|move|p1b: Flutter Mane|Dazzling Gleam|p2a: The|[spread] p2a,p2b\n|-damage|p2a: The|0 fnt\n|-damage|p2b: dumb|12\/100\n|faint|p2a: The\n|-end|p2a: The|Protosynthesis|[silent]\n|\n|-heal|p1a: Gothitelle|9\/100|[from] item: Leftovers\n|upkeep\n|\n|t:|1682015867\n|switch|p2a: bogus man|Amoonguss, L50, F|100\/100\n|turn|2\n|\n|t:|1682015875\n|move|p1b: Flutter Mane|Protect|p1b: Flutter Mane\n|-singleturn|p1b: Flutter Mane|Protect\n|move|p2b: dumb|Dark Pulse|p1b: Flutter Mane\n|-activate|p1b: Flutter Mane|move: Protect\n|move|p1a: Gothitelle|Psychic|p2a: bogus man\n|-supereffective|p2a: bogus man\n|-damage|p2a: bogus man|35\/100\n|-enditem|p2a: bogus man|Sitrus Berry|[eat]\n|-heal|p2a: bogus man|59\/100|[from] item: Sitrus Berry\n|move|p2a: bogus man|Pollen Puff|p1a: Gothitelle\n|-supereffective|p1a: Gothitelle\n|-damage|p1a: Gothitelle|0 fnt\n|faint|p1a: Gothitelle\n|\n|upkeep\n|\n|t:|1682015892\n|switch|p1a: Dragonite|Dragonite, L50, M|100\/100\n|turn|3\n|\n|t:|1682015899\n|move|p1a: Dragonite|Extreme Speed|p2b: dumb\n|-damage|p2b: dumb|0 fnt\n|faint|p2b: dumb\n|move|p1b: Flutter Mane|Shadow Ball|p2a: bogus man\n|-damage|p2a: bogus man|9\/100\n|-unboost|p2a: bogus man|spd|1\n|move|p2a: bogus man|Spore|p1b: Flutter Mane\n|-status|p1b: Flutter Mane|slp|[from] move: Spore\n|\n|upkeep\n|\n|t:|1682015908\n|switch|p2b: uh|Ting-Lu, L50|100\/100\n|-ability|p2b: uh|Vessel of Ruin\n|turn|4\n|\n|t:|1682015926\n|-end|p1b: Flutter Mane|Protosynthesis|[silent]\n|switch|p1b: Scizor|Scizor, L50, F|100\/100\n|move|p1a: Dragonite|Dragon Dance|p1a: Dragonite\n|-boost|p1a: Dragonite|atk|1\n|-boost|p1a: Dragonite|spe|1\n|move|p2b: uh|Ruination|p1a: Dragonite\n|-damage|p1a: Dragonite|50\/100\n|move|p2a: bogus man|Spore|p1a: Dragonite\n|-status|p1a: Dragonite|slp|[from] move: Spore\n|-enditem|p1a: Dragonite|Lum Berry|[eat]\n|-curestatus|p1a: Dragonite|slp|[msg]\n|\n|upkeep\n|turn|5\n|\n|t:|1682015945\n|move|p1b: Scizor|Bullet Punch|p2a: bogus man\n|-damage|p2a: bogus man|0 fnt\n|faint|p2a: bogus man\n|move|p1a: Dragonite|Dragon Claw|p2b: uh\n|-crit|p2b: uh\n|-damage|p2b: uh|39\/100\n|move|p2b: uh|Fissure|p1b: Scizor\n|-damage|p1b: Scizor|0 fnt\n|faint|p1b: Scizor\n|-ohko\n|\n|upkeep\n|\n|t:|1682015952\n|switch|p1b: Flutter Mane|Flutter Mane, L50, tera:Fairy|37\/100 slp\n|turn|6\n|-message|FunneeMonkee forfeited.\n|\n|win|Sotero23\n|n|\u2606Sotero23|sotero23\n|n|\u2606FunneeMonkee|funneemonkee\n|l|\u2606FunneeMonkee\n","uploadtime":1682015990,"views":8,"p1id":"sotero23","p2id":"funneemonkee","formatid":"gen9vgc2023regulationc","rating":0,"private":0,"password":""}