{"id":"gen9vgc2023regulationc-1855254258","p1":"clsvgc","p2":"refanner","format":"[Gen 9] VGC 2023 Regulation C","log":"|j|\u2606clsvgc\n|j|\u2606refanner\n|t:|1682923693\n|gametype|doubles\n|player|p1|clsvgc|caitlin|1228\n|player|p2|refanner|2|1275\n|teamsize|p1|6\n|teamsize|p2|6\n|gen|9\n|tier|[Gen 9] VGC 2023 Regulation C\n|rated|\n|rule|Species Clause: Limit one of each Pok\u00e9mon\n|rule|Item Clause: Limit one of each item\n|clearpoke\n|poke|p1|Volcarona, L50, M|\n|poke|p1|Amoonguss, L50, M|\n|poke|p1|Iron Hands, L50|\n|poke|p1|Flutter Mane, L50|\n|poke|p1|Kingambit, L50, F|\n|poke|p1|Gyarados, L50, M|\n|poke|p2|Kingambit, L50, M|\n|poke|p2|Great Tusk, L50|\n|poke|p2|Flutter Mane, L50|\n|poke|p2|Gyarados, L50, M|\n|poke|p2|Chi-Yu, L50|\n|poke|p2|Glimmora, L50, F|\n|teampreview|4\n|inactive|Battle timer is ON: inactive players will automatically lose when time's up. (requested by clsvgc)\n|inactive|clsvgc has 60 seconds left.\n|inactive|refanner has 60 seconds left.\n|inactive|refanner has 30 seconds left.\n|inactive|refanner has 20 seconds left.\n|inactive|refanner has 15 seconds left.\n|\n|t:|1682923772\n|start\n|switch|p1a: \u5927\u9171|Kingambit, L50, F|100\/100\n|switch|p1b: \u86fe\u5b50|Volcarona, L50, M, shiny|100\/100\n|switch|p2a: Chi-Yu|Chi-Yu, L50|100\/100\n|switch|p2b: Flutter Mane|Flutter Mane, L50|100\/100\n|-ability|p2a: Chi-Yu|Beads of Ruin\n|-enditem|p2b: Flutter Mane|Booster Energy\n|-activate|p2b: Flutter Mane|ability: Protosynthesis|[fromitem]\n|-start|p2b: Flutter Mane|protosynthesisspa\n|turn|1\n|inactive|refanner has 30 seconds left.\n|inactive|refanner has 20 seconds left.\n|inactive|refanner has 15 seconds left.\n|\n|t:|1682923817\n|-terastallize|p1b: \u86fe\u5b50|Water\n|move|p1a: \u5927\u9171|Sucker Punch|p2a: Chi-Yu\n|-resisted|p2a: Chi-Yu\n|-damage|p2a: Chi-Yu|76\/100\n|move|p2b: Flutter Mane|Substitute|p2b: Flutter Mane\n|-start|p2b: Flutter Mane|Substitute\n|-damage|p2b: Flutter Mane|76\/100\n|move|p2a: Chi-Yu|Heat Wave|p1a: \u5927\u9171|[spread] p1a,p1b\n|-supereffective|p1a: \u5927\u9171\n|-resisted|p1b: \u86fe\u5b50\n|-damage|p1a: \u5927\u9171|0 fnt\n|-damage|p1b: \u86fe\u5b50|73\/100\n|faint|p1a: \u5927\u9171\n|move|p1b: \u86fe\u5b50|Quiver Dance|p1b: \u86fe\u5b50\n|-boost|p1b: \u86fe\u5b50|spa|1\n|-boost|p1b: \u86fe\u5b50|spd|1\n|-boost|p1b: \u86fe\u5b50|spe|1\n|\n|-heal|p1b: \u86fe\u5b50|79\/100|[from] item: Leftovers\n|upkeep\n|\n|t:|1682923836\n|switch|p1a: \u529b\u58eb|Iron Hands, L50|100\/100\n|turn|2\n|\n|t:|1682923852\n|-terastallize|p2b: Flutter Mane|Fairy\n|move|p1a: \u529b\u58eb|Fake Out|p2a: Chi-Yu\n|-damage|p2a: Chi-Yu|57\/100\n|move|p1b: \u86fe\u5b50|Fiery Dance|p2b: Flutter Mane\n|-end|p2b: Flutter Mane|Substitute\n|-boost|p1b: \u86fe\u5b50|spa|1\n|move|p2b: Flutter Mane|Moonblast|p1b: \u86fe\u5b50\n|-damage|p1b: \u86fe\u5b50|14\/100\n|-unboost|p1b: \u86fe\u5b50|spa|1\n|cant|p2a: Chi-Yu|flinch\n|\n|-heal|p1b: \u86fe\u5b50|20\/100|[from] item: Leftovers\n|upkeep\n|turn|3\n|inactive|refanner has 30 seconds left.\n|\n|t:|1682923881\n|move|p1b: \u86fe\u5b50|Giga Drain|p2b: Flutter Mane\n|-damage|p2b: Flutter Mane|23\/100\n|-heal|p1b: \u86fe\u5b50|38\/100|[from] drain|[of] p2b: Flutter Mane\n|move|p2b: Flutter Mane|Moonblast|p1b: \u86fe\u5b50\n|-damage|p1b: \u86fe\u5b50|0 fnt\n|faint|p1b: \u86fe\u5b50\n|move|p2a: Chi-Yu|Heat Wave|p1a: \u529b\u58eb\n|-damage|p1a: \u529b\u58eb|56\/100\n|move|p1a: \u529b\u58eb|Drain Punch|p2a: Chi-Yu\n|-supereffective|p2a: Chi-Yu\n|-damage|p2a: Chi-Yu|0 fnt\n|-heal|p1a: \u529b\u58eb|75\/100|[from] drain|[of] p2a: Chi-Yu\n|faint|p2a: Chi-Yu\n|\n|upkeep\n|\n|t:|1682923896\n|switch|p2a: Great Tusk|Great Tusk, L50|100\/100\n|switch|p1b: \u83c7\u83c7|Amoonguss, L50, M|100\/100\n|turn|4\n|inactive|refanner has 30 seconds left.\n|inactive|refanner has 20 seconds left.\n|inactive|refanner has 15 seconds left.\n|\n|t:|1682923938\n|move|p2a: Great Tusk|Close Combat|p1a: \u529b\u58eb\n|-crit|p1a: \u529b\u58eb\n|-damage|p1a: \u529b\u58eb|5\/100\n|-unboost|p2a: Great Tusk|def|1\n|-unboost|p2a: Great Tusk|spd|1\n|move|p2b: Flutter Mane|Hex|p1a: \u529b\u58eb\n|-damage|p1a: \u529b\u58eb|0 fnt\n|faint|p1a: \u529b\u58eb\n|-end|p1a: \u529b\u58eb|Quark Drive|[silent]\n|move|p1b: \u83c7\u83c7|Spore|p2a: Great Tusk\n|-status|p2a: Great Tusk|slp|[from] move: Spore\n|\n|upkeep\n|turn|5\n|-message|clsvgc forfeited.\n|\n|win|refanner\n|raw|clsvgc's rating: 1228 → 1206<\/strong> (-22 for losing)\n|raw|refanner's rating: 1275 → 1297<\/strong> (+22 for winning)\n|l|\u2606clsvgc\n","uploadtime":1682923958,"views":25,"p1id":"clsvgc","p2id":"refanner","formatid":"gen9vgc2023regulationc","rating":1206,"private":0,"password":""}