{"id":"gen9vgc2023regulationc-1845619145","p1":"Deividcarroll14MLQ","p2":"jcgualde2","format":"[Gen 9] VGC 2023 Regulation C","log":"|j|\u2606Deividcarroll14MLQ\n|j|\u2606jcgualde2\n|t:|1681749965\n|gametype|doubles\n|player|p1|Deividcarroll14MLQ|cyrus|\n|player|p2|jcgualde2|101|\n|teamsize|p1|6\n|teamsize|p2|6\n|gen|9\n|tier|[Gen 9] VGC 2023 Regulation C\n|rule|Species Clause: Limit one of each Pok\u00e9mon\n|rule|Item Clause: Limit one of each item\n|clearpoke\n|poke|p1|Azumarill, L50, M|\n|poke|p1|Chien-Pao, L50|\n|poke|p1|Amoonguss, L50, F|\n|poke|p1|Dragapult, L50, M|\n|poke|p1|Flutter Mane, L50|\n|poke|p1|Volcarona, L50, M|\n|poke|p2|Glimmora, L50, F|\n|poke|p2|Wo-Chien, L50|\n|poke|p2|Palafin, L50, M|\n|poke|p2|Iron Jugulis, L50|\n|poke|p2|Great Tusk, L50|\n|poke|p2|Arcanine, L50, M|\n|teampreview|4\nDeividcarroll14MLQ has agreed to open team sheets.\njcgualde2 has agreed to open team sheets.\n|c|\u2606Deividcarroll14MLQ|G1\n|c|\u2606Deividcarroll14MLQ|gl\n|c|\u2606jcgualde2|gl\n|c|\u2606jcgualde2|g1\n|inactive|Battle timer is ON: inactive players will automatically lose when time's up. (requested by jcgualde2)\n|\n|t:|1681750048\n|start\n|switch|p1a: Flutter Mane|Flutter Mane, L50|100\/100\n|switch|p1b: Chien-Pao|Chien-Pao, L50|100\/100\n|switch|p2a: Iron Jugulis|Iron Jugulis, L50|100\/100\n|switch|p2b: Great Tusk|Great Tusk, L50|100\/100\n|-ability|p1b: Chien-Pao|Sword of Ruin\n|-enditem|p1a: Flutter Mane|Booster Energy\n|-activate|p1a: Flutter Mane|ability: Protosynthesis|[fromitem]\n|-start|p1a: Flutter Mane|protosynthesisspe\n|-enditem|p2a: Iron Jugulis|Booster Energy\n|-activate|p2a: Iron Jugulis|ability: Quark Drive|[fromitem]\n|-start|p2a: Iron Jugulis|quarkdrivespe\n|turn|1\n|inactive|Deividcarroll14MLQ has 30 seconds left.\n|inactive|jcgualde2 has 30 seconds left.\n|inactive|Deividcarroll14MLQ has 20 seconds left.\n|inactive|Deividcarroll14MLQ has 15 seconds left.\n|\n|t:|1681750093\n|switch|p1b: Azumarill|Azumarill, L50, M|100\/100\n|-end|p2b: Great Tusk|Protosynthesis|[silent]\n|switch|p2b: Arcanine|Arcanine, L50, M|100\/100\n|-ability|p2b: Arcanine|Intimidate|boost\n|-unboost|p1a: Flutter Mane|atk|1\n|-unboost|p1b: Azumarill|atk|1\n|-terastallize|p2a: Iron Jugulis|Poison\n|move|p1a: Flutter Mane|Dazzling Gleam|p2b: Arcanine|[spread] p2a,p2b\n|-resisted|p2a: Iron Jugulis\n|-resisted|p2b: Arcanine\n|-damage|p2a: Iron Jugulis|82\/100\n|-damage|p2b: Arcanine|84\/100\n|move|p2a: Iron Jugulis|Tailwind|p2a: Iron Jugulis\n|-sidestart|p2: jcgualde2|move: Tailwind\n|\n|upkeep\n|turn|2\n|inactive|Deividcarroll14MLQ has 30 seconds left.\n|\n|t:|1681750119\n|-end|p1a: Flutter Mane|Protosynthesis|[silent]\n|switch|p1a: Chien-Pao|Chien-Pao, L50|100\/100\n|-ability|p1a: Chien-Pao|Sword of Ruin\n|move|p2a: Iron Jugulis|Snarl|p1b: Azumarill|[spread] p1a\n|-miss|p2a: Iron Jugulis|p1b: Azumarill\n|-resisted|p1a: Chien-Pao\n|-damage|p1a: Chien-Pao|88\/100\n|-unboost|p1a: Chien-Pao|spa|1\n|move|p2b: Arcanine|Will-O-Wisp|p1b: Azumarill\n|-status|p1b: Azumarill|brn\n|move|p1b: Azumarill|Liquidation|p2b: Arcanine\n|-supereffective|p2b: Arcanine\n|-damage|p2b: Arcanine|35\/100\n|\n|-damage|p1b: Azumarill|95\/100 brn|[from] brn\n|upkeep\n|turn|3\n|inactive|Deividcarroll14MLQ has 30 seconds left.\n|\n|t:|1681750147\n|switch|p2b: Wo-Chien|Wo-Chien, L50|100\/100\n|-ability|p2b: Wo-Chien|Tablets of Ruin\n|move|p1a: Chien-Pao|Protect|p1a: Chien-Pao\n|-singleturn|p1a: Chien-Pao|Protect\n|move|p2a: Iron Jugulis|Air Slash|p1a: Chien-Pao\n|-activate|p1a: Chien-Pao|move: Protect\n|move|p1b: Azumarill|Liquidation|p2b: Wo-Chien\n|-resisted|p2b: Wo-Chien\n|-damage|p2b: Wo-Chien|93\/100\n|\n|-heal|p2b: Wo-Chien|99\/100|[from] item: Leftovers\n|-damage|p1b: Azumarill|89\/100 brn|[from] brn\n|upkeep\n|turn|4\n|inactive|Deividcarroll14MLQ has 30 seconds left.\n|inactive|Deividcarroll14MLQ has 20 seconds left.\n|inactive|Deividcarroll14MLQ has 15 seconds left.\n|\n|t:|1681750187\n|switch|p1a: Dragapult|Dragapult, L50, M, shiny|100\/100\n|switch|p1b: Flutter Mane|Flutter Mane, L50|100\/100\n|move|p2a: Iron Jugulis|Air Slash|p1a: Dragapult\n|-damage|p1a: Dragapult|58\/100\n|move|p2b: Wo-Chien|Leech Seed|p1b: Flutter Mane\n|-start|p1b: Flutter Mane|move: Leech Seed\n|\n|-heal|p2b: Wo-Chien|100\/100|[from] item: Leftovers\n|-damage|p1b: Flutter Mane|88\/100|[from] Leech Seed|[of] p2b: Wo-Chien\n|-sideend|p2: jcgualde2|move: Tailwind\n|upkeep\n|turn|5\n|inactive|jcgualde2 has 30 seconds left.\n|\n|t:|1681750220\n|move|p2a: Iron Jugulis|Snarl|p1b: Flutter Mane|[spread] p1a,p1b\n|-supereffective|p1a: Dragapult\n|-damage|p1a: Dragapult|12\/100\n|-damage|p1b: Flutter Mane|70\/100\n|-unboost|p1b: Flutter Mane|spa|1\n|move|p1a: Dragapult|Dragon Dance|p1a: Dragapult\n|-boost|p1a: Dragapult|atk|1\n|-boost|p1a: Dragapult|spe|1\n|move|p1b: Flutter Mane|Moonblast|p2b: Wo-Chien\n|-supereffective|p2b: Wo-Chien\n|-damage|p2b: Wo-Chien|56\/100\n|-unboost|p2b: Wo-Chien|spa|1\n|move|p2b: Wo-Chien|Foul Play|p1a: Dragapult\n|-supereffective|p1a: Dragapult\n|-damage|p1a: Dragapult|0 fnt\n|faint|p1a: Dragapult\n|\n|-heal|p2b: Wo-Chien|62\/100|[from] item: Leftovers\n|-damage|p1b: Flutter Mane|57\/100|[from] Leech Seed|[of] p2b: Wo-Chien\n|-heal|p2b: Wo-Chien|70\/100|[silent]\n|upkeep\n|\n|t:|1681750240\n|switch|p1a: Chien-Pao|Chien-Pao, L50|88\/100\n|-ability|p1a: Chien-Pao|Sword of Ruin\n|turn|6\n|\n|t:|1681750256\n|-end|p1b: Flutter Mane|Protosynthesis|[silent]\n|switch|p1b: Azumarill|Azumarill, L50, M|89\/100 brn\n|move|p2a: Iron Jugulis|Air Slash|p1a: Chien-Pao\n|-damage|p1a: Chien-Pao|39\/100\n|cant|p1a: Chien-Pao|flinch\n|move|p2b: Wo-Chien|Leech Seed|p1b: Azumarill|[miss]\n|-miss|p2b: Wo-Chien|p1b: Azumarill\n|\n|-heal|p2b: Wo-Chien|77\/100|[from] item: Leftovers\n|-damage|p1b: Azumarill|83\/100 brn|[from] brn\n|upkeep\n|turn|7\n|\n|t:|1681750275\n|-terastallize|p1b: Azumarill|Water\n|move|p1a: Chien-Pao|Sucker Punch|p2a: Iron Jugulis\n|-damage|p2a: Iron Jugulis|49\/100\n|move|p1b: Azumarill|Aqua Jet|p2a: Iron Jugulis\n|-damage|p2a: Iron Jugulis|32\/100\n|move|p2a: Iron Jugulis|Air Slash|p1a: Chien-Pao\n|-damage|p1a: Chien-Pao|0 fnt\n|faint|p1a: Chien-Pao\n|move|p2b: Wo-Chien|Leech Seed|p1b: Azumarill\n|-start|p1b: Azumarill|move: Leech Seed\n|\n|-heal|p2b: Wo-Chien|83\/100|[from] item: Leftovers\n|-damage|p1b: Azumarill|71\/100 brn|[from] Leech Seed|[of] p2b: Wo-Chien\n|-heal|p2b: Wo-Chien|96\/100|[silent]\n|-damage|p1b: Azumarill|65\/100 brn|[from] brn\n|upkeep\n|\n|t:|1681750289\n|switch|p1a: Flutter Mane|Flutter Mane, L50|57\/100\n|turn|8\n|\n|t:|1681750298\n|move|p1a: Flutter Mane|Protect|p1a: Flutter Mane\n|-singleturn|p1a: Flutter Mane|Protect\n|move|p2a: Iron Jugulis|Snarl|p1b: Azumarill|[spread] p1b\n|-activate|p1a: Flutter Mane|move: Protect\n|-damage|p1b: Azumarill|52\/100 brn\n|-unboost|p1b: Azumarill|spa|1\n|move|p2b: Wo-Chien|Leech Seed|p1a: Flutter Mane\n|-activate|p1a: Flutter Mane|move: Protect\n|move|p1b: Azumarill|Liquidation|p2a: Iron Jugulis\n|-damage|p2a: Iron Jugulis|4\/100\n|\n|-heal|p2b: Wo-Chien|100\/100|[from] item: Leftovers\n|-damage|p1b: Azumarill|40\/100 brn|[from] Leech Seed|[of] p2b: Wo-Chien\n|-damage|p1b: Azumarill|34\/100 brn|[from] brn\n|upkeep\n|turn|9\n|\n|t:|1681750318\n|move|p2a: Iron Jugulis|Protect|p2a: Iron Jugulis\n|-singleturn|p2a: Iron Jugulis|Protect\n|move|p2b: Wo-Chien|Protect|p2b: Wo-Chien\n|-singleturn|p2b: Wo-Chien|Protect\n|move|p1b: Azumarill|Aqua Jet|p2a: Iron Jugulis\n|-activate|p2a: Iron Jugulis|move: Protect\n|move|p1a: Flutter Mane|Moonblast|p2b: Wo-Chien\n|-activate|p2b: Wo-Chien|move: Protect\n|\n|-damage|p1b: Azumarill|22\/100 brn|[from] Leech Seed|[of] p2b: Wo-Chien\n|-damage|p1b: Azumarill|16\/100 brn|[from] brn\n|upkeep\n|turn|10\n|\n|t:|1681750337\n|switch|p2b: Arcanine|Arcanine, L50, M|35\/100\n|-ability|p2b: Arcanine|Intimidate|boost\n|-unboost|p1a: Flutter Mane|atk|1\n|-unboost|p1b: Azumarill|atk|1\n|move|p1b: Azumarill|Aqua Jet|p2a: Iron Jugulis\n|-damage|p2a: Iron Jugulis|0 fnt\n|faint|p2a: Iron Jugulis\n|-end|p2a: Iron Jugulis|Quark Drive|[silent]\n|move|p1a: Flutter Mane|Moonblast|p2b: Arcanine\n|-resisted|p2b: Arcanine\n|-damage|p2b: Arcanine|10\/100\n|\n|-damage|p1b: Azumarill|4\/100 brn|[from] Leech Seed|[of] p2b: Arcanine\n|-heal|p2b: Arcanine|22\/100|[silent]\n|-damage|p1b: Azumarill|0 fnt|[from] brn\n|faint|p1b: Azumarill\n|upkeep\n|\n|t:|1681750349\n|switch|p2a: Wo-Chien|Wo-Chien, L50|100\/100\n|-ability|p2a: Wo-Chien|Tablets of Ruin\n|turn|11\n|\n|t:|1681750354\n|move|p1a: Flutter Mane|Dazzling Gleam|p2b: Arcanine|[spread] p2a,p2b\n|-supereffective|p2a: Wo-Chien\n|-resisted|p2b: Arcanine\n|-damage|p2a: Wo-Chien|59\/100\n|-damage|p2b: Arcanine|6\/100\n|move|p2b: Arcanine|Flare Blitz|p1a: Flutter Mane\n|-damage|p1a: Flutter Mane|0 fnt\n|faint|p1a: Flutter Mane\n|-end|p1a: Flutter Mane|Protosynthesis|[silent]\n|-damage|p2b: Arcanine|0 fnt|[from] Recoil\n|faint|p2b: Arcanine\n|\n|win|jcgualde2\n|c|\u2606Deividcarroll14MLQ|gg\n|c|\u2606jcgualde2|gg\n|l|\u2606Deividcarroll14MLQ\n","uploadtime":1681750711,"views":5,"p1id":"deividcarroll14mlq","p2id":"jcgualde2","formatid":"gen9vgc2023regulationc","rating":0,"private":0,"password":""}