{"id":"gen9vgc2023regulationc-1855715811","p1":"PikaTROD","p2":"PedroSalvat","format":"[Gen 9] VGC 2023 Regulation C","log":"|j|\u2606PikaTROD\n|j|\u2606PedroSalvat\n|t:|1682976136\n|gametype|doubles\n|player|p1|PikaTROD|266|1364\n|player|p2|PedroSalvat|265|1273\n|teamsize|p1|6\n|teamsize|p2|6\n|gen|9\n|tier|[Gen 9] VGC 2023 Regulation C\n|rated|\n|rule|Species Clause: Limit one of each Pok\u00e9mon\n|rule|Item Clause: Limit one of each item\n|clearpoke\n|poke|p1|Iron Bundle, L50|\n|poke|p1|Drednaw, L50, M|\n|poke|p1|Magnezone, L50|\n|poke|p1|Pelipper, L50, M|\n|poke|p1|Chien-Pao, L50|\n|poke|p1|Amoonguss, L50, F|\n|poke|p2|Chi-Yu, L50|\n|poke|p2|Flutter Mane, L50|\n|poke|p2|Annihilape, L50, M|\n|poke|p2|Talonflame, L50, F|\n|poke|p2|Indeedee-F, L50, F|\n|poke|p2|Gastrodon, L50, F|\n|teampreview|4\n|inactive|Battle timer is ON: inactive players will automatically lose when time's up. (requested by PedroSalvat)\nPikaTROD has agreed to open team sheets.\n|inactive|PikaTROD has 60 seconds left.\n|inactive|PedroSalvat has 60 seconds left.\n|\n|t:|1682976192\n|start\n|switch|p1a: Amoonguss|Amoonguss, L50, F|100\/100\n|switch|p1b: Chien-Pao|Chien-Pao, L50|100\/100\n|switch|p2a: Talonflame|Talonflame, L50, F|100\/100\n|switch|p2b: Flutter Mane|Flutter Mane, L50|100\/100\n|-ability|p1b: Chien-Pao|Sword of Ruin\n|turn|1\n|inactive|PikaTROD has 30 seconds left.\n|inactive|PedroSalvat has 30 seconds left.\n|\n|t:|1682976220\n|move|p2b: Flutter Mane|Protect|p2b: Flutter Mane\n|-singleturn|p2b: Flutter Mane|Protect\n|move|p1a: Amoonguss|Rage Powder|p1a: Amoonguss\n|-singleturn|p1a: Amoonguss|move: Rage Powder\n|move|p1b: Chien-Pao|Icicle Crash|p2b: Flutter Mane\n|-activate|p2b: Flutter Mane|move: Protect\n|move|p2a: Talonflame|Taunt|p1a: Amoonguss\n|-start|p1a: Amoonguss|move: Taunt\n|-enditem|p1a: Amoonguss|Mental Herb\n|-end|p1a: Amoonguss|move: Taunt\n|\n|upkeep\n|turn|2\n|inactive|PikaTROD has 30 seconds left.\n|inactive|PedroSalvat has 30 seconds left.\n|inactive|PikaTROD has 20 seconds left.\n|inactive|PikaTROD has 15 seconds left.\n|\n|t:|1682976262\n|switch|p1a: Iron Bundle|Iron Bundle, L50|100\/100\n|-enditem|p1a: Iron Bundle|Booster Energy\n|-activate|p1a: Iron Bundle|ability: Quark Drive|[fromitem]\n|-start|p1a: Iron Bundle|quarkdrivespe\n|move|p2a: Talonflame|Brave Bird|p1a: Iron Bundle\n|-crit|p1a: Iron Bundle\n|-damage|p1a: Iron Bundle|6\/100\n|-damage|p2a: Talonflame|74\/100|[from] Recoil\n|move|p1b: Chien-Pao|Icicle Crash|p2a: Talonflame\n|-damage|p2a: Talonflame|0 fnt\n|faint|p2a: Talonflame\n|move|p2b: Flutter Mane|Dazzling Gleam|p1a: Iron Bundle|[spread] p1a,p1b\n|-supereffective|p1b: Chien-Pao\n|-damage|p1a: Iron Bundle|0 fnt\n|-damage|p1b: Chien-Pao|0 fnt\n|faint|p1a: Iron Bundle\n|-end|p1a: Iron Bundle|Quark Drive|[silent]\n|faint|p1b: Chien-Pao\n|\n|upkeep\n|\n|t:|1682976282\n|switch|p1a: Amoonguss|Amoonguss, L50, F|100\/100\n|switch|p1b: Pelipper|Pelipper, L50, M|100\/100\n|switch|p2a: Annihilape|Annihilape, L50, M|100\/100\n|-weather|RainDance|[from] ability: Drizzle|[of] p1b: Pelipper\n|turn|3\n|inactive|PedroSalvat has 30 seconds left.\n|inactive|PedroSalvat has 20 seconds left.\n|inactive|PedroSalvat has 15 seconds left.\n|inactive|PedroSalvat has 10 seconds left.\n|inactive|PedroSalvat has 5 seconds left.\n|\n|t:|1682976336\n|-terastallize|p1b: Pelipper|Flying\n|move|p2a: Annihilape|Protect|p2a: Annihilape\n|-singleturn|p2a: Annihilape|Protect\n|move|p2b: Flutter Mane|Dazzling Gleam|p1a: Amoonguss|[spread] p1a,p1b\n|-resisted|p1a: Amoonguss\n|-damage|p1a: Amoonguss|88\/100\n|-damage|p1b: Pelipper|40\/100\n|move|p1b: Pelipper|Hurricane|p2a: Annihilape\n|-activate|p2a: Annihilape|move: Protect\n|move|p1a: Amoonguss|Spore|p2b: Flutter Mane\n|-status|p2b: Flutter Mane|slp|[from] move: Spore\n|\n|-weather|RainDance|[upkeep]\n|upkeep\n|turn|4\n|inactive|PedroSalvat has 30 seconds left.\n|\n|t:|1682976363\n|-terastallize|p2a: Annihilape|Fire\n|cant|p2b: Flutter Mane|slp\n|move|p2a: Annihilape|Rage Fist|p1b: Pelipper\n|-damage|p1b: Pelipper|11\/100\n|move|p1b: Pelipper|Hurricane|p2a: Annihilape\n|-damage|p2a: Annihilape|49\/100\n|move|p1a: Amoonguss|Pollen Puff|p1b: Pelipper\n|-heal|p1b: Pelipper|61\/100\n|\n|-weather|RainDance|[upkeep]\n|-heal|p2a: Annihilape|55\/100|[from] item: Leftovers\n|upkeep\n|turn|5\n|\n|t:|1682976380\n|move|p2a: Annihilape|Protect|p2a: Annihilape\n|-singleturn|p2a: Annihilape|Protect\n|move|p1a: Amoonguss|Rage Powder|p1a: Amoonguss\n|-singleturn|p1a: Amoonguss|move: Rage Powder\n|-curestatus|p2b: Flutter Mane|slp|[msg]\n|move|p2b: Flutter Mane|Dazzling Gleam|p1a: Amoonguss|[spread] p1a,p1b\n|-resisted|p1a: Amoonguss\n|-damage|p1a: Amoonguss|76\/100\n|-damage|p1b: Pelipper|1\/100\n|move|p1b: Pelipper|Tailwind|p1b: Pelipper\n|-sidestart|p1: PikaTROD|move: Tailwind\n|\n|-weather|RainDance|[upkeep]\n|-heal|p2a: Annihilape|61\/100|[from] item: Leftovers\n|upkeep\n|turn|6\n|\n|t:|1682976400\n|switch|p2a: Gastrodon|Gastrodon, L50, F|100\/100\n|move|p1a: Amoonguss|Rage Powder|p1a: Amoonguss\n|-singleturn|p1a: Amoonguss|move: Rage Powder\n|move|p1b: Pelipper|Hydro Pump|p2a: Gastrodon\n|-activate|p2a: Gastrodon|ability: Storm Drain\n|-ability|p2a: Gastrodon|Storm Drain|boost\n|-boost|p2a: Gastrodon|spa|1\n|move|p2b: Flutter Mane|Dazzling Gleam|p1b: Pelipper|[spread] p1a,p1b\n|-resisted|p1a: Amoonguss\n|-damage|p1a: Amoonguss|62\/100\n|-damage|p1b: Pelipper|0 fnt\n|faint|p1b: Pelipper\n|\n|-weather|RainDance|[upkeep]\n|upkeep\n|turn|7\n|c|\u2606PikaTROD|gg\n|-message|PikaTROD forfeited.\n|\n|win|PedroSalvat\n|raw|PikaTROD's rating: 1364 → 1339<\/strong> (-25 for losing)\n|raw|PedroSalvat's rating: 1273 → 1304<\/strong> (+31 for winning)\n|l|\u2606PikaTROD\n","uploadtime":1682976432,"views":19,"p1id":"pikatrod","p2id":"pedrosalvat","formatid":"gen9vgc2023regulationc","rating":1304,"private":0,"password":""}