{"id":"gen9vgc2023regulationc-1858220871","p1":"uazimov","p2":"Menaxelum","format":"[Gen 9] VGC 2023 Regulation C","log":"|j|\u2606uazimov\n|j|\u2606Menaxelum\n|t:|1683292491\n|gametype|doubles\n|player|p1|uazimov|steven|1143\n|player|p2|Menaxelum|ingo|1101\n|teamsize|p1|6\n|teamsize|p2|6\n|gen|9\n|tier|[Gen 9] VGC 2023 Regulation C\n|rated|\n|rule|Species Clause: Limit one of each Pok\u00e9mon\n|rule|Item Clause: Limit one of each item\n|clearpoke\n|poke|p1|Lilligant, L50, F|\n|poke|p1|Torkoal, L50, M|\n|poke|p1|Flutter Mane, L50|\n|poke|p1|Ting-Lu, L50|\n|poke|p1|Dragonite, L50, F|\n|poke|p1|Chi-Yu, L50|\n|poke|p2|Wo-Chien, L50|\n|poke|p2|Ting-Lu, L50|\n|poke|p2|Arcanine, L50, M|\n|poke|p2|Amoonguss, L50, M|\n|poke|p2|Palafin, L50, M|\n|poke|p2|Flutter Mane, L50|\n|teampreview|4\n|inactive|Battle timer is ON: inactive players will automatically lose when time's up. (requested by Menaxelum)\n|inactive|uazimov also wants the timer to be on.\nuazimov rejected open team sheets.\n|inactive|Menaxelum has 60 seconds left.\n|\n|t:|1683292524\n|start\n|switch|p1a: Ting-Lu|Ting-Lu, L50|100\/100\n|switch|p1b: Dragonite|Dragonite, L50, F|100\/100\n|switch|p2a: WHAT DA DAWG DOIN|Arcanine, L50, M|100\/100\n|switch|p2b: HOMELANDER|Palafin, L50, M|100\/100\n|-ability|p2a: WHAT DA DAWG DOIN|Intimidate|boost\n|-unboost|p1a: Ting-Lu|atk|1\n|-unboost|p1b: Dragonite|atk|1\n|-ability|p1a: Ting-Lu|Vessel of Ruin\n|turn|1\n|\n|t:|1683292546\n|detailschange|p2b: HOMELANDER|Palafin-Hero, L50, M\n|switch|p2b: TING CHILLING|Ting-Lu, L50|100\/100\n|-ability|p2b: TING CHILLING|Vessel of Ruin\n|move|p1b: Dragonite|Extreme Speed|p2b: TING CHILLING\n|-damage|p2b: TING CHILLING|82\/100\n|move|p2a: WHAT DA DAWG DOIN|Will-O-Wisp|p1b: Dragonite|[miss]\n|-miss|p2a: WHAT DA DAWG DOIN|p1b: Dragonite\n|move|p1a: Ting-Lu|Earthquake|p2a: WHAT DA DAWG DOIN|[spread] p2a,p2b\n|-immune|p1b: Dragonite\n|-supereffective|p2a: WHAT DA DAWG DOIN\n|-damage|p2a: WHAT DA DAWG DOIN|51\/100\n|-damage|p2b: TING CHILLING|68\/100\n|\n|upkeep\n|turn|2\n|\n|t:|1683292568\n|move|p2a: WHAT DA DAWG DOIN|Protect|p2a: WHAT DA DAWG DOIN\n|-singleturn|p2a: WHAT DA DAWG DOIN|Protect\n|move|p1b: Dragonite|Extreme Speed|p2a: WHAT DA DAWG DOIN\n|-activate|p2a: WHAT DA DAWG DOIN|move: Protect\n|move|p2b: TING CHILLING|Fissure|p1a: Ting-Lu|[miss]\n|-miss|p2b: TING CHILLING|p1a: Ting-Lu\n|move|p1a: Ting-Lu|Ruination|p2b: TING CHILLING|[miss]\n|-miss|p1a: Ting-Lu|p2b: TING CHILLING\n|\n|upkeep\n|turn|3\n|\n|t:|1683292588\n|move|p1b: Dragonite|Extreme Speed|p2a: WHAT DA DAWG DOIN\n|-damage|p2a: WHAT DA DAWG DOIN|19\/100\n|move|p2a: WHAT DA DAWG DOIN|Will-O-Wisp|p1b: Dragonite\n|-status|p1b: Dragonite|brn\n|move|p2b: TING CHILLING|Fissure|p1a: Ting-Lu|[miss]\n|-miss|p2b: TING CHILLING|p1a: Ting-Lu\n|move|p1a: Ting-Lu|Earthquake|p2a: WHAT DA DAWG DOIN|[spread] p2a,p2b\n|-immune|p1b: Dragonite\n|-supereffective|p2a: WHAT DA DAWG DOIN\n|-damage|p2a: WHAT DA DAWG DOIN|0 fnt\n|-damage|p2b: TING CHILLING|55\/100\n|faint|p2a: WHAT DA DAWG DOIN\n|\n|-damage|p1b: Dragonite|94\/100 brn|[from] brn\n|upkeep\n|\n|t:|1683292597\n|switch|p2a: GOKU|Flutter Mane, L50|100\/100\n|turn|4\n|\n|t:|1683292611\n|move|p1b: Dragonite|Extreme Speed|p2b: TING CHILLING\n|-damage|p2b: TING CHILLING|45\/100\n|move|p2a: GOKU|Moonblast|p1b: Dragonite\n|-supereffective|p1b: Dragonite\n|-damage|p1b: Dragonite|0 fnt\n|faint|p1b: Dragonite\n|move|p2b: TING CHILLING|Fissure|p1a: Ting-Lu|[miss]\n|-miss|p2b: TING CHILLING|p1a: Ting-Lu\n|move|p1a: Ting-Lu|Heavy Slam|p2a: GOKU\n|-supereffective|p2a: GOKU\n|-damage|p2a: GOKU|0 fnt\n|faint|p2a: GOKU\n|-end|p2a: GOKU|Protosynthesis|[silent]\n|\n|upkeep\n|\n|t:|1683292632\n|switch|p2a: HOMELANDER|Palafin-Hero, L50, M|100\/100\n|switch|p1b: Flutter Mane|Flutter Mane, L50|100\/100\n|-activate|p2a: HOMELANDER|ability: Zero to Hero\n|-enditem|p1b: Flutter Mane|Booster Energy\n|-activate|p1b: Flutter Mane|ability: Protosynthesis|[fromitem]\n|-start|p1b: Flutter Mane|protosynthesisspe\n|turn|5\n|\n|t:|1683292650\n|-terastallize|p2a: HOMELANDER|Water\n|move|p1b: Flutter Mane|Protect|p1b: Flutter Mane\n|-singleturn|p1b: Flutter Mane|Protect\n|move|p2a: HOMELANDER|Wave Crash|p1b: Flutter Mane\n|-activate|p1b: Flutter Mane|move: Protect\n|move|p2b: TING CHILLING|Fissure|p1a: Ting-Lu|[miss]\n|-miss|p2b: TING CHILLING|p1a: Ting-Lu\n|move|p1a: Ting-Lu|Ruination|p2a: HOMELANDER\n|-damage|p2a: HOMELANDER|51\/100\n|\n|upkeep\n|turn|6\n|\n|t:|1683292672\n|move|p2a: HOMELANDER|Jet Punch|p1b: Flutter Mane\n|-damage|p1b: Flutter Mane|0 fnt\n|faint|p1b: Flutter Mane\n|-end|p1b: Flutter Mane|Protosynthesis|[silent]\n|move|p2b: TING CHILLING|Fissure|p1a: Ting-Lu|[miss]\n|-miss|p2b: TING CHILLING|p1a: Ting-Lu\n|move|p1a: Ting-Lu|Ruination|p2b: TING CHILLING\n|-damage|p2b: TING CHILLING|23\/100\n|\n|upkeep\n|\n|t:|1683292683\n|switch|p1b: Chi-Yu|Chi-Yu, L50|100\/100\n|-ability|p1b: Chi-Yu|Beads of Ruin\n|turn|7\n|c|\u2606Menaxelum|scald wouldve burned by now fr\n|\n|t:|1683292698\n|-terastallize|p1b: Chi-Yu|Water\n|move|p2a: HOMELANDER|Jet Punch|p1b: Chi-Yu\n|-resisted|p1b: Chi-Yu\n|-damage|p1b: Chi-Yu|45\/100\n|move|p1b: Chi-Yu|Dark Pulse|p2a: HOMELANDER\n|-damage|p2a: HOMELANDER|5\/100\n|move|p2b: TING CHILLING|Fissure|p1a: Ting-Lu\n|-damage|p1a: Ting-Lu|0 fnt\n|faint|p1a: Ting-Lu\n|-ohko\n|\n|upkeep\n|turn|8\n|\n|t:|1683292715\n|move|p2a: HOMELANDER|Jet Punch|p1b: Chi-Yu\n|-resisted|p1b: Chi-Yu\n|-damage|p1b: Chi-Yu|0 fnt\n|faint|p1b: Chi-Yu\n|\n|win|Menaxelum\n|raw|uazimov's rating: 1143 → 1115<\/strong> (-28 for losing)\n|raw|Menaxelum's rating: 1101 → 1129<\/strong> (+28 for winning)\n","uploadtime":1683292724,"views":9,"p1id":"uazimov","p2id":"menaxelum","formatid":"gen9vgc2023regulationc","rating":1115,"private":0,"password":""}