{"id":"gen9vgc2023regulationc-1860611397","p1":"Henry80825","p2":"taterstotz","format":"[Gen 9] VGC 2023 Regulation C","log":"|j|\u2606Henry80825\n|j|\u2606taterstotz\n|t:|1683658894\n|gametype|doubles\n|player|p1|Henry80825|266|1238\n|player|p2|taterstotz|266|1136\n|teamsize|p1|6\n|teamsize|p2|6\n|gen|9\n|tier|[Gen 9] VGC 2023 Regulation C\n|rated|\n|rule|Species Clause: Limit one of each Pok\u00e9mon\n|rule|Item Clause: Limit one of each item\n|clearpoke\n|poke|p1|Arcanine, L50, F|\n|poke|p1|Kingambit, L50, M|\n|poke|p1|Flutter Mane, L50|\n|poke|p1|Amoonguss, L50, F|\n|poke|p1|Ting-Lu, L50|\n|poke|p1|Palafin, L50, F|\n|poke|p2|Palafin, L50, F|\n|poke|p2|Pelipper, L50, F|\n|poke|p2|Amoonguss, L50, F|\n|poke|p2|Scream Tail, L50|\n|poke|p2|Gothitelle, L50, M|\n|poke|p2|Dragonite, L50, M|\n|teampreview|4\n|inactive|Battle timer is ON: inactive players will automatically lose when time's up. (requested by taterstotz)\ntaterstotz has agreed to open team sheets.\n|\n|t:|1683658917\n|start\n|switch|p1a: Kingambit|Kingambit, L50, M|100\/100\n|switch|p1b: Palafin|Palafin, L50, F|100\/100\n|switch|p2a: Palafin|Palafin, L50, F|100\/100\n|switch|p2b: Gothitelle|Gothitelle, L50, M|100\/100\n|turn|1\n|\n|t:|1683658942\n|detailschange|p2a: Palafin|Palafin-Hero, L50, F\n|switch|p2a: Scream Tail|Scream Tail, L50|100\/100\n|-enditem|p2a: Scream Tail|Booster Energy\n|-activate|p2a: Scream Tail|ability: Protosynthesis|[fromitem]\n|-start|p2a: Scream Tail|protosynthesisspe\n|move|p2b: Gothitelle|Fake Out|p1a: Kingambit\n|-resisted|p1a: Kingambit\n|-damage|p1a: Kingambit|99\/100\n|move|p1b: Palafin|Wave Crash|p2b: Gothitelle\n|-damage|p2b: Gothitelle|56\/100\n|-damage|p1b: Palafin|88\/100|[from] Recoil\n|cant|p1a: Kingambit|flinch\n|\n|upkeep\n|turn|2\n|\n|t:|1683658965\n|move|p2b: Gothitelle|Protect|p2b: Gothitelle\n|-singleturn|p2b: Gothitelle|Protect\n|move|p2a: Scream Tail|Disable|p1b: Palafin\n|-start|p1b: Palafin|Disable|Wave Crash\n|cant|p1b: Palafin|Disable|Wave Crash\n|move|p1a: Kingambit|Kowtow Cleave|p2b: Gothitelle\n|-activate|p2b: Gothitelle|move: Protect\n|\n|upkeep\n|turn|3\n|\n|t:|1683658979\n|move|p1b: Palafin|Jet Punch|p2b: Gothitelle\n|-damage|p2b: Gothitelle|33\/100\n|move|p2a: Scream Tail|Disable|p1a: Kingambit\n|-start|p1a: Kingambit|Disable|Kowtow Cleave\n|move|p2b: Gothitelle|Psyshock|p1b: Palafin\n|-damage|p1b: Palafin|59\/100\n|cant|p1a: Kingambit|Disable|Kowtow Cleave\n|\n|upkeep\n|turn|4\n|\n|t:|1683658993\n|-terastallize|p1b: Palafin|Water\n|move|p2b: Gothitelle|Protect|p2b: Gothitelle\n|-singleturn|p2b: Gothitelle|Protect\n|move|p1b: Palafin|Jet Punch|p2b: Gothitelle\n|-activate|p2b: Gothitelle|move: Protect\n|move|p1a: Kingambit|Sucker Punch||[still]\n|-fail|p1a: Kingambit\n|move|p2a: Scream Tail|Perish Song|p2a: Scream Tail\n|-start|p1a: Kingambit|perish3|[silent]\n|-start|p1b: Palafin|perish3|[silent]\n|-start|p2a: Scream Tail|perish3|[silent]\n|-start|p2b: Gothitelle|perish3|[silent]\n|-fieldactivate|move: Perish Song\n|\n|-start|p2a: Scream Tail|perish3\n|-start|p1b: Palafin|perish3\n|-start|p2b: Gothitelle|perish3\n|-start|p1a: Kingambit|perish3\n|upkeep\n|turn|5\n|\n|t:|1683659012\n|move|p2b: Gothitelle|Protect||[still]\n|-fail|p2b: Gothitelle\n|move|p1b: Palafin|Jet Punch|p2b: Gothitelle\n|-damage|p2b: Gothitelle|2\/100\n|-enditem|p2b: Gothitelle|Iapapa Berry|[eat]\n|-heal|p2b: Gothitelle|35\/100|[from] item: Iapapa Berry\n|move|p2a: Scream Tail|Play Rough|p1b: Palafin\n|-damage|p1b: Palafin|34\/100\n|-unboost|p1b: Palafin|atk|1\n|move|p1a: Kingambit|Swords Dance|p1a: Kingambit\n|-boost|p1a: Kingambit|atk|2\n|\n|-end|p1b: Palafin|Disable\n|-start|p2a: Scream Tail|perish2\n|-start|p1b: Palafin|perish2\n|-start|p2b: Gothitelle|perish2\n|-start|p1a: Kingambit|perish2\n|upkeep\n|turn|6\n|\n|t:|1683659036\n|move|p1a: Kingambit|Sucker Punch||[still]\n|-fail|p1a: Kingambit\n|move|p2a: Scream Tail|Encore|p1a: Kingambit\n|-start|p1a: Kingambit|Encore\n|move|p1b: Palafin|Wave Crash|p2a: Scream Tail\n|-damage|p2a: Scream Tail|61\/100\n|-damage|p1b: Palafin|20\/100|[from] Recoil\n|move|p2b: Gothitelle|Psyshock|p1b: Palafin\n|-damage|p1b: Palafin|0 fnt\n|faint|p1b: Palafin\n|\n|-end|p1a: Kingambit|Disable\n|-start|p2a: Scream Tail|perish1\n|-start|p2b: Gothitelle|perish1\n|-start|p1a: Kingambit|perish1\n|upkeep\n|\n|t:|1683659046\n|switch|p1b: Flutter Mane|Flutter Mane, L50|100\/100\n|turn|7\n|\n|t:|1683659057\n|-end|p2a: Scream Tail|Protosynthesis|[silent]\n|switch|p2a: Pelipper|Pelipper, L50, F|100\/100\n|-weather|RainDance|[from] ability: Drizzle|[of] p2a: Pelipper\n|switch|p2b: Palafin|Palafin-Hero, L50, F|100\/100\n|-activate|p2b: Palafin|ability: Zero to Hero\n|move|p1a: Kingambit|Sucker Punch||[still]\n|-fail|p1a: Kingambit\n|move|p1b: Flutter Mane|Dazzling Gleam|p2a: Pelipper|[spread] p2a,p2b\n|-damage|p2a: Pelipper|45\/100\n|-damage|p2b: Palafin|47\/100\n|\n|-weather|RainDance|[upkeep]\n|-start|p1a: Kingambit|perish0\n|upkeep\n|faint|p1a: Kingambit\n|\n|t:|1683659067\n|switch|p1a: Arcanine|Arcanine, L50, F|100\/100\n|-ability|p1a: Arcanine|Intimidate|boost\n|-unboost|p2a: Pelipper|atk|1\n|-unboost|p2b: Palafin|atk|1\n|turn|8\n|\n|t:|1683659079\n|-terastallize|p2b: Palafin|Water\n|move|p1a: Arcanine|Protect|p1a: Arcanine\n|-singleturn|p1a: Arcanine|Protect\n|move|p2a: Pelipper|Wide Guard|p2a: Pelipper\n|-singleturn|p2a: Pelipper|Wide Guard\n|move|p2b: Palafin|Jet Punch|p1a: Arcanine\n|-activate|p1a: Arcanine|move: Protect\n|move|p1b: Flutter Mane|Dazzling Gleam|p2b: Palafin|[spread] \n|-activate|p2a: Pelipper|move: Wide Guard\n|-activate|p2b: Palafin|move: Wide Guard\n|\n|-weather|RainDance|[upkeep]\n|upkeep\n|turn|9\n|\n|t:|1683659091\n|switch|p2b: Gothitelle|Gothitelle, L50, M|35\/100\n|move|p1b: Flutter Mane|Dazzling Gleam|p2a: Pelipper|[spread] p2a,p2b\n|-damage|p2a: Pelipper|0 fnt\n|-damage|p2b: Gothitelle|0 fnt\n|faint|p2a: Pelipper\n|faint|p2b: Gothitelle\n|move|p1a: Arcanine|Flare Blitz|p2: Pelipper|[notarget]\n|-fail|p1a: Arcanine\n|\n|-weather|RainDance|[upkeep]\n|upkeep\n|\n|t:|1683659099\n|switch|p2a: Palafin|Palafin-Hero, L50, F, tera:Water|47\/100\n|switch|p2b: Scream Tail|Scream Tail, L50|61\/100\n|turn|10\n|\n|t:|1683659111\n|move|p2a: Palafin|Jet Punch|p1b: Flutter Mane\n|-damage|p1b: Flutter Mane|0 fnt\n|faint|p1b: Flutter Mane\n|-end|p1b: Flutter Mane|Protosynthesis|[silent]\n|move|p2b: Scream Tail|Disable|p1a: Arcanine\n|-start|p1a: Arcanine|Disable|Flare Blitz\n|cant|p1a: Arcanine|Disable|Flare Blitz\n|\n|-weather|RainDance|[upkeep]\n|upkeep\n|turn|11\n|l|\u2606Henry80825\n|inactive|Henry80825 disconnected and has a minute to reconnect!\n|player|p1|\n|\n|t:|1683659122\n|move|p2b: Scream Tail|Encore|p1a: Arcanine\n|-start|p1a: Arcanine|Encore\n|move|p2a: Palafin|Wave Crash|p1a: Arcanine\n|-supereffective|p1a: Arcanine\n|-damage|p1a: Arcanine|0 fnt\n|faint|p1a: Arcanine\n|-damage|p2a: Palafin|12\/100|[from] Recoil\n|\n|win|taterstotz\n|raw|Henry80825's rating: 1238 → 1206<\/strong> (-32 for losing)\n|raw|taterstotz's rating: 1136 → 1168<\/strong> (+32 for winning)\n","uploadtime":1683659459,"views":24,"p1id":"henry80825","p2id":"taterstotz","formatid":"gen9vgc2023regulationc","rating":1168,"private":0,"password":""}