{"id":"gen9vgc2023regulationc-1856516157","p1":"Cosentino","p2":"Gorbism","format":"[Gen 9] VGC 2023 Regulation C","log":"|j|\u2606Cosentino\n|j|\u2606Gorbism\n|t:|1683070472\n|gametype|doubles\n|player|p1|Cosentino|2|1290\n|player|p2|Gorbism|ethan|1235\n|teamsize|p1|6\n|teamsize|p2|6\n|gen|9\n|tier|[Gen 9] VGC 2023 Regulation C\n|rated|\n|rule|Species Clause: Limit one of each Pok\u00e9mon\n|rule|Item Clause: Limit one of each item\n|clearpoke\n|poke|p1|Sableye, L50, M|\n|poke|p1|Ceruledge, L50, F|\n|poke|p1|Chien-Pao, L50|\n|poke|p1|Orthworm, L50, M|\n|poke|p1|Baxcalibur, L50, F|\n|poke|p1|Gyarados, L50, F|\n|poke|p2|Tinkaton, L50, F|\n|poke|p2|Orthworm, L50, F|\n|poke|p2|Skeledirge, L50, F|\n|poke|p2|Garchomp, L50, M|\n|poke|p2|Kilowattrel, L50, F|\n|poke|p2|Iron Bundle, L50|\n|teampreview|4\n|inactive|Battle timer is ON: inactive players will automatically lose when time's up. (requested by Cosentino)\nCosentino has agreed to open team sheets.\n|\n|t:|1683070523\n|start\n|switch|p1a: Orthworm|Orthworm, L50, M|100\/100\n|switch|p1b: Ceruledge|Ceruledge, L50, F|100\/100\n|switch|p2a: Tinkaton|Tinkaton, L50, F|100\/100\n|switch|p2b: Iron Bundle|Iron Bundle, L50|100\/100\n|-enditem|p2b: Iron Bundle|Booster Energy\n|-activate|p2b: Iron Bundle|ability: Quark Drive|[fromitem]\n|-start|p2b: Iron Bundle|quarkdrivespe\n|turn|1\n|\n|t:|1683070547\n|move|p2b: Iron Bundle|Protect|p2b: Iron Bundle\n|-singleturn|p2b: Iron Bundle|Protect\n|move|p2a: Tinkaton|Skill Swap|p1b: Ceruledge\n|-activate|p2a: Tinkaton|move: Skill Swap|Flash Fire|Own Tempo|[of] p1b: Ceruledge\n|move|p1b: Ceruledge|Bitter Blade|p2a: Tinkaton\n|-start|p2a: Tinkaton|ability: Flash Fire\n|move|p1a: Orthworm|Shed Tail|p1a: Orthworm\n|-start|p1a: Orthworm|Substitute|[from] move: Shed Tail\n|-damage|p1a: Orthworm|50\/100\n|-enditem|p1a: Orthworm|Sitrus Berry|[eat]\n|-heal|p1a: Orthworm|75\/100|[from] item: Sitrus Berry\n|\n|t:|1683070561\n|switch|p1a: Baxcalibur|Baxcalibur, L50, F|100\/100|[from] Shed Tail\n|\n|upkeep\n|turn|2\n|\n|t:|1683070583\n|switch|p1b: Orthworm|Orthworm, L50, M|75\/100\n|move|p2b: Iron Bundle|Freeze-Dry|p1a: Baxcalibur\n|-end|p1a: Baxcalibur|Substitute\n|move|p2a: Tinkaton|Play Rough|p1a: Baxcalibur\n|-supereffective|p1a: Baxcalibur\n|-damage|p1a: Baxcalibur|41\/100\n|move|p1a: Baxcalibur|Glaive Rush|p2b: Iron Bundle\n|-damage|p2b: Iron Bundle|10\/100\n|-singlemove|p1a: Baxcalibur|Glaive Rush|[silent]\n|\n|upkeep\n|turn|3\n|inactive|Cosentino has 30 seconds left.\n|inactive|Gorbism has 30 seconds left.\n|\n|t:|1683070614\n|move|p1a: Baxcalibur|Ice Shard|p2b: Iron Bundle\n|-resisted|p2b: Iron Bundle\n|-damage|p2b: Iron Bundle|3\/100\n|move|p2b: Iron Bundle|Hydro Pump|p1b: Orthworm|[miss]\n|-miss|p2b: Iron Bundle|p1b: Orthworm\n|move|p2a: Tinkaton|Gigaton Hammer|p1a: Baxcalibur\n|-supereffective|p1a: Baxcalibur\n|-damage|p1a: Baxcalibur|0 fnt\n|faint|p1a: Baxcalibur\n|move|p1b: Orthworm|Shed Tail|p1b: Orthworm\n|-start|p1b: Orthworm|Substitute|[from] move: Shed Tail\n|-damage|p1b: Orthworm|25\/100\n|\n|t:|1683070622\n|switch|p1b: Gyarados|Gyarados, L50, F|100\/100|[from] Shed Tail\n|-ability|p1b: Gyarados|Intimidate|boost\n|-unboost|p2a: Tinkaton|atk|1\n|-unboost|p2b: Iron Bundle|atk|1\n|\n|upkeep\n|\n|t:|1683070630\n|switch|p1a: Ceruledge|Ceruledge, L50, F|100\/100\n|turn|4\n|\n|t:|1683070649\n|move|p2b: Iron Bundle|Protect|p2b: Iron Bundle\n|-singleturn|p2b: Iron Bundle|Protect\n|move|p1a: Ceruledge|Shadow Sneak|p2b: Iron Bundle\n|-activate|p2b: Iron Bundle|move: Protect\n|move|p2a: Tinkaton|Play Rough|p1b: Gyarados\n|-end|p1b: Gyarados|Substitute\n|move|p1b: Gyarados|Dragon Dance|p1b: Gyarados\n|-boost|p1b: Gyarados|atk|1\n|-boost|p1b: Gyarados|spe|1\n|\n|upkeep\n|turn|5\n|inactive|Gorbism has 30 seconds left.\n|inactive|Gorbism has 20 seconds left.\n|inactive|Gorbism has 15 seconds left.\n|inactive|Gorbism has 10 seconds left.\n|\n|t:|1683070696\n|move|p1a: Ceruledge|Shadow Sneak|p2b: Iron Bundle\n|-damage|p2b: Iron Bundle|0 fnt\n|faint|p2b: Iron Bundle\n|-end|p2b: Iron Bundle|Quark Drive|[silent]\n|move|p1b: Gyarados|Dragon Dance|p1b: Gyarados\n|-boost|p1b: Gyarados|atk|1\n|-boost|p1b: Gyarados|spe|1\n|move|p2a: Tinkaton|Skill Swap|p1b: Gyarados\n|-activate|p2a: Tinkaton|move: Skill Swap|Intimidate|Flash Fire|[of] p1b: Gyarados\n|-end|p2a: Tinkaton|ability: Flash Fire|[silent]\n|-ability|p2a: Tinkaton|Intimidate|boost\n|-unboost|p1a: Ceruledge|atk|1\n|-fail|p1b: Gyarados|unboost|[from] item: Clear Amulet|[of] p1b: Gyarados\n|\n|upkeep\n|\n|t:|1683070712\n|switch|p2b: Kilowattrel|Kilowattrel, L50, F|100\/100\n|turn|6\n|\n|t:|1683070730\n|move|p1a: Ceruledge|Shadow Sneak|p2b: Kilowattrel\n|-damage|p2b: Kilowattrel|77\/100\n|move|p1b: Gyarados|Waterfall|p2b: Kilowattrel\n|-crit|p2b: Kilowattrel\n|-damage|p2b: Kilowattrel|0 fnt\n|faint|p2b: Kilowattrel\n|move|p2a: Tinkaton|Skill Swap|p1a: Ceruledge\n|-activate|p2a: Tinkaton|move: Skill Swap|Flash Fire|Intimidate|[of] p1a: Ceruledge\n|-ability|p1a: Ceruledge|Intimidate|boost\n|-unboost|p2a: Tinkaton|atk|1\n|\n|upkeep\n|\n|t:|1683070739\n|switch|p2b: Skeledirge|Skeledirge, L50, F|100\/100\n|turn|7\n|inactive|Cosentino has 30 seconds left.\n|inactive|Gorbism has 30 seconds left.\n|inactive|Gorbism has 20 seconds left.\n|\n|t:|1683070774\n|switch|p1a: Orthworm|Orthworm, L50, M|25\/100\n|-terastallize|p2b: Skeledirge|Grass\n|move|p1b: Gyarados|Waterfall|p2b: Skeledirge\n|-resisted|p2b: Skeledirge\n|-crit|p2b: Skeledirge\n|-damage|p2b: Skeledirge|74\/100\n|move|p2a: Tinkaton|Skill Swap|p2b: Skeledirge\n|-activate|p2a: Tinkaton|move: Skill Swap|||[of] p2b: Skeledirge\n|move|p2b: Skeledirge|Shadow Ball|p1a: Orthworm\n|-damage|p1a: Orthworm|0 fnt\n|faint|p1a: Orthworm\n|\n|-heal|p2b: Skeledirge|80\/100|[from] item: Leftovers\n|upkeep\n|\n|t:|1683070781\n|switch|p1a: Ceruledge|Ceruledge, L50, F|100\/100\n|turn|8\n|inactive|Gorbism has 30 seconds left.\n|\n|t:|1683070814\n|-terastallize|p1b: Gyarados|Flying\n|move|p1b: Gyarados|Tera Blast|p2b: Skeledirge\n|-supereffective|p2b: Skeledirge\n|-damage|p2b: Skeledirge|0 fnt\n|faint|p2b: Skeledirge\n|move|p2a: Tinkaton|Gigaton Hammer|p1b: Gyarados\n|-damage|p1b: Gyarados|70\/100\n|move|p1a: Ceruledge|Bulk Up|p1a: Ceruledge\n|-boost|p1a: Ceruledge|atk|1\n|-boost|p1a: Ceruledge|def|1\n|\n|upkeep\n|turn|9\n|\n|t:|1683070828\n|move|p1b: Gyarados|Thunder Wave|p2a: Tinkaton\n|-status|p2a: Tinkaton|par\n|move|p1a: Ceruledge|Bitter Blade|p2a: Tinkaton\n|-supereffective|p2a: Tinkaton\n|-crit|p2a: Tinkaton\n|-damage|p2a: Tinkaton|0 fnt\n|faint|p2a: Tinkaton\n|\n|win|Cosentino\n|raw|Cosentino's rating: 1290 → 1311<\/strong> (+21 for winning)\n|raw|Gorbism's rating: 1235 → 1214<\/strong> (-21 for losing)\n|l|\u2606Gorbism\n|c|\u2606Cosentino|Gg\n","uploadtime":1683070843,"views":5,"p1id":"cosentino","p2id":"gorbism","formatid":"gen9vgc2023regulationc","rating":1214,"private":0,"password":""}