{"id":"gen9vgc2023regulationc-1845592831","p1":"KB1107","p2":"ziztachuuaaa","format":"[Gen 9] VGC 2023 Regulation C","log":"|j|\u2606KB1107\n|j|\u2606ziztachuuaaa\n|t:|1681747791\n|gametype|doubles\n|player|p1|KB1107|102|1051\n|player|p2|ziztachuuaaa|101|1045\n|teamsize|p1|6\n|teamsize|p2|6\n|gen|9\n|tier|[Gen 9] VGC 2023 Regulation C\n|rated|\n|rule|Species Clause: Limit one of each Pok\u00e9mon\n|rule|Item Clause: Limit one of each item\n|clearpoke\n|poke|p1|Dragonite, L50, M|\n|poke|p1|Pelipper, L50, F|\n|poke|p1|Tinkaton, L50, F|\n|poke|p1|Garchomp, L50, M|\n|poke|p1|Raichu, L50, F|\n|poke|p1|Palafin, L50, F|\n|poke|p2|Torkoal, L50, M|\n|poke|p2|Chi-Yu, L50|\n|poke|p2|Great Tusk, L50|\n|poke|p2|Flutter Mane, L50|\n|poke|p2|Palafin, L50, F|\n|poke|p2|Chien-Pao, L50|\n|teampreview|4\nziztachuuaaa has agreed to open team sheets.\n|\n|t:|1681747841\n|start\n|switch|p1a: Tinkaton|Tinkaton, L50, F|100\/100\n|switch|p1b: Palafin|Palafin, L50, F, shiny|100\/100\n|switch|p2a: Torkoal|Torkoal, L50, M|100\/100\n|switch|p2b: Great Tusk|Great Tusk, L50|100\/100\n|-weather|SunnyDay|[from] ability: Drought|[of] p2a: Torkoal\n|-activate|p2b: Great Tusk|ability: Protosynthesis\n|-start|p2b: Great Tusk|protosynthesisspe\n|turn|1\n|\n|t:|1681747873\n|detailschange|p1b: Palafin|Palafin-Hero, L50, F, shiny\n|switch|p1b: Pelipper|Pelipper, L50, F, shiny|100\/100\n|-weather|RainDance|[from] ability: Drizzle|[of] p1b: Pelipper\n|-end|p2b: Great Tusk|Protosynthesis\n|move|p1a: Tinkaton|Fake Out|p2a: Torkoal\n|-damage|p2a: Torkoal|91\/100\n|move|p2b: Great Tusk|Earthquake|p1b: Pelipper|[spread] p2a,p1a\n|-immune|p1b: Pelipper\n|-supereffective|p2a: Torkoal\n|-supereffective|p1a: Tinkaton\n|-damage|p2a: Torkoal|29\/100\n|-damage|p1a: Tinkaton|24\/100\n|-enditem|p1a: Tinkaton|Sitrus Berry|[eat]\n|-heal|p1a: Tinkaton|49\/100|[from] item: Sitrus Berry\n|cant|p2a: Torkoal|flinch\n|\n|-weather|RainDance|[upkeep]\n|upkeep\n|turn|2\n|\n|t:|1681747902\n|switch|p2a: Flutter Mane|Flutter Mane, L50|100\/100\n|move|p2b: Great Tusk|Earthquake|p1b: Pelipper|[spread] p2a,p1a\n|-immune|p1b: Pelipper\n|-supereffective|p1a: Tinkaton\n|-damage|p2a: Flutter Mane|31\/100\n|-damage|p1a: Tinkaton|0 fnt\n|faint|p1a: Tinkaton\n|move|p1b: Pelipper|Hydro Pump|p2b: Great Tusk\n|-supereffective|p2b: Great Tusk\n|-damage|p2b: Great Tusk|0 fnt\n|faint|p2b: Great Tusk\n|-end|p2b: Great Tusk|Protosynthesis|[silent]\n|\n|-weather|RainDance|[upkeep]\n|upkeep\n|\n|t:|1681747919\n|switch|p2b: Torkoal|Torkoal, L50, M|29\/100\n|switch|p1a: Palafin|Palafin-Hero, L50, F, shiny|100\/100\n|-activate|p1a: Palafin|ability: Zero to Hero\n|-weather|SunnyDay|[from] ability: Drought|[of] p2b: Torkoal\n|-activate|p2a: Flutter Mane|ability: Protosynthesis\n|-start|p2a: Flutter Mane|protosynthesisspe\n|turn|3\n|\n|t:|1681747943\n|switch|p1b: Garchomp|Garchomp, L50, M|100\/100\n|-terastallize|p2a: Flutter Mane|Fairy\n|move|p1a: Palafin|Jet Punch|p2a: Flutter Mane\n|-damage|p2a: Flutter Mane|0 fnt\n|faint|p2a: Flutter Mane\n|-end|p2a: Flutter Mane|Protosynthesis|[silent]\n|-damage|p1a: Palafin|91\/100|[from] item: Life Orb\n|move|p2b: Torkoal|Heat Wave|p1a: Palafin|[spread] p1a\n|-miss|p2b: Torkoal|p1b: Garchomp\n|-resisted|p1a: Palafin\n|-damage|p1a: Palafin|61\/100\n|\n|-weather|SunnyDay|[upkeep]\n|upkeep\n|inactive|Battle timer is ON: inactive players will automatically lose when time's up. (requested by KB1107)\n|inactive|ziztachuuaaa has 60 seconds left.\n|\n|t:|1681748062\n|switch|p2a: Chi-Yu|Chi-Yu, L50|100\/100\n|-ability|p2a: Chi-Yu|Beads of Ruin\n|turn|4\n|\n|t:|1681748073\n|switch|p1b: Pelipper|Pelipper, L50, F, shiny|100\/100\n|-weather|RainDance|[from] ability: Drizzle|[of] p1b: Pelipper\n|move|p1a: Palafin|Jet Punch|p2a: Chi-Yu\n|-supereffective|p2a: Chi-Yu\n|-damage|p2a: Chi-Yu|0 fnt\n|faint|p2a: Chi-Yu\n|-damage|p1a: Palafin|52\/100|[from] item: Life Orb\n|move|p2b: Torkoal|Heat Wave|p1a: Palafin|[spread] p1a,p1b\n|-resisted|p1a: Palafin\n|-resisted|p1b: Pelipper\n|-damage|p1a: Palafin|41\/100\n|-damage|p1b: Pelipper|90\/100\n|\n|-weather|RainDance|[upkeep]\n|upkeep\n|turn|5\n|\n|t:|1681748092\n|move|p1a: Palafin|Jet Punch|p2b: Torkoal\n|-supereffective|p2b: Torkoal\n|-damage|p2b: Torkoal|0 fnt\n|faint|p2b: Torkoal\n|-damage|p1a: Palafin|32\/100|[from] item: Life Orb\n|\n|win|KB1107\n|raw|KB1107's rating: 1051 → 1083<\/strong> (+32 for winning)\n|raw|ziztachuuaaa's rating: 1045 → 1029<\/strong> (-16 for losing)\n|l|\u2606ziztachuuaaa\n","uploadtime":1681748101,"views":17,"p1id":"kb1107","p2id":"ziztachuuaaa","formatid":"gen9vgc2023regulationc","rating":1029,"private":0,"password":""}