{"id":"gen9vgc2023regulationc-1847408324","p1":"Chest","p2":"mysafewordisharder","format":"[Gen 9] VGC 2023 Regulation C","log":"|j|\u2606Chest\n|j|\u2606mysafewordisharder\n|t:|1681951617\n|gametype|doubles\n|player|p1|Chest|266|1252\n|player|p2|mysafewordisharder|milo|1269\n|teamsize|p1|6\n|teamsize|p2|6\n|gen|9\n|tier|[Gen 9] VGC 2023 Regulation C\n|rated|\n|rule|Species Clause: Limit one of each Pok\u00e9mon\n|rule|Item Clause: Limit one of each item\n|clearpoke\n|poke|p1|Gyarados, L50, F|\n|poke|p1|Chi-Yu, L50|\n|poke|p1|Amoonguss, L50, M|\n|poke|p1|Annihilape, L50, F|\n|poke|p1|Ting-Lu, L50|\n|poke|p1|Flutter Mane, L50|\n|poke|p2|Orthworm, L50, F|\n|poke|p2|Dragonite, L50, F|\n|poke|p2|Ting-Lu, L50|\n|poke|p2|Gyarados, L50, M|\n|poke|p2|Flutter Mane, L50|\n|poke|p2|Chien-Pao, L50|\n|teampreview|4\nmysafewordisharder has agreed to open team sheets.\n|inactive|Battle timer is ON: inactive players will automatically lose when time's up. (requested by Chest)\n|\n|t:|1681951642\n|start\n|switch|p1a: Nemo|Chi-Yu, L50|100\/100\n|switch|p1b: Melameneo|Flutter Mane, L50|100\/100\n|switch|p2a: Orthworm Jim|Orthworm, L50, F, shiny|100\/100\n|switch|p2b: Bowl-lu|Ting-Lu, L50|100\/100\n|-ability|p1a: Nemo|Beads of Ruin\n|-ability|p2b: Bowl-lu|Vessel of Ruin\n|-enditem|p1b: Melameneo|Booster Energy\n|-activate|p1b: Melameneo|ability: Protosynthesis|[fromitem]\n|-start|p1b: Melameneo|protosynthesisspa\n|turn|1\n|\n|t:|1681951662\n|-terastallize|p1a: Nemo|Grass\n|-terastallize|p2a: Orthworm Jim|Fire\n|move|p1b: Melameneo|Moonblast|p2b: Bowl-lu\n|-supereffective|p2b: Bowl-lu\n|-crit|p2b: Bowl-lu\n|-damage|p2b: Bowl-lu|0 fnt\n|faint|p2b: Bowl-lu\n|move|p1a: Nemo|Nasty Plot|p1a: Nemo\n|-boost|p1a: Nemo|spa|2\n|move|p2a: Orthworm Jim|Shed Tail|p2a: Orthworm Jim\n|-start|p2a: Orthworm Jim|Substitute|[from] move: Shed Tail\n|-damage|p2a: Orthworm Jim|50\/100\n|-enditem|p2a: Orthworm Jim|Sitrus Berry|[eat]\n|-heal|p2a: Orthworm Jim|75\/100|[from] item: Sitrus Berry\n|\n|t:|1681951674\n|switch|p2a: Huggies|Dragonite, L50, F|100\/100|[from] Shed Tail\n|\n|upkeep\n|c|\u2606mysafewordisharder|F\n|\n|t:|1681951681\n|switch|p2b: Orthworm Jim|Orthworm, L50, F, shiny, tera:Fire|75\/100\n|turn|2\n|\n|t:|1681951700\n|move|p1b: Melameneo|Shadow Ball|p2b: Orthworm Jim\n|-crit|p2b: Orthworm Jim\n|-damage|p2b: Orthworm Jim|0 fnt\n|faint|p2b: Orthworm Jim\n|move|p1a: Nemo|Dark Pulse|p2a: Huggies\n|-end|p2a: Huggies|Substitute\n|move|p2a: Huggies|Dragon Dance|p2a: Huggies\n|-boost|p2a: Huggies|atk|1\n|-boost|p2a: Huggies|spe|1\n|\n|upkeep\n|\n|t:|1681951716\n|switch|p2b: Can't think of 1|Flutter Mane, L50, shiny|100\/100\n|turn|3\n|\n|t:|1681951733\n|move|p2a: Huggies|Extreme Speed|p1a: Nemo\n|-damage|p1a: Nemo|49\/100\n|move|p2b: Can't think of 1|Hex|p1b: Melameneo\n|-supereffective|p1b: Melameneo\n|-damage|p1b: Melameneo|0 fnt\n|faint|p1b: Melameneo\n|-end|p1b: Melameneo|Protosynthesis|[silent]\n|move|p1a: Nemo|Heat Wave|p2b: Can't think of 1|[spread] p2a,p2b\n|-resisted|p2a: Huggies\n|-damage|p2a: Huggies|77\/100\n|-damage|p2b: Can't think of 1|26\/100\n|-status|p2a: Huggies|brn\n|-enditem|p2a: Huggies|Lum Berry|[eat]\n|-curestatus|p2a: Huggies|brn|[msg]\n|-status|p2b: Can't think of 1|brn\n|\n|-damage|p2b: Can't think of 1|20\/100 brn|[from] brn\n|upkeep\n|\n|t:|1681951751\n|switch|p1b: La Gamba|Gyarados, L50, F, shiny|100\/100\n|-ability|p1b: La Gamba|Intimidate|boost\n|-unboost|p2a: Huggies|atk|1\n|-unboost|p2b: Can't think of 1|atk|1\n|turn|4\n|\n|t:|1681951760\n|move|p1a: Nemo|Protect|p1a: Nemo\n|-singleturn|p1a: Nemo|Protect\n|move|p2a: Huggies|Extreme Speed|p1a: Nemo\n|-activate|p1a: Nemo|move: Protect\n|move|p2b: Can't think of 1|Hex|p1b: La Gamba\n|-damage|p1b: La Gamba|56\/100\n|move|p1b: La Gamba|Icy Wind|p2a: Huggies|[spread] p2a,p2b\n|-supereffective|p2a: Huggies\n|-damage|p2a: Huggies|46\/100\n|-damage|p2b: Can't think of 1|13\/100 brn\n|-unboost|p2a: Huggies|spe|1\n|-unboost|p2b: Can't think of 1|spe|1\n|\n|-damage|p2b: Can't think of 1|7\/100 brn|[from] brn\n|upkeep\n|turn|5\n|inactive|Chest has 30 seconds left.\n|\n|t:|1681951787\n|switch|p1a: Superlelo|Annihilape, L50, F|100\/100\n|move|p2a: Huggies|Extreme Speed|p1a: Superlelo\n|-immune|p1a: Superlelo\n|move|p2b: Can't think of 1|Hex|p1b: La Gamba\n|-damage|p1b: La Gamba|17\/100\n|-enditem|p1b: La Gamba|Aguav Berry|[eat]\n|-heal|p1b: La Gamba|50\/100|[from] item: Aguav Berry\n|move|p1b: La Gamba|Icy Wind|p2a: Huggies|[spread] p2a,p2b\n|-supereffective|p2a: Huggies\n|-damage|p2a: Huggies|20\/100\n|-damage|p2b: Can't think of 1|0 fnt\n|-unboost|p2a: Huggies|spe|1\n|faint|p2b: Can't think of 1\n|-end|p2b: Can't think of 1|Protosynthesis|[silent]\n|\n|upkeep\n|turn|6\n|c|\u2606mysafewordisharder|gg wp\n|-message|mysafewordisharder forfeited.\n|\n|win|Chest\n|raw|Chest's rating: 1252 → 1278<\/strong> (+26 for winning)\n|raw|mysafewordisharder's rating: 1269 → 1243<\/strong> (-26 for losing)\n|l|\u2606Chest\n","uploadtime":1681951811,"views":7,"p1id":"chest","p2id":"mysafewordisharder","formatid":"gen9vgc2023regulationc","rating":1243,"private":0,"password":""}