{"id":"gen9vgc2023regulationc-1850271696","p1":"Piccolo Ruiz","p2":"Artic1e 13","format":"[Gen 9] VGC 2023 Regulation C","log":"|j|\u2606Piccolo Ruiz\n|j|\u2606Artic1e 13\n|t:|1682308881\n|gametype|doubles\n|player|p1|Piccolo Ruiz|valerie|1368\n|player|p2|Artic1e 13|steven|1364\n|teamsize|p1|6\n|teamsize|p2|6\n|gen|9\n|tier|[Gen 9] VGC 2023 Regulation C\n|rated|\n|rule|Species Clause: Limit one of each Pok\u00e9mon\n|rule|Item Clause: Limit one of each item\n|clearpoke\n|poke|p1|Flutter Mane, L50|\n|poke|p1|Amoonguss, L50, F|\n|poke|p1|Gyarados, L50, F|\n|poke|p1|Arcanine, L50, F|\n|poke|p1|Ting-Lu, L50|\n|poke|p1|Baxcalibur, L50, F|\n|poke|p2|Pelipper, L50, F|\n|poke|p2|Palafin, L50, M|\n|poke|p2|Gholdengo, L50|\n|poke|p2|Meowscarada, L50, F|\n|poke|p2|Amoonguss, L50, F|\n|poke|p2|Kilowattrel, L50, F|\n|teampreview|4\n|inactive|Battle timer is ON: inactive players will automatically lose when time's up. (requested by Artic1e 13)\n|\n|t:|1682308904\n|start\n|switch|p1a: Katya|Baxcalibur, L50, F, shiny|100\/100\n|switch|p1b: Ting-Lu|Ting-Lu, L50|100\/100\n|switch|p2a: Pelipper|Pelipper, L50, F|100\/100\n|switch|p2b: Palafin|Palafin, L50, M|100\/100\n|-weather|RainDance|[from] ability: Drizzle|[of] p2a: Pelipper\n|-ability|p1b: Ting-Lu|Vessel of Ruin\n|turn|1\n|\n|t:|1682308921\n|switch|p1b: Amoonguss|Amoonguss, L50, F, shiny|100\/100\n|move|p2b: Palafin|Close Combat|p1a: Katya\n|-supereffective|p1a: Katya\n|-damage|p1a: Katya|18\/100\n|-unboost|p2b: Palafin|def|1\n|-unboost|p2b: Palafin|spd|1\n|move|p1a: Katya|Glaive Rush|p2b: Palafin\n|-damage|p2b: Palafin|0 fnt\n|-singlemove|p1a: Katya|Glaive Rush|[silent]\n|faint|p2b: Palafin\n|move|p2a: Pelipper|Tailwind|p2a: Pelipper\n|-sidestart|p2: Artic1e 13|move: Tailwind\n|\n|-weather|RainDance|[upkeep]\n|upkeep\n|\n|t:|1682308941\n|switch|p2b: Kilowattrel|Kilowattrel, L50, F|100\/100\n|turn|2\n|\n|t:|1682308961\n|-terastallize|p2a: Pelipper|Ground\n|move|p1b: Amoonguss|Protect|p1b: Amoonguss\n|-singleturn|p1b: Amoonguss|Protect\n|move|p1a: Katya|Ice Shard|p2b: Kilowattrel\n|-supereffective|p2b: Kilowattrel\n|-damage|p2b: Kilowattrel|14\/100\n|move|p2b: Kilowattrel|Discharge|p1b: Amoonguss|[spread] p1a\n|-activate|p1b: Amoonguss|move: Protect\n|-immune|p2a: Pelipper\n|-resisted|p1a: Katya\n|-damage|p1a: Katya|2\/100\n|-damage|p2b: Kilowattrel|5\/100|[from] item: Life Orb\n|move|p2a: Pelipper|Hurricane|p1b: Amoonguss\n|-activate|p1b: Amoonguss|move: Protect\n|\n|-weather|RainDance|[upkeep]\n|upkeep\n|turn|3\n|\n|t:|1682308983\n|-terastallize|p1b: Amoonguss|Water\n|move|p2b: Kilowattrel|Protect|p2b: Kilowattrel\n|-singleturn|p2b: Kilowattrel|Protect\n|move|p1a: Katya|Ice Shard|p2b: Kilowattrel\n|-activate|p2b: Kilowattrel|move: Protect\n|move|p2a: Pelipper|Chilling Water|p1a: Katya\n|-resisted|p1a: Katya\n|-damage|p1a: Katya|0 fnt\n|faint|p1a: Katya\n|move|p1b: Amoonguss|Spore|p2a: Pelipper\n|-status|p2a: Pelipper|slp|[from] move: Spore\n|\n|-weather|RainDance|[upkeep]\n|upkeep\n|\n|t:|1682308995\n|switch|p1a: Sasha Colby|Flutter Mane, L50|100\/100\n|-enditem|p1a: Sasha Colby|Booster Energy\n|-activate|p1a: Sasha Colby|ability: Protosynthesis|[fromitem]\n|-start|p1a: Sasha Colby|protosynthesisspa\n|turn|4\n|\n|t:|1682309012\n|move|p1a: Sasha Colby|Protect|p1a: Sasha Colby\n|-singleturn|p1a: Sasha Colby|Protect\n|move|p1b: Amoonguss|Protect|p1b: Amoonguss\n|-singleturn|p1b: Amoonguss|Protect\n|move|p2b: Kilowattrel|Discharge|p1b: Amoonguss|[spread] \n|-activate|p1a: Sasha Colby|move: Protect\n|-activate|p1b: Amoonguss|move: Protect\n|-immune|p2a: Pelipper\n|cant|p2a: Pelipper|slp\n|\n|-weather|RainDance|[upkeep]\n|-sideend|p2: Artic1e 13|move: Tailwind\n|upkeep\n|turn|5\n|\n|t:|1682309031\n|move|p2b: Kilowattrel|Protect|p2b: Kilowattrel\n|-singleturn|p2b: Kilowattrel|Protect\n|move|p1a: Sasha Colby|Dazzling Gleam|p2b: Kilowattrel|[spread] p2a\n|-activate|p2b: Kilowattrel|move: Protect\n|-damage|p2a: Pelipper|40\/100 slp\n|-curestatus|p2a: Pelipper|slp|[msg]\n|move|p2a: Pelipper|Tailwind|p2a: Pelipper\n|-sidestart|p2: Artic1e 13|move: Tailwind\n|move|p1b: Amoonguss|Spore|p2a: Pelipper\n|-status|p2a: Pelipper|slp|[from] move: Spore\n|\n|-weather|RainDance|[upkeep]\n|upkeep\n|turn|6\n|\n|t:|1682309054\n|switch|p1b: Ting-Lu|Ting-Lu, L50|100\/100\n|-ability|p1b: Ting-Lu|Vessel of Ruin\n|move|p1a: Sasha Colby|Protect|p1a: Sasha Colby\n|-singleturn|p1a: Sasha Colby|Protect\n|cant|p2a: Pelipper|slp\n|move|p2b: Kilowattrel|Discharge|p1b: Ting-Lu|[spread] \n|-activate|p1a: Sasha Colby|move: Protect\n|-immune|p2a: Pelipper\n|-immune|p1b: Ting-Lu\n|\n|-weather|RainDance|[upkeep]\n|upkeep\n|turn|7\n|\n|t:|1682309074\n|move|p2b: Kilowattrel|Thunder|p1a: Sasha Colby\n|-damage|p1a: Sasha Colby|62\/100\n|-status|p1a: Sasha Colby|par\n|-damage|p2b: Kilowattrel|0 fnt|[from] item: Life Orb\n|faint|p2b: Kilowattrel\n|cant|p2a: Pelipper|slp\n|cant|p1a: Sasha Colby|par\n|move|p1b: Ting-Lu|Heavy Slam|p2a: Pelipper\n|-damage|p2a: Pelipper|0 fnt\n|faint|p2a: Pelipper\n|\n|-weather|RainDance|[upkeep]\n|upkeep\n|\n|t:|1682309087\n|switch|p2b: Gholdengo|Gholdengo, L50|100\/100\n|turn|8\n|\n|t:|1682309095\n|-end|p1a: Sasha Colby|Protosynthesis|[silent]\n|switch|p1a: Amoonguss|Amoonguss, L50, F, shiny, tera:Water|100\/100\n|move|p2b: Gholdengo|Make It Rain|p1a: Amoonguss|[spread] p1a,p1b\n|-resisted|p1a: Amoonguss\n|-damage|p1a: Amoonguss|76\/100\n|-damage|p1b: Ting-Lu|73\/100\n|-unboost|p2b: Gholdengo|spa|1\n|move|p1b: Ting-Lu|Fissure|p2b: Gholdengo\n|-damage|p2b: Gholdengo|0 fnt\n|faint|p2b: Gholdengo\n|-ohko\n|\n|win|Piccolo Ruiz\n|raw|Piccolo Ruiz's rating: 1368 → 1388<\/strong> (+20 for winning)\n|raw|Artic1e 13's rating: 1364 → 1344<\/strong> (-20 for losing)\n|c|\u2606Artic1e 13|wow\n|l|\u2606Artic1e 13\n|c|\u2606Piccolo Ruiz|g\n","uploadtime":1682309111,"views":27,"p1id":"piccoloruiz","p2id":"artic1e13","formatid":"gen9vgc2023regulationc","rating":1344,"private":0,"password":""}