{"id":"gen9vgc2023regulationc-1859573386","p1":"Rotom Supporter","p2":"VGCsavant","format":"[Gen 9] VGC 2023 Regulation C","log":"|j|\u2606Rotom Supporter\n|j|\u2606VGCsavant\n|t:|1683543763\n|gametype|doubles\n|player|p1|Rotom Supporter|170|1299\n|player|p2|VGCsavant|shauntal|1255\n|teamsize|p1|6\n|teamsize|p2|6\n|gen|9\n|tier|[Gen 9] VGC 2023 Regulation C\n|rated|\n|rule|Species Clause: Limit one of each Pok\u00e9mon\n|rule|Item Clause: Limit one of each item\n|clearpoke\n|poke|p1|Gholdengo, L50|\n|poke|p1|Maushold-Four, L50|\n|poke|p1|Annihilape, L50, M|\n|poke|p1|Iron Bundle, L50|\n|poke|p1|Arcanine, L50, M|\n|poke|p1|Roaring Moon, L50|\n|poke|p2|Dragonite, L50, F|\n|poke|p2|Maushold-Four, L50|\n|poke|p2|Talonflame, L50, F|\n|poke|p2|Rotom-Wash, L50|\n|poke|p2|Chien-Pao, L50|\n|poke|p2|Annihilape, L50, F|\n|teampreview|4\n|inactive|Battle timer is ON: inactive players will automatically lose when time's up. (requested by VGCsavant)\nRotom Supporter has agreed to open team sheets.\nVGCsavant has agreed to open team sheets.\n|inactive|Rotom Supporter has 60 seconds left.\n|inactive|VGCsavant has 60 seconds left.\n|inactive|Rotom Supporter has 30 seconds left.\n|c|\u2606VGCsavant|Glhf\n|inactive|Rotom Supporter has 20 seconds left.\n|inactive|Rotom Supporter has 15 seconds left.\n|inactive|Rotom Supporter has 10 seconds left.\n|\n|t:|1683543845\n|start\n|switch|p1a: Iron Bundle|Iron Bundle, L50|100\/100\n|switch|p1b: Annihilape|Annihilape, L50, M|100\/100\n|switch|p2a: Rotom|Rotom-Wash, L50|100\/100\n|switch|p2b: Talonflame|Talonflame, L50, F|100\/100\n|turn|1\n|inactive|VGCsavant has 30 seconds left.\n|c|\u2606Rotom Supporter|glhf\n|\n|t:|1683543879\n|switch|p1b: Gholdengo|Gholdengo, L50|100\/100\n|move|p2b: Talonflame|Tailwind|p2b: Talonflame\n|-sidestart|p2: VGCsavant|move: Tailwind\n|move|p2a: Rotom|Volt Switch|p1a: Iron Bundle\n|-supereffective|p1a: Iron Bundle\n|-damage|p1a: Iron Bundle|0 fnt\n|faint|p1a: Iron Bundle\n|-end|p1a: Iron Bundle|Quark Drive|[silent]\n|\n|t:|1683543889\n|switch|p2a: Annihilape|Annihilape, L50, F|100\/100|[from] Volt Switch\n|\n|upkeep\n|\n|t:|1683543893\n|switch|p1a: Maushold|Maushold-Four, L50|100\/100\n|turn|2\n|inactive|Rotom Supporter has 30 seconds left.\n|inactive|VGCsavant has 30 seconds left.\n|\n|t:|1683543927\n|move|p1a: Maushold|Follow Me|p1a: Maushold\n|-singleturn|p1a: Maushold|move: Follow Me\n|move|p2b: Talonflame|Flare Blitz|p1a: Maushold\n|-damage|p1a: Maushold|45\/100\n|-damage|p2b: Talonflame|79\/100|[from] Recoil\n|move|p2a: Annihilape|Drain Punch|p1a: Maushold\n|-supereffective|p1a: Maushold\n|-damage|p1a: Maushold|0 fnt\n|faint|p1a: Maushold\n|move|p1b: Gholdengo|Nasty Plot|p1b: Gholdengo\n|-boost|p1b: Gholdengo|spa|2\n|\n|upkeep\n|\n|t:|1683543935\n|switch|p1a: Annihilape|Annihilape, L50, M|100\/100\n|turn|3\n|inactive|Rotom Supporter has 30 seconds left.\n|inactive|VGCsavant has 30 seconds left.\n|\n|t:|1683543962\n|-terastallize|p2a: Annihilape|Fire\n|-terastallize|p1b: Gholdengo|Water\n|move|p2b: Talonflame|Flare Blitz|p2a: Annihilape\n|-resisted|p2a: Annihilape\n|-damage|p2a: Annihilape|79\/100\n|-damage|p2b: Talonflame|68\/100|[from] Recoil\n|move|p2a: Annihilape|Rage Fist|p1b: Gholdengo\n|-damage|p1b: Gholdengo|39\/100\n|move|p1b: Gholdengo|Shadow Ball|p2a: Annihilape\n|-damage|p2a: Annihilape|1\/100\n|move|p1a: Annihilape|Bulk Up|p1a: Annihilape\n|-boost|p1a: Annihilape|atk|1\n|-boost|p1a: Annihilape|def|1\n|\n|-heal|p2a: Annihilape|7\/100|[from] item: Leftovers\n|-heal|p1b: Gholdengo|45\/100|[from] item: Leftovers\n|upkeep\n|turn|4\n|inactive|Rotom Supporter has 30 seconds left.\n|inactive|VGCsavant has 30 seconds left.\n|inactive|Rotom Supporter has 20 seconds left.\n|inactive|Rotom Supporter has 15 seconds left.\n|\n|t:|1683544004\n|move|p1b: Gholdengo|Protect|p1b: Gholdengo\n|-singleturn|p1b: Gholdengo|Protect\n|move|p2b: Talonflame|Brave Bird|p1a: Annihilape\n|-supereffective|p1a: Annihilape\n|-damage|p1a: Annihilape|46\/100\n|-enditem|p1a: Annihilape|Sitrus Berry|[eat]\n|-heal|p1a: Annihilape|71\/100|[from] item: Sitrus Berry\n|-damage|p2b: Talonflame|44\/100|[from] Recoil\n|move|p2a: Annihilape|Rage Fist|p1a: Annihilape\n|-supereffective|p1a: Annihilape\n|-damage|p1a: Annihilape|0 fnt\n|faint|p1a: Annihilape\n|\n|-heal|p2a: Annihilape|13\/100|[from] item: Leftovers\n|-heal|p1b: Gholdengo|51\/100|[from] item: Leftovers\n|-sideend|p2: VGCsavant|move: Tailwind\n|upkeep\n|turn|5\n|c|\u2606VGCsavant|Gg\n|\n|t:|1683544022\n|move|p2b: Talonflame|Tailwind|p2b: Talonflame\n|-sidestart|p2: VGCsavant|move: Tailwind\n|move|p2a: Annihilape|Rage Fist|p1b: Gholdengo\n|-damage|p1b: Gholdengo|0 fnt\n|faint|p1b: Gholdengo\n|\n|win|VGCsavant\n|raw|Rotom Supporter's rating: 1299 → 1271<\/strong> (-28 for losing)\n|raw|VGCsavant's rating: 1255 → 1283<\/strong> (+28 for winning)\n|l|\u2606Rotom Supporter\n","uploadtime":1683544042,"views":5,"p1id":"rotomsupporter","p2id":"vgcsavant","formatid":"gen9vgc2023regulationc","rating":1271,"private":0,"password":""}