{"id":"gen9vgc2023regulationc-1860820206","p1":"VillagerZz","p2":"Veretoin","format":"[Gen 9] VGC 2023 Regulation C","log":"|j|\u2606VillagerZz\n|j|\u2606Veretoin\n|t:|1683681849\n|gametype|doubles\n|player|p1|VillagerZz|170|1097\n|player|p2|Veretoin|266|1058\n|teamsize|p1|6\n|teamsize|p2|6\n|gen|9\n|tier|[Gen 9] VGC 2023 Regulation C\n|rated|\n|rule|Species Clause: Limit one of each Pok\u00e9mon\n|rule|Item Clause: Limit one of each item\n|clearpoke\n|poke|p1|Scream Tail, L50|\n|poke|p1|Iron Bundle, L50|\n|poke|p1|Talonflame, L50, F|\n|poke|p1|Kilowattrel, L50, M|\n|poke|p1|Meowscarada, L50, F|\n|poke|p1|Umbreon, L50, M|\n|poke|p2|Breloom, L50, F|\n|poke|p2|Corviknight, L50, M|\n|poke|p2|Grimmsnarl, L50, M|\n|poke|p2|Quaquaval, L50, M|\n|poke|p2|Arcanine, L50, M|\n|poke|p2|Ting-Lu, L50|\n|teampreview|4\n|\n|t:|1683681893\n|start\n|switch|p1a: Iron Bundle|Iron Bundle, L50, shiny|100\/100\n|switch|p1b: Scream Tail|Scream Tail, L50, shiny|100\/100\n|switch|p2a: Breloom|Breloom, L50, F|100\/100\n|switch|p2b: Arcanine|Arcanine, L50, M|100\/100\n|-ability|p2b: Arcanine|Intimidate|boost\n|-unboost|p1a: Iron Bundle|atk|1\n|-unboost|p1b: Scream Tail|atk|1\n|-enditem|p1a: Iron Bundle|Booster Energy\n|-activate|p1a: Iron Bundle|ability: Quark Drive|[fromitem]\n|-start|p1a: Iron Bundle|quarkdrivespa\n|turn|1\n|\n|t:|1683681931\n|move|p1a: Iron Bundle|Protect|p1a: Iron Bundle\n|-singleturn|p1a: Iron Bundle|Protect\n|move|p1b: Scream Tail|Protect|p1b: Scream Tail\n|-singleturn|p1b: Scream Tail|Protect\n|move|p2b: Arcanine|Extreme Speed|p1a: Iron Bundle\n|-activate|p1a: Iron Bundle|move: Protect\n|move|p2a: Breloom|Mach Punch|p1a: Iron Bundle\n|-activate|p1a: Iron Bundle|move: Protect\n|\n|upkeep\n|turn|2\n|\n|t:|1683681956\n|switch|p2b: Ting-Lu|Ting-Lu, L50|100\/100\n|-ability|p2b: Ting-Lu|Vessel of Ruin\n|move|p1a: Iron Bundle|Encore|p2a: Breloom\n|-start|p2a: Breloom|Encore\n|move|p1b: Scream Tail|Disable|p2a: Breloom\n|-start|p2a: Breloom|Disable|Mach Punch\n|cant|p2a: Breloom|Disable|Mach Punch\n|\n|upkeep\n|turn|3\n|\n|t:|1683681982\n|switch|p2a: Arcanine|Arcanine, L50, M|100\/100\n|-ability|p2a: Arcanine|Intimidate|boost\n|-unboost|p1a: Iron Bundle|atk|1\n|-unboost|p1b: Scream Tail|atk|1\n|move|p1a: Iron Bundle|Freeze-Dry|p2b: Ting-Lu\n|-supereffective|p2b: Ting-Lu\n|-damage|p2b: Ting-Lu|67\/100\n|move|p1b: Scream Tail|Wish|p1b: Scream Tail\n|move|p2b: Ting-Lu|Stone Edge|p1a: Iron Bundle|[miss]\n|-miss|p2b: Ting-Lu|p1a: Iron Bundle\n|\n|upkeep\n|turn|4\n|\n|t:|1683682011\n|move|p1a: Iron Bundle|Encore|p2b: Ting-Lu\n|-start|p2b: Ting-Lu|Encore\n|move|p1b: Scream Tail|Disable|p2b: Ting-Lu\n|-start|p2b: Ting-Lu|Disable|Stone Edge\n|move|p2a: Arcanine|Flare Blitz|p1a: Iron Bundle\n|-damage|p1a: Iron Bundle|23\/100\n|-damage|p2a: Arcanine|83\/100|[from] Recoil\n|cant|p2b: Ting-Lu|Disable|Stone Edge\n|\n|upkeep\n|turn|5\n|\n|t:|1683682030\n|-end|p1a: Iron Bundle|Quark Drive|[silent]\n|switch|p1a: Meowscarada|Meowscarada, L50, F, shiny|100\/100\n|switch|p2b: Corviknight|Corviknight, L50, M|100\/100\n|-ability|p2b: Corviknight|Unnerve\n|move|p2a: Arcanine|Extreme Speed|p1a: Meowscarada\n|-damage|p1a: Meowscarada|57\/100\n|move|p1b: Scream Tail|Disable|p2a: Arcanine\n|-start|p2a: Arcanine|Disable|Extreme Speed\n|\n|upkeep\n|turn|6\n|\n|t:|1683682059\n|move|p1a: Meowscarada|Thunder Punch|p2b: Corviknight\n|-start|p1a: Meowscarada|typechange|Electric|[from] ability: Protean\n|-supereffective|p2b: Corviknight\n|-damage|p2b: Corviknight|22\/100\n|-damage|p1a: Meowscarada|40\/100|[from] item: Rocky Helmet|[of] p2b: Corviknight\n|-damage|p1a: Meowscarada|30\/100|[from] item: Life Orb\n|move|p1b: Scream Tail|Encore|p2a: Arcanine\n|-start|p2a: Arcanine|Encore\n|cant|p2a: Arcanine|Disable|Extreme Speed\n|move|p2b: Corviknight|Bulk Up|p2b: Corviknight\n|-boost|p2b: Corviknight|atk|1\n|-boost|p2b: Corviknight|def|1\n|\n|upkeep\n|turn|7\n|\n|t:|1683682096\n|switch|p2a: Breloom|Breloom, L50, F|100\/100\n|switch|p2b: Ting-Lu|Ting-Lu, L50|67\/100\n|-ability|p2b: Ting-Lu|Vessel of Ruin\n|move|p1a: Meowscarada|Thunder Punch|p2b: Ting-Lu\n|-immune|p2b: Ting-Lu\n|move|p1b: Scream Tail|Encore||[still]\n|-fail|p1b: Scream Tail\n|\n|upkeep\n|turn|8\n|\n|t:|1683682117\n|move|p1a: Meowscarada|Protect|p1a: Meowscarada\n|-singleturn|p1a: Meowscarada|Protect\n|move|p1b: Scream Tail|Protect|p1b: Scream Tail\n|-singleturn|p1b: Scream Tail|Protect\n|move|p2a: Breloom|Leech Seed|p1b: Scream Tail\n|-activate|p1b: Scream Tail|move: Protect\n|move|p2b: Ting-Lu|Stomping Tantrum|p1a: Meowscarada\n|-activate|p1a: Meowscarada|move: Protect\n|\n|upkeep\n|turn|9\n|\n|t:|1683682159\n|move|p1a: Meowscarada|Flower Trick|p2b: Ting-Lu\n|-supereffective|p2b: Ting-Lu\n|-crit|p2b: Ting-Lu\n|-damage|p2b: Ting-Lu|17\/100\n|-damage|p1a: Meowscarada|20\/100|[from] item: Life Orb\n|move|p1b: Scream Tail|Encore|p2a: Breloom\n|-start|p2a: Breloom|Encore\n|move|p2a: Breloom|Leech Seed|p1a: Meowscarada\n|-start|p1a: Meowscarada|move: Leech Seed\n|move|p2b: Ting-Lu|Stomping Tantrum|p1a: Meowscarada\n|-supereffective|p1a: Meowscarada\n|-damage|p1a: Meowscarada|0 fnt\n|faint|p1a: Meowscarada\n|\n|upkeep\n|\n|t:|1683682173\n|switch|p1a: Talonflame|Talonflame, L50, F, shiny|100\/100\n|turn|10\n|\n|t:|1683682193\n|move|p1a: Talonflame|Flare Blitz|p2b: Ting-Lu\n|-damage|p2b: Ting-Lu|0 fnt\n|faint|p2b: Ting-Lu\n|-damage|p1a: Talonflame|91\/100|[from] Recoil\n|move|p1b: Scream Tail|Wish|p1b: Scream Tail\n|move|p2a: Breloom|Leech Seed|p1b: Scream Tail\n|-start|p1b: Scream Tail|move: Leech Seed\n|\n|-damage|p1b: Scream Tail|88\/100|[from] Leech Seed|[of] p2a: Breloom\n|upkeep\n|\n|t:|1683682203\n|switch|p2b: Arcanine|Arcanine, L50, M|83\/100\n|-ability|p2b: Arcanine|Intimidate|boost\n|-unboost|p1a: Talonflame|atk|1\n|-unboost|p1b: Scream Tail|atk|1\n|turn|11\n|\n|t:|1683682227\n|-end|p1b: Scream Tail|Protosynthesis|[silent]\n|switch|p1b: Iron Bundle|Iron Bundle, L50, shiny|23\/100\n|move|p1a: Talonflame|Flare Blitz|p2a: Breloom\n|-supereffective|p2a: Breloom\n|-damage|p2a: Breloom|3\/100\n|-damage|p1a: Talonflame|63\/100|[from] Recoil\n|move|p2a: Breloom|Leech Seed|p1a: Talonflame\n|-start|p1a: Talonflame|move: Leech Seed\n|move|p2b: Arcanine|Flare Blitz|p1a: Talonflame\n|-resisted|p1a: Talonflame\n|-damage|p1a: Talonflame|19\/100\n|-damage|p2b: Arcanine|72\/100|[from] Recoil\n|\n|-heal|p1b: Iron Bundle|100\/100|[from] move: Wish|[wisher] Scream Tail\n|-damage|p1a: Talonflame|7\/100|[from] Leech Seed|[of] p2a: Breloom\n|-heal|p2a: Breloom|17\/100|[silent]\n|-end|p2a: Breloom|Encore\n|upkeep\n|turn|12\n|\n|t:|1683682270\n|move|p1b: Iron Bundle|Protect|p1b: Iron Bundle\n|-singleturn|p1b: Iron Bundle|Protect\n|move|p2a: Breloom|Mach Punch|p1a: Talonflame\n|-resisted|p1a: Talonflame\n|-damage|p1a: Talonflame|0 fnt\n|faint|p1a: Talonflame\n|move|p2b: Arcanine|Flare Blitz|p1b: Iron Bundle\n|-activate|p1b: Iron Bundle|move: Protect\n|\n|upkeep\n|\n|t:|1683682278\n|switch|p1a: Scream Tail|Scream Tail, L50, shiny|88\/100\n|turn|13\n|\n|t:|1683682309\n|move|p1b: Iron Bundle|Freeze-Dry|p2a: Breloom\n|-supereffective|p2a: Breloom\n|-damage|p2a: Breloom|0 fnt\n|faint|p2a: Breloom\n|move|p1a: Scream Tail|Disable|p2b: Arcanine\n|-start|p2b: Arcanine|Disable|Flare Blitz\n|cant|p2b: Arcanine|Disable|Flare Blitz\n|\n|upkeep\n|\n|t:|1683682316\n|switch|p2a: Corviknight|Corviknight, L50, M|22\/100\n|-ability|p2a: Corviknight|Unnerve\n|turn|14\n|\n|t:|1683682339\n|-terastallize|p1a: Scream Tail|Steel\n|move|p1b: Iron Bundle|Protect|p1b: Iron Bundle\n|-singleturn|p1b: Iron Bundle|Protect\n|move|p2b: Arcanine|Extreme Speed|p1b: Iron Bundle\n|-activate|p1b: Iron Bundle|move: Protect\n|move|p1a: Scream Tail|Encore|p2b: Arcanine\n|-start|p2b: Arcanine|Encore\n|move|p2a: Corviknight|Roost|p2a: Corviknight\n|-heal|p2a: Corviknight|72\/100\n|-singleturn|p2a: Corviknight|move: Roost\n|\n|upkeep\n|turn|15\n|\n|t:|1683682369\n|move|p2b: Arcanine|Extreme Speed|p1b: Iron Bundle\n|-damage|p1b: Iron Bundle|66\/100\n|move|p1b: Iron Bundle|Water Pulse|p2b: Arcanine\n|-supereffective|p2b: Arcanine\n|-damage|p2b: Arcanine|0 fnt\n|faint|p2b: Arcanine\n|move|p1a: Scream Tail|Encore|p2a: Corviknight\n|-start|p2a: Corviknight|Encore\n|move|p2a: Corviknight|Roost|p2a: Corviknight\n|-heal|p2a: Corviknight|100\/100\n|-singleturn|p2a: Corviknight|move: Roost\n|\n|upkeep\n|turn|16\n|\n|t:|1683682382\n|move|p1b: Iron Bundle|Freeze-Dry|p2a: Corviknight\n|-damage|p2a: Corviknight|65\/100\n|move|p1a: Scream Tail|Disable|p2a: Corviknight\n|-start|p2a: Corviknight|Disable|Roost\n|cant|p2a: Corviknight|Disable|Roost\n|\n|upkeep\n|turn|17\n|\n|t:|1683682391\n|move|p1b: Iron Bundle|Freeze-Dry|p2a: Corviknight\n|-damage|p2a: Corviknight|34\/100\n|move|p1a: Scream Tail|Wish|p1a: Scream Tail\n|-activate|p2a: Corviknight|move: Struggle\n|move|p2a: Corviknight|Struggle|p1a: Scream Tail\n|-damage|p1a: Scream Tail|78\/100\n|-damage|p2a: Corviknight|9\/100|[from] recoil\n|\n|-end|p2a: Corviknight|Encore\n|upkeep\n|turn|18\n|c|\u2606Veretoin|good synergy gg\n|c|\u2606VillagerZz|gg\n|-message|Veretoin forfeited.\n|\n|win|VillagerZz\n|raw|VillagerZz's rating: 1097 → 1120<\/strong> (+23 for winning)\n|raw|Veretoin's rating: 1058 → 1041<\/strong> (-17 for losing)\n|l|\u2606Veretoin\n","uploadtime":1683682420,"views":17,"p1id":"villagerzz","p2id":"veretoin","formatid":"gen9vgc2023regulationc","rating":1041,"private":0,"password":""}