{"id":"gen9vgc2023regulationc-1859458316","p1":"pupulovessixsheep","p2":"epsiloon03","format":"[Gen 9] VGC 2023 Regulation C","log":"|j|\u2606pupulovessixsheep\n|j|\u2606epsiloon03\n|t:|1683471165\n|gametype|doubles\n|player|p1|pupulovessixsheep|265|1183\n|player|p2|epsiloon03|102|1091\n|teamsize|p1|6\n|teamsize|p2|6\n|gen|9\n|tier|[Gen 9] VGC 2023 Regulation C\n|rated|\n|rule|Species Clause: Limit one of each Pok\u00e9mon\n|rule|Item Clause: Limit one of each item\n|clearpoke\n|poke|p1|Talonflame, L50, M|\n|poke|p1|Chi-Yu, L50|\n|poke|p1|Flutter Mane, L50|\n|poke|p1|Amoonguss, L50, M|\n|poke|p1|Tyranitar, L50, F|\n|poke|p1|Houndstone, L50, M|\n|poke|p2|Torkoal, L50, M|\n|poke|p2|Roaring Moon, L50|\n|poke|p2|Lilligant, L50, F|\n|poke|p2|Palafin, L50, M|\n|poke|p2|Arboliva, L50, F|\n|poke|p2|Murkrow, L50, M|\n|teampreview|4\nepsiloon03 has agreed to open team sheets.\n|inactive|Battle timer is ON: inactive players will automatically lose when time's up. (requested by epsiloon03)\n|\n|t:|1683471259\n|start\n|switch|p1a: Chi-Yu|Chi-Yu, L50|100\/100\n|switch|p1b: Amoonguss|Amoonguss, L50, M|100\/100\n|switch|p2a: Palafin|Palafin, L50, M|100\/100\n|switch|p2b: Torkoal|Torkoal, L50, M|100\/100\n|-ability|p1a: Chi-Yu|Beads of Ruin\n|-weather|SunnyDay|[from] ability: Drought|[of] p2b: Torkoal\n|turn|1\n|inactive|pupulovessixsheep has 30 seconds left.\n|inactive|epsiloon03 has 30 seconds left.\n|\n|t:|1683471292\n|move|p1a: Chi-Yu|Heat Wave|p2b: Torkoal|[spread] p2a,p2b\n|-resisted|p2a: Palafin\n|-resisted|p2b: Torkoal\n|-damage|p2a: Palafin|57\/100\n|-damage|p2b: Torkoal|39\/100\n|move|p2a: Palafin|Flip Turn|p1a: Chi-Yu\n|-supereffective|p1a: Chi-Yu\n|-damage|p1a: Chi-Yu|67\/100\n|\n|t:|1683471300\n|detailschange|p2a: Palafin|Palafin-Hero, L50, M\n|switch|p2a: Roaring Moon|Roaring Moon, L50|100\/100|[from] Flip Turn\n|-activate|p2a: Roaring Moon|ability: Protosynthesis\n|-start|p2a: Roaring Moon|protosynthesisatk\n|move|p1b: Amoonguss|Spore|p2a: Roaring Moon\n|-status|p2a: Roaring Moon|slp|[from] move: Spore\n|move|p2b: Torkoal|Overheat|p1b: Amoonguss\n|-supereffective|p1b: Amoonguss\n|-damage|p1b: Amoonguss|0 fnt\n|-unboost|p2b: Torkoal|spa|2\n|faint|p1b: Amoonguss\n|\n|-weather|SunnyDay|[upkeep]\n|upkeep\n|\n|t:|1683471316\n|switch|p1b: \u5c0f\u767d|Houndstone, L50, M, shiny|100\/100\n|turn|2\n|\n|t:|1683471330\n|switch|p2b: Palafin|Palafin-Hero, L50, M|57\/100\n|-activate|p2b: Palafin|ability: Zero to Hero\n|move|p1a: Chi-Yu|Heat Wave|p2b: Palafin|[spread] p2a,p2b\n|-resisted|p2a: Roaring Moon\n|-resisted|p2b: Palafin\n|-damage|p2a: Roaring Moon|58\/100 slp\n|-damage|p2b: Palafin|27\/100\n|cant|p2a: Roaring Moon|slp\n|move|p1b: \u5c0f\u767d|Last Respects|p2b: Palafin\n|-damage|p2b: Palafin|0 fnt\n|faint|p2b: Palafin\n|\n|-weather|SunnyDay|[upkeep]\n|upkeep\n|\n|t:|1683471334\n|switch|p2b: Lilligant|Lilligant, L50, F|100\/100\n|turn|3\n|\n|t:|1683471351\n|switch|p1b: Tyranitar|Tyranitar, L50, F, shiny|100\/100\n|-weather|Sandstorm|[from] ability: Sand Stream|[of] p1b: Tyranitar\n|-end|p2a: Roaring Moon|Protosynthesis\n|move|p1a: Chi-Yu|Heat Wave|p2a: Roaring Moon|[spread] p2a,p2b\n|-resisted|p2a: Roaring Moon\n|-supereffective|p2b: Lilligant\n|-damage|p2a: Roaring Moon|33\/100 slp\n|-damage|p2b: Lilligant|0 fnt\n|faint|p2b: Lilligant\n|cant|p2a: Roaring Moon|slp\n|\n|-weather|Sandstorm|[upkeep]\n|-damage|p1a: Chi-Yu|61\/100|[from] Sandstorm\n|-damage|p2a: Roaring Moon|27\/100 slp|[from] Sandstorm\n|upkeep\n|\n|t:|1683471357\n|switch|p2b: Torkoal|Torkoal, L50, M|39\/100\n|-weather|SunnyDay|[from] ability: Drought|[of] p2b: Torkoal\n|-activate|p2a: Roaring Moon|ability: Protosynthesis\n|-start|p2a: Roaring Moon|protosynthesisatk\n|turn|4\n|\n|t:|1683471373\n|move|p1a: Chi-Yu|Heat Wave|p2b: Torkoal|[spread] p2a\n|-miss|p1a: Chi-Yu|p2b: Torkoal\n|-resisted|p2a: Roaring Moon\n|-damage|p2a: Roaring Moon|0 fnt\n|faint|p2a: Roaring Moon\n|-end|p2a: Roaring Moon|Protosynthesis|[silent]\n|move|p1b: Tyranitar|Dragon Dance|p1b: Tyranitar\n|-boost|p1b: Tyranitar|atk|1\n|-boost|p1b: Tyranitar|spe|1\n|move|p2b: Torkoal|Solar Beam||[still]\n|-prepare|p2b: Torkoal|Solar Beam\n|-anim|p2b: Torkoal|Solar Beam|p1b: Tyranitar\n|-supereffective|p1b: Tyranitar\n|-damage|p1b: Tyranitar|12\/100\n|-enditem|p1b: Tyranitar|Weakness Policy\n|-boost|p1b: Tyranitar|atk|2|[from] item: Weakness Policy\n|-boost|p1b: Tyranitar|spa|2|[from] item: Weakness Policy\n|\n|-weather|SunnyDay|[upkeep]\n|upkeep\n|turn|5\n|\n|t:|1683471392\n|switch|p1a: \u5c0f\u767d|Houndstone, L50, M, shiny|100\/100\n|move|p1b: Tyranitar|Rock Slide|p2b: Torkoal\n|-supereffective|p2b: Torkoal\n|-damage|p2b: Torkoal|0 fnt\n|faint|p2b: Torkoal\n|\n|win|pupulovessixsheep\n|raw|pupulovessixsheep's rating: 1183 → 1202<\/strong> (+19 for winning)\n|raw|epsiloon03's rating: 1091 → 1073<\/strong> (-18 for losing)\n","uploadtime":1683471404,"views":9,"p1id":"pupulovessixsheep","p2id":"epsiloon03","formatid":"gen9vgc2023regulationc","rating":1073,"private":0,"password":""}