{"id":"gen9vgc2023regulationc-1845621344","p1":"UnitedMarshadow","p2":"Puppitar","format":"[Gen 9] VGC 2023 Regulation C","log":"|j|\u2606UnitedMarshadow\n|j|\u2606Puppitar\n|t:|1681750146\n|gametype|doubles\n|player|p1|UnitedMarshadow|102|1040\n|player|p2|Puppitar|cynthia|1040\n|teamsize|p1|6\n|teamsize|p2|6\n|gen|9\n|tier|[Gen 9] VGC 2023 Regulation C\n|rated|\n|rule|Species Clause: Limit one of each Pok\u00e9mon\n|rule|Item Clause: Limit one of each item\n|clearpoke\n|poke|p1|Gyarados, L50, M|\n|poke|p1|Ting-Lu, L50|\n|poke|p1|Ceruledge, L50, F|\n|poke|p1|Flutter Mane, L50|\n|poke|p1|Altaria, L50, F|\n|poke|p1|Brute Bonnet, L50|\n|poke|p2|Torkoal, L50, F|\n|poke|p2|Jumpluff, L50, M|\n|poke|p2|Flutter Mane, L50|\n|poke|p2|Great Tusk, L50|\n|poke|p2|Chien-Pao, L50|\n|poke|p2|Kingambit, L50, F|\n|teampreview|4\n|inactive|Battle timer is ON: inactive players will automatically lose when time's up. (requested by UnitedMarshadow)\nUnitedMarshadow rejected open team sheets.\n|\n|t:|1681750163\n|start\n|switch|p1a: Altaria|Altaria, L50, F, shiny|100\/100\n|switch|p1b: Gyarados|Gyarados, L50, M, shiny|100\/100\n|switch|p2a: Jumpluff|Jumpluff, L50, M, shiny|100\/100\n|switch|p2b: Chien-Pao|Chien-Pao, L50|100\/100\n|-ability|p2b: Chien-Pao|Sword of Ruin\n|-ability|p1b: Gyarados|Intimidate|boost\n|-unboost|p2a: Jumpluff|atk|1\n|-unboost|p2b: Chien-Pao|atk|1\n|-ability|p1a: Altaria|Cloud Nine\n|turn|1\n|\n|t:|1681750186\n|-terastallize|p2a: Jumpluff|Water\n|move|p2b: Chien-Pao|Protect|p2b: Chien-Pao\n|-singleturn|p2b: Chien-Pao|Protect\n|move|p1a: Altaria|Protect|p1a: Altaria\n|-singleturn|p1a: Altaria|Protect\n|move|p2a: Jumpluff|Tailwind|p2a: Jumpluff\n|-sidestart|p2: Puppitar|move: Tailwind\n|move|p1b: Gyarados|Thunder Wave|p2b: Chien-Pao\n|-activate|p2b: Chien-Pao|move: Protect\n|\n|upkeep\n|turn|2\n|\n|t:|1681750205\n|switch|p1a: Ceruledge|Ceruledge, L50, F|100\/100\n|move|p2b: Chien-Pao|Ice Spinner|p1a: Ceruledge\n|-resisted|p1a: Ceruledge\n|-damage|p1a: Ceruledge|81\/100\n|move|p2a: Jumpluff|Sleep Powder|p1b: Gyarados|[miss]\n|-miss|p2a: Jumpluff|p1b: Gyarados\n|move|p1b: Gyarados|Thunder Wave|p2b: Chien-Pao\n|-status|p2b: Chien-Pao|par\n|\n|upkeep\n|turn|3\n|inactive|Puppitar has 30 seconds left.\n|\n|t:|1681750231\n|switch|p2b: Torkoal|Torkoal, L50, F, shiny|100\/100\n|-weather|SunnyDay|[from] ability: Drought|[of] p2b: Torkoal\n|move|p2a: Jumpluff|Sleep Powder|p1a: Ceruledge\n|-status|p1a: Ceruledge|slp|[from] move: Sleep Powder\n|cant|p1a: Ceruledge|slp\n|move|p1b: Gyarados|Taunt|p2a: Jumpluff\n|-start|p2a: Jumpluff|move: Taunt\n|\n|-weather|SunnyDay|[upkeep]\n|upkeep\n|turn|4\n|\n|t:|1681750250\n|switch|p1a: Altaria|Altaria, L50, F, shiny|100\/100\n|-ability|p1a: Altaria|Cloud Nine\n|move|p1b: Gyarados|Protect|p1b: Gyarados\n|-singleturn|p1b: Gyarados|Protect\n|move|p2a: Jumpluff|Leaf Storm|p1a: Altaria\n|-resisted|p1a: Altaria\n|-damage|p1a: Altaria|94\/100\n|-unboost|p2a: Jumpluff|spa|2\n|move|p2b: Torkoal|Yawn|p1b: Gyarados\n|-activate|p1b: Gyarados|move: Protect\n|\n|-weather|SunnyDay|[upkeep]\n|-heal|p1a: Altaria|100\/100|[from] item: Leftovers\n|-sideend|p2: Puppitar|move: Tailwind\n|upkeep\n|turn|5\n|\n|t:|1681750269\n|switch|p2a: Flutter Mane|Flutter Mane, L50, shiny|100\/100\n|switch|p1a: Ceruledge|Ceruledge, L50, F|81\/100 slp\n|move|p2b: Torkoal|Protect|p2b: Torkoal\n|-singleturn|p2b: Torkoal|Protect\n|move|p1b: Gyarados|Thunder Wave|p2a: Flutter Mane\n|-status|p2a: Flutter Mane|par\n|\n|-weather|SunnyDay|[upkeep]\n|upkeep\n|turn|6\n|\n|t:|1681750289\n|switch|p1a: Altaria|Altaria, L50, F, shiny|100\/100\n|-ability|p1a: Altaria|Cloud Nine\n|switch|p1b: Ting-Lu|Ting-Lu, L50|100\/100\n|-ability|p1b: Ting-Lu|Vessel of Ruin\n|move|p2b: Torkoal|Helping Hand|p2a: Flutter Mane\n|-singleturn|p2a: Flutter Mane|Helping Hand|[of] p2b: Torkoal\n|move|p2a: Flutter Mane|Dazzling Gleam|p1b: Ting-Lu|[spread] p1a,p1b\n|-supereffective|p1a: Altaria\n|-supereffective|p1b: Ting-Lu\n|-damage|p1a: Altaria|7\/100\n|-damage|p1b: Ting-Lu|50\/100\n|\n|-weather|SunnyDay|[upkeep]\n|-heal|p1a: Altaria|13\/100|[from] item: Leftovers\n|upkeep\n|turn|7\n|\n|t:|1681750310\n|move|p2b: Torkoal|Protect|p2b: Torkoal\n|-singleturn|p2b: Torkoal|Protect\n|move|p1a: Altaria|Tailwind|p1a: Altaria\n|-sidestart|p1: UnitedMarshadow|move: Tailwind\n|move|p1b: Ting-Lu|Fissure|p2a: Flutter Mane|[miss]\n|-miss|p1b: Ting-Lu|p2a: Flutter Mane\n|move|p2a: Flutter Mane|Dazzling Gleam|p1a: Altaria|[spread] p1a,p1b\n|-supereffective|p1a: Altaria\n|-supereffective|p1b: Ting-Lu\n|-damage|p1a: Altaria|0 fnt\n|-damage|p1b: Ting-Lu|16\/100\n|faint|p1a: Altaria\n|\n|-weather|none\n|upkeep\n|\n|t:|1681750319\n|switch|p1a: Gyarados|Gyarados, L50, M, shiny|100\/100\n|-ability|p1a: Gyarados|Intimidate|boost\n|-unboost|p2a: Flutter Mane|atk|1\n|-unboost|p2b: Torkoal|atk|1\n|-enditem|p2b: Torkoal|Eject Pack\n|\n|t:|1681750330\n|switch|p2b: Jumpluff|Jumpluff, L50, M, shiny, tera:Water|100\/100\n|turn|8\n|\n|t:|1681750348\n|-end|p2a: Flutter Mane|Protosynthesis|[silent]\n|switch|p2a: Chien-Pao|Chien-Pao, L50|100\/100 par\n|-ability|p2a: Chien-Pao|Sword of Ruin\n|move|p1a: Gyarados|Taunt|p2b: Jumpluff\n|-start|p2b: Jumpluff|move: Taunt\n|cant|p2b: Jumpluff|move: Taunt|Tailwind\n|move|p1b: Ting-Lu|Fissure|p2a: Chien-Pao\n|-enditem|p2a: Chien-Pao|Focus Sash\n|-damage|p2a: Chien-Pao|1\/100 par\n|\n|upkeep\n|turn|9\n|inactive|Puppitar has 30 seconds left.\n|c|\u2606UnitedMarshadow|funny seeing ting lu outspeed mane lol\n|\n|t:|1681750379\n|switch|p2b: Flutter Mane|Flutter Mane, L50, shiny|100\/100 par\n|move|p2a: Chien-Pao|Sucker Punch|p1b: Ting-Lu\n|-resisted|p1b: Ting-Lu\n|-damage|p1b: Ting-Lu|5\/100\n|move|p1a: Gyarados|Waterfall|p2a: Chien-Pao\n|-damage|p2a: Chien-Pao|0 fnt\n|faint|p2a: Chien-Pao\n|move|p1b: Ting-Lu|Heavy Slam|p2b: Flutter Mane\n|-supereffective|p2b: Flutter Mane\n|-damage|p2b: Flutter Mane|0 fnt\n|faint|p2b: Flutter Mane\n|-end|p2b: Flutter Mane|Protosynthesis|[silent]\n|\n|upkeep\n|c|\u2606UnitedMarshadow|ik its tailwind and paralysis but it's still funny\n|\n|t:|1681750387\n|switch|p2a: Torkoal|Torkoal, L50, F, shiny|100\/100\n|switch|p2b: Jumpluff|Jumpluff, L50, M, shiny, tera:Water|100\/100\n|-weather|SunnyDay|[from] ability: Drought|[of] p2a: Torkoal\n|turn|10\n|\n|t:|1681750403\n|move|p2a: Torkoal|Protect|p2a: Torkoal\n|-singleturn|p2a: Torkoal|Protect\n|move|p2b: Jumpluff|Leaf Storm|p1a: Gyarados\n|-damage|p1a: Gyarados|83\/100\n|-unboost|p2b: Jumpluff|spa|2\n|move|p1a: Gyarados|Taunt|p2b: Jumpluff\n|-start|p2b: Jumpluff|move: Taunt\n|move|p1b: Ting-Lu|Fissure|p2a: Torkoal\n|-activate|p2a: Torkoal|move: Protect\n|\n|-weather|SunnyDay|[upkeep]\n|-sideend|p1: UnitedMarshadow|move: Tailwind\n|upkeep\n|turn|11\n|\n|t:|1681750422\n|switch|p1b: Ceruledge|Ceruledge, L50, F|81\/100 slp\n|move|p2b: Jumpluff|Leaf Storm|p1b: Ceruledge\n|-resisted|p1b: Ceruledge\n|-damage|p1b: Ceruledge|74\/100 slp\n|-unboost|p2b: Jumpluff|spa|2\n|move|p1a: Gyarados|Thunder Wave|p2a: Torkoal\n|-status|p2a: Torkoal|par\n|cant|p2a: Torkoal|par\n|\n|-weather|SunnyDay|[upkeep]\n|upkeep\n|turn|12\n|-message|Puppitar forfeited.\n|\n|win|UnitedMarshadow\n|raw|UnitedMarshadow's rating: 1040 → 1074<\/strong> (+34 for winning)\n|raw|Puppitar's rating: 1040 → 1024<\/strong> (-16 for losing)\n|l|\u2606Puppitar\n","uploadtime":1681750441,"views":5,"p1id":"unitedmarshadow","p2id":"puppitar","formatid":"gen9vgc2023regulationc","rating":1024,"private":0,"password":""}