{"id":"gen9vgc2023regulationc-1850024766","p1":"3GVGC","p2":"screamribbon","format":"[Gen 9] VGC 2023 Regulation C","log":"|j|\u26063GVGC\n|j|\u2606screamribbon\n|t:|1682279146\n|gametype|doubles\n|player|p1|3GVGC|n|1314\n|player|p2|screamribbon|idol|1291\n|teamsize|p1|6\n|teamsize|p2|6\n|gen|9\n|tier|[Gen 9] VGC 2023 Regulation C\n|rated|\n|rule|Species Clause: Limit one of each Pok\u00e9mon\n|rule|Item Clause: Limit one of each item\n|clearpoke\n|poke|p1|Gholdengo, L50|\n|poke|p1|Arcanine, L50, M|\n|poke|p1|Iron Bundle, L50|\n|poke|p1|Roaring Moon, L50|\n|poke|p1|Amoonguss, L50, M|\n|poke|p1|Iron Hands, L50|\n|poke|p2|Armarouge, L50, F|\n|poke|p2|Great Tusk, L50|\n|poke|p2|Talonflame, L50, M|\n|poke|p2|Indeedee-F, L50, F|\n|poke|p2|Gyarados, L50, F|\n|poke|p2|Flutter Mane, L50|\n|teampreview|4\n3GVGC has agreed to open team sheets.\nscreamribbon has agreed to open team sheets.\n|inactive|Battle timer is ON: inactive players will automatically lose when time's up. (requested by screamribbon)\n|inactive|3GVGC has 60 seconds left.\n|\n|t:|1682279220\n|start\n|switch|p1a: Roaring Moon|Roaring Moon, L50|100\/100\n|switch|p1b: Iron Bundle|Iron Bundle, L50|100\/100\n|switch|p2a: Gyarados|Gyarados, L50, F, shiny|100\/100\n|switch|p2b: Great Tusk|Great Tusk, L50|100\/100\n|-ability|p2a: Gyarados|Intimidate|boost\n|-unboost|p1a: Roaring Moon|atk|1\n|-unboost|p1b: Iron Bundle|atk|1\n|-enditem|p1a: Roaring Moon|Booster Energy\n|-activate|p1a: Roaring Moon|ability: Protosynthesis|[fromitem]\n|-start|p1a: Roaring Moon|protosynthesisspe\n|turn|1\n|inactive|3GVGC has 30 seconds left.\n|inactive|screamribbon has 30 seconds left.\n|inactive|screamribbon has 20 seconds left.\n|inactive|screamribbon has 15 seconds left.\n|inactive|screamribbon has 10 seconds left.\n|\n|t:|1682279267\n|-terastallize|p2b: Great Tusk|Rock\n|move|p1a: Roaring Moon|Tailwind|p1a: Roaring Moon\n|-sidestart|p1: 3GVGC|move: Tailwind\n|move|p1b: Iron Bundle|Hydro Pump|p2b: Great Tusk|[miss]\n|-miss|p1b: Iron Bundle|p2b: Great Tusk\n|move|p2b: Great Tusk|Rock Slide|p1b: Iron Bundle|[spread] p1a,p1b\n|-supereffective|p1b: Iron Bundle\n|-damage|p1a: Roaring Moon|61\/100\n|-damage|p1b: Iron Bundle|28\/100\n|move|p2a: Gyarados|Thunder Wave|p1b: Iron Bundle\n|-status|p1b: Iron Bundle|par\n|\n|upkeep\n|turn|2\n|\n|t:|1682279283\n|-end|p1a: Roaring Moon|Protosynthesis|[silent]\n|switch|p1a: Amoonguss|Amoonguss, L50, M|100\/100\n|-end|p2b: Great Tusk|Protosynthesis|[silent]\n|switch|p2b: Indeedee|Indeedee-F, L50, F|100\/100\n|-fieldstart|move: Psychic Terrain|[from] ability: Psychic Surge|[of] p2b: Indeedee\n|-enditem|p2a: Gyarados|Psychic Seed\n|-boost|p2a: Gyarados|spd|1|[from] item: Psychic Seed\n|move|p1b: Iron Bundle|Hydro Pump|p2b: Indeedee\n|-damage|p2b: Indeedee|52\/100\n|move|p2a: Gyarados|Thunder Wave|p1a: Amoonguss\n|-status|p1a: Amoonguss|par\n|\n|upkeep\n|turn|3\n|inactive|3GVGC has 30 seconds left.\n|\n|t:|1682279312\n|-end|p1b: Iron Bundle|Quark Drive|[silent]\n|switch|p1b: Arcanine|Arcanine, L50, M|100\/100\n|-ability|p1b: Arcanine|Intimidate|boost\n|-unboost|p2a: Gyarados|atk|1\n|-unboost|p2b: Indeedee|atk|1\n|move|p2a: Gyarados|Protect|p2a: Gyarados\n|-singleturn|p2a: Gyarados|Protect\n|move|p2b: Indeedee|Protect|p2b: Indeedee\n|-singleturn|p2b: Indeedee|Protect\n|move|p1a: Amoonguss|Spore|p2a: Gyarados\n|-activate|p2a: Gyarados|move: Protect\n|\n|upkeep\n|turn|4\n|inactive|3GVGC has 30 seconds left.\n|\n|t:|1682279337\n|switch|p1b: Iron Bundle|Iron Bundle, L50|28\/100 par\n|switch|p2b: Great Tusk|Great Tusk, L50, tera:Rock|100\/100\n|move|p2a: Gyarados|Taunt|p1a: Amoonguss\n|-start|p1a: Amoonguss|move: Taunt\n|cant|p1a: Amoonguss|move: Taunt|Spore\n|\n|-sideend|p1: 3GVGC|move: Tailwind\n|upkeep\n|turn|5\n|\n|t:|1682279357\n|move|p2b: Great Tusk|Earthquake|p1b: Iron Bundle|[spread] p1a,p1b\n|-immune|p2a: Gyarados\n|-damage|p1a: Amoonguss|61\/100 par\n|-damage|p1b: Iron Bundle|0 fnt\n|faint|p1b: Iron Bundle\n|-end|p1b: Iron Bundle|Quark Drive|[silent]\n|move|p2a: Gyarados|Waterfall|p1a: Amoonguss\n|-resisted|p1a: Amoonguss\n|-damage|p1a: Amoonguss|50\/100 par\n|-enditem|p1a: Amoonguss|Sitrus Berry|[eat]\n|-heal|p1a: Amoonguss|74\/100 par|[from] item: Sitrus Berry\n|cant|p1a: Amoonguss|flinch\n|\n|upkeep\n|\n|t:|1682279366\n|switch|p1b: Roaring Moon|Roaring Moon, L50|61\/100\n|turn|6\n|\n|t:|1682279384\n|-end|p2b: Great Tusk|Protosynthesis|[silent]\n|switch|p2b: Armarouge|Armarouge, L50, F|100\/100\n|move|p1b: Roaring Moon|Acrobatics|p2b: Armarouge\n|-damage|p2b: Armarouge|55\/100\n|-ability|p2b: Armarouge|Weak Armor|boost\n|-unboost|p2b: Armarouge|def|1\n|-boost|p2b: Armarouge|spe|2\n|move|p2a: Gyarados|Thunder Wave|p1b: Roaring Moon\n|-status|p1b: Roaring Moon|par\n|move|p1a: Amoonguss|Pollen Puff|p1b: Roaring Moon\n|-heal|p1b: Roaring Moon|100\/100 par\n|\n|-end|p1a: Amoonguss|move: Taunt\n|-fieldend|move: Psychic Terrain\n|upkeep\n|turn|7\n|-message|3GVGC forfeited.\n|\n|win|screamribbon\n|raw|3GVGC's rating: 1314 → 1293<\/strong> (-21 for losing)\n|raw|screamribbon's rating: 1291 → 1318<\/strong> (+27 for winning)\n|l|\u26063GVGC\n","uploadtime":1682279405,"views":11,"p1id":"3gvgc","p2id":"screamribbon","formatid":"gen9vgc2023regulationc","rating":1293,"private":0,"password":""}