{"id":"gen9vgc2023regulationc-1846613629","p1":"Dunnakhiin","p2":"Taca y Taca","format":"[Gen 9] VGC 2023 Regulation C","log":"|j|\u2606Dunnakhiin\n|j|\u2606Taca y Taca\n|t:|1681857356\n|gametype|doubles\n|player|p1|Dunnakhiin|1|1156\n|player|p2|Taca y Taca|lucas-gen4pt|1195\n|teamsize|p1|6\n|teamsize|p2|6\n|gen|9\n|tier|[Gen 9] VGC 2023 Regulation C\n|rated|\n|rule|Species Clause: Limit one of each Pok\u00e9mon\n|rule|Item Clause: Limit one of each item\n|clearpoke\n|poke|p1|Corviknight, L50, M|\n|poke|p1|Hydreigon, L50, F|\n|poke|p1|Coalossal, L50, M|\n|poke|p1|Brute Bonnet, L50|\n|poke|p1|Florges-White, L50, F|\n|poke|p1|Palafin, L50, F|\n|poke|p2|Flutter Mane, L50|\n|poke|p2|Palafin, L50, F|\n|poke|p2|Amoonguss, L50, F|\n|poke|p2|Arcanine, L50, M|\n|poke|p2|Dragonite, L50, M|\n|poke|p2|Chien-Pao, L50|\n|teampreview|4\n|inactive|Battle timer is ON: inactive players will automatically lose when time's up. (requested by Dunnakhiin)\n|\n|t:|1681857376\n|start\n|switch|p1a: Corviknight|Corviknight, L50, M|100\/100\n|switch|p1b: Hydreigon|Hydreigon, L50, F|100\/100\n|switch|p2a: Amoonguss|Amoonguss, L50, F|100\/100\n|switch|p2b: Dragonite|Dragonite, L50, M|100\/100\n|turn|1\n|inactive|Taca y Taca has 30 seconds left.\n|\n|t:|1681857408\n|switch|p2b: Arcanine|Arcanine, L50, M|100\/100\n|-ability|p2b: Arcanine|Intimidate|boost\n|-ability|p1a: Corviknight|Mirror Armor\n|-unboost|p2b: Arcanine|atk|1\n|-unboost|p1b: Hydreigon|atk|1\n|move|p1b: Hydreigon|Draco Meteor|p2b: Arcanine\n|-damage|p2b: Arcanine|41\/100\n|-unboost|p1b: Hydreigon|spa|2\n|move|p1a: Corviknight|Tailwind|p1a: Corviknight\n|-sidestart|p1: Dunnakhiin|move: Tailwind\n|move|p2a: Amoonguss|Spore|p1a: Corviknight\n|-status|p1a: Corviknight|slp|[from] move: Spore\n|\n|upkeep\n|turn|2\n|\n|t:|1681857433\n|switch|p1a: Coalossal|Coalossal, L50, M|100\/100\n|switch|p2a: Dragonite|Dragonite, L50, M|100\/100\n|move|p1b: Hydreigon|Protect|p1b: Hydreigon\n|-singleturn|p1b: Hydreigon|Protect\n|move|p2b: Arcanine|Howl|p2b: Arcanine|[spread] p2a,p2b\n|-boost|p2a: Dragonite|atk|1\n|-boost|p2b: Arcanine|atk|1\n|\n|upkeep\n|turn|3\n|\n|t:|1681857452\n|-terastallize|p1a: Coalossal|Grass\n|move|p2b: Arcanine|Extreme Speed|p1b: Hydreigon\n|-damage|p1b: Hydreigon|78\/100\n|move|p1b: Hydreigon|Draco Meteor|p2a: Dragonite\n|-supereffective|p2a: Dragonite\n|-damage|p2a: Dragonite|61\/100\n|-unboost|p1b: Hydreigon|spa|2\n|move|p2a: Dragonite|Earthquake|p1b: Hydreigon|[spread] p2b,p1a\n|-immune|p1b: Hydreigon|[from] ability: Levitate\n|-supereffective|p2b: Arcanine\n|-resisted|p1a: Coalossal\n|-damage|p2b: Arcanine|0 fnt\n|-damage|p1a: Coalossal|85\/100\n|faint|p2b: Arcanine\n|move|p1a: Coalossal|Power Gem|p2a: Dragonite\n|-supereffective|p2a: Dragonite\n|-damage|p2a: Dragonite|0 fnt\n|faint|p2a: Dragonite\n|\n|upkeep\n|\n|t:|1681857474\n|switch|p2b: Amoonguss|Amoonguss, L50, F|100\/100\n|switch|p2a: Cabe\u00e7a de Borracha|Flutter Mane, L50|100\/100\n|-enditem|p2a: Cabe\u00e7a de Borracha|Booster Energy\n|-activate|p2a: Cabe\u00e7a de Borracha|ability: Protosynthesis|[fromitem]\n|-start|p2a: Cabe\u00e7a de Borracha|protosynthesisspa\n|turn|4\n|\n|t:|1681857496\n|switch|p1b: Corviknight|Corviknight, L50, M|100\/100 slp\n|move|p2a: Cabe\u00e7a de Borracha|Moonblast|p1a: Coalossal\n|-damage|p1a: Coalossal|51\/100\n|move|p1a: Coalossal|Flamethrower|p2b: Amoonguss\n|-supereffective|p2b: Amoonguss\n|-damage|p2b: Amoonguss|37\/100\n|-enditem|p2b: Amoonguss|Sitrus Berry|[eat]\n|-heal|p2b: Amoonguss|62\/100|[from] item: Sitrus Berry\n|move|p2b: Amoonguss|Pollen Puff|p2a: Cabe\u00e7a de Borracha\n|-immune|p2a: Cabe\u00e7a de Borracha\n|\n|-sideend|p1: Dunnakhiin|move: Tailwind\n|upkeep\n|turn|5\n|\n|t:|1681857514\n|move|p2b: Amoonguss|Protect|p2b: Amoonguss\n|-singleturn|p2b: Amoonguss|Protect\n|move|p2a: Cabe\u00e7a de Borracha|Thunderbolt|p1b: Corviknight\n|-supereffective|p1b: Corviknight\n|-damage|p1b: Corviknight|50\/100 slp\n|cant|p1b: Corviknight|slp\n|move|p1a: Coalossal|Flamethrower|p2b: Amoonguss\n|-activate|p2b: Amoonguss|move: Protect\n|\n|upkeep\n|turn|6\n|\n|t:|1681857537\n|-terastallize|p2b: Amoonguss|Water\n|move|p2a: Cabe\u00e7a de Borracha|Moonblast|p1a: Coalossal\n|-damage|p1a: Coalossal|16\/100\n|-curestatus|p1b: Corviknight|slp|[msg]\n|move|p1b: Corviknight|Tailwind|p1b: Corviknight\n|-sidestart|p1: Dunnakhiin|move: Tailwind\n|move|p1a: Coalossal|Flamethrower|p2b: Amoonguss\n|-resisted|p2b: Amoonguss\n|-damage|p2b: Amoonguss|46\/100\n|move|p2b: Amoonguss|Pollen Puff|p2a: Cabe\u00e7a de Borracha\n|-immune|p2a: Cabe\u00e7a de Borracha\n|\n|upkeep\n|turn|7\n|\n|t:|1681857561\n|move|p2b: Amoonguss|Rage Powder|p2b: Amoonguss\n|-singleturn|p2b: Amoonguss|move: Rage Powder\n|move|p2a: Cabe\u00e7a de Borracha|Thunderbolt|p1b: Corviknight\n|-supereffective|p1b: Corviknight\n|-damage|p1b: Corviknight|0 fnt\n|faint|p1b: Corviknight\n|move|p1a: Coalossal|Tera Blast|p2b: Amoonguss\n|-supereffective|p2b: Amoonguss\n|-damage|p2b: Amoonguss|0 fnt\n|faint|p2b: Amoonguss\n|\n|upkeep\n|\n|t:|1681857565\n|switch|p1b: Hydreigon|Hydreigon, L50, F|78\/100\n|turn|8\n|\n|t:|1681857577\n|move|p2a: Cabe\u00e7a de Borracha|Protect|p2a: Cabe\u00e7a de Borracha\n|-singleturn|p2a: Cabe\u00e7a de Borracha|Protect\n|move|p1b: Hydreigon|Flash Cannon|p2a: Cabe\u00e7a de Borracha\n|-activate|p2a: Cabe\u00e7a de Borracha|move: Protect\n|move|p1a: Coalossal|Power Gem|p2a: Cabe\u00e7a de Borracha\n|-activate|p2a: Cabe\u00e7a de Borracha|move: Protect\n|\n|upkeep\n|turn|9\n|\n|t:|1681857583\n|move|p1b: Hydreigon|Flash Cannon|p2a: Cabe\u00e7a de Borracha\n|-supereffective|p2a: Cabe\u00e7a de Borracha\n|-damage|p2a: Cabe\u00e7a de Borracha|47\/100\n|move|p2a: Cabe\u00e7a de Borracha|Moonblast|p1b: Hydreigon\n|-supereffective|p1b: Hydreigon\n|-damage|p1b: Hydreigon|0 fnt\n|faint|p1b: Hydreigon\n|move|p1a: Coalossal|Power Gem|p2a: Cabe\u00e7a de Borracha\n|-damage|p2a: Cabe\u00e7a de Borracha|20\/100\n|\n|-sideend|p1: Dunnakhiin|move: Tailwind\n|upkeep\n|\n|t:|1681857587\n|switch|p1b: Florges|Florges-White, L50, F|100\/100\n|turn|10\n|\n|t:|1681857594\n|move|p2a: Cabe\u00e7a de Borracha|Shadow Ball|p1a: Coalossal\n|-damage|p1a: Coalossal|0 fnt\n|faint|p1a: Coalossal\n|move|p1b: Florges|Moonblast|p2a: Cabe\u00e7a de Borracha\n|-damage|p2a: Cabe\u00e7a de Borracha|0 fnt\n|faint|p2a: Cabe\u00e7a de Borracha\n|-end|p2a: Cabe\u00e7a de Borracha|Protosynthesis|[silent]\n|\n|win|Dunnakhiin\n|raw|Dunnakhiin's rating: 1156 → 1184<\/strong> (+28 for winning)\n|raw|Taca y Taca's rating: 1195 → 1167<\/strong> (-28 for losing)\n|l|\u2606Dunnakhiin\n","uploadtime":1681857604,"views":12,"p1id":"dunnakhiin","p2id":"tacaytaca","formatid":"gen9vgc2023regulationc","rating":1167,"private":0,"password":""}