{"id":"gen9vgc2023regulationc-1854697269","p1":"Slaymien66","p2":"Betty23333","format":"[Gen 9] VGC 2023 Regulation C","log":"|j|\u2606Slaymien66\n|j|\u2606Betty23333\n|t:|1682852347\n|gametype|doubles\n|player|p1|Slaymien66|1|1094\n|player|p2|Betty23333|lass-gen4dp|1024\n|teamsize|p1|6\n|teamsize|p2|6\n|gen|9\n|tier|[Gen 9] VGC 2023 Regulation C\n|rated|\n|rule|Species Clause: Limit one of each Pok\u00e9mon\n|rule|Item Clause: Limit one of each item\n|clearpoke\n|poke|p1|Wo-Chien, L50|\n|poke|p1|Sableye, L50, F|\n|poke|p1|Flutter Mane, L50|\n|poke|p1|Cyclizar, L50, F|\n|poke|p1|Abomasnow, L50, M|\n|poke|p1|Iron Bundle, L50|\n|poke|p2|Slowking, L50, F|\n|poke|p2|Glaceon, L50, M|\n|poke|p2|Amoonguss, L50, F|\n|poke|p2|Abomasnow, L50, M|\n|poke|p2|Mimikyu, L50, M|\n|poke|p2|Volcarona, L50, M|\n|teampreview|4\n|\n|t:|1682852463\n|start\n|switch|p1a: Iron Bundle|Iron Bundle, L50|100\/100\n|switch|p1b: Abomasnow|Abomasnow, L50, M|100\/100\n|switch|p2a: Glaceon|Glaceon, L50, M|100\/100\n|switch|p2b: Abomasnow|Abomasnow, L50, M|100\/100\n|-weather|Snow|[from] ability: Snow Warning|[of] p1b: Abomasnow\n|turn|1\n|\n|t:|1682852483\n|-terastallize|p2a: Glaceon|Ice\n|move|p1a: Iron Bundle|Blizzard|p2a: Glaceon|[spread] p2a,p2b\n|-resisted|p2a: Glaceon\n|-damage|p2a: Glaceon|81\/100\n|-damage|p2b: Abomasnow|65\/100\n|move|p1b: Abomasnow|Aurora Veil|p1b: Abomasnow\n|-sidestart|p1: Slaymien66|move: Aurora Veil\n|move|p2a: Glaceon|Freeze-Dry|p1a: Iron Bundle\n|-damage|p1a: Iron Bundle|61\/100\n|move|p2b: Abomasnow|Aurora Veil|p2b: Abomasnow\n|-sidestart|p2: Betty23333|move: Aurora Veil\n|\n|-weather|Snow|[upkeep]\n|-heal|p2a: Glaceon|87\/100|[from] ability: Ice Body\n|-heal|p2a: Glaceon|93\/100|[from] item: Leftovers\n|upkeep\n|turn|2\n|\n|t:|1682852518\n|move|p1a: Iron Bundle|Hydro Pump|p2a: Glaceon|[miss]\n|-miss|p1a: Iron Bundle|p2a: Glaceon\n|move|p1b: Abomasnow|Blizzard|p2a: Glaceon|[spread] p2a,p2b\n|-resisted|p2a: Glaceon\n|-damage|p2a: Glaceon|77\/100\n|-damage|p2b: Abomasnow|33\/100\n|-damage|p1b: Abomasnow|91\/100|[from] item: Life Orb\n|move|p2a: Glaceon|Freeze-Dry|p1a: Iron Bundle\n|-damage|p1a: Iron Bundle|22\/100\n|move|p2b: Abomasnow|Leech Seed|p1a: Iron Bundle\n|-start|p1a: Iron Bundle|move: Leech Seed\n|\n|-weather|Snow|[upkeep]\n|-heal|p2a: Glaceon|82\/100|[from] ability: Ice Body\n|-heal|p2a: Glaceon|88\/100|[from] item: Leftovers\n|-damage|p1a: Iron Bundle|10\/100|[from] Leech Seed|[of] p2b: Abomasnow\n|-heal|p2b: Abomasnow|42\/100|[silent]\n|upkeep\n|turn|3\n|\n|t:|1682852538\n|-end|p1a: Iron Bundle|Quark Drive|[silent]\n|switch|p1a: Sableye|Sableye, L50, F|100\/100\n|move|p1b: Abomasnow|Blizzard|p2b: Abomasnow|[spread] p2a,p2b\n|-resisted|p2a: Glaceon\n|-damage|p2a: Glaceon|72\/100\n|-damage|p2b: Abomasnow|10\/100\n|-damage|p1b: Abomasnow|81\/100|[from] item: Life Orb\n|move|p2a: Glaceon|Blizzard|p1b: Abomasnow|[spread] p1a,p1b\n|-damage|p1a: Sableye|37\/100\n|-damage|p1b: Abomasnow|31\/100\n|move|p2b: Abomasnow|Blizzard|p1b: Abomasnow|[spread] p1a,p1b\n|-damage|p1a: Sableye|9\/100\n|-damage|p1b: Abomasnow|10\/100\n|\n|-weather|Snow|[upkeep]\n|-heal|p2a: Glaceon|78\/100|[from] ability: Ice Body\n|-heal|p2a: Glaceon|84\/100|[from] item: Leftovers\n|upkeep\n|turn|4\n|\n|t:|1682852558\n|move|p1a: Sableye|Fake Out|p2a: Glaceon\n|-damage|p2a: Glaceon|81\/100\n|move|p1b: Abomasnow|Blizzard|p2a: Glaceon|[spread] p2a,p2b\n|-resisted|p2a: Glaceon\n|-damage|p2a: Glaceon|63\/100\n|-damage|p2b: Abomasnow|0 fnt\n|faint|p2b: Abomasnow\n|-damage|p1b: Abomasnow|0 fnt|[from] item: Life Orb\n|faint|p1b: Abomasnow\n|cant|p2a: Glaceon|flinch\n|\n|-weather|Snow|[upkeep]\n|-heal|p2a: Glaceon|69\/100|[from] ability: Ice Body\n|-heal|p2a: Glaceon|75\/100|[from] item: Leftovers\n|upkeep\n|\n|t:|1682852570\n|switch|p1b: Iron Bundle|Iron Bundle, L50|10\/100\n|switch|p2b: Mimikyu|Mimikyu, L50, M|100\/100\n|turn|5\n|\n|t:|1682852594\n|move|p2b: Mimikyu|Shadow Sneak|p1a: Sableye\n|-damage|p1a: Sableye|0 fnt\n|faint|p1a: Sableye\n|-damage|p2b: Mimikyu|91\/100|[from] item: Life Orb\n|move|p1b: Iron Bundle|Blizzard|p2a: Glaceon|[spread] p2a,p2b\n|-resisted|p2a: Glaceon\n|-damage|p2a: Glaceon|61\/100\n|-activate|p2b: Mimikyu|ability: Disguise\n|-damage|p2b: Mimikyu|91\/100\n|detailschange|p2b: Mimikyu|Mimikyu-Busted, L50, M\n|-damage|p2b: Mimikyu|78\/100|[from] pokemon: Mimikyu-Busted\n|move|p2a: Glaceon|Blizzard|p1b: Iron Bundle\n|-resisted|p1b: Iron Bundle\n|-damage|p1b: Iron Bundle|0 fnt\n|faint|p1b: Iron Bundle\n|-end|p1b: Iron Bundle|Quark Drive|[silent]\n|\n|-weather|none\n|-heal|p2a: Glaceon|67\/100|[from] item: Leftovers\n|-sideend|p1: Slaymien66|move: Aurora Veil\n|-sideend|p2: Betty23333|move: Aurora Veil\n|upkeep\n|\n|t:|1682852618\n|switch|p1a: Flutter Mane|Flutter Mane, L50|100\/100\n|turn|6\n|\n|t:|1682852637\n|-terastallize|p1a: Flutter Mane|Grass\n|move|p2b: Mimikyu|Shadow Sneak|p1a: Flutter Mane\n|-damage|p1a: Flutter Mane|52\/100\n|-damage|p2b: Mimikyu|68\/100|[from] item: Life Orb\n|move|p2a: Glaceon|Ice Shard|p1a: Flutter Mane\n|-supereffective|p1a: Flutter Mane\n|-damage|p1a: Flutter Mane|0 fnt\n|faint|p1a: Flutter Mane\n|-end|p1a: Flutter Mane|Protosynthesis|[silent]\n|\n|win|Betty23333\n|raw|Slaymien66's rating: 1094 → 1065<\/strong> (-29 for losing)\n|raw|Betty23333's rating: 1024 → 1068<\/strong> (+44 for winning)\n|l|\u2606Slaymien66\n","uploadtime":1682852649,"views":16,"p1id":"slaymien66","p2id":"betty23333","formatid":"gen9vgc2023regulationc","rating":1065,"private":0,"password":""}