{"id":"gen9vgc2023regulationc-1847916524","p1":"weeeggggggeeeee","p2":"Gost_elitefy","format":"[Gen 9] VGC 2023 Regulation C","log":"|j|\u2606weeeggggggeeeee\n|j|\u2606Gost_elitefy\n|t:|1682012459\n|gametype|doubles\n|player|p1|weeeggggggeeeee|clay|1073\n|player|p2|Gost_elitefy|102|1016\n|teamsize|p1|6\n|teamsize|p2|6\n|gen|9\n|tier|[Gen 9] VGC 2023 Regulation C\n|rated|\n|rule|Species Clause: Limit one of each Pok\u00e9mon\n|rule|Item Clause: Limit one of each item\n|clearpoke\n|poke|p1|Ting-Lu, L50|\n|poke|p1|Iron Hands, L50|\n|poke|p1|Brute Bonnet, L50|\n|poke|p1|Orthworm, L50, F|\n|poke|p1|Bronzong, L50|\n|poke|p1|Florges, L50, F|\n|poke|p2|Amoonguss, L50, M|\n|poke|p2|Chien-Pao, L50|\n|poke|p2|Ting-Lu, L50|\n|poke|p2|Flutter Mane, L50|\n|poke|p2|Arcanine, L50, M|\n|poke|p2|Palafin, L50, M|\n|teampreview|4\n|\n|t:|1682012481\n|start\n|switch|p1a: Bowl Boy|Ting-Lu, L50|100\/100\n|switch|p1b: Bronzong|Bronzong, L50|100\/100\n|switch|p2a: Ting-Lu|Ting-Lu, L50|100\/100\n|switch|p2b: Amoonguss|Amoonguss, L50, M|100\/100\n|-ability|p2a: Ting-Lu|Vessel of Ruin\n|-ability|p1a: Bowl Boy|Vessel of Ruin\n|turn|1\n|\n|t:|1682012498\n|-terastallize|p2a: Ting-Lu|Poison\n|move|p1a: Bowl Boy|Protect|p1a: Bowl Boy\n|-singleturn|p1a: Bowl Boy|Protect\n|move|p2a: Ting-Lu|Fissure|p1a: Bowl Boy\n|-activate|p1a: Bowl Boy|move: Protect\n|move|p2b: Amoonguss|Spore|p1a: Bowl Boy\n|-activate|p1a: Bowl Boy|move: Protect\n|move|p1b: Bronzong|Trick Room|p1b: Bronzong\n|-fieldstart|move: Trick Room|[of] p1b: Bronzong\n|\n|upkeep\n|turn|2\n|\n|t:|1682012519\n|move|p1b: Bronzong|Iron Defense|p1b: Bronzong\n|-boost|p1b: Bronzong|def|2\n|move|p1a: Bowl Boy|Earthquake|p2b: Amoonguss|[spread] p2a,p2b\n|-immune|p1b: Bronzong|[from] ability: Levitate\n|-supereffective|p2a: Ting-Lu\n|-damage|p2a: Ting-Lu|65\/100\n|-damage|p2b: Amoonguss|76\/100\n|move|p2b: Amoonguss|Spore|p1a: Bowl Boy\n|-status|p1a: Bowl Boy|slp|[from] move: Spore\n|move|p2a: Ting-Lu|Fissure|p1b: Bronzong\n|-immune|p1b: Bronzong|[from] ability: Levitate\n|\n|upkeep\n|turn|3\n|\n|t:|1682012539\n|move|p1b: Bronzong|Night Shade|p2a: Ting-Lu\n|-damage|p2a: Ting-Lu|43\/100\n|cant|p1a: Bowl Boy|slp\n|move|p2b: Amoonguss|Pollen Puff|p2a: Ting-Lu\n|-heal|p2a: Ting-Lu|93\/100\n|move|p2a: Ting-Lu|Fissure|p1b: Bronzong\n|-immune|p1b: Bronzong|[from] ability: Levitate\n|\n|upkeep\n|turn|4\n|\n|t:|1682012564\n|move|p1b: Bronzong|Night Shade|p2b: Amoonguss\n|-damage|p2b: Amoonguss|53\/100\n|cant|p1a: Bowl Boy|slp\n|move|p2b: Amoonguss|Pollen Puff|p2a: Ting-Lu\n|-heal|p2a: Ting-Lu|100\/100\n|move|p2a: Ting-Lu|Fissure|p1a: Bowl Boy|[miss]\n|-miss|p2a: Ting-Lu|p1a: Bowl Boy\n|\n|upkeep\n|turn|5\n|\n|t:|1682012581\n|-curestatus|p1a: Bowl Boy|slp|[msg]\n|move|p1a: Bowl Boy|Protect|p1a: Bowl Boy\n|-singleturn|p1a: Bowl Boy|Protect\n|move|p1b: Bronzong|Night Shade|p2b: Amoonguss\n|-damage|p2b: Amoonguss|31\/100\n|-enditem|p2b: Amoonguss|Sitrus Berry|[eat]\n|-heal|p2b: Amoonguss|56\/100|[from] item: Sitrus Berry\n|move|p2b: Amoonguss|Spore|p1a: Bowl Boy\n|-activate|p1a: Bowl Boy|move: Protect\n|move|p2a: Ting-Lu|Stomping Tantrum|p1b: Bronzong\n|-immune|p1b: Bronzong|[from] ability: Levitate\n|\n|-fieldend|move: Trick Room\n|upkeep\n|turn|6\n|\n|t:|1682012603\n|move|p2a: Ting-Lu|Stomping Tantrum|p1a: Bowl Boy\n|-damage|p1a: Bowl Boy|71\/100\n|move|p1a: Bowl Boy|Throat Chop|p2b: Amoonguss\n|-damage|p2b: Amoonguss|28\/100\n|-start|p2b: Amoonguss|Throat Chop|[silent]\n|move|p2b: Amoonguss|Spore|p1a: Bowl Boy\n|-status|p1a: Bowl Boy|slp|[from] move: Spore\n|move|p1b: Bronzong|Night Shade|p2b: Amoonguss\n|-damage|p2b: Amoonguss|5\/100\n|\n|upkeep\n|turn|7\n|\n|t:|1682012622\n|move|p2b: Amoonguss|Protect|p2b: Amoonguss\n|-singleturn|p2b: Amoonguss|Protect\n|move|p2a: Ting-Lu|Stomping Tantrum|p1b: Bronzong\n|-immune|p1b: Bronzong|[from] ability: Levitate\n|cant|p1a: Bowl Boy|slp\n|move|p1b: Bronzong|Night Shade|p2b: Amoonguss\n|-activate|p2b: Amoonguss|move: Protect\n|\n|-end|p2b: Amoonguss|Throat Chop|[silent]\n|upkeep\n|turn|8\n|\n|t:|1682012636\n|switch|p2a: Flutter Mane|Flutter Mane, L50|100\/100\n|move|p2b: Amoonguss|Protect||[still]\n|-fail|p2b: Amoonguss\n|-curestatus|p1a: Bowl Boy|slp|[msg]\n|move|p1a: Bowl Boy|Earthquake|p2b: Amoonguss|[spread] p2a,p2b\n|-immune|p1b: Bronzong|[from] ability: Levitate\n|-damage|p2a: Flutter Mane|36\/100\n|-damage|p2b: Amoonguss|0 fnt\n|faint|p2b: Amoonguss\n|move|p1b: Bronzong|Night Shade|p2a: Flutter Mane\n|-damage|p2a: Flutter Mane|0 fnt\n|faint|p2a: Flutter Mane\n|-end|p2a: Flutter Mane|Protosynthesis|[silent]\n|\n|upkeep\n|l|\u2606Gost_elitefy\n|player|p2|\n|inactive|Battle timer is ON: inactive players will automatically lose when time's up. (requested by weeeggggggeeeee)\n|inactive|Gost_elitefy has 30 seconds to reconnect!\n|inactive|Gost_elitefy has 20 seconds to reconnect!\n|inactive|Gost_elitefy has 15 seconds to reconnect!\n|inactive|Gost_elitefy has 10 seconds to reconnect!\n|inactive|Gost_elitefy has 5 seconds to reconnect!\n|-message|Gost_elitefy lost due to inactivity.\n|\n|win|weeeggggggeeeee\n|raw|weeeggggggeeeee's rating: 1073 → 1097<\/strong> (+24 for winning)\n|raw|Gost_elitefy's rating: 1016 → 1006<\/strong> (-10 for losing)\n","uploadtime":1682012749,"views":14,"p1id":"weeeggggggeeeee","p2id":"gostelitefy","formatid":"gen9vgc2023regulationc","rating":1006,"private":0,"password":""}