{"id":"gen9vgc2023regulationc-1848735087","p1":"odioipocket","p2":"Gracamol","format":"[Gen 9] VGC 2023 Regulation C","log":"|j|\u2606odioipocket\n|j|\u2606Gracamol\n|t:|1682105192\n|gametype|doubles\n|player|p1|odioipocket|265|1222\n|player|p2|Gracamol|barry|1164\n|teamsize|p1|6\n|teamsize|p2|6\n|gen|9\n|tier|[Gen 9] VGC 2023 Regulation C\n|rated|\n|rule|Species Clause: Limit one of each Pok\u00e9mon\n|rule|Item Clause: Limit one of each item\n|clearpoke\n|poke|p1|Abomasnow, L50, M|\n|poke|p1|Iron Hands, L50|\n|poke|p1|Gholdengo, L50|\n|poke|p1|Amoonguss, L50, F|\n|poke|p1|Skeledirge, L50, F|\n|poke|p1|Palafin, L50, F|\n|poke|p2|Flutter Mane, L50|\n|poke|p2|Grimmsnarl, L50, M|\n|poke|p2|Tauros-Paldea-Aqua, L50, M|\n|poke|p2|Rotom-Heat, L50|\n|poke|p2|Iron Bundle, L50|\n|poke|p2|Sandy Shocks, L50|\n|teampreview|4\nGracamol has agreed to open team sheets.\n|\n|t:|1682105234\n|start\n|switch|p1a: Abomasnow|Abomasnow, L50, M|100\/100\n|switch|p1b: Iron Hands|Iron Hands, L50|100\/100\n|switch|p2a: Skullgrin|Grimmsnarl, L50, M|100\/100\n|switch|p2b: Road Hauler|Sandy Shocks, L50|100\/100\n|-weather|Snow|[from] ability: Snow Warning|[of] p1a: Abomasnow\n|-enditem|p2b: Road Hauler|Booster Energy\n|-activate|p2b: Road Hauler|ability: Protosynthesis|[fromitem]\n|-start|p2b: Road Hauler|protosynthesisspe\n|turn|1\n|\n|t:|1682105262\n|-end|p2b: Road Hauler|Protosynthesis|[silent]\n|switch|p2b: Sideways|Tauros-Paldea-Aqua, L50, M|100\/100\n|-ability|p2b: Sideways|Intimidate|boost\n|-unboost|p1a: Abomasnow|atk|1\n|-unboost|p1b: Iron Hands|atk|1\n|-terastallize|p1b: Iron Hands|Grass\n|move|p1b: Iron Hands|Fake Out|p2a: Skullgrin\n|-damage|p2a: Skullgrin|89\/100\n|cant|p2a: Skullgrin|flinch\n|move|p1a: Abomasnow|Aurora Veil|p1a: Abomasnow\n|-sidestart|p1: odioipocket|move: Aurora Veil\n|\n|-weather|Snow|[upkeep]\n|upkeep\n|turn|2\n|\n|t:|1682105284\n|switch|p2b: Blitzwing|Iron Bundle, L50|100\/100\n|-end|p1b: Iron Hands|Quark Drive|[silent]\n|switch|p1b: Gholdengo|Gholdengo, L50|100\/100\n|move|p2a: Skullgrin|Reflect|p2a: Skullgrin\n|-sidestart|p2: Gracamol|Reflect\n|move|p1a: Abomasnow|Giga Drain|p2b: Blitzwing\n|-supereffective|p2b: Blitzwing\n|-damage|p2b: Blitzwing|0 fnt\n|faint|p2b: Blitzwing\n|-end|p2b: Blitzwing|Quark Drive|[silent]\n|\n|-weather|Snow|[upkeep]\n|upkeep\n|\n|t:|1682105297\n|switch|p2b: Road Hauler|Sandy Shocks, L50|100\/100\n|turn|3\n|\n|t:|1682105314\n|switch|p1b: Iron Hands|Iron Hands, L50, tera:Grass|100\/100\n|move|p2b: Road Hauler|Protect|p2b: Road Hauler\n|-singleturn|p2b: Road Hauler|Protect\n|move|p2a: Skullgrin|Thunder Wave|p1b: Iron Hands\n|-status|p1b: Iron Hands|par\n|move|p1a: Abomasnow|Giga Drain|p2b: Road Hauler\n|-activate|p2b: Road Hauler|move: Protect\n|\n|-weather|Snow|[upkeep]\n|upkeep\n|turn|4\n|inactive|Battle timer is ON: inactive players will automatically lose when time's up. (requested by Gracamol)\n|\n|t:|1682105337\n|-terastallize|p2b: Road Hauler|Flying\n|move|p2b: Road Hauler|Tera Blast|p1a: Abomasnow\n|-supereffective|p1a: Abomasnow\n|-damage|p1a: Abomasnow|41\/100\n|move|p1a: Abomasnow|Blizzard|p2a: Skullgrin|[spread] p2a,p2b\n|-supereffective|p2b: Road Hauler\n|-damage|p2a: Skullgrin|60\/100\n|-damage|p2b: Road Hauler|18\/100\n|move|p2a: Skullgrin|Spirit Break|p1a: Abomasnow\n|-damage|p1a: Abomasnow|25\/100\n|-unboost|p1a: Abomasnow|spa|1\n|move|p1b: Iron Hands|Drain Punch|p2b: Road Hauler\n|-resisted|p2b: Road Hauler\n|-damage|p2b: Road Hauler|2\/100\n|\n|-weather|Snow|[upkeep]\n|upkeep\n|turn|5\n|inactive|odioipocket has 30 seconds left.\n|inactive|Gracamol has 30 seconds left.\n|\n|t:|1682105366\n|move|p2a: Skullgrin|Light Screen|p2a: Skullgrin\n|-sidestart|p2: Gracamol|move: Light Screen\n|move|p2b: Road Hauler|Tera Blast|p1b: Iron Hands\n|-supereffective|p1b: Iron Hands\n|-damage|p1b: Iron Hands|72\/100 par\n|move|p1a: Abomasnow|Blizzard|p2b: Road Hauler|[spread] p2a,p2b\n|-supereffective|p2b: Road Hauler\n|-damage|p2a: Skullgrin|45\/100\n|-damage|p2b: Road Hauler|0 fnt\n|faint|p2b: Road Hauler\n|-end|p2b: Road Hauler|Protosynthesis|[silent]\n|move|p1b: Iron Hands|Wild Charge|p2a: Skullgrin\n|-damage|p2a: Skullgrin|12\/100\n|-damage|p1b: Iron Hands|65\/100 par|[from] Recoil\n|\n|-weather|none\n|upkeep\n|-message|Gracamol forfeited.\n|\n|win|odioipocket\n|raw|odioipocket's rating: 1222 → 1243<\/strong> (+21 for winning)\n|raw|Gracamol's rating: 1164 → 1143<\/strong> (-21 for losing)\n|l|\u2606Gracamol\n","uploadtime":1682105392,"views":11,"p1id":"odioipocket","p2id":"gracamol","formatid":"gen9vgc2023regulationc","rating":1143,"private":0,"password":""}