{"id":"gen9vgc2023regulationc-1848426932","p1":"Kaibar","p2":"Dnire","format":"[Gen 9] VGC 2023 Regulation C","log":"|j|\u2606Kaibar\n|j|\u2606Dnire\n|t:|1682076657\n|gametype|doubles\n|player|p1|Kaibar|blackbelt-gen4dp|1132\n|player|p2|Dnire|266|1134\n|teamsize|p1|6\n|teamsize|p2|6\n|gen|9\n|tier|[Gen 9] VGC 2023 Regulation C\n|rated|\n|rule|Species Clause: Limit one of each Pok\u00e9mon\n|rule|Item Clause: Limit one of each item\n|clearpoke\n|poke|p1|Arcanine, L50, F|\n|poke|p1|Amoonguss, L50, M|\n|poke|p1|Kingambit, L50, M|\n|poke|p1|Flutter Mane, L50|\n|poke|p1|Dragonite, L50, F|\n|poke|p1|Palafin, L50, F|\n|poke|p2|Torkoal, L50, M|\n|poke|p2|Annihilape, L50, F|\n|poke|p2|Hariyama, L50, M|\n|poke|p2|Farigiraf, L50, M|\n|poke|p2|Meowscarada, L50, F|\n|poke|p2|Maushold, L50|\n|teampreview|4\nKaibar has agreed to open team sheets.\n|inactive|Battle timer is ON: inactive players will automatically lose when time's up. (requested by Dnire)\n|\n|t:|1682076721\n|start\n|switch|p1a: Amoonguss|Amoonguss, L50, M|100\/100\n|switch|p1b: Dragonite|Dragonite, L50, F|100\/100\n|switch|p2a: Farigiraf|Farigiraf, L50, M|100\/100\n|switch|p2b: Hariyama|Hariyama, L50, M|100\/100\n|turn|1\n|inactive|Dnire has 30 seconds left.\n|\n|t:|1682076748\n|-terastallize|p1b: Dragonite|Flying\n|-terastallize|p2a: Farigiraf|Steel\n|move|p2b: Hariyama|Fake Out|p1a: Amoonguss\n|-damage|p1a: Amoonguss|86\/100\n|move|p1b: Dragonite|Tera Blast|p2b: Hariyama\n|-supereffective|p2b: Hariyama\n|-damage|p2b: Hariyama|0 fnt\n|faint|p2b: Hariyama\n|cant|p1a: Amoonguss|flinch\n|move|p2a: Farigiraf|Trick Room|p2a: Farigiraf\n|-fieldstart|move: Trick Room|[of] p2a: Farigiraf\n|\n|upkeep\n|\n|t:|1682076762\n|switch|p2b: Torkoal|Torkoal, L50, M|100\/100\n|-weather|SunnyDay|[from] ability: Drought|[of] p2b: Torkoal\n|turn|2\n|inactive|Kaibar has 30 seconds left.\n|\n|t:|1682076794\n|move|p2a: Farigiraf|Helping Hand|p2b: Torkoal\n|-singleturn|p2b: Torkoal|Helping Hand|[of] p2a: Farigiraf\n|move|p2b: Torkoal|Eruption|p1a: Amoonguss|[spread] p1a,p1b\n|-supereffective|p1a: Amoonguss\n|-damage|p1a: Amoonguss|0 fnt\n|-damage|p1b: Dragonite|32\/100\n|faint|p1a: Amoonguss\n|move|p1b: Dragonite|Tera Blast|p2b: Torkoal\n|-damage|p2b: Torkoal|30\/100\n|\n|-weather|SunnyDay|[upkeep]\n|upkeep\n|\n|t:|1682076805\n|switch|p1a: Windy|Arcanine, L50, F, shiny|100\/100\n|-ability|p1a: Windy|Intimidate|boost\n|-unboost|p2a: Farigiraf|atk|1\n|-unboost|p2b: Torkoal|atk|1\n|turn|3\n|inactive|Dnire has 30 seconds left.\n|inactive|Dnire has 20 seconds left.\n|inactive|Dnire has 15 seconds left.\n|inactive|Dnire has 10 seconds left.\n|\n|t:|1682076853\n|switch|p1b: Flutter Mane|Flutter Mane, L50|100\/100\n|-activate|p1b: Flutter Mane|ability: Protosynthesis\n|-start|p1b: Flutter Mane|protosynthesisspa\n|move|p2a: Farigiraf|Protect|p2a: Farigiraf\n|-singleturn|p2a: Farigiraf|Protect\n|move|p2b: Torkoal|Flamethrower|p1b: Flutter Mane\n|-damage|p1b: Flutter Mane|36\/100\n|move|p1a: Windy|Flare Blitz|p2a: Farigiraf\n|-activate|p2a: Farigiraf|move: Protect\n|\n|-weather|SunnyDay|[upkeep]\n|upkeep\n|turn|4\n|inactive|Kaibar has 30 seconds left.\n|inactive|Dnire has 30 seconds left.\n|inactive|Kaibar has 20 seconds left.\n|inactive|Kaibar has 15 seconds left.\n|\n|t:|1682076895\n|move|p2a: Farigiraf|Helping Hand|p2b: Torkoal\n|-singleturn|p2b: Torkoal|Helping Hand|[of] p2a: Farigiraf\n|move|p2b: Torkoal|Earth Power|p1a: Windy\n|-supereffective|p1a: Windy\n|-crit|p1a: Windy\n|-damage|p1a: Windy|0 fnt\n|faint|p1a: Windy\n|move|p1b: Flutter Mane|Moonblast|p2b: Torkoal\n|-resisted|p2b: Torkoal\n|-damage|p2b: Torkoal|0 fnt\n|faint|p2b: Torkoal\n|\n|-weather|SunnyDay|[upkeep]\n|upkeep\n|\n|t:|1682076908\n|switch|p2b: Annihilape|Annihilape, L50, F|100\/100\n|switch|p1a: Dragonite|Dragonite, L50, F, tera:Flying|32\/100\n|turn|5\n|inactive|Kaibar has 30 seconds left.\n|inactive|Dnire has 30 seconds left.\n|\n|t:|1682076940\n|move|p2a: Farigiraf|Dazzling Gleam|p1a: Dragonite|[spread] p1a,p1b\n|-crit|p1a: Dragonite\n|-damage|p1a: Dragonite|3\/100\n|-damage|p1b: Flutter Mane|20\/100\n|move|p1a: Dragonite|Tera Blast|p2b: Annihilape\n|-supereffective|p2b: Annihilape\n|-damage|p2b: Annihilape|0 fnt\n|faint|p2b: Annihilape\n|move|p1b: Flutter Mane|Shadow Ball|p2a: Farigiraf\n|-damage|p2a: Farigiraf|50\/100\n|-unboost|p2a: Farigiraf|spd|1\n|\n|-weather|SunnyDay|[upkeep]\n|-fieldend|move: Trick Room\n|upkeep\n|turn|6\n|\n|t:|1682076958\n|move|p1b: Flutter Mane|Shadow Ball|p2a: Farigiraf\n|-damage|p2a: Farigiraf|0 fnt\n|faint|p2a: Farigiraf\n|\n|win|Kaibar\n|raw|Kaibar's rating: 1132 → 1157<\/strong> (+25 for winning)\n|raw|Dnire's rating: 1134 → 1109<\/strong> (-25 for losing)\n|l|\u2606Dnire\n","uploadtime":1682076965,"views":12,"p1id":"kaibar","p2id":"dnire","formatid":"gen9vgc2023regulationc","rating":1109,"private":0,"password":""}