{"id":"gen9vgc2023regulationc-1849329836","p1":"Jake39","p2":"EddTest777","format":"[Gen 9] VGC 2023 Regulation C","log":"|j|\u2606Jake39\n|j|\u2606EddTest777\n|t:|1682186568\n|gametype|doubles\n|player|p1|Jake39|emma|1457\n|player|p2|EddTest777|bugcatcher-gen4dp|1400\n|teamsize|p1|6\n|teamsize|p2|6\n|gen|9\n|tier|[Gen 9] VGC 2023 Regulation C\n|rated|\n|rule|Species Clause: Limit one of each Pok\u00e9mon\n|rule|Item Clause: Limit one of each item\n|clearpoke\n|poke|p1|Klefki, L50, F|\n|poke|p1|Dragonite, L50, F|\n|poke|p1|Flutter Mane, L50|\n|poke|p1|Azumarill, L50, F|\n|poke|p1|Meowscarada, L50, F|\n|poke|p1|Corviknight, L50, F|\n|poke|p2|Dondozo, L50, M|\n|poke|p2|Tatsugiri-Droopy, L50, F|\n|poke|p2|Pelipper, L50, M|\n|poke|p2|Drednaw, L50, F|\n|poke|p2|Brute Bonnet, L50|\n|poke|p2|Ting-Lu, L50|\n|teampreview|4\nJake39 has agreed to open team sheets.\n|\n|t:|1682186603\n|start\n|switch|p1a: Aloe|Klefki, L50, F|100\/100\n|switch|p1b: Iris|Azumarill, L50, F|100\/100\n|switch|p2a: Dundazo|Dondozo, L50, M|100\/100\n|switch|p2b: Pelippa|Pelipper, L50, M|100\/100\n|-weather|RainDance|[from] ability: Drizzle|[of] p2b: Pelippa\n|turn|1\n|\n|t:|1682186616\n|switch|p2b: Pescaito|Tatsugiri-Droopy, L50, F, shiny|100\/100\n|-activate|p2b: Pescaito|ability: Commander|[of] p2a: Dundazo\n|-boost|p2a: Dundazo|atk|2\n|-boost|p2a: Dundazo|spa|2\n|-boost|p2a: Dundazo|spe|2\n|-boost|p2a: Dundazo|def|2\n|-boost|p2a: Dundazo|spd|2\n|-terastallize|p2a: Dundazo|Water\n|move|p1a: Aloe|Light Screen|p1a: Aloe\n|-sidestart|p1: Jake39|move: Light Screen\n|move|p2a: Dundazo|Surf|p1a: Aloe|[spread] p1a,p1b\n|-miss|p2a: Dundazo|p2b: Pescaito\n|-resisted|p1b: Iris\n|-damage|p1a: Aloe|15\/100\n|-damage|p1b: Iris|75\/100\n|-damage|p2a: Dundazo|90\/100|[from] item: Life Orb\n|move|p1b: Iris|Play Rough|p2a: Dundazo\n|-damage|p2a: Dundazo|67\/100\n|\n|-weather|RainDance|[upkeep]\n|upkeep\n|turn|2\n|\n|t:|1682186639\n|move|p1a: Aloe|Thunder Wave|p2a: Dundazo\n|-status|p2a: Dundazo|par\n|move|p2a: Dundazo|Surf|p1a: Aloe|[spread] p1a,p1b\n|-miss|p2a: Dundazo|p2b: Pescaito\n|-resisted|p1b: Iris\n|-damage|p1a: Aloe|0 fnt\n|-damage|p1b: Iris|51\/100\n|faint|p1a: Aloe\n|-damage|p2a: Dundazo|57\/100 par|[from] item: Life Orb\n|move|p1b: Iris|Play Rough|p2a: Dundazo|[miss]\n|-miss|p1b: Iris|p2a: Dundazo\n|\n|-weather|RainDance|[upkeep]\n|upkeep\n|\n|t:|1682186649\n|switch|p1a: Clematis|Meowscarada, L50, F, shiny|100\/100\n|turn|3\n|\n|t:|1682186659\n|move|p1a: Clematis|Flower Trick|p2a: Dundazo\n|-supereffective|p2a: Dundazo\n|-crit|p2a: Dundazo\n|-damage|p2a: Dundazo|0 fnt\n|faint|p2a: Dundazo\n|move|p1b: Iris|Play Rough|p2b: Pescaito\n|-supereffective|p2b: Pescaito\n|-damage|p2b: Pescaito|0 fnt\n|faint|p2b: Pescaito\n|\n|-weather|RainDance|[upkeep]\n|upkeep\n|\n|t:|1682186671\n|switch|p2b: Pelippa|Pelipper, L50, M|100\/100\n|switch|p2a: Browser|Drednaw, L50, F|100\/100\n|turn|4\n|\n|t:|1682186692\n|move|p1a: Clematis|Protect|p1a: Clematis\n|-singleturn|p1a: Clematis|Protect\n|move|p2a: Browser|Rock Slide|p1a: Clematis|[spread] p1b\n|-activate|p1a: Clematis|move: Protect\n|-damage|p1b: Iris|12\/100\n|move|p2b: Pelippa|Hurricane|p1a: Clematis\n|-activate|p1a: Clematis|move: Protect\n|move|p1b: Iris|Liquidation|p2a: Browser\n|-damage|p2a: Browser|22\/100\n|\n|-weather|RainDance|[upkeep]\n|upkeep\n|turn|5\n|\n|t:|1682186708\n|switch|p1a: Walnut|Corviknight, L50, F, shiny|100\/100\n|move|p1b: Iris|Aqua Jet|p2a: Browser\n|-damage|p2a: Browser|0 fnt\n|faint|p2a: Browser\n|move|p2b: Pelippa|Hurricane|p1a: Walnut\n|-resisted|p1a: Walnut\n|-damage|p1a: Walnut|85\/100\n|-start|p1a: Walnut|confusion\n|\n|-weather|RainDance|[upkeep]\n|upkeep\n|turn|6\n|-message|EddTest777 forfeited.\n|\n|win|Jake39\n|raw|Jake39's rating: 1457 → 1474<\/strong> (+17 for winning)\n|raw|EddTest777's rating: 1400 → 1383<\/strong> (-17 for losing)\n|l|\u2606EddTest777\n|c|\u2606Jake39|ggwp\n","uploadtime":1682186723,"views":7,"p1id":"jake39","p2id":"eddtest777","formatid":"gen9vgc2023regulationc","rating":1383,"private":0,"password":""}