{"id":"gen9vgc2023regulationc-1857616152","p1":"jaythebutthead1","p2":"abcfedg","format":"[Gen 9] VGC 2023 Regulation C","log":"|j|\u2606jaythebutthead1\n|j|\u2606abcfedg\n|t:|1683213286\n|gametype|doubles\n|player|p1|jaythebutthead1|1|1352\n|player|p2|abcfedg|youngn|1398\n|teamsize|p1|6\n|teamsize|p2|6\n|gen|9\n|tier|[Gen 9] VGC 2023 Regulation C\n|rated|\n|rule|Species Clause: Limit one of each Pok\u00e9mon\n|rule|Item Clause: Limit one of each item\n|clearpoke\n|poke|p1|Annihilape, L50, M|\n|poke|p1|Maushold, L50|\n|poke|p1|Flutter Mane, L50|\n|poke|p1|Tyranitar, L50, M|\n|poke|p1|Lycanroc, L50, F|\n|poke|p1|Ting-Lu, L50|\n|poke|p2|Roaring Moon, L50|\n|poke|p2|Torkoal, L50, M|\n|poke|p2|Amoonguss, L50, F|\n|poke|p2|Gyarados, L50, M|\n|poke|p2|Zoroark, L50, M|\n|poke|p2|Flutter Mane, L50|\n|teampreview|4\n|inactive|Battle timer is ON: inactive players will automatically lose when time's up. (requested by jaythebutthead1)\n|\n|t:|1683213305\n|start\n|switch|p1a: Lycanroc|Lycanroc, L50, F|100\/100\n|switch|p1b: Ting-Lu|Ting-Lu, L50|100\/100\n|switch|p2a: Roaring Moon|Roaring Moon, L50|100\/100\n|switch|p2b: Flutter Mane|Flutter Mane, L50|100\/100\n|-ability|p1b: Ting-Lu|Vessel of Ruin\n|turn|1\n|inactive|abcfedg has 30 seconds left.\n|inactive|abcfedg has 20 seconds left.\n|\n|t:|1683213341\n|move|p2b: Flutter Mane|U-turn|p2a: Roaring Moon\n|-supereffective|p2a: Roaring Moon\n|-crit|p2a: Roaring Moon\n|-damage|p2a: Roaring Moon|41\/100\n|-enditem|p2a: Roaring Moon|Weakness Policy\n|-boost|p2a: Roaring Moon|atk|2|[from] item: Weakness Policy\n|-boost|p2a: Roaring Moon|spa|2|[from] item: Weakness Policy\n|\n|t:|1683213344\n|switch|p2b: Torkoal|Torkoal, L50, M|100\/100|[from] U-turn\n|-weather|SunnyDay|[from] ability: Drought|[of] p2b: Torkoal\n|-activate|p2a: Roaring Moon|ability: Protosynthesis\n|-start|p2a: Roaring Moon|protosynthesisatk\n|-item|p2b: Torkoal|Air Balloon\n|move|p2a: Roaring Moon|Earthquake|p1a: Lycanroc|[spread] p1a,p1b\n|-immune|p2b: Torkoal\n|-supereffective|p1a: Lycanroc\n|-enditem|p1a: Lycanroc|Focus Sash\n|-damage|p1a: Lycanroc|1\/100\n|-damage|p1b: Ting-Lu|64\/100\n|move|p1a: Lycanroc|Rock Slide|p2a: Roaring Moon|[spread] p2a,p2b\n|-supereffective|p2b: Torkoal\n|-damage|p2a: Roaring Moon|9\/100\n|-damage|p2b: Torkoal|69\/100\n|-enditem|p2b: Torkoal|Air Balloon\n|move|p1b: Ting-Lu|Fissure|p2a: Roaring Moon|[miss]\n|-miss|p1b: Ting-Lu|p2a: Roaring Moon\n|\n|-weather|SunnyDay|[upkeep]\n|upkeep\n|turn|2\n|inactive|abcfedg has 30 seconds left.\n|\n|t:|1683213374\n|switch|p1b: Tyranitar|Tyranitar, L50, M|100\/100\n|-weather|Sandstorm|[from] ability: Sand Stream|[of] p1b: Tyranitar\n|-end|p2a: Roaring Moon|Protosynthesis\n|switch|p2b: Flutter Mane|Flutter Mane, L50|100\/100\n|move|p2a: Roaring Moon|Protect|p2a: Roaring Moon\n|-singleturn|p2a: Roaring Moon|Protect\n|move|p1a: Lycanroc|Rock Slide|p2b: Flutter Mane|[spread] p2b\n|-activate|p2a: Roaring Moon|move: Protect\n|-damage|p2b: Flutter Mane|56\/100\n|replace|p2b: Zoroark|Zoroark, L50, M\n|-end|p2b: Zoroark|Illusion\n|\n|-weather|Sandstorm|[upkeep]\n|-damage|p2b: Zoroark|50\/100|[from] Sandstorm\n|-damage|p2a: Roaring Moon|3\/100|[from] Sandstorm\n|upkeep\n|turn|3\n|\n|t:|1683213395\n|switch|p2b: Torkoal|Torkoal, L50, M|69\/100\n|-weather|SunnyDay|[from] ability: Drought|[of] p2b: Torkoal\n|-activate|p2a: Roaring Moon|ability: Protosynthesis\n|-start|p2a: Roaring Moon|protosynthesisatk\n|move|p2a: Roaring Moon|Earthquake|p1a: Lycanroc|[spread] p2b,p1a,p1b\n|-supereffective|p2b: Torkoal\n|-supereffective|p1a: Lycanroc\n|-supereffective|p1b: Tyranitar\n|-damage|p2b: Torkoal|0 fnt\n|-damage|p1a: Lycanroc|0 fnt\n|-damage|p1b: Tyranitar|0 fnt\n|faint|p2b: Torkoal\n|faint|p1a: Lycanroc\n|faint|p1b: Tyranitar\n|\n|-weather|SunnyDay|[upkeep]\n|upkeep\n|\n|t:|1683213404\n|switch|p1a: Ting-Lu|Ting-Lu, L50|64\/100\n|switch|p1b: Flutter Mane|Flutter Mane, L50|100\/100\n|switch|p2b: Flutter Mane|Flutter Mane, L50|50\/100\n|-activate|p1b: Flutter Mane|ability: Protosynthesis\n|-start|p1b: Flutter Mane|protosynthesisspa\n|-ability|p1a: Ting-Lu|Vessel of Ruin\n|turn|4\n|inactive|abcfedg has 30 seconds left.\n|\n|t:|1683213435\n|-terastallize|p1b: Flutter Mane|Fairy\n|move|p1a: Ting-Lu|Protect|p1a: Ting-Lu\n|-singleturn|p1a: Ting-Lu|Protect\n|move|p2b: Flutter Mane|Trick|p2a: Roaring Moon\n|-activate|p2b: Flutter Mane|move: Trick|[of] p2a: Roaring Moon\n|-item|p2a: Roaring Moon|Choice Scarf|[from] move: Trick\n|-enditem|p2b: Flutter Mane|Choice Scarf|[silent]|[from] move: Trick\n|move|p2a: Roaring Moon|Earthquake|p1a: Ting-Lu|[spread] p2b,p1b\n|-activate|p1a: Ting-Lu|move: Protect\n|-damage|p2b: Flutter Mane|0 fnt\n|-damage|p1b: Flutter Mane|0 fnt\n|replace|p2b: Zoroark|Zoroark, L50, M\n|-end|p2b: Zoroark|Illusion\n|faint|p2b: Zoroark\n|faint|p1b: Flutter Mane\n|-end|p1b: Flutter Mane|Protosynthesis|[silent]\n|\n|-weather|SunnyDay|[upkeep]\n|upkeep\n|\n|t:|1683213448\n|switch|p2b: Flutter Mane|Flutter Mane, L50|100\/100\n|-activate|p2b: Flutter Mane|ability: Protosynthesis\n|-start|p2b: Flutter Mane|protosynthesisspa\n|turn|5\n|\n|t:|1683213454\n|move|p2a: Roaring Moon|Earthquake|p1a: Ting-Lu|[spread] p2b,p1a\n|-damage|p2b: Flutter Mane|4\/100\n|-damage|p1a: Ting-Lu|25\/100\n|move|p2b: Flutter Mane|Moonblast|p1a: Ting-Lu\n|-supereffective|p1a: Ting-Lu\n|-damage|p1a: Ting-Lu|0 fnt\n|faint|p1a: Ting-Lu\n|\n|win|abcfedg\n|raw|jaythebutthead1's rating: 1352 → 1335<\/strong> (-17 for losing)\n|raw|abcfedg's rating: 1398 → 1415<\/strong> (+17 for winning)\n|l|\u2606jaythebutthead1\n","uploadtime":1683213463,"views":12,"p1id":"jaythebutthead1","p2id":"abcfedg","formatid":"gen9vgc2023regulationc","rating":1335,"private":0,"password":""}