{"id":"gen9vgc2023regulationc-1847042919","p1":"vyxl","p2":"araganaraktus","format":"[Gen 9] VGC 2023 Regulation C","log":"|j|\u2606vyxl\n|j|\u2606araganaraktus\n|t:|1681914279\n|gametype|doubles\n|player|p1|vyxl|170|1269\n|player|p2|araganaraktus|wallace|1245\n|teamsize|p1|6\n|teamsize|p2|6\n|gen|9\n|tier|[Gen 9] VGC 2023 Regulation C\n|rated|\n|rule|Species Clause: Limit one of each Pok\u00e9mon\n|rule|Item Clause: Limit one of each item\n|clearpoke\n|poke|p1|Dragonite, L50, M|\n|poke|p1|Orthworm, L50, F|\n|poke|p1|Ting-Lu, L50|\n|poke|p1|Dondozo, L50, F|\n|poke|p1|Tatsugiri, L50, M|\n|poke|p1|Flutter Mane, L50|\n|poke|p2|Orthworm, L50, M|\n|poke|p2|Iron Hands, L50|\n|poke|p2|Indeedee-F, L50, F|\n|poke|p2|Hatterene, L50, F|\n|poke|p2|Torkoal, L50, M|\n|poke|p2|Azumarill, L50, M|\n|teampreview|4\n|inactive|Battle timer is ON: inactive players will automatically lose when time's up. (requested by araganaraktus)\n|inactive|vyxl has 60 seconds left.\n|inactive|araganaraktus has 60 seconds left.\n|\n|t:|1681914325\n|start\n|switch|p1a: Dondozo|Dondozo, L50, F|100\/100\n|switch|p1b: Orthworm|Orthworm, L50, F|100\/100\n|switch|p2a: Indeedee|Indeedee-F, L50, F, shiny|100\/100\n|switch|p2b: Orthworm|Orthworm, L50, M|100\/100\n|-fieldstart|move: Psychic Terrain|[from] ability: Psychic Surge|[of] p2a: Indeedee\n|-enditem|p2b: Orthworm|Psychic Seed\n|-boost|p2b: Orthworm|spd|1|[from] item: Psychic Seed\n|turn|1\n|inactive|vyxl has 30 seconds left.\n|inactive|vyxl has 20 seconds left.\n|inactive|vyxl has 15 seconds left.\n|inactive|vyxl has 10 seconds left.\n|\n|t:|1681914372\n|switch|p1b: Tatsugiri|Tatsugiri, L50, M|100\/100\n|-activate|p1b: Tatsugiri|ability: Commander|[of] p1a: Dondozo\n|-boost|p1a: Dondozo|atk|2\n|-boost|p1a: Dondozo|spa|2\n|-boost|p1a: Dondozo|spe|2\n|-boost|p1a: Dondozo|def|2\n|-boost|p1a: Dondozo|spd|2\n|move|p1a: Dondozo|Order Up|p2a: Indeedee\n|-damage|p2a: Indeedee|49\/100\n|-boost|p1a: Dondozo|atk|1\n|move|p2b: Orthworm|Shed Tail|p2b: Orthworm\n|-start|p2b: Orthworm|Substitute|[from] move: Shed Tail\n|-damage|p2b: Orthworm|50\/100\n|\n|t:|1681914385\n|switch|p2b: Iron Hands|Iron Hands, L50, shiny|100\/100|[from] Shed Tail\n|move|p2a: Indeedee|Trick Room|p2a: Indeedee\n|-fieldstart|move: Trick Room|[of] p2a: Indeedee\n|\n|upkeep\n|turn|2\n|\n|t:|1681914399\n|move|p1a: Dondozo|Protect|p1a: Dondozo\n|-singleturn|p1a: Dondozo|Protect\n|move|p2a: Indeedee|Follow Me|p2a: Indeedee\n|-singleturn|p2a: Indeedee|move: Follow Me\n|move|p2b: Iron Hands|Belly Drum|p2b: Iron Hands\n|-damage|p2b: Iron Hands|50\/100\n|-setboost|p2b: Iron Hands|atk|6|[from] move: Belly Drum\n|-enditem|p2b: Iron Hands|Sitrus Berry|[eat]\n|-heal|p2b: Iron Hands|75\/100|[from] item: Sitrus Berry\n|\n|upkeep\n|turn|3\n|\n|t:|1681914415\n|move|p2a: Indeedee|Follow Me|p2a: Indeedee\n|-singleturn|p2a: Indeedee|move: Follow Me\n|move|p2b: Iron Hands|Drain Punch|p1a: Dondozo\n|-damage|p1a: Dondozo|59\/100\n|-heal|p2b: Iron Hands|97\/100|[from] drain|[of] p1a: Dondozo\n|move|p1a: Dondozo|Earthquake|p2a: Indeedee|[spread] p2a,p2b\n|-miss|p1a: Dondozo|p1b: Tatsugiri\n|-supereffective|p2b: Iron Hands\n|-end|p2b: Iron Hands|Substitute\n|-damage|p2a: Indeedee|0 fnt\n|faint|p2a: Indeedee\n|\n|-heal|p1a: Dondozo|65\/100|[from] item: Leftovers\n|upkeep\n|\n|t:|1681914425\n|switch|p2a: Orthworm|Orthworm, L50, M|50\/100\n|turn|4\n|\n|t:|1681914431\n|-terastallize|p2b: Iron Hands|Flying\n|move|p2a: Orthworm|Helping Hand|p2b: Iron Hands\n|-singleturn|p2b: Iron Hands|Helping Hand|[of] p2a: Orthworm\n|move|p1a: Dondozo|Protect|p1a: Dondozo\n|-singleturn|p1a: Dondozo|Protect\n|move|p2b: Iron Hands|Drain Punch|p1a: Dondozo\n|-activate|p1a: Dondozo|move: Protect\n|\n|-heal|p1a: Dondozo|72\/100|[from] item: Leftovers\n|upkeep\n|turn|5\n|\n|t:|1681914443\n|-terastallize|p1a: Dondozo|Flying\n|move|p2a: Orthworm|Helping Hand|p2b: Iron Hands\n|-singleturn|p2b: Iron Hands|Helping Hand|[of] p2a: Orthworm\n|move|p2b: Iron Hands|Drain Punch|p1a: Dondozo\n|-resisted|p1a: Dondozo\n|-damage|p1a: Dondozo|37\/100\n|-heal|p2b: Iron Hands|100\/100|[from] drain|[of] p1a: Dondozo\n|move|p1a: Dondozo|Wave Crash|p2b: Iron Hands\n|-damage|p2b: Iron Hands|12\/100\n|-damage|p1a: Dondozo|9\/100|[from] Recoil\n|\n|-heal|p1a: Dondozo|16\/100|[from] item: Leftovers\n|-fieldend|move: Trick Room\n|-fieldend|move: Psychic Terrain\n|upkeep\n|turn|6\n|inactive|araganaraktus has 30 seconds left.\n|\n|t:|1681914471\n|move|p1a: Dondozo|Order Up|p2b: Iron Hands\n|-damage|p2b: Iron Hands|0 fnt\n|faint|p2b: Iron Hands\n|-end|p2b: Iron Hands|Quark Drive|[silent]\n|-boost|p1a: Dondozo|atk|1\n|move|p2a: Orthworm|Shed Tail|p2a: Orthworm\n|-fail|p2a: Orthworm|move: Shed Tail|[weak]\n|\n|-heal|p1a: Dondozo|22\/100|[from] item: Leftovers\n|upkeep\n|\n|t:|1681914479\n|switch|p2b: Hatterene|Hatterene, L50, F|100\/100\n|turn|7\n|\n|t:|1681914502\n|move|p1a: Dondozo|Wave Crash|p2b: Hatterene\n|-damage|p2b: Hatterene|0 fnt\n|faint|p2b: Hatterene\n|-damage|p1a: Dondozo|2\/100|[from] Recoil\n|move|p2a: Orthworm|Iron Defense|p2a: Orthworm\n|-boost|p2a: Orthworm|def|2\n|\n|-heal|p1a: Dondozo|8\/100|[from] item: Leftovers\n|upkeep\n|turn|8\n|-message|araganaraktus forfeited.\n|\n|win|vyxl\n|raw|vyxl's rating: 1269 → 1292<\/strong> (+23 for winning)\n|raw|araganaraktus's rating: 1245 → 1222<\/strong> (-23 for losing)\n|l|\u2606araganaraktus\n","uploadtime":1681914514,"views":5,"p1id":"vyxl","p2id":"araganaraktus","formatid":"gen9vgc2023regulationc","rating":1222,"private":0,"password":""}