{"id":"gen9vgc2023regulationc-1852914959","p1":"CaptainInsecto","p2":"assprinatschool","format":"[Gen 9] VGC 2023 Regulation C","log":"|j|\u2606CaptainInsecto\n|j|\u2606assprinatschool\n|t:|1682616944\n|gametype|doubles\n|player|p1|CaptainInsecto|rood|1170\n|player|p2|assprinatschool|266|1177\n|teamsize|p1|6\n|teamsize|p2|6\n|gen|9\n|tier|[Gen 9] VGC 2023 Regulation C\n|rated|\n|rule|Species Clause: Limit one of each Pok\u00e9mon\n|rule|Item Clause: Limit one of each item\n|clearpoke\n|poke|p1|Ting-Lu, L50|\n|poke|p1|Dondozo, L50, M|\n|poke|p1|Copperajah, L50, M|\n|poke|p1|Kingambit, L50, M|\n|poke|p1|Abomasnow, L50, M|\n|poke|p1|Beartic, L50, M|\n|poke|p2|Dondozo, L50, F|\n|poke|p2|Tatsugiri, L50, F|\n|poke|p2|Glimmora, L50, F|\n|poke|p2|Maushold-Four, L50|\n|poke|p2|Chien-Pao, L50|\n|poke|p2|Roaring Moon, L50|\n|teampreview|4\nassprinatschool has agreed to open team sheets.\nCaptainInsecto rejected open team sheets.\n|\n|t:|1682616983\n|start\n|switch|p1a: Ting-Lu|Ting-Lu, L50|100\/100\n|switch|p1b: Dondozo|Dondozo, L50, M|100\/100\n|switch|p2a: Chien-Pao|Chien-Pao, L50|100\/100\n|switch|p2b: Glimmora|Glimmora, L50, F|100\/100\n|-ability|p2a: Chien-Pao|Sword of Ruin\n|-ability|p1a: Ting-Lu|Vessel of Ruin\n|turn|1\n|\n|t:|1682616992\n|move|p2a: Chien-Pao|Ice Spinner|p1a: Ting-Lu\n|-supereffective|p1a: Ting-Lu\n|-damage|p1a: Ting-Lu|46\/100\n|move|p2b: Glimmora|Mortal Spin|p1b: Dondozo|[spread] p1a,p1b\n|-resisted|p1a: Ting-Lu\n|-damage|p1a: Ting-Lu|44\/100\n|-damage|p1b: Dondozo|97\/100\n|-status|p1a: Ting-Lu|psn\n|-status|p1b: Dondozo|psn\n|move|p1a: Ting-Lu|Fissure|p2a: Chien-Pao|[miss]\n|-miss|p1a: Ting-Lu|p2a: Chien-Pao\n|move|p1b: Dondozo|Fissure|p2a: Chien-Pao\n|-enditem|p2a: Chien-Pao|Focus Sash\n|-damage|p2a: Chien-Pao|1\/100\n|\n|-heal|p1b: Dondozo|100\/100 psn|[from] item: Leftovers\n|-damage|p1a: Ting-Lu|32\/100 psn|[from] psn\n|-damage|p1b: Dondozo|88\/100 psn|[from] psn\n|upkeep\n|turn|2\n|\n|t:|1682617010\n|move|p2a: Chien-Pao|Ice Spinner|p1a: Ting-Lu\n|-supereffective|p1a: Ting-Lu\n|-damage|p1a: Ting-Lu|0 fnt\n|faint|p1a: Ting-Lu\n|move|p2b: Glimmora|Sludge Bomb|p1b: Dondozo\n|-damage|p1b: Dondozo|59\/100 psn\n|move|p1b: Dondozo|Fissure|p2a: Chien-Pao\n|-damage|p2a: Chien-Pao|0 fnt\n|faint|p2a: Chien-Pao\n|-ohko\n|\n|-heal|p1b: Dondozo|65\/100 psn|[from] item: Leftovers\n|-damage|p1b: Dondozo|53\/100 psn|[from] psn\n|upkeep\n|\n|t:|1682617023\n|switch|p2a: Maushold|Maushold-Four, L50|100\/100\n|switch|p1a: Copperajah|Copperajah, L50, M|100\/100\n|turn|3\n|\n|t:|1682617042\n|move|p2a: Maushold|Follow Me|p2a: Maushold\n|-singleturn|p2a: Maushold|move: Follow Me\n|move|p2b: Glimmora|Earth Power|p1a: Copperajah\n|-supereffective|p1a: Copperajah\n|-damage|p1a: Copperajah|57\/100\n|-unboost|p1a: Copperajah|spd|1\n|move|p1b: Dondozo|Fissure|p2a: Maushold|[miss]\n|-miss|p1b: Dondozo|p2a: Maushold\n|move|p1a: Copperajah|Fissure|p2a: Maushold|[miss]\n|-miss|p1a: Copperajah|p2a: Maushold\n|\n|-heal|p1b: Dondozo|59\/100 psn|[from] item: Leftovers\n|-damage|p1b: Dondozo|46\/100 psn|[from] psn\n|upkeep\n|turn|4\n|\n|t:|1682617054\n|move|p2a: Maushold|Follow Me|p2a: Maushold\n|-singleturn|p2a: Maushold|move: Follow Me\n|move|p2b: Glimmora|Earth Power|p1a: Copperajah\n|-supereffective|p1a: Copperajah\n|-damage|p1a: Copperajah|0 fnt\n|faint|p1a: Copperajah\n|move|p1b: Dondozo|Fissure|p2a: Maushold|[miss]\n|-miss|p1b: Dondozo|p2a: Maushold\n|\n|-heal|p1b: Dondozo|53\/100 psn|[from] item: Leftovers\n|-damage|p1b: Dondozo|40\/100 psn|[from] psn\n|upkeep\n|\n|t:|1682617062\n|switch|p1a: Kingambit|Kingambit, L50, M|100\/100\n|turn|5\n|\n|t:|1682617069\n|-terastallize|p1a: Kingambit|Dark\n|move|p2a: Maushold|Follow Me|p2a: Maushold\n|-singleturn|p2a: Maushold|move: Follow Me\n|move|p2b: Glimmora|Earth Power|p1a: Kingambit\n|-damage|p1a: Kingambit|77\/100\n|move|p1a: Kingambit|Guillotine|p2a: Maushold\n|-damage|p2a: Maushold|0 fnt\n|faint|p2a: Maushold\n|-ohko\n|move|p1b: Dondozo|Fissure|p2b: Glimmora\n|-damage|p2b: Glimmora|0 fnt\n|-activate|p2b: Glimmora|ability: Toxic Debris\n|-sidestart|p1: CaptainInsecto|move: Toxic Spikes\n|faint|p2b: Glimmora\n|-ohko\n|\n|-heal|p1b: Dondozo|46\/100 psn|[from] item: Leftovers\n|-damage|p1b: Dondozo|34\/100 psn|[from] psn\n|upkeep\n|\n|t:|1682617078\n|switch|p2b: Roaring Moon|Roaring Moon, L50|100\/100\n|-enditem|p2b: Roaring Moon|Booster Energy\n|-activate|p2b: Roaring Moon|ability: Protosynthesis|[fromitem]\n|-start|p2b: Roaring Moon|protosynthesisspe\n|turn|6\n|\n|t:|1682617099\n|-terastallize|p2b: Roaring Moon|Flying\n|move|p2b: Roaring Moon|Acrobatics|p1a: Kingambit\n|-damage|p1a: Kingambit|30\/100\n|move|p1a: Kingambit|Guillotine|p2b: Roaring Moon|[miss]\n|-miss|p1a: Kingambit|p2b: Roaring Moon\n|move|p1b: Dondozo|Fissure|p2b: Roaring Moon\n|-immune|p2b: Roaring Moon\n|\n|-heal|p1b: Dondozo|40\/100 psn|[from] item: Leftovers\n|-damage|p1b: Dondozo|28\/100 psn|[from] psn\n|upkeep\n|turn|7\n|\n|t:|1682617108\n|move|p2b: Roaring Moon|Acrobatics|p1a: Kingambit\n|-damage|p1a: Kingambit|0 fnt\n|faint|p1a: Kingambit\n|move|p1b: Dondozo|Fissure|p2b: Roaring Moon\n|-immune|p2b: Roaring Moon\n|\n|-heal|p1b: Dondozo|34\/100 psn|[from] item: Leftovers\n|-damage|p1b: Dondozo|22\/100 psn|[from] psn\n|upkeep\n|turn|8\n|\n|t:|1682617113\n|move|p2b: Roaring Moon|Acrobatics|p1b: Dondozo\n|-damage|p1b: Dondozo|0 fnt\n|faint|p1b: Dondozo\n|\n|win|assprinatschool\n|raw|CaptainInsecto's rating: 1170 → 1146<\/strong> (-24 for losing)\n|raw|assprinatschool's rating: 1177 → 1201<\/strong> (+24 for winning)\n|l|\u2606CaptainInsecto\n","uploadtime":1682617119,"views":9,"p1id":"captaininsecto","p2id":"assprinatschool","formatid":"gen9vgc2023regulationc","rating":1146,"private":0,"password":""}