{"id":"gen9vgc2023regulationc-1862472848","p1":"Hisuo","p2":"haha you rage quit","format":"[Gen 9] VGC 2023 Regulation C","log":"|j|\u2606Hisuo\n|j|\u2606haha you rage quit\n|t:|1683891347\n|gametype|doubles\n|player|p1|Hisuo|burglar|1096\n|player|p2|haha you rage quit|pokemaniac|1140\n|teamsize|p1|6\n|teamsize|p2|6\n|gen|9\n|tier|[Gen 9] VGC 2023 Regulation C\n|rated|\n|rule|Species Clause: Limit one of each Pok\u00e9mon\n|rule|Item Clause: Limit one of each item\n|clearpoke\n|poke|p1|Ting-Lu, L50|\n|poke|p1|Mimikyu, L50, M|\n|poke|p1|Scizor, L50, F|\n|poke|p1|Chi-Yu, L50|\n|poke|p1|Masquerain, L50, M|\n|poke|p1|Palafin, L50, M|\n|poke|p2|Hatterene, L50, F|\n|poke|p2|Armarouge, L50, M|\n|poke|p2|Indeedee-F, L50, F|\n|poke|p2|Torkoal, L50, M|\n|poke|p2|Kingambit, L50, M|\n|poke|p2|Annihilape, L50, M|\n|teampreview|4\n|inactive|Battle timer is ON: inactive players will automatically lose when time's up. (requested by Hisuo)\n|\n|t:|1683891377\n|start\n|switch|p1a: Palafin|Palafin, L50, M|100\/100\n|switch|p1b: Chi-Yu|Chi-Yu, L50|100\/100\n|switch|p2a: Indeedee|Indeedee-F, L50, F, shiny|100\/100\n|switch|p2b: Annihilape|Annihilape, L50, M|100\/100\n|-ability|p1b: Chi-Yu|Beads of Ruin\n|-fieldstart|move: Psychic Terrain|[from] ability: Psychic Surge|[of] p2a: Indeedee\n|-enditem|p2a: Indeedee|Psychic Seed\n|-boost|p2a: Indeedee|spd|1|[from] item: Psychic Seed\n|turn|1\n|inactive|haha you rage quit has 30 seconds left.\n|\n|t:|1683891404\n|move|p1a: Palafin|Flip Turn|p2a: Indeedee\n|-damage|p2a: Indeedee|75\/100\n|\n|t:|1683891410\n|detailschange|p1a: Palafin|Palafin-Hero, L50, M\n|switch|p1a: Mimikyu|Mimikyu, L50, M|100\/100|[from] Flip Turn\n|move|p2b: Annihilape|Close Combat|p1b: Chi-Yu\n|-supereffective|p1b: Chi-Yu\n|-damage|p1b: Chi-Yu|0 fnt\n|-unboost|p2b: Annihilape|def|1\n|-unboost|p2b: Annihilape|spd|1\n|faint|p1b: Chi-Yu\n|move|p2a: Indeedee|Trick Room|p2a: Indeedee\n|-fieldstart|move: Trick Room|[of] p2a: Indeedee\n|\n|upkeep\n|\n|t:|1683891420\n|switch|p1b: Ting-Lu|Ting-Lu, L50|100\/100\n|-ability|p1b: Ting-Lu|Vessel of Ruin\n|turn|2\n|\n|t:|1683891431\n|move|p1b: Ting-Lu|Earthquake|p2b: Annihilape|[spread] p1a,p2a,p2b\n|-activate|p1a: Mimikyu|ability: Disguise\n|-damage|p1a: Mimikyu|100\/100\n|-damage|p2a: Indeedee|33\/100\n|-damage|p2b: Annihilape|42\/100\n|detailschange|p1a: Mimikyu|Mimikyu-Busted, L50, M\n|-damage|p1a: Mimikyu|88\/100|[from] pokemon: Mimikyu-Busted\n|move|p2a: Indeedee|Dazzling Gleam|p1b: Ting-Lu|[spread] p1a,p1b\n|-supereffective|p1b: Ting-Lu\n|-damage|p1a: Mimikyu|78\/100\n|-damage|p1b: Ting-Lu|87\/100\n|-enditem|p1b: Ting-Lu|Weakness Policy\n|-boost|p1b: Ting-Lu|atk|2|[from] item: Weakness Policy\n|-boost|p1b: Ting-Lu|spa|2|[from] item: Weakness Policy\n|move|p1a: Mimikyu|Swords Dance|p1a: Mimikyu\n|-boost|p1a: Mimikyu|atk|2\n|move|p2b: Annihilape|Close Combat|p1b: Ting-Lu\n|-supereffective|p1b: Ting-Lu\n|-damage|p1b: Ting-Lu|32\/100\n|-unboost|p2b: Annihilape|def|1\n|-unboost|p2b: Annihilape|spd|1\n|\n|upkeep\n|turn|3\n|inactive|Hisuo has 30 seconds left.\n|inactive|haha you rage quit has 30 seconds left.\n|inactive|Hisuo has 20 seconds left.\n|inactive|Hisuo has 15 seconds left.\n|inactive|Hisuo has 10 seconds left.\n|\n|t:|1683891478\n|move|p1b: Ting-Lu|Heavy Slam|p2a: Indeedee\n|-damage|p2a: Indeedee|0 fnt\n|faint|p2a: Indeedee\n|move|p1a: Mimikyu|Play Rough|p2b: Annihilape\n|-supereffective|p2b: Annihilape\n|-damage|p2b: Annihilape|0 fnt\n|faint|p2b: Annihilape\n|-damage|p1a: Mimikyu|68\/100|[from] item: Life Orb\n|\n|upkeep\n|\n|t:|1683891484\n|switch|p2a: Armarouge|Armarouge, L50, M|100\/100\n|switch|p2b: Torkoal|Torkoal, L50, M|100\/100\n|-weather|SunnyDay|[from] ability: Drought|[of] p2b: Torkoal\n|turn|4\n|inactive|Hisuo has 30 seconds left.\n|inactive|Hisuo has 20 seconds left.\n|inactive|Hisuo has 15 seconds left.\n|inactive|Hisuo has 10 seconds left.\n|inactive|Hisuo has 5 seconds left.\n|\n|t:|1683891539\n|move|p1b: Ting-Lu|Protect|p1b: Ting-Lu\n|-singleturn|p1b: Ting-Lu|Protect\n|move|p2b: Torkoal|Eruption|p1a: Mimikyu|[spread] p1a\n|-activate|p1b: Ting-Lu|move: Protect\n|-damage|p1a: Mimikyu|3\/100\n|move|p2a: Armarouge|Heat Wave|p1a: Mimikyu|[spread] p1a\n|-activate|p1b: Ting-Lu|move: Protect\n|-damage|p1a: Mimikyu|0 fnt\n|faint|p1a: Mimikyu\n|\n|-weather|SunnyDay|[upkeep]\n|upkeep\n|\n|t:|1683891543\n|switch|p1a: Palafin|Palafin-Hero, L50, M|100\/100\n|-activate|p1a: Palafin|ability: Zero to Hero\n|turn|5\n|\n|t:|1683891567\n|-terastallize|p2b: Torkoal|Grass\n|-terastallize|p1a: Palafin|Water\n|move|p2b: Torkoal|Solar Beam||[still]\n|-prepare|p2b: Torkoal|Solar Beam\n|-anim|p2b: Torkoal|Solar Beam|p1a: Palafin\n|-supereffective|p1a: Palafin\n|-damage|p1a: Palafin|14\/100\n|move|p2a: Armarouge|Destiny Bond|p2a: Armarouge\n|-singlemove|p2a: Armarouge|Destiny Bond\n|move|p1b: Ting-Lu|Earthquake|p2a: Armarouge|[spread] p1a,p2a,p2b\n|-supereffective|p2a: Armarouge\n|-resisted|p2b: Torkoal\n|-damage|p1a: Palafin|0 fnt\n|-damage|p2a: Armarouge|0 fnt\n|-damage|p2b: Torkoal|72\/100\n|faint|p1a: Palafin\n|faint|p2a: Armarouge\n|-activate|p2a: Armarouge|move: Destiny Bond\n|faint|p1b: Ting-Lu\n|\n|win|haha you rage quit\n|raw|Hisuo's rating: 1096 → 1075<\/strong> (-21 for losing)\n|raw|haha you rage quit's rating: 1140 → 1162<\/strong> (+22 for winning)\n","uploadtime":1683891604,"views":14,"p1id":"hisuo","p2id":"hahayouragequit","formatid":"gen9vgc2023regulationc","rating":1075,"private":0,"password":""}