{"id":"gen9vgc2023regulationc-1863279309","p1":"alenesse","p2":"RadiantBlue4552","format":"[Gen 9] VGC 2023 Regulation C","log":"|j|\u2606alenesse\n|j|\u2606RadiantBlue4552\n|t:|1683997166\n|gametype|doubles\n|player|p1|alenesse|blue|1325\n|player|p2|RadiantBlue4552|266|1362\n|teamsize|p1|6\n|teamsize|p2|6\n|gen|9\n|tier|[Gen 9] VGC 2023 Regulation C\n|rated|\n|rule|Species Clause: Limit one of each Pok\u00e9mon\n|rule|Item Clause: Limit one of each item\n|clearpoke\n|poke|p1|Dondozo, L50, M|\n|poke|p1|Tatsugiri-Droopy, L50, F|\n|poke|p1|Glimmora, L50, F|\n|poke|p1|Chi-Yu, L50|\n|poke|p1|Flutter Mane, L50|\n|poke|p1|Dragonite, L50, F|\n|poke|p2|Kingambit, L50, M|\n|poke|p2|Hariyama, L50, M|\n|poke|p2|Garchomp, L50, M|\n|poke|p2|Torkoal, L50, M|\n|poke|p2|Brute Bonnet, L50|\n|poke|p2|Oranguru, L50, F|\n|teampreview|4\n|inactive|Battle timer is ON: inactive players will automatically lose when time's up. (requested by alenesse)\n|\n|t:|1683997179\n|start\n|switch|p1a: Dragonite|Dragonite, L50, F|100\/100\n|switch|p1b: Glimmora|Glimmora, L50, F|100\/100\n|switch|p2a: Oranguru|Oranguru, L50, F|100\/100\n|switch|p2b: Hariyama|Hariyama, L50, M|100\/100\n|turn|1\n|\n|t:|1683997187\n|move|p2b: Hariyama|Fake Out|p1a: Dragonite\n|-damage|p1a: Dragonite|93\/100\n|cant|p1a: Dragonite|flinch\n|move|p1b: Glimmora|Mortal Spin|p2a: Oranguru|[spread] p2a,p2b\n|-damage|p2a: Oranguru|96\/100\n|-damage|p2b: Hariyama|95\/100\n|-status|p2a: Oranguru|psn\n|-status|p2b: Hariyama|psn\n|move|p2a: Oranguru|Trick Room|p2a: Oranguru\n|-fieldstart|move: Trick Room|[of] p2a: Oranguru\n|\n|-damage|p2b: Hariyama|82\/100 psn|[from] psn\n|-damage|p2a: Oranguru|84\/100 psn|[from] psn\n|upkeep\n|turn|2\n|\n|t:|1683997209\n|switch|p1a: Dondozo|Dondozo, L50, M|100\/100\n|switch|p1b: Flutter Mane|Flutter Mane, L50|100\/100\n|-enditem|p1b: Flutter Mane|Booster Energy\n|-activate|p1b: Flutter Mane|ability: Protosynthesis|[fromitem]\n|-start|p1b: Flutter Mane|protosynthesisspe\n|move|p2b: Hariyama|Close Combat|p1a: Dondozo\n|-damage|p1a: Dondozo|50\/100\n|-unboost|p2b: Hariyama|def|1\n|-unboost|p2b: Hariyama|spd|1\n|-enditem|p1a: Dondozo|Sitrus Berry|[eat]\n|-heal|p1a: Dondozo|75\/100|[from] item: Sitrus Berry\n|move|p2a: Oranguru|Instruct|p2b: Hariyama\n|-singleturn|p2b: Hariyama|move: Instruct|[of] p2a: Oranguru\n|move|p2b: Hariyama|Close Combat|p1a: Dondozo\n|-damage|p1a: Dondozo|27\/100\n|-unboost|p2b: Hariyama|def|1\n|-unboost|p2b: Hariyama|spd|1\n|\n|-damage|p2b: Hariyama|70\/100 psn|[from] psn\n|-damage|p2a: Oranguru|72\/100 psn|[from] psn\n|upkeep\n|turn|3\n|inactive|RadiantBlue4552 has 30 seconds left.\n|\n|t:|1683997243\n|move|p1b: Flutter Mane|Protect|p1b: Flutter Mane\n|-singleturn|p1b: Flutter Mane|Protect\n|move|p2b: Hariyama|Bullet Punch|p1b: Flutter Mane\n|-activate|p1b: Flutter Mane|move: Protect\n|move|p1a: Dondozo|Wave Crash|p2b: Hariyama\n|-damage|p2b: Hariyama|26\/100 psn\n|-damage|p1a: Dondozo|11\/100|[from] Recoil\n|move|p2a: Oranguru|Psychic|p1b: Flutter Mane\n|-activate|p1b: Flutter Mane|move: Protect\n|\n|-damage|p2b: Hariyama|13\/100 psn|[from] psn\n|-damage|p2a: Oranguru|59\/100 psn|[from] psn\n|upkeep\n|turn|4\n|\n|t:|1683997262\n|-end|p1b: Flutter Mane|Protosynthesis|[silent]\n|switch|p1b: Glimmora|Glimmora, L50, F|100\/100\n|move|p1a: Dondozo|Protect|p1a: Dondozo\n|-singleturn|p1a: Dondozo|Protect\n|move|p2b: Hariyama|Bullet Punch|p1b: Glimmora\n|-supereffective|p1b: Glimmora\n|-damage|p1b: Glimmora|56\/100\n|move|p2a: Oranguru|Psychic|p1a: Dondozo\n|-activate|p1a: Dondozo|move: Protect\n|\n|-damage|p2b: Hariyama|1\/100 psn|[from] psn\n|-damage|p2a: Oranguru|47\/100 psn|[from] psn\n|upkeep\n|turn|5\n|\n|t:|1683997280\n|move|p2b: Hariyama|Close Combat|p1b: Glimmora\n|-damage|p1b: Glimmora|0 fnt\n|-unboost|p2b: Hariyama|def|1\n|-unboost|p2b: Hariyama|spd|1\n|faint|p1b: Glimmora\n|move|p1a: Dondozo|Wave Crash|p2a: Oranguru\n|-damage|p2a: Oranguru|1\/100 psn\n|-damage|p1a: Dondozo|0 fnt|[from] Recoil\n|faint|p1a: Dondozo\n|move|p2a: Oranguru|Psychic|p1: Dondozo|[notarget]\n|-fail|p2a: Oranguru\n|\n|-damage|p2b: Hariyama|0 fnt|[from] psn\n|faint|p2b: Hariyama\n|-damage|p2a: Oranguru|0 fnt|[from] psn\n|faint|p2a: Oranguru\n|-fieldend|move: Trick Room\n|upkeep\n|\n|t:|1683997295\n|switch|p1b: Dragonite|Dragonite, L50, F|93\/100\n|switch|p2a: Brute Bonnet|Brute Bonnet, L50|100\/100\n|switch|p1a: Flutter Mane|Flutter Mane, L50|100\/100\n|switch|p2b: Torkoal|Torkoal, L50, M|100\/100\n|-weather|SunnyDay|[from] ability: Drought|[of] p2b: Torkoal\n|-activate|p1a: Flutter Mane|ability: Protosynthesis\n|-start|p1a: Flutter Mane|protosynthesisspe\n|-activate|p2a: Brute Bonnet|ability: Protosynthesis\n|-start|p2a: Brute Bonnet|protosynthesisatk\n|turn|6\n|\n|t:|1683997319\n|-terastallize|p2a: Brute Bonnet|Water\n|move|p1a: Flutter Mane|Substitute|p1a: Flutter Mane\n|-start|p1a: Flutter Mane|Substitute\n|-damage|p1a: Flutter Mane|76\/100\n|move|p1b: Dragonite|Aerial Ace|p2a: Brute Bonnet\n|-damage|p2a: Brute Bonnet|62\/100\n|move|p2a: Brute Bonnet|Spore|p1b: Dragonite\n|-status|p1b: Dragonite|slp|[from] move: Spore\n|move|p2b: Torkoal|Overheat|p1a: Flutter Mane\n|-end|p1a: Flutter Mane|Substitute\n|-unboost|p2b: Torkoal|spa|2\n|\n|-weather|SunnyDay|[upkeep]\n|upkeep\n|turn|7\n|\n|t:|1683997337\n|move|p1a: Flutter Mane|Protect|p1a: Flutter Mane\n|-singleturn|p1a: Flutter Mane|Protect\n|cant|p1b: Dragonite|slp\n|move|p2a: Brute Bonnet|Crunch|p1b: Dragonite\n|-damage|p1b: Dragonite|37\/100 slp\n|move|p2b: Torkoal|Eruption|p1b: Dragonite|[spread] p1b\n|-activate|p1a: Flutter Mane|move: Protect\n|-resisted|p1b: Dragonite\n|-damage|p1b: Dragonite|17\/100 slp\n|\n|-weather|SunnyDay|[upkeep]\n|upkeep\n|turn|8\n|\n|t:|1683997351\n|-terastallize|p1a: Flutter Mane|Fairy\n|move|p1a: Flutter Mane|Hex|p2b: Torkoal\n|-damage|p2b: Torkoal|58\/100\n|cant|p1b: Dragonite|slp\n|move|p2a: Brute Bonnet|Crunch|p1b: Dragonite\n|-damage|p1b: Dragonite|0 fnt\n|faint|p1b: Dragonite\n|move|p2b: Torkoal|Eruption|p1a: Flutter Mane\n|-damage|p1a: Flutter Mane|40\/100\n|\n|-weather|SunnyDay|[upkeep]\n|upkeep\n|turn|9\n|\n|t:|1683997371\n|move|p1a: Flutter Mane|Protect|p1a: Flutter Mane\n|-singleturn|p1a: Flutter Mane|Protect\n|move|p2a: Brute Bonnet|Seed Bomb|p1a: Flutter Mane\n|-activate|p1a: Flutter Mane|move: Protect\n|move|p2b: Torkoal|Overheat|p1a: Flutter Mane\n|-activate|p1a: Flutter Mane|move: Protect\n|\n|-weather|SunnyDay|[upkeep]\n|upkeep\n|turn|10\n|\n|t:|1683997386\n|move|p1a: Flutter Mane|Moonblast|p2a: Brute Bonnet\n|-damage|p2a: Brute Bonnet|6\/100\n|move|p2a: Brute Bonnet|Seed Bomb|p1a: Flutter Mane\n|-damage|p1a: Flutter Mane|0 fnt\n|faint|p1a: Flutter Mane\n|-end|p1a: Flutter Mane|Protosynthesis|[silent]\n|\n|win|RadiantBlue4552\n|raw|alenesse's rating: 1325 → 1307<\/strong> (-18 for losing)\n|raw|RadiantBlue4552's rating: 1362 → 1380<\/strong> (+18 for winning)\n|l|\u2606alenesse\n","uploadtime":1683997393,"views":3,"p1id":"alenesse","p2id":"radiantblue4552","formatid":"gen9vgc2023regulationc","rating":1307,"private":0,"password":""}