{"id":"gen9vgc2023regulationc-1846080666","p1":"tovurnak","p2":"xingtian666","format":"[Gen 9] VGC 2023 Regulation C","log":"|j|\u2606tovurnak\n|j|\u2606xingtian666\n|t:|1681803018\n|gametype|doubles\n|player|p1|tovurnak|swimmer-gen4dp|1420\n|player|p2|xingtian666|2|1429\n|teamsize|p1|6\n|teamsize|p2|6\n|gen|9\n|tier|[Gen 9] VGC 2023 Regulation C\n|rated|\n|rule|Species Clause: Limit one of each Pok\u00e9mon\n|rule|Item Clause: Limit one of each item\n|clearpoke\n|poke|p1|Abomasnow, L50, F|\n|poke|p1|Cetitan, L50, M|\n|poke|p1|Amoonguss, L50, M|\n|poke|p1|Ceruledge, L50, M|\n|poke|p1|Flutter Mane, L50|\n|poke|p1|Gyarados, L50, F|\n|poke|p2|Ting-Lu, L50|\n|poke|p2|Amoonguss, L50, F|\n|poke|p2|Abomasnow, L50, M|\n|poke|p2|Iron Bundle, L50|\n|poke|p2|Baxcalibur, L50, M|\n|poke|p2|Gyarados, L50, F|\n|teampreview|4\n|inactive|Battle timer is ON: inactive players will automatically lose when time's up. (requested by xingtian666)\n|inactive|tovurnak also wants the timer to be on.\n|inactive|tovurnak has 60 seconds left.\n|inactive|xingtian666 has 60 seconds left.\n|j| SerseCosmiVGC\n|inactive|tovurnak has 30 seconds left.\n|inactive|tovurnak has 20 seconds left.\n|\n|t:|1681803091\n|start\n|switch|p1a: Abomasnow|Abomasnow, L50, F|100\/100\n|switch|p1b: Cetitan|Cetitan, L50, M|100\/100\n|switch|p2a: Iron Bundle|Iron Bundle, L50, shiny|100\/100\n|switch|p2b: Abomasnow|Abomasnow, L50, M, shiny|100\/100\n|-weather|Snow|[from] ability: Snow Warning|[of] p2b: Abomasnow\n|-enditem|p2a: Iron Bundle|Booster Energy\n|-activate|p2a: Iron Bundle|ability: Quark Drive|[fromitem]\n|-start|p2a: Iron Bundle|quarkdrivespe\n|turn|1\n|inactive|tovurnak has 30 seconds left.\n|inactive|xingtian666 has 30 seconds left.\n|\n|t:|1681803121\n|-terastallize|p2b: Abomasnow|Fire\n|move|p2a: Iron Bundle|Protect|p2a: Iron Bundle\n|-singleturn|p2a: Iron Bundle|Protect\n|move|p1b: Cetitan|Heavy Slam|p2a: Iron Bundle\n|-activate|p2a: Iron Bundle|move: Protect\n|move|p2b: Abomasnow|Tera Blast|p1a: Abomasnow\n|-supereffective|p1a: Abomasnow\n|-enditem|p1a: Abomasnow|Focus Sash\n|-damage|p1a: Abomasnow|1\/100\n|move|p1a: Abomasnow|Aurora Veil|p1a: Abomasnow\n|-sidestart|p1: tovurnak|move: Aurora Veil\n|\n|-weather|Snow|[upkeep]\n|upkeep\n|turn|2\n|inactive|tovurnak has 30 seconds left.\n|inactive|tovurnak has 20 seconds left.\n|inactive|tovurnak has 15 seconds left.\n|inactive|tovurnak has 10 seconds left.\n|\n|t:|1681803170\n|switch|p1a: Ceruledge|Ceruledge, L50, M|100\/100\n|move|p2a: Iron Bundle|Icy Wind|p1b: Cetitan|[spread] p1a,p1b\n|-resisted|p1a: Ceruledge\n|-resisted|p1b: Cetitan\n|-damage|p1a: Ceruledge|95\/100\n|-damage|p1b: Cetitan|97\/100\n|-unboost|p1b: Cetitan|spe|1\n|move|p1b: Cetitan|Heavy Slam|p2a: Iron Bundle\n|-damage|p2a: Iron Bundle|69\/100\n|move|p2b: Abomasnow|Aurora Veil|p2b: Abomasnow\n|-sidestart|p2: xingtian666|move: Aurora Veil\n|\n|-weather|Snow|[upkeep]\n|upkeep\n|turn|3\n|l| SerseCosmiVGC\n|inactive|tovurnak has 30 seconds left.\n|\n|t:|1681803202\n|-terastallize|p1a: Ceruledge|Grass\n|move|p2a: Iron Bundle|Hydro Pump|p1a: Ceruledge\n|-resisted|p1a: Ceruledge\n|-damage|p1a: Ceruledge|80\/100\n|move|p1b: Cetitan|Liquidation|p2b: Abomasnow\n|-supereffective|p2b: Abomasnow\n|-damage|p2b: Abomasnow|47\/100\n|move|p2b: Abomasnow|Blizzard|p1b: Cetitan|[spread] p1a,p1b\n|-supereffective|p1a: Ceruledge\n|-resisted|p1b: Cetitan\n|-damage|p1a: Ceruledge|44\/100\n|-damage|p1b: Cetitan|90\/100\n|move|p1a: Ceruledge|Bulk Up|p1a: Ceruledge\n|-boost|p1a: Ceruledge|atk|1\n|-boost|p1a: Ceruledge|def|1\n|\n|-weather|Snow|[upkeep]\n|upkeep\n|turn|4\n|inactive|tovurnak has 30 seconds left.\n|inactive|xingtian666 has 30 seconds left.\n|inactive|xingtian666 has 20 seconds left.\n|\n|t:|1681803240\n|switch|p2b: Baxcalibur|Baxcalibur, L50, M, shiny|100\/100\n|move|p1a: Ceruledge|Protect|p1a: Ceruledge\n|-singleturn|p1a: Ceruledge|Protect\n|move|p2a: Iron Bundle|Blizzard|p1a: Ceruledge|[spread] p1b\n|-activate|p1a: Ceruledge|move: Protect\n|-resisted|p1b: Cetitan\n|-damage|p1b: Cetitan|81\/100\n|move|p1b: Cetitan|Liquidation|p2b: Baxcalibur\n|-resisted|p2b: Baxcalibur\n|-damage|p2b: Baxcalibur|94\/100\n|-unboost|p2b: Baxcalibur|def|1\n|\n|-weather|Snow|[upkeep]\n|upkeep\n|turn|5\n|inactive|tovurnak has 30 seconds left.\n|inactive|xingtian666 has 30 seconds left.\n|\n|t:|1681803275\n|move|p2a: Iron Bundle|Blizzard|p1b: Cetitan|[spread] p1a,p1b\n|-supereffective|p1a: Ceruledge\n|-resisted|p1b: Cetitan\n|-damage|p1a: Ceruledge|5\/100\n|-damage|p1b: Cetitan|74\/100\n|move|p1b: Cetitan|Heavy Slam|p2a: Iron Bundle\n|-damage|p2a: Iron Bundle|49\/100\n|move|p2b: Baxcalibur|Icicle Spear|p1a: Ceruledge\n|-supereffective|p1a: Ceruledge\n|-damage|p1a: Ceruledge|0 fnt\n|faint|p1a: Ceruledge\n|-hitcount|p1: Ceruledge|1\n|\n|-weather|none\n|-sideend|p1: tovurnak|move: Aurora Veil\n|upkeep\n|\n|t:|1681803282\n|switch|p1a: Abomasnow|Abomasnow, L50, F|1\/100\n|-weather|Snow|[from] ability: Snow Warning|[of] p1a: Abomasnow\n|turn|6\n|inactive|xingtian666 has 30 seconds left.\n|\n|t:|1681803312\n|move|p2a: Iron Bundle|Icy Wind|p1b: Cetitan|[spread] p1a,p1b\n|-resisted|p1b: Cetitan\n|-damage|p1a: Abomasnow|0 fnt\n|-damage|p1b: Cetitan|68\/100\n|-unboost|p1b: Cetitan|spe|1\n|faint|p1a: Abomasnow\n|move|p2b: Baxcalibur|Icicle Spear|p1b: Cetitan\n|-resisted|p1b: Cetitan\n|-damage|p1b: Cetitan|63\/100\n|-resisted|p1b: Cetitan\n|-damage|p1b: Cetitan|57\/100\n|-resisted|p1b: Cetitan\n|-damage|p1b: Cetitan|52\/100\n|-resisted|p1b: Cetitan\n|-damage|p1b: Cetitan|46\/100\n|-resisted|p1b: Cetitan\n|-damage|p1b: Cetitan|41\/100\n|-hitcount|p1b: Cetitan|5\n|move|p1b: Cetitan|Heavy Slam|p2a: Iron Bundle\n|-damage|p2a: Iron Bundle|28\/100\n|\n|-weather|Snow|[upkeep]\n|upkeep\n|\n|t:|1681803315\n|switch|p1a: Mimi|Flutter Mane, L50|100\/100\n|-enditem|p1a: Mimi|Booster Energy\n|-activate|p1a: Mimi|ability: Protosynthesis|[fromitem]\n|-start|p1a: Mimi|protosynthesisspa\n|turn|7\n|inactive|tovurnak has 30 seconds left.\n|inactive|tovurnak has 20 seconds left.\n|inactive|tovurnak has 15 seconds left.\n|\n|t:|1681803358\n|move|p2a: Iron Bundle|Icy Wind|p1a: Mimi|[spread] p1a,p1b\n|-resisted|p1b: Cetitan\n|-damage|p1a: Mimi|82\/100\n|-damage|p1b: Cetitan|35\/100\n|-unboost|p1a: Mimi|spe|1\n|-unboost|p1b: Cetitan|spe|1\n|move|p2b: Baxcalibur|Icicle Spear|p1a: Mimi\n|-damage|p1a: Mimi|58\/100\n|-damage|p1a: Mimi|36\/100\n|-damage|p1a: Mimi|12\/100\n|-damage|p1a: Mimi|0 fnt\n|faint|p1a: Mimi\n|-end|p1a: Mimi|Protosynthesis|[silent]\n|-hitcount|p1: Mimi|4\n|move|p1b: Cetitan|Heavy Slam|p2a: Iron Bundle\n|-damage|p2a: Iron Bundle|7\/100\n|\n|-weather|Snow|[upkeep]\n|upkeep\n|turn|8\n|-message|tovurnak forfeited.\n|\n|win|xingtian666\n|raw|tovurnak's rating: 1420 → 1401<\/strong> (-19 for losing)\n|raw|xingtian666's rating: 1429 → 1448<\/strong> (+19 for winning)\n|l|\u2606tovurnak\n","uploadtime":1681803449,"views":11,"p1id":"tovurnak","p2id":"xingtian666","formatid":"gen9vgc2023regulationc","rating":1401,"private":0,"password":""}