{"id":"gen9vgc2023regulationc-1845113540","p1":"SpiritualBiscuit","p2":"bbarre","format":"[Gen 9] VGC 2023 Regulation C","log":"|j|\u2606SpiritualBiscuit\n|j|\u2606bbarre\n|t:|1681685097\n|gametype|doubles\n|player|p1|SpiritualBiscuit|pokemaniac|1085\n|player|p2|bbarre|yellow|1163\n|teamsize|p1|6\n|teamsize|p2|6\n|gen|9\n|tier|[Gen 9] VGC 2023 Regulation C\n|rated|\n|rule|Species Clause: Limit one of each Pok\u00e9mon\n|rule|Item Clause: Limit one of each item\n|clearpoke\n|poke|p1|Talonflame, L50, M|\n|poke|p1|Espathra, L50, F|\n|poke|p1|Iron Bundle, L50|\n|poke|p1|Sandy Shocks, L50|\n|poke|p1|Tsareena, L50, F|\n|poke|p1|Chi-Yu, L50|\n|poke|p2|Iron Moth, L50|\n|poke|p2|Tinkaton, L50, F|\n|poke|p2|Gastrodon, L50, F|\n|poke|p2|Tyranitar, L50, M|\n|poke|p2|Chien-Pao, L50|\n|poke|p2|Amoonguss, L50, F|\n|teampreview|4\n|c|\u2606bbarre|glhf\nbbarre has agreed to open team sheets.\nSpiritualBiscuit rejected open team sheets.\n|inactive|Battle timer is ON: inactive players will automatically lose when time's up. (requested by SpiritualBiscuit)\n|c|\u2606SpiritualBiscuit|glhf\n|inactive|bbarre has 60 seconds left.\n|inactive|bbarre has 30 seconds left.\n|\n|t:|1681685172\n|start\n|switch|p1a: RaRaOLaLa|Espathra, L50, F, shiny|100\/100\n|switch|p1b: Polvo\u00edman|Sandy Shocks, L50, shiny|100\/100\n|switch|p2a: MOTH(?)|Iron Moth, L50|100\/100\n|switch|p2b: TT|Tyranitar, L50, M|100\/100\n|-weather|Sandstorm|[from] ability: Sand Stream|[of] p2b: TT\n|-enditem|p2a: MOTH(?)|Booster Energy\n|-activate|p2a: MOTH(?)|ability: Quark Drive|[fromitem]\n|-start|p2a: MOTH(?)|quarkdrivespa\n|-enditem|p1b: Polvo\u00edman|Booster Energy\n|-activate|p1b: Polvo\u00edman|ability: Protosynthesis|[fromitem]\n|-start|p1b: Polvo\u00edman|protosynthesisspe\n|turn|1\n|inactive|bbarre has 30 seconds left.\n|\n|t:|1681685202\n|move|p1b: Polvo\u00edman|Protect|p1b: Polvo\u00edman\n|-singleturn|p1b: Polvo\u00edman|Protect\n|move|p2a: MOTH(?)|Protect|p2a: MOTH(?)\n|-singleturn|p2a: MOTH(?)|Protect\n|move|p1a: RaRaOLaLa|Protect|p1a: RaRaOLaLa\n|-singleturn|p1a: RaRaOLaLa|Protect\n|move|p2b: TT|Dragon Dance|p2b: TT\n|-boost|p2b: TT|atk|1\n|-boost|p2b: TT|spe|1\n|\n|-weather|Sandstorm|[upkeep]\n|-damage|p2a: MOTH(?)|95\/100|[from] Sandstorm\n|-damage|p1a: RaRaOLaLa|95\/100|[from] Sandstorm\n|-ability|p1a: RaRaOLaLa|Speed Boost|boost\n|-boost|p1a: RaRaOLaLa|spe|1\n|upkeep\n|turn|2\n|inactive|bbarre has 30 seconds left.\n|\n|t:|1681685236\n|move|p2b: TT|Protect|p2b: TT\n|-singleturn|p2b: TT|Protect\n|move|p1b: Polvo\u00edman|Gravity|p1b: Polvo\u00edman\n|-fieldstart|move: Gravity\n|move|p1a: RaRaOLaLa|Hypnosis|p2b: TT\n|-activate|p2b: TT|move: Protect\n|move|p2a: MOTH(?)|Energy Ball|p1b: Polvo\u00edman\n|-supereffective|p1b: Polvo\u00edman\n|-damage|p1b: Polvo\u00edman|12\/100\n|\n|-weather|Sandstorm|[upkeep]\n|-damage|p1a: RaRaOLaLa|89\/100|[from] Sandstorm\n|-damage|p2a: MOTH(?)|89\/100|[from] Sandstorm\n|-ability|p1a: RaRaOLaLa|Speed Boost|boost\n|-boost|p1a: RaRaOLaLa|spe|1\n|upkeep\n|turn|3\n|inactive|bbarre has 30 seconds left.\n|inactive|bbarre has 20 seconds left.\n|inactive|bbarre has 15 seconds left.\n|\n|t:|1681685277\n|move|p1b: Polvo\u00edman|Protect|p1b: Polvo\u00edman\n|-singleturn|p1b: Polvo\u00edman|Protect\n|move|p1a: RaRaOLaLa|Hypnosis|p2b: TT\n|-status|p2b: TT|slp|[from] move: Hypnosis\n|move|p2a: MOTH(?)|Energy Ball|p1b: Polvo\u00edman\n|-activate|p1b: Polvo\u00edman|move: Protect\n|cant|p2b: TT|slp\n|\n|-weather|Sandstorm|[upkeep]\n|-damage|p1a: RaRaOLaLa|83\/100|[from] Sandstorm\n|-damage|p2a: MOTH(?)|83\/100|[from] Sandstorm\n|-ability|p1a: RaRaOLaLa|Speed Boost|boost\n|-boost|p1a: RaRaOLaLa|spe|1\n|upkeep\n|turn|4\n|inactive|SpiritualBiscuit has 30 seconds left.\n|\n|t:|1681685306\n|-end|p1b: Polvo\u00edman|Protosynthesis|[silent]\n|switch|p1b: Mr. Blublu|Chi-Yu, L50|100\/100\n|-ability|p1b: Mr. Blublu|Beads of Ruin\n|move|p1a: RaRaOLaLa|Hypnosis|p2a: MOTH(?)\n|-status|p2a: MOTH(?)|slp|[from] move: Hypnosis\n|cant|p2a: MOTH(?)|slp\n|-curestatus|p2b: TT|slp|[msg]\n|move|p2b: TT|Crunch|p1a: RaRaOLaLa\n|-supereffective|p1a: RaRaOLaLa\n|-damage|p1a: RaRaOLaLa|0 fnt\n|faint|p1a: RaRaOLaLa\n|\n|-weather|Sandstorm|[upkeep]\n|-damage|p2a: MOTH(?)|77\/100 slp|[from] Sandstorm\n|-damage|p1b: Mr. Blublu|94\/100|[from] Sandstorm\n|upkeep\n|\n|t:|1681685319\n|switch|p1a: Pinguiloco|Iron Bundle, L50, shiny|100\/100\n|turn|5\n|inactive|SpiritualBiscuit has 30 seconds left.\n|\n|t:|1681685347\n|move|p2b: TT|Protect|p2b: TT\n|-singleturn|p2b: TT|Protect\n|move|p1a: Pinguiloco|Hydro Pump|p2b: TT\n|-activate|p2b: TT|move: Protect\n|cant|p2a: MOTH(?)|slp\n|move|p1b: Mr. Blublu|Psychic|p2a: MOTH(?)\n|-supereffective|p2a: MOTH(?)\n|-damage|p2a: MOTH(?)|0 fnt\n|faint|p2a: MOTH(?)\n|-end|p2a: MOTH(?)|Quark Drive|[silent]\n|\n|-weather|none\n|upkeep\n|\n|t:|1681685366\n|switch|p2a: \u00b0o\u00b0|Amoonguss, L50, F|100\/100\n|turn|6\n|\n|t:|1681685390\n|-terastallize|p1a: Pinguiloco|Ice\n|move|p2a: \u00b0o\u00b0|Rage Powder|p2a: \u00b0o\u00b0\n|-singleturn|p2a: \u00b0o\u00b0|move: Rage Powder\n|move|p1a: Pinguiloco|Blizzard|p2a: \u00b0o\u00b0|[spread] p2a,p2b\n|-supereffective|p2a: \u00b0o\u00b0\n|-damage|p2a: \u00b0o\u00b0|0 fnt\n|-damage|p2b: TT|36\/100\n|faint|p2a: \u00b0o\u00b0\n|move|p1b: Mr. Blublu|Psychic|p2b: TT\n|-immune|p2b: TT\n|move|p2b: TT|Rock Slide|p1b: Mr. Blublu|[spread] p1a,p1b\n|-supereffective|p1a: Pinguiloco\n|-supereffective|p1b: Mr. Blublu\n|-enditem|p1a: Pinguiloco|Focus Sash\n|-damage|p1a: Pinguiloco|1\/100\n|-damage|p1b: Mr. Blublu|0 fnt\n|faint|p1b: Mr. Blublu\n|\n|-fieldend|move: Gravity\n|upkeep\n|\n|t:|1681685405\n|switch|p1b: Polvo\u00edman|Sandy Shocks, L50, shiny|12\/100\n|switch|p2a: CAT|Chien-Pao, L50|100\/100\n|-ability|p2a: CAT|Sword of Ruin\n|turn|7\n|-message|SpiritualBiscuit forfeited.\n|\n|win|bbarre\n|raw|SpiritualBiscuit's rating: 1085 → 1067<\/strong> (-18 for losing)\n|raw|bbarre's rating: 1163 → 1182<\/strong> (+19 for winning)\n|l|\u2606SpiritualBiscuit\n|c|\u2606bbarre|gg\n","uploadtime":1681685418,"views":15,"p1id":"spiritualbiscuit","p2id":"bbarre","formatid":"gen9vgc2023regulationc","rating":1067,"private":0,"password":""}