{"id":"gen9vgc2023regulationc-1854812491","p1":"DuskMTG","p2":"deazy fool","format":"[Gen 9] VGC 2023 Regulation C","log":"|j|\u2606DuskMTG\n|j|\u2606deazy fool\n|t:|1682868988\n|gametype|doubles\n|player|p1|DuskMTG|1|1133\n|player|p2|deazy fool|roxie|1052\n|teamsize|p1|6\n|teamsize|p2|6\n|gen|9\n|tier|[Gen 9] VGC 2023 Regulation C\n|rated|\n|rule|Species Clause: Limit one of each Pok\u00e9mon\n|rule|Item Clause: Limit one of each item\n|clearpoke\n|poke|p1|Gengar, L50, M|\n|poke|p1|Talonflame, L50, F|\n|poke|p1|Annihilape, L50, M|\n|poke|p1|Azumarill, L50, F|\n|poke|p1|Arboliva, L50, F|\n|poke|p1|Grimmsnarl, L50, M|\n|poke|p2|Gothitelle, L50, M|\n|poke|p2|Gothorita, L50, F|\n|poke|p2|Glimmora, L50, M|\n|poke|p2|Scream Tail, L50|\n|poke|p2|Palafin, L50, M|\n|poke|p2|Tyranitar, L50, M|\n|teampreview|4\n|\n|t:|1682869034\n|start\n|switch|p1a: Grimmsnarl|Grimmsnarl, L50, M|100\/100\n|switch|p1b: Talonflame|Talonflame, L50, F|100\/100\n|switch|p2a: Scream Tail|Scream Tail, L50|100\/100\n|switch|p2b: Glimmora|Glimmora, L50, M|100\/100\n|-enditem|p2a: Scream Tail|Booster Energy\n|-activate|p2a: Scream Tail|ability: Protosynthesis|[fromitem]\n|-start|p2a: Scream Tail|protosynthesisspe\n|turn|1\n|\n|t:|1682869068\n|move|p1b: Talonflame|Tailwind|p1b: Talonflame\n|-sidestart|p1: DuskMTG|move: Tailwind\n|move|p1a: Grimmsnarl|Light Screen|p1a: Grimmsnarl\n|-sidestart|p1: DuskMTG|move: Light Screen\n|move|p2a: Scream Tail|Encore|p1b: Talonflame\n|-start|p1b: Talonflame|Encore\n|move|p2b: Glimmora|Mortal Spin|p1b: Talonflame|[spread] p1a,p1b\n|-supereffective|p1a: Grimmsnarl\n|-damage|p1a: Grimmsnarl|94\/100\n|-damage|p1b: Talonflame|94\/100\n|-status|p1a: Grimmsnarl|psn\n|\n|-damage|p1a: Grimmsnarl|81\/100 psn|[from] psn\n|upkeep\n|turn|2\n|\n|t:|1682869088\n|switch|p1b: Gengar|Gengar, L50, M|100\/100\n|switch|p2b: Gothitelle|Gothitelle, L50, M|100\/100\n|move|p1a: Grimmsnarl|Reflect|p1a: Grimmsnarl\n|-sidestart|p1: DuskMTG|Reflect\n|move|p2a: Scream Tail|Perish Song|p2a: Scream Tail\n|-start|p1a: Grimmsnarl|perish3|[silent]\n|-start|p1b: Gengar|perish3|[silent]\n|-start|p2a: Scream Tail|perish3|[silent]\n|-start|p2b: Gothitelle|perish3|[silent]\n|-fieldactivate|move: Perish Song\n|\n|-damage|p1a: Grimmsnarl|69\/100 psn|[from] psn\n|-start|p1b: Gengar|perish3\n|-start|p2a: Scream Tail|perish3\n|-start|p1a: Grimmsnarl|perish3\n|-start|p2b: Gothitelle|perish3\n|upkeep\n|turn|3\n|\n|t:|1682869123\n|-terastallize|p2a: Scream Tail|Steel\n|move|p1b: Gengar|Protect|p1b: Gengar\n|-singleturn|p1b: Gengar|Protect\n|move|p2b: Gothitelle|Protect|p2b: Gothitelle\n|-singleturn|p2b: Gothitelle|Protect\n|move|p2a: Scream Tail|Encore|p1a: Grimmsnarl\n|-start|p1a: Grimmsnarl|Encore\n|move|p1a: Grimmsnarl|Reflect||[still]\n|-fail|p1a: Grimmsnarl\n|\n|-damage|p1a: Grimmsnarl|56\/100 psn|[from] psn\n|-start|p1b: Gengar|perish2\n|-start|p2a: Scream Tail|perish2\n|-start|p1a: Grimmsnarl|perish2\n|-start|p2b: Gothitelle|perish2\n|upkeep\n|turn|4\n|\n|t:|1682869154\n|switch|p1b: Azumarill|Azumarill, L50, F|100\/100\n|-end|p2a: Scream Tail|Protosynthesis|[silent]\n|switch|p2a: Gothorita|Gothorita, L50, F, shiny|100\/100\n|switch|p2b: Glimmora|Glimmora, L50, M|100\/100\n|move|p1a: Grimmsnarl|Reflect||[still]\n|-fail|p1a: Grimmsnarl\n|\n|-damage|p1a: Grimmsnarl|44\/100 psn|[from] psn\n|-start|p1a: Grimmsnarl|perish1\n|-sideend|p1: DuskMTG|move: Tailwind\n|upkeep\n|turn|5\n|\n|t:|1682869178\n|move|p2a: Gothorita|Fake Out|p1b: Azumarill\n|-damage|p1b: Azumarill|97\/100\n|move|p1a: Grimmsnarl|Reflect||[still]\n|-fail|p1a: Grimmsnarl\n|move|p2b: Glimmora|Sludge Bomb|p1b: Azumarill\n|-supereffective|p1b: Azumarill\n|-damage|p1b: Azumarill|27\/100\n|-status|p1b: Azumarill|psn\n|-enditem|p1b: Azumarill|Sitrus Berry|[eat]\n|-heal|p1b: Azumarill|51\/100 psn|[from] item: Sitrus Berry\n|cant|p1b: Azumarill|flinch\n|\n|-damage|p1a: Grimmsnarl|32\/100 psn|[from] psn\n|-damage|p1b: Azumarill|39\/100 psn|[from] psn\n|-end|p1a: Grimmsnarl|Encore\n|-start|p1a: Grimmsnarl|perish0\n|faint|p1a: Grimmsnarl\n|upkeep\n|\n|t:|1682869194\n|switch|p1a: Talonflame|Talonflame, L50, F|94\/100\n|turn|6\n|\n|t:|1682869207\n|switch|p2b: Gothitelle|Gothitelle, L50, M|100\/100\n|move|p1b: Azumarill|Aqua Jet|p2b: Gothitelle\n|-damage|p2b: Gothitelle|77\/100\n|move|p1a: Talonflame|Taunt|p2a: Gothorita\n|-start|p2a: Gothorita|move: Taunt\n|cant|p2a: Gothorita|move: Taunt|Charm\n|\n|-damage|p1b: Azumarill|27\/100 psn|[from] psn\n|upkeep\n|turn|7\n|\n|t:|1682869225\n|move|p2b: Gothitelle|Fake Out|p1a: Talonflame\n|-damage|p1a: Talonflame|88\/100\n|move|p1a: Talonflame|Taunt|p2b: Gothitelle\n|-start|p2b: Gothitelle|move: Taunt\n|move|p2a: Gothorita|Foul Play|p1b: Azumarill\n|-resisted|p1b: Azumarill\n|-damage|p1b: Azumarill|20\/100 psn\n|move|p1b: Azumarill|Play Rough|p2b: Gothitelle\n|-damage|p2b: Gothitelle|23\/100\n|\n|-damage|p1b: Azumarill|8\/100 psn|[from] psn\n|upkeep\n|turn|8\n|c|\u2606deazy fool|Covet\n|\n|t:|1682869252\n|switch|p2b: Glimmora|Glimmora, L50, M|100\/100\n|move|p1b: Azumarill|Aqua Jet|p2b: Glimmora\n|-supereffective|p2b: Glimmora\n|-damage|p2b: Glimmora|46\/100\n|-activate|p2b: Glimmora|ability: Toxic Debris\n|-sidestart|p1: DuskMTG|move: Toxic Spikes\n|move|p1a: Talonflame|Brave Bird|p2b: Glimmora\n|-resisted|p2b: Glimmora\n|-damage|p2b: Glimmora|25\/100\n|-activate|p2b: Glimmora|ability: Toxic Debris\n|-sidestart|p1: DuskMTG|move: Toxic Spikes\n|-damage|p1a: Talonflame|80\/100|[from] Recoil\n|move|p2a: Gothorita|Foul Play|p1a: Talonflame\n|-damage|p1a: Talonflame|55\/100\n|\n|-damage|p1b: Azumarill|0 fnt|[from] psn\n|faint|p1b: Azumarill\n|-end|p2a: Gothorita|move: Taunt\n|-sideend|p1: DuskMTG|move: Light Screen\n|upkeep\n|\n|t:|1682869270\n|switch|p1b: Gengar|Gengar, L50, M|100\/100\n|-sideend|p1: DuskMTG|move: Toxic Spikes|[of] p1b: Gengar\n|turn|9\n|\n|t:|1682869285\n|switch|p2a: Scream Tail|Scream Tail, L50, tera:Steel|100\/100\n|move|p1a: Talonflame|Taunt|p2a: Scream Tail\n|-start|p2a: Scream Tail|move: Taunt\n|move|p1b: Gengar|Shadow Ball|p2b: Glimmora\n|-damage|p2b: Glimmora|0 fnt\n|faint|p2b: Glimmora\n|\n|-sideend|p1: DuskMTG|Reflect\n|upkeep\n|\n|t:|1682869295\n|switch|p2b: Gothorita|Gothorita, L50, F, shiny|100\/100\n|turn|10\n|\n|t:|1682869309\n|move|p1a: Talonflame|Taunt|p2b: Gothorita\n|-start|p2b: Gothorita|move: Taunt\n|move|p1b: Gengar|Sludge Bomb|p2b: Gothorita\n|-damage|p2b: Gothorita|71\/100\n|move|p2a: Scream Tail|Play Rough|p1a: Talonflame\n|-resisted|p1a: Talonflame\n|-damage|p1a: Talonflame|38\/100\n|move|p2b: Gothorita|Foul Play|p1b: Gengar\n|-supereffective|p1b: Gengar\n|-damage|p1b: Gengar|52\/100\n|-start|p2b: Gothorita|Disable|Foul Play|[from] ability: Cursed Body|[of] p1b: Gengar\n|\n|upkeep\n|turn|11\n|\n|t:|1682869331\n|switch|p2b: Gothitelle|Gothitelle, L50, M|23\/100\n|move|p1a: Talonflame|Flare Blitz|p2a: Scream Tail\n|-supereffective|p2a: Scream Tail\n|-damage|p2a: Scream Tail|29\/100\n|-damage|p1a: Talonflame|6\/100|[from] Recoil\n|move|p1b: Gengar|Shadow Ball|p2b: Gothitelle\n|-supereffective|p2b: Gothitelle\n|-damage|p2b: Gothitelle|0 fnt\n|faint|p2b: Gothitelle\n|move|p2a: Scream Tail|Play Rough|p1a: Talonflame|[miss]\n|-miss|p2a: Scream Tail|p1a: Talonflame\n|\n|-end|p2a: Scream Tail|move: Taunt\n|upkeep\n|\n|t:|1682869333\n|switch|p2b: Gothorita|Gothorita, L50, F, shiny|71\/100\n|turn|12\n|\n|t:|1682869351\n|move|p2b: Gothorita|Fake Out|p1a: Talonflame\n|-damage|p1a: Talonflame|0 fnt\n|faint|p1a: Talonflame\n|move|p1b: Gengar|Shadow Ball|p2b: Gothorita\n|-supereffective|p2b: Gothorita\n|-damage|p2b: Gothorita|14\/100\n|move|p2a: Scream Tail|Perish Song|p2a: Scream Tail\n|-start|p1b: Gengar|perish3|[silent]\n|-start|p2a: Scream Tail|perish3|[silent]\n|-start|p2b: Gothorita|perish3|[silent]\n|-fieldactivate|move: Perish Song\n|\n|-start|p1b: Gengar|perish3\n|-start|p2a: Scream Tail|perish3\n|-start|p2b: Gothorita|perish3\n|upkeep\n|turn|13\n|\n|t:|1682869372\n|move|p2b: Gothorita|Helping Hand|p2a: Scream Tail\n|-singleturn|p2a: Scream Tail|Helping Hand|[of] p2b: Gothorita\n|move|p1b: Gengar|Shadow Ball|p2b: Gothorita\n|-supereffective|p2b: Gothorita\n|-damage|p2b: Gothorita|0 fnt\n|faint|p2b: Gothorita\n|move|p2a: Scream Tail|Play Rough|p1b: Gengar\n|-resisted|p1b: Gengar\n|-damage|p1b: Gengar|20\/100\n|-start|p2a: Scream Tail|Disable|Play Rough|[from] ability: Cursed Body|[of] p1b: Gengar\n|\n|-start|p1b: Gengar|perish2\n|-start|p2a: Scream Tail|perish2\n|upkeep\n|turn|14\n|\n|t:|1682869388\n|move|p1b: Gengar|Shadow Ball|p2a: Scream Tail\n|-damage|p2a: Scream Tail|0 fnt\n|faint|p2a: Scream Tail\n|-end|p2a: Scream Tail|Protosynthesis|[silent]\n|\n|win|DuskMTG\n|raw|DuskMTG's rating: 1133 → 1152<\/strong> (+19 for winning)\n|raw|deazy fool's rating: 1052 → 1038<\/strong> (-14 for losing)\n","uploadtime":1682869393,"views":22,"p1id":"duskmtg","p2id":"deazyfool","formatid":"gen9vgc2023regulationc","rating":1038,"private":0,"password":""}