{"id":"gen9vgc2023regulationc-1863519643","p1":"Thanias1","p2":"DatGuyJimmeh","format":"[Gen 9] VGC 2023 Regulation C","log":"|j|\u2606Thanias1\n|j|\u2606DatGuyJimmeh\n|t:|1684028578\n|gametype|doubles\n|player|p1|Thanias1|cameraman|1404\n|player|p2|DatGuyJimmeh|harlequin|1420\n|teamsize|p1|6\n|teamsize|p2|6\n|gen|9\n|tier|[Gen 9] VGC 2023 Regulation C\n|rated|\n|rule|Species Clause: Limit one of each Pok\u00e9mon\n|rule|Item Clause: Limit one of each item\n|clearpoke\n|poke|p1|Scream Tail, L50|\n|poke|p1|Iron Bundle, L50|\n|poke|p1|Flutter Mane, L50|\n|poke|p1|Chi-Yu, L50|\n|poke|p1|Amoonguss, L50, M|\n|poke|p1|Annihilape, L50, F|\n|poke|p2|Murkrow, L50, F|\n|poke|p2|Tinkaton, L50, F|\n|poke|p2|Iron Moth, L50|\n|poke|p2|Gholdengo, L50|\n|poke|p2|Dragonite, L50, F|\n|poke|p2|Wo-Chien, L50|\n|teampreview|4\nDatGuyJimmeh has agreed to open team sheets.\nThanias1 has agreed to open team sheets.\n|inactive|Battle timer is ON: inactive players will automatically lose when time's up. (requested by Thanias1)\n|inactive|Thanias1 has 60 seconds left.\n|inactive|DatGuyJimmeh has 60 seconds left.\n|inactive|Thanias1 has 30 seconds left.\n|inactive|Thanias1 has 20 seconds left.\n|\n|t:|1684028659\n|start\n|switch|p1a: Flutter Mane|Flutter Mane, L50|100\/100\n|switch|p1b: Chi-Yu|Chi-Yu, L50|100\/100\n|switch|p2a: Murkrow|Murkrow, L50, F|100\/100\n|switch|p2b: Iron Moth|Iron Moth, L50|100\/100\n|-ability|p1b: Chi-Yu|Beads of Ruin\n|-enditem|p2b: Iron Moth|Booster Energy\n|-activate|p2b: Iron Moth|ability: Quark Drive|[fromitem]\n|-start|p2b: Iron Moth|quarkdrivespa\n|turn|1\n|inactive|Thanias1 has 30 seconds left.\n|inactive|DatGuyJimmeh has 30 seconds left.\n|inactive|Thanias1 has 20 seconds left.\n|inactive|DatGuyJimmeh has 20 seconds left.\n|inactive|Thanias1 has 15 seconds left.\n|inactive|DatGuyJimmeh has 15 seconds left.\n|inactive|Thanias1 has 10 seconds left.\n|\n|t:|1684028705\n|move|p2b: Iron Moth|Protect|p2b: Iron Moth\n|-singleturn|p2b: Iron Moth|Protect\n|move|p2a: Murkrow|Tailwind|p2a: Murkrow\n|-sidestart|p2: DatGuyJimmeh|move: Tailwind\n|move|p1a: Flutter Mane|Power Gem|p2b: Iron Moth\n|-activate|p2b: Iron Moth|move: Protect\n|move|p1b: Chi-Yu|Heat Wave|p2a: Murkrow|[spread] p2a\n|-activate|p2b: Iron Moth|move: Protect\n|-damage|p2a: Murkrow|50\/100\n|\n|upkeep\n|turn|2\n|\n|t:|1684028722\n|-end|p1a: Flutter Mane|Protosynthesis|[silent]\n|switch|p1a: Annihilape|Annihilape, L50, F|100\/100\n|-terastallize|p2b: Iron Moth|Grass\n|move|p2a: Murkrow|Sunny Day|p2a: Murkrow\n|-weather|SunnyDay\n|move|p2b: Iron Moth|Heat Wave|p1b: Chi-Yu|[spread] p1a,p1b\n|-resisted|p1b: Chi-Yu\n|-damage|p1a: Annihilape|13\/100\n|-damage|p1b: Chi-Yu|60\/100\n|-enditem|p1a: Annihilape|Sitrus Berry|[eat]\n|-heal|p1a: Annihilape|38\/100|[from] item: Sitrus Berry\n|move|p1b: Chi-Yu|Heat Wave|p2b: Iron Moth|[spread] \n|-miss|p1b: Chi-Yu|p2a: Murkrow\n|-miss|p1b: Chi-Yu|p2b: Iron Moth\n|\n|-weather|SunnyDay|[upkeep]\n|upkeep\n|turn|3\n|c|\u2606Thanias1|:(\n|inactive|DatGuyJimmeh has 30 seconds left.\n|\n|t:|1684028751\n|move|p1b: Chi-Yu|Protect|p1b: Chi-Yu\n|-singleturn|p1b: Chi-Yu|Protect\n|move|p1a: Annihilape|Protect|p1a: Annihilape\n|-singleturn|p1a: Annihilape|Protect\n|move|p2b: Iron Moth|Heat Wave|p1b: Chi-Yu|[spread] \n|-activate|p1a: Annihilape|move: Protect\n|-activate|p1b: Chi-Yu|move: Protect\n|move|p2a: Murkrow|Foul Play|p1b: Chi-Yu\n|-activate|p1b: Chi-Yu|move: Protect\n|\n|-weather|SunnyDay|[upkeep]\n|upkeep\n|turn|4\n|\n|t:|1684028770\n|move|p2b: Iron Moth|Heat Wave|p1a: Annihilape|[spread] p1a,p1b\n|-resisted|p1b: Chi-Yu\n|-damage|p1a: Annihilape|0 fnt\n|-damage|p1b: Chi-Yu|17\/100\n|faint|p1a: Annihilape\n|move|p2a: Murkrow|Foul Play|p1b: Chi-Yu\n|-resisted|p1b: Chi-Yu\n|-damage|p1b: Chi-Yu|3\/100\n|move|p1b: Chi-Yu|Heat Wave|p2a: Murkrow|[spread] p2b\n|-miss|p1b: Chi-Yu|p2a: Murkrow\n|-supereffective|p2b: Iron Moth\n|-damage|p2b: Iron Moth|0 fnt\n|faint|p2b: Iron Moth\n|-end|p2b: Iron Moth|Quark Drive|[silent]\n|\n|-weather|SunnyDay|[upkeep]\n|-sideend|p2: DatGuyJimmeh|move: Tailwind\n|upkeep\n|c|\u2606DatGuyJimmeh|oof\n|c|\u2606DatGuyJimmeh|no acc for you\n|\n|t:|1684028791\n|switch|p2b: Gholdengo|Gholdengo, L50|100\/100\n|switch|p1a: Flutter Mane|Flutter Mane, L50|100\/100\n|-activate|p1a: Flutter Mane|ability: Protosynthesis\n|-start|p1a: Flutter Mane|protosynthesisspe\n|turn|5\n|inactive|Thanias1 has 30 seconds left.\n|inactive|DatGuyJimmeh has 30 seconds left.\n|\n|t:|1684028835\n|move|p2b: Gholdengo|Protect|p2b: Gholdengo\n|-singleturn|p2b: Gholdengo|Protect\n|move|p2a: Murkrow|Tailwind|p2a: Murkrow\n|-sidestart|p2: DatGuyJimmeh|move: Tailwind\n|move|p1a: Flutter Mane|Shadow Ball|p2b: Gholdengo\n|-activate|p2b: Gholdengo|move: Protect\n|move|p1b: Chi-Yu|Heat Wave|p2a: Murkrow|[spread] p2a\n|-activate|p2b: Gholdengo|move: Protect\n|-damage|p2a: Murkrow|0 fnt\n|faint|p2a: Murkrow\n|\n|-weather|SunnyDay|[upkeep]\n|upkeep\n|\n|t:|1684028843\n|switch|p2a: Tinkaton|Tinkaton, L50, F|100\/100\n|-ability|p2a: Tinkaton|Mold Breaker\n|turn|6\n|\n|t:|1684028872\n|-terastallize|p1b: Chi-Yu|Ghost\n|move|p1a: Flutter Mane|Shadow Ball|p2b: Gholdengo\n|-supereffective|p2b: Gholdengo\n|-damage|p2b: Gholdengo|0 fnt\n|faint|p2b: Gholdengo\n|move|p2a: Tinkaton|Gigaton Hammer|p1a: Flutter Mane\n|-supereffective|p1a: Flutter Mane\n|-damage|p1a: Flutter Mane|0 fnt\n|faint|p1a: Flutter Mane\n|-end|p1a: Flutter Mane|Protosynthesis|[silent]\n|move|p1b: Chi-Yu|Heat Wave|p2a: Tinkaton\n|-supereffective|p2a: Tinkaton\n|-damage|p2a: Tinkaton|0 fnt\n|faint|p2a: Tinkaton\n|\n|win|Thanias1\n|raw|Thanias1's rating: 1404 → 1425<\/strong> (+21 for winning)\n|raw|DatGuyJimmeh's rating: 1420 → 1399<\/strong> (-21 for losing)\n|c|\u2606DatGuyJimmeh|gg\n|c|\u2606Thanias1|gg\n|l|\u2606DatGuyJimmeh\n","uploadtime":1684028894,"views":9,"p1id":"thanias1","p2id":"datguyjimmeh","formatid":"gen9vgc2023regulationc","rating":1399,"private":0,"password":""}