{"id":"gen9vgc2023regulationc-1850038387","p1":"Privnoval016","p2":"nexusj4","format":"[Gen 9] VGC 2023 Regulation C","log":"|j|\u2606Privnoval016\n|j|\u2606nexusj4\n|t:|1682280550\n|gametype|doubles\n|player|p1|Privnoval016|red-masters2|\n|player|p2|nexusj4|skyla-masters2|\n|teamsize|p1|6\n|teamsize|p2|6\n|gen|9\n|tier|[Gen 9] VGC 2023 Regulation C\n|rated|Tournament battle\n|rule|Species Clause: Limit one of each Pok\u00e9mon\n|rule|Item Clause: Limit one of each item\n|clearpoke\n|poke|p1|Dragonite, L50, F|\n|poke|p1|Chien-Pao, L50|\n|poke|p1|Amoonguss, L50, M|\n|poke|p1|Ceruledge, L50, F|\n|poke|p1|Palafin, L50, M|\n|poke|p1|Scream Tail, L50|\n|poke|p2|Flutter Mane, L50|\n|poke|p2|Slither Wing, L50|\n|poke|p2|Glimmora, L50, F|\n|poke|p2|Chien-Pao, L50|\n|poke|p2|Garchomp, L50, M|\n|poke|p2|Wo-Chien, L50|\n|teampreview|4\n|raw| Open Team Sheet for Privnoval016<\/summary>Dragonite @ Choice Band Ability: Multiscale Level: 50 Tera Type: Flying - Extreme Speed - Ice Spinner - Low Kick - Tera Blast Chien-Pao @ Focus Sash Ability: Sword of Ruin Level: 50 Tera Type: Ghost - Sucker Punch - Ice Spinner - Sacred Sword - Protect Amoonguss @ Rocky Helmet Ability: Regenerator Level: 50 Tera Type: Water - Protect - Spore - Rage Powder - Pollen Puff Ceruledge @ Clear Amulet Ability: Flash Fire Level: 50 Tera Type: Grass - Bulk Up - Bitter Blade - Shadow Sneak - Protect Palafin @ Mystic Water Ability: Zero to Hero Level: 50 Tera Type: Water - Jet Punch - Wave Crash - Protect - Close Combat Scream Tail @ Booster Energy Ability: Protosynthesis Level: 50 Tera Type: Steel - Play Rough - Howl - Encore - Disable <\/details><\/div> Open Team Sheet for nexusj4<\/summary>Flutter Mane @ Booster Energy Ability: Protosynthesis Level: 50 Tera Type: Fairy - Protect - Shadow Ball - Dazzling Gleam - Trick Room Slither Wing @ Assault Vest Ability: Protosynthesis Level: 50 Shiny: Yes Tera Type: Fire - U-turn - First Impression - Flare Blitz - Close Combat Glimmora (F) @ Air Balloon Ability: Toxic Debris Level: 50 Tera Type: Grass - Mortal Spin - Power Gem - Sludge Bomb - Earth Power Chien-Pao @ Focus Sash Ability: Sword of Ruin Level: 50 Tera Type: Flying - Protect - Ice Spinner - Throat Chop - Haze Garchomp (M) @ Life Orb Ability: Rough Skin Level: 50 Tera Type: Fire - Protect - Earthquake - Stomping Tantrum - Dragon Claw Wo-Chien @ Leftovers Ability: Tablets of Ruin Level: 50 Tera Type: Poison - Protect - Leech Seed - Giga Drain - Pollen Puff <\/details><\/div>\n|inactive|Battle timer is ON: inactive players will automatically lose when time's up. (requested by nexusj4)\n|c|\u2606nexusj4|glhf\n|j| Eelstartega\n|c|\u2606Privnoval016|glhf\n|j| Chili Dewd\n|inactive|Privnoval016 has 60 seconds left.\n|inactive|nexusj4 has 60 seconds left.\n|inactive|Privnoval016 has 30 seconds left.\n|inactive|Privnoval016 has 20 seconds left.\n|inactive|nexusj4 has 30 seconds left.\n|j| minionbanana57\n|\n|t:|1682280628\n|start\n|switch|p1a: Ceruledge|Ceruledge, L50, F|100\/100\n|switch|p1b: Palafin|Palafin, L50, M|100\/100\n|switch|p2a: Glimmora|Glimmora, L50, F|100\/100\n|switch|p2b: Slither Wing|Slither Wing, L50, shiny|100\/100\n|-item|p2a: Glimmora|Air Balloon\n|turn|1\n|inactive|Privnoval016 has 30 seconds left.\n|\n|t:|1682280653\n|detailschange|p1b: Palafin|Palafin-Hero, L50, M\n|switch|p1b: Amoonguss|Amoonguss, L50, M|100\/100\n|move|p1a: Ceruledge|Protect|p1a: Ceruledge\n|-singleturn|p1a: Ceruledge|Protect\n|move|p2b: Slither Wing|First Impression|p1b: Amoonguss\n|-damage|p1b: Amoonguss|61\/100\n|-damage|p2b: Slither Wing|84\/100|[from] item: Rocky Helmet|[of] p1b: Amoonguss\n|move|p2a: Glimmora|Mortal Spin|p1b: Amoonguss|[spread] p1b\n|-activate|p1a: Ceruledge|move: Protect\n|-damage|p1b: Amoonguss|56\/100\n|-damage|p2a: Glimmora|84\/100|[from] item: Rocky Helmet|[of] p1b: Amoonguss\n|\n|upkeep\n|turn|2\n|j| idontknow25\n|\n|t:|1682280678\n|move|p1b: Amoonguss|Rage Powder|p1b: Amoonguss\n|-singleturn|p1b: Amoonguss|move: Rage Powder\n|move|p2a: Glimmora|Power Gem|p1b: Amoonguss\n|-damage|p1b: Amoonguss|24\/100\n|move|p1a: Ceruledge|Bulk Up|p1a: Ceruledge\n|-boost|p1a: Ceruledge|atk|1\n|-boost|p1a: Ceruledge|def|1\n|move|p2b: Slither Wing|Flare Blitz|p1b: Amoonguss\n|-supereffective|p1b: Amoonguss\n|-damage|p1b: Amoonguss|0 fnt\n|-damage|p2b: Slither Wing|68\/100|[from] item: Rocky Helmet|[of] p1b: Amoonguss\n|faint|p1b: Amoonguss\n|-damage|p2b: Slither Wing|59\/100|[from] Recoil\n|\n|upkeep\n|\n|t:|1682280686\n|switch|p1b: Palafin|Palafin-Hero, L50, M|100\/100\n|-activate|p1b: Palafin|ability: Zero to Hero\n|turn|3\n|\n|t:|1682280699\n|-terastallize|p2a: Glimmora|Grass\n|move|p1b: Palafin|Jet Punch|p2a: Glimmora\n|-resisted|p2a: Glimmora\n|-damage|p2a: Glimmora|61\/100\n|-activate|p2a: Glimmora|ability: Toxic Debris\n|-sidestart|p1: Privnoval016|move: Toxic Spikes\n|-enditem|p2a: Glimmora|Air Balloon\n|move|p2a: Glimmora|Mortal Spin|p1b: Palafin|[spread] p1a,p1b\n|-resisted|p1a: Ceruledge\n|-damage|p1a: Ceruledge|99\/100\n|-damage|p1b: Palafin|97\/100\n|-status|p1a: Ceruledge|psn\n|-status|p1b: Palafin|psn\n|move|p1a: Ceruledge|Bitter Blade|p2b: Slither Wing\n|-supereffective|p2b: Slither Wing\n|-damage|p2b: Slither Wing|0 fnt\n|-heal|p1a: Ceruledge|100\/100 psn|[from] drain|[of] p2b: Slither Wing\n|faint|p2b: Slither Wing\n|-end|p2b: Slither Wing|Protosynthesis|[silent]\n|\n|-damage|p1b: Palafin|85\/100 psn|[from] psn\n|-damage|p1a: Ceruledge|88\/100 psn|[from] psn\n|upkeep\n|\n|t:|1682280719\n|switch|p2b: Flutter Mane|Flutter Mane, L50|100\/100\n|-enditem|p2b: Flutter Mane|Booster Energy\n|-activate|p2b: Flutter Mane|ability: Protosynthesis|[fromitem]\n|-start|p2b: Flutter Mane|protosynthesisspa\n|turn|4\n|\n|t:|1682280740\n|move|p2b: Flutter Mane|Protect|p2b: Flutter Mane\n|-singleturn|p2b: Flutter Mane|Protect\n|move|p1b: Palafin|Jet Punch|p2b: Flutter Mane\n|-activate|p2b: Flutter Mane|move: Protect\n|move|p2a: Glimmora|Sludge Bomb|p1a: Ceruledge\n|-resisted|p1a: Ceruledge\n|-damage|p1a: Ceruledge|68\/100 psn\n|move|p1a: Ceruledge|Bitter Blade|p2a: Glimmora\n|-supereffective|p2a: Glimmora\n|-damage|p2a: Glimmora|0 fnt\n|-heal|p1a: Ceruledge|98\/100 psn|[from] drain|[of] p2a: Glimmora\n|-activate|p2a: Glimmora|ability: Toxic Debris\n|-sidestart|p1: Privnoval016|move: Toxic Spikes\n|faint|p2a: Glimmora\n|\n|-damage|p1b: Palafin|73\/100 psn|[from] psn\n|-damage|p1a: Ceruledge|86\/100 psn|[from] psn\n|upkeep\n|\n|t:|1682280746\n|switch|p2a: Wo-Chien|Wo-Chien, L50|100\/100\n|-ability|p2a: Wo-Chien|Tablets of Ruin\n|turn|5\n|c| Eelstartega|Is just me or howl is becoming popular?\n|\n|t:|1682280767\n|-terastallize|p1a: Ceruledge|Grass\n|move|p1a: Ceruledge|Shadow Sneak|p2b: Flutter Mane\n|-supereffective|p2b: Flutter Mane\n|-damage|p2b: Flutter Mane|31\/100\n|move|p2b: Flutter Mane|Shadow Ball|p1a: Ceruledge\n|-damage|p1a: Ceruledge|36\/100 psn\n|move|p1b: Palafin|Close Combat|p2a: Wo-Chien\n|-supereffective|p2a: Wo-Chien\n|-damage|p2a: Wo-Chien|38\/100\n|-unboost|p1b: Palafin|def|1\n|-unboost|p1b: Palafin|spd|1\n|move|p2a: Wo-Chien|Pollen Puff|p2b: Flutter Mane\n|-heal|p2b: Flutter Mane|81\/100\n|\n|-heal|p2a: Wo-Chien|44\/100|[from] item: Leftovers\n|-damage|p1b: Palafin|60\/100 psn|[from] psn\n|-damage|p1a: Ceruledge|24\/100 psn|[from] psn\n|upkeep\n|turn|6\n|\n|t:|1682280783\n|move|p2b: Flutter Mane|Protect|p2b: Flutter Mane\n|-singleturn|p2b: Flutter Mane|Protect\n|move|p1b: Palafin|Jet Punch|p2b: Flutter Mane\n|-activate|p2b: Flutter Mane|move: Protect\n|move|p1a: Ceruledge|Bitter Blade|p2a: Wo-Chien\n|-supereffective|p2a: Wo-Chien\n|-damage|p2a: Wo-Chien|0 fnt\n|-heal|p1a: Ceruledge|47\/100 psn|[from] drain|[of] p2a: Wo-Chien\n|faint|p2a: Wo-Chien\n|\n|-damage|p1b: Palafin|48\/100 psn|[from] psn\n|-damage|p1a: Ceruledge|35\/100 psn|[from] psn\n|upkeep\n|turn|7\n|\n|t:|1682280793\n|move|p1b: Palafin|Jet Punch|p2b: Flutter Mane\n|-damage|p2b: Flutter Mane|9\/100\n|move|p1a: Ceruledge|Shadow Sneak|p2b: Flutter Mane\n|-supereffective|p2b: Flutter Mane\n|-damage|p2b: Flutter Mane|0 fnt\n|faint|p2b: Flutter Mane\n|-end|p2b: Flutter Mane|Protosynthesis|[silent]\n|\n|win|Privnoval016\n|n|\u2606Privnoval016|privnoval016\n|n|\u2606nexusj4|nexusj4\n|n| Eelstartega|eelstartega\n|n| Chili Dewd|chilidewd\n|n| minionbanana57|minionbanana57\n|n| idontknow25|idontknow25\n","uploadtime":1682280794,"views":13,"p1id":"privnoval016","p2id":"nexusj4","formatid":"gen9vgc2023regulationc","rating":0,"private":0,"password":""}