{"id":"gen9vgc2023regulationc-1852252551","p1":"OneWithTheSnom","p2":"Teogiuls","format":"[Gen 9] VGC 2023 Regulation C","log":"|j|\u2606OneWithTheSnom\n|j|\u2606Teogiuls\n|t:|1682536945\n|gametype|doubles\n|player|p1|OneWithTheSnom|gladion|1069\n|player|p2|Teogiuls|169|1080\n|teamsize|p1|6\n|teamsize|p2|6\n|gen|9\n|tier|[Gen 9] VGC 2023 Regulation C\n|rated|\n|rule|Species Clause: Limit one of each Pok\u00e9mon\n|rule|Item Clause: Limit one of each item\n|clearpoke\n|poke|p1|Scizor, L50, F|\n|poke|p1|Ting-Lu, L50|\n|poke|p1|Sylveon, L50, M|\n|poke|p1|Iron Hands, L50|\n|poke|p1|Palafin, L50, M|\n|poke|p1|Skeledirge, L50, M|\n|poke|p2|Garchomp, L50, F|\n|poke|p2|Abomasnow, L50, F|\n|poke|p2|Gholdengo, L50|\n|poke|p2|Rotom-Frost, L50|\n|poke|p2|Arcanine, L50, F|\n|poke|p2|Kilowattrel, L50, F|\n|teampreview|4\n|inactive|Battle timer is ON: inactive players will automatically lose when time's up. (requested by OneWithTheSnom)\n|inactive|OneWithTheSnom has 60 seconds left.\n|\n|t:|1682536976\n|start\n|switch|p1a: Iron Hands|Iron Hands, L50|100\/100\n|switch|p1b: Palafin|Palafin, L50, M, shiny|100\/100\n|switch|p2a: Kilowattrel|Kilowattrel, L50, F|100\/100\n|switch|p2b: Abomasnow|Abomasnow, L50, F|100\/100\n|-weather|Snow|[from] ability: Snow Warning|[of] p2b: Abomasnow\n|turn|1\n|\n|t:|1682537001\n|detailschange|p1b: Palafin|Palafin-Hero, L50, M, shiny\n|switch|p1b: Skeledirge|Skeledirge, L50, M|100\/100\n|move|p2a: Kilowattrel|Protect|p2a: Kilowattrel\n|-singleturn|p2a: Kilowattrel|Protect\n|move|p2b: Abomasnow|Protect|p2b: Abomasnow\n|-singleturn|p2b: Abomasnow|Protect\n|move|p1a: Iron Hands|Fake Out|p2a: Kilowattrel\n|-activate|p2a: Kilowattrel|move: Protect\n|\n|-weather|Snow|[upkeep]\n|upkeep\n|turn|2\n|\n|t:|1682537020\n|move|p2a: Kilowattrel|Tailwind|p2a: Kilowattrel\n|-sidestart|p2: Teogiuls|move: Tailwind\n|move|p2b: Abomasnow|Aurora Veil|p2b: Abomasnow\n|-sidestart|p2: Teogiuls|move: Aurora Veil\n|move|p1b: Skeledirge|Torch Song|p2a: Kilowattrel\n|-damage|p2a: Kilowattrel|53\/100\n|-boost|p1b: Skeledirge|spa|1\n|move|p1a: Iron Hands|Drain Punch|p2b: Abomasnow\n|-supereffective|p2b: Abomasnow\n|-damage|p2b: Abomasnow|54\/100\n|\n|-weather|Snow|[upkeep]\n|upkeep\n|turn|3\n|inactive|Teogiuls has 30 seconds left.\n|\n|t:|1682537049\n|move|p1a: Iron Hands|Protect|p1a: Iron Hands\n|-singleturn|p1a: Iron Hands|Protect\n|move|p2a: Kilowattrel|Thunderbolt|p1b: Skeledirge\n|-damage|p1b: Skeledirge|65\/100\n|move|p2b: Abomasnow|Blizzard|p1a: Iron Hands|[spread] p1b\n|-activate|p1a: Iron Hands|move: Protect\n|-resisted|p1b: Skeledirge\n|-damage|p1b: Skeledirge|49\/100\n|move|p1b: Skeledirge|Torch Song|p2b: Abomasnow\n|-supereffective|p2b: Abomasnow\n|-damage|p2b: Abomasnow|0 fnt\n|-boost|p1b: Skeledirge|spa|1\n|faint|p2b: Abomasnow\n|\n|-weather|Snow|[upkeep]\n|-heal|p1b: Skeledirge|55\/100|[from] item: Leftovers\n|upkeep\n|\n|t:|1682537072\n|switch|p2b: Arcanine|Arcanine, L50, F|100\/100\n|-ability|p2b: Arcanine|Intimidate|boost\n|-unboost|p1a: Iron Hands|atk|1\n|-unboost|p1b: Skeledirge|atk|1\n|turn|4\n|\n|t:|1682537098\n|-end|p1a: Iron Hands|Quark Drive|[silent]\n|switch|p1a: Sylveon|Sylveon, L50, M|100\/100\n|-terastallize|p2b: Arcanine|Water\n|move|p2a: Kilowattrel|Thunderbolt|p1b: Skeledirge\n|-damage|p1b: Skeledirge|17\/100\n|move|p2b: Arcanine|Flare Blitz|p1b: Skeledirge\n|-resisted|p1b: Skeledirge\n|-damage|p1b: Skeledirge|0 fnt\n|faint|p1b: Skeledirge\n|-damage|p2b: Arcanine|95\/100|[from] Recoil\n|\n|-weather|Snow|[upkeep]\n|upkeep\n|\n|t:|1682537113\n|switch|p1b: Iron Hands|Iron Hands, L50|100\/100\n|turn|5\n|\n|t:|1682537130\n|move|p1b: Iron Hands|Fake Out|p2b: Arcanine\n|-damage|p2b: Arcanine|85\/100\n|move|p2a: Kilowattrel|Thunderbolt|p1a: Sylveon\n|-damage|p1a: Sylveon|77\/100\n|cant|p2b: Arcanine|flinch\n|move|p1a: Sylveon|Calm Mind|p1a: Sylveon\n|-boost|p1a: Sylveon|spa|1\n|-boost|p1a: Sylveon|spd|1\n|\n|-weather|none\n|-sideend|p2: Teogiuls|move: Tailwind\n|upkeep\n|turn|6\n|\n|t:|1682537152\n|move|p2a: Kilowattrel|Tailwind|p2a: Kilowattrel\n|-sidestart|p2: Teogiuls|move: Tailwind\n|move|p2b: Arcanine|Snarl|p1b: Iron Hands|[spread] p1a,p1b\n|-resisted|p1a: Sylveon\n|-resisted|p1b: Iron Hands\n|-damage|p1a: Sylveon|75\/100\n|-damage|p1b: Iron Hands|97\/100\n|-unboost|p1a: Sylveon|spa|1\n|-unboost|p1b: Iron Hands|spa|1\n|move|p1a: Sylveon|Hyper Voice|p2a: Kilowattrel|[spread] p2a,p2b\n|-crit|p2a: Kilowattrel\n|-damage|p2a: Kilowattrel|0 fnt\n|-damage|p2b: Arcanine|66\/100\n|faint|p2a: Kilowattrel\n|move|p1b: Iron Hands|Thunder Punch|p2b: Arcanine\n|-supereffective|p2b: Arcanine\n|-damage|p2b: Arcanine|11\/100\n|-enditem|p2b: Arcanine|Sitrus Berry|[eat]\n|-heal|p2b: Arcanine|36\/100|[from] item: Sitrus Berry\n|\n|-sideend|p2: Teogiuls|move: Aurora Veil\n|upkeep\n|\n|t:|1682537171\n|switch|p2a: Gholdengo|Gholdengo, L50|100\/100\n|turn|7\n|\n|t:|1682537183\n|-terastallize|p1a: Sylveon|Fire\n|move|p2b: Arcanine|Flare Blitz|p1b: Iron Hands\n|-damage|p1b: Iron Hands|68\/100\n|-damage|p2b: Arcanine|23\/100|[from] Recoil\n|move|p2a: Gholdengo|Make It Rain|p1a: Sylveon|[spread] p1a,p1b\n|-resisted|p1a: Sylveon\n|-resisted|p1b: Iron Hands\n|-damage|p1a: Sylveon|63\/100\n|-damage|p1b: Iron Hands|41\/100\n|-unboost|p2a: Gholdengo|spa|1\n|-enditem|p1b: Iron Hands|Sitrus Berry|[eat]\n|-heal|p1b: Iron Hands|66\/100|[from] item: Sitrus Berry\n|-damage|p2a: Gholdengo|91\/100|[from] item: Life Orb\n|move|p1a: Sylveon|Tera Blast|p2a: Gholdengo\n|-supereffective|p2a: Gholdengo\n|-damage|p2a: Gholdengo|26\/100\n|move|p1b: Iron Hands|Thunder Punch|p2b: Arcanine\n|-supereffective|p2b: Arcanine\n|-damage|p2b: Arcanine|0 fnt\n|faint|p2b: Arcanine\n|\n|upkeep\n|turn|8\n|-message|Teogiuls forfeited.\n|\n|win|OneWithTheSnom\n|raw|OneWithTheSnom's rating: 1069 → 1100<\/strong> (+31 for winning)\n|raw|Teogiuls's rating: 1080 → 1057<\/strong> (-23 for losing)\n|l|\u2606Teogiuls\n","uploadtime":1682537199,"views":7,"p1id":"onewiththesnom","p2id":"teogiuls","formatid":"gen9vgc2023regulationc","rating":1057,"private":0,"password":""}