{"id":"gen9vgc2023regulationc-1863292860","p1":"revocolombia","p2":"jonnerbn","format":"[Gen 9] VGC 2023 Regulation C","log":"|j|\u2606revocolombia\n|j|\u2606jonnerbn\n|t:|1683998801\n|gametype|doubles\n|player|p1|revocolombia|pokemonranger-gen4|1191\n|player|p2|jonnerbn|1|1174\n|teamsize|p1|6\n|teamsize|p2|6\n|gen|9\n|tier|[Gen 9] VGC 2023 Regulation C\n|rated|\n|rule|Species Clause: Limit one of each Pok\u00e9mon\n|rule|Item Clause: Limit one of each item\n|clearpoke\n|poke|p1|Flutter Mane, L50|\n|poke|p1|Annihilape, L50, M|\n|poke|p1|Dragonite, L50, M|\n|poke|p1|Chien-Pao, L50|\n|poke|p1|Murkrow, L50, M|\n|poke|p1|Gholdengo, L50|\n|poke|p2|Garganacl, L50, F|\n|poke|p2|Arcanine, L50, M|\n|poke|p2|Palafin, L50, F|\n|poke|p2|Amoonguss, L50, F|\n|poke|p2|Flutter Mane, L50|\n|poke|p2|Dragonite, L50, F|\n|teampreview|4\n|inactive|Battle timer is ON: inactive players will automatically lose when time's up. (requested by jonnerbn)\n|inactive|revocolombia has 60 seconds left.\n|inactive|jonnerbn has 60 seconds left.\n|\n|t:|1683998853\n|start\n|switch|p1a: Annihilape|Annihilape, L50, M|100\/100\n|switch|p1b: Murkrow|Murkrow, L50, M|100\/100\n|switch|p2a: Palafin|Palafin, L50, F|100\/100\n|switch|p2b: Dragonite|Dragonite, L50, F|100\/100\n|turn|1\n|inactive|revocolombia has 30 seconds left.\n|inactive|revocolombia has 20 seconds left.\n|inactive|revocolombia has 15 seconds left.\n|\n|t:|1683998896\n|-terastallize|p2b: Dragonite|Flying\n|move|p2a: Palafin|Protect|p2a: Palafin\n|-singleturn|p2a: Palafin|Protect\n|move|p1a: Annihilape|Bulk Up|p1a: Annihilape\n|-boost|p1a: Annihilape|atk|1\n|-boost|p1a: Annihilape|def|1\n|move|p1b: Murkrow|Foul Play|p2b: Dragonite\n|-damage|p2b: Dragonite|71\/100\n|move|p2b: Dragonite|Tera Blast|p1a: Annihilape\n|-supereffective|p1a: Annihilape\n|-damage|p1a: Annihilape|29\/100\n|\n|-heal|p1a: Annihilape|36\/100|[from] item: Leftovers\n|upkeep\n|turn|2\n|inactive|revocolombia has 30 seconds left.\n|inactive|jonnerbn has 30 seconds left.\n|inactive|revocolombia has 20 seconds left.\n|inactive|revocolombia has 15 seconds left.\n|\n|t:|1683998938\n|move|p1b: Murkrow|Tailwind|p1b: Murkrow\n|-sidestart|p1: revocolombia|move: Tailwind\n|move|p1a: Annihilape|Rage Fist|p2b: Dragonite\n|-damage|p2b: Dragonite|6\/100\n|move|p2a: Palafin|Wave Crash|p1a: Annihilape\n|-damage|p1a: Annihilape|2\/100\n|-damage|p2a: Palafin|89\/100|[from] Recoil\n|move|p2b: Dragonite|Tera Blast|p1a: Annihilape\n|-supereffective|p1a: Annihilape\n|-damage|p1a: Annihilape|0 fnt\n|faint|p1a: Annihilape\n|\n|upkeep\n|\n|t:|1683998955\n|switch|p1a: Dragonite|Dragonite, L50, M|100\/100\n|turn|3\n|\n|t:|1683998966\n|detailschange|p2a: Palafin|Palafin-Hero, L50, F\n|switch|p2a: Arcanine|Arcanine, L50, M|100\/100\n|-ability|p2a: Arcanine|Intimidate|boost\n|-unboost|p1a: Dragonite|atk|1\n|-unboost|p1b: Murkrow|atk|1\n|move|p1a: Dragonite|Dragon Dance|p1a: Dragonite\n|-boost|p1a: Dragonite|atk|1\n|-boost|p1a: Dragonite|spe|1\n|move|p1b: Murkrow|Foul Play|p2b: Dragonite\n|-damage|p2b: Dragonite|0 fnt\n|faint|p2b: Dragonite\n|\n|upkeep\n|\n|t:|1683998982\n|switch|p2b: Flutter Mane|Flutter Mane, L50|100\/100\n|-enditem|p2b: Flutter Mane|Booster Energy\n|-activate|p2b: Flutter Mane|ability: Protosynthesis|[fromitem]\n|-start|p2b: Flutter Mane|protosynthesisspa\n|turn|4\n|inactive|revocolombia has 30 seconds left.\n|\n|t:|1683999009\n|-terastallize|p1a: Dragonite|Normal\n|move|p1a: Dragonite|Dragon Dance|p1a: Dragonite\n|-boost|p1a: Dragonite|atk|1\n|-boost|p1a: Dragonite|spe|1\n|move|p1b: Murkrow|Foul Play|p2a: Arcanine\n|-damage|p2a: Arcanine|54\/100\n|move|p2b: Flutter Mane|Moonblast|p1b: Murkrow\n|-supereffective|p1b: Murkrow\n|-damage|p1b: Murkrow|0 fnt\n|faint|p1b: Murkrow\n|move|p2a: Arcanine|Will-O-Wisp|p1a: Dragonite|[miss]\n|-miss|p2a: Arcanine|p1a: Dragonite\n|\n|upkeep\n|\n|t:|1683999023\n|switch|p1b: Chien-Pao|Chien-Pao, L50|100\/100\n|-ability|p1b: Chien-Pao|Sword of Ruin\n|turn|5\n|\n|t:|1683999036\n|move|p2b: Flutter Mane|Protect|p2b: Flutter Mane\n|-singleturn|p2b: Flutter Mane|Protect\n|move|p2a: Arcanine|Protect|p2a: Arcanine\n|-singleturn|p2a: Arcanine|Protect\n|move|p1a: Dragonite|Extreme Speed|p2a: Arcanine\n|-activate|p2a: Arcanine|move: Protect\n|move|p1b: Chien-Pao|Ice Spinner|p2b: Flutter Mane\n|-activate|p2b: Flutter Mane|move: Protect\n|\n|-sideend|p1: revocolombia|move: Tailwind\n|upkeep\n|turn|6\n|\n|t:|1683999058\n|switch|p2a: Palafin|Palafin-Hero, L50, F|89\/100\n|-activate|p2a: Palafin|ability: Zero to Hero\n|move|p1a: Dragonite|Extreme Speed|p2a: Palafin\n|-damage|p2a: Palafin|0 fnt\n|faint|p2a: Palafin\n|move|p2b: Flutter Mane|Moonblast|p1b: Chien-Pao\n|-supereffective|p1b: Chien-Pao\n|-enditem|p1b: Chien-Pao|Focus Sash\n|-damage|p1b: Chien-Pao|1\/100\n|move|p1b: Chien-Pao|Ice Spinner|p2b: Flutter Mane\n|-damage|p2b: Flutter Mane|0 fnt\n|faint|p2b: Flutter Mane\n|-end|p2b: Flutter Mane|Protosynthesis|[silent]\n|\n|upkeep\n|\n|t:|1683999071\n|switch|p2b: Arcanine|Arcanine, L50, M|54\/100\n|-ability|p2b: Arcanine|Intimidate|boost\n|-unboost|p1a: Dragonite|atk|1\n|-unboost|p1b: Chien-Pao|atk|1\n|turn|7\n|-message|jonnerbn forfeited.\n|\n|win|revocolombia\n|raw|revocolombia's rating: 1191 → 1215<\/strong> (+24 for winning)\n|raw|jonnerbn's rating: 1174 → 1150<\/strong> (-24 for losing)\n|l|\u2606jonnerbn\n","uploadtime":1683999088,"views":3,"p1id":"revocolombia","p2id":"jonnerbn","formatid":"gen9vgc2023regulationc","rating":1150,"private":0,"password":""}