{"id":"gen9vgc2023regulationc-1856746179","p1":"MasteriusL","p2":"saccuz","format":"[Gen 9] VGC 2023 Regulation C","log":"|j|\u2606MasteriusL\n|j|\u2606saccuz\n|t:|1683104825\n|gametype|doubles\n|player|p1|MasteriusL|n|1166\n|player|p2|saccuz|blue|1084\n|teamsize|p1|6\n|teamsize|p2|6\n|gen|9\n|tier|[Gen 9] VGC 2023 Regulation C\n|rated|\n|rule|Species Clause: Limit one of each Pok\u00e9mon\n|rule|Item Clause: Limit one of each item\n|clearpoke\n|poke|p1|Ceruledge, L50, F|\n|poke|p1|Scizor, L50, F|\n|poke|p1|Iron Bundle, L50|\n|poke|p1|Gastrodon, L50, M|\n|poke|p1|Ting-Lu, L50|\n|poke|p1|Amoonguss, L50, F|\n|poke|p2|Iron Thorns, L50|\n|poke|p2|Sylveon, L50, M|\n|poke|p2|Dragapult, L50, M|\n|poke|p2|Corviknight, L50, F|\n|poke|p2|Wo-Chien, L50|\n|poke|p2|Arcanine, L50, F|\n|teampreview|4\n|inactive|Battle timer is ON: inactive players will automatically lose when time's up. (requested by MasteriusL)\nMasteriusL has agreed to open team sheets.\n|inactive|MasteriusL has 60 seconds left.\n|inactive|saccuz has 60 seconds left.\n|\n|t:|1683104885\n|start\n|switch|p1a: Scizor|Scizor, L50, F|100\/100\n|switch|p1b: Iron Bundle|Iron Bundle, L50, shiny|100\/100\n|switch|p2a: Corviknight|Corviknight, L50, F, shiny|100\/100\n|switch|p2b: Arcanine|Arcanine, L50, F, shiny|100\/100\n|-ability|p2b: Arcanine|Intimidate|boost\n|-fail|p1a: Scizor|unboost|[from] item: Clear Amulet|[of] p1a: Scizor\n|-unboost|p1b: Iron Bundle|atk|1\n|-enditem|p1b: Iron Bundle|Booster Energy\n|-activate|p1b: Iron Bundle|ability: Quark Drive|[fromitem]\n|-start|p1b: Iron Bundle|quarkdrivespe\n|turn|1\n|\n|t:|1683104900\n|-terastallize|p1a: Scizor|Water\n|move|p2b: Arcanine|Protect|p2b: Arcanine\n|-singleturn|p2b: Arcanine|Protect\n|move|p1b: Iron Bundle|Hydro Pump|p2b: Arcanine\n|-activate|p2b: Arcanine|move: Protect\n|move|p1a: Scizor|Swords Dance|p1a: Scizor\n|-boost|p1a: Scizor|atk|2\n|move|p2a: Corviknight|Tailwind|p2a: Corviknight\n|-sidestart|p2: saccuz|move: Tailwind\n|\n|upkeep\n|turn|2\n|\n|t:|1683104924\n|move|p1b: Iron Bundle|Hydro Pump|p2b: Arcanine|[miss]\n|-miss|p1b: Iron Bundle|p2b: Arcanine\n|move|p2b: Arcanine|Will-O-Wisp|p1a: Scizor\n|-status|p1a: Scizor|brn\n|move|p2a: Corviknight|Iron Head|p1b: Iron Bundle\n|-damage|p1b: Iron Bundle|57\/100\n|move|p1a: Scizor|Swords Dance|p1a: Scizor\n|-boost|p1a: Scizor|atk|2\n|\n|-damage|p1a: Scizor|95\/100 brn|[from] brn\n|upkeep\n|turn|3\n|\n|t:|1683104939\n|switch|p2b: Wo-Chien|Wo-Chien, L50|100\/100\n|-ability|p2b: Wo-Chien|Tablets of Ruin\n|move|p1b: Iron Bundle|Hydro Pump|p2b: Wo-Chien\n|-resisted|p2b: Wo-Chien\n|-damage|p2b: Wo-Chien|85\/100\n|move|p2a: Corviknight|Iron Head|p1b: Iron Bundle\n|-damage|p1b: Iron Bundle|23\/100\n|move|p1a: Scizor|Swords Dance|p1a: Scizor\n|-boost|p1a: Scizor|atk|2\n|\n|-heal|p2b: Wo-Chien|92\/100|[from] item: Leftovers\n|-damage|p1a: Scizor|89\/100 brn|[from] brn\n|upkeep\n|turn|4\n|inactive|MasteriusL has 30 seconds left.\n|\n|t:|1683104973\n|-end|p1b: Iron Bundle|Quark Drive|[silent]\n|switch|p1b: Ceruledge|Ceruledge, L50, F|100\/100\n|move|p2a: Corviknight|Iron Head|p1b: Ceruledge\n|-resisted|p1b: Ceruledge\n|-crit|p1b: Ceruledge\n|-damage|p1b: Ceruledge|73\/100\n|move|p2b: Wo-Chien|Leech Seed|p1a: Scizor\n|-start|p1a: Scizor|move: Leech Seed\n|move|p1a: Scizor|Close Combat|p2b: Wo-Chien\n|-supereffective|p2b: Wo-Chien\n|-damage|p2b: Wo-Chien|0 fnt\n|-unboost|p1a: Scizor|def|1\n|-unboost|p1a: Scizor|spd|1\n|faint|p2b: Wo-Chien\n|\n|-damage|p1a: Scizor|83\/100 brn|[from] brn\n|-sideend|p2: saccuz|move: Tailwind\n|upkeep\n|\n|t:|1683104989\n|switch|p2b: Iron Thorns|Iron Thorns, L50, shiny|100\/100\n|turn|5\n|\n|t:|1683104999\n|switch|p2a: Arcanine|Arcanine, L50, F, shiny|100\/100\n|-ability|p2a: Arcanine|Intimidate|boost\n|-fail|p1a: Scizor|unboost|[from] item: Clear Amulet|[of] p1a: Scizor\n|-unboost|p1b: Ceruledge|atk|1\n|move|p1a: Scizor|Bullet Punch|p2b: Iron Thorns\n|-damage|p2b: Iron Thorns|58\/100\n|move|p1b: Ceruledge|Bitter Blade|p2a: Arcanine\n|-resisted|p2a: Arcanine\n|-damage|p2a: Arcanine|78\/100\n|-heal|p1b: Ceruledge|87\/100|[from] drain|[of] p2a: Arcanine\n|-damage|p1b: Ceruledge|77\/100|[from] item: Life Orb\n|move|p2b: Iron Thorns|Rock Blast|p1b: Ceruledge\n|-supereffective|p1b: Ceruledge\n|-crit|p1b: Ceruledge\n|-damage|p1b: Ceruledge|22\/100\n|-supereffective|p1b: Ceruledge\n|-damage|p1b: Ceruledge|0 fnt\n|faint|p1b: Ceruledge\n|-hitcount|p1: Ceruledge|2\n|\n|-damage|p1a: Scizor|70\/100 brn|[from] Leech Seed|[of] p2b: Iron Thorns\n|-heal|p2b: Iron Thorns|67\/100|[silent]\n|-damage|p1a: Scizor|64\/100 brn|[from] brn\n|upkeep\n|\n|t:|1683105005\n|switch|p1b: Ting-Lu|Ting-Lu, L50|100\/100\n|-ability|p1b: Ting-Lu|Vessel of Ruin\n|turn|6\n|\n|t:|1683105024\n|-terastallize|p2b: Iron Thorns|Bug\n|move|p2a: Arcanine|Will-O-Wisp|p1b: Ting-Lu\n|-status|p1b: Ting-Lu|brn\n|move|p1a: Scizor|Close Combat|p2b: Iron Thorns\n|-resisted|p2b: Iron Thorns\n|-damage|p2b: Iron Thorns|39\/100\n|-unboost|p1a: Scizor|def|1\n|-unboost|p1a: Scizor|spd|1\n|move|p2b: Iron Thorns|Wild Charge|p1a: Scizor\n|-supereffective|p1a: Scizor\n|-damage|p1a: Scizor|0 fnt\n|faint|p1a: Scizor\n|-damage|p2b: Iron Thorns|27\/100|[from] Recoil\n|move|p1b: Ting-Lu|Stomping Tantrum|p2a: Arcanine\n|-supereffective|p2a: Arcanine\n|-damage|p2a: Arcanine|44\/100\n|\n|-damage|p1b: Ting-Lu|94\/100 brn|[from] brn\n|upkeep\n|\n|t:|1683105032\n|switch|p1a: Iron Bundle|Iron Bundle, L50, shiny|23\/100\n|turn|7\n|\n|t:|1683105045\n|move|p2a: Arcanine|Extreme Speed|p1a: Iron Bundle\n|-damage|p1a: Iron Bundle|0 fnt\n|faint|p1a: Iron Bundle\n|-end|p1a: Iron Bundle|Quark Drive|[silent]\n|move|p2b: Iron Thorns|Pin Missile|p1b: Ting-Lu\n|-supereffective|p1b: Ting-Lu\n|-damage|p1b: Ting-Lu|79\/100 brn\n|-supereffective|p1b: Ting-Lu\n|-damage|p1b: Ting-Lu|62\/100 brn\n|-supereffective|p1b: Ting-Lu\n|-crit|p1b: Ting-Lu\n|-damage|p1b: Ting-Lu|38\/100 brn\n|-supereffective|p1b: Ting-Lu\n|-damage|p1b: Ting-Lu|20\/100 brn\n|-hitcount|p1b: Ting-Lu|4\n|move|p1b: Ting-Lu|Stomping Tantrum|p2b: Iron Thorns\n|-resisted|p2b: Iron Thorns\n|-damage|p2b: Iron Thorns|21\/100\n|\n|-damage|p1b: Ting-Lu|14\/100 brn|[from] brn\n|upkeep\n|turn|8\n|-message|MasteriusL forfeited.\n|\n|win|saccuz\n|raw|MasteriusL's rating: 1166 → 1135<\/strong> (-31 for losing)\n|raw|saccuz's rating: 1084 → 1118<\/strong> (+34 for winning)\n|c|\u2606saccuz|gg\n","uploadtime":1683105066,"views":15,"p1id":"masteriusl","p2id":"saccuz","formatid":"gen9vgc2023regulationc","rating":1118,"private":0,"password":""}