{"id":"gen9vgc2023regulationc-1846616573","p1":"mapodasotoca","p2":"PiccoloRuiz","format":"[Gen 9] VGC 2023 Regulation C","log":"|j|\u2606mapodasotoca\n|j|\u2606PiccoloRuiz\n|t:|1681857684\n|gametype|doubles\n|player|p1|mapodasotoca|bugcatcher-gen4dp|1318\n|player|p2|PiccoloRuiz|valerie|1395\n|teamsize|p1|6\n|teamsize|p2|6\n|gen|9\n|tier|[Gen 9] VGC 2023 Regulation C\n|rated|\n|rule|Species Clause: Limit one of each Pok\u00e9mon\n|rule|Item Clause: Limit one of each item\n|clearpoke\n|poke|p1|Azumarill, L50, M|\n|poke|p1|Maushold-Four, L50|\n|poke|p1|Grimmsnarl, L50, M|\n|poke|p1|Gholdengo, L50|\n|poke|p1|Amoonguss, L50, M|\n|poke|p1|Chien-Pao, L50|\n|poke|p2|Flutter Mane, L50|\n|poke|p2|Amoonguss, L50, F|\n|poke|p2|Gyarados, L50, F|\n|poke|p2|Ceruledge, L50, F|\n|poke|p2|Ting-Lu, L50|\n|poke|p2|Baxcalibur, L50, F|\n|teampreview|4\n|inactive|Battle timer is ON: inactive players will automatically lose when time's up. (requested by PiccoloRuiz)\n|inactive|mapodasotoca also wants the timer to be on.\n|inactive|PiccoloRuiz has 60 seconds left.\n|\n|t:|1681857744\n|start\n|switch|p1a: Grimmsnarl|Grimmsnarl, L50, M|100\/100\n|switch|p1b: Azumarill|Azumarill, L50, M|100\/100\n|switch|p2a: Sasha Colby|Flutter Mane, L50|100\/100\n|switch|p2b: Amoonguss|Amoonguss, L50, F, shiny|100\/100\n|turn|1\n|inactive|mapodasotoca has 30 seconds left.\n|\n|t:|1681857771\n|-terastallize|p2a: Sasha Colby|Fairy\n|-terastallize|p1a: Grimmsnarl|Steel\n|move|p1b: Azumarill|Protect|p1b: Azumarill\n|-singleturn|p1b: Azumarill|Protect\n|move|p2b: Amoonguss|Protect|p2b: Amoonguss\n|-singleturn|p2b: Amoonguss|Protect\n|move|p1a: Grimmsnarl|Taunt|p2b: Amoonguss\n|-activate|p2b: Amoonguss|move: Protect\n|move|p2a: Sasha Colby|Dazzling Gleam|p1b: Azumarill|[spread] p1a\n|-activate|p1b: Azumarill|move: Protect\n|-resisted|p1a: Grimmsnarl\n|-damage|p1a: Grimmsnarl|78\/100\n|\n|upkeep\n|turn|2\n|\n|t:|1681857790\n|switch|p2b: Anetra|Ceruledge, L50, F, shiny|100\/100\n|move|p1a: Grimmsnarl|Taunt|p2b: Anetra\n|-start|p2b: Anetra|move: Taunt\n|move|p2a: Sasha Colby|Dazzling Gleam|p1b: Azumarill|[spread] p1a,p1b\n|-resisted|p1a: Grimmsnarl\n|-damage|p1a: Grimmsnarl|56\/100\n|-damage|p1b: Azumarill|44\/100\n|move|p1b: Azumarill|Liquidation|p2a: Sasha Colby\n|-damage|p2a: Sasha Colby|9\/100\n|\n|upkeep\n|turn|3\n|\n|t:|1681857808\n|-end|p2a: Sasha Colby|Protosynthesis|[silent]\n|switch|p2a: Bianca|Gyarados, L50, F, shiny|100\/100\n|-ability|p2a: Bianca|Intimidate|boost\n|-unboost|p1a: Grimmsnarl|atk|1\n|-fail|p1b: Azumarill|unboost|[from] item: Clear Amulet|[of] p1b: Azumarill\n|move|p1a: Grimmsnarl|Reflect|p1a: Grimmsnarl\n|-sidestart|p1: mapodasotoca|Reflect\n|move|p1b: Azumarill|Aqua Jet|p2a: Bianca\n|-resisted|p2a: Bianca\n|-damage|p2a: Bianca|88\/100\n|move|p2b: Anetra|Bitter Blade|p1a: Grimmsnarl\n|-supereffective|p1a: Grimmsnarl\n|-damage|p1a: Grimmsnarl|0 fnt\n|faint|p1a: Grimmsnarl\n|\n|upkeep\n|\n|t:|1681857815\n|switch|p1a: Gholdengo|Gholdengo, L50|100\/100\n|turn|4\n|\n|t:|1681857838\n|switch|p2a: Amoonguss|Amoonguss, L50, F, shiny|100\/100\n|move|p1b: Azumarill|Aqua Jet|p2b: Anetra\n|-supereffective|p2b: Anetra\n|-damage|p2b: Anetra|35\/100\n|move|p1a: Gholdengo|Make It Rain|p2b: Anetra|[spread] p2a,p2b\n|-resisted|p2b: Anetra\n|-damage|p2a: Amoonguss|47\/100\n|-damage|p2b: Anetra|4\/100\n|-unboost|p1a: Gholdengo|spa|1\n|-enditem|p2a: Amoonguss|Sitrus Berry|[eat]\n|-heal|p2a: Amoonguss|72\/100|[from] item: Sitrus Berry\n|-damage|p1a: Gholdengo|91\/100|[from] item: Life Orb\n|move|p2b: Anetra|Bitter Blade|p1a: Gholdengo\n|-supereffective|p1a: Gholdengo\n|-damage|p1a: Gholdengo|21\/100\n|-heal|p2b: Anetra|35\/100|[from] drain|[of] p1a: Gholdengo\n|\n|-heal|p2b: Anetra|41\/100|[from] item: Leftovers\n|-end|p2b: Anetra|move: Taunt\n|upkeep\n|turn|5\n|\n|t:|1681857858\n|move|p2b: Anetra|Shadow Sneak|p1a: Gholdengo\n|-supereffective|p1a: Gholdengo\n|-damage|p1a: Gholdengo|0 fnt\n|faint|p1a: Gholdengo\n|move|p1b: Azumarill|Aqua Jet|p2b: Anetra\n|-supereffective|p2b: Anetra\n|-damage|p2b: Anetra|0 fnt\n|faint|p2b: Anetra\n|move|p2a: Amoonguss|Spore|p1b: Azumarill\n|-status|p1b: Azumarill|slp|[from] move: Spore\n|\n|upkeep\n|\n|t:|1681857866\n|switch|p1a: Amoonguss|Amoonguss, L50, M|100\/100\n|switch|p2b: Sasha Colby|Flutter Mane, L50, tera:Fairy|9\/100\n|turn|6\n|\n|t:|1681857885\n|cant|p1b: Azumarill|slp\n|move|p2b: Sasha Colby|Dazzling Gleam|p1a: Amoonguss|[spread] p1a,p1b\n|-resisted|p1a: Amoonguss\n|-damage|p1a: Amoonguss|71\/100\n|-damage|p1b: Azumarill|0 fnt\n|faint|p1b: Azumarill\n|move|p2a: Amoonguss|Pollen Puff|p2b: Sasha Colby\n|-heal|p2b: Sasha Colby|59\/100\n|move|p1a: Amoonguss|Pollen Puff|p1: Azumarill|[notarget]\n|-fail|p1a: Amoonguss\n|\n|upkeep\n|turn|7\n|-message|mapodasotoca forfeited.\n|\n|win|PiccoloRuiz\n|raw|mapodasotoca's rating: 1318 → 1302<\/strong> (-16 for losing)\n|raw|PiccoloRuiz's rating: 1395 → 1411<\/strong> (+16 for winning)\n|l|\u2606mapodasotoca\n","uploadtime":1681857898,"views":10,"p1id":"mapodasotoca","p2id":"piccoloruiz","formatid":"gen9vgc2023regulationc","rating":1302,"private":0,"password":""}