{"id":"gen9vgc2023regulationc-1847523770","p1":"Sumo'sWeenusVGC","p2":"BeardedSamurai","format":"[Gen 9] VGC 2023 Regulation C","log":"|j|\u2606Sumo'sWeenusVGC\n|j|\u2606BeardedSamurai\n|t:|1681967015\n|gametype|doubles\n|player|p1|Sumo'sWeenusVGC|colress|1265\n|player|p2|BeardedSamurai|hilbert|1195\n|teamsize|p1|6\n|teamsize|p2|6\n|gen|9\n|tier|[Gen 9] VGC 2023 Regulation C\n|rated|\n|rule|Species Clause: Limit one of each Pok\u00e9mon\n|rule|Item Clause: Limit one of each item\n|clearpoke\n|poke|p1|Annihilape, L50, M|\n|poke|p1|Chien-Pao, L50|\n|poke|p1|Flutter Mane, L50|\n|poke|p1|Arcanine, L50, M|\n|poke|p1|Palafin, L50, F|\n|poke|p1|Amoonguss, L50, F|\n|poke|p2|Arcanine, L50, M|\n|poke|p2|Tyranitar, L50, F|\n|poke|p2|Chien-Pao, L50|\n|poke|p2|Sandy Shocks, L50|\n|poke|p2|Scizor, L50, M|\n|poke|p2|Gastrodon, L50, M|\n|teampreview|4\n|inactive|Battle timer is ON: inactive players will automatically lose when time's up. (requested by BeardedSamurai)\n|inactive|Sumo'sWeenusVGC also wants the timer to be on.\nBeardedSamurai has agreed to open team sheets.\nSumo'sWeenusVGC has agreed to open team sheets.\n|inactive|Sumo'sWeenusVGC has 60 seconds left.\n|inactive|BeardedSamurai has 60 seconds left.\n|inactive|Sumo'sWeenusVGC has 30 seconds left.\n|\n|t:|1681967083\n|start\n|switch|p1a: Doll-Pugno|Palafin, L50, F, shiny|100\/100\n|switch|p1b: Psi Mu Signma|Annihilape, L50, M, shiny|100\/100\n|switch|p2a: Scizor|Scizor, L50, M|100\/100\n|switch|p2b: Sandy Shocks|Sandy Shocks, L50|100\/100\n|turn|1\n|c|\u2606Sumo'sWeenusVGC|gl hf\n|c|\u2606BeardedSamurai|you to\n|inactive|BeardedSamurai has 30 seconds left.\n|inactive|BeardedSamurai has 20 seconds left.\n|\n|t:|1681967121\n|detailschange|p1a: Doll-Pugno|Palafin-Hero, L50, F, shiny\n|switch|p1a: Slif's Woof|Arcanine, L50, M, shiny|100\/100\n|-ability|p1a: Slif's Woof|Intimidate|boost\n|-fail|p2a: Scizor|unboost|[from] item: Clear Amulet|[of] p2a: Scizor\n|-unboost|p2b: Sandy Shocks|atk|1\n|move|p2b: Sandy Shocks|Thunderbolt|p1b: Psi Mu Signma\n|-damage|p1b: Psi Mu Signma|72\/100\n|move|p1b: Psi Mu Signma|Bulk Up|p1b: Psi Mu Signma\n|-boost|p1b: Psi Mu Signma|atk|1\n|-boost|p1b: Psi Mu Signma|def|1\n|move|p2a: Scizor|Tailwind|p2a: Scizor\n|-sidestart|p2: BeardedSamurai|move: Tailwind\n|\n|-heal|p1b: Psi Mu Signma|78\/100|[from] item: Leftovers\n|upkeep\n|turn|2\n|inactive|Sumo'sWeenusVGC has 30 seconds left.\n|inactive|BeardedSamurai has 30 seconds left.\n|\n|t:|1681967148\n|switch|p2a: Tyranitar|Tyranitar, L50, F|100\/100\n|-weather|Sandstorm|[from] ability: Sand Stream|[of] p2a: Tyranitar\n|move|p2b: Sandy Shocks|Earth Power|p1a: Slif's Woof\n|-supereffective|p1a: Slif's Woof\n|-damage|p1a: Slif's Woof|32\/100\n|-unboost|p1a: Slif's Woof|spd|1\n|move|p1a: Slif's Woof|Flare Blitz|p2a: Tyranitar\n|-resisted|p2a: Tyranitar\n|-damage|p2a: Tyranitar|81\/100\n|-damage|p1a: Slif's Woof|26\/100|[from] Recoil\n|move|p1b: Psi Mu Signma|Drain Punch|p2b: Sandy Shocks\n|-damage|p2b: Sandy Shocks|50\/100\n|-heal|p1b: Psi Mu Signma|97\/100|[from] drain|[of] p2b: Sandy Shocks\n|\n|-weather|Sandstorm|[upkeep]\n|-damage|p1b: Psi Mu Signma|91\/100|[from] Sandstorm\n|-heal|p1b: Psi Mu Signma|97\/100|[from] item: Leftovers\n|upkeep\n|turn|3\n|inactive|BeardedSamurai has 30 seconds left.\n|inactive|Sumo'sWeenusVGC has 30 seconds left.\n|inactive|BeardedSamurai has 20 seconds left.\n|inactive|BeardedSamurai has 15 seconds left.\n|inactive|BeardedSamurai has 10 seconds left.\n|\n|t:|1681967196\n|switch|p1a: Puff Puff|Amoonguss, L50, F, shiny|100\/100\n|-terastallize|p2a: Tyranitar|Rock\n|move|p2b: Sandy Shocks|Protect|p2b: Sandy Shocks\n|-singleturn|p2b: Sandy Shocks|Protect\n|move|p2a: Tyranitar|Rock Slide|p1b: Psi Mu Signma|[spread] p1a\n|-miss|p2a: Tyranitar|p1b: Psi Mu Signma\n|-damage|p1a: Puff Puff|46\/100\n|-enditem|p1a: Puff Puff|Sitrus Berry|[eat]\n|-heal|p1a: Puff Puff|70\/100|[from] item: Sitrus Berry\n|move|p1b: Psi Mu Signma|Drain Punch|p2a: Tyranitar\n|-supereffective|p2a: Tyranitar\n|-damage|p2a: Tyranitar|8\/100\n|-heal|p1b: Psi Mu Signma|100\/100|[from] drain|[of] p2a: Tyranitar\n|\n|-weather|Sandstorm|[upkeep]\n|-damage|p1b: Psi Mu Signma|94\/100|[from] Sandstorm\n|-damage|p1a: Puff Puff|64\/100|[from] Sandstorm\n|-heal|p1b: Psi Mu Signma|100\/100|[from] item: Leftovers\n|upkeep\n|turn|4\n|inactive|BeardedSamurai has 30 seconds left.\n|c|\u2606BeardedSamurai|i hate the ape\n|inactive|BeardedSamurai has 20 seconds left.\n|inactive|BeardedSamurai has 15 seconds left.\n|\n|t:|1681967241\n|move|p2b: Sandy Shocks|Earth Power|p1b: Psi Mu Signma\n|-damage|p1b: Psi Mu Signma|71\/100\n|-unboost|p1b: Psi Mu Signma|spd|1\n|-ability|p1b: Psi Mu Signma|Defiant|boost\n|-boost|p1b: Psi Mu Signma|atk|2\n|move|p2a: Tyranitar|Rock Slide|p1b: Psi Mu Signma|[spread] p1a,p1b\n|-crit|p1a: Puff Puff\n|-resisted|p1b: Psi Mu Signma\n|-damage|p1a: Puff Puff|0 fnt\n|-damage|p1b: Psi Mu Signma|48\/100\n|faint|p1a: Puff Puff\n|move|p1b: Psi Mu Signma|Bulk Up|p1b: Psi Mu Signma\n|-boost|p1b: Psi Mu Signma|atk|1\n|-boost|p1b: Psi Mu Signma|def|1\n|\n|-weather|Sandstorm|[upkeep]\n|-damage|p1b: Psi Mu Signma|42\/100|[from] Sandstorm\n|-heal|p1b: Psi Mu Signma|48\/100|[from] item: Leftovers\n|-sideend|p2: BeardedSamurai|move: Tailwind\n|upkeep\n|\n|t:|1681967258\n|switch|p1a: Doll-Pugno|Palafin-Hero, L50, F, shiny|100\/100\n|-activate|p1a: Doll-Pugno|ability: Zero to Hero\n|turn|5\n|\n|t:|1681967270\n|switch|p2a: Gastrodon|Gastrodon, L50, M|100\/100\n|move|p1b: Psi Mu Signma|Protect|p1b: Psi Mu Signma\n|-singleturn|p1b: Psi Mu Signma|Protect\n|move|p1a: Doll-Pugno|Jet Punch|p2a: Gastrodon\n|-ability|p2a: Gastrodon|Storm Drain|boost\n|-boost|p2a: Gastrodon|spa|1\n|move|p2b: Sandy Shocks|Earth Power|p1b: Psi Mu Signma\n|-activate|p1b: Psi Mu Signma|move: Protect\n|\n|-weather|Sandstorm|[upkeep]\n|-damage|p1a: Doll-Pugno|95\/100|[from] Sandstorm\n|-damage|p1b: Psi Mu Signma|42\/100|[from] Sandstorm\n|-heal|p1b: Psi Mu Signma|48\/100|[from] item: Leftovers\n|upkeep\n|turn|6\n|inactive|Sumo'sWeenusVGC has 30 seconds left.\n|\n|t:|1681967300\n|move|p1a: Doll-Pugno|Protect|p1a: Doll-Pugno\n|-singleturn|p1a: Doll-Pugno|Protect\n|move|p2a: Gastrodon|Protect|p2a: Gastrodon\n|-singleturn|p2a: Gastrodon|Protect\n|move|p2b: Sandy Shocks|Earth Power|p1b: Psi Mu Signma\n|-damage|p1b: Psi Mu Signma|8\/100\n|move|p1b: Psi Mu Signma|Drain Punch|p2a: Gastrodon\n|-activate|p2a: Gastrodon|move: Protect\n|\n|-weather|none\n|-heal|p1b: Psi Mu Signma|15\/100|[from] item: Leftovers\n|upkeep\n|turn|7\n|inactive|BeardedSamurai has 30 seconds left.\n|c|\u2606Sumo'sWeenusVGC|well, i think i messed this one up\n|\n|t:|1681967334\n|switch|p1a: Slif's Woof|Arcanine, L50, M, shiny|26\/100\n|-ability|p1a: Slif's Woof|Intimidate|boost\n|-unboost|p2a: Gastrodon|atk|1\n|-unboost|p2b: Sandy Shocks|atk|1\n|move|p1b: Psi Mu Signma|Protect|p1b: Psi Mu Signma\n|-singleturn|p1b: Psi Mu Signma|Protect\n|move|p2b: Sandy Shocks|Earth Power|p1b: Psi Mu Signma\n|-activate|p1b: Psi Mu Signma|move: Protect\n|move|p2a: Gastrodon|Muddy Water|p1a: Slif's Woof|[spread] p1a\n|-activate|p1b: Psi Mu Signma|move: Protect\n|-supereffective|p1a: Slif's Woof\n|-damage|p1a: Slif's Woof|0 fnt\n|faint|p1a: Slif's Woof\n|\n|-heal|p1b: Psi Mu Signma|21\/100|[from] item: Leftovers\n|upkeep\n|\n|t:|1681967350\n|switch|p1a: Doll-Pugno|Palafin-Hero, L50, F, shiny|95\/100\n|turn|8\n|\n|t:|1681967362\n|move|p2a: Gastrodon|Protect|p2a: Gastrodon\n|-singleturn|p2a: Gastrodon|Protect\n|move|p1a: Doll-Pugno|Jet Punch|p2a: Gastrodon\n|-activate|p2a: Gastrodon|ability: Storm Drain\n|-activate|p2a: Gastrodon|move: Protect\n|move|p2b: Sandy Shocks|Earth Power|p1b: Psi Mu Signma\n|-damage|p1b: Psi Mu Signma|0 fnt\n|faint|p1b: Psi Mu Signma\n|\n|upkeep\n|turn|9\n|\n|t:|1681967374\n|move|p2b: Sandy Shocks|Thunderbolt|p1a: Doll-Pugno\n|-supereffective|p1a: Doll-Pugno\n|-damage|p1a: Doll-Pugno|15\/100\n|move|p1a: Doll-Pugno|Wave Crash|p2a: Gastrodon\n|-activate|p2a: Gastrodon|ability: Storm Drain\n|-ability|p2a: Gastrodon|Storm Drain|boost\n|-boost|p2a: Gastrodon|spa|1\n|move|p2a: Gastrodon|Earth Power|p1a: Doll-Pugno\n|-damage|p1a: Doll-Pugno|0 fnt\n|faint|p1a: Doll-Pugno\n|\n|win|BeardedSamurai\n|raw|Sumo'sWeenusVGC's rating: 1265 → 1235<\/strong> (-30 for losing)\n|raw|BeardedSamurai's rating: 1195 → 1225<\/strong> (+30 for winning)\n|c|\u2606Sumo'sWeenusVGC|gg wp\n|c|\u2606BeardedSamurai|that ape almost got me lmao\n|c|\u2606BeardedSamurai|I hate it so much\n|c|\u2606Sumo'sWeenusVGC|haha, terrible reads by me htough\n|c|\u2606BeardedSamurai|sucha tough mon to deal with\n|c|\u2606Sumo'sWeenusVGC|it is!\n|c|\u2606Sumo'sWeenusVGC|love it or hate iti suppose\n","uploadtime":1681967390,"views":6,"p1id":"sumosweenusvgc","p2id":"beardedsamurai","formatid":"gen9vgc2023regulationc","rating":1225,"private":0,"password":""}