{"id":"gen9vgc2023regulationc-1850091171","p1":"jayballester","p2":"Tuxmux","format":"[Gen 9] VGC 2023 Regulation C","log":"|j|\u2606jayballester\n|j|\u2606Tuxmux\n|t:|1682286212\n|gametype|doubles\n|player|p1|jayballester|riley|\n|player|p2|Tuxmux|266|\n|teamsize|p1|6\n|teamsize|p2|6\n|gen|9\n|tier|[Gen 9] VGC 2023 Regulation C\n|rule|Species Clause: Limit one of each Pok\u00e9mon\n|rule|Item Clause: Limit one of each item\n|clearpoke\n|poke|p1|Tyranitar, L50, F|\n|poke|p1|Palafin, L50, M|\n|poke|p1|Toedscool, L50, M|\n|poke|p1|Garganacl, L50, M|\n|poke|p1|Salazzle, L50, F|\n|poke|p1|Breloom, L50, F|\n|poke|p2|Talonflame, L50, F|\n|poke|p2|Hydreigon, L50, F|\n|poke|p2|Tinkaton, L50, F|\n|poke|p2|Azumarill, L50, F|\n|poke|p2|Lucario, L50, F|\n|poke|p2|Toxapex, L50, M|\n|teampreview|4\n|c|\u2606jayballester|glhf\n|c|\u2606jayballester|no toedscool lame\n|c|\u2606Tuxmux|glhf\n|c|\u2606Tuxmux|i couldnt do it\n|\n|t:|1682286263\n|start\n|switch|p1a: Salazzle|Salazzle, L50, F|100\/100\n|switch|p1b: Palafin|Palafin, L50, M|100\/100\n|switch|p2a: Specs Hex Pex|Toxapex, L50, M|100\/100\n|switch|p2b: shes a lil gal|Tinkaton, L50, F|100\/100\n|-ability|p2b: shes a lil gal|Mold Breaker\n|turn|1\n|\n|t:|1682286278\n|detailschange|p1b: Palafin|Palafin-Hero, L50, M\n|switch|p1b: Garganacl|Garganacl, L50, M|100\/100\n|move|p1a: Salazzle|Fake Out|p2b: shes a lil gal\n|-resisted|p2b: shes a lil gal\n|-damage|p2b: shes a lil gal|97\/100\n|cant|p2b: shes a lil gal|flinch\n|move|p2a: Specs Hex Pex|Toxic Spikes|p1b: Garganacl\n|-sidestart|p1: jayballester|move: Toxic Spikes\n|\n|upkeep\n|turn|2\n|\n|t:|1682286303\n|-terastallize|p1b: Garganacl|Water\n|move|p2b: shes a lil gal|Protect|p2b: shes a lil gal\n|-singleturn|p2b: shes a lil gal|Protect\n|move|p2a: Specs Hex Pex|Baneful Bunker|p2a: Specs Hex Pex\n|-singleturn|p2a: Specs Hex Pex|move: Protect\n|move|p1a: Salazzle|Flamethrower|p2b: shes a lil gal\n|-activate|p2b: shes a lil gal|move: Protect\n|move|p1b: Garganacl|Salt Cure|p2a: Specs Hex Pex\n|-activate|p2a: Specs Hex Pex|move: Protect\n|\n|upkeep\n|turn|3\n|\n|t:|1682286334\n|move|p2b: shes a lil gal|Helping Hand|p2a: Specs Hex Pex\n|-singleturn|p2a: Specs Hex Pex|Helping Hand|[of] p2b: shes a lil gal\n|move|p1a: Salazzle|Flamethrower|p2b: shes a lil gal\n|-supereffective|p2b: shes a lil gal\n|-damage|p2b: shes a lil gal|41\/100\n|move|p2a: Specs Hex Pex|Sludge Bomb|p1b: Garganacl\n|-damage|p1b: Garganacl|72\/100\n|move|p1b: Garganacl|Salt Cure|p2b: shes a lil gal\n|-resisted|p2b: shes a lil gal\n|-damage|p2b: shes a lil gal|33\/100\n|-start|p2b: shes a lil gal|Salt Cure\n|\n|-heal|p1b: Garganacl|78\/100|[from] item: Leftovers\n|-damage|p2b: shes a lil gal|8\/100|[from] Salt Cure\n|upkeep\n|turn|4\n|\n|t:|1682286371\n|move|p2a: Specs Hex Pex|Baneful Bunker|p2a: Specs Hex Pex\n|-singleturn|p2a: Specs Hex Pex|move: Protect\n|move|p1a: Salazzle|Toxic|p2a: Specs Hex Pex\n|-activate|p2a: Specs Hex Pex|move: Protect\n|move|p2b: shes a lil gal|Gigaton Hammer|p1b: Garganacl\n|-resisted|p1b: Garganacl\n|-damage|p1b: Garganacl|61\/100\n|move|p1b: Garganacl|Salt Cure|p2a: Specs Hex Pex\n|-activate|p2a: Specs Hex Pex|move: Protect\n|\n|-heal|p1b: Garganacl|67\/100|[from] item: Leftovers\n|-damage|p2b: shes a lil gal|0 fnt|[from] Salt Cure\n|faint|p2b: shes a lil gal\n|upkeep\n|\n|t:|1682286382\n|switch|p2b: gen 4\/6 staple|Lucario, L50, F|100\/100\n|-item|p2b: gen 4\/6 staple|Air Balloon\n|turn|5\n|\n|t:|1682286406\n|move|p1a: Salazzle|Toxic|p2a: Specs Hex Pex\n|-status|p2a: Specs Hex Pex|tox\n|move|p2b: gen 4\/6 staple|Flash Cannon|p1a: Salazzle\n|-resisted|p1a: Salazzle\n|-damage|p1a: Salazzle|70\/100\n|move|p2a: Specs Hex Pex|Sludge Bomb|p1b: Garganacl\n|-damage|p1b: Garganacl|48\/100\n|move|p1b: Garganacl|Salt Cure|p2a: Specs Hex Pex\n|-crit|p2a: Specs Hex Pex\n|-damage|p2a: Specs Hex Pex|85\/100 tox\n|-start|p2a: Specs Hex Pex|Salt Cure\n|\n|-heal|p2a: Specs Hex Pex|90\/100 tox|[from] item: Leftovers\n|-heal|p1b: Garganacl|54\/100|[from] item: Leftovers\n|-damage|p2a: Specs Hex Pex|85\/100 tox|[from] psn\n|-damage|p2a: Specs Hex Pex|60\/100 tox|[from] Salt Cure\n|upkeep\n|turn|6\n|\n|t:|1682286441\n|switch|p2a: jay was onto smth|Azumarill, L50, F|100\/100\n|move|p2b: gen 4\/6 staple|Protect|p2b: gen 4\/6 staple\n|-singleturn|p2b: gen 4\/6 staple|Protect\n|move|p1a: Salazzle|Flamethrower|p2b: gen 4\/6 staple\n|-activate|p2b: gen 4\/6 staple|move: Protect\n|move|p1b: Garganacl|Recover|p1b: Garganacl\n|-heal|p1b: Garganacl|100\/100\n|\n|upkeep\n|turn|7\n|\n|t:|1682286458\n|switch|p2b: Specs Hex Pex|Toxapex, L50, M|93\/100 tox\n|move|p1a: Salazzle|Protect|p1a: Salazzle\n|-singleturn|p1a: Salazzle|Protect\n|move|p2a: jay was onto smth|Liquidation|p1a: Salazzle\n|-activate|p1a: Salazzle|move: Protect\n|move|p1b: Garganacl|Salt Cure|p2b: Specs Hex Pex\n|-damage|p2b: Specs Hex Pex|81\/100 tox\n|-start|p2b: Specs Hex Pex|Salt Cure\n|\n|-heal|p2b: Specs Hex Pex|87\/100 tox|[from] item: Leftovers\n|-damage|p2b: Specs Hex Pex|81\/100 tox|[from] psn\n|-damage|p2b: Specs Hex Pex|57\/100 tox|[from] Salt Cure\n|upkeep\n|turn|8\n|\n|t:|1682286477\n|switch|p1a: Breloom|Breloom, L50, F|100\/100\n|-status|p1a: Breloom|psn\n|switch|p2b: gen 4\/6 staple|Lucario, L50, F|100\/100\n|-item|p2b: gen 4\/6 staple|Air Balloon\n|move|p2a: jay was onto smth|Liquidation|p1a: Breloom\n|-resisted|p1a: Breloom\n|-damage|p1a: Breloom|47\/100 psn\n|move|p1b: Garganacl|Salt Cure|p2a: jay was onto smth\n|-damage|p2a: jay was onto smth|82\/100\n|-start|p2a: jay was onto smth|Salt Cure\n|\n|-damage|p1a: Breloom|35\/100 psn|[from] psn\n|-damage|p2a: jay was onto smth|57\/100|[from] Salt Cure\n|upkeep\n|turn|9\n|\n|t:|1682286499\n|switch|p2a: Specs Hex Pex|Toxapex, L50, M|90\/100 tox\n|move|p2b: gen 4\/6 staple|Protect|p2b: gen 4\/6 staple\n|-singleturn|p2b: gen 4\/6 staple|Protect\n|move|p1a: Breloom|Protect|p1a: Breloom\n|-singleturn|p1a: Breloom|Protect\n|move|p1b: Garganacl|Salt Cure|p2b: gen 4\/6 staple\n|-activate|p2b: gen 4\/6 staple|move: Protect\n|\n|-heal|p2a: Specs Hex Pex|95\/100 tox|[from] item: Leftovers\n|-damage|p1a: Breloom|23\/100 psn|[from] psn\n|-damage|p2a: Specs Hex Pex|90\/100 tox|[from] psn\n|upkeep\n|turn|10\n|\n|t:|1682286532\n|-terastallize|p2b: gen 4\/6 staple|Steel\n|move|p2a: Specs Hex Pex|Baneful Bunker|p2a: Specs Hex Pex\n|-singleturn|p2a: Specs Hex Pex|move: Protect\n|move|p1a: Breloom|Mach Punch|p2b: gen 4\/6 staple\n|-supereffective|p2b: gen 4\/6 staple\n|-damage|p2b: gen 4\/6 staple|0 fnt\n|-enditem|p2b: gen 4\/6 staple|Air Balloon\n|faint|p2b: gen 4\/6 staple\n|-damage|p1a: Breloom|14\/100 psn|[from] item: Life Orb\n|move|p1b: Garganacl|Salt Cure|p2a: Specs Hex Pex\n|-activate|p2a: Specs Hex Pex|move: Protect\n|\n|-heal|p2a: Specs Hex Pex|95\/100 tox|[from] item: Leftovers\n|-damage|p1a: Breloom|2\/100 psn|[from] psn\n|-damage|p2a: Specs Hex Pex|84\/100 tox|[from] psn\n|upkeep\n|\n|t:|1682286543\n|switch|p2b: jay was onto smth|Azumarill, L50, F|57\/100\n|turn|11\n|\n|t:|1682286555\n|move|p2b: jay was onto smth|Play Rough|p1b: Garganacl\n|-damage|p1b: Garganacl|58\/100\n|-unboost|p1b: Garganacl|atk|1\n|move|p1a: Breloom|Bullet Seed|p2b: jay was onto smth\n|-supereffective|p2b: jay was onto smth\n|-damage|p2b: jay was onto smth|0 fnt\n|faint|p2b: jay was onto smth\n|-hitcount|p2: jay was onto smth|1\n|-damage|p1a: Breloom|0 fnt|[from] item: Life Orb\n|faint|p1a: Breloom\n|move|p2a: Specs Hex Pex|Toxic Spikes|p1b: Garganacl\n|-sidestart|p1: jayballester|move: Toxic Spikes\n|move|p1b: Garganacl|Salt Cure|p2a: Specs Hex Pex\n|-damage|p2a: Specs Hex Pex|76\/100 tox\n|-start|p2a: Specs Hex Pex|Salt Cure\n|\n|-heal|p2a: Specs Hex Pex|82\/100 tox|[from] item: Leftovers\n|-heal|p1b: Garganacl|64\/100|[from] item: Leftovers\n|-damage|p2a: Specs Hex Pex|65\/100 tox|[from] psn\n|-damage|p2a: Specs Hex Pex|40\/100 tox|[from] Salt Cure\n|upkeep\n|c|\u2606jayballester|gg\n|\n|t:|1682286572\n|switch|p1a: Salazzle|Salazzle, L50, F|70\/100\n|-sideend|p1: jayballester|move: Toxic Spikes|[of] p1a: Salazzle\n|turn|12\n|c|\u2606Tuxmux|fuck it we swap\n|\n|t:|1682286581\n|move|p2a: Specs Hex Pex|Baneful Bunker|p2a: Specs Hex Pex\n|-singleturn|p2a: Specs Hex Pex|move: Protect\n|move|p1a: Salazzle|Fake Out|p2a: Specs Hex Pex\n|-activate|p2a: Specs Hex Pex|move: Protect\n|move|p1b: Garganacl|Salt Cure|p2a: Specs Hex Pex\n|-activate|p2a: Specs Hex Pex|move: Protect\n|\n|-heal|p2a: Specs Hex Pex|46\/100 tox|[from] item: Leftovers\n|-heal|p1b: Garganacl|70\/100|[from] item: Leftovers\n|-damage|p2a: Specs Hex Pex|23\/100 tox|[from] psn\n|-damage|p2a: Specs Hex Pex|0 fnt|[from] Salt Cure\n|faint|p2a: Specs Hex Pex\n|\n|win|jayballester\n|upkeep\n|c|\u2606Tuxmux|gg\n","uploadtime":1682286586,"views":4,"p1id":"jayballester","p2id":"tuxmux","formatid":"gen9vgc2023regulationc","rating":0,"private":0,"password":""}