{"id":"gen9vgc2023regulationc-1850700460","p1":"OhmMyCod","p2":"hotfemme","format":"[Gen 9] VGC 2023 Regulation C","log":"|j|\u2606OhmMyCod\n|j|\u2606hotfemme\n|t:|1682360239\n|gametype|doubles\n|player|p1|OhmMyCod|fisherman|1295\n|player|p2|hotfemme|bertha|1290\n|teamsize|p1|6\n|teamsize|p2|6\n|gen|9\n|tier|[Gen 9] VGC 2023 Regulation C\n|rated|\n|rule|Species Clause: Limit one of each Pok\u00e9mon\n|rule|Item Clause: Limit one of each item\n|clearpoke\n|poke|p1|Corviknight, L50, F|\n|poke|p1|Maushold, L50|\n|poke|p1|Annihilape, L50, M|\n|poke|p1|Scream Tail, L50|\n|poke|p1|Iron Bundle, L50|\n|poke|p1|Ceruledge, L50, F|\n|poke|p2|Flutter Mane, L50|\n|poke|p2|Ting-Lu, L50|\n|poke|p2|Grimmsnarl, L50, M|\n|poke|p2|Baxcalibur, L50, F|\n|poke|p2|Tauros-Paldea-Blaze, L50, M|\n|poke|p2|Gastrodon-East, L50, F|\n|teampreview|4\n|inactive|Battle timer is ON: inactive players will automatically lose when time's up. (requested by OhmMyCod)\n|c|\u2606hotfemme|glhf\n|inactive|hotfemme has 60 seconds left.\n|\n|t:|1682360273\n|start\n|switch|p1a: Iron Bundle|Iron Bundle, L50|100\/100\n|switch|p1b: Corviknight|Corviknight, L50, F|100\/100\n|switch|p2a: Grimmsnarl|Grimmsnarl, L50, M, shiny|100\/100\n|switch|p2b: Tauros|Tauros-Paldea-Blaze, L50, M|100\/100\n|-ability|p2b: Tauros|Intimidate|boost\n|-unboost|p1a: Iron Bundle|atk|1\n|-ability|p1b: Corviknight|Mirror Armor\n|-unboost|p2b: Tauros|atk|1\n|-enditem|p1a: Iron Bundle|Booster Energy\n|-activate|p1a: Iron Bundle|ability: Quark Drive|[fromitem]\n|-start|p1a: Iron Bundle|quarkdrivespe\n|turn|1\n|\n|t:|1682360294\n|move|p2b: Tauros|Protect|p2b: Tauros\n|-singleturn|p2b: Tauros|Protect\n|move|p2a: Grimmsnarl|Light Screen|p2a: Grimmsnarl\n|-sidestart|p2: hotfemme|move: Light Screen\n|move|p1a: Iron Bundle|Hydro Pump|p2b: Tauros\n|-activate|p2b: Tauros|move: Protect\n|move|p1b: Corviknight|Iron Head|p2a: Grimmsnarl\n|-supereffective|p2a: Grimmsnarl\n|-damage|p2a: Grimmsnarl|1\/100\n|\n|upkeep\n|turn|2\n|\n|t:|1682360309\n|switch|p2b: Baxcalibur|Baxcalibur, L50, F|100\/100\n|switch|p1b: Ceruledge|Ceruledge, L50, F|100\/100\n|move|p2a: Grimmsnarl|Reflect|p2a: Grimmsnarl\n|-sidestart|p2: hotfemme|Reflect\n|move|p1a: Iron Bundle|Icy Wind|p2b: Baxcalibur|[spread] p2a,p2b\n|-damage|p2a: Grimmsnarl|0 fnt\n|-damage|p2b: Baxcalibur|88\/100\n|faint|p2a: Grimmsnarl\n|\n|upkeep\n|\n|t:|1682360322\n|switch|p2a: Flutter Mane|Flutter Mane, L50|100\/100\n|turn|3\n|\n|t:|1682360340\n|move|p1b: Ceruledge|Shadow Sneak|p2a: Flutter Mane\n|-supereffective|p2a: Flutter Mane\n|-damage|p2a: Flutter Mane|59\/100\n|move|p2b: Baxcalibur|Ice Shard|p1a: Iron Bundle\n|-resisted|p1a: Iron Bundle\n|-damage|p1a: Iron Bundle|94\/100\n|move|p1a: Iron Bundle|Freeze-Dry|p2b: Baxcalibur\n|-damage|p2b: Baxcalibur|66\/100\n|move|p2a: Flutter Mane|Thunderbolt|p1a: Iron Bundle\n|-supereffective|p1a: Iron Bundle\n|-damage|p1a: Iron Bundle|0 fnt\n|faint|p1a: Iron Bundle\n|-end|p1a: Iron Bundle|Quark Drive|[silent]\n|\n|upkeep\n|\n|t:|1682360353\n|switch|p1a: Corviknight|Corviknight, L50, F|100\/100\n|turn|4\n|\n|t:|1682360371\n|move|p2b: Baxcalibur|Protect|p2b: Baxcalibur\n|-singleturn|p2b: Baxcalibur|Protect\n|move|p1b: Ceruledge|Shadow Sneak|p2a: Flutter Mane\n|-supereffective|p2a: Flutter Mane\n|-damage|p2a: Flutter Mane|17\/100\n|move|p2a: Flutter Mane|Thunderbolt|p1a: Corviknight\n|-supereffective|p1a: Corviknight\n|-damage|p1a: Corviknight|9\/100\n|move|p1a: Corviknight|Iron Head|p2b: Baxcalibur\n|-activate|p2b: Baxcalibur|move: Protect\n|\n|upkeep\n|turn|5\n|\n|t:|1682360393\n|move|p1b: Ceruledge|Shadow Sneak|p2a: Flutter Mane\n|-supereffective|p2a: Flutter Mane\n|-damage|p2a: Flutter Mane|0 fnt\n|faint|p2a: Flutter Mane\n|-end|p2a: Flutter Mane|Protosynthesis|[silent]\n|move|p2b: Baxcalibur|Ice Shard|p1a: Corviknight\n|-damage|p1a: Corviknight|0 fnt\n|faint|p1a: Corviknight\n|\n|upkeep\n|\n|t:|1682360400\n|switch|p2a: Tauros|Tauros-Paldea-Blaze, L50, M|100\/100\n|switch|p1a: Annihilape|Annihilape, L50, M|100\/100\n|-ability|p2a: Tauros|Intimidate|boost\n|-unboost|p1a: Annihilape|atk|1\n|-ability|p1a: Annihilape|Defiant|boost\n|-boost|p1a: Annihilape|atk|2\n|-enditem|p2a: Tauros|Mirror Herb\n|-boost|p2a: Tauros|atk|2|[from] item: Mirror Herb\n|-unboost|p1b: Ceruledge|atk|1\n|turn|6\n|inactive|OhmMyCod has 30 seconds left.\n|\n|t:|1682360425\n|-terastallize|p2b: Baxcalibur|Poison\n|move|p2a: Tauros|Flare Blitz|p1a: Annihilape\n|-crit|p1a: Annihilape\n|-damage|p1a: Annihilape|0 fnt\n|faint|p1a: Annihilape\n|-damage|p2a: Tauros|66\/100|[from] Recoil\n|move|p1b: Ceruledge|Poison Jab|p2b: Baxcalibur\n|-resisted|p2b: Baxcalibur\n|-crit|p2b: Baxcalibur\n|-damage|p2b: Baxcalibur|47\/100\n|move|p2b: Baxcalibur|Glaive Rush|p1b: Ceruledge\n|-damage|p1b: Ceruledge|0 fnt\n|-singlemove|p2b: Baxcalibur|Glaive Rush|[silent]\n|faint|p1b: Ceruledge\n|\n|win|hotfemme\n|raw|OhmMyCod's rating: 1295 → 1270<\/strong> (-25 for losing)\n|raw|hotfemme's rating: 1290 → 1315<\/strong> (+25 for winning)\n|l|\u2606OhmMyCod\n|c|\u2606hotfemme|gg\n","uploadtime":1682360441,"views":11,"p1id":"ohmmycod","p2id":"hotfemme","formatid":"gen9vgc2023regulationc","rating":1270,"private":0,"password":""}