{"id":"gen9vgc2023regulationc-1862040171","p1":"trent","p2":"GrifoneFolleVGC","format":"[Gen 9] VGC 2023 Regulation C","log":"|j|\u2606trent\n|j|\u2606GrifoneFolleVGC\n|t:|1683831194\n|gametype|doubles\n|player|p1|trent|1|1254\n|player|p2|GrifoneFolleVGC|cynthia-gen4|1318\n|teamsize|p1|6\n|teamsize|p2|6\n|gen|9\n|tier|[Gen 9] VGC 2023 Regulation C\n|rated|\n|rule|Species Clause: Limit one of each Pok\u00e9mon\n|rule|Item Clause: Limit one of each item\n|clearpoke\n|poke|p1|Scream Tail, L50|\n|poke|p1|Kingambit, L50, F|\n|poke|p1|Ceruledge, L50, F|\n|poke|p1|Dragapult, L50, M|\n|poke|p1|Orthworm, L50, M|\n|poke|p1|Gastrodon, L50, F|\n|poke|p2|Flutter Mane, L50|\n|poke|p2|Chi-Yu, L50|\n|poke|p2|Amoonguss, L50, M|\n|poke|p2|Iron Bundle, L50|\n|poke|p2|Iron Hands, L50|\n|poke|p2|Ting-Lu, L50|\n|teampreview|4\n|inactive|Battle timer is ON: inactive players will automatically lose when time's up. (requested by trent)\nGrifoneFolleVGC has agreed to open team sheets.\n|\n|t:|1683831221\n|start\n|switch|p1a: Ceruledge|Ceruledge, L50, F|100\/100\n|switch|p1b: Scream Tail|Scream Tail, L50|100\/100\n|switch|p2a: Chi-Yu|Chi-Yu, L50|100\/100\n|switch|p2b: Iron Hands|Iron Hands, L50|100\/100\n|-ability|p2a: Chi-Yu|Beads of Ruin\n|-enditem|p1b: Scream Tail|Booster Energy\n|-activate|p1b: Scream Tail|ability: Protosynthesis|[fromitem]\n|-start|p1b: Scream Tail|protosynthesisspe\n|turn|1\n|inactive|trent has 30 seconds left.\n|inactive|trent has 20 seconds left.\n|inactive|trent has 15 seconds left.\n|inactive|trent has 10 seconds left.\n|inactive|trent has 5 seconds left.\n|\n|t:|1683831272\n|move|p2b: Iron Hands|Fake Out|p1b: Scream Tail\n|-damage|p1b: Scream Tail|88\/100\n|cant|p1b: Scream Tail|flinch\n|move|p2a: Chi-Yu|Nasty Plot|p2a: Chi-Yu\n|-boost|p2a: Chi-Yu|spa|2\n|move|p1a: Ceruledge|Close Combat|p2a: Chi-Yu\n|-supereffective|p2a: Chi-Yu\n|-enditem|p2a: Chi-Yu|Focus Sash\n|-damage|p2a: Chi-Yu|1\/100\n|-unboost|p1a: Ceruledge|def|1\n|-unboost|p1a: Ceruledge|spd|1\n|\n|upkeep\n|turn|2\n|\n|t:|1683831292\n|-end|p2b: Iron Hands|Quark Drive|[silent]\n|switch|p2b: Iron Bundle|Iron Bundle, L50|100\/100\n|-enditem|p2b: Iron Bundle|Booster Energy\n|-activate|p2b: Iron Bundle|ability: Quark Drive|[fromitem]\n|-start|p2b: Iron Bundle|quarkdrivespe\n|move|p2a: Chi-Yu|Protect|p2a: Chi-Yu\n|-singleturn|p2a: Chi-Yu|Protect\n|move|p1a: Ceruledge|Shadow Sneak|p2a: Chi-Yu\n|-activate|p2a: Chi-Yu|move: Protect\n|move|p1b: Scream Tail|Encore||[still]\n|-fail|p1b: Scream Tail\n|\n|upkeep\n|turn|3\n|\n|t:|1683831317\n|switch|p2a: Iron Hands|Iron Hands, L50|100\/100\n|-terastallize|p1a: Ceruledge|Grass\n|move|p2b: Iron Bundle|Hydro Pump|p1a: Ceruledge\n|-resisted|p1a: Ceruledge\n|-damage|p1a: Ceruledge|74\/100\n|move|p1b: Scream Tail|Play Rough|p2a: Iron Hands\n|-supereffective|p2a: Iron Hands\n|-damage|p2a: Iron Hands|67\/100\n|-unboost|p2a: Iron Hands|atk|1\n|move|p1a: Ceruledge|Tera Blast|p2b: Iron Bundle\n|-supereffective|p2b: Iron Bundle\n|-damage|p2b: Iron Bundle|0 fnt\n|faint|p2b: Iron Bundle\n|-end|p2b: Iron Bundle|Quark Drive|[silent]\n|\n|upkeep\n|\n|t:|1683831338\n|switch|p2b: Amoonguss|Amoonguss, L50, M|100\/100\n|turn|4\n|\n|t:|1683831361\n|-terastallize|p2b: Amoonguss|Water\n|move|p1b: Scream Tail|Howl|p1b: Scream Tail|[spread] p1a,p1b\n|-boost|p1a: Ceruledge|atk|1\n|-boost|p1b: Scream Tail|atk|1\n|move|p1a: Ceruledge|Bitter Blade|p2b: Amoonguss\n|-resisted|p2b: Amoonguss\n|-damage|p2b: Amoonguss|70\/100\n|-heal|p1a: Ceruledge|92\/100|[from] drain|[of] p2b: Amoonguss\n|-damage|p1a: Ceruledge|76\/100|[from] item: Rocky Helmet|[of] p2b: Amoonguss\n|move|p2a: Iron Hands|Ice Punch|p1a: Ceruledge\n|-supereffective|p1a: Ceruledge\n|-damage|p1a: Ceruledge|9\/100\n|move|p2b: Amoonguss|Spore|p1b: Scream Tail\n|-status|p1b: Scream Tail|slp|[from] move: Spore\n|\n|upkeep\n|turn|5\n|c|\u2606GrifoneFolleVGC|Ma vi fanno cos\u00ec schifo le liste aperte madonna puttana?\n|n|\u203dGrifoneFolleVGC|grifonefollevgc\n|c|&|\/log GrifoneFolleVGC was locked from talking by Artemis. (\u2606GrifoneFolleVGC: Ma vi fanno cos\u00ec schifo le liste aperte madonna puttana?)\n|c|&|\/raw This action was done automatically. Want to learn more about the AI? Visit the information thread<\/a>.<\/small>\n|inactive|trent has 30 seconds left.\n|inactive|GrifoneFolleVGC has 30 seconds left.\n|inactive|trent has 20 seconds left.\n|inactive|GrifoneFolleVGC has 20 seconds left.\n|inactive|GrifoneFolleVGC has 15 seconds left.\n|\n|t:|1683831404\n|-end|p2a: Iron Hands|Quark Drive|[silent]\n|switch|p2a: Chi-Yu|Chi-Yu, L50|1\/100\n|-ability|p2a: Chi-Yu|Beads of Ruin\n|cant|p1b: Scream Tail|slp\n|move|p1a: Ceruledge|Tera Blast|p2b: Amoonguss\n|-supereffective|p2b: Amoonguss\n|-damage|p2b: Amoonguss|0 fnt\n|faint|p2b: Amoonguss\n|\n|upkeep\n|c|\u2606trent|LMAO\n|\n|t:|1683831412\n|switch|p2b: Iron Hands|Iron Hands, L50|67\/100\n|turn|6\n|\n|t:|1683831429\n|move|p2b: Iron Hands|Fake Out|p1a: Ceruledge\n|-damage|p1a: Ceruledge|0 fnt\n|faint|p1a: Ceruledge\n|cant|p1b: Scream Tail|slp\n|move|p2a: Chi-Yu|Heat Wave|p1b: Scream Tail\n|-damage|p1b: Scream Tail|39\/100 slp\n|\n|upkeep\n|\n|t:|1683831436\n|switch|p1a: Gastrodon|Gastrodon, L50, F|100\/100\n|turn|7\n|c|\u2606trent|so agressive\n|inactive|trent has 30 seconds left.\n|\n|t:|1683831470\n|move|p2a: Chi-Yu|Protect|p2a: Chi-Yu\n|-singleturn|p2a: Chi-Yu|Protect\n|cant|p1b: Scream Tail|slp\n|move|p2b: Iron Hands|Wild Charge|p1b: Scream Tail\n|-damage|p1b: Scream Tail|0 fnt\n|faint|p1b: Scream Tail\n|-end|p1b: Scream Tail|Protosynthesis|[silent]\n|-damage|p2b: Iron Hands|57\/100|[from] Recoil\n|move|p1a: Gastrodon|Muddy Water|p2a: Chi-Yu|[spread] p2b\n|-activate|p2a: Chi-Yu|move: Protect\n|-damage|p2b: Iron Hands|35\/100\n|-unboost|p2b: Iron Hands|accuracy|1\n|\n|upkeep\n|\n|t:|1683831476\n|switch|p1b: Orthworm|Orthworm, L50, M|100\/100\n|turn|8\n|\n|t:|1683831493\n|move|p1b: Orthworm|Protect|p1b: Orthworm\n|-singleturn|p1b: Orthworm|Protect\n|move|p2a: Chi-Yu|Heat Wave|p1b: Orthworm|[spread] \n|-activate|p1b: Orthworm|move: Protect\n|-miss|p2a: Chi-Yu|p1a: Gastrodon\n|move|p2b: Iron Hands|Drain Punch|p1a: Gastrodon|[miss]\n|-miss|p2b: Iron Hands|p1a: Gastrodon\n|move|p1a: Gastrodon|Muddy Water|p2b: Iron Hands|[spread] p2a,p2b\n|-supereffective|p2a: Chi-Yu\n|-damage|p2a: Chi-Yu|0 fnt\n|-damage|p2b: Iron Hands|14\/100\n|-unboost|p2b: Iron Hands|accuracy|1\n|faint|p2a: Chi-Yu\n|\n|upkeep\n|turn|9\n|\n|t:|1683831509\n|move|p1b: Orthworm|Body Press|p2b: Iron Hands\n|-damage|p2b: Iron Hands|0 fnt\n|faint|p2b: Iron Hands\n|-end|p2b: Iron Hands|Quark Drive|[silent]\n|\n|win|trent\n|raw|trent's rating: 1254 → 1284<\/strong> (+30 for winning)\n|raw|GrifoneFolleVGC's rating: 1318 → 1294<\/strong> (-24 for losing)\n","uploadtime":1683831371,"views":14,"p1id":"trent","p2id":"grifonefollevgc","formatid":"gen9vgc2023regulationc","rating":1284,"private":0,"password":""}