{"id":"gen9vgc2023regulationc-1856164628","p1":"amp45","p2":"Citoraptor","format":"[Gen 9] VGC 2023 Regulation C","log":"|j|\u2606amp45\n|j|\u2606Citoraptor\n|t:|1683036689\n|gametype|doubles\n|player|p1|amp45|beauty-gen4dp|1000\n|player|p2|Citoraptor|1|1096\n|teamsize|p1|6\n|teamsize|p2|6\n|gen|9\n|tier|[Gen 9] VGC 2023 Regulation C\n|rated|\n|rule|Species Clause: Limit one of each Pok\u00e9mon\n|rule|Item Clause: Limit one of each item\n|clearpoke\n|poke|p1|Palafin, L50, F|\n|poke|p1|Flutter Mane, L50|\n|poke|p1|Brute Bonnet, L50|\n|poke|p1|Ting-Lu, L50|\n|poke|p1|Medicham, L50, M|\n|poke|p1|Jolteon, L50, F|\n|poke|p2|Roaring Moon, L50|\n|poke|p2|Talonflame, L50, F|\n|poke|p2|Gholdengo, L50|\n|poke|p2|Chien-Pao, L50|\n|poke|p2|Palafin, L50, M|\n|poke|p2|Maushold-Four, L50|\n|teampreview|4\namp45 rejected open team sheets.\n|\n|t:|1683036725\n|start\n|switch|p1a: Jolteon|Jolteon, L50, F|100\/100\n|switch|p1b: Medicham|Medicham, L50, M|100\/100\n|switch|p2a: Gholdengo|Gholdengo, L50|100\/100\n|switch|p2b: Palafin|Palafin, L50, M|100\/100\n|turn|1\n|inactive|Battle timer is ON: inactive players will automatically lose when time's up. (requested by Citoraptor)\n|\n|t:|1683036743\n|detailschange|p2b: Palafin|Palafin-Hero, L50, M\n|switch|p2b: Roaring Moon|Roaring Moon, L50, shiny|100\/100\n|-enditem|p2b: Roaring Moon|Booster Energy\n|-activate|p2b: Roaring Moon|ability: Protosynthesis|[fromitem]\n|-start|p2b: Roaring Moon|protosynthesisatk\n|move|p1b: Medicham|Bullet Punch|p2b: Roaring Moon\n|-damage|p2b: Roaring Moon|69\/100\n|-damage|p1b: Medicham|91\/100|[from] item: Life Orb\n|move|p1a: Jolteon|Discharge|p2a: Gholdengo|[spread] p1b,p2a,p2b\n|-resisted|p2b: Roaring Moon\n|-damage|p1b: Medicham|26\/100\n|-damage|p2a: Gholdengo|52\/100\n|-damage|p2b: Roaring Moon|48\/100\n|-status|p2a: Gholdengo|par\n|move|p2a: Gholdengo|Shadow Ball|p1b: Medicham\n|-supereffective|p1b: Medicham\n|-damage|p1b: Medicham|0 fnt\n|faint|p1b: Medicham\n|\n|upkeep\n|\n|t:|1683036761\n|switch|p1b: Flutter Mane|Flutter Mane, L50|100\/100\n|-enditem|p1b: Flutter Mane|Booster Energy\n|-activate|p1b: Flutter Mane|ability: Protosynthesis|[fromitem]\n|-start|p1b: Flutter Mane|protosynthesisspe\n|turn|2\n|\n|t:|1683036787\n|-terastallize|p2a: Gholdengo|Water\n|move|p1b: Flutter Mane|Substitute|p1b: Flutter Mane\n|-start|p1b: Flutter Mane|Substitute\n|-damage|p1b: Flutter Mane|76\/100\n|move|p1a: Jolteon|Discharge|p2b: Roaring Moon|[spread] p1b,p2a,p2b\n|-end|p1b: Flutter Mane|Substitute\n|-supereffective|p2a: Gholdengo\n|-resisted|p2b: Roaring Moon\n|-damage|p2a: Gholdengo|0 fnt\n|-damage|p2b: Roaring Moon|27\/100\n|faint|p2a: Gholdengo\n|move|p2b: Roaring Moon|Dragon Rush|p1a: Jolteon|[miss]\n|-miss|p2b: Roaring Moon|p1a: Jolteon\n|\n|upkeep\n|\n|t:|1683036803\n|switch|p2a: Palafin|Palafin-Hero, L50, M|100\/100\n|-activate|p2a: Palafin|ability: Zero to Hero\n|turn|3\n|\n|t:|1683036812\n|move|p2a: Palafin|Protect|p2a: Palafin\n|-singleturn|p2a: Palafin|Protect\n|move|p1b: Flutter Mane|Substitute|p1b: Flutter Mane\n|-start|p1b: Flutter Mane|Substitute\n|-damage|p1b: Flutter Mane|52\/100\n|move|p1a: Jolteon|Discharge|p2a: Palafin|[spread] p1b,p2b\n|-activate|p2a: Palafin|move: Protect\n|-end|p1b: Flutter Mane|Substitute\n|-resisted|p2b: Roaring Moon\n|-damage|p2b: Roaring Moon|8\/100\n|move|p2b: Roaring Moon|Earthquake|p1b: Flutter Mane|[spread] p1a,p1b\n|-activate|p2a: Palafin|move: Protect\n|-supereffective|p1a: Jolteon\n|-damage|p1a: Jolteon|0 fnt\n|-damage|p1b: Flutter Mane|0 fnt\n|faint|p1a: Jolteon\n|faint|p1b: Flutter Mane\n|-end|p1b: Flutter Mane|Protosynthesis|[silent]\n|\n|upkeep\n|\n|t:|1683036826\n|switch|p1b: Ting-Lu|Ting-Lu, L50|100\/100\n|-ability|p1b: Ting-Lu|Vessel of Ruin\n|turn|4\n|\n|t:|1683036839\n|-terastallize|p1b: Ting-Lu|Dark\n|move|p2b: Roaring Moon|Throat Chop|p1b: Ting-Lu\n|-resisted|p1b: Ting-Lu\n|-damage|p1b: Ting-Lu|85\/100\n|-start|p1b: Ting-Lu|Throat Chop|[silent]\n|move|p2a: Palafin|Wave Crash|p1b: Ting-Lu\n|-damage|p1b: Ting-Lu|36\/100\n|-damage|p2a: Palafin|79\/100|[from] Recoil\n|move|p1b: Ting-Lu|Earthquake|p2b: Roaring Moon|[spread] p2a,p2b\n|-damage|p2a: Palafin|39\/100\n|-damage|p2b: Roaring Moon|0 fnt\n|faint|p2b: Roaring Moon\n|-end|p2b: Roaring Moon|Protosynthesis|[silent]\n|\n|upkeep\n|\n|t:|1683036853\n|switch|p2b: Maushold|Maushold-Four, L50|100\/100\n|turn|5\n|\n|t:|1683036863\n|move|p2a: Palafin|Jet Punch|p1b: Ting-Lu\n|-damage|p1b: Ting-Lu|8\/100\n|move|p2b: Maushold|Population Bomb|p1b: Ting-Lu\n|-damage|p1b: Ting-Lu|5\/100\n|-damage|p1b: Ting-Lu|2\/100\n|-crit|p1b: Ting-Lu\n|-damage|p1b: Ting-Lu|0 fnt\n|faint|p1b: Ting-Lu\n|-hitcount|p1: Ting-Lu|3\n|\n|win|Citoraptor\n|raw|amp45's rating: 1000 → 1000<\/strong> (+0 for losing)\n|raw|Citoraptor's rating: 1096 → 1115<\/strong> (+19 for winning)\n|l|\u2606amp45\n","uploadtime":1683036887,"views":8,"p1id":"amp45","p2id":"citoraptor","formatid":"gen9vgc2023regulationc","rating":1000,"private":0,"password":""}