{"id":"gen9vgc2023regulationc-1858913788","p1":"Arcacagne","p2":"rj1011110","format":"[Gen 9] VGC 2023 Regulation C","log":"|j|\u2606Arcacagne\n|j|\u2606rj1011110\n|t:|1683382745\n|gametype|doubles\n|player|p1|Arcacagne|170|1374\n|player|p2|rj1011110|266|1354\n|teamsize|p1|6\n|teamsize|p2|6\n|gen|9\n|tier|[Gen 9] VGC 2023 Regulation C\n|rated|\n|rule|Species Clause: Limit one of each Pok\u00e9mon\n|rule|Item Clause: Limit one of each item\n|clearpoke\n|poke|p1|Chi-Yu, L50|\n|poke|p1|Flutter Mane, L50|\n|poke|p1|Amoonguss, L50, F|\n|poke|p1|Palafin, L50, M|\n|poke|p1|Kingambit, L50, M|\n|poke|p1|Tauros-Paldea-Blaze, L50, M|\n|poke|p2|Iron Hands, L50|\n|poke|p2|Indeedee-F, L50, F|\n|poke|p2|Amoonguss, L50, F|\n|poke|p2|Arcanine, L50, M|\n|poke|p2|Palafin, L50, F|\n|poke|p2|Flutter Mane, L50|\n|teampreview|4\n|inactive|Battle timer is ON: inactive players will automatically lose when time's up. (requested by rj1011110)\nArcacagne has agreed to open team sheets.\n|inactive|Arcacagne has 60 seconds left.\n|\n|t:|1683382777\n|start\n|switch|p1a: Chi-Yu|Chi-Yu, L50|100\/100\n|switch|p1b: Amoonguss|Amoonguss, L50, F|100\/100\n|switch|p2a: Indeedee|Indeedee-F, L50, F|100\/100\n|switch|p2b: Arcanine|Arcanine, L50, M|100\/100\n|-ability|p1a: Chi-Yu|Beads of Ruin\n|-ability|p2b: Arcanine|Intimidate|boost\n|-unboost|p1a: Chi-Yu|atk|1\n|-unboost|p1b: Amoonguss|atk|1\n|-fieldstart|move: Psychic Terrain|[from] ability: Psychic Surge|[of] p2a: Indeedee\n|turn|1\n|inactive|Arcacagne has 30 seconds left.\n|\n|t:|1683382811\n|-terastallize|p1b: Amoonguss|Water\n|move|p1a: Chi-Yu|Nasty Plot|p1a: Chi-Yu\n|-boost|p1a: Chi-Yu|spa|2\n|-enditem|p2b: Arcanine|Mirror Herb\n|-boost|p2b: Arcanine|spa|2|[from] item: Mirror Herb\n|move|p2b: Arcanine|Snarl|p1a: Chi-Yu|[spread] p1a,p1b\n|-resisted|p1a: Chi-Yu\n|-damage|p1a: Chi-Yu|92\/100\n|-damage|p1b: Amoonguss|82\/100\n|-unboost|p1a: Chi-Yu|spa|1\n|-unboost|p1b: Amoonguss|spa|1\n|move|p2a: Indeedee|Psychic|p1b: Amoonguss\n|-damage|p1b: Amoonguss|11\/100\n|-enditem|p1b: Amoonguss|Sitrus Berry|[eat]\n|-heal|p1b: Amoonguss|36\/100|[from] item: Sitrus Berry\n|-damage|p2a: Indeedee|90\/100|[from] item: Life Orb\n|move|p1b: Amoonguss|Spore|p2a: Indeedee\n|-status|p2a: Indeedee|slp|[from] move: Spore\n|\n|upkeep\n|turn|2\n|inactive|rj1011110 has 30 seconds left.\n|\n|t:|1683382845\n|switch|p1b: Tauros|Tauros-Paldea-Blaze, L50, M|100\/100\n|-ability|p1b: Tauros|Intimidate|boost\n|-unboost|p2a: Indeedee|atk|1\n|-unboost|p2b: Arcanine|atk|1\n|move|p1a: Chi-Yu|Nasty Plot|p1a: Chi-Yu\n|-boost|p1a: Chi-Yu|spa|2\n|move|p2b: Arcanine|Snarl|p1b: Tauros|[spread] p1a,p1b\n|-resisted|p1a: Chi-Yu\n|-crit|p1a: Chi-Yu\n|-resisted|p1b: Tauros\n|-crit|p1b: Tauros\n|-damage|p1a: Chi-Yu|81\/100\n|-damage|p1b: Tauros|83\/100\n|-unboost|p1a: Chi-Yu|spa|1\n|-unboost|p1b: Tauros|spa|1\n|cant|p2a: Indeedee|slp\n|\n|upkeep\n|turn|3\n|inactive|Arcacagne has 30 seconds left.\n|\n|t:|1683382877\n|move|p1a: Chi-Yu|Dark Pulse|p2a: Indeedee\n|-supereffective|p2a: Indeedee\n|-damage|p2a: Indeedee|0 fnt\n|faint|p2a: Indeedee\n|move|p2b: Arcanine|Howl|p2b: Arcanine\n|-boost|p2b: Arcanine|atk|1\n|move|p1b: Tauros|Close Combat|p2b: Arcanine\n|-damage|p2b: Arcanine|46\/100\n|-unboost|p1b: Tauros|def|1\n|-unboost|p1b: Tauros|spd|1\n|\n|upkeep\n|\n|t:|1683382890\n|switch|p2a: Palafin|Palafin, L50, F|100\/100\n|turn|4\n|\n|t:|1683382909\n|detailschange|p2a: Palafin|Palafin-Hero, L50, F\n|switch|p2a: Iron Hands|Iron Hands, L50|100\/100\n|move|p1a: Chi-Yu|Protect|p1a: Chi-Yu\n|-singleturn|p1a: Chi-Yu|Protect\n|move|p2b: Arcanine|Flare Blitz|p1b: Tauros\n|-resisted|p1b: Tauros\n|-damage|p1b: Tauros|38\/100\n|-damage|p2b: Arcanine|32\/100|[from] Recoil\n|move|p1b: Tauros|Close Combat|p2b: Arcanine\n|-damage|p2b: Arcanine|0 fnt\n|-unboost|p1b: Tauros|def|1\n|-unboost|p1b: Tauros|spd|1\n|faint|p2b: Arcanine\n|\n|upkeep\n|\n|t:|1683382921\n|switch|p2b: Palafin|Palafin-Hero, L50, F|100\/100\n|-activate|p2b: Palafin|ability: Zero to Hero\n|turn|5\n|\n|t:|1683382934\n|switch|p1a: Amoonguss|Amoonguss, L50, F, tera:Water|69\/100\n|move|p2b: Palafin|Protect|p2b: Palafin\n|-singleturn|p2b: Palafin|Protect\n|move|p2a: Iron Hands|Detect|p2a: Iron Hands\n|-singleturn|p2a: Iron Hands|Protect\n|move|p1b: Tauros|Will-O-Wisp|p2a: Iron Hands\n|-activate|p2a: Iron Hands|move: Protect\n|\n|-fieldend|move: Psychic Terrain\n|upkeep\n|turn|6\n|inactive|Arcacagne has 30 seconds left.\n|\n|t:|1683382963\n|-terastallize|p2b: Palafin|Grass\n|move|p1a: Amoonguss|Rage Powder|p1a: Amoonguss\n|-singleturn|p1a: Amoonguss|move: Rage Powder\n|move|p2b: Palafin|Jet Punch|p1b: Tauros\n|-supereffective|p1b: Tauros\n|-enditem|p1b: Tauros|Passho Berry|[eat]\n|-enditem|p1b: Tauros|Passho Berry|[weaken]\n|-damage|p1b: Tauros|0 fnt\n|faint|p1b: Tauros\n|move|p2a: Iron Hands|Thunder Punch|p1a: Amoonguss\n|-supereffective|p1a: Amoonguss\n|-damage|p1a: Amoonguss|6\/100\n|\n|upkeep\n|\n|t:|1683382979\n|switch|p1b: Chi-Yu|Chi-Yu, L50|81\/100\n|-ability|p1b: Chi-Yu|Beads of Ruin\n|turn|7\n|inactive|Arcacagne has 30 seconds left.\n|inactive|Arcacagne has 20 seconds left.\n|inactive|Arcacagne has 15 seconds left.\n|\n|t:|1683383023\n|switch|p1a: Flutter Mane|Flutter Mane, L50|100\/100\n|-enditem|p1a: Flutter Mane|Booster Energy\n|-activate|p1a: Flutter Mane|ability: Protosynthesis|[fromitem]\n|-start|p1a: Flutter Mane|protosynthesisspa\n|move|p2b: Palafin|Jet Punch|p1b: Chi-Yu\n|-supereffective|p1b: Chi-Yu\n|-damage|p1b: Chi-Yu|0 fnt\n|faint|p1b: Chi-Yu\n|move|p2a: Iron Hands|Thunder Punch|p1a: Flutter Mane\n|-damage|p1a: Flutter Mane|52\/100\n|\n|upkeep\n|\n|t:|1683383034\n|switch|p1b: Amoonguss|Amoonguss, L50, F, tera:Water|39\/100\n|turn|8\n|\n|t:|1683383045\n|move|p1b: Amoonguss|Rage Powder|p1b: Amoonguss\n|-singleturn|p1b: Amoonguss|move: Rage Powder\n|move|p2b: Palafin|Jet Punch|p1a: Flutter Mane\n|-damage|p1a: Flutter Mane|0 fnt\n|faint|p1a: Flutter Mane\n|-end|p1a: Flutter Mane|Protosynthesis|[silent]\n|move|p2a: Iron Hands|Thunder Punch|p1b: Amoonguss\n|-supereffective|p1b: Amoonguss\n|-damage|p1b: Amoonguss|0 fnt\n|faint|p1b: Amoonguss\n|\n|win|rj1011110\n|raw|Arcacagne's rating: 1374 → 1353<\/strong> (-21 for losing)\n|raw|rj1011110's rating: 1354 → 1375<\/strong> (+21 for winning)\n|l|\u2606rj1011110\n","uploadtime":1683383054,"views":18,"p1id":"arcacagne","p2id":"rj1011110","formatid":"gen9vgc2023regulationc","rating":1353,"private":0,"password":""}