{"id":"gen9vgc2023regulationc-1862345238","p1":"Calogre","p2":"RICHARDHAVOC","format":"[Gen 9] VGC 2023 Regulation C","log":"|j|\u2606Calogre\n|j|\u2606RICHARDHAVOC\n|t:|1683869845\n|gametype|doubles\n|player|p1|Calogre|169|1609\n|player|p2|RICHARDHAVOC|steven|1596\n|teamsize|p1|6\n|teamsize|p2|6\n|gen|9\n|tier|[Gen 9] VGC 2023 Regulation C\n|rated|\n|rule|Species Clause: Limit one of each Pok\u00e9mon\n|rule|Item Clause: Limit one of each item\n|clearpoke\n|poke|p1|Amoonguss, L50, M|\n|poke|p1|Talonflame, L50, F|\n|poke|p1|Flutter Mane, L50|\n|poke|p1|Great Tusk, L50|\n|poke|p1|Garganacl, L50, M|\n|poke|p1|Torkoal, L50, M|\n|poke|p2|Farigiraf, L50, M|\n|poke|p2|Scream Tail, L50|\n|poke|p2|Ceruledge, L50, F|\n|poke|p2|Ting-Lu, L50|\n|poke|p2|Maushold-Four, L50|\n|poke|p2|Brute Bonnet, L50|\n|teampreview|4\n|inactive|Battle timer is ON: inactive players will automatically lose when time's up. (requested by Calogre)\n|inactive|Calogre has 60 seconds left.\n|\n|t:|1683869878\n|start\n|switch|p1a: Lighting mcqueen|Flutter Mane, L50|100\/100\n|switch|p1b: Manny|Great Tusk, L50|100\/100\n|switch|p2a: Farigiraf|Farigiraf, L50, M, shiny|100\/100\n|switch|p2b: YAN|Ceruledge, L50, F, shiny|100\/100\n|turn|1\n|\n|t:|1683869893\n|-terastallize|p2b: YAN|Grass\n|move|p1b: Manny|Ice Spinner|p2b: YAN\n|-supereffective|p2b: YAN\n|-damage|p2b: YAN|50\/100\n|move|p2b: YAN|Bitter Blade|p1a: Lighting mcqueen\n|-damage|p1a: Lighting mcqueen|33\/100\n|-heal|p2b: YAN|81\/100|[from] drain|[of] p1a: Lighting mcqueen\n|move|p1a: Lighting mcqueen|Trick Room|p1a: Lighting mcqueen\n|-fieldstart|move: Trick Room|[of] p1a: Lighting mcqueen\n|move|p2a: Farigiraf|Trick Room|p2a: Farigiraf\n|-fieldend|move: Trick Room\n|\n|upkeep\n|turn|2\n|\n|t:|1683869910\n|move|p2b: YAN|Protect|p2b: YAN\n|-singleturn|p2b: YAN|Protect\n|move|p1a: Lighting mcqueen|Dazzling Gleam|p2a: Farigiraf|[spread] p2a\n|-activate|p2b: YAN|move: Protect\n|-damage|p2a: Farigiraf|61\/100\n|move|p1b: Manny|Ice Spinner|p2b: YAN\n|-activate|p2b: YAN|move: Protect\n|move|p2a: Farigiraf|Trick Room|p2a: Farigiraf\n|-fieldstart|move: Trick Room|[of] p2a: Farigiraf\n|\n|upkeep\n|turn|3\n|\n|t:|1683869931\n|move|p1a: Lighting mcqueen|Protect|p1a: Lighting mcqueen\n|-singleturn|p1a: Lighting mcqueen|Protect\n|move|p2a: Farigiraf|Psyshock|p1b: Manny\n|-supereffective|p1b: Manny\n|-damage|p1b: Manny|43\/100\n|move|p2b: YAN|Bitter Blade|p1b: Manny\n|-damage|p1b: Manny|11\/100\n|-heal|p2b: YAN|98\/100|[from] drain|[of] p1b: Manny\n|move|p1b: Manny|Ice Spinner|p2b: YAN\n|-supereffective|p2b: YAN\n|-crit|p2b: YAN\n|-damage|p2b: YAN|16\/100\n|\n|upkeep\n|turn|4\n|inactive|Calogre has 30 seconds left.\n|\n|t:|1683869960\n|-end|p1a: Lighting mcqueen|Protosynthesis|[silent]\n|switch|p1a: Dwayne|Garganacl, L50, M|100\/100\n|move|p1b: Manny|Protect|p1b: Manny\n|-singleturn|p1b: Manny|Protect\n|move|p2a: Farigiraf|Psyshock|p1b: Manny\n|-activate|p1b: Manny|move: Protect\n|move|p2b: YAN|Bitter Blade|p1a: Dwayne\n|-resisted|p1a: Dwayne\n|-damage|p1a: Dwayne|89\/100\n|-heal|p2b: YAN|23\/100|[from] drain|[of] p1a: Dwayne\n|\n|-heal|p1a: Dwayne|95\/100|[from] item: Leftovers\n|upkeep\n|turn|5\n|\n|t:|1683869981\n|-end|p1b: Manny|Protosynthesis|[silent]\n|switch|p1b: Lighting mcqueen|Flutter Mane, L50|33\/100\n|move|p1a: Dwayne|Salt Cure|p2b: YAN\n|-damage|p2b: YAN|9\/100\n|-start|p2b: YAN|Salt Cure\n|move|p2a: Farigiraf|Uproar|p1b: Lighting mcqueen\n|-immune|p1b: Lighting mcqueen\n|move|p2b: YAN|Bitter Blade|p1b: Lighting mcqueen\n|-damage|p1b: Lighting mcqueen|0 fnt\n|-heal|p2b: YAN|25\/100|[from] drain|[of] p1b: Lighting mcqueen\n|faint|p1b: Lighting mcqueen\n|-end|p1b: Lighting mcqueen|Protosynthesis|[silent]\n|\n|-heal|p1a: Dwayne|100\/100|[from] item: Leftovers\n|-damage|p2b: YAN|12\/100|[from] Salt Cure\n|upkeep\n|\n|t:|1683869999\n|switch|p1b: Magic|Amoonguss, L50, M|100\/100\n|turn|6\n|\n|t:|1683870006\n|move|p1b: Magic|Protect|p1b: Magic\n|-singleturn|p1b: Magic|Protect\n|move|p1a: Dwayne|Protect|p1a: Dwayne\n|-singleturn|p1a: Dwayne|Protect\n|move|p2a: Farigiraf|Uproar|p1b: Magic\n|-activate|p1b: Magic|move: Protect\n|move|p2b: YAN|Bitter Blade|p1b: Magic\n|-activate|p1b: Magic|move: Protect\n|\n|-damage|p2b: YAN|0 fnt|[from] Salt Cure\n|faint|p2b: YAN\n|-fieldend|move: Trick Room\n|upkeep\n|\n|t:|1683870013\n|switch|p2b: Ting-Lu|Ting-Lu, L50|100\/100\n|-ability|p2b: Ting-Lu|Vessel of Ruin\n|turn|7\n|\n|t:|1683870029\n|switch|p1a: Manny|Great Tusk, L50|11\/100\n|move|p2b: Ting-Lu|Stomping Tantrum|p1a: Manny\n|-damage|p1a: Manny|0 fnt\n|faint|p1a: Manny\n|-end|p1a: Manny|Protosynthesis|[silent]\n|move|p2a: Farigiraf|Uproar|p1b: Magic\n|-damage|p1b: Magic|77\/100\n|-start|p2a: Farigiraf|Uproar\n|move|p1b: Magic|Spore|p2b: Ting-Lu\n|-fail|p2b: Ting-Lu|slp|[from] Uproar\n|\n|-start|p2a: Farigiraf|Uproar|[upkeep]\n|upkeep\n|\n|t:|1683870049\n|switch|p1a: Dwayne|Garganacl, L50, M|100\/100\n|turn|8\n|\n|t:|1683870061\n|-terastallize|p1a: Dwayne|Grass\n|move|p2b: Ting-Lu|Stomping Tantrum|p1a: Dwayne\n|-resisted|p1a: Dwayne\n|-damage|p1a: Dwayne|84\/100\n|move|p2a: Farigiraf|Uproar|p1b: Magic|[from]lockedmove\n|-damage|p1b: Magic|56\/100\n|move|p1a: Dwayne|Salt Cure|p2b: Ting-Lu\n|-resisted|p2b: Ting-Lu\n|-damage|p2b: Ting-Lu|97\/100\n|-start|p2b: Ting-Lu|Salt Cure\n|move|p1b: Magic|Giga Drain|p2b: Ting-Lu\n|-supereffective|p2b: Ting-Lu\n|-damage|p2b: Ting-Lu|68\/100\n|-heal|p1b: Magic|72\/100|[from] drain|[of] p2b: Ting-Lu\n|\n|-heal|p1a: Dwayne|90\/100|[from] item: Leftovers\n|-damage|p2b: Ting-Lu|55\/100|[from] Salt Cure\n|-start|p2a: Farigiraf|Uproar|[upkeep]\n|upkeep\n|turn|9\n|\n|t:|1683870082\n|switch|p2b: Brute Bonnet|Brute Bonnet, L50, shiny|100\/100\n|-enditem|p2b: Brute Bonnet|Booster Energy\n|-activate|p2b: Brute Bonnet|ability: Protosynthesis|[fromitem]\n|-start|p2b: Brute Bonnet|protosynthesisatk\n|move|p1b: Magic|Protect|p1b: Magic\n|-singleturn|p1b: Magic|Protect\n|move|p2a: Farigiraf|Uproar|p1a: Dwayne|[from]lockedmove\n|-damage|p1a: Dwayne|55\/100\n|move|p1a: Dwayne|Salt Cure|p2a: Farigiraf\n|-damage|p2a: Farigiraf|46\/100\n|-start|p2a: Farigiraf|Salt Cure\n|-enditem|p2a: Farigiraf|Sitrus Berry|[eat]\n|-heal|p2a: Farigiraf|71\/100|[from] item: Sitrus Berry\n|\n|-heal|p1a: Dwayne|60\/100|[from] item: Leftovers\n|-damage|p2a: Farigiraf|59\/100|[from] Salt Cure\n|-end|p2a: Farigiraf|Uproar\n|upkeep\n|turn|10\n|inactive|Calogre has 30 seconds left.\n|\n|t:|1683870115\n|move|p2b: Brute Bonnet|Close Combat|p1b: Magic\n|-resisted|p1b: Magic\n|-damage|p1b: Magic|42\/100\n|-unboost|p2b: Brute Bonnet|def|1\n|-unboost|p2b: Brute Bonnet|spd|1\n|move|p2a: Farigiraf|Psyshock|p1b: Magic\n|-supereffective|p1b: Magic\n|-crit|p1b: Magic\n|-damage|p1b: Magic|0 fnt\n|faint|p1b: Magic\n|move|p1a: Dwayne|Recover|p1a: Dwayne\n|-heal|p1a: Dwayne|100\/100\n|\n|-damage|p2a: Farigiraf|46\/100|[from] Salt Cure\n|upkeep\n|turn|11\n|\n|t:|1683870132\n|move|p2b: Brute Bonnet|Close Combat|p1a: Dwayne\n|-damage|p1a: Dwayne|67\/100\n|-unboost|p2b: Brute Bonnet|def|1\n|-unboost|p2b: Brute Bonnet|spd|1\n|move|p2a: Farigiraf|Uproar|p1a: Dwayne\n|-damage|p1a: Dwayne|26\/100\n|-start|p2a: Farigiraf|Uproar\n|move|p1a: Dwayne|Salt Cure|p2b: Brute Bonnet\n|-damage|p2b: Brute Bonnet|78\/100\n|-start|p2b: Brute Bonnet|Salt Cure\n|\n|-heal|p1a: Dwayne|32\/100|[from] item: Leftovers\n|-damage|p2b: Brute Bonnet|66\/100|[from] Salt Cure\n|-damage|p2a: Farigiraf|34\/100|[from] Salt Cure\n|-start|p2a: Farigiraf|Uproar|[upkeep]\n|upkeep\n|turn|12\n|\n|t:|1683870148\n|move|p1a: Dwayne|Protect|p1a: Dwayne\n|-singleturn|p1a: Dwayne|Protect\n|move|p2b: Brute Bonnet|Close Combat|p1a: Dwayne\n|-activate|p1a: Dwayne|move: Protect\n|move|p2a: Farigiraf|Uproar|p1a: Dwayne|[from]lockedmove\n|-activate|p1a: Dwayne|move: Protect\n|\n|-heal|p1a: Dwayne|38\/100|[from] item: Leftovers\n|-damage|p2b: Brute Bonnet|54\/100|[from] Salt Cure\n|-damage|p2a: Farigiraf|22\/100|[from] Salt Cure\n|-start|p2a: Farigiraf|Uproar|[upkeep]\n|upkeep\n|turn|13\n|\n|t:|1683870157\n|move|p2b: Brute Bonnet|Close Combat|p1a: Dwayne\n|-damage|p1a: Dwayne|5\/100\n|-unboost|p2b: Brute Bonnet|def|1\n|-unboost|p2b: Brute Bonnet|spd|1\n|move|p2a: Farigiraf|Uproar|p1a: Dwayne|[from]lockedmove\n|-damage|p1a: Dwayne|0 fnt\n|faint|p1a: Dwayne\n|\n|win|RICHARDHAVOC\n|raw|Calogre's rating: 1609 → 1588<\/strong> (-21 for losing)\n|raw|RICHARDHAVOC's rating: 1596 → 1617<\/strong> (+21 for winning)\n|l|\u2606Calogre\n","uploadtime":1683870171,"views":10,"p1id":"calogre","p2id":"richardhavoc","formatid":"gen9vgc2023regulationc","rating":1588,"private":0,"password":""}