{"id":"gen9vgc2023regulationc-1857731100","p1":"Mauve Avenger","p2":"TheNudgyHampter","format":"[Gen 9] VGC 2023 Regulation C","log":"|j|\u2606Mauve Avenger\n|j|\u2606TheNudgyHampter\n|t:|1683226434\n|gametype|doubles\n|player|p1|Mauve Avenger|cress|1029\n|player|p2|TheNudgyHampter|ethan|1021\n|teamsize|p1|6\n|teamsize|p2|6\n|gen|9\n|tier|[Gen 9] VGC 2023 Regulation C\n|rated|\n|rule|Species Clause: Limit one of each Pok\u00e9mon\n|rule|Item Clause: Limit one of each item\n|clearpoke\n|poke|p1|Gyarados, L50, M|\n|poke|p1|Iron Treads, L50|\n|poke|p1|Annihilape, L50, F|\n|poke|p1|Gothitelle, L50, F|\n|poke|p1|Dudunsparce-*, L50, M|\n|poke|p1|Volcarona, L50, M|\n|poke|p2|Dondozo, L50, F|\n|poke|p2|Tatsugiri, L50, F|\n|poke|p2|Flutter Mane, L50|\n|poke|p2|Palafin, L50, F|\n|poke|p2|Arcanine, L50, F|\n|poke|p2|Amoonguss, L50, M|\n|teampreview|4\n|\n|t:|1683226488\n|start\n|switch|p1a: Gyarados|Gyarados, L50, M|100\/100\n|switch|p1b: Dudunsparce|Dudunsparce-Three-Segment, L50, M|100\/100\n|switch|p2a: Dondozo|Dondozo, L50, F|100\/100\n|switch|p2b: Amoonguss|Amoonguss, L50, M|100\/100\n|-ability|p1a: Gyarados|Intimidate|boost\n|-unboost|p2a: Dondozo|atk|1\n|-unboost|p2b: Amoonguss|atk|1\n|turn|1\n|inactive|Battle timer is ON: inactive players will automatically lose when time's up. (requested by TheNudgyHampter)\n|inactive|TheNudgyHampter has 60 seconds left.\n|\n|t:|1683226531\n|move|p1a: Gyarados|Taunt|p2b: Amoonguss\n|-start|p2b: Amoonguss|move: Taunt\n|move|p1b: Dudunsparce|Glare|p2a: Dondozo\n|-status|p2a: Dondozo|par\n|cant|p2b: Amoonguss|move: Taunt|Spore\n|move|p2a: Dondozo|Avalanche|p1a: Gyarados\n|-damage|p1a: Gyarados|82\/100\n|-damage|p2a: Dondozo|91\/100 par|[from] item: Life Orb\n|\n|upkeep\n|turn|2\n|\n|t:|1683226550\n|switch|p2b: Tatsugiri|Tatsugiri, L50, F|100\/100\n|-activate|p2b: Tatsugiri|ability: Commander|[of] p2a: Dondozo\n|-boost|p2a: Dondozo|atk|2\n|-boost|p2a: Dondozo|spa|2\n|-boost|p2a: Dondozo|spe|2\n|-boost|p2a: Dondozo|def|2\n|-boost|p2a: Dondozo|spd|2\n|move|p1a: Gyarados|Waterfall|p2a: Dondozo\n|-resisted|p2a: Dondozo\n|-damage|p2a: Dondozo|86\/100 par\n|move|p1b: Dudunsparce|Rock Slide|p2b: Tatsugiri|[spread] p2a\n|-miss|p1b: Dudunsparce|p2b: Tatsugiri\n|-crit|p2a: Dondozo\n|-damage|p2a: Dondozo|73\/100 par\n|move|p2a: Dondozo|Order Up|p1a: Gyarados\n|-damage|p1a: Gyarados|30\/100\n|-enditem|p1a: Gyarados|Sitrus Berry|[eat]\n|-heal|p1a: Gyarados|55\/100|[from] item: Sitrus Berry\n|-boost|p2a: Dondozo|atk|1\n|-damage|p2a: Dondozo|64\/100 par|[from] item: Life Orb\n|\n|upkeep\n|turn|3\n|inactive|Mauve Avenger has 30 seconds left.\n|inactive|TheNudgyHampter has 30 seconds left.\n|\n|t:|1683226576\n|move|p1a: Gyarados|Protect|p1a: Gyarados\n|-singleturn|p1a: Gyarados|Protect\n|move|p1b: Dudunsparce|Rock Slide|p2a: Dondozo|[spread] p2a\n|-miss|p1b: Dudunsparce|p2b: Tatsugiri\n|-damage|p2a: Dondozo|59\/100 par\n|cant|p2a: Dondozo|flinch\n|\n|upkeep\n|turn|4\n|\n|t:|1683226585\n|move|p1a: Gyarados|Waterfall|p2a: Dondozo\n|-resisted|p2a: Dondozo\n|-damage|p2a: Dondozo|54\/100 par\n|move|p1b: Dudunsparce|Rock Slide|p2a: Dondozo|[spread] p2a\n|-miss|p1b: Dudunsparce|p2b: Tatsugiri\n|-damage|p2a: Dondozo|50\/100 par\n|cant|p2a: Dondozo|flinch\n|\n|upkeep\n|turn|5\n|\n|t:|1683226596\n|move|p1a: Gyarados|Waterfall|p2a: Dondozo\n|-resisted|p2a: Dondozo\n|-damage|p2a: Dondozo|45\/100 par\n|move|p1b: Dudunsparce|Rock Slide|p2b: Tatsugiri|[spread] p2a\n|-miss|p1b: Dudunsparce|p2b: Tatsugiri\n|-damage|p2a: Dondozo|41\/100 par\n|cant|p2a: Dondozo|flinch\n|\n|upkeep\n|turn|6\n|\n|t:|1683226606\n|move|p1a: Gyarados|Waterfall|p2a: Dondozo\n|-resisted|p2a: Dondozo\n|-damage|p2a: Dondozo|37\/100 par\n|move|p1b: Dudunsparce|Rock Slide|p2a: Dondozo|[spread] p2a\n|-miss|p1b: Dudunsparce|p2b: Tatsugiri\n|-damage|p2a: Dondozo|33\/100 par\n|cant|p2a: Dondozo|flinch\n|\n|upkeep\n|turn|7\n|\n|t:|1683226616\n|move|p1a: Gyarados|Waterfall|p2a: Dondozo\n|-resisted|p2a: Dondozo\n|-damage|p2a: Dondozo|28\/100 par\n|move|p1b: Dudunsparce|Rock Slide|p2b: Tatsugiri|[spread] p2a\n|-miss|p1b: Dudunsparce|p2b: Tatsugiri\n|-damage|p2a: Dondozo|24\/100 par\n|cant|p2a: Dondozo|par\n|\n|upkeep\n|turn|8\n|\n|t:|1683226629\n|move|p1a: Gyarados|Waterfall|p2a: Dondozo\n|-resisted|p2a: Dondozo\n|-damage|p2a: Dondozo|20\/100 par\n|move|p1b: Dudunsparce|Rock Slide|p2a: Dondozo|[spread] p2a\n|-miss|p1b: Dudunsparce|p2b: Tatsugiri\n|-damage|p2a: Dondozo|15\/100 par\n|move|p2a: Dondozo|Order Up|p1b: Dudunsparce\n|-damage|p1b: Dudunsparce|57\/100\n|-boost|p2a: Dondozo|atk|1\n|-damage|p2a: Dondozo|6\/100 par|[from] item: Life Orb\n|\n|-heal|p1b: Dudunsparce|63\/100|[from] item: Leftovers\n|upkeep\n|turn|9\n|\n|t:|1683226651\n|move|p1a: Gyarados|Protect|p1a: Gyarados\n|-singleturn|p1a: Gyarados|Protect\n|move|p1b: Dudunsparce|Rock Slide|p2b: Tatsugiri|[spread] p2a\n|-miss|p1b: Dudunsparce|p2b: Tatsugiri\n|-damage|p2a: Dondozo|2\/100 par\n|cant|p2a: Dondozo|flinch\n|\n|-heal|p1b: Dudunsparce|69\/100|[from] item: Leftovers\n|upkeep\n|turn|10\n|\n|t:|1683226662\n|move|p1a: Gyarados|Waterfall|p2a: Dondozo\n|-resisted|p2a: Dondozo\n|-damage|p2a: Dondozo|0 fnt\n|faint|p2a: Dondozo\n|move|p1b: Dudunsparce|Glare|p2b: Tatsugiri\n|-status|p2b: Tatsugiri|par\n|\n|-heal|p1b: Dudunsparce|75\/100|[from] item: Leftovers\n|upkeep\n|-message|TheNudgyHampter forfeited.\n|\n|win|Mauve Avenger\n|raw|Mauve Avenger's rating: 1029 → 1064<\/strong> (+35 for winning)\n|raw|TheNudgyHampter's rating: 1021 → 1008<\/strong> (-13 for losing)\n|l|\u2606TheNudgyHampter\n","uploadtime":1683226678,"views":19,"p1id":"mauveavenger","p2id":"thenudgyhampter","formatid":"gen9vgc2023regulationc","rating":1008,"private":0,"password":""}