{"id":"gen9vgc2023regulationc-1857126456","p1":"alessrierai","p2":"Oeoeoeoeo","format":"[Gen 9] VGC 2023 Regulation C","log":"|j|\u2606alessrierai\n|j|\u2606Oeoeoeoeo\n|t:|1683148475\n|gametype|doubles\n|player|p1|alessrierai|linebacker|1296\n|player|p2|Oeoeoeoeo|102|1390\n|teamsize|p1|6\n|teamsize|p2|6\n|gen|9\n|tier|[Gen 9] VGC 2023 Regulation C\n|rated|\n|rule|Species Clause: Limit one of each Pok\u00e9mon\n|rule|Item Clause: Limit one of each item\n|clearpoke\n|poke|p1|Baxcalibur, L50, M|\n|poke|p1|Chi-Yu, L50|\n|poke|p1|Abomasnow, L50, F|\n|poke|p1|Palafin, L50, M|\n|poke|p1|Flutter Mane, L50|\n|poke|p1|Scizor, L50, F|\n|poke|p2|Iron Bundle, L50|\n|poke|p2|Dondozo, L50, M|\n|poke|p2|Tatsugiri-Stretchy, L50, F|\n|poke|p2|Glimmora, L50, M|\n|poke|p2|Chi-Yu, L50|\n|poke|p2|Espathra, L50, F|\n|teampreview|4\n|inactive|Battle timer is ON: inactive players will automatically lose when time's up. (requested by alessrierai)\n|inactive|alessrierai has 60 seconds left.\n|inactive|Oeoeoeoeo has 60 seconds left.\n|\n|t:|1683148527\n|start\n|switch|p1a: Palafin|Palafin, L50, M|100\/100\n|switch|p1b: Scizor|Scizor, L50, F|100\/100\n|switch|p2a: Chi-Yu|Chi-Yu, L50|100\/100\n|switch|p2b: Iron Bundle|Iron Bundle, L50|100\/100\n|-ability|p2a: Chi-Yu|Beads of Ruin\n|-enditem|p2b: Iron Bundle|Booster Energy\n|-activate|p2b: Iron Bundle|ability: Quark Drive|[fromitem]\n|-start|p2b: Iron Bundle|quarkdrivespe\n|turn|1\n|inactive|alessrierai has 30 seconds left.\n|\n|t:|1683148558\n|move|p2a: Chi-Yu|Protect|p2a: Chi-Yu\n|-singleturn|p2a: Chi-Yu|Protect\n|move|p1a: Palafin|Protect|p1a: Palafin\n|-singleturn|p1a: Palafin|Protect\n|move|p1b: Scizor|Protect|p1b: Scizor\n|-singleturn|p1b: Scizor|Protect\n|move|p2b: Iron Bundle|Freeze-Dry|p1a: Palafin\n|-activate|p1a: Palafin|move: Protect\n|\n|upkeep\n|turn|2\n|inactive|alessrierai has 30 seconds left.\n|inactive|Oeoeoeoeo has 30 seconds left.\n|inactive|alessrierai has 20 seconds left.\n|inactive|Oeoeoeoeo has 20 seconds left.\n|inactive|Oeoeoeoeo has 15 seconds left.\n|\n|t:|1683148602\n|switch|p2a: Dondozo|Dondozo, L50, M|100\/100\n|detailschange|p1a: Palafin|Palafin-Hero, L50, M\n|switch|p1a: Abomasnow|Abomasnow, L50, F|100\/100\n|-weather|Snow|[from] ability: Snow Warning|[of] p1a: Abomasnow\n|-terastallize|p1b: Scizor|Fire\n|move|p2b: Iron Bundle|Freeze-Dry|p1a: Abomasnow\n|-damage|p1a: Abomasnow|75\/100\n|move|p1b: Scizor|U-turn|p2a: Dondozo\n|-damage|p2a: Dondozo|65\/100\n|-damage|p1b: Scizor|91\/100|[from] item: Life Orb\n|\n|t:|1683148623\n|switch|p1b: Palafin|Palafin-Hero, L50, M|100\/100|[from] U-turn\n|-activate|p1b: Palafin|ability: Zero to Hero\n|\n|-weather|Snow|[upkeep]\n|-heal|p2a: Dondozo|71\/100|[from] item: Leftovers\n|upkeep\n|turn|3\n|inactive|alessrierai has 30 seconds left.\n|inactive|alessrierai has 20 seconds left.\n|inactive|alessrierai has 15 seconds left.\n|\n|t:|1683148663\n|move|p2b: Iron Bundle|Protect|p2b: Iron Bundle\n|-singleturn|p2b: Iron Bundle|Protect\n|move|p1b: Palafin|Protect|p1b: Palafin\n|-singleturn|p1b: Palafin|Protect\n|move|p2a: Dondozo|Protect|p2a: Dondozo\n|-singleturn|p2a: Dondozo|Protect\n|move|p1a: Abomasnow|Energy Ball|p2b: Iron Bundle\n|-activate|p2b: Iron Bundle|move: Protect\n|\n|-weather|Snow|[upkeep]\n|-heal|p2a: Dondozo|77\/100|[from] item: Leftovers\n|upkeep\n|turn|4\n|inactive|Oeoeoeoeo has 30 seconds left.\n|inactive|Oeoeoeoeo has 20 seconds left.\n|inactive|Oeoeoeoeo has 15 seconds left.\n|inactive|Oeoeoeoeo has 10 seconds left.\n|\n|t:|1683148712\n|-end|p2b: Iron Bundle|Quark Drive|[silent]\n|switch|p2b: Tatsugiri|Tatsugiri-Stretchy, L50, F|100\/100\n|-activate|p2b: Tatsugiri|ability: Commander|[of] p2a: Dondozo\n|-boost|p2a: Dondozo|atk|2\n|-boost|p2a: Dondozo|spa|2\n|-boost|p2a: Dondozo|spe|2\n|-boost|p2a: Dondozo|def|2\n|-boost|p2a: Dondozo|spd|2\n|switch|p1b: Flutter Mane|Flutter Mane, L50|100\/100\n|-enditem|p1b: Flutter Mane|Booster Energy\n|-activate|p1b: Flutter Mane|ability: Protosynthesis|[fromitem]\n|-start|p1b: Flutter Mane|protosynthesisspa\n|move|p2a: Dondozo|Order Up|p1b: Flutter Mane\n|-immune|p1b: Flutter Mane\n|move|p1a: Abomasnow|Energy Ball|p2a: Dondozo\n|-supereffective|p2a: Dondozo\n|-damage|p2a: Dondozo|35\/100\n|\n|-weather|Snow|[upkeep]\n|-heal|p2a: Dondozo|41\/100|[from] item: Leftovers\n|upkeep\n|turn|5\n|inactive|alessrierai has 30 seconds left.\n|\n|t:|1683148740\n|move|p2a: Dondozo|Protect|p2a: Dondozo\n|-singleturn|p2a: Dondozo|Protect\n|move|p1b: Flutter Mane|Moonblast|p2a: Dondozo\n|-activate|p2a: Dondozo|move: Protect\n|move|p1a: Abomasnow|Blizzard|p2b: Tatsugiri|[spread] \n|-miss|p1a: Abomasnow|p2b: Tatsugiri\n|-activate|p2a: Dondozo|move: Protect\n|\n|-weather|Snow|[upkeep]\n|-heal|p2a: Dondozo|47\/100|[from] item: Leftovers\n|upkeep\n|turn|6\n|\n|t:|1683148763\n|-terastallize|p2a: Dondozo|Grass\n|move|p1b: Flutter Mane|Protect|p1b: Flutter Mane\n|-singleturn|p1b: Flutter Mane|Protect\n|move|p2a: Dondozo|Tera Blast|p1b: Flutter Mane\n|-activate|p1b: Flutter Mane|move: Protect\n|move|p1a: Abomasnow|Energy Ball|p2a: Dondozo\n|-resisted|p2a: Dondozo\n|-damage|p2a: Dondozo|36\/100\n|-unboost|p2a: Dondozo|spd|1\n|\n|-weather|none\n|-heal|p2a: Dondozo|42\/100|[from] item: Leftovers\n|upkeep\n|turn|7\n|inactive|alessrierai has 30 seconds left.\n|inactive|alessrierai has 20 seconds left.\n|\n|t:|1683148800\n|switch|p1a: Scizor|Scizor, L50, F, tera:Fire|91\/100\n|move|p1b: Flutter Mane|Moonblast|p2a: Dondozo\n|-damage|p2a: Dondozo|0 fnt\n|faint|p2a: Dondozo\n|\n|upkeep\n|\n|t:|1683148817\n|switch|p2a: Chi-Yu|Chi-Yu, L50|100\/100\n|-ability|p2a: Chi-Yu|Beads of Ruin\n|turn|8\n|\n|t:|1683148833\n|move|p1b: Flutter Mane|Protect|p1b: Flutter Mane\n|-singleturn|p1b: Flutter Mane|Protect\n|move|p2b: Tatsugiri|Icy Wind|p1b: Flutter Mane|[spread] p1a\n|-activate|p1b: Flutter Mane|move: Protect\n|-resisted|p1a: Scizor\n|-damage|p1a: Scizor|80\/100\n|-unboost|p1a: Scizor|spe|1\n|move|p2a: Chi-Yu|Overheat|p1b: Flutter Mane\n|-activate|p1b: Flutter Mane|move: Protect\n|move|p1a: Scizor|Tailwind|p1a: Scizor\n|-sidestart|p1: alessrierai|move: Tailwind\n|\n|upkeep\n|turn|9\n|-message|Oeoeoeoeo forfeited.\n|\n|win|alessrierai\n|raw|alessrierai's rating: 1296 → 1328<\/strong> (+32 for winning)\n|raw|Oeoeoeoeo's rating: 1390 → 1365<\/strong> (-25 for losing)\n|l|\u2606Oeoeoeoeo\n","uploadtime":1683148855,"views":6,"p1id":"alessrierai","p2id":"oeoeoeoeo","formatid":"gen9vgc2023regulationc","rating":1328,"private":0,"password":""}