{"id":"gen9vgc2023regulationc-1847469957","p1":"SuperBlanketMan","p2":"dunsparcedingo","format":"[Gen 9] VGC 2023 Regulation C","log":"|j|\u2606SuperBlanketMan\n|j|\u2606dunsparcedingo\n|t:|1681959036\n|gametype|doubles\n|player|p1|SuperBlanketMan|266|1095\n|player|p2|dunsparcedingo|zinnia|1207\n|teamsize|p1|6\n|teamsize|p2|6\n|gen|9\n|tier|[Gen 9] VGC 2023 Regulation C\n|rated|\n|rule|Species Clause: Limit one of each Pok\u00e9mon\n|rule|Item Clause: Limit one of each item\n|clearpoke\n|poke|p1|Corviknight, L50, F|\n|poke|p1|Gyarados, L50, F|\n|poke|p1|Dragonite, L50, M|\n|poke|p1|Talonflame, L50, M|\n|poke|p1|Pelipper, L50, F|\n|poke|p1|Iron Jugulis, L50|\n|poke|p2|Torkoal, L50, M|\n|poke|p2|Jumpluff, L50, F|\n|poke|p2|Chi-Yu, L50|\n|poke|p2|Flutter Mane, L50|\n|poke|p2|Iron Bundle, L50|\n|poke|p2|Slither Wing, L50|\n|teampreview|4\nSuperBlanketMan has agreed to open team sheets.\ndunsparcedingo has agreed to open team sheets.\n|\n|t:|1681959106\n|start\n|switch|p1a: Gyarados|Gyarados, L50, F|100\/100\n|switch|p1b: Talonflame|Talonflame, L50, M|100\/100\n|switch|p2a: Torkoal|Torkoal, L50, M|100\/100\n|switch|p2b: Chi-Yu|Chi-Yu, L50|100\/100\n|-ability|p1a: Gyarados|Intimidate|boost\n|-unboost|p2a: Torkoal|atk|1\n|-unboost|p2b: Chi-Yu|atk|1\n|-ability|p2b: Chi-Yu|Beads of Ruin\n|-weather|SunnyDay|[from] ability: Drought|[of] p2a: Torkoal\n|turn|1\n|\n|t:|1681959142\n|switch|p1b: Pelipper|Pelipper, L50, F|100\/100\n|-weather|RainDance|[from] ability: Drizzle|[of] p1b: Pelipper\n|switch|p2a: Iron Bundle|Iron Bundle, L50|100\/100\n|-enditem|p2a: Iron Bundle|Booster Energy\n|-activate|p2a: Iron Bundle|ability: Quark Drive|[fromitem]\n|-start|p2a: Iron Bundle|quarkdrivespa\n|-terastallize|p1a: Gyarados|Water\n|move|p1a: Gyarados|Waterfall|p2b: Chi-Yu\n|-supereffective|p2b: Chi-Yu\n|-damage|p2b: Chi-Yu|0 fnt\n|faint|p2b: Chi-Yu\n|\n|-weather|RainDance|[upkeep]\n|upkeep\n|\n|t:|1681959156\n|switch|p2b: Torkoal|Torkoal, L50, M|100\/100\n|-weather|SunnyDay|[from] ability: Drought|[of] p2b: Torkoal\n|turn|2\n|\n|t:|1681959181\n|move|p1b: Pelipper|Protect|p1b: Pelipper\n|-singleturn|p1b: Pelipper|Protect\n|move|p2a: Iron Bundle|Freeze-Dry|p1b: Pelipper\n|-activate|p1b: Pelipper|move: Protect\n|move|p1a: Gyarados|Thunder Wave|p2a: Iron Bundle\n|-status|p2a: Iron Bundle|par\n|move|p2b: Torkoal|Will-O-Wisp|p1a: Gyarados\n|-status|p1a: Gyarados|brn\n|\n|-weather|SunnyDay|[upkeep]\n|-damage|p1a: Gyarados|95\/100 brn|[from] brn\n|upkeep\n|turn|3\n|\n|t:|1681959212\n|switch|p1b: Talonflame|Talonflame, L50, M|100\/100\n|switch|p2b: Jumpluff|Jumpluff, L50, F|100\/100\n|move|p1a: Gyarados|Dragon Dance|p1a: Gyarados\n|-boost|p1a: Gyarados|atk|1\n|-boost|p1a: Gyarados|spe|1\n|move|p2a: Iron Bundle|Freeze-Dry|p1b: Talonflame\n|-damage|p1b: Talonflame|40\/100\n|\n|-weather|SunnyDay|[upkeep]\n|-damage|p1a: Gyarados|89\/100 brn|[from] brn\n|upkeep\n|turn|4\n|\n|t:|1681959233\n|move|p2b: Jumpluff|Encore|p1a: Gyarados\n|-start|p1a: Gyarados|Encore\n|move|p1a: Gyarados|Dragon Dance|p1a: Gyarados\n|-boost|p1a: Gyarados|atk|1\n|-boost|p1a: Gyarados|spe|1\n|move|p1b: Talonflame|Roost|p1b: Talonflame\n|-heal|p1b: Talonflame|90\/100\n|-singleturn|p1b: Talonflame|move: Roost\n|cant|p2a: Iron Bundle|par\n|\n|-weather|SunnyDay|[upkeep]\n|-damage|p1a: Gyarados|83\/100 brn|[from] brn\n|upkeep\n|turn|5\n|\n|t:|1681959274\n|switch|p1a: Pelipper|Pelipper, L50, F|100\/100\n|-weather|RainDance|[from] ability: Drizzle|[of] p1a: Pelipper\n|move|p1b: Talonflame|Tailwind|p1b: Talonflame\n|-sidestart|p1: SuperBlanketMan|move: Tailwind\n|move|p2b: Jumpluff|Sleep Powder|p1b: Talonflame\n|-status|p1b: Talonflame|slp|[from] move: Sleep Powder\n|cant|p2a: Iron Bundle|par\n|\n|-weather|RainDance|[upkeep]\n|upkeep\n|turn|6\n|\n|t:|1681959294\n|switch|p1b: Iron Jugulis|Iron Jugulis, L50|100\/100\n|-enditem|p1b: Iron Jugulis|Booster Energy\n|-activate|p1b: Iron Jugulis|ability: Quark Drive|[fromitem]\n|-start|p1b: Iron Jugulis|quarkdrivespe\n|switch|p2b: Torkoal|Torkoal, L50, M|100\/100\n|-weather|SunnyDay|[from] ability: Drought|[of] p2b: Torkoal\n|move|p1a: Pelipper|Hurricane|p2b: Torkoal\n|-damage|p2b: Torkoal|59\/100\n|move|p2a: Iron Bundle|Freeze-Dry|p1a: Pelipper\n|-supereffective|p1a: Pelipper\n|-damage|p1a: Pelipper|0 fnt\n|faint|p1a: Pelipper\n|\n|-weather|SunnyDay|[upkeep]\n|-heal|p2b: Torkoal|65\/100|[from] item: Leftovers\n|upkeep\n|\n|t:|1681959310\n|switch|p1a: Gyarados|Gyarados, L50, F, tera:Water|83\/100 brn\n|-ability|p1a: Gyarados|Intimidate|boost\n|-unboost|p2a: Iron Bundle|atk|1\n|-unboost|p2b: Torkoal|atk|1\n|turn|7\n|\n|t:|1681959323\n|move|p2b: Torkoal|Helping Hand|p2a: Iron Bundle\n|-singleturn|p2a: Iron Bundle|Helping Hand|[of] p2b: Torkoal\n|move|p1b: Iron Jugulis|Dark Pulse|p2a: Iron Bundle\n|-damage|p2a: Iron Bundle|36\/100 par\n|move|p1a: Gyarados|Waterfall|p2b: Torkoal\n|-supereffective|p2b: Torkoal\n|-damage|p2b: Torkoal|46\/100\n|cant|p2a: Iron Bundle|par\n|\n|-weather|SunnyDay|[upkeep]\n|-heal|p2b: Torkoal|52\/100|[from] item: Leftovers\n|-damage|p1a: Gyarados|77\/100 brn|[from] brn\n|upkeep\n|turn|8\n|\n|t:|1681959347\n|cant|p2a: Iron Bundle|par\n|move|p1b: Iron Jugulis|Dark Pulse|p2a: Iron Bundle\n|-damage|p2a: Iron Bundle|0 fnt\n|faint|p2a: Iron Bundle\n|-end|p2a: Iron Bundle|Quark Drive|[silent]\n|move|p1a: Gyarados|Waterfall|p2b: Torkoal\n|-supereffective|p2b: Torkoal\n|-damage|p2b: Torkoal|33\/100\n|move|p2b: Torkoal|Overheat|p1b: Iron Jugulis\n|-damage|p1b: Iron Jugulis|22\/100\n|-unboost|p2b: Torkoal|spa|2\n|\n|-weather|SunnyDay|[upkeep]\n|-heal|p2b: Torkoal|39\/100|[from] item: Leftovers\n|-damage|p1a: Gyarados|71\/100 brn|[from] brn\n|-sideend|p1: SuperBlanketMan|move: Tailwind\n|upkeep\n|\n|t:|1681959361\n|switch|p2a: Jumpluff|Jumpluff, L50, F|100\/100\n|turn|9\n|\n|t:|1681959380\n|move|p2b: Torkoal|Protect|p2b: Torkoal\n|-singleturn|p2b: Torkoal|Protect\n|move|p2a: Jumpluff|Sleep Powder|p1b: Iron Jugulis\n|-status|p1b: Iron Jugulis|slp|[from] move: Sleep Powder\n|cant|p1b: Iron Jugulis|slp\n|move|p1a: Gyarados|Ice Fang|p2a: Jumpluff\n|-supereffective|p2a: Jumpluff\n|-damage|p2a: Jumpluff|46\/100\n|\n|-weather|SunnyDay|[upkeep]\n|-heal|p2b: Torkoal|45\/100|[from] item: Leftovers\n|-damage|p1a: Gyarados|65\/100 brn|[from] brn\n|upkeep\n|turn|10\n|\n|t:|1681959406\n|-end|p1b: Iron Jugulis|Quark Drive|[silent]\n|switch|p1b: Talonflame|Talonflame, L50, M|90\/100 slp\n|move|p2a: Jumpluff|Pollen Puff|p2b: Torkoal\n|-heal|p2b: Torkoal|95\/100\n|move|p1a: Gyarados|Ice Fang|p2a: Jumpluff\n|-supereffective|p2a: Jumpluff\n|-damage|p2a: Jumpluff|0 fnt\n|faint|p2a: Jumpluff\n|move|p2b: Torkoal|Overheat|p1b: Talonflame\n|-resisted|p1b: Talonflame\n|-damage|p1b: Talonflame|71\/100 slp\n|-unboost|p2b: Torkoal|spa|2\n|\n|-weather|none\n|-heal|p2b: Torkoal|100\/100|[from] item: Leftovers\n|-damage|p1a: Gyarados|59\/100 brn|[from] brn\n|upkeep\n|turn|11\n|\n|t:|1681959434\n|cant|p1b: Talonflame|slp\n|move|p1a: Gyarados|Waterfall|p2b: Torkoal\n|-supereffective|p2b: Torkoal\n|-damage|p2b: Torkoal|64\/100\n|move|p2b: Torkoal|Overheat|p1b: Talonflame\n|-resisted|p1b: Talonflame\n|-damage|p1b: Talonflame|62\/100 slp\n|-unboost|p2b: Torkoal|spa|2\n|\n|-heal|p2b: Torkoal|70\/100|[from] item: Leftovers\n|-damage|p1a: Gyarados|53\/100 brn|[from] brn\n|upkeep\n|turn|12\n|\n|t:|1681959447\n|-curestatus|p1b: Talonflame|slp|[msg]\n|move|p1b: Talonflame|Roost|p1b: Talonflame\n|-heal|p1b: Talonflame|100\/100\n|-singleturn|p1b: Talonflame|move: Roost\n|move|p1a: Gyarados|Waterfall|p2b: Torkoal\n|-supereffective|p2b: Torkoal\n|-damage|p2b: Torkoal|35\/100\n|move|p2b: Torkoal|Overheat|p1b: Talonflame|[miss]\n|-miss|p2b: Torkoal|p1b: Talonflame\n|\n|-heal|p2b: Torkoal|41\/100|[from] item: Leftovers\n|-damage|p1a: Gyarados|48\/100 brn|[from] brn\n|upkeep\n|turn|13\n|\n|t:|1681959463\n|-terastallize|p2b: Torkoal|Grass\n|move|p1b: Talonflame|Brave Bird|p2b: Torkoal\n|-supereffective|p2b: Torkoal\n|-damage|p2b: Torkoal|0 fnt\n|faint|p2b: Torkoal\n|-damage|p1b: Talonflame|89\/100|[from] Recoil\n|\n|win|SuperBlanketMan\n|raw|SuperBlanketMan's rating: 1095 → 1129<\/strong> (+34 for winning)\n|raw|dunsparcedingo's rating: 1207 → 1174<\/strong> (-33 for losing)\n","uploadtime":1681959471,"views":5,"p1id":"superblanketman","p2id":"dunsparcedingo","formatid":"gen9vgc2023regulationc","rating":1129,"private":0,"password":""}