{"id":"gen9vgc2023regulationc-1847522087","p1":"Critical ratta","p2":"Borghi","format":"[Gen 9] VGC 2023 Regulation C","log":"|j|\u2606Critical ratta\n|j|\u2606Borghi\n|t:|1681966730\n|gametype|doubles\n|player|p1|Critical ratta|265|\n|player|p2|Borghi|blue-masters|\n|teamsize|p1|6\n|teamsize|p2|6\n|gen|9\n|tier|[Gen 9] VGC 2023 Regulation C\n|rated|Tournament battle\n|rule|Species Clause: Limit one of each Pok\u00e9mon\n|rule|Item Clause: Limit one of each item\n|clearpoke\n|poke|p1|Ting-Lu, L50|\n|poke|p1|Amoonguss, L50, M|\n|poke|p1|Arcanine, L50, F|\n|poke|p1|Flutter Mane, L50|\n|poke|p1|Palafin, L50, F|\n|poke|p1|Baxcalibur, L50, F|\n|poke|p2|Annihilape, L50, M|\n|poke|p2|Maushold, L50|\n|poke|p2|Dondozo, L50, M|\n|poke|p2|Tatsugiri, L50, M|\n|poke|p2|Chien-Pao, L50|\n|poke|p2|Dragonite, L50, F|\n|teampreview|4\n|inactive|Battle timer is ON: inactive players will automatically lose when time's up. (requested by Borghi)\n|j| aberen\nBorghi rejected open team sheets.\n|c|\u2606Borghi|._.\n|j|%Bright Size\n|l|%Bright Size\n|j| WeirdPolyCouple\n|c|\u2606Borghi|hf bro sorry about denying teamsheets bro trust me bro\n|c|\u2606Borghi|im practicing for the IC bro\n|inactive|Critical ratta has 60 seconds left.\n|inactive|Borghi has 60 seconds left.\n|\n|t:|1681966761\n|start\n|switch|p1a: Soul Fist|Flutter Mane, L50, shiny|100\/100\n|switch|p1b: Totsugeki|Palafin, L50, F, shiny|100\/100\n|switch|p2a: Annihilape|Annihilape, L50, M|100\/100\n|switch|p2b: Dondozo|Dondozo, L50, M|100\/100\n|-enditem|p1a: Soul Fist|Booster Energy\n|-activate|p1a: Soul Fist|ability: Protosynthesis|[fromitem]\n|-start|p1a: Soul Fist|protosynthesisspa\n|turn|1\n|\n|t:|1681966776\n|-terastallize|p2b: Dondozo|Grass\n|move|p1b: Totsugeki|Protect|p1b: Totsugeki\n|-singleturn|p1b: Totsugeki|Protect\n|move|p2a: Annihilape|U-turn|p1a: Soul Fist\n|-resisted|p1a: Soul Fist\n|-damage|p1a: Soul Fist|91\/100\n|\n|t:|1681966780\n|switch|p2a: Tatsugiri|Tatsugiri, L50, M|100\/100|[from] U-turn\n|-activate|p2a: Tatsugiri|ability: Commander|[of] p2b: Dondozo\n|-boost|p2b: Dondozo|atk|2\n|-boost|p2b: Dondozo|spa|2\n|-boost|p2b: Dondozo|spe|2\n|-boost|p2b: Dondozo|def|2\n|-boost|p2b: Dondozo|spd|2\n|move|p1a: Soul Fist|Moonblast|p2a: Tatsugiri|[miss]\n|-miss|p1a: Soul Fist|p2a: Tatsugiri\n|move|p2b: Dondozo|Tera Blast|p1b: Totsugeki\n|-activate|p1b: Totsugeki|move: Protect\n|\n|upkeep\n|turn|2\n|\n|t:|1681966792\n|detailschange|p1b: Totsugeki|Palafin-Hero, L50, F, shiny\n|switch|p1b: Falcon Punch|Arcanine, L50, F, shiny|100\/100\n|-ability|p1b: Falcon Punch|Intimidate|boost\n|-unboost|p2a: Tatsugiri|atk|1\n|-fail|p2b: Dondozo|unboost|Attack|[from] ability: Oblivious|[of] p2b: Dondozo\n|move|p1a: Soul Fist|Moonblast|p2b: Dondozo\n|-damage|p2b: Dondozo|72\/100\n|-unboost|p2b: Dondozo|spa|1\n|move|p2b: Dondozo|Rock Slide|p1b: Falcon Punch|[spread] p1a,p1b\n|-supereffective|p1b: Falcon Punch\n|-damage|p1a: Soul Fist|36\/100\n|-damage|p1b: Falcon Punch|40\/100\n|\n|-heal|p2b: Dondozo|79\/100|[from] item: Leftovers\n|upkeep\n|turn|3\n|\n|t:|1681966808\n|-terastallize|p1b: Falcon Punch|Water\n|move|p1a: Soul Fist|Moonblast|p2b: Dondozo\n|-damage|p2b: Dondozo|48\/100\n|-unboost|p2b: Dondozo|spa|1\n|move|p2b: Dondozo|Rock Slide|p1b: Falcon Punch|[spread] p1a,p1b\n|-damage|p1a: Soul Fist|0 fnt\n|-damage|p1b: Falcon Punch|6\/100\n|faint|p1a: Soul Fist\n|-end|p1a: Soul Fist|Protosynthesis|[silent]\n|cant|p1b: Falcon Punch|flinch\n|\n|-heal|p2b: Dondozo|54\/100|[from] item: Leftovers\n|upkeep\n|j| Tempest brute\n|\n|t:|1681966828\n|switch|p1a: Foot Dive|Baxcalibur, L50, F, shiny|100\/100\n|turn|4\n|\n|t:|1681966834\n|move|p2b: Dondozo|Protect|p2b: Dondozo\n|-singleturn|p2b: Dondozo|Protect\n|move|p1b: Falcon Punch|Extreme Speed|p2b: Dondozo\n|-activate|p2b: Dondozo|move: Protect\n|move|p1a: Foot Dive|Icicle Spear|p2b: Dondozo\n|-activate|p2b: Dondozo|move: Protect\n|\n|-heal|p2b: Dondozo|60\/100|[from] item: Leftovers\n|upkeep\n|turn|5\n|\n|t:|1681966840\n|move|p2b: Dondozo|Rock Slide|p1a: Foot Dive|[spread] p1a,p1b\n|-supereffective|p1a: Foot Dive\n|-damage|p1a: Foot Dive|42\/100\n|-damage|p1b: Falcon Punch|0 fnt\n|faint|p1b: Falcon Punch\n|cant|p1a: Foot Dive|flinch\n|\n|-heal|p2b: Dondozo|67\/100|[from] item: Leftovers\n|upkeep\n|\n|t:|1681966846\n|switch|p1b: Totsugeki|Palafin-Hero, L50, F, shiny|100\/100\n|-activate|p1b: Totsugeki|ability: Zero to Hero\n|turn|6\n|\n|t:|1681966849\n|move|p1b: Totsugeki|Protect|p1b: Totsugeki\n|-singleturn|p1b: Totsugeki|Protect\n|move|p2b: Dondozo|Tera Blast|p1b: Totsugeki\n|-activate|p1b: Totsugeki|move: Protect\n|move|p1a: Foot Dive|Icicle Spear|p2b: Dondozo\n|-supereffective|p2b: Dondozo\n|-damage|p2b: Dondozo|55\/100\n|-supereffective|p2b: Dondozo\n|-damage|p2b: Dondozo|44\/100\n|-supereffective|p2b: Dondozo\n|-damage|p2b: Dondozo|33\/100\n|-supereffective|p2b: Dondozo\n|-crit|p2b: Dondozo\n|-damage|p2b: Dondozo|0 fnt\n|faint|p2b: Dondozo\n|-hitcount|p2: Dondozo|4\n|\n|upkeep\n|\n|t:|1681966874\n|switch|p2b: Annihilape|Annihilape, L50, M|100\/100\n|turn|7\n|\n|t:|1681966879\n|move|p1a: Foot Dive|Protect|p1a: Foot Dive\n|-singleturn|p1a: Foot Dive|Protect\n|move|p1b: Totsugeki|Jet Punch|p2b: Annihilape\n|-damage|p2b: Annihilape|47\/100\n|move|p2b: Annihilape|Final Gambit|p1b: Totsugeki\n|-damage|p1b: Totsugeki|52\/100\n|faint|p2b: Annihilape\n|move|p2a: Tatsugiri|Dragon Pulse|p1a: Foot Dive\n|-activate|p1a: Foot Dive|move: Protect\n|\n|upkeep\n|\n|t:|1681966882\n|switch|p2b: Chien-Pao|Chien-Pao, L50|100\/100\n|-ability|p2b: Chien-Pao|Sword of Ruin\n|turn|8\n|\n|t:|1681966895\n|move|p2b: Chien-Pao|Sucker Punch|p1b: Totsugeki\n|-damage|p1b: Totsugeki|12\/100\n|move|p1b: Totsugeki|Jet Punch|p2b: Chien-Pao\n|-damage|p2b: Chien-Pao|31\/100\n|move|p1a: Foot Dive|Ice Shard|p2b: Chien-Pao\n|-resisted|p2b: Chien-Pao\n|-damage|p2b: Chien-Pao|16\/100\n|move|p2a: Tatsugiri|Dragon Pulse|p1a: Foot Dive\n|-supereffective|p1a: Foot Dive\n|-damage|p1a: Foot Dive|0 fnt\n|faint|p1a: Foot Dive\n|\n|upkeep\n|turn|9\n|c|\u2606Borghi|gg\n|-message|Critical ratta forfeited.\n|\n|win|Borghi\n|n|\u2606Critical ratta|criticalratta\n|n|\u2606Borghi|borghi\n|n| aberen|aberen\n|n| WeirdPolyCouple|weirdpolycouple\n|n| Tempest brute|tempestbrute\n|l|\u2606Critical ratta\n|l| aberen\n|j| Tameryn\n|l| Tameryn\n|j| Mikunji19\n","uploadtime":1681966907,"views":11,"p1id":"criticalratta","p2id":"borghi","formatid":"gen9vgc2023regulationc","rating":0,"private":0,"password":""}