{"id":"gen9vgc2023regulationc-1857036681","p1":"zarderino","p2":"chi-yuonetrick","format":"[Gen 9] VGC 2023 Regulation C","log":"|j|\u2606zarderino\n|j|\u2606chi-yuonetrick\n|t:|1683139317\n|gametype|doubles\n|player|p1|zarderino|steven|1478\n|player|p2|chi-yuonetrick|acetrainer-gen6xy|1500\n|teamsize|p1|6\n|teamsize|p2|6\n|gen|9\n|tier|[Gen 9] VGC 2023 Regulation C\n|rated|\n|rule|Species Clause: Limit one of each Pok\u00e9mon\n|rule|Item Clause: Limit one of each item\n|clearpoke\n|poke|p1|Ting-Lu, L50|\n|poke|p1|Annihilape, L50, M|\n|poke|p1|Corviknight, L50, M|\n|poke|p1|Iron Moth, L50|\n|poke|p1|Grimmsnarl, L50, M|\n|poke|p1|Gholdengo, L50|\n|poke|p2|Iron Hands, L50|\n|poke|p2|Gyarados, L50, M|\n|poke|p2|Flutter Mane, L50|\n|poke|p2|Chi-Yu, L50|\n|poke|p2|Amoonguss, L50, M|\n|poke|p2|Bronzong, L50|\n|teampreview|4\n|j| vgdjfifIFFIGgcu\n|\n|t:|1683139374\n|start\n|switch|p1a: Corviknight|Corviknight, L50, M|100\/100\n|switch|p1b: Ting-Lu|Ting-Lu, L50|100\/100\n|switch|p2a: Flutter Mane|Flutter Mane, L50|100\/100\n|switch|p2b: Chi-Yu|Chi-Yu, L50|100\/100\n|-ability|p2b: Chi-Yu|Beads of Ruin\n|-ability|p1b: Ting-Lu|Vessel of Ruin\n|turn|1\n|\n|t:|1683139405\n|-end|p2a: Flutter Mane|Protosynthesis|[silent]\n|switch|p2a: Gyarados|Gyarados, L50, M|100\/100\n|-ability|p2a: Gyarados|Intimidate|boost\n|-ability|p1a: Corviknight|Mirror Armor\n|-unboost|p2a: Gyarados|atk|1\n|-unboost|p1b: Ting-Lu|atk|1\n|-terastallize|p2b: Chi-Yu|Water\n|-terastallize|p1a: Corviknight|Water\n|move|p2b: Chi-Yu|Nasty Plot|p2b: Chi-Yu\n|-boost|p2b: Chi-Yu|spa|2\n|move|p1a: Corviknight|Iron Head|p2a: Gyarados\n|-resisted|p2a: Gyarados\n|-damage|p2a: Gyarados|87\/100\n|move|p1b: Ting-Lu|Earthquake|p2b: Chi-Yu|[spread] p1a,p2b\n|-immune|p2a: Gyarados\n|-damage|p1a: Corviknight|81\/100\n|-damage|p2b: Chi-Yu|72\/100\n|\n|-heal|p2b: Chi-Yu|78\/100|[from] item: Leftovers\n|upkeep\n|turn|2\n|\n|t:|1683139442\n|move|p2b: Chi-Yu|Dark Pulse|p1a: Corviknight\n|-crit|p1a: Corviknight\n|-damage|p1a: Corviknight|0 fnt\n|faint|p1a: Corviknight\n|move|p2a: Gyarados|Taunt|p1b: Ting-Lu\n|-start|p1b: Ting-Lu|move: Taunt\n|move|p1b: Ting-Lu|Ruination|p2b: Chi-Yu|[miss]\n|-miss|p1b: Ting-Lu|p2b: Chi-Yu\n|\n|-heal|p2b: Chi-Yu|84\/100|[from] item: Leftovers\n|upkeep\n|l| vgdjfifIFFIGgcu\n|\n|t:|1683139463\n|switch|p1a: Iron Moth|Iron Moth, L50|100\/100\n|-enditem|p1a: Iron Moth|Booster Energy\n|-activate|p1a: Iron Moth|ability: Quark Drive|[fromitem]\n|-start|p1a: Iron Moth|quarkdrivespa\n|turn|3\n|\n|t:|1683139476\n|move|p1a: Iron Moth|Protect|p1a: Iron Moth\n|-singleturn|p1a: Iron Moth|Protect\n|move|p2b: Chi-Yu|Dark Pulse|p1a: Iron Moth\n|-activate|p1a: Iron Moth|move: Protect\n|move|p2a: Gyarados|Waterfall|p1a: Iron Moth\n|-activate|p1a: Iron Moth|move: Protect\n|move|p1b: Ting-Lu|Ruination|p2a: Gyarados\n|-damage|p2a: Gyarados|44\/100\n|\n|-heal|p2b: Chi-Yu|91\/100|[from] item: Leftovers\n|upkeep\n|turn|4\n|inactive|Battle timer is ON: inactive players will automatically lose when time's up. (requested by chi-yuonetrick)\n|\n|t:|1683139500\n|switch|p1b: Annihilape|Annihilape, L50, M|100\/100\n|move|p1a: Iron Moth|Energy Ball|p2b: Chi-Yu\n|-supereffective|p2b: Chi-Yu\n|-damage|p2b: Chi-Yu|9\/100\n|-unboost|p2b: Chi-Yu|spd|1\n|move|p2b: Chi-Yu|Dark Pulse|p1a: Iron Moth\n|-crit|p1a: Iron Moth\n|-damage|p1a: Iron Moth|0 fnt\n|faint|p1a: Iron Moth\n|-end|p1a: Iron Moth|Quark Drive|[silent]\n|move|p2a: Gyarados|Waterfall|p1b: Annihilape\n|-damage|p1b: Annihilape|78\/100\n|\n|-heal|p2b: Chi-Yu|15\/100|[from] item: Leftovers\n|upkeep\n|\n|t:|1683139514\n|switch|p1a: Ting-Lu|Ting-Lu, L50|100\/100\n|-ability|p1a: Ting-Lu|Vessel of Ruin\n|turn|5\n|\n|t:|1683139532\n|move|p1b: Annihilape|Protect|p1b: Annihilape\n|-singleturn|p1b: Annihilape|Protect\n|move|p2b: Chi-Yu|Dark Pulse|p1a: Ting-Lu\n|-resisted|p1a: Ting-Lu\n|-damage|p1a: Ting-Lu|83\/100\n|move|p2a: Gyarados|Waterfall|p1a: Ting-Lu\n|-supereffective|p1a: Ting-Lu\n|-damage|p1a: Ting-Lu|57\/100\n|cant|p1a: Ting-Lu|flinch\n|\n|-heal|p2b: Chi-Yu|21\/100|[from] item: Leftovers\n|upkeep\n|turn|6\n|\n|t:|1683139551\n|move|p1b: Annihilape|Protect|p1b: Annihilape\n|-singleturn|p1b: Annihilape|Protect\n|move|p2b: Chi-Yu|Dark Pulse|p1b: Annihilape\n|-activate|p1b: Annihilape|move: Protect\n|move|p2a: Gyarados|Waterfall|p1a: Ting-Lu\n|-supereffective|p1a: Ting-Lu\n|-damage|p1a: Ting-Lu|31\/100\n|move|p1a: Ting-Lu|Stomping Tantrum|p2b: Chi-Yu\n|-damage|p2b: Chi-Yu|0 fnt\n|faint|p2b: Chi-Yu\n|\n|upkeep\n|\n|t:|1683139563\n|switch|p2b: Flutter Mane|Flutter Mane, L50|100\/100\n|turn|7\n|-message|zarderino forfeited.\n|\n|win|chi-yuonetrick\n|raw|zarderino's rating: 1478 → 1459<\/strong> (-19 for losing)\n|raw|chi-yuonetrick's rating: 1500 → 1519<\/strong> (+19 for winning)\n|l|\u2606chi-yuonetrick\n","uploadtime":1683139612,"views":13,"p1id":"zarderino","p2id":"chiyuonetrick","formatid":"gen9vgc2023regulationc","rating":1459,"private":0,"password":""}