{"id":"gen9vgc2023regulationc-1855755626","p1":"ThatGuyTi","p2":"Gracamol","format":"[Gen 9] VGC 2023 Regulation C","log":"|j|\u2606ThatGuyTi\n|j|\u2606Gracamol\n|t:|1682980421\n|gametype|doubles\n|player|p1|ThatGuyTi|lance|1152\n|player|p2|Gracamol|barry|1066\n|teamsize|p1|6\n|teamsize|p2|6\n|gen|9\n|tier|[Gen 9] VGC 2023 Regulation C\n|rated|\n|rule|Species Clause: Limit one of each Pok\u00e9mon\n|rule|Item Clause: Limit one of each item\n|clearpoke\n|poke|p1|Chien-Pao, L50|\n|poke|p1|Arcanine, L50, F|\n|poke|p1|Amoonguss, L50, M|\n|poke|p1|Annihilape, L50, M|\n|poke|p1|Palafin, L50, M|\n|poke|p1|Flutter Mane, L50|\n|poke|p2|Flutter Mane, L50|\n|poke|p2|Grimmsnarl, L50, M|\n|poke|p2|Tauros-Paldea-Aqua, L50, M|\n|poke|p2|Rotom-Heat, L50|\n|poke|p2|Iron Bundle, L50|\n|poke|p2|Iron Treads, L50|\n|teampreview|4\nGracamol has agreed to open team sheets.\n|\n|t:|1682980461\n|start\n|switch|p1a: Flutter Mane|Flutter Mane, L50|100\/100\n|switch|p1b: Arcanine|Arcanine, L50, F|100\/100\n|switch|p2a: Wheeljack|Rotom-Heat, L50, shiny|100\/100\n|switch|p2b: Blitzwing|Iron Bundle, L50|100\/100\n|-ability|p1b: Arcanine|Intimidate|boost\n|-unboost|p2a: Wheeljack|atk|1\n|-unboost|p2b: Blitzwing|atk|1\n|-enditem|p1a: Flutter Mane|Booster Energy\n|-activate|p1a: Flutter Mane|ability: Protosynthesis|[fromitem]\n|-start|p1a: Flutter Mane|protosynthesisspe\n|turn|1\n|inactive|Battle timer is ON: inactive players will automatically lose when time's up. (requested by Gracamol)\n|\n|t:|1682980480\n|move|p1b: Arcanine|Extreme Speed|p2a: Wheeljack\n|-damage|p2a: Wheeljack|76\/100\n|move|p1a: Flutter Mane|Thunderbolt|p2b: Blitzwing\n|-supereffective|p2b: Blitzwing\n|-damage|p2b: Blitzwing|0 fnt\n|faint|p2b: Blitzwing\n|-end|p2b: Blitzwing|Quark Drive|[silent]\n|move|p2a: Wheeljack|Volt Switch|p1b: Arcanine\n|-damage|p1b: Arcanine|58\/100\n|\n|t:|1682980490\n|switch|p2a: Iron Treads|Iron Treads, L50|100\/100|[from] Volt Switch\n|-enditem|p2a: Iron Treads|Booster Energy\n|-activate|p2a: Iron Treads|ability: Quark Drive|[fromitem]\n|-start|p2a: Iron Treads|quarkdrivespe\n|\n|upkeep\n|\n|t:|1682980493\n|switch|p2b: Skywarp|Flutter Mane, L50|100\/100\n|turn|2\n|\n|t:|1682980513\n|switch|p1b: Palafin|Palafin, L50, M|100\/100\n|-terastallize|p1a: Flutter Mane|Fairy\n|move|p1a: Flutter Mane|Shadow Ball|p2b: Skywarp\n|-supereffective|p2b: Skywarp\n|-damage|p2b: Skywarp|7\/100\n|move|p2a: Iron Treads|Stomping Tantrum|p1b: Palafin\n|-damage|p1b: Palafin|56\/100\n|move|p2b: Skywarp|Shadow Ball|p1a: Flutter Mane\n|-damage|p1a: Flutter Mane|26\/100\n|-unboost|p1a: Flutter Mane|spd|1\n|\n|upkeep\n|turn|3\n|\n|t:|1682980536\n|-end|p2b: Skywarp|Protosynthesis|[silent]\n|switch|p2b: Wheeljack|Rotom-Heat, L50, shiny|76\/100\n|detailschange|p1b: Palafin|Palafin-Hero, L50, M\n|switch|p1b: Arcanine|Arcanine, L50, F|58\/100\n|-ability|p1b: Arcanine|Intimidate|boost\n|-unboost|p2a: Iron Treads|atk|1\n|-unboost|p2b: Wheeljack|atk|1\n|move|p1a: Flutter Mane|Shadow Ball|p2b: Wheeljack\n|-damage|p2b: Wheeljack|32\/100\n|-enditem|p2b: Wheeljack|Sitrus Berry|[eat]\n|-heal|p2b: Wheeljack|57\/100|[from] item: Sitrus Berry\n|move|p2a: Iron Treads|Iron Head|p1a: Flutter Mane\n|-supereffective|p1a: Flutter Mane\n|-damage|p1a: Flutter Mane|0 fnt\n|faint|p1a: Flutter Mane\n|-end|p1a: Flutter Mane|Protosynthesis|[silent]\n|\n|upkeep\n|\n|t:|1682980552\n|switch|p1a: Chien-Pao|Chien-Pao, L50|100\/100\n|-ability|p1a: Chien-Pao|Sword of Ruin\n|turn|4\n|inactive|ThatGuyTi has 30 seconds left.\n|inactive|Gracamol has 30 seconds left.\n|\n|t:|1682980595\n|move|p2a: Iron Treads|Stomping Tantrum|p1b: Arcanine\n|-supereffective|p1b: Arcanine\n|-damage|p1b: Arcanine|0 fnt\n|faint|p1b: Arcanine\n|move|p1a: Chien-Pao|Sacred Sword|p2a: Iron Treads\n|-supereffective|p2a: Iron Treads\n|-damage|p2a: Iron Treads|25\/100\n|move|p2b: Wheeljack|Overheat|p1a: Chien-Pao\n|-supereffective|p1a: Chien-Pao\n|-enditem|p1a: Chien-Pao|Focus Sash\n|-damage|p1a: Chien-Pao|1\/100\n|-unboost|p2b: Wheeljack|spa|2\n|\n|upkeep\n|\n|t:|1682980606\n|switch|p1b: Palafin|Palafin-Hero, L50, M|56\/100\n|-activate|p1b: Palafin|ability: Zero to Hero\n|turn|5\n|\n|t:|1682980617\n|-terastallize|p2b: Wheeljack|Grass\n|move|p2a: Iron Treads|Protect|p2a: Iron Treads\n|-singleturn|p2a: Iron Treads|Protect\n|move|p1a: Chien-Pao|Protect|p1a: Chien-Pao\n|-singleturn|p1a: Chien-Pao|Protect\n|move|p1b: Palafin|Drain Punch|p2a: Iron Treads\n|-activate|p2a: Iron Treads|move: Protect\n|move|p2b: Wheeljack|Volt Switch|p1a: Chien-Pao\n|-activate|p1a: Chien-Pao|move: Protect\n|\n|upkeep\n|turn|6\n|inactive|Gracamol has 30 seconds left.\n|\n|t:|1682980645\n|move|p2a: Iron Treads|Stomping Tantrum|p1a: Chien-Pao\n|-damage|p1a: Chien-Pao|0 fnt\n|faint|p1a: Chien-Pao\n|move|p1b: Palafin|Drain Punch|p2a: Iron Treads\n|-supereffective|p2a: Iron Treads\n|-damage|p2a: Iron Treads|0 fnt\n|-heal|p1b: Palafin|67\/100|[from] drain|[of] p2a: Iron Treads\n|faint|p2a: Iron Treads\n|-end|p2a: Iron Treads|Quark Drive|[silent]\n|move|p2b: Wheeljack|Volt Switch|p1b: Palafin\n|-supereffective|p1b: Palafin\n|-damage|p1b: Palafin|33\/100\n|\n|t:|1682980655\n|switch|p2b: Skywarp|Flutter Mane, L50|7\/100|[from] Volt Switch\n|\n|upkeep\n|\n|t:|1682980657\n|switch|p2a: Wheeljack|Rotom-Heat, L50, shiny, tera:Grass|57\/100\n|turn|7\n|\n|t:|1682980664\n|move|p2b: Skywarp|Thunderbolt|p1b: Palafin\n|-supereffective|p1b: Palafin\n|-damage|p1b: Palafin|0 fnt\n|faint|p1b: Palafin\n|\n|win|Gracamol\n|raw|ThatGuyTi's rating: 1152 → 1121<\/strong> (-31 for losing)\n|raw|Gracamol's rating: 1066 → 1103<\/strong> (+37 for winning)\n|c|\u2606Gracamol|gg\n|c|\u2606ThatGuyTi|gg\n|l|\u2606ThatGuyTi\n","uploadtime":1682980758,"views":25,"p1id":"thatguyti","p2id":"gracamol","formatid":"gen9vgc2023regulationc","rating":1103,"private":0,"password":""}