{"id":"gen9vgc2023regulationc-1854950596","p1":"BumpyBumps","p2":"awesome10billion","format":"[Gen 9] VGC 2023 Regulation C","log":"|j|\u2606BumpyBumps\n|j|\u2606awesome10billion\n|t:|1682884165\n|gametype|doubles\n|player|p1|BumpyBumps|wallace|\n|player|p2|awesome10billion|170|\n|teamsize|p1|6\n|teamsize|p2|6\n|gen|9\n|tier|[Gen 9] VGC 2023 Regulation C\n|rule|Species Clause: Limit one of each Pok\u00e9mon\n|rule|Item Clause: Limit one of each item\n|clearpoke\n|poke|p1|Flutter Mane, L50|\n|poke|p1|Chien-Pao, L50|\n|poke|p1|Ting-Lu, L50|\n|poke|p1|Arcanine, L50, F|\n|poke|p1|Dragonite, L50, F|\n|poke|p1|Amoonguss, L50, F|\n|poke|p2|Iron Hands, L50|\n|poke|p2|Amoonguss, L50, F|\n|poke|p2|Pelipper, L50, M|\n|poke|p2|Palafin, L50, F|\n|poke|p2|Baxcalibur, L50, F|\n|poke|p2|Dragonite, L50, F|\n|teampreview|4\n|inactive|Battle timer is ON: inactive players will automatically lose when time's up. (requested by awesome10billion)\n|inactive|BumpyBumps has 60 seconds left.\n|\n|t:|1682884203\n|start\n|switch|p1a: Chien-Pao|Chien-Pao, L50|100\/100\n|switch|p1b: Dragonite|Dragonite, L50, F|100\/100\n|switch|p2a: Baxcalibur|Baxcalibur, L50, F|100\/100\n|switch|p2b: Palafin|Palafin, L50, F|100\/100\n|-ability|p1a: Chien-Pao|Sword of Ruin\n|turn|1\n|inactive|BumpyBumps has 30 seconds left.\n|\n|t:|1682884232\n|detailschange|p2b: Palafin|Palafin-Hero, L50, F\n|switch|p2b: Pelipper|Pelipper, L50, M|100\/100\n|-weather|RainDance|[from] ability: Drizzle|[of] p2b: Pelipper\n|-terastallize|p1b: Dragonite|Normal\n|move|p2a: Baxcalibur|Ice Shard|p1b: Dragonite\n|-damage|p1b: Dragonite|83\/100\n|move|p1a: Chien-Pao|Ice Spinner|p2a: Baxcalibur\n|-damage|p2a: Baxcalibur|51\/100\n|move|p1b: Dragonite|Dragon Claw|p2a: Baxcalibur\n|-supereffective|p2a: Baxcalibur\n|-damage|p2a: Baxcalibur|0 fnt\n|faint|p2a: Baxcalibur\n|\n|-weather|RainDance|[upkeep]\n|upkeep\n|\n|t:|1682884246\n|switch|p2a: Palafin|Palafin-Hero, L50, F|100\/100\n|-activate|p2a: Palafin|ability: Zero to Hero\n|turn|2\n|inactive|BumpyBumps has 30 seconds left.\n|inactive|BumpyBumps has 20 seconds left.\n|\n|t:|1682884285\n|-terastallize|p2a: Palafin|Water\n|move|p1b: Dragonite|Extreme Speed|p2a: Palafin\n|-damage|p2a: Palafin|44\/100\n|move|p1a: Chien-Pao|Sucker Punch|p2a: Palafin\n|-damage|p2a: Palafin|5\/100\n|move|p2a: Palafin|Wave Crash|p1b: Dragonite\n|-damage|p1b: Dragonite|0 fnt\n|faint|p1b: Dragonite\n|-damage|p2a: Palafin|0 fnt|[from] Recoil\n|faint|p2a: Palafin\n|move|p2b: Pelipper|Tailwind|p2b: Pelipper\n|-sidestart|p2: awesome10billion|move: Tailwind\n|\n|-weather|RainDance|[upkeep]\n|upkeep\n|\n|t:|1682884303\n|switch|p1b: Flutter Mane|Flutter Mane, L50|100\/100\n|switch|p2a: Iron Hands|Iron Hands, L50|100\/100\n|turn|3\n|\n|t:|1682884324\n|move|p1a: Chien-Pao|Protect|p1a: Chien-Pao\n|-singleturn|p1a: Chien-Pao|Protect\n|move|p2a: Iron Hands|Fake Out|p1a: Chien-Pao\n|-activate|p1a: Chien-Pao|move: Protect\n|move|p2b: Pelipper|Hurricane|p1b: Flutter Mane\n|-damage|p1b: Flutter Mane|48\/100\n|move|p1b: Flutter Mane|Moonblast|p2a: Iron Hands\n|-supereffective|p2a: Iron Hands\n|-damage|p2a: Iron Hands|39\/100\n|-damage|p1b: Flutter Mane|38\/100|[from] item: Life Orb\n|\n|-weather|RainDance|[upkeep]\n|upkeep\n|turn|4\n|j| aquaarmor23\n|inactive|BumpyBumps has 30 seconds left.\n|inactive|BumpyBumps has 20 seconds left.\n|\n|t:|1682884363\n|move|p2b: Pelipper|Hurricane|p1b: Flutter Mane\n|-damage|p1b: Flutter Mane|0 fnt\n|faint|p1b: Flutter Mane\n|-end|p1b: Flutter Mane|Protosynthesis|[silent]\n|move|p1a: Chien-Pao|Ice Spinner|p2b: Pelipper\n|-damage|p2b: Pelipper|32\/100\n|move|p2a: Iron Hands|Close Combat|p1a: Chien-Pao\n|-supereffective|p1a: Chien-Pao\n|-enditem|p1a: Chien-Pao|Focus Sash\n|-damage|p1a: Chien-Pao|1\/100\n|-unboost|p2a: Iron Hands|def|1\n|-unboost|p2a: Iron Hands|spd|1\n|\n|-weather|RainDance|[upkeep]\n|upkeep\n|\n|t:|1682884371\n|switch|p1b: Ting-Lu|Ting-Lu, L50|100\/100\n|-ability|p1b: Ting-Lu|Vessel of Ruin\n|turn|5\n|\n|t:|1682884386\n|move|p1a: Chien-Pao|Sucker Punch|p2b: Pelipper\n|-damage|p2b: Pelipper|0 fnt\n|faint|p2b: Pelipper\n|move|p2a: Iron Hands|Close Combat|p1b: Ting-Lu\n|-supereffective|p1b: Ting-Lu\n|-crit|p1b: Ting-Lu\n|-damage|p1b: Ting-Lu|0 fnt\n|-unboost|p2a: Iron Hands|def|1\n|-unboost|p2a: Iron Hands|spd|1\n|faint|p1b: Ting-Lu\n|\n|-weather|none\n|-sideend|p2: awesome10billion|move: Tailwind\n|upkeep\n|turn|6\n|c|\u2606BumpyBumps|gg\n|c|\u2606BumpyBumps|nevermind\n|c|\u2606awesome10billion|gg\n|\n|t:|1682884400\n|move|p1a: Chien-Pao|Sucker Punch|p2a: Iron Hands\n|-resisted|p2a: Iron Hands\n|-damage|p2a: Iron Hands|10\/100\n|move|p2a: Iron Hands|Volt Switch|p1a: Chien-Pao\n|-damage|p1a: Chien-Pao|0 fnt\n|faint|p1a: Chien-Pao\n|\n|win|awesome10billion\n|c|\u2606BumpyBumps|damn ggs\n|c|\u2606awesome10billion|Ice spiiner killed there\n|c|\u2606awesome10billion|I thought I lost\n|l| aquaarmor23\n","uploadtime":1682884424,"views":10,"p1id":"bumpybumps","p2id":"awesome10billion","formatid":"gen9vgc2023regulationc","rating":0,"private":0,"password":""}