{"id":"gen9vgc2023regulationc-1851755439","p1":"Schwbrett","p2":"anchelados","format":"[Gen 9] VGC 2023 Regulation C","log":"|j|\u2606Schwbrett\n|j|\u2606anchelados\n|t:|1682478694\n|gametype|doubles\n|player|p1|Schwbrett|170|1582\n|player|p2|anchelados|preschooler|1582\n|teamsize|p1|6\n|teamsize|p2|6\n|gen|9\n|tier|[Gen 9] VGC 2023 Regulation C\n|rated|\n|rule|Species Clause: Limit one of each Pok\u00e9mon\n|rule|Item Clause: Limit one of each item\n|clearpoke\n|poke|p1|Dondozo, L50, F|\n|poke|p1|Tatsugiri-Droopy, L50, M|\n|poke|p1|Pelipper, L50, F|\n|poke|p1|Drednaw, L50, M|\n|poke|p1|Dragonite, L50, F|\n|poke|p1|Rotom-Wash, L50|\n|poke|p2|Iron Treads, L50|\n|poke|p2|Glimmora, L50, M|\n|poke|p2|Dragonite, L50, F|\n|poke|p2|Chien-Pao, L50|\n|poke|p2|Scream Tail, L50|\n|poke|p2|Rotom-Wash, L50|\n|teampreview|4\n|\n|t:|1682478723\n|start\n|switch|p1a: Drednaw|Drednaw, L50, M|100\/100\n|switch|p1b: Pelipper|Pelipper, L50, F|100\/100\n|switch|p2a: Glimmora|Glimmora, L50, M|100\/100\n|switch|p2b: Rotom|Rotom-Wash, L50|100\/100\n|-weather|RainDance|[from] ability: Drizzle|[of] p1b: Pelipper\n|turn|1\n|inactive|Battle timer is ON: inactive players will automatically lose when time's up. (requested by Schwbrett)\n|\n|t:|1682478747\n|move|p1a: Drednaw|Rock Slide|p2b: Rotom|[spread] p2a,p2b\n|-damage|p2a: Glimmora|46\/100\n|-damage|p2b: Rotom|56\/100\n|-activate|p2a: Glimmora|ability: Toxic Debris\n|-sidestart|p1: Schwbrett|move: Toxic Spikes\n|cant|p2a: Glimmora|flinch\n|move|p2b: Rotom|Thunderbolt|p1a: Drednaw\n|-supereffective|p1a: Drednaw\n|-damage|p1a: Drednaw|9\/100\n|move|p1b: Pelipper|Hurricane|p2a: Glimmora\n|-resisted|p2a: Glimmora\n|-damage|p2a: Glimmora|26\/100\n|\n|-weather|RainDance|[upkeep]\n|upkeep\n|turn|2\n|j| merah merona\n|l| merah merona\n|j| merah merona\n|inactive|Schwbrett has 30 seconds left.\n|inactive|anchelados has 30 seconds left.\n|\n|t:|1682478774\n|move|p2b: Rotom|Protect|p2b: Rotom\n|-singleturn|p2b: Rotom|Protect\n|move|p1a: Drednaw|Rock Slide|p2b: Rotom|[spread] p2a\n|-activate|p2b: Rotom|move: Protect\n|-damage|p2a: Glimmora|0 fnt\n|-activate|p2a: Glimmora|ability: Toxic Debris\n|-sidestart|p1: Schwbrett|move: Toxic Spikes\n|faint|p2a: Glimmora\n|move|p1b: Pelipper|Hurricane|p2b: Rotom\n|-activate|p2b: Rotom|move: Protect\n|\n|-weather|RainDance|[upkeep]\n|upkeep\n|\n|t:|1682478783\n|switch|p2a: Chien-Pao|Chien-Pao, L50|100\/100\n|-ability|p2a: Chien-Pao|Sword of Ruin\n|turn|3\n|\n|t:|1682478795\n|switch|p1a: Tatsugiri|Tatsugiri-Droopy, L50, M, shiny|100\/100\n|-status|p1a: Tatsugiri|tox\n|move|p2a: Chien-Pao|Sucker Punch||[still]\n|-fail|p2a: Chien-Pao\n|move|p2b: Rotom|Thunderbolt|p1b: Pelipper\n|-supereffective|p1b: Pelipper\n|-damage|p1b: Pelipper|0 fnt\n|faint|p1b: Pelipper\n|\n|-weather|RainDance|[upkeep]\n|-damage|p1a: Tatsugiri|94\/100 tox|[from] psn\n|upkeep\n|\n|t:|1682478806\n|switch|p1b: Dondozo|Dondozo, L50, F|100\/100\n|-activate|p1a: Tatsugiri|ability: Commander|[of] p1b: Dondozo\n|-boost|p1b: Dondozo|atk|2\n|-boost|p1b: Dondozo|spa|2\n|-boost|p1b: Dondozo|spe|2\n|-boost|p1b: Dondozo|def|2\n|-boost|p1b: Dondozo|spd|2\n|-status|p1b: Dondozo|tox\n|turn|4\n|\n|t:|1682478827\n|-terastallize|p1b: Dondozo|Water\n|move|p2a: Chien-Pao|Protect|p2a: Chien-Pao\n|-singleturn|p2a: Chien-Pao|Protect\n|move|p1b: Dondozo|Surf|p2b: Rotom|[spread] p2b\n|-miss|p1b: Dondozo|p1a: Tatsugiri\n|-activate|p2a: Chien-Pao|move: Protect\n|-resisted|p2b: Rotom\n|-damage|p2b: Rotom|0 fnt\n|faint|p2b: Rotom\n|-damage|p1b: Dondozo|91\/100 tox|[from] item: Life Orb\n|\n|-weather|RainDance|[upkeep]\n|-damage|p1a: Tatsugiri|82\/100 tox|[from] psn\n|-damage|p1b: Dondozo|85\/100 tox|[from] psn\n|upkeep\n|\n|t:|1682478838\n|switch|p2b: Scream Tail|Scream Tail, L50|100\/100\n|turn|5\n|\n|t:|1682478842\n|move|p2a: Chien-Pao|Sacred Sword|p1b: Dondozo\n|-damage|p1b: Dondozo|54\/100 tox\n|move|p1b: Dondozo|Surf|p2a: Chien-Pao|[spread] p2a,p2b\n|-miss|p1b: Dondozo|p1a: Tatsugiri\n|-enditem|p2a: Chien-Pao|Focus Sash\n|-damage|p2a: Chien-Pao|1\/100\n|-damage|p2b: Scream Tail|34\/100\n|-damage|p1b: Dondozo|45\/100 tox|[from] item: Life Orb\n|move|p2b: Scream Tail|Howl|p2b: Scream Tail|[spread] p2a,p2b\n|-boost|p2a: Chien-Pao|atk|1\n|-boost|p2b: Scream Tail|atk|1\n|\n|-weather|RainDance|[upkeep]\n|-damage|p1a: Tatsugiri|63\/100 tox|[from] psn\n|-damage|p1b: Dondozo|32\/100 tox|[from] psn\n|upkeep\n|turn|6\n|j| Masttery\n|\n|t:|1682478865\n|move|p2a: Chien-Pao|Sacred Sword|p1b: Dondozo\n|-damage|p1b: Dondozo|6\/100 tox\n|move|p1b: Dondozo|Surf|p2a: Chien-Pao|[spread] p2a,p2b\n|-miss|p1b: Dondozo|p1a: Tatsugiri\n|-damage|p2a: Chien-Pao|0 fnt\n|-damage|p2b: Scream Tail|0 fnt\n|faint|p2a: Chien-Pao\n|faint|p2b: Scream Tail\n|-end|p2b: Scream Tail|Protosynthesis|[silent]\n|-damage|p1b: Dondozo|0 fnt|[from] item: Life Orb\n|faint|p1b: Dondozo\n|\n|win|Schwbrett\n|raw|Schwbrett's rating: 1582 → 1602<\/strong> (+20 for winning)\n|raw|anchelados's rating: 1582 → 1562<\/strong> (-20 for losing)\n|l|\u2606anchelados\n","uploadtime":1682478877,"views":9,"p1id":"schwbrett","p2id":"anchelados","formatid":"gen9vgc2023regulationc","rating":1562,"private":0,"password":""}