{"id":"gen9vgc2023regulationc-1846987838","p1":"Linck129","p2":"nik993","format":"[Gen 9] VGC 2023 Regulation C","log":"|j|\u2606Linck129\n|j|\u2606nik993\n|t:|1681909275\n|gametype|doubles\n|player|p1|Linck129|101|1341\n|player|p2|nik993|102|1440\n|teamsize|p1|6\n|teamsize|p2|6\n|gen|9\n|tier|[Gen 9] VGC 2023 Regulation C\n|rated|\n|rule|Species Clause: Limit one of each Pok\u00e9mon\n|rule|Item Clause: Limit one of each item\n|clearpoke\n|poke|p1|Tatsugiri, L50, F|\n|poke|p1|Dondozo, L50, M|\n|poke|p1|Chi-Yu, L50|\n|poke|p1|Flutter Mane, L50|\n|poke|p1|Dragonite, L50, M|\n|poke|p1|Glimmora, L50, M|\n|poke|p2|Palafin, L50, M|\n|poke|p2|Iron Hands, L50|\n|poke|p2|Amoonguss, L50, F|\n|poke|p2|Arcanine, L50, M|\n|poke|p2|Chien-Pao, L50|\n|poke|p2|Dragonite, L50, F|\n|teampreview|4\nnik993 has agreed to open team sheets.\nLinck129 rejected open team sheets.\n|c|\u2606nik993|dozo ability?\n|inactive|Battle timer is ON: inactive players will automatically lose when time's up. (requested by Linck129)\n|\n|t:|1681909322\n|start\n|switch|p1a: Glimmora|Glimmora, L50, M|100\/100\n|switch|p1b: Chi-Yu|Chi-Yu, L50|100\/100\n|switch|p2a: Palafin|Palafin, L50, M|100\/100\n|switch|p2b: Iron Hands|Iron Hands, L50|100\/100\n|-ability|p1b: Chi-Yu|Beads of Ruin\n|turn|1\n|\n|t:|1681909336\n|switch|p1b: Tatsugiri|Tatsugiri, L50, F|100\/100\n|detailschange|p2a: Palafin|Palafin-Hero, L50, M\n|switch|p2a: Arcanine|Arcanine, L50, M|100\/100\n|-ability|p2a: Arcanine|Intimidate|boost\n|-unboost|p1a: Glimmora|atk|1\n|-unboost|p1b: Tatsugiri|atk|1\n|move|p1a: Glimmora|Spiky Shield|p1a: Glimmora\n|-singleturn|p1a: Glimmora|move: Protect\n|move|p2b: Iron Hands|Drain Punch|p1b: Tatsugiri\n|-damage|p1b: Tatsugiri|40\/100\n|\n|upkeep\n|turn|2\n|\n|t:|1681909355\n|move|p1a: Glimmora|Toxic|p2a: Arcanine\n|-status|p2a: Arcanine|tox\n|move|p2a: Arcanine|Will-O-Wisp|p1a: Glimmora\n|-status|p1a: Glimmora|brn\n|move|p1b: Tatsugiri|Muddy Water|p2a: Arcanine|[spread] p2a,p2b\n|-supereffective|p2a: Arcanine\n|-damage|p2a: Arcanine|8\/100 tox\n|-damage|p2b: Iron Hands|71\/100\n|-unboost|p2a: Arcanine|accuracy|1\n|move|p2b: Iron Hands|Drain Punch|p1b: Tatsugiri\n|-damage|p1b: Tatsugiri|0 fnt\n|-heal|p2b: Iron Hands|85\/100|[from] drain|[of] p1b: Tatsugiri\n|faint|p1b: Tatsugiri\n|\n|-damage|p2a: Arcanine|2\/100 tox|[from] psn\n|-damage|p1a: Glimmora|95\/100 brn|[from] brn\n|upkeep\n|\n|t:|1681909366\n|switch|p1b: Flutter Mane|Flutter Mane, L50|100\/100\n|-enditem|p1b: Flutter Mane|Booster Energy\n|-activate|p1b: Flutter Mane|ability: Protosynthesis|[fromitem]\n|-start|p1b: Flutter Mane|protosynthesisspe\n|turn|3\n|\n|t:|1681909385\n|-terastallize|p2b: Iron Hands|Fire\n|move|p1b: Flutter Mane|Protect|p1b: Flutter Mane\n|-singleturn|p1b: Flutter Mane|Protect\n|move|p1a: Glimmora|Toxic|p2b: Iron Hands\n|-status|p2b: Iron Hands|tox\n|move|p2a: Arcanine|Howl|p2a: Arcanine|[spread] p2a,p2b\n|-boost|p2a: Arcanine|atk|1\n|-boost|p2b: Iron Hands|atk|1\n|move|p2b: Iron Hands|Heavy Slam|p1b: Flutter Mane\n|-activate|p1b: Flutter Mane|move: Protect\n|\n|-damage|p2a: Arcanine|0 fnt|[from] psn\n|faint|p2a: Arcanine\n|-damage|p2b: Iron Hands|79\/100 tox|[from] psn\n|-damage|p1a: Glimmora|89\/100 brn|[from] brn\n|upkeep\n|\n|t:|1681909394\n|switch|p2a: Amoonguss|Amoonguss, L50, F|100\/100\n|turn|4\n|\n|t:|1681909407\n|-terastallize|p1a: Glimmora|Grass\n|move|p1b: Flutter Mane|Substitute|p1b: Flutter Mane\n|-start|p1b: Flutter Mane|Substitute\n|-damage|p1b: Flutter Mane|76\/100\n|move|p1a: Glimmora|Power Gem|p2b: Iron Hands\n|-supereffective|p2b: Iron Hands\n|-damage|p2b: Iron Hands|37\/100 tox\n|move|p2b: Iron Hands|Wild Charge|p1b: Flutter Mane\n|-end|p1b: Flutter Mane|Substitute\n|-damage|p2b: Iron Hands|33\/100 tox|[from] Recoil|[of] p1b: Flutter Mane\n|move|p2a: Amoonguss|Pollen Puff|p2b: Iron Hands\n|-heal|p2b: Iron Hands|83\/100 tox\n|\n|-damage|p2b: Iron Hands|71\/100 tox|[from] psn\n|-damage|p1a: Glimmora|83\/100 brn|[from] brn\n|upkeep\n|turn|5\n|\n|t:|1681909426\n|move|p2a: Amoonguss|Rage Powder|p2a: Amoonguss\n|-singleturn|p2a: Amoonguss|move: Rage Powder\n|move|p1b: Flutter Mane|Hex|p2a: Amoonguss\n|-damage|p2a: Amoonguss|70\/100\n|move|p1a: Glimmora|Power Gem|p2b: Iron Hands\n|-supereffective|p2b: Iron Hands\n|-damage|p2b: Iron Hands|25\/100 tox\n|move|p2b: Iron Hands|Drain Punch|p1a: Glimmora\n|-damage|p1a: Glimmora|1\/100 brn\n|-heal|p2b: Iron Hands|51\/100 tox|[from] drain|[of] p1a: Glimmora\n|-activate|p1a: Glimmora|ability: Toxic Debris\n|-sidestart|p2: nik993|move: Toxic Spikes\n|\n|-damage|p2b: Iron Hands|33\/100 tox|[from] psn\n|-damage|p1a: Glimmora|0 fnt|[from] brn\n|faint|p1a: Glimmora\n|upkeep\n|\n|t:|1681909430\n|switch|p1a: Chi-Yu|Chi-Yu, L50|100\/100\n|-ability|p1a: Chi-Yu|Beads of Ruin\n|turn|6\n|\n|t:|1681909445\n|move|p1b: Flutter Mane|Protect|p1b: Flutter Mane\n|-singleturn|p1b: Flutter Mane|Protect\n|move|p1a: Chi-Yu|Protect|p1a: Chi-Yu\n|-singleturn|p1a: Chi-Yu|Protect\n|move|p2a: Amoonguss|Rage Powder|p2a: Amoonguss\n|-singleturn|p2a: Amoonguss|move: Rage Powder\n|move|p2b: Iron Hands|Drain Punch|p1a: Chi-Yu\n|-activate|p1a: Chi-Yu|move: Protect\n|\n|-damage|p2b: Iron Hands|9\/100 tox|[from] psn\n|upkeep\n|turn|7\n|\n|t:|1681909466\n|move|p1b: Flutter Mane|Substitute|p1b: Flutter Mane\n|-start|p1b: Flutter Mane|Substitute\n|-damage|p1b: Flutter Mane|51\/100\n|move|p1a: Chi-Yu|Flamethrower|p2b: Iron Hands\n|-resisted|p2b: Iron Hands\n|-damage|p2b: Iron Hands|0 fnt\n|faint|p2b: Iron Hands\n|-end|p2b: Iron Hands|Quark Drive|[silent]\n|move|p2a: Amoonguss|Spore|p1a: Chi-Yu\n|-status|p1a: Chi-Yu|slp|[from] move: Spore\n|\n|upkeep\n|\n|t:|1681909471\n|switch|p2b: Palafin|Palafin-Hero, L50, M|100\/100\n|-status|p2b: Palafin|psn\n|-activate|p2b: Palafin|ability: Zero to Hero\n|turn|8\n|\n|t:|1681909482\n|cant|p1a: Chi-Yu|slp\n|move|p2a: Amoonguss|Rage Powder|p2a: Amoonguss\n|-singleturn|p2a: Amoonguss|move: Rage Powder\n|move|p2b: Palafin|Jet Punch|p1a: Chi-Yu\n|-supereffective|p1a: Chi-Yu\n|-damage|p1a: Chi-Yu|0 fnt\n|faint|p1a: Chi-Yu\n|move|p1b: Flutter Mane|Hex|p2a: Amoonguss\n|-damage|p2a: Amoonguss|41\/100\n|\n|-damage|p2b: Palafin|88\/100 psn|[from] psn\n|upkeep\n|turn|9\n|\n|t:|1681909496\n|move|p1b: Flutter Mane|Protect|p1b: Flutter Mane\n|-singleturn|p1b: Flutter Mane|Protect\n|move|p2a: Amoonguss|Rage Powder|p2a: Amoonguss\n|-singleturn|p2a: Amoonguss|move: Rage Powder\n|move|p2b: Palafin|Jet Punch|p1b: Flutter Mane\n|-activate|p1b: Flutter Mane|move: Protect\n|\n|-damage|p2b: Palafin|76\/100 psn|[from] psn\n|upkeep\n|turn|10\n|\n|t:|1681909508\n|move|p2a: Amoonguss|Rage Powder|p2a: Amoonguss\n|-singleturn|p2a: Amoonguss|move: Rage Powder\n|move|p2b: Palafin|Jet Punch|p1b: Flutter Mane\n|-end|p1b: Flutter Mane|Substitute\n|move|p1b: Flutter Mane|Substitute|p1b: Flutter Mane\n|-start|p1b: Flutter Mane|Substitute\n|-damage|p1b: Flutter Mane|26\/100\n|\n|-damage|p2b: Palafin|64\/100 psn|[from] psn\n|upkeep\n|turn|11\n|\n|t:|1681909523\n|move|p2b: Palafin|Jet Punch|p1b: Flutter Mane\n|-end|p1b: Flutter Mane|Substitute\n|move|p1b: Flutter Mane|Hex|p2b: Palafin\n|-damage|p2b: Palafin|1\/100 psn\n|move|p2a: Amoonguss|Pollen Puff|p2b: Palafin\n|-heal|p2b: Palafin|51\/100 psn\n|\n|-damage|p2b: Palafin|39\/100 psn|[from] psn\n|upkeep\n|turn|12\n|\n|t:|1681909537\n|move|p2b: Palafin|Jet Punch|p1b: Flutter Mane\n|-damage|p1b: Flutter Mane|0 fnt\n|faint|p1b: Flutter Mane\n|-end|p1b: Flutter Mane|Protosynthesis|[silent]\n|\n|win|nik993\n|raw|Linck129's rating: 1341 → 1327<\/strong> (-14 for losing)\n|raw|nik993's rating: 1440 → 1454<\/strong> (+14 for winning)\n|l|\u2606Linck129\n","uploadtime":1681909543,"views":6,"p1id":"linck129","p2id":"nik993","formatid":"gen9vgc2023regulationc","rating":1327,"private":0,"password":""}