{"id":"gen9vgc2023regulationc-1847774115","p1":"amber&honey","p2":"KaitoYuki","format":"[Gen 9] VGC 2023 Regulation C","log":"|j|\u2606amber&honey\n|j|\u2606KaitoYuki\n|t:|1682000834\n|gametype|doubles\n|player|p1|amber&honey|grimsley|1000\n|player|p2|KaitoYuki|iris-gen5bw2|1004\n|teamsize|p1|6\n|teamsize|p2|6\n|gen|9\n|tier|[Gen 9] VGC 2023 Regulation C\n|rated|\n|rule|Species Clause: Limit one of each Pok\u00e9mon\n|rule|Item Clause: Limit one of each item\n|clearpoke\n|poke|p1|Palafin, L50, M|\n|poke|p1|Raichu, L50, M|\n|poke|p1|Iron Jugulis, L50|\n|poke|p1|Pelipper, L50, M|\n|poke|p1|Barraskewda, L50, M|\n|poke|p1|Chien-Pao, L50|\n|poke|p2|Meowscarada, L50, M|\n|poke|p2|Annihilape, L50, M|\n|poke|p2|Garchomp, L50, M|\n|poke|p2|Kingambit, L50, M|\n|poke|p2|Tinkaton, L50, F|\n|poke|p2|Rotom-Wash, L50|\n|teampreview|4\namber&honey has agreed to open team sheets.\nKaitoYuki has agreed to open team sheets.\n|\n|t:|1682000900\n|start\n|switch|p1a: Raichu|Raichu, L50, M, shiny|100\/100\n|switch|p1b: Chien-Pao|Chien-Pao, L50|100\/100\n|switch|p2a: Garchomp|Garchomp, L50, M|100\/100\n|switch|p2b: Tinkaton|Tinkaton, L50, F|100\/100\n|-ability|p1b: Chien-Pao|Sword of Ruin\n|-ability|p2b: Tinkaton|Mold Breaker\n|turn|1\n|\n|t:|1682000944\n|switch|p1b: Palafin|Palafin, L50, M, shiny|100\/100\n|move|p1a: Raichu|Fake Out|p2a: Garchomp\n|-damage|p2a: Garchomp|91\/100\n|-damage|p1a: Raichu|88\/100|[from] ability: Rough Skin|[of] p2a: Garchomp\n|-damage|p1a: Raichu|72\/100|[from] item: Rocky Helmet|[of] p2a: Garchomp\n|cant|p2a: Garchomp|flinch\n|move|p2b: Tinkaton|Gigaton Hammer|p1b: Palafin\n|-resisted|p1b: Palafin\n|-damage|p1b: Palafin|64\/100\n|\n|upkeep\n|turn|2\n|\n|t:|1682000996\n|switch|p1a: Pelipper|Pelipper, L50, M|100\/100\n|-weather|RainDance|[from] ability: Drizzle|[of] p1a: Pelipper\n|detailschange|p1b: Palafin|Palafin-Hero, L50, M, shiny\n|switch|p1b: Chien-Pao|Chien-Pao, L50|100\/100\n|-ability|p1b: Chien-Pao|Sword of Ruin\n|move|p2b: Tinkaton|Fake Out||[still]\n|-hint|Fake Out only works on your first turn out.\n|-fail|p2b: Tinkaton\n|move|p2a: Garchomp|Earthquake|p1b: Chien-Pao|[spread] p2b,p1b\n|-immune|p1a: Pelipper\n|-supereffective|p2b: Tinkaton\n|-damage|p2b: Tinkaton|0 fnt\n|-damage|p1b: Chien-Pao|56\/100\n|faint|p2b: Tinkaton\n|\n|-weather|RainDance|[upkeep]\n|upkeep\n|\n|t:|1682001013\n|switch|p2b: Annihilape|Annihilape, L50, M|100\/100\n|turn|3\n|inactive|Battle timer is ON: inactive players will automatically lose when time's up. (requested by KaitoYuki)\n|\n|t:|1682001064\n|move|p1b: Chien-Pao|Protect|p1b: Chien-Pao\n|-singleturn|p1b: Chien-Pao|Protect\n|move|p2b: Annihilape|Final Gambit|p1b: Chien-Pao\n|-activate|p1b: Chien-Pao|move: Protect\n|move|p2a: Garchomp|Rock Slide|p1a: Pelipper|[spread] p1a\n|-activate|p1b: Chien-Pao|move: Protect\n|-supereffective|p1a: Pelipper\n|-damage|p1a: Pelipper|43\/100\n|-enditem|p1a: Pelipper|Red Card|[of] p2a: Garchomp\n|drag|p2a: Meowscarada|Meowscarada, L50, M|100\/100\n|move|p1a: Pelipper|Surf|p2a: Meowscarada|[spread] p2a,p2b\n|-activate|p1b: Chien-Pao|move: Protect\n|-resisted|p2a: Meowscarada\n|-damage|p2a: Meowscarada|64\/100\n|-damage|p2b: Annihilape|56\/100\n|\n|-weather|RainDance|[upkeep]\n|upkeep\n|turn|4\n|\n|t:|1682001086\n|move|p2a: Meowscarada|Protect|p2a: Meowscarada\n|-singleturn|p2a: Meowscarada|Protect\n|move|p1b: Chien-Pao|Ice Shard|p2a: Meowscarada\n|-activate|p2a: Meowscarada|move: Protect\n|move|p2b: Annihilape|Final Gambit|p1b: Chien-Pao\n|-damage|p1b: Chien-Pao|0 fnt\n|faint|p2b: Annihilape\n|faint|p1b: Chien-Pao\n|move|p1a: Pelipper|Icy Wind|p2a: Meowscarada\n|-activate|p2a: Meowscarada|move: Protect\n|\n|-weather|RainDance|[upkeep]\n|upkeep\n|\n|t:|1682001101\n|switch|p2b: Garchomp|Garchomp, L50, M|91\/100\n|switch|p1b: Raichu|Raichu, L50, M, shiny|72\/100\n|turn|5\n|\n|t:|1682001115\n|-terastallize|p1a: Pelipper|Ice\n|move|p1b: Raichu|Fake Out|p2b: Garchomp\n|-damage|p2b: Garchomp|83\/100\n|-damage|p1b: Raichu|59\/100|[from] ability: Rough Skin|[of] p2b: Garchomp\n|-damage|p1b: Raichu|43\/100|[from] item: Rocky Helmet|[of] p2b: Garchomp\n|move|p2a: Meowscarada|Flower Trick|p1a: Pelipper\n|-crit|p1a: Pelipper\n|-damage|p1a: Pelipper|0 fnt\n|faint|p1a: Pelipper\n|cant|p2b: Garchomp|flinch\n|\n|-weather|RainDance|[upkeep]\n|upkeep\n|\n|t:|1682001126\n|switch|p1a: Palafin|Palafin-Hero, L50, M, shiny|64\/100\n|-activate|p1a: Palafin|ability: Zero to Hero\n|turn|6\n|inactive|amber&honey has 30 seconds left.\n|inactive|amber&honey has 20 seconds left.\n|inactive|amber&honey has 15 seconds left.\n|inactive|amber&honey has 10 seconds left.\n|\n|t:|1682001172\n|move|p1a: Palafin|Protect|p1a: Palafin\n|-singleturn|p1a: Palafin|Protect\n|move|p2a: Meowscarada|Flower Trick|p1a: Palafin\n|-activate|p1a: Palafin|move: Protect\n|move|p1b: Raichu|Nuzzle|p2a: Meowscarada\n|-resisted|p2a: Meowscarada\n|-crit|p2a: Meowscarada\n|-damage|p2a: Meowscarada|56\/100\n|-status|p2a: Meowscarada|par\n|move|p2b: Garchomp|Earthquake|p1a: Palafin|[spread] p2a,p1b\n|-activate|p1a: Palafin|move: Protect\n|-resisted|p2a: Meowscarada\n|-supereffective|p1b: Raichu\n|-damage|p2a: Meowscarada|25\/100 par\n|-damage|p1b: Raichu|0 fnt\n|faint|p1b: Raichu\n|\n|-weather|none\n|upkeep\n|turn|7\n|inactive|amber&honey has 30 seconds left.\n|inactive|amber&honey has 20 seconds left.\n|inactive|amber&honey has 15 seconds left.\n|\n|t:|1682001215\n|move|p2b: Garchomp|Dragon Claw|p1a: Palafin\n|-damage|p1a: Palafin|25\/100\n|move|p1a: Palafin|Drain Punch|p2a: Meowscarada\n|-supereffective|p2a: Meowscarada\n|-damage|p2a: Meowscarada|0 fnt\n|-heal|p1a: Palafin|34\/100|[from] drain|[of] p2a: Meowscarada\n|faint|p2a: Meowscarada\n|\n|upkeep\n|turn|8\n|\n|t:|1682001228\n|move|p1a: Palafin|Protect|p1a: Palafin\n|-singleturn|p1a: Palafin|Protect\n|move|p2b: Garchomp|Dragon Claw|p1a: Palafin\n|-activate|p1a: Palafin|move: Protect\n|\n|upkeep\n|turn|9\n|inactive|amber&honey has 30 seconds left.\n|\n|t:|1682001256\n|move|p2b: Garchomp|Dragon Claw|p1a: Palafin\n|-damage|p1a: Palafin|0 fnt\n|faint|p1a: Palafin\n|\n|win|KaitoYuki\n|raw|amber&honey's rating: 1000 → 1000<\/strong> (+0 for losing)\n|raw|KaitoYuki's rating: 1004 → 1043<\/strong> (+39 for winning)\n|l|\u2606amber&honey\n|c|\u2606KaitoYuki|gg\n","uploadtime":1682001268,"views":7,"p1id":"amberhoney","p2id":"kaitoyuki","formatid":"gen9vgc2023regulationc","rating":1000,"private":0,"password":""}