{"id":"gen9vgc2023regulationc-1851267899","p1":"Nijiatw","p2":"Heigannfkc","format":"[Gen 9] VGC 2023 Regulation C","log":"|j|\u2606Nijiatw\n|j|\u2606Heigannfkc\n|t:|1682431131\n|gametype|doubles\n|player|p1|Nijiatw|fisherman-gen4|1145\n|player|p2|Heigannfkc|2|1100\n|teamsize|p1|6\n|teamsize|p2|6\n|gen|9\n|tier|[Gen 9] VGC 2023 Regulation C\n|rated|\n|rule|Species Clause: Limit one of each Pok\u00e9mon\n|rule|Item Clause: Limit one of each item\n|clearpoke\n|poke|p1|Iron Hands, L50|\n|poke|p1|Amoonguss, L50, F|\n|poke|p1|Pelipper, L50, F|\n|poke|p1|Palafin, L50, F|\n|poke|p1|Baxcalibur, L50, F|\n|poke|p1|Flutter Mane, L50|\n|poke|p2|Wo-Chien, L50|\n|poke|p2|Arcanine, L50, M|\n|poke|p2|Flutter Mane, L50|\n|poke|p2|Ceruledge, L50, M|\n|poke|p2|Grimmsnarl, L50, M|\n|poke|p2|Toxapex, L50, M|\n|teampreview|4\n|inactive|Battle timer is ON: inactive players will automatically lose when time's up. (requested by Heigannfkc)\n|\n|t:|1682431161\n|start\n|switch|p1a: Baxcalibur|Baxcalibur, L50, F|100\/100\n|switch|p1b: Palafin|Palafin, L50, F|100\/100\n|switch|p2a: Toxapex|Toxapex, L50, M|100\/100\n|switch|p2b: Grimmsnarl|Grimmsnarl, L50, M|100\/100\n|turn|1\n|\n|t:|1682431181\n|detailschange|p1b: Palafin|Palafin-Hero, L50, F\n|switch|p1b: Pelipper|Pelipper, L50, F|100\/100\n|-weather|RainDance|[from] ability: Drizzle|[of] p1b: Pelipper\n|move|p2b: Grimmsnarl|Reflect|p2b: Grimmsnarl\n|-sidestart|p2: Heigannfkc|Reflect\n|move|p1a: Baxcalibur|Icicle Crash|p2b: Grimmsnarl\n|-damage|p2b: Grimmsnarl|62\/100\n|move|p2a: Toxapex|Toxic|p1a: Baxcalibur\n|-status|p1a: Baxcalibur|tox\n|\n|-weather|RainDance|[upkeep]\n|-damage|p1a: Baxcalibur|95\/100 tox|[from] psn\n|upkeep\n|turn|2\n|\n|t:|1682431204\n|move|p2b: Grimmsnarl|Light Screen|p2b: Grimmsnarl\n|-sidestart|p2: Heigannfkc|move: Light Screen\n|move|p1b: Pelipper|Tailwind|p1b: Pelipper\n|-sidestart|p1: Nijiatw|move: Tailwind\n|move|p1a: Baxcalibur|Glaive Rush|p2a: Toxapex\n|-damage|p2a: Toxapex|57\/100\n|-singlemove|p1a: Baxcalibur|Glaive Rush|[silent]\n|move|p2a: Toxapex|Toxic|p1b: Pelipper\n|-status|p1b: Pelipper|tox\n|\n|-weather|RainDance|[upkeep]\n|-heal|p2a: Toxapex|62\/100|[from] item: Black Sludge\n|-damage|p1b: Pelipper|95\/100 tox|[from] psn\n|-damage|p1a: Baxcalibur|83\/100 tox|[from] psn\n|upkeep\n|turn|3\n|inactive|Heigannfkc has 30 seconds left.\n|\n|t:|1682431230\n|switch|p1a: Palafin|Palafin-Hero, L50, F|100\/100\n|-activate|p1a: Palafin|ability: Zero to Hero\n|move|p2b: Grimmsnarl|Taunt|p1b: Pelipper\n|-start|p1b: Pelipper|move: Taunt\n|move|p1b: Pelipper|Hurricane|p2a: Toxapex\n|-damage|p2a: Toxapex|37\/100\n|move|p2a: Toxapex|Recover|p2a: Toxapex\n|-heal|p2a: Toxapex|87\/100\n|\n|-weather|RainDance|[upkeep]\n|-heal|p2a: Toxapex|93\/100|[from] item: Black Sludge\n|-damage|p1b: Pelipper|83\/100 tox|[from] psn\n|upkeep\n|turn|4\n|inactive|Nijiatw has 30 seconds left.\n|\n|t:|1682431255\n|switch|p2b: Wo-Chien|Wo-Chien, L50|100\/100\n|-ability|p2b: Wo-Chien|Tablets of Ruin\n|move|p1a: Palafin|Wave Crash|p2b: Wo-Chien\n|-resisted|p2b: Wo-Chien\n|-damage|p2b: Wo-Chien|70\/100\n|-damage|p1a: Palafin|91\/100|[from] Recoil\n|move|p1b: Pelipper|Hurricane|p2b: Wo-Chien\n|-supereffective|p2b: Wo-Chien\n|-damage|p2b: Wo-Chien|28\/100\n|move|p2a: Toxapex|Toxic|p1a: Palafin\n|-status|p1a: Palafin|tox\n|\n|-weather|RainDance|[upkeep]\n|-heal|p2b: Wo-Chien|34\/100|[from] item: Leftovers\n|-heal|p2a: Toxapex|99\/100|[from] item: Black Sludge\n|-damage|p1a: Palafin|86\/100 tox|[from] psn\n|-damage|p1b: Pelipper|65\/100 tox|[from] psn\n|upkeep\n|turn|5\n|inactive|Nijiatw has 30 seconds left.\n|\n|t:|1682431290\n|switch|p1a: Baxcalibur|Baxcalibur, L50, F|83\/100 tox\n|move|p2b: Wo-Chien|Protect|p2b: Wo-Chien\n|-singleturn|p2b: Wo-Chien|Protect\n|move|p1b: Pelipper|Hurricane|p2b: Wo-Chien\n|-activate|p2b: Wo-Chien|move: Protect\n|move|p2a: Toxapex|Surf|p1b: Pelipper|[spread] p1a,p1b\n|-activate|p2b: Wo-Chien|move: Protect\n|-resisted|p1a: Baxcalibur\n|-resisted|p1b: Pelipper\n|-damage|p1a: Baxcalibur|72\/100 tox\n|-damage|p1b: Pelipper|45\/100 tox\n|\n|-weather|none\n|-heal|p2b: Wo-Chien|40\/100|[from] item: Leftovers\n|-heal|p2a: Toxapex|100\/100|[from] item: Black Sludge\n|-damage|p1b: Pelipper|22\/100 tox|[from] psn\n|-damage|p1a: Baxcalibur|66\/100 tox|[from] psn\n|-end|p1b: Pelipper|move: Taunt\n|-sideend|p1: Nijiatw|move: Tailwind\n|upkeep\n|turn|6\n|\n|t:|1682431313\n|switch|p1b: Iron Hands|Iron Hands, L50, shiny|100\/100\n|switch|p2b: Grimmsnarl|Grimmsnarl, L50, M|62\/100\n|move|p2a: Toxapex|Baneful Bunker|p2a: Toxapex\n|-singleturn|p2a: Toxapex|move: Protect\n|move|p1a: Baxcalibur|Icicle Crash|p2b: Grimmsnarl\n|-damage|p2b: Grimmsnarl|24\/100\n|\n|-damage|p1a: Baxcalibur|54\/100 tox|[from] psn\n|upkeep\n|turn|7\n|\n|t:|1682431335\n|move|p2b: Grimmsnarl|Taunt|p1b: Iron Hands\n|-start|p1b: Iron Hands|move: Taunt\n|move|p1a: Baxcalibur|Icicle Crash|p2b: Grimmsnarl\n|-damage|p2b: Grimmsnarl|0 fnt\n|faint|p2b: Grimmsnarl\n|move|p1b: Iron Hands|Wild Charge|p2a: Toxapex\n|-supereffective|p2a: Toxapex\n|-damage|p2a: Toxapex|57\/100\n|-damage|p1b: Iron Hands|94\/100|[from] Recoil\n|move|p2a: Toxapex|Toxic|p1b: Iron Hands\n|-status|p1b: Iron Hands|tox\n|\n|-heal|p2a: Toxapex|62\/100|[from] item: Black Sludge\n|-damage|p1a: Baxcalibur|36\/100 tox|[from] psn\n|-damage|p1b: Iron Hands|87\/100 tox|[from] psn\n|upkeep\n|\n|t:|1682431355\n|switch|p2b: Wo-Chien|Wo-Chien, L50|40\/100\n|-ability|p2b: Wo-Chien|Tablets of Ruin\n|turn|8\n|\n|t:|1682431374\n|-terastallize|p1b: Iron Hands|Grass\n|move|p2b: Wo-Chien|Protect|p2b: Wo-Chien\n|-singleturn|p2b: Wo-Chien|Protect\n|move|p1b: Iron Hands|Fake Out||[still]\n|-hint|Fake Out only works on your first turn out.\n|-fail|p1b: Iron Hands\n|move|p1a: Baxcalibur|Icicle Crash|p2b: Wo-Chien\n|-activate|p2b: Wo-Chien|move: Protect\n|move|p2a: Toxapex|Recover|p2a: Toxapex\n|-heal|p2a: Toxapex|100\/100\n|\n|-heal|p2b: Wo-Chien|46\/100|[from] item: Leftovers\n|-damage|p1a: Baxcalibur|12\/100 tox|[from] psn\n|-damage|p1b: Iron Hands|75\/100 tox|[from] psn\n|-sideend|p2: Heigannfkc|Reflect\n|upkeep\n|turn|9\n|inactive|Heigannfkc has 30 seconds left.\n|\n|t:|1682431406\n|-terastallize|p2b: Wo-Chien|Poison\n|move|p2a: Toxapex|Baneful Bunker|p2a: Toxapex\n|-singleturn|p2a: Toxapex|move: Protect\n|move|p1a: Baxcalibur|Icicle Crash|p2b: Wo-Chien\n|-damage|p2b: Wo-Chien|10\/100\n|move|p2b: Wo-Chien|Leech Seed|p1b: Iron Hands\n|-immune|p1b: Iron Hands\n|move|p1b: Iron Hands|Close Combat|p2b: Wo-Chien\n|-resisted|p2b: Wo-Chien\n|-damage|p2b: Wo-Chien|0 fnt\n|-unboost|p1b: Iron Hands|def|1\n|-unboost|p1b: Iron Hands|spd|1\n|faint|p2b: Wo-Chien\n|\n|-damage|p1a: Baxcalibur|0 fnt|[from] psn\n|faint|p1a: Baxcalibur\n|-damage|p1b: Iron Hands|57\/100 tox|[from] psn\n|-end|p1b: Iron Hands|move: Taunt\n|-sideend|p2: Heigannfkc|move: Light Screen\n|upkeep\n|\n|t:|1682431429\n|switch|p1a: Pelipper|Pelipper, L50, F|22\/100 tox\n|switch|p2b: Ceruledge|Ceruledge, L50, M|100\/100\n|-weather|RainDance|[from] ability: Drizzle|[of] p1a: Pelipper\n|turn|10\n|inactive|Nijiatw has 30 seconds left.\n|\n|t:|1682431455\n|move|p2b: Ceruledge|Shadow Sneak|p1a: Pelipper\n|-damage|p1a: Pelipper|0 fnt\n|faint|p1a: Pelipper\n|move|p1b: Iron Hands|Wild Charge|p2a: Toxapex\n|-supereffective|p2a: Toxapex\n|-damage|p2a: Toxapex|27\/100\n|-damage|p1b: Iron Hands|45\/100 tox|[from] Recoil\n|move|p2a: Toxapex|Recover|p2a: Toxapex\n|-heal|p2a: Toxapex|77\/100\n|\n|-weather|RainDance|[upkeep]\n|-heal|p2a: Toxapex|83\/100|[from] item: Black Sludge\n|-damage|p1b: Iron Hands|20\/100 tox|[from] psn\n|upkeep\n|\n|t:|1682431466\n|switch|p1a: Palafin|Palafin-Hero, L50, F|86\/100 tox\n|turn|11\n|\n|t:|1682431485\n|move|p2a: Toxapex|Baneful Bunker|p2a: Toxapex\n|-singleturn|p2a: Toxapex|move: Protect\n|move|p2b: Ceruledge|Shadow Sneak|p1b: Iron Hands\n|-damage|p1b: Iron Hands|0 fnt\n|faint|p1b: Iron Hands\n|-end|p1b: Iron Hands|Quark Drive|[silent]\n|move|p1a: Palafin|Wave Crash|p2b: Ceruledge\n|-supereffective|p2b: Ceruledge\n|-damage|p2b: Ceruledge|0 fnt\n|faint|p2b: Ceruledge\n|-damage|p1a: Palafin|57\/100 tox|[from] Recoil\n|\n|-weather|RainDance|[upkeep]\n|-heal|p2a: Toxapex|88\/100|[from] item: Black Sludge\n|-damage|p1a: Palafin|51\/100 tox|[from] psn\n|upkeep\n|turn|12\n|\n|t:|1682431502\n|move|p1a: Palafin|Wave Crash|p2a: Toxapex\n|-resisted|p2a: Toxapex\n|-damage|p2a: Toxapex|39\/100\n|-damage|p1a: Palafin|38\/100 tox|[from] Recoil\n|move|p2a: Toxapex|Recover|p2a: Toxapex\n|-heal|p2a: Toxapex|89\/100\n|\n|-weather|RainDance|[upkeep]\n|-heal|p2a: Toxapex|95\/100|[from] item: Black Sludge\n|-damage|p1a: Palafin|27\/100 tox|[from] psn\n|upkeep\n|turn|13\n|\n|t:|1682431513\n|move|p2a: Toxapex|Baneful Bunker|p2a: Toxapex\n|-singleturn|p2a: Toxapex|move: Protect\n|move|p1a: Palafin|Wave Crash|p2a: Toxapex\n|-activate|p2a: Toxapex|move: Protect\n|\n|-weather|RainDance|[upkeep]\n|-heal|p2a: Toxapex|100\/100|[from] item: Black Sludge\n|-damage|p1a: Palafin|9\/100 tox|[from] psn\n|upkeep\n|turn|14\n|\n|t:|1682431525\n|move|p1a: Palafin|Wave Crash|p2a: Toxapex\n|-resisted|p2a: Toxapex\n|-damage|p2a: Toxapex|43\/100\n|-damage|p1a: Palafin|0 fnt|[from] Recoil\n|faint|p1a: Palafin\n|\n|win|Heigannfkc\n|raw|Nijiatw's rating: 1145 → 1117<\/strong> (-28 for losing)\n|raw|Heigannfkc's rating: 1100 → 1128<\/strong> (+28 for winning)\n|l|\u2606Heigannfkc\n","uploadtime":1682431537,"views":13,"p1id":"nijiatw","p2id":"heigannfkc","formatid":"gen9vgc2023regulationc","rating":1117,"private":0,"password":""}