{"id":"gen9vgc2023regulationc-1852861444","p1":"bgcfranky","p2":"Lironss","format":"[Gen 9] VGC 2023 Regulation C","log":"|j|\u2606bgcfranky\n|j|\u2606Lironss\n|t:|1682612460\n|gametype|doubles\n|player|p1|bgcfranky|rocketgrunt|1111\n|player|p2|Lironss|veteran-gen4|1135\n|teamsize|p1|6\n|teamsize|p2|6\n|gen|9\n|tier|[Gen 9] VGC 2023 Regulation C\n|rated|\n|rule|Species Clause: Limit one of each Pok\u00e9mon\n|rule|Item Clause: Limit one of each item\n|clearpoke\n|poke|p1|Volcarona, L50, M|\n|poke|p1|Wo-Chien, L50|\n|poke|p1|Grimmsnarl, L50, M|\n|poke|p1|Iron Hands, L50|\n|poke|p1|Slowking, L50, F|\n|poke|p1|Salamence, L50, F|\n|poke|p2|Ceruledge, L50, M|\n|poke|p2|Chien-Pao, L50|\n|poke|p2|Azumarill, L50, M|\n|poke|p2|Grimmsnarl, L50, M|\n|poke|p2|Sandy Shocks, L50|\n|poke|p2|Gholdengo, L50|\n|teampreview|4\n|\n|t:|1682612532\n|start\n|switch|p1a: Volcarona|Volcarona, L50, M|100\/100\n|switch|p1b: Iron Hands|Iron Hands, L50|100\/100\n|switch|p2a: Azumarill|Azumarill, L50, M|100\/100\n|switch|p2b: Grimmsnarl|Grimmsnarl, L50, M|100\/100\n|turn|1\n|\n|t:|1682612565\n|switch|p2a: Sandy Shocks|Sandy Shocks, L50|100\/100\n|-enditem|p2a: Sandy Shocks|Booster Energy\n|-activate|p2a: Sandy Shocks|ability: Protosynthesis|[fromitem]\n|-start|p2a: Sandy Shocks|protosynthesisspa\n|-terastallize|p1a: Volcarona|Fairy\n|move|p1b: Iron Hands|Fake Out|p2a: Sandy Shocks\n|-damage|p2a: Sandy Shocks|85\/100\n|move|p2b: Grimmsnarl|Reflect|p2b: Grimmsnarl\n|-sidestart|p2: Lironss|Reflect\n|move|p1a: Volcarona|Quiver Dance|p1a: Volcarona\n|-boost|p1a: Volcarona|spa|1\n|-boost|p1a: Volcarona|spd|1\n|-boost|p1a: Volcarona|spe|1\n|\n|upkeep\n|turn|2\n|\n|t:|1682612598\n|-end|p1b: Iron Hands|Quark Drive|[silent]\n|switch|p1b: Salamence|Salamence, L50, F, shiny|100\/100\n|-ability|p1b: Salamence|Intimidate|boost\n|-unboost|p2a: Sandy Shocks|atk|1\n|-unboost|p2b: Grimmsnarl|atk|1\n|move|p2b: Grimmsnarl|Light Screen|p2b: Grimmsnarl\n|-sidestart|p2: Lironss|move: Light Screen\n|move|p1a: Volcarona|Tera Blast|p2b: Grimmsnarl\n|-supereffective|p2b: Grimmsnarl\n|-damage|p2b: Grimmsnarl|25\/100\n|move|p2a: Sandy Shocks|Earth Power|p1b: Salamence\n|-immune|p1b: Salamence\n|\n|upkeep\n|turn|3\n|\n|t:|1682612625\n|switch|p1b: Iron Hands|Iron Hands, L50|100\/100\n|move|p2b: Grimmsnarl|Parting Shot|p1b: Iron Hands\n|-unboost|p1b: Iron Hands|atk|1\n|-unboost|p1b: Iron Hands|spa|1\n|\n|t:|1682612634\n|switch|p2b: Gholdengo|Gholdengo, L50|100\/100|[from] Parting Shot\n|move|p1a: Volcarona|Quiver Dance|p1a: Volcarona\n|-boost|p1a: Volcarona|spa|1\n|-boost|p1a: Volcarona|spd|1\n|-boost|p1a: Volcarona|spe|1\n|move|p2a: Sandy Shocks|Thunderbolt|p1b: Iron Hands\n|-resisted|p1b: Iron Hands\n|-damage|p1b: Iron Hands|80\/100\n|\n|upkeep\n|turn|4\n|\n|t:|1682612659\n|-terastallize|p2b: Gholdengo|Water\n|move|p2a: Sandy Shocks|Protect|p2a: Sandy Shocks\n|-singleturn|p2a: Sandy Shocks|Protect\n|move|p1b: Iron Hands|Fake Out|p2a: Sandy Shocks\n|-activate|p2a: Sandy Shocks|move: Protect\n|move|p1a: Volcarona|Fiery Dance|p2b: Gholdengo\n|-resisted|p2b: Gholdengo\n|-damage|p2b: Gholdengo|76\/100\n|-boost|p1a: Volcarona|spa|1\n|move|p2b: Gholdengo|Nasty Plot|p2b: Gholdengo\n|-boost|p2b: Gholdengo|spa|2\n|\n|-heal|p2b: Gholdengo|82\/100|[from] item: Leftovers\n|upkeep\n|turn|5\n|\n|t:|1682612694\n|move|p2b: Gholdengo|Protect|p2b: Gholdengo\n|-singleturn|p2b: Gholdengo|Protect\n|move|p1a: Volcarona|Tera Blast|p2b: Gholdengo\n|-activate|p2b: Gholdengo|move: Protect\n|move|p2a: Sandy Shocks|Earth Power|p1b: Iron Hands\n|-supereffective|p1b: Iron Hands\n|-damage|p1b: Iron Hands|0 fnt\n|faint|p1b: Iron Hands\n|-end|p1b: Iron Hands|Quark Drive|[silent]\n|\n|-heal|p2b: Gholdengo|88\/100|[from] item: Leftovers\n|upkeep\n|\n|t:|1682612709\n|switch|p1b: Slowking|Slowking, L50, F|100\/100\n|turn|6\n|\n|t:|1682612724\n|move|p1a: Volcarona|Protect|p1a: Volcarona\n|-singleturn|p1a: Volcarona|Protect\n|move|p1b: Slowking|Protect|p1b: Slowking\n|-singleturn|p1b: Slowking|Protect\n|move|p2a: Sandy Shocks|Volt Switch|p1b: Slowking\n|-activate|p1b: Slowking|move: Protect\n|move|p2b: Gholdengo|Make It Rain|p1b: Slowking|[spread] \n|-activate|p1a: Volcarona|move: Protect\n|-activate|p1b: Slowking|move: Protect\n|\n|-heal|p2b: Gholdengo|94\/100|[from] item: Leftovers\n|upkeep\n|turn|7\n|\n|t:|1682612767\n|switch|p1b: Salamence|Salamence, L50, F, shiny|100\/100\n|-ability|p1b: Salamence|Intimidate|boost\n|-unboost|p2a: Sandy Shocks|atk|1\n|-unboost|p2b: Gholdengo|atk|1\n|move|p1a: Volcarona|Tera Blast|p2b: Gholdengo\n|-damage|p2b: Gholdengo|26\/100\n|move|p2a: Sandy Shocks|Volt Switch|p1b: Salamence\n|-damage|p1b: Salamence|51\/100\n|\n|t:|1682612778\n|-end|p2a: Sandy Shocks|Protosynthesis|[silent]\n|switch|p2a: Azumarill|Azumarill, L50, M|100\/100|[from] Volt Switch\n|move|p2b: Gholdengo|Make It Rain|p1b: Salamence|[spread] p1b\n|-miss|p2b: Gholdengo|p1a: Volcarona\n|-damage|p1b: Salamence|0 fnt\n|-unboost|p2b: Gholdengo|spa|1\n|faint|p1b: Salamence\n|\n|-heal|p2b: Gholdengo|33\/100|[from] item: Leftovers\n|upkeep\n|\n|t:|1682612792\n|switch|p1b: Slowking|Slowking, L50, F|100\/100\n|turn|8\n|\n|t:|1682612806\n|move|p2b: Gholdengo|Protect|p2b: Gholdengo\n|-singleturn|p2b: Gholdengo|Protect\n|move|p1a: Volcarona|Tera Blast|p2b: Gholdengo\n|-activate|p2b: Gholdengo|move: Protect\n|move|p2a: Azumarill|Liquidation|p1a: Volcarona\n|-damage|p1a: Volcarona|44\/100\n|move|p1b: Slowking|Heal Pulse|p1a: Volcarona\n|-heal|p1a: Volcarona|94\/100\n|\n|-heal|p2b: Gholdengo|39\/100|[from] item: Leftovers\n|-sideend|p2: Lironss|Reflect\n|upkeep\n|turn|9\n|\n|t:|1682612840\n|switch|p2b: Grimmsnarl|Grimmsnarl, L50, M|25\/100\n|move|p1a: Volcarona|Tera Blast|p2b: Grimmsnarl\n|-supereffective|p2b: Grimmsnarl\n|-damage|p2b: Grimmsnarl|0 fnt\n|faint|p2b: Grimmsnarl\n|move|p2a: Azumarill|Liquidation|p1a: Volcarona\n|-damage|p1a: Volcarona|32\/100\n|move|p1b: Slowking|Heal Pulse|p1a: Volcarona\n|-heal|p1a: Volcarona|82\/100\n|\n|-sideend|p2: Lironss|move: Light Screen\n|upkeep\n|\n|t:|1682612857\n|switch|p2b: Sandy Shocks|Sandy Shocks, L50|85\/100\n|turn|10\n|\n|t:|1682612880\n|move|p1a: Volcarona|Fiery Dance|p2b: Sandy Shocks\n|-damage|p2b: Sandy Shocks|0 fnt\n|faint|p2b: Sandy Shocks\n|-end|p2b: Sandy Shocks|Protosynthesis|[silent]\n|move|p2a: Azumarill|Liquidation|p1a: Volcarona\n|-damage|p1a: Volcarona|25\/100\n|-unboost|p1a: Volcarona|def|1\n|move|p1b: Slowking|Heal Pulse|p1a: Volcarona\n|-heal|p1a: Volcarona|75\/100\n|\n|upkeep\n|\n|t:|1682612892\n|switch|p2b: Gholdengo|Gholdengo, L50, tera:Water|39\/100\n|turn|11\n|\n|t:|1682612903\n|move|p1a: Volcarona|Protect|p1a: Volcarona\n|-singleturn|p1a: Volcarona|Protect\n|move|p2b: Gholdengo|Protect|p2b: Gholdengo\n|-singleturn|p2b: Gholdengo|Protect\n|move|p2a: Azumarill|Liquidation|p1a: Volcarona\n|-activate|p1a: Volcarona|move: Protect\n|move|p1b: Slowking|Hydro Pump|p2b: Gholdengo\n|-activate|p2b: Gholdengo|move: Protect\n|\n|-heal|p2b: Gholdengo|45\/100|[from] item: Leftovers\n|upkeep\n|turn|12\n|\n|t:|1682612949\n|move|p2b: Gholdengo|Protect||[still]\n|-fail|p2b: Gholdengo\n|move|p1a: Volcarona|Tera Blast|p2a: Azumarill\n|-damage|p2a: Azumarill|0 fnt\n|faint|p2a: Azumarill\n|move|p1b: Slowking|Hydro Pump|p2b: Gholdengo\n|-resisted|p2b: Gholdengo\n|-damage|p2b: Gholdengo|21\/100\n|\n|-heal|p2b: Gholdengo|27\/100|[from] item: Leftovers\n|upkeep\n|turn|13\n|-message|Lironss forfeited.\n|\n|win|bgcfranky\n|raw|bgcfranky's rating: 1111 → 1138<\/strong> (+27 for winning)\n|raw|Lironss's rating: 1135 → 1108<\/strong> (-27 for losing)\n","uploadtime":1682612970,"views":10,"p1id":"bgcfranky","p2id":"lironss","formatid":"gen9vgc2023regulationc","rating":1108,"private":0,"password":""}