{"id":"gen9vgc2023regulationc-1856836296","p1":"Osada","p2":"merahmerona","format":"[Gen 9] VGC 2023 Regulation C","log":"|j|\u2606Osada\n|j|\u2606merahmerona\n|t:|1683117712\n|gametype|doubles\n|player|p1|Osada|benga|\n|player|p2|merahmerona|2|\n|teamsize|p1|6\n|teamsize|p2|6\n|gen|9\n|tier|[Gen 9] VGC 2023 Regulation C\n|rule|Tera Type Preview: Tera Types are shown at Team Preview\n|rule|Species Clause: Limit one of each Pok\u00e9mon\n|rule|Item Clause: Limit one of each item\n|clearpoke\n|poke|p1|Annihilape, L50, F|\n|poke|p1|Eelektross, L50, F|\n|poke|p1|Brute Bonnet, L50|\n|poke|p1|Espathra, L50, F|\n|poke|p1|Beartic, L50, F|\n|poke|p1|Sandy Shocks, L50|\n|poke|p2|Gothorita, L50, F|\n|poke|p2|Ting-Lu, L50|\n|poke|p2|Cloyster, L50, M|\n|poke|p2|Tauros-Paldea-Blaze, L50, M|\n|poke|p2|Altaria, L50, F|\n|poke|p2|Kricketune, L50, M|\n|teampreview|4\n|raw|Osada's Tera Types: \/ \/ \/ \/ \/ \n|raw|merahmerona's Tera Types: \/ \/ \/ \/ \/ \n|c|\u2606merahmerona|g2\n|c|\u2606Osada|g2\n|j| Bullish21\n|j| reinisem\n|j| brandonspectre\n|\n|t:|1683118246\n|start\n|switch|p1a: Brute Bonnet|Brute Bonnet, L50|100\/100\n|switch|p1b: Annihilape|Annihilape, L50, F|100\/100\n|switch|p2a: Altaria|Altaria, L50, F|100\/100\n|switch|p2b: Ting-Lu|Ting-Lu, L50|100\/100\n|-ability|p2b: Ting-Lu|Vessel of Ruin\n|turn|1\n|\n|t:|1683118271\n|move|p1b: Annihilape|Bulk Up|p1b: Annihilape\n|-boost|p1b: Annihilape|atk|1\n|-boost|p1b: Annihilape|def|1\n|move|p2a: Altaria|Substitute|p2a: Altaria\n|-start|p2a: Altaria|Substitute\n|-damage|p2a: Altaria|76\/100\n|move|p1a: Brute Bonnet|Spore|p2b: Ting-Lu\n|-status|p2b: Ting-Lu|slp|[from] move: Spore\n|cant|p2b: Ting-Lu|slp\n|\n|upkeep\n|turn|2\n|c| brandonspectre|POKEMON CERIA\n|c|\u2606Osada|braninya ngumpet\n|\n|t:|1683118298\n|switch|p2b: Gothorita|Gothorita, L50, F|100\/100\n|move|p1b: Annihilape|Bulk Up|p1b: Annihilape\n|-boost|p1b: Annihilape|atk|1\n|-boost|p1b: Annihilape|def|1\n|move|p2a: Altaria|Perish Song|p2a: Altaria\n|-start|p1a: Brute Bonnet|perish3|[silent]\n|-start|p1b: Annihilape|perish3|[silent]\n|-start|p2a: Altaria|perish3|[silent]\n|-start|p2b: Gothorita|perish3|[silent]\n|-fieldactivate|move: Perish Song\n|move|p1a: Brute Bonnet|Pollen Puff|p1b: Annihilape\n|-immune|p1b: Annihilape\n|\n|-start|p1b: Annihilape|perish3\n|-start|p2a: Altaria|perish3\n|-start|p1a: Brute Bonnet|perish3\n|-start|p2b: Gothorita|perish3\n|upkeep\n|turn|3\n|c| reinisem|kalau mau nyanyi perish jgn dibalik layar dong\n|c|\u2606Osada|emg licik bgt\n|\n|t:|1683118346\n|move|p2a: Altaria|Protect|p2a: Altaria\n|-singleturn|p2a: Altaria|Protect\n|move|p2b: Gothorita|Protect|p2b: Gothorita\n|-singleturn|p2b: Gothorita|Protect\n|move|p1b: Annihilape|Rage Fist|p2a: Altaria\n|-activate|p2a: Altaria|move: Protect\n|move|p1a: Brute Bonnet|Spore|p2a: Altaria\n|-activate|p2a: Altaria|move: Protect\n|\n|-start|p1b: Annihilape|perish2\n|-start|p2a: Altaria|perish2\n|-start|p1a: Brute Bonnet|perish2\n|-start|p2b: Gothorita|perish2\n|upkeep\n|turn|4\n|\n|t:|1683118372\n|switch|p2b: Cloyster|Cloyster, L50, M|100\/100\n|move|p1b: Annihilape|Rage Fist|p2b: Cloyster\n|-damage|p2b: Cloyster|64\/100\n|move|p2a: Altaria|Substitute|p2a: Altaria\n|-fail|p2a: Altaria|move: Substitute\n|move|p1a: Brute Bonnet|Seed Bomb|p2b: Cloyster\n|-supereffective|p2b: Cloyster\n|-damage|p2b: Cloyster|0 fnt\n|faint|p2b: Cloyster\n|\n|-start|p1b: Annihilape|perish1\n|-start|p2a: Altaria|perish1\n|-start|p1a: Brute Bonnet|perish1\n|upkeep\n|\n|t:|1683118388\n|switch|p2b: Gothorita|Gothorita, L50, F|100\/100\n|turn|5\n|c| brandonspectre|buang buang pokemon ni mhs\n|\n|t:|1683118422\n|switch|p1b: Sandy Shocks|Sandy Shocks, L50|100\/100\n|switch|p2a: Ting-Lu|Ting-Lu, L50|100\/100 slp\n|-ability|p2a: Ting-Lu|Vessel of Ruin\n|move|p2b: Gothorita|Fake Out|p1a: Brute Bonnet\n|-damage|p1a: Brute Bonnet|96\/100\n|cant|p1a: Brute Bonnet|flinch\n|\n|-start|p1a: Brute Bonnet|perish0\n|upkeep\n|faint|p1a: Brute Bonnet\n|-end|p1a: Brute Bonnet|Protosynthesis|[silent]\n|j| danieljnthn\n|\n|t:|1683118440\n|switch|p1a: Annihilape|Annihilape, L50, F|100\/100\n|turn|6\n|c| danieljnthn|ayo mhs jgn malu\"in perish club\n|c|\u2606Osada|bentar\n|c|\u2606merahmerona|lm\n|c|\u2606Osada|ada yg hrs diurus mendadak\n|\n|t:|1683118540\n|move|p1b: Sandy Shocks|Volt Switch|p2b: Gothorita\n|-damage|p2b: Gothorita|83\/100\n|\n|t:|1683118543\n|-end|p1b: Sandy Shocks|Protosynthesis|[silent]\n|switch|p1b: Eelektross|Eelektross, L50, F|100\/100|[from] Volt Switch\n|move|p1a: Annihilape|Bulk Up|p1a: Annihilape\n|-boost|p1a: Annihilape|atk|1\n|-boost|p1a: Annihilape|def|1\n|move|p2b: Gothorita|Tickle|p1b: Eelektross\n|-unboost|p1b: Eelektross|atk|1\n|-unboost|p1b: Eelektross|def|1\n|cant|p2a: Ting-Lu|slp\n|\n|upkeep\n|turn|7\n|\n|t:|1683118590\n|move|p1a: Annihilape|Bulk Up|p1a: Annihilape\n|-boost|p1a: Annihilape|atk|1\n|-boost|p1a: Annihilape|def|1\n|move|p1b: Eelektross|Coil|p1b: Eelektross\n|-boost|p1b: Eelektross|atk|1\n|-boost|p1b: Eelektross|def|1\n|-boost|p1b: Eelektross|accuracy|1\n|move|p2b: Gothorita|Tickle|p1b: Eelektross\n|-unboost|p1b: Eelektross|atk|1\n|-unboost|p1b: Eelektross|def|1\n|-curestatus|p2a: Ting-Lu|slp|[msg]\n|move|p2a: Ting-Lu|Payback|p1b: Eelektross\n|-damage|p1b: Eelektross|23\/100\n|\n|upkeep\n|turn|8\n|c|\u2606Osada|kok sakit si?\n|c|\u2606merahmerona|paycheck\n|\n|t:|1683118658\n|move|p2a: Ting-Lu|Protect|p2a: Ting-Lu\n|-singleturn|p2a: Ting-Lu|Protect\n|move|p1a: Annihilape|Bulk Up|p1a: Annihilape\n|-boost|p1a: Annihilape|atk|1\n|-boost|p1a: Annihilape|def|1\n|move|p1b: Eelektross|Flamethrower|p2a: Ting-Lu\n|-activate|p2a: Ting-Lu|move: Protect\n|move|p2b: Gothorita|Psychic|p1a: Annihilape\n|-supereffective|p1a: Annihilape\n|-damage|p1a: Annihilape|67\/100\n|\n|upkeep\n|turn|9\n|c|\u2606Osada|kan ga gua hajar lo\n|\n|t:|1683118676\n|-terastallize|p2a: Ting-Lu|Ground\n|move|p1a: Annihilape|Drain Punch|p2a: Ting-Lu\n|-damage|p2a: Ting-Lu|57\/100\n|-heal|p1a: Annihilape|94\/100|[from] drain|[of] p2a: Ting-Lu\n|move|p1b: Eelektross|Giga Drain|p2a: Ting-Lu\n|-supereffective|p2a: Ting-Lu\n|-damage|p2a: Ting-Lu|30\/100\n|-heal|p1b: Eelektross|42\/100|[from] drain|[of] p2a: Ting-Lu\n|-enditem|p2a: Ting-Lu|Weakness Policy\n|-boost|p2a: Ting-Lu|atk|2|[from] item: Weakness Policy\n|-boost|p2a: Ting-Lu|spa|2|[from] item: Weakness Policy\n|move|p2b: Gothorita|Psychic|p1a: Annihilape\n|-supereffective|p1a: Annihilape\n|-damage|p1a: Annihilape|60\/100\n|move|p2a: Ting-Lu|Stomping Tantrum|p1a: Annihilape\n|-damage|p1a: Annihilape|26\/100\n|\n|upkeep\n|turn|10\n|\n|t:|1683118714\n|move|p1a: Annihilape|Protect|p1a: Annihilape\n|-singleturn|p1a: Annihilape|Protect\n|move|p2a: Ting-Lu|Protect|p2a: Ting-Lu\n|-singleturn|p2a: Ting-Lu|Protect\n|move|p1b: Eelektross|Giga Drain|p2a: Ting-Lu\n|-activate|p2a: Ting-Lu|move: Protect\n|move|p2b: Gothorita|Psychic|p1a: Annihilape\n|-activate|p1a: Annihilape|move: Protect\n|\n|upkeep\n|turn|11\n|\n|t:|1683118740\n|-terastallize|p1a: Annihilape|Fire\n|move|p2a: Ting-Lu|Protect|p2a: Ting-Lu\n|-singleturn|p2a: Ting-Lu|Protect\n|move|p1a: Annihilape|Drain Punch|p2a: Ting-Lu\n|-activate|p2a: Ting-Lu|move: Protect\n|move|p1b: Eelektross|Thunderbolt|p2b: Gothorita\n|-damage|p2b: Gothorita|59\/100\n|move|p2b: Gothorita|Psychic|p1a: Annihilape\n|-damage|p1a: Annihilape|11\/100\n|\n|upkeep\n|turn|12\n|c|\u2606Osada|woi\n|c|\u2606merahmerona|tripleeeee\n|c|\u2606Osada|masi aja gua di hax\n|\n|t:|1683118794\n|move|p2a: Ting-Lu|Protect||[still]\n|-fail|p2a: Ting-Lu\n|move|p1a: Annihilape|Drain Punch|p2a: Ting-Lu\n|-damage|p2a: Ting-Lu|0 fnt\n|-heal|p1a: Annihilape|29\/100|[from] drain|[of] p2a: Ting-Lu\n|faint|p2a: Ting-Lu\n|move|p1b: Eelektross|Thunderbolt|p2b: Gothorita\n|-damage|p2b: Gothorita|29\/100\n|move|p2b: Gothorita|Psychic|p1a: Annihilape\n|-damage|p1a: Annihilape|9\/100\n|\n|upkeep\n|c|\u2606merahmerona|nooooo\n|\n|t:|1683118803\n|switch|p2a: Altaria|Altaria, L50, F|76\/100\n|turn|13\n|\n|t:|1683118820\n|move|p2b: Gothorita|Protect|p2b: Gothorita\n|-singleturn|p2b: Gothorita|Protect\n|move|p1a: Annihilape|Rage Fist|p2b: Gothorita\n|-activate|p2b: Gothorita|move: Protect\n|move|p2a: Altaria|Thief|p1a: Annihilape\n|-damage|p1a: Annihilape|6\/100\n|move|p1b: Eelektross|Thunderbolt|p2a: Altaria\n|-damage|p2a: Altaria|41\/100\n|-enditem|p2a: Altaria|Sitrus Berry|[eat]\n|-heal|p2a: Altaria|66\/100|[from] item: Sitrus Berry\n|\n|upkeep\n|turn|14\n|\n|t:|1683118837\n|move|p1a: Annihilape|Rage Fist|p2b: Gothorita\n|-supereffective|p2b: Gothorita\n|-damage|p2b: Gothorita|0 fnt\n|faint|p2b: Gothorita\n|move|p2a: Altaria|Thief|p1b: Eelektross\n|-damage|p1b: Eelektross|24\/100\n|-enditem|p1b: Eelektross|Safety Goggles|[silent]|[from] move: Thief|[of] p2a: Altaria\n|-item|p2a: Altaria|Safety Goggles|[from] move: Thief|[of] p1b: Eelektross\n|move|p1b: Eelektross|Thunderbolt|p2a: Altaria\n|-damage|p2a: Altaria|28\/100\n|\n|upkeep\n|turn|15\n|c| brandonspectre|sedih\n|\n|t:|1683118850\n|move|p1a: Annihilape|Rage Fist|p2a: Altaria\n|-damage|p2a: Altaria|0 fnt\n|faint|p2a: Altaria\n|\n|win|Osada\n|c| danieljnthn|nuooo perish club kalah\n|c|\u2606merahmerona|qeren\n|c|\u2606Osada|gg\n|l|\u2606merahmerona\n|c|\u2606Osada|terima kasih battlenya\n|l| brandonspectre\n|c| reinisem|tukang maling nih altaria wkkwkw\n|c|\u2606Osada|saya banyak belajar\n|c|\u2606Osada|woi, kok kabur si\n|c|\u2606Osada|ga sopan bgt\n|l| danieljnthn\n|c| Bullish21|lol nice2\n|l| Bullish21\n","uploadtime":1683118913,"views":13,"p1id":"osada","p2id":"merahmerona","formatid":"gen9vgc2023regulationc","rating":0,"private":0,"password":""}