{"id":"gen9vgc2023regulationc-1853193625","p1":"NickNoName","p2":"r3gCt3st","format":"[Gen 9] VGC 2023 Regulation C","log":"|j|\u2606NickNoName\n|j|\u2606r3gCt3st\n|t:|1682646837\n|gametype|doubles\n|player|p1|NickNoName|265|1114\n|player|p2|r3gCt3st|unknown|1159\n|teamsize|p1|6\n|teamsize|p2|6\n|gen|9\n|tier|[Gen 9] VGC 2023 Regulation C\n|rated|\n|rule|Species Clause: Limit one of each Pok\u00e9mon\n|rule|Item Clause: Limit one of each item\n|clearpoke\n|poke|p1|Kingambit, L50, M|\n|poke|p1|Flutter Mane, L50|\n|poke|p1|Chi-Yu, L50|\n|poke|p1|Chien-Pao, L50|\n|poke|p1|Indeedee-F, L50, F|\n|poke|p1|Armarouge, L50, M|\n|poke|p2|Iron Bundle, L50|\n|poke|p2|Annihilape, L50, F|\n|poke|p2|Amoonguss, L50, M|\n|poke|p2|Ting-Lu, L50|\n|poke|p2|Arcanine, L50, F|\n|poke|p2|Flutter Mane, L50|\n|teampreview|4\n|\n|t:|1682646869\n|start\n|switch|p1a: Indeedee|Indeedee-F, L50, F|100\/100\n|switch|p1b: Armarouge|Armarouge, L50, M|100\/100\n|switch|p2a: Iron Bundle|Iron Bundle, L50|100\/100\n|switch|p2b: Annihilape|Annihilape, L50, F|100\/100\n|-fieldstart|move: Psychic Terrain|[from] ability: Psychic Surge|[of] p1a: Indeedee\n|-enditem|p1a: Indeedee|Psychic Seed\n|-boost|p1a: Indeedee|spd|1|[from] item: Psychic Seed\n|turn|1\n|\n|t:|1682646883\n|-end|p2a: Iron Bundle|Quark Drive|[silent]\n|switch|p2a: Ting-Lu|Ting-Lu, L50|100\/100\n|-ability|p2a: Ting-Lu|Vessel of Ruin\n|-terastallize|p1b: Armarouge|Steel\n|-terastallize|p2b: Annihilape|Fire\n|move|p1a: Indeedee|Drain Punch|p1b: Armarouge\n|-supereffective|p1b: Armarouge\n|-damage|p1b: Armarouge|77\/100\n|-ability|p1b: Armarouge|Weak Armor|boost\n|-unboost|p1b: Armarouge|def|1\n|-boost|p1b: Armarouge|spe|2\n|-enditem|p1b: Armarouge|Weakness Policy\n|-boost|p1b: Armarouge|atk|2|[from] item: Weakness Policy\n|-boost|p1b: Armarouge|spa|2|[from] item: Weakness Policy\n|move|p1b: Armarouge|Expanding Force|p2b: Annihilape|[spread] p2b\n|-immune|p2a: Ting-Lu\n|-damage|p2b: Annihilape|28\/100\n|move|p2b: Annihilape|Bulk Up|p2b: Annihilape\n|-boost|p2b: Annihilape|atk|1\n|-boost|p2b: Annihilape|def|1\n|\n|-heal|p2b: Annihilape|35\/100|[from] item: Leftovers\n|upkeep\n|turn|2\n|\n|t:|1682646925\n|move|p2b: Annihilape|Protect|p2b: Annihilape\n|-singleturn|p2b: Annihilape|Protect\n|move|p1a: Indeedee|Follow Me|p1a: Indeedee\n|-singleturn|p1a: Indeedee|move: Follow Me\n|move|p1b: Armarouge|Armor Cannon|p2a: Ting-Lu\n|-damage|p2a: Ting-Lu|51\/100\n|-unboost|p1b: Armarouge|def|1\n|-unboost|p1b: Armarouge|spd|1\n|move|p2a: Ting-Lu|Sand Tomb|p1a: Indeedee\n|-damage|p1a: Indeedee|82\/100\n|-activate|p1a: Indeedee|move: Sand Tomb|[of] p2a: Ting-Lu\n|\n|-heal|p2b: Annihilape|41\/100|[from] item: Leftovers\n|-damage|p1a: Indeedee|69\/100|[from] move: Sand Tomb|[partiallytrapped]\n|upkeep\n|turn|3\n|c|\u2606r3gCt3st|this makes me want to remove my fingernails\n|\n|t:|1682646956\n|switch|p2b: Iron Bundle|Iron Bundle, L50|100\/100\n|move|p1a: Indeedee|Follow Me|p1a: Indeedee\n|-singleturn|p1a: Indeedee|move: Follow Me\n|move|p1b: Armarouge|Armor Cannon|p2a: Ting-Lu\n|-damage|p2a: Ting-Lu|5\/100\n|-unboost|p1b: Armarouge|def|1\n|-unboost|p1b: Armarouge|spd|1\n|move|p2a: Ting-Lu|Sand Tomb|p1a: Indeedee\n|-damage|p1a: Indeedee|53\/100\n|\n|-damage|p1a: Indeedee|40\/100|[from] move: Sand Tomb|[partiallytrapped]\n|upkeep\n|turn|4\n|\n|t:|1682646984\n|move|p1b: Armarouge|Expanding Force|p2b: Iron Bundle|[spread] p2b\n|-immune|p2a: Ting-Lu\n|-enditem|p2b: Iron Bundle|Focus Sash\n|-damage|p2b: Iron Bundle|1\/100\n|move|p2b: Iron Bundle|Freeze-Dry|p1a: Indeedee\n|-damage|p1a: Indeedee|23\/100\n|move|p1a: Indeedee|Drain Punch|p2b: Iron Bundle\n|-supereffective|p2b: Iron Bundle\n|-damage|p2b: Iron Bundle|0 fnt\n|-heal|p1a: Indeedee|24\/100|[from] drain|[of] p2b: Iron Bundle\n|faint|p2b: Iron Bundle\n|-end|p2b: Iron Bundle|Quark Drive|[silent]\n|move|p2a: Ting-Lu|Fissure|p1b: Armarouge\n|-damage|p1b: Armarouge|0 fnt\n|faint|p1b: Armarouge\n|-ohko\n|\n|-damage|p1a: Indeedee|12\/100|[from] move: Sand Tomb|[partiallytrapped]\n|upkeep\n|\n|t:|1682647005\n|switch|p2b: Arcanine|Arcanine, L50, F|100\/100\n|switch|p1b: Chien-Pao|Chien-Pao, L50|100\/100\n|-ability|p1b: Chien-Pao|Sword of Ruin\n|-ability|p2b: Arcanine|Intimidate|boost\n|-unboost|p1a: Indeedee|atk|1\n|-unboost|p1b: Chien-Pao|atk|1\n|turn|5\n|\n|t:|1682647028\n|switch|p2b: Annihilape|Annihilape, L50, F, tera:Fire|41\/100\n|move|p1a: Indeedee|Follow Me|p1a: Indeedee\n|-singleturn|p1a: Indeedee|move: Follow Me\n|move|p1b: Chien-Pao|Sacred Sword|p2a: Ting-Lu\n|-supereffective|p2a: Ting-Lu\n|-damage|p2a: Ting-Lu|0 fnt\n|faint|p2a: Ting-Lu\n|\n|-heal|p2b: Annihilape|47\/100|[from] item: Leftovers\n|-end|p1a: Indeedee|Sand Tomb|[partiallytrapped]|[silent]\n|-fieldend|move: Psychic Terrain\n|upkeep\n|\n|t:|1682647035\n|switch|p2a: Arcanine|Arcanine, L50, F|100\/100\n|-ability|p2a: Arcanine|Intimidate|boost\n|-unboost|p1a: Indeedee|atk|1\n|-unboost|p1b: Chien-Pao|atk|1\n|turn|6\n|\n|t:|1682647059\n|move|p1a: Indeedee|Helping Hand|p1b: Chien-Pao\n|-singleturn|p1b: Chien-Pao|Helping Hand|[of] p1a: Indeedee\n|move|p1b: Chien-Pao|Sucker Punch|p2b: Annihilape\n|-damage|p2b: Annihilape|14\/100\n|move|p2a: Arcanine|Flare Blitz|p1a: Indeedee\n|-damage|p1a: Indeedee|0 fnt\n|faint|p1a: Indeedee\n|-damage|p2a: Arcanine|98\/100|[from] Recoil\n|move|p2b: Annihilape|Drain Punch|p1b: Chien-Pao\n|-supereffective|p1b: Chien-Pao\n|-enditem|p1b: Chien-Pao|Focus Sash\n|-damage|p1b: Chien-Pao|1\/100\n|-heal|p2b: Annihilape|51\/100|[from] drain|[of] p1b: Chien-Pao\n|\n|-heal|p2b: Annihilape|58\/100|[from] item: Leftovers\n|upkeep\n|\n|t:|1682647071\n|switch|p1a: Kingambit|Kingambit, L50, M|100\/100\n|turn|7\n|\n|t:|1682647091\n|move|p1b: Chien-Pao|Protect|p1b: Chien-Pao\n|-singleturn|p1b: Chien-Pao|Protect\n|move|p2a: Arcanine|Flare Blitz|p1b: Chien-Pao\n|-activate|p1b: Chien-Pao|move: Protect\n|move|p2b: Annihilape|Drain Punch|p1a: Kingambit\n|-supereffective|p1a: Kingambit\n|-damage|p1a: Kingambit|0 fnt\n|-heal|p2b: Annihilape|100\/100|[from] drain|[of] p1a: Kingambit\n|faint|p1a: Kingambit\n|\n|upkeep\n|turn|8\n|\n|t:|1682647103\n|move|p1b: Chien-Pao|Sucker Punch|p2b: Annihilape\n|-damage|p2b: Annihilape|79\/100\n|move|p2a: Arcanine|Flare Blitz|p1b: Chien-Pao\n|-supereffective|p1b: Chien-Pao\n|-damage|p1b: Chien-Pao|0 fnt\n|faint|p1b: Chien-Pao\n|-damage|p2a: Arcanine|97\/100|[from] Recoil\n|\n|win|r3gCt3st\n|raw|NickNoName's rating: 1114 → 1092<\/strong> (-22 for losing)\n|raw|r3gCt3st's rating: 1159 → 1181<\/strong> (+22 for winning)\n|c|\u2606NickNoName|Gg\n","uploadtime":1682647108,"views":5,"p1id":"nicknoname","p2id":"r3gct3st","formatid":"gen9vgc2023regulationc","rating":1092,"private":0,"password":""}