{"id":"gen9vgc2023regulationc-1857236590","p1":"AguaSteppin'","p2":"Blackth0rn","format":"[Gen 9] VGC 2023 Regulation C","log":"|j|\u2606AguaSteppin'\n|j|\u2606Blackth0rn\n|t:|1683161708\n|gametype|doubles\n|player|p1|AguaSteppin'|red|1473\n|player|p2|Blackth0rn|ghetsis|1435\n|teamsize|p1|6\n|teamsize|p2|6\n|gen|9\n|tier|[Gen 9] VGC 2023 Regulation C\n|rated|\n|rule|Species Clause: Limit one of each Pok\u00e9mon\n|rule|Item Clause: Limit one of each item\n|clearpoke\n|poke|p1|Abomasnow, L50, F|\n|poke|p1|Iron Bundle, L50|\n|poke|p1|Maushold, L50|\n|poke|p1|Gholdengo, L50|\n|poke|p1|Great Tusk, L50|\n|poke|p1|Talonflame, L50, M|\n|poke|p2|Abomasnow, L50, M|\n|poke|p2|Iron Bundle, L50|\n|poke|p2|Arcanine, L50, F|\n|poke|p2|Flutter Mane, L50|\n|poke|p2|Iron Hands, L50|\n|poke|p2|Dragonite, L50, M|\n|teampreview|4\n|inactive|Battle timer is ON: inactive players will automatically lose when time's up. (requested by AguaSteppin')\nBlackth0rn has agreed to open team sheets.\n|inactive|AguaSteppin' has 60 seconds left.\n|\n|t:|1683161756\n|start\n|switch|p1a: Gholdengo|Gholdengo, L50|100\/100\n|switch|p1b: Talonflame|Talonflame, L50, M|100\/100\n|switch|p2a: Iron Hands|Iron Hands, L50|100\/100\n|switch|p2b: Arcanine|Arcanine, L50, F|100\/100\n|-ability|p2b: Arcanine|Intimidate|boost\n|-unboost|p1a: Gholdengo|atk|1\n|-unboost|p1b: Talonflame|atk|1\n|turn|1\n|inactive|AguaSteppin' has 30 seconds left.\n|inactive|Blackth0rn has 30 seconds left.\n|\n|t:|1683161789\n|-terastallize|p1a: Gholdengo|Water\n|-terastallize|p2a: Iron Hands|Fire\n|move|p2a: Iron Hands|Fake Out|p1b: Talonflame\n|-damage|p1b: Talonflame|81\/100\n|cant|p1b: Talonflame|flinch\n|move|p1a: Gholdengo|Nasty Plot|p1a: Gholdengo\n|-boost|p1a: Gholdengo|spa|2\n|move|p2b: Arcanine|Flare Blitz|p1a: Gholdengo\n|-resisted|p1a: Gholdengo\n|-damage|p1a: Gholdengo|80\/100\n|-damage|p2b: Arcanine|94\/100|[from] Recoil\n|\n|-heal|p1a: Gholdengo|87\/100|[from] item: Leftovers\n|upkeep\n|turn|2\n|\n|t:|1683161812\n|move|p1a: Gholdengo|Protect|p1a: Gholdengo\n|-singleturn|p1a: Gholdengo|Protect\n|move|p2b: Arcanine|Extreme Speed|p1b: Talonflame\n|-damage|p1b: Talonflame|53\/100\n|move|p1b: Talonflame|Tailwind|p1b: Talonflame\n|-sidestart|p1: AguaSteppin'|move: Tailwind\n|move|p2a: Iron Hands|Swords Dance|p2a: Iron Hands\n|-boost|p2a: Iron Hands|atk|2\n|\n|-heal|p1a: Gholdengo|93\/100|[from] item: Leftovers\n|upkeep\n|turn|3\n|\n|t:|1683161837\n|switch|p2b: Flutter Mane|Flutter Mane, L50|100\/100\n|move|p1b: Talonflame|Brave Bird|p2a: Iron Hands\n|-damage|p2a: Iron Hands|78\/100\n|-damage|p1b: Talonflame|43\/100|[from] Recoil\n|move|p1a: Gholdengo|Shadow Ball|p2a: Iron Hands\n|-damage|p2a: Iron Hands|12\/100\n|-unboost|p2a: Iron Hands|spd|1\n|-enditem|p2a: Iron Hands|Sitrus Berry|[eat]\n|-heal|p2a: Iron Hands|37\/100|[from] item: Sitrus Berry\n|move|p2a: Iron Hands|Thunder Punch|p1a: Gholdengo\n|-supereffective|p1a: Gholdengo\n|-damage|p1a: Gholdengo|0 fnt\n|faint|p1a: Gholdengo\n|\n|upkeep\n|\n|t:|1683161849\n|switch|p1a: Iron Bundle|Iron Bundle, L50|100\/100\n|turn|4\n|inactive|Blackth0rn has 30 seconds left.\n|\n|t:|1683161877\n|move|p1a: Iron Bundle|Freeze-Dry|p2a: Iron Hands\n|-resisted|p2a: Iron Hands\n|-damage|p2a: Iron Hands|19\/100\n|move|p1b: Talonflame|Brave Bird|p2a: Iron Hands\n|-damage|p2a: Iron Hands|0 fnt\n|faint|p2a: Iron Hands\n|-end|p2a: Iron Hands|Quark Drive|[silent]\n|-damage|p1b: Talonflame|34\/100|[from] Recoil\n|move|p2b: Flutter Mane|Power Gem|p1a: Iron Bundle\n|-supereffective|p1a: Iron Bundle\n|-damage|p1a: Iron Bundle|0 fnt\n|faint|p1a: Iron Bundle\n|-end|p1a: Iron Bundle|Quark Drive|[silent]\n|\n|upkeep\n|\n|t:|1683161891\n|switch|p1a: Maushold|Maushold, L50|100\/100\n|switch|p2a: Arcanine|Arcanine, L50, F|94\/100\n|-ability|p2a: Arcanine|Intimidate|boost\n|-unboost|p1a: Maushold|atk|1\n|-unboost|p1b: Talonflame|atk|1\n|turn|5\n|inactive|AguaSteppin' has 30 seconds left.\n|\n|t:|1683161917\n|move|p1b: Talonflame|Brave Bird|p2a: Arcanine\n|-damage|p2a: Arcanine|74\/100\n|-damage|p1b: Talonflame|27\/100|[from] Recoil\n|move|p1a: Maushold|Super Fang|p2a: Arcanine\n|-damage|p2a: Arcanine|37\/100\n|move|p2b: Flutter Mane|Power Gem|p1b: Talonflame\n|-supereffective|p1b: Talonflame\n|-damage|p1b: Talonflame|0 fnt\n|faint|p1b: Talonflame\n|move|p2a: Arcanine|Flare Blitz|p1a: Maushold\n|-damage|p1a: Maushold|41\/100\n|-damage|p2a: Arcanine|19\/100|[from] Recoil\n|\n|-sideend|p1: AguaSteppin'|move: Tailwind\n|upkeep\n|turn|6\n|-message|AguaSteppin' forfeited.\n|\n|win|Blackth0rn\n|raw|AguaSteppin''s rating: 1473 → 1451<\/strong> (-22 for losing)\n|raw|Blackth0rn's rating: 1435 → 1457<\/strong> (+22 for winning)\n|l|\u2606AguaSteppin'\n","uploadtime":1683161929,"views":15,"p1id":"aguasteppin","p2id":"blackth0rn","formatid":"gen9vgc2023regulationc","rating":1451,"private":0,"password":""}