{"id":"gen9vgc2023regulationc-1845999121","p1":"I LOVE STONJOURNER","p2":"HitFissureThenLose","format":"[Gen 9] VGC 2023 Regulation C","log":"|j|\u2606I LOVE STONJOURNER\n|j|\u2606HitFissureThenLose\n|t:|1681789275\n|gametype|doubles\n|player|p1|I LOVE STONJOURNER|cyrus|\n|player|p2|HitFissureThenLose|red|\n|teamsize|p1|6\n|teamsize|p2|6\n|gen|9\n|tier|[Gen 9] VGC 2023 Regulation C\n|rule|Species Clause: Limit one of each Pok\u00e9mon\n|rule|Item Clause: Limit one of each item\n|clearpoke\n|poke|p1|Palafin, L50, F|\n|poke|p1|Arcanine, L50, F|\n|poke|p1|Amoonguss, L50, F|\n|poke|p1|Flutter Mane, L50|\n|poke|p1|Baxcalibur, L50, F|\n|poke|p1|Ting-Lu, L50|\n|poke|p2|Toxapex, L50, F|\n|poke|p2|Ting-Lu, L50|\n|poke|p2|Grimmsnarl, L50, M|\n|poke|p2|Corviknight, L50, M|\n|poke|p2|Chi-Yu, L50|\n|poke|p2|Wo-Chien, L50|\n|teampreview|4\nHitFissureThenLose has agreed to open team sheets.\nI LOVE STONJOURNER has agreed to open team sheets.\n|c|\u2606HitFissureThenLose|Did Agati not run ground move on Ting lu\n|\n|t:|1681789350\n|start\n|switch|p1a: Baxcalibur|Baxcalibur, L50, F|100\/100\n|switch|p1b: Palafin|Palafin, L50, F|100\/100\n|switch|p2a: Grimmsnarl|Grimmsnarl, L50, M|100\/100\n|switch|p2b: Toxapex|Toxapex, L50, F|100\/100\n|turn|1\n|c|\u2606I LOVE STONJOURNER|i think he did i was just experimenting with payback\n|\n|t:|1681789394\n|detailschange|p1b: Palafin|Palafin-Hero, L50, F\n|switch|p1b: Amoonguss|Amoonguss, L50, F|100\/100\n|move|p1a: Baxcalibur|Icicle Crash|p2a: Grimmsnarl|[miss]\n|-miss|p1a: Baxcalibur|p2a: Grimmsnarl\n|move|p2a: Grimmsnarl|Spirit Break|p1a: Baxcalibur\n|-supereffective|p1a: Baxcalibur\n|-damage|p1a: Baxcalibur|43\/100\n|move|p2b: Toxapex|Infestation|p1b: Amoonguss\n|-damage|p1b: Amoonguss|98\/100\n|-activate|p1b: Amoonguss|move: Infestation|[of] p2b: Toxapex\n|\n|-damage|p1b: Amoonguss|85\/100|[from] move: Infestation|[partiallytrapped]\n|upkeep\n|turn|2\n|\n|t:|1681789431\n|-terastallize|p1a: Baxcalibur|Poison\n|move|p2a: Grimmsnarl|Taunt|p1b: Amoonguss\n|-start|p1b: Amoonguss|move: Taunt\n|-enditem|p1b: Amoonguss|Mental Herb\n|-end|p1b: Amoonguss|move: Taunt\n|move|p1a: Baxcalibur|Icicle Crash|p2a: Grimmsnarl|[miss]\n|-miss|p1a: Baxcalibur|p2a: Grimmsnarl\n|move|p2b: Toxapex|Infestation|p1a: Baxcalibur\n|-resisted|p1a: Baxcalibur\n|-damage|p1a: Baxcalibur|41\/100\n|-activate|p1a: Baxcalibur|move: Infestation|[of] p2b: Toxapex\n|move|p1b: Amoonguss|Pollen Puff|p1a: Baxcalibur\n|-heal|p1a: Baxcalibur|91\/100\n|\n|-damage|p1a: Baxcalibur|79\/100|[from] move: Infestation|[partiallytrapped]\n|-damage|p1b: Amoonguss|73\/100|[from] move: Infestation|[partiallytrapped]\n|upkeep\n|turn|3\n|c|\u2606HitFissureThenLose|oof\n|c|\u2606I LOVE STONJOURNER|bruh\n|\n|t:|1681789479\n|move|p2b: Toxapex|Baneful Bunker|p2b: Toxapex\n|-singleturn|p2b: Toxapex|move: Protect\n|move|p2a: Grimmsnarl|Reflect|p2a: Grimmsnarl\n|-sidestart|p2: HitFissureThenLose|Reflect\n|move|p1a: Baxcalibur|Glaive Rush|p2b: Toxapex\n|-activate|p2b: Toxapex|move: Protect\n|move|p1b: Amoonguss|Pollen Puff|p1a: Baxcalibur\n|-heal|p1a: Baxcalibur|100\/100\n|\n|-damage|p1a: Baxcalibur|88\/100|[from] move: Infestation|[partiallytrapped]\n|-damage|p1b: Amoonguss|61\/100|[from] move: Infestation|[partiallytrapped]\n|upkeep\n|turn|4\n|\n|t:|1681789515\n|switch|p2a: Corviknight|Corviknight, L50, M|100\/100\n|move|p1a: Baxcalibur|Icicle Crash|p2a: Corviknight\n|-damage|p2a: Corviknight|70\/100\n|move|p2b: Toxapex|Infestation|p1b: Amoonguss\n|-damage|p1b: Amoonguss|58\/100\n|move|p1b: Amoonguss|Clear Smog|p2a: Corviknight\n|-immune|p2a: Corviknight\n|\n|-damage|p1a: Baxcalibur|76\/100|[from] move: Infestation|[partiallytrapped]\n|-damage|p1b: Amoonguss|46\/100|[from] move: Infestation|[partiallytrapped]\n|upkeep\n|turn|5\n|\n|t:|1681789553\n|move|p1a: Baxcalibur|Icicle Crash|p2a: Corviknight\n|-damage|p2a: Corviknight|42\/100\n|move|p2a: Corviknight|Brave Bird|p1b: Amoonguss\n|-supereffective|p1b: Amoonguss\n|-damage|p1b: Amoonguss|0 fnt\n|faint|p1b: Amoonguss\n|-damage|p2a: Corviknight|26\/100|[from] Recoil\n|move|p2b: Toxapex|Recover||[still]\n|-fail|p2b: Toxapex|heal\n|\n|-damage|p1a: Baxcalibur|64\/100|[from] move: Infestation|[partiallytrapped]\n|upkeep\n|\n|t:|1681789571\n|switch|p1b: Flutter Mane|Flutter Mane, L50|100\/100\n|turn|6\n|\n|t:|1681789594\n|move|p2b: Toxapex|Baneful Bunker|p2b: Toxapex\n|-singleturn|p2b: Toxapex|move: Protect\n|move|p1b: Flutter Mane|Thunderbolt|p2b: Toxapex\n|-activate|p2b: Toxapex|move: Protect\n|move|p1a: Baxcalibur|Icicle Crash|p2a: Corviknight\n|-damage|p2a: Corviknight|0 fnt\n|faint|p2a: Corviknight\n|\n|-damage|p1a: Baxcalibur|52\/100|[from] move: Infestation|[partiallytrapped]\n|upkeep\n|\n|t:|1681789602\n|switch|p2a: Grimmsnarl|Grimmsnarl, L50, M|100\/100\n|turn|7\n|\n|t:|1681789617\n|move|p2a: Grimmsnarl|Light Screen|p2a: Grimmsnarl\n|-sidestart|p2: HitFissureThenLose|move: Light Screen\n|move|p1b: Flutter Mane|Thunderbolt|p2b: Toxapex\n|-supereffective|p2b: Toxapex\n|-damage|p2b: Toxapex|57\/100\n|move|p1a: Baxcalibur|Glaive Rush|p2b: Toxapex\n|-damage|p2b: Toxapex|22\/100\n|-singlemove|p1a: Baxcalibur|Glaive Rush|[silent]\n|move|p2b: Toxapex|Toxic|p1b: Flutter Mane\n|-status|p1b: Flutter Mane|tox\n|\n|-heal|p2b: Toxapex|27\/100|[from] item: Leftovers\n|-damage|p1b: Flutter Mane|95\/100 tox|[from] psn\n|-end|p1a: Baxcalibur|Infestation|[partiallytrapped]\n|upkeep\n|turn|8\n|\n|t:|1681789649\n|-end|p1b: Flutter Mane|Protosynthesis|[silent]\n|switch|p1b: Palafin|Palafin-Hero, L50, F|100\/100\n|-activate|p1b: Palafin|ability: Zero to Hero\n|switch|p2b: Wo-Chien|Wo-Chien, L50|100\/100\n|-ability|p2b: Wo-Chien|Tablets of Ruin\n|move|p1a: Baxcalibur|Icicle Crash|p2a: Grimmsnarl\n|-damage|p2a: Grimmsnarl|73\/100\n|move|p2a: Grimmsnarl|Spirit Break|p1b: Palafin\n|-damage|p1b: Palafin|79\/100\n|-unboost|p1b: Palafin|spa|1\n|\n|upkeep\n|turn|9\n|\n|t:|1681789703\n|switch|p1b: Flutter Mane|Flutter Mane, L50|95\/100 tox\n|move|p2a: Grimmsnarl|Taunt|p1b: Flutter Mane\n|-start|p1b: Flutter Mane|move: Taunt\n|move|p1a: Baxcalibur|Icicle Crash|p2a: Grimmsnarl\n|-damage|p2a: Grimmsnarl|47\/100\n|move|p2b: Wo-Chien|Foul Play|p1a: Baxcalibur\n|-damage|p1a: Baxcalibur|0 fnt\n|faint|p1a: Baxcalibur\n|\n|-damage|p1b: Flutter Mane|89\/100 tox|[from] psn\n|upkeep\n|\n|t:|1681789711\n|switch|p1a: Palafin|Palafin-Hero, L50, F|79\/100\n|turn|10\n|\n|t:|1681789730\n|move|p2a: Grimmsnarl|Taunt|p1a: Palafin\n|-start|p1a: Palafin|move: Taunt\n|move|p1b: Flutter Mane|Dazzling Gleam|p2b: Wo-Chien|[spread] p2a,p2b\n|-supereffective|p2a: Grimmsnarl\n|-supereffective|p2b: Wo-Chien\n|-damage|p2a: Grimmsnarl|0 fnt\n|-damage|p2b: Wo-Chien|63\/100\n|faint|p2a: Grimmsnarl\n|cant|p1a: Palafin|move: Taunt|Substitute\n|move|p2b: Wo-Chien|Leech Seed|p1b: Flutter Mane\n|-start|p1b: Flutter Mane|move: Leech Seed\n|\n|-damage|p1b: Flutter Mane|77\/100 tox|[from] Leech Seed|[of] p2b: Wo-Chien\n|-heal|p2b: Wo-Chien|73\/100|[silent]\n|-damage|p1b: Flutter Mane|66\/100 tox|[from] psn\n|-sideend|p2: HitFissureThenLose|Reflect\n|upkeep\n|\n|t:|1681789735\n|switch|p2a: Toxapex|Toxapex, L50, F|60\/100\n|turn|11\n|\n|t:|1681789759\n|move|p1b: Flutter Mane|Dazzling Gleam|p2b: Wo-Chien|[spread] p2a,p2b\n|-resisted|p2a: Toxapex\n|-supereffective|p2b: Wo-Chien\n|-damage|p2a: Toxapex|48\/100\n|-damage|p2b: Wo-Chien|35\/100\n|-enditem|p2b: Wo-Chien|Sitrus Berry|[eat]\n|-heal|p2b: Wo-Chien|60\/100|[from] item: Sitrus Berry\n|move|p1a: Palafin|Wave Crash|p2b: Wo-Chien\n|-resisted|p2b: Wo-Chien\n|-damage|p2b: Wo-Chien|27\/100\n|-damage|p1a: Palafin|68\/100|[from] Recoil\n|move|p2b: Wo-Chien|Leech Seed|p1a: Palafin\n|-start|p1a: Palafin|move: Leech Seed\n|move|p2a: Toxapex|Recover|p2a: Toxapex\n|-heal|p2a: Toxapex|98\/100\n|\n|-heal|p2a: Toxapex|100\/100|[from] item: Leftovers\n|-damage|p1b: Flutter Mane|54\/100 tox|[from] Leech Seed|[of] p2b: Wo-Chien\n|-heal|p2b: Wo-Chien|37\/100|[silent]\n|-damage|p1a: Palafin|56\/100|[from] Leech Seed|[of] p2b: Wo-Chien\n|-heal|p2b: Wo-Chien|49\/100|[silent]\n|-damage|p1b: Flutter Mane|38\/100 tox|[from] psn\n|-end|p1b: Flutter Mane|move: Taunt\n|upkeep\n|turn|12\n|\n|t:|1681789784\n|move|p2b: Wo-Chien|Protect|p2b: Wo-Chien\n|-singleturn|p2b: Wo-Chien|Protect\n|move|p1b: Flutter Mane|Dazzling Gleam|p2b: Wo-Chien|[spread] p2a\n|-activate|p2b: Wo-Chien|move: Protect\n|-resisted|p2a: Toxapex\n|-damage|p2a: Toxapex|90\/100\n|move|p1a: Palafin|Wave Crash|p2b: Wo-Chien\n|-activate|p2b: Wo-Chien|move: Protect\n|move|p2a: Toxapex|Toxic|p1a: Palafin\n|-status|p1a: Palafin|tox\n|\n|-heal|p2a: Toxapex|95\/100|[from] item: Leftovers\n|-damage|p1b: Flutter Mane|26\/100 tox|[from] Leech Seed|[of] p2b: Wo-Chien\n|-heal|p2b: Wo-Chien|58\/100|[silent]\n|-damage|p1a: Palafin|43\/100 tox|[from] Leech Seed|[of] p2b: Wo-Chien\n|-heal|p2b: Wo-Chien|70\/100|[silent]\n|-damage|p1b: Flutter Mane|3\/100 tox|[from] psn\n|-damage|p1a: Palafin|37\/100 tox|[from] psn\n|-end|p1a: Palafin|move: Taunt\n|upkeep\n|turn|13\n|\n|t:|1681789803\n|move|p2b: Wo-Chien|Protect||[still]\n|-fail|p2b: Wo-Chien\n|move|p2a: Toxapex|Baneful Bunker|p2a: Toxapex\n|-singleturn|p2a: Toxapex|move: Protect\n|move|p1b: Flutter Mane|Dazzling Gleam|p2a: Toxapex|[spread] p2b\n|-activate|p2a: Toxapex|move: Protect\n|-supereffective|p2b: Wo-Chien\n|-damage|p2b: Wo-Chien|34\/100\n|move|p1a: Palafin|Wave Crash|p2b: Wo-Chien\n|-resisted|p2b: Wo-Chien\n|-damage|p2b: Wo-Chien|5\/100\n|-damage|p1a: Palafin|28\/100 tox|[from] Recoil\n|\n|-heal|p2a: Toxapex|100\/100|[from] item: Leftovers\n|-damage|p1b: Flutter Mane|0 fnt|[from] Leech Seed|[of] p2b: Wo-Chien\n|-heal|p2b: Wo-Chien|7\/100|[silent]\n|faint|p1b: Flutter Mane\n|-end|p1b: Flutter Mane|Protosynthesis|[silent]\n|-damage|p1a: Palafin|15\/100 tox|[from] Leech Seed|[of] p2b: Wo-Chien\n|-heal|p2b: Wo-Chien|19\/100|[silent]\n|-damage|p1a: Palafin|3\/100 tox|[from] psn\n|upkeep\n|turn|14\n|\n|t:|1681789821\n|move|p2b: Wo-Chien|Protect|p2b: Wo-Chien\n|-singleturn|p2b: Wo-Chien|Protect\n|move|p1a: Palafin|Wave Crash|p2a: Toxapex\n|-resisted|p2a: Toxapex\n|-crit|p2a: Toxapex\n|-damage|p2a: Toxapex|64\/100\n|-damage|p1a: Palafin|0 fnt|[from] Recoil\n|faint|p1a: Palafin\n|\n|win|HitFissureThenLose\n|c|\u2606I LOVE STONJOURNER|gg\n|c|\u2606HitFissureThenLose|gg\n|l|\u2606HitFissureThenLose\n","uploadtime":1681789832,"views":8,"p1id":"ilovestonjourner","p2id":"hitfissurethenlose","formatid":"gen9vgc2023regulationc","rating":0,"private":0,"password":""}