{"id":"gen9vgc2023regulationc-1845050457","p1":"Piff92","p2":"Lunio_777","format":"[Gen 9] VGC 2023 Regulation C","log":"|j|\u2606Piff92\n|j|\u2606Lunio_777\n|t:|1681677945\n|gametype|doubles\n|player|p1|Piff92|102|1087\n|player|p2|Lunio_777|1|1000\n|teamsize|p1|6\n|teamsize|p2|6\n|gen|9\n|tier|[Gen 9] VGC 2023 Regulation C\n|rated|\n|rule|Species Clause: Limit one of each Pok\u00e9mon\n|rule|Item Clause: Limit one of each item\n|clearpoke\n|poke|p1|Squawkabilly-Yellow, L50, M|\n|poke|p1|Armarouge, L50, M|\n|poke|p1|Indeedee-F, L50, F|\n|poke|p1|Hypno, L50, M|\n|poke|p1|Tauros-Paldea-Aqua, L50, M|\n|poke|p1|Maushold, L50|\n|poke|p2|Volcarona, L50, M|\n|poke|p2|Garganacl, L50, F|\n|poke|p2|Flutter Mane, L50|\n|poke|p2|Palafin, L50, F|\n|poke|p2|Pelipper, L50, F|\n|poke|p2|Ting-Lu, L50|\n|teampreview|4\n|inactive|Battle timer is ON: inactive players will automatically lose when time's up. (requested by Lunio_777)\n|\n|t:|1681678022\n|start\n|switch|p1a: Squawkabilly|Squawkabilly-Yellow, L50, M|100\/100\n|switch|p1b: Armarouge|Armarouge, L50, M|100\/100\n|switch|p2a: Volcarona|Volcarona, L50, M|100\/100\n|switch|p2b: Palafin|Palafin, L50, F|100\/100\n|-ability|p1a: Squawkabilly|Intimidate|boost\n|-unboost|p2a: Volcarona|atk|1\n|-unboost|p2b: Palafin|atk|1\n|turn|1\n|inactive|Piff92 has 30 seconds left.\n|inactive|Piff92 has 20 seconds left.\n|inactive|Piff92 has 15 seconds left.\n|\n|t:|1681678062\n|-terastallize|p1b: Armarouge|Dark\n|move|p1a: Squawkabilly|U-turn|p1b: Armarouge\n|-supereffective|p1b: Armarouge\n|-damage|p1b: Armarouge|69\/100\n|-ability|p1b: Armarouge|Weak Armor|boost\n|-unboost|p1b: Armarouge|def|1\n|-boost|p1b: Armarouge|spe|2\n|-enditem|p1b: Armarouge|Weakness Policy\n|-boost|p1b: Armarouge|atk|2|[from] item: Weakness Policy\n|-boost|p1b: Armarouge|spa|2|[from] item: Weakness Policy\n|\n|t:|1681678071\n|switch|p1a: Indeedee|Indeedee-F, L50, F|100\/100|[from] U-turn\n|-fieldstart|move: Psychic Terrain|[from] ability: Psychic Surge|[of] p1a: Indeedee\n|move|p1b: Armarouge|Expanding Force|p2a: Volcarona|[spread] p2a,p2b\n|-damage|p2a: Volcarona|0 fnt\n|-damage|p2b: Palafin|0 fnt\n|faint|p2a: Volcarona\n|faint|p2b: Palafin\n|\n|upkeep\n|\n|t:|1681678092\n|switch|p2a: Garganacl|Garganacl, L50, F|100\/100\n|switch|p2b: Ting-Lu|Ting-Lu, L50|100\/100\n|-ability|p2b: Ting-Lu|Vessel of Ruin\n|turn|2\n|inactive|Lunio_777 has 30 seconds left.\n|\n|t:|1681678125\n|move|p1a: Indeedee|Follow Me|p1a: Indeedee\n|-singleturn|p1a: Indeedee|move: Follow Me\n|move|p1b: Armarouge|Energy Ball|p2b: Ting-Lu\n|-supereffective|p2b: Ting-Lu\n|-damage|p2b: Ting-Lu|61\/100\n|move|p2b: Ting-Lu|Fissure|p1a: Indeedee|[miss]\n|-miss|p2b: Ting-Lu|p1a: Indeedee\n|move|p2a: Garganacl|Salt Cure|p1a: Indeedee\n|-damage|p1a: Indeedee|85\/100\n|-start|p1a: Indeedee|Salt Cure\n|\n|-damage|p1a: Indeedee|73\/100|[from] Salt Cure\n|upkeep\n|turn|3\n|\n|t:|1681678149\n|move|p1a: Indeedee|Follow Me|p1a: Indeedee\n|-singleturn|p1a: Indeedee|move: Follow Me\n|move|p1b: Armarouge|Energy Ball|p2b: Ting-Lu\n|-supereffective|p2b: Ting-Lu\n|-damage|p2b: Ting-Lu|17\/100\n|move|p2b: Ting-Lu|Fissure|p1a: Indeedee\n|-damage|p1a: Indeedee|0 fnt\n|faint|p1a: Indeedee\n|-ohko\n|move|p2a: Garganacl|Salt Cure|p1b: Armarouge\n|-damage|p1b: Armarouge|47\/100\n|-start|p1b: Armarouge|Salt Cure\n|-ability|p1b: Armarouge|Weak Armor|boost\n|-unboost|p1b: Armarouge|def|1\n|-boost|p1b: Armarouge|spe|2\n|\n|-damage|p1b: Armarouge|35\/100|[from] Salt Cure\n|upkeep\n|\n|t:|1681678173\n|switch|p1a: Squawkabilly|Squawkabilly-Yellow, L50, M|100\/100\n|-ability|p1a: Squawkabilly|Intimidate|boost\n|-unboost|p2a: Garganacl|atk|1\n|-unboost|p2b: Ting-Lu|atk|1\n|turn|4\n|\n|t:|1681678190\n|move|p1b: Armarouge|Energy Ball|p2b: Ting-Lu\n|-supereffective|p2b: Ting-Lu\n|-damage|p2b: Ting-Lu|0 fnt\n|faint|p2b: Ting-Lu\n|move|p1a: Squawkabilly|Final Gambit|p2a: Garganacl\n|-damage|p2a: Garganacl|9\/100\n|faint|p1a: Squawkabilly\n|move|p2a: Garganacl|Salt Cure|p1b: Armarouge\n|-damage|p1b: Armarouge|17\/100\n|-ability|p1b: Armarouge|Weak Armor|boost\n|-unboost|p1b: Armarouge|def|1\n|-boost|p1b: Armarouge|spe|2\n|\n|-heal|p2a: Garganacl|15\/100|[from] item: Leftovers\n|-damage|p1b: Armarouge|4\/100|[from] Salt Cure\n|upkeep\n|\n|t:|1681678206\n|switch|p1a: Tauros|Tauros-Paldea-Aqua, L50, M|100\/100\n|-ability|p1a: Tauros|Intimidate|boost\n|-unboost|p2a: Garganacl|atk|1\n|turn|5\n|\n|t:|1681678219\n|move|p2a: Garganacl|Protect|p2a: Garganacl\n|-singleturn|p2a: Garganacl|Protect\n|move|p1b: Armarouge|Expanding Force|p2a: Garganacl\n|-activate|p2a: Garganacl|move: Protect\n|move|p1a: Tauros|Raging Bull|p2a: Garganacl\n|-activate|p2a: Garganacl|move: Protect\n|\n|-heal|p2a: Garganacl|21\/100|[from] item: Leftovers\n|-damage|p1b: Armarouge|0 fnt|[from] Salt Cure\n|faint|p1b: Armarouge\n|-fieldend|move: Psychic Terrain\n|upkeep\n|turn|6\n|\n|t:|1681678233\n|-terastallize|p2a: Garganacl|Steel\n|move|p1a: Tauros|Raging Bull|p2a: Garganacl\n|-damage|p2a: Garganacl|0 fnt\n|faint|p2a: Garganacl\n|\n|win|Piff92\n|raw|Piff92's rating: 1087 → 1107<\/strong> (+20 for winning)\n|raw|Lunio_777's rating: 1000 → 1000<\/strong> (+0 for losing)\n|l|\u2606Lunio_777\n","uploadtime":1681678245,"views":16,"p1id":"piff92","p2id":"lunio777","formatid":"gen9vgc2023regulationc","rating":1000,"private":0,"password":""}