{"id":"gen9vgc2023regulationc-1860348247","p1":"Millamojake","p2":"Arcacagne","format":"[Gen 9] VGC 2023 Regulation C","log":"|j|\u2606Millamojake\n|j|\u2606Arcacagne\n|t:|1683635755\n|gametype|doubles\n|player|p1|Millamojake|alder|1333\n|player|p2|Arcacagne|101|1217\n|teamsize|p1|6\n|teamsize|p2|6\n|gen|9\n|tier|[Gen 9] VGC 2023 Regulation C\n|rated|\n|rule|Species Clause: Limit one of each Pok\u00e9mon\n|rule|Item Clause: Limit one of each item\n|clearpoke\n|poke|p1|Pelipper, L50, M|\n|poke|p1|Palafin, L50, M|\n|poke|p1|Tinkaton, L50, F|\n|poke|p1|Chien-Pao, L50|\n|poke|p1|Gholdengo, L50|\n|poke|p1|Iron Hands, L50|\n|poke|p2|Flutter Mane, L50|\n|poke|p2|Chi-Yu, L50|\n|poke|p2|Amoonguss, L50, M|\n|poke|p2|Annihilape, L50, F|\n|poke|p2|Scream Tail, L50|\n|poke|p2|Iron Bundle, L50|\n|teampreview|4\n|inactive|Battle timer is ON: inactive players will automatically lose when time's up. (requested by Millamojake)\n|\n|t:|1683635784\n|start\n|switch|p1a: Pelipper|Pelipper, L50, M, shiny|100\/100\n|switch|p1b: Palafin|Palafin, L50, M, shiny|100\/100\n|switch|p2a: Annihilape|Annihilape, L50, F|100\/100\n|switch|p2b: Flutter Mane|Flutter Mane, L50|100\/100\n|-weather|RainDance|[from] ability: Drizzle|[of] p1a: Pelipper\n|turn|1\n|inactive|Arcacagne has 30 seconds left.\n|\n|t:|1683635812\n|-terastallize|p1b: Palafin|Water\n|move|p1a: Pelipper|Protect|p1a: Pelipper\n|-singleturn|p1a: Pelipper|Protect\n|move|p1b: Palafin|Jet Punch|p2b: Flutter Mane\n|-damage|p2b: Flutter Mane|0 fnt\n|faint|p2b: Flutter Mane\n|-end|p2b: Flutter Mane|Protosynthesis|[silent]\n|move|p2a: Annihilape|Bulk Up|p2a: Annihilape\n|-boost|p2a: Annihilape|atk|1\n|-boost|p2a: Annihilape|def|1\n|\n|-weather|RainDance|[upkeep]\n|upkeep\n|\n|t:|1683635822\n|switch|p2b: Scream Tail|Scream Tail, L50|100\/100\n|-enditem|p2b: Scream Tail|Booster Energy\n|-activate|p2b: Scream Tail|ability: Protosynthesis|[fromitem]\n|-start|p2b: Scream Tail|protosynthesisspe\n|turn|2\n|\n|t:|1683635836\n|detailschange|p1b: Palafin|Palafin-Hero, L50, M, shiny, tera:Water\n|switch|p1b: Tinkaton|Tinkaton, L50, F, shiny|100\/100\n|-ability|p1b: Tinkaton|Mold Breaker\n|-terastallize|p2b: Scream Tail|Grass\n|move|p2b: Scream Tail|Encore|p1a: Pelipper\n|-start|p1a: Pelipper|Encore\n|move|p1a: Pelipper|Protect|p1a: Pelipper\n|-singleturn|p1a: Pelipper|Protect\n|move|p2a: Annihilape|Drain Punch|p1b: Tinkaton\n|-damage|p1b: Tinkaton|43\/100\n|-enditem|p1b: Tinkaton|Sitrus Berry|[eat]\n|-heal|p1b: Tinkaton|68\/100|[from] item: Sitrus Berry\n|\n|-weather|RainDance|[upkeep]\n|upkeep\n|turn|3\n|inactive|Arcacagne has 30 seconds left.\n|\n|t:|1683635862\n|switch|p1a: Iron Hands|Iron Hands, L50, shiny|100\/100\n|move|p2a: Annihilape|Protect|p2a: Annihilape\n|-singleturn|p2a: Annihilape|Protect\n|move|p2b: Scream Tail|Dazzling Gleam|p1b: Tinkaton|[spread] p1a,p1b\n|-supereffective|p1a: Iron Hands\n|-resisted|p1b: Tinkaton\n|-damage|p1a: Iron Hands|83\/100\n|-damage|p1b: Tinkaton|63\/100\n|move|p1b: Tinkaton|Thunder Wave|p2b: Scream Tail\n|-status|p2b: Scream Tail|par\n|\n|-weather|RainDance|[upkeep]\n|upkeep\n|turn|4\n|\n|t:|1683635884\n|move|p2b: Scream Tail|Protect|p2b: Scream Tail\n|-singleturn|p2b: Scream Tail|Protect\n|move|p1a: Iron Hands|Fake Out|p2b: Scream Tail\n|-activate|p2b: Scream Tail|move: Protect\n|move|p1b: Tinkaton|Gigaton Hammer|p2b: Scream Tail\n|-activate|p2b: Scream Tail|move: Protect\n|move|p2a: Annihilape|Drain Punch|p1b: Tinkaton\n|-damage|p1b: Tinkaton|8\/100\n|\n|-weather|RainDance|[upkeep]\n|upkeep\n|turn|5\n|inactive|Arcacagne has 30 seconds left.\n|\n|t:|1683635916\n|-end|p1a: Iron Hands|Quark Drive|[silent]\n|switch|p1a: Pelipper|Pelipper, L50, M, shiny|100\/100\n|move|p2b: Scream Tail|Encore||[still]\n|-fail|p2b: Scream Tail\n|move|p1b: Tinkaton|Play Rough|p2a: Annihilape\n|-supereffective|p2a: Annihilape\n|-damage|p2a: Annihilape|66\/100\n|move|p2a: Annihilape|Bulk Up|p2a: Annihilape\n|-boost|p2a: Annihilape|atk|1\n|-boost|p2a: Annihilape|def|1\n|\n|-weather|RainDance|[upkeep]\n|upkeep\n|turn|6\n|inactive|Arcacagne has 30 seconds left.\n|\n|t:|1683635941\n|move|p2a: Annihilape|Protect|p2a: Annihilape\n|-singleturn|p2a: Annihilape|Protect\n|cant|p2b: Scream Tail|par\n|move|p1a: Pelipper|Hurricane|p2a: Annihilape\n|-activate|p2a: Annihilape|move: Protect\n|move|p1b: Tinkaton|Thunder Wave|p2a: Annihilape\n|-activate|p2a: Annihilape|move: Protect\n|\n|-weather|RainDance|[upkeep]\n|upkeep\n|turn|7\n|\n|t:|1683635965\n|move|p2b: Scream Tail|Disable|p1a: Pelipper\n|-start|p1a: Pelipper|Disable|Hurricane\n|cant|p1a: Pelipper|Disable|Hurricane\n|move|p1b: Tinkaton|Thunder Wave|p2a: Annihilape\n|-status|p2a: Annihilape|par\n|move|p2a: Annihilape|Drain Punch|p1b: Tinkaton\n|-damage|p1b: Tinkaton|0 fnt\n|-heal|p2a: Annihilape|70\/100 par|[from] drain|[of] p1b: Tinkaton\n|faint|p1b: Tinkaton\n|\n|-weather|RainDance|[upkeep]\n|upkeep\n|\n|t:|1683635976\n|switch|p1b: Palafin|Palafin-Hero, L50, M, shiny, tera:Water|100\/100\n|-activate|p1b: Palafin|ability: Zero to Hero\n|turn|8\n|\n|t:|1683635994\n|switch|p1a: Iron Hands|Iron Hands, L50, shiny|83\/100\n|move|p2b: Scream Tail|Dazzling Gleam|p1b: Palafin|[spread] p1a,p1b\n|-supereffective|p1a: Iron Hands\n|-damage|p1a: Iron Hands|67\/100\n|-damage|p1b: Palafin|86\/100\n|move|p1b: Palafin|Haze|p1b: Palafin\n|-clearallboost\n|move|p2a: Annihilape|Drain Punch|p1b: Palafin\n|-damage|p1b: Palafin|55\/100\n|-heal|p2a: Annihilape|85\/100 par|[from] drain|[of] p1b: Palafin\n|\n|-weather|none\n|upkeep\n|turn|9\n|inactive|Millamojake has 30 seconds left.\n|inactive|Arcacagne has 30 seconds left.\n|\n|t:|1683636027\n|-end|p1a: Iron Hands|Quark Drive|[silent]\n|switch|p1a: Pelipper|Pelipper, L50, M, shiny|100\/100\n|-weather|RainDance|[from] ability: Drizzle|[of] p1a: Pelipper\n|move|p1b: Palafin|Protect|p1b: Palafin\n|-singleturn|p1b: Palafin|Protect\n|cant|p2b: Scream Tail|par\n|move|p2a: Annihilape|Rage Fist|p1b: Palafin\n|-activate|p1b: Palafin|move: Protect\n|\n|-weather|RainDance|[upkeep]\n|upkeep\n|turn|10\n|\n|t:|1683636043\n|switch|p1b: Iron Hands|Iron Hands, L50, shiny|67\/100\n|switch|p2a: Iron Bundle|Iron Bundle, L50|100\/100\n|move|p1a: Pelipper|Protect|p1a: Pelipper\n|-singleturn|p1a: Pelipper|Protect\n|move|p2b: Scream Tail|Encore||[still]\n|-fail|p2b: Scream Tail\n|\n|-weather|RainDance|[upkeep]\n|upkeep\n|turn|11\n|\n|t:|1683636058\n|move|p2a: Iron Bundle|Protect|p2a: Iron Bundle\n|-singleturn|p2a: Iron Bundle|Protect\n|move|p2b: Scream Tail|Protect|p2b: Scream Tail\n|-singleturn|p2b: Scream Tail|Protect\n|move|p1b: Iron Hands|Fake Out|p2b: Scream Tail\n|-activate|p2b: Scream Tail|move: Protect\n|move|p1a: Pelipper|Hurricane|p2b: Scream Tail\n|-activate|p2b: Scream Tail|move: Protect\n|\n|-weather|RainDance|[upkeep]\n|upkeep\n|turn|12\n|\n|t:|1683636080\n|move|p2a: Iron Bundle|Freeze-Dry|p1a: Pelipper\n|-supereffective|p1a: Pelipper\n|-damage|p1a: Pelipper|0 fnt\n|faint|p1a: Pelipper\n|move|p2b: Scream Tail|Dazzling Gleam|p1b: Iron Hands\n|-supereffective|p1b: Iron Hands\n|-damage|p1b: Iron Hands|43\/100\n|move|p1b: Iron Hands|Wild Charge|p2a: Iron Bundle\n|-supereffective|p2a: Iron Bundle\n|-enditem|p2a: Iron Bundle|Focus Sash\n|-damage|p2a: Iron Bundle|1\/100\n|-damage|p1b: Iron Hands|30\/100|[from] Recoil\n|\n|-weather|RainDance|[upkeep]\n|upkeep\n|\n|t:|1683636089\n|switch|p1a: Palafin|Palafin-Hero, L50, M, shiny, tera:Water|55\/100\n|turn|13\n|\n|t:|1683636109\n|move|p2a: Iron Bundle|Protect|p2a: Iron Bundle\n|-singleturn|p2a: Iron Bundle|Protect\n|move|p1a: Palafin|Jet Punch|p2a: Iron Bundle\n|-activate|p2a: Iron Bundle|move: Protect\n|move|p2b: Scream Tail|Dazzling Gleam|p1a: Palafin|[spread] p1a,p1b\n|-supereffective|p1b: Iron Hands\n|-damage|p1a: Palafin|40\/100\n|-damage|p1b: Iron Hands|13\/100\n|move|p1b: Iron Hands|Drain Punch|p2b: Scream Tail\n|-damage|p2b: Scream Tail|64\/100 par\n|-heal|p1b: Iron Hands|29\/100|[from] drain|[of] p2b: Scream Tail\n|\n|-weather|RainDance|[upkeep]\n|upkeep\n|turn|14\n|\n|t:|1683636132\n|-end|p2a: Iron Bundle|Quark Drive|[silent]\n|switch|p2a: Annihilape|Annihilape, L50, F|85\/100 par\n|move|p2b: Scream Tail|Disable|p1a: Palafin\n|-start|p1a: Palafin|Disable|Jet Punch\n|move|p1a: Palafin|Wave Crash|p2a: Annihilape\n|-damage|p2a: Annihilape|0 fnt\n|faint|p2a: Annihilape\n|-damage|p1a: Palafin|11\/100|[from] Recoil\n|move|p1b: Iron Hands|Wild Charge|p2b: Scream Tail\n|-resisted|p2b: Scream Tail\n|-damage|p2b: Scream Tail|43\/100 par\n|-damage|p1b: Iron Hands|25\/100|[from] Recoil\n|\n|-weather|RainDance|[upkeep]\n|upkeep\n|\n|t:|1683636145\n|switch|p2a: Iron Bundle|Iron Bundle, L50|1\/100\n|turn|15\n|\n|t:|1683636163\n|move|p1a: Palafin|Protect|p1a: Palafin\n|-singleturn|p1a: Palafin|Protect\n|move|p2a: Iron Bundle|Hydro Pump|p1b: Iron Hands\n|-damage|p1b: Iron Hands|0 fnt\n|faint|p1b: Iron Hands\n|-end|p1b: Iron Hands|Quark Drive|[silent]\n|move|p2b: Scream Tail|Dazzling Gleam|p1a: Palafin\n|-activate|p1a: Palafin|move: Protect\n|\n|-weather|RainDance|[upkeep]\n|upkeep\n|turn|16\n|\n|t:|1683636177\n|move|p1a: Palafin|Protect|p1a: Palafin\n|-singleturn|p1a: Palafin|Protect\n|move|p2a: Iron Bundle|Freeze-Dry|p1a: Palafin\n|-activate|p1a: Palafin|move: Protect\n|move|p2b: Scream Tail|Dazzling Gleam|p1a: Palafin\n|-activate|p1a: Palafin|move: Protect\n|\n|-weather|none\n|upkeep\n|turn|17\n|\n|t:|1683636191\n|move|p2a: Iron Bundle|Freeze-Dry|p1a: Palafin\n|-supereffective|p1a: Palafin\n|-damage|p1a: Palafin|0 fnt\n|faint|p1a: Palafin\n|\n|win|Arcacagne\n|raw|Millamojake's rating: 1333 → 1307<\/strong> (-26 for losing)\n|raw|Arcacagne's rating: 1217 → 1250<\/strong> (+33 for winning)\n|l|\u2606Millamojake\n|c|\u2606Arcacagne|gg\n","uploadtime":1683636255,"views":13,"p1id":"millamojake","p2id":"arcacagne","formatid":"gen9vgc2023regulationc","rating":1250,"private":0,"password":""}