{"id":"gen9vgc2023regulationc-1853244771","p1":"JCH221","p2":"dsgxxx","format":"[Gen 9] VGC 2023 Regulation C","log":"|j|\u2606JCH221\n|j|\u2606dsgxxx\n|t:|1682654020\n|gametype|doubles\n|player|p1|JCH221|red|1055\n|player|p2|dsgxxx|170|1087\n|teamsize|p1|6\n|teamsize|p2|6\n|gen|9\n|tier|[Gen 9] VGC 2023 Regulation C\n|rated|\n|rule|Species Clause: Limit one of each Pok\u00e9mon\n|rule|Item Clause: Limit one of each item\n|clearpoke\n|poke|p1|Flutter Mane, L50|\n|poke|p1|Palafin, L50, M|\n|poke|p1|Tyranitar, L50, M|\n|poke|p1|Garchomp, L50, M|\n|poke|p1|Meowscarada, L50, M|\n|poke|p1|Dragonite, L50, M|\n|poke|p2|Flutter Mane, L50|\n|poke|p2|Palafin, L50, M|\n|poke|p2|Arcanine, L50, M|\n|poke|p2|Amoonguss, L50, M|\n|poke|p2|Ting-Lu, L50|\n|poke|p2|Dragonite, L50, F|\n|teampreview|4\n|inactive|Battle timer is ON: inactive players will automatically lose when time's up. (requested by dsgxxx)\n|\n|t:|1682654049\n|start\n|switch|p1a: Garchomp|Garchomp, L50, M|100\/100\n|switch|p1b: Meowscarada|Meowscarada, L50, M|100\/100\n|switch|p2a: Palafin|Palafin, L50, M|100\/100\n|switch|p2b: Arcanine|Arcanine, L50, M|100\/100\n|-ability|p2b: Arcanine|Intimidate|boost\n|-unboost|p1a: Garchomp|atk|1\n|-unboost|p1b: Meowscarada|atk|1\n|turn|1\n|inactive|JCH221 has 30 seconds left.\n|inactive|dsgxxx has 30 seconds left.\n|\n|t:|1682654077\n|detailschange|p2a: Palafin|Palafin-Hero, L50, M\n|switch|p2a: Amoonguss|Amoonguss, L50, M|100\/100\n|-terastallize|p2b: Arcanine|Water\n|move|p1b: Meowscarada|Flower Trick|p2a: Amoonguss\n|-start|p1b: Meowscarada|typechange|Grass|[from] ability: Protean\n|-resisted|p2a: Amoonguss\n|-crit|p2a: Amoonguss\n|-damage|p2a: Amoonguss|90\/100\n|move|p2b: Arcanine|Flare Blitz|p1b: Meowscarada\n|-supereffective|p1b: Meowscarada\n|-damage|p1b: Meowscarada|0 fnt\n|faint|p1b: Meowscarada\n|-damage|p2b: Arcanine|75\/100|[from] Recoil\n|move|p1a: Garchomp|Earthquake|p2b: Arcanine|[spread] p2a,p2b\n|-crit|p2b: Arcanine\n|-damage|p2a: Amoonguss|70\/100\n|-damage|p2b: Arcanine|14\/100\n|-enditem|p2b: Arcanine|Mago Berry|[eat]\n|-heal|p2b: Arcanine|47\/100|[from] item: Mago Berry\n|\n|upkeep\n|\n|t:|1682654095\n|switch|p1b: Tyranitar|Tyranitar, L50, M|100\/100\n|-weather|Sandstorm|[from] ability: Sand Stream|[of] p1b: Tyranitar\n|turn|2\n|inactive|dsgxxx has 30 seconds left.\n|\n|t:|1682654124\n|switch|p2b: Palafin|Palafin-Hero, L50, M|100\/100\n|-activate|p2b: Palafin|ability: Zero to Hero\n|move|p1b: Tyranitar|Protect|p1b: Tyranitar\n|-singleturn|p1b: Tyranitar|Protect\n|move|p1a: Garchomp|Earthquake|p2a: Amoonguss|[spread] p2a,p2b\n|-activate|p1b: Tyranitar|move: Protect\n|-damage|p2a: Amoonguss|47\/100\n|-damage|p2b: Palafin|78\/100\n|-enditem|p2a: Amoonguss|Sitrus Berry|[eat]\n|-heal|p2a: Amoonguss|72\/100|[from] item: Sitrus Berry\n|move|p2a: Amoonguss|Spore|p1b: Tyranitar\n|-activate|p1b: Tyranitar|move: Protect\n|\n|-weather|Sandstorm|[upkeep]\n|-damage|p2b: Palafin|72\/100|[from] Sandstorm\n|-damage|p2a: Amoonguss|66\/100|[from] Sandstorm\n|upkeep\n|turn|3\n|inactive|JCH221 has 30 seconds left.\n|inactive|JCH221 has 20 seconds left.\n|\n|t:|1682654159\n|switch|p2b: Arcanine|Arcanine, L50, M, tera:Water|47\/100\n|-ability|p2b: Arcanine|Intimidate|boost\n|-unboost|p1a: Garchomp|atk|1\n|-unboost|p1b: Tyranitar|atk|1\n|-terastallize|p1b: Tyranitar|Ghost\n|move|p1a: Garchomp|Protect|p1a: Garchomp\n|-singleturn|p1a: Garchomp|Protect\n|move|p1b: Tyranitar|Shadow Claw|p2b: Arcanine\n|-damage|p2b: Arcanine|10\/100\n|-damage|p1b: Tyranitar|91\/100|[from] item: Life Orb\n|move|p2a: Amoonguss|Pollen Puff|p2b: Arcanine\n|-heal|p2b: Arcanine|59\/100\n|\n|-weather|Sandstorm|[upkeep]\n|-damage|p2b: Arcanine|53\/100|[from] Sandstorm\n|-damage|p1b: Tyranitar|85\/100|[from] Sandstorm\n|-damage|p2a: Amoonguss|60\/100|[from] Sandstorm\n|upkeep\n|turn|4\n|inactive|dsgxxx has 30 seconds left.\n|\n|t:|1682654188\n|switch|p1a: Flutter Mane|Flutter Mane, L50|100\/100\n|-enditem|p1a: Flutter Mane|Booster Energy\n|-activate|p1a: Flutter Mane|ability: Protosynthesis|[fromitem]\n|-start|p1a: Flutter Mane|protosynthesisspe\n|move|p2b: Arcanine|Will-O-Wisp|p1a: Flutter Mane\n|-status|p1a: Flutter Mane|brn\n|move|p1b: Tyranitar|Iron Head|p2a: Amoonguss\n|-damage|p2a: Amoonguss|39\/100\n|-damage|p1b: Tyranitar|75\/100|[from] item: Life Orb\n|cant|p2a: Amoonguss|flinch\n|\n|-weather|Sandstorm|[upkeep]\n|-damage|p1a: Flutter Mane|94\/100 brn|[from] Sandstorm\n|-damage|p2b: Arcanine|47\/100|[from] Sandstorm\n|-damage|p1b: Tyranitar|70\/100|[from] Sandstorm\n|-damage|p2a: Amoonguss|34\/100|[from] Sandstorm\n|-damage|p1a: Flutter Mane|88\/100 brn|[from] brn\n|upkeep\n|turn|5\n|inactive|JCH221 has 30 seconds left.\n|inactive|dsgxxx has 30 seconds left.\n|inactive|dsgxxx has 20 seconds left.\n|inactive|JCH221 has 20 seconds left.\n|inactive|dsgxxx has 15 seconds left.\n|\n|t:|1682654232\n|switch|p2b: Flutter Mane|Flutter Mane, L50|100\/100\n|-enditem|p2b: Flutter Mane|Booster Energy\n|-activate|p2b: Flutter Mane|ability: Protosynthesis|[fromitem]\n|-start|p2b: Flutter Mane|protosynthesisspa\n|switch|p2a: Palafin|Palafin-Hero, L50, M|72\/100\n|move|p1a: Flutter Mane|Dazzling Gleam|p2a: Palafin|[spread] p2a,p2b\n|-damage|p2a: Palafin|41\/100\n|-damage|p2b: Flutter Mane|74\/100\n|move|p1b: Tyranitar|Rock Slide|p2a: Palafin|[spread] p2a,p2b\n|-damage|p2a: Palafin|17\/100\n|-damage|p2b: Flutter Mane|36\/100\n|-damage|p1b: Tyranitar|60\/100|[from] item: Life Orb\n|\n|-weather|Sandstorm|[upkeep]\n|-damage|p1a: Flutter Mane|82\/100 brn|[from] Sandstorm\n|-damage|p2b: Flutter Mane|30\/100|[from] Sandstorm\n|-damage|p2a: Palafin|12\/100|[from] Sandstorm\n|-damage|p1b: Tyranitar|54\/100|[from] Sandstorm\n|-damage|p1a: Flutter Mane|76\/100 brn|[from] brn\n|upkeep\n|turn|6\n|inactive|JCH221 has 30 seconds left.\n|inactive|dsgxxx has 30 seconds left.\n|\n|t:|1682654266\n|move|p2a: Palafin|Jet Punch|p1a: Flutter Mane\n|-damage|p1a: Flutter Mane|0 fnt\n|faint|p1a: Flutter Mane\n|-end|p1a: Flutter Mane|Protosynthesis|[silent]\n|move|p2b: Flutter Mane|Shadow Ball|p1b: Tyranitar\n|-supereffective|p1b: Tyranitar\n|-damage|p1b: Tyranitar|0 fnt\n|faint|p1b: Tyranitar\n|\n|-weather|none\n|upkeep\n|\n|t:|1682654277\n|switch|p1b: Garchomp|Garchomp, L50, M|100\/100\n|turn|7\n|\n|t:|1682654285\n|switch|p2a: Arcanine|Arcanine, L50, M, tera:Water|47\/100\n|-ability|p2a: Arcanine|Intimidate|boost\n|-unboost|p1b: Garchomp|atk|1\n|move|p2b: Flutter Mane|Moonblast|p1b: Garchomp\n|-supereffective|p1b: Garchomp\n|-damage|p1b: Garchomp|1\/100\n|-unboost|p1b: Garchomp|spa|1\n|move|p1b: Garchomp|Poison Jab|p2b: Flutter Mane\n|-crit|p2b: Flutter Mane\n|-damage|p2b: Flutter Mane|0 fnt\n|faint|p2b: Flutter Mane\n|-end|p2b: Flutter Mane|Protosynthesis|[silent]\n|\n|upkeep\n|\n|t:|1682654297\n|switch|p2b: Amoonguss|Amoonguss, L50, M|67\/100\n|turn|8\n|\n|t:|1682654308\n|move|p2a: Arcanine|Flare Blitz|p1b: Garchomp\n|-resisted|p1b: Garchomp\n|-damage|p1b: Garchomp|0 fnt\n|-damage|p2a: Arcanine|35\/100|[from] ability: Rough Skin|[of] p1b: Garchomp\n|-damage|p2a: Arcanine|19\/100|[from] item: Rocky Helmet|[of] p1b: Garchomp\n|faint|p1b: Garchomp\n|-damage|p2a: Arcanine|18\/100|[from] Recoil\n|\n|win|dsgxxx\n|raw|JCH221's rating: 1055 → 1038<\/strong> (-17 for losing)\n|raw|dsgxxx's rating: 1087 → 1111<\/strong> (+24 for winning)\n|l|\u2606JCH221\n","uploadtime":1682654711,"views":9,"p1id":"jch221","p2id":"dsgxxx","formatid":"gen9vgc2023regulationc","rating":1038,"private":0,"password":""}