{"id":"gen9vgc2023regulationc-1857095574","p1":"Livnlarge27","p2":"Keveloper","format":"[Gen 9] VGC 2023 Regulation C","log":"|j|\u2606Livnlarge27\n|j|\u2606Keveloper\n|t:|1683145310\n|gametype|doubles\n|player|p1|Livnlarge27|silver|1515\n|player|p2|Keveloper|lucas|1501\n|teamsize|p1|6\n|teamsize|p2|6\n|gen|9\n|tier|[Gen 9] VGC 2023 Regulation C\n|rated|\n|rule|Species Clause: Limit one of each Pok\u00e9mon\n|rule|Item Clause: Limit one of each item\n|clearpoke\n|poke|p1|Flutter Mane, L50|\n|poke|p1|Torkoal, L50, F|\n|poke|p1|Chien-Pao, L50|\n|poke|p1|Jumpluff, L50, F|\n|poke|p1|Garganacl, L50, M|\n|poke|p1|Iron Hands, L50|\n|poke|p2|Orthworm, L50, M|\n|poke|p2|Dragonite, L50, F|\n|poke|p2|Ting-Lu, L50|\n|poke|p2|Gyarados, L50, F|\n|poke|p2|Flutter Mane, L50|\n|poke|p2|Chien-Pao, L50|\n|teampreview|4\nKeveloper has agreed to open team sheets.\n|\n|t:|1683145346\n|start\n|switch|p1a: Jumpluff|Jumpluff, L50, F|100\/100\n|switch|p1b: Torkoal|Torkoal, L50, F|100\/100\n|switch|p2a: Orthworm|Orthworm, L50, M|100\/100\n|switch|p2b: Gyarados|Gyarados, L50, F|100\/100\n|-ability|p2b: Gyarados|Intimidate|boost\n|-unboost|p1a: Jumpluff|atk|1\n|-unboost|p1b: Torkoal|atk|1\n|-weather|SunnyDay|[from] ability: Drought|[of] p1b: Torkoal\n|turn|1\n|inactive|Battle timer is ON: inactive players will automatically lose when time's up. (requested by Livnlarge27)\n|\n|t:|1683145374\n|-terastallize|p2a: Orthworm|Fire\n|move|p1a: Jumpluff|Tailwind|p1a: Jumpluff\n|-sidestart|p1: Livnlarge27|move: Tailwind\n|move|p1b: Torkoal|Eruption|p2a: Orthworm|[spread] p2a,p2b\n|-resisted|p2a: Orthworm\n|-resisted|p2b: Gyarados\n|-damage|p2a: Orthworm|41\/100\n|-damage|p2b: Gyarados|63\/100\n|-enditem|p2a: Orthworm|Sitrus Berry|[eat]\n|-heal|p2a: Orthworm|66\/100|[from] item: Sitrus Berry\n|move|p2b: Gyarados|Taunt|p1a: Jumpluff\n|-start|p1a: Jumpluff|move: Taunt\n|move|p2a: Orthworm|Iron Defense|p2a: Orthworm\n|-boost|p2a: Orthworm|def|2\n|\n|-weather|SunnyDay|[upkeep]\n|upkeep\n|turn|2\n|\n|t:|1683145394\n|switch|p1a: Iron Hands|Iron Hands, L50|100\/100\n|move|p1b: Torkoal|Eruption|p2a: Orthworm|[spread] p2a,p2b\n|-resisted|p2a: Orthworm\n|-resisted|p2b: Gyarados\n|-damage|p2a: Orthworm|7\/100\n|-damage|p2b: Gyarados|25\/100\n|move|p2b: Gyarados|Bulldoze|p1b: Torkoal|[spread] p1a,p1b\n|-heal|p2a: Orthworm|32\/100|[from] ability: Earth Eater|[of] p2b: Gyarados\n|-supereffective|p1a: Iron Hands\n|-supereffective|p1b: Torkoal\n|-damage|p1a: Iron Hands|84\/100\n|-damage|p1b: Torkoal|76\/100\n|-unboost|p1a: Iron Hands|spe|1\n|-unboost|p1b: Torkoal|spe|1\n|move|p2a: Orthworm|Body Press|p1b: Torkoal\n|-damage|p1b: Torkoal|19\/100\n|\n|-weather|SunnyDay|[upkeep]\n|upkeep\n|turn|3\n|inactive|Livnlarge27 has 30 seconds left.\n|\n|t:|1683145419\n|switch|p1b: Jumpluff|Jumpluff, L50, F|100\/100\n|move|p1a: Iron Hands|Fake Out|p2b: Gyarados\n|-damage|p2b: Gyarados|9\/100\n|cant|p2b: Gyarados|flinch\n|move|p2a: Orthworm|Body Press|p1a: Iron Hands\n|-damage|p1a: Iron Hands|45\/100\n|-enditem|p1a: Iron Hands|Sitrus Berry|[eat]\n|-heal|p1a: Iron Hands|70\/100|[from] item: Sitrus Berry\n|\n|-weather|SunnyDay|[upkeep]\n|upkeep\n|turn|4\n|\n|t:|1683145441\n|switch|p2b: Dragonite|Dragonite, L50, F|100\/100\n|move|p1b: Jumpluff|Sleep Powder|p2a: Orthworm|[miss]\n|-miss|p1b: Jumpluff|p2a: Orthworm\n|move|p1a: Iron Hands|Wild Charge|p2b: Dragonite\n|-damage|p2b: Dragonite|74\/100\n|-damage|p1a: Iron Hands|66\/100|[from] Recoil\n|move|p2a: Orthworm|Body Press|p1a: Iron Hands\n|-damage|p1a: Iron Hands|30\/100\n|\n|-weather|SunnyDay|[upkeep]\n|-sideend|p1: Livnlarge27|move: Tailwind\n|upkeep\n|turn|5\n|inactive|Livnlarge27 has 30 seconds left.\n|inactive|Keveloper has 30 seconds left.\n|\n|t:|1683145474\n|move|p1b: Jumpluff|Pollen Puff|p1a: Iron Hands\n|-heal|p1a: Iron Hands|80\/100\n|move|p2b: Dragonite|Earthquake|p1b: Jumpluff|[spread] p1a\n|-heal|p2a: Orthworm|57\/100|[from] ability: Earth Eater|[of] p2b: Dragonite\n|-immune|p1b: Jumpluff\n|-supereffective|p1a: Iron Hands\n|-damage|p1a: Iron Hands|47\/100\n|move|p2a: Orthworm|Iron Defense|p2a: Orthworm\n|-boost|p2a: Orthworm|def|2\n|move|p1a: Iron Hands|Swords Dance|p1a: Iron Hands\n|-boost|p1a: Iron Hands|atk|2\n|\n|-weather|none\n|upkeep\n|turn|6\n|j| Mind of the Plana\n|inactive|Livnlarge27 has 30 seconds left.\n|inactive|Livnlarge27 has 20 seconds left.\n|inactive|Livnlarge27 has 15 seconds left.\n|\n|t:|1683145514\n|move|p1b: Jumpluff|Pollen Puff|p1a: Iron Hands\n|-heal|p1a: Iron Hands|97\/100\n|move|p2b: Dragonite|Earthquake|p1b: Jumpluff|[spread] p1a\n|-heal|p2a: Orthworm|82\/100|[from] ability: Earth Eater|[of] p2b: Dragonite\n|-immune|p1b: Jumpluff\n|-supereffective|p1a: Iron Hands\n|-damage|p1a: Iron Hands|64\/100\n|move|p2a: Orthworm|Body Press|p1a: Iron Hands\n|-damage|p1a: Iron Hands|6\/100\n|move|p1a: Iron Hands|Wild Charge|p2b: Dragonite\n|-damage|p2b: Dragonite|0 fnt\n|faint|p2b: Dragonite\n|-damage|p1a: Iron Hands|0 fnt|[from] Recoil\n|faint|p1a: Iron Hands\n|-end|p1a: Iron Hands|Quark Drive|[silent]\n|\n|upkeep\n|\n|t:|1683145533\n|switch|p2b: Chien-Pao|Chien-Pao, L50|100\/100\n|switch|p1a: Torkoal|Torkoal, L50, F|19\/100\n|-ability|p2b: Chien-Pao|Sword of Ruin\n|-weather|SunnyDay|[from] ability: Drought|[of] p1a: Torkoal\n|turn|7\n|inactive|Livnlarge27 has 30 seconds left.\n|inactive|Keveloper has 30 seconds left.\n|inactive|Keveloper has 20 seconds left.\n|inactive|Livnlarge27 has 20 seconds left.\n|\n|t:|1683145573\n|move|p2b: Chien-Pao|Sucker Punch|p1a: Torkoal\n|-damage|p1a: Torkoal|0 fnt\n|faint|p1a: Torkoal\n|move|p1b: Jumpluff|Sleep Powder|p2b: Chien-Pao|[miss]\n|-miss|p1b: Jumpluff|p2b: Chien-Pao\n|move|p2a: Orthworm|Body Press|p1b: Jumpluff\n|-resisted|p1b: Jumpluff\n|-damage|p1b: Jumpluff|30\/100\n|\n|-weather|SunnyDay|[upkeep]\n|upkeep\n|\n|t:|1683145581\n|switch|p1a: Garganacl|Garganacl, L50, M|100\/100\n|turn|8\n|\n|t:|1683145604\n|move|p2b: Chien-Pao|Protect|p2b: Chien-Pao\n|-singleturn|p2b: Chien-Pao|Protect\n|move|p1b: Jumpluff|Sleep Powder|p2a: Orthworm|[miss]\n|-miss|p1b: Jumpluff|p2a: Orthworm\n|move|p2a: Orthworm|Body Press|p1b: Jumpluff\n|-resisted|p1b: Jumpluff\n|-damage|p1b: Jumpluff|0 fnt\n|faint|p1b: Jumpluff\n|move|p1a: Garganacl|Salt Cure|p2a: Orthworm\n|-supereffective|p2a: Orthworm\n|-damage|p2a: Orthworm|71\/100\n|-start|p2a: Orthworm|Salt Cure\n|\n|-weather|SunnyDay|[upkeep]\n|-damage|p2a: Orthworm|59\/100|[from] Salt Cure\n|upkeep\n|turn|9\n|\n|t:|1683145622\n|-terastallize|p1a: Garganacl|Ghost\n|move|p2b: Chien-Pao|Sucker Punch||[still]\n|-fail|p2b: Chien-Pao\n|move|p2a: Orthworm|Body Press|p1a: Garganacl\n|-immune|p1a: Garganacl\n|move|p1a: Garganacl|Stealth Rock|p2a: Orthworm\n|-sidestart|p2: Keveloper|move: Stealth Rock\n|\n|-weather|SunnyDay|[upkeep]\n|-damage|p2a: Orthworm|47\/100|[from] Salt Cure\n|upkeep\n|turn|10\n|\n|t:|1683145637\n|move|p2b: Chien-Pao|Ice Spinner|p1a: Garganacl\n|-damage|p1a: Garganacl|67\/100\n|move|p2a: Orthworm|Heavy Slam|p1a: Garganacl\n|-damage|p1a: Garganacl|56\/100\n|move|p1a: Garganacl|Salt Cure|p2b: Chien-Pao\n|-supereffective|p2b: Chien-Pao\n|-damage|p2b: Chien-Pao|62\/100\n|-start|p2b: Chien-Pao|Salt Cure\n|\n|-weather|SunnyDay|[upkeep]\n|-heal|p1a: Garganacl|62\/100|[from] item: Leftovers\n|-damage|p2b: Chien-Pao|50\/100|[from] Salt Cure\n|-damage|p2a: Orthworm|35\/100|[from] Salt Cure\n|upkeep\n|turn|11\n|\n|t:|1683145651\n|switch|p2b: Gyarados|Gyarados, L50, F|9\/100\n|-damage|p2b: Gyarados|0 fnt|[from] Stealth Rock\n|faint|p2b: Gyarados\n|move|p2a: Orthworm|Heavy Slam|p1a: Garganacl\n|-damage|p1a: Garganacl|53\/100\n|move|p1a: Garganacl|Recover|p1a: Garganacl\n|-heal|p1a: Garganacl|100\/100\n|\n|-weather|none\n|-damage|p2a: Orthworm|23\/100|[from] Salt Cure\n|upkeep\n|\n|t:|1683145659\n|switch|p2b: Chien-Pao|Chien-Pao, L50|50\/100\n|-damage|p2b: Chien-Pao|25\/100|[from] Stealth Rock\n|-ability|p2b: Chien-Pao|Sword of Ruin\n|turn|12\n|\n|t:|1683145672\n|move|p2b: Chien-Pao|Protect|p2b: Chien-Pao\n|-singleturn|p2b: Chien-Pao|Protect\n|move|p1a: Garganacl|Protect|p1a: Garganacl\n|-singleturn|p1a: Garganacl|Protect\n|move|p2a: Orthworm|Heavy Slam|p1a: Garganacl\n|-activate|p1a: Garganacl|move: Protect\n|\n|-damage|p2a: Orthworm|10\/100|[from] Salt Cure\n|upkeep\n|turn|13\n|\n|t:|1683145680\n|move|p2b: Chien-Pao|Sucker Punch||[still]\n|-fail|p2b: Chien-Pao\n|move|p2a: Orthworm|Heavy Slam|p1a: Garganacl\n|-damage|p1a: Garganacl|89\/100\n|move|p1a: Garganacl|Recover|p1a: Garganacl\n|-heal|p1a: Garganacl|100\/100\n|\n|-damage|p2a: Orthworm|0 fnt|[from] Salt Cure\n|faint|p2a: Orthworm\n|upkeep\n|turn|14\n|\n|t:|1683145686\n|move|p2b: Chien-Pao|Sucker Punch|p1a: Garganacl\n|-supereffective|p1a: Garganacl\n|-damage|p1a: Garganacl|34\/100\n|move|p1a: Garganacl|Salt Cure|p2b: Chien-Pao\n|-supereffective|p2b: Chien-Pao\n|-damage|p2b: Chien-Pao|0 fnt\n|faint|p2b: Chien-Pao\n|\n|win|Livnlarge27\n|raw|Livnlarge27's rating: 1515 → 1534<\/strong> (+19 for winning)\n|raw|Keveloper's rating: 1501 → 1482<\/strong> (-19 for losing)\n|l|\u2606Livnlarge27\n|l|\u2606Keveloper\n","uploadtime":1683147676,"views":7,"p1id":"livnlarge27","p2id":"keveloper","formatid":"gen9vgc2023regulationc","rating":1482,"private":0,"password":""}