{"id":"gen9vgc2023regulationc-1858683166","p1":"supaflytnt","p2":"Soul208","format":"[Gen 9] VGC 2023 Regulation C","log":"|j|\u2606supaflytnt\n|j|\u2606Soul208\n|t:|1683341999\n|gametype|doubles\n|player|p1|supaflytnt|102|1113\n|player|p2|Soul208|idol|1136\n|teamsize|p1|6\n|teamsize|p2|6\n|gen|9\n|tier|[Gen 9] VGC 2023 Regulation C\n|rated|\n|rule|Species Clause: Limit one of each Pok\u00e9mon\n|rule|Item Clause: Limit one of each item\n|clearpoke\n|poke|p1|Chi-Yu, L50|\n|poke|p1|Annihilape, L50, M|\n|poke|p1|Flutter Mane, L50|\n|poke|p1|Hydreigon, L50, M|\n|poke|p1|Orthworm, L50, F|\n|poke|p1|Torkoal, L50, F|\n|poke|p2|Torkoal, L50, F|\n|poke|p2|Flutter Mane, L50|\n|poke|p2|Amoonguss, L50, F|\n|poke|p2|Chi-Yu, L50|\n|poke|p2|Great Tusk, L50|\n|poke|p2|Roaring Moon, L50|\n|teampreview|4\n|\n|t:|1683342051\n|start\n|switch|p1a: BathingApe|Annihilape, L50, M|100\/100\n|switch|p1b: Phyuuuck-Yu|Chi-Yu, L50|100\/100\n|switch|p2a: Manny|Great Tusk, L50, shiny|100\/100\n|switch|p2b: Sadio Mane|Flutter Mane, L50|100\/100\n|-ability|p1b: Phyuuuck-Yu|Beads of Ruin\n|turn|1\n|\n|t:|1683342094\n|-terastallize|p1a: BathingApe|Water\n|move|p1b: Phyuuuck-Yu|Protect|p1b: Phyuuuck-Yu\n|-singleturn|p1b: Phyuuuck-Yu|Protect\n|move|p2a: Manny|Headlong Rush|p1b: Phyuuuck-Yu\n|-activate|p1b: Phyuuuck-Yu|move: Protect\n|move|p2b: Sadio Mane|Moonblast|p1a: BathingApe\n|-damage|p1a: BathingApe|10\/100\n|-unboost|p1a: BathingApe|spa|1\n|-ability|p1a: BathingApe|Defiant|boost\n|-boost|p1a: BathingApe|atk|2\n|move|p1a: BathingApe|Bulldoze|p2b: Sadio Mane|[spread] p2a,p2b\n|-activate|p1b: Phyuuuck-Yu|move: Protect\n|-damage|p2a: Manny|78\/100\n|-damage|p2b: Sadio Mane|37\/100\n|-unboost|p2a: Manny|spe|1\n|-unboost|p2b: Sadio Mane|spe|1\n|\n|upkeep\n|turn|2\n|\n|t:|1683342145\n|move|p1a: BathingApe|Protect|p1a: BathingApe\n|-singleturn|p1a: BathingApe|Protect\n|move|p1b: Phyuuuck-Yu|Lava Plume|p2a: Manny|[spread] p2a,p2b\n|-activate|p1a: BathingApe|move: Protect\n|-damage|p2a: Manny|0 fnt\n|-damage|p2b: Sadio Mane|0 fnt\n|faint|p2a: Manny\n|-end|p2a: Manny|Protosynthesis|[silent]\n|faint|p2b: Sadio Mane\n|-end|p2b: Sadio Mane|Protosynthesis|[silent]\n|-damage|p1b: Phyuuuck-Yu|91\/100|[from] item: Life Orb\n|\n|upkeep\n|\n|t:|1683342153\n|switch|p2b: WingAttack|Roaring Moon, L50, shiny|100\/100\n|switch|p2a: Amogus|Amoonguss, L50, F, shiny|100\/100\n|turn|3\n|\n|t:|1683342182\n|switch|p1a: Earthworm Jim|Orthworm, L50, F|100\/100\n|-terastallize|p2a: Amogus|Water\n|move|p1b: Phyuuuck-Yu|Protect|p1b: Phyuuuck-Yu\n|-singleturn|p1b: Phyuuuck-Yu|Protect\n|move|p2b: WingAttack|Dragon Claw|p1a: Earthworm Jim\n|-resisted|p1a: Earthworm Jim\n|-damage|p1a: Earthworm Jim|80\/100\n|-damage|p2b: WingAttack|91\/100|[from] item: Life Orb\n|move|p2a: Amogus|Spore|p1b: Phyuuuck-Yu\n|-activate|p1b: Phyuuuck-Yu|move: Protect\n|\n|upkeep\n|turn|4\n|\n|t:|1683342216\n|move|p1a: Earthworm Jim|Protect|p1a: Earthworm Jim\n|-singleturn|p1a: Earthworm Jim|Protect\n|move|p2b: WingAttack|Dragon Claw|p1b: Phyuuuck-Yu\n|-damage|p1b: Phyuuuck-Yu|4\/100\n|-damage|p2b: WingAttack|81\/100|[from] item: Life Orb\n|move|p1b: Phyuuuck-Yu|Lava Plume|p2a: Amogus|[spread] p2a,p2b\n|-activate|p1a: Earthworm Jim|move: Protect\n|-resisted|p2a: Amogus\n|-resisted|p2b: WingAttack\n|-damage|p2a: Amogus|75\/100\n|-damage|p2b: WingAttack|53\/100\n|-status|p2a: Amogus|brn\n|-status|p2b: WingAttack|brn\n|-damage|p1b: Phyuuuck-Yu|0 fnt|[from] item: Life Orb\n|faint|p1b: Phyuuuck-Yu\n|move|p2a: Amogus|Spore|p1a: Earthworm Jim\n|-activate|p1a: Earthworm Jim|move: Protect\n|\n|-damage|p2b: WingAttack|47\/100 brn|[from] brn\n|-damage|p2a: Amogus|69\/100 brn|[from] brn\n|upkeep\n|c|\u2606Soul208|ofc you get double burn >_>\n|\n|t:|1683342250\n|switch|p1b: Raphael|Torkoal, L50, F|100\/100\n|-weather|SunnyDay|[from] ability: Drought|[of] p1b: Raphael\n|-activate|p2b: WingAttack|ability: Protosynthesis\n|-start|p2b: WingAttack|protosynthesisspe\n|turn|5\n|\n|t:|1683342269\n|move|p2b: WingAttack|Throat Chop|p1a: Earthworm Jim\n|-crit|p1a: Earthworm Jim\n|-damage|p1a: Earthworm Jim|52\/100\n|-start|p1a: Earthworm Jim|Throat Chop|[silent]\n|-damage|p2b: WingAttack|37\/100 brn|[from] item: Life Orb\n|move|p1a: Earthworm Jim|Shed Tail|p1a: Earthworm Jim\n|-start|p1a: Earthworm Jim|Substitute|[from] move: Shed Tail\n|-damage|p1a: Earthworm Jim|2\/100\n|-enditem|p1a: Earthworm Jim|Sitrus Berry|[eat]\n|-heal|p1a: Earthworm Jim|27\/100|[from] item: Sitrus Berry\n|\n|t:|1683342279\n|switch|p1a: BathingApe|Annihilape, L50, M, tera:Water|10\/100|[from] Shed Tail\n|move|p2a: Amogus|Pollen Puff|p2b: WingAttack\n|-heal|p2b: WingAttack|87\/100 brn\n|move|p1b: Raphael|Heat Wave|p2b: WingAttack|[spread] p2a\n|-miss|p1b: Raphael|p2b: WingAttack\n|-resisted|p2a: Amogus\n|-damage|p2a: Amogus|37\/100 brn\n|-enditem|p2a: Amogus|Sitrus Berry|[eat]\n|-heal|p2a: Amogus|62\/100 brn|[from] item: Sitrus Berry\n|\n|-weather|SunnyDay|[upkeep]\n|-damage|p2b: WingAttack|81\/100 brn|[from] brn\n|-damage|p2a: Amogus|56\/100 brn|[from] brn\n|upkeep\n|turn|6\n|\n|t:|1683342297\n|move|p2b: WingAttack|Dragon Claw|p1a: BathingApe\n|-end|p1a: BathingApe|Substitute\n|-damage|p2b: WingAttack|71\/100 brn|[from] item: Life Orb\n|move|p1a: BathingApe|Drain Punch|p2b: WingAttack\n|-supereffective|p2b: WingAttack\n|-damage|p2b: WingAttack|0 fnt\n|-heal|p1a: BathingApe|41\/100|[from] drain|[of] p2b: WingAttack\n|faint|p2b: WingAttack\n|-end|p2b: WingAttack|Protosynthesis|[silent]\n|move|p2a: Amogus|Pollen Puff|p1a: BathingApe\n|-damage|p1a: BathingApe|25\/100\n|move|p1b: Raphael|Heat Wave|p2a: Amogus\n|-resisted|p2a: Amogus\n|-damage|p2a: Amogus|17\/100 brn\n|\n|-weather|SunnyDay|[upkeep]\n|-damage|p2a: Amogus|11\/100 brn|[from] brn\n|upkeep\n|turn|7\n|-message|Soul208 forfeited.\n|\n|win|supaflytnt\n|raw|supaflytnt's rating: 1113 → 1140<\/strong> (+27 for winning)\n|raw|Soul208's rating: 1136 → 1109<\/strong> (-27 for losing)\n|l|\u2606Soul208\n","uploadtime":1683342331,"views":14,"p1id":"supaflytnt","p2id":"soul208","formatid":"gen9vgc2023regulationc","rating":1109,"private":0,"password":""}