{"id":"gen9vgc2023regulationc-1845051407","p1":"IceBeam724","p2":"Foufhixoy1029","format":"[Gen 9] VGC 2023 Regulation C","log":"|j|\u2606IceBeam724\n|j|\u2606Foufhixoy1029\n|t:|1681678052\n|gametype|doubles\n|player|p1|IceBeam724|grimsley-masters|1540\n|player|p2|Foufhixoy1029|266|1533\n|teamsize|p1|6\n|teamsize|p2|6\n|gen|9\n|tier|[Gen 9] VGC 2023 Regulation C\n|rated|\n|rule|Species Clause: Limit one of each Pok\u00e9mon\n|rule|Item Clause: Limit one of each item\n|clearpoke\n|poke|p1|Ceruledge, L50, M|\n|poke|p1|Kingambit, L50, M|\n|poke|p1|Gyarados, L50, M|\n|poke|p1|Amoonguss, L50, F|\n|poke|p1|Ting-Lu, L50|\n|poke|p1|Flutter Mane, L50|\n|poke|p2|Arcanine, L50, F|\n|poke|p2|Palafin, L50, M|\n|poke|p2|Amoonguss, L50, M|\n|poke|p2|Flutter Mane, L50|\n|poke|p2|Chien-Pao, L50|\n|poke|p2|Ting-Lu, L50|\n|teampreview|4\nIceBeam724 has agreed to open team sheets.\n|\n|t:|1681678083\n|start\n|switch|p1a: Mihawk|Kingambit, L50, M|100\/100\n|switch|p1b: Kaido|Gyarados, L50, M, shiny|100\/100\n|switch|p2a: Flutter Mane|Flutter Mane, L50|100\/100\n|switch|p2b: Palafin|Palafin, L50, M|100\/100\n|-ability|p1b: Kaido|Intimidate|boost\n|-unboost|p2a: Flutter Mane|atk|1\n|-unboost|p2b: Palafin|atk|1\n|turn|1\n|\n|t:|1681678106\n|switch|p1b: Aramaki|Amoonguss, L50, F|100\/100\n|-terastallize|p2a: Flutter Mane|Fairy\n|move|p2a: Flutter Mane|Dazzling Gleam|p1a: Mihawk|[spread] p1a,p1b\n|-resisted|p1b: Aramaki\n|-damage|p1a: Mihawk|35\/100\n|-damage|p1b: Aramaki|68\/100\n|move|p2b: Palafin|Close Combat|p1a: Mihawk\n|-supereffective|p1a: Mihawk\n|-damage|p1a: Mihawk|0 fnt\n|-unboost|p2b: Palafin|def|1\n|-unboost|p2b: Palafin|spd|1\n|faint|p1a: Mihawk\n|\n|upkeep\n|\n|t:|1681678116\n|switch|p1a: Ryuma|Ceruledge, L50, M|100\/100\n|turn|2\n|j| Riquelme14\n|\n|t:|1681678138\n|-end|p2a: Flutter Mane|Protosynthesis|[silent]\n|switch|p2a: Ting-Lu|Ting-Lu, L50|100\/100\n|-ability|p2a: Ting-Lu|Vessel of Ruin\n|detailschange|p2b: Palafin|Palafin-Hero, L50, M\n|switch|p2b: Amoonguss|Amoonguss, L50, M|100\/100\n|move|p1a: Ryuma|Bulk Up|p1a: Ryuma\n|-boost|p1a: Ryuma|atk|1\n|-boost|p1a: Ryuma|def|1\n|move|p1b: Aramaki|Spore|p2a: Ting-Lu\n|-status|p2a: Ting-Lu|slp|[from] move: Spore\n|\n|upkeep\n|turn|3\n|\n|t:|1681678159\n|-terastallize|p1a: Ryuma|Grass\n|move|p2b: Amoonguss|Protect|p2b: Amoonguss\n|-singleturn|p2b: Amoonguss|Protect\n|move|p1a: Ryuma|Bulk Up|p1a: Ryuma\n|-boost|p1a: Ryuma|atk|1\n|-boost|p1a: Ryuma|def|1\n|cant|p2a: Ting-Lu|slp\n|move|p1b: Aramaki|Pollen Puff|p2a: Ting-Lu\n|-supereffective|p2a: Ting-Lu\n|-damage|p2a: Ting-Lu|87\/100 slp\n|\n|upkeep\n|turn|4\n|\n|t:|1681678186\n|move|p1a: Ryuma|Tera Blast|p2a: Ting-Lu\n|-supereffective|p2a: Ting-Lu\n|-damage|p2a: Ting-Lu|0 fnt\n|faint|p2a: Ting-Lu\n|move|p2b: Amoonguss|Pollen Puff|p2: Ting-Lu|[notarget]\n|-fail|p2b: Amoonguss\n|move|p1b: Aramaki|Pollen Puff|p2b: Amoonguss\n|-damage|p2b: Amoonguss|82\/100\n|\n|upkeep\n|\n|t:|1681678189\n|switch|p2a: Flutter Mane|Flutter Mane, L50, tera:Fairy|100\/100\n|turn|5\n|\n|t:|1681678208\n|move|p2b: Amoonguss|Protect|p2b: Amoonguss\n|-singleturn|p2b: Amoonguss|Protect\n|move|p1b: Aramaki|Rage Powder|p1b: Aramaki\n|-singleturn|p1b: Aramaki|move: Rage Powder\n|move|p1a: Ryuma|Shadow Sneak|p2a: Flutter Mane\n|-damage|p2a: Flutter Mane|18\/100\n|move|p2a: Flutter Mane|Dazzling Gleam|p1b: Aramaki|[spread] p1a,p1b\n|-resisted|p1b: Aramaki\n|-damage|p1a: Ryuma|27\/100\n|-damage|p1b: Aramaki|40\/100\n|-enditem|p1b: Aramaki|Sitrus Berry|[eat]\n|-heal|p1b: Aramaki|65\/100|[from] item: Sitrus Berry\n|\n|upkeep\n|turn|6\n|\n|t:|1681678222\n|move|p2b: Amoonguss|Rage Powder|p2b: Amoonguss\n|-singleturn|p2b: Amoonguss|move: Rage Powder\n|move|p1a: Ryuma|Shadow Sneak|p2a: Flutter Mane\n|-damage|p2a: Flutter Mane|0 fnt\n|faint|p2a: Flutter Mane\n|-end|p2a: Flutter Mane|Protosynthesis|[silent]\n|move|p1b: Aramaki|Pollen Puff|p1a: Ryuma\n|-heal|p1a: Ryuma|77\/100\n|\n|upkeep\n|\n|t:|1681678226\n|switch|p2a: Palafin|Palafin-Hero, L50, M|100\/100\n|-activate|p2a: Palafin|ability: Zero to Hero\n|turn|7\n|\n|t:|1681678249\n|move|p1b: Aramaki|Rage Powder|p1b: Aramaki\n|-singleturn|p1b: Aramaki|move: Rage Powder\n|move|p2a: Palafin|Close Combat|p1b: Aramaki\n|-resisted|p1b: Aramaki\n|-damage|p1b: Aramaki|45\/100\n|-unboost|p2a: Palafin|def|1\n|-unboost|p2a: Palafin|spd|1\n|move|p1a: Ryuma|Tera Blast|p2a: Palafin\n|-supereffective|p2a: Palafin\n|-damage|p2a: Palafin|0 fnt\n|faint|p2a: Palafin\n|move|p2b: Amoonguss|Pollen Puff|p1a: Ryuma\n|-supereffective|p1a: Ryuma\n|-damage|p1a: Ryuma|42\/100\n|\n|upkeep\n|turn|8\n|c|\u2606IceBeam724|gg\n|inactive|Battle timer is ON: inactive players will automatically lose when time's up. (requested by IceBeam724)\n|inactive|Foufhixoy1029 has 60 seconds left.\n|inactive|Foufhixoy1029 has 30 seconds left.\n|inactive|Foufhixoy1029 has 20 seconds left.\n|inactive|Foufhixoy1029 has 15 seconds left.\n|inactive|Foufhixoy1029 has 10 seconds left.\n|inactive|Foufhixoy1029 has 5 seconds left.\n|\n|t:|1681678370\n|move|p1a: Ryuma|Bitter Blade|p2b: Amoonguss\n|-supereffective|p2b: Amoonguss\n|-damage|p2b: Amoonguss|0 fnt\n|-heal|p1a: Ryuma|93\/100|[from] drain|[of] p2b: Amoonguss\n|faint|p2b: Amoonguss\n|\n|win|IceBeam724\n|raw|IceBeam724's rating: 1540 → 1558<\/strong> (+18 for winning)\n|raw|Foufhixoy1029's rating: 1507 → 1489<\/strong> (-18 for losing)\n|l| Riquelme14\n","uploadtime":1681678408,"views":12,"p1id":"icebeam724","p2id":"foufhixoy1029","formatid":"gen9vgc2023regulationc","rating":1489,"private":0,"password":""}