{"id":"gen9vgc2023regulationc-1851601437","p1":"DrippnDreepy","p2":"slitwick","format":"[Gen 9] VGC 2023 Regulation C","log":"|j|\u2606DrippnDreepy\n|j|\u2606slitwick\n|t:|1682459956\n|gametype|doubles\n|player|p1|DrippnDreepy|pokemaniac|1157\n|player|p2|slitwick|buck|1088\n|teamsize|p1|6\n|teamsize|p2|6\n|gen|9\n|tier|[Gen 9] VGC 2023 Regulation C\n|rated|\n|rule|Species Clause: Limit one of each Pok\u00e9mon\n|rule|Item Clause: Limit one of each item\n|clearpoke\n|poke|p1|Flamigo, L50, M|\n|poke|p1|Drednaw, L50, F|\n|poke|p1|Amoonguss, L50, F|\n|poke|p1|Pelipper, L50, M|\n|poke|p1|Kingambit, L50, M|\n|poke|p1|Scream Tail, L50|\n|poke|p2|Palafin, L50, F|\n|poke|p2|Meowscarada, L50, M|\n|poke|p2|Tauros-Paldea-Blaze, L50, M|\n|poke|p2|Flutter Mane, L50|\n|poke|p2|Baxcalibur, L50, F|\n|poke|p2|Amoonguss, L50, M|\n|teampreview|4\n|\n|t:|1682459971\n|start\n|switch|p1a: Kingambit|Kingambit, L50, M|100\/100\n|switch|p1b: Scream Tail|Scream Tail, L50|100\/100\n|switch|p2a: Palafin|Palafin, L50, F|100\/100\n|switch|p2b: Meowscarada|Meowscarada, L50, M|100\/100\n|-enditem|p1b: Scream Tail|Booster Energy\n|-activate|p1b: Scream Tail|ability: Protosynthesis|[fromitem]\n|-start|p1b: Scream Tail|protosynthesisspe\n|turn|1\n|inactive|Battle timer is ON: inactive players will automatically lose when time's up. (requested by slitwick)\n|\n|t:|1682460026\n|detailschange|p2a: Palafin|Palafin-Hero, L50, F\n|switch|p2a: Tauros|Tauros-Paldea-Blaze, L50, M|100\/100\n|move|p1b: Scream Tail|Howl|p1b: Scream Tail|[spread] p1a,p1b\n|-boost|p1a: Kingambit|atk|1\n|-boost|p1b: Scream Tail|atk|1\n|move|p2b: Meowscarada|Flower Trick|p2a: Tauros\n|-start|p2b: Meowscarada|typechange|Grass|[from] ability: Protean\n|-resisted|p2a: Tauros\n|-crit|p2a: Tauros\n|-damage|p2a: Tauros|79\/100\n|-setboost|p2a: Tauros|atk|6|[from] ability: Anger Point\n|move|p1a: Kingambit|Iron Head|p2b: Meowscarada\n|-enditem|p2b: Meowscarada|Focus Sash\n|-damage|p2b: Meowscarada|1\/100\n|-damage|p1a: Kingambit|91\/100|[from] item: Life Orb\n|\n|upkeep\n|turn|2\n|inactive|DrippnDreepy has 30 seconds left.\n|inactive|slitwick has 30 seconds left.\n|inactive|DrippnDreepy has 20 seconds left.\n|\n|t:|1682460061\n|move|p1a: Kingambit|Protect|p1a: Kingambit\n|-singleturn|p1a: Kingambit|Protect\n|move|p2b: Meowscarada|Ally Switch|p2b: Meowscarada\n|swap|p2b: Meowscarada|0|[from] move: Ally Switch\n|move|p1b: Scream Tail|Howl|p1b: Scream Tail|[spread] p1a,p1b\n|-boost|p1a: Kingambit|atk|1\n|-boost|p1b: Scream Tail|atk|1\n|move|p2b: Tauros|Raging Bull|p1a: Kingambit\n|-activate|p1a: Kingambit|move: Protect\n|\n|upkeep\n|turn|3\n|inactive|slitwick has 30 seconds left.\n|\n|t:|1682460093\n|move|p2a: Meowscarada|Helping Hand|p2b: Tauros\n|-singleturn|p2b: Tauros|Helping Hand|[of] p2a: Meowscarada\n|move|p1a: Kingambit|Sucker Punch|p2b: Tauros\n|-resisted|p2b: Tauros\n|-damage|p2b: Tauros|32\/100\n|-damage|p1a: Kingambit|81\/100|[from] item: Life Orb\n|move|p1b: Scream Tail|Disable|p2a: Meowscarada\n|-start|p2a: Meowscarada|Disable|Helping Hand\n|move|p2b: Tauros|Raging Bull|p1a: Kingambit\n|-supereffective|p1a: Kingambit\n|-damage|p1a: Kingambit|0 fnt\n|faint|p1a: Kingambit\n|-damage|p2b: Tauros|22\/100|[from] item: Life Orb\n|\n|upkeep\n|\n|t:|1682460106\n|switch|p1a: Amoonguss|Amoonguss, L50, F|100\/100\n|turn|4\n|\n|t:|1682460128\n|-terastallize|p1a: Amoonguss|Water\n|move|p1a: Amoonguss|Rage Powder|p1a: Amoonguss\n|-singleturn|p1a: Amoonguss|move: Rage Powder\n|move|p1b: Scream Tail|Play Rough|p2a: Meowscarada\n|-damage|p2a: Meowscarada|0 fnt\n|faint|p2a: Meowscarada\n|move|p2b: Tauros|Raging Bull|p1a: Amoonguss\n|-resisted|p1a: Amoonguss\n|-damage|p1a: Amoonguss|15\/100\n|-enditem|p1a: Amoonguss|Sitrus Berry|[eat]\n|-heal|p1a: Amoonguss|40\/100|[from] item: Sitrus Berry\n|-damage|p2b: Tauros|12\/100|[from] item: Life Orb\n|\n|upkeep\n|\n|t:|1682460139\n|switch|p2a: Flutter Mane|Flutter Mane, L50|100\/100\n|-enditem|p2a: Flutter Mane|Booster Energy\n|-activate|p2a: Flutter Mane|ability: Protosynthesis|[fromitem]\n|-start|p2a: Flutter Mane|protosynthesisspa\n|turn|5\n|\n|t:|1682460152\n|move|p1a: Amoonguss|Protect|p1a: Amoonguss\n|-singleturn|p1a: Amoonguss|Protect\n|move|p1b: Scream Tail|Play Rough|p2b: Tauros\n|-damage|p2b: Tauros|0 fnt\n|faint|p2b: Tauros\n|move|p2a: Flutter Mane|Moonblast|p1a: Amoonguss\n|-activate|p1a: Amoonguss|move: Protect\n|\n|upkeep\n|\n|t:|1682460169\n|switch|p2b: Palafin|Palafin-Hero, L50, F|100\/100\n|-activate|p2b: Palafin|ability: Zero to Hero\n|turn|6\n|\n|t:|1682460180\n|-terastallize|p2b: Palafin|Water\n|move|p1a: Amoonguss|Rage Powder|p1a: Amoonguss\n|-singleturn|p1a: Amoonguss|move: Rage Powder\n|move|p1b: Scream Tail|Play Rough|p2a: Flutter Mane|[miss]\n|-miss|p1b: Scream Tail|p2a: Flutter Mane\n|move|p2b: Palafin|Wave Crash|p1a: Amoonguss\n|-resisted|p1a: Amoonguss\n|-damage|p1a: Amoonguss|0 fnt\n|faint|p1a: Amoonguss\n|-damage|p2b: Palafin|84\/100|[from] Recoil\n|move|p2a: Flutter Mane|Moonblast|p1b: Scream Tail\n|-damage|p1b: Scream Tail|47\/100\n|\n|upkeep\n|\n|t:|1682460191\n|switch|p1a: Flamigo|Flamigo, L50, M|100\/100\n|-copyboost|p1a: Flamigo|p1b: Scream Tail|[from] ability: Costar\n|turn|7\n|\n|t:|1682460213\n|move|p1b: Scream Tail|Disable|p2a: Flutter Mane\n|-start|p2a: Flutter Mane|Disable|Moonblast\n|move|p2b: Palafin|Haze|p2b: Palafin\n|-clearallboost\n|move|p1a: Flamigo|Brave Bird|p2b: Palafin\n|-damage|p2b: Palafin|27\/100\n|-damage|p1a: Flamigo|79\/100|[from] Recoil\n|move|p2a: Flutter Mane|Shadow Ball|p1a: Flamigo\n|-damage|p1a: Flamigo|0 fnt\n|faint|p1a: Flamigo\n|\n|upkeep\n|turn|8\n|-message|DrippnDreepy forfeited.\n|\n|win|slitwick\n|raw|DrippnDreepy's rating: 1157 → 1127<\/strong> (-30 for losing)\n|raw|slitwick's rating: 1088 → 1120<\/strong> (+32 for winning)\n|l|\u2606DrippnDreepy\n","uploadtime":1682460236,"views":20,"p1id":"drippndreepy","p2id":"slitwick","formatid":"gen9vgc2023regulationc","rating":1120,"private":0,"password":""}