{"id":"gen9vgc2023regulationc-1846096876","p1":"BBBoy1998","p2":"truends","format":"[Gen 9] VGC 2023 Regulation C","log":"|j|\u2606BBBoy1998\n|j|\u2606truends\n|t:|1681805668\n|gametype|doubles\n|player|p1|BBBoy1998|265|1040\n|player|p2|truends|cynthia-gen4|1082\n|teamsize|p1|6\n|teamsize|p2|6\n|gen|9\n|tier|[Gen 9] VGC 2023 Regulation C\n|rated|\n|rule|Species Clause: Limit one of each Pok\u00e9mon\n|rule|Item Clause: Limit one of each item\n|clearpoke\n|poke|p1|Arcanine, L50, F|\n|poke|p1|Palafin, L50, M|\n|poke|p1|Amoonguss, L50, F|\n|poke|p1|Ting-Lu, L50|\n|poke|p1|Flutter Mane, L50|\n|poke|p1|Baxcalibur, L50, M|\n|poke|p2|Ting-Lu, L50|\n|poke|p2|Amoonguss, L50, M|\n|poke|p2|Wo-Chien, L50|\n|poke|p2|Arcanine, L50, F|\n|poke|p2|Flutter Mane, L50|\n|poke|p2|Gothitelle, L50, F|\n|teampreview|4\n|\n|t:|1681805736\n|start\n|switch|p1a: Flutter Mane|Flutter Mane, L50|100\/100\n|switch|p1b: Arcanine|Arcanine, L50, F|100\/100\n|switch|p2a: Wo-Chien|Wo-Chien, L50|100\/100\n|switch|p2b: Ting-Lu|Ting-Lu, L50|100\/100\n|-ability|p1b: Arcanine|Intimidate|boost\n|-unboost|p2a: Wo-Chien|atk|1\n|-unboost|p2b: Ting-Lu|atk|1\n|-ability|p2a: Wo-Chien|Tablets of Ruin\n|-ability|p2b: Ting-Lu|Vessel of Ruin\n|turn|1\n|\n|t:|1681805779\n|-terastallize|p2b: Ting-Lu|Poison\n|move|p2a: Wo-Chien|Protect|p2a: Wo-Chien\n|-singleturn|p2a: Wo-Chien|Protect\n|move|p1a: Flutter Mane|Moonblast|p2b: Ting-Lu\n|-resisted|p2b: Ting-Lu\n|-damage|p2b: Ting-Lu|88\/100\n|move|p1b: Arcanine|Will-O-Wisp|p2b: Ting-Lu\n|-status|p2b: Ting-Lu|brn\n|move|p2b: Ting-Lu|Fissure|p1b: Arcanine\n|-damage|p1b: Arcanine|0 fnt\n|faint|p1b: Arcanine\n|-ohko\n|\n|-damage|p2b: Ting-Lu|81\/100 brn|[from] brn\n|upkeep\n|\n|t:|1681805801\n|switch|p1b: Ting-Lu|Ting-Lu, L50|100\/100\n|-ability|p1b: Ting-Lu|Vessel of Ruin\n|turn|2\n|\n|t:|1681805839\n|-end|p1a: Flutter Mane|Protosynthesis|[silent]\n|switch|p1a: Amoonguss|Amoonguss, L50, F|100\/100\n|switch|p2a: AWOOOOOOOOOO|Arcanine, L50, F|100\/100\n|-ability|p2a: AWOOOOOOOOOO|Intimidate|boost\n|-unboost|p1a: Amoonguss|atk|1\n|-unboost|p1b: Ting-Lu|atk|1\n|switch|p2b: AMOGUS|Amoonguss, L50, M|100\/100\n|move|p1b: Ting-Lu|Ruination|p2b: AMOGUS\n|-damage|p2b: AMOGUS|50\/100\n|\n|upkeep\n|turn|3\n|\n|t:|1681805885\n|switch|p2b: Wo-Chien|Wo-Chien, L50|100\/100\n|-ability|p2b: Wo-Chien|Tablets of Ruin\n|move|p2a: AWOOOOOOOOOO|Flare Blitz|p1a: Amoonguss\n|-supereffective|p1a: Amoonguss\n|-damage|p1a: Amoonguss|27\/100\n|-enditem|p1a: Amoonguss|Sitrus Berry|[eat]\n|-heal|p1a: Amoonguss|52\/100|[from] item: Sitrus Berry\n|-damage|p2a: AWOOOOOOOOOO|70\/100|[from] Recoil\n|move|p1b: Ting-Lu|Stone Edge|p2b: Wo-Chien\n|-damage|p2b: Wo-Chien|90\/100\n|move|p1a: Amoonguss|Spore|p2a: AWOOOOOOOOOO\n|-activate|p2a: AWOOOOOOOOOO|item: Safety Goggles|Spore\n|\n|-heal|p2b: Wo-Chien|96\/100|[from] item: Leftovers\n|upkeep\n|turn|4\n|inactive|Battle timer is ON: inactive players will automatically lose when time's up. (requested by truends)\n|\n|t:|1681805940\n|switch|p1a: Flutter Mane|Flutter Mane, L50|100\/100\n|move|p2a: AWOOOOOOOOOO|Flare Blitz|p1a: Flutter Mane\n|-damage|p1a: Flutter Mane|18\/100\n|-damage|p2a: AWOOOOOOOOOO|46\/100|[from] Recoil\n|move|p2b: Wo-Chien|Leech Seed|p1b: Ting-Lu\n|-start|p1b: Ting-Lu|move: Leech Seed\n|move|p1b: Ting-Lu|Ruination|p2b: Wo-Chien\n|-damage|p2b: Wo-Chien|48\/100\n|\n|-heal|p2b: Wo-Chien|55\/100|[from] item: Leftovers\n|-damage|p1b: Ting-Lu|88\/100|[from] Leech Seed|[of] p2b: Wo-Chien\n|-heal|p2b: Wo-Chien|71\/100|[silent]\n|upkeep\n|turn|5\n|inactive|BBBoy1998 has 30 seconds left.\n|inactive|BBBoy1998 has 20 seconds left.\n|inactive|BBBoy1998 has 15 seconds left.\n|inactive|BBBoy1998 has 10 seconds left.\n|\n|t:|1681805986\n|switch|p2a: AMOGUS|Amoonguss, L50, M|84\/100\n|move|p2b: Wo-Chien|Protect|p2b: Wo-Chien\n|-singleturn|p2b: Wo-Chien|Protect\n|move|p1a: Flutter Mane|Thunderbolt|p2a: AMOGUS\n|-resisted|p2a: AMOGUS\n|-damage|p2a: AMOGUS|70\/100\n|move|p1b: Ting-Lu|Ruination|p2b: Wo-Chien\n|-activate|p2b: Wo-Chien|move: Protect\n|\n|-heal|p2b: Wo-Chien|77\/100|[from] item: Leftovers\n|-damage|p1b: Ting-Lu|76\/100|[from] Leech Seed|[of] p2b: Wo-Chien\n|-heal|p2b: Wo-Chien|93\/100|[silent]\n|upkeep\n|turn|6\n|inactive|truends has 30 seconds left.\n|inactive|truends has 20 seconds left.\n|\n|t:|1681806025\n|-end|p1a: Flutter Mane|Protosynthesis|[silent]\n|switch|p1a: Amoonguss|Amoonguss, L50, F|52\/100\n|move|p2b: Wo-Chien|Snarl|p1a: Amoonguss|[spread] p1a,p1b\n|-resisted|p1b: Ting-Lu\n|-damage|p1a: Amoonguss|43\/100\n|-damage|p1b: Ting-Lu|74\/100\n|-unboost|p1a: Amoonguss|spa|1\n|-unboost|p1b: Ting-Lu|spa|1\n|move|p1b: Ting-Lu|Heavy Slam|p2b: Wo-Chien\n|-damage|p2b: Wo-Chien|80\/100\n|move|p2a: AMOGUS|Pollen Puff|p1a: Amoonguss\n|-damage|p1a: Amoonguss|32\/100\n|\n|-heal|p2b: Wo-Chien|86\/100|[from] item: Leftovers\n|-damage|p1b: Ting-Lu|61\/100|[from] Leech Seed|[of] p2b: Wo-Chien\n|-heal|p2b: Wo-Chien|100\/100|[silent]\n|upkeep\n|turn|7\n|inactive|BBBoy1998 has 30 seconds left.\n|inactive|truends has 30 seconds left.\n|\n|t:|1681806055\n|switch|p1b: Flutter Mane|Flutter Mane, L50|18\/100\n|move|p2b: Wo-Chien|Pollen Puff|p2a: AMOGUS\n|-heal|p2a: AMOGUS|100\/100\n|move|p1a: Amoonguss|Pollen Puff|p2a: AMOGUS\n|-damage|p2a: AMOGUS|90\/100\n|move|p2a: AMOGUS|Spore|p1b: Flutter Mane\n|-status|p1b: Flutter Mane|slp|[from] move: Spore\n|\n|upkeep\n|turn|8\n|inactive|BBBoy1998 has 30 seconds left.\n|inactive|BBBoy1998 has 20 seconds left.\n|\n|t:|1681806093\n|switch|p2b: AWOOOOOOOOOO|Arcanine, L50, F|46\/100\n|-ability|p2b: AWOOOOOOOOOO|Intimidate|boost\n|-unboost|p1a: Amoonguss|atk|1\n|-unboost|p1b: Flutter Mane|atk|1\n|cant|p1b: Flutter Mane|slp\n|move|p1a: Amoonguss|Pollen Puff|p1b: Flutter Mane\n|-heal|p1b: Flutter Mane|67\/100 slp\n|move|p2a: AMOGUS|Pollen Puff|p1b: Flutter Mane\n|-resisted|p1b: Flutter Mane\n|-damage|p1b: Flutter Mane|64\/100 slp\n|\n|upkeep\n|turn|9\n|\n|t:|1681806113\n|move|p2a: AMOGUS|Rage Powder|p2a: AMOGUS\n|-singleturn|p2a: AMOGUS|move: Rage Powder\n|cant|p1b: Flutter Mane|slp\n|move|p2b: AWOOOOOOOOOO|Flare Blitz|p1b: Flutter Mane\n|-damage|p1b: Flutter Mane|0 fnt\n|faint|p1b: Flutter Mane\n|-end|p1b: Flutter Mane|Protosynthesis|[silent]\n|-damage|p2b: AWOOOOOOOOOO|29\/100|[from] Recoil\n|move|p1a: Amoonguss|Pollen Puff|p1: Flutter Mane|[notarget]\n|-fail|p1a: Amoonguss\n|\n|upkeep\n|\n|t:|1681806124\n|switch|p1b: Ting-Lu|Ting-Lu, L50|61\/100\n|-ability|p1b: Ting-Lu|Vessel of Ruin\n|turn|10\n|\n|t:|1681806142\n|switch|p2b: Wo-Chien|Wo-Chien, L50|100\/100\n|-ability|p2b: Wo-Chien|Tablets of Ruin\n|move|p2a: AMOGUS|Rage Powder|p2a: AMOGUS\n|-singleturn|p2a: AMOGUS|move: Rage Powder\n|move|p1b: Ting-Lu|Stone Edge|p2a: AMOGUS\n|-damage|p2a: AMOGUS|71\/100\n|move|p1a: Amoonguss|Pollen Puff|p1b: Ting-Lu\n|-heal|p1b: Ting-Lu|100\/100\n|\n|upkeep\n|turn|11\n|inactive|BBBoy1998 has 30 seconds left.\n|inactive|truends has 30 seconds left.\n|inactive|BBBoy1998 has 20 seconds left.\n|\n|t:|1681806179\n|-terastallize|p1b: Ting-Lu|Poison\n|move|p2a: AMOGUS|Rage Powder|p2a: AMOGUS\n|-singleturn|p2a: AMOGUS|move: Rage Powder\n|move|p2b: Wo-Chien|Leech Seed|p1b: Ting-Lu\n|-start|p1b: Ting-Lu|move: Leech Seed\n|move|p1b: Ting-Lu|Heavy Slam|p2a: AMOGUS\n|-damage|p2a: AMOGUS|51\/100\n|move|p1a: Amoonguss|Pollen Puff|p2a: AMOGUS\n|-damage|p2a: AMOGUS|44\/100\n|\n|-damage|p1b: Ting-Lu|88\/100|[from] Leech Seed|[of] p2b: Wo-Chien\n|upkeep\n|turn|12\n|inactive|BBBoy1998 has 30 seconds left.\n|\n|t:|1681806208\n|switch|p2a: Ting-Lu|Ting-Lu, L50, tera:Poison|81\/100 brn\n|-ability|p2a: Ting-Lu|Vessel of Ruin\n|move|p2b: Wo-Chien|Protect|p2b: Wo-Chien\n|-singleturn|p2b: Wo-Chien|Protect\n|move|p1b: Ting-Lu|Ruination|p2b: Wo-Chien\n|-activate|p2b: Wo-Chien|move: Protect\n|move|p1a: Amoonguss|Pollen Puff|p2b: Wo-Chien\n|-activate|p2b: Wo-Chien|move: Protect\n|\n|-damage|p1b: Ting-Lu|76\/100|[from] Leech Seed|[of] p2b: Wo-Chien\n|-damage|p2a: Ting-Lu|75\/100 brn|[from] brn\n|upkeep\n|turn|13\n|\n|t:|1681806228\n|switch|p2b: AWOOOOOOOOOO|Arcanine, L50, F|29\/100\n|-ability|p2b: AWOOOOOOOOOO|Intimidate|boost\n|-unboost|p1a: Amoonguss|atk|1\n|-unboost|p1b: Ting-Lu|atk|1\n|move|p1a: Amoonguss|Rage Powder|p1a: Amoonguss\n|-singleturn|p1a: Amoonguss|move: Rage Powder\n|move|p1b: Ting-Lu|Ruination|p2b: AWOOOOOOOOOO\n|-damage|p2b: AWOOOOOOOOOO|15\/100\n|move|p2a: Ting-Lu|Fissure|p1a: Amoonguss\n|-damage|p1a: Amoonguss|0 fnt\n|faint|p1a: Amoonguss\n|-ohko\n|\n|-damage|p1b: Ting-Lu|63\/100|[from] Leech Seed|[of] p2b: AWOOOOOOOOOO\n|-heal|p2b: AWOOOOOOOOOO|33\/100|[silent]\n|-damage|p2a: Ting-Lu|69\/100 brn|[from] brn\n|upkeep\n|turn|14\n|inactive|truends has 30 seconds left.\n|\n|t:|1681806255\n|move|p2b: AWOOOOOOOOOO|Flare Blitz|p1b: Ting-Lu\n|-damage|p1b: Ting-Lu|32\/100\n|-status|p1b: Ting-Lu|brn\n|-damage|p2b: AWOOOOOOOOOO|18\/100|[from] Recoil\n|move|p1b: Ting-Lu|Heavy Slam|p2a: Ting-Lu\n|-damage|p2a: Ting-Lu|68\/100 brn\n|move|p2a: Ting-Lu|Fissure|p1b: Ting-Lu\n|-damage|p1b: Ting-Lu|0 fnt\n|faint|p1b: Ting-Lu\n|-ohko\n|\n|win|truends\n|raw|BBBoy1998's rating: 1040 → 1026<\/strong> (-14 for losing)\n|raw|truends's rating: 1082 → 1106<\/strong> (+24 for winning)\n|l|\u2606BBBoy1998\n","uploadtime":1681806270,"views":12,"p1id":"bbboy1998","p2id":"truends","formatid":"gen9vgc2023regulationc","rating":1026,"private":0,"password":""}