{"id":"gen9vgc2023regulationc-1846730958","p1":"KSunfr","p2":"Gigalaser","format":"[Gen 9] VGC 2023 Regulation C","log":"|j|\u2606KSunfr\n|j|\u2606Gigalaser\n|t:|1681871280\n|gametype|doubles\n|player|p1|KSunfr|265|1230\n|player|p2|Gigalaser|2|1205\n|teamsize|p1|6\n|teamsize|p2|6\n|gen|9\n|tier|[Gen 9] VGC 2023 Regulation C\n|rated|\n|rule|Species Clause: Limit one of each Pok\u00e9mon\n|rule|Item Clause: Limit one of each item\n|clearpoke\n|poke|p1|Farigiraf, L50, F|\n|poke|p1|Chi-Yu, L50|\n|poke|p1|Stonjourner, L50, M|\n|poke|p1|Gyarados, L50, M|\n|poke|p1|Flutter Mane, L50|\n|poke|p1|Murkrow, L50, M|\n|poke|p2|Pelipper, L50, F|\n|poke|p2|Palafin, L50, F|\n|poke|p2|Chien-Pao, L50|\n|poke|p2|Brute Bonnet, L50|\n|poke|p2|Dachsbun, L50, F|\n|poke|p2|Chi-Yu, L50|\n|teampreview|4\n|inactive|Battle timer is ON: inactive players will automatically lose when time's up. (requested by KSunfr)\n|\n|t:|1681871297\n|start\n|switch|p1a: Chi-Yu|Chi-Yu, L50|100\/100\n|switch|p1b: Stonjourner|Stonjourner, L50, M|100\/100\n|switch|p2a: not todd|Pelipper, L50, F|100\/100\n|switch|p2b: librams|Palafin, L50, F|100\/100\n|-ability|p1a: Chi-Yu|Beads of Ruin\n|-weather|RainDance|[from] ability: Drizzle|[of] p2a: not todd\n|turn|1\n|\n|t:|1681871318\n|-terastallize|p1a: Chi-Yu|Grass\n|move|p2b: librams|Jet Punch|p1a: Chi-Yu\n|-resisted|p1a: Chi-Yu\n|-damage|p1a: Chi-Yu|74\/100\n|move|p1a: Chi-Yu|Tera Blast|p2b: librams\n|-supereffective|p2b: librams\n|-damage|p2b: librams|0 fnt\n|faint|p2b: librams\n|move|p2a: not todd|Tailwind|p2a: not todd\n|-sidestart|p2: Gigalaser|move: Tailwind\n|move|p1b: Stonjourner|Stone Edge|p2a: not todd\n|-supereffective|p2a: not todd\n|-crit|p2a: not todd\n|-damage|p2a: not todd|0 fnt\n|faint|p2a: not todd\n|\n|-weather|RainDance|[upkeep]\n|upkeep\n|\n|t:|1681871326\n|switch|p2b: Dachsbun|Dachsbun, L50, F|100\/100\n|switch|p2a: Chi-Yu|Chi-Yu, L50|100\/100\n|-ability|p2a: Chi-Yu|Beads of Ruin\n|turn|2\n|\n|t:|1681871340\n|move|p1b: Stonjourner|Wide Guard|p1b: Stonjourner\n|-singleturn|p1b: Stonjourner|Wide Guard\n|move|p2a: Chi-Yu|Lava Plume|p1a: Chi-Yu|[spread] \n|-activate|p1a: Chi-Yu|move: Wide Guard\n|-activate|p1b: Stonjourner|move: Wide Guard\n|-ability|p2b: Dachsbun|Well-Baked Body|boost\n|-boost|p2b: Dachsbun|def|2\n|move|p2b: Dachsbun|Body Press|p1b: Stonjourner\n|-supereffective|p1b: Stonjourner\n|-damage|p1b: Stonjourner|48\/100\n|move|p1a: Chi-Yu|Tera Blast|p2b: Dachsbun\n|-damage|p2b: Dachsbun|27\/100\n|-enditem|p2b: Dachsbun|Sitrus Berry|[eat]\n|-heal|p2b: Dachsbun|52\/100|[from] item: Sitrus Berry\n|\n|-weather|RainDance|[upkeep]\n|upkeep\n|turn|3\n|\n|t:|1681871349\n|move|p1b: Stonjourner|Wide Guard|p1b: Stonjourner\n|-singleturn|p1b: Stonjourner|Wide Guard\n|move|p2a: Chi-Yu|Lava Plume|p1a: Chi-Yu|[spread] \n|-activate|p1a: Chi-Yu|move: Wide Guard\n|-activate|p1b: Stonjourner|move: Wide Guard\n|-ability|p2b: Dachsbun|Well-Baked Body|boost\n|-boost|p2b: Dachsbun|def|2\n|move|p2b: Dachsbun|Body Press|p1a: Chi-Yu\n|-damage|p1a: Chi-Yu|0 fnt\n|faint|p1a: Chi-Yu\n|\n|-weather|RainDance|[upkeep]\n|upkeep\n|\n|t:|1681871364\n|switch|p1a: Farigiraf|Farigiraf, L50, F|100\/100\n|turn|4\n|\n|t:|1681871377\n|-terastallize|p2b: Dachsbun|Steel\n|move|p1b: Stonjourner|Wide Guard|p1b: Stonjourner\n|-singleturn|p1b: Stonjourner|Wide Guard\n|move|p2a: Chi-Yu|Lava Plume|p1a: Farigiraf|[spread] \n|-activate|p1a: Farigiraf|move: Wide Guard\n|-activate|p1b: Stonjourner|move: Wide Guard\n|-ability|p2b: Dachsbun|Well-Baked Body|boost\n|-boost|p2b: Dachsbun|def|2\n|move|p2b: Dachsbun|Body Press|p1a: Farigiraf\n|-damage|p1a: Farigiraf|32\/100\n|move|p1a: Farigiraf|Hyper Voice|p2b: Dachsbun|[spread] p2a,p2b\n|-resisted|p2b: Dachsbun\n|-damage|p2a: Chi-Yu|57\/100\n|-damage|p2b: Dachsbun|30\/100\n|\n|-weather|RainDance|[upkeep]\n|-sideend|p2: Gigalaser|move: Tailwind\n|upkeep\n|turn|5\n|inactive|KSunfr has 30 seconds left.\n|\n|t:|1681871404\n|move|p1b: Stonjourner|Wide Guard|p1b: Stonjourner\n|-singleturn|p1b: Stonjourner|Wide Guard\n|move|p2a: Chi-Yu|Lava Plume|p1a: Farigiraf|[spread] \n|-activate|p1a: Farigiraf|move: Wide Guard\n|-activate|p1b: Stonjourner|move: Wide Guard\n|-immune|p2b: Dachsbun|[from] ability: Well-Baked Body\n|move|p2b: Dachsbun|Body Press|p1a: Farigiraf\n|-damage|p1a: Farigiraf|0 fnt\n|faint|p1a: Farigiraf\n|\n|-weather|RainDance|[upkeep]\n|upkeep\n|\n|t:|1681871413\n|switch|p1a: Murkrow|Murkrow, L50, M|100\/100\n|turn|6\n|\n|t:|1681871418\n|move|p1b: Stonjourner|Wide Guard|p1b: Stonjourner\n|-singleturn|p1b: Stonjourner|Wide Guard\n|move|p1a: Murkrow|Haze|p1a: Murkrow\n|-clearallboost\n|move|p2a: Chi-Yu|Lava Plume|p1b: Stonjourner|[spread] \n|-activate|p1a: Murkrow|move: Wide Guard\n|-activate|p1b: Stonjourner|move: Wide Guard\n|-ability|p2b: Dachsbun|Well-Baked Body|boost\n|-boost|p2b: Dachsbun|def|2\n|move|p2b: Dachsbun|Body Press|p1a: Murkrow\n|-damage|p1a: Murkrow|64\/100\n|\n|-weather|RainDance|[upkeep]\n|upkeep\n|turn|7\n|\n|t:|1681871435\n|move|p1b: Stonjourner|Wide Guard|p1b: Stonjourner\n|-singleturn|p1b: Stonjourner|Wide Guard\n|move|p2a: Chi-Yu|Lava Plume|p1a: Murkrow|[spread] \n|-activate|p1a: Murkrow|move: Wide Guard\n|-activate|p1b: Stonjourner|move: Wide Guard\n|-ability|p2b: Dachsbun|Well-Baked Body|boost\n|-boost|p2b: Dachsbun|def|2\n|move|p1a: Murkrow|Foul Play|p2b: Dachsbun\n|-damage|p2b: Dachsbun|19\/100\n|move|p2b: Dachsbun|Body Press|p1a: Murkrow\n|-damage|p1a: Murkrow|12\/100\n|\n|-weather|RainDance|[upkeep]\n|upkeep\n|turn|8\n|\n|t:|1681871459\n|move|p1b: Stonjourner|Wide Guard|p1b: Stonjourner\n|-singleturn|p1b: Stonjourner|Wide Guard\n|move|p2a: Chi-Yu|Lava Plume|p1a: Murkrow|[spread] \n|-activate|p1a: Murkrow|move: Wide Guard\n|-activate|p1b: Stonjourner|move: Wide Guard\n|-ability|p2b: Dachsbun|Well-Baked Body|boost\n|-boost|p2b: Dachsbun|def|2\n|move|p1a: Murkrow|Foul Play|p2b: Dachsbun\n|-damage|p2b: Dachsbun|10\/100\n|move|p2b: Dachsbun|Body Press|p1a: Murkrow\n|-damage|p1a: Murkrow|0 fnt\n|faint|p1a: Murkrow\n|\n|-weather|none\n|upkeep\n|turn|9\n|\n|t:|1681871477\n|move|p2a: Chi-Yu|Lava Plume|p1b: Stonjourner|[spread] p1b\n|-immune|p2b: Dachsbun|[from] ability: Well-Baked Body\n|-resisted|p1b: Stonjourner\n|-damage|p1b: Stonjourner|0 fnt\n|faint|p1b: Stonjourner\n|\n|win|Gigalaser\n|raw|KSunfr's rating: 1230 → 1203<\/strong> (-27 for losing)\n|raw|Gigalaser's rating: 1205 → 1232<\/strong> (+27 for winning)\n","uploadtime":1681871485,"views":9,"p1id":"ksunfr","p2id":"gigalaser","formatid":"gen9vgc2023regulationc","rating":1203,"private":0,"password":""}