{"id":"gen9vgc2023regulationc-1863230656","p1":"crayvien","p2":"revocolombia","format":"[Gen 9] VGC 2023 Regulation C","log":"|j|\u2606crayvien\n|j|\u2606revocolombia\n|t:|1683991318\n|gametype|doubles\n|player|p1|crayvien|veteran|1162\n|player|p2|revocolombia|pokemonranger-gen4|1129\n|teamsize|p1|6\n|teamsize|p2|6\n|gen|9\n|tier|[Gen 9] VGC 2023 Regulation C\n|rated|\n|rule|Species Clause: Limit one of each Pok\u00e9mon\n|rule|Item Clause: Limit one of each item\n|clearpoke\n|poke|p1|Scizor, L50, M|\n|poke|p1|Rotom-Wash, L50|\n|poke|p1|Garchomp, L50, M|\n|poke|p1|Flutter Mane, L50|\n|poke|p1|Garganacl, L50, M|\n|poke|p1|Hydreigon, L50, M|\n|poke|p2|Flutter Mane, L50|\n|poke|p2|Garchomp, L50, M|\n|poke|p2|Dragonite, L50, M|\n|poke|p2|Chien-Pao, L50|\n|poke|p2|Murkrow, L50, F|\n|poke|p2|Gholdengo, L50|\n|teampreview|4\n|\n|t:|1683991365\n|start\n|switch|p1a: Scizor|Scizor, L50, M, shiny|100\/100\n|switch|p1b: Rotom|Rotom-Wash, L50, shiny|100\/100\n|switch|p2a: Dragonite|Dragonite, L50, M|100\/100\n|switch|p2b: Murkrow|Murkrow, L50, F|100\/100\n|turn|1\n|\n|t:|1683991381\n|move|p2b: Murkrow|Taunt|p1a: Scizor\n|-start|p1a: Scizor|move: Taunt\n|move|p2a: Dragonite|Dragon Dance|p2a: Dragonite\n|-boost|p2a: Dragonite|atk|1\n|-boost|p2a: Dragonite|spe|1\n|move|p1b: Rotom|Will-O-Wisp|p2a: Dragonite\n|-status|p2a: Dragonite|brn\n|-enditem|p2a: Dragonite|Lum Berry|[eat]\n|-curestatus|p2a: Dragonite|brn|[msg]\n|cant|p1a: Scizor|move: Taunt|Swords Dance\n|\n|upkeep\n|turn|2\n|\n|t:|1683991398\n|move|p2b: Murkrow|Taunt|p1b: Rotom\n|-start|p1b: Rotom|move: Taunt\n|move|p1a: Scizor|Bullet Punch|p2b: Murkrow\n|-damage|p2b: Murkrow|64\/100\n|move|p2a: Dragonite|Dragon Dance|p2a: Dragonite\n|-boost|p2a: Dragonite|atk|1\n|-boost|p2a: Dragonite|spe|1\n|cant|p1b: Rotom|move: Taunt|Will-O-Wisp\n|\n|upkeep\n|turn|3\n|\n|t:|1683991428\n|switch|p2b: Gholdengo|Gholdengo, L50|100\/100\n|switch|p1b: Garganacl|Garganacl, L50, M, shiny|100\/100\n|move|p1a: Scizor|Bullet Punch|p2b: Gholdengo\n|-resisted|p2b: Gholdengo\n|-damage|p2b: Gholdengo|81\/100\n|move|p2a: Dragonite|Low Kick|p1a: Scizor\n|-damage|p1a: Scizor|23\/100\n|\n|-end|p1a: Scizor|move: Taunt\n|upkeep\n|turn|4\n|c|\u2606crayvien|wow the biggest strats ever\n|c|\u2606crayvien|holy shit\n|\n|t:|1683991460\n|-terastallize|p1b: Garganacl|Water\n|move|p1a: Scizor|Bullet Punch|p2a: Dragonite\n|-damage|p2a: Dragonite|84\/100\n|move|p2a: Dragonite|Low Kick|p1b: Garganacl\n|-damage|p1b: Garganacl|36\/100\n|move|p2b: Gholdengo|Make It Rain|p1b: Garganacl|[spread] p1a,p1b\n|-resisted|p1a: Scizor\n|-resisted|p1b: Garganacl\n|-damage|p1a: Scizor|0 fnt\n|-damage|p1b: Garganacl|10\/100\n|-unboost|p2b: Gholdengo|spa|1\n|faint|p1a: Scizor\n|-damage|p2b: Gholdengo|71\/100|[from] item: Life Orb\n|move|p1b: Garganacl|Salt Cure|p2a: Dragonite\n|-supereffective|p2a: Dragonite\n|-damage|p2a: Dragonite|50\/100\n|-start|p2a: Dragonite|Salt Cure\n|\n|-heal|p1b: Garganacl|16\/100|[from] item: Leftovers\n|-damage|p2a: Dragonite|37\/100|[from] Salt Cure\n|upkeep\n|\n|t:|1683991482\n|switch|p1a: Hydreigon|Hydreigon, L50, M, shiny|100\/100\n|turn|5\n|\n|t:|1683991492\n|move|p1b: Garganacl|Wide Guard|p1b: Garganacl\n|-singleturn|p1b: Garganacl|Wide Guard\n|move|p2a: Dragonite|Low Kick|p1a: Hydreigon\n|-supereffective|p1a: Hydreigon\n|-damage|p1a: Hydreigon|0 fnt\n|faint|p1a: Hydreigon\n|move|p2b: Gholdengo|Thunderbolt|p1b: Garganacl\n|-supereffective|p1b: Garganacl\n|-damage|p1b: Garganacl|0 fnt\n|faint|p1b: Garganacl\n|-damage|p2b: Gholdengo|62\/100|[from] item: Life Orb\n|\n|-damage|p2a: Dragonite|25\/100|[from] Salt Cure\n|upkeep\n|-message|crayvien forfeited.\n|\n|win|revocolombia\n|raw|crayvien's rating: 1162 → 1135<\/strong> (-27 for losing)\n|raw|revocolombia's rating: 1129 → 1156<\/strong> (+27 for winning)\n","uploadtime":1683991511,"views":3,"p1id":"crayvien","p2id":"revocolombia","formatid":"gen9vgc2023regulationc","rating":1135,"private":0,"password":""}