{"id":"gen9vgc2023regulationc-1847761588","p1":"CbuttyVGC","p2":"ted31625","format":"[Gen 9] VGC 2023 Regulation C","log":"|j|\u2606CbuttyVGC\n|j|\u2606ted31625\n|t:|1681999780\n|gametype|doubles\n|player|p1|CbuttyVGC|acetrainer-gen4dp|1291\n|player|p2|ted31625|266|1243\n|teamsize|p1|6\n|teamsize|p2|6\n|gen|9\n|tier|[Gen 9] VGC 2023 Regulation C\n|rated|\n|rule|Species Clause: Limit one of each Pok\u00e9mon\n|rule|Item Clause: Limit one of each item\n|clearpoke\n|poke|p1|Flutter Mane, L50|\n|poke|p1|Wo-Chien, L50|\n|poke|p1|Gholdengo, L50|\n|poke|p1|Iron Hands, L50|\n|poke|p1|Arcanine, L50, M|\n|poke|p1|Palafin, L50, M|\n|poke|p2|Palafin, L50, M|\n|poke|p2|Arcanine, L50, M|\n|poke|p2|Amoonguss, L50, M|\n|poke|p2|Kingambit, L50, F|\n|poke|p2|Flutter Mane, L50|\n|poke|p2|Dragonite, L50, F|\n|teampreview|4\n|inactive|Battle timer is ON: inactive players will automatically lose when time's up. (requested by CbuttyVGC)\n|inactive|ted31625 has 60 seconds left.\n|\n|t:|1681999813\n|start\n|switch|p1a: Arcanine|Arcanine, L50, M|100\/100\n|switch|p1b: Palafin|Palafin, L50, M, shiny|100\/100\n|switch|p2a: Kingambit|Kingambit, L50, F|100\/100\n|switch|p2b: Palafin|Palafin, L50, M|100\/100\n|-ability|p1a: Arcanine|Intimidate|boost\n|-unboost|p2a: Kingambit|atk|1\n|-ability|p2a: Kingambit|Defiant|boost\n|-boost|p2a: Kingambit|atk|2\n|-unboost|p2b: Palafin|atk|1\n|turn|1\n|\n|t:|1681999831\n|-terastallize|p2b: Palafin|Water\n|move|p2b: Palafin|Wave Crash|p1a: Arcanine\n|-supereffective|p1a: Arcanine\n|-damage|p1a: Arcanine|7\/100\n|-damage|p2b: Palafin|71\/100|[from] Recoil\n|move|p1b: Palafin|Haze|p1b: Palafin\n|-clearallboost\n|move|p1a: Arcanine|Will-O-Wisp|p2a: Kingambit\n|-status|p2a: Kingambit|brn\n|-enditem|p2a: Kingambit|Lum Berry|[eat]\n|-curestatus|p2a: Kingambit|brn|[msg]\n|move|p2a: Kingambit|Swords Dance|p2a: Kingambit\n|-boost|p2a: Kingambit|atk|2\n|\n|upkeep\n|turn|2\n|inactive|ted31625 has 30 seconds left.\n|\n|t:|1681999863\n|detailschange|p2b: Palafin|Palafin-Hero, L50, M, tera:Water\n|switch|p2b: Amoonguss|Amoonguss, L50, M|100\/100\n|switch|p1a: Wo-Chien|Wo-Chien, L50|100\/100\n|-ability|p1a: Wo-Chien|Tablets of Ruin\n|move|p1b: Palafin|Haze|p1b: Palafin\n|-clearallboost\n|move|p2a: Kingambit|Kowtow Cleave|p1b: Palafin\n|-damage|p1b: Palafin|55\/100\n|\n|upkeep\n|turn|3\n|\n|t:|1681999885\n|move|p1b: Palafin|Protect|p1b: Palafin\n|-singleturn|p1b: Palafin|Protect\n|move|p1a: Wo-Chien|Stun Spore|p2a: Kingambit\n|-status|p2a: Kingambit|par\n|move|p2b: Amoonguss|Spore|p1b: Palafin\n|-activate|p1b: Palafin|move: Protect\n|cant|p2a: Kingambit|par\n|\n|upkeep\n|turn|4\n|\n|t:|1681999900\n|detailschange|p1b: Palafin|Palafin-Hero, L50, M, shiny\n|switch|p1b: Gholdengo|Gholdengo, L50|100\/100\n|move|p1a: Wo-Chien|Leech Seed|p2a: Kingambit\n|-start|p2a: Kingambit|move: Leech Seed\n|move|p2b: Amoonguss|Spore|p1b: Gholdengo\n|-immune|p1b: Gholdengo|[from] ability: Good as Gold\n|move|p2a: Kingambit|Swords Dance|p2a: Kingambit\n|-boost|p2a: Kingambit|atk|2\n|\n|-damage|p2a: Kingambit|88\/100 par|[from] Leech Seed|[of] p1a: Wo-Chien\n|upkeep\n|turn|5\n|inactive|ted31625 has 30 seconds left.\n|\n|t:|1681999925\n|-terastallize|p1b: Gholdengo|Water\n|move|p1b: Gholdengo|Nasty Plot|p1b: Gholdengo\n|-boost|p1b: Gholdengo|spa|2\n|move|p1a: Wo-Chien|Pollen Puff|p1b: Gholdengo\n|-immune|p1b: Gholdengo\n|move|p2b: Amoonguss|Pollen Puff|p2a: Kingambit\n|-heal|p2a: Kingambit|100\/100 par\n|move|p2a: Kingambit|Kowtow Cleave|p1b: Gholdengo\n|-damage|p1b: Gholdengo|37\/100\n|-enditem|p1b: Gholdengo|Sitrus Berry|[eat]\n|-heal|p1b: Gholdengo|61\/100|[from] item: Sitrus Berry\n|\n|-damage|p2a: Kingambit|88\/100 par|[from] Leech Seed|[of] p1a: Wo-Chien\n|upkeep\n|turn|6\n|inactive|ted31625 has 30 seconds left.\n|\n|t:|1681999954\n|move|p1b: Gholdengo|Make It Rain|p2a: Kingambit|[spread] p2a,p2b\n|-resisted|p2a: Kingambit\n|-damage|p2a: Kingambit|46\/100 par\n|-damage|p2b: Amoonguss|30\/100\n|-unboost|p1b: Gholdengo|spa|1\n|-enditem|p2b: Amoonguss|Sitrus Berry|[eat]\n|-heal|p2b: Amoonguss|55\/100|[from] item: Sitrus Berry\n|move|p1a: Wo-Chien|Pollen Puff|p1b: Gholdengo\n|-heal|p1b: Gholdengo|100\/100\n|move|p2b: Amoonguss|Pollen Puff|p1b: Gholdengo\n|-damage|p1b: Gholdengo|85\/100\n|cant|p2a: Kingambit|par\n|\n|-damage|p2a: Kingambit|34\/100 par|[from] Leech Seed|[of] p1a: Wo-Chien\n|upkeep\n|turn|7\n|inactive|ted31625 has 30 seconds left.\n|\n|t:|1681999980\n|move|p2a: Kingambit|Sucker Punch||[still]\n|-fail|p2a: Kingambit\n|move|p1b: Gholdengo|Nasty Plot|p1b: Gholdengo\n|-boost|p1b: Gholdengo|spa|2\n|move|p1a: Wo-Chien|Pollen Puff|p1b: Gholdengo\n|-heal|p1b: Gholdengo|100\/100\n|move|p2b: Amoonguss|Pollen Puff|p2a: Kingambit\n|-heal|p2a: Kingambit|84\/100 par\n|\n|-damage|p2a: Kingambit|72\/100 par|[from] Leech Seed|[of] p1a: Wo-Chien\n|upkeep\n|turn|8\n|\n|t:|1681999990\n|move|p2a: Kingambit|Sucker Punch|p1b: Gholdengo\n|-damage|p1b: Gholdengo|43\/100\n|move|p1b: Gholdengo|Make It Rain|p2a: Kingambit|[spread] p2a,p2b\n|-resisted|p2a: Kingambit\n|-damage|p2a: Kingambit|19\/100 par\n|-damage|p2b: Amoonguss|0 fnt\n|-unboost|p1b: Gholdengo|spa|1\n|faint|p2b: Amoonguss\n|move|p1a: Wo-Chien|Pollen Puff|p1b: Gholdengo\n|-heal|p1b: Gholdengo|93\/100\n|\n|-damage|p2a: Kingambit|7\/100 par|[from] Leech Seed|[of] p1a: Wo-Chien\n|upkeep\n|\n|t:|1682000004\n|switch|p2b: Flutter Mane|Flutter Mane, L50|100\/100\n|-enditem|p2b: Flutter Mane|Booster Energy\n|-activate|p2b: Flutter Mane|ability: Protosynthesis|[fromitem]\n|-start|p2b: Flutter Mane|protosynthesisspa\n|turn|9\n|\n|t:|1682000020\n|move|p1b: Gholdengo|Protect|p1b: Gholdengo\n|-singleturn|p1b: Gholdengo|Protect\n|move|p2a: Kingambit|Sucker Punch||[still]\n|-fail|p2a: Kingambit\n|move|p2b: Flutter Mane|Moonblast|p1b: Gholdengo\n|-activate|p1b: Gholdengo|move: Protect\n|move|p1a: Wo-Chien|Stun Spore|p2b: Flutter Mane\n|-status|p2b: Flutter Mane|par\n|\n|-damage|p2a: Kingambit|0 fnt|[from] Leech Seed|[of] p1a: Wo-Chien\n|faint|p2a: Kingambit\n|upkeep\n|\n|t:|1682000023\n|switch|p2a: Palafin|Palafin-Hero, L50, M, tera:Water|71\/100\n|-activate|p2a: Palafin|ability: Zero to Hero\n|turn|10\n|\n|t:|1682000041\n|move|p2b: Flutter Mane|Protect|p2b: Flutter Mane\n|-singleturn|p2b: Flutter Mane|Protect\n|move|p2a: Palafin|Drain Punch|p1b: Gholdengo\n|-damage|p1b: Gholdengo|70\/100\n|-heal|p2a: Palafin|82\/100|[from] drain|[of] p1b: Gholdengo\n|move|p1b: Gholdengo|Make It Rain|p2b: Flutter Mane|[spread] p2a\n|-activate|p2b: Flutter Mane|move: Protect\n|-resisted|p2a: Palafin\n|-damage|p2a: Palafin|36\/100\n|-unboost|p1b: Gholdengo|spa|1\n|move|p1a: Wo-Chien|Leech Seed|p2a: Palafin\n|-start|p2a: Palafin|move: Leech Seed\n|\n|-damage|p2a: Palafin|24\/100|[from] Leech Seed|[of] p1a: Wo-Chien\n|upkeep\n|turn|11\n|\n|t:|1682000063\n|move|p2a: Palafin|Wave Crash|p1b: Gholdengo\n|-resisted|p1b: Gholdengo\n|-damage|p1b: Gholdengo|28\/100\n|-damage|p2a: Palafin|11\/100|[from] Recoil\n|move|p1b: Gholdengo|Make It Rain|p2b: Flutter Mane|[spread] p2a,p2b\n|-resisted|p2a: Palafin\n|-crit|p2a: Palafin\n|-supereffective|p2b: Flutter Mane\n|-damage|p2a: Palafin|0 fnt\n|-damage|p2b: Flutter Mane|0 fnt\n|-unboost|p1b: Gholdengo|spa|1\n|faint|p2a: Palafin\n|faint|p2b: Flutter Mane\n|-end|p2b: Flutter Mane|Protosynthesis|[silent]\n|\n|win|CbuttyVGC\n|raw|CbuttyVGC's rating: 1291 → 1313<\/strong> (+22 for winning)\n|raw|ted31625's rating: 1243 → 1221<\/strong> (-22 for losing)\n","uploadtime":1682000075,"views":4,"p1id":"cbuttyvgc","p2id":"ted31625","formatid":"gen9vgc2023regulationc","rating":1221,"private":0,"password":""}