{"id":"gen9vgc2023regulationc-1846915653","p1":"RitmanTesting1","p2":"Entityvgc","format":"[Gen 9] VGC 2023 Regulation C","log":"|j|\u2606RitmanTesting1\n|j|\u2606Entityvgc\n|t:|1681900410\n|gametype|doubles\n|player|p1|RitmanTesting1|byron|1453\n|player|p2|Entityvgc|volkner|1461\n|teamsize|p1|6\n|teamsize|p2|6\n|gen|9\n|tier|[Gen 9] VGC 2023 Regulation C\n|rated|\n|rule|Species Clause: Limit one of each Pok\u00e9mon\n|rule|Item Clause: Limit one of each item\n|clearpoke\n|poke|p1|Chi-Yu, L50|\n|poke|p1|Flutter Mane, L50|\n|poke|p1|Gyarados, L50, F|\n|poke|p1|Brute Bonnet, L50|\n|poke|p1|Baxcalibur, L50, F|\n|poke|p1|Glimmora, L50, F|\n|poke|p2|Corviknight, L50, M|\n|poke|p2|Garchomp, L50, F|\n|poke|p2|Amoonguss, L50, M|\n|poke|p2|Flutter Mane, L50|\n|poke|p2|Chi-Yu, L50|\n|poke|p2|Palafin, L50, F|\n|teampreview|4\nRitmanTesting1 has agreed to open team sheets.\n|inactive|Battle timer is ON: inactive players will automatically lose when time's up. (requested by RitmanTesting1)\n|inactive|RitmanTesting1 has 60 seconds left.\n|inactive|Entityvgc has 60 seconds left.\n|\n|t:|1681900474\n|start\n|switch|p1a: Brute Bonnet|Brute Bonnet, L50|100\/100\n|switch|p1b: Glimmora|Glimmora, L50, F|100\/100\n|switch|p2a: Flutter Mane|Flutter Mane, L50|100\/100\n|switch|p2b: Chi-Yu|Chi-Yu, L50|100\/100\n|-ability|p2b: Chi-Yu|Beads of Ruin\n|turn|1\n|inactive|RitmanTesting1 has 30 seconds left.\n|inactive|Entityvgc has 30 seconds left.\n|inactive|Entityvgc has 20 seconds left.\n|inactive|Entityvgc has 15 seconds left.\n|\n|t:|1681900517\n|-terastallize|p1a: Brute Bonnet|Poison\n|move|p2a: Flutter Mane|Shadow Ball|p1b: Glimmora\n|-damage|p1b: Glimmora|40\/100\n|-unboost|p1b: Glimmora|spd|1\n|move|p2b: Chi-Yu|Heat Wave|p1a: Brute Bonnet|[spread] p1a,p1b\n|-resisted|p1b: Glimmora\n|-damage|p1a: Brute Bonnet|64\/100\n|-damage|p1b: Glimmora|16\/100\n|move|p1b: Glimmora|Power Gem|p2b: Chi-Yu\n|-supereffective|p2b: Chi-Yu\n|-enditem|p2b: Chi-Yu|Focus Sash\n|-damage|p2b: Chi-Yu|1\/100\n|move|p1a: Brute Bonnet|Spore|p2a: Flutter Mane\n|-status|p2a: Flutter Mane|slp|[from] move: Spore\n|\n|upkeep\n|turn|2\n|j| THUNDERSND77\n|inactive|Entityvgc has 30 seconds left.\n|\n|t:|1681900548\n|move|p1a: Brute Bonnet|Sucker Punch|p2b: Chi-Yu\n|-resisted|p2b: Chi-Yu\n|-damage|p2b: Chi-Yu|0 fnt\n|faint|p2b: Chi-Yu\n|cant|p2a: Flutter Mane|slp\n|move|p1b: Glimmora|Sludge Bomb|p2a: Flutter Mane\n|-damage|p2a: Flutter Mane|54\/100 slp\n|\n|upkeep\n|\n|t:|1681900556\n|switch|p2b: Garchomp|Garchomp, L50, F|100\/100\n|turn|3\n|\n|t:|1681900566\n|-end|p2a: Flutter Mane|Protosynthesis|[silent]\n|switch|p2a: Corviknight|Corviknight, L50, M|100\/100\n|switch|p1b: Gyarados|Gyarados, L50, F|100\/100\n|-ability|p1b: Gyarados|Intimidate|boost\n|-ability|p2a: Corviknight|Mirror Armor\n|-unboost|p1b: Gyarados|atk|1\n|-unboost|p2b: Garchomp|atk|1\n|move|p1a: Brute Bonnet|Sucker Punch||[still]\n|-fail|p1a: Brute Bonnet\n|move|p2b: Garchomp|Earthquake|p1b: Gyarados|[spread] p1a\n|-immune|p2a: Corviknight\n|-immune|p1b: Gyarados\n|-supereffective|p1a: Brute Bonnet\n|-damage|p1a: Brute Bonnet|15\/100\n|-enditem|p1a: Brute Bonnet|Sitrus Berry|[eat]\n|-heal|p1a: Brute Bonnet|40\/100|[from] item: Sitrus Berry\n|-damage|p2b: Garchomp|91\/100|[from] item: Life Orb\n|\n|upkeep\n|turn|4\n|inactive|RitmanTesting1 has 30 seconds left.\n|inactive|Entityvgc has 30 seconds left.\n|\n|t:|1681900597\n|switch|p2b: Flutter Mane|Flutter Mane, L50|54\/100 slp\n|-end|p1a: Brute Bonnet|Protosynthesis|[silent]\n|switch|p1a: Glimmora|Glimmora, L50, F|16\/100\n|move|p1b: Gyarados|Dragon Dance|p1b: Gyarados\n|-boost|p1b: Gyarados|atk|1\n|-boost|p1b: Gyarados|spe|1\n|move|p2a: Corviknight|Bulk Up|p2a: Corviknight\n|-boost|p2a: Corviknight|atk|1\n|-boost|p2a: Corviknight|def|1\n|\n|upkeep\n|turn|5\n|inactive|Entityvgc has 30 seconds left.\n|inactive|Entityvgc has 20 seconds left.\n|inactive|Entityvgc has 15 seconds left.\n|inactive|Entityvgc has 10 seconds left.\n|\n|t:|1681900642\n|move|p1b: Gyarados|Dragon Dance|p1b: Gyarados\n|-boost|p1b: Gyarados|atk|1\n|-boost|p1b: Gyarados|spe|1\n|cant|p2b: Flutter Mane|slp\n|move|p1a: Glimmora|Power Gem|p2a: Corviknight\n|-damage|p2a: Corviknight|63\/100\n|move|p2a: Corviknight|Brave Bird|p1b: Gyarados\n|-damage|p1b: Gyarados|36\/100\n|-damage|p2a: Corviknight|44\/100|[from] Recoil\n|\n|upkeep\n|turn|6\n|inactive|Entityvgc has 30 seconds left.\n|\n|t:|1681900676\n|move|p1b: Gyarados|Waterfall|p2b: Flutter Mane\n|-damage|p2b: Flutter Mane|0 fnt\n|faint|p2b: Flutter Mane\n|-end|p2b: Flutter Mane|Protosynthesis|[silent]\n|move|p1a: Glimmora|Power Gem|p2a: Corviknight\n|-damage|p2a: Corviknight|11\/100\n|move|p2a: Corviknight|Brave Bird|p1b: Gyarados\n|-damage|p1b: Gyarados|0 fnt\n|faint|p1b: Gyarados\n|-damage|p2a: Corviknight|0 fnt|[from] Recoil\n|faint|p2a: Corviknight\n|\n|upkeep\n|\n|t:|1681900689\n|switch|p2b: Garchomp|Garchomp, L50, F|91\/100\n|switch|p1b: Baxcalibur|Baxcalibur, L50, F|100\/100\n|turn|7\n|\n|t:|1681900704\n|-terastallize|p2b: Garchomp|Fire\n|move|p2b: Garchomp|Earthquake|p1a: Glimmora|[spread] p1a,p1b\n|-supereffective|p1a: Glimmora\n|-damage|p1a: Glimmora|0 fnt\n|-damage|p1b: Baxcalibur|55\/100\n|-activate|p1a: Glimmora|ability: Toxic Debris\n|-sidestart|p2: Entityvgc|move: Toxic Spikes\n|faint|p1a: Glimmora\n|-damage|p2b: Garchomp|81\/100|[from] item: Life Orb\n|move|p1b: Baxcalibur|Icicle Spear|p2b: Garchomp\n|-resisted|p2b: Garchomp\n|-damage|p2b: Garchomp|74\/100\n|-resisted|p2b: Garchomp\n|-damage|p2b: Garchomp|68\/100\n|-resisted|p2b: Garchomp\n|-damage|p2b: Garchomp|61\/100\n|-resisted|p2b: Garchomp\n|-damage|p2b: Garchomp|54\/100\n|-resisted|p2b: Garchomp\n|-damage|p2b: Garchomp|47\/100\n|-hitcount|p2b: Garchomp|5\n|\n|upkeep\n|\n|t:|1681900711\n|switch|p1a: Brute Bonnet|Brute Bonnet, L50, tera:Poison|40\/100\n|turn|8\n|\n|t:|1681900722\n|move|p1a: Brute Bonnet|Sucker Punch|p2b: Garchomp\n|-damage|p2b: Garchomp|12\/100\n|-damage|p1a: Brute Bonnet|27\/100|[from] ability: Rough Skin|[of] p2b: Garchomp\n|move|p2b: Garchomp|Earthquake|p1a: Brute Bonnet|[spread] p1a,p1b\n|-supereffective|p1a: Brute Bonnet\n|-damage|p1a: Brute Bonnet|0 fnt\n|-damage|p1b: Baxcalibur|11\/100\n|faint|p1a: Brute Bonnet\n|-end|p1a: Brute Bonnet|Protosynthesis|[silent]\n|-damage|p2b: Garchomp|2\/100|[from] item: Life Orb\n|move|p1b: Baxcalibur|Glaive Rush|p2b: Garchomp\n|-crit|p2b: Garchomp\n|-damage|p2b: Garchomp|0 fnt\n|-singlemove|p1b: Baxcalibur|Glaive Rush|[silent]\n|-damage|p1b: Baxcalibur|0 fnt|[from] ability: Rough Skin|[of] p2b: Garchomp\n|faint|p2b: Garchomp\n|faint|p1b: Baxcalibur\n|\n|win|RitmanTesting1\n|raw|RitmanTesting1's rating: 1453 → 1473<\/strong> (+20 for winning)\n|raw|Entityvgc's rating: 1461 → 1441<\/strong> (-20 for losing)\n|c|\u2606RitmanTesting1|gg\n|l| THUNDERSND77\n|c|\u2606Entityvgc|Ggwp\n|l|\u2606Entityvgc\n","uploadtime":1681900758,"views":12,"p1id":"ritmantesting1","p2id":"entityvgc","formatid":"gen9vgc2023regulationc","rating":1441,"private":0,"password":""}