{"id":"gen9vgc2023regulationc-1861457338","p1":"rulesleep1","p2":"rambah","format":"[Gen 9] VGC 2023 Regulation C","log":"|j|\u2606rulesleep1\n|j|\u2606rambah\n|t:|1683760220\n|gametype|doubles\n|player|p1|rulesleep1|2|1211\n|player|p2|rambah|dawn|1304\n|teamsize|p1|6\n|teamsize|p2|6\n|gen|9\n|tier|[Gen 9] VGC 2023 Regulation C\n|rated|\n|rule|Species Clause: Limit one of each Pok\u00e9mon\n|rule|Item Clause: Limit one of each item\n|clearpoke\n|poke|p1|Iron Bundle, L50|\n|poke|p1|Tyranitar, L50, F|\n|poke|p1|Wo-Chien, L50|\n|poke|p1|Glimmora, L50, M|\n|poke|p1|Gyarados, L50, M|\n|poke|p1|Flutter Mane, L50|\n|poke|p2|Iron Bundle, L50|\n|poke|p2|Flutter Mane, L50|\n|poke|p2|Chi-Yu, L50|\n|poke|p2|Kingambit, L50, M|\n|poke|p2|Amoonguss, L50, M|\n|poke|p2|Iron Hands, L50|\n|teampreview|4\n|inactive|Battle timer is ON: inactive players will automatically lose when time's up. (requested by rambah)\nrambah has agreed to open team sheets.\n|inactive|rulesleep1 has 60 seconds left.\n|inactive|rambah has 60 seconds left.\nrulesleep1 has agreed to open team sheets.\n|\n|t:|1683760280\n|start\n|switch|p1a: Glimmora|Glimmora, L50, M|100\/100\n|switch|p1b: Iron Bundle|Iron Bundle, L50|100\/100\n|switch|p2a: Iron Bundle|Iron Bundle, L50|100\/100\n|switch|p2b: Chi-Yu|Chi-Yu, L50|100\/100\n|-ability|p2b: Chi-Yu|Beads of Ruin\n|turn|1\n|inactive|rulesleep1 has 30 seconds left.\n|\n|t:|1683760309\n|-terastallize|p2b: Chi-Yu|Water\n|move|p1b: Iron Bundle|Icy Wind|p2a: Iron Bundle|[spread] p2a,p2b\n|-resisted|p2a: Iron Bundle\n|-resisted|p2b: Chi-Yu\n|-damage|p2a: Iron Bundle|88\/100\n|-damage|p2b: Chi-Yu|89\/100\n|-unboost|p2a: Iron Bundle|spe|1\n|-unboost|p2b: Chi-Yu|spe|1\n|move|p2a: Iron Bundle|Freeze-Dry|p1a: Glimmora\n|-damage|p1a: Glimmora|67\/100\n|move|p1a: Glimmora|Mortal Spin|p2b: Chi-Yu|[spread] p2a,p2b\n|-damage|p2a: Iron Bundle|82\/100\n|-damage|p2b: Chi-Yu|82\/100\n|-status|p2a: Iron Bundle|psn\n|-status|p2b: Chi-Yu|psn\n|move|p2b: Chi-Yu|Nasty Plot|p2b: Chi-Yu\n|-boost|p2b: Chi-Yu|spa|2\n|\n|-damage|p2a: Iron Bundle|70\/100 psn|[from] psn\n|-damage|p2b: Chi-Yu|70\/100 psn|[from] psn\n|upkeep\n|turn|2\n|inactive|rulesleep1 has 30 seconds left.\n|\n|t:|1683760342\n|move|p2b: Chi-Yu|Protect|p2b: Chi-Yu\n|-singleturn|p2b: Chi-Yu|Protect\n|move|p1b: Iron Bundle|Freeze-Dry|p2b: Chi-Yu\n|-activate|p2b: Chi-Yu|move: Protect\n|move|p2a: Iron Bundle|Icy Wind|p1b: Iron Bundle|[spread] p1a,p1b\n|-resisted|p1b: Iron Bundle\n|-damage|p1a: Glimmora|48\/100\n|-damage|p1b: Iron Bundle|89\/100\n|-unboost|p1a: Glimmora|spe|1\n|move|p1a: Glimmora|Power Gem|p2a: Iron Bundle\n|-supereffective|p2a: Iron Bundle\n|-damage|p2a: Iron Bundle|0 fnt\n|faint|p2a: Iron Bundle\n|-end|p2a: Iron Bundle|Quark Drive|[silent]\n|\n|-damage|p2b: Chi-Yu|57\/100 psn|[from] psn\n|upkeep\n|\n|t:|1683760350\n|switch|p2a: Iron Hands|Iron Hands, L50|100\/100\n|turn|3\n|\n|t:|1683760372\n|move|p1b: Iron Bundle|Protect|p1b: Iron Bundle\n|-singleturn|p1b: Iron Bundle|Protect\n|move|p2b: Chi-Yu|Heat Wave|p1a: Glimmora|[spread] p1a\n|-activate|p1b: Iron Bundle|move: Protect\n|-resisted|p1a: Glimmora\n|-crit|p1a: Glimmora\n|-damage|p1a: Glimmora|0 fnt\n|faint|p1a: Glimmora\n|move|p2a: Iron Hands|Wild Charge|p1b: Iron Bundle\n|-activate|p1b: Iron Bundle|move: Protect\n|\n|-damage|p2b: Chi-Yu|45\/100 psn|[from] psn\n|upkeep\n|\n|t:|1683760388\n|switch|p1a: Wo-Chien|Wo-Chien, L50|100\/100\n|-ability|p1a: Wo-Chien|Tablets of Ruin\n|turn|4\n|\n|t:|1683760397\n|move|p2b: Chi-Yu|Protect|p2b: Chi-Yu\n|-singleturn|p2b: Chi-Yu|Protect\n|move|p1b: Iron Bundle|Freeze-Dry|p2b: Chi-Yu\n|-activate|p2b: Chi-Yu|move: Protect\n|move|p1a: Wo-Chien|Leech Seed|p2a: Iron Hands\n|-start|p2a: Iron Hands|move: Leech Seed\n|move|p2a: Iron Hands|Wild Charge|p1b: Iron Bundle\n|-supereffective|p1b: Iron Bundle\n|-damage|p1b: Iron Bundle|0 fnt\n|faint|p1b: Iron Bundle\n|-end|p1b: Iron Bundle|Quark Drive|[silent]\n|-damage|p2a: Iron Hands|88\/100|[from] Recoil\n|\n|-damage|p2a: Iron Hands|75\/100|[from] Leech Seed|[of] p1a: Wo-Chien\n|-damage|p2b: Chi-Yu|33\/100 psn|[from] psn\n|upkeep\n|\n|t:|1683760414\n|switch|p1b: Tyranitar|Tyranitar, L50, F|100\/100\n|-weather|Sandstorm|[from] ability: Sand Stream|[of] p1b: Tyranitar\n|turn|5\n|inactive|rulesleep1 has 30 seconds left.\n|\n|t:|1683760439\n|-end|p2a: Iron Hands|Quark Drive|[silent]\n|switch|p2a: Amoonguss|Amoonguss, L50, M, shiny|100\/100\n|move|p1b: Tyranitar|Rock Slide|p2a: Amoonguss|[spread] p2a,p2b\n|-damage|p2a: Amoonguss|73\/100\n|-damage|p2b: Chi-Yu|0 fnt\n|faint|p2b: Chi-Yu\n|move|p1a: Wo-Chien|Foul Play|p2a: Amoonguss\n|-damage|p2a: Amoonguss|57\/100\n|\n|-weather|Sandstorm|[upkeep]\n|-damage|p1a: Wo-Chien|94\/100|[from] Sandstorm\n|-damage|p2a: Amoonguss|51\/100|[from] Sandstorm\n|-heal|p1a: Wo-Chien|100\/100|[from] item: Leftovers\n|upkeep\n|\n|t:|1683760447\n|switch|p2b: Iron Hands|Iron Hands, L50|75\/100\n|turn|6\n|\n|t:|1683760475\n|-terastallize|p1b: Tyranitar|Flying\n|move|p1b: Tyranitar|Rock Slide|p2a: Amoonguss|[spread] p2a,p2b\n|-resisted|p2b: Iron Hands\n|-damage|p2a: Amoonguss|22\/100\n|-damage|p2b: Iron Hands|62\/100\n|-enditem|p2a: Amoonguss|Sitrus Berry|[eat]\n|-heal|p2a: Amoonguss|47\/100|[from] item: Sitrus Berry\n|move|p1a: Wo-Chien|Leech Seed|p2b: Iron Hands\n|-start|p2b: Iron Hands|move: Leech Seed\n|move|p2b: Iron Hands|Drain Punch|p1a: Wo-Chien\n|-supereffective|p1a: Wo-Chien\n|-damage|p1a: Wo-Chien|47\/100\n|-heal|p2b: Iron Hands|83\/100|[from] drain|[of] p1a: Wo-Chien\n|cant|p2a: Amoonguss|flinch\n|\n|-weather|Sandstorm|[upkeep]\n|-damage|p1b: Tyranitar|94\/100|[from] Sandstorm\n|-damage|p1a: Wo-Chien|41\/100|[from] Sandstorm\n|-damage|p2b: Iron Hands|77\/100|[from] Sandstorm\n|-damage|p2a: Amoonguss|41\/100|[from] Sandstorm\n|-heal|p1a: Wo-Chien|47\/100|[from] item: Leftovers\n|-damage|p2b: Iron Hands|65\/100|[from] Leech Seed|[of] p1a: Wo-Chien\n|-heal|p1a: Wo-Chien|63\/100|[silent]\n|upkeep\n|turn|7\n|\n|t:|1683760499\n|move|p1b: Tyranitar|Rock Slide|p2a: Amoonguss|[spread] p2b\n|-miss|p1b: Tyranitar|p2a: Amoonguss\n|-resisted|p2b: Iron Hands\n|-damage|p2b: Iron Hands|54\/100\n|move|p1a: Wo-Chien|Foul Play|p2b: Iron Hands\n|-resisted|p2b: Iron Hands\n|-damage|p2b: Iron Hands|36\/100\n|move|p2b: Iron Hands|Drain Punch|p1a: Wo-Chien\n|-supereffective|p1a: Wo-Chien\n|-damage|p1a: Wo-Chien|4\/100\n|-heal|p2b: Iron Hands|59\/100|[from] drain|[of] p1a: Wo-Chien\n|move|p2a: Amoonguss|Spore|p1b: Tyranitar\n|-status|p1b: Tyranitar|slp|[from] move: Spore\n|\n|-weather|Sandstorm|[upkeep]\n|-damage|p1b: Tyranitar|88\/100 slp|[from] Sandstorm\n|-damage|p1a: Wo-Chien|0 fnt|[from] Sandstorm\n|-damage|p2b: Iron Hands|53\/100|[from] Sandstorm\n|-damage|p2a: Amoonguss|35\/100|[from] Sandstorm\n|faint|p1a: Wo-Chien\n|upkeep\n|turn|8\n|c|\u2606rambah|gg\n|\n|t:|1683760520\n|cant|p1b: Tyranitar|slp\n|move|p2b: Iron Hands|Wild Charge|p1b: Tyranitar\n|-supereffective|p1b: Tyranitar\n|-damage|p1b: Tyranitar|3\/100 slp\n|-damage|p2b: Iron Hands|37\/100|[from] Recoil\n|move|p2a: Amoonguss|Pollen Puff|p2b: Iron Hands\n|-heal|p2b: Iron Hands|87\/100\n|\n|-weather|Sandstorm|[upkeep]\n|-damage|p1b: Tyranitar|0 fnt|[from] Sandstorm\n|-damage|p2b: Iron Hands|81\/100|[from] Sandstorm\n|-damage|p2a: Amoonguss|29\/100|[from] Sandstorm\n|faint|p1b: Tyranitar\n|\n|win|rambah\n|upkeep\n|raw|rulesleep1's rating: 1211 → 1193<\/strong> (-18 for losing)\n|raw|rambah's rating: 1304 → 1319<\/strong> (+15 for winning)\n","uploadtime":1683760530,"views":8,"p1id":"rulesleep1","p2id":"rambah","formatid":"gen9vgc2023regulationc","rating":1193,"private":0,"password":""}