{"id":"gen9vgc2023regulationc-1857691850","p1":"tezkanagwar2","p2":"19402u","format":"[Gen 9] VGC 2023 Regulation C","log":"|j|\u2606tezkanagwar2\n|j|\u260619402u\n|t:|1683222649\n|gametype|doubles\n|player|p1|tezkanagwar2|266|1258\n|player|p2|19402u|170|1335\n|teamsize|p1|6\n|teamsize|p2|6\n|gen|9\n|tier|[Gen 9] VGC 2023 Regulation C\n|rated|\n|rule|Species Clause: Limit one of each Pok\u00e9mon\n|rule|Item Clause: Limit one of each item\n|clearpoke\n|poke|p1|Flutter Mane, L50|\n|poke|p1|Amoonguss, L50, F|\n|poke|p1|Arcanine, L50, M|\n|poke|p1|Palafin, L50, M|\n|poke|p1|Ting-Lu, L50|\n|poke|p1|Baxcalibur, L50, M|\n|poke|p2|Dondozo, L50, M|\n|poke|p2|Tatsugiri, L50, F|\n|poke|p2|Chi-Yu, L50|\n|poke|p2|Iron Bundle, L50|\n|poke|p2|Glimmora, L50, M|\n|poke|p2|Baxcalibur, L50, F|\n|teampreview|4\n19402u has agreed to open team sheets.\ntezkanagwar2 has agreed to open team sheets.\n|\n|t:|1683222730\n|start\n|switch|p1a: Ting-Lu|Ting-Lu, L50|100\/100\n|switch|p1b: Palafin|Palafin, L50, M|100\/100\n|switch|p2a: Glimmora|Glimmora, L50, M, shiny|100\/100\n|switch|p2b: Chi-Yu|Chi-Yu, L50|100\/100\n|-ability|p2b: Chi-Yu|Beads of Ruin\n|-ability|p1a: Ting-Lu|Vessel of Ruin\n|turn|1\n|\n|t:|1683222799\n|switch|p2a: Dondozo|Dondozo, L50, M|100\/100\n|move|p1b: Palafin|Jet Punch|p2b: Chi-Yu\n|-supereffective|p2b: Chi-Yu\n|-damage|p2b: Chi-Yu|23\/100\n|move|p2b: Chi-Yu|Heat Wave|p1a: Ting-Lu|[spread] p1a,p1b\n|-resisted|p1b: Palafin\n|-damage|p1a: Ting-Lu|80\/100\n|-damage|p1b: Palafin|75\/100\n|move|p1a: Ting-Lu|Stomping Tantrum|p2a: Dondozo\n|-damage|p2a: Dondozo|71\/100\n|\n|-heal|p2a: Dondozo|77\/100|[from] item: Leftovers\n|upkeep\n|turn|2\n|\n|t:|1683222868\n|move|p1b: Palafin|Protect|p1b: Palafin\n|-singleturn|p1b: Palafin|Protect\n|move|p2b: Chi-Yu|Heat Wave|p1a: Ting-Lu|[spread] \n|-activate|p1b: Palafin|move: Protect\n|-miss|p2b: Chi-Yu|p1a: Ting-Lu\n|move|p2a: Dondozo|Wave Crash|p1a: Ting-Lu\n|-supereffective|p1a: Ting-Lu\n|-damage|p1a: Ting-Lu|25\/100\n|-damage|p2a: Dondozo|56\/100|[from] Recoil\n|move|p1a: Ting-Lu|Ruination|p2a: Dondozo\n|-damage|p2a: Dondozo|28\/100\n|\n|-heal|p2a: Dondozo|35\/100|[from] item: Leftovers\n|upkeep\n|turn|3\n|\n|t:|1683222921\n|switch|p2b: Tatsugiri|Tatsugiri, L50, F|100\/100\n|-activate|p2b: Tatsugiri|ability: Commander|[of] p2a: Dondozo\n|-boost|p2a: Dondozo|atk|2\n|-boost|p2a: Dondozo|spa|2\n|-boost|p2a: Dondozo|spe|2\n|-boost|p2a: Dondozo|def|2\n|-boost|p2a: Dondozo|spd|2\n|move|p1b: Palafin|Jet Punch|p2b: Tatsugiri|[miss]\n|-miss|p1b: Palafin|p2b: Tatsugiri\n|move|p2a: Dondozo|Earthquake|p1a: Ting-Lu|[spread] p1a,p1b\n|-miss|p2a: Dondozo|p2b: Tatsugiri\n|-damage|p1a: Ting-Lu|4\/100\n|-damage|p1b: Palafin|22\/100\n|move|p1a: Ting-Lu|Fissure|p2a: Dondozo\n|-damage|p2a: Dondozo|0 fnt\n|faint|p2a: Dondozo\n|-ohko\n|\n|upkeep\n|\n|t:|1683222939\n|switch|p2a: Glimmora|Glimmora, L50, M, shiny|100\/100\n|turn|4\n|\n|t:|1683222990\n|move|p1b: Palafin|Protect|p1b: Palafin\n|-singleturn|p1b: Palafin|Protect\n|move|p2b: Tatsugiri|Muddy Water|p1a: Ting-Lu|[spread] p1a\n|-activate|p1b: Palafin|move: Protect\n|-supereffective|p1a: Ting-Lu\n|-damage|p1a: Ting-Lu|0 fnt\n|faint|p1a: Ting-Lu\n|move|p2a: Glimmora|Power Gem|p1b: Palafin\n|-activate|p1b: Palafin|move: Protect\n|\n|upkeep\n|\n|t:|1683223000\n|switch|p1a: Flutter Mane|Flutter Mane, L50|100\/100\n|turn|5\n|\n|t:|1683223033\n|-terastallize|p2b: Tatsugiri|Steel\n|move|p1b: Palafin|Jet Punch|p2a: Glimmora\n|-supereffective|p2a: Glimmora\n|-damage|p2a: Glimmora|59\/100\n|-activate|p2a: Glimmora|ability: Toxic Debris\n|-sidestart|p1: tezkanagwar2|move: Toxic Spikes\n|move|p2b: Tatsugiri|Muddy Water|p1b: Palafin|[spread] p1a,p1b\n|-resisted|p1b: Palafin\n|-damage|p1a: Flutter Mane|66\/100\n|-damage|p1b: Palafin|0 fnt\n|faint|p1b: Palafin\n|move|p1a: Flutter Mane|Shadow Ball|p2a: Glimmora\n|-damage|p2a: Glimmora|15\/100\n|move|p2a: Glimmora|Mortal Spin|p1a: Flutter Mane\n|-damage|p1a: Flutter Mane|52\/100\n|-status|p1a: Flutter Mane|psn\n|\n|-damage|p1a: Flutter Mane|40\/100 psn|[from] psn\n|upkeep\n|\n|t:|1683223055\n|switch|p1b: Arcanine|Arcanine, L50, M, shiny|100\/100\n|-status|p1b: Arcanine|psn\n|-ability|p1b: Arcanine|Intimidate|boost\n|-unboost|p2a: Glimmora|atk|1\n|-unboost|p2b: Tatsugiri|atk|1\n|turn|6\n|\n|t:|1683223076\n|-terastallize|p1b: Arcanine|Grass\n|move|p2b: Tatsugiri|Muddy Water|p1a: Flutter Mane|[spread] p1a,p1b\n|-crit|p1a: Flutter Mane\n|-resisted|p1b: Arcanine\n|-damage|p1a: Flutter Mane|0 fnt\n|-damage|p1b: Arcanine|88\/100 psn\n|faint|p1a: Flutter Mane\n|-end|p1a: Flutter Mane|Protosynthesis|[silent]\n|move|p1b: Arcanine|Flare Blitz|p2b: Tatsugiri\n|-supereffective|p2b: Tatsugiri\n|-damage|p2b: Tatsugiri|0 fnt\n|faint|p2b: Tatsugiri\n|-damage|p1b: Arcanine|64\/100 psn|[from] Recoil\n|move|p2a: Glimmora|Power Gem|p1b: Arcanine\n|-damage|p1b: Arcanine|39\/100 psn\n|\n|-damage|p1b: Arcanine|27\/100 psn|[from] psn\n|upkeep\n|\n|t:|1683223083\n|switch|p2b: Chi-Yu|Chi-Yu, L50|23\/100\n|-ability|p2b: Chi-Yu|Beads of Ruin\n|turn|7\n|c|\u2606tezkanagwar2|gg\n|c|\u260619402u|gg\n|\n|t:|1683223104\n|move|p1b: Arcanine|Extreme Speed|p2b: Chi-Yu\n|-damage|p2b: Chi-Yu|0 fnt\n|faint|p2b: Chi-Yu\n|move|p2a: Glimmora|Power Gem|p1b: Arcanine\n|-damage|p1b: Arcanine|2\/100 psn\n|\n|-damage|p1b: Arcanine|0 fnt|[from] psn\n|faint|p1b: Arcanine\n|\n|win|19402u\n|upkeep\n|raw|tezkanagwar2's rating: 1258 → 1238<\/strong> (-20 for losing)\n|raw|19402u's rating: 1335 → 1351<\/strong> (+16 for winning)\n","uploadtime":1683223134,"views":15,"p1id":"tezkanagwar2","p2id":"19402u","formatid":"gen9vgc2023regulationc","rating":1238,"private":0,"password":""}