{"id":"gen9vgc2023regulationc-1848617804","p1":"potatoman09017","p2":"pupulovessixsheep","format":"[Gen 9] VGC 2023 Regulation C","log":"|j|\u2606potatoman09017\n|j|\u2606pupulovessixsheep\n|t:|1682094910\n|gametype|doubles\n|player|p1|potatoman09017|pokemaniac|1317\n|player|p2|pupulovessixsheep|265|1288\n|teamsize|p1|6\n|teamsize|p2|6\n|gen|9\n|tier|[Gen 9] VGC 2023 Regulation C\n|rated|\n|rule|Species Clause: Limit one of each Pok\u00e9mon\n|rule|Item Clause: Limit one of each item\n|clearpoke\n|poke|p1|Indeedee-F, L50, F|\n|poke|p1|Chi-Yu, L50|\n|poke|p1|Torkoal, L50, F|\n|poke|p1|Iron Hands, L50|\n|poke|p1|Great Tusk, L50|\n|poke|p1|Kingambit, L50, M|\n|poke|p2|Talonflame, L50, M|\n|poke|p2|Chi-Yu, L50|\n|poke|p2|Flutter Mane, L50|\n|poke|p2|Amoonguss, L50, M|\n|poke|p2|Tyranitar, L50, F|\n|poke|p2|Houndstone, L50, M|\n|teampreview|4\n|inactive|Battle timer is ON: inactive players will automatically lose when time's up. (requested by pupulovessixsheep)\n|\n|t:|1682094921\n|start\n|switch|p1a: Indeedee|Indeedee-F, L50, F|100\/100\n|switch|p1b: Torkoal|Torkoal, L50, F|100\/100\n|switch|p2a: Tyranitar|Tyranitar, L50, F, shiny|100\/100\n|switch|p2b: Amoonguss|Amoonguss, L50, M|100\/100\n|-weather|Sandstorm|[from] ability: Sand Stream|[of] p2a: Tyranitar\n|-fieldstart|move: Psychic Terrain|[from] ability: Psychic Surge|[of] p1a: Indeedee\n|-weather|SunnyDay|[from] ability: Drought|[of] p1b: Torkoal\n|turn|1\n|\n|t:|1682094939\n|-terastallize|p1a: Indeedee|Grass\n|-terastallize|p2b: Amoonguss|Rock\n|move|p1b: Torkoal|Protect|p1b: Torkoal\n|-singleturn|p1b: Torkoal|Protect\n|move|p2a: Tyranitar|Dragon Dance|p2a: Tyranitar\n|-boost|p2a: Tyranitar|atk|1\n|-boost|p2a: Tyranitar|spe|1\n|move|p2b: Amoonguss|Spore|p1a: Indeedee\n|-immune|p1a: Indeedee\n|move|p1a: Indeedee|Trick Room|p1a: Indeedee\n|-fieldstart|move: Trick Room|[of] p1a: Indeedee\n|\n|-weather|SunnyDay|[upkeep]\n|upkeep\n|turn|2\n|inactive|pupulovessixsheep has 30 seconds left.\n|inactive|potatoman09017 has 30 seconds left.\n|\n|t:|1682094969\n|switch|p1a: Chi-Yu|Chi-Yu, L50|100\/100\n|-ability|p1a: Chi-Yu|Beads of Ruin\n|move|p1b: Torkoal|Earth Power|p2b: Amoonguss\n|-supereffective|p2b: Amoonguss\n|-crit|p2b: Amoonguss\n|-damage|p2b: Amoonguss|0 fnt\n|faint|p2b: Amoonguss\n|move|p2a: Tyranitar|Rock Slide|p1b: Torkoal|[spread] p1b\n|-miss|p2a: Tyranitar|p1a: Chi-Yu\n|-supereffective|p1b: Torkoal\n|-damage|p1b: Torkoal|29\/100\n|\n|-weather|SunnyDay|[upkeep]\n|upkeep\n|\n|t:|1682094984\n|switch|p2b: Flutter Mane|Flutter Mane, L50|100\/100\n|-activate|p2b: Flutter Mane|ability: Protosynthesis\n|-start|p2b: Flutter Mane|protosynthesisspa\n|turn|3\n|\n|t:|1682094991\n|move|p1b: Torkoal|Earth Power|p2a: Tyranitar\n|-supereffective|p2a: Tyranitar\n|-damage|p2a: Tyranitar|35\/100\n|-unboost|p2a: Tyranitar|spd|1\n|-enditem|p2a: Tyranitar|Weakness Policy\n|-boost|p2a: Tyranitar|atk|2|[from] item: Weakness Policy\n|-boost|p2a: Tyranitar|spa|2|[from] item: Weakness Policy\n|move|p1a: Chi-Yu|Flamethrower|p2b: Flutter Mane\n|-damage|p2b: Flutter Mane|0 fnt\n|faint|p2b: Flutter Mane\n|-end|p2b: Flutter Mane|Protosynthesis|[silent]\n|-damage|p1a: Chi-Yu|91\/100|[from] item: Life Orb\n|move|p2a: Tyranitar|Rock Slide|p1b: Torkoal|[spread] p1a,p1b\n|-supereffective|p1a: Chi-Yu\n|-supereffective|p1b: Torkoal\n|-damage|p1a: Chi-Yu|0 fnt\n|-damage|p1b: Torkoal|0 fnt\n|faint|p1a: Chi-Yu\n|faint|p1b: Torkoal\n|\n|-weather|SunnyDay|[upkeep]\n|upkeep\n|\n|t:|1682095010\n|switch|p1b: Iron Hands|Iron Hands, L50|100\/100\n|switch|p1a: Indeedee|Indeedee-F, L50, F, tera:Grass|100\/100\n|switch|p2b: Chi-Yu|Chi-Yu, L50|100\/100\n|-ability|p2b: Chi-Yu|Beads of Ruin\n|turn|4\n|\n|t:|1682095020\n|move|p2a: Tyranitar|Protect|p2a: Tyranitar\n|-singleturn|p2a: Tyranitar|Protect\n|move|p1a: Indeedee|Follow Me|p1a: Indeedee\n|-singleturn|p1a: Indeedee|move: Follow Me\n|move|p1b: Iron Hands|Drain Punch|p2a: Tyranitar\n|-activate|p2a: Tyranitar|move: Protect\n|move|p2b: Chi-Yu|Heat Wave|p1b: Iron Hands|[spread] p1a,p1b\n|-supereffective|p1a: Indeedee\n|-crit|p1b: Iron Hands\n|-damage|p1a: Indeedee|0 fnt\n|-damage|p1b: Iron Hands|24\/100\n|faint|p1a: Indeedee\n|\n|-weather|SunnyDay|[upkeep]\n|upkeep\n|turn|5\n|\n|t:|1682095036\n|move|p1b: Iron Hands|Drain Punch|p2b: Chi-Yu\n|-supereffective|p2b: Chi-Yu\n|-damage|p2b: Chi-Yu|0 fnt\n|-heal|p1b: Iron Hands|50\/100|[from] drain|[of] p2b: Chi-Yu\n|faint|p2b: Chi-Yu\n|move|p2a: Tyranitar|Fire Punch|p1b: Iron Hands\n|-damage|p1b: Iron Hands|0 fnt\n|faint|p1b: Iron Hands\n|-end|p1b: Iron Hands|Quark Drive|[silent]\n|\n|win|pupulovessixsheep\n|raw|potatoman09017's rating: 1317 → 1295<\/strong> (-22 for losing)\n|raw|pupulovessixsheep's rating: 1288 → 1315<\/strong> (+27 for winning)\n|l|\u2606potatoman09017\n","uploadtime":1682095053,"views":5,"p1id":"potatoman09017","p2id":"pupulovessixsheep","formatid":"gen9vgc2023regulationc","rating":1295,"private":0,"password":""}