{"id":"gen9vgc2023regulationc-1861138171","p1":"S!dd_1","p2":"littensalt","format":"[Gen 9] VGC 2023 Regulation C","log":"|j|\u2606S!dd_1\n|j|\u2606littensalt\n|t:|1683729922\n|gametype|doubles\n|player|p1|S!dd_1|cyclist-gen4|1044\n|player|p2|littensalt|hugh|1046\n|teamsize|p1|6\n|teamsize|p2|6\n|gen|9\n|tier|[Gen 9] VGC 2023 Regulation C\n|rated|\n|rule|Species Clause: Limit one of each Pok\u00e9mon\n|rule|Item Clause: Limit one of each item\n|clearpoke\n|poke|p1|Iron Valiant, L50|\n|poke|p1|Talonflame, L50, M|\n|poke|p1|Gothitelle, L50, F|\n|poke|p1|Barraskewda, L50, F|\n|poke|p1|Meowscarada, L50, F|\n|poke|p1|Garchomp, L50, M|\n|poke|p2|Indeedee-F, L50, F|\n|poke|p2|Armarouge, L50, M|\n|poke|p2|Gholdengo, L50|\n|poke|p2|Murkrow, L50, F|\n|poke|p2|Meowscarada, L50, M|\n|poke|p2|Great Tusk, L50|\n|teampreview|4\n|\n|t:|1683729940\n|start\n|switch|p1a: Barraskewda|Barraskewda, L50, F|100\/100\n|switch|p1b: Talonflame|Talonflame, L50, M|100\/100\n|switch|p2a: Indeedee|Indeedee-F, L50, F|100\/100\n|switch|p2b: Armarouge|Armarouge, L50, M|100\/100\n|-fieldstart|move: Psychic Terrain|[from] ability: Psychic Surge|[of] p2a: Indeedee\n|-enditem|p2a: Indeedee|Psychic Seed\n|-boost|p2a: Indeedee|spd|1|[from] item: Psychic Seed\n|turn|1\n|\n|t:|1683729953\n|move|p2a: Indeedee|Follow Me|p2a: Indeedee\n|-singleturn|p2a: Indeedee|move: Follow Me\n|move|p1a: Barraskewda|Liquidation|p2b: Armarouge\n|-supereffective|p2b: Armarouge\n|-damage|p2b: Armarouge|41\/100\n|move|p1b: Talonflame|Taunt|p2a: Indeedee\n|-start|p2a: Indeedee|move: Taunt\n|move|p2b: Armarouge|Trick Room|p2b: Armarouge\n|-fieldstart|move: Trick Room|[of] p2b: Armarouge\n|\n|upkeep\n|turn|2\n|\n|t:|1683729972\n|move|p2b: Armarouge|Expanding Force|p1b: Talonflame|[spread] p1a,p1b\n|-enditem|p1a: Barraskewda|Focus Sash\n|-damage|p1a: Barraskewda|1\/100\n|-damage|p1b: Talonflame|4\/100\n|-damage|p2b: Armarouge|31\/100|[from] item: Life Orb\n|move|p2a: Indeedee|Psyshock|p1a: Barraskewda\n|-damage|p1a: Barraskewda|0 fnt\n|faint|p1a: Barraskewda\n|move|p1b: Talonflame|Heat Wave|p2a: Indeedee|[spread] p2a\n|-start|p2b: Armarouge|ability: Flash Fire\n|-damage|p2a: Indeedee|88\/100\n|-status|p2a: Indeedee|brn\n|\n|-damage|p2a: Indeedee|82\/100 brn|[from] brn\n|upkeep\n|\n|t:|1683729983\n|switch|p1a: Garchomp|Garchomp, L50, M|100\/100\n|turn|3\n|\n|t:|1683729990\n|-terastallize|p1a: Garchomp|Steel\n|move|p2b: Armarouge|Expanding Force|p1a: Garchomp|[spread] p1a,p1b\n|-resisted|p1a: Garchomp\n|-damage|p1a: Garchomp|60\/100\n|-damage|p1b: Talonflame|0 fnt\n|faint|p1b: Talonflame\n|-damage|p2b: Armarouge|21\/100|[from] item: Life Orb\n|move|p2a: Indeedee|Psyshock|p1a: Garchomp\n|-resisted|p1a: Garchomp\n|-damage|p1a: Garchomp|43\/100\n|move|p1a: Garchomp|Earthquake|p2b: Armarouge|[spread] p2a,p2b\n|-supereffective|p2b: Armarouge\n|-damage|p2a: Indeedee|19\/100 brn\n|-damage|p2b: Armarouge|0 fnt\n|faint|p2b: Armarouge\n|\n|-heal|p1a: Garchomp|49\/100|[from] item: Leftovers\n|-damage|p2a: Indeedee|12\/100 brn|[from] brn\n|upkeep\n|\n|t:|1683730003\n|switch|p2b: Gholdengo|Gholdengo, L50|100\/100\n|switch|p1b: Iron Valiant|Iron Valiant, L50|100\/100\n|-enditem|p1b: Iron Valiant|Booster Energy\n|-activate|p1b: Iron Valiant|ability: Quark Drive|[fromitem]\n|-start|p1b: Iron Valiant|quarkdrivespe\n|turn|4\n|\n|t:|1683730013\n|move|p1b: Iron Valiant|Protect|p1b: Iron Valiant\n|-singleturn|p1b: Iron Valiant|Protect\n|move|p2a: Indeedee|Psyshock|p1b: Iron Valiant\n|-activate|p1b: Iron Valiant|move: Protect\n|move|p2b: Gholdengo|Shadow Ball|p1a: Garchomp\n|-damage|p1a: Garchomp|0 fnt\n|faint|p1a: Garchomp\n|\n|-damage|p2a: Indeedee|6\/100 brn|[from] brn\n|-end|p2a: Indeedee|move: Taunt\n|upkeep\n|turn|5\n|\n|t:|1683730027\n|-terastallize|p2b: Gholdengo|Steel\n|move|p1b: Iron Valiant|Protect|p1b: Iron Valiant\n|-singleturn|p1b: Iron Valiant|Protect\n|move|p2a: Indeedee|Psyshock|p1b: Iron Valiant\n|-activate|p1b: Iron Valiant|move: Protect\n|move|p2b: Gholdengo|Make It Rain|p1b: Iron Valiant\n|-activate|p1b: Iron Valiant|move: Protect\n|\n|-damage|p2a: Indeedee|0 fnt|[from] brn\n|faint|p2a: Indeedee\n|-fieldend|move: Trick Room\n|-fieldend|move: Psychic Terrain\n|upkeep\n|\n|t:|1683730033\n|switch|p2a: Murkrow|Murkrow, L50, F|100\/100\n|turn|6\n|\n|t:|1683730038\n|move|p2a: Murkrow|Tailwind|p2a: Murkrow\n|-sidestart|p2: littensalt|move: Tailwind\n|move|p2b: Gholdengo|Make It Rain|p1b: Iron Valiant\n|-supereffective|p1b: Iron Valiant\n|-damage|p1b: Iron Valiant|0 fnt\n|-unboost|p2b: Gholdengo|spa|1\n|faint|p1b: Iron Valiant\n|-end|p1b: Iron Valiant|Quark Drive|[silent]\n|\n|win|littensalt\n|raw|S!dd_1's rating: 1044 → 1027<\/strong> (-17 for losing)\n|raw|littensalt's rating: 1046 → 1079<\/strong> (+33 for winning)\n|l|\u2606S!dd_1\n|c|\u2606littensalt|ggs\n","uploadtime":1683730049,"views":8,"p1id":"sdd1","p2id":"littensalt","formatid":"gen9vgc2023regulationc","rating":1027,"private":0,"password":""}