{"id":"gen9vgc2023regulationc-1861362137","p1":"Ytterby","p2":"shucklesrevenge95","format":"[Gen 9] VGC 2023 Regulation C","log":"|j|\u2606Ytterby\n|j|\u2606shucklesrevenge95\n|t:|1683749647\n|gametype|doubles\n|player|p1|Ytterby|brycenman|1320\n|player|p2|shucklesrevenge95|barry|1276\n|teamsize|p1|6\n|teamsize|p2|6\n|gen|9\n|tier|[Gen 9] VGC 2023 Regulation C\n|rated|\n|rule|Species Clause: Limit one of each Pok\u00e9mon\n|rule|Item Clause: Limit one of each item\n|clearpoke\n|poke|p1|Iron Bundle, L50|\n|poke|p1|Palafin, L50, F|\n|poke|p1|Pelipper, L50, M|\n|poke|p1|Farigiraf, L50, M|\n|poke|p1|Gholdengo, L50|\n|poke|p1|Gastrodon, L50, M|\n|poke|p2|Hawlucha, L50, M|\n|poke|p2|Indeedee-F, L50, F|\n|poke|p2|Armarouge, L50, M|\n|poke|p2|Palafin, L50, F|\n|poke|p2|Sandy Shocks, L50|\n|poke|p2|Chien-Pao, L50|\n|teampreview|4\nshucklesrevenge95 has agreed to open team sheets.\n|\n|t:|1683749690\n|start\n|switch|p1a: Farigiraf|Farigiraf, L50, M|100\/100\n|switch|p1b: Palafin|Palafin, L50, F|100\/100\n|switch|p2a: Indeedee|Indeedee-F, L50, F|100\/100\n|switch|p2b: Chien-Pao|Chien-Pao, L50|100\/100\n|-ability|p2b: Chien-Pao|Sword of Ruin\n|-fieldstart|move: Psychic Terrain|[from] ability: Psychic Surge|[of] p2a: Indeedee\n|turn|1\n|\n|t:|1683749723\n|-terastallize|p1b: Palafin|Water\n|move|p2a: Indeedee|Follow Me|p2a: Indeedee\n|-singleturn|p2a: Indeedee|move: Follow Me\n|move|p2b: Chien-Pao|Throat Chop|p1a: Farigiraf\n|-supereffective|p1a: Farigiraf\n|-damage|p1a: Farigiraf|0 fnt\n|faint|p1a: Farigiraf\n|move|p1b: Palafin|Wave Crash|p2a: Indeedee\n|-damage|p2a: Indeedee|29\/100\n|-damage|p1b: Palafin|78\/100|[from] Recoil\n|\n|upkeep\n|\n|t:|1683749739\n|switch|p1a: Iron Bundle|Iron Bundle, L50|100\/100\n|turn|2\n|\n|t:|1683749753\n|detailschange|p1b: Palafin|Palafin-Hero, L50, F, tera:Water\n|switch|p1b: Pelipper|Pelipper, L50, M, shiny|100\/100\n|-weather|RainDance|[from] ability: Drizzle|[of] p1b: Pelipper\n|move|p2a: Indeedee|Follow Me|p2a: Indeedee\n|-singleturn|p2a: Indeedee|move: Follow Me\n|move|p2b: Chien-Pao|Throat Chop|p1b: Pelipper\n|-damage|p1b: Pelipper|45\/100\n|move|p1a: Iron Bundle|Hydro Pump|p2a: Indeedee\n|-damage|p2a: Indeedee|0 fnt\n|faint|p2a: Indeedee\n|\n|-weather|RainDance|[upkeep]\n|upkeep\n|\n|t:|1683749766\n|switch|p2a: Hawlucha|Hawlucha, L50, M, shiny|100\/100\n|-enditem|p2a: Hawlucha|Psychic Seed\n|-boost|p2a: Hawlucha|spd|1|[from] item: Psychic Seed\n|turn|3\n|\n|t:|1683749792\n|move|p1b: Pelipper|Protect|p1b: Pelipper\n|-singleturn|p1b: Pelipper|Protect\n|move|p2a: Hawlucha|Acrobatics|p1a: Iron Bundle\n|-damage|p1a: Iron Bundle|16\/100\n|move|p2b: Chien-Pao|Throat Chop|p1a: Iron Bundle\n|-damage|p1a: Iron Bundle|0 fnt\n|faint|p1a: Iron Bundle\n|-end|p1a: Iron Bundle|Quark Drive|[silent]\n|\n|-weather|RainDance|[upkeep]\n|upkeep\n|\n|t:|1683749799\n|switch|p1a: Palafin|Palafin-Hero, L50, F, tera:Water|78\/100\n|-activate|p1a: Palafin|ability: Zero to Hero\n|turn|4\n|\n|t:|1683749810\n|move|p1a: Palafin|Protect|p1a: Palafin\n|-singleturn|p1a: Palafin|Protect\n|move|p2a: Hawlucha|Acrobatics|p1b: Pelipper\n|-damage|p1b: Pelipper|0 fnt\n|faint|p1b: Pelipper\n|move|p2b: Chien-Pao|Throat Chop|p1a: Palafin\n|-activate|p1a: Palafin|move: Protect\n|\n|-weather|RainDance|[upkeep]\n|upkeep\n|turn|5\n|\n|t:|1683749830\n|move|p1a: Palafin|Jet Punch|p2a: Hawlucha\n|-hint|Psychic Terrain doesn't affect Pok\u00e9mon immune to Ground.\n|-damage|p2a: Hawlucha|0 fnt\n|faint|p2a: Hawlucha\n|move|p2b: Chien-Pao|Throat Chop|p1a: Palafin\n|-damage|p1a: Palafin|30\/100\n|-start|p1a: Palafin|Throat Chop|[silent]\n|\n|-weather|RainDance|[upkeep]\n|-fieldend|move: Psychic Terrain\n|upkeep\n|\n|t:|1683749837\n|switch|p2a: Sandy Shocks|Sandy Shocks, L50, shiny|100\/100\n|-enditem|p2a: Sandy Shocks|Booster Energy\n|-activate|p2a: Sandy Shocks|ability: Protosynthesis|[fromitem]\n|-start|p2a: Sandy Shocks|protosynthesisspe\n|turn|6\n|c|\u2606Ytterby|lmao just remembered i could do that\n|\n|t:|1683749857\n|move|p2a: Sandy Shocks|Protect|p2a: Sandy Shocks\n|-singleturn|p2a: Sandy Shocks|Protect\n|move|p2b: Chien-Pao|Protect|p2b: Chien-Pao\n|-singleturn|p2b: Chien-Pao|Protect\n|move|p1a: Palafin|Jet Punch|p2a: Sandy Shocks\n|-activate|p2a: Sandy Shocks|move: Protect\n|\n|-weather|none\n|-end|p1a: Palafin|Throat Chop|[silent]\n|upkeep\n|turn|7\n|\n|t:|1683749870\n|-terastallize|p2a: Sandy Shocks|Grass\n|move|p1a: Palafin|Protect|p1a: Palafin\n|-singleturn|p1a: Palafin|Protect\n|move|p2a: Sandy Shocks|Thunderbolt|p1a: Palafin\n|-activate|p1a: Palafin|move: Protect\n|move|p2b: Chien-Pao|Throat Chop|p1a: Palafin\n|-activate|p1a: Palafin|move: Protect\n|\n|upkeep\n|turn|8\n|\n|t:|1683749880\n|move|p1a: Palafin|Jet Punch|p2b: Chien-Pao\n|-damage|p2b: Chien-Pao|31\/100\n|move|p2a: Sandy Shocks|Thunderbolt|p1a: Palafin\n|-supereffective|p1a: Palafin\n|-damage|p1a: Palafin|0 fnt\n|faint|p1a: Palafin\n|\n|win|shucklesrevenge95\n|raw|Ytterby's rating: 1320 → 1297<\/strong> (-23 for losing)\n|raw|shucklesrevenge95's rating: 1276 → 1304<\/strong> (+28 for winning)\n","uploadtime":1683749885,"views":10,"p1id":"ytterby","p2id":"shucklesrevenge95","formatid":"gen9vgc2023regulationc","rating":1297,"private":0,"password":""}