{"id":"gen9vgc2023regulationc-1848757700","p1":"ryanogiggs11","p2":"FlowersBloom","format":"[Gen 9] VGC 2023 Regulation C","log":"|j|\u2606ryanogiggs11\n|j|\u2606FlowersBloom\n|t:|1682107398\n|gametype|doubles\n|player|p1|ryanogiggs11|dawn|\n|player|p2|FlowersBloom|1|\n|teamsize|p1|6\n|teamsize|p2|6\n|gen|9\n|tier|[Gen 9] VGC 2023 Regulation C\n|rule|Species Clause: Limit one of each Pok\u00e9mon\n|rule|Item Clause: Limit one of each item\n|clearpoke\n|poke|p1|Dondozo, L50, M|\n|poke|p1|Tatsugiri, L50, M|\n|poke|p1|Annihilape, L50, F|\n|poke|p1|Dragapult, L50, M|\n|poke|p1|Vivillon-Ocean, L50, F|\n|poke|p1|Flamigo, L50, M|\n|poke|p2|Scream Tail, L50|\n|poke|p2|Gothitelle, L50, F|\n|poke|p2|Palafin, L50, M|\n|poke|p2|Tauros-Paldea-Blaze, L50, M|\n|poke|p2|Pachirisu, L50, M|\n|poke|p2|Zoroark, L50, M|\n|teampreview|4\n|inactive|Battle timer is ON: inactive players will automatically lose when time's up. (requested by FlowersBloom)\n|c|\u2606ryanogiggs11|G1\n|inactiveoff|Battle timer is now OFF.\n|c|\u2606FlowersBloom|glhf!\n|c|\u2606ryanogiggs11|Good luck lets have some fun\n|c|\u2606FlowersBloom|Yes sir! I will start timer\n|inactive|Battle timer is ON: inactive players will automatically lose when time's up. (requested by FlowersBloom)\n|c|\u2606ryanogiggs11|All good with me!\n|j| deathdragon25o\n|n| deathdragon25o|deathdragon25o\n|inactive|FlowersBloom has 30 seconds left.\n|inactive|FlowersBloom has 20 seconds left.\n|\n|t:|1682107533\n|start\n|switch|p1a: Annihilape|Annihilape, L50, F|100\/100\n|switch|p1b: Vivillon|Vivillon-Ocean, L50, F|100\/100\n|switch|p2a: Scream Tail|Scream Tail, L50, shiny|100\/100\n|switch|p2b: Gothitelle|Gothitelle, L50, F|100\/100\n|-enditem|p2a: Scream Tail|Booster Energy\n|-activate|p2a: Scream Tail|ability: Protosynthesis|[fromitem]\n|-start|p2a: Scream Tail|protosynthesisspe\n|turn|1\n|inactive|FlowersBloom has 30 seconds left.\n|inactive|FlowersBloom has 20 seconds left.\n|\n|t:|1682107569\n|move|p2b: Gothitelle|Protect|p2b: Gothitelle\n|-singleturn|p2b: Gothitelle|Protect\n|move|p2a: Scream Tail|Perish Song|p2a: Scream Tail\n|-start|p1a: Annihilape|perish3|[silent]\n|-start|p1b: Vivillon|perish3|[silent]\n|-start|p2a: Scream Tail|perish3|[silent]\n|-start|p2b: Gothitelle|perish3|[silent]\n|-fieldactivate|move: Perish Song\n|move|p1b: Vivillon|Sleep Powder|p2a: Scream Tail|[miss]\n|-miss|p1b: Vivillon|p2a: Scream Tail\n|move|p1a: Annihilape|Bulk Up|p1a: Annihilape\n|-boost|p1a: Annihilape|atk|1\n|-boost|p1a: Annihilape|def|1\n|\n|-start|p2a: Scream Tail|perish3\n|-start|p2b: Gothitelle|perish3\n|-start|p1b: Vivillon|perish3\n|-start|p1a: Annihilape|perish3\n|upkeep\n|turn|2\n|inactive|FlowersBloom has 30 seconds left.\n|\n|t:|1682107599\n|switch|p2b: Gothitelle|Gothitelle, L50, F|100\/100\n|move|p2a: Scream Tail|Disable|p1b: Vivillon\n|-start|p1b: Vivillon|Disable|Sleep Powder\n|move|p1b: Vivillon|Pollen Puff|p2b: Gothitelle\n|-supereffective|p2b: Gothitelle\n|-damage|p2b: Gothitelle|48\/100\n|-enditem|p2b: Gothitelle|Sitrus Berry|[eat]\n|-heal|p2b: Gothitelle|72\/100|[from] item: Sitrus Berry\n|move|p1a: Annihilape|Rage Fist|p2b: Gothitelle\n|-supereffective|p2b: Gothitelle\n|-damage|p2b: Gothitelle|0 fnt\n|faint|p2b: Gothitelle\n|\n|-start|p2a: Scream Tail|perish2\n|-start|p1b: Vivillon|perish2\n|-start|p1a: Annihilape|perish2\n|upkeep\n|inactive|FlowersBloom has 30 seconds left.\n|\n|t:|1682107633\n|switch|p2b: Pachirisu|Pachirisu, L50, M|100\/100\n|turn|3\n|l| deathdragon25o\n|j| thejordanvgc\n|inactive|ryanogiggs11 has 30 seconds left.\n|inactive|FlowersBloom has 30 seconds left.\n|\n|t:|1682107665\n|move|p1b: Vivillon|Rage Powder|p1b: Vivillon\n|-singleturn|p1b: Vivillon|move: Rage Powder\n|move|p2a: Scream Tail|Dazzling Gleam|p1a: Annihilape|[spread] p1a,p1b\n|-supereffective|p1a: Annihilape\n|-damage|p1a: Annihilape|83\/100\n|-damage|p1b: Vivillon|75\/100\n|-enditem|p1a: Annihilape|Weakness Policy\n|-boost|p1a: Annihilape|atk|2|[from] item: Weakness Policy\n|-boost|p1a: Annihilape|spa|2|[from] item: Weakness Policy\n|move|p2b: Pachirisu|Nuzzle|p1b: Vivillon\n|-supereffective|p1b: Vivillon\n|-damage|p1b: Vivillon|59\/100\n|-status|p1b: Vivillon|par\n|move|p1a: Annihilape|Rage Fist|p2a: Scream Tail\n|-supereffective|p2a: Scream Tail\n|-damage|p2a: Scream Tail|0 fnt\n|faint|p2a: Scream Tail\n|-end|p2a: Scream Tail|Protosynthesis|[silent]\n|\n|-start|p1a: Annihilape|perish1\n|-start|p1b: Vivillon|perish1\n|upkeep\n|\n|t:|1682107676\n|switch|p2a: Pachirisu|Pachirisu, L50, M|100\/100\n|turn|4\n|inactive|ryanogiggs11 has 30 seconds left.\n|inactive|ryanogiggs11 has 20 seconds left.\n|inactive|ryanogiggs11 has 15 seconds left.\n|inactive|ryanogiggs11 has 10 seconds left.\n|inactive|ryanogiggs11 has 5 seconds left.\n|\n|t:|1682107728\n|switch|p1a: Flamigo|Flamigo, L50, M|100\/100\n|-copyboost|p1a: Flamigo|p1b: Vivillon|[from] ability: Costar\n|move|p2a: Pachirisu|Protect|p2a: Pachirisu\n|-singleturn|p2a: Pachirisu|Protect\n|move|p2b: Pachirisu|Protect|p2b: Pachirisu\n|-singleturn|p2b: Pachirisu|Protect\n|cant|p1b: Vivillon|par\n|\n|-start|p1b: Vivillon|perish0\n|faint|p1b: Vivillon\n|upkeep\n|inactive|ryanogiggs11 has 30 seconds left.\n|\n|t:|1682107756\n|switch|p1b: Dragapult|Dragapult, L50, M|100\/100\n|turn|5\n|\n|t:|1682107779\n|-terastallize|p2a: Pachirisu|Dark\n|move|p2b: Pachirisu|Follow Me|p2b: Pachirisu\n|-singleturn|p2b: Pachirisu|move: Follow Me\n|move|p2a: Pachirisu|Sucker Punch|p1b: Dragapult\n|-supereffective|p1b: Dragapult\n|-damage|p1b: Dragapult|0 fnt\n|faint|p1b: Dragapult\n|move|p1a: Flamigo|Close Combat|p2b: Pachirisu\n|-damage|p2b: Pachirisu|21\/100\n|-unboost|p1a: Flamigo|def|1\n|-unboost|p1a: Flamigo|spd|1\n|\n|upkeep\n|\n|t:|1682107789\n|switch|p1b: Annihilape|Annihilape, L50, F|83\/100\n|turn|6\n|\n|t:|1682107806\n|move|p1b: Annihilape|Protect|p1b: Annihilape\n|-singleturn|p1b: Annihilape|Protect\n|move|p2b: Pachirisu|Follow Me|p2b: Pachirisu\n|-singleturn|p2b: Pachirisu|move: Follow Me\n|move|p1a: Flamigo|Close Combat|p2b: Pachirisu\n|-damage|p2b: Pachirisu|0 fnt\n|-unboost|p1a: Flamigo|def|1\n|-unboost|p1a: Flamigo|spd|1\n|faint|p2b: Pachirisu\n|move|p2a: Pachirisu|Knock Off|p1b: Annihilape\n|-activate|p1b: Annihilape|move: Protect\n|\n|upkeep\n|turn|7\n|inactive|ryanogiggs11 has 30 seconds left.\n|inactive|FlowersBloom has 30 seconds left.\n|inactive|ryanogiggs11 has 20 seconds left.\n|inactive|ryanogiggs11 has 15 seconds left.\n|inactive|ryanogiggs11 has 10 seconds left.\n|\n|t:|1682107855\n|move|p2a: Pachirisu|Sucker Punch|p1a: Flamigo\n|-resisted|p1a: Flamigo\n|-damage|p1a: Flamigo|47\/100\n|move|p1a: Flamigo|Close Combat|p2a: Pachirisu\n|-supereffective|p2a: Pachirisu\n|-enditem|p2a: Pachirisu|Focus Sash\n|-damage|p2a: Pachirisu|1\/100\n|-unboost|p1a: Flamigo|def|1\n|-unboost|p1a: Flamigo|spd|1\n|replace|p2a: Zoroark|Zoroark, L50, M\n|-end|p2a: Zoroark|Illusion\n|move|p1b: Annihilape|Drain Punch|p2a: Zoroark\n|-supereffective|p2a: Zoroark\n|-damage|p2a: Zoroark|0 fnt\n|-heal|p1b: Annihilape|84\/100|[from] drain|[of] p2a: Zoroark\n|faint|p2a: Zoroark\n|\n|win|ryanogiggs11\n|c|\u2606ryanogiggs11|gg\n|c|\u2606FlowersBloom|gg!\n|j| KCXII\n|l| KCXII\n|j| CoDameron\n","uploadtime":1682108776,"views":31,"p1id":"ryanogiggs11","p2id":"flowersbloom","formatid":"gen9vgc2023regulationc","rating":0,"private":0,"password":""}