{"id":"gen9vgc2023regulationc-1855429410","p1":"noobtrainer1","p2":"FlutterGAINZ","format":"[Gen 9] VGC 2023 Regulation C","log":"|j|\u2606noobtrainer1\n|j|\u2606FlutterGAINZ\n|t:|1682950602\n|gametype|doubles\n|player|p1|noobtrainer1|parasollady|1421\n|player|p2|FlutterGAINZ|265|1411\n|teamsize|p1|6\n|teamsize|p2|6\n|gen|9\n|tier|[Gen 9] VGC 2023 Regulation C\n|rated|\n|rule|Species Clause: Limit one of each Pok\u00e9mon\n|rule|Item Clause: Limit one of each item\n|clearpoke\n|poke|p1|Annihilape, L50, F|\n|poke|p1|Maushold-Four, L50|\n|poke|p1|Dondozo, L50, F|\n|poke|p1|Tatsugiri-Stretchy, L50, F|\n|poke|p1|Drednaw, L50, F|\n|poke|p1|Pelipper, L50, M|\n|poke|p2|Arcanine, L50, M|\n|poke|p2|Palafin, L50, F|\n|poke|p2|Flutter Mane, L50|\n|poke|p2|Amoonguss, L50, M|\n|poke|p2|Kingambit, L50, M|\n|poke|p2|Chien-Pao, L50|\n|teampreview|4\n|inactive|Battle timer is ON: inactive players will automatically lose when time's up. (requested by noobtrainer1)\n|inactive|FlutterGAINZ has 60 seconds left.\n|inactive|noobtrainer1 has 60 seconds left.\n|inactive|FlutterGAINZ has 30 seconds left.\n|inactive|FlutterGAINZ has 20 seconds left.\n|\n|t:|1682950679\n|start\n|switch|p1a: Pelipper|Pelipper, L50, M|100\/100\n|switch|p1b: Drednaw|Drednaw, L50, F|100\/100\n|switch|p2a: Arcanine|Arcanine, L50, M|100\/100\n|switch|p2b: Flutter Mane|Flutter Mane, L50|100\/100\n|-ability|p2a: Arcanine|Intimidate|boost\n|-unboost|p1a: Pelipper|atk|1\n|-unboost|p1b: Drednaw|atk|1\n|-weather|RainDance|[from] ability: Drizzle|[of] p1a: Pelipper\n|turn|1\n|\n|t:|1682950702\n|-terastallize|p2a: Arcanine|Grass\n|move|p1b: Drednaw|Liquidation|p2b: Flutter Mane\n|-damage|p2b: Flutter Mane|0 fnt\n|faint|p2b: Flutter Mane\n|-end|p2b: Flutter Mane|Protosynthesis|[silent]\n|-damage|p1b: Drednaw|91\/100|[from] item: Life Orb\n|move|p2a: Arcanine|Will-O-Wisp|p1b: Drednaw\n|-status|p1b: Drednaw|brn\n|move|p1a: Pelipper|Tailwind|p1a: Pelipper\n|-sidestart|p1: noobtrainer1|move: Tailwind\n|\n|-weather|RainDance|[upkeep]\n|-damage|p1b: Drednaw|85\/100 brn|[from] brn\n|upkeep\n|\n|t:|1682950720\n|switch|p2b: Chien-Pao|Chien-Pao, L50|100\/100\n|-ability|p2b: Chien-Pao|Sword of Ruin\n|turn|2\n|\n|t:|1682950728\n|move|p2a: Arcanine|Extreme Speed|p1a: Pelipper\n|-damage|p1a: Pelipper|63\/100\n|move|p2b: Chien-Pao|Sucker Punch|p1a: Pelipper\n|-damage|p1a: Pelipper|0 fnt\n|faint|p1a: Pelipper\n|move|p1b: Drednaw|Rock Slide|p2b: Chien-Pao|[spread] p2a,p2b\n|-supereffective|p2b: Chien-Pao\n|-damage|p2a: Arcanine|85\/100\n|-damage|p2b: Chien-Pao|63\/100\n|-damage|p1b: Drednaw|75\/100 brn|[from] item: Life Orb\n|\n|-weather|RainDance|[upkeep]\n|-damage|p1b: Drednaw|69\/100 brn|[from] brn\n|upkeep\n|\n|t:|1682950743\n|switch|p1a: Maushold|Maushold-Four, L50|100\/100\n|turn|3\n|\n|t:|1682950753\n|switch|p2b: Amoonguss|Amoonguss, L50, M|100\/100\n|move|p1a: Maushold|Protect|p1a: Maushold\n|-singleturn|p1a: Maushold|Protect\n|move|p1b: Drednaw|Liquidation|p2b: Amoonguss\n|-resisted|p2b: Amoonguss\n|-damage|p2b: Amoonguss|88\/100\n|-damage|p1b: Drednaw|59\/100 brn|[from] item: Life Orb\n|move|p2a: Arcanine|Will-O-Wisp|p1b: Drednaw\n|-fail|p1b: Drednaw|brn\n|\n|-weather|RainDance|[upkeep]\n|-damage|p1b: Drednaw|53\/100 brn|[from] brn\n|upkeep\n|turn|4\n|inactive|FlutterGAINZ has 30 seconds left.\n|\n|t:|1682950785\n|move|p2a: Arcanine|Extreme Speed|p1a: Maushold\n|-damage|p1a: Maushold|70\/100\n|move|p1b: Drednaw|Ice Spinner|p2a: Arcanine\n|-supereffective|p2a: Arcanine\n|-damage|p2a: Arcanine|60\/100\n|-damage|p1b: Drednaw|44\/100 brn|[from] item: Life Orb\n|move|p1a: Maushold|Taunt|p2b: Amoonguss\n|-start|p2b: Amoonguss|move: Taunt\n|move|p2b: Amoonguss|Pollen Puff|p1a: Maushold\n|-damage|p1a: Maushold|41\/100\n|\n|-weather|RainDance|[upkeep]\n|-damage|p1b: Drednaw|37\/100 brn|[from] brn\n|-sideend|p1: noobtrainer1|move: Tailwind\n|upkeep\n|turn|5\n|\n|t:|1682950809\n|switch|p1b: Annihilape|Annihilape, L50, F|100\/100\n|switch|p2b: Chien-Pao|Chien-Pao, L50|63\/100\n|-ability|p2b: Chien-Pao|Sword of Ruin\n|-terastallize|p1a: Maushold|Normal\n|move|p2a: Arcanine|Extreme Speed|p1a: Maushold\n|-damage|p1a: Maushold|0 fnt\n|faint|p1a: Maushold\n|\n|-weather|none\n|upkeep\n|\n|t:|1682950820\n|switch|p1a: Drednaw|Drednaw, L50, F|37\/100 brn\n|turn|6\n|\n|t:|1682950836\n|move|p2b: Chien-Pao|Ice Spinner|p1a: Drednaw\n|-resisted|p1a: Drednaw\n|-damage|p1a: Drednaw|8\/100 brn\n|move|p2a: Arcanine|Will-O-Wisp|p1b: Annihilape\n|-status|p1b: Annihilape|brn\n|move|p1a: Drednaw|Ice Spinner|p2a: Arcanine\n|-supereffective|p2a: Arcanine\n|-damage|p2a: Arcanine|9\/100\n|-damage|p1a: Drednaw|0 fnt|[from] item: Life Orb\n|faint|p1a: Drednaw\n|move|p1b: Annihilape|Drain Punch|p2b: Chien-Pao\n|-supereffective|p2b: Chien-Pao\n|-damage|p2b: Chien-Pao|0 fnt\n|faint|p2b: Chien-Pao\n|\n|-damage|p1b: Annihilape|95\/100 brn|[from] brn\n|upkeep\n|\n|t:|1682950842\n|switch|p2b: Amoonguss|Amoonguss, L50, M|100\/100\n|turn|7\n|inactive|FlutterGAINZ has 30 seconds left.\n|inactive|FlutterGAINZ has 20 seconds left.\n|inactive|FlutterGAINZ has 15 seconds left.\n|\n|t:|1682950884\n|move|p2a: Arcanine|Extreme Speed|p1b: Annihilape\n|-immune|p1b: Annihilape\n|move|p1b: Annihilape|Rage Fist|p2a: Arcanine\n|-damage|p2a: Arcanine|0 fnt\n|faint|p2a: Arcanine\n|move|p2b: Amoonguss|Pollen Puff|p2: Arcanine|[notarget]\n|-fail|p2b: Amoonguss\n|\n|-damage|p1b: Annihilape|89\/100 brn|[from] brn\n|upkeep\n|turn|8\n|\n|t:|1682950897\n|move|p1b: Annihilape|Stomping Tantrum|p2b: Amoonguss\n|-damage|p2b: Amoonguss|92\/100\n|move|p2b: Amoonguss|Spore||[still]\n|-fail|p2b: Amoonguss\n|\n|-damage|p1b: Annihilape|83\/100 brn|[from] brn\n|upkeep\n|turn|9\n|\n|t:|1682950906\n|move|p1b: Annihilape|Drain Punch|p2b: Amoonguss\n|-resisted|p2b: Amoonguss\n|-damage|p2b: Amoonguss|84\/100\n|-heal|p1b: Annihilape|86\/100 brn|[from] drain|[of] p2b: Amoonguss\n|move|p2b: Amoonguss|Spore||[still]\n|-fail|p2b: Amoonguss\n|\n|-damage|p1b: Annihilape|80\/100 brn|[from] brn\n|upkeep\n|turn|10\n|\n|t:|1682950914\n|move|p1b: Annihilape|Drain Punch|p2b: Amoonguss\n|-resisted|p2b: Amoonguss\n|-damage|p2b: Amoonguss|78\/100\n|-heal|p1b: Annihilape|83\/100 brn|[from] drain|[of] p2b: Amoonguss\n|move|p2b: Amoonguss|Spore||[still]\n|-fail|p2b: Amoonguss\n|\n|-damage|p1b: Annihilape|77\/100 brn|[from] brn\n|upkeep\n|turn|11\n|\n|t:|1682950923\n|move|p2b: Amoonguss|Protect|p2b: Amoonguss\n|-singleturn|p2b: Amoonguss|Protect\n|move|p1b: Annihilape|Drain Punch|p2b: Amoonguss\n|-activate|p2b: Amoonguss|move: Protect\n|\n|-damage|p1b: Annihilape|71\/100 brn|[from] brn\n|upkeep\n|turn|12\n|\n|t:|1682950930\n|move|p1b: Annihilape|Drain Punch|p2b: Amoonguss\n|-resisted|p2b: Amoonguss\n|-damage|p2b: Amoonguss|71\/100\n|-heal|p1b: Annihilape|75\/100 brn|[from] drain|[of] p2b: Amoonguss\n|move|p2b: Amoonguss|Spore||[still]\n|-fail|p2b: Amoonguss\n|\n|-damage|p1b: Annihilape|69\/100 brn|[from] brn\n|upkeep\n|turn|13\n|\n|t:|1682950938\n|move|p1b: Annihilape|Drain Punch|p2b: Amoonguss\n|-resisted|p2b: Amoonguss\n|-damage|p2b: Amoonguss|64\/100\n|-heal|p1b: Annihilape|73\/100 brn|[from] drain|[of] p2b: Amoonguss\n|move|p2b: Amoonguss|Spore||[still]\n|-fail|p2b: Amoonguss\n|\n|-damage|p1b: Annihilape|67\/100 brn|[from] brn\n|upkeep\n|turn|14\n|\n|t:|1682950947\n|move|p2b: Amoonguss|Protect|p2b: Amoonguss\n|-singleturn|p2b: Amoonguss|Protect\n|move|p1b: Annihilape|Drain Punch|p2b: Amoonguss\n|-activate|p2b: Amoonguss|move: Protect\n|\n|-damage|p1b: Annihilape|61\/100 brn|[from] brn\n|upkeep\n|turn|15\n|\n|t:|1682950955\n|move|p2b: Amoonguss|Rage Powder|p2b: Amoonguss\n|-singleturn|p2b: Amoonguss|move: Rage Powder\n|move|p1b: Annihilape|Drain Punch|p2b: Amoonguss\n|-resisted|p2b: Amoonguss\n|-damage|p2b: Amoonguss|57\/100\n|-heal|p1b: Annihilape|65\/100 brn|[from] drain|[of] p2b: Amoonguss\n|\n|-damage|p1b: Annihilape|59\/100 brn|[from] brn\n|upkeep\n|turn|16\n|\n|t:|1682950963\n|move|p2b: Amoonguss|Protect|p2b: Amoonguss\n|-singleturn|p2b: Amoonguss|Protect\n|move|p1b: Annihilape|Rage Fist|p2b: Amoonguss\n|-activate|p2b: Amoonguss|move: Protect\n|\n|-damage|p1b: Annihilape|53\/100 brn|[from] brn\n|upkeep\n|turn|17\n|\n|t:|1682950970\n|move|p2b: Amoonguss|Rage Powder|p2b: Amoonguss\n|-singleturn|p2b: Amoonguss|move: Rage Powder\n|move|p1b: Annihilape|Drain Punch|p2b: Amoonguss\n|-resisted|p2b: Amoonguss\n|-crit|p2b: Amoonguss\n|-damage|p2b: Amoonguss|47\/100\n|-heal|p1b: Annihilape|58\/100 brn|[from] drain|[of] p2b: Amoonguss\n|-enditem|p2b: Amoonguss|Sitrus Berry|[eat]\n|-heal|p2b: Amoonguss|72\/100|[from] item: Sitrus Berry\n|\n|-damage|p1b: Annihilape|52\/100 brn|[from] brn\n|upkeep\n|turn|18\n|-message|noobtrainer1 forfeited.\n|\n|win|FlutterGAINZ\n|raw|noobtrainer1's rating: 1421 → 1400<\/strong> (-21 for losing)\n|raw|FlutterGAINZ's rating: 1411 → 1432<\/strong> (+21 for winning)\n|l|\u2606noobtrainer1\n","uploadtime":1682950985,"views":19,"p1id":"noobtrainer1","p2id":"fluttergainz","formatid":"gen9vgc2023regulationc","rating":1400,"private":0,"password":""}