{"id":"gen9vgc2023regulationc-1864070343","p1":"Nayotake","p2":"RonJohn","format":"[Gen 9] VGC 2023 Regulation C","log":"|j|\u2606Nayotake\n|j|\u2606RonJohn\n|t:|1684113209\n|gametype|doubles\n|player|p1|Nayotake|guitarist|1225\n|player|p2|RonJohn|169|1263\n|teamsize|p1|6\n|teamsize|p2|6\n|gen|9\n|tier|[Gen 9] VGC 2023 Regulation C\n|rated|\n|rule|Species Clause: Limit one of each Pok\u00e9mon\n|rule|Item Clause: Limit one of each item\n|clearpoke\n|poke|p1|Salamence, L50, F|\n|poke|p1|Farigiraf, L50, M|\n|poke|p1|Iron Hands, L50|\n|poke|p1|Klawf, L50, F|\n|poke|p1|Arboliva, L50, M|\n|poke|p1|Lumineon, L50, M|\n|poke|p2|Flutter Mane, L50|\n|poke|p2|Orthworm, L50, M|\n|poke|p2|Dragonite, L50, F|\n|poke|p2|Amoonguss, L50, M|\n|poke|p2|Gyarados, L50, M|\n|poke|p2|Ting-Lu, L50|\n|teampreview|4\nRonJohn has agreed to open team sheets.\n|inactive|Battle timer is ON: inactive players will automatically lose when time's up. (requested by RonJohn)\n|\n|t:|1684113239\n|start\n|switch|p1a: Farigiraf|Farigiraf, L50, M|100\/100\n|switch|p1b: Iron Hands|Iron Hands, L50|100\/100\n|switch|p2a: Ting-Lu|Ting-Lu, L50|100\/100\n|switch|p2b: Gyarados|Gyarados, L50, M|100\/100\n|-ability|p2b: Gyarados|Intimidate|boost\n|-unboost|p1a: Farigiraf|atk|1\n|-unboost|p1b: Iron Hands|atk|1\n|-ability|p2a: Ting-Lu|Vessel of Ruin\n|turn|1\n|\n|t:|1684113264\n|switch|p2b: Orthworm|Orthworm, L50, M|100\/100\n|move|p1b: Iron Hands|Fake Out|p2a: Ting-Lu\n|-damage|p2a: Ting-Lu|93\/100\n|cant|p2a: Ting-Lu|flinch\n|move|p1a: Farigiraf|Trick Room|p1a: Farigiraf\n|-fieldstart|move: Trick Room|[of] p1a: Farigiraf\n|\n|upkeep\n|turn|2\n|inactive|RonJohn has 30 seconds left.\n|\n|t:|1684113293\n|switch|p1a: Klawf|Klawf, L50, F, shiny|100\/100\n|move|p2b: Orthworm|Protect|p2b: Orthworm\n|-singleturn|p2b: Orthworm|Protect\n|move|p1b: Iron Hands|Drain Punch|p2b: Orthworm\n|-activate|p2b: Orthworm|move: Protect\n|move|p2a: Ting-Lu|Earthquake|p1b: Iron Hands|[spread] p1a,p1b\n|-activate|p2b: Orthworm|move: Protect\n|-supereffective|p1a: Klawf\n|-supereffective|p1b: Iron Hands\n|-damage|p1a: Klawf|23\/100\n|-damage|p1b: Iron Hands|56\/100\n|-enditem|p1a: Klawf|Weakness Policy\n|-boost|p1a: Klawf|atk|2|[from] item: Weakness Policy\n|-boost|p1a: Klawf|spa|2|[from] item: Weakness Policy\n|-ability|p1a: Klawf|Anger Shell|boost\n|-boost|p1a: Klawf|atk|1\n|-boost|p1a: Klawf|spa|1\n|-boost|p1a: Klawf|spe|1\n|-unboost|p1a: Klawf|def|1\n|-unboost|p1a: Klawf|spd|1\n|\n|upkeep\n|turn|3\n|inactive|RonJohn has 30 seconds left.\n|\n|t:|1684113320\n|switch|p2b: Gyarados|Gyarados, L50, M|100\/100\n|-ability|p2b: Gyarados|Intimidate|boost\n|-unboost|p1a: Klawf|atk|1\n|-unboost|p1b: Iron Hands|atk|1\n|-terastallize|p1a: Klawf|Flying\n|move|p1b: Iron Hands|Drain Punch|p2b: Gyarados\n|-resisted|p2b: Gyarados\n|-damage|p2b: Gyarados|90\/100\n|-heal|p1b: Iron Hands|60\/100|[from] drain|[of] p2b: Gyarados\n|move|p2a: Ting-Lu|Earthquake|p1b: Iron Hands|[spread] p1b\n|-immune|p2b: Gyarados\n|-immune|p1a: Klawf\n|-supereffective|p1b: Iron Hands\n|-damage|p1b: Iron Hands|18\/100\n|move|p1a: Klawf|Tera Blast|p2a: Ting-Lu\n|-crit|p2a: Ting-Lu\n|-damage|p2a: Ting-Lu|26\/100\n|\n|upkeep\n|turn|4\n|inactive|RonJohn has 30 seconds left.\n|inactive|RonJohn has 20 seconds left.\n|inactive|RonJohn has 15 seconds left.\n|\n|t:|1684113361\n|switch|p2b: Orthworm|Orthworm, L50, M|100\/100\n|move|p1a: Klawf|Protect|p1a: Klawf\n|-singleturn|p1a: Klawf|Protect\n|move|p1b: Iron Hands|Drain Punch|p2a: Ting-Lu\n|-supereffective|p2a: Ting-Lu\n|-damage|p2a: Ting-Lu|1\/100\n|-heal|p1b: Iron Hands|30\/100|[from] drain|[of] p2a: Ting-Lu\n|move|p2a: Ting-Lu|Rock Slide|p1a: Klawf|[spread] p1b\n|-activate|p1a: Klawf|move: Protect\n|-resisted|p1b: Iron Hands\n|-damage|p1b: Iron Hands|24\/100\n|\n|upkeep\n|turn|5\n|\n|t:|1684113382\n|switch|p2a: Gyarados|Gyarados, L50, M|90\/100\n|-ability|p2a: Gyarados|Intimidate|boost\n|-unboost|p1a: Klawf|atk|1\n|-unboost|p1b: Iron Hands|atk|1\n|move|p2b: Orthworm|Protect|p2b: Orthworm\n|-singleturn|p2b: Orthworm|Protect\n|move|p1a: Klawf|Protect|p1a: Klawf\n|-singleturn|p1a: Klawf|Protect\n|move|p1b: Iron Hands|Drain Punch|p2a: Gyarados\n|-resisted|p2a: Gyarados\n|-damage|p2a: Gyarados|81\/100\n|-heal|p1b: Iron Hands|28\/100|[from] drain|[of] p2a: Gyarados\n|\n|-fieldend|move: Trick Room\n|upkeep\n|turn|6\n|inactive|RonJohn has 30 seconds left.\n|\n|t:|1684113416\n|-end|p1b: Iron Hands|Quark Drive|[silent]\n|switch|p1b: Farigiraf|Farigiraf, L50, M|100\/100\n|move|p1a: Klawf|Rock Slide|p2a: Gyarados|[spread] p2a,p2b\n|-supereffective|p2a: Gyarados\n|-resisted|p2b: Orthworm\n|-damage|p2a: Gyarados|4\/100\n|-damage|p2b: Orthworm|86\/100\n|move|p2a: Gyarados|Waterfall|p1a: Klawf\n|-damage|p1a: Klawf|0 fnt\n|faint|p1a: Klawf\n|move|p2b: Orthworm|Shed Tail|p2b: Orthworm\n|-start|p2b: Orthworm|Substitute|[from] move: Shed Tail\n|-damage|p2b: Orthworm|36\/100\n|-enditem|p2b: Orthworm|Sitrus Berry|[eat]\n|-heal|p2b: Orthworm|61\/100|[from] item: Sitrus Berry\n|\n|t:|1684113434\n|switch|p2b: Dragonite|Dragonite, L50, F|100\/100|[from] Shed Tail\n|\n|upkeep\n|\n|t:|1684113439\n|switch|p1a: Iron Hands|Iron Hands, L50|28\/100\n|turn|7\n|\n|t:|1684113450\n|switch|p2a: Ting-Lu|Ting-Lu, L50|1\/100\n|-ability|p2a: Ting-Lu|Vessel of Ruin\n|move|p1a: Iron Hands|Fake Out|p2a: Ting-Lu\n|-damage|p2a: Ting-Lu|0 fnt\n|faint|p2a: Ting-Lu\n|move|p2b: Dragonite|Dragon Dance|p2b: Dragonite\n|-boost|p2b: Dragonite|atk|1\n|-boost|p2b: Dragonite|spe|1\n|move|p1b: Farigiraf|Trick Room|p1b: Farigiraf\n|-fieldstart|move: Trick Room|[of] p1b: Farigiraf\n|\n|upkeep\n|\n|t:|1684113468\n|switch|p2a: Gyarados|Gyarados, L50, M|4\/100\n|-ability|p2a: Gyarados|Intimidate|boost\n|-unboost|p1a: Iron Hands|atk|1\n|-unboost|p1b: Farigiraf|atk|1\n|turn|8\n|\n|t:|1684113480\n|switch|p2a: Orthworm|Orthworm, L50, M|61\/100\n|move|p1a: Iron Hands|Wild Charge|p2b: Dragonite\n|-activate|p2b: Dragonite|move: Substitute|[damage]\n|-damage|p1a: Iron Hands|25\/100|[from] Recoil|[of] p2b: Dragonite\n|move|p1b: Farigiraf|Hyper Voice|p2a: Orthworm|[spread] p2a,p2b\n|-resisted|p2a: Orthworm\n|-damage|p2a: Orthworm|46\/100\n|-damage|p2b: Dragonite|87\/100\n|move|p2b: Dragonite|Earthquake|p1b: Farigiraf|[spread] p1a,p1b\n|-heal|p2a: Orthworm|71\/100|[from] ability: Earth Eater|[of] p2b: Dragonite\n|-supereffective|p1a: Iron Hands\n|-damage|p1a: Iron Hands|0 fnt\n|-damage|p1b: Farigiraf|56\/100\n|faint|p1a: Iron Hands\n|-end|p1a: Iron Hands|Quark Drive|[silent]\n|\n|upkeep\n|\n|t:|1684113490\n|switch|p1a: Lumineon|Lumineon, L50, M|100\/100\n|turn|9\n|\n|t:|1684113508\n|move|p1a: Lumineon|Helping Hand|p1b: Farigiraf\n|-singleturn|p1b: Farigiraf|Helping Hand|[of] p1a: Lumineon\n|move|p1b: Farigiraf|Hyper Voice|p2a: Orthworm|[spread] p2a,p2b\n|-resisted|p2a: Orthworm\n|-damage|p2a: Orthworm|47\/100\n|-damage|p2b: Dragonite|38\/100\n|move|p2a: Orthworm|Heavy Slam|p1a: Lumineon\n|-resisted|p1a: Lumineon\n|-damage|p1a: Lumineon|76\/100\n|move|p2b: Dragonite|Earthquake|p1a: Lumineon|[spread] p1a,p1b\n|-heal|p2a: Orthworm|72\/100|[from] ability: Earth Eater|[of] p2b: Dragonite\n|-crit|p1a: Lumineon\n|-crit|p1b: Farigiraf\n|-damage|p1a: Lumineon|0 fnt\n|-damage|p1b: Farigiraf|0 fnt\n|faint|p1a: Lumineon\n|faint|p1b: Farigiraf\n|\n|win|RonJohn\n|raw|Nayotake's rating: 1225 → 1203<\/strong> (-22 for losing)\n|raw|RonJohn's rating: 1263 → 1285<\/strong> (+22 for winning)\n|l|\u2606Nayotake\n","uploadtime":1684113525,"views":32,"p1id":"nayotake","p2id":"ronjohn","formatid":"gen9vgc2023regulationc","rating":1203,"private":0,"password":""}