{"id":"gen9vgc2023regulationc-1851092113","p1":"30workseverytime","p2":"Hakunamatata0001","format":"[Gen 9] VGC 2023 Regulation C","log":"|j|\u260630workseverytime\n|j|\u2606Hakunamatata0001\n|t:|1682407830\n|gametype|doubles\n|player|p1|30workseverytime|colress|1287\n|player|p2|Hakunamatata0001|dawn|1302\n|teamsize|p1|6\n|teamsize|p2|6\n|gen|9\n|tier|[Gen 9] VGC 2023 Regulation C\n|rated|\n|rule|Species Clause: Limit one of each Pok\u00e9mon\n|rule|Item Clause: Limit one of each item\n|clearpoke\n|poke|p1|Orthworm, L50, F|\n|poke|p1|Dragonite, L50, F|\n|poke|p1|Ting-Lu, L50|\n|poke|p1|Gyarados, L50, M|\n|poke|p1|Flutter Mane, L50|\n|poke|p1|Chien-Pao, L50|\n|poke|p2|Dragonite, L50, M|\n|poke|p2|Chien-Pao, L50|\n|poke|p2|Ting-Lu, L50|\n|poke|p2|Arcanine, L50, F|\n|poke|p2|Glimmora, L50, F|\n|poke|p2|Flutter Mane, L50|\n|teampreview|4\n|inactive|Battle timer is ON: inactive players will automatically lose when time's up. (requested by Hakunamatata0001)\n|inactive|Hakunamatata0001 has 60 seconds left.\n|\n|t:|1682407906\n|start\n|switch|p1a: Orthworm|Orthworm, L50, F|100\/100\n|switch|p1b: Ting-Lu|Ting-Lu, L50|100\/100\n|switch|p2a: Arcanine|Arcanine, L50, F|100\/100\n|switch|p2b: Dragonite|Dragonite, L50, M|100\/100\n|-ability|p2a: Arcanine|Intimidate|boost\n|-unboost|p1a: Orthworm|atk|1\n|-unboost|p1b: Ting-Lu|atk|1\n|-ability|p1b: Ting-Lu|Vessel of Ruin\n|turn|1\n|\n|t:|1682407924\n|move|p2b: Dragonite|Extreme Speed|p1b: Ting-Lu\n|-damage|p1b: Ting-Lu|68\/100\n|move|p2a: Arcanine|Will-O-Wisp|p1b: Ting-Lu\n|-status|p1b: Ting-Lu|brn\n|move|p1b: Ting-Lu|Earthquake|p2a: Arcanine|[spread] p2a\n|-immune|p1a: Orthworm|[from] ability: Earth Eater\n|-immune|p2b: Dragonite\n|-supereffective|p2a: Arcanine\n|-damage|p2a: Arcanine|60\/100\n|move|p1a: Orthworm|Iron Defense|p1a: Orthworm\n|-boost|p1a: Orthworm|def|2\n|\n|-damage|p1b: Ting-Lu|62\/100 brn|[from] brn\n|upkeep\n|turn|2\n|\n|t:|1682407942\n|move|p2b: Dragonite|Extreme Speed|p1b: Ting-Lu\n|-damage|p1b: Ting-Lu|31\/100 brn\n|move|p2a: Arcanine|Howl|p2a: Arcanine|[spread] p2a,p2b\n|-boost|p2a: Arcanine|atk|1\n|-boost|p2b: Dragonite|atk|1\n|move|p1b: Ting-Lu|Earthquake|p2b: Dragonite|[spread] p2a\n|-immune|p1a: Orthworm|[from] ability: Earth Eater\n|-immune|p2b: Dragonite\n|-supereffective|p2a: Arcanine\n|-damage|p2a: Arcanine|16\/100\n|move|p1a: Orthworm|Iron Defense|p1a: Orthworm\n|-boost|p1a: Orthworm|def|2\n|\n|-damage|p1b: Ting-Lu|25\/100 brn|[from] brn\n|upkeep\n|turn|3\n|inactive|Hakunamatata0001 has 30 seconds left.\n|inactive|Hakunamatata0001 has 20 seconds left.\n|inactive|Hakunamatata0001 has 15 seconds left.\n|\n|t:|1682407985\n|switch|p1b: Gyarados|Gyarados, L50, M|100\/100\n|-ability|p1b: Gyarados|Intimidate|boost\n|-unboost|p2a: Arcanine|atk|1\n|-unboost|p2b: Dragonite|atk|1\n|move|p2b: Dragonite|Extreme Speed|p1b: Gyarados\n|-damage|p1b: Gyarados|56\/100\n|move|p2a: Arcanine|Howl|p2a: Arcanine|[spread] p2a,p2b\n|-boost|p2a: Arcanine|atk|1\n|-boost|p2b: Dragonite|atk|1\n|move|p1a: Orthworm|Iron Defense|p1a: Orthworm\n|-boost|p1a: Orthworm|def|2\n|\n|upkeep\n|turn|4\n|inactive|30workseverytime has 30 seconds left.\n|\n|t:|1682408012\n|-terastallize|p1a: Orthworm|Fire\n|move|p2b: Dragonite|Extreme Speed|p1b: Gyarados\n|-damage|p1b: Gyarados|0 fnt\n|faint|p1b: Gyarados\n|move|p2a: Arcanine|Howl|p2a: Arcanine|[spread] p2a,p2b\n|-boost|p2a: Arcanine|atk|1\n|-boost|p2b: Dragonite|atk|1\n|move|p1a: Orthworm|Body Press|p2a: Arcanine\n|-crit|p2a: Arcanine\n|-damage|p2a: Arcanine|0 fnt\n|faint|p2a: Arcanine\n|\n|upkeep\n|\n|t:|1682408019\n|switch|p2a: Flutter Mane|Flutter Mane, L50|100\/100\n|switch|p1b: Flutter Mane|Flutter Mane, L50|100\/100\n|turn|5\n|\n|t:|1682408036\n|move|p2b: Dragonite|Extreme Speed|p1a: Orthworm\n|-damage|p1a: Orthworm|85\/100\n|move|p2a: Flutter Mane|Shadow Ball|p1b: Flutter Mane\n|-supereffective|p1b: Flutter Mane\n|-damage|p1b: Flutter Mane|9\/100\n|move|p1b: Flutter Mane|Dazzling Gleam|p2a: Flutter Mane|[spread] p2a,p2b\n|-supereffective|p2b: Dragonite\n|-damage|p2a: Flutter Mane|59\/100\n|-damage|p2b: Dragonite|63\/100\n|move|p1a: Orthworm|Body Press|p2b: Dragonite\n|-resisted|p2b: Dragonite\n|-damage|p2b: Dragonite|10\/100\n|\n|upkeep\n|turn|6\n|\n|t:|1682408060\n|-end|p1b: Flutter Mane|Protosynthesis|[silent]\n|switch|p1b: Ting-Lu|Ting-Lu, L50|25\/100 brn\n|-ability|p1b: Ting-Lu|Vessel of Ruin\n|move|p2b: Dragonite|Extreme Speed|p1a: Orthworm\n|-damage|p1a: Orthworm|70\/100\n|move|p2a: Flutter Mane|Dazzling Gleam|p1a: Orthworm|[spread] p1a,p1b\n|-resisted|p1a: Orthworm\n|-supereffective|p1b: Ting-Lu\n|-damage|p1a: Orthworm|57\/100\n|-damage|p1b: Ting-Lu|0 fnt\n|faint|p1b: Ting-Lu\n|move|p1a: Orthworm|Heavy Slam|p2a: Flutter Mane\n|-supereffective|p2a: Flutter Mane\n|-damage|p2a: Flutter Mane|0 fnt\n|faint|p2a: Flutter Mane\n|-end|p2a: Flutter Mane|Protosynthesis|[silent]\n|\n|upkeep\n|\n|t:|1682408068\n|switch|p2a: Chien-Pao|Chien-Pao, L50|100\/100\n|switch|p1b: Flutter Mane|Flutter Mane, L50|9\/100\n|-ability|p2a: Chien-Pao|Sword of Ruin\n|turn|7\n|inactive|Hakunamatata0001 has 30 seconds left.\n|inactive|Hakunamatata0001 has 20 seconds left.\n|\n|t:|1682408108\n|move|p2b: Dragonite|Extreme Speed|p1a: Orthworm\n|-damage|p1a: Orthworm|37\/100\n|-enditem|p1a: Orthworm|Sitrus Berry|[eat]\n|-heal|p1a: Orthworm|62\/100|[from] item: Sitrus Berry\n|move|p2a: Chien-Pao|Throat Chop|p1b: Flutter Mane\n|-damage|p1b: Flutter Mane|0 fnt\n|faint|p1b: Flutter Mane\n|-end|p1b: Flutter Mane|Protosynthesis|[silent]\n|move|p1a: Orthworm|Body Press|p2b: Dragonite\n|-resisted|p2b: Dragonite\n|-damage|p2b: Dragonite|0 fnt\n|faint|p2b: Dragonite\n|\n|upkeep\n|turn|8\n|\n|t:|1682408125\n|-terastallize|p2a: Chien-Pao|Flying\n|move|p2a: Chien-Pao|Sacred Sword|p1a: Orthworm\n|-damage|p1a: Orthworm|37\/100\n|move|p1a: Orthworm|Body Press|p2a: Chien-Pao\n|-resisted|p2a: Chien-Pao\n|-damage|p2a: Chien-Pao|27\/100\n|\n|upkeep\n|turn|9\n|-message|Hakunamatata0001 forfeited.\n|\n|win|30workseverytime\n|raw|30workseverytime's rating: 1287 → 1313<\/strong> (+26 for winning)\n|raw|Hakunamatata0001's rating: 1302 → 1281<\/strong> (-21 for losing)\n|l|\u2606Hakunamatata0001\n","uploadtime":1682408140,"views":14,"p1id":"30workseverytime","p2id":"hakunamatata0001","formatid":"gen9vgc2023regulationc","rating":1281,"private":0,"password":""}