{"id":"gen9vgc2023regulationc-1851924013","p1":"usernameinserted","p2":"SM0KESgirl","format":"[Gen 9] VGC 2023 Regulation C","log":"|j|\u2606usernameinserted\n|j|\u2606SM0KESgirl\n|t:|1682506541\n|gametype|doubles\n|player|p1|usernameinserted|2|1149\n|player|p2|SM0KESgirl|101|1165\n|teamsize|p1|6\n|teamsize|p2|6\n|gen|9\n|tier|[Gen 9] VGC 2023 Regulation C\n|rated|\n|rule|Species Clause: Limit one of each Pok\u00e9mon\n|rule|Item Clause: Limit one of each item\n|clearpoke\n|poke|p1|Rabsca, L50, F|\n|poke|p1|Garganacl, L50, M|\n|poke|p1|Forretress, L50, M|\n|poke|p1|Annihilape, L50, F|\n|poke|p1|Houndstone, L50, M|\n|poke|p1|Flamigo, L50, M|\n|poke|p2|Gholdengo, L50|\n|poke|p2|Murkrow, L50, M|\n|poke|p2|Baxcalibur, L50, M|\n|poke|p2|Annihilape, L50, M|\n|poke|p2|Flutter Mane, L50|\n|poke|p2|Amoonguss, L50, F|\n|teampreview|4\n|inactive|Battle timer is ON: inactive players will automatically lose when time's up. (requested by usernameinserted)\n|\n|t:|1682506575\n|start\n|switch|p1a: Rabsca|Rabsca, L50, F|100\/100\n|switch|p1b: Annihilape|Annihilape, L50, F|100\/100\n|switch|p2a: Murkrow|Murkrow, L50, M|100\/100\n|switch|p2b: Gholdengo|Gholdengo, L50|100\/100\n|turn|1\n|inactive|SM0KESgirl has 30 seconds left.\n|inactive|SM0KESgirl has 20 seconds left.\n|\n|t:|1682506611\n|move|p2a: Murkrow|Tailwind|p2a: Murkrow\n|-sidestart|p2: SM0KESgirl|move: Tailwind\n|move|p1b: Annihilape|Shadow Claw|p2b: Gholdengo\n|-supereffective|p2b: Gholdengo\n|-damage|p2b: Gholdengo|37\/100\n|move|p2b: Gholdengo|Make It Rain|p1b: Annihilape|[spread] p1a,p1b\n|-damage|p1a: Rabsca|42\/100\n|-damage|p1b: Annihilape|16\/100\n|-unboost|p2b: Gholdengo|spa|1\n|move|p1a: Rabsca|Trick Room|p1a: Rabsca\n|-fieldstart|move: Trick Room|[of] p1a: Rabsca\n|\n|upkeep\n|turn|2\n|inactive|SM0KESgirl has 30 seconds left.\n|\n|t:|1682506643\n|switch|p1a: Houndstone|Houndstone, L50, M|100\/100\n|move|p2a: Murkrow|Thunder Wave|p1a: Houndstone\n|-status|p1a: Houndstone|par\n|move|p2b: Gholdengo|Make It Rain|p1a: Houndstone|[spread] p1a,p1b\n|-damage|p1a: Houndstone|68\/100 par\n|-damage|p1b: Annihilape|0 fnt\n|-unboost|p2b: Gholdengo|spa|1\n|faint|p1b: Annihilape\n|\n|upkeep\n|\n|t:|1682506654\n|switch|p1b: Flamigo|Flamigo, L50, M|100\/100\n|turn|3\n|\n|t:|1682506665\n|-terastallize|p1a: Houndstone|Fairy\n|move|p2a: Murkrow|Thunder Wave|p1b: Flamigo\n|-status|p1b: Flamigo|par\n|move|p1a: Houndstone|Play Rough|p2a: Murkrow|[miss]\n|-miss|p1a: Houndstone|p2a: Murkrow\n|move|p1b: Flamigo|Close Combat|p2b: Gholdengo\n|-supereffective|p2b: Gholdengo\n|-damage|p2b: Gholdengo|0 fnt\n|-unboost|p1b: Flamigo|def|1\n|-unboost|p1b: Flamigo|spd|1\n|faint|p2b: Gholdengo\n|\n|upkeep\n|\n|t:|1682506683\n|switch|p2b: Baxcalibur|Baxcalibur, L50, M|100\/100\n|turn|4\n|inactive|SM0KESgirl has 30 seconds left.\n|inactive|SM0KESgirl has 20 seconds left.\n|inactive|SM0KESgirl has 15 seconds left.\n|\n|t:|1682506724\n|-terastallize|p2b: Baxcalibur|Ground\n|move|p1a: Houndstone|Play Rough|p2a: Murkrow|[miss]\n|-miss|p1a: Houndstone|p2a: Murkrow\n|cant|p1b: Flamigo|par\n|move|p2b: Baxcalibur|Earthquake|p1a: Houndstone|[spread] p1a\n|-immune|p2a: Murkrow\n|-immune|p1b: Flamigo\n|-damage|p1a: Houndstone|19\/100 par\n|move|p2a: Murkrow|Foul Play|p1b: Flamigo\n|-resisted|p1b: Flamigo\n|-damage|p1b: Flamigo|50\/100 par\n|\n|-sideend|p2: SM0KESgirl|move: Tailwind\n|upkeep\n|turn|5\n|inactive|SM0KESgirl has 30 seconds left.\n|\n|t:|1682506759\n|move|p2a: Murkrow|Tailwind|p2a: Murkrow\n|-sidestart|p2: SM0KESgirl|move: Tailwind\n|move|p1a: Houndstone|Play Rough|p2a: Murkrow\n|-supereffective|p2a: Murkrow\n|-damage|p2a: Murkrow|13\/100\n|move|p1b: Flamigo|Liquidation|p2b: Baxcalibur\n|-supereffective|p2b: Baxcalibur\n|-damage|p2b: Baxcalibur|56\/100\n|move|p2b: Baxcalibur|Earthquake|p1a: Houndstone|[spread] p1a\n|-immune|p2a: Murkrow\n|-immune|p1b: Flamigo\n|-damage|p1a: Houndstone|0 fnt\n|faint|p1a: Houndstone\n|\n|-fieldend|move: Trick Room\n|upkeep\n|\n|t:|1682506770\n|switch|p1a: Rabsca|Rabsca, L50, F|42\/100\n|turn|6\n|inactive|SM0KESgirl has 30 seconds left.\n|\n|t:|1682506797\n|move|p2b: Baxcalibur|Ice Shard|p1a: Rabsca\n|-damage|p1a: Rabsca|12\/100\n|move|p2a: Murkrow|Foul Play|p1b: Flamigo\n|-resisted|p1b: Flamigo\n|-damage|p1b: Flamigo|0 fnt\n|faint|p1b: Flamigo\n|move|p1a: Rabsca|Revival Blessing|p1a: Rabsca\n|-enditem|p1a: Rabsca|Leppa Berry|[eat]\n|-activate|p1a: Rabsca|item: Leppa Berry|Revival Blessing|[consumed]\n|\n|t:|1682506808\n|-heal|p1: Houndstone|50\/100|[from] move: Revival Blessing\n|\n|upkeep\n|\n|t:|1682506811\n|switch|p1b: Houndstone|Houndstone, L50, M|50\/100\n|turn|7\n|\n|t:|1682506822\n|move|p2a: Murkrow|Thunder Wave|p1b: Houndstone\n|-status|p1b: Houndstone|par\n|move|p2b: Baxcalibur|Earthquake|p1b: Houndstone|[spread] p1a,p1b\n|-immune|p2a: Murkrow\n|-resisted|p1a: Rabsca\n|-damage|p1a: Rabsca|0 fnt\n|-damage|p1b: Houndstone|4\/100 par\n|faint|p1a: Rabsca\n|move|p1b: Houndstone|Last Respects|p2b: Baxcalibur\n|-damage|p2b: Baxcalibur|0 fnt\n|faint|p2b: Baxcalibur\n|\n|upkeep\n|\n|t:|1682506835\n|switch|p2b: Annihilape|Annihilape, L50, M|100\/100\n|turn|8\n|\n|t:|1682506851\n|move|p2a: Murkrow|Foul Play|p1b: Houndstone\n|-supereffective|p1b: Houndstone\n|-damage|p1b: Houndstone|0 fnt\n|faint|p1b: Houndstone\n|\n|win|SM0KESgirl\n|raw|usernameinserted's rating: 1149 → 1125<\/strong> (-24 for losing)\n|raw|SM0KESgirl's rating: 1165 → 1189<\/strong> (+24 for winning)\n","uploadtime":1682506858,"views":12,"p1id":"usernameinserted","p2id":"sm0kesgirl","formatid":"gen9vgc2023regulationc","rating":1125,"private":0,"password":""}