{"id":"gen9vgc2023regulationc-1850025036","p1":"exstraspaceDND","p2":"eshe0","format":"[Gen 9] VGC 2023 Regulation C","log":"|j|\u2606exstraspaceDND\n|j|\u2606eshe0\n|t:|1682279175\n|gametype|doubles\n|player|p1|exstraspaceDND|drayden|\n|player|p2|eshe0|101|\n|teamsize|p1|6\n|teamsize|p2|6\n|gen|9\n|tier|[Gen 9] VGC 2023 Regulation C\n|rule|Species Clause: Limit one of each Pok\u00e9mon\n|rule|Item Clause: Limit one of each item\n|clearpoke\n|poke|p1|Scizor, L50, F|\n|poke|p1|Qwilfish, L50, M|\n|poke|p1|Rotom-Heat, L50|\n|poke|p1|Garchomp, L50, M|\n|poke|p1|Jumpluff, L50, M|\n|poke|p1|Iron Bundle, L50|\n|poke|p2|Iron Valiant, L50|\n|poke|p2|Pawmot, L50, F|\n|poke|p2|Kingambit, L50, M|\n|poke|p2|Stantler, L50, M|\n|poke|p2|Gengar, L50, M|\n|poke|p2|Dachsbun, L50, M|\n|teampreview|4\n|c|\u2606eshe0|omg, bundle's sprite looks so uncanny\n|j| judevgc\n|c|\u2606exstraspaceDND|he is on a lower plane of existence\n|c|\u2606eshe0|i'd say it's higher\n|\n|t:|1682279289\n|start\n|switch|p1a: Scizor|Scizor, L50, F|100\/100\n|switch|p1b: Jumpluff|Jumpluff, L50, M|100\/100\n|switch|p2a: Pawmot|Pawmot, L50, F|100\/100\n|switch|p2b: Iron Valiant|Iron Valiant, L50|100\/100\n|turn|1\n|\n|t:|1682279317\n|-terastallize|p2b: Iron Valiant|Steel\n|move|p1a: Scizor|Bullet Punch|p2b: Iron Valiant\n|-resisted|p2b: Iron Valiant\n|-damage|p2b: Iron Valiant|68\/100\n|move|p1b: Jumpluff|Sleep Powder|p2a: Pawmot\n|-status|p2a: Pawmot|slp|[from] move: Sleep Powder\n|cant|p2a: Pawmot|slp\n|move|p2b: Iron Valiant|Aura Sphere|p1a: Scizor\n|-damage|p1a: Scizor|51\/100\n|\n|upkeep\n|turn|2\n|\n|t:|1682279348\n|switch|p2a: Kingambit|Kingambit, L50, M|100\/100\n|move|p1a: Scizor|Bullet Punch|p2b: Iron Valiant\n|-resisted|p2b: Iron Valiant\n|-damage|p2b: Iron Valiant|36\/100\n|move|p1b: Jumpluff|Pollen Puff|p1a: Scizor\n|-heal|p1a: Scizor|100\/100\n|move|p2b: Iron Valiant|Moonblast|p1b: Jumpluff\n|-damage|p1b: Jumpluff|53\/100\n|\n|upkeep\n|turn|3\n|\n|t:|1682279368\n|move|p2b: Iron Valiant|Quick Guard|p2b: Iron Valiant\n|-singleturn|p2b: Iron Valiant|Quick Guard\n|move|p1a: Scizor|Bullet Punch|p2b: Iron Valiant\n|-activate|p2b: Iron Valiant|move: Quick Guard\n|move|p1b: Jumpluff|Tailwind|p1b: Jumpluff\n|-sidestart|p1: exstraspaceDND|move: Tailwind\n|move|p2a: Kingambit|Kowtow Cleave|p1b: Jumpluff\n|-crit|p1b: Jumpluff\n|-damage|p1b: Jumpluff|0 fnt\n|faint|p1b: Jumpluff\n|\n|upkeep\n|c| judevgc|cotton stronk\n|\n|t:|1682279378\n|switch|p1b: Rotom|Rotom-Heat, L50|100\/100\n|turn|4\n|\n|t:|1682279423\n|switch|p1a: Qwilfish|Qwilfish, L50, M|100\/100\n|-ability|p1a: Qwilfish|Intimidate|boost\n|-unboost|p2a: Kingambit|atk|1\n|-ability|p2a: Kingambit|Defiant|boost\n|-boost|p2a: Kingambit|atk|2\n|-fail|p2b: Iron Valiant|unboost|[from] item: Clear Amulet|[of] p2b: Iron Valiant\n|-end|p2b: Iron Valiant|Quark Drive|[silent]\n|switch|p2b: Pawmot|Pawmot, L50, F|100\/100 slp\n|move|p2a: Kingambit|Sucker Punch|p1b: Rotom\n|-damage|p1b: Rotom|20\/100\n|move|p1b: Rotom|Overheat|p2a: Kingambit\n|-supereffective|p2a: Kingambit\n|-damage|p2a: Kingambit|0 fnt\n|-unboost|p1b: Rotom|spa|2\n|faint|p2a: Kingambit\n|-damage|p1b: Rotom|11\/100|[from] item: Life Orb\n|\n|upkeep\n|\n|t:|1682279439\n|switch|p2a: Stantler|Stantler, L50, M|100\/100\n|-ability|p2a: Stantler|Intimidate|boost\n|-unboost|p1a: Qwilfish|atk|1\n|-unboost|p1b: Rotom|atk|1\n|turn|5\n|\n|t:|1682279469\n|cant|p2b: Pawmot|slp\n|move|p1b: Rotom|Will-O-Wisp|p2a: Stantler\n|-status|p2a: Stantler|brn\n|move|p1a: Qwilfish|Gunk Shot|p2b: Pawmot\n|-damage|p2b: Pawmot|57\/100 slp\n|move|p2a: Stantler|Skill Swap|p2b: Pawmot\n|-activate|p2a: Stantler|move: Skill Swap|||[of] p2b: Pawmot\n|-ability|p2b: Pawmot|Intimidate|boost\n|-unboost|p1a: Qwilfish|atk|1\n|-unboost|p1b: Rotom|atk|1\n|\n|-damage|p2a: Stantler|94\/100 brn|[from] brn\n|upkeep\n|turn|6\n|\n|t:|1682279525\n|switch|p1a: Scizor|Scizor, L50, F|100\/100\n|move|p2a: Stantler|Helping Hand|p2b: Pawmot\n|-singleturn|p2b: Pawmot|Helping Hand|[of] p2a: Stantler\n|move|p1b: Rotom|Overheat|p2b: Pawmot\n|-damage|p2b: Pawmot|0 fnt\n|-unboost|p1b: Rotom|spa|2\n|faint|p2b: Pawmot\n|-damage|p1b: Rotom|1\/100|[from] item: Life Orb\n|\n|-damage|p2a: Stantler|88\/100 brn|[from] brn\n|-sideend|p1: exstraspaceDND|move: Tailwind\n|upkeep\n|\n|t:|1682279532\n|switch|p2b: Iron Valiant|Iron Valiant, L50, tera:Steel|36\/100\n|turn|7\n|c|\u2606eshe0|gg\n|\n|t:|1682279550\n|move|p2a: Stantler|Helping Hand|p2b: Iron Valiant\n|-singleturn|p2b: Iron Valiant|Helping Hand|[of] p2a: Stantler\n|move|p2b: Iron Valiant|Aura Sphere|p1a: Scizor\n|-damage|p1a: Scizor|29\/100\n|move|p1b: Rotom|Overheat|p2a: Stantler\n|-damage|p2a: Stantler|69\/100 brn\n|-unboost|p1b: Rotom|spa|2\n|-damage|p1b: Rotom|0 fnt|[from] item: Life Orb\n|faint|p1b: Rotom\n|move|p1a: Scizor|U-turn|p2b: Iron Valiant\n|-resisted|p2b: Iron Valiant\n|-damage|p2b: Iron Valiant|0 fnt\n|faint|p2b: Iron Valiant\n|-end|p2b: Iron Valiant|Quark Drive|[silent]\n|\n|t:|1682279563\n|switch|p1a: Qwilfish|Qwilfish, L50, M|100\/100|[from] U-turn\n|-ability|p1a: Qwilfish|Intimidate|boost\n|-unboost|p2a: Stantler|atk|1\n|\n|-damage|p2a: Stantler|63\/100 brn|[from] brn\n|upkeep\n|\n|t:|1682279569\n|switch|p1b: Scizor|Scizor, L50, F|29\/100\n|turn|8\n|c|\u2606exstraspaceDND|ggs\n|\n|t:|1682279579\n|move|p1a: Qwilfish|Gunk Shot|p2a: Stantler\n|-damage|p2a: Stantler|30\/100 brn\n|move|p2a: Stantler|Skill Swap|p1a: Qwilfish\n|-activate|p2a: Stantler|move: Skill Swap|Intimidate|Iron Fist|[of] p1a: Qwilfish\n|-ability|p2a: Stantler|Intimidate|boost\n|-unboost|p1a: Qwilfish|atk|1\n|-unboost|p1b: Scizor|atk|1\n|move|p1b: Scizor|Close Combat|p2a: Stantler\n|-supereffective|p2a: Stantler\n|-damage|p2a: Stantler|0 fnt\n|-unboost|p1b: Scizor|def|1\n|-unboost|p1b: Scizor|spd|1\n|faint|p2a: Stantler\n|\n|win|exstraspaceDND\n|l|\u2606exstraspaceDND\n|l| judevgc\n","uploadtime":1682280298,"views":11,"p1id":"exstraspacednd","p2id":"eshe0","formatid":"gen9vgc2023regulationc","rating":0,"private":0,"password":""}