{"id":"gen9vgc2023regulationc-1862404987","p1":"ethan06","p2":"Roopydoopy","format":"[Gen 9] VGC 2023 Regulation C","log":"|j|\u2606ethan06\n|j|\u2606Roopydoopy\n|t:|1683880615\n|gametype|doubles\n|player|p1|ethan06|ninjaboy|\n|player|p2|Roopydoopy|102|\n|teamsize|p1|6\n|teamsize|p2|6\n|gen|9\n|tier|[Gen 9] VGC 2023 Regulation C\n|rule|Species Clause: Limit one of each Pok\u00e9mon\n|rule|Item Clause: Limit one of each item\n|clearpoke\n|poke|p1|Dondozo, L50, M|\n|poke|p1|Tatsugiri, L50, F|\n|poke|p1|Salamence, L50, M|\n|poke|p1|Kingambit, L50, F|\n|poke|p1|Iron Valiant, L50|\n|poke|p1|Persian, L50, F|\n|poke|p2|Muk, L50, M|\n|poke|p2|Pawmot, L50, M|\n|poke|p2|Wigglytuff, L50, F|\n|poke|p2|Wo-Chien, L50|\n|poke|p2|Arcanine, L50, F|\n|poke|p2|Gothorita, L50, F|\n|teampreview|4\nRoopydoopy has agreed to open team sheets.\nethan06 has agreed to open team sheets.\n|j| tonsoffamage\n|c|\u2606ethan06|wrong tatsu colour lmao\n|c|\u2606ethan06|g1\n|c| tonsoffamage|glhf gamers\n|\n|t:|1683880699\n|start\n|switch|p1a: Persian|Persian, L50, F|100\/100\n|switch|p1b: Salamence|Salamence, L50, M|100\/100\n|switch|p2a: Gothorita|Gothorita, L50, F|100\/100\n|switch|p2b: Muk|Muk, L50, M|100\/100\n|-ability|p1a: Persian|Unnerve\n|-ability|p1b: Salamence|Intimidate|boost\n|-unboost|p2a: Gothorita|atk|1\n|-unboost|p2b: Muk|atk|1\n|turn|1\n|\n|t:|1683880726\n|switch|p2a: Wo-Chien|Wo-Chien, L50|100\/100\n|-ability|p2a: Wo-Chien|Tablets of Ruin\n|move|p1a: Persian|Fake Out|p2a: Wo-Chien\n|-damage|p2a: Wo-Chien|93\/100\n|move|p1b: Salamence|Draco Meteor|p2b: Muk\n|-damage|p2b: Muk|28\/100\n|-unboost|p1b: Salamence|spa|2\n|-enditem|p2b: Muk|Red Card|[of] p1b: Salamence\n|drag|p1b: Kingambit|Kingambit, L50, F|100\/100\n|move|p2b: Muk|Poison Gas|p1b: Kingambit|[spread] p1a,p1b\n|-status|p1a: Persian|psn\n|-immune|p1b: Kingambit\n|\n|-heal|p2a: Wo-Chien|99\/100|[from] item: Leftovers\n|-damage|p1a: Persian|88\/100 psn|[from] psn\n|upkeep\n|turn|2\n|\n|t:|1683880755\n|switch|p2b: Gothorita|Gothorita, L50, F|100\/100\n|move|p1a: Persian|Taunt|p2a: Wo-Chien\n|-start|p2a: Wo-Chien|move: Taunt\n|cant|p2a: Wo-Chien|move: Taunt|Leech Seed\n|move|p1b: Kingambit|Swords Dance|p1b: Kingambit\n|-boost|p1b: Kingambit|atk|2\n|\n|-heal|p2a: Wo-Chien|100\/100|[from] item: Leftovers\n|-damage|p1a: Persian|76\/100 psn|[from] psn\n|upkeep\n|turn|3\n|\n|t:|1683880790\n|move|p2b: Gothorita|Fake Out|p1b: Kingambit\n|-resisted|p1b: Kingambit\n|-damage|p1b: Kingambit|99\/100\n|move|p1a: Persian|Taunt|p2b: Gothorita\n|-start|p2b: Gothorita|move: Taunt\n|move|p2a: Wo-Chien|Knock Off|p1b: Kingambit\n|-resisted|p1b: Kingambit\n|-damage|p1b: Kingambit|88\/100\n|-enditem|p1b: Kingambit|Covert Cloak|[from] move: Knock Off|[of] p2a: Wo-Chien\n|move|p1b: Kingambit|Assurance|p2b: Gothorita\n|-supereffective|p2b: Gothorita\n|-crit|p2b: Gothorita\n|-damage|p2b: Gothorita|5\/100\n|\n|-damage|p1a: Persian|64\/100 psn|[from] psn\n|upkeep\n|turn|4\n|\n|t:|1683880821\n|switch|p2b: Arcanine|Arcanine, L50, F|100\/100\n|-ability|p2b: Arcanine|Intimidate|boost\n|-unboost|p1a: Persian|atk|1\n|-unboost|p1b: Kingambit|atk|1\n|-ability|p1b: Kingambit|Defiant|boost\n|-boost|p1b: Kingambit|atk|2\n|-terastallize|p1b: Kingambit|Flying\n|move|p1a: Persian|Feint|p2b: Arcanine\n|-damage|p2b: Arcanine|96\/100\n|move|p2a: Wo-Chien|Knock Off|p1a: Persian\n|-damage|p1a: Persian|35\/100 psn\n|move|p1b: Kingambit|Tera Blast|p2a: Wo-Chien\n|-supereffective|p2a: Wo-Chien\n|-damage|p2a: Wo-Chien|0 fnt\n|faint|p2a: Wo-Chien\n|\n|-damage|p1a: Persian|23\/100 psn|[from] psn\n|upkeep\n|\n|t:|1683880839\n|switch|p2a: Gothorita|Gothorita, L50, F|5\/100\n|turn|5\n|\n|t:|1683880858\n|move|p2a: Gothorita|Fake Out|p1b: Kingambit\n|-damage|p1b: Kingambit|84\/100\n|move|p1a: Persian|Feint|p2a: Gothorita\n|-damage|p2a: Gothorita|1\/100\n|move|p2b: Arcanine|Will-O-Wisp|p1b: Kingambit\n|-status|p1b: Kingambit|brn\n|cant|p1b: Kingambit|flinch\n|\n|-damage|p1a: Persian|11\/100 psn|[from] psn\n|-damage|p1b: Kingambit|78\/100 brn|[from] brn\n|upkeep\n|turn|6\n|\n|t:|1683880889\n|move|p1a: Persian|Feint|p2a: Gothorita\n|-damage|p2a: Gothorita|0 fnt\n|faint|p2a: Gothorita\n|move|p2b: Arcanine|Flare Blitz|p1b: Kingambit\n|-damage|p1b: Kingambit|22\/100 brn\n|-damage|p2b: Arcanine|78\/100|[from] Recoil\n|-damage|p2b: Arcanine|68\/100|[from] item: Life Orb\n|move|p1b: Kingambit|Assurance|p2b: Arcanine\n|-damage|p2b: Arcanine|0 fnt\n|faint|p2b: Arcanine\n|\n|-damage|p1a: Persian|0 fnt|[from] psn\n|faint|p1a: Persian\n|-damage|p1b: Kingambit|16\/100 brn|[from] brn\n|upkeep\n|\n|t:|1683880907\n|switch|p1a: Iron Valiant|Iron Valiant, L50|100\/100\n|switch|p2b: Muk|Muk, L50, M|28\/100\n|turn|7\n|\n|t:|1683880924\n|-terastallize|p2b: Muk|Ghost\n|move|p1a: Iron Valiant|Psyshock|p2b: Muk\n|-damage|p2b: Muk|14\/100\n|move|p1b: Kingambit|Iron Head|p2b: Muk\n|-damage|p2b: Muk|0 fnt\n|faint|p2b: Muk\n|\n|win|ethan06\n|c|\u2606ethan06|gg\n|l|\u2606Roopydoopy\n|c| tonsoffamage|Someone saving it?\n","uploadtime":1683880935,"views":10,"p1id":"ethan06","p2id":"roopydoopy","formatid":"gen9vgc2023regulationc","rating":0,"private":0,"password":""}