{"id":"gen9vgc2023regulationc-1862931096","p1":"bwahacough","p2":"CombustibleCow","format":"[Gen 9] VGC 2023 Regulation C","log":"|j|\u2606bwahacough\n|j|\u2606CombustibleCow\n|t:|1683940051\n|gametype|doubles\n|player|p1|bwahacough|madame-gen4|1720\n|player|p2|CombustibleCow|unknown|1681\n|teamsize|p1|6\n|teamsize|p2|6\n|gen|9\n|tier|[Gen 9] VGC 2023 Regulation C\n|rated|\n|rule|Species Clause: Limit one of each Pok\u00e9mon\n|rule|Item Clause: Limit one of each item\n|clearpoke\n|poke|p1|Lycanroc, L50, M|\n|poke|p1|Tyranitar, L50, F|\n|poke|p1|Flutter Mane, L50|\n|poke|p1|Chi-Yu, L50|\n|poke|p1|Murkrow, L50, F|\n|poke|p1|Indeedee-F, L50, F|\n|poke|p2|Lilligant, L50, F|\n|poke|p2|Torkoal, L50, M|\n|poke|p2|Flutter Mane, L50|\n|poke|p2|Great Tusk, L50|\n|poke|p2|Chien-Pao, L50|\n|poke|p2|Dragonite, L50, F|\n|teampreview|4\nCombustibleCow has agreed to open team sheets.\nbwahacough has agreed to open team sheets.\n|\n|t:|1683940076\n|start\n|switch|p1a: Lycanroc|Lycanroc, L50, M|100\/100\n|switch|p1b: Tyranitar|Tyranitar, L50, F, shiny|100\/100\n|switch|p2a: Chien-Pao|Chien-Pao, L50|100\/100\n|switch|p2b: Great Tusk|Great Tusk, L50|100\/100\n|-ability|p2a: Chien-Pao|Sword of Ruin\n|-weather|Sandstorm|[from] ability: Sand Stream|[of] p1b: Tyranitar\n|turn|1\n|\n|t:|1683940091\n|move|p1a: Lycanroc|Protect|p1a: Lycanroc\n|-singleturn|p1a: Lycanroc|Protect\n|move|p1b: Tyranitar|Protect|p1b: Tyranitar\n|-singleturn|p1b: Tyranitar|Protect\n|move|p2a: Chien-Pao|Sucker Punch||[still]\n|-fail|p2a: Chien-Pao\n|move|p2b: Great Tusk|Rock Slide|p1a: Lycanroc|[spread] \n|-activate|p1a: Lycanroc|move: Protect\n|-activate|p1b: Tyranitar|move: Protect\n|\n|-weather|Sandstorm|[upkeep]\n|-damage|p2a: Chien-Pao|95\/100|[from] Sandstorm\n|upkeep\n|turn|2\n|\n|t:|1683940111\n|move|p1a: Lycanroc|Rock Slide|p2b: Great Tusk|[spread] p2a,p2b\n|-supereffective|p2a: Chien-Pao\n|-resisted|p2b: Great Tusk\n|-damage|p2a: Chien-Pao|17\/100\n|-damage|p2b: Great Tusk|94\/100\n|move|p2b: Great Tusk|Rock Slide|p1a: Lycanroc|[spread] p1b\n|-miss|p2b: Great Tusk|p1a: Lycanroc\n|-damage|p1b: Tyranitar|77\/100\n|cant|p2a: Chien-Pao|flinch\n|move|p1b: Tyranitar|Low Kick|p2b: Great Tusk\n|-damage|p2b: Great Tusk|50\/100\n|\n|-weather|Sandstorm|[upkeep]\n|-damage|p2a: Chien-Pao|11\/100|[from] Sandstorm\n|upkeep\n|turn|3\n|\n|t:|1683940127\n|move|p2a: Chien-Pao|Sucker Punch|p1a: Lycanroc\n|-damage|p1a: Lycanroc|18\/100\n|move|p1a: Lycanroc|Rock Slide|p2b: Great Tusk|[spread] p2a\n|-miss|p1a: Lycanroc|p2b: Great Tusk\n|-supereffective|p2a: Chien-Pao\n|-damage|p2a: Chien-Pao|0 fnt\n|faint|p2a: Chien-Pao\n|move|p2b: Great Tusk|Rock Slide|p1b: Tyranitar|[spread] p1a,p1b\n|-damage|p1a: Lycanroc|0 fnt\n|-damage|p1b: Tyranitar|61\/100\n|faint|p1a: Lycanroc\n|cant|p1b: Tyranitar|flinch\n|\n|-weather|Sandstorm|[upkeep]\n|upkeep\n|\n|t:|1683940139\n|switch|p2a: torkoshima|Torkoal, L50, M, shiny|100\/100\n|switch|p1a: Flutter Mane|Flutter Mane, L50, shiny|100\/100\n|-weather|SunnyDay|[from] ability: Drought|[of] p2a: torkoshima\n|-activate|p2b: Great Tusk|ability: Protosynthesis\n|-start|p2b: Great Tusk|protosynthesisatk\n|-activate|p1a: Flutter Mane|ability: Protosynthesis\n|-start|p1a: Flutter Mane|protosynthesisspa\n|turn|4\n|\n|t:|1683940152\n|switch|p1b: Murkrow|Murkrow, L50, F, shiny|100\/100\n|move|p2a: torkoshima|Protect|p2a: torkoshima\n|-singleturn|p2a: torkoshima|Protect\n|move|p2b: Great Tusk|Rock Slide|p1b: Murkrow|[spread] p1a,p1b\n|-supereffective|p1b: Murkrow\n|-damage|p1a: Flutter Mane|46\/100\n|-damage|p1b: Murkrow|54\/100\n|move|p1a: Flutter Mane|Dazzling Gleam|p2b: Great Tusk|[spread] p2b\n|-activate|p2a: torkoshima|move: Protect\n|-supereffective|p2b: Great Tusk\n|-damage|p2b: Great Tusk|0 fnt\n|faint|p2b: Great Tusk\n|-end|p2b: Great Tusk|Protosynthesis|[silent]\n|\n|-weather|SunnyDay|[upkeep]\n|upkeep\n|j| merahmerona\n|\n|t:|1683940172\n|switch|p2b: Lilligant|Lilligant, L50, F, shiny|100\/100\n|turn|5\n|\n|t:|1683940187\n|-terastallize|p2a: torkoshima|Fire\n|move|p2b: Lilligant|Protect|p2b: Lilligant\n|-singleturn|p2b: Lilligant|Protect\n|move|p1a: Flutter Mane|Protect|p1a: Flutter Mane\n|-singleturn|p1a: Flutter Mane|Protect\n|move|p1b: Murkrow|Tailwind|p1b: Murkrow\n|-sidestart|p1: bwahacough|move: Tailwind\n|move|p2a: torkoshima|Flamethrower|p1a: Flutter Mane\n|-activate|p1a: Flutter Mane|move: Protect\n|\n|-weather|SunnyDay|[upkeep]\n|upkeep\n|turn|6\n|\n|t:|1683940202\n|move|p1b: Murkrow|Screech|p2a: torkoshima\n|-unboost|p2a: torkoshima|def|2\n|move|p1a: Flutter Mane|Dazzling Gleam|p2a: torkoshima|[spread] p2a,p2b\n|-resisted|p2a: torkoshima\n|-damage|p2a: torkoshima|69\/100\n|-damage|p2b: Lilligant|45\/100\n|move|p2b: Lilligant|Sleep Powder|p1b: Murkrow\n|-status|p1b: Murkrow|slp|[from] move: Sleep Powder\n|move|p2a: torkoshima|Flamethrower|p1a: Flutter Mane\n|-damage|p1a: Flutter Mane|0 fnt\n|faint|p1a: Flutter Mane\n|-end|p1a: Flutter Mane|Protosynthesis|[silent]\n|\n|-weather|SunnyDay|[upkeep]\n|upkeep\n|\n|t:|1683940209\n|switch|p1a: Tyranitar|Tyranitar, L50, F, shiny|61\/100\n|-weather|Sandstorm|[from] ability: Sand Stream|[of] p1a: Tyranitar\n|turn|7\n|\n|t:|1683940219\n|cant|p1b: Murkrow|slp\n|move|p1a: Tyranitar|Rock Slide|p2a: torkoshima|[spread] p2a,p2b\n|-supereffective|p2a: torkoshima\n|-damage|p2a: torkoshima|0 fnt\n|-damage|p2b: Lilligant|6\/100\n|faint|p2a: torkoshima\n|move|p2b: Lilligant|Sleep Powder|p1a: Tyranitar|[miss]\n|-miss|p2b: Lilligant|p1a: Tyranitar\n|\n|-weather|Sandstorm|[upkeep]\n|-damage|p1b: Murkrow|48\/100 slp|[from] Sandstorm\n|-damage|p2b: Lilligant|0 fnt|[from] Sandstorm\n|faint|p2b: Lilligant\n|\n|win|bwahacough\n|upkeep\n|raw|bwahacough's rating: 1743 → 1759<\/strong> (+16 for winning)\n|raw|CombustibleCow's rating: 1681 → 1665<\/strong> (-16 for losing)\n|l|\u2606CombustibleCow\n","uploadtime":1683940310,"views":13,"p1id":"bwahacough","p2id":"combustiblecow","formatid":"gen9vgc2023regulationc","rating":1665,"private":0,"password":""}