{"id":"gen9vgc2023regulationc-1858084951","p1":"A_TerroneVGC","p2":"Atlewis","format":"[Gen 9] VGC 2023 Regulation C","log":"|j|\u2606A_TerroneVGC\n|j|\u2606Atlewis\n|t:|1683273023\n|gametype|doubles\n|player|p1|A_TerroneVGC|169|1437\n|player|p2|Atlewis|1|1519\n|teamsize|p1|6\n|teamsize|p2|6\n|gen|9\n|tier|[Gen 9] VGC 2023 Regulation C\n|rated|\n|rule|Species Clause: Limit one of each Pok\u00e9mon\n|rule|Item Clause: Limit one of each item\n|clearpoke\n|poke|p1|Chi-Yu, L50|\n|poke|p1|Flutter Mane, L50|\n|poke|p1|Great Tusk, L50|\n|poke|p1|Iron Bundle, L50|\n|poke|p1|Kingambit, L50, M|\n|poke|p1|Talonflame, L50, M|\n|poke|p2|Talonflame, L50, M|\n|poke|p2|Great Tusk, L50|\n|poke|p2|Rotom-Wash, L50|\n|poke|p2|Flutter Mane, L50|\n|poke|p2|Chi-Yu, L50|\n|poke|p2|Iron Hands, L50|\n|teampreview|4\nA_TerroneVGC has agreed to open team sheets.\n|\n|t:|1683273039\n|start\n|switch|p1a: Talonflame|Talonflame, L50, M|100\/100\n|switch|p1b: Iron Bundle|Iron Bundle, L50|100\/100\n|switch|p2a: Great Tusk|Great Tusk, L50|100\/100\n|switch|p2b: Rotom|Rotom-Wash, L50|100\/100\n|-enditem|p1b: Iron Bundle|Booster Energy\n|-activate|p1b: Iron Bundle|ability: Quark Drive|[fromitem]\n|-start|p1b: Iron Bundle|quarkdrivespe\n|turn|1\n|inactive|Battle timer is ON: inactive players will automatically lose when time's up. (requested by Atlewis)\n|\n|t:|1683273049\n|move|p2a: Great Tusk|Protect|p2a: Great Tusk\n|-singleturn|p2a: Great Tusk|Protect\n|move|p1a: Talonflame|Tailwind|p1a: Talonflame\n|-sidestart|p1: A_TerroneVGC|move: Tailwind\n|move|p1b: Iron Bundle|Icy Wind|p2b: Rotom|[spread] p2b\n|-activate|p2a: Great Tusk|move: Protect\n|-resisted|p2b: Rotom\n|-crit|p2b: Rotom\n|-damage|p2b: Rotom|85\/100\n|-unboost|p2b: Rotom|spe|1\n|move|p2b: Rotom|Discharge|p1b: Iron Bundle|[spread] p1a,p1b\n|-activate|p2a: Great Tusk|move: Protect\n|-supereffective|p1a: Talonflame\n|-supereffective|p1b: Iron Bundle\n|-damage|p1a: Talonflame|28\/100\n|-damage|p1b: Iron Bundle|7\/100\n|\n|upkeep\n|turn|2\n|\n|t:|1683273070\n|-end|p2a: Great Tusk|Protosynthesis|[silent]\n|switch|p2a: Talonflame|Talonflame, L50, M|100\/100\n|move|p1b: Iron Bundle|Freeze-Dry|p2b: Rotom\n|-supereffective|p2b: Rotom\n|-damage|p2b: Rotom|8\/100\n|-enditem|p2b: Rotom|Sitrus Berry|[eat]\n|-heal|p2b: Rotom|33\/100|[from] item: Sitrus Berry\n|move|p1a: Talonflame|Brave Bird|p2a: Talonflame\n|-damage|p2a: Talonflame|42\/100\n|-damage|p1a: Talonflame|11\/100|[from] Recoil\n|move|p2b: Rotom|Discharge|p1a: Talonflame|[spread] p2a,p1a,p1b\n|-supereffective|p2a: Talonflame\n|-supereffective|p1a: Talonflame\n|-supereffective|p1b: Iron Bundle\n|-damage|p2a: Talonflame|0 fnt\n|-damage|p1a: Talonflame|0 fnt\n|-damage|p1b: Iron Bundle|0 fnt\n|faint|p2a: Talonflame\n|faint|p1a: Talonflame\n|faint|p1b: Iron Bundle\n|-end|p1b: Iron Bundle|Quark Drive|[silent]\n|\n|upkeep\n|\n|t:|1683273083\n|switch|p1b: Flutter Mane|Flutter Mane, L50|100\/100\n|switch|p1a: Great Tusk|Great Tusk, L50|100\/100\n|switch|p2a: Great Tusk|Great Tusk, L50|100\/100\n|turn|3\n|\n|t:|1683273095\n|-terastallize|p1b: Flutter Mane|Fairy\n|move|p2a: Great Tusk|Protect|p2a: Great Tusk\n|-singleturn|p2a: Great Tusk|Protect\n|move|p2b: Rotom|Protect|p2b: Rotom\n|-singleturn|p2b: Rotom|Protect\n|move|p1b: Flutter Mane|Dazzling Gleam|p2a: Great Tusk|[spread] \n|-activate|p2a: Great Tusk|move: Protect\n|-activate|p2b: Rotom|move: Protect\n|move|p1a: Great Tusk|Headlong Rush|p2a: Great Tusk\n|-activate|p2a: Great Tusk|move: Protect\n|\n|upkeep\n|turn|4\n|\n|t:|1683273114\n|move|p2a: Great Tusk|Protect|p2a: Great Tusk\n|-singleturn|p2a: Great Tusk|Protect\n|move|p1b: Flutter Mane|Dazzling Gleam|p2b: Rotom|[spread] p2b\n|-activate|p2a: Great Tusk|move: Protect\n|-damage|p2b: Rotom|0 fnt\n|faint|p2b: Rotom\n|move|p1a: Great Tusk|Headlong Rush|p2a: Great Tusk\n|-activate|p2a: Great Tusk|move: Protect\n|\n|-sideend|p1: A_TerroneVGC|move: Tailwind\n|upkeep\n|\n|t:|1683273123\n|switch|p2b: Flutter Mane|Flutter Mane, L50|100\/100\n|-enditem|p2b: Flutter Mane|Booster Energy\n|-activate|p2b: Flutter Mane|ability: Protosynthesis|[fromitem]\n|-start|p2b: Flutter Mane|protosynthesisspa\n|turn|5\n|\n|t:|1683273137\n|-terastallize|p2a: Great Tusk|Ground\n|move|p2b: Flutter Mane|Protect|p2b: Flutter Mane\n|-singleturn|p2b: Flutter Mane|Protect\n|move|p1b: Flutter Mane|Dazzling Gleam|p2a: Great Tusk|[spread] p2a\n|-activate|p2b: Flutter Mane|move: Protect\n|-damage|p2a: Great Tusk|5\/100\n|move|p1a: Great Tusk|Headlong Rush|p2b: Flutter Mane\n|-activate|p2b: Flutter Mane|move: Protect\n|move|p2a: Great Tusk|Earthquake|p1a: Great Tusk|[spread] p1a,p1b\n|-activate|p2b: Flutter Mane|move: Protect\n|-damage|p1a: Great Tusk|59\/100\n|-damage|p1b: Flutter Mane|0 fnt\n|faint|p1b: Flutter Mane\n|-end|p1b: Flutter Mane|Protosynthesis|[silent]\n|\n|upkeep\n|turn|6\n|\n|t:|1683273155\n|move|p2b: Flutter Mane|Moonblast|p1a: Great Tusk\n|-supereffective|p1a: Great Tusk\n|-damage|p1a: Great Tusk|0 fnt\n|faint|p1a: Great Tusk\n|-end|p1a: Great Tusk|Protosynthesis|[silent]\n|\n|win|Atlewis\n|raw|A_TerroneVGC's rating: 1437 → 1422<\/strong> (-15 for losing)\n|raw|Atlewis's rating: 1519 → 1534<\/strong> (+15 for winning)\n|l|\u2606A_TerroneVGC\n","uploadtime":1683273166,"views":13,"p1id":"aterronevgc","p2id":"atlewis","formatid":"gen9vgc2023regulationc","rating":1422,"private":0,"password":""}