{"id":"gen9vgc2023regulationc-1858023819","p1":"Jamel 1","p2":"Matutinha","format":"[Gen 9] VGC 2023 Regulation C","log":"|j|\u2606Jamel 1\n|j|\u2606Matutinha\n|t:|1683262016\n|gametype|doubles\n|player|p1|Jamel 1|cyrus|1552\n|player|p2|Matutinha|102|1620\n|teamsize|p1|6\n|teamsize|p2|6\n|gen|9\n|tier|[Gen 9] VGC 2023 Regulation C\n|rated|\n|rule|Species Clause: Limit one of each Pok\u00e9mon\n|rule|Item Clause: Limit one of each item\n|clearpoke\n|poke|p1|Wo-Chien, L50|\n|poke|p1|Ting-Lu, L50|\n|poke|p1|Abomasnow, L50, F|\n|poke|p1|Arcanine, L50, M|\n|poke|p1|Maushold, L50|\n|poke|p1|Salazzle, L50, F|\n|poke|p2|Tyranitar, L50, M|\n|poke|p2|Lycanroc, L50, M|\n|poke|p2|Farigiraf, L50, F|\n|poke|p2|Ting-Lu, L50|\n|poke|p2|Annihilape, L50, M|\n|poke|p2|Amoonguss, L50, M|\n|teampreview|4\n|inactive|Battle timer is ON: inactive players will automatically lose when time's up. (requested by Matutinha)\n|\n|t:|1683262061\n|start\n|switch|p1a: Wo-Chien|Wo-Chien, L50|100\/100\n|switch|p1b: Abomasnow|Abomasnow, L50, F|100\/100\n|switch|p2a: Farigiraf|Farigiraf, L50, F|100\/100\n|switch|p2b: Annihilape|Annihilape, L50, M|100\/100\n|-weather|Snow|[from] ability: Snow Warning|[of] p1b: Abomasnow\n|-ability|p1a: Wo-Chien|Tablets of Ruin\n|turn|1\n|j| Rabbihorn\n|inactive|Matutinha has 30 seconds left.\n|\n|t:|1683262087\n|switch|p2a: Tyranitar|Tyranitar, L50, M|100\/100\n|-weather|Sandstorm|[from] ability: Sand Stream|[of] p2a: Tyranitar\n|move|p1b: Abomasnow|Aurora Veil||[still]\n|-fail|p1b: Abomasnow\n|move|p1a: Wo-Chien|Leech Seed|p2a: Tyranitar\n|-start|p2a: Tyranitar|move: Leech Seed\n|move|p2b: Annihilape|Bulk Up|p2b: Annihilape\n|-boost|p2b: Annihilape|atk|1\n|-boost|p2b: Annihilape|def|1\n|\n|-weather|Sandstorm|[upkeep]\n|-damage|p1b: Abomasnow|94\/100|[from] Sandstorm\n|-damage|p1a: Wo-Chien|94\/100|[from] Sandstorm\n|-damage|p2b: Annihilape|94\/100|[from] Sandstorm\n|-heal|p1a: Wo-Chien|100\/100|[from] item: Leftovers\n|-heal|p2b: Annihilape|100\/100|[from] item: Leftovers\n|-damage|p2a: Tyranitar|88\/100|[from] Leech Seed|[of] p1a: Wo-Chien\n|upkeep\n|turn|2\n|\n|t:|1683262111\n|switch|p1b: Arcanine|Arcanine, L50, M|100\/100\n|-ability|p1b: Arcanine|Intimidate|boost\n|-unboost|p2a: Tyranitar|atk|1\n|-unboost|p2b: Annihilape|atk|1\n|switch|p2a: Farigiraf|Farigiraf, L50, F|100\/100\n|move|p1a: Wo-Chien|Mean Look|p2a: Farigiraf\n|-activate|p2a: Farigiraf|trapped\n|move|p2b: Annihilape|Bulk Up|p2b: Annihilape\n|-boost|p2b: Annihilape|atk|1\n|-boost|p2b: Annihilape|def|1\n|\n|-weather|Sandstorm|[upkeep]\n|-damage|p1b: Arcanine|94\/100|[from] Sandstorm\n|-damage|p1a: Wo-Chien|94\/100|[from] Sandstorm\n|-damage|p2b: Annihilape|94\/100|[from] Sandstorm\n|-damage|p2a: Farigiraf|94\/100|[from] Sandstorm\n|-heal|p1a: Wo-Chien|100\/100|[from] item: Leftovers\n|-heal|p2b: Annihilape|100\/100|[from] item: Leftovers\n|upkeep\n|turn|3\n|inactive|Matutinha has 30 seconds left.\n|\n|t:|1683262141\n|-terastallize|p2b: Annihilape|Fire\n|move|p1b: Arcanine|Will-O-Wisp|p2b: Annihilape\n|-immune|p2b: Annihilape\n|move|p1a: Wo-Chien|Leech Seed|p2a: Farigiraf\n|-start|p2a: Farigiraf|move: Leech Seed\n|move|p2b: Annihilape|Drain Punch|p1a: Wo-Chien\n|-supereffective|p1a: Wo-Chien\n|-damage|p1a: Wo-Chien|37\/100\n|move|p2a: Farigiraf|Trick Room|p2a: Farigiraf\n|-fieldstart|move: Trick Room|[of] p2a: Farigiraf\n|\n|-weather|Sandstorm|[upkeep]\n|-damage|p2a: Farigiraf|88\/100|[from] Sandstorm\n|-damage|p2b: Annihilape|94\/100|[from] Sandstorm\n|-damage|p1a: Wo-Chien|31\/100|[from] Sandstorm\n|-damage|p1b: Arcanine|88\/100|[from] Sandstorm\n|-heal|p2b: Annihilape|100\/100|[from] item: Leftovers\n|-heal|p1a: Wo-Chien|37\/100|[from] item: Leftovers\n|-damage|p2a: Farigiraf|75\/100|[from] Leech Seed|[of] p1a: Wo-Chien\n|-heal|p1a: Wo-Chien|52\/100|[silent]\n|upkeep\n|turn|4\n|\n|t:|1683262162\n|switch|p1b: Abomasnow|Abomasnow, L50, F|94\/100\n|-weather|Snow|[from] ability: Snow Warning|[of] p1b: Abomasnow\n|move|p1a: Wo-Chien|Protect|p1a: Wo-Chien\n|-singleturn|p1a: Wo-Chien|Protect\n|move|p2a: Farigiraf|Beat Up|p2b: Annihilape\n|-damage|p2b: Annihilape|99\/100\n|-damage|p2b: Annihilape|98\/100\n|-damage|p2b: Annihilape|96\/100\n|-damage|p2b: Annihilape|95\/100\n|-hitcount|p2b: Annihilape|4\n|move|p2b: Annihilape|Rage Fist|p1b: Abomasnow\n|-damage|p1b: Abomasnow|0 fnt\n|faint|p1b: Abomasnow\n|\n|-weather|Snow|[upkeep]\n|-heal|p2b: Annihilape|100\/100|[from] item: Leftovers\n|-heal|p1a: Wo-Chien|58\/100|[from] item: Leftovers\n|-damage|p2a: Farigiraf|63\/100|[from] Leech Seed|[of] p1a: Wo-Chien\n|-heal|p1a: Wo-Chien|72\/100|[silent]\n|upkeep\n|\n|t:|1683262178\n|switch|p1b: Arcanine|Arcanine, L50, M|88\/100\n|-ability|p1b: Arcanine|Intimidate|boost\n|-unboost|p2a: Farigiraf|atk|1\n|-unboost|p2b: Annihilape|atk|1\n|turn|5\n|\n|t:|1683262202\n|move|p2a: Farigiraf|Beat Up|p2b: Annihilape\n|-damage|p2b: Annihilape|99\/100\n|-damage|p2b: Annihilape|98\/100\n|-damage|p2b: Annihilape|97\/100\n|-damage|p2b: Annihilape|96\/100\n|-hitcount|p2b: Annihilape|4\n|move|p2b: Annihilape|Drain Punch|p1a: Wo-Chien\n|-supereffective|p1a: Wo-Chien\n|-damage|p1a: Wo-Chien|29\/100\n|-heal|p2b: Annihilape|100\/100|[from] drain|[of] p1a: Wo-Chien\n|move|p1a: Wo-Chien|Leech Seed|p2b: Annihilape\n|-start|p2b: Annihilape|move: Leech Seed\n|move|p1b: Arcanine|Morning Sun|p1b: Arcanine\n|-heal|p1b: Arcanine|100\/100\n|\n|-weather|Snow|[upkeep]\n|-heal|p1a: Wo-Chien|35\/100|[from] item: Leftovers\n|-damage|p2a: Farigiraf|50\/100|[from] Leech Seed|[of] p1a: Wo-Chien\n|-heal|p1a: Wo-Chien|49\/100|[silent]\n|-damage|p2b: Annihilape|88\/100|[from] Leech Seed|[of] p1a: Wo-Chien\n|-heal|p1a: Wo-Chien|63\/100|[silent]\n|upkeep\n|turn|6\n|\n|t:|1683262220\n|move|p2a: Farigiraf|Beat Up|p2b: Annihilape\n|-damage|p2b: Annihilape|87\/100\n|-damage|p2b: Annihilape|86\/100\n|-damage|p2b: Annihilape|85\/100\n|-damage|p2b: Annihilape|84\/100\n|-hitcount|p2b: Annihilape|4\n|move|p2b: Annihilape|Rage Fist|p1b: Arcanine\n|-damage|p1b: Arcanine|0 fnt\n|faint|p1b: Arcanine\n|move|p1a: Wo-Chien|Ruination|p2b: Annihilape\n|-damage|p2b: Annihilape|42\/100\n|\n|-weather|Snow|[upkeep]\n|-heal|p2b: Annihilape|49\/100|[from] item: Leftovers\n|-heal|p1a: Wo-Chien|69\/100|[from] item: Leftovers\n|-damage|p2a: Farigiraf|38\/100|[from] Leech Seed|[of] p1a: Wo-Chien\n|-heal|p1a: Wo-Chien|84\/100|[silent]\n|-damage|p2b: Annihilape|36\/100|[from] Leech Seed|[of] p1a: Wo-Chien\n|-heal|p1a: Wo-Chien|97\/100|[silent]\n|upkeep\n|\n|t:|1683262224\n|switch|p1b: Maushold|Maushold, L50|100\/100\n|turn|7\n|inactive|Matutinha has 30 seconds left.\n|\n|t:|1683262249\n|move|p2a: Farigiraf|Psychic|p1b: Maushold\n|-damage|p1b: Maushold|52\/100\n|move|p2b: Annihilape|Drain Punch|p1b: Maushold\n|-supereffective|p1b: Maushold\n|-damage|p1b: Maushold|0 fnt\n|-heal|p2b: Annihilape|55\/100|[from] drain|[of] p1b: Maushold\n|faint|p1b: Maushold\n|move|p1a: Wo-Chien|Ruination|p2b: Annihilape\n|-damage|p2b: Annihilape|28\/100\n|\n|-weather|Snow|[upkeep]\n|-heal|p2b: Annihilape|34\/100|[from] item: Leftovers\n|-heal|p1a: Wo-Chien|100\/100|[from] item: Leftovers\n|-damage|p2a: Farigiraf|25\/100|[from] Leech Seed|[of] p1a: Wo-Chien\n|-damage|p2b: Annihilape|22\/100|[from] Leech Seed|[of] p1a: Wo-Chien\n|-fieldend|move: Trick Room\n|upkeep\n|turn|8\n|\n|t:|1683262271\n|move|p1a: Wo-Chien|Ruination|p2b: Annihilape\n|-damage|p2b: Annihilape|11\/100\n|move|p2b: Annihilape|Drain Punch|p1a: Wo-Chien\n|-supereffective|p1a: Wo-Chien\n|-damage|p1a: Wo-Chien|57\/100\n|-heal|p2b: Annihilape|31\/100|[from] drain|[of] p1a: Wo-Chien\n|move|p2a: Farigiraf|Trick Room|p2a: Farigiraf\n|-fieldstart|move: Trick Room|[of] p2a: Farigiraf\n|\n|-weather|none\n|-heal|p2b: Annihilape|38\/100|[from] item: Leftovers\n|-heal|p1a: Wo-Chien|63\/100|[from] item: Leftovers\n|-damage|p2a: Farigiraf|13\/100|[from] Leech Seed|[of] p1a: Wo-Chien\n|-heal|p1a: Wo-Chien|78\/100|[silent]\n|-damage|p2b: Annihilape|25\/100|[from] Leech Seed|[of] p1a: Wo-Chien\n|-heal|p1a: Wo-Chien|91\/100|[silent]\n|upkeep\n|turn|9\n|\n|t:|1683262290\n|move|p1a: Wo-Chien|Protect|p1a: Wo-Chien\n|-singleturn|p1a: Wo-Chien|Protect\n|move|p2a: Farigiraf|Beat Up|p1a: Wo-Chien\n|-activate|p1a: Wo-Chien|move: Protect\n|move|p2b: Annihilape|Rage Fist|p1a: Wo-Chien\n|-activate|p1a: Wo-Chien|move: Protect\n|\n|-heal|p2b: Annihilape|31\/100|[from] item: Leftovers\n|-heal|p1a: Wo-Chien|97\/100|[from] item: Leftovers\n|-damage|p2a: Farigiraf|0 fnt|[from] Leech Seed|[of] p1a: Wo-Chien\n|-heal|p1a: Wo-Chien|100\/100|[silent]\n|faint|p2a: Farigiraf\n|-damage|p2b: Annihilape|19\/100|[from] Leech Seed|[of] p1a: Wo-Chien\n|upkeep\n|\n|t:|1683262297\n|switch|p2a: Ting-Lu|Ting-Lu, L50|100\/100\n|-ability|p2a: Ting-Lu|Vessel of Ruin\n|turn|10\n|\n|t:|1683262311\n|move|p2a: Ting-Lu|Fissure|p1a: Wo-Chien|[miss]\n|-miss|p2a: Ting-Lu|p1a: Wo-Chien\n|move|p2b: Annihilape|Drain Punch|p1a: Wo-Chien\n|-supereffective|p1a: Wo-Chien\n|-damage|p1a: Wo-Chien|56\/100\n|-heal|p2b: Annihilape|39\/100|[from] drain|[of] p1a: Wo-Chien\n|move|p1a: Wo-Chien|Leech Seed|p2a: Ting-Lu\n|-start|p2a: Ting-Lu|move: Leech Seed\n|\n|-heal|p2b: Annihilape|46\/100|[from] item: Leftovers\n|-heal|p1a: Wo-Chien|62\/100|[from] item: Leftovers\n|-damage|p2a: Ting-Lu|88\/100|[from] Leech Seed|[of] p1a: Wo-Chien\n|-heal|p1a: Wo-Chien|78\/100|[silent]\n|-damage|p2b: Annihilape|33\/100|[from] Leech Seed|[of] p1a: Wo-Chien\n|-heal|p1a: Wo-Chien|92\/100|[silent]\n|upkeep\n|turn|11\n|\n|t:|1683262326\n|move|p2a: Ting-Lu|Fissure|p1a: Wo-Chien|[miss]\n|-miss|p2a: Ting-Lu|p1a: Wo-Chien\n|move|p2b: Annihilape|Bulk Up|p2b: Annihilape\n|-boost|p2b: Annihilape|atk|1\n|-boost|p2b: Annihilape|def|1\n|move|p1a: Wo-Chien|Mean Look|p2a: Ting-Lu\n|-activate|p2a: Ting-Lu|trapped\n|\n|-heal|p2b: Annihilape|39\/100|[from] item: Leftovers\n|-heal|p1a: Wo-Chien|98\/100|[from] item: Leftovers\n|-damage|p2a: Ting-Lu|75\/100|[from] Leech Seed|[of] p1a: Wo-Chien\n|-heal|p1a: Wo-Chien|100\/100|[silent]\n|-damage|p2b: Annihilape|27\/100|[from] Leech Seed|[of] p1a: Wo-Chien\n|upkeep\n|turn|12\n|j| Crabbycakes123\n|\n|t:|1683262336\n|move|p1a: Wo-Chien|Protect|p1a: Wo-Chien\n|-singleturn|p1a: Wo-Chien|Protect\n|move|p2a: Ting-Lu|Fissure|p1a: Wo-Chien\n|-activate|p1a: Wo-Chien|move: Protect\n|move|p2b: Annihilape|Drain Punch|p1a: Wo-Chien\n|-activate|p1a: Wo-Chien|move: Protect\n|\n|-heal|p2b: Annihilape|33\/100|[from] item: Leftovers\n|-damage|p2a: Ting-Lu|63\/100|[from] Leech Seed|[of] p1a: Wo-Chien\n|-damage|p2b: Annihilape|21\/100|[from] Leech Seed|[of] p1a: Wo-Chien\n|-fieldend|move: Trick Room\n|upkeep\n|turn|13\n|\n|t:|1683262348\n|move|p1a: Wo-Chien|Ruination|p2a: Ting-Lu\n|-damage|p2a: Ting-Lu|32\/100\n|move|p2b: Annihilape|Drain Punch|p1a: Wo-Chien\n|-supereffective|p1a: Wo-Chien\n|-damage|p1a: Wo-Chien|38\/100\n|-heal|p2b: Annihilape|50\/100|[from] drain|[of] p1a: Wo-Chien\n|move|p2a: Ting-Lu|Fissure|p1a: Wo-Chien\n|-damage|p1a: Wo-Chien|0 fnt\n|faint|p1a: Wo-Chien\n|-ohko\n|\n|win|Matutinha\n|raw|Jamel 1's rating: 1552 → 1536<\/strong> (-16 for losing)\n|raw|Matutinha's rating: 1620 → 1636<\/strong> (+16 for winning)\n|l|\u2606Jamel 1\n|l|\u2606Matutinha\n|l| Crabbycakes123\n","uploadtime":1683262702,"views":8,"p1id":"jamel1","p2id":"matutinha","formatid":"gen9vgc2023regulationc","rating":1536,"private":0,"password":""}