{"id":"gen9vgc2023regulationc-1847024399","p1":"PokemonJeffVGC","p2":"Luso13","format":"[Gen 9] VGC 2023 Regulation C","log":"|j|\u2606PokemonJeffVGC\n|j|\u2606Luso13\n|t:|1681912678\n|gametype|doubles\n|player|p1|PokemonJeffVGC|volo|1054\n|player|p2|Luso13|rood|1079\n|teamsize|p1|6\n|teamsize|p2|6\n|gen|9\n|tier|[Gen 9] VGC 2023 Regulation C\n|rated|\n|rule|Species Clause: Limit one of each Pok\u00e9mon\n|rule|Item Clause: Limit one of each item\n|clearpoke\n|poke|p1|Pelipper, L50, F|\n|poke|p1|Amoonguss, L50, F|\n|poke|p1|Palafin, L50, F|\n|poke|p1|Arcanine, L50, M|\n|poke|p1|Chien-Pao, L50|\n|poke|p1|Flutter Mane, L50|\n|poke|p2|Scream Tail, L50|\n|poke|p2|Armarouge, L50, F|\n|poke|p2|Indeedee-F, L50, F|\n|poke|p2|Kingambit, L50, F|\n|poke|p2|Iron Hands, L50|\n|poke|p2|Wo-Chien, L50|\n|teampreview|4\n|inactive|Battle timer is ON: inactive players will automatically lose when time's up. (requested by Luso13)\nPokemonJeffVGC rejected open team sheets.\n|inactive|PokemonJeffVGC has 60 seconds left.\n|inactive|Luso13 has 60 seconds left.\n|inactive|PokemonJeffVGC has 30 seconds left.\n|\n|t:|1681912739\n|start\n|switch|p1a: Palafin|Palafin, L50, F|100\/100\n|switch|p1b: Arcanine|Arcanine, L50, M|100\/100\n|switch|p2a: Armarouge|Armarouge, L50, F, shiny|100\/100\n|switch|p2b: Indeedee|Indeedee-F, L50, F, shiny|100\/100\n|-ability|p1b: Arcanine|Intimidate|boost\n|-unboost|p2a: Armarouge|atk|1\n|-unboost|p2b: Indeedee|atk|1\n|-fieldstart|move: Psychic Terrain|[from] ability: Psychic Surge|[of] p2b: Indeedee\n|-enditem|p2b: Indeedee|Psychic Seed\n|-boost|p2b: Indeedee|spd|1|[from] item: Psychic Seed\n|turn|1\n|\n|t:|1681912761\n|detailschange|p1a: Palafin|Palafin-Hero, L50, F\n|switch|p1a: Chien-Pao|Chien-Pao, L50|100\/100\n|-ability|p1a: Chien-Pao|Sword of Ruin\n|move|p2b: Indeedee|Follow Me|p2b: Indeedee\n|-singleturn|p2b: Indeedee|move: Follow Me\n|move|p1b: Arcanine|Snarl|p2a: Armarouge|[spread] p2a,p2b\n|-supereffective|p2a: Armarouge\n|-supereffective|p2b: Indeedee\n|-damage|p2a: Armarouge|78\/100\n|-damage|p2b: Indeedee|89\/100\n|-unboost|p2a: Armarouge|spa|1\n|-unboost|p2b: Indeedee|spa|1\n|move|p2a: Armarouge|Trick Room|p2a: Armarouge\n|-fieldstart|move: Trick Room|[of] p2a: Armarouge\n|\n|upkeep\n|turn|2\n|inactive|PokemonJeffVGC has 30 seconds left.\n|inactive|Luso13 has 30 seconds left.\n|inactive|Luso13 has 20 seconds left.\n|\n|t:|1681912799\n|switch|p2a: Kingambit|Kingambit, L50, F, shiny|100\/100\n|switch|p2b: Wo-Chien|Wo-Chien, L50|100\/100\n|-ability|p2b: Wo-Chien|Tablets of Ruin\n|switch|p1b: Pelipper|Pelipper, L50, F|100\/100\n|-weather|RainDance|[from] ability: Drizzle|[of] p1b: Pelipper\n|move|p1a: Chien-Pao|Throat Chop|p2b: Wo-Chien\n|-resisted|p2b: Wo-Chien\n|-damage|p2b: Wo-Chien|86\/100\n|-start|p2b: Wo-Chien|Throat Chop|[silent]\n|\n|-weather|RainDance|[upkeep]\n|-heal|p2b: Wo-Chien|93\/100|[from] item: Leftovers\n|upkeep\n|turn|3\n|inactive|PokemonJeffVGC has 30 seconds left.\n|inactive|Luso13 has 30 seconds left.\n|inactive|PokemonJeffVGC has 20 seconds left.\n|inactive|PokemonJeffVGC has 15 seconds left.\n|\n|t:|1681912841\n|move|p1a: Chien-Pao|Protect|p1a: Chien-Pao\n|-singleturn|p1a: Chien-Pao|Protect\n|move|p2a: Kingambit|Iron Head|p1a: Chien-Pao\n|-activate|p1a: Chien-Pao|move: Protect\n|move|p1b: Pelipper|Hurricane|p2b: Wo-Chien\n|-supereffective|p2b: Wo-Chien\n|-damage|p2b: Wo-Chien|30\/100\n|move|p2b: Wo-Chien|Leech Seed|p1a: Chien-Pao\n|-activate|p1a: Chien-Pao|move: Protect\n|\n|-weather|RainDance|[upkeep]\n|-heal|p2b: Wo-Chien|36\/100|[from] item: Leftovers\n|-end|p2b: Wo-Chien|Throat Chop|[silent]\n|upkeep\n|turn|4\n|inactive|PokemonJeffVGC has 30 seconds left.\n|\n|t:|1681912870\n|switch|p1a: Palafin|Palafin-Hero, L50, F|100\/100\n|-activate|p1a: Palafin|ability: Zero to Hero\n|move|p2b: Wo-Chien|Protect|p2b: Wo-Chien\n|-singleturn|p2b: Wo-Chien|Protect\n|move|p2a: Kingambit|Iron Head|p1a: Palafin\n|-resisted|p1a: Palafin\n|-damage|p1a: Palafin|84\/100\n|move|p1b: Pelipper|Hurricane|p2a: Kingambit\n|-resisted|p2a: Kingambit\n|-damage|p2a: Kingambit|87\/100\n|-start|p2a: Kingambit|confusion\n|\n|-weather|RainDance|[upkeep]\n|-heal|p2b: Wo-Chien|43\/100|[from] item: Leftovers\n|upkeep\n|turn|5\n|inactive|PokemonJeffVGC has 30 seconds left.\n|inactive|Luso13 has 30 seconds left.\n|inactive|PokemonJeffVGC has 20 seconds left.\n|inactive|PokemonJeffVGC has 15 seconds left.\n|inactive|PokemonJeffVGC has 10 seconds left.\n|\n|t:|1681912920\n|switch|p2b: Indeedee|Indeedee-F, L50, F, shiny|89\/100\n|-activate|p2a: Kingambit|confusion\n|move|p2a: Kingambit|Kowtow Cleave|p1a: Palafin\n|-damage|p1a: Palafin|38\/100\n|move|p1b: Pelipper|Hurricane|p2b: Indeedee\n|-damage|p2b: Indeedee|51\/100\n|-start|p2b: Indeedee|confusion\n|move|p1a: Palafin|Wave Crash|p2a: Kingambit\n|-crit|p2a: Kingambit\n|-damage|p2a: Kingambit|0 fnt\n|faint|p2a: Kingambit\n|-damage|p1a: Palafin|8\/100|[from] Recoil\n|\n|-weather|RainDance|[upkeep]\n|-fieldend|move: Trick Room\n|-fieldend|move: Psychic Terrain\n|upkeep\n|\n|t:|1681912935\n|switch|p2a: Wo-Chien|Wo-Chien, L50|43\/100\n|-ability|p2a: Wo-Chien|Tablets of Ruin\n|turn|6\n|\n|t:|1681912957\n|switch|p1a: Chien-Pao|Chien-Pao, L50|100\/100\n|-ability|p1a: Chien-Pao|Sword of Ruin\n|switch|p2b: Armarouge|Armarouge, L50, F, shiny|78\/100\n|move|p2a: Wo-Chien|Protect|p2a: Wo-Chien\n|-singleturn|p2a: Wo-Chien|Protect\n|move|p1b: Pelipper|Hurricane|p2a: Wo-Chien\n|-activate|p2a: Wo-Chien|move: Protect\n|\n|-weather|RainDance|[upkeep]\n|-heal|p2a: Wo-Chien|49\/100|[from] item: Leftovers\n|upkeep\n|turn|7\n|\n|t:|1681912982\n|switch|p2b: Indeedee|Indeedee-F, L50, F, shiny|51\/100\n|-fieldstart|move: Psychic Terrain|[from] ability: Psychic Surge|[of] p2b: Indeedee\n|-terastallize|p2a: Wo-Chien|Poison\n|move|p1a: Chien-Pao|Throat Chop|p2b: Indeedee\n|-supereffective|p2b: Indeedee\n|-damage|p2b: Indeedee|0 fnt\n|faint|p2b: Indeedee\n|move|p2a: Wo-Chien|Leech Seed|p1b: Pelipper\n|-start|p1b: Pelipper|move: Leech Seed\n|move|p1b: Pelipper|Hurricane|p2a: Wo-Chien\n|-damage|p2a: Wo-Chien|20\/100\n|-start|p2a: Wo-Chien|confusion\n|\n|-weather|RainDance|[upkeep]\n|-heal|p2a: Wo-Chien|27\/100|[from] item: Leftovers\n|-damage|p1b: Pelipper|88\/100|[from] Leech Seed|[of] p2a: Wo-Chien\n|-heal|p2a: Wo-Chien|36\/100|[silent]\n|upkeep\n|\n|t:|1681912998\n|switch|p2b: Armarouge|Armarouge, L50, F, shiny|78\/100\n|turn|8\n|\n|t:|1681913012\n|-activate|p2a: Wo-Chien|confusion\n|-damage|p2a: Wo-Chien|32\/100|[from] confusion\n|move|p2b: Armarouge|Protect|p2b: Armarouge\n|-singleturn|p2b: Armarouge|Protect\n|move|p1a: Chien-Pao|Ice Spinner|p2a: Wo-Chien\n|-damage|p2a: Wo-Chien|5\/100\n|-fieldend|move: Psychic Terrain\n|move|p1b: Pelipper|Hurricane|p2a: Wo-Chien\n|-damage|p2a: Wo-Chien|0 fnt\n|faint|p2a: Wo-Chien\n|\n|-weather|RainDance|[upkeep]\n|upkeep\n|turn|9\n|-message|Luso13 forfeited.\n|\n|win|PokemonJeffVGC\n|raw|PokemonJeffVGC's rating: 1054 → 1088<\/strong> (+34 for winning)\n|raw|Luso13's rating: 1079 → 1056<\/strong> (-23 for losing)\n|l|\u2606Luso13\n|c|\u2606PokemonJeffVGC|gg\n|l|\u2606PokemonJeffVGC\n|j|\u2606PokemonJeffVGC\n|player|p1|PokemonJeffVGC|volo\n","uploadtime":1681913090,"views":7,"p1id":"pokemonjeffvgc","p2id":"luso13","formatid":"gen9vgc2023regulationc","rating":1056,"private":0,"password":""}