{"id":"gen9vgc2023regulationc-1858234914","p1":"Mike2811","p2":"McMarc27","format":"[Gen 9] VGC 2023 Regulation C","log":"|j|\u2606Mike2811\n|j|\u2606McMarc27\n|t:|1683293854\n|gametype|doubles\n|player|p1|Mike2811|2|1027\n|player|p2|McMarc27|170|1031\n|teamsize|p1|6\n|teamsize|p2|6\n|gen|9\n|tier|[Gen 9] VGC 2023 Regulation C\n|rated|\n|rule|Species Clause: Limit one of each Pok\u00e9mon\n|rule|Item Clause: Limit one of each item\n|clearpoke\n|poke|p1|Mimikyu, L50, M|\n|poke|p1|Mabosstiff, L50, F|\n|poke|p1|Garganacl, L50, F|\n|poke|p1|Wo-Chien, L50|\n|poke|p1|Gothitelle, L50, M|\n|poke|p1|Volcarona, L50, F|\n|poke|p2|Ceruledge, L50, M|\n|poke|p2|Kingambit, L50, M|\n|poke|p2|Great Tusk, L50|\n|poke|p2|Rotom-Wash, L50|\n|poke|p2|Noivern, L50, M|\n|poke|p2|Amoonguss, L50, M|\n|teampreview|4\n|\n|t:|1683293902\n|start\n|switch|p1a: Mimikyu|Mimikyu, L50, M|100\/100\n|switch|p1b: Mabosstiff|Mabosstiff, L50, F|100\/100\n|switch|p2a: Ceruledge|Ceruledge, L50, M, shiny|100\/100\n|switch|p2b: Rotom|Rotom-Wash, L50, shiny|100\/100\n|turn|1\n|\n|t:|1683293920\n|-terastallize|p2a: Ceruledge|Steel\n|move|p1b: Mabosstiff|Jaw Lock|p2b: Rotom\n|-damage|p2b: Rotom|52\/100\n|-activate|p1b: Mabosstiff|trapped\n|-activate|p2b: Rotom|trapped\n|move|p1a: Mimikyu|Curse|p2b: Rotom\n|-start|p2b: Rotom|Curse|[of] p1a: Mimikyu\n|-damage|p1a: Mimikyu|50\/100\n|-enditem|p1a: Mimikyu|Sitrus Berry|[eat]\n|-heal|p1a: Mimikyu|75\/100|[from] item: Sitrus Berry\n|move|p2a: Ceruledge|Bitter Blade|p1b: Mabosstiff\n|-damage|p1b: Mabosstiff|20\/100\n|-damage|p2a: Ceruledge|91\/100|[from] item: Life Orb\n|move|p2b: Rotom|Will-O-Wisp|p1a: Mimikyu\n|-status|p1a: Mimikyu|brn\n|\n|-heal|p2b: Rotom|58\/100|[from] item: Leftovers\n|-damage|p1a: Mimikyu|69\/100 brn|[from] brn\n|-damage|p2b: Rotom|33\/100|[from] Curse\n|upkeep\n|turn|2\n|\n|t:|1683293965\n|move|p2a: Ceruledge|Shadow Sneak|p1a: Mimikyu\n|-activate|p1a: Mimikyu|ability: Disguise\n|-damage|p1a: Mimikyu|69\/100 brn\n|detailschange|p1a: Mimikyu|Mimikyu-Busted, L50, M\n|-damage|p1a: Mimikyu|57\/100 brn|[from] pokemon: Mimikyu-Busted\n|-damage|p2a: Ceruledge|81\/100|[from] item: Life Orb\n|move|p1b: Mabosstiff|Jaw Lock|p2a: Ceruledge\n|-damage|p2a: Ceruledge|26\/100\n|-activate|p2a: Ceruledge|trapped\n|move|p1a: Mimikyu|Curse|p2a: Ceruledge\n|-start|p2a: Ceruledge|Curse|[of] p1a: Mimikyu\n|-damage|p1a: Mimikyu|7\/100 brn\n|move|p2b: Rotom|Hydro Pump|p1a: Mimikyu\n|-damage|p1a: Mimikyu|0 fnt\n|faint|p1a: Mimikyu\n|\n|-heal|p2b: Rotom|39\/100|[from] item: Leftovers\n|-damage|p2a: Ceruledge|1\/100|[from] Curse\n|-damage|p2b: Rotom|14\/100|[from] Curse\n|upkeep\n|\n|t:|1683293986\n|switch|p1a: Wo-Chien|Wo-Chien, L50|100\/100\n|-ability|p1a: Wo-Chien|Tablets of Ruin\n|turn|3\n|\n|t:|1683294006\n|move|p1a: Wo-Chien|Protect|p1a: Wo-Chien\n|-singleturn|p1a: Wo-Chien|Protect\n|move|p1b: Mabosstiff|Jaw Lock|p2b: Rotom\n|-damage|p2b: Rotom|0 fnt\n|faint|p2b: Rotom\n|move|p2a: Ceruledge|Bitter Blade|p1a: Wo-Chien\n|-activate|p1a: Wo-Chien|move: Protect\n|\n|-damage|p2a: Ceruledge|0 fnt|[from] Curse\n|faint|p2a: Ceruledge\n|upkeep\n|\n|t:|1683294019\n|switch|p2a: Great Tusk|Great Tusk, L50, shiny|100\/100\n|switch|p2b: Noivern|Noivern, L50, M, shiny|100\/100\n|turn|4\n|\n|t:|1683294043\n|move|p2a: Great Tusk|Close Combat|p1a: Wo-Chien\n|-supereffective|p1a: Wo-Chien\n|-damage|p1a: Wo-Chien|3\/100\n|-unboost|p2a: Great Tusk|def|1\n|-unboost|p2a: Great Tusk|spd|1\n|-enditem|p1a: Wo-Chien|Aguav Berry|[eat]\n|-heal|p1a: Wo-Chien|36\/100|[from] item: Aguav Berry\n|move|p1b: Mabosstiff|Jaw Lock|p2b: Noivern\n|-damage|p2b: Noivern|56\/100\n|-activate|p1b: Mabosstiff|trapped\n|-activate|p2b: Noivern|trapped\n|move|p2b: Noivern|Hyper Voice|p1b: Mabosstiff|[spread] p1a,p1b\n|-damage|p1a: Wo-Chien|26\/100\n|-damage|p1b: Mabosstiff|0 fnt\n|faint|p1b: Mabosstiff\n|move|p1a: Wo-Chien|Leech Seed|p2a: Great Tusk\n|-start|p2a: Great Tusk|move: Leech Seed\n|\n|-damage|p2a: Great Tusk|88\/100|[from] Leech Seed|[of] p1a: Wo-Chien\n|-heal|p1a: Wo-Chien|38\/100|[silent]\n|upkeep\n|\n|t:|1683294058\n|switch|p1b: Gothitelle|Gothitelle, L50, M|100\/100\n|turn|5\n|\n|t:|1683294075\n|move|p1b: Gothitelle|Fake Out|p2a: Great Tusk\n|-damage|p2a: Great Tusk|84\/100\n|cant|p2a: Great Tusk|flinch\n|move|p2b: Noivern|Air Slash|p1a: Wo-Chien\n|-supereffective|p1a: Wo-Chien\n|-damage|p1a: Wo-Chien|3\/100\n|move|p1a: Wo-Chien|Leech Seed|p2b: Noivern\n|-start|p2b: Noivern|move: Leech Seed\n|\n|-damage|p2a: Great Tusk|72\/100|[from] Leech Seed|[of] p1a: Wo-Chien\n|-heal|p1a: Wo-Chien|15\/100|[silent]\n|-damage|p2b: Noivern|43\/100|[from] Leech Seed|[of] p1a: Wo-Chien\n|-heal|p1a: Wo-Chien|26\/100|[silent]\n|upkeep\n|turn|6\n|\n|t:|1683294095\n|move|p1a: Wo-Chien|Protect|p1a: Wo-Chien\n|-singleturn|p1a: Wo-Chien|Protect\n|move|p2a: Great Tusk|Close Combat|p1b: Gothitelle\n|-resisted|p1b: Gothitelle\n|-damage|p1b: Gothitelle|75\/100\n|-unboost|p2a: Great Tusk|def|1\n|-unboost|p2a: Great Tusk|spd|1\n|move|p2b: Noivern|Hyper Voice|p1b: Gothitelle|[spread] p1b\n|-activate|p1a: Wo-Chien|move: Protect\n|-damage|p1b: Gothitelle|64\/100\n|move|p1b: Gothitelle|Psychic|p2a: Great Tusk\n|-supereffective|p2a: Great Tusk\n|-damage|p2a: Great Tusk|0 fnt\n|faint|p2a: Great Tusk\n|-end|p2a: Great Tusk|Protosynthesis|[silent]\n|\n|-damage|p2b: Noivern|30\/100|[from] Leech Seed|[of] p1a: Wo-Chien\n|-heal|p1a: Wo-Chien|36\/100|[silent]\n|upkeep\n|turn|7\n|\n|t:|1683294124\n|-terastallize|p1a: Wo-Chien|Poison\n|move|p2b: Noivern|Air Slash|p1a: Wo-Chien\n|-damage|p1a: Wo-Chien|18\/100\n|move|p1a: Wo-Chien|Foul Play|p2b: Noivern\n|-damage|p2b: Noivern|4\/100\n|move|p1b: Gothitelle|Psychic|p2b: Noivern\n|-damage|p2b: Noivern|0 fnt\n|faint|p2b: Noivern\n|\n|win|Mike2811\n|raw|Mike2811's rating: 1027 → 1063<\/strong> (+36 for winning)\n|raw|McMarc27's rating: 1031 → 1016<\/strong> (-15 for losing)\n","uploadtime":1683294135,"views":12,"p1id":"mike2811","p2id":"mcmarc27","formatid":"gen9vgc2023regulationc","rating":1016,"private":0,"password":""}