{"id":"gen9vgc2023regulationc-1861709685","p1":"Fireboule","p2":"Arcacagne","format":"[Gen 9] VGC 2023 Regulation C","log":"|j|\u2606Fireboule\n|j|\u2606Arcacagne\n|t:|1683798095\n|gametype|doubles\n|player|p1|Fireboule|rocketgruntf|1368\n|player|p2|Arcacagne|102|1395\n|teamsize|p1|6\n|teamsize|p2|6\n|gen|9\n|tier|[Gen 9] VGC 2023 Regulation C\n|rated|\n|rule|Species Clause: Limit one of each Pok\u00e9mon\n|rule|Item Clause: Limit one of each item\n|clearpoke\n|poke|p1|Torkoal, L50, F|\n|poke|p1|Jumpluff, L50, M|\n|poke|p1|Flutter Mane, L50|\n|poke|p1|Great Tusk, L50|\n|poke|p1|Chien-Pao, L50|\n|poke|p1|Kingambit, L50, F|\n|poke|p2|Chi-Yu, L50|\n|poke|p2|Flutter Mane, L50|\n|poke|p2|Amoonguss, L50, M|\n|poke|p2|Ting-Lu, L50|\n|poke|p2|Iron Hands, L50|\n|poke|p2|Gyarados, L50, M|\n|teampreview|4\n|inactive|Battle timer is ON: inactive players will automatically lose when time's up. (requested by Arcacagne)\n|\n|t:|1683798131\n|start\n|switch|p1a: Great Tusk|Great Tusk, L50|100\/100\n|switch|p1b: Chien-Pao|Chien-Pao, L50|100\/100\n|switch|p2a: Chi-Yu|Chi-Yu, L50|100\/100\n|switch|p2b: Amoonguss|Amoonguss, L50, M|100\/100\n|-ability|p1b: Chien-Pao|Sword of Ruin\n|-ability|p2a: Chi-Yu|Beads of Ruin\n|turn|1\n|inactive|Arcacagne has 30 seconds left.\n|inactive|Arcacagne has 20 seconds left.\n|\n|t:|1683798169\n|switch|p2b: Gyarados|Gyarados, L50, M|100\/100\n|-ability|p2b: Gyarados|Intimidate|boost\n|-unboost|p1a: Great Tusk|atk|1\n|-unboost|p1b: Chien-Pao|atk|1\n|-terastallize|p1b: Chien-Pao|Flying\n|-terastallize|p2a: Chi-Yu|Water\n|move|p1a: Great Tusk|Earthquake|p2a: Chi-Yu|[spread] p2a\n|-immune|p1b: Chien-Pao\n|-immune|p2b: Gyarados\n|-damage|p2a: Chi-Yu|58\/100\n|move|p1b: Chien-Pao|Ice Spinner|p2a: Chi-Yu\n|-resisted|p2a: Chi-Yu\n|-damage|p2a: Chi-Yu|34\/100\n|move|p2a: Chi-Yu|Heat Wave|p1a: Great Tusk|[spread] p1a,p1b\n|-crit|p1b: Chien-Pao\n|-damage|p1a: Great Tusk|35\/100\n|-enditem|p1b: Chien-Pao|Focus Sash\n|-damage|p1b: Chien-Pao|1\/100\n|-status|p1a: Great Tusk|brn\n|\n|-damage|p1a: Great Tusk|29\/100 brn|[from] brn\n|upkeep\n|turn|2\n|inactive|Fireboule has 30 seconds left.\n|inactive|Arcacagne has 30 seconds left.\n|inactive|Fireboule has 20 seconds left.\n|\n|t:|1683798204\n|move|p1b: Chien-Pao|Protect|p1b: Chien-Pao\n|-singleturn|p1b: Chien-Pao|Protect\n|move|p2a: Chi-Yu|Protect|p2a: Chi-Yu\n|-singleturn|p2a: Chi-Yu|Protect\n|move|p1a: Great Tusk|Earthquake|p2a: Chi-Yu|[spread] \n|-activate|p1b: Chien-Pao|move: Protect\n|-activate|p2a: Chi-Yu|move: Protect\n|-immune|p2b: Gyarados\n|move|p2b: Gyarados|Waterfall|p1b: Chien-Pao\n|-activate|p1b: Chien-Pao|move: Protect\n|\n|-damage|p1a: Great Tusk|24\/100 brn|[from] brn\n|upkeep\n|turn|3\n|\n|t:|1683798229\n|switch|p2a: Iron Hands|Iron Hands, L50|100\/100\n|move|p1a: Great Tusk|Earthquake|p2a: Iron Hands|[spread] p2a\n|-immune|p1b: Chien-Pao\n|-immune|p2b: Gyarados\n|-supereffective|p2a: Iron Hands\n|-damage|p2a: Iron Hands|77\/100\n|move|p1b: Chien-Pao|Taunt|p2b: Gyarados\n|-start|p2b: Gyarados|move: Taunt\n|move|p2b: Gyarados|Waterfall|p1b: Chien-Pao\n|-damage|p1b: Chien-Pao|0 fnt\n|faint|p1b: Chien-Pao\n|\n|-damage|p1a: Great Tusk|18\/100 brn|[from] brn\n|upkeep\n|inactive|Fireboule has 30 seconds left.\n|inactive|Fireboule has 20 seconds left.\n|inactive|Fireboule has 15 seconds left.\n|inactive|Fireboule has 10 seconds left.\n|inactive|Fireboule has 5 seconds left.\n|\n|t:|1683798284\n|switch|p1b: Flutter Mane|Flutter Mane, L50|100\/100\n|turn|4\n|\n|t:|1683798304\n|-end|p1a: Great Tusk|Protosynthesis|[silent]\n|switch|p1a: Jumpluff|Jumpluff, L50, M|100\/100\n|-end|p2a: Iron Hands|Quark Drive|[silent]\n|switch|p2a: Amoonguss|Amoonguss, L50, M|100\/100\n|move|p1b: Flutter Mane|Moonblast|p2a: Amoonguss\n|-resisted|p2a: Amoonguss\n|-damage|p2a: Amoonguss|69\/100\n|move|p2b: Gyarados|Waterfall|p1b: Flutter Mane\n|-damage|p1b: Flutter Mane|44\/100\n|\n|upkeep\n|turn|5\n|inactive|Fireboule has 30 seconds left.\n|inactive|Arcacagne has 30 seconds left.\n|inactive|Arcacagne has 20 seconds left.\n|inactive|Arcacagne has 15 seconds left.\n|\n|t:|1683798344\n|-end|p1b: Flutter Mane|Protosynthesis|[silent]\n|switch|p1b: Great Tusk|Great Tusk, L50|18\/100 brn\n|move|p1a: Jumpluff|Sleep Powder|p2b: Gyarados\n|-status|p2b: Gyarados|slp|[from] move: Sleep Powder\n|-enditem|p2b: Gyarados|Lum Berry|[eat]\n|-curestatus|p2b: Gyarados|slp|[msg]\n|move|p2b: Gyarados|Waterfall|p1b: Great Tusk\n|-supereffective|p1b: Great Tusk\n|-damage|p1b: Great Tusk|0 fnt\n|faint|p1b: Great Tusk\n|-end|p1b: Great Tusk|Protosynthesis|[silent]\n|move|p2a: Amoonguss|Pollen Puff|p2b: Gyarados\n|-immune|p2b: Gyarados\n|\n|-end|p2b: Gyarados|move: Taunt\n|upkeep\n|\n|t:|1683798358\n|switch|p1b: Flutter Mane|Flutter Mane, L50|44\/100\n|turn|6\n|\n|t:|1683798373\n|switch|p2b: Chi-Yu|Chi-Yu, L50, tera:Water|34\/100\n|-ability|p2b: Chi-Yu|Beads of Ruin\n|move|p1b: Flutter Mane|Shadow Ball|p2a: Amoonguss\n|-damage|p2a: Amoonguss|1\/100\n|-unboost|p2a: Amoonguss|spd|1\n|-enditem|p2a: Amoonguss|Sitrus Berry|[eat]\n|-heal|p2a: Amoonguss|26\/100|[from] item: Sitrus Berry\n|move|p1a: Jumpluff|Sleep Powder|p2b: Chi-Yu\n|-activate|p2b: Chi-Yu|item: Safety Goggles|Sleep Powder\n|move|p2a: Amoonguss|Spore|p1b: Flutter Mane\n|-status|p1b: Flutter Mane|slp|[from] move: Spore\n|\n|upkeep\n|turn|7\n|\n|t:|1683798396\n|switch|p2a: Iron Hands|Iron Hands, L50|77\/100\n|cant|p1b: Flutter Mane|slp\n|move|p1a: Jumpluff|Leaf Storm|p2b: Chi-Yu\n|-supereffective|p2b: Chi-Yu\n|-damage|p2b: Chi-Yu|0 fnt\n|-unboost|p1a: Jumpluff|spa|2\n|faint|p2b: Chi-Yu\n|\n|upkeep\n|\n|t:|1683798409\n|switch|p2b: Amoonguss|Amoonguss, L50, M|59\/100\n|turn|8\n|\n|t:|1683798424\n|move|p2a: Iron Hands|Fake Out|p1a: Jumpluff\n|-damage|p1a: Jumpluff|86\/100\n|cant|p1b: Flutter Mane|slp\n|move|p1a: Jumpluff|Sleep Powder|p2a: Iron Hands|[miss]\n|-miss|p1a: Jumpluff|p2a: Iron Hands\n|move|p2b: Amoonguss|Clear Smog|p1b: Flutter Mane\n|-damage|p1b: Flutter Mane|27\/100 slp\n|-clearboost|p1b: Flutter Mane\n|\n|upkeep\n|turn|9\n|\n|t:|1683798447\n|-end|p2a: Iron Hands|Quark Drive|[silent]\n|switch|p2a: Gyarados|Gyarados, L50, M|100\/100\n|-ability|p2a: Gyarados|Intimidate|boost\n|-unboost|p1a: Jumpluff|atk|1\n|-unboost|p1b: Flutter Mane|atk|1\n|cant|p1b: Flutter Mane|slp\n|move|p1a: Jumpluff|Sleep Powder|p2a: Gyarados\n|-status|p2a: Gyarados|slp|[from] move: Sleep Powder\n|move|p2b: Amoonguss|Spore|p1b: Flutter Mane\n|-fail|p1b: Flutter Mane|slp\n|\n|upkeep\n|turn|10\n|inactive|Arcacagne has 30 seconds left.\n|\n|t:|1683798475\n|cant|p2a: Gyarados|slp\n|-curestatus|p1b: Flutter Mane|slp|[msg]\n|move|p1b: Flutter Mane|Shadow Ball|p2b: Amoonguss\n|-damage|p2b: Amoonguss|7\/100\n|move|p1a: Jumpluff|Encore|p2b: Amoonguss\n|-start|p2b: Amoonguss|Encore\n|move|p2b: Amoonguss|Spore|p1b: Flutter Mane\n|-status|p1b: Flutter Mane|slp|[from] move: Spore\n|\n|upkeep\n|turn|11\n|\n|t:|1683798495\n|switch|p2b: Iron Hands|Iron Hands, L50|77\/100\n|cant|p1b: Flutter Mane|slp\n|move|p1a: Jumpluff|Leaf Storm|p2b: Iron Hands\n|-damage|p2b: Iron Hands|67\/100\n|-unboost|p1a: Jumpluff|spa|2\n|cant|p2a: Gyarados|slp\n|\n|upkeep\n|turn|12\n|\n|t:|1683798518\n|cant|p1b: Flutter Mane|slp\n|move|p1a: Jumpluff|Sleep Powder|p2b: Iron Hands|[miss]\n|-miss|p1a: Jumpluff|p2b: Iron Hands\n|-curestatus|p2a: Gyarados|slp|[msg]\n|move|p2a: Gyarados|Waterfall|p1b: Flutter Mane\n|-damage|p1b: Flutter Mane|0 fnt\n|faint|p1b: Flutter Mane\n|-end|p1b: Flutter Mane|Protosynthesis|[silent]\n|move|p2b: Iron Hands|Thunder Punch|p1a: Jumpluff\n|-damage|p1a: Jumpluff|46\/100\n|\n|upkeep\n|turn|13\n|-message|Fireboule forfeited.\n|\n|win|Arcacagne\n|raw|Fireboule's rating: 1368 → 1350<\/strong> (-18 for losing)\n|raw|Arcacagne's rating: 1395 → 1413<\/strong> (+18 for winning)\n|l|\u2606Fireboule\n","uploadtime":1683798536,"views":25,"p1id":"fireboule","p2id":"arcacagne","formatid":"gen9vgc2023regulationc","rating":1350,"private":0,"password":""}