{"id":"gen9vgc2023regulationc-1848340687","p1":"itsxaver","p2":"miauser30","format":"[Gen 9] VGC 2023 Regulation C","log":"|j|\u2606itsxaver\n|j|\u2606miauser30\n|t:|1682063404\n|gametype|doubles\n|player|p1|itsxaver|jogger|1541\n|player|p2|miauser30|101|1685\n|teamsize|p1|6\n|teamsize|p2|6\n|gen|9\n|tier|[Gen 9] VGC 2023 Regulation C\n|rated|\n|rule|Species Clause: Limit one of each Pok\u00e9mon\n|rule|Item Clause: Limit one of each item\n|clearpoke\n|poke|p1|Dragonite, L50, F|\n|poke|p1|Glimmora, L50, M|\n|poke|p1|Chien-Pao, L50|\n|poke|p1|Ting-Lu, L50|\n|poke|p1|Gyarados, L50, F|\n|poke|p1|Corviknight, L50, M|\n|poke|p2|Amoonguss, L50, F|\n|poke|p2|Roaring Moon, L50|\n|poke|p2|Arcanine, L50, F|\n|poke|p2|Azumarill, L50, M|\n|poke|p2|Ting-Lu, L50|\n|poke|p2|Gholdengo, L50|\n|teampreview|4\nmiauser30 has agreed to open team sheets.\n|inactive|Battle timer is ON: inactive players will automatically lose when time's up. (requested by miauser30)\n|\n|t:|1682063453\n|start\n|switch|p1a: Corviknight|Corviknight, L50, M|100\/100\n|switch|p1b: Glimmora|Glimmora, L50, M|100\/100\n|switch|p2a: Roaring Moon|Roaring Moon, L50|100\/100\n|switch|p2b: Ting-Lu|Ting-Lu, L50|100\/100\n|-ability|p2b: Ting-Lu|Vessel of Ruin\n|-enditem|p2a: Roaring Moon|Booster Energy\n|-activate|p2a: Roaring Moon|ability: Protosynthesis|[fromitem]\n|-start|p2a: Roaring Moon|protosynthesisatk\n|turn|1\n|j| akalenVCG\n|inactive|miauser30 has 30 seconds left.\n|\n|t:|1682063484\n|switch|p1a: Gyarados|Gyarados, L50, F|100\/100\n|-ability|p1a: Gyarados|Intimidate|boost\n|-unboost|p2a: Roaring Moon|atk|1\n|-unboost|p2b: Ting-Lu|atk|1\n|-terastallize|p1b: Glimmora|Grass\n|move|p2a: Roaring Moon|Tailwind|p2a: Roaring Moon\n|-sidestart|p2: miauser30|move: Tailwind\n|move|p2b: Ting-Lu|Stealth Rock|p1a: Gyarados\n|-sidestart|p1: itsxaver|move: Stealth Rock\n|move|p1b: Glimmora|Mortal Spin|p2b: Ting-Lu|[spread] p2a,p2b\n|-resisted|p2b: Ting-Lu\n|-damage|p2a: Roaring Moon|95\/100\n|-damage|p2b: Ting-Lu|99\/100\n|-status|p2a: Roaring Moon|psn\n|-status|p2b: Ting-Lu|psn\n|-enditem|p2b: Ting-Lu|Lum Berry|[eat]\n|-curestatus|p2b: Ting-Lu|psn|[msg]\n|-sideend|p1: itsxaver|Stealth Rock|[from] move: Mortal Spin|[of] p1b: Glimmora\n|\n|-damage|p2a: Roaring Moon|83\/100 psn|[from] psn\n|upkeep\n|turn|2\n|inactive|itsxaver has 30 seconds left.\n|\n|t:|1682063519\n|-terastallize|p2b: Ting-Lu|Water\n|move|p2a: Roaring Moon|Acrobatics|p1b: Glimmora\n|-supereffective|p1b: Glimmora\n|-damage|p1b: Glimmora|49\/100\n|-activate|p1b: Glimmora|ability: Toxic Debris\n|-sidestart|p2: miauser30|move: Toxic Spikes\n|move|p2b: Ting-Lu|Ruination|p1a: Gyarados\n|-damage|p1a: Gyarados|50\/100\n|move|p1b: Glimmora|Power Gem|p2a: Roaring Moon\n|-damage|p2a: Roaring Moon|59\/100 psn\n|move|p1a: Gyarados|Earthquake|p2b: Ting-Lu|[spread] p1b,p2a,p2b\n|-resisted|p1b: Glimmora\n|-damage|p1b: Glimmora|40\/100\n|-damage|p2a: Roaring Moon|33\/100 psn\n|-damage|p2b: Ting-Lu|87\/100\n|-activate|p1b: Glimmora|ability: Toxic Debris\n|-sidestart|p2: miauser30|move: Toxic Spikes\n|\n|-damage|p2a: Roaring Moon|21\/100 psn|[from] psn\n|upkeep\n|turn|3\n|inactive|itsxaver has 30 seconds left.\n|inactive|miauser30 has 30 seconds left.\n|inactive|itsxaver has 20 seconds left.\n|inactive|miauser30 has 20 seconds left.\n|inactive|itsxaver has 15 seconds left.\n|inactive|itsxaver has 10 seconds left.\n|inactive|itsxaver has 5 seconds left.\n|\n|t:|1682063570\n|-end|p2a: Roaring Moon|Protosynthesis|[silent]\n|switch|p2a: Azumarill|Azumarill, L50, M|100\/100\n|-status|p2a: Azumarill|tox\n|move|p2b: Ting-Lu|Ruination|p1b: Glimmora\n|-damage|p1b: Glimmora|20\/100\n|move|p1b: Glimmora|Mortal Spin|p2a: Azumarill|[spread] p2a,p2b\n|-supereffective|p2a: Azumarill\n|-damage|p2a: Azumarill|91\/100 tox\n|-damage|p2b: Ting-Lu|84\/100\n|-status|p2b: Ting-Lu|psn\n|move|p1a: Gyarados|Earthquake|p2b: Ting-Lu|[spread] p1b,p2a,p2b\n|-resisted|p1b: Glimmora\n|-damage|p1b: Glimmora|10\/100\n|-damage|p2a: Azumarill|68\/100 tox\n|-damage|p2b: Ting-Lu|72\/100 psn\n|\n|-damage|p2a: Azumarill|62\/100 tox|[from] psn\n|-damage|p2b: Ting-Lu|59\/100 psn|[from] psn\n|upkeep\n|turn|4\n|\n|t:|1682063589\n|move|p1a: Gyarados|Protect|p1a: Gyarados\n|-singleturn|p1a: Gyarados|Protect\n|move|p2a: Azumarill|Play Rough|p1a: Gyarados\n|-activate|p1a: Gyarados|move: Protect\n|move|p2b: Ting-Lu|Heavy Slam|p1b: Glimmora\n|-damage|p1b: Glimmora|0 fnt\n|faint|p1b: Glimmora\n|\n|-damage|p2a: Azumarill|50\/100 tox|[from] psn\n|-damage|p2b: Ting-Lu|47\/100 psn|[from] psn\n|-sideend|p2: miauser30|move: Tailwind\n|upkeep\n|\n|t:|1682063602\n|switch|p1b: Corviknight|Corviknight, L50, M|100\/100\n|turn|5\n|\n|t:|1682063612\n|move|p1a: Gyarados|Earthquake|p2a: Azumarill|[spread] p2a,p2b\n|-immune|p1b: Corviknight\n|-damage|p2a: Azumarill|27\/100 tox\n|-damage|p2b: Ting-Lu|34\/100 psn\n|move|p1b: Corviknight|Brave Bird|p2b: Ting-Lu\n|-damage|p2b: Ting-Lu|0 fnt\n|faint|p2b: Ting-Lu\n|-damage|p1b: Corviknight|86\/100|[from] Recoil\n|move|p2a: Azumarill|Play Rough|p1a: Gyarados\n|-damage|p1a: Gyarados|0 fnt\n|faint|p1a: Gyarados\n|\n|-damage|p2a: Azumarill|9\/100 tox|[from] psn\n|upkeep\n|\n|t:|1682063632\n|switch|p1a: Ting-Lu|Ting-Lu, L50|100\/100\n|switch|p2b: Arcanine|Arcanine, L50, F|100\/100\n|-status|p2b: Arcanine|tox\n|-ability|p2b: Arcanine|Intimidate|boost\n|-unboost|p1a: Ting-Lu|atk|1\n|-ability|p1b: Corviknight|Mirror Armor\n|-unboost|p2b: Arcanine|atk|1\n|-ability|p1a: Ting-Lu|Vessel of Ruin\n|turn|6\n|\n|t:|1682063655\n|switch|p2a: Roaring Moon|Roaring Moon, L50|21\/100 psn\n|move|p1a: Ting-Lu|Protect|p1a: Ting-Lu\n|-singleturn|p1a: Ting-Lu|Protect\n|move|p2b: Arcanine|Will-O-Wisp|p1a: Ting-Lu\n|-activate|p1a: Ting-Lu|move: Protect\n|move|p1b: Corviknight|Brave Bird|p2b: Arcanine\n|-damage|p2b: Arcanine|19\/100 tox\n|-damage|p1b: Corviknight|57\/100|[from] Recoil\n|\n|-damage|p2a: Roaring Moon|9\/100 psn|[from] psn\n|-damage|p2b: Arcanine|13\/100 tox|[from] psn\n|upkeep\n|turn|7\n|inactive|itsxaver has 30 seconds left.\n|\n|t:|1682063683\n|move|p2a: Roaring Moon|Acrobatics|p1a: Ting-Lu\n|-damage|p1a: Ting-Lu|83\/100\n|move|p2b: Arcanine|Flare Blitz|p1b: Corviknight\n|-supereffective|p1b: Corviknight\n|-damage|p1b: Corviknight|6\/100\n|-damage|p2b: Arcanine|0 fnt|[from] Recoil\n|faint|p2b: Arcanine\n|move|p1b: Corviknight|Brave Bird|p2a: Roaring Moon\n|-damage|p2a: Roaring Moon|0 fnt\n|faint|p2a: Roaring Moon\n|-end|p2a: Roaring Moon|Protosynthesis|[silent]\n|-damage|p1b: Corviknight|3\/100|[from] Recoil\n|move|p1a: Ting-Lu|Earthquake|p1b: Corviknight\n|-immune|p1b: Corviknight\n|\n|-heal|p1a: Ting-Lu|89\/100|[from] item: Leftovers\n|upkeep\n|\n|t:|1682063691\n|switch|p2b: Azumarill|Azumarill, L50, M|9\/100 tox\n|turn|8\n|-message|miauser30 forfeited.\n|\n|win|itsxaver\n|raw|itsxaver's rating: 1541 → 1569<\/strong> (+28 for winning)\n|raw|miauser30's rating: 1685 → 1657<\/strong> (-28 for losing)\n|l|\u2606itsxaver\n","uploadtime":1682063704,"views":6,"p1id":"itsxaver","p2id":"miauser30","formatid":"gen9vgc2023regulationc","rating":1569,"private":0,"password":""}