{"id":"gen9vgc2023regulationc-1859893460","p1":"Frozen Limevolt","p2":"dwifwoon","format":"[Gen 9] VGC 2023 Regulation C","log":"|j|\u2606Frozen Limevolt\n|j|\u2606dwifwoon\n|t:|1683573458\n|gametype|doubles\n|player|p1|Frozen Limevolt|266|\n|player|p2|dwifwoon|schoolkidf-gen4|\n|teamsize|p1|6\n|teamsize|p2|6\n|gen|9\n|tier|[Gen 9] VGC 2023 Regulation C\n|rule|Species Clause: Limit one of each Pok\u00e9mon\n|rule|Item Clause: Limit one of each item\n|clearpoke\n|poke|p1|Flutter Mane, L50|\n|poke|p1|Clodsire, L50, M|\n|poke|p1|Toedscruel, L50, M|\n|poke|p1|Gothitelle, L50, F|\n|poke|p1|Tauros-Paldea-Combat, L50, M|\n|poke|p1|Flareon, L50, M|\n|poke|p2|Roaring Moon, L50|\n|poke|p2|Camerupt, L50, F|\n|poke|p2|Rotom-Mow, L50|\n|poke|p2|Gyarados, L50, F|\n|poke|p2|Revavroom, L50, F|\n|poke|p2|Toxicroak, L50, F|\n|teampreview|4\n|c|\u2606dwifwoon|g1\nFrozen Limevolt rejected open team sheets.\n|c|\u2606dwifwoon|ready?\n|c|\u2606Frozen Limevolt|glhf\n|c|\u2606Frozen Limevolt|ye\n|inactive|Battle timer is ON: inactive players will automatically lose when time's up. (requested by dwifwoon)\n|c|\u2606dwifwoon|u2\n|inactive|Frozen Limevolt has 60 seconds left.\n|\n|t:|1683573532\n|start\n|switch|p1a: Zapdoss|Flareon, L50, M|100\/100\n|switch|p1b: The peeper|Gothitelle, L50, F|100\/100\n|switch|p2a: Singularity|Roaring Moon, L50|100\/100\n|switch|p2b: True Faith|Revavroom, L50, F|100\/100\n|-enditem|p2a: Singularity|Booster Energy\n|-activate|p2a: Singularity|ability: Protosynthesis|[fromitem]\n|-start|p2a: Singularity|protosynthesisspe\n|turn|1\n|\n|t:|1683573557\n|-terastallize|p1a: Zapdoss|Fairy\n|move|p2a: Singularity|Protect|p2a: Singularity\n|-singleturn|p2a: Singularity|Protect\n|move|p1b: The peeper|Fake Out|p2a: Singularity\n|-activate|p2a: Singularity|move: Protect\n|move|p1a: Zapdoss|Tera Blast|p2a: Singularity\n|-activate|p2a: Singularity|move: Protect\n|move|p2b: True Faith|Parting Shot|p1b: The peeper\n|-unboost|p1b: The peeper|atk|1\n|-unboost|p1b: The peeper|spa|1\n|\n|t:|1683573567\n|switch|p2b: Sunrise|Camerupt, L50, F|100\/100|[from] Parting Shot\n|\n|upkeep\n|turn|2\n|\n|t:|1683573573\n|switch|p1b: Tapu Finii|Clodsire, L50, M|100\/100\n|-terastallize|p2b: Sunrise|Fire\n|move|p2a: Singularity|Tailwind|p2a: Singularity\n|-sidestart|p2: dwifwoon|move: Tailwind\n|move|p1a: Zapdoss|Tera Blast|p2a: Singularity\n|-supereffective|p2a: Singularity\n|-damage|p2a: Singularity|0 fnt\n|faint|p2a: Singularity\n|-end|p2a: Singularity|Protosynthesis|[silent]\n|move|p2b: Sunrise|Eruption|p1a: Zapdoss|[spread] p1b\n|-start|p1a: Zapdoss|ability: Flash Fire\n|-damage|p1b: Tapu Finii|19\/100\n|\n|-heal|p1b: Tapu Finii|25\/100|[from] item: Black Sludge\n|upkeep\n|c|\u2606dwifwoon|is that scarf\n|c|\u2606dwifwoon|you\n|c|\u2606dwifwoon|demon\n|c|\u2606Frozen Limevolt|:3\n|\n|t:|1683573592\n|switch|p2a: Blue Monday|Gyarados, L50, F|100\/100\n|-ability|p2a: Blue Monday|Intimidate|boost\n|-unboost|p1a: Zapdoss|atk|1\n|-unboost|p1b: Tapu Finii|atk|1\n|turn|3\n|\n|t:|1683573617\n|move|p1b: Tapu Finii|Protect|p1b: Tapu Finii\n|-singleturn|p1b: Tapu Finii|Protect\n|move|p2a: Blue Monday|Waterfall|p1b: Tapu Finii\n|-activate|p1b: Tapu Finii|move: Protect\n|move|p1a: Zapdoss|Tera Blast|p2a: Blue Monday\n|-damage|p2a: Blue Monday|59\/100\n|move|p2b: Sunrise|Eruption|p1b: Tapu Finii|[spread] \n|-activate|p1b: Tapu Finii|move: Protect\n|-immune|p1a: Zapdoss|[from] ability: Flash Fire\n|\n|-heal|p1b: Tapu Finii|31\/100|[from] item: Black Sludge\n|upkeep\n|turn|4\n|\n|t:|1683573632\n|move|p2a: Blue Monday|Waterfall|p1a: Zapdoss\n|-damage|p1a: Zapdoss|21\/100\n|move|p1a: Zapdoss|Tera Blast|p2a: Blue Monday\n|-damage|p2a: Blue Monday|20\/100\n|move|p2b: Sunrise|Eruption|p1b: Tapu Finii|[spread] p1b\n|-immune|p1a: Zapdoss|[from] ability: Flash Fire\n|-damage|p1b: Tapu Finii|0 fnt\n|faint|p1b: Tapu Finii\n|\n|upkeep\n|\n|t:|1683573646\n|switch|p1b: The peeper|Gothitelle, L50, F|100\/100\n|turn|5\n|\n|t:|1683573659\n|move|p2a: Blue Monday|Protect|p2a: Blue Monday\n|-singleturn|p2a: Blue Monday|Protect\n|move|p1b: The peeper|Fake Out|p2b: Sunrise\n|-damage|p2b: Sunrise|92\/100\n|move|p1a: Zapdoss|Tera Blast|p2a: Blue Monday\n|-activate|p2a: Blue Monday|move: Protect\n|cant|p2b: Sunrise|flinch\n|\n|-sideend|p2: dwifwoon|move: Tailwind\n|upkeep\n|turn|6\n|\n|t:|1683573676\n|move|p1a: Zapdoss|Tera Blast|p2a: Blue Monday\n|-damage|p2a: Blue Monday|0 fnt\n|faint|p2a: Blue Monday\n|move|p2b: Sunrise|Eruption|p1a: Zapdoss|[spread] p1b\n|-immune|p1a: Zapdoss|[from] ability: Flash Fire\n|-damage|p1b: The peeper|4\/100\n|move|p1b: The peeper|Foul Play|p2b: Sunrise\n|-damage|p2b: Sunrise|63\/100\n|\n|upkeep\n|\n|t:|1683573679\n|switch|p2a: True Faith|Revavroom, L50, F|100\/100\n|turn|7\n|\n|t:|1683573692\n|move|p1a: Zapdoss|Tera Blast|p2b: Sunrise\n|-resisted|p2b: Sunrise\n|-damage|p2b: Sunrise|42\/100\n|move|p2a: True Faith|Spin Out|p1a: Zapdoss\n|-supereffective|p1a: Zapdoss\n|-damage|p1a: Zapdoss|0 fnt\n|-unboost|p2a: True Faith|spe|2\n|faint|p1a: Zapdoss\n|move|p2b: Sunrise|Eruption|p1b: The peeper\n|-damage|p1b: The peeper|0 fnt\n|faint|p1b: The peeper\n|\n|upkeep\n|\n|t:|1683573700\n|switch|p1b: Darmanitan-Galarr|Flutter Mane, L50|100\/100\n|-enditem|p1b: Darmanitan-Galarr|Booster Energy\n|-activate|p1b: Darmanitan-Galarr|ability: Protosynthesis|[fromitem]\n|-start|p1b: Darmanitan-Galarr|protosynthesisspe\n|turn|8\n|\n|t:|1683573704\n|move|p1b: Darmanitan-Galarr|Shadow Ball|p2a: True Faith\n|-damage|p2a: True Faith|47\/100\n|move|p2b: Sunrise|Eruption|p1b: Darmanitan-Galarr\n|-damage|p1b: Darmanitan-Galarr|43\/100\n|move|p2a: True Faith|Spin Out|p1b: Darmanitan-Galarr\n|-supereffective|p1b: Darmanitan-Galarr\n|-damage|p1b: Darmanitan-Galarr|0 fnt\n|-unboost|p2a: True Faith|spe|2\n|faint|p1b: Darmanitan-Galarr\n|-end|p1b: Darmanitan-Galarr|Protosynthesis|[silent]\n|\n|win|dwifwoon\n|c|\u2606dwifwoon|ggs\n|c|\u2606Frozen Limevolt|gg\n","uploadtime":1683573916,"views":16,"p1id":"frozenlimevolt","p2id":"dwifwoon","formatid":"gen9vgc2023regulationc","rating":0,"private":0,"password":""}