{"id":"gen9vgc2023regulationc-1851789139","p1":"r3gCt3st","p2":"mugiwaraLux","format":"[Gen 9] VGC 2023 Regulation C","log":"|j|\u2606r3gCt3st\n|j|\u2606mugiwaraLux\n|t:|1682483950\n|gametype|doubles\n|player|p1|r3gCt3st|unknown|1256\n|player|p2|mugiwaraLux|1|1324\n|teamsize|p1|4\n|teamsize|p2|6\n|gen|9\n|tier|[Gen 9] VGC 2023 Regulation C\n|rated|\n|rule|Species Clause: Limit one of each Pok\u00e9mon\n|rule|Item Clause: Limit one of each item\n|clearpoke\n|poke|p1|Sandy Shocks, L50|\n|poke|p1|Pincurchin, L50, F|\n|poke|p1|Raichu, L50, F|\n|poke|p1|Gardevoir, L50, F|\n|poke|p2|Palafin, L50, F|\n|poke|p2|Amoonguss, L50, F|\n|poke|p2|Flutter Mane, L50|\n|poke|p2|Arcanine, L50, M|\n|poke|p2|Roaring Moon, L50|\n|poke|p2|Chien-Pao, L50|\n|teampreview|4\n|inactive|Battle timer is ON: inactive players will automatically lose when time's up. (requested by mugiwaraLux)\nmugiwaraLux has agreed to open team sheets.\n|inactive|mugiwaraLux has 60 seconds left.\n|\n|t:|1682483992\n|start\n|switch|p1a: Sandy Shocks|Sandy Shocks, L50|100\/100\n|switch|p1b: Pincurchin|Pincurchin, L50, F|100\/100\n|switch|p2a: Roaring Moon|Roaring Moon, L50|100\/100\n|switch|p2b: Chien-Pao|Chien-Pao, L50|100\/100\n|-ability|p2b: Chien-Pao|Sword of Ruin\n|-fieldstart|move: Electric Terrain|[from] ability: Electric Surge|[of] p1b: Pincurchin\n|-enditem|p1a: Sandy Shocks|Booster Energy\n|-activate|p1a: Sandy Shocks|ability: Protosynthesis|[fromitem]\n|-start|p1a: Sandy Shocks|protosynthesisspe\n|-enditem|p2a: Roaring Moon|Booster Energy\n|-activate|p2a: Roaring Moon|ability: Protosynthesis|[fromitem]\n|-start|p2a: Roaring Moon|protosynthesisatk\n|turn|1\n|inactive|mugiwaraLux has 30 seconds left.\n|\n|t:|1682484018\n|switch|p1b: Raichu|Raichu, L50, F|100\/100\n|move|p1a: Sandy Shocks|Discharge|p2a: Roaring Moon|[spread] p2a,p2b\n|-ability|p1b: Raichu|Lightning Rod|boost\n|-boost|p1b: Raichu|spa|1\n|-resisted|p2a: Roaring Moon\n|-damage|p2a: Roaring Moon|85\/100\n|-damage|p2b: Chien-Pao|46\/100\n|-status|p2a: Roaring Moon|par\n|-status|p2b: Chien-Pao|par\n|move|p2b: Chien-Pao|Ice Spinner|p1a: Sandy Shocks\n|-supereffective|p1a: Sandy Shocks\n|-damage|p1a: Sandy Shocks|0 fnt\n|-fieldend|move: Electric Terrain\n|faint|p1a: Sandy Shocks\n|-end|p1a: Sandy Shocks|Protosynthesis|[silent]\n|cant|p2a: Roaring Moon|par\n|\n|upkeep\n|\n|t:|1682484031\n|switch|p1a: Pincurchin|Pincurchin, L50, F|100\/100\n|-fieldstart|move: Electric Terrain|[from] ability: Electric Surge|[of] p1a: Pincurchin\n|turn|2\n|\n|t:|1682484048\n|switch|p2b: Amoonguss|Amoonguss, L50, F|100\/100\n|move|p1b: Raichu|Fake Out|p2a: Roaring Moon\n|-damage|p2a: Roaring Moon|74\/100 par\n|cant|p2a: Roaring Moon|flinch\n|move|p1a: Pincurchin|Zing Zap|p1b: Raichu\n|-activate|p1b: Raichu|ability: Lightning Rod\n|-ability|p1b: Raichu|Lightning Rod|boost\n|-boost|p1b: Raichu|spa|1\n|\n|upkeep\n|turn|3\n|\n|t:|1682484072\n|switch|p1a: Gardevoir|Gardevoir, L50, F|100\/100\n|move|p2b: Amoonguss|Rage Powder|p2b: Amoonguss\n|-singleturn|p2b: Amoonguss|move: Rage Powder\n|move|p1b: Raichu|Thunderbolt|p2b: Amoonguss\n|-resisted|p2b: Amoonguss\n|-damage|p2b: Amoonguss|65\/100\n|move|p2a: Roaring Moon|Throat Chop|p1b: Raichu\n|-enditem|p1b: Raichu|Focus Sash\n|-damage|p1b: Raichu|1\/100\n|-start|p1b: Raichu|Throat Chop|[silent]\n|\n|upkeep\n|turn|4\n|\n|t:|1682484088\n|-terastallize|p2a: Roaring Moon|Flying\n|move|p2b: Amoonguss|Rage Powder|p2b: Amoonguss\n|-singleturn|p2b: Amoonguss|move: Rage Powder\n|move|p1b: Raichu|Thunderbolt|p2b: Amoonguss\n|-resisted|p2b: Amoonguss\n|-damage|p2b: Amoonguss|28\/100\n|-enditem|p2b: Amoonguss|Sitrus Berry|[eat]\n|-heal|p2b: Amoonguss|53\/100|[from] item: Sitrus Berry\n|move|p1a: Gardevoir|Psyshock|p2b: Amoonguss\n|-supereffective|p2b: Amoonguss\n|-damage|p2b: Amoonguss|0 fnt\n|faint|p2b: Amoonguss\n|move|p2a: Roaring Moon|Throat Chop|p1b: Raichu\n|-damage|p1b: Raichu|0 fnt\n|faint|p1b: Raichu\n|\n|upkeep\n|\n|t:|1682484095\n|switch|p1b: Pincurchin|Pincurchin, L50, F|100\/100\n|switch|p2b: Palafin|Palafin, L50, F|100\/100\n|turn|5\n|\n|t:|1682484104\n|move|p2a: Roaring Moon|Protect|p2a: Roaring Moon\n|-singleturn|p2a: Roaring Moon|Protect\n|move|p1a: Gardevoir|Dazzling Gleam|p2b: Palafin|[spread] p2b\n|-activate|p2a: Roaring Moon|move: Protect\n|-damage|p2b: Palafin|68\/100\n|move|p2b: Palafin|Wave Crash|p1a: Gardevoir\n|-damage|p1a: Gardevoir|23\/100\n|-enditem|p1a: Gardevoir|Sitrus Berry|[eat]\n|-heal|p1a: Gardevoir|47\/100|[from] item: Sitrus Berry\n|-damage|p2b: Palafin|43\/100|[from] Recoil\n|move|p1b: Pincurchin|Zing Zap|p2a: Roaring Moon\n|-activate|p2a: Roaring Moon|move: Protect\n|\n|upkeep\n|turn|6\n|\n|t:|1682484113\n|move|p1a: Gardevoir|Dazzling Gleam|p2a: Roaring Moon|[spread] p2a,p2b\n|-damage|p2a: Roaring Moon|50\/100 par\n|-damage|p2b: Palafin|14\/100\n|move|p2b: Palafin|Wave Crash|p1a: Gardevoir\n|-damage|p1a: Gardevoir|0 fnt\n|faint|p1a: Gardevoir\n|-damage|p2b: Palafin|0 fnt|[from] Recoil\n|faint|p2b: Palafin\n|move|p2a: Roaring Moon|Throat Chop|p1b: Pincurchin\n|-damage|p1b: Pincurchin|32\/100\n|-start|p1b: Pincurchin|Throat Chop|[silent]\n|move|p1b: Pincurchin|Zing Zap|p2a: Roaring Moon\n|-supereffective|p2a: Roaring Moon\n|-damage|p2a: Roaring Moon|0 fnt\n|faint|p2a: Roaring Moon\n|-end|p2a: Roaring Moon|Protosynthesis|[silent]\n|-damage|p1b: Pincurchin|22\/100|[from] item: Life Orb\n|\n|-fieldend|move: Electric Terrain\n|upkeep\n|\n|t:|1682484119\n|switch|p2b: Chien-Pao|Chien-Pao, L50|46\/100 par\n|-ability|p2b: Chien-Pao|Sword of Ruin\n|turn|7\n|\n|t:|1682484130\n|move|p1b: Pincurchin|Protect|p1b: Pincurchin\n|-singleturn|p1b: Pincurchin|Protect\n|cant|p2b: Chien-Pao|par\n|\n|-end|p1b: Pincurchin|Throat Chop|[silent]\n|upkeep\n|turn|8\n|\n|t:|1682484137\n|-terastallize|p1b: Pincurchin|Dark\n|move|p1b: Pincurchin|Sucker Punch|p2b: Chien-Pao\n|-resisted|p2b: Chien-Pao\n|-damage|p2b: Chien-Pao|14\/100 par\n|-damage|p1b: Pincurchin|13\/100|[from] item: Life Orb\n|move|p2b: Chien-Pao|Ice Spinner|p1b: Pincurchin\n|-damage|p1b: Pincurchin|0 fnt\n|faint|p1b: Pincurchin\n|\n|win|mugiwaraLux\n|raw|r3gCt3st's rating: 1256 → 1236<\/strong> (-20 for losing)\n|raw|mugiwaraLux's rating: 1324 → 1340<\/strong> (+16 for winning)\n|l|\u2606r3gCt3st\n|l|\u2606mugiwaraLux\n|j|\u2606mugiwaraLux\n|player|p2|mugiwaraLux|1\n","uploadtime":1682484158,"views":10,"p1id":"r3gct3st","p2id":"mugiwaralux","formatid":"gen9vgc2023regulationc","rating":1236,"private":0,"password":""}