{"id":"gen9vgc2023regulationc-1859663258","p1":"KSunfr","p2":"LasermanZ111","format":"[Gen 9] VGC 2023 Regulation C","log":"|j|\u2606KSunfr\n|j|\u2606LasermanZ111\n|t:|1683553957\n|gametype|doubles\n|player|p1|KSunfr|2|1395\n|player|p2|LasermanZ111|red|1393\n|teamsize|p1|6\n|teamsize|p2|6\n|gen|9\n|tier|[Gen 9] VGC 2023 Regulation C\n|rated|\n|rule|Species Clause: Limit one of each Pok\u00e9mon\n|rule|Item Clause: Limit one of each item\n|clearpoke\n|poke|p1|Farigiraf, L50, F|\n|poke|p1|Chi-Yu, L50|\n|poke|p1|Stonjourner, L50, M|\n|poke|p1|Scizor, L50, M|\n|poke|p1|Flutter Mane, L50|\n|poke|p1|Murkrow, L50, M|\n|poke|p2|Chi-Yu, L50|\n|poke|p2|Flutter Mane, L50|\n|poke|p2|Corviknight, L50, M|\n|poke|p2|Abomasnow, L50, M|\n|poke|p2|Iron Hands, L50|\n|poke|p2|Gyarados, L50, M|\n|teampreview|4\n|inactive|Battle timer is ON: inactive players will automatically lose when time's up. (requested by KSunfr)\nLasermanZ111 has agreed to open team sheets.\nKSunfr has agreed to open team sheets.\n|inactive|KSunfr has 60 seconds left.\n|inactive|LasermanZ111 has 60 seconds left.\n|c|\u2606LasermanZ111|Intriguing\n|inactive|LasermanZ111 has 30 seconds left.\n|inactive|LasermanZ111 has 20 seconds left.\n|inactive|LasermanZ111 has 15 seconds left.\n|inactive|LasermanZ111 has 10 seconds left.\n|inactive|LasermanZ111 has 5 seconds left.\n|\n|t:|1683554045\n|start\n|switch|p1a: Murkrow|Murkrow, L50, M|100\/100\n|switch|p1b: Chi-Yu|Chi-Yu, L50|100\/100\n|switch|p2a: Gyarados|Gyarados, L50, M|100\/100\n|switch|p2b: Chi-Yu|Chi-Yu, L50|100\/100\n|-ability|p2b: Chi-Yu|Beads of Ruin\n|-ability|p1b: Chi-Yu|Beads of Ruin\n|-ability|p2a: Gyarados|Intimidate|boost\n|-unboost|p1a: Murkrow|atk|1\n|-unboost|p1b: Chi-Yu|atk|1\n|turn|1\n|inactive|KSunfr has 30 seconds left.\n|inactive|LasermanZ111 has 30 seconds left.\n|inactive|LasermanZ111 has 20 seconds left.\n|inactive|KSunfr has 20 seconds left.\n|inactive|LasermanZ111 has 15 seconds left.\n|\n|t:|1683554089\n|move|p2b: Chi-Yu|Protect|p2b: Chi-Yu\n|-singleturn|p2b: Chi-Yu|Protect\n|move|p1a: Murkrow|Sunny Day|p1a: Murkrow\n|-weather|SunnyDay\n|move|p1b: Chi-Yu|Dark Pulse|p2a: Gyarados\n|-damage|p2a: Gyarados|51\/100\n|cant|p2a: Gyarados|flinch\n|\n|-weather|SunnyDay|[upkeep]\n|upkeep\n|turn|2\n|\n|t:|1683554109\n|move|p1a: Murkrow|Tailwind|p1a: Murkrow\n|-sidestart|p1: KSunfr|move: Tailwind\n|move|p1b: Chi-Yu|Dark Pulse|p2a: Gyarados\n|-crit|p2a: Gyarados\n|-damage|p2a: Gyarados|0 fnt\n|faint|p2a: Gyarados\n|move|p2b: Chi-Yu|Heat Wave|p1a: Murkrow|[spread] p1a,p1b\n|-resisted|p1b: Chi-Yu\n|-crit|p1b: Chi-Yu\n|-damage|p1a: Murkrow|23\/100\n|-damage|p1b: Chi-Yu|63\/100\n|-damage|p2b: Chi-Yu|91\/100|[from] item: Life Orb\n|\n|-weather|SunnyDay|[upkeep]\n|upkeep\n|c|\u2606LasermanZ111|Okay\n|c|\u2606LasermanZ111|Not cool anymore :(\n|\n|t:|1683554134\n|switch|p2a: Corviknight|Corviknight, L50, M|100\/100\n|turn|3\n|c|\u2606KSunfr|sry\n|c|\u2606LasermanZ111|eh, it happens lol\n|inactive|LasermanZ111 has 30 seconds left.\n|\n|t:|1683554161\n|-terastallize|p2a: Corviknight|Fire\n|move|p1b: Chi-Yu|Heat Wave|p2b: Chi-Yu|[spread] p2a,p2b\n|-resisted|p2a: Corviknight\n|-resisted|p2b: Chi-Yu\n|-damage|p2a: Corviknight|59\/100\n|-damage|p2b: Chi-Yu|51\/100\n|move|p1a: Murkrow|Foul Play|p2a: Corviknight\n|-damage|p2a: Corviknight|28\/100\n|move|p2b: Chi-Yu|Heat Wave|p1b: Chi-Yu|[spread] p1a,p1b\n|-resisted|p1b: Chi-Yu\n|-damage|p1a: Murkrow|0 fnt\n|-damage|p1b: Chi-Yu|36\/100\n|faint|p1a: Murkrow\n|-damage|p2b: Chi-Yu|41\/100|[from] item: Life Orb\n|move|p2a: Corviknight|Brave Bird|p1b: Chi-Yu\n|-damage|p1b: Chi-Yu|0 fnt\n|faint|p1b: Chi-Yu\n|-damage|p2a: Corviknight|20\/100|[from] Recoil\n|\n|-weather|SunnyDay|[upkeep]\n|upkeep\n|\n|t:|1683554179\n|switch|p1b: Scizor|Scizor, L50, M|100\/100\n|switch|p1a: Farigiraf|Farigiraf, L50, F|100\/100\n|turn|4\n|inactive|KSunfr has 30 seconds left.\n|inactive|KSunfr has 20 seconds left.\n|inactive|LasermanZ111 has 30 seconds left.\n|inactive|LasermanZ111 has 20 seconds left.\n|\n|t:|1683554231\n|-terastallize|p1b: Scizor|Water\n|move|p2b: Chi-Yu|Dark Pulse|p1a: Farigiraf\n|-supereffective|p1a: Farigiraf\n|-damage|p1a: Farigiraf|0 fnt\n|faint|p1a: Farigiraf\n|-damage|p2b: Chi-Yu|31\/100|[from] item: Life Orb\n|move|p1b: Scizor|Tera Blast|p2a: Corviknight\n|-supereffective|p2a: Corviknight\n|-damage|p2a: Corviknight|0 fnt\n|faint|p2a: Corviknight\n|\n|-weather|SunnyDay|[upkeep]\n|upkeep\n|\n|t:|1683554241\n|switch|p2a: Abomasnow|Abomasnow, L50, M|100\/100\n|-weather|Snow|[from] ability: Snow Warning|[of] p2a: Abomasnow\n|turn|5\n|\n|t:|1683554250\n|move|p1b: Scizor|Bullet Punch|p2a: Abomasnow\n|-supereffective|p2a: Abomasnow\n|-damage|p2a: Abomasnow|31\/100\n|move|p2b: Chi-Yu|Dark Pulse|p1b: Scizor\n|-damage|p1b: Scizor|0 fnt\n|faint|p1b: Scizor\n|-damage|p2b: Chi-Yu|21\/100|[from] item: Life Orb\n|\n|win|LasermanZ111\n|raw|KSunfr's rating: 1395 → 1375<\/strong> (-20 for losing)\n|raw|LasermanZ111's rating: 1393 → 1413<\/strong> (+20 for winning)\n|c|\u2606KSunfr|gg\n|c|\u2606LasermanZ111|ggwp\n","uploadtime":1683554263,"views":5,"p1id":"ksunfr","p2id":"lasermanz111","formatid":"gen9vgc2023regulationc","rating":1375,"private":0,"password":""}