{"id":"gen9vgc2023regulationc-1848907194","p1":"coachbryan1.0","p2":"TonyMacaroni5678","format":"[Gen 9] VGC 2023 Regulation C","log":"|j|\u2606coachbryan1.0\n|j|\u2606TonyMacaroni5678\n|t:|1682124589\n|gametype|doubles\n|player|p1|coachbryan1.0|1|1197\n|player|p2|TonyMacaroni5678|265|1126\n|teamsize|p1|6\n|teamsize|p2|6\n|gen|9\n|tier|[Gen 9] VGC 2023 Regulation C\n|rated|\n|rule|Species Clause: Limit one of each Pok\u00e9mon\n|rule|Item Clause: Limit one of each item\n|clearpoke\n|poke|p1|Tyranitar, L50, F|\n|poke|p1|Flutter Mane, L50|\n|poke|p1|Talonflame, L50, F|\n|poke|p1|Farigiraf, L50, F|\n|poke|p1|Chien-Pao, L50|\n|poke|p1|Garchomp, L50, M|\n|poke|p2|Palafin, L50, M|\n|poke|p2|Ting-Lu, L50|\n|poke|p2|Arcanine, L50, M|\n|poke|p2|Amoonguss, L50, M|\n|poke|p2|Sableye, L50, F|\n|poke|p2|Tinkaton, L50, F|\n|teampreview|4\n|inactive|Battle timer is ON: inactive players will automatically lose when time's up. (requested by TonyMacaroni5678)\ncoachbryan1.0 has agreed to open team sheets.\n|inactive|coachbryan1.0 has 60 seconds left.\n|\n|t:|1682124642\n|start\n|switch|p1a: Worldwide|Talonflame, L50, F|100\/100\n|switch|p1b: LoveMeLoveMe|Garchomp, L50, M|100\/100\n|switch|p2a: Palafin|Palafin, L50, M|100\/100\n|switch|p2b: Ting-Lu|Ting-Lu, L50|100\/100\n|-ability|p2b: Ting-Lu|Vessel of Ruin\n|turn|1\n|inactive|coachbryan1.0 has 30 seconds left.\n|\n|t:|1682124667\n|switch|p1b: Honey|Farigiraf, L50, F|100\/100\n|move|p2a: Palafin|Jet Punch||[still]\n|cant|p1b: Honey|ability: Armor Tail|Jet Punch|[of] p2a: Palafin\n|move|p1a: Worldwide|Will-O-Wisp|p2b: Ting-Lu\n|-status|p2b: Ting-Lu|brn\n|move|p2b: Ting-Lu|Heavy Slam|p1a: Worldwide\n|-resisted|p1a: Worldwide\n|-crit|p1a: Worldwide\n|-damage|p1a: Worldwide|82\/100\n|\n|-damage|p2b: Ting-Lu|95\/100 brn|[from] brn\n|upkeep\n|turn|2\n|inactive|coachbryan1.0 has 30 seconds left.\n|\n|t:|1682124701\n|switch|p1a: LoveMeLoveMe|Garchomp, L50, M|100\/100\n|detailschange|p2a: Palafin|Palafin-Hero, L50, M\n|switch|p2a: Arcanine|Arcanine, L50, M|100\/100\n|-ability|p2a: Arcanine|Intimidate|boost\n|-fail|p1a: LoveMeLoveMe|unboost|[from] item: Clear Amulet|[of] p1a: LoveMeLoveMe\n|-unboost|p1b: Honey|atk|1\n|move|p1b: Honey|Psyshock|p2a: Arcanine\n|-damage|p2a: Arcanine|71\/100\n|move|p2b: Ting-Lu|Fissure|p1b: Honey|[miss]\n|-miss|p2b: Ting-Lu|p1b: Honey\n|\n|-damage|p2b: Ting-Lu|89\/100 brn|[from] brn\n|upkeep\n|turn|3\n|inactive|TonyMacaroni5678 has 30 seconds left.\n|\n|t:|1682124727\n|switch|p1b: Worldwide|Talonflame, L50, F|82\/100\n|move|p1a: LoveMeLoveMe|Earthquake|p2b: Ting-Lu|[spread] p2a,p2b\n|-immune|p1b: Worldwide\n|-supereffective|p2a: Arcanine\n|-damage|p2a: Arcanine|0 fnt\n|-damage|p2b: Ting-Lu|62\/100 brn\n|faint|p2a: Arcanine\n|move|p2b: Ting-Lu|Stomping Tantrum|p1a: LoveMeLoveMe\n|-damage|p1a: LoveMeLoveMe|65\/100\n|-damage|p2b: Ting-Lu|50\/100 brn|[from] ability: Rough Skin|[of] p1a: LoveMeLoveMe\n|\n|-damage|p2b: Ting-Lu|44\/100 brn|[from] brn\n|upkeep\n|\n|t:|1682124737\n|switch|p2a: Palafin|Palafin-Hero, L50, M|100\/100\n|-activate|p2a: Palafin|ability: Zero to Hero\n|turn|4\n|\n|t:|1682124749\n|switch|p1a: Honey|Farigiraf, L50, F|100\/100\n|move|p1b: Worldwide|Will-O-Wisp|p2a: Palafin\n|-status|p2a: Palafin|brn\n|move|p2a: Palafin|Wave Crash|p1b: Worldwide\n|-supereffective|p1b: Worldwide\n|-damage|p1b: Worldwide|0 fnt\n|faint|p1b: Worldwide\n|-damage|p2a: Palafin|76\/100 brn|[from] Recoil\n|move|p2b: Ting-Lu|Fissure|p1a: Honey\n|-damage|p1a: Honey|0 fnt\n|faint|p1a: Honey\n|-ohko\n|\n|-damage|p2a: Palafin|71\/100 brn|[from] brn\n|-damage|p2b: Ting-Lu|38\/100 brn|[from] brn\n|upkeep\n|\n|t:|1682124765\n|switch|p1b: Cover Girl|Flutter Mane, L50|100\/100\n|switch|p1a: LoveMeLoveMe|Garchomp, L50, M|65\/100\n|-enditem|p1b: Cover Girl|Booster Energy\n|-activate|p1b: Cover Girl|ability: Protosynthesis|[fromitem]\n|-start|p1b: Cover Girl|protosynthesisspa\n|turn|5\n|\n|t:|1682124786\n|-terastallize|p1b: Cover Girl|Fairy\n|move|p2a: Palafin|Protect|p2a: Palafin\n|-singleturn|p2a: Palafin|Protect\n|move|p1a: LoveMeLoveMe|Dragon Claw|p2a: Palafin\n|-activate|p2a: Palafin|move: Protect\n|move|p1b: Cover Girl|Dazzling Gleam|p2a: Palafin|[spread] p2b\n|-activate|p2a: Palafin|move: Protect\n|-supereffective|p2b: Ting-Lu\n|-damage|p2b: Ting-Lu|0 fnt\n|faint|p2b: Ting-Lu\n|\n|-damage|p2a: Palafin|65\/100 brn|[from] brn\n|upkeep\n|\n|t:|1682124796\n|switch|p2b: Tinkaton|Tinkaton, L50, F|100\/100\n|-ability|p2b: Tinkaton|Mold Breaker\n|turn|6\n|\n|t:|1682124814\n|-terastallize|p2b: Tinkaton|Fairy\n|move|p1a: LoveMeLoveMe|Protect|p1a: LoveMeLoveMe\n|-singleturn|p1a: LoveMeLoveMe|Protect\n|move|p1b: Cover Girl|Protect|p1b: Cover Girl\n|-singleturn|p1b: Cover Girl|Protect\n|move|p2b: Tinkaton|Gigaton Hammer|p1b: Cover Girl\n|-activate|p1b: Cover Girl|move: Protect\n|move|p2a: Palafin|Wave Crash|p1a: LoveMeLoveMe\n|-activate|p1a: LoveMeLoveMe|move: Protect\n|\n|-damage|p2a: Palafin|59\/100 brn|[from] brn\n|upkeep\n|turn|7\n|inactive|TonyMacaroni5678 has 30 seconds left.\n|\n|t:|1682124839\n|move|p2a: Palafin|Protect|p2a: Palafin\n|-singleturn|p2a: Palafin|Protect\n|move|p1a: LoveMeLoveMe|Iron Head|p2b: Tinkaton\n|-supereffective|p2b: Tinkaton\n|-damage|p2b: Tinkaton|38\/100\n|move|p1b: Cover Girl|Thunderbolt|p2a: Palafin\n|-activate|p2a: Palafin|move: Protect\n|cant|p2b: Tinkaton|flinch\n|\n|-damage|p2a: Palafin|53\/100 brn|[from] brn\n|upkeep\n|turn|8\n|inactive|coachbryan1.0 has 30 seconds left.\n|\n|t:|1682124864\n|move|p1a: LoveMeLoveMe|Iron Head|p2b: Tinkaton\n|-supereffective|p2b: Tinkaton\n|-crit|p2b: Tinkaton\n|-damage|p2b: Tinkaton|0 fnt\n|faint|p2b: Tinkaton\n|move|p1b: Cover Girl|Thunderbolt|p2a: Palafin\n|-supereffective|p2a: Palafin\n|-damage|p2a: Palafin|0 fnt\n|faint|p2a: Palafin\n|\n|win|coachbryan1.0\n|raw|coachbryan1.0's rating: 1197 → 1217<\/strong> (+20 for winning)\n|raw|TonyMacaroni5678's rating: 1126 → 1106<\/strong> (-20 for losing)\n|l|\u2606TonyMacaroni5678\n|c|\u2606coachbryan1.0|ggs\n","uploadtime":1682124880,"views":9,"p1id":"coachbryan10","p2id":"tonymacaroni5678","formatid":"gen9vgc2023regulationc","rating":1106,"private":0,"password":""}