{"id":"gen9vgc2023regulationc-1858831973","p1":"uyfiff","p2":"bug catcher dale","format":"[Gen 9] VGC 2023 Regulation C","log":"|j|\u2606uyfiff\n|j|\u2606bug catcher dale\n|t:|1683370020\n|gametype|doubles\n|player|p1|uyfiff|169|1076\n|player|p2|bug catcher dale|bugcatcher-gen4dp|1095\n|teamsize|p1|6\n|teamsize|p2|6\n|gen|9\n|tier|[Gen 9] VGC 2023 Regulation C\n|rated|\n|rule|Species Clause: Limit one of each Pok\u00e9mon\n|rule|Item Clause: Limit one of each item\n|clearpoke\n|poke|p1|Talonflame, L50, M|\n|poke|p1|Farigiraf, L50, M|\n|poke|p1|Dragonite, L50, M|\n|poke|p1|Flutter Mane, L50|\n|poke|p1|Amoonguss, L50, M|\n|poke|p1|Palafin, L50, F|\n|poke|p2|Salamence, L50, M|\n|poke|p2|Ceruledge, L50, M|\n|poke|p2|Corviknight, L50, M|\n|poke|p2|Rotom-Wash, L50|\n|poke|p2|Grimmsnarl, L50, M|\n|poke|p2|Vivillon, L50, M|\n|teampreview|4\n|inactive|Battle timer is ON: inactive players will automatically lose when time's up. (requested by uyfiff)\n|inactive|bug catcher dale has 60 seconds left.\n|\n|t:|1683370077\n|start\n|switch|p1a: Talonflame|Talonflame, L50, M|100\/100\n|switch|p1b: Farigiraf|Farigiraf, L50, M|100\/100\n|switch|p2a: Vivillon|Vivillon, L50, M|100\/100\n|switch|p2b: Salamence|Salamence, L50, M|100\/100\n|-ability|p2b: Salamence|Intimidate|boost\n|-unboost|p1a: Talonflame|atk|1\n|-unboost|p1b: Farigiraf|atk|1\n|turn|1\n|\n|t:|1683370100\n|move|p1a: Talonflame|Tailwind|p1a: Talonflame\n|-sidestart|p1: uyfiff|move: Tailwind\n|move|p1b: Farigiraf|Uproar|p2a: Vivillon\n|-enditem|p2a: Vivillon|Focus Sash\n|-damage|p2a: Vivillon|1\/100\n|-start|p1b: Farigiraf|Uproar\n|move|p2a: Vivillon|Sleep Powder|p1b: Farigiraf\n|-fail|p1b: Farigiraf|slp|[from] Uproar|[msg]\n|move|p2b: Salamence|Stone Edge|p1a: Talonflame\n|-supereffective|p1a: Talonflame\n|-damage|p1a: Talonflame|0 fnt\n|faint|p1a: Talonflame\n|\n|-start|p1b: Farigiraf|Uproar|[upkeep]\n|upkeep\n|\n|t:|1683370113\n|switch|p1a: Flutter Mane|Flutter Mane, L50|100\/100\n|-enditem|p1a: Flutter Mane|Booster Energy\n|-activate|p1a: Flutter Mane|ability: Protosynthesis|[fromitem]\n|-start|p1a: Flutter Mane|protosynthesisspa\n|turn|2\n|inactive|uyfiff has 30 seconds left.\n|inactive|bug catcher dale has 30 seconds left.\n|inactive|uyfiff has 20 seconds left.\n|inactive|bug catcher dale has 20 seconds left.\n|inactive|bug catcher dale has 15 seconds left.\n|inactive|uyfiff has 15 seconds left.\n|\n|t:|1683370161\n|move|p2a: Vivillon|Rage Powder|p2a: Vivillon\n|-singleturn|p2a: Vivillon|move: Rage Powder\n|move|p1a: Flutter Mane|Dazzling Gleam|p2b: Salamence|[spread] p2a,p2b\n|-supereffective|p2b: Salamence\n|-damage|p2a: Vivillon|0 fnt\n|-damage|p2b: Salamence|44\/100\n|faint|p2a: Vivillon\n|move|p1b: Farigiraf|Uproar|p2b: Salamence|[from]lockedmove\n|-damage|p2b: Salamence|0 fnt\n|faint|p2b: Salamence\n|\n|-start|p1b: Farigiraf|Uproar|[upkeep]\n|upkeep\n|\n|t:|1683370173\n|switch|p2a: Grimmsnarl|Grimmsnarl, L50, M|100\/100\n|switch|p2b: draingang|Ceruledge, L50, M|100\/100\n|turn|3\n|\n|t:|1683370187\n|-terastallize|p2b: draingang|Steel\n|move|p2b: draingang|Shadow Sneak||[still]\n|cant|p1b: Farigiraf|ability: Armor Tail|Shadow Sneak|[of] p2b: draingang\n|move|p2a: Grimmsnarl|Light Screen|p2a: Grimmsnarl\n|-sidestart|p2: bug catcher dale|move: Light Screen\n|move|p1a: Flutter Mane|Shadow Ball|p2b: draingang\n|-damage|p2b: draingang|73\/100\n|move|p1b: Farigiraf|Uproar|p2a: Grimmsnarl|[from]lockedmove\n|-damage|p2a: Grimmsnarl|57\/100\n|\n|-end|p1b: Farigiraf|Uproar\n|upkeep\n|turn|4\n|inactive|bug catcher dale has 30 seconds left.\n|\n|t:|1683370214\n|move|p2a: Grimmsnarl|Reflect|p2a: Grimmsnarl\n|-sidestart|p2: bug catcher dale|Reflect\n|move|p1a: Flutter Mane|Moonblast|p2a: Grimmsnarl\n|-supereffective|p2a: Grimmsnarl\n|-damage|p2a: Grimmsnarl|0 fnt\n|faint|p2a: Grimmsnarl\n|move|p1b: Farigiraf|Uproar|p2b: draingang\n|-resisted|p2b: draingang\n|-damage|p2b: draingang|53\/100\n|-start|p1b: Farigiraf|Uproar\n|move|p2b: draingang|Bulk Up|p2b: draingang\n|-boost|p2b: draingang|atk|1\n|-boost|p2b: draingang|def|1\n|\n|-sideend|p1: uyfiff|move: Tailwind\n|-start|p1b: Farigiraf|Uproar|[upkeep]\n|upkeep\n|turn|5\n|inactive|uyfiff has 30 seconds left.\n|\n|t:|1683370240\n|-end|p1a: Flutter Mane|Protosynthesis|[silent]\n|switch|p1a: Dragonite|Dragonite, L50, M|100\/100\n|move|p1b: Farigiraf|Uproar|p2b: draingang|[from]lockedmove\n|-resisted|p2b: draingang\n|-damage|p2b: draingang|33\/100\n|move|p2b: draingang|Bitter Blade|p1a: Dragonite\n|-resisted|p1a: Dragonite\n|-damage|p1a: Dragonite|65\/100\n|-heal|p2b: draingang|53\/100|[from] drain|[of] p1a: Dragonite\n|\n|-start|p1b: Farigiraf|Uproar|[upkeep]\n|upkeep\n|turn|6\n|\n|t:|1683370253\n|move|p1b: Farigiraf|Uproar|p2b: draingang|[from]lockedmove\n|-resisted|p2b: draingang\n|-damage|p2b: draingang|32\/100\n|move|p2b: draingang|Bitter Blade|p1a: Dragonite\n|-resisted|p1a: Dragonite\n|-damage|p1a: Dragonite|30\/100\n|-heal|p2b: draingang|52\/100|[from] drain|[of] p1a: Dragonite\n|move|p1a: Dragonite|Low Kick|p2b: draingang\n|-supereffective|p2b: draingang\n|-damage|p2b: draingang|20\/100\n|\n|-end|p1b: Farigiraf|Uproar\n|upkeep\n|turn|7\n|\n|t:|1683370270\n|move|p1b: Farigiraf|Uproar|p2b: draingang\n|-resisted|p2b: draingang\n|-damage|p2b: draingang|0 fnt\n|-start|p1b: Farigiraf|Uproar\n|faint|p2b: draingang\n|\n|win|uyfiff\n|raw|uyfiff's rating: 1076 → 1106<\/strong> (+30 for winning)\n|raw|bug catcher dale's rating: 1095 → 1069<\/strong> (-26 for losing)\n|l|\u2606bug catcher dale\n","uploadtime":1683370279,"views":13,"p1id":"uyfiff","p2id":"bugcatcherdale","formatid":"gen9vgc2023regulationc","rating":1069,"private":0,"password":""}