{"id":"gen9vgc2023regulationc-1852398542","p1":"fumitonb","p2":"gankyburner","format":"[Gen 9] VGC 2023 Regulation C","log":"|j|\u2606fumitonb\n|j|\u2606gankyburner\n|t:|1682552737\n|gametype|doubles\n|player|p1|fumitonb|rosa|1211\n|player|p2|gankyburner|266|1296\n|teamsize|p1|6\n|teamsize|p2|6\n|gen|9\n|tier|[Gen 9] VGC 2023 Regulation C\n|rated|\n|rule|Species Clause: Limit one of each Pok\u00e9mon\n|rule|Item Clause: Limit one of each item\n|clearpoke\n|poke|p1|Flutter Mane, L50|\n|poke|p1|Chien-Pao, L50|\n|poke|p1|Gastrodon-East, L50, M|\n|poke|p1|Iron Hands, L50|\n|poke|p1|Garganacl, L50, F|\n|poke|p1|Gyarados, L50, F|\n|poke|p2|Murkrow, L50, F|\n|poke|p2|Houndstone, L50, F|\n|poke|p2|Chi-Yu, L50|\n|poke|p2|Tyranitar, L50, M|\n|poke|p2|Palafin, L50, F|\n|poke|p2|Corviknight, L50, M|\n|teampreview|4\n|inactive|Battle timer is ON: inactive players will automatically lose when time's up. (requested by fumitonb)\n|inactive|gankyburner has 60 seconds left.\n|\n|t:|1682552776\n|start\n|switch|p1a: Gyarados|Gyarados, L50, F|100\/100\n|switch|p1b: Garganacl|Garganacl, L50, F|100\/100\n|switch|p2a: C'mon C'mon|Murkrow, L50, F|100\/100\n|switch|p2b: B.H. Sun|Chi-Yu, L50|100\/100\n|-ability|p2b: B.H. Sun|Beads of Ruin\n|-ability|p1a: Gyarados|Intimidate|boost\n|-unboost|p2a: C'mon C'mon|atk|1\n|-unboost|p2b: B.H. Sun|atk|1\n|turn|1\n|\n|t:|1682552792\n|-terastallize|p2b: B.H. Sun|Grass\n|move|p1b: Garganacl|Wide Guard|p1b: Garganacl\n|-singleturn|p1b: Garganacl|Wide Guard\n|move|p2a: C'mon C'mon|Tailwind|p2a: C'mon C'mon\n|-sidestart|p2: gankyburner|move: Tailwind\n|move|p2b: B.H. Sun|Tera Blast|p1b: Garganacl\n|-supereffective|p1b: Garganacl\n|-damage|p1b: Garganacl|0 fnt\n|faint|p1b: Garganacl\n|-damage|p2b: B.H. Sun|90\/100|[from] item: Life Orb\n|move|p1a: Gyarados|Thunder Wave|p2b: B.H. Sun\n|-status|p2b: B.H. Sun|par\n|\n|upkeep\n|\n|t:|1682552807\n|switch|p1b: Chien-Pao|Chien-Pao, L50|100\/100\n|-ability|p1b: Chien-Pao|Sword of Ruin\n|turn|2\n|\n|t:|1682552824\n|move|p1b: Chien-Pao|Protect|p1b: Chien-Pao\n|-singleturn|p1b: Chien-Pao|Protect\n|cant|p2b: B.H. Sun|par\n|move|p2a: C'mon C'mon|Foul Play|p1b: Chien-Pao\n|-activate|p1b: Chien-Pao|move: Protect\n|move|p1a: Gyarados|Thunder Wave|p2a: C'mon C'mon\n|-status|p2a: C'mon C'mon|par\n|\n|upkeep\n|turn|3\n|\n|t:|1682552845\n|move|p1b: Chien-Pao|Ice Spinner|p2b: B.H. Sun\n|-supereffective|p2b: B.H. Sun\n|-crit|p2b: B.H. Sun\n|-damage|p2b: B.H. Sun|0 fnt\n|faint|p2b: B.H. Sun\n|move|p2a: C'mon C'mon|Foul Play|p1b: Chien-Pao\n|-resisted|p1b: Chien-Pao\n|-damage|p1b: Chien-Pao|71\/100\n|move|p1a: Gyarados|Waterfall|p2a: C'mon C'mon\n|-damage|p2a: C'mon C'mon|58\/100 par\n|\n|upkeep\n|\n|t:|1682552856\n|switch|p2b: Dragula|Houndstone, L50, F, shiny|100\/100\n|turn|4\n|\n|t:|1682552869\n|switch|p2a: Godzilla|Tyranitar, L50, M, shiny|100\/100\n|-weather|Sandstorm|[from] ability: Sand Stream|[of] p2a: Godzilla\n|-terastallize|p1b: Chien-Pao|Dark\n|move|p2b: Dragula|Will-O-Wisp|p1b: Chien-Pao\n|-status|p1b: Chien-Pao|brn\n|move|p1b: Chien-Pao|Throat Chop|p2b: Dragula\n|-supereffective|p2b: Dragula\n|-damage|p2b: Dragula|28\/100\n|-start|p2b: Dragula|Throat Chop|[silent]\n|-enditem|p2b: Dragula|Sitrus Berry|[eat]\n|-heal|p2b: Dragula|52\/100|[from] item: Sitrus Berry\n|move|p1a: Gyarados|Taunt|p2a: Godzilla\n|-start|p2a: Godzilla|move: Taunt\n|\n|-weather|Sandstorm|[upkeep]\n|-damage|p1b: Chien-Pao|65\/100 brn|[from] Sandstorm\n|-damage|p1b: Chien-Pao|59\/100 brn|[from] brn\n|-sideend|p2: gankyburner|move: Tailwind\n|upkeep\n|turn|5\n|inactive|gankyburner has 30 seconds left.\n|inactive|gankyburner has 20 seconds left.\n|\n|t:|1682552907\n|move|p2b: Dragula|Scary Face|p1b: Chien-Pao\n|-unboost|p1b: Chien-Pao|spe|2\n|move|p2a: Godzilla|Rock Slide|p1b: Chien-Pao|[spread] p1a,p1b\n|-supereffective|p1a: Gyarados\n|-damage|p1a: Gyarados|19\/100\n|-damage|p1b: Chien-Pao|16\/100 brn\n|move|p1b: Chien-Pao|Throat Chop|p2b: Dragula\n|-supereffective|p2b: Dragula\n|-damage|p2b: Dragula|0 fnt\n|faint|p2b: Dragula\n|cant|p1a: Gyarados|flinch\n|\n|-weather|Sandstorm|[upkeep]\n|-damage|p1b: Chien-Pao|10\/100 brn|[from] Sandstorm\n|-damage|p1b: Chien-Pao|4\/100 brn|[from] brn\n|upkeep\n|\n|t:|1682552920\n|switch|p2b: C'mon C'mon|Murkrow, L50, F|58\/100 par\n|turn|6\n|\n|t:|1682552928\n|move|p1a: Gyarados|Protect|p1a: Gyarados\n|-singleturn|p1a: Gyarados|Protect\n|move|p2b: C'mon C'mon|Tailwind|p2b: C'mon C'mon\n|-sidestart|p2: gankyburner|move: Tailwind\n|move|p2a: Godzilla|Rock Slide|p1a: Gyarados|[spread] p1b\n|-activate|p1a: Gyarados|move: Protect\n|-damage|p1b: Chien-Pao|0 fnt\n|faint|p1b: Chien-Pao\n|\n|-weather|Sandstorm|[upkeep]\n|-damage|p2b: C'mon C'mon|52\/100 par|[from] Sandstorm\n|-end|p2a: Godzilla|move: Taunt\n|upkeep\n|\n|t:|1682552939\n|switch|p1b: Flutter Mane|Flutter Mane, L50|100\/100\n|-enditem|p1b: Flutter Mane|Booster Energy\n|-activate|p1b: Flutter Mane|ability: Protosynthesis|[fromitem]\n|-start|p1b: Flutter Mane|protosynthesisspe\n|turn|7\n|\n|t:|1682552958\n|move|p1b: Flutter Mane|Energy Ball|p2a: Godzilla\n|-supereffective|p2a: Godzilla\n|-damage|p2a: Godzilla|73\/100\n|move|p2a: Godzilla|Rock Slide|p1a: Gyarados|[spread] p1a\n|-miss|p2a: Godzilla|p1b: Flutter Mane\n|-supereffective|p1a: Gyarados\n|-damage|p1a: Gyarados|0 fnt\n|faint|p1a: Gyarados\n|cant|p2b: C'mon C'mon|par\n|\n|-weather|Sandstorm|[upkeep]\n|-damage|p1b: Flutter Mane|94\/100|[from] Sandstorm\n|-damage|p2b: C'mon C'mon|46\/100 par|[from] Sandstorm\n|upkeep\n|turn|8\n|\n|t:|1682552980\n|move|p1b: Flutter Mane|Moonblast|p2a: Godzilla\n|-supereffective|p2a: Godzilla\n|-damage|p2a: Godzilla|26\/100\n|-unboost|p2a: Godzilla|spa|1\n|move|p2a: Godzilla|Assurance|p1b: Flutter Mane\n|-damage|p1b: Flutter Mane|22\/100\n|move|p2b: C'mon C'mon|Foul Play|p1b: Flutter Mane\n|-damage|p1b: Flutter Mane|0 fnt\n|faint|p1b: Flutter Mane\n|-end|p1b: Flutter Mane|Protosynthesis|[silent]\n|\n|win|gankyburner\n|raw|fumitonb's rating: 1211 → 1192<\/strong> (-19 for losing)\n|raw|gankyburner's rating: 1296 → 1315<\/strong> (+19 for winning)\n|l|\u2606fumitonb\n","uploadtime":1682552990,"views":10,"p1id":"fumitonb","p2id":"gankyburner","formatid":"gen9vgc2023regulationc","rating":1192,"private":0,"password":""}