{"id":"gen9vgc2023regulationc-1860672308","p1":"Lukeh0712","p2":"christianfinity","format":"[Gen 9] VGC 2023 Regulation C","log":"|j|\u2606Lukeh0712\n|j|\u2606christianfinity\n|t:|1683664734\n|gametype|doubles\n|player|p1|Lukeh0712|101|1203\n|player|p2|christianfinity|101|1150\n|teamsize|p1|6\n|teamsize|p2|6\n|gen|9\n|tier|[Gen 9] VGC 2023 Regulation C\n|rated|\n|rule|Species Clause: Limit one of each Pok\u00e9mon\n|rule|Item Clause: Limit one of each item\n|clearpoke\n|poke|p1|Flutter Mane, L50|\n|poke|p1|Ting-Lu, L50|\n|poke|p1|Chi-Yu, L50|\n|poke|p1|Dragonite, L50, F|\n|poke|p1|Scizor, L50, F|\n|poke|p1|Chien-Pao, L50|\n|poke|p2|Torkoal, L50, F|\n|poke|p2|Lilligant, L50, F|\n|poke|p2|Flutter Mane, L50|\n|poke|p2|Chi-Yu, L50|\n|poke|p2|Great Tusk, L50|\n|poke|p2|Iron Bundle, L50|\n|teampreview|4\n|inactive|Battle timer is ON: inactive players will automatically lose when time's up. (requested by christianfinity)\n|inactive|christianfinity has 60 seconds left.\n|\n|t:|1683664771\n|start\n|switch|p1a: Ting-Lu|Ting-Lu, L50|100\/100\n|switch|p1b: Chien-Pao|Chien-Pao, L50|100\/100\n|switch|p2a: Torkoal|Torkoal, L50, F|100\/100\n|switch|p2b: Iron Bundle|Iron Bundle, L50|100\/100\n|-ability|p1b: Chien-Pao|Sword of Ruin\n|-ability|p1a: Ting-Lu|Vessel of Ruin\n|-weather|SunnyDay|[from] ability: Drought|[of] p2a: Torkoal\n|turn|1\n|inactive|Lukeh0712 has 30 seconds left.\n|\n|t:|1683664797\n|move|p1b: Chien-Pao|Ice Spinner|p2b: Iron Bundle\n|-resisted|p2b: Iron Bundle\n|-damage|p2b: Iron Bundle|86\/100\n|move|p2b: Iron Bundle|Icy Wind|p1b: Chien-Pao|[spread] p1a,p1b\n|-supereffective|p1a: Ting-Lu\n|-crit|p1a: Ting-Lu\n|-resisted|p1b: Chien-Pao\n|-damage|p1a: Ting-Lu|79\/100\n|-damage|p1b: Chien-Pao|90\/100\n|-unboost|p1a: Ting-Lu|spe|1\n|-unboost|p1b: Chien-Pao|spe|1\n|move|p1a: Ting-Lu|Stomping Tantrum|p2a: Torkoal\n|-supereffective|p2a: Torkoal\n|-damage|p2a: Torkoal|38\/100\n|move|p2a: Torkoal|Overheat|p1b: Chien-Pao\n|-supereffective|p1b: Chien-Pao\n|-damage|p1b: Chien-Pao|0 fnt\n|-unboost|p2a: Torkoal|spa|2\n|-enditem|p2a: Torkoal|Eject Pack\n|faint|p1b: Chien-Pao\n|\n|t:|1683664819\n|switch|p2a: Chi-Yu|Chi-Yu, L50|100\/100\n|-ability|p2a: Chi-Yu|Beads of Ruin\n|\n|-weather|SunnyDay|[upkeep]\n|upkeep\n|\n|t:|1683664828\n|switch|p1b: Scizor|Scizor, L50, F|100\/100\n|turn|2\n|\n|t:|1683664845\n|-terastallize|p2a: Chi-Yu|Ghost\n|-terastallize|p1b: Scizor|Water\n|move|p2b: Iron Bundle|Freeze-Dry|p1b: Scizor\n|-supereffective|p1b: Scizor\n|-damage|p1b: Scizor|24\/100\n|move|p2a: Chi-Yu|Nasty Plot|p2a: Chi-Yu\n|-boost|p2a: Chi-Yu|spa|2\n|move|p1b: Scizor|U-turn|p2a: Chi-Yu\n|-resisted|p2a: Chi-Yu\n|-damage|p2a: Chi-Yu|68\/100\n|\n|t:|1683664855\n|switch|p1b: Flutter Mane|Flutter Mane, L50|100\/100|[from] U-turn\n|-activate|p1b: Flutter Mane|ability: Protosynthesis\n|-start|p1b: Flutter Mane|protosynthesisspe\n|move|p1a: Ting-Lu|Stomping Tantrum|p2a: Chi-Yu\n|-damage|p2a: Chi-Yu|12\/100\n|\n|-weather|SunnyDay|[upkeep]\n|upkeep\n|turn|3\n|\n|t:|1683664872\n|move|p1b: Flutter Mane|Dazzling Gleam|p2b: Iron Bundle|[spread] p2a,p2b\n|-damage|p2a: Chi-Yu|0 fnt\n|-damage|p2b: Iron Bundle|62\/100\n|faint|p2a: Chi-Yu\n|move|p2b: Iron Bundle|Icy Wind|p1b: Flutter Mane|[spread] p1a,p1b\n|-supereffective|p1a: Ting-Lu\n|-damage|p1a: Ting-Lu|65\/100\n|-damage|p1b: Flutter Mane|87\/100\n|-unboost|p1a: Ting-Lu|spe|1\n|-unboost|p1b: Flutter Mane|spe|1\n|move|p1a: Ting-Lu|Heavy Slam|p2b: Iron Bundle\n|-damage|p2b: Iron Bundle|23\/100\n|\n|-weather|SunnyDay|[upkeep]\n|upkeep\n|\n|t:|1683664883\n|switch|p2a: Great Tusk|Great Tusk, L50|100\/100\n|-activate|p2a: Great Tusk|ability: Protosynthesis\n|-start|p2a: Great Tusk|protosynthesisatk\n|turn|4\n|\n|t:|1683664892\n|-end|p1b: Flutter Mane|Protosynthesis|[silent]\n|switch|p1b: Scizor|Scizor, L50, F, tera:Water|24\/100\n|move|p2a: Great Tusk|Iron Head|p1b: Scizor\n|-resisted|p1b: Scizor\n|-damage|p1b: Scizor|7\/100\n|move|p2b: Iron Bundle|Freeze-Dry|p1a: Ting-Lu\n|-supereffective|p1a: Ting-Lu\n|-damage|p1a: Ting-Lu|42\/100\n|move|p1a: Ting-Lu|Earthquake|p2a: Great Tusk|[spread] p1b,p2a,p2b\n|-damage|p1b: Scizor|0 fnt\n|-damage|p2a: Great Tusk|78\/100\n|-damage|p2b: Iron Bundle|0 fnt\n|faint|p1b: Scizor\n|faint|p2b: Iron Bundle\n|-end|p2b: Iron Bundle|Quark Drive|[silent]\n|\n|-weather|SunnyDay|[upkeep]\n|upkeep\n|\n|t:|1683664903\n|switch|p2b: Torkoal|Torkoal, L50, F|38\/100\n|switch|p1b: Flutter Mane|Flutter Mane, L50|87\/100\n|-activate|p1b: Flutter Mane|ability: Protosynthesis\n|-start|p1b: Flutter Mane|protosynthesisspe\n|turn|5\n|\n|t:|1683664915\n|move|p1b: Flutter Mane|Dazzling Gleam|p2a: Great Tusk|[spread] p2a,p2b\n|-supereffective|p2a: Great Tusk\n|-resisted|p2b: Torkoal\n|-damage|p2a: Great Tusk|6\/100\n|-damage|p2b: Torkoal|24\/100\n|move|p2a: Great Tusk|Iron Head|p1b: Flutter Mane\n|-supereffective|p1b: Flutter Mane\n|-damage|p1b: Flutter Mane|0 fnt\n|faint|p1b: Flutter Mane\n|-end|p1b: Flutter Mane|Protosynthesis|[silent]\n|move|p1a: Ting-Lu|Stomping Tantrum|p2b: Torkoal\n|-supereffective|p2b: Torkoal\n|-damage|p2b: Torkoal|0 fnt\n|faint|p2b: Torkoal\n|\n|-weather|none\n|-end|p2a: Great Tusk|Protosynthesis\n|upkeep\n|turn|6\n|\n|t:|1683664927\n|move|p2a: Great Tusk|Iron Head|p1a: Ting-Lu\n|-damage|p1a: Ting-Lu|24\/100\n|cant|p1a: Ting-Lu|flinch\n|\n|upkeep\n|turn|7\n|\n|t:|1683664930\n|move|p2a: Great Tusk|Iron Head|p1a: Ting-Lu\n|-damage|p1a: Ting-Lu|5\/100\n|cant|p1a: Ting-Lu|flinch\n|\n|upkeep\n|turn|8\n|c|\u2606christianfinity|lol\n|c|\u2606Lukeh0712|ofc\n|c|\u2606christianfinity|im sorry\n|\n|t:|1683664941\n|move|p2a: Great Tusk|Iron Head|p1a: Ting-Lu\n|-damage|p1a: Ting-Lu|0 fnt\n|faint|p1a: Ting-Lu\n|\n|win|christianfinity\n|raw|Lukeh0712's rating: 1203 → 1174<\/strong> (-29 for losing)\n|raw|christianfinity's rating: 1150 → 1179<\/strong> (+29 for winning)\n|c|\u2606christianfinity|gg\n|l|\u2606Lukeh0712\n","uploadtime":1683664964,"views":22,"p1id":"lukeh0712","p2id":"christianfinity","formatid":"gen9vgc2023regulationc","rating":1174,"private":0,"password":""}