{"id":"gen9vgc2023regulationc-1861936518","p1":"Artctry","p2":"Kiky14","format":"[Gen 9] VGC 2023 Regulation C","log":"|j|\u2606Artctry\n|j|\u2606Kiky14\n|t:|1683822265\n|gametype|doubles\n|player|p1|Artctry|bianca|1071\n|player|p2|Kiky14|hilbert-wonderlauncher|1063\n|teamsize|p1|6\n|teamsize|p2|6\n|gen|9\n|tier|[Gen 9] VGC 2023 Regulation C\n|rated|\n|rule|Species Clause: Limit one of each Pok\u00e9mon\n|rule|Item Clause: Limit one of each item\n|clearpoke\n|poke|p1|Palafin, L50, M|\n|poke|p1|Tsareena, L50, F|\n|poke|p1|Arcanine, L50, F|\n|poke|p1|Sylveon, L50, M|\n|poke|p1|Kingambit, L50, F|\n|poke|p1|Iron Bundle, L50|\n|poke|p2|Ceruledge, L50, M|\n|poke|p2|Garganacl, L50, M|\n|poke|p2|Zoroark, L50, F|\n|poke|p2|Flutter Mane, L50|\n|poke|p2|Palafin, L50, F|\n|poke|p2|Amoonguss, L50, F|\n|teampreview|4\n|\n|t:|1683822289\n|start\n|switch|p1a: Sylveon|Sylveon, L50, M|100\/100\n|switch|p1b: Tsareena|Tsareena, L50, F, shiny|100\/100\n|switch|p2a: Ceruledge|Ceruledge, L50, M|100\/100\n|switch|p2b: Flutter Mane|Flutter Mane, L50|100\/100\n|turn|1\n|\n|t:|1683822305\n|move|p1b: Tsareena|Helping Hand|p1a: Sylveon\n|-singleturn|p1a: Sylveon|Helping Hand|[of] p1b: Tsareena\n|move|p2b: Flutter Mane|Fling|p2a: Ceruledge\n|-supereffective|p2a: Ceruledge\n|-damage|p2a: Ceruledge|91\/100\n|-boost|p2a: Ceruledge|spe|1|[from] item: Salac Berry\n|-enditem|p2a: Ceruledge|Weakness Policy\n|-boost|p2a: Ceruledge|atk|2|[from] item: Weakness Policy\n|-boost|p2a: Ceruledge|spa|2|[from] item: Weakness Policy\n|-enditem|p2b: Flutter Mane|Salac Berry|[from] move: Fling\n|move|p2a: Ceruledge|Bitter Blade|p1b: Tsareena\n|-supereffective|p1b: Tsareena\n|-enditem|p1b: Tsareena|Occa Berry|[eat]\n|-enditem|p1b: Tsareena|Occa Berry|[weaken]\n|-damage|p1b: Tsareena|23\/100\n|-heal|p2a: Ceruledge|100\/100|[from] drain|[of] p1b: Tsareena\n|move|p1a: Sylveon|Hyper Voice|p2a: Ceruledge|[spread] p2a,p2b\n|-resisted|p2a: Ceruledge\n|-supereffective|p2b: Flutter Mane\n|-damage|p2a: Ceruledge|69\/100\n|-damage|p2b: Flutter Mane|0 fnt\n|replace|p2b: Zoroark|Zoroark, L50, F, shiny\n|-end|p2b: Zoroark|Illusion\n|faint|p2b: Zoroark\n|-enditem|p1a: Sylveon|Throat Spray\n|-boost|p1a: Sylveon|spa|1|[from] item: Throat Spray\n|\n|upkeep\n|\n|t:|1683822330\n|switch|p2b: Flutter Mane|Flutter Mane, L50|100\/100\n|-enditem|p2b: Flutter Mane|Booster Energy\n|-activate|p2b: Flutter Mane|ability: Protosynthesis|[fromitem]\n|-start|p2b: Flutter Mane|protosynthesisspa\n|turn|2\n|\n|t:|1683822341\n|move|p1b: Tsareena|Protect|p1b: Tsareena\n|-singleturn|p1b: Tsareena|Protect\n|move|p2a: Ceruledge|Bitter Blade|p1a: Sylveon\n|-damage|p1a: Sylveon|0 fnt\n|-heal|p2a: Ceruledge|100\/100|[from] drain|[of] p1a: Sylveon\n|faint|p1a: Sylveon\n|move|p2b: Flutter Mane|Mystical Fire|p1b: Tsareena\n|-activate|p1b: Tsareena|move: Protect\n|\n|upkeep\n|\n|t:|1683822352\n|switch|p1a: Kingambit|Kingambit, L50, F|100\/100\n|turn|3\n|\n|t:|1683822369\n|switch|p1b: Arcanine|Arcanine, L50, F|100\/100\n|-ability|p1b: Arcanine|Intimidate|boost\n|-unboost|p2a: Ceruledge|atk|1\n|-unboost|p2b: Flutter Mane|atk|1\n|-terastallize|p2a: Ceruledge|Grass\n|move|p1a: Kingambit|Sucker Punch|p2a: Ceruledge\n|-damage|p2a: Ceruledge|37\/100\n|move|p2a: Ceruledge|Bitter Blade|p1a: Kingambit\n|-supereffective|p1a: Kingambit\n|-damage|p1a: Kingambit|8\/100\n|-heal|p2a: Ceruledge|100\/100|[from] drain|[of] p1a: Kingambit\n|move|p2b: Flutter Mane|Dazzling Gleam|p1a: Kingambit|[spread] p1a,p1b\n|-resisted|p1b: Arcanine\n|-damage|p1a: Kingambit|0 fnt\n|-damage|p1b: Arcanine|76\/100\n|faint|p1a: Kingambit\n|\n|upkeep\n|\n|t:|1683822386\n|switch|p1a: Tsareena|Tsareena, L50, F, shiny|23\/100\n|turn|4\n|\n|t:|1683822401\n|-end|p2b: Flutter Mane|Protosynthesis|[silent]\n|switch|p2b: Palafin|Palafin, L50, F, shiny|100\/100\n|move|p1a: Tsareena|Helping Hand|p1b: Arcanine\n|-singleturn|p1b: Arcanine|Helping Hand|[of] p1a: Tsareena\n|move|p2a: Ceruledge|Bitter Blade|p1a: Tsareena\n|-supereffective|p1a: Tsareena\n|-damage|p1a: Tsareena|0 fnt\n|faint|p1a: Tsareena\n|move|p1b: Arcanine|Flare Blitz|p2a: Ceruledge\n|-start|p2a: Ceruledge|ability: Flash Fire\n|\n|upkeep\n|turn|5\n|-message|Artctry forfeited.\n|\n|win|Kiky14\n|raw|Artctry's rating: 1071 → 1050<\/strong> (-21 for losing)\n|raw|Kiky14's rating: 1063 → 1094<\/strong> (+31 for winning)\n|l|\u2606Artctry\n|l|\u2606Kiky14\n|j|\u2606Kiky14\n|player|p2|Kiky14|hilbert-wonderlauncher\n","uploadtime":1683822473,"views":8,"p1id":"artctry","p2id":"kiky14","formatid":"gen9vgc2023regulationc","rating":1050,"private":0,"password":""}