{"id":"gen9vgc2023regulationc-1845062111","p1":"That_Leek","p2":"KCELLEY","format":"[Gen 9] VGC 2023 Regulation C","log":"|j|\u2606That_Leek\n|j|\u2606KCELLEY\n|t:|1681679214\n|gametype|doubles\n|player|p1|That_Leek|blue|1333\n|player|p2|KCELLEY|erika|1261\n|teamsize|p1|6\n|teamsize|p2|6\n|gen|9\n|tier|[Gen 9] VGC 2023 Regulation C\n|rated|\n|rule|Species Clause: Limit one of each Pok\u00e9mon\n|rule|Item Clause: Limit one of each item\n|clearpoke\n|poke|p1|Tyranitar, L50, M|\n|poke|p1|Gothitelle, L50, F|\n|poke|p1|Gholdengo, L50|\n|poke|p1|Amoonguss, L50, F|\n|poke|p1|Azumarill, L50, M|\n|poke|p1|Arcanine, L50, M|\n|poke|p2|Chi-Yu, L50|\n|poke|p2|Flutter Mane, L50|\n|poke|p2|Indeedee-F, L50, F|\n|poke|p2|Chien-Pao, L50|\n|poke|p2|Iron Bundle, L50|\n|poke|p2|Palafin, L50, F|\n|teampreview|4\nKCELLEY has agreed to open team sheets.\nThat_Leek has agreed to open team sheets.\n|\n|t:|1681679273\n|start\n|switch|p1a: Gothitelle|Gothitelle, L50, F|100\/100\n|switch|p1b: Tyranitar|Tyranitar, L50, M|100\/100\n|switch|p2a: Chien-Pao|Chien-Pao, L50|100\/100\n|switch|p2b: Palafin|Palafin, L50, F, shiny|100\/100\n|-ability|p2a: Chien-Pao|Sword of Ruin\n|-weather|Sandstorm|[from] ability: Sand Stream|[of] p1b: Tyranitar\n|turn|1\n|\n|t:|1681679322\n|-terastallize|p1b: Tyranitar|Flying\n|move|p2a: Chien-Pao|Protect|p2a: Chien-Pao\n|-singleturn|p2a: Chien-Pao|Protect\n|move|p2b: Palafin|Protect|p2b: Palafin\n|-singleturn|p2b: Palafin|Protect\n|move|p1a: Gothitelle|Fake Out|p2a: Chien-Pao\n|-activate|p2a: Chien-Pao|move: Protect\n|move|p1b: Tyranitar|Rock Slide|p2a: Chien-Pao|[spread] \n|-activate|p2a: Chien-Pao|move: Protect\n|-activate|p2b: Palafin|move: Protect\n|\n|-weather|Sandstorm|[upkeep]\n|-damage|p2a: Chien-Pao|95\/100|[from] Sandstorm\n|-damage|p2b: Palafin|95\/100|[from] Sandstorm\n|-damage|p1a: Gothitelle|95\/100|[from] Sandstorm\n|-damage|p1b: Tyranitar|95\/100|[from] Sandstorm\n|upkeep\n|turn|2\n|\n|t:|1681679357\n|move|p2a: Chien-Pao|Ice Spinner|p1b: Tyranitar\n|-supereffective|p1b: Tyranitar\n|-damage|p1b: Tyranitar|5\/100\n|move|p2b: Palafin|Wave Crash|p1a: Gothitelle\n|-damage|p1a: Gothitelle|27\/100\n|-enditem|p1a: Gothitelle|Sitrus Berry|[eat]\n|-heal|p1a: Gothitelle|52\/100|[from] item: Sitrus Berry\n|-damage|p2b: Palafin|76\/100|[from] Recoil\n|move|p1b: Tyranitar|Rock Slide|p2a: Chien-Pao|[spread] p2a,p2b\n|-supereffective|p2a: Chien-Pao\n|-damage|p2a: Chien-Pao|12\/100\n|-damage|p2b: Palafin|24\/100\n|move|p1a: Gothitelle|Trick Room|p1a: Gothitelle\n|-fieldstart|move: Trick Room|[of] p1a: Gothitelle\n|\n|-weather|Sandstorm|[upkeep]\n|-damage|p1b: Tyranitar|0 fnt|[from] Sandstorm\n|-damage|p1a: Gothitelle|46\/100|[from] Sandstorm\n|-damage|p2b: Palafin|18\/100|[from] Sandstorm\n|-damage|p2a: Chien-Pao|6\/100|[from] Sandstorm\n|faint|p1b: Tyranitar\n|upkeep\n|\n|t:|1681679365\n|switch|p1b: Arcanine|Arcanine, L50, M|100\/100\n|-ability|p1b: Arcanine|Intimidate|boost\n|-unboost|p2a: Chien-Pao|atk|1\n|-unboost|p2b: Palafin|atk|1\n|turn|3\n|\n|t:|1681679408\n|move|p2b: Palafin|Protect|p2b: Palafin\n|-singleturn|p2b: Palafin|Protect\n|move|p2a: Chien-Pao|Protect|p2a: Chien-Pao\n|-singleturn|p2a: Chien-Pao|Protect\n|move|p1b: Arcanine|Extreme Speed|p2a: Chien-Pao\n|-activate|p2a: Chien-Pao|move: Protect\n|move|p1a: Gothitelle|Psychic|p2b: Palafin\n|-activate|p2b: Palafin|move: Protect\n|\n|-weather|Sandstorm|[upkeep]\n|-damage|p1a: Gothitelle|40\/100|[from] Sandstorm\n|-damage|p2b: Palafin|12\/100|[from] Sandstorm\n|-damage|p2a: Chien-Pao|0 fnt|[from] Sandstorm\n|faint|p2a: Chien-Pao\n|upkeep\n|\n|t:|1681679425\n|switch|p2a: Chi-Yu|Chi-Yu, L50|100\/100\n|-ability|p2a: Chi-Yu|Beads of Ruin\n|turn|4\n|inactive|Battle timer is ON: inactive players will automatically lose when time's up. (requested by KCELLEY)\n|inactive|KCELLEY has 60 seconds left.\n|\n|t:|1681679488\n|move|p1a: Gothitelle|Protect|p1a: Gothitelle\n|-singleturn|p1a: Gothitelle|Protect\n|move|p1b: Arcanine|Extreme Speed|p2b: Palafin\n|-damage|p2b: Palafin|0 fnt\n|faint|p2b: Palafin\n|move|p2a: Chi-Yu|Dark Pulse|p1b: Arcanine\n|-damage|p1b: Arcanine|24\/100\n|-damage|p2a: Chi-Yu|90\/100|[from] item: Life Orb\n|\n|-weather|Sandstorm|[upkeep]\n|-damage|p1a: Gothitelle|35\/100|[from] Sandstorm\n|-damage|p2a: Chi-Yu|84\/100|[from] Sandstorm\n|upkeep\n|\n|t:|1681679499\n|switch|p2b: Flutter Mane|Flutter Mane, L50|100\/100\n|turn|5\n|inactive|KCELLEY has 30 seconds left.\n|inactive|KCELLEY has 20 seconds left.\n|inactive|KCELLEY has 15 seconds left.\n|inactive|KCELLEY has 10 seconds left.\n|inactive|KCELLEY has 5 seconds left.\n|\n|t:|1681679554\n|move|p1a: Gothitelle|Psychic|p2b: Flutter Mane\n|-damage|p2b: Flutter Mane|63\/100\n|move|p1b: Arcanine|Flare Blitz|p2b: Flutter Mane\n|-damage|p2b: Flutter Mane|0 fnt\n|faint|p2b: Flutter Mane\n|-end|p2b: Flutter Mane|Protosynthesis|[silent]\n|-damage|p1b: Arcanine|8\/100|[from] Recoil\n|move|p2a: Chi-Yu|Dark Pulse|p1a: Gothitelle\n|-supereffective|p1a: Gothitelle\n|-damage|p1a: Gothitelle|0 fnt\n|faint|p1a: Gothitelle\n|-damage|p2a: Chi-Yu|74\/100|[from] item: Life Orb\n|\n|-weather|none\n|upkeep\n|\n|t:|1681679558\n|switch|p1a: Amoonguss|Amoonguss, L50, F|100\/100\n|turn|6\n|\n|t:|1681679577\n|move|p2a: Chi-Yu|Protect|p2a: Chi-Yu\n|-singleturn|p2a: Chi-Yu|Protect\n|move|p1b: Arcanine|Extreme Speed|p2a: Chi-Yu\n|-activate|p2a: Chi-Yu|move: Protect\n|move|p1a: Amoonguss|Spore|p2a: Chi-Yu\n|-activate|p2a: Chi-Yu|move: Protect\n|\n|-fieldend|move: Trick Room\n|upkeep\n|turn|7\n|\n|t:|1681679588\n|move|p1b: Arcanine|Extreme Speed|p2a: Chi-Yu\n|-damage|p2a: Chi-Yu|33\/100\n|move|p1a: Amoonguss|Rage Powder|p1a: Amoonguss\n|-singleturn|p1a: Amoonguss|move: Rage Powder\n|move|p2a: Chi-Yu|Heat Wave|p1a: Amoonguss|[spread] p1a,p1b\n|-supereffective|p1a: Amoonguss\n|-resisted|p1b: Arcanine\n|-damage|p1a: Amoonguss|2\/100\n|-damage|p1b: Arcanine|0 fnt\n|faint|p1b: Arcanine\n|-damage|p2a: Chi-Yu|23\/100|[from] item: Life Orb\n|\n|upkeep\n|turn|8\n|\n|t:|1681679601\n|move|p2a: Chi-Yu|Psychic|p1a: Amoonguss\n|-supereffective|p1a: Amoonguss\n|-damage|p1a: Amoonguss|0 fnt\n|faint|p1a: Amoonguss\n|-damage|p2a: Chi-Yu|13\/100|[from] item: Life Orb\n|\n|win|KCELLEY\n|raw|That_Leek's rating: 1333 → 1309<\/strong> (-24 for losing)\n|raw|KCELLEY's rating: 1261 → 1291<\/strong> (+30 for winning)\n|l|\u2606KCELLEY\n|l|\u2606That_Leek\n|j|\u2606That_Leek\n|player|p1|That_Leek|blue\n","uploadtime":1681679867,"views":6,"p1id":"thatleek","p2id":"kcelley","formatid":"gen9vgc2023regulationc","rating":1291,"private":0,"password":""}