{"id":"gen9vgc2023regulationc-1863748447","p1":"JessieE","p2":"Annie Key","format":"[Gen 9] VGC 2023 Regulation C","log":"|j|\u2606JessieE\n|j|\u2606Annie Key\n|t:|1684071503\n|gametype|doubles\n|player|p1|JessieE|169|\n|player|p2|Annie Key|hilda-wonderlauncher|\n|teamsize|p1|6\n|teamsize|p2|6\n|gen|9\n|tier|[Gen 9] VGC 2023 Regulation C\n|rule|Species Clause: Limit one of each Pok\u00e9mon\n|rule|Item Clause: Limit one of each item\n|clearpoke\n|poke|p1|Staraptor, L50, F|\n|poke|p1|Mismagius, L50, F|\n|poke|p1|Honchkrow, L50, M|\n|poke|p1|Rotom-Fan, L50|\n|poke|p1|Magnezone, L50|\n|poke|p1|Drifblim, L50, F|\n|poke|p2|Haxorus, L50, F|\n|poke|p2|Volcarona, L50, F|\n|poke|p2|Braviary, L50, M|\n|poke|p2|Amoonguss, L50, F|\n|poke|p2|Alomomola, L50, F|\n|poke|p2|Bisharp, L50, F|\n|teampreview|4\n|\n|t:|1684071530\n|start\n|switch|p1a: Sammy|Staraptor, L50, F|100\/100\n|switch|p1b: Penguin Zero|Honchkrow, L50, M|100\/100\n|switch|p2a: Alomomola|Alomomola, L50, F|100\/100\n|switch|p2b: Braviary|Braviary, L50, M|100\/100\n|turn|1\n|\n|t:|1684071573\n|-terastallize|p1a: Sammy|Normal\n|move|p1a: Sammy|Double-Edge|p2b: Braviary\n|-damage|p2b: Braviary|0 fnt\n|faint|p2b: Braviary\n|-damage|p1a: Sammy|64\/100|[from] Recoil\n|-damage|p1a: Sammy|54\/100|[from] item: Life Orb\n|move|p1b: Penguin Zero|Night Slash|p2a: Alomomola\n|-crit|p2a: Alomomola\n|-damage|p2a: Alomomola|69\/100\n|move|p2a: Alomomola|Chilling Water|p1a: Sammy\n|-damage|p1a: Sammy|39\/100\n|-unboost|p1a: Sammy|atk|1\n|\n|upkeep\n|\n|t:|1684071590\n|switch|p2b: Amoonguss|Amoonguss, L50, F|100\/100\n|turn|2\n|\n|t:|1684071611\n|switch|p1a: Z|Mismagius, L50, F|100\/100\n|move|p2b: Amoonguss|Rage Powder|p2b: Amoonguss\n|-singleturn|p2b: Amoonguss|move: Rage Powder\n|move|p1b: Penguin Zero|Taunt|p2b: Amoonguss|[miss]\n|-miss|p1b: Penguin Zero|p2b: Amoonguss\n|move|p2a: Alomomola|Chilling Water|p1b: Penguin Zero\n|-damage|p1b: Penguin Zero|88\/100\n|-unboost|p1b: Penguin Zero|atk|1\n|\n|upkeep\n|turn|3\n|\n|t:|1684071632\n|move|p1a: Z|Perish Song|p1a: Z\n|-start|p1a: Z|perish3|[silent]\n|-start|p1b: Penguin Zero|perish3|[silent]\n|-start|p2a: Alomomola|perish3|[silent]\n|-start|p2b: Amoonguss|perish3|[silent]\n|-fieldactivate|move: Perish Song\n|move|p1b: Penguin Zero|Taunt|p2b: Amoonguss\n|-start|p2b: Amoonguss|move: Taunt\n|move|p2a: Alomomola|Baton Pass|p2a: Alomomola\n|\n|t:|1684071639\n|switch|p2a: Haxorus|Haxorus, L50, F|100\/100|[from] Baton Pass\n|-ability|p2a: Haxorus|Mold Breaker\n|cant|p2b: Amoonguss|move: Taunt|Spore\n|\n|-start|p1a: Z|perish3\n|-start|p2a: Haxorus|perish3\n|-start|p1b: Penguin Zero|perish3\n|-start|p2b: Amoonguss|perish3\n|upkeep\n|turn|4\n|\n|t:|1684071662\n|switch|p1b: Vriska|Drifblim, L50, F|100\/100\n|move|p1a: Z|Destiny Bond|p1a: Z\n|-singlemove|p1a: Z|Destiny Bond\n|move|p2a: Haxorus|Outrage|p1b: Vriska\n|-damage|p1b: Vriska|13\/100\n|move|p2b: Amoonguss|Foul Play|p1a: Z\n|-supereffective|p1a: Z\n|-damage|p1a: Z|65\/100\n|\n|-start|p1a: Z|perish2\n|-start|p2a: Haxorus|perish2\n|-start|p2b: Amoonguss|perish2\n|upkeep\n|turn|5\n|\n|t:|1684071690\n|move|p1a: Z|Mean Look|p2a: Haxorus\n|-activate|p2a: Haxorus|trapped\n|move|p2a: Haxorus|Outrage|p1b: Vriska|[from]lockedmove\n|-crit|p1b: Vriska\n|-damage|p1b: Vriska|0 fnt\n|-damage|p2a: Haxorus|76\/100|[from] ability: Aftermath|[of] p1b: Vriska\n|faint|p1b: Vriska\n|move|p2b: Amoonguss|Foul Play|p1a: Z\n|-supereffective|p1a: Z\n|-damage|p1a: Z|31\/100\n|\n|-end|p2b: Amoonguss|move: Taunt\n|-start|p1a: Z|perish1\n|-start|p2a: Haxorus|perish1\n|-start|p2b: Amoonguss|perish1\n|upkeep\n|\n|t:|1684071705\n|switch|p1b: Penguin Zero|Honchkrow, L50, M|88\/100\n|turn|6\n|\n|t:|1684071722\n|switch|p2b: Alomomola|Alomomola, L50, F|100\/100\n|move|p1a: Z|Destiny Bond|p1a: Z\n|-singlemove|p1a: Z|Destiny Bond\n|move|p2a: Haxorus|Outrage|p1a: Z|[from]lockedmove\n|-damage|p1a: Z|0 fnt\n|faint|p1a: Z\n|-activate|p1a: Z|move: Destiny Bond\n|faint|p2a: Haxorus\n|move|p1b: Penguin Zero|Night Slash|p2b: Alomomola\n|-crit|p2b: Alomomola\n|-damage|p2b: Alomomola|68\/100\n|\n|upkeep\n|\n|t:|1684071740\n|switch|p1a: Sammy|Staraptor, L50, F, tera:Normal|39\/100\n|switch|p2a: Amoonguss|Amoonguss, L50, F|100\/100\n|turn|7\n|\n|t:|1684071758\n|move|p1a: Sammy|Rest|p1a: Sammy\n|-status|p1a: Sammy|slp|[from] move: Rest\n|-heal|p1a: Sammy|100\/100 slp|[silent]\n|move|p1b: Penguin Zero|Comeuppance||[still]\n|-fail|p1b: Penguin Zero\n|move|p2b: Alomomola|Chilling Water|p1a: Sammy\n|-damage|p1a: Sammy|85\/100 slp\n|-unboost|p1a: Sammy|atk|1\n|move|p2a: Amoonguss|Spore|p1b: Penguin Zero\n|-status|p1b: Penguin Zero|slp|[from] move: Spore\n|\n|upkeep\n|turn|8\n|\n|t:|1684071781\n|cant|p1a: Sammy|slp\n|move|p1a: Sammy|Sleep Talk|p1a: Sammy\n|move|p1a: Sammy|Double-Edge|p2b: Alomomola|[from]move: Sleep Talk\n|-damage|p2b: Alomomola|24\/100\n|-enditem|p2b: Alomomola|Starf Berry|[eat]\n|-boost|p2b: Alomomola|spa|2|[from] item: Starf Berry\n|-damage|p1a: Sammy|60\/100 slp|[from] Recoil\n|-damage|p1a: Sammy|50\/100 slp|[from] item: Life Orb\n|cant|p1b: Penguin Zero|slp\n|move|p2b: Alomomola|Calm Mind|p2b: Alomomola\n|-boost|p2b: Alomomola|spa|1\n|-boost|p2b: Alomomola|spd|1\n|move|p2a: Amoonguss|Foul Play|p1a: Sammy\n|-damage|p1a: Sammy|18\/100 slp\n|\n|upkeep\n|turn|9\n|\n|t:|1684071807\n|move|p2a: Amoonguss|Rage Powder|p2a: Amoonguss\n|-singleturn|p2a: Amoonguss|move: Rage Powder\n|cant|p1a: Sammy|slp\n|move|p1a: Sammy|Sleep Talk|p1a: Sammy\n|move|p1a: Sammy|Double-Edge|p2a: Amoonguss|[from]move: Sleep Talk\n|-damage|p2a: Amoonguss|17\/100\n|-damage|p1a: Sammy|0 fnt|[from] Recoil\n|faint|p1a: Sammy\n|cant|p1b: Penguin Zero|slp\n|move|p2b: Alomomola|Chilling Water|p1b: Penguin Zero\n|-damage|p1b: Penguin Zero|58\/100 slp\n|-unboost|p1b: Penguin Zero|atk|1\n|\n|upkeep\n|turn|10\n|\n|t:|1684071825\n|-curestatus|p1b: Penguin Zero|slp|[msg]\n|move|p1b: Penguin Zero|Night Slash|p2a: Amoonguss\n|-crit|p2a: Amoonguss\n|-damage|p2a: Amoonguss|0 fnt\n|faint|p2a: Amoonguss\n|move|p2b: Alomomola|Chilling Water|p1b: Penguin Zero\n|-damage|p1b: Penguin Zero|26\/100\n|-unboost|p1b: Penguin Zero|atk|1\n|\n|upkeep\n|turn|11\n|\n|t:|1684071845\n|move|p1b: Penguin Zero|Night Slash|p2b: Alomomola\n|-crit|p2b: Alomomola\n|-damage|p2b: Alomomola|0 fnt\n|faint|p2b: Alomomola\n|\n|win|JessieE\n","uploadtime":1684071851,"views":21,"p1id":"jessiee","p2id":"anniekey","formatid":"gen9vgc2023regulationc","rating":0,"private":0,"password":""}