{"id":"gen9vgc2023regulationc-1864183667","p1":"revocolombia","p2":"Joltona","format":"[Gen 9] VGC 2023 Regulation C","log":"|j|\u2606revocolombia\n|j|\u2606Joltona\n|t:|1684132040\n|gametype|doubles\n|player|p1|revocolombia|pokemonranger-gen4|1241\n|player|p2|Joltona|flannery|1331\n|teamsize|p1|6\n|teamsize|p2|6\n|gen|9\n|tier|[Gen 9] VGC 2023 Regulation C\n|rated|\n|rule|Species Clause: Limit one of each Pok\u00e9mon\n|rule|Item Clause: Limit one of each item\n|clearpoke\n|poke|p1|Flutter Mane, L50|\n|poke|p1|Annihilape, L50, M|\n|poke|p1|Dragonite, L50, F|\n|poke|p1|Chien-Pao, L50|\n|poke|p1|Murkrow, L50, F|\n|poke|p1|Rotom-Wash, L50|\n|poke|p2|Indeedee-F, L50, F|\n|poke|p2|Kingambit, L50, M|\n|poke|p2|Hatterene, L50, F|\n|poke|p2|Armarouge, L50, M|\n|poke|p2|Hariyama, L50, M|\n|poke|p2|Tsareena, L50, F|\n|teampreview|4\n|\n|t:|1684132076\n|start\n|switch|p1a: Chien-Pao|Chien-Pao, L50|100\/100\n|switch|p1b: Annihilape|Annihilape, L50, M, shiny|100\/100\n|switch|p2a: Kingambit|Kingambit, L50, M|100\/100\n|switch|p2b: Hatterene|Hatterene, L50, F|100\/100\n|-ability|p1a: Chien-Pao|Sword of Ruin\n|turn|1\n|\n|t:|1684132108\n|-terastallize|p2a: Kingambit|Water\n|move|p1a: Chien-Pao|Sacred Sword|p2a: Kingambit\n|-damage|p2a: Kingambit|69\/100\n|move|p1b: Annihilape|Bulk Up|p1b: Annihilape\n|-boost|p1b: Annihilape|atk|1\n|-boost|p1b: Annihilape|def|1\n|move|p2a: Kingambit|Iron Head|p1a: Chien-Pao\n|-supereffective|p1a: Chien-Pao\n|-enditem|p1a: Chien-Pao|Focus Sash\n|-damage|p1a: Chien-Pao|1\/100\n|move|p2b: Hatterene|Trick Room|p2b: Hatterene\n|-fieldstart|move: Trick Room|[of] p2b: Hatterene\n|\n|upkeep\n|turn|2\n|\n|t:|1684132134\n|switch|p2a: Indeedee|Indeedee-F, L50, F|100\/100\n|-fieldstart|move: Psychic Terrain|[from] ability: Psychic Surge|[of] p2a: Indeedee\n|-enditem|p2a: Indeedee|Psychic Seed\n|-boost|p2a: Indeedee|spd|1|[from] item: Psychic Seed\n|-terastallize|p1b: Annihilape|Fire\n|move|p1a: Chien-Pao|Sucker Punch|p2b: Hatterene\n|-activate|p2b: Hatterene|move: Psychic Terrain\n|move|p2b: Hatterene|Dazzling Gleam|p1b: Annihilape|[spread] p1a,p1b\n|-supereffective|p1a: Chien-Pao\n|-resisted|p1b: Annihilape\n|-damage|p1a: Chien-Pao|0 fnt\n|-damage|p1b: Annihilape|85\/100\n|faint|p1a: Chien-Pao\n|move|p1b: Annihilape|Rage Fist|p2b: Hatterene\n|-supereffective|p2b: Hatterene\n|-damage|p2b: Hatterene|0 fnt\n|faint|p2b: Hatterene\n|\n|-heal|p1b: Annihilape|91\/100|[from] item: Leftovers\n|upkeep\n|\n|t:|1684132157\n|switch|p2b: Kingambit|Kingambit, L50, M, tera:Water|69\/100\n|switch|p1a: Rotom|Rotom-Wash, L50|100\/100\n|turn|3\n|\n|t:|1684132168\n|move|p1b: Annihilape|Protect|p1b: Annihilape\n|-singleturn|p1b: Annihilape|Protect\n|move|p2a: Indeedee|Follow Me|p2a: Indeedee\n|-singleturn|p2a: Indeedee|move: Follow Me\n|move|p2b: Kingambit|Tera Blast|p1b: Annihilape\n|-activate|p1b: Annihilape|move: Protect\n|move|p1a: Rotom|Volt Switch|p2a: Indeedee\n|-damage|p2a: Indeedee|70\/100\n|\n|t:|1684132184\n|switch|p1a: Dragonite|Dragonite, L50, F|100\/100|[from] Volt Switch\n|\n|-heal|p1b: Annihilape|97\/100|[from] item: Leftovers\n|upkeep\n|turn|4\n|\n|t:|1684132196\n|switch|p1b: Rotom|Rotom-Wash, L50|100\/100\n|move|p2a: Indeedee|Helping Hand|p2b: Kingambit\n|-singleturn|p2b: Kingambit|Helping Hand|[of] p2a: Indeedee\n|move|p2b: Kingambit|Tera Blast|p1b: Rotom\n|-resisted|p1b: Rotom\n|-damage|p1b: Rotom|59\/100\n|move|p1a: Dragonite|Thunder Punch|p2b: Kingambit\n|-supereffective|p2b: Kingambit\n|-damage|p2b: Kingambit|21\/100\n|-status|p2b: Kingambit|par\n|\n|upkeep\n|turn|5\n|\n|t:|1684132221\n|switch|p2b: Armarouge|Armarouge, L50, M|100\/100\n|move|p2a: Indeedee|Skill Swap|p1a: Dragonite\n|-activate|p2a: Indeedee|move: Skill Swap|Multiscale|Psychic Surge|[of] p1a: Dragonite\n|move|p1b: Rotom|Thunderbolt|p2a: Indeedee\n|-damage|p2a: Indeedee|29\/100\n|-status|p2a: Indeedee|par\n|move|p1a: Dragonite|Thunder Punch|p2b: Armarouge\n|-damage|p2b: Armarouge|75\/100\n|\n|-fieldend|move: Trick Room\n|upkeep\n|turn|6\n|\n|t:|1684132245\n|cant|p2a: Indeedee|par\n|move|p1a: Dragonite|Thunder Punch|p2b: Armarouge\n|-damage|p2b: Armarouge|49\/100\n|move|p1b: Rotom|Thunderbolt|p2a: Indeedee\n|-damage|p2a: Indeedee|0 fnt\n|faint|p2a: Indeedee\n|move|p2b: Armarouge|Expanding Force|p1b: Rotom|[spread] p1a,p1b\n|-damage|p1a: Dragonite|31\/100\n|-damage|p1b: Rotom|0 fnt\n|faint|p1b: Rotom\n|\n|-fieldend|move: Psychic Terrain\n|upkeep\n|\n|t:|1684132259\n|switch|p1b: Annihilape|Annihilape, L50, M, shiny, tera:Fire|97\/100\n|switch|p2a: Kingambit|Kingambit, L50, M, tera:Water|21\/100 par\n|turn|7\n|\n|t:|1684132284\n|move|p2b: Armarouge|Protect|p2b: Armarouge\n|-singleturn|p2b: Armarouge|Protect\n|move|p1a: Dragonite|Extreme Speed|p2a: Kingambit\n|-damage|p2a: Kingambit|0 fnt\n|faint|p2a: Kingambit\n|move|p1b: Annihilape|Rage Fist|p2b: Armarouge\n|-activate|p2b: Armarouge|move: Protect\n|\n|-heal|p1b: Annihilape|100\/100|[from] item: Leftovers\n|upkeep\n|turn|8\n|c|\u2606Joltona|gg\n|-message|Joltona forfeited.\n|\n|win|revocolombia\n|raw|revocolombia's rating: 1241 → 1272<\/strong> (+31 for winning)\n|raw|Joltona's rating: 1331 → 1306<\/strong> (-25 for losing)\n|l|\u2606Joltona\n","uploadtime":1684132299,"views":6,"p1id":"revocolombia","p2id":"joltona","formatid":"gen9vgc2023regulationc","rating":1272,"private":0,"password":""}