{"id":"gen9vgc2023regulationc-1848932595","p1":"That_Leek","p2":"teripand","format":"[Gen 9] VGC 2023 Regulation C","log":"|j|\u2606That_Leek\n|j|\u2606teripand\n|t:|1682127844\n|gametype|doubles\n|player|p1|That_Leek|blue-masters|1371\n|player|p2|teripand|1|1421\n|teamsize|p1|6\n|teamsize|p2|6\n|gen|9\n|tier|[Gen 9] VGC 2023 Regulation C\n|rated|\n|rule|Species Clause: Limit one of each Pok\u00e9mon\n|rule|Item Clause: Limit one of each item\n|clearpoke\n|poke|p1|Gholdengo, L50|\n|poke|p1|Gyarados, L50, F|\n|poke|p1|Tyranitar, L50, F|\n|poke|p1|Maushold-Four, L50|\n|poke|p1|Annihilape, L50, M|\n|poke|p1|Volcarona, L50, M|\n|poke|p2|Gyarados, L50, M|\n|poke|p2|Hippowdon, L50, F|\n|poke|p2|Wo-Chien, L50|\n|poke|p2|Garganacl, L50, M|\n|poke|p2|Flutter Mane, L50|\n|poke|p2|Glimmora, L50, F|\n|teampreview|4\n|inactive|Battle timer is ON: inactive players will automatically lose when time's up. (requested by teripand)\n|\n|t:|1682127886\n|start\n|switch|p1a: Gholdengo|Gholdengo, L50|100\/100\n|switch|p1b: Volcarona|Volcarona, L50, M|100\/100\n|switch|p2a: Garganacl|Garganacl, L50, M|100\/100\n|switch|p2b: Glimmora|Glimmora, L50, F|100\/100\n|turn|1\n|inactive|teripand has 30 seconds left.\n|\n|t:|1682127916\n|move|p2a: Garganacl|Wide Guard|p2a: Garganacl\n|-singleturn|p2a: Garganacl|Wide Guard\n|move|p1b: Volcarona|Rage Powder|p1b: Volcarona\n|-singleturn|p1b: Volcarona|move: Rage Powder\n|move|p2b: Glimmora|Power Gem|p1b: Volcarona\n|-supereffective|p1b: Volcarona\n|-damage|p1b: Volcarona|0 fnt\n|faint|p1b: Volcarona\n|move|p1a: Gholdengo|Nasty Plot|p1a: Gholdengo\n|-boost|p1a: Gholdengo|spa|2\n|\n|upkeep\n|\n|t:|1682127924\n|switch|p1b: Annihilape|Annihilape, L50, M|100\/100\n|turn|2\n|\n|t:|1682127945\n|move|p2a: Garganacl|Wide Guard|p2a: Garganacl\n|-singleturn|p2a: Garganacl|Wide Guard\n|move|p2b: Glimmora|Earth Power|p1a: Gholdengo\n|-supereffective|p1a: Gholdengo\n|-damage|p1a: Gholdengo|33\/100\n|move|p1b: Annihilape|Bulk Up|p1b: Annihilape\n|-boost|p1b: Annihilape|atk|1\n|-boost|p1b: Annihilape|def|1\n|move|p1a: Gholdengo|Shadow Ball|p2b: Glimmora\n|-damage|p2b: Glimmora|0 fnt\n|faint|p2b: Glimmora\n|-damage|p1a: Gholdengo|23\/100|[from] item: Life Orb\n|\n|upkeep\n|\n|t:|1682127957\n|switch|p2b: Wo-Chien|Wo-Chien, L50|100\/100\n|-ability|p2b: Wo-Chien|Tablets of Ruin\n|turn|3\n|\n|t:|1682127965\n|-terastallize|p2a: Garganacl|Poison\n|move|p1b: Annihilape|Bulk Up|p1b: Annihilape\n|-boost|p1b: Annihilape|atk|1\n|-boost|p1b: Annihilape|def|1\n|move|p1a: Gholdengo|Make It Rain|p2a: Garganacl|[spread] p2a,p2b\n|-damage|p2a: Garganacl|4\/100\n|-damage|p2b: Wo-Chien|8\/100\n|-unboost|p1a: Gholdengo|spa|1\n|-enditem|p2b: Wo-Chien|Aguav Berry|[eat]\n|-heal|p2b: Wo-Chien|41\/100|[from] item: Aguav Berry\n|-damage|p1a: Gholdengo|14\/100|[from] item: Life Orb\n|move|p2b: Wo-Chien|Leech Seed|p1b: Annihilape\n|-start|p1b: Annihilape|move: Leech Seed\n|move|p2a: Garganacl|Salt Cure|p1a: Gholdengo\n|-resisted|p1a: Gholdengo\n|-damage|p1a: Gholdengo|9\/100\n|-start|p1a: Gholdengo|Salt Cure\n|\n|-heal|p2a: Garganacl|10\/100|[from] item: Leftovers\n|-damage|p1b: Annihilape|88\/100|[from] Leech Seed|[of] p2b: Wo-Chien\n|-heal|p2b: Wo-Chien|54\/100|[silent]\n|-damage|p1a: Gholdengo|0 fnt|[from] Salt Cure\n|faint|p1a: Gholdengo\n|upkeep\n|\n|t:|1682127974\n|switch|p1a: Gyarados|Gyarados, L50, F|100\/100\n|-ability|p1a: Gyarados|Intimidate|boost\n|-unboost|p2a: Garganacl|atk|1\n|-unboost|p2b: Wo-Chien|atk|1\n|turn|4\n|inactive|teripand has 30 seconds left.\n|inactive|teripand has 20 seconds left.\n|inactive|teripand has 15 seconds left.\n|inactive|teripand has 10 seconds left.\n|inactive|teripand has 5 seconds left.\n|\n|t:|1682128025\n|move|p2b: Wo-Chien|Protect|p2b: Wo-Chien\n|-singleturn|p2b: Wo-Chien|Protect\n|move|p2a: Garganacl|Protect|p2a: Garganacl\n|-singleturn|p2a: Garganacl|Protect\n|move|p1b: Annihilape|Drain Punch|p2b: Wo-Chien\n|-activate|p2b: Wo-Chien|move: Protect\n|move|p1a: Gyarados|Waterfall|p2a: Garganacl\n|-activate|p2a: Garganacl|move: Protect\n|\n|-heal|p1b: Annihilape|94\/100|[from] item: Leftovers\n|-heal|p2a: Garganacl|15\/100|[from] item: Leftovers\n|-damage|p1b: Annihilape|82\/100|[from] Leech Seed|[of] p2b: Wo-Chien\n|-heal|p2b: Wo-Chien|68\/100|[silent]\n|upkeep\n|turn|5\n|inactive|teripand has 30 seconds left.\n|inactive|teripand has 20 seconds left.\n|\n|t:|1682128061\n|switch|p2a: Hippowdon|Hippowdon, L50, F|100\/100\n|-weather|Sandstorm|[from] ability: Sand Stream|[of] p2a: Hippowdon\n|move|p1b: Annihilape|Drain Punch|p2b: Wo-Chien\n|-supereffective|p2b: Wo-Chien\n|-damage|p2b: Wo-Chien|1\/100\n|-heal|p1b: Annihilape|100\/100|[from] drain|[of] p2b: Wo-Chien\n|move|p1a: Gyarados|Waterfall|p2a: Hippowdon\n|-supereffective|p2a: Hippowdon\n|-damage|p2a: Hippowdon|56\/100\n|move|p2b: Wo-Chien|Foul Play|p1b: Annihilape\n|-damage|p1b: Annihilape|60\/100\n|\n|-weather|Sandstorm|[upkeep]\n|-damage|p1b: Annihilape|53\/100|[from] Sandstorm\n|-damage|p1a: Gyarados|95\/100|[from] Sandstorm\n|-damage|p2b: Wo-Chien|0 fnt|[from] Sandstorm\n|faint|p2b: Wo-Chien\n|-heal|p1b: Annihilape|60\/100|[from] item: Leftovers\n|upkeep\n|\n|t:|1682128074\n|switch|p2b: Garganacl|Garganacl, L50, M, tera:Poison|15\/100\n|turn|6\n|\n|t:|1682128095\n|move|p2b: Garganacl|Protect|p2b: Garganacl\n|-singleturn|p2b: Garganacl|Protect\n|move|p1b: Annihilape|Rage Fist|p2b: Garganacl\n|-activate|p2b: Garganacl|move: Protect\n|move|p1a: Gyarados|Waterfall|p2a: Hippowdon\n|-supereffective|p2a: Hippowdon\n|-damage|p2a: Hippowdon|0 fnt\n|faint|p2a: Hippowdon\n|\n|-weather|Sandstorm|[upkeep]\n|-damage|p1b: Annihilape|53\/100|[from] Sandstorm\n|-damage|p1a: Gyarados|89\/100|[from] Sandstorm\n|-damage|p2b: Garganacl|10\/100|[from] Sandstorm\n|-heal|p1b: Annihilape|60\/100|[from] item: Leftovers\n|-heal|p2b: Garganacl|15\/100|[from] item: Leftovers\n|-damage|p1b: Annihilape|47\/100|[from] Leech Seed|[of] p2b: Garganacl\n|-heal|p2b: Garganacl|28\/100|[silent]\n|upkeep\n|turn|7\n|-message|teripand forfeited.\n|\n|win|That_Leek\n|raw|That_Leek's rating: 1371 → 1394<\/strong> (+23 for winning)\n|raw|teripand's rating: 1421 → 1398<\/strong> (-23 for losing)\n|l|\u2606teripand\n","uploadtime":1682128111,"views":7,"p1id":"thatleek","p2id":"teripand","formatid":"gen9vgc2023regulationc","rating":1394,"private":0,"password":""}