{"id":"gen9vgc2023regulationc-1845900224","p1":"paradoxarena","p2":"kingjdjdjd","format":"[Gen 9] VGC 2023 Regulation C","log":"|j|\u2606paradoxarena\n|j|\u2606kingjdjdjd\n|t:|1681777058\n|gametype|doubles\n|player|p1|paradoxarena|red|1109\n|player|p2|kingjdjdjd|102|1165\n|teamsize|p1|6\n|teamsize|p2|6\n|gen|9\n|tier|[Gen 9] VGC 2023 Regulation C\n|rated|\n|rule|Species Clause: Limit one of each Pok\u00e9mon\n|rule|Item Clause: Limit one of each item\n|clearpoke\n|poke|p1|Tauros-Paldea-Aqua, L50, M|\n|poke|p1|Flutter Mane, L50|\n|poke|p1|Amoonguss, L50, M|\n|poke|p1|Chi-Yu, L50|\n|poke|p1|Talonflame, L50, M|\n|poke|p1|Baxcalibur, L50, M|\n|poke|p2|Amoonguss, L50, F|\n|poke|p2|Orthworm, L50, F|\n|poke|p2|Garchomp, L50, M|\n|poke|p2|Dragonite, L50, M|\n|poke|p2|Glimmora, L50, F|\n|poke|p2|Murkrow, L50, M|\n|teampreview|4\n|\n|t:|1681777087\n|start\n|switch|p1a: Talonflame|Talonflame, L50, M|100\/100\n|switch|p1b: Chi-Yu|Chi-Yu, L50|100\/100\n|switch|p2a: Glimmora|Glimmora, L50, F|100\/100\n|switch|p2b: Garchomp|Garchomp, L50, M|100\/100\n|-ability|p1b: Chi-Yu|Beads of Ruin\n|turn|1\n|\n|t:|1681777139\n|-terastallize|p2a: Glimmora|Flying\n|move|p1b: Chi-Yu|Protect|p1b: Chi-Yu\n|-singleturn|p1b: Chi-Yu|Protect\n|move|p1a: Talonflame|Tailwind|p1a: Talonflame\n|-sidestart|p1: paradoxarena|move: Tailwind\n|move|p2a: Glimmora|Power Gem|p1a: Talonflame\n|-supereffective|p1a: Talonflame\n|-damage|p1a: Talonflame|0 fnt\n|faint|p1a: Talonflame\n|move|p2b: Garchomp|Earthquake|p1b: Chi-Yu|[spread] \n|-activate|p1b: Chi-Yu|move: Protect\n|-immune|p2a: Glimmora\n|\n|upkeep\n|\n|t:|1681777152\n|switch|p1a: Tauros|Tauros-Paldea-Aqua, L50, M|100\/100\n|-ability|p1a: Tauros|Intimidate|boost\n|-unboost|p2a: Glimmora|atk|1\n|-unboost|p2b: Garchomp|atk|1\n|turn|2\n|\n|t:|1681777167\n|switch|p2b: Murkrow|Murkrow, L50, M|100\/100\n|move|p1b: Chi-Yu|Heat Wave|p2a: Glimmora|[spread] p2a,p2b\n|-crit|p2a: Glimmora\n|-damage|p2a: Glimmora|4\/100\n|-damage|p2b: Murkrow|52\/100\n|move|p1a: Tauros|Raging Bull|p2a: Glimmora\n|-damage|p2a: Glimmora|0 fnt\n|-activate|p2a: Glimmora|ability: Toxic Debris\n|-sidestart|p1: paradoxarena|move: Toxic Spikes\n|faint|p2a: Glimmora\n|\n|upkeep\n|\n|t:|1681777182\n|switch|p2a: Garchomp|Garchomp, L50, M|100\/100\n|turn|3\n|\n|t:|1681777196\n|move|p1a: Tauros|Aqua Jet|p2b: Murkrow\n|-damage|p2b: Murkrow|30\/100\n|move|p2b: Murkrow|Tailwind|p2b: Murkrow\n|-sidestart|p2: kingjdjdjd|move: Tailwind\n|move|p1b: Chi-Yu|Heat Wave|p2b: Murkrow|[spread] p2a\n|-miss|p1b: Chi-Yu|p2b: Murkrow\n|-resisted|p2a: Garchomp\n|-damage|p2a: Garchomp|72\/100\n|move|p2a: Garchomp|Earthquake|p1b: Chi-Yu|[spread] p1a,p1b\n|-immune|p2b: Murkrow\n|-supereffective|p1b: Chi-Yu\n|-damage|p1a: Tauros|40\/100\n|-enditem|p1b: Chi-Yu|Focus Sash\n|-damage|p1b: Chi-Yu|1\/100\n|-damage|p2a: Garchomp|62\/100|[from] item: Life Orb\n|\n|upkeep\n|turn|4\n|\n|t:|1681777226\n|move|p2b: Murkrow|Taunt|p1a: Tauros\n|-start|p1a: Tauros|move: Taunt\n|move|p1a: Tauros|Close Combat|p2a: Garchomp\n|-damage|p2a: Garchomp|1\/100\n|-unboost|p1a: Tauros|def|1\n|-unboost|p1a: Tauros|spd|1\n|-damage|p1a: Tauros|28\/100|[from] ability: Rough Skin|[of] p2a: Garchomp\n|move|p1b: Chi-Yu|Heat Wave|p2a: Garchomp|[spread] p2a\n|-miss|p1b: Chi-Yu|p2b: Murkrow\n|-resisted|p2a: Garchomp\n|-damage|p2a: Garchomp|0 fnt\n|faint|p2a: Garchomp\n|\n|-sideend|p1: paradoxarena|move: Tailwind\n|upkeep\n|\n|t:|1681777238\n|switch|p2a: Orthworm|Orthworm, L50, F|100\/100\n|turn|5\n|\n|t:|1681777256\n|move|p2b: Murkrow|Quash|p1a: Tauros\n|-activate|p1a: Tauros|move: Quash\n|move|p2a: Orthworm|Body Press|p1b: Chi-Yu\n|-supereffective|p1b: Chi-Yu\n|-damage|p1b: Chi-Yu|0 fnt\n|faint|p1b: Chi-Yu\n|move|p1a: Tauros|Close Combat|p2a: Orthworm\n|-supereffective|p2a: Orthworm\n|-damage|p2a: Orthworm|28\/100\n|-unboost|p1a: Tauros|def|1\n|-unboost|p1a: Tauros|spd|1\n|-enditem|p2a: Orthworm|Sitrus Berry|[eat]\n|-heal|p2a: Orthworm|53\/100|[from] item: Sitrus Berry\n|\n|upkeep\n|\n|t:|1681777268\n|switch|p1b: Baxcalibur|Baxcalibur, L50, M|100\/100\n|-status|p1b: Baxcalibur|psn\n|turn|6\n|\n|t:|1681777297\n|-terastallize|p1b: Baxcalibur|Poison\n|move|p2b: Murkrow|Quash|p1b: Baxcalibur\n|-activate|p1b: Baxcalibur|move: Quash\n|move|p2a: Orthworm|Body Press|p1a: Tauros\n|-damage|p1a: Tauros|0 fnt\n|faint|p1a: Tauros\n|move|p1b: Baxcalibur|Ice Shard|p2b: Murkrow\n|-supereffective|p2b: Murkrow\n|-damage|p2b: Murkrow|0 fnt\n|faint|p2b: Murkrow\n|\n|-damage|p1b: Baxcalibur|88\/100 psn|[from] psn\n|-sideend|p2: kingjdjdjd|move: Tailwind\n|upkeep\n|turn|7\n|\n|t:|1681777316\n|move|p1b: Baxcalibur|Icicle Spear|p2a: Orthworm\n|-resisted|p2a: Orthworm\n|-damage|p2a: Orthworm|49\/100\n|-resisted|p2a: Orthworm\n|-damage|p2a: Orthworm|43\/100\n|-resisted|p2a: Orthworm\n|-damage|p2a: Orthworm|39\/100\n|-resisted|p2a: Orthworm\n|-damage|p2a: Orthworm|34\/100\n|-hitcount|p2a: Orthworm|4\n|move|p2a: Orthworm|Iron Tail|p1b: Baxcalibur\n|-damage|p1b: Baxcalibur|53\/100 psn\n|\n|-damage|p1b: Baxcalibur|41\/100 psn|[from] psn\n|upkeep\n|turn|8\n|\n|t:|1681777329\n|move|p1b: Baxcalibur|Icicle Spear|p2a: Orthworm\n|-resisted|p2a: Orthworm\n|-damage|p2a: Orthworm|29\/100\n|-resisted|p2a: Orthworm\n|-damage|p2a: Orthworm|25\/100\n|-resisted|p2a: Orthworm\n|-damage|p2a: Orthworm|20\/100\n|-resisted|p2a: Orthworm\n|-damage|p2a: Orthworm|15\/100\n|-resisted|p2a: Orthworm\n|-damage|p2a: Orthworm|10\/100\n|-hitcount|p2a: Orthworm|5\n|move|p2a: Orthworm|Iron Tail|p1b: Baxcalibur\n|-damage|p1b: Baxcalibur|8\/100 psn\n|\n|-damage|p1b: Baxcalibur|0 fnt|[from] psn\n|faint|p1b: Baxcalibur\n|\n|win|kingjdjdjd\n|upkeep\n|raw|paradoxarena's rating: 1109 → 1088<\/strong> (-21 for losing)\n|raw|kingjdjdjd's rating: 1165 → 1186<\/strong> (+21 for winning)\n|c|\u2606kingjdjdjd|GG\n|c|\u2606paradoxarena|gg\n|l|\u2606paradoxarena\n","uploadtime":1681777446,"views":11,"p1id":"paradoxarena","p2id":"kingjdjdjd","formatid":"gen9vgc2023regulationc","rating":1088,"private":0,"password":""}