{"id":"gen9vgc2023regulationc-1845184170","p1":"DoctorCaliente","p2":"Flakzin","format":"[Gen 9] VGC 2023 Regulation C","log":"|j|\u2606DoctorCaliente\n|j|\u2606Flakzin\n|t:|1681693629\n|gametype|doubles\n|player|p1|DoctorCaliente|pokemonrangerf|\n|player|p2|Flakzin|unknown|\n|teamsize|p1|6\n|teamsize|p2|6\n|gen|9\n|tier|[Gen 9] VGC 2023 Regulation C\n|rule|Species Clause: Limit one of each Pok\u00e9mon\n|rule|Item Clause: Limit one of each item\n|clearpoke\n|poke|p1|Chi-Yu, L50|\n|poke|p1|Iron Bundle, L50|\n|poke|p1|Chien-Pao, L50|\n|poke|p1|Dragonite, L50, M|\n|poke|p1|Gholdengo, L50|\n|poke|p1|Amoonguss, L50, F|\n|poke|p2|Talonflame, L50, F|\n|poke|p2|Flutter Mane, L50|\n|poke|p2|Great Tusk, L50|\n|poke|p2|Iron Bundle, L50|\n|poke|p2|Brute Bonnet, L50|\n|poke|p2|Baxcalibur, L50, M|\n|teampreview|4\nDoctorCaliente has agreed to open team sheets.\nFlakzin has agreed to open team sheets.\n|\n|t:|1681693693\n|start\n|switch|p1a: Iron Bonkle|Iron Bundle, L50|100\/100\n|switch|p1b: Bonkonite|Dragonite, L50, M|100\/100\n|switch|p2a: Iron Bundle|Iron Bundle, L50|100\/100\n|switch|p2b: Talonflame|Talonflame, L50, F|100\/100\n|-enditem|p2a: Iron Bundle|Booster Energy\n|-activate|p2a: Iron Bundle|ability: Quark Drive|[fromitem]\n|-start|p2a: Iron Bundle|quarkdrivespe\n|-enditem|p1a: Iron Bonkle|Booster Energy\n|-activate|p1a: Iron Bonkle|ability: Quark Drive|[fromitem]\n|-start|p1a: Iron Bonkle|quarkdrivespe\n|turn|1\n|\n|t:|1681693740\n|-end|p1a: Iron Bonkle|Quark Drive|[silent]\n|switch|p1a: Chien-Bonk|Chien-Pao, L50|100\/100\n|-ability|p1a: Chien-Bonk|Sword of Ruin\n|-terastallize|p2b: Talonflame|Ghost\n|-terastallize|p1b: Bonkonite|Flying\n|move|p2b: Talonflame|Tailwind|p2b: Talonflame\n|-sidestart|p2: Flakzin|move: Tailwind\n|move|p2a: Iron Bundle|Freeze-Dry|p1b: Bonkonite\n|-supereffective|p1b: Bonkonite\n|-damage|p1b: Bonkonite|80\/100\n|move|p1b: Bonkonite|Rock Slide|p2a: Iron Bundle|[spread] p2a,p2b\n|-supereffective|p2a: Iron Bundle\n|-damage|p2a: Iron Bundle|28\/100\n|-damage|p2b: Talonflame|60\/100\n|\n|upkeep\n|turn|2\n|\n|t:|1681693787\n|move|p1b: Bonkonite|Extreme Speed|p2a: Iron Bundle\n|-damage|p2a: Iron Bundle|0 fnt\n|faint|p2a: Iron Bundle\n|-end|p2a: Iron Bundle|Quark Drive|[silent]\n|move|p1a: Chien-Bonk|Sucker Punch||[still]\n|-fail|p1a: Chien-Bonk\n|move|p2b: Talonflame|Will-O-Wisp|p1b: Bonkonite\n|-status|p1b: Bonkonite|brn\n|\n|-damage|p1b: Bonkonite|74\/100 brn|[from] brn\n|upkeep\n|\n|t:|1681693817\n|switch|p2a: Great Tusk|Great Tusk, L50|100\/100\n|turn|3\n|\n|t:|1681693827\n|switch|p2b: Baxcalibur|Baxcalibur, L50, M|100\/100\n|move|p1a: Chien-Bonk|Protect|p1a: Chien-Bonk\n|-singleturn|p1a: Chien-Bonk|Protect\n|move|p2a: Great Tusk|Close Combat|p1a: Chien-Bonk\n|-activate|p1a: Chien-Bonk|move: Protect\n|move|p1b: Bonkonite|Tera Blast|p2a: Great Tusk\n|-supereffective|p2a: Great Tusk\n|-damage|p2a: Great Tusk|43\/100\n|\n|-damage|p1b: Bonkonite|68\/100 brn|[from] brn\n|upkeep\n|turn|4\n|\n|t:|1681693847\n|move|p2a: Great Tusk|Close Combat|p1a: Chien-Bonk\n|-supereffective|p1a: Chien-Bonk\n|-enditem|p1a: Chien-Bonk|Focus Sash\n|-damage|p1a: Chien-Bonk|1\/100\n|-unboost|p2a: Great Tusk|def|1\n|-unboost|p2a: Great Tusk|spd|1\n|move|p2b: Baxcalibur|Icicle Crash|p1b: Bonkonite\n|-supereffective|p1b: Bonkonite\n|-damage|p1b: Bonkonite|0 fnt\n|faint|p1b: Bonkonite\n|move|p1a: Chien-Bonk|Sacred Sword|p2b: Baxcalibur\n|-supereffective|p2b: Baxcalibur\n|-damage|p2b: Baxcalibur|28\/100\n|\n|-sideend|p2: Flakzin|move: Tailwind\n|upkeep\n|\n|t:|1681693873\n|switch|p1b: Bonk-Yu|Chi-Yu, L50|100\/100\n|-ability|p1b: Bonk-Yu|Beads of Ruin\n|turn|5\n|\n|t:|1681693892\n|move|p1a: Chien-Bonk|Sucker Punch|p2b: Baxcalibur\n|-damage|p2b: Baxcalibur|0 fnt\n|faint|p2b: Baxcalibur\n|move|p1b: Bonk-Yu|Heat Wave|p2a: Great Tusk\n|-damage|p2a: Great Tusk|0 fnt\n|faint|p2a: Great Tusk\n|-end|p2a: Great Tusk|Protosynthesis|[silent]\n|\n|upkeep\n|\n|t:|1681693898\n|switch|p2b: Talonflame|Talonflame, L50, F, tera:Ghost|60\/100\n|turn|6\n|\n|t:|1681693906\n|move|p1a: Chien-Bonk|Sucker Punch|p2b: Talonflame\n|-supereffective|p2b: Talonflame\n|-damage|p2b: Talonflame|0 fnt\n|faint|p2b: Talonflame\n|\n|win|DoctorCaliente\n","uploadtime":1681693940,"views":11,"p1id":"doctorcaliente","p2id":"flakzin","formatid":"gen9vgc2023regulationc","rating":0,"private":0,"password":""}