{"id":"gen9vgc2023regulationc-1852340422","p1":"WillieDangerously","p2":"inertiac","format":"[Gen 9] VGC 2023 Regulation C","log":"|j|\u2606WillieDangerously\n|j|\u2606inertiac\n|t:|1682545842\n|gametype|doubles\n|player|p1|WillieDangerously|psychic-gen4|1367\n|player|p2|inertiac|1|1275\n|teamsize|p1|6\n|teamsize|p2|6\n|gen|9\n|tier|[Gen 9] VGC 2023 Regulation C\n|rated|\n|rule|Species Clause: Limit one of each Pok\u00e9mon\n|rule|Item Clause: Limit one of each item\n|clearpoke\n|poke|p1|Espathra, L50, M|\n|poke|p1|Iron Bundle, L50|\n|poke|p1|Iron Valiant, L50|\n|poke|p1|Salamence, L50, M|\n|poke|p1|Scizor, L50, M|\n|poke|p1|Sandy Shocks, L50|\n|poke|p2|Maushold, L50|\n|poke|p2|Gholdengo, L50|\n|poke|p2|Annihilape, L50, M|\n|poke|p2|Arcanine, L50, F|\n|poke|p2|Iron Bundle, L50|\n|poke|p2|Roaring Moon, L50|\n|teampreview|4\n|inactive|Battle timer is ON: inactive players will automatically lose when time's up. (requested by inertiac)\n|inactive|WillieDangerously has 60 seconds left.\n|inactive|inertiac has 60 seconds left.\n|inactive|WillieDangerously has 30 seconds left.\n|inactive|WillieDangerously has 20 seconds left.\n|inactive|WillieDangerously has 15 seconds left.\n|inactive|WillieDangerously has 10 seconds left.\n|\n|t:|1682545930\n|start\n|switch|p1a: Sandy Shocks|Sandy Shocks, L50|100\/100\n|switch|p1b: Espathra|Espathra, L50, M|100\/100\n|switch|p2a: Roaring Moon|Roaring Moon, L50, shiny|100\/100\n|switch|p2b: Arcanine|Arcanine, L50, F|100\/100\n|-ability|p2b: Arcanine|Intimidate|boost\n|-unboost|p1a: Sandy Shocks|atk|1\n|-unboost|p1b: Espathra|atk|1\n|-enditem|p2a: Roaring Moon|Booster Energy\n|-activate|p2a: Roaring Moon|ability: Protosynthesis|[fromitem]\n|-start|p2a: Roaring Moon|protosynthesisspe\n|-enditem|p1a: Sandy Shocks|Booster Energy\n|-activate|p1a: Sandy Shocks|ability: Protosynthesis|[fromitem]\n|-start|p1a: Sandy Shocks|protosynthesisspe\n|turn|1\n|inactive|WillieDangerously has 30 seconds left.\n|inactive|WillieDangerously has 20 seconds left.\n|\n|t:|1682545967\n|switch|p2b: Gholdengo|Gholdengo, L50|100\/100\n|move|p2a: Roaring Moon|Tailwind|p2a: Roaring Moon\n|-sidestart|p2: inertiac|move: Tailwind\n|move|p1a: Sandy Shocks|Gravity|p1a: Sandy Shocks\n|-fieldstart|move: Gravity\n|move|p1b: Espathra|Hypnosis|p2b: Gholdengo\n|-immune|p2b: Gholdengo|[from] ability: Good as Gold\n|\n|-ability|p1b: Espathra|Speed Boost|boost\n|-boost|p1b: Espathra|spe|1\n|upkeep\n|turn|2\n|inactive|inertiac has 30 seconds left.\n|\n|t:|1682545997\n|-terastallize|p1b: Espathra|Dark\n|-terastallize|p2b: Gholdengo|Water\n|move|p2a: Roaring Moon|Acrobatics|p1b: Espathra\n|-damage|p1b: Espathra|38\/100\n|move|p1b: Espathra|Lumina Crash|p2b: Gholdengo\n|-damage|p2b: Gholdengo|62\/100\n|-unboost|p2b: Gholdengo|spd|2\n|move|p1a: Sandy Shocks|Earth Power|p2b: Gholdengo\n|-damage|p2b: Gholdengo|0 fnt\n|faint|p2b: Gholdengo\n|\n|-ability|p1b: Espathra|Speed Boost|boost\n|-boost|p1b: Espathra|spe|1\n|upkeep\n|\n|t:|1682546010\n|switch|p2b: Arcanine|Arcanine, L50, F|100\/100\n|-ability|p2b: Arcanine|Intimidate|boost\n|-unboost|p1a: Sandy Shocks|atk|1\n|-unboost|p1b: Espathra|atk|1\n|turn|3\n|\n|t:|1682546025\n|move|p1b: Espathra|Protect|p1b: Espathra\n|-singleturn|p1b: Espathra|Protect\n|move|p2a: Roaring Moon|Acrobatics|p1a: Sandy Shocks\n|-resisted|p1a: Sandy Shocks\n|-damage|p1a: Sandy Shocks|80\/100\n|move|p1a: Sandy Shocks|Earth Power|p2b: Arcanine\n|-supereffective|p2b: Arcanine\n|-damage|p2b: Arcanine|38\/100\n|move|p2b: Arcanine|Close Combat|p1b: Espathra\n|-activate|p1b: Espathra|move: Protect\n|\n|-ability|p1b: Espathra|Speed Boost|boost\n|-boost|p1b: Espathra|spe|1\n|upkeep\n|turn|4\n|\n|t:|1682546048\n|move|p2a: Roaring Moon|Acrobatics|p1b: Espathra\n|-damage|p1b: Espathra|0 fnt\n|faint|p1b: Espathra\n|move|p1a: Sandy Shocks|Earth Power|p2b: Arcanine\n|-supereffective|p2b: Arcanine\n|-damage|p2b: Arcanine|0 fnt\n|faint|p2b: Arcanine\n|\n|-sideend|p2: inertiac|move: Tailwind\n|upkeep\n|\n|t:|1682546059\n|switch|p1b: Salamence|Salamence, L50, M|100\/100\n|switch|p2b: Maushold|Maushold, L50|100\/100\n|turn|5\n|\n|t:|1682546073\n|move|p2a: Roaring Moon|Protect|p2a: Roaring Moon\n|-singleturn|p2a: Roaring Moon|Protect\n|move|p1a: Sandy Shocks|Thunder|p2b: Maushold\n|-damage|p2b: Maushold|41\/100\n|move|p1b: Salamence|Dragon Rush|p2a: Roaring Moon\n|-activate|p2a: Roaring Moon|move: Protect\n|move|p2b: Maushold|Super Fang|p1b: Salamence\n|-damage|p1b: Salamence|50\/100\n|\n|-fieldend|move: Gravity\n|upkeep\n|turn|6\n|\n|t:|1682546092\n|move|p2a: Roaring Moon|Breaking Swipe|p1b: Salamence|[spread] p1a,p1b\n|-supereffective|p1b: Salamence\n|-damage|p1a: Sandy Shocks|55\/100\n|-damage|p1b: Salamence|0 fnt\n|-unboost|p1a: Sandy Shocks|atk|1\n|faint|p1b: Salamence\n|move|p1a: Sandy Shocks|Gravity|p1a: Sandy Shocks\n|-fieldstart|move: Gravity\n|move|p2b: Maushold|Super Fang|p1a: Sandy Shocks\n|-damage|p1a: Sandy Shocks|28\/100\n|\n|upkeep\n|\n|t:|1682546097\n|switch|p1b: Iron Bundle|Iron Bundle, L50|100\/100\n|turn|7\n|inactive|inertiac has 30 seconds left.\n|\n|t:|1682546123\n|move|p1b: Iron Bundle|Protect|p1b: Iron Bundle\n|-singleturn|p1b: Iron Bundle|Protect\n|move|p2a: Roaring Moon|Acrobatics|p1a: Sandy Shocks\n|-resisted|p1a: Sandy Shocks\n|-damage|p1a: Sandy Shocks|6\/100\n|move|p1a: Sandy Shocks|Thunder|p2b: Maushold\n|-damage|p2b: Maushold|0 fnt\n|faint|p2b: Maushold\n|\n|upkeep\n|turn|8\n|\n|t:|1682546137\n|move|p2a: Roaring Moon|Breaking Swipe|p1a: Sandy Shocks|[spread] p1a,p1b\n|-damage|p1a: Sandy Shocks|0 fnt\n|-damage|p1b: Iron Bundle|70\/100\n|faint|p1a: Sandy Shocks\n|-end|p1a: Sandy Shocks|Protosynthesis|[silent]\n|move|p1b: Iron Bundle|Blizzard|p2a: Roaring Moon\n|-supereffective|p2a: Roaring Moon\n|-damage|p2a: Roaring Moon|0 fnt\n|faint|p2a: Roaring Moon\n|-end|p2a: Roaring Moon|Protosynthesis|[silent]\n|\n|win|WillieDangerously\n|raw|WillieDangerously's rating: 1367 → 1382<\/strong> (+15 for winning)\n|raw|inertiac's rating: 1275 → 1256<\/strong> (-19 for losing)\n|l|\u2606inertiac\n","uploadtime":1682546146,"views":7,"p1id":"williedangerously","p2id":"inertiac","formatid":"gen9vgc2023regulationc","rating":1256,"private":0,"password":""}