{"id":"gen9vgc2023regulationc-1861145932","p1":"smatrangone","p2":"beckybug","format":"[Gen 9] VGC 2023 Regulation C","log":"|j|\u2606smatrangone\n|j|\u2606beckybug\n|t:|1683730592\n|gametype|doubles\n|player|p1|smatrangone|102|1588\n|player|p2|beckybug|rosa|1652\n|teamsize|p1|6\n|teamsize|p2|6\n|gen|9\n|tier|[Gen 9] VGC 2023 Regulation C\n|rated|\n|rule|Species Clause: Limit one of each Pok\u00e9mon\n|rule|Item Clause: Limit one of each item\n|clearpoke\n|poke|p1|Annihilape, L50, M|\n|poke|p1|Maushold, L50|\n|poke|p1|Flutter Mane, L50|\n|poke|p1|Tyranitar, L50, M|\n|poke|p1|Lycanroc, L50, F|\n|poke|p1|Chi-Yu, L50|\n|poke|p2|Iron Bundle, L50|\n|poke|p2|Chi-Yu, L50|\n|poke|p2|Lycanroc, L50, F|\n|poke|p2|Tyranitar, L50, M|\n|poke|p2|Indeedee-F, L50, F|\n|poke|p2|Armarouge, L50, F|\n|teampreview|4\n|j| veecd2\n|\n|t:|1683730656\n|start\n|switch|p1a: Tyranitar|Tyranitar, L50, M|100\/100\n|switch|p1b: Lycanroc|Lycanroc, L50, F|100\/100\n|switch|p2a: Lycanroc|Lycanroc, L50, F|100\/100\n|switch|p2b: Tyranitar|Tyranitar, L50, M|100\/100\n|-weather|Sandstorm|[from] ability: Sand Stream|[of] p2b: Tyranitar\n|turn|1\n|\n|t:|1683730698\n|-terastallize|p2b: Tyranitar|Flying\n|-terastallize|p1a: Tyranitar|Flying\n|move|p1b: Lycanroc|Rock Slide|p2b: Tyranitar|[spread] p2a,p2b\n|-supereffective|p2b: Tyranitar\n|-damage|p2a: Lycanroc|55\/100\n|-damage|p2b: Tyranitar|59\/100\n|move|p2a: Lycanroc|Rock Slide|p1b: Lycanroc|[spread] \n|-miss|p2a: Lycanroc|p1a: Tyranitar\n|-miss|p2a: Lycanroc|p1b: Lycanroc\n|move|p2b: Tyranitar|Low Kick|p1b: Lycanroc\n|-supereffective|p1b: Lycanroc\n|-damage|p1b: Lycanroc|25\/100\n|move|p1a: Tyranitar|Rock Slide|p2a: Lycanroc|[spread] p2a,p2b\n|-supereffective|p2b: Tyranitar\n|-damage|p2a: Lycanroc|6\/100\n|-damage|p2b: Tyranitar|4\/100\n|\n|-weather|Sandstorm|[upkeep]\n|-damage|p2b: Tyranitar|0 fnt|[from] Sandstorm\n|-damage|p1a: Tyranitar|95\/100|[from] Sandstorm\n|faint|p2b: Tyranitar\n|upkeep\n|\n|t:|1683730716\n|switch|p2b: Iron Bundle|Iron Bundle, L50|100\/100\n|-enditem|p2b: Iron Bundle|Booster Energy\n|-activate|p2b: Iron Bundle|ability: Quark Drive|[fromitem]\n|-start|p2b: Iron Bundle|quarkdrivespe\n|turn|2\n|c|\u2606smatrangone|that was unlucky\n|\n|t:|1683730757\n|move|p1b: Lycanroc|Protect|p1b: Lycanroc\n|-singleturn|p1b: Lycanroc|Protect\n|move|p2a: Lycanroc|Rock Slide|p1b: Lycanroc|[spread] p1a\n|-activate|p1b: Lycanroc|move: Protect\n|-supereffective|p1a: Tyranitar\n|-crit|p1a: Tyranitar\n|-damage|p1a: Tyranitar|28\/100\n|move|p2b: Iron Bundle|Freeze-Dry|p1a: Tyranitar\n|-supereffective|p1a: Tyranitar\n|-damage|p1a: Tyranitar|0 fnt\n|faint|p1a: Tyranitar\n|\n|-weather|Sandstorm|[upkeep]\n|-damage|p2b: Iron Bundle|95\/100|[from] Sandstorm\n|upkeep\n|\n|t:|1683730771\n|switch|p1a: Annihilape|Annihilape, L50, M|100\/100\n|turn|3\n|\n|t:|1683730786\n|move|p1b: Lycanroc|Accelerock|p2a: Lycanroc\n|-damage|p2a: Lycanroc|0 fnt\n|faint|p2a: Lycanroc\n|move|p2b: Iron Bundle|Freeze-Dry|p1a: Annihilape\n|-damage|p1a: Annihilape|73\/100\n|move|p1a: Annihilape|Drain Punch|p2b: Iron Bundle\n|-supereffective|p2b: Iron Bundle\n|-damage|p2b: Iron Bundle|26\/100\n|-heal|p1a: Annihilape|97\/100|[from] drain|[of] p2b: Iron Bundle\n|\n|-weather|Sandstorm|[upkeep]\n|-damage|p2b: Iron Bundle|21\/100|[from] Sandstorm\n|-damage|p1a: Annihilape|90\/100|[from] Sandstorm\n|-heal|p1a: Annihilape|97\/100|[from] item: Leftovers\n|upkeep\n|\n|t:|1683730798\n|switch|p2a: Indeedee|Indeedee-F, L50, F|100\/100\n|-fieldstart|move: Psychic Terrain|[from] ability: Psychic Surge|[of] p2a: Indeedee\n|-enditem|p2a: Indeedee|Psychic Seed\n|-boost|p2a: Indeedee|spd|1|[from] item: Psychic Seed\n|turn|4\n|\n|t:|1683730812\n|move|p2b: Iron Bundle|Protect|p2b: Iron Bundle\n|-singleturn|p2b: Iron Bundle|Protect\n|move|p1b: Lycanroc|Rock Slide|p2b: Iron Bundle|[spread] p2a\n|-activate|p2b: Iron Bundle|move: Protect\n|-damage|p2a: Indeedee|73\/100\n|move|p1a: Annihilape|Drain Punch|p2a: Indeedee\n|-damage|p2a: Indeedee|42\/100\n|-heal|p1a: Annihilape|100\/100|[from] drain|[of] p2a: Indeedee\n|move|p2a: Indeedee|Psychic|p1b: Lycanroc\n|-damage|p1b: Lycanroc|0 fnt\n|faint|p1b: Lycanroc\n|\n|-weather|Sandstorm|[upkeep]\n|-damage|p2b: Iron Bundle|15\/100|[from] Sandstorm\n|-damage|p1a: Annihilape|94\/100|[from] Sandstorm\n|-damage|p2a: Indeedee|36\/100|[from] Sandstorm\n|-heal|p1a: Annihilape|100\/100|[from] item: Leftovers\n|upkeep\n|\n|t:|1683730824\n|switch|p1b: Chi-Yu|Chi-Yu, L50|100\/100\n|-ability|p1b: Chi-Yu|Beads of Ruin\n|turn|5\n|l| veecd2\n|j| Tane_224\n|j| Rabbihorn\n|\n|t:|1683730858\n|move|p2b: Iron Bundle|Freeze-Dry|p1b: Chi-Yu\n|-resisted|p1b: Chi-Yu\n|-damage|p1b: Chi-Yu|82\/100\n|move|p1b: Chi-Yu|Dark Pulse|p2b: Iron Bundle\n|-damage|p2b: Iron Bundle|0 fnt\n|faint|p2b: Iron Bundle\n|-end|p2b: Iron Bundle|Quark Drive|[silent]\n|move|p1a: Annihilape|Drain Punch|p2a: Indeedee\n|-damage|p2a: Indeedee|7\/100\n|move|p2a: Indeedee|Psychic|p1a: Annihilape\n|-supereffective|p1a: Annihilape\n|-damage|p1a: Annihilape|27\/100\n|-unboost|p1a: Annihilape|spd|1\n|-ability|p1a: Annihilape|Defiant|boost\n|-boost|p1a: Annihilape|atk|2\n|\n|-weather|none\n|-heal|p1a: Annihilape|34\/100|[from] item: Leftovers\n|upkeep\n|turn|6\n|-message|beckybug forfeited.\n|\n|win|smatrangone\n|raw|smatrangone's rating: 1588 → 1612<\/strong> (+24 for winning)\n|raw|beckybug's rating: 1652 → 1628<\/strong> (-24 for losing)\n|l|\u2606beckybug\n|l|\u2606smatrangone\n|l| Tane_224\n|l| Rabbihorn\n","uploadtime":1683732185,"views":7,"p1id":"smatrangone","p2id":"beckybug","formatid":"gen9vgc2023regulationc","rating":1612,"private":0,"password":""}