{"id":"gen9vgc2023regulationc-1852310582","p1":"Piff92","p2":"escpd","format":"[Gen 9] VGC 2023 Regulation C","log":"|j|\u2606Piff92\n|j|\u2606escpd\n|t:|1682542617\n|gametype|doubles\n|player|p1|Piff92|170|1233\n|player|p2|escpd|candice|1261\n|teamsize|p1|6\n|teamsize|p2|6\n|gen|9\n|tier|[Gen 9] VGC 2023 Regulation C\n|rated|\n|rule|Species Clause: Limit one of each Pok\u00e9mon\n|rule|Item Clause: Limit one of each item\n|clearpoke\n|poke|p1|Lycanroc-Midnight, L50, M|\n|poke|p1|Medicham, L50, F|\n|poke|p1|Mimikyu, L50, M|\n|poke|p1|Dondozo, L50, M|\n|poke|p1|Tatsugiri-Stretchy, L50, F|\n|poke|p1|Ting-Lu, L50|\n|poke|p2|Farigiraf, L50, M|\n|poke|p2|Annihilape, L50, F|\n|poke|p2|Kingambit, L50, F|\n|poke|p2|Clawitzer, L50, F|\n|poke|p2|Dragalge, L50, F|\n|poke|p2|Dondozo, L50, F|\n|teampreview|4\nescpd has agreed to open team sheets.\n|inactive|Battle timer is ON: inactive players will automatically lose when time's up. (requested by escpd)\n|inactive|Piff92 has 60 seconds left.\n|\n|t:|1682542710\n|start\n|switch|p1a: Lycanroc|Lycanroc-Midnight, L50, M|100\/100\n|switch|p1b: Medicham|Medicham, L50, F|100\/100\n|switch|p2a: Farigiraf|Farigiraf, L50, M|100\/100\n|switch|p2b: Annihilape|Annihilape, L50, F|100\/100\n|turn|1\n|inactive|Piff92 has 30 seconds left.\n|inactive|Piff92 has 20 seconds left.\n|inactive|Piff92 has 15 seconds left.\n|\n|t:|1682542750\n|move|p2b: Annihilape|Protect|p2b: Annihilape\n|-singleturn|p2b: Annihilape|Protect\n|move|p1b: Medicham|Close Combat|p2a: Farigiraf\n|-damage|p2a: Farigiraf|15\/100\n|-unboost|p1b: Medicham|def|1\n|-unboost|p1b: Medicham|spd|1\n|move|p1a: Lycanroc|Stone Edge|p2a: Farigiraf\n|-crit|p2a: Farigiraf\n|-damage|p2a: Farigiraf|0 fnt\n|faint|p2a: Farigiraf\n|\n|upkeep\n|\n|t:|1682542770\n|switch|p2a: Dondozo|Dondozo, L50, F|100\/100\n|turn|2\n|inactive|Piff92 has 30 seconds left.\n|inactive|Piff92 has 20 seconds left.\n|\n|t:|1682542808\n|move|p1b: Medicham|Skill Swap|p1a: Lycanroc\n|-activate|p1b: Medicham|move: Skill Swap|||[of] p1a: Lycanroc\n|move|p1a: Lycanroc|Stone Edge|p2a: Dondozo\n|-crit|p2a: Dondozo\n|-damage|p2a: Dondozo|22\/100\n|-enditem|p2a: Dondozo|Sitrus Berry|[eat]\n|-heal|p2a: Dondozo|47\/100|[from] item: Sitrus Berry\n|move|p2b: Annihilape|Drain Punch|p1a: Lycanroc\n|-supereffective|p1a: Lycanroc\n|-damage|p1a: Lycanroc|0 fnt\n|faint|p1a: Lycanroc\n|move|p2a: Dondozo|Curse|p2a: Dondozo\n|-unboost|p2a: Dondozo|spe|1\n|-boost|p2a: Dondozo|atk|1\n|-boost|p2a: Dondozo|def|1\n|\n|upkeep\n|\n|t:|1682542828\n|switch|p1a: Dondozo|Dondozo, L50, M|100\/100\n|turn|3\n|\n|t:|1682542850\n|move|p1b: Medicham|Skill Swap|p1a: Dondozo\n|-activate|p1b: Medicham|move: Skill Swap|||[of] p1a: Dondozo\n|move|p1a: Dondozo|Fissure|p2b: Annihilape\n|-damage|p2b: Annihilape|0 fnt\n|faint|p2b: Annihilape\n|-ohko\n|move|p2a: Dondozo|Tera Blast|p1b: Medicham\n|-damage|p1b: Medicham|77\/100\n|\n|upkeep\n|\n|t:|1682542858\n|switch|p2b: Dragalge|Dragalge, L50, F|100\/100\n|turn|4\n|\n|t:|1682542877\n|move|p1b: Medicham|Close Combat|p2a: Dondozo\n|-damage|p2a: Dondozo|28\/100\n|-unboost|p1b: Medicham|def|1\n|-unboost|p1b: Medicham|spd|1\n|move|p1a: Dondozo|Fissure|p2b: Dragalge\n|-damage|p2b: Dragalge|0 fnt\n|faint|p2b: Dragalge\n|-ohko\n|move|p2a: Dondozo|Zen Headbutt|p1b: Medicham\n|-damage|p1b: Medicham|45\/100\n|\n|upkeep\n|turn|5\n|-message|escpd forfeited.\n|\n|win|Piff92\n|raw|Piff92's rating: 1233 → 1260<\/strong> (+27 for winning)\n|raw|escpd's rating: 1261 → 1234<\/strong> (-27 for losing)\n|l|\u2606escpd\n","uploadtime":1682542896,"views":9,"p1id":"piff92","p2id":"escpd","formatid":"gen9vgc2023regulationc","rating":1234,"private":0,"password":""}